,time,price,change,volume,amount,type
0,15:00:00,10.25,--,0,0,买盘
1,15:00:00,10.25,--,0,0,买盘
2,14:59:57,10.25,--,53,54325,买盘
3,14:59:51,10.25,0.01,102,104970,买盘
4,14:59:42,10.24,-0.01,80,81920,卖盘
5,14:59:36,10.25,--,52,53300,买盘
6,14:59:27,10.25,0.01,7,7175,买盘
7,14:59:21,10.24,-0.02,84,86016,卖盘
8,14:59:16,10.26,0.02,1000,1026000,买盘
9,14:59:12,10.24,-0.01,24,24576,卖盘
10,14:59:06,10.25,--,12,12300,卖盘
11,14:59:01,10.25,--,48,49200,卖盘
12,14:58:57,10.25,0.01,955,979777,买盘
13,14:58:51,10.24,--,18,18841,卖盘
14,14:58:46,10.24,--,129,132096,卖盘
15,14:58:42,10.24,--,100,103014,买盘
16,14:58:36,10.24,--,13,13312,买盘
17,14:58:31,10.24,--,1,1024,买盘
18,14:58:21,10.24,--,245,251289,卖盘
19,14:58:16,10.24,0.01,597,611942,买盘
20,14:58:06,10.23,--,33,33759,卖盘
21,14:58:01,10.23,-0.01,103,105501,卖盘
22,14:57:56,10.24,0.01,20,20480,买盘
23,14:57:51,10.23,--,90,92070,卖盘
24,14:57:46,10.23,-0.01,68,69564,卖盘
25,14:57:36,10.24,0.01,3,3072,买盘
26,14:57:31,10.23,-0.02,144,147721,卖盘
27,14:57:21,10.25,0.02,1022,1048165,买盘
28,14:57:16,10.23,-0.01,190,194370,卖盘
29,14:57:11,10.24,0.01,10,10240,买盘
30,14:57:06,10.23,-0.01,30,30690,卖盘
31,14:57:01,10.24,--,266,272384,买盘
32,14:56:46,10.24,0.01,171,175104,买盘
33,14:56:31,10.23,-0.01,101,104335,卖盘
34,14:56:26,10.24,--,7,7168,买盘
35,14:56:21,10.24,0.01,265,271759,买盘
36,14:56:16,10.23,-0.01,143,146289,卖盘
37,14:56:06,10.24,0.01,263,269312,买盘
38,14:56:01,10.23,--,101,103404,卖盘
39,14:55:56,10.23,--,9,9207,卖盘
40,14:55:51,10.23,--,81,82863,卖盘
41,14:55:41,10.23,--,47,48827,卖盘
42,14:55:36,10.23,--,162,165726,卖盘
43,14:55:31,10.23,--,244,249612,卖盘
44,14:55:26,10.23,--,22,22506,卖盘
45,14:55:21,10.23,-0.01,153,156917,卖盘
46,14:55:16,10.24,0.01,80,81920,买盘
47,14:55:11,10.23,--,6,6138,卖盘
48,14:55:06,10.23,--,89,91047,卖盘
49,14:55:01,10.23,--,18,18414,卖盘
50,14:54:51,10.23,--,6,6138,卖盘
51,14:54:46,10.23,--,132,135721,卖盘
52,14:54:41,10.23,--,49,50127,卖盘
53,14:54:36,10.23,-0.01,76,77748,卖盘
54,14:54:31,10.24,--,184,188416,卖盘
55,14:54:21,10.24,-0.01,38,38912,卖盘
56,14:54:16,10.25,0.01,12,12300,买盘
57,14:54:10,10.24,-0.01,328,335872,卖盘
58,14:54:06,10.25,0.01,381,390525,买盘
59,14:53:55,10.24,-0.01,5,5120,卖盘
60,14:53:51,10.25,--,8,8200,买盘
61,14:53:45,10.25,0.02,315,322875,买盘
62,14:53:40,10.23,-0.01,473,483879,卖盘
63,14:53:36,10.24,--,5,5120,卖盘
64,14:53:30,10.24,-0.01,20,20480,卖盘
65,14:53:25,10.25,--,0,0,买盘
66,14:53:21,10.25,--,34,34850,买盘
67,14:53:15,10.25,0.02,504,516600,买盘
68,14:53:06,10.23,-0.01,546,558762,卖盘
69,14:52:55,10.24,--,0,0,中性盘
70,14:52:51,10.24,--,0,0,卖盘
71,14:52:45,10.24,0.01,196,201451,买盘
72,14:52:36,10.23,-0.01,607,620961,卖盘
73,14:52:15,10.24,--,51,52224,买盘
74,14:52:00,10.24,--,16,16384,买盘
75,14:51:51,10.24,--,5,5120,买盘
76,14:51:36,10.24,--,5,5120,买盘
77,14:51:30,10.24,0.01,193,197632,买盘
78,14:51:25,10.23,-0.01,7,7161,卖盘
79,14:51:21,10.24,0.01,240,245760,买盘
80,14:51:15,10.23,--,29,29667,卖盘
81,14:51:10,10.23,--,99,101277,卖盘
82,14:50:55,10.23,--,97,99231,卖盘
83,14:50:51,10.23,-0.01,9,9207,卖盘
84,14:50:36,10.24,0.01,5,5120,买盘
85,14:50:30,10.23,--,2,2046,卖盘
86,14:50:25,10.23,--,197,201531,卖盘
87,14:50:20,10.23,--,28,28644,卖盘
88,14:50:15,10.23,-0.01,1086,1110978,卖盘
89,14:50:10,10.24,0.01,140,143360,买盘
90,14:50:05,10.23,--,58,59334,卖盘
91,14:50:00,10.23,--,124,127353,卖盘
92,14:49:55,10.23,--,413,422499,卖盘
93,14:49:40,10.23,-0.01,103,105369,卖盘
94,14:49:35,10.24,0.01,23,23552,买盘
95,14:49:25,10.23,--,146,149358,卖盘
96,14:49:20,10.23,--,6,6138,卖盘
97,14:49:10,10.23,--,137,140151,卖盘
98,14:49:05,10.23,--,21,21483,卖盘
99,14:49:00,10.23,-0.01,54,55242,卖盘
100,14:48:55,10.24,--,272,278528,买盘
101,14:48:50,10.24,--,52,53248,买盘
102,14:48:35,10.24,--,21,21780,卖盘
103,14:48:30,10.24,--,97,99328,卖盘
104,14:48:25,10.24,-0.01,56,57344,卖盘
105,14:48:20,10.25,0.01,46,47150,买盘
106,14:48:15,10.24,-0.01,213,218112,卖盘
107,14:48:10,10.25,0.01,40,41000,买盘
108,14:48:05,10.24,--,3,3072,卖盘
109,14:48:00,10.24,--,97,99328,卖盘
110,14:47:45,10.24,--,78,79872,卖盘
111,14:47:40,10.24,--,147,150528,卖盘
112,14:47:35,10.24,-0.01,2,2048,卖盘
113,14:47:25,10.25,0.01,81,83025,买盘
114,14:47:20,10.24,--,97,99328,卖盘
115,14:47:09,10.24,--,7,7168,卖盘
116,14:47:05,10.24,--,2,2048,卖盘
117,14:47:00,10.24,--,503,515686,卖盘
118,14:46:54,10.24,--,13,13312,卖盘
119,14:46:50,10.24,--,20,20480,卖盘
120,14:46:39,10.24,--,125,128000,卖盘
121,14:46:35,10.24,-0.01,3,3072,卖盘
122,14:46:30,10.25,0.01,5,5125,买盘
123,14:46:24,10.24,--,99,101376,卖盘
124,14:46:15,10.24,--,188,192512,卖盘
125,14:46:09,10.24,--,238,243712,卖盘
126,14:46:04,10.24,--,47,48128,卖盘
127,14:46:00,10.24,-0.01,65,67072,卖盘
128,14:45:39,10.25,0.01,68,69700,买盘
129,14:45:34,10.24,--,2,2048,卖盘
130,14:45:15,10.24,-0.01,65,66560,卖盘
131,14:45:09,10.25,--,69,70725,买盘
132,14:45:04,10.25,0.01,168,172200,买盘
133,14:45:00,10.24,--,470,481280,卖盘
134,14:44:54,10.24,-0.01,28,28672,卖盘
135,14:44:49,10.25,0.01,12,13017,买盘
136,14:44:44,10.24,--,34,34816,卖盘
137,14:44:39,10.24,--,265,272066,卖盘
138,14:44:34,10.24,-0.01,49,50176,卖盘
139,14:44:30,10.25,0.01,72,73800,买盘
140,14:44:24,10.24,-0.01,0,122,卖盘
141,14:44:19,10.25,0.01,5,5125,买盘
142,14:44:14,10.24,-0.01,60,62146,卖盘
143,14:44:09,10.25,0.01,16,16400,买盘
144,14:44:04,10.24,-0.01,129,132096,卖盘
145,14:44:00,10.25,--,118,121472,卖盘
146,14:43:49,10.25,--,12,12802,买盘
147,14:43:45,10.25,-0.01,1216,1246922,卖盘
148,14:43:38,10.26,0.01,11,12014,买盘
149,14:43:34,10.25,-0.01,2,2050,卖盘
150,14:43:29,10.26,0.01,66,67716,买盘
151,14:43:24,10.25,--,6,6150,卖盘
152,14:43:09,10.25,--,12,12300,卖盘
153,14:43:04,10.25,--,93,95919,卖盘
154,14:42:54,10.25,0.01,1620,1661299,买盘
155,14:42:44,10.24,--,76,77916,卖盘
156,14:42:39,10.24,--,84,86016,卖盘
157,14:42:34,10.24,--,2,2048,卖盘
158,14:42:29,10.24,-0.01,6,6144,卖盘
159,14:42:24,10.25,--,179,183475,买盘
160,14:42:19,10.25,0.01,17,17425,买盘
161,14:42:14,10.24,-0.01,150,153600,卖盘
162,14:42:08,10.25,0.01,6,6150,买盘
163,14:42:04,10.24,-0.01,65,66560,卖盘
164,14:41:54,10.25,--,17,17425,买盘
165,14:41:38,10.25,--,6,6150,买盘
166,14:41:34,10.25,--,36,36900,买盘
167,14:41:29,10.25,0.01,84,86100,买盘
168,14:41:19,10.24,-0.01,6,6144,卖盘
169,14:41:09,10.25,0.01,6,6150,买盘
170,14:41:04,10.24,0.01,310,318218,买盘
171,14:40:59,10.23,-0.01,110,112530,卖盘
172,14:40:53,10.24,--,34,34816,买盘
173,14:40:49,10.24,--,12,12288,买盘
174,14:40:44,10.24,--,34,34816,买盘
175,14:40:38,10.24,0.01,42,43008,买盘
176,14:40:34,10.23,-0.01,2,2046,卖盘
177,14:40:23,10.24,0.01,3,3072,买盘
178,14:40:08,10.23,--,11,11253,卖盘
179,14:40:02,10.23,--,65,66495,卖盘
180,14:39:54,10.23,--,6,6138,卖盘
181,14:39:47,10.23,-0.01,65,66495,卖盘
182,14:39:38,10.24,0.01,34,34816,买盘
183,14:39:33,10.23,--,8,8184,卖盘
184,14:39:14,10.23,--,2,2046,卖盘
185,14:39:08,10.23,-0.01,14,14322,卖盘
186,14:39:03,10.24,--,109,111616,买盘
187,14:38:54,10.24,--,30,30720,买盘
188,14:38:39,10.24,0.01,6,6144,买盘
189,14:38:33,10.23,-0.01,2,2046,卖盘
190,14:38:28,10.24,0.01,1,1024,买盘
191,14:38:23,10.23,--,500,511500,卖盘
192,14:38:17,10.23,--,6,6138,卖盘
193,14:38:08,10.23,-0.01,2,2046,卖盘
194,14:38:03,10.24,0.01,136,139264,买盘
195,14:37:53,10.23,--,70,71610,卖盘
196,14:37:48,10.23,-0.01,20,20460,卖盘
197,14:37:39,10.24,0.01,81,82964,买盘
198,14:37:32,10.23,--,8,8184,买盘
199,14:37:23,10.23,--,33,33759,买盘
200,14:37:18,10.23,0.01,29,29667,买盘
201,14:37:13,10.22,-0.01,103,106267,卖盘
202,14:37:08,10.23,--,24,24552,卖盘
203,14:37:02,10.23,0.01,116,118688,买盘
204,14:36:53,10.22,-0.01,86,87892,卖盘
205,14:36:47,10.23,--,9,9207,买盘
206,14:36:33,10.23,0.01,8,8184,买盘
207,14:36:23,10.22,-0.01,42,42924,卖盘
208,14:36:13,10.23,--,3,3069,买盘
209,14:36:08,10.23,--,12,13278,卖盘
210,14:36:03,10.23,--,1203,1230669,卖盘
211,14:35:58,10.23,-0.01,10,10230,卖盘
212,14:35:53,10.24,0.01,28,28672,买盘
213,14:35:43,10.23,-0.01,10,10230,卖盘
214,14:35:38,10.24,--,112,114688,买盘
215,14:35:32,10.24,0.01,8,8192,买盘
216,14:35:08,10.23,--,5,5115,卖盘
217,14:35:03,10.23,-0.01,118,120714,卖盘
218,14:34:58,10.24,0.01,28,28672,买盘
219,14:34:38,10.23,--,2,2046,卖盘
220,14:34:32,10.23,--,104,106392,卖盘
221,14:34:28,10.23,--,7,7161,卖盘
222,14:34:13,10.23,-0.01,11,11253,卖盘
223,14:34:03,10.24,0.01,74,75776,买盘
224,14:33:48,10.23,--,6,6138,卖盘
225,14:33:43,10.23,-0.01,21,21708,卖盘
226,14:33:33,10.24,--,82,83968,买盘
227,14:33:27,10.24,0.01,1,1024,买盘
228,14:33:17,10.23,--,100,102300,卖盘
229,14:33:08,10.23,--,22,22506,卖盘
230,14:33:02,10.23,--,103,105369,卖盘
231,14:32:57,10.23,-0.01,6,6138,卖盘
232,14:32:53,10.24,0.01,29,29696,买盘
233,14:32:47,10.23,-0.01,1,1227,卖盘
234,14:32:41,10.24,0.01,10,10240,买盘
235,14:32:38,10.23,--,101,103323,卖盘
236,14:32:32,10.23,--,50,51150,卖盘
237,14:32:08,10.23,-0.01,18,18414,卖盘
238,14:32:03,10.24,0.01,75,76800,买盘
239,14:31:57,10.23,--,12,12276,卖盘
240,14:31:42,10.23,-0.01,79,80817,卖盘
241,14:31:38,10.24,--,477,488693,卖盘
242,14:31:32,10.24,--,256,262144,卖盘
243,14:31:18,10.24,-0.01,70,71680,卖盘
244,14:31:12,10.25,--,8,8200,买盘
245,14:31:08,10.25,0.01,1,1025,买盘
246,14:31:03,10.24,--,1907,1952768,卖盘
247,14:30:56,10.24,--,86,88064,卖盘
248,14:30:33,10.24,--,2,2048,卖盘
249,14:30:27,10.24,--,18,18432,卖盘
250,14:30:22,10.24,--,158,161792,卖盘
251,14:30:02,10.24,-0.01,93,95232,卖盘
252,14:29:56,10.25,0.01,6,6150,买盘
253,14:29:52,10.24,-0.01,2,2048,卖盘
254,14:29:42,10.25,0.01,11,11275,买盘
255,14:29:32,10.24,-0.01,3,3072,卖盘
256,14:29:26,10.25,--,6,6150,买盘
257,14:29:17,10.25,--,362,371050,买盘
258,14:29:02,10.25,--,96,98400,买盘
259,14:28:57,10.25,0.01,106,108650,买盘
260,14:28:52,10.24,--,34,34816,卖盘
261,14:28:47,10.24,--,50,51200,卖盘
262,14:28:32,10.24,-0.01,17,17408,卖盘
263,14:28:27,10.25,0.01,506,518650,买盘
264,14:28:17,10.24,-0.01,15,15360,卖盘
265,14:28:11,10.25,0.01,7,7175,买盘
266,14:28:02,10.24,-0.01,122,124928,卖盘
267,14:27:56,10.25,0.01,13,13325,买盘
268,14:27:47,10.24,--,144,147456,卖盘
269,14:27:42,10.24,-0.01,8,8192,卖盘
270,14:27:37,10.25,0.01,11,11275,买盘
271,14:27:32,10.24,-0.01,2,2048,卖盘
272,14:27:27,10.25,0.01,6,6150,买盘
273,14:27:17,10.24,--,2,2048,卖盘
274,14:27:12,10.24,-0.01,10,10240,卖盘
275,14:27:07,10.25,0.01,38,38950,买盘
276,14:27:02,10.24,-0.01,65,66560,卖盘
277,14:26:57,10.25,0.01,9,9225,买盘
278,14:26:47,10.24,-0.01,14,14336,卖盘
279,14:26:35,10.25,--,12,12300,买盘
280,14:26:20,10.25,0.01,208,213200,买盘
281,14:26:16,10.24,--,2,2048,卖盘
282,14:26:05,10.24,-0.01,64,65536,卖盘
283,14:26:02,10.25,--,737,755486,卖盘
284,14:25:56,10.25,-0.01,28,28700,卖盘
285,14:25:50,10.26,0.01,38,38988,买盘
286,14:25:47,10.25,0.01,354,363813,买盘
287,14:25:36,10.24,--,3,3072,卖盘
288,14:25:20,10.24,-0.01,3,3072,卖盘
289,14:25:17,10.25,--,1,1025,买盘
290,14:25:05,10.25,0.01,72,74620,买盘
291,14:24:35,10.24,--,2,2048,卖盘
292,14:24:27,10.24,--,6,6144,卖盘
293,14:24:17,10.24,--,10,10240,卖盘
294,14:24:12,10.24,-0.01,4,4096,卖盘
295,14:24:05,10.25,--,122,125050,买盘
296,14:24:01,10.25,--,28,28700,买盘
297,14:23:56,10.25,--,48,49200,买盘
298,14:23:36,10.25,-0.01,891,913336,卖盘
299,14:23:26,10.26,--,27,27702,买盘
300,14:23:20,10.26,0.01,4,4104,买盘
301,14:23:11,10.25,--,2,2050,卖盘
302,14:23:05,10.25,-0.01,66,67650,卖盘
303,14:23:02,10.26,--,28,28728,买盘
304,14:22:56,10.26,0.01,28,28728,买盘
305,14:22:41,10.25,--,31,31775,卖盘
306,14:22:35,10.25,--,2,2050,卖盘
307,14:22:26,10.25,-0.01,28,28700,卖盘
308,14:22:20,10.26,--,84,86184,买盘
309,14:22:11,10.26,0.01,6,6156,买盘
310,14:22:05,10.25,--,73,74825,卖盘
311,14:21:56,10.25,-0.01,84,86100,卖盘
312,14:21:50,10.26,0.01,29,29754,买盘
313,14:21:46,10.25,-0.01,3,3075,卖盘
314,14:21:41,10.26,--,91,93366,买盘
315,14:21:35,10.26,0.01,34,34884,买盘
316,14:21:26,10.25,-0.01,16,16400,卖盘
317,14:21:20,10.26,--,84,86184,买盘
318,14:21:11,10.26,0.01,6,6156,买盘
319,14:21:05,10.25,-0.01,74,75850,卖盘
320,14:21:01,10.26,--,1,1026,买盘
321,14:20:56,10.26,0.01,27,27702,买盘
322,14:20:46,10.25,--,10,10250,卖盘
323,14:20:41,10.25,--,12,12300,卖盘
324,14:20:35,10.25,-0.01,3,3075,卖盘
325,14:20:30,10.26,--,90,92340,买盘
326,14:20:11,10.26,0.01,6,6156,买盘
327,14:20:05,10.25,-0.01,68,69700,卖盘
328,14:20:01,10.26,--,34,34884,买盘
329,14:19:56,10.26,--,36,36936,买盘
330,14:19:50,10.26,--,1,1026,买盘
331,14:19:41,10.26,0.01,7,7182,买盘
332,14:19:35,10.25,-0.01,9,9225,卖盘
333,14:19:26,10.26,--,39,40014,买盘
334,14:19:20,10.26,--,69,70794,买盘
335,14:19:14,10.26,--,29,29754,买盘
336,14:19:11,10.26,--,6,6156,买盘
337,14:19:05,10.26,--,96,98496,买盘
338,14:18:59,10.26,--,6,6156,买盘
339,14:18:56,10.26,--,22,22572,买盘
340,14:18:50,10.26,--,14,14364,买盘
341,14:18:35,10.26,--,53,54378,买盘
342,14:18:29,10.26,--,12,12312,买盘
343,14:18:14,10.26,--,1,1026,买盘
344,14:18:05,10.26,--,94,96444,买盘
345,14:17:59,10.26,--,81,83106,买盘
346,14:17:50,10.26,0.01,62,63612,买盘
347,14:17:35,10.25,-0.01,12,12300,卖盘
348,14:17:29,10.26,0.01,13,13338,买盘
349,14:17:26,10.25,--,50,51250,卖盘
350,14:17:20,10.25,--,45,47088,买盘
351,14:17:14,10.25,--,65,66686,卖盘
352,14:17:05,10.25,0.01,23,24538,买盘
353,14:16:59,10.24,-0.01,79,80896,卖盘
354,14:16:55,10.25,--,79,80975,买盘
355,14:16:29,10.25,--,60,61500,买盘
356,14:16:26,10.25,-0.01,216,221461,卖盘
357,14:16:20,10.26,0.01,7,7182,买盘
358,14:16:11,10.25,-0.01,8,8200,卖盘
359,14:16:05,10.26,--,289,296514,买盘
360,14:15:59,10.26,0.01,12,12312,买盘
361,14:15:55,10.25,--,1002,1027050,卖盘
362,14:15:50,10.25,-0.01,6,6150,卖盘
363,14:15:44,10.26,0.01,10,10260,买盘
364,14:15:35,10.25,--,403,413075,卖盘
365,14:15:29,10.25,-0.01,215,220375,卖盘
366,14:15:20,10.26,--,1,1026,买盘
367,14:15:14,10.26,0.01,7,7182,买盘
368,14:15:05,10.25,-0.01,65,66625,卖盘
369,14:14:59,10.26,--,42,43092,买盘
370,14:14:55,10.26,--,31,31806,买盘
371,14:14:50,10.26,--,90,92340,买盘
372,14:14:44,10.26,--,29,29754,买盘
373,14:14:35,10.26,--,16,16416,买盘
374,14:14:29,10.26,--,14,14364,买盘
375,14:14:20,10.26,--,9,9234,买盘
376,14:14:10,10.26,--,9,9234,买盘
377,14:14:05,10.26,0.01,504,517104,买盘
378,14:13:59,10.25,-0.01,105,107625,卖盘
379,14:13:55,10.26,0.01,60,61560,买盘
380,14:13:40,10.25,--,50,51250,卖盘
381,14:13:35,10.25,--,2,2050,卖盘
382,14:13:29,10.25,-0.01,79,80975,卖盘
383,14:13:25,10.26,--,10,10260,买盘
384,14:13:20,10.26,0.01,42,43092,买盘
385,14:13:14,10.25,--,60,61643,卖盘
386,14:13:10,10.25,-0.01,13,13325,卖盘
387,14:13:05,10.26,-0.01,276,283176,卖盘
388,14:12:59,10.27,--,169,173563,买盘
389,14:12:50,10.27,0.01,56,57512,买盘
390,14:12:44,10.26,--,66,67716,卖盘
391,14:12:35,10.26,--,2,2052,卖盘
392,14:12:29,10.26,--,31,31806,卖盘
393,14:12:23,10.26,-0.01,40,41040,卖盘
394,14:12:20,10.27,0.01,34,34918,买盘
395,14:12:14,10.26,--,34,34884,卖盘
396,14:12:08,10.26,-0.01,9,9234,卖盘
397,14:12:05,10.27,0.01,85,87295,买盘
398,14:11:59,10.26,--,5,5130,卖盘
399,14:11:44,10.26,-0.01,20,20520,卖盘
400,14:11:38,10.27,0.01,20,20540,买盘
401,14:11:35,10.26,--,3,3078,卖盘
402,14:11:23,10.26,--,20,20520,卖盘
403,14:11:20,10.26,--,2,2052,卖盘
404,14:11:08,10.26,-0.01,12,12312,卖盘
405,14:11:05,10.27,0.01,7,7189,买盘
406,14:10:59,10.26,-0.01,95,97470,卖盘
407,14:10:53,10.27,--,30,30810,买盘
408,14:10:38,10.27,0.01,12,12324,买盘
409,14:10:34,10.26,--,294,301644,卖盘
410,14:10:29,10.26,--,8,8208,卖盘
411,14:10:23,10.26,--,133,137073,买盘
412,14:10:19,10.26,--,188,192888,买盘
413,14:10:14,10.26,--,40,41040,买盘
414,14:10:08,10.26,--,148,151848,买盘
415,14:10:04,10.26,--,105,107730,买盘
416,14:09:59,10.26,--,549,563274,买盘
417,14:09:53,10.26,0.01,37,37962,买盘
418,14:09:49,10.25,-0.01,30,30750,卖盘
419,14:09:44,10.26,0.01,49,50274,买盘
420,14:09:38,10.25,--,32,32800,卖盘
421,14:09:34,10.25,--,2,2050,卖盘
422,14:09:29,10.25,--,30,30750,卖盘
423,14:09:23,10.25,--,424,435420,买盘
424,14:09:19,10.25,--,15,15375,买盘
425,14:09:14,10.25,0.01,359,367975,买盘
426,14:09:08,10.24,--,62,63488,卖盘
427,14:09:04,10.24,-0.01,67,68608,卖盘
428,14:08:59,10.25,--,29,29725,买盘
429,14:08:53,10.25,--,34,34850,买盘
430,14:08:49,10.25,--,29,29725,买盘
431,14:08:44,10.25,--,20,20500,买盘
432,14:08:38,10.25,0.01,12,12300,买盘
433,14:08:34,10.24,--,2,2048,卖盘
434,14:08:29,10.24,--,469,480256,卖盘
435,14:08:04,10.24,--,67,68608,卖盘
436,14:07:53,10.24,--,16,16588,卖盘
437,14:07:49,10.24,--,48,49152,卖盘
438,14:07:44,10.24,-0.01,13,13312,卖盘
439,14:07:38,10.25,0.01,1,1025,买盘
440,14:07:34,10.24,--,5,5120,卖盘
441,14:07:23,10.24,--,2,2048,卖盘
442,14:07:19,10.24,--,0,0,卖盘
443,14:07:14,10.24,-0.01,370,378880,卖盘
444,14:07:08,10.25,--,32,32800,卖盘
445,14:07:04,10.25,--,66,67650,卖盘
446,14:06:59,10.25,--,709,726725,卖盘
447,14:06:53,10.25,--,68,69700,卖盘
448,14:06:49,10.25,--,2,2050,卖盘
449,14:06:38,10.25,--,154,157850,卖盘
450,14:06:34,10.25,--,2,2050,卖盘
451,14:06:29,10.25,--,169,173225,卖盘
452,14:06:23,10.25,--,115,117875,卖盘
453,14:06:19,10.25,--,118,121708,卖盘
454,14:06:14,10.25,--,106,108650,卖盘
455,14:06:08,10.25,--,84,86100,卖盘
456,14:06:02,10.25,--,2,2050,卖盘
457,14:05:59,10.25,--,14,14350,卖盘
458,14:05:53,10.25,--,233,238825,卖盘
459,14:05:47,10.25,--,61,62525,卖盘
460,14:05:44,10.25,--,3,3075,卖盘
461,14:05:38,10.25,--,17,17425,卖盘
462,14:05:32,10.25,--,4,4100,卖盘
463,14:05:29,10.25,--,125,128125,卖盘
464,14:05:23,10.25,--,116,118900,卖盘
465,14:05:14,10.25,--,81,83424,卖盘
466,14:05:08,10.25,--,96,98400,卖盘
467,14:05:02,10.25,--,54,55350,卖盘
468,14:04:59,10.25,--,99,101475,卖盘
469,14:04:53,10.25,-0.01,688,706071,卖盘
470,14:04:47,10.26,--,69,70794,卖盘
471,14:04:44,10.26,--,103,106642,卖盘
472,14:04:38,10.26,--,83,86071,卖盘
473,14:04:32,10.26,--,370,379620,卖盘
474,14:04:29,10.26,--,215,221410,卖盘
475,14:04:23,10.26,--,93,95889,卖盘
476,14:04:14,10.26,--,69,70794,卖盘
477,14:04:08,10.26,--,229,235220,卖盘
478,14:04:02,10.26,-0.01,22,22572,卖盘
479,14:03:59,10.27,0.01,281,288587,买盘
480,14:03:53,10.26,--,8,8208,卖盘
481,14:03:43,10.26,--,2,2052,卖盘
482,14:03:38,10.26,-0.01,14,14364,卖盘
483,14:03:32,10.27,0.01,58,59566,买盘
484,14:03:23,10.26,--,17,17442,卖盘
485,14:03:17,10.26,-0.01,106,108756,卖盘
486,14:03:08,10.27,0.01,23,23621,买盘
487,14:03:02,10.26,--,32,32832,卖盘
488,14:02:58,10.26,-0.01,31,31806,卖盘
489,14:02:53,10.27,--,54,55458,买盘
490,14:02:47,10.27,0.01,38,39026,买盘
491,14:02:38,10.26,--,68,69768,卖盘
492,14:02:32,10.26,-0.01,22,22572,卖盘
493,14:02:28,10.27,0.01,15,15405,买盘
494,14:02:23,10.26,--,15,15390,卖盘
495,14:02:17,10.26,--,30,30780,卖盘
496,14:02:13,10.26,-0.01,15,15390,卖盘
497,14:02:08,10.27,0.01,28,28756,买盘
498,14:02:02,10.26,--,18,18468,卖盘
499,14:01:53,10.26,--,21,21546,卖盘
500,14:01:47,10.26,--,7,7182,卖盘
501,14:01:43,10.26,--,59,60534,卖盘
502,14:01:38,10.26,--,27,27702,卖盘
503,14:01:32,10.26,--,2,2052,卖盘
504,14:01:28,10.26,--,15,15390,卖盘
505,14:01:23,10.26,--,22,22572,卖盘
506,14:01:17,10.26,--,644,661154,卖盘
507,14:01:08,10.26,-0.01,21,21546,卖盘
508,14:01:02,10.27,--,110,112970,买盘
509,14:00:58,10.27,0.01,311,319397,买盘
510,14:00:53,10.26,-0.01,6,6156,卖盘
511,14:00:38,10.27,--,32,32864,买盘
512,14:00:32,10.27,--,7,7189,买盘
513,14:00:28,10.27,--,29,29783,买盘
514,14:00:23,10.27,--,53,54431,买盘
515,14:00:17,10.27,0.01,93,95511,买盘
516,14:00:13,10.26,--,5,5130,卖盘
517,14:00:02,10.26,-0.01,37,37962,卖盘
518,13:59:53,10.27,--,29,29783,买盘
519,13:59:47,10.27,0.01,18,18486,买盘
520,13:59:38,10.26,--,84,86184,卖盘
521,13:59:32,10.26,--,12,12312,卖盘
522,13:59:23,10.26,--,94,96854,买盘
523,13:59:17,10.26,0.01,534,547884,买盘
524,13:59:08,10.25,-0.01,7,7175,卖盘
525,13:59:02,10.26,--,49,50274,卖盘
526,13:58:56,10.26,-0.01,2,2052,中性盘
527,13:58:53,10.27,--,70,71890,买盘
528,13:58:46,10.27,--,55,56485,买盘
529,13:58:41,10.27,--,0,0,买盘
530,13:58:38,10.27,0.01,96,98592,买盘
531,13:58:32,10.26,-0.01,6,6156,中性盘
532,13:58:26,10.27,--,29,29783,买盘
533,13:58:23,10.27,0.01,148,151996,买盘
534,13:58:17,10.26,--,63,64638,卖盘
535,13:58:11,10.26,--,10,10260,卖盘
536,13:58:08,10.26,--,7,7182,卖盘
537,13:58:02,10.26,-0.01,119,122094,卖盘
538,13:57:53,10.27,--,31,31837,买盘
539,13:57:47,10.27,0.01,13,13351,买盘
540,13:57:41,10.26,--,50,51300,卖盘
541,13:57:38,10.26,--,7,7182,卖盘
542,13:57:32,10.26,-0.01,32,32832,卖盘
543,13:57:23,10.27,0.01,102,104754,买盘
544,13:57:17,10.26,--,1,1026,卖盘
545,13:57:11,10.26,--,50,51300,卖盘
546,13:57:08,10.26,--,50,51300,卖盘
547,13:57:02,10.26,--,57,58482,卖盘
548,13:56:56,10.26,--,205,210330,卖盘
549,13:56:53,10.26,--,8,8208,卖盘
550,13:56:32,10.26,--,13,13338,卖盘
551,13:56:26,10.26,--,57,58482,买盘
552,13:56:22,10.26,--,11,11286,卖盘
553,13:56:17,10.26,--,100,102600,卖盘
554,13:56:11,10.26,--,6,6156,卖盘
555,13:56:02,10.26,0.01,99,101574,买盘
556,13:55:56,10.25,-0.01,30,30750,卖盘
557,13:55:52,10.26,--,29,29754,买盘
558,13:55:47,10.26,--,29,29754,买盘
559,13:55:41,10.26,0.01,88,90288,买盘
560,13:55:37,10.25,--,51,52275,卖盘
561,13:55:32,10.25,-0.01,50,51250,卖盘
562,13:55:26,10.26,0.01,5,5130,卖盘
563,13:55:22,10.25,--,0,0,卖盘
564,13:55:17,10.25,--,156,159900,卖盘
565,13:55:11,10.25,--,75,76875,卖盘
566,13:55:07,10.25,--,128,131200,卖盘
567,13:55:02,10.25,--,3,3075,卖盘
568,13:54:56,10.25,--,50,51250,卖盘
569,13:54:47,10.25,--,354,362850,卖盘
570,13:54:41,10.25,--,50,51250,卖盘
571,13:54:37,10.25,--,6,6150,卖盘
572,13:54:32,10.25,--,65,66625,卖盘
573,13:54:26,10.25,-0.01,50,51250,卖盘
574,13:54:11,10.26,0.01,42,43092,卖盘
575,13:54:07,10.25,-0.01,343,351575,卖盘
576,13:54:02,10.26,--,53,54378,卖盘
577,13:53:56,10.26,--,72,73872,卖盘
578,13:53:51,10.26,-0.01,50,51300,卖盘
579,13:53:46,10.27,0.01,29,29783,买盘
580,13:53:41,10.26,-0.01,50,51300,卖盘
581,13:53:36,10.27,0.01,49,50323,买盘
582,13:53:32,10.26,--,20,20520,卖盘
583,13:53:26,10.26,--,10,10260,卖盘
584,13:53:22,10.26,--,92,94392,卖盘
585,13:53:17,10.26,--,684,701784,卖盘
586,13:53:11,10.26,--,317,325242,卖盘
587,13:53:01,10.26,-0.01,5,5130,卖盘
588,13:52:55,10.27,0.01,39,40053,买盘
589,13:52:50,10.26,--,1,1026,卖盘
590,13:52:47,10.26,--,50,51300,卖盘
591,13:52:41,10.26,-0.01,7,7182,卖盘
592,13:52:35,10.27,--,22,22594,买盘
593,13:52:32,10.27,0.01,7,7189,买盘
594,13:52:20,10.26,--,10,10260,卖盘
595,13:52:17,10.26,-0.01,1,1026,卖盘
596,13:52:11,10.27,0.01,39,40053,买盘
597,13:52:05,10.26,--,239,245214,卖盘
598,13:52:01,10.26,--,8,8208,卖盘
599,13:51:56,10.26,-0.01,1,1026,卖盘
600,13:51:47,10.27,0.01,40,41080,买盘
601,13:51:40,10.26,--,35,35910,卖盘
602,13:51:35,10.26,--,10,11039,卖盘
603,13:51:31,10.26,--,11,11286,卖盘
604,13:51:26,10.26,--,6,6156,卖盘
605,13:51:19,10.26,-0.01,43,44118,卖盘
606,13:51:16,10.27,0.01,1,1027,买盘
607,13:51:11,10.26,--,10,10260,卖盘
608,13:51:02,10.26,--,1,1036,卖盘
609,13:50:56,10.26,--,6,6156,卖盘
610,13:50:50,10.26,--,1,1026,卖盘
611,13:50:46,10.26,-0.01,226,231876,卖盘
612,13:50:35,10.27,--,31,32175,买盘
613,13:50:32,10.27,0.01,6,6162,买盘
614,13:50:26,10.26,--,1,1026,卖盘
615,13:50:17,10.26,--,2,2052,卖盘
616,13:50:11,10.26,-0.01,16,16416,卖盘
617,13:50:04,10.27,--,42,43134,买盘
618,13:50:01,10.27,--,59,60593,买盘
619,13:49:56,10.27,0.01,29,29783,买盘
620,13:49:50,10.26,--,4,4104,卖盘
621,13:49:46,10.26,--,60,61560,卖盘
622,13:49:40,10.26,--,9,9234,卖盘
623,13:49:35,10.26,--,14,14702,卖盘
624,13:49:20,10.26,-0.01,345,353970,卖盘
625,13:49:16,10.27,--,451,463177,买盘
626,13:49:10,10.27,0.01,95,97565,买盘
627,13:49:05,10.26,--,80,82080,卖盘
628,13:49:01,10.26,--,6,6156,卖盘
629,13:48:55,10.26,--,6,6156,卖盘
630,13:48:50,10.26,-0.01,2,2052,卖盘
631,13:48:46,10.27,--,94,96538,买盘
632,13:48:40,10.27,--,71,72917,买盘
633,13:48:34,10.27,0.01,12,12662,买盘
634,13:48:26,10.26,--,7,7182,卖盘
635,13:48:20,10.26,-0.01,1,1026,卖盘
636,13:48:04,10.27,--,51,52377,买盘
637,13:48:01,10.27,--,29,29783,买盘
638,13:47:50,10.27,--,32,32864,买盘
639,13:47:46,10.27,--,23,23621,买盘
640,13:47:41,10.27,0.01,23,23621,买盘
641,13:47:35,10.26,-0.01,193,198356,卖盘
642,13:47:31,10.27,--,1,1027,买盘
643,13:47:25,10.27,0.01,42,43134,买盘
644,13:47:20,10.26,-0.01,2,2052,卖盘
645,13:47:16,10.27,--,1,1027,买盘
646,13:47:05,10.27,0.01,73,74971,买盘
647,13:46:56,10.26,--,16,16416,卖盘
648,13:46:50,10.26,--,12,12312,卖盘
649,13:46:34,10.26,--,33,34463,卖盘
650,13:46:30,10.26,-0.01,4,4863,卖盘
651,13:46:26,10.27,--,38,39026,买盘
652,13:46:20,10.27,--,4,4108,买盘
653,13:46:05,10.27,--,42,43134,买盘
654,13:45:58,10.27,--,35,35945,买盘
655,13:45:56,10.27,--,29,29783,买盘
656,13:45:50,10.27,--,35,35945,买盘
657,13:45:43,10.27,0.01,1,1027,买盘
658,13:45:35,10.26,--,50,51300,卖盘
659,13:45:29,10.26,-0.01,13,13676,卖盘
660,13:45:25,10.27,0.01,6,6162,买盘
661,13:45:20,10.26,-0.01,2,2052,卖盘
662,13:45:10,10.27,--,18,18486,买盘
663,13:44:59,10.27,0.01,1,1027,买盘
664,13:44:55,10.26,0.01,57,58810,买盘
665,13:44:50,10.25,-0.01,86,88847,卖盘
666,13:44:40,10.26,--,14,14692,买盘
667,13:44:35,10.26,0.01,6,6156,买盘
668,13:44:28,10.25,-0.01,8,8538,卖盘
669,13:44:20,10.26,--,9,9234,买盘
670,13:44:04,10.26,--,54,55404,买盘
671,13:43:58,10.26,--,36,36936,买盘
672,13:43:55,10.26,0.01,36,36936,买盘
673,13:43:49,10.25,--,41,42025,卖盘
674,13:43:40,10.25,--,6,6150,卖盘
675,13:43:34,10.25,--,6,6150,卖盘
676,13:43:28,10.25,--,3,3618,卖盘
677,13:43:25,10.25,--,11,12095,卖盘
678,13:43:20,10.25,--,2,2050,卖盘
679,13:43:14,10.25,--,8,8200,卖盘
680,13:43:10,10.25,-0.01,317,324925,卖盘
681,13:43:04,10.26,-0.01,79,81997,卖盘
682,13:42:58,10.27,0.01,29,29783,买盘
683,13:42:55,10.26,-0.01,56,57456,卖盘
684,13:42:50,10.27,0.01,10,10270,买盘
685,13:42:44,10.26,--,10,10260,卖盘
686,13:42:40,10.26,--,100,102600,卖盘
687,13:42:35,10.26,--,26,26676,卖盘
688,13:42:29,10.26,0.01,26,27096,买盘
689,13:42:20,10.25,-0.01,8,8200,卖盘
690,13:42:13,10.26,--,1,1026,买盘
691,13:42:04,10.26,0.01,92,94392,买盘
692,13:41:58,10.25,-0.01,57,58425,卖盘
693,13:41:55,10.26,0.01,5,5130,买盘
694,13:41:50,10.25,-0.01,12,12300,卖盘
695,13:41:44,10.26,--,36,36936,买盘
696,13:41:40,10.26,--,1,1026,买盘
697,13:41:35,10.26,--,200,206143,卖盘
698,13:41:28,10.26,--,3,3519,卖盘
699,13:41:25,10.26,--,79,81977,卖盘
700,13:41:19,10.26,--,157,161082,卖盘
701,13:41:13,10.26,--,304,311904,卖盘
702,13:41:10,10.26,--,18,18468,卖盘
703,13:41:05,10.26,--,166,170316,卖盘
704,13:40:58,10.26,--,30,30780,卖盘
705,13:40:55,10.26,-0.01,2,2052,卖盘
706,13:40:50,10.27,0.01,15,15405,买盘
707,13:40:44,10.26,--,243,249318,卖盘
708,13:40:40,10.26,-0.01,403,413478,卖盘
709,13:40:34,10.27,0.01,3,3081,买盘
710,13:40:28,10.26,--,151,154926,卖盘
711,13:40:25,10.26,--,54,55742,卖盘
712,13:40:19,10.26,--,127,130876,卖盘
713,13:40:14,10.26,-0.01,78,80028,卖盘
714,13:40:04,10.27,--,385,395395,买盘
715,13:39:55,10.27,0.01,1,1027,买盘
716,13:39:49,10.26,-0.01,395,405854,卖盘
717,13:39:44,10.27,0.01,1,1027,买盘
718,13:39:40,10.26,--,46,47196,卖盘
719,13:39:34,10.26,--,60,61560,卖盘
720,13:39:29,10.26,--,61,62586,卖盘
721,13:39:25,10.26,--,3,3498,卖盘
722,13:39:19,10.26,0.01,203,209180,买盘
723,13:39:07,10.25,-0.01,9,9225,卖盘
724,13:39:04,10.26,0.01,74,75924,买盘
725,13:38:59,10.25,-0.01,6,6150,卖盘
726,13:38:49,10.26,0.01,3,3078,卖盘
727,13:38:44,10.25,--,0,0,卖盘
728,13:38:37,10.25,-0.02,176,180400,卖盘
729,13:38:28,10.27,0.01,1,1027,买盘
730,13:38:22,10.26,--,503,516621,卖盘
731,13:38:19,10.26,--,6,6976,卖盘
732,13:38:14,10.26,--,32,32832,卖盘
733,13:38:04,10.26,--,437,448885,买盘
734,13:37:58,10.26,--,39,40014,买盘
735,13:37:52,10.26,0.01,1,1026,买盘
736,13:37:49,10.25,--,30,30750,卖盘
737,13:37:37,10.25,--,2,2050,卖盘
738,13:37:34,10.25,--,7,7175,卖盘
739,13:37:28,10.25,--,53,54325,卖盘
740,13:37:19,10.25,--,12,12638,卖盘
741,13:37:07,10.25,--,50,51250,卖盘
742,13:37:04,10.25,--,148,151700,卖盘
743,13:36:58,10.25,--,7,7175,卖盘
744,13:36:52,10.25,--,10,10250,卖盘
745,13:36:49,10.25,--,6,6150,卖盘
746,13:36:43,10.25,--,5,5125,卖盘
747,13:36:37,10.25,-0.01,2,2050,卖盘
748,13:36:28,10.26,--,6,6156,买盘
749,13:36:22,10.26,--,252,258644,卖盘
750,13:36:19,10.26,--,47,48560,卖盘
751,13:36:13,10.26,--,59,60534,卖盘
752,13:36:07,10.26,--,60,61560,卖盘
753,13:35:59,10.26,--,610,625860,卖盘
754,13:35:52,10.26,--,59,60534,卖盘
755,13:35:49,10.26,--,2,2052,卖盘
756,13:35:43,10.26,--,357,366282,卖盘
757,13:35:38,10.26,--,13,13338,卖盘
758,13:35:34,10.26,--,10,10260,卖盘
759,13:35:28,10.26,--,36,36936,卖盘
760,13:35:22,10.26,--,20,20520,卖盘
761,13:35:19,10.26,--,10,10598,卖盘
762,13:35:13,10.26,--,2,2052,卖盘
763,13:35:07,10.26,--,51,52326,卖盘
764,13:35:04,10.26,--,2,2052,卖盘
765,13:34:58,10.26,--,3,3078,卖盘
766,13:34:53,10.26,--,51,52326,卖盘
767,13:34:49,10.26,-0.01,1,1026,卖盘
768,13:34:43,10.27,0.01,8,8216,买盘
769,13:34:34,10.26,-0.01,18,18468,卖盘
770,13:34:28,10.27,0.01,1,1027,买盘
771,13:34:22,10.26,--,20,20520,卖盘
772,13:34:19,10.26,--,158,162672,卖盘
773,13:34:14,10.26,--,10,11060,卖盘
774,13:34:07,10.26,--,3,3078,卖盘
775,13:34:03,10.26,-0.01,50,51300,卖盘
776,13:33:58,10.27,0.01,1,1027,买盘
777,13:33:49,10.26,--,2,2052,卖盘
778,13:33:37,10.26,--,44,45144,卖盘
779,13:33:28,10.26,--,19,19494,卖盘
780,13:33:22,10.26,--,5,5130,卖盘
781,13:33:19,10.26,--,155,159030,卖盘
782,13:33:13,10.26,--,169,173732,卖盘
783,13:33:04,10.26,-0.01,126,129276,卖盘
784,13:32:58,10.27,0.01,10,10270,买盘
785,13:32:52,10.26,--,134,137484,卖盘
786,13:32:48,10.26,--,47,48222,卖盘
787,13:32:38,10.26,-0.01,31,31806,卖盘
788,13:32:33,10.27,0.01,1,1027,买盘
789,13:32:19,10.26,--,2,2052,卖盘
790,13:32:13,10.26,--,13,13676,卖盘
791,13:32:07,10.26,-0.01,10,10260,卖盘
792,13:32:01,10.27,--,1,1027,买盘
793,13:31:53,10.27,0.01,1,1027,买盘
794,13:31:47,10.26,-0.01,2,2052,卖盘
795,13:31:43,10.27,0.01,3,3081,买盘
796,13:31:37,10.26,-0.01,31,32606,卖盘
797,13:31:28,10.27,--,8,8216,卖盘
798,13:31:22,10.27,0.01,16,16657,买盘
799,13:31:16,10.26,--,2,2052,卖盘
800,13:31:13,10.26,--,8,8546,卖盘
801,13:31:07,10.26,-0.01,5,5130,卖盘
802,13:30:58,10.27,0.01,100,102700,买盘
803,13:30:52,10.26,-0.01,888,911888,卖盘
804,13:30:46,10.27,--,103,105781,卖盘
805,13:30:37,10.27,-0.01,20,20540,卖盘
806,13:30:31,10.28,--,4,4112,买盘
807,13:30:28,10.28,0.01,3,3084,买盘
808,13:30:16,10.27,--,8,8216,卖盘
809,13:30:13,10.27,--,52,53404,卖盘
810,13:30:07,10.27,-0.01,8,8554,卖盘
811,13:30:01,10.28,0.01,2,2056,买盘
812,13:29:52,10.27,--,1,1027,卖盘
813,13:29:46,10.27,--,2,2054,卖盘
814,13:29:43,10.27,0.01,545,560629,买盘
815,13:29:37,10.26,--,3,3078,卖盘
816,13:29:16,10.26,--,2,2052,卖盘
817,13:29:07,10.26,--,15,15728,卖盘
818,13:28:46,10.26,-0.01,4,4104,卖盘
819,13:28:43,10.27,0.01,101,103727,买盘
820,13:28:37,10.26,--,2,2052,卖盘
821,13:28:31,10.26,-0.01,6,6156,卖盘
822,13:28:27,10.27,0.01,100,102700,买盘
823,13:28:16,10.26,-0.01,2,2052,卖盘
824,13:28:07,10.27,0.01,9,9581,买盘
825,13:28:01,10.26,-0.01,6,6156,卖盘
826,13:27:52,10.27,0.01,2,2054,买盘
827,13:27:46,10.26,-0.01,2,2052,卖盘
828,13:27:37,10.27,--,1968,2021248,卖盘
829,13:27:22,10.27,--,10,10270,卖盘
830,13:27:16,10.27,-0.01,3,3081,卖盘
831,13:27:07,10.28,0.01,371,381912,买盘
832,13:27:01,10.27,--,4,4950,卖盘
833,13:26:46,10.27,--,97,99619,卖盘
834,13:26:37,10.27,--,2,2054,卖盘
835,13:26:27,10.27,0.01,3428,3521131,买盘
836,13:26:22,10.26,--,131,134611,卖盘
837,13:26:16,10.26,--,2,2052,卖盘
838,13:26:07,10.26,--,16,17236,卖盘
839,13:26:01,10.26,--,8,8546,卖盘
840,13:25:46,10.26,--,10,10465,卖盘
841,13:25:42,10.26,--,6,6156,卖盘
842,13:25:37,10.26,--,12,12312,卖盘
843,13:25:27,10.26,--,50,51300,卖盘
844,13:25:22,10.26,--,11,11286,卖盘
845,13:25:16,10.26,--,2,2052,卖盘
846,13:25:12,10.26,--,5,5130,卖盘
847,13:25:01,10.26,--,8,8546,卖盘
848,13:24:55,10.26,--,1,1026,卖盘
849,13:24:46,10.26,--,2,2052,卖盘
850,13:24:37,10.26,--,2,2052,卖盘
851,13:24:31,10.26,-0.01,3,3078,卖盘
852,13:24:25,10.27,0.01,14,14378,买盘
853,13:24:16,10.26,--,12,12312,卖盘
854,13:24:01,10.26,--,38,39326,卖盘
855,13:23:46,10.26,--,2,2052,卖盘
856,13:23:37,10.26,-0.01,72,73872,卖盘
857,13:23:25,10.27,0.01,5,5135,买盘
858,13:23:16,10.26,-0.01,8,8208,卖盘
859,13:23:01,10.27,0.01,53,54852,买盘
860,13:22:55,10.26,--,4,5047,卖盘
861,13:22:52,10.26,--,26,26676,卖盘
862,13:22:46,10.26,--,1,1026,卖盘
863,13:22:37,10.26,-0.01,8,8208,卖盘
864,13:22:31,10.27,0.01,1,1027,买盘
865,13:22:16,10.26,-0.01,2,2052,卖盘
866,13:22:07,10.27,--,6,6162,买盘
867,13:22:01,10.27,0.01,26,26702,买盘
868,13:21:46,10.26,-0.01,2,2052,卖盘
869,13:21:40,10.27,--,5,5135,买盘
870,13:21:31,10.27,--,383,393341,买盘
871,13:21:25,10.27,0.01,100,102700,买盘
872,13:21:16,10.26,-0.01,9,9234,卖盘
873,13:21:01,10.27,0.01,1001,1028027,买盘
874,13:20:55,10.26,-0.01,16,16416,卖盘
875,13:20:51,10.27,0.01,16,17130,买盘
876,13:20:46,10.26,--,11,11286,卖盘
877,13:20:40,10.26,--,2,2052,卖盘
878,13:20:37,10.26,--,6,6156,卖盘
879,13:20:31,10.26,-0.01,17,17442,卖盘
880,13:20:25,10.27,0.01,14,14378,买盘
881,13:20:21,10.26,--,5,5130,卖盘
882,13:20:16,10.26,--,2,2052,卖盘
883,13:20:10,10.26,-0.01,62,64227,卖盘
884,13:20:06,10.27,--,1,1027,买盘
885,13:20:01,10.27,--,12,12324,买盘
886,13:19:55,10.27,0.01,50,51350,买盘
887,13:19:46,10.26,--,7,7182,卖盘
888,13:19:40,10.26,-0.01,62,63612,卖盘
889,13:19:31,10.27,0.01,11,11297,买盘
890,13:19:22,10.26,--,7,7182,卖盘
891,13:19:16,10.26,-0.01,34,34884,卖盘
892,13:19:01,10.27,--,1,1027,买盘
893,13:18:55,10.27,--,273,280781,卖盘
894,13:18:51,10.27,--,169,173563,卖盘
895,13:18:46,10.27,--,584,599768,卖盘
896,13:18:40,10.27,-0.01,167,171509,卖盘
897,13:18:36,10.28,0.01,61,62707,买盘
898,13:18:21,10.27,--,1,1027,卖盘
899,13:18:16,10.27,--,6,6162,卖盘
900,13:18:10,10.27,--,20,20540,卖盘
901,13:18:06,10.27,-0.01,5,5135,卖盘
902,13:18:01,10.28,0.01,1,1028,买盘
903,13:17:49,10.27,-0.01,1,1027,卖盘
904,13:17:46,10.28,0.01,100,102800,买盘
905,13:17:40,10.27,-0.01,8,8216,卖盘
906,13:17:31,10.28,0.01,1,1028,买盘
907,13:17:19,10.27,--,1,1027,卖盘
908,13:17:16,10.27,-0.01,47,48269,卖盘
909,13:17:10,10.28,0.01,1,1028,买盘
910,13:16:49,10.27,--,2,2054,卖盘
911,13:16:46,10.27,--,36,36972,卖盘
912,13:16:40,10.27,--,54,56074,买盘
913,13:16:34,10.27,0.01,1,1027,买盘
914,13:16:31,10.26,--,176,180576,卖盘
915,13:16:19,10.26,--,1,1026,卖盘
916,13:16:10,10.26,-0.01,6,6156,卖盘
917,13:16:04,10.27,--,10,10680,卖盘
918,13:16:01,10.27,-0.01,6,6162,卖盘
919,13:15:55,10.28,0.01,18,18504,买盘
920,13:15:49,10.27,-0.01,19,19513,卖盘
921,13:15:46,10.28,--,209,214852,买盘
922,13:15:40,10.28,--,9,9252,买盘
923,13:15:31,10.28,0.01,44,45232,买盘
924,13:15:19,10.27,--,1,1027,卖盘
925,13:15:10,10.27,-0.01,76,78052,卖盘
926,13:15:04,10.28,0.01,148,152144,买盘
927,13:15:01,10.27,-0.01,143,146861,卖盘
928,13:14:55,10.28,0.01,253,260083,买盘
929,13:14:49,10.27,-0.01,8,8216,卖盘
930,13:14:46,10.28,0.01,26,26728,买盘
931,13:14:40,10.27,--,2,2054,卖盘
932,13:14:31,10.27,--,150,154050,卖盘
933,13:14:25,10.27,--,5,5135,卖盘
934,13:14:19,10.27,-0.01,15,15405,卖盘
935,13:14:15,10.28,--,20,20560,买盘
936,13:14:10,10.28,0.01,90,92520,买盘
937,13:14:04,10.27,-0.01,16,16432,卖盘
938,13:13:55,10.28,0.01,18,18504,买盘
939,13:13:49,10.27,--,1,1027,卖盘
940,13:13:45,10.27,--,2,2054,卖盘
941,13:13:40,10.27,--,60,61620,卖盘
942,13:13:34,10.27,--,6,6162,卖盘
943,13:13:25,10.27,--,5,5135,卖盘
944,13:13:19,10.27,--,2,2054,卖盘
945,13:13:15,10.27,--,7,7189,卖盘
946,13:13:10,10.27,--,200,205400,卖盘
947,13:13:04,10.27,--,77,79079,卖盘
948,13:12:49,10.27,-0.01,10,10270,卖盘
949,13:12:45,10.28,0.01,1,1028,买盘
950,13:12:40,10.27,--,2,2054,卖盘
951,13:12:34,10.27,--,8,8216,卖盘
952,13:12:19,10.27,-0.01,3,3081,卖盘
953,13:12:10,10.28,0.01,16,17064,买盘
954,13:12:04,10.27,--,179,183833,卖盘
955,13:11:55,10.27,--,9,9243,卖盘
956,13:11:49,10.27,--,32,32864,卖盘
957,13:11:45,10.27,--,187,192049,买盘
958,13:11:40,10.27,--,208,213616,买盘
959,13:11:34,10.27,--,324,332748,卖盘
960,13:11:30,10.27,--,10,10270,卖盘
961,13:11:25,10.27,--,1150,1181050,卖盘
962,13:11:19,10.27,--,2,2054,卖盘
963,13:11:10,10.27,--,26,26702,卖盘
964,13:11:04,10.27,--,32,32864,卖盘
965,13:10:58,10.27,-0.01,130,133510,卖盘
966,13:10:55,10.28,0.01,100,102800,买盘
967,13:10:49,10.27,-0.01,114,117078,卖盘
968,13:10:43,10.28,0.01,67,68876,买盘
969,13:10:40,10.27,--,6,6162,卖盘
970,13:10:34,10.27,--,118,121186,卖盘
971,13:10:25,10.27,--,99,101673,卖盘
972,13:10:19,10.27,--,163,167401,卖盘
973,13:10:13,10.27,--,62,63674,卖盘
974,13:10:04,10.27,--,9,9243,卖盘
975,13:09:55,10.27,--,17,17459,卖盘
976,13:09:49,10.27,--,2,2054,卖盘
977,13:09:40,10.27,--,8,8216,卖盘
978,13:09:34,10.27,--,63,64701,卖盘
979,13:09:28,10.27,--,6,6162,卖盘
980,13:09:25,10.27,--,150,154050,卖盘
981,13:09:19,10.27,--,4,4108,卖盘
982,13:09:13,10.27,--,26,26702,卖盘
983,13:09:04,10.27,--,3,3081,卖盘
984,13:08:55,10.27,--,693,711711,卖盘
985,13:08:49,10.27,--,1,1027,卖盘
986,13:08:40,10.27,--,50,51350,卖盘
987,13:08:33,10.27,-0.01,157,161239,卖盘
988,13:08:28,10.28,--,105,107940,买盘
989,13:08:19,10.28,0.01,12,12336,买盘
990,13:08:13,10.27,--,5,5135,卖盘
991,13:08:10,10.27,--,10,10270,卖盘
992,13:08:04,10.27,--,16,16432,卖盘
993,13:07:58,10.27,--,53,54431,卖盘
994,13:07:49,10.27,--,85,87295,卖盘
995,13:07:43,10.27,--,10,10270,卖盘
996,13:07:39,10.27,--,55,56485,卖盘
997,13:07:28,10.27,-0.01,62,63674,卖盘
998,13:07:25,10.28,0.01,323,332044,买盘
999,13:07:19,10.27,--,3,3081,卖盘
1000,13:07:13,10.27,--,76,78052,卖盘
1001,13:07:04,10.27,--,6,6162,卖盘
1002,13:06:58,10.27,--,28,28756,卖盘
1003,13:06:49,10.27,-0.01,34,34918,卖盘
1004,13:06:34,10.28,0.01,1,1028,买盘
1005,13:06:28,10.27,-0.01,6,6162,卖盘
1006,13:06:24,10.28,0.01,228,234383,买盘
1007,13:06:19,10.27,--,352,361504,卖盘
1008,13:06:13,10.27,--,30,30810,卖盘
1009,13:06:09,10.27,-0.01,8,8216,卖盘
1010,13:05:58,10.28,0.01,1,1028,买盘
1011,13:05:49,10.27,-0.01,12,12324,卖盘
1012,13:05:43,10.28,0.01,3,3084,买盘
1013,13:05:34,10.27,0.01,1559,1601093,买盘
1014,13:05:28,10.26,--,11,11286,卖盘
1015,13:05:24,10.26,--,18,18468,卖盘
1016,13:05:19,10.26,--,7,7182,卖盘
1017,13:05:13,10.26,-0.01,19,19494,卖盘
1018,13:05:04,10.27,0.01,1,1027,买盘
1019,13:04:58,10.26,--,155,159030,卖盘
1020,13:04:54,10.26,--,28,28728,卖盘
1021,13:04:49,10.26,--,147,150822,卖盘
1022,13:04:38,10.26,-0.01,6,6156,卖盘
1023,13:04:34,10.27,0.01,1,1027,买盘
1024,13:04:28,10.26,--,27,27702,卖盘
1025,13:04:19,10.26,-0.01,1,1026,卖盘
1026,13:04:13,10.27,--,43,44161,买盘
1027,13:04:09,10.27,--,20,20540,买盘
1028,13:03:58,10.27,0.01,1,1027,买盘
1029,13:03:52,10.26,--,5,5130,卖盘
1030,13:03:49,10.26,--,37,37962,卖盘
1031,13:03:33,10.26,--,13,13338,卖盘
1032,13:03:19,10.26,--,11,11286,卖盘
1033,13:03:03,10.26,--,4,4104,卖盘
1034,13:02:52,10.26,--,6,6156,卖盘
1035,13:02:48,10.26,--,239,245214,卖盘
1036,13:02:43,10.26,-0.01,3,3078,卖盘
1037,13:02:28,10.27,0.01,16,16432,买盘
1038,13:02:19,10.26,-0.01,1,1231,卖盘
1039,13:02:04,10.27,0.01,3,3081,买盘
1040,13:01:52,10.26,--,25,25650,卖盘
1041,13:01:49,10.26,-0.01,31,31806,卖盘
1042,13:01:34,10.27,--,1,1027,买盘
1043,13:01:28,10.27,0.01,4,4108,买盘
1044,13:01:22,10.26,--,3,3078,卖盘
1045,13:01:19,10.26,--,102,104652,卖盘
1046,13:01:04,10.26,-0.01,210,215460,卖盘
1047,13:00:58,10.27,0.01,1,1027,买盘
1048,13:00:52,10.26,--,10,10260,卖盘
1049,13:00:48,10.26,-0.01,4,4104,卖盘
1050,13:00:43,10.27,--,10,10270,买盘
1051,13:00:37,10.27,--,29,29783,买盘
1052,13:00:21,10.27,--,18,18486,买盘
1053,13:00:18,10.27,--,10,10270,买盘
1054,13:00:13,10.27,0.01,354,363558,买盘
1055,13:00:07,10.26,-0.01,1255,1287907,卖盘
1056,11:30:00,10.27,--,0,0,买盘
1057,11:30:00,10.27,--,0,0,买盘
1058,11:29:59,10.27,--,1,1027,买盘
1059,11:29:53,10.27,0.01,1,1027,买盘
1060,11:29:47,10.26,--,1,1026,卖盘
1061,11:29:44,10.26,-0.01,7,7182,卖盘
1062,11:29:32,10.27,--,1,1027,买盘
1063,11:29:29,10.27,--,1,1027,买盘
1064,11:29:23,10.27,0.01,5,5135,买盘
1065,11:29:17,10.26,-0.01,1,1026,卖盘
1066,11:29:14,10.27,0.01,3,3081,买盘
1067,11:29:08,10.26,--,4,4104,卖盘
1068,11:29:02,10.26,-0.01,20,20520,卖盘
1069,11:28:59,10.27,--,1,1027,买盘
1070,11:28:53,10.27,0.01,1,1027,买盘
1071,11:28:47,10.26,-0.01,3,3078,卖盘
1072,11:28:44,10.27,0.01,1,1027,买盘
1073,11:28:38,10.26,0.01,394,404244,买盘
1074,11:28:32,10.25,-0.01,7,7175,卖盘
1075,11:28:23,10.26,0.01,57,58482,买盘
1076,11:28:17,10.25,--,5,5125,卖盘
1077,11:28:14,10.25,-0.01,2,2050,卖盘
1078,11:28:02,10.26,--,51,52326,买盘
1079,11:27:58,10.26,--,18,18468,买盘
1080,11:27:53,10.26,0.01,29,29754,买盘
1081,11:27:47,10.25,--,93,95325,卖盘
1082,11:27:44,10.25,--,7,7175,卖盘
1083,11:27:38,10.25,--,37,37925,卖盘
1084,11:27:28,10.25,--,10,10250,卖盘
1085,11:27:23,10.25,--,14,14350,卖盘
1086,11:27:17,10.25,-0.01,16,16400,卖盘
1087,11:27:08,10.26,--,19,19494,买盘
1088,11:26:53,10.26,0.01,206,211356,买盘
1089,11:26:47,10.25,-0.01,3,3075,卖盘
1090,11:26:38,10.26,0.01,5,5130,买盘
1091,11:26:28,10.25,--,10,10250,卖盘
1092,11:26:23,10.25,--,300,307500,卖盘
1093,11:26:17,10.25,--,8,8200,卖盘
1094,11:26:13,10.25,-0.01,2,2460,卖盘
1095,11:26:02,10.26,0.01,11,11286,买盘
1096,11:25:53,10.25,-0.01,1,1025,卖盘
1097,11:25:47,10.26,0.01,6,6156,买盘
1098,11:25:43,10.25,--,5,5125,卖盘
1099,11:25:38,10.25,--,6,6150,卖盘
1100,11:25:17,10.25,--,1,1025,卖盘
1101,11:25:08,10.25,-0.01,18,18450,卖盘
1102,11:25:02,10.26,0.01,51,52326,买盘
1103,11:24:47,10.25,-0.01,2,2050,卖盘
1104,11:24:38,10.26,--,1,1026,买盘
1105,11:24:28,10.26,0.01,1,1026,买盘
1106,11:24:23,10.25,--,201,206025,卖盘
1107,11:24:17,10.25,--,47,48175,卖盘
1108,11:23:47,10.25,--,101,103525,卖盘
1109,11:23:38,10.25,-0.01,1,1025,卖盘
1110,11:23:26,10.26,--,1,1026,买盘
1111,11:23:23,10.26,0.01,1,1026,买盘
1112,11:23:17,10.25,--,18,18450,卖盘
1113,11:23:08,10.25,--,20,20500,卖盘
1114,11:23:02,10.25,-0.01,6,6150,卖盘
1115,11:22:56,10.26,--,1,1026,买盘
1116,11:22:53,10.26,0.01,1,1026,买盘
1117,11:22:47,10.25,--,2,2050,卖盘
1118,11:22:32,10.25,0.01,268,274700,买盘
1119,11:22:22,10.24,--,9,9216,卖盘
1120,11:22:17,10.24,-0.01,101,103424,卖盘
1121,11:22:02,10.25,--,1,1025,买盘
1122,11:21:56,10.25,--,88,90200,卖盘
1123,11:21:53,10.25,--,6,6150,卖盘
1124,11:21:47,10.25,-0.01,1,1025,卖盘
1125,11:21:32,10.26,--,20,20520,买盘
1126,11:21:26,10.26,--,2,2052,买盘
1127,11:21:22,10.26,0.01,18,18468,买盘
1128,11:21:11,10.25,-0.02,1547,1585675,卖盘
1129,11:21:01,10.27,0.01,48,49296,买盘
1130,11:20:56,10.26,-0.01,3,3078,中性盘
1131,11:20:52,10.27,0.02,29,29783,买盘
1132,11:20:47,10.25,--,2,2050,卖盘
1133,11:20:41,10.25,-0.01,5,5125,卖盘
1134,11:20:31,10.26,-0.01,31,31806,卖盘
1135,11:20:26,10.27,0.02,4,4108,买盘
1136,11:20:22,10.25,--,0,0,卖盘
1137,11:20:17,10.25,-0.02,55,56375,卖盘
1138,11:20:11,10.27,0.01,58,59566,买盘
1139,11:20:02,10.26,0.01,12,12312,买盘
1140,11:19:55,10.25,-0.01,5,5125,卖盘
1141,11:19:52,10.26,0.01,28,28728,买盘
1142,11:19:47,10.25,--,4,4100,卖盘
1143,11:19:37,10.25,--,3,3075,卖盘
1144,11:19:32,10.25,--,7,7175,卖盘
1145,11:19:26,10.25,--,6,6150,卖盘
1146,11:19:17,10.25,--,113,115825,卖盘
1147,11:19:11,10.25,-0.01,6,6150,卖盘
1148,11:19:02,10.26,0.01,1,1026,买盘
1149,11:18:56,10.25,-0.01,93,95325,卖盘
1150,11:18:47,10.26,0.01,70,71820,买盘
1151,11:18:41,10.25,-0.01,47,48175,卖盘
1152,11:18:37,10.26,0.01,2,2052,买盘
1153,11:18:32,10.25,-0.01,2,2050,卖盘
1154,11:18:26,10.26,0.01,30,30780,买盘
1155,11:18:22,10.25,--,7,7175,卖盘
1156,11:18:17,10.25,-0.01,30,30750,卖盘
1157,11:18:11,10.26,--,10,10260,买盘
1158,11:18:07,10.26,--,1,1026,买盘
1159,11:18:02,10.26,-0.01,92,94392,卖盘
1160,11:17:52,10.27,0.01,40,41080,买盘
1161,11:17:47,10.26,--,32,32832,卖盘
1162,11:17:40,10.26,--,9,9234,卖盘
1163,11:17:32,10.26,--,6,6156,卖盘
1164,11:17:20,10.26,--,110,112860,卖盘
1165,11:17:17,10.26,-0.01,4,4104,卖盘
1166,11:17:11,10.27,0.01,331,339937,买盘
1167,11:17:02,10.26,--,50,51300,卖盘
1168,11:16:47,10.26,--,1,1026,卖盘
1169,11:16:40,10.26,-0.01,201,206226,卖盘
1170,11:16:32,10.27,--,4,4108,买盘
1171,11:16:26,10.27,0.01,5,5135,买盘
1172,11:16:20,10.26,--,10,10260,卖盘
1173,11:16:17,10.26,--,2,2052,卖盘
1174,11:16:11,10.26,-0.01,16,16416,卖盘
1175,11:16:01,10.27,--,28,28756,买盘
1176,11:15:56,10.27,--,51,52377,买盘
1177,11:15:50,10.27,0.01,29,29783,买盘
1178,11:15:47,10.26,--,2,2052,卖盘
1179,11:15:41,10.26,--,2,2052,卖盘
1180,11:15:32,10.26,-0.01,6,6156,卖盘
1181,11:15:25,10.27,--,1,1027,买盘
1182,11:15:20,10.27,0.01,1,1027,买盘
1183,11:15:16,10.26,--,7,7182,卖盘
1184,11:15:05,10.26,-0.01,31,31806,卖盘
1185,11:15:02,10.27,0.01,100,102700,买盘
1186,11:14:56,10.26,-0.01,6,6156,卖盘
1187,11:14:50,10.27,0.01,1,1027,买盘
1188,11:14:47,10.26,-0.01,129,132354,卖盘
1189,11:14:40,10.27,0.01,110,112970,买盘
1190,11:14:31,10.26,-0.01,1,1026,卖盘
1191,11:14:26,10.27,--,264,271128,买盘
1192,11:14:20,10.27,--,15,15405,买盘
1193,11:14:16,10.27,--,19,19513,买盘
1194,11:14:10,10.27,--,22,22594,买盘
1195,11:14:05,10.27,--,211,216697,买盘
1196,11:14:01,10.27,--,28,28756,买盘
1197,11:13:56,10.27,--,19,19513,买盘
1198,11:13:50,10.27,--,32,32864,买盘
1199,11:13:35,10.27,--,224,230048,买盘
1200,11:13:31,10.27,--,25,26291,买盘
1201,11:13:26,10.27,--,55,56485,买盘
1202,11:13:20,10.27,0.01,101,103727,买盘
1203,11:13:16,10.26,-0.01,2,2052,卖盘
1204,11:13:05,10.27,--,24,24648,买盘
1205,11:13:01,10.27,0.01,28,28756,买盘
1206,11:12:56,10.26,-0.01,6,6156,卖盘
1207,11:12:50,10.27,--,31,31837,买盘
1208,11:12:41,10.27,--,1,1027,买盘
1209,11:12:35,10.27,--,20,20540,买盘
1210,11:12:25,10.27,--,3,3081,买盘
1211,11:12:20,10.27,--,48,49296,买盘
1212,11:12:16,10.27,0.01,24,24648,买盘
1213,11:12:11,10.26,--,20,20520,卖盘
1214,11:12:01,10.26,-0.01,5,5130,卖盘
1215,11:11:56,10.27,--,53,54431,买盘
1216,11:11:50,10.27,0.01,82,84214,买盘
1217,11:11:41,10.26,-0.01,6,6156,卖盘
1218,11:11:31,10.27,--,12,12324,买盘
1219,11:11:20,10.27,--,35,35945,买盘
1220,11:11:15,10.27,--,23,23621,买盘
1221,11:11:10,10.27,--,25,25675,买盘
1222,11:11:05,10.27,--,25,25675,买盘
1223,11:11:01,10.27,--,29,29783,买盘
1224,11:10:56,10.27,--,20,20540,买盘
1225,11:10:50,10.27,0.01,30,30892,买盘
1226,11:10:45,10.26,--,2,2052,卖盘
1227,11:10:40,10.26,--,41,42066,卖盘
1228,11:10:35,10.26,-0.01,16,16416,卖盘
1229,11:10:25,10.27,0.01,81,83187,买盘
1230,11:10:20,10.26,--,16,16416,卖盘
1231,11:10:11,10.26,-0.01,9,9234,卖盘
1232,11:10:05,10.27,--,52,53404,买盘
1233,11:09:59,10.27,0.01,5,5135,买盘
1234,11:09:55,10.26,-0.01,12,12312,卖盘
1235,11:09:50,10.27,--,71,72917,买盘
1236,11:09:29,10.27,--,5,5135,买盘
1237,11:09:25,10.27,0.01,7,7189,买盘
1238,11:09:20,10.26,--,39,40014,卖盘
1239,11:09:14,10.26,-0.01,28,28728,卖盘
1240,11:09:10,10.27,--,25,25675,买盘
1241,11:08:59,10.27,--,127,130429,买盘
1242,11:08:55,10.27,0.01,60,62441,买盘
1243,11:08:50,10.26,-0.01,57,58482,卖盘
1244,11:08:40,10.27,--,5,5135,买盘
1245,11:08:35,10.27,--,29,29783,买盘
1246,11:08:25,10.27,0.01,13,13351,买盘
1247,11:08:20,10.26,--,91,93366,卖盘
1248,11:08:14,10.26,--,2,2052,卖盘
1249,11:08:10,10.26,-0.01,44,45144,卖盘
1250,11:08:05,10.27,0.01,24,24648,买盘
1251,11:07:59,10.26,--,119,122094,卖盘
1252,11:07:55,10.26,--,53,54378,卖盘
1253,11:07:49,10.26,-0.01,1,1026,卖盘
1254,11:07:40,10.27,0.01,1,1027,买盘
1255,11:07:35,10.26,--,56,57456,卖盘
1256,11:07:19,10.26,--,2,2052,卖盘
1257,11:07:13,10.26,-0.01,87,89262,卖盘
1258,11:07:05,10.27,--,2,2054,买盘
1259,11:06:58,10.27,--,144,147888,买盘
1260,11:06:55,10.27,--,34,34918,卖盘
1261,11:06:49,10.27,--,57,58539,卖盘
1262,11:06:43,10.27,--,222,227994,卖盘
1263,11:06:40,10.27,-0.01,51,52377,卖盘
1264,11:06:34,10.28,0.01,1,1028,买盘
1265,11:06:25,10.27,--,33,33891,卖盘
1266,11:06:19,10.27,-0.01,7,7189,卖盘
1267,11:06:13,10.28,0.01,26,26728,买盘
1268,11:06:10,10.27,--,31,31837,卖盘
1269,11:06:04,10.27,-0.01,10,10270,卖盘
1270,11:05:59,10.28,--,41,42148,买盘
1271,11:05:49,10.28,0.01,67,68876,买盘
1272,11:05:43,10.27,-0.01,33,33891,卖盘
1273,11:05:40,10.28,--,30,30839,买盘
1274,11:05:34,10.28,--,58,59623,买盘
1275,11:05:28,10.28,--,29,29811,买盘
1276,11:05:25,10.28,0.01,25,25700,买盘
1277,11:05:19,10.27,-0.01,1,1027,卖盘
1278,11:05:13,10.28,--,28,28784,买盘
1279,11:05:04,10.28,0.01,26,26728,买盘
1280,11:04:58,10.27,--,34,34918,卖盘
1281,11:04:55,10.27,-0.01,31,31837,卖盘
1282,11:04:49,10.28,--,73,75044,买盘
1283,11:04:44,10.28,0.01,1,1028,买盘
1284,11:04:40,10.27,--,10,10270,卖盘
1285,11:04:28,10.27,--,71,72917,卖盘
1286,11:04:19,10.27,--,32,32864,卖盘
1287,11:04:14,10.27,--,30,30810,卖盘
1288,11:04:10,10.27,--,21,21567,卖盘
1289,11:04:04,10.27,--,31,31837,卖盘
1290,11:03:59,10.27,-0.01,50,51350,卖盘
1291,11:03:54,10.28,0.01,39,40092,买盘
1292,11:03:49,10.27,-0.01,57,58539,卖盘
1293,11:03:43,10.28,--,30,30839,买盘
1294,11:03:40,10.28,0.01,1,1028,买盘
1295,11:03:29,10.27,-0.01,10,10270,卖盘
1296,11:03:24,10.28,0.01,40,41120,买盘
1297,11:03:20,10.27,--,3,3081,卖盘
1298,11:03:14,10.27,--,38,39026,卖盘
1299,11:03:04,10.27,-0.01,5,5135,卖盘
1300,11:02:59,10.28,0.01,63,64763,买盘
1301,11:02:53,10.27,-0.01,6,6162,卖盘
1302,11:02:49,10.28,--,160,164480,买盘
1303,11:02:43,10.28,--,79,81212,买盘
1304,11:02:34,10.28,--,36,37008,买盘
1305,11:02:22,10.28,--,37,38036,买盘
1306,11:02:19,10.28,--,36,37008,买盘
1307,11:02:13,10.28,0.01,49,50372,买盘
1308,11:02:07,10.27,-0.01,5,5135,卖盘
1309,11:02:04,10.28,--,26,26728,买盘
1310,11:01:58,10.28,--,74,76072,买盘
1311,11:01:53,10.28,--,7,7196,卖盘
1312,11:01:49,10.28,--,8,8224,卖盘
1313,11:01:43,10.28,--,28,28784,买盘
1314,11:01:34,10.28,--,72,74016,买盘
1315,11:01:22,10.28,0.01,1000,1027999,买盘
1316,11:01:19,10.27,--,2,2054,卖盘
1317,11:01:13,10.27,--,6,6162,卖盘
1318,11:01:04,10.27,-0.02,81,83187,卖盘
1319,11:00:58,10.29,0.01,155,159495,买盘
1320,11:00:53,10.28,-0.01,19,19532,卖盘
1321,11:00:49,10.29,--,17,17493,买盘
1322,11:00:43,10.29,0.01,106,109073,买盘
1323,11:00:38,10.28,-0.01,19,19737,卖盘
1324,11:00:34,10.29,--,517,531993,买盘
1325,11:00:28,10.29,0.01,321,330309,买盘
1326,11:00:22,10.28,-0.01,110,113080,卖盘
1327,11:00:19,10.29,0.01,2,2058,买盘
1328,11:00:14,10.28,-0.01,115,118219,卖盘
1329,11:00:08,10.29,0.01,43,44246,买盘
1330,11:00:04,10.28,-0.01,49,50372,卖盘
1331,10:59:58,10.29,0.01,1,1029,买盘
1332,10:59:52,10.28,0.01,701,720628,买盘
1333,10:59:49,10.27,--,1,1027,卖盘
1334,10:59:43,10.27,-0.01,794,815438,卖盘
1335,10:59:38,10.28,0.01,58,59623,买盘
1336,10:59:34,10.27,--,29,29783,卖盘
1337,10:59:13,10.27,-0.01,104,106808,卖盘
1338,10:59:07,10.28,--,115,118219,卖盘
1339,10:58:58,10.28,--,60,61679,卖盘
1340,10:58:49,10.28,0.01,277,284756,买盘
1341,10:58:43,10.27,-0.01,6,6162,卖盘
1342,10:58:37,10.28,0.01,78,80184,买盘
1343,10:58:34,10.27,-0.01,31,31837,卖盘
1344,10:58:28,10.28,--,103,105884,卖盘
1345,10:58:22,10.28,--,15,15419,卖盘
1346,10:58:19,10.28,--,6,6168,卖盘
1347,10:58:13,10.28,--,109,112052,卖盘
1348,10:58:07,10.28,--,161,165508,卖盘
1349,10:58:04,10.28,--,28,28784,卖盘
1350,10:57:58,10.28,-0.01,116,119247,卖盘
1351,10:57:52,10.29,0.01,120,123479,买盘
1352,10:57:49,10.28,--,39,40092,卖盘
1353,10:57:43,10.28,--,11,11308,卖盘
1354,10:57:37,10.28,--,63,64763,卖盘
1355,10:57:34,10.28,--,80,82240,卖盘
1356,10:57:28,10.28,--,46,47288,卖盘
1357,10:57:22,10.28,--,6,6168,卖盘
1358,10:57:19,10.28,-0.01,2,2056,卖盘
1359,10:57:13,10.29,--,25,25724,买盘
1360,10:57:07,10.29,0.01,1,1029,买盘
1361,10:56:58,10.28,--,58,59623,买盘
1362,10:56:52,10.28,--,153,157284,卖盘
1363,10:56:48,10.28,--,1,1028,卖盘
1364,10:56:43,10.28,--,108,111024,卖盘
1365,10:56:37,10.28,--,9,9252,卖盘
1366,10:56:28,10.28,--,40,41120,卖盘
1367,10:56:22,10.28,--,7,7196,卖盘
1368,10:56:16,10.28,-0.01,21,21588,卖盘
1369,10:56:13,10.29,--,31,31898,买盘
1370,10:56:01,10.29,--,528,543312,买盘
1371,10:55:58,10.29,--,29,29840,买盘
1372,10:55:52,10.29,0.01,501,515528,买盘
1373,10:55:46,10.28,--,52,53456,卖盘
1374,10:55:43,10.28,-0.01,310,318680,卖盘
1375,10:55:38,10.29,0.01,43,44246,买盘
1376,10:55:31,10.28,--,10,10280,卖盘
1377,10:55:28,10.28,--,16,16448,卖盘
1378,10:55:22,10.28,--,202,207656,卖盘
1379,10:55:17,10.28,--,268,275504,卖盘
1380,10:55:13,10.28,--,145,149060,卖盘
1381,10:55:07,10.28,--,67,69287,卖盘
1382,10:54:58,10.28,--,1,1028,卖盘
1383,10:54:52,10.28,0.01,390,401166,买盘
1384,10:54:46,10.27,-0.01,7,7189,卖盘
1385,10:54:43,10.28,0.01,60,61679,买盘
1386,10:54:37,10.27,-0.01,20,20540,卖盘
1387,10:54:28,10.28,0.01,25,25700,买盘
1388,10:54:22,10.27,--,88,90376,卖盘
1389,10:54:16,10.27,--,15,15405,卖盘
1390,10:54:07,10.27,-0.01,19,19513,卖盘
1391,10:54:01,10.28,0.01,31,31867,买盘
1392,10:53:58,10.27,-0.01,6,6162,卖盘
1393,10:53:52,10.28,--,28,28784,买盘
1394,10:53:46,10.28,--,25,25700,买盘
1395,10:53:43,10.28,-0.01,472,485997,卖盘
1396,10:53:37,10.29,--,60,61739,买盘
1397,10:53:31,10.29,0.01,35,36015,买盘
1398,10:53:28,10.28,--,72,74016,卖盘
1399,10:53:22,10.28,--,33,33924,卖盘
1400,10:53:16,10.28,-0.01,2,2056,卖盘
1401,10:53:13,10.29,--,48,49391,买盘
1402,10:53:01,10.29,0.01,20,20580,买盘
1403,10:52:52,10.28,--,34,34952,卖盘
1404,10:52:46,10.28,-0.01,7,7442,卖盘
1405,10:52:37,10.29,--,51,52478,买盘
1406,10:52:31,10.29,--,1,1029,买盘
1407,10:52:28,10.29,--,24,24695,买盘
1408,10:52:22,10.29,0.01,27,27782,买盘
1409,10:52:16,10.28,--,36,37008,卖盘
1410,10:52:13,10.28,-0.01,60,61679,卖盘
1411,10:52:07,10.29,0.01,43,44246,买盘
1412,10:52:01,10.28,--,71,72988,卖盘
1413,10:51:58,10.28,-0.01,50,51400,卖盘
1414,10:51:52,10.29,0.01,60,61739,买盘
1415,10:51:46,10.28,--,552,567456,买盘
1416,10:51:42,10.28,--,90,92520,买盘
1417,10:51:37,10.28,--,100,102800,买盘
1418,10:51:31,10.28,--,161,165508,买盘
1419,10:51:22,10.28,0.01,99,101772,买盘
1420,10:51:16,10.27,--,19,19513,卖盘
1421,10:51:13,10.27,--,5,5135,卖盘
1422,10:51:07,10.27,-0.01,23,23621,卖盘
1423,10:51:01,10.28,0.01,7,7196,买盘
1424,10:50:58,10.27,--,6,6162,卖盘
1425,10:50:52,10.27,--,8,8216,卖盘
1426,10:50:46,10.27,-0.01,29,29783,卖盘
1427,10:50:37,10.28,--,69,70932,买盘
1428,10:50:31,10.28,--,79,81212,买盘
1429,10:50:28,10.28,--,50,51400,买盘
1430,10:50:22,10.28,0.01,92,94576,买盘
1431,10:50:16,10.27,-0.01,80,82160,卖盘
1432,10:50:13,10.28,--,54,55512,买盘
1433,10:50:07,10.28,--,121,124387,买盘
1434,10:50:01,10.28,--,43,44204,买盘
1435,10:49:58,10.28,0.01,69,70932,买盘
1436,10:49:52,10.27,--,32,32864,买盘
1437,10:49:46,10.27,-0.01,428,439556,卖盘
1438,10:49:42,10.28,--,31,31867,买盘
1439,10:49:37,10.28,0.01,42,43176,买盘
1440,10:49:31,10.27,--,36,36972,买盘
1441,10:49:22,10.27,0.01,29,29783,买盘
1442,10:49:16,10.26,-0.01,1,1026,卖盘
1443,10:49:07,10.27,--,1,1027,买盘
1444,10:49:01,10.27,--,7,7189,买盘
1445,10:48:57,10.27,0.01,121,124267,买盘
1446,10:48:46,10.26,-0.01,3,3078,卖盘
1447,10:48:42,10.27,--,19,19513,买盘
1448,10:48:37,10.27,--,20,20540,买盘
1449,10:48:31,10.27,0.01,1,1027,买盘
1450,10:48:25,10.26,--,2,2052,卖盘
1451,10:48:22,10.26,--,36,36936,卖盘
1452,10:48:16,10.26,-0.02,1,1026,卖盘
1453,10:48:07,10.28,--,0,0,买盘
1454,10:48:01,10.28,--,241,247747,买盘
1455,10:47:55,10.28,0.01,11,11308,买盘
1456,10:47:52,10.27,--,73,74971,卖盘
1457,10:47:46,10.27,--,84,86268,卖盘
1458,10:47:40,10.27,--,4,4108,卖盘
1459,10:47:37,10.27,--,19,19513,卖盘
1460,10:47:31,10.27,--,162,166374,卖盘
1461,10:47:22,10.27,--,98,100646,卖盘
1462,10:47:16,10.27,--,2,2054,卖盘
1463,10:47:07,10.27,-0.01,19,19513,卖盘
1464,10:47:01,10.28,--,12,12336,买盘
1465,10:46:52,10.28,--,9,9252,买盘
1466,10:46:46,10.28,-0.01,2462,2531141,卖盘
1467,10:46:40,10.29,--,33,33957,买盘
1468,10:46:37,10.29,0.01,31,31898,买盘
1469,10:46:31,10.28,--,74,76072,卖盘
1470,10:46:25,10.28,--,50,51400,卖盘
1471,10:46:22,10.28,--,11,11308,卖盘
1472,10:46:10,10.28,--,25,25700,卖盘
1473,10:46:07,10.28,-0.01,412,423536,卖盘
1474,10:46:01,10.29,--,2,2058,买盘
1475,10:45:52,10.29,0.01,59,60710,买盘
1476,10:45:46,10.28,--,12,12336,卖盘
1477,10:45:40,10.28,-0.01,58,60446,卖盘
1478,10:45:37,10.29,0.01,18,18522,买盘
1479,10:45:31,10.28,--,26,26728,卖盘
1480,10:45:25,10.28,--,1,1028,卖盘
1481,10:45:22,10.28,-0.01,122,125415,卖盘
1482,10:45:16,10.29,0.01,104,107015,买盘
1483,10:45:10,10.28,-0.01,200,205600,卖盘
1484,10:45:01,10.29,--,4,4116,买盘
1485,10:44:55,10.29,--,291,299439,买盘
1486,10:44:52,10.29,0.01,45,46304,买盘
1487,10:44:46,10.28,-0.01,28,28784,卖盘
1488,10:44:40,10.29,--,263,270627,买盘
1489,10:44:36,10.29,-0.01,640,658560,中性盘
1490,10:44:31,10.3,0.01,116,119480,买盘
1491,10:44:25,10.29,0.01,224,230495,中性盘
1492,10:44:22,10.28,-0.02,7,7196,卖盘
1493,10:44:16,10.3,0.01,794,817820,买盘
1494,10:44:10,10.29,--,1383,1423106,买盘
1495,10:44:07,10.29,--,156,160524,买盘
1496,10:44:01,10.29,--,82,84378,买盘
1497,10:43:55,10.29,--,151,155379,买盘
1498,10:43:51,10.29,0.01,220,226379,买盘
1499,10:43:46,10.28,--,78,80184,买盘
1500,10:43:40,10.28,--,123,126443,买盘
1501,10:43:36,10.28,--,597,613716,买盘
1502,10:43:31,10.28,--,300,308400,买盘
1503,10:43:25,10.28,--,733,753524,买盘
1504,10:43:21,10.28,--,56,57568,买盘
1505,10:43:16,10.28,0.01,280,287840,买盘
1506,10:43:10,10.27,--,37,37999,买盘
1507,10:43:07,10.27,--,2,2054,买盘
1508,10:43:01,10.27,--,99,101673,卖盘
1509,10:42:55,10.27,-0.01,15,15405,卖盘
1510,10:42:51,10.28,--,12,12336,买盘
1511,10:42:46,10.28,--,50,51400,买盘
1512,10:42:40,10.28,-0.01,1,1028,卖盘
1513,10:42:31,10.29,--,0,0,买盘
1514,10:42:25,10.29,0.04,5866,6036113,买盘
1515,10:42:21,10.25,--,2,2050,卖盘
1516,10:42:16,10.25,--,359,368918,买盘
1517,10:42:10,10.25,--,201,206025,买盘
1518,10:42:06,10.25,--,400,410000,买盘
1519,10:42:01,10.25,--,50,51250,买盘
1520,10:41:55,10.25,0.01,138,141450,买盘
1521,10:41:46,10.24,--,1,1024,卖盘
1522,10:41:40,10.24,--,65,66560,卖盘
1523,10:41:36,10.24,--,543,556032,买盘
1524,10:41:31,10.24,--,1030,1054720,买盘
1525,10:41:25,10.24,0.01,46,47104,买盘
1526,10:41:21,10.23,--,2,2046,卖盘
1527,10:41:16,10.23,-0.01,38,38874,卖盘
1528,10:41:10,10.24,--,24,24576,买盘
1529,10:41:06,10.24,--,42,43008,买盘
1530,10:40:51,10.24,0.01,74,75776,买盘
1531,10:40:46,10.23,-0.01,97,99231,卖盘
1532,10:40:40,10.24,--,25,25600,买盘
1533,10:40:34,10.24,--,124,126976,买盘
1534,10:40:31,10.24,--,48,49152,买盘
1535,10:40:25,10.24,0.01,82,83968,买盘
1536,10:40:19,10.23,--,2,2046,卖盘
1537,10:40:16,10.23,-0.01,37,37851,卖盘
1538,10:40:10,10.24,--,4,4096,买盘
1539,10:40:04,10.24,--,19,19456,买盘
1540,10:39:55,10.24,--,41,41984,买盘
1541,10:39:49,10.24,0.01,18,18432,买盘
1542,10:39:46,10.23,--,1,1023,卖盘
1543,10:39:40,10.23,-0.01,27,27621,卖盘
1544,10:39:34,10.24,0.01,1,1024,买盘
1545,10:39:31,10.23,-0.01,2,2046,卖盘
1546,10:39:25,10.24,0.01,38,38912,买盘
1547,10:39:16,10.23,-0.01,5,5115,卖盘
1548,10:39:10,10.24,--,1,1024,买盘
1549,10:39:04,10.24,0.01,6,6144,买盘
1550,10:38:49,10.23,-0.01,1,1023,卖盘
1551,10:38:40,10.24,--,1,1024,买盘
1552,10:38:25,10.24,--,28,28672,买盘
1553,10:38:19,10.24,--,3,3072,买盘
1554,10:38:16,10.24,0.01,28,28672,买盘
1555,10:38:10,10.23,--,9,9820,卖盘
1556,10:37:46,10.23,--,26,26598,卖盘
1557,10:37:31,10.23,-0.01,10,10230,卖盘
1558,10:37:25,10.24,0.01,50,51200,买盘
1559,10:37:19,10.23,--,1,1023,卖盘
1560,10:37:16,10.23,--,11,11253,卖盘
1561,10:37:10,10.23,0.01,83,84909,买盘
1562,10:37:00,10.22,-0.01,2,2044,卖盘
1563,10:36:45,10.23,-0.01,18,18414,卖盘
1564,10:36:40,10.24,--,1,1024,买盘
1565,10:36:25,10.24,-0.01,130,133120,卖盘
1566,10:36:19,10.25,0.01,1102,1129550,买盘
1567,10:36:15,10.24,--,10,10240,卖盘
1568,10:36:10,10.24,-0.01,45,46080,卖盘
1569,10:36:00,10.25,0.01,2,2050,买盘
1570,10:35:55,10.24,--,1144,1171456,卖盘
1571,10:35:49,10.24,--,4,4096,卖盘
1572,10:35:45,10.24,-0.01,3,3072,卖盘
1573,10:35:40,10.25,--,10,10250,买盘
1574,10:35:34,10.25,--,14,14350,买盘
1575,10:35:25,10.25,0.01,163,167075,买盘
1576,10:35:19,10.24,-0.01,1,1024,卖盘
1577,10:35:15,10.25,--,28,28700,买盘
1578,10:35:10,10.25,--,50,51250,买盘
1579,10:34:55,10.25,--,165,169125,买盘
1580,10:34:49,10.25,--,2,2050,买盘
1581,10:34:34,10.25,0.01,10,10250,买盘
1582,10:34:30,10.24,--,2,2048,卖盘
1583,10:34:25,10.24,-0.01,10,10240,卖盘
1584,10:34:19,10.25,0.01,338,346450,买盘
1585,10:34:15,10.24,--,29,29696,卖盘
1586,10:34:04,10.24,-0.01,2,2048,卖盘
1587,10:33:55,10.25,0.01,51,52275,买盘
1588,10:33:49,10.24,-0.01,7,7168,卖盘
1589,10:33:34,10.25,--,125,128125,买盘
1590,10:33:25,10.25,--,1,1025,买盘
1591,10:33:19,10.25,--,133,136325,买盘
1592,10:33:15,10.25,0.01,29,29725,买盘
1593,10:33:10,10.24,-0.01,20,20480,卖盘
1594,10:33:00,10.25,0.01,1,1025,买盘
1595,10:32:49,10.24,-0.01,71,72704,卖盘
1596,10:32:45,10.25,--,262,268550,买盘
1597,10:32:40,10.25,0.01,18,18450,买盘
1598,10:32:34,10.24,-0.01,35,35840,卖盘
1599,10:32:25,10.25,--,26,26650,买盘
1600,10:32:19,10.25,--,57,58425,买盘
1601,10:32:10,10.25,--,4,4100,买盘
1602,10:32:04,10.25,0.01,56,57400,买盘
1603,10:31:58,10.24,-0.01,2,2048,卖盘
1604,10:31:49,10.25,0.01,40,41000,买盘
1605,10:31:43,10.24,-0.01,20,20480,卖盘
1606,10:31:40,10.25,--,20,20500,买盘
1607,10:31:34,10.25,0.01,187,191675,买盘
1608,10:31:25,10.24,--,87,89088,买盘
1609,10:31:19,10.24,--,91,93184,卖盘
1610,10:31:13,10.24,--,159,162816,买盘
1611,10:31:10,10.24,-0.01,192,196608,卖盘
1612,10:31:04,10.25,0.01,140,143500,买盘
1613,10:30:58,10.24,-0.01,216,222003,卖盘
1614,10:30:55,10.25,0.01,231,236980,买盘
1615,10:30:49,10.24,--,25,25600,买盘
1616,10:30:43,10.24,--,502,514048,买盘
1617,10:30:40,10.24,--,72,73728,买盘
1618,10:30:34,10.24,--,162,166195,买盘
1619,10:30:28,10.24,--,65,66560,买盘
1620,10:30:25,10.24,--,178,182272,买盘
1621,10:30:19,10.24,0.01,105,107520,买盘
1622,10:30:13,10.23,-0.01,529,541167,卖盘
1623,10:30:10,10.24,--,106,108544,买盘
1624,10:30:04,10.24,--,58,59392,买盘
1625,10:29:55,10.24,0.01,1,1024,买盘
1626,10:29:49,10.23,--,16,16368,卖盘
1627,10:29:43,10.23,--,345,352935,卖盘
1628,10:29:40,10.23,--,1,1023,卖盘
1629,10:29:34,10.23,0.01,490,501955,买盘
1630,10:29:28,10.22,-0.01,2,2044,卖盘
1631,10:29:25,10.23,0.01,39,39897,买盘
1632,10:29:19,10.22,-0.01,2,2044,卖盘
1633,10:29:13,10.23,--,108,110484,买盘
1634,10:29:09,10.23,--,1,1023,买盘
1635,10:29:04,10.23,0.01,260,265980,买盘
1636,10:28:49,10.22,--,1,1022,卖盘
1637,10:28:39,10.22,-0.01,80,81760,卖盘
1638,10:28:34,10.23,--,76,77748,买盘
1639,10:28:28,10.23,--,48,49104,买盘
1640,10:28:19,10.23,--,57,58311,买盘
1641,10:28:13,10.23,--,74,75702,买盘
1642,10:28:09,10.23,--,36,36828,买盘
1643,10:28:04,10.23,0.01,28,28644,买盘
1644,10:27:58,10.22,-0.01,93,95046,中性盘
1645,10:27:54,10.23,0.01,46,47058,买盘
1646,10:27:49,10.22,--,390,398580,买盘
1647,10:27:34,10.22,--,33,33726,买盘
1648,10:27:28,10.22,--,79,80738,买盘
1649,10:27:24,10.22,--,29,29638,买盘
1650,10:27:19,10.22,--,58,59276,买盘
1651,10:27:13,10.22,--,72,73584,买盘
1652,10:27:04,10.22,--,36,36792,买盘
1653,10:26:58,10.22,0.01,120,122640,买盘
1654,10:26:49,10.21,--,29,29609,卖盘
1655,10:26:43,10.21,--,20,20420,卖盘
1656,10:26:24,10.21,-0.01,80,81680,卖盘
1657,10:26:19,10.22,--,144,147168,买盘
1658,10:26:13,10.22,0.01,40,40880,买盘
1659,10:26:09,10.21,--,26,26546,卖盘
1660,10:26:04,10.21,--,12,12252,卖盘
1661,10:25:58,10.21,--,11,11231,卖盘
1662,10:25:49,10.21,--,14,14294,卖盘
1663,10:25:43,10.21,-0.01,100,102100,卖盘
1664,10:25:34,10.22,0.01,25,25550,买盘
1665,10:25:28,10.21,--,35,35735,卖盘
1666,10:25:24,10.21,-0.01,31,31651,卖盘
1667,10:25:19,10.22,--,13,13286,买盘
1668,10:25:13,10.22,--,10,10220,买盘
1669,10:25:09,10.22,0.01,5,5110,买盘
1670,10:25:04,10.21,-0.01,56,57176,卖盘
1671,10:24:54,10.22,--,50,51100,买盘
1672,10:24:49,10.22,0.01,9,9198,买盘
1673,10:24:43,10.21,--,16,16336,卖盘
1674,10:24:28,10.21,-0.01,117,119457,卖盘
1675,10:24:22,10.22,--,122,124857,卖盘
1676,10:24:19,10.22,--,1,1022,卖盘
1677,10:24:13,10.22,-0.01,21,21462,卖盘
1678,10:24:04,10.23,0.01,116,118668,买盘
1679,10:23:58,10.22,-0.01,30,30660,卖盘
1680,10:23:52,10.23,0.01,317,324291,买盘
1681,10:23:49,10.22,--,1,1022,卖盘
1682,10:23:43,10.22,--,17,17374,卖盘
1683,10:23:33,10.22,--,48,49056,卖盘
1684,10:23:28,10.22,-0.01,20,20440,卖盘
1685,10:23:22,10.23,0.01,29,29667,买盘
1686,10:23:18,10.22,-0.01,2,2044,卖盘
1687,10:23:13,10.23,0.01,57,58311,买盘
1688,10:23:07,10.22,-0.01,28,28616,卖盘
1689,10:23:03,10.23,0.01,50,51150,买盘
1690,10:22:49,10.22,--,6,6132,卖盘
1691,10:22:43,10.22,-0.01,16,16352,卖盘
1692,10:22:34,10.23,--,25,25575,买盘
1693,10:22:19,10.23,--,52,53196,买盘
1694,10:22:13,10.23,0.01,5,5115,买盘
1695,10:22:07,10.22,--,56,57232,卖盘
1696,10:21:58,10.22,--,37,37814,卖盘
1697,10:21:48,10.22,--,1,1022,卖盘
1698,10:21:43,10.22,-0.01,129,131838,卖盘
1699,10:21:37,10.23,--,93,95139,买盘
1700,10:21:33,10.23,--,10,10230,买盘
1701,10:21:28,10.23,--,39,39897,买盘
1702,10:21:22,10.23,0.01,84,85932,买盘
1703,10:21:18,10.22,-0.01,2,2044,卖盘
1704,10:21:13,10.23,--,117,119691,买盘
1705,10:21:03,10.23,0.01,46,47058,买盘
1706,10:20:48,10.22,-0.01,34,34748,卖盘
1707,10:20:43,10.23,--,7,7161,买盘
1708,10:20:37,10.23,0.01,26,26598,买盘
1709,10:20:33,10.22,-0.01,20,20440,卖盘
1710,10:20:22,10.23,0.01,99,101277,买盘
1711,10:20:18,10.22,--,1,1022,卖盘
1712,10:20:13,10.22,--,38,38836,卖盘
1713,10:20:07,10.22,--,103,106114,买盘
1714,10:20:03,10.22,--,1,1022,买盘
1715,10:19:58,10.22,--,895,914863,卖盘
1716,10:19:48,10.22,-0.01,1,1022,卖盘
1717,10:19:37,10.23,--,67,68541,买盘
1718,10:19:33,10.23,--,116,118668,买盘
1719,10:19:28,10.23,0.01,126,128898,买盘
1720,10:19:22,10.22,--,76,77672,卖盘
1721,10:19:18,10.22,--,2,2044,卖盘
1722,10:19:07,10.22,--,62,63364,卖盘
1723,10:19:03,10.22,--,20,20440,卖盘
1724,10:18:52,10.22,--,1,1022,卖盘
1725,10:18:48,10.22,-0.01,1,1022,卖盘
1726,10:18:37,10.23,0.01,25,25575,买盘
1727,10:18:33,10.22,-0.01,9,9198,卖盘
1728,10:18:28,10.23,--,25,25575,买盘
1729,10:18:22,10.23,0.01,32,32736,买盘
1730,10:18:18,10.22,-0.01,1,1022,卖盘
1731,10:18:13,10.23,0.01,44,45216,买盘
1732,10:17:47,10.22,--,1,1022,卖盘
1733,10:17:43,10.22,--,2,2044,卖盘
1734,10:17:37,10.22,--,6,6775,卖盘
1735,10:17:17,10.22,-0.01,2,2044,卖盘
1736,10:17:13,10.23,--,50,51150,买盘
1737,10:17:07,10.23,--,49,50127,买盘
1738,10:17:01,10.23,0.01,2,2046,买盘
1739,10:16:58,10.22,--,30,30660,卖盘
1740,10:16:46,10.22,--,1,1022,卖盘
1741,10:16:43,10.22,-0.01,203,207466,卖盘
1742,10:16:37,10.23,--,25,25575,买盘
1743,10:16:31,10.23,--,184,188232,买盘
1744,10:16:27,10.23,--,42,42966,买盘
1745,10:16:22,10.23,--,183,187781,卖盘
1746,10:16:16,10.23,-0.01,1,1023,卖盘
1747,10:16:12,10.24,0.01,29,29696,买盘
1748,10:16:01,10.23,--,25,25575,卖盘
1749,10:15:57,10.23,-0.01,305,312015,卖盘
1750,10:15:52,10.24,0.01,1,1024,买盘
1751,10:15:46,10.23,-0.01,2,2046,卖盘
1752,10:15:42,10.24,0.01,337,345088,买盘
1753,10:15:37,10.23,--,261,267003,卖盘
1754,10:15:27,10.23,-0.01,170,174544,卖盘
1755,10:15:16,10.24,--,316,323584,买盘
1756,10:15:12,10.24,0.01,70,71680,买盘
1757,10:15:07,10.23,--,12,12276,卖盘
1758,10:15:01,10.23,--,25,25575,卖盘
1759,10:14:57,10.23,--,2,2046,卖盘
1760,10:14:46,10.23,--,1,1023,卖盘
1761,10:14:42,10.23,--,47,48081,卖盘
1762,10:14:22,10.23,--,50,51150,卖盘
1763,10:14:16,10.23,-0.01,31,31713,卖盘
1764,10:14:01,10.24,0.01,59,60416,买盘
1765,10:13:57,10.23,--,1,1023,卖盘
1766,10:13:52,10.23,--,334,341845,卖盘
1767,10:13:46,10.23,--,17,17391,卖盘
1768,10:13:42,10.23,-0.01,10,10230,卖盘
1769,10:13:37,10.24,0.01,35,35840,买盘
1770,10:13:31,10.23,-0.02,561,573903,卖盘
1771,10:13:27,10.25,0.01,84,86100,买盘
1772,10:13:22,10.24,--,40,40960,卖盘
1773,10:13:16,10.24,--,42,43008,卖盘
1774,10:13:07,10.24,--,29,29696,卖盘
1775,10:13:01,10.24,--,40,40960,卖盘
1776,10:12:57,10.24,--,139,142336,买盘
1777,10:12:52,10.24,--,161,164864,卖盘
1778,10:12:46,10.24,--,26,26624,卖盘
1779,10:12:42,10.24,--,31,31744,买盘
1780,10:12:36,10.24,--,100,102400,买盘
1781,10:12:31,10.24,--,6,6144,买盘
1782,10:12:21,10.24,0.01,89,91136,买盘
1783,10:12:16,10.23,-0.01,275,281325,卖盘
1784,10:12:12,10.24,--,32,32768,买盘
1785,10:12:07,10.24,--,50,51200,买盘
1786,10:12:01,10.24,--,28,28672,买盘
1787,10:11:51,10.24,0.01,76,77824,买盘
1788,10:11:46,10.23,--,7,7161,卖盘
1789,10:11:37,10.23,-0.01,154,157542,卖盘
1790,10:11:31,10.24,--,144,147456,买盘
1791,10:11:27,10.24,--,28,28672,买盘
1792,10:11:21,10.24,--,18,18432,买盘
1793,10:11:16,10.24,--,24,24576,买盘
1794,10:11:12,10.24,--,84,86016,买盘
1795,10:11:01,10.24,--,18,18432,买盘
1796,10:10:52,10.24,0.01,11,11264,买盘
1797,10:10:46,10.23,-0.01,123,125829,卖盘
1798,10:10:42,10.24,--,1,1024,买盘
1799,10:10:36,10.24,--,45,46080,买盘
1800,10:10:31,10.24,-0.01,1243,1273589,卖盘
1801,10:10:22,10.25,--,146,149650,买盘
1802,10:10:16,10.25,--,42,43050,买盘
1803,10:10:01,10.25,--,45,46125,买盘
1804,10:09:40,10.25,--,36,36900,买盘
1805,10:09:36,10.25,--,132,135300,买盘
1806,10:09:31,10.25,0.01,63,64575,买盘
1807,10:09:25,10.24,-0.01,65,67133,卖盘
1808,10:09:21,10.25,--,34,34850,买盘
1809,10:09:16,10.25,--,457,468630,买盘
1810,10:09:10,10.25,--,29,29725,买盘
1811,10:09:06,10.25,--,59,60475,买盘
1812,10:09:01,10.25,--,175,179375,买盘
1813,10:08:55,10.25,0.01,10,10250,买盘
1814,10:08:51,10.24,--,99,101376,卖盘
1815,10:08:46,10.24,-0.01,58,59392,卖盘
1816,10:08:40,10.25,0.01,36,36900,买盘
1817,10:08:36,10.24,-0.01,15,15360,卖盘
1818,10:08:31,10.25,0.01,144,148112,买盘
1819,10:08:25,10.24,--,30,30720,买盘
1820,10:08:21,10.24,--,50,51200,买盘
1821,10:08:16,10.24,--,85,87040,买盘
1822,10:08:10,10.24,--,18,18432,买盘
1823,10:08:06,10.24,--,46,47104,买盘
1824,10:08:01,10.24,0.01,53,54272,买盘
1825,10:07:55,10.23,--,27,27621,卖盘
1826,10:07:51,10.23,-0.01,52,53196,卖盘
1827,10:07:46,10.24,--,43,44032,买盘
1828,10:07:40,10.24,--,31,31744,买盘
1829,10:07:36,10.24,--,25,25600,买盘
1830,10:07:31,10.24,--,77,78848,买盘
1831,10:07:25,10.24,--,29,29696,买盘
1832,10:07:21,10.24,--,22,22528,买盘
1833,10:07:16,10.24,0.01,56,57344,买盘
1834,10:07:10,10.23,--,22,22506,卖盘
1835,10:07:06,10.23,--,10,10230,卖盘
1836,10:07:01,10.23,-0.01,86,87978,卖盘
1837,10:06:55,10.24,--,34,34816,买盘
1838,10:06:51,10.24,--,42,43008,买盘
1839,10:06:46,10.24,--,24,24576,买盘
1840,10:06:40,10.24,--,48,49152,买盘
1841,10:06:36,10.24,--,25,25600,买盘
1842,10:06:31,10.24,--,42,43008,买盘
1843,10:06:25,10.24,--,29,29696,买盘
1844,10:06:15,10.24,--,36,36864,买盘
1845,10:06:10,10.24,--,5,5120,买盘
1846,10:06:00,10.24,--,18,18432,买盘
1847,10:05:55,10.24,--,75,76800,买盘
1848,10:05:40,10.24,--,3,3072,买盘
1849,10:05:36,10.24,--,35,35840,买盘
1850,10:05:30,10.24,--,172,176128,买盘
1851,10:05:25,10.24,--,54,55296,买盘
1852,10:05:15,10.24,--,80,81920,买盘
1853,10:05:10,10.24,0.01,144,147456,买盘
1854,10:05:05,10.23,-0.01,1,1023,卖盘
1855,10:05:00,10.24,0.01,97,99328,买盘
1856,10:04:55,10.23,--,21,21483,卖盘
1857,10:04:45,10.23,-0.01,10,10230,卖盘
1858,10:04:36,10.24,0.01,30,30720,买盘
1859,10:04:30,10.23,--,36,36828,卖盘
1860,10:04:25,10.23,--,34,34782,卖盘
1861,10:04:21,10.23,-0.01,33,33759,卖盘
1862,10:04:10,10.24,0.01,19,19456,买盘
1863,10:04:05,10.23,--,100,102300,卖盘
1864,10:04:00,10.23,-0.01,43,43989,卖盘
1865,10:03:50,10.24,--,3,3072,买盘
1866,10:03:40,10.24,--,95,97280,卖盘
1867,10:03:35,10.24,-0.01,121,123904,卖盘
1868,10:03:30,10.25,--,30,30750,买盘
1869,10:03:25,10.25,--,12,12300,买盘
1870,10:03:20,10.25,0.01,17,17425,买盘
1871,10:03:15,10.24,-0.01,60,61440,卖盘
1872,10:03:10,10.25,--,84,86100,买盘
1873,10:03:04,10.25,--,50,51250,买盘
1874,10:03:00,10.25,--,138,141450,买盘
1875,10:02:55,10.25,0.01,70,71750,买盘
1876,10:02:49,10.24,--,5,5120,卖盘
1877,10:02:45,10.24,--,308,315392,卖盘
1878,10:02:40,10.24,-0.01,137,140288,卖盘
1879,10:02:34,10.25,0.01,29,29725,买盘
1880,10:02:30,10.24,-0.01,115,117760,卖盘
1881,10:02:25,10.25,--,155,158875,买盘
1882,10:02:19,10.25,--,222,227550,买盘
1883,10:02:15,10.25,--,274,280850,买盘
1884,10:02:10,10.25,0.01,62,63550,买盘
1885,10:02:00,10.24,-0.01,137,140288,卖盘
1886,10:01:55,10.25,0.01,128,131794,买盘
1887,10:01:49,10.24,--,121,123904,卖盘
1888,10:01:45,10.24,--,21,21504,卖盘
1889,10:01:40,10.24,-0.01,399,408576,卖盘
1890,10:01:34,10.25,0.01,55,56375,买盘
1891,10:01:30,10.24,-0.01,44,45056,卖盘
1892,10:01:25,10.25,--,235,240875,买盘
1893,10:01:19,10.25,0.01,130,133250,买盘
1894,10:01:15,10.24,-0.01,195,199680,卖盘
1895,10:01:10,10.25,0.01,143,146985,买盘
1896,10:01:04,10.24,-0.01,7,7168,卖盘
1897,10:01:00,10.25,0.01,177,181425,买盘
1898,10:00:55,10.24,--,98,100352,卖盘
1899,10:00:49,10.24,-0.01,1,1024,卖盘
1900,10:00:45,10.25,0.01,139,142475,买盘
1901,10:00:40,10.24,--,81,82944,卖盘
1902,10:00:34,10.24,--,378,387072,卖盘
1903,10:00:30,10.24,-0.01,53,54272,卖盘
1904,10:00:25,10.25,0.01,264,270600,买盘
1905,10:00:19,10.24,--,205,209920,买盘
1906,10:00:15,10.24,0.01,536,548864,买盘
1907,10:00:10,10.23,-0.01,203,207669,卖盘
1908,10:00:04,10.24,0.01,102,104448,买盘
1909,09:59:54,10.23,-0.01,37,37851,卖盘
1910,09:59:49,10.24,0.01,79,80896,买盘
1911,09:59:34,10.23,--,86,87978,卖盘
1912,09:59:30,10.23,--,383,391809,卖盘
1913,09:59:24,10.23,-0.01,92,94116,卖盘
1914,09:59:19,10.24,--,346,354304,买盘
1915,09:59:15,10.24,--,16,16384,买盘
1916,09:59:09,10.24,--,13,13312,买盘
1917,09:59:04,10.24,0.01,176,180224,买盘
1918,09:59:00,10.23,-0.01,32,32736,卖盘
1919,09:58:54,10.24,--,56,57344,买盘
1920,09:58:49,10.24,0.01,19,19456,买盘
1921,09:58:45,10.23,-0.02,50,51150,卖盘
1922,09:58:39,10.25,--,10,10250,买盘
1923,09:58:34,10.25,0.02,57,58425,买盘
1924,09:58:30,10.23,-0.02,34,34782,卖盘
1925,09:58:24,10.25,0.02,55,56375,买盘
1926,09:58:19,10.23,-0.02,108,110484,卖盘
1927,09:58:14,10.25,0.01,16,16400,买盘
1928,09:58:09,10.24,-0.01,16,16384,中性盘
1929,09:58:04,10.25,0.01,129,132225,买盘
1930,09:57:54,10.24,-0.01,94,96256,卖盘
1931,09:57:49,10.25,0.01,60,61500,买盘
1932,09:57:45,10.24,--,5,5120,卖盘
1933,09:57:39,10.24,0.01,10,10240,买盘
1934,09:57:34,10.23,--,297,304506,卖盘
1935,09:57:30,10.23,-0.01,138,141174,卖盘
1936,09:57:24,10.24,0.01,388,397312,买盘
1937,09:57:19,10.23,-0.01,226,231198,卖盘
1938,09:57:15,10.24,0.01,350,358400,买盘
1939,09:57:04,10.23,-0.01,101,103323,卖盘
1940,09:56:54,10.24,--,73,74752,买盘
1941,09:56:49,10.24,--,263,269312,买盘
1942,09:56:39,10.24,0.01,51,52224,买盘
1943,09:56:34,10.23,--,60,61380,卖盘
1944,09:56:30,10.23,-0.01,100,102300,卖盘
1945,09:56:24,10.24,0.01,29,29696,买盘
1946,09:56:19,10.23,-0.01,197,201531,卖盘
1947,09:56:14,10.24,0.01,24,24576,买盘
1948,09:56:09,10.23,-0.01,592,605616,卖盘
1949,09:56:04,10.24,0.01,115,117760,买盘
1950,09:55:59,10.23,--,34,34782,买盘
1951,09:55:54,10.23,--,46,47058,买盘
1952,09:55:49,10.23,--,81,82863,卖盘
1953,09:55:44,10.23,--,1,1023,卖盘
1954,09:55:39,10.23,-0.01,368,376464,卖盘
1955,09:55:34,10.24,--,133,136192,买盘
1956,09:55:29,10.24,--,29,29696,买盘
1957,09:55:24,10.24,--,96,98304,买盘
1958,09:55:19,10.24,--,107,109568,买盘
1959,09:55:13,10.24,0.02,201,205824,买盘
1960,09:55:09,10.22,-0.01,531,543305,卖盘
1961,09:55:04,10.23,--,32,32736,买盘
1962,09:54:58,10.23,--,75,76725,买盘
1963,09:54:54,10.23,--,394,403062,买盘
1964,09:54:49,10.23,0.01,215,220569,买盘
1965,09:54:43,10.22,-0.01,201,205422,卖盘
1966,09:54:39,10.23,0.01,74,75702,买盘
1967,09:54:28,10.22,0.01,182,186637,买盘
1968,09:54:24,10.21,-0.01,308,315090,卖盘
1969,09:54:19,10.22,--,281,287182,买盘
1970,09:54:13,10.22,-0.01,693,708644,卖盘
1971,09:54:09,10.23,--,331,339237,买盘
1972,09:53:54,10.23,--,229,234267,买盘
1973,09:53:49,10.23,--,77,78771,买盘
1974,09:53:39,10.23,0.01,213,217899,买盘
1975,09:53:34,10.22,--,148,151256,买盘
1976,09:53:24,10.22,--,166,169652,买盘
1977,09:53:19,10.22,--,14,14308,买盘
1978,09:53:13,10.22,--,240,245903,买盘
1979,09:53:09,10.22,--,295,301490,买盘
1980,09:53:03,10.22,0.01,109,111398,买盘
1981,09:52:58,10.21,--,62,63302,卖盘
1982,09:52:48,10.21,-0.01,128,130688,卖盘
1983,09:52:43,10.22,--,5,5110,买盘
1984,09:52:39,10.22,0.02,275,281050,买盘
1985,09:52:33,10.2,-0.01,175,179122,卖盘
1986,09:52:28,10.21,--,38,38798,买盘
1987,09:52:24,10.21,-0.01,261,267032,卖盘
1988,09:52:18,10.22,0.01,484,494719,买盘
1989,09:52:13,10.21,--,387,395127,买盘
1990,09:52:09,10.21,--,36,36756,买盘
1991,09:52:03,10.21,--,54,55134,买盘
1992,09:51:58,10.21,0.01,564,576660,买盘
1993,09:51:53,10.2,--,285,290700,买盘
1994,09:51:48,10.2,--,37,37740,买盘
1995,09:51:43,10.2,--,30,30599,买盘
1996,09:51:38,10.2,--,1022,1042439,买盘
1997,09:51:33,10.2,--,300,306622,买盘
1998,09:51:28,10.2,0.01,1508,1538160,买盘
1999,09:51:24,10.19,--,5,5095,卖盘
2000,09:51:18,10.19,--,20,20380,卖盘
2001,09:51:13,10.19,--,183,187098,买盘
2002,09:51:09,10.19,--,257,261883,买盘
2003,09:51:03,10.19,--,65,66235,卖盘
2004,09:50:58,10.19,-0.01,20,20380,卖盘
2005,09:50:54,10.2,0.02,7,7139,买盘
2006,09:50:43,10.18,-0.02,100,101800,卖盘
2007,09:50:38,10.2,0.01,200,204000,买盘
2008,09:50:33,10.19,--,1,1019,卖盘
2009,09:50:28,10.19,-0.01,71,72349,卖盘
2010,09:50:23,10.2,--,203,207682,买盘
2011,09:50:13,10.2,0.02,3000,3060000,买盘
2012,09:50:03,10.18,--,0,0,卖盘
2013,09:49:58,10.18,--,41,41738,卖盘
2014,09:49:48,10.18,--,64,65152,卖盘
2015,09:49:43,10.18,--,68,69224,卖盘
2016,09:49:33,10.18,-0.01,175,178770,卖盘
2017,09:49:28,10.19,0.01,260,264940,买盘
2018,09:49:18,10.18,-0.01,275,280570,卖盘
2019,09:49:13,10.19,--,42,42798,买盘
2020,09:49:03,10.19,0.01,42,42798,买盘
2021,09:48:58,10.18,--,519,528342,卖盘
2022,09:48:53,10.18,--,29,29522,卖盘
2023,09:48:48,10.18,--,175,178770,卖盘
2024,09:48:43,10.18,-0.01,8,8144,卖盘
2025,09:48:38,10.19,0.01,28,28532,买盘
2026,09:48:33,10.18,--,266,270788,卖盘
2027,09:48:28,10.18,-0.01,155,158024,卖盘
2028,09:48:23,10.19,--,6,6114,买盘
2029,09:48:18,10.19,--,202,206001,买盘
2030,09:48:13,10.19,--,1,1019,买盘
2031,09:48:08,10.19,0.01,22,22418,买盘
2032,09:48:03,10.18,-0.01,64,65314,卖盘
2033,09:47:58,10.19,0.01,10,10190,买盘
2034,09:47:53,10.18,--,39,39864,卖盘
2035,09:47:48,10.18,-0.01,109,110962,卖盘
2036,09:47:43,10.19,0.01,96,97824,买盘
2037,09:47:37,10.18,-0.01,32,32576,卖盘
2038,09:47:33,10.19,0.01,69,70311,买盘
2039,09:47:28,10.18,-0.02,37,37828,卖盘
2040,09:47:22,10.2,--,0,0,买盘
2041,09:47:18,10.2,0.01,144,147451,买盘
2042,09:47:13,10.19,0.01,202,205838,买盘
2043,09:47:07,10.18,-0.01,51,51918,卖盘
2044,09:47:03,10.19,--,121,123462,买盘
2045,09:46:58,10.19,--,211,215009,买盘
2046,09:46:48,10.19,0.01,82,83721,买盘
2047,09:46:43,10.18,-0.01,740,753320,卖盘
2048,09:46:37,10.19,--,10,10190,买盘
2049,09:46:33,10.19,--,78,79482,买盘
2050,09:46:28,10.19,--,273,278350,买盘
2051,09:46:22,10.19,--,70,71330,买盘
2052,09:46:18,10.19,--,171,174432,买盘
2053,09:46:12,10.19,--,28,28532,买盘
2054,09:46:07,10.19,--,64,65379,买盘
2055,09:46:03,10.19,--,54,55026,买盘
2056,09:45:57,10.19,--,9,9171,买盘
2057,09:45:48,10.19,0.01,39,39741,买盘
2058,09:45:42,10.18,-0.01,39,39702,卖盘
2059,09:45:37,10.19,--,35,35665,买盘
2060,09:45:33,10.19,0.01,9,9171,买盘
2061,09:45:22,10.18,-0.01,5,5090,卖盘
2062,09:45:18,10.19,--,77,78463,买盘
2063,09:45:12,10.19,0.01,160,163498,买盘
2064,09:45:07,10.18,-0.01,38,38684,卖盘
2065,09:45:03,10.19,--,36,36684,买盘
2066,09:44:57,10.19,--,207,210933,买盘
2067,09:44:48,10.19,--,406,414274,卖盘
2068,09:44:37,10.19,--,2,2241,卖盘
2069,09:44:27,10.19,--,283,288377,卖盘
2070,09:44:22,10.19,--,61,62159,卖盘
2071,09:44:12,10.19,--,393,400721,卖盘
2072,09:44:07,10.19,--,28,28532,卖盘
2073,09:43:57,10.19,--,46,46874,卖盘
2074,09:43:52,10.19,-0.01,29,29551,卖盘
2075,09:43:42,10.2,0.02,70,71400,买盘
2076,09:43:37,10.18,-0.02,78,79404,卖盘
2077,09:43:32,10.2,0.01,74,75480,买盘
2078,09:43:27,10.19,--,18,18342,买盘
2079,09:43:22,10.19,--,25,25475,买盘
2080,09:43:12,10.19,--,66,67254,买盘
2081,09:43:07,10.19,--,19,19361,买盘
2082,09:43:02,10.19,--,83,84577,买盘
2083,09:42:52,10.19,--,37,37703,买盘
2084,09:42:42,10.19,--,68,69292,买盘
2085,09:42:37,10.19,--,397,404543,卖盘
2086,09:42:32,10.19,-0.01,10,10190,卖盘
2087,09:42:27,10.2,0.01,37,37740,买盘
2088,09:42:22,10.19,--,58,59102,卖盘
2089,09:42:17,10.19,--,8,8152,卖盘
2090,09:42:12,10.19,-0.01,54,55026,卖盘
2091,09:42:07,10.2,--,56,57119,买盘
2092,09:42:02,10.2,--,18,18360,买盘
2093,09:41:52,10.2,--,18,18360,买盘
2094,09:41:47,10.2,--,43,43860,买盘
2095,09:41:42,10.2,-0.01,1804,1840283,卖盘
2096,09:41:37,10.21,--,9,9189,买盘
2097,09:41:32,10.21,0.01,38,38798,买盘
2098,09:41:27,10.2,--,10,10200,卖盘
2099,09:41:22,10.2,-0.01,10,10200,卖盘
2100,09:41:17,10.21,0.01,66,67386,买盘
2101,09:41:07,10.2,--,60,62015,卖盘
2102,09:40:52,10.2,--,299,304980,卖盘
2103,09:40:47,10.2,-0.01,35,35700,卖盘
2104,09:40:42,10.21,--,2,2042,买盘
2105,09:40:27,10.21,--,30,30630,买盘
2106,09:40:22,10.21,--,38,38798,买盘
2107,09:40:17,10.21,--,36,36756,买盘
2108,09:40:12,10.21,--,19,19399,买盘
2109,09:40:07,10.21,--,114,116394,买盘
2110,09:39:57,10.21,--,115,117415,买盘
2111,09:39:52,10.21,--,21,21441,买盘
2112,09:39:46,10.21,0.01,235,239935,买盘
2113,09:39:42,10.2,--,55,56099,卖盘
2114,09:39:37,10.2,-0.01,40,40800,卖盘
2115,09:39:31,10.21,--,10,10210,买盘
2116,09:39:27,10.21,--,121,123541,买盘
2117,09:39:21,10.21,--,144,147024,买盘
2118,09:39:12,10.21,--,73,74533,买盘
2119,09:39:01,10.21,--,42,42882,买盘
2120,09:38:51,10.21,--,53,54113,买盘
2121,09:38:42,10.21,--,38,38798,买盘
2122,09:38:36,10.21,0.01,113,115373,买盘
2123,09:38:31,10.2,-0.02,65,66300,卖盘
2124,09:38:27,10.22,0.01,79,80738,买盘
2125,09:38:21,10.21,--,98,100058,买盘
2126,09:38:16,10.21,0.01,38,38798,买盘
2127,09:38:12,10.2,-0.01,8,8159,卖盘
2128,09:38:06,10.21,--,23,23483,买盘
2129,09:38:01,10.21,--,112,114352,买盘
2130,09:37:57,10.21,--,10,10210,买盘
2131,09:37:51,10.21,--,92,93932,买盘
2132,09:37:46,10.21,--,37,37777,卖盘
2133,09:37:42,10.21,--,175,178675,卖盘
2134,09:37:36,10.21,--,32,32672,卖盘
2135,09:37:27,10.21,--,56,57176,买盘
2136,09:37:21,10.21,--,130,132730,卖盘
2137,09:37:06,10.21,-0.01,28,28588,买盘
2138,09:37:01,10.22,--,100,102200,买盘
2139,09:36:56,10.22,--,206,210532,买盘
2140,09:36:51,10.22,--,146,149212,买盘
2141,09:36:46,10.22,--,308,314776,买盘
2142,09:36:41,10.22,--,10,10220,买盘
2143,09:36:36,10.22,0.01,98,100156,买盘
2144,09:36:21,10.21,--,32,32672,卖盘
2145,09:36:16,10.21,--,281,286901,买盘
2146,09:36:06,10.21,0.01,20,20420,买盘
2147,09:36:01,10.2,--,53,54059,买盘
2148,09:35:56,10.2,-0.01,89,90780,卖盘
2149,09:35:51,10.21,--,15,15315,买盘
2150,09:35:46,10.21,0.02,40,40840,买盘
2151,09:35:41,10.19,-0.01,113,115147,卖盘
2152,09:35:36,10.2,--,162,165699,买盘
2153,09:35:31,10.2,--,48,48960,买盘
2154,09:35:26,10.2,0.01,60,61199,买盘
2155,09:35:21,10.19,-0.01,124,126356,中性盘
2156,09:35:16,10.2,0.01,118,120359,买盘
2157,09:35:11,10.19,--,289,294491,买盘
2158,09:35:06,10.19,--,103,104957,买盘
2159,09:35:01,10.19,--,210,213990,买盘
2160,09:34:56,10.19,--,29,29551,买盘
2161,09:34:51,10.19,--,128,130432,买盘
2162,09:34:46,10.19,--,36,36684,买盘
2163,09:34:41,10.19,0.01,502,512047,买盘
2164,09:34:36,10.18,--,162,164916,买盘
2165,09:34:31,10.18,--,160,163083,买盘
2166,09:34:26,10.18,--,43,43774,买盘
2167,09:34:21,10.18,--,83,84494,买盘
2168,09:34:16,10.18,--,66,67188,买盘
2169,09:34:11,10.18,--,112,114016,买盘
2170,09:34:06,10.18,--,65,66170,买盘
2171,09:34:01,10.18,--,29,29522,买盘
2172,09:33:56,10.18,--,72,73805,卖盘
2173,09:33:51,10.18,--,221,225487,卖盘
2174,09:33:46,10.18,0.01,27,27486,卖盘
2175,09:33:41,10.17,--,0,0,卖盘
2176,09:33:36,10.17,-0.01,611,622200,卖盘
2177,09:33:31,10.18,--,1,1018,买盘
2178,09:33:26,10.18,--,279,284022,买盘
2179,09:33:16,10.18,0.01,174,177132,买盘
2180,09:33:11,10.17,-0.01,52,52884,卖盘
2181,09:33:06,10.18,0.01,133,135394,买盘
2182,09:33:01,10.17,0.01,183,186111,买盘
2183,09:32:45,10.16,--,22,22352,买盘
2184,09:32:41,10.16,--,10,10160,买盘
2185,09:32:36,10.16,0.01,114,116169,买盘
2186,09:32:30,10.15,--,28,28420,卖盘
2187,09:32:21,10.15,-0.01,9,9135,卖盘
2188,09:32:15,10.16,--,200,203200,买盘
2189,09:32:11,10.16,--,10,10160,买盘
2190,09:32:06,10.16,-0.01,394,401198,卖盘
2191,09:32:00,10.17,--,137,140325,买盘
2192,09:31:55,10.17,--,181,184077,买盘
2193,09:31:51,10.17,--,1062,1080196,买盘
2194,09:31:45,10.17,-0.01,260,264420,卖盘
2195,09:31:40,10.18,--,46,46828,买盘
2196,09:31:36,10.18,--,389,396002,买盘
2197,09:31:30,10.18,--,4,4072,买盘
2198,09:31:25,10.18,-0.01,63,64134,卖盘
2199,09:31:21,10.19,--,18,18342,买盘
2200,09:31:15,10.19,-0.01,148,150812,买盘
2201,09:31:06,10.2,0.01,571,582420,买盘
2202,09:31:00,10.19,--,53,54007,卖盘
2203,09:30:55,10.19,--,689,702091,买盘
2204,09:30:51,10.19,0.01,48,48912,买盘
2205,09:30:45,10.18,-0.02,143,145574,卖盘
2206,09:30:40,10.2,0.01,319,325380,买盘
2207,09:30:36,10.19,--,12,12228,买盘
2208,09:30:30,10.19,--,24,24456,买盘
2209,09:30:25,10.19,--,139,141641,买盘
2210,09:30:21,10.19,0.01,164,167116,买盘
2211,09:30:10,10.18,0.01,372,378696,买盘
2212,09:30:06,10.17,--,579,588893,卖盘
2213,09:28:57,10.17,--,0,0,卖盘
2214,09:25:06,10.17,10.17,549,559299,买盘
