,time,price,change,volume,amount,type
0,15:00:00,16.31,--,0,0,卖盘
1,15:00:00,16.31,--,0,0,卖盘
2,14:59:57,16.31,--,85,138635,卖盘
3,14:59:51,16.31,--,108,176148,卖盘
4,14:59:46,16.31,--,7,11417,卖盘
5,14:59:42,16.31,-0.01,42,68502,卖盘
6,14:59:36,16.32,0.01,75,122400,买盘
7,14:59:31,16.31,--,30,48929,卖盘
8,14:59:27,16.31,-0.01,75,122324,卖盘
9,14:59:21,16.32,--,210,342720,买盘
10,14:59:16,16.32,--,5,8160,买盘
11,14:59:06,16.32,--,214,349248,买盘
12,14:59:01,16.32,0.01,30,48960,买盘
13,14:58:57,16.31,--,43,70133,卖盘
14,14:58:51,16.31,-0.01,58,94597,卖盘
15,14:58:46,16.32,0.01,15,24480,买盘
16,14:58:42,16.31,-0.01,24,39144,卖盘
17,14:58:36,16.32,0.01,23,37536,买盘
18,14:58:31,16.31,-0.01,100,163100,卖盘
19,14:58:12,16.32,0.01,60,97920,买盘
20,14:58:06,16.31,-0.01,137,223446,卖盘
21,14:58:01,16.32,--,22,35904,买盘
22,14:57:57,16.32,--,24,39168,买盘
23,14:57:51,16.32,0.01,57,93024,买盘
24,14:57:46,16.31,--,17,27726,卖盘
25,14:57:42,16.31,-0.01,163,265853,卖盘
26,14:57:31,16.32,0.01,84,137088,买盘
27,14:57:27,16.31,--,44,71764,卖盘
28,14:57:21,16.31,--,88,143528,卖盘
29,14:57:16,16.31,-0.01,4,6523,卖盘
30,14:57:12,16.32,--,79,128928,买盘
31,14:57:06,16.32,0.01,6,9792,买盘
32,14:57:01,16.31,--,73,119062,卖盘
33,14:56:57,16.31,--,35,57084,卖盘
34,14:56:51,16.31,0.01,45,74699,买盘
35,14:56:46,16.3,--,14,22820,卖盘
36,14:56:41,16.3,-0.01,186,303180,卖盘
37,14:56:36,16.31,--,121,197350,买盘
38,14:56:31,16.31,--,22,35882,买盘
39,14:56:26,16.31,0.01,5,8154,买盘
40,14:56:21,16.3,--,100,163000,卖盘
41,14:56:16,16.3,-0.01,40,65200,卖盘
42,14:56:11,16.31,0.01,20,32619,买盘
43,14:56:06,16.3,--,131,213530,卖盘
44,14:56:01,16.3,--,10,16300,卖盘
45,14:55:56,16.3,--,29,47270,卖盘
46,14:55:51,16.3,--,127,207010,卖盘
47,14:55:46,16.3,--,25,40750,卖盘
48,14:55:41,16.3,--,85,138550,卖盘
49,14:55:36,16.3,--,363,591690,卖盘
50,14:55:31,16.3,--,286,466180,卖盘
51,14:55:26,16.3,-0.01,43,70090,卖盘
52,14:55:21,16.31,0.01,69,112538,买盘
53,14:55:16,16.3,-0.01,27,44010,卖盘
54,14:55:11,16.31,0.01,43,70133,买盘
55,14:55:06,16.3,--,15,24450,卖盘
56,14:55:01,16.3,--,21,34230,卖盘
57,14:54:51,16.3,-0.01,532,867160,卖盘
58,14:54:46,16.31,-0.01,115,187564,卖盘
59,14:54:41,16.32,0.02,100,163200,买盘
60,14:54:36,16.3,-0.01,224,365120,卖盘
61,14:54:31,16.31,-0.01,17,27726,卖盘
62,14:54:26,16.32,--,20,32640,买盘
63,14:54:16,16.32,0.02,7,11424,买盘
64,14:54:11,16.3,-0.01,373,607990,卖盘
65,14:54:06,16.31,--,202,329462,卖盘
66,14:54:01,16.31,-0.01,21,34251,卖盘
67,14:53:51,16.32,-0.01,3,4896,中性盘
68,14:53:46,16.33,0.02,55,89814,买盘
69,14:53:41,16.31,-0.02,350,570850,卖盘
70,14:53:36,16.33,0.01,87,142070,买盘
71,14:53:31,16.32,--,20,32640,卖盘
72,14:53:26,16.32,-0.01,1,1632,卖盘
73,14:53:21,16.33,0.01,100,163299,买盘
74,14:53:16,16.32,--,39,63648,卖盘
75,14:53:06,16.32,--,294,479808,卖盘
76,14:53:01,16.32,--,22,35904,卖盘
77,14:52:56,16.32,--,32,52224,卖盘
78,14:52:51,16.32,-0.01,13,21216,中性盘
79,14:52:46,16.33,0.02,330,538890,买盘
80,14:52:36,16.31,--,297,484406,卖盘
81,14:52:30,16.31,-0.01,2,3261,卖盘
82,14:52:25,16.32,--,98,159936,买盘
83,14:52:21,16.32,--,45,73440,买盘
84,14:52:15,16.32,0.01,116,189312,买盘
85,14:52:06,16.31,--,35,57084,卖盘
86,14:51:55,16.31,-0.01,3,4893,卖盘
87,14:51:45,16.32,--,22,35904,买盘
88,14:51:40,16.32,--,1,1632,买盘
89,14:51:36,16.32,0.01,11,17952,买盘
90,14:51:30,16.31,--,248,404487,卖盘
91,14:51:25,16.31,--,25,40775,卖盘
92,14:51:15,16.31,-0.01,44,71764,卖盘
93,14:51:10,16.32,--,246,401472,买盘
94,14:51:06,16.32,0.01,25,40800,买盘
95,14:50:55,16.31,--,189,308259,卖盘
96,14:50:51,16.31,--,12,19572,卖盘
97,14:50:45,16.31,--,5,8154,卖盘
98,14:50:30,16.31,--,10,16309,卖盘
99,14:50:25,16.31,--,237,386546,卖盘
100,14:50:21,16.31,--,37,60346,卖盘
101,14:50:15,16.31,--,10,16309,卖盘
102,14:50:06,16.31,-0.01,277,451786,卖盘
103,14:49:55,16.32,--,39,63648,买盘
104,14:49:51,16.32,--,37,60384,买盘
105,14:49:45,16.32,--,16,26112,买盘
106,14:49:40,16.32,--,157,257529,卖盘
107,14:49:35,16.32,--,165,269606,买盘
108,14:49:30,16.32,--,8,13056,买盘
109,14:49:25,16.32,--,127,208569,卖盘
110,14:49:21,16.32,--,18,29376,卖盘
111,14:49:15,16.32,--,18,29376,卖盘
112,14:49:10,16.32,-0.01,46,75072,卖盘
113,14:49:06,16.33,--,23,37558,卖盘
114,14:49:00,16.33,--,43,70218,卖盘
115,14:48:55,16.33,-0.01,102,166565,卖盘
116,14:48:50,16.34,0.01,20,32680,买盘
117,14:48:45,16.33,-0.01,5,8164,卖盘
118,14:48:40,16.34,0.01,12,19608,买盘
119,14:48:35,16.33,--,81,132273,卖盘
120,14:48:30,16.33,--,191,311902,卖盘
121,14:48:15,16.33,-0.01,190,310269,卖盘
122,14:48:10,16.34,--,67,109478,卖盘
123,14:48:05,16.34,-0.01,2,3268,卖盘
124,14:48:00,16.35,--,95,155325,卖盘
125,14:47:55,16.35,--,30,49050,卖盘
126,14:47:50,16.35,--,4,6540,卖盘
127,14:47:45,16.35,--,1,1635,卖盘
128,14:47:40,16.35,--,196,320460,卖盘
129,14:47:35,16.35,-0.01,10,16350,卖盘
130,14:47:20,16.36,-0.01,258,422088,卖盘
131,14:47:15,16.37,0.01,5,8185,买盘
132,14:47:10,16.36,-0.01,5,8180,卖盘
133,14:47:05,16.37,0.01,10,16370,买盘
134,14:46:55,16.36,-0.01,189,309204,卖盘
135,14:46:50,16.37,-0.01,2,3274,卖盘
136,14:46:45,16.38,0.01,12,19656,买盘
137,14:46:40,16.37,--,297,486189,卖盘
138,14:46:35,16.37,--,280,458360,卖盘
139,14:46:30,16.37,-0.01,40,65480,卖盘
140,14:46:25,16.38,--,198,324324,买盘
141,14:46:20,16.38,--,1,1638,买盘
142,14:46:15,16.38,--,97,158886,买盘
143,14:46:10,16.38,0.01,6,9828,买盘
144,14:46:05,16.37,-0.02,101,165893,卖盘
145,14:46:00,16.39,-0.01,127,208153,买盘
146,14:45:54,16.4,--,0,0,买盘
147,14:45:50,16.4,0.02,140,229599,买盘
148,14:45:45,16.38,--,4,6552,卖盘
149,14:45:39,16.38,--,126,206388,卖盘
150,14:45:35,16.38,--,179,293202,卖盘
151,14:45:30,16.38,-0.03,11,18018,卖盘
152,14:45:24,16.41,0.03,115,188715,买盘
153,14:45:15,16.38,-0.03,146,239148,卖盘
154,14:45:09,16.41,0.03,143,234663,买盘
155,14:45:05,16.38,-0.03,140,229320,卖盘
156,14:45:00,16.41,0.01,30,49230,买盘
157,14:44:54,16.4,0.01,13,21319,卖盘
158,14:44:49,16.39,-0.02,80,131120,卖盘
159,14:44:45,16.41,0.02,60,98460,买盘
160,14:44:39,16.39,-0.02,126,206514,卖盘
161,14:44:30,16.41,0.02,304,498864,买盘
162,14:44:24,16.39,--,12,19668,卖盘
163,14:44:19,16.39,-0.03,1597,2617483,卖盘
164,14:44:15,16.42,--,3,4926,买盘
165,14:44:09,16.42,--,28,45976,买盘
166,14:44:04,16.42,--,424,696355,卖盘
167,14:44:00,16.42,--,202,331684,卖盘
168,14:43:54,16.42,-0.01,412,676504,卖盘
169,14:43:49,16.43,0.01,52,85436,买盘
170,14:43:45,16.42,-0.01,3418,5613488,卖盘
171,14:43:39,16.43,0.01,122,200446,买盘
172,14:43:34,16.42,--,2,3284,卖盘
173,14:43:30,16.42,--,2491,4090222,卖盘
174,14:43:15,16.42,--,41,67322,卖盘
175,14:43:09,16.42,--,28,46911,卖盘
176,14:43:04,16.42,0.02,395,649657,买盘
177,14:43:00,16.4,-0.01,75,122999,卖盘
178,14:42:54,16.41,-0.01,20,32820,中性盘
179,14:42:49,16.42,0.02,601,986842,买盘
180,14:42:44,16.4,-0.01,302,495279,卖盘
181,14:42:39,16.41,--,111,182151,卖盘
182,14:42:34,16.41,0.01,54,88614,买盘
183,14:42:29,16.4,--,25,41000,卖盘
184,14:42:24,16.4,--,52,85279,买盘
185,14:42:19,16.4,--,1,1639,买盘
186,14:42:14,16.4,-0.01,186,305040,卖盘
187,14:42:09,16.41,--,37,60717,买盘
188,14:42:04,16.41,0.01,177,290457,买盘
189,14:41:59,16.4,--,42,68880,卖盘
190,14:41:54,16.4,0.01,44,72160,买盘
191,14:41:49,16.39,-0.02,10,16390,卖盘
192,14:41:44,16.41,0.02,1164,1910124,买盘
193,14:41:39,16.39,-0.01,23,37697,卖盘
194,14:41:34,16.4,0.01,1,1639,买盘
195,14:41:29,16.39,--,23,37697,卖盘
196,14:41:14,16.39,0.01,25,40975,买盘
197,14:41:09,16.38,--,18,29484,卖盘
198,14:41:04,16.38,-0.01,127,208026,卖盘
199,14:40:59,16.39,-0.01,44,72116,卖盘
200,14:40:54,16.4,0.01,29,47559,买盘
201,14:40:49,16.39,--,10,16390,卖盘
202,14:40:44,16.39,-0.01,16,26224,卖盘
203,14:40:39,16.4,0.01,613,1005319,买盘
204,14:40:34,16.39,--,30,49170,卖盘
205,14:40:24,16.39,-0.01,45,74148,买盘
206,14:40:14,16.4,0.01,74,121359,买盘
207,14:40:09,16.39,0.01,17,27863,中性盘
208,14:40:04,16.38,-0.01,316,517607,卖盘
209,14:39:59,16.39,0.01,21,34419,卖盘
210,14:39:54,16.38,--,0,0,卖盘
211,14:39:48,16.38,--,126,206388,卖盘
212,14:39:44,16.38,-0.02,316,517607,卖盘
213,14:39:39,16.4,--,754,1236560,买盘
214,14:39:34,16.4,0.02,24,39360,买盘
215,14:39:29,16.38,-0.02,189,309582,卖盘
216,14:39:24,16.4,--,0,0,买盘
217,14:39:19,16.4,-0.01,25,41000,买盘
218,14:39:14,16.41,--,73,119793,买盘
219,14:39:09,16.41,0.03,30,49230,买盘
220,14:39:03,16.38,-0.02,236,386568,卖盘
221,14:38:59,16.4,--,4,6559,卖盘
222,14:38:54,16.4,--,15,24599,买盘
223,14:38:48,16.4,--,19,31159,卖盘
224,14:38:44,16.4,--,56,91839,买盘
225,14:38:39,16.4,--,14,22959,买盘
226,14:38:33,16.4,0.01,77,126279,买盘
227,14:38:29,16.39,--,20,32780,卖盘
228,14:38:24,16.39,-0.01,117,191763,卖盘
229,14:38:14,16.4,--,268,439519,卖盘
230,14:38:09,16.4,0.01,10,16400,中性盘
231,14:38:03,16.39,-0.01,352,576928,卖盘
232,14:37:59,16.4,--,102,167280,卖盘
233,14:37:54,16.4,--,129,211559,卖盘
234,14:37:48,16.4,--,7,11479,卖盘
235,14:37:43,16.4,--,450,737999,卖盘
236,14:37:39,16.4,-0.01,8,13119,卖盘
237,14:37:33,16.41,0.01,76,124716,买盘
238,14:37:29,16.4,--,64,104959,卖盘
239,14:37:24,16.4,--,76,124639,卖盘
240,14:37:18,16.4,0.01,1295,2124160,买盘
241,14:37:13,16.39,--,32,52448,卖盘
242,14:37:09,16.39,0.02,734,1203353,买盘
243,14:37:03,16.37,--,204,333948,卖盘
244,14:36:54,16.37,-0.02,133,217721,卖盘
245,14:36:48,16.39,--,0,0,买盘
246,14:36:43,16.39,0.03,76,124564,买盘
247,14:36:38,16.36,-0.03,377,616772,卖盘
248,14:36:33,16.39,0.02,155,254045,买盘
249,14:36:28,16.37,--,13,21281,卖盘
250,14:36:23,16.37,-0.01,32,52384,买盘
251,14:36:13,16.38,0.02,76,124487,买盘
252,14:36:08,16.36,--,138,225768,卖盘
253,14:36:03,16.36,-0.01,141,230676,卖盘
254,14:35:58,16.37,0.01,32,52384,卖盘
255,14:35:53,16.36,--,0,0,卖盘
256,14:35:48,16.36,-0.02,226,369736,卖盘
257,14:35:43,16.38,0.02,80,131039,买盘
258,14:35:38,16.36,-0.02,134,219224,卖盘
259,14:35:33,16.38,-0.01,89,145782,买盘
260,14:35:23,16.39,0.03,104,170456,买盘
261,14:35:13,16.36,--,0,0,卖盘
262,14:35:08,16.36,--,24,39264,卖盘
263,14:35:03,16.36,-0.02,261,428304,卖盘
264,14:34:58,16.38,-0.01,21,34398,卖盘
265,14:34:48,16.39,0.01,25,40975,买盘
266,14:34:43,16.38,0.01,9,15069,买盘
267,14:34:38,16.37,-0.01,162,266503,卖盘
268,14:34:33,16.38,0.01,204,334152,中性盘
269,14:34:28,16.37,-0.02,114,186618,卖盘
270,14:34:23,16.39,0.02,5,8195,买盘
271,14:34:18,16.37,-0.01,5,8185,卖盘
272,14:34:13,16.38,0.01,76,124487,中性盘
273,14:34:08,16.37,-0.02,239,391243,卖盘
274,14:34:03,16.39,0.02,186,305181,买盘
275,14:33:58,16.37,--,1,1637,卖盘
276,14:33:53,16.37,--,160,261920,卖盘
277,14:33:48,16.37,-0.01,20,32740,卖盘
278,14:33:43,16.38,0.01,78,127763,买盘
279,14:33:38,16.37,-0.01,58,94946,卖盘
280,14:33:33,16.38,0.01,87,142506,买盘
281,14:33:28,16.37,-0.01,7,11459,卖盘
282,14:33:23,16.38,0.01,124,203112,买盘
283,14:33:18,16.37,--,65,106405,卖盘
284,14:33:13,16.37,0.01,10,16370,中性盘
285,14:33:08,16.36,-0.02,4,6544,卖盘
286,14:33:03,16.38,0.02,216,353808,买盘
287,14:32:58,16.36,-0.01,7,11452,卖盘
288,14:32:53,16.37,0.01,74,121138,买盘
289,14:32:48,16.36,-0.01,15,24540,卖盘
290,14:32:43,16.37,--,93,152241,买盘
291,14:32:38,16.37,0.01,14,22918,买盘
292,14:32:33,16.36,-0.01,142,232312,卖盘
293,14:32:28,16.37,--,6,9822,买盘
294,14:32:23,16.37,0.01,20,32740,买盘
295,14:32:18,16.36,-0.01,5,8180,卖盘
296,14:32:12,16.37,0.01,71,116227,买盘
297,14:32:08,16.36,-0.01,9,14724,卖盘
298,14:32:03,16.37,--,147,240639,买盘
299,14:31:57,16.37,--,9,14733,买盘
300,14:31:53,16.37,0.01,7,11459,买盘
301,14:31:48,16.36,-0.01,5,8180,卖盘
302,14:31:33,16.37,0.01,119,194803,买盘
303,14:31:23,16.36,--,10,16360,卖盘
304,14:31:18,16.36,--,8,13088,卖盘
305,14:31:12,16.36,--,1,1636,卖盘
306,14:31:03,16.36,--,179,292844,卖盘
307,14:30:57,16.36,--,100,163600,卖盘
308,14:30:48,16.36,-0.01,17,27812,卖盘
309,14:30:42,16.37,--,41,67117,买盘
310,14:30:38,16.37,0.01,20,32740,买盘
311,14:30:12,16.36,--,3,4908,卖盘
312,14:30:03,16.36,--,171,279756,卖盘
313,14:29:57,16.36,--,34,55624,卖盘
314,14:29:52,16.36,--,1,1636,卖盘
315,14:29:48,16.36,--,125,204500,卖盘
316,14:29:42,16.36,--,4,6544,卖盘
317,14:29:37,16.36,--,2,3272,卖盘
318,14:29:32,16.36,--,102,166872,卖盘
319,14:29:27,16.36,--,19,31084,卖盘
320,14:29:18,16.36,--,22,35992,卖盘
321,14:29:07,16.36,--,20,32720,卖盘
322,14:29:02,16.36,-0.01,146,238856,卖盘
323,14:28:57,16.37,0.01,13,21281,买盘
324,14:28:52,16.36,-0.01,63,103068,卖盘
325,14:28:27,16.37,--,14,22918,买盘
326,14:28:22,16.37,--,0,0,中性盘
327,14:28:17,16.37,-0.01,5,8185,卖盘
328,14:28:12,16.38,--,0,0,买盘
329,14:28:02,16.38,--,185,303030,买盘
330,14:27:57,16.38,0.01,13,21294,买盘
331,14:27:52,16.37,--,0,0,卖盘
332,14:27:47,16.37,-0.01,280,458360,卖盘
333,14:27:42,16.38,-0.01,105,171990,卖盘
334,14:27:37,16.39,0.01,18,29502,买盘
335,14:27:32,16.38,-0.01,640,1048319,卖盘
336,14:27:27,16.39,0.01,17,27863,买盘
337,14:27:17,16.38,--,525,859950,卖盘
338,14:27:12,16.38,-0.01,6,9828,卖盘
339,14:27:07,16.39,0.01,27,44253,买盘
340,14:27:02,16.38,-0.02,127,208026,卖盘
341,14:26:57,16.4,0.02,54,88559,买盘
342,14:26:47,16.38,-0.02,606,992627,卖盘
343,14:26:42,16.4,0.01,1600,2624000,买盘
344,14:26:26,16.39,--,0,0,买盘
345,14:26:17,16.39,0.01,121,198319,买盘
346,14:26:02,16.38,-0.02,37,60605,卖盘
347,14:25:57,16.4,--,165,270600,买盘
348,14:25:52,16.4,0.01,877,1438279,买盘
349,14:25:47,16.39,--,542,888338,卖盘
350,14:25:32,16.39,--,904,1481656,卖盘
351,14:25:27,16.39,--,1,1639,卖盘
352,14:25:22,16.39,--,4,6556,卖盘
353,14:25:17,16.39,--,314,514646,卖盘
354,14:25:12,16.39,0.01,202,331078,买盘
355,14:25:05,16.38,-0.01,190,311220,买盘
356,14:24:57,16.39,0.02,56,91784,买盘
357,14:24:50,16.37,-0.02,28,45836,卖盘
358,14:24:47,16.39,0.03,187,306493,买盘
359,14:24:32,16.36,--,5,8180,卖盘
360,14:24:27,16.36,--,2,4253,卖盘
361,14:24:12,16.36,--,1,2830,卖盘
362,14:24:02,16.36,--,127,207772,卖盘
363,14:23:57,16.36,--,1,1636,卖盘
364,14:23:51,16.36,--,19,31084,卖盘
365,14:23:47,16.36,--,25,40900,卖盘
366,14:23:20,16.36,-0.02,5,8180,卖盘
367,14:23:12,16.38,--,10,16379,卖盘
368,14:23:06,16.38,0.02,73,119574,买盘
369,14:23:02,16.36,-0.02,127,207772,卖盘
370,14:22:57,16.38,--,7,11466,买盘
371,14:22:47,16.38,0.01,7,11466,买盘
372,14:22:41,16.37,-0.01,95,155515,卖盘
373,14:22:36,16.38,--,2,3276,卖盘
374,14:22:27,16.38,-0.01,86,140868,卖盘
375,14:22:21,16.39,0.01,46,75394,买盘
376,14:22:11,16.38,0.02,37,60605,中性盘
377,14:22:06,16.36,-0.02,127,207772,卖盘
378,14:22:02,16.38,--,52,85176,买盘
379,14:21:56,16.38,0.02,17,27846,买盘
380,14:21:50,16.36,-0.03,20,32720,卖盘
381,14:21:42,16.39,--,88,144232,买盘
382,14:21:35,16.39,0.01,13,21307,买盘
383,14:21:32,16.38,0.02,85,139230,买盘
384,14:21:27,16.36,--,0,0,卖盘
385,14:21:20,16.36,-0.03,101,165236,卖盘
386,14:21:11,16.39,0.01,33,55021,中性盘
387,14:21:05,16.38,-0.01,284,465192,卖盘
388,14:21:01,16.39,0.01,17,27863,买盘
389,14:20:56,16.38,0.01,27,44226,卖盘
390,14:20:51,16.37,--,0,0,卖盘
391,14:20:46,16.37,-0.02,5,8185,卖盘
392,14:20:41,16.39,--,24,39336,卖盘
393,14:20:35,16.39,--,26,42614,卖盘
394,14:20:31,16.39,0.01,44,72116,买盘
395,14:20:26,16.38,-0.01,5,8189,卖盘
396,14:20:16,16.39,--,23,37697,卖盘
397,14:20:11,16.39,0.02,81,132759,买盘
398,14:20:05,16.37,-0.02,144,235728,卖盘
399,14:20:01,16.39,--,7,11473,买盘
400,14:19:56,16.39,--,204,334356,卖盘
401,14:19:50,16.39,--,12,19668,卖盘
402,14:19:46,16.39,--,10,16390,卖盘
403,14:19:41,16.39,--,58,95062,买盘
404,14:19:31,16.39,--,20,32780,买盘
405,14:19:26,16.39,--,15,24585,买盘
406,14:19:20,16.39,--,23,37697,卖盘
407,14:19:16,16.39,--,5,8195,卖盘
408,14:19:11,16.39,--,21,34419,卖盘
409,14:19:05,16.39,--,398,652322,卖盘
410,14:19:00,16.39,--,141,231099,卖盘
411,14:18:56,16.39,-0.01,403,660517,卖盘
412,14:18:50,16.4,0.01,15,24599,买盘
413,14:18:41,16.39,--,50,81950,卖盘
414,14:18:35,16.39,--,48,78672,卖盘
415,14:18:31,16.39,--,218,357302,买盘
416,14:18:26,16.39,0.01,99,162261,买盘
417,14:18:20,16.38,-0.01,25,40950,买盘
418,14:18:14,16.39,--,1,1639,买盘
419,14:18:11,16.39,0.01,90,147510,买盘
420,14:18:05,16.38,-0.01,147,240785,卖盘
421,14:17:59,16.39,--,14,22946,买盘
422,14:17:56,16.39,0.01,141,231099,买盘
423,14:17:50,16.38,--,3,4914,卖盘
424,14:17:44,16.38,--,6,9828,卖盘
425,14:17:41,16.38,-0.01,4,6552,买盘
426,14:17:35,16.39,--,0,0,买盘
427,14:17:29,16.39,--,28,45892,买盘
428,14:17:26,16.39,0.01,107,175373,买盘
429,14:17:14,16.38,--,1,1638,卖盘
430,14:17:11,16.38,0.02,86,140868,买盘
431,14:17:05,16.36,-0.02,128,209408,卖盘
432,14:16:59,16.38,--,118,193284,买盘
433,14:16:56,16.38,--,44,72072,卖盘
434,14:16:50,16.38,-0.01,96,157248,卖盘
435,14:16:41,16.39,--,49,80311,卖盘
436,14:16:35,16.39,-0.01,53,86867,中性盘
437,14:16:29,16.4,0.02,39,63959,买盘
438,14:16:26,16.38,--,24,39312,卖盘
439,14:16:20,16.38,0.01,24,39312,买盘
440,14:16:14,16.37,--,5,8185,卖盘
441,14:16:05,16.37,-0.03,127,207899,卖盘
442,14:15:59,16.4,0.01,84,137760,买盘
443,14:15:56,16.39,--,6,9834,卖盘
444,14:15:50,16.39,--,85,139315,买盘
445,14:15:44,16.39,0.01,17,27863,买盘
446,14:15:35,16.38,0.01,2,3276,中性盘
447,14:15:29,16.37,--,31,50747,卖盘
448,14:15:20,16.37,-0.01,70,114770,卖盘
449,14:15:14,16.38,--,0,0,买盘
450,14:15:05,16.38,0.01,6,9828,中性盘
451,14:14:59,16.37,--,166,271742,卖盘
452,14:14:55,16.37,--,15,24555,卖盘
453,14:14:50,16.37,-0.02,11,18007,买盘
454,14:14:35,16.39,--,0,0,买盘
455,14:14:29,16.39,-0.01,30,49170,卖盘
456,14:14:25,16.4,0.02,87,142680,买盘
457,14:14:20,16.38,-0.01,19,31121,卖盘
458,14:14:14,16.39,--,74,121286,买盘
459,14:14:05,16.39,0.02,229,375331,买盘
460,14:13:59,16.37,-0.01,128,209536,卖盘
461,14:13:55,16.38,--,15,24570,买盘
462,14:13:44,16.38,--,0,0,买盘
463,14:13:40,16.38,0.01,205,335790,买盘
464,14:13:29,16.37,--,57,93309,卖盘
465,14:13:25,16.37,0.01,39,63843,买盘
466,14:13:20,16.36,--,20,32720,卖盘
467,14:13:14,16.36,--,5,8180,卖盘
468,14:13:10,16.36,--,18,29448,卖盘
469,14:13:05,16.36,-0.02,127,207772,卖盘
470,14:12:59,16.38,--,8,13104,买盘
471,14:12:55,16.38,--,153,250613,卖盘
472,14:12:50,16.38,--,38,62243,卖盘
473,14:12:44,16.38,-0.01,381,624078,卖盘
474,14:12:40,16.39,0.01,21,34419,买盘
475,14:12:35,16.38,--,122,199836,卖盘
476,14:12:29,16.38,-0.01,41,67158,卖盘
477,14:12:25,16.39,0.01,90,147510,买盘
478,14:12:20,16.38,--,24,39312,卖盘
479,14:12:14,16.38,--,55,90090,卖盘
480,14:12:10,16.38,0.01,385,630630,买盘
481,14:12:05,16.37,-0.01,229,374873,卖盘
482,14:11:59,16.38,--,7,11466,买盘
483,14:11:55,16.38,0.01,88,144144,买盘
484,14:11:44,16.37,-0.01,5,8185,中性盘
485,14:11:40,16.38,--,14,22932,买盘
486,14:11:35,16.38,--,50,81900,买盘
487,14:11:29,16.38,0.02,283,463554,买盘
488,14:11:23,16.36,--,454,743725,买盘
489,14:11:14,16.36,0.01,106,173416,买盘
490,14:11:08,16.35,--,79,129165,卖盘
491,14:11:05,16.35,--,148,241980,卖盘
492,14:10:59,16.35,-0.01,20,32700,卖盘
493,14:10:50,16.36,0.01,44,71984,买盘
494,14:10:44,16.35,-0.01,10,16350,卖盘
495,14:10:38,16.36,--,14,22904,买盘
496,14:10:35,16.36,0.01,18,29448,买盘
497,14:10:23,16.35,-0.01,2,3270,卖盘
498,14:10:20,16.36,--,0,0,买盘
499,14:10:14,16.36,0.02,12,19632,买盘
500,14:10:08,16.34,-0.02,16,26144,卖盘
501,14:10:05,16.36,0.01,200,327200,买盘
502,14:09:59,16.35,--,265,433291,买盘
503,14:09:44,16.35,--,2,3270,买盘
504,14:09:38,16.35,--,0,0,买盘
505,14:09:34,16.35,0.02,29,47415,买盘
506,14:09:29,16.33,--,5,8164,卖盘
507,14:09:23,16.33,-0.01,59,96346,卖盘
508,14:09:20,16.34,--,65,106210,买盘
509,14:09:14,16.34,--,7,11438,买盘
510,14:09:08,16.34,0.02,35,57190,买盘
511,14:09:04,16.32,-0.02,187,305184,卖盘
512,14:08:53,16.34,--,7,11438,卖盘
513,14:08:49,16.34,--,8,13072,卖盘
514,14:08:44,16.34,-0.01,1,1634,卖盘
515,14:08:38,16.35,0.01,28,45780,买盘
516,14:08:29,16.34,--,106,173204,卖盘
517,14:08:23,16.34,--,2,3268,卖盘
518,14:08:14,16.34,--,2,3268,卖盘
519,14:08:08,16.34,0.01,20,32680,买盘
520,14:07:59,16.33,--,127,207390,卖盘
521,14:07:53,16.33,0.01,5,8164,卖盘
522,14:07:49,16.32,--,0,0,卖盘
523,14:07:44,16.32,--,145,236640,卖盘
524,14:07:38,16.32,-0.02,4,6528,卖盘
525,14:07:34,16.34,0.02,2,3268,卖盘
526,14:07:29,16.32,-0.02,1001,1633632,卖盘
527,14:07:19,16.34,0.01,86,140524,买盘
528,14:07:14,16.33,-0.01,448,731583,卖盘
529,14:07:08,16.34,0.01,7,11438,中性盘
530,14:06:59,16.33,-0.01,1044,1704851,卖盘
531,14:06:49,16.34,--,0,0,卖盘
532,14:06:44,16.34,--,1,1634,卖盘
533,14:06:38,16.34,-0.02,8,13072,卖盘
534,14:06:34,16.36,--,0,0,买盘
535,14:06:29,16.36,-0.01,162,265032,卖盘
536,14:06:23,16.37,0.03,50,81850,买盘
537,14:06:14,16.34,--,0,0,卖盘
538,14:06:08,16.34,-0.02,164,267976,卖盘
539,14:05:59,16.36,0.01,97,158692,买盘
540,14:05:53,16.35,0.01,78,127530,卖盘
541,14:05:44,16.34,--,0,0,卖盘
542,14:05:38,16.34,--,116,189870,卖盘
543,14:05:29,16.34,--,117,191178,卖盘
544,14:05:19,16.34,--,5,8170,卖盘
545,14:05:14,16.34,0.01,42,68628,买盘
546,14:05:08,16.33,--,59,96346,卖盘
547,14:04:59,16.33,--,30,48989,卖盘
548,14:04:53,16.33,--,30,48989,卖盘
549,14:04:44,16.33,--,10,16329,卖盘
550,14:04:38,16.33,0.02,161,262913,买盘
551,14:04:32,16.31,-0.01,411,670341,卖盘
552,14:04:29,16.32,-0.01,210,343356,卖盘
553,14:04:23,16.33,-0.01,273,445808,卖盘
554,14:04:17,16.34,0.01,28,45752,买盘
555,14:04:14,16.33,--,231,377222,卖盘
556,14:04:08,16.33,--,74,120841,卖盘
557,14:04:02,16.33,--,41,66953,卖盘
558,14:03:59,16.33,--,10,16329,卖盘
559,14:03:53,16.33,--,42,68586,卖盘
560,14:03:44,16.33,--,0,0,卖盘
561,14:03:38,16.33,-0.01,30,48989,卖盘
562,14:03:32,16.34,--,6,9804,卖盘
563,14:03:29,16.34,0.01,1,1634,中性盘
564,14:03:23,16.33,--,81,132273,卖盘
565,14:03:14,16.33,--,0,0,卖盘
566,14:03:08,16.33,-0.02,30,48989,卖盘
567,14:03:02,16.35,--,45,74883,卖盘
568,14:02:59,16.35,-0.01,30,49050,卖盘
569,14:02:53,16.36,0.01,107,175052,买盘
570,14:02:47,16.35,--,5,8175,卖盘
571,14:02:38,16.35,--,57,93195,卖盘
572,14:02:32,16.35,--,2,3270,卖盘
573,14:02:28,16.35,--,3,4905,卖盘
574,14:02:23,16.35,--,46,75210,卖盘
575,14:02:17,16.35,--,0,0,卖盘
576,14:02:13,16.35,--,0,0,卖盘
577,14:02:08,16.35,-0.01,88,143880,卖盘
578,14:02:02,16.36,0.01,12,19632,买盘
579,14:01:58,16.35,-0.02,29,47415,卖盘
580,14:01:53,16.37,0.01,16,26192,买盘
581,14:01:47,16.36,--,51,83763,买盘
582,14:01:43,16.36,0.01,150,245400,买盘
583,14:01:38,16.35,--,159,259965,卖盘
584,14:01:32,16.35,--,6,9810,卖盘
585,14:01:28,16.35,-0.01,29,47415,卖盘
586,14:01:23,16.36,0.01,7,11452,买盘
587,14:01:17,16.35,--,14,22890,卖盘
588,14:01:13,16.35,-0.01,40,65400,卖盘
589,14:01:08,16.36,0.01,28,45808,买盘
590,14:01:02,16.35,-0.01,13,21255,卖盘
591,14:00:53,16.36,0.01,16,26176,买盘
592,14:00:47,16.35,-0.01,221,361335,卖盘
593,14:00:38,16.36,0.01,64,104704,买盘
594,14:00:32,16.35,0.01,8,13080,中性盘
595,14:00:28,16.34,-0.02,7,11438,卖盘
596,14:00:23,16.36,0.01,24,39264,买盘
597,14:00:17,16.35,-0.01,5,8175,卖盘
598,14:00:08,16.36,0.01,52,85072,买盘
599,14:00:02,16.35,-0.01,27,44145,卖盘
600,13:59:53,16.36,--,8,13088,买盘
601,13:59:47,16.36,0.01,35,57260,买盘
602,13:59:38,16.35,--,28,45780,卖盘
603,13:59:32,16.35,--,26,42510,卖盘
604,13:59:28,16.35,-0.01,2,3270,卖盘
605,13:59:23,16.36,0.01,55,89980,买盘
606,13:59:17,16.35,--,116,189660,买盘
607,13:59:08,16.35,--,50,81750,买盘
608,13:59:02,16.35,--,167,273045,买盘
609,13:58:58,16.35,0.01,52,85020,买盘
610,13:58:53,16.34,--,87,142158,卖盘
611,13:58:47,16.34,-0.01,110,179740,卖盘
612,13:58:38,16.35,0.01,54,88290,买盘
613,13:58:32,16.34,--,10,16340,卖盘
614,13:58:23,16.34,--,25,40850,买盘
615,13:58:17,16.34,0.01,6,9804,买盘
616,13:58:08,16.33,--,1,1632,卖盘
617,13:58:02,16.33,--,10,16329,卖盘
618,13:57:53,16.33,--,7,11430,卖盘
619,13:57:47,16.33,-0.01,3,4898,卖盘
620,13:57:32,16.34,0.01,4,6536,卖盘
621,13:57:23,16.33,-0.01,101,164932,卖盘
622,13:57:17,16.34,-0.01,30,49020,卖盘
623,13:57:08,16.35,0.01,27,44145,买盘
624,13:57:02,16.34,-0.01,6,9804,卖盘
625,13:56:56,16.35,--,12,19620,买盘
626,13:56:53,16.35,0.01,8,13080,买盘
627,13:56:47,16.34,--,8,13072,卖盘
628,13:56:32,16.34,--,11,17974,卖盘
629,13:56:23,16.34,0.01,32,52288,买盘
630,13:56:17,16.33,--,1,1632,卖盘
631,13:56:11,16.33,--,1,1632,卖盘
632,13:56:08,16.33,--,3,4898,卖盘
633,13:56:02,16.33,--,6,9797,卖盘
634,13:55:52,16.33,-0.01,12,19595,卖盘
635,13:55:47,16.34,0.01,7,11438,买盘
636,13:55:41,16.33,-0.02,1,1632,卖盘
637,13:55:32,16.35,--,0,0,买盘
638,13:55:26,16.35,--,12,19620,买盘
639,13:55:22,16.35,--,13,21255,买盘
640,13:55:07,16.35,0.02,37,60495,买盘
641,13:55:02,16.33,-0.02,19,31026,卖盘
642,13:54:56,16.35,0.02,10,16350,买盘
643,13:54:52,16.33,-0.02,6,9797,卖盘
644,13:54:47,16.35,--,7,11445,买盘
645,13:54:32,16.35,0.01,18,29430,买盘
646,13:54:22,16.34,--,4,6536,买盘
647,13:54:17,16.34,--,12,19608,卖盘
648,13:54:11,16.34,0.01,17,27778,买盘
649,13:54:07,16.33,--,2,3265,卖盘
650,13:54:02,16.33,-0.01,13,21228,卖盘
651,13:53:56,16.34,0.01,7,11438,买盘
652,13:53:47,16.33,-0.01,14,22861,卖盘
653,13:53:41,16.34,0.01,5,8170,买盘
654,13:53:37,16.33,--,9,14696,卖盘
655,13:53:32,16.33,--,6,9797,卖盘
656,13:53:26,16.33,--,15,24494,卖盘
657,13:53:11,16.33,--,7,11430,卖盘
658,13:53:02,16.33,--,10,16329,卖盘
659,13:52:52,16.33,--,10,16329,卖盘
660,13:52:41,16.33,--,31,50622,卖盘
661,13:52:32,16.33,--,0,0,卖盘
662,13:52:26,16.33,--,84,137172,卖盘
663,13:52:20,16.33,-0.02,8,13063,卖盘
664,13:52:11,16.35,0.02,48,78480,买盘
665,13:52:05,16.33,-0.01,3,4898,卖盘
666,13:52:02,16.34,-0.01,38,62092,中性盘
667,13:51:56,16.35,--,7,11445,买盘
668,13:51:47,16.35,0.02,7,11445,买盘
669,13:51:41,16.33,--,5,8164,卖盘
670,13:51:35,16.33,-0.01,9,14762,卖盘
671,13:51:32,16.34,--,6,9804,卖盘
672,13:51:26,16.34,--,18,29412,买盘
673,13:51:11,16.34,0.01,53,86602,买盘
674,13:51:02,16.33,--,18,30896,买盘
675,13:50:50,16.33,0.01,13,21228,买盘
676,13:50:46,16.32,-0.01,17,27744,卖盘
677,13:50:41,16.33,0.02,506,826297,买盘
678,13:50:35,16.31,-0.01,21,34365,卖盘
679,13:50:32,16.32,0.01,5,8160,卖盘
680,13:50:26,16.31,-0.01,127,207136,卖盘
681,13:50:17,16.32,--,152,248961,买盘
682,13:50:11,16.32,0.01,7,11424,买盘
683,13:50:01,16.31,--,1,1630,卖盘
684,13:49:50,16.31,--,5,8154,卖盘
685,13:49:35,16.31,--,26,42520,卖盘
686,13:49:31,16.31,0.01,201,327945,买盘
687,13:49:26,16.3,--,50,81500,卖盘
688,13:49:20,16.3,-0.01,4,6520,卖盘
689,13:49:16,16.31,--,1,1630,买盘
690,13:49:11,16.31,--,26,42406,买盘
691,13:49:05,16.31,--,10,16309,买盘
692,13:49:01,16.31,--,14,22834,买盘
693,13:48:56,16.31,--,44,73280,卖盘
694,13:48:50,16.31,0.01,15,24579,买盘
695,13:48:46,16.3,-0.01,11,17930,卖盘
696,13:48:41,16.31,--,6,9786,买盘
697,13:48:35,16.31,--,21,35229,卖盘
698,13:48:31,16.31,--,11,18593,卖盘
699,13:48:16,16.31,--,10,16309,卖盘
700,13:48:11,16.31,-0.01,67,109276,卖盘
701,13:48:05,16.32,0.01,5,8160,买盘
702,13:48:01,16.31,--,50,81550,卖盘
703,13:47:56,16.31,-0.01,5,8154,卖盘
704,13:47:50,16.32,--,123,200736,买盘
705,13:47:46,16.32,--,6,9792,买盘
706,13:47:41,16.32,--,0,0,买盘
707,13:47:35,16.32,0.01,160,261234,买盘
708,13:47:26,16.31,--,10,16309,卖盘
709,13:47:20,16.31,--,4,6523,卖盘
710,13:47:11,16.31,--,76,123955,卖盘
711,13:47:05,16.31,-0.01,11,18430,卖盘
712,13:47:01,16.32,--,7,11424,买盘
713,13:46:56,16.32,0.01,424,691968,买盘
714,13:46:50,16.31,--,39,63723,买盘
715,13:46:46,16.31,0.01,31,50560,买盘
716,13:46:41,16.3,-0.01,99,161370,卖盘
717,13:46:35,16.31,0.01,54,89150,买盘
718,13:46:31,16.3,-0.01,11,18598,卖盘
719,13:46:26,16.31,--,14,22834,买盘
720,13:46:20,16.31,--,27,44037,买盘
721,13:46:11,16.31,--,56,91336,买盘
722,13:46:01,16.31,--,7,11417,买盘
723,13:45:56,16.31,0.01,58,94597,买盘
724,13:45:50,16.3,-0.01,6,9780,卖盘
725,13:45:46,16.31,--,5,8154,买盘
726,13:45:41,16.31,--,74,120693,买盘
727,13:45:35,16.31,--,231,378277,卖盘
728,13:45:31,16.31,--,16,26210,卖盘
729,13:45:20,16.31,-0.01,36,58715,卖盘
730,13:45:15,16.32,0.01,35,57120,买盘
731,13:45:11,16.31,-0.01,18,29357,卖盘
732,13:45:05,16.32,0.01,1,1632,买盘
733,13:44:56,16.31,--,1,1630,卖盘
734,13:44:50,16.31,-0.01,54,88074,中性盘
735,13:44:41,16.32,--,9,14688,买盘
736,13:44:35,16.32,--,12,19584,买盘
737,13:44:29,16.32,0.01,46,75186,买盘
738,13:44:26,16.31,--,13,21203,卖盘
739,13:44:20,16.31,--,65,106014,买盘
740,13:44:10,16.31,-0.01,406,662919,卖盘
741,13:44:05,16.32,--,4,6528,买盘
742,13:43:59,16.32,--,48,78336,买盘
743,13:43:55,16.32,0.01,32,52224,买盘
744,13:43:50,16.31,-0.01,17,27726,卖盘
745,13:43:44,16.32,0.01,6,9792,买盘
746,13:43:40,16.31,--,4,6523,卖盘
747,13:43:29,16.31,--,6,10911,卖盘
748,13:43:25,16.31,--,59,96848,卖盘
749,13:43:20,16.31,--,44,71764,卖盘
750,13:43:10,16.31,--,77,125586,卖盘
751,13:42:55,16.31,--,26,42406,卖盘
752,13:42:50,16.31,0.01,71,116583,买盘
753,13:42:40,16.3,-0.01,170,277100,卖盘
754,13:42:29,16.31,0.01,49,79919,买盘
755,13:42:25,16.3,--,21,34344,卖盘
756,13:42:20,16.3,-0.01,5,8150,卖盘
757,13:42:14,16.31,0.01,7,11417,买盘
758,13:42:10,16.3,-0.01,31,50530,卖盘
759,13:42:05,16.31,0.01,40,65239,买盘
760,13:41:55,16.3,-0.01,119,193970,卖盘
761,13:41:50,16.31,0.01,7,11417,买盘
762,13:41:40,16.3,--,4,6520,卖盘
763,13:41:35,16.3,-0.01,25,40750,卖盘
764,13:41:25,16.31,0.01,43,70247,买盘
765,13:41:20,16.3,-0.01,85,138550,卖盘
766,13:41:10,16.31,--,10,16309,买盘
767,13:41:05,16.31,--,111,181041,买盘
768,13:40:59,16.31,0.01,10,16309,买盘
769,13:40:55,16.3,--,66,107580,卖盘
770,13:40:50,16.3,--,24,39120,卖盘
771,13:40:44,16.3,--,45,73350,卖盘
772,13:40:35,16.3,-0.01,52,84760,卖盘
773,13:40:29,16.31,0.01,45,73395,买盘
774,13:40:25,16.3,-0.01,70,114214,卖盘
775,13:40:20,16.31,0.01,46,75026,买盘
776,13:40:14,16.3,-0.01,54,88020,卖盘
777,13:40:10,16.31,--,26,42406,买盘
778,13:40:05,16.31,--,5,8154,买盘
779,13:39:59,16.31,--,42,70018,卖盘
780,13:39:55,16.31,--,5,8154,卖盘
781,13:39:50,16.31,--,41,66871,卖盘
782,13:39:44,16.31,--,9,14678,卖盘
783,13:39:40,16.31,--,90,146790,卖盘
784,13:39:35,16.31,--,27,44037,卖盘
785,13:39:29,16.31,--,37,60346,卖盘
786,13:39:25,16.31,--,33,53937,卖盘
787,13:39:20,16.31,--,4,6523,卖盘
788,13:39:14,16.31,--,12,19572,卖盘
789,13:39:10,16.31,--,4,6523,卖盘
790,13:39:05,16.31,--,62,101121,卖盘
791,13:38:59,16.31,0.01,10,16309,卖盘
792,13:38:55,16.3,--,0,0,卖盘
793,13:38:50,16.3,--,28,45640,卖盘
794,13:38:44,16.3,--,0,0,卖盘
795,13:38:35,16.3,-0.01,7,11410,卖盘
796,13:38:29,16.31,0.01,2,3261,中性盘
797,13:38:23,16.3,--,15,24939,卖盘
798,13:38:20,16.3,--,14,23472,卖盘
799,13:38:14,16.3,-0.01,41,66830,卖盘
800,13:38:09,16.31,-0.01,21,34251,卖盘
801,13:38:05,16.32,0.02,10,16320,买盘
802,13:37:59,16.3,-0.01,1000,1630000,卖盘
803,13:37:50,16.31,--,24,39144,卖盘
804,13:37:44,16.31,-0.01,11,17941,卖盘
805,13:37:38,16.32,--,30,48960,买盘
806,13:37:34,16.32,0.01,12,19584,买盘
807,13:37:29,16.31,--,20,32619,卖盘
808,13:37:19,16.31,--,21,34365,卖盘
809,13:37:04,16.31,-0.01,3,5317,卖盘
810,13:36:53,16.32,0.01,10,16320,买盘
811,13:36:49,16.31,-0.01,4,6523,卖盘
812,13:36:38,16.32,0.01,20,32640,买盘
813,13:36:34,16.31,-0.01,113,184303,卖盘
814,13:36:29,16.32,0.01,6,9792,买盘
815,13:36:23,16.31,--,5,8154,卖盘
816,13:36:19,16.31,--,23,37627,卖盘
817,13:36:14,16.31,-0.01,64,104383,卖盘
818,13:35:59,16.32,0.01,23,37536,买盘
819,13:35:49,16.31,--,21,34251,卖盘
820,13:35:44,16.31,--,5,8154,卖盘
821,13:35:34,16.31,-0.01,14,22834,卖盘
822,13:35:29,16.32,--,26,42432,买盘
823,13:35:23,16.32,0.01,6,9792,买盘
824,13:35:19,16.31,--,93,151797,卖盘
825,13:35:14,16.31,-0.01,20,32619,卖盘
826,13:35:08,16.32,0.01,2,3264,买盘
827,13:35:04,16.31,-0.01,6,9786,卖盘
828,13:34:59,16.32,--,220,359040,买盘
829,13:34:53,16.32,0.01,7,11424,买盘
830,13:34:49,16.31,--,10,16309,卖盘
831,13:34:44,16.31,-0.01,18,29357,卖盘
832,13:34:34,16.32,--,106,172992,买盘
833,13:34:29,16.32,0.01,10,16320,买盘
834,13:34:23,16.31,--,20,32619,卖盘
835,13:34:19,16.31,--,6,10927,卖盘
836,13:34:14,16.31,--,11,18544,卖盘
837,13:34:07,16.31,-0.01,21,34251,卖盘
838,13:33:59,16.32,--,11,17952,卖盘
839,13:33:53,16.32,--,100,163200,卖盘
840,13:33:49,16.32,--,24,39168,卖盘
841,13:33:44,16.32,-0.01,214,349688,卖盘
842,13:33:38,16.33,0.01,45,73484,买盘
843,13:33:34,16.32,--,10,16320,卖盘
844,13:33:29,16.32,--,582,949824,卖盘
845,13:33:23,16.32,--,16,26112,卖盘
846,13:33:19,16.32,--,5,8160,卖盘
847,13:33:14,16.32,-0.01,437,713298,卖盘
848,13:33:08,16.33,--,100,163299,买盘
849,13:32:59,16.33,0.01,23,37558,买盘
850,13:32:52,16.32,--,45,73440,卖盘
851,13:32:49,16.32,--,84,137088,卖盘
852,13:32:38,16.32,--,37,60384,卖盘
853,13:32:34,16.32,-0.01,2,3264,卖盘
854,13:32:29,16.33,0.01,5,8164,买盘
855,13:32:23,16.32,--,100,163200,卖盘
856,13:32:19,16.32,-0.01,9,15650,卖盘
857,13:32:13,16.33,--,63,103662,买盘
858,13:32:08,16.33,0.01,71,115942,买盘
859,13:32:04,16.32,-0.01,2,3264,卖盘
860,13:31:53,16.33,0.01,5,8164,买盘
861,13:31:49,16.32,-0.01,5,8160,卖盘
862,13:31:44,16.33,--,19,31026,买盘
863,13:31:38,16.33,--,204,334095,卖盘
864,13:31:32,16.33,--,290,473569,卖盘
865,13:31:18,16.33,--,5,8164,卖盘
866,13:31:14,16.33,-0.01,22,36040,卖盘
867,13:31:02,16.34,0.01,1,1634,买盘
868,13:30:58,16.33,--,10,16329,卖盘
869,13:30:47,16.33,--,7,11430,卖盘
870,13:30:43,16.33,--,20,32659,卖盘
871,13:30:37,16.33,-0.01,24,39191,卖盘
872,13:30:31,16.34,0.01,8,13072,买盘
873,13:30:16,16.33,--,6,9797,卖盘
874,13:30:13,16.33,--,26,42457,卖盘
875,13:30:08,16.33,--,16,26242,卖盘
876,13:30:02,16.33,-0.01,7,11430,卖盘
877,13:29:58,16.34,0.01,100,163400,买盘
878,13:29:52,16.33,--,20,32659,卖盘
879,13:29:47,16.33,-0.01,5,8164,卖盘
880,13:29:43,16.34,0.01,14,22876,买盘
881,13:29:37,16.33,-0.01,1,1632,卖盘
882,13:29:28,16.34,--,18,29412,买盘
883,13:29:22,16.34,0.01,3,4902,买盘
884,13:29:16,16.33,--,4,6531,卖盘
885,13:29:13,16.33,-0.01,1,1632,卖盘
886,13:29:08,16.34,0.01,21,34428,买盘
887,13:29:01,16.33,-0.01,40,65319,卖盘
888,13:28:58,16.34,--,1,1634,买盘
889,13:28:52,16.34,0.01,4,6536,买盘
890,13:28:46,16.33,--,4,6531,卖盘
891,13:28:43,16.33,--,6,9797,卖盘
892,13:28:37,16.33,--,65,106144,卖盘
893,13:28:16,16.33,-0.01,8,13063,卖盘
894,13:28:07,16.34,0.01,317,518092,买盘
895,13:28:01,16.33,--,1,1845,卖盘
896,13:27:58,16.33,-0.01,31,50622,卖盘
897,13:27:52,16.34,0.01,70,114380,买盘
898,13:27:46,16.33,--,14,22861,卖盘
899,13:27:37,16.33,-0.01,101,164932,卖盘
900,13:27:31,16.34,--,2,3268,买盘
901,13:27:28,16.34,--,20,32680,买盘
902,13:27:13,16.34,--,395,646622,卖盘
903,13:27:07,16.34,--,40,66471,卖盘
904,13:27:01,16.34,0.01,1757,2871804,买盘
905,13:26:58,16.33,--,200,326599,卖盘
906,13:26:52,16.33,--,10,16329,卖盘
907,13:26:46,16.33,--,212,346195,卖盘
908,13:26:43,16.33,-0.01,19,31026,卖盘
909,13:26:37,16.34,0.01,6,9804,买盘
910,13:26:31,16.33,--,22,35925,卖盘
911,13:26:22,16.33,--,30,48989,卖盘
912,13:26:16,16.33,--,8,13063,卖盘
913,13:26:13,16.33,--,2,3265,卖盘
914,13:26:07,16.33,--,10,16329,卖盘
915,13:26:01,16.33,-0.01,31,50737,卖盘
916,13:25:58,16.34,0.01,120,196080,买盘
917,13:25:52,16.33,--,7,11430,卖盘
918,13:25:46,16.33,-0.01,10,16329,卖盘
919,13:25:27,16.34,--,3,4902,买盘
920,13:25:22,16.34,0.01,32,52288,买盘
921,13:25:16,16.33,-0.01,15,24494,卖盘
922,13:25:07,16.34,--,100,163400,买盘
923,13:25:01,16.34,--,31,50768,买盘
924,13:24:57,16.34,--,20,32680,买盘
925,13:24:52,16.34,--,11,17974,买盘
926,13:24:46,16.34,--,109,179609,买盘
927,13:24:42,16.34,--,50,81700,买盘
928,13:24:37,16.34,--,103,168302,买盘
929,13:24:31,16.34,0.01,15,24510,买盘
930,13:24:27,16.33,--,60,97979,卖盘
931,13:24:22,16.33,--,16,26127,卖盘
932,13:24:16,16.33,-0.01,11,17962,卖盘
933,13:24:07,16.34,--,419,686051,卖盘
934,13:24:01,16.34,--,23,37696,卖盘
935,13:23:46,16.34,--,279,456000,买盘
936,13:23:40,16.34,--,20,32680,买盘
937,13:23:37,16.34,--,5,8170,买盘
938,13:23:22,16.34,--,954,1560355,卖盘
939,13:23:16,16.34,--,147,240198,卖盘
940,13:23:10,16.34,--,274,447716,卖盘
941,13:23:01,16.34,--,16,26258,卖盘
942,13:22:55,16.34,-0.01,1,1634,卖盘
943,13:22:52,16.35,0.01,67,109545,买盘
944,13:22:46,16.34,-0.01,31,50654,卖盘
945,13:22:40,16.35,0.01,5,8175,买盘
946,13:22:37,16.34,-0.01,10,16340,卖盘
947,13:22:31,16.35,0.01,5,8175,买盘
948,13:22:16,16.34,--,204,333336,卖盘
949,13:22:10,16.34,-0.01,100,163400,卖盘
950,13:22:07,16.35,--,10,16350,买盘
951,13:22:01,16.35,--,59,96465,买盘
952,13:21:52,16.35,--,331,541185,卖盘
953,13:21:46,16.35,--,5,8175,卖盘
954,13:21:40,16.35,--,13,21255,卖盘
955,13:21:37,16.35,--,103,168405,卖盘
956,13:21:31,16.35,-0.01,5,8175,卖盘
957,13:21:25,16.36,0.02,50,81800,买盘
958,13:21:16,16.34,-0.02,18,29412,卖盘
959,13:21:10,16.36,0.01,30,49080,买盘
960,13:21:07,16.35,--,121,197835,卖盘
961,13:21:01,16.35,--,21,34335,卖盘
962,13:20:55,16.35,-0.01,2,3270,卖盘
963,13:20:52,16.36,0.01,85,139060,买盘
964,13:20:46,16.35,--,5,8175,卖盘
965,13:20:31,16.35,-0.01,16,26160,卖盘
966,13:20:25,16.36,0.01,93,152148,买盘
967,13:20:16,16.35,--,7,11445,卖盘
968,13:20:07,16.35,-0.01,8,13080,卖盘
969,13:19:55,16.36,0.01,30,49080,买盘
970,13:19:52,16.35,--,10,16350,卖盘
971,13:19:46,16.35,--,31,50685,买盘
972,13:19:40,16.35,-0.01,234,382590,卖盘
973,13:19:25,16.36,0.01,5,8180,买盘
974,13:19:22,16.35,-0.01,68,111180,卖盘
975,13:19:16,16.36,--,54,88344,买盘
976,13:19:07,16.36,--,5,8180,买盘
977,13:18:55,16.36,0.01,15,24540,买盘
978,13:18:46,16.35,-0.02,272,444720,卖盘
979,13:18:36,16.37,0.02,601,983837,买盘
980,13:18:31,16.35,-0.01,175,286125,卖盘
981,13:18:25,16.36,--,14,22904,卖盘
982,13:18:21,16.36,--,3,4908,卖盘
983,13:18:16,16.36,--,6,9816,卖盘
984,13:18:10,16.36,-0.01,10,16360,卖盘
985,13:18:01,16.37,0.02,6,9822,买盘
986,13:17:55,16.35,-0.01,1000,1635000,卖盘
987,13:17:51,16.36,--,18,29448,卖盘
988,13:17:46,16.36,--,14,22904,卖盘
989,13:17:40,16.36,--,80,130880,卖盘
990,13:17:31,16.36,--,41,67076,卖盘
991,13:17:25,16.36,--,48,78528,卖盘
992,13:17:21,16.36,--,8,13088,卖盘
993,13:17:16,16.36,-0.01,100,163600,卖盘
994,13:17:10,16.37,--,16,26192,买盘
995,13:17:06,16.37,0.01,9,14733,买盘
996,13:17:01,16.36,--,6,9816,卖盘
997,13:16:51,16.36,-0.02,3,4908,卖盘
998,13:16:46,16.38,0.02,107,175266,买盘
999,13:16:40,16.36,-0.01,41,67076,卖盘
1000,13:16:25,16.37,-0.01,1087,1779419,卖盘
1001,13:16:19,16.38,0.01,202,330876,买盘
1002,13:16:16,16.37,-0.01,27,44199,卖盘
1003,13:16:10,16.38,--,189,309582,买盘
1004,13:16:04,16.38,--,1,1638,买盘
1005,13:15:55,16.38,--,49,80262,买盘
1006,13:15:49,16.38,--,70,114660,买盘
1007,13:15:46,16.38,--,24,39312,中性盘
1008,13:15:40,16.38,--,41,67158,买盘
1009,13:15:34,16.38,--,79,129401,买盘
1010,13:15:31,16.38,0.01,11,18018,买盘
1011,13:15:19,16.37,--,4,6548,卖盘
1012,13:15:16,16.37,--,6,9822,卖盘
1013,13:15:10,16.37,--,4,6548,卖盘
1014,13:15:04,16.37,-0.01,2,3274,买盘
1015,13:15:01,16.38,--,0,0,买盘
1016,13:14:55,16.38,0.01,41,67158,买盘
1017,13:14:49,16.37,--,3,4911,卖盘
1018,13:14:46,16.37,--,67,109679,卖盘
1019,13:14:40,16.37,-0.01,1,1637,卖盘
1020,13:14:31,16.38,0.01,5,8189,买盘
1021,13:14:19,16.37,--,8,13096,卖盘
1022,13:14:16,16.37,--,10,16370,卖盘
1023,13:14:10,16.37,--,90,147330,买盘
1024,13:14:04,16.37,0.01,5,8185,买盘
1025,13:14:01,16.36,-0.01,11,17996,卖盘
1026,13:13:46,16.37,--,12,19644,卖盘
1027,13:13:40,16.37,--,80,130960,卖盘
1028,13:13:25,16.37,--,1,1637,卖盘
1029,13:13:19,16.37,--,3,4911,卖盘
1030,13:13:15,16.37,--,9,14733,买盘
1031,13:13:10,16.37,--,6,9822,买盘
1032,13:13:04,16.37,0.01,10,16370,买盘
1033,13:13:00,16.36,--,10,16360,卖盘
1034,13:12:55,16.36,--,4,8049,卖盘
1035,13:12:49,16.36,--,5,8180,卖盘
1036,13:12:34,16.36,-0.01,61,99796,卖盘
1037,13:12:19,16.37,--,109,178433,卖盘
1038,13:12:15,16.37,--,70,114590,卖盘
1039,13:12:10,16.37,--,73,119501,卖盘
1040,13:12:00,16.37,--,3,4911,卖盘
1041,13:11:55,16.37,--,71,116227,买盘
1042,13:11:49,16.37,0.01,59,96583,买盘
1043,13:11:45,16.36,--,10,16360,卖盘
1044,13:11:40,16.36,-0.01,10,16360,卖盘
1045,13:11:34,16.37,0.01,21,34377,买盘
1046,13:11:25,16.36,--,10,16360,卖盘
1047,13:11:19,16.36,--,59,96524,卖盘
1048,13:11:10,16.36,0.01,29,47918,买盘
1049,13:11:04,16.35,--,24,39240,卖盘
1050,13:11:00,16.35,--,1,1635,卖盘
1051,13:10:49,16.35,-0.01,11,17985,卖盘
1052,13:10:45,16.36,--,15,24540,买盘
1053,13:10:40,16.36,--,6,9816,买盘
1054,13:10:34,16.36,0.01,10,16360,买盘
1055,13:10:25,16.35,-0.01,55,91085,卖盘
1056,13:10:19,16.36,--,12,19632,卖盘
1057,13:10:13,16.36,--,8,13088,卖盘
1058,13:10:04,16.36,--,1,1636,卖盘
1059,13:09:58,16.36,--,0,474,买盘
1060,13:09:55,16.36,--,6,10977,卖盘
1061,13:09:49,16.36,--,3,4908,卖盘
1062,13:09:43,16.36,--,7,11452,卖盘
1063,13:09:40,16.36,--,3,4908,卖盘
1064,13:09:34,16.36,--,1,1636,卖盘
1065,13:09:25,16.36,--,1,1636,卖盘
1066,13:09:19,16.36,--,33,53988,卖盘
1067,13:09:10,16.36,--,5,8180,卖盘
1068,13:09:04,16.36,--,21,34356,卖盘
1069,13:08:55,16.36,-0.01,260,425360,卖盘
1070,13:08:49,16.37,0.01,15,24555,买盘
1071,13:08:40,16.36,--,30,49080,卖盘
1072,13:08:34,16.36,-0.01,3,4908,卖盘
1073,13:08:28,16.37,0.01,10,16370,买盘
1074,13:08:25,16.36,--,6,9816,卖盘
1075,13:08:19,16.36,--,3,4908,卖盘
1076,13:08:13,16.36,--,10,16360,卖盘
1077,13:08:10,16.36,--,10,16360,卖盘
1078,13:08:04,16.36,--,10,16360,卖盘
1079,13:07:55,16.36,--,32,52352,卖盘
1080,13:07:49,16.36,--,61,99796,卖盘
1081,13:07:34,16.36,--,2,3272,卖盘
1082,13:07:28,16.36,-0.01,30,49080,卖盘
1083,13:07:25,16.37,0.01,15,24555,买盘
1084,13:07:19,16.36,--,8,13088,卖盘
1085,13:07:10,16.36,--,28,45808,卖盘
1086,13:06:58,16.36,--,6,9816,卖盘
1087,13:06:54,16.36,--,55,89980,卖盘
1088,13:06:49,16.36,--,13,21268,卖盘
1089,13:06:39,16.36,-0.01,22,35992,卖盘
1090,13:06:34,16.37,--,12,19644,卖盘
1091,13:06:28,16.37,--,6,9822,卖盘
1092,13:06:19,16.37,--,5,8185,卖盘
1093,13:06:13,16.37,--,49,80213,卖盘
1094,13:06:09,16.37,-0.01,29,47473,卖盘
1095,13:06:04,16.38,0.01,3,4914,买盘
1096,13:05:58,16.37,--,10,16370,卖盘
1097,13:05:49,16.37,--,31,50747,卖盘
1098,13:05:43,16.37,--,93,152241,卖盘
1099,13:05:39,16.37,--,55,90035,卖盘
1100,13:05:34,16.37,--,1,1637,卖盘
1101,13:05:28,16.37,--,20,32740,卖盘
1102,13:05:24,16.37,--,36,58932,卖盘
1103,13:05:19,16.37,--,3,4911,卖盘
1104,13:05:13,16.37,-0.01,2,3274,卖盘
1105,13:05:09,16.38,--,14,22932,卖盘
1106,13:04:58,16.38,--,45,73710,卖盘
1107,13:04:54,16.38,--,0,0,卖盘
1108,13:04:49,16.38,0.01,74,121211,买盘
1109,13:04:43,16.37,--,45,73665,卖盘
1110,13:04:39,16.37,--,27,44199,卖盘
1111,13:04:28,16.37,--,37,60569,卖盘
1112,13:04:19,16.37,--,3,4911,卖盘
1113,13:04:13,16.37,--,18,29466,卖盘
1114,13:04:09,16.37,-0.01,10,16370,卖盘
1115,13:04:04,16.38,0.01,37,60605,买盘
1116,13:03:49,16.37,--,3,4911,卖盘
1117,13:03:43,16.37,--,26,42562,卖盘
1118,13:03:39,16.37,-0.02,58,94946,卖盘
1119,13:03:34,16.39,0.02,100,163900,买盘
1120,13:03:24,16.37,--,4,6548,卖盘
1121,13:03:19,16.37,0.01,4,6548,卖盘
1122,13:03:13,16.36,-0.01,62,103035,卖盘
1123,13:03:07,16.37,--,2,3274,卖盘
1124,13:03:04,16.37,--,15,24555,卖盘
1125,13:02:49,16.37,--,3,4911,卖盘
1126,13:02:37,16.37,--,12,19644,卖盘
1127,13:02:34,16.37,--,4,6548,卖盘
1128,13:02:28,16.37,--,15,24555,卖盘
1129,13:02:19,16.37,--,3,4911,卖盘
1130,13:02:07,16.37,--,31,50747,卖盘
1131,13:02:04,16.37,-0.01,21,35113,卖盘
1132,13:01:49,16.38,-0.01,6,9828,卖盘
1133,13:01:43,16.39,0.02,1,1639,买盘
1134,13:01:37,16.37,--,117,191529,卖盘
1135,13:01:34,16.37,-0.02,70,114590,卖盘
1136,13:01:28,16.39,0.01,2,3278,买盘
1137,13:01:19,16.38,-0.01,3,4914,中性盘
1138,13:01:13,16.39,0.02,51,85113,买盘
1139,13:01:07,16.37,--,24,39288,卖盘
1140,13:01:04,16.37,-0.04,14,22918,卖盘
1141,13:00:49,16.41,--,0,0,买盘
1142,13:00:37,16.41,0.01,54,88614,买盘
1143,13:00:28,16.4,--,0,0,买盘
1144,13:00:22,16.4,--,0,0,买盘
1145,13:00:18,16.4,--,38,62319,买盘
1146,13:00:13,16.4,0.02,234,384399,中性盘
1147,13:00:07,16.38,--,486,797067,卖盘
1148,13:00:04,16.38,0.01,528,865830,中性盘
1149,11:30:00,16.37,--,0,0,卖盘
1150,11:30:00,16.37,--,0,0,卖盘
1151,11:29:59,16.37,-0.01,84,137508,卖盘
1152,11:29:53,16.38,0.01,35,57330,卖盘
1153,11:29:47,16.37,--,0,0,卖盘
1154,11:29:44,16.37,--,5,8185,卖盘
1155,11:29:29,16.37,--,48,78608,卖盘
1156,11:29:23,16.37,--,171,279927,卖盘
1157,11:29:17,16.37,--,0,0,卖盘
1158,11:29:14,16.37,--,38,63695,卖盘
1159,11:29:08,16.37,-0.03,3,4911,卖盘
1160,11:29:02,16.4,0.03,230,377199,买盘
1161,11:28:59,16.37,--,10,16370,卖盘
1162,11:28:53,16.37,-0.03,16,26192,卖盘
1163,11:28:44,16.4,--,0,0,买盘
1164,11:28:38,16.4,0.03,10,16400,买盘
1165,11:28:32,16.37,--,6,9822,卖盘
1166,11:28:29,16.37,--,60,98220,卖盘
1167,11:28:23,16.37,-0.03,24,39288,卖盘
1168,11:28:17,16.4,--,0,0,买盘
1169,11:28:14,16.4,0.03,1,1639,买盘
1170,11:28:08,16.37,-0.03,1,2439,卖盘
1171,11:28:02,16.4,--,35,57399,买盘
1172,11:27:59,16.4,--,89,145960,买盘
1173,11:27:53,16.4,--,97,159080,买盘
1174,11:27:47,16.4,--,45,73800,买盘
1175,11:27:44,16.4,--,108,177119,买盘
1176,11:27:38,16.4,0.04,64,104959,买盘
1177,11:27:29,16.36,--,17,27812,卖盘
1178,11:27:23,16.36,--,3,5169,卖盘
1179,11:27:17,16.36,-0.01,44,73243,卖盘
1180,11:27:14,16.37,-0.01,1,1637,买盘
1181,11:27:08,16.38,0.01,42,68796,买盘
1182,11:27:02,16.37,--,0,114,卖盘
1183,11:26:53,16.37,--,37,60569,卖盘
1184,11:26:47,16.37,--,4,6548,卖盘
1185,11:26:38,16.37,--,7,11459,卖盘
1186,11:26:23,16.37,--,350,572950,卖盘
1187,11:26:08,16.37,--,11,18007,卖盘
1188,11:26:02,16.37,-0.01,5,8185,卖盘
1189,11:25:53,16.38,0.01,207,339066,买盘
1190,11:25:47,16.37,--,3,4911,卖盘
1191,11:25:43,16.37,--,6,9822,卖盘
1192,11:25:38,16.37,0.01,83,137393,买盘
1193,11:25:32,16.36,-0.01,10,16360,卖盘
1194,11:25:23,16.37,--,267,437193,卖盘
1195,11:25:17,16.37,-0.01,2,4632,卖盘
1196,11:25:13,16.38,--,3,4914,买盘
1197,11:25:08,16.38,0.01,10,16379,买盘
1198,11:25:02,16.37,-0.01,45,73828,卖盘
1199,11:24:58,16.38,0.01,20,32759,买盘
1200,11:24:53,16.37,--,268,438716,卖盘
1201,11:24:47,16.37,-0.01,164,268468,卖盘
1202,11:24:43,16.38,--,3,4914,买盘
1203,11:24:38,16.38,--,2,3276,买盘
1204,11:24:28,16.38,--,3,4914,买盘
1205,11:24:17,16.38,-0.02,14,23800,卖盘
1206,11:24:08,16.4,0.01,129,211559,买盘
1207,11:24:02,16.39,0.01,9,14751,中性盘
1208,11:23:58,16.38,-0.01,5,8189,卖盘
1209,11:23:53,16.39,--,46,75394,卖盘
1210,11:23:47,16.39,--,16,26224,卖盘
1211,11:23:41,16.39,-0.01,5,8195,卖盘
1212,11:23:38,16.4,--,584,957759,买盘
1213,11:23:32,16.4,0.01,20,32800,买盘
1214,11:23:26,16.39,0.01,280,459690,买盘
1215,11:23:23,16.38,-0.01,7,12334,卖盘
1216,11:23:17,16.39,--,174,285186,卖盘
1217,11:23:08,16.39,--,24,39336,卖盘
1218,11:23:02,16.39,0.01,55,90145,买盘
1219,11:22:56,16.38,--,1,2637,卖盘
1220,11:22:47,16.38,-0.01,400,655200,卖盘
1221,11:22:41,16.39,--,3,4917,买盘
1222,11:22:38,16.39,--,60,98864,买盘
1223,11:22:26,16.39,--,1,1639,买盘
1224,11:22:23,16.39,--,15,24781,卖盘
1225,11:22:17,16.39,--,167,273713,卖盘
1226,11:22:08,16.39,--,35,57365,卖盘
1227,11:21:53,16.39,-0.01,3,4917,卖盘
1228,11:21:47,16.4,--,56,91839,卖盘
1229,11:21:38,16.4,--,19,31159,卖盘
1230,11:21:32,16.4,--,4,6559,卖盘
1231,11:21:23,16.4,--,24,39360,卖盘
1232,11:21:17,16.4,-0.01,23,37720,卖盘
1233,11:21:08,16.41,0.01,3,4923,买盘
1234,11:20:47,16.4,--,3,4920,卖盘
1235,11:20:37,16.4,0.01,74,121359,中性盘
1236,11:20:32,16.39,-0.01,42,70362,卖盘
1237,11:20:22,16.4,-0.02,123,201719,卖盘
1238,11:20:17,16.42,--,36,60195,卖盘
1239,11:20:11,16.42,--,6,10410,买盘
1240,11:20:08,16.42,0.01,16,26272,买盘
1241,11:20:02,16.41,--,1,1641,卖盘
1242,11:19:56,16.41,0.02,10,16410,买盘
1243,11:19:53,16.39,--,39,63921,卖盘
1244,11:19:47,16.39,-0.01,257,421223,卖盘
1245,11:19:41,16.4,--,4,6559,卖盘
1246,11:19:37,16.4,0.01,134,219759,买盘
1247,11:19:32,16.39,--,27,44843,卖盘
1248,11:19:22,16.39,--,10,16390,卖盘
1249,11:19:17,16.39,-0.01,1275,2089725,卖盘
1250,11:19:07,16.4,0.01,145,237799,买盘
1251,11:18:47,16.39,0.01,14,23913,买盘
1252,11:18:41,16.38,--,54,88452,卖盘
1253,11:18:37,16.38,-0.01,128,210220,卖盘
1254,11:18:22,16.39,0.01,11,19553,买盘
1255,11:18:17,16.38,-0.01,7,11466,卖盘
1256,11:18:11,16.39,-0.01,65,106649,卖盘
1257,11:18:07,16.4,--,14,22959,买盘
1258,11:18:02,16.4,--,12,19680,买盘
1259,11:17:52,16.4,0.01,2,3279,买盘
1260,11:17:47,16.39,-0.01,9,14751,卖盘
1261,11:17:41,16.4,-0.01,5,8200,卖盘
1262,11:17:37,16.41,0.01,16,26256,买盘
1263,11:17:32,16.4,--,20,32800,卖盘
1264,11:17:26,16.4,--,1,1639,卖盘
1265,11:17:22,16.4,--,5,8200,卖盘
1266,11:17:17,16.4,0.01,8,13119,中性盘
1267,11:17:11,16.39,-0.01,52,86752,卖盘
1268,11:17:07,16.4,--,7,11479,买盘
1269,11:17:02,16.4,--,7,11479,买盘
1270,11:16:56,16.4,--,14,23074,卖盘
1271,11:16:47,16.4,0.01,21,35965,买盘
1272,11:16:41,16.39,-0.01,41,67313,卖盘
1273,11:16:35,16.4,0.01,78,127919,买盘
1274,11:16:32,16.39,--,126,208038,卖盘
1275,11:16:20,16.39,-0.01,21,34419,卖盘
1276,11:16:17,16.4,0.01,1,1639,买盘
1277,11:16:11,16.39,-0.01,74,121286,卖盘
1278,11:16:05,16.4,0.01,169,277160,买盘
1279,11:15:47,16.39,--,3,4917,卖盘
1280,11:15:41,16.39,-0.01,1,1639,卖盘
1281,11:15:35,16.4,--,33,54119,买盘
1282,11:15:26,16.4,-0.01,282,462479,卖盘
1283,11:15:17,16.41,-0.02,13,21333,买盘
1284,11:15:11,16.43,--,0,0,买盘
1285,11:15:05,16.43,0.02,203,333529,买盘
1286,11:14:56,16.41,--,0,0,中性盘
1287,11:14:47,16.41,-0.02,26,42666,中性盘
1288,11:14:41,16.43,-0.01,258,424009,卖盘
1289,11:14:35,16.44,0.01,115,189060,买盘
1290,11:14:31,16.43,-0.01,0,788,卖盘
1291,11:14:26,16.44,0.01,263,432372,买盘
1292,11:14:20,16.43,-0.01,22,36146,卖盘
1293,11:14:16,16.44,0.01,85,140479,买盘
1294,11:14:11,16.43,-0.02,210,345030,卖盘
1295,11:14:05,16.45,0.01,71,116795,买盘
1296,11:14:01,16.44,0.01,122,200568,买盘
1297,11:13:56,16.43,--,36,59148,买盘
1298,11:13:50,16.43,0.01,45,73935,买盘
1299,11:13:46,16.42,--,39,64038,卖盘
1300,11:13:41,16.42,-0.01,117,192114,卖盘
1301,11:13:35,16.43,0.01,286,469898,买盘
1302,11:13:31,16.42,--,1,1642,卖盘
1303,11:13:26,16.42,--,57,93594,买盘
1304,11:13:20,16.42,0.03,6,9852,买盘
1305,11:13:16,16.39,--,66,108174,卖盘
1306,11:13:11,16.39,-0.01,65,106535,卖盘
1307,11:13:05,16.4,--,2,3279,买盘
1308,11:13:01,16.4,0.01,4,6559,卖盘
1309,11:12:56,16.39,-0.01,100,163900,卖盘
1310,11:12:50,16.4,--,8,13119,买盘
1311,11:12:46,16.4,--,35,57399,买盘
1312,11:12:41,16.4,-0.01,1,1639,卖盘
1313,11:12:35,16.41,--,14,22974,买盘
1314,11:12:31,16.41,-0.01,2,3282,买盘
1315,11:12:26,16.42,--,0,0,买盘
1316,11:12:20,16.42,--,44,73775,买盘
1317,11:12:16,16.42,0.01,38,62396,买盘
1318,11:12:11,16.41,-0.01,14,22974,卖盘
1319,11:12:05,16.42,0.01,85,139570,买盘
1320,11:11:56,16.41,--,25,41025,卖盘
1321,11:11:50,16.41,--,8,13128,卖盘
1322,11:11:46,16.41,--,10,16410,卖盘
1323,11:11:41,16.41,-0.01,152,249432,卖盘
1324,11:11:35,16.42,0.01,773,1269266,买盘
1325,11:11:31,16.41,--,1,1641,卖盘
1326,11:11:20,16.41,0.01,16,26256,买盘
1327,11:11:16,16.4,-0.01,6,9840,买盘
1328,11:11:11,16.41,-0.01,6,9846,中性盘
1329,11:11:05,16.42,--,614,1008188,买盘
1330,11:10:56,16.42,0.01,5,8210,买盘
1331,11:10:50,16.41,-0.01,5,8205,卖盘
1332,11:10:41,16.42,-0.01,884,1451528,中性盘
1333,11:10:35,16.43,--,20,32860,买盘
1334,11:10:26,16.43,0.05,11,19058,买盘
1335,11:10:20,16.38,--,0,0,卖盘
1336,11:10:16,16.38,--,0,0,卖盘
1337,11:10:11,16.38,-0.05,171,280638,卖盘
1338,11:10:05,16.43,--,108,177444,买盘
1339,11:10:01,16.43,--,0,0,买盘
1340,11:09:56,16.43,0.02,17,27931,买盘
1341,11:09:50,16.41,0.03,5,8205,买盘
1342,11:09:46,16.38,--,0,0,卖盘
1343,11:09:41,16.38,--,33,54054,卖盘
1344,11:09:35,16.38,-0.03,655,1072890,卖盘
1345,11:09:29,16.41,--,0,0,中性盘
1346,11:09:26,16.41,0.03,12,19692,买盘
1347,11:09:20,16.38,--,21,34398,卖盘
1348,11:09:14,16.38,--,3,5470,买盘
1349,11:09:11,16.38,-0.04,53,87895,卖盘
1350,11:09:05,16.42,--,35,57470,买盘
1351,11:08:59,16.42,--,1,1642,买盘
1352,11:08:56,16.42,-0.01,111,182262,买盘
1353,11:08:50,16.43,--,77,126511,买盘
1354,11:08:44,16.43,--,0,0,买盘
1355,11:08:40,16.43,0.05,12,19716,买盘
1356,11:08:35,16.38,-0.01,315,515969,卖盘
1357,11:08:25,16.39,--,41,67199,卖盘
1358,11:08:20,16.39,-0.02,58,95701,中性盘
1359,11:08:14,16.41,0.02,129,211689,买盘
1360,11:08:10,16.39,--,6,9834,买盘
1361,11:08:05,16.39,0.01,8,13112,中性盘
1362,11:07:59,16.38,-0.01,84,138476,卖盘
1363,11:07:55,16.39,--,57,93423,卖盘
1364,11:07:50,16.39,-0.02,56,92455,卖盘
1365,11:07:44,16.41,0.02,20,32820,买盘
1366,11:07:40,16.39,-0.02,5,8195,卖盘
1367,11:07:35,16.41,0.01,356,584196,买盘
1368,11:07:25,16.4,--,5,8200,卖盘
1369,11:07:20,16.4,--,32,52479,卖盘
1370,11:07:14,16.4,--,52,85279,卖盘
1371,11:07:10,16.4,-0.01,20,32800,卖盘
1372,11:07:05,16.41,--,1616,2651856,买盘
1373,11:06:59,16.41,--,39,63999,买盘
1374,11:06:55,16.41,0.01,210,344610,买盘
1375,11:06:50,16.4,--,167,273880,卖盘
1376,11:06:44,16.4,--,54,88559,卖盘
1377,11:06:40,16.4,-0.01,159,260759,卖盘
1378,11:06:35,16.41,0.01,76,124716,中性盘
1379,11:06:29,16.4,-0.01,18,29519,卖盘
1380,11:06:20,16.41,--,51,83691,买盘
1381,11:06:10,16.41,-0.01,83,137729,卖盘
1382,11:06:05,16.42,0.01,632,1037744,买盘
1383,11:05:59,16.41,--,5,8205,卖盘
1384,11:05:55,16.41,-0.01,1,1641,卖盘
1385,11:05:50,16.42,0.01,127,208534,买盘
1386,11:05:40,16.41,-0.02,41,67281,卖盘
1387,11:05:35,16.43,0.01,13,21359,买盘
1388,11:05:25,16.42,--,1,1642,买盘
1389,11:05:20,16.42,--,1,1642,卖盘
1390,11:05:14,16.42,-0.01,1,1642,卖盘
1391,11:05:10,16.43,-0.01,7,11501,卖盘
1392,11:05:05,16.44,0.01,202,332088,买盘
1393,11:04:55,16.43,--,68,111724,卖盘
1394,11:04:50,16.43,0.01,21,34503,买盘
1395,11:04:44,16.42,--,0,0,卖盘
1396,11:04:40,16.42,--,5,8210,卖盘
1397,11:04:35,16.42,--,395,648590,卖盘
1398,11:04:29,16.42,--,137,224954,卖盘
1399,11:04:25,16.42,--,20,32840,卖盘
1400,11:04:20,16.42,-0.03,15,24630,卖盘
1401,11:04:14,16.45,--,6,9870,买盘
1402,11:04:05,16.45,0.02,159,261670,买盘
1403,11:03:59,16.43,-0.02,48,80391,卖盘
1404,11:03:50,16.45,0.02,39,64155,买盘
1405,11:03:44,16.43,--,36,59148,卖盘
1406,11:03:40,16.43,-0.02,50,82150,卖盘
1407,11:03:35,16.45,0.02,490,806050,买盘
1408,11:03:29,16.43,-0.02,14,23002,卖盘
1409,11:03:25,16.45,0.01,16,26320,买盘
1410,11:03:20,16.44,--,9,14796,卖盘
1411,11:03:14,16.44,0.01,112,184128,买盘
1412,11:03:10,16.43,-0.01,2,3286,卖盘
1413,11:03:05,16.44,0.01,142,233448,买盘
1414,11:02:59,16.43,-0.01,192,315456,卖盘
1415,11:02:55,16.44,--,10,16440,买盘
1416,11:02:50,16.44,--,41,67404,买盘
1417,11:02:44,16.44,--,26,42744,买盘
1418,11:02:40,16.44,--,2,3288,买盘
1419,11:02:35,16.44,0.01,55,90420,买盘
1420,11:02:29,16.43,-0.01,9,14787,卖盘
1421,11:02:20,16.44,-0.01,86,141384,卖盘
1422,11:02:14,16.45,0.01,61,100345,买盘
1423,11:02:09,16.44,-0.01,11,18084,卖盘
1424,11:02:05,16.45,0.01,396,651420,买盘
1425,11:01:59,16.44,--,204,335376,卖盘
1426,11:01:50,16.44,-0.01,11,18084,卖盘
1427,11:01:44,16.45,0.01,26,42770,买盘
1428,11:01:38,16.44,-0.01,30,49320,卖盘
1429,11:01:34,16.45,0.01,82,134890,买盘
1430,11:01:29,16.44,--,170,279480,卖盘
1431,11:01:19,16.44,--,3,4932,卖盘
1432,11:01:14,16.44,-0.03,8,13152,卖盘
1433,11:01:07,16.47,-0.01,9,14822,卖盘
1434,11:01:04,16.48,0.01,46,75808,买盘
1435,11:00:59,16.47,--,60,98820,买盘
1436,11:00:49,16.47,0.01,136,223991,买盘
1437,11:00:44,16.46,-0.01,137,225502,卖盘
1438,11:00:38,16.47,--,35,57644,买盘
1439,11:00:34,16.47,0.01,142,233873,买盘
1440,11:00:29,16.46,--,79,130034,卖盘
1441,11:00:19,16.46,--,6,9876,卖盘
1442,11:00:14,16.46,-0.01,16,26336,卖盘
1443,11:00:08,16.47,--,35,57644,买盘
1444,11:00:04,16.47,0.02,175,288225,买盘
1445,10:59:59,16.45,--,260,427700,卖盘
1446,10:59:53,16.45,--,32,52640,卖盘
1447,10:59:49,16.45,-0.01,65,106925,卖盘
1448,10:59:43,16.46,--,31,51026,买盘
1449,10:59:34,16.46,0.01,83,137276,买盘
1450,10:59:29,16.45,--,2,3290,卖盘
1451,10:59:19,16.45,-0.01,3,4935,卖盘
1452,10:59:14,16.46,--,13,21398,买盘
1453,10:59:04,16.46,0.02,8,13168,买盘
1454,10:58:59,16.44,--,83,138079,卖盘
1455,10:58:53,16.44,-0.01,1,1923,卖盘
1456,10:58:43,16.45,-0.02,40,65800,卖盘
1457,10:58:38,16.47,--,0,0,买盘
1458,10:58:34,16.47,0.02,171,281637,买盘
1459,10:58:28,16.45,--,5,8225,卖盘
1460,10:58:23,16.45,0.01,95,156275,买盘
1461,10:58:19,16.44,-0.01,23,37812,卖盘
1462,10:58:13,16.45,--,18,29610,买盘
1463,10:58:04,16.45,--,43,70735,买盘
1464,10:57:58,16.45,--,59,97055,买盘
1465,10:57:53,16.45,0.02,86,141470,买盘
1466,10:57:49,16.43,-0.03,54,88722,卖盘
1467,10:57:44,16.46,-0.01,153,251838,中性盘
1468,10:57:38,16.47,0.02,10,16470,买盘
1469,10:57:34,16.45,--,0,0,卖盘
1470,10:57:29,16.45,-0.01,174,286230,卖盘
1471,10:57:23,16.46,0.01,26,42796,买盘
1472,10:57:19,16.45,-0.01,10,16450,卖盘
1473,10:57:14,16.46,-0.01,6,9876,中性盘
1474,10:57:08,16.47,0.01,46,75762,买盘
1475,10:56:59,16.46,0.01,71,116866,买盘
1476,10:56:53,16.45,-0.01,47,77315,卖盘
1477,10:56:49,16.46,-0.01,3,4938,卖盘
1478,10:56:43,16.47,--,31,51057,买盘
1479,10:56:38,16.47,--,13,21411,买盘
1480,10:56:22,16.47,--,5,8235,买盘
1481,10:56:19,16.47,-0.01,343,564921,卖盘
1482,10:56:14,16.48,0.01,8,13184,买盘
1483,10:56:07,16.47,0.01,13,21411,买盘
1484,10:55:58,16.46,--,108,177768,卖盘
1485,10:55:52,16.46,--,4,6584,卖盘
1486,10:55:48,16.46,--,4,6584,卖盘
1487,10:55:43,16.46,--,73,120158,买盘
1488,10:55:38,16.46,--,44,72424,买盘
1489,10:55:33,16.46,--,7,11522,卖盘
1490,10:55:28,16.46,-0.01,4,6584,卖盘
1491,10:55:22,16.47,0.01,32,52704,买盘
1492,10:55:19,16.46,-0.01,9,14814,卖盘
1493,10:55:13,16.47,--,52,85644,买盘
1494,10:55:08,16.47,--,183,301401,卖盘
1495,10:55:03,16.47,--,1,1647,卖盘
1496,10:54:58,16.47,--,2,3294,卖盘
1497,10:54:52,16.47,--,19,31292,卖盘
1498,10:54:46,16.47,-0.01,6,9882,卖盘
1499,10:54:43,16.48,0.01,11,18128,买盘
1500,10:54:37,16.47,--,216,355752,卖盘
1501,10:54:28,16.47,--,6,9882,卖盘
1502,10:54:22,16.47,--,81,133407,卖盘
1503,10:54:16,16.47,-0.01,3,6439,卖盘
1504,10:54:13,16.48,--,7,11536,买盘
1505,10:54:07,16.48,0.01,376,619648,买盘
1506,10:54:01,16.47,--,76,125171,卖盘
1507,10:53:58,16.47,-0.01,93,153171,卖盘
1508,10:53:52,16.48,0.01,21,34608,买盘
1509,10:53:46,16.47,-0.01,3,4941,卖盘
1510,10:53:43,16.48,--,185,304880,买盘
1511,10:53:37,16.48,--,44,72512,买盘
1512,10:53:31,16.48,--,22,36256,买盘
1513,10:53:28,16.48,0.01,28,46144,买盘
1514,10:53:22,16.47,0.01,6,9882,卖盘
1515,10:53:16,16.46,-0.02,35,57610,卖盘
1516,10:53:13,16.48,0.01,8,13184,买盘
1517,10:53:07,16.47,0.01,9,14822,买盘
1518,10:52:52,16.46,-0.01,22,36212,卖盘
1519,10:52:46,16.47,--,3,4941,卖盘
1520,10:52:43,16.47,--,7,11529,中性盘
1521,10:52:37,16.47,0.01,11,18117,买盘
1522,10:52:28,16.46,-0.01,20,32920,卖盘
1523,10:52:22,16.47,0.01,8,13176,买盘
1524,10:52:16,16.46,--,3,4938,卖盘
1525,10:52:13,16.46,-0.01,15,24690,卖盘
1526,10:52:07,16.47,-0.01,23,37881,卖盘
1527,10:52:01,16.48,0.01,2,3296,买盘
1528,10:51:58,16.47,--,6,9882,卖盘
1529,10:51:52,16.47,--,0,0,卖盘
1530,10:51:46,16.47,0.01,3,4941,卖盘
1531,10:51:43,16.46,-0.01,1142,1879732,卖盘
1532,10:51:37,16.47,--,51,83997,买盘
1533,10:51:28,16.47,0.01,20,32940,买盘
1534,10:51:22,16.46,-0.01,298,490508,卖盘
1535,10:51:16,16.47,-0.01,3,4941,卖盘
1536,10:51:13,16.48,--,0,0,买盘
1537,10:51:07,16.48,--,40,65920,买盘
1538,10:51:01,16.48,--,66,108768,买盘
1539,10:50:58,16.48,0.02,11,18128,买盘
1540,10:50:52,16.46,-0.04,10,16460,卖盘
1541,10:50:46,16.5,0.02,114,188100,买盘
1542,10:50:43,16.48,--,246,405408,卖盘
1543,10:50:37,16.48,-0.01,316,520768,卖盘
1544,10:50:31,16.49,0.01,260,428739,买盘
1545,10:50:28,16.48,--,50,82400,卖盘
1546,10:50:22,16.48,--,82,135136,卖盘
1547,10:50:16,16.48,-0.01,158,260384,买盘
1548,10:50:13,16.49,--,246,405653,买盘
1549,10:50:07,16.49,0.01,295,486454,买盘
1550,10:50:01,16.48,--,81,133488,买盘
1551,10:49:58,16.48,0.01,35,57680,买盘
1552,10:49:52,16.47,0.01,13,21411,买盘
1553,10:49:46,16.46,-0.02,16,26336,卖盘
1554,10:49:43,16.48,--,35,57680,买盘
1555,10:49:37,16.48,0.01,210,346080,买盘
1556,10:49:31,16.47,0.01,66,108701,买盘
1557,10:49:28,16.46,0.01,60,98760,买盘
1558,10:49:16,16.45,--,20,32900,卖盘
1559,10:49:13,16.45,-0.01,20,32900,卖盘
1560,10:49:07,16.46,0.01,87,143202,买盘
1561,10:48:46,16.45,--,13,21385,卖盘
1562,10:48:43,16.45,--,47,77315,卖盘
1563,10:48:37,16.45,--,72,118440,卖盘
1564,10:48:31,16.45,--,57,93765,卖盘
1565,10:48:27,16.45,--,3,4935,卖盘
1566,10:48:22,16.45,--,15,24675,买盘
1567,10:48:16,16.45,--,0,0,买盘
1568,10:48:12,16.45,0.03,37,60865,买盘
1569,10:48:07,16.42,--,9,14778,卖盘
1570,10:48:01,16.42,-0.02,465,763530,卖盘
1571,10:47:57,16.44,--,2,3288,卖盘
1572,10:47:52,16.44,--,38,62472,卖盘
1573,10:47:46,16.44,-0.01,9,14796,卖盘
1574,10:47:37,16.45,-0.01,35,57575,卖盘
1575,10:47:31,16.46,-0.01,27,44442,卖盘
1576,10:47:27,16.47,0.01,11,18117,买盘
1577,10:47:22,16.46,--,29,47734,卖盘
1578,10:47:16,16.46,--,14,23044,卖盘
1579,10:47:12,16.46,--,100,164600,卖盘
1580,10:47:07,16.46,--,47,77362,卖盘
1581,10:47:01,16.46,-0.02,25,41150,卖盘
1582,10:46:55,16.48,--,49,80752,卖盘
1583,10:46:52,16.48,0.01,50,82400,买盘
1584,10:46:46,16.47,-0.01,42,69174,卖盘
1585,10:46:40,16.48,0.01,16,26368,买盘
1586,10:46:37,16.47,--,95,156465,卖盘
1587,10:46:31,16.47,--,119,195993,卖盘
1588,10:46:25,16.47,-0.01,35,57644,卖盘
1589,10:46:22,16.48,0.01,214,352672,买盘
1590,10:46:16,16.47,0.01,52,85644,卖盘
1591,10:46:10,16.46,-0.01,100,164600,卖盘
1592,10:46:07,16.47,0.01,42,69174,买盘
1593,10:46:01,16.46,-0.01,1,1646,卖盘
1594,10:45:55,16.47,0.01,1,1647,买盘
1595,10:45:52,16.46,--,1,1646,卖盘
1596,10:45:46,16.46,--,1,1646,卖盘
1597,10:45:40,16.46,--,5,8230,卖盘
1598,10:45:37,16.46,0.02,38,62548,买盘
1599,10:45:31,16.44,--,102,167688,卖盘
1600,10:45:22,16.44,--,73,120012,卖盘
1601,10:45:16,16.44,-0.06,247,406068,卖盘
1602,10:45:10,16.5,0.04,195,321750,买盘
1603,10:45:07,16.46,-0.04,289,476714,卖盘
1604,10:45:01,16.5,--,52,85800,买盘
1605,10:44:55,16.5,--,276,455400,买盘
1606,10:44:52,16.5,--,0,0,买盘
1607,10:44:46,16.5,--,52,85800,买盘
1608,10:44:37,16.5,--,105,173250,卖盘
1609,10:44:31,16.5,--,677,1117050,买盘
1610,10:44:25,16.5,0.06,72,118800,买盘
1611,10:44:22,16.44,--,0,0,卖盘
1612,10:44:16,16.44,-0.04,449,738156,卖盘
1613,10:44:10,16.48,--,66,108768,卖盘
1614,10:44:07,16.48,-0.04,1020,1680960,卖盘
1615,10:44:01,16.52,--,35,57820,买盘
1616,10:43:55,16.52,0.01,1396,2306192,买盘
1617,10:43:52,16.51,0.01,178,293878,买盘
1618,10:43:46,16.5,--,208,343200,卖盘
1619,10:43:40,16.5,-0.01,70,115500,卖盘
1620,10:43:37,16.51,--,600,990600,买盘
1621,10:43:31,16.51,--,17,28809,买盘
1622,10:43:25,16.51,--,50,82550,买盘
1623,10:43:22,16.51,0.02,207,341757,买盘
1624,10:43:16,16.49,-0.01,385,634864,中性盘
1625,10:43:10,16.5,0.01,52,85800,买盘
1626,10:43:07,16.49,-0.01,645,1063605,中性盘
1627,10:43:01,16.5,--,35,57750,买盘
1628,10:42:55,16.5,--,3,4950,买盘
1629,10:42:52,16.5,0.02,127,209550,买盘
1630,10:42:46,16.48,-0.02,30,49440,卖盘
1631,10:42:40,16.5,--,52,85800,买盘
1632,10:42:37,16.5,0.02,216,356400,买盘
1633,10:42:31,16.48,-0.02,10,16480,卖盘
1634,10:42:25,16.5,--,961,1585650,买盘
1635,10:42:21,16.5,0.02,125,206250,买盘
1636,10:42:16,16.48,--,903,1488144,买盘
1637,10:42:07,16.48,-0.02,127,209296,卖盘
1638,10:42:01,16.5,--,55,90750,买盘
1639,10:41:55,16.5,0.01,126,207900,买盘
1640,10:41:51,16.49,0.01,125,206124,买盘
1641,10:41:46,16.48,-0.01,16,26368,卖盘
1642,10:41:40,16.49,0.01,35,57714,买盘
1643,10:41:36,16.48,--,98,161504,卖盘
1644,10:41:31,16.48,--,80,131840,卖盘
1645,10:41:25,16.48,-0.01,241,397168,卖盘
1646,10:41:21,16.49,0.01,3,4946,买盘
1647,10:41:16,16.48,--,51,84048,卖盘
1648,10:41:10,16.48,-0.01,199,327952,卖盘
1649,10:41:06,16.49,0.01,672,1108128,买盘
1650,10:41:01,16.48,-0.01,26,42848,卖盘
1651,10:40:55,16.49,0.05,60,98939,买盘
1652,10:40:51,16.44,-0.04,48,78912,卖盘
1653,10:40:46,16.48,0.02,1152,1898496,买盘
1654,10:40:40,16.46,-0.02,38,62548,卖盘
1655,10:40:36,16.48,0.01,245,403760,买盘
1656,10:40:31,16.47,--,210,345870,买盘
1657,10:40:25,16.47,0.01,915,1507005,买盘
1658,10:40:21,16.46,--,510,839460,卖盘
1659,10:40:16,16.46,-0.01,76,126462,卖盘
1660,10:40:10,16.47,--,52,85644,买盘
1661,10:40:06,16.47,--,66,108701,买盘
1662,10:40:01,16.47,0.01,158,260225,买盘
1663,10:39:55,16.46,--,502,826292,买盘
1664,10:39:49,16.46,0.01,35,57610,买盘
1665,10:39:46,16.45,--,10,16450,卖盘
1666,10:39:40,16.45,-0.01,57,93765,卖盘
1667,10:39:34,16.46,-0.01,108,177768,买盘
1668,10:39:31,16.47,--,0,0,买盘
1669,10:39:25,16.47,0.01,261,429866,买盘
1670,10:39:21,16.46,--,3,4938,卖盘
1671,10:39:16,16.46,--,14,23044,卖盘
1672,10:39:10,16.46,-0.01,2,3292,卖盘
1673,10:39:04,16.47,0.01,10,16470,买盘
1674,10:39:01,16.46,-0.01,80,131680,卖盘
1675,10:38:55,16.47,0.01,20,32940,买盘
1676,10:38:46,16.46,--,5,8230,卖盘
1677,10:38:40,16.46,-0.01,9,14814,卖盘
1678,10:38:34,16.47,--,27,44469,买盘
1679,10:38:31,16.47,0.01,10,16470,买盘
1680,10:38:25,16.46,--,77,126742,卖盘
1681,10:38:19,16.46,--,2,3292,卖盘
1682,10:38:16,16.46,--,6,9876,卖盘
1683,10:38:10,16.46,-0.01,12,19752,卖盘
1684,10:38:04,16.47,--,179,294813,买盘
1685,10:37:55,16.47,0.02,11,18117,买盘
1686,10:37:49,16.45,--,8,13160,卖盘
1687,10:37:46,16.45,--,25,41125,卖盘
1688,10:37:40,16.45,-0.02,9,14805,卖盘
1689,10:37:34,16.47,0.01,18,29645,买盘
1690,10:37:31,16.46,-0.01,16,26336,中性盘
1691,10:37:25,16.47,0.02,100,164700,买盘
1692,10:37:19,16.45,-0.01,50,82250,卖盘
1693,10:37:16,16.46,-0.01,3,4938,中性盘
1694,10:37:04,16.47,0.01,175,288225,买盘
1695,10:37:01,16.46,-0.01,46,75716,卖盘
1696,10:36:55,16.47,0.01,36,59291,买盘
1697,10:36:46,16.46,--,33,54318,卖盘
1698,10:36:40,16.46,--,214,352244,卖盘
1699,10:36:34,16.46,--,12,19752,卖盘
1700,10:36:31,16.46,-0.01,9,14814,卖盘
1701,10:36:25,16.47,0.01,50,82350,买盘
1702,10:36:16,16.46,-0.01,3,4938,卖盘
1703,10:36:10,16.47,0.01,13,21411,买盘
1704,10:36:04,16.46,0.02,2,3292,买盘
1705,10:36:01,16.44,-0.02,10,16440,卖盘
1706,10:35:55,16.46,-0.01,52,85592,卖盘
1707,10:35:46,16.47,--,26,42822,买盘
1708,10:35:34,16.47,-0.01,120,197640,卖盘
1709,10:35:30,16.48,--,11,18128,买盘
1710,10:35:25,16.48,0.01,7,11536,买盘
1711,10:35:19,16.47,--,14,23058,卖盘
1712,10:35:16,16.47,--,10,16470,卖盘
1713,10:35:10,16.47,-0.02,17,27998,卖盘
1714,10:35:04,16.49,--,25,41224,买盘
1715,10:35:01,16.49,0.01,138,227561,买盘
1716,10:34:55,16.48,0.01,22,36256,买盘
1717,10:34:49,16.47,-0.02,56,92232,卖盘
1718,10:34:46,16.49,--,0,0,买盘
1719,10:34:34,16.49,0.02,294,484805,买盘
1720,10:34:30,16.47,-0.02,5,8235,卖盘
1721,10:34:25,16.49,0.01,946,1559953,买盘
1722,10:34:19,16.48,-0.01,275,453200,卖盘
1723,10:34:15,16.49,0.01,7,11542,买盘
1724,10:34:10,16.48,--,99,163152,卖盘
1725,10:34:04,16.48,0.01,191,314768,买盘
1726,10:34:00,16.47,-0.01,8,13176,卖盘
1727,10:33:55,16.48,0.01,45,74160,买盘
1728,10:33:49,16.47,-0.01,19,31292,卖盘
1729,10:33:34,16.48,--,37,60976,买盘
1730,10:33:25,16.48,--,89,146672,买盘
1731,10:33:19,16.48,0.01,17,28016,买盘
1732,10:33:15,16.47,-0.01,12,19764,卖盘
1733,10:33:10,16.48,0.01,19,31312,买盘
1734,10:33:04,16.47,-0.01,165,271755,中性盘
1735,10:32:55,16.48,--,422,695456,买盘
1736,10:32:49,16.48,--,0,0,买盘
1737,10:32:40,16.48,0.02,35,57680,买盘
1738,10:32:34,16.46,-0.01,7,11522,买盘
1739,10:32:30,16.47,--,0,0,买盘
1740,10:32:25,16.47,0.01,115,189405,买盘
1741,10:32:19,16.46,--,2,3292,卖盘
1742,10:32:10,16.46,-0.02,2,3292,卖盘
1743,10:32:04,16.48,--,102,168096,买盘
1744,10:32:00,16.48,--,3,4944,买盘
1745,10:31:55,16.48,--,2,3296,买盘
1746,10:31:49,16.48,0.01,44,72512,买盘
1747,10:31:45,16.47,--,0,0,中性盘
1748,10:31:40,16.47,-0.01,5,8235,卖盘
1749,10:31:34,16.48,0.02,29,47792,中性盘
1750,10:31:30,16.46,-0.03,2,3292,卖盘
1751,10:31:25,16.49,0.01,245,404004,买盘
1752,10:31:19,16.48,-0.01,13,21424,卖盘
1753,10:31:15,16.49,0.01,7,11542,买盘
1754,10:31:10,16.48,-0.01,8,13184,中性盘
1755,10:31:04,16.49,-0.01,36,59363,中性盘
1756,10:30:58,16.5,--,72,118800,买盘
1757,10:30:55,16.5,0.04,976,1610400,买盘
1758,10:30:49,16.46,-0.04,33,54318,卖盘
1759,10:30:43,16.5,0.03,334,551100,买盘
1760,10:30:40,16.47,-0.02,78,128465,卖盘
1761,10:30:34,16.49,0.02,1296,2137104,买盘
1762,10:30:28,16.47,0.05,110,181170,买盘
1763,10:30:25,16.42,--,134,220028,卖盘
1764,10:30:19,16.42,-0.04,131,215102,卖盘
1765,10:30:13,16.46,--,35,57610,买盘
1766,10:30:10,16.46,--,26,42796,买盘
1767,10:30:04,16.46,0.05,156,256776,买盘
1768,10:29:58,16.41,-0.05,25,41025,卖盘
1769,10:29:55,16.46,0.05,107,176122,买盘
1770,10:29:49,16.41,-0.04,66,108306,卖盘
1771,10:29:34,16.45,--,71,116795,买盘
1772,10:29:25,16.45,--,50,82250,买盘
1773,10:29:19,16.45,--,0,0,买盘
1774,10:29:10,16.45,0.05,28,46060,买盘
1775,10:29:04,16.4,-0.05,215,352599,卖盘
1776,10:28:55,16.45,0.04,49,80605,买盘
1777,10:28:49,16.41,0.01,58,95178,买盘
1778,10:28:43,16.4,-0.05,10,16400,卖盘
1779,10:28:40,16.45,--,73,120085,买盘
1780,10:28:34,16.45,--,168,276360,买盘
1781,10:28:28,16.45,--,35,57575,买盘
1782,10:28:25,16.45,--,150,246750,买盘
1783,10:28:19,16.45,0.05,38,62510,买盘
1784,10:28:13,16.4,-0.06,20,32800,卖盘
1785,10:28:09,16.46,0.01,105,172830,买盘
1786,10:28:04,16.45,--,104,171080,买盘
1787,10:27:58,16.45,--,16,26320,买盘
1788,10:27:55,16.45,--,151,248395,买盘
1789,10:27:49,16.45,0.06,73,120085,买盘
1790,10:27:43,16.39,0.01,1,1639,卖盘
1791,10:27:39,16.38,-0.06,51,83538,卖盘
1792,10:27:34,16.44,0.03,32,52608,买盘
1793,10:27:28,16.41,-0.03,48,78768,买盘
1794,10:27:24,16.44,0.05,89,146316,买盘
1795,10:27:19,16.39,-0.05,53,86867,卖盘
1796,10:27:13,16.44,--,24,39456,买盘
1797,10:27:09,16.44,--,161,264684,买盘
1798,10:27:04,16.44,0.06,124,203856,买盘
1799,10:26:58,16.38,-0.06,274,448812,卖盘
1800,10:26:54,16.44,0.05,49,80556,买盘
1801,10:26:49,16.39,--,93,152427,卖盘
1802,10:26:43,16.39,--,38,62282,卖盘
1803,10:26:39,16.39,-0.01,5,8195,卖盘
1804,10:26:34,16.4,0.01,16,26239,买盘
1805,10:26:28,16.39,-0.01,15,24585,中性盘
1806,10:26:24,16.4,0.01,123,201719,买盘
1807,10:26:19,16.39,--,87,142593,买盘
1808,10:26:13,16.39,--,69,113091,卖盘
1809,10:26:09,16.39,--,102,167178,卖盘
1810,10:26:04,16.39,-0.01,36,59004,卖盘
1811,10:25:58,16.4,--,1,1639,买盘
1812,10:25:54,16.4,--,10,16400,买盘
1813,10:25:49,16.4,0.01,124,203359,买盘
1814,10:25:43,16.39,--,14,22946,卖盘
1815,10:25:39,16.39,--,67,109813,卖盘
1816,10:25:34,16.39,-0.02,114,186846,卖盘
1817,10:25:28,16.41,0.01,71,116511,买盘
1818,10:25:19,16.4,0.01,3,4920,中性盘
1819,10:25:09,16.39,--,9,14751,卖盘
1820,10:25:04,16.39,--,0,0,中性盘
1821,10:24:58,16.39,-0.01,97,158983,卖盘
1822,10:24:49,16.4,0.01,4,6559,中性盘
1823,10:24:43,16.39,-0.04,5,8195,卖盘
1824,10:24:39,16.43,--,0,0,买盘
1825,10:24:34,16.43,0.04,42,69006,买盘
1826,10:24:28,16.39,-0.02,27,44253,卖盘
1827,10:24:19,16.41,--,589,966549,买盘
1828,10:24:13,16.41,0.02,74,121434,买盘
1829,10:24:09,16.39,--,17,27863,卖盘
1830,10:24:04,16.39,0.01,20,32780,卖盘
1831,10:23:58,16.38,--,236,386568,卖盘
1832,10:23:49,16.38,-0.01,15,24570,卖盘
1833,10:23:43,16.39,--,98,160622,买盘
1834,10:23:38,16.39,-0.01,296,485144,卖盘
1835,10:23:34,16.4,--,75,122999,买盘
1836,10:23:28,16.4,--,14,22959,买盘
1837,10:23:24,16.4,--,54,88559,卖盘
1838,10:23:19,16.4,--,9,14759,卖盘
1839,10:23:13,16.4,--,107,175479,卖盘
1840,10:23:07,16.4,-0.01,54,88559,卖盘
1841,10:23:04,16.41,0.01,21,34461,中性盘
1842,10:22:58,16.4,-0.02,71,116439,卖盘
1843,10:22:52,16.42,0.01,12,19704,买盘
1844,10:22:37,16.41,-0.03,7,11487,卖盘
1845,10:22:34,16.44,--,17,27948,买盘
1846,10:22:28,16.44,0.02,28,46032,买盘
1847,10:22:22,16.42,0.01,3,4926,卖盘
1848,10:22:19,16.41,--,1541,2528781,卖盘
1849,10:22:13,16.41,-0.03,16,26256,卖盘
1850,10:22:04,16.44,0.03,3,4932,买盘
1851,10:21:58,16.41,--,32,52512,卖盘
1852,10:21:52,16.41,-0.02,16,26256,卖盘
1853,10:21:49,16.43,0.02,4,6572,买盘
1854,10:21:43,16.41,--,1559,2558319,买盘
1855,10:21:37,16.41,-0.03,296,485736,卖盘
1856,10:21:33,16.44,0.01,356,585264,买盘
1857,10:21:28,16.43,-0.01,108,177444,卖盘
1858,10:21:22,16.44,0.01,3,4932,买盘
1859,10:21:18,16.43,--,2,3286,卖盘
1860,10:21:13,16.43,-0.01,76,124868,卖盘
1861,10:21:07,16.44,-0.01,1,1644,卖盘
1862,10:21:03,16.45,0.04,112,184240,买盘
1863,10:20:58,16.41,-0.02,1946,3193386,卖盘
1864,10:20:52,16.43,0.01,9,14787,买盘
1865,10:20:48,16.42,-0.01,109,178978,卖盘
1866,10:20:43,16.43,-0.01,768,1261824,买盘
1867,10:20:37,16.44,--,0,0,买盘
1868,10:20:33,16.44,0.01,48,78912,买盘
1869,10:20:28,16.43,--,39,65424,卖盘
1870,10:20:22,16.43,--,4,6867,买盘
1871,10:20:18,16.43,--,399,656904,卖盘
1872,10:20:13,16.43,-0.01,76,124868,卖盘
1873,10:20:07,16.44,-0.01,60,98640,买盘
1874,10:20:03,16.45,0.02,154,253330,买盘
1875,10:19:58,16.43,-0.01,155,254960,卖盘
1876,10:19:52,16.44,--,13,21372,买盘
1877,10:19:43,16.44,-0.01,5,8220,卖盘
1878,10:19:37,16.45,-0.01,11,18095,卖盘
1879,10:19:33,16.46,--,27,44442,买盘
1880,10:19:28,16.46,--,14,23044,买盘
1881,10:19:22,16.46,-0.01,22,36212,买盘
1882,10:19:13,16.47,-0.01,7,11529,买盘
1883,10:19:07,16.48,--,0,0,买盘
1884,10:19:03,16.48,0.03,306,504288,买盘
1885,10:18:58,16.45,-0.01,585,962325,卖盘
1886,10:18:48,16.46,--,3,4938,卖盘
1887,10:18:43,16.46,0.01,30,49380,买盘
1888,10:18:37,16.45,--,27,44415,卖盘
1889,10:18:33,16.45,--,30,49350,卖盘
1890,10:18:28,16.45,--,73,120085,卖盘
1891,10:18:22,16.45,0.02,25,41125,中性盘
1892,10:18:18,16.43,-0.01,607,997301,卖盘
1893,10:18:13,16.44,-0.01,7,11508,卖盘
1894,10:18:07,16.45,0.01,10,16450,买盘
1895,10:18:03,16.44,-0.01,6,9864,卖盘
1896,10:17:58,16.45,0.01,33,54285,买盘
1897,10:17:48,16.44,-0.01,19,31236,买盘
1898,10:17:43,16.45,0.02,1,1645,买盘
1899,10:17:37,16.43,-0.03,515,846145,卖盘
1900,10:17:33,16.46,--,8,13168,卖盘
1901,10:17:28,16.46,0.01,93,153078,买盘
1902,10:17:22,16.45,0.01,5,8225,买盘
1903,10:17:18,16.44,--,3,4932,卖盘
1904,10:17:13,16.44,-0.01,21,34524,卖盘
1905,10:17:07,16.45,--,7,11515,买盘
1906,10:17:03,16.45,--,6,9870,买盘
1907,10:16:58,16.45,--,73,120085,卖盘
1908,10:16:52,16.45,-0.01,24,39480,卖盘
1909,10:16:43,16.46,--,0,0,卖盘
1910,10:16:37,16.46,0.01,35,57610,卖盘
1911,10:16:33,16.45,-0.04,400,658000,卖盘
1912,10:16:28,16.49,0.03,20,32980,中性盘
1913,10:16:22,16.46,0.01,1300,2139800,中性盘
1914,10:16:18,16.45,--,475,781375,卖盘
1915,10:16:13,16.45,--,2,3290,卖盘
1916,10:16:07,16.45,--,19,31255,卖盘
1917,10:16:03,16.45,--,40,65800,卖盘
1918,10:15:58,16.45,0.01,33,54531,买盘
1919,10:15:52,16.44,--,3,4932,卖盘
1920,10:15:46,16.44,-0.01,3,4932,卖盘
1921,10:15:43,16.45,0.01,99,162855,买盘
1922,10:15:37,16.44,-0.01,474,779256,卖盘
1923,10:15:31,16.45,-0.01,55,90475,卖盘
1924,10:15:28,16.46,0.01,393,646878,买盘
1925,10:15:22,16.45,--,11,18095,买盘
1926,10:15:16,16.45,--,10,16450,卖盘
1927,10:15:12,16.45,-0.01,1,1645,中性盘
1928,10:15:07,16.46,0.01,43,70778,买盘
1929,10:14:57,16.45,-0.01,651,1070895,卖盘
1930,10:14:52,16.46,--,30,49380,卖盘
1931,10:14:46,16.46,--,3,4938,卖盘
1932,10:14:42,16.46,-0.01,11,18106,卖盘
1933,10:14:37,16.47,0.01,49,80703,买盘
1934,10:14:31,16.46,-0.01,10,16460,卖盘
1935,10:14:27,16.47,0.01,6,9882,买盘
1936,10:14:16,16.46,0.01,23,37858,卖盘
1937,10:14:12,16.45,-0.02,5,8225,卖盘
1938,10:14:07,16.47,-0.01,162,266814,卖盘
1939,10:13:57,16.48,--,129,212592,买盘
1940,10:13:52,16.48,--,10,16480,卖盘
1941,10:13:46,16.48,--,15,24720,卖盘
1942,10:13:42,16.48,0.02,186,306528,买盘
1943,10:13:37,16.46,-0.01,239,393394,卖盘
1944,10:13:31,16.47,-0.01,24,39528,卖盘
1945,10:13:27,16.48,0.02,215,354320,买盘
1946,10:13:22,16.46,-0.01,49,80654,卖盘
1947,10:13:16,16.47,--,14,23058,卖盘
1948,10:13:12,16.47,--,26,42822,卖盘
1949,10:13:07,16.47,-0.01,179,294813,卖盘
1950,10:12:57,16.48,-0.01,28,46144,卖盘
1951,10:12:52,16.49,--,416,685983,卖盘
1952,10:12:46,16.49,-0.02,3,4946,卖盘
1953,10:12:42,16.51,-0.01,21,34671,买盘
1954,10:12:37,16.52,0.01,93,153636,买盘
1955,10:12:31,16.51,0.01,41,67691,买盘
1956,10:12:27,16.5,-0.01,23,37950,卖盘
1957,10:12:22,16.51,--,9,14859,买盘
1958,10:12:16,16.51,-0.01,680,1122680,卖盘
1959,10:12:12,16.52,--,1147,1894844,卖盘
1960,10:12:07,16.52,-0.01,415,685580,卖盘
1961,10:12:01,16.53,0.01,54,89262,买盘
1962,10:11:57,16.52,--,562,928424,买盘
1963,10:11:52,16.52,0.02,29,47908,买盘
1964,10:11:46,16.5,-0.01,20,33000,卖盘
1965,10:11:42,16.51,0.01,41,67691,卖盘
1966,10:11:37,16.5,-0.02,504,831600,卖盘
1967,10:11:31,16.52,0.02,124,204848,买盘
1968,10:11:27,16.5,-0.01,307,506550,卖盘
1969,10:11:22,16.51,0.01,52,85852,买盘
1970,10:11:16,16.5,-0.02,50,82500,卖盘
1971,10:11:12,16.52,0.02,61,100772,买盘
1972,10:11:07,16.5,-0.02,618,1019700,卖盘
1973,10:11:01,16.52,-0.01,244,403088,中性盘
1974,10:10:57,16.53,0.03,1272,2102616,买盘
1975,10:10:52,16.5,--,1,1650,买盘
1976,10:10:46,16.5,-0.03,1396,2303400,卖盘
1977,10:10:42,16.53,0.02,446,737238,买盘
1978,10:10:37,16.51,--,69,113919,卖盘
1979,10:10:31,16.51,--,112,184912,买盘
1980,10:10:27,16.51,0.01,588,970788,买盘
1981,10:10:22,16.5,-0.01,1037,1712469,卖盘
1982,10:10:16,16.51,--,201,332676,卖盘
1983,10:10:12,16.51,--,547,903097,卖盘
1984,10:10:07,16.51,--,696,1149096,卖盘
1985,10:10:01,16.51,--,123,203073,卖盘
1986,10:09:57,16.51,0.01,1084,1790509,买盘
1987,10:09:52,16.5,--,130,214731,卖盘
1988,10:09:46,16.5,0.01,877,1447050,买盘
1989,10:09:42,16.49,--,2,3297,卖盘
1990,10:09:37,16.49,--,1735,2861014,卖盘
1991,10:09:31,16.49,--,15,24734,卖盘
1992,10:09:26,16.49,--,7,11542,卖盘
1993,10:09:22,16.49,0.01,34,56395,买盘
1994,10:09:16,16.48,--,77,126896,买盘
1995,10:09:12,16.48,-0.03,5,8240,买盘
1996,10:09:07,16.51,0.04,1285,2121535,买盘
1997,10:09:01,16.47,-0.03,887,1460889,卖盘
1998,10:08:55,16.5,0.01,45,74250,买盘
1999,10:08:52,16.49,0.01,44,72556,买盘
2000,10:08:46,16.48,--,11,18128,卖盘
2001,10:08:40,16.48,--,21,34608,卖盘
2002,10:08:36,16.48,--,650,1071200,卖盘
2003,10:08:31,16.48,-0.01,83,136784,卖盘
2004,10:08:25,16.49,-0.01,19,31330,中性盘
2005,10:08:21,16.5,0.02,731,1206150,买盘
2006,10:08:16,16.48,-0.02,87,143376,卖盘
2007,10:08:10,16.5,--,55,90750,买盘
2008,10:08:07,16.5,0.02,190,313500,买盘
2009,10:08:01,16.48,-0.02,13,21424,卖盘
2010,10:07:55,16.5,--,86,141900,买盘
2011,10:07:51,16.5,0.02,167,275550,买盘
2012,10:07:40,16.48,-0.02,10,16480,卖盘
2013,10:07:36,16.5,0.01,264,435600,买盘
2014,10:07:31,16.49,--,34,56065,买盘
2015,10:07:25,16.49,-0.01,82,135218,买盘
2016,10:07:21,16.5,--,180,297000,买盘
2017,10:07:16,16.5,--,64,105600,买盘
2018,10:07:10,16.5,0.01,1,1650,买盘
2019,10:07:06,16.49,-0.01,1624,2677975,卖盘
2020,10:07:01,16.5,--,4,6600,买盘
2021,10:06:55,16.5,--,48,79200,买盘
2022,10:06:51,16.5,--,8,13200,买盘
2023,10:06:46,16.5,-0.03,57,94050,卖盘
2024,10:06:40,16.53,0.03,35,57855,买盘
2025,10:06:36,16.5,--,1508,2488200,卖盘
2026,10:06:31,16.5,--,37,61050,卖盘
2027,10:06:25,16.5,--,231,381150,卖盘
2028,10:06:21,16.5,--,407,671550,卖盘
2029,10:06:16,16.5,--,5,8250,卖盘
2030,10:06:10,16.5,--,22,36300,卖盘
2031,10:06:06,16.5,--,934,1541100,卖盘
2032,10:06:01,16.5,-0.02,118,194700,卖盘
2033,10:05:55,16.52,--,15,24780,买盘
2034,10:05:51,16.52,0.02,7,11564,买盘
2035,10:05:46,16.5,0.01,70,115500,买盘
2036,10:05:40,16.49,-0.01,12,19787,卖盘
2037,10:05:36,16.5,-0.02,279,460350,买盘
2038,10:05:31,16.52,0.03,26,42952,中性盘
2039,10:05:25,16.49,-0.01,272,448527,卖盘
2040,10:05:21,16.5,-0.02,320,528000,卖盘
2041,10:05:15,16.52,0.03,18,29736,买盘
2042,10:05:10,16.49,--,0,0,卖盘
2043,10:05:06,16.49,0.01,179,295171,买盘
2044,10:05:01,16.48,0.01,78,128544,买盘
2045,10:04:55,16.47,-0.02,4,6588,卖盘
2046,10:04:51,16.49,-0.02,77,126972,买盘
2047,10:04:45,16.51,0.03,359,592709,买盘
2048,10:04:36,16.48,--,111,182928,买盘
2049,10:04:30,16.48,--,119,196112,卖盘
2050,10:04:25,16.48,--,101,166448,卖盘
2051,10:04:21,16.48,--,102,168096,卖盘
2052,10:04:16,16.48,--,263,433424,卖盘
2053,10:04:10,16.48,--,44,72512,卖盘
2054,10:04:06,16.48,-0.01,155,255440,卖盘
2055,10:04:00,16.49,--,172,283628,买盘
2056,10:03:55,16.49,--,75,123674,买盘
2057,10:03:51,16.49,--,116,191283,买盘
2058,10:03:45,16.49,-0.01,208,342991,卖盘
2059,10:03:36,16.5,--,128,211200,买盘
2060,10:03:30,16.5,-0.03,38,62700,卖盘
2061,10:03:25,16.53,0.01,198,327294,买盘
2062,10:03:21,16.52,0.02,31,51212,买盘
2063,10:03:15,16.5,0.01,38,62700,买盘
2064,10:03:10,16.49,-0.04,21,34629,卖盘
2065,10:03:06,16.53,0.04,35,57855,买盘
2066,10:03:00,16.49,-0.04,47,77502,卖盘
2067,10:02:55,16.53,--,38,62814,中性盘
2068,10:02:51,16.53,0.05,11,18183,买盘
2069,10:02:45,16.48,-0.02,124,204352,卖盘
2070,10:02:40,16.5,-0.05,235,387750,卖盘
2071,10:02:36,16.55,--,153,253215,买盘
2072,10:02:30,16.55,--,155,257600,卖盘
2073,10:02:25,16.55,--,114,189249,卖盘
2074,10:02:21,16.55,--,25,41375,卖盘
2075,10:02:15,16.55,--,125,206875,卖盘
2076,10:02:10,16.55,--,69,114195,卖盘
2077,10:02:05,16.55,--,175,289625,卖盘
2078,10:02:00,16.55,--,53,87715,卖盘
2079,10:01:55,16.55,0.03,368,609040,卖盘
2080,10:01:50,16.52,-0.03,320,528640,卖盘
2081,10:01:45,16.55,--,23,38065,卖盘
2082,10:01:40,16.55,--,973,1611109,买盘
2083,10:01:35,16.55,0.01,909,1504395,买盘
2084,10:01:30,16.54,-0.01,186,307644,中性盘
2085,10:01:25,16.55,--,1839,3043545,买盘
2086,10:01:19,16.55,0.02,22,36410,买盘
2087,10:01:15,16.53,--,355,586815,买盘
2088,10:01:10,16.53,-0.02,277,457881,卖盘
2089,10:01:04,16.55,0.03,637,1054235,买盘
2090,10:01:00,16.52,-0.01,1652,2729104,卖盘
2091,10:00:55,16.53,--,831,1373643,买盘
2092,10:00:49,16.53,0.02,291,481023,买盘
2093,10:00:45,16.51,-0.01,1242,2051367,卖盘
2094,10:00:40,16.52,--,612,1011850,买盘
2095,10:00:34,16.52,--,228,376656,买盘
2096,10:00:30,16.52,0.01,89,147028,买盘
2097,10:00:25,16.51,--,739,1220089,卖盘
2098,10:00:19,16.51,0.01,272,449072,买盘
2099,10:00:15,16.5,--,360,594000,卖盘
2100,10:00:10,16.5,--,733,1209450,卖盘
2101,10:00:04,16.5,--,143,235950,卖盘
2102,10:00:00,16.5,--,30,49500,卖盘
2103,09:59:55,16.5,0.02,244,402600,买盘
2104,09:59:45,16.48,-0.04,15,24720,卖盘
2105,09:59:40,16.52,0.04,929,1534708,买盘
2106,09:59:34,16.48,-0.02,731,1204688,卖盘
2107,09:59:30,16.5,--,870,1435500,卖盘
2108,09:59:25,16.5,--,224,369600,卖盘
2109,09:59:19,16.5,0.02,254,419100,买盘
2110,09:59:15,16.48,-0.02,639,1053072,卖盘
2111,09:59:10,16.5,0.02,181,298650,买盘
2112,09:59:04,16.48,--,1135,1870480,卖盘
2113,09:59:00,16.48,--,816,1344768,买盘
2114,09:58:55,16.48,--,451,743248,买盘
2115,09:58:49,16.48,-0.02,120,197760,卖盘
2116,09:58:45,16.5,--,163,268950,买盘
2117,09:58:40,16.5,0.02,393,648450,买盘
2118,09:58:34,16.48,-0.03,114,187872,中性盘
2119,09:58:30,16.51,0.01,1044,1723644,买盘
2120,09:58:24,16.5,--,1008,1663200,买盘
2121,09:58:19,16.5,0.02,667,1100550,买盘
2122,09:58:15,16.48,-0.02,574,945968,卖盘
2123,09:58:09,16.5,-0.01,326,537900,买盘
2124,09:58:04,16.51,--,276,455676,买盘
2125,09:58:00,16.51,0.01,527,871364,买盘
2126,09:57:54,16.5,--,594,980100,卖盘
2127,09:57:49,16.5,--,234,386100,卖盘
2128,09:57:45,16.5,-0.01,528,871200,卖盘
2129,09:57:39,16.51,-0.02,128,211328,买盘
2130,09:57:34,16.53,0.02,313,517389,买盘
2131,09:57:30,16.51,-0.01,236,389636,卖盘
2132,09:57:24,16.52,--,945,1561140,买盘
2133,09:57:19,16.52,--,64,105728,买盘
2134,09:57:15,16.52,-0.01,95,157435,卖盘
2135,09:57:09,16.53,--,131,216543,卖盘
2136,09:57:04,16.53,0.01,528,872784,买盘
2137,09:57:00,16.52,-0.01,283,467516,卖盘
2138,09:56:54,16.53,0.01,24,40829,买盘
2139,09:56:49,16.52,-0.01,83,137116,买盘
2140,09:56:45,16.53,0.01,53,87609,买盘
2141,09:56:39,16.52,--,40,66080,买盘
2142,09:56:34,16.52,--,599,989548,卖盘
2143,09:56:30,16.52,--,169,279188,卖盘
2144,09:56:24,16.52,0.02,1564,2584587,买盘
2145,09:56:19,16.5,--,305,503250,卖盘
2146,09:56:15,16.5,--,160,264000,卖盘
2147,09:56:09,16.5,0.01,2324,3835755,买盘
2148,09:56:04,16.49,-0.01,735,1212015,卖盘
2149,09:56:00,16.5,0.02,1431,2361150,买盘
2150,09:55:54,16.48,-0.01,700,1153600,卖盘
2151,09:55:49,16.49,--,186,306714,买盘
2152,09:55:45,16.49,0.01,20,32980,买盘
2153,09:55:39,16.48,-0.01,523,861904,卖盘
2154,09:55:34,16.49,0.01,124,204475,买盘
2155,09:55:30,16.48,--,636,1048128,卖盘
2156,09:55:24,16.48,--,1184,1951232,卖盘
2157,09:55:19,16.48,--,1002,1651296,卖盘
2158,09:55:14,16.48,--,102,168096,卖盘
2159,09:55:09,16.48,0.01,637,1049776,买盘
2160,09:55:04,16.47,--,370,609390,卖盘
2161,09:54:59,16.47,--,51,83997,卖盘
2162,09:54:54,16.47,--,185,304695,买盘
2163,09:54:49,16.47,0.01,476,783972,买盘
2164,09:54:44,16.46,-0.02,32,52672,卖盘
2165,09:54:39,16.48,0.02,1421,2341808,买盘
2166,09:54:34,16.46,-0.01,139,229617,卖盘
2167,09:54:29,16.47,0.01,949,1563826,买盘
2168,09:54:24,16.46,0.03,650,1069900,买盘
2169,09:54:19,16.43,-0.03,62,101866,卖盘
2170,09:54:14,16.46,-0.01,699,1150554,中性盘
2171,09:54:09,16.47,--,358,589626,买盘
2172,09:54:04,16.47,0.02,174,286578,买盘
2173,09:53:59,16.45,0.02,246,404670,卖盘
2174,09:53:54,16.43,--,307,504401,卖盘
2175,09:53:49,16.43,-0.01,135,221805,卖盘
2176,09:53:43,16.44,0.02,12,19728,买盘
2177,09:53:39,16.42,-0.01,3322,5454724,中性盘
2178,09:53:34,16.43,0.01,282,463326,买盘
2179,09:53:28,16.42,0.01,32,52544,买盘
2180,09:53:24,16.41,0.01,316,518556,买盘
2181,09:53:19,16.4,--,2781,4561250,买盘
2182,09:53:13,16.4,0.02,756,1239840,买盘
2183,09:53:09,16.38,--,226,370188,卖盘
2184,09:53:04,16.38,--,158,258803,卖盘
2185,09:52:58,16.38,--,38,62243,卖盘
2186,09:52:54,16.38,0.01,2279,3733002,买盘
2187,09:52:49,16.37,0.01,281,459997,中性盘
2188,09:52:43,16.36,-0.02,3,4908,卖盘
2189,09:52:39,16.38,0.04,202,330876,买盘
2190,09:52:34,16.34,-0.04,684,1117656,卖盘
2191,09:52:28,16.38,0.04,1208,1978703,买盘
2192,09:52:24,16.34,-0.01,1494,2441196,卖盘
2193,09:52:19,16.35,--,924,1510740,买盘
2194,09:52:13,16.35,--,140,228900,买盘
2195,09:52:09,16.35,0.01,534,873090,买盘
2196,09:52:04,16.34,--,1302,2127468,买盘
2197,09:51:58,16.34,0.04,95,155230,买盘
2198,09:51:54,16.3,-0.03,1589,2590070,卖盘
2199,09:51:49,16.33,0.01,210,342929,买盘
2200,09:51:39,16.32,-0.01,471,768672,中性盘
2201,09:51:33,16.33,0.03,173,282508,买盘
2202,09:51:28,16.3,-0.02,99,161370,卖盘
2203,09:51:24,16.32,0.01,427,697712,买盘
2204,09:51:18,16.31,--,698,1138438,买盘
2205,09:51:09,16.31,-0.01,595,970444,卖盘
2206,09:51:03,16.32,0.01,322,525504,买盘
2207,09:50:58,16.31,-0.01,300,489299,卖盘
2208,09:50:54,16.32,--,61,99552,买盘
2209,09:50:48,16.32,0.01,22,35904,买盘
2210,09:50:39,16.31,--,358,583898,买盘
2211,09:50:33,16.31,0.01,13,21203,买盘
2212,09:50:28,16.3,-0.03,27,44010,卖盘
2213,09:50:24,16.33,0.01,629,1027156,买盘
2214,09:50:18,16.32,0.04,512,835584,买盘
2215,09:50:13,16.28,-0.04,2,3256,卖盘
2216,09:50:09,16.32,0.02,25,40800,买盘
2217,09:50:03,16.3,-0.03,336,547680,中性盘
2218,09:49:58,16.33,0.05,203,331498,买盘
2219,09:49:53,16.28,-0.04,322,524216,卖盘
2220,09:49:48,16.32,--,101,164832,买盘
2221,09:49:43,16.32,--,313,510816,买盘
2222,09:49:39,16.32,0.02,352,574464,买盘
2223,09:49:33,16.3,-0.02,247,402610,卖盘
2224,09:49:28,16.32,--,37,60384,卖盘
2225,09:49:24,16.32,0.02,259,422688,买盘
2226,09:49:18,16.3,-0.02,321,523230,卖盘
2227,09:49:13,16.32,-0.01,92,150144,卖盘
2228,09:49:08,16.33,0.01,280,457239,买盘
2229,09:49:03,16.32,0.02,438,714816,买盘
2230,09:48:58,16.3,-0.02,668,1088840,卖盘
2231,09:48:53,16.32,--,18,29376,卖盘
2232,09:48:48,16.32,--,30,48960,卖盘
2233,09:48:43,16.32,0.02,50,81600,买盘
2234,09:48:38,16.3,--,0,0,卖盘
2235,09:48:33,16.3,--,1156,1884280,卖盘
2236,09:48:28,16.3,--,407,663410,卖盘
2237,09:48:23,16.3,--,50,81500,卖盘
2238,09:48:18,16.3,-0.01,310,505300,卖盘
2239,09:48:13,16.31,--,150,244649,买盘
2240,09:48:08,16.31,--,2,3261,买盘
2241,09:48:03,16.31,0.01,186,303366,买盘
2242,09:47:58,16.3,--,300,489000,卖盘
2243,09:47:53,16.3,--,7,11410,卖盘
2244,09:47:48,16.3,0.02,59,96170,买盘
2245,09:47:43,16.28,--,0,0,卖盘
2246,09:47:33,16.28,-0.03,512,833536,卖盘
2247,09:47:28,16.31,0.01,171,278901,买盘
2248,09:47:23,16.3,--,10,16300,卖盘
2249,09:47:18,16.3,-0.01,476,775880,卖盘
2250,09:47:13,16.31,--,385,627935,买盘
2251,09:47:08,16.31,--,51,83181,买盘
2252,09:47:03,16.31,-0.01,674,1099294,买盘
2253,09:46:58,16.32,0.01,824,1344768,买盘
2254,09:46:53,16.31,-0.01,50,81550,卖盘
2255,09:46:48,16.32,0.01,25,40800,买盘
2256,09:46:43,16.31,0.02,40,65239,卖盘
2257,09:46:33,16.29,-0.02,680,1107720,卖盘
2258,09:46:28,16.31,0.01,790,1289876,买盘
2259,09:46:23,16.3,--,126,205380,卖盘
2260,09:46:18,16.3,--,195,319365,卖盘
2261,09:46:13,16.3,0.02,2200,3586000,买盘
2262,09:46:08,16.28,-0.02,63,102564,卖盘
2263,09:46:03,16.3,0.01,70,114100,买盘
2264,09:45:58,16.29,0.03,1431,2331099,买盘
2265,09:45:52,16.26,-0.02,355,577230,卖盘
2266,09:45:48,16.28,0.01,29,47212,中性盘
2267,09:45:43,16.27,-0.02,1048,1705096,卖盘
2268,09:45:37,16.29,0.02,94,153126,买盘
2269,09:45:33,16.27,--,392,637784,卖盘
2270,09:45:28,16.27,-0.01,148,240796,卖盘
2271,09:45:22,16.28,0.01,54,87912,买盘
2272,09:45:18,16.27,--,184,299368,卖盘
2273,09:45:13,16.27,--,401,652427,买盘
2274,09:45:07,16.27,--,84,136668,买盘
2275,09:45:03,16.27,--,87,141549,买盘
2276,09:44:57,16.27,--,185,300995,卖盘
2277,09:44:52,16.27,--,458,745166,卖盘
2278,09:44:48,16.27,--,28,45556,卖盘
2279,09:44:42,16.27,-0.02,73,118771,中性盘
2280,09:44:37,16.29,--,281,457749,买盘
2281,09:44:33,16.29,0.02,448,729792,买盘
2282,09:44:27,16.27,--,99,161073,卖盘
2283,09:44:22,16.27,-0.01,10,16270,卖盘
2284,09:44:18,16.28,0.01,10,16280,中性盘
2285,09:44:12,16.27,-0.01,423,688221,卖盘
2286,09:44:07,16.28,0.01,792,1289376,中性盘
2287,09:44:03,16.27,-0.01,809,1317056,卖盘
2288,09:43:57,16.28,0.01,95,154660,中性盘
2289,09:43:52,16.27,-0.01,305,496235,卖盘
2290,09:43:48,16.28,--,85,138380,卖盘
2291,09:43:42,16.28,--,206,335368,买盘
2292,09:43:33,16.28,-0.01,464,755392,中性盘
2293,09:43:27,16.29,0.01,1697,2764413,买盘
2294,09:43:22,16.28,--,11,17908,买盘
2295,09:43:18,16.28,--,31,50468,卖盘
2296,09:43:12,16.28,--,341,555148,卖盘
2297,09:43:07,16.28,--,54,87912,卖盘
2298,09:43:03,16.28,0.02,33,53724,买盘
2299,09:42:57,16.26,-0.02,66,107316,卖盘
2300,09:42:52,16.28,0.02,933,1518924,买盘
2301,09:42:48,16.26,0.01,2,3252,卖盘
2302,09:42:42,16.25,--,50,81250,卖盘
2303,09:42:37,16.25,-0.02,1,1625,卖盘
2304,09:42:33,16.27,0.02,534,868818,买盘
2305,09:42:27,16.25,--,240,390000,卖盘
2306,09:42:12,16.25,0.01,350,568750,买盘
2307,09:42:02,16.24,0.02,313,509107,买盘
2308,09:41:57,16.22,-0.01,114,184908,卖盘
2309,09:41:48,16.23,0.01,38,61674,买盘
2310,09:41:42,16.22,-0.01,8,12976,卖盘
2311,09:41:37,16.23,0.01,4,6492,买盘
2312,09:41:32,16.22,--,3,4866,买盘
2313,09:41:27,16.22,0.01,4,6488,买盘
2314,09:41:22,16.21,-0.01,1,1621,卖盘
2315,09:41:07,16.22,-0.01,155,251409,卖盘
2316,09:40:57,16.23,0.01,95,154185,买盘
2317,09:40:52,16.22,-0.01,53,85966,卖盘
2318,09:40:47,16.23,-0.02,1,1623,买盘
2319,09:40:37,16.25,0.02,211,342875,买盘
2320,09:40:27,16.23,-0.01,253,410619,中性盘
2321,09:40:22,16.24,--,36,58463,买盘
2322,09:40:17,16.24,0.03,55,89319,买盘
2323,09:40:12,16.21,-0.03,69,111849,卖盘
2324,09:40:07,16.24,--,460,747039,买盘
2325,09:39:57,16.24,--,74,120175,买盘
2326,09:39:52,16.24,0.02,12,19487,买盘
2327,09:39:47,16.22,-0.02,6,9732,卖盘
2328,09:39:42,16.24,0.02,31,50343,买盘
2329,09:39:37,16.22,0.01,33,53525,中性盘
2330,09:39:32,16.21,-0.03,300,486300,卖盘
2331,09:39:27,16.24,0.02,32,51967,买盘
2332,09:39:22,16.22,--,1,1622,卖盘
2333,09:39:17,16.22,--,24,38928,买盘
2334,09:39:07,16.22,--,12,19464,买盘
2335,09:38:57,16.22,--,6,9732,卖盘
2336,09:38:52,16.22,0.01,5,8109,中性盘
2337,09:38:47,16.21,--,14,22694,卖盘
2338,09:38:42,16.21,--,1,1831,卖盘
2339,09:38:37,16.21,--,13,21073,卖盘
2340,09:38:32,16.21,--,54,87534,卖盘
2341,09:38:27,16.21,-0.01,102,165342,中性盘
2342,09:38:22,16.22,0.02,112,182880,买盘
2343,09:38:16,16.2,--,27,43740,卖盘
2344,09:38:06,16.2,0.01,14,22680,中性盘
2345,09:38:01,16.19,-0.07,127,205613,卖盘
2346,09:37:57,16.26,0.06,62,100812,买盘
2347,09:37:51,16.2,--,0,0,中性盘
2348,09:37:42,16.2,-0.06,23,37260,卖盘
2349,09:37:36,16.26,0.07,78,126828,买盘
2350,09:37:31,16.19,-0.08,30,48570,卖盘
2351,09:37:27,16.27,0.02,110,178970,买盘
2352,09:37:21,16.25,0.07,4,6500,买盘
2353,09:37:16,16.18,--,0,0,卖盘
2354,09:37:12,16.18,-0.09,314,508052,卖盘
2355,09:37:06,16.27,0.01,89,144803,买盘
2356,09:37:01,16.26,-0.01,41,66666,中性盘
2357,09:36:57,16.27,--,112,182224,买盘
2358,09:36:51,16.27,--,53,86231,买盘
2359,09:36:46,16.27,--,1,1627,买盘
2360,09:36:42,16.27,-0.01,1,1627,买盘
2361,09:36:36,16.28,--,190,309320,卖盘
2362,09:36:31,16.28,--,127,206756,卖盘
2363,09:36:27,16.28,0.01,624,1015872,买盘
2364,09:36:21,16.27,--,234,380718,卖盘
2365,09:36:16,16.27,-0.01,10,16270,中性盘
2366,09:36:12,16.28,--,409,665852,买盘
2367,09:36:06,16.28,0.01,467,760276,买盘
2368,09:36:01,16.27,0.01,17,27659,买盘
2369,09:35:56,16.26,-0.01,580,943080,卖盘
2370,09:35:51,16.27,--,106,172462,卖盘
2371,09:35:46,16.27,-0.01,20,32540,卖盘
2372,09:35:41,16.28,0.01,28,45584,买盘
2373,09:35:36,16.27,--,73,118771,卖盘
2374,09:35:27,16.27,0.01,68,110636,买盘
2375,09:35:21,16.26,--,468,760968,买盘
2376,09:35:16,16.26,0.03,171,278046,买盘
2377,09:35:11,16.23,-0.02,324,525852,卖盘
2378,09:35:06,16.25,0.01,161,261625,买盘
2379,09:35:01,16.24,--,158,256591,买盘
2380,09:34:56,16.24,0.04,138,225541,买盘
2381,09:34:51,16.2,0.02,438,709560,买盘
2382,09:34:46,16.18,-0.02,27,43686,卖盘
2383,09:34:41,16.2,--,164,265680,买盘
2384,09:34:36,16.2,0.01,421,682020,买盘
2385,09:34:31,16.19,--,128,207232,买盘
2386,09:34:26,16.19,0.01,151,244469,买盘
2387,09:34:21,16.18,-0.01,52,84702,卖盘
2388,09:34:16,16.19,0.02,54,87426,买盘
2389,09:34:11,16.17,-0.01,100,161700,卖盘
2390,09:34:06,16.18,0.01,197,318746,买盘
2391,09:33:56,16.17,--,92,148764,卖盘
2392,09:33:51,16.17,--,6,9702,卖盘
2393,09:33:46,16.17,--,100,161700,买盘
2394,09:33:41,16.17,--,43,69531,买盘
2395,09:33:36,16.17,0.01,73,118041,买盘
2396,09:33:31,16.16,-0.01,18,29088,卖盘
2397,09:33:26,16.17,0.01,29,46893,买盘
2398,09:33:16,16.16,-0.01,25,40400,买盘
2399,09:33:11,16.17,--,150,242550,买盘
2400,09:33:06,16.17,0.02,107,173019,买盘
2401,09:33:01,16.15,--,29,46834,卖盘
2402,09:32:56,16.15,-0.01,364,587860,卖盘
2403,09:32:51,16.16,0.01,14,22624,中性盘
2404,09:32:46,16.15,--,27,43604,卖盘
2405,09:32:41,16.15,--,15,24224,卖盘
2406,09:32:36,16.15,--,599,968935,卖盘
2407,09:32:31,16.15,--,148,239019,卖盘
2408,09:32:21,16.15,--,11,17765,卖盘
2409,09:32:16,16.15,-0.02,15,24224,卖盘
2410,09:32:06,16.17,--,341,551397,买盘
2411,09:32:01,16.17,--,30,48510,买盘
2412,09:31:56,16.17,--,5,8085,买盘
2413,09:31:51,16.17,-0.01,130,210210,卖盘
2414,09:31:46,16.18,--,423,684414,买盘
2415,09:31:41,16.18,--,57,92226,买盘
2416,09:31:36,16.18,-0.01,114,184646,卖盘
2417,09:31:30,16.19,--,46,75898,买盘
2418,09:31:21,16.19,0.01,38,61522,买盘
2419,09:31:15,16.18,-0.01,12,19416,买盘
2420,09:31:06,16.19,--,115,186185,买盘
2421,09:30:56,16.19,0.02,10,16190,买盘
2422,09:30:51,16.17,-0.02,48,77616,卖盘
2423,09:30:45,16.19,0.01,33,53427,买盘
2424,09:30:36,16.18,0.01,39,63102,卖盘
2425,09:30:30,16.17,--,0,0,卖盘
2426,09:30:25,16.17,-0.01,51,82467,卖盘
2427,09:30:21,16.18,0.01,33,53394,买盘
2428,09:30:15,16.17,--,84,135828,卖盘
2429,09:30:10,16.17,--,91,147147,卖盘
2430,09:30:06,16.17,0.01,262,423654,买盘
2431,09:28:51,16.16,--,0,0,卖盘
2432,09:25:07,16.16,16.16,726,1174185,买盘
