,time,price,change,volume,amount,type
0,15:00:00,28.77,--,0,0,卖盘
1,15:00:00,28.77,-0.02,0,0,卖盘
2,14:59:57,28.79,--,4,11516,买盘
3,14:59:51,28.79,0.02,2,5758,买盘
4,14:59:46,28.77,--,3,8631,卖盘
5,14:59:42,28.77,-0.02,9,25893,卖盘
6,14:59:31,28.79,0.02,6,17274,买盘
7,14:59:27,28.77,--,2,5754,卖盘
8,14:59:21,28.77,--,1,2877,卖盘
9,14:59:16,28.77,-0.05,10,28770,卖盘
10,14:59:12,28.82,--,0,0,买盘
11,14:59:01,28.82,0.05,50,144100,买盘
12,14:58:57,28.77,--,30,86310,买盘
13,14:58:42,28.77,-0.02,28,80556,卖盘
14,14:58:36,28.79,-0.02,2,5758,卖盘
15,14:58:31,28.81,--,4,11524,买盘
16,14:58:27,28.81,--,0,0,买盘
17,14:58:12,28.81,-0.01,29,83549,卖盘
18,14:58:01,28.82,--,3,8646,买盘
19,14:57:57,28.82,--,139,400598,买盘
20,14:57:51,28.82,--,27,77814,卖盘
21,14:57:46,28.82,--,2,5764,卖盘
22,14:57:42,28.82,--,20,57640,卖盘
23,14:57:36,28.82,--,5,14410,卖盘
24,14:57:31,28.82,--,6,17292,卖盘
25,14:57:27,28.82,0.01,8,23056,卖盘
26,14:57:16,28.81,-0.01,1,2881,中性盘
27,14:57:12,28.82,-0.01,2,5764,中性盘
28,14:57:06,28.83,0.07,11,31712,买盘
29,14:57:01,28.76,-0.06,31,89156,卖盘
30,14:56:57,28.82,--,1,2882,中性盘
31,14:56:51,28.82,--,2,5764,卖盘
32,14:56:46,28.82,--,8,23056,买盘
33,14:56:36,28.82,0.08,1,2882,买盘
34,14:56:16,28.74,-0.08,3,8622,卖盘
35,14:56:11,28.82,0.06,5,14410,卖盘
36,14:56:01,28.76,-0.06,133,382508,卖盘
37,14:55:56,28.82,-0.01,21,60522,中性盘
38,14:55:51,28.83,--,0,0,买盘
39,14:55:46,28.83,0.07,12,34596,买盘
40,14:55:41,28.76,--,2,5752,卖盘
41,14:55:36,28.76,0.02,26,75610,卖盘
42,14:55:31,28.74,-0.08,29,84179,卖盘
43,14:55:26,28.82,--,2,5764,卖盘
44,14:55:21,28.82,--,35,100870,卖盘
45,14:55:16,28.82,0.02,92,266296,买盘
46,14:55:11,28.8,-0.01,18,51955,卖盘
47,14:55:01,28.81,-0.01,7,20167,卖盘
48,14:54:51,28.82,0.01,2,5764,买盘
49,14:54:46,28.81,0.01,27,78708,买盘
50,14:54:41,28.8,-0.02,27,78681,卖盘
51,14:54:36,28.82,0.02,1,2882,买盘
52,14:54:31,28.8,--,32,93081,卖盘
53,14:54:16,28.8,0.02,7,20160,中性盘
54,14:54:11,28.78,-0.02,54,156246,卖盘
55,14:54:06,28.8,--,0,0,卖盘
56,14:54:01,28.8,-0.02,29,85564,卖盘
57,14:53:56,28.82,0.01,75,216150,买盘
58,14:53:46,28.81,-0.01,5,14405,卖盘
59,14:53:41,28.82,--,0,0,中性盘
60,14:53:36,28.82,0.02,4,11528,买盘
61,14:53:16,28.8,--,2,5760,买盘
62,14:53:11,28.8,-0.02,3,8640,卖盘
63,14:53:06,28.82,0.02,8,23056,中性盘
64,14:53:01,28.8,--,5,14400,买盘
65,14:52:56,28.8,-0.03,47,135360,卖盘
66,14:52:51,28.83,0.03,18,51894,买盘
67,14:52:45,28.8,-0.03,3,8640,卖盘
68,14:52:40,28.83,--,60,172980,买盘
69,14:52:36,28.83,--,0,0,买盘
70,14:52:25,28.83,0.03,60,172980,买盘
71,14:52:21,28.8,--,39,112320,买盘
72,14:52:15,28.8,--,0,0,买盘
73,14:52:10,28.8,--,19,54720,买盘
74,14:52:06,28.8,--,9,25920,买盘
75,14:51:55,28.8,--,0,0,买盘
76,14:51:51,28.8,--,0,0,买盘
77,14:51:40,28.8,--,0,0,买盘
78,14:51:36,28.8,0.07,35,100800,买盘
79,14:51:30,28.73,--,0,0,卖盘
80,14:51:25,28.73,-0.07,30,86190,卖盘
81,14:51:21,28.8,0.02,7,20160,买盘
82,14:51:15,28.78,0.02,33,94974,买盘
83,14:51:10,28.76,-0.07,24,69024,卖盘
84,14:51:06,28.83,0.03,10,28830,买盘
85,14:50:55,28.8,--,5,14400,卖盘
86,14:50:36,28.8,-0.01,10,28800,卖盘
87,14:50:30,28.81,--,13,37453,买盘
88,14:50:25,28.81,--,3,8643,卖盘
89,14:50:21,28.81,-0.02,1,2881,卖盘
90,14:50:06,28.83,-0.02,1,2883,卖盘
91,14:50:00,28.85,--,19,54815,卖盘
92,14:49:55,28.85,--,7,20195,卖盘
93,14:49:51,28.85,-0.01,9,25965,卖盘
94,14:49:45,28.86,0.01,5,14430,买盘
95,14:49:40,28.85,--,5,14425,卖盘
96,14:49:35,28.85,-0.01,15,43275,卖盘
97,14:49:25,28.86,0.01,6,17316,中性盘
98,14:49:21,28.85,--,5,14425,卖盘
99,14:49:15,28.85,-0.02,1,2885,卖盘
100,14:49:10,28.87,0.01,12,34644,买盘
101,14:49:06,28.86,--,15,43290,买盘
102,14:48:50,28.86,0.01,1,2886,买盘
103,14:48:45,28.85,--,0,0,卖盘
104,14:48:40,28.85,-0.01,3,8655,卖盘
105,14:48:35,28.86,0.01,7,20202,中性盘
106,14:48:30,28.85,-0.02,5,14425,卖盘
107,14:48:25,28.87,--,9,25983,买盘
108,14:48:20,28.87,0.02,14,40418,买盘
109,14:48:15,28.85,-0.02,13,37505,卖盘
110,14:48:05,28.87,0.02,2,5774,买盘
111,14:48:00,28.85,-0.02,5,14425,卖盘
112,14:47:50,28.87,--,15,43305,买盘
113,14:47:40,28.87,0.02,46,132802,买盘
114,14:47:35,28.85,-0.01,5,14425,卖盘
115,14:47:25,28.86,--,2,5772,卖盘
116,14:47:20,28.86,-0.01,5,14430,卖盘
117,14:47:10,28.87,--,1,2887,买盘
118,14:47:05,28.87,0.01,4,11548,买盘
119,14:47:00,28.86,-0.02,2,5772,卖盘
120,14:46:55,28.88,0.01,5,14440,买盘
121,14:46:50,28.87,--,15,43305,卖盘
122,14:46:45,28.87,--,20,57740,卖盘
123,14:46:40,28.87,-0.01,15,43305,卖盘
124,14:46:25,28.88,0.01,1,2888,买盘
125,14:46:20,28.87,-0.01,5,14435,卖盘
126,14:46:15,28.88,--,1,2888,买盘
127,14:46:10,28.88,--,3,8664,买盘
128,14:46:05,28.88,0.01,4,11552,买盘
129,14:46:00,28.87,-0.02,4,11548,卖盘
130,14:45:54,28.89,0.01,4,11556,买盘
131,14:45:50,28.88,-0.01,14,40432,中性盘
132,14:45:45,28.89,0.02,15,43335,买盘
133,14:45:39,28.87,-0.01,4,11548,卖盘
134,14:45:34,28.88,--,37,106856,卖盘
135,14:45:30,28.88,-0.01,3,8664,卖盘
136,14:45:20,28.89,--,6,17334,买盘
137,14:45:15,28.89,0.01,4,11556,买盘
138,14:45:09,28.88,-0.01,5,14440,卖盘
139,14:45:05,28.89,0.01,4,11556,买盘
140,14:45:00,28.88,--,2,5776,买盘
141,14:44:49,28.88,--,4,11552,买盘
142,14:44:45,28.88,--,9,25992,卖盘
143,14:44:39,28.88,-0.01,4,11552,卖盘
144,14:44:34,28.89,0.01,34,98226,买盘
145,14:44:30,28.88,0.01,4,11552,中性盘
146,14:44:24,28.87,-0.01,102,294474,卖盘
147,14:44:19,28.88,0.02,8,23104,买盘
148,14:44:15,28.86,--,25,72150,卖盘
149,14:44:04,28.86,-0.02,8,23088,卖盘
150,14:43:49,28.88,0.02,11,31768,买盘
151,14:43:45,28.86,-0.01,31,89466,卖盘
152,14:43:30,28.87,--,10,28870,卖盘
153,14:43:19,28.87,-0.01,27,77949,卖盘
154,14:43:15,28.88,--,11,31768,买盘
155,14:43:09,28.88,--,11,31768,买盘
156,14:43:04,28.88,0.01,34,98192,买盘
157,14:43:00,28.87,--,10,28870,卖盘
158,14:42:49,28.87,--,14,40418,买盘
159,14:42:44,28.87,0.01,7,20209,买盘
160,14:42:34,28.86,-0.01,20,57720,卖盘
161,14:42:19,28.87,--,1,2887,买盘
162,14:42:14,28.87,--,12,34644,买盘
163,14:42:04,28.87,--,35,101045,买盘
164,14:41:54,28.87,--,1,2887,买盘
165,14:41:49,28.87,--,1,2887,买盘
166,14:41:44,28.87,0.01,9,25983,买盘
167,14:41:39,28.86,--,13,37518,买盘
168,14:41:34,28.86,--,1,2886,买盘
169,14:41:29,28.86,0.02,1,2886,买盘
170,14:41:19,28.84,-0.02,2,5768,卖盘
171,14:41:14,28.86,0.02,1,2886,买盘
172,14:41:04,28.84,-0.02,3,8652,卖盘
173,14:40:49,28.86,0.02,5,14430,买盘
174,14:40:44,28.84,--,27,77868,卖盘
175,14:40:34,28.84,--,46,133644,买盘
176,14:40:29,28.84,--,34,98056,买盘
177,14:40:14,28.84,--,1,2884,买盘
178,14:40:04,28.84,0.01,7,20188,买盘
179,14:39:59,28.83,-0.01,8,23064,卖盘
180,14:39:54,28.84,--,3,8652,买盘
181,14:39:48,28.84,--,9,25956,买盘
182,14:39:44,28.84,--,12,34608,买盘
183,14:39:29,28.84,--,1,2884,买盘
184,14:39:24,28.84,--,3,8652,买盘
185,14:39:19,28.84,--,3,8652,买盘
186,14:39:14,28.84,--,11,31724,买盘
187,14:39:09,28.84,0.01,6,17304,买盘
188,14:39:03,28.83,-0.01,4,11532,卖盘
189,14:38:59,28.84,0.01,1,2884,买盘
190,14:38:54,28.83,-0.01,5,14415,卖盘
191,14:38:44,28.84,--,4,11536,买盘
192,14:38:18,28.84,-0.01,72,207648,卖盘
193,14:38:14,28.85,0.01,16,46160,买盘
194,14:38:03,28.84,--,3,8652,卖盘
195,14:37:59,28.84,0.01,20,57680,买盘
196,14:37:54,28.83,--,1,2883,卖盘
197,14:37:39,28.83,--,21,60543,卖盘
198,14:37:33,28.83,--,1,2883,卖盘
199,14:37:28,28.83,--,7,20181,卖盘
200,14:37:23,28.83,0.01,6,17298,卖盘
201,14:37:08,28.82,--,0,0,卖盘
202,14:37:03,28.82,0.01,4,11528,卖盘
203,14:36:58,28.81,-0.02,25,72025,卖盘
204,14:36:53,28.83,--,1,2883,买盘
205,14:36:48,28.83,0.02,5,14415,买盘
206,14:36:18,28.81,--,1,2881,卖盘
207,14:36:13,28.81,--,4,11524,卖盘
208,14:36:03,28.81,--,3,8643,卖盘
209,14:35:43,28.81,-0.02,5,14405,卖盘
210,14:35:38,28.83,--,13,37479,买盘
211,14:35:28,28.83,0.02,3,8649,买盘
212,14:35:23,28.81,--,1,2881,卖盘
213,14:35:13,28.81,-0.01,1,2881,卖盘
214,14:35:08,28.82,0.01,10,28820,买盘
215,14:35:03,28.81,--,5,14405,卖盘
216,14:34:58,28.81,--,11,31691,卖盘
217,14:34:53,28.81,-0.01,1,2881,卖盘
218,14:34:43,28.82,0.01,5,14410,买盘
219,14:34:38,28.81,--,0,0,中性盘
220,14:34:33,28.81,--,1,2881,卖盘
221,14:34:28,28.81,-0.01,4,11524,卖盘
222,14:34:23,28.82,0.02,10,28820,买盘
223,14:34:08,28.8,--,6,17280,卖盘
224,14:34:03,28.8,-0.02,3,8640,卖盘
225,14:33:58,28.82,0.02,14,40348,买盘
226,14:33:43,28.8,--,2,5760,卖盘
227,14:33:28,28.8,--,0,0,中性盘
228,14:33:23,28.8,0.01,47,135360,买盘
229,14:33:18,28.79,--,12,34548,卖盘
230,14:33:08,28.79,--,7,20153,卖盘
231,14:33:03,28.79,-0.01,5,14395,卖盘
232,14:32:58,28.8,--,6,17280,买盘
233,14:32:48,28.8,0.01,1,2880,买盘
234,14:32:43,28.79,--,7,20153,卖盘
235,14:32:38,28.79,--,1,2879,卖盘
236,14:32:33,28.79,0.01,2,5758,卖盘
237,14:32:28,28.78,--,0,0,卖盘
238,14:32:23,28.78,-0.01,18,51804,卖盘
239,14:32:18,28.79,0.01,1,2879,买盘
240,14:32:08,28.78,--,3,8634,卖盘
241,14:32:03,28.78,-0.01,8,23024,卖盘
242,14:31:38,28.79,-0.01,6,17274,卖盘
243,14:31:33,28.8,--,11,31680,买盘
244,14:31:23,28.8,--,10,28800,卖盘
245,14:31:08,28.8,--,1,2880,卖盘
246,14:31:03,28.8,--,9,25920,卖盘
247,14:30:53,28.8,--,20,57600,卖盘
248,14:30:42,28.8,--,3,8640,卖盘
249,14:30:38,28.8,--,7,20160,卖盘
250,14:30:33,28.8,-0.03,2,5760,卖盘
251,14:30:23,28.83,0.03,12,34596,买盘
252,14:30:18,28.8,--,9,25920,卖盘
253,14:30:03,28.8,-0.03,28,80640,卖盘
254,14:29:52,28.83,--,3,8649,卖盘
255,14:29:48,28.83,--,2,5766,卖盘
256,14:29:32,28.83,--,4,11532,买盘
257,14:29:17,28.83,-0.02,4,11532,卖盘
258,14:29:07,28.85,--,9,27869,卖盘
259,14:29:02,28.85,--,4,11540,卖盘
260,14:28:52,28.85,-0.03,4,11540,卖盘
261,14:28:32,28.88,--,26,75088,卖盘
262,14:28:22,28.88,-0.01,8,23104,卖盘
263,14:28:17,28.89,0.01,7,20223,买盘
264,14:28:07,28.88,0.03,3,8664,中性盘
265,14:28:02,28.85,-0.04,21,60585,卖盘
266,14:27:57,28.89,0.01,1,2889,买盘
267,14:27:47,28.88,--,18,51984,卖盘
268,14:27:32,28.88,-0.01,12,34656,卖盘
269,14:27:27,28.89,0.01,1,2889,买盘
270,14:27:12,28.88,--,20,57760,卖盘
271,14:27:02,28.88,--,78,226245,买盘
272,14:26:37,28.88,--,15,45226,卖盘
273,14:26:32,28.88,--,9,25992,卖盘
274,14:26:17,28.88,--,8,23104,卖盘
275,14:26:02,28.88,--,6,17328,卖盘
276,14:25:57,28.88,--,0,981,买盘
277,14:25:51,28.88,--,46,134754,卖盘
278,14:25:47,28.88,--,14,41413,卖盘
279,14:25:17,28.88,--,11,31768,卖盘
280,14:25:12,28.88,-0.01,1,2888,卖盘
281,14:25:05,28.89,0.01,1,2889,买盘
282,14:25:02,28.88,--,12,34656,卖盘
283,14:24:42,28.88,--,10,28880,卖盘
284,14:24:27,28.88,--,5,14440,卖盘
285,14:24:02,28.88,--,12,34656,卖盘
286,14:23:51,28.88,--,1,2888,卖盘
287,14:23:42,28.88,--,1,2888,卖盘
288,14:23:32,28.88,-0.01,1,2888,卖盘
289,14:23:27,28.89,--,31,89559,买盘
290,14:23:06,28.89,--,28,80892,卖盘
291,14:23:02,28.89,-0.01,13,37557,卖盘
292,14:22:57,28.9,--,1,2890,买盘
293,14:22:50,28.9,--,1,2890,买盘
294,14:22:36,28.9,--,9,26010,买盘
295,14:22:16,28.9,0.02,6,17340,买盘
296,14:22:01,28.88,-0.02,5,14440,卖盘
297,14:21:56,28.9,0.02,13,37570,买盘
298,14:21:50,28.88,-0.02,3,8664,卖盘
299,14:21:46,28.9,--,1,2890,买盘
300,14:21:42,28.9,0.02,20,57800,买盘
301,14:21:35,28.88,--,0,0,卖盘
302,14:21:31,28.88,-0.02,2,5776,卖盘
303,14:21:26,28.9,0.02,1,2890,买盘
304,14:21:05,28.88,-0.02,3,8664,卖盘
305,14:21:01,28.9,0.04,14,40460,买盘
306,14:20:56,28.86,--,15,43290,卖盘
307,14:20:51,28.86,--,33,95238,买盘
308,14:20:46,28.86,--,3,8658,买盘
309,14:20:41,28.86,--,2,5772,买盘
310,14:20:31,28.86,--,50,144300,买盘
311,14:20:01,28.86,--,5,14430,买盘
312,14:19:56,28.86,-0.03,11,31746,卖盘
313,14:19:35,28.89,-0.01,15,43335,卖盘
314,14:19:11,28.9,0.01,10,28900,买盘
315,14:19:05,28.89,-0.01,4,11556,卖盘
316,14:18:59,28.9,--,4,11560,卖盘
317,14:18:56,28.9,--,16,46240,卖盘
318,14:18:41,28.9,--,23,66470,卖盘
319,14:18:35,28.9,--,3,8670,卖盘
320,14:18:29,28.9,0.02,75,216750,买盘
321,14:18:11,28.88,--,8,23104,买盘
322,14:18:05,28.88,--,6,17328,买盘
323,14:17:56,28.88,--,1,2888,买盘
324,14:17:29,28.88,0.02,6,17328,卖盘
325,14:17:05,28.86,-0.02,4,11544,卖盘
326,14:16:56,28.88,--,0,0,中性盘
327,14:16:50,28.88,-0.02,1,2888,卖盘
328,14:16:41,28.9,0.01,175,505750,买盘
329,14:16:35,28.89,0.01,56,161784,买盘
330,14:16:29,28.88,--,10,28880,卖盘
331,14:16:26,28.88,0.02,44,127072,买盘
332,14:16:20,28.86,--,28,80808,卖盘
333,14:16:14,28.86,--,6,17316,卖盘
334,14:16:11,28.86,--,12,34632,卖盘
335,14:16:05,28.86,--,23,66378,卖盘
336,14:15:56,28.86,--,1,2886,卖盘
337,14:15:50,28.86,--,13,37518,卖盘
338,14:15:35,28.86,-0.02,6,17316,卖盘
339,14:15:29,28.88,0.02,3,8664,买盘
340,14:15:26,28.86,-0.02,10,28860,卖盘
341,14:15:05,28.88,--,14,40432,买盘
342,14:14:55,28.88,--,55,158840,卖盘
343,14:14:40,28.88,-0.01,1,2888,卖盘
344,14:14:25,28.89,--,3,8667,买盘
345,14:14:20,28.89,--,10,28890,卖盘
346,14:14:10,28.89,0.01,10,28890,卖盘
347,14:14:05,28.88,--,3,8664,卖盘
348,14:13:55,28.88,-0.01,6,17328,卖盘
349,14:13:50,28.89,-0.01,23,66447,卖盘
350,14:13:25,28.9,--,6,17340,买盘
351,14:13:20,28.9,--,2,5780,卖盘
352,14:13:14,28.9,--,5,14450,卖盘
353,14:13:10,28.9,--,5,14450,卖盘
354,14:13:05,28.9,--,14,40460,卖盘
355,14:12:55,28.9,0.01,128,369920,买盘
356,14:12:50,28.89,--,7,20223,卖盘
357,14:12:44,28.89,0.01,53,153117,买盘
358,14:12:40,28.88,--,2,5776,卖盘
359,14:12:25,28.88,-0.01,2,5776,卖盘
360,14:12:20,28.89,--,3,8667,买盘
361,14:12:05,28.89,--,13,37557,卖盘
362,14:11:59,28.89,--,6,17334,卖盘
363,14:11:50,28.89,--,2,5778,卖盘
364,14:11:44,28.89,--,1,2889,卖盘
365,14:11:38,28.89,--,5,14445,卖盘
366,14:11:35,28.89,--,39,112671,卖盘
367,14:11:20,28.89,--,19,54891,卖盘
368,14:11:08,28.89,-0.01,1,2889,卖盘
369,14:11:05,28.9,--,10,28900,买盘
370,14:10:59,28.9,--,2,5780,买盘
371,14:10:50,28.9,--,1,2890,买盘
372,14:10:44,28.9,0.01,6,17340,买盘
373,14:10:38,28.89,-0.01,4,11556,卖盘
374,14:10:35,28.9,--,4,11560,买盘
375,14:10:29,28.9,--,0,0,卖盘
376,14:10:23,28.9,0.01,2,5780,卖盘
377,14:10:20,28.89,-0.01,41,118449,卖盘
378,14:10:14,28.9,0.01,54,156060,买盘
379,14:10:05,28.89,0.01,30,86670,买盘
380,14:09:59,28.88,0.01,13,37544,买盘
381,14:09:49,28.87,--,40,115480,卖盘
382,14:09:38,28.87,--,0,0,中性盘
383,14:09:34,28.87,--,26,75062,买盘
384,14:09:19,28.87,--,6,17322,买盘
385,14:09:08,28.87,0.01,4,11548,买盘
386,14:09:04,28.86,-0.01,6,17316,卖盘
387,14:08:49,28.87,0.01,2,5774,买盘
388,14:08:44,28.86,-0.01,6,17316,卖盘
389,14:08:34,28.87,0.01,20,57740,买盘
390,14:08:19,28.86,--,2,5772,卖盘
391,14:08:14,28.86,--,15,43290,卖盘
392,14:08:04,28.86,--,3,8658,卖盘
393,14:07:59,28.86,--,11,31746,卖盘
394,14:07:49,28.86,--,8,23088,卖盘
395,14:07:44,28.86,--,10,28860,卖盘
396,14:07:34,28.86,--,5,14430,卖盘
397,14:07:29,28.86,-0.01,1,2886,卖盘
398,14:07:14,28.87,--,5,14435,买盘
399,14:07:08,28.87,0.01,9,25983,买盘
400,14:07:04,28.86,-0.01,5,14430,卖盘
401,14:06:59,28.87,--,3,8661,买盘
402,14:06:49,28.87,--,35,101045,买盘
403,14:06:29,28.87,--,10,28870,买盘
404,14:06:19,28.87,--,1,2887,卖盘
405,14:06:14,28.87,--,4,11548,卖盘
406,14:06:08,28.87,-0.01,4,11548,卖盘
407,14:06:04,28.88,0.01,1,2888,买盘
408,14:05:59,28.87,-0.01,5,14435,卖盘
409,14:05:53,28.88,--,3,8664,卖盘
410,14:05:49,28.88,--,20,57760,卖盘
411,14:05:44,28.88,--,5,14440,卖盘
412,14:05:38,28.88,-0.02,1,2888,卖盘
413,14:05:32,28.9,--,0,0,中性盘
414,14:05:29,28.9,--,1,2890,中性盘
415,14:05:23,28.9,--,4,11560,买盘
416,14:05:14,28.9,-0.02,2,5780,买盘
417,14:05:08,28.92,--,0,0,买盘
418,14:05:02,28.92,0.01,37,107004,买盘
419,14:04:59,28.91,0.01,4,11564,买盘
420,14:04:53,28.9,-0.01,12,34680,卖盘
421,14:04:47,28.91,--,5,14455,卖盘
422,14:04:44,28.91,--,12,34692,卖盘
423,14:04:38,28.91,--,54,156114,卖盘
424,14:04:32,28.91,--,4,11564,卖盘
425,14:04:29,28.91,--,8,23128,卖盘
426,14:04:23,28.91,0.01,23,66493,买盘
427,14:04:14,28.9,--,46,132940,卖盘
428,14:04:08,28.9,--,1,2890,卖盘
429,14:04:02,28.9,--,3,8670,卖盘
430,14:03:59,28.9,-0.01,3,8670,卖盘
431,14:03:53,28.91,0.01,1,2891,买盘
432,14:03:44,28.9,--,8,23120,卖盘
433,14:03:38,28.9,--,8,23120,卖盘
434,14:03:32,28.9,--,1,2890,卖盘
435,14:03:29,28.9,--,13,37570,卖盘
436,14:03:02,28.9,--,47,135830,买盘
437,14:02:59,28.9,0.04,2,5780,买盘
438,14:02:53,28.86,-0.04,5,14430,卖盘
439,14:02:44,28.9,-0.01,7,20230,买盘
440,14:02:28,28.91,--,0,0,买盘
441,14:02:23,28.91,0.01,223,644693,卖盘
442,14:02:17,28.9,--,0,0,卖盘
443,14:02:13,28.9,--,1,2890,卖盘
444,14:02:08,28.9,--,8,23120,卖盘
445,14:02:02,28.9,--,12,34680,买盘
446,14:01:58,28.9,--,2,5780,买盘
447,14:01:53,28.9,0.04,340,982600,买盘
448,14:01:47,28.86,-0.01,1,2886,卖盘
449,14:01:43,28.87,0.01,17,49079,买盘
450,14:01:28,28.86,0.01,17,49062,买盘
451,14:01:23,28.85,-0.01,1,2885,中性盘
452,14:01:13,28.86,0.03,5,14430,买盘
453,14:01:08,28.83,-0.03,1,2883,卖盘
454,14:01:02,28.86,--,2,5772,买盘
455,14:00:58,28.86,--,1,2886,卖盘
456,14:00:43,28.86,0.01,9,25974,买盘
457,14:00:38,28.85,--,1,2885,买盘
458,14:00:32,28.85,-0.01,1,2885,买盘
459,14:00:28,28.86,0.04,56,161616,买盘
460,14:00:23,28.82,-0.03,24,69168,卖盘
461,14:00:17,28.85,--,3,9982,买盘
462,14:00:13,28.85,0.01,15,43275,买盘
463,13:59:58,28.84,--,0,0,中性盘
464,13:59:53,28.84,-0.01,5,14420,买盘
465,13:59:47,28.85,--,0,0,买盘
466,13:59:43,28.85,0.01,16,46160,买盘
467,13:59:38,28.84,--,3,8652,买盘
468,13:59:32,28.84,--,1,2884,买盘
469,13:59:17,28.84,--,7,20188,买盘
470,13:59:02,28.84,--,5,14420,买盘
471,13:58:56,28.84,--,1,2884,买盘
472,13:58:53,28.84,0.01,17,49028,买盘
473,13:58:32,28.83,--,6,17298,买盘
474,13:58:23,28.83,0.01,1,2883,买盘
475,13:58:11,28.82,--,44,128191,买盘
476,13:58:02,28.82,--,4,11528,买盘
477,13:57:56,28.82,--,1,2882,买盘
478,13:57:53,28.82,-0.01,23,67784,卖盘
479,13:57:32,28.83,--,1,2883,买盘
480,13:57:26,28.83,--,3,8649,买盘
481,13:57:23,28.83,-0.02,7,21737,卖盘
482,13:57:11,28.85,0.02,1,2885,买盘
483,13:57:08,28.83,-0.02,8,23064,卖盘
484,13:57:02,28.85,--,2,5770,买盘
485,13:56:56,28.85,--,4,11540,买盘
486,13:56:41,28.85,--,4,11540,买盘
487,13:56:32,28.85,--,21,60585,买盘
488,13:56:26,28.85,-0.01,11,31735,卖盘
489,13:56:17,28.86,--,10,28860,买盘
490,13:56:08,28.86,--,9,25974,卖盘
491,13:56:02,28.86,-0.01,15,43290,卖盘
492,13:55:56,28.87,0.01,6,17322,买盘
493,13:55:52,28.86,-0.01,8,23088,卖盘
494,13:55:47,28.87,0.01,1,2887,买盘
495,13:55:41,28.86,-0.01,3,8658,卖盘
496,13:55:37,28.87,0.01,22,63514,买盘
497,13:55:26,28.86,--,5,14430,卖盘
498,13:55:22,28.86,0.01,5,14430,买盘
499,13:55:17,28.85,-0.01,50,144250,卖盘
500,13:55:02,28.86,-0.01,33,95238,卖盘
501,13:54:56,28.87,0.01,1,2887,买盘
502,13:54:52,28.86,0.01,7,20202,中性盘
503,13:54:37,28.85,-0.02,2,5770,卖盘
504,13:54:32,28.87,--,5,14435,买盘
505,13:54:26,28.87,0.01,31,89497,买盘
506,13:54:17,28.86,--,49,141414,卖盘
507,13:54:11,28.86,-0.01,8,23088,卖盘
508,13:54:07,28.87,-0.01,16,46192,卖盘
509,13:54:02,28.88,--,1,2888,买盘
510,13:53:56,28.88,-0.01,1,2888,买盘
511,13:53:52,28.89,0.01,6,17334,买盘
512,13:53:47,28.88,-0.01,38,109744,卖盘
513,13:53:37,28.89,0.01,7,20223,买盘
514,13:53:22,28.88,--,0,0,中性盘
515,13:53:17,28.88,--,11,31768,卖盘
516,13:53:11,28.88,0.01,302,872176,买盘
517,13:53:07,28.87,--,1,2887,买盘
518,13:52:56,28.87,0.02,10,28870,买盘
519,13:52:52,28.85,--,235,677975,买盘
520,13:52:47,28.85,0.01,31,89435,买盘
521,13:52:41,28.84,--,58,168598,买盘
522,13:52:37,28.84,--,7,20188,买盘
523,13:52:26,28.84,0.01,8,23072,买盘
524,13:52:17,28.83,--,68,196044,买盘
525,13:52:11,28.83,0.01,36,103788,买盘
526,13:52:05,28.82,-0.01,11,31702,卖盘
527,13:52:02,28.83,0.01,10,28830,买盘
528,13:51:56,28.82,--,30,86460,卖盘
529,13:51:47,28.82,0.02,251,724765,买盘
530,13:51:35,28.8,-0.01,2,5760,卖盘
531,13:51:17,28.81,0.02,163,469603,买盘
532,13:51:02,28.79,-0.01,162,466398,卖盘
533,13:50:56,28.8,--,4,11520,买盘
534,13:50:50,28.8,--,1,2880,买盘
535,13:50:46,28.8,--,6,17280,买盘
536,13:50:41,28.8,--,1,2880,买盘
537,13:50:32,28.8,--,3,8640,买盘
538,13:50:17,28.8,0.01,26,74880,买盘
539,13:50:11,28.79,--,8,23032,卖盘
540,13:49:47,28.79,0.01,5,14395,卖盘
541,13:49:26,28.78,--,0,0,卖盘
542,13:49:20,28.78,-0.01,5,14390,卖盘
543,13:49:11,28.79,--,21,60459,卖盘
544,13:48:56,28.79,--,7,20153,卖盘
545,13:48:41,28.79,-0.01,10,28790,卖盘
546,13:48:35,28.8,--,5,14400,买盘
547,13:48:26,28.8,--,8,23040,买盘
548,13:48:16,28.8,0.01,10,28800,买盘
549,13:48:11,28.79,-0.01,21,60459,卖盘
550,13:48:01,28.8,--,3,8640,买盘
551,13:47:56,28.8,--,4,11520,买盘
552,13:47:46,28.8,--,1,2880,买盘
553,13:47:41,28.8,0.01,1,2880,买盘
554,13:47:35,28.79,--,4,11516,卖盘
555,13:47:20,28.79,--,5,14395,买盘
556,13:47:11,28.79,0.01,5,14395,买盘
557,13:46:56,28.78,0.02,5,14390,卖盘
558,13:46:35,28.76,-0.02,57,163932,卖盘
559,13:46:26,28.78,--,0,0,中性盘
560,13:46:20,28.78,0.02,2,5756,买盘
561,13:45:46,28.76,--,2,5752,买盘
562,13:45:20,28.76,--,16,46016,买盘
563,13:45:14,28.76,--,0,0,买盘
564,13:45:11,28.76,0.01,1,2876,买盘
565,13:45:05,28.75,0.02,1,2875,买盘
566,13:44:59,28.73,-0.02,3,8619,卖盘
567,13:44:41,28.75,--,5,14375,买盘
568,13:44:20,28.75,0.01,9,25875,买盘
569,13:44:05,28.74,--,1,2874,买盘
570,13:43:55,28.74,0.01,1,2874,买盘
571,13:43:44,28.73,0.01,22,63206,买盘
572,13:43:40,28.72,-0.01,13,37336,卖盘
573,13:43:10,28.73,--,6,17238,买盘
574,13:43:05,28.73,--,4,11492,买盘
575,13:42:59,28.73,--,7,20111,买盘
576,13:42:55,28.73,-0.01,12,34476,卖盘
577,13:42:50,28.74,0.01,16,45984,买盘
578,13:42:44,28.73,-0.01,18,51714,卖盘
579,13:42:40,28.74,--,1,2874,买盘
580,13:42:35,28.74,--,3,8622,买盘
581,13:42:20,28.74,--,30,86220,卖盘
582,13:42:14,28.74,-0.01,41,117834,卖盘
583,13:42:05,28.75,--,4,11500,买盘
584,13:41:55,28.75,-0.01,2,5750,卖盘
585,13:41:40,28.76,--,1,2876,买盘
586,13:41:29,28.76,--,3,8628,买盘
587,13:41:20,28.76,-0.02,6,17256,卖盘
588,13:41:05,28.78,-0.01,29,83462,卖盘
589,13:40:59,28.79,--,0,0,买盘
590,13:40:55,28.79,0.01,10,28790,买盘
591,13:40:50,28.78,--,6,17268,卖盘
592,13:40:44,28.78,0.02,4,12375,买盘
593,13:40:40,28.76,--,1,2876,卖盘
594,13:40:29,28.76,--,1,2876,卖盘
595,13:40:20,28.76,--,1,2876,卖盘
596,13:40:10,28.76,0.01,6,17256,卖盘
597,13:40:05,28.75,--,223,641125,卖盘
598,13:39:50,28.75,-0.01,5,14375,卖盘
599,13:39:44,28.76,--,2,5752,卖盘
600,13:39:29,28.76,--,1,2876,卖盘
601,13:39:25,28.76,--,0,0,中性盘
602,13:39:20,28.76,-0.02,22,63272,卖盘
603,13:38:59,28.78,--,0,0,买盘
604,13:38:50,28.78,--,3,8634,买盘
605,13:38:44,28.78,--,0,0,买盘
606,13:38:29,28.78,--,3,8634,买盘
607,13:38:23,28.78,-0.01,27,77706,卖盘
608,13:38:20,28.79,--,3,8637,买盘
609,13:38:14,28.79,--,27,77733,卖盘
610,13:38:08,28.79,--,3,8637,卖盘
611,13:38:05,28.79,-0.01,3,8637,卖盘
612,13:37:53,28.8,0.01,21,60480,买盘
613,13:37:49,28.79,--,2,5758,卖盘
614,13:37:19,28.79,-0.01,10,28790,卖盘
615,13:36:59,28.8,0.01,186,535680,买盘
616,13:36:53,28.79,-0.01,5,14395,卖盘
617,13:36:49,28.8,0.02,65,187200,买盘
618,13:36:44,28.78,--,13,37414,买盘
619,13:36:34,28.78,--,1,2878,买盘
620,13:36:14,28.78,0.06,3,8634,买盘
621,13:36:08,28.72,-0.06,2,5744,卖盘
622,13:35:59,28.78,--,11,31658,买盘
623,13:35:53,28.78,0.05,4,11512,买盘
624,13:35:49,28.73,-0.02,22,63206,卖盘
625,13:35:38,28.75,0.02,10,28750,买盘
626,13:35:19,28.73,--,20,57460,卖盘
627,13:35:04,28.73,--,4,11492,卖盘
628,13:34:59,28.73,-0.02,5,14365,卖盘
629,13:34:44,28.75,--,4,11500,买盘
630,13:34:38,28.75,0.01,3,8625,买盘
631,13:34:34,28.74,-0.01,20,57480,卖盘
632,13:34:19,28.75,0.01,7,20125,买盘
633,13:34:14,28.74,--,5,14370,卖盘
634,13:34:07,28.74,--,7,20118,卖盘
635,13:33:53,28.74,-0.04,3,8622,卖盘
636,13:33:49,28.78,--,0,0,买盘
637,13:33:34,28.78,0.03,3,8634,买盘
638,13:33:29,28.75,-0.03,2,5750,卖盘
639,13:33:23,28.78,--,0,0,卖盘
640,13:33:19,28.78,--,3,8634,买盘
641,13:33:14,28.78,--,3,8634,卖盘
642,13:32:59,28.78,--,2,5756,卖盘
643,13:32:52,28.78,--,1,2878,卖盘
644,13:32:49,28.78,--,10,28780,卖盘
645,13:32:38,28.78,--,70,201460,卖盘
646,13:32:29,28.78,-0.01,5,14390,卖盘
647,13:32:23,28.79,0.01,1,2879,买盘
648,13:32:19,28.78,--,1,2878,卖盘
649,13:32:13,28.78,--,5,14390,卖盘
650,13:31:59,28.78,--,4,11512,卖盘
651,13:31:53,28.78,--,3,8634,卖盘
652,13:31:32,28.78,-0.01,5,14390,卖盘
653,13:31:29,28.79,--,3,8637,买盘
654,13:31:23,28.79,--,8,23032,买盘
655,13:31:14,28.79,--,9,25911,买盘
656,13:30:52,28.79,--,20,57580,买盘
657,13:30:47,28.79,--,16,46064,卖盘
658,13:30:37,28.79,--,9,25911,卖盘
659,13:30:22,28.79,--,11,31669,卖盘
660,13:29:37,28.79,0.07,2,5758,买盘
661,13:29:08,28.72,--,0,0,卖盘
662,13:29:01,28.72,--,0,0,卖盘
663,13:28:58,28.72,-0.06,102,292944,卖盘
664,13:28:52,28.78,0.02,92,264776,买盘
665,13:28:46,28.76,-0.02,3,8628,买盘
666,13:28:37,28.78,--,0,0,买盘
667,13:28:16,28.78,-0.02,8,23024,卖盘
668,13:27:52,28.8,--,47,135360,卖盘
669,13:27:37,28.8,--,2,5760,卖盘
670,13:27:31,28.8,--,15,43200,卖盘
671,13:27:22,28.8,--,5,14400,卖盘
672,13:27:16,28.8,0.01,12,34560,买盘
673,13:26:58,28.79,-0.01,2,5758,卖盘
674,13:26:46,28.8,--,4,11520,买盘
675,13:26:37,28.8,--,3,8640,买盘
676,13:26:31,28.8,--,4,11520,买盘
677,13:26:07,28.8,0.01,3,8640,买盘
678,13:26:01,28.79,-0.01,1,2879,卖盘
679,13:25:58,28.8,--,0,0,中性盘
680,13:25:52,28.8,--,1,2880,买盘
681,13:25:46,28.8,0.01,10,28800,买盘
682,13:25:37,28.79,--,0,0,中性盘
683,13:25:31,28.79,--,0,0,中性盘
684,13:25:27,28.79,--,1,2879,买盘
685,13:25:22,28.79,--,35,100765,卖盘
686,13:25:16,28.79,--,4,11516,卖盘
687,13:24:52,28.79,--,39,112281,买盘
688,13:24:22,28.79,--,0,0,买盘
689,13:24:16,28.79,--,0,0,买盘
690,13:24:01,28.79,--,0,0,买盘
691,13:23:46,28.79,--,0,0,买盘
692,13:23:40,28.79,--,0,0,买盘
693,13:23:37,28.79,-0.01,6,17274,买盘
694,13:23:31,28.8,--,0,0,买盘
695,13:23:25,28.8,--,12,34560,买盘
696,13:23:22,28.8,--,1,2880,买盘
697,13:23:16,28.8,--,0,0,买盘
698,13:23:07,28.8,--,1,2880,买盘
699,13:22:52,28.8,0.02,11,31680,买盘
700,13:22:37,28.78,--,0,0,卖盘
701,13:22:22,28.78,--,0,0,中性盘
702,13:22:07,28.78,0.05,2,5756,卖盘
703,13:21:46,28.73,--,0,0,卖盘
704,13:21:37,28.73,--,5,14365,买盘
705,13:21:31,28.73,-0.07,26,74698,卖盘
706,13:21:22,28.8,--,3,8640,买盘
707,13:21:16,28.8,--,10,28800,买盘
708,13:21:01,28.8,--,0,0,买盘
709,13:20:46,28.8,--,9,25920,买盘
710,13:20:40,28.8,0.09,45,129600,买盘
711,13:20:25,28.71,0.01,5,14355,卖盘
712,13:20:07,28.7,--,0,0,卖盘
713,13:19:46,28.7,--,9,25830,卖盘
714,13:19:40,28.7,--,30,86100,卖盘
715,13:19:22,28.7,--,44,129035,买盘
716,13:19:10,28.7,--,63,180810,买盘
717,13:19:07,28.7,--,0,0,买盘
718,13:19:01,28.7,--,8,22960,卖盘
719,13:18:51,28.7,--,0,0,卖盘
720,13:18:46,28.7,-0.03,20,57400,卖盘
721,13:18:36,28.73,0.03,13,37349,买盘
722,13:18:31,28.7,--,0,0,卖盘
723,13:18:21,28.7,-0.03,40,114800,卖盘
724,13:18:16,28.73,--,7,20111,买盘
725,13:18:10,28.73,--,3,8619,买盘
726,13:18:01,28.73,0.03,1,2873,买盘
727,13:17:55,28.7,-0.03,110,315700,卖盘
728,13:17:46,28.73,-0.01,52,149396,卖盘
729,13:17:40,28.74,--,0,0,买盘
730,13:17:36,28.74,--,3,8622,买盘
731,13:17:31,28.74,-0.01,4,11496,买盘
732,13:17:19,28.75,--,26,74750,卖盘
733,13:16:55,28.75,-0.03,10,28750,卖盘
734,13:16:34,28.78,-0.02,5,14390,卖盘
735,13:16:31,28.8,--,53,152640,买盘
736,13:16:16,28.8,--,8,23040,买盘
737,13:16:10,28.8,--,2,5760,买盘
738,13:16:01,28.8,-0.01,32,92160,卖盘
739,13:15:55,28.81,0.01,1,2881,买盘
740,13:15:49,28.8,-0.01,7,20160,卖盘
741,13:15:46,28.81,0.01,4,11524,买盘
742,13:15:40,28.8,-0.01,40,115200,卖盘
743,13:15:34,28.81,0.01,51,146931,买盘
744,13:15:19,28.8,--,49,141120,买盘
745,13:14:55,28.8,0.01,2,5760,买盘
746,13:14:49,28.79,0.01,10,28790,卖盘
747,13:14:40,28.78,-0.01,100,287800,卖盘
748,13:14:25,28.79,--,65,187135,卖盘
749,13:14:19,28.79,--,9,25911,买盘
750,13:14:16,28.79,0.01,21,60459,买盘
751,13:14:10,28.78,--,12,34536,买盘
752,13:13:55,28.78,--,3,8634,买盘
753,13:13:49,28.78,--,0,0,买盘
754,13:13:19,28.78,0.02,1,2878,买盘
755,13:13:04,28.76,--,5,14380,卖盘
756,13:12:55,28.76,--,7,20132,卖盘
757,13:12:45,28.76,--,0,0,卖盘
758,13:12:19,28.76,-0.04,6,17256,卖盘
759,13:12:10,28.8,--,0,0,买盘
760,13:11:55,28.8,0.04,4,11520,买盘
761,13:11:49,28.76,-0.04,1,2876,卖盘
762,13:11:34,28.8,0.03,100,288000,买盘
763,13:11:25,28.77,--,102,293454,卖盘
764,13:11:10,28.77,--,19,54663,买盘
765,13:11:04,28.77,--,31,89187,卖盘
766,13:10:30,28.77,--,0,0,卖盘
767,13:10:25,28.77,-0.03,1,2877,卖盘
768,13:09:40,28.8,0.05,5,14400,买盘
769,13:09:28,28.75,-0.01,50,143750,卖盘
770,13:09:04,28.76,-0.01,12,34512,卖盘
771,13:08:58,28.77,0.01,10,28770,卖盘
772,13:08:49,28.76,--,0,0,卖盘
773,13:08:43,28.76,--,3,8628,卖盘
774,13:08:19,28.76,-0.03,2,5752,卖盘
775,13:08:10,28.79,0.03,3,8637,买盘
776,13:07:55,28.76,--,3,8628,卖盘
777,13:07:43,28.76,--,15,43140,卖盘
778,13:07:34,28.76,--,17,48892,卖盘
779,13:07:28,28.76,--,2,5752,卖盘
780,13:07:13,28.76,--,9,25884,卖盘
781,13:06:13,28.76,0.01,3,8628,卖盘
782,13:06:04,28.75,--,0,0,卖盘
783,13:05:49,28.75,-0.05,25,71875,卖盘
784,13:05:43,28.8,--,2,5760,卖盘
785,13:05:28,28.8,--,1,2880,卖盘
786,13:04:58,28.8,-0.01,1,2880,卖盘
787,13:04:54,28.81,--,1,2881,买盘
788,13:04:49,28.81,--,37,106597,卖盘
789,13:04:43,28.81,-0.01,1,2881,卖盘
790,13:04:34,28.82,0.01,5,14410,买盘
791,13:04:28,28.81,-0.01,1,2881,卖盘
792,13:04:19,28.82,0.01,10,28820,买盘
793,13:04:13,28.81,--,23,66263,中性盘
794,13:04:09,28.81,--,10,28810,卖盘
795,13:03:49,28.81,0.01,10,28810,买盘
796,13:03:43,28.8,--,1,2880,卖盘
797,13:03:13,28.8,--,3,8640,买盘
798,13:02:58,28.8,0.07,5,14400,买盘
799,13:02:43,28.73,--,0,0,卖盘
800,13:02:37,28.73,--,0,0,卖盘
801,13:02:22,28.73,-0.09,4,11492,卖盘
802,13:02:13,28.82,0.07,174,501468,买盘
803,13:01:37,28.75,--,5,14375,买盘
804,13:01:28,28.75,-0.04,19,54625,卖盘
805,13:01:07,28.79,--,0,0,中性盘
806,13:01:04,28.79,--,0,0,卖盘
807,13:00:52,28.79,--,10,28790,中性盘
808,13:00:49,28.79,-0.01,6,17274,卖盘
809,13:00:22,28.8,0.02,1,2880,买盘
810,13:00:13,28.78,0.01,32,92096,买盘
811,13:00:07,28.77,-0.04,267,769885,卖盘
812,13:00:04,28.81,0.01,5,14405,买盘
813,11:30:00,28.8,--,0,0,卖盘
814,11:30:00,28.8,--,0,0,卖盘
815,11:29:44,28.8,--,3,8640,卖盘
816,11:29:32,28.8,0.05,261,752832,买盘
817,11:29:17,28.75,--,1,2875,卖盘
818,11:29:14,28.75,0.01,126,362250,买盘
819,11:29:08,28.74,--,37,106338,买盘
820,11:29:02,28.74,0.01,10,28740,买盘
821,11:28:44,28.73,--,20,57460,买盘
822,11:28:08,28.73,--,117,336141,买盘
823,11:28:02,28.73,--,1,2873,买盘
824,11:27:59,28.73,--,58,166634,买盘
825,11:27:53,28.73,--,1,2873,买盘
826,11:27:47,28.73,--,1,2873,买盘
827,11:27:44,28.73,0.02,3,8619,买盘
828,11:27:32,28.71,--,0,0,卖盘
829,11:27:29,28.71,-0.02,2,5742,卖盘
830,11:27:17,28.73,--,0,0,买盘
831,11:27:08,28.73,0.02,3,8619,买盘
832,11:26:59,28.71,-0.01,24,68904,卖盘
833,11:26:23,28.72,--,0,0,中性盘
834,11:26:17,28.72,--,0,0,卖盘
835,11:26:08,28.72,0.01,22,63184,买盘
836,11:26:02,28.71,0.01,12,34452,卖盘
837,11:25:32,28.7,--,0,0,卖盘
838,11:25:08,28.7,--,0,0,中性盘
839,11:24:58,28.7,--,0,0,中性盘
840,11:24:47,28.7,0.01,1,2870,买盘
841,11:24:43,28.69,0.01,10,28690,中性盘
842,11:24:38,28.68,-0.01,40,114720,中性盘
843,11:24:32,28.69,0.01,12,34428,卖盘
844,11:24:23,28.68,--,0,0,卖盘
845,11:24:17,28.68,-0.02,1,2868,卖盘
846,11:24:13,28.7,0.02,1,2870,买盘
847,11:23:26,28.68,--,0,0,卖盘
848,11:23:23,28.68,--,1,2868,卖盘
849,11:23:17,28.68,--,0,0,卖盘
850,11:23:08,28.68,--,0,0,中性盘
851,11:23:02,28.68,0.02,10,28680,卖盘
852,11:22:47,28.66,--,0,0,卖盘
853,11:22:23,28.66,--,0,0,卖盘
854,11:21:47,28.66,-0.04,2,5732,卖盘
855,11:21:32,28.7,--,0,0,买盘
856,11:21:26,28.7,0.05,2,5740,买盘
857,11:21:08,28.65,--,0,0,卖盘
858,11:20:56,28.65,-0.01,160,458400,卖盘
859,11:20:47,28.66,-0.08,100,286600,卖盘
860,11:20:37,28.74,0.04,8,22992,买盘
861,11:20:32,28.7,--,3,8610,买盘
862,11:20:08,28.7,--,19,54530,卖盘
863,11:20:02,28.7,--,2,5740,卖盘
864,11:19:56,28.7,--,4,11480,卖盘
865,11:19:53,28.7,--,6,17220,卖盘
866,11:19:47,28.7,0.01,3,8610,卖盘
867,11:19:41,28.69,-0.01,65,186485,卖盘
868,11:19:17,28.7,-0.03,150,430500,卖盘
869,11:19:11,28.73,--,1,2873,卖盘
870,11:19:02,28.73,--,11,31603,卖盘
871,11:18:52,28.73,-0.01,5,14365,卖盘
872,11:18:32,28.74,--,3,8622,买盘
873,11:18:22,28.74,--,3,8622,买盘
874,11:18:17,28.74,-0.01,34,97716,卖盘
875,11:18:07,28.75,--,3,8625,买盘
876,11:18:02,28.75,--,1,2875,买盘
877,11:17:41,28.75,--,6,17250,买盘
878,11:17:37,28.75,--,81,232875,买盘
879,11:17:32,28.75,--,7,20125,卖盘
880,11:17:26,28.75,--,22,63250,买盘
881,11:17:22,28.75,--,30,86250,买盘
882,11:17:02,28.75,--,1,2875,买盘
883,11:16:52,28.75,--,10,28750,买盘
884,11:16:35,28.75,--,27,77625,买盘
885,11:16:32,28.75,--,10,28750,买盘
886,11:16:02,28.75,--,1,2875,中性盘
887,11:15:56,28.75,--,73,209875,买盘
888,11:15:47,28.75,--,30,86250,卖盘
889,11:15:17,28.75,--,4,11500,卖盘
890,11:15:02,28.75,0.01,148,425500,买盘
891,11:14:56,28.74,--,8,22992,卖盘
892,11:14:41,28.74,--,19,54606,买盘
893,11:14:31,28.74,--,1,2874,买盘
894,11:14:05,28.74,-0.01,1,2874,卖盘
895,11:14:01,28.75,0.01,8,23000,买盘
896,11:13:56,28.74,-0.01,3,8622,卖盘
897,11:13:50,28.75,--,1,2875,买盘
898,11:13:41,28.75,--,0,0,买盘
899,11:13:35,28.75,--,4,11500,买盘
900,11:13:26,28.75,-0.01,45,129375,卖盘
901,11:13:20,28.76,--,0,0,中性盘
902,11:13:16,28.76,-0.01,21,60396,卖盘
903,11:13:01,28.77,--,0,0,中性盘
904,11:12:56,28.77,0.01,1,2877,买盘
905,11:12:46,28.76,--,0,0,卖盘
906,11:12:41,28.76,--,0,0,中性盘
907,11:12:26,28.76,--,1,2876,买盘
908,11:12:16,28.76,0.04,1,2876,买盘
909,11:12:01,28.72,--,0,0,中性盘
910,11:11:56,28.72,--,5,14360,买盘
911,11:11:41,28.72,-0.06,52,149344,卖盘
912,11:11:35,28.78,--,5,14390,买盘
913,11:11:26,28.78,--,1,2878,买盘
914,11:11:16,28.78,--,2,5756,买盘
915,11:11:05,28.78,--,2,5756,买盘
916,11:10:46,28.78,--,3,8634,卖盘
917,11:10:35,28.78,--,25,71950,买盘
918,11:10:31,28.78,--,5,14390,卖盘
919,11:10:26,28.78,--,15,43170,卖盘
920,11:10:20,28.78,--,6,17268,卖盘
921,11:10:11,28.78,--,4,11512,卖盘
922,11:10:01,28.78,--,1,2878,卖盘
923,11:09:46,28.78,--,0,0,卖盘
924,11:09:41,28.78,-0.01,50,143900,卖盘
925,11:09:26,28.79,--,3,8637,卖盘
926,11:08:59,28.79,--,5,14395,卖盘
927,11:08:56,28.79,-0.01,20,57580,卖盘
928,11:08:50,28.8,0.01,2,5760,买盘
929,11:08:44,28.79,--,10,28790,卖盘
930,11:08:40,28.79,--,3,8637,卖盘
931,11:08:35,28.79,--,6,17274,卖盘
932,11:08:25,28.79,-0.01,3,8637,卖盘
933,11:08:20,28.8,0.01,5,14400,买盘
934,11:08:10,28.79,--,2,5758,卖盘
935,11:08:05,28.79,--,49,141071,卖盘
936,11:07:55,28.79,--,7,20153,卖盘
937,11:07:25,28.79,--,9,25911,卖盘
938,11:07:10,28.79,--,185,532615,卖盘
939,11:07:05,28.79,--,5,14395,卖盘
940,11:06:59,28.79,--,3,8637,卖盘
941,11:06:55,28.79,--,20,57580,卖盘
942,11:06:50,28.79,--,1,2879,卖盘
943,11:06:44,28.79,--,2,5758,卖盘
944,11:06:40,28.79,--,12,34548,卖盘
945,11:06:35,28.79,--,3,8637,卖盘
946,11:06:25,28.79,-0.01,3,8637,卖盘
947,11:06:20,28.8,--,40,115200,买盘
948,11:06:14,28.8,--,1,2880,买盘
949,11:06:05,28.8,--,2,5760,买盘
950,11:05:55,28.8,0.01,1,2880,买盘
951,11:05:50,28.79,0.01,4,11516,买盘
952,11:05:20,28.78,0.02,1,2878,卖盘
953,11:05:14,28.76,--,0,0,卖盘
954,11:05:10,28.76,--,10,28760,卖盘
955,11:04:59,28.76,--,1,2876,卖盘
956,11:04:50,28.76,-0.04,3,8628,卖盘
957,11:04:44,28.8,--,0,0,买盘
958,11:04:35,28.8,--,1,2880,买盘
959,11:04:29,28.8,--,7,20160,买盘
960,11:04:20,28.8,--,0,0,买盘
961,11:04:14,28.8,--,1,2880,买盘
962,11:04:05,28.8,--,8,23040,买盘
963,11:03:59,28.8,--,0,0,买盘
964,11:03:50,28.8,0.03,1,2880,买盘
965,11:03:44,28.77,--,0,0,卖盘
966,11:03:29,28.77,-0.03,30,86310,卖盘
967,11:03:20,28.8,0.01,1,2880,买盘
968,11:03:14,28.79,-0.01,15,43185,卖盘
969,11:03:10,28.8,0.02,1,2880,买盘
970,11:03:05,28.78,-0.01,2,5756,卖盘
971,11:02:59,28.79,--,7,20153,卖盘
972,11:02:55,28.79,-0.01,1,2879,卖盘
973,11:02:50,28.8,0.01,1,2880,买盘
974,11:02:44,28.79,--,1,2879,卖盘
975,11:02:40,28.79,0.01,13,37427,买盘
976,11:02:35,28.78,--,2,5756,卖盘
977,11:02:20,28.78,--,4,11512,卖盘
978,11:02:14,28.78,--,0,0,中性盘
979,11:02:05,28.78,-0.01,1,2878,买盘
980,11:01:59,28.79,--,0,0,买盘
981,11:01:50,28.79,0.04,2,5758,买盘
982,11:01:38,28.75,--,0,0,卖盘
983,11:01:34,28.75,--,0,0,卖盘
984,11:01:29,28.75,-0.02,50,143750,卖盘
985,11:01:14,28.77,-0.03,5,14385,卖盘
986,11:01:04,28.8,0.01,12,34560,买盘
987,11:00:49,28.79,--,13,37427,买盘
988,11:00:44,28.79,--,1,2879,买盘
989,11:00:38,28.79,--,4,11516,买盘
990,11:00:34,28.79,--,1,2879,买盘
991,11:00:19,28.79,-0.01,25,71975,卖盘
992,11:00:14,28.8,-0.01,67,192960,卖盘
993,11:00:08,28.81,0.01,3,8643,买盘
994,11:00:04,28.8,-0.01,19,54720,卖盘
995,10:59:53,28.81,--,2,5762,买盘
996,10:59:43,28.81,--,1,2881,买盘
997,10:59:38,28.81,-0.01,59,169979,卖盘
998,10:59:29,28.82,0.01,6,17292,买盘
999,10:59:19,28.81,--,1,2881,买盘
1000,10:59:14,28.81,--,2,5762,买盘
1001,10:59:04,28.81,--,19,54739,中性盘
1002,10:58:59,28.81,-0.01,1,2881,卖盘
1003,10:58:53,28.82,0.02,1,2882,买盘
1004,10:58:49,28.8,--,0,0,卖盘
1005,10:58:38,28.8,--,23,66240,卖盘
1006,10:58:34,28.8,--,14,40320,买盘
1007,10:58:28,28.8,--,2,5760,买盘
1008,10:58:23,28.8,0.01,26,74880,买盘
1009,10:58:13,28.79,0.02,37,106523,买盘
1010,10:58:08,28.77,--,23,66171,卖盘
1011,10:57:38,28.77,--,32,92064,卖盘
1012,10:57:29,28.77,-0.01,7,20139,卖盘
1013,10:57:23,28.78,0.01,2,5756,买盘
1014,10:57:14,28.77,-0.01,3,8631,卖盘
1015,10:57:04,28.78,--,1,2878,买盘
1016,10:56:49,28.78,--,3,8634,卖盘
1017,10:56:43,28.78,--,3,8634,卖盘
1018,10:56:38,28.78,-0.01,15,43170,卖盘
1019,10:56:22,28.79,0.01,1,2879,买盘
1020,10:55:58,28.78,-0.01,109,313702,卖盘
1021,10:55:38,28.79,0.01,1,2879,买盘
1022,10:55:22,28.78,-0.01,5,14390,卖盘
1023,10:55:13,28.79,--,2,5758,买盘
1024,10:55:08,28.79,0.01,1,2879,买盘
1025,10:55:01,28.78,--,1,2878,买盘
1026,10:54:46,28.78,--,5,14390,买盘
1027,10:54:37,28.78,-0.02,8,23024,卖盘
1028,10:54:31,28.8,--,1,2880,买盘
1029,10:54:22,28.8,0.02,2,5760,买盘
1030,10:54:07,28.78,-0.02,1,2878,卖盘
1031,10:54:01,28.8,-0.01,1,2880,中性盘
1032,10:53:52,28.81,--,0,0,买盘
1033,10:53:46,28.81,--,0,0,买盘
1034,10:53:37,28.81,0.01,11,31691,买盘
1035,10:53:31,28.8,0.03,15,43200,卖盘
1036,10:53:22,28.77,-0.04,50,143850,卖盘
1037,10:53:13,28.81,--,1,2881,买盘
1038,10:53:01,28.81,-0.02,50,144050,卖盘
1039,10:52:58,28.83,--,5,14415,卖盘
1040,10:52:43,28.83,-0.01,3,8649,中性盘
1041,10:52:37,28.84,0.03,81,233604,买盘
1042,10:52:31,28.81,--,0,0,卖盘
1043,10:52:28,28.81,-0.02,10,28810,卖盘
1044,10:52:22,28.83,0.02,3,8649,买盘
1045,10:52:16,28.81,-0.02,5,14405,卖盘
1046,10:52:07,28.83,--,9,25947,买盘
1047,10:52:01,28.83,0.01,8,23064,买盘
1048,10:51:58,28.82,-0.01,10,28820,中性盘
1049,10:51:52,28.83,--,16,46128,中性盘
1050,10:51:46,28.83,--,0,0,卖盘
1051,10:51:37,28.83,--,35,100905,买盘
1052,10:51:31,28.83,0.02,15,43245,买盘
1053,10:51:28,28.81,--,3,8643,卖盘
1054,10:51:22,28.81,-0.02,6,17286,中性盘
1055,10:51:16,28.83,0.01,20,57660,买盘
1056,10:51:07,28.82,0.02,4,11528,买盘
1057,10:51:01,28.8,--,12,34560,卖盘
1058,10:50:58,28.8,--,1,2880,卖盘
1059,10:50:52,28.8,--,130,374400,买盘
1060,10:50:46,28.8,--,58,167040,买盘
1061,10:50:43,28.8,--,0,0,买盘
1062,10:50:37,28.8,--,1,2880,买盘
1063,10:50:31,28.8,--,10,28800,买盘
1064,10:50:28,28.8,--,2,5760,买盘
1065,10:50:22,28.8,0.03,65,187200,买盘
1066,10:50:16,28.77,-0.01,14,40278,中性盘
1067,10:50:13,28.78,--,3,8634,买盘
1068,10:50:07,28.78,0.01,6,17268,买盘
1069,10:50:01,28.77,-0.01,5,14385,中性盘
1070,10:49:58,28.78,--,1,2878,买盘
1071,10:49:43,28.78,--,5,14390,买盘
1072,10:49:37,28.78,-0.01,2,5756,买盘
1073,10:49:31,28.79,--,0,0,买盘
1074,10:49:28,28.79,0.04,5,14395,买盘
1075,10:49:22,28.75,-0.04,1,2875,卖盘
1076,10:49:07,28.79,0.03,2,5758,买盘
1077,10:49:01,28.76,--,38,109288,卖盘
1078,10:48:46,28.76,-0.03,3,8628,卖盘
1079,10:48:43,28.79,--,0,0,买盘
1080,10:48:27,28.79,--,6,17274,买盘
1081,10:48:16,28.79,-0.01,10,28790,中性盘
1082,10:48:01,28.8,--,0,0,买盘
1083,10:47:52,28.8,--,29,83520,卖盘
1084,10:47:46,28.8,--,1,2880,买盘
1085,10:47:31,28.8,0.06,153,440640,买盘
1086,10:47:25,28.74,-0.06,23,66102,卖盘
1087,10:47:22,28.8,0.06,600,1728000,买盘
1088,10:47:07,28.74,--,161,462714,卖盘
1089,10:46:55,28.74,--,1,2874,卖盘
1090,10:46:52,28.74,-0.01,5,14370,卖盘
1091,10:46:37,28.75,--,29,83375,买盘
1092,10:46:31,28.75,--,26,74750,卖盘
1093,10:46:25,28.75,-0.01,6,17250,卖盘
1094,10:46:22,28.76,--,1,2876,买盘
1095,10:46:16,28.76,--,1,2876,买盘
1096,10:46:10,28.76,--,5,14380,买盘
1097,10:46:07,28.76,-0.01,8,23008,买盘
1098,10:45:52,28.77,--,0,0,买盘
1099,10:45:46,28.77,--,0,0,买盘
1100,10:45:40,28.77,0.02,48,138096,买盘
1101,10:45:37,28.75,0.01,41,117875,买盘
1102,10:45:25,28.74,--,4,11496,卖盘
1103,10:45:22,28.74,--,24,68976,卖盘
1104,10:45:16,28.74,0.04,55,158070,买盘
1105,10:45:07,28.7,--,0,0,卖盘
1106,10:44:55,28.7,-0.04,5,14350,卖盘
1107,10:44:52,28.74,-0.01,2,5748,买盘
1108,10:44:40,28.75,0.01,10,28750,买盘
1109,10:44:31,28.74,--,33,94842,卖盘
1110,10:44:25,28.74,--,25,71850,卖盘
1111,10:44:16,28.74,-0.01,7,20118,卖盘
1112,10:44:10,28.75,--,6,17250,买盘
1113,10:44:07,28.75,--,3,8625,买盘
1114,10:44:01,28.75,-0.02,63,181125,卖盘
1115,10:43:55,28.77,0.01,7,20139,买盘
1116,10:43:52,28.76,0.01,54,155304,买盘
1117,10:43:46,28.75,--,1,2875,买盘
1118,10:43:40,28.75,0.01,1,2875,买盘
1119,10:43:31,28.74,-0.02,5,14370,中性盘
1120,10:43:25,28.76,0.01,68,195568,买盘
1121,10:43:22,28.75,--,21,60375,买盘
1122,10:43:16,28.75,--,24,69000,买盘
1123,10:43:07,28.75,0.01,1,2875,买盘
1124,10:43:01,28.74,--,30,86220,买盘
1125,10:42:40,28.74,--,0,0,买盘
1126,10:42:25,28.74,--,2,5748,卖盘
1127,10:42:16,28.74,0.06,24,68976,买盘
1128,10:42:10,28.68,-0.06,10,30974,卖盘
1129,10:42:01,28.74,0.06,2,5748,买盘
1130,10:41:55,28.68,-0.06,50,143400,卖盘
1131,10:41:51,28.74,0.05,7,20118,买盘
1132,10:41:46,28.69,-0.05,10,28690,卖盘
1133,10:41:40,28.74,0.05,1,2874,买盘
1134,10:41:36,28.69,--,0,0,中性盘
1135,10:41:31,28.69,--,0,0,卖盘
1136,10:41:25,28.69,-0.05,4,11476,卖盘
1137,10:41:21,28.74,--,0,0,买盘
1138,10:41:16,28.74,0.05,1,2874,买盘
1139,10:41:10,28.69,-0.05,11,31559,卖盘
1140,10:41:06,28.74,0.05,7,20118,买盘
1141,10:40:55,28.69,0.01,1,2869,卖盘
1142,10:40:51,28.68,--,0,0,卖盘
1143,10:40:40,28.68,-0.07,4,11472,卖盘
1144,10:40:36,28.75,0.06,501,1440375,买盘
1145,10:40:31,28.69,--,2,5738,买盘
1146,10:40:25,28.69,--,2,5738,买盘
1147,10:40:16,28.69,0.01,363,1041447,买盘
1148,10:40:06,28.68,-0.01,9,25812,买盘
1149,10:40:01,28.69,--,0,0,买盘
1150,10:39:55,28.69,--,0,0,中性盘
1151,10:39:49,28.69,--,1,2869,买盘
1152,10:39:40,28.69,--,105,301245,卖盘
1153,10:39:31,28.69,0.04,279,800451,买盘
1154,10:39:25,28.65,--,30,85950,卖盘
1155,10:39:19,28.65,--,0,0,卖盘
1156,10:39:10,28.65,-0.02,19,54435,买盘
1157,10:39:04,28.67,--,0,0,买盘
1158,10:38:49,28.67,0.06,140,401380,买盘
1159,10:38:46,28.61,-0.07,14,40054,卖盘
1160,10:38:25,28.68,--,221,633828,买盘
1161,10:38:16,28.68,0.07,2,5736,买盘
1162,10:38:10,28.61,-0.08,21,60081,卖盘
1163,10:37:40,28.69,--,0,0,买盘
1164,10:37:34,28.69,--,3,8607,买盘
1165,10:37:25,28.69,--,1,2869,买盘
1166,10:37:16,28.69,0.08,1,2869,买盘
1167,10:37:04,28.61,--,0,0,卖盘
1168,10:36:55,28.61,0.01,3,8583,卖盘
1169,10:36:16,28.6,--,0,0,卖盘
1170,10:36:10,28.6,--,15,42900,买盘
1171,10:36:04,28.6,--,5,14300,买盘
1172,10:36:01,28.6,--,2,5720,买盘
1173,10:35:55,28.6,-0.11,78,223080,卖盘
1174,10:35:49,28.71,--,55,157905,买盘
1175,10:35:46,28.71,0.04,31,89001,买盘
1176,10:35:40,28.67,-0.03,19,54473,卖盘
1177,10:35:34,28.7,--,0,0,买盘
1178,10:35:30,28.7,--,0,0,买盘
1179,10:35:25,28.7,-0.01,3,8610,卖盘
1180,10:35:16,28.71,--,8,22968,买盘
1181,10:35:10,28.71,--,5,14355,卖盘
1182,10:35:04,28.71,--,41,117711,卖盘
1183,10:35:00,28.71,--,5,14355,卖盘
1184,10:34:55,28.71,--,4,11484,卖盘
1185,10:34:40,28.71,-0.01,4,11484,卖盘
1186,10:34:34,28.72,0.01,19,54568,买盘
1187,10:34:25,28.71,--,3,8613,卖盘
1188,10:34:19,28.71,0.01,7,20097,买盘
1189,10:34:00,28.7,--,12,34440,卖盘
1190,10:33:55,28.7,0.03,109,312830,买盘
1191,10:33:45,28.67,-0.01,9,25803,卖盘
1192,10:33:40,28.68,--,10,28680,买盘
1193,10:33:30,28.68,0.01,2,5736,买盘
1194,10:33:25,28.67,--,7,20069,卖盘
1195,10:33:19,28.67,-0.01,1,2867,卖盘
1196,10:33:15,28.68,0.01,1,2868,买盘
1197,10:33:10,28.67,0.01,19,54473,买盘
1198,10:33:04,28.66,--,15,42990,卖盘
1199,10:32:55,28.66,--,12,34392,买盘
1200,10:32:40,28.66,--,1,2866,买盘
1201,10:32:25,28.66,0.04,296,848336,买盘
1202,10:32:19,28.62,--,2,5724,买盘
1203,10:32:10,28.62,--,10,28620,买盘
1204,10:32:04,28.62,0.01,11,31482,卖盘
1205,10:31:40,28.61,--,0,0,卖盘
1206,10:31:34,28.61,-0.02,10,28610,卖盘
1207,10:31:25,28.63,-0.01,51,146013,卖盘
1208,10:31:19,28.64,0.02,57,163248,买盘
1209,10:31:10,28.62,--,2,5724,买盘
1210,10:31:04,28.62,0.01,1,2862,买盘
1211,10:30:58,28.61,--,37,105857,买盘
1212,10:30:49,28.61,--,3,8583,买盘
1213,10:30:43,28.61,0.01,4,11444,买盘
1214,10:30:40,28.6,--,15,42900,买盘
1215,10:30:34,28.6,--,2,5720,买盘
1216,10:30:28,28.6,--,5,14300,买盘
1217,10:30:25,28.6,--,2,5720,买盘
1218,10:30:19,28.6,0.01,3,8580,买盘
1219,10:30:13,28.59,0.02,5,14295,买盘
1220,10:29:58,28.57,-0.03,1,2857,卖盘
1221,10:29:49,28.6,--,4,11440,买盘
1222,10:29:34,28.6,--,20,57200,买盘
1223,10:29:25,28.6,--,31,88660,买盘
1224,10:29:13,28.6,-0.01,39,111540,卖盘
1225,10:29:04,28.61,-0.01,6,17166,卖盘
1226,10:28:58,28.62,0.01,12,34344,买盘
1227,10:28:49,28.61,-0.01,7,20027,卖盘
1228,10:28:40,28.62,--,57,163134,买盘
1229,10:28:34,28.62,--,26,74412,买盘
1230,10:28:28,28.62,--,30,85860,买盘
1231,10:28:25,28.62,--,12,34344,买盘
1232,10:28:19,28.62,--,36,103032,买盘
1233,10:28:13,28.62,--,1,2862,买盘
1234,10:28:09,28.62,-0.01,3,8586,中性盘
1235,10:28:04,28.63,--,1,2863,买盘
1236,10:27:58,28.63,--,3,8589,买盘
1237,10:27:55,28.63,0.03,1,2863,买盘
1238,10:27:49,28.6,--,1,2860,买盘
1239,10:27:43,28.6,0.03,1,2860,买盘
1240,10:27:34,28.57,-0.03,10,28570,卖盘
1241,10:27:24,28.6,0.03,1,2860,买盘
1242,10:27:19,28.57,-0.03,10,28570,卖盘
1243,10:27:04,28.6,--,2,5720,买盘
1244,10:26:58,28.6,0.03,1,2860,买盘
1245,10:26:54,28.57,0.01,5,14285,卖盘
1246,10:26:49,28.56,--,0,0,卖盘
1247,10:26:43,28.56,-0.04,13,37128,卖盘
1248,10:26:34,28.6,--,1,2860,买盘
1249,10:26:28,28.6,--,172,491920,买盘
1250,10:26:24,28.6,0.04,1,2860,买盘
1251,10:26:19,28.56,--,12,34272,卖盘
1252,10:26:13,28.56,-0.04,10,28560,卖盘
1253,10:26:09,28.6,0.03,20,57200,买盘
1254,10:25:58,28.57,--,20,57140,卖盘
1255,10:25:43,28.57,--,13,37141,卖盘
1256,10:25:34,28.57,--,13,37141,卖盘
1257,10:25:28,28.57,--,26,74282,卖盘
1258,10:24:49,28.57,-0.03,31,88567,卖盘
1259,10:24:34,28.6,--,1,2860,买盘
1260,10:24:24,28.6,--,1,2860,买盘
1261,10:24:09,28.6,--,12,34320,卖盘
1262,10:23:58,28.6,--,30,85800,卖盘
1263,10:23:49,28.6,--,20,57200,卖盘
1264,10:23:43,28.6,--,43,122980,卖盘
1265,10:23:34,28.6,--,6,17160,卖盘
1266,10:23:24,28.6,-0.02,2,5720,卖盘
1267,10:23:07,28.62,-0.01,6,17172,卖盘
1268,10:22:52,28.63,--,27,77301,卖盘
1269,10:22:43,28.63,0.01,3,8589,卖盘
1270,10:22:37,28.62,--,0,0,卖盘
1271,10:22:34,28.62,-0.01,10,28620,卖盘
1272,10:22:28,28.63,--,4,11452,卖盘
1273,10:22:22,28.63,--,5,14315,卖盘
1274,10:22:19,28.63,--,10,28630,卖盘
1275,10:22:13,28.63,0.01,8,22904,卖盘
1276,10:22:04,28.62,-0.01,5,14310,卖盘
1277,10:21:58,28.63,--,40,114520,卖盘
1278,10:21:52,28.63,--,15,42945,买盘
1279,10:21:49,28.63,--,1,2863,买盘
1280,10:21:37,28.63,--,2,5726,买盘
1281,10:21:28,28.63,--,1,2863,买盘
1282,10:21:22,28.63,--,2,5726,买盘
1283,10:21:18,28.63,--,0,0,买盘
1284,10:21:13,28.63,0.03,2,5726,买盘
1285,10:21:07,28.6,-0.02,56,160160,卖盘
1286,10:21:03,28.62,0.02,3,8586,买盘
1287,10:20:58,28.6,--,20,57200,卖盘
1288,10:20:48,28.6,--,2,5720,卖盘
1289,10:20:37,28.6,0.03,9,25740,买盘
1290,10:20:33,28.57,-0.03,4,11428,卖盘
1291,10:20:22,28.6,--,14,40040,买盘
1292,10:20:13,28.6,0.03,1,2860,买盘
1293,10:19:58,28.57,-0.03,20,57140,卖盘
1294,10:19:37,28.6,--,1,2860,买盘
1295,10:19:22,28.6,-0.03,1,2860,买盘
1296,10:19:03,28.63,--,0,0,买盘
1297,10:18:58,28.63,--,15,42945,卖盘
1298,10:18:48,28.63,0.03,36,103068,买盘
1299,10:18:43,28.6,-0.03,24,68640,卖盘
1300,10:18:37,28.63,-0.01,11,31493,卖盘
1301,10:18:33,28.64,--,9,25776,买盘
1302,10:18:28,28.64,0.01,30,85920,买盘
1303,10:18:22,28.63,--,1,2863,卖盘
1304,10:18:13,28.63,--,15,42945,卖盘
1305,10:18:07,28.63,-0.02,1,2863,卖盘
1306,10:17:48,28.65,--,0,0,买盘
1307,10:17:37,28.65,--,7,20055,买盘
1308,10:17:28,28.65,--,50,143250,买盘
1309,10:17:22,28.65,--,101,289365,买盘
1310,10:17:18,28.65,0.05,15,42975,买盘
1311,10:17:13,28.6,--,0,0,中性盘
1312,10:17:07,28.6,--,0,0,中性盘
1313,10:16:48,28.6,-0.06,5,14300,卖盘
1314,10:16:43,28.66,--,0,0,买盘
1315,10:16:37,28.66,0.06,33,94578,买盘
1316,10:16:33,28.6,-0.05,32,91520,卖盘
1317,10:16:22,28.65,0.03,496,1421040,买盘
1318,10:16:07,28.62,0.04,31,88722,买盘
1319,10:16:01,28.58,-0.02,46,131468,卖盘
1320,10:15:52,28.6,0.01,122,348920,买盘
1321,10:15:46,28.59,--,15,42885,买盘
1322,10:15:43,28.59,--,2,5718,买盘
1323,10:15:37,28.59,--,1,2859,买盘
1324,10:15:31,28.59,--,1,2859,中性盘
1325,10:15:22,28.59,--,5,14295,买盘
1326,10:15:16,28.59,0.01,1,2859,买盘
1327,10:15:07,28.58,--,30,85740,卖盘
1328,10:14:37,28.58,--,23,65734,卖盘
1329,10:14:31,28.58,0.04,96,274368,买盘
1330,10:14:01,28.54,-0.03,4,11416,卖盘
1331,10:13:57,28.57,0.02,5,14285,买盘
1332,10:13:52,28.55,-0.02,19,54245,卖盘
1333,10:13:46,28.57,--,7,19999,买盘
1334,10:13:37,28.57,--,1,2857,买盘
1335,10:13:31,28.57,--,6,17142,买盘
1336,10:13:22,28.57,--,33,94281,买盘
1337,10:13:16,28.57,-0.01,1,2857,买盘
1338,10:13:01,28.58,--,0,0,买盘
1339,10:12:52,28.58,--,1,2858,买盘
1340,10:12:37,28.58,--,1,2858,买盘
1341,10:12:31,28.58,--,0,0,买盘
1342,10:12:22,28.58,--,1,2858,买盘
1343,10:12:16,28.58,0.02,45,128609,买盘
1344,10:12:12,28.56,--,1,2856,买盘
1345,10:12:07,28.56,-0.03,73,208488,卖盘
1346,10:12:01,28.59,--,1,2859,买盘
1347,10:11:57,28.59,--,34,97206,买盘
1348,10:11:52,28.59,--,1,2859,买盘
1349,10:11:46,28.59,0.01,5,14295,买盘
1350,10:11:42,28.58,-0.01,13,37154,卖盘
1351,10:11:37,28.59,--,1,2859,买盘
1352,10:11:31,28.59,--,4,11436,买盘
1353,10:11:27,28.59,--,2,5718,买盘
1354,10:11:16,28.59,--,2,5718,买盘
1355,10:11:12,28.59,--,2,5718,买盘
1356,10:11:01,28.59,0.01,8,22872,买盘
1357,10:10:57,28.58,--,10,28580,卖盘
1358,10:10:46,28.58,--,1,2858,买盘
1359,10:10:42,28.58,--,1,2858,买盘
1360,10:10:37,28.58,--,1,2858,买盘
1361,10:10:31,28.58,--,2,5716,买盘
1362,10:10:27,28.58,0.01,1,2858,买盘
1363,10:10:16,28.57,--,16,45712,卖盘
1364,10:10:12,28.57,--,6,17142,买盘
1365,10:10:07,28.57,--,2,5714,买盘
1366,10:09:57,28.57,--,9,25713,买盘
1367,10:09:46,28.57,0.01,17,48569,买盘
1368,10:09:42,28.56,--,6,17136,卖盘
1369,10:09:31,28.56,--,20,57120,卖盘
1370,10:09:25,28.56,--,17,48552,买盘
1371,10:09:22,28.56,--,1,2856,买盘
1372,10:09:16,28.56,--,1,2856,买盘
1373,10:09:10,28.56,--,2,5712,买盘
1374,10:09:07,28.56,--,1,2856,买盘
1375,10:09:01,28.56,--,2,5712,买盘
1376,10:08:55,28.56,--,2,5712,买盘
1377,10:08:52,28.56,--,4,11424,买盘
1378,10:08:36,28.56,--,1,2856,买盘
1379,10:08:31,28.56,0.01,12,34272,买盘
1380,10:08:25,28.55,--,46,131330,买盘
1381,10:08:16,28.55,--,1,2855,买盘
1382,10:08:10,28.55,0.03,1,2855,买盘
1383,10:07:40,28.52,-0.03,50,142600,卖盘
1384,10:07:36,28.55,--,1,2855,买盘
1385,10:07:31,28.55,--,1,2855,买盘
1386,10:07:25,28.55,--,5,14275,卖盘
1387,10:07:16,28.55,--,3,8565,卖盘
1388,10:07:06,28.55,0.03,29,82795,买盘
1389,10:07:01,28.52,-0.03,100,285200,卖盘
1390,10:06:55,28.55,--,1,2855,买盘
1391,10:06:40,28.55,--,1,2855,买盘
1392,10:06:36,28.55,--,1,2855,买盘
1393,10:06:25,28.55,0.02,35,99925,买盘
1394,10:06:16,28.53,-0.01,10,28530,卖盘
1395,10:06:06,28.54,--,1,2854,买盘
1396,10:06:01,28.54,--,1,2854,买盘
1397,10:05:55,28.54,0.01,2,5708,买盘
1398,10:05:46,28.53,--,1,2853,卖盘
1399,10:05:21,28.53,--,0,0,卖盘
1400,10:05:15,28.53,-0.02,10,28530,卖盘
1401,10:05:10,28.55,--,20,57100,买盘
1402,10:05:06,28.55,0.01,22,62810,买盘
1403,10:05:01,28.54,--,29,82766,卖盘
1404,10:04:55,28.54,0.01,20,57080,买盘
1405,10:04:40,28.53,-0.01,2,5706,卖盘
1406,10:04:36,28.54,-0.01,5,14270,卖盘
1407,10:04:25,28.55,--,6,17130,买盘
1408,10:04:16,28.55,--,13,37115,买盘
1409,10:04:10,28.55,0.01,1,2855,买盘
1410,10:04:06,28.54,-0.01,11,31394,卖盘
1411,10:03:55,28.55,0.01,4,11420,买盘
1412,10:03:36,28.54,-0.01,7,19978,卖盘
1413,10:03:25,28.55,--,1,2855,买盘
1414,10:03:21,28.55,-0.01,2,5710,卖盘
1415,10:03:15,28.56,0.03,1,2856,买盘
1416,10:03:06,28.53,--,0,0,卖盘
1417,10:02:55,28.53,-0.02,103,293859,卖盘
1418,10:02:45,28.55,0.01,22,62810,买盘
1419,10:02:36,28.54,--,16,45664,买盘
1420,10:02:25,28.54,0.01,41,117014,买盘
1421,10:02:21,28.53,-0.01,26,74178,卖盘
1422,10:02:15,28.54,0.01,3,8562,买盘
1423,10:02:10,28.53,--,0,0,中性盘
1424,10:02:04,28.53,--,1,2853,买盘
1425,10:01:50,28.53,-0.01,2,5706,卖盘
1426,10:01:35,28.54,--,9,25686,卖盘
1427,10:01:30,28.54,--,14,39956,买盘
1428,10:01:25,28.54,--,1,2854,买盘
1429,10:01:19,28.54,--,50,142700,买盘
1430,10:01:15,28.54,--,2,5708,买盘
1431,10:01:10,28.54,0.01,4,11416,买盘
1432,10:01:04,28.53,--,3,8559,卖盘
1433,10:01:00,28.53,-0.01,5,14265,卖盘
1434,10:00:45,28.54,0.01,21,59934,买盘
1435,10:00:34,28.53,--,6,17118,买盘
1436,10:00:25,28.53,--,8,22824,买盘
1437,10:00:19,28.53,-0.01,15,42795,卖盘
1438,10:00:15,28.54,-0.01,24,68496,卖盘
1439,10:00:10,28.55,--,3,8565,买盘
1440,10:00:00,28.55,0.01,20,57100,买盘
1441,09:59:55,28.54,--,0,0,中性盘
1442,09:59:45,28.54,--,10,28540,买盘
1443,09:59:40,28.54,--,4,11416,买盘
1444,09:59:34,28.54,--,51,145554,买盘
1445,09:59:30,28.54,0.01,26,74204,买盘
1446,09:59:25,28.53,--,2,5706,买盘
1447,09:59:19,28.53,0.01,2,5706,买盘
1448,09:59:10,28.52,0.02,2,5704,买盘
1449,09:59:04,28.5,-0.01,12,34200,卖盘
1450,09:58:49,28.51,--,1,2851,买盘
1451,09:58:40,28.51,0.01,1,2851,买盘
1452,09:58:34,28.5,--,3,8550,卖盘
1453,09:58:30,28.5,--,55,156750,买盘
1454,09:58:24,28.5,--,4,11400,买盘
1455,09:58:19,28.5,--,2,5700,买盘
1456,09:58:15,28.5,--,0,0,买盘
1457,09:58:00,28.5,--,40,114000,卖盘
1458,09:57:54,28.5,--,0,0,卖盘
1459,09:57:49,28.5,-0.02,4,11400,卖盘
1460,09:57:45,28.52,0.02,5,14260,买盘
1461,09:57:34,28.5,--,1,2850,卖盘
1462,09:57:30,28.5,-0.03,4,11400,卖盘
1463,09:57:24,28.53,--,6,17118,买盘
1464,09:57:19,28.53,0.03,2,5706,买盘
1465,09:57:15,28.5,-0.02,2,5700,卖盘
1466,09:57:00,28.52,-0.01,1,2852,卖盘
1467,09:56:49,28.53,--,0,0,买盘
1468,09:56:45,28.53,0.03,3,8559,买盘
1469,09:56:39,28.5,-0.03,10,28500,卖盘
1470,09:56:34,28.53,-0.01,34,97002,卖盘
1471,09:56:30,28.54,--,12,34248,买盘
1472,09:56:24,28.54,--,11,31394,买盘
1473,09:56:19,28.54,--,6,17124,买盘
1474,09:56:15,28.54,-0.01,2,5708,卖盘
1475,09:56:09,28.55,--,1,2855,买盘
1476,09:56:04,28.55,--,7,19985,买盘
1477,09:56:00,28.55,0.02,4,11420,买盘
1478,09:55:54,28.53,--,36,102708,买盘
1479,09:55:49,28.53,--,2,5706,买盘
1480,09:55:45,28.53,--,2,5706,买盘
1481,09:55:39,28.53,--,11,31383,买盘
1482,09:55:34,28.53,--,12,34236,买盘
1483,09:55:30,28.53,--,4,11412,买盘
1484,09:55:24,28.53,--,2,5706,买盘
1485,09:55:19,28.53,--,7,19971,买盘
1486,09:55:14,28.53,-0.01,42,119826,卖盘
1487,09:55:04,28.54,-0.01,3,8562,卖盘
1488,09:54:49,28.55,--,30,85650,买盘
1489,09:54:44,28.55,--,2,5710,买盘
1490,09:54:29,28.55,--,9,25695,买盘
1491,09:54:24,28.55,--,1,2855,买盘
1492,09:54:19,28.55,--,4,11420,买盘
1493,09:54:14,28.55,--,3,8565,买盘
1494,09:54:09,28.55,0.01,50,142750,买盘
1495,09:53:59,28.54,-0.01,3,8562,卖盘
1496,09:53:39,28.55,--,30,85650,买盘
1497,09:53:28,28.55,0.01,27,77085,买盘
1498,09:53:19,28.54,--,18,51372,买盘
1499,09:53:13,28.54,--,2,5708,买盘
1500,09:52:58,28.54,0.01,9,25686,卖盘
1501,09:52:49,28.53,--,4,11412,卖盘
1502,09:52:43,28.53,-0.01,3,8559,卖盘
1503,09:52:39,28.54,0.01,5,14270,买盘
1504,09:52:28,28.53,-0.01,6,17118,卖盘
1505,09:52:24,28.54,0.01,2,5708,买盘
1506,09:52:19,28.53,--,39,111267,卖盘
1507,09:52:13,28.53,0.03,11,31383,卖盘
1508,09:52:09,28.5,--,0,0,中性盘
1509,09:52:04,28.5,-0.04,2,5700,中性盘
1510,09:51:58,28.54,--,1,2854,买盘
1511,09:51:54,28.54,0.04,17,48518,买盘
1512,09:51:49,28.5,0.03,22,62700,买盘
1513,09:51:43,28.47,-0.02,1,2847,卖盘
1514,09:51:33,28.49,--,1,2849,买盘
1515,09:51:24,28.49,--,0,0,买盘
1516,09:51:13,28.49,--,6,17094,买盘
1517,09:51:09,28.49,0.04,5,14245,买盘
1518,09:50:58,28.45,--,1,2845,卖盘
1519,09:50:54,28.45,--,0,0,卖盘
1520,09:50:33,28.45,--,0,0,卖盘
1521,09:50:28,28.45,--,0,0,卖盘
1522,09:50:13,28.45,--,13,36985,卖盘
1523,09:50:09,28.45,--,0,0,卖盘
1524,09:49:43,28.45,--,0,0,卖盘
1525,09:49:39,28.45,--,1,2845,卖盘
1526,09:49:28,28.45,--,8,22760,卖盘
1527,09:49:24,28.45,--,0,0,卖盘
1528,09:49:13,28.45,-0.05,2,5690,卖盘
1529,09:48:53,28.5,--,0,0,买盘
1530,09:48:38,28.5,0.01,4,11400,买盘
1531,09:48:33,28.49,--,0,0,卖盘
1532,09:48:23,28.49,-0.01,1,2849,卖盘
1533,09:48:18,28.5,--,110,313500,卖盘
1534,09:48:08,28.5,--,1,2850,卖盘
1535,09:48:03,28.5,--,14,39900,买盘
1536,09:47:58,28.5,--,62,176700,买盘
1537,09:47:48,28.5,--,168,478800,卖盘
1538,09:47:43,28.5,--,0,0,卖盘
1539,09:47:38,28.5,0.01,17,48450,买盘
1540,09:47:28,28.49,--,6,17094,卖盘
1541,09:47:23,28.49,--,37,105413,买盘
1542,09:47:18,28.49,--,2,5698,买盘
1543,09:47:13,28.49,--,1,2849,买盘
1544,09:46:53,28.49,--,0,0,买盘
1545,09:46:43,28.49,--,5,14245,买盘
1546,09:46:38,28.49,--,19,54131,买盘
1547,09:46:33,28.49,--,4,11396,买盘
1548,09:46:28,28.49,--,15,42735,买盘
1549,09:46:23,28.49,--,1,2849,买盘
1550,09:46:18,28.49,--,0,0,买盘
1551,09:46:13,28.49,--,1,2849,买盘
1552,09:46:08,28.49,0.04,23,65527,买盘
1553,09:46:03,28.45,--,0,0,卖盘
1554,09:45:58,28.45,--,13,36985,卖盘
1555,09:45:52,28.45,-0.03,16,45520,卖盘
1556,09:45:48,28.48,0.01,4,11392,买盘
1557,09:45:43,28.47,--,9,25623,买盘
1558,09:45:37,28.47,--,0,0,买盘
1559,09:45:33,28.47,0.02,104,296088,买盘
1560,09:45:28,28.45,--,5,14225,卖盘
1561,09:45:22,28.45,0.01,35,102363,买盘
1562,09:45:18,28.44,--,80,227520,卖盘
1563,09:45:13,28.44,--,105,298620,卖盘
1564,09:45:07,28.44,--,83,236052,卖盘
1565,09:45:03,28.44,-0.01,23,65412,卖盘
1566,09:44:57,28.45,--,2,5690,买盘
1567,09:44:27,28.45,--,3,8535,买盘
1568,09:44:22,28.45,--,34,96730,买盘
1569,09:44:18,28.45,0.01,2,5690,买盘
1570,09:44:07,28.44,-0.01,10,28440,卖盘
1571,09:43:57,28.45,--,1,2845,买盘
1572,09:43:52,28.45,--,20,56900,买盘
1573,09:43:48,28.45,--,1,2845,买盘
1574,09:43:42,28.45,--,5,14225,买盘
1575,09:43:37,28.45,-0.02,11,31295,卖盘
1576,09:43:33,28.47,-0.01,10,28470,卖盘
1577,09:43:27,28.48,--,1,2848,买盘
1578,09:43:12,28.48,-0.01,18,51264,卖盘
1579,09:43:07,28.49,--,23,65527,买盘
1580,09:42:52,28.49,--,37,105413,卖盘
1581,09:42:48,28.49,--,43,122507,卖盘
1582,09:42:37,28.49,-0.01,2,5698,卖盘
1583,09:42:33,28.5,--,5,14250,买盘
1584,09:42:22,28.5,--,3,8550,卖盘
1585,09:42:12,28.5,-0.02,8,22800,卖盘
1586,09:42:07,28.52,--,9,25668,卖盘
1587,09:42:02,28.52,--,3,8556,卖盘
1588,09:41:57,28.52,--,1,2852,卖盘
1589,09:41:52,28.52,--,4,11408,卖盘
1590,09:41:48,28.52,--,3,8556,卖盘
1591,09:41:32,28.52,-0.01,19,54188,卖盘
1592,09:41:22,28.53,--,15,42795,买盘
1593,09:41:17,28.53,--,13,37089,买盘
1594,09:41:12,28.53,--,14,39942,买盘
1595,09:41:02,28.53,--,9,25677,买盘
1596,09:40:57,28.53,0.01,20,57060,买盘
1597,09:40:52,28.52,-0.01,1,2852,卖盘
1598,09:40:47,28.53,--,3,8559,买盘
1599,09:40:37,28.53,--,2,5706,买盘
1600,09:40:32,28.53,--,26,74178,买盘
1601,09:40:27,28.53,--,5,14265,买盘
1602,09:40:22,28.53,--,3,8559,买盘
1603,09:40:17,28.53,--,6,17118,卖盘
1604,09:40:07,28.53,0.01,1,2853,中性盘
1605,09:40:02,28.52,--,0,0,卖盘
1606,09:39:52,28.52,-0.04,5,14260,卖盘
1607,09:39:47,28.56,0.04,30,85680,买盘
1608,09:39:42,28.52,--,0,0,卖盘
1609,09:39:37,28.52,-0.03,100,285200,卖盘
1610,09:39:32,28.55,--,5,14275,卖盘
1611,09:39:27,28.55,--,1,2855,卖盘
1612,09:39:22,28.55,0.03,78,224403,买盘
1613,09:39:17,28.52,-0.02,24,68448,卖盘
1614,09:39:12,28.54,0.01,10,28540,买盘
1615,09:39:02,28.53,--,2,5706,卖盘
1616,09:38:57,28.53,--,12,34236,卖盘
1617,09:38:52,28.53,0.01,9,25677,买盘
1618,09:38:42,28.52,--,0,0,卖盘
1619,09:38:37,28.52,-0.01,16,45632,卖盘
1620,09:38:32,28.53,--,2,5706,买盘
1621,09:38:27,28.53,0.01,59,168327,买盘
1622,09:38:22,28.52,-0.01,26,74152,卖盘
1623,09:38:16,28.53,--,17,48501,买盘
1624,09:38:06,28.53,--,4,11412,买盘
1625,09:38:01,28.53,--,14,39942,卖盘
1626,09:37:57,28.53,-0.01,4,11412,卖盘
1627,09:37:42,28.54,0.02,5,14270,买盘
1628,09:37:31,28.52,0.04,6,17112,买盘
1629,09:37:27,28.48,--,4,11392,卖盘
1630,09:37:16,28.48,-0.02,26,74048,卖盘
1631,09:37:12,28.5,0.02,112,319200,买盘
1632,09:37:06,28.48,--,14,39872,卖盘
1633,09:37:01,28.48,-0.01,18,51264,卖盘
1634,09:36:57,28.49,0.01,5,14245,买盘
1635,09:36:46,28.48,--,7,19936,卖盘
1636,09:36:42,28.48,--,25,71200,卖盘
1637,09:36:36,28.48,0.02,100,284800,买盘
1638,09:36:27,28.46,--,5,14230,卖盘
1639,09:36:21,28.46,0.05,16,45536,买盘
1640,09:36:16,28.41,-0.02,30,85230,卖盘
1641,09:36:06,28.43,-0.03,29,82447,卖盘
1642,09:35:56,28.46,0.03,76,216296,买盘
1643,09:35:51,28.43,--,7,19901,买盘
1644,09:35:46,28.43,--,33,93819,买盘
1645,09:35:41,28.43,-0.01,60,170580,卖盘
1646,09:35:36,28.44,0.01,2,5688,买盘
1647,09:35:31,28.43,-0.01,4,11372,卖盘
1648,09:35:27,28.44,-0.01,14,39816,买盘
1649,09:35:21,28.45,0.01,3,8535,买盘
1650,09:35:16,28.44,--,31,88164,买盘
1651,09:35:11,28.44,0.04,9,25596,买盘
1652,09:35:06,28.4,-0.03,7,20107,卖盘
1653,09:35:01,28.43,--,4,11372,买盘
1654,09:34:56,28.43,0.04,75,213225,买盘
1655,09:34:51,28.39,-0.01,4,11356,卖盘
1656,09:34:41,28.4,--,1,2840,买盘
1657,09:34:36,28.4,0.01,8,22720,买盘
1658,09:34:31,28.39,--,2,5678,买盘
1659,09:34:26,28.39,0.02,3,8517,买盘
1660,09:34:21,28.37,-0.01,5,14185,卖盘
1661,09:34:16,28.38,--,12,34056,买盘
1662,09:34:11,28.38,0.01,4,11352,买盘
1663,09:34:06,28.37,--,220,624140,买盘
1664,09:34:01,28.37,--,2,5674,买盘
1665,09:33:56,28.37,-0.03,280,794360,卖盘
1666,09:33:51,28.4,0.01,5,14200,买盘
1667,09:33:46,28.39,--,11,31229,买盘
1668,09:33:41,28.39,--,20,56780,买盘
1669,09:33:26,28.39,-0.01,19,53941,卖盘
1670,09:33:16,28.4,0.01,1,2840,中性盘
1671,09:33:11,28.39,-0.01,10,28390,卖盘
1672,09:33:01,28.4,--,19,53960,卖盘
1673,09:32:56,28.4,0.01,33,93720,买盘
1674,09:32:51,28.39,-0.01,3,8517,卖盘
1675,09:32:46,28.4,--,11,31240,买盘
1676,09:32:41,28.4,--,1,2840,买盘
1677,09:32:31,28.4,-0.02,2,5680,买盘
1678,09:32:26,28.42,0.05,1,2842,卖盘
1679,09:32:11,28.37,-0.07,4,11348,卖盘
1680,09:32:06,28.44,0.07,37,105228,买盘
1681,09:32:01,28.37,--,8,22696,买盘
1682,09:31:56,28.37,-0.01,14,39718,卖盘
1683,09:31:51,28.38,0.01,4,11352,买盘
1684,09:31:46,28.37,0.01,30,85110,卖盘
1685,09:31:41,28.36,--,24,68064,买盘
1686,09:31:36,28.36,-0.01,33,93588,卖盘
1687,09:31:30,28.37,--,2,5674,买盘
1688,09:31:26,28.37,0.01,24,68088,买盘
1689,09:31:21,28.36,--,7,19852,卖盘
1690,09:31:11,28.36,--,1,2836,卖盘
1691,09:31:06,28.36,0.01,20,56720,买盘
1692,09:31:00,28.35,0.02,5,14175,买盘
1693,09:30:56,28.33,--,0,0,卖盘
1694,09:30:41,28.33,--,0,0,卖盘
1695,09:30:36,28.33,0.06,8,22664,买盘
1696,09:30:21,28.27,--,0,0,卖盘
1697,09:30:10,28.27,-0.11,5,14135,卖盘
1698,09:30:06,28.38,0.17,116,329208,买盘
1699,09:28:51,28.21,--,0,0,卖盘
1700,09:25:03,28.21,28.21,33,93093,买盘
