,time,price,change,volume,amount,type
0,15:00:00,243.72,--,0,0,卖盘
1,15:00:00,243.72,-0.01,0,0,卖盘
2,15:00:00,243.73,--,6,146238,买盘
3,14:59:57,243.73,--,3,73119,买盘
4,14:59:51,243.73,0.03,20,487460,买盘
5,14:59:46,243.7,-0.02,37,901690,卖盘
6,14:59:42,243.72,-0.01,20,487440,卖盘
7,14:59:36,243.73,--,13,316849,买盘
8,14:59:31,243.73,--,8,194984,买盘
9,14:59:27,243.73,0.02,22,536206,买盘
10,14:59:21,243.71,-0.02,54,1323345,卖盘
11,14:59:16,243.73,--,31,755563,买盘
12,14:59:12,243.73,--,64,1559872,买盘
13,14:59:06,243.73,--,99,2429988,买盘
14,14:59:01,243.73,0.01,15,365595,买盘
15,14:58:57,243.72,-0.01,16,389952,卖盘
16,14:58:51,243.73,--,250,6093250,买盘
17,14:58:46,243.73,--,24,584952,买盘
18,14:58:42,243.73,--,68,1657364,买盘
19,14:58:36,243.73,--,12,292476,买盘
20,14:58:31,243.73,0.01,7,170611,买盘
21,14:58:26,243.72,--,30,731160,卖盘
22,14:58:21,243.72,--,50,1218600,卖盘
23,14:58:16,243.72,-0.01,12,292464,卖盘
24,14:58:11,243.73,--,51,1243023,买盘
25,14:58:06,243.73,0.01,53,1291769,买盘
26,14:58:01,243.72,-0.01,69,1681668,卖盘
27,14:57:56,243.73,--,40,974920,买盘
28,14:57:51,243.73,--,76,1852348,买盘
29,14:57:46,243.73,--,76,1852348,买盘
30,14:57:41,243.73,0.01,58,1413634,买盘
31,14:57:36,243.72,-0.01,31,755532,卖盘
32,14:57:31,243.73,--,7,170611,买盘
33,14:57:26,243.73,0.01,160,3899680,买盘
34,14:57:21,243.72,-0.01,63,1535436,卖盘
35,14:57:16,243.73,--,11,268103,买盘
36,14:57:11,243.73,0.01,136,3314728,买盘
37,14:57:06,243.72,--,41,999252,卖盘
38,14:57:01,243.72,-0.01,16,389952,卖盘
39,14:56:56,243.73,--,78,1901094,买盘
40,14:56:51,243.73,--,87,2120451,买盘
41,14:56:46,243.73,--,68,1657364,买盘
42,14:56:41,243.73,--,44,1072412,买盘
43,14:56:36,243.73,0.01,106,2583538,买盘
44,14:56:31,243.72,-0.01,31,755532,中性盘
45,14:56:26,243.73,0.02,16,389968,买盘
46,14:56:21,243.71,-0.01,60,1462260,卖盘
47,14:56:16,243.72,--,16,389952,买盘
48,14:56:11,243.72,0.01,37,901764,卖盘
49,14:56:06,243.71,-0.01,29,715532,卖盘
50,14:56:01,243.72,--,12,292464,买盘
51,14:55:56,243.72,--,38,926136,卖盘
52,14:55:51,243.72,--,34,847170,买盘
53,14:55:46,243.72,--,15,365580,买盘
54,14:55:41,243.72,0.02,19,463068,买盘
55,14:55:36,243.7,-0.02,27,657990,卖盘
56,14:55:31,243.72,--,16,389952,买盘
57,14:55:26,243.72,--,18,438696,买盘
58,14:55:21,243.72,--,15,365580,卖盘
59,14:55:16,243.72,-0.01,18,438696,卖盘
60,14:55:11,243.73,0.01,9,219357,买盘
61,14:55:06,243.72,-0.01,56,1364832,卖盘
62,14:55:01,243.73,0.01,11,268103,买盘
63,14:54:56,243.72,0.01,13,316836,买盘
64,14:54:51,243.71,-0.01,61,1486631,卖盘
65,14:54:46,243.72,-0.01,5,121860,中性盘
66,14:54:41,243.73,0.02,12,292476,买盘
67,14:54:36,243.71,--,19,463049,卖盘
68,14:54:31,243.71,-0.01,18,438678,卖盘
69,14:54:26,243.72,0.02,10,243720,买盘
70,14:54:21,243.7,-0.02,30,731100,卖盘
71,14:54:16,243.72,0.02,16,389952,买盘
72,14:54:10,243.7,--,17,414290,卖盘
73,14:54:06,243.7,-0.01,37,901690,卖盘
74,14:54:00,243.71,0.01,25,609275,中性盘
75,14:53:51,243.7,-0.03,47,1145390,卖盘
76,14:53:45,243.73,0.01,50,1218650,买盘
77,14:53:40,243.72,0.01,1,24372,卖盘
78,14:53:36,243.71,--,37,901727,卖盘
79,14:53:30,243.71,--,48,1169808,卖盘
80,14:53:25,243.71,--,8,194968,卖盘
81,14:53:21,243.71,0.01,118,2889669,买盘
82,14:53:15,243.7,-0.01,10,243700,卖盘
83,14:53:10,243.71,--,10,243710,买盘
84,14:53:06,243.71,--,16,389936,买盘
85,14:53:00,243.71,-0.02,79,1925309,卖盘
86,14:52:55,243.73,0.01,17,414341,买盘
87,14:52:51,243.72,--,64,1559808,买盘
88,14:52:45,243.72,-0.01,26,633672,卖盘
89,14:52:40,243.73,0.01,14,341222,买盘
90,14:52:36,243.72,-0.01,55,1340460,卖盘
91,14:52:30,243.73,--,71,1730483,买盘
92,14:52:25,243.73,--,1,24373,买盘
93,14:52:21,243.73,--,44,1072412,买盘
94,14:52:15,243.73,--,31,755563,买盘
95,14:52:10,243.73,0.02,17,414341,买盘
96,14:52:06,243.71,-0.02,83,2025230,卖盘
97,14:52:00,243.73,0.01,38,926174,买盘
98,14:51:55,243.72,-0.01,7,170604,卖盘
99,14:51:51,243.73,0.02,23,560579,买盘
100,14:51:45,243.71,-0.02,29,706759,卖盘
101,14:51:40,243.73,--,76,1852348,买盘
102,14:51:36,243.73,--,67,1632991,买盘
103,14:51:30,243.73,--,29,706817,买盘
104,14:51:25,243.73,--,4,97492,买盘
105,14:51:21,243.73,0.01,104,2534792,买盘
106,14:51:15,243.72,--,30,731160,买盘
107,14:51:10,243.72,--,9,219348,卖盘
108,14:51:06,243.72,--,22,536184,中性盘
109,14:51:00,243.72,--,18,438696,卖盘
110,14:50:55,243.72,--,12,292464,卖盘
111,14:50:51,243.72,-0.01,11,268092,卖盘
112,14:50:45,243.73,--,11,268103,买盘
113,14:50:40,243.73,--,11,268103,买盘
114,14:50:30,243.73,0.02,81,1974213,买盘
115,14:50:25,243.71,-0.02,12,292452,卖盘
116,14:50:20,243.73,--,45,1096785,买盘
117,14:50:15,243.73,0.01,4,97492,买盘
118,14:50:10,243.72,-0.01,1,24372,中性盘
119,14:50:05,243.73,--,57,1389261,买盘
120,14:50:00,243.73,0.01,22,536206,买盘
121,14:49:55,243.72,-0.01,4,97488,中性盘
122,14:49:50,243.73,--,4,97492,买盘
123,14:49:45,243.73,0.01,33,804309,买盘
124,14:49:40,243.72,--,9,219348,卖盘
125,14:49:35,243.72,-0.01,8,194976,中性盘
126,14:49:30,243.73,0.01,4,97492,买盘
127,14:49:25,243.72,-0.01,12,292464,卖盘
128,14:49:20,243.73,0.02,1,24373,买盘
129,14:49:10,243.71,-0.02,29,706759,卖盘
130,14:49:05,243.73,0.02,15,365595,买盘
131,14:49:00,243.71,-0.01,8,194968,卖盘
132,14:48:55,243.72,0.01,5,121860,买盘
133,14:48:50,243.71,-0.02,13,316823,卖盘
134,14:48:45,243.73,--,52,1267396,买盘
135,14:48:40,243.73,0.01,13,316849,买盘
136,14:48:35,243.72,-0.01,22,536184,卖盘
137,14:48:30,243.73,--,56,1364888,买盘
138,14:48:20,243.73,--,46,1121158,买盘
139,14:48:15,243.73,--,26,633698,买盘
140,14:48:10,243.73,0.01,34,828682,买盘
141,14:48:05,243.72,--,4,97488,买盘
142,14:48:00,243.72,-0.01,7,170604,卖盘
143,14:47:50,243.73,--,7,170611,买盘
144,14:47:45,243.73,0.01,14,341222,买盘
145,14:47:40,243.72,0.01,6,146232,中性盘
146,14:47:35,243.71,-0.02,27,658017,卖盘
147,14:47:30,243.73,0.03,19,463087,买盘
148,14:47:25,243.7,-0.03,12,292440,卖盘
149,14:47:20,243.73,--,27,658071,买盘
150,14:47:15,243.73,--,8,194984,买盘
151,14:47:09,243.73,0.01,1,24373,买盘
152,14:47:05,243.72,-0.01,31,755532,卖盘
153,14:47:00,243.73,--,25,609325,买盘
154,14:46:54,243.73,--,33,804309,买盘
155,14:46:50,243.73,--,20,487460,买盘
156,14:46:45,243.73,--,28,682444,买盘
157,14:46:39,243.73,-0.07,142,3460966,卖盘
158,14:46:35,243.8,-0.01,3,73140,买盘
159,14:46:30,243.81,-0.03,30,731430,卖盘
160,14:46:24,243.84,--,13,316992,买盘
161,14:46:19,243.84,-0.06,32,780288,卖盘
162,14:46:15,243.9,0.03,3,73170,买盘
163,14:46:09,243.87,-0.01,49,1194963,卖盘
164,14:46:04,243.88,0.03,8,195104,买盘
165,14:46:00,243.85,-0.05,14,341390,卖盘
166,14:45:54,243.9,0.1,23,560970,买盘
167,14:45:49,243.8,-0.07,2,48760,卖盘
168,14:45:45,243.87,--,0,0,买盘
169,14:45:39,243.87,0.14,17,414579,买盘
170,14:45:34,243.73,-0.01,8,194984,卖盘
171,14:45:30,243.74,0.01,5,121870,买盘
172,14:45:24,243.73,--,3,73119,买盘
173,14:45:19,243.73,--,8,194984,中性盘
174,14:45:15,243.73,--,70,1723171,卖盘
175,14:45:09,243.73,--,145,3541396,买盘
176,14:45:04,243.73,--,6,146238,买盘
177,14:45:00,243.73,-0.02,182,4452947,卖盘
178,14:44:54,243.75,--,61,1486875,买盘
179,14:44:49,243.75,-0.12,33,804375,卖盘
180,14:44:45,243.87,0.12,53,1292511,中性盘
181,14:44:39,243.75,-0.13,464,11310000,中性盘
182,14:44:34,243.88,0.14,43,1048684,买盘
183,14:44:30,243.74,-0.01,18,438732,卖盘
184,14:44:24,243.75,-0.13,25,609375,卖盘
185,14:44:19,243.88,0.1,31,756028,买盘
186,14:44:14,243.78,-0.1,12,292536,卖盘
187,14:44:09,243.88,0.1,22,536536,买盘
188,14:44:04,243.78,--,34,828852,卖盘
189,14:44:00,243.78,--,36,877608,卖盘
190,14:43:49,243.78,--,2,48756,卖盘
191,14:43:45,243.78,0.05,3,85323,买盘
192,14:43:39,243.73,--,25,626386,卖盘
193,14:43:34,243.73,--,7,170611,卖盘
194,14:43:29,243.73,--,43,1048039,卖盘
195,14:43:24,243.73,--,1,24373,卖盘
196,14:43:19,243.73,--,6,146238,卖盘
197,14:43:15,243.73,0.11,6,153549,买盘
198,14:43:09,243.62,-0.01,24,584688,卖盘
199,14:43:04,243.63,--,9,219267,买盘
200,14:43:00,243.63,-0.09,85,2070855,卖盘
201,14:42:54,243.72,-0.01,3,73116,中性盘
202,14:42:49,243.73,0.03,72,1754856,买盘
203,14:42:44,243.7,-0.03,172,4191640,卖盘
204,14:42:39,243.73,--,85,2071705,买盘
205,14:42:34,243.73,--,50,1218650,买盘
206,14:42:29,243.73,--,5,121865,买盘
207,14:42:24,243.73,-0.25,283,6897559,卖盘
208,14:42:19,243.98,-0.01,3,73194,卖盘
209,14:42:14,243.99,0.19,9,219591,买盘
210,14:42:09,243.8,--,84,2047920,卖盘
211,14:42:04,243.8,--,6,146280,卖盘
212,14:41:59,243.8,--,2,48760,卖盘
213,14:41:54,243.8,0.05,21,511980,买盘
214,14:41:49,243.75,0.12,25,609375,买盘
215,14:41:44,243.63,-0.09,167,4068621,卖盘
216,14:41:39,243.72,-0.01,137,3338964,卖盘
217,14:41:34,243.73,--,43,1068512,卖盘
218,14:41:29,243.73,--,34,832581,买盘
219,14:41:24,243.73,--,22,536206,买盘
220,14:41:14,243.73,--,8,194984,买盘
221,14:41:09,243.73,0.01,275,6702575,买盘
222,14:41:04,243.72,-0.01,7,170604,中性盘
223,14:40:59,243.73,0.05,49,1194277,买盘
224,14:40:54,243.68,0.01,11,268048,买盘
225,14:40:49,243.67,-0.03,18,438606,卖盘
226,14:40:44,243.7,0.03,13,316810,买盘
227,14:40:39,243.67,-0.01,5,121835,卖盘
228,14:40:34,243.68,-0.03,84,2060558,卖盘
229,14:40:29,243.71,--,97,2364230,买盘
230,14:40:24,243.71,--,18,438678,买盘
231,14:40:18,243.71,0.01,5,121855,中性盘
232,14:40:14,243.7,-0.03,445,10863171,卖盘
233,14:40:08,243.73,0.02,24,584952,买盘
234,14:40:02,243.71,-0.02,9,219339,卖盘
235,14:39:59,243.73,--,26,633698,买盘
236,14:39:54,243.73,--,38,926174,买盘
237,14:39:48,243.73,--,7,170611,买盘
238,14:39:44,243.73,--,3,73119,买盘
239,14:39:39,243.73,--,11,268103,买盘
240,14:39:33,243.73,--,4,97492,买盘
241,14:39:29,243.73,--,39,950547,买盘
242,14:39:24,243.73,0.01,6,146238,买盘
243,14:39:18,243.72,-0.01,11,268092,卖盘
244,14:39:14,243.73,--,22,536206,买盘
245,14:39:09,243.73,--,36,877428,买盘
246,14:39:03,243.73,--,11,268103,买盘
247,14:38:59,243.73,-0.22,103,2514074,卖盘
248,14:38:54,243.95,0.18,2,53669,中性盘
249,14:38:48,243.77,-0.03,35,853195,卖盘
250,14:38:39,243.8,0.06,27,679470,买盘
251,14:38:33,243.74,-0.03,45,1110235,卖盘
252,14:38:28,243.77,--,17,414409,买盘
253,14:38:24,243.77,-0.01,10,243770,买盘
254,14:38:17,243.78,-0.02,30,731340,卖盘
255,14:38:13,243.8,-0.02,3,73140,卖盘
256,14:38:08,243.82,-0.03,18,438876,卖盘
257,14:38:03,243.85,--,16,390160,卖盘
258,14:37:58,243.85,--,6,146310,卖盘
259,14:37:53,243.85,0.06,5,121925,卖盘
260,14:37:48,243.79,--,11,268169,卖盘
261,14:37:43,243.79,--,2,48758,卖盘
262,14:37:39,243.79,-0.2,4,97516,卖盘
263,14:37:33,243.99,0.21,1,24399,买盘
264,14:37:28,243.78,-0.02,9,219402,中性盘
265,14:37:23,243.8,0.02,2,48760,中性盘
266,14:37:18,243.78,0.02,4,97512,卖盘
267,14:37:13,243.76,-0.02,1,24376,卖盘
268,14:37:08,243.78,--,6,146268,买盘
269,14:37:03,243.78,0.05,12,292536,买盘
270,14:36:58,243.73,--,4,97492,卖盘
271,14:36:53,243.73,--,9,219357,卖盘
272,14:36:47,243.73,--,11,268103,卖盘
273,14:36:43,243.73,--,7,181091,买盘
274,14:36:38,243.73,--,12,292476,买盘
275,14:36:33,243.73,--,5,121865,买盘
276,14:36:28,243.73,-0.03,55,1354407,卖盘
277,14:36:23,243.76,0.03,7,170632,买盘
278,14:36:18,243.73,-0.01,28,682444,卖盘
279,14:36:08,243.74,0.01,9,234234,中性盘
280,14:36:03,243.73,--,14,361207,卖盘
281,14:35:58,243.73,-0.03,9,219357,卖盘
282,14:35:53,243.76,0.03,6,146256,买盘
283,14:35:48,243.73,-0.03,15,365595,卖盘
284,14:35:43,243.76,0.04,1,24376,买盘
285,14:35:38,243.72,-0.01,22,536184,卖盘
286,14:35:33,243.73,--,19,463087,买盘
287,14:35:28,243.73,--,14,341222,买盘
288,14:35:23,243.73,--,9,219357,买盘
289,14:35:18,243.73,--,46,1121158,卖盘
290,14:35:13,243.73,-0.05,12,292476,卖盘
291,14:35:08,243.78,0.05,30,731340,买盘
292,14:35:03,243.73,-0.02,48,1169904,卖盘
293,14:34:58,243.75,-0.02,15,365625,卖盘
294,14:34:53,243.77,0.01,8,195016,买盘
295,14:34:48,243.76,-0.04,20,487520,卖盘
296,14:34:43,243.8,-0.04,14,341320,卖盘
297,14:34:38,243.84,0.01,1,24384,中性盘
298,14:34:32,243.83,--,12,292596,卖盘
299,14:34:28,243.83,-0.17,13,316979,卖盘
300,14:34:23,244.0,--,10,244000,买盘
301,14:34:18,244.0,--,2,48800,卖盘
302,14:34:13,244.0,0.25,52,1268800,买盘
303,14:34:08,243.75,0.02,15,365625,中性盘
304,14:34:03,243.73,-0.1,69,1681737,卖盘
305,14:33:58,243.83,0.03,17,414511,中性盘
306,14:33:53,243.8,-0.05,7,170660,卖盘
307,14:33:48,243.85,0.05,41,999785,卖盘
308,14:33:43,243.8,--,0,0,卖盘
309,14:33:38,243.8,--,20,487600,卖盘
310,14:33:33,243.8,0.07,18,438840,买盘
311,14:33:27,243.73,--,34,828682,买盘
312,14:33:23,243.73,--,11,268103,买盘
313,14:33:18,243.73,--,19,463087,买盘
314,14:33:12,243.73,-0.02,23,560579,卖盘
315,14:33:08,243.75,0.02,9,219375,中性盘
316,14:33:03,243.73,-0.08,22,536206,卖盘
317,14:32:57,243.81,0.02,162,3949722,买盘
318,14:32:53,243.79,0.03,57,1389603,买盘
319,14:32:48,243.76,-0.24,125,3047000,卖盘
320,14:32:42,244.0,0.24,45,1098000,买盘
321,14:32:38,243.76,-0.05,53,1291928,卖盘
322,14:32:33,243.81,-0.04,39,950859,卖盘
323,14:32:27,243.85,-0.05,28,682780,卖盘
324,14:32:23,243.9,0.05,22,536580,买盘
325,14:32:18,243.85,-0.1,8,195080,卖盘
326,14:32:08,243.95,-0.01,16,390320,卖盘
327,14:32:03,243.96,0.01,19,463524,卖盘
328,14:31:57,243.95,--,2,48790,卖盘
329,14:31:53,243.95,-0.05,5,121975,卖盘
330,14:31:48,244.0,--,6,146400,买盘
331,14:31:38,244.0,--,19,463600,买盘
332,14:31:32,244.0,0.2,7,170800,买盘
333,14:31:27,243.8,-0.2,12,292560,卖盘
334,14:31:22,244.0,0.2,3,73200,买盘
335,14:31:18,243.8,-0.15,1,24380,卖盘
336,14:31:12,243.95,0.21,2,48790,买盘
337,14:31:08,243.74,-0.05,10,243740,卖盘
338,14:31:03,243.79,-0.16,8,195032,卖盘
339,14:30:57,243.95,--,0,0,中性盘
340,14:30:53,243.95,-0.04,12,292740,中性盘
341,14:30:47,243.99,-0.01,15,365985,买盘
342,14:30:42,244.0,0.24,8,195200,买盘
343,14:30:37,243.76,0.02,3,73128,卖盘
344,14:30:33,243.74,0.01,21,511854,卖盘
345,14:30:27,243.73,--,7,170611,卖盘
346,14:30:17,243.73,--,3,73119,卖盘
347,14:30:12,243.73,0.01,47,1145531,买盘
348,14:30:07,243.72,-0.01,7,170604,卖盘
349,14:30:02,243.73,--,8,194984,买盘
350,14:29:56,243.73,0.01,16,389968,买盘
351,14:29:52,243.72,--,3,73116,卖盘
352,14:29:47,243.72,-0.01,50,1218600,卖盘
353,14:29:42,243.73,0.01,1,24373,买盘
354,14:29:37,243.72,-0.01,6,146232,卖盘
355,14:29:32,243.73,--,95,2315435,买盘
356,14:29:26,243.73,0.01,20,487460,买盘
357,14:29:22,243.72,-0.01,6,146232,卖盘
358,14:29:17,243.73,--,12,292476,买盘
359,14:29:12,243.73,0.01,3,73119,买盘
360,14:29:07,243.72,-0.01,4,97488,卖盘
361,14:29:02,243.73,0.02,17,426527,买盘
362,14:28:57,243.71,--,14,341194,卖盘
363,14:28:52,243.71,-0.02,20,487420,卖盘
364,14:28:47,243.73,--,13,316849,买盘
365,14:28:42,243.73,--,2,48746,买盘
366,14:28:37,243.73,0.02,3,73119,买盘
367,14:28:32,243.71,-0.02,44,1072324,卖盘
368,14:28:27,243.73,--,14,341222,买盘
369,14:28:22,243.73,--,28,682444,买盘
370,14:28:17,243.73,0.02,17,414341,买盘
371,14:28:12,243.71,--,0,0,卖盘
372,14:28:07,243.71,--,28,682388,卖盘
373,14:28:02,243.71,-0.02,29,706759,卖盘
374,14:27:56,243.73,--,12,292476,买盘
375,14:27:52,243.73,--,12,292476,买盘
376,14:27:47,243.73,--,25,609325,买盘
377,14:27:42,243.73,0.01,5,121865,买盘
378,14:27:37,243.72,-0.01,15,365580,卖盘
379,14:27:32,243.73,--,1,24373,买盘
380,14:27:27,243.73,--,13,316849,买盘
381,14:27:22,243.73,--,37,901801,买盘
382,14:27:17,243.73,--,24,584952,买盘
383,14:27:12,243.73,--,44,1072412,买盘
384,14:27:07,243.73,--,5,121865,买盘
385,14:27:02,243.73,-0.04,69,1681737,卖盘
386,14:26:57,243.77,--,17,414409,买盘
387,14:26:52,243.77,--,2,48754,买盘
388,14:26:47,243.77,--,7,170639,买盘
389,14:26:42,243.77,-0.08,38,926326,卖盘
390,14:26:31,243.85,0.07,11,268235,买盘
391,14:26:26,243.78,-0.07,22,536316,卖盘
392,14:26:21,243.85,-0.12,7,170695,卖盘
393,14:26:17,243.97,-0.03,12,292764,卖盘
394,14:26:12,244.0,--,23,561200,卖盘
395,14:26:05,244.0,--,43,1049200,卖盘
396,14:26:02,244.0,--,11,268400,卖盘
397,14:25:57,244.0,0.23,3,73200,卖盘
398,14:25:51,243.77,--,12,292524,卖盘
399,14:25:47,243.77,--,83,2023291,买盘
400,14:25:42,243.77,-0.03,6,146262,中性盘
401,14:25:36,243.8,0.07,37,902060,买盘
402,14:25:31,243.73,--,5,121865,买盘
403,14:25:26,243.73,--,62,1511126,买盘
404,14:25:20,243.73,-0.04,3,73119,中性盘
405,14:25:17,243.77,--,1,24377,买盘
406,14:25:12,243.77,-0.03,16,390032,买盘
407,14:25:05,243.8,0.08,5,121900,中性盘
408,14:25:02,243.72,-0.01,40,974880,卖盘
409,14:24:56,243.73,-0.07,91,2217943,卖盘
410,14:24:50,243.8,0.07,30,731400,买盘
411,14:24:47,243.73,-0.05,166,4045918,卖盘
412,14:24:41,243.78,-0.02,84,2047752,卖盘
413,14:24:35,243.8,0.02,13,316940,买盘
414,14:24:32,243.78,--,58,1413924,卖盘
415,14:24:27,243.78,--,27,658206,卖盘
416,14:24:20,243.78,0.02,122,2974116,买盘
417,14:24:17,243.76,-0.02,6,146256,卖盘
418,14:24:12,243.78,--,9,219402,卖盘
419,14:24:05,243.78,-0.07,36,877608,卖盘
420,14:24:01,243.85,0.04,106,2584810,买盘
421,14:23:56,243.81,-0.04,7,170667,中性盘
422,14:23:47,243.85,-0.15,56,1365560,卖盘
423,14:23:42,244.0,0.12,1,24400,中性盘
424,14:23:36,243.88,-0.12,71,1731548,中性盘
425,14:23:32,244.0,0.22,1,24400,买盘
426,14:23:26,243.78,0.03,3,73134,中性盘
427,14:23:16,243.75,-0.25,8,195000,卖盘
428,14:23:12,244.0,0.25,14,341600,买盘
429,14:23:06,243.75,--,3,73125,卖盘
430,14:23:02,243.75,--,8,195000,卖盘
431,14:22:56,243.75,0.02,11,268125,卖盘
432,14:22:50,243.73,0.01,84,2047332,买盘
433,14:22:46,243.72,-0.01,25,609300,卖盘
434,14:22:41,243.73,0.01,29,706817,中性盘
435,14:22:35,243.72,-0.01,19,463068,卖盘
436,14:22:31,243.73,--,2,48746,买盘
437,14:22:26,243.73,-0.03,39,950547,卖盘
438,14:22:21,243.76,0.03,14,341264,买盘
439,14:22:16,243.73,-0.03,78,1901094,卖盘
440,14:22:11,243.76,--,6,146256,卖盘
441,14:22:05,243.76,--,23,560648,卖盘
442,14:22:01,243.76,0.03,63,1535688,买盘
443,14:21:56,243.73,--,77,1876721,买盘
444,14:21:50,243.73,--,53,1291769,买盘
445,14:21:46,243.73,--,9,219357,买盘
446,14:21:41,243.73,--,14,341222,买盘
447,14:21:35,243.73,--,16,389968,买盘
448,14:21:31,243.73,--,57,1389261,卖盘
449,14:21:26,243.73,-0.01,10,243730,卖盘
450,14:21:20,243.74,0.01,11,268114,买盘
451,14:21:16,243.73,--,2,48746,买盘
452,14:21:11,243.73,--,13,316849,买盘
453,14:21:05,243.73,-0.03,85,2071705,卖盘
454,14:20:56,243.76,--,26,633776,买盘
455,14:20:50,243.76,--,67,1633192,买盘
456,14:20:41,243.76,-0.02,24,585024,卖盘
457,14:20:35,243.78,0.03,3,73134,卖盘
458,14:20:31,243.75,-0.02,31,755625,卖盘
459,14:20:26,243.77,-0.02,40,975080,卖盘
460,14:20:21,243.79,--,24,585096,买盘
461,14:20:16,243.79,-0.06,18,438822,卖盘
462,14:20:11,243.85,0.03,21,512085,买盘
463,14:20:05,243.82,-0.04,80,1950560,卖盘
464,14:20:01,243.86,0.01,13,317018,买盘
465,14:19:56,243.85,--,23,560855,卖盘
466,14:19:50,243.85,--,10,243850,卖盘
467,14:19:46,243.85,--,1,24385,卖盘
468,14:19:41,243.85,--,32,780320,买盘
469,14:19:35,243.85,--,1,24385,买盘
470,14:19:29,243.85,-0.06,6,146310,买盘
471,14:19:26,243.91,--,56,1365896,买盘
472,14:19:20,243.91,-0.09,22,536602,买盘
473,14:19:14,244.0,--,30,732000,卖盘
474,14:19:11,244.0,0.12,30,732000,买盘
475,14:19:05,243.88,--,9,219492,卖盘
476,14:18:59,243.88,0.09,31,756028,买盘
477,14:18:56,243.79,-0.09,323,7874417,卖盘
478,14:18:50,243.88,--,7,170716,买盘
479,14:18:44,243.88,-0.06,12,292656,卖盘
480,14:18:41,243.94,-0.06,39,951366,中性盘
481,14:18:35,244.0,0.06,57,1390800,买盘
482,14:18:29,243.94,--,53,1292882,买盘
483,14:18:26,243.94,--,16,390304,买盘
484,14:18:20,243.94,-0.06,13,317122,卖盘
485,14:18:14,244.0,--,4,97600,买盘
486,14:18:10,244.0,0.03,5,122000,买盘
487,14:18:05,243.97,--,46,1122262,卖盘
488,14:17:55,243.97,--,3,73191,卖盘
489,14:17:50,243.97,0.15,150,3659550,买盘
490,14:17:44,243.82,-0.03,1,24382,买盘
491,14:17:40,243.85,0.01,117,2853045,买盘
492,14:17:35,243.84,-0.01,10,243840,卖盘
493,14:17:29,243.85,-0.02,3,73155,卖盘
494,14:17:26,243.87,-0.18,29,707223,卖盘
495,14:17:20,244.05,--,30,732150,买盘
496,14:17:14,244.05,--,0,0,买盘
497,14:17:11,244.05,0.05,19,463695,中性盘
498,14:17:05,244.0,-0.47,19,463600,卖盘
499,14:16:59,244.47,0.47,1,24447,买盘
500,14:16:56,244.0,0.16,15,366000,中性盘
501,14:16:50,243.84,0.11,20,487680,卖盘
502,14:16:44,243.73,--,0,0,卖盘
503,14:16:40,243.73,--,71,1730483,卖盘
504,14:16:35,243.73,-0.27,5,121865,卖盘
505,14:16:29,244.0,0.27,36,878400,买盘
506,14:16:26,243.73,--,133,3241609,买盘
507,14:16:20,243.73,--,67,1632991,买盘
508,14:16:11,243.73,--,10,243730,买盘
509,14:16:05,243.73,-0.04,42,1023666,卖盘
510,14:15:59,243.77,--,58,1413866,买盘
511,14:15:55,243.77,--,16,390032,买盘
512,14:15:50,243.77,-0.23,31,755687,卖盘
513,14:15:44,244.0,0.3,30,732000,买盘
514,14:15:40,243.7,-0.05,205,4999992,卖盘
515,14:15:35,243.75,0.02,9,219375,卖盘
516,14:15:29,243.73,--,0,0,卖盘
517,14:15:25,243.73,--,60,1462380,卖盘
518,14:15:20,243.73,--,78,1901094,买盘
519,14:15:14,243.73,-0.27,29,706817,卖盘
520,14:15:10,244.0,0.27,34,829600,买盘
521,14:15:05,243.73,--,75,1827975,卖盘
522,14:14:59,243.73,-0.01,2,48746,卖盘
523,14:14:55,243.74,0.01,55,1340570,买盘
524,14:14:50,243.73,--,70,1706110,买盘
525,14:14:44,243.73,--,28,682444,中性盘
526,14:14:40,243.73,--,2,48746,卖盘
527,14:14:35,243.73,-0.27,106,2583538,卖盘
528,14:14:29,244.0,0.27,9,219600,买盘
529,14:14:25,243.73,-0.27,2,48746,买盘
530,14:14:20,244.0,0.27,25,610000,买盘
531,14:14:14,243.73,-0.27,76,1852348,卖盘
532,14:14:10,244.0,0.26,3,73200,买盘
533,14:14:05,243.74,-0.26,24,584976,卖盘
534,14:13:59,244.0,0.15,7,170800,中性盘
535,14:13:50,243.85,-0.15,23,560855,卖盘
536,14:13:44,244.0,0.26,54,1317600,买盘
537,14:13:40,243.74,--,24,584976,买盘
538,14:13:35,243.74,--,12,292488,买盘
539,14:13:29,243.74,--,275,6702850,买盘
540,14:13:25,243.74,--,2,48748,买盘
541,14:13:20,243.74,-0.26,18,438732,卖盘
542,14:13:14,244.0,0.23,9,219600,买盘
543,14:13:10,243.77,-0.23,9,219393,卖盘
544,14:13:05,244.0,0.21,24,585600,买盘
545,14:12:59,243.79,0.06,18,438822,买盘
546,14:12:55,243.73,--,4,97492,买盘
547,14:12:50,243.73,-0.02,30,731190,卖盘
548,14:12:44,243.75,0.02,86,2096250,买盘
549,14:12:38,243.73,--,31,755563,买盘
550,14:12:35,243.73,--,10,243730,买盘
551,14:12:29,243.73,--,138,3363474,买盘
552,14:12:23,243.73,--,1,24373,买盘
553,14:12:20,243.73,-0.02,78,1901094,卖盘
554,14:12:14,243.75,0.02,168,4095000,买盘
555,14:12:08,243.73,--,39,950547,买盘
556,14:12:05,243.73,0.02,15,365595,买盘
557,14:11:59,243.71,-0.02,89,2169019,卖盘
558,14:11:53,243.73,--,1,24373,买盘
559,14:11:50,243.73,--,7,170611,买盘
560,14:11:44,243.73,--,3,73119,买盘
561,14:11:38,243.73,--,11,268103,买盘
562,14:11:35,243.73,--,37,901801,买盘
563,14:11:29,243.73,--,49,1194277,买盘
564,14:11:23,243.73,-0.01,4,97492,买盘
565,14:11:20,243.74,0.01,86,2096164,买盘
566,14:11:14,243.73,--,26,633698,买盘
567,14:11:08,243.73,--,3,73119,买盘
568,14:11:05,243.73,--,56,1364888,卖盘
569,14:10:59,243.73,-0.01,119,2900387,卖盘
570,14:10:50,243.74,--,20,487480,买盘
571,14:10:44,243.74,-0.01,15,365610,卖盘
572,14:10:38,243.75,-0.1,10,243750,卖盘
573,14:10:34,243.85,-0.45,9,219465,卖盘
574,14:10:29,244.3,0.33,50,1221500,买盘
575,14:10:23,243.97,--,2,48794,买盘
576,14:10:19,243.97,-0.33,25,609925,卖盘
577,14:10:14,244.3,0.3,3,73290,买盘
578,14:10:04,244.0,--,26,634400,卖盘
579,14:09:59,244.0,--,11,268400,卖盘
580,14:09:53,244.0,0.27,251,6124400,买盘
581,14:09:49,243.73,--,4,97492,买盘
582,14:09:44,243.73,--,12,292476,买盘
583,14:09:38,243.73,0.01,4,97492,买盘
584,14:09:34,243.72,-0.01,79,1925388,卖盘
585,14:09:29,243.73,--,26,633698,买盘
586,14:09:23,243.73,--,5,121865,买盘
587,14:09:19,243.73,--,2,48746,买盘
588,14:09:14,243.73,--,27,658071,卖盘
589,14:09:08,243.73,-0.01,38,926174,卖盘
590,14:09:04,243.74,-0.06,27,658098,卖盘
591,14:08:59,243.8,0.05,37,902060,卖盘
592,14:08:49,243.75,--,18,438750,卖盘
593,14:08:44,243.75,0.01,15,365625,买盘
594,14:08:38,243.74,--,28,682472,买盘
595,14:08:34,243.74,--,43,1048082,买盘
596,14:08:29,243.74,--,21,511854,买盘
597,14:08:23,243.74,--,2,48748,买盘
598,14:08:19,243.74,0.02,8,194992,买盘
599,14:08:08,243.72,-0.01,26,633672,卖盘
600,14:08:04,243.73,0.01,84,2047332,买盘
601,14:07:59,243.72,-0.01,33,804276,卖盘
602,14:07:53,243.73,--,10,243730,买盘
603,14:07:49,243.73,-0.13,61,1486753,卖盘
604,14:07:44,243.86,0.11,94,2292284,买盘
605,14:07:38,243.75,--,1,24375,买盘
606,14:07:34,243.75,--,62,1511250,卖盘
607,14:07:29,243.75,-0.55,20,487500,卖盘
608,14:07:23,244.3,0.41,65,1587950,买盘
609,14:07:19,243.89,0.14,6,146334,买盘
610,14:07:14,243.75,-0.17,5,121875,卖盘
611,14:07:08,243.92,0.17,7,170744,买盘
612,14:07:04,243.75,--,12,292500,卖盘
613,14:06:59,243.75,-0.09,8,195000,卖盘
614,14:06:53,243.84,0.12,132,3218688,买盘
615,14:06:49,243.72,--,2,48744,卖盘
616,14:06:44,243.72,-0.01,62,1511064,卖盘
617,14:06:38,243.73,0.01,34,828682,买盘
618,14:06:34,243.72,-0.01,61,1508626,卖盘
619,14:06:29,243.73,0.01,95,2315435,买盘
620,14:06:23,243.72,-0.01,26,633672,卖盘
621,14:06:19,243.73,--,5,121865,买盘
622,14:06:14,243.73,--,11,268103,买盘
623,14:06:08,243.73,-0.01,51,1243023,卖盘
624,14:06:02,243.74,-0.05,6,146244,卖盘
625,14:05:59,243.79,--,8,195032,买盘
626,14:05:53,243.79,0.06,22,536338,卖盘
627,14:05:47,243.73,-0.11,31,755563,卖盘
628,14:05:44,243.84,0.05,44,1072896,买盘
629,14:05:38,243.79,0.06,46,1121434,买盘
630,14:05:32,243.73,-0.01,48,1169904,卖盘
631,14:05:29,243.74,-0.04,50,1218700,卖盘
632,14:05:23,243.78,-0.01,36,877608,卖盘
633,14:05:17,243.79,0.01,74,1804046,买盘
634,14:05:14,243.78,--,92,2242776,买盘
635,14:05:08,243.78,--,5,121890,买盘
636,14:05:02,243.78,-0.07,72,1755216,卖盘
637,14:04:59,243.85,0.03,21,512085,买盘
638,14:04:53,243.82,-0.03,45,1097190,卖盘
639,14:04:47,243.85,-0.04,32,780320,卖盘
640,14:04:44,243.89,--,4,97556,买盘
641,14:04:38,243.89,-0.08,10,250718,卖盘
642,14:04:32,243.97,0.05,26,654327,买盘
643,14:04:29,243.92,--,72,1756224,卖盘
644,14:04:23,243.92,-0.08,5,121960,卖盘
645,14:04:17,244.0,-0.5,37,902800,卖盘
646,14:04:14,244.5,0.65,5,122250,买盘
647,14:04:08,243.85,-0.02,51,1243635,卖盘
648,14:04:02,243.87,--,3,73161,买盘
649,14:03:59,243.87,0.03,26,634062,买盘
650,14:03:53,243.84,-0.01,167,4072128,卖盘
651,14:03:47,243.85,-0.02,34,829090,卖盘
652,14:03:43,243.87,0.01,10,243870,买盘
653,14:03:38,243.86,-0.01,128,3121408,卖盘
654,14:03:32,243.87,-0.1,38,926706,卖盘
655,14:03:29,243.97,-0.48,67,1634599,卖盘
656,14:03:23,244.45,0.45,11,268895,买盘
657,14:03:17,244.0,-0.45,3,73200,卖盘
658,14:03:13,244.45,0.45,4,97780,买盘
659,14:03:08,244.0,0.05,14,341600,卖盘
660,14:03:02,243.95,0.08,30,731850,买盘
661,14:02:58,243.87,0.01,11,268257,买盘
662,14:02:53,243.86,-0.01,95,2316670,卖盘
663,14:02:47,243.87,-0.05,90,2194830,卖盘
664,14:02:43,243.92,-0.05,13,317096,买盘
665,14:02:38,243.97,-0.03,98,2390906,中性盘
666,14:02:32,244.0,0.03,19,463600,买盘
667,14:02:28,243.97,--,56,1366232,买盘
668,14:02:23,243.97,--,49,1195453,买盘
669,14:02:17,243.97,-0.04,23,561131,中性盘
670,14:02:13,244.01,0.01,45,1098045,中性盘
671,14:02:08,244.0,-0.5,54,1317600,卖盘
672,14:02:02,244.5,--,10,244500,买盘
673,14:01:58,244.5,0.5,17,415650,买盘
674,14:01:53,244.0,--,30,732000,卖盘
675,14:01:47,244.0,--,31,756400,卖盘
676,14:01:43,244.0,0.06,2,48800,卖盘
677,14:01:38,243.94,--,36,878184,买盘
678,14:01:32,243.94,--,0,0,买盘
679,14:01:28,243.94,0.08,44,1073336,买盘
680,14:01:23,243.86,-0.02,67,1633862,卖盘
681,14:01:17,243.88,-0.06,46,1121848,卖盘
682,14:01:13,243.94,-0.03,40,975760,中性盘
683,14:01:08,243.97,--,40,975880,买盘
684,14:01:02,243.97,--,2,56357,买盘
685,14:00:58,243.97,--,39,951483,买盘
686,14:00:53,243.97,-0.03,73,1780981,卖盘
687,14:00:47,244.0,-0.5,2,48800,卖盘
688,14:00:43,244.5,0.53,22,537900,买盘
689,14:00:38,243.97,0.12,3,73191,中性盘
690,14:00:32,243.85,--,8,195080,卖盘
691,14:00:28,243.85,-0.12,26,634010,卖盘
692,14:00:23,243.97,0.13,30,731910,买盘
693,14:00:17,243.84,-0.01,19,463296,卖盘
694,14:00:13,243.85,--,6,146310,买盘
695,14:00:08,243.85,--,27,658395,买盘
696,14:00:02,243.85,-0.15,91,2221473,卖盘
697,13:59:56,244.0,--,15,366000,卖盘
698,13:59:53,244.0,0.22,19,463600,卖盘
699,13:59:47,243.78,-0.22,116,2849788,卖盘
700,13:59:41,244.0,--,0,0,买盘
701,13:59:38,244.0,--,28,683200,买盘
702,13:59:32,244.0,0.22,128,3123200,买盘
703,13:59:26,243.78,-0.03,41,999498,卖盘
704,13:59:23,243.81,0.05,4,97524,买盘
705,13:59:17,243.76,0.01,7,170632,买盘
706,13:59:11,243.75,-0.03,34,828750,卖盘
707,13:59:08,243.78,-0.02,39,950742,买盘
708,13:59:02,243.8,-0.01,91,2218580,卖盘
709,13:58:56,243.81,--,42,1024002,卖盘
710,13:58:53,243.81,--,74,1804194,卖盘
711,13:58:47,243.81,-0.03,18,438858,卖盘
712,13:58:41,243.84,0.03,1,24384,买盘
713,13:58:38,243.81,0.07,37,919163,买盘
714,13:58:32,243.74,-0.07,93,2266782,卖盘
715,13:58:26,243.81,0.06,58,1414098,买盘
716,13:58:23,243.75,--,75,1828125,买盘
717,13:58:17,243.75,--,6,146250,买盘
718,13:58:11,243.75,-0.06,9,219375,中性盘
719,13:58:08,243.81,--,25,609525,买盘
720,13:58:02,243.81,-0.19,54,1316574,卖盘
721,13:57:56,244.0,0.03,22,536800,买盘
722,13:57:53,243.97,-0.03,25,609925,买盘
723,13:57:47,244.0,0.03,56,1366400,卖盘
724,13:57:38,243.97,--,29,707513,买盘
725,13:57:32,243.97,-0.03,2,48794,中性盘
726,13:57:26,244.0,0.12,76,1854400,买盘
727,13:57:23,243.88,0.07,13,317044,买盘
728,13:57:17,243.81,0.07,52,1267812,卖盘
729,13:57:11,243.74,--,26,633724,买盘
730,13:57:08,243.74,0.01,24,587413,买盘
731,13:57:02,243.73,--,24,584952,买盘
732,13:56:56,243.73,-0.01,13,338784,卖盘
733,13:56:53,243.74,--,104,2534896,买盘
734,13:56:47,243.74,--,52,1267448,买盘
735,13:56:41,243.74,--,20,487480,买盘
736,13:56:37,243.74,-0.04,130,3168620,卖盘
737,13:56:32,243.78,0.01,35,853230,卖盘
738,13:56:26,243.77,-0.02,51,1243227,卖盘
739,13:56:22,243.79,--,27,658233,卖盘
740,13:56:17,243.79,-0.01,14,341306,卖盘
741,13:56:11,243.8,0.03,1,24380,买盘
742,13:56:07,243.77,-0.02,36,877572,卖盘
743,13:56:02,243.79,0.02,13,316927,买盘
744,13:55:56,243.77,-0.02,2,48754,卖盘
745,13:55:52,243.79,0.02,31,755749,买盘
746,13:55:47,243.77,-0.06,115,2803355,卖盘
747,13:55:41,243.83,--,1,24383,买盘
748,13:55:37,243.83,--,47,1146001,买盘
749,13:55:32,243.83,-0.03,37,902171,卖盘
750,13:55:26,243.86,-0.01,22,536492,卖盘
751,13:55:22,243.87,-0.08,17,414579,卖盘
752,13:55:17,243.95,0.05,41,1000195,买盘
753,13:55:07,243.9,-0.07,31,756090,卖盘
754,13:55:02,243.97,-0.03,30,731910,卖盘
755,13:54:56,244.0,-0.01,4,97600,买盘
756,13:54:52,244.01,--,2,48802,买盘
757,13:54:47,244.01,0.11,21,512421,买盘
758,13:54:41,243.9,--,1,24390,卖盘
759,13:54:37,243.9,0.03,29,707310,买盘
760,13:54:32,243.87,-0.11,39,951093,卖盘
761,13:54:26,243.98,--,17,414766,买盘
762,13:54:22,243.98,0.16,30,731940,买盘
763,13:54:17,243.82,-0.16,38,926516,卖盘
764,13:54:11,243.98,-0.02,13,317174,买盘
765,13:54:07,244.0,-0.34,120,2928000,卖盘
766,13:54:02,244.34,0.59,1,24434,买盘
767,13:53:56,243.75,-0.25,101,2461875,卖盘
768,13:53:52,244.0,0.2,16,390400,买盘
769,13:53:47,243.8,0.02,45,1097100,买盘
770,13:53:41,243.78,-0.19,40,975120,卖盘
771,13:53:36,243.97,0.12,15,365955,买盘
772,13:53:32,243.85,-0.04,34,829090,卖盘
773,13:53:26,243.89,-0.1,67,1643818,卖盘
774,13:53:22,243.99,0.02,48,1171152,买盘
775,13:53:17,243.97,-0.34,108,2634876,卖盘
776,13:53:11,244.31,0.31,5,122155,买盘
777,13:53:07,244.0,-0.35,113,2757200,卖盘
778,13:53:02,244.35,--,12,293220,买盘
779,13:52:56,244.35,0.35,18,439830,买盘
780,13:52:47,244.0,--,48,1171200,卖盘
781,13:52:41,244.0,0.01,32,780800,买盘
782,13:52:35,243.99,--,0,0,买盘
783,13:52:32,243.99,0.01,17,414783,买盘
784,13:52:26,243.98,-0.01,18,439164,中性盘
785,13:52:20,243.99,0.09,9,231790,买盘
786,13:52:17,243.9,-0.07,54,1317060,卖盘
787,13:52:11,243.97,0.21,105,2564124,买盘
788,13:52:05,243.76,-0.09,65,1584440,卖盘
789,13:52:02,243.85,0.05,56,1365560,买盘
790,13:51:56,243.8,-0.17,138,3364440,卖盘
791,13:51:50,243.97,--,1,24397,买盘
792,13:51:47,243.97,-0.38,47,1168616,卖盘
793,13:51:40,244.35,0.35,18,442273,买盘
794,13:51:35,244.0,-0.35,9,219600,卖盘
795,13:51:31,244.35,0.35,1,24435,买盘
796,13:51:26,244.0,--,3,73200,卖盘
797,13:51:19,244.0,0.2,2,48800,买盘
798,13:51:16,243.8,0.03,153,3730140,买盘
799,13:51:11,243.77,--,10,243770,卖盘
800,13:51:05,243.77,0.01,49,1194473,买盘
801,13:51:02,243.76,0.03,31,758093,买盘
802,13:50:56,243.73,--,22,536206,买盘
803,13:50:50,243.73,--,8,194984,买盘
804,13:50:46,243.73,-0.04,114,2800457,卖盘
805,13:50:41,243.77,--,10,243770,买盘
806,13:50:32,243.77,0.02,9,219393,中性盘
807,13:50:26,243.75,-0.1,199,4850625,卖盘
808,13:50:20,243.85,0.09,4,97540,买盘
809,13:50:17,243.76,--,26,633776,买盘
810,13:50:11,243.76,-0.05,35,853160,卖盘
811,13:50:05,243.81,-0.04,5,121905,卖盘
812,13:50:01,243.85,--,2,48770,买盘
813,13:49:56,243.85,--,19,463315,买盘
814,13:49:50,243.85,--,1,24385,买盘
815,13:49:46,243.85,-0.15,21,512085,卖盘
816,13:49:41,244.0,0.03,41,1000400,买盘
817,13:49:35,243.97,--,1,24397,买盘
818,13:49:31,243.97,0.21,33,805101,买盘
819,13:49:26,243.76,-0.21,7,170632,中性盘
820,13:49:20,243.97,0.2,96,2342112,买盘
821,13:49:16,243.77,0.01,8,195016,卖盘
822,13:49:11,243.76,--,0,0,卖盘
823,13:49:05,243.76,-0.59,41,999416,卖盘
824,13:49:01,244.35,0.6,1,24435,买盘
825,13:48:56,243.75,-0.25,106,2586187,卖盘
826,13:48:50,244.0,--,1,24400,买盘
827,13:48:46,244.0,0.25,27,658800,买盘
828,13:48:41,243.75,0.02,119,2900625,买盘
829,13:48:34,243.73,--,26,633698,卖盘
830,13:48:31,243.73,-0.27,29,706817,卖盘
831,13:48:26,244.0,0.27,42,1024800,买盘
832,13:48:16,243.73,-0.02,26,633698,卖盘
833,13:48:11,243.75,0.02,91,2218125,买盘
834,13:48:05,243.73,--,3,73119,买盘
835,13:48:01,243.73,--,36,877428,买盘
836,13:47:56,243.73,-0.01,66,1608618,卖盘
837,13:47:50,243.74,--,2,48748,买盘
838,13:47:46,243.74,-0.04,83,2023042,卖盘
839,13:47:41,243.78,--,54,1316412,买盘
840,13:47:35,243.78,--,2,48756,买盘
841,13:47:31,243.78,0.01,12,292536,买盘
842,13:47:26,243.77,-0.04,23,577734,卖盘
843,13:47:16,243.81,--,1,24381,卖盘
844,13:47:11,243.81,0.05,6,153600,买盘
845,13:47:05,243.76,-0.02,21,511896,卖盘
846,13:47:01,243.78,--,73,1779594,买盘
847,13:46:56,243.78,-0.06,52,1284720,卖盘
848,13:46:45,243.84,0.03,10,251155,买盘
849,13:46:41,243.81,0.01,5,121905,中性盘
850,13:46:35,243.8,--,131,3193780,卖盘
851,13:46:31,243.8,-0.01,34,828920,卖盘
852,13:46:26,243.81,--,88,2145528,买盘
853,13:46:20,243.81,--,3,73143,买盘
854,13:46:15,243.81,-0.13,29,707049,卖盘
855,13:46:11,243.94,-0.03,8,195152,中性盘
856,13:46:05,243.97,0.12,17,414749,买盘
857,13:45:56,243.85,0.1,63,1536255,买盘
858,13:45:50,243.75,-0.03,59,1438125,卖盘
859,13:45:41,243.78,0.04,67,1633326,买盘
860,13:45:35,243.74,--,37,901838,卖盘
861,13:45:29,243.74,-0.04,47,1145578,卖盘
862,13:45:25,243.78,-0.02,18,458306,买盘
863,13:45:20,243.8,-0.08,14,360824,卖盘
864,13:45:14,243.88,0.07,6,156083,中性盘
865,13:45:10,243.81,--,154,3754674,卖盘
866,13:45:05,243.81,-0.07,31,755811,卖盘
867,13:44:59,243.88,--,14,341432,买盘
868,13:44:55,243.88,-0.06,34,829192,卖盘
869,13:44:50,243.94,--,0,0,中性盘
870,13:44:43,243.94,--,15,365910,买盘
871,13:44:40,243.94,--,7,170758,买盘
872,13:44:35,243.94,-0.03,49,1195306,卖盘
873,13:44:29,243.97,-0.03,6,146382,卖盘
874,13:44:25,244.0,0.03,21,512400,买盘
875,13:44:20,243.97,0.17,58,1415026,买盘
876,13:44:14,243.8,-0.17,16,390080,卖盘
877,13:44:10,243.97,--,15,365955,买盘
878,13:44:04,243.97,-0.16,11,268367,卖盘
879,13:43:59,244.13,0.13,2,48826,卖盘
880,13:43:55,244.0,--,5,122000,卖盘
881,13:43:50,244.0,0.26,109,2659600,买盘
882,13:43:44,243.74,-0.06,8,194992,卖盘
883,13:43:40,243.8,-0.2,18,438840,卖盘
884,13:43:35,244.0,0.2,140,3416000,买盘
885,13:43:29,243.8,0.07,1,24380,买盘
886,13:43:25,243.73,--,8,194984,卖盘
887,13:43:20,243.73,--,10,243730,买盘
888,13:43:14,243.73,--,1,24373,买盘
889,13:43:10,243.73,--,34,835750,卖盘
890,13:43:05,243.73,--,90,2193570,买盘
891,13:42:59,243.73,0.01,12,292476,买盘
892,13:42:55,243.72,-0.01,102,2485944,卖盘
893,13:42:50,243.73,--,143,3485339,买盘
894,13:42:44,243.73,--,8,194984,买盘
895,13:42:40,243.73,0.01,19,463087,买盘
896,13:42:35,243.72,-0.01,37,901764,卖盘
897,13:42:29,243.73,--,16,389968,买盘
898,13:42:25,243.73,--,114,2778522,买盘
899,13:42:20,243.73,--,25,609325,买盘
900,13:42:14,243.73,--,5,121865,买盘
901,13:42:10,243.73,--,13,316849,买盘
902,13:42:05,243.73,-0.06,76,1852348,卖盘
903,13:41:59,243.79,--,10,243790,买盘
904,13:41:55,243.79,0.04,82,1999078,买盘
905,13:41:50,243.75,--,19,463125,卖盘
906,13:41:44,243.75,--,18,438750,卖盘
907,13:41:40,243.75,--,62,1511250,买盘
908,13:41:35,243.75,--,53,1291875,买盘
909,13:41:29,243.75,0.02,5,121875,买盘
910,13:41:25,243.73,--,48,1169904,买盘
911,13:41:20,243.73,--,6,146238,买盘
912,13:41:14,243.73,--,2,48746,买盘
913,13:41:10,243.73,0.01,112,2729776,买盘
914,13:41:05,243.72,-0.01,12,292464,卖盘
915,13:40:59,243.73,--,7,170611,买盘
916,13:40:55,243.73,--,55,1340515,买盘
917,13:40:50,243.73,--,10,264203,买盘
918,13:40:44,243.73,--,14,341222,买盘
919,13:40:40,243.73,0.01,67,1632991,买盘
920,13:40:35,243.72,-0.01,27,658044,卖盘
921,13:40:29,243.73,--,55,1340515,买盘
922,13:40:25,243.73,--,36,877428,买盘
923,13:40:20,243.73,0.02,5,121865,买盘
924,13:40:14,243.71,-0.02,31,755501,卖盘
925,13:40:10,243.73,--,38,926174,买盘
926,13:40:04,243.73,--,114,2778522,买盘
927,13:39:58,243.73,--,12,292476,买盘
928,13:39:55,243.73,--,7,170611,买盘
929,13:39:50,243.73,--,22,536206,买盘
930,13:39:44,243.73,--,18,438714,买盘
931,13:39:40,243.73,--,37,901801,买盘
932,13:39:35,243.73,--,17,414341,买盘
933,13:39:29,243.73,0.01,9,219357,买盘
934,13:39:25,243.72,-0.01,11,268092,卖盘
935,13:39:19,243.73,-0.05,136,3314728,卖盘
936,13:39:14,243.78,0.03,33,804474,中性盘
937,13:39:07,243.75,--,10,243750,卖盘
938,13:39:04,243.75,-0.05,55,1340625,卖盘
939,13:38:59,243.8,0.03,14,341320,买盘
940,13:38:53,243.77,-0.03,11,268147,卖盘
941,13:38:50,243.8,0.06,25,609500,买盘
942,13:38:44,243.74,-0.01,74,1803676,卖盘
943,13:38:37,243.75,-0.05,1,24375,卖盘
944,13:38:34,243.8,--,12,292560,中性盘
945,13:38:23,243.8,--,141,3437580,卖盘
946,13:38:19,243.8,0.06,52,1267760,买盘
947,13:38:14,243.74,--,71,1730554,买盘
948,13:38:08,243.74,--,13,316862,买盘
949,13:38:04,243.74,-0.01,78,1901172,卖盘
950,13:37:59,243.75,-0.05,82,1998750,卖盘
951,13:37:53,243.8,0.02,4,97520,买盘
952,13:37:49,243.78,-0.02,5,121890,卖盘
953,13:37:44,243.8,--,19,463220,买盘
954,13:37:37,243.8,0.05,2,48760,买盘
955,13:37:34,243.75,-0.03,103,2510625,卖盘
956,13:37:29,243.78,0.03,110,2681580,买盘
957,13:37:23,243.75,-0.05,33,804375,卖盘
958,13:37:19,243.8,0.04,62,1511560,买盘
959,13:37:13,243.76,-0.04,2,48752,中性盘
960,13:37:08,243.8,0.05,7,170660,买盘
961,13:37:04,243.75,-0.05,175,4265625,卖盘
962,13:36:59,243.8,--,16,390080,买盘
963,13:36:53,243.8,-0.02,6,146280,卖盘
964,13:36:49,243.82,0.02,82,1999324,买盘
965,13:36:44,243.8,-0.02,100,2438000,卖盘
966,13:36:38,243.82,--,62,1511684,买盘
967,13:36:34,243.82,0.02,32,780224,中性盘
968,13:36:28,243.8,-0.08,84,2047920,卖盘
969,13:36:23,243.88,--,7,170716,买盘
970,13:36:19,243.88,--,4,97552,买盘
971,13:36:13,243.88,--,86,2097368,卖盘
972,13:36:07,243.88,--,22,536536,买盘
973,13:36:04,243.88,-0.01,14,341432,买盘
974,13:35:59,243.89,0.04,127,3097403,买盘
975,13:35:53,243.85,-0.03,44,1072940,卖盘
976,13:35:49,243.88,--,29,707252,卖盘
977,13:35:43,243.88,-0.01,130,3170440,卖盘
978,13:35:38,243.89,--,5,121945,买盘
979,13:35:34,243.89,-0.05,36,878004,卖盘
980,13:35:28,243.94,0.03,22,536668,买盘
981,13:35:22,243.91,--,2,48782,卖盘
982,13:35:19,243.91,-0.01,112,2731792,卖盘
983,13:35:13,243.92,--,2,48784,买盘
984,13:35:07,243.92,-0.08,34,829328,卖盘
985,13:35:04,244.0,0.04,60,1464000,买盘
986,13:34:59,243.96,0.02,39,951444,卖盘
987,13:34:53,243.94,-0.06,23,561062,卖盘
988,13:34:49,244.0,0.01,19,463600,买盘
989,13:34:43,243.99,--,147,3586653,买盘
990,13:34:37,243.99,--,1,24399,买盘
991,13:34:34,243.99,--,6,146394,买盘
992,13:34:28,243.99,-0.04,68,1659132,卖盘
993,13:34:23,244.03,0.04,1,24403,卖盘
994,13:34:19,243.99,-0.01,1,24399,买盘
995,13:34:14,244.0,--,11,268400,买盘
996,13:34:07,244.0,--,1,24400,买盘
997,13:34:04,244.0,--,40,976000,买盘
998,13:33:58,244.0,0.09,39,951600,买盘
999,13:33:53,243.91,-0.03,113,2756183,卖盘
1000,13:33:49,243.94,0.07,59,1439246,买盘
1001,13:33:43,243.87,-0.03,44,1073028,卖盘
1002,13:33:38,243.9,-0.04,10,243900,卖盘
1003,13:33:34,243.94,--,127,3098038,买盘
1004,13:33:29,243.94,0.02,32,780608,买盘
1005,13:33:22,243.92,-0.05,44,1073248,卖盘
1006,13:33:19,243.97,--,117,2854449,买盘
1007,13:33:14,243.97,--,9,219573,买盘
1008,13:33:08,243.97,--,3,73191,买盘
1009,13:33:04,243.97,--,111,2708067,买盘
1010,13:32:58,243.97,-0.12,75,1829775,卖盘
1011,13:32:52,244.09,--,18,439362,买盘
1012,13:32:48,244.09,0.09,40,976360,买盘
1013,13:32:44,244.0,-0.1,85,2074000,卖盘
1014,13:32:38,244.1,-0.01,5,122050,卖盘
1015,13:32:33,244.11,-0.05,105,2563155,卖盘
1016,13:32:29,244.16,0.01,365,8924048,卖盘
1017,13:32:22,244.15,0.02,10,244150,卖盘
1018,13:32:19,244.13,-0.37,1,24413,买盘
1019,13:32:13,244.5,0.4,3,73350,买盘
1020,13:32:07,244.1,-0.05,57,1391370,卖盘
1021,13:32:01,244.15,-0.2,33,805695,卖盘
1022,13:31:58,244.35,0.25,3,73305,买盘
1023,13:31:53,244.1,-0.25,88,2148080,卖盘
1024,13:31:47,244.35,0.24,1,24435,买盘
1025,13:31:43,244.11,-0.02,21,512631,卖盘
1026,13:31:37,244.13,0.03,11,280749,买盘
1027,13:31:32,244.1,-0.06,92,2257925,卖盘
1028,13:31:28,244.16,0.03,89,2173024,中性盘
1029,13:31:23,244.13,--,13,317369,卖盘
1030,13:31:13,244.13,0.03,98,2404680,买盘
1031,13:31:07,244.1,--,24,585840,买盘
1032,13:31:02,244.1,--,11,268510,买盘
1033,13:30:58,244.1,-0.03,32,781120,卖盘
1034,13:30:52,244.13,--,5,122065,卖盘
1035,13:30:47,244.13,--,5,122065,卖盘
1036,13:30:43,244.13,0.04,51,1245063,买盘
1037,13:30:37,244.09,-0.04,114,2782626,卖盘
1038,13:30:31,244.13,0.02,21,512673,买盘
1039,13:30:28,244.11,-0.02,11,268521,卖盘
1040,13:30:22,244.13,-0.09,11,268543,卖盘
1041,13:30:16,244.22,--,1,24422,买盘
1042,13:30:13,244.22,0.07,5,122110,卖盘
1043,13:30:07,244.15,0.04,95,2319425,中性盘
1044,13:30:02,244.11,-0.04,18,439398,卖盘
1045,13:29:58,244.15,0.05,3,73245,买盘
1046,13:29:52,244.1,-0.05,6,146460,卖盘
1047,13:29:46,244.15,--,5,122075,卖盘
1048,13:29:43,244.15,0.05,15,366225,买盘
1049,13:29:37,244.1,--,33,805530,买盘
1050,13:29:31,244.1,--,2,48820,买盘
1051,13:29:28,244.1,-0.03,163,3978830,卖盘
1052,13:29:22,244.13,-0.1,11,268543,卖盘
1053,13:29:16,244.23,--,0,0,买盘
1054,13:29:13,244.23,0.01,24,586152,买盘
1055,13:29:08,244.22,0.08,63,1538586,中性盘
1056,13:29:01,244.14,-0.09,9,219726,卖盘
1057,13:28:58,244.23,0.09,1,24423,买盘
1058,13:28:52,244.14,-0.08,116,2832024,卖盘
1059,13:28:46,244.22,0.09,66,1611852,买盘
1060,13:28:43,244.13,--,34,830042,卖盘
1061,13:28:37,244.13,0.01,8,195304,中性盘
1062,13:28:31,244.12,--,12,292944,卖盘
1063,13:28:27,244.12,--,46,1122952,卖盘
1064,13:28:22,244.12,-0.1,48,1171776,卖盘
1065,13:28:16,244.22,0.1,1,24422,买盘
1066,13:28:12,244.12,--,8,195296,卖盘
1067,13:28:07,244.12,--,173,4223276,买盘
1068,13:28:01,244.12,-0.08,10,244120,卖盘
1069,13:27:57,244.2,0.1,9,219780,买盘
1070,13:27:52,244.1,0.02,211,5150510,中性盘
1071,13:27:46,244.08,-0.04,38,927504,卖盘
1072,13:27:43,244.12,-0.11,8,195296,卖盘
1073,13:27:37,244.23,--,97,2392232,卖盘
1074,13:27:31,244.23,--,1,24423,卖盘
1075,13:27:28,244.23,0.13,105,2565636,买盘
1076,13:27:22,244.1,--,33,805530,买盘
1077,13:27:16,244.1,-0.1,39,975179,卖盘
1078,13:27:13,244.2,0.1,7,170940,卖盘
1079,13:27:07,244.1,-0.11,98,2392180,卖盘
1080,13:27:01,244.21,0.09,83,2026943,买盘
1081,13:26:58,244.12,-0.01,15,366180,卖盘
1082,13:26:52,244.13,--,23,561499,买盘
1083,13:26:46,244.13,-0.07,21,512673,卖盘
1084,13:26:42,244.2,-0.03,4,97680,中性盘
1085,13:26:37,244.23,--,46,1128342,买盘
1086,13:26:31,244.23,-0.27,4,117230,卖盘
1087,13:26:27,244.5,0.27,17,415650,买盘
1088,13:26:22,244.23,0.03,20,488460,卖盘
1089,13:26:13,244.2,0.08,10,244200,卖盘
1090,13:26:07,244.12,-0.08,23,561476,卖盘
1091,13:26:01,244.2,--,15,366300,卖盘
1092,13:25:57,244.2,--,27,660561,卖盘
1093,13:25:52,244.2,-0.03,110,2686200,卖盘
1094,13:25:46,244.23,0.1,24,586152,买盘
1095,13:25:42,244.13,-0.07,55,1342715,卖盘
1096,13:25:37,244.2,0.04,16,390720,买盘
1097,13:25:31,244.16,-0.04,30,732480,中性盘
1098,13:25:27,244.2,--,154,3760680,买盘
1099,13:25:22,244.2,-0.29,62,1514040,卖盘
1100,13:25:16,244.49,0.26,1,24449,买盘
1101,13:25:12,244.23,0.02,24,586152,卖盘
1102,13:25:07,244.21,-0.02,106,2588626,卖盘
1103,13:25:01,244.23,0.11,4,97692,买盘
1104,13:24:52,244.12,-0.11,37,903244,卖盘
1105,13:24:46,244.23,-0.04,110,2686530,中性盘
1106,13:24:40,244.27,--,0,0,买盘
1107,13:24:37,244.27,0.07,2,48854,买盘
1108,13:24:31,244.2,0.09,88,2148960,买盘
1109,13:24:25,244.11,--,66,1611126,买盘
1110,13:24:22,244.11,-0.01,76,1855236,卖盘
1111,13:24:16,244.12,--,18,439416,买盘
1112,13:24:10,244.12,-0.08,6,146472,卖盘
1113,13:24:07,244.2,0.08,110,2686200,买盘
1114,13:24:01,244.12,-0.08,120,2929440,卖盘
1115,13:23:55,244.2,--,10,244200,买盘
1116,13:23:52,244.2,-0.07,55,1343100,卖盘
1117,13:23:46,244.27,--,75,1832025,买盘
1118,13:23:40,244.27,--,2,48854,买盘
1119,13:23:37,244.27,0.07,16,390832,中性盘
1120,13:23:31,244.2,-0.15,70,1709400,卖盘
1121,13:23:25,244.35,--,11,268785,买盘
1122,13:23:22,244.35,--,2,48870,买盘
1123,13:23:16,244.35,-0.03,28,684180,卖盘
1124,13:23:10,244.38,-0.08,22,537636,卖盘
1125,13:23:07,244.46,0.08,75,1833450,买盘
1126,13:23:01,244.38,0.08,21,513198,买盘
1127,13:22:55,244.3,0.04,62,1514660,买盘
1128,13:22:52,244.26,-0.01,52,1270152,卖盘
1129,13:22:46,244.27,--,96,2344992,买盘
1130,13:22:40,244.27,--,1,24427,买盘
1131,13:22:37,244.27,--,11,268697,买盘
1132,13:22:31,244.27,-0.19,29,708383,卖盘
1133,13:22:25,244.46,--,2,48892,买盘
1134,13:22:22,244.46,-0.03,19,464474,卖盘
1135,13:22:16,244.49,-0.01,1,24449,卖盘
1136,13:22:10,244.5,--,1,24450,买盘
1137,13:22:07,244.5,--,82,2004900,买盘
1138,13:22:01,244.5,0.24,11,268950,买盘
1139,13:21:55,244.26,--,1,24426,买盘
1140,13:21:52,244.26,0.03,11,268686,卖盘
1141,13:21:46,244.23,-0.04,35,854805,卖盘
1142,13:21:40,244.27,-0.23,1,24427,中性盘
1143,13:21:37,244.5,0.27,14,342300,买盘
1144,13:21:31,244.23,--,90,2198070,买盘
1145,13:21:25,244.23,--,14,341922,买盘
1146,13:21:22,244.23,--,54,1318842,买盘
1147,13:21:16,244.23,--,28,683844,买盘
1148,13:21:10,244.23,--,10,244230,买盘
1149,13:21:07,244.23,-0.04,93,2271339,卖盘
1150,13:21:01,244.27,--,1,24427,买盘
1151,13:20:55,244.27,-0.03,19,464113,卖盘
1152,13:20:51,244.3,-0.2,8,195440,中性盘
1153,13:20:46,244.5,--,157,3838650,买盘
1154,13:20:40,244.5,--,1,24450,买盘
1155,13:20:37,244.5,--,114,2787300,买盘
1156,13:20:31,244.5,--,83,2029350,买盘
1157,13:20:25,244.5,--,33,806850,买盘
1158,13:20:21,244.5,--,134,3276300,买盘
1159,13:20:16,244.5,0.25,7,171150,买盘
1160,13:20:10,244.25,--,1,24425,买盘
1161,13:20:06,244.25,-0.05,28,683900,卖盘
1162,13:20:01,244.3,-0.2,36,879480,卖盘
1163,13:19:55,244.5,--,104,2542800,买盘
1164,13:19:51,244.5,--,26,635700,买盘
1165,13:19:46,244.5,--,206,5036700,买盘
1166,13:19:40,244.5,0.19,14,342300,买盘
1167,13:19:37,244.31,--,84,2052204,卖盘
1168,13:19:31,244.31,--,12,293172,买盘
1169,13:19:25,244.31,--,25,610775,买盘
1170,13:19:22,244.31,--,25,610775,中性盘
1171,13:19:16,244.31,0.01,8,195448,买盘
1172,13:19:10,244.3,0.02,3,73290,卖盘
1173,13:19:06,244.28,--,145,3542060,卖盘
1174,13:19:01,244.28,--,25,610700,买盘
1175,13:18:55,244.28,--,28,683984,买盘
1176,13:18:51,244.28,--,15,366420,买盘
1177,13:18:46,244.28,-0.22,61,1490108,卖盘
1178,13:18:40,244.5,0.19,1,24450,买盘
1179,13:18:36,244.31,--,57,1392567,卖盘
1180,13:18:31,244.31,0.01,4,97724,买盘
1181,13:18:25,244.3,0.03,104,2540720,买盘
1182,13:18:21,244.27,-0.04,200,4885400,卖盘
1183,13:18:16,244.31,--,28,684068,买盘
1184,13:18:10,244.31,--,3,73293,买盘
1185,13:18:06,244.31,--,39,952809,买盘
1186,13:18:01,244.31,0.05,3,73293,买盘
1187,13:17:55,244.26,--,10,244260,卖盘
1188,13:17:49,244.26,-0.22,2,48852,卖盘
1189,13:17:46,244.48,--,97,2371456,买盘
1190,13:17:40,244.48,0.22,1,24448,买盘
1191,13:17:34,244.26,--,26,635076,卖盘
1192,13:17:31,244.26,--,58,1416708,买盘
1193,13:17:25,244.26,0.03,21,512946,买盘
1194,13:17:19,244.23,-0.03,2,48846,卖盘
1195,13:17:16,244.26,0.02,14,341964,买盘
1196,13:17:10,244.24,0.03,126,3077424,买盘
1197,13:17:04,244.21,-0.02,19,463999,中性盘
1198,13:17:01,244.23,--,121,2955183,买盘
1199,13:16:55,244.23,0.02,14,341922,买盘
1200,13:16:49,244.21,-0.28,6,146526,卖盘
1201,13:16:46,244.49,--,14,342286,买盘
1202,13:16:40,244.49,--,13,317837,买盘
1203,13:16:34,244.49,0.29,15,366735,买盘
1204,13:16:31,244.2,0.08,20,488400,买盘
1205,13:16:25,244.12,-0.38,89,2172668,卖盘
1206,13:16:19,244.5,0.3,3,73350,买盘
1207,13:16:16,244.2,-0.05,91,2222220,卖盘
1208,13:16:10,244.25,-0.25,46,1123550,中性盘
1209,13:16:04,244.5,0.3,144,3520800,买盘
1210,13:16:01,244.2,--,26,634920,买盘
1211,13:15:55,244.2,--,9,219780,买盘
1212,13:15:49,244.2,0.09,5,122100,买盘
1213,13:15:46,244.11,0.03,24,585864,买盘
1214,13:15:40,244.08,--,102,2489616,买盘
1215,13:15:34,244.08,0.02,20,488160,买盘
1216,13:15:31,244.06,-0.05,6,146436,卖盘
1217,13:15:25,244.11,0.05,101,2465511,买盘
1218,13:15:19,244.06,0.01,12,292872,买盘
1219,13:15:16,244.05,-0.01,52,1269060,卖盘
1220,13:15:10,244.06,-0.04,23,561338,买盘
1221,13:15:04,244.1,0.04,202,4930820,买盘
1222,13:15:01,244.06,-0.03,32,780992,卖盘
1223,13:14:55,244.09,-0.01,4,97636,卖盘
1224,13:14:49,244.1,--,16,390560,买盘
1225,13:14:46,244.1,-0.01,22,537020,卖盘
1226,13:14:40,244.11,0.01,7,170877,买盘
1227,13:14:34,244.1,-0.01,15,366150,卖盘
1228,13:14:31,244.11,--,82,2001702,买盘
1229,13:14:25,244.11,--,57,1391427,买盘
1230,13:14:19,244.11,--,2,48822,买盘
1231,13:14:15,244.11,0.01,82,2001702,买盘
1232,13:14:10,244.1,-0.01,55,1342550,卖盘
1233,13:14:04,244.11,-0.04,53,1293783,卖盘
1234,13:14:00,244.15,0.01,28,683620,买盘
1235,13:13:55,244.14,--,61,1489254,买盘
1236,13:13:49,244.14,--,3,73242,买盘
1237,13:13:45,244.14,--,28,683592,买盘
1238,13:13:40,244.14,--,294,7177716,卖盘
1239,13:13:34,244.14,-0.01,7,170898,卖盘
1240,13:13:30,244.15,0.01,62,1513730,卖盘
1241,13:13:25,244.14,-0.03,71,1733394,卖盘
1242,13:13:15,244.17,--,28,683676,买盘
1243,13:13:10,244.17,0.05,245,5982165,买盘
1244,13:13:04,244.12,-0.01,91,2221492,卖盘
1245,13:13:00,244.13,0.02,63,1538019,买盘
1246,13:12:55,244.11,-0.01,59,1440249,卖盘
1247,13:12:49,244.12,-0.02,1,24412,买盘
1248,13:12:45,244.14,-0.03,61,1489254,卖盘
1249,13:12:40,244.17,--,47,1147599,卖盘
1250,13:12:34,244.17,-0.03,21,512757,卖盘
1251,13:12:30,244.2,0.03,502,12258840,买盘
1252,13:12:25,244.17,--,4,97668,卖盘
1253,13:12:15,244.17,--,47,1147599,买盘
1254,13:12:10,244.17,0.06,4,97668,买盘
1255,13:12:04,244.11,-0.06,73,1782003,卖盘
1256,13:12:00,244.17,--,36,879012,买盘
1257,13:11:55,244.17,-0.03,36,879012,卖盘
1258,13:11:49,244.2,--,3,73260,卖盘
1259,13:11:45,244.2,0.12,460,11233200,买盘
1260,13:11:40,244.08,-0.12,157,3832056,卖盘
1261,13:11:34,244.2,--,20,488400,买盘
1262,13:11:30,244.2,-0.1,118,2881560,卖盘
1263,13:11:25,244.3,--,174,4250820,卖盘
1264,13:11:19,244.3,--,0,0,卖盘
1265,13:11:15,244.3,--,11,268730,卖盘
1266,13:11:10,244.3,0.02,28,684040,中性盘
1267,13:11:04,244.28,--,91,2232719,买盘
1268,13:10:58,244.28,0.02,9,219852,买盘
1269,13:10:55,244.26,-0.02,32,781632,卖盘
1270,13:10:49,244.28,--,31,757268,中性盘
1271,13:10:43,244.28,--,4,97712,卖盘
1272,13:10:40,244.28,-0.19,107,2613796,卖盘
1273,13:10:34,244.47,0.16,14,342258,买盘
1274,13:10:28,244.31,--,1,24431,卖盘
1275,13:10:25,244.31,0.03,27,659637,买盘
1276,13:10:19,244.28,--,2,48856,卖盘
1277,13:10:13,244.28,-0.03,2,48856,卖盘
1278,13:10:10,244.31,0.05,40,977240,买盘
1279,13:10:04,244.26,-0.02,44,1074744,卖盘
1280,13:09:58,244.28,--,46,1123688,卖盘
1281,13:09:49,244.28,--,50,1221400,买盘
1282,13:09:43,244.28,0.03,10,244280,买盘
1283,13:09:40,244.25,-0.03,21,512925,卖盘
1284,13:09:34,244.28,--,95,2320660,买盘
1285,13:09:28,244.28,0.08,1,24428,买盘
1286,13:09:25,244.2,-0.05,58,1416360,卖盘
1287,13:09:19,244.25,--,10,244250,买盘
1288,13:09:13,244.25,0.05,24,586200,买盘
1289,13:09:10,244.2,-0.08,25,610500,卖盘
1290,13:09:04,244.28,--,5,122140,卖盘
1291,13:08:58,244.28,0.18,1,24428,卖盘
1292,13:08:55,244.1,-0.18,75,1830750,卖盘
1293,13:08:49,244.28,--,9,219852,买盘
1294,13:08:43,244.28,--,2,48856,买盘
1295,13:08:40,244.28,-0.19,23,561844,卖盘
1296,13:08:34,244.47,--,9,220023,买盘
1297,13:08:28,244.47,0.38,1,24447,买盘
1298,13:08:25,244.09,-0.38,21,512589,卖盘
1299,13:08:19,244.47,0.4,32,782304,卖盘
1300,13:08:13,244.07,--,0,0,卖盘
1301,13:08:10,244.07,-0.83,23,561361,卖盘
1302,13:08:04,244.9,0.83,25,612250,买盘
1303,13:07:58,244.07,0.03,2,48814,买盘
1304,13:07:55,244.04,--,20,488080,买盘
1305,13:07:49,244.04,--,111,2708844,卖盘
1306,13:07:43,244.04,-0.46,19,463676,卖盘
1307,13:07:39,244.5,--,30,733500,中性盘
1308,13:07:34,244.5,-0.8,61,1491450,卖盘
1309,13:07:28,245.3,0.48,1,24530,买盘
1310,13:07:25,244.82,0.78,51,1248582,买盘
1311,13:07:19,244.04,--,26,634504,买盘
1312,13:07:13,244.04,-0.03,63,1537452,卖盘
1313,13:07:09,244.07,--,47,1147129,卖盘
1314,13:07:04,244.07,-0.43,27,658989,卖盘
1315,13:06:58,244.5,0.43,2,48900,买盘
1316,13:06:54,244.07,-0.43,11,268477,中性盘
1317,13:06:49,244.5,0.43,146,3569700,买盘
1318,13:06:43,244.07,-0.66,27,658989,卖盘
1319,13:06:39,244.73,0.23,18,440514,买盘
1320,13:06:34,244.5,-0.44,61,1497807,卖盘
1321,13:06:28,244.94,0.12,8,195952,买盘
1322,13:06:24,244.82,-0.06,41,1003762,卖盘
1323,13:06:19,244.88,-0.06,6,146928,卖盘
1324,13:06:09,244.94,--,95,2326930,买盘
1325,13:06:04,244.94,--,35,857290,买盘
1326,13:05:58,244.94,-0.03,8,195952,卖盘
1327,13:05:54,244.97,--,78,1910766,买盘
1328,13:05:49,244.97,-0.04,53,1298341,卖盘
1329,13:05:43,245.01,-0.39,5,122505,买盘
1330,13:05:39,245.4,0.61,56,1374240,买盘
1331,13:05:34,244.79,-0.68,98,2398942,卖盘
1332,13:05:28,245.47,0.67,10,245470,买盘
1333,13:05:24,244.8,-0.2,63,1542240,卖盘
1334,13:05:19,245.0,-0.47,29,710500,卖盘
1335,13:05:13,245.47,0.66,4,98188,买盘
1336,13:05:09,244.81,-0.69,76,1860556,卖盘
1337,13:05:04,245.5,--,53,1301150,卖盘
1338,13:04:58,245.5,0.7,90,2209500,买盘
1339,13:04:54,244.8,-0.01,67,1640160,卖盘
1340,13:04:49,244.81,--,60,1468860,买盘
1341,13:04:43,244.81,-0.19,42,1028202,卖盘
1342,13:04:38,245.0,-0.45,68,1666000,卖盘
1343,13:04:34,245.45,-0.02,17,417265,卖盘
1344,13:04:28,245.47,0.47,2,49094,中性盘
1345,13:04:23,245.0,-0.49,139,3405500,卖盘
1346,13:04:19,245.49,0.49,71,1761145,买盘
1347,13:04:13,245.0,0.2,6,147000,买盘
1348,13:04:09,244.8,-1.2,108,2650204,卖盘
1349,13:04:04,246.0,0.5,168,4132800,买盘
1350,13:03:58,245.5,0.5,33,810150,买盘
1351,13:03:53,245.0,-0.47,143,3521630,卖盘
1352,13:03:49,245.47,0.47,150,3682050,买盘
1353,13:03:43,245.0,0.03,96,2352000,买盘
1354,13:03:37,244.97,-0.5,37,906389,卖盘
1355,13:03:33,245.47,0.28,3,73641,买盘
1356,13:03:28,245.19,0.19,15,367785,买盘
1357,13:03:19,245.0,0.25,108,2651145,买盘
1358,13:03:13,244.75,--,3,73425,卖盘
1359,13:03:07,244.75,0.75,2,48950,卖盘
1360,13:03:04,244.0,-0.75,39,951600,卖盘
1361,13:02:58,244.75,--,4,97900,买盘
1362,13:02:52,244.75,--,0,0,买盘
1363,13:02:48,244.75,0.75,17,416075,买盘
1364,13:02:43,244.0,--,37,902800,买盘
1365,13:02:37,244.0,--,35,854000,买盘
1366,13:02:34,244.0,0.06,12,292800,买盘
1367,13:02:28,243.94,--,67,1634398,卖盘
1368,13:02:22,243.94,--,36,878184,买盘
1369,13:02:19,243.94,--,124,3024856,买盘
1370,13:02:13,243.94,--,5,121970,买盘
1371,13:02:07,243.94,-0.06,12,292728,卖盘
1372,13:02:04,244.0,0.06,14,341600,买盘
1373,13:01:58,243.94,0.04,27,658638,买盘
1374,13:01:49,243.9,--,1,24390,卖盘
1375,13:01:43,243.9,-0.04,26,634140,卖盘
1376,13:01:37,243.94,0.04,4,97576,买盘
1377,13:01:34,243.9,0.01,17,414630,买盘
1378,13:01:28,243.89,-0.01,16,390224,中性盘
1379,13:01:22,243.9,-0.1,72,1778031,卖盘
1380,13:01:19,244.0,0.03,7,170800,中性盘
1381,13:01:13,243.97,-0.03,19,465982,卖盘
1382,13:01:07,244.0,--,17,414800,卖盘
1383,13:01:04,244.0,0.13,238,5807200,买盘
1384,13:00:58,243.87,--,59,1438833,买盘
1385,13:00:52,243.87,-0.1,34,829158,卖盘
1386,13:00:49,243.97,--,17,414749,买盘
1387,13:00:43,243.97,-0.03,71,1732187,买盘
1388,13:00:37,244.0,-0.6,9,219600,卖盘
1389,13:00:33,244.6,-0.08,6,146760,中性盘
1390,13:00:28,244.68,0.08,43,1052124,买盘
1391,13:00:22,244.6,0.3,4,97840,中性盘
1392,13:00:13,244.3,0.3,14,342020,买盘
1393,13:00:07,244.0,0.02,28,683200,中性盘
1394,13:00:03,243.98,0.28,396,9683566,买盘
1395,11:30:00,243.7,--,0,0,买盘
1396,11:30:00,243.7,--,1,24370,买盘
1397,11:29:59,243.7,-0.03,16,389920,卖盘
1398,11:29:53,243.73,0.03,10,243730,买盘
1399,11:29:47,243.7,-0.03,8,194960,卖盘
1400,11:29:44,243.73,--,0,0,买盘
1401,11:29:38,243.73,0.03,39,950547,买盘
1402,11:29:32,243.7,--,10,243700,买盘
1403,11:29:29,243.7,-0.03,25,609250,卖盘
1404,11:29:23,243.73,--,12,292476,买盘
1405,11:29:17,243.73,--,45,1096785,买盘
1406,11:29:14,243.73,--,4,97492,买盘
1407,11:29:08,243.73,--,34,828682,买盘
1408,11:29:02,243.73,--,141,3436593,买盘
1409,11:28:59,243.73,--,54,1316142,买盘
1410,11:28:53,243.73,--,62,1511126,买盘
1411,11:28:47,243.73,--,11,268103,买盘
1412,11:28:44,243.73,0.01,164,3997172,买盘
1413,11:28:38,243.72,-0.01,2,48744,卖盘
1414,11:28:29,243.73,0.04,26,633698,买盘
1415,11:28:23,243.69,-0.04,8,194952,卖盘
1416,11:28:17,243.73,--,13,316849,买盘
1417,11:28:14,243.73,--,8,194984,买盘
1418,11:28:08,243.73,--,62,1511126,买盘
1419,11:28:02,243.73,0.04,3,73119,买盘
1420,11:27:59,243.69,--,8,194952,卖盘
1421,11:27:53,243.69,--,20,503707,买盘
1422,11:27:47,243.69,--,16,389904,买盘
1423,11:27:44,243.69,--,34,828546,买盘
1424,11:27:38,243.69,--,28,682332,买盘
1425,11:27:32,243.69,0.01,4,97476,买盘
1426,11:27:28,243.68,-0.01,19,462992,卖盘
1427,11:27:23,243.69,--,9,219321,买盘
1428,11:27:17,243.69,0.01,2,48738,买盘
1429,11:27:13,243.68,-0.04,111,2704848,卖盘
1430,11:27:08,243.72,0.04,6,146232,买盘
1431,11:27:02,243.68,-0.02,4,97472,卖盘
1432,11:26:58,243.7,--,14,341180,买盘
1433,11:26:53,243.7,-0.02,85,2071450,卖盘
1434,11:26:43,243.72,-0.01,106,2583432,中性盘
1435,11:26:38,243.73,0.02,13,316849,买盘
1436,11:26:32,243.71,-0.01,4,97484,卖盘
1437,11:26:28,243.72,--,12,292464,买盘
1438,11:26:23,243.72,-0.01,4,97488,卖盘
1439,11:26:17,243.73,0.01,2,48746,买盘
1440,11:26:13,243.72,-0.01,109,2656548,卖盘
1441,11:26:08,243.73,--,11,268103,买盘
1442,11:26:02,243.73,--,3,73119,买盘
1443,11:25:58,243.73,--,5,121865,买盘
1444,11:25:53,243.73,--,6,146238,买盘
1445,11:25:47,243.73,0.01,8,194984,买盘
1446,11:25:43,243.72,-0.01,21,511812,卖盘
1447,11:25:38,243.73,--,20,489897,卖盘
1448,11:25:32,243.73,--,2,48746,卖盘
1449,11:25:28,243.73,--,110,2702965,买盘
1450,11:25:23,243.73,--,10,243730,买盘
1451,11:25:17,243.73,--,8,194984,买盘
1452,11:25:13,243.73,-0.02,83,2025396,卖盘
1453,11:25:08,243.75,--,26,633750,买盘
1454,11:25:02,243.75,--,1,24375,买盘
1455,11:24:58,243.75,0.02,30,731250,买盘
1456,11:24:53,243.73,-0.17,27,658071,卖盘
1457,11:24:47,243.9,0.17,8,195120,买盘
1458,11:24:43,243.73,--,24,584952,卖盘
1459,11:24:38,243.73,--,63,1535499,卖盘
1460,11:24:32,243.73,0.01,76,1874283,买盘
1461,11:24:28,243.72,--,18,438696,买盘
1462,11:24:23,243.72,--,15,365580,买盘
1463,11:24:17,243.72,-0.01,221,5386212,卖盘
1464,11:24:11,243.73,--,7,170611,买盘
1465,11:24:08,243.73,--,23,560579,买盘
1466,11:24:02,243.73,0.01,13,316849,买盘
1467,11:23:56,243.72,-0.01,11,268092,卖盘
1468,11:23:53,243.73,--,19,463087,买盘
1469,11:23:47,243.73,-0.07,48,1182821,卖盘
1470,11:23:41,243.8,--,10,243800,买盘
1471,11:23:38,243.8,--,13,316940,买盘
1472,11:23:32,243.8,0.07,31,767238,买盘
1473,11:23:26,243.73,-0.01,8,194984,中性盘
1474,11:23:23,243.74,0.01,10,243740,买盘
1475,11:23:17,243.73,--,8,194984,买盘
1476,11:23:11,243.73,-0.02,37,914718,卖盘
1477,11:23:08,243.75,0.01,97,2364375,中性盘
1478,11:23:02,243.74,0.01,75,1839505,买盘
1479,11:22:56,243.73,-0.01,5,134782,卖盘
1480,11:22:53,243.74,--,46,1132659,买盘
1481,11:22:47,243.74,--,22,536228,买盘
1482,11:22:41,243.74,-0.03,8,194992,买盘
1483,11:22:38,243.77,0.02,43,1048211,买盘
1484,11:22:32,243.75,0.01,60,1462500,买盘
1485,11:22:26,243.74,-0.16,102,2486148,卖盘
1486,11:22:22,243.9,0.1,23,560970,买盘
1487,11:22:17,243.8,0.02,24,585120,买盘
1488,11:22:08,243.78,-0.06,81,1974618,卖盘
1489,11:22:02,243.84,0.01,119,2901696,买盘
1490,11:21:56,243.83,-0.01,1,24383,卖盘
1491,11:21:53,243.84,0.04,27,658368,买盘
1492,11:21:47,243.8,-0.04,9,219420,卖盘
1493,11:21:41,243.84,--,2,48768,买盘
1494,11:21:38,243.84,-0.05,70,1706880,买盘
1495,11:21:32,243.89,0.02,20,487780,中性盘
1496,11:21:26,243.87,0.03,50,1219350,买盘
1497,11:21:22,243.84,0.01,16,390144,买盘
1498,11:21:17,243.83,0.03,15,365745,中性盘
1499,11:21:11,243.8,-0.01,50,1219000,卖盘
1500,11:21:08,243.81,-0.03,31,755811,卖盘
1501,11:21:02,243.84,-0.16,15,365760,买盘
1502,11:20:56,244.0,0.07,50,1220000,买盘
1503,11:20:52,243.93,0.03,81,1975833,买盘
1504,11:20:47,243.9,-0.1,29,707310,卖盘
1505,11:20:41,244.0,0.07,13,317200,买盘
1506,11:20:37,243.93,0.05,85,2073405,卖盘
1507,11:20:32,243.88,-0.12,8,195104,卖盘
1508,11:20:26,244.0,--,37,902800,卖盘
1509,11:20:22,244.0,--,69,1683600,买盘
1510,11:20:17,244.0,0.13,9,219600,买盘
1511,11:20:07,243.87,--,11,268257,卖盘
1512,11:20:02,243.87,-0.06,23,560901,卖盘
1513,11:19:56,243.93,0.06,2,48786,中性盘
1514,11:19:52,243.87,-0.13,10,243870,卖盘
1515,11:19:47,244.0,0.12,106,2586400,买盘
1516,11:19:41,243.88,-0.05,81,1975428,卖盘
1517,11:19:37,243.93,-0.01,128,3122304,买盘
1518,11:19:32,243.94,--,173,4220162,买盘
1519,11:19:26,243.94,--,1,24394,买盘
1520,11:19:22,243.94,0.08,57,1390458,买盘
1521,11:19:17,243.86,-0.08,82,1999652,卖盘
1522,11:19:11,243.94,0.08,11,268334,买盘
1523,11:19:07,243.86,--,33,804738,卖盘
1524,11:19:02,243.86,0.02,149,3633514,买盘
1525,11:18:56,243.84,-0.02,12,292608,中性盘
1526,11:18:52,243.86,--,29,707194,买盘
1527,11:18:47,243.86,-0.02,25,609650,买盘
1528,11:18:41,243.88,-0.09,42,1024296,卖盘
1529,11:18:37,243.97,--,5,121985,买盘
1530,11:18:32,243.97,-0.14,31,756307,卖盘
1531,11:18:26,244.11,0.11,3,73233,买盘
1532,11:18:22,244.0,0.19,3,73200,卖盘
1533,11:18:17,243.81,-0.16,70,1706670,卖盘
1534,11:18:11,243.97,0.16,12,292764,买盘
1535,11:18:07,243.81,-0.3,112,2730672,卖盘
1536,11:18:02,244.11,0.11,7,170877,买盘
1537,11:17:56,244.0,--,23,561200,卖盘
1538,11:17:52,244.0,--,7,170800,卖盘
1539,11:17:47,244.0,0.23,59,1439600,买盘
1540,11:17:41,243.77,-0.23,44,1072588,卖盘
1541,11:17:37,244.0,0.23,57,1390800,买盘
1542,11:17:32,243.77,-0.03,104,2535208,卖盘
1543,11:17:26,243.8,-0.2,41,999580,中性盘
1544,11:17:20,244.0,0.23,2,48800,买盘
1545,11:17:17,243.77,0.02,133,3254573,买盘
1546,11:17:11,243.75,0.02,25,609375,卖盘
1547,11:17:05,243.73,-0.04,28,682444,卖盘
1548,11:17:02,243.77,--,40,975080,买盘
1549,11:16:56,243.77,0.02,103,2510831,买盘
1550,11:16:50,243.75,-0.02,45,1114181,卖盘
1551,11:16:47,243.77,-0.03,71,1730767,卖盘
1552,11:16:41,243.8,-0.19,8,195040,卖盘
1553,11:16:35,243.99,--,22,536778,买盘
1554,11:16:32,243.99,0.2,22,536778,买盘
1555,11:16:26,243.79,--,21,511959,中性盘
1556,11:16:20,243.79,-0.08,133,3242407,中性盘
1557,11:16:17,243.87,0.09,13,317031,中性盘
1558,11:16:11,243.78,--,7,170646,卖盘
1559,11:16:05,243.78,0.03,10,243780,中性盘
1560,11:16:01,243.75,0.02,69,1688943,买盘
1561,11:15:56,243.73,--,39,950547,买盘
1562,11:15:50,243.73,0.01,10,243730,买盘
1563,11:15:47,243.72,-0.03,124,3022128,中性盘
1564,11:15:41,243.75,0.02,77,1876875,买盘
1565,11:15:35,243.73,--,15,365595,买盘
1566,11:15:32,243.73,--,58,1413634,买盘
1567,11:15:26,243.73,--,56,1364888,买盘
1568,11:15:20,243.73,--,4,97492,买盘
1569,11:15:16,243.73,--,39,967851,卖盘
1570,11:15:11,243.73,-0.02,39,950547,卖盘
1571,11:15:05,243.75,0.02,20,494568,买盘
1572,11:15:02,243.73,0.06,30,731190,买盘
1573,11:14:56,243.67,-0.03,210,5117070,卖盘
1574,11:14:50,243.7,--,108,2631960,买盘
1575,11:14:47,243.7,--,24,584880,买盘
1576,11:14:40,243.7,--,78,1900860,买盘
1577,11:14:35,243.7,--,21,511770,买盘
1578,11:14:31,243.7,--,18,438660,买盘
1579,11:14:26,243.7,--,30,731100,买盘
1580,11:14:20,243.7,--,3,73110,买盘
1581,11:14:16,243.7,-0.15,265,6458050,卖盘
1582,11:14:10,243.85,--,127,3096895,买盘
1583,11:14:05,243.85,--,9,219465,买盘
1584,11:14:01,243.85,--,163,3974755,买盘
1585,11:13:56,243.85,-0.03,131,3194435,卖盘
1586,11:13:50,243.88,-0.07,24,587750,卖盘
1587,11:13:46,243.95,0.1,139,3400419,买盘
1588,11:13:40,243.85,--,36,877860,买盘
1589,11:13:35,243.85,--,18,438930,买盘
1590,11:13:31,243.85,--,131,3212723,卖盘
1591,11:13:26,243.85,--,249,6071865,卖盘
1592,11:13:20,243.85,-0.03,3,73155,卖盘
1593,11:13:16,243.88,-0.05,74,1804712,卖盘
1594,11:13:11,243.93,--,140,3434534,买盘
1595,11:13:05,243.93,--,11,273201,买盘
1596,11:13:01,243.93,0.01,9,219537,中性盘
1597,11:12:56,243.92,-0.06,154,3756368,卖盘
1598,11:12:50,243.98,-0.02,15,365970,卖盘
1599,11:12:46,244.0,-0.19,135,3315960,卖盘
1600,11:12:41,244.19,0.01,457,11161924,买盘
1601,11:12:35,244.18,0.06,9,219762,买盘
1602,11:12:31,244.12,-0.07,123,3002676,卖盘
1603,11:12:26,244.19,-0.12,105,2563995,卖盘
1604,11:12:20,244.31,-0.02,15,366465,卖盘
1605,11:12:16,244.33,0.02,24,586392,买盘
1606,11:12:11,244.31,0.11,1,24431,中性盘
1607,11:12:05,244.2,-0.22,132,3223440,卖盘
1608,11:12:01,244.42,-0.03,2,48884,卖盘
1609,11:11:56,244.45,--,29,708905,卖盘
1610,11:11:50,244.45,0.12,84,2053380,买盘
1611,11:11:46,244.33,0.02,135,3298455,中性盘
1612,11:11:41,244.31,-0.02,202,4935062,卖盘
1613,11:11:35,244.33,-0.06,42,1026186,卖盘
1614,11:11:31,244.39,--,8,195512,买盘
1615,11:11:26,244.39,-0.06,8,195512,卖盘
1616,11:11:20,244.45,--,8,195560,买盘
1617,11:11:16,244.45,0.03,11,268895,买盘
1618,11:11:10,244.42,-0.06,24,586608,卖盘
1619,11:11:05,244.48,-0.02,1,24448,卖盘
1620,11:11:01,244.5,0.11,1,24450,买盘
1621,11:10:56,244.39,0.09,9,219951,卖盘
1622,11:10:50,244.3,-0.05,128,3127040,卖盘
1623,11:10:46,244.35,--,227,5546745,卖盘
1624,11:10:41,244.35,0.04,29,708615,买盘
1625,11:10:35,244.31,-0.08,101,2467531,卖盘
1626,11:10:31,244.39,0.03,27,659853,买盘
1627,11:10:26,244.36,-0.14,45,1099620,卖盘
1628,11:10:20,244.5,--,1,24450,买盘
1629,11:10:14,244.5,0.11,2,48900,买盘
1630,11:10:11,244.39,-0.11,76,1857364,卖盘
1631,11:10:05,244.5,--,14,342300,卖盘
1632,11:09:59,244.5,--,2,48900,卖盘
1633,11:09:56,244.5,0.11,69,1687050,买盘
1634,11:09:50,244.39,-0.01,8,195512,中性盘
1635,11:09:44,244.4,--,108,2639520,买盘
1636,11:09:41,244.4,0.07,6,146640,买盘
1637,11:09:35,244.33,-0.17,109,2663197,卖盘
1638,11:09:29,244.5,0.09,20,489000,买盘
1639,11:09:25,244.41,0.02,154,3763914,买盘
1640,11:09:20,244.39,--,52,1270828,买盘
1641,11:09:14,244.39,0.06,6,146634,买盘
1642,11:09:10,244.33,-0.06,116,2834228,卖盘
1643,11:09:05,244.39,0.01,38,928682,买盘
1644,11:08:59,244.38,-0.01,12,293256,卖盘
1645,11:08:55,244.39,0.06,22,537658,买盘
1646,11:08:50,244.33,-0.06,92,2247836,卖盘
1647,11:08:44,244.39,--,1,24439,买盘
1648,11:08:40,244.39,-0.03,75,1850032,卖盘
1649,11:08:35,244.42,--,61,1490962,卖盘
1650,11:08:29,244.42,--,100,2444200,买盘
1651,11:08:25,244.42,--,79,1930918,买盘
1652,11:08:20,244.42,-0.03,71,1735382,卖盘
1653,11:08:14,244.45,0.03,22,545123,买盘
1654,11:08:10,244.42,--,10,244420,买盘
1655,11:08:05,244.42,-0.05,112,2754613,卖盘
1656,11:07:59,244.47,-0.03,3,73341,买盘
1657,11:07:55,244.5,0.05,17,415650,卖盘
1658,11:07:50,244.45,-0.05,74,1808930,卖盘
1659,11:07:43,244.5,-0.01,13,317850,中性盘
1660,11:07:40,244.51,0.01,116,2836316,买盘
1661,11:07:35,244.5,-0.01,73,1784850,卖盘
1662,11:07:29,244.51,-0.02,69,1687119,买盘
1663,11:07:25,244.53,0.02,104,2543112,买盘
1664,11:07:19,244.51,--,20,489020,买盘
1665,11:07:14,244.51,-0.02,70,1711570,卖盘
1666,11:07:10,244.53,-0.07,64,1564992,卖盘
1667,11:07:05,244.6,0.07,13,317980,买盘
1668,11:06:59,244.53,--,4,97812,卖盘
1669,11:06:55,244.53,-0.07,6,146718,卖盘
1670,11:06:50,244.6,0.07,23,562580,买盘
1671,11:06:44,244.53,--,6,146718,卖盘
1672,11:06:40,244.53,-0.02,124,3032172,卖盘
1673,11:06:35,244.55,--,8,195640,买盘
1674,11:06:29,244.55,-0.03,72,1760760,卖盘
1675,11:06:25,244.58,-0.02,30,733740,卖盘
1676,11:06:20,244.6,-0.01,12,293520,卖盘
1677,11:06:13,244.61,--,114,2788554,买盘
1678,11:06:10,244.61,-0.04,94,2299334,中性盘
1679,11:06:04,244.65,0.04,43,1051995,买盘
1680,11:05:59,244.61,-0.04,13,317993,卖盘
1681,11:05:55,244.65,-0.05,87,2128455,卖盘
1682,11:05:50,244.7,-0.1,48,1174560,中性盘
1683,11:05:43,244.8,0.1,124,3035520,买盘
1684,11:05:40,244.7,--,14,342580,买盘
1685,11:05:35,244.7,0.03,13,318110,卖盘
1686,11:05:28,244.67,-0.13,67,1639289,卖盘
1687,11:05:25,244.8,--,1,24480,买盘
1688,11:05:20,244.8,-0.1,22,538560,卖盘
1689,11:05:14,244.9,0.2,1,24490,买盘
1690,11:05:10,244.7,-0.1,91,2226770,卖盘
1691,11:05:04,244.8,0.13,40,979200,卖盘
1692,11:04:59,244.67,--,5,122335,卖盘
1693,11:04:55,244.67,--,85,2079695,卖盘
1694,11:04:49,244.67,0.05,206,5040202,买盘
1695,11:04:44,244.62,-0.02,24,587088,卖盘
1696,11:04:40,244.64,-0.01,18,440352,卖盘
1697,11:04:35,244.65,-0.02,3,73395,中性盘
1698,11:04:28,244.67,0.01,7,171269,买盘
1699,11:04:25,244.66,-0.14,24,587184,卖盘
1700,11:04:20,244.8,--,3,73440,买盘
1701,11:04:14,244.8,--,83,2031840,买盘
1702,11:04:10,244.8,0.15,24,587520,买盘
1703,11:04:05,244.65,-0.3,54,1321110,卖盘
1704,11:03:59,244.95,0.15,8,195960,买盘
1705,11:03:55,244.8,-0.15,30,734400,卖盘
1706,11:03:50,244.95,0.38,40,979800,卖盘
1707,11:03:40,244.57,-0.03,131,3203867,卖盘
1708,11:03:34,244.6,0.09,18,440280,买盘
1709,11:03:29,244.51,-0.06,38,929138,卖盘
1710,11:03:24,244.57,-0.13,74,1809818,卖盘
1711,11:03:20,244.7,0.07,89,2177830,买盘
1712,11:03:14,244.63,--,24,587112,买盘
1713,11:03:09,244.63,-0.37,67,1639021,卖盘
1714,11:03:05,245.0,0.3,131,3209500,买盘
1715,11:02:59,244.7,-0.3,40,978800,卖盘
1716,11:02:53,245.0,0.34,1,24500,买盘
1717,11:02:50,244.66,-0.27,13,318058,卖盘
1718,11:02:44,244.93,--,54,1322622,买盘
1719,11:02:37,244.93,0.26,67,1658176,买盘
1720,11:02:34,244.67,0.07,37,905279,中性盘
1721,11:02:29,244.6,--,170,4158200,卖盘
1722,11:02:22,244.6,--,4,100286,卖盘
1723,11:02:19,244.6,--,11,269060,卖盘
1724,11:02:14,244.6,--,14,342440,卖盘
1725,11:02:07,244.6,--,1,24460,卖盘
1726,11:02:04,244.6,--,13,322872,卖盘
1727,11:01:59,244.6,0.1,13,317980,中性盘
1728,11:01:53,244.5,0.03,4,97800,中性盘
1729,11:01:49,244.47,--,60,1474154,买盘
1730,11:01:44,244.47,--,56,1369032,买盘
1731,11:01:38,244.47,-0.03,35,855645,买盘
1732,11:01:34,244.5,-0.23,30,733500,卖盘
1733,11:01:29,244.73,-0.1,55,1346015,卖盘
1734,11:01:22,244.83,-0.02,51,1265771,卖盘
1735,11:01:19,244.85,-0.08,108,2644380,卖盘
1736,11:01:13,244.93,0.05,117,2873028,买盘
1737,11:01:07,244.88,0.04,2,48976,中性盘
1738,11:01:04,244.84,-0.01,20,489680,卖盘
1739,11:00:58,244.85,-0.05,99,2424015,卖盘
1740,11:00:53,244.9,-0.03,15,367350,卖盘
1741,11:00:49,244.93,--,118,2890174,卖盘
1742,11:00:44,244.93,--,33,808269,卖盘
1743,11:00:38,244.93,--,23,563339,卖盘
1744,11:00:34,244.93,-0.07,145,3551485,卖盘
1745,11:00:29,245.0,0.03,27,661500,买盘
1746,11:00:22,244.97,0.04,188,4605436,买盘
1747,11:00:19,244.93,-0.02,115,2816695,买盘
1748,11:00:14,244.95,-0.14,55,1347225,卖盘
1749,11:00:08,245.09,0.09,42,1029378,买盘
1750,11:00:04,245.0,0.05,41,1004500,买盘
1751,10:59:59,244.95,--,53,1298235,卖盘
1752,10:59:53,244.95,--,2,48990,卖盘
1753,10:59:49,244.95,0.05,27,661365,中性盘
1754,10:59:43,244.9,-0.09,177,4334730,卖盘
1755,10:59:38,244.99,0.09,155,3797345,买盘
1756,10:59:34,244.9,-0.07,71,1738790,卖盘
1757,10:59:28,244.97,--,54,1322838,买盘
1758,10:59:23,244.97,--,13,318461,买盘
1759,10:59:19,244.97,--,43,1053371,买盘
1760,10:59:13,244.97,-0.12,60,1469820,中性盘
1761,10:59:07,245.09,0.09,65,1599457,买盘
1762,10:59:04,245.0,-0.33,158,3886680,卖盘
1763,10:58:59,245.33,0.21,293,7190622,买盘
1764,10:58:53,245.12,0.1,41,1004992,买盘
1765,10:58:49,245.02,-0.18,386,9457772,卖盘
1766,10:58:43,245.2,0.2,179,4400849,买盘
1767,10:58:38,245.0,-0.02,62,1519000,卖盘
1768,10:58:34,245.02,-0.18,164,4018328,卖盘
1769,10:58:28,245.2,--,161,3947720,卖盘
1770,10:58:23,245.2,--,204,5002080,卖盘
1771,10:58:19,245.2,0.1,207,5075640,买盘
1772,10:58:13,245.1,-0.05,59,1446090,卖盘
1773,10:58:08,245.15,-0.18,116,2843740,卖盘
1774,10:58:04,245.33,0.03,79,1938107,买盘
1775,10:57:58,245.3,-0.1,144,3532320,卖盘
1776,10:57:52,245.4,-0.04,101,2478540,卖盘
1777,10:57:49,245.44,0.04,120,2945280,买盘
1778,10:57:43,245.4,0.06,55,1349700,买盘
1779,10:57:37,245.34,--,58,1422972,买盘
1780,10:57:34,245.34,-0.03,139,3410226,买盘
1781,10:57:29,245.37,-0.03,270,6624990,卖盘
1782,10:57:22,245.4,--,3,73620,买盘
1783,10:57:19,245.4,0.05,19,466260,买盘
1784,10:57:13,245.35,-0.05,48,1177680,卖盘
1785,10:57:08,245.4,-0.04,118,2895720,卖盘
1786,10:57:04,245.44,-0.05,60,1472640,卖盘
1787,10:56:59,245.49,-0.02,109,2675841,卖盘
1788,10:56:52,245.51,0.02,34,834734,买盘
1789,10:56:48,245.49,0.01,30,736470,买盘
1790,10:56:43,245.48,-0.04,123,3036096,卖盘
1791,10:56:37,245.52,--,97,2381544,买盘
1792,10:56:33,245.52,-0.03,59,1448568,卖盘
1793,10:56:28,245.55,-0.22,111,2725605,卖盘
1794,10:56:22,245.77,0.17,57,1400889,买盘
1795,10:56:16,245.6,0.06,144,3536640,中性盘
1796,10:56:13,245.54,--,152,3732208,买盘
1797,10:56:07,245.54,0.04,223,5475542,卖盘
1798,10:55:58,245.5,-0.3,30,736500,卖盘
1799,10:55:52,245.8,0.26,222,5464625,买盘
1800,10:55:46,245.54,--,76,1866104,卖盘
1801,10:55:43,245.54,--,6,147324,买盘
1802,10:55:38,245.54,0.05,43,1055822,买盘
1803,10:55:31,245.49,--,48,1178352,买盘
1804,10:55:28,245.49,-0.06,53,1301097,卖盘
1805,10:55:22,245.55,0.06,19,466545,买盘
1806,10:55:17,245.49,--,300,7364700,卖盘
1807,10:55:13,245.49,-0.03,79,1939371,卖盘
1808,10:55:08,245.52,0.03,62,1522224,买盘
1809,10:55:01,245.49,--,33,810117,卖盘
1810,10:54:58,245.49,--,45,1104705,买盘
1811,10:54:52,245.49,-0.06,130,3191370,卖盘
1812,10:54:46,245.55,0.03,142,3486810,中性盘
1813,10:54:43,245.52,0.03,50,1227600,买盘
1814,10:54:37,245.49,-0.28,171,4197879,卖盘
1815,10:54:31,245.77,--,0,0,买盘
1816,10:54:28,245.77,0.26,64,1572928,买盘
1817,10:54:22,245.51,0.01,3,73653,中性盘
1818,10:54:16,245.5,--,29,711950,卖盘
1819,10:54:13,245.5,--,0,0,卖盘
1820,10:54:07,245.5,0.08,151,3707050,中性盘
1821,10:54:01,245.42,-1.58,110,2699620,卖盘
1822,10:53:58,247.0,1.6,231,5705700,买盘
1823,10:53:52,245.4,-0.01,26,638040,卖盘
1824,10:53:46,245.41,--,5,122705,买盘
1825,10:53:43,245.41,--,78,1914198,买盘
1826,10:53:37,245.41,-0.06,106,2611162,卖盘
1827,10:53:31,245.47,-0.03,134,3304026,卖盘
1828,10:53:28,245.5,-0.02,243,5975470,卖盘
1829,10:53:22,245.52,--,51,1252152,买盘
1830,10:53:16,245.52,-0.48,51,1252152,卖盘
1831,10:53:13,246.0,0.45,78,1918800,买盘
1832,10:53:07,245.55,--,38,933090,卖盘
1833,10:53:01,245.55,--,0,0,卖盘
1834,10:52:58,245.55,-0.45,163,4002465,卖盘
1835,10:52:52,246.0,0.03,173,4255800,买盘
1836,10:52:46,245.97,-0.03,4,98388,卖盘
1837,10:52:43,246.0,0.03,42,1033200,买盘
1838,10:52:37,245.97,0.47,53,1303641,中性盘
1839,10:52:31,245.5,-0.5,108,2651400,卖盘
1840,10:52:28,246.0,0.4,205,5043000,买盘
1841,10:52:22,245.6,0.08,28,687680,买盘
1842,10:52:16,245.52,--,49,1203048,买盘
1843,10:52:13,245.52,--,31,775843,买盘
1844,10:52:07,245.52,-0.38,105,2577960,卖盘
1845,10:52:01,245.9,0.35,55,1352450,卖盘
1846,10:51:58,245.55,--,4,98220,卖盘
1847,10:51:52,245.55,-0.02,264,6482520,买盘
1848,10:51:46,245.57,-0.31,46,1129622,卖盘
1849,10:51:43,245.88,-0.09,230,5655240,卖盘
1850,10:51:37,245.97,-0.02,62,1525014,买盘
1851,10:51:31,245.99,-0.01,107,2632093,卖盘
1852,10:51:27,246.0,-0.2,208,5116800,卖盘
1853,10:51:22,246.2,0.2,164,4037680,买盘
1854,10:51:16,246.0,0.01,67,1648200,卖盘
1855,10:51:13,245.99,--,33,811767,卖盘
1856,10:51:07,245.99,-0.01,36,885564,卖盘
1857,10:51:01,246.0,0.01,1,24600,买盘
1858,10:50:58,245.99,0.49,63,1549737,买盘
1859,10:50:52,245.5,--,225,5523750,卖盘
1860,10:50:46,245.5,-0.49,163,4001650,卖盘
1861,10:50:42,245.99,0.51,5,122995,买盘
1862,10:50:37,245.48,--,217,5326916,买盘
1863,10:50:31,245.48,--,7,171836,买盘
1864,10:50:28,245.48,-0.02,59,1448332,卖盘
1865,10:50:22,245.5,-0.5,66,1620300,中性盘
1866,10:50:16,246.0,0.53,6,147600,买盘
1867,10:50:13,245.47,--,54,1325538,卖盘
1868,10:50:07,245.47,-0.06,243,5964921,卖盘
1869,10:50:01,245.53,-0.03,47,1153991,卖盘
1870,10:49:58,245.56,0.06,26,638456,买盘
1871,10:49:52,245.5,0.03,75,1841250,买盘
1872,10:49:46,245.47,0.01,87,2135589,买盘
1873,10:49:43,245.46,-0.01,63,1546398,中性盘
1874,10:49:37,245.47,-0.03,55,1350085,卖盘
1875,10:49:31,245.5,--,154,3780700,卖盘
1876,10:49:27,245.5,0.03,152,3731600,买盘
1877,10:49:22,245.47,--,49,1202803,买盘
1878,10:49:16,245.47,--,32,785504,买盘
1879,10:49:12,245.47,-0.03,58,1423726,卖盘
1880,10:49:07,245.5,--,192,4713600,卖盘
1881,10:49:01,245.5,--,4,98200,卖盘
1882,10:48:57,245.5,0.12,75,1841250,卖盘
1883,10:48:52,245.38,--,159,3901542,卖盘
1884,10:48:46,245.38,--,42,1030596,卖盘
1885,10:48:43,245.38,-0.1,306,7508628,卖盘
1886,10:48:37,245.48,0.1,97,2381156,买盘
1887,10:48:31,245.38,-0.3,136,3337168,卖盘
1888,10:48:25,245.68,0.24,14,343952,买盘
1889,10:48:22,245.44,0.11,29,711776,买盘
1890,10:48:16,245.33,-0.15,165,4047945,卖盘
1891,10:48:10,245.48,-0.2,51,1251948,中性盘
1892,10:48:07,245.68,0.17,227,5598064,买盘
1893,10:48:01,245.51,--,84,2062284,卖盘
1894,10:47:55,245.51,0.04,26,641763,买盘
1895,10:47:52,245.47,0.02,97,2381059,买盘
1896,10:47:46,245.45,-0.23,178,4390118,卖盘
1897,10:47:40,245.68,--,10,245680,买盘
1898,10:47:37,245.68,--,107,2628776,买盘
1899,10:47:31,245.68,0.18,158,3881744,中性盘
1900,10:47:25,245.5,-0.01,51,1252050,卖盘
1901,10:47:22,245.51,-0.17,2,49102,卖盘
1902,10:47:16,245.68,0.23,86,2112848,中性盘
1903,10:47:10,245.45,--,0,0,卖盘
1904,10:47:07,245.45,-0.25,38,932710,卖盘
1905,10:47:01,245.7,0.23,24,589680,买盘
1906,10:46:55,245.47,-0.2,154,3780238,卖盘
1907,10:46:52,245.67,0.17,124,3046308,买盘
1908,10:46:46,245.5,-0.17,43,1055650,卖盘
1909,10:46:40,245.67,-0.03,138,3390246,卖盘
1910,10:46:37,245.7,0.25,157,3857490,买盘
1911,10:46:31,245.45,-0.22,67,1647951,卖盘
1912,10:46:25,245.67,--,7,171969,买盘
1913,10:46:22,245.67,-0.33,54,1326618,卖盘
1914,10:46:16,246.0,0.1,59,1451400,买盘
1915,10:46:10,245.9,0.2,28,688520,买盘
1916,10:46:07,245.7,-0.2,15,368550,中性盘
1917,10:46:01,245.9,0.53,26,639340,买盘
1918,10:45:55,245.37,-0.6,32,785184,中性盘
1919,10:45:52,245.97,0.62,139,3418983,买盘
1920,10:45:46,245.35,-0.55,39,956865,卖盘
1921,10:45:40,245.9,-0.07,3,73770,中性盘
1922,10:45:37,245.97,0.67,36,885492,买盘
1923,10:45:31,245.3,--,81,1986930,卖盘
1924,10:45:25,245.3,-0.03,48,1177440,卖盘
1925,10:45:22,245.33,0.06,88,2158904,买盘
1926,10:45:16,245.27,-0.67,105,2575335,卖盘
1927,10:45:10,245.94,0.64,14,344316,买盘
1928,10:45:07,245.3,--,33,809490,卖盘
1929,10:45:01,245.3,0.05,253,6206090,买盘
1930,10:44:55,245.25,--,40,981000,买盘
1931,10:44:52,245.25,-0.05,163,3997575,卖盘
1932,10:44:46,245.3,--,16,392480,买盘
1933,10:44:40,245.3,-0.69,53,1300090,卖盘
1934,10:44:37,245.99,--,14,344386,中性盘
1935,10:44:31,245.99,0.68,77,1894123,买盘
1936,10:44:25,245.31,-0.69,19,466089,中性盘
1937,10:44:22,246.0,0.85,151,3714600,买盘
1938,10:44:16,245.15,-0.15,128,3137920,卖盘
1939,10:44:10,245.3,0.1,2,49060,卖盘
1940,10:44:07,245.2,--,89,2182280,买盘
1941,10:44:01,245.2,--,79,1937080,卖盘
1942,10:43:55,245.2,-0.04,188,4609760,卖盘
1943,10:43:51,245.24,0.14,113,2771212,买盘
1944,10:43:46,245.1,-0.07,96,2352960,卖盘
1945,10:43:40,245.17,--,35,858095,买盘
1946,10:43:36,245.17,-0.5,180,4413060,卖盘
1947,10:43:31,245.67,0.37,10,245670,买盘
1948,10:43:25,245.3,0.03,119,2919070,买盘
1949,10:43:21,245.27,0.07,19,466013,买盘
1950,10:43:16,245.2,--,118,2893360,买盘
1951,10:43:10,245.2,-0.11,32,784640,卖盘
1952,10:43:07,245.31,--,64,1569984,买盘
1953,10:43:01,245.31,--,63,1545453,买盘
1954,10:42:55,245.31,--,8,196248,买盘
1955,10:42:51,245.31,0.11,85,2085135,买盘
1956,10:42:46,245.2,0.03,146,3579920,买盘
1957,10:42:40,245.17,0.08,82,2010394,卖盘
1958,10:42:36,245.09,-0.08,73,1789157,卖盘
1959,10:42:31,245.17,--,164,4020788,买盘
1960,10:42:25,245.17,-0.02,22,539374,买盘
1961,10:42:21,245.19,-0.31,156,3824964,卖盘
1962,10:42:16,245.5,-0.03,54,1325700,中性盘
1963,10:42:10,245.53,--,108,2651724,中性盘
1964,10:42:06,245.53,0.4,44,1095063,买盘
1965,10:42:01,245.13,-0.15,249,6103737,卖盘
1966,10:41:55,245.28,0.1,30,735840,买盘
1967,10:41:51,245.18,-0.02,298,7306364,卖盘
1968,10:41:46,245.2,-0.08,182,4462640,卖盘
1969,10:41:40,245.28,--,7,171696,买盘
1970,10:41:36,245.28,--,226,5543328,买盘
1971,10:41:31,245.28,-0.39,14,343392,卖盘
1972,10:41:25,245.67,--,14,343938,买盘
1973,10:41:21,245.67,0.5,206,5060802,买盘
1974,10:41:16,245.17,-0.03,53,1299401,买盘
1975,10:41:10,245.2,-0.12,150,3678000,卖盘
1976,10:41:06,245.32,0.27,122,2992904,卖盘
1977,10:41:01,245.05,-0.02,179,4386395,卖盘
1978,10:40:55,245.07,-0.03,81,1985067,卖盘
1979,10:40:51,245.1,-0.11,201,4926510,中性盘
1980,10:40:46,245.21,0.15,180,4413780,买盘
1981,10:40:40,245.06,-0.89,254,6224524,卖盘
1982,10:40:34,245.95,0.25,56,1377320,买盘
1983,10:40:31,245.7,0.64,88,2162160,买盘
1984,10:40:25,245.06,-0.11,87,2132022,卖盘
1985,10:40:19,245.17,--,106,2598802,买盘
1986,10:40:16,245.17,-0.78,156,3824652,卖盘
1987,10:40:10,245.95,0.05,81,1992195,买盘
1988,10:40:04,245.9,0.87,190,4672100,买盘
1989,10:40:01,245.03,0.03,33,808599,卖盘
1990,10:39:55,245.0,-0.95,180,4410000,卖盘
1991,10:39:49,245.95,0.95,27,664065,买盘
1992,10:39:46,245.0,0.05,359,8795500,买盘
1993,10:39:40,244.95,--,27,661365,买盘
1994,10:39:34,244.95,-1.05,28,685860,卖盘
1995,10:39:31,246.0,1,241,5928600,买盘
1996,10:39:25,245.0,1.05,179,4385500,买盘
1997,10:39:19,243.95,-0.95,102,2488290,卖盘
1998,10:39:16,244.9,--,135,3306150,买盘
1999,10:39:10,244.9,-0.1,97,2375530,卖盘
2000,10:39:04,245.0,1,209,5120500,中性盘
2001,10:39:01,244.0,0.13,161,3928400,买盘
2002,10:38:55,243.87,0.02,335,8169645,买盘
2003,10:38:49,243.85,-0.12,48,1176576,卖盘
2004,10:38:46,243.97,-0.98,283,6904351,卖盘
2005,10:38:40,244.95,1.22,108,2645460,买盘
2006,10:38:34,243.73,-1.27,249,6088375,卖盘
2007,10:38:31,245.0,1.27,550,13479900,买盘
2008,10:38:25,243.73,--,419,10212287,买盘
2009,10:38:19,243.73,--,116,2827268,卖盘
2010,10:38:16,243.73,-0.01,342,8335566,中性盘
2011,10:38:10,243.74,0.01,542,13210708,买盘
2012,10:38:04,243.73,0.08,26,633698,买盘
2013,10:38:01,243.65,-0.08,288,7019556,中性盘
2014,10:37:55,243.73,-0.07,134,3265982,中性盘
2015,10:37:49,243.8,-0.05,35,853300,买盘
2016,10:37:46,243.85,-0.15,136,3316360,卖盘
2017,10:37:40,244.0,-0.86,104,2537600,卖盘
2018,10:37:34,244.86,-0.02,62,1518132,中性盘
2019,10:37:31,244.88,-0.12,108,2644704,卖盘
2020,10:37:25,245.0,-0.01,365,8942500,卖盘
2021,10:37:19,245.01,-0.66,140,3430140,卖盘
2022,10:37:16,245.67,--,69,1695123,买盘
2023,10:37:10,245.67,-0.33,276,6780492,卖盘
2024,10:37:04,246.0,-0.36,351,8634600,卖盘
2025,10:37:01,246.36,-0.05,84,2069424,中性盘
2026,10:36:55,246.41,-0.56,155,3819355,卖盘
2027,10:36:49,246.97,0.27,110,2716670,买盘
2028,10:36:45,246.7,-0.3,56,1381520,卖盘
2029,10:36:40,247.0,-0.92,74,1827800,卖盘
2030,10:36:34,247.92,-0.05,31,768552,买盘
2031,10:36:30,247.97,-0.03,96,2380512,卖盘
2032,10:36:25,248.0,-0.64,211,5232800,卖盘
2033,10:36:19,248.64,-0.03,2,49728,买盘
2034,10:36:15,248.67,-0.16,114,2834838,卖盘
2035,10:36:10,248.83,-0.12,166,4130578,中性盘
2036,10:36:04,248.95,-0.05,19,473005,买盘
2037,10:36:00,249.0,-0.06,117,2913300,卖盘
2038,10:35:55,249.06,--,12,298872,买盘
2039,10:35:49,249.06,-0.06,39,971334,卖盘
2040,10:35:45,249.12,-0.05,42,1046304,中性盘
2041,10:35:40,249.17,-0.08,121,3014957,卖盘
2042,10:35:34,249.25,-0.45,15,373875,卖盘
2043,10:35:30,249.7,0.2,16,399520,买盘
2044,10:35:25,249.5,-0.25,119,2969050,卖盘
2045,10:35:19,249.75,-0.01,3,74925,中性盘
2046,10:35:15,249.76,-0.15,24,599424,卖盘
2047,10:35:10,249.91,-0.07,139,3473749,卖盘
2048,10:35:04,249.98,-0.03,119,2974762,卖盘
2049,10:35:00,250.01,-0.12,31,775031,卖盘
2050,10:34:55,250.13,-0.06,26,650338,中性盘
2051,10:34:49,250.19,-0.01,16,400304,买盘
2052,10:34:45,250.2,-0.05,5,125100,卖盘
2053,10:34:40,250.25,--,7,175175,买盘
2054,10:34:34,250.25,-0.05,35,875875,卖盘
2055,10:34:30,250.3,-0.08,13,325390,卖盘
2056,10:34:25,250.38,0.01,88,2203344,买盘
2057,10:34:19,250.37,--,5,125185,买盘
2058,10:34:15,250.37,-0.11,86,2153182,卖盘
2059,10:34:10,250.48,-0.04,144,3619436,卖盘
2060,10:34:04,250.52,--,6,150312,买盘
2061,10:34:00,250.52,-0.05,8,200416,卖盘
2062,10:33:55,250.57,-0.18,15,375855,卖盘
2063,10:33:49,250.75,-0.05,54,1354050,买盘
2064,10:33:45,250.8,-0.14,5,125400,卖盘
2065,10:33:40,250.94,--,3,75282,买盘
2066,10:33:34,250.94,-0.02,73,1831862,中性盘
2067,10:33:30,250.96,-0.04,9,225864,卖盘
2068,10:33:25,251.0,-0.04,78,1966836,卖盘
2069,10:33:19,251.04,-0.01,35,878640,卖盘
2070,10:33:15,251.05,-0.02,76,1907980,卖盘
2071,10:33:10,251.07,-0.03,85,2134095,卖盘
2072,10:33:04,251.1,--,0,0,卖盘
2073,10:33:00,251.1,-0.02,116,2912760,卖盘
2074,10:32:55,251.12,-0.06,31,778472,卖盘
2075,10:32:49,251.18,--,15,376770,买盘
2076,10:32:45,251.18,-0.86,30,753540,卖盘
2077,10:32:40,252.04,0.81,9,226836,中性盘
2078,10:32:34,251.23,-0.82,8,200984,卖盘
2079,10:32:28,252.05,0.05,13,327665,买盘
2080,10:32:25,252.0,--,1,25200,买盘
2081,10:32:19,252.0,-0.06,12,302400,卖盘
2082,10:32:13,252.06,0.01,1,25206,买盘
2083,10:32:10,252.05,--,33,831765,卖盘
2084,10:32:04,252.05,--,21,529305,买盘
2085,10:31:58,252.05,--,0,0,买盘
2086,10:31:55,252.05,0.9,42,1058610,买盘
2087,10:31:49,251.15,0.08,27,678105,中性盘
2088,10:31:43,251.07,-0.03,27,677889,卖盘
2089,10:31:40,251.1,0.03,5,125550,中性盘
2090,10:31:34,251.07,-0.08,54,1355778,卖盘
2091,10:31:28,251.15,0.11,28,703220,买盘
2092,10:31:25,251.04,-0.03,114,2861856,中性盘
2093,10:31:19,251.07,--,57,1431099,买盘
2094,10:31:13,251.07,-0.06,38,954066,卖盘
2095,10:31:10,251.13,0.06,24,602712,中性盘
2096,10:31:04,251.07,-0.01,28,702996,卖盘
2097,10:30:58,251.08,-0.95,58,1456264,卖盘
2098,10:30:55,252.03,0.96,11,277233,买盘
2099,10:30:49,251.07,-2.28,81,2033667,卖盘
2100,10:30:43,253.35,2.26,74,1874790,买盘
2101,10:30:40,251.09,0.02,93,2351206,买盘
2102,10:30:34,251.07,-0.01,160,4017120,卖盘
2103,10:30:28,251.08,-0.22,21,527268,卖盘
2104,10:30:25,251.3,0.15,39,980070,买盘
2105,10:30:19,251.15,0.11,137,3440755,买盘
2106,10:30:13,251.04,-0.01,54,1355616,中性盘
2107,10:30:10,251.05,-0.05,16,401680,卖盘
2108,10:30:04,251.1,-0.01,21,527310,卖盘
2109,10:29:58,251.11,-0.04,12,301332,卖盘
2110,10:29:55,251.15,-0.02,27,678105,卖盘
2111,10:29:49,251.17,-0.13,216,5425272,卖盘
2112,10:29:43,251.3,0.1,7,175910,买盘
2113,10:29:40,251.2,-0.1,23,577760,卖盘
2114,10:29:34,251.3,--,29,737816,卖盘
2115,10:29:28,251.3,-0.05,31,779030,卖盘
2116,10:29:25,251.35,-0.02,18,452430,中性盘
2117,10:29:19,251.37,-0.08,45,1131165,卖盘
2118,10:29:13,251.45,--,1,25145,买盘
2119,10:29:09,251.45,-0.08,23,578335,卖盘
2120,10:29:04,251.53,-0.14,108,2716524,卖盘
2121,10:28:58,251.67,--,3,75501,买盘
2122,10:28:55,251.67,-0.41,27,679509,卖盘
2123,10:28:49,252.08,0.21,6,151248,买盘
2124,10:28:43,251.87,-0.48,55,1385285,卖盘
2125,10:28:39,252.35,0.22,43,1085105,买盘
2126,10:28:34,252.13,0.13,31,781603,买盘
2127,10:28:28,252.0,-0.13,104,2620800,卖盘
2128,10:28:24,252.13,0.04,65,1638845,买盘
2129,10:28:19,252.09,-0.04,119,2999871,卖盘
2130,10:28:13,252.13,-0.02,22,554686,中性盘
2131,10:28:09,252.15,-1.44,16,403440,卖盘
2132,10:28:04,253.59,1.44,25,633975,买盘
2133,10:27:58,252.15,--,45,1134675,买盘
2134,10:27:54,252.15,-1.3,61,1538115,卖盘
2135,10:27:49,253.45,1.27,12,304140,买盘
2136,10:27:43,252.18,-0.03,32,806976,卖盘
2137,10:27:39,252.21,-0.02,50,1261050,买盘
2138,10:27:34,252.23,-0.27,68,1715164,卖盘
2139,10:27:28,252.5,-0.03,5,126250,买盘
2140,10:27:24,252.53,-0.04,43,1085879,卖盘
2141,10:27:19,252.57,--,9,227313,买盘
2142,10:27:09,252.57,--,2,50514,买盘
2143,10:27:04,252.57,-0.05,45,1136565,卖盘
2144,10:26:58,252.62,--,1,25262,买盘
2145,10:26:54,252.62,--,13,328406,买盘
2146,10:26:49,252.62,0.12,232,5860784,买盘
2147,10:26:43,252.5,-0.07,14,353500,卖盘
2148,10:26:39,252.57,--,15,378855,买盘
2149,10:26:34,252.57,-0.09,54,1363878,卖盘
2150,10:26:28,252.66,-0.36,7,176862,卖盘
2151,10:26:24,253.02,0.02,29,733758,买盘
2152,10:26:19,253.0,-0.06,38,961400,卖盘
2153,10:26:13,253.06,-0.07,14,354284,卖盘
2154,10:26:09,253.13,-0.03,1,25313,买盘
2155,10:26:04,253.16,--,43,1101246,卖盘
2156,10:25:58,253.16,-0.04,2,50632,卖盘
2157,10:25:54,253.2,--,0,12660,买盘
2158,10:25:49,253.2,--,4,113940,卖盘
2159,10:25:28,253.2,--,0,0,卖盘
2160,10:25:24,253.2,-0.4,6,151920,卖盘
2161,10:25:19,253.6,0.33,18,469160,买盘
2162,10:25:13,253.27,-0.03,103,2608681,买盘
2163,10:25:09,253.3,-0.04,3,75990,卖盘
2164,10:24:58,253.34,-0.16,10,253340,卖盘
2165,10:24:54,253.5,--,0,0,买盘
2166,10:24:49,253.5,--,98,2496975,卖盘
2167,10:24:43,253.5,-0.03,164,4157400,卖盘
2168,10:24:37,253.53,-0.06,20,507060,买盘
2169,10:24:34,253.59,0.06,15,380385,买盘
2170,10:24:28,253.53,-0.06,56,1419768,卖盘
2171,10:24:19,253.59,--,3,76077,买盘
2172,10:24:13,253.59,--,1,25359,买盘
2173,10:24:04,253.59,--,3,76077,买盘
2174,10:23:58,253.59,--,10,253590,买盘
2175,10:23:49,253.59,--,2,50718,买盘
2176,10:23:33,253.59,0.05,4,101436,买盘
2177,10:23:28,253.54,-0.05,1,25354,卖盘
2178,10:23:22,253.59,--,7,177513,买盘
2179,10:23:18,253.59,--,0,0,中性盘
2180,10:23:13,253.59,0.06,2,50718,买盘
2181,10:23:07,253.53,-0.05,5,126765,卖盘
2182,10:23:03,253.58,--,1,25358,买盘
2183,10:22:49,253.58,--,53,1343974,买盘
2184,10:22:43,253.58,-0.19,9,228222,卖盘
2185,10:22:34,253.77,-0.03,2,50754,中性盘
2186,10:22:28,253.8,-0.08,4,101520,卖盘
2187,10:22:19,253.88,-0.09,11,279268,卖盘
2188,10:22:13,253.97,--,2,50794,买盘
2189,10:22:07,253.97,-0.19,80,2031760,卖盘
2190,10:22:03,254.16,--,30,762480,买盘
2191,10:21:58,254.16,--,1,25416,买盘
2192,10:21:52,254.16,-0.14,13,330408,卖盘
2193,10:21:48,254.3,--,6,152580,卖盘
2194,10:21:43,254.3,--,33,839190,买盘
2195,10:21:33,254.3,--,2,50860,买盘
2196,10:21:28,254.3,-0.28,4,101720,卖盘
2197,10:21:18,254.58,-0.01,6,152748,中性盘
2198,10:21:13,254.59,-0.02,3,76377,买盘
2199,10:21:07,254.61,--,0,0,买盘
2200,10:21:03,254.61,0.43,5,127305,买盘
2201,10:20:58,254.18,0.02,1,25418,买盘
2202,10:20:48,254.16,-0.02,6,152496,卖盘
2203,10:20:43,254.18,0.02,12,305016,买盘
2204,10:20:37,254.16,-0.02,2,50832,卖盘
2205,10:20:33,254.18,0.02,6,152508,买盘
2206,10:20:28,254.16,--,1,25416,卖盘
2207,10:20:18,254.16,0.06,7,177912,买盘
2208,10:20:13,254.1,-0.02,10,254100,卖盘
2209,10:20:03,254.12,-0.04,1,25412,卖盘
2210,10:19:58,254.16,-0.02,2,50832,买盘
2211,10:19:52,254.18,-0.44,19,482942,卖盘
2212,10:19:48,254.62,0.43,6,152772,买盘
2213,10:19:43,254.19,-0.43,5,127095,卖盘
2214,10:19:37,254.62,0.01,4,101848,卖盘
2215,10:19:33,254.61,-0.01,2,50922,买盘
2216,10:19:28,254.62,--,1,25462,买盘
2217,10:19:22,254.62,--,0,0,买盘
2218,10:19:13,254.62,0.44,5,127310,买盘
2219,10:19:07,254.18,-0.43,5,127090,卖盘
2220,10:19:03,254.61,0.43,4,101844,买盘
2221,10:18:58,254.18,--,1,25418,卖盘
2222,10:18:48,254.18,--,1,25418,卖盘
2223,10:18:43,254.18,-0.12,10,254180,卖盘
2224,10:18:33,254.3,--,3,76290,买盘
2225,10:18:22,254.3,--,2,50860,买盘
2226,10:18:18,254.3,0.08,17,432310,卖盘
2227,10:18:07,254.22,0.04,5,127110,买盘
2228,10:17:58,254.18,-0.04,1,25418,卖盘
2229,10:17:52,254.22,-0.03,1,25422,买盘
2230,10:17:47,254.25,-0.35,50,1271250,卖盘
2231,10:17:43,254.6,--,0,0,买盘
2232,10:17:37,254.6,-0.16,76,1934960,卖盘
2233,10:17:33,254.76,--,16,407616,买盘
2234,10:17:28,254.76,0.15,2,50952,买盘
2235,10:17:22,254.61,--,0,0,卖盘
2236,10:17:18,254.61,-0.18,1,25461,卖盘
2237,10:17:13,254.79,--,5,127395,卖盘
2238,10:17:01,254.79,0.19,1,25479,卖盘
2239,10:16:58,254.6,--,0,0,卖盘
2240,10:16:52,254.6,--,0,0,卖盘
2241,10:16:46,254.6,--,0,0,卖盘
2242,10:16:37,254.6,--,7,178220,卖盘
2243,10:16:31,254.6,0.48,31,789260,卖盘
2244,10:16:28,254.12,--,0,0,中性盘
2245,10:16:22,254.12,0.02,44,1118128,中性盘
2246,10:16:16,254.1,--,2,50820,卖盘
2247,10:16:13,254.1,-0.1,13,330330,中性盘
2248,10:16:07,254.2,--,2,50840,买盘
2249,10:16:01,254.2,0.21,1,25420,买盘
2250,10:15:57,253.99,--,2,50798,买盘
2251,10:15:52,253.99,-0.21,70,1777930,卖盘
2252,10:15:42,254.2,-0.27,7,177940,卖盘
2253,10:15:37,254.47,-0.16,133,3384451,卖盘
2254,10:15:31,254.63,--,10,254630,买盘
2255,10:15:27,254.63,-0.17,40,1018520,卖盘
2256,10:15:22,254.8,0.1,23,586040,买盘
2257,10:15:16,254.7,--,123,3139432,卖盘
2258,10:15:12,254.7,-0.02,15,382050,卖盘
2259,10:15:07,254.72,--,1,25472,买盘
2260,10:15:01,254.72,0.02,5,127360,买盘
2261,10:14:57,254.7,-0.02,14,375427,卖盘
2262,10:14:52,254.72,-0.03,21,534912,买盘
2263,10:14:46,254.75,--,22,560450,卖盘
2264,10:14:42,254.75,--,1,25475,卖盘
2265,10:14:37,254.75,--,95,2420125,买盘
2266,10:14:31,254.75,--,20,509500,买盘
2267,10:14:27,254.75,--,3,76425,买盘
2268,10:14:22,254.75,-0.05,36,917100,卖盘
2269,10:14:16,254.8,-0.08,31,789880,卖盘
2270,10:14:12,254.88,--,0,0,卖盘
2271,10:14:07,254.88,--,17,433296,买盘
2272,10:14:01,254.88,--,3,76464,买盘
2273,10:13:57,254.88,-0.12,15,382320,卖盘
2274,10:13:52,255.0,--,7,178500,买盘
2275,10:13:46,255.0,-0.18,14,363630,卖盘
2276,10:13:42,255.18,--,0,0,买盘
2277,10:13:37,255.18,0.18,6,153108,买盘
2278,10:13:31,255.0,--,31,790500,卖盘
2279,10:13:27,255.0,0.1,37,962370,买盘
2280,10:13:22,254.9,-0.1,19,490937,卖盘
2281,10:13:16,255.0,0.09,1,25500,买盘
2282,10:13:12,254.91,-0.05,56,1427496,卖盘
2283,10:13:07,254.96,--,67,1727099,买盘
2284,10:13:01,254.96,-0.03,41,1045336,卖盘
2285,10:12:57,254.99,0.02,25,637475,买盘
2286,10:12:52,254.97,-0.03,36,917892,卖盘
2287,10:12:46,255.0,--,6,153000,卖盘
2288,10:12:42,255.0,0.02,42,1071000,买盘
2289,10:12:37,254.98,0.08,5,127490,买盘
2290,10:12:31,254.9,0.05,8,203920,中性盘
2291,10:12:27,254.85,0.08,53,1350705,买盘
2292,10:12:22,254.77,-0.21,70,1783390,卖盘
2293,10:12:16,254.98,0.14,2,50996,买盘
2294,10:12:12,254.84,-0.14,23,586132,卖盘
2295,10:12:07,254.98,-0.03,102,2600796,卖盘
2296,10:12:01,255.01,--,97,2473597,卖盘
2297,10:11:57,255.01,0.01,44,1122044,中性盘
2298,10:11:52,255.0,0.05,158,4029000,买盘
2299,10:11:46,254.95,-0.05,94,2396530,卖盘
2300,10:11:42,255.0,0.2,71,1810500,买盘
2301,10:11:37,254.8,--,8,203840,卖盘
2302,10:11:31,254.8,--,54,1375920,卖盘
2303,10:11:27,254.8,0.2,29,738920,买盘
2304,10:11:22,254.6,0.32,29,738340,买盘
2305,10:11:16,254.28,-0.26,48,1220544,卖盘
2306,10:11:12,254.54,0.07,47,1196338,买盘
2307,10:11:07,254.47,-0.03,93,2366571,卖盘
2308,10:11:01,254.5,--,31,788950,卖盘
2309,10:10:57,254.5,-0.04,6,152700,卖盘
2310,10:10:52,254.54,0.26,1,25454,卖盘
2311,10:10:46,254.28,-0.19,47,1195116,卖盘
2312,10:10:42,254.47,--,12,305364,卖盘
2313,10:10:37,254.47,--,4,101788,买盘
2314,10:10:31,254.47,0.19,1,25447,买盘
2315,10:10:26,254.28,-0.21,9,228852,中性盘
2316,10:10:22,254.49,0.28,20,508980,买盘
2317,10:10:16,254.21,-0.28,4,101684,卖盘
2318,10:10:10,254.49,0.29,3,76347,买盘
2319,10:10:07,254.2,0.02,18,457560,中性盘
2320,10:10:01,254.18,--,11,279598,卖盘
2321,10:09:55,254.18,--,1,25418,卖盘
2322,10:09:52,254.18,-0.32,5,127090,卖盘
2323,10:09:46,254.5,0.01,21,534450,买盘
2324,10:09:40,254.49,--,0,0,买盘
2325,10:09:37,254.49,0.33,68,1730532,买盘
2326,10:09:31,254.16,-0.04,57,1448712,卖盘
2327,10:09:25,254.2,--,52,1321840,卖盘
2328,10:09:21,254.2,--,5,127100,卖盘
2329,10:09:16,254.2,-0.1,7,177940,中性盘
2330,10:09:10,254.3,-0.18,6,152580,卖盘
2331,10:09:06,254.48,--,42,1068816,买盘
2332,10:09:01,254.48,0.33,21,534408,买盘
2333,10:08:55,254.15,-0.15,4,101660,卖盘
2334,10:08:51,254.3,0.15,3,76290,买盘
2335,10:08:46,254.15,0.02,23,584545,中性盘
2336,10:08:40,254.13,--,4,101652,卖盘
2337,10:08:36,254.13,0.03,6,152478,中性盘
2338,10:08:31,254.1,-0.03,19,482790,卖盘
2339,10:08:25,254.13,--,4,101652,买盘
2340,10:08:21,254.13,-0.02,31,787803,买盘
2341,10:08:16,254.15,-0.2,6,152490,卖盘
2342,10:08:10,254.35,0.19,3,76305,买盘
2343,10:08:06,254.16,-0.14,3,76248,卖盘
2344,10:08:01,254.3,0.14,8,203440,卖盘
2345,10:07:55,254.16,-0.14,1,25416,卖盘
2346,10:07:51,254.3,0.14,2,63575,买盘
2347,10:07:46,254.16,-0.15,7,177912,卖盘
2348,10:07:36,254.31,0.01,9,228879,买盘
2349,10:07:31,254.3,--,0,0,卖盘
2350,10:07:25,254.3,--,1,25430,卖盘
2351,10:07:21,254.3,-0.19,7,178010,卖盘
2352,10:07:16,254.49,0.19,4,101796,买盘
2353,10:07:10,254.3,--,11,279730,卖盘
2354,10:07:06,254.3,-0.04,3,76290,中性盘
2355,10:07:01,254.34,0.18,14,356076,买盘
2356,10:06:51,254.16,--,5,127080,卖盘
2357,10:06:46,254.16,-0.19,10,254160,卖盘
2358,10:06:40,254.35,--,33,839355,卖盘
2359,10:06:36,254.35,--,3,76305,卖盘
2360,10:06:31,254.35,0.05,24,610440,买盘
2361,10:06:25,254.3,--,1,25430,卖盘
2362,10:06:21,254.3,--,45,1144350,卖盘
2363,10:06:15,254.3,--,166,4221380,卖盘
2364,10:06:10,254.3,0.29,52,1335075,买盘
2365,10:06:06,254.01,-0.1,6,152406,卖盘
2366,10:06:01,254.11,0.2,1,25411,中性盘
2367,10:05:55,253.91,-0.1,1,25391,卖盘
2368,10:05:51,254.01,--,7,177807,卖盘
2369,10:05:45,254.01,--,7,177807,卖盘
2370,10:05:40,254.01,--,1,25401,卖盘
2371,10:05:36,254.01,--,4,101604,卖盘
2372,10:05:30,254.01,0.21,2,50802,中性盘
2373,10:05:25,253.8,-0.01,4,101520,卖盘
2374,10:05:21,253.81,--,8,203048,买盘
2375,10:05:15,253.81,--,3,76143,卖盘
2376,10:05:10,253.81,-0.35,45,1148744,卖盘
2377,10:05:06,254.16,0.26,17,450879,买盘
2378,10:05:00,253.9,-0.09,5,126950,卖盘
2379,10:04:55,253.99,--,3,76197,卖盘
2380,10:04:51,253.99,0.19,18,457182,买盘
2381,10:04:45,253.8,--,15,380700,卖盘
2382,10:04:36,253.8,0.13,23,583740,买盘
2383,10:04:30,253.67,-0.13,2,50734,卖盘
2384,10:04:25,253.8,--,0,0,买盘
2385,10:04:21,253.8,--,14,355320,买盘
2386,10:04:15,253.8,--,0,0,买盘
2387,10:04:10,253.8,-0.2,13,329940,卖盘
2388,10:04:05,254.0,--,127,3225800,买盘
2389,10:04:00,254.0,--,2,50800,买盘
2390,10:03:55,254.0,--,13,330200,买盘
2391,10:03:51,254.0,0.1,55,1397000,买盘
2392,10:03:45,253.9,-0.08,15,380850,卖盘
2393,10:03:40,253.98,-0.02,25,634950,卖盘
2394,10:03:36,254.0,--,93,2374900,卖盘
2395,10:03:30,254.0,-0.11,15,381000,卖盘
2396,10:03:25,254.11,--,38,965618,买盘
2397,10:03:20,254.11,0.1,4,101644,买盘
2398,10:03:15,254.01,--,2,50802,卖盘
2399,10:03:10,254.01,-0.12,3,76203,卖盘
2400,10:03:05,254.13,-0.02,17,432021,卖盘
2401,10:03:00,254.15,-0.01,2,50830,卖盘
2402,10:02:55,254.16,-0.14,11,279576,中性盘
2403,10:02:49,254.3,--,5,127150,卖盘
2404,10:02:45,254.3,0.29,37,940910,买盘
2405,10:02:40,254.01,--,32,812832,卖盘
2406,10:02:34,254.01,--,2,50802,卖盘
2407,10:02:30,254.01,--,4,101604,卖盘
2408,10:02:25,254.01,--,13,330213,卖盘
2409,10:02:19,254.01,-0.14,3,76203,卖盘
2410,10:02:10,254.15,0.15,3,76245,买盘
2411,10:02:04,254.0,--,3,76200,卖盘
2412,10:02:00,254.0,--,8,203200,卖盘
2413,10:01:55,254.0,-0.01,5,127000,卖盘
2414,10:01:49,254.01,--,11,279411,卖盘
2415,10:01:45,254.01,-0.15,2,50802,中性盘
2416,10:01:40,254.16,0.16,11,279576,买盘
2417,10:01:34,254.0,--,2,50800,卖盘
2418,10:01:30,254.0,-0.01,10,254000,卖盘
2419,10:01:25,254.01,0.01,5,127005,买盘
2420,10:01:19,254.0,--,1,25400,卖盘
2421,10:01:15,254.0,-0.01,26,660400,卖盘
2422,10:01:10,254.01,0.03,32,825532,买盘
2423,10:01:04,253.98,--,2,50796,卖盘
2424,10:01:00,253.98,-0.02,14,355572,卖盘
2425,10:00:55,254.0,--,53,1358900,卖盘
2426,10:00:49,254.0,0.5,340,8648700,买盘
2427,10:00:45,253.5,--,47,1191450,卖盘
2428,10:00:40,253.5,-0.01,53,1343550,卖盘
2429,10:00:34,253.51,--,224,5678624,卖盘
2430,10:00:30,253.51,0.01,9,228159,中性盘
2431,10:00:25,253.5,--,38,963300,卖盘
2432,10:00:19,253.5,-0.49,9,228150,卖盘
2433,10:00:15,253.99,--,28,711172,买盘
2434,10:00:10,253.99,0.39,11,279389,中性盘
2435,10:00:04,253.6,-0.4,8,202880,卖盘
2436,10:00:00,254.0,--,15,381000,买盘
2437,09:59:54,254.0,0.49,10,254000,买盘
2438,09:59:49,253.51,-0.02,1,25351,卖盘
2439,09:59:45,253.53,-0.47,5,126765,卖盘
2440,09:59:39,254.0,--,16,406400,买盘
2441,09:59:30,254.0,-0.16,43,1104900,卖盘
2442,09:59:24,254.16,0.16,7,177912,买盘
2443,09:59:19,254.0,--,5,127000,卖盘
2444,09:59:15,254.0,-0.3,25,635000,卖盘
2445,09:59:09,254.3,0.14,13,330590,买盘
2446,09:59:04,254.16,-0.04,4,101664,卖盘
2447,09:59:00,254.2,-0.1,27,686340,卖盘
2448,09:58:54,254.3,0.14,14,356020,买盘
2449,09:58:49,254.16,-0.14,8,203328,卖盘
2450,09:58:45,254.3,0.1,8,203440,买盘
2451,09:58:39,254.2,--,13,330460,卖盘
2452,09:58:34,254.2,-0.02,2,50840,卖盘
2453,09:58:30,254.22,0.12,7,177954,买盘
2454,09:58:24,254.1,0.1,10,254100,买盘
2455,09:58:19,254.0,--,2,50800,卖盘
2456,09:58:15,254.0,0.09,5,139700,买盘
2457,09:58:09,253.91,-0.09,5,126955,买盘
2458,09:58:04,254.0,0.11,19,495300,买盘
2459,09:58:00,253.89,0.39,8,203112,中性盘
2460,09:57:54,253.5,-0.3,5,126750,卖盘
2461,09:57:49,253.8,--,0,0,中性盘
2462,09:57:45,253.8,0.46,15,380700,买盘
2463,09:57:39,253.34,--,16,405344,卖盘
2464,09:57:34,253.34,-0.56,3,76002,卖盘
2465,09:57:30,253.9,--,20,507800,买盘
2466,09:57:24,253.9,0.1,82,2081980,买盘
2467,09:57:19,253.8,-0.01,5,126900,卖盘
2468,09:57:15,253.81,0.45,10,253810,买盘
2469,09:57:09,253.36,-0.53,31,785416,卖盘
2470,09:57:04,253.89,0.51,150,3808350,买盘
2471,09:56:59,253.38,--,0,0,卖盘
2472,09:56:54,253.38,0.02,4,101352,卖盘
2473,09:56:49,253.36,--,0,0,卖盘
2474,09:56:45,253.36,-0.45,2,50672,卖盘
2475,09:56:39,253.81,--,9,228429,买盘
2476,09:56:34,253.81,--,0,0,买盘
2477,09:56:30,253.81,--,21,533001,买盘
2478,09:56:19,253.81,-0.09,2,50762,卖盘
2479,09:56:14,253.9,--,30,761700,卖盘
2480,09:56:09,253.9,--,192,4879450,买盘
2481,09:56:04,253.9,--,15,380850,卖盘
2482,09:55:59,253.9,-0.06,91,2310490,卖盘
2483,09:55:54,253.96,0.06,112,2844352,买盘
2484,09:55:49,253.9,--,7,177730,卖盘
2485,09:55:44,253.9,--,47,1193330,卖盘
2486,09:55:39,253.9,0.6,116,2945240,买盘
2487,09:55:34,253.3,0.1,1,25330,卖盘
2488,09:55:29,253.2,-0.61,5,126600,卖盘
2489,09:55:24,253.81,0.13,7,177667,买盘
2490,09:55:19,253.68,0.48,124,3145632,买盘
2491,09:55:13,253.2,-0.1,5,126600,卖盘
2492,09:55:09,253.3,0.21,15,379950,买盘
2493,09:55:04,253.09,0.08,5,126545,中性盘
2494,09:54:58,253.01,-0.29,56,1416856,卖盘
2495,09:54:54,253.3,0.21,50,1266500,买盘
2496,09:54:49,253.09,--,3,75927,卖盘
2497,09:54:43,253.09,0.08,1,25309,买盘
2498,09:54:39,253.01,0.01,2,50602,中性盘
2499,09:54:34,253.0,0.4,7,177100,买盘
2500,09:54:28,252.6,-0.4,5,126300,卖盘
2501,09:54:24,253.0,0.05,25,632500,买盘
2502,09:54:19,252.95,0.35,1,25295,中性盘
2503,09:54:13,252.6,-0.4,1,25260,卖盘
2504,09:54:09,253.0,0.28,8,202400,买盘
2505,09:54:04,252.72,0.61,17,429624,买盘
2506,09:53:58,252.11,-0.04,10,252110,卖盘
2507,09:53:54,252.15,-0.56,9,226935,卖盘
2508,09:53:49,252.71,-0.27,61,1541531,卖盘
2509,09:53:43,252.98,0.03,2,50596,买盘
2510,09:53:39,252.95,-0.05,106,2681270,卖盘
2511,09:53:34,253.0,-0.23,20,506000,卖盘
2512,09:53:28,253.23,0.14,10,253230,中性盘
2513,09:53:24,253.09,--,34,860506,卖盘
2514,09:53:19,253.09,0.09,6,151854,中性盘
2515,09:53:13,253.0,--,1,25300,卖盘
2516,09:53:09,253.0,--,14,354200,买盘
2517,09:53:03,253.0,--,65,1644500,卖盘
2518,09:52:58,253.0,--,2,50600,卖盘
2519,09:52:54,253.0,0.3,86,2175800,买盘
2520,09:52:48,252.7,--,9,227430,卖盘
2521,09:52:43,252.7,-0.25,8,202160,中性盘
2522,09:52:39,252.95,0.27,55,1391225,买盘
2523,09:52:33,252.68,0.67,13,328484,买盘
2524,09:52:28,252.01,-0.67,7,176407,卖盘
2525,09:52:24,252.68,--,14,353752,买盘
2526,09:52:18,252.68,-0.01,33,833844,中性盘
2527,09:52:13,252.69,--,7,176883,买盘
2528,09:52:09,252.69,0.01,37,934953,买盘
2529,09:52:03,252.68,0.68,36,909648,买盘
2530,09:51:54,252.0,--,61,1537200,买盘
2531,09:51:48,252.0,0.03,18,453600,买盘
2532,09:51:43,251.97,0.02,7,176379,中性盘
2533,09:51:39,251.95,0.06,9,226755,买盘
2534,09:51:33,251.89,0.09,8,201512,买盘
2535,09:51:28,251.8,-0.14,4,100720,卖盘
2536,09:51:24,251.94,0.06,6,151164,买盘
2537,09:51:18,251.88,--,21,528948,卖盘
2538,09:51:13,251.88,0.08,90,2266920,买盘
2539,09:51:09,251.8,-0.08,6,151080,卖盘
2540,09:51:03,251.88,--,45,1133460,买盘
2541,09:50:58,251.88,--,5,125940,买盘
2542,09:50:54,251.88,-0.06,54,1360152,买盘
2543,09:50:48,251.94,-0.01,14,362037,卖盘
2544,09:50:39,251.95,0.01,3,91457,买盘
2545,09:50:33,251.94,0.06,1,34515,买盘
2546,09:50:28,251.88,-0.07,2,50376,卖盘
2547,09:50:23,251.95,--,13,327535,买盘
2548,09:50:18,251.95,0.07,2,50390,买盘
2549,09:50:13,251.88,--,2,50376,卖盘
2550,09:50:08,251.88,--,14,352632,卖盘
2551,09:50:03,251.88,--,5,125940,卖盘
2552,09:49:58,251.88,--,9,226692,卖盘
2553,09:49:53,251.88,--,56,1410528,卖盘
2554,09:49:48,251.88,0.01,116,2937676,买盘
2555,09:49:43,251.87,0.57,4,100748,中性盘
2556,09:49:38,251.3,--,18,468423,卖盘
2557,09:49:33,251.3,-0.1,58,1457540,卖盘
2558,09:49:28,251.4,-0.48,24,603360,卖盘
2559,09:49:24,251.88,0.06,65,1637220,买盘
2560,09:49:18,251.82,--,0,0,卖盘
2561,09:49:13,251.82,-0.06,25,629550,卖盘
2562,09:49:08,251.88,0.03,75,1889100,买盘
2563,09:49:03,251.85,0.18,34,856290,买盘
2564,09:48:53,251.67,--,1,25167,卖盘
2565,09:48:48,251.67,--,2,50334,卖盘
2566,09:48:38,251.67,0.32,5,125835,买盘
2567,09:48:33,251.35,0.05,1,25135,中性盘
2568,09:48:28,251.3,--,3,75390,卖盘
2569,09:48:23,251.3,0.05,10,251300,卖盘
2570,09:48:18,251.25,-0.63,10,251250,卖盘
2571,09:48:13,251.88,--,28,705264,买盘
2572,09:48:08,251.88,--,40,1016839,卖盘
2573,09:48:03,251.88,--,11,277068,卖盘
2574,09:47:58,251.88,--,29,730452,卖盘
2575,09:47:53,251.88,0.59,82,2081284,买盘
2576,09:47:48,251.29,--,4,100516,卖盘
2577,09:47:38,251.29,--,6,150774,卖盘
2578,09:47:33,251.29,-0.59,14,351806,卖盘
2579,09:47:28,251.88,0.58,39,982332,买盘
2580,09:47:18,251.3,-0.58,24,603120,卖盘
2581,09:47:13,251.88,-0.02,146,3686767,卖盘
2582,09:47:07,251.9,-0.05,22,554180,卖盘
2583,09:47:03,251.95,--,14,352730,买盘
2584,09:46:58,251.95,0.05,21,529095,买盘
2585,09:46:48,251.9,0.6,50,1275369,买盘
2586,09:46:43,251.3,--,40,1005200,买盘
2587,09:46:37,251.3,-0.58,83,2095088,卖盘
2588,09:46:33,251.88,-0.02,14,352632,卖盘
2589,09:46:28,251.9,0.02,26,654940,买盘
2590,09:46:22,251.88,0.56,2,50376,买盘
2591,09:46:18,251.32,-0.01,15,392813,卖盘
2592,09:46:12,251.33,-0.55,18,452394,中性盘
2593,09:46:07,251.88,--,7,176316,买盘
2594,09:46:03,251.88,0.57,32,806016,买盘
2595,09:45:57,251.31,--,3,75393,卖盘
2596,09:45:48,251.31,0.01,4,100524,中性盘
2597,09:45:42,251.3,--,6,150780,卖盘
2598,09:45:37,251.3,--,5,125650,卖盘
2599,09:45:33,251.3,--,12,301560,卖盘
2600,09:45:27,251.3,--,5,125650,卖盘
2601,09:45:22,251.3,0.06,3,75390,中性盘
2602,09:45:18,251.24,-0.04,8,200992,卖盘
2603,09:45:12,251.28,0.04,12,301536,卖盘
2604,09:45:07,251.24,-0.04,29,728596,卖盘
2605,09:45:03,251.28,0.05,22,552816,买盘
2606,09:44:57,251.23,0.01,34,854182,中性盘
2607,09:44:52,251.22,-0.06,10,251220,卖盘
2608,09:44:48,251.28,-0.62,26,653328,卖盘
2609,09:44:42,251.9,--,9,226710,卖盘
2610,09:44:37,251.9,0.6,25,629750,买盘
2611,09:44:33,251.3,-0.2,4,100520,卖盘
2612,09:44:27,251.5,-0.49,25,628750,卖盘
2613,09:44:22,251.99,0.19,7,176393,买盘
2614,09:44:18,251.8,-0.1,6,151080,卖盘
2615,09:44:12,251.9,--,12,302280,买盘
2616,09:44:07,251.9,-0.1,1,25190,卖盘
2617,09:44:03,252.0,-0.16,35,882000,卖盘
2618,09:43:57,252.16,-0.02,3,75648,卖盘
2619,09:43:48,252.18,-0.5,125,3152250,卖盘
2620,09:43:42,252.68,0.18,3,75804,中性盘
2621,09:43:37,252.5,0.2,3,75750,卖盘
2622,09:43:33,252.3,--,10,252300,卖盘
2623,09:43:27,252.3,--,11,277530,卖盘
2624,09:43:22,252.3,0.01,1,25230,卖盘
2625,09:43:18,252.29,-0.41,2,50458,卖盘
2626,09:43:07,252.7,0.41,6,151620,买盘
2627,09:43:03,252.29,-0.43,2,50458,卖盘
2628,09:42:57,252.72,0.42,3,75816,中性盘
2629,09:42:52,252.3,-0.5,9,227070,卖盘
2630,09:42:47,252.8,0.52,10,252800,买盘
2631,09:42:32,252.28,--,0,0,卖盘
2632,09:42:27,252.28,--,2,50456,卖盘
2633,09:42:22,252.28,0.01,6,151368,卖盘
