,time,price,change,volume,amount,type
0,15:00:00,4.48,--,0,0,买盘
1,15:00:00,4.48,0.01,0,0,买盘
2,14:59:57,4.47,-0.01,91,40677,卖盘
3,14:59:52,4.48,--,17,7616,买盘
4,14:59:47,4.48,0.01,90,40320,买盘
5,14:59:42,4.47,-0.01,400,178800,卖盘
6,14:59:37,4.48,0.01,110,49280,买盘
7,14:59:31,4.47,-0.01,11,4917,卖盘
8,14:59:27,4.48,--,46,20608,买盘
9,14:59:22,4.48,--,3090,1384544,买盘
10,14:59:16,4.48,0.01,17,7616,买盘
11,14:59:12,4.47,--,65,29055,卖盘
12,14:59:07,4.47,--,102,45594,卖盘
13,14:58:57,4.47,-0.01,103,46041,卖盘
14,14:58:46,4.48,0.01,8,3584,买盘
15,14:58:42,4.47,--,31,13857,卖盘
16,14:58:36,4.47,-0.01,105,46935,卖盘
17,14:58:27,4.48,0.01,209,93632,买盘
18,14:58:21,4.47,-0.01,129,57663,卖盘
19,14:58:16,4.48,--,126,56448,买盘
20,14:58:12,4.48,0.01,9,4032,买盘
21,14:58:06,4.47,--,1,447,卖盘
22,14:58:01,4.47,--,81,36251,卖盘
23,14:57:57,4.47,--,122,54534,卖盘
24,14:57:51,4.47,--,63,28161,卖盘
25,14:57:46,4.47,-0.01,1,447,卖盘
26,14:57:42,4.48,--,4,1792,买盘
27,14:57:36,4.48,--,45,20160,买盘
28,14:57:31,4.48,0.01,731,327488,买盘
29,14:57:27,4.47,--,50,22350,卖盘
30,14:57:21,4.47,--,208,92976,卖盘
31,14:57:16,4.47,--,63,28161,卖盘
32,14:57:12,4.47,--,20,8940,卖盘
33,14:57:06,4.47,--,1,447,卖盘
34,14:57:01,4.47,-0.01,7,3129,卖盘
35,14:56:57,4.48,0.01,124,55552,买盘
36,14:56:51,4.47,-0.01,174,77778,卖盘
37,14:56:42,4.48,--,101,45248,买盘
38,14:56:36,4.48,0.01,68,30464,买盘
39,14:56:31,4.47,--,20,8940,卖盘
40,14:56:27,4.47,--,336,150621,卖盘
41,14:56:21,4.47,-0.01,5,2235,卖盘
42,14:56:16,4.48,0.01,1,448,买盘
43,14:56:12,4.47,--,33,14751,卖盘
44,14:56:06,4.47,--,12,5364,卖盘
45,14:56:01,4.47,--,69,31196,卖盘
46,14:55:57,4.47,--,101,45147,卖盘
47,14:55:51,4.47,--,11,4917,卖盘
48,14:55:42,4.47,--,64,28608,卖盘
49,14:55:36,4.47,-0.01,21,9387,卖盘
50,14:55:31,4.48,0.01,17,7616,买盘
51,14:55:27,4.47,--,12,5364,卖盘
52,14:55:21,4.47,-0.01,129,57922,卖盘
53,14:55:11,4.48,--,203,90988,卖盘
54,14:55:06,4.48,-0.01,328,146944,卖盘
55,14:55:01,4.49,0.01,111,49839,买盘
56,14:54:56,4.48,-0.01,5,2240,卖盘
57,14:54:51,4.49,--,20,8980,买盘
58,14:54:46,4.49,0.01,73,33181,买盘
59,14:54:36,4.48,-0.01,40,17920,卖盘
60,14:54:31,4.49,--,24,10776,买盘
61,14:54:26,4.49,0.01,96,43104,买盘
62,14:54:21,4.48,--,20,8960,卖盘
63,14:54:16,4.48,--,228,102144,卖盘
64,14:54:11,4.48,--,4,1792,卖盘
65,14:54:06,4.48,--,13,5824,卖盘
66,14:54:01,4.48,--,101,45248,卖盘
67,14:53:56,4.48,--,20,8960,卖盘
68,14:53:51,4.48,--,91,40768,卖盘
69,14:53:41,4.48,-0.01,5,2240,卖盘
70,14:53:36,4.49,0.01,19,8531,买盘
71,14:53:31,4.48,--,20,8960,卖盘
72,14:53:26,4.48,--,51,22848,卖盘
73,14:53:21,4.48,--,30,13440,卖盘
74,14:53:16,4.48,--,657,294336,买盘
75,14:53:11,4.48,0.01,96,43008,买盘
76,14:52:56,4.47,--,1,447,卖盘
77,14:52:51,4.47,-0.01,15,6705,卖盘
78,14:52:46,4.48,0.01,70,31360,买盘
79,14:52:41,4.47,--,10,4470,卖盘
80,14:52:26,4.47,--,105,46935,卖盘
81,14:52:16,4.47,-0.01,15,6705,卖盘
82,14:52:11,4.48,--,78,34944,卖盘
83,14:52:06,4.48,--,10,4480,买盘
84,14:52:01,4.48,-0.01,122,54656,卖盘
85,14:51:56,4.49,0.01,775,347975,买盘
86,14:51:51,4.48,--,37,16576,卖盘
87,14:51:41,4.48,--,14,6272,卖盘
88,14:51:36,4.48,--,25,11200,卖盘
89,14:51:31,4.48,--,22,9856,卖盘
90,14:51:25,4.48,--,20,8960,卖盘
91,14:51:21,4.48,--,44,19712,卖盘
92,14:51:15,4.48,0.01,1632,731136,买盘
93,14:51:06,4.47,--,66,29502,卖盘
94,14:51:00,4.47,-0.01,1157,517179,卖盘
95,14:50:55,4.48,0.01,10,4480,买盘
96,14:50:51,4.47,--,70,31290,卖盘
97,14:50:45,4.47,--,412,184164,卖盘
98,14:50:40,4.47,--,70,31290,卖盘
99,14:50:30,4.47,--,52,23244,卖盘
100,14:50:25,4.47,--,2,894,卖盘
101,14:50:21,4.47,-0.01,7,3129,卖盘
102,14:50:15,4.48,0.01,34,15232,买盘
103,14:50:06,4.47,--,7,3129,卖盘
104,14:50:00,4.47,--,75,33525,卖盘
105,14:49:55,4.47,--,7,3129,卖盘
106,14:49:40,4.47,-0.01,859,383973,卖盘
107,14:49:30,4.48,0.01,2,896,买盘
108,14:49:21,4.47,--,31,13857,卖盘
109,14:49:10,4.47,--,3,1341,卖盘
110,14:49:06,4.47,--,5,2235,卖盘
111,14:49:00,4.47,--,37,16539,卖盘
112,14:48:51,4.47,-0.01,40,17880,卖盘
113,14:48:36,4.48,0.01,40,17920,买盘
114,14:48:21,4.47,-0.01,140,62580,卖盘
115,14:48:15,4.48,0.01,8,3584,买盘
116,14:48:05,4.47,--,5,2235,卖盘
117,14:47:50,4.47,--,281,125607,卖盘
118,14:47:45,4.47,0.01,3950,1765681,买盘
119,14:47:30,4.46,--,40,17840,卖盘
120,14:47:15,4.46,--,5,2230,卖盘
121,14:47:10,4.46,--,51,22746,卖盘
122,14:47:00,4.46,-0.01,2,892,卖盘
123,14:46:55,4.47,--,52,23244,买盘
124,14:46:45,4.47,-0.01,3041,1359742,卖盘
125,14:46:40,4.48,--,33,14784,卖盘
126,14:46:35,4.48,--,192,86047,买盘
127,14:46:30,4.48,--,142,63616,买盘
128,14:46:15,4.48,0.01,628,281344,买盘
129,14:46:10,4.47,-0.01,30,13410,卖盘
130,14:46:05,4.48,0.01,16,7168,买盘
131,14:45:55,4.47,-0.01,111,49617,卖盘
132,14:45:45,4.48,--,161,72128,买盘
133,14:45:35,4.48,--,20,8960,买盘
134,14:45:30,4.48,0.01,8,3584,买盘
135,14:45:25,4.47,-0.01,1,447,卖盘
136,14:45:20,4.48,0.01,27,12096,买盘
137,14:45:15,4.47,--,142,63474,卖盘
138,14:45:00,4.47,--,3692,1650324,买盘
139,14:44:55,4.47,--,36,16092,买盘
140,14:44:50,4.47,0.01,146,65262,买盘
141,14:44:45,4.46,-0.01,7,3122,卖盘
142,14:44:30,4.47,--,13,5811,买盘
143,14:44:24,4.47,--,10,4470,买盘
144,14:44:15,4.47,--,202,90294,买盘
145,14:43:30,4.47,0.01,659,294573,买盘
146,14:43:09,4.46,--,48,21408,卖盘
147,14:42:54,4.46,--,1,446,卖盘
148,14:42:34,4.46,--,114,50844,买盘
149,14:42:30,4.46,--,5,2230,买盘
150,14:42:24,4.46,--,75,33450,买盘
151,14:42:14,4.46,--,34,15164,买盘
152,14:42:09,4.46,--,238,106148,卖盘
153,14:41:59,4.46,-0.01,10,4460,卖盘
154,14:41:44,4.47,--,38,16986,买盘
155,14:41:39,4.47,0.01,11,4917,买盘
156,14:41:29,4.46,-0.01,640,285440,卖盘
157,14:41:24,4.47,--,31,13857,买盘
158,14:41:14,4.47,0.01,11,4917,买盘
159,14:40:54,4.46,--,332,148072,卖盘
160,14:40:29,4.46,--,252,112392,买盘
161,14:40:24,4.46,--,100,44600,买盘
162,14:40:19,4.46,--,213,94998,买盘
163,14:40:14,4.46,--,2,892,买盘
164,14:40:09,4.46,--,297,132462,买盘
165,14:40:04,4.46,--,5,2230,买盘
166,14:39:59,4.46,--,286,127556,买盘
167,14:39:54,4.46,--,5,2230,买盘
168,14:39:44,4.46,0.01,15,6690,买盘
169,14:39:39,4.45,--,1,445,卖盘
170,14:39:24,4.45,-0.01,21,9345,卖盘
171,14:39:14,4.46,0.01,18,8028,买盘
172,14:39:09,4.45,--,107,47615,卖盘
173,14:39:04,4.45,--,1,445,卖盘
174,14:38:44,4.45,-0.01,2,890,卖盘
175,14:38:34,4.46,--,16,7136,买盘
176,14:38:19,4.46,--,55,24530,买盘
177,14:38:04,4.46,0.01,97,43262,买盘
178,14:37:54,4.45,--,16,7120,卖盘
179,14:37:39,4.45,--,100,44500,卖盘
180,14:37:33,4.45,-0.01,1,445,卖盘
181,14:37:24,4.46,--,2,892,买盘
182,14:36:48,4.46,0.01,440,196240,买盘
183,14:36:44,4.45,-0.01,89,39605,卖盘
184,14:36:39,4.46,--,270,120420,卖盘
185,14:36:29,4.46,--,31,13826,卖盘
186,14:36:13,4.46,--,10,4460,卖盘
187,14:36:09,4.46,--,6,2676,卖盘
188,14:35:58,4.46,--,1,446,卖盘
189,14:35:48,4.46,--,104,46384,买盘
190,14:35:44,4.46,--,6,2676,买盘
191,14:35:33,4.46,--,24,10704,买盘
192,14:35:28,4.46,--,10,4460,买盘
193,14:35:23,4.46,0.01,347,154762,买盘
194,14:35:13,4.45,-0.01,1,445,卖盘
195,14:35:03,4.46,--,45,20070,买盘
196,14:34:53,4.46,--,170,75820,买盘
197,14:34:28,4.46,0.01,3,1338,买盘
198,14:34:23,4.45,-0.01,66,29370,卖盘
199,14:34:18,4.46,--,60,26760,买盘
200,14:34:13,4.46,--,21,9366,买盘
201,14:34:08,4.46,--,25,11150,买盘
202,14:33:58,4.46,--,148,66008,买盘
203,14:33:48,4.46,--,5,2230,买盘
204,14:33:43,4.46,0.01,42,18732,买盘
205,14:33:38,4.45,-0.01,1,445,卖盘
206,14:33:33,4.46,0.01,152,67792,买盘
207,14:33:28,4.45,-0.01,1,445,卖盘
208,14:33:23,4.46,0.01,10,4460,买盘
209,14:33:18,4.45,-0.01,10,4450,卖盘
210,14:33:08,4.46,--,2,892,买盘
211,14:33:03,4.46,0.01,6,2676,买盘
212,14:32:53,4.45,--,1,445,卖盘
213,14:32:43,4.45,--,942,419190,买盘
214,14:32:38,4.45,--,15,6675,买盘
215,14:32:33,4.45,--,44,19580,买盘
216,14:32:18,4.45,--,6,2670,买盘
217,14:32:08,4.45,0.01,112,49840,买盘
218,14:31:48,4.44,--,1,444,卖盘
219,14:31:33,4.44,--,60,26640,卖盘
220,14:31:28,4.44,--,300,133200,卖盘
221,14:31:23,4.44,--,1,444,卖盘
222,14:31:03,4.44,--,2,888,卖盘
223,14:30:57,4.44,--,2,888,卖盘
224,14:30:38,4.44,--,1,444,卖盘
225,14:30:27,4.44,--,78,34632,卖盘
226,14:30:18,4.44,--,20,8880,卖盘
227,14:30:08,4.44,-0.01,10,4440,卖盘
228,14:30:03,4.45,--,5,2225,买盘
229,14:29:57,4.45,--,2,890,买盘
230,14:29:53,4.45,0.01,1000,445000,买盘
231,14:29:48,4.44,--,23,10212,卖盘
232,14:29:42,4.44,-0.01,1,444,卖盘
233,14:29:38,4.45,--,42,18690,买盘
234,14:29:33,4.45,--,5,2225,买盘
235,14:29:27,4.45,0.01,65,28925,买盘
236,14:29:23,4.44,--,5,2220,卖盘
237,14:29:18,4.44,--,2,888,卖盘
238,14:29:12,4.44,-0.01,1,444,卖盘
239,14:29:08,4.45,0.01,76,33820,买盘
240,14:29:03,4.44,--,9,3996,卖盘
241,14:28:53,4.44,--,48,21312,卖盘
242,14:28:48,4.44,-0.01,17,7548,卖盘
243,14:28:42,4.45,--,83,36935,买盘
244,14:28:33,4.45,0.01,50,22250,卖盘
245,14:28:27,4.44,--,3,1332,卖盘
246,14:28:23,4.44,-0.01,5,2220,卖盘
247,14:28:18,4.45,--,3,1335,卖盘
248,14:28:12,4.45,0.01,592,263787,买盘
249,14:28:03,4.44,--,35,15540,卖盘
250,14:27:47,4.44,--,66,29304,卖盘
251,14:27:42,4.44,-0.01,393,174580,卖盘
252,14:27:37,4.45,0.01,1,445,买盘
253,14:27:32,4.44,-0.01,10,4440,卖盘
254,14:27:12,4.45,--,455,202572,卖盘
255,14:26:47,4.45,--,611,271895,卖盘
256,14:26:32,4.45,-0.01,1,445,卖盘
257,14:26:17,4.46,0.01,20,8920,买盘
258,14:26:02,4.45,-0.01,1,445,卖盘
259,14:25:57,4.46,0.01,6,2676,买盘
260,14:25:42,4.45,--,480,213769,卖盘
261,14:25:37,4.45,--,32,14240,卖盘
262,14:25:32,4.45,-0.01,3,1335,卖盘
263,14:25:17,4.46,--,37,16502,买盘
264,14:25:02,4.46,0.01,4,1784,买盘
265,14:24:57,4.45,--,11,4895,卖盘
266,14:24:32,4.45,--,53,23585,卖盘
267,14:24:17,4.45,--,1,445,卖盘
268,14:24:12,4.45,--,30,13350,卖盘
269,14:24:07,4.45,--,383,170435,卖盘
270,14:23:42,4.45,--,60,26700,卖盘
271,14:23:27,4.45,-0.01,1,445,卖盘
272,14:23:12,4.46,0.01,6,2676,买盘
273,14:23:06,4.45,--,660,293700,卖盘
274,14:23:02,4.45,--,10,4450,卖盘
275,14:22:57,4.45,-0.01,1,445,卖盘
276,14:22:47,4.46,0.01,50,22300,买盘
277,14:22:41,4.45,--,1,445,卖盘
278,14:22:36,4.45,-0.01,32,14240,卖盘
279,14:22:27,4.46,--,31,13826,买盘
280,14:22:17,4.46,--,35,15966,卖盘
281,14:22:11,4.46,--,1,446,卖盘
282,14:22:06,4.46,0.01,864,385433,买盘
283,14:21:57,4.45,--,246,109470,卖盘
284,14:21:35,4.45,--,13,5785,卖盘
285,14:21:27,4.45,--,312,138840,卖盘
286,14:21:20,4.45,-0.01,5,2225,卖盘
287,14:21:17,4.46,0.01,1,446,买盘
288,14:21:11,4.45,--,4,1780,卖盘
289,14:21:06,4.45,--,133,59185,卖盘
290,14:21:01,4.45,--,878,390710,卖盘
291,14:20:56,4.45,--,238,105910,卖盘
292,14:20:36,4.45,--,1,445,卖盘
293,14:20:16,4.45,--,376,167498,买盘
294,14:20:11,4.45,--,35,15575,买盘
295,14:20:05,4.45,--,25,11125,买盘
296,14:20:01,4.45,--,96,42987,卖盘
297,14:19:50,4.45,--,434,193308,买盘
298,14:19:35,4.45,0.01,144,64080,买盘
299,14:19:31,4.44,-0.01,120,53280,卖盘
300,14:19:26,4.45,0.01,106,47170,买盘
301,14:19:20,4.44,-0.01,530,235320,卖盘
302,14:19:16,4.45,--,11,4895,卖盘
303,14:19:05,4.45,--,212,94340,卖盘
304,14:19:01,4.45,--,100,44500,卖盘
305,14:18:46,4.45,--,1,445,卖盘
306,14:18:41,4.45,-0.01,596,265220,卖盘
307,14:18:35,4.46,0.01,8,3568,买盘
308,14:18:26,4.45,-0.01,1,445,卖盘
309,14:18:20,4.46,--,10,4816,卖盘
310,14:18:16,4.46,--,52,23192,卖盘
311,14:18:05,4.46,--,35,15610,卖盘
312,14:17:46,4.46,--,28,12488,卖盘
313,14:17:41,4.46,--,1,446,卖盘
314,14:17:35,4.46,--,1,446,卖盘
315,14:17:31,4.46,--,211,94106,卖盘
316,14:17:20,4.46,--,50,22300,卖盘
317,14:16:59,4.46,--,6,2676,卖盘
318,14:16:50,4.46,--,1,446,卖盘
319,14:16:41,4.46,--,59,26314,卖盘
320,14:16:35,4.46,--,32,14272,卖盘
321,14:16:29,4.46,--,10,4460,卖盘
322,14:16:26,4.46,--,112,49952,卖盘
323,14:16:20,4.46,--,79,35323,卖盘
324,14:16:11,4.46,0.02,784,349664,买盘
325,14:16:05,4.44,--,15,6660,卖盘
326,14:15:59,4.44,-0.01,419,186036,卖盘
327,14:15:56,4.45,--,3,1335,卖盘
328,14:15:50,4.45,--,560,249200,卖盘
329,14:15:41,4.45,0.02,643,286135,买盘
330,14:15:35,4.43,-0.01,3431,1519933,卖盘
331,14:15:29,4.44,--,0,0,买盘
332,14:15:26,4.44,0.01,184,81696,买盘
333,14:15:20,4.43,-0.01,4442,1967805,卖盘
334,14:15:14,4.44,-0.01,161,71484,卖盘
335,14:15:05,4.45,--,933,415185,卖盘
336,14:14:59,4.45,-0.01,1512,672840,卖盘
337,14:14:56,4.46,--,203,90538,卖盘
338,14:14:50,4.46,--,54,24084,卖盘
339,14:14:44,4.46,--,1136,506656,卖盘
340,14:14:29,4.46,-0.01,1,446,卖盘
341,14:14:20,4.47,-0.01,1546,691477,卖盘
342,14:14:14,4.48,--,202,90496,卖盘
343,14:13:59,4.48,--,100,44800,卖盘
344,14:13:50,4.48,--,16,7168,卖盘
345,14:13:44,4.48,--,351,157248,卖盘
346,14:13:35,4.48,-0.01,32,14336,卖盘
347,14:13:14,4.49,0.01,228,102372,买盘
348,14:12:59,4.48,--,1,448,卖盘
349,14:12:44,4.48,--,7,3136,卖盘
350,14:12:40,4.48,--,15,6720,卖盘
351,14:12:35,4.48,--,109,48832,卖盘
352,14:12:20,4.48,--,12,5376,卖盘
353,14:12:14,4.48,--,7,3136,卖盘
354,14:12:05,4.48,--,33,14784,卖盘
355,14:11:59,4.48,-0.01,13,5824,卖盘
356,14:11:55,4.49,0.01,117,52533,买盘
357,14:11:25,4.48,-0.01,1,448,卖盘
358,14:11:05,4.49,0.01,80,35920,买盘
359,14:10:59,4.48,-0.01,48,21504,卖盘
360,14:10:44,4.49,0.01,44,19756,买盘
361,14:10:35,4.48,-0.01,32,14336,卖盘
362,14:10:14,4.49,0.01,3,1347,买盘
363,14:09:35,4.48,-0.01,1,448,卖盘
364,14:09:23,4.49,0.01,12,5388,买盘
365,14:09:14,4.48,-0.01,100,44800,卖盘
366,14:09:08,4.49,0.01,10,4490,买盘
367,14:09:05,4.48,--,33,14784,卖盘
368,14:08:50,4.48,--,198,88704,卖盘
369,14:08:38,4.48,--,100,44800,卖盘
370,14:08:29,4.48,--,16,7199,买盘
371,14:08:23,4.48,--,100,44800,买盘
372,14:08:14,4.48,--,231,103904,卖盘
373,14:08:04,4.48,--,50,22400,卖盘
374,14:07:38,4.48,--,94,42112,卖盘
375,14:07:34,4.48,--,10,4480,卖盘
376,14:07:19,4.48,--,100,44800,卖盘
377,14:07:08,4.48,--,60,26880,卖盘
378,14:07:04,4.48,--,25,11200,卖盘
379,14:06:53,4.48,--,30,13440,卖盘
380,14:06:38,4.48,--,5,2240,卖盘
381,14:06:34,4.48,-0.01,45,20160,卖盘
382,14:06:23,4.49,0.01,4,1796,买盘
383,14:06:19,4.48,--,24,10783,卖盘
384,14:06:14,4.48,--,10,4480,卖盘
385,14:06:08,4.48,--,33,14784,卖盘
386,14:06:04,4.48,--,659,295232,卖盘
387,14:05:44,4.48,--,1,448,卖盘
388,14:05:38,4.48,--,9,4032,卖盘
389,14:05:29,4.48,--,100,44800,卖盘
390,14:05:23,4.48,-0.01,1,448,卖盘
391,14:05:19,4.49,--,20,8980,买盘
392,14:05:08,4.49,0.01,200,89800,买盘
393,14:04:59,4.48,-0.01,13,5824,卖盘
394,14:04:53,4.49,--,100,44900,卖盘
395,14:04:49,4.49,--,309,138741,卖盘
396,14:04:44,4.49,--,38,17062,卖盘
397,14:04:38,4.49,--,33,14817,卖盘
398,14:04:29,4.49,--,25,11225,卖盘
399,14:04:23,4.49,--,28,12572,卖盘
400,14:04:19,4.49,--,6,2694,卖盘
401,14:04:14,4.49,--,2,898,卖盘
402,14:04:08,4.49,--,48,21552,卖盘
403,14:04:04,4.49,--,7,3143,卖盘
404,14:03:29,4.49,-0.01,327,146823,卖盘
405,14:03:14,4.5,0.01,30,13500,买盘
406,14:03:08,4.49,-0.01,33,14817,卖盘
407,14:02:59,4.5,-0.01,2356,1060609,卖盘
408,14:02:53,4.51,-0.01,12,5412,卖盘
409,14:02:44,4.52,--,20,9040,买盘
410,14:02:38,4.52,0.01,125,56499,买盘
411,14:02:32,4.51,-0.01,4,1804,卖盘
412,14:02:29,4.52,0.01,20,9040,买盘
413,14:02:23,4.51,-0.01,35,15785,卖盘
414,14:02:17,4.52,--,8,3615,买盘
415,14:02:14,4.52,0.01,4,1807,买盘
416,14:02:08,4.51,-0.01,32,14432,卖盘
417,14:01:58,4.52,--,280,126559,买盘
418,14:01:53,4.52,--,11,4971,买盘
419,14:01:38,4.52,0.01,205,92659,买盘
420,14:01:23,4.51,--,206,92906,卖盘
421,14:01:17,4.51,0.01,1117,503807,买盘
422,14:01:08,4.5,--,2,900,卖盘
423,14:00:58,4.5,--,5,2250,卖盘
424,14:00:53,4.5,-0.01,17,7650,卖盘
425,14:00:47,4.51,0.01,19,8569,买盘
426,14:00:43,4.5,--,211,94950,卖盘
427,14:00:38,4.5,--,10,4500,卖盘
428,14:00:32,4.5,-0.01,16,7200,卖盘
429,14:00:28,4.51,--,22,9922,买盘
430,14:00:23,4.51,--,160,72160,买盘
431,14:00:17,4.51,0.01,84,37884,买盘
432,14:00:08,4.5,-0.01,33,14850,卖盘
433,14:00:02,4.51,--,20,9020,买盘
434,13:59:58,4.51,0.01,30,13530,买盘
435,13:59:47,4.5,-0.01,46,20700,卖盘
436,13:59:43,4.51,--,3,1353,买盘
437,13:59:32,4.51,--,325,146985,卖盘
438,13:59:28,4.51,--,1500,676500,卖盘
439,13:59:17,4.51,--,76,34276,卖盘
440,13:59:13,4.51,0.01,4560,2056600,买盘
441,13:59:08,4.5,--,4,1800,买盘
442,13:59:02,4.5,--,42,18900,买盘
443,13:58:53,4.5,--,10,4500,买盘
444,13:58:47,4.5,0.01,10,4500,买盘
445,13:58:43,4.49,--,7,3143,卖盘
446,13:58:38,4.49,--,43,19307,卖盘
447,13:58:32,4.49,-0.01,21,9429,卖盘
448,13:58:28,4.5,--,35,15750,买盘
449,13:58:23,4.5,--,167,75150,买盘
450,13:58:17,4.5,0.01,5,2250,买盘
451,13:58:08,4.49,-0.01,35,15715,卖盘
452,13:58:02,4.5,0.02,16,7200,买盘
453,13:57:58,4.48,-0.02,2000,896000,卖盘
454,13:57:53,4.5,0.01,2,900,买盘
455,13:57:47,4.49,-0.01,2020,907388,卖盘
456,13:57:32,4.5,0.01,6049,2722090,买盘
457,13:57:23,4.49,--,158,70942,买盘
458,13:57:17,4.49,--,5,2245,买盘
459,13:57:08,4.49,0.01,241,108209,买盘
460,13:56:56,4.48,--,1,448,卖盘
461,13:56:47,4.48,--,11,4928,卖盘
462,13:56:32,4.48,--,45,20160,卖盘
463,13:56:23,4.48,-0.01,49,21952,卖盘
464,13:56:17,4.49,0.01,5,2245,买盘
465,13:56:08,4.48,--,14,6272,卖盘
466,13:55:47,4.48,--,200,89600,卖盘
467,13:55:38,4.48,-0.01,41,18368,卖盘
468,13:55:23,4.49,--,1008,452592,卖盘
469,13:55:11,4.49,--,50,22450,卖盘
470,13:55:07,4.49,--,1,449,卖盘
471,13:55:02,4.49,--,488,219112,卖盘
472,13:54:47,4.49,--,45,20205,卖盘
473,13:54:17,4.49,--,18,8082,卖盘
474,13:54:07,4.49,--,33,14817,卖盘
475,13:53:47,4.49,--,2,898,卖盘
476,13:53:07,4.49,--,100,44900,卖盘
477,13:52:37,4.49,-0.01,57,25593,卖盘
478,13:52:17,4.5,--,13,5850,买盘
479,13:52:11,4.5,--,46,20700,买盘
480,13:52:02,4.5,--,1,450,买盘
481,13:51:52,4.5,--,15,6750,买盘
482,13:51:32,4.5,0.01,5,2250,买盘
483,13:51:26,4.49,-0.01,90,40410,卖盘
484,13:51:11,4.5,--,4,1800,买盘
485,13:51:06,4.5,--,43,19350,买盘
486,13:51:02,4.5,--,6,2700,买盘
487,13:50:51,4.5,0.01,100,45000,买盘
488,13:50:41,4.49,-0.01,25,11225,卖盘
489,13:50:32,4.5,--,2,900,买盘
490,13:50:26,4.5,--,16,7200,买盘
491,13:50:20,4.5,--,6,2700,买盘
492,13:50:17,4.5,--,12,5400,买盘
493,13:50:05,4.5,--,5,2250,买盘
494,13:50:01,4.5,0.01,2470,1111500,买盘
495,13:49:56,4.49,-0.01,10,4490,卖盘
496,13:49:47,4.5,0.01,115,51750,买盘
497,13:49:35,4.49,-0.01,33,14817,卖盘
498,13:49:31,4.5,--,77,34650,买盘
499,13:49:26,4.5,--,549,247050,买盘
500,13:49:11,4.5,--,218,98100,买盘
501,13:48:46,4.5,--,2000,900000,买盘
502,13:48:41,4.5,--,60,27000,买盘
503,13:48:35,4.5,--,334,150300,买盘
504,13:48:26,4.5,--,25,11250,买盘
505,13:48:20,4.5,0.01,7,3150,买盘
506,13:48:16,4.49,--,332,149068,卖盘
507,13:48:05,4.49,-0.01,33,14817,卖盘
508,13:47:50,4.5,0.01,60,27000,买盘
509,13:47:46,4.49,-0.01,4,1796,卖盘
510,13:47:26,4.5,--,28,12600,买盘
511,13:47:05,4.5,--,10,4500,买盘
512,13:47:01,4.5,--,317,142650,买盘
513,13:46:50,4.5,--,13,5850,买盘
514,13:46:41,4.5,--,1547,696150,买盘
515,13:46:35,4.5,--,392,176400,买盘
516,13:46:26,4.5,--,25,11250,买盘
517,13:46:20,4.5,--,544,244800,买盘
518,13:46:16,4.5,--,20,9000,买盘
519,13:46:05,4.5,0.01,43,19350,买盘
520,13:45:56,4.49,-0.01,54,24246,卖盘
521,13:45:50,4.5,--,359,161550,买盘
522,13:45:35,4.5,--,34,15300,买盘
523,13:45:31,4.5,0.01,300,135000,买盘
524,13:45:26,4.49,-0.01,394,176906,卖盘
525,13:45:16,4.5,--,359,161550,买盘
526,13:45:11,4.5,0.01,7,3150,买盘
527,13:45:05,4.49,-0.01,37,16613,卖盘
528,13:44:56,4.5,--,21,9450,买盘
529,13:44:50,4.5,--,529,238050,买盘
530,13:44:31,4.5,--,7,3150,买盘
531,13:44:26,4.5,--,11,4950,买盘
532,13:44:20,4.5,0.01,40,18000,买盘
533,13:44:11,4.49,-0.01,20,8980,卖盘
534,13:44:00,4.5,0.01,50,22500,买盘
535,13:43:55,4.49,-0.01,10,4490,卖盘
536,13:43:41,4.5,0.01,22,9900,买盘
537,13:43:35,4.49,-0.01,1053,472797,卖盘
538,13:43:20,4.5,--,25,11250,买盘
539,13:43:05,4.5,0.01,2,900,买盘
540,13:42:59,4.49,-0.01,50,22450,卖盘
541,13:42:55,4.5,--,63,28350,买盘
542,13:42:50,4.5,0.01,1000,450000,买盘
543,13:42:40,4.49,-0.01,55,24695,卖盘
544,13:42:35,4.5,0.01,40,18000,买盘
545,13:42:29,4.49,-0.01,20,8980,卖盘
546,13:42:25,4.5,--,254,114300,买盘
547,13:42:20,4.5,0.01,35,15750,买盘
548,13:42:10,4.49,--,210,94290,卖盘
549,13:42:05,4.49,--,70,31430,卖盘
550,13:41:55,4.49,--,1000,449000,卖盘
551,13:41:50,4.49,--,30,13470,卖盘
552,13:41:44,4.49,--,1000,449000,卖盘
553,13:41:25,4.49,-0.01,40,17960,卖盘
554,13:41:20,4.5,--,76,34200,买盘
555,13:41:14,4.5,0.01,42,18900,买盘
556,13:41:10,4.49,--,58,26042,卖盘
557,13:41:05,4.49,-0.01,100,44900,卖盘
558,13:40:59,4.5,--,27,12150,买盘
559,13:40:55,4.5,0.01,3,1350,买盘
560,13:40:50,4.49,--,30,13470,卖盘
561,13:40:44,4.49,--,7,3143,卖盘
562,13:40:40,4.49,--,30,13470,卖盘
563,13:40:35,4.49,-0.01,33,14817,卖盘
564,13:40:29,4.5,0.01,162,72900,买盘
565,13:40:25,4.49,-0.01,7,3143,卖盘
566,13:40:20,4.5,--,1046,470700,买盘
567,13:40:14,4.5,0.01,10,4500,买盘
568,13:40:10,4.49,-0.01,238,106862,卖盘
569,13:40:05,4.5,0.01,10,4500,买盘
570,13:39:59,4.49,-0.01,31,13919,卖盘
571,13:39:50,4.5,--,9,4050,买盘
572,13:39:44,4.5,--,20,9000,买盘
573,13:39:35,4.5,--,12,5400,买盘
574,13:39:29,4.5,--,50,22500,买盘
575,13:39:25,4.5,0.01,5,2250,买盘
576,13:39:20,4.49,-0.01,12,5388,卖盘
577,13:39:14,4.5,0.01,65,29250,买盘
578,13:39:05,4.49,-0.01,1033,463817,卖盘
579,13:38:59,4.5,0.01,201,90450,买盘
580,13:38:44,4.49,-0.01,6,2694,卖盘
581,13:38:35,4.5,--,1520,684000,买盘
582,13:38:29,4.5,0.01,500,225000,买盘
583,13:38:25,4.49,-0.01,5,2245,卖盘
584,13:38:20,4.5,--,36,16200,买盘
585,13:38:14,4.5,--,48,21600,买盘
586,13:38:05,4.5,--,91,40950,买盘
587,13:37:59,4.5,--,8,3600,买盘
588,13:37:50,4.5,--,10,4500,买盘
589,13:37:44,4.5,--,25,11250,买盘
590,13:37:35,4.5,--,63,28350,买盘
591,13:37:29,4.5,0.01,520,234000,买盘
592,13:37:25,4.49,--,21,9429,卖盘
593,13:37:20,4.49,--,60,26940,卖盘
594,13:37:14,4.49,-0.01,75,33675,卖盘
595,13:37:05,4.5,0.01,500,225000,买盘
596,13:36:55,4.49,-0.01,5,2245,卖盘
597,13:36:50,4.5,--,60,27000,买盘
598,13:36:44,4.5,--,238,107509,卖盘
599,13:36:39,4.5,--,216,97200,卖盘
600,13:36:34,4.5,--,48,21600,卖盘
601,13:36:29,4.5,--,352,158440,买盘
602,13:36:23,4.5,--,7,3150,买盘
603,13:36:19,4.5,--,132,59400,买盘
604,13:36:14,4.5,--,119,53550,买盘
605,13:36:08,4.5,--,20,9000,买盘
606,13:36:04,4.5,--,38,17100,买盘
607,13:35:59,4.5,-0.02,3994,1797655,卖盘
608,13:35:49,4.52,0.01,10,4520,买盘
609,13:35:38,4.51,-0.01,150,67650,卖盘
610,13:35:19,4.52,0.01,19,8588,买盘
611,13:35:14,4.51,--,128,57728,卖盘
612,13:35:04,4.51,-0.01,11,4961,卖盘
613,13:34:59,4.52,0.01,50,22599,买盘
614,13:34:44,4.51,--,34,15334,卖盘
615,13:34:34,4.51,--,56,25256,卖盘
616,13:34:29,4.51,--,46,20746,卖盘
617,13:34:23,4.51,--,24,10824,卖盘
618,13:34:19,4.51,--,225,101894,买盘
619,13:34:14,4.51,-0.01,101,45582,卖盘
620,13:34:07,4.52,0.01,15,6779,买盘
621,13:33:59,4.51,--,6,2706,卖盘
622,13:33:49,4.51,--,79,35629,卖盘
623,13:33:44,4.51,--,1,451,卖盘
624,13:33:38,4.51,--,8,3608,卖盘
625,13:33:34,4.51,--,205,92455,卖盘
626,13:33:29,4.51,--,207,93357,卖盘
627,13:33:23,4.51,--,48,21648,卖盘
628,13:33:19,4.51,--,102,46002,卖盘
629,13:33:14,4.51,-0.01,148,66748,卖盘
630,13:33:08,4.52,0.01,25,11299,买盘
631,13:33:04,4.51,--,42,18942,卖盘
632,13:32:59,4.51,--,300,135300,卖盘
633,13:32:53,4.51,--,8,3608,卖盘
634,13:32:49,4.51,-0.01,104,46904,卖盘
635,13:32:44,4.52,0.01,32,14463,买盘
636,13:32:38,4.51,--,7,3157,卖盘
637,13:32:34,4.51,-0.01,142,64461,卖盘
638,13:32:29,4.52,--,110,49719,卖盘
639,13:32:23,4.52,--,143,64635,买盘
640,13:32:19,4.52,--,16,7231,买盘
641,13:32:13,4.52,--,100,45199,买盘
642,13:32:08,4.52,--,110,49751,卖盘
643,13:32:04,4.52,--,8,3615,卖盘
644,13:31:59,4.52,--,100,45199,卖盘
645,13:31:53,4.52,--,226,102414,卖盘
646,13:31:44,4.52,--,140,63279,卖盘
647,13:31:38,4.52,--,41,18532,卖盘
648,13:31:19,4.52,--,116,52431,卖盘
649,13:31:14,4.52,-0.01,21,9492,卖盘
650,13:31:07,4.53,0.01,25,11325,买盘
651,13:30:58,4.52,--,41,18532,卖盘
652,13:30:52,4.52,--,8,3615,卖盘
653,13:30:29,4.52,--,43,19797,卖盘
654,13:30:22,4.52,--,27,12203,卖盘
655,13:30:13,4.52,-0.01,30,13559,卖盘
656,13:30:08,4.53,0.01,92,41676,买盘
657,13:30:03,4.52,-0.01,234,105767,卖盘
658,13:29:53,4.53,--,21,9513,买盘
659,13:29:43,4.53,--,9,4077,买盘
660,13:29:28,4.53,--,32,14496,买盘
661,13:29:23,4.53,--,5,2265,买盘
662,13:29:16,4.53,--,56,25368,卖盘
663,13:29:13,4.53,--,13,5889,卖盘
664,13:29:08,4.53,--,31,14043,卖盘
665,13:29:01,4.53,-0.01,63,28539,买盘
666,13:28:58,4.54,--,0,0,买盘
667,13:28:52,4.54,0.01,100,45400,买盘
668,13:28:37,4.53,--,35,15855,卖盘
669,13:28:31,4.53,0.01,7,3171,买盘
670,13:28:28,4.52,--,9,4067,卖盘
671,13:28:23,4.52,--,162,73224,卖盘
672,13:28:07,4.52,-0.02,8,3615,卖盘
673,13:28:01,4.54,0.01,79,35866,买盘
674,13:27:58,4.53,0.01,30,13590,买盘
675,13:27:46,4.52,-0.01,1,451,卖盘
676,13:27:43,4.53,--,45,20385,卖盘
677,13:27:37,4.53,-0.01,61,27633,卖盘
678,13:27:28,4.54,--,10,4540,买盘
679,13:27:22,4.54,--,0,0,买盘
680,13:27:13,4.54,--,10,4540,买盘
681,13:27:07,4.54,--,96,43584,买盘
682,13:27:01,4.54,0.01,25,11350,买盘
683,13:26:52,4.53,--,47,21291,卖盘
684,13:26:43,4.53,--,13,5889,卖盘
685,13:26:37,4.53,-0.01,1,453,中性盘
686,13:26:31,4.54,0.02,64,29056,买盘
687,13:26:22,4.52,-0.01,32,14463,卖盘
688,13:26:16,4.53,--,40,18120,卖盘
689,13:26:13,4.53,--,247,111891,卖盘
690,13:26:07,4.53,-0.01,5,2265,卖盘
691,13:26:01,4.54,--,35,15890,买盘
692,13:25:58,4.54,--,20,9080,买盘
693,13:25:52,4.54,0.02,17,7718,买盘
694,13:25:46,4.52,--,1,451,卖盘
695,13:25:43,4.52,--,1,451,卖盘
696,13:25:37,4.52,--,33,14915,卖盘
697,13:25:31,4.52,--,30,13559,卖盘
698,13:25:16,4.52,-0.01,100,45199,卖盘
699,13:25:07,4.53,--,77,34881,买盘
700,13:25:01,4.53,--,38,17214,买盘
701,13:24:37,4.53,-0.01,45,20385,卖盘
702,13:24:27,4.54,0.01,47,21338,买盘
703,13:24:22,4.53,--,33,14949,卖盘
704,13:24:07,4.53,-0.01,57,25821,中性盘
705,13:24:01,4.54,0.02,25,11350,买盘
706,13:23:52,4.52,-0.03,20,9040,卖盘
707,13:23:42,4.55,0.01,111,50505,买盘
708,13:23:37,4.54,0.01,50,22700,买盘
709,13:23:31,4.53,--,9,4077,卖盘
710,13:23:27,4.53,--,36,16308,买盘
711,13:23:16,4.53,--,20,9060,买盘
712,13:23:12,4.53,--,43,19479,买盘
713,13:23:07,4.53,--,70,31710,买盘
714,13:23:01,4.53,--,71,32163,买盘
715,13:22:57,4.53,0.01,14,6342,买盘
716,13:22:52,4.52,-0.01,89,40227,卖盘
717,13:22:46,4.53,0.01,32,14496,买盘
718,13:22:37,4.52,-0.01,33,14915,卖盘
719,13:22:22,4.53,0.01,5,2265,买盘
720,13:22:16,4.52,-0.01,1,451,卖盘
721,13:22:07,4.53,--,140,63669,买盘
722,13:22:01,4.53,--,154,69762,买盘
723,13:21:55,4.53,--,46,20838,买盘
724,13:21:46,4.53,0.01,2,906,买盘
725,13:21:37,4.52,-0.01,243,109835,卖盘
726,13:21:31,4.53,--,10,4530,买盘
727,13:21:16,4.53,--,8,3624,买盘
728,13:21:10,4.53,--,583,264099,卖盘
729,13:21:07,4.53,-0.02,33,14949,卖盘
730,13:21:01,4.55,0.02,40,18200,买盘
731,13:20:55,4.53,-0.02,1,453,卖盘
732,13:20:46,4.55,--,142,64610,卖盘
733,13:20:40,4.55,--,36,16380,卖盘
734,13:20:37,4.55,--,24,10920,卖盘
735,13:20:31,4.55,--,35,15925,卖盘
736,13:20:25,4.55,0.01,1924,875420,买盘
737,13:20:16,4.54,-0.01,85,38590,卖盘
738,13:20:10,4.55,--,14,6370,买盘
739,13:20:07,4.55,--,540,245700,卖盘
740,13:20:01,4.55,--,5,2275,卖盘
741,13:19:52,4.55,0.01,565,257075,买盘
742,13:19:46,4.54,0.01,10,4540,中性盘
743,13:19:40,4.53,--,4,1812,卖盘
744,13:19:37,4.53,-0.01,2065,935445,卖盘
745,13:19:16,4.54,-0.01,684,310536,卖盘
746,13:19:01,4.55,0.01,389,176995,买盘
747,13:18:51,4.54,-0.02,108,49032,卖盘
748,13:18:46,4.56,0.01,10,4560,买盘
749,13:18:36,4.55,-0.01,11,5005,卖盘
750,13:18:25,4.56,--,583,265848,买盘
751,13:18:21,4.56,--,380,173708,卖盘
752,13:18:16,4.56,--,1196,545376,卖盘
753,13:18:10,4.56,--,60,27359,卖盘
754,13:18:06,4.56,--,33,15047,卖盘
755,13:18:01,4.56,-0.01,20,9120,卖盘
756,13:17:55,4.57,0.01,714,326298,买盘
757,13:17:51,4.56,-0.01,16,7295,卖盘
758,13:17:46,4.57,0.01,290,132530,买盘
759,13:17:40,4.56,--,97,44231,卖盘
760,13:17:36,4.56,-0.01,1050,478799,卖盘
761,13:17:31,4.57,0.01,1041,475737,买盘
762,13:17:25,4.56,--,501,228455,卖盘
763,13:17:21,4.56,--,36,16416,卖盘
764,13:17:10,4.56,--,90,41040,卖盘
765,13:17:06,4.56,0.02,6263,2855955,买盘
766,13:17:01,4.54,-0.01,1007,457178,卖盘
767,13:16:55,4.55,0.01,5,2275,买盘
768,13:16:46,4.54,--,35,15890,卖盘
769,13:16:40,4.54,--,243,110322,卖盘
770,13:16:36,4.54,-0.01,33,14982,卖盘
771,13:16:31,4.55,0.01,72,32760,买盘
772,13:16:25,4.54,--,30,13620,卖盘
773,13:16:21,4.54,--,707,320978,买盘
774,13:16:16,4.54,0.01,5,2270,买盘
775,13:16:10,4.53,-0.02,1,453,卖盘
776,13:16:06,4.55,--,0,0,买盘
777,13:16:01,4.55,0.01,1100,500500,买盘
778,13:15:55,4.54,--,207,93978,卖盘
779,13:15:51,4.54,--,534,242436,卖盘
780,13:15:46,4.54,--,40,18160,卖盘
781,13:15:40,4.54,--,2,908,卖盘
782,13:15:36,4.54,--,20,9080,卖盘
783,13:15:31,4.54,--,131,59474,卖盘
784,13:15:25,4.54,--,518,235172,卖盘
785,13:15:19,4.54,--,95,43130,卖盘
786,13:15:16,4.54,--,61,27694,卖盘
787,13:15:10,4.54,--,778,353212,卖盘
788,13:15:04,4.54,--,33,14982,卖盘
789,13:15:01,4.54,--,30,13620,卖盘
790,13:14:55,4.54,--,521,236534,买盘
791,13:14:46,4.54,--,103,46762,卖盘
792,13:14:40,4.54,--,5,2270,卖盘
793,13:14:34,4.54,--,600,272400,卖盘
794,13:14:31,4.54,--,19,8626,卖盘
795,13:14:25,4.54,--,32,14528,卖盘
796,13:14:19,4.54,0.01,1541,699614,买盘
797,13:14:04,4.53,0.02,2388,1081764,买盘
798,13:14:01,4.51,-0.03,987,445137,卖盘
799,13:13:55,4.54,0.02,9,4086,买盘
800,13:13:40,4.52,--,12,5423,卖盘
801,13:13:34,4.52,0.01,33,14915,中性盘
802,13:13:25,4.51,0.01,999,450549,卖盘
803,13:13:16,4.5,--,951,427950,卖盘
804,13:13:10,4.5,-0.01,954,429300,卖盘
805,13:13:04,4.51,--,0,0,卖盘
806,13:13:01,4.51,--,963,434313,卖盘
807,13:12:55,4.51,-0.01,2663,1201139,卖盘
808,13:12:49,4.52,-0.01,1,451,卖盘
809,13:12:46,4.53,0.01,70,31710,买盘
810,13:12:40,4.52,-0.01,15,6779,卖盘
811,13:12:31,4.53,--,112,51062,卖盘
812,13:12:25,4.53,--,892,404202,买盘
813,13:12:15,4.53,--,46,20838,买盘
814,13:12:10,4.53,0.01,41,18573,买盘
815,13:12:04,4.52,--,31,14337,卖盘
816,13:12:00,4.52,-0.02,57,25763,卖盘
817,13:11:55,4.54,0.01,205,93070,买盘
818,13:11:45,4.53,-0.01,10,4530,卖盘
819,13:11:40,4.54,0.01,2,908,买盘
820,13:11:34,4.53,--,0,0,卖盘
821,13:11:30,4.53,-0.01,1055,477915,卖盘
822,13:11:25,4.54,--,10,4540,卖盘
823,13:11:15,4.54,0.02,1538,698379,买盘
824,13:11:10,4.52,--,57,25763,卖盘
825,13:10:55,4.52,-0.01,1,451,卖盘
826,13:10:45,4.53,--,70,31710,买盘
827,13:10:34,4.53,--,11,4983,卖盘
828,13:10:25,4.53,-0.01,11,4983,卖盘
829,13:10:19,4.54,--,30,13620,买盘
830,13:10:15,4.54,--,8,3632,买盘
831,13:10:10,4.54,--,261,118820,卖盘
832,13:10:04,4.54,--,950,431300,卖盘
833,13:10:00,4.54,--,9,4086,卖盘
834,13:09:55,4.54,--,38,17252,卖盘
835,13:09:40,4.54,0.02,1338,607579,买盘
836,13:09:34,4.52,0.01,3502,1582903,买盘
837,13:09:30,4.51,-0.01,50,22550,卖盘
838,13:09:19,4.52,0.01,7,3163,买盘
839,13:09:10,4.51,--,5,2255,卖盘
840,13:09:04,4.51,--,38,17138,卖盘
841,13:08:59,4.51,--,50,22550,卖盘
842,13:08:55,4.51,--,100,45100,卖盘
843,13:08:49,4.51,--,115,51865,卖盘
844,13:08:43,4.51,--,51,23001,卖盘
845,13:08:34,4.51,--,10,4510,卖盘
846,13:08:28,4.51,--,1,451,卖盘
847,13:08:19,4.51,-0.01,1162,524062,卖盘
848,13:08:13,4.52,0.01,65,29379,买盘
849,13:08:10,4.51,--,100,45100,卖盘
850,13:08:04,4.51,-0.01,39,17589,卖盘
851,13:07:55,4.52,0.01,6,2711,买盘
852,13:07:49,4.51,--,25,11275,卖盘
853,13:07:40,4.51,--,16,7216,卖盘
854,13:07:34,4.51,-0.01,33,14883,卖盘
855,13:07:19,4.52,0.01,52,23503,买盘
856,13:07:10,4.51,-0.01,1,451,卖盘
857,13:07:04,4.52,--,805,363859,卖盘
858,13:06:55,4.52,--,1,451,卖盘
859,13:06:49,4.52,--,1,451,卖盘
860,13:06:34,4.52,--,8,3615,卖盘
861,13:06:28,4.52,--,9,4067,卖盘
862,13:06:25,4.52,-0.01,51,23051,卖盘
863,13:06:19,4.53,0.01,16,7248,买盘
864,13:06:10,4.52,--,1,451,卖盘
865,13:06:04,4.52,-0.01,33,14915,卖盘
866,13:05:55,4.53,--,14,6342,买盘
867,13:05:49,4.53,--,1,453,买盘
868,13:05:40,4.53,0.01,20,9060,买盘
869,13:05:13,4.52,0.01,188,84975,买盘
870,13:05:04,4.51,--,56,25256,卖盘
871,13:04:58,4.51,--,7,3157,卖盘
872,13:04:49,4.51,--,10,4510,卖盘
873,13:04:34,4.51,-0.02,95,43169,卖盘
874,13:04:28,4.53,0.02,326,147804,买盘
875,13:04:24,4.51,-0.02,7,3157,卖盘
876,13:04:13,4.53,0.01,396,179388,买盘
877,13:04:04,4.52,-0.01,5,2260,卖盘
878,13:03:54,4.53,--,44,20258,卖盘
879,13:03:49,4.53,--,505,228891,买盘
880,13:03:43,4.53,0.01,20,9060,买盘
881,13:03:39,4.52,--,371,167691,卖盘
882,13:03:34,4.52,-0.01,121,54691,卖盘
883,13:03:28,4.53,--,4,1812,买盘
884,13:03:19,4.53,--,0,0,买盘
885,13:03:13,4.53,0.01,359,162627,买盘
886,13:03:09,4.52,--,31,14011,买盘
887,13:03:04,4.52,-0.01,72,32543,卖盘
888,13:02:58,4.53,--,40,18120,买盘
889,13:02:54,4.53,0.01,359,162627,买盘
890,13:02:49,4.52,-0.01,2,903,卖盘
891,13:02:43,4.53,0.01,508,230124,买盘
892,13:02:39,4.52,-0.01,10,4520,卖盘
893,13:02:34,4.53,0.01,40,18120,买盘
894,13:02:28,4.52,-0.01,60,27119,卖盘
895,13:02:13,4.53,--,18,8480,卖盘
896,13:02:04,4.53,--,106,48144,卖盘
897,13:01:58,4.53,0.01,1017,460701,买盘
898,13:01:49,4.52,-0.01,10,4520,卖盘
899,13:01:43,4.53,0.01,121,54813,买盘
900,13:01:37,4.52,--,7,3163,卖盘
901,13:01:34,4.52,--,63,28475,卖盘
902,13:01:19,4.52,-0.01,368,166335,卖盘
903,13:01:07,4.53,--,5,2265,买盘
904,13:01:04,4.53,0.01,9,4077,买盘
905,13:00:58,4.52,--,170,76840,卖盘
906,13:00:52,4.52,-0.01,200,90399,卖盘
907,13:00:43,4.53,--,50,22650,买盘
908,13:00:37,4.53,0.01,45,20385,买盘
909,13:00:22,4.52,-0.01,28,12655,卖盘
910,13:00:19,4.53,--,148,67044,买盘
911,13:00:13,4.53,--,79,35787,买盘
912,13:00:07,4.53,0.02,2271,1028763,买盘
913,13:00:04,4.51,-0.01,653,294503,卖盘
914,11:30:00,4.52,--,0,0,买盘
915,11:30:00,4.52,--,0,0,买盘
916,11:29:38,4.52,0.01,1,451,买盘
917,11:29:34,4.51,--,77,34727,卖盘
918,11:29:29,4.51,-0.01,5,2255,卖盘
919,11:29:23,4.52,--,25,11299,买盘
920,11:29:19,4.52,0.01,4,1807,买盘
921,11:29:14,4.51,-0.01,6,2706,卖盘
922,11:29:04,4.52,0.01,11,4971,买盘
923,11:28:53,4.51,--,100,45100,卖盘
924,11:28:48,4.51,-0.01,100,45100,卖盘
925,11:28:38,4.52,0.01,53,23955,买盘
926,11:28:14,4.51,0.01,2523,1137873,买盘
927,11:28:08,4.5,-0.01,1,450,卖盘
928,11:28:02,4.51,--,7,3157,买盘
929,11:27:59,4.51,0.01,7,3157,买盘
930,11:27:53,4.5,-0.01,23,10350,卖盘
931,11:27:47,4.51,0.01,7,3157,买盘
932,11:27:44,4.5,-0.01,100,45000,卖盘
933,11:27:38,4.51,0.01,130,58630,买盘
934,11:27:23,4.5,--,70,31500,卖盘
935,11:27:17,4.5,0.01,2120,954000,买盘
936,11:27:14,4.49,-0.01,1036,465258,卖盘
937,11:27:08,4.5,0.01,52,23400,买盘
938,11:26:59,4.49,-0.01,115,51635,卖盘
939,11:26:53,4.5,0.01,108,48600,卖盘
940,11:26:47,4.49,--,0,0,卖盘
941,11:26:44,4.49,--,2503,1123847,卖盘
942,11:26:23,4.49,0.01,1666,748034,买盘
943,11:26:14,4.48,0.01,305,136864,买盘
944,11:26:08,4.47,-0.01,10,4470,卖盘
945,11:25:53,4.48,--,2195,983584,卖盘
946,11:25:47,4.48,-0.01,500,224000,卖盘
947,11:25:38,4.49,--,533,239317,买盘
948,11:25:32,4.49,--,1,449,买盘
949,11:25:28,4.49,--,36,16164,买盘
950,11:25:23,4.49,0.01,100,44900,买盘
951,11:25:17,4.48,-0.01,1,448,卖盘
952,11:25:08,4.49,--,130,58370,买盘
953,11:24:58,4.49,--,903,405447,卖盘
954,11:24:53,4.49,--,12,5388,买盘
955,11:24:47,4.49,--,231,103719,买盘
956,11:24:43,4.49,--,720,323280,卖盘
957,11:24:38,4.49,-0.01,135,60615,卖盘
958,11:24:32,4.5,0.01,1,450,买盘
959,11:24:28,4.49,--,652,292748,卖盘
960,11:24:23,4.49,--,100,44900,卖盘
961,11:24:17,4.49,--,1,449,卖盘
962,11:24:13,4.49,--,1,449,卖盘
963,11:24:08,4.49,--,38,17062,卖盘
964,11:24:02,4.49,-0.01,52,23348,卖盘
965,11:23:58,4.5,0.01,18,8100,买盘
966,11:23:53,4.49,-0.01,14,6286,卖盘
967,11:23:47,4.5,0.01,10,4500,买盘
968,11:23:38,4.49,-0.01,501,224949,卖盘
969,11:23:23,4.5,-0.01,721,324450,卖盘
970,11:23:13,4.51,-0.01,977,440627,卖盘
971,11:23:08,4.52,0.01,4,1807,买盘
972,11:23:02,4.51,--,15,6765,卖盘
973,11:22:53,4.51,--,100,45100,卖盘
974,11:22:47,4.51,--,358,161458,卖盘
975,11:22:43,4.51,--,10,4510,卖盘
976,11:22:38,4.51,--,49,22099,卖盘
977,11:22:32,4.51,--,25,11275,卖盘
978,11:22:28,4.51,--,6,2706,卖盘
979,11:22:23,4.51,--,58,26158,卖盘
980,11:22:17,4.51,--,72,32472,卖盘
981,11:22:08,4.51,--,36,16236,卖盘
982,11:22:02,4.51,-0.01,208,93808,卖盘
983,11:21:58,4.52,0.01,15,6779,买盘
984,11:21:47,4.51,--,28,12628,卖盘
985,11:21:42,4.51,--,10,4510,卖盘
986,11:21:38,4.51,-0.01,81,36531,卖盘
987,11:21:32,4.52,0.01,134,60567,买盘
988,11:21:17,4.51,-0.01,1,451,卖盘
989,11:21:08,4.52,0.01,34,15367,买盘
990,11:21:02,4.51,--,30,13530,卖盘
991,11:20:56,4.51,-0.01,10,4510,卖盘
992,11:20:47,4.52,--,154,69608,买盘
993,11:20:41,4.52,0.01,1,451,买盘
994,11:20:38,4.51,--,525,236775,卖盘
995,11:20:26,4.51,-0.01,1,451,卖盘
996,11:20:23,4.52,--,205,92659,卖盘
997,11:20:17,4.52,--,167,75484,卖盘
998,11:20:08,4.52,--,1551,701051,卖盘
999,11:20:02,4.52,--,40,18080,卖盘
1000,11:19:56,4.52,--,50,22599,卖盘
1001,11:19:53,4.52,--,174,78647,卖盘
1002,11:19:47,4.52,--,136,61471,卖盘
1003,11:19:38,4.52,--,337,152324,卖盘
1004,11:19:26,4.52,--,50,22599,卖盘
1005,11:19:22,4.52,0.01,1490,673479,买盘
1006,11:19:11,4.51,--,10,4510,卖盘
1007,11:19:07,4.51,--,50,22550,买盘
1008,11:19:02,4.51,--,10,4510,买盘
1009,11:18:52,4.51,--,100,45100,买盘
1010,11:18:41,4.51,--,5,2255,卖盘
1011,11:18:37,4.51,--,1,451,卖盘
1012,11:18:32,4.51,-0.01,100,45100,卖盘
1013,11:18:22,4.52,--,25,11299,买盘
1014,11:18:17,4.52,-0.01,538,243175,卖盘
1015,11:18:11,4.53,0.01,24,10872,买盘
1016,11:18:07,4.52,-0.01,227,102603,卖盘
1017,11:18:02,4.53,0.01,17,7701,买盘
1018,11:17:56,4.52,--,0,0,卖盘
1019,11:17:52,4.52,-0.02,70,31639,卖盘
1020,11:17:47,4.54,--,10,4540,买盘
1021,11:17:41,4.54,--,73,33142,买盘
1022,11:17:37,4.54,-0.01,718,325972,卖盘
1023,11:17:32,4.55,--,146,66430,买盘
1024,11:17:26,4.55,-0.01,11,5005,买盘
1025,11:17:22,4.56,--,0,0,买盘
1026,11:17:17,4.56,--,606,276536,买盘
1027,11:17:11,4.56,0.01,764,348639,买盘
1028,11:17:07,4.55,--,10,4550,卖盘
1029,11:17:02,4.55,0.02,121,55055,买盘
1030,11:16:56,4.53,0.01,28,12684,卖盘
1031,11:16:47,4.52,--,10012,4525424,卖盘
1032,11:16:41,4.52,-0.01,1,451,卖盘
1033,11:16:37,4.53,0.01,73,33069,买盘
1034,11:16:32,4.52,0.02,445,201474,买盘
1035,11:16:22,4.5,0.01,1,450,买盘
1036,11:16:17,4.49,--,0,0,卖盘
1037,11:16:11,4.49,-0.03,20,8980,卖盘
1038,11:16:07,4.52,0.03,10010,4524520,买盘
1039,11:15:52,4.49,--,159,71391,买盘
1040,11:15:47,4.49,--,26,11674,买盘
1041,11:15:41,4.49,0.01,5,2245,买盘
1042,11:15:37,4.48,--,300,134400,卖盘
1043,11:15:22,4.48,-0.01,150,67200,卖盘
1044,11:15:11,4.49,0.01,20,8980,买盘
1045,11:15:06,4.48,--,39,17472,卖盘
1046,11:14:47,4.48,-0.01,9,4032,卖盘
1047,11:14:41,4.49,--,12,5388,买盘
1048,11:14:35,4.49,--,1,449,买盘
1049,11:14:26,4.49,--,37,16613,买盘
1050,11:14:20,4.49,-0.01,1,449,卖盘
1051,11:14:17,4.5,--,69,31050,买盘
1052,11:14:05,4.5,--,0,0,买盘
1053,11:14:01,4.5,0.01,17,7650,买盘
1054,11:13:56,4.49,-0.01,7,3143,买盘
1055,11:13:50,4.5,--,7,3150,买盘
1056,11:13:35,4.5,0.01,40,18000,买盘
1057,11:13:32,4.49,0.01,497,223377,买盘
1058,11:13:20,4.48,0.01,50,22400,买盘
1059,11:13:17,4.47,-0.01,7,3129,卖盘
1060,11:13:01,4.48,0.01,220,98560,买盘
1061,11:12:46,4.47,-0.01,1,447,卖盘
1062,11:12:20,4.48,--,9,4032,卖盘
1063,11:12:16,4.48,--,38,17024,买盘
1064,11:12:11,4.48,--,6,2688,买盘
1065,11:12:05,4.48,--,7,3136,卖盘
1066,11:12:01,4.48,--,9,4032,卖盘
1067,11:11:56,4.48,-0.01,60,26880,卖盘
1068,11:11:35,4.49,0.01,409,183641,买盘
1069,11:11:26,4.48,-0.01,5,2240,卖盘
1070,11:11:16,4.49,--,16,7184,买盘
1071,11:11:01,4.49,--,122,55002,卖盘
1072,11:10:56,4.49,--,182,81718,卖盘
1073,11:10:46,4.49,--,915,410835,卖盘
1074,11:10:41,4.49,--,26,11674,卖盘
1075,11:10:35,4.49,--,33,14817,卖盘
1076,11:10:31,4.49,--,710,318790,卖盘
1077,11:10:26,4.49,--,30,13470,卖盘
1078,11:10:20,4.49,-0.01,101,45349,卖盘
1079,11:10:16,4.5,0.01,45,20250,买盘
1080,11:10:11,4.49,--,181,81269,卖盘
1081,11:10:05,4.49,--,20,8980,卖盘
1082,11:09:56,4.49,--,82,36818,卖盘
1083,11:09:50,4.49,--,130,58370,卖盘
1084,11:09:46,4.49,--,41,18409,卖盘
1085,11:09:41,4.49,--,410,184090,卖盘
1086,11:09:35,4.49,--,361,162089,卖盘
1087,11:09:26,4.49,--,10,4490,卖盘
1088,11:09:16,4.49,--,1313,589537,卖盘
1089,11:09:11,4.49,--,64,28736,卖盘
1090,11:09:05,4.49,--,194,87106,卖盘
1091,11:09:01,4.49,--,11,4939,卖盘
1092,11:08:41,4.49,--,28,12572,卖盘
1093,11:08:35,4.49,--,30,13470,卖盘
1094,11:08:31,4.49,-0.01,80,35920,卖盘
1095,11:08:26,4.5,0.01,31,13950,买盘
1096,11:08:20,4.49,--,121,54329,卖盘
1097,11:08:05,4.49,--,50,22450,卖盘
1098,11:08:01,4.49,-0.01,30,13470,卖盘
1099,11:07:55,4.5,0.01,20,9000,买盘
1100,11:07:44,4.49,--,60,26940,卖盘
1101,11:07:41,4.49,--,155,69595,卖盘
1102,11:07:35,4.49,--,623,279727,卖盘
1103,11:07:29,4.49,-0.01,20,8980,卖盘
1104,11:07:25,4.5,--,3,1350,买盘
1105,11:07:20,4.5,--,188,84600,买盘
1106,11:07:05,4.5,0.01,366,164700,买盘
1107,11:06:59,4.49,--,70,31430,卖盘
1108,11:06:55,4.49,--,99,44451,卖盘
1109,11:06:50,4.49,--,117,52533,卖盘
1110,11:06:44,4.49,-0.01,15,6735,卖盘
1111,11:06:40,4.5,--,218,98100,买盘
1112,11:06:35,4.5,--,153,68850,买盘
1113,11:06:25,4.5,0.01,40,18000,买盘
1114,11:06:20,4.49,--,9,4041,卖盘
1115,11:06:14,4.49,--,40,17960,卖盘
1116,11:06:10,4.49,--,20,8980,卖盘
1117,11:06:05,4.49,--,53,23797,卖盘
1118,11:05:59,4.49,--,130,58370,卖盘
1119,11:05:55,4.49,--,55,24695,卖盘
1120,11:05:50,4.49,--,7,3143,卖盘
1121,11:05:40,4.49,--,300,134700,卖盘
1122,11:05:35,4.49,--,527,236623,卖盘
1123,11:05:25,4.49,--,436,195764,卖盘
1124,11:05:10,4.49,--,11,4939,卖盘
1125,11:05:05,4.49,--,37,16613,卖盘
1126,11:04:50,4.49,--,10,4490,卖盘
1127,11:04:44,4.49,--,120,53880,卖盘
1128,11:04:35,4.49,-0.01,533,239317,卖盘
1129,11:04:25,4.5,0.01,129,58050,买盘
1130,11:04:20,4.49,--,210,94290,卖盘
1131,11:04:14,4.49,-0.01,6,2694,卖盘
1132,11:04:10,4.5,--,100,45000,买盘
1133,11:04:05,4.5,0.01,15,6750,买盘
1134,11:03:55,4.49,--,81,36369,卖盘
1135,11:03:50,4.49,--,10,4490,卖盘
1136,11:03:44,4.49,--,18,8082,卖盘
1137,11:03:40,4.49,--,27,12123,卖盘
1138,11:03:25,4.49,--,2,898,卖盘
1139,11:03:14,4.49,--,1,449,卖盘
1140,11:03:05,4.49,-0.01,71,31879,卖盘
1141,11:02:59,4.5,0.01,79,35550,买盘
1142,11:02:55,4.49,--,9,4041,卖盘
1143,11:02:44,4.49,-0.01,10,4490,卖盘
1144,11:02:40,4.5,0.01,1,450,买盘
1145,11:02:35,4.49,--,11,4939,卖盘
1146,11:02:29,4.49,-0.01,165,74085,卖盘
1147,11:02:25,4.5,--,64,28800,买盘
1148,11:02:20,4.5,--,14,6300,买盘
1149,11:02:14,4.5,--,15,6750,买盘
1150,11:02:05,4.5,--,14,6300,买盘
1151,11:01:55,4.5,--,2124,955917,卖盘
1152,11:01:40,4.5,-0.01,1000,450000,卖盘
1153,11:01:35,4.51,0.01,521,234971,买盘
1154,11:01:29,4.5,-0.01,2,900,卖盘
1155,11:01:25,4.51,0.01,10,4510,买盘
1156,11:01:20,4.5,--,1242,558900,卖盘
1157,11:01:14,4.5,-0.01,156,70200,卖盘
1158,11:01:05,4.51,--,242,109142,买盘
1159,11:00:59,4.51,--,6,2706,买盘
1160,11:00:54,4.51,--,45,20295,买盘
1161,11:00:49,4.51,--,7,3157,买盘
1162,11:00:44,4.51,-0.01,196,88396,卖盘
1163,11:00:40,4.52,0.01,72,32543,买盘
1164,11:00:35,4.51,--,78,35178,卖盘
1165,11:00:29,4.51,--,436,196636,卖盘
1166,11:00:23,4.51,--,17,7667,卖盘
1167,11:00:19,4.51,--,580,261810,卖盘
1168,11:00:14,4.51,-0.01,11,4961,卖盘
1169,11:00:08,4.52,0.01,187,84523,买盘
1170,11:00:04,4.51,--,310,139810,卖盘
1171,10:59:59,4.51,--,63,28413,卖盘
1172,10:59:50,4.51,--,70,31570,卖盘
1173,10:59:44,4.51,0.01,575,259325,买盘
1174,10:59:38,4.5,--,41,18450,卖盘
1175,10:59:34,4.5,-0.01,31,13950,卖盘
1176,10:59:29,4.51,--,951,428901,买盘
1177,10:59:19,4.51,0.01,1000,451000,买盘
1178,10:59:14,4.5,--,81,36450,卖盘
1179,10:59:04,4.5,0.01,6142,2764233,买盘
1180,10:58:59,4.49,--,669,300605,卖盘
1181,10:58:49,4.49,0.01,1697,761953,买盘
1182,10:58:44,4.48,--,18,8064,卖盘
1183,10:58:38,4.48,--,11,4928,卖盘
1184,10:58:34,4.48,--,33,14784,卖盘
1185,10:58:29,4.48,--,5,2240,卖盘
1186,10:58:19,4.48,--,30,13440,卖盘
1187,10:58:13,4.48,--,110,49280,卖盘
1188,10:58:08,4.48,--,10,4480,卖盘
1189,10:58:04,4.48,--,25,11200,卖盘
1190,10:57:49,4.48,-0.01,20,8960,卖盘
1191,10:57:44,4.49,0.01,5,2245,买盘
1192,10:57:38,4.48,0.01,29,12992,买盘
1193,10:57:34,4.47,-0.01,74,33078,卖盘
1194,10:57:29,4.48,--,310,138880,买盘
1195,10:57:14,4.48,0.01,178,79744,买盘
1196,10:57:04,4.47,--,33,14751,卖盘
1197,10:56:59,4.47,--,25,11175,卖盘
1198,10:56:53,4.47,--,306,136782,卖盘
1199,10:56:49,4.47,--,8,3576,卖盘
1200,10:56:43,4.47,--,100,44700,卖盘
1201,10:56:34,4.47,--,2,894,卖盘
1202,10:56:28,4.47,-0.01,10,4470,卖盘
1203,10:56:23,4.48,--,23,10304,买盘
1204,10:55:53,4.48,0.01,5,2240,买盘
1205,10:55:49,4.47,--,69,30843,卖盘
1206,10:55:38,4.47,-0.01,51,22797,卖盘
1207,10:55:22,4.48,--,17,7616,买盘
1208,10:55:13,4.48,--,7,3136,买盘
1209,10:55:08,4.48,0.01,7,3136,买盘
1210,10:54:52,4.47,--,10,4470,卖盘
1211,10:54:43,4.47,-0.01,315,140805,卖盘
1212,10:54:28,4.48,--,400,179200,买盘
1213,10:54:22,4.48,--,15,6720,买盘
1214,10:54:19,4.48,--,100,44800,买盘
1215,10:54:07,4.48,0.01,22,9856,买盘
1216,10:54:04,4.47,-0.01,7,3129,卖盘
1217,10:53:58,4.48,-0.01,51,22848,卖盘
1218,10:53:52,4.49,0.01,302,135598,买盘
1219,10:53:43,4.48,-0.01,1,448,卖盘
1220,10:53:37,4.49,0.01,106,47594,买盘
1221,10:53:22,4.48,--,3,1344,卖盘
1222,10:52:58,4.48,-0.01,10,4480,卖盘
1223,10:52:52,4.49,0.01,8,3592,买盘
1224,10:52:37,4.48,--,44,19712,卖盘
1225,10:52:28,4.48,--,84,37632,卖盘
1226,10:52:22,4.48,-0.01,1,448,卖盘
1227,10:52:13,4.49,0.01,66,29634,买盘
1228,10:52:07,4.48,-0.01,114,51072,卖盘
1229,10:51:58,4.49,--,50,22450,买盘
1230,10:51:52,4.49,--,311,139639,中性盘
1231,10:51:46,4.49,0.02,50,22450,买盘
1232,10:51:43,4.47,-0.01,11,4917,卖盘
1233,10:51:31,4.48,0.01,10,4480,中性盘
1234,10:51:28,4.47,-0.03,477,213219,卖盘
1235,10:51:22,4.5,--,0,0,买盘
1236,10:51:16,4.5,0.02,10000,4500000,买盘
1237,10:51:13,4.48,0.01,50,22400,买盘
1238,10:51:07,4.47,-0.01,60,26820,卖盘
1239,10:51:01,4.48,--,11,4928,买盘
1240,10:50:58,4.48,0.01,10,4480,买盘
1241,10:50:52,4.47,-0.01,20,8940,卖盘
1242,10:50:46,4.48,--,7,3136,买盘
1243,10:50:43,4.48,0.01,362,162176,买盘
1244,10:50:37,4.47,--,5,2235,卖盘
1245,10:50:31,4.47,-0.01,2,894,卖盘
1246,10:50:28,4.48,0.01,52,23296,买盘
1247,10:50:22,4.47,-0.01,2,894,卖盘
1248,10:50:16,4.48,--,23,10304,买盘
1249,10:50:13,4.48,--,28,12544,买盘
1250,10:50:07,4.48,0.01,268,120064,买盘
1251,10:50:01,4.47,--,17,7599,买盘
1252,10:49:58,4.47,--,34,15198,买盘
1253,10:49:52,4.47,0.01,40,17880,买盘
1254,10:49:46,4.46,--,1,446,卖盘
1255,10:49:43,4.46,-0.01,38,16948,卖盘
1256,10:49:37,4.47,0.01,69,30843,买盘
1257,10:49:22,4.46,--,8,3568,卖盘
1258,10:49:13,4.46,--,5,2230,卖盘
1259,10:49:01,4.46,--,2,892,卖盘
1260,10:48:58,4.46,-0.01,6,2676,卖盘
1261,10:48:52,4.47,--,6,2682,买盘
1262,10:48:46,4.47,--,19,8493,买盘
1263,10:48:37,4.47,--,23,10281,买盘
1264,10:48:28,4.47,--,2,1072,卖盘
1265,10:48:22,4.47,--,49,22171,买盘
1266,10:48:16,4.47,--,305,136513,卖盘
1267,10:48:13,4.47,--,36,16092,卖盘
1268,10:48:07,4.47,--,38,16986,卖盘
1269,10:48:01,4.47,--,220,98340,卖盘
1270,10:47:52,4.47,-0.01,21,9387,卖盘
1271,10:47:46,4.48,0.01,10,4480,买盘
1272,10:47:37,4.47,--,50,22350,卖盘
1273,10:47:31,4.47,--,334,149298,卖盘
1274,10:47:12,4.47,-0.01,15,6705,卖盘
1275,10:47:07,4.48,--,11,4928,买盘
1276,10:47:01,4.48,--,3,1344,买盘
1277,10:46:52,4.48,--,248,111104,买盘
1278,10:46:46,4.48,--,254,113890,卖盘
1279,10:46:42,4.48,--,20,8960,卖盘
1280,10:46:37,4.48,--,43,19264,卖盘
1281,10:46:31,4.48,--,135,60480,卖盘
1282,10:46:27,4.48,--,375,168000,卖盘
1283,10:46:22,4.48,--,79,35392,卖盘
1284,10:46:16,4.48,--,1,448,卖盘
1285,10:46:12,4.48,--,5,2240,卖盘
1286,10:46:07,4.48,--,61,27328,卖盘
1287,10:46:01,4.48,--,115,51869,卖盘
1288,10:45:57,4.48,0.01,1098,491904,买盘
1289,10:45:52,4.47,-0.01,60,26820,卖盘
1290,10:45:46,4.48,0.01,30,13440,买盘
1291,10:45:37,4.47,-0.01,60,26820,卖盘
1292,10:45:22,4.48,--,23,10304,买盘
1293,10:45:16,4.48,0.01,886,396928,买盘
1294,10:45:10,4.47,--,7,3129,卖盘
1295,10:45:07,4.47,--,138,61686,卖盘
1296,10:44:55,4.47,-0.01,1,447,卖盘
1297,10:44:46,4.48,-0.01,6,2688,买盘
1298,10:44:40,4.49,--,0,0,买盘
1299,10:44:37,4.49,--,173,77964,买盘
1300,10:44:31,4.49,0.01,312,140088,买盘
1301,10:44:25,4.48,--,56,25088,卖盘
1302,10:44:16,4.48,-0.01,45,20160,卖盘
1303,10:44:10,4.49,--,500,224500,买盘
1304,10:44:07,4.49,0.01,132,59268,买盘
1305,10:44:01,4.48,-0.01,28,12544,卖盘
1306,10:43:52,4.49,0.01,31,13919,买盘
1307,10:43:46,4.48,--,101,45409,买盘
1308,10:43:40,4.48,--,7,3136,买盘
1309,10:43:37,4.48,--,3033,1358784,买盘
1310,10:43:31,4.48,0.01,410,183680,买盘
1311,10:43:25,4.47,-0.01,4,1788,卖盘
1312,10:43:22,4.48,--,733,328384,买盘
1313,10:43:16,4.48,--,189,84672,买盘
1314,10:43:07,4.48,--,5,2240,买盘
1315,10:43:01,4.48,0.01,37,16576,买盘
1316,10:42:52,4.47,--,46,20562,卖盘
1317,10:42:46,4.47,--,14,6258,卖盘
1318,10:42:37,4.47,--,1003,448341,卖盘
1319,10:42:31,4.47,--,9,4023,卖盘
1320,10:42:25,4.47,-0.01,10,4470,卖盘
1321,10:42:22,4.48,0.01,106,47488,买盘
1322,10:42:10,4.47,--,51,22797,卖盘
1323,10:42:07,4.47,--,34,15466,卖盘
1324,10:41:46,4.47,-0.01,152,67944,卖盘
1325,10:41:36,4.48,0.01,638,285824,买盘
1326,10:41:31,4.47,--,5,2235,买盘
1327,10:41:25,4.47,--,7,3129,买盘
1328,10:41:16,4.47,--,37,16539,买盘
1329,10:41:10,4.47,--,3,1341,买盘
1330,10:41:07,4.47,--,291,130077,买盘
1331,10:41:01,4.47,--,11,4917,买盘
1332,10:40:55,4.47,--,315,140805,买盘
1333,10:40:46,4.47,--,4,1788,买盘
1334,10:40:40,4.47,0.01,7,3129,买盘
1335,10:40:36,4.46,-0.01,83,37018,卖盘
1336,10:40:31,4.47,0.01,7,3129,买盘
1337,10:40:25,4.46,-0.01,511,227906,卖盘
1338,10:40:16,4.47,--,65,29055,买盘
1339,10:40:06,4.47,0.01,6,2682,买盘
1340,10:40:01,4.46,--,366,163236,卖盘
1341,10:39:55,4.46,-0.01,2,892,卖盘
1342,10:39:51,4.47,0.01,7,3129,买盘
1343,10:39:40,4.46,-0.01,2,892,卖盘
1344,10:39:25,4.47,0.01,505,225735,买盘
1345,10:39:21,4.46,--,20,8920,卖盘
1346,10:39:16,4.46,--,300,133800,卖盘
1347,10:39:06,4.46,--,33,14718,卖盘
1348,10:39:01,4.46,--,270,120420,卖盘
1349,10:38:55,4.46,--,3,1338,卖盘
1350,10:38:46,4.46,--,10,4460,卖盘
1351,10:38:40,4.46,--,1,446,卖盘
1352,10:38:36,4.46,--,10,4460,卖盘
1353,10:38:31,4.46,--,1,446,卖盘
1354,10:38:25,4.46,--,25,11150,卖盘
1355,10:38:20,4.46,--,1,446,卖盘
1356,10:38:16,4.46,--,101,45046,卖盘
1357,10:38:10,4.46,-0.01,40,17840,卖盘
1358,10:37:55,4.47,--,150,67050,买盘
1359,10:37:46,4.47,0.01,110,49170,买盘
1360,10:37:40,4.46,-0.01,1,446,卖盘
1361,10:37:31,4.47,--,308,137676,卖盘
1362,10:37:25,4.47,0.01,192,85824,买盘
1363,10:37:19,4.46,-0.01,200,89200,卖盘
1364,10:37:16,4.47,0.01,315,140805,买盘
1365,10:36:55,4.46,--,5,2230,卖盘
1366,10:36:46,4.46,-0.01,1,446,卖盘
1367,10:36:40,4.47,0.01,38,16986,中性盘
1368,10:36:34,4.46,--,1903,848738,卖盘
1369,10:36:25,4.46,-0.01,59,26314,卖盘
1370,10:36:16,4.47,0.01,41,18327,买盘
1371,10:36:10,4.46,--,30,13380,卖盘
1372,10:36:04,4.46,--,33,14718,卖盘
1373,10:36:01,4.46,--,105,46830,卖盘
1374,10:35:46,4.46,--,1675,747050,卖盘
1375,10:35:40,4.46,-0.01,299,133354,买盘
1376,10:35:25,4.47,--,612,273666,买盘
1377,10:35:19,4.47,0.01,31,13857,买盘
1378,10:35:16,4.46,--,303,135138,卖盘
1379,10:35:10,4.46,--,10,4460,卖盘
1380,10:35:01,4.46,--,50,22300,卖盘
1381,10:34:55,4.46,--,160,71360,卖盘
1382,10:34:49,4.46,--,11,4906,卖盘
1383,10:34:46,4.46,0.01,363,162241,买盘
1384,10:34:34,4.45,-0.01,62,27590,卖盘
1385,10:34:31,4.46,--,12,5352,买盘
1386,10:34:15,4.46,--,5,2230,买盘
1387,10:33:49,4.46,0.01,1,446,买盘
1388,10:33:46,4.45,-0.01,11,4895,卖盘
1389,10:33:30,4.46,--,820,365720,买盘
1390,10:33:15,4.46,--,1311,584706,买盘
1391,10:33:04,4.46,--,35,15610,买盘
1392,10:32:55,4.46,--,8,3568,买盘
1393,10:32:49,4.46,--,297,132462,买盘
1394,10:32:40,4.46,0.01,27,12042,买盘
1395,10:32:34,4.45,-0.01,31,13795,卖盘
1396,10:32:30,4.46,0.01,92,41032,买盘
1397,10:32:19,4.45,--,321,142845,卖盘
1398,10:32:10,4.45,--,23,10235,卖盘
1399,10:32:04,4.45,--,1,445,卖盘
1400,10:32:00,4.45,--,1,445,卖盘
1401,10:31:45,4.45,--,4,1780,卖盘
1402,10:31:34,4.45,--,53,23585,卖盘
1403,10:31:30,4.45,-0.01,10,4450,卖盘
1404,10:31:25,4.46,0.01,567,252882,买盘
1405,10:31:19,4.45,-0.01,70,31150,卖盘
1406,10:31:15,4.46,--,15,6690,买盘
1407,10:31:04,4.46,--,7,3122,买盘
1408,10:31:00,4.46,--,14,6244,买盘
1409,10:30:55,4.46,0.01,7,3122,买盘
1410,10:30:49,4.45,-0.01,24,11036,卖盘
1411,10:30:45,4.46,0.01,45,20070,买盘
1412,10:30:40,4.45,--,28,12460,卖盘
1413,10:30:34,4.45,-0.01,23,10235,卖盘
1414,10:30:30,4.46,0.01,7,3122,买盘
1415,10:30:25,4.45,--,70,31150,卖盘
1416,10:30:19,4.45,-0.01,27,12015,卖盘
1417,10:30:15,4.46,0.01,7,3122,买盘
1418,10:30:10,4.45,--,10,4450,卖盘
1419,10:30:04,4.45,--,133,59185,卖盘
1420,10:30:00,4.45,-0.01,7,3115,卖盘
1421,10:29:55,4.46,0.01,33,14807,买盘
1422,10:29:40,4.45,-0.01,178,79566,卖盘
1423,10:29:34,4.46,0.01,200,89200,买盘
1424,10:29:30,4.45,-0.01,20,8900,卖盘
1425,10:29:25,4.46,0.01,723,322458,买盘
1426,10:29:19,4.45,--,5,2225,卖盘
1427,10:29:13,4.45,-0.01,120,53400,卖盘
1428,10:29:10,4.46,0.01,143,63778,买盘
1429,10:29:04,4.45,-0.01,30,13350,卖盘
1430,10:28:55,4.46,--,300,133800,买盘
1431,10:28:49,4.46,0.01,146,65116,买盘
1432,10:28:43,4.45,-0.01,21,9345,卖盘
1433,10:28:40,4.46,0.01,127,56642,买盘
1434,10:28:34,4.45,-0.01,254,113030,卖盘
1435,10:28:28,4.46,--,7,3122,买盘
1436,10:28:25,4.46,--,142,63332,买盘
1437,10:28:19,4.46,--,123,54858,买盘
1438,10:28:13,4.46,--,515,229690,买盘
1439,10:28:10,4.46,0.01,41,18286,买盘
1440,10:28:04,4.45,-0.01,27,12015,卖盘
1441,10:27:55,4.46,0.01,30,13380,买盘
1442,10:27:49,4.45,0.01,5318,2366599,买盘
1443,10:27:43,4.44,0.01,528,234432,买盘
1444,10:27:39,4.43,-0.01,50,22150,卖盘
1445,10:27:34,4.44,--,20,8880,买盘
1446,10:27:28,4.44,0.01,500,222000,买盘
1447,10:27:25,4.43,--,328,145304,卖盘
1448,10:27:19,4.43,--,5,2215,卖盘
1449,10:27:09,4.43,--,17,7934,买盘
1450,10:27:04,4.43,-0.01,29,12886,卖盘
1451,10:26:54,4.44,0.01,13,5772,买盘
1452,10:26:49,4.43,--,297,131974,买盘
1453,10:26:43,4.43,--,753,333579,买盘
1454,10:26:19,4.43,--,270,119609,卖盘
1455,10:26:13,4.43,--,140,62019,卖盘
1456,10:26:09,4.43,--,20,8860,卖盘
1457,10:26:04,4.43,--,5,2215,卖盘
1458,10:25:58,4.43,--,5,2215,卖盘
1459,10:25:43,4.43,--,15,6645,卖盘
1460,10:25:39,4.43,--,10,4430,卖盘
1461,10:25:34,4.43,--,33,14618,卖盘
1462,10:25:24,4.43,--,66,29237,买盘
1463,10:24:54,4.43,--,92,40756,卖盘
1464,10:24:49,4.43,--,3,1329,卖盘
1465,10:24:43,4.43,--,80,35440,卖盘
1466,10:24:39,4.43,--,10,4430,卖盘
1467,10:24:34,4.43,--,54,23922,卖盘
1468,10:24:28,4.43,-0.01,30,13290,卖盘
1469,10:24:13,4.44,--,1,444,买盘
1470,10:24:09,4.44,0.01,10,4440,买盘
1471,10:24:04,4.43,--,33,14618,卖盘
1472,10:23:58,4.43,--,290,128469,卖盘
1473,10:23:49,4.43,--,10,4430,卖盘
1474,10:23:43,4.43,--,10,4430,卖盘
1475,10:23:34,4.43,-0.01,256,113408,卖盘
1476,10:23:28,4.44,--,500,222000,买盘
1477,10:23:19,4.44,0.01,5,2220,买盘
1478,10:23:13,4.43,--,75,33225,卖盘
1479,10:23:09,4.43,--,1,443,卖盘
1480,10:23:04,4.43,--,560,248079,卖盘
1481,10:22:49,4.43,--,83,37176,卖盘
1482,10:22:43,4.43,--,30,13290,卖盘
1483,10:22:34,4.43,--,33,14618,卖盘
1484,10:22:28,4.43,-0.01,40,17720,卖盘
1485,10:22:19,4.44,0.01,178,79032,买盘
1486,10:22:04,4.43,--,16,7088,卖盘
1487,10:21:37,4.43,-0.01,1,443,卖盘
1488,10:21:34,4.44,0.01,7,3108,买盘
1489,10:21:28,4.43,--,5,2215,卖盘
1490,10:21:18,4.43,--,50,22150,卖盘
1491,10:21:13,4.43,--,20,8860,卖盘
1492,10:21:07,4.43,--,58,25694,卖盘
1493,10:21:04,4.43,-0.01,40,17720,卖盘
1494,10:20:43,4.44,--,1,444,买盘
1495,10:20:37,4.44,0.01,8,3552,买盘
1496,10:20:22,4.43,-0.01,1,443,卖盘
1497,10:20:18,4.44,0.01,100,44400,买盘
1498,10:20:13,4.43,--,14,6202,卖盘
1499,10:19:58,4.43,--,114,50502,卖盘
1500,10:19:52,4.43,--,11,4873,卖盘
1501,10:19:37,4.43,--,68,30123,卖盘
1502,10:19:33,4.43,--,33,14618,卖盘
1503,10:18:37,4.43,--,10,4430,卖盘
1504,10:18:33,4.43,--,36,15947,卖盘
1505,10:18:28,4.43,--,3,1329,卖盘
1506,10:18:18,4.43,--,57,25251,卖盘
1507,10:18:03,4.43,--,66,29237,卖盘
1508,10:17:58,4.43,--,68,30123,买盘
1509,10:17:52,4.43,0.01,80,35440,买盘
1510,10:17:48,4.42,-0.01,3,1326,卖盘
1511,10:17:28,4.43,--,30,13290,卖盘
1512,10:17:22,4.43,--,141,62462,卖盘
1513,10:17:03,4.43,--,39,17277,买盘
1514,10:16:58,4.43,0.01,127,56261,买盘
1515,10:16:43,4.42,--,1,442,卖盘
1516,10:16:33,4.42,--,0,0,卖盘
1517,10:16:28,4.42,-0.02,400,176800,卖盘
1518,10:16:22,4.44,0.01,12,5328,买盘
1519,10:16:13,4.43,--,44,19492,卖盘
1520,10:16:07,4.43,--,20,8860,卖盘
1521,10:16:03,4.43,--,403,178529,卖盘
1522,10:15:52,4.43,-0.01,471,208653,卖盘
1523,10:15:48,4.44,--,180,79920,买盘
1524,10:15:43,4.44,0.01,11,4884,买盘
1525,10:15:37,4.43,-0.01,20,8860,卖盘
1526,10:15:33,4.44,0.01,100,44400,买盘
1527,10:15:18,4.43,-0.01,10,4430,卖盘
1528,10:15:13,4.44,0.01,7,3108,买盘
1529,10:15:07,4.43,-0.01,53,23479,卖盘
1530,10:14:37,4.44,--,40,17760,买盘
1531,10:14:31,4.44,--,10,4440,买盘
1532,10:14:28,4.44,--,40,17760,买盘
1533,10:14:22,4.44,--,2,888,买盘
1534,10:14:07,4.44,-0.01,430,190920,卖盘
1535,10:14:01,4.45,0.01,151,67195,买盘
1536,10:13:57,4.44,-0.01,20,8880,卖盘
1537,10:13:46,4.45,0.01,22,9790,买盘
1538,10:13:42,4.44,--,20,8880,卖盘
1539,10:13:37,4.44,--,51,22644,卖盘
1540,10:13:27,4.44,-0.01,35,15540,卖盘
1541,10:13:22,4.45,--,3,1335,买盘
1542,10:13:07,4.45,0.01,30,13350,买盘
1543,10:12:57,4.44,--,20,8880,卖盘
1544,10:12:46,4.44,--,50,22200,卖盘
1545,10:12:42,4.44,-0.01,2021,897324,卖盘
1546,10:12:37,4.45,--,200,89000,买盘
1547,10:12:27,4.45,0.01,54,24030,买盘
1548,10:12:22,4.44,--,36,15984,卖盘
1549,10:12:12,4.44,--,32,14208,卖盘
1550,10:12:07,4.44,--,53,23532,卖盘
1551,10:11:42,4.44,-0.01,130,57720,卖盘
1552,10:11:37,4.45,--,465,206925,买盘
1553,10:11:31,4.45,--,131,58295,买盘
1554,10:11:22,4.45,--,126,56070,买盘
1555,10:11:16,4.45,--,27,12015,买盘
1556,10:11:07,4.45,0.01,7,3115,买盘
1557,10:10:57,4.44,--,532,236208,卖盘
1558,10:10:52,4.44,-0.01,21,9324,卖盘
1559,10:10:42,4.45,0.02,829,368905,买盘
1560,10:10:37,4.43,--,33,14618,卖盘
1561,10:10:07,4.43,-0.01,30,13290,卖盘
1562,10:10:01,4.44,0.01,3,1332,买盘
1563,10:09:52,4.43,-0.01,173,76639,卖盘
1564,10:09:31,4.44,0.01,11,4884,买盘
1565,10:09:16,4.43,--,40,17720,卖盘
1566,10:09:12,4.43,-0.01,30,13290,卖盘
1567,10:09:07,4.44,--,354,157176,买盘
1568,10:09:01,4.44,0.01,56,24864,买盘
1569,10:08:57,4.43,--,225,99675,卖盘
1570,10:08:46,4.43,--,8,3544,卖盘
1571,10:08:37,4.43,-0.01,22,9746,卖盘
1572,10:08:31,4.44,0.01,7,3108,买盘
1573,10:08:22,4.43,--,1,443,卖盘
1574,10:08:16,4.43,-0.01,3,1329,卖盘
1575,10:08:11,4.44,0.01,7,3108,买盘
1576,10:08:07,4.43,--,20,8860,卖盘
1577,10:08:01,4.43,--,10,4430,卖盘
1578,10:07:52,4.43,--,60,26580,卖盘
1579,10:07:46,4.43,0.01,4,1772,卖盘
1580,10:07:37,4.42,-0.01,33,14586,卖盘
1581,10:07:31,4.43,0.01,2060,912579,买盘
1582,10:07:25,4.42,--,16,7072,卖盘
1583,10:07:16,4.42,--,12,5304,卖盘
1584,10:07:10,4.42,--,5,2210,卖盘
1585,10:07:06,4.42,-0.01,510,225420,卖盘
1586,10:07:01,4.43,--,50,22150,买盘
1587,10:06:51,4.43,--,12,5316,买盘
1588,10:06:46,4.43,-0.01,216,95688,卖盘
1589,10:06:40,4.44,0.01,7,3108,买盘
1590,10:06:36,4.43,--,10,4430,卖盘
1591,10:06:31,4.43,--,10,4430,卖盘
1592,10:06:25,4.43,-0.01,312,138216,卖盘
1593,10:06:06,4.44,--,253,112429,卖盘
1594,10:06:01,4.44,--,126,55944,卖盘
1595,10:05:51,4.44,--,26,11544,卖盘
1596,10:05:46,4.44,--,18,7992,卖盘
1597,10:05:31,4.44,--,257,114108,卖盘
1598,10:05:21,4.44,--,30,13320,卖盘
1599,10:05:16,4.44,--,80,35520,卖盘
1600,10:05:10,4.44,--,20,8880,卖盘
1601,10:05:01,4.44,0.01,1665,739606,买盘
1602,10:04:46,4.43,-0.01,70,31009,卖盘
1603,10:04:40,4.44,0.01,27,11988,买盘
1604,10:04:36,4.43,--,50,22150,卖盘
1605,10:04:31,4.43,-0.01,123,54489,卖盘
1606,10:04:10,4.44,--,1,444,买盘
1607,10:03:55,4.44,-0.01,1163,516469,卖盘
1608,10:03:51,4.45,0.01,89,39605,买盘
1609,10:03:45,4.44,--,86,38184,卖盘
1610,10:03:36,4.44,--,82,36408,卖盘
1611,10:03:30,4.44,--,469,208236,卖盘
1612,10:03:25,4.44,--,309,137196,卖盘
1613,10:03:21,4.44,--,892,396398,卖盘
1614,10:03:15,4.44,--,24,10656,卖盘
1615,10:03:10,4.44,--,109,48396,卖盘
1616,10:03:06,4.44,--,33,14652,卖盘
1617,10:03:00,4.44,--,15,6660,卖盘
1618,10:02:55,4.44,--,27,11988,卖盘
1619,10:02:51,4.44,-0.01,310,137640,卖盘
1620,10:02:45,4.45,0.01,88,39160,买盘
1621,10:02:30,4.44,--,200,88800,卖盘
1622,10:02:25,4.44,--,11,4884,卖盘
1623,10:02:15,4.44,--,139,61716,卖盘
1624,10:02:10,4.44,--,31,13764,卖盘
1625,10:01:51,4.44,-0.01,43,19092,卖盘
1626,10:01:45,4.45,--,355,157975,买盘
1627,10:01:40,4.45,0.01,71,31595,买盘
1628,10:01:36,4.44,-0.01,33,14652,卖盘
1629,10:01:30,4.45,--,2,890,买盘
1630,10:01:15,4.45,--,10,4450,买盘
1631,10:01:10,4.45,0.01,21,9345,买盘
1632,10:01:06,4.44,-0.01,2,888,卖盘
1633,10:01:00,4.45,--,124,55180,买盘
1634,10:00:55,4.45,--,59,26255,买盘
1635,10:00:51,4.45,--,2,890,买盘
1636,10:00:45,4.45,--,24,10680,买盘
1637,10:00:40,4.45,--,1,445,买盘
1638,10:00:30,4.45,-0.01,263,117035,卖盘
1639,10:00:25,4.46,--,106,47276,买盘
1640,10:00:21,4.46,0.01,57,25422,买盘
1641,10:00:15,4.45,-0.01,154,68530,卖盘
1642,10:00:10,4.46,0.01,64,28544,买盘
1643,10:00:06,4.45,--,163,72535,卖盘
1644,10:00:00,4.45,--,34,15130,卖盘
1645,09:59:55,4.45,--,827,368015,买盘
1646,09:59:45,4.45,--,10,4450,买盘
1647,09:59:40,4.45,--,197,87665,卖盘
1648,09:59:34,4.45,--,88,39160,卖盘
1649,09:59:30,4.45,0.01,2309,1027505,买盘
1650,09:59:25,4.44,-0.01,189,83916,卖盘
1651,09:59:15,4.45,0.01,148,65860,买盘
1652,09:59:10,4.44,--,10,4440,卖盘
1653,09:59:00,4.44,-0.01,70,31080,卖盘
1654,09:58:49,4.45,0.01,27,12015,买盘
1655,09:58:40,4.44,-0.01,20,8880,卖盘
1656,09:58:30,4.45,0.01,107,47615,买盘
1657,09:58:19,4.44,-0.01,6,2664,卖盘
1658,09:58:10,4.45,--,51,22695,买盘
1659,09:58:00,4.45,--,104,46280,买盘
1660,09:57:45,4.45,--,150,66750,买盘
1661,09:57:34,4.45,--,10,4450,卖盘
1662,09:57:30,4.45,--,179,79655,卖盘
1663,09:57:25,4.45,--,277,123265,买盘
1664,09:57:19,4.45,--,133,59185,买盘
1665,09:57:15,4.45,--,303,135026,卖盘
1666,09:57:09,4.45,--,50,22250,卖盘
1667,09:57:04,4.45,-0.01,185,82578,卖盘
1668,09:57:00,4.46,0.01,105,46830,买盘
1669,09:56:54,4.45,-0.01,243,108135,卖盘
1670,09:56:49,4.46,--,35,15610,买盘
1671,09:56:39,4.46,0.01,54,24084,买盘
1672,09:56:30,4.45,--,80,35600,卖盘
1673,09:56:24,4.45,--,1287,572715,买盘
1674,09:56:15,4.45,--,432,192240,买盘
1675,09:56:09,4.45,--,7,3115,买盘
1676,09:56:04,4.45,--,14,6230,买盘
1677,09:56:00,4.45,0.01,126,56070,买盘
1678,09:55:54,4.44,-0.01,107,47508,卖盘
1679,09:55:49,4.45,--,2808,1249560,买盘
1680,09:55:45,4.45,--,18,8010,买盘
1681,09:55:39,4.45,--,343,152635,买盘
1682,09:55:34,4.45,0.01,202,89890,买盘
1683,09:55:30,4.44,-0.01,22,9768,卖盘
1684,09:55:24,4.45,--,221,98345,买盘
1685,09:55:19,4.45,--,392,174440,买盘
1686,09:55:15,4.45,0.01,115,51175,买盘
1687,09:55:09,4.44,-0.01,60,26640,卖盘
1688,09:55:04,4.45,0.01,114,50730,买盘
1689,09:54:49,4.44,-0.01,241,107004,卖盘
1690,09:54:45,4.45,--,18,8010,买盘
1691,09:54:39,4.45,--,56,24920,买盘
1692,09:54:34,4.45,--,350,155750,买盘
1693,09:54:30,4.45,--,7,3115,买盘
1694,09:54:24,4.45,--,200,89000,买盘
1695,09:54:19,4.45,--,142,63190,买盘
1696,09:54:14,4.45,--,100,44500,买盘
1697,09:54:09,4.45,0.01,209,93005,买盘
1698,09:54:04,4.44,--,3,1332,卖盘
1699,09:53:59,4.44,--,5,2220,卖盘
1700,09:53:54,4.44,-0.01,235,104340,卖盘
1701,09:53:49,4.45,0.01,12,5340,买盘
1702,09:53:44,4.44,--,30,13320,卖盘
1703,09:53:39,4.44,--,23,10212,卖盘
1704,09:53:34,4.44,--,523,232651,买盘
1705,09:53:24,4.44,0.01,182,80808,买盘
1706,09:53:19,4.43,-0.01,264,116951,卖盘
1707,09:53:14,4.44,--,134,59496,买盘
1708,09:53:09,4.44,--,100,44400,买盘
1709,09:53:04,4.44,0.01,699,310356,买盘
1710,09:52:59,4.43,-0.01,7,3101,卖盘
1711,09:52:54,4.44,0.01,105,46620,买盘
1712,09:52:49,4.43,--,46,20378,卖盘
1713,09:52:44,4.43,--,10,4430,卖盘
1714,09:52:39,4.43,--,49,21707,卖盘
1715,09:52:34,4.43,--,334,148179,买盘
1716,09:52:24,4.43,--,15,6645,买盘
1717,09:52:19,4.43,--,41,18163,买盘
1718,09:52:13,4.43,--,543,240548,买盘
1719,09:52:09,4.43,--,112,49616,买盘
1720,09:52:04,4.43,--,39,17277,买盘
1721,09:51:58,4.43,--,26,11518,买盘
1722,09:51:54,4.43,0.01,30,13290,买盘
1723,09:51:39,4.42,-0.01,45,19890,卖盘
1724,09:51:34,4.43,0.01,7,3101,买盘
1725,09:51:24,4.42,--,50,22100,卖盘
1726,09:51:19,4.42,--,74,32708,卖盘
1727,09:51:04,4.42,-0.01,6,2652,卖盘
1728,09:50:49,4.43,--,381,168783,卖盘
1729,09:50:43,4.43,--,32,14176,卖盘
1730,09:50:39,4.43,--,305,135115,卖盘
1731,09:50:34,4.43,--,33,14618,卖盘
1732,09:50:28,4.43,--,20,8860,卖盘
1733,09:50:24,4.43,--,31,13733,买盘
1734,09:50:18,4.43,-0.01,29,12847,买盘
1735,09:50:09,4.44,--,90,39960,买盘
1736,09:50:03,4.44,0.01,460,204240,买盘
1737,09:49:58,4.43,--,201,89043,卖盘
1738,09:49:54,4.43,--,20,8860,卖盘
1739,09:49:48,4.43,-0.01,19,8417,卖盘
1740,09:49:43,4.44,--,3,1332,买盘
1741,09:49:39,4.44,--,96,42624,买盘
1742,09:49:33,4.44,--,100,44400,买盘
1743,09:49:28,4.44,--,12,5328,买盘
1744,09:49:24,4.44,0.01,165,73260,买盘
1745,09:49:18,4.43,--,75,33225,卖盘
1746,09:49:13,4.43,--,30,13290,卖盘
1747,09:49:03,4.43,--,43,19049,卖盘
1748,09:48:54,4.43,-0.01,33,14618,卖盘
1749,09:48:48,4.44,--,1154,512376,买盘
1750,09:48:39,4.44,--,229,101676,买盘
1751,09:48:33,4.44,--,252,111888,买盘
1752,09:48:23,4.44,0.01,33,14652,买盘
1753,09:48:18,4.43,--,1123,497488,卖盘
1754,09:48:13,4.43,--,630,279090,卖盘
1755,09:48:08,4.43,-0.01,83,36769,卖盘
1756,09:48:03,4.44,0.01,19,8436,买盘
1757,09:47:58,4.43,-0.01,46,20378,卖盘
1758,09:47:48,4.44,--,19,8436,卖盘
1759,09:47:43,4.44,0.01,35,15540,中性盘
1760,09:47:38,4.43,-0.01,142,62905,卖盘
1761,09:47:33,4.44,--,85,37740,卖盘
1762,09:47:28,4.44,--,996,442237,买盘
1763,09:47:18,4.44,--,49,21756,买盘
1764,09:47:13,4.44,--,201,89244,买盘
1765,09:47:08,4.44,--,60,26640,买盘
1766,09:47:03,4.44,-0.01,1278,567818,卖盘
1767,09:46:58,4.45,0.01,551,245252,买盘
1768,09:46:53,4.44,--,41,18204,买盘
1769,09:46:43,4.44,--,542,240648,卖盘
1770,09:46:38,4.44,--,80,35520,卖盘
1771,09:46:33,4.44,0.01,701,311510,买盘
1772,09:46:28,4.43,--,527,233460,买盘
1773,09:46:23,4.43,-0.01,27,11961,买盘
1774,09:46:18,4.44,0.01,2106,935064,买盘
1775,09:46:13,4.43,--,134,59361,买盘
1776,09:46:08,4.43,--,21,9303,买盘
1777,09:46:03,4.43,--,61,27023,买盘
1778,09:45:58,4.43,--,17,7530,买盘
1779,09:45:53,4.43,--,284,125811,买盘
1780,09:45:48,4.43,0.01,987,437241,买盘
1781,09:45:43,4.42,--,121,53482,卖盘
1782,09:45:38,4.42,--,7,3094,卖盘
1783,09:45:33,4.42,--,450,198900,卖盘
1784,09:45:28,4.42,--,92,40664,卖盘
1785,09:45:23,4.42,--,10,4420,卖盘
1786,09:45:18,4.42,-0.01,263,116246,卖盘
1787,09:45:13,4.43,--,239,105877,买盘
1788,09:45:03,4.43,0.01,114,50502,买盘
1789,09:44:58,4.42,--,41,18122,卖盘
1790,09:44:53,4.42,--,37,16354,卖盘
1791,09:44:48,4.42,--,92,40664,卖盘
1792,09:44:43,4.42,-0.01,812,358904,卖盘
1793,09:44:37,4.43,0.01,400,177200,买盘
1794,09:44:33,4.42,--,233,102986,卖盘
1795,09:44:28,4.42,--,116,51272,卖盘
1796,09:44:22,4.42,-0.01,1670,738140,卖盘
1797,09:44:18,4.43,0.01,1347,596721,买盘
1798,09:44:13,4.42,-0.01,20,8840,卖盘
1799,09:44:03,4.43,0.01,49,21707,买盘
1800,09:43:58,4.42,--,281,124202,卖盘
1801,09:43:52,4.42,-0.01,134,59228,卖盘
1802,09:43:48,4.43,--,35,15504,买盘
1803,09:43:42,4.43,--,351,155493,买盘
1804,09:43:37,4.43,--,225,99675,买盘
1805,09:43:33,4.43,--,121,53603,买盘
1806,09:43:27,4.43,--,107,47401,买盘
1807,09:43:22,4.43,--,101,44743,卖盘
1808,09:43:18,4.43,-0.01,170,75310,卖盘
1809,09:43:12,4.44,0.01,751,333444,买盘
1810,09:43:07,4.43,-0.01,152,67336,卖盘
1811,09:43:03,4.44,--,551,244644,买盘
1812,09:42:57,4.44,--,428,190032,买盘
1813,09:42:52,4.44,--,200,88800,买盘
1814,09:42:48,4.44,0.01,148,65712,买盘
1815,09:42:42,4.43,--,203,89929,卖盘
1816,09:42:37,4.43,--,2,886,卖盘
1817,09:42:33,4.43,-0.01,86,38098,卖盘
1818,09:42:27,4.44,0.01,918,407592,买盘
1819,09:42:22,4.43,--,131,58032,卖盘
1820,09:42:18,4.43,--,108,47844,卖盘
1821,09:42:12,4.43,--,22,9746,卖盘
1822,09:42:07,4.43,--,978,433546,买盘
1823,09:42:03,4.43,--,1341,594063,买盘
1824,09:41:57,4.43,--,33,14618,买盘
1825,09:41:52,4.43,--,520,230359,买盘
1826,09:41:48,4.43,0.01,396,175428,买盘
1827,09:41:42,4.42,-0.01,5,2210,卖盘
1828,09:41:37,4.43,0.01,1389,615327,买盘
1829,09:41:33,4.42,0.01,105,46410,买盘
1830,09:41:27,4.41,--,285,125685,买盘
1831,09:41:22,4.41,--,176,77616,买盘
1832,09:41:18,4.41,--,534,235494,卖盘
1833,09:41:12,4.41,-0.01,38,16758,卖盘
1834,09:41:07,4.42,0.01,310,137020,买盘
1835,09:41:03,4.41,0.01,496,218736,买盘
1836,09:40:57,4.4,--,266,117040,卖盘
1837,09:40:52,4.4,--,100,44000,卖盘
1838,09:40:48,4.4,-0.01,58,25520,卖盘
1839,09:40:42,4.41,0.01,999,440559,买盘
1840,09:40:37,4.4,--,76,33440,买盘
1841,09:40:32,4.4,--,100,44000,卖盘
1842,09:40:27,4.4,-0.01,340,149600,卖盘
1843,09:40:22,4.41,--,454,200214,买盘
1844,09:40:17,4.41,0.01,206,90846,买盘
1845,09:40:12,4.4,--,64,28160,卖盘
1846,09:40:07,4.4,-0.01,65,28600,卖盘
1847,09:40:02,4.41,0.01,78,34398,买盘
1848,09:39:57,4.4,-0.01,554,243760,卖盘
1849,09:39:52,4.41,0.01,12,5292,买盘
1850,09:39:47,4.4,--,134,58960,卖盘
1851,09:39:42,4.4,--,51,22440,卖盘
1852,09:39:37,4.4,--,40,17600,卖盘
1853,09:39:32,4.4,--,128,56320,卖盘
1854,09:39:27,4.4,--,195,85800,卖盘
1855,09:39:22,4.4,--,772,339680,卖盘
1856,09:39:17,4.4,--,300,132000,卖盘
1857,09:39:12,4.4,--,219,96360,卖盘
1858,09:39:07,4.4,--,193,84920,卖盘
1859,09:39:02,4.4,--,78,34320,卖盘
1860,09:38:57,4.4,--,110,48400,卖盘
1861,09:38:52,4.4,--,290,127600,买盘
1862,09:38:47,4.4,--,100,44000,买盘
1863,09:38:42,4.4,--,450,198000,买盘
1864,09:38:37,4.4,--,110,48400,买盘
1865,09:38:27,4.4,--,0,0,中性盘
1866,09:38:22,4.4,--,530,233200,买盘
1867,09:38:17,4.4,--,0,0,买盘
1868,09:38:12,4.4,0.01,99,43560,买盘
1869,09:38:02,4.39,--,432,189648,买盘
1870,09:37:57,4.39,-0.01,68,29851,卖盘
1871,09:37:47,4.4,-0.02,10,4400,卖盘
1872,09:37:42,4.42,0.03,1282,566644,买盘
1873,09:37:37,4.39,-0.01,495,217304,卖盘
1874,09:37:32,4.4,--,146,64240,买盘
1875,09:37:27,4.4,--,630,277200,买盘
1876,09:37:22,4.4,0.01,40,17600,买盘
1877,09:37:17,4.39,--,40,17560,卖盘
1878,09:37:12,4.39,--,982,431097,买盘
1879,09:37:07,4.39,--,526,230913,买盘
1880,09:37:02,4.39,--,500,219499,买盘
1881,09:36:57,4.39,--,30,13169,买盘
1882,09:36:51,4.39,--,21,9219,买盘
1883,09:36:46,4.39,--,10,4390,买盘
1884,09:36:42,4.39,--,338,148382,卖盘
1885,09:36:36,4.39,--,2,877,卖盘
1886,09:36:31,4.39,-0.01,147,64532,卖盘
1887,09:36:27,4.4,--,128,56320,买盘
1888,09:36:21,4.4,0.01,210,92400,买盘
1889,09:36:16,4.39,-0.01,5,2195,卖盘
1890,09:36:12,4.4,--,183,80520,卖盘
1891,09:36:06,4.4,0.01,324,142560,买盘
1892,09:36:01,4.39,-0.01,772,338908,卖盘
1893,09:35:57,4.4,0.01,92,40480,买盘
1894,09:35:51,4.39,0.01,960,421439,买盘
1895,09:35:42,4.38,--,27,11826,卖盘
1896,09:35:36,4.38,--,468,204984,买盘
1897,09:35:31,4.38,0.01,1058,463404,买盘
1898,09:35:27,4.37,--,35,15295,买盘
1899,09:35:21,4.37,--,27,11799,买盘
1900,09:35:16,4.37,--,23,10051,买盘
1901,09:35:12,4.37,--,69,30153,买盘
1902,09:35:06,4.37,--,22,9614,买盘
1903,09:35:01,4.37,--,35,15295,买盘
1904,09:34:56,4.37,0.02,7,3059,买盘
1905,09:34:51,4.35,-0.01,20,8700,卖盘
1906,09:34:46,4.36,--,26,11336,买盘
1907,09:34:36,4.36,0.01,145,63220,买盘
1908,09:34:31,4.35,-0.02,151,65685,卖盘
1909,09:34:26,4.37,0.01,76,33212,买盘
1910,09:34:21,4.36,0.02,292,127312,买盘
1911,09:34:11,4.34,-0.01,1046,453964,卖盘
1912,09:34:06,4.35,-0.01,5,2175,卖盘
1913,09:33:56,4.36,0.01,17,7412,买盘
1914,09:33:46,4.35,--,156,68038,买盘
1915,09:33:41,4.35,--,400,174000,买盘
1916,09:33:31,4.35,--,1,434,买盘
1917,09:33:16,4.35,0.01,123,53504,买盘
1918,09:33:11,4.34,-0.01,187,81158,卖盘
1919,09:33:06,4.35,--,317,137895,买盘
1920,09:32:56,4.35,--,399,173565,卖盘
1921,09:32:51,4.35,-0.01,48,20880,卖盘
1922,09:32:41,4.36,--,175,76300,买盘
1923,09:32:36,4.36,--,13,5668,买盘
1924,09:32:31,4.36,--,20,8720,买盘
1925,09:32:26,4.36,--,510,222360,买盘
1926,09:32:21,4.36,--,5,2180,买盘
1927,09:32:11,4.36,--,93,40548,买盘
1928,09:32:01,4.36,--,290,126440,买盘
1929,09:31:56,4.36,--,137,59732,买盘
1930,09:31:51,4.36,--,831,362316,买盘
1931,09:31:46,4.36,--,31,13516,买盘
1932,09:31:41,4.36,--,2,872,买盘
1933,09:31:36,4.36,--,898,391528,买盘
1934,09:31:31,4.36,--,97,42292,买盘
1935,09:31:26,4.36,--,34,14824,买盘
1936,09:31:21,4.36,--,102,44472,买盘
1937,09:31:16,4.36,--,79,34444,买盘
1938,09:31:06,4.36,-0.01,58,25288,卖盘
1939,09:31:01,4.37,--,551,240787,买盘
1940,09:30:56,4.37,--,365,159505,买盘
1941,09:30:51,4.37,--,42,18354,买盘
1942,09:30:46,4.37,--,110,48070,买盘
1943,09:30:41,4.37,--,20,8740,买盘
1944,09:30:36,4.37,-0.01,12,5244,卖盘
1945,09:30:31,4.38,0.01,54,23652,买盘
1946,09:30:26,4.37,0.01,8,3496,买盘
1947,09:30:15,4.36,--,50,21800,卖盘
1948,09:30:06,4.36,0.01,1047,456492,买盘
1949,09:28:51,4.35,--,0,0,卖盘
1950,09:25:08,4.35,4.35,616,267960,买盘
