,time,price,change,volume,amount,type
0,15:00:00,9.81,--,0,0,卖盘
1,15:00:00,9.81,-0.01,0,0,卖盘
2,15:00:00,9.82,--,59,57938,买盘
3,14:59:57,9.82,--,280,274960,买盘
4,14:59:51,9.82,--,121,118822,买盘
5,14:59:46,9.82,--,2,1964,买盘
6,14:59:42,9.82,0.01,11,10802,买盘
7,14:59:36,9.81,-0.01,4,3924,卖盘
8,14:59:31,9.82,0.01,12,11784,买盘
9,14:59:27,9.81,--,59,57879,卖盘
10,14:59:21,9.81,0.01,23,22563,卖盘
11,14:59:12,9.8,-0.01,40,39200,卖盘
12,14:59:06,9.81,--,134,131454,买盘
13,14:59:01,9.81,0.01,128,125568,买盘
14,14:58:57,9.8,-0.01,42,41160,卖盘
15,14:58:51,9.81,--,13,12753,买盘
16,14:58:46,9.81,--,53,51993,买盘
17,14:58:42,9.81,-0.01,69,67689,中性盘
18,14:58:36,9.82,0.01,131,128642,买盘
19,14:58:31,9.81,--,133,130473,卖盘
20,14:58:26,9.81,--,65,63765,卖盘
21,14:58:21,9.81,--,117,114777,卖盘
22,14:58:16,9.81,0.01,287,281547,买盘
23,14:58:11,9.8,-0.01,112,109760,卖盘
24,14:58:06,9.81,--,58,56898,买盘
25,14:58:01,9.81,--,59,57879,买盘
26,14:57:56,9.81,--,170,166770,买盘
27,14:57:51,9.81,--,83,81423,买盘
28,14:57:46,9.81,--,107,104967,买盘
29,14:57:41,9.81,--,401,393381,卖盘
30,14:57:36,9.81,--,22,21582,卖盘
31,14:57:31,9.81,--,81,79461,卖盘
32,14:57:26,9.81,-0.01,27,26487,卖盘
33,14:57:21,9.82,0.01,30,29460,买盘
34,14:57:16,9.81,--,40,39240,卖盘
35,14:57:11,9.81,-0.01,42,41202,卖盘
36,14:57:06,9.82,--,29,28478,买盘
37,14:57:01,9.82,--,88,86416,买盘
38,14:56:56,9.82,0.01,12,11784,买盘
39,14:56:51,9.81,--,250,245250,卖盘
40,14:56:46,9.81,-0.01,14,13734,卖盘
41,14:56:41,9.82,0.01,41,40262,买盘
42,14:56:36,9.81,-0.01,52,51012,卖盘
43,14:56:31,9.82,--,33,32406,买盘
44,14:56:26,9.82,0.01,30,29460,买盘
45,14:56:21,9.81,-0.01,55,53955,卖盘
46,14:56:16,9.82,0.01,10,9820,买盘
47,14:56:11,9.81,-0.01,59,57879,卖盘
48,14:56:06,9.82,--,128,125696,买盘
49,14:55:51,9.82,--,268,263176,买盘
50,14:55:46,9.82,--,2,1964,买盘
51,14:55:41,9.82,0.01,446,437972,买盘
52,14:55:36,9.81,-0.01,34,33354,卖盘
53,14:55:31,9.82,0.01,45,44190,买盘
54,14:55:26,9.81,--,22,21582,卖盘
55,14:55:21,9.81,-0.01,55,53955,卖盘
56,14:55:16,9.82,0.01,201,197382,买盘
57,14:55:11,9.81,-0.01,36,35316,卖盘
58,14:55:06,9.82,--,31,30442,买盘
59,14:55:01,9.82,0.01,7,6874,买盘
60,14:54:56,9.81,-0.01,21,20601,卖盘
61,14:54:51,9.82,--,7,6874,卖盘
62,14:54:46,9.82,--,5,4910,卖盘
63,14:54:41,9.82,--,43,42226,买盘
64,14:54:36,9.82,-0.01,63,61866,买盘
65,14:54:21,9.83,0.01,22,22255,买盘
66,14:54:16,9.82,--,198,194436,卖盘
67,14:54:10,9.82,--,150,147300,卖盘
68,14:54:06,9.82,-0.01,315,309330,卖盘
69,14:54:00,9.83,0.01,5,4915,买盘
70,14:53:51,9.82,--,30,29460,卖盘
71,14:53:45,9.82,--,110,108020,卖盘
72,14:53:40,9.82,-0.01,27,26514,卖盘
73,14:53:36,9.83,0.01,3,2949,买盘
74,14:53:30,9.82,-0.01,43,42226,卖盘
75,14:53:21,9.83,0.01,6,5898,买盘
76,14:53:15,9.82,--,40,39280,卖盘
77,14:53:10,9.82,--,14,14239,卖盘
78,14:53:06,9.82,--,22,21604,卖盘
79,14:53:00,9.82,--,49,48118,卖盘
80,14:52:55,9.82,--,702,690208,买盘
81,14:52:51,9.82,0.01,6,5892,买盘
82,14:52:45,9.81,--,78,76518,卖盘
83,14:52:40,9.81,--,18,17658,卖盘
84,14:52:36,9.81,--,60,58860,卖盘
85,14:52:30,9.81,--,119,116739,卖盘
86,14:52:25,9.81,--,44,43164,卖盘
87,14:52:21,9.81,--,30,29430,卖盘
88,14:52:15,9.81,--,12,11772,卖盘
89,14:52:06,9.81,--,45,44145,卖盘
90,14:52:00,9.81,--,115,112815,卖盘
91,14:51:55,9.81,--,13,12753,卖盘
92,14:51:51,9.81,--,5,4905,卖盘
93,14:51:45,9.81,-0.01,3,2943,卖盘
94,14:51:40,9.82,--,28,27496,买盘
95,14:51:36,9.82,--,288,282816,买盘
96,14:51:30,9.82,--,12,11784,买盘
97,14:51:25,9.82,0.01,103,101146,买盘
98,14:51:21,9.81,-0.01,310,304110,卖盘
99,14:51:15,9.82,--,147,144354,买盘
100,14:51:06,9.82,--,14,13748,买盘
101,14:51:00,9.82,--,329,323215,卖盘
102,14:50:55,9.82,--,34,33388,卖盘
103,14:50:40,9.82,--,11,10802,卖盘
104,14:50:36,9.82,--,113,110966,卖盘
105,14:50:30,9.82,--,13,12766,卖盘
106,14:50:25,9.82,--,34,33388,卖盘
107,14:50:15,9.82,--,218,214076,卖盘
108,14:50:10,9.82,--,6,5892,卖盘
109,14:50:05,9.82,--,116,113912,卖盘
110,14:50:00,9.82,--,64,62848,卖盘
111,14:49:55,9.82,--,5,4910,卖盘
112,14:49:50,9.82,-0.01,34,33388,卖盘
113,14:49:45,9.83,0.01,12,11796,买盘
114,14:49:40,9.82,--,52,51064,卖盘
115,14:49:35,9.82,-0.01,121,118822,卖盘
116,14:49:30,9.83,0.01,8,7864,买盘
117,14:49:25,9.82,--,100,98200,卖盘
118,14:49:10,9.82,-0.01,150,147300,卖盘
119,14:49:05,9.83,--,10,9830,买盘
120,14:49:00,9.83,--,25,24575,买盘
121,14:48:55,9.83,--,15,14745,买盘
122,14:48:50,9.83,--,51,50133,买盘
123,14:48:45,9.83,--,2,1966,买盘
124,14:48:35,9.83,0.01,102,100266,买盘
125,14:48:30,9.82,--,62,60884,卖盘
126,14:48:25,9.82,--,6,5892,卖盘
127,14:48:05,9.82,-0.01,24,23568,卖盘
128,14:48:00,9.83,0.01,2,1966,买盘
129,14:47:55,9.82,--,10,9820,卖盘
130,14:47:45,9.82,-0.01,123,120786,卖盘
131,14:47:40,9.83,--,6,5898,买盘
132,14:47:35,9.83,--,230,226090,买盘
133,14:47:30,9.83,0.01,6,5898,买盘
134,14:47:00,9.82,-0.01,83,81506,卖盘
135,14:46:54,9.83,--,15,14745,买盘
136,14:46:45,9.83,0.01,4,3932,买盘
137,14:46:39,9.82,-0.01,30,29460,卖盘
138,14:46:24,9.83,0.01,46,45218,买盘
139,14:46:19,9.82,-0.01,30,29460,卖盘
140,14:46:09,9.83,0.01,41,40303,买盘
141,14:46:00,9.82,-0.01,20,19640,卖盘
142,14:45:39,9.83,0.01,103,101249,买盘
143,14:45:30,9.82,-0.01,30,29460,卖盘
144,14:45:24,9.83,0.01,43,42269,买盘
145,14:45:04,9.82,-0.01,20,19640,卖盘
146,14:45:00,9.83,--,23,22609,买盘
147,14:44:54,9.83,0.01,58,57014,买盘
148,14:44:49,9.82,-0.01,362,355484,卖盘
149,14:44:45,9.83,0.01,33,32439,买盘
150,14:44:34,9.82,-0.01,106,104936,卖盘
151,14:44:30,9.83,0.01,32,31456,买盘
152,14:44:19,9.82,-0.01,24,23568,卖盘
153,14:44:09,9.83,--,62,60946,买盘
154,14:44:00,9.83,--,2,1966,买盘
155,14:43:54,9.83,--,3,2949,买盘
156,14:43:49,9.83,0.01,10,9830,买盘
157,14:43:45,9.82,--,87,85434,卖盘
158,14:43:24,9.82,--,111,109002,卖盘
159,14:43:19,9.82,-0.01,12,11784,卖盘
160,14:43:15,9.83,0.01,299,293917,买盘
161,14:43:09,9.82,0.01,26,25532,买盘
162,14:43:00,9.81,-0.01,77,75537,卖盘
163,14:42:54,9.82,--,370,363340,买盘
164,14:42:49,9.82,0.01,30,29460,买盘
165,14:42:44,9.81,--,20,19620,卖盘
166,14:42:39,9.81,-0.01,41,40221,卖盘
167,14:42:34,9.82,0.01,38,37316,买盘
168,14:42:29,9.81,--,26,25506,卖盘
169,14:42:24,9.81,-0.01,37,36297,卖盘
170,14:42:19,9.82,0.01,5,4910,买盘
171,14:42:14,9.81,--,31,30411,卖盘
172,14:42:08,9.81,--,46,45126,卖盘
173,14:42:04,9.81,--,30,29430,卖盘
174,14:41:59,9.81,--,598,586638,卖盘
175,14:41:54,9.81,--,30,29430,卖盘
176,14:41:49,9.81,-0.01,10,9810,卖盘
177,14:41:44,9.82,0.01,20,19640,买盘
178,14:41:39,9.81,--,10,9810,卖盘
179,14:41:34,9.81,--,29,28449,卖盘
180,14:41:24,9.81,-0.01,8,7848,卖盘
181,14:41:19,9.82,0.01,10,9820,买盘
182,14:41:14,9.81,-0.01,5,4905,卖盘
183,14:41:09,9.82,0.01,135,132570,买盘
184,14:41:04,9.81,-0.01,5,4905,卖盘
185,14:40:59,9.82,0.01,40,39280,买盘
186,14:40:54,9.81,-0.01,186,182466,卖盘
187,14:40:39,9.82,--,51,50082,买盘
188,14:40:34,9.82,--,36,35352,买盘
189,14:40:24,9.82,--,51,50082,买盘
190,14:40:17,9.82,-0.01,206,202429,卖盘
191,14:40:14,9.83,0.01,5,4915,买盘
192,14:40:08,9.82,--,15,14730,卖盘
193,14:39:54,9.82,--,60,58920,卖盘
194,14:39:48,9.82,--,100,98200,卖盘
195,14:39:38,9.82,--,110,108864,卖盘
196,14:39:29,9.82,--,1,982,卖盘
197,14:39:24,9.82,-0.01,37,36334,卖盘
198,14:39:14,9.83,0.01,4,3932,买盘
199,14:39:09,9.82,--,144,141408,卖盘
200,14:38:54,9.82,-0.01,10,9820,卖盘
201,14:38:48,9.83,0.01,5,4915,买盘
202,14:38:39,9.82,--,42,41244,卖盘
203,14:38:33,9.82,-0.01,17,16694,卖盘
204,14:38:28,9.83,0.01,10,9830,买盘
205,14:38:23,9.82,--,50,49100,卖盘
206,14:38:08,9.82,--,20,19640,卖盘
207,14:37:58,9.82,-0.01,70,68740,卖盘
208,14:37:53,9.83,--,5,4915,买盘
209,14:37:48,9.83,--,6,5898,买盘
210,14:37:43,9.83,--,58,57014,买盘
211,14:37:39,9.83,0.01,10,9830,买盘
212,14:37:32,9.82,-0.01,15,14730,卖盘
213,14:37:18,9.83,--,20,19660,买盘
214,14:37:13,9.83,0.01,2,1966,买盘
215,14:37:08,9.82,--,4,3928,卖盘
216,14:37:03,9.82,-0.01,63,61866,卖盘
217,14:36:58,9.83,0.01,1,983,买盘
218,14:36:53,9.82,-0.01,50,49100,卖盘
219,14:36:47,9.83,--,100,98300,买盘
220,14:36:28,9.83,--,10,9830,买盘
221,14:36:18,9.83,--,42,41286,买盘
222,14:36:13,9.83,--,5,4915,买盘
223,14:35:53,9.83,--,25,24575,买盘
224,14:35:48,9.83,--,10,9830,买盘
225,14:35:43,9.83,--,30,29490,买盘
226,14:35:38,9.83,--,150,147450,买盘
227,14:35:23,9.83,0.01,59,57997,买盘
228,14:35:18,9.82,-0.01,36,35352,卖盘
229,14:35:13,9.83,--,2,1966,买盘
230,14:35:08,9.83,0.01,15,14745,买盘
231,14:35:03,9.82,-0.01,1,982,卖盘
232,14:34:58,9.83,--,182,178906,买盘
233,14:34:53,9.83,--,16,15728,买盘
234,14:34:48,9.83,--,7,6881,买盘
235,14:34:43,9.83,0.01,30,29490,买盘
236,14:34:38,9.82,-0.01,31,30442,卖盘
237,14:34:32,9.83,0.01,20,19660,买盘
238,14:34:28,9.82,-0.01,249,244518,卖盘
239,14:34:18,9.83,0.01,1,983,买盘
240,14:34:13,9.82,--,3,2946,卖盘
241,14:34:03,9.82,--,105,103110,卖盘
242,14:33:43,9.82,--,100,98200,卖盘
243,14:33:38,9.82,--,9,8838,卖盘
244,14:33:27,9.82,--,5,4910,卖盘
245,14:33:23,9.82,-0.01,5,4910,卖盘
246,14:33:12,9.83,0.01,29,28507,买盘
247,14:33:08,9.82,-0.01,10,9820,卖盘
248,14:33:02,9.83,--,1,983,买盘
249,14:32:53,9.83,0.01,7,6881,买盘
250,14:32:48,9.82,--,11,10802,卖盘
251,14:32:38,9.82,--,166,163012,卖盘
252,14:32:33,9.82,--,10,9820,卖盘
253,14:32:23,9.82,--,15,14730,卖盘
254,14:32:18,9.82,-0.01,3,2946,卖盘
255,14:32:12,9.83,0.01,10,9830,买盘
256,14:32:03,9.82,--,27,26514,卖盘
257,14:31:57,9.82,--,6,5892,卖盘
258,14:31:53,9.82,--,21,20622,卖盘
259,14:31:48,9.82,--,6,5892,卖盘
260,14:31:42,9.82,-0.01,7,6874,卖盘
261,14:31:38,9.83,0.01,5,4915,买盘
262,14:31:32,9.82,--,350,343700,卖盘
263,14:31:22,9.82,--,20,19640,卖盘
264,14:31:18,9.82,-0.01,20,19640,卖盘
265,14:30:57,9.83,--,17,16711,买盘
266,14:30:47,9.83,0.01,50,49150,买盘
267,14:30:42,9.82,--,127,124714,卖盘
268,14:30:37,9.82,-0.01,3,2946,卖盘
269,14:30:27,9.83,0.01,2,1966,买盘
270,14:30:17,9.82,-0.01,5,4910,卖盘
271,14:30:12,9.83,--,13,12779,买盘
272,14:30:07,9.83,--,7,6881,卖盘
273,14:29:56,9.83,--,3,2949,买盘
274,14:29:52,9.83,--,7,6881,卖盘
275,14:29:47,9.83,--,10,9830,卖盘
276,14:29:42,9.83,--,3,2949,卖盘
277,14:29:37,9.83,--,32,31456,卖盘
278,14:29:32,9.83,--,10,9830,卖盘
279,14:29:26,9.83,--,10,9830,卖盘
280,14:29:22,9.83,--,2,1966,卖盘
281,14:28:52,9.83,--,1,983,卖盘
282,14:28:41,9.83,--,32,31456,卖盘
283,14:28:37,9.83,-0.01,12,11796,卖盘
284,14:28:32,9.84,--,24,23616,买盘
285,14:28:27,9.84,0.01,100,98400,买盘
286,14:28:22,9.83,--,20,19660,卖盘
287,14:28:17,9.83,-0.01,22,21626,卖盘
288,14:28:12,9.84,0.01,5,4920,买盘
289,14:28:07,9.83,--,5,4915,卖盘
290,14:28:02,9.83,--,16,15728,卖盘
291,14:27:56,9.83,-0.01,2,1966,卖盘
292,14:27:52,9.84,0.01,10,9840,买盘
293,14:27:47,9.83,--,24,23592,卖盘
294,14:27:37,9.83,--,8,7864,卖盘
295,14:27:12,9.83,--,271,266393,买盘
296,14:27:02,9.83,--,21,20643,买盘
297,14:26:57,9.83,--,12,11796,买盘
298,14:26:42,9.83,--,56,55048,买盘
299,14:26:31,9.83,--,29,28507,买盘
300,14:26:21,9.83,--,22,21626,买盘
301,14:26:17,9.83,-0.01,93,91419,卖盘
302,14:26:02,9.84,--,3,2952,买盘
303,14:25:47,9.84,--,21,20664,卖盘
304,14:25:42,9.84,--,1,984,卖盘
305,14:25:36,9.84,-0.01,10,9840,卖盘
306,14:25:31,9.85,0.01,2,1970,买盘
307,14:25:26,9.84,-0.01,50,49200,卖盘
308,14:25:17,9.85,0.01,17,16745,买盘
309,14:25:11,9.84,--,4,3936,买盘
310,14:25:05,9.84,-0.01,26,25584,卖盘
311,14:24:56,9.85,0.01,23,22655,买盘
312,14:24:50,9.84,-0.01,15,14760,卖盘
313,14:24:35,9.85,0.03,18,17730,买盘
314,14:24:32,9.82,-0.03,198,194436,卖盘
315,14:24:27,9.85,--,29,28565,买盘
316,14:24:17,9.85,--,7,6895,买盘
317,14:24:01,9.85,0.01,4,3940,买盘
318,14:23:56,9.84,-0.01,3,2952,卖盘
319,14:23:50,9.85,0.02,5,4925,买盘
320,14:23:47,9.83,--,0,0,卖盘
321,14:23:41,9.83,--,137,134671,卖盘
322,14:23:31,9.83,--,10,9830,卖盘
323,14:23:16,9.83,--,6,5898,卖盘
324,14:23:05,9.83,-0.01,30,29490,卖盘
325,14:23:02,9.84,0.01,4,3936,买盘
326,14:22:56,9.83,--,2,1966,卖盘
327,14:22:46,9.83,--,10,9830,卖盘
328,14:22:41,9.83,--,111,109113,买盘
329,14:22:31,9.83,--,44,43252,买盘
330,14:22:26,9.83,--,2,1966,买盘
331,14:22:11,9.83,--,60,58980,买盘
332,14:22:05,9.83,0.01,50,49150,买盘
333,14:22:01,9.82,--,10,9820,卖盘
334,14:21:56,9.82,-0.01,17,16694,卖盘
335,14:21:50,9.83,--,3,2949,买盘
336,14:21:46,9.83,0.01,10,9830,买盘
337,14:21:35,9.82,-0.01,10,9820,卖盘
338,14:21:31,9.83,0.01,1,983,买盘
339,14:21:26,9.82,-0.01,68,66776,卖盘
340,14:21:20,9.83,0.01,40,39320,买盘
341,14:21:11,9.82,-0.01,36,35352,卖盘
342,14:21:01,9.83,--,23,22609,买盘
343,14:20:50,9.83,0.01,10,9830,买盘
344,14:20:46,9.82,--,12,11784,卖盘
345,14:20:41,9.82,-0.01,5,4910,卖盘
346,14:20:35,9.83,0.01,1,983,买盘
347,14:20:30,9.82,-0.01,40,39280,卖盘
348,14:20:20,9.83,0.01,222,218226,买盘
349,14:20:16,9.82,--,241,236662,买盘
350,14:20:11,9.82,--,21,20622,中性盘
351,14:20:05,9.82,0.01,10,9820,卖盘
352,14:19:56,9.81,--,13,12753,卖盘
353,14:19:50,9.81,--,26,25506,卖盘
354,14:19:35,9.81,-0.02,5,4905,卖盘
355,14:19:26,9.83,0.02,1,983,买盘
356,14:19:20,9.81,--,24,23544,卖盘
357,14:19:14,9.81,-0.01,9,8829,卖盘
358,14:19:11,9.82,0.01,69,67758,买盘
359,14:18:59,9.81,--,3,2943,卖盘
360,14:18:56,9.81,--,67,65727,卖盘
361,14:18:50,9.81,--,66,64746,卖盘
362,14:18:41,9.81,--,155,152055,卖盘
363,14:18:35,9.81,-0.01,154,151074,卖盘
364,14:18:29,9.82,0.01,5,4910,买盘
365,14:18:26,9.81,-0.01,74,72594,卖盘
366,14:18:20,9.82,0.01,77,75614,买盘
367,14:18:10,9.81,--,82,80442,卖盘
368,14:18:05,9.81,-0.02,73,71613,卖盘
369,14:17:55,9.83,0.01,20,19660,买盘
370,14:17:50,9.82,--,84,82488,卖盘
371,14:17:40,9.82,--,82,80524,卖盘
372,14:17:35,9.82,-0.01,10,9820,中性盘
373,14:17:29,9.83,0.01,91,89453,买盘
374,14:17:26,9.82,0.01,7,6874,卖盘
375,14:17:20,9.81,-0.01,95,93195,卖盘
376,14:17:11,9.82,0.01,107,105074,买盘
377,14:17:05,9.81,--,29,28449,卖盘
378,14:16:56,9.81,--,71,69651,卖盘
379,14:16:50,9.81,--,35,34335,卖盘
380,14:16:44,9.81,-0.01,64,62784,卖盘
381,14:16:40,9.82,0.01,29,28478,买盘
382,14:16:35,9.81,-0.01,62,60822,卖盘
383,14:16:29,9.82,--,5,4910,卖盘
384,14:16:26,9.82,--,120,117840,卖盘
385,14:16:11,9.82,-0.01,85,83470,卖盘
386,14:16:05,9.83,--,106,104198,买盘
387,14:15:55,9.83,0.01,200,196600,买盘
388,14:15:50,9.82,--,166,163012,卖盘
389,14:15:44,9.82,--,70,68740,卖盘
390,14:15:40,9.82,--,168,164976,卖盘
391,14:15:35,9.82,-0.01,5,4910,卖盘
392,14:15:29,9.83,0.01,131,128773,买盘
393,14:15:25,9.82,--,40,39280,卖盘
394,14:15:20,9.82,-0.01,92,90344,中性盘
395,14:15:10,9.83,0.02,10,9830,买盘
396,14:15:05,9.81,-0.02,91,89271,卖盘
397,14:14:59,9.83,0.02,10,9830,买盘
398,14:14:55,9.81,--,163,159903,卖盘
399,14:14:44,9.81,-0.01,101,99081,卖盘
400,14:14:40,9.82,-0.01,9,8838,中性盘
401,14:14:35,9.83,0.01,77,75691,买盘
402,14:14:29,9.82,--,29,28478,卖盘
403,14:14:25,9.82,-0.01,85,83470,卖盘
404,14:14:20,9.83,--,1,983,买盘
405,14:14:14,9.83,0.01,116,114028,买盘
406,14:14:05,9.82,--,7,6874,卖盘
407,14:13:59,9.82,-0.01,118,115876,卖盘
408,14:13:50,9.83,0.01,257,252631,买盘
409,14:13:44,9.82,--,6,5892,中性盘
410,14:13:40,9.82,--,99,97218,卖盘
411,14:13:35,9.82,--,138,135516,卖盘
412,14:13:29,9.82,--,76,74632,卖盘
413,14:13:25,9.82,--,50,49100,卖盘
414,14:13:20,9.82,--,70,68740,卖盘
415,14:13:10,9.82,--,36,35352,卖盘
416,14:13:05,9.82,--,101,99182,卖盘
417,14:12:55,9.82,-0.01,93,91326,卖盘
418,14:12:50,9.83,0.01,5,4915,买盘
419,14:12:44,9.82,--,130,127660,卖盘
420,14:12:38,9.82,-0.01,10,9820,卖盘
421,14:12:35,9.83,0.01,156,153348,买盘
422,14:12:20,9.82,--,86,84452,卖盘
423,14:12:08,9.82,-0.01,93,91326,卖盘
424,14:12:05,9.83,--,3,2949,卖盘
425,14:11:59,9.83,--,88,86504,卖盘
426,14:11:53,9.83,0.01,9,8847,买盘
427,14:11:50,9.82,-0.01,76,74632,卖盘
428,14:11:44,9.83,--,6,5898,买盘
429,14:11:38,9.83,0.01,435,427605,买盘
430,14:11:35,9.82,-0.01,238,233716,卖盘
431,14:11:29,9.83,--,73,71759,卖盘
432,14:11:20,9.83,--,74,72742,买盘
433,14:11:14,9.83,--,84,82572,买盘
434,14:11:05,9.83,--,172,169076,买盘
435,14:10:59,9.83,--,246,241818,卖盘
436,14:10:53,9.83,-0.01,76,74708,卖盘
437,14:10:50,9.84,--,1,984,买盘
438,14:10:44,9.84,0.01,114,112176,买盘
439,14:10:34,9.83,--,2,1966,卖盘
440,14:10:29,9.83,--,238,233954,卖盘
441,14:10:23,9.83,-0.01,27,26541,卖盘
442,14:10:19,9.84,0.01,109,107256,买盘
443,14:10:08,9.83,--,86,84538,卖盘
444,14:10:04,9.83,--,80,78640,卖盘
445,14:09:59,9.83,--,62,60946,卖盘
446,14:09:49,9.83,-0.01,62,60946,卖盘
447,14:09:44,9.84,--,12,11808,卖盘
448,14:09:38,9.84,--,5,4920,卖盘
449,14:09:34,9.84,-0.01,83,81672,卖盘
450,14:09:29,9.85,0.01,15,14775,买盘
451,14:09:23,9.84,--,134,131856,卖盘
452,14:09:14,9.84,--,121,119064,卖盘
453,14:09:08,9.84,--,104,102336,卖盘
454,14:09:04,9.84,-0.01,62,61008,卖盘
455,14:08:59,9.85,0.01,5,4925,买盘
456,14:08:53,9.84,--,70,68880,卖盘
457,14:08:49,9.84,--,32,31488,卖盘
458,14:08:44,9.84,-0.01,73,71832,卖盘
459,14:08:34,9.85,0.01,87,85695,买盘
460,14:08:29,9.84,-0.01,69,67896,卖盘
461,14:08:23,9.85,0.01,60,59100,买盘
462,14:08:19,9.84,-0.01,104,102336,卖盘
463,14:08:14,9.85,0.01,47,46295,买盘
464,14:08:08,9.84,--,83,81672,卖盘
465,14:07:59,9.84,--,68,66912,卖盘
466,14:07:53,9.84,--,18,17712,卖盘
467,14:07:49,9.84,--,27,26568,卖盘
468,14:07:44,9.84,--,72,70848,卖盘
469,14:07:34,9.84,--,119,117096,卖盘
470,14:07:23,9.84,-0.02,62,61008,卖盘
471,14:07:19,9.86,--,0,0,买盘
472,14:07:14,9.86,0.01,79,77894,买盘
473,14:07:08,9.85,--,2,1970,卖盘
474,14:07:04,9.85,--,72,70920,卖盘
475,14:06:53,9.85,--,71,69935,卖盘
476,14:06:49,9.85,--,100,98500,卖盘
477,14:06:38,9.85,--,67,65995,卖盘
478,14:06:29,9.85,--,92,90620,卖盘
479,14:06:23,9.85,--,5,4925,卖盘
480,14:06:19,9.85,-0.01,74,72890,卖盘
481,14:06:14,9.86,--,30,29580,买盘
482,14:06:08,9.86,--,90,88740,买盘
483,14:06:02,9.86,-0.01,378,372708,卖盘
484,14:05:59,9.87,0.01,130,128309,买盘
485,14:05:44,9.86,--,63,62118,卖盘
486,14:05:38,9.86,--,78,76908,卖盘
487,14:05:29,9.86,--,8,7888,卖盘
488,14:05:23,9.86,--,83,81838,卖盘
489,14:05:14,9.86,--,73,71978,卖盘
490,14:05:02,9.86,--,82,80852,卖盘
491,14:04:59,9.86,-0.01,116,114376,卖盘
492,14:04:53,9.87,0.01,78,76986,买盘
493,14:04:44,9.86,0.01,91,89726,买盘
494,14:04:38,9.85,--,142,139870,卖盘
495,14:04:29,9.85,--,63,62055,卖盘
496,14:04:23,9.85,-0.01,8,7880,卖盘
497,14:04:17,9.86,--,149,146914,卖盘
498,14:04:14,9.86,--,0,0,中性盘
499,14:04:08,9.86,--,74,72964,卖盘
500,14:04:02,9.86,--,96,94656,买盘
501,14:03:59,9.86,0.01,3,2958,买盘
502,14:03:53,9.85,-0.01,170,167450,卖盘
503,14:03:47,9.86,--,10,9860,买盘
504,14:03:43,9.86,0.01,72,70992,买盘
505,14:03:32,9.85,--,72,70920,卖盘
506,14:03:23,9.85,-0.02,64,63040,卖盘
507,14:03:17,9.87,--,0,0,买盘
508,14:03:13,9.87,0.02,67,66129,买盘
509,14:03:02,9.85,--,0,0,卖盘
510,14:02:58,9.85,-0.02,73,71905,卖盘
511,14:02:53,9.87,0.02,5,4935,买盘
512,14:02:47,9.85,-0.01,70,68950,卖盘
513,14:02:43,9.86,--,110,108460,卖盘
514,14:02:38,9.86,--,115,113390,卖盘
515,14:02:32,9.86,--,1,986,卖盘
516,14:02:28,9.86,-0.01,62,61132,卖盘
517,14:02:23,9.87,0.01,10,9870,买盘
518,14:02:17,9.86,--,25,24650,卖盘
519,14:02:13,9.86,--,93,91698,卖盘
520,14:02:08,9.86,--,66,65075,卖盘
521,14:02:02,9.86,--,12,11832,卖盘
522,14:01:58,9.86,--,15,14790,卖盘
523,14:01:53,9.86,-0.01,72,70992,卖盘
524,14:01:43,9.87,0.01,69,68103,买盘
525,14:01:32,9.86,-0.01,71,70006,卖盘
526,14:01:28,9.87,0.01,300,296100,买盘
527,14:01:23,9.86,--,201,198186,卖盘
528,14:00:53,9.86,--,8,7888,卖盘
529,14:00:43,9.86,-0.01,1,986,卖盘
530,14:00:32,9.87,--,1,986,买盘
531,14:00:08,9.87,0.02,64,63167,买盘
532,14:00:02,9.85,-0.01,190,187150,卖盘
533,13:59:56,9.86,--,20,19720,买盘
534,13:59:53,9.86,--,10,9860,买盘
535,13:59:47,9.86,--,22,21692,买盘
536,13:59:32,9.86,--,12,11832,买盘
537,13:59:26,9.86,--,100,98600,买盘
538,13:59:23,9.86,0.01,53,52258,买盘
539,13:59:17,9.85,-0.01,138,135930,卖盘
540,13:59:11,9.86,--,5,4930,买盘
541,13:59:08,9.86,--,7,6902,买盘
542,13:59:02,9.86,--,45,44370,买盘
543,13:58:47,9.86,--,27,26622,买盘
544,13:58:41,9.86,--,108,106488,买盘
545,13:58:38,9.86,--,7,6902,买盘
546,13:58:32,9.86,--,31,30566,买盘
547,13:58:23,9.86,0.01,1,986,买盘
548,13:58:17,9.85,--,22,21670,卖盘
549,13:58:11,9.85,--,3,2955,卖盘
550,13:58:08,9.85,--,22,21670,卖盘
551,13:58:02,9.85,--,78,76830,卖盘
552,13:57:56,9.85,--,221,217685,卖盘
553,13:57:53,9.85,--,43,42355,卖盘
554,13:57:47,9.85,-0.01,30,29550,卖盘
555,13:57:38,9.86,--,8,7888,买盘
556,13:57:32,9.86,--,6,5916,买盘
557,13:57:26,9.86,--,10,9860,买盘
558,13:57:23,9.86,--,35,34510,买盘
559,13:57:17,9.86,--,53,52258,买盘
560,13:57:08,9.86,--,5,4930,买盘
561,13:56:47,9.86,0.01,3,2958,买盘
562,13:56:32,9.85,-0.01,1,985,卖盘
563,13:56:26,9.86,--,10,9860,买盘
564,13:56:22,9.86,0.01,68,67048,买盘
565,13:56:11,9.85,-0.01,90,88650,卖盘
566,13:56:07,9.86,--,10,9860,买盘
567,13:56:02,9.86,--,49,48314,卖盘
568,13:55:52,9.86,--,80,78880,卖盘
569,13:55:47,9.86,-0.01,10,9860,卖盘
570,13:55:37,9.87,0.01,10,9870,买盘
571,13:55:32,9.86,--,21,20706,卖盘
572,13:55:26,9.86,--,10,9860,卖盘
573,13:55:22,9.86,-0.01,11,10846,卖盘
574,13:55:17,9.87,--,25,24674,买盘
575,13:55:07,9.87,--,16,15791,买盘
576,13:55:02,9.87,0.01,5,4935,买盘
577,13:54:56,9.86,--,41,40426,卖盘
578,13:54:52,9.86,--,20,19720,卖盘
579,13:54:37,9.86,--,15,14790,卖盘
580,13:54:22,9.86,-0.01,131,129165,卖盘
581,13:54:17,9.87,0.01,20,19740,买盘
582,13:54:02,9.86,-0.01,3,2958,卖盘
583,13:53:52,9.87,0.01,74,73038,买盘
584,13:53:47,9.86,-0.01,5,4930,卖盘
585,13:53:36,9.87,0.01,28,27635,买盘
586,13:53:32,9.86,--,20,19720,卖盘
587,13:53:22,9.86,--,12,11832,卖盘
588,13:53:17,9.86,--,5,4930,卖盘
589,13:53:11,9.86,--,8,7888,卖盘
590,13:52:50,9.86,--,30,29580,卖盘
591,13:52:47,9.86,--,12,11832,卖盘
592,13:52:20,9.86,--,19,18734,卖盘
593,13:52:17,9.86,--,25,24650,卖盘
594,13:52:05,9.86,--,10,9860,卖盘
595,13:52:02,9.86,--,82,80852,买盘
596,13:51:56,9.86,--,22,21692,买盘
597,13:51:50,9.86,--,10,9860,买盘
598,13:51:47,9.86,--,3,2958,买盘
599,13:51:35,9.86,--,5,4930,买盘
600,13:51:31,9.86,0.01,20,19720,买盘
601,13:51:26,9.85,--,5,4925,卖盘
602,13:51:19,9.85,--,3,2955,卖盘
603,13:51:16,9.85,--,9,8865,卖盘
604,13:51:05,9.85,--,9,8865,卖盘
605,13:50:56,9.85,--,10,9850,卖盘
606,13:50:46,9.85,--,10,9850,卖盘
607,13:50:35,9.85,--,9,8865,卖盘
608,13:50:32,9.85,--,12,11820,卖盘
609,13:50:26,9.85,--,10,9850,卖盘
610,13:50:20,9.85,--,9,8865,卖盘
611,13:50:17,9.85,-0.02,9,8865,卖盘
612,13:50:11,9.87,0.02,9,8883,买盘
613,13:50:01,9.85,--,42,41370,卖盘
614,13:49:56,9.85,--,18,17730,卖盘
615,13:49:50,9.85,--,150,147750,卖盘
616,13:49:46,9.85,--,200,197000,卖盘
617,13:49:41,9.85,--,14,13790,卖盘
618,13:49:25,9.85,--,19,18715,卖盘
619,13:49:16,9.85,--,10,9850,卖盘
620,13:49:10,9.85,--,17,16745,卖盘
621,13:49:05,9.85,-0.01,10,9850,卖盘
622,13:49:01,9.86,-0.01,27,26622,卖盘
623,13:48:56,9.87,0.01,12,11843,买盘
624,13:48:46,9.86,--,17,16762,卖盘
625,13:48:41,9.86,--,10,9860,卖盘
626,13:48:31,9.86,--,9,8874,卖盘
627,13:48:20,9.86,--,10,9860,卖盘
628,13:48:11,9.86,-0.01,14,13804,卖盘
629,13:48:05,9.87,--,4,3947,买盘
630,13:48:01,9.87,0.01,24,23687,买盘
631,13:47:46,9.86,--,30,29580,卖盘
632,13:47:41,9.86,-0.01,26,25636,卖盘
633,13:47:35,9.87,0.01,3,2960,买盘
634,13:47:26,9.86,-0.01,22,21692,卖盘
635,13:47:20,9.87,--,25,24674,买盘
636,13:47:16,9.87,0.02,15,14804,买盘
637,13:47:05,9.85,--,0,0,卖盘
638,13:47:01,9.85,-0.01,198,195030,卖盘
639,13:46:56,9.86,--,124,122264,买盘
640,13:46:45,9.86,--,49,48314,卖盘
641,13:46:41,9.86,--,35,34510,卖盘
642,13:46:35,9.86,0.01,3,2958,中性盘
643,13:46:30,9.85,-0.02,9,8865,卖盘
644,13:46:26,9.87,0.01,14,13817,买盘
645,13:46:20,9.86,--,10,9860,卖盘
646,13:46:11,9.86,-0.01,19,18734,卖盘
647,13:45:56,9.87,0.01,175,172725,买盘
648,13:45:50,9.86,--,22,21692,卖盘
649,13:45:43,9.86,-0.01,20,19720,卖盘
650,13:45:41,9.87,0.01,12,11843,买盘
651,13:45:35,9.86,-0.01,10,9860,卖盘
652,13:45:29,9.87,0.02,5,4935,买盘
653,13:45:25,9.85,--,13,12805,卖盘
654,13:45:14,9.85,-0.02,8,7880,卖盘
655,13:45:10,9.87,0.01,24,23687,买盘
656,13:45:04,9.86,-0.01,15,14790,卖盘
657,13:44:55,9.87,0.01,9,8883,买盘
658,13:44:50,9.86,-0.01,33,32537,卖盘
659,13:44:43,9.87,0.01,9,8883,买盘
660,13:44:40,9.86,-0.01,29,28594,卖盘
661,13:44:35,9.87,0.01,11,10857,买盘
662,13:44:29,9.86,--,10,9860,卖盘
663,13:44:25,9.86,-0.01,24,23664,卖盘
664,13:44:20,9.87,0.02,72,71064,买盘
665,13:44:10,9.85,--,9,8865,卖盘
666,13:44:04,9.85,--,39,38415,卖盘
667,13:43:55,9.85,--,9,8865,卖盘
668,13:43:50,9.85,-0.01,11,10835,卖盘
669,13:43:40,9.86,0.01,11,10846,买盘
670,13:43:35,9.85,--,19,18715,卖盘
671,13:43:25,9.85,-0.01,10,9850,卖盘
672,13:43:20,9.86,0.01,15,14790,买盘
673,13:43:14,9.85,--,112,110320,卖盘
674,13:43:10,9.85,-0.01,509,501365,卖盘
675,13:43:05,9.86,0.01,5,4930,买盘
676,13:42:59,9.85,--,20,19700,卖盘
677,13:42:55,9.85,--,15,14775,卖盘
678,13:42:50,9.85,--,40,39400,卖盘
679,13:42:44,9.85,--,3,2955,卖盘
680,13:42:40,9.85,--,14,13790,卖盘
681,13:42:35,9.85,-0.01,5,4925,卖盘
682,13:42:29,9.86,0.01,8,7888,买盘
683,13:42:25,9.85,-0.01,10,9850,卖盘
684,13:42:20,9.86,0.01,34,33524,买盘
685,13:42:13,9.85,-0.01,10,9850,卖盘
686,13:42:10,9.86,0.01,69,68034,买盘
687,13:42:05,9.85,--,68,66980,卖盘
688,13:41:55,9.85,--,11,10835,卖盘
689,13:41:50,9.85,--,20,19700,卖盘
690,13:41:44,9.85,-0.01,112,110320,卖盘
691,13:41:35,9.86,0.01,80,78880,买盘
692,13:41:25,9.85,-0.01,65,64025,卖盘
693,13:41:19,9.86,0.01,4,3944,买盘
694,13:41:14,9.85,--,5,4925,卖盘
695,13:41:10,9.85,--,160,157600,卖盘
696,13:41:05,9.85,--,5,4925,卖盘
697,13:40:59,9.85,--,9,8865,卖盘
698,13:40:55,9.85,--,29,28565,卖盘
699,13:40:50,9.85,--,124,122140,卖盘
700,13:40:44,9.85,--,41,40385,卖盘
701,13:40:40,9.85,--,10,9850,卖盘
702,13:40:35,9.85,--,31,30535,卖盘
703,13:40:25,9.85,--,41,40385,卖盘
704,13:40:20,9.85,--,33,32505,卖盘
705,13:40:14,9.85,-0.01,10,9850,卖盘
706,13:40:10,9.86,0.01,10,9860,买盘
707,13:40:04,9.85,-0.01,16,15760,卖盘
708,13:39:58,9.86,0.01,21,20706,买盘
709,13:39:55,9.85,--,33,32505,卖盘
710,13:39:49,9.85,-0.01,7,6895,卖盘
711,13:39:40,9.86,0.01,12,11832,买盘
712,13:39:34,9.85,-0.01,21,20685,卖盘
713,13:39:29,9.86,--,1,986,卖盘
714,13:39:25,9.86,--,58,57188,买盘
715,13:39:19,9.86,--,2,1972,买盘
716,13:39:13,9.86,0.01,12,11832,买盘
717,13:39:07,9.85,--,8,7880,卖盘
718,13:39:04,9.85,-0.01,18,17730,卖盘
719,13:38:59,9.86,--,73,71978,卖盘
720,13:38:52,9.86,--,11,10846,卖盘
721,13:38:50,9.86,--,226,222836,卖盘
722,13:38:44,9.86,--,148,145928,卖盘
723,13:38:37,9.86,--,29,28594,卖盘
724,13:38:34,9.86,--,10,9860,卖盘
725,13:38:28,9.86,-0.01,25,24650,卖盘
726,13:38:22,9.87,0.01,18,17766,买盘
727,13:38:19,9.86,-0.01,17,16762,卖盘
728,13:38:14,9.87,0.01,34,33558,买盘
729,13:38:04,9.86,--,9,8874,卖盘
730,13:37:59,9.86,-0.01,3,2958,卖盘
731,13:37:53,9.87,--,25,24674,买盘
732,13:37:43,9.87,0.01,14,13817,买盘
733,13:37:37,9.86,--,26,25636,卖盘
734,13:37:34,9.86,--,120,118320,卖盘
735,13:37:19,9.86,-0.01,10,9860,卖盘
736,13:37:13,9.87,0.01,4,3947,买盘
737,13:37:08,9.86,-0.01,19,18734,卖盘
738,13:36:58,9.87,0.01,17,16779,买盘
739,13:36:49,9.86,-0.01,19,18734,卖盘
740,13:36:44,9.87,0.01,17,16779,买盘
741,13:36:34,9.86,--,10,9860,卖盘
742,13:36:28,9.86,--,11,10846,卖盘
743,13:36:22,9.86,-0.01,10,9860,卖盘
744,13:36:19,9.87,0.01,155,152985,买盘
745,13:36:13,9.86,--,304,299744,卖盘
746,13:36:07,9.86,--,5,4930,卖盘
747,13:36:04,9.86,--,122,120292,卖盘
748,13:35:49,9.86,--,20,19720,卖盘
749,13:35:43,9.86,--,10,9860,卖盘
750,13:35:38,9.86,-0.01,10,9860,卖盘
751,13:35:34,9.87,0.01,14,13817,买盘
752,13:35:28,9.86,--,119,117334,卖盘
753,13:35:22,9.86,-0.01,8,7888,卖盘
754,13:35:19,9.87,--,49,48362,买盘
755,13:35:13,9.87,0.01,4,3947,买盘
756,13:35:07,9.86,--,40,39440,卖盘
757,13:35:04,9.86,0.01,8,7888,中性盘
758,13:34:58,9.85,-0.01,22,21670,卖盘
759,13:34:53,9.86,0.01,10,9860,买盘
760,13:34:49,9.85,--,10,9850,卖盘
761,13:34:43,9.85,-0.01,106,104410,卖盘
762,13:34:37,9.86,--,10,9860,卖盘
763,13:34:34,9.86,--,9,8874,卖盘
764,13:34:28,9.86,--,67,66131,买盘
765,13:34:23,9.86,0.01,83,81838,买盘
766,13:34:19,9.85,--,40,39400,卖盘
767,13:34:14,9.85,-0.01,12,11820,卖盘
768,13:34:07,9.86,--,5,4930,买盘
769,13:34:04,9.86,--,126,125152,卖盘
770,13:33:49,9.86,--,9,8874,卖盘
771,13:33:43,9.86,--,0,0,卖盘
772,13:33:37,9.86,-0.01,45,44370,卖盘
773,13:33:34,9.87,0.01,7,6908,买盘
774,13:33:28,9.86,--,156,153816,卖盘
775,13:33:22,9.86,--,0,0,卖盘
776,13:33:19,9.86,-0.02,10,9860,卖盘
777,13:33:13,9.88,--,2,1976,买盘
778,13:33:07,9.88,0.02,52,51376,买盘
779,13:33:04,9.86,-0.01,19,18734,卖盘
780,13:32:58,9.87,0.01,18,17766,卖盘
781,13:32:52,9.86,--,0,0,卖盘
782,13:32:43,9.86,--,110,108460,卖盘
783,13:32:33,9.86,-0.02,13,12818,卖盘
784,13:32:29,9.88,0.02,1,988,买盘
785,13:32:22,9.86,-0.02,10,9860,卖盘
786,13:32:19,9.88,0.02,6,5928,买盘
787,13:32:13,9.86,-0.02,41,40426,卖盘
788,13:32:07,9.88,0.02,4,3952,买盘
789,13:31:58,9.86,--,230,226780,卖盘
790,13:31:53,9.86,-0.01,9,8874,卖盘
791,13:31:43,9.87,0.01,254,250697,买盘
792,13:31:37,9.86,-0.01,10,9860,卖盘
793,13:31:32,9.87,0.01,10,9870,买盘
794,13:31:28,9.86,-0.01,52,51272,卖盘
795,13:31:16,9.87,0.01,19,18753,买盘
796,13:31:13,9.86,-0.01,300,295800,卖盘
797,13:31:07,9.87,0.01,14,13817,买盘
798,13:30:58,9.86,--,21,20706,卖盘
799,13:30:52,9.86,--,12,11832,卖盘
800,13:30:43,9.86,-0.01,10,9860,卖盘
801,13:30:37,9.87,--,19,18753,买盘
802,13:30:28,9.87,--,5,4935,买盘
803,13:30:22,9.87,0.01,29,28622,买盘
804,13:30:13,9.86,-0.01,9,8874,卖盘
805,13:30:07,9.87,0.01,4,3947,买盘
806,13:29:58,9.86,--,19,18734,卖盘
807,13:29:46,9.86,-0.01,15,14790,卖盘
808,13:29:43,9.87,0.01,29,28622,买盘
809,13:29:37,9.86,--,9,8874,卖盘
810,13:29:28,9.86,-0.01,56,55216,卖盘
811,13:29:13,9.87,--,9,8883,卖盘
812,13:29:07,9.87,--,13,12830,卖盘
813,13:29:01,9.87,--,3,2960,卖盘
814,13:28:52,9.87,--,9,8883,卖盘
815,13:28:43,9.87,-0.01,34,33558,卖盘
816,13:28:37,9.88,--,30,29640,买盘
817,13:28:31,9.88,0.01,20,19760,买盘
818,13:28:27,9.87,--,200,197399,卖盘
819,13:28:22,9.87,-0.01,10,9870,卖盘
820,13:28:12,9.88,-0.01,51,50388,卖盘
821,13:28:01,9.89,0.02,26,25714,买盘
822,13:27:57,9.87,-0.01,32,31583,卖盘
823,13:27:52,9.88,--,3,2964,卖盘
824,13:27:46,9.88,--,9,8892,中性盘
825,13:27:43,9.88,0.01,12,11856,买盘
826,13:27:37,9.87,-0.01,11,10857,卖盘
827,13:27:31,9.88,--,19,18772,卖盘
828,13:27:28,9.88,--,10,9880,卖盘
829,13:27:22,9.88,--,110,108680,卖盘
830,13:27:16,9.88,--,15,14820,卖盘
831,13:27:13,9.88,--,20,19760,卖盘
832,13:27:07,9.88,-0.01,102,100776,卖盘
833,13:27:01,9.89,0.01,24,23736,买盘
834,13:26:58,9.88,--,5,4940,卖盘
835,13:26:52,9.88,-0.01,25,24700,卖盘
836,13:26:46,9.89,0.01,86,85054,买盘
837,13:26:42,9.88,-0.01,5,4940,卖盘
838,13:26:37,9.89,0.01,10,9890,买盘
839,13:26:31,9.88,-0.01,3,2964,卖盘
840,13:26:27,9.89,--,3,2967,买盘
841,13:26:22,9.89,--,50,49450,买盘
842,13:26:13,9.89,--,72,71208,买盘
843,13:26:01,9.89,--,2,1978,买盘
844,13:25:57,9.89,--,2,1978,买盘
845,13:25:37,9.89,--,15,14835,买盘
846,13:25:27,9.89,0.01,5,4945,买盘
847,13:25:22,9.88,-0.01,20,19760,卖盘
848,13:25:01,9.89,--,4,3956,买盘
849,13:24:52,9.89,--,33,32637,卖盘
850,13:24:40,9.89,-0.01,1,989,卖盘
851,13:24:37,9.9,--,222,219780,买盘
852,13:24:25,9.9,0.01,30,29700,买盘
853,13:24:22,9.89,--,12,11868,卖盘
854,13:24:10,9.89,0.01,131,129559,买盘
855,13:24:07,9.88,--,94,92872,卖盘
856,13:24:01,9.88,-0.01,8,7904,卖盘
857,13:23:52,9.89,--,11,10879,买盘
858,13:23:46,9.89,--,13,12857,买盘
859,13:23:37,9.89,--,31,30659,买盘
860,13:23:22,9.89,--,103,101867,买盘
861,13:23:16,9.89,--,215,212635,买盘
862,13:23:10,9.89,--,51,50439,买盘
863,13:23:07,9.89,--,28,27692,买盘
864,13:23:01,9.89,--,13,12857,买盘
865,13:22:55,9.89,--,2,1978,买盘
866,13:22:52,9.89,0.01,20,19780,买盘
867,13:22:46,9.88,--,31,30628,卖盘
868,13:22:31,9.88,-0.01,1,988,买盘
869,13:22:07,9.89,--,0,0,买盘
870,13:22:01,9.89,0.01,151,149339,买盘
871,13:21:55,9.88,0.01,4,3952,买盘
872,13:21:52,9.87,--,2,1973,卖盘
873,13:21:40,9.87,--,31,30596,卖盘
874,13:21:37,9.87,-0.01,20,19740,卖盘
875,13:21:31,9.88,--,210,207480,买盘
876,13:21:22,9.88,--,64,63232,卖盘
877,13:21:16,9.88,-0.01,6,5928,卖盘
878,13:21:10,9.89,--,10,9890,买盘
879,13:21:07,9.89,0.01,49,48461,买盘
880,13:21:01,9.88,-0.01,10,9880,卖盘
881,13:20:46,9.89,0.01,5,4945,买盘
882,13:20:37,9.88,-0.01,31,30628,卖盘
883,13:20:31,9.89,0.01,9,8901,买盘
884,13:20:25,9.88,-0.01,82,81016,卖盘
885,13:20:21,9.89,0.01,17,16813,买盘
886,13:20:16,9.88,--,1,988,卖盘
887,13:20:06,9.88,-0.01,19,18772,卖盘
888,13:20:01,9.89,0.01,26,25714,买盘
889,13:19:55,9.88,--,13,12844,卖盘
890,13:19:51,9.88,--,2,1976,卖盘
891,13:19:46,9.88,--,133,131404,卖盘
892,13:19:37,9.88,-0.01,30,29640,卖盘
893,13:19:31,9.89,--,14,13846,卖盘
894,13:19:22,9.89,--,10,9890,卖盘
895,13:19:16,9.89,--,9,8901,卖盘
896,13:19:10,9.89,-0.01,24,23736,卖盘
897,13:19:06,9.9,0.01,66,65340,买盘
898,13:19:01,9.89,--,68,67252,卖盘
899,13:18:51,9.89,-0.01,18,17802,卖盘
900,13:18:46,9.9,0.03,9,8910,买盘
901,13:18:40,9.87,-0.01,10,9870,卖盘
902,13:18:36,9.88,--,63,62244,卖盘
903,13:18:31,9.88,-0.01,10,9880,卖盘
904,13:18:21,9.89,0.01,70,69230,买盘
905,13:18:10,9.88,--,2,1976,卖盘
906,13:18:06,9.88,-0.01,84,82992,卖盘
907,13:18:01,9.89,0.01,5,4945,买盘
908,13:17:55,9.88,-0.01,10,9880,卖盘
909,13:17:46,9.89,0.01,43,42527,买盘
910,13:17:34,9.88,--,10,9880,卖盘
911,13:17:25,9.88,-0.01,69,68172,卖盘
912,13:17:16,9.89,0.01,24,23736,买盘
913,13:17:10,9.88,--,22,21736,卖盘
914,13:17:01,9.88,0.01,20,19760,卖盘
915,13:16:55,9.87,-0.01,20,19740,卖盘
916,13:16:49,9.88,-0.01,10,9880,卖盘
917,13:16:46,9.89,--,0,0,买盘
918,13:16:40,9.89,0.02,49,48461,买盘
919,13:16:25,9.87,-0.01,13,12830,卖盘
920,13:16:19,9.88,0.02,5,4940,买盘
921,13:16:16,9.86,--,129,127193,卖盘
922,13:16:10,9.86,--,186,183396,卖盘
923,13:16:04,9.86,--,361,355946,卖盘
924,13:16:01,9.86,--,8,7888,卖盘
925,13:15:55,9.86,-0.03,11,10846,卖盘
926,13:15:46,9.89,0.03,39,38571,买盘
927,13:15:40,9.86,--,72,71061,卖盘
928,13:15:31,9.86,--,11,10846,卖盘
929,13:15:25,9.86,--,10,9860,卖盘
930,13:15:16,9.86,0.01,21,20706,买盘
931,13:15:10,9.85,-0.01,23,22655,卖盘
932,13:15:04,9.86,--,202,199172,买盘
933,13:15:01,9.86,-0.02,723,713794,卖盘
934,13:14:55,9.88,0.01,273,269793,买盘
935,13:14:49,9.87,--,7,6908,卖盘
936,13:14:46,9.87,--,11,10857,卖盘
937,13:14:40,9.87,-0.01,111,109556,卖盘
938,13:14:31,9.88,0.02,33,32604,买盘
939,13:14:25,9.86,-0.02,9,8874,卖盘
940,13:14:19,9.88,0.01,10,9880,买盘
941,13:14:15,9.87,-0.01,10,9870,卖盘
942,13:14:10,9.88,0.02,473,467324,买盘
943,13:14:04,9.86,--,10,9860,卖盘
944,13:14:00,9.86,-0.01,18,17748,卖盘
945,13:13:55,9.87,--,16,15791,买盘
946,13:13:49,9.87,0.01,277,273399,买盘
947,13:13:45,9.86,--,39,38454,买盘
948,13:13:40,9.86,--,653,643858,卖盘
949,13:13:30,9.86,--,80,78880,卖盘
950,13:13:19,9.86,--,10,9860,卖盘
951,13:13:10,9.86,-0.01,10,9860,卖盘
952,13:13:00,9.87,--,23,22701,卖盘
953,13:12:49,9.87,--,5,4935,卖盘
954,13:12:45,9.87,--,15,14804,卖盘
955,13:12:40,9.87,-0.01,19,18753,卖盘
956,13:12:34,9.88,0.01,5,4940,买盘
957,13:12:25,9.87,-0.01,20,19740,卖盘
958,13:12:15,9.88,--,47,46436,卖盘
959,13:12:10,9.88,--,8,7904,买盘
960,13:12:04,9.88,0.01,4,3952,买盘
961,13:12:00,9.87,-0.01,10,9870,卖盘
962,13:11:55,9.88,0.01,33,32604,买盘
963,13:11:45,9.87,--,10,9870,卖盘
964,13:11:40,9.87,--,11,10857,卖盘
965,13:11:34,9.87,-0.01,14,13817,卖盘
966,13:11:30,9.88,0.01,170,167960,买盘
967,13:11:19,9.87,--,9,8883,卖盘
968,13:11:15,9.87,0.01,140,138180,买盘
969,13:11:10,9.86,--,15,14790,卖盘
970,13:11:04,9.86,-0.01,5,4930,卖盘
971,13:10:58,9.87,0.01,11,10857,买盘
972,13:10:55,9.86,--,59,58174,卖盘
973,13:10:49,9.86,--,10,9860,卖盘
974,13:10:34,9.86,--,8,7888,卖盘
975,13:10:25,9.86,--,93,91698,买盘
976,13:10:19,9.86,--,21,20706,买盘
977,13:10:13,9.86,--,38,37468,买盘
978,13:10:10,9.86,--,41,40426,卖盘
979,13:10:04,9.86,-0.01,9,8874,卖盘
980,13:09:58,9.87,0.01,10,9870,买盘
981,13:09:49,9.86,--,27,26622,卖盘
982,13:09:40,9.86,--,10,9860,卖盘
983,13:09:34,9.86,-0.01,8,7888,卖盘
984,13:09:28,9.87,--,9,8883,卖盘
985,13:09:25,9.87,0.02,131,129514,买盘
986,13:09:19,9.85,-0.01,10,9850,卖盘
987,13:09:13,9.86,--,100,98600,买盘
988,13:09:10,9.86,0.01,22,21692,买盘
989,13:09:04,9.85,-0.01,31,30535,卖盘
990,13:08:58,9.86,0.01,25,24650,买盘
991,13:08:55,9.85,--,23,22655,卖盘
992,13:08:49,9.85,-0.01,29,28565,卖盘
993,13:08:43,9.86,0.01,3,2958,买盘
994,13:08:34,9.85,-0.01,12,11820,卖盘
995,13:08:28,9.86,0.01,20,19720,买盘
996,13:08:25,9.85,-0.01,44,43340,卖盘
997,13:08:19,9.86,0.01,16,15776,买盘
998,13:08:13,9.85,--,2,1970,卖盘
999,13:08:10,9.85,--,9,8865,卖盘
1000,13:08:04,9.85,--,9,8865,卖盘
1001,13:07:58,9.85,--,10,9850,卖盘
1002,13:07:49,9.85,--,19,18715,卖盘
1003,13:07:43,9.85,--,41,40385,卖盘
1004,13:07:39,9.85,-0.01,14,13790,卖盘
1005,13:07:34,9.86,0.01,36,35496,买盘
1006,13:07:28,9.85,-0.01,10,9850,卖盘
1007,13:07:25,9.86,-0.01,152,150641,卖盘
1008,13:07:19,9.87,0.01,42,41454,买盘
1009,13:07:13,9.86,-0.01,5,4930,卖盘
1010,13:07:09,9.87,0.01,14,13817,买盘
1011,13:07:04,9.86,--,10,9860,卖盘
1012,13:06:54,9.86,--,8,7888,卖盘
1013,13:06:43,9.86,--,33,32537,卖盘
1014,13:06:39,9.86,--,5,4930,卖盘
1015,13:06:34,9.86,--,9,8874,卖盘
1016,13:06:24,9.86,--,16,15776,卖盘
1017,13:06:19,9.86,-0.01,11,10846,卖盘
1018,13:06:13,9.87,0.01,10,9870,买盘
1019,13:06:09,9.86,--,10,9860,卖盘
1020,13:06:04,9.86,--,62,61132,卖盘
1021,13:05:58,9.86,--,16,15776,卖盘
1022,13:05:54,9.86,--,10,9860,卖盘
1023,13:05:49,9.86,-0.01,10,9860,卖盘
1024,13:05:43,9.87,0.01,12,11843,买盘
1025,13:05:39,9.86,-0.01,88,86768,卖盘
1026,13:05:34,9.87,0.01,10,9870,买盘
1027,13:05:28,9.86,--,9,8874,卖盘
1028,13:05:24,9.86,--,58,57188,卖盘
1029,13:05:19,9.86,--,156,153816,卖盘
1030,13:05:09,9.86,--,10,9860,卖盘
1031,13:05:04,9.86,--,10,9860,卖盘
1032,13:04:58,9.86,--,10,9860,卖盘
1033,13:04:54,9.86,-0.01,15,14790,卖盘
1034,13:04:49,9.87,--,30,29609,买盘
1035,13:04:43,9.87,--,15,14804,买盘
1036,13:04:34,9.87,--,200,197399,买盘
1037,13:04:28,9.87,0.01,30,29609,买盘
1038,13:04:23,9.86,--,222,219108,卖盘
1039,13:04:19,9.86,-0.01,10,9860,卖盘
1040,13:04:13,9.87,--,10,9870,买盘
1041,13:04:09,9.87,0.01,31,30596,买盘
1042,13:04:04,9.86,--,125,123250,卖盘
1043,13:03:58,9.86,--,19,18734,卖盘
1044,13:03:49,9.86,-0.01,11,10846,卖盘
1045,13:03:43,9.87,0.01,30,29609,买盘
1046,13:03:37,9.86,--,10,9860,卖盘
1047,13:03:28,9.86,-0.01,9,8874,卖盘
1048,13:03:22,9.87,0.01,15,14804,买盘
1049,13:03:13,9.86,-0.01,11,10846,卖盘
1050,13:03:07,9.87,-0.01,251,247736,卖盘
1051,13:03:03,9.88,-0.01,9,8892,卖盘
1052,13:02:58,9.89,0.02,5,4945,买盘
1053,13:02:52,9.87,--,10,9870,卖盘
1054,13:02:43,9.87,-0.02,9,8883,卖盘
1055,13:02:37,9.89,--,10,9890,买盘
1056,13:02:34,9.89,--,32,31648,买盘
1057,13:02:28,9.89,0.01,1,989,买盘
1058,13:02:22,9.88,--,88,86944,卖盘
1059,13:02:19,9.88,--,18,17784,卖盘
1060,13:02:13,9.88,-0.01,10,9880,卖盘
1061,13:02:07,9.89,0.01,11,10879,买盘
1062,13:01:58,9.88,-0.01,40,39520,卖盘
1063,13:01:52,9.89,0.01,7,6923,买盘
1064,13:01:49,9.88,-0.01,10,9880,卖盘
1065,13:01:43,9.89,--,3,2967,买盘
1066,13:01:37,9.89,--,19,18791,买盘
1067,13:01:34,9.89,--,4,3956,买盘
1068,13:01:28,9.89,--,20,19780,买盘
1069,13:01:19,9.89,0.01,10,9890,买盘
1070,13:01:13,9.88,--,21,20748,卖盘
1071,13:01:04,9.88,--,9,8892,卖盘
1072,13:00:52,9.88,-0.01,10,9880,卖盘
1073,13:00:49,9.89,0.01,24,23736,买盘
1074,13:00:43,9.88,--,9,8892,卖盘
1075,13:00:28,9.88,--,10,9880,卖盘
1076,13:00:18,9.88,--,19,18772,卖盘
1077,13:00:13,9.88,-0.01,73,72124,卖盘
1078,13:00:07,9.89,0.01,46,45494,中性盘
1079,13:00:03,9.88,--,263,259844,卖盘
1080,11:30:00,9.88,--,0,0,卖盘
1081,11:30:00,9.88,--,0,0,卖盘
1082,11:29:59,9.88,-0.01,30,29640,卖盘
1083,11:29:47,9.89,0.01,10,9890,买盘
1084,11:29:44,9.88,--,10,9880,卖盘
1085,11:29:38,9.88,-0.01,9,8892,卖盘
1086,11:29:29,9.89,--,2,1978,卖盘
1087,11:29:23,9.89,--,10,9890,卖盘
1088,11:29:17,9.89,--,5,4945,卖盘
1089,11:29:14,9.89,0.01,9,8901,卖盘
1090,11:29:08,9.88,--,0,0,卖盘
1091,11:29:02,9.88,--,11,10868,卖盘
1092,11:28:59,9.88,--,82,81016,卖盘
1093,11:28:53,9.88,--,10,9880,卖盘
1094,11:28:44,9.88,--,0,0,卖盘
1095,11:28:38,9.88,-0.02,44,43472,卖盘
1096,11:28:32,9.9,0.02,30,29700,买盘
1097,11:28:29,9.88,--,35,34580,卖盘
1098,11:28:17,9.88,--,10,9880,卖盘
1099,11:28:08,9.88,-0.01,63,62244,卖盘
1100,11:28:02,9.89,--,34,33626,卖盘
1101,11:27:59,9.89,--,71,70219,卖盘
1102,11:27:44,9.89,-0.01,11,10879,卖盘
1103,11:27:38,9.9,0.01,38,37620,买盘
1104,11:27:32,9.89,-0.01,8,7912,卖盘
1105,11:27:28,9.9,0.01,16,15840,买盘
1106,11:27:23,9.89,-0.01,40,39560,卖盘
1107,11:27:13,9.9,0.01,43,42570,买盘
1108,11:27:08,9.89,-0.01,67,66263,卖盘
1109,11:27:02,9.9,0.01,57,56430,买盘
1110,11:26:58,9.89,--,42,41538,卖盘
1111,11:26:53,9.89,-0.01,59,58351,卖盘
1112,11:26:43,9.9,0.01,22,21780,买盘
1113,11:26:38,9.89,0.01,10,9890,卖盘
1114,11:26:32,9.88,--,0,0,卖盘
1115,11:26:28,9.88,-0.02,9,8892,卖盘
1116,11:26:23,9.9,0.01,57,56430,买盘
1117,11:26:13,9.89,--,25,24725,买盘
1118,11:26:08,9.89,--,24,23736,卖盘
1119,11:25:58,9.89,--,30,29670,卖盘
1120,11:25:53,9.89,-0.01,15,14835,卖盘
1121,11:25:47,9.9,--,0,0,买盘
1122,11:25:43,9.9,--,66,65340,买盘
1123,11:25:38,9.9,0.02,57,56430,买盘
1124,11:25:32,9.88,-0.02,3,2964,卖盘
1125,11:25:28,9.9,0.02,24,23760,买盘
1126,11:25:23,9.88,--,12,11856,卖盘
1127,11:25:08,9.88,-0.02,1,988,卖盘
1128,11:24:58,9.9,0.02,121,119790,买盘
1129,11:24:53,9.88,--,3,2964,卖盘
1130,11:24:38,9.88,-0.01,11,10868,卖盘
1131,11:24:32,9.89,--,25,24725,买盘
1132,11:24:28,9.89,--,39,38571,买盘
1133,11:24:23,9.89,--,13,12857,买盘
1134,11:24:02,9.89,--,52,51428,卖盘
1135,11:23:56,9.89,--,72,71208,卖盘
1136,11:23:53,9.89,--,10,9890,卖盘
1137,11:23:47,9.89,--,10,9890,卖盘
1138,11:23:41,9.89,--,74,73186,卖盘
1139,11:23:38,9.89,--,2,1978,卖盘
1140,11:23:32,9.89,--,162,160218,买盘
1141,11:23:23,9.89,--,205,202745,买盘
1142,11:23:02,9.89,--,71,70219,买盘
1143,11:22:53,9.89,--,33,32637,买盘
1144,11:22:47,9.89,0.01,62,61318,买盘
1145,11:22:38,9.88,--,31,30628,卖盘
1146,11:22:22,9.88,--,10,9880,卖盘
1147,11:22:17,9.88,-0.01,2,1976,卖盘
1148,11:22:08,9.89,--,71,70219,买盘
1149,11:22:02,9.89,--,40,39560,买盘
1150,11:21:56,9.89,0.01,33,32637,买盘
1151,11:21:53,9.88,--,11,10868,买盘
1152,11:21:47,9.88,--,40,39520,卖盘
1153,11:21:41,9.88,0.01,30,29640,卖盘
1154,11:21:32,9.87,--,54,53297,卖盘
1155,11:21:22,9.87,-0.01,200,197399,卖盘
1156,11:21:17,9.88,-0.02,1,988,卖盘
1157,11:21:11,9.9,0.02,78,77220,买盘
1158,11:21:08,9.88,-0.02,1,988,卖盘
1159,11:21:02,9.9,0.02,220,217800,买盘
1160,11:20:56,9.88,--,5,4940,卖盘
1161,11:20:52,9.88,-0.01,20,19760,卖盘
1162,11:20:47,9.89,0.01,1,989,中性盘
1163,11:20:41,9.88,--,38,37544,卖盘
1164,11:20:37,9.88,--,1,988,卖盘
1165,11:20:31,9.88,--,10,9880,卖盘
1166,11:20:22,9.88,-0.01,12,11856,卖盘
1167,11:20:17,9.89,0.01,8,7912,买盘
1168,11:20:11,9.88,-0.02,10,9880,卖盘
1169,11:20:07,9.9,0.02,72,71280,买盘
1170,11:20:02,9.88,--,12,11856,卖盘
1171,11:19:52,9.88,--,1,988,卖盘
1172,11:19:47,9.88,-0.02,13,12844,卖盘
1173,11:19:41,9.9,0.02,29,28710,买盘
1174,11:19:37,9.88,--,11,10868,卖盘
1175,11:19:32,9.88,--,1,988,卖盘
1176,11:19:26,9.88,--,30,29640,卖盘
1177,11:19:17,9.88,-0.01,96,94848,卖盘
1178,11:19:11,9.89,0.01,11,10879,买盘
1179,11:19:07,9.88,--,21,20748,卖盘
1180,11:19:02,9.88,--,0,0,卖盘
1181,11:18:56,9.88,-0.01,31,30628,卖盘
1182,11:18:52,9.89,-0.01,10,9890,中性盘
1183,11:18:47,9.9,0.02,40,39600,买盘
1184,11:18:37,9.88,--,56,55328,卖盘
1185,11:18:32,9.88,-0.01,15,14820,卖盘
1186,11:18:26,9.89,0.01,55,54395,买盘
1187,11:18:22,9.88,--,70,69160,卖盘
1188,11:18:11,9.88,-0.01,18,17784,卖盘
1189,11:18:07,9.89,0.02,79,78131,买盘
1190,11:18:02,9.87,--,12,11843,卖盘
1191,11:17:56,9.87,--,14,13817,卖盘
1192,11:17:52,9.87,--,1,986,卖盘
1193,11:17:47,9.87,--,88,86856,卖盘
1194,11:17:37,9.87,--,110,108569,卖盘
1195,11:17:26,9.87,--,11,10857,卖盘
1196,11:17:17,9.87,-0.02,11,10857,卖盘
1197,11:17:11,9.89,0.02,164,162196,买盘
1198,11:17:05,9.87,--,16,15791,卖盘
1199,11:17:02,9.87,--,20,19740,卖盘
1200,11:16:56,9.87,-0.01,10,9870,卖盘
1201,11:16:50,9.88,0.01,29,28652,买盘
1202,11:16:47,9.87,--,1,986,卖盘
1203,11:16:41,9.87,--,9,8883,卖盘
1204,11:16:32,9.87,-0.01,17,16779,卖盘
1205,11:16:26,9.88,0.01,3,2964,买盘
1206,11:16:20,9.87,--,10,9870,卖盘
1207,11:16:17,9.87,--,0,0,卖盘
1208,11:16:11,9.87,-0.01,111,109556,卖盘
1209,11:16:05,9.88,--,1,988,卖盘
1210,11:16:01,9.88,--,12,11856,卖盘
1211,11:15:50,9.88,0.01,10,9880,买盘
1212,11:15:47,9.87,-0.01,40,39480,卖盘
1213,11:15:41,9.88,--,1,988,卖盘
1214,11:15:35,9.88,-0.01,9,8892,卖盘
1215,11:15:26,9.89,--,44,43516,买盘
1216,11:15:20,9.89,--,0,0,买盘
1217,11:15:16,9.89,--,94,92966,买盘
1218,11:15:11,9.89,--,0,0,买盘
1219,11:15:05,9.89,--,100,98900,买盘
1220,11:15:02,9.89,0.02,35,34615,买盘
1221,11:14:56,9.87,-0.01,19,18753,卖盘
1222,11:14:47,9.88,--,38,37544,买盘
1223,11:14:40,9.88,--,16,15808,买盘
1224,11:14:35,9.88,0.01,33,32604,买盘
1225,11:14:31,9.87,--,12,11843,卖盘
1226,11:14:20,9.87,--,1,986,卖盘
1227,11:14:16,9.87,--,15,14804,卖盘
1228,11:14:10,9.87,-0.01,36,35532,卖盘
1229,11:14:01,9.88,--,84,82992,卖盘
1230,11:13:56,9.88,--,9,8892,卖盘
1231,11:13:50,9.88,--,50,49400,卖盘
1232,11:13:46,9.88,-0.01,11,10868,卖盘
1233,11:13:40,9.89,0.02,30,29670,买盘
1234,11:13:35,9.87,--,11,10857,卖盘
1235,11:13:31,9.87,--,4,3947,卖盘
1236,11:13:26,9.87,--,75,74025,卖盘
1237,11:13:20,9.87,--,18,17766,卖盘
1238,11:13:16,9.87,--,11,10857,卖盘
1239,11:13:05,9.87,--,115,113504,卖盘
1240,11:13:01,9.87,--,89,87843,卖盘
1241,11:12:50,9.87,-0.03,11,10857,卖盘
1242,11:12:41,9.9,0.03,52,51480,买盘
1243,11:12:35,9.87,-0.01,22,21714,卖盘
1244,11:12:31,9.88,--,117,115596,买盘
1245,11:12:20,9.88,-0.02,38,37544,卖盘
1246,11:12:16,9.9,0.02,29,28710,买盘
1247,11:12:11,9.88,--,8,7904,卖盘
1248,11:12:05,9.88,--,9,8892,卖盘
1249,11:12:01,9.88,--,27,26676,卖盘
1250,11:11:56,9.88,--,91,89908,卖盘
1251,11:11:46,9.88,-0.01,11,10868,卖盘
1252,11:11:41,9.89,0.01,6,5934,买盘
1253,11:11:35,9.88,--,51,50388,卖盘
1254,11:11:31,9.88,--,9,8892,卖盘
1255,11:11:26,9.88,--,11,10868,卖盘
1256,11:11:15,9.88,--,155,153140,卖盘
1257,11:11:10,9.88,--,12,11856,卖盘
1258,11:11:01,9.88,-0.01,84,82992,卖盘
1259,11:10:56,9.89,0.01,80,79120,买盘
1260,11:10:50,9.88,--,10,9880,卖盘
1261,11:10:46,9.88,-0.02,16,15808,卖盘
1262,11:10:41,9.9,--,13,12870,买盘
1263,11:10:35,9.9,0.02,30,29700,买盘
1264,11:10:31,9.88,--,1,988,卖盘
1265,11:10:26,9.88,--,10,9880,卖盘
1266,11:10:20,9.88,-0.02,12,11856,卖盘
1267,11:10:11,9.9,0.01,35,34650,买盘
1268,11:10:05,9.89,0.01,31,30659,卖盘
1269,11:09:55,9.88,-0.01,90,88920,卖盘
1270,11:09:50,9.89,0.01,92,90988,买盘
1271,11:09:44,9.88,-0.01,12,11856,中性盘
1272,11:09:35,9.89,0.01,77,76153,买盘
1273,11:09:29,9.88,--,0,0,中性盘
1274,11:09:25,9.88,--,12,11856,卖盘
1275,11:09:20,9.88,0.01,37,36556,买盘
1276,11:09:10,9.87,--,38,37506,卖盘
1277,11:09:05,9.87,--,153,151011,卖盘
1278,11:08:59,9.87,-0.01,31,30596,卖盘
1279,11:08:55,9.88,--,44,43472,卖盘
1280,11:08:50,9.88,--,93,91884,卖盘
1281,11:08:40,9.88,-0.01,47,46436,卖盘
1282,11:08:35,9.89,--,20,19780,买盘
1283,11:08:29,9.89,0.02,32,31648,买盘
1284,11:08:25,9.87,--,78,76986,卖盘
1285,11:08:20,9.87,--,1,986,卖盘
1286,11:08:14,9.87,-0.01,9,8883,卖盘
1287,11:08:10,9.88,--,14,13832,卖盘
1288,11:08:05,9.88,--,17,16796,卖盘
1289,11:07:55,9.88,--,15,14820,买盘
1290,11:07:50,9.88,0.01,6,5928,买盘
1291,11:07:43,9.87,--,91,89817,卖盘
1292,11:07:40,9.87,--,5,4935,卖盘
1293,11:07:35,9.87,-0.02,10,9870,卖盘
1294,11:07:29,9.89,0.02,32,31648,买盘
1295,11:07:25,9.87,--,21,20727,卖盘
1296,11:07:19,9.87,--,9,8883,卖盘
1297,11:07:10,9.87,--,11,10857,卖盘
1298,11:06:59,9.87,-0.02,9,8883,卖盘
1299,11:06:49,9.89,--,190,187910,买盘
1300,11:06:44,9.89,0.02,80,79120,买盘
1301,11:06:40,9.87,-0.02,11,10857,卖盘
1302,11:06:34,9.89,0.02,56,55384,买盘
1303,11:06:25,9.87,--,44,43428,卖盘
1304,11:06:19,9.87,-0.02,1,986,卖盘
1305,11:06:13,9.89,0.02,29,28681,买盘
1306,11:06:04,9.87,-0.02,40,39480,卖盘
1307,11:05:59,9.89,0.02,10,9890,买盘
1308,11:05:55,9.87,--,2,1973,卖盘
1309,11:05:50,9.87,--,11,10857,卖盘
1310,11:05:43,9.87,-0.02,621,612927,卖盘
1311,11:05:40,9.89,0.02,80,79120,买盘
1312,11:05:34,9.87,-0.01,42,41454,卖盘
1313,11:05:28,9.88,--,16,15808,买盘
1314,11:05:25,9.88,0.01,67,66196,买盘
1315,11:05:20,9.87,--,63,62180,卖盘
1316,11:05:13,9.87,-0.01,130,128309,卖盘
1317,11:05:10,9.88,0.01,74,73112,买盘
1318,11:04:55,9.87,-0.01,188,185555,卖盘
1319,11:04:49,9.88,--,16,15808,买盘
1320,11:04:35,9.88,--,566,559208,卖盘
1321,11:04:28,9.88,--,10,9880,卖盘
1322,11:04:25,9.88,-0.01,11,10868,卖盘
1323,11:04:14,9.89,0.01,4,3956,买盘
1324,11:04:10,9.88,--,40,39520,卖盘
1325,11:04:04,9.88,-0.01,9,8892,卖盘
1326,11:03:59,9.89,--,29,28681,卖盘
1327,11:03:54,9.89,--,101,99889,卖盘
1328,11:03:50,9.89,--,10,9890,卖盘
1329,11:03:43,9.89,--,5,4945,卖盘
1330,11:03:40,9.89,-0.01,29,28681,卖盘
1331,11:03:34,9.9,0.02,80,79200,买盘
1332,11:03:29,9.88,-0.01,10,9880,卖盘
1333,11:03:24,9.89,--,40,39560,买盘
1334,11:03:20,9.89,0.01,14,13846,买盘
1335,11:03:09,9.88,--,60,59280,卖盘
1336,11:02:59,9.88,0.01,33,32604,卖盘
1337,11:02:53,9.87,--,0,0,卖盘
1338,11:02:50,9.87,--,31,30596,卖盘
1339,11:02:44,9.87,--,273,269451,卖盘
1340,11:02:37,9.87,--,20,19740,卖盘
1341,11:02:34,9.87,--,98,96725,卖盘
1342,11:02:29,9.87,--,1,986,卖盘
1343,11:02:22,9.87,--,27,26648,卖盘
1344,11:02:13,9.87,--,138,136206,买盘
1345,11:02:04,9.87,0.01,41,40467,买盘
1346,11:01:59,9.86,-0.01,80,78880,卖盘
1347,11:01:53,9.87,--,11,10857,卖盘
1348,11:01:49,9.87,--,10,9870,卖盘
1349,11:01:44,9.87,-0.01,1,986,卖盘
1350,11:01:38,9.88,--,25,24700,买盘
1351,11:01:34,9.88,--,65,64220,卖盘
1352,11:01:29,9.88,-0.01,31,30628,卖盘
1353,11:01:22,9.89,0.02,80,79120,买盘
1354,11:01:19,9.87,-0.01,99,97712,卖盘
1355,11:01:13,9.88,0.01,261,257868,买盘
1356,11:01:07,9.87,--,1,986,卖盘
1357,11:01:04,9.87,--,12,11843,卖盘
1358,11:00:58,9.87,-0.01,42,41454,卖盘
1359,11:00:53,9.88,--,10,9880,买盘
1360,11:00:49,9.88,0.01,5,4940,买盘
1361,11:00:44,9.87,--,36,35532,卖盘
1362,11:00:34,9.87,-0.01,21,20727,卖盘
1363,11:00:28,9.88,0.01,5,4940,买盘
1364,11:00:22,9.87,--,81,79947,卖盘
1365,11:00:19,9.87,--,9,8883,卖盘
1366,11:00:14,9.87,--,11,10857,卖盘
1367,11:00:08,9.87,--,52,51323,卖盘
1368,11:00:04,9.87,--,1,986,卖盘
1369,10:59:59,9.87,-0.01,59,58232,卖盘
1370,10:59:53,9.88,0.01,31,30628,买盘
1371,10:59:49,9.87,-0.01,10,9870,卖盘
1372,10:59:43,9.88,--,15,14820,买盘
1373,10:59:38,9.88,-0.01,177,174876,卖盘
1374,10:59:28,9.89,--,106,104834,卖盘
1375,10:59:23,9.89,--,10,9890,卖盘
1376,10:59:19,9.89,-0.01,85,84065,卖盘
1377,10:59:07,9.9,0.01,21,20790,买盘
1378,10:59:04,9.89,-0.01,12,11868,卖盘
1379,10:58:59,9.9,--,20,19800,买盘
1380,10:58:49,9.9,0.01,30,29700,买盘
1381,10:58:43,9.89,--,3,2967,卖盘
1382,10:58:37,9.89,--,13,12857,卖盘
1383,10:58:34,9.89,-0.01,2,1978,卖盘
1384,10:58:22,9.9,--,18,17820,买盘
1385,10:58:19,9.9,-0.01,13,12870,卖盘
1386,10:58:13,9.91,0.01,112,110992,买盘
1387,10:58:04,9.9,--,40,39600,卖盘
1388,10:57:58,9.9,--,126,124740,卖盘
1389,10:57:52,9.9,-0.01,10,9900,卖盘
1390,10:57:49,9.91,--,56,55496,买盘
1391,10:57:43,9.91,0.01,5,4955,买盘
1392,10:57:37,9.9,--,1,990,卖盘
1393,10:57:34,9.9,-0.01,8,7920,卖盘
1394,10:57:29,9.91,0.01,4,3964,买盘
1395,10:57:19,9.9,--,6,5940,卖盘
1396,10:57:13,9.9,-0.01,50,49500,卖盘
1397,10:57:04,9.91,0.01,88,87208,买盘
1398,10:56:59,9.9,--,2,1980,卖盘
1399,10:56:52,9.9,--,2,1980,卖盘
1400,10:56:43,9.9,--,143,141570,买盘
1401,10:56:37,9.9,--,18,17820,卖盘
1402,10:56:33,9.9,--,5,4950,中性盘
1403,10:56:28,9.9,-0.01,40,39600,卖盘
1404,10:56:22,9.91,0.01,212,210092,买盘
1405,10:56:16,9.9,--,11,10890,卖盘
1406,10:56:13,9.9,--,93,92070,卖盘
1407,10:56:07,9.9,--,11,10890,卖盘
1408,10:56:01,9.9,--,300,297000,卖盘
1409,10:55:58,9.9,--,1,990,卖盘
1410,10:55:52,9.9,--,507,501930,卖盘
1411,10:55:46,9.9,--,11,10890,卖盘
1412,10:55:43,9.9,-0.01,50,49500,卖盘
1413,10:55:38,9.91,0.01,106,105046,买盘
1414,10:55:28,9.9,-0.01,1,990,卖盘
1415,10:55:22,9.91,0.01,44,43604,买盘
1416,10:55:17,9.9,--,54,53460,卖盘
1417,10:55:13,9.9,--,2,1980,卖盘
1418,10:55:07,9.9,--,8,7920,卖盘
1419,10:55:01,9.9,--,5,4950,卖盘
1420,10:54:58,9.9,-0.01,97,96030,卖盘
1421,10:54:52,9.91,0.01,166,164506,买盘
1422,10:54:46,9.9,0.01,5,4950,买盘
1423,10:54:43,9.89,-0.01,2,1978,卖盘
1424,10:54:37,9.9,-0.01,68,67320,卖盘
1425,10:54:31,9.91,0.01,31,30721,买盘
1426,10:54:28,9.9,--,27,26730,卖盘
1427,10:54:22,9.9,-0.01,113,111870,卖盘
1428,10:54:13,9.91,0.01,38,37658,买盘
1429,10:54:07,9.9,-0.01,104,102960,卖盘
1430,10:54:01,9.91,--,247,245064,卖盘
1431,10:53:58,9.91,0.01,174,173137,买盘
1432,10:53:52,9.9,--,244,241560,卖盘
1433,10:53:46,9.9,-0.01,1,990,卖盘
1434,10:53:43,9.91,--,5,4955,买盘
1435,10:53:37,9.91,--,253,250723,买盘
1436,10:53:31,9.91,--,31,30721,买盘
1437,10:53:28,9.91,0.01,100,99100,买盘
1438,10:53:22,9.9,--,55,54450,卖盘
1439,10:53:16,9.9,-0.01,30,29700,卖盘
1440,10:53:13,9.91,--,18,17838,买盘
1441,10:53:07,9.91,0.01,98,97118,买盘
1442,10:53:01,9.9,--,1,990,卖盘
1443,10:52:58,9.9,--,36,35640,买盘
1444,10:52:52,9.9,-0.01,25,24750,中性盘
1445,10:52:43,9.91,0.02,104,103064,买盘
1446,10:52:37,9.89,-0.02,7,6923,卖盘
1447,10:52:31,9.91,0.01,68,67675,买盘
1448,10:52:28,9.9,-0.01,344,340560,卖盘
1449,10:52:22,9.91,0.01,25,24775,买盘
1450,10:52:07,9.9,-0.01,144,142560,卖盘
1451,10:52:01,9.91,--,6,5946,买盘
1452,10:51:58,9.91,--,172,170452,卖盘
1453,10:51:46,9.91,--,127,125857,买盘
1454,10:51:43,9.91,--,32,31712,买盘
1455,10:51:37,9.91,0.01,132,130812,买盘
1456,10:51:27,9.9,--,33,32670,卖盘
1457,10:51:22,9.9,0.02,4454,4410162,买盘
1458,10:51:16,9.88,--,10,9880,买盘
1459,10:51:13,9.88,--,45,44460,买盘
1460,10:51:07,9.88,--,21,20748,买盘
1461,10:51:01,9.88,--,22,21736,买盘
1462,10:50:58,9.88,--,82,81016,买盘
1463,10:50:52,9.88,0.01,2,1976,买盘
1464,10:50:46,9.87,--,10,9870,卖盘
1465,10:50:42,9.87,-0.01,20,19740,卖盘
1466,10:50:37,9.88,--,115,113620,买盘
1467,10:50:28,9.88,0.01,19,18772,买盘
1468,10:50:22,9.87,--,10,9870,卖盘
1469,10:50:16,9.87,-0.01,1,986,卖盘
1470,10:50:13,9.88,--,60,59280,买盘
1471,10:50:07,9.88,0.02,54,53352,买盘
1472,10:50:01,9.86,-0.01,10,9860,卖盘
1473,10:49:58,9.87,--,101,99686,卖盘
1474,10:49:52,9.87,-0.01,109,107582,卖盘
1475,10:49:46,9.88,0.01,2,1976,买盘
1476,10:49:43,9.87,--,31,30596,卖盘
1477,10:49:37,9.87,--,36,35532,卖盘
1478,10:49:31,9.87,-0.01,21,20727,卖盘
1479,10:49:27,9.88,0.01,91,89908,买盘
1480,10:49:22,9.87,--,1,986,卖盘
1481,10:49:16,9.87,--,10,9870,卖盘
1482,10:49:12,9.87,--,42,41454,卖盘
1483,10:49:07,9.87,0.01,63,62180,买盘
1484,10:48:57,9.86,-0.01,71,70006,卖盘
1485,10:48:52,9.87,--,1,986,卖盘
1486,10:48:46,9.87,--,17,16779,卖盘
1487,10:48:42,9.87,--,10,9870,卖盘
1488,10:48:37,9.87,--,28,27635,卖盘
1489,10:48:31,9.87,0.01,582,574434,买盘
1490,10:48:25,9.86,-0.01,83,81838,卖盘
1491,10:48:22,9.87,-0.01,45,44415,中性盘
1492,10:48:16,9.88,0.01,12,11856,买盘
1493,10:48:10,9.87,-0.01,108,106595,卖盘
1494,10:48:07,9.88,0.01,18,17784,买盘
1495,10:48:01,9.87,--,30,29609,卖盘
1496,10:47:52,9.87,-0.01,44,43428,卖盘
1497,10:47:46,9.88,0.01,207,204516,买盘
1498,10:47:40,9.87,-0.01,19,18753,卖盘
1499,10:47:37,9.88,0.01,20,19760,买盘
1500,10:47:31,9.87,--,10,9870,卖盘
1501,10:47:25,9.87,--,9,8883,卖盘
1502,10:47:22,9.87,--,291,287217,卖盘
1503,10:47:16,9.87,-0.01,38,37506,卖盘
1504,10:47:10,9.88,0.01,34,33592,买盘
1505,10:47:07,9.87,-0.01,24,23687,卖盘
1506,10:47:01,9.88,0.01,41,40508,买盘
1507,10:46:55,9.87,--,19,18753,卖盘
1508,10:46:52,9.87,--,3,2960,卖盘
1509,10:46:46,9.87,-0.01,71,70077,卖盘
1510,10:46:40,9.88,0.01,27,26676,买盘
1511,10:46:37,9.87,-0.01,164,161868,卖盘
1512,10:46:31,9.88,0.01,18,17784,买盘
1513,10:46:22,9.87,--,41,40467,卖盘
1514,10:46:16,9.87,--,155,152985,卖盘
1515,10:46:10,9.87,--,103,101660,买盘
1516,10:46:07,9.87,0.01,13,12830,买盘
1517,10:46:01,9.86,--,151,148886,卖盘
1518,10:45:52,9.86,-0.01,280,276080,卖盘
1519,10:45:46,9.87,--,30,29609,卖盘
1520,10:45:40,9.87,--,10,9870,卖盘
1521,10:45:37,9.87,--,25,24674,卖盘
1522,10:45:31,9.87,0.01,183,180621,买盘
1523,10:45:25,9.86,-0.01,9,8874,卖盘
1524,10:45:22,9.87,0.01,34,33558,买盘
1525,10:45:16,9.86,-0.01,85,83810,卖盘
1526,10:45:10,9.87,-0.01,124,122387,卖盘
1527,10:45:07,9.88,0.01,109,107692,买盘
1528,10:45:01,9.87,--,61,60206,卖盘
1529,10:44:55,9.87,0.01,51,50336,买盘
1530,10:44:52,9.86,--,9,8874,卖盘
1531,10:44:46,9.86,-0.01,11,10846,卖盘
1532,10:44:40,9.87,--,45,44415,卖盘
1533,10:44:37,9.87,--,2,1973,卖盘
1534,10:44:31,9.87,--,44,43428,卖盘
1535,10:44:25,9.87,0.01,69,68103,买盘
1536,10:44:22,9.86,-0.01,31,30566,卖盘
1537,10:44:16,9.87,--,79,77973,买盘
1538,10:44:10,9.87,--,11,10857,买盘
1539,10:44:07,9.87,--,107,105608,买盘
1540,10:44:01,9.87,--,53,52310,卖盘
1541,10:43:55,9.87,--,9,8883,卖盘
1542,10:43:51,9.87,--,31,30596,买盘
1543,10:43:46,9.87,--,200,197399,买盘
1544,10:43:40,9.87,-0.01,61,61075,卖盘
1545,10:43:36,9.88,0.01,28,27664,买盘
1546,10:43:31,9.87,--,41,40467,卖盘
1547,10:43:25,9.87,--,9,8883,卖盘
1548,10:43:21,9.87,--,519,512371,买盘
1549,10:43:16,9.87,0.01,909,897182,买盘
1550,10:43:10,9.86,--,10,9860,卖盘
1551,10:43:07,9.86,--,76,74936,卖盘
1552,10:43:01,9.86,--,393,387498,卖盘
1553,10:42:55,9.86,--,2,1972,卖盘
1554,10:42:51,9.86,-0.01,150,147900,卖盘
1555,10:42:46,9.87,0.01,14,13817,买盘
1556,10:42:40,9.86,--,34,33524,卖盘
1557,10:42:36,9.86,--,2,1972,卖盘
1558,10:42:31,9.86,-0.01,23,22678,卖盘
1559,10:42:25,9.87,0.01,21,20727,买盘
1560,10:42:21,9.86,-0.01,166,163676,卖盘
1561,10:42:16,9.87,--,40,39480,买盘
1562,10:42:10,9.87,0.01,91,89817,买盘
1563,10:42:06,9.86,--,67,66062,卖盘
1564,10:42:01,9.86,--,8,7888,卖盘
1565,10:41:55,9.86,-0.01,9,8874,卖盘
1566,10:41:51,9.87,0.02,82,80934,买盘
1567,10:41:46,9.85,-0.01,71,69935,卖盘
1568,10:41:40,9.86,0.01,123,121278,买盘
1569,10:41:36,9.85,-0.01,89,87665,卖盘
1570,10:41:31,9.86,0.01,76,74936,卖盘
1571,10:41:25,9.85,--,0,0,卖盘
1572,10:41:21,9.85,-0.01,657,647637,卖盘
1573,10:41:16,9.86,--,45,44370,买盘
1574,10:41:10,9.86,0.01,20,19720,买盘
1575,10:41:06,9.85,-0.01,342,336870,卖盘
1576,10:41:01,9.86,0.01,45,44370,买盘
1577,10:40:55,9.85,--,26,25610,卖盘
1578,10:40:51,9.85,--,104,102440,卖盘
1579,10:40:46,9.85,--,103,101455,卖盘
1580,10:40:40,9.85,--,277,272845,买盘
1581,10:40:34,9.85,0.01,16,15760,买盘
1582,10:40:31,9.84,--,206,202704,卖盘
1583,10:40:25,9.84,--,231,227304,卖盘
1584,10:40:19,9.84,-0.01,193,189912,卖盘
1585,10:40:16,9.85,0.01,59,58115,买盘
1586,10:40:10,9.84,--,44,43296,卖盘
1587,10:40:04,9.84,--,2,1968,卖盘
1588,10:40:01,9.84,-0.01,81,79704,卖盘
1589,10:39:55,9.85,0.01,271,266935,买盘
1590,10:39:46,9.84,--,138,135792,卖盘
1591,10:39:40,9.84,-0.01,82,80688,卖盘
1592,10:39:34,9.85,0.01,1,985,买盘
1593,10:39:31,9.84,-0.01,224,220416,卖盘
1594,10:39:25,9.85,--,33,32505,卖盘
1595,10:39:19,9.85,-0.01,40,39400,卖盘
1596,10:39:16,9.86,0.01,2,1972,买盘
1597,10:39:10,9.85,--,9,8865,卖盘
1598,10:39:04,9.85,--,10,9850,卖盘
1599,10:39:01,9.85,--,85,83725,卖盘
1600,10:38:49,9.85,-0.01,11,10835,卖盘
1601,10:38:46,9.86,-0.01,323,318478,卖盘
1602,10:38:40,9.87,0.02,124,122387,买盘
1603,10:38:34,9.85,-0.02,64,63040,卖盘
1604,10:38:31,9.87,0.02,30,29609,买盘
1605,10:38:25,9.85,-0.01,150,147750,卖盘
1606,10:38:19,9.86,--,10,9860,卖盘
1607,10:38:16,9.86,-0.01,39,38454,卖盘
1608,10:38:10,9.87,0.02,25,24674,买盘
1609,10:38:04,9.85,--,17,16745,卖盘
1610,10:38:01,9.85,-0.01,108,106380,卖盘
1611,10:37:55,9.86,--,9,8874,卖盘
1612,10:37:46,9.86,--,19,18734,卖盘
1613,10:37:40,9.86,0.01,22,21692,中性盘
1614,10:37:34,9.85,-0.02,142,139870,卖盘
1615,10:37:31,9.87,0.01,51,50336,买盘
1616,10:37:25,9.86,0.01,412,406232,买盘
1617,10:37:19,9.85,-0.01,60,59100,卖盘
1618,10:37:16,9.86,-0.01,101,99586,卖盘
1619,10:37:10,9.87,--,101,99686,买盘
1620,10:37:04,9.87,--,0,0,买盘
1621,10:37:00,9.87,0.01,1092,1077804,买盘
1622,10:36:55,9.86,--,110,108460,卖盘
1623,10:36:49,9.86,-0.01,10,9860,卖盘
1624,10:36:45,9.87,0.01,10,9870,买盘
1625,10:36:40,9.86,-0.01,61,60146,卖盘
1626,10:36:34,9.87,--,204,201347,卖盘
1627,10:36:25,9.87,-0.01,18,17766,卖盘
1628,10:36:15,9.88,--,79,78052,买盘
1629,10:36:10,9.88,0.02,10,9880,买盘
1630,10:36:04,9.86,--,85,83810,卖盘
1631,10:36:00,9.86,--,12,11832,卖盘
1632,10:35:55,9.86,--,14,13804,卖盘
1633,10:35:49,9.86,--,1,986,卖盘
1634,10:35:45,9.86,--,28,27608,买盘
1635,10:35:40,9.86,0.01,42,41412,买盘
1636,10:35:34,9.85,--,30,29550,卖盘
1637,10:35:30,9.85,-0.03,71,69935,卖盘
1638,10:35:25,9.88,0.01,82,81016,买盘
1639,10:35:19,9.87,--,20,19740,买盘
1640,10:35:15,9.87,0.02,5,4935,中性盘
1641,10:35:10,9.85,-0.02,1009,993865,卖盘
1642,10:35:00,9.87,-0.01,24,23687,卖盘
1643,10:34:55,9.88,--,188,185744,卖盘
1644,10:34:45,9.88,--,20,19760,卖盘
1645,10:34:40,9.88,--,47,46436,卖盘
1646,10:34:34,9.88,-0.01,10,9880,卖盘
1647,10:34:30,9.89,0.01,39,38571,买盘
1648,10:34:25,9.88,-0.01,251,247988,卖盘
1649,10:34:19,9.89,-0.01,50,49450,卖盘
1650,10:34:15,9.9,0.01,110,108900,买盘
1651,10:34:10,9.89,-0.01,416,411424,卖盘
1652,10:34:04,9.9,--,19,18810,买盘
1653,10:34:00,9.9,--,14,13860,买盘
1654,10:33:55,9.9,--,22,21780,买盘
1655,10:33:40,9.9,0.01,60,59400,买盘
1656,10:33:30,9.89,--,209,206701,卖盘
1657,10:33:25,9.89,--,184,181976,卖盘
1658,10:33:19,9.89,-0.01,9,8901,卖盘
1659,10:33:15,9.9,0.01,117,115830,买盘
1660,10:33:10,9.89,-0.01,40,39560,卖盘
1661,10:33:04,9.9,--,65,64350,买盘
1662,10:33:00,9.9,--,189,188010,卖盘
1663,10:32:55,9.9,--,95,94050,卖盘
1664,10:32:45,9.9,0.01,187,185219,买盘
1665,10:32:34,9.89,-0.01,10,9890,卖盘
1666,10:32:28,9.9,0.02,12,11880,买盘
1667,10:32:25,9.88,-0.01,19,18772,卖盘
1668,10:32:13,9.89,-0.01,89,88021,卖盘
1669,10:32:10,9.9,0.01,83,82170,买盘
1670,10:32:04,9.89,--,87,86043,买盘
1671,10:31:58,9.89,--,20,19780,买盘
1672,10:31:55,9.89,--,10,9890,买盘
1673,10:31:49,9.89,--,120,118680,买盘
1674,10:31:43,9.89,0.01,8,7912,买盘
1675,10:31:40,9.88,-0.01,15,14820,卖盘
1676,10:31:34,9.89,--,1217,1203613,买盘
1677,10:31:28,9.89,-0.01,219,216591,卖盘
1678,10:31:25,9.9,0.01,63,62370,买盘
1679,10:31:19,9.89,--,19,18791,卖盘
1680,10:31:13,9.89,--,57,56373,卖盘
1681,10:31:10,9.89,-0.01,9,8901,卖盘
1682,10:31:04,9.9,0.02,159,157410,买盘
1683,10:30:58,9.88,--,2,1976,卖盘
1684,10:30:55,9.88,--,12,11856,卖盘
1685,10:30:49,9.88,-0.01,123,121524,卖盘
1686,10:30:43,9.89,--,10,9890,买盘
1687,10:30:40,9.89,0.01,32,31648,买盘
1688,10:30:34,9.88,-0.01,59,58292,卖盘
1689,10:30:28,9.89,--,2,1978,买盘
1690,10:30:25,9.89,0.01,56,55384,买盘
1691,10:30:19,9.88,--,1,988,卖盘
1692,10:30:13,9.88,--,500,494000,买盘
1693,10:30:10,9.88,0.01,40,39520,买盘
1694,10:30:04,9.87,-0.01,51,50336,卖盘
1695,10:29:58,9.88,0.01,102,100776,买盘
1696,10:29:55,9.87,--,102,100673,卖盘
1697,10:29:49,9.87,--,10,9870,卖盘
1698,10:29:43,9.87,-0.01,12,11843,卖盘
1699,10:29:40,9.88,0.01,45,44460,买盘
1700,10:29:34,9.87,--,1,986,卖盘
1701,10:29:28,9.87,-0.01,10,9870,卖盘
1702,10:29:25,9.88,0.01,3,2964,买盘
1703,10:29:19,9.87,--,12,11843,买盘
1704,10:29:13,9.87,--,7,6908,卖盘
1705,10:29:09,9.87,--,32,31583,卖盘
1706,10:29:04,9.87,0.01,11,10857,中性盘
1707,10:28:58,9.86,-0.01,48,47328,卖盘
1708,10:28:54,9.87,--,167,164829,卖盘
1709,10:28:49,9.87,--,25,24674,买盘
1710,10:28:43,9.87,--,35,34545,买盘
1711,10:28:39,9.87,0.01,30,29609,买盘
1712,10:28:34,9.86,-0.01,39,38454,卖盘
1713,10:28:28,9.87,0.01,2,1973,买盘
1714,10:28:24,9.86,-0.01,101,99586,卖盘
1715,10:28:19,9.87,--,55,54284,买盘
1716,10:28:13,9.87,0.01,92,90804,买盘
1717,10:28:09,9.86,-0.01,53,52258,卖盘
1718,10:28:04,9.87,0.01,110,108569,买盘
1719,10:27:58,9.86,-0.01,10,9860,卖盘
1720,10:27:54,9.87,--,152,150024,卖盘
1721,10:27:49,9.87,--,96,94751,卖盘
1722,10:27:39,9.87,-0.01,14,13817,卖盘
1723,10:27:34,9.88,0.01,28,27664,买盘
1724,10:27:28,9.87,--,1,986,卖盘
1725,10:27:24,9.87,-0.01,263,259580,卖盘
1726,10:27:19,9.88,0.01,25,24700,买盘
1727,10:27:09,9.87,--,12,11843,卖盘
1728,10:27:04,9.87,--,10,9870,卖盘
1729,10:26:58,9.87,--,10,9870,卖盘
1730,10:26:54,9.87,-0.01,129,127322,卖盘
1731,10:26:49,9.88,0.01,6,5928,买盘
1732,10:26:43,9.87,--,119,117452,卖盘
1733,10:26:34,9.87,--,43,42441,卖盘
1734,10:26:24,9.87,--,11,10857,卖盘
1735,10:26:19,9.87,-0.01,58,57245,卖盘
1736,10:26:13,9.88,--,6,5928,买盘
1737,10:26:09,9.88,0.01,35,34580,买盘
1738,10:26:04,9.87,-0.01,14,13817,中性盘
1739,10:25:58,9.88,--,6,5928,买盘
1740,10:25:54,9.88,0.02,41,40508,买盘
1741,10:25:49,9.86,--,31,30566,卖盘
1742,10:25:43,9.86,-0.01,71,70006,卖盘
1743,10:25:39,9.87,--,131,129859,卖盘
1744,10:25:34,9.87,--,2,1973,卖盘
1745,10:25:28,9.87,--,61,60206,卖盘
1746,10:25:24,9.87,0.01,244,240827,买盘
1747,10:25:19,9.86,--,1,986,卖盘
1748,10:25:13,9.86,-0.01,31,30566,卖盘
1749,10:25:09,9.87,--,53,52310,买盘
1750,10:25:04,9.87,--,86,84882,买盘
1751,10:24:58,9.87,0.01,74,73038,买盘
1752,10:24:54,9.86,-0.01,246,242556,卖盘
1753,10:24:49,9.87,0.01,23,22701,买盘
1754,10:24:43,9.86,-0.01,1,986,卖盘
1755,10:24:37,9.87,0.01,4,3947,买盘
1756,10:24:34,9.86,-0.01,113,111418,卖盘
1757,10:24:28,9.87,0.01,20,19740,买盘
1758,10:24:22,9.86,-0.01,1,986,卖盘
1759,10:24:13,9.87,--,8,7895,买盘
1760,10:24:04,9.87,0.01,21,20727,中性盘
1761,10:23:58,9.86,-0.01,148,145928,卖盘
1762,10:23:52,9.87,-0.01,43,42441,卖盘
1763,10:23:49,9.88,0.01,413,408044,买盘
1764,10:23:43,9.87,0.01,8,7895,买盘
1765,10:23:37,9.86,-0.01,1,986,卖盘
1766,10:23:33,9.87,--,70,69090,卖盘
1767,10:23:28,9.87,--,144,142128,买盘
1768,10:23:18,9.87,--,111,109556,买盘
1769,10:23:13,9.87,0.01,5,4935,买盘
1770,10:23:07,9.86,--,86,84796,卖盘
1771,10:22:52,9.86,--,3,2958,卖盘
1772,10:22:49,9.86,-0.01,70,69020,卖盘
1773,10:22:43,9.87,0.01,37,36519,买盘
1774,10:22:37,9.86,--,0,0,卖盘
1775,10:22:34,9.86,-0.01,65,64089,卖盘
1776,10:22:28,9.87,0.01,9,8883,卖盘
1777,10:22:22,9.86,-0.01,11,10846,卖盘
1778,10:22:19,9.87,--,94,92777,买盘
1779,10:22:13,9.87,0.01,538,531006,买盘
1780,10:22:07,9.86,--,62,61132,卖盘
1781,10:22:03,9.86,--,15,14790,卖盘
1782,10:21:58,9.86,--,60,59160,卖盘
1783,10:21:48,9.86,0.01,35,34510,卖盘
1784,10:21:43,9.85,--,0,0,卖盘
1785,10:21:37,9.85,-0.01,43,42355,卖盘
1786,10:21:33,9.86,0.01,10,9860,买盘
1787,10:21:28,9.85,-0.02,178,175330,卖盘
1788,10:21:22,9.87,0.01,83,81921,买盘
1789,10:21:18,9.86,--,17,16762,买盘
1790,10:21:13,9.86,--,42,41412,买盘
1791,10:21:03,9.86,--,101,99586,卖盘
1792,10:20:58,9.86,--,245,241570,卖盘
1793,10:20:52,9.86,--,29,28594,卖盘
1794,10:20:43,9.86,--,51,50286,卖盘
1795,10:20:37,9.86,-0.01,20,19720,卖盘
1796,10:20:33,9.87,--,74,73038,买盘
1797,10:20:28,9.87,--,12,11843,买盘
1798,10:20:22,9.87,--,10,9870,买盘
1799,10:20:18,9.87,--,152,150024,卖盘
1800,10:20:13,9.87,--,26,25661,卖盘
1801,10:20:07,9.87,-0.01,2,1973,卖盘
1802,10:19:58,9.88,0.01,3,2964,买盘
1803,10:19:52,9.87,--,20,19740,卖盘
1804,10:19:48,9.87,--,50,49349,买盘
1805,10:19:43,9.87,--,165,162855,卖盘
1806,10:19:37,9.87,--,1,986,卖盘
1807,10:19:33,9.87,--,18,17766,卖盘
1808,10:19:28,9.87,--,353,348411,买盘
1809,10:19:18,9.87,0.01,53,52310,买盘
1810,10:19:13,9.86,-0.01,34,33524,卖盘
1811,10:19:07,9.87,--,82,80934,买盘
1812,10:19:03,9.87,-0.01,30,29609,卖盘
1813,10:18:58,9.88,0.01,11,10868,买盘
1814,10:18:52,9.87,--,21,20727,卖盘
1815,10:18:43,9.87,--,58,57245,卖盘
1816,10:18:37,9.87,--,19,18753,卖盘
1817,10:18:33,9.87,0.01,214,211217,买盘
1818,10:18:28,9.86,-0.01,74,72964,卖盘
1819,10:18:18,9.87,--,110,108569,买盘
1820,10:18:13,9.87,--,30,29609,卖盘
1821,10:18:07,9.87,-0.03,101,99686,卖盘
1822,10:18:03,9.9,0.03,165,163350,买盘
1823,10:17:58,9.87,0.01,66,65141,卖盘
1824,10:17:47,9.86,--,271,267206,卖盘
1825,10:17:43,9.86,-0.01,397,391442,卖盘
1826,10:17:37,9.87,0.01,6,5921,买盘
1827,10:17:32,9.86,-0.01,195,192270,卖盘
1828,10:17:28,9.87,--,56,55271,买盘
1829,10:17:22,9.87,--,28,27635,买盘
1830,10:17:18,9.87,-0.02,443,437240,卖盘
1831,10:17:13,9.89,0.02,21,20769,买盘
1832,10:17:07,9.87,--,119,117452,卖盘
1833,10:17:01,9.87,-0.01,33,32570,卖盘
1834,10:16:58,9.88,--,170,167960,卖盘
1835,10:16:52,9.88,--,86,84968,买盘
1836,10:16:46,9.88,--,5,4940,买盘
1837,10:16:43,9.88,0.01,216,213408,买盘
1838,10:16:37,9.87,--,20,19740,卖盘
1839,10:16:31,9.87,--,31,30596,卖盘
1840,10:16:28,9.87,--,11,10857,卖盘
1841,10:16:22,9.87,-0.01,192,189503,卖盘
1842,10:16:16,9.88,--,1,988,卖盘
1843,10:16:13,9.88,0.01,109,107692,买盘
1844,10:16:07,9.87,-0.01,65,64154,卖盘
1845,10:15:57,9.88,--,24,23712,卖盘
1846,10:15:52,9.88,--,216,213408,卖盘
1847,10:15:46,9.88,--,1,988,卖盘
1848,10:15:42,9.88,-0.01,100,98800,卖盘
1849,10:15:37,9.89,--,419,414391,卖盘
1850,10:15:31,9.89,--,92,90988,卖盘
1851,10:15:27,9.89,-0.01,104,102856,卖盘
1852,10:15:22,9.9,--,61,60390,买盘
1853,10:15:16,9.9,--,50,49500,买盘
1854,10:15:12,9.9,--,522,517680,卖盘
1855,10:15:07,9.9,--,115,113850,卖盘
1856,10:15:01,9.9,-0.01,11,10890,卖盘
1857,10:14:57,9.91,0.01,5,4955,买盘
1858,10:14:52,9.9,-0.02,23,22770,卖盘
1859,10:14:42,9.92,0.01,211,209312,买盘
1860,10:14:37,9.91,-0.01,38,37658,卖盘
1861,10:14:31,9.92,0.01,34,33728,买盘
1862,10:14:27,9.91,--,1,991,卖盘
1863,10:14:22,9.91,--,42,41622,卖盘
1864,10:14:16,9.91,-0.01,32,31712,卖盘
1865,10:14:12,9.92,0.01,17,16864,买盘
1866,10:14:07,9.91,--,2,1982,卖盘
1867,10:14:01,9.91,-0.01,23,22793,卖盘
1868,10:13:57,9.92,--,12,11904,卖盘
1869,10:13:52,9.92,--,20,19840,卖盘
1870,10:13:46,9.92,0.02,48,47616,买盘
1871,10:13:42,9.9,--,103,101970,卖盘
1872,10:13:37,9.9,--,62,61380,卖盘
1873,10:13:31,9.9,-0.02,141,139590,卖盘
1874,10:13:27,9.92,--,2,1984,买盘
1875,10:13:22,9.92,--,30,29760,卖盘
1876,10:13:12,9.92,--,129,127968,买盘
1877,10:13:07,9.92,0.01,10,9920,买盘
1878,10:13:01,9.91,--,5,4955,卖盘
1879,10:12:57,9.91,-0.01,52,51532,卖盘
1880,10:12:46,9.92,--,3,2976,买盘
1881,10:12:42,9.92,--,129,127968,卖盘
1882,10:12:37,9.92,--,84,83328,卖盘
1883,10:12:27,9.92,0.01,6,5952,卖盘
1884,10:12:22,9.91,-0.02,500,495500,卖盘
1885,10:12:16,9.93,--,11,10923,卖盘
1886,10:12:07,9.93,0.01,53,52629,买盘
1887,10:12:01,9.92,-0.01,13,12896,卖盘
1888,10:11:57,9.93,0.01,10,9930,买盘
1889,10:11:52,9.92,--,20,19840,卖盘
1890,10:11:42,9.92,--,1,992,卖盘
1891,10:11:37,9.92,-0.01,20,19840,卖盘
1892,10:11:31,9.93,-0.02,11,10923,卖盘
1893,10:11:27,9.95,0.03,83,82585,买盘
1894,10:11:22,9.92,-0.01,1,992,卖盘
1895,10:11:16,9.93,-0.01,5,4965,买盘
1896,10:11:12,9.94,--,64,63616,买盘
1897,10:11:07,9.94,0.01,51,50694,买盘
1898,10:10:57,9.93,-0.01,37,36741,卖盘
1899,10:10:52,9.94,0.01,69,68586,买盘
1900,10:10:46,9.93,--,21,20853,卖盘
1901,10:10:42,9.93,--,15,14895,卖盘
1902,10:10:37,9.93,-0.01,33,32769,卖盘
1903,10:10:31,9.94,0.01,34,33796,买盘
1904,10:10:26,9.93,--,89,88377,卖盘
1905,10:10:22,9.93,--,41,40713,卖盘
1906,10:10:16,9.93,-0.01,1,993,卖盘
1907,10:10:10,9.94,0.01,1,994,买盘
1908,10:10:07,9.93,-0.01,8,7944,卖盘
1909,10:10:01,9.94,--,39,38766,买盘
1910,10:09:55,9.94,0.01,35,34790,买盘
1911,10:09:52,9.93,-0.01,1,993,卖盘
1912,10:09:46,9.94,0.01,28,27832,买盘
1913,10:09:40,9.93,--,3,2979,卖盘
1914,10:09:37,9.93,--,261,259272,买盘
1915,10:09:31,9.93,--,110,109230,买盘
1916,10:09:25,9.93,0.01,293,290949,买盘
1917,10:09:21,9.92,-0.01,13,12896,卖盘
1918,10:09:16,9.93,0.01,55,54615,买盘
1919,10:09:06,9.92,--,10,9920,卖盘
1920,10:09:01,9.92,-0.01,50,49600,卖盘
1921,10:08:55,9.93,0.01,32,31776,买盘
1922,10:08:46,9.92,--,132,130944,卖盘
1923,10:08:36,9.92,--,9,8928,卖盘
1924,10:08:31,9.92,-0.01,150,148800,卖盘
1925,10:08:25,9.93,0.01,51,50643,买盘
1926,10:08:21,9.92,-0.01,70,69440,卖盘
1927,10:08:16,9.93,0.01,87,86391,买盘
1928,10:08:06,9.92,--,35,34720,卖盘
1929,10:08:01,9.92,--,141,139872,卖盘
1930,10:07:51,9.92,--,3,3065,卖盘
1931,10:07:46,9.92,--,45,44640,卖盘
1932,10:07:40,9.92,--,51,50592,卖盘
1933,10:07:36,9.92,--,3,2976,卖盘
1934,10:07:31,9.92,--,16,15872,卖盘
1935,10:07:25,9.92,--,1,992,卖盘
1936,10:07:16,9.92,-0.01,120,119040,卖盘
1937,10:07:10,9.93,0.02,83,82419,买盘
1938,10:07:06,9.91,-0.01,40,39640,卖盘
1939,10:07:01,9.92,0.01,15,14880,买盘
1940,10:06:55,9.91,-0.01,1,991,卖盘
1941,10:06:51,9.92,0.01,5,4960,买盘
1942,10:06:46,9.91,--,42,41622,买盘
1943,10:06:40,9.91,--,42,41622,买盘
1944,10:06:36,9.91,--,105,104055,买盘
1945,10:06:31,9.91,--,40,39640,买盘
1946,10:06:25,9.91,--,117,115947,买盘
1947,10:06:21,9.91,-0.02,309,307110,卖盘
1948,10:06:15,9.93,0.01,7,6951,买盘
1949,10:06:10,9.92,--,5,4960,卖盘
1950,10:06:06,9.92,--,111,110112,卖盘
1951,10:06:01,9.92,--,15,14880,卖盘
1952,10:05:55,9.92,--,10,9920,卖盘
1953,10:05:51,9.92,--,1,992,卖盘
1954,10:05:45,9.92,-0.01,56,55552,卖盘
1955,10:05:40,9.93,0.01,31,30783,买盘
1956,10:05:36,9.92,--,31,30752,卖盘
1957,10:05:30,9.92,-0.02,1,992,卖盘
1958,10:05:25,9.94,0.02,60,59640,买盘
1959,10:05:21,9.92,-0.01,105,104160,卖盘
1960,10:05:15,9.93,0.01,54,53721,卖盘
1961,10:05:10,9.92,--,0,0,卖盘
1962,10:05:06,9.92,--,134,132928,卖盘
1963,10:05:00,9.92,--,14,13888,卖盘
1964,10:04:55,9.92,--,74,73408,卖盘
1965,10:04:45,9.92,-0.02,1,992,卖盘
1966,10:04:40,9.94,--,32,31808,买盘
1967,10:04:36,9.94,--,48,47712,买盘
1968,10:04:30,9.94,--,40,39760,买盘
1969,10:04:15,9.94,-0.01,20,19880,卖盘
1970,10:04:10,9.95,0.01,372,370140,买盘
1971,10:04:05,9.94,--,32,31808,卖盘
1972,10:04:00,9.94,0.01,81,80514,买盘
1973,10:03:51,9.93,-0.01,175,173775,卖盘
1974,10:03:45,9.94,0.01,36,35784,买盘
1975,10:03:36,9.93,-0.01,14,13902,卖盘
1976,10:03:30,9.94,0.01,33,32802,买盘
1977,10:03:25,9.93,--,51,50643,卖盘
1978,10:03:20,9.93,-0.01,36,35748,卖盘
1979,10:03:15,9.94,0.01,2,1988,买盘
1980,10:03:10,9.93,-0.01,10,9930,卖盘
1981,10:03:04,9.94,--,56,55664,买盘
1982,10:03:00,9.94,0.01,10,9940,中性盘
1983,10:02:55,9.93,-0.01,300,297900,卖盘
1984,10:02:49,9.94,-0.01,88,87472,卖盘
1985,10:02:45,9.95,0.01,9,8955,买盘
1986,10:02:40,9.94,-0.01,15,14910,卖盘
1987,10:02:34,9.95,0.01,26,25869,买盘
1988,10:02:30,9.94,--,11,10934,卖盘
1989,10:02:25,9.94,--,63,62622,卖盘
1990,10:02:19,9.94,-0.02,1,994,卖盘
1991,10:02:15,9.96,0.02,7,6972,买盘
1992,10:02:10,9.94,--,1,994,卖盘
1993,10:02:04,9.94,-0.01,20,19880,卖盘
1994,10:02:00,9.95,--,1,994,卖盘
1995,10:01:55,9.95,0.01,72,71640,买盘
1996,10:01:49,9.94,--,6,5964,卖盘
1997,10:01:45,9.94,--,169,167986,卖盘
1998,10:01:40,9.94,--,111,110334,卖盘
1999,10:01:34,9.94,-0.01,15,14910,卖盘
2000,10:01:30,9.95,0.01,28,27859,买盘
2001,10:01:25,9.94,-0.01,46,45724,卖盘
2002,10:01:19,9.95,0.01,152,151240,买盘
2003,10:01:15,9.94,--,29,28826,卖盘
2004,10:01:10,9.94,--,77,76538,卖盘
2005,10:01:04,9.94,--,31,30814,卖盘
2006,10:01:00,9.94,-0.01,52,51688,卖盘
2007,10:00:45,9.95,--,154,153230,卖盘
2008,10:00:40,9.95,--,158,157210,卖盘
2009,10:00:30,9.95,--,61,60694,卖盘
2010,10:00:25,9.95,0.01,7,6964,买盘
2011,10:00:19,9.94,-0.01,45,44730,卖盘
2012,10:00:15,9.95,0.01,7,6964,卖盘
2013,10:00:10,9.94,--,255,253470,卖盘
2014,10:00:00,9.94,-0.01,28,27832,卖盘
2015,09:59:54,9.95,0.01,245,243774,买盘
2016,09:59:45,9.94,-0.01,11,10934,卖盘
2017,09:59:39,9.95,--,72,71640,卖盘
2018,09:59:34,9.95,--,114,113429,卖盘
2019,09:59:30,9.95,--,3,2985,卖盘
2020,09:59:24,9.95,--,25,24875,卖盘
2021,09:59:15,9.95,-0.01,102,101490,卖盘
2022,09:59:09,9.96,0.01,30,29880,买盘
2023,09:59:04,9.95,-0.01,1,994,卖盘
2024,09:59:00,9.96,--,64,63744,卖盘
2025,09:58:54,9.96,--,117,116532,卖盘
2026,09:58:45,9.96,--,4,3984,卖盘
2027,09:58:39,9.96,--,15,14940,卖盘
2028,09:58:34,9.96,-0.01,5,4980,卖盘
2029,09:58:30,9.97,--,108,107676,买盘
2030,09:58:24,9.97,0.01,10,9970,买盘
2031,09:58:19,9.96,-0.01,1,996,卖盘
2032,09:58:15,9.97,-0.01,40,39880,卖盘
2033,09:58:09,9.98,0.02,60,59880,买盘
2034,09:58:04,9.96,-0.01,50,49800,卖盘
2035,09:58:00,9.97,--,42,41874,买盘
2036,09:57:54,9.97,--,15,14955,买盘
2037,09:57:49,9.97,-0.01,67,66799,卖盘
2038,09:57:45,9.98,0.01,74,73852,买盘
2039,09:57:39,9.97,-0.01,278,277166,卖盘
2040,09:57:34,9.98,0.01,7,6986,买盘
2041,09:57:30,9.97,-0.01,11,10967,卖盘
2042,09:57:24,9.98,0.01,186,185628,买盘
2043,09:57:19,9.97,-0.01,8,7976,卖盘
2044,09:57:15,9.98,0.01,30,29940,买盘
2045,09:57:09,9.97,--,42,41874,卖盘
2046,09:57:04,9.97,--,55,54835,卖盘
2047,09:56:59,9.97,--,171,170487,卖盘
2048,09:56:54,9.97,--,52,51844,卖盘
2049,09:56:49,9.97,--,13,12961,卖盘
2050,09:56:39,9.97,--,51,50847,卖盘
2051,09:56:34,9.97,--,584,582248,买盘
2052,09:56:30,9.97,0.01,146,145562,买盘
2053,09:56:24,9.96,--,15,14940,卖盘
2054,09:56:19,9.96,--,113,112548,卖盘
2055,09:56:14,9.96,--,38,37848,卖盘
2056,09:56:09,9.96,--,101,100596,卖盘
2057,09:56:04,9.96,--,40,39840,卖盘
2058,09:55:59,9.96,0.01,153,152388,买盘
2059,09:55:54,9.95,-0.01,1,994,卖盘
2060,09:55:44,9.96,--,10,9960,买盘
2061,09:55:39,9.96,--,42,41832,卖盘
2062,09:55:34,9.96,-0.01,21,20916,卖盘
2063,09:55:29,9.97,--,59,58823,买盘
2064,09:55:24,9.97,-0.01,121,120637,卖盘
2065,09:55:13,9.98,--,89,88822,买盘
2066,09:55:09,9.98,--,146,145708,卖盘
2067,09:55:04,9.98,--,271,270458,卖盘
2068,09:54:58,9.98,--,79,78842,卖盘
2069,09:54:54,9.98,--,96,95808,卖盘
2070,09:54:49,9.98,--,235,234530,买盘
2071,09:54:39,9.98,--,53,52894,卖盘
2072,09:54:34,9.98,-0.01,10,9980,卖盘
2073,09:54:28,9.99,0.01,69,68931,买盘
2074,09:54:24,9.98,--,58,57884,买盘
2075,09:54:19,9.98,--,236,235528,买盘
2076,09:54:13,9.98,--,29,28942,买盘
2077,09:54:09,9.98,0.01,117,116766,买盘
2078,09:54:04,9.97,--,11,10967,卖盘
2079,09:53:58,9.97,--,35,34895,卖盘
2080,09:53:54,9.97,--,167,166499,卖盘
2081,09:53:49,9.97,0.01,210,209370,买盘
2082,09:53:43,9.96,--,1,996,卖盘
2083,09:53:39,9.96,0.01,182,181272,买盘
2084,09:53:34,9.95,--,22,21890,卖盘
2085,09:53:28,9.95,--,50,49750,卖盘
2086,09:53:24,9.95,--,28,27859,卖盘
2087,09:53:19,9.95,--,22,21890,买盘
2088,09:53:13,9.95,0.02,25,24875,买盘
2089,09:53:09,9.93,--,52,51636,卖盘
2090,09:53:03,9.93,-0.02,154,152922,卖盘
2091,09:52:58,9.95,0.02,112,111439,买盘
2092,09:52:54,9.93,--,15,14895,卖盘
2093,09:52:48,9.93,--,30,29790,卖盘
2094,09:52:39,9.93,0.01,101,100293,买盘
2095,09:52:33,9.92,-0.01,153,151776,卖盘
2096,09:52:28,9.93,0.01,5,4965,买盘
2097,09:52:24,9.92,--,85,84320,卖盘
2098,09:52:18,9.92,--,14,13888,卖盘
2099,09:52:13,9.92,0.02,152,150784,买盘
2100,09:52:03,9.9,-0.03,41,40590,卖盘
2101,09:51:58,9.93,0.02,88,87384,买盘
2102,09:51:54,9.91,-0.01,32,31712,卖盘
2103,09:51:48,9.92,--,65,64480,买盘
2104,09:51:43,9.92,0.01,4,3968,买盘
2105,09:51:39,9.91,-0.01,165,163515,卖盘
2106,09:51:33,9.92,0.01,45,44640,卖盘
2107,09:51:24,9.91,-0.01,169,167479,卖盘
2108,09:51:18,9.92,0.01,114,113088,买盘
2109,09:51:13,9.91,--,20,19820,卖盘
2110,09:51:09,9.91,-0.02,47,46577,卖盘
2111,09:51:03,9.93,-0.01,2,1986,中性盘
2112,09:50:58,9.94,0.03,13,12922,买盘
2113,09:50:54,9.91,-0.01,219,217029,卖盘
2114,09:50:48,9.92,0.01,2,1984,中性盘
2115,09:50:43,9.91,-0.01,55,54505,卖盘
2116,09:50:39,9.92,--,11,10912,卖盘
2117,09:50:33,9.92,0.02,19,18848,买盘
2118,09:50:28,9.9,--,0,0,卖盘
2119,09:50:23,9.9,-0.03,136,134640,卖盘
2120,09:50:18,9.93,0.02,281,279033,买盘
2121,09:50:13,9.91,0.01,18,17838,买盘
2122,09:50:08,9.9,--,109,107910,卖盘
2123,09:50:03,9.9,-0.01,106,104940,卖盘
2124,09:49:53,9.91,--,222,220002,买盘
2125,09:49:48,9.91,-0.01,458,453878,卖盘
2126,09:49:43,9.92,--,31,30752,卖盘
2127,09:49:38,9.92,--,141,139872,买盘
2128,09:49:33,9.92,--,230,228160,买盘
2129,09:49:28,9.92,0.01,6,5952,买盘
2130,09:49:24,9.91,-0.02,150,148650,卖盘
2131,09:49:18,9.93,0.02,276,274425,买盘
2132,09:49:13,9.91,-0.01,8,7928,卖盘
2133,09:49:08,9.92,--,347,344858,卖盘
2134,09:49:03,9.92,--,685,679520,卖盘
2135,09:48:58,9.92,--,22,21824,卖盘
2136,09:48:53,9.92,--,317,314464,卖盘
2137,09:48:48,9.92,-0.01,380,376960,卖盘
2138,09:48:43,9.93,-0.03,18,17874,中性盘
2139,09:48:38,9.96,0.03,313,311748,买盘
2140,09:48:33,9.93,--,727,722268,卖盘
2141,09:48:23,9.93,-0.01,47,46671,卖盘
2142,09:48:18,9.94,--,211,209734,买盘
2143,09:48:13,9.94,--,26,25844,买盘
2144,09:48:08,9.94,--,7,6958,买盘
2145,09:48:03,9.94,--,354,352512,卖盘
2146,09:47:53,9.94,--,48,47712,卖盘
2147,09:47:48,9.94,-0.01,88,87472,卖盘
2148,09:47:43,9.95,--,10,9950,买盘
2149,09:47:38,9.95,--,86,85570,买盘
2150,09:47:33,9.95,-0.01,31,30844,卖盘
2151,09:47:28,9.96,--,166,165336,买盘
2152,09:47:22,9.96,0.01,2,1992,买盘
2153,09:47:18,9.95,--,2,1989,卖盘
2154,09:47:13,9.95,--,10,9950,卖盘
2155,09:47:07,9.95,--,1,994,卖盘
2156,09:47:03,9.95,-0.01,50,49750,卖盘
2157,09:46:58,9.96,--,8,7968,买盘
2158,09:46:48,9.96,0.01,20,19920,买盘
2159,09:46:43,9.95,--,21,20895,买盘
2160,09:46:37,9.95,--,56,55719,卖盘
2161,09:46:33,9.95,-0.01,172,171140,卖盘
2162,09:46:28,9.96,0.01,4,3984,中性盘
2163,09:46:22,9.95,-0.01,66,65670,卖盘
2164,09:46:18,9.96,--,30,29880,卖盘
2165,09:46:12,9.96,--,60,59760,买盘
2166,09:46:03,9.96,--,31,30876,买盘
2167,09:45:57,9.96,--,60,59760,卖盘
2168,09:45:52,9.96,0.01,71,70716,买盘
2169,09:45:48,9.95,--,74,73630,卖盘
2170,09:45:42,9.95,--,75,74625,卖盘
2171,09:45:37,9.95,--,1,994,卖盘
2172,09:45:33,9.95,--,182,181090,卖盘
2173,09:45:27,9.95,-0.02,84,83580,卖盘
2174,09:45:22,9.97,0.02,31,30907,买盘
2175,09:45:18,9.95,-0.02,211,209944,卖盘
2176,09:45:12,9.97,--,30,29910,买盘
2177,09:45:07,9.97,0.01,2,1994,买盘
2178,09:45:03,9.96,-0.01,156,155376,卖盘
2179,09:44:57,9.97,-0.01,98,97706,卖盘
2180,09:44:52,9.98,--,15,14970,买盘
2181,09:44:48,9.98,0.01,122,121756,买盘
2182,09:44:42,9.97,-0.01,741,738777,卖盘
2183,09:44:37,9.98,--,121,120758,卖盘
2184,09:44:33,9.98,--,26,25948,卖盘
2185,09:44:27,9.98,--,158,157684,卖盘
2186,09:44:22,9.98,0.01,121,120758,买盘
2187,09:44:18,9.97,-0.01,129,128613,卖盘
2188,09:44:12,9.98,--,79,78842,买盘
2189,09:44:07,9.98,0.01,94,93812,买盘
2190,09:44:03,9.97,-0.01,87,86739,卖盘
2191,09:43:57,9.98,0.01,356,355288,买盘
2192,09:43:52,9.97,--,10,9970,卖盘
2193,09:43:48,9.97,-0.01,51,50847,卖盘
2194,09:43:42,9.98,0.02,114,113772,买盘
2195,09:43:37,9.96,-0.01,40,39840,卖盘
2196,09:43:33,9.97,--,43,42871,买盘
2197,09:43:27,9.97,--,261,260217,买盘
2198,09:43:22,9.97,0.01,26,25922,买盘
2199,09:43:18,9.96,-0.01,246,245016,卖盘
2200,09:43:12,9.97,0.01,58,57826,买盘
2201,09:43:07,9.96,0.01,180,179280,买盘
2202,09:43:03,9.95,--,25,24875,卖盘
2203,09:42:57,9.95,--,5,4975,卖盘
2204,09:42:52,9.95,-0.01,11,10945,卖盘
2205,09:42:47,9.96,0.01,367,365532,买盘
2206,09:42:42,9.95,--,261,259694,买盘
2207,09:42:37,9.95,--,159,158205,买盘
2208,09:42:32,9.95,--,850,845749,买盘
2209,09:42:27,9.95,0.01,142,141290,买盘
2210,09:42:22,9.94,--,25,24850,卖盘
2211,09:42:17,9.94,0.01,273,271719,买盘
2212,09:42:12,9.93,--,326,323718,卖盘
2213,09:42:07,9.93,-0.01,111,110223,卖盘
2214,09:42:02,9.94,0.01,7,6958,买盘
2215,09:41:57,9.93,--,328,326319,买盘
2216,09:41:52,9.93,--,60,59580,买盘
2217,09:41:47,9.93,0.01,39,38727,买盘
2218,09:41:37,9.92,--,111,110112,卖盘
2219,09:41:32,9.92,--,450,446400,买盘
2220,09:41:27,9.92,0.01,68,67456,买盘
2221,09:41:17,9.91,0.01,71,70866,买盘
2222,09:41:12,9.9,--,268,265320,卖盘
2223,09:41:07,9.9,--,20,19800,卖盘
2224,09:41:02,9.9,--,110,108900,卖盘
2225,09:40:57,9.9,--,10,9900,卖盘
2226,09:40:52,9.9,-0.01,24,23760,卖盘
2227,09:40:47,9.91,0.01,287,284417,买盘
2228,09:40:42,9.9,--,92,91080,卖盘
2229,09:40:37,9.9,--,1,990,卖盘
2230,09:40:32,9.9,--,107,105930,卖盘
2231,09:40:27,9.9,-0.01,127,125730,卖盘
2232,09:40:22,9.91,0.01,9,8919,买盘
2233,09:40:17,9.9,--,315,311850,卖盘
2234,09:40:12,9.9,--,75,74250,卖盘
2235,09:40:07,9.9,--,3,2970,卖盘
2236,09:40:02,9.9,-0.01,1,990,卖盘
2237,09:39:57,9.91,--,51,50541,中性盘
2238,09:39:52,9.91,-0.01,132,130812,卖盘
2239,09:39:46,9.92,0.01,17,16864,买盘
2240,09:39:42,9.91,0.01,166,164506,买盘
2241,09:39:37,9.9,-0.01,50,49500,卖盘
2242,09:39:31,9.91,--,13,12883,买盘
2243,09:39:27,9.91,--,9,8919,买盘
2244,09:39:21,9.91,-0.01,287,284417,卖盘
2245,09:39:16,9.92,-0.01,29,28768,卖盘
2246,09:39:12,9.93,0.01,140,139020,买盘
2247,09:39:06,9.92,--,61,60512,买盘
2248,09:39:01,9.92,--,135,133920,卖盘
2249,09:38:57,9.92,--,8,7936,卖盘
2250,09:38:51,9.92,0.01,3,2976,卖盘
2251,09:38:46,9.91,--,0,0,卖盘
2252,09:38:42,9.91,-0.01,331,328021,卖盘
2253,09:38:36,9.92,--,34,33728,卖盘
2254,09:38:31,9.92,-0.01,43,42656,卖盘
2255,09:38:27,9.93,--,30,30167,卖盘
2256,09:38:21,9.93,0.01,170,169425,买盘
2257,09:38:16,9.92,-0.01,55,54560,卖盘
2258,09:38:12,9.93,--,27,26811,买盘
2259,09:38:06,9.93,--,11,10923,买盘
2260,09:38:01,9.93,0.01,50,49650,买盘
2261,09:37:57,9.92,--,54,53944,卖盘
2262,09:37:51,9.92,0.01,51,51207,中性盘
2263,09:37:46,9.91,-0.02,560,554960,卖盘
2264,09:37:42,9.93,0.01,230,228390,买盘
2265,09:37:36,9.92,-0.01,10,9920,中性盘
2266,09:37:31,9.93,0.01,15,14895,买盘
2267,09:37:27,9.92,-0.01,33,32736,卖盘
2268,09:37:21,9.93,0.01,154,152922,买盘
2269,09:37:16,9.92,--,1,992,买盘
2270,09:37:12,9.92,0.01,56,55552,中性盘
2271,09:37:06,9.91,-0.02,234,231894,卖盘
2272,09:36:57,9.93,0.01,110,109230,买盘
2273,09:36:51,9.92,-0.01,41,40672,买盘
2274,09:36:41,9.93,0.02,64,63552,买盘
2275,09:36:36,9.91,-0.02,104,103064,卖盘
2276,09:36:31,9.93,--,10,9930,买盘
2277,09:36:26,9.93,0.03,10,9930,买盘
2278,09:36:21,9.9,--,169,167310,卖盘
2279,09:36:11,9.9,-0.04,61,60390,卖盘
2280,09:36:06,9.94,0.04,870,864789,买盘
2281,09:36:01,9.9,--,28,27720,买盘
2282,09:35:56,9.9,--,45,44550,买盘
2283,09:35:51,9.9,--,42,41580,买盘
2284,09:35:46,9.9,--,7,6930,买盘
2285,09:35:41,9.9,-0.01,240,238580,卖盘
2286,09:35:31,9.91,0.01,25,24775,买盘
2287,09:35:26,9.9,-0.01,39,38610,卖盘
2288,09:35:21,9.91,0.01,143,141722,买盘
2289,09:35:16,9.9,--,41,40590,卖盘
2290,09:35:11,9.9,-0.01,233,230670,卖盘
2291,09:35:06,9.91,--,9,8919,买盘
2292,09:34:56,9.91,0.01,30,29730,买盘
2293,09:34:51,9.9,--,32,31680,卖盘
2294,09:34:46,9.9,0.02,387,383130,买盘
2295,09:34:41,9.88,-0.01,60,59280,卖盘
2296,09:34:36,9.89,0.01,96,94944,买盘
2297,09:34:31,9.88,--,2,1976,卖盘
2298,09:34:26,9.88,0.02,140,138320,买盘
2299,09:34:21,9.86,-0.01,91,89726,卖盘
2300,09:34:16,9.87,--,10,9870,卖盘
2301,09:34:11,9.87,0.01,13,12830,中性盘
2302,09:34:06,9.86,--,211,208046,卖盘
2303,09:34:01,9.86,-0.01,20,19720,卖盘
2304,09:33:56,9.87,--,56,55271,卖盘
2305,09:33:51,9.87,0.01,30,29609,中性盘
2306,09:33:46,9.86,--,20,19720,卖盘
2307,09:33:41,9.86,-0.03,59,58174,卖盘
2308,09:33:36,9.89,0.03,37,36593,买盘
2309,09:33:31,9.86,--,42,41412,卖盘
2310,09:33:26,9.86,--,47,46342,卖盘
2311,09:33:21,9.86,-0.01,86,84796,卖盘
2312,09:33:16,9.87,--,23,22701,买盘
2313,09:33:11,9.87,--,29,28622,买盘
2314,09:33:06,9.87,-0.03,210,207269,卖盘
2315,09:33:01,9.9,-0.01,7,6930,买盘
2316,09:32:56,9.91,0.01,83,82253,买盘
2317,09:32:51,9.9,--,25,24750,卖盘
2318,09:32:45,9.9,-0.01,80,79200,卖盘
2319,09:32:41,9.91,0.03,721,714511,买盘
2320,09:32:36,9.88,--,34,33592,买盘
2321,09:32:30,9.88,--,7,6916,买盘
2322,09:32:26,9.88,-0.01,203,200564,卖盘
2323,09:32:21,9.89,--,86,85054,买盘
2324,09:32:15,9.89,0.01,24,23736,买盘
2325,09:32:11,9.88,--,135,133380,卖盘
2326,09:32:06,9.88,-0.01,15,14820,卖盘
2327,09:32:00,9.89,0.01,322,318458,买盘
2328,09:31:55,9.88,0.01,96,94848,买盘
2329,09:31:40,9.87,--,113,111530,买盘
2330,09:31:36,9.87,0.01,54,53297,买盘
2331,09:31:30,9.86,--,5,4930,卖盘
2332,09:31:21,9.86,--,63,62118,买盘
2333,09:31:15,9.86,0.01,138,136068,买盘
2334,09:31:06,9.85,--,21,20685,买盘
2335,09:31:00,9.85,0.01,187,184195,买盘
2336,09:30:55,9.84,--,780,767520,卖盘
2337,09:30:51,9.84,--,270,265680,卖盘
2338,09:30:45,9.84,-0.01,207,203688,卖盘
2339,09:30:40,9.85,0.01,84,82740,买盘
2340,09:30:36,9.84,-0.01,45,44280,卖盘
2341,09:30:30,9.85,0.01,107,105395,买盘
2342,09:30:15,9.84,-0.01,156,153504,卖盘
2343,09:30:10,9.85,0.01,300,295500,买盘
2344,09:30:06,9.84,--,1146,1127664,买盘
2345,09:28:51,9.84,--,0,0,买盘
2346,09:25:02,9.84,9.84,477,469368,买盘
