,time,price,change,volume,amount,type
0,15:00:00,3.75,--,0,0,卖盘
1,15:00:00,3.75,--,0,0,卖盘
2,14:59:59,3.75,--,54,20250,卖盘
3,14:59:57,3.75,--,478,179250,卖盘
4,14:59:51,3.75,--,86,32250,卖盘
5,14:59:45,3.75,--,131,49125,卖盘
6,14:59:42,3.75,--,227,85125,买盘
7,14:59:36,3.75,--,191,71625,买盘
8,14:59:27,3.75,0.01,522,195750,买盘
9,14:59:21,3.74,-0.01,227,84898,卖盘
10,14:59:15,3.75,--,78,29250,买盘
11,14:59:12,3.75,--,200,75000,买盘
12,14:59:06,3.75,--,302,113250,买盘
13,14:59:00,3.75,--,3,1125,买盘
14,14:58:57,3.75,--,1220,457500,买盘
15,14:58:51,3.75,--,3,1125,买盘
16,14:58:42,3.75,--,60,22500,买盘
17,14:58:36,3.75,--,23,8625,买盘
18,14:58:30,3.75,--,564,211500,买盘
19,14:58:21,3.75,--,61,22875,买盘
20,14:58:15,3.75,--,203,76125,买盘
21,14:58:10,3.75,--,96,36000,买盘
22,14:58:06,3.75,0.01,24,9000,买盘
23,14:58:00,3.74,-0.01,88,32912,卖盘
24,14:57:51,3.75,0.01,50,18750,买盘
25,14:57:45,3.74,--,159,59466,卖盘
26,14:57:39,3.74,-0.01,1,374,卖盘
27,14:57:36,3.75,--,781,293002,买盘
28,14:57:30,3.75,--,722,270997,买盘
29,14:57:26,3.75,--,356,133500,买盘
30,14:57:21,3.75,0.01,132,49500,买盘
31,14:57:15,3.74,-0.01,92,34408,卖盘
32,14:57:11,3.75,--,130,48750,买盘
33,14:57:00,3.75,0.01,179,67125,买盘
34,14:56:51,3.74,-0.01,1015,379610,卖盘
35,14:56:39,3.75,--,1,375,买盘
36,14:56:36,3.75,0.01,250,93750,买盘
37,14:56:30,3.74,-0.01,31,11687,卖盘
38,14:56:26,3.75,--,1,375,买盘
39,14:56:21,3.75,0.01,424,159093,买盘
40,14:56:15,3.74,--,561,209814,卖盘
41,14:56:11,3.74,-0.01,10,3740,卖盘
42,14:56:06,3.75,0.01,420,157500,买盘
43,14:56:00,3.74,--,2,748,卖盘
44,14:55:55,3.74,--,28,10472,卖盘
45,14:55:51,3.74,--,179,66949,卖盘
46,14:55:45,3.74,--,286,106964,卖盘
47,14:55:39,3.74,--,138,51686,卖盘
48,14:55:36,3.74,--,1279,478349,卖盘
49,14:55:30,3.74,--,1097,410281,卖盘
50,14:55:26,3.74,-0.01,166,62084,卖盘
51,14:55:21,3.75,0.01,574,215250,买盘
52,14:55:15,3.74,--,72,26928,卖盘
53,14:55:09,3.74,--,195,73180,卖盘
54,14:55:06,3.74,--,76,28424,卖盘
55,14:55:00,3.74,--,133,49742,卖盘
56,14:54:55,3.74,--,3035,1135090,卖盘
57,14:54:45,3.74,-0.01,1287,481345,卖盘
58,14:54:40,3.75,0.01,30,11250,买盘
59,14:54:36,3.74,--,208,77792,卖盘
60,14:54:30,3.74,--,621,232257,卖盘
61,14:54:26,3.74,-0.01,86,32164,卖盘
62,14:54:15,3.75,0.01,156,58500,买盘
63,14:54:09,3.74,--,1323,494802,卖盘
64,14:54:06,3.74,--,1994,745763,卖盘
65,14:54:00,3.74,-0.01,104,38896,卖盘
66,14:53:54,3.75,0.01,431,161835,买盘
67,14:53:51,3.74,--,80,29920,卖盘
68,14:53:39,3.74,--,1302,486948,卖盘
69,14:53:36,3.74,--,137,51238,卖盘
70,14:53:30,3.74,--,96,35904,卖盘
71,14:53:14,3.74,-0.01,91,34034,卖盘
72,14:53:06,3.75,0.01,21,7875,买盘
73,14:53:00,3.74,-0.01,200,74800,卖盘
74,14:52:51,3.75,--,30,11250,买盘
75,14:52:45,3.75,0.01,433,162375,买盘
76,14:52:36,3.74,--,21,7854,卖盘
77,14:52:30,3.74,--,2,748,卖盘
78,14:52:21,3.74,-0.01,49,18326,卖盘
79,14:52:06,3.75,--,400,150000,买盘
80,14:52:00,3.75,--,15,5625,买盘
81,14:51:51,3.75,--,2,750,买盘
82,14:51:39,3.75,0.01,170,63750,买盘
83,14:51:30,3.74,-0.01,291,108834,卖盘
84,14:51:21,3.75,--,24,9000,买盘
85,14:51:15,3.75,--,14,5250,买盘
86,14:51:09,3.75,0.01,352,132000,买盘
87,14:51:00,3.74,--,11,4114,卖盘
88,14:50:54,3.74,-0.01,291,108834,卖盘
89,14:50:51,3.75,--,40,15000,买盘
90,14:50:45,3.75,--,11,4177,买盘
91,14:50:36,3.75,--,100,37500,买盘
92,14:50:30,3.75,--,14,5250,买盘
93,14:50:24,3.75,--,60,22500,卖盘
94,14:50:18,3.75,--,75,28125,卖盘
95,14:50:15,3.75,--,455,170835,卖盘
96,14:50:09,3.75,--,379,142125,卖盘
97,14:50:04,3.75,--,584,219000,卖盘
98,14:50:00,3.75,--,54,20250,卖盘
99,14:49:54,3.75,--,104,39333,卖盘
100,14:49:49,3.75,--,3,1125,卖盘
101,14:49:45,3.75,--,100,37500,卖盘
102,14:49:39,3.75,--,292,109500,卖盘
103,14:49:35,3.75,--,5,1875,卖盘
104,14:49:24,3.75,--,434,162750,卖盘
105,14:49:18,3.75,--,71,26625,卖盘
106,14:49:15,3.75,--,8,3000,卖盘
107,14:49:09,3.75,--,481,180375,卖盘
108,14:49:03,3.75,--,31,11625,卖盘
109,14:49:00,3.75,--,692,259627,卖盘
110,14:48:48,3.75,--,15,5625,卖盘
111,14:48:45,3.75,-0.01,50,18750,卖盘
112,14:48:39,3.76,0.01,4,1504,买盘
113,14:48:33,3.75,--,109,40875,卖盘
114,14:48:29,3.75,--,321,120375,卖盘
115,14:48:24,3.75,--,228,85500,卖盘
116,14:48:15,3.75,-0.01,399,149625,卖盘
117,14:48:09,3.76,0.01,88,33088,买盘
118,14:48:04,3.75,--,61,22875,卖盘
119,14:48:00,3.75,--,296,111000,卖盘
120,14:47:54,3.75,--,100,37500,卖盘
121,14:47:45,3.75,--,139,52125,卖盘
122,14:47:39,3.75,--,1721,645375,卖盘
123,14:47:33,3.75,--,51,19125,卖盘
124,14:47:30,3.75,--,3,1125,卖盘
125,14:47:24,3.75,--,72,27000,卖盘
126,14:47:20,3.75,--,293,109875,卖盘
127,14:47:15,3.75,--,10,3750,卖盘
128,14:47:09,3.75,--,103,38625,卖盘
129,14:47:05,3.75,--,11,4125,卖盘
130,14:47:00,3.75,--,1221,457875,卖盘
131,14:46:48,3.75,--,1,375,卖盘
132,14:46:45,3.75,--,80,30000,卖盘
133,14:46:39,3.75,--,377,141375,卖盘
134,14:46:33,3.75,--,35,13125,卖盘
135,14:46:29,3.75,--,1,375,卖盘
136,14:46:24,3.75,--,318,119250,卖盘
137,14:46:18,3.75,--,50,18750,卖盘
138,14:46:15,3.75,--,525,196875,卖盘
139,14:46:03,3.75,--,152,57000,卖盘
140,14:46:00,3.75,-0.01,196,73770,卖盘
141,14:45:54,3.76,--,2,752,买盘
142,14:45:48,3.76,--,2,752,买盘
143,14:45:45,3.76,0.01,5,1880,买盘
144,14:45:39,3.75,--,194,72750,卖盘
145,14:45:32,3.75,--,11,4125,卖盘
146,14:45:24,3.75,--,376,141000,卖盘
147,14:45:15,3.75,-0.01,781,293077,卖盘
148,14:45:08,3.76,0.01,30,11280,买盘
149,14:45:03,3.75,--,214,80250,卖盘
150,14:45:00,3.75,--,4,1500,卖盘
151,14:44:54,3.75,--,10,3750,卖盘
152,14:44:47,3.75,--,30,11291,卖盘
153,14:44:44,3.75,--,138,51750,卖盘
154,14:44:39,3.75,--,447,167655,卖盘
155,14:44:33,3.75,-0.01,13,4875,卖盘
156,14:44:30,3.76,0.01,3,1128,买盘
157,14:44:24,3.75,--,0,131,卖盘
158,14:44:17,3.75,--,40,15000,卖盘
159,14:44:14,3.75,-0.01,30,11280,卖盘
160,14:44:09,3.76,0.01,5,1880,买盘
161,14:44:03,3.75,--,433,162375,卖盘
162,14:44:00,3.75,-0.01,480,180000,卖盘
163,14:43:53,3.76,0.01,11,4136,买盘
164,14:43:45,3.75,--,100,37500,卖盘
165,14:43:38,3.75,--,30,11306,卖盘
166,14:43:32,3.75,-0.01,30,11250,卖盘
167,14:43:29,3.76,--,253,95128,买盘
168,14:43:24,3.76,0.01,1,376,买盘
169,14:43:15,3.75,-0.01,31,11861,卖盘
170,14:43:09,3.76,0.01,19,7144,买盘
171,14:43:03,3.75,--,268,100698,卖盘
172,14:42:54,3.75,--,59,22323,卖盘
173,14:42:44,3.75,--,223,83625,卖盘
174,14:42:38,3.75,--,237,88875,卖盘
175,14:42:32,3.75,-0.01,12,4500,卖盘
176,14:42:27,3.76,--,24,9024,买盘
177,14:42:24,3.76,--,531,199656,买盘
178,14:42:18,3.76,0.01,26,9776,买盘
179,14:42:08,3.75,--,69,25875,卖盘
180,14:42:02,3.75,-0.01,208,78000,卖盘
181,14:41:58,3.76,0.01,150,56400,买盘
182,14:41:53,3.75,-0.01,238,89250,卖盘
183,14:41:47,3.76,--,1353,508728,买盘
184,14:41:38,3.76,0.01,38,14288,买盘
185,14:41:32,3.75,--,22,8250,卖盘
186,14:41:24,3.75,--,300,112500,卖盘
187,14:41:17,3.75,-0.01,21,7875,卖盘
188,14:41:09,3.76,0.01,33,12408,买盘
189,14:41:02,3.75,--,207,77625,卖盘
190,14:40:56,3.75,--,15,5625,卖盘
191,14:40:53,3.75,--,18,6750,卖盘
192,14:40:48,3.75,-0.01,2,750,卖盘
193,14:40:38,3.76,0.01,149,56024,买盘
194,14:40:32,3.75,-0.01,12,4500,卖盘
195,14:40:23,3.76,--,71,26696,买盘
196,14:40:08,3.76,--,33,12408,买盘
197,14:40:02,3.76,--,397,149272,买盘
198,14:39:57,3.76,--,1,376,买盘
199,14:39:53,3.76,0.01,121,45496,买盘
200,14:39:47,3.75,-0.01,197,73875,卖盘
201,14:39:38,3.76,0.01,59,22184,买盘
202,14:39:33,3.75,--,38,14250,卖盘
203,14:39:17,3.75,-0.01,1,375,卖盘
204,14:39:08,3.76,0.01,32,12032,买盘
205,14:39:02,3.75,--,334,125250,卖盘
206,14:38:53,3.75,--,86,32287,买盘
207,14:38:39,3.75,--,148,55500,买盘
208,14:38:33,3.75,0.01,120,45000,买盘
209,14:38:26,3.74,-0.01,1182,442068,卖盘
210,14:38:17,3.75,--,100,37500,买盘
211,14:38:08,3.75,-0.01,183,68962,卖盘
212,14:38:03,3.76,--,732,275232,买盘
213,14:37:57,3.76,0.01,1,376,买盘
214,14:37:53,3.75,--,57,21375,卖盘
215,14:37:48,3.75,--,67,25125,卖盘
216,14:37:39,3.75,--,50,18750,卖盘
217,14:37:32,3.75,-0.01,114,42750,卖盘
218,14:37:23,3.76,0.01,19,7144,买盘
219,14:37:17,3.75,--,90,33750,卖盘
220,14:37:11,3.75,--,50,18750,卖盘
221,14:37:08,3.75,--,300,112537,买盘
222,14:37:02,3.75,--,906,340087,卖盘
223,14:36:53,3.75,--,244,91500,卖盘
224,14:36:47,3.75,--,452,169500,卖盘
225,14:36:41,3.75,--,465,174375,卖盘
226,14:36:38,3.75,--,60,22500,卖盘
227,14:36:33,3.75,--,79,29625,卖盘
228,14:36:17,3.75,--,53,19875,卖盘
229,14:36:11,3.75,--,1,375,卖盘
230,14:36:08,3.75,--,217,81375,卖盘
231,14:36:03,3.75,--,239,89625,卖盘
232,14:35:56,3.75,--,29,10875,卖盘
233,14:35:41,3.75,--,35,13125,卖盘
234,14:35:38,3.75,-0.01,391,146625,卖盘
235,14:35:32,3.76,0.01,45,16920,买盘
236,14:35:26,3.75,0.01,63,23662,买盘
237,14:35:23,3.74,-0.01,62,23188,卖盘
238,14:35:02,3.75,0.01,640,240000,买盘
239,14:34:56,3.74,--,40,14960,卖盘
240,14:34:47,3.74,--,8,2992,卖盘
241,14:34:41,3.74,-0.01,3,1122,卖盘
242,14:34:32,3.75,0.01,45,16875,买盘
243,14:34:26,3.74,-0.01,194,72556,卖盘
244,14:34:02,3.75,0.01,296,111000,买盘
245,14:33:56,3.74,-0.01,83,31042,卖盘
246,14:33:48,3.75,0.01,456,171000,买盘
247,14:33:42,3.74,-0.01,79,29785,卖盘
248,14:33:35,3.75,-0.01,48,18337,卖盘
249,14:33:32,3.76,0.01,74,27824,买盘
250,14:33:26,3.75,0.01,1930,723787,买盘
251,14:33:22,3.74,--,6,2244,卖盘
252,14:33:17,3.74,-0.01,865,323510,卖盘
253,14:33:11,3.75,--,40,15000,买盘
254,14:33:02,3.75,--,440,165000,买盘
255,14:32:57,3.75,--,24,9000,买盘
256,14:32:52,3.75,0.01,78,29250,买盘
257,14:32:47,3.74,--,86,32164,卖盘
258,14:32:41,3.74,--,28,10472,卖盘
259,14:32:38,3.74,-0.01,14,5236,卖盘
260,14:32:32,3.75,--,142,53250,买盘
261,14:32:27,3.75,--,550,206250,买盘
262,14:32:18,3.75,0.01,12,4500,买盘
263,14:32:11,3.74,--,474,177276,卖盘
264,14:32:05,3.74,-0.01,90,33660,卖盘
265,14:32:02,3.75,--,457,171375,买盘
266,14:31:57,3.75,0.01,202,75750,买盘
267,14:31:47,3.74,-0.01,8,2992,卖盘
268,14:31:37,3.75,--,6,2250,买盘
269,14:31:32,3.75,0.01,45,16875,买盘
270,14:31:27,3.74,--,5,1870,卖盘
271,14:31:21,3.74,--,10,3740,卖盘
272,14:31:18,3.74,--,250,93500,卖盘
273,14:31:02,3.74,--,287,107338,卖盘
274,14:30:42,3.74,--,6,2244,卖盘
275,14:30:32,3.74,--,12,4488,卖盘
276,14:30:27,3.74,-0.01,138,51612,卖盘
277,14:30:17,3.75,0.01,47,17625,买盘
278,14:30:11,3.74,-0.01,200,74800,卖盘
279,14:30:02,3.75,--,437,163875,买盘
280,14:29:56,3.75,--,55,20625,买盘
281,14:29:50,3.75,--,1734,650587,卖盘
282,14:29:41,3.75,--,39,14625,卖盘
283,14:29:32,3.75,-0.01,87,32625,卖盘
284,14:29:26,3.76,0.01,74,27824,买盘
285,14:29:21,3.75,--,50,18750,卖盘
286,14:29:17,3.75,--,864,324000,卖盘
287,14:29:11,3.75,--,6,2250,卖盘
288,14:29:05,3.75,-0.01,3,1125,卖盘
289,14:29:02,3.76,--,406,152656,买盘
290,14:28:56,3.76,0.01,33,12408,买盘
291,14:28:50,3.75,--,97,36375,卖盘
292,14:28:47,3.75,--,40,15000,卖盘
293,14:28:41,3.75,-0.01,4,1500,卖盘
294,14:28:35,3.76,0.01,1,376,买盘
295,14:28:32,3.75,-0.01,12,4500,卖盘
296,14:28:26,3.76,0.01,383,144008,买盘
297,14:28:20,3.75,--,30,11250,卖盘
298,14:28:17,3.75,-0.01,173,64875,卖盘
299,14:28:02,3.76,--,521,195896,买盘
300,14:27:56,3.76,0.01,260,97760,买盘
301,14:27:47,3.75,-0.01,432,162000,卖盘
302,14:27:41,3.76,--,23,8648,买盘
303,14:27:32,3.76,0.01,38,14288,买盘
304,14:27:26,3.75,--,88,33000,卖盘
305,14:27:17,3.75,--,59,22125,卖盘
306,14:27:11,3.75,--,6,2250,卖盘
307,14:27:02,3.75,-0.01,409,153375,卖盘
308,14:26:56,3.76,--,200,75200,买盘
309,14:26:50,3.76,0.01,10,3760,买盘
310,14:26:47,3.75,--,1,375,卖盘
311,14:26:41,3.75,-0.01,82,30750,卖盘
312,14:26:35,3.76,0.01,34,12784,买盘
313,14:26:29,3.75,--,10,3750,卖盘
314,14:26:26,3.75,--,590,221250,卖盘
315,14:26:20,3.75,-0.01,200,75000,卖盘
316,14:26:15,3.76,--,7,2632,买盘
317,14:26:11,3.76,0.01,5,1880,买盘
318,14:26:05,3.75,--,207,77625,卖盘
319,14:25:59,3.75,--,50,18750,卖盘
320,14:25:56,3.75,--,5,1875,卖盘
321,14:25:50,3.75,--,8,3000,卖盘
322,14:25:44,3.75,--,8,3000,卖盘
323,14:25:41,3.75,--,6,2250,卖盘
324,14:25:35,3.75,--,12,4500,卖盘
325,14:25:26,3.75,--,22,8250,卖盘
326,14:25:16,3.75,-0.01,4,1500,卖盘
327,14:25:11,3.76,--,400,150400,买盘
328,14:25:05,3.76,0.01,409,153784,买盘
329,14:25:00,3.75,--,51,19125,卖盘
330,14:24:56,3.75,--,12,4500,卖盘
331,14:24:50,3.75,--,759,284625,卖盘
332,14:24:35,3.75,--,12,4500,卖盘
333,14:24:31,3.75,--,5,1875,卖盘
334,14:24:20,3.75,-0.01,20,7500,卖盘
335,14:24:16,3.76,0.01,31,11656,买盘
336,14:24:11,3.75,-0.01,5,1875,卖盘
337,14:24:05,3.76,0.01,310,116560,买盘
338,14:23:35,3.75,-0.01,11,4125,卖盘
339,14:23:26,3.76,--,23,8648,买盘
340,14:23:05,3.76,--,407,153032,买盘
341,14:22:56,3.76,--,202,75952,买盘
342,14:22:50,3.76,--,221,83096,买盘
343,14:22:41,3.76,0.01,57,21432,买盘
344,14:22:35,3.75,--,743,278625,卖盘
345,14:22:29,3.75,--,20,7500,卖盘
346,14:22:26,3.75,--,86,32250,卖盘
347,14:22:20,3.75,--,259,97125,卖盘
348,14:22:11,3.75,--,84,31500,卖盘
349,14:22:05,3.75,--,219,82125,卖盘
350,14:21:59,3.75,--,222,83250,卖盘
351,14:21:56,3.75,--,5,1912,卖盘
352,14:21:44,3.75,-0.01,19,7125,卖盘
353,14:21:41,3.76,0.01,34,12784,买盘
354,14:21:35,3.75,--,100,37500,卖盘
355,14:21:29,3.75,--,30,11250,卖盘
356,14:21:26,3.75,--,30,11250,卖盘
357,14:21:14,3.75,-0.01,9,3375,卖盘
358,14:21:11,3.76,0.01,34,12784,买盘
359,14:21:05,3.75,-0.01,492,184500,卖盘
360,14:20:56,3.76,--,292,109792,买盘
361,14:20:50,3.76,--,202,75952,买盘
362,14:20:41,3.76,--,34,12784,买盘
363,14:20:35,3.76,--,45,16920,买盘
364,14:20:26,3.76,0.01,100,37600,买盘
365,14:20:11,3.75,-0.01,55,20625,卖盘
366,14:20:05,3.76,0.01,445,167320,买盘
367,14:19:59,3.75,-0.01,2,750,卖盘
368,14:19:56,3.76,--,2298,864048,买盘
369,14:19:50,3.76,0.01,211,79336,买盘
370,14:19:44,3.75,-0.01,8,3000,卖盘
371,14:19:41,3.76,0.01,34,12784,买盘
372,14:19:35,3.75,-0.01,33,12375,卖盘
373,14:19:29,3.76,0.01,34,12784,买盘
374,14:19:26,3.75,--,5,1875,卖盘
375,14:19:20,3.75,-0.01,1,375,卖盘
376,14:19:14,3.76,0.01,202,75952,买盘
377,14:19:11,3.75,--,88,33000,卖盘
378,14:19:05,3.75,--,269,100875,卖盘
379,14:18:56,3.75,--,42,15750,卖盘
380,14:18:50,3.75,--,2,750,卖盘
381,14:18:35,3.75,-0.01,51,19125,卖盘
382,14:18:29,3.76,0.01,69,25944,买盘
383,14:18:20,3.75,--,5,1875,卖盘
384,14:18:14,3.75,-0.01,12,4500,卖盘
385,14:18:05,3.76,--,425,159800,买盘
386,14:17:59,3.76,0.01,245,92120,买盘
387,14:17:50,3.75,--,1,375,卖盘
388,14:17:35,3.75,-0.01,12,4500,卖盘
389,14:17:29,3.76,0.01,81,30456,买盘
390,14:17:14,3.75,--,327,122625,卖盘
391,14:17:10,3.75,-0.01,3,1125,卖盘
392,14:17:05,3.76,--,427,160552,买盘
393,14:16:59,3.76,0.01,469,176344,买盘
394,14:16:55,3.75,-0.01,30,11250,卖盘
395,14:16:50,3.76,0.01,202,75952,买盘
396,14:16:44,3.75,--,15,5625,卖盘
397,14:16:35,3.75,-0.01,12,4500,卖盘
398,14:16:29,3.76,0.01,73,27448,买盘
399,14:16:25,3.75,--,117,43875,卖盘
400,14:16:20,3.75,-0.01,111,41625,卖盘
401,14:16:08,3.76,--,23,8648,买盘
402,14:16:05,3.76,--,454,170704,买盘
403,14:15:59,3.76,0.02,142,53392,买盘
404,14:15:55,3.74,--,102,38148,卖盘
405,14:15:50,3.74,-0.01,204,76296,卖盘
406,14:15:44,3.75,0.01,1,375,买盘
407,14:15:39,3.74,--,402,150348,卖盘
408,14:15:35,3.74,-0.02,12,4488,卖盘
409,14:15:29,3.76,0.01,1070,402320,买盘
410,14:15:24,3.75,0.01,28,10500,买盘
411,14:15:20,3.74,--,1000,374000,卖盘
412,14:15:14,3.74,--,921,344454,卖盘
413,14:15:05,3.74,-0.01,1443,539682,卖盘
414,14:14:59,3.75,0.01,68,25500,买盘
415,14:14:53,3.74,--,1000,374000,卖盘
416,14:14:50,3.74,-0.01,1,374,卖盘
417,14:14:44,3.75,--,1056,396000,买盘
418,14:14:35,3.75,--,1071,401625,买盘
419,14:14:29,3.75,0.01,94,35250,买盘
420,14:14:20,3.74,-0.01,1000,374000,卖盘
421,14:14:14,3.75,--,95,35625,买盘
422,14:14:08,3.75,-0.01,6,2250,买盘
423,14:14:05,3.76,0.02,212,79712,买盘
424,14:13:59,3.74,-0.01,1444,540056,卖盘
425,14:13:50,3.75,0.01,1008,378000,买盘
426,14:13:44,3.74,--,74,27676,卖盘
427,14:13:35,3.74,-0.01,1122,419628,卖盘
428,14:13:29,3.75,--,1053,394875,买盘
429,14:13:20,3.75,--,184,69000,买盘
430,14:13:14,3.75,--,35,13125,买盘
431,14:13:08,3.75,--,75,28125,卖盘
432,14:13:05,3.75,--,1067,400125,卖盘
433,14:12:59,3.75,-0.01,246,92250,卖盘
434,14:12:53,3.76,0.01,1010,379760,买盘
435,14:12:50,3.75,0.01,483,181125,买盘
436,14:12:44,3.74,-0.01,1421,531454,卖盘
437,14:12:38,3.75,--,75,28125,买盘
438,14:12:35,3.75,--,261,97875,买盘
439,14:12:29,3.75,--,273,102375,卖盘
440,14:12:23,3.75,--,461,172875,买盘
441,14:12:20,3.75,--,855,320625,卖盘
442,14:12:14,3.75,0.01,37,13875,卖盘
443,14:12:08,3.74,-0.01,1102,412148,卖盘
444,14:12:05,3.75,--,244,91500,买盘
445,14:11:59,3.75,--,964,361500,卖盘
446,14:11:53,3.75,0.01,100,37500,卖盘
447,14:11:50,3.74,-0.01,1000,374000,卖盘
448,14:11:44,3.75,--,72,27000,买盘
449,14:11:38,3.75,--,184,69000,买盘
450,14:11:35,3.75,--,1035,388125,买盘
451,14:11:28,3.75,--,214,80250,买盘
452,14:11:23,3.75,--,513,192375,卖盘
453,14:11:20,3.75,--,115,43125,卖盘
454,14:11:14,3.75,--,1003,376125,卖盘
455,14:11:08,3.75,-0.01,6,2250,卖盘
456,14:11:05,3.76,0.01,1130,424880,买盘
457,14:10:59,3.75,--,196,73500,卖盘
458,14:10:53,3.75,--,1000,375000,卖盘
459,14:10:43,3.75,--,1009,378375,卖盘
460,14:10:38,3.75,--,433,162375,买盘
461,14:10:34,3.75,--,110,41250,买盘
462,14:10:29,3.75,0.01,474,177750,卖盘
463,14:10:19,3.74,-0.01,1070,400180,卖盘
464,14:10:14,3.75,0.01,455,170625,买盘
465,14:10:08,3.74,-0.01,1378,515372,卖盘
466,14:10:03,3.75,--,647,242625,买盘
467,14:09:59,3.75,--,1050,393750,买盘
468,14:09:53,3.75,--,259,97125,买盘
469,14:09:47,3.75,--,59,22125,买盘
470,14:09:44,3.75,--,260,97500,卖盘
471,14:09:38,3.75,--,2093,784875,买盘
472,14:09:32,3.75,0.01,20,7500,买盘
473,14:09:29,3.74,-0.01,6,2244,卖盘
474,14:09:23,3.75,--,39,14625,卖盘
475,14:09:14,3.75,-0.01,1027,385125,卖盘
476,14:09:08,3.76,0.01,327,123264,买盘
477,14:09:03,3.75,--,1721,645375,买盘
478,14:08:59,3.75,0.01,345,129375,买盘
479,14:08:53,3.74,-0.01,1038,388212,卖盘
480,14:08:47,3.75,--,123,46125,买盘
481,14:08:44,3.75,--,100,37500,买盘
482,14:08:38,3.75,--,116,43500,买盘
483,14:08:28,3.75,--,787,295188,卖盘
484,14:08:23,3.75,--,50,18750,卖盘
485,14:08:18,3.75,-0.01,1000,375000,卖盘
486,14:08:14,3.76,0.01,4,1504,买盘
487,14:08:08,3.75,-0.01,1000,375000,卖盘
488,14:08:04,3.76,--,408,153408,买盘
489,14:07:59,3.76,0.01,1215,456840,买盘
490,14:07:53,3.75,--,98,36862,卖盘
491,14:07:44,3.75,--,1000,375000,卖盘
492,14:07:34,3.75,--,1022,383250,卖盘
493,14:07:23,3.75,--,1000,375000,卖盘
494,14:07:14,3.75,--,1001,375375,卖盘
495,14:07:08,3.75,--,1,375,卖盘
496,14:07:04,3.75,--,207,77625,卖盘
497,14:06:59,3.75,--,1000,375000,卖盘
498,14:06:53,3.75,--,1000,375000,卖盘
499,14:06:47,3.75,--,117,43875,卖盘
500,14:06:44,3.75,--,1116,418698,买盘
501,14:06:31,3.75,--,794,297926,卖盘
502,14:06:29,3.75,-0.01,1000,375000,卖盘
503,14:06:23,3.76,0.01,113,42488,买盘
504,14:06:17,3.75,--,1000,375000,卖盘
505,14:06:14,3.75,--,62,23250,卖盘
506,14:06:08,3.75,-0.01,1146,429750,卖盘
507,14:06:02,3.76,0.01,212,79712,买盘
508,14:05:59,3.75,--,50,18750,卖盘
509,14:05:53,3.75,--,1096,411000,卖盘
510,14:05:47,3.75,--,4,1500,卖盘
511,14:05:44,3.75,--,1026,384750,卖盘
512,14:05:38,3.75,--,46,17250,卖盘
513,14:05:32,3.75,--,1312,492000,卖盘
514,14:05:23,3.75,--,1050,393750,卖盘
515,14:05:17,3.75,-0.01,687,257625,卖盘
516,14:05:14,3.76,0.01,1080,406080,买盘
517,14:05:08,3.75,--,191,71625,卖盘
518,14:05:02,3.75,--,13,4875,卖盘
519,14:04:59,3.75,--,1204,451500,卖盘
520,14:04:53,3.75,--,249,93375,卖盘
521,14:04:47,3.75,--,1055,395625,卖盘
522,14:04:44,3.75,--,60,22653,卖盘
523,14:04:38,3.75,-0.01,1106,414903,卖盘
524,14:04:32,3.76,0.01,209,78584,买盘
525,14:04:29,3.75,--,1242,465896,卖盘
526,14:04:23,3.75,-0.01,102,38531,卖盘
527,14:04:17,3.76,--,30,11280,买盘
528,14:04:14,3.76,0.01,179,67304,中性盘
529,14:04:08,3.75,-0.01,1196,448593,卖盘
530,14:04:02,3.76,--,118,44368,买盘
531,14:03:59,3.76,0.01,1424,535424,买盘
532,14:03:53,3.75,--,1250,468750,卖盘
533,14:03:43,3.75,--,1060,397500,卖盘
534,14:03:32,3.75,--,12,4500,卖盘
535,14:03:28,3.75,--,0,0,卖盘
536,14:03:23,3.75,--,3816,1431000,卖盘
537,14:03:11,3.75,--,46,17250,卖盘
538,14:03:08,3.75,--,1030,386250,卖盘
539,14:03:02,3.75,--,1012,379500,卖盘
540,14:02:53,3.75,-0.01,47,17625,卖盘
541,14:02:47,3.76,--,1011,380136,买盘
542,14:02:42,3.76,0.01,145,54520,买盘
543,14:02:38,3.75,--,1125,421875,卖盘
544,14:02:32,3.75,--,11,4125,卖盘
545,14:02:26,3.75,--,1000,375000,卖盘
546,14:02:23,3.75,-0.01,45,16875,卖盘
547,14:02:17,3.76,--,1012,380512,买盘
548,14:02:13,3.76,0.01,129,48504,中性盘
549,14:02:08,3.75,-0.01,182,68250,卖盘
550,14:02:01,3.76,--,912,342912,卖盘
551,14:01:58,3.76,--,10,3760,卖盘
552,14:01:53,3.76,--,1251,470376,卖盘
553,14:01:42,3.76,--,1000,376000,卖盘
554,14:01:38,3.76,--,146,54896,卖盘
555,14:01:32,3.76,--,1012,380512,卖盘
556,14:01:26,3.76,--,45,16920,卖盘
557,14:01:08,3.76,-0.01,138,51888,卖盘
558,14:01:02,3.77,--,224,84448,买盘
559,14:00:56,3.77,--,224,84448,买盘
560,14:00:53,3.77,0.01,404,152308,买盘
561,14:00:43,3.76,-0.01,1,376,卖盘
562,14:00:38,3.77,--,142,53534,买盘
563,14:00:32,3.77,--,216,81432,买盘
564,14:00:23,3.77,--,78,29406,买盘
565,14:00:17,3.77,--,263,99151,买盘
566,14:00:08,3.77,0.01,2340,882180,买盘
567,14:00:02,3.76,--,11,4136,卖盘
568,13:59:53,3.76,-0.01,170,63920,卖盘
569,13:59:47,3.77,0.01,54,20358,买盘
570,13:59:41,3.76,-0.01,41,15416,卖盘
571,13:59:38,3.77,--,213,80301,买盘
572,13:59:32,3.77,--,216,81432,买盘
573,13:59:23,3.77,0.01,398,150046,买盘
574,13:59:17,3.76,--,101,37976,卖盘
575,13:59:08,3.76,-0.01,28,10528,卖盘
576,13:59:02,3.77,0.01,469,176813,买盘
577,13:58:56,3.76,-0.01,30,11280,卖盘
578,13:58:52,3.77,0.01,244,91988,买盘
579,13:58:46,3.76,--,181,68056,买盘
580,13:58:38,3.76,--,439,165064,买盘
581,13:58:32,3.76,--,217,81592,买盘
582,13:58:26,3.76,--,44,16544,买盘
583,13:58:23,3.76,--,205,77080,买盘
584,13:58:16,3.76,--,13,4888,买盘
585,13:58:08,3.76,--,18,6768,买盘
586,13:58:02,3.76,--,415,156040,买盘
587,13:57:56,3.76,--,200,75200,买盘
588,13:57:53,3.76,--,203,76328,买盘
589,13:57:46,3.76,0.01,155,58280,买盘
590,13:57:41,3.75,-0.01,30,11250,卖盘
591,13:57:38,3.76,--,2,752,买盘
592,13:57:32,3.76,--,218,81968,买盘
593,13:57:26,3.76,--,205,77080,买盘
594,13:57:17,3.76,--,5,1880,买盘
595,13:57:08,3.76,0.01,1372,515871,买盘
596,13:57:02,3.75,--,12,4500,卖盘
597,13:56:55,3.75,--,211,79125,卖盘
598,13:56:52,3.75,--,204,76500,卖盘
599,13:56:40,3.75,--,4,1500,卖盘
600,13:56:31,3.75,--,11,4125,卖盘
601,13:56:20,3.75,-0.01,124,46500,卖盘
602,13:56:17,3.76,0.01,13,4888,买盘
603,13:56:10,3.75,-0.01,4,1500,卖盘
604,13:56:05,3.76,--,300,112800,买盘
605,13:56:02,3.76,0.01,43,16167,买盘
606,13:55:56,3.75,--,20,7500,卖盘
607,13:55:47,3.75,--,247,92625,卖盘
608,13:55:32,3.75,--,20,7500,卖盘
609,13:55:19,3.75,-0.01,35,13125,卖盘
610,13:55:11,3.76,--,138,51888,买盘
611,13:55:05,3.76,--,258,97008,买盘
612,13:55:02,3.76,--,212,79712,买盘
613,13:54:56,3.76,--,203,76328,买盘
614,13:54:51,3.76,--,47,17672,买盘
615,13:54:41,3.76,0.01,174,65423,买盘
616,13:54:32,3.75,--,11,4125,卖盘
617,13:54:26,3.75,-0.01,1,375,卖盘
618,13:54:21,3.76,0.01,4,1504,买盘
619,13:54:17,3.75,-0.01,87,32625,卖盘
620,13:54:11,3.76,--,577,216952,买盘
621,13:54:07,3.76,--,493,185368,卖盘
622,13:54:02,3.76,--,12,4512,卖盘
623,13:53:56,3.76,--,147,55272,卖盘
624,13:53:49,3.76,--,84,31584,买盘
625,13:53:41,3.76,0.01,7,2632,买盘
626,13:53:31,3.75,-0.02,35499,13312125,卖盘
627,13:53:22,3.77,0.01,112,42224,买盘
628,13:53:17,3.76,-0.01,11,4136,卖盘
629,13:53:11,3.77,--,112,42224,买盘
630,13:53:05,3.77,0.01,200,75400,买盘
631,13:53:01,3.76,-0.01,307,115432,卖盘
632,13:52:55,3.77,--,203,76531,买盘
633,13:52:49,3.77,0.01,107,40339,买盘
634,13:52:40,3.76,--,1,376,卖盘
635,13:52:32,3.76,-0.01,13,4888,卖盘
636,13:52:11,3.77,--,119,44863,买盘
637,13:52:05,3.77,--,236,88972,买盘
638,13:52:01,3.77,--,371,139867,买盘
639,13:51:56,3.77,0.01,231,87087,买盘
640,13:51:50,3.76,-0.01,9,3384,卖盘
641,13:51:47,3.77,--,159,59943,买盘
642,13:51:40,3.77,0.01,35,13195,买盘
643,13:51:34,3.76,--,239,89879,卖盘
644,13:51:31,3.76,-0.01,39,14664,卖盘
645,13:51:11,3.77,0.01,30,11310,买盘
646,13:50:56,3.76,--,23,8648,卖盘
647,13:50:49,3.76,--,100,37600,卖盘
648,13:50:46,3.76,--,9,3384,卖盘
649,13:50:34,3.76,--,124,46932,卖盘
650,13:50:20,3.76,--,10,3760,卖盘
651,13:50:17,3.76,-0.01,64,24064,卖盘
652,13:50:11,3.77,--,225,84825,买盘
653,13:50:04,3.77,--,3,1131,买盘
654,13:50:01,3.77,--,611,230347,买盘
655,13:49:56,3.77,0.01,158,59566,买盘
656,13:49:49,3.76,-0.01,22,8272,卖盘
657,13:49:40,3.77,0.01,195,73515,买盘
658,13:49:35,3.76,--,24,9332,卖盘
659,13:49:25,3.76,--,1,421,卖盘
660,13:49:19,3.76,--,9,3384,卖盘
661,13:49:16,3.76,-0.01,1,376,卖盘
662,13:49:10,3.77,--,112,42224,买盘
663,13:49:04,3.77,0.01,201,75777,买盘
664,13:49:01,3.76,-0.01,207,77832,卖盘
665,13:48:55,3.77,0.01,301,113477,买盘
666,13:48:49,3.76,--,86,32335,卖盘
667,13:48:40,3.76,--,429,161304,卖盘
668,13:48:34,3.76,--,24,9332,卖盘
669,13:48:25,3.76,--,1,376,卖盘
670,13:48:19,3.76,--,16,6016,卖盘
671,13:48:04,3.76,--,2,752,卖盘
672,13:47:55,3.76,-0.01,446,167696,卖盘
673,13:47:49,3.77,--,166,62582,买盘
674,13:47:45,3.77,0.01,158,59566,买盘
675,13:47:40,3.76,-0.01,1,376,卖盘
676,13:47:34,3.77,0.01,194,73447,买盘
677,13:47:19,3.76,--,152,57152,卖盘
678,13:47:10,3.76,--,226,84976,卖盘
679,13:47:05,3.76,--,343,128967,卖盘
680,13:46:59,3.76,-0.01,6,2256,卖盘
681,13:46:55,3.77,0.01,17,6409,买盘
682,13:46:49,3.76,--,9,3384,卖盘
683,13:46:40,3.76,--,80,30080,卖盘
684,13:46:34,3.76,--,262,98669,卖盘
685,13:46:28,3.76,--,44,16694,卖盘
686,13:46:20,3.76,--,20,7520,卖盘
687,13:46:11,3.76,--,256,96496,买盘
688,13:46:04,3.76,--,7,2632,买盘
689,13:45:56,3.76,0.01,47,17672,买盘
690,13:45:49,3.75,-0.01,9,3375,卖盘
691,13:45:40,3.76,0.01,1,376,买盘
692,13:45:34,3.75,--,1,375,卖盘
693,13:45:28,3.75,-0.01,58,22057,卖盘
694,13:45:25,3.76,--,139,52264,买盘
695,13:45:19,3.76,--,41,15416,买盘
696,13:45:14,3.76,--,54,20304,买盘
697,13:45:10,3.76,--,412,154912,买盘
698,13:45:04,3.76,0.01,222,83472,买盘
699,13:44:58,3.75,-0.01,1,375,卖盘
700,13:44:49,3.76,--,28,10528,买盘
701,13:44:43,3.76,--,2,752,买盘
702,13:44:40,3.76,--,251,94376,买盘
703,13:44:35,3.76,--,651,244776,买盘
704,13:44:28,3.76,--,157,59099,卖盘
705,13:44:25,3.76,--,1,376,卖盘
706,13:44:20,3.76,--,10,3760,卖盘
707,13:44:10,3.76,--,6,2256,卖盘
708,13:44:04,3.76,--,178,67236,买盘
709,13:43:55,3.76,0.01,464,174464,买盘
710,13:43:49,3.75,--,9,3375,卖盘
711,13:43:43,3.75,--,103,38625,卖盘
712,13:43:40,3.75,--,100,37500,卖盘
713,13:43:34,3.75,--,102,38250,卖盘
714,13:43:28,3.75,--,10,3881,卖盘
715,13:43:25,3.75,--,14,5426,卖盘
716,13:43:19,3.75,--,251,94125,卖盘
717,13:43:10,3.75,--,1,375,卖盘
718,13:43:04,3.75,--,2,750,卖盘
719,13:42:58,3.75,--,10,3750,卖盘
720,13:42:55,3.75,--,414,155250,卖盘
721,13:42:49,3.75,--,60,22500,卖盘
722,13:42:43,3.75,--,203,76125,卖盘
723,13:42:35,3.75,--,157,58875,卖盘
724,13:42:28,3.75,-0.01,37,14182,卖盘
725,13:42:20,3.76,--,210,79027,卖盘
726,13:42:13,3.76,--,10,3760,卖盘
727,13:42:08,3.76,--,556,209056,卖盘
728,13:42:04,3.76,--,249,93624,卖盘
729,13:41:58,3.76,-0.01,271,101896,卖盘
730,13:41:54,3.77,0.01,251,94627,买盘
731,13:41:49,3.76,--,387,145512,卖盘
732,13:41:38,3.76,--,102,38352,卖盘
733,13:41:34,3.76,--,210,78960,卖盘
734,13:41:28,3.76,--,338,127215,卖盘
735,13:41:24,3.76,-0.01,114,43044,卖盘
736,13:41:19,3.77,0.01,30,11310,买盘
737,13:41:13,3.76,--,167,62792,卖盘
738,13:41:08,3.76,--,167,62792,卖盘
739,13:41:05,3.76,-0.01,529,198904,卖盘
740,13:40:52,3.77,0.01,403,151931,买盘
741,13:40:49,3.76,--,78,29328,卖盘
742,13:40:43,3.76,--,217,81592,卖盘
743,13:40:28,3.76,-0.01,210,78960,卖盘
744,13:40:23,3.77,0.01,222,84003,买盘
745,13:40:19,3.76,--,503,189300,卖盘
746,13:40:13,3.76,--,1557,585432,卖盘
747,13:40:09,3.76,--,2523,948648,卖盘
748,13:40:04,3.76,--,3809,1432184,卖盘
749,13:39:58,3.76,--,157,59032,卖盘
750,13:39:52,3.76,--,113,42488,卖盘
751,13:39:49,3.76,-0.01,279,105088,卖盘
752,13:39:43,3.77,0.01,313,118001,买盘
753,13:39:34,3.76,--,143,53768,卖盘
754,13:39:29,3.76,--,72,27072,卖盘
755,13:39:25,3.76,--,1695,637628,卖盘
756,13:39:19,3.76,--,209,78584,卖盘
757,13:39:13,3.76,--,265,99640,卖盘
758,13:39:07,3.76,-0.01,188,70688,卖盘
759,13:39:04,3.77,0.01,235,88595,买盘
760,13:38:58,3.76,--,5,1880,卖盘
761,13:38:49,3.76,--,21,7896,卖盘
762,13:38:43,3.76,--,136,51136,卖盘
763,13:38:37,3.76,--,13,4888,卖盘
764,13:38:34,3.76,--,270,101520,卖盘
765,13:38:28,3.76,--,61,22936,卖盘
766,13:38:22,3.76,--,25,9576,卖盘
767,13:38:19,3.76,--,140,52771,卖盘
768,13:38:13,3.76,--,55,20680,卖盘
769,13:38:07,3.76,--,5,1880,卖盘
770,13:37:58,3.76,--,96,36096,卖盘
771,13:37:49,3.76,--,105,39480,卖盘
772,13:37:43,3.76,--,30,11280,卖盘
773,13:37:37,3.76,--,10,3760,卖盘
774,13:37:22,3.76,--,10,3760,卖盘
775,13:37:19,3.76,--,32,12340,卖盘
776,13:37:13,3.76,-0.01,830,312080,卖盘
777,13:37:07,3.77,0.01,11,4147,买盘
778,13:37:04,3.76,--,20,7520,卖盘
779,13:36:58,3.76,--,1,376,卖盘
780,13:36:52,3.76,--,90,33840,卖盘
781,13:36:49,3.76,--,238,89488,卖盘
782,13:36:43,3.76,--,48,18048,卖盘
783,13:36:37,3.76,--,349,131224,卖盘
784,13:36:19,3.76,--,32,12340,卖盘
785,13:36:13,3.76,--,86,32335,卖盘
786,13:36:07,3.76,-0.01,400,150400,卖盘
787,13:35:59,3.77,0.01,600,226200,买盘
788,13:35:52,3.76,--,227,85352,卖盘
789,13:35:49,3.76,--,109,40984,卖盘
790,13:35:43,3.76,--,310,116560,卖盘
791,13:35:38,3.76,--,150,56400,卖盘
792,13:35:22,3.76,--,20,7520,卖盘
793,13:35:16,3.76,--,33,12716,卖盘
794,13:35:13,3.76,--,14,5264,卖盘
795,13:35:07,3.76,--,12,4512,卖盘
796,13:34:48,3.76,--,9,3384,卖盘
797,13:34:43,3.76,--,1,376,卖盘
798,13:34:37,3.76,--,306,115056,卖盘
799,13:34:33,3.76,--,56,21056,卖盘
800,13:34:28,3.76,-0.01,100,37600,卖盘
801,13:34:22,3.77,0.01,18,6786,买盘
802,13:34:16,3.76,-0.01,31,11795,卖盘
803,13:34:13,3.77,0.01,20,7709,买盘
804,13:34:07,3.76,-0.01,2,752,卖盘
805,13:33:52,3.77,0.01,15,5655,买盘
806,13:33:47,3.76,--,18,6768,卖盘
807,13:33:37,3.76,--,61,22936,卖盘
808,13:33:33,3.76,--,10,3760,卖盘
809,13:33:28,3.76,--,154,57904,卖盘
810,13:33:22,3.76,--,100,37600,卖盘
811,13:33:16,3.76,-0.01,9,3384,卖盘
812,13:33:13,3.77,0.01,74,28207,买盘
813,13:33:04,3.76,--,16,6016,卖盘
814,13:32:58,3.76,-0.01,270,101520,卖盘
815,13:32:52,3.77,0.01,153,57681,买盘
816,13:32:48,3.76,--,44,16544,卖盘
817,13:32:37,3.76,--,57,21432,卖盘
818,13:32:33,3.76,-0.01,18,6768,卖盘
819,13:32:28,3.77,--,45,16965,买盘
820,13:32:22,3.77,--,66,24882,买盘
821,13:32:13,3.77,0.01,56,21421,买盘
822,13:31:46,3.76,--,8,3008,卖盘
823,13:31:43,3.76,--,9,3384,卖盘
824,13:31:28,3.76,--,3,1128,卖盘
825,13:31:22,3.76,--,1,376,卖盘
826,13:31:16,3.76,--,9,3384,卖盘
827,13:31:13,3.76,--,27,10460,卖盘
828,13:31:07,3.76,-0.01,25,9400,卖盘
829,13:31:01,3.77,0.01,10,3770,买盘
830,13:30:58,3.76,--,20,7520,卖盘
831,13:30:46,3.76,--,17,6392,卖盘
832,13:30:43,3.76,--,9,3384,卖盘
833,13:30:22,3.76,--,18,6768,卖盘
834,13:30:16,3.76,--,8,3008,卖盘
835,13:30:13,3.76,--,10,3760,卖盘
836,13:30:07,3.76,--,37,14220,卖盘
837,13:29:46,3.76,--,9,3384,卖盘
838,13:29:43,3.76,--,1,376,卖盘
839,13:29:28,3.76,--,131,49256,卖盘
840,13:29:22,3.76,--,3,1128,卖盘
841,13:29:16,3.76,--,9,3384,卖盘
842,13:29:13,3.76,--,9,3384,卖盘
843,13:29:07,3.76,-0.01,35,13468,卖盘
844,13:29:01,3.77,0.01,10,3770,买盘
845,13:28:46,3.76,--,10,3760,卖盘
846,13:28:31,3.76,-0.01,6,2256,卖盘
847,13:28:27,3.77,0.01,202,76154,买盘
848,13:28:16,3.76,--,10,3760,卖盘
849,13:28:10,3.76,--,1,376,卖盘
850,13:28:07,3.76,--,25,9708,卖盘
851,13:28:01,3.76,--,101,37976,卖盘
852,13:27:46,3.76,--,22,8272,卖盘
853,13:27:31,3.76,-0.01,1,376,卖盘
854,13:27:22,3.77,0.01,2,754,买盘
855,13:27:16,3.76,-0.01,613,230488,卖盘
856,13:27:07,3.77,0.01,12,4682,买盘
857,13:27:01,3.76,--,14,5414,卖盘
858,13:26:56,3.76,--,140,52640,卖盘
859,13:26:46,3.76,-0.01,325,122200,卖盘
860,13:26:42,3.77,0.01,35,13195,买盘
861,13:26:37,3.76,--,100,37600,卖盘
862,13:26:31,3.76,--,100,37600,卖盘
863,13:26:25,3.76,--,70,26320,卖盘
864,13:26:22,3.76,--,1,376,卖盘
865,13:26:16,3.76,--,18,6768,卖盘
866,13:26:07,3.76,--,10,3760,卖盘
867,13:26:01,3.76,--,25,9708,卖盘
868,13:25:46,3.76,-0.01,15,5640,卖盘
869,13:25:41,3.77,0.01,7,2639,买盘
870,13:25:37,3.76,-0.01,31,11656,卖盘
871,13:25:31,3.77,0.01,1,377,买盘
872,13:25:16,3.76,-0.01,9,3384,卖盘
873,13:25:07,3.77,0.01,100,37700,买盘
874,13:25:01,3.76,--,25,9708,卖盘
875,13:24:46,3.76,--,20,7520,卖盘
876,13:24:31,3.76,--,8,3008,卖盘
877,13:24:25,3.76,--,30,11280,卖盘
878,13:24:16,3.76,--,19,7144,卖盘
879,13:24:01,3.76,--,24,9332,卖盘
880,13:23:55,3.76,--,12,4512,卖盘
881,13:23:52,3.76,--,1,376,卖盘
882,13:23:46,3.76,--,9,3384,卖盘
883,13:23:31,3.76,--,9,3384,卖盘
884,13:23:25,3.76,--,14,5264,卖盘
885,13:23:16,3.76,--,20,7520,卖盘
886,13:23:10,3.76,--,1,376,卖盘
887,13:23:07,3.76,-0.01,70,26320,卖盘
888,13:23:01,3.77,--,58,22175,买盘
889,13:22:52,3.77,0.01,28,10556,买盘
890,13:22:46,3.76,--,44,16544,卖盘
891,13:22:40,3.76,--,1,376,卖盘
892,13:22:37,3.76,--,1,376,卖盘
893,13:22:31,3.76,-0.01,7,2632,卖盘
894,13:22:22,3.77,0.01,103,38831,买盘
895,13:22:16,3.76,--,19,7144,卖盘
896,13:22:01,3.76,--,2141,805016,卖盘
897,13:21:52,3.76,--,2,752,卖盘
898,13:21:46,3.76,--,18,6768,卖盘
899,13:21:40,3.76,-0.01,1,376,卖盘
900,13:21:31,3.77,0.01,8,3016,买盘
901,13:21:21,3.76,--,100,37600,卖盘
902,13:21:16,3.76,--,12,4512,卖盘
903,13:21:01,3.76,--,16,6016,卖盘
904,13:20:46,3.76,--,9,3384,卖盘
905,13:20:40,3.76,-0.01,17,6392,卖盘
906,13:20:31,3.77,0.01,1780,671060,买盘
907,13:20:16,3.76,-0.01,201,75576,卖盘
908,13:20:10,3.77,0.01,518,195286,买盘
909,13:20:04,3.76,-0.01,19,7144,卖盘
910,13:20:01,3.77,--,10,3770,买盘
911,13:19:55,3.77,0.01,451,170027,买盘
912,13:19:46,3.76,--,9,3384,卖盘
913,13:19:40,3.76,-0.01,979,368104,卖盘
914,13:19:30,3.77,--,78,29406,买盘
915,13:19:25,3.77,0.01,86,32422,买盘
916,13:19:19,3.76,-0.01,6,2256,卖盘
917,13:19:16,3.77,--,85,32045,买盘
918,13:19:01,3.77,0.01,202,76154,买盘
919,13:18:51,3.76,--,57,21432,卖盘
920,13:18:46,3.76,--,38,14288,卖盘
921,13:18:34,3.76,-0.01,10,3760,卖盘
922,13:18:31,3.77,--,60,22620,买盘
923,13:18:25,3.77,0.01,95,35815,买盘
924,13:18:21,3.76,-0.01,56,21056,卖盘
925,13:18:16,3.77,0.01,506,190762,买盘
926,13:18:10,3.76,-0.01,2,752,卖盘
927,13:18:06,3.77,0.01,335,126295,买盘
928,13:18:01,3.76,--,1,376,卖盘
929,13:17:49,3.76,-0.01,6,2256,卖盘
930,13:17:40,3.77,--,200,75400,买盘
931,13:17:34,3.77,--,20,7540,买盘
932,13:17:25,3.77,0.01,5,1885,买盘
933,13:17:19,3.76,--,11,4136,卖盘
934,13:17:15,3.76,-0.01,9,3384,卖盘
935,13:17:10,3.77,--,135,50895,买盘
936,13:17:01,3.77,0.01,20,7540,买盘
937,13:16:55,3.76,-0.01,1,376,卖盘
938,13:16:49,3.77,--,690,260130,买盘
939,13:16:46,3.77,--,44,16588,买盘
940,13:16:40,3.77,0.01,22,8294,买盘
941,13:16:31,3.76,-0.01,16,6016,卖盘
942,13:16:25,3.77,0.01,90,33930,买盘
943,13:16:19,3.76,--,6,2256,卖盘
944,13:16:16,3.76,-0.01,51,19176,卖盘
945,13:16:10,3.77,--,147,55419,买盘
946,13:16:04,3.77,0.01,2090,787930,买盘
947,13:15:55,3.76,--,76,28576,卖盘
948,13:15:49,3.76,--,114,42864,卖盘
949,13:15:46,3.76,-0.01,13,4888,卖盘
950,13:15:40,3.77,--,101,38077,买盘
951,13:15:25,3.77,0.01,1,377,买盘
952,13:15:19,3.76,-0.01,807,303432,卖盘
953,13:15:15,3.77,--,143,53911,买盘
954,13:15:10,3.77,--,61,22997,买盘
955,13:15:04,3.77,0.01,250,94250,买盘
956,13:15:01,3.76,--,48,18048,卖盘
957,13:14:55,3.76,--,15,5640,卖盘
958,13:14:49,3.76,--,1028,386528,卖盘
959,13:14:40,3.76,-0.01,60,22560,卖盘
960,13:14:34,3.77,0.01,31,11687,买盘
961,13:14:29,3.76,-0.01,13,4888,卖盘
962,13:14:25,3.77,0.01,4,1508,买盘
963,13:14:18,3.76,-0.01,6,2256,卖盘
964,13:14:13,3.77,--,279,105183,买盘
965,13:14:10,3.77,0.01,7,2639,买盘
966,13:14:04,3.76,--,1,376,卖盘
967,13:13:49,3.76,-0.01,6,2256,卖盘
968,13:13:40,3.77,--,1,377,买盘
969,13:13:25,3.77,0.01,600,226200,买盘
970,13:13:19,3.76,-0.01,7,2632,卖盘
971,13:13:10,3.77,0.01,28,10556,买盘
972,13:13:04,3.76,-0.01,14,5264,卖盘
973,13:12:49,3.77,0.01,429,161733,买盘
974,13:12:40,3.76,--,11,4136,卖盘
975,13:12:34,3.76,--,2,752,卖盘
976,13:12:25,3.76,--,60,22560,卖盘
977,13:12:19,3.76,--,6,2256,卖盘
978,13:12:09,3.76,--,2,752,卖盘
979,13:11:57,3.76,-0.01,200,75200,卖盘
980,13:11:55,3.77,0.01,702,264654,买盘
981,13:11:49,3.76,-0.01,89,33464,卖盘
982,13:11:42,3.77,--,33,12441,买盘
983,13:11:40,3.77,0.01,282,106314,买盘
984,13:11:28,3.76,--,2,752,卖盘
985,13:11:25,3.76,--,31,11656,卖盘
986,13:11:19,3.76,--,2097,788472,卖盘
987,13:11:10,3.76,-0.01,48,18048,卖盘
988,13:10:55,3.77,0.01,602,226954,买盘
989,13:10:49,3.76,-0.01,40,15040,卖盘
990,13:10:43,3.77,--,6,2262,买盘
991,13:10:39,3.77,0.01,12,4524,买盘
992,13:10:27,3.76,--,2,752,卖盘
993,13:10:25,3.76,--,93,34968,卖盘
994,13:10:19,3.76,--,40,15040,卖盘
995,13:10:13,3.76,-0.01,34,12784,卖盘
996,13:10:04,3.77,--,60,22620,买盘
997,13:09:58,3.77,0.01,727,274079,买盘
998,13:09:49,3.76,-0.01,6,2256,卖盘
999,13:09:40,3.77,--,325,122525,买盘
1000,13:09:33,3.77,--,174,65598,买盘
1001,13:09:25,3.77,0.01,706,266162,买盘
1002,13:09:19,3.76,-0.01,235,88360,卖盘
1003,13:09:10,3.77,--,37,13949,买盘
1004,13:08:55,3.77,0.01,4,1508,买盘
1005,13:08:48,3.76,--,6,2256,卖盘
1006,13:08:43,3.76,--,3,1128,卖盘
1007,13:08:39,3.76,-0.01,1,376,卖盘
1008,13:08:25,3.77,0.01,7,2639,买盘
1009,13:08:19,3.76,-0.01,7,2632,卖盘
1010,13:08:10,3.77,--,278,104806,买盘
1011,13:08:04,3.77,--,23,8671,买盘
1012,13:07:49,3.77,--,904,340808,买盘
1013,13:07:34,3.77,--,101,38077,买盘
1014,13:07:28,3.77,--,49,18473,买盘
1015,13:07:19,3.77,--,10,3770,买盘
1016,13:07:13,3.77,0.01,23,8671,买盘
1017,13:07:07,3.76,-0.01,20,7520,卖盘
1018,13:06:57,3.77,--,87,32799,买盘
1019,13:06:54,3.77,0.01,2,754,买盘
1020,13:06:49,3.76,--,6,2256,卖盘
1021,13:06:42,3.76,-0.01,338,127088,卖盘
1022,13:06:34,3.77,--,16,6032,买盘
1023,13:06:23,3.77,0.01,95,35815,买盘
1024,13:06:19,3.76,-0.01,7,2632,卖盘
1025,13:06:13,3.77,0.01,2,754,买盘
1026,13:06:09,3.76,-0.01,263,98888,卖盘
1027,13:06:04,3.77,0.01,138,52026,买盘
1028,13:05:58,3.76,--,0,0,卖盘
1029,13:05:49,3.76,-0.01,306,115056,卖盘
1030,13:05:43,3.77,--,346,130442,买盘
1031,13:05:33,3.77,0.01,1,377,买盘
1032,13:05:27,3.76,-0.01,86,32335,卖盘
1033,13:05:19,3.77,--,627,236379,卖盘
1034,13:05:12,3.77,--,103,38831,卖盘
1035,13:05:03,3.77,--,150,56550,卖盘
1036,13:04:57,3.77,--,21,7917,卖盘
1037,13:04:53,3.77,--,116,43732,买盘
1038,13:04:49,3.77,--,1268,478036,卖盘
1039,13:04:43,3.77,--,220,82940,卖盘
1040,13:04:38,3.77,--,620,233740,卖盘
1041,13:04:33,3.77,-0.01,2020,761540,卖盘
1042,13:04:28,3.78,0.01,363,137214,买盘
1043,13:04:23,3.77,-0.01,601,226577,卖盘
1044,13:04:19,3.78,0.01,277,104706,买盘
1045,13:04:12,3.77,--,1000,377000,卖盘
1046,13:04:04,3.77,--,1344,506688,卖盘
1047,13:03:58,3.77,--,5,1885,卖盘
1048,13:03:48,3.77,--,1596,601692,卖盘
1049,13:03:43,3.77,-0.01,50,18850,卖盘
1050,13:03:36,3.78,0.01,146,55188,买盘
1051,13:03:33,3.77,--,2023,762671,卖盘
1052,13:03:28,3.77,--,30,11310,卖盘
1053,13:03:18,3.77,--,110,41537,卖盘
1054,13:03:13,3.77,--,100,37700,卖盘
1055,13:03:03,3.77,--,106,39962,卖盘
1056,13:02:56,3.77,--,291,109707,卖盘
1057,13:02:48,3.77,--,6,2262,卖盘
1058,13:02:34,3.77,--,23,8671,卖盘
1059,13:02:19,3.77,--,6,2262,卖盘
1060,13:02:13,3.77,--,1,377,卖盘
1061,13:02:07,3.77,--,4,1508,卖盘
1062,13:02:04,3.77,--,36,13572,卖盘
1063,13:01:58,3.77,-0.01,22,8294,卖盘
1064,13:01:51,3.78,0.01,190,71820,买盘
1065,13:01:49,3.77,--,106,39962,卖盘
1066,13:01:42,3.77,--,84,31668,卖盘
1067,13:01:27,3.77,--,106,40011,卖盘
1068,13:01:19,3.77,-0.01,37,13949,卖盘
1069,13:01:03,3.78,0.01,17,6426,买盘
1070,13:00:57,3.77,--,50,18850,卖盘
1071,13:00:48,3.77,--,35,13195,卖盘
1072,13:00:42,3.77,-0.01,174,65598,卖盘
1073,13:00:36,3.78,0.01,86,32508,买盘
1074,13:00:32,3.77,--,278,104806,卖盘
1075,13:00:21,3.77,-0.01,237,89349,卖盘
1076,13:00:17,3.78,0.01,20,7560,买盘
1077,13:00:12,3.77,-0.01,288,108576,卖盘
1078,13:00:06,3.78,0.01,13728,5189184,买盘
1079,13:00:03,3.77,--,1,377,卖盘
1080,11:30:00,3.77,--,0,0,卖盘
1081,11:30:00,3.77,--,0,0,卖盘
1082,11:29:53,3.77,--,1506,567762,卖盘
1083,11:29:47,3.77,--,5,1885,卖盘
1084,11:29:38,3.77,--,3000,1131000,卖盘
1085,11:29:32,3.77,--,1,377,卖盘
1086,11:29:29,3.77,--,4,1508,卖盘
1087,11:29:23,3.77,--,471,177567,卖盘
1088,11:29:16,3.77,--,7,2639,卖盘
1089,11:29:14,3.77,--,111,41896,卖盘
1090,11:29:02,3.77,--,2,754,卖盘
1091,11:28:59,3.77,--,21,7917,卖盘
1092,11:28:53,3.77,--,6,2262,卖盘
1093,11:28:44,3.77,--,10,3770,卖盘
1094,11:28:32,3.77,--,1,377,卖盘
1095,11:28:23,3.77,--,116,43732,卖盘
1096,11:28:17,3.77,-0.01,19,7163,卖盘
1097,11:28:02,3.78,--,187,70686,买盘
1098,11:27:57,3.78,0.01,54,20412,买盘
1099,11:27:52,3.77,--,162,61074,卖盘
1100,11:27:47,3.77,-0.01,405,152685,卖盘
1101,11:27:37,3.78,0.01,386,145908,买盘
1102,11:27:32,3.77,--,26,9802,卖盘
1103,11:27:26,3.77,--,410,154570,卖盘
1104,11:27:23,3.77,--,70,26390,卖盘
1105,11:27:17,3.77,--,172,64893,卖盘
1106,11:27:08,3.77,--,62,23374,卖盘
1107,11:27:02,3.77,-0.01,200,75400,卖盘
1108,11:26:52,3.78,0.01,168,63504,买盘
1109,11:26:47,3.77,-0.01,7,2639,卖盘
1110,11:26:38,3.78,0.01,94,35532,买盘
1111,11:26:27,3.77,--,215,81055,卖盘
1112,11:26:23,3.77,--,1,377,卖盘
1113,11:26:17,3.77,-0.01,6,2262,卖盘
1114,11:26:08,3.78,0.01,1,378,买盘
1115,11:26:02,3.77,--,90,33930,卖盘
1116,11:25:56,3.77,--,20,7540,卖盘
1117,11:25:52,3.77,-0.01,36,13572,卖盘
1118,11:25:47,3.78,0.01,2,756,买盘
1119,11:25:31,3.77,--,300,113100,卖盘
1120,11:25:17,3.77,--,8,3178,卖盘
1121,11:25:02,3.77,--,504,190271,卖盘
1122,11:24:53,3.77,-0.01,57,21489,卖盘
1123,11:24:26,3.78,0.01,2,756,买盘
1124,11:24:23,3.77,--,238,89726,卖盘
1125,11:24:07,3.77,--,69,26013,卖盘
1126,11:24:02,3.77,-0.01,8,3016,卖盘
1127,11:23:53,3.78,0.01,1223,462294,买盘
1128,11:23:47,3.77,--,56,21112,卖盘
1129,11:23:41,3.77,--,36,13572,卖盘
1130,11:23:38,3.77,-0.01,68,25636,卖盘
1131,11:23:31,3.78,0.01,724,273672,买盘
1132,11:23:23,3.77,--,100,37700,卖盘
1133,11:23:17,3.77,--,6,2262,卖盘
1134,11:23:08,3.77,-0.01,74,27898,卖盘
1135,11:22:56,3.78,0.01,2083,787661,买盘
1136,11:22:53,3.77,--,50,18850,卖盘
1137,11:22:47,3.77,--,108,40855,卖盘
1138,11:22:37,3.77,--,19,7163,卖盘
1139,11:22:31,3.77,--,10,3770,卖盘
1140,11:22:26,3.77,-0.01,2,754,卖盘
1141,11:22:22,3.78,0.01,206,77868,买盘
1142,11:22:17,3.77,--,147,55419,卖盘
1143,11:22:11,3.77,--,110,41470,卖盘
1144,11:22:08,3.77,-0.01,32,12064,卖盘
1145,11:22:02,3.78,0.01,325,122850,买盘
1146,11:21:55,3.77,-0.01,32,12064,卖盘
1147,11:21:52,3.78,0.01,291,109998,买盘
1148,11:21:47,3.77,--,475,179075,卖盘
1149,11:21:38,3.77,--,148,55796,卖盘
1150,11:21:31,3.77,--,90,33930,卖盘
1151,11:21:26,3.77,--,200,75400,卖盘
1152,11:21:22,3.77,--,6,2262,卖盘
1153,11:21:17,3.77,--,125,47125,卖盘
1154,11:21:11,3.77,--,257,96889,卖盘
1155,11:20:56,3.77,--,1,395,卖盘
1156,11:20:51,3.77,--,91,34307,卖盘
1157,11:20:47,3.77,-0.01,130,49040,卖盘
1158,11:20:41,3.78,0.01,120,45360,买盘
1159,11:20:31,3.77,--,20,7540,卖盘
1160,11:20:25,3.77,--,500,188500,卖盘
1161,11:20:21,3.77,--,37,13949,卖盘
1162,11:20:17,3.77,--,17,6409,卖盘
1163,11:20:11,3.77,-0.01,68,25636,卖盘
1164,11:20:02,3.78,--,236,89208,买盘
1165,11:19:55,3.78,0.01,200,75600,买盘
1166,11:19:50,3.77,--,4,1508,卖盘
1167,11:19:47,3.77,--,136,51272,卖盘
1168,11:19:41,3.77,--,100,37700,卖盘
1169,11:19:36,3.77,--,20,7540,卖盘
1170,11:19:32,3.77,--,103,38831,卖盘
1171,11:19:26,3.77,--,30,11310,卖盘
1172,11:19:21,3.77,--,155,58435,卖盘
1173,11:19:16,3.77,--,6,2262,卖盘
1174,11:19:02,3.77,--,8,3016,卖盘
1175,11:18:55,3.77,--,102,38454,卖盘
1176,11:18:52,3.77,--,9,3393,卖盘
1177,11:18:47,3.77,--,12,4542,卖盘
1178,11:18:41,3.77,--,187,70529,卖盘
1179,11:18:35,3.77,--,1,377,卖盘
1180,11:18:31,3.77,--,21,7917,卖盘
1181,11:18:20,3.77,--,48,18096,卖盘
1182,11:18:17,3.77,-0.01,6,2262,卖盘
1183,11:18:11,3.78,0.01,3,1134,买盘
1184,11:18:05,3.77,-0.01,130,49010,卖盘
1185,11:18:02,3.78,--,300,113400,买盘
1186,11:17:49,3.78,0.01,100,37800,买盘
1187,11:17:47,3.77,--,42,15834,卖盘
1188,11:17:40,3.77,-0.01,177,66729,卖盘
1189,11:17:35,3.78,0.01,100,37800,买盘
1190,11:17:32,3.77,--,16,6032,卖盘
1191,11:17:20,3.77,--,27,10179,卖盘
1192,11:17:17,3.77,--,200,75400,卖盘
1193,11:17:10,3.77,-0.01,8,3016,卖盘
1194,11:17:02,3.78,--,200,75600,买盘
1195,11:16:56,3.78,0.01,205,77490,买盘
1196,11:16:46,3.77,--,341,128557,卖盘
1197,11:16:40,3.77,-0.01,100,37700,卖盘
1198,11:16:35,3.78,0.01,8,3024,买盘
1199,11:16:32,3.77,--,306,115411,卖盘
1200,11:16:26,3.77,--,69,26013,卖盘
1201,11:16:20,3.77,--,30,11310,卖盘
1202,11:16:16,3.77,--,10,3770,卖盘
1203,11:16:10,3.77,--,100,37700,卖盘
1204,11:15:55,3.77,--,210,79170,卖盘
1205,11:15:47,3.77,--,6,2262,卖盘
1206,11:15:40,3.77,-0.01,30,11310,卖盘
1207,11:15:35,3.78,--,265,100170,买盘
1208,11:15:31,3.78,--,21,7938,买盘
1209,11:15:25,3.78,0.01,2,756,买盘
1210,11:15:16,3.77,--,54,20358,卖盘
1211,11:15:11,3.77,-0.01,1,377,卖盘
1212,11:15:02,3.78,0.01,70,26460,买盘
1213,11:14:56,3.77,-0.01,947,357019,卖盘
1214,11:14:49,3.78,0.01,192,72576,买盘
1215,11:14:46,3.77,-0.01,25,9425,卖盘
1216,11:14:40,3.78,--,248,93744,买盘
1217,11:14:34,3.78,--,2,756,买盘
1218,11:14:26,3.78,0.01,235,88879,买盘
1219,11:14:19,3.77,--,186,70122,卖盘
1220,11:14:16,3.77,-0.01,526,198302,卖盘
1221,11:14:04,3.78,0.01,1151,435078,买盘
1222,11:14:01,3.77,-0.01,404,152308,卖盘
1223,11:13:55,3.78,--,254,96012,买盘
1224,11:13:49,3.78,0.01,123,46494,买盘
1225,11:13:46,3.77,--,3,1131,卖盘
1226,11:13:40,3.77,-0.01,80,30160,卖盘
1227,11:13:34,3.78,0.01,54,20412,买盘
1228,11:13:31,3.77,-0.01,101,38077,卖盘
1229,11:13:25,3.78,0.01,76,28728,买盘
1230,11:13:19,3.77,-0.01,1185,446745,卖盘
1231,11:13:14,3.78,--,2084,787752,买盘
1232,11:13:10,3.78,0.01,14,5292,买盘
1233,11:13:04,3.77,--,27,10179,卖盘
1234,11:12:56,3.77,--,3,1131,卖盘
1235,11:12:49,3.77,--,507,191139,卖盘
1236,11:12:41,3.77,--,3,1131,卖盘
1237,11:12:34,3.77,--,189,71253,卖盘
1238,11:12:25,3.77,-0.01,462,174287,卖盘
1239,11:12:19,3.78,--,324,122472,买盘
1240,11:12:13,3.78,0.01,279,105462,买盘
1241,11:12:10,3.77,--,4468,1684748,卖盘
1242,11:12:04,3.77,--,247,93119,卖盘
1243,11:11:58,3.77,-0.01,1,377,卖盘
1244,11:11:55,3.78,0.01,200,75600,买盘
1245,11:11:49,3.77,-0.01,186,70122,卖盘
1246,11:11:43,3.78,0.01,1459,551502,买盘
1247,11:11:40,3.77,-0.01,13,4901,卖盘
1248,11:11:34,3.78,--,75,28350,买盘
1249,11:11:30,3.78,--,14,5292,买盘
1250,11:11:25,3.78,0.01,178,67284,买盘
1251,11:11:19,3.77,--,21,7917,卖盘
1252,11:11:10,3.77,--,187,70499,卖盘
1253,11:11:04,3.77,--,15,5655,卖盘
1254,11:10:59,3.77,-0.01,10,3770,卖盘
1255,11:10:55,3.78,0.01,200,75600,买盘
1256,11:10:49,3.77,--,7,2639,卖盘
1257,11:10:43,3.77,-0.01,100,37700,卖盘
1258,11:10:35,3.78,0.01,189,71442,买盘
1259,11:10:28,3.77,-0.01,85,32045,卖盘
1260,11:10:25,3.78,0.01,180,68274,买盘
1261,11:10:20,3.77,--,6,2262,卖盘
1262,11:10:13,3.77,--,100,37700,卖盘
1263,11:10:10,3.77,--,543,204711,卖盘
1264,11:10:04,3.77,--,151,57119,卖盘
1265,11:09:58,3.77,--,27,10179,卖盘
1266,11:09:55,3.77,--,50,18850,卖盘
1267,11:09:49,3.77,--,8,3016,卖盘
1268,11:09:43,3.77,--,159,59943,卖盘
1269,11:09:40,3.77,-0.01,20,7540,卖盘
1270,11:09:34,3.78,0.01,50,18900,买盘
1271,11:09:28,3.77,-0.01,20,7540,卖盘
1272,11:09:25,3.78,0.01,207,78246,买盘
1273,11:09:19,3.77,-0.01,27,10179,卖盘
1274,11:09:13,3.78,--,176,66528,买盘
1275,11:09:10,3.78,0.01,1,378,买盘
1276,11:09:03,3.77,--,341,128557,卖盘
1277,11:08:58,3.77,-0.01,270,101790,卖盘
1278,11:08:55,3.78,0.01,19,7182,买盘
1279,11:08:50,3.77,-0.01,79,29783,卖盘
1280,11:08:40,3.78,--,61,23058,买盘
1281,11:08:35,3.78,--,22,8316,买盘
1282,11:08:25,3.78,--,153,57834,买盘
1283,11:08:19,3.78,--,156,58968,买盘
1284,11:08:13,3.78,--,4639,1753591,买盘
1285,11:08:05,3.78,0.01,1063,401814,买盘
1286,11:07:58,3.77,--,1,377,卖盘
1287,11:07:55,3.77,-0.01,404,152308,卖盘
1288,11:07:49,3.78,--,76,28728,买盘
1289,11:07:40,3.78,0.01,486,183708,买盘
1290,11:07:25,3.77,--,20,7540,卖盘
1291,11:07:19,3.77,-0.01,194,73138,卖盘
1292,11:07:13,3.78,--,176,66528,买盘
1293,11:07:09,3.78,0.01,176,66528,买盘
1294,11:07:04,3.77,-0.01,219,82563,卖盘
1295,11:06:55,3.78,0.01,204,77112,买盘
1296,11:06:49,3.77,--,336,126672,卖盘
1297,11:06:43,3.77,--,86,32422,卖盘
1298,11:06:40,3.77,-0.01,8,3016,卖盘
1299,11:06:34,3.78,--,100,37800,买盘
1300,11:06:18,3.78,--,32,12311,买盘
1301,11:06:13,3.78,0.01,167,63337,买盘
1302,11:06:10,3.77,--,187,70499,卖盘
1303,11:06:04,3.77,--,10,3770,卖盘
1304,11:05:58,3.77,--,256,96512,卖盘
1305,11:05:49,3.77,-0.01,512,193024,卖盘
1306,11:05:37,3.78,0.01,105,39690,买盘
1307,11:05:28,3.77,-0.01,244,91988,卖盘
1308,11:05:22,3.78,0.01,70,26460,买盘
1309,11:05:19,3.77,--,8,3016,卖盘
1310,11:05:13,3.77,--,21,7917,卖盘
1311,11:05:08,3.77,-0.01,198,74646,卖盘
1312,11:05:04,3.78,--,552,208656,买盘
1313,11:04:58,3.78,0.01,21,7938,买盘
1314,11:04:52,3.77,-0.01,116,43732,卖盘
1315,11:04:49,3.78,0.01,650,245700,买盘
1316,11:04:40,3.77,--,11,4147,卖盘
1317,11:04:28,3.77,-0.01,19,7163,卖盘
1318,11:04:25,3.78,0.01,2,756,买盘
1319,11:04:19,3.77,--,59,22243,卖盘
1320,11:04:13,3.77,--,188,70876,卖盘
1321,11:04:08,3.77,--,215,81055,卖盘
1322,11:04:04,3.77,--,213,80301,卖盘
1323,11:03:59,3.77,--,398,150095,卖盘
1324,11:03:53,3.77,-0.01,29,10933,卖盘
1325,11:03:49,3.78,--,219,82782,买盘
1326,11:03:43,3.78,--,117,44226,买盘
1327,11:03:34,3.78,--,352,133056,买盘
1328,11:03:28,3.78,--,100,37800,买盘
1329,11:03:24,3.78,--,217,82026,买盘
1330,11:03:20,3.78,--,5241,1981098,买盘
1331,11:03:14,3.78,--,106,40068,买盘
1332,11:03:07,3.78,--,185,69930,买盘
1333,11:03:04,3.78,0.01,217,82026,买盘
1334,11:02:58,3.77,-0.01,388,146276,卖盘
1335,11:02:49,3.78,--,211,79758,买盘
1336,11:02:37,3.78,0.01,100,37800,买盘
1337,11:02:34,3.77,--,406,153062,卖盘
1338,11:02:28,3.77,-0.01,396,149292,卖盘
1339,11:02:19,3.78,--,85,32130,买盘
1340,11:02:13,3.78,0.01,125,47250,买盘
1341,11:02:07,3.77,-0.01,409,154193,卖盘
1342,11:02:04,3.78,0.01,97,36666,买盘
1343,11:01:58,3.77,--,498,187746,卖盘
1344,11:01:49,3.77,--,257,96889,卖盘
1345,11:01:43,3.77,--,1642,619034,卖盘
1346,11:01:37,3.77,-0.01,10,3770,卖盘
1347,11:01:34,3.78,0.01,436,164808,买盘
1348,11:01:28,3.77,--,510,192270,卖盘
1349,11:01:19,3.77,-0.01,7,2639,卖盘
1350,11:01:13,3.78,--,177,66906,买盘
1351,11:01:07,3.78,0.01,30,11340,买盘
1352,11:00:58,3.77,-0.01,189,71253,卖盘
1353,11:00:53,3.78,0.01,265,100170,买盘
1354,11:00:49,3.77,-0.01,66,24882,卖盘
1355,11:00:43,3.78,--,190,71820,买盘
1356,11:00:38,3.78,--,185,69930,买盘
1357,11:00:34,3.78,0.01,55,20790,买盘
1358,11:00:28,3.77,--,50,18850,卖盘
1359,11:00:22,3.77,--,1,377,卖盘
1360,11:00:17,3.77,-0.01,6,2262,卖盘
1361,11:00:13,3.78,--,197,74466,买盘
1362,11:00:07,3.78,--,342,129276,买盘
1363,11:00:04,3.78,--,204,77112,买盘
1364,10:59:58,3.78,0.01,181,68418,买盘
1365,10:59:52,3.77,--,30,11310,卖盘
1366,10:59:48,3.77,-0.01,8,3016,卖盘
1367,10:59:43,3.78,0.01,1142,431676,买盘
1368,10:59:37,3.77,-0.01,578,217906,卖盘
1369,10:59:28,3.78,0.01,154,58212,买盘
1370,10:59:19,3.77,--,7,2639,卖盘
1371,10:59:13,3.77,-0.01,10578,3987906,卖盘
1372,10:59:02,3.78,--,312,117936,买盘
1373,10:58:58,3.78,0.01,3300,1247400,买盘
1374,10:58:52,3.77,--,50,18850,卖盘
1375,10:58:46,3.77,-0.01,194,73138,卖盘
1376,10:58:43,3.78,0.01,212,80136,买盘
1377,10:58:37,3.77,-0.01,252,95004,卖盘
1378,10:58:33,3.78,0.01,55,20790,买盘
1379,10:58:28,3.77,--,384,144768,卖盘
1380,10:58:22,3.77,--,102,38454,卖盘
1381,10:58:16,3.77,--,233,87841,卖盘
1382,10:58:13,3.77,--,113,42601,卖盘
1383,10:58:07,3.77,-0.01,201,75777,卖盘
1384,10:58:03,3.78,0.01,201,75978,买盘
1385,10:57:58,3.77,--,2296,865592,买盘
1386,10:57:52,3.77,0.01,114,42978,买盘
1387,10:57:48,3.76,-0.01,151,56776,卖盘
1388,10:57:43,3.77,--,344,129688,买盘
1389,10:57:33,3.77,0.01,1309,493493,买盘
1390,10:57:28,3.76,-0.01,618,232368,卖盘
1391,10:57:22,3.77,--,246,92742,买盘
1392,10:57:16,3.77,--,15,5655,买盘
1393,10:57:13,3.77,0.01,1500,565500,买盘
1394,10:57:07,3.76,-0.01,1419,533544,卖盘
1395,10:57:03,3.77,--,10,3770,买盘
1396,10:56:58,3.77,0.01,1759,663143,买盘
1397,10:56:52,3.76,--,3386,1273136,卖盘
1398,10:56:48,3.76,-0.01,6,2256,卖盘
1399,10:56:43,3.77,--,357,134589,买盘
1400,10:56:37,3.77,0.01,111,41847,买盘
1401,10:56:32,3.76,-0.01,511,192136,卖盘
1402,10:56:28,3.77,0.01,8,3016,买盘
1403,10:56:16,3.76,-0.01,7,2632,卖盘
1404,10:56:13,3.77,0.01,195,73515,买盘
1405,10:56:07,3.76,--,67,25192,卖盘
1406,10:55:58,3.76,-0.01,11202,4211952,卖盘
1407,10:55:52,3.77,0.01,57,21489,买盘
1408,10:55:46,3.76,-0.01,6,2256,卖盘
1409,10:55:43,3.77,--,129,48633,买盘
1410,10:55:37,3.77,0.01,174,65598,买盘
1411,10:55:31,3.76,-0.01,5,1880,卖盘
1412,10:55:22,3.77,0.01,143,53911,买盘
1413,10:55:17,3.76,-0.01,194,72944,卖盘
1414,10:55:13,3.77,--,78,29406,买盘
1415,10:55:07,3.77,0.01,54,20358,买盘
1416,10:54:52,3.76,--,39,14664,卖盘
1417,10:54:46,3.76,-0.01,19,7144,卖盘
1418,10:54:43,3.77,--,157,59189,买盘
1419,10:54:37,3.77,--,5,1885,买盘
1420,10:54:22,3.77,0.01,34,12818,买盘
1421,10:54:16,3.76,-0.01,110,41360,卖盘
1422,10:54:13,3.77,--,477,179829,买盘
1423,10:54:07,3.77,--,256,96512,买盘
1424,10:54:01,3.77,--,338,127426,买盘
1425,10:53:58,3.77,--,474,178698,买盘
1426,10:53:52,3.77,0.01,67,25259,买盘
1427,10:53:46,3.76,--,6,2256,卖盘
1428,10:53:43,3.76,-0.01,2180,819680,卖盘
1429,10:53:37,3.77,--,20,7540,买盘
1430,10:53:31,3.77,0.01,158,59566,买盘
1431,10:53:28,3.76,--,10,3760,卖盘
1432,10:53:22,3.76,--,31,11656,卖盘
1433,10:53:16,3.76,--,206,77456,卖盘
1434,10:53:13,3.76,-0.01,322,121072,卖盘
1435,10:53:07,3.77,0.01,50,18850,买盘
1436,10:52:57,3.76,-0.01,10,3760,卖盘
1437,10:52:52,3.77,0.01,17,6409,买盘
1438,10:52:46,3.76,-0.01,1432,538432,卖盘
1439,10:52:37,3.77,0.01,10,3770,买盘
1440,10:52:22,3.76,--,1,376,卖盘
1441,10:52:16,3.76,-0.01,214,80464,卖盘
1442,10:52:07,3.77,--,263,99151,买盘
1443,10:52:01,3.77,--,177,66729,买盘
1444,10:51:52,3.77,0.01,134,50518,买盘
1445,10:51:46,3.76,-0.01,1335,501960,卖盘
1446,10:51:41,3.77,0.01,199,75023,买盘
1447,10:51:37,3.76,-0.01,1,376,卖盘
1448,10:51:31,3.77,--,20,7540,买盘
1449,10:51:27,3.77,0.01,30,11310,买盘
1450,10:51:16,3.76,-0.01,214,80464,卖盘
1451,10:51:07,3.77,--,241,90857,买盘
1452,10:51:01,3.77,0.01,34,12818,买盘
1453,10:50:57,3.76,-0.01,5,1880,卖盘
1454,10:50:52,3.77,0.01,142,53534,买盘
1455,10:50:46,3.76,-0.01,110,41360,卖盘
1456,10:50:42,3.77,--,54,20358,买盘
1457,10:50:37,3.77,0.01,20,7540,买盘
1458,10:50:31,3.76,-0.01,509,191384,卖盘
1459,10:50:22,3.77,0.01,333,125541,买盘
1460,10:50:16,3.76,-0.01,599,225224,卖盘
1461,10:50:12,3.77,--,2246,846742,买盘
1462,10:50:07,3.77,--,984,370968,买盘
1463,10:50:01,3.77,--,187,70499,买盘
1464,10:49:55,3.77,0.01,72,27144,买盘
1465,10:49:46,3.76,-0.01,130,48880,卖盘
1466,10:49:41,3.77,--,54,20358,买盘
1467,10:49:37,3.77,--,127,47879,买盘
1468,10:49:31,3.77,0.01,159,59943,买盘
1469,10:49:22,3.76,0.01,136,51136,买盘
1470,10:49:16,3.75,--,40,15000,卖盘
1471,10:49:10,3.75,--,8,3000,卖盘
1472,10:49:07,3.75,-0.01,148,55500,卖盘
1473,10:49:01,3.76,--,65,24440,买盘
1474,10:48:57,3.76,--,10,3760,买盘
1475,10:48:52,3.76,--,7,2632,卖盘
1476,10:48:46,3.76,--,51,19176,卖盘
1477,10:48:40,3.76,--,1,376,卖盘
1478,10:48:37,3.76,-0.01,5,1880,卖盘
1479,10:48:31,3.77,0.01,143,53911,买盘
1480,10:48:25,3.76,--,169,63544,买盘
1481,10:48:22,3.76,--,86,32335,卖盘
1482,10:48:16,3.76,--,107,40232,卖盘
1483,10:48:10,3.76,--,60,22560,卖盘
1484,10:48:07,3.76,--,150,56400,卖盘
1485,10:48:01,3.76,--,842,316592,卖盘
1486,10:47:52,3.76,--,961,361336,卖盘
1487,10:47:46,3.76,--,6,2256,卖盘
1488,10:47:37,3.76,--,400,150400,卖盘
1489,10:47:31,3.76,--,86,32335,卖盘
1490,10:47:25,3.76,--,118,44368,卖盘
1491,10:47:22,3.76,-0.01,10,3760,卖盘
1492,10:47:16,3.77,--,200,75400,买盘
1493,10:47:10,3.77,0.01,7,2639,买盘
1494,10:47:07,3.76,-0.01,2100,789600,卖盘
1495,10:47:01,3.77,0.01,105,39585,买盘
1496,10:46:52,3.76,--,2,752,卖盘
1497,10:46:46,3.76,-0.01,8,3008,卖盘
1498,10:46:40,3.77,0.01,50,18850,买盘
1499,10:46:37,3.76,--,25,9400,卖盘
1500,10:46:31,3.76,--,100,37600,卖盘
1501,10:46:21,3.76,--,3,1128,卖盘
1502,10:46:16,3.76,--,217,81592,卖盘
1503,10:46:07,3.76,--,439,165064,卖盘
1504,10:45:55,3.76,--,100,37600,卖盘
1505,10:45:52,3.76,--,220,82720,卖盘
1506,10:45:46,3.76,-0.01,67,25192,卖盘
1507,10:45:40,3.77,0.01,9,3393,买盘
1508,10:45:37,3.76,--,57,21432,卖盘
1509,10:45:31,3.76,--,321,120696,卖盘
1510,10:45:25,3.76,--,30,11280,卖盘
1511,10:45:22,3.76,--,338,127088,卖盘
1512,10:45:16,3.76,--,384,144384,卖盘
1513,10:45:10,3.76,--,482,181232,卖盘
1514,10:45:07,3.76,-0.01,2,752,卖盘
1515,10:45:01,3.77,0.01,2102,792454,买盘
1516,10:44:55,3.76,-0.01,229,86329,卖盘
1517,10:44:52,3.77,0.01,211,79547,买盘
1518,10:44:46,3.76,--,89,33464,卖盘
1519,10:44:40,3.76,--,55,20680,卖盘
1520,10:44:31,3.76,--,796,299296,卖盘
1521,10:44:25,3.76,--,1016,382016,卖盘
1522,10:44:15,3.76,-0.01,617,231992,卖盘
1523,10:44:10,3.77,--,1037,390949,买盘
1524,10:44:07,3.77,--,109,41093,买盘
1525,10:44:00,3.77,--,225,84825,买盘
1526,10:43:55,3.77,0.01,1391,524407,买盘
1527,10:43:46,3.76,-0.01,6,2256,卖盘
1528,10:43:40,3.77,0.01,54,20358,买盘
1529,10:43:36,3.76,-0.01,100,37600,卖盘
1530,10:43:31,3.77,--,71,26767,买盘
1531,10:43:25,3.77,0.01,492,185484,买盘
1532,10:43:20,3.76,-0.01,282,106032,卖盘
1533,10:43:16,3.77,0.01,974,367198,买盘
1534,10:43:10,3.76,--,323,121448,卖盘
1535,10:43:06,3.76,--,490,184240,买盘
1536,10:43:01,3.76,--,84,31584,买盘
1537,10:42:55,3.76,0.01,6,2256,买盘
1538,10:42:49,3.75,--,2,750,卖盘
1539,10:42:46,3.75,-0.02,111,41625,卖盘
1540,10:42:40,3.77,0.01,2537,956449,买盘
1541,10:42:36,3.76,--,100,37600,买盘
1542,10:42:31,3.76,--,27,10152,买盘
1543,10:42:25,3.76,--,718,269968,买盘
1544,10:42:21,3.76,--,146,54896,买盘
1545,10:42:16,3.76,--,413,155288,买盘
1546,10:42:09,3.76,--,1068,401568,卖盘
1547,10:42:01,3.76,-0.01,228,85728,卖盘
1548,10:41:55,3.77,0.01,1424,536848,买盘
1549,10:41:46,3.76,-0.01,8,3008,卖盘
1550,10:41:40,3.77,0.01,54,20358,买盘
1551,10:41:31,3.76,-0.01,50,18800,卖盘
1552,10:41:25,3.77,0.01,73,27521,买盘
1553,10:41:15,3.76,-0.01,215,80840,卖盘
1554,10:41:10,3.77,--,346,130442,买盘
1555,10:41:06,3.77,--,123,46371,买盘
1556,10:41:01,3.77,0.01,107,40339,买盘
1557,10:40:55,3.76,--,50,18800,卖盘
1558,10:40:51,3.76,-0.01,54,20304,卖盘
1559,10:40:46,3.77,--,1619,610363,买盘
1560,10:40:39,3.77,0.01,54,20358,买盘
1561,10:40:34,3.76,-0.01,138,51888,卖盘
1562,10:40:31,3.77,0.01,237,89349,买盘
1563,10:40:25,3.76,--,275,103400,卖盘
1564,10:40:19,3.76,--,143,53768,买盘
1565,10:40:16,3.76,--,228,85728,买盘
1566,10:40:10,3.76,-0.01,3430,1289680,卖盘
1567,10:40:04,3.77,0.01,56,21112,买盘
1568,10:40:01,3.76,-0.01,20,7520,卖盘
1569,10:39:55,3.77,--,324,122148,买盘
1570,10:39:49,3.77,0.01,164,61828,买盘
1571,10:39:46,3.76,--,528,198528,卖盘
1572,10:39:40,3.76,--,197,74072,卖盘
1573,10:39:31,3.76,--,515,193640,卖盘
1574,10:39:25,3.76,--,637,239512,卖盘
1575,10:39:16,3.76,--,286,107536,卖盘
1576,10:39:10,3.76,-0.01,100,37600,卖盘
1577,10:39:01,3.77,0.01,15,5655,买盘
1578,10:38:55,3.76,--,40,15040,卖盘
1579,10:38:46,3.76,--,7,2632,卖盘
1580,10:38:40,3.76,--,53,19928,卖盘
1581,10:38:34,3.76,--,100,37600,卖盘
1582,10:38:31,3.76,--,232,87232,卖盘
1583,10:38:19,3.76,--,202,75952,卖盘
1584,10:38:15,3.76,--,206,77456,卖盘
1585,10:38:10,3.76,-0.01,50,18800,卖盘
1586,10:38:01,3.77,0.01,180,67860,买盘
1587,10:37:46,3.76,-0.01,66,24816,卖盘
1588,10:37:40,3.77,0.01,50,18850,买盘
1589,10:37:34,3.76,--,100,37600,卖盘
1590,10:37:31,3.76,-0.01,150,56400,卖盘
1591,10:37:25,3.77,0.01,35,13195,买盘
1592,10:37:19,3.76,--,207,77832,卖盘
1593,10:37:10,3.76,-0.01,7,2632,卖盘
1594,10:37:00,3.77,0.01,905,341185,买盘
1595,10:36:54,3.76,--,20,7520,卖盘
1596,10:36:48,3.76,--,132,49632,卖盘
1597,10:36:45,3.76,--,18,6768,卖盘
1598,10:36:40,3.76,--,93,34968,卖盘
1599,10:36:34,3.76,--,7,2632,卖盘
1600,10:36:30,3.76,-0.01,1,376,卖盘
1601,10:36:25,3.77,0.01,12,4524,买盘
1602,10:36:19,3.76,-0.01,206,77456,卖盘
1603,10:36:10,3.77,--,407,153439,买盘
1604,10:36:04,3.77,0.01,68,25636,买盘
1605,10:35:55,3.76,--,520,195520,卖盘
1606,10:35:48,3.76,--,28,10528,卖盘
1607,10:35:43,3.76,-0.01,345,129719,卖盘
1608,10:35:40,3.77,--,40,15080,买盘
1609,10:35:28,3.77,0.01,175,65975,买盘
1610,10:35:25,3.76,-0.01,60,22560,卖盘
1611,10:35:19,3.77,0.01,511,192647,买盘
1612,10:35:13,3.76,--,70,26320,卖盘
1613,10:35:10,3.76,--,283,106408,卖盘
1614,10:35:04,3.76,--,1158,435408,卖盘
1615,10:34:59,3.76,-0.01,1,376,卖盘
1616,10:34:55,3.77,0.01,467,176059,买盘
1617,10:34:49,3.76,--,6,2256,卖盘
1618,10:34:44,3.76,--,30,11280,卖盘
1619,10:34:40,3.76,--,137,51512,卖盘
1620,10:34:30,3.76,--,383,144008,买盘
1621,10:34:25,3.76,0.01,245,92120,买盘
1622,10:34:18,3.75,-0.01,104,39000,卖盘
1623,10:34:13,3.76,--,110,41360,买盘
1624,10:34:04,3.76,--,26,9776,买盘
1625,10:33:55,3.76,--,7,2632,买盘
1626,10:33:49,3.76,--,127,47752,买盘
1627,10:33:40,3.76,0.01,276,103776,买盘
1628,10:33:34,3.75,-0.01,223,83625,卖盘
1629,10:33:25,3.76,--,200,75200,买盘
1630,10:33:19,3.76,--,142,53392,买盘
1631,10:33:13,3.76,--,58,21808,买盘
1632,10:33:10,3.76,--,8,3008,买盘
1633,10:33:04,3.76,0.01,50,18800,买盘
1634,10:32:55,3.75,-0.01,88,33000,卖盘
1635,10:32:49,3.76,--,183,68808,买盘
1636,10:32:44,3.76,--,170,63920,买盘
1637,10:32:39,3.76,--,230,86480,买盘
1638,10:32:34,3.76,--,200,75200,买盘
1639,10:32:28,3.76,--,186,69936,买盘
1640,10:32:25,3.76,--,200,75200,买盘
1641,10:32:19,3.76,--,422,158672,买盘
1642,10:32:13,3.76,0.01,87,32711,买盘
1643,10:32:10,3.75,-0.01,350,131250,卖盘
1644,10:32:04,3.76,--,230,86480,买盘
1645,10:31:54,3.76,--,204,76704,买盘
1646,10:31:48,3.76,--,82,30832,买盘
1647,10:31:43,3.76,--,541,203416,买盘
1648,10:31:40,3.76,--,109,40984,买盘
1649,10:31:34,3.76,--,441,165816,买盘
1650,10:31:28,3.76,0.01,320,120320,买盘
1651,10:31:24,3.75,--,426,159750,卖盘
1652,10:31:19,3.75,--,6,2250,卖盘
1653,10:31:13,3.75,-0.01,1,375,卖盘
1654,10:31:10,3.76,--,72,27072,买盘
1655,10:31:04,3.76,--,129,48504,买盘
1656,10:30:58,3.76,--,108,40608,买盘
1657,10:30:55,3.76,--,169,63544,买盘
1658,10:30:48,3.76,--,151,56776,买盘
1659,10:30:43,3.76,--,506,190256,买盘
1660,10:30:40,3.76,--,308,115808,买盘
1661,10:30:34,3.76,--,1571,590696,买盘
1662,10:30:28,3.76,--,423,159048,买盘
1663,10:30:24,3.76,--,376,141376,买盘
1664,10:30:19,3.76,0.01,411,154536,买盘
1665,10:30:13,3.75,--,58,21750,卖盘
1666,10:30:10,3.75,--,216,81000,卖盘
1667,10:30:04,3.75,--,4,1500,卖盘
1668,10:29:58,3.75,-0.01,1,375,卖盘
1669,10:29:55,3.76,0.01,100,37600,买盘
1670,10:29:49,3.75,-0.01,8,3000,卖盘
1671,10:29:40,3.76,0.01,149,56024,买盘
1672,10:29:28,3.75,--,386,144750,卖盘
1673,10:29:24,3.75,-0.01,25,9375,卖盘
1674,10:29:19,3.76,--,226,84976,买盘
1675,10:29:13,3.76,--,198,74448,买盘
1676,10:29:04,3.76,--,361,135736,买盘
1677,10:28:58,3.76,--,596,224096,买盘
1678,10:28:54,3.76,0.01,500,188000,买盘
1679,10:28:48,3.75,-0.01,26,9750,卖盘
1680,10:28:39,3.76,0.01,1015,381640,买盘
1681,10:28:34,3.75,-0.01,6,2250,卖盘
1682,10:28:27,3.76,--,108,40608,买盘
1683,10:28:24,3.76,0.01,104,39104,买盘
1684,10:28:19,3.75,-0.01,260,97500,卖盘
1685,10:28:13,3.76,--,55,20680,买盘
1686,10:28:09,3.76,--,116,43616,买盘
1687,10:28:03,3.76,--,54,20304,买盘
1688,10:27:58,3.76,--,346,130095,买盘
1689,10:27:53,3.76,0.01,86,32335,买盘
1690,10:27:49,3.75,-0.01,1220,457500,卖盘
1691,10:27:36,3.76,--,176,66176,买盘
1692,10:27:34,3.76,--,20,7520,买盘
1693,10:27:28,3.76,0.01,72,27072,买盘
1694,10:27:19,3.75,--,28,10500,卖盘
1695,10:27:13,3.75,-0.01,144,54000,卖盘
1696,10:27:04,3.76,--,113,42488,买盘
1697,10:26:58,3.76,--,155,58280,买盘
1698,10:26:54,3.76,--,357,134232,买盘
1699,10:26:48,3.76,--,94,35344,买盘
1700,10:26:37,3.76,--,176,66176,买盘
1701,10:26:28,3.76,--,200,75200,买盘
1702,10:26:22,3.76,--,4350,1635600,买盘
1703,10:26:19,3.76,--,714,268464,买盘
1704,10:26:13,3.76,0.01,2,752,买盘
1705,10:26:07,3.75,--,30,11250,卖盘
1706,10:26:04,3.75,-0.01,3,1125,卖盘
1707,10:25:57,3.76,0.01,5,1880,买盘
1708,10:25:49,3.75,--,94,35250,卖盘
1709,10:25:43,3.75,-0.01,32,12000,卖盘
1710,10:25:38,3.76,0.01,176,66176,买盘
1711,10:25:34,3.75,-0.01,5,1875,卖盘
1712,10:25:27,3.76,--,386,145136,买盘
1713,10:25:19,3.76,0.01,405,152280,买盘
1714,10:25:13,3.75,--,4,1500,卖盘
1715,10:25:04,3.75,--,71,26625,卖盘
1716,10:24:58,3.75,--,5,1875,卖盘
1717,10:24:49,3.75,--,12,4500,卖盘
1718,10:24:43,3.75,--,22,8250,卖盘
1719,10:24:37,3.75,-0.01,8,3000,卖盘
1720,10:24:33,3.76,--,41,15416,买盘
1721,10:24:27,3.76,--,196,73696,买盘
1722,10:24:21,3.76,0.01,83,31208,买盘
1723,10:24:19,3.75,--,207,77625,卖盘
1724,10:24:12,3.75,--,41,15375,卖盘
1725,10:24:06,3.75,--,14,5250,卖盘
1726,10:24:03,3.75,--,5,1875,卖盘
1727,10:23:58,3.75,--,12,4500,卖盘
1728,10:23:52,3.75,--,32,12000,卖盘
1729,10:23:48,3.75,--,78,29250,卖盘
1730,10:23:43,3.75,--,41,15375,卖盘
1731,10:23:33,3.75,-0.01,191,71625,卖盘
1732,10:23:27,3.76,--,496,186496,买盘
1733,10:23:22,3.76,0.01,12,4512,买盘
1734,10:23:18,3.75,--,913,342375,卖盘
1735,10:23:13,3.75,--,51,19125,卖盘
1736,10:23:07,3.75,-0.01,86,32250,卖盘
1737,10:22:58,3.76,0.01,17,6392,买盘
1738,10:22:49,3.75,--,55,20625,卖盘
1739,10:22:43,3.75,--,18,6750,卖盘
1740,10:22:33,3.75,--,25,9375,卖盘
1741,10:22:28,3.75,-0.01,143,53625,卖盘
1742,10:22:22,3.76,0.01,15,5640,买盘
1743,10:22:19,3.75,--,268,100500,卖盘
1744,10:22:12,3.75,--,26,9750,卖盘
1745,10:22:03,3.75,--,49,18375,卖盘
1746,10:21:58,3.75,--,143,53625,卖盘
1747,10:21:48,3.75,--,74,27750,卖盘
1748,10:21:42,3.75,--,305,114375,卖盘
1749,10:21:36,3.75,-0.01,391,146625,卖盘
1750,10:21:32,3.76,0.01,46,17296,买盘
1751,10:21:27,3.75,-0.01,437,163875,卖盘
1752,10:21:21,3.76,0.01,123,46248,买盘
1753,10:21:18,3.75,-0.01,214,80250,卖盘
1754,10:21:13,3.76,--,215,80840,买盘
1755,10:21:06,3.76,--,54,20304,买盘
1756,10:21:03,3.76,0.01,99,37224,买盘
1757,10:20:58,3.75,--,36,13500,卖盘
1758,10:20:51,3.75,--,138,51750,卖盘
1759,10:20:47,3.75,--,6,2250,卖盘
1760,10:20:42,3.75,--,443,166125,卖盘
1761,10:20:36,3.75,--,1071,401625,卖盘
1762,10:20:28,3.75,--,248,93000,卖盘
1763,10:20:22,3.75,--,138,51750,卖盘
1764,10:20:16,3.75,--,254,95250,卖盘
1765,10:20:12,3.75,-0.01,452,169500,卖盘
1766,10:20:06,3.76,--,353,132728,买盘
1767,10:19:57,3.76,--,2320,872320,买盘
1768,10:19:51,3.76,0.01,700,263200,买盘
1769,10:19:45,3.75,-0.01,6922,2595750,卖盘
1770,10:19:43,3.76,--,35,13160,买盘
1771,10:19:36,3.76,0.01,112,42112,买盘
1772,10:19:17,3.75,--,6,2250,卖盘
1773,10:19:13,3.75,-0.01,74,27750,卖盘
1774,10:19:07,3.76,0.01,101,37976,买盘
1775,10:18:58,3.75,--,847,317625,卖盘
1776,10:18:52,3.75,--,55,20625,卖盘
1777,10:18:47,3.75,-0.01,7,2625,卖盘
1778,10:18:43,3.76,--,132,49632,买盘
1779,10:18:36,3.76,--,176,66176,买盘
1780,10:18:30,3.76,--,1,376,买盘
1781,10:18:28,3.76,--,200,75200,买盘
1782,10:18:21,3.76,0.01,102,38352,买盘
1783,10:18:18,3.75,--,206,77250,卖盘
1784,10:18:07,3.75,-0.01,108,40500,卖盘
1785,10:17:51,3.76,0.01,13,4888,买盘
1786,10:17:47,3.75,-0.01,6,2250,卖盘
1787,10:17:36,3.76,--,207,77832,买盘
1788,10:17:28,3.76,0.01,510,191760,买盘
1789,10:17:21,3.75,--,343,128662,卖盘
1790,10:17:15,3.75,-0.01,7,2625,卖盘
1791,10:17:06,3.76,0.01,45,16920,买盘
1792,10:16:57,3.75,-0.01,16,6000,卖盘
1793,10:16:52,3.76,0.01,132,49632,买盘
1794,10:16:45,3.75,-0.01,11,4125,卖盘
1795,10:16:42,3.76,0.01,5,1880,买盘
1796,10:16:36,3.75,--,5,1875,卖盘
1797,10:16:27,3.75,--,225,84375,卖盘
1798,10:16:21,3.75,--,1414,530250,卖盘
1799,10:16:15,3.75,-0.01,206,77250,卖盘
1800,10:16:12,3.76,0.01,44,16544,买盘
1801,10:16:07,3.75,-0.01,56,21000,卖盘
1802,10:16:00,3.76,0.01,28,10528,买盘
1803,10:15:57,3.75,-0.01,3,1125,卖盘
1804,10:15:51,3.76,0.01,646,242896,买盘
1805,10:15:45,3.75,-0.01,207,77625,卖盘
1806,10:15:42,3.76,--,106,39856,买盘
1807,10:15:36,3.76,--,272,102272,买盘
1808,10:15:30,3.76,--,273,102648,买盘
1809,10:15:27,3.76,0.01,88,33088,买盘
1810,10:15:21,3.75,-0.01,2,750,卖盘
1811,10:15:15,3.76,0.01,214,80464,买盘
1812,10:15:12,3.75,--,337,126375,卖盘
1813,10:15:07,3.75,-0.01,617,231375,卖盘
1814,10:14:51,3.76,0.01,1,376,买盘
1815,10:14:45,3.75,-0.01,7,2625,卖盘
1816,10:14:42,3.76,0.01,5,1880,买盘
1817,10:14:36,3.75,-0.01,297,111375,卖盘
1818,10:14:21,3.76,0.01,100,37600,买盘
1819,10:14:15,3.75,-0.01,306,114750,卖盘
1820,10:13:56,3.76,--,31,11656,买盘
1821,10:13:51,3.76,0.01,98,36848,买盘
1822,10:13:45,3.75,--,26,9750,卖盘
1823,10:13:42,3.75,-0.01,30,11250,卖盘
1824,10:13:37,3.76,--,179,67304,买盘
1825,10:13:30,3.76,--,5,1880,买盘
1826,10:13:27,3.76,0.01,200,75200,买盘
1827,10:13:21,3.75,--,100,37500,卖盘
1828,10:13:15,3.75,-0.01,6,2250,卖盘
1829,10:13:12,3.76,0.01,14,5264,买盘
1830,10:13:06,3.75,-0.01,86,32250,卖盘
1831,10:13:00,3.76,--,56,21056,买盘
1832,10:12:51,3.76,--,2265,851640,卖盘
1833,10:12:45,3.76,--,807,303432,卖盘
1834,10:12:42,3.76,--,8,3008,卖盘
1835,10:12:36,3.76,--,667,250792,卖盘
1836,10:12:31,3.76,--,54,20304,卖盘
1837,10:12:26,3.76,--,21,7896,卖盘
1838,10:12:21,3.76,--,1948,732448,卖盘
1839,10:12:15,3.76,-0.01,6,2256,卖盘
1840,10:12:11,3.77,0.01,1,377,买盘
1841,10:12:00,3.76,-0.01,261,98136,卖盘
1842,10:11:54,3.77,--,72,27144,买盘
1843,10:11:51,3.77,0.01,67,25259,买盘
1844,10:11:45,3.76,-0.01,6,2256,卖盘
1845,10:11:41,3.77,--,26,9802,买盘
1846,10:11:36,3.77,--,176,66352,买盘
1847,10:11:30,3.77,0.01,595,224315,买盘
1848,10:11:26,3.76,--,209,78584,买盘
1849,10:11:21,3.76,--,74,27824,买盘
1850,10:11:16,3.76,-0.01,342,128591,买盘
1851,10:11:10,3.77,0.01,208,78416,买盘
1852,10:11:06,3.76,-0.01,200,75200,卖盘
1853,10:11:00,3.77,0.01,89,33553,买盘
1854,10:10:54,3.76,--,10,3760,卖盘
1855,10:10:52,3.76,--,106,39856,卖盘
1856,10:10:45,3.76,-0.01,1885,708760,卖盘
1857,10:10:42,3.77,0.01,93,35061,买盘
1858,10:10:30,3.76,--,282,106032,买盘
1859,10:10:21,3.76,-0.01,1422,534672,卖盘
1860,10:10:15,3.77,0.01,251,94627,买盘
1861,10:10:06,3.76,--,238,89488,卖盘
1862,10:09:54,3.76,--,101,37976,卖盘
1863,10:09:51,3.76,--,67,25192,买盘
1864,10:09:45,3.76,-0.01,46,17296,中性盘
1865,10:09:40,3.77,0.02,5,1885,买盘
1866,10:09:36,3.75,-0.02,12393,4647375,卖盘
1867,10:09:30,3.77,0.01,112,42224,买盘
1868,10:09:24,3.76,--,339,127464,卖盘
1869,10:09:21,3.76,-0.01,13,4888,卖盘
1870,10:09:15,3.77,0.01,100,37700,买盘
1871,10:09:09,3.76,-0.01,5,1880,卖盘
1872,10:09:06,3.77,--,162,61074,买盘
1873,10:09:00,3.77,--,10444,3937388,买盘
1874,10:08:54,3.77,0.01,130,49010,买盘
1875,10:08:51,3.76,--,501,188376,卖盘
1876,10:08:45,3.76,-0.01,88,33088,卖盘
1877,10:08:39,3.77,--,251,94627,买盘
1878,10:08:36,3.77,0.01,439,165503,买盘
1879,10:08:30,3.76,--,241,90616,卖盘
1880,10:08:21,3.76,--,81,30456,卖盘
1881,10:08:15,3.76,-0.01,7,2632,卖盘
1882,10:08:10,3.77,0.01,59,22243,买盘
1883,10:08:06,3.76,--,267,100392,卖盘
1884,10:08:00,3.76,--,28,10528,卖盘
1885,10:07:54,3.76,--,10,3760,卖盘
1886,10:07:51,3.76,--,2,752,卖盘
1887,10:07:45,3.76,--,183,68808,卖盘
1888,10:07:36,3.76,--,31,11656,卖盘
1889,10:07:30,3.76,-0.01,443,166568,卖盘
1890,10:07:24,3.77,--,383,144391,买盘
1891,10:07:20,3.77,--,221,83317,买盘
1892,10:07:15,3.77,0.01,163,61451,买盘
1893,10:07:09,3.76,--,670,251920,卖盘
1894,10:07:06,3.76,--,127,47752,卖盘
1895,10:07:00,3.76,-0.01,33,12408,卖盘
1896,10:06:54,3.77,--,129,48633,买盘
1897,10:06:50,3.77,0.01,112,42224,买盘
1898,10:06:45,3.76,-0.01,115,43240,卖盘
1899,10:06:39,3.77,0.01,300,113100,买盘
1900,10:06:36,3.76,-0.01,1,376,卖盘
1901,10:06:31,3.77,0.01,206,77662,买盘
1902,10:06:21,3.76,-0.01,10,3760,卖盘
1903,10:06:15,3.77,0.01,27,10179,买盘
1904,10:06:09,3.76,-0.01,146,54896,卖盘
1905,10:06:05,3.77,0.01,207,78039,买盘
1906,10:06:00,3.76,--,25,9400,卖盘
1907,10:05:54,3.76,--,836,314336,卖盘
1908,10:05:49,3.76,-0.01,400,150400,卖盘
1909,10:05:45,3.77,0.01,342,128934,买盘
1910,10:05:39,3.76,--,372,139872,卖盘
1911,10:05:34,3.76,-0.01,224,84224,卖盘
1912,10:05:30,3.77,0.01,319,120263,买盘
1913,10:05:24,3.76,--,250,94000,卖盘
1914,10:05:20,3.76,-0.01,50,18800,卖盘
1915,10:05:15,3.77,--,472,177944,买盘
1916,10:05:09,3.77,--,623,234871,买盘
1917,10:05:03,3.77,--,257,96889,买盘
1918,10:05:00,3.77,--,206,77662,买盘
1919,10:04:54,3.77,0.01,133,50141,买盘
1920,10:04:48,3.76,--,100,37600,卖盘
1921,10:04:45,3.76,-0.01,20,7520,卖盘
1922,10:04:39,3.77,0.01,4,1508,买盘
1923,10:04:35,3.76,--,141,53016,卖盘
1924,10:04:30,3.76,--,45,16920,卖盘
1925,10:04:25,3.76,--,30,11280,卖盘
1926,10:04:18,3.76,-0.01,12,4512,卖盘
1927,10:04:15,3.77,0.01,201,75777,买盘
1928,10:04:09,3.76,-0.01,71,26696,卖盘
1929,10:04:03,3.77,0.01,221,83317,买盘
1930,10:03:54,3.76,--,284,106784,卖盘
1931,10:03:50,3.76,-0.01,33,12408,卖盘
1932,10:03:45,3.77,0.01,46,17342,买盘
1933,10:03:39,3.76,--,197,74072,卖盘
1934,10:03:33,3.76,-0.01,350,131600,卖盘
1935,10:03:30,3.77,0.01,42,15834,买盘
1936,10:03:24,3.76,--,1001,376376,卖盘
1937,10:03:18,3.76,--,45,16920,卖盘
1938,10:03:15,3.76,--,50,18800,卖盘
1939,10:03:09,3.76,-0.01,25,9400,卖盘
1940,10:03:03,3.77,--,127,47879,买盘
1941,10:03:00,3.77,0.01,242,91234,买盘
1942,10:02:48,3.76,--,162,60912,卖盘
1943,10:02:45,3.76,--,108,40608,卖盘
1944,10:02:39,3.76,--,517,194392,卖盘
1945,10:02:33,3.76,--,20,7520,卖盘
1946,10:02:30,3.76,--,105,39480,卖盘
1947,10:02:24,3.76,--,64,24064,卖盘
1948,10:02:18,3.76,--,14,5264,卖盘
1949,10:02:15,3.76,--,1123,422248,卖盘
1950,10:02:09,3.76,--,56,21056,卖盘
1951,10:02:03,3.76,-0.01,137,51512,卖盘
1952,10:02:00,3.77,0.01,182,68614,买盘
1953,10:01:54,3.76,--,229,86104,卖盘
1954,10:01:48,3.76,--,433,162808,卖盘
1955,10:01:45,3.76,-0.01,666,250416,卖盘
1956,10:01:39,3.77,--,229,86333,买盘
1957,10:01:33,3.77,--,207,78039,买盘
1958,10:01:30,3.77,--,345,130065,买盘
1959,10:01:18,3.77,--,777,292929,买盘
1960,10:01:15,3.77,--,331,124787,买盘
1961,10:01:09,3.77,--,516,194532,买盘
1962,10:01:03,3.77,--,127,47879,买盘
1963,10:01:00,3.77,--,242,91234,买盘
1964,10:00:54,3.77,0.01,167,62959,买盘
1965,10:00:48,3.76,--,4394,1652144,买盘
1966,10:00:45,3.76,--,712,267712,买盘
1967,10:00:39,3.76,--,2172,816672,买盘
1968,10:00:33,3.76,0.01,140,52640,买盘
1969,10:00:30,3.75,-0.01,419,157125,卖盘
1970,10:00:24,3.76,0.01,597,224472,买盘
1971,10:00:18,3.75,-0.01,453,169875,卖盘
1972,10:00:15,3.76,0.01,714,268464,买盘
1973,10:00:09,3.75,-0.01,461,172875,卖盘
1974,10:00:03,3.76,--,110,41360,买盘
1975,09:59:59,3.76,0.01,15,5640,买盘
1976,09:59:54,3.75,-0.01,374,140250,卖盘
1977,09:59:48,3.76,--,493,185368,买盘
1978,09:59:39,3.76,0.01,80,30080,买盘
1979,09:59:33,3.75,--,23,8625,卖盘
1980,09:59:29,3.75,--,1204,451500,卖盘
1981,09:59:24,3.75,--,130,48750,卖盘
1982,09:59:18,3.75,--,531,199125,卖盘
1983,09:59:15,3.75,-0.01,931,349125,卖盘
1984,09:59:09,3.76,--,16,6016,买盘
1985,09:59:03,3.76,--,360,135360,买盘
1986,09:58:59,3.76,--,119,44744,买盘
1987,09:58:54,3.76,--,40,15040,买盘
1988,09:58:48,3.76,--,1047,393672,买盘
1989,09:58:45,3.76,--,1316,494816,买盘
1990,09:58:39,3.76,--,187,70312,买盘
1991,09:58:33,3.76,--,2252,846752,买盘
1992,09:58:28,3.76,--,410,154160,买盘
1993,09:58:24,3.76,0.01,2445,919320,买盘
1994,09:58:18,3.75,-0.01,773,289875,卖盘
1995,09:58:03,3.76,0.01,208,78208,买盘
1996,09:57:59,3.75,--,77,28875,卖盘
1997,09:57:48,3.75,-0.01,695,260625,卖盘
1998,09:57:39,3.76,--,112,42112,买盘
1999,09:57:33,3.76,0.01,96,36096,买盘
2000,09:57:28,3.75,-0.01,200,75000,卖盘
2001,09:57:24,3.76,0.01,1177,442552,买盘
2002,09:57:18,3.75,-0.01,545,204375,卖盘
2003,09:57:09,3.76,0.01,50,18800,买盘
2004,09:57:03,3.75,-0.01,604,226500,卖盘
2005,09:56:57,3.76,--,387,145512,买盘
2006,09:56:54,3.76,--,250,94000,买盘
2007,09:56:47,3.76,--,91,34216,买盘
2008,09:56:42,3.76,--,371,139496,买盘
2009,09:56:39,3.76,--,385,144760,买盘
2010,09:56:33,3.76,--,65,24440,买盘
2011,09:56:28,3.76,0.01,400,150400,买盘
2012,09:56:18,3.75,-0.01,40,15000,卖盘
2013,09:56:14,3.76,--,219,82344,买盘
2014,09:56:09,3.76,--,773,290648,买盘
2015,09:56:03,3.76,--,827,310952,买盘
2016,09:55:59,3.76,--,171,64295,买盘
2017,09:55:54,3.76,0.01,173,65047,买盘
2018,09:55:48,3.75,-0.01,151,56625,卖盘
2019,09:55:39,3.76,0.01,363,136488,买盘
2020,09:55:33,3.75,-0.01,1091,409125,卖盘
2021,09:55:29,3.76,--,74,27824,买盘
2022,09:55:24,3.76,--,580,218080,买盘
2023,09:55:18,3.76,--,288,108288,买盘
2024,09:55:12,3.76,--,1,376,买盘
2025,09:55:09,3.76,--,1614,606920,买盘
2026,09:55:03,3.76,--,19,7144,买盘
2027,09:54:57,3.76,--,2,752,买盘
2028,09:54:54,3.76,0.01,1589,597464,买盘
2029,09:54:48,3.75,--,618,231802,卖盘
2030,09:54:42,3.75,--,514,192750,卖盘
2031,09:54:39,3.75,--,499,187125,卖盘
2032,09:54:33,3.75,--,1078,404321,买盘
2033,09:54:27,3.75,0.01,1984,744000,买盘
2034,09:54:24,3.74,--,1779,665402,卖盘
2035,09:54:18,3.74,-0.01,407,152218,卖盘
2036,09:54:12,3.75,--,68,25500,买盘
2037,09:54:09,3.75,--,694,260306,买盘
2038,09:54:03,3.75,--,1027,385125,买盘
2039,09:53:56,3.75,--,620,232500,买盘
2040,09:53:54,3.75,--,737,276375,买盘
2041,09:53:48,3.75,--,562,210750,买盘
2042,09:53:42,3.75,0.01,50,18750,买盘
2043,09:53:38,3.74,-0.01,619,231506,卖盘
2044,09:53:33,3.75,--,580,217500,买盘
2045,09:53:27,3.75,--,166,62250,买盘
2046,09:53:24,3.75,0.01,351,131625,买盘
2047,09:53:12,3.74,-0.01,897,335530,卖盘
2048,09:53:09,3.75,--,573,214875,买盘
2049,09:53:03,3.75,0.01,1306,489750,买盘
2050,09:52:57,3.74,--,57,21318,卖盘
2051,09:52:54,3.74,--,3244,1213256,卖盘
2052,09:52:48,3.74,--,489,182886,卖盘
2053,09:52:42,3.74,-0.01,351,131274,卖盘
2054,09:52:39,3.75,0.01,667,250125,买盘
2055,09:52:33,3.74,-0.01,792,296264,卖盘
2056,09:52:27,3.75,0.01,109,40875,买盘
2057,09:52:24,3.74,-0.01,297,111078,卖盘
2058,09:52:18,3.75,--,1253,469927,买盘
2059,09:52:12,3.75,--,926,347250,买盘
2060,09:52:09,3.75,--,816,306000,买盘
2061,09:52:03,3.75,0.01,474,177750,买盘
2062,09:51:57,3.74,-0.01,1192,445808,卖盘
2063,09:51:53,3.75,--,433,162375,买盘
2064,09:51:48,3.75,0.01,275,103125,买盘
2065,09:51:42,3.74,--,50,18700,卖盘
2066,09:51:38,3.74,--,280,104720,卖盘
2067,09:51:33,3.74,-0.01,792,296264,卖盘
2068,09:51:27,3.75,0.01,1374,515250,买盘
2069,09:51:24,3.74,--,248,92752,卖盘
2070,09:51:18,3.74,--,249,93126,卖盘
2071,09:51:12,3.74,--,64,23936,卖盘
2072,09:51:09,3.74,--,1279,478346,卖盘
2073,09:51:03,3.74,--,1274,476532,卖盘
2074,09:50:56,3.74,--,3579,1338546,卖盘
2075,09:50:53,3.74,-0.01,1,374,卖盘
2076,09:50:48,3.75,--,1491,559125,买盘
2077,09:50:42,3.75,0.01,2,750,买盘
2078,09:50:36,3.74,--,20,7480,卖盘
2079,09:50:33,3.74,--,2,748,卖盘
2080,09:50:27,3.74,--,41,15334,卖盘
2081,09:50:22,3.74,-0.01,907,339270,卖盘
2082,09:50:18,3.75,0.01,179,67125,买盘
2083,09:50:12,3.74,--,53,19822,卖盘
2084,09:50:08,3.74,--,132,49368,卖盘
2085,09:50:03,3.74,--,154,57596,卖盘
2086,09:49:57,3.74,-0.01,17,6358,卖盘
2087,09:49:48,3.75,0.01,980,367500,买盘
2088,09:49:42,3.74,--,500,187000,卖盘
2089,09:49:36,3.74,--,10,3740,卖盘
2090,09:49:33,3.74,--,474,177332,卖盘
2091,09:49:27,3.74,-0.01,134,50116,卖盘
2092,09:49:18,3.75,0.01,504,189056,买盘
2093,09:49:12,3.74,--,8,2992,卖盘
2094,09:49:06,3.74,-0.01,594,222156,卖盘
2095,09:49:03,3.75,--,49,18375,买盘
2096,09:48:57,3.75,0.01,327,122625,买盘
2097,09:48:48,3.74,--,547,204630,卖盘
2098,09:48:42,3.74,--,166,62084,卖盘
2099,09:48:36,3.74,--,952,356048,卖盘
2100,09:48:33,3.74,--,46,17204,卖盘
2101,09:48:27,3.74,--,491,183933,卖盘
2102,09:48:21,3.74,--,112,41888,卖盘
2103,09:48:18,3.74,-0.01,243,91143,卖盘
2104,09:48:12,3.75,--,476,178500,买盘
2105,09:48:08,3.75,0.01,55,20625,买盘
2106,09:48:03,3.74,--,199,74687,卖盘
2107,09:47:57,3.74,--,101,37774,卖盘
2108,09:47:52,3.74,--,99,37287,卖盘
2109,09:47:48,3.74,--,249,93126,卖盘
2110,09:47:41,3.74,--,335,125290,卖盘
2111,09:47:33,3.74,--,126,47124,卖盘
2112,09:47:27,3.74,-0.01,179,67207,卖盘
2113,09:47:21,3.75,--,204,76500,买盘
2114,09:47:18,3.75,0.01,106,40012,买盘
2115,09:47:12,3.74,--,154,57596,卖盘
2116,09:47:06,3.74,--,5,1870,卖盘
2117,09:47:03,3.74,--,104,39157,卖盘
2118,09:46:57,3.74,-0.01,153,57222,卖盘
2119,09:46:48,3.75,--,356,133762,买盘
2120,09:46:42,3.75,--,18,6750,买盘
2121,09:46:36,3.75,--,420,157500,买盘
2122,09:46:33,3.75,--,259,97125,买盘
2123,09:46:27,3.75,0.01,779,292387,买盘
2124,09:46:21,3.74,-0.01,59,22066,卖盘
2125,09:46:17,3.75,--,917,344085,买盘
2126,09:46:12,3.75,--,195,73125,买盘
2127,09:46:06,3.75,--,590,221512,买盘
2128,09:46:03,3.75,0.01,862,323250,买盘
2129,09:45:57,3.74,-0.01,332,124168,卖盘
2130,09:45:51,3.75,0.01,3,1125,买盘
2131,09:45:48,3.74,-0.01,965,360910,卖盘
2132,09:45:42,3.75,0.01,281,105375,买盘
2133,09:45:36,3.74,-0.01,222,83028,卖盘
2134,09:45:32,3.75,0.01,124,46500,买盘
2135,09:45:26,3.74,--,273,102102,卖盘
2136,09:45:21,3.74,-0.01,103,38522,卖盘
2137,09:45:18,3.75,--,141,52875,买盘
2138,09:45:12,3.75,--,576,216000,买盘
2139,09:45:06,3.75,--,282,105750,买盘
2140,09:45:03,3.75,0.01,271,101625,买盘
2141,09:44:57,3.74,--,451,168674,卖盘
2142,09:44:51,3.74,-0.01,386,144364,卖盘
2143,09:44:42,3.75,0.01,159,59625,买盘
2144,09:44:36,3.74,-0.01,74,27676,卖盘
2145,09:44:32,3.75,--,52,19500,买盘
2146,09:44:27,3.75,--,144,54000,买盘
2147,09:44:12,3.75,--,232,87000,买盘
2148,09:44:06,3.75,0.01,134,50250,买盘
2149,09:44:03,3.74,-0.01,170,63580,卖盘
2150,09:43:48,3.75,--,177,66375,买盘
2151,09:43:42,3.75,--,394,147750,买盘
2152,09:43:36,3.75,--,69,25875,买盘
2153,09:43:32,3.75,--,212,79500,买盘
2154,09:43:27,3.75,0.01,54,20250,买盘
2155,09:43:12,3.74,--,128,47872,卖盘
2156,09:43:06,3.74,-0.01,50,18700,卖盘
2157,09:43:00,3.75,0.01,102,38250,买盘
2158,09:42:57,3.74,-0.01,8,2992,卖盘
2159,09:42:51,3.75,--,106,39750,买盘
2160,09:42:42,3.75,--,331,124125,买盘
2161,09:42:36,3.75,0.01,497,186375,买盘
2162,09:42:32,3.74,-0.01,2,748,卖盘
2163,09:42:27,3.75,0.01,153,57375,买盘
2164,09:42:21,3.74,--,353,132022,卖盘
2165,09:42:17,3.74,--,151,56474,卖盘
2166,09:42:12,3.74,-0.01,17,6358,卖盘
2167,09:42:06,3.75,--,157,58875,买盘
2168,09:42:02,3.75,0.01,120,45000,买盘
2169,09:41:57,3.74,-0.01,20,7480,卖盘
2170,09:41:51,3.75,--,161,60375,买盘
2171,09:41:46,3.75,0.01,28,10500,买盘
2172,09:41:42,3.74,-0.01,318,118932,卖盘
2173,09:41:36,3.75,--,124,46500,买盘
2174,09:41:31,3.75,--,110,41250,买盘
2175,09:41:27,3.75,0.01,5,1875,买盘
2176,09:41:21,3.74,-0.01,41,15334,卖盘
2177,09:41:15,3.75,0.01,279,104625,买盘
2178,09:41:12,3.74,--,1439,538186,卖盘
2179,09:41:06,3.74,-0.01,303,113322,卖盘
2180,09:40:57,3.75,0.01,10,3750,买盘
2181,09:40:51,3.74,-0.01,40,14960,卖盘
2182,09:40:45,3.75,0.01,1247,467625,买盘
2183,09:40:42,3.74,-0.01,27,10098,卖盘
2184,09:40:36,3.75,--,669,250875,买盘
2185,09:40:32,3.75,--,40,15000,买盘
2186,09:40:27,3.75,--,120,45000,买盘
2187,09:40:21,3.75,--,1321,495375,买盘
2188,09:40:16,3.75,0.01,54,20250,买盘
2189,09:40:12,3.74,--,760,284240,卖盘
2190,09:40:06,3.74,--,118,44132,卖盘
2191,09:39:57,3.74,-0.01,359,134266,卖盘
2192,09:39:51,3.75,--,118,44250,买盘
2193,09:39:45,3.75,0.01,82,30750,买盘
2194,09:39:42,3.74,--,327,122298,卖盘
2195,09:39:35,3.74,-0.01,608,227392,卖盘
2196,09:39:30,3.75,0.01,30,11250,买盘
2197,09:39:27,3.74,--,177,66198,卖盘
2198,09:39:21,3.74,--,170,63580,卖盘
2199,09:39:15,3.74,-0.01,5,1870,卖盘
2200,09:39:12,3.75,0.01,403,151125,买盘
2201,09:39:06,3.74,-0.01,325,121550,卖盘
2202,09:39:00,3.75,0.01,600,225000,买盘
2203,09:38:57,3.74,-0.01,28,10472,卖盘
2204,09:38:51,3.75,0.01,324,121500,买盘
2205,09:38:45,3.74,-0.01,119,44506,卖盘
2206,09:38:42,3.75,0.01,806,302250,买盘
2207,09:38:36,3.74,--,30,11220,卖盘
2208,09:38:30,3.74,-0.01,366,136884,卖盘
2209,09:38:27,3.75,0.01,23,8625,买盘
2210,09:38:21,3.74,--,224,83776,卖盘
2211,09:38:14,3.74,-0.01,118,44132,卖盘
2212,09:38:12,3.75,--,100,37500,买盘
2213,09:38:00,3.75,--,287,107625,买盘
2214,09:37:56,3.75,--,464,174000,买盘
2215,09:37:50,3.75,--,165,61875,买盘
2216,09:37:45,3.75,--,300,112500,买盘
2217,09:37:42,3.75,0.01,335,125625,买盘
2218,09:37:36,3.74,-0.01,187,69938,卖盘
2219,09:37:30,3.75,--,30,11250,买盘
2220,09:37:27,3.75,--,90,33750,买盘
2221,09:37:21,3.75,--,142,53250,买盘
2222,09:37:06,3.75,0.01,161,60375,买盘
2223,09:37:00,3.74,-0.01,1088,406912,卖盘
2224,09:36:56,3.75,0.01,70,26250,买盘
2225,09:36:50,3.74,-0.01,190,71060,卖盘
2226,09:36:44,3.75,0.01,500,187500,买盘
2227,09:36:35,3.74,--,184,68816,卖盘
2228,09:36:29,3.74,--,109,40766,卖盘
2229,09:36:20,3.74,-0.01,2991,1118634,卖盘
2230,09:36:15,3.75,--,151,56625,买盘
2231,09:36:11,3.75,0.01,453,169875,买盘
2232,09:36:06,3.74,-0.01,72,26928,卖盘
2233,09:36:00,3.75,0.01,548,205500,买盘
2234,09:35:56,3.74,-0.01,62,23188,卖盘
2235,09:35:51,3.75,0.01,76,28500,买盘
2236,09:35:45,3.74,-0.01,202,75548,卖盘
2237,09:35:41,3.75,--,329,123375,买盘
2238,09:35:36,3.75,--,233,87375,买盘
2239,09:35:30,3.75,0.01,1312,492000,买盘
2240,09:35:26,3.74,--,309,115566,买盘
2241,09:35:21,3.74,--,2396,896104,买盘
2242,09:35:15,3.74,--,559,209066,买盘
2243,09:35:11,3.74,--,395,147730,买盘
2244,09:35:06,3.74,--,281,105094,买盘
2245,09:35:00,3.74,0.01,411,153714,买盘
2246,09:34:56,3.73,-0.01,315,117495,卖盘
2247,09:34:51,3.74,-0.01,3389,1267486,卖盘
2248,09:34:45,3.75,--,579,217125,买盘
2249,09:34:40,3.75,--,379,142125,买盘
2250,09:34:36,3.75,--,470,176250,买盘
2251,09:34:30,3.75,--,262,98250,买盘
2252,09:34:26,3.75,--,135,50625,买盘
2253,09:34:21,3.75,0.01,350,131250,买盘
2254,09:34:15,3.74,-0.01,283,105842,卖盘
2255,09:34:11,3.75,0.01,302,113250,买盘
2256,09:34:05,3.74,--,395,147730,卖盘
2257,09:34:00,3.74,--,97,36278,卖盘
2258,09:33:51,3.74,--,1568,586432,买盘
2259,09:33:45,3.74,0.01,223,83402,买盘
2260,09:33:39,3.73,-0.01,5,1865,卖盘
2261,09:33:36,3.74,--,247,92378,买盘
2262,09:33:30,3.74,--,406,151844,买盘
2263,09:33:26,3.74,--,31,11594,买盘
2264,09:33:21,3.74,--,275,102850,买盘
2265,09:33:15,3.74,--,18,6732,买盘
2266,09:33:09,3.74,0.01,209,78166,买盘
2267,09:33:05,3.73,-0.01,14,5222,卖盘
2268,09:33:00,3.74,0.01,107,40018,买盘
2269,09:32:51,3.73,-0.01,101,37673,卖盘
2270,09:32:45,3.74,0.01,94,35156,买盘
2271,09:32:41,3.73,-0.01,61,22753,卖盘
2272,09:32:36,3.74,0.01,112,41888,买盘
2273,09:32:30,3.73,-0.01,333,124209,卖盘
2274,09:32:21,3.74,0.01,268,100232,买盘
2275,09:32:15,3.73,-0.01,222,82806,卖盘
2276,09:32:10,3.74,--,4,1496,买盘
2277,09:32:06,3.74,--,596,222904,买盘
2278,09:32:00,3.74,--,271,101354,买盘
2279,09:31:53,3.74,--,89,33286,卖盘
2280,09:31:51,3.74,--,398,148852,卖盘
2281,09:31:45,3.74,--,1661,621214,买盘
2282,09:31:39,3.74,0.01,81,30294,买盘
2283,09:31:35,3.73,-0.01,355,132415,卖盘
2284,09:31:30,3.74,--,309,115566,买盘
2285,09:31:24,3.74,--,37,13838,买盘
2286,09:31:21,3.74,--,463,173162,买盘
2287,09:31:15,3.74,--,258,96492,买盘
2288,09:31:05,3.74,--,14,5236,买盘
2289,09:30:59,3.74,--,243,90882,卖盘
2290,09:30:54,3.74,--,348,130152,买盘
2291,09:30:51,3.74,0.01,88,32912,买盘
2292,09:30:45,3.73,-0.01,103,38419,卖盘
2293,09:30:38,3.74,--,419,156706,卖盘
2294,09:30:35,3.74,--,28,10472,卖盘
2295,09:30:30,3.74,0.01,115,43010,买盘
2296,09:30:24,3.73,-0.01,258,96234,卖盘
2297,09:30:20,3.74,--,449,167926,买盘
2298,09:30:15,3.74,--,728,272272,买盘
2299,09:30:09,3.74,--,7411,2771714,买盘
2300,09:30:06,3.74,0.01,4235,1583890,买盘
2301,09:28:51,3.73,--,0,0,卖盘
2302,09:25:02,3.73,3.73,1745,650885,买盘
