,time,price,change,volume,amount,type
0,15:00:00,10.13,--,0,0,买盘
1,15:00:00,10.13,0.01,60,60780,买盘
2,14:59:57,10.12,-0.01,81,81972,中性盘
3,14:59:51,10.13,--,31,31696,卖盘
4,14:59:46,10.13,--,130,132409,买盘
5,14:59:42,10.13,--,176,178581,买盘
6,14:59:31,10.13,-0.01,268,271484,卖盘
7,14:59:27,10.14,--,176,178971,买盘
8,14:59:21,10.14,0.01,80,81120,买盘
9,14:59:16,10.13,-0.01,2532,2565756,卖盘
10,14:59:12,10.14,--,474,480636,买盘
11,14:59:06,10.14,--,1146,1162044,买盘
12,14:59:01,10.14,--,334,338676,买盘
13,14:58:57,10.14,--,235,238290,买盘
14,14:58:51,10.14,0.01,92,93288,买盘
15,14:58:46,10.13,--,692,701380,卖盘
16,14:58:42,10.13,-0.01,208,210704,卖盘
17,14:58:36,10.14,--,8,8112,买盘
18,14:58:31,10.14,--,155,157170,买盘
19,14:58:27,10.14,--,650,659100,买盘
20,14:58:21,10.14,--,10,10140,买盘
21,14:58:16,10.14,-0.01,140,141960,买盘
22,14:58:12,10.15,--,946,960190,买盘
23,14:58:06,10.15,0.01,15,15225,买盘
24,14:58:01,10.14,--,45,45630,卖盘
25,14:57:57,10.14,-0.01,138,139932,卖盘
26,14:57:51,10.15,--,413,419195,买盘
27,14:57:46,10.15,--,129,130935,买盘
28,14:57:42,10.15,0.01,273,277095,买盘
29,14:57:36,10.14,-0.01,33,33462,卖盘
30,14:57:31,10.15,0.01,39,39585,买盘
31,14:57:27,10.14,-0.01,37,37518,卖盘
32,14:57:21,10.15,0.01,76,77140,买盘
33,14:57:16,10.14,--,103,104442,买盘
34,14:57:12,10.14,--,331,335634,买盘
35,14:57:06,10.14,0.01,21,21294,买盘
36,14:57:01,10.13,--,16,16208,卖盘
37,14:56:57,10.13,--,338,342394,买盘
38,14:56:51,10.13,0.01,47,47611,买盘
39,14:56:46,10.12,--,96,97151,卖盘
40,14:56:42,10.12,-0.01,110,111319,卖盘
41,14:56:36,10.13,0.01,76,76988,买盘
42,14:56:31,10.12,-0.01,76,76912,卖盘
43,14:56:26,10.13,--,24,24312,买盘
44,14:56:21,10.13,0.01,183,185379,买盘
45,14:56:16,10.12,0.01,7,7083,买盘
46,14:56:11,10.11,-0.01,117,118287,卖盘
47,14:56:06,10.12,--,58,58695,卖盘
48,14:56:01,10.12,0.02,356,360272,买盘
49,14:55:56,10.1,-0.02,6,6060,卖盘
50,14:55:51,10.12,0.02,6,6071,买盘
51,14:55:46,10.1,-0.02,493,497930,卖盘
52,14:55:41,10.12,--,49,49587,买盘
53,14:55:36,10.12,-0.01,306,309672,卖盘
54,14:55:31,10.13,--,19,19247,买盘
55,14:55:21,10.13,--,30,30390,卖盘
56,14:55:16,10.13,-0.01,5,5065,卖盘
57,14:55:06,10.14,--,20,20280,买盘
58,14:55:01,10.14,0.02,40,40560,买盘
59,14:54:56,10.12,-0.03,130,131560,卖盘
60,14:54:51,10.15,0.03,21,21315,买盘
61,14:54:46,10.12,-0.02,182,184184,卖盘
62,14:54:41,10.14,0.01,148,150072,买盘
63,14:54:36,10.13,--,15,15195,买盘
64,14:54:31,10.13,-0.01,271,274523,卖盘
65,14:54:26,10.14,--,15,15210,买盘
66,14:54:21,10.14,--,17,17238,买盘
67,14:54:16,10.14,0.02,15,15210,买盘
68,14:54:11,10.12,-0.02,50,50599,卖盘
69,14:54:06,10.14,--,0,0,买盘
70,14:54:01,10.14,0.01,66,66924,买盘
71,14:53:56,10.13,--,22,22286,买盘
72,14:53:51,10.13,-0.02,190,192470,卖盘
73,14:53:46,10.15,0.01,15,15225,买盘
74,14:53:41,10.14,--,189,191646,买盘
75,14:53:36,10.14,--,11,11154,买盘
76,14:53:31,10.14,-0.01,47,47658,卖盘
77,14:53:26,10.15,0.01,396,401940,买盘
78,14:53:21,10.14,--,5,5070,买盘
79,14:53:16,10.14,--,28,28392,卖盘
80,14:53:11,10.14,-0.01,72,73008,卖盘
81,14:53:06,10.15,--,5,5075,买盘
82,14:53:01,10.15,--,242,245630,卖盘
83,14:52:56,10.15,--,71,72065,卖盘
84,14:52:51,10.15,-0.01,74,75110,卖盘
85,14:52:46,10.16,--,8,8128,买盘
86,14:52:40,10.16,--,139,141224,卖盘
87,14:52:36,10.16,-0.01,18,18288,卖盘
88,14:52:25,10.17,-0.01,41,41697,卖盘
89,14:52:21,10.18,--,5,5090,买盘
90,14:52:15,10.18,-0.02,53,53954,买盘
91,14:52:10,10.2,--,36,36720,买盘
92,14:52:06,10.2,--,335,341700,买盘
93,14:52:00,10.2,--,12,12240,买盘
94,14:51:55,10.2,-0.01,613,625260,卖盘
95,14:51:51,10.21,0.01,52,53092,买盘
96,14:51:45,10.2,-0.01,71,72420,卖盘
97,14:51:40,10.21,-0.01,160,163360,中性盘
98,14:51:36,10.22,-0.01,268,273896,买盘
99,14:51:30,10.23,0.02,182,186186,买盘
100,14:51:25,10.21,-0.01,215,219515,卖盘
101,14:51:21,10.22,-0.01,267,272874,卖盘
102,14:51:15,10.23,0.02,93,95139,买盘
103,14:51:10,10.21,-0.01,44,44924,卖盘
104,14:51:06,10.22,-0.01,67,68474,卖盘
105,14:51:00,10.23,0.02,264,270072,买盘
106,14:50:55,10.21,-0.02,85,86785,买盘
107,14:50:51,10.23,--,1409,1441662,买盘
108,14:50:45,10.23,0.01,207,211761,买盘
109,14:50:40,10.22,0.01,2219,2267818,买盘
110,14:50:36,10.21,0.01,279,284859,买盘
111,14:50:30,10.2,--,941,960074,卖盘
112,14:50:25,10.2,--,57,58139,卖盘
113,14:50:21,10.2,--,988,1007759,卖盘
114,14:50:15,10.2,--,80,81600,卖盘
115,14:50:10,10.2,0.01,3290,3356309,买盘
116,14:50:06,10.19,0.01,504,513576,买盘
117,14:50:00,10.18,--,75,76350,卖盘
118,14:49:55,10.18,0.01,1572,1600743,买盘
119,14:49:51,10.17,--,78,79326,卖盘
120,14:49:45,10.17,-0.01,12,12204,卖盘
121,14:49:40,10.18,0.02,365,371570,买盘
122,14:49:36,10.16,--,224,227584,卖盘
123,14:49:30,10.16,--,1155,1174089,买盘
124,14:49:25,10.16,--,11,11176,买盘
125,14:49:21,10.16,0.01,385,391160,买盘
126,14:49:15,10.15,--,116,117740,卖盘
127,14:49:10,10.15,--,364,369460,买盘
128,14:49:06,10.15,--,71,72065,买盘
129,14:49:00,10.15,-0.01,155,157325,卖盘
130,14:48:55,10.16,0.01,209,212344,买盘
131,14:48:50,10.15,--,109,111041,卖盘
132,14:48:45,10.15,-0.01,790,801850,卖盘
133,14:48:40,10.16,-0.01,38,38608,买盘
134,14:48:35,10.17,0.02,300,305100,买盘
135,14:48:30,10.15,-0.01,220,223300,卖盘
136,14:48:25,10.16,--,346,351536,买盘
137,14:48:20,10.16,--,125,127000,卖盘
138,14:48:15,10.16,0.02,219,223113,买盘
139,14:48:10,10.14,-0.01,63,64287,卖盘
140,14:48:05,10.15,-0.03,126,128499,中性盘
141,14:48:00,10.18,0.04,208,211744,买盘
142,14:47:55,10.14,-0.02,172,174408,卖盘
143,14:47:50,10.16,0.01,414,420624,买盘
144,14:47:45,10.15,--,176,178640,买盘
145,14:47:40,10.15,--,1337,1357115,卖盘
146,14:47:35,10.15,--,596,604940,卖盘
147,14:47:30,10.15,--,22,22330,卖盘
148,14:47:25,10.15,0.06,1845,1873629,买盘
149,14:47:20,10.09,-0.04,23,23207,卖盘
150,14:47:15,10.13,0.03,129,130677,买盘
151,14:47:10,10.1,-0.03,77,77770,卖盘
152,14:47:05,10.13,--,56,56728,买盘
153,14:47:00,10.13,--,124,125612,买盘
154,14:46:55,10.13,--,71,71923,买盘
155,14:46:50,10.13,-0.01,72,72936,中性盘
156,14:46:45,10.14,0.03,135,136890,买盘
157,14:46:40,10.11,-0.02,112,113232,卖盘
158,14:46:35,10.13,--,115,116495,买盘
159,14:46:30,10.13,-0.01,169,171197,买盘
160,14:46:25,10.14,--,67,67938,买盘
161,14:46:20,10.14,0.01,46,46644,买盘
162,14:46:15,10.13,--,154,156002,买盘
163,14:46:10,10.13,-0.01,54,54702,买盘
164,14:46:05,10.14,--,12,12168,买盘
165,14:46:00,10.14,0.01,157,159198,买盘
166,14:45:55,10.13,0.01,172,174236,买盘
167,14:45:50,10.12,--,40,40480,买盘
168,14:45:45,10.12,-0.01,506,512071,中性盘
169,14:45:39,10.13,0.01,128,129664,买盘
170,14:45:35,10.12,--,24,24287,买盘
171,14:45:30,10.12,--,281,284372,卖盘
172,14:45:24,10.12,-0.02,152,153824,卖盘
173,14:45:20,10.14,0.01,351,355914,买盘
174,14:45:15,10.13,--,258,261354,买盘
175,14:45:09,10.13,--,5,5065,买盘
176,14:45:05,10.13,--,40,40520,买盘
177,14:45:00,10.13,--,250,253250,卖盘
178,14:44:54,10.13,-0.01,52,52676,卖盘
179,14:44:49,10.14,--,31,31434,买盘
180,14:44:45,10.14,-0.01,214,217563,卖盘
181,14:44:39,10.15,0.01,73,74095,买盘
182,14:44:34,10.14,--,53,54188,买盘
183,14:44:30,10.14,--,187,190185,卖盘
184,14:44:24,10.14,--,105,106470,卖盘
185,14:44:19,10.14,--,30,30866,买盘
186,14:44:15,10.14,0.01,351,355914,买盘
187,14:44:09,10.13,-0.01,207,209691,卖盘
188,14:44:04,10.14,--,779,789906,买盘
189,14:44:00,10.14,--,205,207870,买盘
190,14:43:54,10.14,0.01,18,18252,买盘
191,14:43:49,10.13,-0.01,96,97248,卖盘
192,14:43:45,10.14,0.02,132,133848,买盘
193,14:43:39,10.12,--,71,71852,买盘
194,14:43:34,10.12,--,341,345092,卖盘
195,14:43:30,10.12,-0.01,629,636548,卖盘
196,14:43:24,10.13,0.01,97,98261,买盘
197,14:43:19,10.12,--,1918,1941015,买盘
198,14:43:15,10.12,0.01,248,250975,买盘
199,14:43:09,10.11,--,50,50550,卖盘
200,14:43:04,10.11,--,102,103122,买盘
201,14:43:00,10.11,-0.01,1,1011,中性盘
202,14:42:54,10.12,0.01,143,144716,买盘
203,14:42:49,10.11,--,56,56616,买盘
204,14:42:44,10.11,--,120,121320,卖盘
205,14:42:39,10.11,-0.01,30,30330,卖盘
206,14:42:34,10.12,-0.01,30,30359,卖盘
207,14:42:29,10.13,0.02,67,67871,买盘
208,14:42:24,10.11,-0.01,29,29319,卖盘
209,14:42:19,10.12,--,215,218146,卖盘
210,14:42:14,10.12,--,93,94561,卖盘
211,14:41:59,10.12,--,121,122957,买盘
212,14:41:49,10.12,0.01,27,27323,买盘
213,14:41:44,10.11,--,130,131430,卖盘
214,14:41:39,10.11,--,45,45495,卖盘
215,14:41:34,10.11,--,40,40440,卖盘
216,14:41:29,10.11,--,149,150639,买盘
217,14:41:24,10.11,--,20,20220,买盘
218,14:41:19,10.11,0.01,388,392268,买盘
219,14:41:14,10.1,0.01,1032,1042320,买盘
220,14:41:09,10.09,-0.01,51,51459,卖盘
221,14:41:04,10.1,--,212,214120,买盘
222,14:40:59,10.1,0.01,101,102010,买盘
223,14:40:54,10.09,0.01,64,64576,买盘
224,14:40:49,10.08,-0.01,2,2016,卖盘
225,14:40:44,10.09,-0.01,137,138233,卖盘
226,14:40:39,10.1,--,44,44440,买盘
227,14:40:29,10.1,0.01,186,187860,买盘
228,14:40:19,10.09,-0.01,100,100900,卖盘
229,14:40:14,10.1,--,26,26260,买盘
230,14:40:09,10.1,--,61,61610,买盘
231,14:40:04,10.1,--,100,101000,买盘
232,14:39:59,10.1,0.02,186,187860,买盘
233,14:39:54,10.08,0.01,12,12096,买盘
234,14:39:49,10.07,--,78,78546,卖盘
235,14:39:39,10.07,--,11,11077,卖盘
236,14:39:34,10.07,-0.01,3,3021,卖盘
237,14:39:29,10.08,0.01,12,12096,买盘
238,14:39:24,10.07,--,25,25175,买盘
239,14:39:19,10.07,--,15,15105,买盘
240,14:39:14,10.07,--,0,0,买盘
241,14:39:09,10.07,0.02,86,86602,买盘
242,14:39:03,10.05,0.02,90,90450,买盘
243,14:38:59,10.03,--,311,312434,买盘
244,14:38:54,10.03,--,40,40120,买盘
245,14:38:48,10.03,--,78,78234,买盘
246,14:38:44,10.03,--,91,91273,买盘
247,14:38:33,10.03,--,40,40120,买盘
248,14:38:29,10.03,-0.03,148,148945,卖盘
249,14:38:24,10.06,0.01,41,41246,买盘
250,14:38:18,10.05,--,20,20100,卖盘
251,14:38:14,10.05,-0.01,61,61305,卖盘
252,14:38:09,10.06,--,15,15090,买盘
253,14:38:03,10.06,--,6,6036,买盘
254,14:37:59,10.06,--,4,4024,买盘
255,14:37:48,10.06,--,17,17102,买盘
256,14:37:44,10.06,--,5,5030,买盘
257,14:37:39,10.06,-0.01,24,24144,卖盘
258,14:37:33,10.07,0.01,20,20140,买盘
259,14:37:29,10.06,--,0,0,卖盘
260,14:37:24,10.06,-0.02,59,59354,卖盘
261,14:37:18,10.08,--,18,18144,买盘
262,14:37:09,10.08,-0.01,7,7056,卖盘
263,14:37:03,10.09,--,12,12108,买盘
264,14:36:58,10.09,--,12,12108,买盘
265,14:36:54,10.09,-0.01,14,14126,卖盘
266,14:36:48,10.1,--,10,10100,买盘
267,14:36:43,10.1,--,8,8080,买盘
268,14:36:38,10.1,--,32,32320,买盘
269,14:36:33,10.1,--,24,24240,买盘
270,14:36:28,10.1,-0.01,44,44440,卖盘
271,14:36:18,10.11,--,60,60660,买盘
272,14:36:13,10.11,0.01,11,11121,买盘
273,14:36:08,10.1,-0.01,269,272195,卖盘
274,14:35:58,10.11,--,8,8088,卖盘
275,14:35:53,10.11,0.01,432,436752,买盘
276,14:35:48,10.1,-0.01,1,1010,卖盘
277,14:35:43,10.11,0.01,98,99078,中性盘
278,14:35:38,10.1,--,190,191900,卖盘
279,14:35:33,10.1,--,1,1010,卖盘
280,14:35:28,10.1,--,613,619130,卖盘
281,14:35:23,10.1,-0.01,116,117665,卖盘
282,14:35:18,10.11,0.01,176,177936,买盘
283,14:35:13,10.1,-0.01,170,171700,卖盘
284,14:35:08,10.11,0.01,32,32352,买盘
285,14:35:03,10.1,--,35,35350,卖盘
286,14:34:58,10.1,-0.01,5,5050,买盘
287,14:34:53,10.11,--,37,37407,买盘
288,14:34:48,10.11,--,3,3033,买盘
289,14:34:43,10.11,0.01,26,26286,买盘
290,14:34:33,10.1,--,30,30300,买盘
291,14:34:28,10.1,--,31,31310,买盘
292,14:34:23,10.1,--,11,11110,买盘
293,14:34:18,10.1,--,83,83830,买盘
294,14:34:13,10.1,--,0,0,买盘
295,14:34:08,10.1,0.06,285,287850,买盘
296,14:34:03,10.04,--,28,28613,买盘
297,14:33:58,10.04,-0.04,50,50701,卖盘
298,14:33:53,10.08,0.03,338,341208,买盘
299,14:33:48,10.05,--,1,1507,卖盘
300,14:33:43,10.05,--,798,802492,买盘
301,14:33:38,10.05,0.01,49,49245,买盘
302,14:33:33,10.04,0.02,28,28111,买盘
303,14:33:28,10.02,-0.01,84,84168,卖盘
304,14:33:23,10.03,--,11,11033,买盘
305,14:33:18,10.03,--,145,145435,买盘
306,14:33:13,10.03,--,2,2005,买盘
307,14:33:08,10.03,--,127,127380,买盘
308,14:33:03,10.03,0.02,19,19057,买盘
309,14:32:58,10.01,--,0,0,卖盘
310,14:32:53,10.01,--,40,40040,卖盘
311,14:32:48,10.01,-0.03,1,1001,卖盘
312,14:32:43,10.04,0.03,124,124495,买盘
313,14:32:38,10.01,-0.02,452,452452,卖盘
314,14:32:28,10.03,0.02,77,77231,买盘
315,14:32:23,10.01,-0.01,212,212212,买盘
316,14:32:18,10.02,--,76,76152,买盘
317,14:32:12,10.02,0.01,1520,1523040,买盘
318,14:32:08,10.01,-0.01,10,10010,卖盘
319,14:32:03,10.02,--,41,41082,买盘
320,14:31:57,10.02,--,10,10020,买盘
321,14:31:53,10.02,-0.03,58,58116,卖盘
322,14:31:48,10.05,0.03,208,209040,买盘
323,14:31:42,10.02,-0.02,8,8016,卖盘
324,14:31:38,10.04,--,15,15059,买盘
325,14:31:33,10.04,--,715,717859,卖盘
326,14:31:27,10.04,--,41,41164,卖盘
327,14:31:23,10.04,-0.01,42,42168,买盘
328,14:31:18,10.05,--,0,0,买盘
329,14:31:12,10.05,0.01,405,407025,买盘
330,14:31:08,10.04,0.03,39,39156,买盘
331,14:31:03,10.01,-0.04,1386,1387736,卖盘
332,14:30:57,10.05,0.01,79,79395,买盘
333,14:30:53,10.04,0.03,62,62247,买盘
334,14:30:48,10.01,-0.03,269,269269,卖盘
335,14:30:42,10.04,0.02,81,81324,买盘
336,14:30:38,10.02,--,126,126252,卖盘
337,14:30:33,10.02,--,299,299598,卖盘
338,14:30:27,10.02,-0.01,128,128256,卖盘
339,14:30:23,10.03,0.01,44,44132,买盘
340,14:30:18,10.02,-0.01,233,233466,卖盘
341,14:30:12,10.03,--,17,17051,买盘
342,14:30:08,10.03,0.01,160,160480,买盘
343,14:30:03,10.02,-0.01,238,238476,卖盘
344,14:29:57,10.03,0.01,23,23069,买盘
345,14:29:52,10.02,--,550,551100,卖盘
346,14:29:48,10.02,-0.02,72,72144,卖盘
347,14:29:42,10.04,0.02,70,70280,买盘
348,14:29:38,10.02,-0.01,10,10020,卖盘
349,14:29:33,10.03,-0.01,272,272816,卖盘
350,14:29:27,10.04,0.01,7,7027,买盘
351,14:29:23,10.03,--,166,166498,卖盘
352,14:29:02,10.03,-0.01,5,5015,卖盘
353,14:28:57,10.04,--,87,87347,买盘
354,14:28:52,10.04,--,6,6023,买盘
355,14:28:47,10.04,--,213,213851,卖盘
356,14:28:42,10.04,--,14,14055,卖盘
357,14:28:37,10.04,0.01,56,56223,买盘
358,14:28:32,10.03,-0.02,56,56168,卖盘
359,14:28:27,10.05,0.01,20,20100,买盘
360,14:28:22,10.04,-0.01,149,149596,卖盘
361,14:28:17,10.05,0.03,29,29145,买盘
362,14:28:12,10.02,-0.03,88,88176,卖盘
363,14:28:07,10.05,0.02,194,194970,买盘
364,14:28:02,10.03,-0.01,105,105315,中性盘
365,14:27:57,10.04,--,693,695771,买盘
366,14:27:52,10.04,--,65,65259,买盘
367,14:27:47,10.04,--,393,394571,买盘
368,14:27:42,10.04,0.01,41,41164,买盘
369,14:27:37,10.03,-0.01,77,77231,卖盘
370,14:27:32,10.04,0.01,127,127507,买盘
371,14:27:27,10.03,-0.01,83,83249,卖盘
372,14:27:22,10.04,--,201,201803,卖盘
373,14:27:17,10.04,-0.01,39,39156,卖盘
374,14:27:12,10.05,--,99,99495,买盘
375,14:27:07,10.05,0.01,100,100500,买盘
376,14:27:02,10.04,-0.01,350,351399,卖盘
377,14:26:57,10.05,--,100,100500,买盘
378,14:26:52,10.05,--,161,161805,买盘
379,14:26:47,10.05,0.01,330,331650,买盘
380,14:26:42,10.04,-0.01,15,15059,卖盘
381,14:26:37,10.05,0.01,27,27135,买盘
382,14:26:32,10.04,-0.01,45,45179,卖盘
383,14:26:26,10.05,--,50,50250,买盘
384,14:26:22,10.05,--,49,49245,买盘
385,14:26:17,10.05,-0.02,98,98992,卖盘
386,14:26:12,10.07,0.02,19,19133,买盘
387,14:26:07,10.05,--,90,90450,卖盘
388,14:26:02,10.05,--,58,58792,卖盘
389,14:25:57,10.05,--,19,19095,卖盘
390,14:25:52,10.05,--,2,2010,卖盘
391,14:25:47,10.05,-0.02,37,37185,卖盘
392,14:25:37,10.07,0.02,125,125875,买盘
393,14:25:32,10.05,0.01,105,105525,买盘
394,14:25:27,10.04,-0.01,51,51203,卖盘
395,14:25:22,10.05,--,101,101505,买盘
396,14:25:17,10.05,--,49,49245,买盘
397,14:25:12,10.05,-0.01,289,290445,卖盘
398,14:25:05,10.06,0.01,3,3018,买盘
399,14:25:02,10.05,-0.01,49,49245,卖盘
400,14:24:57,10.06,--,115,115690,卖盘
401,14:24:50,10.06,--,5,5030,卖盘
402,14:24:47,10.06,-0.02,1,1006,卖盘
403,14:24:42,10.08,0.03,239,240912,买盘
404,14:24:36,10.05,-0.03,15,15075,卖盘
405,14:24:32,10.08,0.02,751,757008,买盘
406,14:24:27,10.06,0.01,70,70420,买盘
407,14:24:21,10.05,--,46,46230,卖盘
408,14:24:17,10.05,--,5,5025,卖盘
409,14:24:12,10.05,--,77,77385,卖盘
410,14:24:02,10.05,--,0,0,卖盘
411,14:23:57,10.05,-0.01,188,188940,卖盘
412,14:23:47,10.06,-0.02,519,522114,卖盘
413,14:23:42,10.08,--,43,43344,买盘
414,14:23:36,10.08,0.01,74,74592,买盘
415,14:23:32,10.07,--,95,95665,买盘
416,14:23:27,10.07,-0.01,133,133931,卖盘
417,14:23:20,10.08,--,21,21168,买盘
418,14:23:17,10.08,--,17,17136,买盘
419,14:23:12,10.08,0.01,27,27216,买盘
420,14:23:02,10.07,-0.01,36,36252,卖盘
421,14:22:57,10.08,0.01,10,10080,买盘
422,14:22:50,10.07,-0.02,36,36252,卖盘
423,14:22:47,10.09,0.01,58,58522,买盘
424,14:22:41,10.08,-0.01,27,27216,卖盘
425,14:22:36,10.09,0.01,187,188683,买盘
426,14:22:32,10.08,-0.01,52,52416,卖盘
427,14:22:27,10.09,0.01,148,149332,买盘
428,14:22:21,10.08,0.02,31,31248,买盘
429,14:22:17,10.06,-0.02,147,147882,卖盘
430,14:22:11,10.08,--,77,77616,买盘
431,14:22:06,10.08,0.01,88,88704,买盘
432,14:22:02,10.07,--,36,36252,买盘
433,14:21:56,10.07,-0.01,276,277932,卖盘
434,14:21:46,10.08,0.01,66,66528,买盘
435,14:21:42,10.07,0.01,12,12084,中性盘
436,14:21:35,10.06,-0.01,36,36216,卖盘
437,14:21:32,10.07,0.01,31,31217,中性盘
438,14:21:27,10.06,--,67,67402,卖盘
439,14:21:16,10.06,--,0,0,卖盘
440,14:21:11,10.06,--,65,65390,卖盘
441,14:21:01,10.06,-0.02,113,113678,卖盘
442,14:20:56,10.08,--,31,31248,买盘
443,14:20:51,10.08,--,12,12096,买盘
444,14:20:46,10.08,0.01,44,44352,买盘
445,14:20:41,10.07,-0.01,6,6042,中性盘
446,14:20:31,10.08,--,14,14112,买盘
447,14:20:26,10.08,0.02,4,4032,买盘
448,14:20:21,10.06,-0.02,6,6036,卖盘
449,14:20:16,10.08,0.02,4,4032,买盘
450,14:20:05,10.06,-0.02,5,5030,卖盘
451,14:19:56,10.08,--,13,13104,买盘
452,14:19:46,10.08,--,12,12096,买盘
453,14:19:41,10.08,0.03,22,22176,买盘
454,14:19:31,10.05,-0.01,39,39195,卖盘
455,14:19:26,10.06,--,14,14084,卖盘
456,14:19:20,10.06,-0.02,33,33198,卖盘
457,14:19:16,10.08,0.03,100,100800,买盘
458,14:19:11,10.05,-0.01,132,132660,卖盘
459,14:19:00,10.06,--,135,135810,买盘
460,14:18:50,10.06,0.01,21,21126,买盘
461,14:18:46,10.05,-0.01,43,43215,卖盘
462,14:18:41,10.06,--,53,53318,买盘
463,14:18:35,10.06,--,15,15090,买盘
464,14:18:31,10.06,--,46,46276,买盘
465,14:18:26,10.06,--,13,13078,买盘
466,14:18:20,10.06,0.01,44,44264,买盘
467,14:18:14,10.05,-0.01,7,7035,中性盘
468,14:18:11,10.06,-0.03,21,21126,卖盘
469,14:18:05,10.09,0.01,32,32288,买盘
470,14:17:59,10.08,--,11,11088,买盘
471,14:17:56,10.08,-0.01,37,37296,中性盘
472,14:17:50,10.09,--,13,13117,买盘
473,14:17:44,10.09,0.03,38,38342,买盘
474,14:17:41,10.06,0.04,80,80480,中性盘
475,14:17:35,10.02,-0.05,143,143286,卖盘
476,14:17:29,10.07,-0.02,2,2014,卖盘
477,14:17:26,10.09,0.07,119,120071,买盘
478,14:17:20,10.02,-0.03,312,312624,卖盘
479,14:17:14,10.05,0.01,453,455265,买盘
480,14:17:11,10.04,0.02,326,327304,买盘
481,14:17:05,10.02,-0.03,2098,2102576,卖盘
482,14:16:59,10.05,-0.04,648,651240,卖盘
483,14:16:56,10.09,0.02,8,8072,买盘
484,14:16:50,10.07,0.03,31,31217,买盘
485,14:16:41,10.04,--,0,0,卖盘
486,14:16:35,10.04,-0.03,41,41164,卖盘
487,14:16:29,10.07,0.02,42,42294,买盘
488,14:16:26,10.05,0.01,48,48240,买盘
489,14:16:20,10.04,--,146,146584,买盘
490,14:16:14,10.04,--,97,97387,买盘
491,14:16:11,10.04,--,43,43171,买盘
492,14:16:05,10.04,-0.03,248,248991,卖盘
493,14:15:59,10.07,0.02,15,15105,中性盘
494,14:15:56,10.05,-0.02,35,35175,卖盘
495,14:15:50,10.07,0.02,7,7049,买盘
496,14:15:44,10.05,--,13,13065,买盘
497,14:15:41,10.05,-0.04,80,80400,卖盘
498,14:15:35,10.09,--,21,21189,买盘
499,14:15:29,10.09,--,209,210881,买盘
500,14:15:26,10.09,0.01,107,107963,买盘
501,14:15:20,10.08,0.01,155,156240,中性盘
502,14:15:14,10.07,--,94,94658,卖盘
503,14:15:10,10.07,--,143,144001,卖盘
504,14:15:05,10.07,0.03,289,291023,买盘
505,14:14:59,10.04,0.01,8,8031,买盘
506,14:14:55,10.03,-0.02,148,148444,卖盘
507,14:14:50,10.05,0.01,52,52260,买盘
508,14:14:44,10.04,--,2,2007,买盘
509,14:14:41,10.04,-0.01,120,120479,卖盘
510,14:14:35,10.05,0.01,43,43215,中性盘
511,14:14:29,10.04,--,3,3011,买盘
512,14:14:26,10.04,-0.03,73,74245,卖盘
513,14:14:20,10.07,--,10,10070,买盘
514,14:14:14,10.07,--,111,111777,买盘
515,14:14:10,10.07,0.01,30,30210,买盘
516,14:14:05,10.06,-0.02,192,193152,卖盘
517,14:13:59,10.08,0.01,18,18144,买盘
518,14:13:55,10.07,--,457,460249,买盘
519,14:13:50,10.07,--,64,64448,买盘
520,14:13:44,10.07,--,10,10070,买盘
521,14:13:40,10.07,0.02,60,60420,买盘
522,14:13:35,10.05,-0.02,20,20100,卖盘
523,14:13:29,10.07,0.01,47,47329,买盘
524,14:13:25,10.06,-0.01,2,2012,中性盘
525,14:13:20,10.07,--,198,199386,买盘
526,14:13:10,10.07,--,71,71497,卖盘
527,14:13:05,10.07,--,25,25175,卖盘
528,14:12:59,10.07,--,1,1007,卖盘
529,14:12:55,10.07,--,25,25175,买盘
530,14:12:50,10.07,0.05,5,5035,买盘
531,14:12:44,10.02,-0.01,302,302604,卖盘
532,14:12:40,10.03,-0.01,24,24072,卖盘
533,14:12:35,10.04,-0.06,13,13051,卖盘
534,14:12:29,10.1,--,0,0,买盘
535,14:12:25,10.1,0.1,1131,1142310,买盘
536,14:12:20,10.0,-0.05,3837,3837280,卖盘
537,14:12:14,10.05,--,6,6030,卖盘
538,14:12:10,10.05,--,155,155775,买盘
539,14:12:05,10.05,--,61,61305,买盘
540,14:11:50,10.05,--,63,63315,买盘
541,14:11:44,10.05,0.02,32,32160,买盘
542,14:11:40,10.03,-0.07,64,64191,卖盘
543,14:11:35,10.1,--,1003,1013535,卖盘
544,14:11:29,10.1,--,399,402990,卖盘
545,14:11:23,10.1,0.02,235,237855,买盘
546,14:11:20,10.08,0.08,20,20160,买盘
547,14:11:14,10.0,-0.08,5626,5626000,卖盘
548,14:11:08,10.08,0.01,29,29232,买盘
549,14:11:05,10.07,-0.01,47,47329,买盘
550,14:10:59,10.08,--,57,57456,买盘
551,14:10:53,10.08,0.01,13,13104,买盘
552,14:10:50,10.07,--,8,8559,卖盘
553,14:10:44,10.07,--,50,50350,卖盘
554,14:10:38,10.07,--,36,36755,买盘
555,14:10:35,10.07,-0.01,29,29203,中性盘
556,14:10:29,10.08,0.03,3,3024,买盘
557,14:10:23,10.05,-0.02,66,66330,卖盘
558,14:10:20,10.07,--,9,9063,卖盘
559,14:10:14,10.07,--,70,70490,中性盘
560,14:10:08,10.07,--,0,0,中性盘
561,14:10:05,10.07,0.04,42,42294,买盘
562,14:09:59,10.03,-0.07,365,366095,卖盘
563,14:09:53,10.1,0.03,386,389860,买盘
564,14:09:50,10.07,0.04,80,80560,中性盘
565,14:09:44,10.03,-0.07,1214,1217642,卖盘
566,14:09:38,10.1,0.01,105,106050,买盘
567,14:09:34,10.09,0.03,64,64576,买盘
568,14:09:29,10.06,-0.03,187,188122,卖盘
569,14:09:20,10.09,--,221,222989,卖盘
570,14:09:14,10.09,0.03,30,30270,买盘
571,14:09:04,10.06,--,242,243452,卖盘
572,14:08:59,10.06,0.03,31,31186,卖盘
573,14:08:53,10.03,-0.06,300,300900,卖盘
574,14:08:49,10.09,0.03,62,62558,买盘
575,14:08:44,10.06,-0.06,16,16096,中性盘
576,14:08:38,10.12,0.08,421,426051,买盘
577,14:08:34,10.04,-0.06,131,131524,卖盘
578,14:08:29,10.1,--,1525,1540977,买盘
579,14:08:23,10.1,0.01,282,284820,买盘
580,14:08:19,10.09,-0.01,155,156395,卖盘
581,14:08:14,10.1,0.01,16,16160,买盘
582,14:08:08,10.09,-0.01,1812,1828308,卖盘
583,14:08:04,10.1,0.02,34,34340,买盘
584,14:07:59,10.08,-0.02,678,683424,卖盘
585,14:07:53,10.1,--,30,30300,买盘
586,14:07:49,10.1,0.01,124,125240,买盘
587,14:07:44,10.09,--,117,118053,卖盘
588,14:07:38,10.09,0.01,94,94846,中性盘
589,14:07:34,10.08,-0.01,87,87696,卖盘
590,14:07:29,10.09,--,173,174557,买盘
591,14:07:23,10.09,--,4,4036,买盘
592,14:07:19,10.09,--,32,32288,买盘
593,14:07:14,10.09,-0.01,149,150341,卖盘
594,14:07:08,10.1,--,10,10100,买盘
595,14:07:04,10.1,--,299,301990,买盘
596,14:06:59,10.1,--,34,34340,买盘
597,14:06:53,10.1,--,230,232300,买盘
598,14:06:49,10.1,-0.02,129,130290,卖盘
599,14:06:44,10.12,0.03,296,299552,买盘
600,14:06:38,10.09,-0.01,19,19171,卖盘
601,14:06:34,10.1,0.01,81,81810,买盘
602,14:06:29,10.09,-0.01,153,154377,卖盘
603,14:06:23,10.1,0.01,15,15150,买盘
604,14:06:19,10.09,-0.03,261,263349,卖盘
605,14:06:14,10.12,--,82,82984,买盘
606,14:06:08,10.12,0.02,120,121439,买盘
607,14:06:04,10.1,-0.02,69,69690,卖盘
608,14:05:59,10.12,--,86,87032,买盘
609,14:05:53,10.12,--,0,0,买盘
610,14:05:49,10.12,0.02,127,128523,买盘
611,14:05:44,10.1,--,239,241390,卖盘
612,14:05:38,10.1,--,6,6060,卖盘
613,14:05:34,10.1,0.01,85,85850,卖盘
614,14:05:29,10.09,--,0,0,卖盘
615,14:05:23,10.09,-0.06,169,170521,卖盘
616,14:05:19,10.15,0.03,75,76125,买盘
617,14:05:14,10.12,0.03,59,59707,买盘
618,14:05:08,10.09,0.01,378,381402,中性盘
619,14:05:02,10.08,--,325,327600,卖盘
620,14:04:59,10.08,-0.02,16,16128,卖盘
621,14:04:53,10.1,-0.06,5,5050,卖盘
622,14:04:47,10.16,0.01,319,324104,买盘
623,14:04:44,10.15,0.07,2,2030,中性盘
624,14:04:38,10.08,-0.08,5624,5668992,卖盘
625,14:04:32,10.16,--,462,469392,卖盘
626,14:04:29,10.16,-0.02,1064,1081024,卖盘
627,14:04:23,10.18,--,38,38684,卖盘
628,14:04:17,10.18,--,24,24432,卖盘
629,14:04:14,10.18,--,5,5090,卖盘
630,14:04:08,10.18,--,11,11198,卖盘
631,14:03:59,10.18,--,82,83476,卖盘
632,14:03:53,10.18,0.01,4,4072,中性盘
633,14:03:47,10.17,--,10,10170,卖盘
634,14:03:44,10.17,--,8,8136,卖盘
635,14:03:38,10.17,--,113,114921,卖盘
636,14:03:23,10.17,--,54,54918,卖盘
637,14:03:17,10.17,--,0,0,卖盘
638,14:03:14,10.17,-0.02,263,267471,卖盘
639,14:03:08,10.19,0.01,40,40760,买盘
640,14:03:02,10.18,--,317,322706,卖盘
641,14:02:59,10.18,--,45,45810,卖盘
642,14:02:53,10.18,-0.01,15,15270,卖盘
643,14:02:47,10.19,0.01,3,3057,买盘
644,14:02:44,10.18,--,10,10180,卖盘
645,14:02:38,10.18,-0.01,36,36648,卖盘
646,14:02:32,10.19,0.01,5,5095,买盘
647,14:02:29,10.18,-0.01,125,127250,卖盘
648,14:02:23,10.19,--,5,5095,买盘
649,14:02:17,10.19,--,39,39741,买盘
650,14:02:13,10.19,--,50,50950,买盘
651,14:02:08,10.19,--,163,166097,买盘
652,14:02:02,10.19,--,2,2038,买盘
653,14:01:58,10.19,0.01,116,118204,买盘
654,14:01:53,10.18,--,61,62098,卖盘
655,14:01:47,10.18,-0.01,5,5090,卖盘
656,14:01:43,10.19,--,56,57064,买盘
657,14:01:38,10.19,0.01,20,20380,买盘
658,14:01:32,10.18,-0.01,128,130304,卖盘
659,14:01:28,10.19,0.01,9,9171,买盘
660,14:01:23,10.18,-0.01,14,14252,卖盘
661,14:01:13,10.19,--,467,475873,卖盘
662,14:00:58,10.19,--,37,37703,卖盘
663,14:00:53,10.19,0.01,16,16304,卖盘
664,14:00:38,10.18,--,1,1018,卖盘
665,14:00:28,10.18,-0.01,32,32576,卖盘
666,14:00:23,10.19,0.01,68,69292,买盘
667,14:00:17,10.18,-0.02,6,6108,卖盘
668,14:00:13,10.2,--,0,0,买盘
669,14:00:08,10.2,0.02,80,81600,买盘
670,13:59:53,10.18,--,1,1018,卖盘
671,13:59:43,10.18,-0.01,200,203600,卖盘
672,13:59:32,10.19,0.01,6,6114,卖盘
673,13:59:23,10.18,--,17,17306,卖盘
674,13:59:17,10.18,-0.01,1313,1336634,卖盘
675,13:59:13,10.19,0.01,41,41779,买盘
676,13:59:08,10.18,-0.01,2,2036,卖盘
677,13:59:02,10.19,0.01,60,61140,买盘
678,13:58:58,10.18,--,32,32576,卖盘
679,13:58:53,10.18,-0.01,150,152700,卖盘
680,13:58:47,10.19,0.01,20,20380,买盘
681,13:58:43,10.18,--,25,25450,卖盘
682,13:58:38,10.18,-0.01,32,32576,卖盘
683,13:58:32,10.19,--,0,0,买盘
684,13:58:26,10.19,0.01,44,44836,买盘
685,13:58:23,10.18,-0.01,18,18324,卖盘
686,13:58:17,10.19,0.01,86,87634,买盘
687,13:58:11,10.18,-0.01,13,13234,卖盘
688,13:58:08,10.19,--,44,44836,买盘
689,13:58:02,10.19,0.01,45,45855,买盘
690,13:57:56,10.18,-0.01,71,72278,卖盘
691,13:57:53,10.19,0.01,53,54007,买盘
692,13:57:47,10.18,0.01,15,15270,买盘
693,13:57:41,10.17,0.01,12,12204,中性盘
694,13:57:32,10.16,--,39,39624,卖盘
695,13:57:26,10.16,--,3,3048,卖盘
696,13:57:23,10.16,-0.03,73,74168,卖盘
697,13:57:17,10.19,0.01,41,41779,买盘
698,13:57:11,10.18,0.02,16,16288,买盘
699,13:57:08,10.16,-0.01,50,50800,卖盘
700,13:57:02,10.17,0.01,49,49833,卖盘
701,13:56:56,10.16,--,0,0,卖盘
702,13:56:53,10.16,0.01,118,119888,买盘
703,13:56:47,10.15,-0.02,214,218082,卖盘
704,13:56:41,10.17,--,0,0,卖盘
705,13:56:38,10.17,0.02,301,306117,卖盘
706,13:56:32,10.15,--,46,46832,买盘
707,13:56:26,10.15,--,300,304500,买盘
708,13:56:23,10.15,--,1452,1474652,卖盘
709,13:56:17,10.15,-0.05,995,1009925,卖盘
710,13:56:11,10.2,0.02,705,719100,买盘
711,13:56:08,10.18,0.02,10,10180,卖盘
712,13:56:02,10.16,-0.03,96,97536,卖盘
713,13:55:53,10.19,0.03,113,115147,买盘
714,13:55:47,10.16,-0.02,89,90566,卖盘
715,13:55:41,10.18,0.01,272,276896,买盘
716,13:55:37,10.17,--,266,270522,买盘
717,13:55:32,10.17,--,103,104751,卖盘
718,13:55:26,10.17,0.01,112,113904,卖盘
719,13:55:22,10.16,--,70,71120,卖盘
720,13:55:17,10.16,-0.02,384,390144,卖盘
721,13:55:11,10.18,0.01,107,108926,买盘
722,13:55:07,10.17,--,63,64071,卖盘
723,13:55:02,10.17,--,216,219672,卖盘
724,13:54:56,10.17,--,67,68139,卖盘
725,13:54:52,10.17,--,63,64071,卖盘
726,13:54:47,10.17,--,113,114921,卖盘
727,13:54:41,10.17,--,72,73224,卖盘
728,13:54:37,10.17,-0.01,122,124074,卖盘
729,13:54:32,10.18,0.01,55,55990,买盘
730,13:54:22,10.17,-0.01,170,172890,卖盘
731,13:54:17,10.18,0.01,10,10180,买盘
732,13:54:11,10.17,-0.03,193,196281,卖盘
733,13:54:07,10.2,0.01,102,104040,买盘
734,13:54:02,10.19,0.01,553,563507,中性盘
735,13:53:56,10.18,-0.01,325,330850,卖盘
736,13:53:52,10.19,-0.01,60,61140,卖盘
737,13:53:47,10.2,--,131,133620,买盘
738,13:53:41,10.2,0.01,10,10200,买盘
739,13:53:37,10.19,-0.01,110,112090,卖盘
740,13:53:32,10.2,--,52,53039,买盘
741,13:53:26,10.2,0.01,5,5100,买盘
742,13:53:22,10.19,--,65,66235,卖盘
743,13:53:17,10.19,-0.01,32,32608,卖盘
744,13:53:11,10.2,--,81,82620,买盘
745,13:53:07,10.2,--,83,84660,买盘
746,13:53:02,10.2,0.01,53,54059,买盘
747,13:52:56,10.19,-0.01,4,4076,卖盘
748,13:52:52,10.2,--,117,119339,买盘
749,13:52:47,10.2,-0.02,371,378420,卖盘
750,13:52:41,10.22,0.01,28,28616,买盘
751,13:52:32,10.21,--,65,66365,卖盘
752,13:52:26,10.21,--,13,13273,卖盘
753,13:52:17,10.21,--,8,8168,卖盘
754,13:52:11,10.21,--,2,2042,卖盘
755,13:52:02,10.21,--,8,8168,买盘
756,13:51:56,10.21,0.01,13,13273,买盘
757,13:51:52,10.2,-0.02,10,10200,卖盘
758,13:51:47,10.22,--,0,0,买盘
759,13:51:41,10.22,0.01,31,31682,买盘
760,13:51:35,10.21,-0.01,10,10210,中性盘
761,13:51:32,10.22,--,43,43946,买盘
762,13:51:26,10.22,--,19,19418,买盘
763,13:51:20,10.22,0.01,100,102200,买盘
764,13:51:17,10.21,-0.01,25,25525,卖盘
765,13:51:11,10.22,--,10,10220,买盘
766,13:51:05,10.22,--,19,19418,买盘
767,13:51:02,10.22,0.01,10,10220,买盘
768,13:50:56,10.21,--,49,50029,卖盘
769,13:50:46,10.21,-0.01,25,25525,卖盘
770,13:50:41,10.22,--,22,22484,买盘
771,13:50:35,10.22,0.01,73,74606,买盘
772,13:50:32,10.21,0.01,59,60239,买盘
773,13:50:26,10.2,-0.02,30,30599,卖盘
774,13:50:20,10.22,--,17,17374,买盘
775,13:50:17,10.22,0.01,32,32704,买盘
776,13:50:11,10.21,0.01,45,45945,买盘
777,13:50:01,10.2,--,37,37740,卖盘
778,13:49:56,10.2,-0.01,10,10200,卖盘
779,13:49:50,10.21,0.01,36,36756,中性盘
780,13:49:47,10.2,-0.01,5,5100,卖盘
781,13:49:41,10.21,0.01,18,18378,买盘
782,13:49:31,10.2,-0.02,26,26519,卖盘
783,13:49:26,10.22,--,12,12264,买盘
784,13:49:20,10.22,0.02,10,10220,买盘
785,13:49:16,10.2,--,2,2039,卖盘
786,13:49:11,10.2,--,3,3060,卖盘
787,13:49:05,10.2,-0.02,2,2039,卖盘
788,13:49:01,10.22,0.02,3,3066,买盘
789,13:48:56,10.2,-0.02,11,11220,卖盘
790,13:48:50,10.22,-0.01,13,13286,买盘
791,13:48:46,10.23,--,0,0,买盘
792,13:48:41,10.23,0.03,45,46035,买盘
793,13:48:31,10.2,-0.02,28,28559,卖盘
794,13:48:26,10.22,--,8,8176,买盘
795,13:48:20,10.22,0.02,57,58254,买盘
796,13:48:11,10.2,--,23,23460,卖盘
797,13:48:01,10.2,-0.02,6,6120,卖盘
798,13:47:56,10.22,--,40,40880,买盘
799,13:47:50,10.22,--,5,5110,买盘
800,13:47:46,10.22,--,41,41902,买盘
801,13:47:41,10.22,--,3,3066,卖盘
802,13:47:35,10.22,0.02,36,36792,中性盘
803,13:47:31,10.2,--,42,42840,买盘
804,13:47:26,10.2,--,168,171360,买盘
805,13:47:20,10.2,--,118,120359,买盘
806,13:47:16,10.2,--,118,120359,买盘
807,13:47:11,10.2,-0.03,337,343740,卖盘
808,13:47:05,10.23,0.02,95,97185,买盘
809,13:47:01,10.21,-0.02,28,28588,卖盘
810,13:46:56,10.23,0.02,343,350889,买盘
811,13:46:50,10.21,-0.01,33,33693,卖盘
812,13:46:46,10.22,0.01,126,128772,买盘
813,13:46:41,10.21,-0.01,59,60239,卖盘
814,13:46:31,10.22,--,97,99134,买盘
815,13:46:26,10.22,--,176,179872,买盘
816,13:46:20,10.22,--,81,82782,买盘
817,13:46:16,10.22,0.01,15,15330,买盘
818,13:46:11,10.21,-0.01,234,238914,卖盘
819,13:46:05,10.22,0.01,18,18396,买盘
820,13:46:01,10.21,0.01,83,84743,买盘
821,13:45:56,10.2,--,27,27539,卖盘
822,13:45:50,10.2,--,41,41820,卖盘
823,13:45:46,10.2,--,6,6120,卖盘
824,13:45:35,10.2,-0.02,41,41820,卖盘
825,13:45:26,10.22,--,45,45990,买盘
826,13:45:20,10.22,--,18,18396,买盘
827,13:45:16,10.22,0.01,30,30660,买盘
828,13:45:11,10.21,0.01,94,95974,买盘
829,13:45:05,10.2,-0.02,68,69360,卖盘
830,13:45:00,10.22,--,1,1022,买盘
831,13:44:56,10.22,0.02,36,36792,买盘
832,13:44:50,10.2,-0.02,87,88740,卖盘
833,13:44:46,10.22,0.01,101,103222,买盘
834,13:44:41,10.21,--,114,116394,买盘
835,13:44:35,10.21,--,389,397169,买盘
836,13:44:29,10.21,--,162,165402,买盘
837,13:44:26,10.21,--,127,129667,买盘
838,13:44:20,10.21,0.01,170,173570,买盘
839,13:44:14,10.2,--,91,92820,卖盘
840,13:44:10,10.2,-0.01,428,436559,卖盘
841,13:44:05,10.21,--,43,43903,买盘
842,13:43:59,10.21,0.01,70,71470,买盘
843,13:43:55,10.2,--,54,55079,卖盘
844,13:43:50,10.2,--,60,61199,卖盘
845,13:43:44,10.2,--,76,77520,卖盘
846,13:43:40,10.2,-0.01,38,38770,卖盘
847,13:43:35,10.21,--,196,200116,买盘
848,13:43:29,10.21,0.01,56,57176,买盘
849,13:43:25,10.2,-0.01,56,57119,卖盘
850,13:43:20,10.21,0.01,174,177654,买盘
851,13:43:14,10.2,--,96,97920,买盘
852,13:43:10,10.2,--,217,221339,买盘
853,13:43:05,10.2,0.02,19,19380,买盘
854,13:42:59,10.18,-0.02,155,157790,卖盘
855,13:42:55,10.2,--,16,16319,买盘
856,13:42:50,10.2,0.01,351,358020,买盘
857,13:42:44,10.19,--,19,19361,卖盘
858,13:42:40,10.19,-0.01,196,199724,卖盘
859,13:42:35,10.2,--,134,136680,买盘
860,13:42:29,10.2,--,242,246839,买盘
861,13:42:25,10.2,--,268,273360,买盘
862,13:42:20,10.2,--,805,821100,买盘
863,13:42:14,10.2,--,47,47940,买盘
864,13:42:10,10.2,--,2174,2217480,卖盘
865,13:42:05,10.2,-0.01,24,24480,卖盘
866,13:41:59,10.21,--,6,6126,买盘
867,13:41:55,10.21,--,104,106184,买盘
868,13:41:50,10.21,-0.01,405,413505,卖盘
869,13:41:44,10.22,--,133,135926,买盘
870,13:41:40,10.22,--,905,924910,买盘
871,13:41:35,10.22,--,206,210532,买盘
872,13:41:25,10.22,-0.02,731,747746,卖盘
873,13:41:20,10.24,0.02,28,28672,买盘
874,13:41:10,10.22,-0.02,108,110376,卖盘
875,13:41:05,10.24,--,177,181248,买盘
876,13:40:59,10.24,0.01,115,117760,买盘
877,13:40:55,10.23,--,198,202554,卖盘
878,13:40:50,10.23,-0.01,240,245520,卖盘
879,13:40:44,10.24,0.01,32,32768,买盘
880,13:40:35,10.23,-0.02,316,323268,卖盘
881,13:40:29,10.25,0.02,30,30750,买盘
882,13:40:25,10.23,-0.01,1041,1064943,卖盘
883,13:40:20,10.24,--,15,15360,卖盘
884,13:40:14,10.24,-0.02,46,47104,卖盘
885,13:40:10,10.26,0.02,23,23598,买盘
886,13:40:05,10.24,--,19,19456,卖盘
887,13:39:59,10.24,-0.01,80,81920,卖盘
888,13:39:55,10.25,0.01,19,19475,买盘
889,13:39:50,10.24,--,11,11264,卖盘
890,13:39:44,10.24,-0.01,60,61440,卖盘
891,13:39:40,10.25,0.01,29,29725,买盘
892,13:39:35,10.24,-0.01,8,8192,卖盘
893,13:39:29,10.25,-0.01,70,71750,卖盘
894,13:39:25,10.26,--,15,15390,买盘
895,13:39:20,10.26,0.01,30,30780,买盘
896,13:39:14,10.25,--,61,62525,买盘
897,13:39:10,10.25,--,40,41000,买盘
898,13:39:05,10.25,--,14,14350,买盘
899,13:38:59,10.25,0.01,59,60475,卖盘
900,13:38:55,10.24,-0.02,32,32768,卖盘
901,13:38:50,10.26,0.02,22,22572,买盘
902,13:38:44,10.24,-0.01,22,22528,卖盘
903,13:38:40,10.25,--,27,27675,卖盘
904,13:38:35,10.25,-0.01,48,49200,卖盘
905,13:38:29,10.26,--,95,97470,买盘
906,13:38:25,10.26,0.02,52,53352,买盘
907,13:38:20,10.24,-0.02,232,237926,卖盘
908,13:38:14,10.26,0.02,86,88236,买盘
909,13:38:09,10.24,--,50,51200,卖盘
910,13:38:05,10.24,-0.01,119,121856,卖盘
911,13:37:59,10.25,--,21,21525,买盘
912,13:37:54,10.25,0.01,14,14350,买盘
913,13:37:50,10.24,-0.01,44,45056,卖盘
914,13:37:44,10.25,--,19,19475,买盘
915,13:37:38,10.25,--,38,38950,买盘
916,13:37:35,10.25,--,21,21525,买盘
917,13:37:29,10.25,--,136,139400,卖盘
918,13:37:23,10.25,-0.01,50,51250,卖盘
919,13:37:19,10.26,--,3,3078,买盘
920,13:37:14,10.26,--,47,48222,买盘
921,13:37:04,10.26,--,71,72846,买盘
922,13:36:59,10.26,--,26,26676,买盘
923,13:36:53,10.26,--,49,50274,买盘
924,13:36:49,10.26,0.01,96,98496,买盘
925,13:36:44,10.25,--,177,181425,卖盘
926,13:36:38,10.25,--,38,38950,卖盘
927,13:36:34,10.25,-0.01,154,157850,卖盘
928,13:36:29,10.26,0.01,27,27702,买盘
929,13:36:19,10.25,--,34,34850,卖盘
930,13:36:14,10.25,-0.01,24,24600,卖盘
931,13:35:53,10.26,--,121,124146,买盘
932,13:35:44,10.26,--,424,435024,买盘
933,13:35:38,10.26,--,19,19494,买盘
934,13:35:34,10.26,--,93,95418,买盘
935,13:35:29,10.26,0.01,60,61560,买盘
936,13:35:23,10.25,--,50,51250,卖盘
937,13:35:19,10.25,--,34,34850,卖盘
938,13:35:14,10.25,--,117,119925,卖盘
939,13:35:08,10.25,--,50,51250,卖盘
940,13:35:04,10.25,--,152,155800,卖盘
941,13:34:59,10.25,--,50,51250,卖盘
942,13:34:53,10.25,-0.01,127,130175,卖盘
943,13:34:49,10.26,0.01,65,66690,买盘
944,13:34:44,10.25,--,81,83025,卖盘
945,13:34:38,10.25,-0.01,100,102500,卖盘
946,13:34:34,10.26,0.01,15,15390,买盘
947,13:34:29,10.25,-0.01,2,2050,卖盘
948,13:34:23,10.26,--,76,77976,买盘
949,13:34:19,10.26,--,2,2052,买盘
950,13:34:14,10.26,--,40,41040,买盘
951,13:34:07,10.26,--,199,204174,卖盘
952,13:34:04,10.26,-0.01,28,28728,卖盘
953,13:33:53,10.27,--,33,33891,买盘
954,13:33:49,10.27,0.01,10,10270,买盘
955,13:33:44,10.26,-0.01,27,27702,卖盘
956,13:33:38,10.27,--,56,57512,买盘
957,13:33:34,10.27,0.01,115,118105,买盘
958,13:33:29,10.26,--,230,235980,卖盘
959,13:33:23,10.26,-0.01,303,310878,卖盘
960,13:33:19,10.27,0.01,60,61620,买盘
961,13:33:14,10.26,-0.01,5,5130,卖盘
962,13:33:08,10.27,0.01,108,110916,买盘
963,13:33:04,10.26,-0.01,5,5130,卖盘
964,13:32:59,10.27,0.01,21,21567,买盘
965,13:32:53,10.26,--,15,15390,卖盘
966,13:32:49,10.26,--,149,152874,买盘
967,13:32:44,10.26,0.01,44,45144,买盘
968,13:32:38,10.25,-0.01,517,529925,卖盘
969,13:32:34,10.26,0.01,90,92340,买盘
970,13:32:29,10.25,-0.01,27,27675,卖盘
971,13:32:23,10.26,--,74,75924,买盘
972,13:32:19,10.26,--,22,22572,买盘
973,13:32:13,10.26,-0.01,249,255474,卖盘
974,13:32:08,10.27,0.01,64,65728,买盘
975,13:32:04,10.26,--,16,16416,卖盘
976,13:31:59,10.26,-0.01,15,15390,卖盘
977,13:31:53,10.27,--,12,12324,买盘
978,13:31:44,10.27,0.01,45,46215,买盘
979,13:31:38,10.26,--,7,7182,卖盘
980,13:31:33,10.26,-0.01,131,134406,卖盘
981,13:31:29,10.27,0.01,54,55458,买盘
982,13:31:23,10.26,--,140,143640,卖盘
983,13:31:18,10.26,--,100,102600,卖盘
984,13:31:14,10.26,-0.01,48,49248,卖盘
985,13:31:07,10.27,0.01,115,118105,买盘
986,13:31:03,10.26,-0.01,11,11286,卖盘
987,13:30:58,10.27,0.01,81,83187,买盘
988,13:30:52,10.26,--,80,82080,卖盘
989,13:30:47,10.26,--,265,271890,卖盘
990,13:30:43,10.26,--,50,51300,卖盘
991,13:30:37,10.26,--,135,138510,卖盘
992,13:30:31,10.26,-0.01,20,20520,卖盘
993,13:30:28,10.27,--,118,121186,买盘
994,13:30:22,10.27,--,29,29783,买盘
995,13:30:16,10.27,0.01,17,17459,买盘
996,13:30:13,10.26,--,98,100548,卖盘
997,13:30:08,10.26,-0.01,48,49248,卖盘
998,13:30:02,10.27,-0.01,5,5135,中性盘
999,13:29:58,10.28,0.02,256,263168,买盘
1000,13:29:52,10.26,--,5,5130,卖盘
1001,13:29:47,10.26,-0.02,582,597132,卖盘
1002,13:29:38,10.28,0.02,205,210740,买盘
1003,13:29:31,10.26,--,0,0,卖盘
1004,13:29:28,10.26,-0.01,502,515052,卖盘
1005,13:29:22,10.27,--,36,36972,买盘
1006,13:29:16,10.27,-0.01,579,594633,卖盘
1007,13:29:13,10.28,-0.01,143,147004,卖盘
1008,13:29:08,10.29,--,169,173901,买盘
1009,13:29:01,10.29,--,225,231524,买盘
1010,13:28:58,10.29,--,176,181103,买盘
1011,13:28:52,10.29,--,21,21609,买盘
1012,13:28:46,10.29,-0.01,218,225268,卖盘
1013,13:28:43,10.3,0.01,110,113300,买盘
1014,13:28:37,10.29,--,391,402338,卖盘
1015,13:28:31,10.29,--,0,0,卖盘
1016,13:28:28,10.29,-0.01,927,953965,卖盘
1017,13:28:22,10.3,--,98,100940,买盘
1018,13:28:16,10.3,--,13,13390,买盘
1019,13:28:13,10.3,-0.01,303,312471,卖盘
1020,13:28:07,10.31,--,31,31961,买盘
1021,13:28:01,10.31,--,53,54643,买盘
1022,13:27:52,10.31,0.01,139,143958,买盘
1023,13:27:46,10.3,--,23,23690,卖盘
1024,13:27:43,10.3,--,69,71070,卖盘
1025,13:27:37,10.3,--,2,2060,卖盘
1026,13:27:31,10.3,--,48,49440,卖盘
1027,13:27:22,10.3,-0.01,37,38110,卖盘
1028,13:27:16,10.31,0.01,171,176301,买盘
1029,13:27:07,10.3,-0.02,632,650960,卖盘
1030,13:27:01,10.32,0.01,12,12384,中性盘
1031,13:26:58,10.31,-0.02,477,491787,卖盘
1032,13:26:52,10.33,--,0,0,买盘
1033,13:26:46,10.33,0.01,185,191105,买盘
1034,13:26:43,10.32,--,5,5160,买盘
1035,13:26:37,10.32,0.01,613,632616,买盘
1036,13:26:28,10.31,--,2,2062,卖盘
1037,13:26:22,10.31,-0.01,6,6186,卖盘
1038,13:26:16,10.32,0.03,15,15480,买盘
1039,13:26:13,10.29,-0.03,19,19551,卖盘
1040,13:26:07,10.32,0.01,70,72240,买盘
1041,13:26:01,10.31,0.01,102,105162,买盘
1042,13:25:52,10.3,-0.01,305,314150,卖盘
1043,13:25:46,10.31,0.01,20,20620,买盘
1044,13:25:43,10.3,--,0,0,卖盘
1045,13:25:31,10.3,--,16,16480,卖盘
1046,13:25:22,10.3,-0.02,2,2060,卖盘
1047,13:25:07,10.32,--,4,4128,买盘
1048,13:25:01,10.32,0.02,8,8256,买盘
1049,13:24:58,10.3,--,0,0,卖盘
1050,13:24:52,10.3,-0.04,5,5150,卖盘
1051,13:24:16,10.34,--,0,0,买盘
1052,13:24:12,10.34,--,0,0,买盘
1053,13:24:01,10.34,0.02,8,8272,买盘
1054,13:23:52,10.32,0.02,8,8256,中性盘
1055,13:23:46,10.3,--,0,0,买盘
1056,13:23:42,10.3,0.01,22,22660,买盘
1057,13:23:37,10.29,--,48,49391,卖盘
1058,13:23:31,10.29,-0.01,64,65856,卖盘
1059,13:23:22,10.3,--,318,327540,买盘
1060,13:23:16,10.3,--,1029,1059870,卖盘
1061,13:23:10,10.3,--,10,10300,卖盘
1062,13:23:07,10.3,-0.01,31,31930,卖盘
1063,13:23:01,10.31,--,3,3093,买盘
1064,13:22:55,10.31,-0.04,6,6186,中性盘
1065,13:22:52,10.35,0.05,147,152145,买盘
1066,13:22:46,10.3,-0.05,510,525300,卖盘
1067,13:22:40,10.35,0.04,122,126270,买盘
1068,13:22:37,10.31,--,0,0,卖盘
1069,13:22:31,10.31,-0.01,503,518593,卖盘
1070,13:22:22,10.32,0.02,34,35088,买盘
1071,13:22:16,10.3,--,32,32960,买盘
1072,13:22:10,10.3,--,278,286340,买盘
1073,13:22:07,10.3,--,50,51500,买盘
1074,13:22:01,10.3,-0.02,142,146260,卖盘
1075,13:21:55,10.32,0.01,8,8256,买盘
1076,13:21:46,10.31,0.01,4,4124,买盘
1077,13:21:40,10.3,--,3,3090,卖盘
1078,13:21:37,10.3,-0.02,10,10300,卖盘
1079,13:21:25,10.32,--,0,0,买盘
1080,13:21:22,10.32,--,0,0,买盘
1081,13:21:16,10.32,0.02,144,148608,买盘
1082,13:21:07,10.3,-0.07,377,388310,卖盘
1083,13:21:01,10.37,-0.01,3,3110,买盘
1084,13:20:55,10.38,--,0,0,买盘
1085,13:20:52,10.38,0.01,163,169194,买盘
1086,13:20:46,10.37,-0.01,6,6221,中性盘
1087,13:20:40,10.38,--,648,672624,买盘
1088,13:20:37,10.38,0.07,7,7266,买盘
1089,13:20:31,10.31,-0.04,582,600042,卖盘
1090,13:20:25,10.35,--,0,0,买盘
1091,13:20:22,10.35,0.04,606,627210,买盘
1092,13:20:10,10.31,-0.03,495,510345,卖盘
1093,13:20:07,10.34,--,5,5170,买盘
1094,13:20:01,10.34,-0.04,517,534578,买盘
1095,13:19:55,10.38,0.08,179,185802,买盘
1096,13:19:46,10.3,-0.01,671,691130,卖盘
1097,13:19:40,10.31,-0.06,100,103100,卖盘
1098,13:19:37,10.37,0.06,651,675087,买盘
1099,13:19:31,10.31,--,0,0,卖盘
1100,13:19:25,10.31,-0.02,665,685615,卖盘
1101,13:19:22,10.33,-0.04,12,12396,卖盘
1102,13:19:16,10.37,0.04,590,611830,买盘
1103,13:19:10,10.33,0.02,115,118795,买盘
1104,13:19:01,10.31,-0.04,392,404152,卖盘
1105,13:18:55,10.35,0.02,22,22770,中性盘
1106,13:18:51,10.33,-0.04,5,5165,买盘
1107,13:18:46,10.37,0.06,139,144143,买盘
1108,13:18:40,10.31,--,137,141247,买盘
1109,13:18:36,10.31,--,23,23713,买盘
1110,13:18:31,10.31,--,54,55674,买盘
1111,13:18:25,10.31,0.04,199,205169,买盘
1112,13:18:21,10.27,--,0,0,卖盘
1113,13:18:16,10.27,-0.12,800,821600,卖盘
1114,13:18:10,10.39,0.01,20,20780,买盘
1115,13:18:06,10.38,0.08,28,29064,买盘
1116,13:18:01,10.3,--,80,82400,买盘
1117,13:17:55,10.3,-0.09,485,499550,卖盘
1118,13:17:51,10.39,--,291,302349,买盘
1119,13:17:46,10.39,-0.04,198,206293,卖盘
1120,13:17:40,10.43,0.03,1168,1218224,买盘
1121,13:17:36,10.4,--,520,540800,卖盘
1122,13:17:31,10.4,--,180,187200,卖盘
1123,13:17:25,10.4,0.04,2212,2300948,买盘
1124,13:17:21,10.36,-0.04,4,4144,卖盘
1125,13:17:16,10.4,0.09,3397,3532880,买盘
1126,13:17:10,10.31,-0.07,20,20620,卖盘
1127,13:17:01,10.38,0.01,139,144282,买盘
1128,13:16:55,10.37,0.07,33,34221,买盘
1129,13:16:51,10.3,-0.08,491,505730,卖盘
1130,13:16:46,10.38,0.08,210,217980,买盘
1131,13:16:40,10.3,-0.06,483,497490,卖盘
1132,13:16:34,10.36,0.05,4,4144,买盘
1133,13:16:31,10.31,-0.06,93,95883,中性盘
1134,13:16:25,10.37,--,60,62219,买盘
1135,13:16:19,10.37,0.07,129,133773,买盘
1136,13:16:16,10.3,-0.04,521,536630,卖盘
1137,13:16:10,10.34,0.04,18,18612,买盘
1138,13:16:01,10.3,--,0,0,卖盘
1139,13:15:55,10.3,-0.01,561,577830,卖盘
1140,13:15:49,10.31,-0.01,2,2062,卖盘
1141,13:15:46,10.32,--,58,59856,买盘
1142,13:15:40,10.32,--,0,0,买盘
1143,13:15:34,10.32,-0.05,194,200208,卖盘
1144,13:15:25,10.37,0.07,411,426206,买盘
1145,13:15:19,10.3,--,0,0,卖盘
1146,13:15:16,10.3,--,348,358440,买盘
1147,13:15:10,10.3,-0.02,160,164800,卖盘
1148,13:15:04,10.32,0.02,41,42312,买盘
1149,13:14:55,10.3,--,24,24720,买盘
1150,13:14:49,10.3,-0.07,459,472770,卖盘
1151,13:14:46,10.37,--,0,0,买盘
1152,13:14:40,10.37,0.06,106,109921,买盘
1153,13:14:34,10.31,--,179,184549,买盘
1154,13:14:31,10.31,--,70,72170,买盘
1155,13:14:19,10.31,-0.06,181,186611,卖盘
1156,13:14:16,10.37,0.05,171,177327,买盘
1157,13:14:10,10.32,-0.01,1,1032,卖盘
1158,13:14:04,10.33,0.01,752,776816,中性盘
1159,13:13:55,10.32,--,689,711048,卖盘
1160,13:13:49,10.32,--,0,0,卖盘
1161,13:13:46,10.32,-0.02,662,683184,卖盘
1162,13:13:40,10.34,--,0,0,买盘
1163,13:13:34,10.34,-0.01,491,507694,买盘
1164,13:13:25,10.35,0.02,4,4140,买盘
1165,13:13:19,10.33,0.01,19,19627,卖盘
1166,13:13:15,10.32,0.01,22,22704,买盘
1167,13:13:10,10.31,--,56,57736,买盘
1168,13:13:04,10.31,--,179,184549,买盘
1169,13:13:00,10.31,--,110,113410,买盘
1170,13:12:55,10.31,--,41,42271,买盘
1171,13:12:49,10.31,-0.01,98,101038,卖盘
1172,13:12:45,10.32,0.01,2,2064,卖盘
1173,13:12:40,10.31,-0.01,227,234037,卖盘
1174,13:12:34,10.32,-0.06,30,30960,买盘
1175,13:12:30,10.38,0.08,143,148434,买盘
1176,13:12:25,10.3,-0.08,810,834866,卖盘
1177,13:12:19,10.38,0.08,508,527304,中性盘
1178,13:12:15,10.3,-0.09,238,245140,卖盘
1179,13:12:10,10.39,--,5,5195,买盘
1180,13:12:04,10.39,0.08,698,725222,买盘
1181,13:11:55,10.31,-0.08,505,520655,卖盘
1182,13:11:49,10.39,--,193,200527,买盘
1183,13:11:45,10.39,--,107,111173,买盘
1184,13:11:40,10.39,--,620,644180,买盘
1185,13:11:34,10.39,0.01,861,894579,买盘
1186,13:11:25,10.38,0.06,1262,1310423,买盘
1187,13:11:19,10.32,--,558,575856,买盘
1188,13:11:15,10.32,--,25,25800,买盘
1189,13:11:10,10.32,-0.03,226,234253,卖盘
1190,13:11:04,10.35,-0.01,191,197685,中性盘
1191,13:11:00,10.36,0.01,525,543900,买盘
1192,13:10:55,10.35,0.03,89,92115,买盘
1193,13:10:49,10.32,-0.04,507,523224,卖盘
1194,13:10:45,10.36,0.03,120,124320,买盘
1195,13:10:40,10.33,--,139,143587,卖盘
1196,13:10:34,10.33,-0.01,562,580546,卖盘
1197,13:10:25,10.34,-0.02,697,720698,卖盘
1198,13:10:19,10.36,0.02,22,22792,买盘
1199,13:10:14,10.34,--,605,625570,卖盘
1200,13:10:10,10.34,--,196,202664,买盘
1201,13:10:04,10.34,-0.01,488,504592,卖盘
1202,13:09:55,10.35,--,559,578565,买盘
1203,13:09:49,10.35,0.01,193,199755,买盘
1204,13:09:45,10.34,0.01,0,10,中性盘
1205,13:09:40,10.33,--,707,730331,卖盘
1206,13:09:34,10.33,--,15,15495,卖盘
1207,13:09:28,10.33,--,111,114663,卖盘
1208,13:09:25,10.33,0.03,22,22726,买盘
1209,13:09:19,10.3,--,3,3090,卖盘
1210,13:09:13,10.3,--,489,503670,卖盘
1211,13:09:04,10.3,--,8,8240,卖盘
1212,13:08:58,10.3,0.02,1575,1622250,买盘
1213,13:08:55,10.28,0.01,58,59623,买盘
1214,13:08:49,10.27,-0.01,331,339937,卖盘
1215,13:08:43,10.28,-0.01,120,123359,买盘
1216,13:08:40,10.29,0.01,12,12347,买盘
1217,13:08:34,10.28,-0.01,250,256999,卖盘
1218,13:08:28,10.29,--,54,55565,买盘
1219,13:08:25,10.29,0.01,28,28811,买盘
1220,13:08:19,10.28,0.02,39,40092,买盘
1221,13:08:13,10.26,--,40,41040,卖盘
1222,13:08:10,10.26,-0.02,5,5130,卖盘
1223,13:08:04,10.28,--,1,1028,买盘
1224,13:07:58,10.28,--,12,12336,买盘
1225,13:07:55,10.28,--,1,1028,买盘
1226,13:07:49,10.28,--,8,8224,卖盘
1227,13:07:43,10.28,--,4,4112,卖盘
1228,13:07:40,10.28,--,35,35980,卖盘
1229,13:07:34,10.28,--,2,2056,卖盘
1230,13:07:28,10.28,-0.01,1,1028,中性盘
1231,13:07:25,10.29,0.03,145,149205,买盘
1232,13:07:13,10.26,-0.01,504,517104,卖盘
1233,13:07:04,10.27,-0.01,32,32864,卖盘
1234,13:06:58,10.28,--,3,3084,买盘
1235,13:06:55,10.28,0.01,1,1028,买盘
1236,13:06:49,10.27,-0.01,11,11297,卖盘
1237,13:06:34,10.28,0.01,10,10280,买盘
1238,13:06:28,10.27,--,11,11297,卖盘
1239,13:06:19,10.27,--,41,42107,卖盘
1240,13:06:09,10.27,-0.01,50,51350,卖盘
1241,13:06:04,10.28,0.01,29,29811,买盘
1242,13:05:58,10.27,-0.01,20,20540,卖盘
1243,13:05:54,10.28,-0.02,99,101772,卖盘
1244,13:05:49,10.3,0.01,10,10300,买盘
1245,13:05:43,10.29,-0.01,64,65856,卖盘
1246,13:05:39,10.3,--,27,27810,买盘
1247,13:05:34,10.3,--,115,118450,买盘
1248,13:05:28,10.3,--,536,552080,买盘
1249,13:05:19,10.3,-0.02,1806,1860180,卖盘
1250,13:05:04,10.32,--,15,15480,卖盘
1251,13:04:58,10.32,-0.01,2,2064,卖盘
1252,13:04:54,10.33,--,40,41320,买盘
1253,13:04:43,10.33,0.01,107,110531,买盘
1254,13:04:24,10.32,--,4,4128,卖盘
1255,13:04:19,10.32,--,25,25800,卖盘
1256,13:04:13,10.32,--,10,10320,卖盘
1257,13:04:09,10.32,--,16,16512,卖盘
1258,13:03:54,10.32,--,20,20640,卖盘
1259,13:03:49,10.32,--,20,20640,卖盘
1260,13:03:34,10.32,-0.01,44,45408,卖盘
1261,13:03:24,10.33,--,21,21693,买盘
1262,13:03:19,10.33,--,185,191105,买盘
1263,13:03:07,10.33,-0.01,605,624965,卖盘
1264,13:03:04,10.34,0.01,35,36190,买盘
1265,13:02:58,10.33,-0.02,10,10330,卖盘
1266,13:02:54,10.35,-0.01,34,35190,买盘
1267,13:02:43,10.36,0.01,21,21756,买盘
1268,13:02:37,10.35,-0.02,17,17595,买盘
1269,13:02:34,10.37,0.02,31,32146,买盘
1270,13:02:28,10.35,-0.01,79,81765,卖盘
1271,13:02:22,10.36,--,118,122248,买盘
1272,13:02:19,10.36,--,4,4144,买盘
1273,13:02:13,10.36,--,41,42476,买盘
1274,13:02:07,10.36,0.01,20,20720,买盘
1275,13:01:58,10.35,-0.01,6,6210,卖盘
1276,13:01:52,10.36,0.01,136,140896,买盘
1277,13:01:49,10.35,0.01,18,18630,买盘
1278,13:01:43,10.34,-0.01,416,430144,卖盘
1279,13:01:37,10.35,--,37,38295,买盘
1280,13:01:34,10.35,--,3,3105,买盘
1281,13:01:28,10.35,--,23,23805,买盘
1282,13:01:22,10.35,--,78,80730,买盘
1283,13:01:13,10.35,0.01,267,276345,买盘
1284,13:01:07,10.34,--,17,17578,买盘
1285,13:01:04,10.34,0.01,12,12408,买盘
1286,13:00:58,10.33,0.01,91,94003,买盘
1287,13:00:52,10.32,--,7,7224,卖盘
1288,13:00:49,10.32,-0.01,3,3096,卖盘
1289,13:00:43,10.33,--,0,0,买盘
1290,13:00:37,10.33,--,20,20660,买盘
1291,13:00:34,10.33,--,3,3099,买盘
1292,13:00:28,10.33,--,24,24792,买盘
1293,13:00:18,10.33,0.02,142,146686,买盘
1294,13:00:13,10.31,--,77,79387,卖盘
1295,13:00:07,10.31,0.01,429,442299,买盘
1296,13:00:04,10.3,--,38,39140,卖盘
1297,11:30:00,10.3,--,0,0,卖盘
1298,11:30:00,10.3,--,0,0,卖盘
1299,11:29:53,10.3,0.02,11,11330,买盘
1300,11:29:47,10.28,-0.03,70,71960,卖盘
1301,11:29:44,10.31,--,12,12372,买盘
1302,11:29:38,10.31,--,20,20620,买盘
1303,11:29:32,10.31,--,1,1031,买盘
1304,11:29:29,10.31,--,112,115472,买盘
1305,11:29:23,10.31,0.01,28,28868,买盘
1306,11:29:17,10.3,0.02,4,4120,卖盘
1307,11:29:14,10.28,0.01,53,54648,买盘
1308,11:29:08,10.27,-0.01,60,61620,卖盘
1309,11:29:02,10.28,--,600,616800,买盘
1310,11:28:47,10.28,--,5,5140,买盘
1311,11:28:38,10.28,--,326,335128,买盘
1312,11:28:29,10.28,-0.04,1021,1050451,卖盘
1313,11:28:23,10.32,-0.01,32,33024,卖盘
1314,11:28:17,10.33,0.01,4,4132,买盘
1315,11:28:14,10.32,--,18,18576,卖盘
1316,11:28:08,10.32,--,31,31992,买盘
1317,11:28:02,10.32,--,14,14448,买盘
1318,11:27:59,10.32,-0.01,10,10320,买盘
1319,11:27:53,10.33,--,31,32023,买盘
1320,11:27:47,10.33,0.01,45,46485,买盘
1321,11:27:44,10.32,--,67,69144,买盘
1322,11:27:38,10.32,--,40,41280,买盘
1323,11:27:32,10.32,0.01,102,105264,买盘
1324,11:27:29,10.31,0.01,133,137803,买盘
1325,11:27:23,10.3,-0.01,37,38110,卖盘
1326,11:27:17,10.31,--,216,222696,买盘
1327,11:27:14,10.31,--,30,30930,买盘
1328,11:27:08,10.31,0.01,140,144340,买盘
1329,11:27:02,10.3,--,11,11330,卖盘
1330,11:26:59,10.3,--,467,481525,买盘
1331,11:26:47,10.3,0.01,11,11330,买盘
1332,11:26:44,10.29,--,18,18522,卖盘
1333,11:26:38,10.29,--,38,39102,买盘
1334,11:26:32,10.29,--,10,10290,买盘
1335,11:26:28,10.29,0.03,16,16464,买盘
1336,11:26:17,10.26,-0.01,39,40014,卖盘
1337,11:26:13,10.27,-0.02,27,27729,买盘
1338,11:26:08,10.29,0.03,18,18522,买盘
1339,11:26:02,10.26,--,8,8208,卖盘
1340,11:25:58,10.26,-0.01,63,64638,卖盘
1341,11:25:47,10.27,--,25,25675,买盘
1342,11:25:38,10.27,-0.02,506,519662,买盘
1343,11:25:32,10.29,0.03,12,12347,卖盘
1344,11:25:28,10.26,--,1632,1674432,卖盘
1345,11:25:23,10.26,--,9,9234,卖盘
1346,11:25:17,10.26,--,1,1026,卖盘
1347,11:25:13,10.26,--,8,8208,卖盘
1348,11:25:08,10.26,-0.01,10,10260,卖盘
1349,11:24:58,10.27,--,14,14378,买盘
1350,11:24:53,10.27,--,10,10270,买盘
1351,11:24:43,10.27,--,4,4108,买盘
1352,11:24:38,10.27,0.01,9,9243,卖盘
1353,11:24:28,10.26,--,24,24624,买盘
1354,11:24:23,10.26,--,20,20520,买盘
1355,11:24:17,10.26,--,26,26676,买盘
1356,11:24:13,10.26,-0.02,11,11286,中性盘
1357,11:24:08,10.28,--,15,15419,买盘
1358,11:24:02,10.28,0.03,42,43176,买盘
1359,11:23:58,10.25,-0.02,93,95325,卖盘
1360,11:23:53,10.27,0.01,122,125294,买盘
1361,11:23:47,10.26,-0.01,10,10260,卖盘
1362,11:23:43,10.27,--,14,14378,买盘
1363,11:23:38,10.27,0.01,20,20540,买盘
1364,11:23:27,10.26,-0.01,10,10260,卖盘
1365,11:23:23,10.27,--,0,0,买盘
1366,11:23:17,10.27,0.01,23,23621,买盘
1367,11:23:08,10.26,0.01,24,24624,买盘
1368,11:23:02,10.25,-0.01,70,71750,卖盘
1369,11:22:56,10.26,--,14,14364,买盘
1370,11:22:47,10.26,0.01,22,22572,买盘
1371,11:22:38,10.25,-0.02,5,5125,卖盘
1372,11:22:32,10.27,0.02,36,36972,买盘
1373,11:22:23,10.25,-0.02,7,7175,卖盘
1374,11:22:17,10.27,0.01,69,70863,买盘
1375,11:22:11,10.26,0.01,14,14364,买盘
1376,11:22:08,10.25,--,109,111725,卖盘
1377,11:21:56,10.25,-0.01,3,3075,卖盘
1378,11:21:47,10.26,--,46,47196,买盘
1379,11:21:41,10.26,--,12,12312,买盘
1380,11:21:38,10.26,-0.01,95,97470,卖盘
1381,11:21:32,10.27,0.01,90,92430,买盘
1382,11:21:26,10.26,--,5,5130,卖盘
1383,11:21:23,10.26,--,177,181602,卖盘
1384,11:21:17,10.26,-0.01,21,21546,卖盘
1385,11:21:11,10.27,0.01,5,5135,买盘
1386,11:20:53,10.26,--,9,9234,卖盘
1387,11:20:47,10.26,--,7,7182,卖盘
1388,11:20:41,10.26,--,13,13338,卖盘
1389,11:20:32,10.26,-0.02,10,10260,卖盘
1390,11:20:26,10.28,0.01,32,32896,买盘
1391,11:20:22,10.27,0.02,52,53404,买盘
1392,11:20:17,10.25,-0.02,153,156825,卖盘
1393,11:20:11,10.27,0.02,161,165347,买盘
1394,11:20:08,10.25,-0.01,9,9225,卖盘
1395,11:20:02,10.26,0.01,2,2052,卖盘
1396,11:19:56,10.25,--,0,0,卖盘
1397,11:19:53,10.25,--,3,3075,卖盘
1398,11:19:47,10.25,-0.02,1,1025,卖盘
1399,11:19:37,10.27,--,1,1027,买盘
1400,11:19:32,10.27,0.02,36,36972,买盘
1401,11:19:26,10.25,-0.02,5,5125,卖盘
1402,11:19:22,10.27,--,100,102700,买盘
1403,11:19:17,10.27,0.02,12,12324,买盘
1404,11:19:11,10.25,-0.02,10,10250,卖盘
1405,11:19:07,10.27,--,15,15405,买盘
1406,11:18:56,10.27,0.02,63,64701,买盘
1407,11:18:52,10.25,--,4,4100,卖盘
1408,11:18:47,10.25,-0.02,19,19475,卖盘
1409,11:18:41,10.27,0.01,10,10270,买盘
1410,11:18:37,10.26,0.01,39,40014,买盘
1411,11:18:32,10.25,-0.02,15,15375,卖盘
1412,11:18:17,10.27,0.01,37,37999,买盘
1413,11:18:11,10.26,0.01,20,20520,买盘
1414,11:18:07,10.25,-0.01,142,145550,卖盘
1415,11:18:02,10.26,0.01,101,103626,买盘
1416,11:17:56,10.25,--,90,92250,卖盘
1417,11:17:41,10.25,--,9,9225,卖盘
1418,11:17:37,10.25,-0.01,1,1025,卖盘
1419,11:17:26,10.26,--,10,10260,买盘
1420,11:17:17,10.26,--,31,31806,买盘
1421,11:17:11,10.26,--,25,25650,买盘
1422,11:17:07,10.26,0.01,96,98496,买盘
1423,11:16:56,10.25,-0.01,5,5125,卖盘
1424,11:16:41,10.26,0.01,40,41040,买盘
1425,11:16:35,10.25,-0.01,13,13325,卖盘
1426,11:16:32,10.26,0.01,51,52326,买盘
1427,11:16:26,10.25,--,52,53300,卖盘
1428,11:16:21,10.25,-0.01,10,10250,卖盘
1429,11:16:11,10.26,--,164,168264,买盘
1430,11:16:07,10.26,--,10,10260,买盘
1431,11:16:02,10.26,--,25,25650,买盘
1432,11:15:56,10.26,--,108,110808,卖盘
1433,11:15:50,10.26,-0.01,41,42066,卖盘
1434,11:15:41,10.27,0.01,100,102700,买盘
1435,11:15:35,10.26,-0.01,20,20520,卖盘
1436,11:15:32,10.27,0.01,11,11297,买盘
1437,11:15:20,10.26,-0.01,18,18468,卖盘
1438,11:15:11,10.27,0.01,32,32864,买盘
1439,11:15:02,10.26,--,43,44118,卖盘
1440,11:14:56,10.26,-0.01,12,12312,卖盘
1441,11:14:47,10.27,0.01,10,10270,买盘
1442,11:14:41,10.26,-0.01,28,28728,卖盘
1443,11:14:26,10.27,--,17,17459,买盘
1444,11:14:20,10.27,--,1,1027,买盘
1445,11:14:17,10.27,--,53,54431,买盘
1446,11:14:11,10.27,0.01,28,28756,买盘
1447,11:14:05,10.26,--,112,114912,卖盘
1448,11:14:01,10.26,0.02,89,91314,买盘
1449,11:13:56,10.24,-0.01,8,8192,卖盘
1450,11:13:50,10.25,-0.01,23,23575,买盘
1451,11:13:46,10.26,0.02,19,19494,买盘
1452,11:13:41,10.24,--,4,4096,卖盘
1453,11:13:35,10.24,-0.01,36,36864,卖盘
1454,11:13:26,10.25,0.01,5,5125,中性盘
1455,11:13:20,10.24,--,8,8192,卖盘
1456,11:13:17,10.24,--,20,20480,卖盘
1457,11:13:11,10.24,--,10,10240,卖盘
1458,11:13:01,10.24,-0.01,16,16384,卖盘
1459,11:12:50,10.25,-0.03,20,20500,卖盘
1460,11:12:46,10.28,0.04,12,12336,买盘
1461,11:12:41,10.24,--,40,40960,卖盘
1462,11:12:35,10.24,-0.01,197,201728,卖盘
1463,11:12:31,10.25,--,4,4100,卖盘
1464,11:12:26,10.25,--,542,555550,卖盘
1465,11:12:16,10.25,--,0,0,卖盘
1466,11:12:11,10.25,-0.03,39,39975,卖盘
1467,11:12:01,10.28,--,0,0,买盘
1468,11:11:50,10.28,0.01,18,18504,买盘
1469,11:11:41,10.27,-0.01,42,43134,卖盘
1470,11:11:35,10.28,--,31,31867,卖盘
1471,11:11:31,10.28,--,109,112052,卖盘
1472,11:11:26,10.28,--,3,3084,卖盘
1473,11:11:16,10.28,-0.01,31,31867,卖盘
1474,11:11:11,10.29,0.01,16,16464,买盘
1475,11:11:05,10.28,--,92,94576,卖盘
1476,11:11:01,10.28,-0.01,8,8224,卖盘
1477,11:10:56,10.29,0.01,1,1029,买盘
1478,11:10:50,10.28,--,24,24672,卖盘
1479,11:10:46,10.28,--,22,22616,卖盘
1480,11:10:41,10.28,--,16,16448,卖盘
1481,11:10:35,10.28,-0.01,9,9252,中性盘
1482,11:10:20,10.29,0.01,237,243872,买盘
1483,11:10:16,10.28,--,0,0,买盘
1484,11:10:11,10.28,--,30,30839,买盘
1485,11:10:05,10.28,0.02,850,873800,买盘
1486,11:09:56,10.26,-0.02,40,41040,卖盘
1487,11:09:50,10.28,--,3,3084,买盘
1488,11:09:41,10.28,0.03,10,10280,买盘
1489,11:09:35,10.25,-0.02,19,19475,卖盘
1490,11:09:26,10.27,--,0,0,买盘
1491,11:09:20,10.27,-0.02,31,31837,买盘
1492,11:09:05,10.29,--,0,0,买盘
1493,11:08:50,10.29,0.02,299,307671,买盘
1494,11:08:44,10.27,0.03,3,3081,买盘
1495,11:08:40,10.24,-0.03,1012,1036288,卖盘
1496,11:08:35,10.27,0.01,9,9243,买盘
1497,11:08:29,10.26,--,30,30780,卖盘
1498,11:08:26,10.26,--,1,1026,卖盘
1499,11:08:20,10.26,-0.01,65,66690,卖盘
1500,11:08:10,10.27,0.01,12,12324,卖盘
1501,11:08:05,10.26,--,0,0,卖盘
1502,11:07:55,10.26,--,7,7695,卖盘
1503,11:07:50,10.26,-0.02,37,37962,卖盘
1504,11:07:44,10.28,--,14,14392,卖盘
1505,11:07:40,10.28,0.03,123,126443,买盘
1506,11:07:29,10.25,-0.03,500,512500,卖盘
1507,11:07:25,10.28,0.02,23,23644,买盘
1508,11:07:20,10.26,-0.02,13,13338,卖盘
1509,11:07:14,10.28,0.02,117,120275,买盘
1510,11:07:10,10.26,-0.02,21,21546,卖盘
1511,11:07:05,10.28,0.03,267,274476,买盘
1512,11:06:59,10.25,--,0,0,卖盘
1513,11:06:55,10.25,--,46,47160,卖盘
1514,11:06:50,10.25,--,25,25625,卖盘
1515,11:06:44,10.25,--,6,6150,卖盘
1516,11:06:40,10.25,-0.01,1,1025,卖盘
1517,11:06:35,10.26,--,220,225720,买盘
1518,11:06:29,10.26,--,27,27702,买盘
1519,11:06:25,10.26,-0.01,758,778723,卖盘
1520,11:06:20,10.27,--,102,104754,卖盘
1521,11:06:14,10.27,--,50,51350,卖盘
1522,11:06:10,10.27,-0.01,50,51350,卖盘
1523,11:06:05,10.28,--,22,22616,买盘
1524,11:05:55,10.28,--,18,18504,买盘
1525,11:05:50,10.28,0.01,1,1028,买盘
1526,11:05:44,10.27,--,38,39026,卖盘
1527,11:05:35,10.27,0.01,43,44171,买盘
1528,11:05:28,10.26,--,10,10260,买盘
1529,11:05:25,10.26,--,24,25639,卖盘
1530,11:05:14,10.26,-0.04,13,13338,卖盘
1531,11:05:10,10.3,0.03,289,297670,买盘
1532,11:05:05,10.27,0.02,6,6162,中性盘
1533,11:04:55,10.25,--,0,10,买盘
1534,11:04:50,10.25,-0.01,999,1024989,卖盘
1535,11:04:40,10.26,-0.03,20,20520,卖盘
1536,11:04:35,10.29,0.01,5,5145,买盘
1537,11:04:29,10.28,0.02,64,65792,买盘
1538,11:04:25,10.26,-0.03,16,16416,买盘
1539,11:04:20,10.29,0.01,263,270627,买盘
1540,11:04:14,10.28,--,24,24672,卖盘
1541,11:04:10,10.28,0.02,368,378304,买盘
1542,11:04:05,10.26,--,118,121068,买盘
1543,11:03:59,10.26,-0.01,798,818748,卖盘
1544,11:03:50,10.27,--,10,10270,买盘
1545,11:03:44,10.27,0.01,24,24648,买盘
1546,11:03:40,10.26,--,20,20520,卖盘
1547,11:03:35,10.26,--,59,60534,卖盘
1548,11:03:29,10.26,-0.01,15,15390,卖盘
1549,11:03:20,10.27,--,13,13351,买盘
1550,11:03:14,10.27,--,10,10270,买盘
1551,11:03:10,10.27,--,160,164320,买盘
1552,11:03:05,10.27,--,40,41080,买盘
1553,11:02:59,10.27,-0.01,557,572039,卖盘
1554,11:02:55,10.28,--,93,95604,买盘
1555,11:02:50,10.28,--,10,10280,买盘
1556,11:02:44,10.28,0.01,25,25700,买盘
1557,11:02:40,10.27,0.01,5,5135,中性盘
1558,11:02:35,10.26,-0.02,46,47196,卖盘
1559,11:02:29,10.28,0.02,21,21588,买盘
1560,11:02:25,10.26,--,10,10260,卖盘
1561,11:02:20,10.26,-0.02,41,42066,卖盘
1562,11:02:14,10.28,0.03,28,28784,买盘
1563,11:02:09,10.25,--,0,0,卖盘
1564,11:02:05,10.25,--,87,89175,卖盘
1565,11:01:59,10.25,--,0,0,卖盘
1566,11:01:54,10.25,-0.01,121,124025,卖盘
1567,11:01:50,10.26,--,5,5130,卖盘
1568,11:01:44,10.26,--,145,148770,卖盘
1569,11:01:38,10.26,--,17,17442,卖盘
1570,11:01:34,10.26,--,474,486334,买盘
1571,11:01:29,10.26,--,49,50274,买盘
1572,11:01:14,10.26,-0.01,179,184669,卖盘
1573,11:01:07,10.27,--,18,18486,买盘
1574,11:01:04,10.27,--,150,154060,买盘
1575,11:00:59,10.27,-0.01,197,202319,中性盘
1576,11:00:53,10.28,0.02,14,14392,买盘
1577,11:00:49,10.26,-0.02,630,646380,卖盘
1578,11:00:44,10.28,0.01,34,34952,买盘
1579,11:00:38,10.27,-0.02,24,24648,卖盘
1580,11:00:34,10.29,--,7,8221,卖盘
1581,11:00:29,10.29,-0.01,10,10300,中性盘
1582,11:00:23,10.3,0.03,319,328570,买盘
1583,11:00:19,10.27,--,0,0,卖盘
1584,11:00:14,10.27,-0.01,1096,1125592,卖盘
1585,11:00:08,10.28,-0.01,50,51400,卖盘
1586,11:00:04,10.29,--,268,275772,买盘
1587,10:59:59,10.29,0.01,4,4116,买盘
1588,10:59:53,10.28,-0.02,5,5140,卖盘
1589,10:59:49,10.3,0.01,57,58710,买盘
1590,10:59:44,10.29,--,81,83349,买盘
1591,10:59:34,10.29,0.01,24,24695,买盘
1592,10:59:29,10.28,--,44,45232,卖盘
1593,10:59:23,10.28,-0.01,10,10280,卖盘
1594,10:59:19,10.29,--,34,34986,买盘
1595,10:59:14,10.29,--,8,8232,买盘
1596,10:59:08,10.29,--,105,108044,卖盘
1597,10:59:04,10.29,--,40,41160,卖盘
1598,10:58:59,10.29,-0.01,151,155379,卖盘
1599,10:58:49,10.3,0.02,155,159650,买盘
1600,10:58:43,10.28,-0.01,240,246719,卖盘
1601,10:58:34,10.29,--,31,31898,买盘
1602,10:58:23,10.29,-0.01,95,97754,卖盘
1603,10:58:19,10.3,0.01,18,18540,买盘
1604,10:58:13,10.29,--,31,31898,卖盘
1605,10:58:08,10.29,--,38,39102,卖盘
1606,10:58:04,10.29,-0.01,6,6173,卖盘
1607,10:57:58,10.3,0.01,97,99910,买盘
1608,10:57:53,10.29,--,12,12347,买盘
1609,10:57:49,10.29,--,25,25724,买盘
1610,10:57:44,10.29,-0.01,84,86436,卖盘
1611,10:57:38,10.3,--,71,73130,买盘
1612,10:57:29,10.3,--,22,22660,买盘
1613,10:57:23,10.3,--,15,15450,买盘
1614,10:57:19,10.3,0.01,84,86520,买盘
1615,10:57:14,10.29,--,4,4116,卖盘
1616,10:57:08,10.29,-0.01,41,42189,卖盘
1617,10:57:04,10.3,0.01,20,20600,买盘
1618,10:56:59,10.29,--,8,8232,买盘
1619,10:56:53,10.29,--,4,4116,买盘
1620,10:56:49,10.29,--,11,11318,买盘
1621,10:56:43,10.29,--,23,23666,卖盘
1622,10:56:38,10.29,-0.01,13,13376,卖盘
1623,10:56:34,10.3,0.01,10,10300,中性盘
1624,10:56:28,10.29,-0.01,361,371468,卖盘
1625,10:56:22,10.3,0.02,17,17510,买盘
1626,10:56:19,10.28,-0.01,1200,1233600,卖盘
1627,10:56:14,10.29,-0.01,9,9261,卖盘
1628,10:56:07,10.3,--,31,31930,买盘
1629,10:56:04,10.3,--,10,10300,买盘
1630,10:55:58,10.3,0.01,98,100940,买盘
1631,10:55:52,10.29,--,59,60710,卖盘
1632,10:55:48,10.29,--,82,84378,卖盘
1633,10:55:43,10.29,--,109,112160,买盘
1634,10:55:38,10.29,0.01,66,67914,买盘
1635,10:55:33,10.28,-0.01,20,20560,卖盘
1636,10:55:28,10.29,--,52,53507,买盘
1637,10:55:22,10.29,--,70,72030,买盘
1638,10:55:19,10.29,--,15,15434,买盘
1639,10:55:13,10.29,0.01,50,51449,买盘
1640,10:55:08,10.28,-0.01,23,23644,卖盘
1641,10:55:03,10.29,--,14,14405,买盘
1642,10:54:58,10.29,0.01,10,10290,买盘
1643,10:54:52,10.28,-0.01,78,80184,卖盘
1644,10:54:46,10.29,0.01,22,22637,买盘
1645,10:54:43,10.28,--,200,205600,卖盘
1646,10:54:37,10.28,--,90,92520,卖盘
1647,10:54:31,10.28,--,11,11308,卖盘
1648,10:54:28,10.28,-0.01,60,61679,卖盘
1649,10:54:22,10.29,0.01,24,24695,买盘
1650,10:54:13,10.28,-0.01,1,1028,卖盘
1651,10:54:07,10.29,--,14,14405,买盘
1652,10:53:58,10.29,--,44,45275,买盘
1653,10:53:52,10.29,--,37,38073,买盘
1654,10:53:46,10.29,--,132,135828,卖盘
1655,10:53:43,10.29,--,90,92609,卖盘
1656,10:53:37,10.29,-0.01,25,25724,卖盘
1657,10:53:28,10.3,--,26,26780,买盘
1658,10:53:22,10.3,--,8,8240,买盘
1659,10:53:16,10.3,--,79,81370,卖盘
1660,10:53:07,10.3,--,15,15450,卖盘
1661,10:53:01,10.3,--,3,3090,卖盘
1662,10:52:46,10.3,--,3,3090,买盘
1663,10:52:43,10.3,-0.01,22,22660,卖盘
1664,10:52:37,10.31,--,0,0,买盘
1665,10:52:28,10.31,0.01,300,309300,买盘
1666,10:52:22,10.3,--,1012,1042360,买盘
1667,10:52:16,10.3,--,55,56650,买盘
1668,10:52:13,10.3,--,35,36050,买盘
1669,10:52:07,10.3,-0.01,116,119480,卖盘
1670,10:52:01,10.31,0.01,111,114441,买盘
1671,10:51:58,10.3,--,52,53560,卖盘
1672,10:51:52,10.3,-0.01,358,368740,卖盘
1673,10:51:46,10.31,--,141,145371,买盘
1674,10:51:43,10.31,--,20,20620,买盘
1675,10:51:37,10.31,-0.01,217,223727,卖盘
1676,10:51:31,10.32,0.01,33,34056,买盘
1677,10:51:22,10.31,--,80,82480,卖盘
1678,10:51:16,10.31,--,10,10310,卖盘
1679,10:51:13,10.31,--,191,196921,买盘
1680,10:51:07,10.31,--,14,14434,买盘
1681,10:51:01,10.31,--,0,0,买盘
1682,10:50:58,10.31,0.01,67,69077,买盘
1683,10:50:46,10.3,--,34,35020,买盘
1684,10:50:43,10.3,-0.01,14,14420,卖盘
1685,10:50:37,10.31,0.01,69,71139,买盘
1686,10:50:28,10.3,0.01,51,52530,卖盘
1687,10:50:22,10.29,-0.02,42,43218,卖盘
1688,10:50:16,10.31,0.01,126,129906,买盘
1689,10:50:13,10.3,0.01,28,28840,买盘
1690,10:50:07,10.29,--,76,78204,卖盘
1691,10:50:01,10.29,-0.01,68,69972,中性盘
1692,10:49:58,10.3,0.01,118,121540,买盘
1693,10:49:52,10.29,--,236,242843,买盘
1694,10:49:46,10.29,--,68,69972,买盘
1695,10:49:43,10.29,--,23,23666,买盘
1696,10:49:37,10.29,--,76,78204,买盘
1697,10:49:31,10.29,--,104,107015,买盘
1698,10:49:22,10.29,--,224,230495,买盘
1699,10:49:16,10.29,--,34,34986,买盘
1700,10:49:13,10.29,0.01,29,29840,买盘
1701,10:49:07,10.28,-0.01,20,20560,卖盘
1702,10:49:01,10.29,0.01,221,227408,买盘
1703,10:48:52,10.28,-0.03,608,625024,卖盘
1704,10:48:46,10.31,0.01,384,395904,买盘
1705,10:48:43,10.3,--,5,5150,买盘
1706,10:48:37,10.3,-0.01,1205,1241150,卖盘
1707,10:48:31,10.31,--,141,145371,买盘
1708,10:48:27,10.31,--,3,3093,买盘
1709,10:48:22,10.31,--,441,454671,卖盘
1710,10:48:16,10.31,--,40,41240,卖盘
1711,10:48:07,10.31,--,130,134030,卖盘
1712,10:48:01,10.31,--,63,64953,卖盘
1713,10:47:57,10.31,-0.01,359,370129,卖盘
1714,10:47:52,10.32,--,417,430344,卖盘
1715,10:47:46,10.32,-0.01,1200,1238400,卖盘
1716,10:47:42,10.33,--,55,56815,卖盘
1717,10:47:37,10.33,--,40,41320,卖盘
1718,10:47:31,10.33,0.01,105,108465,买盘
1719,10:47:27,10.32,-0.01,33,34056,卖盘
1720,10:47:22,10.33,0.01,25,25825,买盘
1721,10:47:16,10.32,--,65,67080,卖盘
1722,10:47:12,10.32,-0.01,10,10320,卖盘
1723,10:47:07,10.33,--,92,95036,买盘
1724,10:47:01,10.33,-0.01,15,15495,卖盘
1725,10:46:55,10.34,--,244,252296,买盘
1726,10:46:52,10.34,--,1,1034,买盘
1727,10:46:46,10.34,-0.01,107,110638,卖盘
1728,10:46:40,10.35,0.01,35,36225,买盘
1729,10:46:37,10.34,--,70,72380,卖盘
1730,10:46:31,10.34,--,135,139590,卖盘
1731,10:46:25,10.34,--,1,1034,卖盘
1732,10:46:22,10.34,-0.01,21,21714,卖盘
1733,10:46:16,10.35,--,38,39330,卖盘
1734,10:46:10,10.35,0.01,73,75555,买盘
1735,10:46:07,10.34,--,7,7238,卖盘
1736,10:46:01,10.34,--,10,10340,卖盘
1737,10:45:55,10.34,-0.01,333,344322,卖盘
1738,10:45:52,10.35,--,15,15525,买盘
1739,10:45:46,10.35,--,1116,1155060,卖盘
1740,10:45:40,10.35,-0.01,3,3105,卖盘
1741,10:45:37,10.36,0.01,143,148148,买盘
1742,10:45:31,10.35,-0.01,10,10350,卖盘
1743,10:45:25,10.36,-0.01,487,504532,卖盘
1744,10:45:22,10.37,0.01,41,42517,买盘
1745,10:45:16,10.36,--,125,129500,卖盘
1746,10:45:10,10.36,--,32,33152,卖盘
1747,10:45:07,10.36,-0.01,84,87024,卖盘
1748,10:45:01,10.37,--,33,34221,买盘
1749,10:44:55,10.37,--,118,122946,卖盘
1750,10:44:52,10.37,-0.01,70,72590,卖盘
1751,10:44:46,10.38,0.01,23,23874,买盘
1752,10:44:40,10.37,-0.01,56,58071,卖盘
1753,10:44:37,10.38,0.01,96,99648,买盘
1754,10:44:31,10.37,-0.01,32,33640,卖盘
1755,10:44:25,10.38,0.01,263,272994,买盘
1756,10:44:22,10.37,--,27,27998,卖盘
1757,10:44:16,10.37,-0.01,11,11407,卖盘
1758,10:44:10,10.38,0.01,12,12456,买盘
1759,10:44:07,10.37,-0.01,31,32146,卖盘
1760,10:44:01,10.38,0.01,8,8304,中性盘
1761,10:43:55,10.37,-0.02,75,77775,卖盘
1762,10:43:52,10.39,0.01,42,43638,买盘
1763,10:43:46,10.38,--,46,47748,买盘
1764,10:43:40,10.38,0.03,100,103800,买盘
1765,10:43:37,10.35,0.01,237,245295,买盘
1766,10:43:31,10.34,--,385,398090,卖盘
1767,10:43:25,10.34,-0.01,73,75482,卖盘
1768,10:43:22,10.35,--,77,79695,买盘
1769,10:43:16,10.35,--,51,52785,买盘
1770,10:43:10,10.35,--,253,261855,买盘
1771,10:43:07,10.35,-0.04,52,53820,卖盘
1772,10:43:01,10.39,--,15,15585,买盘
1773,10:42:55,10.39,0.05,161,167279,买盘
1774,10:42:52,10.34,-0.02,30,31020,卖盘
1775,10:42:46,10.36,0.01,521,539756,买盘
1776,10:42:40,10.35,-0.01,22,22770,中性盘
1777,10:42:37,10.36,0.01,64,66304,买盘
1778,10:42:31,10.35,--,94,97290,买盘
1779,10:42:25,10.35,--,50,51750,买盘
1780,10:42:16,10.35,0.01,51,52785,买盘
1781,10:42:10,10.34,--,110,113740,买盘
1782,10:42:07,10.34,0.01,67,69278,买盘
1783,10:42:01,10.33,-0.01,68,70244,卖盘
1784,10:41:55,10.34,--,35,36190,买盘
1785,10:41:51,10.34,0.01,30,31020,买盘
1786,10:41:46,10.33,--,6,6198,卖盘
1787,10:41:40,10.33,0.02,112,115696,买盘
1788,10:41:36,10.31,--,61,62891,买盘
1789,10:41:31,10.31,-0.01,251,258781,卖盘
1790,10:41:25,10.32,--,247,254904,买盘
1791,10:41:21,10.32,0.01,61,62952,买盘
1792,10:41:16,10.31,--,310,319610,卖盘
1793,10:41:10,10.31,--,71,73201,卖盘
1794,10:41:06,10.31,-0.01,212,218572,卖盘
1795,10:41:01,10.32,0.01,113,116616,中性盘
1796,10:40:55,10.31,-0.01,141,145371,卖盘
1797,10:40:51,10.32,--,33,34056,买盘
1798,10:40:46,10.32,-0.01,31,31992,买盘
1799,10:40:40,10.33,0.01,187,193171,买盘
1800,10:40:36,10.32,--,14,14448,买盘
1801,10:40:31,10.32,-0.01,558,575856,卖盘
1802,10:40:25,10.33,0.01,67,69211,买盘
1803,10:40:21,10.32,-0.01,188,194016,卖盘
1804,10:40:16,10.33,--,168,173544,买盘
1805,10:40:10,10.33,0.01,121,124993,买盘
1806,10:40:06,10.32,--,90,92880,卖盘
1807,10:40:01,10.32,-0.01,136,140352,卖盘
1808,10:39:55,10.33,--,31,32023,买盘
1809,10:39:49,10.33,--,3,3099,买盘
1810,10:39:46,10.33,--,51,52683,买盘
1811,10:39:36,10.33,--,62,64046,买盘
1812,10:39:31,10.33,--,15,15495,买盘
1813,10:39:25,10.33,-0.01,239,246887,卖盘
1814,10:39:16,10.34,0.01,137,141658,买盘
1815,10:39:10,10.33,0.01,34,35122,中性盘
1816,10:39:04,10.32,-0.02,5,5160,卖盘
1817,10:39:01,10.34,0.01,204,210936,买盘
1818,10:38:55,10.33,--,31,32023,买盘
1819,10:38:49,10.33,-0.01,669,691077,卖盘
1820,10:38:46,10.34,-0.01,45,46530,卖盘
1821,10:38:40,10.35,--,215,222525,买盘
1822,10:38:34,10.35,0.01,10,10350,买盘
1823,10:38:31,10.34,-0.01,538,556292,中性盘
1824,10:38:25,10.35,0.01,128,132480,买盘
1825,10:38:19,10.34,--,7,7238,买盘
1826,10:38:16,10.34,-0.01,486,503103,卖盘
1827,10:38:10,10.35,--,25,25875,买盘
1828,10:38:04,10.35,0.01,268,277380,买盘
1829,10:38:01,10.34,--,199,205766,卖盘
1830,10:37:55,10.34,-0.01,727,751718,卖盘
1831,10:37:49,10.35,--,627,649369,买盘
1832,10:37:46,10.35,0.01,151,156285,买盘
1833,10:37:40,10.34,--,138,142692,卖盘
1834,10:37:34,10.34,-0.01,534,552187,卖盘
1835,10:37:31,10.35,--,20,20700,买盘
1836,10:37:25,10.35,0.01,47,48645,买盘
1837,10:37:19,10.34,--,67,69888,卖盘
1838,10:37:16,10.34,-0.01,108,111672,卖盘
1839,10:37:10,10.35,--,144,149040,买盘
1840,10:37:04,10.35,0.01,101,104535,买盘
1841,10:37:01,10.34,--,175,180950,卖盘
1842,10:36:55,10.34,-0.01,77,79618,卖盘
1843,10:36:49,10.35,--,38,39330,买盘
1844,10:36:46,10.35,0.01,132,137044,买盘
1845,10:36:40,10.34,-0.01,70,72380,卖盘
1846,10:36:34,10.35,--,82,84870,买盘
1847,10:36:31,10.35,--,70,72450,中性盘
1848,10:36:25,10.35,-0.01,283,292905,中性盘
1849,10:36:19,10.36,--,626,648536,买盘
1850,10:36:16,10.36,--,0,0,买盘
1851,10:36:10,10.36,0.02,1610,1667960,买盘
1852,10:36:04,10.34,-0.01,554,572836,卖盘
1853,10:36:01,10.35,--,50,51750,卖盘
1854,10:35:55,10.35,0.01,72,74520,卖盘
1855,10:35:49,10.34,-0.03,30,31020,卖盘
1856,10:35:46,10.37,0.01,238,246805,买盘
1857,10:35:40,10.36,0.01,208,215488,买盘
1858,10:35:34,10.35,-0.01,843,872505,卖盘
1859,10:35:31,10.36,0.01,89,92204,买盘
1860,10:35:25,10.35,-0.01,428,442980,卖盘
1861,10:35:19,10.36,--,101,104636,买盘
1862,10:35:16,10.36,0.01,28,29008,买盘
1863,10:35:10,10.35,-0.01,120,124200,卖盘
1864,10:35:04,10.36,0.01,204,211344,买盘
1865,10:35:01,10.35,--,84,86940,买盘
1866,10:34:55,10.35,--,661,684135,买盘
1867,10:34:49,10.35,0.01,124,128340,买盘
1868,10:34:46,10.34,--,105,108570,卖盘
1869,10:34:40,10.34,-0.01,130,134420,卖盘
1870,10:34:34,10.35,--,280,289800,买盘
1871,10:34:30,10.35,--,39,40365,买盘
1872,10:34:25,10.35,0.02,96,99360,买盘
1873,10:34:19,10.33,-0.01,132,136356,卖盘
1874,10:34:15,10.34,0.01,281,290554,买盘
1875,10:34:10,10.33,--,98,101234,卖盘
1876,10:34:04,10.33,-0.01,123,127059,卖盘
1877,10:34:00,10.34,0.01,144,148896,买盘
1878,10:33:55,10.33,-0.01,86,88838,卖盘
1879,10:33:49,10.34,-0.01,276,285384,卖盘
1880,10:33:45,10.35,0.01,8,8280,买盘
1881,10:33:40,10.34,--,158,163372,买盘
1882,10:33:34,10.34,-0.02,5,5170,中性盘
1883,10:33:30,10.36,--,317,328412,买盘
1884,10:33:25,10.36,0.01,219,226884,买盘
1885,10:33:19,10.35,-0.03,1082,1119870,卖盘
1886,10:33:15,10.38,--,6,6228,买盘
1887,10:33:10,10.38,--,225,233550,买盘
1888,10:33:04,10.38,-0.01,576,597888,卖盘
1889,10:33:00,10.39,0.01,307,318973,买盘
1890,10:32:55,10.38,-0.01,138,143244,卖盘
1891,10:32:49,10.39,-0.01,95,98705,卖盘
1892,10:32:45,10.4,--,46,47840,买盘
1893,10:32:40,10.4,-0.01,240,249745,卖盘
1894,10:32:34,10.41,0.01,483,502803,买盘
1895,10:32:30,10.4,-0.01,44,45760,卖盘
1896,10:32:25,10.41,--,1219,1268979,买盘
1897,10:32:19,10.41,--,161,167601,卖盘
1898,10:32:15,10.41,-0.01,182,189462,卖盘
1899,10:32:10,10.42,--,71,73982,买盘
1900,10:32:04,10.42,--,415,432430,卖盘
1901,10:32:00,10.42,--,50,52100,卖盘
1902,10:31:55,10.42,0.01,218,227156,买盘
1903,10:31:49,10.41,--,139,144699,卖盘
1904,10:31:45,10.41,--,10,10410,卖盘
1905,10:31:40,10.41,--,177,184257,卖盘
1906,10:31:34,10.41,-0.04,38,39558,卖盘
1907,10:31:30,10.45,0.04,210,219449,买盘
1908,10:31:25,10.41,-0.04,31,32271,卖盘
1909,10:31:19,10.45,0.05,621,648945,买盘
1910,10:31:15,10.4,--,152,158080,卖盘
1911,10:31:10,10.4,-0.06,1405,1461200,卖盘
1912,10:31:04,10.46,0.01,512,535552,买盘
1913,10:30:58,10.45,0.04,2645,2764881,买盘
1914,10:30:55,10.41,--,107,111387,买盘
1915,10:30:49,10.41,-0.04,559,581919,卖盘
1916,10:30:43,10.45,0.03,247,258114,买盘
1917,10:30:40,10.42,-0.02,153,159947,中性盘
1918,10:30:34,10.44,0.02,676,705744,买盘
1919,10:30:28,10.42,0.02,186,193812,中性盘
1920,10:30:25,10.4,--,224,232960,卖盘
1921,10:30:19,10.4,-0.03,284,295360,卖盘
1922,10:30:13,10.43,0.03,616,642863,买盘
1923,10:30:10,10.4,--,96,99840,卖盘
1924,10:30:04,10.4,--,102,106080,卖盘
1925,10:29:58,10.4,0.03,282,293280,买盘
1926,10:29:55,10.37,-0.03,217,225028,卖盘
1927,10:29:49,10.4,-0.05,185,192400,买盘
1928,10:29:43,10.45,0.05,509,531905,买盘
1929,10:29:40,10.4,-0.03,218,226907,卖盘
1930,10:29:34,10.43,0.02,265,276395,买盘
1931,10:29:28,10.41,0.01,264,274824,中性盘
1932,10:29:25,10.4,-0.03,332,345280,卖盘
1933,10:29:19,10.43,-0.04,130,135590,中性盘
1934,10:29:13,10.47,--,123,128781,买盘
1935,10:29:10,10.47,--,82,85854,买盘
1936,10:29:04,10.47,-0.01,176,184272,卖盘
1937,10:28:58,10.48,-0.02,250,262000,卖盘
1938,10:28:55,10.5,--,244,256200,卖盘
1939,10:28:49,10.5,--,482,506100,卖盘
1940,10:28:43,10.5,--,290,304500,卖盘
1941,10:28:40,10.5,-0.04,782,821100,卖盘
1942,10:28:34,10.54,--,499,525946,买盘
1943,10:28:28,10.54,--,3459,3645785,卖盘
1944,10:28:25,10.54,--,441,464813,卖盘
1945,10:28:19,10.54,--,1247,1314338,卖盘
1946,10:28:13,10.54,--,734,773635,卖盘
1947,10:28:10,10.54,-0.01,1016,1070864,卖盘
1948,10:28:04,10.55,0.01,4767,5029712,买盘
1949,10:27:58,10.54,-0.01,1398,1473555,卖盘
1950,10:27:55,10.55,--,1532,1616260,买盘
1951,10:27:49,10.55,--,1610,1698550,买盘
1952,10:27:43,10.55,0.01,7520,7933600,买盘
1953,10:27:39,10.54,-0.01,6312,6652847,卖盘
1954,10:27:34,10.55,0.01,3933,4149315,买盘
1955,10:27:28,10.54,0.07,8806,9281524,买盘
1956,10:27:24,10.47,0.02,624,653328,买盘
1957,10:27:19,10.45,--,516,539220,买盘
1958,10:27:13,10.45,0.1,4264,4456736,买盘
1959,10:27:09,10.35,0.05,416,430560,买盘
1960,10:27:04,10.3,--,1099,1131970,买盘
1961,10:26:58,10.3,0.02,2964,3052920,买盘
1962,10:26:54,10.28,-0.01,657,675396,卖盘
1963,10:26:49,10.29,0.01,1528,1573238,买盘
1964,10:26:43,10.28,0.02,1494,1535832,买盘
1965,10:26:39,10.26,-0.02,48,49248,卖盘
1966,10:26:34,10.28,0.01,1431,1471068,买盘
1967,10:26:28,10.27,0.02,2002,2056054,买盘
1968,10:26:24,10.25,--,2620,2685500,买盘
1969,10:26:19,10.25,0.01,111,113775,买盘
1970,10:26:13,10.24,0.01,842,862310,买盘
1971,10:26:09,10.23,--,102,104346,卖盘
1972,10:26:04,10.23,--,159,162657,卖盘
1973,10:25:58,10.23,--,146,149358,买盘
1974,10:25:54,10.23,0.01,93,95139,买盘
1975,10:25:49,10.22,-0.01,165,168630,卖盘
1976,10:25:43,10.23,0.01,185,189255,买盘
1977,10:25:39,10.22,0.01,203,207466,买盘
1978,10:25:34,10.21,-0.01,218,222578,卖盘
1979,10:25:28,10.22,0.01,418,427196,买盘
1980,10:25:24,10.21,-0.01,163,166423,卖盘
1981,10:25:19,10.22,--,160,163520,买盘
1982,10:25:13,10.22,--,116,118552,买盘
1983,10:25:09,10.22,--,192,196224,买盘
1984,10:25:04,10.22,--,168,171696,卖盘
1985,10:24:58,10.22,-0.02,616,629552,卖盘
1986,10:24:54,10.24,0.02,254,260096,买盘
1987,10:24:49,10.22,--,289,295358,卖盘
1988,10:24:43,10.22,-0.03,199,203378,卖盘
1989,10:24:39,10.25,0.01,281,288025,买盘
1990,10:24:34,10.24,0.02,420,430080,买盘
1991,10:24:28,10.22,-0.02,117,119574,卖盘
1992,10:24:24,10.24,0.01,122,124928,买盘
1993,10:24:19,10.23,--,168,171864,买盘
1994,10:24:13,10.23,-0.02,246,252169,卖盘
1995,10:24:09,10.25,0.02,381,391037,买盘
1996,10:24:04,10.23,-0.01,159,162657,卖盘
1997,10:23:58,10.24,-0.01,91,93184,中性盘
1998,10:23:53,10.25,-0.01,404,414100,买盘
1999,10:23:49,10.26,0.01,19,19494,买盘
2000,10:23:43,10.25,--,172,176300,买盘
2001,10:23:39,10.25,-0.01,128,131200,卖盘
2002,10:23:34,10.26,0.01,313,321138,买盘
2003,10:23:28,10.25,--,305,312625,卖盘
2004,10:23:24,10.25,--,740,758500,卖盘
2005,10:23:19,10.25,--,40,41000,卖盘
2006,10:23:13,10.25,0.01,413,423325,买盘
2007,10:23:07,10.24,-0.02,114,116736,买盘
2008,10:23:04,10.26,--,434,445284,买盘
2009,10:22:58,10.26,0.02,280,287280,买盘
2010,10:22:52,10.24,--,985,1008640,卖盘
2011,10:22:49,10.24,--,1216,1245184,卖盘
2012,10:22:43,10.24,-0.01,172,176128,卖盘
2013,10:22:37,10.25,0.01,614,629350,买盘
2014,10:22:34,10.24,--,305,312320,卖盘
2015,10:22:28,10.24,--,293,300032,买盘
2016,10:22:22,10.24,--,898,919552,卖盘
2017,10:22:19,10.24,--,346,354304,买盘
2018,10:22:13,10.24,0.01,675,691200,买盘
2019,10:22:07,10.23,--,184,188232,买盘
2020,10:22:04,10.23,--,35,35805,买盘
2021,10:21:58,10.23,0.03,610,624030,买盘
2022,10:21:52,10.2,--,117,119339,卖盘
2023,10:21:49,10.2,--,1676,1709519,买盘
2024,10:21:43,10.2,0.01,116,118319,买盘
2025,10:21:37,10.19,--,497,506443,买盘
2026,10:21:33,10.19,0.01,174,177306,买盘
2027,10:21:28,10.18,--,100,101800,卖盘
2028,10:21:22,10.18,0.02,558,568400,买盘
2029,10:21:18,10.16,--,35,35560,买盘
2030,10:21:13,10.16,-0.02,627,637032,卖盘
2031,10:21:07,10.18,--,156,158808,买盘
2032,10:21:04,10.18,0.01,96,97728,买盘
2033,10:20:58,10.17,0.01,90,91530,买盘
2034,10:20:52,10.16,--,53,53848,卖盘
2035,10:20:48,10.16,-0.01,12,12192,卖盘
2036,10:20:43,10.17,--,37,37629,买盘
2037,10:20:37,10.17,0.01,17,17289,买盘
2038,10:20:33,10.16,-0.01,40,40640,卖盘
2039,10:20:28,10.17,0.01,33,33561,买盘
2040,10:20:22,10.16,--,121,122936,卖盘
2041,10:20:18,10.16,--,156,158496,卖盘
2042,10:20:13,10.16,--,20,20320,卖盘
2043,10:20:07,10.16,-0.01,17,17272,中性盘
2044,10:20:03,10.17,0.01,17,17289,买盘
2045,10:19:58,10.16,0.01,15,15240,买盘
2046,10:19:52,10.15,-0.02,37,37555,卖盘
2047,10:19:48,10.17,--,0,0,买盘
2048,10:19:43,10.17,--,81,82377,买盘
2049,10:19:37,10.17,0.02,28,28476,买盘
2050,10:19:33,10.15,--,57,57855,卖盘
2051,10:19:28,10.15,--,83,84245,卖盘
2052,10:19:22,10.15,--,61,61915,卖盘
2053,10:19:18,10.15,--,131,132965,卖盘
2054,10:19:13,10.15,--,44,44660,卖盘
2055,10:19:07,10.15,-0.01,29,29435,卖盘
2056,10:19:03,10.16,0.01,62,62992,买盘
2057,10:18:58,10.15,--,96,97440,买盘
2058,10:18:52,10.15,--,33,33495,买盘
2059,10:18:48,10.15,--,51,51765,买盘
2060,10:18:43,10.15,-0.01,62,62930,卖盘
2061,10:18:37,10.16,--,6,6096,买盘
2062,10:18:33,10.16,--,1,1016,买盘
2063,10:18:28,10.16,0.02,6,6096,买盘
2064,10:18:22,10.14,--,149,151086,卖盘
2065,10:18:18,10.14,--,5,5070,卖盘
2066,10:18:13,10.14,-0.01,36,36504,卖盘
2067,10:18:07,10.15,-0.01,27,27405,买盘
2068,10:18:03,10.16,0.01,20,20320,买盘
2069,10:17:58,10.15,-0.02,37,37555,卖盘
2070,10:17:52,10.17,0.01,63,64071,买盘
2071,10:17:43,10.16,-0.01,33,33528,中性盘
2072,10:17:37,10.17,0.02,103,104751,买盘
2073,10:17:33,10.15,--,82,83230,卖盘
2074,10:17:28,10.15,--,81,82215,卖盘
2075,10:17:22,10.15,--,81,82215,卖盘
2076,10:17:18,10.15,--,57,57855,卖盘
2077,10:17:13,10.15,--,35,35525,卖盘
2078,10:17:07,10.15,-0.01,43,43645,中性盘
2079,10:17:03,10.16,0.01,500,508508,买盘
2080,10:16:58,10.15,-0.01,50,50750,卖盘
2081,10:16:52,10.16,--,10,10160,买盘
2082,10:16:48,10.16,--,337,343062,卖盘
2083,10:16:43,10.16,--,1,1016,卖盘
2084,10:16:37,10.16,-0.01,57,57912,卖盘
2085,10:16:33,10.17,0.01,74,75258,买盘
2086,10:16:28,10.16,--,100,101600,卖盘
2087,10:16:22,10.16,0.01,211,214721,买盘
2088,10:16:18,10.15,-0.01,58,58870,卖盘
2089,10:16:13,10.16,--,0,0,买盘
2090,10:16:07,10.16,0.01,50,50800,买盘
2091,10:16:03,10.15,--,72,73080,买盘
2092,10:15:58,10.15,0.01,10,10150,买盘
2093,10:15:52,10.14,-0.01,21,21294,卖盘
2094,10:15:46,10.15,0.01,65,65975,买盘
2095,10:15:43,10.14,--,10,10140,卖盘
2096,10:15:37,10.14,-0.02,32,32448,卖盘
2097,10:15:31,10.16,0.02,76,77216,买盘
2098,10:15:28,10.14,-0.02,41,41574,卖盘
2099,10:15:22,10.16,0.01,70,71120,买盘
2100,10:15:16,10.15,-0.01,48,48720,买盘
2101,10:15:07,10.16,--,70,71120,买盘
2102,10:15:01,10.16,--,73,74168,买盘
2103,10:14:57,10.16,0.01,30,30480,买盘
2104,10:14:52,10.15,--,45,45675,卖盘
2105,10:14:46,10.15,-0.01,88,89320,卖盘
2106,10:14:42,10.16,--,0,0,买盘
2107,10:14:37,10.16,--,242,245872,买盘
2108,10:14:31,10.16,--,29,29464,买盘
2109,10:14:27,10.16,0.01,45,45720,买盘
2110,10:14:22,10.15,--,19,19285,买盘
2111,10:14:16,10.15,-0.01,79,80185,买盘
2112,10:14:12,10.16,0.01,50,50800,买盘
2113,10:14:07,10.15,--,43,43645,买盘
2114,10:14:01,10.15,-0.01,13,13195,中性盘
2115,10:13:57,10.16,0.01,70,71120,买盘
2116,10:13:52,10.15,--,24,24360,卖盘
2117,10:13:46,10.15,-0.01,52,52780,中性盘
2118,10:13:42,10.16,0.02,640,650240,买盘
2119,10:13:37,10.14,-0.02,47,47658,卖盘
2120,10:13:31,10.16,0.02,57,57912,买盘
2121,10:13:27,10.14,--,155,157170,卖盘
2122,10:13:22,10.14,--,26,26364,卖盘
2123,10:13:16,10.14,--,105,106470,卖盘
2124,10:13:12,10.14,--,204,206856,卖盘
2125,10:13:07,10.14,-0.01,57,57798,卖盘
2126,10:13:01,10.15,-0.02,29,29435,中性盘
2127,10:12:57,10.17,--,66,67122,买盘
2128,10:12:52,10.17,0.03,31,31527,买盘
2129,10:12:46,10.14,-0.02,129,130806,卖盘
2130,10:12:42,10.16,--,0,0,买盘
2131,10:12:37,10.16,0.02,227,230632,买盘
2132,10:12:31,10.14,--,198,200772,卖盘
2133,10:12:27,10.14,-0.02,62,62868,卖盘
2134,10:12:22,10.16,0.02,52,52832,买盘
2135,10:12:16,10.14,-0.01,57,57798,卖盘
2136,10:12:12,10.15,--,28,28420,买盘
2137,10:12:07,10.15,--,9,9135,买盘
2138,10:12:01,10.15,--,95,96425,买盘
2139,10:11:57,10.15,--,49,49735,买盘
2140,10:11:52,10.15,0.01,76,77140,买盘
2141,10:11:46,10.14,--,101,102414,卖盘
2142,10:11:42,10.14,-0.01,15,15210,卖盘
2143,10:11:37,10.15,--,21,21315,买盘
2144,10:11:31,10.15,--,54,54810,买盘
2145,10:11:27,10.15,--,79,80185,买盘
2146,10:11:22,10.15,--,35,35525,卖盘
2147,10:11:16,10.15,-0.01,26,26390,卖盘
2148,10:11:12,10.16,-0.01,396,402336,卖盘
2149,10:11:01,10.17,--,293,297981,买盘
2150,10:10:57,10.17,0.01,86,87462,买盘
2151,10:10:52,10.16,--,39,39624,卖盘
2152,10:10:46,10.16,--,83,84328,卖盘
2153,10:10:42,10.16,--,100,101600,买盘
2154,10:10:37,10.16,0.01,75,76200,买盘
2155,10:10:31,10.15,-0.01,26,26390,中性盘
2156,10:10:27,10.16,--,48,48768,买盘
2157,10:10:22,10.16,0.02,49,49784,买盘
2158,10:10:16,10.14,-0.02,52,52728,卖盘
2159,10:10:12,10.16,0.02,155,157480,买盘
2160,10:10:07,10.14,--,0,0,卖盘
2161,10:10:01,10.14,-0.01,65,65910,卖盘
2162,10:09:57,10.15,-0.01,258,262874,卖盘
2163,10:09:52,10.16,--,58,58928,买盘
2164,10:09:46,10.16,--,205,208280,买盘
2165,10:09:42,10.16,--,112,113792,买盘
2166,10:09:37,10.16,--,1,1016,买盘
2167,10:09:31,10.16,--,84,85344,买盘
2168,10:09:26,10.16,--,58,58928,买盘
2169,10:09:22,10.16,--,14,14224,买盘
2170,10:09:16,10.16,--,138,140208,买盘
2171,10:09:12,10.16,0.01,101,102616,买盘
2172,10:09:01,10.15,-0.01,97,98455,卖盘
2173,10:08:55,10.16,0.01,19,19304,买盘
2174,10:08:52,10.15,-0.01,76,77140,卖盘
2175,10:08:46,10.16,0.01,17,17272,买盘
2176,10:08:40,10.15,0.01,179,181695,买盘
2177,10:08:36,10.14,-0.01,18,18252,卖盘
2178,10:08:31,10.15,0.01,49,49735,买盘
2179,10:08:25,10.14,--,222,225108,卖盘
2180,10:08:21,10.14,--,71,71994,卖盘
2181,10:08:16,10.14,-0.01,155,157170,卖盘
2182,10:08:10,10.15,--,66,66990,买盘
2183,10:08:01,10.15,0.02,192,194880,买盘
2184,10:07:55,10.13,--,80,81040,卖盘
2185,10:07:51,10.13,--,26,26338,卖盘
2186,10:07:46,10.13,0.01,100,101806,买盘
2187,10:07:40,10.12,-0.01,205,207459,卖盘
2188,10:07:36,10.13,--,149,150937,买盘
2189,10:07:31,10.13,0.01,60,60780,买盘
2190,10:07:25,10.12,-0.01,336,340032,卖盘
2191,10:07:21,10.13,--,67,67871,买盘
2192,10:07:16,10.13,--,87,88131,买盘
2193,10:07:10,10.13,0.01,139,140807,卖盘
2194,10:07:06,10.12,--,85,86020,卖盘
2195,10:07:01,10.12,--,173,175076,卖盘
2196,10:06:55,10.12,--,94,95127,卖盘
2197,10:06:51,10.12,-0.01,107,108466,卖盘
2198,10:06:46,10.13,--,460,465980,买盘
2199,10:06:40,10.13,--,14,14182,买盘
2200,10:06:36,10.13,--,71,71923,买盘
2201,10:06:31,10.13,--,216,219810,卖盘
2202,10:06:25,10.13,--,38,38494,卖盘
2203,10:06:21,10.13,--,516,522708,卖盘
2204,10:06:16,10.13,-0.01,334,338352,卖盘
2205,10:06:10,10.14,--,77,78078,买盘
2206,10:06:06,10.14,0.01,272,275808,买盘
2207,10:06:01,10.13,-0.01,47,47611,卖盘
2208,10:05:55,10.14,--,102,103428,买盘
2209,10:05:51,10.14,--,172,174408,买盘
2210,10:05:46,10.14,--,63,63882,卖盘
2211,10:05:40,10.14,--,112,113568,卖盘
2212,10:05:36,10.14,--,27,27378,卖盘
2213,10:05:31,10.14,--,154,156156,卖盘
2214,10:05:25,10.14,-0.01,91,92274,卖盘
2215,10:05:21,10.15,0.01,41,41615,买盘
2216,10:05:15,10.14,-0.01,4,4056,卖盘
2217,10:05:10,10.15,--,141,143115,卖盘
2218,10:05:06,10.15,--,298,302470,卖盘
2219,10:05:01,10.15,-0.01,62,62930,卖盘
2220,10:04:55,10.16,0.01,183,185928,买盘
2221,10:04:51,10.15,-0.02,249,252735,卖盘
2222,10:04:40,10.17,0.02,40,40680,买盘
2223,10:04:36,10.15,--,76,77140,卖盘
2224,10:04:30,10.15,-0.01,61,61915,卖盘
2225,10:04:25,10.16,0.01,86,87376,卖盘
2226,10:04:21,10.15,-0.03,178,180670,卖盘
2227,10:04:16,10.18,--,12,12216,买盘
2228,10:04:10,10.18,0.02,15,15270,买盘
2229,10:04:06,10.16,--,16,16256,卖盘
2230,10:04:00,10.16,-0.03,624,633984,卖盘
2231,10:03:55,10.19,0.02,106,108014,买盘
2232,10:03:51,10.17,-0.02,30,30510,卖盘
2233,10:03:45,10.19,0.03,90,91710,买盘
2234,10:03:40,10.16,--,46,46736,卖盘
2235,10:03:36,10.16,-0.01,64,65024,卖盘
2236,10:03:30,10.17,-0.01,434,441378,中性盘
2237,10:03:25,10.18,--,38,38684,买盘
2238,10:03:21,10.18,0.02,122,124196,买盘
2239,10:03:15,10.16,--,0,0,卖盘
2240,10:03:10,10.16,-0.01,402,408432,卖盘
2241,10:03:06,10.17,-0.02,96,97632,卖盘
2242,10:03:00,10.19,0.02,69,70311,买盘
2243,10:02:55,10.17,-0.02,64,65088,卖盘
2244,10:02:51,10.19,-0.01,132,134508,卖盘
2245,10:02:45,10.2,-0.01,6,6120,中性盘
2246,10:02:40,10.21,-0.01,33,33693,中性盘
2247,10:02:36,10.22,0.01,52,53144,买盘
2248,10:02:30,10.21,0.02,30,30630,买盘
2249,10:02:25,10.19,-0.02,119,121261,卖盘
2250,10:02:21,10.21,0.01,94,95974,卖盘
2251,10:02:15,10.2,--,0,0,卖盘
2252,10:02:10,10.2,-0.01,133,135660,卖盘
2253,10:02:05,10.21,0.01,101,103121,买盘
2254,10:02:00,10.2,-0.01,39,39780,买盘
2255,10:01:55,10.21,0.05,74,75554,买盘
2256,10:01:51,10.16,-0.04,295,299720,卖盘
2257,10:01:45,10.2,--,10,10200,买盘
2258,10:01:40,10.2,--,140,142800,买盘
2259,10:01:36,10.2,--,104,106079,买盘
2260,10:01:30,10.2,--,75,76500,买盘
2261,10:01:25,10.2,0.01,177,180540,买盘
2262,10:01:19,10.19,0.01,57,58083,买盘
2263,10:01:15,10.18,0.02,8,8144,买盘
2264,10:01:10,10.16,-0.02,136,138176,卖盘
2265,10:01:04,10.18,--,78,79404,买盘
2266,10:01:00,10.18,0.02,41,41738,买盘
2267,10:00:55,10.16,-0.03,48,48768,卖盘
2268,10:00:49,10.19,0.01,80,81520,买盘
2269,10:00:45,10.18,--,29,29522,卖盘
2270,10:00:40,10.18,0.01,88,89584,买盘
2271,10:00:34,10.17,-0.01,33,33561,卖盘
2272,10:00:30,10.18,0.01,1,1018,买盘
2273,10:00:25,10.17,--,258,262386,卖盘
2274,10:00:19,10.17,--,47,47799,卖盘
2275,10:00:15,10.17,-0.01,45,45765,卖盘
2276,10:00:10,10.18,0.01,190,193420,买盘
2277,10:00:04,10.17,0.01,90,91530,买盘
2278,10:00:00,10.16,-0.01,89,90424,卖盘
2279,09:59:55,10.17,--,8,8136,买盘
2280,09:59:49,10.17,-0.03,392,398664,卖盘
2281,09:59:40,10.2,0.02,130,132600,买盘
2282,09:59:34,10.18,-0.02,190,193420,卖盘
2283,09:59:30,10.2,--,9,9180,买盘
2284,09:59:25,10.2,--,401,409020,买盘
2285,09:59:19,10.2,--,740,754800,卖盘
2286,09:59:15,10.2,-0.01,80,81600,卖盘
2287,09:59:10,10.21,0.01,54,55134,买盘
2288,09:59:04,10.2,-0.01,184,187680,卖盘
2289,09:59:00,10.21,0.01,54,55134,买盘
2290,09:58:55,10.2,-0.01,43,43860,卖盘
2291,09:58:49,10.21,--,191,195011,卖盘
2292,09:58:45,10.21,-0.01,34,34714,卖盘
2293,09:58:40,10.22,--,25,25550,买盘
2294,09:58:34,10.22,-0.03,101,103222,中性盘
2295,09:58:30,10.25,0.04,40,41000,买盘
2296,09:58:24,10.21,-0.03,32,32672,卖盘
2297,09:58:19,10.24,-0.01,71,72704,买盘
2298,09:58:15,10.25,--,183,187575,卖盘
2299,09:58:09,10.25,--,187,191675,买盘
2300,09:58:04,10.25,-0.01,79,80975,买盘
2301,09:58:00,10.26,0.01,125,128250,买盘
2302,09:57:54,10.25,0.01,1027,1052675,买盘
2303,09:57:49,10.24,--,72,73728,卖盘
2304,09:57:45,10.24,--,142,145408,卖盘
2305,09:57:39,10.24,-0.02,75,76800,卖盘
2306,09:57:34,10.26,--,58,59508,卖盘
2307,09:57:30,10.26,0.02,179,183654,买盘
2308,09:57:24,10.24,--,99,101376,卖盘
2309,09:57:19,10.24,--,1223,1252352,卖盘
2310,09:57:15,10.24,--,127,130048,卖盘
2311,09:57:09,10.24,-0.01,26,26624,卖盘
2312,09:57:04,10.25,-0.01,13,13325,买盘
2313,09:57:00,10.26,0.01,666,684126,买盘
2314,09:56:54,10.25,--,44,45100,卖盘
2315,09:56:49,10.25,--,509,521725,卖盘
2316,09:56:45,10.25,--,224,229600,卖盘
2317,09:56:39,10.25,--,31,31775,卖盘
2318,09:56:34,10.25,--,117,119925,卖盘
2319,09:56:30,10.25,--,396,406115,买盘
2320,09:56:24,10.25,--,95,97672,卖盘
2321,09:56:19,10.25,--,257,263425,卖盘
2322,09:56:15,10.25,--,210,215250,卖盘
2323,09:56:09,10.25,--,73,74825,卖盘
2324,09:56:04,10.25,-0.01,140,143500,卖盘
2325,09:56:00,10.26,0.03,212,218240,买盘
2326,09:55:54,10.23,--,165,168795,卖盘
2327,09:55:49,10.23,--,660,675180,卖盘
2328,09:55:45,10.23,--,76,77748,卖盘
2329,09:55:39,10.23,-0.02,123,125829,卖盘
2330,09:55:34,10.25,0.05,2523,2586075,买盘
2331,09:55:30,10.2,-0.03,40,40800,卖盘
2332,09:55:24,10.23,0.03,70,71610,买盘
2333,09:55:19,10.2,-0.02,405,413100,卖盘
2334,09:55:14,10.22,0.02,162,165564,买盘
2335,09:55:09,10.2,-0.01,114,116279,卖盘
2336,09:55:04,10.21,--,29,29609,卖盘
2337,09:54:59,10.21,--,188,191948,卖盘
2338,09:54:54,10.21,--,50,51050,卖盘
2339,09:54:49,10.21,-0.01,162,165402,卖盘
2340,09:54:44,10.22,-0.01,97,99134,买盘
2341,09:54:39,10.23,0.01,43,43989,买盘
2342,09:54:34,10.22,--,309,315798,卖盘
2343,09:54:29,10.22,--,222,226884,卖盘
2344,09:54:24,10.22,--,141,144102,卖盘
2345,09:54:19,10.22,--,104,106288,卖盘
2346,09:54:14,10.22,-0.01,72,73584,卖盘
2347,09:54:09,10.23,--,100,102300,买盘
2348,09:54:04,10.23,--,173,176979,卖盘
2349,09:53:59,10.23,-0.02,303,309969,卖盘
2350,09:53:54,10.25,0.02,110,112750,买盘
2351,09:53:49,10.23,--,170,173910,卖盘
2352,09:53:43,10.23,-0.01,1048,1072104,卖盘
2353,09:53:39,10.24,--,81,82944,买盘
2354,09:53:34,10.24,0.01,195,199680,买盘
2355,09:53:28,10.23,-0.01,44,45012,卖盘
2356,09:53:24,10.24,0.01,13,13312,买盘
2357,09:53:19,10.23,--,154,157542,卖盘
2358,09:53:13,10.23,--,112,114576,卖盘
2359,09:53:09,10.23,0.01,10,10230,中性盘
2360,09:53:04,10.22,--,486,496692,卖盘
2361,09:52:58,10.22,0.01,196,200312,卖盘
2362,09:52:54,10.21,--,0,0,卖盘
2363,09:52:49,10.21,-0.03,145,148045,卖盘
2364,09:52:43,10.24,0.02,792,811008,买盘
2365,09:52:39,10.22,--,1091,1115002,买盘
2366,09:52:34,10.22,-0.01,1037,1059814,卖盘
2367,09:52:28,10.23,0.01,437,447051,买盘
2368,09:52:24,10.22,-0.02,71,72562,卖盘
2369,09:52:19,10.24,0.01,816,835584,买盘
2370,09:52:13,10.23,0.02,2110,2158530,买盘
2371,09:52:09,10.21,--,51,52071,卖盘
2372,09:52:04,10.21,0.01,360,367560,买盘
2373,09:51:58,10.2,--,98,99960,卖盘
2374,09:51:54,10.2,--,343,349860,买盘
2375,09:51:49,10.2,--,57,58139,买盘
2376,09:51:43,10.2,-0.01,54,55079,中性盘
2377,09:51:39,10.21,--,19,19399,买盘
2378,09:51:33,10.21,-0.02,10,10210,买盘
2379,09:51:28,10.23,0.01,20,20460,买盘
2380,09:51:24,10.22,0.01,435,445489,中性盘
2381,09:51:18,10.21,--,613,625873,卖盘
2382,09:51:13,10.21,-0.01,297,303237,卖盘
2383,09:51:09,10.22,0.01,43,43946,买盘
2384,09:51:03,10.21,--,33,33693,卖盘
2385,09:50:58,10.21,--,382,390022,卖盘
2386,09:50:54,10.21,0.04,1770,1807272,买盘
2387,09:50:48,10.17,0.01,41,41697,买盘
2388,09:50:43,10.16,--,148,150368,卖盘
2389,09:50:39,10.16,--,33,33528,卖盘
2390,09:50:33,10.16,--,71,72136,卖盘
2391,09:50:28,10.16,--,79,80264,卖盘
2392,09:50:24,10.16,0.01,786,798576,买盘
2393,09:50:18,10.15,0.03,43,43645,买盘
2394,09:50:13,10.12,-0.02,42,42504,卖盘
2395,09:50:09,10.14,-0.02,56,56784,中性盘
2396,09:50:03,10.16,0.01,341,346456,买盘
2397,09:49:58,10.15,--,152,154280,卖盘
2398,09:49:54,10.15,-0.02,55,55825,卖盘
2399,09:49:48,10.17,--,0,0,买盘
2400,09:49:43,10.17,0.01,383,389511,买盘
2401,09:49:39,10.16,--,471,478536,卖盘
2402,09:49:33,10.16,--,406,412496,卖盘
2403,09:49:28,10.16,--,55,55880,卖盘
2404,09:49:24,10.16,-0.01,7,7112,卖盘
2405,09:49:18,10.17,-0.01,42,42714,买盘
2406,09:49:13,10.18,-0.02,187,190366,卖盘
2407,09:49:08,10.2,-0.01,273,278460,买盘
2408,09:49:03,10.21,0.01,640,653440,买盘
2409,09:48:58,10.2,--,172,175440,卖盘
2410,09:48:53,10.2,--,154,157080,卖盘
2411,09:48:48,10.2,-0.01,248,252959,卖盘
2412,09:48:43,10.21,0.01,354,361434,买盘
2413,09:48:38,10.2,-0.01,943,961859,卖盘
2414,09:48:33,10.21,0.01,8,8168,买盘
2415,09:48:28,10.2,-0.01,68,69360,卖盘
2416,09:48:23,10.21,--,2186,2232916,卖盘
2417,09:48:18,10.21,--,62,63302,卖盘
2418,09:48:13,10.21,--,298,304258,卖盘
2419,09:48:08,10.21,--,86,87806,卖盘
2420,09:48:03,10.21,--,115,117415,卖盘
2421,09:47:58,10.21,--,387,395127,卖盘
2422,09:47:53,10.21,--,164,167444,卖盘
2423,09:47:48,10.21,--,81,82701,卖盘
2424,09:47:43,10.21,--,254,259334,卖盘
2425,09:47:38,10.21,--,1633,1667293,卖盘
2426,09:47:33,10.21,--,57,58197,卖盘
2427,09:47:28,10.21,--,143,146003,卖盘
2428,09:47:23,10.21,0.01,783,799453,买盘
2429,09:47:18,10.2,-0.01,37,37740,卖盘
2430,09:47:13,10.21,0.01,809,825989,买盘
2431,09:47:08,10.2,0.01,703,717060,买盘
2432,09:47:03,10.19,--,130,132470,卖盘
2433,09:46:58,10.19,--,149,151831,卖盘
2434,09:46:53,10.19,-0.01,319,325061,卖盘
2435,09:46:48,10.2,0.01,688,701760,买盘
2436,09:46:43,10.19,--,67,68273,买盘
2437,09:46:38,10.19,-0.01,227,231313,卖盘
2438,09:46:33,10.2,--,291,296820,卖盘
2439,09:46:28,10.2,--,156,159120,卖盘
2440,09:46:23,10.2,0.01,666,679320,买盘
2441,09:46:18,10.19,-0.01,677,689863,卖盘
2442,09:46:13,10.2,--,321,327420,买盘
2443,09:46:08,10.2,--,4,4079,买盘
2444,09:46:03,10.2,--,13,13259,买盘
2445,09:45:58,10.2,-0.02,1246,1271929,卖盘
2446,09:45:52,10.22,--,425,434360,卖盘
2447,09:45:48,10.22,--,338,345436,卖盘
2448,09:45:43,10.22,0.02,441,450702,买盘
2449,09:45:37,10.2,-0.01,310,316200,卖盘
2450,09:45:33,10.21,--,631,644251,买盘
2451,09:45:28,10.21,--,1086,1108806,卖盘
2452,09:45:22,10.21,--,495,505395,卖盘
2453,09:45:18,10.21,--,206,210326,卖盘
2454,09:45:13,10.21,0.01,752,767792,买盘
2455,09:45:07,10.2,0.02,319,325380,买盘
2456,09:45:03,10.18,-0.01,6,6108,卖盘
2457,09:44:57,10.19,--,23,23437,买盘
2458,09:44:52,10.19,-0.04,1776,1810253,卖盘
2459,09:44:48,10.23,-0.01,33,33759,买盘
2460,09:44:42,10.24,--,30,30720,买盘
2461,09:44:37,10.24,--,513,525312,卖盘
2462,09:44:33,10.24,--,968,991232,卖盘
2463,09:44:27,10.24,-0.01,154,157696,卖盘
2464,09:44:22,10.25,0.02,678,694950,买盘
2465,09:44:18,10.23,-0.02,166,169818,卖盘
2466,09:44:12,10.25,--,300,307500,卖盘
2467,09:44:07,10.25,--,331,339787,卖盘
2468,09:44:03,10.25,0.01,2494,2556350,买盘
2469,09:43:57,10.24,0.01,98,100352,买盘
2470,09:43:52,10.23,-0.02,1622,1659306,中性盘
2471,09:43:48,10.25,0.01,2018,2068450,买盘
2472,09:43:42,10.24,--,160,163840,卖盘
2473,09:43:37,10.24,0.02,409,418816,买盘
2474,09:43:33,10.22,--,778,795116,卖盘
2475,09:43:27,10.22,--,129,131838,卖盘
2476,09:43:22,10.22,0.02,143,146146,中性盘
2477,09:43:18,10.2,--,1201,1225020,卖盘
2478,09:43:12,10.2,--,140,142800,卖盘
2479,09:43:07,10.2,-0.06,1591,1622820,卖盘
2480,09:43:03,10.26,0.03,512,525312,买盘
2481,09:42:57,10.23,-0.03,8,8184,中性盘
2482,09:42:52,10.26,--,1374,1409724,卖盘
2483,09:42:48,10.26,--,917,940842,卖盘
2484,09:42:42,10.26,--,662,679212,卖盘
2485,09:42:37,10.26,--,189,193914,卖盘
2486,09:42:33,10.26,-0.01,250,256500,卖盘
2487,09:42:27,10.27,0.05,1296,1330992,买盘
2488,09:42:22,10.22,-0.04,503,514066,卖盘
2489,09:42:18,10.26,0.01,418,428868,买盘
2490,09:42:12,10.25,--,2299,2356475,卖盘
2491,09:42:07,10.25,--,492,504300,卖盘
2492,09:42:02,10.25,0.02,1320,1353000,买盘
2493,09:41:57,10.23,-0.04,20,20460,卖盘
2494,09:41:52,10.27,0.02,566,581282,买盘
2495,09:41:48,10.25,--,337,345425,卖盘
2496,09:41:42,10.25,--,678,694950,卖盘
2497,09:41:37,10.25,0.03,2968,3042200,买盘
2498,09:41:32,10.22,0.05,563,575386,中性盘
2499,09:41:27,10.17,-0.01,724,736308,卖盘
2500,09:41:22,10.18,-0.07,775,789459,卖盘
2501,09:41:17,10.25,0.12,1785,1830137,买盘
2502,09:41:12,10.13,--,597,604761,卖盘
2503,09:41:07,10.13,-0.05,365,369745,卖盘
2504,09:41:02,10.18,0.06,3137,3193466,买盘
2505,09:40:57,10.12,--,2,2023,卖盘
2506,09:40:52,10.12,0.01,1070,1082840,买盘
2507,09:40:47,10.11,0.02,1136,1148576,买盘
2508,09:40:42,10.09,-0.01,577,582193,卖盘
2509,09:40:37,10.1,0.01,1978,1997780,买盘
2510,09:40:32,10.09,0.02,2165,2184485,买盘
2511,09:40:27,10.07,0.01,545,548815,买盘
2512,09:40:22,10.06,-0.01,83,83498,中性盘
2513,09:40:17,10.07,0.02,1205,1213435,买盘
2514,09:40:12,10.05,0.03,413,415065,买盘
2515,09:40:07,10.02,0.01,855,856710,中性盘
2516,09:40:02,10.01,--,872,872872,卖盘
2517,09:39:57,10.01,--,326,326326,卖盘
2518,09:39:52,10.01,-0.01,116,116116,卖盘
2519,09:39:47,10.02,0.02,208,208416,买盘
2520,09:39:42,10.0,--,21,21000,卖盘
2521,09:39:37,10.0,-0.01,305,305000,卖盘
2522,09:39:32,10.01,--,482,482482,卖盘
2523,09:39:27,10.01,0.01,163,163163,中性盘
2524,09:39:22,10.0,--,712,712000,卖盘
2525,09:39:17,10.0,--,125,125000,卖盘
2526,09:39:12,10.0,--,157,157000,卖盘
2527,09:39:07,10.0,--,645,645000,卖盘
2528,09:39:02,10.0,--,1212,1212000,卖盘
2529,09:38:57,10.0,--,250,250000,卖盘
2530,09:38:52,10.0,-0.02,158,158000,卖盘
2531,09:38:47,10.02,0.02,3286,3292572,买盘
2532,09:38:42,10.0,-0.03,316,316000,卖盘
2533,09:38:37,10.03,0.01,135,135405,买盘
2534,09:38:32,10.02,-0.01,128,128256,卖盘
2535,09:38:27,10.03,--,4,4011,卖盘
2536,09:38:22,10.03,-0.01,11,11033,卖盘
2537,09:38:16,10.04,--,533,535132,卖盘
2538,09:38:12,10.04,-0.01,269,270076,卖盘
2539,09:38:06,10.05,--,1126,1131630,卖盘
2540,09:38:01,10.05,--,650,653250,卖盘
2541,09:37:57,10.05,-0.01,579,581895,卖盘
2542,09:37:51,10.06,0.01,1015,1021090,买盘
2543,09:37:46,10.05,0.01,289,290445,买盘
2544,09:37:42,10.04,-0.01,591,593364,卖盘
2545,09:37:36,10.05,--,451,453255,卖盘
2546,09:37:31,10.05,--,1355,1361775,卖盘
2547,09:37:27,10.05,-0.02,1340,1346700,卖盘
2548,09:37:21,10.07,0.02,765,770355,买盘
2549,09:37:16,10.05,--,425,427125,卖盘
2550,09:37:12,10.05,-0.01,463,465315,卖盘
2551,09:37:06,10.06,--,151,151906,卖盘
2552,09:37:01,10.06,-0.01,155,155930,卖盘
2553,09:36:57,10.07,0.01,371,373597,中性盘
2554,09:36:51,10.06,-0.01,484,486904,卖盘
2555,09:36:46,10.07,0.02,1815,1827705,买盘
2556,09:36:42,10.05,--,360,361800,卖盘
2557,09:36:36,10.05,--,248,249240,卖盘
2558,09:36:31,10.05,--,684,687420,卖盘
2559,09:36:27,10.05,--,174,174870,卖盘
2560,09:36:21,10.05,-0.01,141,141705,中性盘
2561,09:36:16,10.06,0.03,100,100600,买盘
2562,09:36:12,10.03,-0.03,65,65194,卖盘
2563,09:36:06,10.06,-0.02,52,52312,买盘
2564,09:36:01,10.08,0.02,1183,1192464,买盘
2565,09:35:56,10.06,-0.02,117,117702,卖盘
2566,09:35:51,10.08,0.02,689,694512,买盘
2567,09:35:46,10.06,--,645,648870,卖盘
2568,09:35:41,10.06,0.03,405,407430,中性盘
2569,09:35:36,10.03,--,64,64191,卖盘
2570,09:35:31,10.03,--,155,155465,卖盘
2571,09:35:27,10.03,0.01,223,223669,买盘
2572,09:35:21,10.02,--,351,351702,买盘
2573,09:35:16,10.02,-0.07,167,167334,卖盘
2574,09:35:11,10.09,0.06,458,462122,买盘
2575,09:35:06,10.03,-0.06,3,3009,中性盘
2576,09:35:01,10.09,0.05,590,595310,买盘
2577,09:34:56,10.04,0.01,675,677700,买盘
2578,09:34:51,10.03,0.01,2146,2152438,买盘
2579,09:34:46,10.02,--,2569,2574138,卖盘
2580,09:34:41,10.02,-0.01,286,286572,中性盘
2581,09:34:36,10.03,0.01,432,433296,买盘
2582,09:34:31,10.02,-0.01,2577,2582154,中性盘
2583,09:34:26,10.03,-0.01,198,198594,中性盘
2584,09:34:21,10.04,0.01,186,186743,买盘
2585,09:34:16,10.03,-0.02,1727,1732181,卖盘
2586,09:34:11,10.05,0.01,146,146730,买盘
2587,09:34:06,10.04,0.01,447,448787,中性盘
2588,09:34:01,10.03,-0.03,395,396686,卖盘
2589,09:33:56,10.06,0.06,370,372220,买盘
2590,09:33:51,10.0,-0.01,237,237000,卖盘
2591,09:33:46,10.01,--,326,326326,卖盘
2592,09:33:41,10.01,0.05,2435,2437435,买盘
2593,09:33:36,9.96,-0.01,111,110556,卖盘
2594,09:33:31,9.97,0.02,2423,2415731,买盘
2595,09:33:26,9.95,0.01,573,570135,买盘
2596,09:33:21,9.94,-0.01,503,499982,卖盘
2597,09:33:16,9.95,0.03,323,321424,买盘
2598,09:33:11,9.92,--,3179,3153568,卖盘
2599,09:33:06,9.92,--,292,289664,卖盘
2600,09:33:01,9.92,0.01,529,524817,买盘
2601,09:32:56,9.91,--,278,275498,卖盘
2602,09:32:51,9.91,--,23,22793,卖盘
2603,09:32:46,9.91,-0.02,255,252705,卖盘
2604,09:32:41,9.93,0.02,1044,1036692,买盘
2605,09:32:36,9.91,-0.01,84,83244,卖盘
2606,09:32:31,9.92,--,924,916608,卖盘
2607,09:32:26,9.92,0.01,3456,3428361,买盘
2608,09:32:21,9.91,--,44,43604,买盘
2609,09:32:16,9.91,0.01,1,991,中性盘
2610,09:32:11,9.9,-0.02,168,166320,卖盘
2611,09:32:06,9.92,-0.01,131,129952,卖盘
2612,09:32:01,9.93,0.01,1128,1120501,买盘
2613,09:31:56,9.92,--,461,457312,卖盘
2614,09:31:51,9.92,0.02,594,589248,买盘
2615,09:31:46,9.9,-0.04,1370,1356300,卖盘
2616,09:31:41,9.94,-0.01,1685,1674890,买盘
2617,09:31:36,9.95,0.01,748,744260,买盘
2618,09:31:30,9.94,--,374,371756,卖盘
2619,09:31:26,9.94,-0.01,483,480102,中性盘
2620,09:31:21,9.95,--,811,806945,卖盘
2621,09:31:15,9.95,--,175,174125,卖盘
2622,09:31:11,9.95,0.03,856,851719,买盘
2623,09:31:06,9.92,-0.03,546,541632,卖盘
2624,09:31:00,9.95,0.01,736,732320,买盘
2625,09:30:56,9.94,0.03,348,345912,买盘
2626,09:30:51,9.91,--,102,101082,卖盘
2627,09:30:45,9.91,0.01,87,86217,买盘
2628,09:30:41,9.9,--,343,339570,卖盘
2629,09:30:36,9.9,--,261,258390,卖盘
2630,09:30:30,9.9,0.06,389,385308,买盘
2631,09:30:25,9.84,-0.01,2232,2196288,卖盘
2632,09:30:21,9.85,--,310,305350,卖盘
2633,09:30:15,9.85,0.01,56,55160,中性盘
2634,09:30:10,9.84,--,1492,1468128,卖盘
2635,09:30:06,9.84,0.04,2569,2527896,买盘
2636,09:28:51,9.8,--,0,0,卖盘
2637,09:25:04,9.8,9.8,2271,2225580,买盘
