,time,price,change,volume,amount,type
0,15:00:00,17.53,--,0,0,卖盘
1,15:00:00,17.53,-0.01,0,0,卖盘
2,15:00:00,17.54,0.01,1,1754,买盘
3,14:59:57,17.53,--,155,271715,买盘
4,14:59:51,17.53,0.01,208,364624,买盘
5,14:59:46,17.52,-0.01,5,8760,卖盘
6,14:59:42,17.53,-0.01,135,236655,卖盘
7,14:59:36,17.54,--,5,8770,买盘
8,14:59:27,17.54,--,50,87700,买盘
9,14:59:21,17.54,--,25,43850,买盘
10,14:59:16,17.54,0.01,104,182416,买盘
11,14:59:12,17.53,--,162,283986,卖盘
12,14:59:01,17.53,-0.01,2,3506,卖盘
13,14:58:57,17.54,--,55,96470,买盘
14,14:58:51,17.54,0.01,3,5262,买盘
15,14:58:36,17.53,--,5,8765,卖盘
16,14:58:27,17.53,--,263,461039,卖盘
17,14:58:21,17.53,--,5,8765,卖盘
18,14:58:16,17.53,--,52,91156,卖盘
19,14:58:12,17.53,--,5,8765,卖盘
20,14:58:06,17.53,--,15,26295,卖盘
21,14:57:57,17.53,--,11,19283,买盘
22,14:57:51,17.53,--,5,8765,买盘
23,14:57:42,17.53,--,14,24542,买盘
24,14:57:36,17.53,--,34,59602,买盘
25,14:57:26,17.53,--,8,14024,买盘
26,14:57:21,17.53,-0.01,237,415461,卖盘
27,14:57:11,17.54,--,6,10524,买盘
28,14:57:06,17.54,0.01,55,96470,买盘
29,14:56:51,17.53,--,7,12271,卖盘
30,14:56:46,17.53,0.01,10,17530,买盘
31,14:56:41,17.52,-0.01,5,8760,卖盘
32,14:56:36,17.53,--,13,22789,买盘
33,14:56:26,17.53,0.01,41,71873,买盘
34,14:56:21,17.52,--,41,71832,卖盘
35,14:56:16,17.52,-0.01,4,7008,卖盘
36,14:56:11,17.53,--,6,10518,买盘
37,14:56:06,17.53,--,3,5259,买盘
38,14:56:01,17.53,--,5,8765,买盘
39,14:55:56,17.53,0.01,11,19283,买盘
40,14:55:51,17.52,-0.01,44,77088,卖盘
41,14:55:46,17.53,--,40,70120,买盘
42,14:55:31,17.53,0.01,10,17530,买盘
43,14:55:26,17.52,--,214,374928,卖盘
44,14:55:21,17.52,--,164,287328,卖盘
45,14:55:11,17.52,-0.01,6,10512,卖盘
46,14:55:06,17.53,-0.01,11,19283,卖盘
47,14:55:01,17.54,0.02,8,14032,买盘
48,14:54:51,17.52,--,0,0,卖盘
49,14:54:41,17.52,-0.01,6,10512,卖盘
50,14:54:36,17.53,0.01,9,15777,买盘
51,14:54:31,17.52,-0.01,22,38544,卖盘
52,14:54:26,17.53,--,50,87650,买盘
53,14:54:21,17.53,0.01,1,1753,买盘
54,14:54:16,17.52,--,111,194472,卖盘
55,14:53:51,17.52,-0.01,3,5256,卖盘
56,14:53:46,17.53,--,3,5259,买盘
57,14:53:25,17.53,0.01,7,12271,买盘
58,14:53:21,17.52,--,118,206736,买盘
59,14:53:06,17.52,0.01,2,3504,买盘
60,14:53:00,17.51,--,0,0,卖盘
61,14:52:55,17.51,--,6,10506,卖盘
62,14:52:30,17.51,--,10,17510,卖盘
63,14:52:21,17.51,-0.01,10,17510,卖盘
64,14:52:06,17.52,-0.01,11,19272,中性盘
65,14:52:00,17.53,--,1,1753,买盘
66,14:51:55,17.53,0.02,10,17530,买盘
67,14:51:51,17.51,-0.01,13,22763,卖盘
68,14:51:45,17.52,-0.01,53,92856,卖盘
69,14:51:36,17.53,0.01,11,19283,买盘
70,14:51:15,17.52,--,91,159432,买盘
71,14:51:06,17.52,0.02,2,3504,买盘
72,14:51:00,17.5,-0.01,88,154000,卖盘
73,14:50:51,17.51,-0.01,11,19261,中性盘
74,14:50:36,17.52,0.02,7,12264,买盘
75,14:50:30,17.5,--,146,255500,卖盘
76,14:50:25,17.5,-0.02,4,7000,卖盘
77,14:50:20,17.52,--,10,17520,买盘
78,14:50:15,17.52,--,2,3504,买盘
79,14:50:10,17.52,0.02,6,10512,买盘
80,14:50:05,17.5,-0.02,20,35000,卖盘
81,14:50:00,17.52,0.02,61,106872,买盘
82,14:49:55,17.5,--,6,10500,卖盘
83,14:49:50,17.5,--,31,54250,卖盘
84,14:49:45,17.5,--,3,5250,卖盘
85,14:49:40,17.5,--,37,64750,卖盘
86,14:49:35,17.5,--,24,42000,卖盘
87,14:49:30,17.5,--,0,0,卖盘
88,14:49:25,17.5,--,14,24500,卖盘
89,14:49:15,17.5,-0.02,77,134750,卖盘
90,14:49:10,17.52,-0.01,6,10512,中性盘
91,14:49:05,17.53,0.01,142,248926,买盘
92,14:49:00,17.52,0.02,14,24528,买盘
93,14:48:45,17.5,--,1,1750,卖盘
94,14:48:35,17.5,-0.02,95,166250,卖盘
95,14:48:15,17.52,--,9,15768,买盘
96,14:48:05,17.52,0.01,5,8760,买盘
97,14:48:00,17.51,0.01,2,3502,卖盘
98,14:47:55,17.5,--,0,0,卖盘
99,14:47:50,17.5,--,175,306250,卖盘
100,14:47:40,17.5,-0.01,5,8750,卖盘
101,14:47:35,17.51,--,10,17510,卖盘
102,14:47:30,17.51,0.01,3,5253,买盘
103,14:47:15,17.5,-0.01,2,3500,卖盘
104,14:47:10,17.51,-0.01,1,1751,买盘
105,14:47:00,17.52,--,0,0,买盘
106,14:46:45,17.52,0.03,62,108624,买盘
107,14:46:39,17.49,-0.03,100,174899,卖盘
108,14:46:30,17.52,--,4,7008,买盘
109,14:46:00,17.52,--,2,3504,买盘
110,14:45:54,17.52,--,5,8760,买盘
111,14:45:50,17.52,0.01,5,8760,买盘
112,14:45:34,17.51,--,10,17510,买盘
113,14:45:30,17.51,--,10,17510,中性盘
114,14:45:24,17.51,-0.02,1,1751,卖盘
115,14:45:19,17.53,0.03,244,427732,买盘
116,14:45:15,17.5,--,1,1750,卖盘
117,14:45:09,17.5,--,119,208250,卖盘
118,14:45:00,17.5,-0.01,6,10500,卖盘
119,14:44:54,17.51,-0.01,1,1751,卖盘
120,14:44:45,17.52,0.02,1,1752,买盘
121,14:44:39,17.5,-0.02,81,141750,卖盘
122,14:44:34,17.52,--,3,5256,买盘
123,14:44:24,17.52,0.02,8,14016,买盘
124,14:44:09,17.5,--,0,0,卖盘
125,14:43:45,17.5,-0.02,7,12250,卖盘
126,14:43:39,17.52,--,12,21024,买盘
127,14:43:19,17.52,0.02,2,3504,买盘
128,14:43:00,17.5,--,0,0,卖盘
129,14:42:54,17.5,-0.03,5,8750,卖盘
130,14:42:49,17.53,0.03,73,127969,买盘
131,14:42:44,17.5,-0.03,100,175000,卖盘
132,14:42:39,17.53,0.03,5,8765,买盘
133,14:42:29,17.5,-0.02,100,175000,卖盘
134,14:42:24,17.52,-0.01,1,1752,卖盘
135,14:42:19,17.53,0.01,17,29801,买盘
136,14:42:09,17.52,-0.01,30,52560,卖盘
137,14:41:39,17.53,--,3,5259,买盘
138,14:41:29,17.53,0.01,6,10518,买盘
139,14:41:24,17.52,--,5,8760,买盘
140,14:41:19,17.52,--,2,3504,买盘
141,14:41:14,17.52,--,3,5256,买盘
142,14:41:09,17.52,--,6,10512,买盘
143,14:40:59,17.52,-0.01,84,147168,卖盘
144,14:40:34,17.53,--,0,0,买盘
145,14:40:29,17.53,--,14,24542,买盘
146,14:40:24,17.53,-0.01,267,468051,中性盘
147,14:40:14,17.54,0.01,403,706862,买盘
148,14:40:09,17.53,--,10,17530,卖盘
149,14:39:48,17.53,--,0,0,中性盘
150,14:39:44,17.53,0.01,9,15777,买盘
151,14:39:39,17.52,-0.02,28,49056,卖盘
152,14:39:33,17.54,--,0,0,买盘
153,14:39:29,17.54,--,1,1754,买盘
154,14:39:24,17.54,--,42,73668,买盘
155,14:39:14,17.54,--,126,221004,买盘
156,14:39:09,17.54,--,34,59636,买盘
157,14:39:03,17.54,-0.01,87,152598,卖盘
158,14:38:59,17.55,--,20,35100,买盘
159,14:38:54,17.55,0.01,62,108810,买盘
160,14:38:48,17.54,--,2,3508,买盘
161,14:38:44,17.54,--,11,19294,买盘
162,14:38:39,17.54,--,19,33326,买盘
163,14:38:29,17.54,--,2,3508,买盘
164,14:38:24,17.54,--,7,12278,买盘
165,14:38:18,17.54,--,20,35080,买盘
166,14:38:09,17.54,--,5,8770,买盘
167,14:38:03,17.54,0.02,1,1754,买盘
168,14:37:54,17.52,--,0,0,卖盘
169,14:37:23,17.52,--,64,112128,卖盘
170,14:37:03,17.52,--,5,8760,卖盘
171,14:36:53,17.52,--,6,10512,卖盘
172,14:36:43,17.52,--,6,10512,卖盘
173,14:36:33,17.52,--,28,49056,买盘
174,14:36:28,17.52,--,2,3504,买盘
175,14:36:23,17.52,--,1,1752,买盘
176,14:36:18,17.52,--,30,52560,买盘
177,14:36:08,17.52,--,1,1752,买盘
178,14:36:03,17.52,0.01,24,42048,买盘
179,14:35:58,17.51,-0.01,4,7004,卖盘
180,14:35:43,17.52,-0.02,41,71832,卖盘
181,14:35:38,17.54,-0.01,15,26310,卖盘
182,14:35:33,17.55,--,109,191295,卖盘
183,14:35:28,17.55,-0.05,6,10530,卖盘
184,14:35:23,17.6,--,21,36960,买盘
185,14:35:18,17.6,0.05,16,28160,买盘
186,14:35:13,17.55,--,18,31590,卖盘
187,14:35:08,17.55,-0.05,2,3510,卖盘
188,14:35:03,17.6,0.05,30,52800,买盘
189,14:34:53,17.55,--,8,14040,卖盘
190,14:34:48,17.55,-0.03,32,56160,卖盘
191,14:34:43,17.58,--,2,3515,卖盘
192,14:34:38,17.58,0.03,4,7031,买盘
193,14:34:33,17.55,-0.03,11,19305,卖盘
194,14:34:28,17.58,--,0,0,买盘
195,14:34:23,17.58,0.02,30,52739,买盘
196,14:34:18,17.56,0.04,18,31607,买盘
197,14:34:13,17.52,-0.03,104,182208,卖盘
198,14:34:03,17.55,0.01,29,50895,买盘
199,14:33:48,17.54,0.02,8,14032,买盘
200,14:33:28,17.52,0.01,44,77088,买盘
201,14:33:23,17.51,--,2,3502,卖盘
202,14:33:18,17.51,--,1,1751,卖盘
203,14:33:13,17.51,0.01,133,232883,买盘
204,14:33:03,17.5,--,12,21000,买盘
205,14:32:33,17.5,0.01,20,35000,买盘
206,14:32:03,17.49,--,16,27983,买盘
207,14:31:48,17.49,--,10,17490,买盘
208,14:31:38,17.49,0.01,2,3497,买盘
209,14:31:27,17.48,-0.01,142,248216,卖盘
210,14:31:23,17.49,--,34,59465,买盘
211,14:31:18,17.49,0.01,169,295581,买盘
212,14:31:08,17.48,-0.01,0,17,卖盘
213,14:31:03,17.49,0.01,1,1748,买盘
214,14:30:57,17.48,--,5,8740,卖盘
215,14:30:48,17.48,--,25,43700,卖盘
216,14:30:42,17.48,-0.01,8,13984,卖盘
217,14:30:38,17.49,0.01,13,22736,买盘
218,14:30:33,17.48,-0.01,31,54188,卖盘
219,14:30:27,17.49,0.01,5,8745,买盘
220,14:30:18,17.48,--,16,27968,卖盘
221,14:30:12,17.48,--,6,10488,卖盘
222,14:30:08,17.48,-0.01,5,8740,卖盘
223,14:29:52,17.49,--,2,3497,买盘
224,14:29:27,17.49,--,9,15740,买盘
225,14:29:22,17.49,--,30,52469,买盘
226,14:29:17,17.49,-0.01,51,89198,卖盘
227,14:29:02,17.5,0.01,29,50750,买盘
228,14:28:57,17.49,--,2,3497,卖盘
229,14:28:52,17.49,-0.01,10,17490,买盘
230,14:28:37,17.5,--,0,0,买盘
231,14:28:17,17.5,0.02,10,17500,买盘
232,14:28:12,17.48,--,100,174800,卖盘
233,14:28:07,17.48,--,0,0,卖盘
234,14:28:02,17.48,-0.02,22,38456,卖盘
235,14:27:57,17.5,--,2,3500,买盘
236,14:27:52,17.5,--,286,500500,卖盘
237,14:27:42,17.5,-0.01,509,890750,卖盘
238,14:27:32,17.51,--,10,17510,买盘
239,14:27:22,17.51,--,11,19261,买盘
240,14:27:02,17.51,--,2,3502,买盘
241,14:26:57,17.51,--,1,1751,买盘
242,14:26:42,17.51,0.01,38,66538,买盘
243,14:26:32,17.5,0.01,14,24500,卖盘
244,14:26:17,17.49,--,10,17490,卖盘
245,14:25:57,17.49,--,0,0,卖盘
246,14:25:51,17.49,0.01,10,17490,卖盘
247,14:25:36,17.48,--,0,0,卖盘
248,14:25:32,17.48,-0.01,106,185288,卖盘
249,14:25:26,17.49,-0.01,21,36729,卖盘
250,14:25:21,17.5,--,39,68250,买盘
251,14:25:17,17.5,0.01,5,8750,买盘
252,14:25:12,17.49,-0.01,6,10493,卖盘
253,14:25:05,17.5,0.01,1,1750,买盘
254,14:25:02,17.49,-0.02,109,190640,卖盘
255,14:24:57,17.51,0.01,2,3502,买盘
256,14:24:32,17.5,0.01,123,215250,买盘
257,14:24:27,17.49,-0.01,16,27983,卖盘
258,14:24:21,17.5,0.02,13,22750,买盘
259,14:23:27,17.48,--,0,0,卖盘
260,14:23:20,17.48,--,1,1748,卖盘
261,14:23:17,17.48,-0.01,117,204516,卖盘
262,14:23:12,17.49,-0.01,1,1748,卖盘
263,14:23:06,17.5,-0.01,60,105000,卖盘
264,14:23:02,17.51,--,16,28016,买盘
265,14:22:57,17.51,--,4,7004,买盘
266,14:22:36,17.51,-0.01,9,15759,中性盘
267,14:22:11,17.52,0.02,2,3504,买盘
268,14:22:05,17.5,-0.02,22,38500,卖盘
269,14:21:35,17.52,--,3,5256,买盘
270,14:21:11,17.52,--,20,35040,买盘
271,14:21:05,17.52,--,1,1752,买盘
272,14:21:01,17.52,--,100,175200,买盘
273,14:20:51,17.52,0.02,86,150672,买盘
274,14:20:41,17.5,0.02,10,17500,买盘
275,14:20:35,17.48,--,118,206264,卖盘
276,14:20:26,17.48,-0.02,20,34960,卖盘
277,14:20:21,17.5,0.02,102,178500,买盘
278,14:20:16,17.48,--,4,6992,卖盘
279,14:19:56,17.48,--,20,34960,卖盘
280,14:19:41,17.48,--,3,5244,卖盘
281,14:19:26,17.48,-0.01,20,34960,卖盘
282,14:19:20,17.49,--,24,41975,买盘
283,14:19:16,17.49,--,1,1748,买盘
284,14:19:11,17.49,-0.01,156,272844,卖盘
285,14:18:59,17.5,0.01,3,5250,买盘
286,14:18:56,17.49,--,21,36729,卖盘
287,14:18:41,17.49,--,58,101441,卖盘
288,14:18:26,17.49,-0.01,21,36729,卖盘
289,14:18:20,17.5,0.01,5,8750,买盘
290,14:18:05,17.49,0.02,11,19239,买盘
291,14:17:56,17.47,-0.02,20,34940,卖盘
292,14:17:50,17.49,0.03,21,36729,买盘
293,14:17:35,17.46,--,0,0,卖盘
294,14:17:26,17.46,-0.03,148,258408,卖盘
295,14:17:05,17.49,0.03,3,5246,买盘
296,14:16:56,17.46,--,0,0,卖盘
297,14:16:26,17.46,--,21,36666,卖盘
298,14:16:20,17.46,--,59,103014,买盘
299,14:16:14,17.46,--,2,3492,买盘
300,14:16:11,17.46,--,6,10476,卖盘
301,14:16:05,17.46,--,0,0,中性盘
302,14:15:59,17.46,--,20,34920,买盘
303,14:15:56,17.46,--,0,0,中性盘
304,14:15:50,17.46,0.01,1,1746,买盘
305,14:15:44,17.45,-0.03,133,232085,卖盘
306,14:15:35,17.48,--,1,1748,买盘
307,14:15:26,17.48,--,1,1748,买盘
308,14:15:20,17.48,--,2,3496,买盘
309,14:15:14,17.48,--,8,13984,买盘
310,14:15:05,17.48,--,2,3496,买盘
311,14:14:59,17.48,--,2,3496,买盘
312,14:14:50,17.48,--,25,43700,买盘
313,14:14:35,17.48,0.03,2,3496,买盘
314,14:14:29,17.45,-0.02,119,207655,卖盘
315,14:14:20,17.47,--,1,1747,卖盘
316,14:14:14,17.47,--,1,1747,卖盘
317,14:13:55,17.47,0.02,8,13976,买盘
318,14:13:50,17.45,--,0,0,卖盘
319,14:13:44,17.45,--,0,0,卖盘
320,14:13:40,17.45,--,21,36645,卖盘
321,14:13:35,17.45,--,0,0,卖盘
322,14:13:29,17.45,--,115,200675,卖盘
323,14:13:25,17.45,-0.02,12,20940,卖盘
324,14:13:20,17.47,-0.01,19,33193,卖盘
325,14:13:14,17.48,0.03,100,174800,买盘
326,14:13:10,17.45,-0.03,17,29665,卖盘
327,14:13:05,17.48,--,1,1748,买盘
328,14:12:55,17.48,0.01,1001,1749748,买盘
329,14:12:50,17.47,-0.01,37,64638,卖盘
330,14:12:39,17.48,--,60,104880,买盘
331,14:12:20,17.48,-0.01,14,24472,卖盘
332,14:12:14,17.49,--,100,174899,买盘
333,14:12:05,17.49,0.02,5,8745,买盘
334,14:11:59,17.47,--,0,0,卖盘
335,14:11:53,17.47,-0.01,101,176447,卖盘
336,14:11:50,17.48,--,34,59432,卖盘
337,14:11:44,17.48,--,17,29716,卖盘
338,14:11:20,17.48,--,35,61180,卖盘
339,14:11:08,17.48,-0.01,102,178296,卖盘
340,14:11:05,17.49,--,1,1748,买盘
341,14:10:59,17.49,--,2,3497,买盘
342,14:10:50,17.49,--,29,50720,卖盘
343,14:10:19,17.49,--,111,194138,中性盘
344,14:10:14,17.49,--,10,17490,买盘
345,14:10:05,17.49,--,7,12242,买盘
346,14:09:59,17.49,--,1,1748,买盘
347,14:09:49,17.49,0.01,40,69960,买盘
348,14:09:44,17.48,-0.01,7,12236,卖盘
349,14:09:34,17.49,--,21,36729,买盘
350,14:09:19,17.49,--,19,33231,卖盘
351,14:09:04,17.49,--,5,8745,卖盘
352,14:08:59,17.49,0.02,13,22736,买盘
353,14:08:53,17.47,--,0,0,卖盘
354,14:08:49,17.47,--,109,190423,卖盘
355,14:08:44,17.47,-0.01,4,6988,卖盘
356,14:08:38,17.48,--,31,54188,买盘
357,14:08:34,17.48,--,6,10488,买盘
358,14:08:29,17.48,--,11,19228,买盘
359,14:08:19,17.48,--,10,17480,买盘
360,14:08:14,17.48,--,111,194028,中性盘
361,14:08:08,17.48,--,1,1748,买盘
362,14:08:04,17.48,--,20,34960,买盘
363,14:07:59,17.48,--,14,24472,买盘
364,14:07:49,17.48,-0.01,1,1748,中性盘
365,14:07:38,17.49,0.02,12,20987,买盘
366,14:07:34,17.47,-0.01,19,33193,卖盘
367,14:07:29,17.48,--,20,34960,卖盘
368,14:07:23,17.48,--,19,33212,卖盘
369,14:07:19,17.48,--,34,59432,卖盘
370,14:07:14,17.48,-0.01,12,20976,卖盘
371,14:07:08,17.49,--,20,34980,买盘
372,14:07:04,17.49,--,0,0,买盘
373,14:06:59,17.49,0.02,5,8745,买盘
374,14:06:53,17.47,-0.01,220,384340,卖盘
375,14:06:38,17.48,-0.01,1,1748,卖盘
376,14:06:23,17.49,--,67,117182,买盘
377,14:06:14,17.49,--,60,104939,买盘
378,14:06:08,17.49,--,109,190640,买盘
379,14:06:04,17.49,--,1,1748,买盘
380,14:05:59,17.49,--,140,244859,卖盘
381,14:05:53,17.49,--,36,62963,卖盘
382,14:05:49,17.49,-0.01,3,5246,卖盘
383,14:05:44,17.5,0.01,6,10500,买盘
384,14:05:38,17.49,--,15,26234,卖盘
385,14:05:32,17.49,--,4,6995,卖盘
386,14:05:29,17.49,-0.01,2,3497,卖盘
387,14:05:23,17.5,--,195,341250,买盘
388,14:05:14,17.5,--,34,59500,买盘
389,14:05:08,17.5,0.01,13,22750,买盘
390,14:05:02,17.49,-0.01,2,3497,卖盘
391,14:04:59,17.5,--,55,96250,卖盘
392,14:04:53,17.5,--,56,98000,卖盘
393,14:04:47,17.5,-0.01,12,21000,卖盘
394,14:04:38,17.51,--,15,26265,买盘
395,14:04:32,17.51,0.01,10,17510,买盘
396,14:04:23,17.5,--,53,92750,卖盘
397,14:04:17,17.5,0.01,23,40250,买盘
398,14:04:14,17.49,-0.01,89,155661,卖盘
399,14:04:08,17.5,--,3,5250,卖盘
400,14:03:53,17.5,-0.02,88,154000,卖盘
401,14:03:44,17.52,0.02,10,17520,买盘
402,14:03:38,17.5,-0.02,50,87500,卖盘
403,14:03:29,17.52,--,21,36792,买盘
404,14:03:23,17.52,-0.02,5,8760,卖盘
405,14:03:02,17.54,--,1,1754,买盘
406,14:02:59,17.54,--,1,1754,买盘
407,14:02:53,17.54,--,6,10524,买盘
408,14:02:44,17.54,--,41,71914,买盘
409,14:02:38,17.54,0.04,1,1754,买盘
410,14:02:32,17.5,-0.04,100,175000,卖盘
411,14:02:23,17.54,--,5,8770,买盘
412,14:02:13,17.54,0.05,3,5262,买盘
413,14:02:02,17.49,--,0,0,卖盘
414,14:01:53,17.49,-0.02,142,248357,卖盘
415,14:01:43,17.51,0.01,21,36771,卖盘
416,14:01:17,17.5,--,0,0,卖盘
417,14:01:13,17.5,--,98,171500,卖盘
418,14:01:08,17.5,-0.02,40,70000,卖盘
419,14:01:02,17.52,--,4,7008,买盘
420,14:00:53,17.52,--,0,0,买盘
421,14:00:43,17.52,--,61,106872,买盘
422,14:00:38,17.52,--,9,15768,买盘
423,14:00:28,17.52,-0.02,57,99864,买盘
424,14:00:23,17.54,--,0,0,买盘
425,14:00:02,17.54,--,1,1754,买盘
426,13:59:58,17.54,--,1,1754,买盘
427,13:59:53,17.54,--,10,17540,买盘
428,13:59:47,17.54,--,51,89454,买盘
429,13:59:43,17.54,--,31,54374,买盘
430,13:59:32,17.54,--,135,236790,买盘
431,13:59:23,17.54,--,1,1754,买盘
432,13:59:17,17.54,--,1,1754,买盘
433,13:59:02,17.54,--,1,1754,买盘
434,13:58:56,17.54,0.01,3,5262,买盘
435,13:58:53,17.53,--,1,1753,买盘
436,13:58:41,17.53,--,0,0,买盘
437,13:58:38,17.53,0.01,228,399684,买盘
438,13:58:26,17.52,0.06,2,3504,买盘
439,13:58:17,17.46,--,0,0,卖盘
440,13:58:08,17.46,--,0,0,卖盘
441,13:58:02,17.46,--,0,0,卖盘
442,13:57:53,17.46,-0.02,115,200790,卖盘
443,13:57:47,17.48,--,45,78660,卖盘
444,13:57:38,17.48,--,1,1748,卖盘
445,13:57:17,17.48,--,35,61180,卖盘
446,13:57:11,17.48,--,2,3496,卖盘
447,13:56:53,17.48,--,114,199272,买盘
448,13:56:47,17.48,-0.01,24,41952,卖盘
449,13:56:37,17.49,--,5,8745,买盘
450,13:56:32,17.49,--,7,12242,买盘
451,13:56:23,17.49,--,5,8745,买盘
452,13:56:17,17.49,0.01,40,69960,买盘
453,13:56:08,17.48,-0.01,21,36708,卖盘
454,13:56:02,17.49,0.01,14,24485,买盘
455,13:55:56,17.48,--,20,34960,卖盘
456,13:55:47,17.48,-0.01,54,94392,卖盘
457,13:55:41,17.49,0.01,110,192389,买盘
458,13:55:37,17.48,-0.01,61,106628,卖盘
459,13:55:32,17.49,0.01,16,27983,买盘
460,13:55:26,17.48,-0.01,27,47196,卖盘
461,13:55:17,17.49,--,53,92696,卖盘
462,13:55:11,17.49,--,4,6995,卖盘
463,13:55:07,17.49,--,185,323565,卖盘
464,13:55:02,17.49,-0.01,4,6995,卖盘
465,13:54:56,17.5,--,109,190750,买盘
466,13:54:52,17.5,--,26,45500,买盘
467,13:54:47,17.5,--,39,68250,卖盘
468,13:54:41,17.5,--,7,12250,卖盘
469,13:54:37,17.5,--,16,28000,卖盘
470,13:54:32,17.5,--,5,8750,卖盘
471,13:54:26,17.5,-0.01,20,35000,卖盘
472,13:54:22,17.51,--,2,3502,买盘
473,13:54:17,17.51,--,24,42024,卖盘
474,13:54:11,17.51,--,32,56032,卖盘
475,13:54:07,17.51,-0.01,2,3502,卖盘
476,13:54:02,17.52,-0.01,56,99846,卖盘
477,13:53:56,17.53,--,14,24542,卖盘
478,13:53:52,17.53,-0.01,3,5259,卖盘
479,13:53:47,17.54,0.04,159,278903,买盘
480,13:53:41,17.5,--,3,5250,卖盘
481,13:53:37,17.5,--,53,92750,卖盘
482,13:53:22,17.5,-0.02,115,201250,卖盘
483,13:53:17,17.52,0.02,166,290832,买盘
484,13:53:11,17.5,--,17,29750,卖盘
485,13:52:56,17.5,--,23,40250,卖盘
486,13:52:47,17.5,--,32,56000,卖盘
487,13:52:41,17.5,--,0,0,卖盘
488,13:52:37,17.5,-0.03,8,14000,卖盘
489,13:52:32,17.53,0.03,50,87650,买盘
490,13:52:26,17.5,-0.03,8,14000,卖盘
491,13:52:20,17.53,0.03,3,5259,买盘
492,13:52:17,17.5,-0.03,8,14000,卖盘
493,13:52:11,17.53,--,1,1753,买盘
494,13:52:05,17.53,0.03,7,12271,买盘
495,13:51:56,17.5,-0.03,3,5250,卖盘
496,13:51:47,17.53,0.03,104,182312,买盘
497,13:51:35,17.5,-0.01,1,1750,卖盘
498,13:51:26,17.51,0.01,22,38522,买盘
499,13:51:20,17.5,--,5,8750,买盘
500,13:51:17,17.5,--,122,213500,卖盘
501,13:51:05,17.5,--,14,24500,卖盘
502,13:51:02,17.5,--,2,3500,卖盘
503,13:50:56,17.5,--,18,31500,卖盘
504,13:50:46,17.5,0.01,71,124250,买盘
505,13:50:35,17.49,-0.01,10,17490,中性盘
506,13:50:32,17.5,0.02,2,3500,买盘
507,13:50:26,17.48,-0.02,14,24472,卖盘
508,13:50:17,17.5,0.02,5,8750,卖盘
509,13:50:11,17.48,-0.03,115,201020,卖盘
510,13:50:01,17.51,--,3,5253,买盘
511,13:49:50,17.51,0.01,1,1751,买盘
512,13:49:46,17.5,-0.02,1,1750,卖盘
513,13:49:41,17.52,0.02,4,7008,买盘
514,13:49:31,17.5,0.02,99,173250,买盘
515,13:49:26,17.48,0.01,75,131100,卖盘
516,13:49:16,17.47,-0.03,15,26205,卖盘
517,13:49:11,17.5,--,13,22750,买盘
518,13:49:01,17.5,--,11,19250,买盘
519,13:48:56,17.5,0.03,22,38500,买盘
520,13:48:46,17.47,--,0,0,卖盘
521,13:48:41,17.47,-0.06,144,251567,卖盘
522,13:48:31,17.53,0.03,1,1753,买盘
523,13:48:26,17.5,-0.01,26,45500,卖盘
524,13:48:16,17.51,--,44,77044,卖盘
525,13:48:11,17.51,0.01,85,148835,买盘
526,13:48:01,17.5,--,17,29750,卖盘
527,13:47:56,17.5,-0.01,17,29750,卖盘
528,13:47:50,17.51,--,2,3502,买盘
529,13:47:46,17.51,-0.01,57,99807,中性盘
530,13:47:41,17.52,0.02,29,50808,买盘
531,13:47:31,17.5,--,12,21000,卖盘
532,13:47:26,17.5,--,6,10500,卖盘
533,13:47:16,17.5,--,3,5250,卖盘
534,13:47:01,17.5,-0.03,15,26250,卖盘
535,13:46:56,17.53,0.03,94,164782,买盘
536,13:46:50,17.5,--,14,24500,买盘
537,13:46:46,17.5,--,1,1750,买盘
538,13:46:41,17.5,--,32,56000,买盘
539,13:46:35,17.5,0.01,1,1750,买盘
540,13:46:31,17.49,-0.01,46,80454,卖盘
541,13:46:26,17.5,0.01,56,98000,买盘
542,13:46:11,17.49,--,68,118931,卖盘
543,13:46:05,17.49,0.04,12,20987,卖盘
544,13:46:01,17.45,--,0,0,卖盘
545,13:45:56,17.45,-0.05,190,331550,卖盘
546,13:45:50,17.5,0.03,82,143500,买盘
547,13:45:41,17.47,--,67,117048,买盘
548,13:45:35,17.47,--,211,368617,买盘
549,13:45:31,17.47,--,5,8735,买盘
550,13:45:26,17.47,--,64,111808,买盘
551,13:45:14,17.47,--,26,45422,买盘
552,13:45:11,17.47,--,10,17470,买盘
553,13:45:05,17.47,-0.01,176,307472,卖盘
554,13:44:55,17.48,--,5,8740,卖盘
555,13:44:40,17.48,0.01,96,167808,买盘
556,13:44:35,17.47,-0.01,161,281267,卖盘
557,13:44:29,17.48,0.01,14,24472,买盘
558,13:44:25,17.47,-0.01,99,172953,卖盘
559,13:44:20,17.48,--,42,73416,卖盘
560,13:44:14,17.48,0.01,24,41952,买盘
561,13:44:10,17.47,-0.01,21,36687,卖盘
562,13:44:05,17.48,--,81,141588,买盘
563,13:43:55,17.48,0.01,27,47196,买盘
564,13:43:40,17.47,0.01,26,45422,中性盘
565,13:43:35,17.46,-0.01,146,254933,卖盘
566,13:43:25,17.47,--,88,153736,买盘
567,13:43:20,17.47,--,5,8735,买盘
568,13:43:14,17.47,--,2,3494,买盘
569,13:43:10,17.47,--,11,19217,买盘
570,13:43:05,17.47,--,17,31428,卖盘
571,13:42:55,17.47,-0.01,38,66386,卖盘
572,13:42:50,17.48,0.01,8,14001,买盘
573,13:42:44,17.47,-0.01,32,55904,卖盘
574,13:42:40,17.48,0.01,100,174800,买盘
575,13:42:35,17.47,--,85,148495,卖盘
576,13:42:25,17.47,-0.01,47,82109,卖盘
577,13:42:14,17.48,--,29,52422,卖盘
578,13:42:10,17.48,--,4,6992,卖盘
579,13:42:05,17.48,--,73,127604,卖盘
580,13:41:59,17.48,--,3,5244,卖盘
581,13:41:55,17.48,--,25,43700,卖盘
582,13:41:44,17.48,-0.01,24,41952,卖盘
583,13:41:40,17.49,--,1,1748,买盘
584,13:41:35,17.49,--,40,69960,卖盘
585,13:41:25,17.49,--,13,22736,卖盘
586,13:41:14,17.49,0.01,148,258851,买盘
587,13:41:10,17.48,--,5,8740,卖盘
588,13:41:05,17.48,-0.01,31,54188,卖盘
589,13:40:55,17.49,-0.01,36,62963,卖盘
590,13:40:50,17.5,0.01,20,35000,买盘
591,13:40:44,17.49,0.01,4,6995,卖盘
592,13:40:40,17.48,-0.01,6,10488,卖盘
593,13:40:35,17.49,-0.01,56,97943,卖盘
594,13:40:29,17.5,--,4,7000,买盘
595,13:40:25,17.5,0.01,8,14000,买盘
596,13:40:20,17.49,-0.01,124,216875,卖盘
597,13:40:14,17.5,-0.02,110,192500,卖盘
598,13:40:10,17.52,0.01,219,383688,买盘
599,13:40:05,17.51,-0.01,29,50779,中性盘
600,13:39:55,17.52,0.02,38,66576,买盘
601,13:39:44,17.5,0.01,2,3500,中性盘
602,13:39:40,17.49,--,46,80471,卖盘
603,13:39:35,17.49,--,60,104939,卖盘
604,13:39:25,17.49,0.01,55,96194,卖盘
605,13:39:14,17.48,-0.05,19,33212,卖盘
606,13:39:10,17.53,0.05,19,33307,买盘
607,13:39:05,17.48,--,0,0,卖盘
608,13:38:55,17.48,-0.05,123,215004,卖盘
609,13:38:50,17.53,0.05,449,787097,买盘
610,13:38:44,17.48,--,2,3496,卖盘
611,13:38:35,17.48,-0.01,96,167808,卖盘
612,13:38:29,17.49,0.01,7,12242,买盘
613,13:38:23,17.48,--,53,92644,卖盘
614,13:38:14,17.48,-0.02,2,3496,卖盘
615,13:38:05,17.5,--,70,122500,卖盘
616,13:37:59,17.5,0.02,230,402500,买盘
617,13:37:53,17.48,--,6,10488,卖盘
618,13:37:44,17.48,0.01,3,5244,卖盘
619,13:37:38,17.47,--,0,0,卖盘
620,13:37:34,17.47,--,51,89097,卖盘
621,13:37:29,17.47,--,0,0,卖盘
622,13:37:23,17.47,--,24,41928,卖盘
623,13:37:13,17.47,--,54,94338,买盘
624,13:37:08,17.47,--,21,36687,买盘
625,13:37:04,17.47,--,99,172953,买盘
626,13:36:59,17.47,--,39,68133,买盘
627,13:36:53,17.47,-0.01,10,17470,买盘
628,13:36:49,17.48,--,26,45448,卖盘
629,13:36:44,17.48,0.01,109,190532,买盘
630,13:36:38,17.47,0.01,7,12229,买盘
631,13:36:34,17.46,--,24,41904,卖盘
632,13:36:29,17.46,--,0,0,卖盘
633,13:36:23,17.46,-0.01,34,59364,卖盘
634,13:36:19,17.47,--,2,3494,买盘
635,13:36:14,17.47,-0.01,115,200905,卖盘
636,13:36:04,17.48,0.01,3,5244,中性盘
637,13:35:59,17.47,-0.01,149,260302,卖盘
638,13:35:53,17.48,-0.01,41,71668,卖盘
639,13:35:49,17.49,0.01,9,15740,买盘
640,13:35:44,17.48,-0.01,46,80408,卖盘
641,13:35:34,17.49,0.01,49,85700,买盘
642,13:35:29,17.48,-0.01,210,367080,卖盘
643,13:35:23,17.49,-0.01,111,194138,卖盘
644,13:35:14,17.5,--,41,71750,买盘
645,13:35:04,17.5,--,40,70000,卖盘
646,13:34:53,17.5,--,12,21000,卖盘
647,13:34:49,17.5,--,2,3500,卖盘
648,13:34:44,17.5,-0.01,62,108500,卖盘
649,13:34:38,17.51,--,111,194361,买盘
650,13:34:34,17.51,--,48,84048,卖盘
651,13:34:23,17.51,-0.01,26,45526,卖盘
652,13:34:19,17.52,0.01,46,80592,买盘
653,13:34:14,17.51,--,28,49028,卖盘
654,13:34:04,17.51,--,97,169847,卖盘
655,13:33:53,17.51,-0.01,57,99807,卖盘
656,13:33:49,17.52,0.01,2,3504,买盘
657,13:33:44,17.51,--,96,168096,卖盘
658,13:33:38,17.51,-0.01,4,7004,卖盘
659,13:33:34,17.52,--,123,215496,买盘
660,13:33:29,17.52,0.01,32,56064,中性盘
661,13:33:23,17.51,-0.02,157,274907,卖盘
662,13:33:19,17.53,0.01,21,36813,买盘
663,13:33:14,17.52,--,34,59568,买盘
664,13:33:04,17.52,0.01,3,5256,中性盘
665,13:32:59,17.51,-0.02,108,189108,卖盘
666,13:32:52,17.53,--,5,8765,卖盘
667,13:32:49,17.53,--,28,49084,卖盘
668,13:32:44,17.53,--,57,99921,卖盘
669,13:32:38,17.53,--,41,71873,卖盘
670,13:32:34,17.53,-0.01,41,71873,卖盘
671,13:32:29,17.54,0.01,32,56128,买盘
672,13:32:23,17.53,-0.01,65,113945,卖盘
673,13:32:19,17.54,0.01,7,12278,买盘
674,13:32:13,17.53,0.01,5,8765,卖盘
675,13:32:07,17.52,0.01,40,70080,卖盘
676,13:32:03,17.51,-0.03,108,189108,卖盘
677,13:31:59,17.54,0.01,308,540232,买盘
678,13:31:53,17.53,-0.01,55,96415,卖盘
679,13:31:48,17.54,0.01,27,47358,买盘
680,13:31:43,17.53,-0.01,12,21036,卖盘
681,13:31:37,17.54,0.02,6,10524,买盘
682,13:31:32,17.52,-0.01,226,395952,卖盘
683,13:31:23,17.53,0.02,4,7012,买盘
684,13:31:13,17.51,--,0,0,卖盘
685,13:31:07,17.51,-0.02,1109,1941859,卖盘
686,13:31:02,17.53,-0.01,1,1753,卖盘
687,13:30:58,17.54,0.01,3,5262,买盘
688,13:30:52,17.53,-0.01,2,3506,卖盘
689,13:30:47,17.54,--,50,87700,买盘
690,13:30:43,17.54,--,4,7016,买盘
691,13:30:37,17.54,--,523,917342,卖盘
692,13:30:31,17.54,0.03,493,864722,买盘
693,13:30:28,17.51,--,0,0,卖盘
694,13:30:22,17.51,-0.02,59,103309,卖盘
695,13:30:16,17.53,0.02,1,1753,买盘
696,13:30:13,17.51,-0.02,104,182104,卖盘
697,13:30:08,17.53,--,10,17530,卖盘
698,13:30:02,17.53,-0.01,3,5259,卖盘
699,13:29:58,17.54,--,1000,1754000,买盘
700,13:29:52,17.54,--,3,5262,买盘
701,13:29:47,17.54,0.01,3,5262,买盘
702,13:29:43,17.53,--,1,1753,卖盘
703,13:29:31,17.53,-0.01,2,3506,卖盘
704,13:29:22,17.54,0.02,53,92962,买盘
705,13:29:13,17.52,-0.02,29,50808,卖盘
706,13:29:08,17.54,0.03,742,1301468,买盘
707,13:29:01,17.51,--,14,24514,卖盘
708,13:28:52,17.51,-0.02,9,15759,卖盘
709,13:28:46,17.53,0.02,172,301516,买盘
710,13:28:43,17.51,-0.01,2,3502,卖盘
711,13:28:37,17.52,0.01,1,1752,买盘
712,13:28:31,17.51,-0.01,24,42024,卖盘
713,13:28:28,17.52,0.01,1,1752,买盘
714,13:28:22,17.51,--,14,24514,卖盘
715,13:28:13,17.51,-0.01,6,10506,卖盘
716,13:27:58,17.52,-0.01,8,14016,买盘
717,13:27:52,17.53,--,4,7012,买盘
718,13:27:43,17.53,0.03,8,14024,买盘
719,13:27:37,17.5,-0.02,50,87500,卖盘
720,13:27:28,17.52,0.02,1,1752,中性盘
721,13:27:22,17.5,-0.03,63,110250,卖盘
722,13:27:16,17.53,0.03,1,1753,买盘
723,13:27:13,17.5,--,84,147000,卖盘
724,13:27:07,17.5,--,0,0,卖盘
725,13:27:01,17.5,-0.01,76,133000,卖盘
726,13:26:58,17.51,0.01,98,171598,买盘
727,13:26:52,17.5,-0.01,113,197750,卖盘
728,13:26:46,17.51,0.01,1,1751,买盘
729,13:26:43,17.5,-0.01,17,29750,卖盘
730,13:26:37,17.51,0.01,38,66538,买盘
731,13:26:31,17.5,--,17,29750,卖盘
732,13:26:22,17.5,--,14,24500,卖盘
733,13:26:13,17.5,-0.01,23,40250,卖盘
734,13:26:07,17.51,0.01,5,8755,买盘
735,13:26:01,17.5,--,53,92750,卖盘
736,13:25:52,17.5,-0.01,45,78750,卖盘
737,13:25:46,17.51,--,10,17510,买盘
738,13:25:42,17.51,0.01,56,98056,买盘
739,13:25:31,17.5,-0.01,63,110250,卖盘
740,13:25:27,17.51,0.01,25,43775,买盘
741,13:25:22,17.5,-0.01,170,297500,卖盘
742,13:25:16,17.51,--,94,164594,买盘
743,13:25:12,17.51,-0.02,73,127823,卖盘
744,13:25:01,17.53,--,0,0,买盘
745,13:24:57,17.53,0.02,10,17530,买盘
746,13:24:52,17.51,-0.02,101,176851,卖盘
747,13:24:46,17.53,0.02,101,177053,买盘
748,13:24:37,17.51,--,0,0,卖盘
749,13:24:31,17.51,-0.01,78,136578,卖盘
750,13:24:22,17.52,--,5,8760,卖盘
751,13:24:16,17.52,-0.01,26,45552,卖盘
752,13:24:10,17.53,--,2,3506,买盘
753,13:24:07,17.53,0.01,9,15777,买盘
754,13:24:01,17.52,-0.01,5,8760,卖盘
755,13:23:55,17.53,0.01,9,15777,买盘
756,13:23:52,17.52,-0.01,35,61320,卖盘
757,13:23:46,17.53,--,0,0,买盘
758,13:23:40,17.53,0.02,3,5259,中性盘
759,13:23:37,17.51,-0.02,174,304674,卖盘
760,13:23:31,17.53,--,23,40319,卖盘
761,13:23:22,17.53,0.01,87,152511,中性盘
762,13:23:16,17.52,-0.02,52,91104,卖盘
763,13:23:10,17.54,0.02,265,464810,买盘
764,13:23:07,17.52,--,98,171696,卖盘
765,13:23:01,17.52,--,82,143664,卖盘
766,13:22:55,17.52,--,0,0,卖盘
767,13:22:52,17.52,-0.02,27,47304,卖盘
768,13:22:46,17.54,0.02,34,59636,买盘
769,13:22:40,17.52,-0.02,5,8760,卖盘
770,13:22:37,17.54,0.02,95,166630,买盘
771,13:22:31,17.52,--,218,381936,卖盘
772,13:22:22,17.52,-0.02,148,259296,卖盘
773,13:22:16,17.54,--,104,182416,卖盘
774,13:22:10,17.54,--,439,770006,买盘
775,13:22:01,17.54,--,224,392896,买盘
776,13:21:55,17.54,--,42,73668,买盘
777,13:21:46,17.54,--,17,29818,买盘
778,13:21:31,17.54,0.01,32,56128,买盘
779,13:21:22,17.53,-0.01,20,35060,卖盘
780,13:21:16,17.54,0.01,6,10524,买盘
781,13:21:10,17.53,-0.01,3,5259,卖盘
782,13:21:07,17.54,0.01,58,101732,买盘
783,13:20:52,17.53,0.01,10,17530,卖盘
784,13:20:46,17.52,--,0,0,卖盘
785,13:20:37,17.52,-0.02,2,3504,卖盘
786,13:20:25,17.54,0.03,11,19294,买盘
787,13:20:22,17.51,-0.03,33,57783,卖盘
788,13:20:16,17.54,0.02,16,28064,买盘
789,13:20:10,17.52,0.01,38,66576,卖盘
790,13:20:07,17.51,--,0,0,卖盘
791,13:20:01,17.51,-0.01,200,350200,卖盘
792,13:19:55,17.52,--,152,266304,卖盘
793,13:19:52,17.52,-0.02,395,692040,卖盘
794,13:19:46,17.54,--,771,1352334,买盘
795,13:19:31,17.54,0.02,5,8770,买盘
796,13:19:25,17.52,-0.02,232,406464,卖盘
797,13:19:16,17.54,--,352,617408,卖盘
798,13:19:10,17.54,--,154,270116,买盘
799,13:19:06,17.54,0.03,21,36834,买盘
800,13:18:55,17.51,-0.03,44,77044,卖盘
801,13:18:51,17.54,0.02,12,21048,买盘
802,13:18:46,17.52,-0.02,145,254040,卖盘
803,13:18:36,17.54,--,38,66652,买盘
804,13:18:31,17.54,0.02,56,98224,买盘
805,13:18:25,17.52,-0.02,6,10512,卖盘
806,13:18:21,17.54,0.02,22,38588,买盘
807,13:18:16,17.52,-0.02,25,43800,卖盘
808,13:18:10,17.54,--,159,278886,买盘
809,13:18:06,17.54,--,148,259592,买盘
810,13:18:01,17.54,0.01,10,17540,买盘
811,13:17:55,17.53,0.01,273,478569,中性盘
812,13:17:46,17.52,-0.02,74,129648,卖盘
813,13:17:40,17.54,0.02,179,313966,买盘
814,13:17:36,17.52,-0.02,15,26280,卖盘
815,13:17:31,17.54,0.02,374,655996,买盘
816,13:17:25,17.52,-0.02,13,22776,卖盘
817,13:17:16,17.54,0.02,17,29818,买盘
818,13:17:04,17.52,-0.02,155,271560,卖盘
819,13:17:01,17.54,0.02,1,1754,买盘
820,13:16:55,17.52,-0.02,331,579912,卖盘
821,13:16:46,17.54,0.02,19,33326,买盘
822,13:16:40,17.52,-0.02,2,3504,卖盘
823,13:16:31,17.54,0.02,20,35080,买盘
824,13:16:25,17.52,-0.02,151,264552,卖盘
825,13:16:19,17.54,--,5,8770,买盘
826,13:16:10,17.54,--,164,287656,买盘
827,13:16:04,17.54,0.03,24,42096,买盘
828,13:16:01,17.51,--,23,40273,买盘
829,13:15:55,17.51,0.01,6,10506,中性盘
830,13:15:49,17.5,-0.04,217,379750,卖盘
831,13:15:46,17.54,--,119,208726,买盘
832,13:15:40,17.54,--,86,150844,买盘
833,13:15:34,17.54,--,1,1754,买盘
834,13:15:31,17.54,0.03,12,21048,买盘
835,13:15:25,17.51,-0.03,63,110313,卖盘
836,13:15:19,17.54,--,0,0,买盘
837,13:15:16,17.54,0.03,113,198202,买盘
838,13:15:04,17.51,0.02,10,17510,卖盘
839,13:15:01,17.49,--,0,0,卖盘
840,13:14:55,17.49,--,181,316569,卖盘
841,13:14:46,17.49,-0.05,49,85700,卖盘
842,13:14:40,17.54,0.05,188,329752,买盘
843,13:14:34,17.49,-0.05,4,6995,卖盘
844,13:14:31,17.54,0.06,105,184170,买盘
845,13:14:25,17.48,-0.06,140,244720,卖盘
846,13:14:19,17.54,--,0,0,买盘
847,13:14:16,17.54,0.06,416,729664,买盘
848,13:14:10,17.48,-0.01,122,213256,卖盘
849,13:14:04,17.49,-0.05,4,6995,卖盘
850,13:14:01,17.54,0.05,195,342030,买盘
851,13:13:55,17.49,--,3,5246,卖盘
852,13:13:46,17.49,-0.05,5,8745,卖盘
853,13:13:40,17.54,0.05,7,12278,买盘
854,13:13:34,17.49,-0.05,4,6995,卖盘
855,13:13:30,17.54,0.05,22,38588,买盘
856,13:13:25,17.49,-0.04,27,47222,卖盘
857,13:13:19,17.53,--,130,227890,卖盘
858,13:13:15,17.53,--,4,7012,卖盘
859,13:13:10,17.53,0.04,32,56096,买盘
860,13:13:04,17.49,--,13,22736,卖盘
861,13:12:55,17.49,-0.04,130,227369,卖盘
862,13:12:49,17.53,0.03,6,10518,买盘
863,13:12:45,17.5,--,25,43750,买盘
864,13:12:40,17.5,0.01,15,26250,买盘
865,13:12:34,17.49,-0.04,20,34980,卖盘
866,13:12:30,17.53,0.07,5,8765,买盘
867,13:12:25,17.46,-0.03,239,417294,卖盘
868,13:12:19,17.49,0.03,4,6995,买盘
869,13:12:15,17.46,-0.03,602,1051092,卖盘
870,13:12:10,17.49,-0.01,26,45473,卖盘
871,13:12:04,17.5,0.01,2,3500,卖盘
872,13:12:00,17.49,--,0,0,卖盘
873,13:11:55,17.49,--,5,8745,卖盘
874,13:11:45,17.49,-0.04,11,19239,卖盘
875,13:11:40,17.53,0.05,10,17530,买盘
876,13:11:34,17.48,--,0,0,卖盘
877,13:11:30,17.48,--,103,180044,卖盘
878,13:11:19,17.48,-0.06,75,131100,卖盘
879,13:11:10,17.54,0.06,75,131550,买盘
880,13:10:55,17.48,0.01,33,57684,卖盘
881,13:10:40,17.47,-0.07,107,186929,卖盘
882,13:10:34,17.54,0.07,40,70160,买盘
883,13:10:25,17.47,-0.01,7,12229,卖盘
884,13:10:19,17.48,0.01,5,8740,卖盘
885,13:10:10,17.47,-0.01,93,162471,卖盘
886,13:10:04,17.48,0.01,14,24472,买盘
887,13:09:55,17.47,-0.07,86,150242,卖盘
888,13:09:49,17.54,0.07,2,3508,买盘
889,13:09:43,17.47,-0.07,103,179941,卖盘
890,13:09:40,17.54,0.06,6,10524,买盘
891,13:09:34,17.48,--,12,20976,卖盘
892,13:09:25,17.48,0.01,40,69920,中性盘
893,13:09:19,17.47,--,24,41928,卖盘
894,13:09:13,17.47,-0.01,47,82109,卖盘
895,13:09:10,17.48,--,3,5244,买盘
896,13:09:04,17.48,-0.02,46,80408,买盘
897,13:08:55,17.5,0.03,8,14000,中性盘
898,13:08:49,17.47,-0.01,158,276026,卖盘
899,13:08:40,17.48,-0.03,421,735908,卖盘
900,13:08:34,17.51,--,39,68289,卖盘
901,13:08:28,17.51,--,10,17510,买盘
902,13:08:19,17.51,--,24,42024,卖盘
903,13:08:10,17.51,--,20,35020,卖盘
904,13:08:04,17.51,--,33,57783,卖盘
905,13:07:58,17.51,--,2,3502,卖盘
906,13:07:55,17.51,--,78,136578,卖盘
907,13:07:49,17.51,-0.02,39,68289,卖盘
908,13:07:43,17.53,0.03,2,3506,买盘
909,13:07:40,17.5,--,24,42000,卖盘
910,13:07:25,17.5,-0.03,40,70000,卖盘
911,13:07:19,17.53,--,13,22789,卖盘
912,13:07:10,17.53,0.03,3,5259,买盘
913,13:07:04,17.5,--,14,24500,卖盘
914,13:06:54,17.5,--,12,21000,卖盘
915,13:06:49,17.5,--,14,24500,卖盘
916,13:06:39,17.5,--,11,19250,卖盘
917,13:06:34,17.5,-0.03,19,33250,卖盘
918,13:06:24,17.53,0.03,10,17530,买盘
919,13:06:19,17.5,--,11,19250,卖盘
920,13:06:09,17.5,--,2,3500,卖盘
921,13:06:04,17.5,--,21,36750,卖盘
922,13:05:58,17.5,--,13,22750,卖盘
923,13:05:54,17.5,--,37,64750,卖盘
924,13:05:49,17.5,--,27,47250,卖盘
925,13:05:43,17.5,--,1,1750,卖盘
926,13:05:39,17.5,--,39,68250,卖盘
927,13:05:34,17.5,--,2,3500,卖盘
928,13:05:24,17.5,--,0,0,卖盘
929,13:05:19,17.5,-0.02,11,19250,卖盘
930,13:05:09,17.52,--,4,7008,卖盘
931,13:05:04,17.52,-0.01,8,14016,卖盘
932,13:04:58,17.53,0.01,2,3506,买盘
933,13:04:54,17.52,0.01,2,3504,卖盘
934,13:04:49,17.51,0.01,1,1751,卖盘
935,13:04:34,17.5,--,0,0,卖盘
936,13:04:28,17.5,-0.03,102,178500,卖盘
937,13:04:19,17.53,-0.01,26,45578,卖盘
938,13:04:13,17.54,0.03,257,451830,买盘
939,13:04:09,17.51,-0.02,130,227630,卖盘
940,13:03:58,17.53,0.02,50,87650,买盘
941,13:03:49,17.51,--,39,68289,卖盘
942,13:03:39,17.51,-0.02,12,21012,卖盘
943,13:03:34,17.53,0.02,5,8765,买盘
944,13:03:28,17.51,--,13,22763,卖盘
945,13:03:19,17.51,--,47,82297,卖盘
946,13:03:07,17.51,-0.02,11,19261,卖盘
947,13:02:58,17.53,0.02,17,29801,买盘
948,13:02:49,17.51,0.01,6,10506,卖盘
949,13:02:43,17.5,--,0,0,卖盘
950,13:02:37,17.5,0.01,3,5250,卖盘
951,13:02:28,17.49,-0.05,15,26234,卖盘
952,13:02:19,17.54,0.04,200,350800,买盘
953,13:02:13,17.5,-0.03,16,29575,卖盘
954,13:02:07,17.53,--,9,15777,卖盘
955,13:01:58,17.53,0.03,139,243667,买盘
956,13:01:49,17.5,--,8,14000,卖盘
957,13:01:37,17.5,--,25,43750,卖盘
958,13:01:28,17.5,--,25,43750,卖盘
959,13:01:19,17.5,-0.03,25,43750,卖盘
960,13:01:13,17.53,0.03,20,35060,买盘
961,13:01:07,17.5,-0.03,35,61250,卖盘
962,13:00:52,17.53,-0.01,1,1753,买盘
963,13:00:49,17.54,0.04,43,75422,买盘
964,13:00:43,17.5,-0.04,154,269500,卖盘
965,13:00:33,17.54,--,8,14032,买盘
966,13:00:28,17.54,--,0,0,买盘
967,13:00:22,17.54,--,9,15786,买盘
968,13:00:18,17.54,--,3,5262,买盘
969,13:00:13,17.54,0.01,36,63319,买盘
970,13:00:07,17.53,0.06,28,49084,买盘
971,13:00:04,17.47,-0.03,256,447232,卖盘
972,11:30:00,17.5,--,0,0,买盘
973,11:30:00,17.5,--,0,0,买盘
974,11:29:53,17.5,--,6,10500,卖盘
975,11:29:44,17.5,--,46,80500,卖盘
976,11:29:38,17.5,-0.02,1,1750,卖盘
977,11:29:29,17.52,0.03,1,1752,买盘
978,11:29:23,17.49,--,0,0,卖盘
979,11:29:14,17.49,-0.03,1,1748,中性盘
980,11:29:08,17.52,0.03,6,10512,买盘
981,11:28:59,17.49,--,1,2623,卖盘
982,11:28:47,17.49,-0.01,6,10493,卖盘
983,11:28:44,17.5,--,2,3500,买盘
984,11:28:38,17.5,0.04,43,76125,买盘
985,11:28:32,17.46,--,9,15714,卖盘
986,11:28:29,17.46,--,17,29682,卖盘
987,11:28:17,17.46,-0.02,19,33174,卖盘
988,11:28:08,17.48,0.02,17,29716,买盘
989,11:27:59,17.46,--,70,122220,买盘
990,11:27:47,17.46,-0.03,35,61110,卖盘
991,11:27:44,17.49,-0.01,0,874,卖盘
992,11:27:38,17.5,0.01,27,47250,买盘
993,11:27:28,17.49,--,45,78705,卖盘
994,11:27:23,17.49,--,5,8745,卖盘
995,11:27:14,17.49,--,37,64712,卖盘
996,11:27:08,17.49,--,16,27983,卖盘
997,11:26:58,17.49,--,76,133798,买盘
998,11:26:53,17.49,0.03,18,31481,买盘
999,11:26:43,17.46,--,8,13968,卖盘
1000,11:26:38,17.46,--,5,8730,卖盘
1001,11:26:28,17.46,0.01,10,17460,中性盘
1002,11:26:23,17.45,--,20,34900,卖盘
1003,11:26:17,17.45,--,0,0,卖盘
1004,11:26:13,17.45,-0.01,23,40135,卖盘
1005,11:26:08,17.46,--,20,34920,买盘
1006,11:26:02,17.46,--,1,1746,买盘
1007,11:25:58,17.46,-0.03,106,185076,卖盘
1008,11:25:53,17.49,--,17,30607,卖盘
1009,11:25:47,17.49,--,95,166154,卖盘
1010,11:25:43,17.49,--,7,12242,卖盘
1011,11:25:38,17.49,0.01,40,70834,买盘
1012,11:25:28,17.48,-0.01,11,19228,卖盘
1013,11:25:23,17.49,--,2,3497,买盘
1014,11:25:17,17.49,0.01,2,3497,买盘
1015,11:25:13,17.48,--,47,82156,卖盘
1016,11:25:08,17.48,-0.01,56,97888,卖盘
1017,11:25:02,17.49,0.01,20,34980,卖盘
1018,11:24:58,17.48,-0.02,60,104880,卖盘
1019,11:24:53,17.5,--,5,8750,买盘
1020,11:24:47,17.5,0.03,15,26250,买盘
1021,11:24:38,17.47,-0.03,14,24458,卖盘
1022,11:24:32,17.5,0.03,4,7000,买盘
1023,11:24:28,17.47,-0.01,110,192170,卖盘
1024,11:24:17,17.48,--,19,33212,卖盘
1025,11:24:08,17.48,--,27,47196,卖盘
1026,11:23:58,17.48,--,10,17480,卖盘
1027,11:23:47,17.48,--,10,17480,卖盘
1028,11:23:38,17.48,0.01,65,113620,买盘
1029,11:23:26,17.47,-0.01,56,97832,卖盘
1030,11:23:23,17.48,--,1,1748,买盘
1031,11:23:17,17.48,--,25,43700,卖盘
1032,11:23:11,17.48,--,50,87400,卖盘
1033,11:23:08,17.48,--,30,52440,卖盘
1034,11:22:56,17.48,--,0,0,卖盘
1035,11:22:53,17.48,--,0,0,卖盘
1036,11:22:47,17.48,-0.05,130,227240,卖盘
1037,11:22:38,17.53,0.02,103,180559,买盘
1038,11:22:32,17.51,0.01,50,87550,买盘
1039,11:22:26,17.5,--,21,36750,卖盘
1040,11:22:17,17.5,--,18,31500,卖盘
1041,11:22:11,17.5,--,12,21000,卖盘
1042,11:22:08,17.5,--,25,43750,卖盘
1043,11:22:02,17.5,--,0,0,卖盘
1044,11:21:56,17.5,--,43,75250,卖盘
1045,11:21:53,17.5,--,15,26250,卖盘
1046,11:21:47,17.5,--,8,14000,买盘
1047,11:21:41,17.5,0.01,8,14000,买盘
1048,11:21:38,17.49,-0.03,13,22736,卖盘
1049,11:21:22,17.52,0.01,16,28032,买盘
1050,11:21:17,17.51,0.01,44,77044,中性盘
1051,11:21:08,17.5,0.01,8,14000,中性盘
1052,11:20:56,17.49,-0.03,144,251855,卖盘
1053,11:20:52,17.52,--,23,40296,卖盘
1054,11:20:47,17.52,--,239,418728,卖盘
1055,11:20:41,17.52,-0.01,1,1752,卖盘
1056,11:20:37,17.53,0.01,9,15777,买盘
1057,11:20:26,17.52,--,2,3504,卖盘
1058,11:20:17,17.52,0.01,1,1752,中性盘
1059,11:20:07,17.51,-0.01,10,17510,卖盘
1060,11:20:02,17.52,0.01,1,1752,买盘
1061,11:19:56,17.51,--,5,8755,卖盘
1062,11:19:47,17.51,--,6,10506,卖盘
1063,11:19:37,17.51,--,0,0,卖盘
1064,11:19:32,17.51,-0.01,13,22763,卖盘
1065,11:19:07,17.52,--,7,12264,买盘
1066,11:18:47,17.52,0.01,4,7008,买盘
1067,11:18:41,17.51,--,2,3502,卖盘
1068,11:18:37,17.51,-0.01,2,3502,卖盘
1069,11:18:32,17.52,0.01,2,3504,买盘
1070,11:18:26,17.51,-0.01,3,5253,卖盘
1071,11:18:22,17.52,0.01,10,17520,买盘
1072,11:18:17,17.51,--,1,1751,卖盘
1073,11:18:07,17.51,--,2,3502,卖盘
1074,11:17:56,17.51,-0.01,2,3502,卖盘
1075,11:17:52,17.52,0.01,239,418728,买盘
1076,11:17:47,17.51,--,3,5253,买盘
1077,11:17:41,17.51,0.01,16,28016,买盘
1078,11:17:37,17.5,-0.01,56,98000,卖盘
1079,11:17:32,17.51,--,25,43775,买盘
1080,11:17:26,17.51,--,2,3502,买盘
1081,11:17:17,17.51,--,5,8755,买盘
1082,11:17:11,17.51,--,168,294168,卖盘
1083,11:17:07,17.51,--,72,126072,卖盘
1084,11:16:56,17.51,--,84,147084,卖盘
1085,11:16:47,17.51,0.02,25,43775,卖盘
1086,11:16:41,17.49,-0.01,100,174899,卖盘
1087,11:16:35,17.5,--,34,59500,卖盘
1088,11:16:26,17.5,-0.01,247,432250,卖盘
1089,11:16:17,17.51,--,26,45526,卖盘
1090,11:16:11,17.51,--,702,1229202,卖盘
1091,11:16:05,17.51,--,20,35020,卖盘
1092,11:16:02,17.51,--,5,8755,卖盘
1093,11:15:56,17.51,--,40,70040,卖盘
1094,11:15:47,17.51,-0.01,28,49028,卖盘
1095,11:15:35,17.52,0.01,41,71832,买盘
1096,11:15:26,17.51,-0.01,33,57783,卖盘
1097,11:15:20,17.52,0.01,17,29784,买盘
1098,11:15:16,17.51,--,24,42024,卖盘
1099,11:15:05,17.51,-0.01,33,57783,卖盘
1100,11:15:02,17.52,--,20,35040,买盘
1101,11:14:56,17.52,-0.01,48,84096,卖盘
1102,11:14:50,17.53,0.01,3,5259,买盘
1103,11:14:47,17.52,--,117,204984,卖盘
1104,11:14:35,17.52,--,19,33288,卖盘
1105,11:14:26,17.52,-0.01,16,28032,卖盘
1106,11:14:16,17.53,--,21,36813,买盘
1107,11:14:05,17.53,--,24,42072,买盘
1108,11:14:01,17.53,0.01,2,3506,买盘
1109,11:13:56,17.52,-0.01,18,31536,卖盘
1110,11:13:46,17.53,--,24,42072,买盘
1111,11:13:41,17.53,0.01,10,17530,买盘
1112,11:13:35,17.52,-0.01,33,57816,卖盘
1113,11:13:31,17.53,0.01,6,10518,买盘
1114,11:13:26,17.52,-0.01,28,49056,卖盘
1115,11:13:16,17.53,0.01,49,85897,买盘
1116,11:13:11,17.52,--,5,8760,卖盘
1117,11:13:05,17.52,-0.01,61,106872,卖盘
1118,11:13:01,17.53,0.01,2,3506,买盘
1119,11:12:56,17.52,--,1,1752,卖盘
1120,11:12:46,17.52,--,8,14016,卖盘
1121,11:12:41,17.52,--,11,19272,卖盘
1122,11:12:35,17.52,-0.02,7,12264,卖盘
1123,11:12:26,17.54,--,22,38588,买盘
1124,11:12:20,17.54,0.02,1,1754,买盘
1125,11:12:11,17.52,-0.01,22,38544,卖盘
1126,11:12:05,17.53,-0.01,3,5259,卖盘
1127,11:12:01,17.54,--,1,1754,买盘
1128,11:11:56,17.54,0.02,27,47358,买盘
1129,11:11:46,17.52,-0.01,2,3504,卖盘
1130,11:11:41,17.53,0.01,28,49084,买盘
1131,11:11:35,17.52,--,10,17520,卖盘
1132,11:11:26,17.52,-0.02,14,24528,卖盘
1133,11:11:16,17.54,--,0,0,买盘
1134,11:11:11,17.54,0.01,38,66652,买盘
1135,11:11:05,17.53,0.01,9,15777,卖盘
1136,11:11:01,17.52,--,0,0,卖盘
1137,11:10:56,17.52,--,23,40296,卖盘
1138,11:10:46,17.52,--,13,22776,卖盘
1139,11:10:41,17.52,--,0,0,卖盘
1140,11:10:35,17.52,-0.02,19,33288,卖盘
1141,11:10:26,17.54,--,479,840166,买盘
1142,11:10:20,17.54,0.02,17,29818,买盘
1143,11:10:16,17.52,--,0,0,卖盘
1144,11:10:11,17.52,--,12,21024,卖盘
1145,11:10:05,17.52,-0.02,16,28032,卖盘
1146,11:10:01,17.54,0.02,59,103486,买盘
1147,11:09:56,17.52,--,1,1752,卖盘
1148,11:09:50,17.52,-0.01,1,1752,卖盘
1149,11:09:35,17.53,0.01,11,19283,买盘
1150,11:09:26,17.52,-0.01,1,1752,卖盘
1151,11:09:11,17.53,0.01,2,3506,买盘
1152,11:09:05,17.52,--,1,1752,卖盘
1153,11:08:56,17.52,--,3,5256,买盘
1154,11:08:50,17.52,0.01,8,14016,卖盘
1155,11:08:44,17.51,--,2,3502,买盘
1156,11:08:40,17.51,-0.01,28,49028,卖盘
1157,11:08:35,17.52,0.01,7,12264,卖盘
1158,11:08:25,17.51,--,17,29767,卖盘
1159,11:08:14,17.51,--,1,1751,卖盘
1160,11:08:05,17.51,--,3,5253,卖盘
1161,11:07:59,17.51,--,2,3502,买盘
1162,11:07:55,17.51,0.01,49,85799,买盘
1163,11:07:50,17.5,--,12,21000,卖盘
1164,11:07:44,17.5,--,60,105000,卖盘
1165,11:07:35,17.5,-0.01,39,68250,卖盘
1166,11:07:29,17.51,0.01,21,36771,买盘
1167,11:07:25,17.5,-0.01,62,108500,卖盘
1168,11:07:20,17.51,0.01,26,45526,买盘
1169,11:07:14,17.5,-0.01,76,133000,卖盘
1170,11:07:05,17.51,--,6,10506,买盘
1171,11:06:59,17.51,--,72,126072,卖盘
1172,11:06:55,17.51,--,18,31518,卖盘
1173,11:06:44,17.51,--,15,26265,卖盘
1174,11:06:35,17.51,--,18,31518,卖盘
1175,11:06:25,17.51,--,42,73542,卖盘
1176,11:06:20,17.51,-0.01,35,61285,卖盘
1177,11:06:13,17.52,0.01,10,17520,买盘
1178,11:06:05,17.51,-0.01,50,87550,卖盘
1179,11:05:59,17.52,--,6,10512,买盘
1180,11:05:55,17.52,--,70,122640,买盘
1181,11:05:50,17.52,--,1,1752,买盘
1182,11:05:43,17.52,-0.01,117,204984,卖盘
1183,11:05:40,17.53,--,6,10518,买盘
1184,11:05:35,17.53,--,67,117451,买盘
1185,11:05:25,17.53,--,13,22789,买盘
1186,11:05:20,17.53,0.01,26,45578,买盘
1187,11:05:10,17.52,-0.01,3,5256,卖盘
1188,11:05:05,17.53,-0.01,53,92909,买盘
1189,11:04:55,17.54,0.01,10,17540,买盘
1190,11:04:50,17.53,--,49,85897,卖盘
1191,11:04:40,17.53,-0.01,3,5259,卖盘
1192,11:04:35,17.54,0.01,21,36834,买盘
1193,11:04:25,17.53,--,2,3506,卖盘
1194,11:04:20,17.53,-0.01,2,3506,卖盘
1195,11:04:14,17.54,0.01,65,114010,买盘
1196,11:04:05,17.53,-0.01,3,5259,卖盘
1197,11:03:59,17.54,0.01,2,3508,买盘
1198,11:03:55,17.53,-0.01,6,10518,卖盘
1199,11:03:50,17.54,0.01,8,14032,买盘
1200,11:03:40,17.53,--,19,33307,卖盘
1201,11:03:35,17.53,--,30,52590,卖盘
1202,11:03:29,17.53,-0.01,327,573231,卖盘
1203,11:03:25,17.54,0.01,14,24556,买盘
1204,11:03:20,17.53,--,2,3506,卖盘
1205,11:03:10,17.53,--,3,5259,卖盘
1206,11:03:05,17.53,-0.01,129,226137,卖盘
1207,11:02:59,17.54,--,11,19294,买盘
1208,11:02:55,17.54,--,1,1754,买盘
1209,11:02:50,17.54,--,1,1754,买盘
1210,11:02:44,17.54,0.01,1,1754,买盘
1211,11:02:35,17.53,-0.01,3,5259,卖盘
1212,11:02:29,17.54,0.01,18,31572,买盘
1213,11:02:14,17.53,-0.01,3,5259,卖盘
1214,11:02:08,17.54,--,1,1754,买盘
1215,11:02:05,17.54,0.02,33,57882,买盘
1216,11:01:53,17.52,0.02,1,1752,卖盘
1217,11:01:49,17.5,--,0,0,卖盘
1218,11:01:44,17.5,-0.01,61,106750,卖盘
1219,11:01:38,17.51,--,18,31518,买盘
1220,11:01:34,17.51,--,101,176851,卖盘
1221,11:01:29,17.51,--,24,42024,卖盘
1222,11:01:19,17.51,--,41,71791,卖盘
1223,11:01:14,17.51,0.01,39,68289,卖盘
1224,11:01:07,17.5,--,0,0,卖盘
1225,11:01:04,17.5,-0.01,98,171500,卖盘
1226,11:00:58,17.51,--,97,169847,买盘
1227,11:00:49,17.51,-0.01,16,28016,买盘
1228,11:00:44,17.52,0.01,305,534360,买盘
1229,11:00:34,17.51,--,112,196112,卖盘
1230,11:00:29,17.51,-0.01,51,89301,卖盘
1231,11:00:19,17.52,-0.01,14,24528,买盘
1232,11:00:14,17.53,--,194,340082,买盘
1233,11:00:04,17.53,--,25,43825,卖盘
1234,10:59:59,17.53,-0.01,59,103427,卖盘
1235,10:59:53,17.54,0.01,54,94716,买盘
1236,10:59:49,17.53,--,4,7012,买盘
1237,10:59:43,17.53,--,14,24542,卖盘
1238,10:59:34,17.53,--,7,12271,卖盘
1239,10:59:29,17.53,--,24,42072,卖盘
1240,10:59:19,17.53,-0.01,46,80638,卖盘
1241,10:59:14,17.54,0.01,12,21048,买盘
1242,10:59:08,17.53,--,1,1753,买盘
1243,10:59:04,17.53,0.01,6,10518,中性盘
1244,10:58:59,17.52,-0.02,50,87600,卖盘
1245,10:58:53,17.54,0.02,1,1754,买盘
1246,10:58:49,17.52,--,0,0,卖盘
1247,10:58:43,17.52,-0.01,72,126144,卖盘
1248,10:58:38,17.53,-0.01,1,1753,买盘
1249,10:58:34,17.54,--,12,21048,买盘
1250,10:58:28,17.54,0.02,107,187678,买盘
1251,10:58:19,17.52,--,103,180456,卖盘
1252,10:58:13,17.52,--,0,0,卖盘
1253,10:58:04,17.52,-0.01,185,324120,卖盘
1254,10:57:58,17.53,--,98,171794,买盘
1255,10:57:52,17.53,--,4,7012,买盘
1256,10:57:49,17.53,--,15,26295,买盘
1257,10:57:44,17.53,--,12,21036,买盘
1258,10:57:38,17.53,--,11,19283,买盘
1259,10:57:34,17.53,-0.01,161,282233,卖盘
1260,10:57:29,17.54,--,81,142074,买盘
1261,10:57:23,17.54,0.01,30,52620,买盘
1262,10:57:19,17.53,-0.01,116,203348,卖盘
1263,10:57:13,17.54,--,17,29818,买盘
1264,10:57:08,17.54,--,5,8770,买盘
1265,10:57:04,17.54,-0.02,106,185924,卖盘
1266,10:56:59,17.56,--,70,122919,买盘
1267,10:56:53,17.56,0.02,53,93068,买盘
1268,10:56:49,17.54,-0.02,44,77176,卖盘
1269,10:56:43,17.56,0.02,10,17560,买盘
1270,10:56:38,17.54,--,145,254330,卖盘
1271,10:56:28,17.54,-0.02,79,138566,卖盘
1272,10:56:18,17.56,0.02,56,98336,买盘
1273,10:56:07,17.54,--,48,84192,卖盘
1274,10:55:58,17.54,--,179,313966,中性盘
1275,10:55:52,17.54,--,93,163122,买盘
1276,10:55:46,17.54,--,46,80684,买盘
1277,10:55:43,17.54,--,16,28064,买盘
1278,10:55:38,17.54,--,60,105240,买盘
1279,10:55:31,17.54,--,10,17540,买盘
1280,10:55:28,17.54,--,60,105240,买盘
1281,10:55:22,17.54,--,56,98224,买盘
1282,10:55:17,17.54,--,21,36834,买盘
1283,10:55:13,17.54,-0.02,17,29818,卖盘
1284,10:55:08,17.56,--,59,103603,买盘
1285,10:55:01,17.56,0.01,20,35120,买盘
1286,10:54:58,17.55,-0.01,48,84240,卖盘
1287,10:54:52,17.56,--,169,296764,买盘
1288,10:54:46,17.56,0.01,72,126431,买盘
1289,10:54:43,17.55,-0.01,76,133380,卖盘
1290,10:54:37,17.56,-0.02,217,381069,卖盘
1291,10:54:31,17.58,0.02,100,175799,买盘
1292,10:54:28,17.56,-0.02,449,788444,卖盘
1293,10:54:22,17.58,0.02,12,21095,买盘
1294,10:54:13,17.56,--,58,103586,卖盘
1295,10:54:07,17.56,0.02,466,818295,买盘
1296,10:53:58,17.54,-0.01,61,106994,卖盘
1297,10:53:52,17.55,0.01,50,87750,买盘
1298,10:53:46,17.54,-0.02,109,191186,卖盘
1299,10:53:43,17.56,-0.01,2,3511,买盘
1300,10:53:37,17.57,0.03,12,21084,卖盘
1301,10:53:31,17.54,--,0,0,卖盘
1302,10:53:28,17.54,-0.02,249,436746,卖盘
1303,10:53:22,17.56,--,80,140480,卖盘
1304,10:53:16,17.56,--,113,198428,卖盘
1305,10:53:13,17.56,--,201,352956,卖盘
1306,10:53:07,17.56,--,112,196672,卖盘
1307,10:52:58,17.56,0.02,406,712936,买盘
1308,10:52:52,17.54,--,2,3508,买盘
1309,10:52:46,17.54,--,15,26310,买盘
1310,10:52:43,17.54,--,7,12278,买盘
1311,10:52:37,17.54,--,3,5262,买盘
1312,10:52:28,17.54,-0.02,52,91208,卖盘
1313,10:52:22,17.56,--,40,70240,买盘
1314,10:52:16,17.56,--,256,449535,买盘
1315,10:52:13,17.56,0.01,1,1755,买盘
1316,10:52:07,17.55,--,407,714285,卖盘
1317,10:52:01,17.55,--,90,157950,卖盘
1318,10:51:58,17.55,0.01,294,515970,买盘
1319,10:51:52,17.54,--,18,31572,买盘
1320,10:51:46,17.54,--,0,0,买盘
1321,10:51:43,17.54,0.02,10,17540,买盘
1322,10:51:37,17.52,0.01,58,101616,卖盘
1323,10:51:31,17.51,--,0,0,卖盘
1324,10:51:28,17.51,-0.02,41,71791,卖盘
1325,10:51:22,17.53,0.02,96,168288,买盘
1326,10:51:16,17.51,-0.01,55,96305,卖盘
1327,10:51:13,17.52,--,57,99864,买盘
1328,10:51:07,17.52,--,84,147168,买盘
1329,10:51:01,17.52,--,25,43800,买盘
1330,10:50:58,17.52,--,15,26280,买盘
1331,10:50:52,17.52,-0.01,116,203232,卖盘
1332,10:50:46,17.53,--,103,180559,买盘
1333,10:50:42,17.53,--,119,208607,买盘
1334,10:50:37,17.53,--,144,252432,买盘
1335,10:50:31,17.53,--,15,26295,买盘
1336,10:50:28,17.53,--,4,7012,买盘
1337,10:50:22,17.53,--,14,24542,买盘
1338,10:50:16,17.53,-0.01,311,545183,卖盘
1339,10:50:13,17.54,--,41,71914,买盘
1340,10:50:07,17.54,-0.02,27,47358,中性盘
1341,10:50:01,17.56,--,53,93068,买盘
1342,10:49:58,17.56,0.01,73,128187,买盘
1343,10:49:52,17.55,-0.01,1,1755,买盘
1344,10:49:46,17.56,--,0,0,买盘
1345,10:49:43,17.56,0.03,39,68484,买盘
1346,10:49:37,17.53,-0.01,60,105180,卖盘
1347,10:49:31,17.54,--,0,0,中性盘
1348,10:49:27,17.54,--,122,213988,卖盘
1349,10:49:22,17.54,-0.01,144,252576,卖盘
1350,10:49:13,17.55,--,11,19305,买盘
1351,10:49:07,17.55,--,50,87750,卖盘
1352,10:49:01,17.55,-0.01,101,177255,卖盘
1353,10:48:57,17.56,--,54,94824,卖盘
1354,10:48:52,17.56,--,74,129943,卖盘
1355,10:48:46,17.56,-0.02,125,219499,卖盘
1356,10:48:37,17.58,-0.03,9,15821,卖盘
1357,10:48:31,17.61,0.03,114,200754,买盘
1358,10:48:27,17.58,--,18,31643,卖盘
1359,10:48:22,17.58,--,0,0,卖盘
1360,10:48:16,17.58,-0.03,17,29885,卖盘
1361,10:48:07,17.61,-0.03,20,35220,中性盘
1362,10:48:01,17.64,--,87,153468,卖盘
1363,10:47:57,17.64,0.03,159,280476,买盘
1364,10:47:52,17.61,--,26,45786,卖盘
1365,10:47:46,17.61,--,75,132075,卖盘
1366,10:47:37,17.61,0.04,316,556476,买盘
1367,10:47:31,17.57,--,55,96635,卖盘
1368,10:47:25,17.57,--,73,128261,卖盘
1369,10:47:22,17.57,--,84,147588,卖盘
1370,10:47:16,17.57,--,100,175700,卖盘
1371,10:47:07,17.57,--,476,836332,卖盘
1372,10:46:55,17.57,--,85,149345,卖盘
1373,10:46:52,17.57,0.01,156,274092,中性盘
1374,10:46:46,17.56,--,68,119407,卖盘
1375,10:46:40,17.56,--,59,103603,卖盘
1376,10:46:37,17.56,--,615,1079940,买盘
1377,10:46:31,17.56,--,292,512751,买盘
1378,10:46:22,17.56,0.01,23,40388,买盘
1379,10:46:16,17.55,--,0,0,卖盘
1380,10:46:07,17.55,-0.03,346,607230,卖盘
1381,10:46:01,17.58,0.02,211,370937,买盘
1382,10:45:55,17.56,-0.02,39,68484,卖盘
1383,10:45:52,17.58,--,8,14063,买盘
1384,10:45:46,17.58,0.02,41,72078,中性盘
1385,10:45:40,17.56,-0.02,135,237059,卖盘
1386,10:45:37,17.58,--,240,421919,卖盘
1387,10:45:31,17.58,--,246,432467,卖盘
1388,10:45:25,17.58,--,269,472901,卖盘
1389,10:45:22,17.58,--,0,0,卖盘
1390,10:45:16,17.58,--,88,154703,卖盘
1391,10:45:07,17.58,0.01,179,314681,中性盘
1392,10:44:55,17.57,-0.08,23,40411,卖盘
1393,10:44:52,17.65,0.09,20,35300,买盘
1394,10:44:46,17.56,--,241,423195,卖盘
1395,10:44:40,17.56,--,107,187892,卖盘
1396,10:44:37,17.56,-0.09,616,1081696,卖盘
1397,10:44:31,17.65,0.09,243,428894,买盘
1398,10:44:25,17.56,0.02,5,8780,卖盘
1399,10:44:22,17.54,-0.02,500,877000,卖盘
1400,10:44:16,17.56,0.02,174,305544,买盘
1401,10:44:10,17.54,--,0,0,卖盘
1402,10:44:07,17.54,-0.01,27,47358,卖盘
1403,10:44:01,17.55,0.01,58,101790,买盘
1404,10:43:55,17.54,--,111,194694,买盘
1405,10:43:46,17.54,--,101,177154,买盘
1406,10:43:40,17.54,--,8,14032,买盘
1407,10:43:37,17.54,-0.12,172,301688,卖盘
1408,10:43:31,17.66,0.1,217,383222,买盘
1409,10:43:25,17.56,-0.02,93,163308,卖盘
1410,10:43:22,17.58,0.02,39,68562,买盘
1411,10:43:16,17.56,-0.02,11,19316,中性盘
1412,10:43:10,17.58,-0.08,6,10547,卖盘
1413,10:43:07,17.66,--,10,17660,买盘
1414,10:43:01,17.66,--,5,8830,买盘
1415,10:42:55,17.66,--,0,0,买盘
1416,10:42:52,17.66,0.12,3,5298,买盘
1417,10:42:46,17.54,-0.01,276,484104,卖盘
1418,10:42:37,17.55,0.01,320,561600,卖盘
1419,10:42:31,17.54,--,485,850690,卖盘
1420,10:42:25,17.54,--,25,43850,卖盘
1421,10:42:21,17.54,--,488,855952,卖盘
1422,10:42:16,17.54,--,49,85946,卖盘
1423,10:42:10,17.54,--,83,145582,买盘
1424,10:42:06,17.54,--,38,66652,买盘
1425,10:42:01,17.54,--,28,49112,卖盘
1426,10:41:55,17.54,--,91,159614,买盘
1427,10:41:51,17.54,-0.01,205,359570,卖盘
1428,10:41:46,17.55,0.01,361,633555,买盘
1429,10:41:40,17.54,-0.01,3,5262,买盘
1430,10:41:36,17.55,--,105,184275,买盘
1431,10:41:31,17.55,--,326,572130,买盘
1432,10:41:25,17.55,-0.01,163,286065,卖盘
1433,10:41:21,17.56,-0.01,73,128187,买盘
1434,10:41:16,17.57,0.03,134,235438,买盘
1435,10:41:10,17.54,-0.03,156,273624,卖盘
1436,10:41:06,17.57,0.03,195,342615,买盘
1437,10:41:01,17.54,0.01,572,1003288,买盘
1438,10:40:55,17.53,-0.01,65,113945,卖盘
1439,10:40:51,17.54,--,275,482350,卖盘
1440,10:40:46,17.54,--,329,577066,买盘
1441,10:40:40,17.54,0.01,805,1411970,买盘
1442,10:40:36,17.53,-0.01,55,96415,卖盘
1443,10:40:31,17.54,0.01,2,3508,买盘
1444,10:40:25,17.53,-0.01,9,15777,卖盘
1445,10:40:16,17.54,0.01,28,49112,买盘
1446,10:40:10,17.53,0.03,2,3506,买盘
1447,10:40:06,17.5,-0.01,218,381500,卖盘
1448,10:40:01,17.51,--,22,38522,卖盘
1449,10:39:55,17.51,--,14,24514,卖盘
1450,10:39:46,17.51,-0.02,13,22763,卖盘
1451,10:39:40,17.53,0.02,2,3506,买盘
1452,10:39:34,17.51,--,6,10506,卖盘
1453,10:39:25,17.51,-0.02,16,28016,卖盘
1454,10:39:19,17.53,0.02,39,68367,买盘
1455,10:39:16,17.51,-0.02,116,203116,卖盘
1456,10:39:10,17.53,--,0,0,买盘
1457,10:39:04,17.53,0.01,10,17530,买盘
1458,10:39:01,17.52,-0.01,5,8760,卖盘
1459,10:38:55,17.53,--,5,8765,买盘
1460,10:38:49,17.53,-0.01,126,220878,卖盘
1461,10:38:46,17.54,--,46,80684,买盘
1462,10:38:40,17.54,0.01,10,17540,买盘
1463,10:38:34,17.53,-0.01,88,154264,卖盘
1464,10:38:31,17.54,0.01,30,52620,买盘
1465,10:38:25,17.53,-0.01,103,180559,卖盘
1466,10:38:19,17.54,--,3,5262,买盘
1467,10:38:16,17.54,--,63,110502,卖盘
1468,10:38:10,17.54,--,20,35080,卖盘
1469,10:38:04,17.54,-0.02,250,438500,卖盘
1470,10:38:01,17.56,0.02,4,7023,买盘
1471,10:37:55,17.54,-0.02,259,454286,卖盘
1472,10:37:49,17.56,0.02,5,8780,买盘
1473,10:37:46,17.54,-0.02,204,357816,卖盘
1474,10:37:40,17.56,0.01,16,28095,买盘
1475,10:37:34,17.55,--,58,101790,卖盘
1476,10:37:25,17.55,-0.01,128,224640,卖盘
1477,10:37:19,17.56,--,40,70240,卖盘
1478,10:37:16,17.56,--,95,166820,卖盘
1479,10:37:04,17.56,--,31,54435,卖盘
1480,10:37:01,17.56,-0.01,18,31607,卖盘
1481,10:36:55,17.57,0.01,79,138803,买盘
1482,10:36:49,17.56,--,20,35120,卖盘
1483,10:36:46,17.56,-0.01,34,59703,买盘
1484,10:36:40,17.57,--,74,130018,买盘
1485,10:36:31,17.57,0.01,51,89607,买盘
1486,10:36:25,17.56,-0.02,36,63215,卖盘
1487,10:36:19,17.58,0.02,61,107237,买盘
1488,10:36:16,17.56,-0.01,43,75508,卖盘
1489,10:36:10,17.57,--,49,86093,卖盘
1490,10:36:04,17.57,--,71,124747,买盘
1491,10:36:00,17.57,--,67,117719,卖盘
1492,10:35:55,17.57,--,95,166915,卖盘
1493,10:35:49,17.57,--,69,121233,卖盘
1494,10:35:45,17.57,0.01,275,483175,买盘
1495,10:35:40,17.56,-0.01,18,31607,卖盘
1496,10:35:34,17.57,--,3,5271,买盘
1497,10:35:30,17.57,--,16,28112,卖盘
1498,10:35:25,17.57,0.01,1,1757,中性盘
1499,10:35:19,17.56,-0.09,47,82532,卖盘
1500,10:35:16,17.65,0.09,6,10590,买盘
1501,10:35:10,17.56,-0.01,83,145748,卖盘
1502,10:35:00,17.57,-0.08,27,47439,卖盘
1503,10:34:55,17.65,0.09,4,7059,买盘
1504,10:34:49,17.56,-0.02,38,66728,卖盘
1505,10:34:45,17.58,0.01,29,50981,中性盘
1506,10:34:40,17.57,-0.09,60,105420,卖盘
1507,10:34:34,17.66,0.09,44,77704,买盘
1508,10:34:30,17.57,--,68,119476,卖盘
1509,10:34:25,17.57,--,84,147588,卖盘
1510,10:34:15,17.57,--,105,184485,卖盘
1511,10:34:10,17.57,--,160,281120,卖盘
1512,10:34:04,17.57,--,49,86093,买盘
1513,10:34:00,17.57,0.02,43,75551,买盘
1514,10:33:55,17.55,-0.02,81,142155,卖盘
1515,10:33:45,17.57,--,116,203812,中性盘
1516,10:33:40,17.57,--,124,217868,买盘
1517,10:33:34,17.57,--,2,3514,买盘
1518,10:33:30,17.57,-0.01,83,145831,卖盘
1519,10:33:25,17.58,-0.02,28,49223,卖盘
1520,10:33:19,17.6,--,133,234080,卖盘
1521,10:33:15,17.6,--,40,70400,卖盘
1522,10:33:10,17.6,-0.07,50,88000,卖盘
1523,10:33:00,17.67,0.06,25,44175,买盘
1524,10:32:55,17.61,--,2,3522,卖盘
1525,10:32:49,17.61,-0.07,44,77484,中性盘
1526,10:32:34,17.68,0.08,2,3536,买盘
1527,10:32:30,17.6,-0.02,27,47520,卖盘
1528,10:32:25,17.62,-0.06,3,5286,卖盘
1529,10:32:19,17.68,0.08,36,63648,买盘
1530,10:32:15,17.6,--,0,0,卖盘
1531,10:32:10,17.6,--,28,49280,卖盘
1532,10:32:04,17.6,--,19,33440,卖盘
1533,10:31:59,17.6,0.04,48,84480,卖盘
1534,10:31:55,17.56,--,0,0,卖盘
1535,10:31:49,17.56,-0.01,81,142236,卖盘
1536,10:31:43,17.57,-0.03,69,121233,卖盘
1537,10:31:40,17.6,0.03,14,24640,中性盘
1538,10:31:34,17.57,--,126,221382,卖盘
1539,10:31:28,17.57,-0.01,75,131775,卖盘
1540,10:31:25,17.58,0.01,165,290070,卖盘
1541,10:31:19,17.57,--,63,110691,卖盘
1542,10:31:13,17.57,--,52,91364,卖盘
1543,10:31:10,17.57,-0.03,67,117719,卖盘
1544,10:31:04,17.6,-0.08,6,10560,卖盘
1545,10:30:58,17.68,0.11,1,1768,卖盘
1546,10:30:49,17.57,-0.11,214,375998,卖盘
1547,10:30:43,17.68,0.11,40,70720,买盘
1548,10:30:40,17.57,--,116,203812,买盘
1549,10:30:34,17.57,0.01,25,43925,卖盘
1550,10:30:28,17.56,-0.13,15,26339,卖盘
1551,10:30:25,17.69,0.13,48,84912,买盘
1552,10:30:19,17.56,-0.13,46,80776,卖盘
1553,10:30:13,17.69,0.14,21,37149,买盘
1554,10:30:10,17.55,--,88,154440,卖盘
1555,10:30:04,17.55,-0.13,45,78975,卖盘
1556,10:29:58,17.68,0.13,65,114920,买盘
1557,10:29:55,17.55,--,89,156195,卖盘
1558,10:29:49,17.55,0.01,152,266760,卖盘
1559,10:29:43,17.54,--,262,459548,买盘
1560,10:29:40,17.54,--,147,257838,买盘
1561,10:29:34,17.54,--,146,256084,卖盘
1562,10:29:25,17.54,--,659,1155886,买盘
1563,10:29:19,17.54,--,81,142074,买盘
1564,10:29:13,17.54,--,110,192940,中性盘
1565,10:29:10,17.54,--,733,1285682,买盘
1566,10:29:04,17.54,--,9,15786,买盘
1567,10:28:58,17.54,--,78,136812,买盘
1568,10:28:55,17.54,--,5,8770,买盘
1569,10:28:49,17.54,--,44,77176,买盘
1570,10:28:43,17.54,--,231,405174,卖盘
1571,10:28:39,17.54,-0.01,223,391142,卖盘
1572,10:28:34,17.55,--,179,314145,卖盘
1573,10:28:28,17.55,--,150,263250,卖盘
1574,10:28:25,17.55,0.01,329,577395,买盘
1575,10:28:19,17.54,--,8,14032,买盘
1576,10:28:13,17.54,-0.04,84,147336,卖盘
1577,10:28:09,17.58,--,170,298860,买盘
1578,10:28:04,17.58,-0.03,101,177557,卖盘
1579,10:27:58,17.61,-0.07,127,223647,卖盘
1580,10:27:49,17.68,0.06,180,318240,买盘
1581,10:27:43,17.62,0.01,10,17620,卖盘
1582,10:27:39,17.61,-0.01,198,348678,卖盘
1583,10:27:34,17.62,--,3,5286,买盘
1584,10:27:24,17.62,-0.14,102,179724,卖盘
1585,10:27:19,17.76,-0.01,127,225552,中性盘
1586,10:27:13,17.77,0.15,8,14216,买盘
1587,10:27:09,17.62,0.02,3,5286,卖盘
1588,10:27:04,17.6,-0.17,105,184800,卖盘
1589,10:26:58,17.77,0.13,86,152822,买盘
1590,10:26:54,17.64,--,0,0,买盘
1591,10:26:49,17.64,0.03,4,7056,买盘
1592,10:26:43,17.61,-0.01,69,121509,卖盘
1593,10:26:39,17.62,-0.02,2,3524,卖盘
1594,10:26:34,17.64,0.03,2,3528,买盘
1595,10:26:28,17.61,-0.03,87,153207,卖盘
1596,10:26:24,17.64,--,140,246960,卖盘
1597,10:26:19,17.64,-0.06,110,194040,卖盘
1598,10:26:09,17.7,--,4,7080,卖盘
1599,10:26:04,17.7,--,47,83190,买盘
1600,10:25:58,17.7,--,5,8850,买盘
1601,10:25:39,17.7,0.06,3,5310,买盘
1602,10:25:24,17.64,--,0,0,卖盘
1603,10:25:13,17.64,--,4,7056,买盘
1604,10:24:54,17.64,0.03,3,5292,买盘
1605,10:24:49,17.61,--,0,0,卖盘
1606,10:24:34,17.61,-0.03,123,216603,卖盘
1607,10:24:28,17.64,--,1,1764,买盘
1608,10:24:24,17.64,0.03,3,5292,买盘
1609,10:24:19,17.61,-0.02,304,535344,买盘
1610,10:24:13,17.63,-0.01,70,123410,卖盘
1611,10:24:09,17.64,--,0,0,卖盘
1612,10:24:04,17.64,--,0,0,卖盘
1613,10:23:58,17.64,--,264,465696,买盘
1614,10:23:43,17.64,-0.03,119,209916,卖盘
1615,10:23:37,17.67,--,0,0,卖盘
1616,10:23:34,17.67,-0.11,10,17670,卖盘
1617,10:23:28,17.78,0.09,13,23114,买盘
1618,10:23:22,17.69,0.05,10,17690,买盘
1619,10:23:19,17.64,-0.01,165,291060,买盘
1620,10:23:13,17.65,-0.04,55,97074,卖盘
1621,10:23:07,17.69,--,3,5307,买盘
1622,10:23:04,17.69,--,0,0,买盘
1623,10:22:58,17.69,0.07,14,24766,买盘
1624,10:22:49,17.62,--,0,0,卖盘
1625,10:22:43,17.62,-0.07,73,128626,卖盘
1626,10:22:37,17.69,0.03,1,1769,买盘
1627,10:22:34,17.66,-0.01,81,143046,卖盘
1628,10:22:22,17.67,--,149,263283,卖盘
1629,10:22:19,17.67,-0.01,251,443517,卖盘
1630,10:22:07,17.68,-0.02,272,480896,卖盘
1631,10:21:58,17.7,--,146,258420,卖盘
1632,10:21:52,17.7,-0.01,67,118590,卖盘
1633,10:21:49,17.71,--,5,8855,买盘
1634,10:21:37,17.71,--,3,5313,买盘
1635,10:21:33,17.71,-0.06,25,44275,卖盘
1636,10:21:28,17.77,0.06,47,83519,卖盘
1637,10:21:22,17.71,-0.08,26,46046,卖盘
1638,10:21:18,17.79,0.01,50,88950,买盘
1639,10:21:13,17.78,--,14,24892,买盘
1640,10:21:07,17.78,--,0,0,买盘
1641,10:21:03,17.78,-0.01,6,10668,买盘
1642,10:20:48,17.79,--,0,0,买盘
1643,10:20:37,17.79,--,11,19569,买盘
1644,10:20:28,17.79,-0.02,1,1779,买盘
1645,10:20:22,17.81,0.13,9,16028,买盘
1646,10:20:18,17.68,-0.13,86,152048,卖盘
1647,10:20:13,17.81,-0.03,4,7123,中性盘
1648,10:20:07,17.84,0.02,22,39248,买盘
1649,10:20:03,17.82,0.15,10,17820,买盘
1650,10:19:58,17.67,-0.15,113,199671,卖盘
1651,10:19:52,17.82,0.13,10,17820,买盘
1652,10:19:48,17.69,-0.13,46,81374,卖盘
1653,10:19:43,17.82,--,10,17820,买盘
1654,10:19:37,17.82,--,10,17820,买盘
1655,10:19:33,17.82,--,11,19602,买盘
1656,10:19:28,17.82,--,11,19602,买盘
1657,10:19:22,17.82,--,10,17820,买盘
1658,10:19:18,17.82,0.13,10,17820,卖盘
1659,10:19:13,17.69,-0.13,50,88450,卖盘
1660,10:19:07,17.82,0.04,6,10692,买盘
1661,10:19:03,17.78,0.11,10,17780,买盘
1662,10:18:58,17.67,--,32,56544,买盘
1663,10:18:52,17.67,--,69,121923,买盘
1664,10:18:48,17.67,--,22,38874,买盘
1665,10:18:43,17.67,--,85,150195,卖盘
1666,10:18:37,17.67,-0.12,134,236778,卖盘
1667,10:18:33,17.79,0.13,36,64044,买盘
1668,10:18:28,17.66,-0.03,300,529800,卖盘
1669,10:18:22,17.69,--,0,0,卖盘
1670,10:18:18,17.69,-0.01,249,440481,卖盘
1671,10:18:13,17.7,-0.17,311,550470,卖盘
1672,10:18:07,17.87,0.12,863,1542181,买盘
1673,10:18:03,17.75,--,10,17750,买盘
1674,10:17:58,17.75,-0.06,26,46150,卖盘
1675,10:17:48,17.81,--,23,40963,买盘
1676,10:17:43,17.81,--,10,17810,买盘
1677,10:17:37,17.81,0.03,11,19591,买盘
1678,10:17:33,17.78,-0.03,37,65786,卖盘
1679,10:17:28,17.81,--,1,1780,买盘
1680,10:17:22,17.81,--,10,17810,买盘
1681,10:17:18,17.81,--,13,23153,买盘
1682,10:17:13,17.81,-0.01,26,46306,卖盘
1683,10:17:07,17.82,0.01,6,10692,买盘
1684,10:16:58,17.81,0.08,9,16028,买盘
1685,10:16:52,17.73,-0.08,34,60282,卖盘
1686,10:16:48,17.81,--,10,17810,买盘
1687,10:16:43,17.81,0.05,10,17810,买盘
1688,10:16:37,17.76,--,11,19536,卖盘
1689,10:16:28,17.76,--,50,88800,买盘
1690,10:16:22,17.76,--,41,72816,买盘
1691,10:16:16,17.76,--,10,17760,买盘
1692,10:16:13,17.76,--,36,63936,买盘
1693,10:16:07,17.76,-0.03,10,17760,买盘
1694,10:16:01,17.79,-0.02,3,5337,卖盘
1695,10:15:58,17.81,0.02,10,17810,中性盘
1696,10:15:52,17.79,-0.03,48,85392,卖盘
1697,10:15:43,17.82,--,10,17820,买盘
1698,10:15:37,17.82,--,17,30294,买盘
1699,10:15:27,17.82,0.01,2,3564,买盘
1700,10:15:12,17.81,--,3,5343,买盘
1701,10:15:01,17.81,--,0,0,买盘
1702,10:14:57,17.81,0.1,10,17810,买盘
1703,10:14:52,17.71,-0.04,44,77924,卖盘
1704,10:14:46,17.75,-0.04,17,30175,卖盘
1705,10:14:42,17.79,--,10,17790,买盘
1706,10:14:37,17.79,-0.03,11,19569,买盘
1707,10:14:27,17.82,-0.01,32,57024,卖盘
1708,10:14:22,17.83,0.01,10,17830,买盘
1709,10:14:12,17.82,-0.01,10,17820,买盘
1710,10:14:07,17.83,0.07,10,17830,买盘
1711,10:14:01,17.76,-0.07,72,128937,卖盘
1712,10:13:57,17.83,--,10,17830,买盘
1713,10:13:52,17.83,--,145,258534,买盘
1714,10:13:46,17.83,--,8,14263,买盘
1715,10:13:42,17.83,--,7,12480,卖盘
1716,10:13:37,17.83,0.06,3,5348,中性盘
1717,10:13:31,17.77,-0.07,46,81742,卖盘
1718,10:13:27,17.84,--,0,0,买盘
1719,10:13:22,17.84,0.04,26,46384,买盘
1720,10:13:12,17.8,-0.01,54,96120,卖盘
1721,10:13:07,17.81,0.11,50,89762,买盘
1722,10:13:01,17.7,-0.07,20,35400,卖盘
1723,10:12:57,17.77,--,10,17770,买盘
1724,10:12:52,17.77,0.01,10,17770,买盘
1725,10:12:42,17.76,-0.01,11,19536,买盘
1726,10:12:37,17.77,--,11,19547,买盘
1727,10:12:31,17.77,--,64,113728,买盘
1728,10:12:27,17.77,--,11,19547,买盘
1729,10:12:22,17.77,--,111,197247,买盘
1730,10:12:16,17.77,-0.06,8,15282,卖盘
1731,10:12:12,17.83,0.03,8,14977,买盘
1732,10:12:07,17.8,--,60,106800,买盘
1733,10:12:01,17.8,--,18,32040,买盘
1734,10:11:57,17.8,--,10,17800,买盘
1735,10:11:52,17.8,--,10,17800,买盘
1736,10:11:46,17.8,0.03,10,17800,买盘
1737,10:11:42,17.77,--,11,19547,卖盘
1738,10:11:37,17.77,--,0,0,中性盘
1739,10:11:31,17.77,0.05,171,303867,买盘
1740,10:11:27,17.72,--,12,21264,买盘
1741,10:11:22,17.72,-0.08,139,247371,卖盘
1742,10:11:16,17.8,-0.03,125,222500,卖盘
1743,10:11:12,17.83,--,21,37443,买盘
1744,10:11:07,17.83,0.03,129,230006,卖盘
1745,10:11:01,17.8,--,0,0,卖盘
1746,10:10:57,17.8,-0.03,142,252760,卖盘
1747,10:10:52,17.83,0.01,10,17830,买盘
1748,10:10:42,17.82,--,8,14256,卖盘
1749,10:10:31,17.82,-0.01,17,30294,卖盘
1750,10:10:27,17.83,--,14,24961,买盘
1751,10:10:16,17.83,0.01,48,85583,买盘
1752,10:10:07,17.82,--,13,23166,买盘
1753,10:10:01,17.82,--,65,115830,买盘
1754,10:09:57,17.82,--,13,23166,买盘
1755,10:09:46,17.82,--,9,16038,买盘
1756,10:09:37,17.82,--,1,1782,买盘
1757,10:09:31,17.82,--,10,17820,买盘
1758,10:09:25,17.82,0.02,1,1782,买盘
1759,10:09:21,17.8,-0.02,30,53400,卖盘
1760,10:09:16,17.82,0.04,751,1338994,买盘
1761,10:09:10,17.78,0.01,16,28448,中性盘
1762,10:09:01,17.77,-0.02,8,14216,卖盘
1763,10:08:55,17.79,--,50,88950,买盘
1764,10:08:51,17.79,--,4,7116,买盘
1765,10:08:46,17.79,-0.01,20,35580,卖盘
1766,10:08:40,17.8,--,1,1780,买盘
1767,10:08:36,17.8,--,1,1780,买盘
1768,10:08:31,17.8,--,0,0,买盘
1769,10:08:25,17.8,0.05,3,5340,买盘
1770,10:08:21,17.75,-0.03,362,642550,卖盘
1771,10:08:16,17.78,0.01,1,1778,买盘
1772,10:08:06,17.77,-0.01,1,1777,买盘
1773,10:08:01,17.78,0.01,6,10668,买盘
1774,10:07:55,17.77,-0.01,3,5331,卖盘
1775,10:07:51,17.78,--,0,0,中性盘
1776,10:07:46,17.78,--,2,3556,买盘
1777,10:07:40,17.78,--,1,1778,买盘
1778,10:07:36,17.78,--,3,5334,买盘
1779,10:07:31,17.78,0.01,13,23114,买盘
1780,10:07:16,17.77,-0.01,4,7108,卖盘
1781,10:07:06,17.78,-0.01,9,16002,中性盘
1782,10:07:01,17.79,0.05,18,32022,买盘
1783,10:06:51,17.74,--,10,17740,买盘
1784,10:06:46,17.74,-0.03,10,17740,买盘
1785,10:06:40,17.77,--,9,17076,卖盘
1786,10:06:36,17.77,-0.02,23,40871,卖盘
1787,10:06:31,17.79,0.02,9,16011,买盘
1788,10:06:21,17.77,--,159,283236,买盘
1789,10:06:15,17.77,0.07,38,67526,买盘
1790,10:06:10,17.7,--,18,31860,买盘
1791,10:06:06,17.7,--,53,93810,买盘
1792,10:06:01,17.7,--,0,0,买盘
1793,10:05:55,17.7,-0.06,10,17700,中性盘
1794,10:05:51,17.76,-0.01,28,49728,中性盘
1795,10:05:46,17.77,0.1,10,17770,买盘
1796,10:05:36,17.67,--,10,17670,买盘
1797,10:05:30,17.67,-0.1,101,178467,卖盘
1798,10:05:25,17.77,--,1,1777,买盘
1799,10:05:21,17.77,0.01,10,17770,买盘
1800,10:05:15,17.76,-0.01,14,24864,买盘
1801,10:05:10,17.77,--,0,0,买盘
1802,10:05:06,17.77,--,11,19547,买盘
1803,10:05:01,17.77,--,14,24878,买盘
1804,10:04:51,17.77,0.02,304,540208,买盘
1805,10:04:45,17.75,-0.02,72,128882,卖盘
1806,10:04:40,17.77,-0.02,21,37317,中性盘
1807,10:04:36,17.79,--,11,19569,买盘
1808,10:04:25,17.79,--,11,19569,买盘
1809,10:04:16,17.79,0.02,14,24906,买盘
1810,10:04:10,17.77,--,12,21324,买盘
1811,10:04:06,17.77,--,10,17770,买盘
1812,10:04:00,17.77,--,59,104843,买盘
1813,10:03:55,17.77,--,12,21324,买盘
1814,10:03:51,17.77,-0.03,10,17770,卖盘
1815,10:03:45,17.8,--,16,28480,买盘
1816,10:03:36,17.8,--,8,14240,买盘
1817,10:03:30,17.8,--,7,12460,买盘
1818,10:03:25,17.8,--,9,16020,买盘
1819,10:03:21,17.8,--,8,14240,买盘
1820,10:03:15,17.8,--,6,10680,买盘
1821,10:03:10,17.8,--,8,14240,买盘
1822,10:03:00,17.8,--,9,16020,买盘
1823,10:02:55,17.8,0.02,9,16020,买盘
1824,10:02:51,17.78,-0.02,82,145796,卖盘
1825,10:02:45,17.8,0.02,15,26700,买盘
1826,10:02:40,17.78,-0.02,71,127304,卖盘
1827,10:02:36,17.8,--,5,8900,买盘
1828,10:02:25,17.8,--,12,21360,买盘
1829,10:02:19,17.8,--,31,55180,买盘
1830,10:02:15,17.8,-0.01,12,21360,中性盘
1831,10:02:10,17.81,--,6,10686,买盘
1832,10:02:04,17.81,0.02,6,10686,买盘
1833,10:02:00,17.79,-0.01,19,33801,卖盘
1834,10:01:49,17.8,0.01,9,16020,买盘
1835,10:01:45,17.79,--,196,349395,买盘
1836,10:01:40,17.79,0.01,13,23127,买盘
1837,10:01:34,17.78,-0.01,5,8890,卖盘
1838,10:01:30,17.79,0.01,24,42696,买盘
1839,10:01:25,17.78,-0.01,19,33782,卖盘
1840,10:01:15,17.79,--,13,23127,买盘
1841,10:01:10,17.79,-0.02,7,12453,卖盘
1842,10:01:04,17.81,--,0,0,买盘
1843,10:01:00,17.81,0.01,6,10686,买盘
1844,10:00:55,17.8,--,12,21360,买盘
1845,10:00:49,17.8,0.01,8,14240,买盘
1846,10:00:45,17.79,--,9,16011,买盘
1847,10:00:40,17.79,--,28,49812,买盘
1848,10:00:34,17.79,--,5,8895,买盘
1849,10:00:30,17.79,-0.02,6,10674,卖盘
1850,10:00:25,17.81,--,12,21372,买盘
1851,10:00:19,17.81,0.02,20,35620,买盘
1852,10:00:15,17.79,--,8,14232,买盘
1853,10:00:10,17.79,-0.03,38,67602,卖盘
1854,10:00:04,17.82,0.02,3,5346,买盘
1855,10:00:00,17.8,--,19,33820,买盘
1856,09:59:55,17.8,-0.02,8,14240,卖盘
1857,09:59:49,17.82,0.01,8,14256,买盘
1858,09:59:45,17.81,0.01,13,23153,买盘
1859,09:59:40,17.8,0.01,20,35600,卖盘
1860,09:59:30,17.79,-0.02,30,53370,卖盘
1861,09:59:25,17.81,-0.01,3,5343,中性盘
1862,09:59:19,17.82,0.03,9,16038,买盘
1863,09:59:15,17.79,-0.01,32,56928,卖盘
1864,09:59:09,17.8,0.01,3,5340,买盘
1865,09:59:00,17.79,0.04,10,17790,卖盘
1866,09:58:54,17.75,-0.07,61,108275,卖盘
1867,09:58:49,17.82,0.02,2,3564,买盘
1868,09:58:45,17.8,--,0,0,中性盘
1869,09:58:39,17.8,--,1,1780,买盘
1870,09:58:34,17.8,0.01,97,172660,买盘
1871,09:58:30,17.79,0.01,28,49812,买盘
1872,09:58:24,17.78,-0.01,1,1778,中性盘
1873,09:58:19,17.79,--,10,17790,买盘
1874,09:58:15,17.79,0.01,7,12453,买盘
1875,09:58:09,17.78,--,7,12446,卖盘
1876,09:58:00,17.78,-0.02,15,26670,卖盘
1877,09:57:54,17.8,--,4,7120,买盘
1878,09:57:39,17.8,--,1,1780,买盘
1879,09:57:30,17.8,-0.01,12,21360,卖盘
1880,09:57:24,17.81,-0.01,31,55210,中性盘
1881,09:57:19,17.82,0.01,157,279774,买盘
1882,09:57:15,17.81,--,10,17810,买盘
1883,09:57:09,17.81,0.01,105,187005,中性盘
1884,09:56:54,17.8,0.01,11,19580,买盘
1885,09:56:39,17.79,-0.03,10,17790,卖盘
1886,09:56:24,17.82,-0.01,1,1782,中性盘
1887,09:56:19,17.83,--,10,17830,买盘
1888,09:56:15,17.83,--,1,1782,买盘
1889,09:56:09,17.83,0.03,45,80234,买盘
1890,09:56:00,17.8,-0.03,165,293700,卖盘
1891,09:55:54,17.83,0.03,30,53489,买盘
1892,09:55:39,17.8,--,23,40940,买盘
1893,09:55:34,17.8,0.01,6,10680,买盘
1894,09:55:29,17.79,--,9,16011,卖盘
1895,09:55:19,17.79,--,35,62265,买盘
1896,09:55:09,17.79,--,4,7116,买盘
1897,09:55:04,17.79,--,12,21348,买盘
1898,09:54:59,17.79,--,2,3558,买盘
1899,09:54:54,17.79,0.02,35,62958,买盘
1900,09:54:49,17.77,0.01,6,10662,买盘
1901,09:54:39,17.76,--,9,15984,卖盘
1902,09:54:34,17.76,0.01,4,7104,买盘
1903,09:54:24,17.75,-0.01,13,23075,买盘
1904,09:54:19,17.76,0.01,28,49728,买盘
1905,09:54:13,17.75,--,18,31950,买盘
1906,09:54:04,17.75,-0.01,63,111825,卖盘
1907,09:53:39,17.76,0.01,8,14208,买盘
1908,09:53:34,17.75,--,1,1775,买盘
1909,09:53:24,17.75,--,1,1775,买盘
1910,09:53:19,17.75,0.03,1,1775,买盘
1911,09:53:13,17.72,--,0,0,卖盘
1912,09:53:04,17.72,--,30,53160,卖盘
1913,09:52:54,17.72,-0.04,33,58475,卖盘
1914,09:52:49,17.76,0.03,135,239760,买盘
1915,09:52:39,17.73,--,2,3546,卖盘
1916,09:52:24,17.73,-0.01,2,3546,卖盘
1917,09:52:18,17.74,0.01,78,138372,买盘
1918,09:52:13,17.73,--,18,31914,买盘
1919,09:52:09,17.73,--,26,46098,买盘
1920,09:52:03,17.73,--,2,3546,买盘
1921,09:51:58,17.73,0.02,2,3546,买盘
1922,09:51:54,17.71,--,3,5313,卖盘
1923,09:51:39,17.71,-0.02,4,7084,卖盘
1924,09:51:24,17.73,--,40,70920,卖盘
1925,09:51:09,17.73,--,10,17730,买盘
1926,09:51:03,17.73,--,0,0,买盘
1927,09:50:54,17.73,--,2,3546,买盘
1928,09:50:39,17.73,-0.01,2,3546,买盘
1929,09:50:33,17.74,--,0,0,买盘
1930,09:50:23,17.74,0.04,88,156112,买盘
1931,09:50:18,17.7,-0.04,600,1062000,卖盘
1932,09:50:13,17.74,--,20,35480,买盘
1933,09:50:03,17.74,--,6,10643,买盘
1934,09:49:48,17.74,--,0,0,中性盘
1935,09:49:38,17.74,--,15,26609,卖盘
1936,09:49:33,17.74,0.02,34,60315,买盘
1937,09:49:24,17.72,--,9,15947,卖盘
1938,09:49:18,17.72,--,70,124039,卖盘
1939,09:49:08,17.72,--,10,17720,卖盘
1940,09:49:03,17.72,--,74,131128,卖盘
1941,09:48:53,17.72,0.01,2,3544,中性盘
1942,09:48:48,17.71,--,1,1771,卖盘
1943,09:48:33,17.71,--,15,26565,卖盘
1944,09:48:28,17.71,--,96,170016,卖盘
1945,09:48:08,17.71,--,41,72788,买盘
1946,09:48:03,17.71,0.04,2,3542,买盘
1947,09:47:58,17.67,-0.04,5,8835,卖盘
1948,09:47:38,17.71,--,0,0,买盘
1949,09:47:23,17.71,--,0,0,买盘
1950,09:47:13,17.71,--,2,3542,买盘
1951,09:46:53,17.71,--,0,0,买盘
1952,09:46:37,17.71,0.04,50,88550,买盘
1953,09:46:33,17.67,--,20,35340,买盘
1954,09:46:28,17.67,-0.08,271,480447,卖盘
1955,09:46:22,17.75,--,2,3550,买盘
1956,09:46:18,17.75,0.02,212,376300,买盘
1957,09:46:13,17.73,--,8,14184,买盘
1958,09:46:07,17.73,0.01,89,157797,买盘
1959,09:45:58,17.72,--,0,0,买盘
1960,09:45:48,17.72,0.01,10,17720,买盘
1961,09:45:37,17.71,--,0,0,卖盘
1962,09:45:27,17.71,0.01,38,67298,买盘
1963,09:45:18,17.7,-0.02,13,23010,卖盘
1964,09:45:12,17.72,0.02,2,3544,买盘
1965,09:44:57,17.7,--,20,35400,卖盘
1966,09:44:42,17.7,--,1,1770,卖盘
1967,09:44:27,17.7,--,10,17700,卖盘
1968,09:44:12,17.7,--,1,1770,卖盘
1969,09:44:07,17.7,--,30,53100,买盘
1970,09:44:03,17.7,--,81,143370,买盘
1971,09:43:57,17.7,--,15,26550,买盘
1972,09:43:52,17.7,--,16,28320,买盘
1973,09:43:48,17.7,--,18,31860,买盘
1974,09:43:42,17.7,-0.02,56,99120,卖盘
1975,09:43:37,17.72,--,11,19492,买盘
1976,09:43:33,17.72,--,4,7088,卖盘
1977,09:43:22,17.72,0.01,3,5316,卖盘
1978,09:43:18,17.71,-0.04,2,3542,卖盘
1979,09:43:12,17.75,--,0,0,买盘
1980,09:42:57,17.75,--,38,67450,卖盘
1981,09:42:52,17.75,-0.02,2,3550,卖盘
1982,09:42:48,17.77,--,0,0,买盘
1983,09:42:42,17.77,--,25,45508,卖盘
1984,09:42:27,17.77,0.02,130,231703,买盘
1985,09:42:22,17.75,-0.02,9,15975,卖盘
1986,09:42:12,17.77,0.02,34,60418,买盘
1987,09:42:07,17.75,-0.02,45,79875,卖盘
1988,09:42:02,17.77,--,101,179477,买盘
1989,09:41:57,17.77,0.01,2,3554,中性盘
1990,09:41:52,17.76,--,0,0,卖盘
1991,09:41:47,17.76,--,0,0,卖盘
1992,09:41:37,17.76,0.01,80,143554,买盘
1993,09:41:32,17.75,--,4,7100,买盘
1994,09:41:27,17.75,--,10,18051,卖盘
1995,09:41:17,17.75,-0.03,10,19223,卖盘
1996,09:41:02,17.78,0.03,192,341376,买盘
1997,09:40:57,17.75,--,11,19525,卖盘
1998,09:40:42,17.75,-0.01,15,26625,卖盘
1999,09:40:37,17.76,0.02,3,5328,买盘
2000,09:40:32,17.74,-0.01,4,7095,卖盘
2001,09:40:27,17.75,--,0,0,卖盘
2002,09:40:22,17.75,-0.01,1,1775,中性盘
2003,09:40:17,17.76,0.01,7,12432,买盘
2004,09:40:12,17.75,--,3,5325,买盘
2005,09:40:07,17.75,0.03,43,76325,买盘
2006,09:39:57,17.72,-0.02,172,304784,卖盘
2007,09:39:42,17.74,--,2,3547,买盘
2008,09:39:32,17.74,--,2,3547,买盘
2009,09:39:27,17.74,--,3,5321,买盘
2010,09:39:22,17.74,0.02,2,3547,买盘
2011,09:39:12,17.72,0.01,50,88600,买盘
2012,09:39:07,17.71,-0.01,10,17710,卖盘
2013,09:39:02,17.72,--,10,17720,买盘
2014,09:38:57,17.72,--,4,7088,买盘
2015,09:38:51,17.72,0.01,2,3544,买盘
2016,09:38:42,17.71,--,17,30107,卖盘
2017,09:38:36,17.71,0.01,10,19250,买盘
2018,09:38:31,17.7,0.01,2,3540,买盘
2019,09:38:21,17.69,--,2,3538,卖盘
2020,09:38:12,17.69,--,0,0,卖盘
2021,09:38:06,17.69,--,15,26535,卖盘
2022,09:38:01,17.69,--,24,42456,买盘
2023,09:37:57,17.69,-0.02,7,12383,买盘
2024,09:37:51,17.71,--,32,56672,买盘
2025,09:37:42,17.71,--,49,86779,买盘
2026,09:37:36,17.71,--,16,28336,买盘
2027,09:37:27,17.71,0.03,23,40733,买盘
2028,09:37:21,17.68,--,11,19448,卖盘
2029,09:37:16,17.68,-0.03,10,17680,卖盘
2030,09:37:12,17.71,--,0,0,买盘
2031,09:37:06,17.71,0.02,88,156025,买盘
2032,09:37:01,17.69,0.01,17,30073,买盘
2033,09:36:57,17.68,--,8,14144,买盘
2034,09:36:51,17.68,--,4,7072,买盘
2035,09:36:46,17.68,--,43,76024,买盘
2036,09:36:42,17.68,0.02,37,65416,买盘
2037,09:36:36,17.66,-0.01,50,88300,卖盘
2038,09:36:31,17.67,--,7,12369,买盘
2039,09:36:27,17.67,0.01,5,8835,买盘
2040,09:36:21,17.66,--,26,45916,买盘
2041,09:36:16,17.66,0.01,3,5298,买盘
2042,09:36:01,17.65,--,31,54714,买盘
2043,09:35:56,17.65,--,13,22944,买盘
2044,09:35:51,17.65,--,23,40595,买盘
2045,09:35:41,17.65,--,33,58244,买盘
2046,09:35:36,17.65,--,62,109429,买盘
2047,09:35:31,17.65,0.02,2,3529,买盘
2048,09:35:26,17.63,-0.02,23,40549,卖盘
2049,09:35:21,17.65,-0.01,21,37065,买盘
2050,09:35:16,17.66,--,5,8830,买盘
2051,09:35:11,17.66,0.04,31,54746,买盘
2052,09:35:06,17.62,--,20,35240,买盘
2053,09:35:01,17.62,-0.05,11,19382,卖盘
2054,09:34:56,17.67,--,0,0,买盘
2055,09:34:46,17.67,--,6,10602,买盘
2056,09:34:41,17.67,--,4,7068,买盘
2057,09:34:36,17.67,-0.02,4,7068,卖盘
2058,09:34:31,17.69,0.02,2,3538,买盘
2059,09:34:26,17.67,--,20,35340,卖盘
2060,09:34:16,17.67,-0.02,4,7068,卖盘
2061,09:34:11,17.69,--,5,8845,买盘
2062,09:34:06,17.69,0.02,6,10614,买盘
2063,09:33:56,17.67,-0.02,7,12369,卖盘
2064,09:33:51,17.69,--,5,8845,买盘
2065,09:33:41,17.69,--,4,7305,卖盘
2066,09:33:26,17.69,--,20,36919,买盘
2067,09:33:16,17.69,--,16,28533,卖盘
2068,09:33:11,17.69,--,30,53070,卖盘
2069,09:33:06,17.69,--,36,63684,卖盘
2070,09:32:56,17.69,-0.03,20,35380,卖盘
2071,09:32:31,17.72,--,17,30123,买盘
2072,09:32:26,17.72,--,27,47844,买盘
2073,09:32:21,17.72,--,2,3544,买盘
2074,09:32:15,17.72,0.03,13,23036,买盘
2075,09:32:11,17.69,--,51,91758,买盘
2076,09:32:06,17.69,--,19,33611,买盘
2077,09:32:00,17.69,--,13,22997,买盘
2078,09:31:56,17.69,--,20,35380,买盘
2079,09:31:51,17.69,-0.02,140,247889,卖盘
2080,09:31:45,17.71,0.01,28,49588,买盘
2081,09:31:36,17.7,-0.01,70,123900,卖盘
2082,09:31:30,17.71,--,0,0,卖盘
2083,09:31:25,17.71,--,8,14168,买盘
2084,09:31:21,17.71,0.02,20,35420,买盘
2085,09:31:15,17.69,--,33,58377,卖盘
2086,09:31:10,17.69,--,230,406870,卖盘
2087,09:31:06,17.69,-0.02,38,67222,卖盘
2088,09:31:00,17.71,--,2,3542,买盘
2089,09:30:55,17.71,0.02,29,51359,买盘
2090,09:30:51,17.69,-0.03,95,168055,卖盘
2091,09:30:45,17.72,--,43,76196,买盘
2092,09:30:36,17.72,-0.03,19,33668,中性盘
2093,09:30:30,17.75,0.04,38,67450,买盘
2094,09:30:21,17.71,--,14,24794,卖盘
2095,09:30:15,17.71,0.02,2,3542,卖盘
2096,09:30:06,17.69,--,580,1027559,买盘
2097,09:28:51,17.69,--,0,0,买盘
2098,09:25:02,17.69,17.69,136,240584,买盘
