,time,price,change,volume,amount,type
0,15:00:00,3.17,--,0,0,卖盘
1,15:00:00,3.17,--,0,0,卖盘
2,15:00:00,3.17,--,136,43112,卖盘
3,14:59:57,3.17,--,5,1585,卖盘
4,14:59:52,3.17,--,1668,528756,卖盘
5,14:59:46,3.17,--,593,187981,卖盘
6,14:59:42,3.17,-0.01,562,178154,卖盘
7,14:59:36,3.18,0.01,1373,436614,买盘
8,14:59:27,3.17,-0.01,58,18386,卖盘
9,14:59:21,3.18,0.01,401,127518,买盘
10,14:59:16,3.17,-0.01,100,31700,卖盘
11,14:59:12,3.18,--,91,28938,买盘
12,14:59:01,3.18,--,71,22578,买盘
13,14:58:57,3.18,0.01,144,46033,买盘
14,14:58:51,3.17,-0.01,5,1585,卖盘
15,14:58:46,3.18,0.01,1,318,买盘
16,14:58:42,3.17,--,209,66253,卖盘
17,14:58:27,3.17,--,300,95100,卖盘
18,14:58:21,3.17,--,58,18386,卖盘
19,14:58:16,3.17,--,383,121411,卖盘
20,14:58:12,3.17,--,1,317,卖盘
21,14:58:06,3.17,--,138,43746,卖盘
22,14:58:01,3.17,0.01,56,17752,买盘
23,14:57:57,3.16,-0.01,447,141252,卖盘
24,14:57:51,3.17,--,116,36772,买盘
25,14:57:46,3.17,--,191,60547,买盘
26,14:57:42,3.17,0.01,56,17752,买盘
27,14:57:36,3.16,--,118,37288,卖盘
28,14:57:31,3.16,-0.01,470,148520,卖盘
29,14:57:21,3.17,0.01,442,140114,买盘
30,14:57:16,3.16,-0.01,78,24648,卖盘
31,14:57:12,3.17,--,52,16484,买盘
32,14:57:06,3.17,0.01,122,38674,买盘
33,14:57:01,3.16,--,131,41396,卖盘
34,14:56:57,3.16,--,372,117552,卖盘
35,14:56:51,3.16,-0.01,270,85320,卖盘
36,14:56:46,3.17,--,19,6023,买盘
37,14:56:42,3.17,--,1752,555384,卖盘
38,14:56:36,3.17,-0.01,3,951,卖盘
39,14:56:27,3.18,--,318,101124,买盘
40,14:56:21,3.18,--,243,77274,买盘
41,14:56:16,3.18,0.01,1,318,买盘
42,14:56:12,3.17,-0.01,2138,677746,卖盘
43,14:56:06,3.18,--,136,43248,买盘
44,14:56:01,3.18,0.01,35,11130,买盘
45,14:55:56,3.17,--,302,95734,卖盘
46,14:55:51,3.17,-0.01,281,89077,卖盘
47,14:55:46,3.18,0.01,178,56604,买盘
48,14:55:41,3.17,--,429,135993,卖盘
49,14:55:36,3.17,-0.01,1574,498958,卖盘
50,14:55:31,3.18,0.01,466,148188,买盘
51,14:55:26,3.17,--,702,222534,卖盘
52,14:55:21,3.17,--,61,19337,卖盘
53,14:55:11,3.17,--,1838,582646,卖盘
54,14:55:06,3.17,-0.01,635,201295,卖盘
55,14:55:01,3.18,0.01,5,1590,买盘
56,14:54:56,3.17,--,168,53256,卖盘
57,14:54:51,3.17,-0.01,375,118875,卖盘
58,14:54:46,3.18,--,350,111300,买盘
59,14:54:41,3.18,0.01,248,78864,买盘
60,14:54:36,3.17,--,509,161353,卖盘
61,14:54:31,3.17,--,74,23458,卖盘
62,14:54:26,3.17,--,213,67521,卖盘
63,14:54:21,3.17,-0.01,101,32017,卖盘
64,14:54:16,3.18,0.01,230,73140,买盘
65,14:54:11,3.17,--,322,102074,卖盘
66,14:54:06,3.17,-0.01,1319,418123,卖盘
67,14:54:01,3.18,0.01,47,14946,买盘
68,14:53:56,3.17,--,31,9827,卖盘
69,14:53:51,3.17,--,505,160085,卖盘
70,14:53:46,3.17,-0.01,1,317,卖盘
71,14:53:41,3.18,0.01,1089,346302,买盘
72,14:53:36,3.17,-0.01,171,54207,卖盘
73,14:53:31,3.18,0.01,26,8268,买盘
74,14:53:26,3.17,-0.01,7,2219,卖盘
75,14:53:21,3.18,0.01,3,954,买盘
76,14:53:16,3.17,--,180,57060,卖盘
77,14:53:11,3.17,-0.01,43,13631,卖盘
78,14:53:06,3.18,0.01,1360,432480,买盘
79,14:53:01,3.17,--,10,3170,卖盘
80,14:52:56,3.17,--,1,317,卖盘
81,14:52:51,3.17,-0.01,16,5072,卖盘
82,14:52:41,3.18,--,1361,432798,买盘
83,14:52:36,3.18,0.01,1365,434070,买盘
84,14:52:26,3.17,--,151,47867,卖盘
85,14:52:21,3.17,--,3,951,卖盘
86,14:52:16,3.17,--,6,1902,卖盘
87,14:52:06,3.17,--,93,29481,卖盘
88,14:51:55,3.17,-0.01,3,951,卖盘
89,14:51:51,3.18,0.01,22,6996,买盘
90,14:51:45,3.17,--,1101,349017,卖盘
91,14:51:36,3.17,--,705,223485,卖盘
92,14:51:30,3.17,--,38,12046,卖盘
93,14:51:21,3.17,--,218,69106,卖盘
94,14:51:15,3.17,--,206,65302,卖盘
95,14:51:10,3.17,--,699,221583,卖盘
96,14:51:06,3.17,--,102,32334,卖盘
97,14:51:00,3.17,--,1,317,卖盘
98,14:50:55,3.17,-0.01,820,259940,卖盘
99,14:50:51,3.18,0.01,52,16536,买盘
100,14:50:45,3.17,--,1,317,卖盘
101,14:50:40,3.17,--,448,142016,卖盘
102,14:50:36,3.17,--,10,3170,卖盘
103,14:50:25,3.17,--,699,221583,卖盘
104,14:50:21,3.17,--,228,72276,卖盘
105,14:50:15,3.17,--,50,15850,卖盘
106,14:50:06,3.17,--,1213,384521,卖盘
107,14:50:00,3.17,--,605,191785,卖盘
108,14:49:55,3.17,--,130,41210,卖盘
109,14:49:51,3.17,--,119,37723,卖盘
110,14:49:45,3.17,--,338,107146,买盘
111,14:49:40,3.17,--,702,222534,买盘
112,14:49:36,3.17,0.01,154,48818,买盘
113,14:49:30,3.16,--,1864,589024,卖盘
114,14:49:25,3.16,-0.01,699,220884,卖盘
115,14:49:21,3.17,0.01,60,19020,买盘
116,14:49:15,3.16,--,196,61936,卖盘
117,14:49:10,3.16,--,831,262596,卖盘
118,14:49:06,3.16,-0.01,152,48032,卖盘
119,14:49:00,3.17,--,192,60864,买盘
120,14:48:55,3.17,--,2,634,买盘
121,14:48:50,3.17,--,178,56426,买盘
122,14:48:45,3.17,--,49,15533,买盘
123,14:48:40,3.17,--,172,54524,买盘
124,14:48:36,3.17,0.01,28,8876,买盘
125,14:48:30,3.16,-0.01,829,261964,卖盘
126,14:48:25,3.17,0.01,448,142016,买盘
127,14:48:15,3.16,-0.01,865,273340,卖盘
128,14:48:10,3.17,--,199,63083,买盘
129,14:48:05,3.17,--,158,50086,买盘
130,14:48:00,3.17,--,313,99221,卖盘
131,14:47:55,3.17,--,23,7291,卖盘
132,14:47:50,3.17,--,764,242188,买盘
133,14:47:40,3.17,--,653,207001,卖盘
134,14:47:35,3.17,-0.01,646,204782,卖盘
135,14:47:30,3.18,0.01,113,35934,买盘
136,14:47:20,3.17,--,702,222534,卖盘
137,14:47:15,3.17,--,23,7291,卖盘
138,14:47:10,3.17,--,204,64668,卖盘
139,14:47:05,3.17,--,242,76714,卖盘
140,14:47:00,3.17,--,50,15850,卖盘
141,14:46:55,3.17,--,50,15850,卖盘
142,14:46:50,3.17,--,465,147405,卖盘
143,14:46:40,3.17,--,1047,331899,卖盘
144,14:46:35,3.17,--,301,95417,卖盘
145,14:46:30,3.17,--,77,24409,卖盘
146,14:46:25,3.17,--,200,63400,卖盘
147,14:46:20,3.17,--,699,221583,卖盘
148,14:46:15,3.17,--,601,190517,卖盘
149,14:46:10,3.17,--,5100,1616700,卖盘
150,14:46:05,3.17,--,336,106512,卖盘
151,14:46:00,3.17,-0.01,517,163889,卖盘
152,14:45:55,3.18,0.01,30,9540,买盘
153,14:45:50,3.17,-0.01,102,32334,卖盘
154,14:45:45,3.18,0.01,412,131016,买盘
155,14:45:39,3.17,--,467,148039,卖盘
156,14:45:35,3.17,--,548,173716,卖盘
157,14:45:30,3.17,--,51,16167,卖盘
158,14:45:24,3.17,-0.01,1,317,卖盘
159,14:45:20,3.18,--,935,297330,买盘
160,14:45:09,3.18,0.01,150,47700,买盘
161,14:45:05,3.17,--,479,151843,卖盘
162,14:45:00,3.17,--,10,3170,卖盘
163,14:44:45,3.17,--,135,42795,卖盘
164,14:44:39,3.17,--,1285,407345,卖盘
165,14:44:35,3.17,--,1,317,卖盘
166,14:44:24,3.17,-0.01,69,21873,卖盘
167,14:44:19,3.18,--,254,80772,买盘
168,14:44:09,3.18,0.01,3147,1000746,买盘
169,14:44:04,3.17,-0.01,967,306539,卖盘
170,14:43:54,3.18,0.01,37,11766,买盘
171,14:43:39,3.17,--,1,317,卖盘
172,14:43:34,3.17,--,4,1268,卖盘
173,14:43:30,3.17,--,467,148039,卖盘
174,14:43:15,3.17,-0.01,400,126800,卖盘
175,14:43:09,3.18,0.01,41,13038,买盘
176,14:43:04,3.17,-0.01,471,149307,卖盘
177,14:42:54,3.18,0.01,15,4770,买盘
178,14:42:44,3.17,--,472,149624,卖盘
179,14:42:39,3.17,-0.01,238,75446,卖盘
180,14:42:30,3.18,--,233,74094,买盘
181,14:42:24,3.18,0.01,1340,426120,买盘
182,14:42:09,3.17,--,43,13631,卖盘
183,14:42:04,3.17,-0.01,471,149307,卖盘
184,14:41:59,3.18,--,34,10812,买盘
185,14:41:54,3.18,--,69,21942,买盘
186,14:41:49,3.18,--,3,954,买盘
187,14:41:44,3.18,--,3417,1086606,买盘
188,14:41:39,3.18,0.01,39,12402,买盘
189,14:41:29,3.17,--,371,117607,卖盘
190,14:41:24,3.17,--,60,19020,卖盘
191,14:41:19,3.17,--,1,317,卖盘
192,14:41:14,3.17,-0.01,22,6974,卖盘
193,14:41:09,3.18,0.01,50,15900,买盘
194,14:41:04,3.17,--,470,148990,卖盘
195,14:40:59,3.17,-0.01,100,31700,卖盘
196,14:40:54,3.18,--,2,636,买盘
197,14:40:49,3.18,--,8,2544,买盘
198,14:40:44,3.18,--,4,1272,买盘
199,14:40:39,3.18,0.01,40,12720,买盘
200,14:40:34,3.17,--,1627,515759,买盘
201,14:40:29,3.17,0.01,16,5072,买盘
202,14:40:24,3.16,--,11,3476,卖盘
203,14:40:14,3.16,-0.01,39,12324,卖盘
204,14:40:09,3.17,--,278,88126,买盘
205,14:40:04,3.17,--,536,169912,买盘
206,14:39:59,3.17,0.01,369,116973,买盘
207,14:39:54,3.16,-0.01,489,154524,卖盘
208,14:39:49,3.17,--,42,13314,买盘
209,14:39:44,3.17,--,144,45648,买盘
210,14:39:39,3.17,--,40,12680,买盘
211,14:39:34,3.17,--,18,5706,买盘
212,14:39:29,3.17,0.01,268,84956,买盘
213,14:39:24,3.16,-0.01,119,37604,卖盘
214,14:39:14,3.17,--,100,31700,卖盘
215,14:39:09,3.17,0.01,150,47550,买盘
216,14:39:03,3.16,-0.01,471,148836,卖盘
217,14:38:59,3.17,--,68,21556,卖盘
218,14:38:54,3.17,--,346,109682,买盘
219,14:38:48,3.17,0.01,10,3170,买盘
220,14:38:44,3.16,-0.01,64,20224,卖盘
221,14:38:39,3.17,0.01,265,84005,买盘
222,14:38:33,3.16,-0.01,215,67940,卖盘
223,14:38:29,3.17,0.01,37,11729,买盘
224,14:38:24,3.16,-0.01,3,948,卖盘
225,14:38:18,3.17,0.01,4,1268,买盘
226,14:38:14,3.16,-0.01,150,47400,卖盘
227,14:38:09,3.17,0.01,70,22190,买盘
228,14:38:03,3.16,-0.01,627,198132,卖盘
229,14:37:59,3.17,--,461,146137,卖盘
230,14:37:54,3.17,--,163,51671,卖盘
231,14:37:48,3.17,--,36,11412,卖盘
232,14:37:44,3.17,--,453,143601,卖盘
233,14:37:39,3.17,--,30,9510,卖盘
234,14:37:33,3.17,--,34428,10913676,卖盘
235,14:37:24,3.17,--,23,7291,卖盘
236,14:37:18,3.17,--,1,317,卖盘
237,14:37:14,3.17,-0.01,382,121094,卖盘
238,14:37:09,3.18,0.01,41,13038,买盘
239,14:37:03,3.17,--,471,149307,卖盘
240,14:36:54,3.17,--,466,147722,卖盘
241,14:36:48,3.17,--,20,6340,卖盘
242,14:36:43,3.17,-0.01,300,95100,卖盘
243,14:36:33,3.18,0.01,125,39750,买盘
244,14:36:28,3.17,--,7,2219,卖盘
245,14:36:24,3.17,--,3,951,卖盘
246,14:36:18,3.17,--,19,6023,卖盘
247,14:36:09,3.17,-0.01,629,199393,卖盘
248,14:36:03,3.18,--,506,160908,买盘
249,14:35:58,3.18,--,35,11130,买盘
250,14:35:53,3.18,0.01,21,6678,买盘
251,14:35:43,3.17,--,3,951,卖盘
252,14:35:38,3.17,--,3927,1244859,卖盘
253,14:35:33,3.17,--,40,12680,卖盘
254,14:35:28,3.17,--,8,2536,卖盘
255,14:35:23,3.17,--,59,18703,卖盘
256,14:35:18,3.17,--,3,951,卖盘
257,14:35:08,3.17,--,270,85590,卖盘
258,14:35:03,3.17,--,476,150892,卖盘
259,14:34:58,3.17,--,99,31383,卖盘
260,14:34:43,3.17,--,10,3170,卖盘
261,14:34:38,3.17,-0.01,60,19020,卖盘
262,14:34:33,3.18,0.01,676,214968,买盘
263,14:34:28,3.17,--,1,317,卖盘
264,14:34:23,3.17,--,213,67521,卖盘
265,14:34:18,3.17,--,41,12997,卖盘
266,14:34:13,3.17,--,3,951,卖盘
267,14:34:08,3.17,-0.01,45,14265,卖盘
268,14:34:03,3.18,--,506,160908,买盘
269,14:33:53,3.18,0.01,40,12720,买盘
270,14:33:48,3.17,--,88,27896,卖盘
271,14:33:43,3.17,--,2,634,卖盘
272,14:33:38,3.17,-0.01,50,15850,卖盘
273,14:33:33,3.18,0.01,106,33708,买盘
274,14:33:23,3.17,--,113,35821,卖盘
275,14:33:18,3.17,--,313,99221,卖盘
276,14:33:13,3.17,--,20,6340,卖盘
277,14:33:08,3.17,--,40,12680,卖盘
278,14:33:03,3.17,--,493,156281,卖盘
279,14:32:58,3.17,-0.01,8,2536,卖盘
280,14:32:53,3.18,0.01,35,11130,买盘
281,14:32:48,3.17,--,15,4755,卖盘
282,14:32:43,3.17,--,68,21556,卖盘
283,14:32:38,3.17,-0.01,69,21873,卖盘
284,14:32:33,3.18,0.01,344,109392,买盘
285,14:32:28,3.17,--,10,3170,卖盘
286,14:32:23,3.17,--,1,317,卖盘
287,14:32:18,3.17,--,120,38040,卖盘
288,14:32:08,3.17,--,171,54207,卖盘
289,14:32:03,3.17,--,472,149624,卖盘
290,14:31:58,3.17,--,500,158500,卖盘
291,14:31:53,3.17,--,200,63400,卖盘
292,14:31:48,3.17,--,1,317,卖盘
293,14:31:38,3.17,-0.01,90,28530,卖盘
294,14:31:33,3.18,0.01,93,29574,买盘
295,14:31:18,3.17,--,338,107146,卖盘
296,14:31:12,3.17,--,1,317,卖盘
297,14:31:08,3.17,--,1516,480572,卖盘
298,14:31:03,3.17,--,644,204148,卖盘
299,14:30:48,3.17,--,100,31700,卖盘
300,14:30:42,3.17,--,3,951,卖盘
301,14:30:38,3.17,--,1,317,卖盘
302,14:30:27,3.17,--,291,92247,卖盘
303,14:30:12,3.17,--,159,50403,卖盘
304,14:30:08,3.17,--,19,6023,卖盘
305,14:30:03,3.17,--,472,149624,卖盘
306,14:29:57,3.17,-0.01,41,12997,卖盘
307,14:29:53,3.18,0.01,3,954,买盘
308,14:29:42,3.17,--,1,317,卖盘
309,14:29:38,3.17,-0.01,68,21556,卖盘
310,14:29:33,3.18,--,249,79182,买盘
311,14:29:27,3.18,0.01,41,13038,买盘
312,14:29:18,3.17,-0.01,1114,353138,卖盘
313,14:29:12,3.18,0.01,10,3180,买盘
314,14:29:07,3.17,--,114,36138,卖盘
315,14:29:03,3.17,-0.01,592,187664,卖盘
316,14:28:57,3.18,0.01,39,12402,买盘
317,14:28:52,3.17,--,403,127751,卖盘
318,14:28:48,3.17,--,12,3804,卖盘
319,14:28:42,3.17,--,101,32017,卖盘
320,14:28:37,3.17,-0.01,20,6340,卖盘
321,14:28:32,3.18,0.01,241,76638,买盘
322,14:28:27,3.17,-0.01,52,16484,卖盘
323,14:28:12,3.18,0.01,58,18444,买盘
324,14:28:02,3.17,-0.01,657,208269,卖盘
325,14:27:57,3.18,0.01,39,12402,买盘
326,14:27:47,3.17,--,1045,331265,卖盘
327,14:27:37,3.17,--,4047,1282899,卖盘
328,14:27:32,3.17,-0.01,1001,317317,卖盘
329,14:27:27,3.18,--,188,59784,买盘
330,14:27:22,3.18,--,43,13674,买盘
331,14:27:12,3.18,--,42,13356,买盘
332,14:27:07,3.18,0.01,68,21624,买盘
333,14:27:02,3.17,--,471,149307,卖盘
334,14:26:52,3.17,--,15,4755,卖盘
335,14:26:47,3.17,--,1,317,卖盘
336,14:26:42,3.17,-0.01,102,32334,卖盘
337,14:26:32,3.18,0.01,1,318,买盘
338,14:26:27,3.17,-0.01,30,9510,卖盘
339,14:26:17,3.18,0.01,18,5724,买盘
340,14:26:12,3.17,--,20,6340,卖盘
341,14:26:02,3.17,--,529,167693,卖盘
342,14:25:57,3.17,--,47,14899,卖盘
343,14:25:42,3.17,--,21,6657,卖盘
344,14:25:32,3.17,--,1,317,卖盘
345,14:25:27,3.17,-0.01,2,634,卖盘
346,14:25:22,3.18,0.01,120,38160,买盘
347,14:25:06,3.17,-0.01,1,317,卖盘
348,14:25:02,3.18,0.01,499,158682,买盘
349,14:24:57,3.17,-0.01,1,317,卖盘
350,14:24:50,3.18,0.01,30,9540,买盘
351,14:24:42,3.17,--,56,17752,卖盘
352,14:24:36,3.17,--,17,5389,卖盘
353,14:24:32,3.17,--,33,10461,卖盘
354,14:24:27,3.17,-0.01,14,4438,卖盘
355,14:24:12,3.18,--,20,6360,买盘
356,14:24:02,3.18,--,564,179352,买盘
357,14:23:57,3.18,--,157,49926,买盘
358,14:23:47,3.18,0.01,2,636,买盘
359,14:23:32,3.17,--,1001,317317,卖盘
360,14:23:27,3.17,--,955,302735,卖盘
361,14:23:20,3.17,--,8,2536,卖盘
362,14:23:12,3.17,-0.01,20,6340,卖盘
363,14:23:06,3.18,0.01,16,5088,买盘
364,14:23:02,3.17,-0.01,472,149624,卖盘
365,14:22:57,3.18,--,74,23532,买盘
366,14:22:50,3.18,0.01,36,11448,买盘
367,14:22:41,3.17,-0.01,61,19337,卖盘
368,14:22:32,3.18,0.01,32,10176,买盘
369,14:22:27,3.17,-0.01,198,62766,卖盘
370,14:22:17,3.18,--,479,152322,买盘
371,14:22:11,3.18,0.01,42,13356,买盘
372,14:22:02,3.17,-0.01,761,241237,卖盘
373,14:21:57,3.18,--,627,199386,买盘
374,14:21:50,3.18,--,37,11766,买盘
375,14:21:47,3.18,--,7,2226,买盘
376,14:21:42,3.18,--,313,99534,买盘
377,14:21:35,3.18,--,1,318,买盘
378,14:21:32,3.18,--,117,37206,买盘
379,14:21:27,3.18,--,617,196206,买盘
380,14:21:16,3.18,--,270,85860,买盘
381,14:21:11,3.18,--,61,19398,买盘
382,14:21:05,3.18,--,41,13038,买盘
383,14:21:01,3.18,--,598,190164,买盘
384,14:20:56,3.18,0.01,36,11448,买盘
385,14:20:46,3.17,--,150,47550,卖盘
386,14:20:41,3.17,-0.01,44,13948,卖盘
387,14:20:31,3.18,0.01,383,121794,买盘
388,14:20:26,3.17,--,113,35821,卖盘
389,14:20:21,3.17,-0.01,11,3487,卖盘
390,14:20:11,3.18,0.01,42,13356,买盘
391,14:20:05,3.17,--,518,164206,卖盘
392,14:20:01,3.17,-0.01,1,317,卖盘
393,14:19:56,3.18,--,793,252174,买盘
394,14:19:50,3.18,0.01,107,34026,买盘
395,14:19:41,3.17,-0.01,145,45965,卖盘
396,14:19:35,3.18,0.01,41,13038,买盘
397,14:19:31,3.17,--,1278,405126,卖盘
398,14:19:20,3.17,-0.01,188,59596,卖盘
399,14:19:16,3.18,--,37,11766,买盘
400,14:19:11,3.18,0.01,41,13038,买盘
401,14:19:05,3.17,--,643,203831,卖盘
402,14:18:56,3.17,--,865,274205,卖盘
403,14:18:41,3.17,-0.01,193,61181,卖盘
404,14:18:31,3.18,--,151,48018,买盘
405,14:18:26,3.18,0.01,13,4134,买盘
406,14:18:20,3.17,--,721,228557,卖盘
407,14:18:15,3.17,--,101,32017,卖盘
408,14:18:11,3.17,-0.01,20,6340,卖盘
409,14:18:05,3.18,--,537,170766,买盘
410,14:18:01,3.18,0.01,82,26076,买盘
411,14:17:56,3.17,--,43,13631,卖盘
412,14:17:50,3.17,--,5,1585,卖盘
413,14:17:41,3.17,--,4,1268,卖盘
414,14:17:35,3.17,-0.01,25,7925,卖盘
415,14:17:29,3.18,0.01,82,26076,买盘
416,14:17:26,3.17,-0.01,23,7291,卖盘
417,14:17:14,3.18,0.01,266,84588,买盘
418,14:17:05,3.17,-0.01,689,218413,卖盘
419,14:16:59,3.18,--,119,37842,买盘
420,14:16:56,3.18,--,5,1590,买盘
421,14:16:50,3.18,0.01,139,44202,买盘
422,14:16:44,3.17,-0.01,23,7291,卖盘
423,14:16:41,3.18,0.01,21,6678,买盘
424,14:16:35,3.17,-0.01,70,22190,卖盘
425,14:16:29,3.18,0.01,82,26076,买盘
426,14:16:26,3.17,--,41,12997,卖盘
427,14:16:11,3.17,--,1049,332533,卖盘
428,14:16:05,3.17,-0.01,521,165157,卖盘
429,14:15:59,3.18,--,41,13038,买盘
430,14:15:56,3.18,0.01,108,34344,买盘
431,14:15:50,3.17,--,8,2536,卖盘
432,14:15:41,3.17,-0.01,104,32968,卖盘
433,14:15:29,3.18,--,40,12720,买盘
434,14:15:26,3.18,0.01,41,13038,买盘
435,14:15:20,3.17,--,17,5389,卖盘
436,14:15:14,3.17,--,60,19020,卖盘
437,14:15:10,3.17,--,40,12680,卖盘
438,14:15:05,3.17,--,540,171180,卖盘
439,14:14:59,3.17,-0.01,386,122362,卖盘
440,14:14:56,3.18,--,78,24804,买盘
441,14:14:50,3.18,--,38,12084,买盘
442,14:14:44,3.18,0.01,6,1908,买盘
443,14:14:41,3.17,--,100,31700,卖盘
444,14:14:35,3.17,-0.01,101,32017,卖盘
445,14:14:29,3.18,--,42,13356,买盘
446,14:14:26,3.18,0.01,876,278568,买盘
447,14:14:10,3.17,-0.01,26,8242,卖盘
448,14:14:05,3.18,0.01,571,181578,买盘
449,14:13:59,3.17,-0.01,42,13314,卖盘
450,14:13:55,3.18,0.01,227,72186,买盘
451,14:13:50,3.17,--,58,18386,卖盘
452,14:13:44,3.17,-0.01,55,17435,卖盘
453,14:13:40,3.18,0.01,146,46428,买盘
454,14:13:35,3.17,--,6,1902,卖盘
455,14:13:29,3.17,--,1,317,卖盘
456,14:13:25,3.17,--,352,111584,卖盘
457,14:13:20,3.17,--,125,39625,卖盘
458,14:13:14,3.17,--,65,20605,卖盘
459,14:13:10,3.17,-0.01,67,21239,卖盘
460,14:13:05,3.18,0.01,738,234684,买盘
461,14:12:55,3.17,--,580,183860,卖盘
462,14:12:50,3.17,--,199,63083,卖盘
463,14:12:44,3.17,-0.01,205,64985,卖盘
464,14:12:35,3.18,--,38,12084,买盘
465,14:12:29,3.18,0.01,5,1590,买盘
466,14:12:14,3.17,--,19,6023,卖盘
467,14:12:10,3.17,-0.01,184,58328,卖盘
468,14:12:05,3.18,--,514,163452,买盘
469,14:11:59,3.18,--,673,214014,买盘
470,14:11:55,3.18,--,8,2544,买盘
471,14:11:50,3.18,0.01,36,11448,买盘
472,14:11:44,3.17,--,1,317,卖盘
473,14:11:40,3.17,-0.01,268,84956,卖盘
474,14:11:35,3.18,0.01,171,54378,买盘
475,14:11:29,3.17,-0.01,1,317,卖盘
476,14:11:20,3.18,0.01,30,9540,买盘
477,14:11:14,3.17,--,2,634,卖盘
478,14:11:08,3.17,-0.01,44,13948,卖盘
479,14:11:05,3.18,--,2925,930150,买盘
480,14:10:59,3.18,0.01,36,11448,买盘
481,14:10:54,3.17,--,21,6657,卖盘
482,14:10:44,3.17,--,3,951,卖盘
483,14:10:38,3.17,--,42,13314,卖盘
484,14:10:35,3.17,--,1003,317951,卖盘
485,14:10:23,3.17,--,105,33285,卖盘
486,14:10:20,3.17,-0.01,20,6340,卖盘
487,14:10:08,3.18,--,81,25758,买盘
488,14:10:05,3.18,0.01,514,163452,买盘
489,14:09:59,3.17,-0.01,250,79250,卖盘
490,14:09:50,3.18,--,100,31800,买盘
491,14:09:44,3.18,--,40,12720,买盘
492,14:09:38,3.18,0.01,83,26394,买盘
493,14:09:35,3.17,--,253,80201,卖盘
494,14:09:29,3.17,--,3,951,卖盘
495,14:09:23,3.17,--,911,288787,卖盘
496,14:09:20,3.17,--,2,634,卖盘
497,14:09:14,3.17,-0.01,1801,570917,卖盘
498,14:09:08,3.18,--,85,27030,买盘
499,14:09:04,3.18,--,517,164406,买盘
500,14:08:59,3.18,0.01,136,43248,买盘
501,14:08:44,3.17,-0.01,421,133457,卖盘
502,14:08:38,3.18,0.01,121,38478,买盘
503,14:08:34,3.17,-0.01,7,2219,卖盘
504,14:08:19,3.18,0.01,5,1590,买盘
505,14:08:14,3.17,--,1,317,卖盘
506,14:08:04,3.17,-0.01,518,164206,卖盘
507,14:07:59,3.18,0.01,128,40704,买盘
508,14:07:49,3.17,--,21,6657,卖盘
509,14:07:44,3.17,--,1,317,卖盘
510,14:07:38,3.17,--,58,18386,卖盘
511,14:07:34,3.17,-0.01,7,2219,卖盘
512,14:07:29,3.18,0.01,64,20352,买盘
513,14:07:19,3.17,--,1,317,卖盘
514,14:07:04,3.17,--,478,151526,卖盘
515,14:06:59,3.17,--,5,1585,卖盘
516,14:06:53,3.17,-0.01,1,317,卖盘
517,14:06:44,3.18,0.01,2,636,买盘
518,14:06:34,3.17,--,7,2219,卖盘
519,14:06:29,3.17,--,110,34870,卖盘
520,14:06:23,3.17,--,33,10461,卖盘
521,14:06:19,3.17,--,6,1902,卖盘
522,14:06:14,3.17,--,112,35504,卖盘
523,14:06:08,3.17,--,10,3170,卖盘
524,14:06:04,3.17,-0.01,147,46599,卖盘
525,14:05:59,3.18,0.01,48,15264,买盘
526,14:05:53,3.17,--,146,46282,卖盘
527,14:05:44,3.17,--,111,35187,卖盘
528,14:05:34,3.17,-0.01,281,89077,卖盘
529,14:05:29,3.18,0.01,289,91902,买盘
530,14:05:23,3.17,--,339,107463,卖盘
531,14:05:14,3.17,--,376,119192,卖盘
532,14:05:08,3.17,--,212,67204,卖盘
533,14:05:02,3.17,--,252,79884,卖盘
534,14:04:59,3.17,--,310,98270,卖盘
535,14:04:53,3.17,--,110,34870,卖盘
536,14:04:49,3.17,-0.01,309,97953,卖盘
537,14:04:44,3.18,0.01,37,11766,买盘
538,14:04:38,3.17,--,155,49135,卖盘
539,14:04:32,3.17,--,75,23775,卖盘
540,14:04:29,3.17,--,4417,1400249,卖盘
541,14:04:17,3.17,--,433,137261,卖盘
542,14:04:14,3.17,-0.01,283,89711,卖盘
543,14:04:08,3.18,--,296,94128,买盘
544,14:04:02,3.18,--,506,160908,买盘
545,14:03:59,3.18,0.01,879,279522,买盘
546,14:03:53,3.17,-0.01,123,38991,卖盘
547,14:03:47,3.18,--,28,8904,买盘
548,14:03:44,3.18,0.01,126,40068,买盘
549,14:03:38,3.17,--,1,317,卖盘
550,14:03:32,3.17,--,7,2219,卖盘
551,14:03:29,3.17,--,80,25360,卖盘
552,14:03:23,3.17,--,822,260574,卖盘
553,14:03:14,3.17,--,111,35187,卖盘
554,14:03:02,3.17,--,43,13631,卖盘
555,14:02:59,3.17,--,205,64985,卖盘
556,14:02:53,3.17,-0.01,96,30432,卖盘
557,14:02:44,3.18,--,1643,522474,买盘
558,14:02:38,3.18,0.01,99,31482,买盘
559,14:02:32,3.17,-0.01,8,2536,卖盘
560,14:02:29,3.18,0.01,47,14946,买盘
561,14:02:23,3.17,-0.01,110,34870,卖盘
562,14:02:13,3.18,0.01,1,318,买盘
563,14:02:08,3.17,-0.01,212,67204,卖盘
564,14:02:02,3.18,--,44,13992,买盘
565,14:01:58,3.18,--,356,113208,买盘
566,14:01:53,3.18,0.01,1,318,买盘
567,14:01:43,3.17,-0.01,109,34553,卖盘
568,14:01:38,3.18,0.01,83,26394,买盘
569,14:01:32,3.17,--,7,2219,卖盘
570,14:01:28,3.17,-0.01,110,34870,卖盘
571,14:01:23,3.18,0.01,43,13674,买盘
572,14:01:13,3.17,-0.01,111,35187,卖盘
573,14:01:08,3.18,--,84,26712,买盘
574,14:01:02,3.18,--,44,13992,买盘
575,14:00:58,3.18,--,1343,427074,买盘
576,14:00:53,3.18,0.01,16,5088,买盘
577,14:00:38,3.17,-0.01,415,131555,卖盘
578,14:00:32,3.18,--,43,13674,买盘
579,14:00:28,3.18,--,118,37524,买盘
580,14:00:13,3.18,0.01,298,94764,买盘
581,14:00:08,3.17,--,784,248528,卖盘
582,14:00:02,3.17,-0.01,44,13948,卖盘
583,13:59:58,3.18,--,37,11766,买盘
584,13:59:43,3.18,--,150,47700,买盘
585,13:59:38,3.18,--,130,41340,买盘
586,13:59:32,3.18,--,44,13992,买盘
587,13:59:23,3.18,--,276,87768,买盘
588,13:59:13,3.18,--,198,62964,买盘
589,13:59:08,3.18,--,1,318,买盘
590,13:59:02,3.18,--,43,13674,买盘
591,13:58:58,3.18,--,605,192390,买盘
592,13:58:53,3.18,--,322,102396,买盘
593,13:58:47,3.18,--,300,95400,买盘
594,13:58:43,3.18,--,308,97944,买盘
595,13:58:38,3.18,0.01,213,67734,买盘
596,13:58:32,3.17,--,6,1902,卖盘
597,13:58:23,3.17,--,2,634,卖盘
598,13:58:17,3.17,-0.01,507,160719,卖盘
599,13:58:08,3.18,--,81,25758,买盘
600,13:58:02,3.18,0.01,16,5088,买盘
601,13:57:57,3.17,-0.01,228,72276,卖盘
602,13:57:53,3.18,0.01,298,94764,买盘
603,13:57:47,3.17,--,157,49769,卖盘
604,13:57:38,3.17,-0.01,65,20605,卖盘
605,13:57:32,3.18,--,104,33072,买盘
606,13:57:23,3.18,--,37,11766,买盘
607,13:57:17,3.18,0.01,66,20988,买盘
608,13:57:11,3.17,-0.01,281,89077,卖盘
609,13:57:08,3.18,--,126,40068,买盘
610,13:57:02,3.18,--,42,13356,买盘
611,13:56:56,3.18,--,759,241362,买盘
612,13:56:38,3.18,0.01,9,2862,买盘
613,13:56:32,3.17,--,7,2219,卖盘
614,13:56:26,3.17,--,43,13631,卖盘
615,13:56:23,3.17,--,3,951,卖盘
616,13:56:17,3.17,-0.01,1,317,卖盘
617,13:56:08,3.18,0.01,190,60420,买盘
618,13:56:02,3.17,-0.01,308,97636,卖盘
619,13:55:53,3.18,0.01,37,11766,买盘
620,13:55:47,3.17,--,5,1585,卖盘
621,13:55:38,3.17,-0.01,516,163572,卖盘
622,13:55:32,3.18,0.01,234,74412,买盘
623,13:55:26,3.17,--,177,56109,卖盘
624,13:55:17,3.17,--,213,67521,卖盘
625,13:55:11,3.17,-0.01,335,106195,卖盘
626,13:55:07,3.18,--,340,108120,买盘
627,13:55:02,3.18,--,94,29892,买盘
628,13:54:56,3.18,0.01,56,17808,买盘
629,13:54:52,3.17,--,525,166425,卖盘
630,13:54:47,3.17,--,1,317,卖盘
631,13:54:41,3.17,-0.01,235,74495,卖盘
632,13:54:32,3.18,--,11,3498,买盘
633,13:54:22,3.18,0.01,236,75048,买盘
634,13:54:17,3.17,-0.01,328,103976,卖盘
635,13:54:07,3.18,0.01,142,45156,买盘
636,13:54:02,3.17,-0.01,190,60230,卖盘
637,13:53:56,3.18,0.01,36,11448,买盘
638,13:53:52,3.17,--,221,70057,卖盘
639,13:53:41,3.17,--,372,117924,卖盘
640,13:53:37,3.17,--,12,3804,卖盘
641,13:53:32,3.17,--,6,1902,卖盘
642,13:53:26,3.17,--,6,1902,卖盘
643,13:53:17,3.17,-0.01,62,19654,卖盘
644,13:53:11,3.18,0.01,7,2226,买盘
645,13:53:07,3.17,--,200,63400,卖盘
646,13:53:02,3.17,--,7,2219,卖盘
647,13:52:52,3.17,--,29,9193,卖盘
648,13:52:47,3.17,-0.01,185,58645,卖盘
649,13:52:37,3.18,0.01,263,83634,买盘
650,13:52:32,3.17,--,6,1902,卖盘
651,13:52:26,3.17,-0.01,51,16167,卖盘
652,13:52:22,3.18,0.01,163,51834,买盘
653,13:52:17,3.17,-0.01,121,38357,卖盘
654,13:52:11,3.18,--,30,9540,买盘
655,13:52:07,3.18,0.01,148,47064,买盘
656,13:52:02,3.17,-0.01,44,13948,卖盘
657,13:51:47,3.18,--,43,13674,买盘
658,13:51:41,3.18,--,100,31800,买盘
659,13:51:35,3.18,0.01,43,13674,买盘
660,13:51:32,3.17,--,7,2219,卖盘
661,13:51:26,3.17,-0.01,200,63400,卖盘
662,13:51:22,3.18,0.01,153,48654,买盘
663,13:51:17,3.17,-0.01,91,28847,卖盘
664,13:51:11,3.18,--,132,41976,买盘
665,13:51:02,3.18,--,73,23214,买盘
666,13:50:56,3.18,--,3,954,买盘
667,13:50:50,3.18,--,71,22578,买盘
668,13:50:41,3.18,0.01,29,9222,买盘
669,13:50:35,3.17,-0.01,10,3170,卖盘
670,13:50:26,3.18,0.01,173,55014,买盘
671,13:50:17,3.17,-0.01,5,1585,卖盘
672,13:50:11,3.18,0.01,38,12084,买盘
673,13:50:05,3.17,-0.01,39,12363,卖盘
674,13:50:01,3.18,0.01,56,17808,买盘
675,13:49:56,3.17,--,13,4121,卖盘
676,13:49:50,3.17,-0.01,6,1902,卖盘
677,13:49:47,3.18,0.01,50,15900,买盘
678,13:49:41,3.17,--,1,317,卖盘
679,13:49:31,3.17,--,30,9510,卖盘
680,13:49:20,3.17,-0.01,5,1585,卖盘
681,13:49:16,3.18,--,22,6996,买盘
682,13:49:11,3.18,0.01,37,11766,买盘
683,13:49:05,3.17,--,1,317,卖盘
684,13:49:01,3.17,--,160,50720,卖盘
685,13:48:50,3.17,-0.01,6,1902,卖盘
686,13:48:46,3.18,--,57,18126,买盘
687,13:48:31,3.18,0.01,10,3180,买盘
688,13:48:26,3.17,-0.01,3,951,卖盘
689,13:48:20,3.18,--,137,43566,买盘
690,13:48:16,3.18,--,1,318,买盘
691,13:48:11,3.18,--,133,42294,买盘
692,13:48:05,3.18,--,16,5088,买盘
693,13:48:01,3.18,--,36,11448,买盘
694,13:47:56,3.18,--,39,12402,买盘
695,13:47:50,3.18,0.01,226,71868,买盘
696,13:47:41,3.17,--,30,9510,卖盘
697,13:47:35,3.17,-0.01,1,317,卖盘
698,13:47:31,3.18,--,45,14310,买盘
699,13:47:26,3.18,0.01,31,9858,买盘
700,13:47:20,3.17,-0.01,5,1585,卖盘
701,13:47:16,3.18,0.01,33,10494,买盘
702,13:47:11,3.17,-0.01,324,102708,卖盘
703,13:47:01,3.18,--,36,11448,买盘
704,13:46:56,3.18,--,62,19716,买盘
705,13:46:50,3.18,0.01,248,78864,买盘
706,13:46:41,3.17,-0.01,3,951,卖盘
707,13:46:26,3.18,0.01,58,18444,买盘
708,13:46:20,3.17,-0.01,6,1902,卖盘
709,13:46:16,3.18,0.01,132,41976,买盘
710,13:45:56,3.17,--,52,16484,卖盘
711,13:45:50,3.17,--,5,1585,卖盘
712,13:45:41,3.17,-0.01,32,10144,卖盘
713,13:45:35,3.18,0.01,131,41658,买盘
714,13:45:31,3.17,--,20,6340,卖盘
715,13:45:26,3.17,--,110,34870,卖盘
716,13:45:20,3.17,-0.01,5,1585,卖盘
717,13:45:16,3.18,--,130,41340,买盘
718,13:45:11,3.18,--,132,41976,买盘
719,13:45:00,3.18,--,295,93810,买盘
720,13:44:56,3.18,--,83,26394,买盘
721,13:44:50,3.18,--,349,110982,买盘
722,13:44:46,3.18,0.01,10,3180,买盘
723,13:44:41,3.17,--,1,317,卖盘
724,13:44:26,3.17,-0.01,4,1268,卖盘
725,13:44:20,3.18,0.01,137,43566,买盘
726,13:44:10,3.17,--,3,951,卖盘
727,13:43:55,3.17,--,9518,3017206,卖盘
728,13:43:50,3.17,-0.01,138,43746,卖盘
729,13:43:44,3.18,0.01,2,636,买盘
730,13:43:35,3.17,--,853,270401,卖盘
731,13:43:20,3.17,-0.01,11,3487,卖盘
732,13:43:14,3.18,--,13,4134,买盘
733,13:43:10,3.18,--,132,41976,买盘
734,13:43:05,3.18,0.01,375,119250,买盘
735,13:42:59,3.17,-0.01,15,4755,卖盘
736,13:42:55,3.18,--,81,25758,买盘
737,13:42:50,3.18,0.01,6,1908,买盘
738,13:42:35,3.17,-0.01,17,5389,卖盘
739,13:42:29,3.18,--,132,41976,买盘
740,13:42:25,3.18,0.01,20,6360,买盘
741,13:42:20,3.17,--,32,10144,卖盘
742,13:42:14,3.17,--,100,31700,卖盘
743,13:41:50,3.17,-0.01,190,60230,卖盘
744,13:41:40,3.18,0.01,50,15900,买盘
745,13:41:35,3.17,-0.01,231,73227,卖盘
746,13:41:25,3.18,0.01,242,76956,买盘
747,13:41:20,3.17,-0.01,505,160085,卖盘
748,13:41:14,3.18,0.01,4,1272,买盘
749,13:41:10,3.17,--,264,83688,卖盘
750,13:41:05,3.17,-0.01,332,105244,卖盘
751,13:40:55,3.18,0.01,44,13992,买盘
752,13:40:50,3.17,--,5,1585,卖盘
753,13:40:44,3.17,--,130,41210,卖盘
754,13:40:40,3.17,--,270,85590,卖盘
755,13:40:35,3.17,--,250,79250,卖盘
756,13:40:25,3.17,--,344,109048,卖盘
757,13:40:20,3.17,--,277,87809,卖盘
758,13:40:14,3.17,--,198,62766,卖盘
759,13:40:10,3.17,--,136,43112,卖盘
760,13:39:55,3.17,-0.01,1,317,卖盘
761,13:39:50,3.18,0.01,6,1908,买盘
762,13:39:40,3.17,-0.01,519,164523,卖盘
763,13:39:35,3.18,--,56,17808,买盘
764,13:39:29,3.18,0.01,2,636,买盘
765,13:39:25,3.17,--,77,24409,卖盘
766,13:39:20,3.17,-0.01,26,8242,卖盘
767,13:39:14,3.18,0.01,205,65190,买盘
768,13:39:10,3.17,--,74,23458,卖盘
769,13:39:05,3.17,--,6,1902,卖盘
770,13:38:55,3.17,--,14,4438,卖盘
771,13:38:50,3.17,-0.01,6,1902,卖盘
772,13:38:40,3.18,--,12,3816,买盘
773,13:38:29,3.18,0.01,1,318,买盘
774,13:38:20,3.17,-0.01,139,44063,卖盘
775,13:38:10,3.18,0.01,132,41976,买盘
776,13:38:05,3.17,-0.01,1,317,卖盘
777,13:37:54,3.18,0.01,5,1590,买盘
778,13:37:50,3.17,--,5,1585,卖盘
779,13:37:38,3.17,-0.01,22,6974,卖盘
780,13:37:23,3.18,0.01,81,25758,买盘
781,13:37:19,3.17,--,806,255502,卖盘
782,13:37:08,3.17,--,103,32651,卖盘
783,13:37:05,3.17,--,198,62766,卖盘
784,13:36:59,3.17,-0.01,6,1902,卖盘
785,13:36:53,3.18,0.01,100,31800,买盘
786,13:36:49,3.17,--,16,5072,卖盘
787,13:36:38,3.17,--,3,951,卖盘
788,13:36:34,3.17,--,150,47550,卖盘
789,13:36:29,3.17,--,1,317,卖盘
790,13:36:23,3.17,--,1,317,卖盘
791,13:36:19,3.17,--,6,1902,卖盘
792,13:36:14,3.17,--,216,68472,卖盘
793,13:36:08,3.17,--,102,32334,卖盘
794,13:36:04,3.17,-0.01,3,951,卖盘
795,13:35:59,3.18,0.01,1,318,买盘
796,13:35:49,3.17,--,105,33285,卖盘
797,13:35:44,3.17,--,1069,338873,卖盘
798,13:35:34,3.17,--,12,3804,卖盘
799,13:35:29,3.17,--,102,32334,卖盘
800,13:35:19,3.17,--,55,17435,卖盘
801,13:35:04,3.17,--,151,47867,卖盘
802,13:34:59,3.17,-0.01,50,15850,卖盘
803,13:34:53,3.18,0.01,35,11130,买盘
804,13:34:49,3.17,--,139,44063,卖盘
805,13:34:44,3.17,--,26,8242,卖盘
806,13:34:38,3.17,--,16,5072,卖盘
807,13:34:34,3.17,-0.01,134,42478,卖盘
808,13:34:29,3.18,0.01,2,636,买盘
809,13:34:19,3.17,-0.01,179,56743,卖盘
810,13:34:14,3.18,0.01,9,2862,买盘
811,13:34:07,3.17,--,1,317,卖盘
812,13:34:04,3.17,--,136,43112,卖盘
813,13:33:59,3.17,--,100,31700,卖盘
814,13:33:49,3.17,--,6,1902,卖盘
815,13:33:44,3.17,-0.01,67,21239,卖盘
816,13:33:34,3.18,0.01,2,636,买盘
817,13:33:29,3.17,--,130,41210,卖盘
818,13:33:19,3.17,--,141,44697,卖盘
819,13:33:14,3.17,--,446,141382,卖盘
820,13:33:08,3.17,--,22,6974,卖盘
821,13:33:04,3.17,--,4,1268,卖盘
822,13:32:59,3.17,--,2,634,卖盘
823,13:32:53,3.17,--,158,50086,卖盘
824,13:32:49,3.17,--,427,135359,卖盘
825,13:32:44,3.17,--,19,6023,卖盘
826,13:32:34,3.17,-0.01,140,44380,卖盘
827,13:32:29,3.18,--,6,1908,买盘
828,13:32:23,3.18,0.01,2,636,买盘
829,13:32:19,3.17,-0.01,8,2536,卖盘
830,13:32:13,3.18,0.01,30,9540,买盘
831,13:32:08,3.17,--,1,317,卖盘
832,13:32:04,3.17,--,48,15216,卖盘
833,13:31:59,3.17,--,100,31700,卖盘
834,13:31:53,3.17,--,1,317,卖盘
835,13:31:49,3.17,--,7,2219,卖盘
836,13:31:44,3.17,--,2,634,卖盘
837,13:31:38,3.17,--,22,6974,卖盘
838,13:31:33,3.17,--,4,1268,卖盘
839,13:31:29,3.17,-0.01,259,82103,卖盘
840,13:31:23,3.18,0.01,100,31800,买盘
841,13:31:19,3.17,--,38,12046,卖盘
842,13:31:14,3.17,-0.01,1,317,卖盘
843,13:31:07,3.18,0.01,20,6360,买盘
844,13:30:58,3.17,--,231,73227,卖盘
845,13:30:49,3.17,-0.01,117,37089,卖盘
846,13:30:43,3.18,0.01,72,22896,买盘
847,13:30:17,3.17,--,5,1585,卖盘
848,13:30:08,3.17,--,30,9510,卖盘
849,13:30:02,3.17,-0.01,200,63400,卖盘
850,13:29:58,3.18,0.01,50,15900,买盘
851,13:29:53,3.17,--,311,98587,卖盘
852,13:29:43,3.17,--,20,6340,卖盘
853,13:29:38,3.17,--,7,2219,卖盘
854,13:29:31,3.17,--,60,19020,卖盘
855,13:29:23,3.17,-0.01,5,1585,卖盘
856,13:29:16,3.18,0.01,5,1590,买盘
857,13:29:13,3.17,--,11,3487,卖盘
858,13:28:58,3.17,-0.01,1,317,卖盘
859,13:28:52,3.18,--,25,7950,买盘
860,13:28:43,3.18,0.01,10,3180,买盘
861,13:28:37,3.17,--,32,10144,卖盘
862,13:28:23,3.17,--,36,11412,卖盘
863,13:28:13,3.17,--,12,3804,卖盘
864,13:28:01,3.17,-0.01,100,31700,卖盘
865,13:27:58,3.18,0.01,53,16854,买盘
866,13:27:52,3.17,--,5,1585,卖盘
867,13:27:46,3.17,-0.01,1,317,卖盘
868,13:27:43,3.18,--,1,318,买盘
869,13:27:37,3.18,0.01,2,636,买盘
870,13:27:31,3.17,--,195,61815,卖盘
871,13:27:22,3.17,--,6,1902,卖盘
872,13:27:16,3.17,--,52,16484,卖盘
873,13:27:13,3.17,--,6,1902,卖盘
874,13:27:07,3.17,-0.01,22,6974,卖盘
875,13:26:58,3.18,0.01,1002,318636,买盘
876,13:26:52,3.17,--,103,32651,卖盘
877,13:26:46,3.17,--,5,1585,卖盘
878,13:26:43,3.17,--,783,248211,卖盘
879,13:26:31,3.17,--,15,4755,卖盘
880,13:26:28,3.17,--,400,126800,卖盘
881,13:26:22,3.17,-0.01,6,1902,卖盘
882,13:26:16,3.18,--,17,5406,买盘
883,13:26:13,3.18,0.01,1092,347256,买盘
884,13:26:07,3.17,--,59,18703,卖盘
885,13:26:01,3.17,--,5,1585,卖盘
886,13:25:46,3.17,-0.01,6,1902,卖盘
887,13:25:43,3.18,0.01,100,31800,买盘
888,13:25:37,3.17,-0.01,22,6974,卖盘
889,13:25:31,3.18,--,70,22260,买盘
890,13:25:27,3.18,--,3,954,买盘
891,13:25:22,3.18,--,96,30528,买盘
892,13:25:13,3.18,--,493,156774,买盘
893,13:25:07,3.18,--,385,122430,买盘
894,13:25:01,3.18,--,1,318,买盘
895,13:24:58,3.18,0.01,26,8268,买盘
896,13:24:52,3.17,--,10167,3222939,卖盘
897,13:24:46,3.17,--,5,1585,卖盘
898,13:24:31,3.17,-0.01,1,317,卖盘
899,13:24:27,3.18,0.01,80,25440,买盘
900,13:24:22,3.17,--,105,33285,卖盘
901,13:24:16,3.17,-0.01,1,317,卖盘
902,13:24:13,3.18,0.01,106,33708,买盘
903,13:24:07,3.17,--,23,7291,卖盘
904,13:23:57,3.17,--,91,28847,卖盘
905,13:23:52,3.17,-0.01,267,84639,卖盘
906,13:23:42,3.18,0.01,35,11130,买盘
907,13:23:37,3.17,-0.01,1,317,卖盘
908,13:23:27,3.18,--,83,26394,买盘
909,13:23:22,3.18,0.01,22,6996,买盘
910,13:23:16,3.17,-0.01,6,1902,卖盘
911,13:23:10,3.18,--,1,318,买盘
912,13:22:52,3.18,--,14,4452,买盘
913,13:22:46,3.18,0.01,8,2544,买盘
914,13:22:40,3.17,--,23,7291,卖盘
915,13:22:37,3.17,-0.01,15,4755,卖盘
916,13:22:31,3.18,0.01,88,27984,买盘
917,13:22:22,3.17,--,6,1902,卖盘
918,13:22:07,3.17,-0.01,23,7291,卖盘
919,13:22:01,3.18,0.01,718,228324,买盘
920,13:21:52,3.17,--,20,6340,卖盘
921,13:21:46,3.17,--,38,12046,卖盘
922,13:21:31,3.17,-0.01,12,3804,卖盘
923,13:21:22,3.18,0.01,10,3180,买盘
924,13:21:16,3.17,--,189,59913,卖盘
925,13:21:07,3.17,--,22,6974,卖盘
926,13:21:01,3.17,--,52,16484,卖盘
927,13:20:55,3.17,--,1,317,卖盘
928,13:20:52,3.17,--,5,1585,卖盘
929,13:20:40,3.17,-0.01,1,317,卖盘
930,13:20:37,3.18,0.01,13,4134,买盘
931,13:20:31,3.17,-0.01,1,317,卖盘
932,13:20:25,3.18,0.01,1,318,买盘
933,13:20:22,3.17,-0.01,83,26311,卖盘
934,13:20:16,3.18,--,47,14946,买盘
935,13:20:10,3.18,--,4,1272,买盘
936,13:19:55,3.18,0.01,427,135786,买盘
937,13:19:52,3.17,--,5,1585,卖盘
938,13:19:46,3.17,--,1,317,卖盘
939,13:19:40,3.17,--,1142,362014,卖盘
940,13:19:31,3.17,--,2,634,卖盘
941,13:19:22,3.17,--,3,951,卖盘
942,13:19:16,3.17,--,10204,3234668,卖盘
943,13:19:10,3.17,--,251,79567,卖盘
944,13:18:55,3.17,-0.01,1,317,卖盘
945,13:18:51,3.18,--,20,6360,买盘
946,13:18:46,3.18,--,20,6360,买盘
947,13:18:36,3.18,0.01,1,318,买盘
948,13:18:31,3.17,-0.01,47,14899,卖盘
949,13:18:21,3.18,0.01,45,14310,买盘
950,13:18:16,3.17,-0.01,45,14265,卖盘
951,13:18:10,3.18,0.01,30,9540,买盘
952,13:18:06,3.17,-0.01,23,7291,卖盘
953,13:17:55,3.18,0.01,89,28302,买盘
954,13:17:51,3.17,-0.01,3,951,卖盘
955,13:17:46,3.18,0.01,95,30210,买盘
956,13:17:36,3.17,--,2,634,卖盘
957,13:17:31,3.17,-0.01,125,39625,卖盘
958,13:17:25,3.18,--,120,38160,买盘
959,13:17:21,3.18,--,310,98580,买盘
960,13:17:10,3.18,0.01,12,3816,买盘
961,13:17:06,3.17,-0.01,2,634,卖盘
962,13:17:01,3.18,0.01,27,8586,买盘
963,13:16:55,3.17,--,5,1585,卖盘
964,13:16:51,3.17,-0.01,4,1268,卖盘
965,13:16:46,3.18,0.01,2,636,买盘
966,13:16:40,3.17,--,7,2219,卖盘
967,13:16:35,3.17,--,22,6974,卖盘
968,13:16:31,3.17,-0.01,4,1268,卖盘
969,13:16:25,3.18,0.01,2,636,买盘
970,13:16:19,3.17,--,5,1585,卖盘
971,13:16:16,3.17,-0.01,3,951,卖盘
972,13:16:05,3.18,--,1083,344394,买盘
973,13:16:01,3.18,--,306,97308,买盘
974,13:15:55,3.18,0.01,130,41340,买盘
975,13:15:49,3.17,--,263,83371,卖盘
976,13:15:46,3.17,--,999,316683,卖盘
977,13:15:40,3.17,--,2,634,卖盘
978,13:15:31,3.17,--,400,126800,卖盘
979,13:15:25,3.17,--,8,2536,卖盘
980,13:15:19,3.17,--,4,1268,卖盘
981,13:15:10,3.17,--,261,82737,卖盘
982,13:15:04,3.17,--,2,634,卖盘
983,13:15:01,3.17,--,430,136310,卖盘
984,13:14:55,3.17,--,1,317,卖盘
985,13:14:49,3.17,-0.01,21,6657,卖盘
986,13:14:40,3.18,0.01,169,53742,买盘
987,13:14:34,3.17,-0.01,1,317,卖盘
988,13:14:31,3.18,0.01,38,12084,买盘
989,13:14:25,3.17,--,23,7291,卖盘
990,13:14:19,3.17,-0.01,3,951,卖盘
991,13:14:16,3.18,--,31,9858,买盘
992,13:14:10,3.18,0.01,49,15582,买盘
993,13:13:55,3.17,--,8,2536,卖盘
994,13:13:49,3.17,--,4,1268,卖盘
995,13:13:46,3.17,--,2,634,卖盘
996,13:13:34,3.17,--,10,3170,卖盘
997,13:13:31,3.17,--,2,634,卖盘
998,13:13:25,3.17,--,1,317,卖盘
999,13:13:19,3.17,--,4,1268,卖盘
1000,13:13:00,3.17,--,1,317,卖盘
1001,13:12:49,3.17,--,234,74178,卖盘
1002,13:12:40,3.17,-0.01,50,15850,卖盘
1003,13:12:30,3.18,0.01,20,6360,买盘
1004,13:12:25,3.17,--,1,317,卖盘
1005,13:12:19,3.17,--,4,1268,卖盘
1006,13:12:15,3.17,-0.01,2,634,卖盘
1007,13:12:10,3.18,0.01,1260,400680,买盘
1008,13:12:04,3.17,--,1,317,卖盘
1009,13:12:00,3.17,-0.01,40,12680,卖盘
1010,13:11:55,3.18,0.01,4,1272,买盘
1011,13:11:49,3.17,--,202,64034,卖盘
1012,13:11:45,3.17,--,230,72910,卖盘
1013,13:11:40,3.17,--,1,317,卖盘
1014,13:11:30,3.17,--,55,17435,卖盘
1015,13:11:19,3.17,-0.01,4,1268,卖盘
1016,13:11:15,3.18,0.01,712,226416,买盘
1017,13:11:10,3.17,--,1,317,卖盘
1018,13:10:55,3.17,--,127,40259,卖盘
1019,13:10:49,3.17,-0.01,4,1268,卖盘
1020,13:10:45,3.18,0.01,50,15900,买盘
1021,13:10:40,3.17,--,2,634,卖盘
1022,13:10:30,3.17,-0.01,53,16801,卖盘
1023,13:10:25,3.18,0.01,365,116070,买盘
1024,13:10:19,3.17,--,3,951,卖盘
1025,13:10:15,3.17,--,125,39625,卖盘
1026,13:10:10,3.17,--,9,2853,卖盘
1027,13:10:04,3.17,--,3,951,卖盘
1028,13:10:00,3.17,-0.01,3,951,卖盘
1029,13:09:55,3.18,0.01,1,318,买盘
1030,13:09:49,3.17,--,14,4438,卖盘
1031,13:09:45,3.17,--,1,317,卖盘
1032,13:09:40,3.17,--,281,89077,卖盘
1033,13:09:19,3.17,--,4,1268,卖盘
1034,13:09:10,3.17,--,1,317,卖盘
1035,13:08:55,3.17,--,1,317,卖盘
1036,13:08:49,3.17,--,4,1268,卖盘
1037,13:08:40,3.17,--,127,40259,卖盘
1038,13:08:28,3.17,--,1,317,卖盘
1039,13:08:25,3.17,--,1,317,卖盘
1040,13:08:19,3.17,--,10,3170,卖盘
1041,13:08:13,3.17,-0.01,20,6340,卖盘
1042,13:08:10,3.18,0.01,60,19080,买盘
1043,13:08:04,3.17,--,301,95417,卖盘
1044,13:07:58,3.17,--,125,39625,卖盘
1045,13:07:55,3.17,--,1,317,卖盘
1046,13:07:49,3.17,-0.01,316,100172,卖盘
1047,13:07:43,3.18,--,29,9222,买盘
1048,13:07:40,3.18,0.01,136,43248,买盘
1049,13:07:28,3.17,--,72,22824,卖盘
1050,13:07:25,3.17,--,130,41210,卖盘
1051,13:07:19,3.17,--,128,40576,卖盘
1052,13:07:13,3.17,--,1,317,卖盘
1053,13:07:10,3.17,--,239,75763,卖盘
1054,13:07:04,3.17,--,38,12046,卖盘
1055,13:06:58,3.17,--,1670,529390,卖盘
1056,13:06:55,3.17,--,224,71008,卖盘
1057,13:06:49,3.17,--,4,1268,卖盘
1058,13:06:43,3.17,--,25,7925,卖盘
1059,13:06:40,3.17,--,5,1585,卖盘
1060,13:06:34,3.17,-0.01,26,8242,卖盘
1061,13:06:28,3.18,0.01,10,3180,买盘
1062,13:06:19,3.17,--,28,8876,卖盘
1063,13:06:09,3.17,-0.01,230,72910,卖盘
1064,13:06:04,3.18,0.01,100,31800,买盘
1065,13:05:49,3.17,-0.01,44,13948,卖盘
1066,13:05:39,3.18,--,12,3816,买盘
1067,13:05:34,3.18,0.01,101,32118,买盘
1068,13:05:28,3.17,--,68,21556,卖盘
1069,13:05:24,3.17,--,340,107780,卖盘
1070,13:05:19,3.17,--,3,951,卖盘
1071,13:05:13,3.17,--,202,64034,卖盘
1072,13:05:09,3.17,--,70,22190,卖盘
1073,13:05:04,3.17,-0.01,1,317,卖盘
1074,13:04:54,3.18,0.01,3,954,买盘
1075,13:04:49,3.17,-0.01,1124,356308,卖盘
1076,13:04:43,3.18,0.01,5,1590,买盘
1077,13:04:39,3.17,--,8,2536,卖盘
1078,13:04:28,3.17,--,230,72910,卖盘
1079,13:04:24,3.17,--,138,43746,卖盘
1080,13:04:19,3.17,--,6,1902,卖盘
1081,13:03:58,3.17,--,2810,890770,卖盘
1082,13:03:49,3.17,--,3,951,卖盘
1083,13:03:43,3.17,--,13,4121,卖盘
1084,13:03:34,3.17,--,230,72910,卖盘
1085,13:03:24,3.17,--,10,3170,卖盘
1086,13:03:19,3.17,--,4,1268,卖盘
1087,13:03:09,3.17,-0.01,5,1585,卖盘
1088,13:03:04,3.18,--,7,2226,买盘
1089,13:02:54,3.18,0.01,23,7314,买盘
1090,13:02:49,3.17,--,27,8559,卖盘
1091,13:02:39,3.17,-0.01,1,317,卖盘
1092,13:02:34,3.18,0.01,11,3498,买盘
1093,13:02:28,3.17,--,30,9510,卖盘
1094,13:02:19,3.17,-0.01,4,1268,卖盘
1095,13:02:13,3.18,--,6,1908,买盘
1096,13:02:04,3.18,--,6,1908,买盘
1097,13:01:58,3.18,0.01,10,3180,买盘
1098,13:01:49,3.17,--,4,1268,卖盘
1099,13:01:43,3.17,-0.01,9,2853,卖盘
1100,13:01:37,3.18,--,10,3180,买盘
1101,13:01:28,3.18,--,50,15900,买盘
1102,13:01:22,3.18,0.01,2,636,买盘
1103,13:01:19,3.17,-0.01,4,1268,卖盘
1104,13:01:07,3.18,0.01,2,636,买盘
1105,13:00:49,3.17,-0.01,7,2219,卖盘
1106,13:00:37,3.18,0.01,198,62964,买盘
1107,13:00:34,3.17,-0.01,47,14899,卖盘
1108,13:00:28,3.18,--,3,954,买盘
1109,13:00:22,3.18,0.01,130,41340,买盘
1110,13:00:19,3.17,--,373,118241,卖盘
1111,13:00:13,3.17,-0.01,627,198759,卖盘
1112,13:00:07,3.18,0.01,3439,1093602,买盘
1113,13:00:04,3.17,--,1769,560773,卖盘
1114,11:30:00,3.17,--,0,0,卖盘
1115,11:30:00,3.17,--,0,0,卖盘
1116,11:29:59,3.17,--,4,1268,卖盘
1117,11:29:53,3.17,--,5,1585,卖盘
1118,11:29:29,3.17,-0.01,10,3170,卖盘
1119,11:29:23,3.18,--,373,118614,买盘
1120,11:29:14,3.18,0.01,90,28620,买盘
1121,11:28:59,3.17,-0.01,43,13631,卖盘
1122,11:28:53,3.18,--,7,2226,买盘
1123,11:28:47,3.18,--,1,318,买盘
1124,11:28:44,3.18,--,51,16218,买盘
1125,11:28:29,3.18,0.01,1,318,买盘
1126,11:28:23,3.17,-0.01,4,1268,卖盘
1127,11:28:17,3.18,0.01,4,1272,买盘
1128,11:28:14,3.17,-0.01,1,317,卖盘
1129,11:28:02,3.18,--,130,41340,买盘
1130,11:27:59,3.18,--,328,104304,买盘
1131,11:27:53,3.18,--,332,105576,买盘
1132,11:27:47,3.18,--,536,170448,买盘
1133,11:27:38,3.18,0.01,238,75684,买盘
1134,11:27:29,3.17,-0.01,83,26311,卖盘
1135,11:27:23,3.18,0.01,10,3180,买盘
1136,11:27:14,3.17,-0.01,10,3170,卖盘
1137,11:27:08,3.18,--,160,50880,买盘
1138,11:27:02,3.18,0.01,47,14946,买盘
1139,11:26:59,3.17,-0.01,22,6974,卖盘
1140,11:26:53,3.18,0.01,10,3180,买盘
1141,11:26:44,3.17,--,1,317,卖盘
1142,11:26:38,3.17,-0.01,7,2219,卖盘
1143,11:26:23,3.18,0.01,8,2544,买盘
1144,11:26:13,3.17,-0.01,6,1902,卖盘
1145,11:26:08,3.18,0.01,10,3180,买盘
1146,11:25:58,3.17,-0.01,51,16167,卖盘
1147,11:25:53,3.18,0.01,184,58512,买盘
1148,11:25:38,3.17,--,14,4438,卖盘
1149,11:25:28,3.17,--,41,12997,卖盘
1150,11:25:23,3.17,--,4,1268,卖盘
1151,11:25:13,3.17,--,1,317,卖盘
1152,11:25:08,3.17,--,2,634,卖盘
1153,11:24:58,3.17,-0.01,2,634,卖盘
1154,11:24:53,3.18,0.01,77,24486,买盘
1155,11:24:43,3.17,--,215,68155,卖盘
1156,11:24:28,3.17,-0.01,3,951,卖盘
1157,11:24:23,3.18,0.01,16,5088,买盘
1158,11:24:13,3.17,-0.01,52,16484,卖盘
1159,11:24:08,3.18,0.01,85,27030,买盘
1160,11:23:58,3.17,-0.01,68,21556,卖盘
1161,11:23:53,3.18,0.01,266,84588,买盘
1162,11:23:43,3.17,--,192,60864,卖盘
1163,11:23:38,3.17,--,5,1585,卖盘
1164,11:23:28,3.17,--,14,4438,卖盘
1165,11:23:23,3.17,--,3,951,卖盘
1166,11:23:13,3.17,--,5,1585,卖盘
1167,11:23:08,3.17,--,254,80518,卖盘
1168,11:23:02,3.17,--,718,227606,卖盘
1169,11:22:53,3.17,--,9,2853,卖盘
1170,11:22:47,3.17,-0.01,5,1585,卖盘
1171,11:22:41,3.18,0.01,15,4770,买盘
1172,11:22:38,3.17,--,137,43429,卖盘
1173,11:22:32,3.17,-0.01,425,134725,卖盘
1174,11:22:26,3.18,0.01,35,11130,买盘
1175,11:22:23,3.17,--,3,951,卖盘
1176,11:22:17,3.17,--,2,634,卖盘
1177,11:22:08,3.17,--,88,27896,卖盘
1178,11:22:02,3.17,-0.01,254,80518,卖盘
1179,11:21:56,3.18,0.01,34,10812,买盘
1180,11:21:53,3.17,--,5,1585,卖盘
1181,11:21:47,3.17,--,9,2853,卖盘
1182,11:21:38,3.17,--,35,11095,卖盘
1183,11:21:32,3.17,-0.01,46,14582,卖盘
1184,11:21:26,3.18,0.01,1,318,买盘
1185,11:21:23,3.17,-0.01,12,3804,卖盘
1186,11:21:17,3.18,0.01,100,31800,买盘
1187,11:21:08,3.17,--,211,66887,卖盘
1188,11:21:02,3.17,-0.01,31,9827,卖盘
1189,11:20:56,3.18,--,32,10176,买盘
1190,11:20:53,3.18,--,95,30210,买盘
1191,11:20:47,3.18,0.01,9,2862,买盘
1192,11:20:38,3.17,--,16,5072,卖盘
1193,11:20:32,3.17,--,42,13314,卖盘
1194,11:20:23,3.17,--,68,21556,卖盘
1195,11:20:17,3.17,--,10,3170,卖盘
1196,11:20:11,3.17,--,24,7608,卖盘
1197,11:20:08,3.17,-0.01,14,4438,卖盘
1198,11:20:02,3.18,0.01,28,8904,买盘
1199,11:19:53,3.17,-0.01,46,14582,卖盘
1200,11:19:47,3.18,0.01,124,39432,买盘
1201,11:19:32,3.17,-0.01,1,317,卖盘
1202,11:19:26,3.18,0.01,1,318,买盘
1203,11:19:22,3.17,-0.01,4,1268,卖盘
1204,11:19:07,3.18,--,19,6042,买盘
1205,11:19:02,3.18,--,460,146280,买盘
1206,11:18:56,3.18,--,306,97308,买盘
1207,11:18:47,3.18,--,2402,763956,卖盘
1208,11:18:41,3.18,--,198,62964,卖盘
1209,11:18:32,3.18,--,236,75048,卖盘
1210,11:18:26,3.18,--,1,318,卖盘
1211,11:18:22,3.18,--,1250,397500,卖盘
1212,11:18:17,3.18,--,410,130380,卖盘
1213,11:18:11,3.18,--,1514,481452,卖盘
1214,11:18:07,3.18,--,475,151050,卖盘
1215,11:18:02,3.18,--,2096,666528,卖盘
1216,11:17:56,3.18,--,98,31164,卖盘
1217,11:17:52,3.18,--,169,53742,卖盘
1218,11:17:47,3.18,--,54,17172,卖盘
1219,11:17:41,3.18,--,2607,829026,卖盘
1220,11:17:37,3.18,--,902,286836,卖盘
1221,11:17:32,3.18,--,74,23532,卖盘
1222,11:17:26,3.18,--,200,63600,卖盘
1223,11:17:22,3.18,--,28,8904,卖盘
1224,11:17:07,3.18,--,104,33072,卖盘
1225,11:17:02,3.18,-0.01,555,176490,卖盘
1226,11:16:56,3.19,0.01,35,11165,买盘
1227,11:16:52,3.18,--,15,4770,卖盘
1228,11:16:47,3.18,--,50,15900,卖盘
1229,11:16:37,3.18,-0.01,9,2862,卖盘
1230,11:16:32,3.19,0.01,1,319,买盘
1231,11:16:22,3.18,--,74,23532,卖盘
1232,11:16:07,3.18,--,200,63600,卖盘
1233,11:16:02,3.18,--,1,318,卖盘
1234,11:15:56,3.18,--,238,75684,卖盘
1235,11:15:50,3.18,--,16,5088,卖盘
1236,11:15:47,3.18,--,34,10812,卖盘
1237,11:15:35,3.18,--,17,5406,卖盘
1238,11:15:26,3.18,--,3,954,卖盘
1239,11:15:20,3.18,-0.01,14,4452,卖盘
1240,11:15:17,3.19,--,38,12122,买盘
1241,11:15:02,3.19,--,36,11484,买盘
1242,11:14:56,3.19,0.01,201,64119,买盘
1243,11:14:50,3.18,-0.01,604,192072,卖盘
1244,11:14:47,3.19,--,44,14036,买盘
1245,11:14:32,3.19,--,133,42427,买盘
1246,11:14:26,3.19,0.01,48,15312,买盘
1247,11:14:20,3.18,-0.01,3,954,卖盘
1248,11:14:17,3.19,0.01,199,63481,买盘
1249,11:14:11,3.18,-0.01,110,34980,卖盘
1250,11:14:01,3.19,--,3529,1125798,买盘
1251,11:13:56,3.19,--,210,67021,买盘
1252,11:13:50,3.19,--,174,55506,买盘
1253,11:13:46,3.19,--,54,17226,买盘
1254,11:13:41,3.19,--,520,165880,买盘
1255,11:13:35,3.19,--,150,47850,买盘
1256,11:13:31,3.19,0.01,581,185339,买盘
1257,11:13:26,3.18,--,15,4770,卖盘
1258,11:13:20,3.18,-0.01,3,954,卖盘
1259,11:13:17,3.19,0.01,714,227766,买盘
1260,11:13:11,3.18,-0.01,62,19716,卖盘
1261,11:13:05,3.19,--,8,2552,买盘
1262,11:13:01,3.19,0.01,41,13079,买盘
1263,11:12:50,3.18,-0.01,5,1590,卖盘
1264,11:12:35,3.19,0.01,13,4147,买盘
1265,11:12:31,3.18,-0.01,1,318,卖盘
1266,11:12:26,3.19,--,42,13398,买盘
1267,11:12:20,3.19,0.01,389,124091,买盘
1268,11:12:16,3.18,--,598,190164,卖盘
1269,11:12:11,3.18,--,110,34980,卖盘
1270,11:12:05,3.18,-0.01,46,14628,卖盘
1271,11:12:01,3.19,--,58,18502,买盘
1272,11:11:56,3.19,0.01,257,81983,买盘
1273,11:11:50,3.18,-0.01,4,1272,卖盘
1274,11:11:46,3.19,--,521,166199,买盘
1275,11:11:41,3.19,0.01,51,16269,买盘
1276,11:11:31,3.18,-0.01,19,6042,卖盘
1277,11:11:26,3.19,0.01,26,8294,买盘
1278,11:11:20,3.18,--,3,954,卖盘
1279,11:11:16,3.18,-0.01,113,35934,卖盘
1280,11:11:11,3.19,0.01,31,9889,买盘
1281,11:11:01,3.18,-0.01,3,954,卖盘
1282,11:10:56,3.19,0.01,536,170984,买盘
1283,11:10:50,3.18,--,9,2862,卖盘
1284,11:10:46,3.18,--,698,221964,卖盘
1285,11:10:41,3.18,--,515,163770,卖盘
1286,11:10:31,3.18,-0.01,130,41340,卖盘
1287,11:10:26,3.19,0.01,118,37642,买盘
1288,11:10:20,3.18,--,4,1272,卖盘
1289,11:10:16,3.18,--,240,76320,卖盘
1290,11:10:11,3.18,--,278,88404,卖盘
1291,11:10:05,3.18,--,19,6042,卖盘
1292,11:10:01,3.18,-0.01,3,954,卖盘
1293,11:09:56,3.19,--,76,24244,买盘
1294,11:09:50,3.19,0.01,44,14036,买盘
1295,11:09:46,3.18,--,729,231822,卖盘
1296,11:09:41,3.18,-0.01,116,36888,卖盘
1297,11:09:35,3.19,0.01,881,281039,买盘
1298,11:09:31,3.18,--,19,6042,卖盘
1299,11:09:26,3.18,--,60,19080,卖盘
1300,11:09:20,3.18,--,4,1272,卖盘
1301,11:09:16,3.18,--,198,62964,卖盘
1302,11:09:11,3.18,-0.01,81,25758,卖盘
1303,11:09:05,3.19,0.01,5,1595,买盘
1304,11:08:59,3.18,-0.01,19,6042,卖盘
1305,11:08:56,3.19,0.01,231,73689,买盘
1306,11:08:50,3.18,--,189,60102,卖盘
1307,11:08:44,3.18,--,86,27348,卖盘
1308,11:08:41,3.18,-0.01,107,34026,卖盘
1309,11:08:30,3.19,--,231,73689,买盘
1310,11:08:26,3.19,--,16,5104,买盘
1311,11:08:20,3.19,0.01,587,187253,买盘
1312,11:08:14,3.18,-0.01,1533,487494,卖盘
1313,11:08:11,3.19,--,53,16907,买盘
1314,11:08:05,3.19,--,1188,378972,买盘
1315,11:07:59,3.19,0.01,4,1276,买盘
1316,11:07:55,3.18,--,253,80454,卖盘
1317,11:07:50,3.18,--,159,50562,卖盘
1318,11:07:44,3.18,-0.01,8,2544,卖盘
1319,11:07:40,3.19,0.01,36,11484,买盘
1320,11:07:35,3.18,--,181,57558,卖盘
1321,11:07:29,3.18,--,21,6678,卖盘
1322,11:07:25,3.18,--,50,15900,卖盘
1323,11:07:20,3.18,-0.01,12,3816,卖盘
1324,11:07:14,3.19,--,31,9889,买盘
1325,11:07:10,3.19,0.01,31,9889,买盘
1326,11:06:59,3.18,--,1105,351390,卖盘
1327,11:06:55,3.18,--,508,161544,卖盘
1328,11:06:50,3.18,--,214,68052,卖盘
1329,11:06:44,3.18,--,198,62964,卖盘
1330,11:06:35,3.18,--,70,22260,卖盘
1331,11:06:25,3.18,-0.01,1,318,卖盘
1332,11:06:20,3.19,--,51,16269,买盘
1333,11:06:14,3.19,0.01,100,31900,买盘
1334,11:06:10,3.18,--,32,10176,卖盘
1335,11:05:59,3.18,-0.01,3,954,卖盘
1336,11:05:55,3.19,0.01,38,12122,买盘
1337,11:05:50,3.18,-0.01,574,182532,卖盘
1338,11:05:40,3.19,--,37,11803,买盘
1339,11:05:35,3.19,--,1208,385352,买盘
1340,11:05:25,3.19,0.01,299,95381,买盘
1341,11:05:20,3.18,--,173,55014,卖盘
1342,11:05:10,3.18,-0.01,241,76638,卖盘
1343,11:05:05,3.19,0.01,1,319,买盘
1344,11:04:59,3.18,--,10,3180,卖盘
1345,11:04:55,3.18,--,12,3816,卖盘
1346,11:04:50,3.18,--,49,15582,卖盘
1347,11:04:44,3.18,-0.01,10,3180,卖盘
1348,11:04:40,3.19,0.01,40,12760,买盘
1349,11:04:35,3.18,--,100,31800,卖盘
1350,11:04:29,3.18,--,40,12720,卖盘
1351,11:04:25,3.18,--,1000,318000,卖盘
1352,11:04:20,3.18,--,523,166314,卖盘
1353,11:04:14,3.18,--,40,12720,卖盘
1354,11:04:10,3.18,-0.01,33,10494,卖盘
1355,11:04:05,3.19,--,152,48488,买盘
1356,11:03:59,3.19,0.01,166,52954,买盘
1357,11:03:55,3.18,--,220,69960,卖盘
1358,11:03:50,3.18,--,265,84270,卖盘
1359,11:03:35,3.18,--,10,3180,卖盘
1360,11:03:29,3.18,--,73,23214,卖盘
1361,11:03:25,3.18,--,8564,2723352,卖盘
1362,11:03:20,3.18,--,27,8586,卖盘
1363,11:03:05,3.18,-0.01,189,60102,卖盘
1364,11:02:55,3.19,--,4,1276,买盘
1365,11:02:50,3.19,--,41,13079,买盘
1366,11:02:44,3.19,--,144,45936,买盘
1367,11:02:40,3.19,--,19,6061,买盘
1368,11:02:35,3.19,--,46,14674,买盘
1369,11:02:29,3.19,--,1070,341330,买盘
1370,11:02:25,3.19,0.01,350,111650,买盘
1371,11:02:20,3.18,-0.01,56,17808,卖盘
1372,11:02:14,3.19,--,33,10527,买盘
1373,11:02:10,3.19,0.01,651,207669,买盘
1374,11:02:05,3.18,--,163,51834,卖盘
1375,11:01:59,3.18,-0.01,12,3816,卖盘
1376,11:01:55,3.19,0.01,205,65395,买盘
1377,11:01:50,3.18,--,115,36570,卖盘
1378,11:01:44,3.18,-0.01,152,48336,卖盘
1379,11:01:38,3.19,--,23,7337,买盘
1380,11:01:35,3.19,--,187,59653,买盘
1381,11:01:29,3.19,0.01,1132,361108,买盘
1382,11:01:25,3.18,--,80,25440,卖盘
1383,11:01:20,3.18,--,4,1272,卖盘
1384,11:01:14,3.18,--,28,8904,卖盘
1385,11:01:08,3.18,--,45,14310,卖盘
1386,11:01:05,3.18,--,180,57240,卖盘
1387,11:00:59,3.18,-0.01,11,3498,卖盘
1388,11:00:49,3.19,--,191,60929,买盘
1389,11:00:44,3.19,--,136,43384,买盘
1390,11:00:38,3.19,--,173,55187,买盘
1391,11:00:34,3.19,0.01,336,107184,买盘
1392,11:00:19,3.18,-0.01,4,1272,卖盘
1393,11:00:14,3.19,--,162,51678,买盘
1394,11:00:08,3.19,0.01,32,10208,买盘
1395,11:00:04,3.18,-0.01,37,11766,卖盘
1396,10:59:59,3.19,0.01,198,63162,买盘
1397,10:59:53,3.18,--,10,3180,卖盘
1398,10:59:49,3.18,--,127,40386,卖盘
1399,10:59:34,3.18,-0.01,254,80772,卖盘
1400,10:59:29,3.19,0.01,237,75603,买盘
1401,10:59:19,3.18,-0.01,49,15582,卖盘
1402,10:59:14,3.19,--,56,17864,买盘
1403,10:59:08,3.19,0.01,48,15312,买盘
1404,10:59:04,3.18,--,101,32118,卖盘
1405,10:58:59,3.18,--,100,31800,卖盘
1406,10:58:53,3.18,--,20,6360,卖盘
1407,10:58:49,3.18,--,4707,1496826,卖盘
1408,10:58:34,3.18,-0.01,126,40068,卖盘
1409,10:58:29,3.19,--,19,6061,买盘
1410,10:58:23,3.19,--,4,1276,买盘
1411,10:58:19,3.19,0.01,460,146740,买盘
1412,10:58:13,3.18,--,465,147870,卖盘
1413,10:58:04,3.18,-0.01,234,74412,卖盘
1414,10:57:59,3.19,0.01,1097,349943,买盘
1415,10:57:53,3.18,--,1,318,卖盘
1416,10:57:49,3.18,--,212,67416,卖盘
1417,10:57:38,3.18,--,6,1908,卖盘
1418,10:57:34,3.18,--,30,9803,卖盘
1419,10:57:29,3.18,--,328,104304,卖盘
1420,10:57:23,3.18,--,57,18126,卖盘
1421,10:57:19,3.18,--,401,127518,卖盘
1422,10:57:14,3.18,-0.01,1,318,卖盘
1423,10:57:04,3.19,--,40,12760,买盘
1424,10:56:59,3.19,--,52,16588,买盘
1425,10:56:53,3.19,0.01,59,18821,买盘
1426,10:56:49,3.18,--,236,75048,卖盘
1427,10:56:43,3.18,-0.01,187,59466,卖盘
1428,10:56:34,3.19,0.01,38,12122,买盘
1429,10:56:28,3.18,--,21,6678,卖盘
1430,10:56:19,3.18,-0.01,46,14628,卖盘
1431,10:56:14,3.19,0.01,100,31900,买盘
1432,10:56:07,3.18,--,1041,331038,卖盘
1433,10:56:04,3.18,-0.01,98,31164,卖盘
1434,10:55:58,3.19,--,56,17864,买盘
1435,10:55:49,3.19,--,16,5104,买盘
1436,10:55:43,3.19,--,179,57101,买盘
1437,10:55:38,3.19,--,431,137489,买盘
1438,10:55:34,3.19,0.01,16,5104,买盘
1439,10:55:28,3.18,--,11,3498,卖盘
1440,10:55:22,3.18,-0.01,87,27666,卖盘
1441,10:55:19,3.19,--,159,50721,买盘
1442,10:55:13,3.19,--,207,66033,买盘
1443,10:55:04,3.19,0.01,130,41470,买盘
1444,10:54:58,3.18,--,51,16218,卖盘
1445,10:54:52,3.18,--,281,89358,卖盘
1446,10:54:48,3.18,-0.01,276,87768,卖盘
1447,10:54:43,3.19,0.01,80,25520,买盘
1448,10:54:37,3.18,--,40,12720,卖盘
1449,10:54:33,3.18,--,1,318,卖盘
1450,10:54:28,3.18,--,210,66780,卖盘
1451,10:54:22,3.18,--,136,43248,卖盘
1452,10:54:17,3.18,-0.01,23,7314,卖盘
1453,10:54:13,3.19,--,49,15631,买盘
1454,10:54:07,3.19,--,326,103994,买盘
1455,10:54:01,3.19,0.01,329,104951,买盘
1456,10:53:58,3.18,-0.01,67,21306,卖盘
1457,10:53:52,3.19,0.01,504,160776,买盘
1458,10:53:46,3.18,--,137,43566,卖盘
1459,10:53:43,3.18,-0.01,1132,359976,卖盘
1460,10:53:37,3.19,0.01,1917,611523,买盘
1461,10:53:31,3.18,--,20,6360,卖盘
1462,10:53:28,3.18,--,43,13674,卖盘
1463,10:53:22,3.18,--,28,8904,卖盘
1464,10:53:13,3.18,--,60,19080,卖盘
1465,10:53:07,3.18,--,180,57240,卖盘
1466,10:53:01,3.18,--,7787,2476437,买盘
1467,10:52:58,3.18,--,288,91584,买盘
1468,10:52:52,3.18,--,470,149460,买盘
1469,10:52:46,3.18,0.01,199,63282,买盘
1470,10:52:43,3.17,-0.01,22,6974,卖盘
1471,10:52:37,3.18,--,498,158364,买盘
1472,10:52:31,3.18,--,37,11766,买盘
1473,10:52:28,3.18,--,364,115752,买盘
1474,10:52:22,3.18,--,5446,1731828,买盘
1475,10:52:16,3.18,--,445,141510,买盘
1476,10:52:13,3.18,--,709,225462,买盘
1477,10:52:07,3.18,--,933,296694,买盘
1478,10:52:01,3.18,0.01,141,44838,买盘
1479,10:51:58,3.17,-0.01,180,57060,卖盘
1480,10:51:52,3.18,--,1030,327540,买盘
1481,10:51:43,3.18,--,3433,1091694,买盘
1482,10:51:37,3.18,--,23,7314,买盘
1483,10:51:31,3.18,--,200,63600,买盘
1484,10:51:28,3.18,--,78,24804,买盘
1485,10:51:22,3.18,0.01,28,8904,买盘
1486,10:51:16,3.17,-0.01,59,18703,卖盘
1487,10:51:13,3.18,--,118,37524,买盘
1488,10:51:07,3.18,--,156,49608,买盘
1489,10:51:01,3.18,--,333,105894,买盘
1490,10:50:58,3.18,--,1471,467778,买盘
1491,10:50:52,3.18,--,163,51834,买盘
1492,10:50:46,3.18,--,159,50562,买盘
1493,10:50:43,3.18,--,537,170766,买盘
1494,10:50:31,3.18,--,1078,342804,买盘
1495,10:50:28,3.18,--,612,194616,买盘
1496,10:50:22,3.18,--,25,7950,买盘
1497,10:50:16,3.18,--,165,52470,买盘
1498,10:50:13,3.18,--,1740,553320,买盘
1499,10:50:07,3.18,--,697,221646,买盘
1500,10:50:01,3.18,0.01,141,44838,买盘
1501,10:49:58,3.17,-0.01,360,114120,卖盘
1502,10:49:52,3.18,--,13,4134,买盘
1503,10:49:43,3.18,--,132,41976,买盘
1504,10:49:37,3.18,0.01,344,109392,买盘
1505,10:49:31,3.17,-0.01,194,61498,卖盘
1506,10:49:28,3.18,--,198,62964,买盘
1507,10:49:22,3.18,--,34,10812,买盘
1508,10:49:16,3.18,0.01,57,18126,买盘
1509,10:49:13,3.17,--,102,32334,卖盘
1510,10:49:07,3.17,-0.01,141,44697,卖盘
1511,10:48:58,3.18,--,112,35616,买盘
1512,10:48:52,3.18,--,1014,322452,买盘
1513,10:48:46,3.18,0.01,25,7950,买盘
1514,10:48:43,3.17,--,416,131872,卖盘
1515,10:48:31,3.17,--,398,126166,卖盘
1516,10:48:28,3.17,--,4,1268,卖盘
1517,10:48:22,3.17,--,124,39308,卖盘
1518,10:48:16,3.17,-0.01,44,13948,卖盘
1519,10:48:13,3.18,--,1302,414036,买盘
1520,10:48:07,3.18,0.01,60,19080,买盘
1521,10:48:01,3.17,--,1000,317000,卖盘
1522,10:47:57,3.17,--,297,94149,卖盘
1523,10:47:52,3.17,-0.01,1014,321438,卖盘
1524,10:47:46,3.18,0.01,31,9858,买盘
1525,10:47:37,3.17,--,67,21239,卖盘
1526,10:47:31,3.17,--,104,32968,卖盘
1527,10:47:22,3.17,-0.01,4,1268,卖盘
1528,10:47:16,3.18,0.01,10,3180,买盘
1529,10:47:12,3.17,--,159,50403,卖盘
1530,10:47:07,3.17,-0.01,211,66887,卖盘
1531,10:46:56,3.18,--,7,2226,买盘
1532,10:46:52,3.18,0.01,35,11130,买盘
1533,10:46:46,3.17,-0.01,4,1268,卖盘
1534,10:46:42,3.18,--,150,47700,买盘
1535,10:46:37,3.18,0.01,863,274434,买盘
1536,10:46:31,3.17,-0.01,100,31700,卖盘
1537,10:46:27,3.18,--,38,12084,买盘
1538,10:46:22,3.18,0.01,138,43884,买盘
1539,10:46:16,3.17,--,149,47233,卖盘
1540,10:46:10,3.17,-0.01,100,31700,卖盘
1541,10:46:07,3.18,0.01,1628,517704,买盘
1542,10:46:01,3.17,-0.01,27,8559,卖盘
1543,10:45:55,3.18,0.01,50,15900,买盘
1544,10:45:52,3.17,-0.01,4,1268,卖盘
1545,10:45:46,3.18,0.01,64,20352,买盘
1546,10:45:40,3.17,-0.01,3,951,卖盘
1547,10:45:37,3.18,0.01,107,34026,买盘
1548,10:45:31,3.17,-0.01,475,150575,卖盘
1549,10:45:25,3.18,--,41,13038,买盘
1550,10:45:22,3.18,0.01,82,26076,买盘
1551,10:45:16,3.17,-0.01,1313,416221,卖盘
1552,10:45:10,3.18,--,289,91902,买盘
1553,10:45:07,3.18,--,30,9540,买盘
1554,10:45:01,3.18,--,1223,388914,买盘
1555,10:44:55,3.18,--,10,3180,买盘
1556,10:44:52,3.18,--,145,46110,买盘
1557,10:44:46,3.18,--,262,83316,买盘
1558,10:44:40,3.18,--,50,15900,买盘
1559,10:44:37,3.18,--,445,141510,买盘
1560,10:44:31,3.18,0.01,2198,698964,买盘
1561,10:44:25,3.17,-0.01,287,90979,卖盘
1562,10:44:22,3.18,--,166,52788,买盘
1563,10:44:16,3.18,0.01,1394,443292,买盘
1564,10:44:10,3.17,-0.01,94,29798,卖盘
1565,10:44:07,3.18,--,1734,551412,买盘
1566,10:44:01,3.18,--,259,82362,买盘
1567,10:43:55,3.18,--,3490,1109820,买盘
1568,10:43:52,3.18,0.01,188,59784,买盘
1569,10:43:46,3.17,-0.01,245,77665,卖盘
1570,10:43:40,3.18,--,160,50880,买盘
1571,10:43:31,3.18,--,213,67734,买盘
1572,10:43:25,3.18,--,214,68052,买盘
1573,10:43:22,3.18,--,1205,383190,买盘
1574,10:43:16,3.18,--,1946,618828,买盘
1575,10:43:10,3.18,0.01,141,44838,买盘
1576,10:43:07,3.17,-0.01,173,54841,卖盘
1577,10:43:01,3.18,--,1,318,买盘
1578,10:42:55,3.18,0.01,41,13038,买盘
1579,10:42:52,3.17,-0.01,44,13948,卖盘
1580,10:42:46,3.18,--,172,54696,买盘
1581,10:42:40,3.18,--,712,226416,买盘
1582,10:42:37,3.18,--,120,38160,买盘
1583,10:42:31,3.18,--,1004,319272,买盘
1584,10:42:25,3.18,--,53,16854,买盘
1585,10:42:21,3.18,--,1410,448380,买盘
1586,10:42:16,3.18,--,425,135150,买盘
1587,10:42:10,3.18,--,248,78864,买盘
1588,10:42:07,3.18,--,351,111618,买盘
1589,10:42:01,3.18,--,530,168540,买盘
1590,10:41:55,3.18,--,804,255672,买盘
1591,10:41:51,3.18,--,738,234684,买盘
1592,10:41:46,3.18,--,154,48972,买盘
1593,10:41:36,3.18,--,272,86496,买盘
1594,10:41:31,3.18,--,47,14946,买盘
1595,10:41:25,3.18,0.01,378,120204,买盘
1596,10:41:21,3.17,-0.01,230,72910,卖盘
1597,10:41:16,3.18,--,728,231504,买盘
1598,10:41:06,3.18,--,817,259806,买盘
1599,10:41:01,3.18,--,20,6360,买盘
1600,10:40:55,3.18,--,160,50880,买盘
1601,10:40:51,3.18,0.01,1209,384462,买盘
1602,10:40:46,3.17,-0.01,3363,1066071,卖盘
1603,10:40:40,3.18,--,130,41340,买盘
1604,10:40:36,3.18,--,322,102396,买盘
1605,10:40:31,3.18,--,590,187620,买盘
1606,10:40:25,3.18,--,265,84270,买盘
1607,10:40:21,3.18,0.01,326,103668,买盘
1608,10:40:16,3.17,-0.01,265,84005,卖盘
1609,10:40:10,3.18,--,721,229278,买盘
1610,10:40:06,3.18,0.01,134,42612,买盘
1611,10:40:01,3.17,-0.01,1337,423829,卖盘
1612,10:39:55,3.18,0.01,778,247404,买盘
1613,10:39:51,3.17,--,154,48818,卖盘
1614,10:39:46,3.17,--,19,6023,卖盘
1615,10:39:40,3.17,--,199,63083,卖盘
1616,10:39:36,3.17,--,2,634,卖盘
1617,10:39:31,3.17,-0.01,22,6974,卖盘
1618,10:39:25,3.18,0.01,36,11448,买盘
1619,10:39:21,3.17,--,115,36455,卖盘
1620,10:39:16,3.17,--,199,63083,卖盘
1621,10:39:10,3.17,-0.01,156,49452,卖盘
1622,10:39:06,3.18,--,68,21624,买盘
1623,10:39:01,3.18,0.01,2,636,买盘
1624,10:38:55,3.17,--,40,12680,卖盘
1625,10:38:49,3.17,--,1,317,卖盘
1626,10:38:46,3.17,-0.01,5,1585,卖盘
1627,10:38:40,3.18,0.01,101,32118,买盘
1628,10:38:34,3.17,-0.01,20,6340,卖盘
1629,10:38:31,3.18,--,11,3498,买盘
1630,10:38:25,3.18,0.01,51,16218,买盘
1631,10:38:19,3.17,--,44,13948,卖盘
1632,10:38:16,3.17,--,75,23775,卖盘
1633,10:38:10,3.17,--,4,1268,卖盘
1634,10:37:55,3.17,--,2,634,卖盘
1635,10:37:46,3.17,--,29,9193,卖盘
1636,10:37:31,3.17,--,1,317,卖盘
1637,10:37:25,3.17,--,69,21873,卖盘
1638,10:37:16,3.17,-0.01,40,12680,卖盘
1639,10:37:10,3.18,--,674,214332,买盘
1640,10:37:04,3.18,--,2,636,买盘
1641,10:37:01,3.18,--,2,874,买盘
1642,10:36:55,3.18,0.01,30,9540,买盘
1643,10:36:49,3.17,--,4,1268,卖盘
1644,10:36:46,3.17,--,143,45331,卖盘
1645,10:36:31,3.17,--,72,22824,卖盘
1646,10:36:25,3.17,--,1,317,卖盘
1647,10:36:19,3.17,--,2,634,卖盘
1648,10:36:16,3.17,-0.01,15,4755,卖盘
1649,10:36:10,3.18,0.01,1109,352662,买盘
1650,10:35:55,3.17,--,140,44380,卖盘
1651,10:35:49,3.17,--,4,1268,卖盘
1652,10:35:46,3.17,--,402,127434,卖盘
1653,10:35:40,3.17,-0.01,30,9510,卖盘
1654,10:35:34,3.18,--,1,318,买盘
1655,10:35:31,3.18,--,1116,354888,买盘
1656,10:35:25,3.18,0.01,398,126564,买盘
1657,10:35:16,3.17,--,3,951,卖盘
1658,10:35:10,3.17,--,10,3170,卖盘
1659,10:35:04,3.17,--,20,6340,卖盘
1660,10:35:01,3.17,-0.01,371,117607,卖盘
1661,10:34:55,3.18,--,753,239454,买盘
1662,10:34:49,3.18,--,5,1590,买盘
1663,10:34:46,3.18,--,10,3180,买盘
1664,10:34:40,3.18,0.01,206,65508,买盘
1665,10:34:31,3.17,-0.01,13,4121,卖盘
1666,10:34:25,3.18,--,536,170448,买盘
1667,10:34:19,3.18,0.01,231,73458,买盘
1668,10:34:10,3.17,--,1,317,卖盘
1669,10:34:00,3.17,-0.01,25,7925,卖盘
1670,10:33:55,3.18,0.01,53,16854,买盘
1671,10:33:49,3.17,--,70,22190,卖盘
1672,10:33:45,3.17,--,305,96685,卖盘
1673,10:33:40,3.17,--,152,48184,卖盘
1674,10:33:34,3.17,--,5,1585,卖盘
1675,10:33:30,3.17,-0.01,71,22507,卖盘
1676,10:33:25,3.18,0.01,37,11766,买盘
1677,10:33:19,3.17,--,2,634,卖盘
1678,10:33:15,3.17,-0.01,126,39942,卖盘
1679,10:33:10,3.18,0.01,1020,324360,买盘
1680,10:33:04,3.17,--,100,31700,卖盘
1681,10:33:00,3.17,-0.01,12,3804,卖盘
1682,10:32:55,3.18,0.01,279,88722,买盘
1683,10:32:45,3.17,-0.01,43,13631,卖盘
1684,10:32:40,3.18,--,161,51198,买盘
1685,10:32:34,3.18,0.01,102,32436,买盘
1686,10:32:30,3.17,-0.01,76,24092,卖盘
1687,10:32:25,3.18,0.01,5,1590,买盘
1688,10:32:19,3.17,--,13,4121,卖盘
1689,10:32:15,3.17,-0.01,123,38991,卖盘
1690,10:32:10,3.18,--,362,115116,买盘
1691,10:32:04,3.18,0.01,1014,322452,买盘
1692,10:32:00,3.17,-0.01,232,73544,卖盘
1693,10:31:55,3.18,--,78,24804,买盘
1694,10:31:49,3.18,0.01,156,49608,买盘
1695,10:31:45,3.17,--,3,951,卖盘
1696,10:31:40,3.17,--,1006,318902,卖盘
1697,10:31:34,3.17,-0.01,19,6023,卖盘
1698,10:31:25,3.18,--,425,135150,买盘
1699,10:31:19,3.18,0.01,80,25440,买盘
1700,10:31:15,3.17,-0.01,4,1268,卖盘
1701,10:31:10,3.18,--,286,90948,买盘
1702,10:30:59,3.18,--,326,103668,买盘
1703,10:30:55,3.18,0.01,2149,683382,买盘
1704,10:30:49,3.17,-0.01,249,78933,卖盘
1705,10:30:45,3.18,--,1588,504984,买盘
1706,10:30:40,3.18,--,272,86496,买盘
1707,10:30:34,3.18,--,3706,1178508,买盘
1708,10:30:29,3.18,0.01,429,136422,买盘
1709,10:30:25,3.17,-0.01,1647,522099,卖盘
1710,10:30:19,3.18,--,495,157410,买盘
1711,10:30:13,3.18,--,1383,439794,买盘
1712,10:30:10,3.18,--,195,62010,买盘
1713,10:30:04,3.18,0.01,50,15900,买盘
1714,10:29:58,3.17,--,13,4121,卖盘
1715,10:29:49,3.17,--,1012,320804,卖盘
1716,10:29:43,3.17,-0.01,22,6974,卖盘
1717,10:29:40,3.18,--,225,71550,买盘
1718,10:29:34,3.18,--,500,159000,买盘
1719,10:29:28,3.18,0.01,104,33072,买盘
1720,10:29:25,3.17,--,21,6657,卖盘
1721,10:29:19,3.17,-0.01,47,14899,卖盘
1722,10:29:13,3.18,0.01,157,49926,买盘
1723,10:29:10,3.17,-0.01,32,10144,卖盘
1724,10:29:04,3.18,0.01,244,77592,买盘
1725,10:28:55,3.17,-0.01,292,92564,卖盘
1726,10:28:49,3.18,--,10,3180,买盘
1727,10:28:43,3.18,--,6,1908,买盘
1728,10:28:40,3.18,0.01,1286,408948,买盘
1729,10:28:34,3.17,-0.01,2,634,卖盘
1730,10:28:28,3.18,--,161,51198,买盘
1731,10:28:25,3.18,0.01,281,89358,买盘
1732,10:28:19,3.17,-0.01,170,53890,卖盘
1733,10:28:13,3.18,--,30,9540,买盘
1734,10:28:10,3.18,0.01,390,124020,买盘
1735,10:28:04,3.17,-0.01,213,67521,卖盘
1736,10:27:58,3.18,--,452,143736,买盘
1737,10:27:55,3.18,--,984,312912,买盘
1738,10:27:49,3.18,0.01,935,297330,买盘
1739,10:27:39,3.17,--,6,1902,卖盘
1740,10:27:34,3.17,-0.01,90,28530,卖盘
1741,10:27:28,3.18,0.01,177,56286,买盘
1742,10:27:19,3.17,-0.01,336,106512,卖盘
1743,10:27:13,3.18,--,132,41976,买盘
1744,10:27:09,3.18,--,181,57558,买盘
1745,10:27:04,3.18,--,372,118296,买盘
1746,10:26:54,3.18,0.01,150,47700,买盘
1747,10:26:49,3.17,--,212,67204,卖盘
1748,10:26:43,3.17,-0.01,100,31700,卖盘
1749,10:26:39,3.18,--,31,9858,买盘
1750,10:26:28,3.18,0.01,7,2226,买盘
1751,10:26:24,3.17,-0.01,1473,466941,卖盘
1752,10:26:19,3.18,0.01,475,151050,买盘
1753,10:26:09,3.17,-0.01,7,2219,卖盘
1754,10:26:04,3.18,--,84,26712,买盘
1755,10:25:49,3.18,0.01,113,35934,买盘
1756,10:25:39,3.17,-0.01,40,12680,卖盘
1757,10:25:34,3.18,--,115,36570,买盘
1758,10:25:28,3.18,--,4,1272,买盘
1759,10:25:24,3.18,0.01,5,1590,买盘
1760,10:25:19,3.17,-0.01,4,1268,卖盘
1761,10:25:13,3.18,0.01,1,318,买盘
1762,10:25:04,3.17,-0.01,8,2536,卖盘
1763,10:24:58,3.18,0.01,10,3180,买盘
1764,10:24:54,3.17,-0.01,1,317,卖盘
1765,10:24:49,3.18,--,6,1908,买盘
1766,10:24:43,3.18,--,2,636,买盘
1767,10:24:39,3.18,0.01,31,9858,买盘
1768,10:24:34,3.17,--,116,36772,卖盘
1769,10:24:28,3.17,-0.01,95,30115,卖盘
1770,10:24:24,3.18,--,36,11448,买盘
1771,10:24:19,3.18,0.01,104,33072,买盘
1772,10:24:13,3.17,-0.01,80,25360,卖盘
1773,10:24:09,3.18,0.01,200,63600,买盘
1774,10:24:04,3.17,--,6,1902,卖盘
1775,10:23:49,3.17,-0.01,5,1585,卖盘
1776,10:23:43,3.18,0.01,2,636,买盘
1777,10:23:39,3.17,--,34,10778,卖盘
1778,10:23:34,3.17,-0.01,17,5389,卖盘
1779,10:23:28,3.18,0.01,41,13038,买盘
1780,10:23:19,3.17,--,26,8242,卖盘
1781,10:23:08,3.17,-0.01,216,68472,卖盘
1782,10:23:04,3.18,0.01,13,4134,买盘
1783,10:22:53,3.17,--,31,9827,卖盘
1784,10:22:49,3.17,-0.01,4,1268,卖盘
1785,10:22:43,3.18,0.01,6,1908,买盘
1786,10:22:34,3.17,-0.01,258,81786,卖盘
1787,10:22:28,3.18,--,353,112254,买盘
1788,10:22:19,3.18,0.01,164,52152,买盘
1789,10:22:13,3.17,-0.01,1,317,卖盘
1790,10:22:07,3.18,0.01,47,14946,买盘
1791,10:22:04,3.17,--,11,3487,卖盘
1792,10:21:58,3.17,-0.01,1,317,卖盘
1793,10:21:49,3.18,0.01,5,1590,买盘
1794,10:21:43,3.17,-0.01,24,7608,卖盘
1795,10:21:37,3.18,0.01,161,51198,买盘
1796,10:21:33,3.17,--,106,33602,卖盘
1797,10:21:28,3.17,-0.01,313,99221,卖盘
1798,10:21:22,3.18,0.01,141,44838,买盘
1799,10:21:18,3.17,--,131,41527,卖盘
1800,10:21:13,3.17,--,200,63400,卖盘
1801,10:21:04,3.17,-0.01,338,107146,卖盘
1802,10:20:58,3.18,0.01,204,64872,买盘
1803,10:20:48,3.17,--,4,1268,卖盘
1804,10:20:43,3.17,--,101,32017,卖盘
1805,10:20:37,3.17,--,182,57694,卖盘
1806,10:20:33,3.17,-0.01,51,16167,卖盘
1807,10:20:28,3.18,0.01,1,318,买盘
1808,10:20:22,3.17,--,200,63400,卖盘
1809,10:20:18,3.17,--,59,18703,卖盘
1810,10:20:13,3.17,-0.01,158,50086,卖盘
1811,10:20:07,3.18,0.01,61,19398,买盘
1812,10:20:03,3.17,-0.01,40,12680,卖盘
1813,10:19:58,3.18,--,373,118614,买盘
1814,10:19:52,3.18,0.01,1,318,买盘
1815,10:19:48,3.17,-0.01,698,221266,卖盘
1816,10:19:43,3.18,0.01,610,193980,买盘
1817,10:19:37,3.17,-0.01,32,10144,卖盘
1818,10:19:33,3.18,--,428,136104,买盘
1819,10:19:28,3.18,0.01,34,10812,买盘
1820,10:19:22,3.17,--,1,317,卖盘
1821,10:19:18,3.17,-0.01,40,12680,卖盘
1822,10:19:13,3.18,0.01,1,318,买盘
1823,10:18:58,3.17,-0.01,20,6340,卖盘
1824,10:18:52,3.18,--,2,636,买盘
1825,10:18:48,3.18,0.01,103,32754,买盘
1826,10:18:43,3.17,--,34,10778,卖盘
1827,10:18:28,3.17,--,44,13948,卖盘
1828,10:18:18,3.17,-0.01,19,6023,卖盘
1829,10:18:13,3.18,--,1,318,买盘
1830,10:18:03,3.18,--,31,9858,买盘
1831,10:17:58,3.18,0.01,101,32118,买盘
1832,10:17:48,3.17,--,238,75446,卖盘
1833,10:17:43,3.17,-0.01,20,6340,卖盘
1834,10:17:37,3.18,0.01,93,29574,买盘
1835,10:17:28,3.17,--,355,112535,卖盘
1836,10:17:22,3.17,--,2,634,卖盘
1837,10:17:18,3.17,--,4,1268,卖盘
1838,10:17:13,3.17,-0.01,34,10778,卖盘
1839,10:17:07,3.18,--,63,20034,买盘
1840,10:17:03,3.18,--,20,6360,买盘
1841,10:16:58,3.18,0.01,63,20034,买盘
1842,10:16:52,3.17,-0.01,26,8242,卖盘
1843,10:16:48,3.18,--,190,60420,买盘
1844,10:16:43,3.18,0.01,11,3498,买盘
1845,10:16:37,3.17,-0.01,34,10778,卖盘
1846,10:16:33,3.18,--,132,41976,买盘
1847,10:16:28,3.18,--,67,21306,买盘
1848,10:16:18,3.18,0.01,3431,1091058,买盘
1849,10:16:13,3.17,--,50,15850,卖盘
1850,10:16:07,3.17,-0.01,5,1585,卖盘
1851,10:15:58,3.18,0.01,201,63918,买盘
1852,10:15:52,3.17,--,30,9510,卖盘
1853,10:15:46,3.17,-0.01,10,3170,卖盘
1854,10:15:43,3.18,0.01,323,102714,买盘
1855,10:15:32,3.17,-0.01,319,101344,卖盘
1856,10:15:28,3.18,0.01,59,18762,买盘
1857,10:15:17,3.17,--,4,1268,卖盘
1858,10:15:13,3.17,--,132,41844,卖盘
1859,10:15:07,3.17,-0.01,1,317,卖盘
1860,10:14:58,3.18,--,20,6360,买盘
1861,10:14:52,3.18,0.01,10,3180,买盘
1862,10:14:46,3.17,-0.01,448,142016,卖盘
1863,10:14:42,3.18,0.01,137,43566,买盘
1864,10:14:37,3.17,--,611,193687,卖盘
1865,10:14:27,3.17,-0.01,37,11729,卖盘
1866,10:14:22,3.18,0.01,119,37842,买盘
1867,10:14:16,3.17,-0.01,40,12680,卖盘
1868,10:14:13,3.18,--,63,20034,买盘
1869,10:14:07,3.18,--,30,9540,买盘
1870,10:14:01,3.18,0.01,20,6360,买盘
1871,10:13:57,3.17,--,11,3487,卖盘
1872,10:13:52,3.17,--,916,290590,卖盘
1873,10:13:46,3.17,--,105,33285,卖盘
1874,10:13:42,3.17,--,72,22824,卖盘
1875,10:13:37,3.17,-0.01,165,52305,卖盘
1876,10:13:31,3.18,0.01,132,41976,买盘
1877,10:13:22,3.17,-0.01,14,4438,卖盘
1878,10:13:16,3.18,--,36,11448,买盘
1879,10:13:12,3.18,0.01,10,3180,买盘
1880,10:13:07,3.17,--,259,82103,卖盘
1881,10:12:57,3.17,--,27,8559,卖盘
1882,10:12:52,3.17,--,10,3170,卖盘
1883,10:12:46,3.17,--,24,7608,卖盘
1884,10:12:42,3.17,-0.01,32,10144,卖盘
1885,10:12:37,3.18,--,33,10494,买盘
1886,10:12:31,3.18,--,15,4770,买盘
1887,10:12:27,3.18,--,87,27666,买盘
1888,10:12:22,3.18,0.01,23,7314,买盘
1889,10:12:16,3.17,--,60,19020,卖盘
1890,10:12:12,3.17,--,8,2536,卖盘
1891,10:12:07,3.17,-0.01,14,4438,卖盘
1892,10:12:01,3.18,0.01,209,66462,买盘
1893,10:11:57,3.17,-0.01,186,58962,卖盘
1894,10:11:52,3.18,0.01,118,37524,买盘
1895,10:11:46,3.17,--,64,20288,卖盘
1896,10:11:37,3.17,-0.01,291,92247,卖盘
1897,10:11:31,3.18,--,243,77274,买盘
1898,10:11:27,3.18,--,198,62964,买盘
1899,10:11:22,3.18,0.01,362,115116,买盘
1900,10:11:16,3.17,-0.01,3,951,卖盘
1901,10:11:12,3.18,--,600,190800,买盘
1902,10:11:07,3.18,--,162,51516,买盘
1903,10:11:01,3.18,--,31457,10003326,买盘
1904,10:10:57,3.18,0.01,27,8586,买盘
1905,10:10:52,3.17,-0.01,19,6023,卖盘
1906,10:10:46,3.18,--,3496,1111728,买盘
1907,10:10:42,3.18,0.01,131,41658,买盘
1908,10:10:37,3.17,-0.01,133,42161,卖盘
1909,10:10:31,3.18,--,132,41976,买盘
1910,10:10:27,3.18,--,81,25758,买盘
1911,10:10:22,3.18,--,2,636,买盘
1912,10:10:16,3.18,--,1,318,买盘
1913,10:10:07,3.18,0.01,2000,636000,买盘
1914,10:09:57,3.17,-0.01,302,95734,卖盘
1915,10:09:52,3.18,0.01,46,14628,买盘
1916,10:09:42,3.17,-0.01,225,71325,卖盘
1917,10:09:37,3.18,--,5008,1592544,买盘
1918,10:09:31,3.18,--,1152,366336,买盘
1919,10:09:27,3.18,--,153,48654,买盘
1920,10:09:22,3.18,--,42,13356,买盘
1921,10:09:16,3.18,--,108,34344,买盘
1922,10:09:12,3.18,--,127,40386,买盘
1923,10:09:07,3.18,--,468,148824,买盘
1924,10:09:01,3.18,--,458,145644,买盘
1925,10:08:56,3.18,--,541,172038,买盘
1926,10:08:52,3.18,0.01,26,8268,买盘
1927,10:08:46,3.17,-0.01,1,317,卖盘
1928,10:08:42,3.18,0.01,64,20352,买盘
1929,10:08:31,3.17,--,289,91613,卖盘
1930,10:08:26,3.17,--,159,50403,卖盘
1931,10:08:22,3.17,--,54,17118,卖盘
1932,10:08:16,3.17,-0.01,643,203831,卖盘
1933,10:08:10,3.18,0.01,4,1272,买盘
1934,10:08:07,3.17,-0.01,44,13948,卖盘
1935,10:08:01,3.18,--,56,17808,买盘
1936,10:07:55,3.18,0.01,5170,1644060,买盘
1937,10:07:52,3.17,--,1,317,卖盘
1938,10:07:46,3.17,--,1,317,卖盘
1939,10:07:40,3.17,--,10,3170,卖盘
1940,10:07:31,3.17,--,178,56426,买盘
1941,10:07:25,3.17,-0.01,150,47550,卖盘
1942,10:07:21,3.18,--,69,21942,买盘
1943,10:07:16,3.18,--,8245,2621910,买盘
1944,10:07:10,3.18,--,31,9858,买盘
1945,10:07:06,3.18,--,166,52788,买盘
1946,10:07:01,3.18,--,207,65826,买盘
1947,10:06:55,3.18,0.01,79,25122,买盘
1948,10:06:51,3.17,-0.01,307,97319,卖盘
1949,10:06:46,3.18,0.01,9,2862,买盘
1950,10:06:40,3.17,--,195,61815,卖盘
1951,10:06:36,3.17,--,225,71325,卖盘
1952,10:06:31,3.17,--,325,103025,卖盘
1953,10:06:25,3.17,--,101,32017,卖盘
1954,10:06:21,3.17,--,55,17435,卖盘
1955,10:06:16,3.17,--,56,17752,卖盘
1956,10:06:06,3.17,--,39,12363,卖盘
1957,10:05:55,3.17,--,25,7925,卖盘
1958,10:05:51,3.17,--,31,9827,卖盘
1959,10:05:46,3.17,--,80,25360,卖盘
1960,10:05:40,3.17,-0.01,30,9510,卖盘
1961,10:05:36,3.18,--,125,39750,买盘
1962,10:05:31,3.18,0.01,179,56922,买盘
1963,10:05:21,3.17,-0.01,130,41210,卖盘
1964,10:05:15,3.18,0.01,58,18444,买盘
1965,10:05:10,3.17,--,100,31700,卖盘
1966,10:05:06,3.17,--,132,41844,卖盘
1967,10:05:01,3.17,--,101,32017,卖盘
1968,10:04:55,3.17,--,1,317,卖盘
1969,10:04:51,3.17,--,6,1902,卖盘
1970,10:04:36,3.17,--,1,317,卖盘
1971,10:04:31,3.17,--,4330,1372727,买盘
1972,10:04:25,3.17,--,41,12997,买盘
1973,10:04:21,3.17,--,162,51354,买盘
1974,10:04:16,3.17,--,1306,414002,买盘
1975,10:04:10,3.17,--,125,39625,买盘
1976,10:04:06,3.17,--,153,48501,买盘
1977,10:04:00,3.17,--,54,17118,买盘
1978,10:03:55,3.17,0.01,11,3487,买盘
1979,10:03:45,3.16,-0.01,3,948,卖盘
1980,10:03:40,3.17,--,12,3804,买盘
1981,10:03:36,3.17,--,645,204465,买盘
1982,10:03:30,3.17,--,229,72593,买盘
1983,10:03:25,3.17,0.01,5,1585,买盘
1984,10:03:21,3.16,-0.01,818,258488,卖盘
1985,10:03:15,3.17,-0.01,43,13631,卖盘
1986,10:03:10,3.18,0.01,18,5724,买盘
1987,10:03:06,3.17,-0.01,5054,1602118,卖盘
1988,10:03:00,3.18,--,113,35934,买盘
1989,10:02:55,3.18,0.01,63,20034,买盘
1990,10:02:51,3.17,--,1501,475817,卖盘
1991,10:02:45,3.17,--,90,28530,卖盘
1992,10:02:36,3.17,-0.01,709,224753,卖盘
1993,10:02:30,3.18,--,632,200976,买盘
1994,10:02:25,3.18,--,36,11448,买盘
1995,10:02:21,3.18,0.01,152,48336,买盘
1996,10:02:10,3.17,--,30,9510,卖盘
1997,10:02:06,3.17,--,1792,568064,买盘
1998,10:01:55,3.17,0.01,18,5706,买盘
1999,10:01:51,3.16,-0.01,1777,561532,卖盘
2000,10:01:45,3.17,--,4,1268,买盘
2001,10:01:40,3.17,--,100,31700,买盘
2002,10:01:36,3.17,--,76,24092,买盘
2003,10:01:30,3.17,--,6503,2061451,卖盘
2004,10:01:20,3.17,-0.01,256,81152,卖盘
2005,10:01:15,3.18,--,190,60420,买盘
2006,10:01:10,3.18,--,521,165678,买盘
2007,10:01:05,3.18,0.01,179,56922,买盘
2008,10:01:00,3.17,--,377,119509,卖盘
2009,10:00:55,3.17,-0.01,217,68789,卖盘
2010,10:00:51,3.18,--,2413,767334,买盘
2011,10:00:45,3.18,0.01,684,217512,买盘
2012,10:00:40,3.17,-0.01,1057,335069,卖盘
2013,10:00:30,3.18,0.01,437,138966,买盘
2014,10:00:25,3.17,-0.01,2288,725296,卖盘
2015,10:00:19,3.18,--,484,153912,买盘
2016,10:00:15,3.18,0.01,2318,737124,买盘
2017,10:00:10,3.17,--,2872,910424,买盘
2018,10:00:04,3.17,0.01,1449,459333,买盘
2019,10:00:00,3.16,-0.01,261,82476,卖盘
2020,09:59:55,3.17,-0.01,208,65936,卖盘
2021,09:59:49,3.18,0.02,110,34980,买盘
2022,09:59:45,3.16,-0.02,302,95432,卖盘
2023,09:59:40,3.18,0.01,252,80136,买盘
2024,09:59:34,3.17,--,770,244090,买盘
2025,09:59:30,3.17,--,2833,898061,买盘
2026,09:59:25,3.17,-0.01,2773,879041,卖盘
2027,09:59:19,3.18,0.01,2,636,买盘
2028,09:59:15,3.17,-0.01,1201,380717,卖盘
2029,09:59:10,3.18,0.01,82,26076,买盘
2030,09:59:00,3.17,--,387,122679,卖盘
2031,09:58:55,3.17,-0.01,215,68155,卖盘
2032,09:58:49,3.18,--,107,34026,买盘
2033,09:58:45,3.18,0.01,324,103032,买盘
2034,09:58:40,3.17,-0.01,137,43429,卖盘
2035,09:58:30,3.18,0.01,1103,350754,买盘
2036,09:58:24,3.17,--,3428,1086676,买盘
2037,09:58:19,3.17,--,593,187981,买盘
2038,09:58:15,3.17,--,2063,653971,买盘
2039,09:58:09,3.17,0.01,1580,500860,买盘
2040,09:58:04,3.16,-0.01,2506,791896,卖盘
2041,09:58:00,3.17,--,231,73227,卖盘
2042,09:57:54,3.17,-0.01,324,102708,卖盘
2043,09:57:49,3.18,--,108,34344,买盘
2044,09:57:45,3.18,0.01,8,2544,买盘
2045,09:57:39,3.17,--,127,40259,卖盘
2046,09:57:34,3.17,--,615,195259,买盘
2047,09:57:30,3.17,0.01,2361,748437,买盘
2048,09:57:24,3.16,-0.01,1367,431972,卖盘
2049,09:57:19,3.17,--,1402,444434,买盘
2050,09:57:15,3.17,--,18875,5983387,卖盘
2051,09:57:09,3.17,--,60,19020,卖盘
2052,09:57:04,3.17,--,349,110633,卖盘
2053,09:57:00,3.17,--,433,137565,买盘
2054,09:56:54,3.17,--,760,240920,买盘
2055,09:56:49,3.17,--,2676,848292,买盘
2056,09:56:45,3.17,--,2911,922787,买盘
2057,09:56:39,3.17,0.01,536,169912,买盘
2058,09:56:34,3.16,-0.01,583,184228,卖盘
2059,09:56:30,3.17,--,677,214609,买盘
2060,09:56:24,3.17,--,716,226972,买盘
2061,09:56:19,3.17,--,483,153111,买盘
2062,09:56:15,3.17,--,2987,946879,买盘
2063,09:56:09,3.17,--,2994,949098,买盘
2064,09:56:04,3.17,--,4348,1378316,买盘
2065,09:56:00,3.17,--,947,300199,买盘
2066,09:55:54,3.17,--,1009,319853,买盘
2067,09:55:49,3.17,--,547,173399,买盘
2068,09:55:45,3.17,0.01,2390,757630,买盘
2069,09:55:39,3.16,-0.01,2469,780204,卖盘
2070,09:55:34,3.17,--,3056,968752,买盘
2071,09:55:30,3.17,--,1385,439045,买盘
2072,09:55:24,3.17,--,1063,336971,买盘
2073,09:55:19,3.17,--,370,117290,买盘
2074,09:55:15,3.17,--,1612,511004,买盘
2075,09:55:09,3.17,--,1117,354390,买盘
2076,09:55:04,3.17,--,95,30115,买盘
2077,09:54:59,3.17,0.01,3,951,买盘
2078,09:54:54,3.16,-0.01,1602,506232,卖盘
2079,09:54:49,3.17,--,158,50086,买盘
2080,09:54:45,3.17,--,1175,372776,买盘
2081,09:54:39,3.17,--,1760,557920,买盘
2082,09:54:34,3.17,--,741,234897,买盘
2083,09:54:30,3.17,--,2378,754127,买盘
2084,09:54:24,3.17,--,190,60230,买盘
2085,09:54:19,3.17,--,2165,686305,买盘
2086,09:54:14,3.17,--,1084,343628,买盘
2087,09:54:09,3.17,--,1480,469461,买盘
2088,09:54:04,3.17,--,51,16167,买盘
2089,09:53:59,3.17,--,191,60547,买盘
2090,09:53:54,3.17,--,1079,342043,买盘
2091,09:53:49,3.17,--,10,3170,买盘
2092,09:53:44,3.17,--,4522,1433486,卖盘
2093,09:53:39,3.17,--,199,63083,卖盘
2094,09:53:28,3.17,--,495,156915,卖盘
2095,09:53:24,3.17,--,87,27579,卖盘
2096,09:53:19,3.17,-0.01,50,15850,卖盘
2097,09:53:14,3.18,0.01,1813,576839,买盘
2098,09:53:09,3.17,--,195,61815,卖盘
2099,09:53:04,3.17,--,710,225070,卖盘
2100,09:52:58,3.17,--,138,43746,卖盘
2101,09:52:54,3.17,-0.01,5035,1596095,卖盘
2102,09:52:49,3.18,0.01,358,113844,买盘
2103,09:52:43,3.17,-0.01,648,205416,卖盘
2104,09:52:39,3.18,0.01,1030,327842,买盘
2105,09:52:34,3.17,--,336,106512,卖盘
2106,09:52:28,3.17,-0.01,34,10778,卖盘
2107,09:52:24,3.18,--,1182,375876,买盘
2108,09:52:19,3.18,--,1844,586694,买盘
2109,09:52:13,3.18,--,564,179352,买盘
2110,09:52:09,3.18,0.01,1808,574944,买盘
2111,09:52:04,3.17,-0.01,1098,348066,卖盘
2112,09:51:58,3.18,--,1164,370152,买盘
2113,09:51:54,3.18,--,1829,581622,买盘
2114,09:51:49,3.18,0.01,998,317364,买盘
2115,09:51:43,3.17,--,1559,494203,买盘
2116,09:51:39,3.17,-0.01,360,114120,卖盘
2117,09:51:33,3.18,--,1205,383492,买盘
2118,09:51:28,3.18,0.01,131,41658,买盘
2119,09:51:24,3.17,--,165,52305,卖盘
2120,09:51:18,3.17,-0.01,199,63083,买盘
2121,09:51:09,3.18,0.02,1307,415626,买盘
2122,09:51:03,3.16,-0.01,612,193692,卖盘
2123,09:50:58,3.17,0.01,80,25360,买盘
2124,09:50:54,3.16,-0.01,14,4424,卖盘
2125,09:50:48,3.17,0.01,120,38040,买盘
2126,09:50:43,3.16,-0.01,1030,325480,卖盘
2127,09:50:39,3.17,--,20,6568,买盘
2128,09:50:33,3.17,--,719,228157,卖盘
2129,09:50:28,3.17,--,501,158817,卖盘
2130,09:50:24,3.17,--,619,196524,卖盘
2131,09:50:18,3.17,--,365,115705,卖盘
2132,09:50:13,3.17,--,4,1268,卖盘
2133,09:50:09,3.17,--,72909,23112153,卖盘
2134,09:50:03,3.17,--,48,15216,卖盘
2135,09:49:54,3.17,--,274,86858,卖盘
2136,09:49:48,3.17,--,1205,381985,卖盘
2137,09:49:39,3.17,--,350,110950,卖盘
2138,09:49:33,3.17,-0.01,711,225688,卖盘
2139,09:49:24,3.18,0.01,127,40386,买盘
2140,09:49:18,3.17,-0.01,591,187648,卖盘
2141,09:49:03,3.18,--,180,57240,买盘
2142,09:48:58,3.18,0.01,519,165042,买盘
2143,09:48:53,3.17,--,64,20288,卖盘
2144,09:48:48,3.17,-0.01,591,187651,卖盘
2145,09:48:38,3.18,--,1759,559362,买盘
2146,09:48:33,3.18,0.01,30,9540,买盘
2147,09:48:28,3.17,-0.01,401,127316,卖盘
2148,09:48:23,3.18,--,1,318,买盘
2149,09:48:13,3.18,--,1020,324360,买盘
2150,09:48:08,3.18,0.01,44,13992,买盘
2151,09:47:58,3.17,-0.01,100,31700,卖盘
2152,09:47:53,3.18,0.01,10,3180,买盘
2153,09:47:48,3.17,--,51,16167,卖盘
2154,09:47:38,3.17,-0.01,5,1585,卖盘
2155,09:47:33,3.18,--,2,636,买盘
2156,09:47:23,3.18,0.01,200,63600,买盘
2157,09:47:18,3.17,--,201,63717,卖盘
2158,09:47:13,3.17,--,1,317,卖盘
2159,09:47:08,3.17,--,190,60230,卖盘
2160,09:47:03,3.17,--,458,145186,卖盘
2161,09:46:58,3.17,-0.01,1623,514491,卖盘
2162,09:46:53,3.18,0.01,816,259488,买盘
2163,09:46:48,3.17,-0.01,21,6657,卖盘
2164,09:46:43,3.18,--,106,33708,买盘
2165,09:46:38,3.18,--,20,6360,买盘
2166,09:46:33,3.18,--,1302,414036,买盘
2167,09:46:28,3.18,--,458,145644,买盘
2168,09:46:23,3.18,--,1704,542132,买盘
2169,09:46:18,3.18,--,447,142146,买盘
2170,09:46:13,3.18,--,191,60738,买盘
2171,09:46:08,3.18,--,1163,369834,买盘
2172,09:46:03,3.18,0.01,235,74730,买盘
2173,09:45:58,3.17,-0.01,2,634,卖盘
2174,09:45:53,3.18,0.01,591,187938,买盘
2175,09:45:48,3.17,-0.01,291,92247,卖盘
2176,09:45:38,3.18,0.01,361,114798,买盘
2177,09:45:33,3.17,-0.01,1,317,卖盘
2178,09:45:28,3.18,--,50,15900,买盘
2179,09:45:23,3.18,--,417,132606,买盘
2180,09:45:18,3.18,--,325,103350,买盘
2181,09:45:07,3.18,--,260,82680,买盘
2182,09:45:03,3.18,0.01,53,16854,买盘
2183,09:44:58,3.17,--,744,235848,卖盘
2184,09:44:52,3.17,--,11,3487,卖盘
2185,09:44:48,3.17,--,21,6657,卖盘
2186,09:44:43,3.17,--,11,3487,卖盘
2187,09:44:37,3.17,--,167,52939,卖盘
2188,09:44:33,3.17,--,12,3804,卖盘
2189,09:44:27,3.17,-0.01,220,69740,卖盘
2190,09:44:22,3.18,0.01,14,4452,买盘
2191,09:44:18,3.17,-0.01,10,3170,卖盘
2192,09:44:12,3.18,--,6,1908,买盘
2193,09:44:07,3.18,0.01,121,38478,买盘
2194,09:44:03,3.17,--,10,3170,卖盘
2195,09:43:57,3.17,-0.01,1,317,卖盘
2196,09:43:52,3.18,0.01,1,318,买盘
2197,09:43:48,3.17,--,133,42161,卖盘
2198,09:43:42,3.17,--,104,32968,卖盘
2199,09:43:37,3.17,--,1021,323657,卖盘
2200,09:43:33,3.17,--,443,140431,卖盘
2201,09:43:27,3.17,-0.01,187,59279,卖盘
2202,09:43:18,3.18,0.01,1,318,买盘
2203,09:43:12,3.17,-0.01,20,6340,卖盘
2204,09:43:07,3.18,0.01,5,1590,买盘
2205,09:43:03,3.17,--,11,3487,卖盘
2206,09:42:57,3.17,-0.01,138,43746,卖盘
2207,09:42:52,3.18,0.01,340,108120,买盘
2208,09:42:48,3.17,--,14,4438,卖盘
2209,09:42:42,3.17,--,1,317,卖盘
2210,09:42:37,3.17,-0.01,18,5706,卖盘
2211,09:42:33,3.18,0.01,368,117024,买盘
2212,09:42:27,3.17,--,22,6974,卖盘
2213,09:42:22,3.17,--,5049,1600533,买盘
2214,09:42:18,3.17,--,554,175618,买盘
2215,09:42:12,3.17,0.01,100,31700,买盘
2216,09:42:07,3.16,-0.01,343,108388,卖盘
2217,09:42:03,3.17,0.01,1368,433656,买盘
2218,09:41:57,3.16,-0.01,229,72364,卖盘
2219,09:41:52,3.17,0.01,377,119509,买盘
2220,09:41:48,3.16,-0.01,1181,373196,卖盘
2221,09:41:42,3.17,--,825,261525,买盘
2222,09:41:37,3.17,--,55,17435,买盘
2223,09:41:33,3.17,--,478,151526,买盘
2224,09:41:27,3.17,--,3850,1220450,买盘
2225,09:41:22,3.17,--,581,184177,买盘
2226,09:41:17,3.17,0.01,207,65619,买盘
2227,09:41:12,3.16,-0.01,90,28440,卖盘
2228,09:41:07,3.17,--,1136,360112,买盘
2229,09:41:02,3.17,--,152,48184,买盘
2230,09:40:57,3.17,--,928,294176,买盘
2231,09:40:52,3.17,0.01,218,69106,买盘
2232,09:40:47,3.16,-0.01,11,3476,卖盘
2233,09:40:42,3.17,--,62,19654,买盘
2234,09:40:32,3.17,0.01,6165,1954305,买盘
2235,09:40:27,3.16,--,10056,3177696,卖盘
2236,09:40:22,3.16,--,3,948,卖盘
2237,09:40:17,3.16,-0.01,365,115340,卖盘
2238,09:40:12,3.17,0.01,271,85907,买盘
2239,09:40:07,3.16,-0.01,435,137460,卖盘
2240,09:40:02,3.17,0.01,389,123313,买盘
2241,09:39:57,3.16,-0.01,666,210456,卖盘
2242,09:39:52,3.17,--,43,13631,买盘
2243,09:39:47,3.17,0.01,11,3487,买盘
2244,09:39:42,3.16,-0.01,216,68256,卖盘
2245,09:39:37,3.17,--,1,317,买盘
2246,09:39:32,3.17,--,166,52622,买盘
2247,09:39:27,3.17,--,242,76714,买盘
2248,09:39:22,3.17,--,150,47550,买盘
2249,09:39:17,3.17,--,456,144552,买盘
2250,09:39:12,3.17,--,225,71325,买盘
2251,09:39:02,3.17,--,5622,1782174,买盘
2252,09:38:57,3.17,--,440,139480,买盘
2253,09:38:52,3.17,--,20,6340,买盘
2254,09:38:47,3.17,--,10095,3200115,买盘
2255,09:38:42,3.17,0.01,31,9827,买盘
2256,09:38:32,3.16,--,299,94484,卖盘
2257,09:38:27,3.16,--,11,3476,卖盘
2258,09:38:17,3.16,--,1,316,卖盘
2259,09:38:12,3.16,-0.01,505,159580,卖盘
2260,09:38:07,3.17,0.01,6,1902,买盘
2261,09:38:02,3.16,-0.01,348,109968,卖盘
2262,09:37:57,3.17,0.01,325,103025,买盘
2263,09:37:47,3.16,-0.01,61,19276,卖盘
2264,09:37:42,3.17,0.01,101,32017,买盘
2265,09:37:36,3.16,-0.01,412,130192,卖盘
2266,09:37:31,3.17,--,107,33919,买盘
2267,09:37:27,3.17,0.01,260,82420,买盘
2268,09:37:21,3.16,-0.01,54,17064,卖盘
2269,09:37:16,3.17,--,75,23775,买盘
2270,09:37:12,3.17,0.01,2,634,买盘
2271,09:37:06,3.16,--,500,158000,卖盘
2272,09:37:01,3.16,--,2014,636424,卖盘
2273,09:36:57,3.16,-0.01,362,114392,卖盘
2274,09:36:51,3.17,0.01,1565,496105,买盘
2275,09:36:42,3.16,--,1,316,卖盘
2276,09:36:36,3.16,-0.01,261,82476,卖盘
2277,09:36:31,3.17,--,67,21239,买盘
2278,09:36:27,3.17,--,304,96368,买盘
2279,09:36:21,3.17,--,118,37406,买盘
2280,09:36:16,3.17,--,17,5389,买盘
2281,09:36:12,3.17,--,301,95417,买盘
2282,09:36:06,3.17,--,129,40893,买盘
2283,09:36:01,3.17,0.01,23,7291,买盘
2284,09:35:57,3.16,-0.01,87,27492,卖盘
2285,09:35:51,3.17,--,99,31383,买盘
2286,09:35:46,3.17,--,100,31700,买盘
2287,09:35:41,3.17,--,297,94149,买盘
2288,09:35:36,3.17,--,626,198442,买盘
2289,09:35:31,3.17,--,1524,483108,买盘
2290,09:35:27,3.17,--,488,154696,买盘
2291,09:35:21,3.17,0.01,2048,649216,买盘
2292,09:35:16,3.16,--,3233,1021628,买盘
2293,09:35:12,3.16,-0.01,2962,935992,卖盘
2294,09:35:06,3.17,--,581,184177,买盘
2295,09:35:01,3.17,--,432,136944,买盘
2296,09:34:56,3.17,--,795,252015,买盘
2297,09:34:51,3.17,0.01,1303,413051,买盘
2298,09:34:46,3.16,--,1,316,卖盘
2299,09:34:42,3.16,0.01,661,208876,卖盘
2300,09:34:36,3.15,-0.01,917,288855,卖盘
2301,09:34:31,3.16,--,597,188652,买盘
2302,09:34:26,3.16,--,7011,2215476,买盘
2303,09:34:21,3.16,--,177,55932,买盘
2304,09:34:16,3.16,--,1090,344440,买盘
2305,09:34:11,3.16,--,578,182648,买盘
2306,09:34:06,3.16,--,1131,357396,买盘
2307,09:34:01,3.16,--,489,154524,买盘
2308,09:33:56,3.16,0.01,237,74892,买盘
2309,09:33:51,3.15,-0.01,1570,494550,卖盘
2310,09:33:46,3.16,0.01,22,6952,买盘
2311,09:33:41,3.15,--,80,25200,卖盘
2312,09:33:36,3.15,--,2423,763245,卖盘
2313,09:33:31,3.15,-0.01,1,315,卖盘
2314,09:33:26,3.16,0.01,228,72048,买盘
2315,09:33:21,3.15,-0.01,93,29295,卖盘
2316,09:33:16,3.16,--,170,53720,买盘
2317,09:33:11,3.16,--,249,78684,买盘
2318,09:33:06,3.16,--,1802,569432,买盘
2319,09:33:01,3.16,--,151,47716,买盘
2320,09:32:56,3.16,0.01,166,52456,买盘
2321,09:32:51,3.15,-0.01,420,132300,卖盘
2322,09:32:46,3.16,--,9,2844,买盘
2323,09:32:41,3.16,--,44,13904,买盘
2324,09:32:36,3.16,--,319,100804,买盘
2325,09:32:31,3.16,--,2503,790948,买盘
2326,09:32:26,3.16,--,2384,753530,卖盘
2327,09:32:21,3.16,--,168,53088,卖盘
2328,09:32:16,3.16,--,115,36340,卖盘
2329,09:32:11,3.16,--,25,7900,卖盘
2330,09:32:06,3.16,-0.01,3343,1056517,卖盘
2331,09:32:01,3.17,0.02,586,185762,买盘
2332,09:31:56,3.15,-0.01,3,945,卖盘
2333,09:31:51,3.16,--,4366,1379861,买盘
2334,09:31:46,3.16,--,3493,1103996,买盘
2335,09:31:41,3.16,--,372,117552,买盘
2336,09:31:36,3.16,--,270,85320,买盘
2337,09:31:31,3.16,--,983,310628,买盘
2338,09:31:26,3.16,--,2118,669288,卖盘
2339,09:31:21,3.16,-0.01,548,173168,卖盘
2340,09:31:11,3.17,0.01,126,39942,买盘
2341,09:31:06,3.16,--,528,166848,卖盘
2342,09:31:01,3.16,--,2,632,卖盘
2343,09:30:56,3.16,--,68,21488,卖盘
2344,09:30:51,3.16,--,1843,582388,卖盘
2345,09:30:45,3.16,--,2,632,卖盘
2346,09:30:41,3.16,-0.01,1,316,卖盘
2347,09:30:30,3.17,--,48,15216,买盘
2348,09:30:26,3.17,--,257,81469,买盘
2349,09:30:21,3.17,0.01,655,207749,买盘
2350,09:30:15,3.16,--,2092,661072,买盘
2351,09:30:11,3.16,--,1753,553948,买盘
2352,09:30:06,3.16,0.01,2196,693936,买盘
2353,09:28:51,3.15,--,0,0,卖盘
2354,09:25:08,3.15,3.15,6960,2192400,买盘
