,time,price,change,volume,amount,type
0,15:00:00,12.52,0.02,0,0,买盘
1,15:00:00,12.5,-0.01,340,425000,卖盘
2,14:59:57,12.51,-0.01,100,125100,卖盘
3,14:59:46,12.52,-0.01,67,83884,中性盘
4,14:59:42,12.53,0.02,50,62650,买盘
5,14:59:36,12.51,-0.01,17,21267,卖盘
6,14:59:31,12.52,0.01,162,202824,买盘
7,14:59:27,12.51,-0.01,159,198909,卖盘
8,14:59:12,12.52,0.01,50,62600,买盘
9,14:59:06,12.51,--,20,25020,卖盘
10,14:59:01,12.51,0.01,20,25020,卖盘
11,14:58:51,12.5,--,15,18750,卖盘
12,14:58:46,12.5,-0.01,59,73750,卖盘
13,14:58:42,12.51,0.01,180,225180,买盘
14,14:58:36,12.5,--,70,87500,卖盘
15,14:58:31,12.5,--,4,5000,卖盘
16,14:58:21,12.5,--,109,136837,买盘
17,14:58:16,12.5,--,18,22500,买盘
18,14:58:06,12.5,--,2,2500,买盘
19,14:58:01,12.5,--,30,37500,买盘
20,14:57:51,12.5,--,3,3750,买盘
21,14:57:41,12.5,--,6,7500,买盘
22,14:57:36,12.5,0.01,11,13750,买盘
23,14:57:21,12.49,--,16,19984,买盘
24,14:57:01,12.49,-0.01,12,14988,买盘
25,14:56:56,12.5,--,0,0,买盘
26,14:56:51,12.5,0.01,146,182500,买盘
27,14:56:46,12.49,--,49,61201,卖盘
28,14:56:41,12.49,--,139,173611,卖盘
29,14:56:36,12.49,--,7,8743,卖盘
30,14:56:31,12.49,--,10,12490,卖盘
31,14:56:16,12.49,--,8,9992,卖盘
32,14:56:11,12.49,0.01,66,82434,买盘
33,14:56:01,12.48,-0.01,20,24960,卖盘
34,14:55:51,12.49,--,32,39968,卖盘
35,14:55:36,12.49,--,115,143635,买盘
36,14:55:31,12.49,--,5,6245,买盘
37,14:55:26,12.49,0.01,41,51209,买盘
38,14:55:16,12.48,-0.01,106,132288,卖盘
39,14:55:11,12.49,--,4,4996,买盘
40,14:54:46,12.49,0.01,8,9992,买盘
41,14:54:41,12.48,-0.01,3,3744,卖盘
42,14:54:36,12.49,-0.01,1,1249,买盘
43,14:54:31,12.5,--,117,146250,买盘
44,14:54:16,12.5,--,100,125000,买盘
45,14:54:10,12.5,--,7,8750,买盘
46,14:54:06,12.5,--,12,15662,卖盘
47,14:54:00,12.5,--,5,6250,卖盘
48,14:53:55,12.5,--,1,1250,卖盘
49,14:53:51,12.5,--,18,23087,买盘
50,14:53:45,12.5,--,22,27500,买盘
51,14:53:36,12.5,--,7,8750,买盘
52,14:53:30,12.5,--,21,26250,买盘
53,14:53:21,12.5,--,62,77500,买盘
54,14:53:15,12.5,0.02,7,8750,买盘
55,14:53:10,12.48,--,0,0,卖盘
56,14:53:06,12.48,-0.01,37,46176,卖盘
57,14:52:55,12.49,0.01,393,490857,买盘
58,14:52:51,12.48,-0.01,11,13728,卖盘
59,14:52:40,12.49,0.01,17,21233,买盘
60,14:52:25,12.48,-0.02,25,31200,中性盘
61,14:52:21,12.5,0.01,44,55000,买盘
62,14:52:15,12.49,--,0,0,买盘
63,14:52:10,12.49,--,5,6245,买盘
64,14:52:06,12.49,--,38,47462,买盘
65,14:52:00,12.49,--,107,133643,买盘
66,14:51:51,12.49,0.01,100,124900,买盘
67,14:51:45,12.48,--,7,8736,买盘
68,14:51:40,12.48,--,19,23712,买盘
69,14:51:36,12.48,--,20,24960,买盘
70,14:51:30,12.48,--,0,0,买盘
71,14:51:25,12.48,0.01,126,157248,买盘
72,14:51:15,12.47,--,12,14964,买盘
73,14:51:10,12.47,0.01,7,8729,买盘
74,14:51:06,12.46,-0.02,13,16198,卖盘
75,14:50:55,12.48,--,0,0,买盘
76,14:50:51,12.48,--,3,3744,买盘
77,14:50:45,12.48,--,30,37440,卖盘
78,14:50:40,12.48,-0.01,70,87360,买盘
79,14:50:36,12.49,--,0,0,买盘
80,14:50:30,12.49,0.01,60,74940,买盘
81,14:50:25,12.48,-0.01,103,128544,卖盘
82,14:50:10,12.49,--,16,19984,买盘
83,14:50:00,12.49,--,1,1249,买盘
84,14:49:55,12.49,--,20,24980,买盘
85,14:49:45,12.49,-0.01,50,63111,卖盘
86,14:49:40,12.5,0.01,233,291812,买盘
87,14:49:35,12.49,0.02,25,31249,买盘
88,14:49:30,12.47,--,6,8704,卖盘
89,14:49:25,12.47,-0.02,10,12470,卖盘
90,14:49:20,12.49,0.02,211,263539,买盘
91,14:49:15,12.47,0.01,114,142182,卖盘
92,14:49:10,12.46,--,0,0,卖盘
93,14:49:00,12.46,-0.03,5,6230,卖盘
94,14:48:55,12.49,-0.01,97,121153,买盘
95,14:48:50,12.5,--,0,0,买盘
96,14:48:45,12.5,--,1030,1287500,买盘
97,14:48:40,12.5,0.04,15,18750,买盘
98,14:48:35,12.46,-0.04,266,331436,卖盘
99,14:48:30,12.5,-0.02,262,327500,卖盘
100,14:48:25,12.52,--,273,341796,买盘
101,14:48:20,12.52,--,93,116436,卖盘
102,14:48:15,12.52,--,13,16276,卖盘
103,14:48:10,12.52,--,112,140224,卖盘
104,14:48:05,12.52,0.02,13,16276,买盘
105,14:48:00,12.5,--,71,88750,卖盘
106,14:47:50,12.5,--,100,125000,卖盘
107,14:47:45,12.5,0.02,744,930000,买盘
108,14:47:40,12.48,0.02,78,97344,买盘
109,14:47:35,12.46,--,10,12460,卖盘
110,14:47:25,12.46,--,41,51086,买盘
111,14:47:15,12.46,0.01,12,14952,买盘
112,14:47:09,12.45,--,24,29880,卖盘
113,14:47:05,12.45,0.02,204,253980,买盘
114,14:47:00,12.43,0.01,48,59664,买盘
115,14:46:45,12.42,0.02,144,178848,买盘
116,14:46:39,12.4,--,1,1240,卖盘
117,14:46:24,12.4,0.03,528,654720,买盘
118,14:46:19,12.37,--,100,123699,买盘
119,14:46:09,12.37,0.01,7,8659,买盘
120,14:46:04,12.36,--,92,113736,买盘
121,14:46:00,12.36,--,28,34608,买盘
122,14:45:54,12.36,--,7,8652,买盘
123,14:45:45,12.36,--,9,11124,买盘
124,14:45:39,12.36,--,35,43260,买盘
125,14:45:34,12.36,0.01,14,17304,买盘
126,14:45:24,12.35,--,10,12350,卖盘
127,14:45:18,12.35,--,17,20995,卖盘
128,14:44:54,12.35,0.02,1805,2229175,买盘
129,14:44:49,12.33,--,5,6165,卖盘
130,14:44:39,12.33,--,2,2466,买盘
131,14:44:19,12.33,--,7,8631,买盘
132,14:44:04,12.33,--,82,101106,卖盘
133,14:43:49,12.33,-0.01,16,19728,卖盘
134,14:43:45,12.34,0.01,7,8638,买盘
135,14:43:34,12.33,-0.01,29,35757,卖盘
136,14:43:24,12.34,--,77,95018,买盘
137,14:43:09,12.34,0.01,7,8638,买盘
138,14:43:00,12.33,--,5,6165,卖盘
139,14:42:49,12.33,-0.01,21,25893,买盘
140,14:42:34,12.34,--,0,0,买盘
141,14:42:29,12.34,0.02,7,8638,买盘
142,14:42:24,12.32,-0.02,30,36960,卖盘
143,14:42:08,12.34,0.02,7,8638,买盘
144,14:42:04,12.32,--,29,35728,买盘
145,14:41:59,12.32,--,1,1232,买盘
146,14:41:54,12.32,--,24,29568,买盘
147,14:41:38,12.32,-0.02,16,19712,卖盘
148,14:41:34,12.34,--,47,57998,买盘
149,14:41:19,12.34,0.02,77,95018,买盘
150,14:41:04,12.32,--,100,123200,买盘
151,14:40:59,12.32,--,7,8624,买盘
152,14:40:49,12.32,--,9,11088,买盘
153,14:40:39,12.32,--,7,8624,买盘
154,14:40:17,12.32,--,7,8624,买盘
155,14:40:08,12.32,-0.01,12,14784,卖盘
156,14:40:02,12.33,--,7,8631,买盘
157,14:39:44,12.33,--,7,8631,买盘
158,14:39:23,12.33,--,7,8631,买盘
159,14:39:09,12.33,--,7,8631,买盘
160,14:38:48,12.33,--,7,8631,买盘
161,14:38:44,12.33,--,5,6165,买盘
162,14:38:33,12.33,--,100,123300,买盘
163,14:38:28,12.33,--,7,8631,买盘
164,14:38:13,12.33,0.01,7,8631,买盘
165,14:37:53,12.32,--,39,48048,买盘
166,14:37:48,12.32,--,5,6160,买盘
167,14:37:32,12.32,--,7,8624,买盘
168,14:37:18,12.32,0.01,7,8624,买盘
169,14:37:03,12.31,-0.01,65,80015,卖盘
170,14:36:58,12.32,0.01,75,92510,买盘
171,14:36:47,12.31,-0.01,5,6155,买盘
172,14:36:43,12.32,--,0,0,买盘
173,14:36:38,12.32,--,7,8624,买盘
174,14:36:33,12.32,--,9,11088,买盘
175,14:36:28,12.32,--,0,0,买盘
176,14:36:17,12.32,--,7,8624,买盘
177,14:36:03,12.32,--,7,8624,买盘
178,14:35:43,12.32,0.02,7,8624,买盘
179,14:35:32,12.3,--,5,6150,买盘
180,14:35:28,12.3,-0.02,46,56580,卖盘
181,14:35:08,12.32,--,7,8624,买盘
182,14:34:47,12.32,--,7,8624,买盘
183,14:34:28,12.32,0.02,74,91168,买盘
184,14:34:13,12.3,--,52,63960,卖盘
185,14:33:58,12.3,-0.02,63,77490,卖盘
186,14:33:53,12.32,--,7,8624,买盘
187,14:33:33,12.32,--,16,19712,买盘
188,14:33:17,12.32,--,7,8624,买盘
189,14:32:57,12.32,0.01,7,8624,买盘
190,14:32:41,12.31,0.01,6,7386,买盘
191,14:32:32,12.3,-0.02,50,61500,卖盘
192,14:32:27,12.32,--,0,0,买盘
193,14:32:18,12.32,--,7,8624,买盘
194,14:32:03,12.32,0.02,7,8624,买盘
195,14:31:57,12.3,-0.02,18,22140,卖盘
196,14:31:48,12.32,--,1,1232,买盘
197,14:31:42,12.32,0.02,7,8624,买盘
198,14:31:32,12.3,-0.02,20,24600,卖盘
199,14:31:27,12.32,--,7,8624,买盘
200,14:31:12,12.32,--,3,3696,买盘
201,14:31:08,12.32,--,7,8624,买盘
202,14:30:53,12.32,--,5,6160,买盘
203,14:30:47,12.32,--,7,8624,买盘
204,14:30:33,12.32,-0.02,8,10977,卖盘
205,14:30:17,12.34,--,0,0,买盘
206,14:30:12,12.34,0.02,12,14808,买盘
207,14:30:07,12.32,-0.02,6,7392,卖盘
208,14:29:52,12.34,--,17,20978,买盘
209,14:29:37,12.34,0.01,288,355392,买盘
210,14:29:26,12.33,--,79,97407,买盘
211,14:29:17,12.33,--,7,8631,买盘
212,14:29:07,12.33,--,20,24660,中性盘
213,14:28:57,12.33,-0.01,12,14796,卖盘
214,14:28:41,12.34,0.02,7,8638,买盘
215,14:28:37,12.32,-0.02,30,36960,卖盘
216,14:28:22,12.34,0.02,7,8638,买盘
217,14:28:12,12.32,-0.02,10,12320,卖盘
218,14:28:02,12.34,-0.01,7,8638,买盘
219,14:27:56,12.35,--,0,0,买盘
220,14:27:42,12.35,--,7,8645,买盘
221,14:27:27,12.35,0.03,7,8645,买盘
222,14:27:22,12.32,-0.02,290,357280,卖盘
223,14:27:07,12.34,-0.01,17,20978,卖盘
224,14:26:52,12.35,0.01,7,8645,买盘
225,14:26:35,12.34,--,80,98720,买盘
226,14:26:31,12.34,-0.01,7,8638,买盘
227,14:26:20,12.35,--,0,0,买盘
228,14:26:12,12.35,--,7,8645,买盘
229,14:25:50,12.35,0.02,7,8645,买盘
230,14:25:47,12.33,-0.02,2,2466,卖盘
231,14:25:36,12.35,--,9,11115,买盘
232,14:25:26,12.35,--,0,0,买盘
233,14:25:17,12.35,--,7,8645,买盘
234,14:24:56,12.35,--,7,8645,买盘
235,14:24:41,12.35,--,12,14820,买盘
236,14:24:20,12.35,0.03,14,17290,买盘
237,14:23:56,12.32,0.01,71,87582,买盘
238,14:23:50,12.31,-0.01,621,765558,卖盘
239,14:23:41,12.32,--,9,11100,卖盘
240,14:23:26,12.32,0.01,4,6147,买盘
241,14:23:20,12.31,--,10,12310,卖盘
242,14:23:16,12.31,-0.01,4,4924,卖盘
243,14:23:11,12.32,-0.01,33,40668,卖盘
244,14:23:05,12.33,0.01,7,8631,买盘
245,14:22:50,12.32,-0.01,10,13539,卖盘
246,14:22:35,12.33,-0.02,75,92487,卖盘
247,14:22:31,12.35,--,7,8645,买盘
248,14:22:26,12.35,0.02,13,16055,买盘
249,14:22:20,12.33,-0.02,0,1220,卖盘
250,14:22:11,12.35,--,7,8645,买盘
251,14:21:50,12.35,--,7,8645,买盘
252,14:21:35,12.35,0.02,38,46930,买盘
253,14:21:31,12.33,--,29,35757,买盘
254,14:21:16,12.33,0.01,7,8631,买盘
255,14:21:11,12.32,--,28,34496,卖盘
256,14:21:05,12.32,-0.01,20,24640,卖盘
257,14:21:01,12.33,0.01,7,8631,买盘
258,14:20:50,12.32,-0.01,28,34496,卖盘
259,14:20:46,12.33,--,10,12330,买盘
260,14:20:41,12.33,0.01,7,8631,买盘
261,14:20:26,12.32,--,172,211904,买盘
262,14:20:20,12.32,0.01,7,8624,买盘
263,14:20:16,12.31,-0.01,40,49240,卖盘
264,14:20:11,12.32,--,6,7392,买盘
265,14:20:01,12.32,--,7,8624,买盘
266,14:19:46,12.32,--,7,8624,买盘
267,14:19:35,12.32,0.01,69,85131,买盘
268,14:19:29,12.31,--,59,72629,买盘
269,14:19:26,12.31,--,7,8617,买盘
270,14:19:05,12.31,--,7,8617,买盘
271,14:18:50,12.31,--,8,10955,卖盘
272,14:18:35,12.31,-0.01,5,6155,卖盘
273,14:18:29,12.32,0.01,7,8624,买盘
274,14:18:20,12.31,-0.01,3,3816,卖盘
275,14:18:14,12.32,0.01,7,8624,买盘
276,14:17:59,12.31,-0.01,4,4924,卖盘
277,14:17:50,12.32,--,7,8624,买盘
278,14:17:35,12.32,--,27,33264,买盘
279,14:17:14,12.32,0.01,7,8624,买盘
280,14:16:59,12.31,--,3,3693,买盘
281,14:16:40,12.31,--,7,8617,买盘
282,14:16:35,12.31,-0.01,41,50471,卖盘
283,14:16:20,12.32,--,7,8624,买盘
284,14:15:59,12.32,--,7,8624,买盘
285,14:15:44,12.32,--,7,8624,买盘
286,14:15:25,12.32,--,7,8624,买盘
287,14:15:14,12.32,--,10,12320,买盘
288,14:15:05,12.32,--,7,8624,买盘
289,14:14:50,12.32,0.01,7,8624,买盘
290,14:14:29,12.31,0.01,2,2462,买盘
291,14:14:25,12.3,-0.02,60,73800,卖盘
292,14:14:20,12.32,--,0,0,买盘
293,14:14:14,12.32,-0.01,16,19712,卖盘
294,14:13:55,12.33,0.01,7,8631,买盘
295,14:13:44,12.32,-0.01,1,1232,卖盘
296,14:13:35,12.33,-0.01,7,8631,买盘
297,14:13:25,12.34,-0.01,52,64168,卖盘
298,14:13:14,12.35,--,7,8645,买盘
299,14:12:59,12.35,--,7,8645,买盘
300,14:12:38,12.35,0.01,7,8645,买盘
301,14:12:23,12.34,-0.01,5,6170,买盘
302,14:12:08,12.35,--,0,0,买盘
303,14:12:05,12.35,0.01,7,8645,买盘
304,14:11:44,12.34,--,7,8638,买盘
305,14:11:29,12.34,-0.01,18,22212,卖盘
306,14:11:23,12.35,0.01,7,8645,买盘
307,14:11:14,12.34,--,82,101188,买盘
308,14:11:08,12.34,--,7,8638,买盘
309,14:10:59,12.34,--,5,6170,买盘
310,14:10:50,12.34,-0.01,7,8638,买盘
311,14:10:38,12.35,--,0,0,买盘
312,14:10:34,12.35,--,43,53105,买盘
313,14:10:29,12.35,0.05,7,8645,买盘
314,14:10:23,12.3,-0.04,27,33210,卖盘
315,14:10:14,12.34,--,17,20978,卖盘
316,14:09:49,12.34,--,3,3702,买盘
317,14:09:34,12.34,0.04,7,8638,买盘
318,14:09:23,12.3,--,0,0,卖盘
319,14:09:19,12.3,-0.04,20,24600,卖盘
320,14:09:14,12.34,-0.01,3,3702,买盘
321,14:09:08,12.35,--,0,0,买盘
322,14:08:59,12.35,--,7,8645,买盘
323,14:08:38,12.35,--,22,27170,买盘
324,14:08:23,12.35,--,7,8645,买盘
325,14:08:14,12.35,0.01,100,123500,买盘
326,14:08:08,12.34,-0.01,68,84652,卖盘
327,14:08:04,12.35,--,7,8645,买盘
328,14:07:59,12.35,--,11,13585,买盘
329,14:07:44,12.35,--,7,8645,买盘
330,14:07:23,12.35,0.01,7,8645,买盘
331,14:07:19,12.34,--,0,0,卖盘
332,14:07:08,12.34,-0.01,707,872438,卖盘
333,14:06:53,12.35,-0.01,33,40755,卖盘
334,14:06:49,12.36,0.01,7,8652,买盘
335,14:06:44,12.35,--,12,14820,卖盘
336,14:06:34,12.35,--,27,33345,卖盘
337,14:06:14,12.35,--,27,33345,卖盘
338,14:06:02,12.35,--,24,29640,卖盘
339,14:05:59,12.35,-0.02,5,6175,卖盘
340,14:05:53,12.37,--,7,8659,买盘
341,14:05:47,12.37,--,2,2474,买盘
342,14:05:32,12.37,0.02,7,8659,买盘
343,14:05:23,12.35,--,18,22230,卖盘
344,14:05:17,12.35,-0.02,27,33345,卖盘
345,14:05:02,12.37,--,19,23503,买盘
346,14:04:59,12.37,0.02,7,8659,买盘
347,14:04:53,12.35,-0.02,15,18525,卖盘
348,14:04:47,12.37,--,4,4948,买盘
349,14:04:38,12.37,0.02,7,8659,买盘
350,14:04:32,12.35,-0.02,10,12350,卖盘
351,14:04:23,12.37,--,17,21029,买盘
352,14:04:17,12.37,--,4,4948,买盘
353,14:04:02,12.37,0.01,7,8659,买盘
354,14:03:47,12.36,0.01,64,79104,买盘
355,14:03:38,12.35,0.01,346,427804,买盘
356,14:03:32,12.34,-0.01,110,135740,卖盘
357,14:03:23,12.35,0.01,7,8645,买盘
358,14:03:17,12.34,--,102,125868,买盘
359,14:03:08,12.34,--,7,8638,买盘
360,14:02:47,12.34,0.04,7,8638,买盘
361,14:02:38,12.3,--,1,1230,卖盘
362,14:02:32,12.3,-0.04,9,11070,卖盘
363,14:02:13,12.34,0.04,7,8638,买盘
364,14:02:02,12.3,-0.04,7,8610,卖盘
365,14:01:53,12.34,--,7,8638,买盘
366,14:01:32,12.34,--,7,8638,买盘
367,14:01:17,12.34,-0.01,13,16042,卖盘
368,14:00:58,12.35,0.01,7,8645,买盘
369,14:00:38,12.34,--,5,6170,买盘
370,14:00:32,12.34,--,0,0,买盘
371,14:00:28,12.34,--,11,13574,卖盘
372,14:00:17,12.34,--,5,6170,买盘
373,14:00:02,12.34,--,7,8638,买盘
374,13:59:47,12.34,-0.01,7,8638,买盘
375,13:59:32,12.35,0.01,46,56810,买盘
376,13:59:26,12.34,--,7,8638,买盘
377,13:59:08,12.34,0.01,7,8638,买盘
378,13:58:46,12.33,-0.01,10,12330,买盘
379,13:58:41,12.34,--,0,0,买盘
380,13:58:38,12.34,--,0,0,买盘
381,13:58:32,12.34,0.01,7,8638,买盘
382,13:58:26,12.33,--,0,739,卖盘
383,13:58:11,12.33,--,6,7891,买盘
384,13:57:56,12.33,0.03,7,8631,买盘
385,13:57:47,12.3,--,0,0,卖盘
386,13:57:32,12.3,--,1,1230,买盘
387,13:57:17,12.3,--,7,8610,买盘
388,13:56:56,12.3,--,7,8610,买盘
389,13:56:53,12.3,--,0,0,中性盘
390,13:56:47,12.3,--,62,76260,买盘
391,13:56:41,12.3,-0.01,129,158670,卖盘
392,13:56:32,12.31,-0.02,54,66474,卖盘
393,13:56:22,12.33,0.02,7,8631,买盘
394,13:56:07,12.31,-0.02,20,24620,卖盘
395,13:56:02,12.33,--,7,8631,买盘
396,13:55:47,12.33,--,7,8631,买盘
397,13:55:32,12.33,--,2,2466,买盘
398,13:55:26,12.33,--,7,8631,买盘
399,13:55:17,12.33,-0.01,27,34030,卖盘
400,13:55:11,12.34,--,38,47385,买盘
401,13:55:07,12.34,0.01,7,8638,买盘
402,13:54:56,12.33,--,24,29592,卖盘
403,13:54:52,12.33,-0.01,10,12330,卖盘
404,13:54:47,12.34,--,7,8638,买盘
405,13:54:32,12.34,--,7,8638,买盘
406,13:54:11,12.34,--,7,8638,买盘
407,13:53:56,12.34,0.01,7,8638,买盘
408,13:53:51,12.33,-0.01,8,9864,卖盘
409,13:53:47,12.34,--,5,6170,买盘
410,13:53:36,12.34,0.01,7,8638,买盘
411,13:53:32,12.33,-0.01,7,8631,卖盘
412,13:53:17,12.34,--,7,8638,买盘
413,13:52:55,12.34,--,7,8638,买盘
414,13:52:41,12.34,--,13,16042,买盘
415,13:52:20,12.34,--,7,8638,买盘
416,13:52:05,12.34,--,42,51828,买盘
417,13:51:47,12.34,--,7,8638,买盘
418,13:51:26,12.34,--,7,8638,买盘
419,13:51:11,12.34,--,81,99954,买盘
420,13:51:05,12.34,--,7,8638,买盘
421,13:50:50,12.34,--,7,8638,买盘
422,13:50:32,12.34,--,7,8638,买盘
423,13:50:11,12.34,0.01,7,8638,买盘
424,13:49:56,12.33,-0.01,5,6165,买盘
425,13:49:35,12.34,--,7,8638,买盘
426,13:49:16,12.34,--,7,8638,买盘
427,13:49:01,12.34,--,0,0,买盘
428,13:48:56,12.34,--,7,8638,买盘
429,13:48:40,12.34,--,12,15548,买盘
430,13:48:34,12.34,--,21,25914,买盘
431,13:48:20,12.34,--,8,9872,买盘
432,13:48:05,12.34,0.01,7,8638,买盘
433,13:47:46,12.33,--,2,2959,买盘
434,13:47:35,12.33,0.01,76,93708,买盘
435,13:47:26,12.32,-0.01,7,8624,中性盘
436,13:47:10,12.33,--,50,61650,买盘
437,13:47:05,12.33,--,7,8631,买盘
438,13:47:01,12.33,--,10,12330,买盘
439,13:46:50,12.33,--,7,8631,买盘
440,13:46:40,12.33,0.02,880,1085040,买盘
441,13:46:30,12.31,--,7,8617,买盘
442,13:46:11,12.31,0.01,7,8617,买盘
443,13:46:05,12.3,--,3,3690,卖盘
444,13:45:56,12.3,--,7,8610,买盘
445,13:45:50,12.3,-0.01,102,125460,卖盘
446,13:45:35,12.31,0.01,7,8617,买盘
447,13:45:20,12.3,--,21,25830,买盘
448,13:44:59,12.3,--,7,8610,买盘
449,13:44:55,12.3,0.02,4,4920,买盘
450,13:44:50,12.28,-0.03,4,4912,卖盘
451,13:44:40,12.31,0.01,7,8617,买盘
452,13:44:35,12.3,--,7,8610,卖盘
453,13:44:29,12.3,--,16,19680,买盘
454,13:44:20,12.3,--,7,8610,买盘
455,13:44:14,12.3,-0.01,77,94710,卖盘
456,13:43:58,12.31,--,26,32006,买盘
457,13:43:44,12.31,--,7,8617,买盘
458,13:43:34,12.31,--,99,121869,买盘
459,13:43:28,12.31,--,7,8617,买盘
460,13:43:05,12.31,0.01,7,8617,买盘
461,13:42:58,12.3,-0.01,5,6150,卖盘
462,13:42:50,12.31,0.01,7,8617,买盘
463,13:42:35,12.3,--,19,23370,买盘
464,13:42:29,12.3,--,7,8610,买盘
465,13:42:13,12.3,--,7,8610,买盘
466,13:41:55,12.3,--,14,17220,买盘
467,13:41:40,12.3,--,7,8610,买盘
468,13:41:35,12.3,--,53,65190,卖盘
469,13:41:29,12.3,--,10,12300,卖盘
470,13:41:13,12.3,--,3,3690,卖盘
471,13:41:10,12.3,--,9,11070,买盘
472,13:40:59,12.3,--,0,0,买盘
473,13:40:55,12.3,0.02,16,19680,买盘
474,13:40:50,12.28,-0.02,30,36840,卖盘
475,13:40:40,12.3,0.02,14,17220,买盘
476,13:40:19,12.28,--,270,331560,买盘
477,13:40:14,12.28,--,100,122800,买盘
478,13:40:04,12.28,--,7,8596,买盘
479,13:39:58,12.28,--,17,20876,买盘
480,13:39:44,12.28,--,14,17192,买盘
481,13:39:34,12.28,--,7,8596,买盘
482,13:39:29,12.28,--,7,8596,买盘
483,13:39:25,12.28,--,7,8596,买盘
484,13:39:19,12.28,0.01,44,54032,买盘
485,13:39:07,12.27,--,51,62577,卖盘
486,13:38:44,12.27,--,22,26994,买盘
487,13:38:28,12.27,--,7,8589,买盘
488,13:38:22,12.27,--,2,2454,买盘
489,13:38:19,12.27,--,41,50307,买盘
490,13:38:14,12.27,--,7,8589,买盘
491,13:38:08,12.27,--,10,12270,买盘
492,13:37:53,12.27,--,7,8589,买盘
493,13:37:37,12.27,--,96,117792,卖盘
494,13:37:22,12.27,--,10,12270,卖盘
495,13:37:19,12.27,-0.01,141,173007,卖盘
496,13:36:58,12.28,--,7,8596,买盘
497,13:36:37,12.28,0.01,7,8596,买盘
498,13:36:22,12.27,--,68,83436,买盘
499,13:36:19,12.27,--,74,90798,买盘
500,13:36:04,12.27,--,7,8589,买盘
501,13:35:43,12.27,--,7,8589,买盘
502,13:35:28,12.27,--,7,8589,买盘
503,13:35:22,12.27,--,47,57669,卖盘
504,13:35:13,12.27,-0.01,3,3681,卖盘
505,13:35:07,12.28,0.01,7,8596,买盘
506,13:35:04,12.27,-0.01,50,61350,卖盘
507,13:34:49,12.28,--,7,8596,买盘
508,13:34:37,12.28,--,54,66312,买盘
509,13:34:28,12.28,--,7,8596,买盘
510,13:34:14,12.28,--,7,8596,买盘
511,13:33:53,12.28,--,7,8596,买盘
512,13:33:37,12.28,-0.01,11,13508,卖盘
513,13:33:19,12.29,--,7,8603,买盘
514,13:33:13,12.29,-0.01,100,122899,卖盘
515,13:32:58,12.3,--,54,66420,卖盘
516,13:32:43,12.3,-0.01,17,20910,卖盘
517,13:32:38,12.31,0.01,7,8617,买盘
518,13:32:22,12.3,-0.01,13,15990,卖盘
519,13:32:07,12.31,--,6,7386,买盘
520,13:32:01,12.31,--,107,131717,买盘
521,13:31:53,12.31,--,10,12310,买盘
522,13:31:47,12.31,--,7,8617,买盘
523,13:31:28,12.31,--,7,8617,买盘
524,13:31:16,12.31,--,0,0,买盘
525,13:31:07,12.31,0.01,7,8617,买盘
526,13:31:02,12.3,--,5,6150,卖盘
527,13:30:58,12.3,--,1,1230,卖盘
528,13:30:52,12.3,--,1,1230,买盘
529,13:30:31,12.3,--,7,8610,买盘
530,13:30:13,12.3,--,7,8610,买盘
531,13:29:52,12.3,--,7,8610,买盘
532,13:29:37,12.3,--,7,8610,买盘
533,13:29:22,12.3,--,110,135300,买盘
534,13:29:16,12.3,--,7,8610,买盘
535,13:29:01,12.3,--,7,8610,买盘
536,13:28:58,12.3,--,0,0,买盘
537,13:28:52,12.3,--,30,36900,买盘
538,13:28:37,12.3,--,11,13530,买盘
539,13:28:22,12.3,--,7,8610,买盘
540,13:28:01,12.3,--,7,8610,买盘
541,13:27:46,12.3,--,7,8610,买盘
542,13:27:37,12.3,--,32,39360,买盘
543,13:27:28,12.3,0.01,7,8610,买盘
544,13:27:22,12.29,--,7,8603,卖盘
545,13:27:12,12.29,-0.01,20,24580,卖盘
546,13:27:07,12.3,--,7,8610,买盘
547,13:26:52,12.3,0.01,7,8610,买盘
548,13:26:46,12.29,-0.01,50,61449,卖盘
549,13:26:31,12.3,--,7,8610,买盘
550,13:26:22,12.3,--,5,6150,买盘
551,13:26:13,12.3,0.01,7,8610,买盘
552,13:26:01,12.29,-0.01,25,30724,卖盘
553,13:25:57,12.3,--,5,6150,买盘
554,13:25:52,12.3,0.01,7,8610,买盘
555,13:25:42,12.29,-0.01,7,8603,卖盘
556,13:25:37,12.3,0.01,7,8610,买盘
557,13:25:31,12.29,--,10,12290,卖盘
558,13:25:16,12.29,0.01,194,238425,买盘
559,13:25:12,12.28,--,0,0,买盘
560,13:25:01,12.28,--,7,8596,买盘
561,13:24:40,12.28,--,7,8596,买盘
562,13:24:22,12.28,0.02,7,8596,买盘
563,13:24:10,12.26,--,2,2452,买盘
564,13:24:01,12.26,-0.02,7,8582,买盘
565,13:23:55,12.28,--,0,0,买盘
566,13:23:52,12.28,--,4,4912,买盘
567,13:23:46,12.28,--,7,8596,买盘
568,13:23:37,12.28,--,200,245600,买盘
569,13:23:31,12.28,-0.01,55,67540,卖盘
570,13:23:25,12.29,--,7,8603,买盘
571,13:23:16,12.29,--,10,12290,买盘
572,13:23:10,12.29,0.01,7,8603,买盘
573,13:23:01,12.28,--,4,4912,卖盘
574,13:22:46,12.28,--,50,61400,买盘
575,13:22:31,12.28,0.03,7,8596,买盘
576,13:22:16,12.25,--,5,6125,买盘
577,13:22:10,12.25,-0.03,15,18375,卖盘
578,13:21:55,12.28,--,7,8596,买盘
579,13:21:37,12.28,--,7,8596,买盘
580,13:21:25,12.28,-0.01,29,35612,卖盘
581,13:21:16,12.29,--,7,8603,买盘
582,13:21:10,12.29,0.01,6,7373,买盘
583,13:21:01,12.28,--,114,139992,卖盘
584,13:20:40,12.28,--,6,7368,卖盘
585,13:20:37,12.28,0.01,122,149816,买盘
586,13:20:31,12.27,--,14,17178,卖盘
587,13:20:25,12.27,-0.01,120,147240,卖盘
588,13:20:21,12.28,0.01,7,8596,买盘
589,13:20:10,12.27,--,16,19632,买盘
590,13:20:01,12.27,0.01,87,106749,买盘
591,13:19:55,12.26,--,3,3678,买盘
592,13:19:51,12.26,--,97,118922,卖盘
593,13:19:46,12.26,--,27,33102,买盘
594,13:19:40,12.26,--,50,61300,买盘
595,13:19:31,12.26,-0.01,23,28198,卖盘
596,13:19:25,12.27,--,7,8589,买盘
597,13:19:10,12.27,--,7,8589,买盘
598,13:18:51,12.27,--,7,8589,买盘
599,13:18:31,12.27,--,7,8589,买盘
600,13:18:21,12.27,--,30,36810,买盘
601,13:18:10,12.27,--,7,8589,买盘
602,13:17:55,12.27,--,7,8589,买盘
603,13:17:34,12.27,--,0,0,买盘
604,13:17:31,12.27,0.01,154,188958,买盘
605,13:17:19,12.26,--,17,20842,买盘
606,13:17:16,12.26,-0.01,9,11034,卖盘
607,13:17:10,12.27,--,8,9816,买盘
608,13:17:01,12.27,--,7,8589,买盘
609,13:16:55,12.27,--,7,8589,买盘
610,13:16:49,12.27,--,118,144786,买盘
611,13:16:40,12.27,--,7,8589,买盘
612,13:16:19,12.27,--,14,17178,买盘
613,13:16:04,12.27,-0.02,90,110430,卖盘
614,13:15:55,12.29,--,0,0,买盘
615,13:15:46,12.29,0.02,7,8603,买盘
616,13:15:34,12.27,--,85,104295,买盘
617,13:15:25,12.27,--,9,11043,买盘
618,13:15:10,12.27,--,7,8589,买盘
619,13:14:49,12.27,--,7,8589,买盘
620,13:14:34,12.27,--,7,8589,买盘
621,13:14:19,12.27,-0.01,5,6135,卖盘
622,13:14:10,12.28,0.01,113,138764,买盘
623,13:13:55,12.27,0.02,3,3681,买盘
624,13:13:40,12.25,--,5,6125,买盘
625,13:13:34,12.25,--,7,8575,买盘
626,13:13:19,12.25,--,7,8575,买盘
627,13:13:00,12.25,--,7,8575,买盘
628,13:12:49,12.25,-0.02,76,93100,卖盘
629,13:12:40,12.27,0.02,7,8589,买盘
630,13:12:34,12.25,--,24,29400,卖盘
631,13:12:19,12.25,0.02,32,39200,买盘
632,13:12:10,12.23,-0.01,251,306973,卖盘
633,13:12:04,12.24,0.01,7,8568,买盘
634,13:11:55,12.23,--,1,1223,买盘
635,13:11:49,12.23,-0.01,9,11007,卖盘
636,13:11:45,12.24,--,7,8568,买盘
637,13:11:25,12.24,--,7,8568,买盘
638,13:11:19,12.24,-0.01,5,6120,卖盘
639,13:11:10,12.25,--,7,8575,买盘
640,13:10:49,12.25,--,7,8575,买盘
641,13:10:43,12.25,-0.02,354,433650,卖盘
642,13:10:40,12.27,--,7,8589,买盘
643,13:10:34,12.27,--,7,8589,买盘
644,13:10:19,12.27,--,7,8589,买盘
645,13:10:13,12.27,--,7,8589,买盘
646,13:09:55,12.27,--,7,8589,买盘
647,13:09:43,12.27,--,9,11043,买盘
648,13:09:34,12.27,--,7,8589,买盘
649,13:09:19,12.27,--,47,57669,买盘
650,13:08:58,12.27,0.01,7,8589,买盘
651,13:08:43,12.26,-0.01,15,18390,卖盘
652,13:08:34,12.27,--,7,8589,买盘
653,13:08:25,12.27,--,7,8589,买盘
654,13:08:13,12.27,--,7,8589,买盘
655,13:08:04,12.27,--,7,8589,买盘
656,13:07:49,12.27,--,7,8589,买盘
657,13:07:43,12.27,--,7,8589,买盘
658,13:07:34,12.27,--,10,12270,买盘
659,13:07:28,12.27,0.01,7,8589,买盘
660,13:07:09,12.26,--,20,24520,买盘
661,13:07:04,12.26,--,19,23294,买盘
662,13:06:54,12.26,--,7,8582,买盘
663,13:06:49,12.26,--,7,8582,买盘
664,13:06:43,12.26,--,47,57622,买盘
665,13:06:34,12.26,--,13,15938,买盘
666,13:06:19,12.26,--,30,36780,买盘
667,13:06:13,12.26,--,7,8582,买盘
668,13:06:04,12.26,--,2,2452,买盘
669,13:05:54,12.26,--,7,8582,买盘
670,13:05:49,12.26,--,1,1226,买盘
671,13:05:34,12.26,--,7,8582,买盘
672,13:05:19,12.26,0.01,17,20842,卖盘
673,13:04:58,12.25,--,17,20825,买盘
674,13:04:49,12.25,-0.01,13,15925,卖盘
675,13:04:43,12.26,--,6,7356,买盘
676,13:04:34,12.26,--,48,58848,买盘
677,13:04:23,12.26,--,7,8582,买盘
678,13:04:19,12.26,0.01,24,29424,买盘
679,13:03:58,12.25,--,9,11025,买盘
680,13:03:43,12.25,--,7,8575,买盘
681,13:03:28,12.25,--,7,8575,买盘
682,13:03:22,12.25,--,1,1225,买盘
683,13:03:13,12.25,--,10,12250,买盘
684,13:03:07,12.25,--,7,8575,买盘
685,13:03:03,12.25,-0.01,191,233975,卖盘
686,13:02:52,12.26,0.01,7,8582,买盘
687,13:02:43,12.25,--,5,6125,卖盘
688,13:02:37,12.25,--,80,98000,买盘
689,13:02:34,12.25,0.01,7,8575,买盘
690,13:02:28,12.24,-0.01,5,6120,卖盘
691,13:02:13,12.25,--,7,8575,买盘
692,13:01:58,12.25,--,7,8575,买盘
693,13:01:37,12.25,--,21,25725,买盘
694,13:01:19,12.25,--,7,8575,买盘
695,13:01:13,12.25,--,20,24500,买盘
696,13:00:58,12.25,0.02,7,8575,买盘
697,13:00:52,12.23,-0.01,118,144314,卖盘
698,13:00:49,12.24,--,3,3672,买盘
699,13:00:43,12.24,0.01,7,8568,买盘
700,13:00:37,12.23,-0.01,10,12230,卖盘
701,13:00:21,12.24,0.01,8,9792,买盘
702,13:00:07,12.23,-0.02,139,169997,卖盘
703,11:30:00,12.25,--,0,0,买盘
704,11:30:00,12.25,--,0,0,买盘
705,11:29:53,12.25,0.01,27,33075,买盘
706,11:29:44,12.24,-0.01,58,70992,卖盘
707,11:29:38,12.25,0.02,7,8575,买盘
708,11:29:23,12.23,--,29,35467,买盘
709,11:29:17,12.23,-0.02,90,110070,卖盘
710,11:29:14,12.25,--,20,24500,买盘
711,11:28:59,12.25,--,7,8575,买盘
712,11:28:47,12.25,--,4,4900,买盘
713,11:28:38,12.25,--,33,40425,买盘
714,11:28:23,12.25,--,10,12250,买盘
715,11:28:08,12.25,-0.01,3,3675,卖盘
716,11:28:02,12.26,0.01,7,8582,买盘
717,11:27:53,12.25,-0.01,10,12250,卖盘
718,11:27:44,12.26,--,7,8582,买盘
719,11:27:23,12.26,--,7,8582,买盘
720,11:27:08,12.26,--,7,8582,买盘
721,11:26:47,12.26,--,7,8582,买盘
722,11:26:28,12.26,--,7,8582,买盘
723,11:26:08,12.26,0.03,17,20842,买盘
724,11:26:02,12.23,-0.03,200,244600,卖盘
725,11:25:53,12.26,0.01,25,30650,买盘
726,11:25:32,12.25,-0.01,31,37975,卖盘
727,11:25:13,12.26,--,7,8582,买盘
728,11:24:53,12.26,0.01,7,8582,买盘
729,11:24:47,12.25,-0.01,10,12250,卖盘
730,11:24:38,12.26,--,7,8582,买盘
731,11:24:17,12.26,-0.01,7,8582,买盘
732,11:24:08,12.27,--,0,0,买盘
733,11:23:56,12.27,--,7,8589,买盘
734,11:23:41,12.27,--,7,8589,买盘
735,11:23:23,12.27,0.02,7,8589,买盘
736,11:23:08,12.25,-0.01,74,90650,卖盘
737,11:23:02,12.26,--,0,0,中性盘
738,11:22:56,12.26,--,9,11034,买盘
739,11:22:41,12.26,--,7,8582,买盘
740,11:22:26,12.26,--,7,8582,买盘
741,11:22:17,12.26,-0.01,14,17164,卖盘
742,11:22:08,12.27,0.01,7,8589,买盘
743,11:22:02,12.26,-0.01,100,122600,卖盘
744,11:21:47,12.27,0.01,7,8589,买盘
745,11:21:38,12.26,-0.01,4,4904,卖盘
746,11:21:26,12.27,--,7,8589,买盘
747,11:21:11,12.27,--,7,8589,买盘
748,11:20:56,12.27,--,5,6135,买盘
749,11:20:52,12.27,--,7,8589,买盘
750,11:20:31,12.27,-0.01,7,8589,中性盘
751,11:20:11,12.28,--,7,8596,买盘
752,11:19:55,12.28,--,10,12280,买盘
753,11:19:37,12.28,--,7,8596,买盘
754,11:19:17,12.28,0.01,7,8596,买盘
755,11:19:07,12.27,--,0,0,买盘
756,11:18:56,12.27,--,7,8589,买盘
757,11:18:47,12.27,-0.01,3,3681,卖盘
758,11:18:41,12.28,--,7,8596,买盘
759,11:18:22,12.28,--,7,8596,买盘
760,11:18:02,12.28,--,7,8596,买盘
761,11:17:40,12.28,--,7,8596,买盘
762,11:17:26,12.28,--,7,8596,买盘
763,11:17:05,12.28,--,7,8596,买盘
764,11:16:47,12.28,0.01,7,8596,买盘
765,11:16:26,12.27,--,11,13497,买盘
766,11:16:11,12.27,--,7,8589,买盘
767,11:15:56,12.27,--,10,12270,买盘
768,11:15:50,12.27,--,7,8589,买盘
769,11:15:32,12.27,0.02,7,8589,买盘
770,11:15:11,12.25,0.01,20,24500,买盘
771,11:15:05,12.24,-0.01,69,84456,卖盘
772,11:14:56,12.25,--,311,380975,买盘
773,11:14:50,12.25,--,50,61250,买盘
774,11:14:35,12.25,--,17,20825,买盘
775,11:14:16,12.25,--,7,8575,买盘
776,11:14:10,12.25,--,10,12250,买盘
777,11:14:05,12.25,-0.03,43,52675,卖盘
778,11:13:56,12.28,0.01,7,8596,买盘
779,11:13:50,12.27,--,43,52761,买盘
780,11:13:40,12.27,0.02,7,8589,买盘
781,11:13:35,12.25,-0.02,27,33075,中性盘
782,11:13:31,12.27,--,5,6135,买盘
783,11:13:20,12.27,--,7,8589,买盘
784,11:13:05,12.27,--,0,0,买盘
785,11:13:01,12.27,--,7,8589,买盘
786,11:12:50,12.27,0.01,71,87117,买盘
787,11:12:41,12.26,--,207,253782,买盘
788,11:12:35,12.26,--,0,0,中性盘
789,11:12:25,12.26,0.02,17,20842,买盘
790,11:12:20,12.24,-0.02,70,85680,卖盘
791,11:12:16,12.26,--,0,0,买盘
792,11:12:11,12.26,-0.01,3,3678,卖盘
793,11:12:05,12.27,0.01,7,8589,买盘
794,11:12:01,12.26,--,0,0,中性盘
795,11:11:56,12.26,--,33,40458,买盘
796,11:11:50,12.26,0.02,7,8582,买盘
797,11:11:41,12.24,--,0,0,卖盘
798,11:11:35,12.24,-0.02,20,24480,卖盘
799,11:11:26,12.26,-0.01,8,9808,中性盘
800,11:11:10,12.27,0.02,7,8589,买盘
801,11:11:05,12.25,-0.02,10,12250,卖盘
802,11:10:50,12.27,0.02,37,45399,买盘
803,11:10:35,12.25,--,10,12250,卖盘
804,11:10:26,12.25,-0.01,4,4900,卖盘
805,11:10:20,12.26,0.01,15,18390,买盘
806,11:10:11,12.25,-0.01,17,20825,买盘
807,11:09:59,12.26,0.02,9,11034,卖盘
808,11:09:55,12.24,--,0,0,中性盘
809,11:09:50,12.24,--,66,80784,中性盘
810,11:09:40,12.24,-0.02,40,48960,卖盘
811,11:09:35,12.26,--,7,8582,买盘
812,11:09:20,12.26,--,7,8582,买盘
813,11:09:05,12.26,-0.02,20,24520,卖盘
814,11:08:59,12.28,-0.01,7,8596,买盘
815,11:08:50,12.29,--,0,0,买盘
816,11:08:44,12.29,--,0,0,买盘
817,11:08:40,12.29,0.06,7,8603,买盘
818,11:08:35,12.23,-0.06,400,489200,卖盘
819,11:08:20,12.29,0.05,7,8603,买盘
820,11:08:14,12.24,-0.05,250,306000,卖盘
821,11:08:05,12.29,--,7,8603,买盘
822,11:07:59,12.29,-0.01,18,22122,买盘
823,11:07:43,12.3,0.04,7,8610,买盘
824,11:07:35,12.26,--,0,0,中性盘
825,11:07:29,12.26,-0.04,50,61300,卖盘
826,11:07:25,12.3,--,7,8610,买盘
827,11:07:05,12.3,-0.01,7,8610,买盘
828,11:06:49,12.31,--,7,8617,买盘
829,11:06:28,12.31,--,7,8617,买盘
830,11:06:10,12.31,--,7,8617,买盘
831,11:05:49,12.31,0.05,7,8617,买盘
832,11:05:40,12.26,-0.05,150,183900,卖盘
833,11:05:34,12.31,--,7,8617,买盘
834,11:05:13,12.31,--,7,8617,买盘
835,11:04:55,12.31,--,7,8617,买盘
836,11:04:40,12.31,0.01,50,61550,买盘
837,11:04:35,12.3,-0.02,7,8610,买盘
838,11:04:25,12.32,--,0,0,买盘
839,11:04:19,12.32,0.05,7,8624,买盘
840,11:04:04,12.27,--,33,40491,卖盘
841,11:03:59,12.27,--,133,163191,买盘
842,11:03:43,12.27,-0.06,267,327609,卖盘
843,11:03:40,12.33,--,7,8631,买盘
844,11:03:34,12.33,0.03,71,87543,买盘
845,11:03:20,12.3,--,7,8610,买盘
846,11:03:14,12.3,-0.03,2,3198,卖盘
847,11:03:04,12.33,0.03,7,8631,买盘
848,11:02:44,12.3,--,9,11070,卖盘
849,11:02:34,12.3,--,5,6642,买盘
850,11:02:22,12.3,--,7,8610,买盘
851,11:02:19,12.3,--,8,10578,卖盘
852,11:02:07,12.3,-0.04,27,33210,卖盘
853,11:01:58,12.34,--,0,0,买盘
854,11:01:49,12.34,0.04,7,8638,买盘
855,11:01:38,12.3,-0.04,50,61500,卖盘
856,11:01:29,12.34,0.04,7,8638,买盘
857,11:01:22,12.3,--,0,0,卖盘
858,11:01:13,12.3,-0.04,45,55350,卖盘
859,11:01:07,12.34,0.04,67,82678,买盘
860,11:00:58,12.3,--,8,10332,买盘
861,11:00:53,12.3,0.01,65,79950,买盘
862,11:00:49,12.29,-0.01,7,8603,卖盘
863,11:00:38,12.3,--,1,1230,买盘
864,11:00:34,12.3,--,7,8610,买盘
865,11:00:19,12.3,-0.02,128,158178,卖盘
866,11:00:14,12.32,-0.02,57,70224,卖盘
867,10:59:58,12.34,--,0,0,买盘
868,10:59:53,12.34,--,7,8638,买盘
869,10:59:38,12.34,-0.01,91,112294,卖盘
870,10:59:34,12.35,--,20,24700,买盘
871,10:59:19,12.35,--,7,8645,买盘
872,10:58:58,12.35,--,7,8645,买盘
873,10:58:37,12.35,--,10,12350,卖盘
874,10:58:22,12.35,-0.01,8,9880,卖盘
875,10:58:04,12.36,--,7,8652,买盘
876,10:57:43,12.36,0.01,7,8652,买盘
877,10:57:22,12.35,--,3,3705,买盘
878,10:57:08,12.35,0.01,7,8645,买盘
879,10:57:04,12.34,-0.01,106,130804,卖盘
880,10:56:48,12.35,--,19,23465,买盘
881,10:56:33,12.35,-0.02,3,3705,卖盘
882,10:56:28,12.37,--,7,8659,买盘
883,10:56:07,12.37,--,7,8659,买盘
884,10:55:52,12.37,--,7,8659,买盘
885,10:55:38,12.37,0.02,15,18555,买盘
886,10:55:31,12.35,-0.02,10,12350,卖盘
887,10:55:13,12.37,--,7,8659,买盘
888,10:55:07,12.37,--,0,0,买盘
889,10:54:52,12.37,--,7,8659,买盘
890,10:54:37,12.37,--,7,8659,买盘
891,10:54:31,12.37,--,0,0,买盘
892,10:54:16,12.37,--,7,8659,买盘
893,10:53:58,12.37,--,7,8659,买盘
894,10:53:37,12.37,--,17,21029,买盘
895,10:53:22,12.37,0.03,7,8659,买盘
896,10:53:07,12.34,-0.03,10,12340,卖盘
897,10:53:01,12.37,--,7,8659,买盘
898,10:52:43,12.37,--,7,8659,买盘
899,10:52:37,12.37,--,0,0,买盘
900,10:52:28,12.37,--,3,3710,卖盘
901,10:52:22,12.37,0.03,32,39584,买盘
902,10:52:13,12.34,--,0,0,买盘
903,10:52:07,12.34,--,22,27148,买盘
904,10:51:46,12.34,--,7,8638,买盘
905,10:51:31,12.34,-0.04,75,92550,卖盘
906,10:51:16,12.38,--,1,1238,买盘
907,10:51:07,12.38,0.02,56,70442,买盘
908,10:51:01,12.36,-0.02,20,24720,卖盘
909,10:50:52,12.38,--,7,8666,买盘
910,10:50:31,12.38,--,7,8666,买盘
911,10:50:16,12.38,0.01,7,8666,买盘
912,10:49:58,12.37,--,0,0,买盘
913,10:49:52,12.37,0.01,7,8659,买盘
914,10:49:42,12.36,-0.02,1,1236,卖盘
915,10:49:37,12.38,--,7,8666,买盘
916,10:49:16,12.38,--,7,8666,买盘
917,10:49:01,12.38,0.02,7,8666,买盘
918,10:48:42,12.36,-0.02,2,2472,卖盘
919,10:48:37,12.38,0.02,7,8666,买盘
920,10:48:25,12.36,--,18,22248,卖盘
921,10:48:22,12.36,--,25,31023,买盘
922,10:48:16,12.36,--,1,1236,买盘
923,10:48:01,12.36,-0.03,23,29540,卖盘
924,10:47:52,12.39,--,0,0,买盘
925,10:47:46,12.39,0.03,7,8673,买盘
926,10:47:40,12.36,--,0,0,卖盘
927,10:47:31,12.36,-0.02,10,12483,卖盘
928,10:47:25,12.38,0.02,134,165892,买盘
929,10:47:07,12.36,--,7,8652,买盘
930,10:46:46,12.36,--,7,8652,买盘
931,10:46:40,12.36,-0.01,12,14832,卖盘
932,10:46:31,12.37,--,7,8659,买盘
933,10:46:22,12.37,--,0,0,买盘
934,10:46:10,12.37,-0.01,7,8659,买盘
935,10:45:55,12.38,--,0,0,买盘
936,10:45:52,12.38,--,7,8666,买盘
937,10:45:46,12.38,--,0,0,买盘
938,10:45:31,12.38,--,18,22284,买盘
939,10:45:25,12.38,0.01,200,247600,买盘
940,10:45:16,12.37,0.02,7,8659,买盘
941,10:45:01,12.35,-0.01,80,98800,卖盘
942,10:44:55,12.36,--,7,8652,买盘
943,10:44:46,12.36,--,25,30900,买盘
944,10:44:36,12.36,0.01,7,8652,买盘
945,10:44:31,12.35,--,10,12350,卖盘
946,10:44:16,12.35,--,5,6175,买盘
947,10:44:10,12.35,0.01,25,30875,买盘
948,10:43:55,12.34,0.01,178,219652,买盘
949,10:43:40,12.33,0.02,7,8631,买盘
950,10:43:31,12.31,-0.01,10,12310,卖盘
951,10:43:25,12.32,0.01,277,341264,买盘
952,10:43:21,12.31,0.01,14,17234,买盘
953,10:43:07,12.3,--,102,125460,卖盘
954,10:43:01,12.3,--,90,111192,买盘
955,10:42:55,12.3,--,20,24600,买盘
956,10:42:46,12.3,--,0,0,买盘
957,10:42:40,12.3,0.01,37,45510,买盘
958,10:42:31,12.29,-0.01,45,55304,卖盘
959,10:42:25,12.3,--,7,8610,买盘
960,10:42:06,12.3,--,57,70110,买盘
961,10:42:01,12.3,0.01,5,6150,买盘
962,10:41:46,12.29,--,5,6145,买盘
963,10:41:31,12.29,--,7,8603,买盘
964,10:41:25,12.29,-0.01,38,46702,卖盘
965,10:41:10,12.3,--,7,8610,买盘
966,10:40:51,12.3,--,0,0,买盘
967,10:40:46,12.3,0.01,83,102090,买盘
968,10:40:31,12.29,-0.01,12,14747,卖盘
969,10:40:16,12.3,--,7,8610,买盘
970,10:39:55,12.3,0.01,7,8610,买盘
971,10:39:34,12.29,--,2,2458,买盘
972,10:39:19,12.29,--,7,8603,买盘
973,10:39:01,12.29,--,7,8603,买盘
974,10:38:49,12.29,-0.01,1,1229,卖盘
975,10:38:46,12.3,--,3,3690,买盘
976,10:38:40,12.3,--,7,8610,买盘
977,10:38:19,12.3,--,17,20910,买盘
978,10:38:16,12.3,0.01,20,24600,买盘
979,10:38:04,12.29,--,1,1229,买盘
980,10:37:46,12.29,0.01,7,8603,买盘
981,10:37:40,12.28,-0.01,10,12280,卖盘
982,10:37:25,12.29,--,6,7373,买盘
983,10:37:04,12.29,--,7,8603,买盘
984,10:36:49,12.29,--,7,8603,买盘
985,10:36:30,12.29,-0.01,8,9832,卖盘
986,10:36:10,12.3,--,7,8610,买盘
987,10:35:49,12.3,0.01,33,40590,买盘
988,10:35:34,12.29,-0.01,27,33183,卖盘
989,10:35:30,12.3,--,5,6150,买盘
990,10:35:15,12.3,--,7,8610,买盘
991,10:34:55,12.3,--,8,9840,买盘
992,10:34:34,12.3,--,7,8610,买盘
993,10:34:19,12.3,--,7,8610,买盘
994,10:34:00,12.3,--,7,8610,买盘
995,10:33:55,12.3,--,0,0,买盘
996,10:33:40,12.3,--,7,8610,买盘
997,10:33:19,12.3,0.02,7,8610,买盘
998,10:33:04,12.28,--,37,45436,卖盘
999,10:32:49,12.28,-0.02,53,65084,卖盘
1000,10:32:45,12.3,--,7,8610,买盘
1001,10:32:25,12.3,--,7,8610,买盘
1002,10:32:04,12.3,0.02,7,8610,买盘
1003,10:31:58,12.28,--,43,52804,买盘
1004,10:31:49,12.28,--,7,8596,买盘
1005,10:31:28,12.28,--,7,8596,买盘
1006,10:31:13,12.28,-0.01,7,8596,买盘
1007,10:30:58,12.29,-0.01,9,11061,卖盘
1008,10:30:49,12.3,0.03,268,329640,买盘
1009,10:30:40,12.27,--,69,84663,买盘
1010,10:30:34,12.27,--,7,8589,买盘
1011,10:30:13,12.27,--,7,8589,买盘
1012,10:29:58,12.27,--,99,121473,买盘
1013,10:29:34,12.27,--,7,8589,买盘
1014,10:29:19,12.27,--,7,8589,买盘
1015,10:28:58,12.27,--,7,8589,买盘
1016,10:28:43,12.27,--,7,8589,买盘
1017,10:28:19,12.27,0.01,7,8589,买盘
1018,10:28:04,12.26,--,5,6130,买盘
1019,10:27:49,12.26,-0.01,5,6130,买盘
1020,10:27:43,12.27,0.01,40,49080,买盘
1021,10:27:39,12.26,--,27,33102,卖盘
1022,10:27:34,12.26,--,15,18390,买盘
1023,10:27:28,12.26,--,7,8582,买盘
1024,10:27:04,12.26,0.03,7,8582,买盘
1025,10:26:54,12.23,-0.03,5,6115,卖盘
1026,10:26:49,12.26,0.03,7,8582,买盘
1027,10:26:34,12.23,-0.03,5,6115,卖盘
1028,10:26:28,12.26,0.03,7,8582,买盘
1029,10:26:13,12.23,-0.04,276,337548,卖盘
1030,10:26:04,12.27,--,0,0,买盘
1031,10:25:49,12.27,0.02,7,8589,买盘
1032,10:25:39,12.25,-0.01,2,2450,卖盘
1033,10:25:34,12.26,0.01,7,8582,买盘
1034,10:25:28,12.25,-0.02,3,3675,卖盘
1035,10:25:24,12.27,--,0,0,买盘
1036,10:25:19,12.27,0.01,40,49080,买盘
1037,10:25:13,12.26,--,122,149572,卖盘
1038,10:25:04,12.26,-0.01,1,1226,卖盘
1039,10:24:58,12.27,0.01,7,8589,买盘
1040,10:24:49,12.26,-0.01,5,6130,卖盘
1041,10:24:34,12.27,-0.02,7,8589,中性盘
1042,10:24:19,12.29,0.02,7,8603,买盘
1043,10:24:07,12.27,-0.02,1,1227,卖盘
1044,10:23:58,12.29,--,7,8603,买盘
1045,10:23:43,12.29,0.02,7,8603,买盘
1046,10:23:22,12.27,--,10,12270,卖盘
1047,10:23:03,12.27,-0.02,3,3681,买盘
1048,10:22:52,12.29,--,0,0,买盘
1049,10:22:43,12.29,0.03,7,8603,买盘
1050,10:22:37,12.26,-0.03,63,77238,卖盘
1051,10:22:28,12.29,0.02,8,9832,买盘
1052,10:22:22,12.27,-0.01,100,122700,卖盘
1053,10:22:19,12.28,-0.01,10,12280,卖盘
1054,10:22:07,12.29,--,7,8603,买盘
1055,10:21:48,12.29,0.01,7,8603,买盘
1056,10:21:43,12.28,-0.01,50,61400,卖盘
1057,10:21:28,12.29,--,7,8603,买盘
1058,10:21:13,12.29,--,7,8603,买盘
1059,10:20:52,12.29,0.01,7,8603,买盘
1060,10:20:43,12.28,--,1,1228,卖盘
1061,10:20:33,12.28,-0.01,8,9824,卖盘
1062,10:20:22,12.29,--,10,12290,买盘
1063,10:20:13,12.29,-0.01,15,18435,卖盘
1064,10:19:58,12.3,0.01,7,8610,买盘
1065,10:19:48,12.29,--,1,1229,买盘
1066,10:19:43,12.29,-0.01,1,1229,买盘
1067,10:19:37,12.3,0.01,17,20910,买盘
1068,10:19:18,12.29,--,2,2458,买盘
1069,10:18:58,12.29,--,7,8603,买盘
1070,10:18:43,12.29,--,11,13518,买盘
1071,10:18:22,12.29,--,7,8603,买盘
1072,10:18:03,12.29,--,7,8603,买盘
1073,10:17:43,12.29,-0.01,7,8603,买盘
1074,10:17:28,12.3,0.01,7,8610,买盘
1075,10:17:07,12.29,--,7,8603,买盘
1076,10:16:46,12.29,-0.01,8,9832,卖盘
1077,10:16:28,12.3,--,17,20910,买盘
1078,10:16:13,12.3,--,27,33210,买盘
1079,10:16:07,12.3,0.02,1,1230,买盘
1080,10:15:52,12.28,--,2,2456,买盘
1081,10:15:31,12.28,--,7,8596,买盘
1082,10:15:16,12.28,0.01,7,8596,买盘
1083,10:15:01,12.27,-0.01,305,374235,卖盘
1084,10:14:57,12.28,--,7,8596,买盘
1085,10:14:46,12.28,--,2,2456,买盘
1086,10:14:42,12.28,-0.02,20,24560,卖盘
1087,10:14:37,12.3,0.02,7,8610,买盘
1088,10:14:31,12.28,-0.02,10,12280,卖盘
1089,10:14:16,12.3,--,7,8610,买盘
1090,10:14:01,12.3,0.02,7,8610,买盘
1091,10:13:57,12.28,-0.02,10,12280,卖盘
1092,10:13:42,12.3,--,7,8610,买盘
1093,10:13:22,12.3,0.02,7,8610,买盘
1094,10:13:12,12.28,-0.02,2,2456,卖盘
1095,10:13:07,12.3,--,0,0,中性盘
1096,10:13:01,12.3,--,7,8610,买盘
1097,10:12:52,12.3,--,3,3690,买盘
1098,10:12:46,12.3,--,7,8610,买盘
1099,10:12:36,12.3,--,10,12300,买盘
1100,10:12:31,12.3,--,0,0,买盘
1101,10:12:27,12.3,0.03,7,8610,买盘
1102,10:12:16,12.27,-0.03,12,14724,卖盘
1103,10:12:12,12.3,--,37,45510,买盘
1104,10:12:07,12.3,0.03,12,14760,买盘
1105,10:11:51,12.27,-0.03,20,24540,卖盘
1106,10:11:46,12.3,--,7,8610,买盘
1107,10:11:31,12.3,--,7,8610,买盘
1108,10:11:21,12.3,--,5,6150,买盘
1109,10:11:16,12.3,0.02,8,9840,买盘
1110,10:11:12,12.28,--,7,8596,买盘
1111,10:11:07,12.28,--,2,2456,卖盘
1112,10:11:01,12.28,-0.02,1,1228,卖盘
1113,10:10:52,12.3,--,7,8610,买盘
1114,10:10:46,12.3,--,10,12300,买盘
1115,10:10:31,12.3,--,7,8610,买盘
1116,10:10:16,12.3,--,7,8610,买盘
1117,10:10:06,12.3,--,91,111930,买盘
1118,10:10:01,12.3,--,0,0,买盘
1119,10:09:55,12.3,0.02,7,8610,买盘
1120,10:09:46,12.28,--,205,251740,买盘
1121,10:09:36,12.28,--,7,8596,买盘
1122,10:09:16,12.28,0.01,17,20876,买盘
1123,10:09:10,12.27,--,10,12270,卖盘
1124,10:09:06,12.27,--,43,52761,买盘
1125,10:09:01,12.27,--,7,8589,买盘
1126,10:08:55,12.27,--,50,61350,卖盘
1127,10:08:40,12.27,-0.01,8,9816,卖盘
1128,10:08:31,12.28,--,5,6140,买盘
1129,10:08:25,12.28,0.01,65,79820,买盘
1130,10:08:21,12.27,--,44,53988,卖盘
1131,10:08:16,12.27,--,10,12270,卖盘
1132,10:08:06,12.27,-0.01,21,25767,卖盘
1133,10:08:01,12.28,0.01,14,17192,买盘
1134,10:07:46,12.27,0.01,32,39264,买盘
1135,10:07:36,12.26,--,3,3678,卖盘
1136,10:07:31,12.26,-0.01,3,3678,卖盘
1137,10:07:25,12.27,0.01,7,8589,买盘
1138,10:07:06,12.26,--,8,9808,买盘
1139,10:06:55,12.26,--,20,24520,买盘
1140,10:06:46,12.26,--,7,8582,买盘
1141,10:06:40,12.26,--,10,12260,买盘
1142,10:06:36,12.26,--,5,6130,买盘
1143,10:06:31,12.26,--,7,8582,买盘
1144,10:06:10,12.26,0.01,7,8582,买盘
1145,10:06:01,12.25,-0.01,53,64925,卖盘
1146,10:05:55,12.26,0.01,7,8582,买盘
1147,10:05:45,12.25,-0.01,20,24500,卖盘
1148,10:05:40,12.26,--,26,31876,买盘
1149,10:05:30,12.26,--,7,8582,买盘
1150,10:05:25,12.26,--,14,17164,卖盘
1151,10:05:15,12.26,--,3,3678,买盘
1152,10:04:55,12.26,0.01,7,8582,买盘
1153,10:04:40,12.25,--,27,33075,卖盘
1154,10:04:36,12.25,-0.01,1,1225,卖盘
1155,10:04:25,12.26,-0.01,13,15938,卖盘
1156,10:04:21,12.27,-0.01,1,1227,卖盘
1157,10:04:15,12.28,0.01,7,8596,买盘
1158,10:04:00,12.27,--,6,7362,买盘
1159,10:03:50,12.27,-0.01,10,12270,卖盘
1160,10:03:40,12.28,--,13,15964,买盘
1161,10:03:25,12.28,--,7,8596,买盘
1162,10:03:10,12.28,--,13,15964,买盘
1163,10:03:00,12.28,--,8,9824,买盘
1164,10:02:45,12.28,--,7,8596,买盘
1165,10:02:25,12.28,--,69,84732,卖盘
1166,10:02:10,12.28,-0.03,46,56488,卖盘
1167,10:01:55,12.31,--,6,7386,买盘
1168,10:01:49,12.31,0.01,7,8617,买盘
1169,10:01:45,12.3,--,100,123000,卖盘
1170,10:01:34,12.3,-0.01,60,73800,卖盘
1171,10:01:30,12.31,0.01,7,8617,买盘
1172,10:01:25,12.3,--,10,12300,卖盘
1173,10:01:15,12.3,-0.01,44,54120,卖盘
1174,10:01:10,12.31,--,17,20927,买盘
1175,10:00:55,12.31,0.01,7,8617,买盘
1176,10:00:40,12.3,-0.01,6,7380,卖盘
1177,10:00:34,12.31,--,12,14772,买盘
1178,10:00:15,12.31,0.01,7,8617,买盘
1179,10:00:10,12.3,-0.01,40,49200,卖盘
1180,09:59:54,12.31,--,9,11079,买盘
1181,09:59:49,12.31,--,10,12310,买盘
1182,09:59:39,12.31,0.01,17,20927,买盘
1183,09:59:30,12.3,-0.01,39,47970,卖盘
1184,09:59:19,12.31,0.01,47,57857,买盘
1185,09:59:04,12.3,--,30,36900,卖盘
1186,09:58:54,12.3,0.02,39,47970,买盘
1187,09:58:49,12.28,-0.02,20,24560,卖盘
1188,09:58:39,12.3,--,9,11070,买盘
1189,09:58:34,12.3,-0.01,12,14760,卖盘
1190,09:58:30,12.31,--,9,11079,买盘
1191,09:58:24,12.31,--,7,8617,买盘
1192,09:58:15,12.31,--,6,8124,卖盘
1193,09:58:00,12.31,0.01,3,4185,买盘
1194,09:57:54,12.3,-0.01,52,64698,卖盘
1195,09:57:45,12.31,-0.01,7,8617,买盘
1196,09:57:39,12.32,0.01,5,6160,卖盘
1197,09:57:24,12.31,--,100,123100,卖盘
1198,09:57:19,12.31,-0.01,106,130486,卖盘
1199,09:57:09,12.32,-0.01,7,8624,买盘
1200,09:56:59,12.33,--,0,0,买盘
1201,09:56:54,12.33,--,0,0,买盘
1202,09:56:49,12.33,0.03,7,8631,买盘
1203,09:56:45,12.3,--,20,24600,卖盘
1204,09:56:39,12.3,--,35,43050,卖盘
1205,09:56:34,12.3,-0.02,69,84870,卖盘
1206,09:56:30,12.32,0.01,124,152768,买盘
1207,09:56:24,12.31,0.01,2,2462,买盘
1208,09:56:19,12.3,-0.01,27,33210,卖盘
1209,09:56:14,12.31,--,10,12310,买盘
1210,09:56:09,12.31,--,20,24620,买盘
1211,09:55:54,12.31,--,7,8617,买盘
1212,09:55:49,12.31,--,19,23389,卖盘
1213,09:55:34,12.31,--,22,27082,卖盘
1214,09:55:24,12.31,--,25,30775,买盘
1215,09:55:13,12.31,0.01,7,8617,买盘
1216,09:55:09,12.3,--,588,723732,买盘
1217,09:54:54,12.3,--,7,8610,买盘
1218,09:54:49,12.3,--,3,3690,买盘
1219,09:54:43,12.3,0.03,869,1068870,买盘
1220,09:54:39,12.27,--,2,2454,买盘
1221,09:54:28,12.27,-0.03,8,9816,卖盘
1222,09:54:19,12.3,0.03,134,164820,买盘
1223,09:54:04,12.27,0.01,99,121473,买盘
1224,09:53:58,12.26,--,10,12260,买盘
1225,09:53:49,12.26,--,10,12260,买盘
1226,09:53:43,12.26,0.01,7,8582,买盘
1227,09:53:39,12.25,-0.01,33,40425,卖盘
1228,09:53:24,12.26,-0.01,41,50266,卖盘
1229,09:53:13,12.27,0.01,5,6135,买盘
1230,09:53:03,12.26,--,56,68656,买盘
1231,09:52:58,12.26,0.01,12,14712,买盘
1232,09:52:43,12.25,--,6,7350,买盘
1233,09:52:33,12.25,0.01,12,14700,买盘
1234,09:52:28,12.24,-0.01,50,61200,卖盘
1235,09:52:18,12.25,-0.01,3,3675,买盘
1236,09:52:13,12.26,--,0,0,买盘
1237,09:52:09,12.26,0.01,7,8582,买盘
1238,09:52:03,12.25,--,6,7350,卖盘
1239,09:51:48,12.25,--,1,1225,买盘
1240,09:51:43,12.25,--,0,0,买盘
1241,09:51:28,12.25,-0.01,7,8575,中性盘
1242,09:51:24,12.26,--,20,24520,买盘
1243,09:51:18,12.26,--,0,0,买盘
1244,09:51:13,12.26,--,17,20842,买盘
1245,09:50:54,12.26,--,7,8582,买盘
1246,09:50:33,12.26,--,7,8582,买盘
1247,09:50:13,12.26,--,7,8582,买盘
1248,09:49:58,12.26,--,12,14712,卖盘
1249,09:49:38,12.26,0.03,2,2452,买盘
1250,09:49:33,12.23,--,2,2446,卖盘
1251,09:49:28,12.23,--,31,37913,买盘
1252,09:49:18,12.23,--,7,8561,买盘
1253,09:49:08,12.23,-0.02,159,194457,卖盘
1254,09:48:58,12.25,--,3,3675,买盘
1255,09:48:43,12.25,0.02,7,8575,买盘
1256,09:48:38,12.23,-0.04,30,36690,卖盘
1257,09:48:33,12.27,--,0,0,买盘
1258,09:48:28,12.27,--,2,2454,买盘
1259,09:48:23,12.27,0.04,7,8589,买盘
1260,09:48:18,12.23,-0.02,20,24460,卖盘
1261,09:48:13,12.25,-0.02,1,1225,卖盘
1262,09:48:03,12.27,--,7,8589,买盘
1263,09:47:43,12.27,-0.01,38,46626,卖盘
1264,09:47:37,12.28,0.01,10,12280,买盘
1265,09:47:33,12.27,-0.01,1,1227,卖盘
1266,09:47:28,12.28,0.01,7,8596,买盘
1267,09:47:18,12.27,--,20,24540,卖盘
1268,09:47:03,12.27,--,19,23313,买盘
1269,09:46:58,12.27,--,14,17178,买盘
1270,09:46:48,12.27,0.02,13,15951,买盘
1271,09:46:33,12.25,--,5,6125,卖盘
1272,09:46:28,12.25,--,4,4900,买盘
1273,09:46:12,12.25,0.03,9,11025,买盘
1274,09:46:07,12.22,-0.01,2,2444,卖盘
1275,09:46:03,12.23,-0.02,4,4892,卖盘
1276,09:45:52,12.25,--,22,26950,买盘
1277,09:45:37,12.25,--,7,8575,买盘
1278,09:45:27,12.25,--,5,6125,买盘
1279,09:45:22,12.25,0.03,30,36750,买盘
1280,09:45:18,12.22,-0.03,30,36660,卖盘
1281,09:45:12,12.25,--,22,26950,买盘
1282,09:44:57,12.25,-0.03,7,8575,买盘
1283,09:44:52,12.28,--,1,1228,买盘
1284,09:44:37,12.28,0.07,7,8596,买盘
1285,09:44:32,12.21,-0.08,50,61050,卖盘
1286,09:44:22,12.29,--,0,0,买盘
1287,09:44:17,12.29,--,17,20893,买盘
1288,09:44:12,12.29,0.08,5,6145,买盘
1289,09:44:03,12.21,-0.08,100,122100,卖盘
1290,09:43:57,12.29,--,65,79885,买盘
1291,09:43:52,12.29,--,75,92175,卖盘
1292,09:43:48,12.29,-0.01,4,4916,卖盘
1293,09:43:42,12.3,--,24,29520,买盘
1294,09:43:37,12.3,--,37,46248,卖盘
1295,09:43:33,12.3,-0.02,50,61500,卖盘
1296,09:43:27,12.32,-0.01,8,9856,买盘
1297,09:43:22,12.33,0.01,20,24660,买盘
1298,09:43:18,12.32,--,15,18480,卖盘
1299,09:43:07,12.32,--,43,53468,买盘
1300,09:43:02,12.32,--,0,0,买盘
1301,09:42:57,12.32,0.01,16,19712,买盘
1302,09:42:52,12.31,0.01,3,3693,中性盘
1303,09:42:47,12.3,-0.02,1,1230,卖盘
1304,09:42:42,12.32,0.02,29,35728,买盘
1305,09:42:32,12.3,--,89,109470,买盘
1306,09:42:27,12.3,--,9,11070,买盘
1307,09:42:22,12.3,--,4,4920,买盘
1308,09:42:12,12.3,0.01,18,22140,买盘
1309,09:42:02,12.29,0.01,8,9832,买盘
1310,09:41:47,12.28,0.02,66,81048,买盘
1311,09:41:42,12.26,-0.01,1,1226,中性盘
1312,09:41:37,12.27,--,76,93252,卖盘
1313,09:41:27,12.27,0.02,70,85890,买盘
1314,09:41:22,12.25,--,103,126175,卖盘
1315,09:41:17,12.25,--,30,36750,卖盘
1316,09:41:12,12.25,--,14,17150,卖盘
1317,09:41:07,12.25,0.01,132,161700,买盘
1318,09:40:52,12.24,0.01,10,12240,卖盘
1319,09:40:47,12.23,--,4,4892,买盘
1320,09:40:42,12.23,--,5,6115,买盘
1321,09:40:37,12.23,-0.01,21,25683,卖盘
1322,09:40:32,12.24,0.01,97,118728,买盘
1323,09:40:17,12.23,--,4,4892,卖盘
1324,09:40:12,12.23,0.01,44,53812,卖盘
1325,09:39:57,12.22,--,9,10998,买盘
1326,09:39:52,12.22,-0.03,25,30550,卖盘
1327,09:39:46,12.25,--,53,64925,买盘
1328,09:39:42,12.25,--,10,12250,买盘
1329,09:39:37,12.25,--,92,112700,卖盘
1330,09:39:27,12.25,--,92,112700,卖盘
1331,09:39:12,12.25,-0.02,5,6125,卖盘
1332,09:39:06,12.27,0.02,12,14724,买盘
1333,09:39:01,12.25,--,30,36750,卖盘
1334,09:38:57,12.25,-0.02,50,61250,卖盘
1335,09:38:51,12.27,0.02,146,179142,买盘
1336,09:38:42,12.25,--,12,14700,买盘
1337,09:38:36,12.25,--,122,149450,卖盘
1338,09:38:31,12.25,-0.02,64,78400,卖盘
1339,09:38:27,12.27,--,5,6135,买盘
1340,09:38:21,12.27,0.02,10,12270,买盘
1341,09:38:12,12.25,-0.03,20,24500,卖盘
1342,09:38:06,12.28,--,0,0,买盘
1343,09:38:01,12.28,0.05,8,9824,买盘
1344,09:37:51,12.23,-0.01,300,366900,卖盘
1345,09:37:46,12.24,--,100,122400,卖盘
1346,09:37:42,12.24,--,43,52632,买盘
1347,09:37:36,12.24,--,47,57528,买盘
1348,09:37:31,12.24,0.01,10,12240,买盘
1349,09:37:27,12.23,0.04,48,58704,买盘
1350,09:37:21,12.19,-0.04,35,42665,卖盘
1351,09:37:16,12.23,0.04,19,23237,买盘
1352,09:37:12,12.19,-0.04,19,23161,卖盘
1353,09:37:06,12.23,--,18,22014,买盘
1354,09:37:01,12.23,0.05,68,83164,买盘
1355,09:36:51,12.18,--,89,108402,买盘
1356,09:36:46,12.18,--,10,12180,买盘
1357,09:36:36,12.18,--,0,0,买盘
1358,09:36:31,12.18,0.02,80,97440,买盘
1359,09:36:16,12.16,0.01,44,53504,买盘
1360,09:36:11,12.15,--,21,25515,卖盘
1361,09:35:56,12.15,0.01,156,189540,买盘
1362,09:35:51,12.14,-0.01,378,458892,卖盘
1363,09:35:46,12.15,--,12,14580,买盘
1364,09:35:41,12.15,--,127,154305,买盘
1365,09:35:36,12.15,0.01,37,44955,买盘
1366,09:35:31,12.14,-0.01,26,31564,卖盘
1367,09:35:26,12.15,--,50,60750,买盘
1368,09:35:21,12.15,--,8,9720,买盘
1369,09:35:16,12.15,--,1,1215,买盘
1370,09:35:06,12.15,-0.01,194,235710,卖盘
1371,09:35:01,12.16,--,22,26752,买盘
1372,09:34:56,12.16,--,2,2432,买盘
1373,09:34:51,12.16,--,21,25536,买盘
1374,09:34:46,12.16,--,44,53504,卖盘
1375,09:34:41,12.16,0.03,11,13376,买盘
1376,09:34:36,12.13,--,0,0,卖盘
1377,09:34:31,12.13,-0.03,33,40029,卖盘
1378,09:34:21,12.16,-0.01,4,4864,中性盘
1379,09:34:16,12.17,0.01,14,17038,买盘
1380,09:34:11,12.16,-0.01,10,12160,卖盘
1381,09:34:06,12.17,-0.01,40,48680,买盘
1382,09:34:01,12.18,--,0,0,买盘
1383,09:33:46,12.18,--,0,0,买盘
1384,09:33:41,12.18,-0.01,23,28014,卖盘
1385,09:33:31,12.19,0.01,183,223077,买盘
1386,09:33:26,12.18,--,10,12180,卖盘
1387,09:33:16,12.18,--,161,196098,买盘
1388,09:33:06,12.18,--,3,3654,买盘
1389,09:32:56,12.18,--,31,37758,卖盘
1390,09:32:51,12.18,-0.01,20,24360,卖盘
1391,09:32:45,12.19,--,10,12190,买盘
1392,09:32:30,12.19,--,0,0,买盘
1393,09:32:26,12.19,--,5,6095,买盘
1394,09:32:15,12.19,--,54,65826,买盘
1395,09:32:11,12.19,0.01,282,343758,买盘
1396,09:32:06,12.18,--,42,51156,卖盘
1397,09:32:00,12.18,-0.02,26,31668,卖盘
1398,09:31:55,12.2,0.02,5,6100,买盘
1399,09:31:51,12.18,--,2,2436,卖盘
1400,09:31:45,12.18,-0.02,12,14616,卖盘
1401,09:31:40,12.2,--,0,0,买盘
1402,09:31:36,12.2,0.02,467,569740,买盘
1403,09:31:25,12.18,--,5,6090,买盘
1404,09:31:21,12.18,-0.01,49,59682,卖盘
1405,09:31:15,12.19,--,27,32913,卖盘
1406,09:31:06,12.19,--,60,73140,买盘
1407,09:31:00,12.19,--,152,185288,卖盘
1408,09:30:55,12.19,--,40,48760,买盘
1409,09:30:51,12.19,--,25,30475,卖盘
1410,09:30:45,12.19,--,22,26818,卖盘
1411,09:30:40,12.19,--,71,86549,买盘
1412,09:30:30,12.19,0.02,100,121900,买盘
1413,09:30:25,12.17,0.06,3,3651,买盘
1414,09:30:10,12.11,--,40,48440,卖盘
1415,09:30:06,12.11,0.02,86,104146,买盘
1416,09:28:45,12.09,--,0,0,买盘
1417,09:25:02,12.09,12.09,170,205530,买盘
