,time,price,change,volume,amount,type
0,15:00:00,11.05,--,0,0,卖盘
1,15:00:00,11.05,--,20,22100,卖盘
2,14:59:57,11.05,--,58,64090,卖盘
3,14:59:51,11.05,--,21,23205,卖盘
4,14:59:46,11.05,0.01,140,154943,买盘
5,14:59:42,11.04,-0.01,121,133584,卖盘
6,14:59:31,11.05,--,56,61880,买盘
7,14:59:27,11.05,--,188,208601,卖盘
8,14:59:21,11.05,--,18,19890,卖盘
9,14:59:16,11.05,--,40,44984,卖盘
10,14:59:12,11.05,--,4,4420,卖盘
11,14:59:06,11.05,-0.01,2,2762,卖盘
12,14:59:01,11.06,0.01,386,426927,买盘
13,14:58:57,11.05,--,188,207740,买盘
14,14:58:51,11.05,0.01,25,27625,买盘
15,14:58:46,11.04,--,111,122543,卖盘
16,14:58:42,11.04,--,343,378671,卖盘
17,14:58:36,11.04,--,5,5520,卖盘
18,14:58:31,11.04,--,73,80592,卖盘
19,14:58:27,11.04,--,137,151248,卖盘
20,14:58:21,11.04,-0.01,30,33120,卖盘
21,14:58:16,11.05,--,298,329290,买盘
22,14:58:12,11.05,--,55,60775,买盘
23,14:58:06,11.05,0.01,3,3315,买盘
24,14:58:01,11.04,--,246,271584,卖盘
25,14:57:57,11.04,-0.01,138,152352,卖盘
26,14:57:51,11.05,0.01,25,27625,买盘
27,14:57:46,11.04,--,829,915215,卖盘
28,14:57:42,11.04,--,119,131376,卖盘
29,14:57:36,11.04,-0.01,20,22080,卖盘
30,14:57:31,11.05,0.01,46,50830,买盘
31,14:57:26,11.04,--,32,35328,卖盘
32,14:57:21,11.04,-0.01,10,11040,卖盘
33,14:57:16,11.05,0.01,92,101660,买盘
34,14:57:11,11.04,--,333,367632,卖盘
35,14:57:06,11.04,--,12,13247,卖盘
36,14:57:01,11.04,-0.01,10,11040,卖盘
37,14:56:56,11.05,0.01,126,139230,买盘
38,14:56:51,11.04,-0.01,6,6623,卖盘
39,14:56:46,11.05,0.01,18,20000,买盘
40,14:56:41,11.04,-0.01,110,121439,卖盘
41,14:56:36,11.05,0.01,33,36465,买盘
42,14:56:31,11.04,-0.01,31,34224,卖盘
43,14:56:26,11.05,0.01,198,218790,买盘
44,14:56:21,11.04,-0.01,16,17664,卖盘
45,14:56:16,11.05,0.01,189,208845,买盘
46,14:56:11,11.04,-0.01,5,5520,卖盘
47,14:56:06,11.05,--,123,135915,买盘
48,14:56:01,11.05,0.01,259,286195,买盘
49,14:55:56,11.04,--,146,161184,卖盘
50,14:55:51,11.04,--,30,33120,卖盘
51,14:55:41,11.04,-0.01,20,22080,卖盘
52,14:55:36,11.05,0.01,25,27625,买盘
53,14:55:31,11.04,--,39,43056,卖盘
54,14:55:26,11.04,--,11,12143,卖盘
55,14:55:21,11.04,--,28,30911,买盘
56,14:55:16,11.04,0.01,40,44160,卖盘
57,14:55:11,11.03,--,29,31986,卖盘
58,14:55:06,11.03,-0.01,44,48532,卖盘
59,14:55:01,11.04,0.01,20,22080,买盘
60,14:54:56,11.03,-0.01,86,94858,卖盘
61,14:54:46,11.04,--,77,85008,买盘
62,14:54:41,11.04,--,70,77390,卖盘
63,14:54:36,11.04,--,15,16560,卖盘
64,14:54:31,11.04,--,49,55089,买盘
65,14:54:26,11.04,--,11,12143,买盘
66,14:54:21,11.04,0.01,10,11040,买盘
67,14:54:16,11.03,--,92,101476,卖盘
68,14:54:11,11.03,--,101,111403,卖盘
69,14:54:01,11.03,-0.02,232,255895,卖盘
70,14:53:56,11.05,0.01,61,67405,买盘
71,14:53:51,11.04,-0.01,4,4416,卖盘
72,14:53:46,11.05,0.01,50,55250,买盘
73,14:53:41,11.04,-0.01,5,5520,中性盘
74,14:53:36,11.05,--,48,53040,买盘
75,14:53:31,11.05,0.02,46,50830,买盘
76,14:53:25,11.03,--,62,68386,卖盘
77,14:53:21,11.03,--,35,38605,卖盘
78,14:53:15,11.03,--,19,20957,卖盘
79,14:53:10,11.03,-0.02,45,49635,卖盘
80,14:53:06,11.05,0.02,62,68510,买盘
81,14:53:00,11.03,--,3,3309,卖盘
82,14:52:55,11.03,--,31,34193,卖盘
83,14:52:51,11.03,-0.02,15,16545,卖盘
84,14:52:45,11.05,--,49,55139,卖盘
85,14:52:40,11.05,--,96,106080,卖盘
86,14:52:36,11.05,--,67,74035,卖盘
87,14:52:30,11.05,--,11,12155,卖盘
88,14:52:25,11.05,--,175,193375,卖盘
89,14:52:21,11.05,0.03,854,943780,买盘
90,14:52:15,11.02,--,6,6612,卖盘
91,14:52:10,11.02,--,30,33060,卖盘
92,14:52:06,11.02,--,26,28652,卖盘
93,14:52:00,11.02,-0.01,67,73834,卖盘
94,14:51:55,11.03,--,20,22060,买盘
95,14:51:51,11.03,0.01,151,166553,买盘
96,14:51:45,11.02,-0.01,20,22040,卖盘
97,14:51:40,11.03,0.01,108,119124,买盘
98,14:51:36,11.02,-0.01,274,301948,卖盘
99,14:51:30,11.03,--,10,11030,买盘
100,14:51:25,11.03,--,43,47429,买盘
101,14:51:21,11.03,0.01,104,114712,买盘
102,14:51:15,11.02,-0.01,36,39672,卖盘
103,14:51:10,11.03,0.01,17,18751,买盘
104,14:51:06,11.02,-0.01,3,3306,卖盘
105,14:51:00,11.03,0.01,69,76107,买盘
106,14:50:55,11.02,-0.01,178,196156,卖盘
107,14:50:51,11.03,0.01,66,72798,买盘
108,14:50:45,11.02,-0.01,15,16530,卖盘
109,14:50:40,11.03,--,154,169862,卖盘
110,14:50:36,11.03,-0.01,79,87137,卖盘
111,14:50:30,11.04,0.01,3,3311,买盘
112,14:50:20,11.03,--,4,4412,卖盘
113,14:50:15,11.03,-0.01,4,4412,卖盘
114,14:50:10,11.04,--,29,32015,卖盘
115,14:50:05,11.04,--,57,62927,买盘
116,14:50:00,11.04,0.01,13,14351,买盘
117,14:49:55,11.03,-0.01,30,33090,卖盘
118,14:49:50,11.04,0.01,39,43056,买盘
119,14:49:45,11.03,0.01,24,26472,买盘
120,14:49:40,11.02,-0.01,305,336110,卖盘
121,14:49:35,11.03,-0.01,6,6618,中性盘
122,14:49:30,11.04,--,1,1104,买盘
123,14:49:25,11.04,--,30,33120,买盘
124,14:49:20,11.04,0.01,391,431663,买盘
125,14:49:15,11.03,--,6,6618,卖盘
126,14:49:10,11.03,--,6,6618,卖盘
127,14:49:05,11.03,-0.01,24,26472,卖盘
128,14:49:00,11.04,0.01,5,5520,买盘
129,14:48:55,11.03,-0.01,106,116918,卖盘
130,14:48:50,11.04,--,132,145728,买盘
131,14:48:40,11.04,0.01,22,24287,买盘
132,14:48:35,11.03,-0.01,5,5515,卖盘
133,14:48:30,11.04,0.01,2,2208,买盘
134,14:48:25,11.03,-0.01,6,6618,卖盘
135,14:48:20,11.04,--,29,32015,买盘
136,14:48:10,11.04,--,4,4416,买盘
137,14:48:05,11.04,0.01,38,41952,买盘
138,14:47:55,11.03,--,6,6618,卖盘
139,14:47:50,11.03,-0.01,53,58459,卖盘
140,14:47:45,11.04,--,1,1104,买盘
141,14:47:40,11.04,0.02,4,4416,买盘
142,14:47:30,11.02,--,0,0,卖盘
143,14:47:25,11.02,-0.02,730,804999,卖盘
144,14:47:20,11.04,--,52,57407,买盘
145,14:47:15,11.04,0.02,1,1104,买盘
146,14:47:10,11.02,-0.01,16,18579,卖盘
147,14:47:05,11.03,--,32,35296,卖盘
148,14:47:00,11.03,--,26,28678,卖盘
149,14:46:55,11.03,--,252,278452,卖盘
150,14:46:50,11.03,--,13,14339,卖盘
151,14:46:39,11.03,-0.01,321,354063,卖盘
152,14:46:35,11.04,--,54,59615,买盘
153,14:46:30,11.04,-0.01,66,72864,买盘
154,14:46:20,11.05,--,0,0,买盘
155,14:46:15,11.05,--,59,65195,买盘
156,14:46:09,11.05,--,0,0,买盘
157,14:46:04,11.05,--,20,22100,买盘
158,14:46:00,11.05,0.01,441,487305,买盘
159,14:45:54,11.04,-0.01,195,215346,卖盘
160,14:45:50,11.05,--,1,1105,买盘
161,14:45:39,11.05,--,17,18785,卖盘
162,14:45:34,11.05,--,89,98345,卖盘
163,14:45:30,11.05,--,6,6630,卖盘
164,14:45:24,11.05,-0.01,154,170170,卖盘
165,14:45:19,11.06,-0.01,58,64148,卖盘
166,14:45:09,11.07,--,25,27675,买盘
167,14:45:04,11.07,--,5,5535,买盘
168,14:45:00,11.07,0.02,265,293421,买盘
169,14:44:49,11.05,-0.02,1,1105,卖盘
170,14:44:45,11.07,--,11,12708,卖盘
171,14:44:34,11.07,--,357,395199,卖盘
172,14:44:30,11.07,--,44,48708,卖盘
173,14:44:24,11.07,0.02,542,600569,买盘
174,14:44:19,11.05,--,72,79560,买盘
175,14:44:14,11.05,--,15,16575,买盘
176,14:44:09,11.05,0.01,10,11050,买盘
177,14:44:04,11.04,--,77,85416,卖盘
178,14:44:00,11.04,-0.01,188,207618,卖盘
179,14:43:54,11.05,0.01,63,70686,买盘
180,14:43:49,11.04,-0.01,32,35328,卖盘
181,14:43:45,11.05,--,100,110500,买盘
182,14:43:39,11.05,--,4,4420,买盘
183,14:43:34,11.05,--,74,81770,买盘
184,14:43:29,11.05,--,37,40885,买盘
185,14:43:24,11.05,0.01,25,27625,买盘
186,14:43:19,11.04,-0.01,15,16560,卖盘
187,14:43:15,11.05,0.01,4,4420,买盘
188,14:43:09,11.04,--,1,1104,卖盘
189,14:43:04,11.04,--,135,149459,卖盘
190,14:43:00,11.04,--,99,109295,卖盘
191,14:42:54,11.04,-0.01,15,16560,卖盘
192,14:42:49,11.05,0.01,53,58565,买盘
193,14:42:44,11.04,-0.01,16,17664,卖盘
194,14:42:34,11.05,--,15,16575,买盘
195,14:42:29,11.05,0.01,31,34255,买盘
196,14:42:24,11.04,-0.01,22,24287,卖盘
197,14:42:19,11.05,--,3,3315,买盘
198,14:42:14,11.05,0.01,12,13260,买盘
199,14:42:09,11.04,-0.01,45,49679,卖盘
200,14:41:49,11.05,--,10,11050,买盘
201,14:41:44,11.05,--,10,11050,买盘
202,14:41:34,11.05,--,169,186745,买盘
203,14:41:29,11.05,0.01,45,49725,买盘
204,14:41:19,11.04,-0.01,1,1104,卖盘
205,14:41:14,11.05,0.01,31,34255,买盘
206,14:41:04,11.04,--,8,8832,卖盘
207,14:40:59,11.04,--,5,5520,卖盘
208,14:40:49,11.04,--,12,13247,卖盘
209,14:40:44,11.04,--,10,11735,卖盘
210,14:40:34,11.04,--,56,62375,买盘
211,14:40:19,11.04,0.01,109,120335,买盘
212,14:40:14,11.03,--,85,93755,卖盘
213,14:40:09,11.03,-0.01,6,6618,卖盘
214,14:40:04,11.04,0.01,121,133584,买盘
215,14:39:59,11.03,--,18,19854,卖盘
216,14:39:54,11.03,--,14,15442,卖盘
217,14:39:48,11.03,0.01,106,117458,买盘
218,14:39:44,11.02,--,43,48322,卖盘
219,14:39:39,11.02,-0.01,32,35264,卖盘
220,14:39:33,11.03,0.01,38,41914,买盘
221,14:39:29,11.02,--,110,121220,卖盘
222,14:39:24,11.02,--,5,5510,卖盘
223,14:39:18,11.02,--,20,22040,卖盘
224,14:39:14,11.02,-0.01,5,5510,卖盘
225,14:38:59,11.03,--,110,121892,卖盘
226,14:38:54,11.03,--,15,16545,卖盘
227,14:38:44,11.03,--,86,95773,卖盘
228,14:38:39,11.03,--,36,39708,卖盘
229,14:38:33,11.03,--,20,22060,卖盘
230,14:38:29,11.03,-0.01,49,54047,卖盘
231,14:38:24,11.04,0.01,44,48575,买盘
232,14:38:18,11.03,-0.01,61,67283,卖盘
233,14:38:13,11.04,--,10,11040,买盘
234,14:38:09,11.04,--,44,49127,卖盘
235,14:38:03,11.04,--,108,119231,卖盘
236,14:37:58,11.04,--,63,69552,卖盘
237,14:37:54,11.04,--,51,56303,卖盘
238,14:37:48,11.04,-0.01,25,27599,卖盘
239,14:37:43,11.05,0.01,34,38465,买盘
240,14:37:39,11.04,--,3,3311,卖盘
241,14:37:33,11.04,--,4,4416,卖盘
242,14:37:28,11.04,--,1,1104,卖盘
243,14:37:23,11.04,-0.01,12,13247,卖盘
244,14:37:18,11.05,0.01,2,2210,买盘
245,14:37:13,11.04,-0.01,10,11040,卖盘
246,14:37:08,11.05,--,10,11050,买盘
247,14:36:58,11.05,--,80,88400,买盘
248,14:36:53,11.05,0.01,20,22100,买盘
249,14:36:48,11.04,--,12,14009,买盘
250,14:36:43,11.04,--,26,28836,卖盘
251,14:36:38,11.04,-0.01,26,28703,卖盘
252,14:36:33,11.05,0.01,7,7735,买盘
253,14:36:23,11.04,--,216,238463,卖盘
254,14:36:18,11.04,-0.01,7,7727,卖盘
255,14:36:13,11.05,0.01,20,22100,买盘
256,14:36:08,11.04,--,41,45264,卖盘
257,14:36:03,11.04,--,5,5520,卖盘
258,14:35:58,11.04,-0.01,14,15455,卖盘
259,14:35:48,11.05,0.01,2,2210,买盘
260,14:35:43,11.04,--,75,83683,卖盘
261,14:35:33,11.04,-0.01,141,155664,卖盘
262,14:35:28,11.05,0.01,53,58565,买盘
263,14:35:23,11.04,--,22,24287,卖盘
264,14:35:18,11.04,--,5,5520,卖盘
265,14:35:13,11.04,--,14,15455,卖盘
266,14:35:08,11.04,--,35,38640,卖盘
267,14:35:03,11.04,0.01,73,80680,买盘
268,14:34:53,11.03,-0.01,8,8824,卖盘
269,14:34:48,11.04,0.01,41,45264,买盘
270,14:34:43,11.03,-0.01,45,50550,卖盘
271,14:34:38,11.04,0.01,10,11040,买盘
272,14:34:28,11.03,-0.01,2,2206,卖盘
273,14:34:23,11.04,0.01,101,112420,买盘
274,14:34:18,11.03,0.01,13,14339,卖盘
275,14:34:13,11.02,-0.01,91,100282,卖盘
276,14:34:08,11.03,--,41,45223,买盘
277,14:34:03,11.03,0.01,110,121330,买盘
278,14:33:58,11.02,--,8,8816,卖盘
279,14:33:53,11.02,-0.01,52,57304,卖盘
280,14:33:43,11.03,--,49,54995,买盘
281,14:33:38,11.03,--,6,6618,买盘
282,14:33:33,11.03,--,14,15442,买盘
283,14:33:28,11.03,-0.01,20,22060,买盘
284,14:33:23,11.04,0.01,147,162288,买盘
285,14:33:08,11.03,--,32,35483,卖盘
286,14:33:03,11.03,--,10,11030,卖盘
287,14:32:57,11.03,--,25,27575,卖盘
288,14:32:53,11.03,--,120,132360,卖盘
289,14:32:48,11.03,--,79,87137,卖盘
290,14:32:42,11.03,--,31,35108,卖盘
291,14:32:38,11.03,-0.01,2,2206,卖盘
292,14:32:23,11.04,--,99,109671,卖盘
293,14:32:18,11.04,--,25,27599,卖盘
294,14:32:12,11.04,--,2,2208,卖盘
295,14:32:08,11.04,--,138,152352,卖盘
296,14:32:03,11.04,--,95,104879,卖盘
297,14:31:48,11.04,-0.01,43,48366,卖盘
298,14:31:38,11.05,0.01,10,11050,买盘
299,14:31:27,11.04,--,83,91632,卖盘
300,14:31:23,11.04,--,46,50783,卖盘
301,14:31:18,11.04,--,5,5520,卖盘
302,14:31:12,11.04,-0.01,32,35328,卖盘
303,14:31:08,11.05,0.01,26,28730,买盘
304,14:31:03,11.04,--,9,9936,卖盘
305,14:30:57,11.04,--,15,16560,卖盘
306,14:30:53,11.04,--,5,5520,卖盘
307,14:30:48,11.04,--,11,12143,卖盘
308,14:30:42,11.04,-0.01,29,32899,卖盘
309,14:30:37,11.05,0.01,42,46410,买盘
310,14:30:33,11.04,--,13,14351,卖盘
311,14:30:27,11.04,--,267,294768,卖盘
312,14:30:22,11.04,--,19,20976,卖盘
313,14:30:18,11.04,--,115,126959,卖盘
314,14:30:12,11.04,--,6,6623,卖盘
315,14:30:08,11.04,--,21,23184,卖盘
316,14:30:03,11.04,-0.01,7,7727,卖盘
317,14:29:52,11.05,0.01,3,3315,买盘
318,14:29:47,11.04,--,12,13247,卖盘
319,14:29:42,11.04,-0.01,125,138894,卖盘
320,14:29:37,11.05,--,2,2210,买盘
321,14:29:22,11.05,--,17,18785,买盘
322,14:29:17,11.05,--,45,49725,卖盘
323,14:29:07,11.05,--,5,5525,卖盘
324,14:28:57,11.05,-0.01,10,11050,卖盘
325,14:28:52,11.06,0.02,6,6636,买盘
326,14:28:47,11.04,-0.01,33,36432,卖盘
327,14:28:42,11.05,--,55,61670,卖盘
328,14:28:37,11.05,--,155,171960,买盘
329,14:28:32,11.05,--,10,11050,买盘
330,14:28:27,11.05,0.01,20,22100,买盘
331,14:28:22,11.04,--,23,25391,卖盘
332,14:28:02,11.04,-0.01,5,5520,卖盘
333,14:27:57,11.05,--,6,7049,卖盘
334,14:27:52,11.05,0.01,96,106765,买盘
335,14:27:47,11.04,--,17,18768,卖盘
336,14:27:42,11.04,-0.01,125,138894,卖盘
337,14:27:37,11.05,--,5,5525,买盘
338,14:27:22,11.05,-0.01,73,81084,卖盘
339,14:27:17,11.06,0.01,10,11060,买盘
340,14:27:07,11.05,--,19,20995,卖盘
341,14:26:52,11.05,--,3,3315,卖盘
342,14:26:47,11.05,--,5,5525,卖盘
343,14:26:42,11.05,--,25,28486,卖盘
344,14:26:37,11.05,--,5,5525,卖盘
345,14:26:32,11.05,--,1,1105,卖盘
346,14:26:26,11.05,-0.01,10,11050,卖盘
347,14:26:22,11.06,0.01,2,2212,买盘
348,14:26:17,11.05,-0.01,30,33150,卖盘
349,14:26:07,11.06,--,1053,1164618,买盘
350,14:26:02,11.06,--,3,3318,买盘
351,14:25:57,11.06,--,20,22650,卖盘
352,14:25:42,11.06,--,40,45080,卖盘
353,14:25:36,11.06,--,22,24332,卖盘
354,14:25:26,11.06,--,31,34286,卖盘
355,14:25:12,11.06,--,5,5530,卖盘
356,14:25:05,11.06,--,100,110600,卖盘
357,14:24:47,11.06,--,30,33180,卖盘
358,14:24:42,11.06,-0.02,78,87108,卖盘
359,14:24:36,11.08,0.02,4,4432,买盘
360,14:24:27,11.06,-0.02,14,15484,卖盘
361,14:24:17,11.08,--,7,7756,买盘
362,14:24:12,11.08,0.02,5,5540,买盘
363,14:23:56,11.06,-0.02,226,250619,卖盘
364,14:23:51,11.08,--,8,8864,卖盘
365,14:23:42,11.08,--,30,34037,卖盘
366,14:23:32,11.08,--,68,76097,买盘
367,14:23:27,11.08,--,5,5540,买盘
368,14:23:12,11.08,0.02,5,5540,买盘
369,14:23:06,11.06,-0.02,23,25438,卖盘
370,14:23:02,11.08,--,1,1108,买盘
371,14:22:50,11.08,-0.01,14,15866,卖盘
372,14:22:47,11.09,0.01,105,116445,买盘
373,14:22:41,11.08,--,25,28486,卖盘
374,14:22:36,11.08,--,30,33240,卖盘
375,14:22:32,11.08,--,10,11080,卖盘
376,14:22:16,11.08,--,7,7756,卖盘
377,14:22:11,11.08,0.01,212,235970,买盘
378,14:22:05,11.07,--,0,575,卖盘
379,14:22:01,11.07,-0.01,14,15498,卖盘
380,14:21:56,11.08,0.01,28,31024,买盘
381,14:21:50,11.07,--,9,9963,卖盘
382,14:21:41,11.07,--,25,28494,卖盘
383,14:21:35,11.07,--,10,11070,卖盘
384,14:21:31,11.07,--,19,21033,卖盘
385,14:21:26,11.07,--,8,8856,卖盘
386,14:21:20,11.07,--,24,27387,买盘
387,14:21:16,11.07,--,0,0,买盘
388,14:21:11,11.07,--,4,4428,买盘
389,14:21:05,11.07,0.02,46,50922,买盘
390,14:21:01,11.05,-0.01,0,1060,卖盘
391,14:20:56,11.06,0.01,4,4424,卖盘
392,14:20:46,11.05,-0.01,6,6630,卖盘
393,14:20:41,11.06,--,3,3318,卖盘
394,14:20:35,11.06,-0.01,31,34286,卖盘
395,14:20:31,11.07,0.02,3,3321,买盘
396,14:20:21,11.05,--,0,0,卖盘
397,14:20:16,11.05,--,0,0,卖盘
398,14:20:05,11.05,--,10,11050,卖盘
399,14:20:01,11.05,-0.03,13,14365,卖盘
400,14:19:56,11.08,--,0,0,买盘
401,14:19:50,11.08,0.03,50,55400,买盘
402,14:19:46,11.05,--,0,0,卖盘
403,14:19:41,11.05,-0.01,28,31824,卖盘
404,14:19:35,11.06,0.01,17,18890,买盘
405,14:19:31,11.05,--,75,83891,卖盘
406,14:19:16,11.05,--,16,17680,卖盘
407,14:19:11,11.05,-0.03,3,3315,卖盘
408,14:19:05,11.08,--,0,0,买盘
409,14:18:59,11.08,--,0,0,买盘
410,14:18:56,11.08,0.03,98,108584,买盘
411,14:18:50,11.05,--,20,22100,卖盘
412,14:18:41,11.05,--,25,28497,卖盘
413,14:18:35,11.05,--,37,40885,卖盘
414,14:18:20,11.05,--,56,62200,买盘
415,14:18:11,11.05,-0.03,43,48299,卖盘
416,14:18:05,11.08,--,0,0,买盘
417,14:17:59,11.08,0.03,38,42104,买盘
418,14:17:56,11.05,--,0,0,卖盘
419,14:17:50,11.05,--,298,329290,卖盘
420,14:17:40,11.05,--,30,34011,卖盘
421,14:17:35,11.05,--,36,39780,卖盘
422,14:17:29,11.05,-0.01,63,69615,卖盘
423,14:17:26,11.06,--,2,2212,卖盘
424,14:17:20,11.06,0.01,5,5530,卖盘
425,14:17:11,11.05,--,0,0,卖盘
426,14:17:05,11.05,-0.03,11,12155,卖盘
427,14:16:59,11.08,--,0,0,买盘
428,14:16:50,11.08,0.03,47,52076,买盘
429,14:16:41,11.05,-0.01,26,29602,卖盘
430,14:16:35,11.06,0.01,3,3318,买盘
431,14:16:26,11.05,--,30,33150,卖盘
432,14:16:20,11.05,--,168,185640,卖盘
433,14:16:14,11.05,--,8,8840,卖盘
434,14:16:11,11.05,-0.01,18,19890,卖盘
435,14:16:05,11.06,--,1,1106,买盘
436,14:15:59,11.06,--,2,2212,买盘
437,14:15:50,11.06,-0.01,126,139909,卖盘
438,14:15:41,11.07,-0.01,34,38479,买盘
439,14:15:20,11.08,0.01,60,66480,买盘
440,14:15:10,11.07,0.01,5,5535,买盘
441,14:15:05,11.06,-0.01,181,200186,卖盘
442,14:14:55,11.07,-0.01,22,24354,卖盘
443,14:14:50,11.08,--,61,67588,买盘
444,14:14:40,11.08,0.01,4,4432,中性盘
445,14:14:35,11.07,-0.01,452,500364,卖盘
446,14:14:25,11.08,--,7,7756,卖盘
447,14:14:20,11.08,--,171,189468,买盘
448,14:14:14,11.08,--,2,2216,买盘
449,14:14:10,11.08,--,51,56508,买盘
450,14:13:59,11.08,-0.01,12,13296,买盘
451,14:13:50,11.09,0.02,48,53232,买盘
452,14:13:44,11.07,-0.01,40,44280,卖盘
453,14:13:40,11.08,0.01,41,46247,买盘
454,14:13:35,11.07,--,8,8856,卖盘
455,14:13:29,11.07,-0.02,7,7749,卖盘
456,14:13:25,11.09,--,0,0,买盘
457,14:13:20,11.09,0.02,53,58777,买盘
458,14:13:10,11.07,-0.01,50,55350,卖盘
459,14:13:05,11.08,-0.01,30,34071,卖盘
460,14:12:59,11.09,--,5,5545,卖盘
461,14:12:55,11.09,0.01,748,829731,买盘
462,14:12:50,11.08,--,66,73128,卖盘
463,14:12:39,11.08,--,32,36253,卖盘
464,14:12:35,11.08,-0.01,19,21052,卖盘
465,14:12:29,11.09,0.01,1,1109,买盘
466,14:12:25,11.08,-0.01,12,13296,卖盘
467,14:12:20,11.09,0.01,98,108682,买盘
468,14:12:14,11.08,--,12,13296,卖盘
469,14:12:08,11.08,--,7,7756,卖盘
470,14:11:53,11.08,-0.01,16,17728,卖盘
471,14:11:44,11.09,0.01,48,53232,买盘
472,14:11:38,11.08,-0.01,29,32918,卖盘
473,14:11:35,11.09,--,47,52123,买盘
474,14:11:20,11.09,--,102,113118,买盘
475,14:11:14,11.09,--,49,54341,买盘
476,14:11:05,11.09,--,21,23289,买盘
477,14:10:50,11.09,--,2,2218,卖盘
478,14:10:44,11.09,0.01,54,59886,买盘
479,14:10:38,11.08,-0.01,3,3324,卖盘
480,14:10:35,11.09,--,65,72085,买盘
481,14:10:23,11.09,0.01,22,24398,买盘
482,14:10:19,11.08,--,5,5540,卖盘
483,14:10:14,11.08,-0.01,75,83100,卖盘
484,14:10:05,11.09,--,7,7763,买盘
485,14:09:59,11.09,--,61,67649,卖盘
486,14:09:49,11.09,-0.01,91,100919,卖盘
487,14:09:44,11.1,0.01,99,109890,买盘
488,14:09:38,11.09,--,15,16635,卖盘
489,14:09:34,11.09,--,28,31052,卖盘
490,14:09:29,11.09,-0.01,31,34379,卖盘
491,14:09:23,11.1,--,60,66600,买盘
492,14:09:19,11.1,0.01,947,1051170,买盘
493,14:09:14,11.09,--,53,58777,卖盘
494,14:09:08,11.09,--,42,46578,卖盘
495,14:09:04,11.09,--,371,411439,买盘
496,14:08:59,11.09,--,12,13308,买盘
497,14:08:53,11.09,0.01,1,1109,买盘
498,14:08:44,11.08,--,89,98612,卖盘
499,14:08:38,11.08,--,3,3324,卖盘
500,14:08:34,11.08,--,20,22160,卖盘
501,14:08:29,11.08,--,2,2216,卖盘
502,14:08:23,11.08,--,747,828385,买盘
503,14:08:19,11.08,0.01,30,33240,买盘
504,14:08:14,11.07,--,61,67527,卖盘
505,14:08:08,11.07,--,5,5535,卖盘
506,14:08:04,11.07,--,29,32103,卖盘
507,14:07:59,11.07,--,285,315495,买盘
508,14:07:53,11.07,--,90,99630,买盘
509,14:07:49,11.07,0.01,43,47601,买盘
510,14:07:44,11.06,-0.01,8,8848,卖盘
511,14:07:34,11.07,0.01,85,94095,买盘
512,14:07:29,11.06,--,233,257698,买盘
513,14:07:19,11.06,0.01,31,34286,买盘
514,14:07:14,11.05,-0.01,50,55250,卖盘
515,14:07:04,11.06,0.01,15,16590,买盘
516,14:06:59,11.05,-0.02,26,28730,卖盘
517,14:06:53,11.07,0.02,18,19926,买盘
518,14:06:49,11.05,-0.01,5,5525,卖盘
519,14:06:44,11.06,--,20,22120,卖盘
520,14:06:38,11.06,-0.01,10,11060,中性盘
521,14:06:34,11.07,--,55,60885,买盘
522,14:06:29,11.07,0.02,74,81918,买盘
523,14:06:23,11.05,--,100,110500,卖盘
524,14:06:19,11.05,--,2,2210,卖盘
525,14:06:14,11.05,-0.01,100,110500,卖盘
526,14:06:08,11.06,--,29,32074,买盘
527,14:06:04,11.06,0.01,62,68572,买盘
528,14:05:59,11.05,--,26,28730,卖盘
529,14:05:53,11.05,--,1,1105,卖盘
530,14:05:49,11.05,-0.01,30,33150,卖盘
531,14:05:44,11.06,--,34,37604,卖盘
532,14:05:38,11.06,0.01,8,8848,买盘
533,14:05:32,11.05,-0.01,7,7735,卖盘
534,14:05:29,11.06,--,14,15484,买盘
535,14:05:23,11.06,-0.01,23,25438,买盘
536,14:04:59,11.07,0.01,45,49815,买盘
537,14:04:53,11.06,--,2,2212,买盘
538,14:04:44,11.06,0.01,12,13272,中性盘
539,14:04:38,11.05,-0.01,26,28730,卖盘
540,14:04:32,11.06,-0.01,14,15484,卖盘
541,14:04:29,11.07,0.02,15,16605,买盘
542,14:04:23,11.05,--,0,0,卖盘
543,14:04:17,11.05,-0.01,14,15470,卖盘
544,14:04:14,11.06,-0.01,8,8848,卖盘
545,14:04:08,11.07,--,48,53136,买盘
546,14:03:59,11.07,0.02,111,122877,买盘
547,14:03:53,11.05,--,4,4420,卖盘
548,14:03:47,11.05,--,9,9945,卖盘
549,14:03:44,11.05,-0.01,1,1105,卖盘
550,14:03:32,11.06,--,103,113918,买盘
551,14:03:23,11.06,--,5,5530,买盘
552,14:03:17,11.06,--,6,6636,买盘
553,14:03:13,11.06,--,3,3318,买盘
554,14:03:02,11.06,-0.02,188,207928,卖盘
555,14:02:53,11.08,0.02,155,171740,买盘
556,14:02:38,11.06,0.01,25,27650,买盘
557,14:02:32,11.05,-0.01,102,112710,卖盘
558,14:02:28,11.06,--,15,16590,买盘
559,14:02:17,11.06,--,9,9954,买盘
560,14:02:08,11.06,--,11,12166,买盘
561,14:01:53,11.06,--,6,6636,买盘
562,14:01:47,11.06,--,2,2212,买盘
563,14:01:43,11.06,--,10,11060,买盘
564,14:01:38,11.06,--,163,180278,买盘
565,14:01:28,11.06,--,1,1106,买盘
566,14:01:23,11.06,0.01,30,33180,买盘
567,14:01:13,11.05,--,15,16575,卖盘
568,14:01:08,11.05,--,12,13260,卖盘
569,14:00:58,11.05,--,44,48620,卖盘
570,14:00:32,11.05,--,18,19890,卖盘
571,14:00:28,11.05,--,8,8840,卖盘
572,14:00:17,11.05,--,30,33945,买盘
573,14:00:13,11.05,--,3,3315,买盘
574,13:59:58,11.05,--,16,17989,卖盘
575,13:59:53,11.05,--,11,12155,卖盘
576,13:59:38,11.05,--,11,12155,卖盘
577,13:59:27,11.05,-0.01,60,66300,卖盘
578,13:59:17,11.06,0.01,14,15484,买盘
579,13:59:11,11.05,--,25,27625,卖盘
580,13:59:08,11.05,--,7,7735,卖盘
581,13:59:02,11.05,--,5,5525,卖盘
582,13:58:56,11.05,0.02,183,203010,买盘
583,13:58:53,11.03,-0.01,31,34193,卖盘
584,13:58:41,11.04,--,1,1104,买盘
585,13:58:38,11.04,0.01,5,5520,买盘
586,13:58:32,11.03,-0.01,118,130153,卖盘
587,13:58:26,11.04,--,6,6623,买盘
588,13:58:23,11.04,--,5,5520,买盘
589,13:58:17,11.04,--,9,9936,买盘
590,13:58:08,11.04,--,19,20976,买盘
591,13:58:02,11.04,--,7,7727,买盘
592,13:57:53,11.04,--,191,210863,买盘
593,13:57:26,11.04,-0.01,16,17664,买盘
594,13:57:23,11.05,--,0,0,买盘
595,13:57:17,11.05,0.01,100,110500,买盘
596,13:57:11,11.04,--,69,76209,卖盘
597,13:57:02,11.04,--,3,3311,卖盘
598,13:56:32,11.04,-0.01,91,100463,卖盘
599,13:56:26,11.05,0.01,10,11050,买盘
600,13:55:52,11.04,--,113,124751,卖盘
601,13:55:37,11.04,--,22,24287,卖盘
602,13:55:26,11.04,--,1,1104,卖盘
603,13:55:11,11.04,--,130,143520,卖盘
604,13:55:07,11.04,--,5,5520,卖盘
605,13:55:02,11.04,-0.01,27,29807,卖盘
606,13:54:47,11.05,--,7,7735,买盘
607,13:54:41,11.05,--,18,19890,买盘
608,13:54:37,11.05,0.01,5,5525,买盘
609,13:54:32,11.04,-0.01,163,179952,卖盘
610,13:54:02,11.05,--,26,28730,买盘
611,13:53:56,11.05,--,6,6630,买盘
612,13:53:52,11.05,--,63,69615,卖盘
613,13:53:37,11.05,--,20,22100,卖盘
614,13:53:32,11.05,--,1,1105,卖盘
615,13:53:26,11.05,--,1,1105,卖盘
616,13:53:22,11.05,-0.01,5,5525,卖盘
617,13:53:17,11.06,0.01,15,16590,买盘
618,13:53:11,11.05,--,106,117130,卖盘
619,13:52:50,11.05,--,4,4420,卖盘
620,13:52:47,11.05,--,4,4420,卖盘
621,13:52:41,11.05,0.01,72,79560,买盘
622,13:52:32,11.04,-0.01,98,108191,卖盘
623,13:52:20,11.05,0.01,10,11050,买盘
624,13:52:17,11.04,--,30,33120,卖盘
625,13:52:11,11.04,--,1,1104,卖盘
626,13:52:05,11.04,-0.01,2,2208,卖盘
627,13:51:56,11.05,-0.01,76,83980,卖盘
628,13:51:50,11.06,0.01,87,96222,买盘
629,13:51:41,11.05,--,10,11050,卖盘
630,13:51:31,11.05,--,27,29835,买盘
631,13:51:17,11.05,0.01,22,24310,中性盘
632,13:51:11,11.04,--,120,132480,卖盘
633,13:51:05,11.04,--,10,11040,卖盘
634,13:51:02,11.04,-0.01,41,45264,卖盘
635,13:50:56,11.05,0.01,10,11050,买盘
636,13:50:50,11.04,--,10,11040,卖盘
637,13:50:35,11.04,0.01,83,92702,买盘
638,13:50:32,11.03,-0.01,128,141184,卖盘
639,13:50:20,11.04,--,46,50783,买盘
640,13:50:17,11.04,--,3,3311,买盘
641,13:49:56,11.04,-0.01,20,22080,卖盘
642,13:49:50,11.05,--,85,93925,买盘
643,13:49:46,11.05,0.01,3,3315,买盘
644,13:49:41,11.04,--,21,23184,卖盘
645,13:49:35,11.04,-0.01,1,1104,卖盘
646,13:49:31,11.05,--,47,51935,买盘
647,13:49:26,11.05,--,1,1105,买盘
648,13:49:20,11.05,--,161,177905,卖盘
649,13:49:11,11.05,--,56,61880,卖盘
650,13:49:01,11.05,--,1,1105,卖盘
651,13:48:56,11.05,-0.01,77,85085,卖盘
652,13:48:46,11.06,0.01,80,88480,买盘
653,13:48:31,11.05,--,98,108290,卖盘
654,13:48:16,11.05,--,32,35360,卖盘
655,13:48:05,11.05,--,119,131495,卖盘
656,13:47:50,11.05,-0.01,129,142545,卖盘
657,13:47:46,11.06,-0.01,43,47558,中性盘
658,13:47:41,11.07,0.01,50,55350,买盘
659,13:47:31,11.06,--,5,5530,买盘
660,13:47:26,11.06,--,12,13272,买盘
661,13:47:16,11.06,--,80,88480,买盘
662,13:47:11,11.06,0.01,11,12166,卖盘
663,13:47:05,11.05,-0.01,141,155805,卖盘
664,13:46:56,11.06,--,40,44240,买盘
665,13:46:50,11.06,0.01,11,12166,买盘
666,13:46:41,11.05,--,1,1105,卖盘
667,13:46:35,11.05,--,42,46410,卖盘
668,13:46:31,11.05,--,66,72930,卖盘
669,13:46:20,11.05,--,3,3315,卖盘
670,13:46:05,11.05,--,74,81770,买盘
671,13:45:56,11.05,0.01,4,4420,买盘
672,13:45:50,11.04,--,72,79488,卖盘
673,13:45:26,11.04,-0.01,80,88320,卖盘
674,13:45:20,11.05,--,29,32045,卖盘
675,13:45:14,11.05,0.02,22,24310,买盘
676,13:45:11,11.03,-0.02,164,180892,卖盘
677,13:45:05,11.05,0.02,11,12155,买盘
678,13:44:55,11.03,-0.02,13,14339,卖盘
679,13:44:43,11.05,0.01,10,11050,买盘
680,13:44:40,11.04,0.01,34,37536,买盘
681,13:44:35,11.03,-0.01,156,172068,卖盘
682,13:44:25,11.04,--,80,88320,买盘
683,13:44:20,11.04,0.01,12,13247,买盘
684,13:44:14,11.03,-0.01,2,2206,卖盘
685,13:44:10,11.04,0.01,3,3311,买盘
686,13:44:05,11.03,--,100,110300,卖盘
687,13:43:55,11.03,--,56,61768,买盘
688,13:43:50,11.03,0.01,467,515100,买盘
689,13:43:44,11.02,-0.01,10,11020,卖盘
690,13:43:40,11.03,--,5,5515,买盘
691,13:43:35,11.03,--,7,7721,买盘
692,13:43:25,11.03,--,20,22060,买盘
693,13:43:20,11.03,--,25,27575,买盘
694,13:43:14,11.03,--,3,3309,买盘
695,13:43:10,11.03,--,84,92652,卖盘
696,13:42:55,11.03,-0.01,49,54047,卖盘
697,13:42:50,11.04,--,20,22080,买盘
698,13:42:40,11.04,--,99,109295,买盘
699,13:42:35,11.04,--,177,195407,买盘
700,13:42:25,11.04,0.01,12,13247,买盘
701,13:42:20,11.03,-0.01,6,6618,卖盘
702,13:42:10,11.04,--,19,20976,买盘
703,13:42:05,11.04,--,17,18768,买盘
704,13:41:55,11.04,--,22,24287,卖盘
705,13:41:50,11.04,--,55,60719,卖盘
706,13:41:44,11.04,--,7,7727,卖盘
707,13:41:35,11.04,--,24,26495,卖盘
708,13:41:29,11.04,--,8,8832,卖盘
709,13:41:25,11.04,-0.01,56,61823,卖盘
710,13:41:10,11.05,--,135,149175,卖盘
711,13:41:05,11.05,--,25,27625,卖盘
712,13:40:59,11.05,--,40,44200,卖盘
713,13:40:55,11.05,--,19,20995,卖盘
714,13:40:50,11.05,--,8,8840,卖盘
715,13:40:35,11.05,-0.01,24,26520,卖盘
716,13:40:29,11.06,--,112,123872,卖盘
717,13:40:20,11.06,--,36,39816,卖盘
718,13:40:14,11.06,--,11,12166,卖盘
719,13:39:59,11.06,--,15,16590,卖盘
720,13:39:55,11.06,--,12,13272,卖盘
721,13:39:50,11.06,--,107,118342,卖盘
722,13:39:29,11.06,--,20,22120,卖盘
723,13:39:25,11.06,--,7,7742,买盘
724,13:39:20,11.06,0.01,11,12166,买盘
725,13:39:14,11.05,-0.01,48,53040,卖盘
726,13:39:10,11.06,--,21,23226,卖盘
727,13:39:05,11.06,--,4,4424,卖盘
728,13:38:59,11.06,--,14,15484,卖盘
729,13:38:54,11.06,--,31,34286,卖盘
730,13:38:50,11.06,0.01,30,33180,卖盘
731,13:38:39,11.05,--,0,0,卖盘
732,13:38:35,11.05,-0.01,104,114920,卖盘
733,13:38:29,11.06,--,25,27650,卖盘
734,13:38:19,11.06,--,7,7742,卖盘
735,13:37:59,11.06,--,7,7742,卖盘
736,13:37:49,11.06,--,64,70784,卖盘
737,13:37:38,11.06,--,100,110600,卖盘
738,13:37:34,11.06,--,10,11060,卖盘
739,13:37:29,11.06,0.01,82,90692,买盘
740,13:37:19,11.05,--,60,66300,卖盘
741,13:37:13,11.05,--,82,90610,卖盘
742,13:36:59,11.05,--,15,16575,卖盘
743,13:36:49,11.05,--,57,62985,卖盘
744,13:36:44,11.05,--,18,19890,卖盘
745,13:36:38,11.05,--,30,33150,卖盘
746,13:36:34,11.05,-0.01,165,182325,卖盘
747,13:36:29,11.06,--,11,12166,买盘
748,13:36:23,11.06,--,12,13272,买盘
749,13:36:19,11.06,--,44,48664,买盘
750,13:36:14,11.06,--,1,1106,买盘
751,13:35:59,11.06,0.01,20,22120,买盘
752,13:35:49,11.05,-0.01,160,176800,卖盘
753,13:35:34,11.06,0.01,2,2212,买盘
754,13:35:29,11.05,--,30,33150,卖盘
755,13:35:19,11.05,--,22,24310,卖盘
756,13:35:14,11.05,--,253,279565,卖盘
757,13:35:04,11.05,--,125,138125,卖盘
758,13:34:53,11.05,-0.01,16,17680,卖盘
759,13:34:43,11.06,--,10,11060,买盘
760,13:34:38,11.06,0.01,322,356132,买盘
761,13:34:34,11.05,--,40,44200,卖盘
762,13:34:29,11.05,-0.01,7,7735,卖盘
763,13:34:07,11.06,-0.01,119,131614,卖盘
764,13:34:04,11.07,0.01,29,32103,中性盘
765,13:33:58,11.06,--,2,2212,卖盘
766,13:33:53,11.06,-0.01,335,370510,卖盘
767,13:33:49,11.07,--,19,21033,买盘
768,13:33:44,11.07,0.01,40,44280,买盘
769,13:33:34,11.06,--,22,24332,卖盘
770,13:33:29,11.06,-0.01,20,22120,卖盘
771,13:33:19,11.07,0.01,50,55350,买盘
772,13:33:14,11.06,-0.01,12,13272,卖盘
773,13:33:08,11.07,-0.01,10,11070,卖盘
774,13:33:04,11.08,--,16,17728,卖盘
775,13:32:59,11.08,--,28,31024,买盘
776,13:32:52,11.08,--,21,23268,买盘
777,13:32:44,11.08,--,10,11080,买盘
778,13:32:38,11.08,0.01,147,162876,买盘
779,13:32:29,11.07,--,26,28782,卖盘
780,13:32:13,11.07,--,77,85239,卖盘
781,13:32:07,11.07,--,12,13284,卖盘
782,13:32:03,11.07,-0.01,8,8856,卖盘
783,13:31:58,11.08,--,13,14404,买盘
784,13:31:53,11.08,--,26,28808,卖盘
785,13:31:43,11.08,--,1,1108,卖盘
786,13:31:37,11.08,--,2,2216,中性盘
787,13:31:29,11.08,--,7,7756,买盘
788,13:31:23,11.08,-0.01,2,2216,卖盘
789,13:31:16,11.09,0.01,4,4436,买盘
790,13:31:13,11.08,-0.01,53,58724,卖盘
791,13:31:07,11.09,0.01,4,4436,买盘
792,13:30:58,11.08,--,10,11080,卖盘
793,13:30:52,11.08,--,24,26592,卖盘
794,13:30:47,11.08,--,80,88640,卖盘
795,13:30:43,11.08,--,28,31024,卖盘
796,13:30:37,11.08,--,76,84208,卖盘
797,13:30:22,11.08,0.01,8,8864,买盘
798,13:30:02,11.07,-0.01,2,2214,卖盘
799,13:29:52,11.08,-0.01,53,58724,卖盘
800,13:29:31,11.09,0.01,13,14417,买盘
801,13:29:22,11.08,--,8,8864,卖盘
802,13:29:16,11.08,--,30,33240,卖盘
803,13:29:13,11.08,--,70,77560,卖盘
804,13:29:08,11.08,--,6,6648,卖盘
805,13:28:58,11.08,--,3,3324,卖盘
806,13:28:52,11.08,-0.01,2,2216,卖盘
807,13:28:46,11.09,--,4,4436,买盘
808,13:28:43,11.09,--,0,0,买盘
809,13:28:37,11.09,--,31,34379,买盘
810,13:28:31,11.09,--,4,4436,买盘
811,13:28:22,11.09,--,118,130862,买盘
812,13:28:13,11.09,--,37,41033,买盘
813,13:28:07,11.09,--,15,16635,买盘
814,13:28:01,11.09,0.01,110,121990,买盘
815,13:27:58,11.08,--,6,6648,卖盘
816,13:27:52,11.08,--,86,95288,卖盘
817,13:27:46,11.08,--,2,2216,卖盘
818,13:27:43,11.08,--,10,11080,卖盘
819,13:27:22,11.08,--,7,7756,卖盘
820,13:27:13,11.08,--,110,121880,卖盘
821,13:27:07,11.08,--,75,83100,卖盘
822,13:27:01,11.08,--,17,18836,卖盘
823,13:26:58,11.08,--,2,2216,卖盘
824,13:26:52,11.08,--,10,11080,卖盘
825,13:26:43,11.08,--,6,6648,卖盘
826,13:26:31,11.08,-0.01,137,151796,卖盘
827,13:26:01,11.09,0.01,25,27725,买盘
828,13:25:58,11.08,-0.01,12,13296,卖盘
829,13:25:52,11.09,--,208,230672,买盘
830,13:25:46,11.09,--,10,11090,买盘
831,13:25:42,11.09,0.01,9,9981,买盘
832,13:25:37,11.08,-0.01,4,4432,卖盘
833,13:25:31,11.09,--,11,12199,买盘
834,13:25:16,11.09,0.01,3,3327,买盘
835,13:25:12,11.08,-0.01,456,505248,卖盘
836,13:25:01,11.09,0.01,5,5545,买盘
837,13:24:52,11.08,-0.01,126,139608,卖盘
838,13:24:46,11.09,0.01,2,2218,买盘
839,13:24:42,11.08,-0.01,10,11080,卖盘
840,13:24:31,11.09,--,609,675381,买盘
841,13:24:27,11.09,--,76,84284,买盘
842,13:24:22,11.09,--,41,45469,买盘
843,13:24:16,11.09,--,16,17744,买盘
844,13:24:10,11.09,--,3,3327,买盘
845,13:24:01,11.09,--,100,110900,买盘
846,13:23:55,11.09,--,23,25507,买盘
847,13:23:52,11.09,-0.01,214,237326,卖盘
848,13:23:40,11.1,0.01,100,111000,买盘
849,13:23:37,11.09,--,12,13308,卖盘
850,13:23:31,11.09,--,10,11090,卖盘
851,13:23:22,11.09,--,12,13308,卖盘
852,13:23:16,11.09,0.01,63,69867,买盘
853,13:23:10,11.08,-0.01,746,826568,卖盘
854,13:22:55,11.09,--,2,2218,买盘
855,13:22:52,11.09,0.01,16,17744,买盘
856,13:22:46,11.08,--,5,5540,卖盘
857,13:22:40,11.08,--,3,3324,卖盘
858,13:22:37,11.08,-0.01,891,987228,卖盘
859,13:22:31,11.09,--,39,43251,买盘
860,13:22:25,11.09,0.01,26,28834,买盘
861,13:22:22,11.08,-0.01,23,25484,卖盘
862,13:22:16,11.09,--,82,90938,买盘
863,13:22:10,11.09,--,3,3327,买盘
864,13:22:01,11.09,0.01,3,3327,买盘
865,13:21:55,11.08,-0.01,1095,1213260,卖盘
866,13:21:52,11.09,0.01,26,28834,买盘
867,13:21:46,11.08,--,44,48752,卖盘
868,13:21:40,11.08,-0.01,25,27700,卖盘
869,13:21:37,11.09,--,174,192966,买盘
870,13:21:31,11.09,0.01,306,339354,买盘
871,13:21:25,11.08,--,170,188360,卖盘
872,13:21:22,11.08,-0.01,61,67588,卖盘
873,13:21:16,11.09,--,5,5545,买盘
874,13:21:10,11.09,-0.01,58,64322,卖盘
875,13:21:01,11.1,--,4,4440,买盘
876,13:20:55,11.1,--,1,1110,买盘
877,13:20:52,11.1,0.02,5,5550,买盘
878,13:20:46,11.08,--,0,0,卖盘
879,13:20:37,11.08,--,65,72020,卖盘
880,13:20:31,11.08,--,10,11135,买盘
881,13:20:25,11.08,--,9,11024,卖盘
882,13:20:22,11.08,--,50,55400,卖盘
883,13:20:16,11.08,--,0,0,卖盘
884,13:20:10,11.08,-0.04,50,55400,卖盘
885,13:20:01,11.12,0.04,600,667200,买盘
886,13:19:55,11.08,--,5,5540,卖盘
887,13:19:52,11.08,-0.01,57,63156,卖盘
888,13:19:37,11.09,--,5,5545,买盘
889,13:19:31,11.09,--,21,23289,买盘
890,13:19:25,11.09,--,25,27725,买盘
891,13:19:16,11.09,--,46,51014,买盘
892,13:19:10,11.09,--,144,159696,卖盘
893,13:18:55,11.09,-0.01,29,32161,中性盘
894,13:18:46,11.1,0.01,101,112110,买盘
895,13:18:40,11.09,--,10,11090,买盘
896,13:18:36,11.09,-0.01,30,33270,卖盘
897,13:18:31,11.1,--,1,1110,买盘
898,13:18:25,11.1,--,2,2220,买盘
899,13:18:21,11.1,--,0,0,买盘
900,13:18:16,11.1,0.02,12,13320,买盘
901,13:18:10,11.08,--,0,0,卖盘
902,13:18:06,11.08,-0.02,10,11080,卖盘
903,13:18:01,11.1,0.02,11,12210,买盘
904,13:17:55,11.08,-0.03,65,72020,卖盘
905,13:17:46,11.11,0.03,1000,1111000,买盘
906,13:17:31,11.08,--,0,0,卖盘
907,13:17:16,11.08,--,7,7756,卖盘
908,13:17:10,11.08,-0.02,100,110800,卖盘
909,13:17:04,11.1,--,169,187590,买盘
910,13:17:01,11.1,--,60,66600,买盘
911,13:16:55,11.1,--,7,7770,买盘
912,13:16:49,11.1,--,1,1110,买盘
913,13:16:46,11.1,0.02,64,71040,买盘
914,13:16:34,11.08,--,42,46536,卖盘
915,13:16:31,11.08,--,7,7811,卖盘
916,13:16:19,11.08,--,106,117448,卖盘
917,13:15:49,11.08,--,32,35456,卖盘
918,13:15:34,11.08,0.01,3,3324,买盘
919,13:15:25,11.07,-0.01,406,449442,卖盘
920,13:15:10,11.08,-0.01,22,24376,卖盘
921,13:15:01,11.09,0.01,206,228454,买盘
922,13:14:49,11.08,--,3,3324,卖盘
923,13:14:46,11.08,-0.01,5,5540,卖盘
924,13:14:40,11.09,0.01,96,106464,买盘
925,13:14:34,11.08,--,12,13296,卖盘
926,13:14:31,11.08,--,20,22160,卖盘
927,13:14:25,11.08,--,19,21052,卖盘
928,13:14:19,11.08,--,33,36564,卖盘
929,13:14:10,11.08,0.02,174,192792,买盘
930,13:13:49,11.06,--,86,95116,卖盘
931,13:13:45,11.06,0.01,1,1106,卖盘
932,13:13:40,11.05,--,0,0,卖盘
933,13:13:30,11.05,--,158,174590,卖盘
934,13:13:25,11.05,--,302,333710,卖盘
935,13:13:10,11.05,-0.01,60,66300,卖盘
936,13:13:04,11.06,--,8,8848,买盘
937,13:12:49,11.06,--,6,6636,买盘
938,13:12:30,11.06,--,13,14378,卖盘
939,13:12:15,11.06,--,10,11060,卖盘
940,13:12:10,11.06,--,10,11060,买盘
941,13:12:00,11.06,--,19,21014,买盘
942,13:11:49,11.06,--,12,13272,卖盘
943,13:11:45,11.06,--,10,11060,卖盘
944,13:11:40,11.06,-0.01,1,1106,卖盘
945,13:11:34,11.07,0.02,22,24354,买盘
946,13:11:25,11.05,--,0,0,卖盘
947,13:11:10,11.05,--,62,68510,卖盘
948,13:10:59,11.05,-0.01,4,4420,卖盘
949,13:10:55,11.06,-0.01,3,3318,中性盘
950,13:10:45,11.07,0.01,26,28782,买盘
951,13:10:40,11.06,--,8,8848,卖盘
952,13:10:34,11.06,--,41,45346,卖盘
953,13:10:13,11.06,--,17,18802,买盘
954,13:10:10,11.06,-0.01,18,19908,买盘
955,13:09:49,11.07,0.01,38,42066,买盘
956,13:09:40,11.06,--,11,12166,卖盘
957,13:09:28,11.06,--,461,509866,买盘
958,13:09:13,11.06,0.01,13,14378,买盘
959,13:09:10,11.05,--,145,160225,卖盘
960,13:08:49,11.05,-0.02,100,110500,卖盘
961,13:08:40,11.07,--,0,0,买盘
962,13:08:28,11.07,--,0,0,买盘
963,13:08:25,11.07,0.01,3,3321,买盘
964,13:08:13,11.06,-0.01,8,8848,卖盘
965,13:08:04,11.07,0.01,7,7749,买盘
966,13:07:58,11.06,-0.01,5,5530,卖盘
967,13:07:49,11.07,0.02,151,167157,买盘
968,13:07:34,11.05,--,0,0,卖盘
969,13:07:19,11.05,-0.01,250,276250,卖盘
970,13:07:13,11.06,0.01,37,40922,买盘
971,13:07:04,11.05,--,18,19890,卖盘
972,13:06:58,11.05,--,10,11050,卖盘
973,13:06:43,11.05,--,0,0,卖盘
974,13:06:39,11.05,0.01,94,103870,买盘
975,13:06:19,11.04,-0.01,22,24287,卖盘
976,13:06:13,11.05,--,10,11050,买盘
977,13:05:58,11.05,-0.02,51,56355,卖盘
978,13:05:49,11.07,0.02,13,14391,买盘
979,13:05:43,11.05,--,7,7735,卖盘
980,13:05:39,11.05,--,0,0,卖盘
981,13:05:34,11.05,--,30,33150,买盘
982,13:05:28,11.05,--,16,17680,买盘
983,13:05:19,11.05,--,17,18785,卖盘
984,13:05:13,11.05,0.01,3,3315,卖盘
985,13:05:04,11.04,-0.02,200,220799,卖盘
986,13:04:58,11.06,0.01,78,86268,买盘
987,13:04:39,11.05,--,52,57460,卖盘
988,13:04:28,11.05,--,7,7735,买盘
989,13:04:13,11.05,--,1,1105,买盘
990,13:04:09,11.05,-0.02,5,5525,买盘
991,13:04:04,11.07,0.02,9,9963,买盘
992,13:03:58,11.05,-0.02,81,89505,卖盘
993,13:03:49,11.07,0.02,10,11070,买盘
994,13:03:37,11.05,-0.04,145,160225,卖盘
995,13:03:28,11.09,0.02,50,55450,买盘
996,13:03:19,11.07,-0.01,20,22140,卖盘
997,13:03:07,11.08,--,10,11080,买盘
998,13:02:52,11.08,-0.01,1,1108,中性盘
999,13:02:49,11.09,0.01,50,55450,买盘
1000,13:02:43,11.08,--,12,13296,卖盘
1001,13:02:37,11.08,--,52,57616,卖盘
1002,13:02:34,11.08,-0.01,25,27700,卖盘
1003,13:02:28,11.09,0.01,108,119772,买盘
1004,13:02:22,11.08,--,53,58724,卖盘
1005,13:02:19,11.08,--,15,16620,卖盘
1006,13:02:13,11.08,--,50,55400,卖盘
1007,13:02:07,11.08,--,257,284756,买盘
1008,13:02:04,11.08,--,1,1108,买盘
1009,13:01:58,11.08,--,42,46536,买盘
1010,13:01:52,11.08,0.01,1,1108,买盘
1011,13:01:49,11.07,-0.01,8,8856,卖盘
1012,13:01:28,11.08,0.02,12,13296,买盘
1013,13:01:22,11.06,0.01,56,62809,买盘
1014,13:01:19,11.05,--,72,79560,卖盘
1015,13:01:13,11.05,-0.02,5,5525,卖盘
1016,13:01:07,11.07,--,0,0,买盘
1017,13:01:04,11.07,--,4,4428,买盘
1018,13:00:58,11.07,0.01,19,21033,买盘
1019,13:00:52,11.06,0.02,31,34286,买盘
1020,13:00:49,11.04,-0.02,30,33120,卖盘
1021,13:00:43,11.06,0.01,28,30968,买盘
1022,13:00:37,11.05,--,14,15470,买盘
1023,13:00:13,11.05,0.02,135,150003,买盘
1024,13:00:07,11.03,--,362,399286,卖盘
1025,13:00:04,11.03,--,150,165450,卖盘
1026,11:30:00,11.03,--,0,0,卖盘
1027,11:30:00,11.03,--,0,0,卖盘
1028,11:29:59,11.03,-0.01,185,204055,卖盘
1029,11:29:53,11.04,0.01,21,23184,买盘
1030,11:29:44,11.03,--,5,5515,卖盘
1031,11:29:29,11.03,-0.01,5,5515,卖盘
1032,11:29:23,11.04,--,34,37536,卖盘
1033,11:29:17,11.04,-0.01,1,1104,卖盘
1034,11:29:14,11.05,0.01,2,2210,买盘
1035,11:29:08,11.04,--,30,33120,卖盘
1036,11:28:44,11.04,0.01,18,19872,买盘
1037,11:28:38,11.03,--,161,177583,卖盘
1038,11:28:32,11.03,-0.01,7,7721,卖盘
1039,11:28:23,11.04,0.01,27,29807,买盘
1040,11:28:17,11.03,--,7,7721,卖盘
1041,11:28:14,11.03,-0.02,5,5515,卖盘
1042,11:28:08,11.05,0.02,12,13260,买盘
1043,11:28:02,11.03,--,39,43017,买盘
1044,11:27:59,11.03,-0.01,60,66180,卖盘
1045,11:27:53,11.04,0.01,5,5520,买盘
1046,11:27:47,11.03,--,2,2206,卖盘
1047,11:27:44,11.03,-0.01,50,55150,卖盘
1048,11:27:38,11.04,0.01,6,6623,买盘
1049,11:27:28,11.03,--,43,47429,买盘
1050,11:27:23,11.03,--,59,65076,卖盘
1051,11:27:17,11.03,--,5,5515,卖盘
1052,11:27:13,11.03,-0.01,20,22060,卖盘
1053,11:27:08,11.04,0.01,10,11040,买盘
1054,11:27:02,11.03,--,6,6618,卖盘
1055,11:26:53,11.03,--,3,3309,卖盘
1056,11:26:47,11.03,--,10,11030,卖盘
1057,11:26:43,11.03,--,4,4412,卖盘
1058,11:26:38,11.03,--,31,34193,卖盘
1059,11:26:28,11.03,--,303,334209,买盘
1060,11:26:23,11.03,0.01,8,8824,买盘
1061,11:26:17,11.02,-0.01,5,5510,卖盘
1062,11:26:02,11.03,--,10,11030,买盘
1063,11:25:58,11.03,--,102,112506,卖盘
1064,11:25:53,11.03,--,357,393771,卖盘
1065,11:25:47,11.03,--,86,94858,卖盘
1066,11:25:28,11.03,--,54,59562,卖盘
1067,11:25:23,11.03,--,219,241557,买盘
1068,11:25:13,11.03,0.01,6,6618,买盘
1069,11:25:08,11.02,--,4,4408,卖盘
1070,11:24:58,11.02,-0.01,23,25346,卖盘
1071,11:24:53,11.03,0.01,61,67283,买盘
1072,11:24:38,11.02,-0.01,7,7714,卖盘
1073,11:24:28,11.03,0.01,1,1103,买盘
1074,11:24:23,11.02,-0.01,9,9918,卖盘
1075,11:24:17,11.03,--,10,11030,买盘
1076,11:24:13,11.03,0.03,1,1103,买盘
1077,11:23:58,11.0,-0.01,247,271700,卖盘
1078,11:23:53,11.01,--,10,12022,买盘
1079,11:23:47,11.01,--,58,63858,买盘
1080,11:23:41,11.01,0.01,3,3303,买盘
1081,11:23:38,11.0,-0.01,19,20900,卖盘
1082,11:23:32,11.01,--,20,22020,买盘
1083,11:23:26,11.01,--,20,22020,买盘
1084,11:23:23,11.01,--,5,5505,买盘
1085,11:23:17,11.01,--,237,261025,卖盘
1086,11:23:08,11.01,--,169,186069,卖盘
1087,11:23:02,11.01,--,50,55050,卖盘
1088,11:22:56,11.01,-0.01,25,27525,卖盘
1089,11:22:41,11.02,0.01,2,2204,买盘
1090,11:22:38,11.01,-0.01,387,426087,卖盘
1091,11:22:32,11.02,--,9,9918,买盘
1092,11:22:26,11.02,--,252,277704,卖盘
1093,11:22:23,11.02,--,0,0,卖盘
1094,11:22:17,11.02,-0.01,208,229216,卖盘
1095,11:22:11,11.03,--,18,19854,买盘
1096,11:22:02,11.03,-0.01,68,75004,卖盘
1097,11:21:53,11.04,--,216,238463,买盘
1098,11:21:47,11.04,0.01,25,27599,买盘
1099,11:21:32,11.03,--,10,11030,卖盘
1100,11:21:22,11.03,-0.01,30,33090,卖盘
1101,11:21:11,11.04,--,6,6623,卖盘
1102,11:21:08,11.04,0.01,5,5520,买盘
1103,11:21:02,11.03,-0.01,3,3309,卖盘
1104,11:20:56,11.04,--,10,11040,买盘
1105,11:20:52,11.04,--,50,55199,买盘
1106,11:20:47,11.04,--,10,11040,买盘
1107,11:20:37,11.04,0.01,169,186576,买盘
1108,11:20:32,11.03,--,1,1103,卖盘
1109,11:20:22,11.03,-0.01,10,11030,卖盘
1110,11:20:17,11.04,0.01,12,13247,买盘
1111,11:20:11,11.03,--,5,5515,卖盘
1112,11:20:02,11.03,-0.01,15,16545,卖盘
1113,11:19:52,11.04,--,100,110399,卖盘
1114,11:19:32,11.04,--,2,2208,卖盘
1115,11:19:17,11.04,-0.01,131,144624,卖盘
1116,11:19:07,11.05,0.01,10,11050,买盘
1117,11:19:02,11.04,-0.01,18,19872,卖盘
1118,11:18:52,11.05,--,2,2210,买盘
1119,11:18:47,11.05,--,10,11050,买盘
1120,11:18:37,11.05,--,73,80665,卖盘
1121,11:18:32,11.05,--,6,6630,卖盘
1122,11:18:17,11.05,--,0,0,卖盘
1123,11:18:11,11.05,--,60,66300,卖盘
1124,11:18:07,11.05,--,18,19890,卖盘
1125,11:18:02,11.05,--,0,0,卖盘
1126,11:17:56,11.05,-0.02,108,119340,卖盘
1127,11:17:52,11.07,--,1,1107,买盘
1128,11:17:47,11.07,0.02,47,52029,买盘
1129,11:17:37,11.05,-0.03,20,22100,卖盘
1130,11:17:32,11.08,0.03,150,166200,买盘
1131,11:17:17,11.05,-0.02,77,85085,卖盘
1132,11:17:11,11.07,0.02,10,11070,买盘
1133,11:17:06,11.05,-0.02,14,15470,卖盘
1134,11:16:41,11.07,--,45,49815,买盘
1135,11:16:35,11.07,--,10,11070,买盘
1136,11:16:32,11.07,--,21,23247,买盘
1137,11:16:26,11.07,--,9,9963,买盘
1138,11:16:05,11.07,0.01,9,9963,买盘
1139,11:15:56,11.06,--,40,44240,卖盘
1140,11:15:47,11.06,-0.01,4,4424,卖盘
1141,11:15:41,11.07,0.01,3,3321,买盘
1142,11:15:35,11.06,--,15,16590,卖盘
1143,11:15:32,11.06,--,3,3318,买盘
1144,11:15:16,11.06,--,3,3318,卖盘
1145,11:15:02,11.06,--,20,22120,卖盘
1146,11:14:50,11.06,0.01,8,8848,买盘
1147,11:14:47,11.05,0.01,4,4420,买盘
1148,11:14:41,11.04,-0.01,71,78384,卖盘
1149,11:14:31,11.05,0.01,2,2210,中性盘
1150,11:14:26,11.04,-0.02,25,27599,卖盘
1151,11:14:20,11.06,0.02,20,22120,买盘
1152,11:14:11,11.04,-0.02,25,27599,卖盘
1153,11:14:01,11.06,0.02,6,6636,买盘
1154,11:13:56,11.04,--,51,56303,卖盘
1155,11:13:46,11.04,-0.02,8,8832,卖盘
1156,11:13:41,11.06,0.02,13,14378,买盘
1157,11:13:26,11.04,--,23,25391,买盘
1158,11:13:20,11.04,-0.02,18,19872,卖盘
1159,11:13:16,11.06,-0.01,34,37604,买盘
1160,11:13:11,11.07,--,0,0,买盘
1161,11:13:01,11.07,--,22,24354,买盘
1162,11:12:56,11.07,0.04,3,3321,买盘
1163,11:12:41,11.03,--,198,218394,卖盘
1164,11:12:35,11.03,--,0,0,卖盘
1165,11:12:31,11.03,--,55,60665,买盘
1166,11:12:26,11.03,--,36,39708,买盘
1167,11:12:16,11.03,--,12,13236,买盘
1168,11:12:11,11.03,--,15,16545,买盘
1169,11:12:01,11.03,-0.04,1364,1504492,卖盘
1170,11:11:56,11.07,--,30,33210,卖盘
1171,11:11:46,11.07,--,14,15498,卖盘
1172,11:11:41,11.07,--,20,22140,卖盘
1173,11:11:35,11.07,0.01,36,39852,买盘
1174,11:11:26,11.06,--,10,11060,卖盘
1175,11:11:20,11.06,-0.01,148,163688,卖盘
1176,11:11:16,11.07,--,37,40959,买盘
1177,11:11:11,11.07,0.01,56,61992,买盘
1178,11:11:05,11.06,--,55,60830,卖盘
1179,11:10:56,11.06,--,13,14378,买盘
1180,11:10:50,11.06,--,7,7742,卖盘
1181,11:10:46,11.06,--,17,18802,买盘
1182,11:10:41,11.06,--,111,122766,卖盘
1183,11:10:35,11.06,--,2,2212,卖盘
1184,11:10:26,11.06,--,19,21014,卖盘
1185,11:10:15,11.06,--,12,13272,卖盘
1186,11:10:05,11.06,-0.01,7,7742,卖盘
1187,11:09:56,11.07,0.02,72,79704,买盘
1188,11:09:41,11.05,-0.01,40,44200,卖盘
1189,11:09:35,11.06,--,18,19908,买盘
1190,11:09:25,11.06,--,2,2212,买盘
1191,11:09:20,11.06,--,40,44240,卖盘
1192,11:09:11,11.06,--,18,19908,买盘
1193,11:09:05,11.06,--,31,34286,买盘
1194,11:08:44,11.06,-0.01,3,3318,买盘
1195,11:08:40,11.07,0.01,55,60885,买盘
1196,11:08:25,11.06,--,10,11060,卖盘
1197,11:08:05,11.06,--,12,13272,买盘
1198,11:07:55,11.06,--,3,3318,买盘
1199,11:07:50,11.06,0.01,2,2212,卖盘
1200,11:07:44,11.05,--,0,0,卖盘
1201,11:07:40,11.05,-0.01,91,100555,卖盘
1202,11:07:35,11.06,--,88,97328,买盘
1203,11:07:25,11.06,0.01,14,15484,买盘
1204,11:07:20,11.05,--,40,44200,卖盘
1205,11:07:10,11.05,-0.01,19,20995,卖盘
1206,11:07:05,11.06,0.01,4,4424,买盘
1207,11:06:59,11.05,--,20,22100,卖盘
1208,11:06:55,11.05,--,28,30940,卖盘
1209,11:06:50,11.05,--,5,5525,卖盘
1210,11:06:44,11.05,--,3,3315,卖盘
1211,11:06:40,11.05,0.01,133,146965,买盘
1212,11:06:35,11.04,-0.01,17,18768,卖盘
1213,11:06:29,11.05,--,10,11050,买盘
1214,11:06:25,11.05,--,11,12155,买盘
1215,11:06:20,11.05,--,10,11050,买盘
1216,11:06:13,11.05,--,2,2210,买盘
1217,11:06:10,11.05,--,55,60775,买盘
1218,11:06:05,11.05,--,146,161330,卖盘
1219,11:05:59,11.05,--,99,109395,卖盘
1220,11:05:55,11.05,-0.01,131,144755,卖盘
1221,11:05:50,11.06,0.01,28,30968,买盘
1222,11:05:43,11.05,--,10,11050,卖盘
1223,11:05:40,11.05,-0.01,10,11050,卖盘
1224,11:05:25,11.06,0.01,1,1106,买盘
1225,11:05:20,11.05,-0.01,59,65195,卖盘
1226,11:05:05,11.06,--,103,113918,卖盘
1227,11:04:59,11.06,--,36,39816,卖盘
1228,11:04:50,11.06,-0.01,52,57512,卖盘
1229,11:04:44,11.07,0.01,20,22140,买盘
1230,11:04:40,11.06,-0.01,138,152628,卖盘
1231,11:04:35,11.07,0.01,35,38745,买盘
1232,11:04:29,11.06,-0.01,33,36498,卖盘
1233,11:04:20,11.07,--,30,33210,买盘
1234,11:04:14,11.07,--,50,55350,卖盘
1235,11:04:05,11.07,--,15,16605,卖盘
1236,11:03:59,11.07,-0.01,121,133947,卖盘
1237,11:03:50,11.08,--,2,2216,买盘
1238,11:03:44,11.08,--,27,29916,买盘
1239,11:03:35,11.08,--,2,2216,买盘
1240,11:03:25,11.08,--,25,27700,买盘
1241,11:03:20,11.08,--,42,46536,卖盘
1242,11:03:14,11.08,--,116,128528,卖盘
1243,11:03:05,11.08,--,33,36564,卖盘
1244,11:02:59,11.08,--,10,11080,卖盘
1245,11:02:44,11.08,--,63,69804,卖盘
1246,11:02:40,11.08,-0.01,95,105260,卖盘
1247,11:02:35,11.09,0.01,22,24398,买盘
1248,11:02:29,11.08,--,10,11080,卖盘
1249,11:02:23,11.08,-0.01,2,2216,卖盘
1250,11:02:05,11.09,0.01,1,1109,买盘
1251,11:01:59,11.08,-0.01,27,29916,卖盘
1252,11:01:53,11.09,--,2,2218,卖盘
1253,11:01:49,11.09,--,15,16635,卖盘
1254,11:01:44,11.09,--,160,177440,买盘
1255,11:01:34,11.09,--,7,7763,买盘
1256,11:01:14,11.09,--,20,22180,卖盘
1257,11:01:04,11.09,--,39,43251,卖盘
1258,11:00:58,11.09,--,50,55450,卖盘
1259,11:00:53,11.09,--,2,2218,卖盘
1260,11:00:49,11.09,--,32,35488,卖盘
1261,11:00:38,11.09,-0.01,158,175222,卖盘
1262,11:00:34,11.1,0.01,7,7770,买盘
1263,11:00:29,11.09,-0.01,65,72085,卖盘
1264,10:59:59,11.1,--,63,69930,卖盘
1265,10:59:53,11.1,--,10,11100,卖盘
1266,10:59:49,11.1,--,3,3330,卖盘
1267,10:59:43,11.1,--,15,16650,卖盘
1268,10:59:38,11.1,--,27,29970,卖盘
1269,10:59:34,11.1,-0.01,28,31080,卖盘
1270,10:59:23,11.11,0.01,40,44440,买盘
1271,10:59:19,11.1,-0.01,120,133200,卖盘
1272,10:59:14,11.11,0.01,27,29997,买盘
1273,10:59:08,11.1,--,1,1110,卖盘
1274,10:58:59,11.1,--,101,112110,卖盘
1275,10:58:53,11.1,--,2,2220,卖盘
1276,10:58:49,11.1,-0.01,15,16650,卖盘
1277,10:58:43,11.11,0.01,10,11110,买盘
1278,10:58:38,11.1,-0.01,159,176490,卖盘
1279,10:58:28,11.11,0.01,1,1111,买盘
1280,10:58:23,11.1,--,0,0,卖盘
1281,10:58:13,11.1,-0.01,30,33300,卖盘
1282,10:58:08,11.11,0.01,10,11110,卖盘
1283,10:57:58,11.1,-0.01,111,123210,卖盘
1284,10:57:52,11.11,0.01,3,3333,买盘
1285,10:57:44,11.1,-0.02,9,9990,卖盘
1286,10:57:38,11.12,0.01,100,111199,买盘
1287,10:57:29,11.11,0.01,1,1111,买盘
1288,10:57:23,11.1,-0.01,3,3330,卖盘
1289,10:57:19,11.11,--,65,72215,卖盘
1290,10:57:13,11.11,-0.01,4,4444,卖盘
1291,10:57:08,11.12,--,30,33360,买盘
1292,10:56:59,11.12,0.02,5,5560,买盘
1293,10:56:53,11.1,--,50,55500,卖盘
1294,10:56:49,11.1,-0.02,20,22200,卖盘
1295,10:56:43,11.12,0.02,33,36696,买盘
1296,10:56:38,11.1,--,175,194250,卖盘
1297,10:56:28,11.1,-0.01,53,58830,卖盘
1298,10:56:22,11.11,--,6,6666,卖盘
1299,10:56:16,11.11,0.01,35,38885,买盘
1300,10:56:14,11.1,--,10,11100,卖盘
1301,10:56:07,11.1,--,78,86580,卖盘
1302,10:55:58,11.1,--,149,165390,卖盘
1303,10:55:52,11.1,--,69,76590,买盘
1304,10:55:43,11.1,0.01,5,5550,买盘
1305,10:55:28,11.09,-0.02,14,15526,卖盘
1306,10:55:22,11.11,0.02,87,96657,买盘
1307,10:55:17,11.09,--,118,130862,卖盘
1308,10:55:13,11.09,--,0,0,卖盘
1309,10:55:08,11.09,--,29,32161,卖盘
1310,10:55:01,11.09,--,3,3327,卖盘
1311,10:54:58,11.09,--,7,7763,卖盘
1312,10:54:37,11.09,-0.02,181,200729,卖盘
1313,10:54:28,11.11,--,43,47773,买盘
1314,10:54:22,11.11,--,0,0,买盘
1315,10:54:16,11.11,--,20,22220,买盘
1316,10:54:13,11.11,0.01,69,76659,买盘
1317,10:54:07,11.1,--,210,233100,卖盘
1318,10:54:01,11.1,--,73,81030,卖盘
1319,10:53:58,11.1,--,3,3330,卖盘
1320,10:53:52,11.1,--,8,8880,卖盘
1321,10:53:46,11.1,--,4,4440,卖盘
1322,10:53:43,11.1,-0.01,23,25530,卖盘
1323,10:53:37,11.11,--,22,24442,买盘
1324,10:53:22,11.11,0.01,3,3333,买盘
1325,10:53:16,11.1,--,94,104340,卖盘
1326,10:53:13,11.1,-0.01,50,55500,卖盘
1327,10:53:01,11.11,0.01,3,3333,买盘
1328,10:52:58,11.1,--,3,3330,卖盘
1329,10:52:52,11.1,--,2,2220,卖盘
1330,10:52:46,11.1,--,18,19980,卖盘
1331,10:52:37,11.1,--,131,145410,卖盘
1332,10:52:28,11.1,-0.01,3,3330,卖盘
1333,10:52:16,11.11,0.01,43,47773,买盘
1334,10:52:13,11.1,-0.01,1,1110,卖盘
1335,10:52:07,11.11,--,122,135542,买盘
1336,10:52:01,11.11,--,20,22220,买盘
1337,10:51:58,11.11,--,6,6666,买盘
1338,10:51:52,11.11,--,16,17776,买盘
1339,10:51:46,11.11,0.01,178,197758,买盘
1340,10:51:43,11.1,--,1,1110,卖盘
1341,10:51:37,11.1,--,25,27750,卖盘
1342,10:51:31,11.1,--,113,125430,卖盘
1343,10:51:28,11.1,--,25,27750,卖盘
1344,10:51:16,11.1,-0.01,158,175380,卖盘
1345,10:51:07,11.11,0.01,138,153318,买盘
1346,10:50:58,11.1,--,2,2220,卖盘
1347,10:50:52,11.1,--,170,188700,买盘
1348,10:50:46,11.1,0.01,1020,1132200,买盘
1349,10:50:42,11.09,--,61,67649,买盘
1350,10:50:37,11.09,--,371,411439,买盘
1351,10:50:31,11.09,--,3,3327,买盘
1352,10:50:28,11.09,--,8,8872,买盘
1353,10:50:22,11.09,--,55,60995,买盘
1354,10:50:16,11.09,--,16,17744,买盘
1355,10:50:13,11.09,--,47,52123,买盘
1356,10:50:07,11.09,--,251,278359,买盘
1357,10:50:01,11.09,--,10,11090,买盘
1358,10:49:52,11.09,--,40,44360,买盘
1359,10:49:46,11.09,-0.01,113,125317,卖盘
1360,10:49:43,11.1,--,72,79920,买盘
1361,10:49:37,11.1,0.01,18,19980,买盘
1362,10:49:31,11.09,--,6,6654,买盘
1363,10:49:22,11.09,--,214,237326,卖盘
1364,10:48:57,11.09,-0.01,32,35488,卖盘
1365,10:48:43,11.1,--,9,9990,卖盘
1366,10:48:37,11.1,--,187,207570,卖盘
1367,10:48:31,11.1,--,273,303030,卖盘
1368,10:48:27,11.1,--,26,28860,卖盘
1369,10:48:22,11.1,--,22,24420,卖盘
1370,10:48:16,11.1,--,63,69930,卖盘
1371,10:48:12,11.1,-0.01,60,66600,卖盘
1372,10:48:07,11.11,--,145,161095,买盘
1373,10:48:01,11.11,0.01,35,38885,买盘
1374,10:47:57,11.1,-0.01,1,1110,卖盘
1375,10:47:52,11.11,0.01,3,3333,买盘
1376,10:47:40,11.1,--,5,5550,卖盘
1377,10:47:37,11.1,-0.01,9,9990,卖盘
1378,10:47:31,11.11,0.01,15,16665,买盘
1379,10:47:25,11.1,--,3,3330,卖盘
1380,10:47:22,11.1,--,5,5550,卖盘
1381,10:47:16,11.1,--,126,139860,卖盘
1382,10:47:10,11.1,--,1,1110,卖盘
1383,10:47:07,11.1,--,5,5550,卖盘
1384,10:47:01,11.1,--,8,8880,卖盘
1385,10:46:52,11.1,-0.01,2,2220,卖盘
1386,10:46:46,11.11,--,7,7777,买盘
1387,10:46:37,11.11,--,140,155540,买盘
1388,10:46:31,11.11,--,2,2222,买盘
1389,10:46:22,11.11,0.01,17,18887,买盘
1390,10:46:16,11.1,-0.01,1,1110,卖盘
1391,10:46:01,11.11,--,91,101101,卖盘
1392,10:45:46,11.11,-0.01,2,2222,卖盘
1393,10:45:40,11.12,--,3,3335,买盘
1394,10:45:31,11.12,-0.01,10,11120,买盘
1395,10:45:25,11.13,0.02,19,21147,买盘
1396,10:45:22,11.11,--,13,14443,买盘
1397,10:45:16,11.11,-0.02,203,225533,卖盘
1398,10:45:10,11.13,0.01,37,41181,买盘
1399,10:45:07,11.12,--,0,0,卖盘
1400,10:45:01,11.12,--,32,35584,卖盘
1401,10:44:52,11.12,--,11,12232,卖盘
1402,10:44:46,11.12,--,8,8896,卖盘
1403,10:44:40,11.12,--,177,196824,买盘
1404,10:44:37,11.12,--,5,5560,买盘
1405,10:44:31,11.12,--,40,44480,买盘
1406,10:44:25,11.12,--,43,47816,买盘
1407,10:44:16,11.12,--,21,23352,买盘
1408,10:44:10,11.12,--,37,41144,买盘
1409,10:44:07,11.12,--,24,26687,买盘
1410,10:44:01,11.12,-0.01,28,31135,卖盘
1411,10:43:55,11.13,0.01,56,62328,买盘
1412,10:43:52,11.12,-0.01,20,22240,卖盘
1413,10:43:46,11.13,--,15,16695,买盘
1414,10:43:40,11.13,0.01,133,148029,买盘
1415,10:43:37,11.12,--,6,6671,卖盘
1416,10:43:31,11.12,-0.01,140,155680,卖盘
1417,10:43:25,11.13,0.01,284,316092,买盘
1418,10:43:22,11.12,-0.01,28,31135,卖盘
1419,10:43:16,11.13,0.01,185,205905,买盘
1420,10:43:10,11.12,--,81,90072,中性盘
1421,10:43:07,11.12,--,0,0,卖盘
1422,10:43:01,11.12,0.01,15,16680,卖盘
1423,10:42:55,11.11,--,137,152207,买盘
1424,10:42:52,11.11,-0.01,239,265529,卖盘
1425,10:42:40,11.12,--,174,193488,买盘
1426,10:42:25,11.12,0.01,85,94520,买盘
1427,10:42:21,11.11,-0.01,20,22220,卖盘
1428,10:42:16,11.12,0.01,52,57823,买盘
1429,10:42:10,11.11,-0.01,1,1111,卖盘
1430,10:42:06,11.12,0.01,18,20016,买盘
1431,10:42:01,11.11,-0.01,384,426624,卖盘
1432,10:41:55,11.12,0.01,59,65608,买盘
1433,10:41:51,11.11,-0.01,8,8888,卖盘
1434,10:41:46,11.12,0.01,5,5560,买盘
1435,10:41:40,11.11,--,4,4444,卖盘
1436,10:41:36,11.11,--,305,338855,买盘
1437,10:41:31,11.11,-0.01,35,38885,卖盘
1438,10:41:25,11.12,0.01,101,112311,买盘
1439,10:41:21,11.11,-0.01,10,11110,卖盘
1440,10:41:16,11.12,--,108,120095,买盘
1441,10:41:06,11.12,0.01,18,20016,买盘
1442,10:41:01,11.11,0.01,67,74437,中性盘
1443,10:40:55,11.1,-0.01,39,43290,卖盘
1444,10:40:46,11.11,0.01,39,43329,买盘
1445,10:40:40,11.1,--,216,239760,买盘
1446,10:40:36,11.1,--,15,16650,买盘
1447,10:40:31,11.1,--,276,306360,卖盘
1448,10:40:25,11.1,-0.01,21,23310,卖盘
1449,10:40:16,11.11,0.01,9,9999,买盘
1450,10:40:10,11.1,--,27,29970,卖盘
1451,10:40:06,11.1,--,20,22200,卖盘
1452,10:40:01,11.1,--,121,134310,卖盘
1453,10:39:55,11.1,--,110,122100,卖盘
1454,10:39:49,11.1,--,20,22200,卖盘
1455,10:39:46,11.1,--,107,118770,买盘
1456,10:39:40,11.1,--,37,41070,买盘
1457,10:39:34,11.1,--,2,2220,买盘
1458,10:39:25,11.1,-0.01,385,427350,卖盘
1459,10:39:16,11.11,--,120,133320,买盘
1460,10:39:10,11.11,--,19,21109,买盘
1461,10:39:04,11.11,0.01,2,2222,买盘
1462,10:39:01,11.1,-0.01,10,11100,卖盘
1463,10:38:55,11.11,--,38,42218,买盘
1464,10:38:49,11.11,--,16,17776,买盘
1465,10:38:46,11.11,--,23,25553,买盘
1466,10:38:40,11.11,--,38,42218,买盘
1467,10:38:34,11.11,-0.01,97,107767,卖盘
1468,10:38:25,11.12,--,48,53375,买盘
1469,10:38:19,11.12,--,19,21128,买盘
1470,10:38:16,11.12,-0.01,45,50040,卖盘
1471,10:38:10,11.13,--,106,117978,买盘
1472,10:38:04,11.13,--,24,26712,买盘
1473,10:37:55,11.13,--,42,46746,买盘
1474,10:37:49,11.13,--,59,65667,卖盘
1475,10:37:46,11.13,--,14,15582,卖盘
1476,10:37:40,11.13,0.01,52,57876,买盘
1477,10:37:34,11.12,-0.01,6,6671,中性盘
1478,10:37:25,11.13,0.02,214,238182,买盘
1479,10:37:19,11.11,0.01,66,73326,卖盘
1480,10:37:10,11.1,-0.01,127,140970,卖盘
1481,10:37:04,11.11,0.01,10,11110,买盘
1482,10:37:01,11.1,--,5,5550,卖盘
1483,10:36:55,11.1,-0.01,68,75480,卖盘
1484,10:36:49,11.11,0.01,77,85547,买盘
1485,10:36:40,11.1,--,97,107670,卖盘
1486,10:36:34,11.1,--,100,111000,卖盘
1487,10:36:31,11.1,--,2,2220,卖盘
1488,10:36:25,11.1,--,38,42180,买盘
1489,10:36:19,11.1,--,416,461760,卖盘
1490,10:36:16,11.1,--,8,8880,卖盘
1491,10:36:10,11.1,--,10,11100,卖盘
1492,10:36:04,11.1,0.01,335,371850,买盘
1493,10:35:55,11.09,-0.01,22,24398,卖盘
1494,10:35:49,11.1,0.01,25,27750,买盘
1495,10:35:45,11.09,-0.01,12,13308,卖盘
1496,10:35:40,11.1,--,20,22200,买盘
1497,10:35:34,11.1,--,5,5550,买盘
1498,10:35:30,11.1,0.01,69,76590,买盘
1499,10:35:10,11.09,-0.01,7,7763,卖盘
1500,10:35:04,11.1,0.01,20,22200,买盘
1501,10:34:55,11.09,--,4,4436,卖盘
1502,10:34:49,11.09,--,18,19962,卖盘
1503,10:34:45,11.09,--,8,8872,买盘
1504,10:34:40,11.09,--,5,5545,买盘
1505,10:34:34,11.09,--,42,46578,买盘
1506,10:34:30,11.09,--,3,3327,买盘
1507,10:34:25,11.09,--,21,23289,买盘
1508,10:34:19,11.09,--,37,41033,买盘
1509,10:34:15,11.09,--,4,4436,买盘
1510,10:34:10,11.09,--,40,44360,买盘
1511,10:34:04,11.09,--,16,17744,买盘
1512,10:34:00,11.09,0.01,13,14417,买盘
1513,10:33:40,11.08,--,253,280324,买盘
1514,10:33:34,11.08,--,31,34348,买盘
1515,10:33:30,11.08,--,16,17728,买盘
1516,10:33:25,11.08,--,61,67588,买盘
1517,10:33:19,11.08,--,24,26592,买盘
1518,10:33:15,11.08,--,174,192792,买盘
1519,10:33:10,11.08,--,58,64264,买盘
1520,10:33:04,11.08,--,186,206088,卖盘
1521,10:32:55,11.08,-0.01,239,264812,卖盘
1522,10:32:40,11.09,--,50,55450,买盘
1523,10:32:34,11.09,-0.05,152,168568,卖盘
1524,10:32:25,11.14,0.04,1681,1872634,买盘
1525,10:32:15,11.1,0.01,49,54390,买盘
1526,10:32:10,11.09,-0.01,13,14417,卖盘
1527,10:32:04,11.1,0.01,155,172050,买盘
1528,10:31:59,11.09,-0.01,18,19962,卖盘
1529,10:31:49,11.1,0.01,665,738150,买盘
1530,10:31:43,11.09,--,195,216255,买盘
1531,10:31:34,11.09,--,16,17744,买盘
1532,10:31:19,11.09,--,35,38815,买盘
1533,10:31:13,11.09,--,12,13308,买盘
1534,10:31:10,11.09,--,44,48796,买盘
1535,10:31:04,11.09,--,17,18853,买盘
1536,10:30:49,11.09,--,18,19962,买盘
1537,10:30:43,11.09,--,136,150824,买盘
1538,10:30:40,11.09,0.02,13,14417,买盘
1539,10:30:34,11.07,-0.02,40,44280,卖盘
1540,10:30:28,11.09,0.01,348,385932,买盘
1541,10:30:25,11.08,--,2,2216,卖盘
1542,10:30:19,11.08,--,100,110800,买盘
1543,10:30:13,11.08,--,39,43212,买盘
1544,10:30:10,11.08,0.01,17,18836,买盘
1545,10:30:04,11.07,--,2,2214,卖盘
1546,10:29:58,11.07,--,52,57564,买盘
1547,10:29:43,11.07,--,4,4428,买盘
1548,10:29:34,11.07,--,10,11070,买盘
1549,10:29:28,11.07,-0.01,61,67527,卖盘
1550,10:29:25,11.08,0.01,30,33240,买盘
1551,10:29:19,11.07,--,35,38745,卖盘
1552,10:29:04,11.07,--,9,9963,买盘
1553,10:28:58,11.07,--,18,19926,买盘
1554,10:28:49,11.07,--,1,1107,买盘
1555,10:28:43,11.07,--,25,27675,买盘
1556,10:28:39,11.07,-0.01,27,29889,卖盘
1557,10:28:34,11.08,0.01,10,11080,买盘
1558,10:28:28,11.07,--,10,11070,卖盘
1559,10:28:25,11.07,--,1,1107,卖盘
1560,10:28:19,11.07,--,7,7749,卖盘
1561,10:28:09,11.07,--,26,28782,卖盘
1562,10:28:04,11.07,--,27,29889,卖盘
1563,10:27:58,11.07,--,19,21033,买盘
1564,10:27:49,11.07,--,32,35424,买盘
1565,10:27:43,11.07,--,74,81918,卖盘
1566,10:27:34,11.07,-0.01,187,207009,卖盘
1567,10:27:28,11.08,0.01,19,21052,买盘
1568,10:27:24,11.07,--,2,2214,卖盘
1569,10:27:19,11.07,--,10,11070,卖盘
1570,10:27:13,11.07,-0.01,15,16605,卖盘
1571,10:27:04,11.08,--,5,5540,买盘
1572,10:26:54,11.08,0.01,17,18836,买盘
1573,10:26:49,11.07,--,10,11070,卖盘
1574,10:26:43,11.07,--,12,13284,卖盘
1575,10:26:39,11.07,-0.01,2,2214,卖盘
1576,10:26:34,11.08,--,6,6648,买盘
1577,10:26:28,11.08,0.02,5,5540,买盘
1578,10:26:24,11.06,--,0,0,卖盘
1579,10:26:19,11.06,-0.03,177,195762,卖盘
1580,10:26:13,11.09,0.01,20,22180,买盘
1581,10:26:04,11.08,--,50,55400,卖盘
1582,10:25:58,11.08,0.01,376,416608,买盘
1583,10:25:49,11.07,-0.01,12,13284,卖盘
1584,10:25:43,11.08,0.01,9,9972,买盘
1585,10:25:39,11.07,--,20,22140,卖盘
1586,10:25:34,11.07,--,44,48708,卖盘
1587,10:25:28,11.07,--,31,34317,卖盘
1588,10:25:24,11.07,--,15,16605,卖盘
1589,10:25:19,11.07,-0.01,5,5535,卖盘
1590,10:25:13,11.08,0.01,20,22160,买盘
1591,10:25:04,11.07,-0.02,2,2214,卖盘
1592,10:24:54,11.09,0.01,25,27725,买盘
1593,10:24:49,11.08,--,19,21052,卖盘
1594,10:24:43,11.08,--,45,49860,卖盘
1595,10:24:39,11.08,0.01,108,119664,买盘
1596,10:24:28,11.07,-0.01,5,5535,卖盘
1597,10:24:24,11.08,-0.01,100,110800,买盘
1598,10:24:19,11.09,--,15,16635,买盘
1599,10:24:13,11.09,0.02,300,332700,买盘
1600,10:24:09,11.07,-0.01,1,1107,卖盘
1601,10:24:04,11.08,--,0,0,中性盘
1602,10:23:58,11.08,--,33,36564,卖盘
1603,10:23:52,11.08,--,16,17728,卖盘
1604,10:23:49,11.08,-0.01,24,26592,买盘
1605,10:23:43,11.09,0.01,62,68758,买盘
1606,10:23:37,11.08,--,2,2216,卖盘
1607,10:23:34,11.08,--,20,22160,卖盘
1608,10:23:28,11.08,--,123,136284,卖盘
1609,10:23:19,11.08,--,7,7756,卖盘
1610,10:23:13,11.08,-0.01,4,4432,卖盘
1611,10:23:07,11.09,0.01,16,17744,买盘
1612,10:23:04,11.08,-0.01,5,5540,卖盘
1613,10:22:58,11.09,0.01,30,33270,买盘
1614,10:22:52,11.08,--,135,149580,卖盘
1615,10:22:37,11.08,--,2,2216,卖盘
1616,10:22:34,11.08,--,25,27700,卖盘
1617,10:22:28,11.08,-0.01,656,726848,卖盘
1618,10:22:22,11.09,0.01,399,442491,买盘
1619,10:22:19,11.08,--,8,8864,卖盘
1620,10:22:13,11.08,--,3,3324,卖盘
1621,10:22:07,11.08,-0.01,2,2216,卖盘
1622,10:21:58,11.09,--,86,95374,买盘
1623,10:21:43,11.09,-0.01,211,233999,卖盘
1624,10:21:37,11.1,0.01,8,8880,买盘
1625,10:21:28,11.09,--,22,24398,卖盘
1626,10:21:22,11.09,-0.01,3,3327,卖盘
1627,10:21:13,11.1,--,15,16650,买盘
1628,10:21:07,11.1,0.02,105,116550,买盘
1629,10:21:03,11.08,-0.02,10,11080,卖盘
1630,10:20:58,11.1,0.01,21,23310,买盘
1631,10:20:52,11.09,--,6,6654,买盘
1632,10:20:48,11.09,--,59,65431,卖盘
1633,10:20:43,11.09,-0.01,41,45469,中性盘
1634,10:20:37,11.1,0.01,26,28860,买盘
1635,10:20:33,11.09,--,19,21071,卖盘
1636,10:20:28,11.09,--,10,11090,卖盘
1637,10:20:22,11.09,--,19,21071,卖盘
1638,10:20:13,11.09,0.01,3,3327,买盘
1639,10:20:07,11.08,-0.02,10,11080,卖盘
1640,10:19:58,11.1,0.01,22,24420,买盘
1641,10:19:52,11.09,-0.01,10,11090,中性盘
1642,10:19:48,11.1,--,64,71273,卖盘
1643,10:19:43,11.1,0.01,450,500376,买盘
1644,10:19:37,11.09,--,123,137283,卖盘
1645,10:19:33,11.09,--,18,19962,卖盘
1646,10:19:28,11.09,--,10,11090,卖盘
1647,10:19:22,11.09,--,22,24398,卖盘
1648,10:19:18,11.09,--,62,68990,卖盘
1649,10:19:07,11.09,--,38,42142,卖盘
1650,10:18:58,11.09,--,50,55450,卖盘
1651,10:18:48,11.09,--,26,28834,卖盘
1652,10:18:43,11.09,--,2,2218,卖盘
1653,10:18:37,11.09,-0.01,100,110900,卖盘
1654,10:18:33,11.1,0.01,15,16650,买盘
1655,10:18:22,11.09,-0.01,176,195184,卖盘
1656,10:18:18,11.1,0.01,1,1110,买盘
1657,10:18:13,11.09,-0.01,16,17744,卖盘
1658,10:18:07,11.1,0.01,28,31080,买盘
1659,10:18:03,11.09,--,50,55450,卖盘
1660,10:17:58,11.09,--,53,58777,卖盘
1661,10:17:48,11.09,-0.01,6,6654,卖盘
1662,10:17:43,11.1,0.01,5,5550,买盘
1663,10:17:37,11.09,0.01,1,1109,卖盘
1664,10:17:33,11.08,--,0,0,卖盘
1665,10:17:28,11.08,-0.02,19,21052,卖盘
1666,10:17:22,11.1,0.01,119,132090,买盘
1667,10:17:18,11.09,-0.01,28,31052,买盘
1668,10:17:13,11.1,--,0,0,买盘
1669,10:17:03,11.1,--,28,31080,买盘
1670,10:16:58,11.1,0.01,40,44400,买盘
1671,10:16:48,11.09,-0.01,119,131971,卖盘
1672,10:16:37,11.1,0.01,20,22200,买盘
1673,10:16:33,11.09,-0.01,15,16635,卖盘
1674,10:16:22,11.1,--,20,22200,买盘
1675,10:16:16,11.1,--,96,106560,买盘
1676,10:16:13,11.1,--,55,61050,买盘
1677,10:16:07,11.1,--,7,8236,卖盘
1678,10:16:01,11.1,--,60,66600,卖盘
1679,10:15:57,11.1,--,97,107670,卖盘
1680,10:15:52,11.1,--,211,234853,买盘
1681,10:15:46,11.1,0.01,5,5550,买盘
1682,10:15:37,11.09,-0.01,17,18853,卖盘
1683,10:15:31,11.1,--,80,89266,卖盘
1684,10:15:27,11.1,--,1,1110,卖盘
1685,10:15:22,11.1,--,85,94350,卖盘
1686,10:15:16,11.1,--,45,49950,卖盘
1687,10:15:12,11.1,--,67,74370,卖盘
1688,10:15:01,11.1,-0.01,16,17760,卖盘
1689,10:14:57,11.11,--,27,29997,卖盘
1690,10:14:52,11.11,--,164,182204,卖盘
1691,10:14:46,11.11,-0.01,17,18887,卖盘
1692,10:14:42,11.12,0.01,126,140112,买盘
1693,10:14:37,11.11,-0.01,43,47773,卖盘
1694,10:14:31,11.12,0.01,20,22240,中性盘
1695,10:14:27,11.11,-0.01,231,256641,卖盘
1696,10:14:22,11.12,--,106,117871,买盘
1697,10:14:16,11.12,--,120,133440,买盘
1698,10:14:12,11.12,--,5,5560,买盘
1699,10:14:07,11.12,--,43,47816,买盘
1700,10:14:01,11.12,--,80,88960,卖盘
1701,10:13:57,11.12,--,15,16680,卖盘
1702,10:13:52,11.12,--,30,33360,卖盘
1703,10:13:46,11.12,--,15,16680,卖盘
1704,10:13:42,11.12,0.01,30,33360,中性盘
1705,10:13:37,11.11,-0.01,59,65549,卖盘
1706,10:13:31,11.12,0.01,29,32247,中性盘
1707,10:13:27,11.11,--,623,692153,卖盘
1708,10:13:22,11.11,-0.01,43,47773,卖盘
1709,10:13:16,11.12,0.01,161,179032,买盘
1710,10:13:12,11.11,--,52,57772,卖盘
1711,10:13:07,11.11,-0.01,2,2222,中性盘
1712,10:13:01,11.12,0.02,14,15567,买盘
1713,10:12:57,11.1,-0.01,12,13320,卖盘
1714,10:12:52,11.11,0.01,119,132209,买盘
1715,10:12:46,11.1,--,558,619380,卖盘
1716,10:12:42,11.1,--,31,34410,卖盘
1717,10:12:37,11.1,--,298,331423,买盘
1718,10:12:31,11.1,--,215,238650,买盘
1719,10:12:22,11.1,0.03,33,36630,买盘
1720,10:12:16,11.07,-0.01,2002,2216214,卖盘
1721,10:12:12,11.08,--,10,11080,买盘
1722,10:12:07,11.08,--,73,81349,卖盘
1723,10:12:01,11.08,--,45,49860,卖盘
1724,10:11:57,11.08,--,11,12188,卖盘
1725,10:11:52,11.08,-0.01,59,65372,卖盘
1726,10:11:46,11.09,--,199,220691,买盘
1727,10:11:42,11.09,0.01,189,209601,买盘
1728,10:11:37,11.08,--,4,4432,卖盘
1729,10:11:31,11.08,--,30,33240,卖盘
1730,10:11:27,11.08,--,91,101470,买盘
1731,10:11:22,11.08,--,28,31024,买盘
1732,10:11:16,11.08,0.01,33,36564,买盘
1733,10:11:12,11.07,-0.01,37,40959,卖盘
1734,10:11:07,11.08,0.01,21,23567,买盘
1735,10:10:57,11.07,0.01,41,45387,卖盘
1736,10:10:46,11.06,-0.01,2066,2284996,卖盘
1737,10:10:42,11.07,0.01,66,73062,买盘
1738,10:10:37,11.06,-0.01,56,61936,卖盘
1739,10:10:27,11.07,0.01,8,8856,买盘
1740,10:10:22,11.06,--,65,71890,卖盘
1741,10:10:16,11.06,-0.01,20,22120,卖盘
1742,10:10:11,11.07,0.01,36,39852,买盘
1743,10:10:01,11.06,--,5,5530,卖盘
1744,10:09:56,11.06,--,5,5530,卖盘
1745,10:09:52,11.06,0.02,167,184702,买盘
1746,10:09:46,11.04,-0.01,7,7727,卖盘
1747,10:09:42,11.05,--,30,33150,买盘
1748,10:09:37,11.05,--,14,15470,买盘
1749,10:09:31,11.05,--,102,112710,卖盘
1750,10:09:25,11.05,-0.01,12,13260,卖盘
1751,10:09:21,11.06,--,83,91798,买盘
1752,10:09:16,11.06,--,11,12166,买盘
1753,10:09:10,11.06,--,43,47558,卖盘
1754,10:09:01,11.06,-0.01,42,46452,卖盘
1755,10:08:55,11.07,--,0,0,买盘
1756,10:08:51,11.07,--,28,30996,买盘
1757,10:08:36,11.07,0.02,69,76383,买盘
1758,10:08:31,11.05,-0.02,16,17680,卖盘
1759,10:08:25,11.07,--,56,61992,买盘
1760,10:08:21,11.07,0.01,25,27675,买盘
1761,10:08:16,11.06,-0.01,21,24210,卖盘
1762,10:08:10,11.07,0.01,20,22140,买盘
1763,10:08:06,11.06,--,45,49770,卖盘
1764,10:08:01,11.06,--,100,110600,卖盘
1765,10:07:55,11.06,--,47,51982,卖盘
1766,10:07:51,11.06,--,23,25438,卖盘
1767,10:07:46,11.06,-0.01,80,88480,卖盘
1768,10:07:40,11.07,0.01,24,26568,买盘
1769,10:07:31,11.06,--,38,42028,卖盘
1770,10:07:25,11.06,0.02,300,331921,买盘
1771,10:07:21,11.04,--,14,15455,卖盘
1772,10:07:16,11.04,0.01,80,88353,买盘
1773,10:07:10,11.03,-0.01,8,8824,卖盘
1774,10:07:01,11.04,--,124,137856,卖盘
1775,10:06:55,11.04,-0.02,115,126959,卖盘
1776,10:06:51,11.06,0.02,535,591853,买盘
1777,10:06:46,11.04,--,103,113711,卖盘
1778,10:06:40,11.04,--,92,101567,卖盘
1779,10:06:36,11.04,-0.01,9,9936,卖盘
1780,10:06:31,11.05,0.01,4,4420,买盘
1781,10:06:25,11.04,-0.02,1,1104,卖盘
1782,10:06:21,11.06,0.02,605,669130,买盘
1783,10:06:15,11.04,-0.01,22,24287,卖盘
1784,10:06:10,11.05,--,18,19890,买盘
1785,10:06:06,11.05,--,27,29835,卖盘
1786,10:06:01,11.05,-0.01,25,27625,卖盘
1787,10:05:55,11.06,0.01,19,21014,买盘
1788,10:05:51,11.05,-0.01,31,34255,卖盘
1789,10:05:46,11.06,--,6,6636,买盘
1790,10:05:40,11.06,--,74,81844,买盘
1791,10:05:30,11.06,--,36,39816,买盘
1792,10:05:25,11.06,0.01,1,1106,买盘
1793,10:05:21,11.05,-0.01,15,16575,卖盘
1794,10:05:10,11.06,--,179,198969,卖盘
1795,10:05:06,11.06,--,7,7742,卖盘
1796,10:05:01,11.06,--,57,63042,卖盘
1797,10:04:55,11.06,0.01,417,461312,买盘
1798,10:04:51,11.05,0.01,17,18785,买盘
1799,10:04:45,11.04,-0.01,30,33120,卖盘
1800,10:04:40,11.05,--,43,47515,卖盘
1801,10:04:36,11.05,--,266,293930,卖盘
1802,10:04:30,11.05,-0.01,5,5525,卖盘
1803,10:04:25,11.06,0.01,9,9954,买盘
1804,10:04:21,11.05,-0.01,11,12155,卖盘
1805,10:04:16,11.06,--,14,15484,买盘
1806,10:04:10,11.06,--,10,11060,买盘
1807,10:04:06,11.06,-0.01,104,115024,买盘
1808,10:04:00,11.07,0.01,100,110700,买盘
1809,10:03:55,11.06,-0.01,23,25438,卖盘
1810,10:03:51,11.07,--,5,5535,买盘
1811,10:03:45,11.07,--,8,8856,买盘
1812,10:03:40,11.07,--,91,100737,买盘
1813,10:03:36,11.07,-0.01,211,234418,卖盘
1814,10:03:30,11.08,--,6,6648,买盘
1815,10:03:25,11.08,0.01,97,107476,买盘
1816,10:03:21,11.07,--,13,14391,卖盘
1817,10:03:15,11.07,--,12,13284,卖盘
1818,10:03:10,11.07,0.02,291,322402,买盘
1819,10:03:06,11.05,--,70,77350,卖盘
1820,10:03:00,11.05,-0.01,4,4420,卖盘
1821,10:02:55,11.06,0.01,14,15484,买盘
1822,10:02:50,11.05,--,97,107185,卖盘
1823,10:02:45,11.05,-0.02,34,37570,卖盘
1824,10:02:40,11.07,0.02,1049,1161243,买盘
1825,10:02:35,11.05,--,10,11050,卖盘
1826,10:02:30,11.05,--,20,22100,卖盘
1827,10:02:25,11.05,--,27,29835,卖盘
1828,10:02:19,11.05,0.01,200,221000,买盘
1829,10:02:10,11.04,--,94,103775,卖盘
1830,10:02:04,11.04,--,35,38640,卖盘
1831,10:01:49,11.04,--,159,175536,买盘
1832,10:01:45,11.04,--,4,4416,买盘
1833,10:01:40,11.04,-0.01,87,96047,卖盘
1834,10:01:34,11.05,--,117,129285,买盘
1835,10:01:30,11.05,0.01,5,5525,买盘
1836,10:01:25,11.04,--,21,23184,卖盘
1837,10:01:19,11.04,--,51,56303,卖盘
1838,10:01:15,11.04,-0.01,184,203135,卖盘
1839,10:01:10,11.05,--,40,44200,买盘
1840,10:01:04,11.05,--,14,15470,卖盘
1841,10:01:00,11.05,--,2,2210,卖盘
1842,10:00:55,11.05,0.01,88,97240,买盘
1843,10:00:49,11.04,-0.01,11,12143,卖盘
1844,10:00:45,11.05,--,26,28730,买盘
1845,10:00:40,11.05,--,50,55250,买盘
1846,10:00:34,11.05,--,67,74035,买盘
1847,10:00:30,11.05,0.01,15,16575,买盘
1848,10:00:25,11.04,-0.01,46,50783,卖盘
1849,10:00:19,11.05,--,25,27625,买盘
1850,10:00:15,11.05,--,15,16575,买盘
1851,10:00:10,11.05,-0.01,1096,1211080,卖盘
1852,10:00:04,11.06,0.01,48,53088,买盘
1853,10:00:00,11.05,--,27,29835,卖盘
1854,09:59:55,11.05,-0.01,118,130390,卖盘
1855,09:59:49,11.06,--,2,2212,买盘
1856,09:59:45,11.06,--,20,22120,买盘
1857,09:59:40,11.06,--,27,29862,卖盘
1858,09:59:34,11.06,-0.01,3,3318,卖盘
1859,09:59:30,11.07,--,15,16605,买盘
1860,09:59:25,11.07,0.02,32,35424,买盘
1861,09:59:19,11.05,-0.02,22,24310,卖盘
1862,09:59:15,11.07,0.01,10,11070,买盘
1863,09:59:09,11.06,-0.02,1,1106,买盘
1864,09:59:04,11.08,0.03,100,110800,买盘
1865,09:59:00,11.05,-0.02,105,116025,卖盘
1866,09:58:54,11.07,--,30,33210,卖盘
1867,09:58:49,11.07,0.02,901,997407,买盘
1868,09:58:45,11.05,--,36,39780,卖盘
1869,09:58:34,11.05,-0.01,26,28730,卖盘
1870,09:58:30,11.06,0.01,48,53088,买盘
1871,09:58:24,11.05,--,0,0,卖盘
1872,09:58:19,11.05,--,802,886210,卖盘
1873,09:58:15,11.05,0.01,279,308295,买盘
1874,09:58:09,11.04,--,22,24287,卖盘
1875,09:58:04,11.04,--,3,3311,卖盘
1876,09:58:00,11.04,--,39,43056,卖盘
1877,09:57:49,11.04,-0.01,58,64031,卖盘
1878,09:57:45,11.05,0.01,47,51935,买盘
1879,09:57:39,11.04,--,15,16560,卖盘
1880,09:57:34,11.04,-0.01,31,34224,卖盘
1881,09:57:30,11.05,--,142,156910,中性盘
1882,09:57:24,11.05,0.01,131,144755,中性盘
1883,09:57:19,11.04,-0.01,72,79488,卖盘
1884,09:57:15,11.05,-0.01,10,11050,中性盘
1885,09:57:09,11.06,0.01,91,100646,买盘
1886,09:57:04,11.05,--,33,36465,买盘
1887,09:57:00,11.05,0.01,1,1105,买盘
1888,09:56:49,11.04,--,65,71760,卖盘
1889,09:56:45,11.04,-0.02,9,9936,卖盘
1890,09:56:39,11.06,0.02,18,19908,买盘
1891,09:56:34,11.04,-0.02,261,288144,卖盘
1892,09:56:30,11.06,0.01,145,160370,买盘
1893,09:56:24,11.05,--,25,27625,卖盘
1894,09:56:19,11.05,-0.02,9,9945,卖盘
1895,09:56:15,11.07,0.01,35,38745,买盘
1896,09:56:04,11.06,0.01,21,23226,买盘
1897,09:56:00,11.05,-0.01,88,97240,卖盘
1898,09:55:54,11.06,-0.01,112,123872,卖盘
1899,09:55:49,11.07,--,81,89667,卖盘
1900,09:55:45,11.07,0.01,218,241326,买盘
1901,09:55:39,11.06,0.01,95,105070,中性盘
1902,09:55:34,11.05,-0.01,142,156910,卖盘
1903,09:55:29,11.06,-0.01,187,206822,买盘
1904,09:55:24,11.07,0.01,54,59778,买盘
1905,09:55:19,11.06,--,176,194656,卖盘
1906,09:55:14,11.06,0.01,108,119448,买盘
1907,09:55:09,11.05,-0.01,5,5525,卖盘
1908,09:55:04,11.06,0.01,29,32074,买盘
1909,09:54:59,11.05,--,130,143650,买盘
1910,09:54:54,11.05,0.01,76,83980,买盘
1911,09:54:49,11.04,-0.01,28,30911,卖盘
1912,09:54:44,11.05,0.01,136,150280,买盘
1913,09:54:39,11.04,--,101,111503,卖盘
1914,09:54:34,11.04,0.01,125,138000,买盘
1915,09:54:28,11.03,-0.01,21,23163,中性盘
1916,09:54:19,11.04,0.02,61,67344,买盘
1917,09:54:13,11.02,--,9,9918,卖盘
1918,09:54:04,11.02,--,89,98078,买盘
1919,09:53:58,11.02,--,130,143260,买盘
1920,09:53:54,11.02,--,91,100282,买盘
1921,09:53:49,11.02,0.01,53,58406,买盘
1922,09:53:43,11.01,--,69,75969,卖盘
1923,09:53:34,11.01,0.01,19,21931,买盘
1924,09:53:28,11.0,-0.01,6,6600,卖盘
1925,09:53:24,11.01,0.01,53,58353,买盘
1926,09:53:19,11.0,--,232,255200,买盘
1927,09:53:13,11.0,--,191,210100,买盘
1928,09:53:09,11.0,--,41,45100,买盘
1929,09:53:04,11.0,--,78,85800,买盘
1930,09:52:58,11.0,0.01,210,231000,买盘
1931,09:52:54,10.99,--,22,24178,买盘
1932,09:52:49,10.99,--,73,80227,买盘
1933,09:52:43,10.99,--,214,235186,买盘
1934,09:52:39,10.99,--,56,61544,买盘
1935,09:52:34,10.99,--,13,14287,买盘
1936,09:52:28,10.99,0.01,48,52752,买盘
1937,09:52:24,10.98,--,60,65880,卖盘
1938,09:52:18,10.98,--,147,161406,买盘
1939,09:52:13,10.98,--,127,139446,买盘
1940,09:52:09,10.98,--,161,176778,买盘
1941,09:51:58,10.98,0.01,10,10980,买盘
1942,09:51:54,10.97,--,103,112991,卖盘
1943,09:51:48,10.97,-0.01,10,10970,卖盘
1944,09:51:43,10.98,0.01,34,37332,买盘
1945,09:51:39,10.97,0.01,181,198754,买盘
1946,09:51:33,10.96,-0.01,30,32880,卖盘
1947,09:51:28,10.97,--,60,65820,买盘
1948,09:51:24,10.97,--,14,15358,买盘
1949,09:51:18,10.97,0.01,24,26328,买盘
1950,09:51:13,10.96,--,5,5480,卖盘
1951,09:51:09,10.96,-0.01,65,71240,卖盘
1952,09:51:03,10.97,0.01,16,17552,买盘
1953,09:50:58,10.96,-0.01,3,3288,卖盘
1954,09:50:54,10.97,0.01,5,5485,买盘
1955,09:50:48,10.96,-0.01,3,3288,卖盘
1956,09:50:43,10.97,0.01,10,10970,买盘
1957,09:50:39,10.96,-0.01,1,1096,卖盘
1958,09:50:33,10.97,0.01,14,15358,买盘
1959,09:50:28,10.96,-0.01,14,15344,卖盘
1960,09:50:23,10.97,--,57,62529,买盘
1961,09:50:18,10.97,0.01,12,13164,买盘
1962,09:50:13,10.96,-0.01,40,43840,卖盘
1963,09:50:09,10.97,--,6,6582,买盘
1964,09:50:03,10.97,--,35,38395,买盘
1965,09:49:58,10.97,0.01,209,229273,买盘
1966,09:49:53,10.96,--,2,2192,卖盘
1967,09:49:48,10.96,-0.01,23,25208,卖盘
1968,09:49:43,10.97,--,132,144804,买盘
1969,09:49:38,10.97,--,8,8776,买盘
1970,09:49:33,10.97,0.01,39,42783,买盘
1971,09:49:28,10.96,--,32,35072,买盘
1972,09:49:24,10.96,-0.01,59,64664,卖盘
1973,09:49:18,10.97,--,1,1097,买盘
1974,09:49:13,10.97,0.02,82,89954,买盘
1975,09:49:08,10.95,-0.01,39,42705,卖盘
1976,09:49:03,10.96,--,30,32880,卖盘
1977,09:48:58,10.96,--,30,32880,卖盘
1978,09:48:53,10.96,--,60,65760,卖盘
1979,09:48:43,10.96,--,109,120351,买盘
1980,09:48:38,10.96,--,161,176456,买盘
1981,09:48:33,10.96,--,3,3288,买盘
1982,09:48:28,10.96,0.01,24,26304,买盘
1983,09:48:23,10.95,-0.01,520,569400,卖盘
1984,09:48:18,10.96,0.01,40,43840,买盘
1985,09:48:08,10.95,-0.01,57,62414,卖盘
1986,09:48:03,10.96,0.01,2,2192,买盘
1987,09:47:58,10.95,-0.01,83,90885,卖盘
1988,09:47:43,10.96,0.01,24,26304,买盘
1989,09:47:33,10.95,-0.01,31,33945,卖盘
1990,09:47:23,10.96,--,26,28496,买盘
1991,09:47:18,10.96,0.01,44,48224,买盘
1992,09:47:13,10.95,-0.01,20,21900,卖盘
1993,09:47:08,10.96,--,26,28496,买盘
1994,09:47:03,10.96,--,1,1096,买盘
1995,09:46:58,10.96,0.01,65,71240,买盘
1996,09:46:53,10.95,-0.01,210,229949,卖盘
1997,09:46:48,10.96,--,30,32880,买盘
1998,09:46:43,10.96,0.01,10,10960,买盘
1999,09:46:37,10.95,-0.01,61,66795,卖盘
2000,09:46:33,10.96,--,17,18632,买盘
2001,09:46:28,10.96,--,55,60280,买盘
2002,09:46:22,10.96,--,11,12056,买盘
2003,09:46:18,10.96,--,10,10960,买盘
2004,09:46:13,10.96,--,6,6576,买盘
2005,09:46:07,10.96,--,35,38360,买盘
2006,09:45:58,10.96,--,4,4384,买盘
2007,09:45:52,10.96,--,28,30896,卖盘
2008,09:45:48,10.96,--,125,137000,卖盘
2009,09:45:42,10.96,--,40,43840,卖盘
2010,09:45:37,10.96,--,50,54800,卖盘
2011,09:45:33,10.96,--,212,232352,卖盘
2012,09:45:27,10.96,--,94,103024,卖盘
2013,09:45:22,10.96,-0.01,66,72336,卖盘
2014,09:45:18,10.97,--,26,28522,买盘
2015,09:45:12,10.97,0.01,20,21940,买盘
2016,09:45:07,10.96,--,223,244408,卖盘
2017,09:45:03,10.96,--,61,67250,卖盘
2018,09:44:57,10.96,--,23,25208,卖盘
2019,09:44:52,10.96,0.01,203,222981,买盘
2020,09:44:48,10.95,-0.01,65,71175,卖盘
2021,09:44:42,10.96,0.01,14,15344,买盘
2022,09:44:37,10.95,-0.01,124,135780,卖盘
2023,09:44:33,10.96,--,67,73782,卖盘
2024,09:44:27,10.96,--,67,73432,卖盘
2025,09:44:22,10.96,0.01,239,262689,买盘
2026,09:44:18,10.95,-0.01,17,18615,卖盘
2027,09:44:07,10.96,--,111,121656,买盘
2028,09:43:57,10.96,0.01,120,131520,买盘
2029,09:43:52,10.95,--,102,111690,卖盘
2030,09:43:48,10.95,--,7,7664,卖盘
2031,09:43:42,10.95,--,3,3285,卖盘
2032,09:43:37,10.95,-0.01,75,82125,卖盘
2033,09:43:33,10.96,--,13,14248,买盘
2034,09:43:27,10.96,--,42,46382,卖盘
2035,09:43:22,10.96,--,65,71240,卖盘
2036,09:43:18,10.96,--,31,33976,卖盘
2037,09:43:12,10.96,0.01,201,221041,买盘
2038,09:43:07,10.95,-0.01,113,123734,卖盘
2039,09:43:03,10.96,0.01,1,1096,买盘
2040,09:42:57,10.95,-0.01,30,32850,卖盘
2041,09:42:52,10.96,--,250,274000,买盘
2042,09:42:48,10.96,0.01,147,161112,买盘
2043,09:42:42,10.95,-0.01,10,10950,卖盘
2044,09:42:37,10.96,0.01,65,71240,买盘
2045,09:42:32,10.95,-0.01,28,30659,卖盘
2046,09:42:27,10.96,--,99,108504,买盘
2047,09:42:22,10.96,0.01,28,30688,买盘
2048,09:42:12,10.95,-0.01,26,28469,卖盘
2049,09:42:07,10.96,--,2,2192,买盘
2050,09:42:02,10.96,0.01,30,32880,买盘
2051,09:41:57,10.95,--,11,12045,卖盘
2052,09:41:52,10.95,-0.01,13,14234,卖盘
2053,09:41:47,10.96,--,16,17536,买盘
2054,09:41:42,10.96,0.01,2,2192,买盘
2055,09:41:37,10.95,--,18,19710,卖盘
2056,09:41:32,10.95,-0.01,37,40515,卖盘
2057,09:41:27,10.96,--,36,39456,买盘
2058,09:41:22,10.96,0.01,33,36168,买盘
2059,09:41:17,10.95,-0.01,26,28469,卖盘
2060,09:41:12,10.96,--,16,17536,买盘
2061,09:41:07,10.96,--,30,32880,买盘
2062,09:41:02,10.96,--,45,49320,买盘
2063,09:40:57,10.96,--,18,19728,买盘
2064,09:40:52,10.96,--,4,4384,买盘
2065,09:40:47,10.96,--,76,83296,买盘
2066,09:40:42,10.96,--,8,8768,买盘
2067,09:40:37,10.96,0.01,42,46032,买盘
2068,09:40:32,10.95,-0.01,122,133590,卖盘
2069,09:40:27,10.96,--,16,17536,卖盘
2070,09:40:22,10.96,--,81,88776,卖盘
2071,09:40:17,10.96,0.01,140,153440,买盘
2072,09:40:12,10.95,-0.01,110,120449,卖盘
2073,09:40:07,10.96,0.01,102,111792,买盘
2074,09:40:02,10.95,-0.01,11,12045,卖盘
2075,09:39:57,10.96,0.01,26,28496,买盘
2076,09:39:52,10.95,-0.01,86,95067,卖盘
2077,09:39:47,10.96,--,16,17536,卖盘
2078,09:39:42,10.96,--,39,42744,卖盘
2079,09:39:37,10.96,--,117,128429,买盘
2080,09:39:32,10.96,--,136,149056,买盘
2081,09:39:27,10.96,--,46,50416,买盘
2082,09:39:22,10.96,--,168,184128,买盘
2083,09:39:17,10.96,--,155,169880,买盘
2084,09:39:12,10.96,--,32,35072,买盘
2085,09:39:07,10.96,--,42,46032,买盘
2086,09:38:57,10.96,-0.01,8,8768,卖盘
2087,09:38:51,10.97,0.01,12,13164,买盘
2088,09:38:46,10.96,-0.01,101,110696,卖盘
2089,09:38:42,10.97,--,60,65820,买盘
2090,09:38:36,10.97,--,18,19746,买盘
2091,09:38:31,10.97,--,111,121767,买盘
2092,09:38:27,10.97,--,62,68014,卖盘
2093,09:38:21,10.97,-0.01,2,2194,卖盘
2094,09:38:16,10.98,--,95,104310,买盘
2095,09:38:12,10.98,0.01,99,108702,买盘
2096,09:38:06,10.97,--,23,25231,卖盘
2097,09:38:01,10.97,--,132,144804,买盘
2098,09:37:57,10.97,--,52,57044,卖盘
2099,09:37:51,10.97,--,38,41686,卖盘
2100,09:37:46,10.97,--,194,212818,买盘
2101,09:37:42,10.97,0.01,224,245728,买盘
2102,09:37:36,10.96,--,62,67952,卖盘
2103,09:37:31,10.96,-0.01,20,21920,卖盘
2104,09:37:27,10.97,0.01,32,35104,买盘
2105,09:37:21,10.96,-0.01,30,32880,卖盘
2106,09:37:16,10.97,0.01,33,36201,买盘
2107,09:37:12,10.96,--,140,153440,卖盘
2108,09:37:06,10.96,-0.01,9,9864,卖盘
2109,09:37:01,10.97,0.02,15,16455,买盘
2110,09:36:57,10.95,-0.01,10,10950,卖盘
2111,09:36:51,10.96,0.01,3,3288,买盘
2112,09:36:46,10.95,--,84,91980,卖盘
2113,09:36:42,10.95,-0.03,24,26280,买盘
2114,09:36:36,10.98,0.03,460,505080,买盘
2115,09:36:31,10.95,--,151,165345,买盘
2116,09:36:27,10.95,0.01,44,48180,买盘
2117,09:36:21,10.94,-0.01,12,13128,卖盘
2118,09:36:16,10.95,--,20,21900,买盘
2119,09:36:11,10.95,--,46,50370,买盘
2120,09:36:06,10.95,--,18,19710,买盘
2121,09:36:01,10.95,0.01,64,70080,买盘
2122,09:35:56,10.94,--,61,66734,买盘
2123,09:35:51,10.94,--,43,47042,买盘
2124,09:35:46,10.94,0.01,116,126904,买盘
2125,09:35:41,10.93,-0.02,15,16395,卖盘
2126,09:35:36,10.95,--,53,58034,买盘
2127,09:35:31,10.95,--,77,84315,买盘
2128,09:35:26,10.95,0.02,26,28469,买盘
2129,09:35:21,10.93,-0.02,167,182531,卖盘
2130,09:35:16,10.95,0.01,173,189435,买盘
2131,09:35:11,10.94,-0.01,17,18598,中性盘
2132,09:35:06,10.95,0.01,172,188340,买盘
2133,09:35:01,10.94,--,150,164100,买盘
2134,09:34:56,10.94,0.01,240,262560,买盘
2135,09:34:51,10.93,--,17,18581,买盘
2136,09:34:46,10.93,0.01,24,26232,买盘
2137,09:34:41,10.92,-0.01,56,61152,卖盘
2138,09:34:31,10.93,0.01,142,155206,买盘
2139,09:34:21,10.92,--,2,2184,卖盘
2140,09:34:16,10.92,0.01,82,89544,买盘
2141,09:34:11,10.91,-0.01,111,121101,卖盘
2142,09:34:06,10.92,--,29,31668,买盘
2143,09:34:01,10.92,--,115,125580,买盘
2144,09:33:56,10.92,--,177,193284,买盘
2145,09:33:51,10.92,--,25,27300,买盘
2146,09:33:46,10.92,-0.01,56,61152,卖盘
2147,09:33:41,10.93,0.01,618,675474,买盘
2148,09:33:36,10.92,--,5,5460,卖盘
2149,09:33:31,10.92,--,3,3276,卖盘
2150,09:33:26,10.92,--,55,60060,卖盘
2151,09:33:21,10.92,--,134,146328,卖盘
2152,09:33:16,10.92,0.01,335,365820,买盘
2153,09:33:11,10.91,-0.01,69,75279,卖盘
2154,09:33:06,10.92,0.01,183,199836,买盘
2155,09:33:01,10.91,-0.01,151,164741,卖盘
2156,09:32:56,10.92,0.01,17,18564,买盘
2157,09:32:51,10.91,-0.01,20,21820,卖盘
2158,09:32:46,10.92,--,191,208572,卖盘
2159,09:32:41,10.92,-0.01,41,44772,卖盘
2160,09:32:31,10.93,--,45,49185,买盘
2161,09:32:26,10.93,-0.01,354,386922,卖盘
2162,09:32:21,10.94,--,59,64546,买盘
2163,09:32:15,10.94,--,27,29538,买盘
2164,09:32:11,10.94,-0.02,608,665152,卖盘
2165,09:32:06,10.96,--,53,58088,买盘
2166,09:32:00,10.96,-0.01,55,60280,中性盘
2167,09:31:56,10.97,--,36,39492,买盘
2168,09:31:51,10.97,-0.01,86,94342,买盘
2169,09:31:45,10.98,0.01,136,149328,买盘
2170,09:31:41,10.97,--,193,211721,卖盘
2171,09:31:36,10.97,--,51,55947,卖盘
2172,09:31:30,10.97,--,12,13164,卖盘
2173,09:31:25,10.97,0.02,124,136028,买盘
2174,09:31:21,10.95,-0.01,262,286890,卖盘
2175,09:31:15,10.96,0.01,63,69048,中性盘
2176,09:31:10,10.95,--,185,202575,卖盘
2177,09:31:06,10.95,--,97,106215,卖盘
2178,09:31:00,10.95,0.02,195,213525,买盘
2179,09:30:55,10.93,0.02,465,508245,买盘
2180,09:30:51,10.91,-0.02,34,37094,卖盘
2181,09:30:45,10.93,--,138,150834,买盘
2182,09:30:40,10.93,--,79,86347,买盘
2183,09:30:36,10.93,--,27,29511,买盘
2184,09:30:30,10.93,--,210,229530,买盘
2185,09:30:25,10.93,-0.01,157,171601,卖盘
2186,09:30:21,10.94,0.01,3,3282,买盘
2187,09:30:15,10.93,0.03,34,37162,买盘
2188,09:30:10,10.9,0.01,253,275770,买盘
2189,09:30:06,10.89,0.01,458,498762,买盘
2190,09:28:51,10.88,--,0,0,卖盘
2191,09:25:02,10.88,10.88,327,355786,买盘
