,time,price,change,volume,amount,type
0,15:00:00,11.11,--,0,0,卖盘
1,15:00:00,11.11,-0.01,0,0,卖盘
2,15:00:00,11.12,--,20,22240,买盘
3,14:59:57,11.12,0.01,448,498175,买盘
4,14:59:51,11.11,--,30,33330,卖盘
5,14:59:46,11.11,--,147,163317,卖盘
6,14:59:42,11.11,--,35,38885,卖盘
7,14:59:36,11.11,0.01,286,318523,买盘
8,14:59:31,11.1,--,10,11100,买盘
9,14:59:27,11.1,--,477,529470,卖盘
10,14:59:21,11.1,--,402,446220,卖盘
11,14:59:16,11.1,0.01,22,24420,中性盘
12,14:59:12,11.09,-0.01,408,452849,卖盘
13,14:59:06,11.1,--,19,21090,买盘
14,14:59:01,11.1,--,88,97680,买盘
15,14:58:57,11.1,0.01,90,99900,买盘
16,14:58:51,11.09,--,112,124208,卖盘
17,14:58:46,11.09,-0.01,20,22180,卖盘
18,14:58:42,11.1,--,293,325230,买盘
19,14:58:36,11.1,--,55,61050,买盘
20,14:58:31,11.1,0.01,175,194250,买盘
21,14:58:27,11.09,--,8,8872,卖盘
22,14:58:21,11.09,--,9,9981,卖盘
23,14:58:12,11.09,-0.01,633,702618,卖盘
24,14:58:01,11.1,0.01,45,49950,买盘
25,14:57:57,11.09,-0.01,115,127535,卖盘
26,14:57:51,11.1,0.01,339,376290,买盘
27,14:57:42,11.09,-0.01,356,394804,卖盘
28,14:57:36,11.1,0.01,208,231213,买盘
29,14:57:31,11.09,--,108,119772,卖盘
30,14:57:27,11.09,-0.01,113,126093,卖盘
31,14:57:21,11.1,0.01,72,79920,买盘
32,14:57:16,11.09,--,22,24398,卖盘
33,14:57:12,11.09,--,24,26616,卖盘
34,14:57:06,11.09,--,20,22180,卖盘
35,14:57:01,11.09,--,267,296103,卖盘
36,14:56:57,11.09,--,86,95374,卖盘
37,14:56:51,11.09,--,55,62004,买盘
38,14:56:46,11.09,--,120,133080,卖盘
39,14:56:42,11.09,-0.01,20,22180,卖盘
40,14:56:36,11.1,0.01,208,230880,买盘
41,14:56:31,11.09,--,88,97592,卖盘
42,14:56:26,11.09,--,59,65431,卖盘
43,14:56:21,11.09,--,60,66540,卖盘
44,14:56:16,11.09,--,26,28834,卖盘
45,14:56:11,11.09,--,25,27725,卖盘
46,14:56:06,11.09,--,114,126426,卖盘
47,14:56:01,11.09,--,178,197601,买盘
48,14:55:56,11.09,0.01,63,69867,买盘
49,14:55:51,11.08,-0.01,81,89748,卖盘
50,14:55:46,11.09,--,468,519921,卖盘
51,14:55:41,11.09,--,38,42142,卖盘
52,14:55:36,11.09,--,122,135508,卖盘
53,14:55:31,11.09,--,77,85603,卖盘
54,14:55:26,11.09,--,6,6654,卖盘
55,14:55:21,11.09,--,64,70976,卖盘
56,14:55:16,11.09,--,9,9981,卖盘
57,14:55:11,11.09,--,620,688422,卖盘
58,14:55:06,11.09,-0.01,39,43251,卖盘
59,14:55:01,11.1,0.01,43,47730,买盘
60,14:54:56,11.09,--,33,36597,卖盘
61,14:54:51,11.09,--,19,21071,卖盘
62,14:54:46,11.09,-0.01,102,113428,卖盘
63,14:54:41,11.1,0.01,63,70240,买盘
64,14:54:36,11.09,--,60,66540,卖盘
65,14:54:31,11.09,--,49,54651,卖盘
66,14:54:26,11.09,--,8,8872,卖盘
67,14:54:21,11.09,--,55,60995,卖盘
68,14:54:16,11.09,--,25,27725,卖盘
69,14:54:11,11.09,--,55,61205,卖盘
70,14:54:06,11.09,--,49,55239,卖盘
71,14:54:01,11.09,-0.01,120,133080,卖盘
72,14:53:56,11.1,0.01,24,26862,买盘
73,14:53:51,11.09,--,35,38815,卖盘
74,14:53:46,11.09,-0.01,286,317174,卖盘
75,14:53:41,11.1,--,9,9990,买盘
76,14:53:36,11.1,--,103,114330,买盘
77,14:53:26,11.1,--,25,27750,买盘
78,14:53:21,11.1,0.01,7,7770,买盘
79,14:53:16,11.09,--,3,3327,卖盘
80,14:53:06,11.09,--,48,53232,卖盘
81,14:53:01,11.09,-0.01,4,4436,卖盘
82,14:52:56,11.1,0.01,88,97680,买盘
83,14:52:51,11.09,--,55,60995,卖盘
84,14:52:46,11.09,-0.01,73,80957,卖盘
85,14:52:40,11.1,0.01,15,16650,买盘
86,14:52:36,11.09,-0.01,228,252852,卖盘
87,14:52:30,11.1,--,65,72150,买盘
88,14:52:25,11.1,--,240,266400,买盘
89,14:52:21,11.1,0.01,16,17760,买盘
90,14:52:15,11.09,--,92,102028,卖盘
91,14:52:10,11.09,--,9,9981,卖盘
92,14:52:06,11.09,--,12,13308,卖盘
93,14:52:00,11.09,--,1,1109,卖盘
94,14:51:55,11.09,--,60,66540,卖盘
95,14:51:45,11.09,-0.01,53,58777,卖盘
96,14:51:40,11.1,0.01,10,11100,买盘
97,14:51:36,11.09,-0.01,109,120881,卖盘
98,14:51:30,11.1,0.01,6,6660,买盘
99,14:51:25,11.09,--,1,1109,卖盘
100,14:51:21,11.09,--,91,100919,卖盘
101,14:51:15,11.09,--,11,12199,卖盘
102,14:51:10,11.09,--,109,120881,卖盘
103,14:51:06,11.09,--,23,26250,买盘
104,14:51:00,11.09,--,117,129753,买盘
105,14:50:55,11.09,0.01,128,141952,买盘
106,14:50:51,11.08,-0.02,560,620845,卖盘
107,14:50:45,11.1,0.01,50,55500,买盘
108,14:50:36,11.09,--,2,2218,卖盘
109,14:50:30,11.09,--,275,305496,卖盘
110,14:50:25,11.09,-0.01,109,120881,卖盘
111,14:50:21,11.1,--,53,58830,买盘
112,14:50:15,11.1,0.01,23,25752,买盘
113,14:50:06,11.09,-0.01,163,180767,卖盘
114,14:50:00,11.1,0.01,6,6660,买盘
115,14:49:55,11.09,-0.01,4,4436,卖盘
116,14:49:51,11.1,0.01,53,58830,买盘
117,14:49:45,11.09,-0.01,16,17744,卖盘
118,14:49:40,11.1,0.01,189,209790,买盘
119,14:49:36,11.09,-0.01,10,11090,卖盘
120,14:49:30,11.1,--,25,27750,买盘
121,14:49:25,11.1,--,5,6105,卖盘
122,14:49:21,11.1,--,116,128760,卖盘
123,14:49:10,11.1,--,773,858030,卖盘
124,14:49:06,11.1,--,30,33300,卖盘
125,14:49:00,11.1,--,16,18093,卖盘
126,14:48:50,11.1,--,35,38850,卖盘
127,14:48:45,11.1,--,3,3330,卖盘
128,14:48:40,11.1,-0.01,80,88800,卖盘
129,14:48:35,11.11,0.01,143,158873,买盘
130,14:48:30,11.1,--,139,154290,卖盘
131,14:48:25,11.1,--,5,5550,卖盘
132,14:48:20,11.1,--,37,41070,卖盘
133,14:48:15,11.1,-0.01,117,129870,卖盘
134,14:48:10,11.11,0.01,21,23331,买盘
135,14:48:05,11.1,--,60,66600,卖盘
136,14:48:00,11.1,-0.01,109,120990,卖盘
137,14:47:55,11.11,0.01,6,6666,买盘
138,14:47:50,11.1,--,135,149850,卖盘
139,14:47:45,11.1,--,11,12210,卖盘
140,14:47:40,11.1,-0.01,309,342990,卖盘
141,14:47:35,11.11,--,10,11110,买盘
142,14:47:25,11.11,--,7,7777,买盘
143,14:47:20,11.11,-0.01,776,862469,卖盘
144,14:47:05,11.12,--,10,11120,买盘
145,14:46:55,11.12,--,25,27799,买盘
146,14:46:40,11.12,--,29,32348,卖盘
147,14:46:35,11.12,--,2,3235,买盘
148,14:46:30,11.12,0.01,37,41144,买盘
149,14:46:20,11.11,--,119,132209,卖盘
150,14:46:10,11.11,-0.01,17,18887,卖盘
151,14:46:05,11.12,--,77,85724,卖盘
152,14:46:00,11.12,-0.01,73,81176,卖盘
153,14:45:55,11.13,0.01,133,148029,买盘
154,14:45:50,11.12,--,91,101647,卖盘
155,14:45:45,11.12,-0.01,4,4448,卖盘
156,14:45:39,11.13,--,74,82362,买盘
157,14:45:35,11.13,--,30,33390,买盘
158,14:45:24,11.13,0.01,23,25599,买盘
159,14:45:20,11.12,-0.01,99,110087,卖盘
160,14:45:15,11.13,--,169,188430,买盘
161,14:45:09,11.13,--,8,8904,买盘
162,14:45:05,11.13,0.01,26,28938,买盘
163,14:45:00,11.12,-0.01,17,18904,卖盘
164,14:44:54,11.13,--,10,11130,买盘
165,14:44:39,11.13,--,121,134673,卖盘
166,14:44:34,11.13,--,3,3339,卖盘
167,14:44:30,11.13,-0.01,16,17808,卖盘
168,14:44:24,11.14,0.01,13,14482,买盘
169,14:44:15,11.13,--,28,31164,买盘
170,14:44:04,11.13,--,45,50085,卖盘
171,14:44:00,11.13,--,13,14469,卖盘
172,14:43:54,11.13,--,22,24486,买盘
173,14:43:49,11.13,--,58,64554,卖盘
174,14:43:34,11.13,--,21,23373,卖盘
175,14:43:30,11.13,-0.01,73,81249,卖盘
176,14:43:19,11.14,--,10,11140,买盘
177,14:43:15,11.14,0.01,21,23394,买盘
178,14:43:00,11.13,--,50,55650,买盘
179,14:42:54,11.13,0.01,42,46746,买盘
180,14:42:49,11.12,--,27,30023,卖盘
181,14:42:44,11.12,--,73,81176,卖盘
182,14:42:39,11.12,--,117,130215,卖盘
183,14:42:30,11.12,--,56,62271,卖盘
184,14:42:24,11.12,-0.01,71,78952,卖盘
185,14:42:19,11.13,0.01,20,22260,买盘
186,14:42:14,11.12,--,20,22240,卖盘
187,14:42:09,11.12,--,28,31247,卖盘
188,14:42:04,11.12,-0.01,10,11120,卖盘
189,14:41:59,11.13,0.01,16,17808,买盘
190,14:41:54,11.12,--,1,1112,卖盘
191,14:41:44,11.12,--,15,16680,卖盘
192,14:41:39,11.12,--,38,42367,买盘
193,14:41:34,11.12,--,10,11120,买盘
194,14:41:29,11.12,--,212,235743,买盘
195,14:41:24,11.12,--,10,11120,买盘
196,14:41:19,11.12,--,101,112311,买盘
197,14:41:14,11.12,--,20,22240,买盘
198,14:41:09,11.12,--,21,23463,买盘
199,14:40:54,11.12,--,8,8896,买盘
200,14:40:44,11.12,--,30,33360,买盘
201,14:40:39,11.12,0.01,119,132439,买盘
202,14:40:29,11.11,-0.01,50,55550,卖盘
203,14:40:19,11.12,0.01,89,98968,买盘
204,14:40:14,11.11,0.01,0,444,买盘
205,14:40:09,11.1,-0.01,8,8991,卖盘
206,14:40:04,11.11,--,115,127765,买盘
207,14:39:59,11.11,--,80,88880,买盘
208,14:39:54,11.11,--,229,255085,卖盘
209,14:39:49,11.11,--,4,4444,卖盘
210,14:39:39,11.11,--,88,97879,卖盘
211,14:39:34,11.11,--,20,22220,卖盘
212,14:39:24,11.11,--,6,6666,卖盘
213,14:39:14,11.11,--,8,8999,卖盘
214,14:39:09,11.11,--,203,225533,卖盘
215,14:38:54,11.11,--,1,1111,卖盘
216,14:38:44,11.11,--,4,4444,卖盘
217,14:38:39,11.11,0.01,38,42551,买盘
218,14:38:33,11.1,-0.01,4,4440,卖盘
219,14:38:24,11.11,0.01,20,22220,买盘
220,14:38:14,11.1,-0.01,51,57609,卖盘
221,14:38:09,11.11,--,147,163428,卖盘
222,14:37:59,11.11,--,73,81103,卖盘
223,14:37:54,11.11,-0.01,4,4444,卖盘
224,14:37:39,11.12,--,4,4448,买盘
225,14:37:29,11.12,0.01,7,8340,买盘
226,14:37:24,11.11,--,20,22220,卖盘
227,14:37:18,11.11,-0.01,1,1111,卖盘
228,14:37:14,11.12,0.01,30,33360,买盘
229,14:37:09,11.11,--,36,39996,卖盘
230,14:36:58,11.11,--,4,4999,卖盘
231,14:36:54,11.11,--,84,93324,卖盘
232,14:36:48,11.11,--,2,2222,卖盘
233,14:36:33,11.11,--,50,55550,卖盘
234,14:36:23,11.11,-0.01,13,14443,卖盘
235,14:36:18,11.12,0.01,15,16680,买盘
236,14:36:08,11.11,--,75,83325,卖盘
237,14:35:48,11.11,-0.01,36,39996,卖盘
238,14:35:43,11.12,0.01,4,4448,买盘
239,14:35:38,11.11,-0.01,5,5555,卖盘
240,14:35:28,11.12,0.01,2,2224,买盘
241,14:35:18,11.11,--,14,15554,卖盘
242,14:35:13,11.11,-0.01,2,2222,卖盘
243,14:35:03,11.12,0.01,5,5560,买盘
244,14:34:53,11.11,--,19,21109,卖盘
245,14:34:48,11.11,--,81,89991,卖盘
246,14:34:38,11.11,--,6,6666,卖盘
247,14:34:33,11.11,--,92,102212,卖盘
248,14:34:28,11.11,--,20,22220,卖盘
249,14:34:23,11.11,--,10,11110,卖盘
250,14:34:08,11.11,-0.01,331,367741,卖盘
251,14:34:03,11.12,--,12,13343,买盘
252,14:33:48,11.12,0.01,5,5560,买盘
253,14:33:43,11.11,-0.01,51,56661,卖盘
254,14:33:38,11.12,0.01,20,22240,买盘
255,14:33:33,11.11,--,50,55550,卖盘
256,14:33:28,11.11,--,150,166650,卖盘
257,14:33:18,11.11,--,36,39996,卖盘
258,14:33:08,11.11,--,16,17776,卖盘
259,14:33:03,11.11,--,4,4444,卖盘
260,14:32:58,11.11,--,5,5555,卖盘
261,14:32:53,11.11,0.01,93,103323,买盘
262,14:32:48,11.1,--,32,35520,卖盘
263,14:32:43,11.1,-0.01,10,11100,卖盘
264,14:32:38,11.11,0.01,12,13332,买盘
265,14:32:33,11.1,--,42,46620,卖盘
266,14:32:28,11.1,--,1,1110,卖盘
267,14:32:23,11.1,--,299,331890,买盘
268,14:32:18,11.1,0.01,36,39960,买盘
269,14:32:12,11.09,-0.01,6,6654,卖盘
270,14:32:08,11.1,--,2,2220,买盘
271,14:32:03,11.1,--,213,236430,买盘
272,14:31:57,11.1,0.01,59,65490,买盘
273,14:31:53,11.09,--,270,299430,卖盘
274,14:31:48,11.09,-0.01,26,28834,卖盘
275,14:31:42,11.1,--,30,33300,买盘
276,14:31:38,11.1,0.01,55,61050,买盘
277,14:31:33,11.09,-0.01,138,153042,卖盘
278,14:31:27,11.1,0.01,160,177600,买盘
279,14:31:23,11.09,--,5,5545,卖盘
280,14:31:18,11.09,--,15,16635,卖盘
281,14:31:12,11.09,-0.01,11,12199,卖盘
282,14:31:08,11.1,0.01,30,33300,买盘
283,14:31:03,11.09,--,11,12199,卖盘
284,14:30:57,11.09,-0.01,120,133080,卖盘
285,14:30:48,11.1,0.01,17,18870,买盘
286,14:30:33,11.09,--,21,23289,卖盘
287,14:30:23,11.09,--,100,110900,卖盘
288,14:30:18,11.09,-0.01,190,210710,卖盘
289,14:30:08,11.1,0.01,4,4440,买盘
290,14:30:03,11.09,--,1,1109,卖盘
291,14:29:57,11.09,-0.01,50,55450,卖盘
292,14:29:53,11.1,--,16,17760,买盘
293,14:29:48,11.1,0.01,14,15540,买盘
294,14:29:38,11.09,-0.01,65,72085,卖盘
295,14:29:33,11.1,--,20,22200,买盘
296,14:29:23,11.1,-0.01,58,64380,卖盘
297,14:29:18,11.11,0.01,190,211090,买盘
298,14:29:12,11.1,--,60,66600,卖盘
299,14:29:07,11.1,-0.01,10,11100,卖盘
300,14:29:02,11.11,0.01,94,104434,买盘
301,14:28:57,11.1,--,11,12210,卖盘
302,14:28:52,11.1,--,436,483960,卖盘
303,14:28:48,11.1,--,1,1110,卖盘
304,14:28:42,11.1,-0.01,51,56610,卖盘
305,14:28:27,11.11,--,313,347743,卖盘
306,14:28:17,11.11,--,2,2222,卖盘
307,14:28:02,11.11,--,4,4444,卖盘
308,14:27:52,11.11,--,241,267751,卖盘
309,14:27:47,11.11,-0.01,56,62216,卖盘
310,14:27:42,11.12,--,2,2224,卖盘
311,14:27:37,11.12,--,20,22240,卖盘
312,14:27:32,11.12,-0.01,224,249087,卖盘
313,14:27:27,11.13,0.01,70,77910,买盘
314,14:27:12,11.12,--,17,18904,卖盘
315,14:27:07,11.12,--,4,4448,卖盘
316,14:27:02,11.12,--,112,124543,卖盘
317,14:26:57,11.12,--,3,3335,卖盘
318,14:26:47,11.12,--,1,1112,卖盘
319,14:26:42,11.12,--,5,5560,卖盘
320,14:26:32,11.12,--,10,11120,卖盘
321,14:26:26,11.12,--,30,33360,卖盘
322,14:26:22,11.12,--,1,1112,卖盘
323,14:26:17,11.12,-0.01,45,50040,卖盘
324,14:26:12,11.13,0.01,6,6678,买盘
325,14:25:52,11.12,-0.01,15,16680,卖盘
326,14:25:47,11.13,0.01,320,356160,买盘
327,14:25:37,11.12,--,10,11120,卖盘
328,14:25:32,11.12,--,20,22240,卖盘
329,14:25:27,11.12,--,17,18904,卖盘
330,14:25:12,11.12,--,3,3335,卖盘
331,14:25:02,11.12,--,7,7783,卖盘
332,14:24:57,11.12,--,53,58935,卖盘
333,14:24:47,11.12,--,30,33360,卖盘
334,14:24:42,11.12,--,20,22240,卖盘
335,14:24:36,11.12,--,1,1112,卖盘
336,14:24:32,11.12,--,20,22240,卖盘
337,14:24:27,11.12,--,1,1112,卖盘
338,14:24:17,11.12,--,2,2224,卖盘
339,14:24:12,11.12,--,132,146784,卖盘
340,14:24:06,11.12,--,46,51152,卖盘
341,14:24:02,11.12,--,243,270216,卖盘
342,14:23:57,11.12,-0.01,1,1112,卖盘
343,14:23:51,11.13,0.01,2,2226,买盘
344,14:23:42,11.12,-0.01,13,14455,卖盘
345,14:23:36,11.13,0.01,50,55650,买盘
346,14:23:27,11.12,--,2,2224,卖盘
347,14:23:17,11.12,-0.01,23,25576,卖盘
348,14:23:02,11.13,--,2,2226,买盘
349,14:22:50,11.13,0.01,5,5565,买盘
350,14:22:47,11.12,--,5,5560,卖盘
351,14:22:41,11.12,--,2,2224,卖盘
352,14:22:36,11.12,--,50,55599,卖盘
353,14:22:21,11.12,-0.01,22,24464,卖盘
354,14:22:11,11.13,0.01,58,64554,买盘
355,14:22:06,11.12,-0.01,1,1112,卖盘
356,14:22:02,11.13,--,65,72345,买盘
357,14:21:56,11.13,0.01,40,44520,买盘
358,14:21:50,11.12,-0.01,9,10008,卖盘
359,14:21:46,11.13,0.01,150,166950,买盘
360,14:21:42,11.12,-0.01,3,3335,卖盘
361,14:21:35,11.13,0.01,3,3339,买盘
362,14:21:32,11.12,-0.01,6,6671,卖盘
363,14:21:27,11.13,--,16,17808,买盘
364,14:21:20,11.13,--,3,3339,买盘
365,14:21:16,11.13,--,2,2226,买盘
366,14:21:05,11.13,--,51,56763,卖盘
367,14:21:01,11.13,--,11,12243,买盘
368,14:20:56,11.13,--,8,8904,卖盘
369,14:20:46,11.13,--,8,8904,卖盘
370,14:20:41,11.13,--,6,6678,卖盘
371,14:20:31,11.13,--,14,15582,卖盘
372,14:20:26,11.13,0.01,7,7791,买盘
373,14:20:16,11.12,-0.01,1,1112,卖盘
374,14:20:11,11.13,--,3,3339,卖盘
375,14:19:41,11.13,0.01,10,11130,卖盘
376,14:19:26,11.12,--,0,0,卖盘
377,14:19:05,11.12,--,1,1112,卖盘
378,14:18:56,11.12,--,10,11120,卖盘
379,14:18:50,11.12,--,10,11120,卖盘
380,14:18:46,11.12,--,17,18904,卖盘
381,14:18:31,11.12,--,13,14455,卖盘
382,14:18:26,11.12,--,23,25576,卖盘
383,14:18:05,11.12,-0.02,10,11120,卖盘
384,14:17:59,11.14,0.01,50,55700,买盘
385,14:17:50,11.13,0.01,24,26712,买盘
386,14:17:44,11.12,-0.01,42,46704,卖盘
387,14:17:41,11.13,0.01,21,23373,买盘
388,14:17:20,11.12,--,20,22240,卖盘
389,14:17:14,11.12,--,10,11120,卖盘
390,14:17:05,11.12,--,168,186816,买盘
391,14:16:59,11.12,0.01,60,66720,买盘
392,14:16:56,11.11,--,5,5555,卖盘
393,14:16:44,11.11,--,23,25553,卖盘
394,14:16:41,11.11,--,20,22220,卖盘
395,14:16:35,11.11,-0.01,1,1111,卖盘
396,14:16:14,11.12,0.01,41,45592,买盘
397,14:16:11,11.11,-0.01,2,2222,卖盘
398,14:16:05,11.12,--,25,27799,买盘
399,14:15:56,11.12,-0.01,120,133440,卖盘
400,14:15:50,11.13,0.01,35,38955,买盘
401,14:15:44,11.12,-0.01,29,32247,卖盘
402,14:15:35,11.13,0.01,48,53424,买盘
403,14:15:29,11.12,--,5,5560,卖盘
404,14:15:26,11.12,--,71,78952,卖盘
405,14:15:20,11.12,--,52,57823,卖盘
406,14:15:10,11.12,-0.01,5,5560,卖盘
407,14:15:05,11.13,0.01,108,120204,买盘
408,14:14:44,11.12,--,300,333600,卖盘
409,14:14:41,11.12,-0.01,10,11120,卖盘
410,14:14:35,11.13,--,31,34503,买盘
411,14:14:26,11.13,--,49,54537,买盘
412,14:14:20,11.13,-0.01,867,964971,卖盘
413,14:14:14,11.14,--,151,168214,买盘
414,14:14:10,11.14,0.01,75,83550,买盘
415,14:13:55,11.13,--,10,11130,卖盘
416,14:13:50,11.13,0.01,408,454104,买盘
417,14:13:44,11.12,-0.01,10,11120,卖盘
418,14:13:20,11.13,--,4,4452,买盘
419,14:13:14,11.13,--,53,58989,买盘
420,14:13:10,11.13,--,40,44520,买盘
421,14:12:59,11.13,0.01,339,377307,买盘
422,14:12:55,11.12,--,11,12232,卖盘
423,14:12:50,11.12,-0.01,9,10008,卖盘
424,14:12:44,11.13,--,100,111300,买盘
425,14:12:25,11.13,0.01,10,11130,买盘
426,14:12:20,11.12,-0.01,37,41144,卖盘
427,14:12:14,11.13,0.01,7,7791,买盘
428,14:12:10,11.12,--,3,3335,卖盘
429,14:12:05,11.12,--,5,5560,卖盘
430,14:11:55,11.12,-0.01,8,8896,卖盘
431,14:11:50,11.13,0.01,108,120204,买盘
432,14:11:44,11.12,--,107,118983,卖盘
433,14:11:35,11.12,--,50,55599,卖盘
434,14:11:29,11.12,--,1,1112,卖盘
435,14:11:20,11.12,--,24,26687,卖盘
436,14:11:14,11.12,--,4,4448,卖盘
437,14:11:05,11.12,-0.01,10,11120,卖盘
438,14:10:59,11.13,--,95,105735,买盘
439,14:10:50,11.13,--,20,22260,买盘
440,14:10:44,11.13,--,70,77910,买盘
441,14:10:35,11.13,--,1,1113,买盘
442,14:10:20,11.13,0.01,1,1113,买盘
443,14:10:14,11.12,--,8,8896,卖盘
444,14:10:05,11.12,-0.01,81,90072,卖盘
445,14:09:59,11.13,--,90,100170,买盘
446,14:09:53,11.13,0.01,20,22260,买盘
447,14:09:35,11.12,--,12,13343,卖盘
448,14:09:29,11.12,-0.01,35,38920,卖盘
449,14:09:23,11.13,--,7,7791,买盘
450,14:09:20,11.13,0.01,28,31164,买盘
451,14:09:04,11.12,-0.01,500,556000,卖盘
452,14:08:59,11.13,--,20,22260,买盘
453,14:08:49,11.13,--,39,43407,买盘
454,14:08:19,11.13,-0.01,115,127995,卖盘
455,14:08:14,11.14,0.01,20,22280,买盘
456,14:08:08,11.13,--,5,5565,卖盘
457,14:07:49,11.13,--,20,22260,卖盘
458,14:07:44,11.13,--,94,104622,买盘
459,14:07:38,11.13,--,20,22260,卖盘
460,14:07:29,11.13,--,29,32277,卖盘
461,14:07:23,11.13,--,128,142464,卖盘
462,14:07:19,11.13,--,5,5565,卖盘
463,14:06:59,11.13,--,1,1113,卖盘
464,14:06:53,11.13,--,18,20034,卖盘
465,14:06:44,11.13,--,5,5565,卖盘
466,14:06:29,11.13,-0.01,18,20034,卖盘
467,14:06:14,11.14,-0.01,5,5570,卖盘
468,14:06:08,11.15,--,0,0,买盘
469,14:06:04,11.15,0.01,44,49060,买盘
470,14:05:59,11.14,--,69,76866,卖盘
471,14:05:49,11.14,0.01,47,52358,买盘
472,14:05:44,11.13,-0.01,10,11130,卖盘
473,14:05:38,11.14,--,5,5570,买盘
474,14:05:29,11.14,--,41,45674,卖盘
475,14:05:23,11.14,--,2,2228,卖盘
476,14:05:19,11.14,-0.01,30,33420,卖盘
477,14:05:02,11.15,--,25,27875,卖盘
478,14:04:59,11.15,--,55,61325,卖盘
479,14:04:53,11.15,--,12,13380,卖盘
480,14:04:47,11.15,-0.01,78,86970,卖盘
481,14:04:44,11.16,--,4,4464,买盘
482,14:04:32,11.16,--,4,4464,买盘
483,14:04:23,11.16,--,153,170748,卖盘
484,14:04:17,11.16,--,296,330336,卖盘
485,14:04:14,11.16,--,2,2232,卖盘
486,14:03:59,11.16,--,4,4464,卖盘
487,14:03:53,11.16,--,51,56916,卖盘
488,14:03:38,11.16,--,23,25668,卖盘
489,14:03:29,11.16,--,100,111600,卖盘
490,14:03:14,11.16,-0.01,2,2232,卖盘
491,14:03:08,11.17,--,163,182071,买盘
492,14:02:59,11.17,--,64,71488,卖盘
493,14:02:53,11.17,--,20,22340,卖盘
494,14:02:44,11.17,--,21,23457,卖盘
495,14:02:38,11.17,--,30,33510,卖盘
496,14:02:32,11.17,-0.01,43,48031,卖盘
497,14:02:29,11.18,--,35,39130,买盘
498,14:02:23,11.18,--,22,24596,买盘
499,14:02:17,11.18,--,10,11180,买盘
500,14:02:13,11.18,0.01,56,62608,买盘
501,14:02:08,11.17,--,19,21223,卖盘
502,14:01:58,11.17,--,43,48031,卖盘
503,14:01:38,11.17,--,42,46914,卖盘
504,14:01:32,11.17,--,3,3351,卖盘
505,14:01:28,11.17,-0.01,6,6702,卖盘
506,14:01:23,11.18,0.01,100,111800,买盘
507,14:01:08,11.17,0.01,160,178720,买盘
508,14:00:38,11.16,--,5,5580,卖盘
509,14:00:28,11.16,--,21,23436,买盘
510,14:00:23,11.16,--,29,32364,卖盘
511,14:00:02,11.16,0.01,2,2232,买盘
512,13:59:58,11.15,-0.01,50,55750,卖盘
513,13:59:53,11.16,--,2,2232,买盘
514,13:59:47,11.16,-0.01,16,17856,卖盘
515,13:59:43,11.17,0.02,95,106115,买盘
516,13:59:38,11.15,-0.01,173,192895,卖盘
517,13:59:32,11.16,--,90,100440,买盘
518,13:59:28,11.16,--,100,111600,买盘
519,13:59:23,11.16,0.01,175,195300,买盘
520,13:59:17,11.15,--,1,1115,卖盘
521,13:59:13,11.15,0.01,286,319503,买盘
522,13:59:02,11.14,--,194,216116,买盘
523,13:58:58,11.14,--,24,26736,买盘
524,13:58:53,11.14,--,102,113628,买盘
525,13:58:47,11.14,--,15,16710,卖盘
526,13:58:43,11.14,--,13,14482,卖盘
527,13:58:38,11.14,-0.01,6,6684,卖盘
528,13:58:32,11.15,0.01,4,4460,买盘
529,13:58:26,11.14,-0.01,11,12254,卖盘
530,13:58:23,11.15,0.01,6,6690,买盘
531,13:58:17,11.14,--,37,41218,卖盘
532,13:58:08,11.14,--,5,5570,卖盘
533,13:58:02,11.14,--,7,7798,卖盘
534,13:57:47,11.14,--,38,42332,买盘
535,13:57:38,11.14,0.01,24,26736,买盘
536,13:57:32,11.13,-0.01,6,6678,卖盘
537,13:57:17,11.14,0.01,26,28964,买盘
538,13:57:11,11.13,-0.01,18,20034,卖盘
539,13:57:08,11.14,0.01,39,43446,买盘
540,13:57:02,11.13,--,100,111300,卖盘
541,13:56:56,11.13,--,3,3339,卖盘
542,13:56:32,11.13,-0.01,4,4452,卖盘
543,13:56:23,11.14,--,24,26736,买盘
544,13:56:11,11.14,--,73,81322,卖盘
545,13:56:08,11.14,--,13,14482,卖盘
546,13:55:47,11.14,--,2,2228,卖盘
547,13:55:38,11.14,-0.01,50,55700,卖盘
548,13:55:23,11.15,0.01,6,6690,买盘
549,13:55:17,11.14,--,10,11140,卖盘
550,13:55:02,11.14,--,109,121426,卖盘
551,13:54:52,11.14,--,10,11140,卖盘
552,13:54:37,11.14,-0.01,1,1114,卖盘
553,13:54:32,11.15,--,5,5575,买盘
554,13:54:22,11.15,--,101,112615,买盘
555,13:54:02,11.15,--,12,13380,卖盘
556,13:53:56,11.15,--,55,61325,卖盘
557,13:53:52,11.15,--,11,12265,卖盘
558,13:53:32,11.15,-0.01,14,15610,卖盘
559,13:53:22,11.16,0.01,41,45756,买盘
560,13:52:52,11.15,--,28,31220,买盘
561,13:52:32,11.15,--,5,5575,买盘
562,13:52:22,11.15,--,3,3345,买盘
563,13:52:17,11.15,--,7,7805,买盘
564,13:52:07,11.15,0.01,5,5575,买盘
565,13:52:02,11.14,-0.01,1,1114,卖盘
566,13:51:56,11.15,--,8,8920,买盘
567,13:51:47,11.15,--,15,16725,卖盘
568,13:51:41,11.15,--,10,11150,卖盘
569,13:51:32,11.15,--,23,25645,卖盘
570,13:51:26,11.15,--,41,45715,卖盘
571,13:51:02,11.15,--,5,5575,卖盘
572,13:50:56,11.15,0.01,24,26760,买盘
573,13:50:46,11.14,-0.01,13,14482,卖盘
574,13:50:20,11.15,0.01,6,6690,买盘
575,13:50:11,11.14,-0.02,31,34534,卖盘
576,13:50:05,11.16,0.01,10,11160,买盘
577,13:50:01,11.15,--,40,44600,卖盘
578,13:49:35,11.15,--,20,22300,卖盘
579,13:49:31,11.15,--,11,12265,卖盘
580,13:49:11,11.15,--,89,99235,卖盘
581,13:49:01,11.15,--,80,89200,卖盘
582,13:48:56,11.15,--,5,5575,卖盘
583,13:48:46,11.15,-0.01,21,23415,卖盘
584,13:48:41,11.16,--,47,52452,买盘
585,13:48:31,11.16,--,226,252216,卖盘
586,13:48:26,11.16,-0.01,8,8928,卖盘
587,13:48:16,11.17,--,2,2234,买盘
588,13:48:01,11.17,0.01,19,21223,买盘
589,13:47:56,11.16,--,5,5580,卖盘
590,13:47:41,11.16,0.01,110,122760,买盘
591,13:47:35,11.15,-0.01,9,10035,卖盘
592,13:47:31,11.16,0.01,9,10044,买盘
593,13:47:26,11.15,--,50,55750,卖盘
594,13:47:20,11.15,--,5,5575,卖盘
595,13:47:11,11.15,--,30,33450,卖盘
596,13:46:56,11.15,--,5,5575,卖盘
597,13:46:46,11.15,--,1,1115,卖盘
598,13:46:41,11.15,--,60,66900,买盘
599,13:46:35,11.15,--,7,7805,买盘
600,13:46:26,11.15,--,21,23415,卖盘
601,13:46:20,11.15,--,21,23415,卖盘
602,13:46:16,11.15,--,30,33450,卖盘
603,13:46:11,11.15,0.01,34,37910,买盘
604,13:46:01,11.14,0.01,101,112514,卖盘
605,13:45:56,11.13,--,0,0,卖盘
606,13:45:50,11.13,-0.02,1,1202,卖盘
607,13:45:46,11.15,0.01,101,112615,买盘
608,13:45:35,11.14,--,5,5570,买盘
609,13:45:31,11.14,--,57,63498,买盘
610,13:45:26,11.14,--,200,222800,买盘
611,13:45:16,11.14,--,15,16710,买盘
612,13:45:11,11.14,--,1,1114,买盘
613,13:45:05,11.14,--,11,12254,买盘
614,13:44:56,11.14,-0.01,124,138136,卖盘
615,13:44:50,11.15,--,46,51290,卖盘
616,13:44:41,11.15,0.01,59,65785,买盘
617,13:44:26,11.14,-0.01,39,43446,卖盘
618,13:44:20,11.15,0.01,60,66900,买盘
619,13:44:10,11.14,0.01,20,22280,卖盘
620,13:43:40,11.13,--,0,0,卖盘
621,13:43:35,11.13,--,106,117978,卖盘
622,13:43:20,11.13,-0.02,285,317205,卖盘
623,13:43:10,11.15,0.01,134,149410,买盘
624,13:43:05,11.14,--,157,174898,卖盘
625,13:42:55,11.14,--,15,16710,买盘
626,13:42:50,11.14,--,0,0,卖盘
627,13:42:44,11.14,--,5,5570,卖盘
628,13:42:40,11.14,0.01,55,61270,买盘
629,13:42:35,11.13,--,30,33390,卖盘
630,13:42:25,11.13,--,12,13356,卖盘
631,13:42:14,11.13,-0.01,5,5565,卖盘
632,13:42:10,11.14,--,8,8912,买盘
633,13:42:05,11.14,0.01,1,1114,买盘
634,13:41:59,11.13,--,173,193350,买盘
635,13:41:44,11.13,--,10,11130,买盘
636,13:41:40,11.13,--,47,52622,卖盘
637,13:41:35,11.13,--,63,70119,卖盘
638,13:41:29,11.13,--,4,4452,卖盘
639,13:41:20,11.13,--,5,5565,卖盘
640,13:41:05,11.13,0.01,234,261243,买盘
641,13:40:55,11.12,-0.02,1885,2096431,卖盘
642,13:40:44,11.14,-0.01,7,7798,买盘
643,13:40:35,11.15,--,23,25645,卖盘
644,13:40:29,11.15,0.01,53,59095,买盘
645,13:40:25,11.14,-0.01,54,60156,卖盘
646,13:40:20,11.15,0.01,109,121535,买盘
647,13:40:10,11.14,--,20,22280,卖盘
648,13:39:50,11.14,--,40,44560,买盘
649,13:39:35,11.14,0.02,6,6684,买盘
650,13:39:29,11.12,--,0,0,卖盘
651,13:39:25,11.12,--,1,1112,卖盘
652,13:39:20,11.12,--,10,11120,卖盘
653,13:39:05,11.12,-0.02,1030,1145360,卖盘
654,13:38:59,11.14,0.02,30,33420,买盘
655,13:38:55,11.12,--,4,4448,卖盘
656,13:38:50,11.12,--,39,44168,买盘
657,13:38:44,11.12,0.01,32,35584,买盘
658,13:38:40,11.11,-0.01,153,169983,卖盘
659,13:38:35,11.12,--,325,361400,买盘
660,13:38:29,11.12,--,492,547415,卖盘
661,13:38:25,11.12,--,154,172048,买盘
662,13:38:20,11.12,--,109,121207,买盘
663,13:38:14,11.12,--,10,11120,买盘
664,13:38:10,11.12,--,140,155680,买盘
665,13:38:05,11.12,-0.02,1586,1763943,卖盘
666,13:37:59,11.14,-0.01,10,11140,卖盘
667,13:37:50,11.15,0.01,10,11150,买盘
668,13:37:44,11.14,0.01,14,15596,中性盘
669,13:37:38,11.13,-0.01,900,1001700,卖盘
670,13:37:29,11.14,0.01,42,46788,买盘
671,13:37:19,11.13,-0.02,8,8904,卖盘
672,13:37:04,11.15,--,0,0,买盘
673,13:36:59,11.15,0.03,235,262827,买盘
674,13:36:49,11.12,-0.03,767,853215,卖盘
675,13:36:44,11.15,-0.01,110,122650,卖盘
676,13:36:38,11.16,--,1,1116,卖盘
677,13:36:34,11.16,0.03,1,1116,中性盘
678,13:36:29,11.13,-0.03,2000,2226000,卖盘
679,13:36:23,11.16,--,12,13392,卖盘
680,13:36:19,11.16,--,37,41292,卖盘
681,13:36:08,11.16,--,200,223200,卖盘
682,13:36:04,11.16,--,10,11160,卖盘
683,13:35:59,11.16,--,20,22320,卖盘
684,13:35:44,11.16,--,2,2232,卖盘
685,13:35:34,11.16,--,34,37944,卖盘
686,13:35:29,11.16,--,1,1116,卖盘
687,13:35:08,11.16,--,10,11160,卖盘
688,13:35:04,11.16,--,5,5580,卖盘
689,13:34:59,11.16,--,1,1116,卖盘
690,13:34:38,11.16,--,2,2232,卖盘
691,13:34:34,11.16,--,18,20088,卖盘
692,13:34:29,11.16,--,90,100440,卖盘
693,13:34:19,11.16,0.01,28,32051,买盘
694,13:34:14,11.15,-0.01,20,22300,卖盘
695,13:34:07,11.16,--,49,54684,买盘
696,13:33:44,11.16,--,212,236592,买盘
697,13:33:38,11.16,--,54,60576,卖盘
698,13:33:29,11.16,--,208,232128,卖盘
699,13:33:19,11.16,--,31,34596,卖盘
700,13:33:14,11.16,-0.01,2,2232,卖盘
701,13:33:04,11.17,--,61,68137,卖盘
702,13:32:59,11.17,--,51,56967,卖盘
703,13:32:53,11.17,--,19,21223,卖盘
704,13:32:49,11.17,--,108,120636,卖盘
705,13:32:44,11.17,--,10,11170,卖盘
706,13:32:38,11.17,--,57,63669,买盘
707,13:32:29,11.17,-0.01,47,52499,卖盘
708,13:32:23,11.18,0.01,6,6708,买盘
709,13:32:13,11.17,--,51,56967,卖盘
710,13:32:08,11.17,--,1,1117,卖盘
711,13:32:04,11.17,-0.01,36,40212,卖盘
712,13:31:59,11.18,--,102,114036,买盘
713,13:31:49,11.18,--,80,89440,卖盘
714,13:31:44,11.18,--,10,11180,卖盘
715,13:31:38,11.18,-0.01,15,16770,卖盘
716,13:31:29,11.19,0.01,3,3357,买盘
717,13:31:23,11.18,--,10,11180,卖盘
718,13:31:18,11.18,-0.01,15,16770,卖盘
719,13:31:14,11.19,0.01,121,135399,买盘
720,13:31:03,11.18,-0.01,1,1118,卖盘
721,13:30:52,11.19,0.01,19,21261,买盘
722,13:30:47,11.18,-0.01,200,223600,卖盘
723,13:30:43,11.19,--,52,58188,卖盘
724,13:30:37,11.19,--,144,161136,买盘
725,13:30:31,11.19,--,19,21261,买盘
726,13:30:28,11.19,0.01,13,14547,买盘
727,13:30:22,11.18,--,0,0,卖盘
728,13:30:16,11.18,-0.02,1,1118,卖盘
729,13:30:13,11.2,0.01,200,224000,买盘
730,13:30:08,11.19,--,14,15666,卖盘
731,13:29:58,11.19,0.01,16,17904,买盘
732,13:29:52,11.18,-0.01,54,60372,卖盘
733,13:29:47,11.19,--,20,22380,卖盘
734,13:29:38,11.19,-0.01,55,61545,卖盘
735,13:29:28,11.2,--,27,30239,买盘
736,13:29:22,11.2,--,80,89600,买盘
737,13:29:16,11.2,--,20,22400,买盘
738,13:29:13,11.2,0.02,11,12320,买盘
739,13:29:08,11.18,-0.02,115,128570,卖盘
740,13:29:01,11.2,-0.01,5,5600,买盘
741,13:28:58,11.21,0.01,705,790305,买盘
742,13:28:52,11.2,--,0,0,买盘
743,13:28:43,11.2,0.01,35,39200,买盘
744,13:28:31,11.19,-0.01,7,7833,买盘
745,13:28:28,11.2,--,0,0,买盘
746,13:28:22,11.2,0.03,120,134400,买盘
747,13:28:13,11.17,--,0,0,卖盘
748,13:28:07,11.17,0.01,14,15638,卖盘
749,13:27:58,11.16,--,0,0,卖盘
750,13:27:52,11.16,--,0,0,卖盘
751,13:27:46,11.16,-0.04,4,4464,卖盘
752,13:27:43,11.2,0.04,2999,3359686,买盘
753,13:27:37,11.16,--,114,127224,卖盘
754,13:27:22,11.16,-0.01,1,1116,卖盘
755,13:27:07,11.17,--,14,15638,买盘
756,13:26:58,11.17,--,4,4468,买盘
757,13:26:52,11.17,--,14,15638,卖盘
758,13:26:37,11.17,--,15,16755,卖盘
759,13:26:28,11.17,--,1,1117,卖盘
760,13:26:22,11.17,--,20,22340,卖盘
761,13:26:16,11.17,--,6,6702,卖盘
762,13:26:13,11.17,--,24,26808,卖盘
763,13:26:07,11.17,--,21,23457,卖盘
764,13:26:01,11.17,--,40,44680,卖盘
765,13:25:58,11.17,--,20,22340,卖盘
766,13:25:52,11.17,--,10,11170,卖盘
767,13:25:43,11.17,--,20,22340,卖盘
768,13:25:22,11.17,-0.02,1,1117,卖盘
769,13:25:13,11.19,0.01,145,162255,买盘
770,13:25:07,11.18,--,130,145340,卖盘
771,13:25:01,11.18,--,4,4472,卖盘
772,13:24:58,11.18,--,162,181116,卖盘
773,13:24:52,11.18,--,5,5590,卖盘
774,13:24:46,11.18,--,1,1118,卖盘
775,13:24:43,11.18,-0.01,20,22360,卖盘
776,13:24:37,11.19,0.01,11,12309,买盘
777,13:24:22,11.18,--,1,1118,卖盘
778,13:24:12,11.18,-0.02,769,859920,卖盘
779,13:24:07,11.2,0.01,257,287840,买盘
780,13:24:01,11.19,--,5,5595,卖盘
781,13:23:52,11.19,--,385,431754,买盘
782,13:23:37,11.19,--,50,55950,买盘
783,13:23:16,11.19,--,82,91758,买盘
784,13:23:07,11.19,0.01,200,223800,买盘
785,13:23:01,11.18,--,461,515398,卖盘
786,13:22:46,11.18,0.01,30,33540,买盘
787,13:22:37,11.17,-0.01,101,112817,卖盘
788,13:22:31,11.18,--,10,11180,买盘
789,13:22:22,11.18,--,119,133042,卖盘
790,13:22:16,11.18,--,10,11180,卖盘
791,13:22:07,11.18,--,18,20124,卖盘
792,13:22:01,11.18,--,1,1118,卖盘
793,13:21:55,11.18,-0.01,21,23478,卖盘
794,13:21:52,11.19,0.01,3,3357,买盘
795,13:21:46,11.18,-0.01,5,5590,卖盘
796,13:21:40,11.19,--,20,22380,买盘
797,13:21:37,11.19,--,33,36927,买盘
798,13:21:31,11.19,--,10,11190,买盘
799,13:21:22,11.19,0.01,21,23499,买盘
800,13:21:16,11.18,-0.01,15,16770,卖盘
801,13:21:10,11.19,--,17,19023,买盘
802,13:21:07,11.19,0.01,20,22380,买盘
803,13:21:01,11.18,--,42,46956,卖盘
804,13:20:52,11.18,--,176,196768,卖盘
805,13:20:46,11.18,--,1,1118,卖盘
806,13:20:37,11.18,--,1,1118,卖盘
807,13:20:31,11.18,--,26,29068,卖盘
808,13:20:22,11.18,-0.01,18,20124,卖盘
809,13:20:16,11.19,--,266,297654,买盘
810,13:20:07,11.19,--,5,5595,买盘
811,13:20:01,11.19,--,12,13428,买盘
812,13:19:52,11.19,--,12,13428,买盘
813,13:19:46,11.19,0.01,224,250656,买盘
814,13:19:40,11.18,-0.02,1,1118,卖盘
815,13:19:31,11.2,0.01,1500,1680000,买盘
816,13:19:25,11.19,--,132,147853,卖盘
817,13:19:22,11.19,--,15,16785,卖盘
818,13:19:16,11.19,--,64,71616,卖盘
819,13:19:10,11.19,--,22,24618,卖盘
820,13:19:07,11.19,--,82,91758,卖盘
821,13:19:01,11.19,-0.01,9,10071,卖盘
822,13:18:55,11.2,0.01,31,34720,买盘
823,13:18:51,11.19,--,39,43641,卖盘
824,13:18:36,11.19,--,92,102948,卖盘
825,13:18:31,11.19,--,64,71616,卖盘
826,13:18:25,11.19,--,10,11190,卖盘
827,13:18:21,11.19,--,17,19023,卖盘
828,13:18:16,11.19,--,90,100710,卖盘
829,13:18:06,11.19,--,1079,1208374,买盘
830,13:18:01,11.19,--,0,0,买盘
831,13:17:55,11.19,0.01,104,116376,买盘
832,13:17:51,11.18,-0.01,238,266229,卖盘
833,13:17:46,11.19,0.01,106,118614,买盘
834,13:17:36,11.18,0.01,4,4472,卖盘
835,13:17:31,11.17,-0.01,1655,1848635,卖盘
836,13:17:25,11.18,--,203,227289,买盘
837,13:17:21,11.18,--,125,139750,买盘
838,13:17:16,11.18,--,20,22360,买盘
839,13:17:10,11.18,0.01,94,105092,买盘
840,13:17:06,11.17,--,49,54733,卖盘
841,13:17:01,11.17,-0.01,595,664615,卖盘
842,13:16:51,11.18,0.01,24,26832,买盘
843,13:16:46,11.17,--,216,241272,卖盘
844,13:16:31,11.17,--,28,31276,卖盘
845,13:16:25,11.17,--,164,183824,买盘
846,13:16:19,11.17,0.01,122,136274,买盘
847,13:16:16,11.16,-0.01,40,44640,卖盘
848,13:16:10,11.17,--,54,60318,买盘
849,13:16:04,11.17,0.01,610,681370,买盘
850,13:16:01,11.16,--,10,11160,卖盘
851,13:15:55,11.16,-0.01,39,43524,卖盘
852,13:15:49,11.17,0.01,8,8936,买盘
853,13:15:40,11.16,--,1,1116,卖盘
854,13:15:19,11.16,0.01,61,68076,买盘
855,13:15:10,11.15,--,1,1115,卖盘
856,13:15:04,11.15,--,18,20070,卖盘
857,13:15:01,11.15,--,157,175055,卖盘
858,13:14:55,11.15,-0.02,2,2230,卖盘
859,13:14:34,11.17,0.02,25,27925,买盘
860,13:14:31,11.15,-0.01,250,278750,卖盘
861,13:14:25,11.16,0.01,6,6696,买盘
862,13:14:19,11.15,-0.02,13,14495,卖盘
863,13:14:16,11.17,--,36,40212,买盘
864,13:14:10,11.17,0.01,71,79307,买盘
865,13:14:04,11.16,--,202,225432,卖盘
866,13:13:49,11.16,--,2,2232,卖盘
867,13:13:46,11.16,--,67,74772,卖盘
868,13:13:34,11.16,--,3,3348,卖盘
869,13:13:31,11.16,--,8,8928,卖盘
870,13:13:15,11.16,--,1,1116,卖盘
871,13:13:00,11.16,--,31,34596,卖盘
872,13:12:55,11.16,0.01,47,52452,买盘
873,13:12:49,11.15,-0.01,2,2230,卖盘
874,13:12:45,11.16,--,21,23436,买盘
875,13:12:25,11.16,--,26,29016,买盘
876,13:12:00,11.16,--,201,224316,买盘
877,13:11:55,11.16,--,10,11160,买盘
878,13:11:30,11.16,--,14,15624,买盘
879,13:10:49,11.16,--,20,22320,买盘
880,13:10:34,11.16,0.01,102,113832,买盘
881,13:10:25,11.15,-0.01,6,6690,卖盘
882,13:10:19,11.16,--,9,10044,买盘
883,13:10:10,11.16,0.01,200,223200,买盘
884,13:10:00,11.15,--,17,18955,卖盘
885,13:09:55,11.15,--,72,80280,卖盘
886,13:09:40,11.15,--,6,6690,卖盘
887,13:09:10,11.15,--,35,39025,卖盘
888,13:08:58,11.15,--,10,11150,卖盘
889,13:08:55,11.15,-0.01,1,1115,卖盘
890,13:08:43,11.16,0.01,1,1116,买盘
891,13:08:34,11.15,-0.01,7,7805,卖盘
892,13:08:28,11.16,--,5,5580,买盘
893,13:08:19,11.16,--,21,23436,买盘
894,13:08:13,11.16,-0.01,2,2232,买盘
895,13:08:04,11.17,0.01,33,36861,买盘
896,13:07:55,11.16,--,20,22320,买盘
897,13:07:49,11.16,--,54,61335,卖盘
898,13:07:40,11.16,--,200,223200,卖盘
899,13:07:34,11.16,-0.01,120,133920,卖盘
900,13:07:28,11.17,0.01,11,12287,买盘
901,13:07:25,11.16,--,6,6696,卖盘
902,13:07:19,11.16,--,106,118296,卖盘
903,13:07:10,11.16,0.01,59,65888,买盘
904,13:07:04,11.15,-0.01,1,1115,卖盘
905,13:06:58,11.16,--,22,24552,买盘
906,13:06:55,11.16,--,130,146151,卖盘
907,13:06:49,11.16,-0.01,25,27900,卖盘
908,13:06:43,11.17,0.01,4,4468,买盘
909,13:06:40,11.16,--,15,16740,卖盘
910,13:06:28,11.16,--,1,1116,卖盘
911,13:06:19,11.16,--,16,17856,卖盘
912,13:06:13,11.16,--,25,27900,卖盘
913,13:06:09,11.16,--,50,55844,买盘
914,13:06:04,11.16,--,53,60219,卖盘
915,13:05:54,11.16,--,3,3348,卖盘
916,13:05:49,11.16,-0.01,18,20088,卖盘
917,13:05:43,11.17,0.01,243,271431,买盘
918,13:05:39,11.16,--,45,50220,卖盘
919,13:05:34,11.16,--,128,142892,买盘
920,13:05:28,11.16,--,25,27900,买盘
921,13:05:19,11.16,--,274,306855,卖盘
922,13:05:09,11.16,--,18,20088,卖盘
923,13:05:04,11.16,--,109,121644,卖盘
924,13:04:58,11.16,--,4,4464,卖盘
925,13:04:54,11.16,--,5,5580,卖盘
926,13:04:49,11.16,--,3,3348,卖盘
927,13:04:39,11.16,--,5,5580,卖盘
928,13:04:28,11.16,--,35,39060,卖盘
929,13:04:24,11.16,--,1,1116,卖盘
930,13:04:19,11.16,--,10,11160,卖盘
931,13:04:13,11.16,--,1,1116,卖盘
932,13:03:54,11.16,--,1,1116,卖盘
933,13:03:49,11.16,--,25,27900,卖盘
934,13:03:43,11.16,--,30,33480,卖盘
935,13:03:39,11.16,--,202,225432,卖盘
936,13:03:34,11.16,--,12,13392,卖盘
937,13:03:24,11.16,--,95,106064,买盘
938,13:03:19,11.16,--,120,133920,卖盘
939,13:03:04,11.16,--,50,55800,卖盘
940,13:02:58,11.16,--,11,12276,卖盘
941,13:02:54,11.16,--,1,1116,卖盘
942,13:02:49,11.16,--,52,58032,买盘
943,13:02:38,11.16,0.01,30,33480,买盘
944,13:02:34,11.15,-0.01,102,113730,卖盘
945,13:02:28,11.16,--,15,16740,买盘
946,13:02:22,11.16,0.01,113,126108,买盘
947,13:02:04,11.15,--,4,4460,卖盘
948,13:01:52,11.15,-0.01,1,1115,卖盘
949,13:01:49,11.16,--,51,56916,买盘
950,13:01:34,11.16,0.01,5,5580,买盘
951,13:01:28,11.15,-0.01,18,20070,卖盘
952,13:01:19,11.16,--,66,73656,买盘
953,13:01:13,11.16,--,5,5580,买盘
954,13:00:52,11.16,-0.01,1,1116,卖盘
955,13:00:49,11.17,0.03,13,14521,买盘
956,13:00:43,11.14,-0.03,5,5570,卖盘
957,13:00:34,11.17,0.02,1590,1776030,买盘
958,13:00:22,11.15,0.01,4,4460,买盘
959,13:00:19,11.14,--,14,15596,卖盘
960,13:00:13,11.14,--,30,33420,卖盘
961,13:00:07,11.14,--,40,44560,卖盘
962,13:00:04,11.14,0.01,275,307051,买盘
963,11:30:00,11.13,--,0,0,卖盘
964,11:30:00,11.13,--,0,0,卖盘
965,11:29:44,11.13,-0.01,1,1113,卖盘
966,11:29:38,11.14,--,144,160828,卖盘
967,11:29:34,11.14,--,60,66840,卖盘
968,11:29:23,11.14,--,11,12254,卖盘
969,11:29:17,11.14,--,20,22280,卖盘
970,11:29:08,11.14,--,23,25622,卖盘
971,11:28:59,11.14,--,119,132566,卖盘
972,11:28:53,11.14,--,217,241738,卖盘
973,11:28:38,11.14,--,92,103189,买盘
974,11:28:32,11.14,--,22,24508,买盘
975,11:28:29,11.14,--,41,45674,买盘
976,11:28:08,11.14,--,241,268474,买盘
977,11:28:02,11.14,--,4,4456,买盘
978,11:27:59,11.14,--,28,31192,买盘
979,11:27:53,11.14,--,4,4456,买盘
980,11:27:47,11.14,0.01,24,26736,买盘
981,11:27:44,11.13,--,379,421827,买盘
982,11:27:38,11.13,--,1,1113,买盘
983,11:27:32,11.13,--,50,55650,买盘
984,11:27:23,11.13,0.01,30,33390,买盘
985,11:27:14,11.12,-0.01,10,11120,卖盘
986,11:27:08,11.13,0.01,5,5565,买盘
987,11:26:59,11.12,--,2,2224,卖盘
988,11:26:53,11.12,--,2,2224,卖盘
989,11:26:47,11.12,--,13,14455,卖盘
990,11:26:38,11.12,--,23,25576,卖盘
991,11:26:13,11.12,-0.01,21,23352,卖盘
992,11:26:02,11.13,--,10,11130,买盘
993,11:25:53,11.13,--,1,1113,买盘
994,11:25:43,11.13,--,17,18921,买盘
995,11:25:38,11.13,--,13,14469,买盘
996,11:25:32,11.13,--,20,22260,买盘
997,11:25:23,11.13,0.01,4,4452,买盘
998,11:25:13,11.12,--,199,221287,卖盘
999,11:25:02,11.12,-0.01,5,5560,卖盘
1000,11:24:58,11.13,0.01,3,3339,买盘
1001,11:24:53,11.12,--,24,26687,卖盘
1002,11:24:38,11.12,--,125,139000,卖盘
1003,11:24:23,11.12,--,1,1112,卖盘
1004,11:24:02,11.12,--,5,5560,卖盘
1005,11:23:47,11.12,--,49,54487,卖盘
1006,11:23:43,11.12,--,10,11120,卖盘
1007,11:23:38,11.12,--,21,23352,卖盘
1008,11:23:17,11.12,--,10,11120,卖盘
1009,11:23:08,11.12,0.01,14,15567,买盘
1010,11:23:02,11.11,-0.01,1,1111,卖盘
1011,11:22:56,11.12,--,35,38920,买盘
1012,11:22:53,11.12,--,260,289120,卖盘
1013,11:22:47,11.12,--,2,2224,卖盘
1014,11:22:38,11.12,--,5,5560,卖盘
1015,11:22:32,11.12,--,20,22240,卖盘
1016,11:22:17,11.12,--,5,5560,卖盘
1017,11:22:08,11.12,--,12,13343,卖盘
1018,11:22:02,11.12,--,365,405880,买盘
1019,11:21:53,11.12,0.01,17,18904,卖盘
1020,11:21:47,11.11,-0.01,57,63327,卖盘
1021,11:21:41,11.12,--,27,30023,买盘
1022,11:21:38,11.12,--,68,75616,买盘
1023,11:21:32,11.12,--,14,15567,卖盘
1024,11:21:23,11.12,--,1,1112,卖盘
1025,11:21:17,11.12,--,80,88960,卖盘
1026,11:21:11,11.12,--,20,22240,卖盘
1027,11:21:08,11.12,--,77,85624,卖盘
1028,11:21:02,11.12,--,82,91184,卖盘
1029,11:20:56,11.12,--,10,11120,卖盘
1030,11:20:53,11.12,--,12,13343,卖盘
1031,11:20:41,11.12,-0.01,5,5560,卖盘
1032,11:20:38,11.13,0.01,20,22260,买盘
1033,11:20:32,11.12,-0.01,137,152344,卖盘
1034,11:20:26,11.13,--,36,40068,买盘
1035,11:20:17,11.13,--,1,1113,买盘
1036,11:20:11,11.13,--,483,537579,卖盘
1037,11:20:02,11.13,--,2,2226,卖盘
1038,11:19:56,11.13,--,180,200340,卖盘
1039,11:19:41,11.13,--,2,2226,卖盘
1040,11:19:37,11.13,--,36,40068,卖盘
1041,11:19:32,11.13,--,50,55650,卖盘
1042,11:19:17,11.13,-0.01,21,23373,卖盘
1043,11:19:07,11.14,--,2,2228,买盘
1044,11:19:02,11.14,--,2,2640,卖盘
1045,11:18:56,11.14,--,12,13368,卖盘
1046,11:18:52,11.14,-0.01,38,42332,卖盘
1047,11:18:47,11.15,0.01,1,1115,买盘
1048,11:18:41,11.14,-0.01,50,55700,卖盘
1049,11:18:32,11.15,0.01,84,93660,买盘
1050,11:18:22,11.14,-0.01,30,33420,卖盘
1051,11:18:17,11.15,0.01,192,214782,买盘
1052,11:18:11,11.14,--,10,11140,卖盘
1053,11:18:07,11.14,-0.01,23,25622,卖盘
1054,11:17:37,11.15,0.01,10,11150,买盘
1055,11:17:32,11.14,--,1,1114,卖盘
1056,11:17:22,11.14,--,37,41218,卖盘
1057,11:17:17,11.14,--,2,2228,卖盘
1058,11:17:11,11.14,--,10,11140,卖盘
1059,11:17:07,11.14,--,1,1114,卖盘
1060,11:17:02,11.14,-0.01,10,11140,卖盘
1061,11:16:07,11.15,0.01,134,149410,买盘
1062,11:16:02,11.14,--,50,55700,卖盘
1063,11:15:56,11.14,-0.01,100,111400,卖盘
1064,11:15:41,11.15,--,3,3345,买盘
1065,11:15:35,11.15,0.01,55,61325,买盘
1066,11:15:26,11.14,--,3,3342,卖盘
1067,11:15:20,11.14,-0.01,10,11140,卖盘
1068,11:15:17,11.15,0.01,9,10035,买盘
1069,11:14:56,11.14,-0.01,4,4456,卖盘
1070,11:14:47,11.15,0.01,20,22300,买盘
1071,11:14:41,11.14,-0.01,5,5570,卖盘
1072,11:14:26,11.15,--,135,150525,买盘
1073,11:14:20,11.15,--,16,17840,买盘
1074,11:14:17,11.15,0.01,4,4460,买盘
1075,11:14:11,11.14,--,55,61270,买盘
1076,11:14:01,11.14,--,13,14482,买盘
1077,11:13:56,11.14,-0.01,133,148162,卖盘
1078,11:13:50,11.15,--,24,26760,买盘
1079,11:13:46,11.15,--,43,47945,买盘
1080,11:13:41,11.15,--,3,3345,买盘
1081,11:13:35,11.15,0.01,19,21185,买盘
1082,11:13:31,11.14,--,142,158188,卖盘
1083,11:13:17,11.14,-0.01,17,18938,卖盘
1084,11:13:05,11.15,--,6,6690,买盘
1085,11:13:01,11.15,--,86,95890,买盘
1086,11:12:56,11.15,--,5,5575,买盘
1087,11:12:46,11.15,0.01,70,78050,买盘
1088,11:12:41,11.14,--,2,2228,卖盘
1089,11:12:31,11.14,--,50,55700,买盘
1090,11:12:26,11.14,--,20,22280,买盘
1091,11:12:16,11.14,--,77,85778,买盘
1092,11:11:56,11.14,0.01,200,222800,买盘
1093,11:11:50,11.13,-0.01,30,33390,卖盘
1094,11:11:31,11.14,--,47,52358,买盘
1095,11:11:20,11.14,0.01,16,17824,买盘
1096,11:11:05,11.13,-0.01,41,45633,卖盘
1097,11:11:01,11.14,--,18,20052,卖盘
1098,11:10:46,11.14,0.01,82,91348,买盘
1099,11:10:41,11.13,--,40,44520,卖盘
1100,11:10:35,11.13,-0.01,1,1113,卖盘
1101,11:10:31,11.14,--,47,52358,买盘
1102,11:10:16,11.14,--,36,40104,卖盘
1103,11:10:11,11.14,--,10,11140,卖盘
1104,11:10:05,11.14,--,40,44560,卖盘
1105,11:09:56,11.14,--,89,99146,卖盘
1106,11:09:46,11.14,--,21,23394,卖盘
1107,11:09:41,11.14,-0.01,10,11140,卖盘
1108,11:09:30,11.15,0.01,67,74705,买盘
1109,11:09:26,11.14,--,1,1114,卖盘
1110,11:09:16,11.14,0.01,10,11140,中性盘
1111,11:09:11,11.13,-0.01,7,7791,卖盘
1112,11:09:05,11.14,--,1,1114,买盘
1113,11:08:59,11.14,--,1,1114,卖盘
1114,11:08:56,11.14,--,9,10026,买盘
1115,11:08:50,11.14,-0.01,3,3342,中性盘
1116,11:08:44,11.15,0.01,10,11150,买盘
1117,11:08:41,11.14,-0.01,99,110286,买盘
1118,11:08:29,11.15,--,4,4460,买盘
1119,11:08:26,11.15,--,47,52405,买盘
1120,11:08:20,11.15,--,35,39025,买盘
1121,11:08:10,11.15,--,77,85855,买盘
1122,11:08:05,11.15,0.02,25,27875,买盘
1123,11:07:59,11.13,-0.01,11,12243,卖盘
1124,11:07:55,11.14,--,154,171556,卖盘
1125,11:07:50,11.14,-0.01,50,55700,卖盘
1126,11:07:44,11.15,0.01,20,22300,买盘
1127,11:07:35,11.14,-0.01,1,1114,卖盘
1128,11:07:29,11.15,0.01,56,62440,买盘
1129,11:07:25,11.14,--,30,33420,卖盘
1130,11:07:20,11.14,--,35,38990,卖盘
1131,11:07:14,11.14,--,1,1114,卖盘
1132,11:07:10,11.14,--,20,22280,卖盘
1133,11:07:05,11.14,--,29,32306,卖盘
1134,11:06:59,11.14,-0.01,5,5570,卖盘
1135,11:06:55,11.15,0.01,46,51290,买盘
1136,11:06:50,11.14,-0.01,52,57928,卖盘
1137,11:06:40,11.15,--,40,44600,买盘
1138,11:06:25,11.15,0.01,70,78050,买盘
1139,11:06:20,11.14,--,60,66840,卖盘
1140,11:06:14,11.14,-0.01,3,3342,卖盘
1141,11:06:05,11.15,0.01,47,52405,买盘
1142,11:05:55,11.14,-0.01,46,51244,卖盘
1143,11:05:44,11.15,0.01,47,52405,买盘
1144,11:05:40,11.14,-0.01,1,1114,卖盘
1145,11:05:35,11.15,0.01,50,55750,买盘
1146,11:05:28,11.14,-0.01,15,16710,卖盘
1147,11:05:25,11.15,--,20,22300,买盘
1148,11:05:20,11.15,--,60,66900,买盘
1149,11:05:05,11.15,0.01,87,97005,买盘
1150,11:04:55,11.14,--,1,1114,卖盘
1151,11:04:50,11.14,--,61,67954,卖盘
1152,11:04:40,11.14,-0.01,80,89120,卖盘
1153,11:04:25,11.15,0.01,47,52405,买盘
1154,11:04:05,11.14,-0.01,31,34534,卖盘
1155,11:03:59,11.15,0.01,131,146065,买盘
1156,11:03:55,11.14,--,5,5570,卖盘
1157,11:03:35,11.14,-0.01,13,14482,卖盘
1158,11:03:29,11.15,0.01,47,52405,买盘
1159,11:03:10,11.14,--,16,17824,卖盘
1160,11:03:05,11.14,-0.01,32,35648,卖盘
1161,11:02:55,11.15,--,47,52405,买盘
1162,11:02:35,11.15,--,16,17840,买盘
1163,11:02:20,11.15,--,12,13380,买盘
1164,11:02:10,11.15,--,33,36795,买盘
1165,11:02:05,11.15,-0.01,2,2230,卖盘
1166,11:01:59,11.16,--,21,23436,买盘
1167,11:01:55,11.16,0.01,55,61380,买盘
1168,11:01:50,11.15,0.01,20,22300,卖盘
1169,11:01:44,11.14,--,1,1114,卖盘
1170,11:01:34,11.14,-0.02,306,340884,卖盘
1171,11:01:29,11.16,0.01,30,33480,买盘
1172,11:01:19,11.15,--,133,148295,卖盘
1173,11:01:14,11.15,--,50,55750,卖盘
1174,11:01:07,11.15,-0.01,52,57980,卖盘
1175,11:01:05,11.16,0.01,18,20088,买盘
1176,11:00:59,11.15,--,1,1115,卖盘
1177,11:00:49,11.15,--,7,7805,卖盘
1178,11:00:44,11.15,-0.01,30,33450,卖盘
1179,11:00:38,11.16,--,4,4464,买盘
1180,11:00:34,11.16,0.01,29,32364,买盘
1181,11:00:29,11.15,--,20,22300,卖盘
1182,11:00:23,11.15,--,15,16725,卖盘
1183,11:00:19,11.15,-0.01,81,90315,卖盘
1184,11:00:14,11.16,0.01,51,56916,买盘
1185,11:00:08,11.15,--,54,60210,卖盘
1186,11:00:04,11.15,-0.01,26,28990,卖盘
1187,10:59:59,11.16,0.01,17,18972,买盘
1188,10:59:44,11.15,--,25,27875,卖盘
1189,10:59:38,11.15,--,5,5575,卖盘
1190,10:59:19,11.15,-0.01,57,63555,卖盘
1191,10:59:14,11.16,0.01,3,3348,买盘
1192,10:59:04,11.15,-0.01,20,22300,卖盘
1193,10:58:59,11.16,--,391,437126,卖盘
1194,10:58:49,11.16,--,80,89280,卖盘
1195,10:58:43,11.16,--,2,2232,卖盘
1196,10:58:38,11.16,-0.01,18,20088,卖盘
1197,10:58:34,11.17,0.01,11,12287,买盘
1198,10:58:28,11.16,--,31,34596,卖盘
1199,10:58:23,11.16,-0.01,51,56916,卖盘
1200,10:58:08,11.17,0.01,52,58084,买盘
1201,10:58:04,11.16,--,18,20433,卖盘
1202,10:57:58,11.16,-0.01,61,68076,卖盘
1203,10:57:49,11.17,--,10,11170,买盘
1204,10:57:44,11.17,--,45,50265,买盘
1205,10:57:34,11.17,--,126,140742,买盘
1206,10:57:29,11.17,0.01,10,11170,买盘
1207,10:57:19,11.16,--,10,11160,卖盘
1208,10:57:14,11.16,-0.01,42,46872,卖盘
1209,10:57:04,11.17,0.01,14,15638,买盘
1210,10:56:59,11.16,-0.01,30,33480,卖盘
1211,10:56:53,11.17,--,11,12287,买盘
1212,10:56:49,11.17,--,73,81541,买盘
1213,10:56:43,11.17,0.01,19,21223,买盘
1214,10:56:34,11.16,-0.01,21,23436,卖盘
1215,10:56:28,11.17,--,145,161965,买盘
1216,10:56:19,11.17,-0.01,424,474166,卖盘
1217,10:56:14,11.18,0.01,42,46956,买盘
1218,10:56:07,11.17,--,20,22340,卖盘
1219,10:56:04,11.17,--,13,14521,卖盘
1220,10:55:58,11.17,--,3,3351,卖盘
1221,10:55:52,11.17,--,30,33510,卖盘
1222,10:55:49,11.17,-0.01,10,11170,卖盘
1223,10:55:38,11.18,0.01,17,19006,买盘
1224,10:55:33,11.17,--,3,3351,卖盘
1225,10:55:28,11.17,--,2,2234,卖盘
1226,10:55:22,11.17,-0.01,10,11170,卖盘
1227,10:55:19,11.18,--,373,417014,买盘
1228,10:55:13,11.18,0.01,4,4472,买盘
1229,10:55:08,11.17,-0.01,50,55850,卖盘
1230,10:55:03,11.18,0.01,10,11180,买盘
1231,10:54:58,11.17,--,48,53616,卖盘
1232,10:54:52,11.17,-0.01,66,73722,卖盘
1233,10:54:46,11.18,0.01,5,5590,买盘
1234,10:54:43,11.17,--,5,5585,卖盘
1235,10:54:37,11.17,--,55,61993,买盘
1236,10:54:28,11.17,--,7,7819,买盘
1237,10:54:22,11.17,--,71,79307,卖盘
1238,10:54:16,11.17,--,10,11170,卖盘
1239,10:54:07,11.17,--,44,49148,卖盘
1240,10:53:58,11.17,--,5,5585,卖盘
1241,10:53:52,11.17,-0.01,38,42446,卖盘
1242,10:53:46,11.18,--,45,50310,买盘
1243,10:53:37,11.18,0.01,2,2236,买盘
1244,10:53:31,11.17,--,17,18989,卖盘
1245,10:53:28,11.17,0.01,116,129572,买盘
1246,10:53:22,11.16,-0.01,7,7812,卖盘
1247,10:53:16,11.17,--,14,15638,买盘
1248,10:53:13,11.17,--,1,1117,买盘
1249,10:53:07,11.17,--,109,121753,卖盘
1250,10:53:01,11.17,0.01,51,56967,买盘
1251,10:52:58,11.16,-0.01,67,74772,卖盘
1252,10:52:52,11.17,0.01,46,51382,买盘
1253,10:52:43,11.16,--,5,5580,卖盘
1254,10:52:37,11.16,-0.01,7,7812,卖盘
1255,10:52:31,11.17,--,35,39095,买盘
1256,10:52:28,11.17,--,139,155263,买盘
1257,10:52:22,11.17,0.01,18,20106,买盘
1258,10:52:16,11.16,-0.01,1,1116,卖盘
1259,10:52:13,11.17,--,909,1015353,卖盘
1260,10:52:01,11.17,-0.01,4,4468,卖盘
1261,10:51:58,11.18,0.02,1,1118,买盘
1262,10:51:52,11.16,-0.01,1,1116,卖盘
1263,10:51:46,11.17,--,15,16755,卖盘
1264,10:51:43,11.17,--,469,523873,买盘
1265,10:51:37,11.17,--,6,6702,买盘
1266,10:51:28,11.17,--,200,223400,买盘
1267,10:51:22,11.17,--,50,55850,买盘
1268,10:51:07,11.17,0.01,165,184305,买盘
1269,10:50:58,11.16,--,15,16740,卖盘
1270,10:50:52,11.16,-0.01,46,51336,卖盘
1271,10:50:46,11.17,0.01,72,80424,买盘
1272,10:50:43,11.16,--,75,83700,买盘
1273,10:50:37,11.16,0.01,178,198648,买盘
1274,10:50:31,11.15,-0.01,1,1115,卖盘
1275,10:50:28,11.16,--,208,232128,买盘
1276,10:50:22,11.16,0.01,26,29016,买盘
1277,10:50:16,11.15,--,7,7805,买盘
1278,10:50:13,11.15,--,99,110385,买盘
1279,10:50:07,11.15,--,27,30105,卖盘
1280,10:50:01,11.15,-0.01,20,22300,卖盘
1281,10:49:58,11.16,0.01,8,8928,买盘
1282,10:49:52,11.15,--,34,37910,买盘
1283,10:49:46,11.15,--,43,47945,买盘
1284,10:49:43,11.15,--,14,15610,买盘
1285,10:49:37,11.15,-0.01,189,210735,卖盘
1286,10:49:31,11.16,0.01,3,3348,买盘
1287,10:49:22,11.15,--,5,5575,卖盘
1288,10:49:16,11.15,--,16,17840,卖盘
1289,10:49:13,11.15,--,2,2230,卖盘
1290,10:49:01,11.15,--,10,11150,卖盘
1291,10:48:52,11.15,-0.01,71,79165,卖盘
1292,10:48:43,11.16,0.01,25,27900,买盘
1293,10:48:37,11.15,--,30,33450,卖盘
1294,10:48:27,11.15,-0.01,6,6690,卖盘
1295,10:48:16,11.16,0.01,7,7812,买盘
1296,10:48:13,11.15,--,68,75820,卖盘
1297,10:48:07,11.15,-0.01,56,62440,卖盘
1298,10:48:01,11.16,0.01,2,2232,买盘
1299,10:47:57,11.15,-0.01,2,2230,卖盘
1300,10:47:52,11.16,0.01,133,148428,买盘
1301,10:47:46,11.15,--,4,4460,卖盘
1302,10:47:42,11.15,--,1,1115,卖盘
1303,10:47:37,11.15,-0.01,15,16725,卖盘
1304,10:47:22,11.16,0.01,50,55800,买盘
1305,10:47:07,11.15,-0.01,10,11150,卖盘
1306,10:47:01,11.16,--,2,2232,买盘
1307,10:46:55,11.16,--,200,223200,买盘
1308,10:46:52,11.16,--,5,5580,买盘
1309,10:46:40,11.16,--,36,40176,买盘
1310,10:46:37,11.16,--,102,113832,卖盘
1311,10:46:31,11.16,--,32,35712,卖盘
1312,10:46:25,11.16,--,4,4464,卖盘
1313,10:46:22,11.16,--,89,99324,卖盘
1314,10:46:16,11.16,--,20,22320,卖盘
1315,10:46:10,11.16,--,9,10044,卖盘
1316,10:46:07,11.16,--,12,13392,卖盘
1317,10:46:01,11.16,--,15,16740,卖盘
1318,10:45:55,11.16,--,5,5580,卖盘
1319,10:45:52,11.16,--,352,392832,买盘
1320,10:45:46,11.16,0.01,25,27900,买盘
1321,10:45:40,11.15,-0.01,30,33450,卖盘
1322,10:45:37,11.16,--,21,23436,买盘
1323,10:45:31,11.16,-0.01,45,50220,卖盘
1324,10:45:25,11.17,0.01,12,13404,买盘
1325,10:45:22,11.16,-0.01,143,159588,卖盘
1326,10:45:16,11.17,--,18,20106,买盘
1327,10:45:10,11.17,--,25,27925,卖盘
1328,10:45:07,11.17,--,76,84892,买盘
1329,10:45:01,11.17,-0.01,85,94945,卖盘
1330,10:44:52,11.18,0.01,47,52546,买盘
1331,10:44:46,11.17,--,8,8936,卖盘
1332,10:44:40,11.17,-0.01,18,20106,中性盘
1333,10:44:37,11.18,0.02,510,570180,买盘
1334,10:44:31,11.16,-0.01,554,618264,卖盘
1335,10:44:25,11.17,0.01,4,4468,买盘
1336,10:44:22,11.16,-0.01,15,16740,卖盘
1337,10:44:16,11.17,--,3,3351,买盘
1338,10:44:10,11.17,--,210,234570,买盘
1339,10:44:07,11.17,--,81,90477,买盘
1340,10:44:01,11.17,0.01,20,22340,买盘
1341,10:43:55,11.16,--,90,100440,买盘
1342,10:43:52,11.16,--,73,81468,买盘
1343,10:43:46,11.16,--,139,155124,买盘
1344,10:43:40,11.16,--,18,20088,买盘
1345,10:43:37,11.16,0.01,201,224316,买盘
1346,10:43:31,11.15,-0.01,6,6690,卖盘
1347,10:43:25,11.16,--,20,22320,买盘
1348,10:43:22,11.16,0.01,68,75888,买盘
1349,10:43:16,11.15,0.01,2328,2595720,买盘
1350,10:43:10,11.14,--,20,22280,卖盘
1351,10:43:07,11.14,--,16,17824,卖盘
1352,10:43:01,11.14,--,125,139250,买盘
1353,10:42:55,11.14,0.01,1011,1126254,买盘
1354,10:42:52,11.13,--,1,1113,卖盘
1355,10:42:46,11.13,--,50,55650,卖盘
1356,10:42:37,11.13,--,117,130310,买盘
1357,10:42:31,11.13,0.01,109,121317,买盘
1358,10:42:25,11.12,-0.01,578,642736,卖盘
1359,10:42:21,11.13,--,17,18921,买盘
1360,10:42:16,11.13,--,100,111300,买盘
1361,10:42:07,11.13,--,27,30051,买盘
1362,10:42:01,11.13,0.01,2,2226,买盘
1363,10:41:55,11.12,--,1,1112,卖盘
1364,10:41:51,11.12,--,248,275776,买盘
1365,10:41:46,11.12,--,200,222399,买盘
1366,10:41:40,11.12,--,27,30023,买盘
1367,10:41:36,11.12,0.01,15,16680,买盘
1368,10:41:31,11.11,--,269,298859,卖盘
1369,10:41:25,11.11,--,28,31108,卖盘
1370,10:41:16,11.11,-0.01,6,6666,卖盘
1371,10:41:10,11.12,--,1,1112,买盘
1372,10:41:06,11.12,--,30,33360,买盘
1373,10:41:01,11.12,--,12,13343,买盘
1374,10:40:55,11.12,0.01,5,5560,买盘
1375,10:40:51,11.11,-0.01,48,53328,卖盘
1376,10:40:40,11.12,--,4,4448,买盘
1377,10:40:36,11.12,--,8,8896,买盘
1378,10:40:31,11.12,--,4,4448,买盘
1379,10:40:25,11.12,0.01,33,36696,买盘
1380,10:40:21,11.11,-0.01,17,18887,卖盘
1381,10:40:16,11.12,0.01,9,10008,买盘
1382,10:40:06,11.11,--,41,45551,买盘
1383,10:40:01,11.11,-0.01,67,74437,卖盘
1384,10:39:55,11.12,0.01,3,3335,买盘
1385,10:39:51,11.11,--,24,26664,卖盘
1386,10:39:46,11.11,--,53,58883,卖盘
1387,10:39:40,11.11,--,5,5555,卖盘
1388,10:39:36,11.11,--,54,59994,买盘
1389,10:39:31,11.11,0.01,20,22220,买盘
1390,10:39:16,11.1,-0.01,4,4440,卖盘
1391,10:39:10,11.11,--,300,333300,买盘
1392,10:39:04,11.11,--,2,2222,买盘
1393,10:38:55,11.11,0.01,56,62216,买盘
1394,10:38:46,11.1,--,41,45510,卖盘
1395,10:38:31,11.1,-0.01,228,253080,卖盘
1396,10:38:25,11.11,--,12,13332,买盘
1397,10:38:19,11.11,0.01,14,15554,买盘
1398,10:38:16,11.1,-0.01,315,349650,卖盘
1399,10:38:10,11.11,--,5,5555,买盘
1400,10:38:01,11.11,--,10,11110,买盘
1401,10:37:55,11.11,--,15,16665,买盘
1402,10:37:46,11.11,--,46,51106,买盘
1403,10:37:40,11.11,--,39,43329,卖盘
1404,10:37:31,11.11,--,20,22220,卖盘
1405,10:37:25,11.11,--,387,429957,卖盘
1406,10:37:16,11.11,--,17,18887,卖盘
1407,10:37:01,11.11,--,18,19998,卖盘
1408,10:36:55,11.11,--,20,22220,卖盘
1409,10:36:46,11.11,--,16,17776,卖盘
1410,10:36:40,11.11,--,1,1111,卖盘
1411,10:36:31,11.11,--,7,7777,卖盘
1412,10:36:25,11.11,--,17,18887,卖盘
1413,10:36:16,11.11,--,7,7777,卖盘
1414,10:36:10,11.11,-0.01,5,5555,卖盘
1415,10:36:04,11.12,0.01,1,1112,买盘
1416,10:35:49,11.11,-0.01,2,2222,卖盘
1417,10:35:40,11.12,-0.01,111,123431,卖盘
1418,10:35:34,11.13,0.01,18,20034,买盘
1419,10:35:31,11.12,--,138,153456,卖盘
1420,10:35:25,11.12,-0.01,83,92296,卖盘
1421,10:35:19,11.13,0.01,108,120204,买盘
1422,10:35:10,11.12,--,5,5560,卖盘
1423,10:35:01,11.12,-0.01,10,11120,卖盘
1424,10:34:55,11.13,0.01,32,35616,买盘
1425,10:34:46,11.12,--,54,60047,卖盘
1426,10:34:40,11.12,--,7,7783,卖盘
1427,10:34:34,11.12,--,5,5560,卖盘
1428,10:34:25,11.12,-0.01,26,28911,卖盘
1429,10:34:19,11.13,--,272,302736,买盘
1430,10:34:15,11.13,0.01,20,22260,买盘
1431,10:34:10,11.12,-0.01,61,67832,卖盘
1432,10:33:45,11.13,0.01,10,11130,买盘
1433,10:33:30,11.12,-0.01,16,17792,卖盘
1434,10:33:25,11.13,0.01,19,21147,买盘
1435,10:33:10,11.12,-0.01,6,6671,卖盘
1436,10:33:00,11.13,0.01,3,3339,买盘
1437,10:32:45,11.12,-0.01,10,11120,卖盘
1438,10:32:40,11.13,0.01,13,14469,买盘
1439,10:32:34,11.12,-0.01,20,22240,卖盘
1440,10:32:30,11.13,0.01,197,219261,买盘
1441,10:32:25,11.12,--,16,17792,卖盘
1442,10:32:19,11.12,-0.01,22,24464,卖盘
1443,10:32:15,11.13,--,200,222600,买盘
1444,10:32:10,11.13,0.01,15,16695,买盘
1445,10:32:00,11.12,-0.01,420,467039,卖盘
1446,10:31:55,11.13,0.01,490,545370,买盘
1447,10:31:45,11.12,-0.01,26,28911,卖盘
1448,10:31:40,11.13,--,22,24486,买盘
1449,10:31:34,11.13,0.01,3,3339,买盘
1450,10:31:30,11.12,-0.01,21,23352,卖盘
1451,10:31:25,11.13,--,4,4452,买盘
1452,10:31:15,11.13,--,22,24486,买盘
1453,10:31:10,11.13,0.01,3,3339,买盘
1454,10:31:04,11.12,-0.01,29,32247,卖盘
1455,10:30:58,11.13,0.01,567,631071,买盘
1456,10:30:55,11.12,--,4,4448,买盘
1457,10:30:49,11.12,--,65,72280,买盘
1458,10:30:43,11.12,--,20,22240,买盘
1459,10:30:40,11.12,--,84,93408,买盘
1460,10:30:34,11.12,--,35,38920,买盘
1461,10:30:28,11.12,--,184,204608,买盘
1462,10:30:25,11.12,--,254,282448,买盘
1463,10:30:19,11.12,--,71,78952,买盘
1464,10:30:13,11.12,0.01,4,4448,买盘
1465,10:30:10,11.11,--,85,94435,卖盘
1466,10:30:04,11.11,--,5,5555,卖盘
1467,10:29:58,11.11,--,298,331078,买盘
1468,10:29:55,11.11,--,1,1111,买盘
1469,10:29:49,11.11,0.01,28,31108,买盘
1470,10:29:43,11.1,--,10,11100,卖盘
1471,10:29:40,11.1,-0.01,10,11100,卖盘
1472,10:29:34,11.11,0.01,10,11110,买盘
1473,10:29:25,11.1,-0.01,33,36630,卖盘
1474,10:29:13,11.11,--,26,28886,买盘
1475,10:29:10,11.11,--,39,43329,买盘
1476,10:29:04,11.11,--,3,3333,买盘
1477,10:28:55,11.11,--,12,13332,买盘
1478,10:28:49,11.11,-0.01,2,2222,买盘
1479,10:28:40,11.12,0.04,242,269104,买盘
1480,10:28:34,11.08,--,277,307281,买盘
1481,10:28:28,11.08,--,1,1108,买盘
1482,10:28:25,11.08,-0.03,1825,2022842,卖盘
1483,10:28:19,11.11,--,455,505505,买盘
1484,10:28:13,11.11,--,5,5555,买盘
1485,10:28:10,11.11,--,14,15554,买盘
1486,10:28:04,11.11,--,12,13332,买盘
1487,10:27:55,11.11,--,39,43329,买盘
1488,10:27:49,11.11,0.01,108,119988,买盘
1489,10:27:39,11.1,--,35,38850,卖盘
1490,10:27:34,11.1,-0.01,40,44400,中性盘
1491,10:27:28,11.11,0.02,8,8888,买盘
1492,10:27:24,11.09,--,102,113118,卖盘
1493,10:27:19,11.09,-0.01,21,23289,卖盘
1494,10:27:13,11.1,0.01,453,503007,买盘
1495,10:27:09,11.09,-0.01,1,1109,卖盘
1496,10:27:04,11.1,--,8,8880,买盘
1497,10:26:54,11.1,0.01,13,14430,买盘
1498,10:26:49,11.09,--,100,110900,卖盘
1499,10:26:39,11.09,--,35,38815,卖盘
1500,10:26:34,11.09,--,1053,1167887,买盘
1501,10:26:28,11.09,0.01,17,18853,买盘
1502,10:26:24,11.08,-0.01,30,33240,卖盘
1503,10:26:19,11.09,--,16,17744,买盘
1504,10:26:13,11.09,--,11,12199,买盘
1505,10:26:04,11.09,--,1026,1138832,卖盘
1506,10:25:58,11.09,--,89,98701,卖盘
1507,10:25:54,11.09,-0.01,30,33270,卖盘
1508,10:25:49,11.1,0.01,53,58830,买盘
1509,10:25:43,11.09,--,10,11090,卖盘
1510,10:25:39,11.09,--,76,84284,卖盘
1511,10:25:34,11.09,-0.01,105,116445,卖盘
1512,10:25:24,11.1,--,982,1090020,买盘
1513,10:25:19,11.1,--,27,29970,买盘
1514,10:25:13,11.1,0.01,9,9990,买盘
1515,10:25:09,11.09,-0.01,32,35488,卖盘
1516,10:25:04,11.1,--,102,113220,买盘
1517,10:24:54,11.1,--,8,8880,买盘
1518,10:24:49,11.1,--,89,98790,买盘
1519,10:24:43,11.1,0.01,121,134310,买盘
1520,10:24:39,11.09,-0.01,10,11090,卖盘
1521,10:24:34,11.1,--,10,11100,买盘
1522,10:24:19,11.1,--,59,65490,买盘
1523,10:24:13,11.1,--,35,38850,卖盘
1524,10:24:09,11.1,--,516,572760,卖盘
1525,10:24:04,11.1,--,125,138750,卖盘
1526,10:23:58,11.1,-0.01,30,33300,卖盘
1527,10:23:54,11.11,0.01,6,6666,买盘
1528,10:23:43,11.1,-0.01,109,120990,卖盘
1529,10:23:39,11.11,0.01,10,11110,买盘
1530,10:23:34,11.1,-0.01,1,1110,卖盘
1531,10:23:28,11.11,--,21,23331,买盘
1532,10:23:24,11.11,0.01,125,138875,买盘
1533,10:23:19,11.1,-0.01,10,11100,卖盘
1534,10:23:13,11.11,--,97,107767,买盘
1535,10:23:07,11.11,--,18,19998,买盘
1536,10:22:58,11.11,--,17,18887,买盘
1537,10:22:52,11.11,--,23,25553,买盘
1538,10:22:49,11.11,--,63,69993,卖盘
1539,10:22:43,11.11,--,66,73326,卖盘
1540,10:22:34,11.11,--,68,75548,卖盘
1541,10:22:28,11.11,--,101,112211,卖盘
1542,10:22:22,11.11,-0.01,94,104434,卖盘
1543,10:22:19,11.12,0.01,24,26687,买盘
1544,10:22:13,11.11,--,25,27775,卖盘
1545,10:22:07,11.11,--,22,24442,卖盘
1546,10:22:04,11.11,-0.01,185,205535,卖盘
1547,10:21:58,11.12,0.01,21,23352,买盘
1548,10:21:43,11.11,-0.01,110,122210,卖盘
1549,10:21:37,11.12,--,175,194600,买盘
1550,10:21:33,11.12,--,168,186816,买盘
1551,10:21:28,11.12,--,12,13343,买盘
1552,10:21:22,11.12,--,440,489279,买盘
1553,10:21:18,11.12,0.01,73,81176,买盘
1554,10:21:13,11.11,--,116,128876,卖盘
1555,10:21:07,11.11,--,41,45551,买盘
1556,10:21:04,11.11,--,87,96657,买盘
1557,10:20:58,11.11,--,53,58883,买盘
1558,10:20:52,11.11,--,9,9999,买盘
1559,10:20:48,11.11,--,70,77770,买盘
1560,10:20:43,11.11,--,189,209979,买盘
1561,10:20:37,11.11,--,30,33330,买盘
1562,10:20:28,11.11,--,144,159984,买盘
1563,10:20:22,11.11,0.01,433,481063,买盘
1564,10:20:18,11.1,--,25,27750,买盘
1565,10:20:13,11.1,--,94,104340,买盘
1566,10:20:07,11.1,--,51,56610,买盘
1567,10:20:03,11.1,--,217,240870,买盘
1568,10:19:58,11.1,0.01,36,39960,买盘
1569,10:19:52,11.09,-0.01,46,51014,卖盘
1570,10:19:37,11.1,--,8,8880,买盘
1571,10:19:33,11.1,--,8,8880,买盘
1572,10:19:28,11.1,--,21,23310,买盘
1573,10:19:22,11.1,0.01,19,21090,买盘
1574,10:19:13,11.09,--,10,11090,卖盘
1575,10:19:03,11.09,--,82,91048,卖盘
1576,10:18:58,11.09,--,11,12199,卖盘
1577,10:18:52,11.09,--,12,13308,卖盘
1578,10:18:48,11.09,--,21,23289,卖盘
1579,10:18:43,11.09,-0.01,18,19962,卖盘
1580,10:18:37,11.1,--,9,9990,买盘
1581,10:18:33,11.1,--,164,182040,买盘
1582,10:18:22,11.1,--,10,11100,买盘
1583,10:18:18,11.1,0.01,6,6660,买盘
1584,10:18:13,11.09,-0.01,20,22180,卖盘
1585,10:18:03,11.1,-0.01,1,1110,中性盘
1586,10:17:58,11.11,0.02,4,4444,买盘
1587,10:17:52,11.09,--,26,28834,卖盘
1588,10:17:48,11.09,-0.02,2,2218,卖盘
1589,10:17:43,11.11,0.02,11,12221,买盘
1590,10:17:33,11.09,0.01,26,28834,买盘
1591,10:17:28,11.08,-0.01,30,33240,卖盘
1592,10:17:13,11.09,0.01,24,26616,中性盘
1593,10:17:07,11.08,-0.02,967,1071436,卖盘
1594,10:17:03,11.1,--,557,618458,买盘
1595,10:16:52,11.1,0.01,11,12210,买盘
1596,10:16:43,11.09,-0.01,9,9981,卖盘
1597,10:16:28,11.1,0.01,5,5550,买盘
1598,10:16:22,11.09,-0.01,104,115336,卖盘
1599,10:16:07,11.1,--,9,9990,买盘
1600,10:16:03,11.1,0.01,2,2220,买盘
1601,10:15:58,11.09,-0.01,4,4436,卖盘
1602,10:15:43,11.1,--,215,238650,买盘
1603,10:15:28,11.1,-0.01,111,124131,卖盘
1604,10:15:22,11.11,0.01,377,418847,买盘
1605,10:15:16,11.1,--,10,11100,卖盘
1606,10:15:07,11.1,-0.01,55,61050,卖盘
1607,10:14:58,11.11,0.01,11,12221,买盘
1608,10:14:52,11.1,-0.01,68,75668,卖盘
1609,10:14:42,11.11,--,10,11110,买盘
1610,10:14:37,11.11,--,18,19998,买盘
1611,10:14:31,11.11,--,4,4444,买盘
1612,10:14:27,11.11,--,15,16665,买盘
1613,10:14:12,11.11,--,138,153318,买盘
1614,10:14:07,11.11,--,23,25553,买盘
1615,10:13:57,11.11,--,14,15554,买盘
1616,10:13:52,11.11,-0.01,46,51106,中性盘
1617,10:13:42,11.12,--,35,38920,买盘
1618,10:13:37,11.12,0.02,41,45592,买盘
1619,10:13:27,11.1,-0.02,18,19980,卖盘
1620,10:13:07,11.12,0.02,556,618272,买盘
1621,10:12:57,11.1,-0.01,20,22200,卖盘
1622,10:12:52,11.11,--,39,43329,买盘
1623,10:12:42,11.11,0.01,74,82214,买盘
1624,10:12:22,11.1,-0.02,97,107670,卖盘
1625,10:12:16,11.12,--,8,8896,买盘
1626,10:12:12,11.12,--,0,0,买盘
1627,10:12:07,11.12,0.01,45,50040,买盘
1628,10:11:57,11.11,--,93,103323,买盘
1629,10:11:52,11.11,--,75,83325,买盘
1630,10:11:46,11.11,--,8,8888,买盘
1631,10:11:42,11.11,--,78,86658,买盘
1632,10:11:37,11.11,--,11,12221,买盘
1633,10:11:27,11.11,--,7,7777,买盘
1634,10:11:22,11.11,--,248,275528,买盘
1635,10:11:12,11.11,--,17,18887,买盘
1636,10:11:07,11.11,--,45,49995,买盘
1637,10:11:01,11.11,0.01,50,55550,买盘
1638,10:10:57,11.1,--,130,144300,卖盘
1639,10:10:52,11.1,--,9,9990,卖盘
1640,10:10:46,11.1,-0.01,37,41070,卖盘
1641,10:10:42,11.11,--,24,26664,买盘
1642,10:10:37,11.11,0.01,28,31108,买盘
1643,10:10:31,11.1,--,5,5550,买盘
1644,10:10:27,11.1,--,42,46620,买盘
1645,10:10:22,11.1,0.01,114,126540,买盘
1646,10:10:12,11.09,--,148,164132,卖盘
1647,10:10:07,11.09,-0.01,2,2218,卖盘
1648,10:10:01,11.1,0.01,2,2220,买盘
1649,10:09:57,11.09,-0.01,14,15526,卖盘
1650,10:09:42,11.1,0.01,8,8880,买盘
1651,10:09:37,11.09,0.01,91,100919,买盘
1652,10:09:31,11.08,-0.01,25,27700,卖盘
1653,10:09:27,11.09,0.03,28,31052,买盘
1654,10:09:22,11.06,--,4,4424,卖盘
1655,10:09:07,11.06,--,693,767132,买盘
1656,10:09:01,11.06,--,325,359450,买盘
1657,10:08:55,11.06,--,10,11060,买盘
1658,10:08:52,11.06,-0.03,1581,1749017,卖盘
1659,10:08:40,11.09,--,5,5545,卖盘
1660,10:08:36,11.09,--,6,6654,卖盘
1661,10:08:31,11.09,--,272,301648,卖盘
1662,10:08:25,11.09,--,53,58777,卖盘
1663,10:08:21,11.09,--,13,14417,卖盘
1664,10:08:16,11.09,--,78,86502,买盘
1665,10:08:10,11.09,--,58,64322,卖盘
1666,10:08:07,11.09,-0.01,89,98701,卖盘
1667,10:07:55,11.1,--,14,15540,买盘
1668,10:07:51,11.1,--,20,22200,买盘
1669,10:07:46,11.1,--,60,66600,买盘
1670,10:07:36,11.1,--,59,65490,买盘
1671,10:07:31,11.1,--,9,9990,买盘
1672,10:07:25,11.1,--,4,4440,卖盘
1673,10:07:21,11.1,--,35,38850,卖盘
1674,10:07:16,11.1,--,29,32190,卖盘
1675,10:07:10,11.1,--,217,240870,卖盘
1676,10:07:06,11.1,--,10,11100,卖盘
1677,10:07:01,11.1,0.01,347,385170,买盘
1678,10:06:55,11.09,-0.01,8,8872,卖盘
1679,10:06:51,11.1,0.01,5,5550,买盘
1680,10:06:46,11.09,-0.01,58,64322,卖盘
1681,10:06:40,11.1,--,133,147630,买盘
1682,10:06:31,11.1,0.01,50,55500,卖盘
1683,10:06:25,11.09,--,0,0,卖盘
1684,10:06:21,11.09,-0.02,381,422529,卖盘
1685,10:06:16,11.11,0.01,80,88880,买盘
1686,10:06:06,11.1,-0.01,10,11100,卖盘
1687,10:06:01,11.11,--,12,13332,买盘
1688,10:05:55,11.11,0.01,5,5555,买盘
1689,10:05:51,11.1,--,10,11100,卖盘
1690,10:05:46,11.1,--,10,11100,卖盘
1691,10:05:40,11.1,--,10,11100,卖盘
1692,10:05:36,11.1,--,110,122100,卖盘
1693,10:05:31,11.1,-0.01,57,63270,卖盘
1694,10:05:25,11.11,0.01,8,8888,买盘
1695,10:05:21,11.1,--,29,32190,卖盘
1696,10:05:15,11.1,0.01,212,235320,买盘
1697,10:05:10,11.09,-0.01,35,38815,卖盘
1698,10:05:01,11.1,--,20,22200,买盘
1699,10:04:55,11.1,--,27,29970,买盘
1700,10:04:51,11.1,--,8,8880,买盘
1701,10:04:40,11.1,--,15,16650,买盘
1702,10:04:36,11.1,--,327,362970,卖盘
1703,10:04:30,11.1,--,138,153180,卖盘
1704,10:04:25,11.1,--,3,3330,卖盘
1705,10:04:21,11.1,--,196,217560,卖盘
1706,10:04:16,11.1,--,43,47730,卖盘
1707,10:04:06,11.1,-0.01,100,111000,卖盘
1708,10:04:00,11.11,0.01,85,94435,买盘
1709,10:03:55,11.1,-0.01,20,22200,卖盘
1710,10:03:51,11.11,0.01,8,8888,买盘
1711,10:03:45,11.1,-0.01,42,46620,卖盘
1712,10:03:40,11.11,--,31,34441,买盘
1713,10:03:36,11.11,0.01,38,42218,买盘
1714,10:03:30,11.1,-0.01,50,55500,卖盘
1715,10:03:21,11.11,0.01,147,163317,买盘
1716,10:03:15,11.1,-0.01,80,88800,卖盘
1717,10:03:10,11.11,-0.01,70,77770,买盘
1718,10:03:06,11.12,0.01,97,107863,买盘
1719,10:03:00,11.11,--,16,17776,卖盘
1720,10:02:55,11.11,--,4,4444,卖盘
1721,10:02:45,11.11,-0.01,15,16665,卖盘
1722,10:02:40,11.12,0.01,2,2224,买盘
1723,10:02:36,11.11,-0.01,5,5555,卖盘
1724,10:02:30,11.12,--,31,34472,买盘
1725,10:02:25,11.12,--,82,91184,买盘
1726,10:02:21,11.12,0.01,354,393648,买盘
1727,10:02:15,11.11,-0.01,20,22220,卖盘
1728,10:02:05,11.12,--,40,44480,买盘
1729,10:02:00,11.12,--,15,16680,买盘
1730,10:01:51,11.12,--,199,221287,卖盘
1731,10:01:45,11.12,-0.01,46,51152,卖盘
1732,10:01:40,11.13,0.01,7,7791,买盘
1733,10:01:36,11.12,--,20,22240,卖盘
1734,10:01:30,11.12,-0.01,88,97856,卖盘
1735,10:01:25,11.13,0.01,20,22260,买盘
1736,10:01:19,11.12,--,10,11120,卖盘
1737,10:01:15,11.12,0.01,119,132328,买盘
1738,10:01:10,11.11,--,285,316635,卖盘
1739,10:01:04,11.11,--,29,32219,卖盘
1740,10:01:00,11.11,-0.01,46,51106,卖盘
1741,10:00:55,11.12,--,36,40032,买盘
1742,10:00:49,11.12,--,1,1112,买盘
1743,10:00:45,11.12,0.01,47,52263,买盘
1744,10:00:40,11.11,--,108,119988,卖盘
1745,10:00:34,11.11,-0.01,6,6666,卖盘
1746,10:00:30,11.12,--,44,48928,买盘
1747,10:00:25,11.12,--,42,46704,买盘
1748,10:00:19,11.12,--,8,8896,买盘
1749,10:00:15,11.12,0.02,48,53375,买盘
1750,10:00:10,11.1,-0.01,44,48840,卖盘
1751,10:00:04,11.11,0.01,9,9999,买盘
1752,10:00:00,11.1,--,15,16650,卖盘
1753,09:59:55,11.1,--,39,43290,卖盘
1754,09:59:45,11.1,--,68,75480,买盘
1755,09:59:40,11.1,0.01,105,116550,买盘
1756,09:59:30,11.09,--,441,489069,买盘
1757,09:59:25,11.09,--,318,352662,卖盘
1758,09:59:19,11.09,-0.01,1,1109,卖盘
1759,09:59:15,11.1,--,19,21090,买盘
1760,09:59:10,11.1,--,22,24420,买盘
1761,09:59:04,11.1,0.01,10,11100,买盘
1762,09:59:00,11.09,-0.01,13,14417,卖盘
1763,09:58:55,11.1,--,37,41070,买盘
1764,09:58:49,11.1,--,4,4440,买盘
1765,09:58:45,11.1,--,46,51060,卖盘
1766,09:58:40,11.1,-0.01,6,6660,卖盘
1767,09:58:30,11.11,--,0,0,买盘
1768,09:58:24,11.11,0.01,241,267751,买盘
1769,09:58:19,11.1,--,9,9990,买盘
1770,09:58:15,11.1,--,10,11100,买盘
1771,09:58:09,11.1,-0.01,487,540570,卖盘
1772,09:58:00,11.11,0.01,35,38885,买盘
1773,09:57:54,11.1,--,168,186480,卖盘
1774,09:57:39,11.1,-0.01,13,14430,卖盘
1775,09:57:34,11.11,--,10,11110,买盘
1776,09:57:30,11.11,--,24,26664,买盘
1777,09:57:24,11.11,--,348,386628,卖盘
1778,09:57:19,11.11,-0.01,30,33330,卖盘
1779,09:57:15,11.12,--,178,197936,买盘
1780,09:57:09,11.12,--,112,124543,买盘
1781,09:57:00,11.12,-0.01,46,51152,买盘
1782,09:56:54,11.13,0.01,192,213696,买盘
1783,09:56:49,11.12,--,0,0,卖盘
1784,09:56:45,11.12,--,111,124021,买盘
1785,09:56:39,11.12,--,55,61159,买盘
1786,09:56:34,11.12,--,13,14455,买盘
1787,09:56:30,11.12,-0.01,212,236266,卖盘
1788,09:56:24,11.13,--,178,198114,买盘
1789,09:56:19,11.13,--,42,46746,买盘
1790,09:56:15,11.13,0.01,298,331674,买盘
1791,09:56:09,11.12,-0.01,162,180144,卖盘
1792,09:56:04,11.13,--,152,170199,卖盘
1793,09:56:00,11.13,-0.01,190,211470,卖盘
1794,09:55:54,11.14,--,49,54586,买盘
1795,09:55:49,11.14,0.01,108,120312,买盘
1796,09:55:45,11.13,-0.01,187,208131,卖盘
1797,09:55:39,11.14,0.01,112,125670,买盘
1798,09:55:34,11.13,-0.01,59,65667,卖盘
1799,09:55:30,11.14,--,590,657260,买盘
1800,09:55:24,11.14,0.01,40,44560,买盘
1801,09:55:19,11.13,-0.01,27,30051,卖盘
1802,09:55:15,11.14,--,250,278500,买盘
1803,09:55:09,11.14,0.01,169,188566,买盘
1804,09:55:04,11.13,--,44,48972,卖盘
1805,09:54:59,11.13,-0.01,78,86814,卖盘
1806,09:54:54,11.14,--,72,80208,买盘
1807,09:54:49,11.14,0.01,57,63498,买盘
1808,09:54:44,11.13,--,59,65967,卖盘
1809,09:54:39,11.13,--,60,66780,卖盘
1810,09:54:34,11.13,--,20,22260,卖盘
1811,09:54:29,11.13,0.01,534,594631,买盘
1812,09:54:24,11.12,--,56,62271,卖盘
1813,09:54:19,11.12,-0.01,5,5560,卖盘
1814,09:54:14,11.13,0.01,120,133560,买盘
1815,09:54:09,11.12,-0.01,44,49228,卖盘
1816,09:54:04,11.13,--,62,69006,买盘
1817,09:53:59,11.13,0.01,18,20034,买盘
1818,09:53:54,11.12,--,217,241303,买盘
1819,09:53:49,11.12,--,38,42256,买盘
1820,09:53:43,11.12,--,64,71168,买盘
1821,09:53:39,11.12,0.01,46,51152,买盘
1822,09:53:34,11.11,--,55,61105,卖盘
1823,09:53:24,11.11,--,1027,1140997,买盘
1824,09:53:19,11.11,--,26,28886,买盘
1825,09:53:13,11.11,0.01,34,38073,买盘
1826,09:53:09,11.1,-0.01,30,33300,卖盘
1827,09:53:04,11.11,0.03,2262,2513304,买盘
1828,09:52:58,11.08,-0.01,44,48752,卖盘
1829,09:52:54,11.09,0.01,61,67649,买盘
1830,09:52:43,11.08,--,123,136284,卖盘
1831,09:52:39,11.08,--,197,218331,买盘
1832,09:52:34,11.08,--,233,258164,买盘
1833,09:52:24,11.08,--,506,560648,买盘
1834,09:52:19,11.08,--,121,134367,买盘
1835,09:52:13,11.08,0.01,19,21052,买盘
1836,09:52:09,11.07,--,197,218156,买盘
1837,09:52:04,11.07,--,75,83025,买盘
1838,09:51:58,11.07,--,139,153873,买盘
1839,09:51:54,11.07,0.02,17,18819,买盘
1840,09:51:49,11.05,-0.01,266,293930,卖盘
1841,09:51:39,11.06,--,32,35392,买盘
1842,09:51:33,11.06,--,42,46750,买盘
1843,09:51:28,11.06,-0.01,20,22120,买盘
1844,09:51:24,11.07,0.01,28,30996,买盘
1845,09:51:18,11.06,--,86,96144,卖盘
1846,09:51:13,11.06,--,134,148204,卖盘
1847,09:51:09,11.06,--,46,50876,卖盘
1848,09:51:03,11.06,--,29,32361,卖盘
1849,09:50:54,11.06,-0.01,127,140462,卖盘
1850,09:50:48,11.07,--,200,221400,买盘
1851,09:50:43,11.07,--,18,19926,买盘
1852,09:50:39,11.07,-0.01,28,30996,买盘
1853,09:50:33,11.08,--,68,75344,买盘
1854,09:50:28,11.08,0.01,58,64264,买盘
1855,09:50:24,11.07,--,44,49006,买盘
1856,09:50:18,11.07,-0.01,58,64206,中性盘
1857,09:50:13,11.08,--,48,53184,买盘
1858,09:50:09,11.08,0.01,23,25484,买盘
1859,09:50:03,11.07,-0.01,13,14391,卖盘
1860,09:49:58,11.08,--,46,50968,买盘
1861,09:49:54,11.08,0.02,229,253732,买盘
1862,09:49:48,11.06,-0.02,30,33180,卖盘
1863,09:49:43,11.08,--,0,0,买盘
1864,09:49:39,11.08,0.02,453,501924,买盘
1865,09:49:33,11.06,-0.01,37,41220,卖盘
1866,09:49:28,11.07,0.01,10,11070,买盘
1867,09:49:24,11.06,-0.01,6,6636,卖盘
1868,09:49:18,11.07,-0.01,100,110998,卖盘
1869,09:49:13,11.08,--,106,117448,买盘
1870,09:49:08,11.08,--,125,138500,买盘
1871,09:49:03,11.08,0.01,125,138500,买盘
1872,09:48:58,11.07,0.01,312,345384,买盘
1873,09:48:53,11.06,-0.01,61,67466,卖盘
1874,09:48:48,11.07,0.01,195,216163,买盘
1875,09:48:43,11.06,--,361,399266,买盘
1876,09:48:38,11.06,0.01,15,16590,买盘
1877,09:48:33,11.05,-0.01,86,95030,卖盘
1878,09:48:28,11.06,0.01,23,26002,买盘
1879,09:48:23,11.05,--,141,155805,卖盘
1880,09:48:18,11.05,--,46,50830,卖盘
1881,09:48:13,11.05,-0.01,20,22100,卖盘
1882,09:48:08,11.06,0.01,37,40922,买盘
1883,09:48:03,11.05,-0.01,6,6630,卖盘
1884,09:47:58,11.06,--,79,87374,买盘
1885,09:47:53,11.06,0.01,30,33180,买盘
1886,09:47:48,11.05,-0.01,14,15470,卖盘
1887,09:47:43,11.06,--,2,2212,买盘
1888,09:47:38,11.06,0.01,20,22120,中性盘
1889,09:47:33,11.05,-0.01,512,566566,卖盘
1890,09:47:28,11.06,--,30,33180,买盘
1891,09:47:23,11.06,0.01,440,486640,买盘
1892,09:47:18,11.05,0.01,602,665210,买盘
1893,09:47:13,11.04,--,7,7727,卖盘
1894,09:47:08,11.04,--,24,26495,卖盘
1895,09:47:03,11.04,0.01,195,215279,买盘
1896,09:46:53,11.03,0.01,37,41362,买盘
1897,09:46:48,11.02,-0.01,78,85956,卖盘
1898,09:46:43,11.03,0.01,28,31104,买盘
1899,09:46:38,11.02,-0.01,564,621528,卖盘
1900,09:46:33,11.03,--,11,12133,买盘
1901,09:46:28,11.03,--,59,65076,买盘
1902,09:46:23,11.03,0.01,19,20957,买盘
1903,09:46:18,11.02,-0.01,27,29754,卖盘
1904,09:46:13,11.03,--,49,54047,卖盘
1905,09:46:08,11.03,--,314,346342,买盘
1906,09:46:03,11.03,--,120,132360,卖盘
1907,09:45:58,11.03,-0.01,43,47429,卖盘
1908,09:45:52,11.04,--,31,34224,买盘
1909,09:45:48,11.04,--,96,105983,买盘
1910,09:45:43,11.04,--,100,110399,买盘
1911,09:45:33,11.04,0.01,140,154560,买盘
1912,09:45:28,11.03,-0.01,2,2206,卖盘
1913,09:45:22,11.04,--,57,62927,买盘
1914,09:45:18,11.04,-0.01,12,13247,卖盘
1915,09:45:13,11.05,--,123,135915,买盘
1916,09:45:07,11.05,--,20,22100,买盘
1917,09:45:03,11.05,--,8,8840,买盘
1918,09:44:57,11.05,--,47,51935,卖盘
1919,09:44:52,11.05,--,90,99450,卖盘
1920,09:44:48,11.05,-0.01,244,269620,卖盘
1921,09:44:42,11.06,0.01,28,30968,买盘
1922,09:44:37,11.05,--,13,14365,卖盘
1923,09:44:33,11.05,-0.01,92,101660,卖盘
1924,09:44:27,11.06,--,16,17696,买盘
1925,09:44:22,11.06,0.01,10,11060,买盘
1926,09:44:18,11.05,--,370,408850,卖盘
1927,09:44:12,11.05,0.01,186,205530,买盘
1928,09:44:03,11.04,-0.01,167,184368,中性盘
1929,09:43:57,11.05,--,34,37570,买盘
1930,09:43:52,11.05,--,19,20995,买盘
1931,09:43:48,11.05,--,68,75140,买盘
1932,09:43:42,11.05,--,153,169065,卖盘
1933,09:43:37,11.05,--,64,70720,卖盘
1934,09:43:33,11.05,--,20,22100,卖盘
1935,09:43:27,11.05,--,1104,1219920,买盘
1936,09:43:22,11.05,0.01,40,44200,买盘
1937,09:43:18,11.04,--,23,25391,卖盘
1938,09:43:12,11.04,-0.01,20,22080,卖盘
1939,09:43:07,11.05,0.01,16,17680,买盘
1940,09:42:57,11.04,--,108,119231,卖盘
1941,09:42:52,11.04,--,50,55199,卖盘
1942,09:42:48,11.04,--,113,124751,卖盘
1943,09:42:42,11.04,--,11,12143,卖盘
1944,09:42:37,11.04,--,40,44160,卖盘
1945,09:42:27,11.04,-0.01,40,44160,卖盘
1946,09:42:18,11.05,--,10,11050,买盘
1947,09:42:12,11.05,--,51,56355,买盘
1948,09:42:07,11.05,--,15,16575,买盘
1949,09:42:03,11.05,--,8,8840,买盘
1950,09:41:57,11.05,--,3,3315,买盘
1951,09:41:52,11.05,0.03,3,3315,买盘
1952,09:41:48,11.02,-0.03,380,418760,卖盘
1953,09:41:42,11.05,--,38,41990,卖盘
1954,09:41:37,11.05,--,10,11050,卖盘
1955,09:41:33,11.05,0.02,716,791180,买盘
1956,09:41:27,11.03,--,102,112506,买盘
1957,09:41:22,11.03,--,4,4412,买盘
1958,09:41:17,11.03,--,56,61768,买盘
1959,09:41:12,11.03,-0.01,61,67283,卖盘
1960,09:41:07,11.04,--,32,35328,卖盘
1961,09:41:02,11.04,0.01,75,82800,买盘
1962,09:40:57,11.03,-0.01,134,147802,卖盘
1963,09:40:52,11.04,--,601,663504,买盘
1964,09:40:47,11.04,--,11,12143,买盘
1965,09:40:42,11.04,0.01,201,221903,买盘
1966,09:40:37,11.03,--,22,24266,卖盘
1967,09:40:32,11.03,--,29,31986,卖盘
1968,09:40:27,11.03,-0.01,37,40811,卖盘
1969,09:40:22,11.04,0.01,29,32015,买盘
1970,09:40:17,11.03,--,21,23163,买盘
1971,09:40:12,11.03,--,120,132360,买盘
1972,09:40:07,11.03,-0.01,154,169862,卖盘
1973,09:40:02,11.04,--,392,432767,买盘
1974,09:39:57,11.04,--,326,359904,买盘
1975,09:39:52,11.04,0.01,36,39744,买盘
1976,09:39:47,11.03,--,97,106991,卖盘
1977,09:39:42,11.03,-0.01,76,83828,卖盘
1978,09:39:37,11.04,0.01,17,18768,买盘
1979,09:39:32,11.03,-0.01,209,230527,卖盘
1980,09:39:27,11.04,--,19,20976,买盘
1981,09:39:22,11.04,--,20,22080,买盘
1982,09:39:17,11.04,--,309,341136,卖盘
1983,09:39:12,11.04,--,467,515567,卖盘
1984,09:39:07,11.04,--,4,4416,卖盘
1985,09:39:02,11.04,-0.01,202,223007,卖盘
1986,09:38:52,11.05,--,29,32045,买盘
1987,09:38:47,11.05,--,9,9945,买盘
1988,09:38:42,11.05,--,119,131495,买盘
1989,09:38:37,11.05,-0.01,99,109395,卖盘
1990,09:38:32,11.06,0.01,533,589498,买盘
1991,09:38:27,11.05,--,340,375700,买盘
1992,09:38:22,11.05,0.01,52,57460,中性盘
1993,09:38:16,11.04,-0.01,40,44160,卖盘
1994,09:38:12,11.05,-0.01,68,75140,卖盘
1995,09:38:06,11.06,0.01,306,338436,买盘
1996,09:38:01,11.05,-0.01,17,18785,中性盘
1997,09:37:57,11.06,0.01,518,572908,买盘
1998,09:37:51,11.05,0.01,248,274040,买盘
1999,09:37:46,11.04,-0.02,123,135792,卖盘
2000,09:37:42,11.06,--,219,242214,买盘
2001,09:37:36,11.06,0.01,135,149310,买盘
2002,09:37:31,11.05,-0.01,98,108290,卖盘
2003,09:37:27,11.06,0.01,399,441294,买盘
2004,09:37:21,11.05,-0.01,291,321555,卖盘
2005,09:37:16,11.06,0.01,11,12166,买盘
2006,09:37:12,11.05,--,35,38675,卖盘
2007,09:37:06,11.05,0.01,230,254150,买盘
2008,09:36:57,11.04,--,142,156768,卖盘
2009,09:36:51,11.04,--,32,35328,买盘
2010,09:36:46,11.04,--,178,196511,买盘
2011,09:36:42,11.04,--,20,22080,买盘
2012,09:36:36,11.04,0.02,281,310224,买盘
2013,09:36:31,11.02,-0.01,513,565326,卖盘
2014,09:36:27,11.03,--,35,38605,买盘
2015,09:36:21,11.03,-0.01,40,44120,买盘
2016,09:36:12,11.04,0.02,140,154560,买盘
2017,09:36:06,11.02,0.01,54,59508,买盘
2018,09:36:01,11.01,-0.01,50,55050,卖盘
2019,09:35:57,11.02,0.01,188,207176,买盘
2020,09:35:51,11.01,0.01,14,15414,买盘
2021,09:35:46,11.0,-0.01,11,12100,卖盘
2022,09:35:41,11.01,--,105,115605,买盘
2023,09:35:36,11.01,--,3,3303,买盘
2024,09:35:31,11.01,0.01,7,7707,买盘
2025,09:35:27,11.0,--,87,95700,卖盘
2026,09:35:21,11.0,--,76,83600,买盘
2027,09:35:16,11.0,--,159,174900,买盘
2028,09:35:11,11.0,--,230,253000,买盘
2029,09:35:06,11.0,--,187,205700,买盘
2030,09:35:01,11.0,0.01,30,33000,买盘
2031,09:34:56,10.99,--,78,86458,买盘
2032,09:34:51,10.99,--,21,23079,买盘
2033,09:34:46,10.99,--,39,42861,买盘
2034,09:34:41,10.99,--,140,153860,买盘
2035,09:34:36,10.99,--,14,15386,买盘
2036,09:34:31,10.99,0.01,4,4396,买盘
2037,09:34:26,10.98,--,35,38430,买盘
2038,09:34:21,10.98,0.01,184,202032,买盘
2039,09:34:16,10.97,-0.01,259,284123,卖盘
2040,09:34:11,10.98,-0.01,20,21960,卖盘
2041,09:34:06,10.99,--,27,29673,买盘
2042,09:33:56,10.99,0.02,37,40663,买盘
2043,09:33:51,10.97,-0.01,417,457449,卖盘
2044,09:33:46,10.98,0.01,50,54900,买盘
2045,09:33:41,10.97,-0.01,6,6582,卖盘
2046,09:33:36,10.98,--,48,52704,买盘
2047,09:33:31,10.98,--,50,54900,买盘
2048,09:33:26,10.98,--,25,27450,买盘
2049,09:33:21,10.98,--,171,187758,卖盘
2050,09:33:16,10.98,--,115,126270,买盘
2051,09:33:11,10.98,--,0,0,中性盘
2052,09:33:06,10.98,-0.01,114,125172,买盘
2053,09:33:01,10.99,--,0,0,买盘
2054,09:32:56,10.99,0.01,62,68138,买盘
2055,09:32:51,10.98,--,493,541676,卖盘
2056,09:32:46,10.98,-0.01,35,38430,卖盘
2057,09:32:41,10.99,0.01,90,98910,买盘
2058,09:32:36,10.98,--,154,169092,卖盘
2059,09:32:31,10.98,-0.01,121,132858,卖盘
2060,09:32:26,10.99,--,80,87920,买盘
2061,09:32:21,10.99,--,153,168147,买盘
2062,09:32:16,10.99,-0.02,236,259364,卖盘
2063,09:32:11,11.01,0.01,115,126615,买盘
2064,09:32:06,11.0,--,72,79200,买盘
2065,09:32:01,11.0,--,20,22000,买盘
2066,09:31:56,11.0,--,2,2200,买盘
2067,09:31:51,11.0,--,131,144100,买盘
2068,09:31:46,11.0,--,168,184800,卖盘
2069,09:31:41,11.0,0.01,127,139700,卖盘
2070,09:31:36,10.99,-0.01,383,420917,卖盘
2071,09:31:30,11.0,0.01,79,86900,买盘
2072,09:31:26,10.99,-0.01,386,424214,卖盘
2073,09:31:21,11.0,--,162,178200,买盘
2074,09:31:15,11.0,0.01,23,25300,买盘
2075,09:31:11,10.99,-0.01,532,584668,卖盘
2076,09:31:06,11.0,-0.01,272,299200,卖盘
2077,09:31:00,11.01,0.01,63,69363,买盘
2078,09:30:56,11.0,--,142,156200,卖盘
2079,09:30:51,11.0,0.01,54,59400,买盘
2080,09:30:41,10.99,--,47,51653,卖盘
2081,09:30:36,10.99,--,70,76930,买盘
2082,09:30:30,10.99,--,102,112834,买盘
2083,09:30:25,10.99,--,59,64841,买盘
2084,09:30:21,10.99,0.01,58,63742,买盘
2085,09:30:15,10.98,-0.01,118,129564,卖盘
2086,09:30:10,10.99,0.03,785,862715,买盘
2087,09:30:06,10.96,0.02,1244,1363424,买盘
2088,09:28:51,10.94,--,0,0,卖盘
2089,09:25:07,10.94,10.94,1051,1149794,买盘
