,time,price,change,volume,amount,type
0,15:00:00,5.56,--,0,0,买盘
1,15:00:00,5.56,--,0,0,买盘
2,15:00:00,5.56,--,161,89966,卖盘
3,14:59:57,5.56,--,342,190152,卖盘
4,14:59:51,5.56,--,512,284672,卖盘
5,14:59:46,5.56,--,405,225179,卖盘
6,14:59:42,5.56,--,578,321368,卖盘
7,14:59:36,5.56,-0.01,109,60603,卖盘
8,14:59:31,5.57,--,997,555329,买盘
9,14:59:21,5.57,0.01,248,138136,买盘
10,14:59:16,5.56,--,85,47260,卖盘
11,14:59:06,5.56,--,107,59491,卖盘
12,14:59:01,5.56,--,130,72280,卖盘
13,14:58:51,5.56,--,697,387637,买盘
14,14:58:46,5.56,0.01,61,33916,买盘
15,14:58:42,5.55,-0.01,60,33300,卖盘
16,14:58:36,5.56,--,56,31135,买盘
17,14:58:31,5.56,--,279,155124,买盘
18,14:58:27,5.56,--,51,28355,买盘
19,14:58:21,5.56,0.01,58,32247,买盘
20,14:58:16,5.55,--,835,463425,卖盘
21,14:58:12,5.55,--,538,298590,卖盘
22,14:58:06,5.55,--,275,152625,卖盘
23,14:58:01,5.55,-0.01,156,87090,卖盘
24,14:57:57,5.56,--,39,21684,买盘
25,14:57:51,5.56,--,30,16680,买盘
26,14:57:46,5.56,--,248,137888,买盘
27,14:57:42,5.56,--,220,122319,买盘
28,14:57:36,5.56,--,2186,1215416,买盘
29,14:57:31,5.56,--,267,148452,买盘
30,14:57:21,5.56,0.01,222,123431,买盘
31,14:57:16,5.55,-0.01,15,8325,卖盘
32,14:57:12,5.56,--,357,198492,买盘
33,14:57:06,5.56,--,192,106751,买盘
34,14:57:01,5.56,--,494,274836,卖盘
35,14:56:57,5.56,--,2797,1555515,买盘
36,14:56:51,5.56,--,110,61159,买盘
37,14:56:46,5.56,--,51,28355,买盘
38,14:56:41,5.56,--,95,52819,买盘
39,14:56:36,5.56,0.01,93,51708,买盘
40,14:56:31,5.55,-0.01,169,94211,卖盘
41,14:56:21,5.56,--,469,260763,买盘
42,14:56:16,5.56,0.01,309,171804,买盘
43,14:56:11,5.55,--,124,68820,卖盘
44,14:56:06,5.55,--,502,278610,卖盘
45,14:56:01,5.55,-0.01,609,338228,卖盘
46,14:55:56,5.56,0.01,43,23908,买盘
47,14:55:51,5.55,-0.01,939,521145,卖盘
48,14:55:46,5.56,0.01,395,219619,买盘
49,14:55:41,5.55,-0.01,160,88800,卖盘
50,14:55:36,5.56,--,1269,705780,买盘
51,14:55:31,5.56,0.01,1001,556772,买盘
52,14:55:26,5.55,-0.01,102,56610,卖盘
53,14:55:21,5.56,--,184,102304,卖盘
54,14:55:16,5.56,--,33,18348,卖盘
55,14:55:11,5.56,0.01,22,12232,中性盘
56,14:55:06,5.55,-0.01,331,184182,卖盘
57,14:55:01,5.56,--,143,79758,卖盘
58,14:54:56,5.56,--,8,4448,卖盘
59,14:54:51,5.56,0.01,286,159399,买盘
60,14:54:46,5.55,-0.01,1078,598378,卖盘
61,14:54:41,5.56,--,108,60047,买盘
62,14:54:36,5.56,0.01,403,224429,买盘
63,14:54:31,5.55,-0.02,479,266166,卖盘
64,14:54:26,5.57,0.01,170,94690,买盘
65,14:54:21,5.56,--,196,108975,买盘
66,14:54:16,5.56,0.01,25,13899,买盘
67,14:54:11,5.55,--,14,7770,卖盘
68,14:54:06,5.55,-0.01,1049,582195,卖盘
69,14:54:01,5.56,--,50,27799,卖盘
70,14:53:56,5.56,--,310,172360,买盘
71,14:53:51,5.56,--,137,76172,买盘
72,14:53:46,5.56,--,49,27243,买盘
73,14:53:41,5.56,--,422,234631,买盘
74,14:53:36,5.56,--,55,30579,买盘
75,14:53:31,5.56,--,916,509295,买盘
76,14:53:21,5.56,0.01,50,27799,买盘
77,14:53:16,5.55,-0.01,1,555,卖盘
78,14:53:11,5.56,--,25,13899,买盘
79,14:53:06,5.56,0.01,1250,695000,买盘
80,14:53:01,5.55,--,75,41625,卖盘
81,14:52:56,5.55,--,55,30525,卖盘
82,14:52:51,5.55,--,6,3330,卖盘
83,14:52:45,5.55,-0.01,848,470640,卖盘
84,14:52:36,5.56,0.01,840,467039,买盘
85,14:52:30,5.55,-0.01,299,165945,卖盘
86,14:52:21,5.56,0.01,10,5560,买盘
87,14:52:15,5.55,--,157,87135,卖盘
88,14:52:10,5.55,-0.01,30,16650,卖盘
89,14:52:00,5.56,0.01,190,105639,买盘
90,14:51:55,5.55,--,1,555,卖盘
91,14:51:45,5.55,--,46,25530,卖盘
92,14:51:40,5.55,-0.01,21,11655,卖盘
93,14:51:36,5.56,0.01,35,19460,买盘
94,14:51:30,5.55,-0.01,483,268065,卖盘
95,14:51:25,5.56,--,140,77840,买盘
96,14:51:10,5.56,--,500,278000,买盘
97,14:51:06,5.56,--,4,2224,买盘
98,14:51:00,5.56,--,23,12788,买盘
99,14:50:55,5.56,--,534,296904,买盘
100,14:50:45,5.56,--,1,556,买盘
101,14:50:40,5.56,--,1400,778400,买盘
102,14:50:36,5.56,0.01,190,105639,买盘
103,14:50:30,5.55,-0.01,1,555,卖盘
104,14:50:25,5.56,0.01,1442,801752,买盘
105,14:50:21,5.55,-0.01,80,44400,卖盘
106,14:50:15,5.56,--,102,56711,买盘
107,14:50:10,5.56,0.01,9,5004,买盘
108,14:50:06,5.55,-0.01,510,283050,卖盘
109,14:50:00,5.56,0.01,285,158460,买盘
110,14:49:55,5.55,-0.01,142,78810,卖盘
111,14:49:51,5.56,0.01,200,111199,买盘
112,14:49:40,5.55,-0.01,1280,710644,卖盘
113,14:49:30,5.56,--,310,172671,卖盘
114,14:49:25,5.56,--,1262,701672,卖盘
115,14:49:21,5.56,--,9,5004,卖盘
116,14:49:15,5.56,--,190,105639,卖盘
117,14:49:10,5.56,-0.01,559,310804,卖盘
118,14:49:06,5.57,0.01,147,81879,买盘
119,14:49:00,5.56,--,650,361400,卖盘
120,14:48:55,5.56,--,28,15567,卖盘
121,14:48:50,5.56,-0.01,254,141224,卖盘
122,14:48:45,5.57,--,109,60713,买盘
123,14:48:40,5.57,0.01,120,66840,买盘
124,14:48:35,5.56,--,24,13343,卖盘
125,14:48:30,5.56,--,430,239079,卖盘
126,14:48:25,5.56,--,1127,626612,卖盘
127,14:48:20,5.56,--,133,73948,卖盘
128,14:48:15,5.56,--,690,383640,卖盘
129,14:48:10,5.56,-0.01,368,204608,卖盘
130,14:48:05,5.57,0.01,8,4456,买盘
131,14:48:00,5.56,-0.01,430,239079,卖盘
132,14:47:55,5.57,0.01,50,27850,买盘
133,14:47:45,5.56,--,12,6671,卖盘
134,14:47:40,5.56,--,433,240747,卖盘
135,14:47:35,5.56,--,6,3335,卖盘
136,14:47:25,5.56,--,121,67276,卖盘
137,14:47:20,5.56,-0.01,491,272996,卖盘
138,14:47:15,5.57,0.01,4,2228,买盘
139,14:47:10,5.56,--,26,14455,卖盘
140,14:47:05,5.56,--,210,116759,卖盘
141,14:47:00,5.56,--,1,556,卖盘
142,14:46:55,5.56,--,24,13343,卖盘
143,14:46:45,5.56,--,518,288008,卖盘
144,14:46:40,5.56,--,553,307468,卖盘
145,14:46:35,5.56,-0.01,17,9452,卖盘
146,14:46:25,5.57,0.01,861,479577,买盘
147,14:46:20,5.56,--,235,130659,卖盘
148,14:46:15,5.56,--,354,196824,卖盘
149,14:46:05,5.56,--,227,126211,卖盘
150,14:46:00,5.56,-0.01,300,166800,卖盘
151,14:45:54,5.57,--,706,393242,买盘
152,14:45:50,5.57,0.01,17,9469,买盘
153,14:45:45,5.56,-0.01,31,17236,卖盘
154,14:45:39,5.57,0.01,323,180156,买盘
155,14:45:34,5.56,-0.01,6,3335,卖盘
156,14:45:30,5.57,0.01,72,40104,买盘
157,14:45:24,5.56,-0.01,200,111199,卖盘
158,14:45:20,5.57,0.01,293,163201,买盘
159,14:45:15,5.56,-0.01,302,167912,卖盘
160,14:45:09,5.57,--,36,20052,买盘
161,14:45:05,5.57,0.01,7,3899,买盘
162,14:45:00,5.56,-0.01,356,197936,卖盘
163,14:44:54,5.57,0.01,43,23951,买盘
164,14:44:49,5.56,--,78,43368,卖盘
165,14:44:45,5.56,--,112,62271,卖盘
166,14:44:39,5.56,--,356,197936,卖盘
167,14:44:34,5.56,--,6,3335,卖盘
168,14:44:30,5.56,--,4,2224,卖盘
169,14:44:24,5.56,--,114,63383,买盘
170,14:44:19,5.56,--,23,12788,买盘
171,14:44:09,5.56,--,54,30023,买盘
172,14:44:04,5.56,--,412,229071,卖盘
173,14:44:00,5.56,--,89,49484,买盘
174,14:43:54,5.56,-0.01,174,96744,卖盘
175,14:43:49,5.57,0.01,143,79651,买盘
176,14:43:45,5.56,--,6,3335,买盘
177,14:43:39,5.56,--,115,63939,卖盘
178,14:43:34,5.56,--,88,48928,卖盘
179,14:43:24,5.56,-0.01,307,170692,卖盘
180,14:43:09,5.57,0.02,25,13925,买盘
181,14:43:04,5.55,-0.01,296,164280,卖盘
182,14:42:54,5.56,--,65,36140,买盘
183,14:42:49,5.56,--,222,123431,卖盘
184,14:42:44,5.56,--,103,57267,卖盘
185,14:42:39,5.56,-0.01,2399,1333844,卖盘
186,14:42:34,5.57,--,16,8912,买盘
187,14:42:24,5.57,--,785,437245,买盘
188,14:42:19,5.57,--,38,21166,买盘
189,14:42:14,5.57,--,30,16710,买盘
190,14:42:09,5.57,0.01,258,143706,买盘
191,14:42:04,5.56,-0.01,622,345832,卖盘
192,14:41:54,5.57,0.01,39,21723,买盘
193,14:41:49,5.56,--,1613,896827,卖盘
194,14:41:44,5.56,-0.01,10,5560,卖盘
195,14:41:39,5.57,0.01,27,15039,买盘
196,14:41:34,5.56,--,54,30023,买盘
197,14:41:29,5.56,--,28,15567,买盘
198,14:41:24,5.56,--,125,69500,卖盘
199,14:41:19,5.56,-0.01,18,10008,卖盘
200,14:41:14,5.57,0.01,66,36762,买盘
201,14:41:09,5.56,--,94,52263,买盘
202,14:41:04,5.56,--,365,202940,买盘
203,14:40:54,5.56,--,4,2224,买盘
204,14:40:49,5.56,--,37,20572,卖盘
205,14:40:39,5.56,--,85,47260,买盘
206,14:40:34,5.56,--,58,32247,买盘
207,14:40:29,5.56,--,7,3891,买盘
208,14:40:09,5.56,0.01,27,15011,中性盘
209,14:40:04,5.55,-0.02,355,197025,卖盘
210,14:39:54,5.57,0.01,427,237839,买盘
211,14:39:48,5.56,-0.01,290,161240,卖盘
212,14:39:44,5.57,--,2,1114,买盘
213,14:39:39,5.57,0.01,38,21166,买盘
214,14:39:34,5.56,--,477,265212,卖盘
215,14:39:19,5.56,--,47,26131,买盘
216,14:39:14,5.56,--,59,32804,买盘
217,14:39:09,5.56,--,107,59491,卖盘
218,14:39:03,5.56,--,370,205975,买盘
219,14:38:59,5.56,--,28,15868,卖盘
220,14:38:54,5.56,--,140,78095,买盘
221,14:38:48,5.56,--,8,4448,买盘
222,14:38:44,5.56,--,114,63383,买盘
223,14:38:39,5.56,0.01,189,105083,买盘
224,14:38:33,5.55,--,506,280830,卖盘
225,14:38:24,5.55,-0.01,183,101565,卖盘
226,14:38:18,5.56,--,437,242971,买盘
227,14:38:14,5.56,--,10,5560,买盘
228,14:38:09,5.56,--,96,53375,买盘
229,14:38:03,5.56,--,623,346388,买盘
230,14:37:59,5.56,--,10,5560,买盘
231,14:37:54,5.56,--,192,106751,买盘
232,14:37:48,5.56,--,259,144004,买盘
233,14:37:43,5.56,0.01,548,304688,买盘
234,14:37:39,5.55,-0.01,411,228105,卖盘
235,14:37:33,5.56,--,12,6671,买盘
236,14:37:23,5.56,--,4,2224,买盘
237,14:37:18,5.56,0.01,230,127879,买盘
238,14:37:08,5.55,-0.01,31,17205,卖盘
239,14:37:03,5.56,0.01,2320,1289920,买盘
240,14:36:58,5.55,-0.01,10,5550,卖盘
241,14:36:54,5.56,0.01,518,288008,买盘
242,14:36:48,5.55,-0.01,1,555,卖盘
243,14:36:43,5.56,--,6,3335,买盘
244,14:36:38,5.56,--,26,14455,买盘
245,14:36:33,5.56,--,40,22240,买盘
246,14:36:28,5.56,--,723,401988,买盘
247,14:36:23,5.56,--,68,37808,买盘
248,14:36:18,5.56,0.01,15,8340,买盘
249,14:36:13,5.55,-0.01,372,206460,卖盘
250,14:36:03,5.56,0.01,423,235187,买盘
251,14:35:58,5.55,-0.01,2335,1295925,卖盘
252,14:35:53,5.56,0.01,10,5560,买盘
253,14:35:48,5.55,-0.01,5,2775,卖盘
254,14:35:38,5.56,--,869,483163,买盘
255,14:35:33,5.56,--,32,17792,买盘
256,14:35:28,5.56,0.01,35,19460,买盘
257,14:35:23,5.55,-0.01,89,49894,卖盘
258,14:35:08,5.56,--,18,10008,买盘
259,14:35:03,5.56,--,372,206832,买盘
260,14:34:58,5.56,--,1,556,买盘
261,14:34:48,5.56,0.01,52,28911,买盘
262,14:34:43,5.55,-0.01,15,8325,卖盘
263,14:34:33,5.56,0.01,83,46148,买盘
264,14:34:28,5.55,--,317,175935,卖盘
265,14:34:23,5.55,--,2,1110,卖盘
266,14:34:18,5.55,--,23,12765,卖盘
267,14:34:13,5.55,-0.01,219,121545,卖盘
268,14:34:08,5.56,--,5,2780,买盘
269,14:34:03,5.56,--,332,184592,买盘
270,14:33:53,5.56,0.01,10,5560,买盘
271,14:33:43,5.55,--,77,42735,卖盘
272,14:33:38,5.55,-0.01,33,18315,卖盘
273,14:33:33,5.56,0.01,52,28911,买盘
274,14:33:28,5.55,--,1,555,卖盘
275,14:33:23,5.55,-0.01,251,139305,卖盘
276,14:33:18,5.56,0.01,661,367516,买盘
277,14:33:13,5.55,-0.01,12,6660,卖盘
278,14:33:03,5.56,--,613,340828,买盘
279,14:32:58,5.56,0.01,31,17236,买盘
280,14:32:53,5.55,--,80,44400,卖盘
281,14:32:48,5.55,-0.01,26,14430,卖盘
282,14:32:43,5.56,0.01,47,26131,买盘
283,14:32:38,5.55,-0.01,13,7215,卖盘
284,14:32:33,5.56,0.01,220,122319,买盘
285,14:32:28,5.55,--,31,17205,卖盘
286,14:32:18,5.55,--,202,112110,卖盘
287,14:32:03,5.55,--,404,224220,卖盘
288,14:31:57,5.55,-0.01,60,33300,卖盘
289,14:31:48,5.56,0.01,30,16680,买盘
290,14:31:42,5.55,-0.01,13,7215,卖盘
291,14:31:33,5.56,--,120,66720,买盘
292,14:31:18,5.56,--,5,2780,买盘
293,14:31:12,5.56,0.01,91,50596,买盘
294,14:31:03,5.55,--,296,164280,卖盘
295,14:30:57,5.55,-0.01,32,17760,卖盘
296,14:30:48,5.56,0.01,6,3335,买盘
297,14:30:33,5.55,--,16,8880,卖盘
298,14:30:27,5.55,-0.01,91,50505,卖盘
299,14:30:18,5.56,--,22,12232,买盘
300,14:30:12,5.56,--,64,35584,买盘
301,14:30:08,5.56,--,15,8340,买盘
302,14:30:03,5.56,--,317,176252,买盘
303,14:29:57,5.56,--,204,113529,卖盘
304,14:29:52,5.56,--,8300,4614800,卖盘
305,14:29:48,5.56,--,147,81732,卖盘
306,14:29:37,5.56,--,5,2780,卖盘
307,14:29:32,5.56,-0.01,8,4448,卖盘
308,14:29:27,5.57,0.01,26,14482,买盘
309,14:29:02,5.56,-0.01,306,170136,卖盘
310,14:28:57,5.57,0.01,37,20609,买盘
311,14:28:52,5.56,--,539,299684,卖盘
312,14:28:42,5.56,-0.01,20,11120,卖盘
313,14:28:37,5.57,0.01,5,2785,买盘
314,14:28:32,5.56,-0.01,46,25576,卖盘
315,14:28:27,5.57,--,53,29521,买盘
316,14:28:22,5.57,0.01,161,89677,买盘
317,14:28:07,5.56,--,306,170136,卖盘
318,14:28:02,5.56,-0.01,80,44480,卖盘
319,14:27:57,5.57,0.01,115,64055,买盘
320,14:27:52,5.56,--,640,355840,卖盘
321,14:27:47,5.56,--,10,5560,卖盘
322,14:27:42,5.56,--,30,16680,卖盘
323,14:27:37,5.56,--,205,113979,卖盘
324,14:27:27,5.56,--,32,17792,卖盘
325,14:27:12,5.56,--,12,6671,卖盘
326,14:27:07,5.56,--,12,6671,卖盘
327,14:27:02,5.56,--,296,164576,卖盘
328,14:26:57,5.56,--,48,26687,卖盘
329,14:26:42,5.56,--,1,556,卖盘
330,14:26:37,5.56,-0.01,6,3335,卖盘
331,14:26:26,5.57,0.01,277,154289,买盘
332,14:26:17,5.56,-0.01,10,5560,卖盘
333,14:26:12,5.57,0.01,80,44560,买盘
334,14:26:07,5.56,-0.01,348,193488,卖盘
335,14:26:02,5.57,0.01,327,182139,买盘
336,14:25:57,5.56,--,15,8340,卖盘
337,14:25:42,5.56,-0.01,34,18904,卖盘
338,14:25:37,5.57,0.01,278,154846,买盘
339,14:25:32,5.56,-0.01,6,3335,卖盘
340,14:25:27,5.57,--,11,6127,买盘
341,14:25:17,5.57,0.01,20,11140,买盘
342,14:25:12,5.56,-0.01,289,160684,卖盘
343,14:25:05,5.57,--,350,194950,买盘
344,14:25:02,5.57,0.01,5,2785,买盘
345,14:24:57,5.56,--,10,5560,卖盘
346,14:24:50,5.56,--,509,283004,卖盘
347,14:24:47,5.56,--,0,0,卖盘
348,14:24:42,5.56,-0.01,279,155124,卖盘
349,14:24:36,5.57,--,144,80653,卖盘
350,14:24:32,5.57,--,2,1114,卖盘
351,14:24:27,5.57,--,45,25065,卖盘
352,14:24:21,5.57,--,307,170999,卖盘
353,14:24:17,5.57,--,36,20052,卖盘
354,14:24:12,5.57,--,28,15707,买盘
355,14:24:06,5.57,--,307,170999,卖盘
356,14:24:02,5.57,-0.01,6,3342,卖盘
357,14:23:57,5.58,0.01,138,77004,买盘
358,14:23:51,5.57,--,13,7241,买盘
359,14:23:36,5.57,0.01,20,11140,买盘
360,14:23:32,5.56,-0.01,6,3335,卖盘
361,14:23:27,5.57,--,277,154289,买盘
362,14:23:17,5.57,--,278,154846,买盘
363,14:23:12,5.57,-0.01,399,222243,卖盘
364,14:23:06,5.58,--,325,181350,买盘
365,14:22:57,5.58,--,10,5580,买盘
366,14:22:50,5.58,--,306,170748,买盘
367,14:22:47,5.58,0.01,32,17856,买盘
368,14:22:41,5.57,-0.01,40,22280,卖盘
369,14:22:36,5.58,0.01,1083,604314,买盘
370,14:22:32,5.57,-0.01,338,188266,卖盘
371,14:22:27,5.58,--,779,434682,买盘
372,14:22:21,5.58,--,308,171864,买盘
373,14:22:11,5.58,--,650,362700,买盘
374,14:22:06,5.58,0.01,1000,558000,买盘
375,14:22:02,5.57,-0.01,1023,569811,卖盘
376,14:21:56,5.58,--,330,184140,买盘
377,14:21:50,5.58,--,617,344286,买盘
378,14:21:42,5.58,0.01,655,365490,买盘
379,14:21:35,5.57,-0.01,5,2785,卖盘
380,14:21:31,5.58,--,432,241056,买盘
381,14:21:26,5.58,0.01,559,311922,买盘
382,14:21:20,5.57,--,851,474007,卖盘
383,14:21:16,5.57,--,32,17824,卖盘
384,14:21:11,5.57,-0.01,73,40661,卖盘
385,14:21:05,5.58,0.01,1200,669600,买盘
386,14:20:56,5.57,-0.01,822,457854,卖盘
387,14:20:51,5.58,--,39,21762,买盘
388,14:20:46,5.58,--,655,365490,买盘
389,14:20:41,5.58,0.01,304,169632,买盘
390,14:20:35,5.57,--,1054,587078,卖盘
391,14:20:31,5.57,-0.01,38,21166,卖盘
392,14:20:26,5.58,--,89,49662,买盘
393,14:20:21,5.58,--,525,292950,买盘
394,14:20:16,5.58,--,928,517824,买盘
395,14:20:11,5.58,--,28,15624,买盘
396,14:20:05,5.58,0.01,301,167958,买盘
397,14:20:01,5.57,-0.01,2376,1323432,卖盘
398,14:19:50,5.58,0.01,966,539028,买盘
399,14:19:46,5.57,-0.01,12,6684,卖盘
400,14:19:41,5.58,0.01,629,350982,买盘
401,14:19:35,5.57,--,56,31192,卖盘
402,14:19:31,5.57,-0.01,746,415522,卖盘
403,14:19:20,5.58,--,291,162378,买盘
404,14:19:16,5.58,--,643,358794,买盘
405,14:19:11,5.58,--,38,21204,买盘
406,14:19:05,5.58,0.01,1435,800730,买盘
407,14:18:59,5.57,-0.01,552,307464,卖盘
408,14:18:56,5.58,0.01,277,154566,买盘
409,14:18:50,5.57,--,23,12866,卖盘
410,14:18:44,5.57,-0.01,551,306907,卖盘
411,14:18:41,5.58,0.01,63,35154,买盘
412,14:18:35,5.57,--,90,50130,卖盘
413,14:18:29,5.57,-0.01,949,528593,卖盘
414,14:18:20,5.58,0.01,958,534564,买盘
415,14:18:14,5.57,-0.01,102,56814,卖盘
416,14:18:11,5.58,--,557,310806,买盘
417,14:18:05,5.58,0.01,1305,728190,买盘
418,14:17:59,5.57,--,877,488489,卖盘
419,14:17:50,5.57,-0.01,106,59042,卖盘
420,14:17:44,5.58,--,652,363816,买盘
421,14:17:35,5.58,0.01,852,475416,买盘
422,14:17:29,5.57,-0.01,91,50687,卖盘
423,14:17:26,5.58,0.01,609,339822,买盘
424,14:17:20,5.57,--,20,11140,卖盘
425,14:17:14,5.57,-0.01,850,473450,卖盘
426,14:17:11,5.58,0.01,278,155124,买盘
427,14:17:05,5.57,-0.01,895,498515,卖盘
428,14:16:59,5.58,--,139,77562,买盘
429,14:16:50,5.58,0.01,916,511128,买盘
430,14:16:44,5.57,-0.01,75,41942,卖盘
431,14:16:41,5.58,0.01,583,325314,买盘
432,14:16:35,5.57,-0.01,6,3342,卖盘
433,14:16:29,5.58,--,656,366048,买盘
434,14:16:26,5.58,--,64,35712,买盘
435,14:16:20,5.58,0.01,931,519498,买盘
436,14:16:14,5.57,--,23,12811,买盘
437,14:16:11,5.57,-0.01,10,5570,买盘
438,14:16:05,5.58,0.02,968,540144,买盘
439,14:15:59,5.56,-0.02,894,497063,卖盘
440,14:15:56,5.58,0.02,277,154566,买盘
441,14:15:50,5.56,-0.02,58,32247,卖盘
442,14:15:44,5.58,0.02,662,369396,买盘
443,14:15:41,5.56,-0.02,21,11676,卖盘
444,14:15:35,5.58,--,634,353772,买盘
445,14:15:29,5.58,--,347,193626,买盘
446,14:15:26,5.58,0.01,559,311922,买盘
447,14:15:20,5.57,--,95,52915,买盘
448,14:15:14,5.57,--,635,353695,买盘
449,14:15:05,5.57,-0.01,341,189937,买盘
450,14:14:59,5.58,0.01,1070,597060,买盘
451,14:14:50,5.57,--,646,359822,卖盘
452,14:14:40,5.57,--,715,398255,卖盘
453,14:14:35,5.57,0.01,86,47902,中性盘
454,14:14:29,5.56,-0.01,634,352504,卖盘
455,14:14:25,5.57,--,26,14482,买盘
456,14:14:20,5.57,--,815,453955,卖盘
457,14:14:14,5.57,-0.01,70,38990,卖盘
458,14:14:10,5.58,--,25,13950,买盘
459,14:14:05,5.58,0.02,700,390600,买盘
460,14:13:59,5.56,-0.02,347,192932,卖盘
461,14:13:55,5.58,0.01,644,359352,买盘
462,14:13:50,5.57,-0.01,6,3342,买盘
463,14:13:44,5.58,0.01,903,503874,买盘
464,14:13:40,5.57,-0.01,37,20609,买盘
465,14:13:35,5.58,0.02,643,358794,买盘
466,14:13:29,5.56,-0.02,1,556,卖盘
467,14:13:25,5.58,--,0,0,买盘
468,14:13:20,5.58,--,865,482670,买盘
469,14:13:14,5.58,0.02,652,363816,买盘
470,14:13:10,5.56,--,42,23352,卖盘
471,14:13:05,5.56,-0.02,376,209055,卖盘
472,14:12:59,5.58,0.01,605,337590,买盘
473,14:12:50,5.57,0.01,919,511883,中性盘
474,14:12:44,5.56,-0.02,250,139000,卖盘
475,14:12:40,5.58,0.01,648,361584,买盘
476,14:12:35,5.57,-0.01,38,21166,买盘
477,14:12:29,5.58,0.01,604,337032,买盘
478,14:12:25,5.57,-0.01,288,160416,卖盘
479,14:12:14,5.58,0.02,651,363258,买盘
480,14:12:08,5.56,-0.02,203,112867,卖盘
481,14:12:05,5.58,0.01,620,345960,买盘
482,14:11:59,5.57,-0.01,379,211103,卖盘
483,14:11:53,5.58,0.01,659,367722,买盘
484,14:11:50,5.57,-0.01,40,22280,买盘
485,14:11:44,5.58,0.02,631,352098,买盘
486,14:11:38,5.56,-0.01,65,36140,卖盘
487,14:11:35,5.57,--,385,214445,买盘
488,14:11:29,5.57,0.01,594,330858,买盘
489,14:11:23,5.56,-0.01,638,354728,卖盘
490,14:11:20,5.57,--,20,11140,买盘
491,14:11:14,5.57,--,10,5570,买盘
492,14:11:08,5.57,0.01,1000,557000,买盘
493,14:11:05,5.56,-0.01,308,171248,卖盘
494,14:10:59,5.57,0.01,661,368177,买盘
495,14:10:53,5.56,-0.01,20,11120,卖盘
496,14:10:50,5.57,0.01,772,430004,买盘
497,14:10:44,5.56,-0.01,7,3891,卖盘
498,14:10:38,5.57,--,926,515782,买盘
499,14:10:35,5.57,0.01,156,86892,买盘
500,14:10:29,5.56,--,696,386976,卖盘
501,14:10:20,5.56,-0.01,29,16123,卖盘
502,14:10:14,5.57,--,965,537505,买盘
503,14:10:08,5.57,0.01,64,35648,买盘
504,14:10:05,5.56,--,675,375300,卖盘
505,14:09:59,5.56,--,306,170136,卖盘
506,14:09:53,5.56,-0.01,634,352504,卖盘
507,14:09:49,5.57,0.01,277,154289,买盘
508,14:09:44,5.56,--,674,374744,卖盘
509,14:09:38,5.56,--,80,44480,卖盘
510,14:09:34,5.56,-0.01,6,3335,卖盘
511,14:09:29,5.57,--,578,321946,买盘
512,14:09:23,5.57,0.01,351,195507,买盘
513,14:09:19,5.56,--,625,347500,卖盘
514,14:09:14,5.56,--,2,1112,卖盘
515,14:09:08,5.56,--,857,476491,卖盘
516,14:09:04,5.56,--,290,161240,卖盘
517,14:08:59,5.56,--,950,528200,卖盘
518,14:08:49,5.56,-0.01,633,351948,卖盘
519,14:08:44,5.57,--,266,148162,买盘
520,14:08:38,5.57,0.01,683,380431,买盘
521,14:08:29,5.56,-0.01,343,190708,卖盘
522,14:08:23,5.57,--,671,373747,买盘
523,14:08:14,5.57,--,21,11697,买盘
524,14:08:08,5.57,--,60,33420,买盘
525,14:08:04,5.57,0.01,581,323617,买盘
526,14:07:59,5.56,--,176,97856,卖盘
527,14:07:53,5.56,-0.01,31,17236,卖盘
528,14:07:49,5.57,0.01,73,40661,买盘
529,14:07:44,5.56,-0.01,984,547104,卖盘
530,14:07:38,5.57,0.01,459,255663,买盘
531,14:07:34,5.56,--,14,7783,卖盘
532,14:07:29,5.56,-0.01,6,3335,卖盘
533,14:07:23,5.57,0.01,186,103602,买盘
534,14:07:19,5.56,--,2,1112,卖盘
535,14:07:14,5.56,-0.01,1506,837335,卖盘
536,14:07:08,5.57,--,11,6127,买盘
537,14:07:04,5.57,0.01,193,107501,买盘
538,14:06:59,5.56,-0.01,388,215727,卖盘
539,14:06:53,5.57,0.01,170,94690,买盘
540,14:06:49,5.56,-0.01,120,66720,卖盘
541,14:06:44,5.57,--,278,154846,买盘
542,14:06:38,5.57,--,164,91348,买盘
543,14:06:34,5.57,0.01,31,17267,买盘
544,14:06:29,5.56,--,166,92296,卖盘
545,14:06:23,5.56,-0.01,443,246307,卖盘
546,14:06:19,5.57,0.01,189,105273,买盘
547,14:06:14,5.56,--,228,127157,卖盘
548,14:06:08,5.56,-0.01,382,212391,卖盘
549,14:06:04,5.57,0.01,17,9469,买盘
550,14:05:59,5.56,--,283,157348,卖盘
551,14:05:53,5.56,--,407,226291,卖盘
552,14:05:49,5.56,-0.01,74,41144,卖盘
553,14:05:44,5.57,0.01,185,103045,买盘
554,14:05:38,5.56,-0.01,70,38920,卖盘
555,14:05:32,5.57,0.01,198,110286,买盘
556,14:05:29,5.56,--,334,185704,卖盘
557,14:05:23,5.56,--,260,144560,卖盘
558,14:05:17,5.56,-0.01,3,1667,卖盘
559,14:05:14,5.57,0.01,171,95247,买盘
560,14:05:08,5.56,--,191,106195,卖盘
561,14:05:02,5.56,--,526,292456,卖盘
562,14:04:59,5.56,-0.01,101,56155,卖盘
563,14:04:53,5.57,0.01,1015,565705,买盘
564,14:04:47,5.56,--,81,45036,卖盘
565,14:04:44,5.56,-0.01,80,44746,卖盘
566,14:04:38,5.57,0.01,515,286855,买盘
567,14:04:32,5.56,--,341,189701,卖盘
568,14:04:29,5.56,--,201,111755,卖盘
569,14:04:23,5.56,-0.02,67,37252,卖盘
570,14:04:17,5.58,0.01,696,388368,买盘
571,14:04:14,5.57,--,67,37319,卖盘
572,14:04:08,5.57,--,529,294653,买盘
573,14:04:02,5.57,--,4,2228,买盘
574,14:03:59,5.57,0.01,11,6127,买盘
575,14:03:53,5.56,-0.02,2418,1344408,卖盘
576,14:03:47,5.58,0.02,451,251658,买盘
577,14:03:38,5.56,-0.01,168,93408,卖盘
578,14:03:32,5.57,--,164,91348,买盘
579,14:03:23,5.57,-0.01,2146,1195322,卖盘
580,14:03:14,5.58,0.01,188,104904,买盘
581,14:03:08,5.57,-0.01,191,106387,卖盘
582,14:03:02,5.58,0.02,213,118854,买盘
583,14:02:53,5.56,-0.02,363,201828,卖盘
584,14:02:47,5.58,0.02,160,89280,买盘
585,14:02:38,5.56,--,402,223511,卖盘
586,14:02:32,5.56,-0.02,13,7227,卖盘
587,14:02:28,5.58,0.02,459,256122,买盘
588,14:02:23,5.56,-0.01,102,56711,卖盘
589,14:02:17,5.57,--,306,170442,卖盘
590,14:02:13,5.57,--,105,58485,卖盘
591,14:02:08,5.57,--,414,230598,卖盘
592,14:02:02,5.57,0.01,6,3342,卖盘
593,14:01:58,5.56,--,0,0,卖盘
594,14:01:53,5.56,--,268,149008,卖盘
595,14:01:47,5.56,-0.01,6,3335,卖盘
596,14:01:43,5.57,0.01,191,106387,买盘
597,14:01:38,5.56,-0.01,144,80064,卖盘
598,14:01:32,5.57,0.01,468,260676,买盘
599,14:01:28,5.56,-0.01,67,37252,卖盘
600,14:01:23,5.57,0.01,201,111957,买盘
601,14:01:13,5.56,-0.01,10,5560,卖盘
602,14:01:08,5.57,0.01,588,327516,买盘
603,14:01:02,5.56,-0.01,178,98968,卖盘
604,14:00:58,5.57,--,22,12254,买盘
605,14:00:47,5.57,--,194,108058,买盘
606,14:00:43,5.57,--,278,154846,买盘
607,14:00:38,5.57,--,348,193836,买盘
608,14:00:32,5.57,--,17,9469,买盘
609,14:00:28,5.57,--,172,95804,买盘
610,14:00:23,5.57,0.01,54,30078,买盘
611,14:00:17,5.56,-0.01,628,349168,卖盘
612,14:00:08,5.57,--,1677,934089,买盘
613,14:00:02,5.57,0.01,173,96361,买盘
614,13:59:58,5.56,-0.01,14,7783,卖盘
615,13:59:53,5.57,--,578,321946,买盘
616,13:59:47,5.57,--,80,44560,买盘
617,13:59:43,5.57,--,176,98032,买盘
618,13:59:38,5.57,--,210,116970,买盘
619,13:59:32,5.57,--,509,283513,买盘
620,13:59:23,5.57,--,585,325845,买盘
621,13:59:17,5.57,--,123,68511,买盘
622,13:59:08,5.57,0.01,164,91348,买盘
623,13:59:02,5.56,-0.01,418,232407,卖盘
624,13:58:56,5.57,0.01,189,105273,买盘
625,13:58:53,5.56,--,265,147829,买盘
626,13:58:47,5.56,--,1070,594920,买盘
627,13:58:41,5.56,--,230,127879,买盘
628,13:58:38,5.56,--,481,267436,买盘
629,13:58:32,5.56,--,304,169024,买盘
630,13:58:23,5.56,--,274,152344,买盘
631,13:58:17,5.56,--,1047,582132,买盘
632,13:58:11,5.56,--,250,139000,买盘
633,13:58:08,5.56,--,277,154012,买盘
634,13:58:02,5.56,--,243,135108,买盘
635,13:57:56,5.56,--,49,27243,买盘
636,13:57:53,5.56,0.01,170,94520,买盘
637,13:57:47,5.55,--,42,23310,卖盘
638,13:57:41,5.55,--,464,257520,卖盘
639,13:57:38,5.55,--,10,5550,卖盘
640,13:57:32,5.55,--,253,140415,卖盘
641,13:57:26,5.55,--,1,555,卖盘
642,13:57:23,5.55,-0.01,76,42180,卖盘
643,13:57:17,5.56,--,445,247419,买盘
644,13:57:11,5.56,0.01,239,132884,买盘
645,13:57:02,5.55,-0.01,16,8880,卖盘
646,13:56:56,5.56,--,214,118983,买盘
647,13:56:47,5.56,0.01,547,304132,买盘
648,13:56:38,5.55,-0.01,165,91575,卖盘
649,13:56:32,5.56,--,19,10564,买盘
650,13:56:26,5.56,--,467,259651,买盘
651,13:56:23,5.56,--,195,108419,买盘
652,13:56:17,5.56,--,5,2780,买盘
653,13:56:11,5.56,--,377,209611,买盘
654,13:56:02,5.56,0.01,170,94520,买盘
655,13:55:56,5.55,-0.01,31,17205,卖盘
656,13:55:52,5.56,0.01,179,99524,买盘
657,13:55:41,5.55,--,270,150016,买盘
658,13:55:37,5.55,--,9,4995,买盘
659,13:55:32,5.55,--,747,414585,买盘
660,13:55:26,5.55,-0.01,9086,5043118,卖盘
661,13:55:22,5.56,0.01,10,5560,买盘
662,13:55:17,5.55,--,68,37740,卖盘
663,13:55:07,5.55,-0.01,110,61050,卖盘
664,13:55:02,5.56,0.01,328,182368,买盘
665,13:54:56,5.55,-0.01,1,555,卖盘
666,13:54:52,5.56,0.01,13,7227,买盘
667,13:54:47,5.55,--,41,22755,卖盘
668,13:54:41,5.55,--,300,166500,卖盘
669,13:54:32,5.55,-0.01,6,3330,卖盘
670,13:54:26,5.56,0.01,120,66720,买盘
671,13:54:17,5.55,-0.01,721,400155,卖盘
672,13:54:11,5.56,0.01,353,196268,买盘
673,13:54:07,5.55,-0.01,1,555,卖盘
674,13:54:02,5.56,--,83,46148,买盘
675,13:53:56,5.56,0.01,83,46148,买盘
676,13:53:52,5.55,-0.01,130,72150,卖盘
677,13:53:47,5.56,0.01,283,157348,买盘
678,13:53:41,5.55,--,13,7215,卖盘
679,13:53:37,5.55,--,5,2775,卖盘
680,13:53:32,5.55,--,9,4995,卖盘
681,13:53:26,5.55,-0.01,1,555,卖盘
682,13:53:22,5.56,--,277,154012,买盘
683,13:53:17,5.56,0.01,80,44480,买盘
684,13:53:11,5.55,-0.01,142,78810,卖盘
685,13:53:07,5.56,0.01,3,1667,买盘
686,13:53:02,5.55,--,23,12765,卖盘
687,13:52:56,5.55,-0.01,10687,5931285,卖盘
688,13:52:52,5.56,--,8,4448,买盘
689,13:52:37,5.56,--,230,127879,买盘
690,13:52:32,5.56,0.01,8,4448,买盘
691,13:52:26,5.55,-0.01,292,162060,卖盘
692,13:52:20,5.56,0.01,15,8340,买盘
693,13:52:17,5.55,-0.01,28,15540,卖盘
694,13:52:11,5.56,--,76,42256,买盘
695,13:52:02,5.56,--,947,526532,买盘
696,13:51:56,5.56,--,216,120095,买盘
697,13:51:50,5.56,--,15,8340,买盘
698,13:51:47,5.56,--,555,308580,买盘
699,13:51:41,5.56,--,78,43368,买盘
700,13:51:35,5.56,0.01,722,401899,买盘
701,13:51:31,5.55,-0.01,11,6105,卖盘
702,13:51:26,5.56,0.01,313,174028,买盘
703,13:51:20,5.55,-0.01,31,17205,卖盘
704,13:51:17,5.56,--,282,156792,买盘
705,13:51:11,5.56,--,892,495951,买盘
706,13:51:05,5.56,--,109,60603,买盘
707,13:51:02,5.56,--,30,16680,买盘
708,13:50:56,5.56,0.01,266,147896,买盘
709,13:50:50,5.55,--,1053,584415,卖盘
710,13:50:46,5.55,-0.01,378,209790,卖盘
711,13:50:41,5.56,0.01,67,37252,买盘
712,13:50:35,5.55,-0.01,63,35364,卖盘
713,13:50:32,5.56,--,23,12788,买盘
714,13:50:26,5.56,--,5248,2917954,卖盘
715,13:50:20,5.56,-0.01,287,159572,卖盘
716,13:50:17,5.57,--,103,57371,买盘
717,13:50:11,5.57,--,77,42889,买盘
718,13:50:05,5.57,--,65,36205,买盘
719,13:50:01,5.57,--,22,12254,买盘
720,13:49:56,5.57,0.01,299,166543,买盘
721,13:49:50,5.56,-0.01,12,6671,卖盘
722,13:49:41,5.57,0.01,8,4456,买盘
723,13:49:35,5.56,-0.01,406,226136,卖盘
724,13:49:26,5.57,0.01,852,474564,买盘
725,13:49:20,5.56,--,18,10008,卖盘
726,13:49:11,5.56,--,16,8896,卖盘
727,13:49:01,5.56,--,100,55599,卖盘
728,13:48:56,5.56,--,3313,1842027,卖盘
729,13:48:50,5.56,--,405,225179,卖盘
730,13:48:46,5.56,--,4746,2638864,买盘
731,13:48:41,5.56,0.01,48,26687,买盘
732,13:48:35,5.55,-0.01,543,301376,卖盘
733,13:48:31,5.56,--,421,234075,买盘
734,13:48:26,5.56,--,470,261319,买盘
735,13:48:20,5.56,--,30,16680,买盘
736,13:48:11,5.56,0.01,549,305244,买盘
737,13:48:05,5.55,-0.01,123,68265,卖盘
738,13:48:01,5.56,--,30,16680,买盘
739,13:47:56,5.56,0.01,35,19460,买盘
740,13:47:50,5.55,-0.01,14,7770,卖盘
741,13:47:41,5.56,--,598,332488,买盘
742,13:47:35,5.56,0.01,198,110382,买盘
743,13:47:31,5.55,-0.02,3139,1742405,卖盘
744,13:47:26,5.57,--,3,1671,买盘
745,13:47:20,5.57,--,49,27293,买盘
746,13:47:16,5.57,--,327,182139,买盘
747,13:47:11,5.57,0.01,217,120869,买盘
748,13:47:05,5.56,--,35,19460,卖盘
749,13:47:01,5.56,-0.01,100,55599,卖盘
750,13:46:56,5.57,--,13,7241,买盘
751,13:46:50,5.57,0.01,433,241181,买盘
752,13:46:35,5.56,--,35,19654,卖盘
753,13:46:31,5.56,-0.01,39,21889,卖盘
754,13:46:26,5.57,--,287,159859,买盘
755,13:46:20,5.57,0.01,51,28407,买盘
756,13:46:16,5.56,--,1,556,卖盘
757,13:45:56,5.56,--,15,8340,卖盘
758,13:45:50,5.56,--,5,2780,卖盘
759,13:45:41,5.56,-0.01,63,35028,卖盘
760,13:45:35,5.57,0.01,54,30078,买盘
761,13:45:31,5.56,--,132,73792,买盘
762,13:45:26,5.56,--,279,155124,买盘
763,13:45:20,5.56,--,47,26131,买盘
764,13:45:14,5.56,--,80,44480,买盘
765,13:45:11,5.56,--,118,65608,买盘
766,13:45:05,5.56,--,11093,6168019,买盘
767,13:44:56,5.56,0.01,215,119539,买盘
768,13:44:50,5.55,-0.01,28,15540,卖盘
769,13:44:41,5.56,0.01,436,242415,买盘
770,13:44:35,5.55,--,71,39405,卖盘
771,13:44:29,5.55,--,42,23543,卖盘
772,13:44:26,5.55,--,41,22921,卖盘
773,13:44:20,5.55,-0.01,5608,3112440,卖盘
774,13:44:14,5.56,--,347,192932,买盘
775,13:44:10,5.56,--,76,42256,买盘
776,13:44:05,5.56,--,645,358620,买盘
777,13:43:55,5.56,--,77,42812,买盘
778,13:43:50,5.56,--,308,171248,买盘
779,13:43:44,5.56,0.01,134,74504,买盘
780,13:43:40,5.55,-0.01,1,555,卖盘
781,13:43:35,5.56,--,42,23352,买盘
782,13:43:29,5.56,-0.01,3230,1796035,卖盘
783,13:43:25,5.57,--,76,42332,买盘
784,13:43:20,5.57,0.01,363,202191,买盘
785,13:43:10,5.56,-0.01,10027,5575012,卖盘
786,13:43:05,5.57,0.01,31,17267,卖盘
787,13:42:59,5.56,--,1237,687772,卖盘
788,13:42:55,5.56,--,863,479827,卖盘
789,13:42:50,5.56,--,36,20016,卖盘
790,13:42:35,5.56,-0.01,9,5004,卖盘
791,13:42:29,5.57,--,316,176413,买盘
792,13:42:25,5.57,0.01,198,110286,买盘
793,13:42:20,5.56,-0.01,4,2224,卖盘
794,13:42:14,5.57,--,13,7241,买盘
795,13:42:10,5.57,--,1,557,买盘
796,13:42:05,5.57,--,763,424991,买盘
797,13:41:59,5.57,--,166,92617,卖盘
798,13:41:55,5.57,--,1,557,卖盘
799,13:41:50,5.57,-0.01,6,3342,卖盘
800,13:41:44,5.58,--,13,7254,买盘
801,13:41:40,5.58,0.01,278,155124,买盘
802,13:41:35,5.57,-0.01,342,190494,卖盘
803,13:41:29,5.58,0.01,40,22320,买盘
804,13:41:25,5.57,--,36,20453,卖盘
805,13:41:20,5.57,--,6,3342,卖盘
806,13:41:14,5.57,0.01,262,145934,买盘
807,13:41:10,5.56,--,87,48372,卖盘
808,13:41:05,5.56,--,218,121207,卖盘
809,13:40:50,5.56,-0.02,5,2780,卖盘
810,13:40:44,5.58,0.01,370,206460,买盘
811,13:40:40,5.57,--,15,8355,买盘
812,13:40:35,5.57,--,90,50553,卖盘
813,13:40:29,5.57,--,861,479577,卖盘
814,13:40:25,5.57,--,1159,645964,卖盘
815,13:40:20,5.57,--,376,209432,卖盘
816,13:40:14,5.57,--,370,206090,卖盘
817,13:40:10,5.57,--,1503,837171,卖盘
818,13:40:05,5.57,--,2625,1462125,卖盘
819,13:39:59,5.57,-0.01,2,1114,卖盘
820,13:39:55,5.58,0.01,282,157356,买盘
821,13:39:50,5.57,--,595,331415,卖盘
822,13:39:44,5.57,-0.01,215,119755,卖盘
823,13:39:40,5.58,0.01,30,16740,买盘
824,13:39:35,5.57,--,67,37319,卖盘
825,13:39:29,5.57,--,376,209432,卖盘
826,13:39:25,5.57,--,15,8544,卖盘
827,13:39:20,5.57,-0.01,34,19149,卖盘
828,13:39:10,5.58,--,27,15066,买盘
829,13:39:05,5.58,0.01,373,208134,买盘
830,13:38:50,5.57,-0.01,35,19495,卖盘
831,13:38:44,5.58,--,96,53568,买盘
832,13:38:40,5.58,--,50,27900,买盘
833,13:38:35,5.58,--,329,183582,买盘
834,13:38:29,5.58,0.01,5,2790,买盘
835,13:38:20,5.57,--,40,22681,卖盘
836,13:38:14,5.57,--,509,283513,卖盘
837,13:38:08,5.57,-0.01,13,7241,卖盘
838,13:38:05,5.58,--,141,78678,买盘
839,13:37:53,5.58,0.01,37,20646,买盘
840,13:37:49,5.57,-0.01,3015,1679355,卖盘
841,13:37:44,5.58,--,565,315270,买盘
842,13:37:34,5.58,--,1,558,买盘
843,13:37:29,5.58,0.01,30,16740,买盘
844,13:37:23,5.57,-0.01,96,53873,卖盘
845,13:37:19,5.58,0.01,873,487134,买盘
846,13:37:14,5.57,-0.01,10,5570,卖盘
847,13:37:08,5.58,0.01,127,70866,买盘
848,13:37:04,5.57,--,14,7798,卖盘
849,13:36:59,5.57,-0.01,1,557,卖盘
850,13:36:53,5.58,0.01,463,258354,买盘
851,13:36:49,5.57,-0.01,5,2785,卖盘
852,13:36:38,5.58,0.01,1421,792918,买盘
853,13:36:34,5.57,--,110,61270,卖盘
854,13:36:29,5.57,--,307,170999,卖盘
855,13:36:23,5.57,--,47,26368,卖盘
856,13:36:19,5.57,--,25,14136,卖盘
857,13:36:14,5.57,--,183,101931,卖盘
858,13:36:08,5.57,-0.01,68,37876,卖盘
859,13:36:04,5.58,--,37,20646,买盘
860,13:35:59,5.58,0.01,414,231012,买盘
861,13:35:49,5.57,-0.01,5,2785,卖盘
862,13:35:44,5.58,0.01,220,122760,买盘
863,13:35:38,5.57,-0.01,100,55700,卖盘
864,13:35:34,5.58,--,328,183024,买盘
865,13:35:29,5.58,0.01,87,48546,买盘
866,13:35:23,5.57,--,126,70182,卖盘
867,13:35:19,5.57,--,40,22681,卖盘
868,13:35:14,5.57,--,20,11140,卖盘
869,13:35:08,5.57,--,290,161530,卖盘
870,13:34:59,5.57,--,20,11140,卖盘
871,13:34:53,5.57,--,2,1114,卖盘
872,13:34:49,5.57,-0.01,5,2785,卖盘
873,13:34:44,5.58,0.01,277,154566,买盘
874,13:34:38,5.57,--,8,4456,卖盘
875,13:34:34,5.57,-0.01,85,47345,卖盘
876,13:34:23,5.58,--,613,342054,买盘
877,13:34:19,5.58,0.01,198,110484,买盘
878,13:34:14,5.57,-0.01,323,180312,卖盘
879,13:34:07,5.58,--,127,70866,买盘
880,13:34:04,5.58,0.01,11,6138,买盘
881,13:33:59,5.57,-0.01,97,54029,卖盘
882,13:33:53,5.58,--,298,166284,买盘
883,13:33:49,5.58,0.01,84,46872,买盘
884,13:33:44,5.57,--,14,7798,卖盘
885,13:33:38,5.57,-0.01,118,65726,卖盘
886,13:33:29,5.58,--,277,154566,买盘
887,13:33:23,5.58,0.01,479,267282,买盘
888,13:33:19,5.57,-0.01,5,2785,卖盘
889,13:33:14,5.58,--,220,123161,买盘
890,13:33:04,5.58,0.01,11,6138,买盘
891,13:32:59,5.57,--,287,159859,卖盘
892,13:32:52,5.57,--,105,58485,卖盘
893,13:32:49,5.57,--,181,100817,卖盘
894,13:32:44,5.57,--,62,34534,卖盘
895,13:32:38,5.57,-0.01,85,47345,卖盘
896,13:32:34,5.58,0.01,278,155124,买盘
897,13:32:23,5.57,--,145,80765,卖盘
898,13:32:19,5.57,--,19,10583,卖盘
899,13:32:13,5.57,--,36,20453,卖盘
900,13:32:08,5.57,-0.01,667,371519,卖盘
901,13:31:53,5.58,0.01,234,130572,买盘
902,13:31:49,5.57,-0.01,4,2228,卖盘
903,13:31:38,5.58,0.01,277,154566,买盘
904,13:31:23,5.57,--,31,17267,卖盘
905,13:31:17,5.57,--,32,17824,卖盘
906,13:31:14,5.57,-0.01,334,186439,卖盘
907,13:31:07,5.58,--,30,16985,买盘
908,13:31:02,5.58,--,16,8928,买盘
909,13:30:58,5.58,--,7,3906,买盘
910,13:30:52,5.58,0.01,21,11718,买盘
911,13:30:47,5.57,--,384,213888,卖盘
912,13:30:37,5.57,--,13,7241,卖盘
913,13:30:31,5.57,-0.01,5,2785,卖盘
914,13:30:22,5.58,0.01,333,185814,买盘
915,13:30:16,5.57,--,4,2228,卖盘
916,13:30:08,5.57,-0.01,36,20453,卖盘
917,13:30:02,5.58,--,1,558,买盘
918,13:29:58,5.58,--,277,154566,买盘
919,13:29:52,5.58,0.01,50,27900,买盘
920,13:29:47,5.57,--,12,6684,卖盘
921,13:29:37,5.57,--,20,11140,卖盘
922,13:29:31,5.57,-0.01,320,178240,卖盘
923,13:29:22,5.58,0.01,10098,5634684,买盘
924,13:29:16,5.57,-0.01,104,57928,卖盘
925,13:29:13,5.58,0.01,47,26226,买盘
926,13:29:08,5.57,-0.01,128,71697,卖盘
927,13:29:01,5.58,--,284,158472,买盘
928,13:28:52,5.58,0.01,62,34596,买盘
929,13:28:46,5.57,-0.01,35,19495,卖盘
930,13:28:37,5.58,--,291,162378,买盘
931,13:28:31,5.58,--,174,97359,卖盘
932,13:28:28,5.58,--,74,41292,卖盘
933,13:28:22,5.58,--,90,50220,卖盘
934,13:28:16,5.58,--,360,200880,卖盘
935,13:28:13,5.58,--,788,439704,卖盘
936,13:28:07,5.58,--,101,56759,卖盘
937,13:28:01,5.58,--,271,151218,卖盘
938,13:27:58,5.58,--,11,6138,卖盘
939,13:27:52,5.58,--,242,135036,卖盘
940,13:27:46,5.58,--,1089,607662,卖盘
941,13:27:43,5.58,--,50,27900,卖盘
942,13:27:37,5.58,--,184,102672,卖盘
943,13:27:31,5.58,--,50,27900,卖盘
944,13:27:28,5.58,-0.01,110,61380,卖盘
945,13:27:22,5.59,0.01,285,159315,买盘
946,13:27:16,5.58,--,19,10602,卖盘
947,13:27:13,5.58,--,202,112716,卖盘
948,13:27:07,5.58,--,67,37648,卖盘
949,13:27:01,5.58,--,238,132943,卖盘
950,13:26:58,5.58,-0.01,190,106020,卖盘
951,13:26:52,5.59,0.01,415,231985,买盘
952,13:26:46,5.58,--,468,261144,卖盘
953,13:26:43,5.58,--,45,25110,卖盘
954,13:26:37,5.58,--,120,66960,卖盘
955,13:26:31,5.58,--,297,165726,卖盘
956,13:26:28,5.58,--,3011,1680138,卖盘
957,13:26:22,5.58,--,200,111600,卖盘
958,13:26:16,5.58,--,119,66402,卖盘
959,13:26:13,5.58,--,5,2790,卖盘
960,13:26:07,5.58,--,64,35712,卖盘
961,13:26:01,5.58,--,338,189005,卖盘
962,13:25:46,5.58,--,25,13950,卖盘
963,13:25:43,5.58,--,5,2790,卖盘
964,13:25:37,5.58,--,327,182466,卖盘
965,13:25:31,5.58,--,100,55800,卖盘
966,13:25:27,5.58,--,60,33480,卖盘
967,13:25:16,5.58,--,5,2790,卖盘
968,13:25:12,5.58,-0.01,23,12834,卖盘
969,13:25:07,5.59,0.01,558,311922,买盘
970,13:25:01,5.58,--,113,63455,卖盘
971,13:24:57,5.58,--,259,144522,卖盘
972,13:24:52,5.58,-0.01,52,29016,卖盘
973,13:24:46,5.59,0.01,337,188383,买盘
974,13:24:42,5.58,--,95,53010,卖盘
975,13:24:37,5.58,--,32,17856,卖盘
976,13:24:31,5.58,--,20,11160,卖盘
977,13:24:22,5.58,--,7,3906,卖盘
978,13:24:16,5.58,--,800,446400,卖盘
979,13:24:10,5.58,--,200,111600,卖盘
980,13:24:01,5.58,--,46,26069,卖盘
981,13:23:55,5.58,-0.01,108,60264,卖盘
982,13:23:52,5.59,0.01,284,158756,买盘
983,13:23:46,5.58,--,31,17749,卖盘
984,13:23:31,5.58,-0.01,149,83142,卖盘
985,13:23:25,5.59,0.01,297,166023,买盘
986,13:23:22,5.58,--,35,19530,卖盘
987,13:23:16,5.58,--,22,12276,卖盘
988,13:23:10,5.58,--,52,29016,卖盘
989,13:23:07,5.58,-0.01,60,33480,卖盘
990,13:23:01,5.59,0.01,293,164049,买盘
991,13:22:55,5.58,-0.01,71,39757,卖盘
992,13:22:52,5.59,0.01,71,39689,买盘
993,13:22:46,5.58,--,66,36828,卖盘
994,13:22:37,5.58,--,10,5580,卖盘
995,13:22:31,5.58,--,452,252216,卖盘
996,13:22:25,5.58,-0.01,76,42408,卖盘
997,13:22:22,5.59,0.01,100,55900,买盘
998,13:22:16,5.58,-0.01,76,42408,卖盘
999,13:22:10,5.59,0.01,278,155402,买盘
1000,13:22:07,5.58,--,34,18972,卖盘
1001,13:22:01,5.58,--,2584,1441872,卖盘
1002,13:21:46,5.58,--,4,2232,卖盘
1003,13:21:40,5.58,--,58,32364,卖盘
1004,13:21:37,5.58,--,2,1116,卖盘
1005,13:21:22,5.58,--,53,29574,卖盘
1006,13:21:16,5.58,--,5,2790,卖盘
1007,13:21:10,5.58,--,3171,1769635,买盘
1008,13:21:07,5.58,--,30,16740,买盘
1009,13:21:01,5.58,--,2042,1139436,买盘
1010,13:20:52,5.58,0.01,277,154566,买盘
1011,13:20:46,5.57,--,4,2228,卖盘
1012,13:20:40,5.57,--,36,20052,卖盘
1013,13:20:31,5.57,-0.01,1,562,卖盘
1014,13:20:25,5.58,0.01,277,154566,买盘
1015,13:20:16,5.57,--,209,116413,卖盘
1016,13:20:10,5.57,-0.01,14,7798,卖盘
1017,13:20:07,5.58,--,1054,588132,买盘
1018,13:20:01,5.58,--,278,155124,买盘
1019,13:19:46,5.58,--,27,15066,买盘
1020,13:19:40,5.58,--,121,67518,买盘
1021,13:19:31,5.58,--,599,334242,买盘
1022,13:19:25,5.58,--,40,22320,买盘
1023,13:19:16,5.58,--,153,85686,卖盘
1024,13:19:10,5.58,-0.01,8,4464,卖盘
1025,13:19:07,5.59,--,322,179998,买盘
1026,13:19:01,5.59,0.01,199,111241,买盘
1027,13:18:55,5.58,--,420,234605,卖盘
1028,13:18:51,5.58,--,4,2232,卖盘
1029,13:18:46,5.58,--,574,320292,卖盘
1030,13:18:40,5.58,--,499,278442,卖盘
1031,13:18:25,5.58,--,20,11160,卖盘
1032,13:18:21,5.58,--,43,23994,卖盘
1033,13:18:16,5.58,--,344,191952,卖盘
1034,13:18:06,5.58,-0.01,5012,2796696,卖盘
1035,13:18:01,5.59,0.01,112,62608,买盘
1036,13:17:55,5.58,-0.01,20,11160,卖盘
1037,13:17:51,5.59,--,20,11180,买盘
1038,13:17:46,5.59,--,277,154843,买盘
1039,13:17:31,5.59,--,103,57577,买盘
1040,13:17:25,5.59,--,43,24037,买盘
1041,13:17:19,5.59,--,315,176085,买盘
1042,13:17:16,5.59,0.01,205,114595,买盘
1043,13:17:10,5.58,--,266,148428,卖盘
1044,13:17:04,5.58,-0.01,50,27900,卖盘
1045,13:17:01,5.59,--,38,21242,买盘
1046,13:16:55,5.59,0.01,287,160433,买盘
1047,13:16:49,5.58,--,58,32364,卖盘
1048,13:16:46,5.58,--,7670,4279860,买盘
1049,13:16:40,5.58,--,20,11160,买盘
1050,13:16:34,5.58,--,7,3906,买盘
1051,13:16:31,5.58,--,827,461466,买盘
1052,13:16:25,5.58,--,10,5580,买盘
1053,13:16:19,5.58,0.01,13,7254,买盘
1054,13:16:16,5.57,-0.01,100,55700,卖盘
1055,13:16:10,5.58,--,297,165726,买盘
1056,13:16:04,5.58,0.01,1960,1093680,买盘
1057,13:16:01,5.57,--,810,451170,卖盘
1058,13:15:55,5.57,--,88,49016,卖盘
1059,13:15:49,5.57,-0.01,175,97475,卖盘
1060,13:15:40,5.58,0.01,291,162378,买盘
1061,13:15:34,5.57,--,31,17267,卖盘
1062,13:15:25,5.57,-0.01,1,557,卖盘
1063,13:15:19,5.58,--,14,7812,买盘
1064,13:15:16,5.58,--,278,155124,买盘
1065,13:15:10,5.58,--,64,35712,买盘
1066,13:15:04,5.58,0.01,182,101556,买盘
1067,13:15:01,5.57,-0.01,9,5013,卖盘
1068,13:14:55,5.58,--,18,10044,买盘
1069,13:14:49,5.58,--,53,29574,买盘
1070,13:14:46,5.58,--,277,154566,买盘
1071,13:14:40,5.58,0.01,37,20646,买盘
1072,13:14:34,5.57,--,311,173227,卖盘
1073,13:14:25,5.57,-0.01,43,23951,卖盘
1074,13:14:19,5.58,--,293,163494,买盘
1075,13:14:10,5.58,0.01,48,26784,买盘
1076,13:14:04,5.57,-0.01,52,28964,卖盘
1077,13:14:01,5.58,--,10,5580,买盘
1078,13:13:55,5.58,0.01,284,158472,买盘
1079,13:13:49,5.57,-0.01,3,1671,卖盘
1080,13:13:40,5.58,0.01,20,11160,买盘
1081,13:13:34,5.57,-0.01,36,20052,卖盘
1082,13:13:25,5.58,0.01,309,172422,买盘
1083,13:13:19,5.57,--,5,2785,卖盘
1084,13:13:10,5.57,-0.01,423,235611,卖盘
1085,13:13:04,5.58,0.01,326,181908,买盘
1086,13:12:55,5.57,--,30,16710,卖盘
1087,13:12:49,5.57,--,7,3899,卖盘
1088,13:12:45,5.57,--,35,19495,卖盘
1089,13:12:40,5.57,-0.01,219,122066,卖盘
1090,13:12:34,5.58,0.01,293,163494,买盘
1091,13:12:30,5.57,--,10,5570,卖盘
1092,13:12:25,5.57,--,30,16710,卖盘
1093,13:12:19,5.57,--,3,1671,卖盘
1094,13:12:10,5.57,-0.01,311,173227,卖盘
1095,13:12:04,5.58,0.01,105,58590,买盘
1096,13:11:55,5.57,--,70,38990,卖盘
1097,13:11:49,5.57,-0.01,126,70182,卖盘
1098,13:11:45,5.58,0.01,326,181908,买盘
1099,13:11:30,5.57,-0.01,15,8355,卖盘
1100,13:11:25,5.58,0.01,100,55800,买盘
1101,13:11:19,5.57,--,1990,1108430,卖盘
1102,13:11:15,5.57,--,10,5570,卖盘
1103,13:11:10,5.57,--,40,22280,卖盘
1104,13:10:55,5.57,-0.01,2,1114,卖盘
1105,13:10:49,5.58,--,817,455886,买盘
1106,13:10:45,5.58,0.01,43,23994,买盘
1107,13:10:40,5.57,--,111,61827,卖盘
1108,13:10:34,5.57,--,141,78537,卖盘
1109,13:10:25,5.57,--,565,314705,卖盘
1110,13:10:19,5.57,--,53,29521,卖盘
1111,13:10:13,5.57,--,147,81879,卖盘
1112,13:10:10,5.57,-0.01,14,7798,卖盘
1113,13:10:04,5.58,0.01,478,266724,买盘
1114,13:09:58,5.57,--,48,26736,卖盘
1115,13:09:55,5.57,--,12,6684,卖盘
1116,13:09:49,5.57,-0.01,3,1671,卖盘
1117,13:09:43,5.58,--,18,10044,买盘
1118,13:09:40,5.58,--,2,1116,买盘
1119,13:09:34,5.58,0.01,279,155682,买盘
1120,13:09:28,5.57,-0.01,107,59599,卖盘
1121,13:09:25,5.58,0.01,30,16740,买盘
1122,13:09:19,5.57,--,3,1671,卖盘
1123,13:09:13,5.57,--,155,86335,卖盘
1124,13:09:10,5.57,--,343,191051,卖盘
1125,13:08:58,5.57,--,1152,641664,卖盘
1126,13:08:55,5.57,--,553,308021,卖盘
1127,13:08:49,5.57,--,3,1671,卖盘
1128,13:08:43,5.57,-0.01,318,177126,卖盘
1129,13:08:40,5.58,0.01,7,3906,买盘
1130,13:08:34,5.57,-0.01,416,231712,卖盘
1131,13:08:28,5.58,--,33,18414,买盘
1132,13:08:25,5.58,0.01,30,16740,买盘
1133,13:08:19,5.57,-0.01,4,2228,卖盘
1134,13:08:13,5.58,0.01,277,154566,买盘
1135,13:08:10,5.57,--,65,36205,卖盘
1136,13:08:04,5.57,--,40,22280,卖盘
1137,13:07:49,5.57,--,393,218901,卖盘
1138,13:07:43,5.57,--,1,557,卖盘
1139,13:07:28,5.57,--,2,1114,卖盘
1140,13:07:25,5.57,--,313,174341,卖盘
1141,13:07:19,5.57,--,397,221129,卖盘
1142,13:07:10,5.57,--,200,111400,卖盘
1143,13:07:04,5.57,--,273,152061,卖盘
1144,13:06:58,5.57,--,421,234497,卖盘
1145,13:06:49,5.57,--,18,10026,卖盘
1146,13:06:43,5.57,--,14,7798,卖盘
1147,13:06:39,5.57,-0.01,21,11697,卖盘
1148,13:06:34,5.58,0.01,296,165168,买盘
1149,13:06:28,5.57,--,1,557,卖盘
1150,13:06:19,5.57,--,32,17824,卖盘
1151,13:06:13,5.57,-0.01,11,6127,卖盘
1152,13:06:09,5.58,0.01,277,154566,买盘
1153,13:06:04,5.57,-0.01,10,5570,卖盘
1154,13:05:58,5.58,0.01,1,558,买盘
1155,13:05:54,5.57,--,9,5013,卖盘
1156,13:05:49,5.57,-0.01,6,3342,卖盘
1157,13:05:39,5.58,0.01,282,157356,买盘
1158,13:05:34,5.57,--,21,11697,卖盘
1159,13:05:28,5.57,--,285,158745,卖盘
1160,13:05:24,5.57,--,85,47345,卖盘
1161,13:05:19,5.57,--,47,26179,卖盘
1162,13:05:13,5.57,--,298,165986,卖盘
1163,13:04:49,5.57,--,428,238396,卖盘
1164,13:04:34,5.57,0.01,23,12811,中性盘
1165,13:04:28,5.56,-0.01,85,47260,卖盘
1166,13:04:24,5.57,--,20,11140,卖盘
1167,13:04:19,5.57,--,261,145432,买盘
1168,13:04:04,5.57,0.01,6,3342,买盘
1169,13:03:58,5.56,-0.01,318,176808,卖盘
1170,13:03:54,5.57,0.01,2,1114,买盘
1171,13:03:49,5.56,-0.01,186,103416,卖盘
1172,13:03:43,5.57,--,37,20609,买盘
1173,13:03:34,5.57,--,585,325845,买盘
1174,13:03:28,5.57,0.01,164,91348,买盘
1175,13:03:19,5.56,--,38,21128,卖盘
1176,13:03:13,5.56,-0.01,170,94520,卖盘
1177,13:03:04,5.57,--,327,182139,买盘
1178,13:02:58,5.57,--,4,2228,买盘
1179,13:02:52,5.57,--,29,16153,买盘
1180,13:02:49,5.57,--,87,48459,买盘
1181,13:02:43,5.57,--,25,13925,买盘
1182,13:02:37,5.57,0.01,415,231155,买盘
1183,13:02:34,5.56,-0.01,146,81176,卖盘
1184,13:02:28,5.57,--,2013,1121241,买盘
1185,13:02:22,5.57,--,28,15596,买盘
1186,13:02:19,5.57,--,85,47345,买盘
1187,13:02:13,5.57,--,285,158745,买盘
1188,13:02:04,5.57,0.01,5,2785,买盘
1189,13:01:58,5.56,-0.01,42,23352,卖盘
1190,13:01:52,5.57,--,11,6127,买盘
1191,13:01:49,5.57,--,278,154846,买盘
1192,13:01:43,5.57,--,10,5570,买盘
1193,13:01:37,5.57,0.01,200,111400,买盘
1194,13:01:28,5.56,-0.01,20,11120,卖盘
1195,13:01:22,5.57,--,331,184367,买盘
1196,13:01:19,5.57,--,19,10583,买盘
1197,13:01:13,5.57,0.01,4,2228,买盘
1198,13:00:58,5.56,-0.01,332,184592,卖盘
1199,13:00:52,5.57,--,121,67397,买盘
1200,13:00:43,5.57,--,200,111400,买盘
1201,13:00:37,5.57,--,143,79651,买盘
1202,13:00:22,5.57,--,80,44560,买盘
1203,13:00:18,5.57,--,395,220015,买盘
1204,13:00:13,5.57,--,562,313034,买盘
1205,13:00:07,5.57,0.01,2470,1375790,买盘
1206,13:00:04,5.56,-0.02,622,346332,卖盘
1207,11:30:00,5.58,--,0,0,买盘
1208,11:30:00,5.58,0.01,277,154566,买盘
1209,11:29:59,5.57,-0.01,3,1671,卖盘
1210,11:29:53,5.58,0.01,32,17856,买盘
1211,11:29:47,5.57,--,5,2785,卖盘
1212,11:29:38,5.57,--,274,152673,买盘
1213,11:29:32,5.57,--,164,91348,买盘
1214,11:29:29,5.57,--,31,17267,买盘
1215,11:29:23,5.57,0.01,177,98589,买盘
1216,11:29:17,5.56,-0.01,3,1667,卖盘
1217,11:29:08,5.57,--,327,182139,买盘
1218,11:29:02,5.57,0.01,10,5570,买盘
1219,11:28:59,5.56,--,100,55599,卖盘
1220,11:28:53,5.56,--,10,5560,卖盘
1221,11:28:47,5.56,-0.01,4,2224,卖盘
1222,11:28:44,5.57,--,340,189380,买盘
1223,11:28:23,5.57,0.01,39,21723,买盘
1224,11:28:17,5.56,-0.01,300,166800,卖盘
1225,11:28:08,5.57,--,53,29521,买盘
1226,11:28:02,5.57,--,203,113071,买盘
1227,11:27:59,5.57,--,80,44560,买盘
1228,11:27:53,5.57,0.01,544,303008,买盘
1229,11:27:47,5.56,-0.01,332,184592,卖盘
1230,11:27:38,5.57,--,123,68511,买盘
1231,11:27:32,5.57,--,15,8355,买盘
1232,11:27:29,5.57,0.01,279,155403,买盘
1233,11:27:17,5.56,-0.01,1,556,卖盘
1234,11:27:14,5.57,--,90,50130,买盘
1235,11:27:08,5.57,--,830,462811,卖盘
1236,11:27:02,5.57,--,507,282399,卖盘
1237,11:26:53,5.57,--,50,27850,卖盘
1238,11:26:47,5.57,-0.01,86,47902,卖盘
1239,11:26:32,5.58,0.01,278,155124,买盘
1240,11:26:17,5.57,-0.01,73,40661,卖盘
1241,11:26:08,5.58,0.01,289,161262,买盘
1242,11:26:02,5.57,--,10,5570,卖盘
1243,11:25:58,5.57,--,29,16153,卖盘
1244,11:25:53,5.57,--,30,16710,卖盘
1245,11:25:47,5.57,--,53,29521,卖盘
1246,11:25:43,5.57,-0.01,587,327237,卖盘
1247,11:25:38,5.58,0.01,290,161820,买盘
1248,11:25:32,5.57,--,23,12811,卖盘
1249,11:25:28,5.57,--,160,89120,卖盘
1250,11:25:17,5.57,--,280,155960,卖盘
1251,11:25:13,5.57,--,20,11140,卖盘
1252,11:25:08,5.57,--,96,53472,卖盘
1253,11:24:53,5.57,--,1067,594319,卖盘
1254,11:24:47,5.57,--,285,158745,卖盘
1255,11:24:43,5.57,--,67,37319,卖盘
1256,11:24:38,5.57,--,100,55700,卖盘
1257,11:24:32,5.57,--,67,37319,卖盘
1258,11:24:28,5.57,-0.01,24,13368,卖盘
1259,11:24:23,5.58,0.01,277,154566,买盘
1260,11:24:17,5.57,--,237,132287,卖盘
1261,11:24:08,5.57,-0.01,4,2228,卖盘
1262,11:24:02,5.58,0.01,331,184698,买盘
1263,11:23:53,5.57,--,1,612,卖盘
1264,11:23:47,5.57,--,546,304122,卖盘
1265,11:23:41,5.57,--,50,27850,卖盘
1266,11:23:38,5.57,-0.01,10,5570,卖盘
1267,11:23:32,5.58,0.01,490,273420,买盘
1268,11:23:26,5.57,-0.01,1,557,卖盘
1269,11:23:23,5.58,0.01,34,18972,买盘
1270,11:23:17,5.57,-0.01,195,108615,卖盘
1271,11:23:08,5.58,0.01,444,247752,买盘
1272,11:23:02,5.57,-0.01,10,5570,卖盘
1273,11:22:56,5.58,0.01,1677,935766,买盘
1274,11:22:53,5.57,--,64,35648,卖盘
1275,11:22:47,5.57,-0.01,132,73524,卖盘
1276,11:22:38,5.58,0.01,310,172980,买盘
1277,11:22:32,5.57,--,247,137579,卖盘
1278,11:22:26,5.57,--,16,8912,卖盘
1279,11:22:23,5.57,--,100,55700,卖盘
1280,11:22:17,5.57,--,2371,1320647,卖盘
1281,11:22:11,5.57,--,65,36205,卖盘
1282,11:22:08,5.57,--,5,2785,卖盘
1283,11:22:02,5.57,--,239,133123,卖盘
1284,11:21:56,5.57,0.01,53,29521,买盘
1285,11:21:53,5.56,--,0,0,卖盘
1286,11:21:47,5.56,-0.01,284,157904,卖盘
1287,11:21:41,5.57,--,10,5570,买盘
1288,11:21:38,5.57,--,22,12315,卖盘
1289,11:21:32,5.57,--,451,251207,卖盘
1290,11:21:26,5.57,-0.01,1196,666172,卖盘
1291,11:21:23,5.58,0.01,363,202554,买盘
1292,11:21:17,5.57,--,135,75195,卖盘
1293,11:21:11,5.57,--,2126,1184182,卖盘
1294,11:21:02,5.57,--,1055,587635,卖盘
1295,11:20:56,5.57,--,467,260119,卖盘
1296,11:20:53,5.57,--,66,36762,卖盘
1297,11:20:47,5.57,--,303,168771,卖盘
1298,11:20:41,5.57,--,180,100260,卖盘
1299,11:20:32,5.57,-0.01,7,3899,卖盘
1300,11:20:26,5.58,0.01,337,188046,买盘
1301,11:20:22,5.57,--,53,29521,卖盘
1302,11:20:17,5.57,--,139,77423,卖盘
1303,11:20:11,5.57,--,136,75752,卖盘
1304,11:20:02,5.57,--,587,326959,卖盘
1305,11:19:56,5.57,--,34,18938,卖盘
1306,11:19:47,5.57,--,18,10026,卖盘
1307,11:19:41,5.57,-0.01,4,2228,卖盘
1308,11:19:37,5.58,0.01,278,155124,买盘
1309,11:19:32,5.57,-0.01,101,56257,卖盘
1310,11:19:26,5.58,0.01,158,88164,买盘
1311,11:19:22,5.57,--,23,12811,卖盘
1312,11:19:17,5.57,-0.01,3,1671,卖盘
1313,11:19:11,5.58,0.01,431,240498,买盘
1314,11:19:07,5.57,--,12,6684,卖盘
1315,11:19:02,5.57,-0.01,208,115856,卖盘
1316,11:18:56,5.58,0.01,10,5580,买盘
1317,11:18:47,5.57,--,305,169885,卖盘
1318,11:18:41,5.57,--,161,89677,卖盘
1319,11:18:37,5.57,-0.01,0,50,卖盘
1320,11:18:32,5.58,0.01,275,153450,买盘
1321,11:18:17,5.57,--,291,162087,卖盘
1322,11:18:11,5.57,--,29,16153,卖盘
1323,11:18:02,5.57,--,110,61270,卖盘
1324,11:17:56,5.57,--,302,168214,卖盘
1325,11:17:47,5.57,--,85,47345,卖盘
1326,11:17:32,5.57,-0.01,74,41218,卖盘
1327,11:17:26,5.58,0.01,303,169074,买盘
1328,11:17:22,5.57,--,100,55700,卖盘
1329,11:17:17,5.57,--,17,9469,卖盘
1330,11:17:11,5.57,--,35,19495,卖盘
1331,11:17:02,5.57,--,308,171556,卖盘
1332,11:16:56,5.57,--,16,8912,卖盘
1333,11:16:47,5.57,-0.01,228,126996,卖盘
1334,11:16:35,5.58,--,278,155124,买盘
1335,11:16:32,5.58,--,36,20088,买盘
1336,11:16:26,5.58,0.01,8,4464,买盘
1337,11:16:20,5.57,--,42,23394,卖盘
1338,11:16:17,5.57,--,33,18381,卖盘
1339,11:16:11,5.57,--,307,170999,卖盘
1340,11:15:56,5.57,--,161,89677,卖盘
1341,11:15:50,5.57,--,199,110843,卖盘
1342,11:15:47,5.57,-0.01,33,18381,卖盘
1343,11:15:41,5.58,0.01,305,170190,买盘
1344,11:15:35,5.57,--,12,6684,卖盘
1345,11:15:32,5.57,--,20,11140,卖盘
1346,11:15:26,5.57,--,50,27850,卖盘
1347,11:15:17,5.57,--,315,175455,卖盘
1348,11:15:11,5.57,-0.01,1035,576495,卖盘
1349,11:15:05,5.58,--,53,29574,买盘
1350,11:15:02,5.58,0.01,26,14508,买盘
1351,11:14:56,5.57,-0.01,574,319718,卖盘
1352,11:14:50,5.58,0.01,309,172422,买盘
1353,11:14:35,5.57,--,78,43446,卖盘
1354,11:14:31,5.57,-0.01,20,11140,卖盘
1355,11:14:26,5.58,0.01,359,200322,买盘
1356,11:14:20,5.57,-0.01,29,16153,卖盘
1357,11:14:16,5.58,0.01,89,49662,买盘
1358,11:14:05,5.57,-0.01,1213,675641,卖盘
1359,11:14:01,5.58,--,1,558,买盘
1360,11:13:56,5.58,--,426,237708,买盘
1361,11:13:50,5.58,--,108,60264,买盘
1362,11:13:46,5.58,--,27,15066,买盘
1363,11:13:41,5.58,--,786,438588,买盘
1364,11:13:35,5.58,0.01,362,201996,买盘
1365,11:13:31,5.57,--,10,5570,卖盘
1366,11:13:26,5.57,--,14,7798,卖盘
1367,11:13:20,5.57,-0.01,3,1671,卖盘
1368,11:13:16,5.58,0.01,1682,938556,买盘
1369,11:13:11,5.57,-0.01,216,120312,卖盘
1370,11:13:05,5.58,0.01,405,225990,买盘
1371,11:12:56,5.57,--,13,7241,卖盘
1372,11:12:50,5.57,--,59,32863,卖盘
1373,11:12:41,5.57,--,3074,1712218,卖盘
1374,11:12:35,5.57,--,62,34534,卖盘
1375,11:12:26,5.57,--,620,345340,卖盘
1376,11:12:20,5.57,-0.01,4,2228,卖盘
1377,11:12:16,5.58,0.01,366,204228,买盘
1378,11:12:11,5.57,--,34,18938,卖盘
1379,11:12:05,5.57,-0.01,250,139250,卖盘
1380,11:12:01,5.58,0.01,22,12276,买盘
1381,11:11:56,5.57,--,81,45117,卖盘
1382,11:11:50,5.57,--,504,280728,卖盘
1383,11:11:46,5.57,-0.01,51,28713,卖盘
1384,11:11:41,5.58,--,25,13950,买盘
1385,11:11:35,5.58,--,35,19530,买盘
1386,11:11:31,5.58,--,10,5580,买盘
1387,11:11:26,5.58,0.01,278,155124,买盘
1388,11:11:20,5.57,-0.01,3,1671,卖盘
1389,11:11:16,5.58,--,25,13950,买盘
1390,11:11:11,5.58,--,10,5580,买盘
1391,11:11:05,5.58,0.01,10,5580,买盘
1392,11:11:01,5.57,-0.01,30,16710,卖盘
1393,11:10:56,5.58,0.01,571,318618,买盘
1394,11:10:50,5.57,--,9,5013,卖盘
1395,11:10:41,5.57,-0.01,47,26179,卖盘
1396,11:10:35,5.58,--,45,25110,买盘
1397,11:10:31,5.58,--,328,183024,买盘
1398,11:10:26,5.58,0.01,24,13392,买盘
1399,11:10:20,5.57,-0.01,4,2228,卖盘
1400,11:10:16,5.58,--,109,60822,买盘
1401,11:10:11,5.58,--,47,26226,买盘
1402,11:10:05,5.58,0.01,352,196416,买盘
1403,11:10:01,5.57,--,20,11140,卖盘
1404,11:09:56,5.57,--,75,41775,卖盘
1405,11:09:50,5.57,-0.01,9,5013,卖盘
1406,11:09:46,5.58,--,27,15066,买盘
1407,11:09:41,5.58,--,1028,573624,买盘
1408,11:09:29,5.58,--,31,17298,买盘
1409,11:09:26,5.58,0.01,34,18972,买盘
1410,11:09:20,5.57,-0.01,269,149833,卖盘
1411,11:09:11,5.58,0.01,539,300762,买盘
1412,11:09:05,5.57,-0.01,22,12254,卖盘
1413,11:08:56,5.58,0.01,45,25110,买盘
1414,11:08:50,5.57,-0.01,29,16153,卖盘
1415,11:08:44,5.58,0.01,277,154566,买盘
1416,11:08:40,5.57,-0.01,238,132566,卖盘
1417,11:08:35,5.58,--,335,186930,买盘
1418,11:08:29,5.58,--,13,7254,买盘
1419,11:08:25,5.58,0.01,106,59148,买盘
1420,11:08:20,5.57,-0.01,526,292982,卖盘
1421,11:08:14,5.58,--,3361,1875438,买盘
1422,11:08:10,5.58,--,9,5022,买盘
1423,11:08:05,5.58,0.01,69,38502,买盘
1424,11:07:59,5.57,-0.01,243,135351,卖盘
1425,11:07:55,5.58,0.01,289,161262,买盘
1426,11:07:50,5.57,-0.01,79,44003,卖盘
1427,11:07:44,5.58,0.01,257,143406,买盘
1428,11:07:40,5.57,-0.01,11,6127,卖盘
1429,11:07:35,5.58,--,30,16740,买盘
1430,11:07:29,5.58,0.01,319,178002,买盘
1431,11:07:20,5.57,-0.01,203,113071,卖盘
1432,11:07:14,5.58,--,325,181350,买盘
1433,11:07:10,5.58,--,556,310248,买盘
1434,11:07:05,5.58,--,277,154566,买盘
1435,11:06:59,5.58,--,53,29574,买盘
1436,11:06:55,5.58,0.01,30,16740,买盘
1437,11:06:50,5.57,-0.01,317,176569,卖盘
1438,11:06:44,5.58,--,215,119970,买盘
1439,11:06:40,5.58,--,44,24552,买盘
1440,11:06:35,5.58,0.01,285,159030,买盘
1441,11:06:25,5.57,-0.01,1,557,卖盘
1442,11:06:20,5.58,--,36,20088,买盘
1443,11:06:14,5.58,--,10,5580,买盘
1444,11:06:10,5.58,0.01,323,180234,买盘
1445,11:06:05,5.57,--,176,98032,卖盘
1446,11:05:59,5.57,-0.01,41,22837,卖盘
1447,11:05:50,5.58,--,145,80910,买盘
1448,11:05:44,5.58,0.01,288,160704,买盘
1449,11:05:35,5.57,--,19,10722,卖盘
1450,11:05:28,5.57,--,103,57371,卖盘
1451,11:05:20,5.57,-0.01,313,174341,卖盘
1452,11:05:14,5.58,--,40,22320,买盘
1453,11:05:10,5.58,--,9,5022,买盘
1454,11:05:05,5.58,--,30,16740,买盘
1455,11:04:59,5.58,--,77,42966,买盘
1456,11:04:50,5.58,--,489,272862,买盘
1457,11:04:44,5.58,--,38,21204,买盘
1458,11:04:35,5.58,0.01,186,103788,买盘
1459,11:04:29,5.57,-0.01,879,489603,卖盘
1460,11:04:25,5.58,0.01,400,223200,买盘
1461,11:04:20,5.57,--,4,2228,卖盘
1462,11:04:14,5.57,--,54,30078,卖盘
1463,11:04:10,5.57,-0.01,10,5570,卖盘
1464,11:03:59,5.58,--,351,195858,买盘
1465,11:03:50,5.58,0.01,46,25668,买盘
1466,11:03:44,5.57,--,62,34534,卖盘
1467,11:03:40,5.57,--,20,11140,卖盘
1468,11:03:35,5.57,--,327,182139,卖盘
1469,11:03:29,5.57,-0.01,59,32863,卖盘
1470,11:03:25,5.58,0.01,24,13392,买盘
1471,11:03:20,5.57,-0.01,6,3342,卖盘
1472,11:03:14,5.58,0.01,82,45756,买盘
1473,11:03:10,5.57,-0.01,299,166543,卖盘
1474,11:03:05,5.58,--,187,104346,买盘
1475,11:02:50,5.58,--,25,13950,买盘
1476,11:02:44,5.58,--,384,214272,买盘
1477,11:02:40,5.58,--,100,55800,买盘
1478,11:02:35,5.58,--,17,9486,买盘
1479,11:02:29,5.58,0.01,11,6138,买盘
1480,11:02:20,5.57,-0.01,4,2228,卖盘
1481,11:02:14,5.58,0.01,351,195858,买盘
1482,11:02:08,5.57,--,170,94690,卖盘
1483,11:02:05,5.57,-0.01,23,12811,卖盘
1484,11:01:59,5.58,0.01,38,21204,买盘
1485,11:01:53,5.57,--,53,29521,卖盘
1486,11:01:50,5.57,-0.01,380,211660,卖盘
1487,11:01:44,5.58,--,102,56916,买盘
1488,11:01:38,5.58,--,2,1116,买盘
1489,11:01:34,5.58,0.01,381,212598,买盘
1490,11:01:29,5.57,-0.01,9,5013,卖盘
1491,11:01:23,5.58,0.01,277,154566,买盘
1492,11:01:19,5.57,--,113,62941,卖盘
1493,11:01:14,5.57,--,279,155403,卖盘
1494,11:01:07,5.57,-0.01,1,557,卖盘
1495,11:01:04,5.58,--,42,23436,买盘
1496,11:00:59,5.58,0.01,344,191952,买盘
1497,11:00:53,5.57,--,35,19495,卖盘
1498,11:00:49,5.57,-0.01,16,8912,卖盘
1499,11:00:44,5.58,0.01,165,92070,买盘
1500,11:00:38,5.57,-0.01,1391,774787,卖盘
1501,11:00:34,5.58,0.01,325,181350,买盘
1502,11:00:29,5.57,-0.01,16,8912,卖盘
1503,11:00:23,5.58,0.01,1036,578088,买盘
1504,11:00:19,5.57,-0.01,4,2228,卖盘
1505,11:00:14,5.58,--,70,39060,买盘
1506,11:00:08,5.58,--,381,212598,买盘
1507,11:00:04,5.58,0.01,81,45198,买盘
1508,10:59:59,5.57,-0.01,104,57928,卖盘
1509,10:59:53,5.58,0.01,79,44082,买盘
1510,10:59:49,5.57,-0.01,4,2228,卖盘
1511,10:59:43,5.58,--,104,58032,买盘
1512,10:59:38,5.58,--,349,194742,买盘
1513,10:59:34,5.58,--,2,1116,买盘
1514,10:59:29,5.58,0.01,18,10044,买盘
1515,10:59:23,5.57,--,1011,563127,卖盘
1516,10:59:19,5.57,--,52,28964,卖盘
1517,10:59:14,5.57,-0.01,334,186038,卖盘
1518,10:59:08,5.58,--,30,16740,买盘
1519,10:59:04,5.58,--,28,15624,买盘
1520,10:58:59,5.58,--,666,371628,买盘
1521,10:58:53,5.58,0.01,38,21204,买盘
1522,10:58:49,5.57,-0.01,330,183810,卖盘
1523,10:58:43,5.58,--,307,171306,买盘
1524,10:58:38,5.58,--,44,24552,买盘
1525,10:58:34,5.58,--,7,3906,买盘
1526,10:58:28,5.58,--,131,73098,买盘
1527,10:58:23,5.58,0.01,277,154566,买盘
1528,10:58:19,5.57,--,3,1671,卖盘
1529,10:58:13,5.57,--,319,177683,卖盘
1530,10:58:08,5.57,-0.01,461,256777,卖盘
1531,10:58:04,5.58,--,57,31806,买盘
1532,10:57:58,5.58,0.01,2092,1167336,买盘
1533,10:57:53,5.57,--,43,23951,卖盘
1534,10:57:49,5.57,--,199,110843,卖盘
1535,10:57:44,5.57,-0.01,129,71853,卖盘
1536,10:57:38,5.58,0.01,156,87048,买盘
1537,10:57:34,5.57,--,48,26736,卖盘
1538,10:57:29,5.57,--,803,447271,卖盘
1539,10:57:23,5.57,--,342,190494,卖盘
1540,10:57:19,5.57,-0.01,134,74638,卖盘
1541,10:57:14,5.58,0.01,113,63054,买盘
1542,10:57:08,5.57,-0.01,1477,822689,卖盘
1543,10:57:04,5.58,0.01,390,217620,买盘
1544,10:56:59,5.57,-0.01,71,39547,卖盘
1545,10:56:53,5.58,0.01,126,70308,买盘
1546,10:56:49,5.57,--,223,124211,卖盘
1547,10:56:43,5.57,--,997,555329,卖盘
1548,10:56:38,5.57,--,1022,569254,卖盘
1549,10:56:34,5.57,-0.01,71,39547,卖盘
1550,10:56:28,5.58,--,143,79794,买盘
1551,10:56:22,5.58,0.01,3004,1676232,买盘
1552,10:56:19,5.57,-0.01,140,77980,卖盘
1553,10:56:14,5.58,--,304,169632,买盘
1554,10:56:07,5.58,--,6521,3638718,买盘
1555,10:56:04,5.58,0.01,196,109368,买盘
1556,10:55:58,5.57,-0.01,122,67954,卖盘
1557,10:55:52,5.58,0.01,5966,3329028,买盘
1558,10:55:46,5.57,-0.01,99,55143,卖盘
1559,10:55:43,5.58,--,539,300762,买盘
1560,10:55:38,5.58,--,105,58590,买盘
1561,10:55:31,5.58,--,1101,614358,买盘
1562,10:55:28,5.58,--,124,69192,买盘
1563,10:55:22,5.58,0.01,1762,983196,买盘
1564,10:55:17,5.57,-0.01,189,105273,卖盘
1565,10:55:13,5.58,--,209,116622,买盘
1566,10:55:08,5.58,--,208,116064,买盘
1567,10:55:03,5.58,--,31,17298,买盘
1568,10:54:58,5.58,0.01,486,271188,买盘
1569,10:54:52,5.57,--,501,279057,卖盘
1570,10:54:46,5.57,--,85,47345,卖盘
1571,10:54:43,5.57,--,570,317490,卖盘
1572,10:54:37,5.57,--,91,50687,卖盘
1573,10:54:31,5.57,--,5,2785,卖盘
1574,10:54:28,5.57,-0.01,451,251207,卖盘
1575,10:54:22,5.58,0.01,288,160704,买盘
1576,10:54:16,5.57,-0.01,99,55143,卖盘
1577,10:54:13,5.58,--,84,46872,买盘
1578,10:54:07,5.58,0.01,80,44640,买盘
1579,10:54:01,5.57,-0.01,956,532492,卖盘
1580,10:53:58,5.58,--,10,5580,买盘
1581,10:53:52,5.58,0.01,75,41850,买盘
1582,10:53:46,5.57,-0.01,456,253992,卖盘
1583,10:53:43,5.58,--,1677,935766,买盘
1584,10:53:37,5.58,0.02,847,472988,买盘
1585,10:53:31,5.56,-0.01,10506,5841336,卖盘
1586,10:53:28,5.57,--,58,32306,买盘
1587,10:53:22,5.57,0.01,184,102488,买盘
1588,10:53:16,5.56,--,783,435347,卖盘
1589,10:53:13,5.56,-0.01,331,184036,卖盘
1590,10:53:07,5.57,0.01,528,294096,买盘
1591,10:53:01,5.56,--,355,197380,卖盘
1592,10:52:58,5.56,-0.01,2,1112,卖盘
1593,10:52:52,5.57,0.01,495,275715,买盘
1594,10:52:46,5.56,-0.01,514,285784,卖盘
1595,10:52:43,5.57,0.01,43,23951,买盘
1596,10:52:37,5.56,--,467,259651,卖盘
1597,10:52:31,5.56,--,373,207387,卖盘
1598,10:52:28,5.56,--,15,8340,卖盘
1599,10:52:22,5.56,--,52,28911,卖盘
1600,10:52:16,5.56,-0.01,514,285784,卖盘
1601,10:52:13,5.57,0.01,2482,1382474,买盘
1602,10:52:07,5.56,--,57,31691,卖盘
1603,10:52:01,5.56,-0.01,452,251311,卖盘
1604,10:51:58,5.57,--,26,14482,买盘
1605,10:51:52,5.57,0.01,3103,1728371,买盘
1606,10:51:46,5.56,-0.01,138,76728,卖盘
1607,10:51:43,5.57,0.01,3310,1843670,买盘
1608,10:51:37,5.56,--,75,41700,卖盘
1609,10:51:31,5.56,-0.01,123,68388,卖盘
1610,10:51:28,5.57,--,277,154289,买盘
1611,10:51:22,5.57,0.01,136,75752,买盘
1612,10:51:16,5.56,--,1122,623832,卖盘
1613,10:51:07,5.56,-0.01,285,158460,卖盘
1614,10:51:01,5.57,0.01,724,403268,买盘
1615,10:50:58,5.56,-0.01,20,11120,卖盘
1616,10:50:52,5.57,0.01,738,411066,买盘
1617,10:50:46,5.56,-0.01,157,87292,卖盘
1618,10:50:43,5.57,0.01,165,91905,买盘
1619,10:50:37,5.56,--,378,210167,卖盘
1620,10:50:31,5.56,-0.01,1005,558780,卖盘
1621,10:50:28,5.57,0.01,3,1671,买盘
1622,10:50:22,5.56,--,49,27243,卖盘
1623,10:50:16,5.56,-0.01,300,166800,卖盘
1624,10:50:13,5.57,0.01,2657,1479949,买盘
1625,10:50:07,5.56,-0.01,705,391980,卖盘
1626,10:50:01,5.57,--,572,318604,买盘
1627,10:49:58,5.57,0.01,80,44560,买盘
1628,10:49:52,5.56,--,261,145116,卖盘
1629,10:49:46,5.56,-0.01,140,77840,卖盘
1630,10:49:43,5.57,0.01,364,202748,买盘
1631,10:49:37,5.56,--,266,147896,卖盘
1632,10:49:31,5.56,-0.01,26,14455,卖盘
1633,10:49:28,5.57,0.01,194,108058,买盘
1634,10:49:22,5.56,--,35,19460,卖盘
1635,10:49:16,5.56,--,363,201828,卖盘
1636,10:49:07,5.56,-0.01,2884,1603504,卖盘
1637,10:49:01,5.57,0.01,198,110286,买盘
1638,10:48:57,5.56,--,87,48372,卖盘
1639,10:48:52,5.56,--,339,188484,卖盘
1640,10:48:46,5.56,--,278,154568,卖盘
1641,10:48:43,5.56,--,123,68388,卖盘
1642,10:48:37,5.56,--,12,6671,卖盘
1643,10:48:31,5.56,--,199,110643,卖盘
1644,10:48:27,5.56,-0.01,82,45592,卖盘
1645,10:48:22,5.57,--,391,217787,买盘
1646,10:48:16,5.57,0.01,749,417193,买盘
1647,10:48:12,5.56,--,37,20572,卖盘
1648,10:48:07,5.56,-0.01,120,66720,卖盘
1649,10:48:01,5.57,--,477,265689,买盘
1650,10:47:57,5.57,0.01,1192,663944,买盘
1651,10:47:52,5.56,--,257,142892,卖盘
1652,10:47:46,5.56,--,80,44480,卖盘
1653,10:47:40,5.56,--,129,71724,卖盘
1654,10:47:37,5.56,--,37,20572,卖盘
1655,10:47:31,5.56,--,519,288564,卖盘
1656,10:47:25,5.56,--,7,3891,卖盘
1657,10:47:22,5.56,--,234,130103,卖盘
1658,10:47:16,5.56,--,205,113979,卖盘
1659,10:47:10,5.56,--,109,60603,卖盘
1660,10:47:07,5.56,--,613,340828,卖盘
1661,10:47:01,5.56,--,37,20572,卖盘
1662,10:46:55,5.56,--,12,6671,卖盘
1663,10:46:52,5.56,--,102,56711,卖盘
1664,10:46:46,5.56,--,88,48928,卖盘
1665,10:46:40,5.56,-0.01,123,68388,卖盘
1666,10:46:37,5.57,0.01,337,187709,买盘
1667,10:46:31,5.56,--,172,95632,卖盘
1668,10:46:25,5.56,--,71,39476,卖盘
1669,10:46:22,5.56,--,205,113979,卖盘
1670,10:46:16,5.56,--,534,296904,卖盘
1671,10:46:10,5.56,--,1163,646628,卖盘
1672,10:46:07,5.56,--,200,111199,卖盘
1673,10:46:01,5.56,--,61,33916,卖盘
1674,10:45:55,5.56,--,65,36140,卖盘
1675,10:45:52,5.56,-0.01,7,3891,卖盘
1676,10:45:46,5.57,0.01,769,428333,买盘
1677,10:45:40,5.56,--,337,187372,卖盘
1678,10:45:37,5.56,-0.01,19,10564,卖盘
1679,10:45:31,5.57,0.01,187,104159,买盘
1680,10:45:25,5.56,--,588,326928,卖盘
1681,10:45:16,5.56,--,158,87848,卖盘
1682,10:45:10,5.56,--,438,243527,卖盘
1683,10:45:07,5.56,--,78,43368,卖盘
1684,10:45:01,5.56,--,1763,980227,卖盘
1685,10:44:55,5.56,--,1550,861799,卖盘
1686,10:44:52,5.56,--,5,2780,卖盘
1687,10:44:46,5.56,--,155,86180,卖盘
1688,10:44:40,5.56,--,3,1667,卖盘
1689,10:44:31,5.56,--,553,307468,卖盘
1690,10:44:25,5.56,-0.01,1453,807868,卖盘
1691,10:44:22,5.57,0.01,10,5570,买盘
1692,10:44:16,5.56,-0.01,890,494839,卖盘
1693,10:44:10,5.57,0.01,380,211660,买盘
1694,10:44:07,5.56,--,1427,793412,卖盘
1695,10:44:01,5.56,-0.01,757,420891,卖盘
1696,10:43:55,5.57,--,1786,994802,买盘
1697,10:43:52,5.57,0.01,10,5570,买盘
1698,10:43:46,5.56,-0.01,104,57823,卖盘
1699,10:43:40,5.57,--,442,246194,买盘
1700,10:43:37,5.57,0.01,12,6684,买盘
1701,10:43:31,5.56,--,4128,2295168,卖盘
1702,10:43:25,5.56,-0.01,379,210723,卖盘
1703,10:43:22,5.57,0.01,389,216673,买盘
1704,10:43:16,5.56,-0.01,11325,6296700,卖盘
1705,10:43:10,5.57,--,4679,2606203,买盘
1706,10:43:07,5.57,0.01,80,44560,买盘
1707,10:43:01,5.56,-0.01,9201,5115756,卖盘
1708,10:42:55,5.57,0.01,114,63498,买盘
1709,10:42:52,5.56,--,900,500399,卖盘
1710,10:42:46,5.56,--,722,401432,卖盘
1711,10:42:40,5.56,--,1720,956319,卖盘
1712,10:42:37,5.56,--,1,556,卖盘
1713,10:42:31,5.56,--,145,80620,卖盘
1714,10:42:25,5.56,-0.01,94,52263,卖盘
1715,10:42:21,5.57,0.01,454,252878,买盘
1716,10:42:16,5.56,--,141,78396,卖盘
1717,10:42:10,5.56,--,41,22796,卖盘
1718,10:42:01,5.56,--,332,184592,卖盘
1719,10:41:55,5.56,-0.01,602,334712,卖盘
1720,10:41:51,5.57,0.01,178,99146,买盘
1721,10:41:46,5.56,--,147,81732,卖盘
1722,10:41:40,5.56,--,250,139000,卖盘
1723,10:41:36,5.56,--,12,6671,卖盘
1724,10:41:31,5.56,--,81,45036,卖盘
1725,10:41:25,5.56,--,91,50596,卖盘
1726,10:41:21,5.56,--,95,52819,卖盘
1727,10:41:16,5.56,-0.01,293,162908,卖盘
1728,10:41:10,5.57,--,364,202748,买盘
1729,10:41:06,5.57,0.02,134,74638,买盘
1730,10:41:01,5.55,-0.01,369,204795,卖盘
1731,10:40:55,5.56,-0.01,550,305800,中性盘
1732,10:40:51,5.57,--,5,2785,买盘
1733,10:40:46,5.57,--,1868,1040476,买盘
1734,10:40:40,5.57,--,299,166543,买盘
1735,10:40:36,5.57,0.01,530,295210,买盘
1736,10:40:31,5.56,--,788,438127,卖盘
1737,10:40:25,5.56,-0.01,472,262432,卖盘
1738,10:40:21,5.57,0.01,210,116970,买盘
1739,10:40:16,5.56,--,347,192932,卖盘
1740,10:40:10,5.56,-0.01,1800,1000799,卖盘
1741,10:40:06,5.57,0.01,84,46788,买盘
1742,10:40:01,5.56,-0.01,106,58935,卖盘
1743,10:39:55,5.57,0.01,207,115299,买盘
1744,10:39:49,5.56,--,151,83956,卖盘
1745,10:39:46,5.56,--,300,166800,买盘
1746,10:39:40,5.56,--,174,96744,卖盘
1747,10:39:34,5.56,--,7,3891,卖盘
1748,10:39:31,5.56,--,483,269059,买盘
1749,10:39:25,5.56,--,922,512631,买盘
1750,10:39:19,5.56,--,2,1112,买盘
1751,10:39:16,5.56,--,333,185148,买盘
1752,10:39:10,5.56,0.01,92,51152,买盘
1753,10:39:04,5.55,--,10,5550,卖盘
1754,10:39:01,5.55,-0.01,250,138750,卖盘
1755,10:38:55,5.56,0.01,339,188484,买盘
1756,10:38:46,5.55,--,1091,605505,卖盘
1757,10:38:40,5.55,--,7,3885,卖盘
1758,10:38:31,5.55,-0.01,238,132090,卖盘
1759,10:38:25,5.56,0.01,342,190152,买盘
1760,10:38:16,5.55,--,92,51060,卖盘
1761,10:38:10,5.55,--,17,9435,卖盘
1762,10:38:04,5.55,--,135,74925,卖盘
1763,10:38:01,5.55,--,402,223110,卖盘
1764,10:37:55,5.55,--,79,43845,卖盘
1765,10:37:49,5.55,-0.01,63,34965,卖盘
1766,10:37:46,5.56,0.01,67,37252,买盘
1767,10:37:40,5.55,-0.01,31,17205,卖盘
1768,10:37:34,5.56,--,305,169580,买盘
1769,10:37:25,5.56,0.01,617,343052,买盘
1770,10:37:19,5.55,--,265,147075,卖盘
1771,10:37:10,5.55,--,301,167055,卖盘
1772,10:37:04,5.55,--,163,90465,卖盘
1773,10:36:55,5.55,--,173,96015,卖盘
1774,10:36:49,5.55,--,55,30525,卖盘
1775,10:36:40,5.55,-0.01,434,240870,卖盘
1776,10:36:34,5.56,0.01,72,40032,买盘
1777,10:36:25,5.55,--,172,95460,卖盘
1778,10:36:19,5.55,-0.01,97,53835,卖盘
1779,10:36:16,5.56,0.01,277,154012,买盘
1780,10:36:10,5.55,-0.01,784,435120,卖盘
1781,10:36:04,5.56,0.01,64,35584,买盘
1782,10:35:55,5.55,-0.01,340,188700,卖盘
1783,10:35:49,5.56,0.01,444,246863,买盘
1784,10:35:46,5.55,--,493,273615,卖盘
1785,10:35:40,5.55,--,219,121545,卖盘
1786,10:35:34,5.55,--,1440,799200,卖盘
1787,10:35:30,5.55,--,91,50505,卖盘
1788,10:35:25,5.55,--,955,530025,卖盘
1789,10:35:19,5.55,-0.01,195,108225,卖盘
1790,10:35:16,5.56,0.01,30,16680,买盘
1791,10:35:10,5.55,--,136,75480,卖盘
1792,10:35:04,5.55,--,283,157065,卖盘
1793,10:34:55,5.55,--,329,182595,卖盘
1794,10:34:49,5.55,--,12,6660,卖盘
1795,10:34:40,5.55,-0.01,168,93240,卖盘
1796,10:34:34,5.56,0.01,1376,765056,买盘
1797,10:34:30,5.55,--,111,61605,卖盘
1798,10:34:25,5.55,--,301,167055,卖盘
1799,10:34:19,5.55,--,102,56610,卖盘
1800,10:34:10,5.55,-0.01,468,259740,卖盘
1801,10:34:04,5.56,0.01,171,95076,买盘
1802,10:34:00,5.55,--,22,12210,卖盘
1803,10:33:55,5.55,--,148,82140,卖盘
1804,10:33:49,5.55,-0.01,30,16650,卖盘
1805,10:33:45,5.56,0.01,100,55599,买盘
1806,10:33:40,5.55,-0.01,10295,5713725,卖盘
1807,10:33:34,5.56,--,304,169024,买盘
1808,10:33:30,5.56,0.01,44,24464,买盘
1809,10:33:25,5.55,--,3605,2000775,卖盘
1810,10:33:19,5.55,-0.01,743,412365,卖盘
1811,10:33:15,5.56,0.01,277,154012,买盘
1812,10:33:10,5.55,--,36,19980,卖盘
1813,10:33:04,5.55,--,94,52170,卖盘
1814,10:32:55,5.55,-0.01,205,113775,卖盘
1815,10:32:49,5.56,--,353,196268,买盘
1816,10:32:45,5.56,0.01,170,94520,买盘
1817,10:32:40,5.55,--,152,84360,卖盘
1818,10:32:34,5.55,-0.01,151,83805,卖盘
1819,10:32:30,5.56,0.01,30,16680,买盘
1820,10:32:25,5.55,-0.01,454,251970,卖盘
1821,10:32:19,5.56,0.01,107,59491,买盘
1822,10:32:10,5.55,-0.01,280,155400,卖盘
1823,10:32:04,5.56,0.01,61,33916,买盘
1824,10:32:00,5.55,--,9,4995,卖盘
1825,10:31:55,5.55,-0.01,2604,1445220,卖盘
1826,10:31:49,5.56,0.01,162,90072,买盘
1827,10:31:40,5.55,-0.01,144,79920,卖盘
1828,10:31:34,5.56,--,49,27243,买盘
1829,10:31:28,5.56,0.01,288,160128,买盘
1830,10:31:25,5.55,--,246,136530,卖盘
1831,10:31:19,5.55,-0.01,171,94905,卖盘
1832,10:31:10,5.56,0.01,52,28911,买盘
1833,10:31:04,5.55,-0.01,485,269175,卖盘
1834,10:30:58,5.56,--,154,85624,买盘
1835,10:30:55,5.56,--,284,157904,买盘
1836,10:30:49,5.56,--,114,63383,买盘
1837,10:30:43,5.56,--,649,360844,买盘
1838,10:30:40,5.56,--,705,391980,买盘
1839,10:30:34,5.56,--,2040,1134240,买盘
1840,10:30:28,5.56,--,284,157904,买盘
1841,10:30:25,5.56,--,277,154012,买盘
1842,10:30:19,5.56,0.01,462,256871,买盘
1843,10:30:13,5.55,-0.01,16,8880,卖盘
1844,10:30:10,5.56,--,477,265212,买盘
1845,10:30:04,5.56,0.01,22,12232,买盘
1846,10:29:58,5.55,-0.01,6,3330,卖盘
1847,10:29:55,5.56,0.01,200,111199,买盘
1848,10:29:49,5.55,-0.01,1004,557220,卖盘
1849,10:29:43,5.56,--,289,160684,买盘
1850,10:29:40,5.56,--,14,7783,买盘
1851,10:29:28,5.56,0.01,10,5560,买盘
1852,10:29:25,5.55,-0.01,4,2220,卖盘
1853,10:29:19,5.56,0.01,356,197936,买盘
1854,10:29:13,5.55,-0.01,2340,1298700,卖盘
1855,10:29:04,5.56,--,11,6116,买盘
1856,10:28:58,5.56,--,14,7783,买盘
1857,10:28:55,5.56,0.01,341,189596,买盘
1858,10:28:49,5.55,--,32,17760,买盘
1859,10:28:43,5.55,-0.01,15,8325,中性盘
1860,10:28:40,5.56,0.01,199,110643,买盘
1861,10:28:34,5.55,-0.01,4,2220,卖盘
1862,10:28:28,5.56,0.01,3776,2099817,买盘
1863,10:28:25,5.55,--,134,74370,卖盘
1864,10:28:19,5.55,--,93,51615,卖盘
1865,10:28:13,5.55,-0.01,184,102120,卖盘
1866,10:28:09,5.56,--,160,88960,买盘
1867,10:28:04,5.56,--,180,100080,买盘
1868,10:27:58,5.56,--,380,211279,买盘
1869,10:27:55,5.56,--,203,112867,买盘
1870,10:27:49,5.56,--,427,237411,买盘
1871,10:27:43,5.56,0.01,130,72280,买盘
1872,10:27:39,5.55,-0.01,32,17760,卖盘
1873,10:27:34,5.56,--,313,174028,买盘
1874,10:27:28,5.56,0.01,127,70612,买盘
1875,10:27:19,5.55,-0.01,41,22755,卖盘
1876,10:27:13,5.56,--,493,274108,买盘
1877,10:27:04,5.56,0.01,413,229627,买盘
1878,10:26:58,5.55,--,105,58275,卖盘
1879,10:26:54,5.55,--,140,77700,卖盘
1880,10:26:49,5.55,-0.01,136,75480,卖盘
1881,10:26:43,5.56,0.01,390,216839,买盘
1882,10:26:34,5.55,-0.01,30,16650,中性盘
1883,10:26:28,5.56,--,78,43368,买盘
1884,10:26:24,5.56,0.01,3363,1869827,买盘
1885,10:26:19,5.55,--,445,246975,买盘
1886,10:26:09,5.55,--,8,4440,买盘
1887,10:25:58,5.55,--,209,115995,买盘
1888,10:25:54,5.55,--,382,212404,卖盘
1889,10:25:49,5.55,--,7412,4113660,卖盘
1890,10:25:43,5.55,--,36,19980,卖盘
1891,10:25:34,5.55,--,4,2220,卖盘
1892,10:25:28,5.55,--,290,160950,卖盘
1893,10:25:24,5.55,-0.01,91,50505,卖盘
1894,10:25:19,5.56,--,77,42812,买盘
1895,10:25:09,5.56,0.01,7,3891,买盘
1896,10:25:04,5.55,-0.01,31,17205,卖盘
1897,10:24:58,5.56,--,304,169024,买盘
1898,10:24:54,5.56,--,3,1667,买盘
1899,10:24:49,5.56,0.01,568,315830,买盘
1900,10:24:43,5.55,-0.01,12,6660,卖盘
1901,10:24:39,5.56,0.01,9,5004,买盘
1902,10:24:34,5.55,-0.01,311,172605,卖盘
1903,10:24:28,5.56,--,10,5560,买盘
1904,10:24:24,5.56,0.01,100,55599,买盘
1905,10:24:19,5.55,-0.01,184,102120,卖盘
1906,10:24:13,5.56,0.01,156,86736,买盘
1907,10:24:09,5.55,--,496,275280,卖盘
1908,10:24:04,5.55,--,15,8325,卖盘
1909,10:23:58,5.55,--,127,70485,卖盘
1910,10:23:52,5.55,--,154,85470,卖盘
1911,10:23:49,5.55,--,79,43845,卖盘
1912,10:23:43,5.55,-0.01,841,466755,卖盘
1913,10:23:34,5.56,0.01,57,31691,买盘
1914,10:23:28,5.55,--,166,92130,卖盘
1915,10:23:19,5.55,-0.01,53,29415,卖盘
1916,10:23:13,5.56,0.01,356,197936,买盘
1917,10:23:07,5.55,-0.01,133,73815,卖盘
1918,10:23:04,5.56,0.01,4,2224,买盘
1919,10:22:58,5.55,-0.01,8,4440,卖盘
1920,10:22:52,5.56,0.01,114,63383,买盘
1921,10:22:49,5.55,--,309,171495,卖盘
1922,10:22:43,5.55,--,112,62160,卖盘
1923,10:22:28,5.55,-0.01,83,46065,卖盘
1924,10:22:22,5.56,0.01,658,365848,买盘
1925,10:22:19,5.55,-0.01,3,1665,卖盘
1926,10:22:13,5.56,--,31,17236,买盘
1927,10:22:07,5.56,0.01,226,125655,买盘
1928,10:22:04,5.55,-0.01,50,27750,卖盘
1929,10:21:58,5.56,0.01,405,225179,买盘
1930,10:21:49,5.55,--,13,7215,卖盘
1931,10:21:43,5.55,-0.01,122,67710,卖盘
1932,10:21:37,5.56,0.01,260,144560,买盘
1933,10:21:33,5.55,-0.01,60,33300,卖盘
1934,10:21:28,5.56,--,781,434235,买盘
1935,10:21:22,5.56,0.01,84,46704,买盘
1936,10:21:18,5.55,--,15,8325,卖盘
1937,10:21:13,5.55,-0.01,180,99900,卖盘
1938,10:21:07,5.56,--,342,190152,买盘
1939,10:21:03,5.56,--,203,112867,买盘
1940,10:20:58,5.56,--,174,96744,买盘
1941,10:20:52,5.56,0.01,210,116759,买盘
1942,10:20:48,5.55,-0.01,4,2220,卖盘
1943,10:20:43,5.56,--,293,162908,买盘
1944,10:20:37,5.56,--,10,5560,买盘
1945,10:20:28,5.56,0.01,19,10564,买盘
1946,10:20:22,5.55,-0.01,669,371295,卖盘
1947,10:20:18,5.56,0.01,180,100080,买盘
1948,10:20:13,5.55,-0.01,428,237540,卖盘
1949,10:20:07,5.56,0.01,43,23908,买盘
1950,10:20:03,5.55,--,9,4995,卖盘
1951,10:19:58,5.55,-0.01,48,26640,卖盘
1952,10:19:52,5.56,0.01,20,11120,买盘
1953,10:19:48,5.55,--,398,220890,卖盘
1954,10:19:43,5.55,--,88,48840,卖盘
1955,10:19:37,5.55,--,217,120435,卖盘
1956,10:19:33,5.55,-0.01,3,1665,卖盘
1957,10:19:28,5.56,0.01,230,127879,买盘
1958,10:19:22,5.55,--,380,210900,卖盘
1959,10:19:18,5.55,--,14,7770,卖盘
1960,10:19:13,5.55,--,36,19980,卖盘
1961,10:18:58,5.55,--,322,178710,卖盘
1962,10:18:52,5.55,-0.01,167,92685,卖盘
1963,10:18:48,5.56,--,5,2780,买盘
1964,10:18:43,5.56,--,76,42256,买盘
1965,10:18:37,5.56,0.01,9,5004,买盘
1966,10:18:33,5.55,-0.01,2,1110,卖盘
1967,10:18:28,5.56,0.01,293,162908,买盘
1968,10:18:18,5.55,--,16,8880,卖盘
1969,10:18:13,5.55,--,22,12210,卖盘
1970,10:18:07,5.55,-0.01,132,73260,卖盘
1971,10:18:03,5.56,--,277,154012,买盘
1972,10:17:58,5.56,0.01,43,23908,买盘
1973,10:17:52,5.55,--,104,57720,卖盘
1974,10:17:48,5.55,--,9,4995,卖盘
1975,10:17:43,5.55,-0.01,708,392940,卖盘
1976,10:17:37,5.56,0.01,297,165132,买盘
1977,10:17:28,5.55,-0.01,19,10545,卖盘
1978,10:17:22,5.56,0.01,27,15011,买盘
1979,10:17:18,5.55,--,6,3330,卖盘
1980,10:17:13,5.55,--,428,237540,卖盘
1981,10:17:07,5.55,--,208,115440,卖盘
1982,10:16:58,5.55,-0.01,20,11100,卖盘
1983,10:16:52,5.56,0.01,81,45036,买盘
1984,10:16:48,5.55,--,324,179820,卖盘
1985,10:16:43,5.55,--,153,84915,卖盘
1986,10:16:37,5.55,--,30,16650,卖盘
1987,10:16:33,5.55,--,20,11100,卖盘
1988,10:16:28,5.55,--,207,114885,卖盘
1989,10:16:22,5.55,--,1888,1047840,卖盘
1990,10:16:16,5.55,-0.01,44,24420,卖盘
1991,10:16:13,5.56,--,2,1112,买盘
1992,10:16:07,5.56,--,843,468707,买盘
1993,10:16:01,5.56,0.01,524,291344,买盘
1994,10:15:58,5.55,-0.01,500,277500,卖盘
1995,10:15:52,5.56,0.01,277,154012,买盘
1996,10:15:46,5.55,-0.01,4,2220,卖盘
1997,10:15:43,5.56,0.01,150,83400,买盘
1998,10:15:37,5.55,-0.01,130,72150,卖盘
1999,10:15:31,5.56,0.01,92,51152,买盘
2000,10:15:28,5.55,--,467,259329,卖盘
2001,10:15:22,5.55,--,169,93795,卖盘
2002,10:15:16,5.55,-0.01,14,7770,卖盘
2003,10:15:12,5.56,0.01,50,27799,买盘
2004,10:15:07,5.55,-0.01,172,95460,卖盘
2005,10:15:01,5.56,0.01,385,214059,买盘
2006,10:14:57,5.55,--,50,27750,卖盘
2007,10:14:52,5.55,--,30,16650,卖盘
2008,10:14:46,5.55,--,230,127650,卖盘
2009,10:14:37,5.55,-0.01,312,173160,卖盘
2010,10:14:31,5.56,0.01,51,28355,买盘
2011,10:14:27,5.55,-0.01,1800,999000,卖盘
2012,10:14:22,5.56,0.01,4,2224,买盘
2013,10:14:16,5.55,-0.01,9,4995,卖盘
2014,10:14:12,5.56,--,278,154568,买盘
2015,10:14:07,5.56,0.01,204,113423,买盘
2016,10:14:01,5.55,-0.01,501,278055,卖盘
2017,10:13:57,5.56,--,50,27799,买盘
2018,10:13:52,5.56,0.01,720,400870,买盘
2019,10:13:46,5.55,--,395,219225,卖盘
2020,10:13:42,5.55,-0.01,145,80475,卖盘
2021,10:13:37,5.56,--,383,212947,买盘
2022,10:13:31,5.56,--,281,156236,买盘
2023,10:13:27,5.56,0.01,11,6116,买盘
2024,10:13:22,5.55,-0.01,10,5550,卖盘
2025,10:13:16,5.56,--,340,189040,买盘
2026,10:13:12,5.56,0.01,1,556,买盘
2027,10:13:07,5.55,-0.01,123,68265,卖盘
2028,10:13:01,5.56,0.01,39,21684,买盘
2029,10:12:57,5.55,-0.01,4,2220,卖盘
2030,10:12:52,5.56,0.01,810,450359,买盘
2031,10:12:46,5.55,-0.01,3,1665,卖盘
2032,10:12:42,5.56,0.01,10,5560,买盘
2033,10:12:37,5.55,-0.01,62,34410,卖盘
2034,10:12:31,5.56,--,549,305244,买盘
2035,10:12:27,5.56,0.01,392,217951,买盘
2036,10:12:22,5.55,--,449,249195,卖盘
2037,10:12:16,5.55,--,74,41070,卖盘
2038,10:12:12,5.55,-0.01,359,199245,卖盘
2039,10:12:07,5.56,--,301,167356,买盘
2040,10:12:01,5.56,--,402,223511,买盘
2041,10:11:57,5.56,--,297,165132,买盘
2042,10:11:52,5.56,--,115,63939,买盘
2043,10:11:46,5.56,--,462,256871,买盘
2044,10:11:42,5.56,--,4,2224,买盘
2045,10:11:37,5.56,--,19,10564,买盘
2046,10:11:31,5.56,--,305,169580,买盘
2047,10:11:27,5.56,--,123,68388,买盘
2048,10:11:22,5.56,0.01,393,218507,买盘
2049,10:11:16,5.55,-0.01,207,114885,卖盘
2050,10:11:12,5.56,0.01,242,134552,买盘
2051,10:11:07,5.55,--,943,523747,买盘
2052,10:11:01,5.55,--,689,382395,买盘
2053,10:10:57,5.55,--,198,109890,买盘
2054,10:10:52,5.55,--,2478,1375290,买盘
2055,10:10:46,5.55,--,2295,1273725,买盘
2056,10:10:42,5.55,--,333,184815,买盘
2057,10:10:37,5.55,--,251,139305,买盘
2058,10:10:31,5.55,--,628,348540,买盘
2059,10:10:27,5.55,--,61,33855,买盘
2060,10:10:22,5.55,--,141,78255,买盘
2061,10:10:16,5.55,--,851,472305,买盘
2062,10:10:12,5.55,--,75,41625,买盘
2063,10:10:07,5.55,--,1840,1021200,买盘
2064,10:10:01,5.55,--,280,155400,买盘
2065,10:09:57,5.55,--,215,119325,买盘
2066,10:09:52,5.55,--,665,369075,买盘
2067,10:09:46,5.55,--,612,339660,买盘
2068,10:09:42,5.55,--,10,5550,买盘
2069,10:09:37,5.55,--,2514,1395270,买盘
2070,10:09:31,5.55,--,846,469530,买盘
2071,10:09:25,5.55,--,11,6105,买盘
2072,10:09:22,5.55,--,288,159840,买盘
2073,10:09:16,5.55,--,79,43845,买盘
2074,10:09:10,5.55,0.01,9,4995,买盘
2075,10:09:07,5.54,-0.01,1114,617156,卖盘
2076,10:09:01,5.55,--,579,321345,买盘
2077,10:08:55,5.55,--,281,155955,买盘
2078,10:08:52,5.55,--,237,131535,买盘
2079,10:08:46,5.55,--,224,124320,买盘
2080,10:08:36,5.55,--,419,232545,买盘
2081,10:08:31,5.55,--,2724,1511820,买盘
2082,10:08:25,5.55,--,186,103230,买盘
2083,10:08:21,5.55,-0.01,306,169830,卖盘
2084,10:08:16,5.56,0.01,259,144004,买盘
2085,10:08:10,5.55,--,104,57720,卖盘
2086,10:08:07,5.55,--,304,168720,卖盘
2087,10:08:01,5.55,-0.01,123,68265,卖盘
2088,10:07:55,5.56,0.01,98,54487,买盘
2089,10:07:51,5.55,-0.01,160,88800,卖盘
2090,10:07:46,5.56,--,6485,3605659,买盘
2091,10:07:40,5.56,0.02,13,7227,买盘
2092,10:07:36,5.54,-0.01,100,55400,卖盘
2093,10:07:31,5.55,--,200,111000,卖盘
2094,10:07:25,5.55,0.01,90,49950,买盘
2095,10:07:16,5.54,-0.01,510,282540,卖盘
2096,10:07:10,5.55,--,13083,7261414,卖盘
2097,10:07:06,5.55,-0.01,4,2220,卖盘
2098,10:07:01,5.56,--,237,131772,买盘
2099,10:06:55,5.56,-0.01,76,42256,买盘
2100,10:06:46,5.57,0.01,811,451727,买盘
2101,10:06:40,5.56,--,404,224623,买盘
2102,10:06:36,5.56,--,323,179588,买盘
2103,10:06:31,5.56,--,96,53375,买盘
2104,10:06:25,5.56,-0.01,14,7783,中性盘
2105,10:06:21,5.57,--,5327,2967139,买盘
2106,10:06:16,5.57,0.01,288,160416,买盘
2107,10:06:10,5.56,--,151,83956,卖盘
2108,10:06:06,5.56,-0.01,204,113423,卖盘
2109,10:06:01,5.57,0.01,28,15596,买盘
2110,10:05:55,5.56,-0.01,492,273552,卖盘
2111,10:05:51,5.57,--,3,1671,买盘
2112,10:05:46,5.57,0.01,331,184367,买盘
2113,10:05:40,5.56,--,321,178476,卖盘
2114,10:05:36,5.56,--,30,16680,卖盘
2115,10:05:31,5.56,--,456,253535,卖盘
2116,10:05:25,5.56,--,272,151232,卖盘
2117,10:05:21,5.56,--,341,189596,卖盘
2118,10:05:15,5.56,--,313,174028,卖盘
2119,10:05:10,5.56,--,387,215171,卖盘
2120,10:05:06,5.56,--,10,5560,卖盘
2121,10:05:01,5.56,--,792,440351,卖盘
2122,10:04:55,5.56,--,175,97300,卖盘
2123,10:04:51,5.56,--,30,16680,卖盘
2124,10:04:45,5.56,-0.01,208,115647,卖盘
2125,10:04:40,5.57,0.01,343,191051,买盘
2126,10:04:36,5.56,--,90,50040,卖盘
2127,10:04:30,5.56,--,310,172360,卖盘
2128,10:04:25,5.56,-0.01,317,176252,卖盘
2129,10:04:21,5.57,0.01,12,6684,买盘
2130,10:04:16,5.56,-0.01,235,130659,卖盘
2131,10:04:10,5.57,--,325,181025,买盘
2132,10:04:06,5.57,--,52,28964,买盘
2133,10:04:00,5.57,0.01,15,8355,买盘
2134,10:03:55,5.56,-0.01,24,13343,卖盘
2135,10:03:51,5.57,0.01,256,142592,买盘
2136,10:03:45,5.56,--,389,216283,卖盘
2137,10:03:40,5.56,--,92,51152,卖盘
2138,10:03:36,5.56,--,20,11120,卖盘
2139,10:03:30,5.56,-0.01,572,318032,卖盘
2140,10:03:25,5.57,0.01,130,72410,买盘
2141,10:03:21,5.56,-0.01,254,141224,卖盘
2142,10:03:15,5.57,0.01,30,16710,买盘
2143,10:03:10,5.56,--,11,6116,卖盘
2144,10:03:06,5.56,--,117,65051,卖盘
2145,10:03:00,5.56,-0.01,210,116759,卖盘
2146,10:02:55,5.57,0.01,9,5013,买盘
2147,10:02:51,5.56,-0.01,82,45592,卖盘
2148,10:02:45,5.57,0.01,3,1671,买盘
2149,10:02:40,5.56,--,626,348056,卖盘
2150,10:02:36,5.56,--,20,11120,卖盘
2151,10:02:30,5.56,-0.01,69,38364,卖盘
2152,10:02:25,5.57,0.01,75,41775,买盘
2153,10:02:21,5.56,--,233,129547,卖盘
2154,10:02:15,5.56,-0.01,240,133440,卖盘
2155,10:02:10,5.57,0.01,353,196621,买盘
2156,10:02:05,5.56,--,59,32804,卖盘
2157,10:02:00,5.56,-0.01,19,10564,卖盘
2158,10:01:55,5.57,0.01,243,135351,买盘
2159,10:01:50,5.56,--,584,324704,卖盘
2160,10:01:45,5.56,--,329,182924,卖盘
2161,10:01:40,5.56,--,406,225735,卖盘
2162,10:01:30,5.56,--,1287,715572,卖盘
2163,10:01:25,5.56,--,542,301352,卖盘
2164,10:01:19,5.56,--,157,87292,卖盘
2165,10:01:15,5.56,-0.01,182,101192,卖盘
2166,10:01:10,5.57,--,405,225585,买盘
2167,10:01:04,5.57,0.01,13,7241,买盘
2168,10:01:00,5.56,-0.01,154,85624,卖盘
2169,10:00:55,5.57,--,215,119755,买盘
2170,10:00:49,5.57,--,790,440030,买盘
2171,10:00:45,5.57,--,752,418864,买盘
2172,10:00:40,5.57,--,668,372076,买盘
2173,10:00:34,5.57,0.01,145,80765,买盘
2174,10:00:30,5.56,-0.01,101,56155,卖盘
2175,10:00:25,5.57,0.01,1268,706276,买盘
2176,10:00:19,5.56,--,4368,2428608,买盘
2177,10:00:15,5.56,--,1064,591584,买盘
2178,10:00:10,5.56,--,717,398652,买盘
2179,10:00:04,5.56,--,181,100636,买盘
2180,10:00:00,5.56,--,6,3335,买盘
2181,09:59:55,5.56,--,269,149564,买盘
2182,09:59:49,5.56,0.01,412,229071,买盘
2183,09:59:45,5.55,-0.01,197,109335,卖盘
2184,09:59:40,5.56,--,699,388644,买盘
2185,09:59:34,5.56,--,158,87848,买盘
2186,09:59:30,5.56,--,981,545436,买盘
2187,09:59:25,5.56,0.01,680,378080,买盘
2188,09:59:19,5.55,-0.01,344,190920,卖盘
2189,09:59:15,5.56,--,1051,584356,买盘
2190,09:59:10,5.56,--,13,7227,买盘
2191,09:59:04,5.56,0.01,30,16680,买盘
2192,09:59:00,5.55,--,245,135975,卖盘
2193,09:58:55,5.55,-0.01,870,482850,卖盘
2194,09:58:49,5.56,--,1738,966327,买盘
2195,09:58:45,5.56,0.01,83,46148,买盘
2196,09:58:40,5.55,-0.01,32,17760,卖盘
2197,09:58:34,5.56,--,93,51708,买盘
2198,09:58:30,5.56,--,827,459811,买盘
2199,09:58:24,5.56,0.01,220,122319,买盘
2200,09:58:19,5.55,-0.01,384,213120,卖盘
2201,09:58:15,5.56,--,581,323036,买盘
2202,09:58:09,5.56,-0.01,227,126211,卖盘
2203,09:58:04,5.57,0.01,497,276829,买盘
2204,09:58:00,5.56,--,228,126767,卖盘
2205,09:57:54,5.56,--,422,234631,卖盘
2206,09:57:49,5.56,--,1167,648852,卖盘
2207,09:57:45,5.56,-0.01,80,44480,卖盘
2208,09:57:39,5.57,0.01,2720,1515040,买盘
2209,09:57:34,5.56,-0.01,1534,852903,卖盘
2210,09:57:30,5.57,0.01,259,144263,买盘
2211,09:57:24,5.56,--,992,551552,卖盘
2212,09:57:19,5.56,-0.01,625,347500,卖盘
2213,09:57:15,5.57,0.01,76,42332,买盘
2214,09:57:09,5.56,--,107,59491,卖盘
2215,09:57:04,5.56,-0.01,1020,567120,卖盘
2216,09:57:00,5.57,0.01,714,397698,买盘
2217,09:56:54,5.56,-0.01,108,60047,卖盘
2218,09:56:49,5.57,--,334,186038,买盘
2219,09:56:45,5.57,0.01,1260,701820,买盘
2220,09:56:39,5.56,-0.01,33,18348,卖盘
2221,09:56:34,5.57,--,78,43446,买盘
2222,09:56:30,5.57,0.01,15,8355,买盘
2223,09:56:24,5.56,-0.01,299,166244,卖盘
2224,09:56:19,5.57,--,423,235611,买盘
2225,09:56:15,5.57,--,340,189380,买盘
2226,09:56:09,5.57,0.01,1213,675641,买盘
2227,09:56:04,5.56,--,3384,1881503,买盘
2228,09:56:00,5.56,--,319,177364,买盘
2229,09:55:54,5.56,--,959,533204,买盘
2230,09:55:49,5.56,0.01,284,157904,买盘
2231,09:55:39,5.55,-0.01,393,218475,卖盘
2232,09:55:34,5.56,--,213,118427,买盘
2233,09:55:30,5.56,--,1527,849011,买盘
2234,09:55:24,5.56,--,363,201828,买盘
2235,09:55:19,5.56,--,1810,1006359,买盘
2236,09:55:14,5.56,--,19,10564,买盘
2237,09:55:09,5.56,--,361,200716,买盘
2238,09:55:04,5.56,--,434,241303,买盘
2239,09:54:59,5.56,--,44,24464,买盘
2240,09:54:54,5.56,0.01,1835,1020259,买盘
2241,09:54:49,5.55,-0.01,664,368520,卖盘
2242,09:54:44,5.56,--,32,17792,买盘
2243,09:54:39,5.56,--,518,288008,买盘
2244,09:54:34,5.56,--,351,195156,买盘
2245,09:54:29,5.56,--,1020,567120,买盘
2246,09:54:24,5.56,--,207,115091,买盘
2247,09:54:19,5.56,--,261,145116,买盘
2248,09:54:14,5.56,--,2496,1387776,买盘
2249,09:54:09,5.56,0.01,287,159572,买盘
2250,09:54:04,5.55,--,1809,1003995,卖盘
2251,09:53:59,5.55,--,15,8325,卖盘
2252,09:53:54,5.55,--,60,33300,卖盘
2253,09:53:49,5.55,--,2883,1600464,买盘
2254,09:53:43,5.55,--,1194,662670,买盘
2255,09:53:39,5.55,--,3297,1829835,买盘
2256,09:53:34,5.55,--,154,85470,买盘
2257,09:53:28,5.55,--,8216,4559880,买盘
2258,09:53:24,5.55,0.01,591,328005,买盘
2259,09:53:19,5.54,-0.01,764,423256,卖盘
2260,09:53:09,5.55,0.01,112,62160,买盘
2261,09:53:04,5.54,--,780,432120,卖盘
2262,09:52:58,5.54,-0.01,95,52630,卖盘
2263,09:52:49,5.55,--,227,125985,买盘
2264,09:52:43,5.55,0.01,600,333000,买盘
2265,09:52:34,5.54,-0.01,446,247084,卖盘
2266,09:52:28,5.55,--,233,129315,买盘
2267,09:52:24,5.55,0.02,158,87690,买盘
2268,09:52:19,5.53,-0.02,1442,797426,卖盘
2269,09:52:13,5.55,0.01,1530,849150,买盘
2270,09:52:09,5.54,-0.01,1060,587240,卖盘
2271,09:52:04,5.55,0.02,1604,890220,买盘
2272,09:51:58,5.53,-0.01,714,394842,卖盘
2273,09:51:54,5.54,--,421,233234,买盘
2274,09:51:49,5.54,0.01,349,193346,买盘
2275,09:51:43,5.53,-0.01,712,393736,卖盘
2276,09:51:39,5.54,0.01,367,203318,买盘
2277,09:51:33,5.53,-0.01,1484,820652,卖盘
2278,09:51:28,5.54,0.01,252,139608,买盘
2279,09:51:18,5.53,--,64,35392,卖盘
2280,09:51:13,5.53,--,313,173089,卖盘
2281,09:51:03,5.53,--,970,536410,卖盘
2282,09:50:58,5.53,-0.01,198,109494,卖盘
2283,09:50:54,5.54,--,40,22160,买盘
2284,09:50:48,5.54,--,479,265366,买盘
2285,09:50:43,5.54,--,348,192792,买盘
2286,09:50:39,5.54,0.01,8,4432,买盘
2287,09:50:33,5.53,-0.02,547,302491,卖盘
2288,09:50:28,5.55,--,408,226440,买盘
2289,09:50:18,5.55,--,760,421800,买盘
2290,09:50:13,5.55,0.01,316,175380,买盘
2291,09:50:09,5.54,0.01,35,19390,买盘
2292,09:50:03,5.53,--,210,116130,卖盘
2293,09:49:58,5.53,-0.01,347,191891,卖盘
2294,09:49:53,5.54,--,481,266474,卖盘
2295,09:49:48,5.54,-0.01,300,166200,卖盘
2296,09:49:43,5.55,0.01,595,330225,买盘
2297,09:49:39,5.54,--,5,2770,买盘
2298,09:49:33,5.54,0.01,183,101382,买盘
2299,09:49:28,5.53,-0.01,166,91798,卖盘
2300,09:49:24,5.54,0.01,330,182820,卖盘
2301,09:49:18,5.53,--,308,170324,卖盘
2302,09:49:13,5.53,-0.01,246,136038,卖盘
2303,09:49:08,5.54,--,60,33240,买盘
2304,09:49:03,5.54,--,132,73128,买盘
2305,09:48:58,5.54,--,336,186144,买盘
2306,09:48:53,5.54,--,578,320212,卖盘
2307,09:48:48,5.54,-0.01,73,40442,卖盘
2308,09:48:43,5.55,--,294,163170,买盘
2309,09:48:38,5.55,0.02,182,101010,买盘
2310,09:48:33,5.53,-0.01,1015,561295,卖盘
2311,09:48:28,5.54,--,741,410635,买盘
2312,09:48:23,5.54,--,91,50414,买盘
2313,09:48:18,5.54,--,242,134068,买盘
2314,09:48:13,5.54,--,557,308578,买盘
2315,09:48:08,5.54,0.01,50,27700,买盘
2316,09:48:03,5.53,-0.01,282,155946,卖盘
2317,09:47:58,5.54,--,379,209966,买盘
2318,09:47:53,5.54,0.01,255,141270,买盘
2319,09:47:48,5.53,-0.01,531,293643,卖盘
2320,09:47:43,5.54,--,121,67034,卖盘
2321,09:47:38,5.54,0.01,20,11080,中性盘
2322,09:47:33,5.53,-0.01,284,157052,卖盘
2323,09:47:28,5.54,--,606,336133,卖盘
2324,09:47:23,5.54,--,30,16620,卖盘
2325,09:47:18,5.54,--,101,55954,卖盘
2326,09:47:13,5.54,--,273,151242,卖盘
2327,09:47:08,5.54,--,15,8310,卖盘
2328,09:47:03,5.54,-0.01,345,191130,卖盘
2329,09:46:58,5.55,0.01,877,486735,买盘
2330,09:46:53,5.54,-0.01,13,7202,卖盘
2331,09:46:48,5.55,0.01,790,438450,买盘
2332,09:46:43,5.54,--,451,249854,卖盘
2333,09:46:38,5.54,--,50,27700,卖盘
2334,09:46:33,5.54,--,1428,791112,卖盘
2335,09:46:28,5.54,--,1484,822136,卖盘
2336,09:46:23,5.54,--,396,219799,卖盘
2337,09:46:18,5.54,-0.01,414,229356,卖盘
2338,09:46:13,5.55,0.01,751,416805,买盘
2339,09:46:08,5.54,-0.01,1045,578930,卖盘
2340,09:46:03,5.55,--,462,256410,买盘
2341,09:45:58,5.55,--,160,88800,买盘
2342,09:45:52,5.55,0.01,381,211455,买盘
2343,09:45:48,5.54,--,398,220492,卖盘
2344,09:45:43,5.54,-0.01,216,119664,卖盘
2345,09:45:37,5.55,0.01,138,76590,买盘
2346,09:45:33,5.54,-0.01,185,102490,卖盘
2347,09:45:28,5.55,0.01,566,314130,买盘
2348,09:45:22,5.54,--,89,49306,卖盘
2349,09:45:18,5.54,--,447,247638,卖盘
2350,09:45:13,5.54,--,184,101936,卖盘
2351,09:45:07,5.54,-0.01,182,100828,卖盘
2352,09:45:03,5.55,0.01,361,200355,买盘
2353,09:44:57,5.54,--,641,355114,卖盘
2354,09:44:52,5.54,--,130,72020,卖盘
2355,09:44:48,5.54,--,110,60940,卖盘
2356,09:44:42,5.54,--,2249,1245946,卖盘
2357,09:44:37,5.54,--,137,75898,卖盘
2358,09:44:33,5.54,--,70,38780,卖盘
2359,09:44:27,5.54,-0.01,1052,582808,卖盘
2360,09:44:22,5.55,--,70,38850,买盘
2361,09:44:18,5.55,0.01,92,51060,买盘
2362,09:44:12,5.54,--,61,33794,卖盘
2363,09:44:07,5.54,--,214,118561,卖盘
2364,09:44:03,5.54,-0.01,108,59832,卖盘
2365,09:43:57,5.55,0.01,74,41070,买盘
2366,09:43:52,5.54,-0.01,68,37672,卖盘
2367,09:43:48,5.55,--,82,45510,买盘
2368,09:43:42,5.55,0.01,437,242535,买盘
2369,09:43:37,5.54,-0.01,101,55954,卖盘
2370,09:43:33,5.55,0.01,291,161505,买盘
2371,09:43:27,5.54,--,507,280878,卖盘
2372,09:43:22,5.54,--,31,17174,卖盘
2373,09:43:12,5.54,--,91,50414,卖盘
2374,09:43:07,5.54,--,145,80330,卖盘
2375,09:43:03,5.54,-0.01,300,166200,卖盘
2376,09:42:57,5.55,--,91,50505,买盘
2377,09:42:52,5.55,--,219,121545,买盘
2378,09:42:42,5.55,0.01,366,203130,买盘
2379,09:42:37,5.54,-0.01,87,48198,卖盘
2380,09:42:33,5.55,--,78,43290,买盘
2381,09:42:27,5.55,0.01,345,191475,买盘
2382,09:42:22,5.54,-0.01,182,100828,卖盘
2383,09:42:12,5.55,0.01,579,321345,买盘
2384,09:42:07,5.54,-0.01,453,250962,卖盘
2385,09:42:02,5.55,0.01,80,44400,买盘
2386,09:41:57,5.54,-0.01,605,335170,卖盘
2387,09:41:52,5.55,--,100,55500,买盘
2388,09:41:42,5.55,0.01,1830,1015650,买盘
2389,09:41:37,5.54,-0.01,20,11080,卖盘
2390,09:41:32,5.55,0.01,71,39405,买盘
2391,09:41:27,5.54,-0.01,78,43212,卖盘
2392,09:41:22,5.55,--,200,111000,买盘
2393,09:41:17,5.55,0.01,80,44400,买盘
2394,09:41:12,5.54,-0.01,2029,1124066,卖盘
2395,09:41:07,5.55,--,97,53835,买盘
2396,09:41:02,5.55,--,95,52725,买盘
2397,09:40:57,5.55,0.01,23,12765,买盘
2398,09:40:52,5.54,-0.01,22,12188,卖盘
2399,09:40:47,5.55,--,182,101010,买盘
2400,09:40:42,5.55,0.01,191,106005,买盘
2401,09:40:37,5.54,-0.01,419,232126,卖盘
2402,09:40:32,5.55,--,2,1110,买盘
2403,09:40:27,5.55,--,52,28860,买盘
2404,09:40:22,5.55,--,155,86025,买盘
2405,09:40:17,5.55,--,99,54945,买盘
2406,09:40:12,5.55,0.01,324,179820,买盘
2407,09:40:07,5.54,--,964,534056,卖盘
2408,09:40:02,5.54,-0.01,701,388631,卖盘
2409,09:39:57,5.55,--,2119,1176045,买盘
2410,09:39:52,5.55,0.01,206,114330,买盘
2411,09:39:47,5.54,--,1,554,卖盘
2412,09:39:42,5.54,--,343,190022,卖盘
2413,09:39:37,5.54,-0.01,627,347358,卖盘
2414,09:39:32,5.55,--,2,1110,买盘
2415,09:39:27,5.55,--,223,123765,买盘
2416,09:39:22,5.55,0.01,530,294150,买盘
2417,09:39:17,5.54,-0.01,60,33240,卖盘
2418,09:39:12,5.55,--,464,257520,买盘
2419,09:39:02,5.55,0.01,102,56610,买盘
2420,09:38:57,5.54,--,10,5540,卖盘
2421,09:38:52,5.54,--,15,8310,卖盘
2422,09:38:47,5.54,--,163,90302,买盘
2423,09:38:42,5.54,--,145,80330,买盘
2424,09:38:37,5.54,0.01,125,69250,买盘
2425,09:38:32,5.53,-0.01,471,260463,卖盘
2426,09:38:27,5.54,--,95,52630,买盘
2427,09:38:22,5.54,--,211,116894,买盘
2428,09:38:16,5.54,--,242,134068,买盘
2429,09:38:12,5.54,0.01,853,472562,买盘
2430,09:38:06,5.53,-0.01,1016,561848,卖盘
2431,09:38:01,5.54,0.01,438,242929,买盘
2432,09:37:57,5.53,--,326,180278,卖盘
2433,09:37:51,5.53,--,189,104517,卖盘
2434,09:37:46,5.53,-0.01,16,8848,卖盘
2435,09:37:42,5.54,--,902,499708,买盘
2436,09:37:36,5.54,--,335,185590,买盘
2437,09:37:31,5.54,--,282,156228,买盘
2438,09:37:27,5.54,-0.01,6916,3831464,卖盘
2439,09:37:21,5.55,--,25,13875,买盘
2440,09:37:16,5.55,--,151,83805,买盘
2441,09:37:12,5.55,0.01,96,53280,买盘
2442,09:37:06,5.54,--,286,158721,卖盘
2443,09:37:01,5.54,-0.01,433,239882,卖盘
2444,09:36:57,5.55,--,42,23310,买盘
2445,09:36:51,5.55,--,254,140970,买盘
2446,09:36:46,5.55,--,1768,981240,买盘
2447,09:36:36,5.55,--,301,167055,买盘
2448,09:36:31,5.55,0.01,49,27195,买盘
2449,09:36:27,5.54,--,3,1662,卖盘
2450,09:36:21,5.54,--,947,524915,卖盘
2451,09:36:16,5.54,--,15,8310,卖盘
2452,09:36:06,5.54,--,44,24376,买盘
2453,09:36:01,5.54,--,189,104706,卖盘
2454,09:35:56,5.54,-0.01,30,16620,卖盘
2455,09:35:51,5.55,--,25,13875,买盘
2456,09:35:46,5.55,0.01,205,113775,买盘
2457,09:35:41,5.54,0.01,202,111908,中性盘
2458,09:35:36,5.53,-0.01,1575,871478,卖盘
2459,09:35:31,5.54,--,278,154012,买盘
2460,09:35:27,5.54,--,240,132960,买盘
2461,09:35:21,5.54,--,1309,725186,买盘
2462,09:35:16,5.54,--,781,432674,买盘
2463,09:35:11,5.54,--,372,206088,买盘
2464,09:35:06,5.54,--,2591,1435414,买盘
2465,09:35:01,5.54,0.01,502,278108,买盘
2466,09:34:56,5.53,-0.01,158,87374,卖盘
2467,09:34:51,5.54,--,559,309686,买盘
2468,09:34:46,5.54,--,10,5540,买盘
2469,09:34:41,5.54,0.01,311,172294,买盘
2470,09:34:36,5.53,--,1563,864388,卖盘
2471,09:34:31,5.53,-0.01,449,248297,卖盘
2472,09:34:26,5.54,--,565,313010,买盘
2473,09:34:21,5.54,--,1917,1062295,买盘
2474,09:34:16,5.54,0.01,236,130744,买盘
2475,09:34:11,5.53,-0.01,871,481663,卖盘
2476,09:34:06,5.54,0.01,532,294728,买盘
2477,09:34:01,5.53,--,587,324611,卖盘
2478,09:33:56,5.53,-0.01,10,5530,卖盘
2479,09:33:51,5.54,0.01,324,179496,买盘
2480,09:33:46,5.53,--,342,189126,卖盘
2481,09:33:41,5.53,-0.01,258,142674,卖盘
2482,09:33:36,5.54,0.01,2002,1109108,买盘
2483,09:33:31,5.53,-0.01,559,309127,卖盘
2484,09:33:26,5.54,--,58,32132,买盘
2485,09:33:16,5.54,0.01,542,300268,买盘
2486,09:33:06,5.53,-0.01,55,30415,卖盘
2487,09:33:01,5.54,0.01,348,192792,买盘
2488,09:32:56,5.53,--,200,110600,卖盘
2489,09:32:51,5.53,--,82,45346,卖盘
2490,09:32:46,5.53,--,229,126637,卖盘
2491,09:32:41,5.53,--,3,1659,卖盘
2492,09:32:36,5.53,-0.01,2459,1359827,卖盘
2493,09:32:31,5.54,--,303,167862,买盘
2494,09:32:21,5.54,0.01,80,44320,买盘
2495,09:32:16,5.53,-0.01,115,63595,卖盘
2496,09:32:11,5.54,--,302,167308,买盘
2497,09:32:06,5.54,0.01,1691,937312,买盘
2498,09:32:01,5.53,--,154,85162,卖盘
2499,09:31:56,5.53,-0.01,212,117236,卖盘
2500,09:31:51,5.54,0.01,1495,828423,买盘
2501,09:31:46,5.53,-0.01,2481,1372081,卖盘
2502,09:31:41,5.54,--,54,29916,买盘
2503,09:31:36,5.54,--,450,249300,买盘
2504,09:31:30,5.54,--,545,301930,买盘
2505,09:31:26,5.54,--,63,34902,买盘
2506,09:31:21,5.54,0.01,106,58724,买盘
2507,09:31:15,5.53,--,301,166453,卖盘
2508,09:31:11,5.53,--,10,5530,卖盘
2509,09:31:06,5.53,--,139,76867,卖盘
2510,09:31:00,5.53,--,84,46452,卖盘
2511,09:30:56,5.53,0.01,260,143780,买盘
2512,09:30:51,5.52,-0.02,2496,1377792,卖盘
2513,09:30:45,5.54,0.01,1269,703026,买盘
2514,09:30:41,5.53,--,145,80185,卖盘
2515,09:30:36,5.53,--,628,347284,卖盘
2516,09:30:30,5.53,-0.01,314,173642,卖盘
2517,09:30:25,5.54,0.01,177,98058,买盘
2518,09:30:21,5.53,-0.01,333,184149,卖盘
2519,09:30:15,5.54,0.01,79,43766,买盘
2520,09:30:10,5.53,--,1266,700098,买盘
2521,09:30:06,5.53,--,2922,1615866,买盘
2522,09:30:00,5.53,0.01,100,55300,买盘
2523,09:28:51,5.52,--,0,0,卖盘
2524,09:25:07,5.52,5.52,4754,2624208,买盘
