,time,price,change,volume,amount,type
0,15:00:20,23.89,0.01,2004,4787556,卖盘
1,14:58:53,23.88,--,0,0,卖盘
2,14:56:59,23.88,0.01,17,40596,买盘
3,14:56:56,23.87,-0.01,8,19096,卖盘
4,14:56:53,23.88,-0.01,9,21492,卖盘
5,14:56:47,23.89,0.01,77,183953,买盘
6,14:56:44,23.88,-0.01,11,26268,买盘
7,14:56:38,23.89,--,3,7167,买盘
8,14:56:35,23.89,0.01,9,21501,买盘
9,14:56:32,23.88,--,23,55879,卖盘
10,14:56:29,23.88,-0.01,15,35820,卖盘
11,14:56:26,23.89,--,28,66892,买盘
12,14:56:23,23.89,0.01,22,52558,买盘
13,14:56:20,23.88,--,10,23880,卖盘
14,14:56:17,23.88,-0.01,3,7164,卖盘
15,14:56:11,23.89,--,27,64503,买盘
16,14:56:08,23.89,--,10,23890,买盘
17,14:56:05,23.89,--,5,11945,买盘
18,14:56:02,23.89,0.01,39,93171,买盘
19,14:55:59,23.88,-0.01,112,267456,卖盘
20,14:55:56,23.89,--,1,2389,买盘
21,14:55:53,23.89,--,66,159107,买盘
22,14:55:50,23.89,0.01,29,69281,买盘
23,14:55:47,23.88,--,121,288948,卖盘
24,14:55:41,23.88,-0.01,4,9552,卖盘
25,14:55:35,23.89,0.01,100,238900,买盘
26,14:55:29,23.88,0.01,61,145668,买盘
27,14:55:26,23.87,--,4,9548,卖盘
28,14:55:23,23.87,-0.01,4,9548,卖盘
29,14:55:20,23.88,--,1,2388,买盘
30,14:55:17,23.88,0.02,21,50148,买盘
31,14:55:14,23.86,--,41,97826,卖盘
32,14:55:11,23.86,-0.02,44,106224,卖盘
33,14:55:08,23.88,0.02,1,2388,买盘
34,14:55:05,23.86,-0.02,32,76352,卖盘
35,14:55:02,23.88,0.02,6,14328,买盘
36,14:54:59,23.86,-0.02,27,64422,卖盘
37,14:54:53,23.88,0.01,4,9552,买盘
38,14:54:50,23.87,--,6,14322,卖盘
39,14:54:47,23.87,-0.01,12,28644,中性盘
40,14:54:38,23.88,0.01,34,81192,买盘
41,14:54:35,23.87,--,12,28644,买盘
42,14:54:29,23.87,-0.01,72,171864,卖盘
43,14:54:23,23.88,0.01,100,238800,买盘
44,14:54:17,23.87,--,4,9548,卖盘
45,14:54:14,23.87,--,13,31031,买盘
46,14:54:11,23.87,0.01,34,81158,买盘
47,14:54:05,23.86,-0.01,9,21474,卖盘
48,14:54:02,23.87,--,2,4774,买盘
49,14:53:59,23.87,--,8,19096,买盘
50,14:53:56,23.87,--,28,67790,买盘
51,14:53:44,23.87,-0.01,3,7161,卖盘
52,14:53:35,23.88,--,23,54924,买盘
53,14:53:29,23.88,--,22,54661,卖盘
54,14:53:23,23.88,--,7,16978,买盘
55,14:53:20,23.88,0.03,1,2388,买盘
56,14:53:11,23.85,-0.04,36,87338,卖盘
57,14:53:08,23.89,0.01,1,2389,买盘
58,14:53:05,23.88,0.03,100,238800,买盘
59,14:52:56,23.85,-0.02,2,4770,卖盘
60,14:52:53,23.87,0.01,10,23870,买盘
61,14:52:41,23.86,0.01,1,2386,买盘
62,14:52:32,23.85,--,32,77083,卖盘
63,14:52:29,23.85,0.03,184,438983,买盘
64,14:52:26,23.82,-0.02,20,47640,卖盘
65,14:52:20,23.84,--,50,119200,买盘
66,14:52:11,23.84,0.02,81,193104,买盘
67,14:52:05,23.82,-0.02,8,19056,卖盘
68,14:52:02,23.84,0.03,12,28608,买盘
69,14:51:50,23.81,-0.03,24,58096,卖盘
70,14:51:47,23.84,0.02,227,541168,买盘
71,14:51:41,23.82,--,1,2382,买盘
72,14:51:38,23.82,--,67,159594,买盘
73,14:51:32,23.82,--,11,26202,买盘
74,14:51:29,23.82,--,8,19056,买盘
75,14:51:26,23.82,-0.01,68,162928,卖盘
76,14:51:20,23.83,0.01,3,7148,买盘
77,14:51:14,23.82,--,26,63361,买盘
78,14:51:11,23.82,--,1,2382,买盘
79,14:51:08,23.82,0.01,10,23820,买盘
80,14:50:59,23.81,--,5,11905,买盘
81,14:50:56,23.81,-0.01,65,154765,卖盘
82,14:50:44,23.82,--,1,2382,买盘
83,14:50:41,23.82,--,1,2382,买盘
84,14:50:38,23.82,--,12,28584,买盘
85,14:50:35,23.82,--,4,9528,买盘
86,14:50:32,23.82,--,18,42876,卖盘
87,14:50:29,23.82,--,6,14292,卖盘
88,14:50:26,23.82,--,5,11910,卖盘
89,14:50:17,23.82,--,3,7146,买盘
90,14:50:14,23.82,-0.01,5,11910,买盘
91,14:50:11,23.83,0.03,4,9532,买盘
92,14:50:05,23.8,-0.02,4,9520,卖盘
93,14:50:02,23.82,--,1,2382,买盘
94,14:49:53,23.82,--,7,16674,买盘
95,14:49:50,23.82,-0.01,28,66696,卖盘
96,14:49:47,23.83,--,10,23830,买盘
97,14:49:44,23.83,--,3,7148,买盘
98,14:49:41,23.83,--,10,23830,买盘
99,14:49:38,23.83,--,5,11915,买盘
100,14:49:32,23.83,0.03,3,7148,买盘
101,14:49:26,23.8,-0.03,10,23800,卖盘
102,14:49:23,23.83,0.04,40,95320,买盘
103,14:49:14,23.79,-0.04,35,83598,卖盘
104,14:49:11,23.83,--,35,83405,买盘
105,14:49:08,23.83,0.04,74,176342,买盘
106,14:49:05,23.79,--,19,45201,卖盘
107,14:49:02,23.79,0.01,3,7137,中性盘
108,14:48:56,23.78,--,5,11890,卖盘
109,14:48:53,23.78,--,2,4756,卖盘
110,14:48:47,23.78,--,205,488108,买盘
111,14:48:44,23.78,0.02,91,216398,买盘
112,14:48:41,23.76,-0.02,20,47520,卖盘
113,14:48:38,23.78,0.02,65,154570,买盘
114,14:48:35,23.76,--,40,96774,卖盘
115,14:48:32,23.76,-0.01,81,194261,卖盘
116,14:48:29,23.77,--,21,49917,卖盘
117,14:48:23,23.77,--,61,144997,卖盘
118,14:48:20,23.77,-0.01,24,57048,卖盘
119,14:48:17,23.78,0.02,16,38048,买盘
120,14:48:14,23.76,--,51,121176,卖盘
121,14:48:07,23.76,-0.02,77,182952,卖盘
122,14:48:01,23.78,--,37,87986,买盘
123,14:47:58,23.78,0.02,11,26158,买盘
124,14:47:55,23.76,--,1,2376,卖盘
125,14:47:52,23.76,--,112,267703,卖盘
126,14:47:49,23.76,-0.02,29,68904,卖盘
127,14:47:43,23.78,--,5,11890,买盘
128,14:47:37,23.78,--,102,242556,买盘
129,14:47:31,23.78,--,23,54694,买盘
130,14:47:28,23.78,0.02,27,64206,买盘
131,14:47:22,23.76,-0.02,61,144936,卖盘
132,14:47:19,23.78,0.02,18,42804,买盘
133,14:47:16,23.76,-0.02,89,211464,卖盘
134,14:47:13,23.78,--,104,248857,买盘
135,14:47:07,23.78,--,73,173594,买盘
136,14:47:04,23.78,--,5,11890,买盘
137,14:47:01,23.78,--,240,570720,卖盘
138,14:46:58,23.78,-0.02,2,5659,买盘
139,14:46:55,23.8,0.02,46,110955,卖盘
140,14:46:52,23.78,--,108,257727,买盘
141,14:46:49,23.78,--,17,40426,买盘
142,14:46:46,23.78,-0.05,563,1340288,卖盘
143,14:46:43,23.83,0.03,14,33362,买盘
144,14:46:40,23.8,0.01,3,7140,买盘
145,14:46:37,23.79,-0.01,5,11895,卖盘
146,14:46:34,23.8,0.01,7,16660,中性盘
147,14:46:28,23.79,--,46,109434,卖盘
148,14:46:25,23.79,--,18,42822,卖盘
149,14:46:19,23.79,-0.04,37,88023,卖盘
150,14:46:16,23.83,0.04,28,66724,买盘
151,14:46:10,23.79,--,121,289048,卖盘
152,14:46:07,23.79,--,126,299754,卖盘
153,14:45:58,23.79,--,36,85644,卖盘
154,14:45:55,23.79,--,43,102297,卖盘
155,14:45:52,23.79,-0.01,195,465760,卖盘
156,14:45:49,23.8,--,83,199015,卖盘
157,14:45:46,23.8,--,10,24704,买盘
158,14:45:43,23.8,--,15,35700,买盘
159,14:45:40,23.8,0.01,61,145180,买盘
160,14:45:34,23.79,-0.01,18,42822,卖盘
161,14:45:31,23.8,0.01,30,71400,买盘
162,14:45:28,23.79,-0.01,62,148972,卖盘
163,14:45:22,23.8,--,54,129424,买盘
164,14:45:19,23.8,0.02,10,23800,买盘
165,14:45:13,23.78,-0.02,17,40426,卖盘
166,14:45:10,23.8,--,110,261800,卖盘
167,14:45:07,23.8,--,15,35700,卖盘
168,14:45:04,23.8,0.02,9,21420,卖盘
169,14:45:01,23.78,--,55,130790,卖盘
170,14:44:52,23.78,-0.05,28,66584,卖盘
171,14:44:46,23.83,--,4,9532,买盘
172,14:44:43,23.83,--,32,76256,买盘
173,14:44:40,23.83,0.05,2,4766,买盘
174,14:44:37,23.78,-0.01,96,228811,卖盘
175,14:44:31,23.79,-0.04,19,45201,卖盘
176,14:44:28,23.83,0.05,28,66724,买盘
177,14:44:25,23.78,--,51,121278,卖盘
178,14:44:22,23.78,-0.05,102,242556,卖盘
179,14:44:19,23.83,0.03,1,2383,买盘
180,14:44:10,23.8,0.02,36,85680,卖盘
181,14:44:07,23.78,-0.05,35,83230,卖盘
182,14:44:01,23.83,0.03,54,128681,买盘
183,14:43:58,23.8,--,30,72423,买盘
184,14:43:55,23.8,0.01,124,297238,买盘
185,14:43:49,23.79,--,60,142740,卖盘
186,14:43:46,23.79,-0.01,13,30927,卖盘
187,14:43:43,23.8,-0.03,12,28560,中性盘
188,14:43:40,23.83,0.04,25,59574,买盘
189,14:43:37,23.79,--,18,42822,卖盘
190,14:43:31,23.79,--,39,92781,卖盘
191,14:43:28,23.79,--,2,4758,卖盘
192,14:43:22,23.79,--,43,103914,买盘
193,14:43:19,23.79,--,101,241040,卖盘
194,14:43:16,23.79,0.01,37,89640,买盘
195,14:43:13,23.78,-0.01,139,331207,卖盘
196,14:43:10,23.79,--,2,4758,买盘
197,14:43:04,23.79,--,41,97539,买盘
198,14:42:58,23.79,0.01,12,28548,买盘
199,14:42:55,23.78,-0.01,66,156948,卖盘
200,14:42:52,23.79,--,174,413946,买盘
201,14:42:46,23.79,--,48,114192,买盘
202,14:42:43,23.79,0.01,55,130845,买盘
203,14:42:40,23.78,-0.01,27,64206,卖盘
204,14:42:37,23.79,0.01,11,26169,买盘
205,14:42:34,23.78,-0.01,8,19024,卖盘
206,14:42:31,23.79,0.01,40,95160,卖盘
207,14:42:25,23.78,-0.04,18,42804,卖盘
208,14:42:22,23.82,0.04,11,26202,买盘
209,14:42:16,23.78,-0.04,59,140302,卖盘
210,14:42:10,23.82,0.04,1,2382,中性盘
211,14:41:58,23.78,-0.05,82,194996,卖盘
212,14:41:52,23.83,0.05,2,4766,买盘
213,14:41:49,23.78,-0.05,40,96546,卖盘
214,14:41:43,23.83,0.06,3,7148,买盘
215,14:41:40,23.77,0.01,75,178275,中性盘
216,14:41:34,23.76,-0.07,74,175824,卖盘
217,14:41:31,23.83,--,1,2383,买盘
218,14:41:28,23.83,0.06,1,2383,卖盘
219,14:41:25,23.77,-0.06,95,225815,卖盘
220,14:41:22,23.83,0.06,10,23830,买盘
221,14:41:19,23.77,-0.01,43,102211,卖盘
222,14:41:13,23.78,-0.05,154,367163,卖盘
223,14:41:10,23.83,0.05,29,69107,买盘
224,14:41:04,23.78,--,152,361456,卖盘
225,14:40:58,23.78,0.02,76,180728,买盘
226,14:40:55,23.76,-0.02,26,61776,卖盘
227,14:40:46,23.78,0.02,43,102254,买盘
228,14:40:43,23.76,-0.02,37,87912,卖盘
229,14:40:40,23.78,0.01,3,7134,买盘
230,14:40:37,23.77,--,13,30901,卖盘
231,14:40:34,23.77,-0.03,39,92703,卖盘
232,14:40:31,23.8,0.03,80,190757,买盘
233,14:40:28,23.77,0.01,33,78916,买盘
234,14:40:25,23.76,-0.01,14,33264,卖盘
235,14:40:22,23.77,--,54,128358,买盘
236,14:40:19,23.77,--,5,11885,买盘
237,14:40:16,23.77,--,17,40409,买盘
238,14:40:13,23.77,--,78,185406,买盘
239,14:40:10,23.77,--,51,121227,买盘
240,14:40:07,23.77,0.01,37,87949,买盘
241,14:40:01,23.76,--,142,337392,卖盘
242,14:39:58,23.76,-0.01,14,33264,卖盘
243,14:39:52,23.77,--,75,178275,卖盘
244,14:39:49,23.77,-0.01,1,2377,卖盘
245,14:39:46,23.78,0.01,8,19024,买盘
246,14:39:40,23.77,-0.01,57,135489,中性盘
247,14:39:37,23.78,--,3,7134,买盘
248,14:39:34,23.78,0.02,6,14268,买盘
249,14:39:31,23.76,-0.02,189,449064,卖盘
250,14:39:28,23.78,0.01,1,2378,买盘
251,14:39:25,23.77,0.01,57,135489,卖盘
252,14:39:19,23.76,-0.01,9,21384,卖盘
253,14:39:16,23.77,-0.01,11,26147,卖盘
254,14:39:13,23.78,-0.01,5,11890,买盘
255,14:39:10,23.79,0.02,27,64233,买盘
256,14:39:07,23.77,--,10,23770,卖盘
257,14:39:04,23.77,-0.02,2,4754,买盘
258,14:39:01,23.79,0.02,83,197457,买盘
259,14:38:55,23.77,--,7,16639,卖盘
260,14:38:46,23.77,-0.02,41,97457,中性盘
261,14:38:43,23.79,0.04,1,2379,买盘
262,14:38:40,23.75,-0.04,22,52250,卖盘
263,14:38:34,23.79,--,136,323544,买盘
264,14:38:31,23.79,0.02,31,74153,买盘
265,14:38:28,23.77,0.01,8,19016,卖盘
266,14:38:25,23.76,--,41,97416,卖盘
267,14:38:19,23.76,--,28,66528,卖盘
268,14:38:13,23.76,-0.03,72,171072,卖盘
269,14:38:10,23.79,0.03,16,38064,买盘
270,14:38:07,23.76,--,12,28512,卖盘
271,14:38:04,23.76,--,29,68904,卖盘
272,14:37:58,23.76,--,32,76032,卖盘
273,14:37:52,23.76,--,99,237528,卖盘
274,14:37:49,23.76,--,20,47520,卖盘
275,14:37:46,23.76,-0.03,80,190080,卖盘
276,14:37:43,23.79,--,5,11895,买盘
277,14:37:40,23.79,--,12,28548,买盘
278,14:37:37,23.79,0.03,1,2379,买盘
279,14:37:34,23.76,-0.03,17,40392,卖盘
280,14:37:25,23.79,0.03,21,49959,买盘
281,14:37:22,23.76,-0.04,41,97416,卖盘
282,14:37:19,23.8,0.04,1,2380,买盘
283,14:37:16,23.76,-0.03,61,144936,卖盘
284,14:37:10,23.79,-0.01,28,68895,中性盘
285,14:37:07,23.8,0.03,156,371280,买盘
286,14:37:01,23.77,-0.01,158,375566,卖盘
287,14:36:58,23.78,-0.01,9,21402,卖盘
288,14:36:55,23.79,--,3,7137,卖盘
289,14:36:52,23.79,0.01,11,26169,中性盘
290,14:36:49,23.78,--,63,149814,卖盘
291,14:36:46,23.78,-0.02,37,87986,卖盘
292,14:36:43,23.8,--,9,21420,买盘
293,14:36:40,23.8,--,2,4760,买盘
294,14:36:37,23.8,0.01,77,183260,买盘
295,14:36:34,23.79,--,56,133699,卖盘
296,14:36:31,23.79,-0.01,36,85644,卖盘
297,14:36:28,23.8,--,30,71400,买盘
298,14:36:25,23.8,--,129,307948,卖盘
299,14:36:22,23.8,--,22,52360,卖盘
300,14:36:16,23.8,--,42,99960,卖盘
301,14:36:13,23.8,-0.01,72,171360,卖盘
302,14:36:10,23.81,--,70,166670,买盘
303,14:36:04,23.81,--,58,138098,买盘
304,14:36:01,23.81,--,68,161908,买盘
305,14:35:58,23.81,0.01,131,311911,买盘
306,14:35:52,23.8,-0.01,152,363783,卖盘
307,14:35:49,23.81,0.01,53,126193,买盘
308,14:35:46,23.8,--,66,157080,卖盘
309,14:35:40,23.8,-0.01,18,42840,卖盘
310,14:35:34,23.81,--,36,85716,买盘
311,14:35:31,23.81,--,29,69049,买盘
312,14:35:28,23.81,0.01,15,35715,买盘
313,14:35:25,23.8,-0.01,2,4760,卖盘
314,14:35:22,23.81,--,22,52382,买盘
315,14:35:19,23.81,--,11,26191,买盘
316,14:35:16,23.81,--,6,14286,买盘
317,14:35:13,23.81,--,2,4762,买盘
318,14:35:07,23.81,0.01,25,59525,卖盘
319,14:35:01,23.8,-0.04,36,85680,卖盘
320,14:34:55,23.84,--,2,4768,卖盘
321,14:34:52,23.84,0.03,1,2384,卖盘
322,14:34:46,23.81,0.01,127,302529,买盘
323,14:34:43,23.8,-0.01,4,9520,卖盘
324,14:34:40,23.81,0.01,2,4762,买盘
325,14:34:37,23.8,-0.01,224,533120,卖盘
326,14:34:31,23.81,0.01,87,207147,卖盘
327,14:34:22,23.8,-0.05,13,30940,卖盘
328,14:34:19,23.85,0.05,11,26235,买盘
329,14:34:13,23.8,--,39,92820,卖盘
330,14:34:07,23.8,--,55,130900,卖盘
331,14:34:01,23.8,-0.02,40,95200,卖盘
332,14:33:58,23.82,-0.03,2,4764,卖盘
333,14:33:55,23.85,0.04,17,40545,买盘
334,14:33:52,23.81,-0.04,178,425175,卖盘
335,14:33:49,23.85,0.04,47,112095,买盘
336,14:33:40,23.81,--,12,28572,卖盘
337,14:33:37,23.81,-0.04,1,2381,卖盘
338,14:33:34,23.85,--,128,305280,买盘
339,14:33:28,23.85,0.04,35,83475,买盘
340,14:33:25,23.81,--,83,197623,卖盘
341,14:33:19,23.81,--,35,83335,卖盘
342,14:33:16,23.81,--,15,35715,卖盘
343,14:33:13,23.81,-0.04,248,592845,卖盘
344,14:33:10,23.85,--,2,4770,买盘
345,14:33:07,23.85,0.04,56,133774,买盘
346,14:33:04,23.81,-0.01,65,154765,卖盘
347,14:33:01,23.82,--,51,121482,买盘
348,14:32:58,23.82,0.01,40,95280,买盘
349,14:32:52,23.81,-0.01,1,2381,卖盘
350,14:32:49,23.82,0.01,17,40494,买盘
351,14:32:43,23.81,-0.01,2,4762,卖盘
352,14:32:40,23.82,--,6,14292,买盘
353,14:32:37,23.82,0.01,18,42876,买盘
354,14:32:31,23.81,-0.02,42,100002,卖盘
355,14:32:28,23.83,--,14,33362,买盘
356,14:32:25,23.83,--,1,2383,买盘
357,14:32:22,23.83,0.02,67,159661,买盘
358,14:32:16,23.81,-0.02,150,357150,卖盘
359,14:32:10,23.83,0.01,4,9532,买盘
360,14:32:07,23.82,--,1,2382,卖盘
361,14:32:01,23.82,--,41,97662,卖盘
362,14:31:58,23.82,-0.01,13,30966,卖盘
363,14:31:55,23.83,--,1,2383,买盘
364,14:31:52,23.83,--,40,95320,卖盘
365,14:31:46,23.83,-0.04,1,2383,卖盘
366,14:31:40,23.87,--,2,4774,买盘
367,14:31:37,23.87,0.06,8,19096,买盘
368,14:31:31,23.81,--,49,116669,卖盘
369,14:31:28,23.81,--,1,2381,卖盘
370,14:31:16,23.81,-0.06,2,4762,卖盘
371,14:31:13,23.87,0.05,305,729825,买盘
372,14:31:07,23.82,-0.02,9,21438,卖盘
373,14:31:04,23.84,0.02,71,169359,买盘
374,14:30:58,23.82,0.01,4,9528,买盘
375,14:30:55,23.81,-0.01,29,71334,卖盘
376,14:30:52,23.82,-0.06,7,16674,卖盘
377,14:30:49,23.88,0.01,11,26268,买盘
378,14:30:46,23.87,--,7,17353,卖盘
379,14:30:43,23.87,-0.01,50,119350,卖盘
380,14:30:37,23.88,0.01,8,19104,买盘
381,14:30:31,23.87,--,31,75954,卖盘
382,14:30:25,23.87,--,54,128898,卖盘
383,14:30:19,23.87,--,2,4774,卖盘
384,14:30:16,23.87,--,1,2387,卖盘
385,14:30:10,23.87,0.05,261,625179,买盘
386,14:30:07,23.82,--,6,14292,卖盘
387,14:30:04,23.82,0.01,9,21533,买盘
388,14:30:01,23.81,-0.01,44,104764,卖盘
389,14:29:55,23.82,--,1,2382,买盘
390,14:29:52,23.82,-0.05,19,46449,卖盘
391,14:29:49,23.87,0.01,59,140833,买盘
392,14:29:46,23.86,0.01,34,81124,买盘
393,14:29:43,23.85,--,4,9540,卖盘
394,14:29:37,23.85,-0.01,13,31005,卖盘
395,14:29:34,23.86,0.01,16,38176,买盘
396,14:29:28,23.85,0.03,20,48892,买盘
397,14:29:25,23.82,-0.03,18,44067,卖盘
398,14:29:22,23.85,--,1,2385,卖盘
399,14:29:19,23.85,--,14,33390,卖盘
400,14:29:16,23.85,--,1,2385,卖盘
401,14:29:13,23.85,--,2,4770,卖盘
402,14:29:10,23.85,--,3,8061,卖盘
403,14:29:04,23.85,--,2,4770,卖盘
404,14:29:01,23.85,--,2,4770,卖盘
405,14:28:55,23.85,0.04,1,2671,买盘
406,14:28:49,23.81,-0.01,57,135717,卖盘
407,14:28:43,23.82,-0.03,19,45258,卖盘
408,14:28:33,23.85,0.03,84,202248,买盘
409,14:28:30,23.82,-0.02,2,4764,卖盘
410,14:28:27,23.84,--,6,14304,买盘
411,14:28:21,23.84,--,11,26224,买盘
412,14:28:18,23.84,0.02,1,2384,买盘
413,14:28:15,23.82,-0.02,1,2382,卖盘
414,14:28:12,23.84,-0.01,5,11920,中性盘
415,14:28:09,23.85,0.02,51,121635,买盘
416,14:28:06,23.83,-0.02,2,4766,卖盘
417,14:28:03,23.85,0.03,5,11925,买盘
418,14:27:54,23.82,-0.02,18,44305,卖盘
419,14:27:48,23.84,--,2,4768,卖盘
420,14:27:45,23.84,--,18,42912,卖盘
421,14:27:42,23.84,-0.01,50,119200,卖盘
422,14:27:39,23.85,0.01,10,23850,买盘
423,14:27:36,23.84,--,11,26224,卖盘
424,14:27:33,23.84,-0.01,4,9536,卖盘
425,14:27:30,23.85,0.01,1,2385,买盘
426,14:27:27,23.84,-0.02,92,219328,卖盘
427,14:27:24,23.86,0.01,64,152704,买盘
428,14:27:21,23.85,--,37,88245,买盘
429,14:27:18,23.85,0.01,11,26235,买盘
430,14:27:09,23.84,--,37,89161,卖盘
431,14:27:03,23.84,--,48,114432,买盘
432,14:26:51,23.84,0.02,38,90592,买盘
433,14:26:48,23.82,-0.02,2,4764,卖盘
434,14:26:45,23.84,0.02,1,2384,买盘
435,14:26:39,23.82,--,4,9528,卖盘
436,14:26:36,23.82,0.01,13,30966,中性盘
437,14:26:30,23.81,--,193,460794,卖盘
438,14:26:27,23.81,--,22,52382,卖盘
439,14:26:18,23.81,-0.01,2,4762,卖盘
440,14:26:15,23.82,-0.04,36,86919,卖盘
441,14:26:12,23.86,0.05,47,113358,买盘
442,14:26:03,23.81,-0.01,2,4762,卖盘
443,14:26:00,23.82,0.01,12,28584,买盘
444,14:25:54,23.81,--,1,2381,卖盘
445,14:25:51,23.81,--,207,492914,卖盘
446,14:25:45,23.81,-0.01,2,4762,卖盘
447,14:25:39,23.82,--,48,114336,买盘
448,14:25:36,23.82,0.01,6,14292,买盘
449,14:25:21,23.81,--,1,2381,卖盘
450,14:25:15,23.81,--,9,21429,卖盘
451,14:25:12,23.81,--,4,9524,卖盘
452,14:25:03,23.81,-0.01,33,78573,卖盘
453,14:24:57,23.82,0.01,2,4764,中性盘
454,14:24:51,23.81,-0.01,141,335935,卖盘
455,14:24:42,23.82,--,8,21223,买盘
456,14:24:39,23.82,0.01,2,4764,买盘
457,14:24:36,23.81,-0.01,3,7143,卖盘
458,14:24:33,23.82,--,3,7146,买盘
459,14:24:30,23.82,--,43,102426,卖盘
460,14:24:27,23.82,--,2,4764,卖盘
461,14:24:21,23.82,-0.03,49,116718,卖盘
462,14:24:15,23.85,0.03,1,2385,中性盘
463,14:24:12,23.82,--,32,76224,卖盘
464,14:24:09,23.82,--,9,21438,卖盘
465,14:24:06,23.82,--,86,204852,卖盘
466,14:24:00,23.82,--,19,45258,卖盘
467,14:23:57,23.82,0.01,286,681252,买盘
468,14:23:54,23.81,--,15,35715,卖盘
469,14:23:51,23.81,--,219,522700,卖盘
470,14:23:42,23.81,--,1,2381,卖盘
471,14:23:39,23.81,-0.04,66,157146,卖盘
472,14:23:36,23.85,--,2,4770,卖盘
473,14:23:33,23.85,0.04,29,69165,买盘
474,14:23:30,23.81,--,22,52382,卖盘
475,14:23:27,23.81,--,143,342625,买盘
476,14:23:21,23.81,--,5,11905,买盘
477,14:23:18,23.81,--,21,50001,买盘
478,14:23:15,23.81,-0.01,10,23810,中性盘
479,14:23:09,23.82,0.01,36,85752,买盘
480,14:23:06,23.81,--,38,90478,卖盘
481,14:23:03,23.81,--,40,95240,卖盘
482,14:22:54,23.81,--,74,178360,买盘
483,14:22:48,23.81,--,32,76192,买盘
484,14:22:39,23.81,0.01,9,21429,买盘
485,14:22:36,23.8,-0.01,73,173740,卖盘
486,14:22:30,23.81,--,82,195765,卖盘
487,14:22:27,23.81,--,34,80954,卖盘
488,14:22:24,23.81,--,1,2381,卖盘
489,14:22:21,23.81,--,78,185718,卖盘
490,14:22:15,23.81,-0.04,2,4762,卖盘
491,14:22:09,23.85,0.04,2,4770,买盘
492,14:22:06,23.81,-0.01,74,176194,卖盘
493,14:22:03,23.82,--,2,4764,卖盘
494,14:21:57,23.82,-0.03,59,140538,卖盘
495,14:21:54,23.85,0.04,3,7155,买盘
496,14:21:51,23.81,--,200,477771,卖盘
497,14:21:48,23.81,--,9,21429,卖盘
498,14:21:42,23.81,--,9,21429,卖盘
499,14:21:33,23.81,--,20,47620,卖盘
500,14:21:30,23.81,-0.05,2,4762,卖盘
501,14:21:27,23.86,0.05,1,2386,买盘
502,14:21:24,23.81,-0.01,57,135717,卖盘
503,14:21:21,23.82,--,12,28584,卖盘
504,14:21:15,23.82,0.01,8,19056,卖盘
505,14:21:12,23.81,-0.05,194,463294,卖盘
506,14:21:09,23.86,0.04,6,14316,买盘
507,14:21:06,23.82,0.01,23,54786,买盘
508,14:21:00,23.81,--,6,14286,卖盘
509,14:20:57,23.81,-0.05,2,4762,卖盘
510,14:20:54,23.86,0.04,17,40562,买盘
511,14:20:48,23.82,--,6,14292,卖盘
512,14:20:45,23.82,-0.04,47,111954,卖盘
513,14:20:42,23.86,0.04,2,4772,买盘
514,14:20:39,23.82,0.01,8,19056,卖盘
515,14:20:33,23.81,--,167,398174,卖盘
516,14:20:27,23.81,--,21,50001,卖盘
517,14:20:12,23.81,-0.01,9,21429,卖盘
518,14:20:09,23.82,0.01,85,203208,买盘
519,14:20:06,23.81,--,11,26191,买盘
520,14:20:03,23.81,--,12,28572,买盘
521,14:20:00,23.81,--,5,11905,买盘
522,14:19:57,23.81,--,1,2381,买盘
523,14:19:54,23.81,0.01,1,2381,买盘
524,14:19:51,23.8,-0.02,77,183260,卖盘
525,14:19:45,23.82,0.01,5,11910,中性盘
526,14:19:42,23.81,-0.02,3,7143,卖盘
527,14:19:39,23.83,0.02,20,47660,买盘
528,14:19:33,23.81,0.01,1,2381,中性盘
529,14:19:30,23.8,--,2,4760,卖盘
530,14:19:27,23.8,-0.01,33,78540,卖盘
531,14:19:21,23.81,--,2,4762,卖盘
532,14:19:15,23.81,-0.01,93,221433,卖盘
533,14:19:12,23.82,--,47,113121,卖盘
534,14:19:09,23.82,--,51,122696,卖盘
535,14:19:06,23.82,-0.01,2,4764,卖盘
536,14:19:00,23.83,--,11,26212,买盘
537,14:18:57,23.83,--,5,11915,买盘
538,14:18:54,23.83,-0.01,1,2383,买盘
539,14:18:48,23.84,-0.03,5,13064,卖盘
540,14:18:39,23.87,0.03,2,4774,买盘
541,14:18:36,23.84,--,58,138272,卖盘
542,14:18:33,23.84,-0.03,25,60839,卖盘
543,14:18:30,23.87,--,10,23870,买盘
544,14:18:27,23.87,0.03,2,4774,买盘
545,14:18:24,23.84,0.03,2,4768,中性盘
546,14:18:15,23.81,-0.06,1,2381,卖盘
547,14:18:12,23.87,0.06,2,4774,买盘
548,14:18:06,23.81,--,28,66668,卖盘
549,14:18:03,23.81,0.01,16,39143,买盘
550,14:18:00,23.8,-0.01,24,57120,卖盘
551,14:17:51,23.81,-0.06,119,283458,卖盘
552,14:17:48,23.87,--,12,28644,买盘
553,14:17:39,23.87,0.06,4,9548,买盘
554,14:17:30,23.81,-0.06,95,226195,卖盘
555,14:17:27,23.87,--,7,16709,买盘
556,14:17:24,23.87,--,56,133672,买盘
557,14:17:18,23.87,0.05,26,62062,买盘
558,14:17:12,23.82,--,41,98305,卖盘
559,14:17:09,23.82,-0.05,2,4764,卖盘
560,14:17:06,23.87,0.05,2,4774,买盘
561,14:16:54,23.82,-0.05,10,23820,卖盘
562,14:16:51,23.87,--,1,2387,买盘
563,14:16:45,23.87,--,3,7161,买盘
564,14:16:39,23.87,--,3,7161,买盘
565,14:16:33,23.87,0.07,13,32654,买盘
566,14:16:30,23.8,--,189,450653,卖盘
567,14:16:24,23.8,-0.01,2,4760,卖盘
568,14:16:18,23.81,--,81,193622,卖盘
569,14:16:12,23.81,-0.06,3,7143,卖盘
570,14:16:09,23.87,0.06,61,145607,买盘
571,14:16:06,23.81,-0.03,2,4762,卖盘
572,14:16:00,23.84,0.03,26,61984,买盘
573,14:15:51,23.81,--,25,59525,卖盘
574,14:15:48,23.81,--,2,4762,卖盘
575,14:15:45,23.81,-0.03,102,242862,卖盘
576,14:15:39,23.84,0.03,5,11920,买盘
577,14:15:27,23.81,-0.05,1,2381,卖盘
578,14:15:18,23.86,--,13,31018,买盘
579,14:15:15,23.86,0.05,30,71580,买盘
580,14:15:12,23.81,-0.01,202,482200,卖盘
581,14:15:06,23.82,0.01,2,4764,中性盘
582,14:15:03,23.81,-0.05,25,59525,卖盘
583,14:14:57,23.86,0.01,58,138388,买盘
584,14:14:54,23.85,0.02,42,100170,买盘
585,14:14:48,23.83,0.02,1,2383,买盘
586,14:14:42,23.81,-0.04,3,8500,卖盘
587,14:14:39,23.85,0.02,2,4770,买盘
588,14:14:36,23.83,--,9,21447,卖盘
589,14:14:33,23.83,--,2,4766,卖盘
590,14:14:30,23.83,--,52,125345,卖盘
591,14:14:24,23.83,0.02,60,144957,买盘
592,14:14:21,23.81,--,1,2381,卖盘
593,14:14:12,23.81,-0.02,4,9524,卖盘
594,14:14:09,23.83,--,1,2383,买盘
595,14:14:06,23.83,0.02,11,26212,买盘
596,14:14:03,23.81,-0.01,91,216671,卖盘
597,14:14:00,23.82,-0.01,1,2382,卖盘
598,14:13:57,23.83,--,3,7148,买盘
599,14:13:54,23.83,0.01,4,9532,买盘
600,14:13:51,23.82,-0.04,58,139775,卖盘
601,14:13:48,23.86,0.03,57,136002,买盘
602,14:13:42,23.83,-0.01,22,52425,卖盘
603,14:13:39,23.84,0.01,28,66752,买盘
604,14:13:30,23.83,--,4,9532,卖盘
605,14:13:27,23.83,--,35,83405,卖盘
606,14:13:24,23.83,--,11,26212,卖盘
607,14:13:21,23.83,--,12,28595,卖盘
608,14:13:15,23.83,--,2,4766,卖盘
609,14:13:12,23.83,-0.03,40,95701,卖盘
610,14:13:09,23.86,0.03,2,4772,买盘
611,14:13:06,23.83,0.01,22,52425,中性盘
612,14:12:57,23.82,--,36,85752,卖盘
613,14:12:54,23.82,--,2,4764,卖盘
614,14:12:51,23.82,-0.03,39,92898,卖盘
615,14:12:48,23.85,--,53,126405,卖盘
616,14:12:45,23.85,0.03,36,86217,买盘
617,14:12:42,23.82,--,47,111954,卖盘
618,14:12:39,23.82,--,93,221526,卖盘
619,14:12:36,23.82,--,20,47640,卖盘
620,14:12:33,23.82,--,138,329216,卖盘
621,14:12:24,23.82,-0.01,72,171504,卖盘
622,14:12:21,23.83,--,2,4766,卖盘
623,14:12:18,23.83,--,9,21447,卖盘
624,14:12:15,23.83,--,7,16681,卖盘
625,14:12:12,23.83,--,42,101992,买盘
626,14:12:09,23.83,0.01,27,64340,买盘
627,14:12:03,23.82,--,6,14292,卖盘
628,14:12:00,23.82,-0.01,1,2382,卖盘
629,14:11:54,23.83,--,20,47660,买盘
630,14:11:51,23.83,--,21,50043,卖盘
631,14:11:48,23.83,--,2,4766,卖盘
632,14:11:45,23.83,0.01,18,42894,中性盘
633,14:11:42,23.82,-0.01,7,16674,卖盘
634,14:11:39,23.83,--,18,42894,中性盘
635,14:11:33,23.83,0.01,4,9532,中性盘
636,14:11:30,23.82,-0.01,31,73842,卖盘
637,14:11:27,23.83,-0.01,1,2383,卖盘
638,14:11:24,23.84,-0.01,5,11920,卖盘
639,14:11:18,23.85,0.01,100,238500,买盘
640,14:11:15,23.84,0.01,11,26224,买盘
641,14:11:12,23.83,-0.01,153,366314,卖盘
642,14:11:09,23.84,--,17,40528,买盘
643,14:11:06,23.84,--,10,23840,买盘
644,14:11:03,23.84,0.01,7,16688,中性盘
645,14:11:00,23.83,-0.02,92,219235,卖盘
646,14:10:57,23.85,0.01,2,4770,买盘
647,14:10:54,23.84,--,2,4768,卖盘
648,14:10:51,23.84,-0.01,10,23840,卖盘
649,14:10:48,23.85,0.02,42,101791,买盘
650,14:10:42,23.83,-0.01,3,7148,卖盘
651,14:10:36,23.84,--,12,28608,买盘
652,14:10:33,23.84,-0.01,6,14304,卖盘
653,14:10:30,23.85,0.01,5,11925,买盘
654,14:10:21,23.84,-0.01,2,4768,中性盘
655,14:10:09,23.85,0.02,2,4770,买盘
656,14:10:06,23.83,-0.02,1,2383,卖盘
657,14:10:02,23.85,--,1,2385,买盘
658,14:09:59,23.85,0.02,57,135945,买盘
659,14:09:56,23.83,--,11,26212,卖盘
660,14:09:53,23.83,--,26,63387,卖盘
661,14:09:44,23.83,--,7,16681,卖盘
662,14:09:35,23.83,-0.01,2,4766,卖盘
663,14:09:32,23.84,--,11,26891,卖盘
664,14:09:29,23.84,--,1,4100,买盘
665,14:09:26,23.84,0.01,13,30992,买盘
666,14:09:20,23.83,--,91,216852,卖盘
667,14:09:14,23.83,-0.02,70,167477,卖盘
668,14:09:11,23.85,--,24,58575,买盘
669,14:09:05,23.85,--,6,14310,卖盘
670,14:08:59,23.85,--,1,2385,卖盘
671,14:08:56,23.85,-0.01,1,2385,卖盘
672,14:08:50,23.86,0.02,13,31018,买盘
673,14:08:47,23.84,-0.02,2,4768,卖盘
674,14:08:44,23.86,0.01,69,164634,买盘
675,14:08:38,23.85,--,3,7155,买盘
676,14:08:29,23.85,--,22,52470,买盘
677,14:08:26,23.85,-0.02,10,23850,中性盘
678,14:08:17,23.87,--,89,212443,买盘
679,14:08:14,23.87,0.02,16,40173,买盘
680,14:08:11,23.85,--,3,7155,卖盘
681,14:08:08,23.85,-0.02,44,104940,卖盘
682,14:08:02,23.87,0.02,1,2387,买盘
683,14:07:53,23.85,--,3,7560,买盘
684,14:07:50,23.85,-0.02,12,28620,卖盘
685,14:07:44,23.87,0.02,2,4774,买盘
686,14:07:41,23.85,-0.02,9,21465,卖盘
687,14:07:38,23.87,0.02,2,4774,中性盘
688,14:07:32,23.85,-0.03,2,4770,中性盘
689,14:07:29,23.88,0.03,148,353424,买盘
690,14:07:23,23.85,-0.03,2,4770,卖盘
691,14:07:14,23.88,0.02,10,23880,买盘
692,14:07:11,23.86,--,2,4772,买盘
693,14:07:08,23.86,-0.02,0,1908,卖盘
694,14:07:05,23.88,0.02,21,50148,买盘
695,14:06:59,23.86,-0.02,15,35790,卖盘
696,14:06:56,23.88,--,3,7164,买盘
697,14:06:44,23.88,--,6,14328,买盘
698,14:06:38,23.88,0.01,2,4776,买盘
699,14:06:35,23.87,0.01,2,4774,买盘
700,14:06:29,23.86,-0.01,3,7635,卖盘
701,14:06:23,23.87,--,36,85932,买盘
702,14:06:20,23.87,--,10,23870,买盘
703,14:06:14,23.87,--,57,136059,买盘
704,14:06:11,23.87,0.01,12,28644,买盘
705,14:06:08,23.86,--,11,26246,卖盘
706,14:05:59,23.86,-0.02,2,4772,卖盘
707,14:05:53,23.88,0.01,109,260292,买盘
708,14:05:50,23.87,-0.01,64,152768,卖盘
709,14:05:47,23.88,--,12,28656,买盘
710,14:05:41,23.88,0.01,63,150444,买盘
711,14:05:35,23.87,--,108,257796,卖盘
712,14:05:26,23.87,--,2,4774,卖盘
713,14:05:14,23.87,-0.01,1,2387,卖盘
714,14:05:11,23.88,0.01,125,299670,买盘
715,14:05:08,23.87,0.01,4,9548,买盘
716,14:05:05,23.86,-0.02,2,4772,中性盘
717,14:04:53,23.88,0.01,58,138504,买盘
718,14:04:50,23.87,0.01,28,66836,买盘
719,14:04:44,23.86,-0.01,1,2386,卖盘
720,14:04:41,23.87,0.02,17,40579,买盘
721,14:04:38,23.85,--,13,31005,卖盘
722,14:04:29,23.85,0.01,67,161011,中性盘
723,14:04:26,23.84,0.01,15,36141,买盘
724,14:04:23,23.83,-0.01,7,16681,卖盘
725,14:04:17,23.84,-0.03,91,218946,卖盘
726,14:04:14,23.87,--,9,21483,卖盘
727,14:04:08,23.87,--,13,31031,卖盘
728,14:04:05,23.87,--,0,2196,买盘
729,14:04:02,23.87,0.04,15,36377,买盘
730,14:03:59,23.83,-0.02,22,54237,卖盘
731,14:03:56,23.85,-0.02,21,50275,卖盘
732,14:03:53,23.87,0.04,65,156969,买盘
733,14:03:50,23.83,--,16,38128,卖盘
734,14:03:47,23.83,--,2,4766,卖盘
735,14:03:44,23.83,-0.04,10,23830,卖盘
736,14:03:41,23.87,--,2,4774,买盘
737,14:03:38,23.87,0.04,55,131285,买盘
738,14:03:35,23.83,-0.04,37,88171,卖盘
739,14:03:29,23.87,0.03,11,26257,买盘
740,14:03:26,23.84,-0.01,107,255088,卖盘
741,14:03:17,23.85,--,12,28620,卖盘
742,14:03:11,23.85,-0.02,37,89199,卖盘
743,14:03:08,23.87,--,2,4774,买盘
744,14:03:05,23.87,0.02,5,11935,买盘
745,14:03:02,23.85,-0.02,19,45315,卖盘
746,14:02:59,23.87,--,19,45543,卖盘
747,14:02:50,23.87,-0.01,2,4774,卖盘
748,14:02:47,23.88,0.01,40,95520,买盘
749,14:02:44,23.87,0.02,32,78580,买盘
750,14:02:41,23.85,--,25,59625,卖盘
751,14:02:38,23.85,-0.02,29,69165,卖盘
752,14:02:35,23.87,--,15,37237,卖盘
753,14:02:29,23.87,-0.01,1,2387,卖盘
754,14:02:26,23.88,0.01,60,143280,买盘
755,14:02:20,23.87,--,2,4774,卖盘
756,14:02:17,23.87,-0.01,3,7161,卖盘
757,14:02:11,23.88,--,11,26268,买盘
758,14:02:08,23.88,0.01,2,4776,买盘
759,14:02:05,23.87,-0.01,10,23870,卖盘
760,14:01:59,23.88,0.01,10,23880,买盘
761,14:01:53,23.87,--,0,954,卖盘
762,14:01:50,23.87,0.02,3,7161,中性盘
763,14:01:44,23.85,0.01,11,26235,中性盘
764,14:01:35,23.84,-0.04,26,61984,卖盘
765,14:01:29,23.88,0.04,1,2388,买盘
766,14:01:26,23.84,0.01,16,38144,中性盘
767,14:01:23,23.83,--,1,2383,卖盘
768,14:01:20,23.83,-0.05,44,104851,卖盘
769,14:01:17,23.88,0.06,59,140892,买盘
770,14:01:11,23.82,--,147,352178,卖盘
771,14:01:02,23.82,-0.06,4,9528,卖盘
772,14:00:59,23.88,0.01,102,243576,买盘
773,14:00:56,23.87,0.04,18,42966,买盘
774,14:00:53,23.83,--,4,9532,卖盘
775,14:00:50,23.83,--,2,4766,卖盘
776,14:00:47,23.83,-0.04,6,14297,卖盘
777,14:00:44,23.87,--,8,19096,买盘
778,14:00:41,23.87,0.05,2,4774,买盘
779,14:00:38,23.82,--,17,40494,卖盘
780,14:00:32,23.82,--,54,129985,卖盘
781,14:00:29,23.82,-0.05,2,4764,卖盘
782,14:00:23,23.87,0.05,11,26257,买盘
783,14:00:17,23.82,-0.05,18,42876,卖盘
784,14:00:11,23.87,0.06,15,35805,买盘
785,14:00:08,23.81,--,18,42858,卖盘
786,14:00:02,23.81,-0.06,57,135717,卖盘
787,13:59:56,23.87,0.06,57,136059,买盘
788,13:59:53,23.81,-0.06,2,4762,卖盘
789,13:59:50,23.87,--,203,484942,买盘
790,13:59:47,23.87,0.06,5,11935,买盘
791,13:59:41,23.81,-0.05,18,42858,卖盘
792,13:59:35,23.86,0.05,55,131230,买盘
793,13:59:26,23.81,-0.02,1,2381,卖盘
794,13:59:23,23.83,0.03,1,2383,中性盘
795,13:59:20,23.8,-0.03,95,226100,卖盘
796,13:59:14,23.83,--,3,7148,买盘
797,13:59:11,23.83,0.02,188,448456,买盘
798,13:59:08,23.81,0.01,30,71430,中性盘
799,13:59:05,23.8,--,122,290360,卖盘
800,13:59:02,23.8,-0.03,2,4760,卖盘
801,13:58:59,23.83,0.03,3,7148,买盘
802,13:58:56,23.8,--,16,38080,卖盘
803,13:58:47,23.8,-0.03,77,183260,卖盘
804,13:58:44,23.83,0.03,1,2383,买盘
805,13:58:41,23.8,-0.01,59,140420,卖盘
806,13:58:38,23.81,0.01,21,50001,买盘
807,13:58:35,23.8,--,1,3070,卖盘
808,13:58:32,23.8,--,249,592786,卖盘
809,13:58:29,23.8,-0.01,20,47600,卖盘
810,13:58:26,23.81,0.01,2,4762,中性盘
811,13:58:23,23.8,-0.01,61,145180,卖盘
812,13:58:17,23.81,--,1,2381,卖盘
813,13:58:14,23.81,--,109,260886,买盘
814,13:58:11,23.81,--,8,19048,买盘
815,13:58:08,23.81,0.01,88,209528,买盘
816,13:58:05,23.8,--,2,4760,卖盘
817,13:57:59,23.8,--,14,33320,卖盘
818,13:57:56,23.8,-0.01,2,4760,卖盘
819,13:57:53,23.81,-0.02,157,374436,卖盘
820,13:57:50,23.83,0.02,2,4766,买盘
821,13:57:41,23.81,-0.02,1,2381,卖盘
822,13:57:38,23.83,--,2,4766,买盘
823,13:57:35,23.83,0.02,2,4766,买盘
824,13:57:32,23.81,-0.02,22,52382,卖盘
825,13:57:29,23.83,--,11,26212,买盘
826,13:57:26,23.83,--,56,133448,买盘
827,13:57:23,23.83,--,29,69107,买盘
828,13:57:20,23.83,0.02,6,14297,买盘
829,13:57:17,23.81,-0.02,103,245243,卖盘
830,13:57:11,23.83,0.01,358,854996,买盘
831,13:57:08,23.82,0.01,47,111977,买盘
832,13:56:59,23.81,--,7,16667,卖盘
833,13:56:56,23.81,-0.01,1,2381,卖盘
834,13:56:53,23.82,0.01,33,78606,买盘
835,13:56:50,23.81,-0.01,2,4762,卖盘
836,13:56:47,23.82,--,12,28584,买盘
837,13:56:41,23.82,0.01,3,7146,买盘
838,13:56:38,23.81,--,1,2381,卖盘
839,13:56:32,23.81,-0.01,10,23810,卖盘
840,13:56:29,23.82,--,29,69078,卖盘
841,13:56:26,23.82,-0.01,2,4764,卖盘
842,13:56:23,23.83,0.01,2,4766,中性盘
843,13:56:17,23.82,--,38,90516,卖盘
844,13:56:14,23.82,-0.04,22,52404,卖盘
845,13:56:11,23.86,0.04,59,140774,买盘
846,13:56:05,23.82,0.01,2,4764,中性盘
847,13:55:53,23.81,-0.05,428,1019068,卖盘
848,13:55:47,23.86,0.05,2,4772,买盘
849,13:55:44,23.81,-0.05,36,85716,卖盘
850,13:55:41,23.86,0.05,2,4772,买盘
851,13:55:38,23.81,--,7,16667,卖盘
852,13:55:35,23.81,--,110,261910,卖盘
853,13:55:32,23.81,--,4,9524,卖盘
854,13:55:29,23.81,--,25,59525,卖盘
855,13:55:20,23.81,-0.01,89,211909,卖盘
856,13:55:11,23.82,--,313,745589,卖盘
857,13:55:08,23.82,-0.04,2,4764,卖盘
858,13:55:05,23.86,0.04,25,59650,买盘
859,13:55:02,23.82,--,92,219144,卖盘
860,13:54:59,23.82,-0.04,2,4764,卖盘
861,13:54:56,23.86,0.04,63,150318,买盘
862,13:54:50,23.82,-0.01,21,50022,卖盘
863,13:54:47,23.83,-0.03,3,7148,中性盘
864,13:54:41,23.86,0.04,73,174178,买盘
865,13:54:38,23.82,--,2,4764,卖盘
866,13:54:32,23.82,--,206,492526,卖盘
867,13:54:26,23.82,--,6,14292,卖盘
868,13:54:17,23.82,-0.04,14,33348,卖盘
869,13:54:08,23.86,0.04,30,71580,买盘
870,13:54:02,23.82,--,2,4764,卖盘
871,13:53:59,23.82,-0.04,85,202470,卖盘
872,13:53:56,23.86,0.03,16,38176,买盘
873,13:53:53,23.83,0.01,37,88171,买盘
874,13:53:50,23.82,-0.01,205,490596,卖盘
875,13:53:47,23.83,0.01,6,14297,买盘
876,13:53:44,23.82,--,34,80988,卖盘
877,13:53:41,23.82,-0.01,59,140538,卖盘
878,13:53:38,23.83,0.01,13,30978,买盘
879,13:53:35,23.82,--,91,216762,卖盘
880,13:53:32,23.82,--,2,4764,卖盘
881,13:53:29,23.82,-0.01,18,43709,卖盘
882,13:53:23,23.83,0.01,10,23830,买盘
883,13:53:20,23.82,--,8,19056,卖盘
884,13:53:14,23.82,-0.02,58,139013,卖盘
885,13:53:11,23.84,0.01,3,7152,买盘
886,13:53:05,23.83,--,3,7148,卖盘
887,13:53:02,23.83,-0.01,11,26212,卖盘
888,13:52:56,23.84,--,21,50064,卖盘
889,13:52:47,23.84,-0.04,18,42912,卖盘
890,13:52:41,23.88,0.01,50,119400,买盘
891,13:52:35,23.87,--,2,4774,卖盘
892,13:52:32,23.87,0.03,125,299902,买盘
893,13:52:29,23.84,0.01,6,14304,买盘
894,13:52:26,23.83,--,41,97703,卖盘
895,13:52:17,23.83,-0.01,38,90554,卖盘
896,13:52:14,23.84,-0.03,102,243168,卖盘
897,13:52:11,23.87,--,2,4774,买盘
898,13:52:05,23.87,0.04,98,233926,买盘
899,13:52:02,23.83,0.01,37,88171,中性盘
900,13:51:49,23.82,--,134,321069,卖盘
901,13:51:43,23.82,-0.01,76,181032,卖盘
902,13:51:40,23.83,0.01,3,7148,中性盘
903,13:51:37,23.82,-0.05,6,14292,卖盘
904,13:51:34,23.87,0.05,240,572880,买盘
905,13:51:31,23.82,--,30,73389,卖盘
906,13:51:28,23.82,--,10,23820,卖盘
907,13:51:19,23.82,-0.05,30,71460,卖盘
908,13:51:10,23.87,0.05,91,217670,买盘
909,13:51:07,23.82,--,2,4764,卖盘
910,13:51:04,23.82,--,7,16674,卖盘
911,13:50:58,23.82,--,1,2382,卖盘
912,13:50:55,23.82,0.01,15,35730,中性盘
913,13:50:46,23.81,-0.01,30,71430,卖盘
914,13:50:43,23.82,-0.05,2,4764,卖盘
915,13:50:40,23.87,0.05,2,4774,买盘
916,13:50:37,23.82,-0.05,97,231054,卖盘
917,13:50:34,23.87,--,3,7161,买盘
918,13:50:31,23.87,--,335,801411,买盘
919,13:50:28,23.87,0.04,6,14322,买盘
920,13:50:22,23.83,--,25,59574,卖盘
921,13:50:16,23.83,-0.02,6,14297,卖盘
922,13:50:13,23.85,--,2,4770,卖盘
923,13:50:10,23.85,0.02,3,7155,买盘
924,13:50:07,23.83,--,22,52425,卖盘
925,13:50:01,23.83,-0.04,21,50043,卖盘
926,13:49:55,23.87,0.04,57,136059,买盘
927,13:49:52,23.83,-0.04,64,153489,卖盘
928,13:49:49,23.87,0.04,2,4774,买盘
929,13:49:40,23.83,-0.04,2,4766,卖盘
930,13:49:37,23.87,0.02,99,236313,买盘
931,13:49:34,23.85,--,2,4770,卖盘
932,13:49:28,23.85,0.03,5,11925,买盘
933,13:49:25,23.82,-0.03,6,14292,卖盘
934,13:49:22,23.85,0.03,2,4770,买盘
935,13:49:19,23.82,--,20,47640,卖盘
936,13:49:16,23.82,--,2,4764,卖盘
937,13:49:10,23.82,-0.03,51,122744,卖盘
938,13:49:07,23.85,0.03,11,26235,买盘
939,13:49:04,23.82,-0.03,10,23820,卖盘
940,13:48:58,23.85,0.03,3,7155,买盘
941,13:48:55,23.82,-0.03,18,42876,卖盘
942,13:48:52,23.85,--,16,38160,买盘
943,13:48:46,23.85,--,58,138330,买盘
944,13:48:40,23.85,0.03,51,121635,买盘
945,13:48:31,23.82,--,134,321522,卖盘
946,13:48:28,23.82,0.02,40,96232,中性盘
947,13:48:22,23.8,-0.02,112,266560,卖盘
948,13:48:16,23.82,--,40,95280,卖盘
949,13:48:13,23.82,--,3,7146,卖盘
950,13:48:10,23.82,--,13,30966,卖盘
951,13:48:07,23.82,--,19,45258,卖盘
952,13:48:01,23.82,--,2,4764,卖盘
953,13:47:58,23.82,--,29,69078,卖盘
954,13:47:52,23.82,--,94,224146,卖盘
955,13:47:49,23.82,0.02,7,16674,卖盘
956,13:47:43,23.8,-0.04,6,14280,卖盘
957,13:47:40,23.84,-0.03,39,92976,卖盘
958,13:47:34,23.87,0.02,8,19096,买盘
959,13:47:28,23.85,0.06,12,28620,买盘
960,13:47:25,23.79,-0.02,75,178425,卖盘
961,13:47:16,23.81,--,26,63120,买盘
962,13:47:13,23.81,0.01,52,123812,买盘
963,13:47:10,23.8,-0.01,86,205870,卖盘
964,13:47:07,23.81,0.01,144,342864,买盘
965,13:47:04,23.8,-0.01,1,2380,卖盘
966,13:47:01,23.81,--,93,222599,卖盘
967,13:46:58,23.81,-0.01,17,40477,卖盘
968,13:46:55,23.82,0.01,2,4764,卖盘
969,13:46:52,23.81,--,37,88097,卖盘
970,13:46:49,23.81,-0.01,53,126193,卖盘
971,13:46:43,23.82,--,95,226290,卖盘
972,13:46:40,23.82,--,32,76224,买盘
973,13:46:37,23.82,--,170,404940,买盘
974,13:46:31,23.82,--,127,303728,买盘
975,13:46:28,23.82,--,59,140538,买盘
976,13:46:22,23.82,--,18,42876,买盘
977,13:46:13,23.82,0.01,66,157212,买盘
978,13:46:10,23.81,-0.01,23,54763,卖盘
979,13:46:07,23.82,0.01,15,35730,买盘
980,13:46:01,23.81,--,44,104764,卖盘
981,13:45:58,23.81,--,13,30953,卖盘
982,13:45:55,23.81,-0.01,21,50001,卖盘
983,13:45:52,23.82,-0.05,95,226290,卖盘
984,13:45:49,23.87,0.05,3,7161,买盘
985,13:45:46,23.82,-0.05,43,102426,卖盘
986,13:45:43,23.87,--,11,26257,买盘
987,13:45:40,23.87,0.05,22,52514,买盘
988,13:45:37,23.82,0.01,141,335862,买盘
989,13:45:31,23.81,-0.01,28,66668,卖盘
990,13:45:28,23.82,--,2,4764,卖盘
991,13:45:22,23.82,--,24,57168,卖盘
992,13:45:16,23.82,0.01,92,219144,买盘
993,13:45:13,23.81,--,83,199718,买盘
994,13:45:07,23.81,0.01,34,80954,买盘
995,13:45:04,23.8,-0.07,25,59500,卖盘
996,13:44:58,23.87,0.07,81,193347,买盘
997,13:44:52,23.8,--,2,4760,卖盘
998,13:44:49,23.8,-0.04,92,218960,卖盘
999,13:44:46,23.84,0.04,3,7152,买盘
1000,13:44:43,23.8,-0.04,104,247520,卖盘
1001,13:44:40,23.84,0.03,2,4768,买盘
1002,13:44:34,23.81,-0.01,126,300006,卖盘
1003,13:44:31,23.82,-0.01,182,435024,卖盘
1004,13:44:28,23.83,--,180,429249,买盘
1005,13:44:25,23.83,0.01,34,81022,买盘
1006,13:44:19,23.82,0.01,89,213903,买盘
1007,13:44:16,23.81,-0.01,29,69049,卖盘
1008,13:44:13,23.82,--,49,116718,买盘
1009,13:44:04,23.82,-0.01,48,114836,卖盘
1010,13:43:55,23.83,--,12,28595,买盘
1011,13:43:52,23.83,0.01,2,4766,买盘
1012,13:43:46,23.82,-0.01,115,275811,卖盘
1013,13:43:40,23.83,--,2,4766,买盘
1014,13:43:37,23.83,0.01,4,9532,买盘
1015,13:43:34,23.82,-0.01,21,50022,卖盘
1016,13:43:31,23.83,--,30,71490,卖盘
1017,13:43:25,23.83,--,2,4766,卖盘
1018,13:43:22,23.83,-0.01,17,40511,卖盘
1019,13:43:19,23.84,0.01,52,123968,买盘
1020,13:43:16,23.83,0.01,4,9532,买盘
1021,13:43:13,23.82,-0.01,91,216762,卖盘
1022,13:43:10,23.83,-0.01,32,76256,中性盘
1023,13:43:07,23.84,0.01,118,281312,买盘
1024,13:43:04,23.83,-0.01,47,112000,卖盘
1025,13:42:55,23.84,0.01,2,4768,买盘
1026,13:42:49,23.83,-0.01,2,4766,卖盘
1027,13:42:40,23.84,--,6,14304,买盘
1028,13:42:34,23.84,--,58,138272,买盘
1029,13:42:31,23.84,--,46,109664,卖盘
1030,13:42:28,23.84,--,2,4768,卖盘
1031,13:42:19,23.84,--,17,40528,卖盘
1032,13:42:16,23.84,--,1,2384,卖盘
1033,13:42:13,23.84,--,14,33376,买盘
1034,13:42:10,23.84,--,2,4768,买盘
1035,13:42:07,23.84,0.02,12,28608,买盘
1036,13:42:04,23.82,0.01,138,328716,中性盘
1037,13:42:01,23.81,-0.01,1,2381,卖盘
1038,13:41:58,23.82,0.01,2,4764,卖盘
1039,13:41:55,23.81,-0.01,93,221433,卖盘
1040,13:41:52,23.82,0.01,28,67863,中性盘
1041,13:41:49,23.81,-0.01,28,66668,卖盘
1042,13:41:46,23.82,-0.03,1,2382,卖盘
1043,13:41:40,23.85,--,6,14310,买盘
1044,13:41:34,23.85,0.04,7,16695,中性盘
1045,13:41:28,23.81,-0.04,200,476200,卖盘
1046,13:41:22,23.85,-0.03,2,4770,中性盘
1047,13:41:16,23.88,0.03,58,138504,买盘
1048,13:41:10,23.85,--,51,123089,买盘
1049,13:41:04,23.85,0.03,15,35775,买盘
1050,13:41:01,23.82,-0.03,3,7146,卖盘
1051,13:40:55,23.85,--,11,26235,买盘
1052,13:40:52,23.85,0.03,7,16695,买盘
1053,13:40:49,23.82,--,15,35730,卖盘
1054,13:40:46,23.82,-0.03,2,4764,卖盘
1055,13:40:43,23.85,0.03,3,7155,买盘
1056,13:40:40,23.82,-0.03,2,4764,卖盘
1057,13:40:37,23.85,--,99,236115,买盘
1058,13:40:31,23.85,0.03,2,4770,买盘
1059,13:40:28,23.82,--,76,181079,卖盘
1060,13:40:22,23.82,-0.03,17,40494,卖盘
1061,13:40:16,23.85,--,9,21465,卖盘
1062,13:40:13,23.85,-0.03,302,720270,中性盘
1063,13:40:10,23.88,0.03,2,4776,买盘
1064,13:40:07,23.85,-0.02,31,73935,卖盘
1065,13:40:04,23.87,0.03,30,71610,买盘
1066,13:39:58,23.84,0.01,2,4768,买盘
1067,13:39:55,23.83,-0.01,17,40511,卖盘
1068,13:39:52,23.84,-0.01,38,90592,卖盘
1069,13:39:46,23.85,--,7,16695,买盘
1070,13:39:43,23.85,--,11,26235,买盘
1071,13:39:40,23.85,0.01,3,7155,买盘
1072,13:39:37,23.84,-0.01,20,47680,卖盘
1073,13:39:34,23.85,--,7,16695,买盘
1074,13:39:31,23.85,0.01,1,2385,买盘
1075,13:39:25,23.84,--,1,2384,卖盘
1076,13:39:22,23.84,-0.01,1,2384,卖盘
1077,13:39:13,23.85,--,10,23850,买盘
1078,13:39:10,23.85,0.01,6,14310,卖盘
1079,13:39:07,23.84,-0.01,95,226480,卖盘
1080,13:39:01,23.85,--,33,78705,卖盘
1081,13:38:49,23.85,-0.03,1,2385,卖盘
1082,13:38:46,23.88,0.02,89,212532,买盘
1083,13:38:40,23.86,--,4,9544,买盘
1084,13:38:34,23.86,--,18,42948,卖盘
1085,13:38:28,23.86,--,2,4772,卖盘
1086,13:38:13,23.86,-0.02,1,2386,卖盘
1087,13:38:10,23.88,0.05,2,4776,买盘
1088,13:38:04,23.83,-0.05,2,4766,卖盘
1089,13:38:01,23.88,0.02,53,126564,买盘
1090,13:37:58,23.86,0.03,3,7158,买盘
1091,13:37:55,23.83,-0.03,2,4766,卖盘
1092,13:37:49,23.86,--,28,66808,卖盘
1093,13:37:43,23.86,-0.02,202,481972,中性盘
1094,13:37:40,23.88,0.04,2,4776,买盘
1095,13:37:37,23.84,-0.02,91,216944,卖盘
1096,13:37:34,23.86,--,11,26246,卖盘
1097,13:37:31,23.86,0.03,58,138388,买盘
1098,13:37:22,23.83,--,13,30978,卖盘
1099,13:37:16,23.83,-0.03,61,145363,卖盘
1100,13:37:13,23.86,0.03,62,149172,买盘
1101,13:37:07,23.83,--,2,4766,卖盘
1102,13:37:04,23.83,--,63,150129,卖盘
1103,13:36:58,23.83,--,2,4766,卖盘
1104,13:36:55,23.83,--,62,147746,卖盘
1105,13:36:46,23.83,-0.02,62,147746,卖盘
1106,13:36:43,23.85,0.02,34,81090,买盘
1107,13:36:37,23.83,-0.03,36,85788,卖盘
1108,13:36:34,23.86,-0.02,5,11930,卖盘
1109,13:36:28,23.88,0.02,234,558792,买盘
1110,13:36:25,23.86,0.04,66,157476,卖盘
1111,13:36:19,23.82,-0.06,2,4764,卖盘
1112,13:36:13,23.88,0.02,150,358200,买盘
1113,13:36:07,23.86,0.03,11,26246,买盘
1114,13:36:01,23.83,-0.03,305,726815,卖盘
1115,13:35:55,23.86,0.01,10,23860,买盘
1116,13:35:52,23.85,--,3,7155,卖盘
1117,13:35:49,23.85,-0.01,53,128766,卖盘
1118,13:35:46,23.86,0.01,2,4772,买盘
1119,13:35:43,23.85,-0.01,2,4770,卖盘
1120,13:35:40,23.86,--,8,19088,买盘
1121,13:35:37,23.86,0.01,5,11930,买盘
1122,13:35:31,23.85,-0.01,1,2385,卖盘
1123,13:35:28,23.86,0.01,13,31018,买盘
1124,13:35:19,23.85,-0.01,4,9540,卖盘
1125,13:35:13,23.86,--,24,57264,卖盘
1126,13:35:10,23.86,-0.01,2,4772,卖盘
1127,13:35:01,23.87,-0.01,73,174251,卖盘
1128,13:34:52,23.88,--,2,4776,买盘
1129,13:34:49,23.88,0.01,105,250740,买盘
1130,13:34:43,23.87,0.02,100,238700,买盘
1131,13:34:40,23.85,--,9,21465,卖盘
1132,13:34:37,23.85,-0.01,18,42930,卖盘
1133,13:34:34,23.86,--,2,4772,卖盘
1134,13:34:31,23.86,-0.01,67,161651,卖盘
1135,13:34:28,23.87,0.01,24,57288,买盘
1136,13:34:25,23.86,-0.01,1,2386,卖盘
1137,13:34:22,23.87,-0.01,11,26257,卖盘
1138,13:34:19,23.88,0.01,260,620880,买盘
1139,13:34:16,23.87,--,1,3150,卖盘
1140,13:34:13,23.87,-0.01,7,16709,卖盘
1141,13:34:10,23.88,--,4,9552,买盘
1142,13:34:04,23.88,0.01,22,52536,买盘
1143,13:33:58,23.87,--,5,11935,卖盘
1144,13:33:55,23.87,0.01,86,206905,买盘
1145,13:33:52,23.86,-0.01,98,234281,卖盘
1146,13:33:49,23.87,--,142,338954,买盘
1147,13:33:43,23.87,0.01,3,7161,买盘
1148,13:33:40,23.86,--,4,9544,卖盘
1149,13:33:34,23.86,--,37,88282,买盘
1150,13:33:28,23.86,-0.01,52,124072,买盘
1151,13:33:25,23.87,0.02,6,14322,买盘
1152,13:33:19,23.85,--,4,9540,卖盘
1153,13:33:13,23.85,-0.01,93,221805,卖盘
1154,13:33:10,23.86,-0.01,93,223043,卖盘
1155,13:33:07,23.87,--,215,513205,买盘
1156,13:33:01,23.87,--,2,4774,买盘
1157,13:32:58,23.87,0.01,6,14322,买盘
1158,13:32:52,23.86,-0.01,3,7158,卖盘
1159,13:32:49,23.87,0.02,14,33418,买盘
1160,13:32:46,23.85,-0.02,4,9540,卖盘
1161,13:32:42,23.87,0.02,2,4774,买盘
1162,13:32:36,23.85,--,33,78705,卖盘
1163,13:32:33,23.85,-0.02,48,114480,卖盘
1164,13:32:30,23.87,--,118,281666,卖盘
1165,13:32:24,23.87,0.02,3,7161,买盘
1166,13:32:21,23.85,--,4,9540,卖盘
1167,13:32:15,23.85,-0.03,26,62010,卖盘
1168,13:32:09,23.88,0.01,2,4776,买盘
1169,13:32:06,23.87,0.01,84,200508,买盘
1170,13:32:00,23.86,0.01,93,222184,买盘
1171,13:31:54,23.85,--,14,33390,卖盘
1172,13:31:51,23.85,--,151,362233,卖盘
1173,13:31:48,23.85,--,1,2385,卖盘
1174,13:31:45,23.85,--,1,2385,卖盘
1175,13:31:42,23.85,0.02,13,32412,买盘
1176,13:31:39,23.83,-0.02,93,221618,卖盘
1177,13:31:36,23.85,--,50,119250,买盘
1178,13:31:33,23.85,0.02,1,2385,买盘
1179,13:31:27,23.83,--,2,4766,卖盘
1180,13:31:24,23.83,-0.02,24,57191,卖盘
1181,13:31:21,23.85,0.02,11,26235,买盘
1182,13:31:18,23.83,--,28,66724,卖盘
1183,13:31:15,23.83,-0.02,2,4766,卖盘
1184,13:31:12,23.85,0.01,56,133560,买盘
1185,13:31:09,23.84,--,91,218493,卖盘
1186,13:31:06,23.84,--,9,21456,买盘
1187,13:31:03,23.84,--,86,205024,买盘
1188,13:30:57,23.84,0.01,30,71520,买盘
1189,13:30:54,23.83,0.01,6,14297,中性盘
1190,13:30:51,23.82,-0.02,264,630634,卖盘
1191,13:30:45,23.84,--,9,21456,买盘
1192,13:30:42,23.84,0.01,3,7152,买盘
1193,13:30:39,23.83,--,1,2383,卖盘
1194,13:30:33,23.83,-0.01,69,164427,卖盘
1195,13:30:27,23.84,0.01,2,4768,买盘
1196,13:30:24,23.83,-0.01,2,4766,卖盘
1197,13:30:15,23.84,0.01,47,112048,买盘
1198,13:30:06,23.83,--,92,219235,卖盘
1199,13:30:00,23.83,-0.01,2,4766,卖盘
1200,13:29:57,23.84,--,63,150192,买盘
1201,13:29:51,23.84,-0.01,320,762880,卖盘
1202,13:29:48,23.85,--,1,2385,买盘
1203,13:29:45,23.85,--,2,4770,买盘
1204,13:29:39,23.85,--,122,290970,买盘
1205,13:29:33,23.85,-0.01,384,916817,卖盘
1206,13:29:30,23.86,0.01,3,7158,买盘
1207,13:29:27,23.85,-0.01,9,21465,卖盘
1208,13:29:24,23.86,--,25,59650,买盘
1209,13:29:18,23.86,--,15,35790,买盘
1210,13:29:15,23.86,--,10,23860,买盘
1211,13:29:09,23.86,--,30,72653,卖盘
1212,13:29:03,23.86,-0.01,2,4772,卖盘
1213,13:29:00,23.87,0.01,11,26257,买盘
1214,13:28:54,23.86,--,2,4772,卖盘
1215,13:28:42,23.86,-0.01,56,133616,卖盘
1216,13:28:39,23.87,--,2,4774,买盘
1217,13:28:36,23.87,--,111,266078,买盘
1218,13:28:30,23.87,--,18,42966,买盘
1219,13:28:27,23.87,0.01,15,35805,买盘
1220,13:28:21,23.86,--,77,183722,卖盘
1221,13:28:18,23.86,-0.01,99,236214,卖盘
1222,13:28:12,23.87,0.01,3,7161,中性盘
1223,13:27:57,23.86,--,21,50106,卖盘
1224,13:27:54,23.86,--,1,2576,买盘
1225,13:27:51,23.86,-0.02,51,121686,卖盘
1226,13:27:48,23.88,--,5,11940,买盘
1227,13:27:45,23.88,--,5,11940,买盘
1228,13:27:39,23.88,0.02,2,4776,买盘
1229,13:27:36,23.86,-0.02,165,394334,卖盘
1230,13:27:33,23.88,-0.01,50,119400,卖盘
1231,13:27:30,23.89,0.01,56,133784,买盘
1232,13:27:27,23.88,--,63,150444,卖盘
1233,13:27:24,23.88,0.03,23,56667,买盘
1234,13:27:15,23.85,-0.03,2,4770,卖盘
1235,13:27:12,23.88,--,85,204412,买盘
1236,13:27:09,23.88,--,8,19104,买盘
1237,13:27:06,23.88,--,2,4776,买盘
1238,13:27:03,23.88,0.02,203,484764,买盘
1239,13:26:57,23.86,-0.01,9,22118,卖盘
1240,13:26:51,23.87,-0.01,2,4774,卖盘
1241,13:26:45,23.88,0.02,3,7164,买盘
1242,13:26:42,23.86,0.01,32,78093,买盘
1243,13:26:39,23.85,-0.01,200,477643,卖盘
1244,13:26:36,23.86,-0.03,73,174941,卖盘
1245,13:26:30,23.89,--,2,4778,买盘
1246,13:26:24,23.89,0.02,94,224566,买盘
1247,13:26:21,23.87,0.01,2,4774,卖盘
1248,13:26:18,23.86,-0.03,22,52492,卖盘
1249,13:26:15,23.89,--,56,133784,买盘
1250,13:26:12,23.89,0.01,2,4778,买盘
1251,13:26:09,23.88,0.02,5,11940,中性盘
1252,13:25:57,23.86,--,87,208560,卖盘
1253,13:25:45,23.86,-0.02,215,512990,卖盘
1254,13:25:39,23.88,0.02,2,4776,买盘
1255,13:25:36,23.86,-0.02,2,4772,卖盘
1256,13:25:33,23.88,--,10,23880,买盘
1257,13:25:27,23.88,0.03,22,52536,买盘
1258,13:25:24,23.85,-0.03,2,4770,卖盘
1259,13:25:21,23.88,0.03,30,71640,买盘
1260,13:25:12,23.85,-0.01,21,50085,卖盘
1261,13:25:09,23.86,-0.01,43,102598,卖盘
1262,13:25:03,23.87,-0.01,2,4774,卖盘
1263,13:25:00,23.88,0.02,56,133728,买盘
1264,13:24:57,23.86,0.01,10,23860,卖盘
1265,13:24:54,23.85,-0.03,2,4770,卖盘
1266,13:24:51,23.88,0.03,1,2388,买盘
1267,13:24:42,23.85,--,6,14310,卖盘
1268,13:24:33,23.85,-0.01,109,259965,卖盘
1269,13:24:30,23.86,--,45,109064,卖盘
1270,13:24:24,23.86,-0.02,500,1193000,卖盘
1271,13:24:21,23.88,0.01,5,11940,买盘
1272,13:24:18,23.87,-0.01,613,1463231,卖盘
1273,13:24:12,23.88,--,30,71640,买盘
1274,13:24:09,23.88,0.01,4,9552,买盘
1275,13:23:57,23.87,-0.01,1,2387,卖盘
1276,13:23:54,23.88,-0.01,14,33432,卖盘
1277,13:23:48,23.89,0.01,58,138562,中性盘
1278,13:23:45,23.88,-0.02,2,4776,卖盘
1279,13:23:42,23.9,0.02,2,4780,买盘
1280,13:23:36,23.88,--,1,2388,卖盘
1281,13:23:27,23.88,0.01,11,26268,卖盘
1282,13:23:24,23.87,0.01,20,48432,买盘
1283,13:23:21,23.86,-0.01,7,16702,卖盘
1284,13:23:18,23.87,0.01,21,50127,买盘
1285,13:23:12,23.86,-0.04,90,215074,卖盘
1286,13:23:03,23.9,--,4,9560,买盘
1287,13:22:57,23.9,0.03,10,23900,买盘
1288,13:22:54,23.87,-0.03,21,50127,卖盘
1289,13:22:51,23.9,--,12,28680,买盘
1290,13:22:48,23.9,0.01,97,231830,买盘
1291,13:22:42,23.89,-0.01,2,4778,卖盘
1292,13:22:39,23.9,-0.01,3,7170,卖盘
1293,13:22:36,23.91,--,20,47820,买盘
1294,13:22:33,23.91,--,1,2391,买盘
1295,13:22:30,23.91,--,59,141069,买盘
1296,13:22:24,23.91,--,152,363432,卖盘
1297,13:22:18,23.91,0.03,253,604923,买盘
1298,13:22:15,23.88,-0.02,8,19104,卖盘
1299,13:22:09,23.9,0.01,15,35850,卖盘
1300,13:22:06,23.89,--,2,4778,卖盘
1301,13:22:03,23.89,-0.02,90,215010,卖盘
1302,13:22:00,23.91,0.04,422,1011058,买盘
1303,13:21:54,23.87,-0.03,27,64878,卖盘
1304,13:21:48,23.9,--,7,16730,买盘
1305,13:21:45,23.9,--,94,224660,买盘
1306,13:21:39,23.9,--,8,19120,买盘
1307,13:21:36,23.9,0.01,21,50190,买盘
1308,13:21:33,23.89,-0.01,6,14334,卖盘
1309,13:21:30,23.9,0.02,2,4780,买盘
1310,13:21:24,23.88,--,1,2388,卖盘
1311,13:21:21,23.88,-0.02,19,45372,卖盘
1312,13:21:18,23.9,0.02,58,138620,买盘
1313,13:21:15,23.88,--,42,102254,买盘
1314,13:21:09,23.88,0.03,55,131340,买盘
1315,13:21:06,23.85,-0.03,91,217035,卖盘
1316,13:21:00,23.88,--,13,31044,买盘
1317,13:20:57,23.88,--,107,255516,买盘
1318,13:20:54,23.88,0.02,50,119400,买盘
1319,13:20:48,23.86,-0.04,89,214215,卖盘
1320,13:20:45,23.9,--,111,265290,卖盘
1321,13:20:42,23.9,0.02,9,22896,买盘
1322,13:20:39,23.88,--,75,179100,卖盘
1323,13:20:30,23.88,--,2,4776,卖盘
1324,13:20:27,23.88,-0.02,800,1910400,卖盘
1325,13:20:18,23.9,0.02,301,719581,买盘
1326,13:20:12,23.88,--,166,397745,卖盘
1327,13:20:06,23.88,0.02,22,52536,买盘
1328,13:20:00,23.86,-0.02,1,2386,卖盘
1329,13:19:57,23.88,0.02,58,138504,买盘
1330,13:19:54,23.86,-0.02,41,98422,卖盘
1331,13:19:51,23.88,0.02,4,9552,买盘
1332,13:19:42,23.86,-0.01,2,4772,卖盘
1333,13:19:39,23.87,-0.01,47,112189,中性盘
1334,13:19:33,23.88,-0.01,27,64476,中性盘
1335,13:19:27,23.89,0.03,50,119450,买盘
1336,13:19:21,23.86,-0.02,93,221898,卖盘
1337,13:19:15,23.88,0.01,58,139315,买盘
1338,13:19:12,23.87,-0.02,8,20241,卖盘
1339,13:19:00,23.89,0.02,40,95560,买盘
1340,13:18:48,23.87,-0.02,41,97867,卖盘
1341,13:18:42,23.89,0.01,51,121839,买盘
1342,13:18:39,23.88,--,64,152832,卖盘
1343,13:18:36,23.88,--,66,158849,卖盘
1344,13:18:33,23.88,0.01,61,145668,中性盘
1345,13:18:27,23.87,-0.01,121,288827,卖盘
1346,13:18:24,23.88,0.01,11,26268,买盘
1347,13:18:21,23.87,--,2,4774,卖盘
1348,13:18:18,23.87,--,6,14322,卖盘
1349,13:18:06,23.87,-0.01,5,11935,卖盘
1350,13:18:00,23.88,0.02,50,121023,买盘
1351,13:17:57,23.86,--,7,16702,卖盘
1352,13:17:54,23.86,-0.01,40,96394,卖盘
1353,13:17:45,23.87,0.01,81,193347,买盘
1354,13:17:42,23.86,0.02,5,11930,卖盘
1355,13:17:39,23.84,-0.02,93,221712,卖盘
1356,13:17:36,23.86,--,78,186203,买盘
1357,13:17:33,23.86,--,27,64422,买盘
1358,13:17:30,23.86,--,5,11930,买盘
1359,13:17:27,23.86,-0.01,4,9544,买盘
1360,13:17:24,23.87,0.02,61,145607,买盘
1361,13:17:21,23.85,-0.02,6,14310,中性盘
1362,13:17:18,23.87,0.02,9,21483,买盘
1363,13:17:12,23.85,-0.02,63,150732,卖盘
1364,13:17:06,23.87,0.01,11,26257,中性盘
1365,13:17:03,23.86,-0.01,9,21474,卖盘
1366,13:16:57,23.87,--,6,14322,买盘
1367,13:16:54,23.87,-0.01,1,2387,中性盘
1368,13:16:51,23.88,0.01,57,136116,买盘
1369,13:16:45,23.87,0.01,5,11935,买盘
1370,13:16:42,23.86,--,1,2386,卖盘
1371,13:16:36,23.86,--,5,11930,卖盘
1372,13:16:27,23.86,-0.02,157,374602,卖盘
1373,13:16:21,23.88,--,2,4776,买盘
1374,13:16:18,23.88,-0.02,16,38208,卖盘
1375,13:16:15,23.9,--,52,124279,买盘
1376,13:16:12,23.9,--,1,2390,买盘
1377,13:16:08,23.9,0.02,56,133840,买盘
1378,13:16:05,23.88,-0.02,5,11940,卖盘
1379,13:16:02,23.9,--,11,26290,买盘
1380,13:15:59,23.9,0.03,7,16730,买盘
1381,13:15:56,23.87,--,95,226765,卖盘
1382,13:15:53,23.87,-0.01,38,90706,卖盘
1383,13:15:50,23.88,-0.02,13,31044,卖盘
1384,13:15:44,23.9,--,15,35850,买盘
1385,13:15:41,23.9,--,10,23900,买盘
1386,13:15:29,23.9,-0.01,8,19120,卖盘
1387,13:15:26,23.91,0.01,91,217581,买盘
1388,13:15:20,23.9,0.03,6,14340,卖盘
1389,13:15:11,23.87,-0.05,92,221036,卖盘
1390,13:15:05,23.92,0.02,15,35880,买盘
1391,13:15:02,23.9,--,1,2390,买盘
1392,13:14:59,23.9,--,7,16730,买盘
1393,13:14:56,23.9,-0.02,123,294448,卖盘
1394,13:14:50,23.92,0.01,15,35880,买盘
1395,13:14:47,23.91,--,11,26301,卖盘
1396,13:14:44,23.91,--,111,265401,卖盘
1397,13:14:41,23.91,--,12,30126,买盘
1398,13:14:38,23.91,0.01,26,62166,买盘
1399,13:14:32,23.9,--,2,5258,卖盘
1400,13:14:29,23.9,--,2,4780,卖盘
1401,13:14:26,23.9,0.03,14,33460,买盘
1402,13:14:20,23.87,-0.03,96,229152,卖盘
1403,13:14:17,23.9,-0.01,25,59750,卖盘
1404,13:14:14,23.91,0.01,22,52602,买盘
1405,13:14:05,23.9,0.02,51,121890,买盘
1406,13:14:02,23.88,-0.02,5,11940,卖盘
1407,13:13:59,23.9,--,15,35850,买盘
1408,13:13:56,23.9,0.02,47,112330,买盘
1409,13:13:53,23.88,--,5,11940,卖盘
1410,13:13:50,23.88,-0.02,15,37730,卖盘
1411,13:13:47,23.9,0.02,2,5258,买盘
1412,13:13:44,23.88,--,15,35820,卖盘
1413,13:13:41,23.88,-0.02,62,148056,卖盘
1414,13:13:38,23.9,0.02,13,31069,买盘
1415,13:13:32,23.88,--,6,14328,卖盘
1416,13:13:20,23.88,0.01,5,11940,卖盘
1417,13:13:11,23.87,-0.02,42,100254,卖盘
1418,13:13:05,23.89,--,9,21501,买盘
1419,13:13:02,23.89,0.01,2,4778,买盘
1420,13:12:56,23.88,-0.02,5,11940,卖盘
1421,13:12:53,23.9,0.04,5,11950,买盘
1422,13:12:50,23.86,--,97,231442,卖盘
1423,13:12:44,23.86,-0.04,5,11930,中性盘
1424,13:12:35,23.9,0.05,30,71700,买盘
1425,13:12:32,23.85,-0.05,11,26712,卖盘
1426,13:12:29,23.9,0.05,11,26290,买盘
1427,13:12:26,23.85,-0.05,4,9540,卖盘
1428,13:12:23,23.9,--,56,133840,买盘
1429,13:12:17,23.9,0.07,11,26290,买盘
1430,13:12:14,23.83,--,6,14297,卖盘
1431,13:11:59,23.83,-0.07,5,11915,卖盘
1432,13:11:56,23.9,0.07,13,31069,买盘
1433,13:11:50,23.83,-0.07,5,11915,卖盘
1434,13:11:44,23.9,0.06,19,45410,买盘
1435,13:11:41,23.84,-0.04,5,11920,卖盘
1436,13:11:38,23.88,-0.02,4,9552,卖盘
1437,13:11:35,23.9,--,3,7170,买盘
1438,13:11:32,23.9,0.1,31,74090,买盘
1439,13:11:20,23.8,-0.03,91,216580,卖盘
1440,13:11:17,23.83,-0.07,17,40511,卖盘
1441,13:11:14,23.9,0.07,11,26290,买盘
1442,13:11:11,23.83,-0.07,11,26212,卖盘
1443,13:11:08,23.9,0.07,64,152960,买盘
1444,13:11:02,23.83,-0.06,10,23830,卖盘
1445,13:10:59,23.89,-0.01,15,35835,中性盘
1446,13:10:47,23.9,0.07,33,78870,买盘
1447,13:10:44,23.83,-0.08,8,19064,卖盘
1448,13:10:38,23.91,0.03,26,62166,买盘
1449,13:10:35,23.88,-0.01,5,11940,卖盘
1450,13:10:29,23.89,-0.03,8,19112,卖盘
1451,13:10:26,23.92,0.02,14,33488,买盘
1452,13:10:23,23.9,-0.02,13,31069,中性盘
1453,13:10:17,23.92,0.03,12,28704,买盘
1454,13:10:14,23.89,--,2,4778,卖盘
1455,13:10:11,23.89,-0.03,9,21501,卖盘
1456,13:10:08,23.92,--,201,480792,买盘
1457,13:10:05,23.92,0.04,17,40664,买盘
1458,13:10:02,23.88,-0.04,5,11940,卖盘
1459,13:09:59,23.92,--,5,11960,买盘
1460,13:09:56,23.92,0.03,149,356408,买盘
1461,13:09:47,23.89,-0.03,7,16723,卖盘
1462,13:09:44,23.92,--,3,7176,买盘
1463,13:09:41,23.92,--,4,9568,买盘
1464,13:09:38,23.92,-0.01,29,69368,中性盘
1465,13:09:35,23.93,0.05,15,35895,买盘
1466,13:09:29,23.88,0.03,32,76416,买盘
1467,13:09:26,23.85,-0.03,6,14310,卖盘
1468,13:09:20,23.88,-0.07,18,44154,卖盘
1469,13:09:17,23.95,--,5,11975,卖盘
1470,13:09:14,23.95,0.08,230,552071,买盘
1471,13:09:11,23.87,--,45,107415,买盘
1472,13:09:08,23.87,-0.01,33,78771,卖盘
1473,13:09:05,23.88,--,1,2388,买盘
1474,13:09:02,23.88,--,12,28656,买盘
1475,13:08:59,23.88,0.03,3,7164,买盘
1476,13:08:56,23.85,-0.02,5,11925,卖盘
1477,13:08:53,23.87,--,15,36019,卖盘
1478,13:08:44,23.87,--,5,11935,卖盘
1479,13:08:38,23.87,0.03,58,138446,买盘
1480,13:08:35,23.84,0.01,10,26009,买盘
1481,13:08:32,23.83,--,5,11915,卖盘
1482,13:08:20,23.83,-0.01,5,11915,卖盘
1483,13:08:14,23.84,0.01,14,33376,买盘
1484,13:08:11,23.83,--,21,50043,买盘
1485,13:08:08,23.83,--,9,21447,买盘
1486,13:08:05,23.83,0.03,2,4766,买盘
1487,13:08:02,23.8,0.03,16,38080,中性盘
1488,13:07:56,23.77,-0.01,93,221061,卖盘
1489,13:07:50,23.78,--,17,40426,卖盘
1490,13:07:47,23.78,-0.02,10,23780,卖盘
1491,13:07:44,23.8,--,20,49765,买盘
1492,13:07:41,23.8,0.02,22,52360,买盘
1493,13:07:38,23.78,-0.02,5,11890,卖盘
1494,13:07:35,23.8,--,49,116620,买盘
1495,13:07:29,23.8,0.02,56,133280,买盘
1496,13:07:26,23.78,-0.02,16,38048,中性盘
1497,13:07:23,23.8,--,10,23800,买盘
1498,13:07:20,23.8,--,110,263489,买盘
1499,13:07:17,23.8,0.02,47,111860,买盘
1500,13:07:14,23.78,0.01,9,21402,中性盘
1501,13:07:11,23.77,--,5,11885,卖盘
1502,13:07:08,23.77,--,14,33278,卖盘
1503,13:07:05,23.77,--,5,11885,卖盘
1504,13:06:59,23.77,-0.03,73,173521,卖盘
1505,13:06:56,23.8,0.03,11,26180,买盘
1506,13:06:50,23.77,-0.03,11,26147,卖盘
1507,13:06:47,23.8,--,39,92820,买盘
1508,13:06:44,23.8,0.04,92,218960,买盘
1509,13:06:41,23.76,-0.01,11,26136,卖盘
1510,13:06:38,23.77,-0.03,22,52294,卖盘
1511,13:06:35,23.8,--,48,114240,买盘
1512,13:06:32,23.8,0.03,23,54740,买盘
1513,13:06:29,23.77,-0.03,4,9508,卖盘
1514,13:06:26,23.8,0.03,14,33320,买盘
1515,13:06:20,23.77,-0.03,17,40409,卖盘
1516,13:06:14,23.8,--,4,9520,买盘
1517,13:06:11,23.8,0.04,31,73780,买盘
1518,13:06:08,23.76,-0.04,61,144936,卖盘
1519,13:06:05,23.8,-0.04,7,16660,买盘
1520,13:06:02,23.84,0.08,10,23840,买盘
1521,13:05:59,23.76,-0.01,15,36709,卖盘
1522,13:05:56,23.77,-0.07,82,196221,卖盘
1523,13:05:47,23.84,--,63,150192,买盘
1524,13:05:38,23.84,0.04,7,16688,中性盘
1525,13:05:26,23.8,--,69,165291,买盘
1526,13:05:23,23.8,--,3,7140,买盘
1527,13:05:20,23.8,--,90,214200,买盘
1528,13:05:14,23.8,--,15,35700,买盘
1529,13:05:11,23.8,--,7,16660,买盘
1530,13:05:08,23.8,--,6,14280,买盘
1531,13:05:05,23.8,0.08,26,61880,买盘
1532,13:05:02,23.72,-0.03,358,849176,卖盘
1533,13:04:56,23.75,-0.11,45,108181,卖盘
1534,13:04:53,23.86,0.03,21,50106,买盘
1535,13:04:47,23.83,0.03,3,7148,买盘
1536,13:04:44,23.8,0.06,4,10591,买盘
1537,13:04:41,23.74,--,6,14243,卖盘
1538,13:04:38,23.74,-0.06,80,191035,卖盘
1539,13:04:35,23.8,0.06,201,478380,买盘
1540,13:04:32,23.74,--,6,14243,卖盘
1541,13:04:29,23.74,0.02,46,110794,买盘
1542,13:04:26,23.72,--,3,7116,卖盘
1543,13:04:20,23.72,-0.03,40,94880,卖盘
1544,13:04:17,23.75,-0.04,62,148033,卖盘
1545,13:04:14,23.79,--,155,368745,买盘
1546,13:04:11,23.79,0.01,43,102297,买盘
1547,13:04:05,23.78,0.07,49,118115,买盘
1548,13:03:56,23.71,-0.07,34,80614,卖盘
1549,13:03:53,23.78,0.01,221,525538,买盘
1550,13:03:50,23.77,0.05,1,2377,买盘
1551,13:03:47,23.72,-0.06,36,85392,卖盘
1552,13:03:41,23.78,--,1,2378,买盘
1553,13:03:38,23.78,0.08,82,194996,买盘
1554,13:03:35,23.7,-0.07,205,485850,卖盘
1555,13:03:32,23.77,--,6,14262,卖盘
1556,13:03:29,23.77,--,27,64179,卖盘
1557,13:03:26,23.77,0.07,5,11885,卖盘
1558,13:03:20,23.7,-0.07,27,63990,卖盘
1559,13:03:17,23.77,0.06,27,66532,买盘
1560,13:03:14,23.71,--,6,14226,卖盘
1561,13:03:11,23.71,0.01,8,18968,中性盘
1562,13:03:08,23.7,-0.07,27,63990,卖盘
1563,13:03:05,23.77,0.07,9,21393,买盘
1564,13:02:56,23.7,-0.07,230,545100,卖盘
1565,13:02:53,23.77,0.07,115,273355,中性盘
1566,13:02:47,23.7,-0.05,27,63990,卖盘
1567,13:02:44,23.75,0.05,2,4750,买盘
1568,13:02:41,23.7,--,6,14220,卖盘
1569,13:02:38,23.7,--,124,293998,卖盘
1570,13:02:32,23.7,0.01,6,14220,买盘
1571,13:02:29,23.69,-0.09,34,80546,卖盘
1572,13:02:26,23.78,0.08,56,133168,买盘
1573,13:02:20,23.7,--,5,11850,卖盘
1574,13:02:17,23.7,0.02,35,82950,中性盘
1575,13:02:08,23.68,-0.01,140,333248,卖盘
1576,13:02:02,23.69,-0.01,32,76447,卖盘
1577,13:01:59,23.7,--,207,492320,买盘
1578,13:01:53,23.7,--,8,18960,买盘
1579,13:01:47,23.7,0.01,36,85320,买盘
1580,13:01:44,23.69,-0.01,16,37904,卖盘
1581,13:01:41,23.7,--,10,23700,买盘
1582,13:01:38,23.7,--,38,90060,买盘
1583,13:01:35,23.7,--,17,40290,买盘
1584,13:01:32,23.7,-0.05,275,652389,卖盘
1585,13:01:29,23.75,0.04,97,230375,买盘
1586,13:01:26,23.71,-0.02,276,654396,卖盘
1587,13:01:23,23.73,0.02,5,11865,卖盘
1588,13:01:17,23.71,-0.07,34,80614,卖盘
1589,13:01:14,23.78,0.07,64,152192,买盘
1590,13:01:08,23.71,-0.07,76,182258,卖盘
1591,13:01:05,23.78,0.05,1,2378,买盘
1592,13:01:02,23.73,--,31,73563,卖盘
1593,13:00:56,23.73,--,3,7119,卖盘
1594,13:00:53,23.73,--,6,14238,卖盘
1595,13:00:50,23.73,0.02,29,68817,中性盘
1596,13:00:38,23.71,-0.07,432,1024272,卖盘
1597,13:00:35,23.78,0.03,20,47560,买盘
1598,13:00:29,23.75,0.02,20,47500,买盘
1599,13:00:26,23.73,-0.02,35,83055,卖盘
1600,13:00:20,23.75,0.02,1,2375,买盘
1601,13:00:17,23.73,--,36,85428,卖盘
1602,13:00:11,23.73,-0.05,103,244419,卖盘
1603,13:00:05,23.78,0.03,938,2231800,买盘
1604,13:00:02,23.75,0.03,14,33250,买盘
1605,11:30:00,23.72,--,122,289384,卖盘
1606,11:29:57,23.72,-0.01,89,212033,中性盘
1607,11:29:54,23.73,0.03,5,11865,中性盘
1608,11:29:51,23.7,-0.05,99,234630,卖盘
1609,11:29:45,23.75,0.05,10,23750,买盘
1610,11:29:39,23.7,-0.02,300,711000,卖盘
1611,11:29:36,23.72,-0.01,52,123344,卖盘
1612,11:29:33,23.73,0.02,9,21357,卖盘
1613,11:29:27,23.71,-0.04,51,120921,卖盘
1614,11:29:24,23.75,0.03,11,26125,买盘
1615,11:29:21,23.72,--,85,201620,卖盘
1616,11:29:18,23.72,-0.07,168,399919,卖盘
1617,11:29:15,23.79,0.06,14,34257,买盘
1618,11:29:12,23.73,--,30,71190,卖盘
1619,11:29:09,23.73,-0.06,200,474600,卖盘
1620,11:29:06,23.79,0.04,207,492453,买盘
1621,11:29:03,23.75,--,79,187625,卖盘
1622,11:29:00,23.75,--,78,185250,卖盘
1623,11:28:54,23.75,--,1,2375,买盘
1624,11:28:51,23.75,0.03,209,496375,中性盘
1625,11:28:48,23.72,-0.08,85,201620,卖盘
1626,11:28:45,23.8,0.07,161,383180,买盘
1627,11:28:42,23.73,--,12,28476,卖盘
1628,11:28:39,23.73,-0.01,290,689380,卖盘
1629,11:28:33,23.74,--,11,26398,卖盘
1630,11:28:30,23.74,-0.01,113,268262,卖盘
1631,11:28:27,23.75,--,158,375250,卖盘
1632,11:28:24,23.75,-0.01,5,11875,卖盘
1633,11:28:15,23.76,-0.02,5,11880,中性盘
1634,11:28:12,23.78,--,11,26158,买盘
1635,11:28:09,23.78,0.03,2,4756,买盘
1636,11:28:06,23.75,-0.03,5,11875,卖盘
1637,11:28:03,23.78,--,2,4756,买盘
1638,11:28:00,23.78,0.03,15,35670,买盘
1639,11:27:57,23.75,--,12,30613,卖盘
1640,11:27:54,23.75,--,27,64125,卖盘
1641,11:27:48,23.75,0.01,128,304000,中性盘
1642,11:27:45,23.74,-0.01,6,14243,卖盘
1643,11:27:36,23.75,--,13,32062,卖盘
1644,11:27:33,23.75,-0.03,5,11875,中性盘
1645,11:27:27,23.78,0.03,55,130790,买盘
1646,11:27:24,23.75,--,7,16625,卖盘
1647,11:27:21,23.75,--,193,458375,买盘
1648,11:27:18,23.75,0.01,14,34390,买盘
1649,11:27:09,23.74,--,30,71220,卖盘
1650,11:27:06,23.74,-0.01,5,11870,卖盘
1651,11:27:03,23.75,0.01,11,26125,买盘
1652,11:27:00,23.74,--,18,42732,卖盘
1653,11:26:57,23.74,0.01,149,355079,买盘
1654,11:26:54,23.73,--,10,23730,买盘
1655,11:26:51,23.73,--,132,315134,卖盘
1656,11:26:39,23.73,--,10,24204,卖盘
1657,11:26:30,23.73,0.02,29,68817,买盘
1658,11:26:27,23.71,-0.01,38,90098,卖盘
1659,11:26:24,23.72,--,109,258548,卖盘
1660,11:26:21,23.72,--,60,142320,卖盘
1661,11:26:15,23.72,-0.01,81,192132,卖盘
1662,11:26:12,23.73,-0.01,10,23730,卖盘
1663,11:26:09,23.74,--,4,9496,买盘
1664,11:26:03,23.74,0.01,58,137692,买盘
1665,11:26:00,23.73,--,26,61698,买盘
1666,11:25:57,23.73,-0.01,20,47460,卖盘
1667,11:25:54,23.74,--,84,199416,买盘
1668,11:25:51,23.74,--,11,26114,买盘
1669,11:25:45,23.74,--,5,11870,买盘
1670,11:25:42,23.74,--,6,14243,买盘
1671,11:25:39,23.74,--,3,7121,买盘
1672,11:25:36,23.74,-0.01,69,164993,卖盘
1673,11:25:33,23.75,--,134,318250,卖盘
1674,11:25:30,23.75,0.01,7,16625,卖盘
1675,11:25:27,23.74,-0.04,95,225529,卖盘
1676,11:25:24,23.78,0.03,35,83230,买盘
1677,11:25:21,23.75,--,6,14250,卖盘
1678,11:25:18,23.75,-0.03,59,142215,卖盘
1679,11:25:15,23.78,0.03,10,23780,买盘
1680,11:25:09,23.75,-0.05,5,11875,卖盘
1681,11:24:57,23.8,0.01,460,1094800,买盘
1682,11:24:54,23.79,0.02,402,956358,买盘
1683,11:24:48,23.77,--,20,47540,卖盘
1684,11:24:45,23.77,-0.02,9,21393,卖盘
1685,11:24:42,23.79,--,3,7137,买盘
1686,11:24:39,23.79,0.01,222,528138,买盘
1687,11:24:36,23.78,--,5,11890,卖盘
1688,11:24:33,23.78,-0.02,206,489868,卖盘
1689,11:24:30,23.8,0.01,11,26180,买盘
1690,11:24:24,23.79,-0.01,23,54717,卖盘
1691,11:24:15,23.8,-0.01,6,14280,卖盘
1692,11:24:12,23.81,0.02,5,11905,中性盘
1693,11:24:03,23.79,-0.07,10,23790,卖盘
1694,11:24:00,23.86,0.04,10,24695,买盘
1695,11:23:54,23.82,-0.03,28,66696,卖盘
1696,11:23:48,23.85,0.03,47,112095,买盘
1697,11:23:45,23.82,0.03,19,45258,买盘
1698,11:23:42,23.79,--,146,347334,卖盘
1699,11:23:39,23.79,-0.03,4,9516,卖盘
1700,11:23:30,23.82,--,22,52404,买盘
1701,11:23:24,23.82,0.03,1,2382,买盘
1702,11:23:21,23.79,--,46,110385,卖盘
1703,11:23:18,23.79,-0.03,6,14274,卖盘
1704,11:23:15,23.82,--,10,23820,买盘
1705,11:23:09,23.82,--,6,14292,买盘
1706,11:23:06,23.82,0.03,2,4764,中性盘
1707,11:22:57,23.79,-0.03,44,104676,卖盘
1708,11:22:54,23.82,-0.04,1,3263,卖盘
1709,11:22:51,23.86,0.04,4,9544,买盘
1710,11:22:48,23.82,--,5,11910,卖盘
1711,11:22:36,23.82,0.04,50,120600,买盘
1712,11:22:33,23.78,0.01,5,11890,中性盘
1713,11:22:30,23.77,0.01,93,221061,中性盘
1714,11:22:24,23.76,-0.01,5,11880,卖盘
1715,11:22:21,23.77,--,34,82885,买盘
1716,11:22:18,23.77,--,65,154814,卖盘
1717,11:22:12,23.77,--,5,11885,卖盘
1718,11:22:09,23.77,-0.02,33,78441,卖盘
1719,11:22:03,23.79,0.01,10,25859,买盘
1720,11:22:00,23.78,-0.01,36,87034,卖盘
1721,11:21:57,23.79,0.01,1,2379,买盘
1722,11:21:54,23.78,--,121,287738,卖盘
1723,11:21:51,23.78,-0.01,53,126034,卖盘
1724,11:21:48,23.79,0.01,44,104676,买盘
1725,11:21:45,23.78,-0.01,5,11890,卖盘
1726,11:21:42,23.79,--,6,14274,买盘
1727,11:21:39,23.79,0.01,13,30927,买盘
1728,11:21:36,23.78,-0.01,20,47560,卖盘
1729,11:21:30,23.79,0.01,23,54717,买盘
1730,11:21:27,23.78,--,16,38048,卖盘
1731,11:21:24,23.78,--,23,54694,卖盘
1732,11:21:18,23.78,-0.01,118,281555,卖盘
1733,11:21:12,23.79,-0.01,55,130845,卖盘
1734,11:21:09,23.8,0.01,32,76160,买盘
1735,11:21:06,23.79,-0.01,17,40443,卖盘
1736,11:21:03,23.8,--,168,399840,买盘
1737,11:20:57,23.8,--,8,19040,买盘
1738,11:20:54,23.8,--,117,278460,买盘
1739,11:20:45,23.8,--,78,185640,买盘
1740,11:20:42,23.8,--,10,23800,买盘
1741,11:20:39,23.8,-0.02,985,2346465,卖盘
1742,11:20:36,23.82,--,16,38112,买盘
1743,11:20:29,23.82,0.01,50,119100,买盘
1744,11:20:26,23.81,--,25,59644,卖盘
1745,11:20:20,23.81,-0.01,6,14286,卖盘
1746,11:20:17,23.82,--,4,9528,买盘
1747,11:20:14,23.82,0.01,20,47640,买盘
1748,11:20:08,23.81,-0.05,197,469057,卖盘
1749,11:20:02,23.86,--,56,133616,买盘
1750,11:19:59,23.86,0.04,34,81124,买盘
1751,11:19:56,23.82,--,46,111763,卖盘
1752,11:19:50,23.82,--,5,11910,卖盘
1753,11:19:41,23.82,--,35,83370,卖盘
1754,11:19:38,23.82,--,16,38707,买盘
1755,11:19:29,23.82,0.01,28,66696,买盘
1756,11:19:26,23.81,--,132,314292,卖盘
1757,11:19:14,23.81,-0.01,43,102383,卖盘
1758,11:19:08,23.82,0.01,20,47640,卖盘
1759,11:19:05,23.81,--,21,50001,卖盘
1760,11:19:02,23.81,--,5,11905,卖盘
1761,11:18:59,23.81,--,11,26191,卖盘
1762,11:18:53,23.81,--,59,140479,卖盘
1763,11:18:47,23.81,0.01,41,99478,买盘
1764,11:18:44,23.8,--,54,128520,卖盘
1765,11:18:41,23.8,-0.01,97,230860,卖盘
1766,11:18:38,23.81,-0.06,111,264291,卖盘
1767,11:18:32,23.87,0.07,72,171864,买盘
1768,11:18:29,23.8,-0.02,38,90440,卖盘
1769,11:18:26,23.82,-0.05,8,19056,中性盘
1770,11:18:23,23.87,--,69,164703,买盘
1771,11:18:20,23.87,0.07,18,42966,买盘
1772,11:18:17,23.8,-0.01,93,221340,卖盘
1773,11:18:14,23.81,--,39,92859,卖盘
1774,11:18:05,23.81,-0.06,65,154765,卖盘
1775,11:18:02,23.87,0.06,50,119350,买盘
1776,11:17:59,23.81,--,5,11905,卖盘
1777,11:17:56,23.81,-0.06,230,549368,卖盘
1778,11:17:53,23.87,--,1,2387,买盘
1779,11:17:50,23.87,0.06,50,119350,买盘
1780,11:17:47,23.81,-0.06,16,38096,卖盘
1781,11:17:44,23.87,0.06,20,47740,买盘
1782,11:17:41,23.81,--,34,80954,卖盘
1783,11:17:35,23.81,--,5,11905,卖盘
1784,11:17:32,23.81,-0.06,74,176194,卖盘
1785,11:17:29,23.87,0.04,50,119350,买盘
1786,11:17:26,23.83,0.02,43,102468,中性盘
1787,11:17:20,23.81,--,219,521819,卖盘
1788,11:17:17,23.81,--,31,73811,卖盘
1789,11:17:14,23.81,--,11,26191,卖盘
1790,11:17:11,23.81,-0.06,17,40477,卖盘
1791,11:17:08,23.87,0.06,1,2387,买盘
1792,11:17:05,23.81,--,16,38096,卖盘
1793,11:17:02,23.81,-0.06,12,28572,卖盘
1794,11:16:56,23.87,--,60,143220,买盘
1795,11:16:53,23.87,0.06,31,73997,买盘
1796,11:16:47,23.81,-0.06,10,23810,卖盘
1797,11:16:44,23.87,0.06,81,193347,买盘
1798,11:16:41,23.81,-0.02,9,21429,卖盘
1799,11:16:38,23.83,0.02,67,159661,买盘
1800,11:16:35,23.81,--,218,519510,卖盘
1801,11:16:29,23.81,--,5,11905,卖盘
1802,11:16:29,23.81,0.01,163,388103,买盘
1803,11:16:23,23.8,-0.07,65,154700,卖盘
1804,11:16:20,23.87,0.06,109,260183,买盘
1805,11:16:17,23.81,-0.01,28,66668,卖盘
1806,11:16:11,23.82,-0.04,14,33348,卖盘
1807,11:16:08,23.86,0.03,50,119300,买盘
1808,11:16:05,23.83,0.03,4,9532,买盘
1809,11:15:59,23.8,-0.06,130,309400,卖盘
1810,11:15:56,23.86,0.04,4,9544,买盘
1811,11:15:47,23.82,-0.05,6,14292,中性盘
1812,11:15:44,23.87,0.06,400,954800,买盘
1813,11:15:41,23.81,--,22,52382,卖盘
1814,11:15:35,23.81,--,83,197623,卖盘
1815,11:15:26,23.81,--,5,11905,卖盘
1816,11:15:23,23.81,-0.07,43,102383,卖盘
1817,11:15:20,23.88,0.07,30,71640,买盘
1818,11:15:17,23.81,--,23,54763,卖盘
1819,11:15:14,23.81,--,5,11905,卖盘
1820,11:15:11,23.81,-0.06,40,95240,卖盘
1821,11:15:08,23.87,--,6,14322,卖盘
1822,11:15:05,23.87,--,6,14322,卖盘
1823,11:15:02,23.87,0.05,34,81158,中性盘
1824,11:14:59,23.82,-0.06,10,23820,卖盘
1825,11:14:56,23.88,0.07,11,26268,买盘
1826,11:14:53,23.81,--,45,107145,卖盘
1827,11:14:47,23.81,--,41,97621,卖盘
1828,11:14:38,23.81,--,98,233338,卖盘
1829,11:14:35,23.81,-0.07,144,344006,卖盘
1830,11:14:32,23.88,0.06,2,4776,买盘
1831,11:14:29,23.82,-0.03,93,221526,卖盘
1832,11:14:26,23.85,0.01,201,479385,中性盘
1833,11:14:23,23.84,0.02,30,71520,中性盘
1834,11:14:20,23.82,-0.02,13,30966,卖盘
1835,11:14:17,23.84,-0.05,6,14304,卖盘
1836,11:14:14,23.89,0.05,71,169619,买盘
1837,11:14:08,23.84,-0.02,6,14304,卖盘
1838,11:14:05,23.86,-0.03,66,157476,卖盘
1839,11:14:02,23.89,--,5,11945,买盘
1840,11:13:59,23.89,0.07,18,43002,买盘
1841,11:13:56,23.82,-0.07,223,532924,卖盘
1842,11:13:53,23.89,0.05,3,7167,买盘
1843,11:13:50,23.84,--,507,1208688,卖盘
1844,11:13:41,23.84,--,10,23840,卖盘
1845,11:13:32,23.84,--,18,42912,卖盘
1846,11:13:29,23.84,--,1,2860,买盘
1847,11:13:26,23.84,0.01,2,4768,买盘
1848,11:13:23,23.83,-0.01,40,95320,卖盘
1849,11:13:20,23.84,0.01,1,2384,买盘
1850,11:13:17,23.83,-0.01,11,26212,卖盘
1851,11:13:11,23.84,-0.04,35,83440,卖盘
1852,11:13:05,23.88,0.05,2,4776,买盘
1853,11:13:02,23.83,0.01,18,42894,卖盘
1854,11:12:59,23.82,-0.01,91,216762,卖盘
1855,11:12:53,23.83,-0.03,41,97703,卖盘
1856,11:12:50,23.86,0.03,5,11930,卖盘
1857,11:12:47,23.83,0.01,60,142980,卖盘
1858,11:12:41,23.82,-0.01,6,14292,卖盘
1859,11:12:38,23.83,-0.04,79,190592,卖盘
1860,11:12:32,23.87,0.04,177,422499,买盘
1861,11:12:29,23.83,--,39,92937,卖盘
1862,11:12:23,23.83,-0.03,53,126298,卖盘
1863,11:12:20,23.86,--,110,262460,买盘
1864,11:12:17,23.86,--,8,19088,买盘
1865,11:12:14,23.86,0.03,303,722958,买盘
1866,11:12:11,23.83,--,25,59574,卖盘
1867,11:12:05,23.83,-0.03,59,140597,卖盘
1868,11:12:02,23.86,0.04,10,23860,买盘
1869,11:11:56,23.82,--,99,236556,卖盘
1870,11:11:50,23.82,-0.01,90,214380,卖盘
1871,11:11:47,23.83,0.01,9,21447,买盘
1872,11:11:44,23.82,-0.01,8,19056,卖盘
1873,11:11:41,23.83,0.01,6,14297,中性盘
1874,11:11:35,23.82,-0.04,315,750330,卖盘
1875,11:11:32,23.86,--,17,40562,买盘
1876,11:11:29,23.86,0.01,22,52492,买盘
1877,11:11:26,23.85,-0.01,63,150255,卖盘
1878,11:11:23,23.86,0.01,15,35790,买盘
1879,11:11:17,23.85,-0.02,100,238500,卖盘
1880,11:11:14,23.87,0.01,14,33418,买盘
1881,11:11:11,23.86,--,28,66808,卖盘
1882,11:10:59,23.86,--,74,176564,买盘
1883,11:10:56,23.86,--,10,23860,买盘
1884,11:10:53,23.86,0.01,30,71580,买盘
1885,11:10:50,23.85,-0.01,5,11925,卖盘
1886,11:10:47,23.86,0.01,9,21474,买盘
1887,11:10:44,23.85,--,1,3625,买盘
1888,11:10:38,23.85,-0.01,48,114480,卖盘
1889,11:10:29,23.86,--,19,45334,买盘
1890,11:10:26,23.86,0.01,57,136002,买盘
1891,11:10:23,23.85,--,3,7155,卖盘
1892,11:10:20,23.85,0.01,2,4770,中性盘
1893,11:10:17,23.84,--,5,11920,卖盘
1894,11:10:14,23.84,-0.02,10,23840,卖盘
1895,11:10:11,23.86,0.01,4,9544,买盘
1896,11:10:05,23.85,--,6,14310,卖盘
1897,11:10:02,23.85,-0.01,21,50085,卖盘
1898,11:09:59,23.86,0.01,15,36744,买盘
1899,11:09:56,23.85,--,23,54855,卖盘
1900,11:09:53,23.85,--,5,11925,卖盘
1901,11:09:50,23.85,0.02,29,69165,买盘
1902,11:09:47,23.83,-0.02,58,138214,卖盘
1903,11:09:44,23.85,0.02,15,35775,中性盘
1904,11:09:38,23.83,-0.02,92,219235,卖盘
1905,11:09:35,23.85,0.01,116,277089,买盘
1906,11:09:32,23.84,--,16,38144,卖盘
1907,11:09:26,23.84,--,30,71520,卖盘
1908,11:09:23,23.84,0.01,5,11920,卖盘
1909,11:09:17,23.83,-0.01,101,242112,卖盘
1910,11:09:14,23.84,--,23,55118,买盘
1911,11:09:11,23.84,--,21,50064,买盘
1912,11:09:08,23.84,0.01,4,9536,买盘
1913,11:08:59,23.83,-0.01,8,19064,卖盘
1914,11:08:53,23.84,-0.01,54,130833,卖盘
1915,11:08:50,23.85,--,16,38160,买盘
1916,11:08:47,23.85,0.01,15,35775,买盘
1917,11:08:44,23.84,-0.01,10,23840,卖盘
1918,11:08:41,23.85,0.01,15,35775,买盘
1919,11:08:38,23.84,-0.02,102,243168,卖盘
1920,11:08:32,23.86,--,2,4772,买盘
1921,11:08:29,23.86,0.01,10,23860,买盘
1922,11:08:26,23.85,-0.01,35,83475,卖盘
1923,11:08:23,23.86,--,4,9544,买盘
1924,11:08:17,23.86,0.02,18,42948,买盘
1925,11:08:14,23.84,-0.02,44,104896,卖盘
1926,11:08:08,23.86,0.02,50,119300,买盘
1927,11:08:05,23.84,--,6,14304,卖盘
1928,11:08:02,23.84,-0.01,21,50064,卖盘
1929,11:07:59,23.85,-0.01,42,102459,买盘
1930,11:07:56,23.86,--,7,16702,买盘
1931,11:07:50,23.86,--,10,23860,买盘
1932,11:07:47,23.86,--,2,4772,买盘
1933,11:07:44,23.86,0.01,101,240986,买盘
1934,11:07:41,23.85,--,6,14310,卖盘
1935,11:07:38,23.85,--,41,97785,卖盘
1936,11:07:32,23.85,--,410,977850,卖盘
1937,11:07:23,23.85,--,8,19080,卖盘
1938,11:07:20,23.85,-0.02,39,95185,卖盘
1939,11:07:11,23.87,--,16,38192,买盘
1940,11:07:08,23.87,0.01,10,23870,买盘
1941,11:07:05,23.86,--,5,12144,卖盘
1942,11:06:59,23.86,-0.01,6,14316,卖盘
1943,11:06:56,23.87,--,6,14322,买盘
1944,11:06:53,23.87,0.02,8,19096,买盘
1945,11:06:50,23.85,-0.02,61,145485,卖盘
1946,11:06:47,23.87,0.02,2,4774,买盘
1947,11:06:38,23.85,--,17,40545,卖盘
1948,11:06:35,23.85,-0.02,183,437552,卖盘
1949,11:06:32,23.87,0.01,14,33418,买盘
1950,11:06:29,23.86,0.01,2,4772,卖盘
1951,11:06:26,23.85,-0.01,5,11925,卖盘
1952,11:06:23,23.86,--,33,78738,卖盘
1953,11:06:17,23.86,--,5,11930,卖盘
1954,11:06:14,23.86,--,5,11930,卖盘
1955,11:06:08,23.86,--,3,7706,买盘
1956,11:06:05,23.86,--,16,38176,买盘
1957,11:06:02,23.86,--,15,35790,买盘
1958,11:05:59,23.86,0.01,7,16702,买盘
1959,11:05:56,23.85,-0.01,258,616307,卖盘
1960,11:05:53,23.86,--,13,31566,买盘
1961,11:05:50,23.86,--,123,293478,买盘
1962,11:05:47,23.86,--,5,11930,买盘
1963,11:05:44,23.86,--,73,174178,买盘
1964,11:05:41,23.86,--,12,28632,买盘
1965,11:05:35,23.86,--,2,4772,买盘
1966,11:05:32,23.86,0.01,6,14316,买盘
1967,11:05:29,23.85,-0.01,15,35775,卖盘
1968,11:05:26,23.86,0.01,5,11930,买盘
1969,11:05:23,23.85,-0.01,32,76320,卖盘
1970,11:05:20,23.86,--,10,23860,买盘
1971,11:05:17,23.86,--,85,202810,卖盘
1972,11:05:14,23.86,-0.01,4,9544,卖盘
1973,11:05:08,23.87,--,16,38192,买盘
1974,11:05:05,23.87,--,1,2387,买盘
1975,11:04:59,23.87,0.01,22,52514,买盘
1976,11:04:56,23.86,--,14,33404,卖盘
1977,11:04:53,23.86,--,2,4772,卖盘
1978,11:04:50,23.86,0.01,6,14316,中性盘
1979,11:04:47,23.85,-0.01,5,13809,卖盘
1980,11:04:44,23.86,--,16,38176,买盘
1981,11:04:41,23.86,--,41,97826,买盘
1982,11:04:38,23.86,--,56,134832,卖盘
1983,11:04:26,23.86,--,38,90668,卖盘
1984,11:04:23,23.86,-0.01,39,93054,卖盘
1985,11:04:20,23.87,0.01,53,127680,买盘
1986,11:04:14,23.86,-0.01,87,207582,卖盘
1987,11:04:08,23.87,0.02,76,181412,中性盘
1988,11:04:05,23.85,-0.01,172,410220,卖盘
1989,11:04:02,23.86,--,28,66808,卖盘
1990,11:03:56,23.86,-0.03,223,533223,卖盘
1991,11:03:53,23.89,0.03,9,21501,买盘
1992,11:03:50,23.86,-0.01,51,121686,卖盘
1993,11:03:47,23.87,-0.02,20,47740,卖盘
1994,11:03:44,23.89,--,66,157674,买盘
1995,11:03:41,23.89,--,70,167230,买盘
1996,11:03:38,23.89,0.02,111,265179,买盘
1997,11:03:32,23.87,-0.01,153,365211,卖盘
1998,11:03:29,23.88,-0.01,15,35820,卖盘
1999,11:03:26,23.89,--,62,148118,买盘
2000,11:03:23,23.89,-0.01,298,712710,卖盘
2001,11:03:17,23.9,0.01,36,86040,中性盘
2002,11:03:14,23.89,-0.01,34,81226,卖盘
2003,11:03:11,23.9,--,3,7170,买盘
2004,11:03:08,23.9,0.01,68,162520,买盘
2005,11:03:05,23.89,--,60,143340,卖盘
2006,11:02:59,23.89,--,113,269957,卖盘
2007,11:02:56,23.89,-0.02,16,38224,卖盘
2008,11:02:53,23.91,0.02,85,203235,买盘
2009,11:02:50,23.89,--,96,229344,卖盘
2010,11:02:47,23.89,-0.02,42,100338,卖盘
2011,11:02:41,23.91,0.02,2,4782,买盘
2012,11:02:38,23.89,-0.02,295,706737,卖盘
2013,11:02:35,23.91,--,35,83685,买盘
2014,11:02:29,23.91,0.02,29,69339,买盘
2015,11:02:26,23.89,--,5,11945,卖盘
2016,11:02:23,23.89,-0.01,94,224566,卖盘
2017,11:02:20,23.9,-0.02,17,40630,卖盘
2018,11:02:17,23.92,0.01,5,11960,买盘
2019,11:02:11,23.91,-0.01,13,31083,卖盘
2020,11:02:08,23.92,0.01,2,4784,中性盘
2021,11:02:02,23.91,--,14,33474,卖盘
2022,11:01:56,23.91,--,17,40742,卖盘
2023,11:01:53,23.91,--,10,23910,卖盘
2024,11:01:50,23.91,--,6,14346,卖盘
2025,11:01:47,23.91,0.01,31,76033,买盘
2026,11:01:41,23.9,--,5,11950,卖盘
2027,11:01:38,23.9,--,11,26290,卖盘
2028,11:01:32,23.9,0.02,41,98276,买盘
2029,11:01:29,23.88,-0.01,6,14328,卖盘
2030,11:01:25,23.89,--,32,77881,卖盘
2031,11:01:22,23.89,--,15,35835,卖盘
2032,11:01:16,23.89,-0.01,39,93171,卖盘
2033,11:01:07,23.9,--,16,38240,卖盘
2034,11:01:01,23.9,0.01,120,286800,买盘
2035,11:00:58,23.89,--,25,59725,卖盘
2036,11:00:55,23.89,-0.01,5,11945,卖盘
2037,11:00:52,23.9,0.01,4,9560,买盘
2038,11:00:49,23.89,--,82,196853,买盘
2039,11:00:46,23.89,0.01,1,2389,买盘
2040,11:00:43,23.88,-0.01,6,14328,卖盘
2041,11:00:40,23.89,-0.02,61,147162,卖盘
2042,11:00:37,23.91,--,116,277356,卖盘
2043,11:00:28,23.91,--,10,23910,卖盘
2044,11:00:25,23.91,--,5,11955,卖盘
2045,11:00:22,23.91,-0.02,6,14346,卖盘
2046,11:00:19,23.93,0.02,18,43074,中性盘
2047,11:00:10,23.91,-0.06,33,78903,卖盘
2048,11:00:07,23.97,0.08,6,14382,买盘
2049,11:00:04,23.89,-0.04,18,43002,卖盘
2050,11:00:01,23.93,-0.02,5,11965,卖盘
2051,10:59:58,23.95,--,1,3353,卖盘
2052,10:59:49,23.95,0.09,10,23950,买盘
2053,10:59:46,23.86,0.01,55,131230,卖盘
2054,10:59:37,23.85,-0.02,47,112095,卖盘
2055,10:59:31,23.87,--,69,164703,买盘
2056,10:59:28,23.87,--,6,14322,买盘
2057,10:59:25,23.87,-0.03,24,57288,卖盘
2058,10:59:22,23.9,--,81,195621,卖盘
2059,10:59:16,23.9,-0.05,154,369183,卖盘
2060,10:59:13,23.95,-0.05,43,102985,卖盘
2061,10:59:10,24.0,0.08,600,1441632,买盘
2062,10:59:07,23.92,0.02,220,526240,中性盘
2063,10:59:04,23.9,0.05,96,229440,中性盘
2064,10:59:01,23.85,-0.08,58,138330,卖盘
2065,10:58:58,23.93,0.08,29,69397,买盘
2066,10:58:55,23.85,-0.08,70,166950,卖盘
2067,10:58:46,23.93,0.08,34,81362,买盘
2068,10:58:43,23.85,-0.01,35,83475,卖盘
2069,10:58:40,23.86,--,66,158907,买盘
2070,10:58:37,23.86,-0.01,62,147932,卖盘
2071,10:58:34,23.87,-0.05,64,152768,卖盘
2072,10:58:28,23.92,--,56,133952,买盘
2073,10:58:25,23.92,--,160,384346,卖盘
2074,10:58:22,23.92,--,59,141128,卖盘
2075,10:58:19,23.92,--,81,193752,卖盘
2076,10:58:13,23.92,--,30,71760,卖盘
2077,10:58:10,23.92,--,142,340429,买盘
2078,10:58:07,23.92,0.05,69,165048,买盘
2079,10:58:04,23.87,-0.01,77,183799,卖盘
2080,10:57:58,23.88,-0.04,79,188890,卖盘
2081,10:57:55,23.92,--,80,191360,买盘
2082,10:57:52,23.92,0.02,126,303544,中性盘
2083,10:57:46,23.9,--,67,160130,卖盘
2084,10:57:43,23.9,0.01,54,129059,卖盘
2085,10:57:37,23.89,0.01,29,69281,中性盘
2086,10:57:34,23.88,-0.01,4,9552,卖盘
2087,10:57:31,23.89,-0.04,117,279513,卖盘
2088,10:57:28,23.93,0.04,54,129222,买盘
2089,10:57:25,23.89,-0.03,48,114672,卖盘
2090,10:57:22,23.92,--,33,78936,买盘
2091,10:57:19,23.92,0.03,2,4784,买盘
2092,10:57:16,23.89,0.01,39,93171,中性盘
2093,10:57:13,23.88,-0.04,44,105072,中性盘
2094,10:57:10,23.92,0.06,68,162656,买盘
2095,10:57:07,23.86,0.01,24,57264,卖盘
2096,10:57:04,23.85,--,5,11925,卖盘
2097,10:57:01,23.85,--,31,73935,卖盘
2098,10:56:58,23.85,--,100,238500,卖盘
2099,10:56:55,23.85,-0.01,80,190800,卖盘
2100,10:56:52,23.86,0.01,6,14316,中性盘
2101,10:56:49,23.85,-0.05,104,248040,卖盘
2102,10:56:46,23.9,0.05,246,587940,买盘
2103,10:56:43,23.85,0.01,39,95304,买盘
2104,10:56:37,23.84,-0.04,315,750960,卖盘
2105,10:56:34,23.88,0.04,10,23880,中性盘
2106,10:56:28,23.84,-0.01,54,129212,卖盘
2107,10:56:25,23.85,-0.01,48,116388,卖盘
2108,10:56:19,23.86,-0.01,41,97826,卖盘
2109,10:56:16,23.87,0.03,138,329883,买盘
2110,10:56:10,23.84,-0.03,35,85347,卖盘
2111,10:56:07,23.87,0.01,20,47740,买盘
2112,10:56:04,23.86,-0.01,65,155090,卖盘
2113,10:56:01,23.87,0.01,19,45353,买盘
2114,10:55:58,23.86,--,168,401325,中性盘
2115,10:55:55,23.86,--,58,138388,买盘
2116,10:55:52,23.86,--,4,9544,买盘
2117,10:55:49,23.86,0.01,48,114528,买盘
2118,10:55:46,23.85,0.01,58,138330,中性盘
2119,10:55:43,23.84,-0.02,31,73904,卖盘
2120,10:55:40,23.86,0.01,12,28632,买盘
2121,10:55:37,23.85,--,100,238500,卖盘
2122,10:55:34,23.85,0.01,51,121635,买盘
2123,10:55:31,23.84,--,35,83440,买盘
2124,10:55:28,23.84,0.01,76,181184,中性盘
2125,10:55:25,23.83,0.01,70,166810,卖盘
2126,10:55:16,23.82,-0.02,95,227242,卖盘
2127,10:55:13,23.84,--,108,257472,买盘
2128,10:55:10,23.84,0.02,2,4768,买盘
2129,10:55:07,23.82,--,123,292986,卖盘
2130,10:55:04,23.82,-0.03,19,45258,卖盘
2131,10:55:01,23.85,0.03,86,205110,买盘
2132,10:54:58,23.82,-0.02,190,452580,卖盘
2133,10:54:55,23.84,0.04,2,4768,买盘
2134,10:54:52,23.8,--,68,161840,卖盘
2135,10:54:49,23.8,-0.04,205,487900,卖盘
2136,10:54:46,23.84,0.03,175,417200,买盘
2137,10:54:43,23.81,--,33,78573,卖盘
2138,10:54:40,23.81,--,13,30953,卖盘
2139,10:54:37,23.81,-0.01,540,1286430,卖盘
2140,10:54:34,23.82,-0.02,42,100044,卖盘
2141,10:54:31,23.84,0.02,44,104896,买盘
2142,10:54:28,23.82,0.01,25,59550,中性盘
2143,10:54:25,23.81,-0.01,100,238100,卖盘
2144,10:54:22,23.82,0.01,49,116718,中性盘
2145,10:54:19,23.81,0.01,35,83335,卖盘
2146,10:54:13,23.8,-0.02,51,121380,卖盘
2147,10:54:07,23.82,-0.01,103,246775,卖盘
2148,10:54:04,23.83,0.02,1,2383,中性盘
2149,10:54:01,23.81,--,159,378579,卖盘
2150,10:53:55,23.81,-0.01,45,107145,卖盘
2151,10:53:52,23.82,0.02,1,2382,买盘
2152,10:53:49,23.8,--,64,152320,卖盘
2153,10:53:46,23.8,--,82,195160,卖盘
2154,10:53:43,23.8,-0.04,80,190400,卖盘
2155,10:53:40,23.84,0.04,5,11920,买盘
2156,10:53:37,23.8,-0.03,71,168980,卖盘
2157,10:53:34,23.83,0.07,11,26212,卖盘
2158,10:53:31,23.76,-0.07,104,247104,卖盘
2159,10:53:28,23.83,0.03,153,364599,买盘
2160,10:53:25,23.8,--,15,35700,买盘
2161,10:53:22,23.8,-0.01,14,33320,卖盘
2162,10:53:19,23.81,-0.02,262,626155,卖盘
2163,10:53:16,23.83,--,164,390812,买盘
2164,10:53:13,23.83,0.02,32,76256,买盘
2165,10:53:10,23.81,--,197,469057,卖盘
2166,10:53:04,23.81,-0.03,488,1161928,卖盘
2167,10:53:01,23.84,-0.01,73,174032,中性盘
2168,10:52:58,23.85,0.03,376,896760,买盘
2169,10:52:55,23.82,--,122,290604,卖盘
2170,10:52:52,23.82,-0.03,128,304896,卖盘
2171,10:52:49,23.85,--,103,245655,买盘
2172,10:52:46,23.85,0.01,296,705960,买盘
2173,10:52:43,23.84,--,9,21456,卖盘
2174,10:52:40,23.84,0.02,134,319456,卖盘
2175,10:52:37,23.82,-0.02,188,447816,卖盘
2176,10:52:34,23.84,--,83,197872,卖盘
2177,10:52:31,23.84,--,336,801024,买盘
2178,10:52:28,23.84,0.02,60,143040,买盘
2179,10:52:25,23.82,--,33,78606,卖盘
2180,10:52:22,23.82,-0.02,109,259638,卖盘
2181,10:52:19,23.84,--,109,259856,买盘
2182,10:52:16,23.84,--,66,157344,买盘
2183,10:52:13,23.84,0.01,13,30992,买盘
2184,10:52:10,23.83,-0.01,24,57191,卖盘
2185,10:52:07,23.84,-0.01,152,362368,卖盘
2186,10:52:04,23.85,--,172,410220,卖盘
2187,10:52:01,23.85,--,53,126405,卖盘
2188,10:51:52,23.85,--,18,42930,买盘
2189,10:51:46,23.85,--,290,691650,买盘
2190,10:51:40,23.85,0.02,11,26235,买盘
2191,10:51:37,23.83,-0.04,305,726815,卖盘
2192,10:51:34,23.87,0.03,152,362824,买盘
2193,10:51:31,23.84,--,44,104896,买盘
2194,10:51:28,23.84,--,68,162112,卖盘
2195,10:51:25,23.84,-0.03,196,467264,卖盘
2196,10:51:22,23.87,0.01,132,315084,买盘
2197,10:51:19,23.86,0.03,195,465270,买盘
2198,10:51:16,23.83,-0.02,203,485226,卖盘
2199,10:51:13,23.85,0.01,156,372060,买盘
2200,10:51:10,23.84,-0.01,27,64368,卖盘
2201,10:51:07,23.85,--,68,162180,买盘
2202,10:51:04,23.85,--,55,131175,买盘
2203,10:51:01,23.85,--,4,9540,买盘
2204,10:50:58,23.85,0.02,91,217035,买盘
2205,10:50:55,23.83,-0.02,36,85788,卖盘
2206,10:50:49,23.85,--,73,174105,买盘
2207,10:50:46,23.85,--,2,4770,买盘
2208,10:50:43,23.85,--,90,214650,买盘
2209,10:50:40,23.85,0.01,27,64395,买盘
2210,10:50:37,23.84,-0.01,82,195488,中性盘
2211,10:50:34,23.85,0.01,79,188415,买盘
2212,10:50:31,23.84,--,47,112048,卖盘
2213,10:50:28,23.84,0.01,24,57216,中性盘
2214,10:50:25,23.83,--,78,185874,卖盘
2215,10:50:22,23.83,-0.02,115,274045,卖盘
2216,10:50:19,23.85,0.03,2,4770,买盘
2217,10:50:16,23.82,--,57,135774,卖盘
2218,10:50:13,23.82,-0.01,130,310612,卖盘
2219,10:50:10,23.83,--,84,200172,买盘
2220,10:50:07,23.83,-0.02,114,271662,卖盘
2221,10:50:04,23.85,--,35,83904,卖盘
2222,10:50:01,23.85,--,96,230915,买盘
2223,10:49:58,23.85,0.02,58,138330,买盘
2224,10:49:55,23.83,-0.02,27,64340,卖盘
2225,10:49:52,23.85,0.03,94,224190,买盘
2226,10:49:46,23.82,-0.03,93,221526,卖盘
2227,10:49:40,23.85,--,79,188415,买盘
2228,10:49:37,23.85,0.03,73,174105,买盘
2229,10:49:34,23.82,-0.03,244,581208,卖盘
2230,10:49:31,23.85,--,19,45315,买盘
2231,10:49:28,23.85,--,78,186459,卖盘
2232,10:49:25,23.85,-0.01,71,169335,卖盘
2233,10:49:22,23.86,-0.01,47,112142,卖盘
2234,10:49:19,23.87,0.01,15,35805,中性盘
2235,10:49:16,23.86,--,60,143160,卖盘
2236,10:49:13,23.86,-0.04,85,202810,卖盘
2237,10:49:10,23.9,--,82,195980,买盘
2238,10:49:07,23.9,0.02,104,248559,买盘
2239,10:49:01,23.88,-0.03,196,468048,卖盘
2240,10:48:55,23.91,0.01,87,208017,买盘
2241,10:48:49,23.9,--,678,1620420,卖盘
2242,10:48:46,23.9,-0.01,5,11950,卖盘
2243,10:48:43,23.91,--,13,31083,买盘
2244,10:48:40,23.91,--,83,198453,卖盘
2245,10:48:37,23.91,0.01,1,2391,中性盘
2246,10:48:31,23.9,-0.01,5,11950,卖盘
2247,10:48:28,23.91,--,173,413643,卖盘
2248,10:48:22,23.91,-0.01,56,133896,卖盘
2249,10:48:19,23.92,-0.04,82,196144,卖盘
2250,10:48:16,23.96,0.03,180,431280,买盘
2251,10:48:10,23.93,--,20,47860,卖盘
2252,10:48:07,23.93,--,16,38288,卖盘
2253,10:48:04,23.93,-0.02,5,11965,卖盘
2254,10:48:01,23.95,0.03,8,19160,买盘
2255,10:47:52,23.92,0.01,101,241592,买盘
2256,10:47:49,23.91,-0.02,83,198453,卖盘
2257,10:47:46,23.93,0.01,12,30630,买盘
2258,10:47:40,23.92,0.01,14,33488,中性盘
2259,10:47:37,23.91,-0.04,132,316090,卖盘
2260,10:47:31,23.95,0.04,37,90531,买盘
2261,10:47:28,23.91,-0.01,4,9564,卖盘
2262,10:47:25,23.92,0.01,14,33488,买盘
2263,10:47:19,23.91,-0.04,128,306048,卖盘
2264,10:47:16,23.95,-0.01,6,14370,中性盘
2265,10:47:13,23.96,0.01,11,26356,买盘
2266,10:47:07,23.95,0.03,7,16765,中性盘
2267,10:47:04,23.92,-0.04,5,11960,中性盘
2268,10:46:55,23.96,0.06,3,7188,买盘
2269,10:46:52,23.9,-0.06,124,296360,卖盘
2270,10:46:49,23.96,--,100,239600,买盘
2271,10:46:46,23.96,--,1,2396,买盘
2272,10:46:43,23.96,0.06,6,14376,买盘
2273,10:46:37,23.9,-0.05,235,563705,卖盘
2274,10:46:34,23.95,--,14,33530,卖盘
2275,10:46:31,23.95,0.04,655,1569874,买盘
2276,10:46:28,23.91,--,2,4782,买盘
2277,10:46:25,23.91,--,7,16737,买盘
2278,10:46:16,23.91,-0.02,34,82537,卖盘
2279,10:46:13,23.93,--,2,4786,卖盘
2280,10:46:10,23.93,0.02,4,9572,卖盘
2281,10:46:07,23.91,-0.02,91,217581,卖盘
2282,10:46:04,23.93,--,131,315588,买盘
2283,10:46:01,23.93,0.02,4,9572,中性盘
2284,10:45:58,23.91,--,34,81294,卖盘
2285,10:45:49,23.91,-0.02,96,229536,卖盘
2286,10:45:46,23.93,-0.01,236,564748,卖盘
2287,10:45:43,23.94,0.01,5,11970,买盘
2288,10:45:40,23.93,--,20,47860,卖盘
2289,10:45:37,23.93,--,9,21537,卖盘
2290,10:45:34,23.93,--,4,9572,买盘
2291,10:45:31,23.93,0.01,20,47860,卖盘
2292,10:45:28,23.92,-0.01,5,11960,卖盘
2293,10:45:25,23.93,0.01,47,112471,卖盘
2294,10:45:22,23.92,--,89,212888,卖盘
2295,10:45:19,23.92,-0.01,158,379371,卖盘
2296,10:45:16,23.93,--,4,9572,卖盘
2297,10:45:13,23.93,--,9,21537,买盘
2298,10:45:07,23.93,0.01,1,2393,买盘
2299,10:45:04,23.92,--,9,21528,卖盘
2300,10:45:01,23.92,0.01,24,57408,卖盘
2301,10:44:49,23.91,-0.03,73,174543,卖盘
2302,10:44:46,23.94,-0.01,6,14364,中性盘
2303,10:44:40,23.95,0.03,32,76640,买盘
2304,10:44:37,23.92,-0.03,270,647873,卖盘
2305,10:44:34,23.95,0.03,212,508099,买盘
2306,10:44:31,23.92,-0.02,91,217672,卖盘
2307,10:44:28,23.94,0.01,172,411768,买盘
2308,10:44:25,23.93,--,62,148964,卖盘
2309,10:44:22,23.93,-0.01,24,57432,卖盘
2310,10:44:19,23.94,0.01,197,473413,买盘
2311,10:44:16,23.93,0.04,23,55039,买盘
2312,10:44:13,23.89,-0.04,1499,3582090,卖盘
2313,10:44:10,23.93,0.01,28,67004,买盘
2314,10:44:07,23.92,-0.01,4,10166,卖盘
2315,10:44:04,23.93,-0.01,35,83755,卖盘
2316,10:43:58,23.94,--,11,26334,卖盘
2317,10:43:52,23.94,0.04,471,1129369,买盘
2318,10:43:49,23.9,--,125,299347,卖盘
2319,10:43:46,23.9,-0.03,203,485170,卖盘
2320,10:43:43,23.93,0.01,105,251265,买盘
2321,10:43:40,23.92,0.01,2,4784,中性盘
2322,10:43:37,23.91,-0.02,36,86076,卖盘
2323,10:43:31,23.93,0.03,1,2393,买盘
2324,10:43:28,23.9,--,48,115198,卖盘
2325,10:43:19,23.9,-0.01,236,565354,卖盘
2326,10:43:16,23.91,--,14,33474,买盘
2327,10:43:13,23.91,0.01,153,365823,买盘
2328,10:43:10,23.9,-0.01,2,4780,卖盘
2329,10:43:07,23.91,0.01,233,557103,买盘
2330,10:43:01,23.9,-0.01,121,291102,卖盘
2331,10:42:58,23.91,--,10,23910,买盘
2332,10:42:52,23.91,--,15,35865,买盘
2333,10:42:49,23.91,0.01,28,66948,中性盘
2334,10:42:46,23.9,--,314,750460,卖盘
2335,10:42:43,23.9,-0.01,10,23900,卖盘
2336,10:42:40,23.91,--,8,19606,买盘
2337,10:42:37,23.91,0.01,6,14346,卖盘
2338,10:42:34,23.9,-0.03,20,47800,卖盘
2339,10:42:28,23.93,0.03,44,105292,买盘
2340,10:42:25,23.9,--,14,33460,买盘
2341,10:42:22,23.9,-0.03,208,497119,卖盘
2342,10:42:16,23.93,0.03,9,21537,买盘
2343,10:42:13,23.9,-0.03,48,114720,卖盘
2344,10:42:10,23.93,--,2,4786,买盘
2345,10:42:07,23.93,--,79,189047,买盘
2346,10:42:04,23.93,--,14,33502,买盘
2347,10:42:01,23.93,0.03,13,31109,买盘
2348,10:41:58,23.9,-0.02,125,300375,卖盘
2349,10:41:55,23.92,-0.02,10,23920,卖盘
2350,10:41:52,23.94,0.04,10,23940,买盘
2351,10:41:49,23.9,-0.02,1584,3785760,卖盘
2352,10:41:43,23.92,-0.02,2,4784,卖盘
2353,10:41:40,23.94,0.03,253,605682,买盘
2354,10:41:37,23.91,-0.01,205,490155,卖盘
2355,10:41:34,23.92,-0.01,60,143520,卖盘
2356,10:41:31,23.93,--,36,86148,买盘
2357,10:41:28,23.93,-0.01,53,126829,卖盘
2358,10:41:25,23.94,0.01,109,260946,买盘
2359,10:41:22,23.93,-0.04,65,157459,卖盘
2360,10:41:15,23.97,0.01,1,2397,买盘
2361,10:41:12,23.96,-0.01,7,16772,卖盘
2362,10:41:09,23.97,0.01,3,7191,买盘
2363,10:41:06,23.96,-0.01,9,21564,卖盘
2364,10:40:57,23.97,--,10,23970,买盘
2365,10:40:54,23.97,0.03,5,11985,买盘
2366,10:40:48,23.94,-0.03,80,191520,卖盘
2367,10:40:45,23.97,--,26,62322,买盘
2368,10:40:42,23.97,--,2,4794,买盘
2369,10:40:36,23.97,0.02,42,101153,买盘
2370,10:40:33,23.95,-0.02,64,153280,卖盘
2371,10:40:27,23.97,--,7,16779,中性盘
2372,10:40:24,23.97,-0.01,24,57528,买盘
2373,10:40:21,23.98,--,2,4796,买盘
2374,10:40:18,23.98,0.01,82,196636,中性盘
2375,10:40:15,23.97,--,1,2397,中性盘
2376,10:40:06,23.97,--,33,79101,买盘
2377,10:40:03,23.97,0.01,3,7191,买盘
2378,10:40:00,23.96,--,3,7188,买盘
2379,10:39:57,23.96,-0.01,11,26356,卖盘
2380,10:39:51,23.97,0.01,2,4794,买盘
2381,10:39:48,23.96,0.01,84,201264,买盘
2382,10:39:36,23.95,--,127,304165,买盘
2383,10:39:27,23.95,0.01,1,2395,买盘
2384,10:39:24,23.94,0.02,14,33516,中性盘
2385,10:39:21,23.92,-0.03,155,372793,卖盘
2386,10:39:15,23.95,--,1,2395,买盘
2387,10:39:06,23.95,-0.01,24,57480,中性盘
2388,10:38:57,23.96,0.01,76,182096,买盘
2389,10:38:51,23.95,-0.01,30,71850,卖盘
2390,10:38:48,23.96,--,50,119800,买盘
2391,10:38:45,23.96,0.03,3,7188,买盘
2392,10:38:36,23.93,-0.02,62,150376,卖盘
2393,10:38:33,23.95,--,59,141544,买盘
2394,10:38:27,23.95,0.03,3,7185,买盘
2395,10:38:24,23.92,-0.01,109,260728,卖盘
2396,10:38:21,23.93,--,3,7179,卖盘
2397,10:38:15,23.93,--,24,57432,买盘
2398,10:38:12,23.93,--,11,26323,买盘
2399,10:38:09,23.93,0.01,25,59825,买盘
2400,10:38:06,23.92,-0.01,87,208104,卖盘
2401,10:38:00,23.93,0.01,129,310611,买盘
2402,10:37:57,23.92,-0.03,90,215280,卖盘
2403,10:37:48,23.95,0.02,1,2395,买盘
2404,10:37:45,23.93,--,48,114864,卖盘
2405,10:37:42,23.93,--,51,122043,卖盘
2406,10:37:36,23.93,-0.02,105,251265,买盘
2407,10:37:33,23.95,0.02,200,479000,买盘
2408,10:37:27,23.93,0.01,4,9572,买盘
2409,10:37:24,23.92,-0.01,84,200928,卖盘
2410,10:37:21,23.93,--,11,26323,买盘
2411,10:37:18,23.93,-0.01,20,47860,卖盘
2412,10:37:12,23.94,--,20,47880,买盘
2413,10:37:09,23.94,0.02,10,23940,买盘
2414,10:37:06,23.92,-0.02,5,11960,卖盘
2415,10:37:03,23.94,--,5,11970,买盘
2416,10:37:00,23.94,0.02,10,23940,买盘
2417,10:36:51,23.92,-0.02,51,121992,卖盘
2418,10:36:45,23.94,--,41,98154,卖盘
2419,10:36:42,23.94,--,35,83790,卖盘
2420,10:36:39,23.94,--,121,289674,卖盘
2421,10:36:36,23.94,-0.01,65,155610,卖盘
2422,10:36:33,23.95,0.02,5,11975,买盘
2423,10:36:30,23.93,--,9,21537,买盘
2424,10:36:24,23.93,-0.01,18,43074,卖盘
2425,10:36:21,23.94,--,5,11970,买盘
2426,10:36:18,23.94,--,4,9576,买盘
2427,10:36:15,23.94,--,10,23940,买盘
2428,10:36:12,23.94,--,4,9576,买盘
2429,10:36:09,23.94,-0.03,235,562590,卖盘
2430,10:36:06,23.97,--,5,11985,买盘
2431,10:35:57,23.97,0.01,12,28764,买盘
2432,10:35:54,23.96,--,14,33544,卖盘
2433,10:35:51,23.96,-0.01,2,4792,卖盘
2434,10:35:48,23.97,0.01,10,23970,买盘
2435,10:35:45,23.96,0.01,49,117404,中性盘
2436,10:35:42,23.95,-0.01,72,172440,卖盘
2437,10:35:36,23.96,--,10,23960,卖盘
2438,10:35:33,23.96,-0.03,4,9584,中性盘
2439,10:35:24,23.99,0.04,4,9596,买盘
2440,10:35:21,23.95,-0.04,30,71850,卖盘
2441,10:35:18,23.99,0.04,22,52778,买盘
2442,10:35:15,23.95,-0.04,51,122145,卖盘
2443,10:35:12,23.99,0.03,3,7196,买盘
2444,10:35:09,23.96,-0.02,163,390548,卖盘
2445,10:35:06,23.98,-0.01,10,23980,卖盘
2446,10:35:03,23.99,0.01,15,35985,买盘
2447,10:35:00,23.98,--,6,14388,卖盘
2448,10:34:48,23.98,--,22,52756,卖盘
2449,10:34:45,23.98,-0.01,19,45562,卖盘
2450,10:34:42,23.99,--,5,11995,买盘
2451,10:34:39,23.99,--,118,283082,买盘
2452,10:34:33,23.99,0.01,10,23990,买盘
2453,10:34:30,23.98,--,3,7194,卖盘
2454,10:34:27,23.98,-0.01,229,549142,卖盘
2455,10:34:24,23.99,0.01,5,11995,买盘
2456,10:34:21,23.98,--,24,57552,卖盘
2457,10:34:18,23.98,--,13,31174,卖盘
2458,10:34:15,23.98,-0.01,10,23980,卖盘
2459,10:34:12,23.99,--,5,11995,买盘
2460,10:34:09,23.99,0.01,81,194319,买盘
2461,10:34:06,23.98,-0.01,261,625878,卖盘
2462,10:34:03,23.99,--,5,11995,买盘
2463,10:34:00,23.99,--,12,28787,买盘
2464,10:33:54,23.99,--,10,23990,买盘
2465,10:33:48,23.99,--,47,112752,卖盘
2466,10:33:45,23.99,-0.01,5,11995,卖盘
2467,10:33:42,24.0,0.01,1,2400,买盘
2468,10:33:36,23.99,-0.01,97,232702,卖盘
2469,10:33:30,24.0,0.01,19,45600,买盘
2470,10:33:27,23.99,--,38,91162,卖盘
2471,10:33:18,23.99,-0.02,53,127146,卖盘
2472,10:33:12,24.01,0.01,23,55223,买盘
2473,10:33:09,24.0,--,72,172800,卖盘
2474,10:33:06,24.0,--,49,117600,卖盘
2475,10:32:57,24.0,-0.01,25,60000,卖盘
2476,10:32:48,24.01,--,47,112847,买盘
2477,10:32:45,24.01,0.01,10,24010,买盘
2478,10:32:39,24.0,-0.01,73,175200,卖盘
2479,10:32:36,24.01,--,9,21609,买盘
2480,10:32:30,24.01,-0.02,56,134456,卖盘
2481,10:32:27,24.03,--,35,84105,买盘
2482,10:32:24,24.03,0.02,5,12015,买盘
2483,10:32:21,24.01,-0.02,24,57624,卖盘
2484,10:32:15,24.03,--,1,2403,买盘
2485,10:32:09,24.03,0.02,78,187434,买盘
2486,10:32:06,24.01,-0.02,6,14406,卖盘
2487,10:32:00,24.03,0.02,45,108135,卖盘
2488,10:31:54,24.01,-0.03,36,86436,卖盘
2489,10:31:51,24.04,0.01,4,9616,买盘
2490,10:31:48,24.03,--,56,134568,卖盘
2491,10:31:45,24.03,--,24,57672,卖盘
2492,10:31:42,24.03,--,77,185031,卖盘
2493,10:31:27,24.03,0.02,3,7209,买盘
2494,10:31:24,24.01,-0.02,30,72030,卖盘
2495,10:31:21,24.03,-0.02,11,26433,卖盘
2496,10:31:18,24.05,--,2,4810,买盘
2497,10:31:15,24.05,--,61,146705,买盘
2498,10:31:09,24.05,0.02,83,199615,买盘
2499,10:31:06,24.03,-0.02,52,124956,卖盘
2500,10:31:03,24.05,0.02,6,14430,买盘
2501,10:30:57,24.03,--,28,67284,买盘
2502,10:30:54,24.03,--,7,16821,买盘
2503,10:30:51,24.03,--,2,4806,买盘
2504,10:30:48,24.03,--,43,103329,买盘
2505,10:30:45,24.03,--,28,67284,买盘
2506,10:30:42,24.03,--,5,12015,买盘
2507,10:30:39,24.03,0.03,984,2364552,买盘
2508,10:30:33,24.0,--,2,4800,买盘
2509,10:30:30,24.0,--,28,67200,买盘
2510,10:30:27,24.0,0.01,21,50400,买盘
2511,10:30:21,23.99,-0.01,27,64772,卖盘
2512,10:30:18,24.0,0.01,55,132000,买盘
2513,10:30:15,23.99,--,7,16793,买盘
2514,10:30:12,23.99,--,21,50379,买盘
2515,10:30:09,23.99,0.01,24,57575,买盘
2516,10:30:06,23.98,-0.01,11,26378,卖盘
2517,10:30:03,23.99,--,20,47980,买盘
2518,10:30:00,23.99,--,4,9596,买盘
2519,10:29:54,23.99,--,3,7196,买盘
2520,10:29:51,23.99,-0.01,109,261490,卖盘
2521,10:29:48,24.0,--,20,48000,买盘
2522,10:29:45,24.0,--,6,14400,买盘
2523,10:29:42,24.0,--,19,45600,买盘
2524,10:29:33,24.0,--,8,19200,买盘
2525,10:29:30,24.0,--,3,7200,买盘
2526,10:29:27,24.0,--,8,19200,买盘
2527,10:29:24,24.0,-0.03,22,52800,卖盘
2528,10:29:18,24.03,--,7,16821,买盘
2529,10:29:09,24.03,--,2,4806,买盘
2530,10:29:06,24.03,--,9,21627,买盘
2531,10:29:03,24.03,0.04,3,7209,中性盘
2532,10:28:45,23.99,-0.06,31,74369,卖盘
2533,10:28:42,24.05,0.05,407,978835,买盘
2534,10:28:39,24.0,0.01,74,177600,买盘
2535,10:28:36,23.99,-0.01,10,23990,卖盘
2536,10:28:33,24.0,--,6,14400,买盘
2537,10:28:30,24.0,0.01,11,26400,买盘
2538,10:28:27,23.99,--,14,33586,买盘
2539,10:28:24,23.99,--,3,7196,卖盘
2540,10:28:21,23.99,-0.01,228,549347,卖盘
2541,10:28:15,24.0,--,10,24024,买盘
2542,10:28:12,24.0,--,14,35976,卖盘
2543,10:28:06,24.0,--,35,84024,买盘
2544,10:28:03,24.0,--,5,12000,买盘
2545,10:28:00,24.0,--,14,33600,买盘
2546,10:27:57,24.0,--,8,19200,买盘
2547,10:27:48,24.0,0.04,28,67200,买盘
2548,10:27:45,23.96,--,2,4792,卖盘
2549,10:27:30,23.96,0.01,69,165324,卖盘
2550,10:27:27,23.95,-0.01,405,969975,卖盘
2551,10:27:24,23.96,-0.04,22,52712,卖盘
2552,10:27:18,24.0,--,401,962400,买盘
2553,10:27:15,24.0,--,76,182400,买盘
2554,10:27:12,24.0,0.03,24,57600,买盘
2555,10:27:06,23.97,-0.03,12,28764,卖盘
2556,10:27:03,24.0,0.02,100,240000,买盘
2557,10:26:57,23.98,-0.02,176,422048,卖盘
2558,10:26:54,24.0,--,26,64776,卖盘
2559,10:26:48,24.0,--,66,158400,卖盘
2560,10:26:42,24.0,--,80,192000,卖盘
2561,10:26:27,24.0,-0.04,5,12000,卖盘
2562,10:26:24,24.04,--,2,4808,买盘
2563,10:26:21,24.04,0.04,28,67312,中性盘
2564,10:26:12,24.0,--,84,201600,卖盘
2565,10:26:09,24.0,--,126,302400,卖盘
2566,10:26:03,24.0,--,145,348000,卖盘
2567,10:25:51,24.0,-0.01,570,1368024,卖盘
2568,10:25:48,24.01,-0.01,67,160867,卖盘
2569,10:25:45,24.02,--,1,2402,买盘
2570,10:25:42,24.02,-0.02,68,163336,卖盘
2571,10:25:39,24.04,-0.01,10,24040,卖盘
2572,10:25:27,24.05,--,1,2405,买盘
2573,10:25:24,24.05,--,62,149110,卖盘
2574,10:25:21,24.05,--,25,60125,卖盘
2575,10:25:15,24.05,-0.01,15,36075,卖盘
2576,10:25:12,24.06,-0.01,7,16842,卖盘
2577,10:25:09,24.07,-0.01,295,712447,卖盘
2578,10:25:00,24.08,--,15,36120,卖盘
2579,10:24:57,24.08,-0.01,85,204680,卖盘
2580,10:24:51,24.09,-0.01,1,2409,中性盘
2581,10:24:48,24.1,0.02,2,4820,买盘
2582,10:24:42,24.08,-0.02,87,209495,卖盘
2583,10:24:27,24.1,0.02,85,204850,买盘
2584,10:24:24,24.08,-0.01,80,192640,卖盘
2585,10:24:21,24.09,-0.01,24,57816,卖盘
2586,10:24:18,24.1,0.01,30,72300,中性盘
2587,10:24:12,24.09,--,7,16863,卖盘
2588,10:24:06,24.09,-0.01,125,301125,卖盘
2589,10:23:57,24.1,--,23,55430,卖盘
2590,10:23:54,24.1,-0.03,2,4820,卖盘
2591,10:23:48,24.13,0.03,32,77216,买盘
2592,10:23:42,24.1,--,82,197620,卖盘
2593,10:23:33,24.1,--,8,19280,卖盘
2594,10:23:30,24.1,0.01,10,24100,中性盘
2595,10:23:24,24.09,--,21,50589,卖盘
2596,10:23:21,24.09,--,13,31317,卖盘
2597,10:23:15,24.09,-0.04,55,132495,卖盘
2598,10:23:12,24.13,--,20,48260,卖盘
2599,10:23:00,24.13,0.03,175,422275,买盘
2600,10:22:51,24.1,--,97,233770,卖盘
2601,10:22:45,24.1,-0.03,5,12050,卖盘
2602,10:22:39,24.13,0.03,3,7239,买盘
2603,10:22:36,24.1,-0.03,7,16870,卖盘
2604,10:22:33,24.13,--,4,9652,买盘
2605,10:22:30,24.13,0.03,6,14478,买盘
2606,10:22:21,24.1,-0.03,24,57840,卖盘
2607,10:22:18,24.13,--,8,19304,买盘
2608,10:22:15,24.13,0.03,3,7239,买盘
2609,10:22:08,24.1,--,26,62660,卖盘
2610,10:22:02,24.1,--,6,14460,卖盘
2611,10:21:56,24.1,--,5,12050,卖盘
2612,10:21:47,24.1,-0.03,3,7230,卖盘
2613,10:21:44,24.13,0.03,2,4826,买盘
2614,10:21:38,24.1,--,12,28920,卖盘
2615,10:21:29,24.1,0.01,8,19280,中性盘
2616,10:21:23,24.09,-0.04,34,81906,卖盘
2617,10:21:17,24.13,--,1,2413,买盘
2618,10:21:14,24.13,--,26,62738,买盘
2619,10:21:11,24.13,-0.01,3,7239,中性盘
2620,10:21:08,24.14,0.04,80,193120,买盘
2621,10:20:59,24.1,--,9,21690,卖盘
2622,10:20:47,24.1,-0.01,21,50610,卖盘
2623,10:20:44,24.11,--,13,31343,卖盘
2624,10:20:38,24.11,0.02,6,14466,卖盘
2625,10:20:35,24.09,-0.02,14,33726,卖盘
2626,10:20:32,24.11,--,13,31343,卖盘
2627,10:20:29,24.11,0.02,34,81998,买盘
2628,10:20:26,24.09,-0.01,25,60225,卖盘
2629,10:20:23,24.1,-0.01,23,55430,卖盘
2630,10:20:17,24.11,--,5,12055,买盘
2631,10:20:14,24.11,0.01,14,33754,买盘
2632,10:20:02,24.1,-0.01,25,62635,卖盘
2633,10:19:56,24.11,0.01,122,294166,买盘
2634,10:19:53,24.1,--,105,253050,卖盘
2635,10:19:50,24.1,--,3,7230,卖盘
2636,10:19:44,24.1,-0.01,10,24100,卖盘
2637,10:19:26,24.11,--,2,4822,买盘
2638,10:19:23,24.11,--,3,9619,卖盘
2639,10:19:08,24.11,-0.03,82,197702,卖盘
2640,10:18:59,24.14,0.01,5,12070,买盘
2641,10:18:44,24.13,--,5,12065,卖盘
2642,10:18:38,24.13,--,80,193040,卖盘
2643,10:18:35,24.13,0.03,167,402995,买盘
2644,10:18:32,24.1,-0.01,50,120500,卖盘
2645,10:18:23,24.11,-0.02,24,57864,卖盘
2646,10:18:20,24.13,0.02,19,45847,买盘
2647,10:18:17,24.11,--,63,151893,卖盘
2648,10:18:05,24.11,-0.02,84,202524,卖盘
2649,10:17:50,24.13,0.01,8,19304,买盘
2650,10:17:47,24.12,--,6,16859,卖盘
2651,10:17:44,24.12,--,115,277380,卖盘
2652,10:17:41,24.12,-0.01,30,72360,卖盘
2653,10:17:38,24.13,0.01,1,2413,买盘
2654,10:17:35,24.12,-0.01,85,205020,卖盘
2655,10:17:26,24.13,--,1,2413,买盘
2656,10:17:23,24.13,--,83,200279,买盘
2657,10:17:20,24.13,--,2,4826,买盘
2658,10:17:17,24.13,-0.01,19,45847,卖盘
2659,10:17:14,24.14,--,14,33796,卖盘
2660,10:17:11,24.14,0.01,27,65178,买盘
2661,10:17:08,24.13,--,2,4826,卖盘
2662,10:17:05,24.13,--,85,205105,卖盘
2663,10:17:02,24.13,--,1,2413,卖盘
2664,10:16:59,24.13,0.01,112,270256,中性盘
2665,10:16:50,24.12,--,20,48240,卖盘
2666,10:16:44,24.12,-0.02,10,24120,卖盘
2667,10:16:41,24.14,0.01,21,50694,买盘
2668,10:16:38,24.13,--,10,24130,卖盘
2669,10:16:35,24.13,-0.01,98,236474,卖盘
2670,10:16:29,24.14,0.01,10,24140,中性盘
2671,10:16:17,24.13,-0.01,92,221996,卖盘
2672,10:16:14,24.14,--,131,316234,买盘
2673,10:16:11,24.14,0.01,1,2414,买盘
2674,10:16:05,24.13,-0.01,96,231648,卖盘
2675,10:15:50,24.14,0.01,2,4828,买盘
2676,10:15:32,24.13,-0.02,170,410210,卖盘
2677,10:15:29,24.15,--,2,4830,买盘
2678,10:15:26,24.15,0.01,2,4830,买盘
2679,10:15:20,24.14,-0.01,24,57936,卖盘
2680,10:15:17,24.15,0.01,1,2415,买盘
2681,10:15:14,24.14,-0.01,10,24140,卖盘
2682,10:15:05,24.15,0.01,87,210105,买盘
2683,10:15:02,24.14,-0.01,20,48280,卖盘
2684,10:14:50,24.15,--,1,2415,买盘
2685,10:14:47,24.15,0.01,100,241500,买盘
2686,10:14:38,24.14,-0.01,82,197948,卖盘
2687,10:14:26,24.15,--,1,2415,买盘
2688,10:14:20,24.15,--,29,70035,买盘
2689,10:14:14,24.15,0.01,102,246330,买盘
2690,10:14:11,24.14,-0.01,4,9656,卖盘
2691,10:14:05,24.15,--,93,224595,买盘
2692,10:13:59,24.15,--,13,31394,买盘
2693,10:13:56,24.15,--,75,181125,买盘
2694,10:13:50,24.15,--,40,96600,买盘
2695,10:13:44,24.15,0.01,25,60375,买盘
2696,10:13:38,24.14,--,203,490042,卖盘
2697,10:13:29,24.14,0.01,2,4828,中性盘
2698,10:13:20,24.13,-0.02,24,57912,卖盘
2699,10:13:14,24.15,--,1,2415,买盘
2700,10:13:05,24.15,--,116,280140,买盘
2701,10:13:02,24.15,--,1,2415,买盘
2702,10:12:44,24.15,--,89,214935,卖盘
2703,10:12:35,24.15,--,118,284970,卖盘
2704,10:12:29,24.15,-0.02,200,483000,卖盘
2705,10:12:26,24.17,0.02,15,36255,买盘
2706,10:12:23,24.15,--,35,84525,卖盘
2707,10:12:11,24.15,--,1,2415,卖盘
2708,10:12:05,24.15,--,320,772800,买盘
2709,10:11:53,24.15,--,10,24150,买盘
2710,10:11:50,24.15,--,20,48300,买盘
2711,10:11:38,24.15,--,4,9660,买盘
2712,10:11:35,24.15,0.01,93,224595,买盘
2713,10:11:32,24.14,-0.01,91,219674,卖盘
2714,10:11:29,24.15,--,3,7245,买盘
2715,10:11:26,24.15,--,4,9660,买盘
2716,10:11:23,24.15,-0.02,62,149730,卖盘
2717,10:11:20,24.17,0.02,17,41089,买盘
2718,10:11:14,24.15,-0.02,15,36225,卖盘
2719,10:11:11,24.17,--,4,9668,买盘
2720,10:11:08,24.17,0.03,10,24170,买盘
2721,10:11:02,24.14,-0.03,86,207604,卖盘
2722,10:10:53,24.17,--,15,36255,买盘
2723,10:10:50,24.17,0.02,102,246534,买盘
2724,10:10:47,24.15,--,28,67620,卖盘
2725,10:10:44,24.15,-0.02,52,125579,卖盘
2726,10:10:38,24.17,0.02,1,2417,买盘
2727,10:10:35,24.15,-0.02,87,210105,卖盘
2728,10:10:29,24.17,-0.01,20,48340,买盘
2729,10:10:23,24.18,0.03,74,178932,买盘
2730,10:10:14,24.15,--,13,31394,卖盘
2731,10:10:05,24.15,-0.03,95,229425,卖盘
2732,10:09:56,24.18,0.01,10,24180,买盘
2733,10:09:50,24.17,--,20,48340,卖盘
2734,10:09:35,24.17,--,162,391554,买盘
2735,10:09:29,24.17,0.02,3,7251,买盘
2736,10:09:26,24.15,0.01,1,2415,买盘
2737,10:09:23,24.14,-0.03,24,57936,卖盘
2738,10:09:17,24.17,--,6,14502,买盘
2739,10:09:11,24.17,0.04,2,4834,买盘
2740,10:09:08,24.13,-0.02,94,226822,卖盘
2741,10:09:02,24.15,--,6,14490,卖盘
2742,10:08:59,24.15,0.01,11,26565,卖盘
2743,10:08:56,24.14,--,1,2414,卖盘
2744,10:08:50,24.14,--,72,173808,买盘
2745,10:08:44,24.14,--,9,21726,买盘
2746,10:08:41,24.14,--,1,2414,买盘
2747,10:08:35,24.14,0.02,2,4828,中性盘
2748,10:08:32,24.12,-0.04,205,494460,卖盘
2749,10:08:26,24.16,-0.01,54,130464,卖盘
2750,10:08:20,24.17,0.02,2,4834,买盘
2751,10:08:08,24.15,0.02,53,127994,买盘
2752,10:08:05,24.13,-0.01,107,258191,卖盘
2753,10:08:02,24.14,--,5,12070,卖盘
2754,10:07:59,24.14,--,48,115872,买盘
2755,10:07:53,24.14,0.02,26,62764,买盘
2756,10:07:35,24.12,-0.02,87,209844,卖盘
2757,10:07:32,24.14,0.01,8,19312,买盘
2758,10:07:26,24.13,--,21,50673,卖盘
2759,10:07:23,24.13,-0.01,24,57912,卖盘
2760,10:07:20,24.14,--,116,280024,买盘
2761,10:07:14,24.14,-0.01,88,212432,卖盘
2762,10:07:11,24.15,0.01,14,33810,买盘
2763,10:07:08,24.14,--,2,4828,卖盘
2764,10:06:59,24.14,-0.01,41,98974,卖盘
2765,10:06:56,24.15,-0.01,1,2415,中性盘
2766,10:06:53,24.16,0.02,2,4832,买盘
2767,10:06:50,24.14,-0.01,130,313820,卖盘
2768,10:06:47,24.15,0.01,6,14490,买盘
2769,10:06:44,24.14,-0.02,5,12070,卖盘
2770,10:06:41,24.16,0.01,100,241600,买盘
2771,10:06:38,24.15,--,143,345345,卖盘
2772,10:06:32,24.15,-0.01,18,43470,卖盘
2773,10:06:26,24.16,--,22,53152,卖盘
2774,10:06:23,24.16,--,9,21744,卖盘
