,time,price,change,volume,amount,type
0,15:00:20,13.5,0.01,1308,1765800,卖盘
1,14:58:53,13.49,--,0,0,卖盘
2,14:56:59,13.49,-0.01,26,35074,卖盘
3,14:56:53,13.5,-0.01,95,128250,中性盘
4,14:56:47,13.51,0.02,32,43232,买盘
5,14:56:44,13.49,-0.01,121,163229,卖盘
6,14:56:41,13.5,--,5,6750,卖盘
7,14:56:38,13.5,-0.01,25,33750,卖盘
8,14:56:32,13.51,0.01,47,63497,买盘
9,14:56:29,13.5,0.01,37,49950,中性盘
10,14:56:26,13.49,--,80,107920,卖盘
11,14:56:23,13.49,-0.01,23,31027,卖盘
12,14:56:20,13.5,--,82,111240,卖盘
13,14:56:17,13.5,0.01,464,627102,买盘
14,14:56:11,13.49,--,118,159182,卖盘
15,14:56:08,13.49,--,100,134900,卖盘
16,14:56:05,13.49,--,26,35074,卖盘
17,14:56:02,13.49,--,12,16188,卖盘
18,14:55:59,13.49,-0.01,35,47215,中性盘
19,14:55:56,13.5,--,127,172692,买盘
20,14:55:53,13.5,0.01,103,139050,买盘
21,14:55:47,13.49,-0.01,33,44517,卖盘
22,14:55:44,13.5,0.01,72,97200,买盘
23,14:55:41,13.49,-0.01,220,297427,卖盘
24,14:55:38,13.5,0.01,53,71550,买盘
25,14:55:35,13.49,-0.01,1,1349,卖盘
26,14:55:32,13.5,0.01,53,71550,买盘
27,14:55:29,13.49,--,61,82289,卖盘
28,14:55:23,13.49,--,33,44517,卖盘
29,14:55:20,13.49,--,80,107920,卖盘
30,14:55:17,13.49,0.01,68,92541,买盘
31,14:55:14,13.48,--,47,63356,卖盘
32,14:55:11,13.48,--,106,142888,卖盘
33,14:55:08,13.48,--,262,353176,卖盘
34,14:55:05,13.48,--,7,9436,卖盘
35,14:55:02,13.48,--,49,66052,卖盘
36,14:54:59,13.48,--,79,106492,卖盘
37,14:54:56,13.48,0.01,167,225385,买盘
38,14:54:53,13.47,--,1,1347,卖盘
39,14:54:50,13.47,--,72,96984,买盘
40,14:54:47,13.47,--,86,115842,买盘
41,14:54:41,13.47,--,60,80820,卖盘
42,14:54:38,13.47,0.01,104,140088,中性盘
43,14:54:35,13.46,-0.02,49,65954,卖盘
44,14:54:32,13.48,0.01,105,141540,买盘
45,14:54:29,13.47,-0.01,47,63847,卖盘
46,14:54:26,13.48,0.02,9,12940,买盘
47,14:54:23,13.46,-0.02,92,123832,卖盘
48,14:54:14,13.48,0.01,39,52572,买盘
49,14:54:11,13.47,--,1202,1619094,卖盘
50,14:54:05,13.47,-0.01,1,1347,卖盘
51,14:54:02,13.48,0.01,1,1348,买盘
52,14:53:59,13.47,--,23,30981,卖盘
53,14:53:50,13.47,-0.01,81,109107,卖盘
54,14:53:47,13.48,--,144,194165,买盘
55,14:53:44,13.48,0.01,368,497196,买盘
56,14:53:41,13.47,--,990,1333745,卖盘
57,14:53:38,13.47,-0.01,8,10776,卖盘
58,14:53:35,13.48,--,35,47988,买盘
59,14:53:32,13.48,0.01,17,22916,买盘
60,14:53:29,13.47,--,55,74085,卖盘
61,14:53:23,13.47,-0.01,29,39063,卖盘
62,14:53:17,13.48,0.01,497,669956,买盘
63,14:53:11,13.47,--,715,963105,卖盘
64,14:53:05,13.47,-0.01,69,92943,卖盘
65,14:53:02,13.48,--,346,466408,买盘
66,14:52:59,13.48,--,111,149628,买盘
67,14:52:56,13.48,0.01,5,6740,买盘
68,14:52:53,13.47,-0.01,12,16164,卖盘
69,14:52:47,13.48,-0.01,412,555376,卖盘
70,14:52:41,13.49,0.02,306,412794,买盘
71,14:52:38,13.47,-0.01,1276,1718772,卖盘
72,14:52:35,13.48,--,52,70096,卖盘
73,14:52:32,13.48,--,281,378788,买盘
74,14:52:26,13.48,--,232,312736,买盘
75,14:52:23,13.48,--,55,74140,买盘
76,14:52:17,13.48,--,48,64704,买盘
77,14:52:14,13.48,--,25,33700,买盘
78,14:52:11,13.48,--,1286,1733528,卖盘
79,14:52:05,13.48,-0.01,32,43136,卖盘
80,14:52:02,13.49,0.01,51,68799,买盘
81,14:51:56,13.48,0.01,53,71444,卖盘
82,14:51:50,13.47,-0.01,61,82167,卖盘
83,14:51:47,13.48,0.01,5,6740,中性盘
84,14:51:38,13.47,-0.01,1294,1743018,卖盘
85,14:51:35,13.48,-0.01,10,13480,卖盘
86,14:51:32,13.49,0.01,44,59356,买盘
87,14:51:29,13.48,--,28,37744,买盘
88,14:51:26,13.48,--,35,47180,买盘
89,14:51:23,13.48,0.01,306,412488,买盘
90,14:51:20,13.47,-0.01,101,136047,卖盘
91,14:51:14,13.48,--,9,12132,买盘
92,14:51:11,13.48,0.01,439,591772,买盘
93,14:51:08,13.47,-0.01,184,247848,卖盘
94,14:51:02,13.48,0.01,171,230508,买盘
95,14:50:59,13.47,--,138,185886,卖盘
96,14:50:56,13.47,-0.01,48,64656,卖盘
97,14:50:53,13.48,--,24,32352,买盘
98,14:50:44,13.48,0.01,54,72792,买盘
99,14:50:41,13.47,--,0,323,卖盘
100,14:50:32,13.47,--,12,16164,卖盘
101,14:50:29,13.47,-0.01,2,2694,卖盘
102,14:50:26,13.48,0.01,1136,1531328,卖盘
103,14:50:23,13.47,-0.02,65,87555,卖盘
104,14:50:17,13.49,0.02,76,102524,买盘
105,14:50:14,13.47,-0.01,48,64656,卖盘
106,14:50:11,13.48,--,151,203952,卖盘
107,14:50:05,13.48,--,38,51224,卖盘
108,14:50:02,13.48,-0.01,8,10784,卖盘
109,14:49:56,13.49,0.01,19,25631,买盘
110,14:49:53,13.48,--,91,122668,卖盘
111,14:49:50,13.48,--,2,2696,卖盘
112,14:49:44,13.48,--,20,26960,卖盘
113,14:49:38,13.48,--,43,57964,卖盘
114,14:49:32,13.48,-0.01,127,171196,卖盘
115,14:49:29,13.49,0.01,244,329156,买盘
116,14:49:26,13.48,-0.01,10,13480,卖盘
117,14:49:23,13.49,0.01,79,106571,买盘
118,14:49:17,13.48,--,23,31004,卖盘
119,14:49:14,13.48,--,1000,1348000,卖盘
120,14:49:11,13.48,-0.01,7,9436,卖盘
121,14:49:08,13.49,--,295,398629,卖盘
122,14:49:05,13.49,-0.01,22,29678,卖盘
123,14:49:02,13.5,0.01,32,43200,买盘
124,14:48:56,13.49,-0.01,173,234672,卖盘
125,14:48:50,13.5,--,80,108000,卖盘
126,14:48:47,13.5,--,23,31050,卖盘
127,14:48:44,13.5,--,20,27000,卖盘
128,14:48:41,13.5,--,20,27000,卖盘
129,14:48:38,13.5,-0.01,188,254934,卖盘
130,14:48:35,13.51,--,96,129696,买盘
131,14:48:29,13.51,0.01,85,114835,买盘
132,14:48:23,13.5,-0.01,7,9450,卖盘
133,14:48:20,13.51,0.01,197,266147,买盘
134,14:48:17,13.5,--,23,31050,卖盘
135,14:48:14,13.5,--,202,272970,买盘
136,14:48:07,13.5,0.01,25,33750,中性盘
137,14:48:01,13.49,-0.01,494,666406,卖盘
138,14:47:58,13.5,--,38,51300,卖盘
139,14:47:52,13.5,--,36,49275,买盘
140,14:47:49,13.5,--,223,301050,买盘
141,14:47:46,13.5,--,30,40500,买盘
142,14:47:37,13.5,--,182,246375,卖盘
143,14:47:31,13.5,--,13,17550,卖盘
144,14:47:28,13.5,--,28,38475,买盘
145,14:47:25,13.5,--,2,2700,买盘
146,14:47:19,13.5,0.01,64,86400,买盘
147,14:47:16,13.49,-0.01,138,186162,卖盘
148,14:47:13,13.5,--,37,49950,买盘
149,14:47:04,13.5,--,117,158625,卖盘
150,14:47:01,13.5,--,2,2700,卖盘
151,14:46:58,13.5,--,5,6750,卖盘
152,14:46:55,13.5,--,10,13500,卖盘
153,14:46:52,13.5,--,17,22950,卖盘
154,14:46:49,13.5,-0.01,27,36450,卖盘
155,14:46:46,13.51,0.01,10,13510,买盘
156,14:46:40,13.5,--,38,51300,卖盘
157,14:46:34,13.5,--,150,202500,卖盘
158,14:46:31,13.5,--,13,17550,卖盘
159,14:46:22,13.5,-0.01,38,51300,卖盘
160,14:46:19,13.51,0.01,9,12159,买盘
161,14:46:16,13.5,--,142,191700,卖盘
162,14:46:10,13.5,-0.01,16,21600,卖盘
163,14:46:07,13.51,--,163,220213,卖盘
164,14:45:58,13.51,--,280,378280,卖盘
165,14:45:52,13.51,-0.01,30,40530,卖盘
166,14:45:46,13.52,--,11,14872,买盘
167,14:45:43,13.52,--,124,167648,买盘
168,14:45:40,13.52,--,58,78416,买盘
169,14:45:31,13.52,0.01,1,1352,中性盘
170,14:45:28,13.51,--,2,2702,卖盘
171,14:45:22,13.51,--,28,37828,卖盘
172,14:45:19,13.51,--,74,99974,卖盘
173,14:45:16,13.51,-0.01,25,33775,卖盘
174,14:45:13,13.52,0.01,32,43940,买盘
175,14:45:10,13.51,--,23,31073,卖盘
176,14:45:01,13.51,-0.01,127,172252,卖盘
177,14:44:55,13.52,--,26,35152,卖盘
178,14:44:52,13.52,--,10,13520,卖盘
179,14:44:49,13.52,--,8,11492,卖盘
180,14:44:46,13.52,--,65,87880,卖盘
181,14:44:43,13.52,--,30,40560,卖盘
182,14:44:37,13.52,0.01,226,306417,买盘
183,14:44:31,13.51,--,206,278306,卖盘
184,14:44:28,13.51,--,38,51338,卖盘
185,14:44:22,13.51,-0.01,0,135,卖盘
186,14:44:16,13.52,--,20,27688,买盘
187,14:44:10,13.52,0.01,104,140608,买盘
188,14:44:07,13.51,-0.01,52,70252,卖盘
189,14:44:01,13.52,0.02,6,8112,买盘
190,14:43:58,13.5,--,6,9180,卖盘
191,14:43:55,13.5,-0.02,80,108000,卖盘
192,14:43:34,13.52,0.02,76,103428,买盘
193,14:43:31,13.5,-0.02,164,221400,卖盘
194,14:43:28,13.52,0.01,120,162240,买盘
195,14:43:22,13.51,--,141,191652,卖盘
196,14:43:13,13.51,-0.01,0,567,卖盘
197,14:43:10,13.52,--,12,16224,买盘
198,14:43:07,13.52,--,4,5408,买盘
199,14:43:04,13.52,0.01,21,28392,买盘
200,14:43:01,13.51,-0.01,238,322591,卖盘
201,14:42:55,13.52,--,31,42966,买盘
202,14:42:52,13.52,--,333,450216,买盘
203,14:42:43,13.52,0.01,367,496184,买盘
204,14:42:40,13.51,-0.01,69,93435,卖盘
205,14:42:37,13.52,0.01,4,5408,买盘
206,14:42:31,13.51,--,33,44583,卖盘
207,14:42:28,13.51,-0.01,162,218862,卖盘
208,14:42:22,13.52,--,32,43264,买盘
209,14:42:16,13.52,--,15,20280,买盘
210,14:42:10,13.52,--,8,10816,买盘
211,14:42:07,13.52,--,44,59488,买盘
212,14:42:04,13.52,0.01,26,35152,买盘
213,14:42:01,13.51,-0.01,166,224266,卖盘
214,14:41:58,13.52,--,61,82472,买盘
215,14:41:52,13.52,0.01,38,51376,买盘
216,14:41:49,13.51,--,111,149961,买盘
217,14:41:40,13.51,--,134,181034,买盘
218,14:41:37,13.51,0.02,8,10808,买盘
219,14:41:31,13.49,--,24,32376,卖盘
220,14:41:28,13.49,-0.01,162,218538,卖盘
221,14:41:22,13.5,--,6,8100,买盘
222,14:41:19,13.5,--,13,17550,买盘
223,14:41:13,13.5,--,14,18900,买盘
224,14:41:10,13.5,--,50,67500,买盘
225,14:41:07,13.5,--,7,9450,买盘
226,14:41:01,13.5,0.01,126,170100,买盘
227,14:40:58,13.49,0.01,193,260357,卖盘
228,14:40:55,13.48,--,4,5392,卖盘
229,14:40:52,13.48,-0.02,204,274992,卖盘
230,14:40:49,13.5,0.01,215,291195,买盘
231,14:40:46,13.49,--,28,37772,买盘
232,14:40:43,13.49,--,5,6745,买盘
233,14:40:40,13.49,--,52,70148,买盘
234,14:40:37,13.49,0.01,15,20235,买盘
235,14:40:34,13.48,-0.01,24,32352,卖盘
236,14:40:31,13.49,0.01,195,263055,买盘
237,14:40:22,13.48,-0.01,23,31004,卖盘
238,14:40:19,13.49,--,111,149739,买盘
239,14:40:16,13.49,0.01,23,31027,买盘
240,14:40:10,13.48,-0.01,4,5392,卖盘
241,14:40:07,13.49,--,4,5396,买盘
242,14:40:04,13.49,0.01,29,39121,买盘
243,14:40:01,13.48,-0.01,23,31004,卖盘
244,14:39:58,13.49,0.01,225,303525,买盘
245,14:39:49,13.48,-0.01,30,40440,卖盘
246,14:39:46,13.49,--,19,25631,买盘
247,14:39:40,13.49,--,10,13490,买盘
248,14:39:37,13.49,0.01,204,275196,买盘
249,14:39:34,13.48,-0.01,1,1348,卖盘
250,14:39:31,13.49,--,12,16188,买盘
251,14:39:28,13.49,0.01,26,35074,买盘
252,14:39:25,13.48,-0.01,2,2696,卖盘
253,14:39:19,13.49,0.01,52,70148,买盘
254,14:39:13,13.48,-0.01,23,31004,卖盘
255,14:39:07,13.49,--,5,6745,买盘
256,14:39:04,13.49,0.01,15,20235,买盘
257,14:39:01,13.48,-0.01,25,33700,卖盘
258,14:38:58,13.49,--,26,35074,买盘
259,14:38:55,13.49,--,12,16188,买盘
260,14:38:52,13.49,--,41,55309,买盘
261,14:38:46,13.49,--,6,8094,买盘
262,14:38:43,13.49,-0.01,28,37772,卖盘
263,14:38:34,13.5,0.01,30,40500,买盘
264,14:38:31,13.49,--,3,4047,卖盘
265,14:38:28,13.49,--,68,91732,买盘
266,14:38:25,13.49,0.01,23,31027,买盘
267,14:38:22,13.48,-0.01,43,57964,卖盘
268,14:38:16,13.49,0.01,10,13490,买盘
269,14:38:13,13.48,--,20,26960,卖盘
270,14:38:04,13.48,--,23,31004,卖盘
271,14:38:01,13.48,-0.02,24,32352,卖盘
272,14:37:58,13.5,--,47,63450,中性盘
273,14:37:52,13.5,-0.01,20,27000,中性盘
274,14:37:49,13.51,0.01,23,31073,买盘
275,14:37:46,13.5,0.01,5,6750,买盘
276,14:37:43,13.49,-0.01,44,59356,卖盘
277,14:37:37,13.5,--,77,103950,买盘
278,14:37:34,13.5,0.01,9,12150,买盘
279,14:37:31,13.49,-0.01,2,2698,卖盘
280,14:37:28,13.5,--,68,91800,买盘
281,14:37:22,13.5,--,14,18900,买盘
282,14:37:19,13.5,0.02,11,14850,买盘
283,14:37:13,13.48,--,27,36396,卖盘
284,14:37:07,13.48,-0.02,1,1348,卖盘
285,14:37:04,13.5,--,29,39150,买盘
286,14:37:01,13.5,--,23,31050,卖盘
287,14:36:55,13.5,0.01,538,726300,买盘
288,14:36:52,13.49,--,93,125457,卖盘
289,14:36:49,13.49,--,22,29678,卖盘
290,14:36:46,13.49,--,16,21584,卖盘
291,14:36:43,13.49,--,56,75544,卖盘
292,14:36:40,13.49,--,1,1349,卖盘
293,14:36:37,13.49,-0.01,20,26980,卖盘
294,14:36:34,13.5,0.01,27,36450,买盘
295,14:36:31,13.49,0.01,2,2698,买盘
296,14:36:28,13.48,--,27,36396,卖盘
297,14:36:22,13.48,--,1,1348,卖盘
298,14:36:19,13.48,--,50,67400,卖盘
299,14:36:13,13.48,--,43,57964,卖盘
300,14:36:10,13.48,-0.01,36,48528,卖盘
301,14:36:04,13.49,--,32,43168,买盘
302,14:36:01,13.49,0.01,1,1349,买盘
303,14:35:58,13.48,0.01,8,10784,卖盘
304,14:35:52,13.47,-0.03,24,32328,卖盘
305,14:35:46,13.5,0.02,13,17550,买盘
306,14:35:40,13.48,--,36,48528,卖盘
307,14:35:34,13.48,-0.01,88,118624,卖盘
308,14:35:31,13.49,--,32,43168,买盘
309,14:35:28,13.49,-0.01,9,12141,中性盘
310,14:35:16,13.5,--,21,28350,买盘
311,14:35:07,13.5,0.03,4,5400,买盘
312,14:35:01,13.47,-0.01,45,60615,卖盘
313,14:34:58,13.48,-0.01,53,71444,卖盘
314,14:34:55,13.49,-0.01,50,67450,卖盘
315,14:34:52,13.5,--,29,39150,买盘
316,14:34:49,13.5,--,17,22950,买盘
317,14:34:43,13.5,--,50,67500,买盘
318,14:34:40,13.5,0.01,4,5400,买盘
319,14:34:37,13.49,-0.01,23,31027,卖盘
320,14:34:31,13.5,0.01,7,9450,买盘
321,14:34:28,13.49,--,26,35074,卖盘
322,14:34:22,13.49,-0.01,1,1349,卖盘
323,14:34:19,13.5,--,38,51300,买盘
324,14:34:16,13.5,--,6,8100,买盘
325,14:34:13,13.5,--,1,1350,买盘
326,14:34:07,13.5,0.01,20,27000,买盘
327,14:34:04,13.49,--,27,36423,卖盘
328,14:34:01,13.49,-0.01,7,9443,卖盘
329,14:33:58,13.5,0.01,14,18900,买盘
330,14:33:55,13.49,--,21,28329,卖盘
331,14:33:49,13.49,--,10,13490,卖盘
332,14:33:43,13.49,--,16,21799,卖盘
333,14:33:40,13.49,0.01,268,361532,买盘
334,14:33:37,13.48,0.01,5,6740,买盘
335,14:33:34,13.47,--,21,28287,买盘
336,14:33:31,13.47,--,3,4041,买盘
337,14:33:25,13.47,--,93,125271,买盘
338,14:33:22,13.47,--,22,29634,卖盘
339,14:33:16,13.47,-0.01,13,17511,卖盘
340,14:33:10,13.48,0.01,5,6740,买盘
341,14:33:04,13.47,0.01,77,103719,买盘
342,14:33:01,13.46,-0.01,30,40380,卖盘
343,14:32:55,13.47,--,12,16164,买盘
344,14:32:52,13.47,-0.02,173,233031,卖盘
345,14:32:49,13.49,0.02,6,8094,买盘
346,14:32:46,13.47,-0.01,19,25593,卖盘
347,14:32:40,13.48,--,23,31004,买盘
348,14:32:34,13.48,--,39,52572,买盘
349,14:32:31,13.48,0.01,137,184676,买盘
350,14:32:28,13.47,--,10,13470,买盘
351,14:32:25,13.47,0.01,13,17511,中性盘
352,14:32:16,13.46,-0.01,23,30958,卖盘
353,14:32:13,13.47,-0.01,5,6735,卖盘
354,14:32:10,13.48,0.01,20,26960,买盘
355,14:32:04,13.47,--,30,40410,卖盘
356,14:32:01,13.47,--,33,44451,卖盘
357,14:31:58,13.47,--,6,8082,卖盘
358,14:31:55,13.47,--,100,134700,卖盘
359,14:31:52,13.47,-0.01,236,317892,卖盘
360,14:31:49,13.48,--,59,79532,买盘
361,14:31:46,13.48,0.01,5,6740,买盘
362,14:31:43,13.47,-0.01,1,1347,卖盘
363,14:31:34,13.48,--,5,6740,买盘
364,14:31:31,13.48,0.01,1,1348,买盘
365,14:31:28,13.47,--,5,6735,卖盘
366,14:31:22,13.47,--,236,317892,卖盘
367,14:31:19,13.47,--,25,33675,卖盘
368,14:31:16,13.47,--,120,161640,卖盘
369,14:31:13,13.47,--,2,2694,卖盘
370,14:31:07,13.47,-0.01,23,30981,卖盘
371,14:31:04,13.48,--,31,41788,买盘
372,14:30:58,13.48,0.01,14,18872,买盘
373,14:30:55,13.47,-0.01,12,16164,卖盘
374,14:30:52,13.48,0.01,7,9436,中性盘
375,14:30:49,13.47,-0.02,256,344832,卖盘
376,14:30:46,13.49,0.01,5,6745,买盘
377,14:30:43,13.48,0.01,153,206244,买盘
378,14:30:40,13.47,-0.01,115,154905,卖盘
379,14:30:37,13.48,--,10,13480,卖盘
380,14:30:31,13.48,--,3,4044,卖盘
381,14:30:28,13.48,-0.01,11,14828,卖盘
382,14:30:25,13.49,0.01,2,2698,买盘
383,14:30:22,13.48,--,12,16176,卖盘
384,14:30:19,13.48,0.01,502,677936,中性盘
385,14:30:10,13.47,-0.01,13,17511,卖盘
386,14:30:04,13.48,0.01,33,44484,买盘
387,14:29:55,13.47,-0.01,115,154905,卖盘
388,14:29:46,13.48,--,28,37744,买盘
389,14:29:43,13.48,0.01,10,13480,买盘
390,14:29:34,13.47,--,23,30981,卖盘
391,14:29:31,13.47,-0.01,2,2694,卖盘
392,14:29:28,13.48,--,5,6740,买盘
393,14:29:25,13.48,--,10,13480,买盘
394,14:29:22,13.48,--,40,53920,买盘
395,14:29:13,13.48,--,10,13480,买盘
396,14:29:10,13.48,--,1,1348,买盘
397,14:29:04,13.48,0.01,57,76836,买盘
398,14:29:01,13.47,-0.01,23,30981,卖盘
399,14:28:58,13.48,0.01,14,18872,买盘
400,14:28:55,13.47,-0.02,46,61962,卖盘
401,14:28:46,13.49,0.01,28,37772,买盘
402,14:28:36,13.48,0.01,3,4044,买盘
403,14:28:30,13.47,-0.01,22,29634,卖盘
404,14:28:27,13.48,-0.01,6,8088,卖盘
405,14:28:24,13.49,0.01,3,4047,买盘
406,14:28:21,13.48,--,65,87620,买盘
407,14:28:15,13.48,0.01,51,68748,卖盘
408,14:28:09,13.47,--,10,13470,卖盘
409,14:28:03,13.47,-0.02,74,99678,卖盘
410,14:28:00,13.49,--,16,21584,买盘
411,14:27:57,13.49,0.02,4,5396,买盘
412,14:27:54,13.47,--,16,21552,卖盘
413,14:27:48,13.47,--,34,45798,卖盘
414,14:27:45,13.47,--,156,210132,卖盘
415,14:27:39,13.47,--,200,269400,卖盘
416,14:27:36,13.47,-0.02,112,150864,卖盘
417,14:27:33,13.49,0.02,5,6745,买盘
418,14:27:30,13.47,-0.01,9,12123,卖盘
419,14:27:27,13.48,--,4,5392,买盘
420,14:27:24,13.48,0.01,63,84924,买盘
421,14:27:21,13.47,--,60,80820,卖盘
422,14:27:18,13.47,-0.01,40,53880,卖盘
423,14:27:09,13.48,--,21,28308,买盘
424,14:27:06,13.48,--,7,9436,卖盘
425,14:27:03,13.48,--,25,33700,卖盘
426,14:26:57,13.48,-0.01,30,40440,卖盘
427,14:26:48,13.49,0.02,49,66101,买盘
428,14:26:42,13.47,--,5,6735,卖盘
429,14:26:39,13.47,--,3,4041,卖盘
430,14:26:30,13.47,-0.02,91,122577,卖盘
431,14:26:27,13.49,0.02,23,31027,买盘
432,14:26:24,13.47,--,44,59268,卖盘
433,14:26:21,13.47,--,35,47145,卖盘
434,14:26:15,13.47,-0.01,41,55227,卖盘
435,14:26:12,13.48,--,7,9705,卖盘
436,14:26:03,13.48,0.01,3,4044,买盘
437,14:26:00,13.47,--,26,35022,卖盘
438,14:25:57,13.47,-0.02,35,47145,卖盘
439,14:25:51,13.49,0.02,200,269800,买盘
440,14:25:48,13.47,--,33,44451,卖盘
441,14:25:45,13.47,-0.01,40,53880,卖盘
442,14:25:36,13.48,0.01,17,22916,买盘
443,14:25:27,13.47,--,100,134700,卖盘
444,14:25:21,13.47,--,2,2694,卖盘
445,14:25:18,13.47,--,23,30981,卖盘
446,14:25:15,13.47,-0.01,17,22899,卖盘
447,14:25:12,13.48,--,15,20220,买盘
448,14:25:03,13.48,--,28,37744,买盘
449,14:25:00,13.48,0.01,1,1348,买盘
450,14:24:57,13.47,-0.01,1,1347,卖盘
451,14:24:51,13.48,--,15,20759,买盘
452,14:24:51,13.48,--,33,44484,买盘
453,14:24:39,13.48,0.01,12,16176,买盘
454,14:24:36,13.47,-0.01,56,75432,卖盘
455,14:24:33,13.48,--,703,947644,买盘
456,14:24:27,13.48,--,5,6740,中性盘
457,14:24:21,13.48,--,33,44484,卖盘
458,14:24:06,13.48,--,23,31004,卖盘
459,14:24:03,13.48,--,3,4044,卖盘
460,14:24:00,13.48,-0.01,26,35048,卖盘
461,14:23:54,13.49,0.01,33,44517,买盘
462,14:23:51,13.48,0.01,21,28308,卖盘
463,14:23:39,13.47,-0.01,1,1347,卖盘
464,14:23:36,13.48,--,6,8088,卖盘
465,14:23:33,13.48,-0.02,21,28308,卖盘
466,14:23:30,13.5,0.02,1,1350,买盘
467,14:23:27,13.48,--,88,118624,卖盘
468,14:23:18,13.48,-0.01,390,525720,卖盘
469,14:23:15,13.49,--,208,280592,卖盘
470,14:23:09,13.49,--,31,41819,卖盘
471,14:23:03,13.49,--,61,82289,卖盘
472,14:22:57,13.49,--,15,20235,卖盘
473,14:22:54,13.49,--,33,44517,买盘
474,14:22:48,13.49,--,48,64752,买盘
475,14:22:42,13.49,-0.01,202,272498,卖盘
476,14:22:39,13.5,0.01,41,55350,买盘
477,14:22:36,13.49,--,37,49913,卖盘
478,14:22:30,13.49,--,9,12141,卖盘
479,14:22:18,13.49,--,1,1349,卖盘
480,14:22:15,13.49,-0.01,1,1349,卖盘
481,14:22:12,13.5,--,121,163350,买盘
482,14:22:06,13.5,0.01,30,40500,买盘
483,14:22:03,13.49,-0.01,26,35074,卖盘
484,14:21:57,13.5,--,13,17550,买盘
485,14:21:51,13.5,0.01,5,6750,买盘
486,14:21:48,13.49,--,6,8094,卖盘
487,14:21:42,13.49,--,46,62054,卖盘
488,14:21:39,13.49,--,114,153786,卖盘
489,14:21:33,13.49,0.01,89,120061,买盘
490,14:21:30,13.48,--,13,17524,卖盘
491,14:21:27,13.48,-0.01,6,8088,卖盘
492,14:21:24,13.49,--,49,66101,买盘
493,14:21:21,13.49,--,8,10792,买盘
494,14:21:12,13.49,--,3,4047,买盘
495,14:21:09,13.49,0.01,32,43168,买盘
496,14:21:06,13.48,-0.01,7,9436,卖盘
497,14:21:03,13.49,0.01,44,59356,买盘
498,14:21:00,13.48,-0.02,46,62008,卖盘
499,14:20:57,13.5,0.02,13,17550,买盘
500,14:20:54,13.48,-0.02,11,14828,卖盘
501,14:20:48,13.5,--,5,6750,买盘
502,14:20:39,13.5,0.02,38,51300,买盘
503,14:20:30,13.48,-0.01,6,8088,卖盘
504,14:20:27,13.49,0.02,46,62054,买盘
505,14:20:18,13.47,-0.02,23,30981,卖盘
506,14:20:09,13.49,0.01,102,137598,买盘
507,14:20:03,13.48,-0.01,50,67400,卖盘
508,14:20:00,13.49,0.01,4,5396,买盘
509,14:19:54,13.48,--,48,64704,卖盘
510,14:19:51,13.48,--,38,51224,买盘
511,14:19:42,13.48,0.01,5,6740,买盘
512,14:19:39,13.47,-0.01,56,75432,卖盘
513,14:19:33,13.48,0.01,92,124016,买盘
514,14:19:30,13.47,-0.02,5,6735,卖盘
515,14:19:27,13.49,0.02,6,8094,买盘
516,14:19:09,13.47,--,27,36369,卖盘
517,14:19:06,13.47,-0.02,53,71391,卖盘
518,14:19:03,13.49,--,5,6745,买盘
519,14:19:00,13.49,0.01,24,32376,买盘
520,14:18:57,13.48,-0.01,18,24264,卖盘
521,14:18:48,13.49,0.02,125,168625,买盘
522,14:18:39,13.47,--,144,193968,卖盘
523,14:18:36,13.47,--,20,26940,卖盘
524,14:18:33,13.47,-0.01,11,14817,卖盘
525,14:18:30,13.48,--,5,6740,买盘
526,14:18:21,13.48,0.01,3,4044,买盘
527,14:18:15,13.47,--,1,1347,卖盘
528,14:18:06,13.47,--,30,40410,卖盘
529,14:18:03,13.47,--,25,33675,卖盘
530,14:18:00,13.47,-0.01,75,101025,卖盘
531,14:17:57,13.48,--,3,4044,买盘
532,14:17:54,13.48,--,5,6740,买盘
533,14:17:48,13.48,0.01,5,6740,买盘
534,14:17:36,13.47,-0.01,39,52533,卖盘
535,14:17:30,13.48,--,17,22916,买盘
536,14:17:27,13.48,--,1,1348,买盘
537,14:17:24,13.48,-0.01,4,5392,买盘
538,14:17:12,13.49,--,40,53960,买盘
539,14:17:06,13.49,0.03,10,13490,买盘
540,14:17:03,13.46,-0.03,95,127870,卖盘
541,14:16:57,13.49,--,8,10792,买盘
542,14:16:54,13.49,--,36,48564,买盘
543,14:16:51,13.49,--,6,8094,买盘
544,14:16:48,13.49,0.02,42,56658,买盘
545,14:16:42,13.47,-0.02,6,8082,卖盘
546,14:16:39,13.49,0.02,7,9443,买盘
547,14:16:36,13.47,-0.01,68,91596,卖盘
548,14:16:33,13.48,-0.01,3,4044,卖盘
549,14:16:30,13.49,0.01,9,12141,买盘
550,14:16:24,13.48,--,32,43136,买盘
551,14:16:21,13.48,0.03,22,29656,买盘
552,14:16:15,13.45,-0.02,121,162745,卖盘
553,14:16:06,13.47,0.02,178,239766,买盘
554,14:16:00,13.45,-0.02,207,278415,卖盘
555,14:15:57,13.47,--,4,5388,买盘
556,14:15:54,13.47,0.01,13,17511,买盘
557,14:15:48,13.46,--,37,49802,卖盘
558,14:15:45,13.46,--,27,36530,买盘
559,14:15:42,13.46,--,2,2692,买盘
560,14:15:36,13.46,--,96,130373,卖盘
561,14:15:33,13.46,-0.01,12,16152,卖盘
562,14:15:30,13.47,0.01,18,24246,买盘
563,14:15:21,13.46,--,16,21536,卖盘
564,14:15:18,13.46,-0.01,6,8076,卖盘
565,14:15:15,13.47,0.01,31,41945,买盘
566,14:15:09,13.46,0.01,124,166904,买盘
567,14:15:06,13.45,-0.01,53,71285,卖盘
568,14:15:03,13.46,--,48,64608,买盘
569,14:15:00,13.46,-0.02,699,942011,卖盘
570,14:14:54,13.48,--,13,17524,买盘
571,14:14:51,13.48,--,5,6740,买盘
572,14:14:48,13.48,--,13,17524,买盘
573,14:14:45,13.48,--,5,6740,买盘
574,14:14:42,13.48,--,4,5392,买盘
575,14:14:39,13.48,0.01,53,71444,买盘
576,14:14:33,13.47,-0.01,1,1347,卖盘
577,14:14:30,13.48,--,68,91664,买盘
578,14:14:27,13.48,0.01,27,36396,买盘
579,14:14:24,13.47,--,1,1347,卖盘
580,14:14:15,13.47,-0.01,30,40410,卖盘
581,14:14:12,13.48,0.01,3,4044,买盘
582,14:14:06,13.47,--,4,5388,卖盘
583,14:14:03,13.47,-0.01,36,48492,卖盘
584,14:14:00,13.48,--,8,10784,买盘
585,14:13:57,13.48,0.01,37,49876,买盘
586,14:13:54,13.47,-0.01,33,44451,卖盘
587,14:13:51,13.48,--,1,1348,买盘
588,14:13:45,13.48,0.01,6,8088,买盘
589,14:13:42,13.47,0.01,24,32328,买盘
590,14:13:36,13.46,-0.01,833,1121218,卖盘
591,14:13:33,13.47,-0.01,2,2694,卖盘
592,14:13:30,13.48,0.01,244,328912,买盘
593,14:13:27,13.47,-0.01,56,75432,卖盘
594,14:13:24,13.48,0.01,7,9436,买盘
595,14:13:18,13.47,--,8,10776,卖盘
596,14:13:15,13.47,--,53,71391,卖盘
597,14:13:12,13.47,-0.01,8,10964,卖盘
598,14:13:09,13.48,0.01,5,6740,买盘
599,14:13:03,13.47,-0.01,66,88902,卖盘
600,14:13:00,13.48,-0.01,43,57964,卖盘
601,14:12:57,13.49,0.01,10,13490,买盘
602,14:12:54,13.48,--,9,12132,买盘
603,14:12:51,13.48,0.01,26,35048,买盘
604,14:12:48,13.47,-0.02,95,127965,卖盘
605,14:12:45,13.49,0.01,19,25631,买盘
606,14:12:42,13.48,-0.01,10,13480,卖盘
607,14:12:33,13.49,--,51,68799,买盘
608,14:12:30,13.49,0.01,35,47215,买盘
609,14:12:27,13.48,--,89,119972,买盘
610,14:12:24,13.48,-0.01,63,84924,卖盘
611,14:12:18,13.49,0.01,3,4047,买盘
612,14:12:15,13.48,--,23,31004,卖盘
613,14:12:12,13.48,-0.01,15,20220,卖盘
614,14:12:09,13.49,--,42,56658,买盘
615,14:12:06,13.49,0.02,8,10792,买盘
616,14:12:03,13.47,-0.02,29,39063,卖盘
617,14:11:54,13.49,0.01,13,17537,买盘
618,14:11:51,13.48,-0.02,166,223768,卖盘
619,14:11:48,13.5,--,84,113400,买盘
620,14:11:45,13.5,--,303,409050,买盘
621,14:11:42,13.5,--,33,44550,买盘
622,14:11:39,13.5,--,148,199800,买盘
623,14:11:36,13.5,--,4,5400,买盘
624,14:11:33,13.5,--,127,171450,买盘
625,14:11:27,13.5,--,137,184950,买盘
626,14:11:24,13.5,--,10,13500,买盘
627,14:11:18,13.5,--,24,32400,买盘
628,14:11:15,13.5,--,194,261900,卖盘
629,14:11:12,13.5,--,7,9450,卖盘
630,14:11:09,13.5,--,54,72900,卖盘
631,14:11:06,13.5,-0.02,28,37800,卖盘
632,14:11:03,13.52,--,34,45968,买盘
633,14:10:57,13.52,--,332,448864,买盘
634,14:10:54,13.52,-0.01,89,120328,卖盘
635,14:10:51,13.53,--,102,138006,卖盘
636,14:10:48,13.53,0.02,425,575025,买盘
637,14:10:42,13.51,0.01,102,137802,买盘
638,14:10:39,13.5,--,81,109350,买盘
639,14:10:36,13.5,-0.01,121,163350,卖盘
640,14:10:33,13.51,0.01,21,28371,买盘
641,14:10:30,13.5,--,149,201150,卖盘
642,14:10:24,13.5,--,100,135000,卖盘
643,14:10:18,13.5,--,295,398250,买盘
644,14:10:15,13.5,--,141,190350,买盘
645,14:10:12,13.5,--,189,255150,买盘
646,14:10:06,13.5,0.01,28,37800,买盘
647,14:10:02,13.49,--,23,31027,卖盘
648,14:09:59,13.49,0.02,327,441123,买盘
649,14:09:56,13.47,-0.02,151,203397,卖盘
650,14:09:53,13.49,--,38,51262,买盘
651,14:09:50,13.49,--,33,44517,买盘
652,14:09:47,13.49,0.02,11,14839,买盘
653,14:09:44,13.47,-0.01,21,28287,中性盘
654,14:09:38,13.48,0.02,12,16176,买盘
655,14:09:35,13.46,-0.02,138,185748,卖盘
656,14:09:32,13.48,0.03,6,8088,买盘
657,14:09:26,13.45,--,112,150640,卖盘
658,14:09:17,13.45,--,149,201023,买盘
659,14:09:14,13.45,--,136,182920,买盘
660,14:09:08,13.45,--,163,219235,买盘
661,14:09:05,13.45,0.01,114,153330,买盘
662,14:09:02,13.44,-0.01,390,524160,卖盘
663,14:08:59,13.45,--,175,235375,买盘
664,14:08:56,13.45,--,320,430400,买盘
665,14:08:53,13.45,0.01,95,127775,买盘
666,14:08:50,13.44,-0.01,166,223104,卖盘
667,14:08:47,13.45,--,118,158710,买盘
668,14:08:44,13.45,--,190,255550,买盘
669,14:08:38,13.45,--,37,49765,买盘
670,14:08:35,13.45,0.01,515,692675,买盘
671,14:08:32,13.44,--,23,30912,卖盘
672,14:08:26,13.44,-0.01,264,354816,卖盘
673,14:08:23,13.45,--,10,13450,买盘
674,14:08:20,13.45,--,12,16140,买盘
675,14:08:17,13.45,--,35,47075,买盘
676,14:08:14,13.45,--,55,73975,买盘
677,14:08:11,13.45,--,46,61870,买盘
678,14:08:08,13.45,0.01,332,446540,买盘
679,14:08:05,13.44,--,23,30912,卖盘
680,14:07:59,13.44,-0.01,33,44352,卖盘
681,14:07:56,13.45,--,209,281105,买盘
682,14:07:53,13.45,--,118,159032,买盘
683,14:07:50,13.45,--,9,12105,买盘
684,14:07:47,13.45,--,50,67250,买盘
685,14:07:44,13.45,--,26,34970,买盘
686,14:07:41,13.45,--,505,679225,买盘
687,14:07:38,13.45,--,38,51110,买盘
688,14:07:35,13.45,--,24,32280,买盘
689,14:07:32,13.45,0.01,21,28245,买盘
690,14:07:29,13.44,-0.01,1,1344,卖盘
691,14:07:26,13.45,--,255,342975,买盘
692,14:07:23,13.45,--,42,56490,买盘
693,14:07:20,13.45,0.01,12,16140,买盘
694,14:07:17,13.44,-0.01,4,5376,卖盘
695,14:07:14,13.45,--,10,13450,买盘
696,14:07:08,13.45,--,54,72630,买盘
697,14:07:05,13.45,0.02,188,252860,买盘
698,14:06:59,13.43,-0.02,142,190706,卖盘
699,14:06:56,13.45,--,1122,1509090,买盘
700,14:06:50,13.45,--,53,71285,买盘
701,14:06:47,13.45,--,200,269000,买盘
702,14:06:41,13.45,0.01,26,35508,买盘
703,14:06:38,13.44,--,9,12096,买盘
704,14:06:35,13.44,--,59,79296,买盘
705,14:06:32,13.44,--,37,49728,买盘
706,14:06:29,13.44,--,136,182784,买盘
707,14:06:26,13.44,--,70,94080,买盘
708,14:06:23,13.44,--,84,112896,买盘
709,14:06:17,13.44,--,58,77952,买盘
710,14:06:14,13.44,--,25,33600,买盘
711,14:06:11,13.44,0.01,100,134400,买盘
712,14:06:08,13.43,--,15,20145,卖盘
713,14:06:05,13.43,-0.01,69,92667,卖盘
714,14:06:02,13.44,0.03,18,24192,买盘
715,14:05:59,13.41,-0.02,1378,1847898,卖盘
716,14:05:56,13.43,--,116,155788,买盘
717,14:05:53,13.43,--,237,318291,买盘
718,14:05:50,13.43,--,563,756109,买盘
719,14:05:47,13.43,0.02,33,44319,买盘
720,14:05:41,13.41,-0.02,411,551151,卖盘
721,14:05:38,13.43,--,156,209508,买盘
722,14:05:35,13.43,-0.01,1113,1494759,卖盘
723,14:05:29,13.44,--,25,33600,买盘
724,14:05:26,13.44,-0.01,1394,1873536,卖盘
725,14:05:23,13.45,--,59,79355,买盘
726,14:05:20,13.45,--,98,131810,买盘
727,14:05:17,13.45,--,795,1069275,买盘
728,14:05:14,13.45,-0.01,2107,2834668,卖盘
729,14:05:11,13.46,--,674,907204,买盘
730,14:05:08,13.46,0.01,290,390340,卖盘
731,14:05:05,13.45,-0.02,1005,1351725,卖盘
732,14:04:59,13.47,--,160,215520,买盘
733,14:04:56,13.47,0.01,147,198009,中性盘
734,14:04:53,13.46,-0.03,1059,1425414,卖盘
735,14:04:50,13.49,0.01,118,159208,买盘
736,14:04:44,13.48,0.01,1024,1380352,中性盘
737,14:04:41,13.47,-0.02,49,66029,卖盘
738,14:04:38,13.49,0.02,44,59356,买盘
739,14:04:32,13.47,--,46,61962,卖盘
740,14:04:29,13.47,-0.01,1017,1370249,卖盘
741,14:04:26,13.48,--,8,11781,卖盘
742,14:04:23,13.48,0.02,175,235900,买盘
743,14:04:20,13.46,-0.02,1078,1451203,卖盘
744,14:04:17,13.48,0.01,72,97056,买盘
745,14:04:14,13.47,--,208,281361,买盘
746,14:04:08,13.47,-0.02,852,1147805,卖盘
747,14:04:05,13.49,--,266,358834,卖盘
748,14:04:02,13.49,-0.01,21,28329,卖盘
749,14:03:59,13.5,--,1011,1364850,卖盘
750,14:03:56,13.5,--,189,255150,买盘
751,14:03:53,13.5,--,30,40500,买盘
752,14:03:50,13.5,0.03,36,48600,买盘
753,14:03:47,13.47,-0.04,1005,1353735,卖盘
754,14:03:44,13.51,--,185,249935,买盘
755,14:03:41,13.51,0.03,18,24318,买盘
756,14:03:38,13.48,-0.03,1024,1380352,卖盘
757,14:03:35,13.51,0.02,2,2702,买盘
758,14:03:29,13.49,0.02,2,2698,买盘
759,14:03:26,13.47,-0.03,1023,1377981,卖盘
760,14:03:23,13.5,--,18,24300,买盘
761,14:03:17,13.5,0.03,16,21600,买盘
762,14:03:14,13.47,-0.03,1000,1347000,卖盘
763,14:03:11,13.5,--,20,27000,买盘
764,14:03:08,13.5,0.02,30,40500,买盘
765,14:03:05,13.48,--,76,102448,买盘
766,14:03:02,13.48,-0.04,926,1248248,卖盘
767,14:02:59,13.52,0.04,61,82472,买盘
768,14:02:53,13.48,-0.02,990,1334520,卖盘
769,14:02:47,13.5,--,27,36450,卖盘
770,14:02:44,13.5,0.03,1,1350,买盘
771,14:02:41,13.47,-0.03,1001,1348347,卖盘
772,14:02:38,13.5,-0.01,14,18900,卖盘
773,14:02:35,13.51,0.01,1028,1388828,买盘
774,14:02:26,13.5,--,102,137700,买盘
775,14:02:23,13.5,0.03,50,67500,买盘
776,14:02:20,13.47,-0.02,1030,1387410,卖盘
777,14:02:17,13.49,-0.01,93,125457,卖盘
778,14:02:11,13.5,0.02,25,33750,买盘
779,14:02:08,13.48,-0.01,1096,1477408,卖盘
780,14:02:05,13.49,-0.01,94,126806,中性盘
781,14:01:59,13.5,--,1145,1545750,卖盘
782,14:01:53,13.5,--,7,9450,买盘
783,14:01:50,13.5,--,2,2700,买盘
784,14:01:47,13.5,0.02,1006,1358100,买盘
785,14:01:44,13.48,--,89,121158,买盘
786,14:01:38,13.48,--,207,279036,买盘
787,14:01:35,13.48,-0.03,736,992289,卖盘
788,14:01:29,13.51,0.03,318,430806,买盘
789,14:01:26,13.48,-0.02,1014,1366872,卖盘
790,14:01:20,13.5,-0.01,239,322650,卖盘
791,14:01:17,13.51,--,1030,1391530,买盘
792,14:01:11,13.51,--,148,199948,买盘
793,14:01:08,13.51,--,233,314783,买盘
794,14:01:02,13.51,-0.04,34,46096,卖盘
795,14:00:59,13.55,0.01,2,2710,买盘
796,14:00:56,13.54,0.02,637,863689,买盘
797,14:00:50,13.52,-0.01,32,43264,卖盘
798,14:00:47,13.53,--,5,6765,买盘
799,14:00:41,13.53,-0.01,10,13530,中性盘
800,14:00:38,13.54,--,4,5416,买盘
801,14:00:35,13.54,0.02,10,13540,买盘
802,14:00:32,13.52,--,23,31096,卖盘
803,14:00:29,13.52,-0.02,20,27040,卖盘
804,14:00:23,13.54,0.02,18,24372,买盘
805,14:00:20,13.52,-0.01,13,17576,卖盘
806,14:00:14,13.53,-0.01,10,13530,卖盘
807,14:00:11,13.54,0.02,10,13540,买盘
808,14:00:08,13.52,-0.02,33,44616,卖盘
809,14:00:02,13.54,--,2,2708,买盘
810,13:59:59,13.54,0.01,231,312774,买盘
811,13:59:53,13.53,-0.01,143,193479,卖盘
812,13:59:50,13.54,--,19,25726,买盘
813,13:59:47,13.54,--,48,64991,买盘
814,13:59:35,13.54,--,5,6770,买盘
815,13:59:29,13.54,--,23,31141,买盘
816,13:59:20,13.54,--,69,93426,买盘
817,13:59:14,13.54,0.01,17,23288,买盘
818,13:59:11,13.53,--,7,9471,买盘
819,13:59:08,13.53,--,33,44649,买盘
820,13:59:05,13.53,--,1,1353,买盘
821,13:58:59,13.53,--,54,73062,买盘
822,13:58:56,13.53,--,13,17589,买盘
823,13:58:53,13.53,--,4,5412,买盘
824,13:58:50,13.53,0.01,165,223245,买盘
825,13:58:44,13.52,--,26,35152,买盘
826,13:58:41,13.52,-0.01,47,63544,卖盘
827,13:58:38,13.53,0.01,73,98769,买盘
828,13:58:35,13.52,--,29,39208,卖盘
829,13:58:29,13.52,-0.01,48,64896,卖盘
830,13:58:23,13.53,0.02,67,90651,买盘
831,13:58:17,13.51,-0.01,56,75656,卖盘
832,13:58:14,13.52,0.01,3,4056,买盘
833,13:58:11,13.51,--,52,70252,卖盘
834,13:58:08,13.51,--,49,66199,卖盘
835,13:58:05,13.51,--,12,16212,卖盘
836,13:58:02,13.51,-0.01,3,4053,卖盘
837,13:57:59,13.52,--,68,91936,买盘
838,13:57:56,13.52,0.01,23,31096,买盘
839,13:57:53,13.51,-0.01,15,20265,卖盘
840,13:57:50,13.52,0.01,66,89232,买盘
841,13:57:44,13.51,-0.01,33,44583,卖盘
842,13:57:41,13.52,--,13,17576,买盘
843,13:57:35,13.52,0.01,1,1352,买盘
844,13:57:29,13.51,--,8,10808,卖盘
845,13:57:23,13.51,--,14,18914,卖盘
846,13:57:17,13.51,--,6,8106,卖盘
847,13:57:11,13.51,--,38,51338,卖盘
848,13:57:05,13.51,--,3,4053,卖盘
849,13:57:02,13.51,--,1,1351,卖盘
850,13:56:56,13.51,--,1,1351,卖盘
851,13:56:53,13.51,--,7,9457,卖盘
852,13:56:50,13.51,--,9,12159,买盘
853,13:56:47,13.51,--,67,90517,买盘
854,13:56:44,13.51,0.01,1,1351,买盘
855,13:56:41,13.5,-0.01,2,2700,中性盘
856,13:56:32,13.51,0.01,71,95921,买盘
857,13:56:23,13.5,-0.01,190,256500,卖盘
858,13:56:14,13.51,0.01,170,229670,卖盘
859,13:56:11,13.5,--,143,193050,卖盘
860,13:56:08,13.5,--,4,5400,卖盘
861,13:56:05,13.5,--,2,2700,卖盘
862,13:56:02,13.5,0.01,63,85050,买盘
863,13:55:59,13.49,-0.01,33,44517,卖盘
864,13:55:56,13.5,--,55,74250,卖盘
865,13:55:53,13.5,-0.02,10,13500,卖盘
866,13:55:47,13.52,0.02,26,35152,买盘
867,13:55:44,13.5,--,180,243000,卖盘
868,13:55:41,13.5,--,10,13500,卖盘
869,13:55:38,13.5,--,83,112050,卖盘
870,13:55:32,13.5,0.05,150,202500,中性盘
871,13:55:29,13.45,-0.04,1473,1981669,卖盘
872,13:55:26,13.49,-0.01,35,47215,卖盘
873,13:55:23,13.5,--,294,396900,买盘
874,13:55:20,13.5,-0.02,1070,1444500,卖盘
875,13:55:14,13.52,0.02,381,515112,买盘
876,13:55:11,13.5,--,8,10800,买盘
877,13:55:08,13.5,0.01,114,153900,买盘
878,13:55:05,13.49,-0.03,207,279243,卖盘
879,13:55:02,13.52,--,54,73008,卖盘
880,13:54:59,13.52,--,11,14872,买盘
881,13:54:56,13.52,0.02,103,139256,买盘
882,13:54:53,13.5,0.02,48,64800,中性盘
883,13:54:50,13.48,-0.04,706,951688,卖盘
884,13:54:47,13.52,0.02,117,158184,买盘
885,13:54:41,13.5,0.02,39,52650,卖盘
886,13:54:35,13.48,-0.02,1754,2364392,卖盘
887,13:54:32,13.5,--,207,279450,买盘
888,13:54:29,13.5,--,66,89100,买盘
889,13:54:26,13.5,--,79,106650,买盘
890,13:54:23,13.5,--,283,382050,买盘
891,13:54:20,13.5,0.01,64,86400,买盘
892,13:54:17,13.49,-0.04,3036,4096589,卖盘
893,13:54:14,13.53,-0.03,10,13530,卖盘
894,13:54:11,13.56,0.03,9,12204,买盘
895,13:54:08,13.53,--,566,765798,卖盘
896,13:54:02,13.53,0.01,45,61209,买盘
897,13:53:59,13.52,--,83,112216,卖盘
898,13:53:56,13.52,-0.01,523,707096,卖盘
899,13:53:53,13.53,--,13,17589,买盘
900,13:53:50,13.53,--,15,20295,买盘
901,13:53:47,13.53,--,23,31119,买盘
902,13:53:44,13.53,-0.02,2449,3314525,卖盘
903,13:53:41,13.55,--,33,44715,卖盘
904,13:53:32,13.55,--,1,1355,卖盘
905,13:53:26,13.55,-0.01,51,69105,卖盘
906,13:53:23,13.56,0.01,20,27120,买盘
907,13:53:14,13.55,-0.01,40,54200,卖盘
908,13:53:11,13.56,0.01,48,65088,中性盘
909,13:53:02,13.55,-0.02,10,13550,卖盘
910,13:52:59,13.57,0.01,13,17641,买盘
911,13:52:50,13.56,-0.01,26,35256,买盘
912,13:52:47,13.57,0.02,81,109917,买盘
913,13:52:41,13.55,-0.01,65,88075,卖盘
914,13:52:38,13.56,--,4,5424,卖盘
915,13:52:35,13.56,--,2,2712,卖盘
916,13:52:32,13.56,-0.01,8,10848,卖盘
917,13:52:20,13.57,0.01,2,2714,买盘
918,13:52:11,13.56,-0.01,78,105768,卖盘
919,13:52:08,13.57,--,40,54280,买盘
920,13:52:05,13.57,0.01,13,17641,买盘
921,13:52:02,13.56,-0.01,1,1356,卖盘
922,13:51:49,13.57,--,5,6785,买盘
923,13:51:40,13.57,--,339,460023,买盘
924,13:51:37,13.57,--,83,112631,买盘
925,13:51:34,13.57,0.01,35,48472,买盘
926,13:51:31,13.56,-0.01,1,1356,卖盘
927,13:51:28,13.57,0.01,1,1357,买盘
928,13:51:22,13.56,--,18,24408,买盘
929,13:51:13,13.56,--,12,16272,买盘
930,13:51:10,13.56,--,25,33900,卖盘
931,13:51:07,13.56,--,15,20340,买盘
932,13:51:04,13.56,--,18,24408,卖盘
933,13:50:58,13.56,--,26,35256,买盘
934,13:50:55,13.56,--,13,17628,买盘
935,13:50:49,13.56,--,25,33900,买盘
936,13:50:46,13.56,--,5,6780,买盘
937,13:50:40,13.56,0.01,410,555960,买盘
938,13:50:34,13.55,-0.01,3,4092,卖盘
939,13:50:31,13.56,--,82,112249,卖盘
940,13:50:28,13.56,-0.01,10,13560,卖盘
941,13:50:19,13.57,0.01,20,27140,买盘
942,13:50:16,13.56,-0.01,1,1356,卖盘
943,13:50:10,13.57,0.01,13,17641,买盘
944,13:50:07,13.56,--,95,128820,卖盘
945,13:50:04,13.56,-0.01,10,13560,卖盘
946,13:50:01,13.57,--,30,40710,买盘
947,13:49:58,13.57,0.01,23,31211,买盘
948,13:49:49,13.56,-0.01,1,1356,卖盘
949,13:49:43,13.57,0.01,6,8142,买盘
950,13:49:40,13.56,--,29,39324,卖盘
951,13:49:37,13.56,--,4,5966,卖盘
952,13:49:34,13.56,-0.01,1,2440,卖盘
953,13:49:31,13.57,0.01,15,20355,买盘
954,13:49:22,13.56,--,8,10848,卖盘
955,13:49:13,13.56,-0.01,10,13560,卖盘
956,13:49:10,13.57,0.01,13,17641,买盘
957,13:49:07,13.56,-0.01,59,80004,卖盘
958,13:48:55,13.57,0.01,13,17641,买盘
959,13:48:52,13.56,-0.01,13,17628,卖盘
960,13:48:46,13.57,0.01,5,6785,买盘
961,13:48:43,13.56,--,4,5424,卖盘
962,13:48:40,13.56,--,19,25764,卖盘
963,13:48:34,13.56,--,3,4095,卖盘
964,13:48:25,13.56,--,25,33900,卖盘
965,13:48:16,13.56,--,1,1356,卖盘
966,13:48:07,13.56,--,32,43392,卖盘
967,13:48:01,13.56,-0.01,41,55596,中性盘
968,13:47:58,13.57,0.01,13,17641,买盘
969,13:47:55,13.56,-0.01,20,27120,中性盘
970,13:47:46,13.57,0.02,5,6785,买盘
971,13:47:43,13.55,-0.01,300,406500,卖盘
972,13:47:40,13.56,-0.01,2,2712,卖盘
973,13:47:37,13.57,0.01,50,67850,买盘
974,13:47:31,13.56,--,3,4095,卖盘
975,13:47:28,13.56,--,3,4068,卖盘
976,13:47:25,13.56,-0.01,53,71868,卖盘
977,13:47:13,13.57,--,38,51566,买盘
978,13:47:10,13.57,--,15,20355,买盘
979,13:47:04,13.57,--,77,104489,买盘
980,13:47:01,13.57,--,20,27140,买盘
981,13:46:58,13.57,--,10,13570,买盘
982,13:46:55,13.57,--,254,344678,买盘
983,13:46:52,13.57,0.01,15,20355,买盘
984,13:46:46,13.56,--,70,94920,卖盘
985,13:46:40,13.56,--,5,6780,卖盘
986,13:46:37,13.56,--,13,17628,卖盘
987,13:46:31,13.56,--,3,4068,卖盘
988,13:46:28,13.56,-0.01,6,8136,卖盘
989,13:46:22,13.57,--,11,14927,买盘
990,13:46:13,13.57,0.01,2,2714,买盘
991,13:46:10,13.56,0.01,10,13560,卖盘
992,13:46:07,13.55,-0.01,23,31165,卖盘
993,13:46:01,13.56,--,11,14916,卖盘
994,13:45:55,13.56,--,4,5424,买盘
995,13:45:52,13.56,--,105,142380,买盘
996,13:45:46,13.56,--,17,23052,买盘
997,13:45:43,13.56,--,14,18984,买盘
998,13:45:40,13.56,0.01,10,13560,买盘
999,13:45:37,13.55,-0.01,48,65040,卖盘
1000,13:45:34,13.56,0.01,61,82716,买盘
1001,13:45:31,13.55,--,1,1734,卖盘
1002,13:45:28,13.55,-0.01,19,26720,卖盘
1003,13:45:25,13.56,0.01,30,40680,买盘
1004,13:45:19,13.55,-0.01,1,1355,卖盘
1005,13:45:16,13.56,0.01,28,37968,买盘
1006,13:45:04,13.55,--,150,203683,买盘
1007,13:45:01,13.55,--,13,17615,买盘
1008,13:44:58,13.55,0.01,148,200540,买盘
1009,13:44:46,13.54,--,29,39266,卖盘
1010,13:44:43,13.54,-0.01,20,27080,卖盘
1011,13:44:40,13.55,0.01,10,13550,买盘
1012,13:44:37,13.54,--,4,5416,卖盘
1013,13:44:34,13.54,--,2,2708,卖盘
1014,13:44:31,13.54,-0.01,48,64991,卖盘
1015,13:44:28,13.55,0.01,22,29810,买盘
1016,13:44:25,13.54,-0.01,207,280278,卖盘
1017,13:44:19,13.55,0.01,24,32520,买盘
1018,13:44:13,13.54,--,20,27080,卖盘
1019,13:44:07,13.54,--,2,2708,卖盘
1020,13:44:04,13.54,--,3,4061,卖盘
1021,13:43:58,13.54,--,40,55161,买盘
1022,13:43:55,13.54,--,79,106966,买盘
1023,13:43:52,13.54,--,32,43328,买盘
1024,13:43:46,13.54,--,248,335792,买盘
1025,13:43:43,13.54,0.01,27,36558,买盘
1026,13:43:37,13.53,--,219,296307,卖盘
1027,13:43:34,13.53,--,19,25707,卖盘
1028,13:43:31,13.53,--,1,1894,卖盘
1029,13:43:28,13.53,--,1,1758,卖盘
1030,13:43:25,13.53,-0.01,41,56447,卖盘
1031,13:43:22,13.54,--,290,392660,买盘
1032,13:43:19,13.54,--,30,40620,买盘
1033,13:43:16,13.54,0.01,12,16247,买盘
1034,13:43:13,13.53,-0.01,10,13530,卖盘
1035,13:43:07,13.54,--,73,98842,买盘
1036,13:42:55,13.54,0.01,30,40620,买盘
1037,13:42:52,13.53,--,174,235422,卖盘
1038,13:42:49,13.53,--,143,193479,卖盘
1039,13:42:43,13.53,--,156,211068,卖盘
1040,13:42:40,13.53,--,15,20295,卖盘
1041,13:42:37,13.53,-0.01,96,130212,卖盘
1042,13:42:34,13.54,0.01,63,86331,买盘
1043,13:42:31,13.53,-0.01,168,227304,卖盘
1044,13:42:25,13.54,0.01,64,86656,买盘
1045,13:42:19,13.53,--,139,188067,卖盘
1046,13:42:16,13.53,--,17,23001,卖盘
1047,13:42:13,13.53,-0.01,6,8118,卖盘
1048,13:42:10,13.54,0.01,10,13540,买盘
1049,13:42:07,13.53,-0.01,192,259776,卖盘
1050,13:42:04,13.54,0.01,10,13540,卖盘
1051,13:42:01,13.53,--,22,29766,卖盘
1052,13:41:58,13.53,-0.01,141,190773,卖盘
1053,13:41:55,13.54,--,51,69054,买盘
1054,13:41:52,13.54,--,55,74470,卖盘
1055,13:41:49,13.54,--,101,136754,卖盘
1056,13:41:46,13.54,-0.01,189,255905,卖盘
1057,13:41:40,13.55,0.01,2,2710,买盘
1058,13:41:37,13.54,--,121,163834,卖盘
1059,13:41:31,13.54,-0.01,73,98842,卖盘
1060,13:41:28,13.55,0.01,113,153115,买盘
1061,13:41:25,13.54,--,144,194976,卖盘
1062,13:41:22,13.54,--,80,108320,卖盘
1063,13:41:16,13.54,-0.01,178,241011,卖盘
1064,13:41:10,13.55,--,5,6775,买盘
1065,13:41:07,13.55,--,199,270620,卖盘
1066,13:41:04,13.55,--,20,27100,卖盘
1067,13:41:01,13.55,-0.01,131,177505,卖盘
1068,13:40:52,13.56,0.01,159,215604,买盘
1069,13:40:49,13.55,-0.01,146,197830,卖盘
1070,13:40:46,13.56,0.01,12,16272,买盘
1071,13:40:43,13.55,--,48,65040,卖盘
1072,13:40:40,13.55,--,191,258805,卖盘
1073,13:40:37,13.55,--,39,52845,卖盘
1074,13:40:31,13.55,--,187,253385,卖盘
1075,13:40:28,13.55,--,23,31923,卖盘
1076,13:40:25,13.55,--,73,99240,卖盘
1077,13:40:22,13.55,--,33,44715,卖盘
1078,13:40:19,13.55,--,142,192410,卖盘
1079,13:40:16,13.55,--,6,8130,卖盘
1080,13:40:13,13.55,-0.01,153,207315,卖盘
1081,13:40:07,13.56,--,136,184416,卖盘
1082,13:40:04,13.56,--,500,678000,卖盘
1083,13:39:58,13.56,--,1,1356,卖盘
1084,13:39:55,13.56,--,243,330294,卖盘
1085,13:39:49,13.56,--,1,1356,卖盘
1086,13:39:46,13.56,--,159,216661,卖盘
1087,13:39:37,13.56,--,11,14916,卖盘
1088,13:39:34,13.56,-0.01,138,187128,卖盘
1089,13:39:28,13.57,--,24,32568,买盘
1090,13:39:25,13.57,--,169,229902,卖盘
1091,13:39:22,13.57,--,9,12240,卖盘
1092,13:39:16,13.57,--,20,27140,卖盘
1093,13:39:13,13.57,--,141,191337,卖盘
1094,13:39:10,13.57,--,2,2714,卖盘
1095,13:39:07,13.57,--,3,4071,卖盘
1096,13:39:04,13.57,--,126,170982,卖盘
1097,13:38:55,13.57,--,5,6785,卖盘
1098,13:38:46,13.57,--,6,8142,卖盘
1099,13:38:37,13.57,--,3,4071,卖盘
1100,13:38:34,13.57,-0.02,210,284970,卖盘
1101,13:38:28,13.59,--,8,10872,卖盘
1102,13:38:22,13.59,0.02,13,17667,中性盘
1103,13:38:01,13.57,-0.02,209,283613,卖盘
1104,13:37:58,13.59,0.01,422,574231,买盘
1105,13:37:55,13.58,0.01,18,24444,买盘
1106,13:37:49,13.57,-0.01,20,27140,卖盘
1107,13:37:46,13.58,--,10,13580,买盘
1108,13:37:43,13.58,0.01,2,2716,买盘
1109,13:37:34,13.57,--,2,2714,卖盘
1110,13:37:31,13.57,--,209,283613,卖盘
1111,13:37:22,13.57,-0.01,29,39380,卖盘
1112,13:37:16,13.58,0.01,100,135800,买盘
1113,13:37:13,13.57,-0.01,1,1357,卖盘
1114,13:37:07,13.58,0.02,3,4074,买盘
1115,13:37:01,13.56,-0.01,209,283404,卖盘
1116,13:36:58,13.57,--,1,1357,卖盘
1117,13:36:49,13.57,--,7,9499,卖盘
1118,13:36:46,13.57,--,697,945829,买盘
1119,13:36:43,13.57,--,8,10856,买盘
1120,13:36:31,13.57,--,14,18998,买盘
1121,13:36:28,13.57,0.01,6,8142,买盘
1122,13:36:25,13.56,--,3,4068,卖盘
1123,13:36:19,13.56,--,4,5424,卖盘
1124,13:36:10,13.56,--,10,13560,卖盘
1125,13:36:07,13.56,--,3,4068,卖盘
1126,13:36:01,13.56,--,1,1356,卖盘
1127,13:35:55,13.56,--,42,56952,卖盘
1128,13:35:52,13.56,--,7,9492,卖盘
1129,13:35:49,13.56,-0.01,66,89496,卖盘
1130,13:35:46,13.57,0.01,10,13570,买盘
1131,13:35:37,13.56,-0.01,36,48816,卖盘
1132,13:35:31,13.57,--,113,153341,买盘
1133,13:35:28,13.57,0.01,50,67850,买盘
1134,13:35:22,13.56,--,12,16272,卖盘
1135,13:35:19,13.56,--,1,1572,卖盘
1136,13:35:16,13.56,-0.02,1,2495,卖盘
1137,13:35:07,13.58,0.02,8,10864,买盘
1138,13:35:04,13.56,--,37,50172,卖盘
1139,13:35:01,13.56,-0.02,501,679356,卖盘
1140,13:34:55,13.58,0.01,4,5432,买盘
1141,13:34:52,13.57,--,33,44781,卖盘
1142,13:34:49,13.57,--,68,92276,卖盘
1143,13:34:37,13.57,-0.01,365,495305,卖盘
1144,13:34:34,13.58,--,50,67900,卖盘
1145,13:34:31,13.58,-0.01,18,25313,卖盘
1146,13:34:22,13.59,--,10,13590,买盘
1147,13:34:19,13.59,0.01,1,1359,买盘
1148,13:34:16,13.58,--,2,3177,卖盘
1149,13:34:13,13.58,--,1,2254,卖盘
1150,13:34:10,13.58,-0.01,8,10864,卖盘
1151,13:34:04,13.59,0.01,20,27180,买盘
1152,13:34:01,13.58,--,34,46172,卖盘
1153,13:33:58,13.58,--,100,135800,卖盘
1154,13:33:55,13.58,--,2,2716,卖盘
1155,13:33:52,13.58,--,45,61110,卖盘
1156,13:33:49,13.58,-0.01,13,17654,卖盘
1157,13:33:46,13.59,--,46,62514,买盘
1158,13:33:40,13.59,0.01,5,6795,买盘
1159,13:33:37,13.58,--,23,31234,卖盘
1160,13:33:34,13.58,--,88,119504,卖盘
1161,13:33:31,13.58,--,1,1358,卖盘
1162,13:33:25,13.58,-0.01,52,70616,卖盘
1163,13:33:19,13.59,--,64,86976,卖盘
1164,13:33:13,13.59,--,23,31257,卖盘
1165,13:33:10,13.59,--,25,33975,卖盘
1166,13:33:07,13.59,--,27,36693,卖盘
1167,13:33:01,13.59,--,20,27180,卖盘
1168,13:32:55,13.59,-0.01,46,62514,卖盘
1169,13:32:52,13.6,--,96,131049,卖盘
1170,13:32:49,13.6,-0.01,30,40800,卖盘
1171,13:32:46,13.61,0.01,42,57162,买盘
1172,13:32:39,13.6,--,3,4080,卖盘
1173,13:32:36,13.6,-0.01,517,703120,卖盘
1174,13:32:30,13.61,0.01,46,62619,买盘
1175,13:32:24,13.6,--,18,24480,卖盘
1176,13:32:21,13.6,--,84,114240,卖盘
1177,13:32:18,13.6,-0.01,11,14960,卖盘
1178,13:32:15,13.61,0.01,38,51745,买盘
1179,13:32:09,13.6,--,80,109616,卖盘
1180,13:32:03,13.6,-0.01,69,93840,卖盘
1181,13:32:00,13.61,--,10,13610,买盘
1182,13:31:57,13.61,--,12,16332,买盘
1183,13:31:54,13.61,0.01,39,53079,买盘
1184,13:31:51,13.6,-0.01,111,150960,卖盘
1185,13:31:48,13.61,--,2,2722,买盘
1186,13:31:45,13.61,0.01,5,6805,买盘
1187,13:31:42,13.6,--,21,28573,买盘
1188,13:31:39,13.6,--,5,8146,卖盘
1189,13:31:36,13.6,-0.01,60,81600,卖盘
1190,13:31:33,13.61,-0.01,15,20415,卖盘
1191,13:31:30,13.62,0.01,38,51756,买盘
1192,13:31:24,13.61,0.01,43,58523,买盘
1193,13:31:12,13.6,-0.02,3,4093,卖盘
1194,13:31:09,13.62,0.01,12,16343,买盘
1195,13:31:06,13.61,--,5,6805,卖盘
1196,13:31:00,13.61,--,1,1361,卖盘
1197,13:30:51,13.61,0.02,42,57162,中性盘
1198,13:30:45,13.59,--,7,9513,卖盘
1199,13:30:39,13.59,-0.02,79,107904,卖盘
1200,13:30:30,13.61,--,1372,1868108,买盘
1201,13:30:21,13.61,0.01,7,9527,买盘
1202,13:30:18,13.6,--,26,36407,卖盘
1203,13:30:15,13.6,--,26,35373,卖盘
1204,13:30:06,13.6,-0.01,13,17680,卖盘
1205,13:30:03,13.61,0.01,51,69411,买盘
1206,13:30:00,13.6,--,7,9520,卖盘
1207,13:29:54,13.6,--,46,62560,卖盘
1208,13:29:48,13.6,--,6,8160,卖盘
1209,13:29:42,13.6,--,1,1360,卖盘
1210,13:29:39,13.6,--,2,2720,卖盘
1211,13:29:33,13.6,--,1,1632,卖盘
1212,13:29:30,13.6,--,189,257067,买盘
1213,13:29:24,13.6,0.01,10,13600,买盘
1214,13:29:18,13.59,--,1,1359,卖盘
1215,13:29:06,13.59,-0.01,5,6808,卖盘
1216,13:29:00,13.6,--,10,13600,买盘
1217,13:28:51,13.6,--,32,44852,卖盘
1218,13:28:48,13.6,--,28,38080,卖盘
1219,13:28:39,13.6,--,46,62560,卖盘
1220,13:28:36,13.6,--,10,13627,买盘
1221,13:28:27,13.6,--,52,72052,卖盘
1222,13:28:21,13.6,--,100,136000,卖盘
1223,13:28:18,13.6,-0.01,1,1360,卖盘
1224,13:28:06,13.61,0.01,12,16699,买盘
1225,13:28:03,13.6,-0.01,1,2366,卖盘
1226,13:27:48,13.61,--,26,35386,买盘
1227,13:27:42,13.61,--,165,225422,卖盘
1228,13:27:33,13.61,--,50,68050,卖盘
1229,13:27:30,13.61,--,71,96631,卖盘
1230,13:27:24,13.61,-0.01,20,27220,卖盘
1231,13:27:21,13.62,0.01,447,608814,买盘
1232,13:27:18,13.61,--,20,27220,卖盘
1233,13:27:15,13.61,--,1,1361,卖盘
1234,13:27:12,13.61,--,45,61245,卖盘
1235,13:27:03,13.61,--,43,58536,卖盘
1236,13:26:57,13.61,--,10,13610,卖盘
1237,13:26:51,13.61,--,80,108880,卖盘
1238,13:26:48,13.61,-0.01,574,781554,卖盘
1239,13:26:45,13.62,0.01,5,6810,买盘
1240,13:26:42,13.61,--,51,69411,卖盘
1241,13:26:36,13.61,--,20,27220,卖盘
1242,13:26:30,13.61,0.01,254,345843,买盘
1243,13:26:27,13.6,--,5,6800,卖盘
1244,13:26:24,13.6,--,80,108800,卖盘
1245,13:26:15,13.6,--,1,1360,卖盘
1246,13:26:12,13.6,--,8,10880,卖盘
1247,13:26:09,13.6,--,70,95200,卖盘
1248,13:26:00,13.6,--,14,19053,卖盘
1249,13:25:57,13.6,0.02,37,50320,买盘
1250,13:25:51,13.58,-0.01,80,108640,卖盘
1251,13:25:48,13.59,-0.01,1,1359,卖盘
1252,13:25:45,13.6,0.01,5,6800,买盘
1253,13:25:36,13.59,-0.01,2,2718,卖盘
1254,13:25:30,13.6,0.01,20,27200,买盘
1255,13:25:18,13.59,0.01,3,4077,中性盘
1256,13:25:03,13.58,-0.02,1000,1358000,卖盘
1257,13:25:00,13.6,--,24,32653,卖盘
1258,13:24:57,13.6,--,7,9520,卖盘
1259,13:24:51,13.6,--,19,25840,卖盘
1260,13:24:48,13.6,-0.01,1,1360,卖盘
1261,13:24:45,13.61,0.01,44,59884,买盘
1262,13:24:42,13.6,--,31,42160,卖盘
1263,13:24:39,13.6,-0.01,36,48960,卖盘
1264,13:24:27,13.61,--,7,9527,买盘
1265,13:24:21,13.61,0.01,6,8166,买盘
1266,13:24:18,13.6,-0.01,1,1360,卖盘
1267,13:24:09,13.61,--,10,14957,卖盘
1268,13:24:03,13.61,--,46,62606,卖盘
1269,13:24:00,13.61,--,3,4096,卖盘
1270,13:23:54,13.61,--,10,13610,卖盘
1271,13:23:48,13.61,-0.01,1,1361,卖盘
1272,13:23:45,13.62,0.01,5,6810,买盘
1273,13:23:42,13.61,-0.01,5,6805,卖盘
1274,13:23:39,13.62,--,5,6810,买盘
1275,13:23:33,13.62,-0.02,1,1362,卖盘
1276,13:23:18,13.64,--,52,70928,买盘
1277,13:23:15,13.64,--,177,241591,卖盘
1278,13:23:12,13.64,--,314,428296,卖盘
1279,13:23:06,13.64,--,221,301444,卖盘
1280,13:23:03,13.64,--,103,140492,卖盘
1281,13:22:57,13.64,--,629,857969,卖盘
1282,13:22:54,13.64,--,554,755656,卖盘
1283,13:22:51,13.64,--,1302,1775928,卖盘
1284,13:22:48,13.64,--,52,70928,卖盘
1285,13:22:42,13.64,--,620,845680,卖盘
1286,13:22:39,13.64,--,7,9548,卖盘
1287,13:22:36,13.64,--,15,20460,卖盘
1288,13:22:33,13.64,--,4,5456,卖盘
1289,13:22:27,13.64,--,101,137764,卖盘
1290,13:22:24,13.64,--,40,54560,卖盘
1291,13:22:21,13.64,--,36,49104,卖盘
1292,13:22:18,13.64,--,63,85932,卖盘
1293,13:22:12,13.64,--,92,125488,卖盘
1294,13:22:09,13.64,--,103,140492,卖盘
1295,13:22:06,13.64,--,156,213329,卖盘
1296,13:22:03,13.64,-0.01,10,13640,卖盘
1297,13:22:00,13.65,0.01,4,5460,买盘
1298,13:21:57,13.64,--,767,1046870,卖盘
1299,13:21:54,13.64,--,4,5456,卖盘
1300,13:21:51,13.64,--,15,20460,卖盘
1301,13:21:48,13.64,--,25,34100,卖盘
1302,13:21:45,13.64,--,20,27280,卖盘
1303,13:21:39,13.64,--,20,27280,卖盘
1304,13:21:33,13.64,--,7,9548,卖盘
1305,13:21:30,13.64,-0.01,20,27280,卖盘
1306,13:21:27,13.65,--,29,39585,买盘
1307,13:21:24,13.65,--,18,24570,买盘
1308,13:21:18,13.65,--,21,28665,买盘
1309,13:21:15,13.65,--,2,2730,买盘
1310,13:21:12,13.65,--,60,81900,买盘
1311,13:21:09,13.65,--,8,10920,买盘
1312,13:21:06,13.65,--,108,147420,买盘
1313,13:20:57,13.65,--,8,10920,买盘
1314,13:20:57,13.65,0.01,196,267540,买盘
1315,13:20:54,13.64,--,217,295988,卖盘
1316,13:20:48,13.64,--,6,8184,卖盘
1317,13:20:45,13.64,-0.01,10,13640,卖盘
1318,13:20:39,13.65,0.01,10,13650,买盘
1319,13:20:30,13.64,0.03,3591,4899447,买盘
1320,13:20:18,13.61,--,4,5716,卖盘
1321,13:20:12,13.61,--,9,12249,卖盘
1322,13:20:09,13.61,--,6,8166,卖盘
1323,13:19:57,13.61,--,16,22864,买盘
1324,13:19:51,13.61,--,10,13610,买盘
1325,13:19:48,13.61,-0.01,114,155426,卖盘
1326,13:19:45,13.62,--,1,1362,卖盘
1327,13:19:42,13.62,--,10,13620,卖盘
1328,13:19:39,13.62,--,51,69462,卖盘
1329,13:19:33,13.62,--,10,13620,卖盘
1330,13:19:27,13.62,--,43,58566,卖盘
1331,13:19:24,13.62,0.01,785,1070259,买盘
1332,13:19:15,13.61,--,5,6805,买盘
1333,13:19:00,13.61,--,118,160870,卖盘
1334,13:18:54,13.61,--,52,70772,卖盘
1335,13:18:51,13.61,--,1,1361,卖盘
1336,13:18:48,13.61,--,48,65328,卖盘
1337,13:18:39,13.61,-0.01,229,311941,卖盘
1338,13:18:33,13.62,0.01,2,2724,买盘
1339,13:18:30,13.61,-0.01,1,1361,卖盘
1340,13:18:27,13.62,0.01,70,95340,买盘
1341,13:18:21,13.61,--,33,44913,卖盘
1342,13:18:06,13.61,-0.01,46,62606,卖盘
1343,13:18:00,13.62,0.01,6,8171,买盘
1344,13:17:57,13.61,--,23,31303,卖盘
1345,13:17:48,13.61,--,9,12249,卖盘
1346,13:17:45,13.61,--,417,567537,卖盘
1347,13:17:27,13.61,--,5,6805,卖盘
1348,13:17:24,13.61,-0.01,11,14971,卖盘
1349,13:17:21,13.62,0.01,23,31326,买盘
1350,13:17:18,13.61,--,14,19054,卖盘
1351,13:17:15,13.61,--,1,1361,卖盘
1352,13:17:06,13.61,--,2,2722,卖盘
1353,13:17:03,13.61,--,3,4355,卖盘
1354,13:16:57,13.61,--,1,1361,卖盘
1355,13:16:54,13.61,0.02,369,502753,买盘
1356,13:16:45,13.59,--,19,25821,卖盘
1357,13:16:36,13.59,-0.01,2,2718,中性盘
1358,13:16:27,13.6,--,160,217600,买盘
1359,13:16:21,13.6,0.02,64,87040,买盘
1360,13:16:18,13.58,-0.02,104,141232,卖盘
1361,13:16:15,13.6,--,137,186320,买盘
1362,13:16:12,13.6,--,100,136000,买盘
1363,13:16:08,13.6,0.01,10,13600,买盘
1364,13:15:59,13.59,-0.01,15,20385,中性盘
1365,13:15:53,13.6,0.01,7,9520,买盘
1366,13:15:47,13.59,--,7,9513,买盘
1367,13:15:44,13.59,--,51,69309,买盘
1368,13:15:41,13.59,--,69,93771,买盘
1369,13:15:38,13.59,0.01,2,2718,买盘
1370,13:15:29,13.58,--,74,100492,卖盘
1371,13:15:26,13.58,--,5,6790,卖盘
1372,13:15:20,13.58,0.01,99,135039,买盘
1373,13:15:17,13.57,--,16,21712,卖盘
1374,13:15:14,13.57,--,6,8142,卖盘
1375,13:15:11,13.57,--,43,58351,卖盘
1376,13:15:05,13.57,0.01,3,4071,卖盘
1377,13:14:59,13.56,--,188,254928,卖盘
1378,13:14:56,13.56,--,7,9492,卖盘
1379,13:14:50,13.56,-0.01,1,1356,卖盘
1380,13:14:47,13.57,0.01,5,6785,中性盘
1381,13:14:44,13.56,-0.01,30,40680,卖盘
1382,13:14:35,13.57,--,10,13570,卖盘
1383,13:14:32,13.57,--,45,61065,卖盘
1384,13:14:29,13.57,--,23,31211,卖盘
1385,13:14:20,13.57,--,21,28497,卖盘
1386,13:14:14,13.57,--,6,8142,卖盘
1387,13:14:11,13.57,0.01,11,14927,买盘
1388,13:14:08,13.56,-0.01,20,27120,卖盘
1389,13:14:02,13.57,--,21,28497,买盘
1390,13:13:59,13.57,--,13,17641,买盘
1391,13:13:56,13.57,--,9,12213,买盘
1392,13:13:53,13.57,0.01,10,13570,买盘
1393,13:13:50,13.56,--,36,48816,卖盘
1394,13:13:47,13.56,-0.02,96,130176,卖盘
1395,13:13:41,13.58,0.01,5,6790,买盘
1396,13:13:35,13.57,-0.01,2,2714,卖盘
1397,13:13:26,13.58,--,23,31234,买盘
1398,13:13:20,13.58,0.02,11,14938,买盘
1399,13:13:14,13.56,-0.02,90,122040,卖盘
1400,13:13:11,13.58,--,210,285180,买盘
1401,13:13:05,13.58,0.02,13,17654,买盘
1402,13:13:02,13.56,-0.01,43,58308,卖盘
1403,13:12:56,13.57,-0.01,10,13570,中性盘
1404,13:12:50,13.58,0.02,91,123578,买盘
1405,13:12:47,13.56,--,16,21696,卖盘
1406,13:12:44,13.56,-0.01,104,141024,卖盘
1407,13:12:41,13.57,--,1,1357,买盘
1408,13:12:38,13.57,0.01,26,35282,买盘
1409,13:12:32,13.56,-0.01,30,40680,卖盘
1410,13:12:29,13.57,0.01,1,1357,买盘
1411,13:12:26,13.56,--,55,74580,卖盘
1412,13:12:17,13.56,--,50,67800,卖盘
1413,13:12:11,13.56,--,72,97632,卖盘
1414,13:12:08,13.56,--,3,4068,卖盘
1415,13:11:50,13.56,-0.02,2,2712,卖盘
1416,13:11:47,13.58,0.02,5,6790,买盘
1417,13:11:44,13.56,--,72,97632,卖盘
1418,13:11:41,13.56,--,20,27120,卖盘
1419,13:11:35,13.56,-0.02,2,2712,卖盘
1420,13:11:32,13.58,0.02,63,85554,买盘
1421,13:11:20,13.56,-0.02,1,1356,卖盘
1422,13:11:17,13.58,0.02,105,142590,买盘
1423,13:11:14,13.56,--,72,97632,卖盘
1424,13:11:08,13.56,--,28,37968,卖盘
1425,13:11:02,13.56,-0.01,60,81360,卖盘
1426,13:10:59,13.57,0.01,23,31211,买盘
1427,13:10:53,13.56,-0.01,44,59664,卖盘
1428,13:10:50,13.57,--,2,2714,买盘
1429,13:10:47,13.57,0.01,5,6785,买盘
1430,13:10:44,13.56,--,26,35256,卖盘
1431,13:10:41,13.56,--,86,116616,卖盘
1432,13:10:35,13.56,-0.01,2,2712,卖盘
1433,13:10:32,13.57,--,20,27140,买盘
1434,13:10:29,13.57,--,5,6785,买盘
1435,13:10:23,13.57,0.01,66,89562,买盘
1436,13:10:20,13.56,--,16,21696,卖盘
1437,13:10:17,13.56,--,9,12204,卖盘
1438,13:10:14,13.56,--,42,56952,卖盘
1439,13:10:11,13.56,--,86,116616,卖盘
1440,13:10:08,13.56,--,10,13560,卖盘
1441,13:09:56,13.56,-0.01,115,155940,卖盘
1442,13:09:47,13.57,-0.01,6,8142,卖盘
1443,13:09:44,13.58,0.02,55,74690,买盘
1444,13:09:41,13.56,-0.02,86,116616,卖盘
1445,13:09:38,13.58,--,110,149380,买盘
1446,13:09:35,13.58,0.02,10,13580,买盘
1447,13:09:32,13.56,-0.01,33,44748,卖盘
1448,13:09:29,13.57,--,5,6785,卖盘
1449,13:09:26,13.57,--,83,112631,买盘
1450,13:09:23,13.57,--,10,13570,买盘
1451,13:09:20,13.57,--,9,12213,买盘
1452,13:09:08,13.57,0.01,128,173696,买盘
1453,13:09:05,13.56,-0.01,4,5424,卖盘
1454,13:08:59,13.57,0.01,5,6785,买盘
1455,13:08:56,13.56,--,8,10848,卖盘
1456,13:08:47,13.56,-0.01,3,4068,卖盘
1457,13:08:44,13.57,--,6,8142,买盘
1458,13:08:41,13.57,0.01,1,1357,买盘
1459,13:08:35,13.56,--,96,130176,卖盘
1460,13:08:29,13.56,-0.01,1,1356,卖盘
1461,13:08:17,13.57,0.02,7,9499,买盘
1462,13:08:02,13.55,-0.01,47,63685,卖盘
1463,13:07:56,13.56,0.01,2,3796,买盘
1464,13:07:47,13.55,-0.03,103,139565,卖盘
1465,13:07:38,13.58,0.01,194,263452,买盘
1466,13:07:35,13.57,0.01,40,54280,中性盘
1467,13:07:23,13.56,-0.01,33,44748,卖盘
1468,13:07:20,13.57,--,1,1357,卖盘
1469,13:07:17,13.57,--,10,13570,买盘
1470,13:07:14,13.57,--,56,75992,买盘
1471,13:07:11,13.57,0.01,64,86848,中性盘
1472,13:07:08,13.56,-0.01,184,249504,卖盘
1473,13:07:02,13.57,-0.01,10,13570,中性盘
1474,13:06:47,13.58,0.02,7,9506,买盘
1475,13:06:44,13.56,-0.01,279,378324,卖盘
1476,13:06:41,13.57,0.01,37,50751,买盘
1477,13:06:38,13.56,--,194,263064,卖盘
1478,13:06:29,13.56,--,600,813600,卖盘
1479,13:06:17,13.56,--,38,51528,卖盘
1480,13:06:11,13.56,--,1,1356,卖盘
1481,13:06:05,13.56,0.01,454,615949,买盘
1482,13:06:02,13.55,-0.01,31,42005,卖盘
1483,13:05:59,13.56,--,42,56952,买盘
1484,13:05:56,13.56,--,2,2712,买盘
1485,13:05:53,13.56,--,6,8136,买盘
1486,13:05:47,13.56,--,9,12204,买盘
1487,13:05:44,13.56,0.01,50,67800,买盘
1488,13:05:41,13.55,--,35,47425,卖盘
1489,13:05:38,13.55,--,2,2710,卖盘
1490,13:05:35,13.55,--,11,14905,卖盘
1491,13:05:29,13.55,--,3,4065,卖盘
1492,13:05:26,13.55,--,5,6775,卖盘
1493,13:05:20,13.55,--,16,21680,卖盘
1494,13:05:17,13.55,--,55,74525,卖盘
1495,13:05:05,13.55,-0.01,1,1355,卖盘
1496,13:04:56,13.56,--,37,50172,买盘
1497,13:04:53,13.56,0.01,15,20340,买盘
1498,13:04:50,13.55,-0.01,56,75880,卖盘
1499,13:04:47,13.56,-0.01,1196,1621776,卖盘
1500,13:04:44,13.57,0.01,20,27140,买盘
1501,13:04:35,13.56,-0.01,2,2712,卖盘
1502,13:04:32,13.57,--,25,33925,买盘
1503,13:04:29,13.57,--,131,178581,卖盘
1504,13:04:20,13.57,-0.01,159,215763,卖盘
1505,13:04:08,13.58,--,6,8148,买盘
1506,13:04:05,13.58,0.01,20,27160,买盘
1507,13:04:02,13.57,-0.01,38,51566,卖盘
1508,13:03:50,13.58,--,1,1358,买盘
1509,13:03:47,13.58,--,6,8148,卖盘
1510,13:03:44,13.58,-0.01,10,13580,卖盘
1511,13:03:41,13.59,0.01,50,67950,买盘
1512,13:03:38,13.58,-0.01,46,62468,卖盘
1513,13:03:32,13.59,0.01,100,135900,买盘
1514,13:03:26,13.58,-0.01,8,10864,卖盘
1515,13:03:14,13.59,0.01,2,2718,买盘
1516,13:03:11,13.58,-0.01,20,27160,卖盘
1517,13:03:08,13.59,0.01,59,80181,买盘
1518,13:03:02,13.58,--,11,14938,卖盘
1519,13:02:56,13.58,--,2,2716,卖盘
1520,13:02:47,13.58,--,7,9506,卖盘
1521,13:02:44,13.58,--,65,88270,卖盘
1522,13:02:35,13.58,--,53,71974,卖盘
1523,13:02:20,13.58,-0.01,1,1358,卖盘
1524,13:02:14,13.59,--,3,4077,买盘
1525,13:02:08,13.59,--,68,92412,买盘
1526,13:01:56,13.59,--,20,27180,买盘
1527,13:01:47,13.59,--,1,1359,买盘
1528,13:01:44,13.59,0.01,5,6795,买盘
1529,13:01:35,13.58,--,48,65184,卖盘
1530,13:01:29,13.58,--,30,40740,卖盘
1531,13:01:20,13.58,--,1,1358,卖盘
1532,13:01:17,13.58,-0.01,34,46172,卖盘
1533,13:01:05,13.59,0.01,10,13590,买盘
1534,13:01:02,13.58,0.01,42,57036,买盘
1535,13:00:56,13.57,-0.01,7,9499,卖盘
1536,13:00:41,13.58,0.01,4,5432,中性盘
1537,13:00:35,13.57,-0.02,52,70564,卖盘
1538,13:00:29,13.59,0.02,10,13590,买盘
1539,13:00:26,13.57,-0.02,39,52923,卖盘
1540,13:00:17,13.59,--,7,9513,买盘
1541,13:00:11,13.59,0.02,139,189716,买盘
1542,13:00:05,13.57,--,287,390544,卖盘
1543,13:00:02,13.57,--,16,21712,卖盘
1544,11:30:00,13.57,0.01,134,181838,买盘
1545,11:29:54,13.56,--,5,7580,买盘
1546,11:29:51,13.56,--,10,13560,买盘
1547,11:29:45,13.56,--,48,65088,买盘
1548,11:29:39,13.56,-0.04,536,727371,卖盘
1549,11:29:30,13.6,0.02,10,13600,买盘
1550,11:29:24,13.58,--,52,70616,卖盘
1551,11:29:18,13.58,--,1,1358,卖盘
1552,11:29:15,13.58,--,2,2716,卖盘
1553,11:29:12,13.58,0.01,35,47896,买盘
1554,11:29:03,13.57,--,22,29854,卖盘
1555,11:29:00,13.57,0.01,1,1357,买盘
1556,11:28:54,13.56,-0.02,52,70512,卖盘
1557,11:28:51,13.58,--,178,241724,买盘
1558,11:28:45,13.58,0.02,45,61110,买盘
1559,11:28:33,13.56,--,3,4068,卖盘
1560,11:28:30,13.56,-0.02,1,1356,卖盘
1561,11:28:27,13.58,0.02,15,20370,买盘
1562,11:28:21,13.56,-0.02,52,70512,卖盘
1563,11:28:18,13.58,--,16,21728,买盘
1564,11:28:15,13.58,--,6,8148,买盘
1565,11:28:09,13.58,--,7,9506,买盘
1566,11:28:03,13.58,0.01,7,9506,买盘
1567,11:28:00,13.57,-0.01,38,51566,卖盘
1568,11:27:57,13.58,--,30,40740,买盘
1569,11:27:54,13.58,--,111,151824,买盘
1570,11:27:48,13.58,--,51,69258,买盘
1571,11:27:45,13.58,--,23,31234,买盘
1572,11:27:42,13.58,0.01,23,31234,买盘
1573,11:27:36,13.57,--,26,35282,买盘
1574,11:27:33,13.57,0.01,25,33925,买盘
1575,11:27:30,13.56,--,48,65088,卖盘
1576,11:27:27,13.56,-0.01,440,596640,卖盘
1577,11:27:24,13.57,--,46,62422,买盘
1578,11:27:15,13.57,--,87,118059,买盘
1579,11:27:09,13.57,--,46,62422,买盘
1580,11:27:06,13.57,--,9,12213,买盘
1581,11:27:03,13.57,0.01,60,81420,买盘
1582,11:27:00,13.56,-0.01,61,82716,卖盘
1583,11:26:57,13.57,--,3,4071,买盘
1584,11:26:54,13.57,0.01,38,51566,买盘
1585,11:26:51,13.56,--,124,168198,卖盘
1586,11:26:45,13.56,--,15,20340,卖盘
1587,11:26:42,13.56,-0.01,41,55596,卖盘
1588,11:26:39,13.57,0.01,41,56234,买盘
1589,11:26:36,13.56,--,9,12204,卖盘
1590,11:26:33,13.56,--,418,566808,卖盘
1591,11:26:18,13.56,--,3,4068,卖盘
1592,11:26:15,13.56,-0.01,30,40680,卖盘
1593,11:26:12,13.57,0.01,6,8142,买盘
1594,11:26:09,13.56,--,34,46104,卖盘
1595,11:26:03,13.56,-0.01,25,33900,卖盘
1596,11:25:54,13.57,--,96,130326,买盘
1597,11:25:51,13.57,--,298,404386,买盘
1598,11:25:45,13.57,--,50,67850,买盘
1599,11:25:42,13.57,--,48,65136,买盘
1600,11:25:39,13.57,0.01,105,142485,买盘
1601,11:25:36,13.56,-0.01,3,4068,卖盘
1602,11:25:33,13.57,--,10,13570,买盘
1603,11:25:30,13.57,--,10,13570,买盘
1604,11:25:27,13.57,--,20,27140,买盘
1605,11:25:24,13.57,0.01,26,35282,买盘
1606,11:25:18,13.56,-0.01,130,177269,卖盘
1607,11:25:09,13.57,0.01,22,30220,买盘
1608,11:25:06,13.56,-0.01,13,17628,卖盘
1609,11:24:54,13.57,--,3,4071,买盘
1610,11:24:51,13.57,--,9,12213,买盘
1611,11:24:48,13.57,-0.02,450,611640,卖盘
1612,11:24:45,13.59,0.02,5,6795,买盘
1613,11:24:39,13.57,-0.01,30,40710,卖盘
1614,11:24:36,13.58,0.01,665,904183,买盘
1615,11:24:33,13.57,-0.01,1,1357,卖盘
1616,11:24:30,13.58,0.01,26,35308,买盘
1617,11:24:27,13.57,--,2,2714,卖盘
1618,11:24:24,13.57,--,10,13570,卖盘
1619,11:24:21,13.57,--,1,1357,卖盘
1620,11:24:18,13.57,--,488,662216,卖盘
1621,11:24:09,13.57,-0.01,96,130272,卖盘
1622,11:24:06,13.58,0.01,16,21728,买盘
1623,11:24:03,13.57,-0.01,6,8142,卖盘
1624,11:24:00,13.58,--,16,21728,买盘
1625,11:23:54,13.58,--,21,28518,买盘
1626,11:23:51,13.58,0.01,13,17708,买盘
1627,11:23:48,13.57,-0.02,119,161727,卖盘
1628,11:23:45,13.59,0.01,27,37807,买盘
1629,11:23:42,13.58,--,40,54320,买盘
1630,11:23:39,13.58,--,5,6790,买盘
1631,11:23:36,13.58,--,7,9750,卖盘
1632,11:23:33,13.58,--,22,29876,卖盘
1633,11:23:27,13.58,-0.01,94,127652,卖盘
1634,11:23:24,13.59,0.01,100,135900,买盘
1635,11:23:21,13.58,--,1,1358,卖盘
1636,11:23:18,13.58,--,201,272958,卖盘
1637,11:23:12,13.58,--,72,97776,卖盘
1638,11:23:06,13.58,--,15,20370,卖盘
1639,11:22:57,13.58,--,10,13580,卖盘
1640,11:22:48,13.58,--,14,19066,卖盘
1641,11:22:45,13.58,--,209,283822,卖盘
1642,11:22:39,13.58,--,51,69258,卖盘
1643,11:22:36,13.58,-0.01,3,4074,卖盘
1644,11:22:24,13.59,0.01,160,217440,买盘
1645,11:22:21,13.58,--,10,13580,卖盘
1646,11:21:57,13.58,--,14,19012,卖盘
1647,11:21:51,13.58,-0.01,3,4128,卖盘
1648,11:21:48,13.59,--,7,9513,买盘
1649,11:21:45,13.59,--,5,6795,买盘
1650,11:21:36,13.59,--,227,308791,卖盘
1651,11:21:33,13.59,--,135,184525,买盘
1652,11:21:30,13.59,--,281,383183,买盘
1653,11:21:27,13.59,--,10,13590,买盘
1654,11:21:15,13.59,--,14,19026,买盘
1655,11:21:12,13.59,-0.01,484,658054,卖盘
1656,11:21:09,13.6,0.01,10,13600,买盘
1657,11:21:06,13.59,--,4,5707,卖盘
1658,11:21:03,13.59,-0.01,100,135900,卖盘
1659,11:20:51,13.6,0.01,23,31280,买盘
1660,11:20:51,13.59,--,10,13644,卖盘
1661,11:20:39,13.59,-0.01,300,407700,卖盘
1662,11:20:36,13.6,-0.01,32,43520,卖盘
1663,11:20:32,13.61,0.01,50,68322,买盘
1664,11:20:26,13.6,--,10,13600,卖盘
1665,11:20:23,13.6,--,4,5440,卖盘
1666,11:20:17,13.6,--,7,9520,卖盘
1667,11:20:14,13.6,--,34,46240,卖盘
1668,11:20:05,13.6,--,356,484160,卖盘
1669,11:20:02,13.6,--,1,1360,卖盘
1670,11:19:59,13.6,-0.01,15,20400,卖盘
1671,11:19:53,13.61,0.01,10,13610,买盘
1672,11:19:50,13.6,--,8,10920,卖盘
1673,11:19:44,13.6,--,1,1360,卖盘
1674,11:19:41,13.6,--,9,12240,卖盘
1675,11:19:35,13.6,--,21,28560,卖盘
1676,11:19:11,13.6,--,163,221680,卖盘
1677,11:19:02,13.6,-0.01,9,12240,卖盘
1678,11:18:59,13.61,--,5,6805,卖盘
1679,11:18:56,13.61,--,8,10942,买盘
1680,11:18:47,13.61,0.01,5,6805,中性盘
1681,11:18:41,13.6,-0.01,163,221680,卖盘
1682,11:18:38,13.61,-0.01,23,31303,卖盘
1683,11:18:29,13.62,--,1,1362,卖盘
1684,11:18:17,13.62,--,17,23154,买盘
1685,11:18:14,13.62,--,167,227454,买盘
1686,11:18:08,13.62,0.01,19,25878,买盘
1687,11:18:05,13.61,--,25,34025,卖盘
1688,11:17:50,13.61,--,3,4123,卖盘
1689,11:17:47,13.61,0.01,90,122530,买盘
1690,11:17:44,13.6,--,6,8160,卖盘
1691,11:17:41,13.6,--,110,149600,卖盘
1692,11:17:38,13.6,--,31,42160,卖盘
1693,11:17:23,13.6,-0.01,6,8160,卖盘
1694,11:17:20,13.61,-0.02,34,47594,卖盘
1695,11:17:17,13.63,0.02,345,470235,买盘
1696,11:17:08,13.61,-0.01,50,68050,卖盘
1697,11:17:05,13.62,--,13,17706,卖盘
1698,11:16:53,13.62,--,3,4126,卖盘
1699,11:16:47,13.62,-0.01,13,17706,卖盘
1700,11:16:44,13.63,0.02,7,9541,买盘
1701,11:16:38,13.61,-0.01,50,68050,卖盘
1702,11:16:35,13.62,--,7,9534,卖盘
1703,11:16:29,13.62,0.01,20,27240,买盘
1704,11:16:20,13.61,-0.02,8,10888,卖盘
1705,11:16:17,13.63,--,11,14993,买盘
1706,11:16:11,13.63,0.02,176,239888,买盘
1707,11:15:47,13.61,-0.01,389,529483,卖盘
1708,11:15:44,13.62,0.01,5,6810,买盘
1709,11:15:38,13.61,--,84,114324,卖盘
1710,11:15:23,13.61,-0.01,81,110241,卖盘
1711,11:15:20,13.62,0.01,1,1362,中性盘
1712,11:15:08,13.61,-0.02,33,44913,卖盘
1713,11:15:05,13.63,--,18,24534,买盘
1714,11:14:59,13.63,0.01,184,250792,买盘
1715,11:14:50,13.62,0.01,10,13620,买盘
1716,11:14:47,13.61,-0.02,13,17733,卖盘
1717,11:14:44,13.63,0.02,6,8178,买盘
1718,11:14:38,13.61,-0.02,2,2722,卖盘
1719,11:14:35,13.63,--,107,145841,买盘
1720,11:14:32,13.63,0.01,433,590179,买盘
1721,11:14:26,13.62,-0.01,150,204300,买盘
1722,11:14:20,13.63,0.02,26,35438,买盘
1723,11:14:17,13.61,-0.02,61,83021,卖盘
1724,11:14:14,13.63,0.01,59,80417,买盘
1725,11:14:08,13.62,-0.01,13,17706,卖盘
1726,11:14:05,13.63,0.01,76,103588,买盘
1727,11:13:59,13.62,--,62,84444,买盘
1728,11:13:56,13.62,0.01,47,64013,买盘
1729,11:13:50,13.61,-0.01,8,10928,卖盘
1730,11:13:41,13.62,0.01,9,12258,买盘
1731,11:13:38,13.61,--,2,2722,卖盘
1732,11:13:35,13.61,0.01,65,88465,买盘
1733,11:13:32,13.6,--,3,4080,卖盘
1734,11:13:29,13.6,--,50,68000,卖盘
1735,11:13:26,13.6,-0.02,5,6800,卖盘
1736,11:13:14,13.62,0.02,18,24516,买盘
1737,11:13:11,13.6,--,89,121040,卖盘
1738,11:13:02,13.6,-0.03,22,29920,卖盘
1739,11:12:59,13.63,0.02,30,40890,买盘
1740,11:12:50,13.61,-0.02,16,21816,卖盘
1741,11:12:47,13.63,0.03,7,9541,买盘
1742,11:12:38,13.6,-0.01,89,121040,卖盘
1743,11:12:32,13.61,--,2,2722,卖盘
1744,11:12:26,13.61,--,48,65328,卖盘
1745,11:12:23,13.61,-0.02,1,1361,中性盘
1746,11:12:17,13.63,0.01,15,20445,买盘
1747,11:12:14,13.62,0.01,17,23154,买盘
1748,11:12:11,13.61,-0.02,29,39469,中性盘
1749,11:12:08,13.63,0.03,99,134937,买盘
1750,11:12:05,13.6,-0.03,2,2720,卖盘
1751,11:11:59,13.63,0.03,11,14993,买盘
1752,11:11:56,13.6,--,7,9520,卖盘
1753,11:11:53,13.6,--,40,54400,卖盘
1754,11:11:50,13.6,--,4,5494,卖盘
1755,11:11:47,13.6,--,676,919360,卖盘
1756,11:11:41,13.6,--,3,4080,卖盘
1757,11:11:38,13.6,-0.01,111,150960,卖盘
1758,11:11:35,13.61,--,8,10888,卖盘
1759,11:11:29,13.61,--,10,13610,卖盘
1760,11:11:23,13.61,--,1,1361,卖盘
1761,11:11:20,13.61,--,16,21776,买盘
1762,11:11:17,13.61,0.01,35,47635,买盘
1763,11:11:14,13.6,--,43,58480,卖盘
1764,11:11:11,13.6,--,15,20400,卖盘
1765,11:11:05,13.6,--,53,72080,卖盘
1766,11:10:50,13.6,--,1,1360,卖盘
1767,11:10:47,13.6,-0.01,19,25880,卖盘
1768,11:10:44,13.61,0.01,44,59884,买盘
1769,11:10:41,13.6,--,2,2720,卖盘
1770,11:10:38,13.6,--,14,19040,卖盘
1771,11:10:35,13.6,--,3,4080,卖盘
1772,11:10:23,13.6,--,2,2720,卖盘
1773,11:10:17,13.6,--,40,54400,卖盘
1774,11:10:11,13.6,-0.01,5,6800,卖盘
1775,11:10:08,13.61,0.01,3,4083,买盘
1776,11:10:05,13.6,--,14,19040,卖盘
1777,11:09:50,13.6,--,20,27200,卖盘
1778,11:09:47,13.6,--,9,12294,卖盘
1779,11:09:44,13.6,--,21,28560,买盘
1780,11:09:38,13.6,-0.01,15,20400,中性盘
1781,11:09:26,13.61,0.02,30,40830,买盘
1782,11:09:23,13.59,-0.01,36,48924,卖盘
1783,11:09:20,13.6,--,1,1360,买盘
1784,11:09:17,13.6,-0.02,73,99280,卖盘
1785,11:09:08,13.62,0.02,16,21792,买盘
1786,11:09:02,13.6,-0.02,31,42160,卖盘
1787,11:08:53,13.62,0.03,40,54480,买盘
1788,11:08:50,13.59,-0.01,21,28539,卖盘
1789,11:08:47,13.6,--,37,50374,买盘
1790,11:08:44,13.6,--,6,8160,买盘
1791,11:08:41,13.6,--,22,29920,买盘
1792,11:08:32,13.6,--,52,70720,卖盘
1793,11:08:29,13.6,-0.01,20,27200,卖盘
1794,11:08:26,13.61,0.01,50,68050,买盘
1795,11:08:23,13.6,-0.01,1,1360,卖盘
1796,11:08:17,13.61,0.01,21,28581,买盘
1797,11:08:14,13.6,-0.01,40,54400,卖盘
1798,11:08:08,13.61,0.01,11,14971,买盘
1799,11:08:02,13.6,-0.01,56,76160,卖盘
1800,11:07:53,13.61,--,30,40830,卖盘
1801,11:07:50,13.61,0.01,49,66689,买盘
1802,11:07:47,13.6,--,9,12240,卖盘
1803,11:07:41,13.6,--,30,40840,卖盘
1804,11:07:38,13.6,-0.01,23,31280,卖盘
1805,11:07:35,13.61,0.01,23,31303,买盘
1806,11:07:29,13.6,--,22,29920,卖盘
1807,11:07:20,13.6,--,1,1360,卖盘
1808,11:07:11,13.6,--,310,421600,卖盘
1809,11:07:08,13.6,--,34,46240,卖盘
1810,11:07:02,13.6,-0.01,5,6800,卖盘
1811,11:06:59,13.61,0.01,13,17693,卖盘
1812,11:06:56,13.6,-0.01,100,136000,卖盘
1813,11:06:53,13.61,--,1,1361,卖盘
1814,11:06:50,13.61,0.01,1,1361,卖盘
1815,11:06:44,13.6,--,8,10934,卖盘
1816,11:06:41,13.6,-0.02,20,27200,卖盘
1817,11:06:32,13.62,--,39,53118,卖盘
1818,11:06:29,13.62,--,10,13620,卖盘
1819,11:06:26,13.62,0.02,1,1362,中性盘
1820,11:06:20,13.6,-0.02,400,544000,卖盘
1821,11:06:17,13.62,--,51,70674,卖盘
1822,11:06:14,13.62,-0.01,0,1089,卖盘
1823,11:06:11,13.63,0.01,16,21808,买盘
1824,11:06:08,13.62,--,10,13620,卖盘
1825,11:06:05,13.62,--,92,125372,卖盘
1826,11:06:02,13.62,-0.01,114,155268,卖盘
1827,11:05:59,13.63,0.01,21,28623,买盘
1828,11:05:56,13.62,--,100,136200,卖盘
1829,11:05:50,13.62,-0.01,31,42222,卖盘
1830,11:05:47,13.63,0.01,6,8178,买盘
1831,11:05:44,13.62,0.01,492,670104,买盘
1832,11:05:41,13.61,--,1,1361,卖盘
1833,11:05:35,13.61,--,5,6805,卖盘
1834,11:05:32,13.61,-0.01,119,161959,卖盘
1835,11:05:29,13.62,0.01,15,20430,买盘
1836,11:05:26,13.61,-0.01,11,14971,卖盘
1837,11:05:20,13.62,0.01,15,20430,买盘
1838,11:05:17,13.61,--,10,13610,卖盘
1839,11:05:14,13.61,--,40,55637,卖盘
1840,11:05:08,13.61,-0.01,20,27220,卖盘
1841,11:05:05,13.62,0.01,39,53118,买盘
1842,11:05:02,13.61,--,114,155154,卖盘
1843,11:04:56,13.61,--,25,34025,卖盘
1844,11:04:53,13.61,--,1,1361,卖盘
1845,11:04:50,13.61,-0.02,1,1361,卖盘
1846,11:04:47,13.63,--,5,6815,买盘
1847,11:04:44,13.63,--,12,16356,买盘
1848,11:04:41,13.63,0.02,13,17719,买盘
1849,11:04:38,13.61,-0.02,186,253146,卖盘
1850,11:04:23,13.63,0.01,28,38164,买盘
1851,11:04:20,13.62,0.01,5,6810,买盘
1852,11:04:14,13.61,-0.01,2,3933,卖盘
1853,11:04:05,13.62,0.01,11,14982,买盘
1854,11:04:02,13.61,-0.01,178,242258,卖盘
1855,11:03:56,13.62,--,13,17706,买盘
1856,11:03:50,13.62,--,13,17706,买盘
1857,11:03:47,13.62,-0.01,44,59928,卖盘
1858,11:03:41,13.63,0.02,15,20445,买盘
1859,11:03:32,13.61,-0.01,201,273561,卖盘
1860,11:03:29,13.62,-0.01,63,85806,卖盘
1861,11:03:26,13.63,0.01,2,2726,买盘
1862,11:03:23,13.62,--,22,29964,卖盘
1863,11:03:20,13.62,0.01,331,450822,买盘
1864,11:03:14,13.61,--,4,5444,卖盘
1865,11:03:11,13.61,-0.01,19,27070,卖盘
1866,11:03:08,13.62,0.01,2,2724,买盘
1867,11:03:05,13.61,--,27,36747,卖盘
1868,11:03:02,13.61,--,20,27220,卖盘
1869,11:02:53,13.61,--,50,68050,卖盘
1870,11:02:47,13.61,-0.01,48,65328,卖盘
1871,11:02:41,13.62,0.01,32,43584,买盘
1872,11:02:35,13.61,-0.01,21,28581,卖盘
1873,11:02:29,13.62,--,25,34050,买盘
1874,11:02:26,13.62,--,2,2724,买盘
1875,11:02:20,13.62,--,47,64013,买盘
1876,11:02:17,13.62,0.01,62,84444,买盘
1877,11:02:14,13.61,-0.01,5,8002,卖盘
1878,11:02:05,13.62,-0.01,11,14982,中性盘
1879,11:01:59,13.63,0.01,108,147204,买盘
1880,11:01:56,13.62,-0.01,20,27240,卖盘
1881,11:01:47,13.63,--,20,27260,买盘
1882,11:01:44,13.63,0.01,5,6815,买盘
1883,11:01:41,13.62,--,93,126666,卖盘
1884,11:01:38,13.62,--,77,104874,卖盘
1885,11:01:32,13.62,--,5,6810,卖盘
1886,11:01:29,13.62,--,93,126666,卖盘
1887,11:01:19,13.62,--,1,1362,卖盘
1888,11:01:13,13.62,--,54,74760,卖盘
1889,11:01:10,13.62,-0.01,37,50394,卖盘
1890,11:01:04,13.63,0.01,10,13630,买盘
1891,11:00:55,13.62,-0.01,106,144372,卖盘
1892,11:00:52,13.63,-0.01,7,9541,买盘
1893,11:00:46,13.64,--,21,29203,买盘
1894,11:00:43,13.64,--,13,17732,买盘
1895,11:00:40,13.64,--,46,62744,买盘
1896,11:00:37,13.64,0.02,66,90828,买盘
1897,11:00:28,13.62,-0.01,103,140286,卖盘
1898,11:00:25,13.63,--,100,136300,卖盘
1899,11:00:22,13.63,--,181,246703,卖盘
1900,11:00:19,13.63,--,6,8178,卖盘
1901,11:00:13,13.63,--,23,32548,卖盘
1902,11:00:10,13.63,--,12,16356,卖盘
1903,11:00:07,13.63,--,95,129485,卖盘
1904,11:00:04,13.63,--,53,72239,卖盘
1905,11:00:01,13.63,--,10,13630,卖盘
1906,10:59:58,13.63,0.01,239,325757,买盘
1907,10:59:55,13.62,--,196,266952,卖盘
1908,10:59:49,13.62,--,5,6810,卖盘
1909,10:59:46,13.62,-0.01,1,1362,卖盘
1910,10:59:43,13.63,0.01,98,133574,买盘
1911,10:59:37,13.62,-0.01,15,20430,卖盘
1912,10:59:31,13.63,--,8,10904,买盘
1913,10:59:28,13.63,--,14,19082,卖盘
1914,10:59:19,13.63,--,15,20445,卖盘
1915,10:59:13,13.63,--,38,53007,买盘
1916,10:59:10,13.63,--,3,4089,买盘
1917,10:59:07,13.63,--,81,110403,买盘
1918,10:58:58,13.63,-0.01,116,158108,卖盘
1919,10:58:55,13.64,0.01,12,16368,买盘
1920,10:58:49,13.63,-0.01,2,2726,卖盘
1921,10:58:46,13.64,0.02,6,8184,买盘
1922,10:58:34,13.62,-0.01,42,57204,卖盘
1923,10:58:25,13.63,--,819,1116324,卖盘
1924,10:58:22,13.63,--,20,27260,卖盘
1925,10:58:16,13.63,--,1,1363,卖盘
1926,10:58:13,13.63,--,46,63897,卖盘
1927,10:58:10,13.63,-0.01,62,84506,卖盘
1928,10:58:07,13.64,--,11,15004,买盘
1929,10:58:04,13.64,0.01,28,38192,中性盘
1930,10:57:58,13.63,--,86,117218,卖盘
1931,10:57:55,13.63,-0.01,211,288410,卖盘
1932,10:57:52,13.64,--,10,13640,卖盘
1933,10:57:46,13.64,--,30,40920,卖盘
1934,10:57:43,13.64,-0.01,31,42284,买盘
1935,10:57:40,13.65,--,92,125580,买盘
1936,10:57:37,13.65,--,16,21840,买盘
1937,10:57:34,13.65,0.01,28,39421,买盘
1938,10:57:25,13.64,--,228,311155,卖盘
1939,10:57:22,13.64,--,51,69564,卖盘
1940,10:57:19,13.64,--,50,68200,卖盘
1941,10:57:16,13.64,-0.01,52,70928,卖盘
1942,10:57:13,13.65,0.01,4,6661,买盘
1943,10:57:10,13.64,--,179,244156,卖盘
1944,10:57:07,13.64,--,7,9548,卖盘
1945,10:57:04,13.64,-0.01,51,69564,卖盘
1946,10:57:01,13.65,--,19,25935,买盘
1947,10:56:58,13.65,0.01,15,20475,买盘
1948,10:56:55,13.64,0.01,265,361460,买盘
1949,10:56:52,13.63,-0.02,2,2726,卖盘
1950,10:56:46,13.65,0.01,35,47775,买盘
1951,10:56:43,13.64,--,40,54560,买盘
1952,10:56:37,13.64,--,5,6820,买盘
1953,10:56:34,13.64,0.01,8,10912,中性盘
1954,10:56:28,13.63,-0.01,142,193546,卖盘
1955,10:56:25,13.64,-0.01,32,43648,卖盘
1956,10:56:22,13.65,0.01,10,13650,买盘
1957,10:56:16,13.64,--,19,25916,卖盘
1958,10:56:10,13.64,--,102,140328,卖盘
1959,10:56:01,13.64,--,1,1364,卖盘
1960,10:55:58,13.64,0.01,7,9548,买盘
1961,10:55:55,13.63,-0.01,149,203087,卖盘
1962,10:55:52,13.64,--,3,4092,卖盘
1963,10:55:49,13.64,--,154,210738,买盘
1964,10:55:46,13.64,--,29,39556,买盘
1965,10:55:40,13.64,--,120,163680,买盘
1966,10:55:37,13.64,0.01,16,21824,买盘
1967,10:55:34,13.63,--,3,4089,卖盘
1968,10:55:25,13.63,--,220,299860,卖盘
1969,10:55:22,13.63,--,185,252482,买盘
1970,10:55:16,13.63,--,7,9541,买盘
1971,10:55:13,13.63,0.01,1011,1379192,买盘
1972,10:55:07,13.62,--,5,6810,卖盘
1973,10:55:04,13.62,-0.01,105,143010,卖盘
1974,10:54:58,13.63,--,2,2726,买盘
1975,10:54:52,13.63,--,120,163560,买盘
1976,10:54:49,13.63,--,4,5452,买盘
1977,10:54:46,13.63,--,5,6815,买盘
1978,10:54:43,13.63,0.01,40,54520,买盘
1979,10:54:34,13.62,-0.01,38,51756,卖盘
1980,10:54:31,13.63,0.01,1,1363,买盘
1981,10:54:22,13.62,-0.01,1,1362,卖盘
1982,10:54:16,13.63,-0.01,0,1035,卖盘
1983,10:54:13,13.64,--,4,6669,买盘
1984,10:54:07,13.64,--,69,94116,买盘
1985,10:54:04,13.64,0.01,10,13640,买盘
1986,10:54:01,13.63,-0.01,98,133574,卖盘
1987,10:53:55,13.64,0.01,32,43648,买盘
1988,10:53:52,13.63,-0.02,132,179916,卖盘
1989,10:53:49,13.65,--,131,178815,买盘
1990,10:53:46,13.65,--,240,327600,买盘
1991,10:53:43,13.65,0.01,28,38220,买盘
1992,10:53:40,13.64,--,8,10912,卖盘
1993,10:53:37,13.64,--,17,23188,卖盘
1994,10:53:34,13.64,--,30,40920,卖盘
1995,10:53:31,13.64,--,77,105028,卖盘
1996,10:53:28,13.64,--,10,13640,卖盘
1997,10:53:25,13.64,--,12,16368,卖盘
1998,10:53:19,13.64,--,5,6820,卖盘
1999,10:53:16,13.64,0.01,32,44289,买盘
2000,10:53:13,13.63,-0.01,2,3925,卖盘
2001,10:53:10,13.64,--,49,66836,买盘
2002,10:53:07,13.64,--,32,43648,买盘
2003,10:53:01,13.64,--,181,246884,买盘
2004,10:52:58,13.64,0.01,2,2728,买盘
2005,10:52:55,13.63,--,22,29986,卖盘
2006,10:52:52,13.63,--,37,50431,卖盘
2007,10:52:46,13.63,-0.01,2,2726,卖盘
2008,10:52:43,13.64,--,52,70928,买盘
2009,10:52:37,13.64,0.01,10,13640,买盘
2010,10:52:34,13.63,--,12,16356,卖盘
2011,10:52:31,13.63,0.01,22,29986,买盘
2012,10:52:25,13.62,-0.01,12,16343,卖盘
2013,10:52:19,13.63,-0.01,1,1363,中性盘
2014,10:52:16,13.64,0.01,41,55924,买盘
2015,10:52:13,13.63,-0.01,27,38000,中性盘
2016,10:52:07,13.64,0.02,92,125488,买盘
2017,10:52:01,13.62,-0.02,2,2724,中性盘
2018,10:51:55,13.64,--,276,376464,买盘
2019,10:51:52,13.64,0.02,1177,1605428,买盘
2020,10:51:46,13.62,-0.01,98,133639,卖盘
2021,10:51:43,13.63,--,11,14993,买盘
2022,10:51:34,13.63,--,68,92684,买盘
2023,10:51:28,13.63,--,1,1363,买盘
2024,10:51:25,13.63,0.01,10,13630,买盘
2025,10:51:22,13.62,--,132,179784,卖盘
2026,10:51:16,13.62,--,1,1362,卖盘
2027,10:51:10,13.62,-0.01,2,3922,卖盘
2028,10:51:04,13.63,--,7,9541,买盘
2029,10:51:01,13.63,--,19,25897,卖盘
2030,10:50:55,13.63,0.01,630,858690,买盘
2031,10:50:49,13.62,-0.01,10,13620,卖盘
2032,10:50:46,13.63,0.01,12,16356,买盘
2033,10:50:40,13.62,-0.02,9,12258,卖盘
2034,10:50:37,13.64,0.01,51,69564,买盘
2035,10:50:31,13.63,0.01,9,12267,买盘
2036,10:50:25,13.62,-0.01,402,547524,卖盘
2037,10:50:22,13.63,0.01,24,32712,买盘
2038,10:50:19,13.62,-0.01,8,11318,卖盘
2039,10:50:16,13.63,0.01,246,336238,买盘
2040,10:50:13,13.62,-0.01,52,70824,卖盘
2041,10:50:10,13.63,-0.01,55,75237,卖盘
2042,10:50:07,13.64,0.01,139,190687,买盘
2043,10:50:04,13.63,--,144,196272,买盘
2044,10:50:01,13.63,--,1,1363,买盘
2045,10:49:58,13.63,--,50,68150,买盘
2046,10:49:52,13.63,--,56,76328,买盘
2047,10:49:46,13.63,--,23,31349,买盘
2048,10:49:43,13.63,--,26,35438,买盘
2049,10:49:40,13.63,--,24,32712,买盘
2050,10:49:37,13.63,0.01,9,12267,买盘
2051,10:49:34,13.62,-0.01,3,4085,卖盘
2052,10:49:31,13.63,--,8,10904,买盘
2053,10:49:22,13.63,--,19,25897,买盘
2054,10:49:16,13.63,--,13,17719,买盘
2055,10:49:10,13.63,-0.01,16,22121,卖盘
2056,10:48:58,13.64,0.01,200,272800,买盘
2057,10:48:55,13.63,-0.01,5,6815,卖盘
2058,10:48:52,13.64,0.01,5,6820,买盘
2059,10:48:49,13.63,--,3,4089,卖盘
2060,10:48:46,13.63,--,64,87232,卖盘
2061,10:48:43,13.63,-0.01,5,6815,卖盘
2062,10:48:40,13.64,0.01,5,6820,买盘
2063,10:48:37,13.63,--,4,5452,卖盘
2064,10:48:34,13.63,-0.01,60,81780,卖盘
2065,10:48:28,13.64,--,34,46376,买盘
2066,10:48:22,13.64,--,3,4092,买盘
2067,10:48:19,13.64,--,40,54560,买盘
2068,10:48:16,13.64,0.01,110,150040,买盘
2069,10:48:10,13.63,--,7,9541,卖盘
2070,10:48:07,13.63,--,18,25747,卖盘
2071,10:48:04,13.63,--,12,16356,卖盘
2072,10:48:01,13.63,--,2,2726,卖盘
2073,10:47:58,13.63,0.01,81,111602,买盘
2074,10:47:52,13.62,--,63,85806,卖盘
2075,10:47:49,13.62,-0.01,2,2724,卖盘
2076,10:47:46,13.63,--,5,6815,买盘
2077,10:47:37,13.63,--,2,2726,买盘
2078,10:47:34,13.63,--,4,5615,卖盘
2079,10:47:31,13.63,--,12,16356,卖盘
2080,10:47:25,13.63,--,51,69513,卖盘
2081,10:47:19,13.63,--,9,12267,卖盘
2082,10:47:16,13.63,--,267,363921,卖盘
2083,10:47:13,13.63,0.01,38,52993,中性盘
2084,10:46:58,13.62,-0.02,41,55842,卖盘
2085,10:46:52,13.64,0.01,500,682000,买盘
2086,10:46:49,13.63,--,200,272600,买盘
2087,10:46:46,13.63,0.01,6,8178,买盘
2088,10:46:43,13.62,-0.01,202,275124,卖盘
2089,10:46:40,13.63,0.01,12,16356,买盘
2090,10:46:37,13.62,--,46,62652,卖盘
2091,10:46:34,13.62,--,3,4085,卖盘
2092,10:46:31,13.62,--,13,17706,卖盘
2093,10:46:25,13.62,--,54,73548,卖盘
2094,10:46:19,13.62,--,1,1362,卖盘
2095,10:46:13,13.62,--,29,39498,卖盘
2096,10:46:10,13.62,--,223,304938,卖盘
2097,10:46:07,13.62,--,178,242436,卖盘
2098,10:46:01,13.62,--,13,17706,卖盘
2099,10:45:52,13.62,--,20,27240,卖盘
2100,10:45:49,13.62,-0.01,10,13620,卖盘
2101,10:45:46,13.63,0.01,5,6815,买盘
2102,10:45:40,13.62,--,3,4085,卖盘
2103,10:45:37,13.62,--,5,6810,卖盘
2104,10:45:25,13.62,--,80,108960,卖盘
2105,10:45:22,13.62,--,74,100788,卖盘
2106,10:45:19,13.62,--,24,32687,卖盘
2107,10:45:16,13.62,--,46,62652,卖盘
2108,10:45:13,13.62,--,1,1362,卖盘
2109,10:45:10,13.62,--,97,133312,卖盘
2110,10:45:07,13.62,--,69,93978,卖盘
2111,10:45:04,13.62,-0.01,2,2724,卖盘
2112,10:44:58,13.63,0.01,5,6815,买盘
2113,10:44:52,13.62,--,43,58566,卖盘
2114,10:44:49,13.62,-0.01,46,62652,卖盘
2115,10:44:46,13.63,0.01,5,6815,买盘
2116,10:44:37,13.62,--,23,31326,卖盘
2117,10:44:34,13.62,-0.01,54,73711,卖盘
2118,10:44:31,13.63,--,100,136300,卖盘
2119,10:44:28,13.63,--,12,16356,卖盘
2120,10:44:25,13.63,0.01,868,1184283,买盘
2121,10:44:22,13.62,--,60,81720,卖盘
2122,10:44:19,13.62,-0.01,1,1362,卖盘
2123,10:44:16,13.63,--,33,44979,买盘
2124,10:44:13,13.63,0.01,8,10904,买盘
2125,10:44:10,13.62,-0.01,67,92466,卖盘
2126,10:44:07,13.63,0.01,7,9541,买盘
2127,10:44:04,13.62,-0.01,27,36774,卖盘
2128,10:43:58,13.63,--,140,190820,买盘
2129,10:43:52,13.63,0.03,4,5452,买盘
2130,10:43:49,13.6,-0.03,246,334560,卖盘
2131,10:43:46,13.63,--,40,54520,买盘
2132,10:43:43,13.63,--,154,209902,买盘
2133,10:43:40,13.63,0.03,33,44979,买盘
2134,10:43:34,13.6,-0.03,13,17680,卖盘
2135,10:43:31,13.63,--,2,2726,买盘
2136,10:43:28,13.63,0.01,56,76328,买盘
2137,10:43:22,13.62,-0.01,37,50394,卖盘
2138,10:43:19,13.63,--,56,76328,买盘
2139,10:43:16,13.63,0.01,111,151293,买盘
2140,10:43:13,13.62,--,41,56005,卖盘
2141,10:43:10,13.62,-0.01,2,3922,卖盘
2142,10:43:07,13.63,0.01,8,10904,买盘
2143,10:43:01,13.62,0.02,93,126666,买盘
2144,10:42:58,13.6,-0.01,29,39440,卖盘
2145,10:42:49,13.61,-0.01,1,1361,卖盘
2146,10:42:46,13.62,0.01,779,1060998,买盘
2147,10:42:43,13.61,--,3,5130,买盘
2148,10:42:37,13.61,--,12,16332,买盘
2149,10:42:34,13.61,--,21,28894,卖盘
2150,10:42:31,13.61,--,20,27220,卖盘
2151,10:42:22,13.61,--,133,182060,买盘
2152,10:42:16,13.61,--,16,22089,卖盘
2153,10:42:13,13.61,--,26,36433,买盘
2154,10:42:10,13.61,0.01,10,13610,买盘
2155,10:42:07,13.6,--,67,92330,卖盘
2156,10:42:04,13.6,--,30,40800,卖盘
2157,10:42:01,13.6,-0.01,39,53312,卖盘
2158,10:41:55,13.61,0.01,2,2722,买盘
2159,10:41:49,13.6,-0.01,1,1360,卖盘
2160,10:41:46,13.61,--,5,6805,买盘
2161,10:41:43,13.61,0.02,16,21776,买盘
2162,10:41:34,13.59,-0.02,100,135900,卖盘
2163,10:41:28,13.61,0.02,104,141544,买盘
2164,10:41:25,13.59,-0.01,14,19026,卖盘
2165,10:41:15,13.6,--,121,164560,买盘
2166,10:41:12,13.6,0.01,7,9520,买盘
2167,10:41:09,13.59,--,22,31121,卖盘
2168,10:41:06,13.59,-0.01,25,33975,卖盘
2169,10:41:03,13.6,0.01,193,262480,买盘
2170,10:41:00,13.59,--,35,47565,买盘
2171,10:40:57,13.59,--,2,2718,买盘
2172,10:40:54,13.59,--,26,35334,买盘
2173,10:40:51,13.59,--,22,29898,买盘
2174,10:40:48,13.59,--,4,5436,买盘
2175,10:40:45,13.59,--,29,39411,买盘
2176,10:40:42,13.59,--,23,31257,买盘
2177,10:40:39,13.59,--,66,89694,买盘
2178,10:40:36,13.59,--,22,29898,买盘
2179,10:40:33,13.59,--,69,93771,买盘
2180,10:40:27,13.59,--,19,25821,买盘
2181,10:40:24,13.59,--,27,36693,买盘
2182,10:40:21,13.59,--,15,20385,买盘
2183,10:40:18,13.59,0.01,24,32616,买盘
2184,10:40:15,13.58,--,83,112714,卖盘
2185,10:40:06,13.58,-0.01,15,21578,卖盘
2186,10:40:03,13.59,--,29,39411,买盘
2187,10:39:57,13.59,0.01,8,10872,买盘
2188,10:39:54,13.58,-0.01,15,20370,卖盘
2189,10:39:51,13.59,--,9,12231,买盘
2190,10:39:48,13.59,--,86,116874,买盘
2191,10:39:24,13.59,0.01,23,31257,买盘
2192,10:39:21,13.58,--,62,84196,卖盘
2193,10:39:15,13.58,--,39,52962,卖盘
2194,10:39:12,13.58,-0.02,16,21728,卖盘
2195,10:39:09,13.6,0.02,13,18890,买盘
2196,10:39:06,13.58,--,2,2716,卖盘
2197,10:39:00,13.58,--,1,1358,卖盘
2198,10:38:57,13.58,--,17,23086,卖盘
2199,10:38:51,13.58,--,10,13580,卖盘
2200,10:38:48,13.58,-0.01,1,1358,卖盘
2201,10:38:45,13.59,0.01,5,6795,中性盘
2202,10:38:33,13.58,--,2,2716,卖盘
2203,10:38:27,13.58,-0.01,27,36666,卖盘
2204,10:38:21,13.59,-0.01,10,13590,买盘
2205,10:38:12,13.6,0.02,2,2720,买盘
2206,10:38:09,13.58,--,2,3938,卖盘
2207,10:38:06,13.58,0.01,105,142590,中性盘
2208,10:37:57,13.57,-0.02,1523,2066711,卖盘
2209,10:37:45,13.59,-0.01,13,17667,卖盘
2210,10:37:42,13.6,--,5,6800,买盘
2211,10:37:36,13.6,0.01,2,2720,买盘
2212,10:37:33,13.59,--,3,4077,卖盘
2213,10:37:24,13.59,--,12,16308,卖盘
2214,10:37:18,13.59,-0.01,14,19026,卖盘
2215,10:37:09,13.6,0.01,14,19040,买盘
2216,10:37:06,13.59,-0.01,7,10722,卖盘
2217,10:37:03,13.6,0.01,22,29920,买盘
2218,10:36:57,13.59,--,50,67950,卖盘
2219,10:36:54,13.59,--,2,2718,卖盘
2220,10:36:51,13.59,--,15,20385,卖盘
2221,10:36:48,13.59,-0.01,1,1359,卖盘
2222,10:36:45,13.6,--,5,6800,买盘
2223,10:36:42,13.6,--,1,1360,买盘
2224,10:36:33,13.6,0.01,26,35360,买盘
2225,10:36:30,13.59,-0.01,12,16308,卖盘
2226,10:36:24,13.6,-0.01,10,13600,卖盘
2227,10:36:18,13.61,0.01,14,19054,买盘
2228,10:36:12,13.6,-0.01,12,16320,中性盘
2229,10:36:09,13.61,--,100,136100,买盘
2230,10:36:06,13.61,--,251,342155,买盘
2231,10:35:57,13.61,--,5,6805,买盘
2232,10:35:51,13.61,-0.01,27,37359,卖盘
2233,10:35:48,13.62,--,8,10896,买盘
2234,10:35:45,13.62,--,5,6810,买盘
2235,10:35:42,13.62,--,669,911178,买盘
2236,10:35:36,13.62,--,27,36774,买盘
2237,10:35:33,13.62,0.01,40,54480,买盘
2238,10:35:27,13.61,--,10,13610,卖盘
2239,10:35:24,13.61,-0.01,5,6805,卖盘
2240,10:35:21,13.62,0.01,10,13620,买盘
2241,10:35:15,13.61,--,6,8166,卖盘
2242,10:35:09,13.61,--,46,62606,卖盘
2243,10:35:06,13.61,-0.01,87,119618,卖盘
2244,10:35:00,13.62,0.01,48,65375,买盘
2245,10:34:51,13.61,--,5,6805,卖盘
2246,10:34:48,13.61,-0.01,5,6805,卖盘
2247,10:34:45,13.62,0.01,9,12258,买盘
2248,10:34:42,13.61,-0.01,1,1361,卖盘
2249,10:34:39,13.62,0.01,92,125304,买盘
2250,10:34:33,13.61,--,95,129295,卖盘
2251,10:34:24,13.61,--,22,29942,卖盘
2252,10:34:18,13.61,-0.01,16,21776,卖盘
2253,10:34:15,13.62,0.01,71,96702,买盘
2254,10:34:09,13.61,--,84,114324,卖盘
2255,10:34:06,13.61,--,6,9363,卖盘
2256,10:34:03,13.61,--,11,14971,卖盘
2257,10:34:00,13.61,-0.01,441,600201,卖盘
2258,10:33:51,13.62,0.01,61,83082,买盘
2259,10:33:48,13.61,-0.01,20,27220,卖盘
2260,10:33:45,13.62,0.01,5,6810,买盘
2261,10:33:42,13.61,-0.01,21,28581,卖盘
2262,10:33:39,13.62,0.01,173,235626,买盘
2263,10:33:33,13.61,-0.01,12,16332,卖盘
2264,10:33:30,13.62,--,11,14982,买盘
2265,10:33:27,13.62,0.01,7,9534,买盘
2266,10:33:24,13.61,-0.01,10,13610,卖盘
2267,10:33:21,13.62,--,49,66738,买盘
2268,10:33:18,13.62,--,91,123942,买盘
2269,10:33:12,13.62,0.01,13,17706,买盘
2270,10:33:06,13.61,-0.01,85,116896,卖盘
2271,10:33:00,13.62,0.01,4,5448,买盘
2272,10:32:57,13.61,--,7,9527,卖盘
2273,10:32:54,13.61,--,15,20415,卖盘
2274,10:32:48,13.61,--,12,16332,卖盘
2275,10:32:45,13.61,--,22,29942,卖盘
2276,10:32:42,13.61,--,4,5444,卖盘
2277,10:32:39,13.61,--,83,112963,卖盘
2278,10:32:36,13.61,-0.01,129,175569,卖盘
2279,10:32:30,13.62,0.01,1,1362,买盘
2280,10:32:12,13.61,--,25,34025,卖盘
2281,10:32:09,13.61,--,20,27220,卖盘
2282,10:32:06,13.61,-0.01,184,251635,卖盘
2283,10:32:00,13.62,0.01,3,4085,买盘
2284,10:31:54,13.61,--,50,68050,卖盘
2285,10:31:51,13.61,-0.01,103,140183,卖盘
2286,10:31:45,13.62,0.03,53,72186,买盘
2287,10:31:36,13.59,-0.03,10,13590,卖盘
2288,10:31:33,13.62,0.03,97,132114,买盘
2289,10:31:30,13.59,-0.03,371,504189,卖盘
2290,10:31:27,13.62,0.03,17,23154,买盘
2291,10:31:24,13.59,-0.03,87,118233,卖盘
2292,10:31:21,13.62,0.01,13,17706,买盘
2293,10:31:18,13.61,--,13,17693,买盘
2294,10:31:15,13.61,-0.01,5,6805,卖盘
2295,10:31:12,13.62,--,87,118494,买盘
2296,10:31:09,13.62,--,10,13620,买盘
2297,10:31:06,13.62,--,52,70824,买盘
2298,10:31:03,13.62,0.01,94,128027,买盘
2299,10:30:57,13.61,-0.01,141,191901,卖盘
2300,10:30:54,13.62,--,38,51756,买盘
2301,10:30:48,13.62,0.02,164,223368,买盘
2302,10:30:45,13.6,-0.01,106,144160,中性盘
2303,10:30:42,13.61,--,74,100714,买盘
2304,10:30:39,13.61,--,42,57162,买盘
2305,10:30:33,13.61,--,38,51718,买盘
2306,10:30:30,13.61,0.01,29,39469,买盘
2307,10:30:27,13.6,-0.01,288,391680,卖盘
2308,10:30:21,13.61,--,15,20415,买盘
2309,10:30:18,13.61,0.01,20,27220,买盘
2310,10:30:15,13.6,0.01,7,9520,买盘
2311,10:30:12,13.59,-0.01,3,4077,卖盘
2312,10:30:09,13.6,0.01,3,4080,买盘
2313,10:30:06,13.59,-0.01,14,20249,卖盘
2314,10:30:03,13.6,--,12,16320,买盘
2315,10:29:54,13.6,0.01,106,144160,买盘
2316,10:29:51,13.59,-0.01,1,1359,卖盘
2317,10:29:48,13.6,--,17,23120,买盘
2318,10:29:27,13.6,-0.01,32,43520,卖盘
2319,10:29:24,13.61,0.02,5,6805,中性盘
2320,10:29:18,13.59,-0.03,553,751527,卖盘
2321,10:29:15,13.62,0.01,77,104874,买盘
2322,10:29:12,13.61,--,25,34025,买盘
2323,10:29:09,13.61,0.02,10,13610,买盘
2324,10:29:06,13.59,-0.02,55,75954,卖盘
2325,10:28:48,13.61,-0.01,173,235453,中性盘
2326,10:28:45,13.62,0.01,86,117132,买盘
2327,10:28:42,13.61,--,30,40830,买盘
2328,10:28:39,13.61,-0.01,61,83021,中性盘
2329,10:28:36,13.62,0.01,50,68100,买盘
2330,10:28:33,13.61,--,13,17693,卖盘
2331,10:28:27,13.61,--,28,38108,买盘
2332,10:28:24,13.61,--,23,31303,买盘
2333,10:28:21,13.61,--,73,99353,买盘
2334,10:28:15,13.61,0.01,176,239536,买盘
2335,10:28:12,13.6,-0.01,82,111669,卖盘
2336,10:28:09,13.61,--,70,95270,买盘
2337,10:28:06,13.61,--,12,17543,买盘
2338,10:28:03,13.61,--,53,72133,买盘
2339,10:28:00,13.61,--,74,100714,买盘
2340,10:27:57,13.61,--,63,85743,买盘
2341,10:27:48,13.61,--,295,401835,买盘
2342,10:27:45,13.61,0.01,101,137461,买盘
2343,10:27:39,13.6,-0.01,49,66640,中性盘
2344,10:27:27,13.61,--,64,87104,买盘
2345,10:27:24,13.61,--,3,4083,买盘
2346,10:27:18,13.61,0.03,70,95270,买盘
2347,10:27:15,13.58,-0.02,31,42763,卖盘
2348,10:27:12,13.6,--,7,9520,买盘
2349,10:27:09,13.6,0.02,107,145520,买盘
2350,10:27:06,13.58,--,10,13580,卖盘
2351,10:27:03,13.58,-0.02,33,46009,卖盘
2352,10:26:57,13.6,0.01,33,44880,买盘
2353,10:26:54,13.59,0.01,3,4077,买盘
2354,10:26:48,13.58,-0.02,36,48915,卖盘
2355,10:26:45,13.6,--,5,6800,买盘
2356,10:26:36,13.6,--,77,104720,买盘
2357,10:26:33,13.6,0.02,81,110160,买盘
2358,10:26:30,13.58,--,142,192836,卖盘
2359,10:26:27,13.58,-0.02,9,12222,卖盘
2360,10:26:24,13.6,--,14,19040,买盘
2361,10:26:21,13.6,0.02,33,44880,买盘
2362,10:26:18,13.58,--,37,50327,卖盘
2363,10:26:12,13.58,--,10,13580,卖盘
2364,10:26:09,13.58,-0.02,9,12222,卖盘
2365,10:26:06,13.6,0.02,80,108800,买盘
2366,10:26:03,13.58,--,2,3938,卖盘
2367,10:26:00,13.58,--,15,20370,卖盘
2368,10:25:48,13.58,-0.02,62,84196,卖盘
2369,10:25:45,13.6,0.02,10,13600,买盘
2370,10:25:42,13.58,--,9,12222,卖盘
2371,10:25:39,13.58,-0.03,30,40740,卖盘
2372,10:25:36,13.61,0.03,101,137461,买盘
2373,10:25:30,13.58,--,11,14938,买盘
2374,10:25:24,13.58,--,15,20370,买盘
2375,10:25:21,13.58,--,178,242810,卖盘
2376,10:25:12,13.58,--,4,5432,卖盘
2377,10:25:06,13.58,-0.01,379,515890,卖盘
2378,10:25:00,13.59,--,10,13590,买盘
2379,10:24:57,13.59,-0.01,139,189172,卖盘
2380,10:24:51,13.6,--,39,53040,买盘
2381,10:24:48,13.6,--,10,13600,买盘
2382,10:24:45,13.6,--,234,319328,买盘
2383,10:24:36,13.6,--,85,115600,买盘
2384,10:24:33,13.6,--,52,70856,卖盘
2385,10:24:30,13.6,-0.01,31,42160,卖盘
2386,10:24:24,13.61,-0.01,7,9527,中性盘
2387,10:24:21,13.62,0.01,54,73548,买盘
2388,10:24:18,13.61,--,115,156705,买盘
2389,10:24:09,13.61,0.01,2,2722,买盘
2390,10:24:06,13.6,--,136,184960,卖盘
2391,10:24:00,13.6,-0.01,20,27200,卖盘
2392,10:23:57,13.61,-0.01,1,1361,中性盘
2393,10:23:45,13.62,--,311,424753,买盘
2394,10:23:42,13.62,0.02,6,8171,买盘
2395,10:23:36,13.6,--,35,47600,卖盘
2396,10:23:33,13.6,--,5,6800,卖盘
2397,10:23:27,13.6,-0.02,84,114240,卖盘
2398,10:23:24,13.62,0.02,80,108960,买盘
2399,10:23:21,13.6,--,172,233920,卖盘
2400,10:23:18,13.6,-0.02,20,28165,卖盘
2401,10:23:15,13.62,0.01,2,2724,买盘
2402,10:23:09,13.61,-0.02,66,89826,卖盘
2403,10:23:06,13.63,0.02,41,55883,买盘
2404,10:23:03,13.61,-0.01,2,3933,卖盘
2405,10:22:57,13.62,-0.01,8,10896,买盘
2406,10:22:54,13.63,0.02,274,373462,买盘
2407,10:22:51,13.61,--,20,27220,卖盘
2408,10:22:48,13.61,--,36,49812,卖盘
2409,10:22:36,13.61,-0.02,9,12249,卖盘
2410,10:22:33,13.63,-0.01,3,4089,买盘
2411,10:22:30,13.64,0.01,22,30008,买盘
2412,10:22:27,13.63,--,274,373462,买盘
2413,10:22:18,13.63,--,74,100862,买盘
2414,10:22:08,13.63,--,17,23171,买盘
2415,10:22:05,13.63,--,67,92520,买盘
2416,10:22:02,13.63,--,30,40890,买盘
2417,10:21:50,13.63,0.01,286,390363,买盘
2418,10:21:47,13.62,-0.01,33,45763,卖盘
2419,10:21:44,13.63,0.01,3,4089,买盘
2420,10:21:41,13.62,-0.01,4,5448,卖盘
2421,10:21:38,13.63,0.01,43,58609,买盘
2422,10:21:35,13.62,-0.01,41,55842,卖盘
2423,10:21:29,13.63,--,46,62698,买盘
2424,10:21:20,13.63,--,258,351654,买盘
2425,10:21:17,13.63,0.03,4,5452,买盘
2426,10:21:14,13.6,-0.02,140,190753,卖盘
2427,10:21:11,13.62,0.02,76,103512,买盘
2428,10:21:08,13.6,--,10,13600,卖盘
2429,10:21:02,13.6,-0.02,4,6650,卖盘
2430,10:20:59,13.62,0.02,2,2724,买盘
2431,10:20:53,13.6,-0.04,20,27200,卖盘
2432,10:20:47,13.64,0.02,292,398983,买盘
2433,10:20:44,13.62,--,13,17706,买盘
2434,10:20:29,13.62,-0.02,11,14982,买盘
2435,10:20:17,13.64,0.04,284,387376,买盘
2436,10:20:14,13.6,--,82,111873,卖盘
2437,10:20:11,13.6,--,25,34000,卖盘
2438,10:20:02,13.6,-0.02,25,35224,中性盘
2439,10:19:53,13.62,0.03,26,35412,买盘
2440,10:19:50,13.59,-0.04,516,701542,卖盘
2441,10:19:44,13.63,0.04,271,369373,买盘
2442,10:19:41,13.59,-0.01,1,1359,卖盘
2443,10:19:38,13.6,--,32,43520,买盘
2444,10:19:35,13.6,-0.03,114,155869,卖盘
2445,10:19:29,13.63,--,11,14993,买盘
2446,10:19:23,13.63,0.03,40,54520,买盘
2447,10:19:17,13.6,-0.03,161,220197,卖盘
2448,10:19:11,13.63,0.03,248,338024,买盘
2449,10:19:05,13.6,--,8,10880,卖盘
2450,10:19:02,13.6,-0.02,2,3916,卖盘
2451,10:18:59,13.62,--,3,4085,买盘
2452,10:18:56,13.62,0.02,81,110322,买盘
2453,10:18:53,13.6,--,29,39440,卖盘
2454,10:18:44,13.6,-0.02,195,266016,卖盘
2455,10:18:41,13.62,--,291,396342,买盘
2456,10:18:35,13.62,--,4,5448,买盘
2457,10:18:29,13.62,--,20,27240,买盘
2458,10:18:17,13.62,--,23,31326,买盘
2459,10:18:14,13.62,--,8,10896,买盘
2460,10:18:11,13.62,0.02,264,359568,买盘
2461,10:18:02,13.6,--,28,38080,卖盘
2462,10:17:59,13.6,-0.02,2,3930,卖盘
2463,10:17:56,13.62,--,2,2724,买盘
2464,10:17:53,13.62,--,1,1362,买盘
2465,10:17:50,13.62,-0.01,4,5448,卖盘
2466,10:17:47,13.63,0.01,2,2726,买盘
2467,10:17:44,13.62,-0.01,11,14982,卖盘
2468,10:17:38,13.63,--,3,4089,买盘
2469,10:17:35,13.63,0.01,267,363921,买盘
2470,10:17:32,13.62,-0.01,55,74910,卖盘
2471,10:17:29,13.63,--,56,76328,买盘
2472,10:17:20,13.63,--,1,1363,买盘
2473,10:17:17,13.63,--,14,19082,买盘
2474,10:17:14,13.63,--,36,49068,买盘
2475,10:17:11,13.63,--,8,10904,卖盘
2476,10:17:08,13.63,-0.01,94,128122,买盘
2477,10:17:05,13.64,0.02,264,360096,买盘
2478,10:17:02,13.62,--,22,31176,买盘
2479,10:16:59,13.62,0.02,55,74910,买盘
2480,10:16:50,13.6,-0.02,12,17054,中性盘
2481,10:16:44,13.62,0.02,74,100788,买盘
2482,10:16:41,13.6,0.01,10,13600,中性盘
2483,10:16:32,13.59,-0.01,311,422649,卖盘
2484,10:16:29,13.6,--,51,69360,买盘
2485,10:16:26,13.6,--,16,21760,买盘
2486,10:16:17,13.6,--,4,5440,买盘
2487,10:16:14,13.6,0.01,4,5440,买盘
2488,10:16:11,13.59,-0.01,23,31257,卖盘
2489,10:16:08,13.6,-0.03,38,52196,卖盘
2490,10:16:02,13.63,0.03,275,376038,买盘
2491,10:15:59,13.6,--,16,21760,卖盘
2492,10:15:56,13.6,--,90,123392,买盘
2493,10:15:50,13.6,--,9,12240,买盘
2494,10:15:47,13.6,--,136,184960,买盘
2495,10:15:35,13.6,--,114,155407,卖盘
2496,10:15:32,13.6,-0.03,52,70720,卖盘
2497,10:15:29,13.63,0.03,283,386723,买盘
2498,10:15:26,13.6,-0.02,45,61200,卖盘
2499,10:15:23,13.62,0.02,77,104874,买盘
2500,10:15:20,13.6,--,5,6800,卖盘
2501,10:15:17,13.6,--,10,13600,卖盘
2502,10:15:14,13.6,--,1,1360,卖盘
2503,10:15:05,13.6,-0.01,69,93840,卖盘
2504,10:15:02,13.61,--,23,31303,买盘
2505,10:14:56,13.61,-0.02,248,337677,卖盘
2506,10:14:53,13.63,--,82,111766,买盘
2507,10:14:50,13.63,0.02,4,5452,买盘
2508,10:14:47,13.61,--,106,144266,卖盘
2509,10:14:44,13.61,--,84,114324,卖盘
2510,10:14:32,13.61,--,1,1361,卖盘
2511,10:14:29,13.61,--,56,76216,卖盘
2512,10:14:26,13.61,-0.01,176,239536,卖盘
2513,10:14:23,13.62,0.01,117,159354,买盘
2514,10:14:20,13.61,--,53,72133,卖盘
2515,10:14:02,13.61,-0.01,2,3933,卖盘
2516,10:13:56,13.62,--,171,232902,买盘
2517,10:13:53,13.62,-0.01,18,24693,卖盘
2518,10:13:50,13.63,0.01,82,112992,买盘
2519,10:13:44,13.62,--,103,140286,卖盘
2520,10:13:41,13.62,-0.01,14,19068,卖盘
2521,10:13:38,13.63,0.01,127,173101,买盘
2522,10:13:32,13.62,-0.01,73,99426,卖盘
2523,10:13:23,13.63,0.01,273,372099,买盘
2524,10:13:20,13.62,-0.01,25,34322,卖盘
2525,10:13:17,13.63,0.01,14,19082,买盘
2526,10:13:14,13.62,-0.01,3,4085,卖盘
2527,10:13:08,13.63,--,77,104951,买盘
2528,10:13:05,13.63,--,4,5452,买盘
2529,10:13:02,13.63,0.01,3,4089,买盘
2530,10:12:59,13.62,-0.02,34,47506,卖盘
2531,10:12:56,13.64,0.01,199,271436,买盘
2532,10:12:50,13.63,-0.01,143,194909,卖盘
2533,10:12:44,13.64,0.01,366,499224,买盘
2534,10:12:35,13.63,--,2,2726,卖盘
2535,10:12:32,13.63,--,100,136300,卖盘
2536,10:12:23,13.63,--,516,703308,买盘
2537,10:12:14,13.63,-0.01,49,66936,卖盘
2538,10:12:11,13.64,0.01,3,4092,买盘
2539,10:12:08,13.63,--,50,69363,买盘
2540,10:12:05,13.63,--,2,2726,买盘
2541,10:12:02,13.63,--,103,140389,买盘
2542,10:11:59,13.63,-0.01,9,12267,卖盘
2543,10:11:53,13.64,--,26,35464,买盘
2544,10:11:50,13.64,0.01,171,233244,买盘
2545,10:11:47,13.63,--,3,4089,买盘
2546,10:11:44,13.63,--,32,43616,买盘
2547,10:11:35,13.63,-0.01,217,296261,卖盘
2548,10:11:32,13.64,--,75,102300,买盘
2549,10:11:29,13.64,0.01,70,95480,买盘
2550,10:11:26,13.63,-0.01,17,23171,卖盘
2551,10:11:23,13.64,--,13,17732,买盘
2552,10:11:20,13.64,--,204,278256,买盘
2553,10:11:14,13.64,--,23,31372,买盘
2554,10:11:11,13.64,--,479,653356,买盘
2555,10:11:05,13.64,--,27,36828,买盘
2556,10:11:02,13.64,0.01,79,107756,买盘
2557,10:10:59,13.63,--,2,3925,卖盘
2558,10:10:56,13.63,-0.01,37,50431,卖盘
2559,10:10:53,13.64,--,30,40920,买盘
2560,10:10:50,13.64,0.01,170,231880,买盘
2561,10:10:47,13.63,-0.01,24,32712,卖盘
2562,10:10:44,13.64,--,20,27280,买盘
2563,10:10:38,13.64,--,26,35464,买盘
2564,10:10:35,13.64,--,7,9548,买盘
2565,10:10:32,13.64,--,79,107756,买盘
2566,10:10:29,13.64,0.01,40,54560,买盘
2567,10:10:26,13.63,--,49,66787,卖盘
2568,10:10:23,13.63,-0.01,14,19082,卖盘
2569,10:10:20,13.64,--,208,283712,买盘
2570,10:10:17,13.64,0.01,5,6820,买盘
2571,10:10:14,13.63,-0.01,25,34075,卖盘
2572,10:10:11,13.64,-0.01,2,2728,卖盘
2573,10:10:08,13.65,0.02,3,4095,买盘
2574,10:10:05,13.63,-0.02,20,27260,卖盘
2575,10:10:02,13.65,0.02,129,177286,买盘
2576,10:09:56,13.63,-0.01,10,13630,卖盘
2577,10:09:53,13.64,0.01,8,10912,买盘
2578,10:09:50,13.63,-0.01,10,13630,卖盘
2579,10:09:47,13.64,--,216,294624,买盘
2580,10:09:44,13.64,--,126,171864,买盘
2581,10:09:38,13.64,--,4,5456,买盘
2582,10:09:32,13.64,--,304,415160,卖盘
2583,10:09:29,13.64,-0.01,34,46376,卖盘
2584,10:09:26,13.65,0.01,116,158340,买盘
2585,10:09:23,13.64,--,8,11771,买盘
2586,10:09:20,13.64,--,37,51245,卖盘
2587,10:09:17,13.64,--,213,290804,卖盘
2588,10:09:14,13.64,--,49,66836,卖盘
2589,10:09:11,13.64,-0.01,93,126852,卖盘
2590,10:09:08,13.65,--,75,102375,买盘
2591,10:08:59,13.65,0.01,277,379319,买盘
2592,10:08:56,13.64,0.01,527,719291,买盘
2593,10:08:53,13.63,--,160,218080,卖盘
2594,10:08:50,13.63,-0.01,2,2726,卖盘
2595,10:08:44,13.64,--,194,264616,买盘
2596,10:08:41,13.64,--,30,40920,买盘
2597,10:08:35,13.64,--,30,40920,买盘
2598,10:08:32,13.64,--,233,317812,卖盘
2599,10:08:29,13.64,0.01,148,201872,中性盘
2600,10:08:26,13.63,--,231,314853,卖盘
2601,10:08:20,13.63,-0.02,9,12267,卖盘
2602,10:08:17,13.65,0.01,171,233415,买盘
2603,10:08:14,13.64,0.01,82,111848,买盘
2604,10:08:11,13.63,-0.02,7,9541,卖盘
2605,10:08:05,13.65,--,60,81900,买盘
2606,10:08:02,13.65,0.02,79,109036,买盘
2607,10:07:59,13.63,-0.02,60,81780,卖盘
2608,10:07:53,13.65,--,15,20475,买盘
2609,10:07:50,13.65,--,8,10920,买盘
2610,10:07:47,13.65,0.03,205,279825,买盘
2611,10:07:41,13.62,--,20,27240,卖盘
2612,10:07:35,13.62,--,60,81720,卖盘
2613,10:07:32,13.62,-0.03,10,13620,卖盘
2614,10:07:29,13.65,0.01,129,176085,买盘
2615,10:07:26,13.64,--,18,24552,买盘
2616,10:07:20,13.64,-0.01,50,68200,买盘
2617,10:07:14,13.65,--,23,31395,买盘
2618,10:07:11,13.65,0.02,236,322140,买盘
2619,10:07:08,13.63,0.01,16,21808,中性盘
2620,10:07:05,13.62,--,189,257417,卖盘
2621,10:07:02,13.62,-0.02,12,17556,卖盘
2622,10:06:59,13.64,0.02,17,23188,买盘
2623,10:06:56,13.62,-0.02,12,16343,卖盘
2624,10:06:53,13.64,0.02,7,9548,买盘
2625,10:06:47,13.62,-0.03,31,42222,卖盘
2626,10:06:41,13.65,0.04,257,350805,买盘
2627,10:06:38,13.61,-0.01,57,77577,卖盘
2628,10:06:35,13.62,0.01,4,5448,买盘
2629,10:06:32,13.61,-0.01,52,70772,卖盘
2630,10:06:26,13.62,--,150,204300,买盘
2631,10:06:23,13.62,-0.03,34,46852,卖盘
2632,10:06:17,13.65,0.03,13,17745,买盘
2633,10:06:14,13.62,--,3,4903,卖盘
2634,10:06:11,13.62,--,177,241074,卖盘
2635,10:06:08,13.62,--,5,6810,卖盘
2636,10:06:05,13.62,--,23,31326,卖盘
2637,10:06:02,13.62,-0.01,26,35412,中性盘
2638,10:05:59,13.63,0.01,108,148403,买盘
2639,10:05:56,13.62,--,49,66738,买盘
2640,10:05:47,13.62,--,5,6810,买盘
2641,10:05:44,13.62,-0.02,100,136200,中性盘
2642,10:05:41,13.64,0.02,286,390104,买盘
2643,10:05:32,13.62,-0.01,12,16343,中性盘
2644,10:05:29,13.63,0.02,56,76328,买盘
2645,10:05:26,13.61,-0.02,23,31303,卖盘
2646,10:05:17,13.63,--,13,17719,买盘
2647,10:05:14,13.63,--,58,79326,买盘
2648,10:05:11,13.63,--,273,372099,买盘
2649,10:05:08,13.63,--,43,58609,买盘
2650,10:05:05,13.63,--,10,13630,买盘
2651,10:05:02,13.63,0.01,23,31498,买盘
2652,10:04:59,13.62,--,96,131964,买盘
2653,10:04:53,13.62,--,1,1362,卖盘
2654,10:04:50,13.62,0.02,9,12258,买盘
2655,10:04:47,13.6,-0.02,12,16320,卖盘
2656,10:04:44,13.62,-0.04,17,23154,买盘
2657,10:04:41,13.66,0.04,1224,1671984,买盘
2658,10:04:38,13.62,--,5,6810,卖盘
2659,10:04:35,13.62,-0.01,15,20430,卖盘
2660,10:04:29,13.63,0.03,51,69513,买盘
2661,10:04:26,13.6,-0.01,48,65280,卖盘
2662,10:04:23,13.61,--,2,2722,卖盘
2663,10:04:20,13.61,-0.04,15,20415,卖盘
2664,10:04:14,13.65,0.04,922,1258530,买盘
2665,10:04:08,13.61,-0.01,7,9527,卖盘
2666,10:04:05,13.62,-0.02,2,2724,中性盘
2667,10:03:59,13.64,0.04,686,935704,买盘
2668,10:03:56,13.6,--,190,258400,卖盘
2669,10:03:53,13.6,--,11,14960,卖盘
2670,10:03:50,13.6,-0.01,23,31280,卖盘
2671,10:03:47,13.61,--,256,348579,卖盘
2672,10:03:41,13.61,-0.02,183,249063,卖盘
2673,10:03:38,13.63,--,1,1363,买盘
2674,10:03:35,13.63,--,27,36801,买盘
2675,10:03:29,13.63,--,54,73602,买盘
2676,10:03:26,13.63,--,429,584890,卖盘
2677,10:03:23,13.63,--,25,34075,卖盘
2678,10:03:20,13.63,-0.01,67,91321,卖盘
2679,10:03:17,13.64,0.01,109,148676,买盘
2680,10:03:14,13.63,-0.01,11,14993,卖盘
2681,10:03:11,13.64,0.01,178,242792,买盘
2682,10:03:08,13.63,--,6,8178,卖盘
2683,10:03:05,13.63,-0.01,8,10904,卖盘
2684,10:02:59,13.64,--,203,276892,买盘
2685,10:02:56,13.64,--,75,103500,买盘
2686,10:02:53,13.64,0.01,5,6820,买盘
2687,10:02:50,13.63,--,158,215354,卖盘
2688,10:02:47,13.63,-0.01,34,46342,卖盘
2689,10:02:44,13.64,-0.01,271,369644,买盘
2690,10:02:41,13.65,0.01,170,232050,买盘
2691,10:02:34,13.64,--,622,848585,卖盘
2692,10:02:31,13.64,-0.01,158,215512,卖盘
2693,10:02:28,13.65,--,271,369915,买盘
2694,10:02:25,13.65,--,128,174720,买盘
2695,10:02:19,13.65,0.01,13,17745,买盘
2696,10:02:16,13.64,-0.01,34,46376,卖盘
2697,10:02:13,13.65,--,27,36855,买盘
2698,10:02:10,13.65,--,275,375375,买盘
2699,10:02:07,13.65,--,30,41741,卖盘
2700,10:02:04,13.65,--,75,102375,卖盘
2701,10:02:01,13.65,--,10,13650,卖盘
2702,10:01:58,13.65,-0.01,64,88561,卖盘
2703,10:01:55,13.66,0.01,1063,1452618,买盘
2704,10:01:49,13.65,--,73,99645,买盘
2705,10:01:46,13.65,--,85,116025,买盘
2706,10:01:43,13.65,--,206,281190,买盘
2707,10:01:40,13.65,--,81,110565,买盘
2708,10:01:37,13.65,--,215,293475,买盘
2709,10:01:34,13.65,0.01,111,151515,买盘
2710,10:01:31,13.64,-0.01,196,267344,卖盘
2711,10:01:28,13.65,0.01,135,184275,买盘
2712,10:01:25,13.64,-0.01,293,399652,卖盘
2713,10:01:22,13.65,--,152,207480,买盘
2714,10:01:19,13.65,0.01,65,88725,买盘
2715,10:01:16,13.64,--,14,19096,卖盘
2716,10:01:13,13.64,0.01,20,27280,中性盘
2717,10:01:10,13.63,-0.02,28,38164,卖盘
2718,10:01:07,13.65,0.02,171,233415,买盘
2719,10:01:01,13.63,0.02,15,20445,中性盘
2720,10:00:58,13.61,-0.02,83,114160,卖盘
2721,10:00:55,13.63,-0.01,104,141752,卖盘
2722,10:00:52,13.64,0.01,107,145948,买盘
2723,10:00:49,13.63,-0.01,68,92684,卖盘
2724,10:00:46,13.64,0.01,61,83204,买盘
2725,10:00:40,13.63,-0.01,86,117218,卖盘
2726,10:00:37,13.64,0.02,285,388740,买盘
2727,10:00:34,13.62,-0.01,52,70824,卖盘
2728,10:00:31,13.63,--,123,167649,买盘
2729,10:00:25,13.63,--,111,151293,买盘
2730,10:00:22,13.63,--,94,128122,买盘
2731,10:00:19,13.63,--,326,444338,买盘
2732,10:00:13,13.63,--,30,40890,买盘
2733,10:00:10,13.63,-0.01,5,6815,买盘
2734,10:00:04,13.64,0.03,250,341000,买盘
2735,10:00:01,13.61,--,47,63967,买盘
2736,09:59:58,13.61,0.01,23,31303,买盘
2737,09:59:55,13.6,-0.03,31,42160,卖盘
2738,09:59:52,13.63,0.02,93,126759,买盘
2739,09:59:49,13.61,--,532,724052,买盘
2740,09:59:46,13.61,--,5,6805,买盘
2741,09:59:40,13.61,-0.02,10,13610,卖盘
2742,09:59:37,13.63,0.02,218,297134,买盘
2743,09:59:31,13.61,-0.01,10,13610,卖盘
2744,09:59:28,13.62,0.01,7,9534,买盘
2745,09:59:22,13.61,0.02,44,59884,买盘
2746,09:59:19,13.59,--,116,157644,卖盘
2747,09:59:16,13.59,--,67,91053,卖盘
2748,09:59:10,13.59,--,11,14949,卖盘
2749,09:59:04,13.59,--,331,449829,卖盘
2750,09:59:01,13.59,-0.01,4,5436,卖盘
2751,09:58:58,13.6,0.01,100,136000,买盘
2752,09:58:55,13.59,-0.01,19,27030,卖盘
2753,09:58:52,13.6,--,34,46240,买盘
2754,09:58:49,13.6,0.01,25,34000,买盘
2755,09:58:40,13.59,--,46,62514,卖盘
2756,09:58:37,13.59,-0.03,132,179388,卖盘
2757,09:58:31,13.62,0.02,257,351246,买盘
2758,09:58:28,13.6,--,236,320960,买盘
2759,09:58:19,13.6,--,30,40800,买盘
2760,09:58:16,13.6,--,23,31280,买盘
2761,09:58:13,13.6,--,31,42160,买盘
2762,09:58:10,13.6,--,33,45029,卖盘
2763,09:58:04,13.6,-0.02,61,82960,卖盘
2764,09:58:01,13.62,--,155,211110,买盘
2765,09:57:58,13.62,0.02,433,589746,买盘
2766,09:57:52,13.6,-0.02,51,70570,卖盘
2767,09:57:46,13.62,-0.01,26,35412,中性盘
2768,09:57:43,13.63,--,44,59972,买盘
2769,09:57:40,13.63,--,20,27260,买盘
2770,09:57:37,13.63,--,44,59972,买盘
2771,09:57:34,13.63,--,6,8178,卖盘
2772,09:57:31,13.63,--,162,220806,卖盘
2773,09:57:28,13.63,-0.01,700,954100,卖盘
2774,09:57:25,13.64,0.01,20,27280,买盘
2775,09:57:22,13.63,--,245,333935,卖盘
2776,09:57:13,13.63,0.01,168,228984,中性盘
2777,09:57:10,13.62,-0.01,18,24516,卖盘
2778,09:57:07,13.63,0.01,50,68150,中性盘
2779,09:57:04,13.62,--,268,365397,卖盘
2780,09:56:58,13.62,--,37,50394,卖盘
2781,09:56:55,13.62,--,360,491532,卖盘
2782,09:56:52,13.62,--,459,625158,买盘
2783,09:56:46,13.62,0.03,31,42222,买盘
2784,09:56:43,13.59,-0.03,138,187542,卖盘
2785,09:56:37,13.62,--,140,191292,卖盘
2786,09:56:34,13.62,--,54,73548,卖盘
2787,09:56:31,13.62,--,632,860784,买盘
2788,09:56:25,13.62,0.04,408,555696,买盘
2789,09:56:22,13.58,-0.03,174,236292,卖盘
2790,09:56:19,13.61,0.01,13,17693,买盘
2791,09:56:16,13.6,-0.01,439,597040,卖盘
2792,09:56:13,13.61,-0.01,98,133378,卖盘
