,time,price,change,volume,amount,type
0,15:00:20,37.08,-0.01,248,919584,卖盘
1,14:58:53,37.09,--,0,0,卖盘
2,14:56:53,37.09,0.01,1,3709,中性盘
3,14:56:38,37.08,-0.05,9,33372,卖盘
4,14:56:32,37.13,--,3,11139,买盘
5,14:56:29,37.13,--,2,7426,买盘
6,14:56:23,37.13,0.01,6,22278,买盘
7,14:56:17,37.12,--,10,37120,卖盘
8,14:56:11,37.12,--,1,3711,卖盘
9,14:56:08,37.12,--,14,51968,卖盘
10,14:56:05,37.12,--,1,3711,卖盘
11,14:56:02,37.12,--,1,3711,卖盘
12,14:55:53,37.12,0.02,7,25984,中性盘
13,14:55:44,37.1,-0.02,6,22260,卖盘
14,14:55:41,37.12,0.01,4,14847,买盘
15,14:55:35,37.11,-0.01,17,63087,卖盘
16,14:55:32,37.12,--,5,18560,买盘
17,14:55:29,37.12,0.01,22,81664,买盘
18,14:55:23,37.11,-0.01,14,51954,卖盘
19,14:55:20,37.12,0.01,1,3711,买盘
20,14:55:17,37.11,--,25,92775,卖盘
21,14:55:05,37.11,0.03,26,96486,买盘
22,14:55:02,37.08,-0.02,32,118656,卖盘
23,14:54:56,37.1,--,5,18550,买盘
24,14:54:47,37.1,--,7,25970,买盘
25,14:54:41,37.1,--,2,7420,买盘
26,14:54:38,37.1,-0.02,22,81620,卖盘
27,14:54:17,37.12,0.02,1,3711,买盘
28,14:54:05,37.1,--,4,14840,卖盘
29,14:53:47,37.1,--,10,37100,中性盘
30,14:53:20,37.1,-0.03,3,11130,卖盘
31,14:53:17,37.13,0.03,2,7426,买盘
32,14:53:11,37.1,-0.01,3,11130,买盘
33,14:53:02,37.11,-0.03,17,63087,卖盘
34,14:52:47,37.14,0.03,2,7428,买盘
35,14:52:44,37.11,-0.02,4,14844,卖盘
36,14:52:38,37.13,-0.02,15,55695,卖盘
37,14:52:29,37.15,0.04,1,3715,买盘
38,14:52:14,37.11,--,24,89064,卖盘
39,14:51:56,37.11,0.02,8,29688,买盘
40,14:51:44,37.09,--,2,7418,卖盘
41,14:51:41,37.09,-0.02,4,14836,卖盘
42,14:51:29,37.11,--,8,29688,买盘
43,14:51:11,37.11,--,5,18555,买盘
44,14:50:35,37.11,--,2,7422,买盘
45,14:50:32,37.11,0.04,5,18555,买盘
46,14:50:20,37.07,--,21,77847,卖盘
47,14:50:11,37.07,--,2,7414,卖盘
48,14:49:59,37.07,--,2,7414,卖盘
49,14:49:44,37.07,-0.09,1,3707,卖盘
50,14:49:41,37.16,0.05,9,33444,买盘
51,14:49:38,37.11,--,18,69915,卖盘
52,14:49:17,37.11,--,20,74220,卖盘
53,14:49:11,37.11,0.01,1,3711,卖盘
54,14:49:08,37.1,0.03,13,48823,买盘
55,14:48:56,37.07,--,6,22242,卖盘
56,14:48:41,37.07,0.01,1,3707,中性盘
57,14:48:07,37.06,-0.03,3,11118,卖盘
58,14:47:55,37.09,0.03,5,18545,买盘
59,14:47:40,37.06,--,1,3706,卖盘
60,14:47:37,37.06,--,1,3706,卖盘
61,14:47:25,37.06,--,2,7412,卖盘
62,14:47:16,37.06,--,7,25942,卖盘
63,14:47:04,37.06,--,8,29648,卖盘
64,14:46:58,37.06,--,1,3706,卖盘
65,14:46:52,37.06,--,3,11118,卖盘
66,14:46:43,37.06,--,3,11118,卖盘
67,14:46:34,37.06,--,5,18530,卖盘
68,14:46:31,37.06,--,10,37060,卖盘
69,14:46:28,37.06,--,3,11118,卖盘
70,14:46:13,37.06,0.03,9,33354,买盘
71,14:46:07,37.03,-0.03,3,11109,卖盘
72,14:45:58,37.06,0.05,3,11118,买盘
73,14:45:55,37.01,-0.01,8,29608,卖盘
74,14:45:40,37.02,-0.03,7,25914,卖盘
75,14:45:28,37.05,-0.03,26,96329,卖盘
76,14:45:16,37.08,0.02,1,3708,中性盘
77,14:45:10,37.06,--,2,7412,卖盘
78,14:45:04,37.06,--,3,11118,卖盘
79,14:44:49,37.06,-0.02,1,3706,卖盘
80,14:44:46,37.08,0.02,1,7304,买盘
81,14:44:43,37.06,-0.02,4,14824,卖盘
82,14:44:37,37.08,--,6,22248,买盘
83,14:44:31,37.08,--,4,14832,买盘
84,14:44:25,37.08,--,2,7527,卖盘
85,14:44:13,37.08,--,2,7416,卖盘
86,14:44:07,37.08,-0.01,6,22248,卖盘
87,14:43:55,37.09,0.01,11,40799,买盘
88,14:43:49,37.08,-0.01,7,25956,卖盘
89,14:43:40,37.09,0.01,2,7418,买盘
90,14:43:37,37.08,--,2,7416,卖盘
91,14:43:31,37.08,--,7,25956,卖盘
92,14:43:22,37.08,--,10,37080,卖盘
93,14:43:13,37.08,--,2,7416,卖盘
94,14:43:10,37.08,0.02,0,3596,买盘
95,14:43:04,37.06,-0.02,3,11118,卖盘
96,14:43:01,37.08,0.02,4,14832,买盘
97,14:42:58,37.06,--,1,3706,卖盘
98,14:42:43,37.06,-0.02,1,3706,卖盘
99,14:42:34,37.08,0.02,1,3708,买盘
100,14:42:31,37.06,--,4,14824,卖盘
101,14:42:25,37.06,0.01,3,11118,卖盘
102,14:42:22,37.05,-0.01,1,3704,买盘
103,14:42:19,37.06,--,4,14824,卖盘
104,14:42:13,37.06,--,1,3706,买盘
105,14:42:10,37.06,0.05,2,7412,买盘
106,14:42:01,37.01,--,3,11103,卖盘
107,14:41:58,37.01,-0.05,4,14804,卖盘
108,14:41:49,37.06,0.05,3,11118,买盘
109,14:41:43,37.01,-0.03,9,33309,卖盘
110,14:41:34,37.04,-0.05,5,18520,卖盘
111,14:41:25,37.09,--,6,22254,买盘
112,14:41:19,37.09,0.05,6,22254,买盘
113,14:41:16,37.04,--,2,7408,卖盘
114,14:41:10,37.04,--,1,3704,卖盘
115,14:41:01,37.04,0.02,4,14816,买盘
116,14:40:52,37.02,-0.02,1,3702,卖盘
117,14:40:49,37.04,0.02,4,14816,买盘
118,14:40:46,37.02,-0.07,4,14808,中性盘
119,14:40:37,37.09,0.05,14,51926,买盘
120,14:40:22,37.04,0.03,1,3704,卖盘
121,14:40:13,37.01,-0.05,1,3701,卖盘
122,14:40:07,37.06,0.05,3,11118,买盘
123,14:39:58,37.01,0.01,3,11103,中性盘
124,14:39:49,37.0,--,8,29600,卖盘
125,14:39:43,37.0,--,4,14800,卖盘
126,14:39:40,37.0,--,10,37000,卖盘
127,14:39:34,37.0,--,2,7400,卖盘
128,14:39:31,37.0,-0.06,10,37000,卖盘
129,14:39:22,37.06,0.01,4,14824,买盘
130,14:39:19,37.05,-0.01,6,22230,卖盘
131,14:39:07,37.06,--,19,70414,卖盘
132,14:38:46,37.06,--,1,3706,卖盘
133,14:38:37,37.06,-0.03,4,14824,卖盘
134,14:38:28,37.09,--,13,48217,卖盘
135,14:38:22,37.09,--,1,3709,卖盘
136,14:38:19,37.09,--,1,3709,卖盘
137,14:38:07,37.09,--,1,3709,卖盘
138,14:37:58,37.09,--,1,3709,卖盘
139,14:37:52,37.09,--,5,18545,卖盘
140,14:37:49,37.09,--,1,3709,卖盘
141,14:37:34,37.09,--,1,3709,卖盘
142,14:37:25,37.09,--,2,7418,卖盘
143,14:37:19,37.09,--,1,3709,卖盘
144,14:37:07,37.09,--,4,14836,卖盘
145,14:36:58,37.09,--,1,3709,卖盘
146,14:36:22,37.09,--,1,3709,卖盘
147,14:36:10,37.09,--,3,11127,卖盘
148,14:35:40,37.09,0.02,1,3709,中性盘
149,14:35:31,37.07,-0.1,1,3707,中性盘
150,14:35:22,37.17,--,3,11151,卖盘
151,14:35:16,37.17,--,3,11151,卖盘
152,14:35:07,37.17,0.11,9,33453,买盘
153,14:35:01,37.06,--,2,7412,卖盘
154,14:34:52,37.06,-0.1,2,7412,卖盘
155,14:34:49,37.16,--,1,3715,卖盘
156,14:34:46,37.16,--,3,11147,卖盘
157,14:34:37,37.16,0.1,11,40875,买盘
158,14:34:31,37.06,--,1,3706,卖盘
159,14:34:28,37.06,--,1,3706,卖盘
160,14:34:22,37.06,--,5,18530,卖盘
161,14:34:13,37.06,0.01,1,3706,中性盘
162,14:34:04,37.05,-0.12,1,3704,卖盘
163,14:33:58,37.17,0.12,4,14868,中性盘
164,14:33:52,37.05,--,2,7409,卖盘
165,14:33:49,37.05,-0.13,5,18525,卖盘
166,14:33:40,37.18,0.14,6,22308,买盘
167,14:33:34,37.04,-0.11,13,48152,卖盘
168,14:33:22,37.15,0.1,39,144885,买盘
169,14:33:19,37.05,--,7,25934,卖盘
170,14:32:49,37.05,-0.01,42,155610,卖盘
171,14:32:40,37.06,0.01,1,3706,买盘
172,14:32:37,37.05,--,2,7409,卖盘
173,14:32:34,37.05,--,10,37050,卖盘
174,14:32:28,37.05,0.05,3,11115,买盘
175,14:32:19,37.0,-0.04,7,25900,卖盘
176,14:32:01,37.04,0.04,1,3704,买盘
177,14:31:46,37.0,--,9,33300,卖盘
178,14:31:40,37.0,--,135,499500,买盘
179,14:31:28,37.0,0.05,70,259000,买盘
180,14:31:22,36.95,--,3,11085,卖盘
181,14:31:19,36.95,--,9,33255,卖盘
182,14:31:16,36.95,--,3,11085,卖盘
183,14:31:13,36.95,--,3,11085,卖盘
184,14:31:04,36.95,--,3,11085,卖盘
185,14:30:58,36.95,0.01,5,18475,中性盘
186,14:30:52,36.94,-0.01,30,110820,卖盘
187,14:30:49,36.95,--,2,7390,卖盘
188,14:30:46,36.95,0.01,39,146100,买盘
189,14:30:37,36.94,-0.01,10,36940,卖盘
190,14:30:19,36.95,0.01,50,184750,买盘
191,14:30:13,36.94,-0.01,37,138377,卖盘
192,14:29:46,36.95,-0.04,35,129325,卖盘
193,14:29:43,36.99,--,10,36990,买盘
194,14:29:40,36.99,--,10,36990,买盘
195,14:29:37,36.99,--,1,3699,买盘
196,14:29:31,36.99,0.03,10,36990,买盘
197,14:29:28,36.96,0.01,2,7392,卖盘
198,14:29:19,36.95,--,13,50030,买盘
199,14:29:16,36.95,-0.01,21,79294,卖盘
200,14:29:01,36.96,0.01,1,3696,买盘
201,14:28:58,36.95,--,101,373195,卖盘
202,14:28:43,36.95,--,2,7390,卖盘
203,14:28:15,36.95,--,2,7390,卖盘
204,14:28:12,36.95,--,5,18475,卖盘
205,14:28:03,36.95,--,14,51730,卖盘
206,14:27:48,36.95,--,1,3695,卖盘
207,14:27:45,36.95,--,3,11085,卖盘
208,14:27:42,36.95,--,4,14780,卖盘
209,14:27:36,36.95,--,7,27860,买盘
210,14:27:33,36.95,--,50,184750,买盘
211,14:27:21,36.95,--,1,3695,买盘
212,14:27:12,36.95,-0.01,8,31259,卖盘
213,14:27:09,36.96,0.01,53,195888,买盘
214,14:27:06,36.95,-0.01,2,7390,卖盘
215,14:26:51,36.96,0.01,3,11088,买盘
216,14:26:45,36.95,--,28,103460,卖盘
217,14:26:42,36.95,--,17,64810,卖盘
218,14:26:12,36.95,--,28,103460,卖盘
219,14:25:45,36.95,--,28,103460,卖盘
220,14:25:36,36.95,-0.01,51,188445,卖盘
221,14:25:15,36.96,--,2,7392,买盘
222,14:25:12,36.96,--,5,18480,买盘
223,14:24:51,36.96,--,11,40656,买盘
224,14:24:33,36.96,0.01,5,18480,中性盘
225,14:23:51,36.95,-0.01,24,88680,卖盘
226,14:23:42,36.96,0.01,2,7392,卖盘
227,14:23:39,36.95,-0.01,48,177360,卖盘
228,14:23:36,36.96,--,35,129360,卖盘
229,14:23:33,36.96,-0.03,5,18480,卖盘
230,14:23:27,36.99,0.03,2,7398,买盘
231,14:23:18,36.96,-0.03,20,73920,卖盘
232,14:23:15,36.99,0.03,4,14796,买盘
233,14:23:09,36.96,--,48,177408,卖盘
234,14:23:03,36.96,--,1,3696,卖盘
235,14:22:54,36.96,--,5,18480,卖盘
236,14:22:48,36.96,--,17,62832,卖盘
237,14:22:36,36.96,-0.03,60,221760,卖盘
238,14:22:30,36.99,0.03,8,29592,买盘
239,14:22:15,36.96,--,15,55440,卖盘
240,14:22:00,36.96,--,6,22176,买盘
241,14:21:51,36.96,--,1,3696,买盘
242,14:21:48,36.96,--,6,22176,买盘
243,14:21:39,36.96,--,2,7392,买盘
244,14:21:36,36.96,0.01,1,3696,买盘
245,14:21:21,36.95,-0.01,1,3695,卖盘
246,14:21:15,36.96,--,34,125664,卖盘
247,14:21:09,36.96,--,6,22176,卖盘
248,14:20:57,36.96,-0.04,20,73920,卖盘
249,14:20:06,37.0,-0.02,75,277500,卖盘
250,14:19:33,37.02,-0.01,53,196206,卖盘
251,14:19:27,37.03,--,1,3703,买盘
252,14:19:18,37.03,--,19,70357,卖盘
253,14:19:15,37.03,--,8,29624,卖盘
254,14:19:03,37.03,--,11,40733,卖盘
255,14:18:30,37.03,--,5,18515,卖盘
256,14:18:18,37.03,--,33,122199,买盘
257,14:18:03,37.03,-0.01,19,70357,卖盘
258,14:18:00,37.04,0.01,4,14816,买盘
259,14:17:57,37.03,--,16,59248,卖盘
260,14:17:12,37.03,-0.01,7,25921,卖盘
261,14:16:54,37.04,-0.01,15,55560,卖盘
262,14:16:36,37.05,--,2,9114,卖盘
263,14:16:33,37.05,--,5,18525,卖盘
264,14:16:12,37.05,--,5,18525,卖盘
265,14:16:00,37.05,-0.01,5,18525,卖盘
266,14:15:18,37.06,--,9,33354,买盘
267,14:15:12,37.06,--,8,29648,卖盘
268,14:15:03,37.06,--,6,22236,卖盘
269,14:14:30,37.06,-0.01,6,22236,卖盘
270,14:14:18,37.07,0.02,2,7414,买盘
271,14:13:36,37.05,-0.02,2,7521,卖盘
272,14:13:33,37.07,--,2,7414,卖盘
273,14:13:27,37.07,--,1,3707,卖盘
274,14:13:15,37.07,--,1,3707,卖盘
275,14:13:12,37.07,--,1,3707,卖盘
276,14:13:06,37.07,--,1,3707,卖盘
277,14:13:00,37.07,--,1,3707,卖盘
278,14:12:33,37.07,--,2,7414,卖盘
279,14:12:27,37.07,--,1,3707,卖盘
280,14:12:24,37.07,--,3,14716,买盘
281,14:12:21,37.07,--,3,11232,卖盘
282,14:12:15,37.07,--,1,3707,卖盘
283,14:12:06,37.07,--,0,2187,卖盘
284,14:11:57,37.07,--,1,3707,卖盘
285,14:11:39,37.07,--,1,3707,卖盘
286,14:11:24,37.07,--,2,7414,卖盘
287,14:11:03,37.07,--,3,11121,卖盘
288,14:10:57,37.07,--,15,55605,卖盘
289,14:10:48,37.07,--,18,68134,买盘
290,14:10:15,37.07,--,3,11121,买盘
291,14:10:06,37.07,-0.07,22,83852,卖盘
292,14:09:56,37.14,--,33,122562,买盘
293,14:09:29,37.14,0.07,2,7428,买盘
294,14:09:26,37.07,--,14,51898,卖盘
295,14:08:53,37.07,--,2,7414,卖盘
296,14:08:50,37.07,--,10,37070,卖盘
297,14:08:23,37.07,--,2,7414,卖盘
298,14:07:53,37.07,--,2,7414,卖盘
299,14:07:23,37.07,--,1,3707,卖盘
300,14:07:08,37.07,--,5,19943,卖盘
301,14:06:50,37.07,0.01,1,3707,中性盘
302,14:06:23,37.06,-0.06,1,3706,卖盘
303,14:06:20,37.12,0.01,10,37120,买盘
304,14:06:11,37.11,0.06,10,37110,买盘
305,14:05:53,37.05,--,1,3704,卖盘
306,14:05:23,37.05,--,1,3704,卖盘
307,14:05:17,37.05,0.01,47,176135,买盘
308,14:05:02,37.04,0.01,5,18520,买盘
309,14:04:32,37.03,0.01,8,29624,买盘
310,14:04:29,37.02,-0.01,1,3702,卖盘
311,14:04:23,37.03,--,3,11109,买盘
312,14:04:20,37.03,-0.02,1,3703,卖盘
313,14:04:14,37.05,0.02,6,22230,买盘
314,14:04:08,37.03,-0.02,1,3703,卖盘
315,14:04:05,37.05,--,0,1704,卖盘
316,14:03:59,37.05,--,2,7409,卖盘
317,14:03:53,37.05,--,1,3704,卖盘
318,14:03:44,37.05,0.02,5,20525,买盘
319,14:03:35,37.03,--,20,74060,卖盘
320,14:03:23,37.03,0.01,1,3703,中性盘
321,14:03:02,37.02,-0.03,1,3702,卖盘
322,14:02:59,37.05,--,4,14819,买盘
323,14:02:47,37.05,0.03,1,3704,买盘
324,14:02:41,37.02,--,1,3702,卖盘
325,14:02:35,37.02,-0.01,4,14808,卖盘
326,14:02:23,37.03,--,4,14812,卖盘
327,14:02:20,37.03,-0.02,1,3703,卖盘
328,14:02:14,37.05,0.03,14,51869,买盘
329,14:02:05,37.02,-0.03,2,7404,卖盘
330,14:01:59,37.05,0.04,8,29639,买盘
331,14:01:50,37.01,--,1,3701,卖盘
332,14:01:44,37.01,-0.01,1,3701,卖盘
333,14:01:35,37.02,-0.03,2,7404,卖盘
334,14:01:23,37.05,0.04,4,14819,买盘
335,14:01:20,37.01,--,3,11103,卖盘
336,14:01:17,37.01,--,3,11103,卖盘
337,14:01:05,37.01,--,5,18505,买盘
338,14:01:02,37.01,0.01,11,40711,买盘
339,14:00:53,37.0,--,20,74000,卖盘
340,14:00:47,37.0,--,3,11100,卖盘
341,14:00:44,37.0,0.03,68,251600,买盘
342,14:00:32,36.97,--,2,7394,卖盘
343,14:00:20,36.97,--,3,11091,卖盘
344,14:00:17,36.97,--,3,11091,买盘
345,14:00:08,36.97,0.01,1,3697,买盘
346,14:00:02,36.96,--,1,3696,卖盘
347,13:59:50,36.96,--,4,14784,卖盘
348,13:59:41,36.96,--,16,59136,卖盘
349,13:59:35,36.96,--,58,214368,卖盘
350,13:59:20,36.96,-0.01,5,18480,卖盘
351,13:59:14,36.97,--,2,7394,买盘
352,13:59:11,36.97,--,3,11091,买盘
353,13:59:08,36.97,-0.01,12,44364,卖盘
354,13:59:05,36.98,-0.02,3,11093,卖盘
355,13:59:02,37.0,0.02,1,3700,买盘
356,13:58:56,36.98,--,4,14791,卖盘
357,13:58:47,36.98,-0.02,6,22187,卖盘
358,13:58:44,37.0,--,15,55500,卖盘
359,13:58:38,37.0,--,4,14800,卖盘
360,13:58:35,37.0,-0.01,10,37000,卖盘
361,13:58:32,37.01,--,7,25907,买盘
362,13:58:29,37.01,0.01,14,51814,买盘
363,13:58:23,37.0,--,12,44400,卖盘
364,13:58:14,37.0,--,36,133200,卖盘
365,13:58:08,37.0,--,2,7400,卖盘
366,13:57:59,37.0,-0.01,9,33300,卖盘
367,13:57:50,37.01,--,32,118432,买盘
368,13:57:23,37.01,--,2,7402,买盘
369,13:57:14,37.01,-0.03,21,78831,卖盘
370,13:57:11,37.04,0.02,4,17408,买盘
371,13:57:08,37.02,--,10,37020,卖盘
372,13:56:47,37.02,-0.02,2,7404,卖盘
373,13:56:02,37.04,--,4,15927,卖盘
374,13:55:59,37.04,--,1,3852,卖盘
375,13:55:44,37.04,--,1,3704,卖盘
376,13:55:11,37.04,--,1,3704,卖盘
377,13:54:47,37.04,--,1,3704,卖盘
378,13:54:38,37.04,--,2,7408,卖盘
379,13:54:32,37.04,-0.01,1,3704,卖盘
380,13:54:20,37.05,0.01,1,3704,买盘
381,13:54:08,37.04,--,2,7408,卖盘
382,13:53:59,37.04,--,7,25928,卖盘
383,13:53:20,37.04,--,1,3704,卖盘
384,13:53:11,37.04,-0.01,3,11112,卖盘
385,13:53:05,37.05,-0.01,1,3704,卖盘
386,13:52:56,37.06,0.02,3,11118,买盘
387,13:52:47,37.04,-0.01,3,11112,卖盘
388,13:52:41,37.05,-0.02,2,7409,卖盘
389,13:52:38,37.07,0.02,10,37070,买盘
390,13:52:32,37.05,-0.02,1,3704,卖盘
391,13:52:29,37.07,0.02,7,25949,买盘
392,13:52:26,37.05,--,5,18525,卖盘
393,13:52:17,37.05,-0.13,2,7409,卖盘
394,13:52:14,37.18,0.04,6,22308,买盘
395,13:52:11,37.14,-0.02,9,37102,卖盘
396,13:52:05,37.16,0.02,3,11147,买盘
397,13:52:02,37.14,--,4,14856,卖盘
398,13:51:49,37.14,--,1,3714,卖盘
399,13:51:46,37.14,0.07,13,48319,买盘
400,13:51:37,37.07,--,2,7414,卖盘
401,13:51:19,37.07,--,2,7414,卖盘
402,13:51:10,37.07,--,5,18535,卖盘
403,13:51:07,37.07,0.01,1,3707,买盘
404,13:51:04,37.06,--,1,3706,卖盘
405,13:50:49,37.06,--,3,11118,卖盘
406,13:50:37,37.06,--,9,33354,卖盘
407,13:50:28,37.06,0.01,15,55590,买盘
408,13:50:16,37.05,--,1,3704,卖盘
409,13:50:07,37.05,-0.02,3,11115,卖盘
410,13:49:58,37.07,0.02,5,18535,买盘
411,13:49:52,37.05,-0.01,1,3704,卖盘
412,13:49:43,37.06,-0.01,3,11118,卖盘
413,13:49:40,37.07,0.01,1,3707,买盘
414,13:49:37,37.06,--,1,3706,卖盘
415,13:49:31,37.06,--,10,37060,卖盘
416,13:49:25,37.06,-0.08,3,11118,卖盘
417,13:49:16,37.14,0.08,11,40854,买盘
418,13:49:10,37.06,-0.01,2,7412,卖盘
419,13:49:04,37.07,--,5,22204,卖盘
420,13:48:55,37.07,--,1,3707,卖盘
421,13:48:46,37.07,--,4,14828,卖盘
422,13:48:34,37.07,--,8,29656,卖盘
423,13:48:22,37.07,--,1,3707,卖盘
424,13:48:13,37.07,--,4,14828,卖盘
425,13:48:01,37.07,--,10,37070,卖盘
426,13:47:52,37.07,--,2,7414,卖盘
427,13:47:43,37.07,--,5,18535,卖盘
428,13:47:34,37.07,-0.01,5,18535,卖盘
429,13:47:31,37.08,--,14,51912,卖盘
430,13:47:16,37.08,0.01,1,3708,中性盘
431,13:47:04,37.07,--,1,3707,卖盘
432,13:47:01,37.07,--,5,18535,卖盘
433,13:46:43,37.07,-0.01,1,3707,卖盘
434,13:46:31,37.08,0.01,1,3708,中性盘
435,13:46:13,37.07,--,0,37,卖盘
436,13:46:01,37.07,0.01,1,3707,中性盘
437,13:45:46,37.06,--,1,3706,卖盘
438,13:45:31,37.06,--,2,7412,卖盘
439,13:45:25,37.06,--,3,11118,买盘
440,13:45:16,37.06,0.01,2,7412,买盘
441,13:44:25,37.05,--,1,3704,卖盘
442,13:44:16,37.05,-0.01,3,11115,卖盘
443,13:44:13,37.06,--,1,3706,卖盘
444,13:44:04,37.06,--,2,7412,卖盘
445,13:43:43,37.06,--,4,14824,卖盘
446,13:43:31,37.06,--,2,7412,卖盘
447,13:43:01,37.06,--,7,25942,卖盘
448,13:42:55,37.06,--,1,3706,卖盘
449,13:42:34,37.06,--,5,18530,卖盘
450,13:42:28,37.06,--,8,29648,卖盘
451,13:42:01,37.06,-0.14,7,25942,卖盘
452,13:41:49,37.2,0.14,1,3720,买盘
453,13:41:31,37.06,--,7,25942,卖盘
454,13:41:01,37.06,-0.14,7,25942,卖盘
455,13:40:58,37.2,0.14,26,96720,买盘
456,13:40:55,37.06,--,2,7412,卖盘
457,13:40:31,37.06,-0.14,7,25942,卖盘
458,13:39:58,37.2,--,2,7440,中性盘
459,13:39:40,37.2,--,1,3720,中性盘
460,13:39:34,37.2,--,6,22320,卖盘
461,13:39:31,37.2,--,3,11160,卖盘
462,13:39:22,37.2,-0.01,3,11160,买盘
463,13:38:58,37.21,--,5,18605,卖盘
464,13:38:46,37.21,-0.05,5,18605,卖盘
465,13:38:40,37.26,0.2,2,7452,中性盘
466,13:38:34,37.06,-0.21,22,81532,卖盘
467,13:38:28,37.27,0.07,2,7454,买盘
468,13:37:58,37.2,--,22,81840,卖盘
469,13:37:46,37.2,0.14,22,81840,买盘
470,13:37:31,37.06,-0.02,22,81532,卖盘
471,13:37:25,37.08,0.02,3,11124,中性盘
472,13:36:58,37.06,--,22,81532,卖盘
473,13:36:28,37.06,-0.08,76,281656,卖盘
474,13:36:19,37.14,0.08,5,18570,买盘
475,13:36:04,37.06,--,2,7412,卖盘
476,13:36:01,37.06,-0.02,30,111180,卖盘
477,13:35:25,37.08,--,30,111240,卖盘
478,13:35:16,37.08,--,2,7416,卖盘
479,13:35:07,37.08,--,5,20394,买盘
480,13:35:01,37.08,0.02,5,18540,买盘
481,13:34:55,37.06,-0.02,1,3706,卖盘
482,13:34:28,37.08,0.02,5,18540,买盘
483,13:34:25,37.06,--,1,3706,卖盘
484,13:34:13,37.06,--,40,148240,卖盘
485,13:34:04,37.06,0.01,9,33354,买盘
486,13:33:55,37.05,-0.01,1,3704,卖盘
487,13:33:34,37.06,--,1,3706,买盘
488,13:33:31,37.06,0.01,1,3706,买盘
489,13:33:28,37.05,-0.01,1,3704,卖盘
490,13:33:16,37.06,0.01,3,11118,买盘
491,13:33:10,37.05,0.01,2,7409,中性盘
492,13:32:49,37.04,--,2,7408,卖盘
493,13:32:33,37.04,--,2,7408,卖盘
494,13:32:24,37.04,--,8,29632,卖盘
495,13:32:15,37.04,--,27,100008,卖盘
496,13:32:09,37.04,--,2,7408,卖盘
497,13:32:06,37.04,-0.02,85,315432,卖盘
498,13:32:03,37.06,-0.02,9,33354,卖盘
499,13:31:45,37.08,0.02,1,3708,买盘
500,13:31:12,37.06,-0.01,1,3706,卖盘
501,13:31:00,37.07,--,1,3707,卖盘
502,13:30:57,37.07,-0.01,2,7414,卖盘
503,13:30:51,37.08,--,3,11124,买盘
504,13:30:33,37.08,--,1,3708,买盘
505,13:30:15,37.08,-0.07,5,18540,卖盘
506,13:29:48,37.15,--,3,11145,买盘
507,13:29:36,37.15,--,1,3715,卖盘
508,13:29:24,37.15,--,4,14860,卖盘
509,13:29:06,37.15,--,6,22290,卖盘
510,13:28:54,37.15,-0.01,4,14860,卖盘
511,13:28:12,37.16,-0.01,53,200626,卖盘
512,13:28:06,37.17,-0.03,20,74340,卖盘
513,13:26:57,37.2,0.03,5,18600,中性盘
514,13:26:51,37.17,-0.03,10,37170,卖盘
515,13:26:15,37.2,-0.08,0,37,卖盘
516,13:25:51,37.28,-0.02,7,26096,卖盘
517,13:25:45,37.3,0.01,10,37300,买盘
518,13:25:33,37.29,0.01,10,37290,买盘
519,13:25:21,37.28,--,12,44736,卖盘
520,13:25:06,37.28,--,8,29824,卖盘
521,13:25:03,37.28,--,10,37280,卖盘
522,13:25:00,37.28,-0.01,1,3728,卖盘
523,13:24:57,37.29,-0.01,10,37290,中性盘
524,13:24:48,37.3,0.01,20,76912,卖盘
525,13:24:33,37.29,--,10,38707,买盘
526,13:24:30,37.29,0.01,7,26103,买盘
527,13:24:27,37.28,-0.01,10,37280,卖盘
528,13:24:21,37.29,--,2,9769,卖盘
529,13:24:18,37.29,-0.01,3,11187,卖盘
530,13:24:03,37.3,0.01,3,11190,买盘
531,13:24:00,37.29,--,4,14916,卖盘
532,13:23:54,37.29,--,2,7458,卖盘
533,13:23:48,37.29,--,28,104412,卖盘
534,13:23:21,37.29,-0.01,28,104412,卖盘
535,13:23:00,37.3,0.01,6,22380,买盘
536,13:22:48,37.29,-0.01,30,111870,卖盘
537,13:22:45,37.3,0.01,5,18650,买盘
538,13:22:42,37.29,--,2,7458,卖盘
539,13:22:39,37.29,-0.01,1,3729,卖盘
540,13:22:33,37.3,--,2,7459,买盘
541,13:22:30,37.3,--,13,48489,买盘
542,13:22:24,37.3,0.01,3,11190,买盘
543,13:22:21,37.29,--,11,41019,卖盘
544,13:22:06,37.29,--,1,3729,卖盘
545,13:21:57,37.29,0.01,6,23791,买盘
546,13:21:54,37.28,--,2,7456,卖盘
547,13:21:51,37.28,-0.01,21,78288,卖盘
548,13:21:45,37.29,0.01,1,3729,买盘
549,13:21:39,37.28,-0.01,1,3728,卖盘
550,13:21:36,37.29,0.01,1,3729,买盘
551,13:21:33,37.28,--,5,18640,卖盘
552,13:21:18,37.28,0.12,33,123024,买盘
553,13:20:48,37.16,-0.12,11,40875,卖盘
554,13:20:45,37.28,--,9,33552,买盘
555,13:20:42,37.28,--,7,26096,卖盘
556,13:20:33,37.28,-0.01,2,7456,卖盘
557,13:20:30,37.29,0.01,4,14916,买盘
558,13:20:21,37.28,0.12,11,41008,买盘
559,13:20:18,37.16,-0.12,13,48307,卖盘
560,13:19:57,37.28,0.12,2,7456,买盘
561,13:19:48,37.16,-0.13,17,63171,卖盘
562,13:19:27,37.29,0.14,4,14916,中性盘
563,13:19:15,37.15,--,12,44580,卖盘
564,13:19:09,37.15,-0.15,20,74300,卖盘
565,13:18:57,37.3,0.14,18,67140,买盘
566,13:18:48,37.16,0.01,45,167219,中性盘
567,13:18:27,37.15,--,1,3715,卖盘
568,13:18:24,37.15,-0.05,1,3715,卖盘
569,13:18:18,37.2,0.05,50,186000,买盘
570,13:18:15,37.15,-0.04,1,3715,卖盘
571,13:18:12,37.19,0.06,4,14876,买盘
572,13:18:00,37.13,0.03,2,7426,买盘
573,13:17:57,37.1,--,20,74200,卖盘
574,13:17:45,37.1,--,1,3710,卖盘
575,13:17:42,37.1,--,0,1669,买盘
576,13:17:39,37.1,--,90,333900,买盘
577,13:17:30,37.1,0.04,6,22260,买盘
578,13:17:18,37.06,0.06,1,3706,买盘
579,13:17:15,37.0,-0.01,51,188700,卖盘
580,13:16:45,37.01,-0.09,1,3701,中性盘
581,13:16:18,37.1,0.09,47,174370,买盘
582,13:16:15,37.01,0.01,1,3701,中性盘
583,13:16:05,37.0,-0.1,2,7400,卖盘
584,13:15:50,37.1,--,3,11130,买盘
585,13:15:26,37.1,0.1,115,426650,买盘
586,13:15:20,37.0,--,1,3700,买盘
587,13:15:11,37.0,--,2,7400,买盘
588,13:14:56,37.0,-0.07,24,88800,卖盘
589,13:14:14,37.07,0.07,50,185350,买盘
590,13:14:11,37.0,-0.07,6,22200,卖盘
591,13:14:05,37.07,0.01,43,159401,买盘
592,13:13:41,37.06,--,8,29648,买盘
593,13:13:32,37.06,0.06,1,3706,买盘
594,13:13:17,37.0,-0.05,2,7400,卖盘
595,13:13:11,37.05,--,6,22230,卖盘
596,13:13:05,37.05,-0.01,1,3704,卖盘
597,13:12:50,37.06,0.01,3,11118,买盘
598,13:12:44,37.05,0.05,1,3704,买盘
599,13:12:41,37.0,--,6,22200,卖盘
600,13:12:11,37.0,--,1,3700,卖盘
601,13:11:41,37.0,--,1,3700,卖盘
602,13:11:17,37.0,-0.05,1,3700,卖盘
603,13:11:14,37.05,-0.01,2,7409,中性盘
604,13:11:11,37.06,0.06,1,3706,买盘
605,13:11:08,37.0,-0.06,1,3700,卖盘
606,13:11:02,37.06,--,1,3706,买盘
607,13:10:44,37.06,--,1,3706,买盘
608,13:10:38,37.06,--,5,18530,买盘
609,13:10:20,37.06,0.11,1,3706,买盘
610,13:10:14,36.95,-0.1,100,369500,卖盘
611,13:10:11,37.05,-0.01,1,3704,中性盘
612,13:09:56,37.06,--,2,7412,买盘
613,13:09:20,37.06,--,21,77826,卖盘
614,13:09:05,37.06,0.12,60,222360,中性盘
615,13:08:38,36.94,--,53,195782,卖盘
616,13:08:08,36.94,-0.15,53,195782,卖盘
617,13:07:50,37.09,0.15,13,48217,买盘
618,13:07:35,36.94,--,64,236416,卖盘
619,13:07:05,36.94,--,64,236416,卖盘
620,13:06:35,36.94,--,64,236416,卖盘
621,13:06:08,36.94,--,5,18470,卖盘
622,13:06:05,36.94,-0.15,30,110820,卖盘
623,13:06:02,37.09,0.15,1,3709,买盘
624,13:05:47,36.94,--,9,33246,卖盘
625,13:05:32,36.94,--,31,114514,卖盘
626,13:05:05,36.94,--,30,110820,卖盘
627,13:04:35,36.94,-0.16,30,110820,卖盘
628,13:04:05,37.1,0.16,63,233730,买盘
629,13:03:53,36.94,--,137,506077,卖盘
630,13:03:35,36.94,--,38,140372,卖盘
631,13:03:14,36.94,--,1,3694,卖盘
632,13:03:02,36.94,--,38,140372,卖盘
633,13:02:38,36.94,--,3,11082,卖盘
634,13:02:32,36.94,--,47,173618,卖盘
635,13:02:29,36.94,--,34,126482,买盘
636,13:02:17,36.94,--,100,369400,买盘
637,13:02:08,36.94,0.01,1,3694,买盘
638,13:01:59,36.93,-0.01,2,7386,卖盘
639,13:01:50,36.94,--,111,412841,卖盘
640,13:01:32,36.94,-0.01,47,173618,卖盘
641,13:01:23,36.95,--,2,7390,买盘
642,13:01:20,36.95,--,3,11085,中性盘
643,13:01:02,36.95,--,3,11085,买盘
644,13:00:50,36.95,--,9,33255,买盘
645,13:00:29,36.95,--,2,7390,买盘
646,13:00:11,36.95,--,46,169970,买盘
647,13:00:05,36.95,--,148,546860,卖盘
648,11:29:57,36.95,-0.05,3,11085,卖盘
649,11:29:54,37.0,0.06,1,3700,买盘
650,11:29:45,36.94,--,26,96044,卖盘
651,11:29:12,36.94,--,27,99738,卖盘
652,11:28:54,36.94,--,1,3694,卖盘
653,11:28:42,36.94,-0.06,27,99738,卖盘
654,11:28:12,37.0,0.06,1,3700,买盘
655,11:28:09,36.94,-0.06,27,99738,卖盘
656,11:28:03,37.0,0.06,1,3700,买盘
657,11:28:00,36.94,-0.06,10,36940,卖盘
658,11:27:42,37.0,0.06,1,3700,买盘
659,11:27:39,36.94,--,27,99738,卖盘
660,11:27:15,36.94,--,38,140372,卖盘
661,11:26:39,36.94,-0.01,38,140372,卖盘
662,11:26:30,36.95,--,3,11085,卖盘
663,11:26:09,36.95,--,38,140410,卖盘
664,11:25:36,36.95,0.01,18,67396,中性盘
665,11:25:09,36.94,-0.16,3,11082,卖盘
666,11:25:06,37.1,--,2,7420,买盘
667,11:24:54,37.1,--,3,11130,买盘
668,11:24:39,37.1,0.16,4,14840,买盘
669,11:24:36,36.94,-0.16,12,44328,卖盘
670,11:24:30,37.1,0.16,5,18550,买盘
671,11:24:18,36.94,-0.16,18,66492,中性盘
672,11:24:09,37.1,0.16,54,200340,买盘
673,11:23:36,36.94,-0.16,51,188394,卖盘
674,11:23:09,37.1,0.16,1,3710,买盘
675,11:23:06,36.94,--,54,199476,卖盘
676,11:22:48,36.94,--,12,45583,买盘
677,11:22:39,36.94,--,60,221640,买盘
678,11:22:36,36.94,--,56,209302,卖盘
679,11:22:18,36.94,--,43,160097,买盘
680,11:22:15,36.94,0.01,2,7388,买盘
681,11:22:12,36.93,-0.01,1,3693,卖盘
682,11:22:03,36.94,--,44,164974,卖盘
683,11:21:54,36.94,--,2,7388,卖盘
684,11:21:39,36.94,--,244,901336,卖盘
685,11:21:36,36.94,-0.06,89,328766,卖盘
686,11:21:24,37.0,0.05,45,166500,买盘
687,11:21:09,36.95,0.01,1,3695,卖盘
688,11:21:03,36.94,--,58,214252,卖盘
689,11:20:54,36.94,--,58,214252,卖盘
690,11:20:32,36.94,-0.06,56,206864,卖盘
691,11:20:29,37.0,0.04,100,370000,买盘
692,11:20:26,36.96,-0.04,4,14784,卖盘
693,11:20:14,37.0,0.04,6,22200,买盘
694,11:19:59,36.96,--,56,206976,卖盘
695,11:19:44,36.96,--,3,11088,卖盘
696,11:19:29,36.96,-0.1,2,7392,卖盘
697,11:19:05,37.06,0.1,5,18530,买盘
698,11:18:59,36.96,0.02,2,7392,卖盘
699,11:18:53,36.94,-0.02,45,166230,卖盘
700,11:18:41,36.96,--,2,7392,中性盘
701,11:18:23,36.96,0.02,10,36960,买盘
702,11:18:14,36.94,--,100,369400,卖盘
703,11:18:08,36.94,-0.02,2,7388,卖盘
704,11:17:59,36.96,0.02,1,3696,中性盘
705,11:17:32,36.94,-0.02,42,155148,卖盘
706,11:17:29,36.96,--,3,11088,卖盘
707,11:17:20,36.96,-0.14,3,11088,中性盘
708,11:16:35,37.1,--,1,3710,买盘
709,11:16:29,37.1,0.15,1,3710,买盘
710,11:16:29,36.95,--,68,251260,卖盘
711,11:15:59,36.95,-0.01,77,284515,卖盘
712,11:15:53,36.96,-0.14,26,96096,卖盘
713,11:15:44,37.1,--,3,11130,买盘
714,11:15:41,37.1,0.1,2,7420,买盘
715,11:15:38,37.0,0.05,8,29600,买盘
716,11:15:26,36.95,-0.01,68,251260,卖盘
717,11:15:17,36.96,--,16,59136,卖盘
718,11:15:11,36.96,0.01,1,3696,卖盘
719,11:15:02,36.95,-0.01,15,55425,卖盘
720,11:14:56,36.96,--,1,3696,卖盘
721,11:14:53,36.96,0.01,6,22176,中性盘
722,11:14:14,36.95,-0.15,47,173665,卖盘
723,11:14:05,37.1,--,3,11130,卖盘
724,11:14:02,37.1,0.15,7,25970,买盘
725,11:13:50,36.95,-0.01,158,583810,卖盘
726,11:13:35,36.96,-0.04,30,110880,卖盘
727,11:13:26,37.0,--,1,3700,卖盘
728,11:13:23,37.0,0.05,89,329300,买盘
729,11:13:11,36.95,-0.01,7,28968,卖盘
730,11:12:59,36.96,--,3,11088,中性盘
731,11:12:53,36.96,-0.04,5,18480,卖盘
732,11:12:47,37.0,0.04,14,51800,买盘
733,11:12:38,36.96,--,2,7392,卖盘
734,11:12:29,36.96,--,1,3696,卖盘
735,11:12:26,36.96,-0.04,3,11088,卖盘
736,11:12:23,37.0,0.04,6,22200,买盘
737,11:12:20,36.96,--,2,7392,卖盘
738,11:12:14,36.96,-0.04,2,7392,卖盘
739,11:12:11,37.0,0.04,3,11100,买盘
740,11:12:05,36.96,-0.04,6,22176,卖盘
741,11:11:56,37.0,0.02,20,74000,买盘
742,11:11:47,36.98,--,1,3697,卖盘
743,11:11:41,36.98,--,3,11093,卖盘
744,11:11:32,36.98,--,5,18490,卖盘
745,11:11:29,36.98,--,3,11093,卖盘
746,11:11:26,36.98,--,3,11093,卖盘
747,11:11:11,36.98,0.01,2,7395,卖盘
748,11:10:56,36.97,-0.01,1,3697,中性盘
749,11:10:53,36.98,--,1,3697,买盘
750,11:10:41,36.98,0.02,1,3697,买盘
751,11:10:35,36.96,-0.01,1,3696,卖盘
752,11:10:26,36.97,--,1,3697,卖盘
753,11:10:17,36.97,-0.01,1,3697,中性盘
754,11:09:32,36.98,0.01,1,3697,买盘
755,11:09:23,36.97,--,3,11091,卖盘
756,11:09:14,36.97,--,1,3697,卖盘
757,11:08:56,36.97,-0.02,3,11091,卖盘
758,11:08:44,36.99,0.02,3,11097,买盘
759,11:08:41,36.97,--,6,22182,卖盘
760,11:08:23,36.97,--,3,11091,卖盘
761,11:08:14,36.97,0.01,5,18485,中性盘
762,11:07:38,36.96,--,5,18480,卖盘
763,11:07:23,36.96,--,1,3696,卖盘
764,11:07:14,36.96,--,9,33264,卖盘
765,11:07:02,36.96,--,1,3696,卖盘
766,11:06:56,36.96,--,2,7392,卖盘
767,11:06:50,36.96,-0.01,9,33264,卖盘
768,11:06:35,36.97,-0.02,29,107213,卖盘
769,11:06:29,36.99,--,1,3699,卖盘
770,11:06:26,36.99,--,3,11097,卖盘
771,11:06:23,36.99,--,100,369900,卖盘
772,11:06:17,36.99,--,1,3699,卖盘
773,11:06:14,36.99,--,11,40689,卖盘
774,11:06:05,36.99,--,1,3699,卖盘
775,11:06:02,36.99,--,38,140562,卖盘
776,11:05:44,36.99,--,1,3699,卖盘
777,11:05:35,36.99,-0.01,1,3699,卖盘
778,11:05:29,37.0,--,13,48100,卖盘
779,11:05:23,37.0,-0.01,11,40700,卖盘
780,11:05:14,37.01,--,1,3701,卖盘
781,11:05:08,37.01,0.01,4,14804,买盘
782,11:04:59,37.0,--,6,22200,卖盘
783,11:04:50,37.0,-0.01,1,3700,卖盘
784,11:04:47,37.01,0.01,9,33309,买盘
785,11:04:38,37.0,--,1,3700,卖盘
786,11:04:29,37.0,--,3,11100,卖盘
787,11:04:17,37.0,-0.01,1,3700,卖盘
788,11:04:14,37.01,0.01,4,14804,买盘
789,11:04:08,37.0,--,1,3700,卖盘
790,11:03:56,37.0,--,1,3700,卖盘
791,11:03:53,37.0,--,1,3700,卖盘
792,11:03:44,37.0,--,1,3700,卖盘
793,11:03:41,37.0,--,2,7400,卖盘
794,11:03:32,37.0,--,5,18500,卖盘
795,11:03:26,37.0,--,1,3700,卖盘
796,11:03:23,37.0,--,1,3700,卖盘
797,11:03:20,37.0,-0.01,14,51800,卖盘
798,11:03:17,37.01,--,1,3701,卖盘
799,11:03:11,37.01,--,1,3701,卖盘
800,11:03:02,37.01,--,5,18505,卖盘
801,11:02:47,37.01,0.01,16,59216,中性盘
802,11:02:38,37.0,--,1,3700,卖盘
803,11:02:35,37.0,-0.1,1,3700,卖盘
804,11:02:29,37.1,--,4,14840,卖盘
805,11:02:26,37.1,0.1,1,3710,中性盘
806,11:02:17,37.0,--,15,55500,卖盘
807,11:02:05,37.0,--,1,3700,卖盘
808,11:01:50,37.0,--,27,99900,卖盘
809,11:01:41,37.0,--,1,3700,卖盘
810,11:01:32,37.0,--,1,3700,卖盘
811,11:01:22,37.0,--,4,14800,卖盘
812,11:01:19,37.0,--,1,3700,卖盘
813,11:01:16,37.0,--,27,99900,卖盘
814,11:01:13,37.0,--,2,7400,卖盘
815,11:01:10,37.0,--,1,3700,卖盘
816,11:00:58,37.0,--,4,14800,卖盘
817,11:00:46,37.0,--,30,111000,卖盘
818,11:00:37,37.0,--,1,3700,卖盘
819,11:00:31,37.0,--,36,133200,卖盘
820,11:00:22,37.0,--,1,3700,卖盘
821,11:00:16,37.0,--,1,3700,卖盘
822,11:00:13,37.0,--,3,11100,卖盘
823,11:00:01,37.0,-0.11,4,14800,卖盘
824,10:59:52,37.11,0.11,2,7422,买盘
825,10:59:46,37.0,0.01,3,11100,中性盘
826,10:59:37,36.99,--,6,22194,卖盘
827,10:59:31,36.99,-0.01,7,25893,卖盘
828,10:59:19,37.0,0.01,2,7400,中性盘
829,10:59:10,36.99,--,2,7398,卖盘
830,10:59:07,36.99,--,1,3699,卖盘
831,10:59:01,36.99,-0.01,5,18495,卖盘
832,10:58:55,37.0,-0.11,1,3700,卖盘
833,10:58:49,37.11,0.12,10,37110,买盘
834,10:58:46,36.99,--,6,22194,卖盘
835,10:58:37,36.99,--,1,3699,卖盘
836,10:58:34,36.99,-0.01,15,55485,卖盘
837,10:58:25,37.0,-0.11,1,3700,卖盘
838,10:58:22,37.11,--,1,3711,买盘
839,10:58:19,37.11,0.11,3,11133,买盘
840,10:58:13,37.0,0.01,1,3700,中性盘
841,10:58:04,36.99,--,2,7398,卖盘
842,10:57:55,36.99,-0.12,1,3699,卖盘
843,10:57:52,37.11,0.12,4,14844,买盘
844,10:57:46,36.99,--,1,3699,卖盘
845,10:57:40,36.99,--,2,7398,卖盘
846,10:57:34,36.99,--,1,3699,卖盘
847,10:57:28,36.99,--,1,3699,卖盘
848,10:57:19,36.99,--,2,7398,卖盘
849,10:57:16,36.99,--,1,3699,卖盘
850,10:57:04,36.99,0.03,2,7398,买盘
851,10:57:01,36.96,--,1,3696,卖盘
852,10:56:52,36.96,--,1,3696,卖盘
853,10:56:49,36.96,0.01,2,7392,卖盘
854,10:56:46,36.95,-0.01,5,18475,卖盘
855,10:56:43,36.96,--,1,3696,卖盘
856,10:56:37,36.96,0.01,11,40656,买盘
857,10:56:34,36.95,-0.01,1,3695,卖盘
858,10:56:22,36.96,-0.14,1,3696,卖盘
859,10:56:16,37.1,0.14,4,14840,买盘
860,10:56:07,36.96,--,1,3696,卖盘
861,10:56:01,36.96,--,1,3696,卖盘
862,10:55:55,36.96,-0.07,2,7392,卖盘
863,10:55:52,37.03,0.07,4,14812,买盘
864,10:55:49,36.96,0.01,6,22176,中性盘
865,10:55:34,36.95,-0.04,17,62815,卖盘
866,10:55:28,36.99,0.04,2,7398,买盘
867,10:55:16,36.95,--,1,3695,卖盘
868,10:55:10,36.95,-0.05,58,214310,卖盘
869,10:55:07,37.0,--,1,3700,卖盘
870,10:54:55,37.0,0.05,18,68450,买盘
871,10:54:46,36.95,0.01,2,7390,买盘
872,10:54:43,36.94,-0.06,51,188394,卖盘
873,10:54:40,37.0,--,100,370000,买盘
874,10:54:37,37.0,0.01,7,25900,买盘
875,10:54:34,36.99,0.04,1,3699,中性盘
876,10:54:28,36.95,-0.04,15,55425,卖盘
877,10:54:22,36.99,0.02,6,22194,买盘
878,10:54:16,36.97,0.02,3,11091,中性盘
879,10:54:13,36.95,-0.02,46,169970,卖盘
880,10:54:01,36.97,--,1,3697,卖盘
881,10:53:55,36.97,0.02,7,25879,买盘
882,10:53:52,36.95,--,1,3695,卖盘
883,10:53:49,36.95,--,1,3695,卖盘
884,10:53:46,36.95,--,45,166275,卖盘
885,10:53:37,36.95,--,1,3695,卖盘
886,10:53:34,36.95,--,10,36950,卖盘
887,10:53:25,36.95,-0.02,1,3695,卖盘
888,10:53:16,36.97,0.02,8,29576,买盘
889,10:53:10,36.95,-0.01,5,18475,卖盘
890,10:53:04,36.96,0.01,1,3696,中性盘
891,10:52:55,36.95,-0.04,1,3695,卖盘
892,10:52:52,36.99,--,3,11097,买盘
893,10:52:49,36.99,0.04,1,3699,买盘
894,10:52:43,36.95,--,1,3695,卖盘
895,10:52:40,36.95,-0.04,6,22170,卖盘
896,10:52:34,36.99,--,4,14796,卖盘
897,10:52:28,36.99,--,3,11097,卖盘
898,10:52:25,36.99,-0.01,5,18495,卖盘
899,10:52:22,37.0,0.01,13,48100,买盘
900,10:52:19,36.99,-0.01,1,3699,卖盘
901,10:52:16,37.0,--,11,40700,买盘
902,10:52:10,37.0,-0.02,21,79550,卖盘
903,10:52:07,37.02,0.02,6,22212,买盘
904,10:51:58,37.0,--,19,70300,卖盘
905,10:51:46,37.0,--,3,11100,卖盘
906,10:51:43,37.0,--,56,207200,卖盘
907,10:51:40,37.0,--,7,25900,卖盘
908,10:51:37,37.0,--,1,3700,卖盘
909,10:51:34,37.0,--,7,27750,卖盘
910,10:51:28,37.0,--,6,22200,卖盘
911,10:51:16,37.0,--,16,59200,卖盘
912,10:51:13,37.0,--,1,3700,卖盘
913,10:51:10,37.0,--,1,3700,卖盘
914,10:51:07,37.0,-0.02,19,70300,卖盘
915,10:51:04,37.02,--,1,3702,卖盘
916,10:51:01,37.02,--,1,3702,卖盘
917,10:50:55,37.02,--,3,11106,卖盘
918,10:50:52,37.02,-0.01,1,3702,卖盘
919,10:50:46,37.03,0.01,10,37030,买盘
920,10:50:43,37.02,--,1,3702,卖盘
921,10:50:40,37.02,--,27,99954,卖盘
922,10:50:37,37.02,-0.01,2,7404,卖盘
923,10:50:34,37.03,0.01,3,11109,买盘
924,10:50:31,37.02,--,2,7404,卖盘
925,10:50:25,37.02,--,2,7404,卖盘
926,10:50:22,37.02,-0.01,3,11106,卖盘
927,10:50:19,37.03,0.01,1,3703,买盘
928,10:50:16,37.02,-0.01,3,11106,卖盘
929,10:50:10,37.03,0.01,6,22218,买盘
930,10:50:07,37.02,--,3,11106,卖盘
931,10:50:04,37.02,--,8,29616,卖盘
932,10:49:58,37.02,--,9,33318,卖盘
933,10:49:55,37.02,--,20,74040,卖盘
934,10:49:52,37.02,-0.01,8,29616,卖盘
935,10:49:46,37.03,--,7,25921,买盘
936,10:49:43,37.03,-0.07,15,55545,中性盘
937,10:49:40,37.1,0.06,12,44520,买盘
938,10:49:37,37.04,0.01,7,25928,买盘
939,10:49:34,37.03,--,19,70357,买盘
940,10:49:31,37.03,0.01,20,74060,买盘
941,10:49:25,37.02,--,4,14808,卖盘
942,10:49:22,37.02,--,5,18510,卖盘
943,10:49:19,37.02,--,12,44424,卖盘
944,10:49:13,37.02,--,9,33318,卖盘
945,10:49:10,37.02,--,5,18510,卖盘
946,10:49:01,37.02,--,4,14808,卖盘
947,10:48:58,37.02,--,14,51828,卖盘
948,10:48:52,37.02,--,5,18510,卖盘
949,10:48:46,37.02,-0.01,4,14808,卖盘
950,10:48:40,37.03,--,19,70357,卖盘
951,10:48:37,37.03,-0.01,7,25921,卖盘
952,10:48:31,37.04,0.01,2,7408,买盘
953,10:48:22,37.03,--,23,85169,卖盘
954,10:48:19,37.03,--,1,3703,卖盘
955,10:48:10,37.03,-0.01,38,140714,卖盘
956,10:48:07,37.04,0.01,2,7408,买盘
957,10:48:01,37.03,--,1,3703,卖盘
958,10:47:58,37.03,-0.01,1,3703,卖盘
959,10:47:46,37.04,0.01,30,111120,买盘
960,10:47:40,37.03,-0.01,37,137011,卖盘
961,10:47:37,37.04,0.01,2,7408,买盘
962,10:47:34,37.03,--,1,3703,卖盘
963,10:47:25,37.03,--,1,3703,卖盘
964,10:47:13,37.03,--,1,3703,卖盘
965,10:47:01,37.03,--,1,3703,卖盘
966,10:46:52,37.03,--,1,3703,卖盘
967,10:46:49,37.03,--,3,11109,卖盘
968,10:46:37,37.03,-0.01,16,59248,卖盘
969,10:46:34,37.04,0.01,2,7408,买盘
970,10:46:28,37.03,-0.01,3,11109,卖盘
971,10:46:19,37.04,0.01,5,18520,买盘
972,10:46:16,37.03,--,5,18515,卖盘
973,10:46:07,37.03,-0.01,1,3703,卖盘
974,10:46:04,37.04,--,22,81488,卖盘
975,10:46:01,37.04,--,3,11112,卖盘
976,10:45:58,37.04,--,1,3704,卖盘
977,10:45:55,37.04,--,1,3704,卖盘
978,10:45:46,37.04,--,1,3704,卖盘
979,10:45:40,37.04,--,3,11112,卖盘
980,10:45:31,37.04,--,1,3704,卖盘
981,10:45:22,37.04,--,1,3704,卖盘
982,10:45:10,37.04,--,1,3704,卖盘
983,10:45:07,37.04,-0.07,3,11112,卖盘
984,10:45:04,37.11,0.08,20,74220,买盘
985,10:44:49,37.03,-0.08,1,3703,卖盘
986,10:44:46,37.11,0.08,2,7422,买盘
987,10:44:40,37.03,--,1,3703,卖盘
988,10:44:37,37.03,-0.08,3,11109,卖盘
989,10:44:31,37.11,0.08,1,3711,买盘
990,10:44:25,37.03,-0.08,1,3703,卖盘
991,10:44:16,37.11,--,2,7422,卖盘
992,10:44:07,37.11,--,1,3711,卖盘
993,10:44:04,37.11,--,1,3711,卖盘
994,10:43:58,37.11,0.08,1,3711,中性盘
995,10:43:43,37.03,-0.17,1,3703,卖盘
996,10:43:40,37.2,--,2,7440,买盘
997,10:43:34,37.2,0.17,2,7440,买盘
998,10:43:19,37.03,-0.17,1,3703,卖盘
999,10:43:16,37.2,--,1,3720,买盘
1000,10:43:13,37.2,0.17,2,7440,买盘
1001,10:43:10,37.03,--,2,7406,中性盘
1002,10:42:58,37.03,--,1,3703,中性盘
1003,10:42:49,37.03,-0.17,1,3703,卖盘
1004,10:42:46,37.2,--,1,3720,买盘
1005,10:42:43,37.2,0.18,2,7440,买盘
1006,10:42:37,37.02,-0.22,19,70338,卖盘
1007,10:42:25,37.24,0.19,52,193648,买盘
1008,10:42:16,37.05,-0.16,1,3704,卖盘
1009,10:42:13,37.21,0.01,12,44652,买盘
1010,10:42:07,37.2,0.15,2,7440,买盘
1011,10:42:04,37.05,-0.15,19,70395,卖盘
1012,10:42:01,37.2,0.14,9,33480,买盘
1013,10:41:55,37.06,--,1,3706,卖盘
1014,10:41:52,37.06,--,1,3706,卖盘
1015,10:41:46,37.06,0.02,3,11118,中性盘
1016,10:41:43,37.04,0.01,1,3704,中性盘
1017,10:41:34,37.03,-0.01,18,66654,卖盘
1018,10:41:31,37.04,-0.17,1,3704,卖盘
1019,10:41:22,37.21,0.01,2,7442,买盘
1020,10:41:15,37.2,-0.01,2,7440,买盘
1021,10:41:12,37.21,--,3,12018,卖盘
1022,10:41:09,37.21,--,12,44652,卖盘
1023,10:41:06,37.21,-0.03,25,93025,卖盘
1024,10:41:03,37.24,0.03,51,189924,买盘
1025,10:40:57,37.21,-0.03,11,40931,卖盘
1026,10:40:54,37.24,--,1,3724,买盘
1027,10:40:48,37.24,0.03,2,7448,买盘
1028,10:40:45,37.21,--,1,3721,卖盘
1029,10:40:39,37.21,0.19,59,222404,买盘
1030,10:40:36,37.02,-0.06,1,3702,卖盘
1031,10:40:33,37.08,0.04,8,29664,中性盘
1032,10:40:24,37.04,-0.11,32,119379,卖盘
1033,10:40:21,37.15,--,9,33435,卖盘
1034,10:40:12,37.15,--,2,7430,卖盘
1035,10:40:09,37.15,0.13,173,645555,买盘
1036,10:40:06,37.02,-0.01,20,74040,卖盘
1037,10:40:03,37.03,0.01,2,7406,中性盘
1038,10:39:57,37.02,--,23,85146,卖盘
1039,10:39:54,37.02,--,15,55530,卖盘
1040,10:39:39,37.02,-0.01,4,14808,卖盘
1041,10:39:30,37.03,-0.12,1,3703,卖盘
1042,10:39:24,37.15,--,1,4569,卖盘
1043,10:39:21,37.15,--,11,40865,卖盘
1044,10:39:15,37.15,--,2,7430,卖盘
1045,10:39:09,37.15,--,0,1857,卖盘
1046,10:39:06,37.15,--,10,37150,卖盘
1047,10:39:03,37.15,--,24,89160,卖盘
1048,10:39:00,37.15,--,3,11145,卖盘
1049,10:38:57,37.15,0.11,78,290773,买盘
1050,10:38:39,37.04,-0.01,22,84191,卖盘
1051,10:38:33,37.05,0.01,64,237119,买盘
1052,10:38:21,37.04,-0.01,100,370400,卖盘
1053,10:38:12,37.05,--,5,18525,卖盘
1054,10:38:06,37.05,--,30,111149,卖盘
1055,10:38:03,37.05,--,23,85215,卖盘
1056,10:37:57,37.05,--,50,185250,卖盘
1057,10:37:48,37.05,--,11,40755,卖盘
1058,10:37:30,37.05,--,23,85215,卖盘
1059,10:37:12,37.05,-0.11,4,14819,卖盘
1060,10:37:06,37.16,-0.01,1,3715,中性盘
1061,10:36:48,37.17,0.12,4,14868,买盘
1062,10:36:33,37.05,-0.16,91,338155,卖盘
1063,10:36:21,37.21,--,29,107909,卖盘
1064,10:36:15,37.21,--,11,40931,卖盘
1065,10:36:12,37.21,-0.03,28,104188,卖盘
1066,10:36:09,37.24,0.03,1,3724,买盘
1067,10:35:54,37.21,--,1,3721,卖盘
1068,10:35:51,37.21,-0.04,12,44652,卖盘
1069,10:35:42,37.25,--,5,18625,买盘
1070,10:35:21,37.25,-0.01,9,33525,卖盘
1071,10:35:12,37.26,-0.01,14,52164,卖盘
1072,10:35:09,37.27,0.01,1,3727,买盘
1073,10:35:06,37.26,--,1,3726,卖盘
1074,10:34:57,37.26,0.01,11,40986,买盘
1075,10:34:48,37.25,-0.01,1,3725,卖盘
1076,10:34:39,37.26,--,13,48438,卖盘
1077,10:34:12,37.26,-0.01,1,3726,卖盘
1078,10:33:48,37.27,--,2,7454,卖盘
1079,10:33:33,37.27,--,1,3727,卖盘
1080,10:33:30,37.27,--,1,3727,卖盘
1081,10:33:24,37.27,--,2,7454,卖盘
1082,10:33:12,37.27,-0.03,3,11181,卖盘
1083,10:32:48,37.3,--,3,11190,卖盘
1084,10:32:39,37.3,--,1,3729,卖盘
1085,10:32:30,37.3,-0.01,5,18650,卖盘
1086,10:32:03,37.31,-0.01,1,3731,卖盘
1087,10:32:00,37.32,--,2,7464,买盘
1088,10:31:54,37.32,--,7,26124,卖盘
1089,10:31:51,37.32,--,9,33588,卖盘
1090,10:31:45,37.32,--,5,18660,卖盘
1091,10:31:42,37.32,0.01,16,59712,买盘
1092,10:31:39,37.31,-0.01,1,3731,卖盘
1093,10:31:33,37.32,0.01,4,14928,买盘
1094,10:31:30,37.31,--,1,3731,卖盘
1095,10:31:27,37.31,-0.01,5,18655,卖盘
1096,10:31:24,37.32,0.03,29,108228,买盘
1097,10:31:09,37.29,-0.03,3,11187,卖盘
1098,10:31:06,37.32,0.01,2,7464,买盘
1099,10:31:03,37.31,-0.01,5,18655,中性盘
1100,10:30:45,37.32,--,1,3732,买盘
1101,10:30:42,37.32,--,2,7464,买盘
1102,10:30:33,37.32,0.05,8,29856,买盘
1103,10:30:30,37.27,-0.03,3,11181,卖盘
1104,10:30:27,37.3,--,8,29839,卖盘
1105,10:30:21,37.3,-0.02,6,22380,卖盘
1106,10:30:18,37.32,0.02,38,141816,买盘
1107,10:30:12,37.3,-0.01,2,7459,中性盘
1108,10:30:06,37.31,0.01,23,85813,买盘
1109,10:30:03,37.3,0.08,2,7459,买盘
1110,10:30:00,37.22,-0.08,3,11166,卖盘
1111,10:29:51,37.3,0.08,1,3729,中性盘
1112,10:29:45,37.22,--,4,14888,卖盘
1113,10:29:36,37.22,--,1,3722,卖盘
1114,10:29:33,37.22,0.01,5,18610,买盘
1115,10:29:27,37.21,--,1,3721,卖盘
1116,10:29:18,37.21,--,12,44652,卖盘
1117,10:29:15,37.21,0.11,33,122793,买盘
1118,10:29:03,37.1,0.06,1,3710,买盘
1119,10:29:00,37.04,-0.06,1,3704,中性盘
1120,10:28:48,37.1,--,5,18550,买盘
1121,10:28:42,37.1,0.08,1,3710,买盘
1122,10:28:30,37.02,-0.08,1,3702,卖盘
1123,10:28:27,37.1,--,3,11130,买盘
1124,10:28:06,37.1,0.11,2,7420,买盘
1125,10:27:57,36.99,--,1,3699,卖盘
1126,10:27:27,36.99,-0.1,1,3699,卖盘
1127,10:27:21,37.09,--,2,7418,买盘
1128,10:27:18,37.09,0.1,1,3709,买盘
1129,10:27:15,36.99,--,1,3699,卖盘
1130,10:27:06,36.99,0.03,2,7398,买盘
1131,10:26:57,36.96,-0.03,1,3696,卖盘
1132,10:26:36,36.99,0.03,1,3699,中性盘
1133,10:26:21,36.96,-0.18,2,7392,卖盘
1134,10:26:15,37.14,--,1,3714,买盘
1135,10:26:00,37.14,0.04,1,3714,买盘
1136,10:25:57,37.1,-0.04,3,11130,卖盘
1137,10:25:51,37.14,--,1,3714,买盘
1138,10:25:45,37.14,--,4,14856,买盘
1139,10:25:42,37.14,-0.01,8,29712,中性盘
1140,10:25:27,37.15,-0.01,4,14860,卖盘
1141,10:25:06,37.16,--,1,3715,买盘
1142,10:25:03,37.16,--,3,11147,卖盘
1143,10:24:57,37.16,-0.03,14,52023,卖盘
1144,10:24:51,37.19,0.04,2,7438,买盘
1145,10:24:42,37.15,0.22,10,37150,买盘
1146,10:24:27,36.93,-0.26,44,162492,卖盘
1147,10:24:18,37.19,0.26,6,22314,中性盘
1148,10:23:57,36.93,-0.07,15,55395,卖盘
1149,10:23:51,37.0,0.01,39,144300,买盘
1150,10:23:39,36.99,0.01,1,3699,买盘
1151,10:23:36,36.98,--,10,36980,卖盘
1152,10:23:33,36.98,--,1,3697,卖盘
1153,10:23:27,36.98,--,2,7395,卖盘
1154,10:23:24,36.98,0.03,28,103543,买盘
1155,10:23:03,36.95,0.02,6,22170,卖盘
1156,10:23:00,36.93,--,1,3693,卖盘
1157,10:22:57,36.93,--,14,51702,卖盘
1158,10:22:27,36.93,0.02,3,11079,买盘
1159,10:22:21,36.91,-0.02,31,114420,卖盘
1160,10:22:05,36.93,0.02,1,3693,买盘
1161,10:21:56,36.91,-0.04,2,7381,卖盘
1162,10:21:26,36.95,0.04,1,3695,买盘
1163,10:21:23,36.91,-0.04,2,7381,卖盘
1164,10:21:14,36.95,--,9,33255,买盘
1165,10:21:11,36.95,--,5,18475,买盘
1166,10:21:08,36.95,--,5,18475,买盘
1167,10:21:02,36.95,--,64,236480,卖盘
1168,10:20:59,36.95,-0.01,11,40645,卖盘
1169,10:20:47,36.96,0.01,1,3696,买盘
1170,10:20:44,36.95,0.04,43,158885,买盘
1171,10:20:38,36.91,-0.04,1,3690,中性盘
1172,10:20:35,36.95,--,3,11085,买盘
1173,10:20:14,36.95,0.05,5,18475,买盘
1174,10:20:11,36.9,--,3,11070,买盘
1175,10:20:05,36.9,-0.07,2,7380,卖盘
1176,10:19:38,36.97,0.08,7,25879,买盘
1177,10:19:26,36.89,-0.06,101,372589,卖盘
1178,10:19:23,36.95,0.05,4,14780,买盘
1179,10:18:56,36.9,0.01,3,11070,买盘
1180,10:18:53,36.89,--,13,47957,中性盘
1181,10:18:41,36.89,0.09,10,36890,买盘
1182,10:18:23,36.8,0.08,28,103039,买盘
1183,10:18:11,36.72,--,2,8702,买盘
1184,10:18:05,36.72,--,10,36720,买盘
1185,10:17:53,36.72,--,21,77112,买盘
1186,10:17:47,36.72,--,1,3672,买盘
1187,10:17:44,36.72,0.04,143,525096,买盘
1188,10:17:35,36.68,--,18,66024,买盘
1189,10:17:32,36.68,0.05,10,36680,买盘
1190,10:17:23,36.63,--,1,3663,卖盘
1191,10:17:17,36.63,0.03,1,3663,中性盘
1192,10:16:50,36.6,0.01,240,881181,买盘
1193,10:16:44,36.59,--,1,3659,买盘
1194,10:16:35,36.59,0.01,1,3659,买盘
1195,10:16:23,36.58,--,1,3658,卖盘
1196,10:16:14,36.58,--,2,7316,买盘
1197,10:15:56,36.58,0.03,10,36580,买盘
1198,10:15:53,36.55,-0.03,1,3654,卖盘
1199,10:15:41,36.58,0.02,5,18290,买盘
1200,10:15:38,36.56,--,7,25592,买盘
1201,10:15:32,36.56,--,8,29248,买盘
1202,10:15:23,36.56,--,2,7312,买盘
1203,10:15:17,36.56,--,1,3656,买盘
1204,10:15:08,36.56,--,35,127960,买盘
1205,10:14:56,36.56,0.02,3,10968,买盘
1206,10:14:53,36.54,--,1,3654,卖盘
1207,10:14:38,36.54,--,2,7308,卖盘
1208,10:14:20,36.54,0.04,3,10962,中性盘
1209,10:14:11,36.5,-0.04,30,109500,卖盘
1210,10:14:05,36.54,0.04,17,62118,买盘
1211,10:13:53,36.5,--,30,109500,卖盘
1212,10:13:32,36.5,--,29,105850,卖盘
1213,10:13:20,36.5,--,31,113150,卖盘
1214,10:13:17,36.5,--,73,266450,卖盘
1215,10:13:05,36.5,--,3,10950,卖盘
1216,10:12:50,36.5,-0.03,32,116800,卖盘
1217,10:12:44,36.53,--,5,18265,买盘
1218,10:12:35,36.53,0.04,11,40183,买盘
1219,10:12:29,36.49,--,8,29192,买盘
1220,10:12:26,36.49,--,5,18245,买盘
1221,10:12:23,36.49,-0.01,153,558297,卖盘
1222,10:12:11,36.5,--,1,3650,卖盘
1223,10:11:53,36.5,--,1,3650,卖盘
1224,10:11:47,36.5,--,2,7300,卖盘
1225,10:11:44,36.5,--,5,18250,买盘
1226,10:11:38,36.5,-0.04,7,25550,卖盘
1227,10:11:35,36.54,0.06,32,116928,买盘
1228,10:11:29,36.48,-0.02,310,1131536,卖盘
1229,10:11:26,36.5,--,1,3650,买盘
1230,10:11:20,36.5,-0.04,74,270100,卖盘
1231,10:11:14,36.54,--,2,7308,买盘
1232,10:10:56,36.54,0.03,14,51156,买盘
1233,10:10:50,36.51,-0.03,13,47463,中性盘
1234,10:10:23,36.54,0.05,14,51156,买盘
1235,10:10:20,36.49,-0.06,96,350304,卖盘
1236,10:10:17,36.55,0.05,1,3654,买盘
1237,10:10:14,36.5,-0.05,4,14600,卖盘
1238,10:10:11,36.55,--,2,7309,买盘
1239,10:10:08,36.55,--,3,10965,买盘
1240,10:10:02,36.55,0.05,1,3654,买盘
1241,10:09:56,36.5,-0.04,27,98550,卖盘
1242,10:09:53,36.54,--,1,3654,卖盘
1243,10:09:50,36.54,-0.01,10,36540,卖盘
1244,10:09:44,36.55,0.01,2,7309,买盘
1245,10:09:26,36.54,0.04,87,317898,买盘
1246,10:09:23,36.5,--,15,54750,卖盘
1247,10:09:20,36.5,-0.03,11,40150,卖盘
1248,10:09:17,36.53,--,1,3653,买盘
1249,10:09:11,36.53,--,2,7306,买盘
1250,10:08:56,36.53,0.03,1,3653,买盘
1251,10:08:53,36.5,-0.03,15,54750,卖盘
1252,10:08:50,36.53,0.04,2,7306,买盘
1253,10:08:35,36.49,-0.01,10,36490,卖盘
1254,10:08:29,36.5,0.01,1,3650,买盘
1255,10:08:26,36.49,0.01,2,7298,中性盘
1256,10:08:17,36.48,--,31,113087,卖盘
1257,10:08:14,36.48,-0.02,80,291840,卖盘
1258,10:08:05,36.5,--,6,21900,买盘
1259,10:08:02,36.5,--,1,3650,买盘
1260,10:07:59,36.5,0.01,2,7300,买盘
1261,10:07:53,36.49,-0.01,23,83927,卖盘
1262,10:07:50,36.5,--,1,3650,买盘
1263,10:07:38,36.5,--,8,29200,买盘
1264,10:07:29,36.5,0.01,21,76650,中性盘
1265,10:07:20,36.49,-0.04,115,419635,卖盘
1266,10:07:05,36.53,--,1,3653,卖盘
1267,10:06:59,36.53,--,4,14612,买盘
1268,10:06:47,36.53,0.03,2,7306,买盘
1269,10:06:44,36.5,-0.03,30,109500,卖盘
1270,10:06:35,36.53,-0.01,1,3653,中性盘
1271,10:06:26,36.54,0.04,18,65772,买盘
1272,10:06:20,36.5,-0.04,15,54750,卖盘
1273,10:06:17,36.54,--,61,222894,买盘
1274,10:06:08,36.54,--,1,3654,买盘
1275,10:05:59,36.54,0.01,1,3654,买盘
1276,10:05:50,36.53,--,14,51142,卖盘
1277,10:05:41,36.53,0.01,66,241098,买盘
1278,10:05:26,36.52,--,19,69388,卖盘
1279,10:05:08,36.52,-0.02,3,10956,卖盘
1280,10:05:02,36.54,0.02,2,7308,买盘
1281,10:04:53,36.52,-0.02,1,3652,卖盘
1282,10:04:50,36.54,--,19,69426,买盘
1283,10:04:47,36.54,--,2,7308,买盘
1284,10:04:44,36.54,0.01,5,18270,买盘
1285,10:04:38,36.53,--,22,80366,卖盘
1286,10:04:26,36.53,--,21,76713,卖盘
1287,10:04:20,36.53,--,23,84019,买盘
1288,10:04:11,36.53,0.02,1,3653,买盘
1289,10:04:02,36.51,--,100,365100,卖盘
1290,10:03:56,36.51,0.01,11,40161,中性盘
1291,10:03:50,36.5,-0.02,90,328500,卖盘
1292,10:03:47,36.52,-0.02,5,18260,中性盘
1293,10:03:41,36.54,0.03,2,7308,中性盘
1294,10:03:35,36.51,-0.04,3,10953,卖盘
1295,10:03:29,36.55,0.04,1,3654,中性盘
1296,10:03:20,36.51,-0.08,2,7302,卖盘
1297,10:03:17,36.59,0.09,15,54885,买盘
1298,10:03:14,36.5,--,1,3650,卖盘
1299,10:03:11,36.5,--,30,109500,卖盘
1300,10:03:05,36.5,-0.01,12,43800,卖盘
1301,10:02:59,36.51,0.01,2,7302,中性盘
1302,10:02:50,36.5,-0.09,90,328500,卖盘
1303,10:02:44,36.59,0.04,1,3659,买盘
1304,10:02:41,36.55,--,8,29239,买盘
1305,10:02:34,36.55,--,3,10965,卖盘
1306,10:02:31,36.55,-0.05,2,7309,卖盘
1307,10:02:25,36.6,0.03,70,256200,买盘
1308,10:02:19,36.57,0.07,2,7314,买盘
1309,10:02:16,36.5,-0.07,60,219000,卖盘
1310,10:02:13,36.57,0.02,88,321816,买盘
1311,10:02:07,36.55,0.05,50,182750,买盘
1312,10:02:04,36.5,-0.03,103,375950,卖盘
1313,10:01:55,36.53,-0.04,65,237445,卖盘
1314,10:01:43,36.57,--,9,32913,卖盘
1315,10:01:40,36.57,-0.02,1,3657,卖盘
1316,10:01:34,36.59,-0.01,1,3659,中性盘
1317,10:01:25,36.6,-0.05,279,1022018,卖盘
1318,10:01:22,36.65,-0.01,29,106285,卖盘
1319,10:01:19,36.66,0.01,15,54989,买盘
1320,10:01:16,36.65,-0.01,6,21990,卖盘
1321,10:01:13,36.66,--,2,7331,买盘
1322,10:01:10,36.66,--,6,21995,买盘
1323,10:00:58,36.66,-0.02,27,98981,卖盘
1324,10:00:52,36.68,0.02,101,370468,买盘
1325,10:00:46,36.66,--,22,80651,卖盘
1326,10:00:40,36.66,--,1,3665,卖盘
1327,10:00:37,36.66,0.04,5,18330,买盘
1328,10:00:31,36.62,--,3,10986,买盘
1329,10:00:25,36.62,-0.03,7,25634,卖盘
1330,10:00:22,36.65,0.03,3,10995,买盘
1331,10:00:19,36.62,-0.03,5,18310,中性盘
1332,09:59:55,36.65,0.05,2,7330,买盘
1333,09:59:43,36.6,-0.06,77,281820,卖盘
1334,09:59:37,36.66,--,1,3665,买盘
1335,09:59:25,36.66,--,2,7331,买盘
1336,09:59:19,36.66,--,5,18330,买盘
1337,09:59:16,36.66,--,8,29327,买盘
1338,09:59:01,36.66,--,11,40325,买盘
1339,09:58:58,36.66,0.05,119,436253,买盘
1340,09:58:55,36.61,0.01,11,40271,中性盘
1341,09:58:43,36.6,-0.06,54,197640,卖盘
1342,09:58:40,36.66,-0.02,1,3665,卖盘
1343,09:58:31,36.68,--,9,33012,买盘
1344,09:58:28,36.68,--,3,11004,买盘
1345,09:58:25,36.68,0.08,4,14672,买盘
1346,09:58:16,36.6,-0.08,53,193980,卖盘
1347,09:58:07,36.68,0.08,2,7336,买盘
1348,09:58:04,36.6,--,23,84180,卖盘
1349,09:57:43,36.6,-0.1,89,325740,卖盘
1350,09:57:34,36.7,0.01,19,72519,买盘
1351,09:57:28,36.69,-0.01,7,25683,卖盘
1352,09:57:13,36.7,-0.01,13,48590,卖盘
1353,09:57:10,36.71,--,9,33039,卖盘
1354,09:56:55,36.71,--,10,36710,卖盘
1355,09:56:52,36.71,--,1,3671,买盘
1356,09:56:46,36.71,--,5,18355,卖盘
1357,09:56:43,36.71,--,1,3671,卖盘
1358,09:56:37,36.71,--,3,11013,卖盘
1359,09:56:34,36.71,0.01,7,25697,买盘
1360,09:56:19,36.7,0.01,22,83529,买盘
1361,09:56:13,36.69,-0.01,6,22014,中性盘
1362,09:56:04,36.7,-0.02,18,66940,卖盘
1363,09:55:58,36.72,--,1,3672,买盘
1364,09:55:52,36.72,--,62,227664,中性盘
1365,09:55:43,36.72,--,2,7344,买盘
1366,09:55:40,36.72,0.01,2,7344,中性盘
1367,09:55:31,36.71,-0.02,60,220260,卖盘
1368,09:55:28,36.73,--,3,11018,卖盘
1369,09:55:10,36.73,--,5,18365,卖盘
1370,09:55:01,36.73,--,29,106516,买盘
1371,09:54:55,36.73,--,20,73460,买盘
1372,09:54:46,36.73,--,2,7345,买盘
1373,09:54:43,36.73,--,21,79924,买盘
1374,09:54:40,36.73,--,2,7345,买盘
1375,09:54:37,36.73,--,31,113862,买盘
1376,09:54:34,36.73,--,20,73460,买盘
1377,09:54:25,36.73,0.01,6,22037,买盘
1378,09:54:22,36.72,-0.01,31,113832,卖盘
1379,09:54:16,36.73,0.02,15,55094,买盘
1380,09:54:13,36.71,-0.01,1,3671,卖盘
1381,09:54:07,36.72,0.01,32,117504,买盘
1382,09:54:01,36.71,--,2,7342,买盘
1383,09:53:52,36.71,-0.01,13,47723,中性盘
1384,09:53:49,36.72,0.07,7,25704,买盘
1385,09:53:34,36.65,--,59,216235,买盘
1386,09:53:31,36.65,--,8,29320,买盘
1387,09:53:25,36.65,0.05,6,21990,买盘
1388,09:53:22,36.6,-0.05,6,21960,卖盘
1389,09:53:19,36.65,--,8,29320,卖盘
1390,09:53:16,36.65,0.05,2,7330,买盘
1391,09:53:01,36.6,--,6,21960,买盘
1392,09:52:52,36.6,0.04,2,7320,买盘
1393,09:52:43,36.56,0.04,1,3656,买盘
1394,09:52:31,36.52,--,9,35497,卖盘
1395,09:52:28,36.52,--,33,120516,卖盘
1396,09:52:25,36.52,--,8,29216,中性盘
1397,09:52:19,36.52,0.01,1,3652,买盘
1398,09:52:10,36.51,--,1,3651,卖盘
1399,09:52:07,36.51,--,4,14604,买盘
1400,09:52:04,36.51,0.04,1,3651,买盘
1401,09:52:01,36.47,-0.01,23,84500,卖盘
1402,09:51:58,36.48,0.01,1,3647,买盘
1403,09:51:52,36.47,--,51,185997,卖盘
1404,09:51:49,36.47,0.02,46,170205,买盘
1405,09:51:40,36.45,--,10,36450,卖盘
1406,09:51:34,36.45,0.01,47,173356,买盘
1407,09:51:31,36.44,0.01,2,7288,买盘
1408,09:51:28,36.43,-0.01,23,84444,卖盘
1409,09:51:25,36.44,-0.01,25,91100,买盘
1410,09:51:22,36.45,0.02,5,18225,买盘
1411,09:51:19,36.43,-0.02,8,29144,卖盘
1412,09:51:16,36.45,--,20,72900,买盘
1413,09:51:10,36.45,0.02,5,18225,买盘
1414,09:51:07,36.43,-0.02,5,18215,卖盘
1415,09:50:58,36.45,--,1,3645,买盘
1416,09:50:55,36.45,-0.02,24,90250,卖盘
1417,09:50:52,36.47,0.02,1,3647,买盘
1418,09:50:49,36.45,-0.02,33,121159,卖盘
1419,09:50:43,36.47,--,10,36470,买盘
1420,09:50:40,36.47,--,3,10941,买盘
1421,09:50:34,36.47,0.01,5,18235,买盘
1422,09:50:28,36.46,-0.01,21,78352,卖盘
1423,09:50:22,36.47,0.01,12,43764,中性盘
1424,09:50:16,36.46,--,20,72920,卖盘
1425,09:50:13,36.46,-0.01,20,72920,卖盘
1426,09:50:07,36.47,--,3,10941,买盘
1427,09:50:04,36.47,0.01,44,160468,买盘
1428,09:50:01,36.46,-0.01,28,102707,卖盘
1429,09:49:55,36.47,-0.01,2,7294,中性盘
1430,09:49:46,36.48,0.02,3,10943,买盘
1431,09:49:37,36.46,--,7,26761,买盘
1432,09:49:34,36.46,0.01,25,91150,买盘
1433,09:49:31,36.45,--,5,18225,卖盘
1434,09:49:22,36.45,-0.01,5,18225,中性盘
1435,09:49:13,36.46,0.05,57,207822,买盘
1436,09:49:10,36.41,-0.04,8,29127,卖盘
1437,09:49:04,36.45,--,70,258175,卖盘
1438,09:49:01,36.45,-0.01,31,113614,卖盘
1439,09:48:58,36.46,0.01,7,25522,买盘
1440,09:48:55,36.45,-0.01,5,18225,卖盘
1441,09:48:52,36.46,-0.02,3,10938,中性盘
1442,09:48:49,36.48,0.03,7,25535,买盘
1443,09:48:43,36.45,-0.03,6,21870,卖盘
1444,09:48:34,36.48,-0.02,9,32832,卖盘
1445,09:48:25,36.5,--,10,36500,买盘
1446,09:48:22,36.5,--,2,7300,买盘
1447,09:48:13,36.5,-0.05,15,54750,卖盘
1448,09:48:04,36.55,-0.01,4,14619,卖盘
1449,09:47:58,36.56,-0.01,9,32904,买盘
1450,09:47:55,36.57,0.01,46,168222,买盘
1451,09:47:52,36.56,--,11,40362,卖盘
1452,09:47:46,36.56,--,52,190112,卖盘
1453,09:47:43,36.56,--,1,3656,卖盘
1454,09:47:40,36.56,--,0,2010,卖盘
1455,09:47:34,36.56,-0.01,13,47528,卖盘
1456,09:47:31,36.57,--,15,54855,买盘
1457,09:47:25,36.57,--,2,7314,买盘
1458,09:47:22,36.57,-0.01,33,124045,卖盘
1459,09:47:19,36.58,--,8,29556,买盘
1460,09:47:01,36.58,--,14,51212,买盘
1461,09:46:58,36.58,-0.02,79,288982,卖盘
1462,09:46:55,36.6,0.01,40,146400,买盘
1463,09:46:52,36.59,-0.01,13,47567,中性盘
1464,09:46:49,36.6,--,1,3660,买盘
1465,09:46:46,36.6,--,5,18300,买盘
1466,09:46:40,36.6,0.02,3,10980,买盘
1467,09:46:31,36.58,--,24,88157,买盘
1468,09:46:25,36.58,-0.02,1,3658,买盘
1469,09:46:22,36.6,--,4,14640,买盘
1470,09:46:19,36.6,--,82,300120,买盘
1471,09:46:16,36.6,--,3,10980,买盘
1472,09:46:13,36.6,-0.05,23,84180,卖盘
1473,09:46:10,36.65,0.01,3,10995,卖盘
1474,09:46:07,36.64,0.04,6,21984,买盘
1475,09:46:04,36.6,--,2,7320,买盘
1476,09:46:01,36.6,-0.05,16,60865,卖盘
1477,09:45:55,36.65,0.05,8,32361,买盘
1478,09:45:49,36.6,--,2,7320,卖盘
1479,09:45:43,36.6,0.04,3,12956,买盘
1480,09:45:40,36.56,--,5,18280,卖盘
1481,09:45:28,36.56,--,34,125071,卖盘
1482,09:45:22,36.56,0.17,32,117357,买盘
1483,09:45:19,36.39,-0.12,63,229257,卖盘
1484,09:45:13,36.51,-0.01,5,18255,卖盘
1485,09:45:10,36.52,--,6,21912,卖盘
1486,09:45:07,36.52,--,44,160688,买盘
1487,09:45:04,36.52,0.01,6,21912,买盘
1488,09:45:01,36.51,-0.01,16,58416,卖盘
1489,09:44:58,36.52,--,2,7304,买盘
1490,09:44:55,36.52,--,6,21912,买盘
1491,09:44:49,36.52,-0.08,22,80344,卖盘
1492,09:44:40,36.6,0.03,70,256200,买盘
1493,09:44:37,36.57,--,10,36570,买盘
1494,09:44:34,36.57,-0.03,1,3657,买盘
1495,09:44:25,36.6,--,7,27633,卖盘
1496,09:44:19,36.6,--,52,191967,买盘
1497,09:44:16,36.6,--,5,20313,卖盘
1498,09:44:07,36.6,-0.01,1,3660,卖盘
1499,09:44:01,36.61,0.01,8,29288,中性盘
1500,09:43:58,36.6,-0.01,55,204630,卖盘
1501,09:43:52,36.61,--,2,7322,卖盘
1502,09:43:43,36.61,--,0,1976,买盘
1503,09:43:37,36.61,--,4,14644,买盘
1504,09:43:31,36.61,--,12,43932,买盘
1505,09:43:28,36.61,--,7,27567,卖盘
1506,09:43:19,36.61,-0.11,51,186711,卖盘
1507,09:43:13,36.72,0.02,15,55080,买盘
1508,09:43:10,36.7,--,2,7340,买盘
1509,09:43:07,36.7,-0.02,7,25690,卖盘
1510,09:43:04,36.72,--,10,36720,买盘
1511,09:43:01,36.72,-0.01,3,11016,卖盘
1512,09:42:52,36.73,--,26,95497,买盘
1513,09:42:46,36.73,--,11,40403,买盘
1514,09:42:43,36.73,--,11,40403,买盘
1515,09:42:40,36.73,-0.02,2,7345,卖盘
1516,09:42:37,36.75,0.02,2,7350,买盘
1517,09:42:31,36.73,-0.02,1,3672,卖盘
1518,09:42:24,36.75,--,10,36750,买盘
1519,09:42:21,36.75,0.13,9,33075,卖盘
1520,09:42:18,36.62,-0.15,54,197748,卖盘
1521,09:42:15,36.77,0.02,34,126782,买盘
1522,09:42:12,36.75,-0.01,3,11025,卖盘
1523,09:42:09,36.76,-0.01,4,14704,卖盘
1524,09:42:03,36.77,0.02,50,183850,买盘
1525,09:42:00,36.75,-0.01,1,3675,卖盘
1526,09:41:54,36.76,--,2,7352,买盘
1527,09:41:48,36.76,0.04,1,3676,卖盘
1528,09:41:45,36.72,-0.05,9,33048,卖盘
1529,09:41:36,36.77,0.02,13,51441,买盘
1530,09:41:33,36.75,-0.01,2,7350,买盘
1531,09:41:30,36.76,-0.02,31,113956,卖盘
1532,09:41:24,36.78,--,7,25746,买盘
1533,09:41:21,36.78,0.17,12,44136,买盘
1534,09:41:18,36.61,-0.17,44,161084,卖盘
1535,09:41:09,36.78,0.02,100,367800,买盘
1536,09:41:06,36.76,-0.02,6,22056,卖盘
1537,09:41:00,36.78,--,5,18390,买盘
1538,09:40:57,36.78,0.02,2,7356,买盘
1539,09:40:54,36.76,--,1,3676,卖盘
1540,09:40:51,36.76,-0.02,2,7352,卖盘
1541,09:40:45,36.78,--,4,14712,卖盘
1542,09:40:42,36.78,--,21,77238,卖盘
1543,09:40:36,36.78,-0.01,6,22068,卖盘
1544,09:40:30,36.79,-0.01,15,55185,卖盘
1545,09:40:24,36.8,--,6,22080,买盘
1546,09:40:21,36.8,--,2,7359,买盘
1547,09:40:15,36.8,--,6,22080,买盘
1548,09:40:06,36.8,--,15,55199,买盘
1549,09:40:00,36.8,-0.08,7,25759,卖盘
1550,09:39:51,36.88,--,5,18440,买盘
1551,09:39:48,36.88,--,1,3688,卖盘
1552,09:39:45,36.88,-0.02,10,36880,卖盘
1553,09:39:36,36.9,--,2,7380,买盘
1554,09:39:33,36.9,--,4,14760,买盘
1555,09:39:30,36.9,-0.05,3,11070,卖盘
1556,09:39:21,36.95,--,5,18475,买盘
1557,09:39:15,36.95,--,1,3695,买盘
1558,09:39:09,36.95,-0.05,20,75341,卖盘
1559,09:39:03,37.0,0.05,3,11100,买盘
1560,09:39:00,36.95,-0.04,22,84467,卖盘
1561,09:38:57,36.99,-0.01,1,3699,买盘
1562,09:38:54,37.0,--,11,40700,买盘
1563,09:38:48,37.0,--,28,103600,卖盘
1564,09:38:45,37.0,--,4,14800,卖盘
1565,09:38:39,37.0,-0.04,1,3700,卖盘
1566,09:38:36,37.04,0.04,1,3704,买盘
1567,09:38:33,37.0,0.05,5,18500,卖盘
1568,09:38:18,36.95,-0.1,66,243870,卖盘
1569,09:38:15,37.05,0.05,41,151905,买盘
1570,09:38:00,37.0,--,10,37000,卖盘
1571,09:37:57,37.0,--,38,142487,卖盘
1572,09:37:51,37.0,--,26,96200,卖盘
1573,09:37:45,37.0,--,1,3700,卖盘
1574,09:37:42,37.0,-0.05,6,22200,卖盘
1575,09:37:39,37.05,--,1,3704,买盘
1576,09:37:36,37.05,--,34,125969,买盘
1577,09:37:33,37.05,--,1,3704,买盘
1578,09:37:24,37.05,0.05,12,44460,中性盘
1579,09:37:18,37.0,-0.06,84,310800,卖盘
1580,09:37:03,37.06,-0.16,1,3706,中性盘
1581,09:36:54,37.22,0.17,3,11166,买盘
1582,09:36:51,37.05,-0.17,31,114854,卖盘
1583,09:36:30,37.22,0.17,12,44664,买盘
1584,09:36:24,37.05,--,1,3704,买盘
1585,09:36:21,37.05,-0.17,4,14819,卖盘
1586,09:36:18,37.22,--,163,607839,卖盘
1587,09:36:12,37.22,--,4,17456,买盘
1588,09:36:00,37.22,-0.08,18,66996,卖盘
1589,09:35:57,37.3,0.08,47,175310,买盘
1590,09:35:54,37.22,-0.08,1,3722,中性盘
1591,09:35:39,37.3,--,3,11190,买盘
1592,09:35:36,37.3,-0.05,21,78330,中性盘
1593,09:35:18,37.35,--,88,328680,买盘
1594,09:35:15,37.35,--,2,7470,买盘
1595,09:35:09,37.35,0.13,20,74700,买盘
1596,09:34:54,37.22,-0.14,3,11166,卖盘
1597,09:34:30,37.36,0.14,1,3736,买盘
1598,09:34:24,37.22,--,1,3722,卖盘
1599,09:34:21,37.22,-0.14,3,11166,卖盘
1600,09:34:18,37.36,-0.04,1,3736,中性盘
1601,09:34:00,37.4,--,5,18700,买盘
1602,09:33:42,37.4,--,15,56100,买盘
1603,09:33:24,37.4,--,3,11220,买盘
1604,09:33:18,37.4,0.18,2,7480,买盘
1605,09:32:54,37.22,--,7,26054,卖盘
1606,09:32:36,37.22,-0.27,2,7444,中性盘
1607,09:31:48,37.49,0.49,2,7498,买盘
1608,09:31:39,37.0,--,5,18500,卖盘
1609,09:31:00,37.0,0.04,19,71188,买盘
1610,09:30:51,36.96,-0.04,4,14784,卖盘
1611,09:30:45,37.0,0.04,3,11100,买盘
1612,09:30:39,36.96,--,16,59136,中性盘
1613,09:30:33,36.96,--,1,3696,买盘
1614,09:30:30,36.96,-0.04,1,3696,卖盘
1615,09:30:21,37.0,--,2,7400,买盘
1616,09:30:15,37.0,-0.96,73,270100,卖盘
1617,09:30:09,37.96,0.66,215,816140,买盘
1618,09:30:03,37.3,0.3,39,145470,买盘
1619,09:30:00,37.0,-0.29,1,3700,卖盘
1620,09:25:24,37.29,--,0,0,买盘
1621,09:25:03,37.29,37.29,6,22374,买盘
