,time,price,change,volume,amount,type
0,15:00:20,10.72,--,7832,8395904,卖盘
1,14:58:53,10.72,--,0,0,买盘
2,14:57:08,10.72,0.01,0,1029,卖盘
3,14:56:59,10.71,-0.01,1529,1637601,卖盘
4,14:56:56,10.72,0.01,40,43909,买盘
5,14:56:53,10.71,--,17,18249,卖盘
6,14:56:47,10.71,--,317,339892,卖盘
7,14:56:41,10.71,--,25,26817,卖盘
8,14:56:35,10.71,--,36,38556,卖盘
9,14:56:32,10.71,--,18,20306,卖盘
10,14:56:29,10.71,--,336,359856,买盘
11,14:56:26,10.71,--,20,21420,买盘
12,14:56:20,10.71,--,10,10710,买盘
13,14:56:17,10.71,--,54,57834,卖盘
14,14:56:11,10.71,--,72,77112,卖盘
15,14:56:08,10.71,-0.01,37,39669,卖盘
16,14:56:05,10.72,0.01,6,7461,买盘
17,14:56:02,10.71,--,44,47124,卖盘
18,14:55:59,10.71,--,600,642600,卖盘
19,14:55:56,10.71,--,44,47124,卖盘
20,14:55:50,10.71,--,28,29988,卖盘
21,14:55:47,10.71,--,90,96390,卖盘
22,14:55:44,10.71,--,498,533358,卖盘
23,14:55:41,10.71,--,130,139230,卖盘
24,14:55:38,10.71,--,319,341691,卖盘
25,14:55:32,10.71,--,88,94248,卖盘
26,14:55:29,10.71,--,92,98532,卖盘
27,14:55:26,10.71,--,142,152082,卖盘
28,14:55:23,10.71,-0.01,38,40698,卖盘
29,14:55:20,10.72,0.01,202,217573,买盘
30,14:55:17,10.71,--,337,360969,卖盘
31,14:55:14,10.71,-0.01,10,10710,卖盘
32,14:55:11,10.72,0.01,18,19296,买盘
33,14:55:08,10.71,--,96,103844,卖盘
34,14:55:05,10.71,--,3,3255,卖盘
35,14:55:02,10.71,-0.01,76,82424,卖盘
36,14:54:59,10.72,--,106,113889,卖盘
37,14:54:56,10.72,--,177,190558,买盘
38,14:54:53,10.72,0.01,13,13978,买盘
39,14:54:47,10.71,-0.01,388,415548,卖盘
40,14:54:41,10.72,0.01,122,131813,买盘
41,14:54:38,10.71,--,54,57834,卖盘
42,14:54:35,10.71,-0.01,135,144627,卖盘
43,14:54:32,10.72,0.01,2,2144,买盘
44,14:54:29,10.71,0.01,44,47124,买盘
45,14:54:26,10.7,--,52,55639,卖盘
46,14:54:23,10.7,-0.02,4,4280,卖盘
47,14:54:17,10.72,0.03,1668,1789125,买盘
48,14:54:14,10.69,-0.02,701,749411,卖盘
49,14:54:11,10.71,0.01,556,595476,买盘
50,14:54:05,10.7,-0.01,54,57779,卖盘
51,14:54:02,10.71,--,637,683126,卖盘
52,14:53:56,10.71,--,415,444593,卖盘
53,14:53:50,10.71,--,71,76083,卖盘
54,14:53:47,10.71,--,176,188496,买盘
55,14:53:44,10.71,--,706,757154,买盘
56,14:53:41,10.71,--,523,560946,买盘
57,14:53:32,10.71,--,42,44982,买盘
58,14:53:29,10.71,0.01,60,64260,买盘
59,14:53:23,10.7,-0.01,22,23540,卖盘
60,14:53:20,10.71,-0.01,11,11823,中性盘
61,14:53:17,10.72,0.02,1296,1390341,买盘
62,14:53:11,10.7,--,4,4280,卖盘
63,14:53:08,10.7,--,20,21400,卖盘
64,14:53:05,10.7,-0.02,5,5392,卖盘
65,14:53:02,10.72,--,60,65349,买盘
66,14:52:59,10.72,0.02,5,5402,买盘
67,14:52:56,10.7,--,20,22427,卖盘
68,14:52:53,10.7,--,7,8217,卖盘
69,14:52:47,10.7,--,47,50332,卖盘
70,14:52:44,10.7,--,1,1883,卖盘
71,14:52:38,10.7,-0.02,9,9672,卖盘
72,14:52:35,10.72,0.02,4,5317,买盘
73,14:52:32,10.7,--,38,40660,卖盘
74,14:52:29,10.7,--,44,47936,买盘
75,14:52:26,10.7,--,94,100580,买盘
76,14:52:20,10.7,--,1358,1453060,买盘
77,14:52:17,10.7,--,1,1112,买盘
78,14:52:14,10.7,--,0,1027,买盘
79,14:52:11,10.7,--,15,16092,买盘
80,14:52:05,10.7,-0.02,6600,7062171,卖盘
81,14:52:02,10.72,--,10,10720,卖盘
82,14:51:59,10.72,-0.01,107,114746,卖盘
83,14:51:56,10.73,0.01,52,56826,买盘
84,14:51:50,10.72,-0.01,50,53600,卖盘
85,14:51:47,10.73,0.01,5,5407,买盘
86,14:51:44,10.72,-0.01,774,830757,卖盘
87,14:51:41,10.73,--,25,26867,卖盘
88,14:51:38,10.73,--,1468,1576194,买盘
89,14:51:35,10.73,0.01,1,1115,买盘
90,14:51:32,10.72,--,42,45024,卖盘
91,14:51:29,10.72,-0.01,50,53600,卖盘
92,14:51:26,10.73,0.01,84,91162,买盘
93,14:51:23,10.72,--,80,86188,卖盘
94,14:51:20,10.72,-0.01,128,137216,卖盘
95,14:51:11,10.73,0.01,832,892736,买盘
96,14:51:08,10.72,--,334,358048,卖盘
97,14:50:59,10.72,--,220,235840,卖盘
98,14:50:56,10.72,--,10,10720,卖盘
99,14:50:50,10.72,--,148,158656,卖盘
100,14:50:44,10.72,-0.01,117,125466,卖盘
101,14:50:41,10.73,0.02,1467,1574219,买盘
102,14:50:38,10.71,--,12,12852,卖盘
103,14:50:35,10.71,-0.01,26,27846,卖盘
104,14:50:32,10.72,--,50,53600,买盘
105,14:50:17,10.72,--,151,162000,买盘
106,14:50:14,10.72,-0.01,336,361049,卖盘
107,14:50:11,10.73,0.01,167,179233,买盘
108,14:50:02,10.72,-0.01,18,20325,卖盘
109,14:49:59,10.73,--,20,21460,卖盘
110,14:49:56,10.73,-0.01,45,48327,卖盘
111,14:49:53,10.74,0.01,144,155687,买盘
112,14:49:50,10.73,--,22,23606,卖盘
113,14:49:47,10.73,--,3,3261,买盘
114,14:49:44,10.73,0.01,2,2146,买盘
115,14:49:41,10.72,-0.01,942,1010853,卖盘
116,14:49:38,10.73,--,40,42920,卖盘
117,14:49:35,10.73,--,215,230737,卖盘
118,14:49:32,10.73,--,64,69702,卖盘
119,14:49:29,10.73,--,389,417439,买盘
120,14:49:26,10.73,0.01,116,125498,卖盘
121,14:49:23,10.72,-0.01,2193,2351453,卖盘
122,14:49:17,10.73,0.01,4,4292,买盘
123,14:49:14,10.72,--,24,25728,卖盘
124,14:49:11,10.72,--,1109,1188890,卖盘
125,14:49:08,10.72,-0.01,34,37477,卖盘
126,14:49:05,10.73,0.01,28,30044,买盘
127,14:49:02,10.72,--,10,10720,卖盘
128,14:48:59,10.72,--,215,231208,卖盘
129,14:48:53,10.72,0.01,66,70752,买盘
130,14:48:50,10.71,-0.01,18,20306,卖盘
131,14:48:47,10.72,--,174,186699,卖盘
132,14:48:44,10.72,--,8,8576,卖盘
133,14:48:41,10.72,--,248,265856,卖盘
134,14:48:38,10.72,--,945,1013082,卖盘
135,14:48:35,10.72,--,2,3173,卖盘
136,14:48:32,10.72,--,10,10720,卖盘
137,14:48:29,10.72,--,335,359162,卖盘
138,14:48:26,10.72,--,22,24613,卖盘
139,14:48:23,10.72,--,119,128468,卖盘
140,14:48:20,10.72,--,300,321600,卖盘
141,14:48:17,10.72,--,112,120064,卖盘
142,14:48:14,10.72,--,101,108314,卖盘
143,14:48:07,10.72,--,170,182240,卖盘
144,14:48:01,10.72,-0.01,44,48197,卖盘
145,14:47:58,10.73,--,18,19314,买盘
146,14:47:55,10.73,0.01,100,107300,买盘
147,14:47:43,10.72,--,1,1114,卖盘
148,14:47:40,10.72,-0.01,126,136101,卖盘
149,14:47:37,10.73,0.01,192,206016,买盘
150,14:47:19,10.72,--,17,18266,卖盘
151,14:47:16,10.72,--,4,4288,卖盘
152,14:47:13,10.72,-0.01,16,17152,卖盘
153,14:47:07,10.73,0.01,236,253228,买盘
154,14:47:04,10.72,--,158,170405,卖盘
155,14:46:58,10.72,--,4,4288,卖盘
156,14:46:55,10.72,-0.01,25,26842,卖盘
157,14:46:52,10.73,0.01,0,1030,买盘
158,14:46:49,10.72,--,50,53600,卖盘
159,14:46:46,10.72,--,24,25728,买盘
160,14:46:43,10.72,--,2,2144,买盘
161,14:46:40,10.72,--,2,2144,卖盘
162,14:46:34,10.72,-0.01,159,170490,中性盘
163,14:46:31,10.73,0.01,54,58972,买盘
164,14:46:22,10.72,0.01,1,1114,中性盘
165,14:46:13,10.71,--,180,192780,卖盘
166,14:46:10,10.71,-0.02,84,89964,卖盘
167,14:46:07,10.73,0.01,198,213484,买盘
168,14:45:55,10.72,--,9,9690,卖盘
169,14:45:52,10.72,--,10,10720,卖盘
170,14:45:46,10.72,--,12,12864,卖盘
171,14:45:43,10.72,--,20,21440,卖盘
172,14:45:40,10.72,0.01,150,160800,买盘
173,14:45:28,10.71,--,20,22448,卖盘
174,14:45:22,10.71,--,21,22533,卖盘
175,14:45:19,10.71,--,0,1028,卖盘
176,14:45:16,10.71,--,2,2142,卖盘
177,14:45:13,10.71,-0.01,192,205803,卖盘
178,14:45:10,10.72,-0.01,12,12864,卖盘
179,14:45:07,10.73,0.01,24,25752,中性盘
180,14:45:04,10.72,0.01,554,593888,卖盘
181,14:45:01,10.71,-0.02,84,89964,卖盘
182,14:44:55,10.73,--,66,71848,买盘
183,14:44:49,10.73,0.02,3,3261,买盘
184,14:44:46,10.71,-0.03,24,25704,卖盘
185,14:44:43,10.74,0.01,0,1031,买盘
186,14:44:40,10.73,-0.01,2,2231,中性盘
187,14:44:37,10.74,0.01,613,659350,买盘
188,14:44:31,10.73,--,20,21460,卖盘
189,14:44:28,10.73,--,89,95539,卖盘
190,14:44:25,10.73,--,14,15022,卖盘
191,14:44:22,10.73,--,10,10730,卖盘
192,14:44:19,10.73,--,22,24636,卖盘
193,14:44:13,10.73,-0.01,12,12876,卖盘
194,14:44:07,10.74,0.02,455,488712,买盘
195,14:44:01,10.72,--,140,151109,卖盘
196,14:43:58,10.72,-0.01,113,121178,卖盘
197,14:43:55,10.73,0.01,28,30044,中性盘
198,14:43:49,10.72,-0.01,84,90048,卖盘
199,14:43:43,10.73,0.01,4,4292,卖盘
200,14:43:40,10.72,-0.01,20,21440,卖盘
201,14:43:37,10.73,0.01,330,354090,买盘
202,14:43:34,10.72,--,20,21440,卖盘
203,14:43:31,10.72,--,38,40736,卖盘
204,14:43:25,10.72,-0.01,4,4288,卖盘
205,14:43:19,10.73,0.01,2,3176,买盘
206,14:43:16,10.72,--,233,249818,买盘
207,14:43:13,10.72,0.01,106,114661,买盘
208,14:43:10,10.71,--,40,42840,卖盘
209,14:43:04,10.71,-0.04,1,1113,卖盘
210,14:42:58,10.75,0.04,5000,5375000,买盘
211,14:42:52,10.71,-0.01,74,80282,卖盘
212,14:42:46,10.72,--,103,110458,买盘
213,14:42:43,10.72,--,48,52485,买盘
214,14:42:40,10.72,--,9,9690,买盘
215,14:42:37,10.72,-0.01,74,80357,买盘
216,14:42:25,10.73,0.01,204,218892,买盘
217,14:42:22,10.72,--,2,2229,买盘
218,14:42:19,10.72,--,29,32074,买盘
219,14:42:16,10.72,-0.01,89,95450,卖盘
220,14:42:13,10.73,--,50,53650,买盘
221,14:42:07,10.73,0.01,120,128760,买盘
222,14:42:04,10.72,--,228,245445,卖盘
223,14:42:01,10.72,--,32,34304,卖盘
224,14:41:58,10.72,-0.01,88,94336,卖盘
225,14:41:52,10.73,0.01,26,27983,买盘
226,14:41:49,10.72,--,588,631365,卖盘
227,14:41:43,10.72,-0.01,18,19296,卖盘
228,14:41:37,10.73,--,26,28928,买盘
229,14:41:34,10.73,0.01,413,443191,买盘
230,14:41:31,10.72,--,80,85760,卖盘
231,14:41:28,10.72,-0.01,10,10720,卖盘
232,14:41:25,10.73,--,40,42920,买盘
233,14:41:19,10.73,--,351,376665,买盘
234,14:41:13,10.73,--,6,7468,买盘
235,14:41:07,10.73,0.01,226,242498,买盘
236,14:41:04,10.72,-0.01,126,135072,卖盘
237,14:40:58,10.73,--,21,22575,买盘
238,14:40:55,10.73,--,354,380872,买盘
239,14:40:52,10.73,--,141,151335,卖盘
240,14:40:46,10.73,-0.01,13,14936,卖盘
241,14:40:43,10.74,--,96,103104,买盘
242,14:40:40,10.74,0.01,2,2233,买盘
243,14:40:37,10.73,-0.01,54,58972,卖盘
244,14:40:34,10.74,0.01,17,18300,买盘
245,14:40:31,10.73,--,125,135112,卖盘
246,14:40:28,10.73,--,87,93393,卖盘
247,14:40:22,10.73,0.02,118,126614,买盘
248,14:40:13,10.71,-0.01,20,21420,卖盘
249,14:40:10,10.72,-0.01,5,5402,卖盘
250,14:40:07,10.73,0.01,5,6352,买盘
251,14:40:04,10.72,0.01,138,148021,买盘
252,14:39:58,10.71,--,180,193808,买盘
253,14:39:52,10.71,--,63,67515,买盘
254,14:39:49,10.71,--,49,53464,买盘
255,14:39:43,10.71,-0.01,61,65373,买盘
256,14:39:37,10.72,-0.01,10,10720,中性盘
257,14:39:34,10.73,0.03,24,25752,买盘
258,14:39:31,10.7,-0.03,43,46052,卖盘
259,14:39:28,10.73,0.02,4,5322,买盘
260,14:39:25,10.71,--,12,12852,买盘
261,14:39:22,10.71,0.01,10,10710,买盘
262,14:39:19,10.7,-0.01,84,89880,卖盘
263,14:39:16,10.71,-0.02,5,5397,卖盘
264,14:39:13,10.73,0.02,12,12876,买盘
265,14:39:10,10.71,-0.02,16,17136,卖盘
266,14:39:07,10.73,0.02,124,133052,买盘
267,14:39:04,10.71,0.02,54,58862,买盘
268,14:39:01,10.69,-0.01,118,126142,卖盘
269,14:38:58,10.7,--,15,16092,买盘
270,14:38:55,10.7,--,8,8560,卖盘
271,14:38:52,10.7,--,4,5307,买盘
272,14:38:49,10.7,--,7,7532,买盘
273,14:38:43,10.7,--,17,19174,卖盘
274,14:38:40,10.7,-0.01,40,42800,买盘
275,14:38:37,10.71,0.01,218,233563,卖盘
276,14:38:34,10.7,0.01,20,22427,买盘
277,14:38:31,10.69,-0.01,5022,5368518,卖盘
278,14:38:25,10.7,--,2,2140,卖盘
279,14:38:22,10.7,-0.01,10,10700,卖盘
280,14:38:16,10.71,--,30,32130,买盘
281,14:38:10,10.71,0.03,54,57834,买盘
282,14:38:07,10.68,--,113,120726,卖盘
283,14:38:01,10.68,-0.02,1584,1691712,卖盘
284,14:37:58,10.7,--,29,32014,卖盘
285,14:37:52,10.7,0.01,5,5392,中性盘
286,14:37:49,10.69,-0.01,100,106900,卖盘
287,14:37:46,10.7,--,25,26792,卖盘
288,14:37:40,10.7,-0.01,1,2054,中性盘
289,14:37:37,10.71,0.01,155,166047,买盘
290,14:37:34,10.7,-0.01,2428,2598987,卖盘
291,14:37:31,10.71,--,102,109327,买盘
292,14:37:28,10.71,0.01,9,10624,买盘
293,14:37:25,10.7,-0.01,19,20372,卖盘
294,14:37:22,10.71,0.01,4,5312,买盘
295,14:37:13,10.7,--,3,3252,卖盘
296,14:37:10,10.7,--,424,453679,买盘
297,14:37:07,10.7,--,28,29959,买盘
298,14:37:04,10.7,--,104,112307,买盘
299,14:37:01,10.7,0.01,1658,1774145,买盘
300,14:36:55,10.69,--,84,89796,卖盘
301,14:36:49,10.69,-0.01,24,25656,卖盘
302,14:36:46,10.7,0.01,62,67367,买盘
303,14:36:40,10.69,-0.01,4,4276,中性盘
304,14:36:37,10.7,0.01,26,27819,买盘
305,14:36:34,10.69,0.01,24,25656,买盘
306,14:36:31,10.68,-0.01,1092,1167281,卖盘
307,14:36:28,10.69,--,33,35319,买盘
308,14:36:25,10.69,--,110,117590,买盘
309,14:36:22,10.69,--,8,8552,买盘
310,14:36:19,10.69,--,40,42760,买盘
311,14:36:16,10.69,--,19,20353,买盘
312,14:36:13,10.69,--,180,193446,买盘
313,14:36:10,10.69,-0.01,682,729058,卖盘
314,14:36:04,10.7,--,2,3167,买盘
315,14:36:01,10.7,0.02,2,2225,买盘
316,14:35:58,10.68,-0.01,1084,1157712,卖盘
317,14:35:55,10.69,--,2040,2180760,卖盘
318,14:35:49,10.69,--,20,21380,卖盘
319,14:35:46,10.69,--,96,102624,卖盘
320,14:35:37,10.69,-0.01,65,70468,卖盘
321,14:35:34,10.7,0.02,3,3252,买盘
322,14:35:31,10.68,-0.01,1374,1467432,卖盘
323,14:35:28,10.69,--,2,2138,卖盘
324,14:35:22,10.69,--,147,157185,卖盘
325,14:35:19,10.69,--,262,281104,买盘
326,14:35:16,10.69,--,165,176427,买盘
327,14:35:13,10.69,--,18,20011,买盘
328,14:35:10,10.69,--,20,21380,买盘
329,14:35:07,10.69,--,329,351743,买盘
330,14:34:58,10.69,--,274,293932,买盘
331,14:34:55,10.69,--,51,54561,买盘
332,14:34:52,10.69,--,24,26682,买盘
333,14:34:49,10.69,0.01,10,10775,买盘
334,14:34:46,10.68,-0.01,44,48017,卖盘
335,14:34:43,10.69,--,100,107926,买盘
336,14:34:40,10.69,--,124,132556,买盘
337,14:34:37,10.69,--,157,167875,买盘
338,14:34:28,10.69,--,58,63028,买盘
339,14:34:22,10.69,--,256,273664,买盘
340,14:34:19,10.69,--,5,5387,买盘
341,14:34:16,10.69,--,148,158212,买盘
342,14:34:13,10.69,--,10,10690,买盘
343,14:34:07,10.69,--,24,25656,买盘
344,14:34:04,10.69,--,31,33181,买盘
345,14:33:58,10.69,--,778,832708,卖盘
346,14:33:55,10.69,--,434,464972,卖盘
347,14:33:52,10.69,--,379,405193,卖盘
348,14:33:46,10.69,-0.01,368,393392,卖盘
349,14:33:43,10.7,--,4,5307,买盘
350,14:33:40,10.7,0.01,312,333840,买盘
351,14:33:37,10.69,--,31,33181,卖盘
352,14:33:34,10.69,-0.01,55,58837,卖盘
353,14:33:31,10.7,--,88,95187,买盘
354,14:33:28,10.7,--,84,90907,买盘
355,14:33:25,10.7,--,10,10785,买盘
356,14:33:22,10.7,--,32,35267,买盘
357,14:33:13,10.7,--,16,18147,买盘
358,14:33:10,10.7,--,153,163752,买盘
359,14:33:07,10.7,--,26,27819,买盘
360,14:33:04,10.7,0.01,3,3252,买盘
361,14:33:01,10.69,-0.01,1,2052,卖盘
362,14:32:58,10.7,--,334,357465,卖盘
363,14:32:55,10.7,-0.01,1,2054,卖盘
364,14:32:52,10.71,0.01,8,8568,买盘
365,14:32:46,10.7,--,39,41772,卖盘
366,14:32:43,10.7,-0.01,208,222559,卖盘
367,14:32:37,10.71,0.01,24,25704,买盘
368,14:32:34,10.7,-0.01,16,18147,卖盘
369,14:32:31,10.71,0.01,50,53635,买盘
370,14:32:28,10.7,--,49,53414,卖盘
371,14:32:25,10.7,--,2116,2264120,卖盘
372,14:32:22,10.7,--,309,330672,卖盘
373,14:32:19,10.7,--,84,89880,卖盘
374,14:32:16,10.7,--,158,169060,卖盘
375,14:32:13,10.7,--,600,642000,卖盘
376,14:32:10,10.7,--,70,74900,卖盘
377,14:32:07,10.7,-0.01,78,83460,卖盘
378,14:32:04,10.71,0.01,63,67515,买盘
379,14:32:01,10.7,--,16,17120,卖盘
380,14:31:58,10.7,-0.01,437,468574,卖盘
381,14:31:55,10.71,--,68,72828,买盘
382,14:31:52,10.71,--,135,144627,买盘
383,14:31:46,10.71,--,95,101787,买盘
384,14:31:43,10.71,0.01,100,107100,买盘
385,14:31:40,10.7,-0.01,240,257827,卖盘
386,14:31:37,10.71,--,28,31016,买盘
387,14:31:34,10.71,--,9,9681,买盘
388,14:31:22,10.71,--,429,460015,卖盘
389,14:31:19,10.71,--,5,5397,卖盘
390,14:31:16,10.71,--,13,13965,卖盘
391,14:31:13,10.71,-0.01,198,213086,卖盘
392,14:31:07,10.72,0.01,24,25728,买盘
393,14:31:04,10.71,--,110,117810,卖盘
394,14:30:58,10.71,--,8,8568,卖盘
395,14:30:55,10.71,--,1474,1578654,卖盘
396,14:30:52,10.71,-0.01,22,23562,卖盘
397,14:30:49,10.72,--,7,7546,买盘
398,14:30:46,10.72,0.01,0,1029,买盘
399,14:30:43,10.71,-0.01,54,57834,卖盘
400,14:30:40,10.72,--,50,53600,买盘
401,14:30:37,10.72,0.01,28,30016,买盘
402,14:30:28,10.71,--,30,32130,卖盘
403,14:30:25,10.71,-0.01,20,21420,卖盘
404,14:30:16,10.72,0.01,5,5402,买盘
405,14:30:13,10.71,--,457,490432,卖盘
406,14:30:10,10.71,--,100,107100,卖盘
407,14:30:07,10.71,--,28,29988,卖盘
408,14:30:04,10.71,--,4,4284,卖盘
409,14:30:01,10.71,-0.01,93,99645,卖盘
410,14:29:52,10.72,0.01,13,13978,买盘
411,14:29:49,10.71,-0.01,2,3170,卖盘
412,14:29:43,10.72,0.01,110,118091,买盘
413,14:29:40,10.71,-0.01,38,40783,卖盘
414,14:29:37,10.72,0.01,28,31045,买盘
415,14:29:28,10.71,--,3,3255,卖盘
416,14:29:25,10.71,-0.01,201,216256,卖盘
417,14:29:22,10.72,0.01,72,77184,买盘
418,14:29:19,10.71,-0.01,338,362083,卖盘
419,14:29:10,10.72,--,48,52485,买盘
420,14:28:58,10.72,-0.01,3,3258,买盘
421,14:28:55,10.73,0.02,217,233828,买盘
422,14:28:49,10.71,-0.01,84,89964,卖盘
423,14:28:43,10.72,--,51,54714,买盘
424,14:28:40,10.72,--,20,21440,买盘
425,14:28:36,10.72,--,24,26757,买盘
426,14:28:30,10.72,--,17,18266,买盘
427,14:28:27,10.72,--,34,37477,卖盘
428,14:28:24,10.72,--,31,33274,卖盘
429,14:28:21,10.72,--,74,79328,卖盘
430,14:28:18,10.72,--,58,62176,卖盘
431,14:28:15,10.72,--,128,138245,卖盘
432,14:28:12,10.72,-0.01,35,37562,卖盘
433,14:28:06,10.73,0.01,106,113738,买盘
434,14:28:03,10.72,--,60,64320,卖盘
435,14:27:57,10.72,--,2,2144,卖盘
436,14:27:54,10.72,--,50,53600,卖盘
437,14:27:48,10.72,--,64,68608,买盘
438,14:27:45,10.72,--,94,100768,买盘
439,14:27:42,10.72,--,162,173664,买盘
440,14:27:39,10.72,-0.01,124,132928,卖盘
441,14:27:36,10.73,--,24,25752,买盘
442,14:27:33,10.73,0.01,29,31159,买盘
443,14:27:30,10.72,--,38,41765,卖盘
444,14:27:27,10.72,--,6,7461,卖盘
445,14:27:24,10.72,--,52,55744,卖盘
446,14:27:21,10.72,--,1,1114,卖盘
447,14:27:18,10.72,--,136,145792,卖盘
448,14:27:15,10.72,--,6,7461,卖盘
449,14:27:12,10.72,-0.01,111,119034,卖盘
450,14:27:09,10.73,--,12,13906,买盘
451,14:27:06,10.73,0.01,24,25752,买盘
452,14:27:03,10.72,--,36,38592,卖盘
453,14:26:57,10.72,--,3,3258,卖盘
454,14:26:54,10.72,--,58,62176,卖盘
455,14:26:48,10.72,--,1,1114,卖盘
456,14:26:45,10.72,-0.01,166,178981,卖盘
457,14:26:42,10.73,0.01,13,13991,买盘
458,14:26:39,10.72,--,28,31045,卖盘
459,14:26:36,10.72,-0.02,164,175808,卖盘
460,14:26:30,10.74,0.02,524,563807,买盘
461,14:26:27,10.72,-0.01,92,98624,卖盘
462,14:26:24,10.73,0.01,5,5407,卖盘
463,14:26:21,10.72,-0.01,100,107200,卖盘
464,14:26:18,10.73,--,148,158804,买盘
465,14:26:15,10.73,-0.01,210,225330,买盘
466,14:26:12,10.74,0.02,8,9623,买盘
467,14:26:06,10.72,--,53,56858,卖盘
468,14:26:03,10.72,-0.01,14,16037,卖盘
469,14:26:00,10.73,--,5,5407,卖盘
470,14:25:57,10.73,--,2,2146,卖盘
471,14:25:54,10.73,--,4,5322,买盘
472,14:25:51,10.73,0.01,18,19399,买盘
473,14:25:48,10.72,-0.01,186,200421,卖盘
474,14:25:45,10.73,--,12,12876,买盘
475,14:25:36,10.73,--,24,25752,买盘
476,14:25:30,10.73,0.01,6,7468,买盘
477,14:25:21,10.72,--,3,3258,卖盘
478,14:25:18,10.72,--,84,90048,卖盘
479,14:25:15,10.72,--,140,151109,卖盘
480,14:25:09,10.72,-0.01,10,10805,卖盘
481,14:25:06,10.73,--,24,26782,买盘
482,14:25:00,10.73,0.01,12,13906,买盘
483,14:24:54,10.72,--,28,30016,卖盘
484,14:24:51,10.72,--,400,428800,卖盘
485,14:24:42,10.72,--,6,6517,卖盘
486,14:24:39,10.72,-0.01,0,1029,卖盘
487,14:24:36,10.73,0.01,24,25752,买盘
488,14:24:33,10.72,-0.02,2,2144,中性盘
489,14:24:21,10.74,0.02,992,1065408,买盘
490,14:24:15,10.72,-0.01,130,140389,卖盘
491,14:24:12,10.73,0.02,228,244987,买盘
492,14:24:09,10.71,-0.01,88,94248,卖盘
493,14:24:06,10.72,0.01,24,26757,中性盘
494,14:24:03,10.71,-0.01,760,813960,卖盘
495,14:24:00,10.72,0.01,6,6432,买盘
496,14:23:57,10.71,-0.01,12,12852,卖盘
497,14:23:54,10.72,0.01,334,358048,买盘
498,14:23:51,10.71,-0.01,68,72828,卖盘
499,14:23:45,10.72,--,4,4288,买盘
500,14:23:39,10.72,--,90,96480,买盘
501,14:23:36,10.72,--,290,311909,买盘
502,14:23:30,10.72,--,28,30016,买盘
503,14:23:27,10.72,--,144,154368,买盘
504,14:23:18,10.72,--,33,35418,买盘
505,14:23:15,10.72,--,297,318426,卖盘
506,14:23:09,10.72,-0.01,9,10634,卖盘
507,14:23:06,10.73,0.01,24,25752,买盘
508,14:23:03,10.72,-0.01,136,145792,卖盘
509,14:22:57,10.73,0.01,97,104123,买盘
510,14:22:54,10.72,-0.01,1,1114,卖盘
511,14:22:48,10.73,0.01,1385,1486405,买盘
512,14:22:42,10.72,-0.01,155,166888,卖盘
513,14:22:39,10.73,--,22,23606,买盘
514,14:22:36,10.73,--,38,40774,买盘
515,14:22:30,10.73,--,50,53650,买盘
516,14:22:27,10.73,--,5,5407,买盘
517,14:22:21,10.73,--,513,551436,买盘
518,14:22:18,10.73,0.01,5,5407,买盘
519,14:22:15,10.72,--,1390,1490080,卖盘
520,14:22:09,10.72,-0.01,90,96480,卖盘
521,14:22:06,10.73,0.01,32,34336,买盘
522,14:21:57,10.72,--,13,13978,卖盘
523,14:21:54,10.72,--,25,27786,卖盘
524,14:21:48,10.72,--,88,94336,卖盘
525,14:21:42,10.72,-0.01,84,90048,卖盘
526,14:21:39,10.73,0.01,5,5407,买盘
527,14:21:36,10.72,-0.01,68,72896,卖盘
528,14:21:33,10.73,--,2,2146,买盘
529,14:21:30,10.73,--,24,25752,买盘
530,14:21:24,10.73,--,4,5322,买盘
531,14:21:21,10.73,--,51,54765,买盘
532,14:21:15,10.73,-0.01,987,1059437,卖盘
533,14:21:12,10.74,--,3,3264,买盘
534,14:21:09,10.74,0.01,32,34368,买盘
535,14:21:06,10.73,-0.01,14,15022,卖盘
536,14:21:00,10.74,0.01,10,10740,买盘
537,14:20:57,10.73,-0.01,2,2146,卖盘
538,14:20:54,10.74,0.01,29,31188,买盘
539,14:20:51,10.73,--,14,16052,卖盘
540,14:20:48,10.73,--,10,10730,卖盘
541,14:20:42,10.73,-0.01,995,1067677,卖盘
542,14:20:39,10.74,0.01,45,49318,买盘
543,14:20:33,10.73,--,48,51504,卖盘
544,14:20:30,10.73,--,20,21460,卖盘
545,14:20:27,10.73,--,151,162495,卖盘
546,14:20:18,10.73,-0.01,26,28928,卖盘
547,14:20:15,10.74,--,13,14004,买盘
548,14:20:12,10.74,--,26,27924,买盘
549,14:20:09,10.74,--,23,24744,买盘
550,14:20:06,10.74,--,56,61175,买盘
551,14:20:03,10.74,0.01,8,8592,买盘
552,14:19:57,10.73,-0.01,4,5322,卖盘
553,14:19:51,10.74,--,764,820536,买盘
554,14:19:45,10.74,--,17,18300,买盘
555,14:19:39,10.74,--,2,2148,买盘
556,14:19:36,10.74,-0.01,608,654023,卖盘
557,14:19:33,10.75,--,13,14018,买盘
558,14:19:30,10.75,0.01,18,19350,买盘
559,14:19:27,10.74,-0.01,12,12888,卖盘
560,14:19:21,10.75,0.01,0,1032,买盘
561,14:19:18,10.74,--,15,16152,卖盘
562,14:19:15,10.74,--,268,288863,卖盘
563,14:19:12,10.74,--,117,125700,卖盘
564,14:19:09,10.74,--,9,9708,卖盘
565,14:19:06,10.74,--,62,67619,卖盘
566,14:19:03,10.74,--,74,80507,卖盘
567,14:19:00,10.74,--,91,97776,卖盘
568,14:18:57,10.74,--,12,13919,卖盘
569,14:18:54,10.74,--,23,24744,卖盘
570,14:18:48,10.74,--,32,35399,卖盘
571,14:18:39,10.74,--,182,195553,卖盘
572,14:18:36,10.74,-0.01,37,40726,卖盘
573,14:18:33,10.75,--,81,87118,买盘
574,14:18:30,10.75,0.01,118,126850,买盘
575,14:18:27,10.74,--,32,35399,卖盘
576,14:18:24,10.74,-0.01,11,11856,卖盘
577,14:18:21,10.75,0.01,0,1032,买盘
578,14:18:18,10.74,0.01,11,11856,卖盘
579,14:18:12,10.73,-0.01,15,16137,卖盘
580,14:18:09,10.74,-0.01,264,284567,卖盘
581,14:18:06,10.75,0.01,240,258000,买盘
582,14:18:03,10.74,--,50,53700,卖盘
583,14:18:00,10.74,-0.01,164,176136,卖盘
584,14:17:57,10.75,0.01,34,36550,买盘
585,14:17:54,10.74,--,405,435184,买盘
586,14:17:51,10.74,--,205,220212,买盘
587,14:17:48,10.74,0.01,32,34368,买盘
588,14:17:39,10.73,-0.01,288,310054,卖盘
589,14:17:36,10.74,--,15,16152,买盘
590,14:17:27,10.74,--,4,5327,买盘
591,14:17:24,10.74,--,52,56879,买盘
592,14:17:18,10.74,0.01,34,36601,买盘
593,14:17:12,10.73,--,49,53564,卖盘
594,14:17:09,10.73,--,175,187817,卖盘
595,14:17:06,10.73,-0.01,39,41889,卖盘
596,14:17:03,10.74,0.01,154,166427,买盘
597,14:16:57,10.73,--,158,170564,卖盘
598,14:16:54,10.73,--,5,5407,卖盘
599,14:16:51,10.73,--,2,2146,卖盘
600,14:16:48,10.73,--,71,76225,买盘
601,14:16:45,10.73,--,28,30044,买盘
602,14:16:39,10.73,-0.01,309,332544,卖盘
603,14:16:36,10.74,0.01,40,42960,买盘
604,14:16:33,10.73,--,551,591265,卖盘
605,14:16:30,10.73,-0.01,26,27898,卖盘
606,14:16:21,10.74,0.01,49,52668,买盘
607,14:16:18,10.73,--,80,85840,卖盘
608,14:16:15,10.73,-0.01,36,39658,卖盘
609,14:16:12,10.74,--,1027,1102998,买盘
610,14:16:09,10.74,0.01,70,75180,买盘
611,14:16:06,10.73,--,448,480704,卖盘
612,14:16:00,10.73,--,1018,1092314,卖盘
613,14:15:57,10.73,--,7,7511,卖盘
614,14:15:54,10.73,-0.01,61,65453,卖盘
615,14:15:48,10.74,0.01,105,112770,买盘
616,14:15:45,10.73,-0.01,48,51504,卖盘
617,14:15:42,10.74,--,250,268500,买盘
618,14:15:36,10.74,--,39,41886,买盘
619,14:15:33,10.74,--,1,1074,买盘
620,14:15:30,10.74,--,402,431748,买盘
621,14:15:27,10.74,0.01,2,2148,买盘
622,14:15:24,10.73,--,13,13949,卖盘
623,14:15:21,10.73,-0.02,14,15022,卖盘
624,14:15:15,10.75,0.01,71,76325,买盘
625,14:15:09,10.74,--,85,91290,买盘
626,14:15:06,10.74,--,952,1022448,卖盘
627,14:15:03,10.74,--,179,192246,卖盘
628,14:15:00,10.74,--,10,10740,卖盘
629,14:14:57,10.74,--,7,7518,卖盘
630,14:14:54,10.74,0.01,823,883902,买盘
631,14:14:51,10.73,--,395,423835,卖盘
632,14:14:45,10.73,--,1015,1089095,卖盘
633,14:14:39,10.73,-0.01,12,12876,卖盘
634,14:14:36,10.74,0.01,29,31146,买盘
635,14:14:33,10.73,-0.01,190,203870,卖盘
636,14:14:30,10.74,--,9,9666,买盘
637,14:14:27,10.74,--,279,299646,卖盘
638,14:14:24,10.74,--,60,64440,卖盘
639,14:14:21,10.74,--,192,206208,买盘
640,14:14:18,10.74,--,8,8592,卖盘
641,14:14:15,10.74,--,125,134250,卖盘
642,14:14:12,10.74,--,2035,2185590,卖盘
643,14:14:09,10.74,-0.01,244,262056,卖盘
644,14:14:06,10.75,0.01,245,263375,买盘
645,14:14:00,10.74,-0.01,45,48330,卖盘
646,14:13:57,10.75,--,30,32250,买盘
647,14:13:54,10.75,--,74,79550,买盘
648,14:13:51,10.75,--,27,29025,买盘
649,14:13:45,10.75,--,172,184900,卖盘
650,14:13:42,10.75,--,271,291325,卖盘
651,14:13:39,10.75,-0.01,384,412800,卖盘
652,14:13:36,10.76,0.01,167,179692,买盘
653,14:13:33,10.75,--,10,10750,卖盘
654,14:13:30,10.75,--,377,405275,卖盘
655,14:13:27,10.75,--,289,310675,卖盘
656,14:13:24,10.75,--,104,111800,卖盘
657,14:13:21,10.75,-0.01,10,10750,卖盘
658,14:13:18,10.76,0.01,429,461604,买盘
659,14:13:15,10.75,--,155,166625,卖盘
660,14:13:09,10.75,-0.01,56,60200,卖盘
661,14:13:06,10.76,0.01,91,97916,买盘
662,14:13:03,10.75,-0.01,20,21500,卖盘
663,14:13:00,10.76,0.01,62,66712,买盘
664,14:12:57,10.75,-0.01,22,23650,卖盘
665,14:12:51,10.76,--,23,24748,买盘
666,14:12:48,10.76,--,147,158172,买盘
667,14:12:45,10.76,-0.01,90,96840,买盘
668,14:12:42,10.77,0.01,132,142164,买盘
669,14:12:39,10.76,--,242,260392,卖盘
670,14:12:36,10.76,-0.01,722,776872,卖盘
671,14:12:33,10.77,0.01,211,227247,买盘
672,14:12:30,10.76,--,522,561672,卖盘
673,14:12:27,10.76,--,382,411032,卖盘
674,14:12:24,10.76,--,265,285140,卖盘
675,14:12:21,10.76,-0.01,713,767188,卖盘
676,14:12:18,10.77,0.01,267,287559,买盘
677,14:12:15,10.76,-0.01,121,130196,卖盘
678,14:12:12,10.77,--,394,424338,买盘
679,14:12:09,10.77,--,1122,1208394,买盘
680,14:12:06,10.77,0.01,1295,1394715,买盘
681,14:12:03,10.76,-0.02,683,734908,卖盘
682,14:12:00,10.78,0.01,32,34496,买盘
683,14:11:57,10.77,--,187,201399,卖盘
684,14:11:54,10.77,--,779,838983,卖盘
685,14:11:51,10.77,--,2172,2339244,买盘
686,14:11:48,10.77,--,137,147549,买盘
687,14:11:42,10.77,0.01,263,283251,买盘
688,14:11:39,10.76,-0.01,137,147412,卖盘
689,14:11:36,10.77,0.02,5,5385,买盘
690,14:11:33,10.75,-0.01,190,204250,中性盘
691,14:11:30,10.76,--,617,663892,买盘
692,14:11:27,10.76,0.01,84,90384,买盘
693,14:11:24,10.75,-0.05,256,275200,中性盘
694,14:11:18,10.8,0.04,12027,12989160,买盘
695,14:11:15,10.76,-0.03,31,33356,买盘
696,14:11:12,10.79,0.06,12100,13055899,买盘
697,14:11:09,10.73,-0.04,27,28971,卖盘
698,14:11:06,10.77,0.01,339,365103,买盘
699,14:11:03,10.76,-0.01,50,53800,卖盘
700,14:11:00,10.77,--,2004,2158308,卖盘
701,14:10:57,10.77,--,215,231555,卖盘
702,14:10:54,10.77,--,161,173397,卖盘
703,14:10:51,10.77,--,632,680664,卖盘
704,14:10:48,10.77,--,89,95853,卖盘
705,14:10:42,10.77,-0.01,538,579426,卖盘
706,14:10:39,10.78,--,258,278124,买盘
707,14:10:36,10.78,--,404,435512,买盘
708,14:10:30,10.78,0.01,245,264110,买盘
709,14:10:27,10.77,-0.01,514,553578,卖盘
710,14:10:24,10.78,0.01,268,288904,买盘
711,14:10:21,10.77,-0.02,220,236940,卖盘
712,14:10:18,10.79,0.02,1339,1444781,买盘
713,14:10:15,10.77,-0.01,178,191706,卖盘
714,14:10:12,10.78,--,613,660814,买盘
715,14:10:09,10.78,-0.01,110,118580,中性盘
716,14:10:06,10.79,0.01,624,673296,买盘
717,14:10:02,10.78,--,767,826826,卖盘
718,14:09:59,10.78,--,250,269500,卖盘
719,14:09:56,10.78,--,684,737352,卖盘
720,14:09:53,10.78,0.01,4157,4481246,买盘
721,14:09:50,10.77,--,1894,2039838,买盘
722,14:09:47,10.77,--,1401,1508877,买盘
723,14:09:44,10.77,--,937,1009149,买盘
724,14:09:38,10.77,0.01,292,314484,买盘
725,14:09:35,10.76,-0.01,168,180768,中性盘
726,14:09:32,10.77,0.02,1033,1112541,买盘
727,14:09:29,10.75,-0.01,237,254775,卖盘
728,14:09:26,10.76,--,458,492808,买盘
729,14:09:20,10.76,0.01,908,977008,买盘
730,14:09:17,10.75,-0.01,92,98900,卖盘
731,14:09:14,10.76,0.01,353,379828,买盘
732,14:09:11,10.75,0.02,21176,22764458,买盘
733,14:09:08,10.73,-0.01,156,167388,卖盘
734,14:09:05,10.74,0.01,50,53700,买盘
735,14:09:02,10.73,--,90,96570,卖盘
736,14:08:59,10.73,0.03,12531,13445805,买盘
737,14:08:53,10.7,--,10,11727,卖盘
738,14:08:50,10.7,--,97,103832,卖盘
739,14:08:47,10.7,--,24,26707,卖盘
740,14:08:44,10.7,0.01,337,360632,买盘
741,14:08:38,10.69,-0.02,8,8552,卖盘
742,14:08:35,10.71,0.02,4568,4892328,买盘
743,14:08:32,10.69,--,2,2138,卖盘
744,14:08:29,10.69,-0.01,28,30958,卖盘
745,14:08:20,10.7,0.01,100,107000,买盘
746,14:08:17,10.69,-0.01,10,10690,卖盘
747,14:08:05,10.7,--,35,37492,买盘
748,14:08:02,10.7,0.01,2,2140,买盘
749,14:07:59,10.69,-0.01,22,23518,卖盘
750,14:07:56,10.7,--,4,5307,买盘
751,14:07:53,10.7,--,40,42800,买盘
752,14:07:50,10.7,--,81,86712,买盘
753,14:07:47,10.7,--,60,64199,买盘
754,14:07:44,10.7,0.01,132,142267,买盘
755,14:07:41,10.69,-0.01,84,89796,卖盘
756,14:07:38,10.7,--,366,391620,买盘
757,14:07:35,10.7,--,39,41772,买盘
758,14:07:29,10.7,--,368,393760,买盘
759,14:07:26,10.7,--,70,74900,买盘
760,14:07:23,10.7,0.01,10,10700,买盘
761,14:07:20,10.69,-0.01,50,53450,卖盘
762,14:07:17,10.7,--,1010,1080700,买盘
763,14:07:14,10.7,--,50,54527,买盘
764,14:07:08,10.7,--,24,25680,买盘
765,14:07:05,10.7,0.01,1000,1070000,买盘
766,14:06:59,10.69,--,72,76968,卖盘
767,14:06:56,10.69,-0.02,147,157185,卖盘
768,14:06:53,10.71,--,1022,1095590,买盘
769,14:06:50,10.71,--,12,12852,买盘
770,14:06:44,10.71,-0.01,20,21420,中性盘
771,14:06:41,10.72,0.02,1005,1077402,买盘
772,14:06:38,10.7,-0.01,6,7447,买盘
773,14:06:35,10.71,--,35,37527,买盘
774,14:06:32,10.71,0.02,1000,1071000,买盘
775,14:06:29,10.69,-0.03,144,153936,卖盘
776,14:06:20,10.72,0.01,1078,1155616,买盘
777,14:06:17,10.71,0.02,8,8568,买盘
778,14:06:14,10.69,-0.02,1516,1621630,卖盘
779,14:06:11,10.71,0.02,1193,1277745,买盘
780,14:06:08,10.69,--,70,74830,卖盘
781,14:06:05,10.69,-0.01,304,326002,卖盘
782,14:06:02,10.7,-0.02,20,21400,买盘
783,14:05:59,10.72,0.02,1166,1249952,买盘
784,14:05:53,10.7,0.01,12,12840,买盘
785,14:05:50,10.69,-0.02,32,34208,卖盘
786,14:05:47,10.71,0.01,1000,1071000,买盘
787,14:05:44,10.7,--,63,67452,买盘
788,14:05:41,10.7,--,70,74900,买盘
789,14:05:35,10.7,--,1080,1156627,卖盘
790,14:05:29,10.7,-0.01,145,155192,买盘
791,14:05:26,10.71,0.01,1000,1071000,买盘
792,14:05:17,10.7,-0.02,18,20287,卖盘
793,14:05:14,10.72,0.02,1010,1082720,买盘
794,14:05:08,10.7,-0.01,10,10700,卖盘
795,14:05:05,10.71,0.01,1015,1087107,买盘
796,14:05:02,10.7,--,46,50247,买盘
797,14:04:59,10.7,--,43,46052,买盘
798,14:04:56,10.7,-0.01,478,512487,卖盘
799,14:04:53,10.71,0.01,1023,1095675,买盘
800,14:04:50,10.7,-0.02,104,112307,卖盘
801,14:04:41,10.72,0.02,1000,1072000,买盘
802,14:04:38,10.7,0.01,96,102720,卖盘
803,14:04:32,10.69,--,21,22491,卖盘
804,14:04:29,10.69,-0.01,1020,1090380,卖盘
805,14:04:23,10.7,-0.02,58,63087,买盘
806,14:04:20,10.72,0.03,1013,1085978,买盘
807,14:04:17,10.69,--,128,137858,卖盘
808,14:04:14,10.69,--,12,12828,卖盘
809,14:04:08,10.69,-0.01,1012,1081828,中性盘
810,14:04:05,10.7,-0.02,56,59919,买盘
811,14:03:59,10.72,0.03,1000,1072000,买盘
812,14:03:56,10.69,-0.02,433,462919,卖盘
813,14:03:53,10.71,0.01,16,17136,中性盘
814,14:03:50,10.7,-0.02,74,80207,卖盘
815,14:03:47,10.72,0.02,1017,1090266,买盘
816,14:03:44,10.7,-0.01,10,11727,卖盘
817,14:03:38,10.71,0.01,1024,1096704,买盘
818,14:03:29,10.7,--,7,7532,卖盘
819,14:03:26,10.7,0.01,24,26707,买盘
820,14:03:23,10.69,-0.01,1698,1815162,卖盘
821,14:03:17,10.7,-0.02,60,64199,卖盘
822,14:03:14,10.72,0.02,1000,1072000,买盘
823,14:03:11,10.7,--,5,5392,卖盘
824,14:03:08,10.7,-0.01,4,5307,卖盘
825,14:03:05,10.71,0.01,61,65373,买盘
826,14:03:02,10.7,-0.01,1016,1088147,卖盘
827,14:02:59,10.71,0.02,60,64260,买盘
828,14:02:53,10.69,-0.02,1772,1894268,卖盘
829,14:02:47,10.71,0.01,70,74970,买盘
830,14:02:44,10.7,-0.01,33,35352,卖盘
831,14:02:41,10.71,--,1064,1140572,买盘
832,14:02:38,10.71,--,9,9681,买盘
833,14:02:35,10.71,0.01,1050,1124550,买盘
834,14:02:23,10.7,0.01,2,2140,中性盘
835,14:02:20,10.69,-0.01,102,110064,卖盘
836,14:02:17,10.7,-0.01,1002,1072140,中性盘
837,14:02:05,10.71,0.01,1039,1112811,买盘
838,14:01:59,10.7,--,1032,1104240,卖盘
839,14:01:53,10.7,--,184,197907,买盘
840,14:01:50,10.7,-0.01,13,13952,买盘
841,14:01:47,10.71,0.02,1000,1071000,买盘
842,14:01:44,10.69,-0.01,6,7440,卖盘
843,14:01:38,10.7,--,2,2140,买盘
844,14:01:35,10.7,0.01,1121,1199512,买盘
845,14:01:29,10.69,0.01,14,14966,中性盘
846,14:01:26,10.68,-0.02,30,32040,卖盘
847,14:01:23,10.7,0.01,1364,1460507,买盘
848,14:01:20,10.69,--,52,55588,卖盘
849,14:01:17,10.69,-0.01,120,128280,买盘
850,14:01:11,10.7,0.01,1000,1070000,买盘
851,14:01:05,10.69,--,48,51312,买盘
852,14:01:02,10.69,0.01,1042,1113898,买盘
853,14:00:59,10.68,-0.01,6,6408,卖盘
854,14:00:56,10.69,--,107,114425,买盘
855,14:00:53,10.69,0.02,12,13854,中性盘
856,14:00:50,10.67,-0.02,1064,1135288,卖盘
857,14:00:47,10.69,-0.01,13,13939,中性盘
858,14:00:38,10.7,0.01,1006,1077447,买盘
859,14:00:35,10.69,--,54,57726,买盘
860,14:00:32,10.69,-0.01,18,19242,买盘
861,14:00:29,10.7,0.01,1000,1070000,买盘
862,14:00:26,10.69,--,14,14966,买盘
863,14:00:23,10.69,-0.01,484,517481,卖盘
864,14:00:20,10.7,0.01,1114,1191980,买盘
865,14:00:17,10.69,--,75,80175,卖盘
866,14:00:14,10.69,--,20,21380,卖盘
867,14:00:11,10.69,--,51,54519,卖盘
868,14:00:08,10.69,0.02,357,382616,买盘
869,14:00:02,10.67,--,12,12804,买盘
870,13:59:59,10.67,0.02,53,56593,买盘
871,13:59:56,10.65,-0.04,500,532500,卖盘
872,13:59:53,10.69,0.02,1014,1083966,买盘
873,13:59:50,10.67,-0.02,40,43704,卖盘
874,13:59:47,10.69,0.02,1010,1079690,买盘
875,13:59:41,10.67,-0.01,27,29449,卖盘
876,13:59:38,10.68,--,13,14909,卖盘
877,13:59:35,10.68,-0.01,1024,1093632,中性盘
878,13:59:23,10.69,0.02,1000,1069000,买盘
879,13:59:20,10.67,-0.01,38,40546,卖盘
880,13:59:17,10.68,0.01,10,10680,买盘
881,13:59:14,10.67,-0.01,23,24541,卖盘
882,13:59:11,10.68,0.01,1062,1134216,买盘
883,13:59:08,10.67,--,91,97609,卖盘
884,13:59:05,10.67,--,4,4268,卖盘
885,13:59:02,10.67,--,1300,1387100,卖盘
886,13:58:53,10.67,--,217,231539,卖盘
887,13:58:50,10.67,--,64,68288,卖盘
888,13:58:47,10.67,0.03,374,400082,买盘
889,13:58:44,10.64,-0.03,10,10640,卖盘
890,13:58:41,10.67,0.03,14,14938,买盘
891,13:58:38,10.64,-0.02,1011,1075746,卖盘
892,13:58:35,10.66,0.02,24,25584,买盘
893,13:58:32,10.64,-0.03,6,6384,卖盘
894,13:58:26,10.67,0.02,1006,1073402,买盘
895,13:58:23,10.65,--,6,7412,买盘
896,13:58:17,10.65,0.01,1047,1115097,买盘
897,13:58:11,10.64,--,102,109549,买盘
898,13:58:08,10.64,-0.01,34,36176,中性盘
899,13:58:05,10.65,0.01,1005,1070367,买盘
900,13:58:02,10.64,--,26,27664,买盘
901,13:57:59,10.64,--,2,2128,买盘
902,13:57:56,10.64,--,1030,1095920,买盘
903,13:57:53,10.64,--,166,176624,买盘
904,13:57:44,10.64,-0.01,102,108528,卖盘
905,13:57:41,10.65,0.01,1000,1065000,买盘
906,13:57:38,10.64,--,30,31920,卖盘
907,13:57:35,10.64,-0.01,48,51072,卖盘
908,13:57:32,10.65,--,1002,1068152,买盘
909,13:57:26,10.65,--,34,36210,买盘
910,13:57:23,10.65,--,30,31950,买盘
911,13:57:20,10.65,0.01,43,45837,买盘
912,13:57:17,10.64,-0.01,1744,1856637,卖盘
913,13:57:14,10.65,0.01,1,1107,买盘
914,13:57:11,10.64,-0.01,36,38304,卖盘
915,13:57:05,10.65,--,42,44730,买盘
916,13:56:59,10.65,--,30,31950,买盘
917,13:56:56,10.65,--,4,5282,买盘
918,13:56:53,10.65,0.01,4,4260,买盘
919,13:56:50,10.64,--,1745,1856722,卖盘
920,13:56:47,10.64,--,2,2128,卖盘
921,13:56:41,10.64,-0.01,4,5277,卖盘
922,13:56:35,10.65,0.01,24,25560,买盘
923,13:56:23,10.64,-0.01,195,207522,卖盘
924,13:56:20,10.65,0.01,14,14910,买盘
925,13:56:17,10.64,-0.01,18,20173,卖盘
926,13:56:11,10.65,--,11,11757,买盘
927,13:56:08,10.65,--,152,162902,买盘
928,13:56:05,10.65,--,33,35187,买盘
929,13:56:02,10.65,--,18,20192,买盘
930,13:55:59,10.65,--,3,3237,买盘
931,13:55:56,10.65,--,6,6390,买盘
932,13:55:53,10.65,--,12,13802,买盘
933,13:55:47,10.65,-0.01,590,628350,卖盘
934,13:55:44,10.66,--,13,13900,买盘
935,13:55:41,10.66,--,72,77775,买盘
936,13:55:38,10.66,0.01,25,26692,买盘
937,13:55:32,10.65,-0.01,10,11672,卖盘
938,13:55:29,10.66,--,8,8528,买盘
939,13:55:23,10.66,0.01,140,149240,买盘
940,13:55:17,10.65,--,1134,1207710,卖盘
941,13:55:11,10.65,-0.01,23,24537,卖盘
942,13:55:08,10.66,--,6,7419,买盘
943,13:55:05,10.66,--,24,25584,买盘
944,13:55:02,10.66,0.01,200,213200,买盘
945,13:54:59,10.65,--,17,18147,卖盘
946,13:54:56,10.65,-0.01,500,532500,卖盘
947,13:54:50,10.66,0.01,2,2132,买盘
948,13:54:47,10.65,--,100,107522,卖盘
949,13:54:41,10.65,--,21,22407,卖盘
950,13:54:38,10.65,--,26,28712,卖盘
951,13:54:29,10.65,-0.01,75,79917,卖盘
952,13:54:20,10.66,0.01,40,42640,买盘
953,13:54:17,10.65,--,100,107522,卖盘
954,13:54:11,10.65,-0.01,36,38340,卖盘
955,13:54:08,10.66,0.01,150,159900,买盘
956,13:54:05,10.65,-0.01,38,40470,卖盘
957,13:53:59,10.66,--,1,1108,买盘
958,13:53:56,10.66,--,10,10660,买盘
959,13:53:53,10.66,--,12,13815,买盘
960,13:53:50,10.66,--,1,1108,买盘
961,13:53:47,10.66,0.01,12,13815,买盘
962,13:53:44,10.65,-0.01,492,523980,卖盘
963,13:53:38,10.66,--,39,41616,买盘
964,13:53:35,10.66,--,24,25584,买盘
965,13:53:32,10.66,--,4,5287,买盘
966,13:53:29,10.66,0.01,300,319800,买盘
967,13:53:26,10.65,-0.01,10,10650,卖盘
968,13:53:23,10.66,0.01,40,42640,买盘
969,13:53:17,10.65,--,101,107607,卖盘
970,13:53:11,10.65,--,24,26582,卖盘
971,13:52:56,10.65,-0.01,5,5367,卖盘
972,13:52:53,10.66,--,12,13815,买盘
973,13:52:47,10.66,--,76,81016,买盘
974,13:52:41,10.66,--,44,46904,买盘
975,13:52:38,10.66,--,20,21320,买盘
976,13:52:35,10.66,--,25,26692,买盘
977,13:52:32,10.66,0.01,20,21320,买盘
978,13:52:29,10.65,--,2,3152,卖盘
979,13:52:26,10.65,--,156,166140,卖盘
980,13:52:17,10.65,--,10,10650,卖盘
981,13:52:08,10.65,0.01,65,69267,中性盘
982,13:51:52,10.64,-0.02,526,559664,卖盘
983,13:51:49,10.66,--,2,2132,买盘
984,13:51:43,10.66,--,4,5287,买盘
985,13:51:37,10.66,0.01,30,31980,买盘
986,13:51:34,10.65,-0.01,29,31012,卖盘
987,13:51:31,10.66,--,6,7419,买盘
988,13:51:25,10.66,--,4,4264,买盘
989,13:51:19,10.66,--,36,38376,买盘
990,13:51:16,10.66,--,19,20296,买盘
991,13:51:13,10.66,--,164,175847,买盘
992,13:51:07,10.66,-0.02,36,38376,卖盘
993,13:51:04,10.68,0.01,484,516912,买盘
994,13:50:58,10.67,0.02,70,74690,买盘
995,13:50:55,10.65,-0.02,1000,1065000,卖盘
996,13:50:52,10.67,--,13,13913,买盘
997,13:50:49,10.67,--,202,216558,买盘
998,13:50:43,10.67,0.01,49,52325,买盘
999,13:50:40,10.66,-0.01,666,709956,卖盘
1000,13:50:37,10.67,0.01,12,13828,买盘
1001,13:50:34,10.66,-0.01,43,46818,卖盘
1002,13:50:31,10.67,--,114,121638,买盘
1003,13:50:28,10.67,--,480,512160,买盘
1004,13:50:16,10.67,0.01,145,154715,买盘
1005,13:50:13,10.66,--,41,43706,卖盘
1006,13:50:10,10.66,-0.01,764,814424,卖盘
1007,13:50:07,10.67,--,38,40546,买盘
1008,13:50:04,10.67,--,119,126973,买盘
1009,13:50:01,10.67,--,32,34144,买盘
1010,13:49:58,10.67,--,66,70422,买盘
1011,13:49:52,10.67,--,51,54417,买盘
1012,13:49:49,10.67,--,5,5335,买盘
1013,13:49:46,10.67,0.01,12,12804,买盘
1014,13:49:43,10.66,-0.01,49,52234,卖盘
1015,13:49:40,10.67,--,10,10670,买盘
1016,13:49:37,10.67,--,77,83055,买盘
1017,13:49:31,10.67,--,42,44856,买盘
1018,13:49:28,10.67,--,176,187792,买盘
1019,13:49:25,10.67,--,4,4268,买盘
1020,13:49:19,10.67,--,30,32010,买盘
1021,13:49:16,10.67,0.01,520,554840,买盘
1022,13:49:13,10.66,--,43,45838,卖盘
1023,13:49:10,10.66,-0.01,59,62894,卖盘
1024,13:49:07,10.67,--,40,42680,买盘
1025,13:49:04,10.67,--,116,123772,买盘
1026,13:48:58,10.67,--,16,17072,买盘
1027,13:48:52,10.67,--,80,85360,买盘
1028,13:48:46,10.67,0.01,5,5335,买盘
1029,13:48:43,10.66,--,5,5330,卖盘
1030,13:48:40,10.66,--,52,55432,卖盘
1031,13:48:37,10.66,--,153,163098,卖盘
1032,13:48:34,10.66,-0.01,34,37182,卖盘
1033,13:48:22,10.67,--,93,99231,买盘
1034,13:48:16,10.67,0.01,327,348909,买盘
1035,13:48:07,10.66,--,745,795150,买盘
1036,13:48:01,10.66,0.01,26,28739,买盘
1037,13:47:55,10.65,-0.01,32,34080,卖盘
1038,13:47:52,10.66,--,30,31980,买盘
1039,13:47:49,10.66,--,63,67200,买盘
1040,13:47:46,10.66,--,2,3155,买盘
1041,13:47:43,10.66,--,49,52276,买盘
1042,13:47:40,10.66,--,10,10660,买盘
1043,13:47:37,10.66,--,18,20211,买盘
1044,13:47:34,10.66,--,121,129113,卖盘
1045,13:47:31,10.66,-0.01,28,30786,卖盘
1046,13:47:28,10.67,--,9,9645,买盘
1047,13:47:25,10.67,--,64,68288,买盘
1048,13:47:10,10.67,0.01,64,68288,买盘
1049,13:47:07,10.66,-0.01,30,31980,卖盘
1050,13:47:04,10.67,0.01,130,139734,买盘
1051,13:47:01,10.66,--,100,106600,卖盘
1052,13:46:55,10.66,--,361,384868,买盘
1053,13:46:52,10.66,--,16,17056,买盘
1054,13:46:49,10.66,--,14,15947,买盘
1055,13:46:46,10.66,--,30,31980,买盘
1056,13:46:40,10.66,--,11,11768,买盘
1057,13:46:37,10.66,0.02,34,37267,买盘
1058,13:46:31,10.64,--,16,18002,卖盘
1059,13:46:28,10.64,-0.02,21,22344,卖盘
1060,13:46:22,10.66,--,10,10660,买盘
1061,13:46:16,10.66,--,25,26650,卖盘
1062,13:46:10,10.66,0.03,35,37310,中性盘
1063,13:46:04,10.63,-0.03,1881,1999503,卖盘
1064,13:46:01,10.66,--,12,12792,卖盘
1065,13:45:55,10.66,--,71,75686,买盘
1066,13:45:52,10.66,--,17,18122,买盘
1067,13:45:49,10.66,--,12,12792,卖盘
1068,13:45:43,10.66,-0.01,21,22386,买盘
1069,13:45:40,10.67,0.04,35,37345,买盘
1070,13:45:37,10.63,-0.03,1857,1973991,卖盘
1071,13:45:34,10.66,0.01,21,22386,买盘
1072,13:45:31,10.65,--,3,3961,卖盘
1073,13:45:28,10.65,-0.01,5,5495,卖盘
1074,13:45:22,10.66,-0.01,40,42640,卖盘
1075,13:45:16,10.67,--,19,20273,买盘
1076,13:45:13,10.67,0.04,57,60819,买盘
1077,13:45:07,10.63,-0.03,1882,2000566,卖盘
1078,13:45:04,10.66,-0.01,3,3198,中性盘
1079,13:44:58,10.67,0.01,36,38412,买盘
1080,13:44:52,10.66,0.01,29,30914,中性盘
1081,13:44:49,10.65,--,28,29820,卖盘
1082,13:44:46,10.65,--,542,577230,卖盘
1083,13:44:34,10.65,0.01,1991,2121011,买盘
1084,13:44:31,10.64,0.02,1354,1440656,买盘
1085,13:44:28,10.62,-0.01,63,67840,卖盘
1086,13:44:25,10.63,--,712,756856,买盘
1087,13:44:19,10.63,-0.01,1540,1637020,卖盘
1088,13:44:13,10.64,--,793,843752,买盘
1089,13:44:07,10.64,--,1745,1856680,买盘
1090,13:44:04,10.64,--,538,572432,买盘
1091,13:43:55,10.64,-0.01,16,17024,买盘
1092,13:43:52,10.65,0.02,527,561255,买盘
1093,13:43:49,10.63,-0.02,38,40394,卖盘
1094,13:43:40,10.65,--,487,518655,买盘
1095,13:43:37,10.65,0.02,1582,1684830,买盘
1096,13:43:31,10.63,-0.02,10,10630,中性盘
1097,13:43:28,10.65,0.02,2406,2562773,买盘
1098,13:43:22,10.63,-0.02,20,21260,卖盘
1099,13:43:19,10.65,0.02,528,563342,买盘
1100,13:43:16,10.63,--,2,2126,卖盘
1101,13:43:13,10.63,--,1993,2119281,买盘
1102,13:43:10,10.63,--,519,551697,买盘
1103,13:43:07,10.63,--,2693,2862659,买盘
1104,13:43:04,10.63,--,5,5315,买盘
1105,13:43:01,10.63,--,76,80788,买盘
1106,13:42:58,10.63,--,540,574020,买盘
1107,13:42:55,10.63,--,13,13819,买盘
1108,13:42:52,10.63,--,47,49961,买盘
1109,13:42:49,10.63,--,916,973708,买盘
1110,13:42:43,10.63,--,15,15945,买盘
1111,13:42:40,10.63,--,100,106300,买盘
1112,13:42:34,10.63,-0.02,952,1012316,卖盘
1113,13:42:31,10.65,--,17,18147,卖盘
1114,13:42:28,10.65,--,2,3152,卖盘
1115,13:42:25,10.65,0.01,8,9499,卖盘
1116,13:42:22,10.64,0.01,280,298728,买盘
1117,13:42:19,10.63,--,105,111615,买盘
1118,13:42:16,10.63,--,24,25512,买盘
1119,13:42:13,10.63,--,890,946070,买盘
1120,13:42:10,10.63,--,42,44646,买盘
1121,13:42:07,10.63,--,5111,5432993,买盘
1122,13:42:04,10.63,-0.03,1207,1283296,卖盘
1123,13:42:01,10.66,0.02,156,167106,买盘
1124,13:41:55,10.64,--,13,13832,买盘
1125,13:41:52,10.64,--,503,535192,买盘
1126,13:41:46,10.64,--,5,5320,买盘
1127,13:41:43,10.64,--,2416,2570624,买盘
1128,13:41:40,10.64,0.01,1529,1626856,买盘
1129,13:41:37,10.63,--,5142,5466796,卖盘
1130,13:41:34,10.63,-0.01,68,72284,卖盘
1131,13:41:31,10.64,--,306,325584,买盘
1132,13:41:28,10.64,0.01,60,63840,买盘
1133,13:41:22,10.63,--,8,9439,卖盘
1134,13:41:16,10.63,-0.01,55,58465,卖盘
1135,13:41:07,10.64,--,60,63840,买盘
1136,13:41:04,10.64,-0.01,1771,1884599,卖盘
1137,13:41:01,10.65,--,8,9542,卖盘
1138,13:40:46,10.65,-0.01,19,20277,卖盘
1139,13:40:43,10.66,--,14,15947,买盘
1140,13:40:37,10.66,0.01,2607,2779104,买盘
1141,13:40:31,10.65,--,250,266250,买盘
1142,13:40:28,10.65,0.01,4,5282,买盘
1143,13:40:25,10.64,-0.01,27,29706,卖盘
1144,13:40:22,10.65,0.01,3,3195,买盘
1145,13:40:19,10.64,--,36,38304,卖盘
1146,13:40:13,10.64,-0.01,50,53200,卖盘
1147,13:40:10,10.65,--,9,9585,买盘
1148,13:40:07,10.65,--,40,42600,买盘
1149,13:40:04,10.65,--,1334,1420710,买盘
1150,13:39:58,10.65,--,3,3195,买盘
1151,13:39:55,10.65,--,23,24495,买盘
1152,13:39:52,10.65,--,17,18105,买盘
1153,13:39:49,10.65,--,1,1065,买盘
1154,13:39:46,10.65,--,10,10650,买盘
1155,13:39:43,10.65,--,24,25560,买盘
1156,13:39:40,10.65,--,1,1065,买盘
1157,13:39:37,10.65,--,1528,1627320,买盘
1158,13:39:34,10.65,--,1328,1414320,买盘
1159,13:39:31,10.65,--,20,21300,买盘
1160,13:39:28,10.65,0.01,62,66030,买盘
1161,13:39:25,10.64,-0.01,3,3872,卖盘
1162,13:39:22,10.65,--,16,17295,买盘
1163,13:39:16,10.65,-0.01,80,85200,卖盘
1164,13:39:13,10.66,--,10,10660,买盘
1165,13:39:10,10.66,--,15,15990,买盘
1166,13:39:04,10.66,0.01,1325,1412450,买盘
1167,13:38:55,10.65,-0.01,52,55380,卖盘
1168,13:38:52,10.66,--,23,24518,买盘
1169,13:38:49,10.66,0.01,75,79950,买盘
1170,13:38:46,10.65,-0.01,2,2130,卖盘
1171,13:38:40,10.66,--,12,12792,买盘
1172,13:38:34,10.66,--,666,709956,买盘
1173,13:38:22,10.66,0.01,68,73426,买盘
1174,13:38:16,10.65,--,10,10650,买盘
1175,13:38:13,10.65,-0.01,140,149100,卖盘
1176,13:38:10,10.66,--,5,5330,买盘
1177,13:38:07,10.66,--,24,25584,买盘
1178,13:38:04,10.66,0.01,661,704626,买盘
1179,13:37:55,10.65,--,5,5325,卖盘
1180,13:37:49,10.65,--,1649,1757122,买盘
1181,13:37:46,10.65,--,32,34080,买盘
1182,13:37:40,10.65,0.01,12,13802,买盘
1183,13:37:37,10.64,--,10,10640,卖盘
1184,13:37:34,10.64,--,78,82992,卖盘
1185,13:37:31,10.64,-0.01,653,694834,卖盘
1186,13:37:25,10.65,0.01,10,10650,买盘
1187,13:37:22,10.64,--,287,306304,卖盘
1188,13:37:16,10.64,--,4,4256,卖盘
1189,13:37:10,10.64,-0.01,20,21280,卖盘
1190,13:37:07,10.65,--,56,59640,买盘
1191,13:37:04,10.65,0.01,4,4260,买盘
1192,13:37:01,10.64,-0.01,663,705432,卖盘
1193,13:36:58,10.65,--,70,74550,买盘
1194,13:36:49,10.65,--,32,34080,买盘
1195,13:36:43,10.65,--,90,95850,买盘
1196,13:36:37,10.65,--,44,46860,买盘
1197,13:36:34,10.65,--,28,29820,买盘
1198,13:36:31,10.65,--,6,6390,买盘
1199,13:36:28,10.65,0.01,9,9585,买盘
1200,13:36:25,10.64,-0.01,56,59584,卖盘
1201,13:36:22,10.65,0.01,3,3195,买盘
1202,13:36:19,10.64,-0.01,26,28600,卖盘
1203,13:36:13,10.65,--,115,122475,买盘
1204,13:36:10,10.65,--,15,15975,买盘
1205,13:36:07,10.65,--,31,33015,买盘
1206,13:36:01,10.65,--,491,523085,卖盘
1207,13:35:52,10.65,--,5,5325,卖盘
1208,13:35:49,10.65,0.01,872,929574,买盘
1209,13:35:46,10.64,-0.01,4,4256,卖盘
1210,13:35:43,10.65,--,2139,2278035,买盘
1211,13:35:34,10.65,--,71,75615,买盘
1212,13:35:31,10.65,--,57,60705,买盘
1213,13:35:28,10.65,--,435,463445,卖盘
1214,13:35:22,10.65,--,23,24495,卖盘
1215,13:35:19,10.65,--,3,4047,卖盘
1216,13:35:16,10.65,-0.01,2524,2688145,卖盘
1217,13:35:10,10.66,0.01,53,56498,买盘
1218,13:35:07,10.65,-0.01,35,37275,卖盘
1219,13:35:04,10.66,0.01,33,35178,买盘
1220,13:35:01,10.65,-0.01,5,5325,卖盘
1221,13:34:55,10.66,0.01,50,53300,买盘
1222,13:34:43,10.65,-0.01,20,21300,卖盘
1223,13:34:37,10.66,0.01,24,25584,买盘
1224,13:34:34,10.65,--,161,171465,卖盘
1225,13:34:31,10.65,--,112,119280,卖盘
1226,13:34:22,10.65,-0.01,50,53250,卖盘
1227,13:34:19,10.66,0.01,39,41574,买盘
1228,13:34:16,10.65,--,3,3919,卖盘
1229,13:34:13,10.65,--,305,325038,卖盘
1230,13:34:10,10.65,--,2,2130,卖盘
1231,13:34:07,10.65,-0.01,3,3621,卖盘
1232,13:34:04,10.66,--,25,26650,买盘
1233,13:34:01,10.66,0.01,10,10660,买盘
1234,13:33:55,10.65,-0.01,10,10650,卖盘
1235,13:33:52,10.66,0.01,10,10660,买盘
1236,13:33:49,10.65,--,202,215130,卖盘
1237,13:33:46,10.65,-0.01,1,1065,卖盘
1238,13:33:37,10.66,0.01,25,26650,买盘
1239,13:33:28,10.65,--,3,3195,卖盘
1240,13:33:25,10.65,--,40,42600,卖盘
1241,13:33:16,10.65,--,68,72420,卖盘
1242,13:33:13,10.65,--,8,9499,卖盘
1243,13:33:10,10.65,-0.01,6,7412,卖盘
1244,13:33:07,10.66,--,35,37352,买盘
1245,13:33:01,10.66,--,54,57564,买盘
1246,13:32:58,10.66,--,865,922303,卖盘
1247,13:32:55,10.66,--,12,12792,卖盘
1248,13:32:49,10.66,--,37,39442,卖盘
1249,13:32:46,10.66,--,58,61828,卖盘
1250,13:32:42,10.66,-0.01,12,12792,卖盘
1251,13:32:39,10.67,0.01,18,19206,买盘
1252,13:32:36,10.66,--,180,191880,卖盘
1253,13:32:33,10.66,--,18,19188,卖盘
1254,13:32:30,10.66,--,1297,1382602,卖盘
1255,13:32:15,10.66,--,76,81954,卖盘
1256,13:32:06,10.66,-0.01,45,47970,卖盘
1257,13:32:03,10.67,0.01,74,78958,买盘
1258,13:32:00,10.66,--,22,23452,卖盘
1259,13:31:54,10.66,--,120,127920,卖盘
1260,13:31:51,10.66,--,21,22386,卖盘
1261,13:31:48,10.66,-0.01,2,2132,卖盘
1262,13:31:42,10.67,0.01,100,106700,买盘
1263,13:31:36,10.66,-0.01,10,10660,卖盘
1264,13:31:33,10.67,0.01,751,801317,买盘
1265,13:31:30,10.66,-0.01,6,6396,卖盘
1266,13:31:24,10.67,--,16,17072,买盘
1267,13:31:21,10.67,--,32,34144,买盘
1268,13:31:18,10.67,--,26,27742,买盘
1269,13:31:15,10.67,0.01,10,10670,买盘
1270,13:31:12,10.66,-0.01,8,9508,卖盘
1271,13:31:09,10.67,--,26,28766,买盘
1272,13:31:06,10.67,--,24,25608,买盘
1273,13:31:00,10.67,--,20,21340,买盘
1274,13:30:54,10.67,--,2898,3092166,卖盘
1275,13:30:51,10.67,-0.01,99,105675,卖盘
1276,13:30:45,10.68,--,4,4272,买盘
1277,13:30:39,10.68,0.01,36,39473,买盘
1278,13:30:33,10.67,-0.01,75,80067,卖盘
1279,13:30:30,10.68,0.01,2,2136,买盘
1280,13:30:27,10.67,-0.01,3124,3334332,卖盘
1281,13:30:21,10.68,0.01,4,4272,买盘
1282,13:30:18,10.67,--,12,12804,卖盘
1283,13:30:15,10.67,--,137,147160,卖盘
1284,13:30:06,10.67,-0.01,77,82159,卖盘
1285,13:30:03,10.68,--,4,4272,买盘
1286,13:30:00,10.68,--,1,1068,买盘
1287,13:29:57,10.68,0.01,8,8544,买盘
1288,13:29:54,10.67,-0.01,8,8536,卖盘
1289,13:29:45,10.68,--,47,50196,买盘
1290,13:29:39,10.68,--,10,10680,买盘
1291,13:29:36,10.68,--,100,106800,买盘
1292,13:29:33,10.68,0.01,34,36312,买盘
1293,13:29:27,10.67,--,1,1067,卖盘
1294,13:29:18,10.67,-0.01,12,12804,卖盘
1295,13:29:09,10.68,0.01,6,6408,买盘
1296,13:29:06,10.67,-0.01,32,35082,卖盘
1297,13:29:03,10.68,0.01,15,16020,买盘
1298,13:28:57,10.67,-0.01,51,54417,卖盘
1299,13:28:54,10.68,--,12,12816,买盘
1300,13:28:42,10.68,0.01,75,80100,买盘
1301,13:28:36,10.67,-0.01,56,59752,卖盘
1302,13:28:27,10.68,--,73,78092,卖盘
1303,13:28:24,10.68,--,119,127092,卖盘
1304,13:28:21,10.68,--,200,213600,卖盘
1305,13:28:15,10.68,--,2,2136,卖盘
1306,13:28:12,10.68,--,168,180363,买盘
1307,13:28:06,10.68,0.01,59,63823,买盘
1308,13:28:03,10.67,-0.01,5,5463,卖盘
1309,13:28:00,10.68,--,10,10680,买盘
1310,13:27:57,10.68,--,56,59808,买盘
1311,13:27:54,10.68,-0.01,1018,1087352,卖盘
1312,13:27:51,10.69,0.01,80,85520,买盘
1313,13:27:48,10.68,--,10,10680,卖盘
1314,13:27:45,10.68,--,1,1068,卖盘
1315,13:27:42,10.68,-0.01,374,399432,卖盘
1316,13:27:39,10.69,--,30,32070,买盘
1317,13:27:36,10.69,0.01,74,79106,买盘
1318,13:27:24,10.68,-0.01,120,128160,卖盘
1319,13:27:21,10.69,--,18,19242,买盘
1320,13:27:15,10.69,--,3,3207,买盘
1321,13:27:12,10.69,0.01,1,1069,买盘
1322,13:27:03,10.68,-0.01,33,36183,卖盘
1323,13:27:00,10.69,0.01,2,2138,买盘
1324,13:26:57,10.68,--,138,147384,卖盘
1325,13:26:51,10.68,--,24,25632,卖盘
1326,13:26:48,10.68,-0.01,1,1068,卖盘
1327,13:26:39,10.69,0.01,3,3207,买盘
1328,13:26:36,10.68,-0.01,45,48060,卖盘
1329,13:26:33,10.69,0.01,26,27794,买盘
1330,13:26:27,10.68,-0.01,12,12816,卖盘
1331,13:26:21,10.69,0.01,4,4276,买盘
1332,13:26:15,10.68,--,2,2136,卖盘
1333,13:26:12,10.68,--,13,13884,卖盘
1334,13:26:09,10.68,-0.01,2,2136,卖盘
1335,13:26:03,10.69,0.01,24,25656,买盘
1336,13:26:00,10.68,--,28,30886,卖盘
1337,13:25:57,10.68,--,108,115344,中性盘
1338,13:25:48,10.68,--,10,10680,卖盘
1339,13:25:45,10.68,-0.01,8,8544,卖盘
1340,13:25:36,10.69,0.01,38,41648,买盘
1341,13:25:27,10.68,-0.01,1871,1998270,中性盘
1342,13:25:24,10.69,--,6,6414,买盘
1343,13:25:12,10.69,--,10,10690,买盘
1344,13:25:06,10.69,--,24,26682,买盘
1345,13:25:03,10.69,0.02,70,75343,买盘
1346,13:25:00,10.67,0.01,8,9474,中性盘
1347,13:24:54,10.66,--,1867,1990222,卖盘
1348,13:24:45,10.66,--,2,2132,卖盘
1349,13:24:42,10.66,--,78,83148,卖盘
1350,13:24:39,10.66,-0.04,146,155636,卖盘
1351,13:24:36,10.7,--,420,449399,买盘
1352,13:24:33,10.7,0.05,25,26750,买盘
1353,13:24:27,10.65,-0.05,1867,1988355,卖盘
1354,13:24:24,10.7,0.05,10000,10700000,买盘
1355,13:24:21,10.65,--,1,1065,卖盘
1356,13:24:15,10.65,-0.01,32,34080,卖盘
1357,13:24:09,10.66,--,238,253708,买盘
1358,13:24:03,10.66,0.01,13,13858,买盘
1359,13:23:57,10.65,-0.01,38,41407,卖盘
1360,13:23:54,10.66,--,49,52234,买盘
1361,13:23:48,10.66,0.01,5,5330,买盘
1362,13:23:45,10.65,-0.01,9,9585,卖盘
1363,13:23:42,10.66,--,50,53300,买盘
1364,13:23:39,10.66,--,47,50102,买盘
1365,13:23:33,10.66,--,134,142844,买盘
1366,13:23:27,10.66,--,1354,1443364,卖盘
1367,13:23:21,10.66,-0.01,1,1066,卖盘
1368,13:23:12,10.67,--,41,43747,买盘
1369,13:23:06,10.67,0.01,225,240075,买盘
1370,13:23:00,10.66,0.01,179,191496,买盘
1371,13:22:57,10.65,-0.02,2581,2749020,卖盘
1372,13:22:51,10.67,0.01,26,27742,买盘
1373,13:22:45,10.66,-0.01,12,12792,卖盘
1374,13:22:42,10.67,--,20,21340,买盘
1375,13:22:39,10.67,--,40,42680,买盘
1376,13:22:36,10.67,--,1040,1109680,买盘
1377,13:22:33,10.67,--,124,132308,买盘
1378,13:22:30,10.67,--,8,8536,买盘
1379,13:22:24,10.67,--,52,55484,买盘
1380,13:22:15,10.67,--,133,141911,买盘
1381,13:22:09,10.67,--,18,19206,买盘
1382,13:22:06,10.67,--,24,25608,买盘
1383,13:22:03,10.67,--,27,28809,买盘
1384,13:22:00,10.67,--,126,134442,买盘
1385,13:21:57,10.67,--,42,44814,买盘
1386,13:21:54,10.67,--,199,212333,买盘
1387,13:21:51,10.67,--,5,5335,买盘
1388,13:21:48,10.67,--,12,12804,买盘
1389,13:21:45,10.67,--,48,51216,买盘
1390,13:21:42,10.67,--,20,21340,买盘
1391,13:21:39,10.67,--,50,53350,买盘
1392,13:21:33,10.67,--,54,57618,买盘
1393,13:21:24,10.67,-0.01,849,905883,卖盘
1394,13:21:21,10.68,-0.01,19,20292,卖盘
1395,13:21:18,10.69,0.01,1,1069,买盘
1396,13:21:09,10.68,--,3,3204,卖盘
1397,13:21:06,10.68,0.01,26,27768,卖盘
1398,13:20:54,10.67,-0.01,2394,2554398,卖盘
1399,13:20:48,10.68,--,2,2136,卖盘
1400,13:20:45,10.68,--,43,45924,买盘
1401,13:20:42,10.68,--,10,10680,买盘
1402,13:20:39,10.68,0.01,55,58740,买盘
1403,13:20:36,10.67,-0.01,44,46948,卖盘
1404,13:20:33,10.68,0.01,20,21360,买盘
1405,13:20:24,10.67,-0.01,23,24541,卖盘
1406,13:20:21,10.68,--,2,2136,买盘
1407,13:20:18,10.68,--,12,12816,买盘
1408,13:20:12,10.68,--,11,11748,买盘
1409,13:20:09,10.68,--,32,34176,买盘
1410,13:20:06,10.68,--,104,111072,买盘
1411,13:20:03,10.68,--,38,40584,买盘
1412,13:19:57,10.68,0.01,233,248844,买盘
1413,13:19:54,10.67,-0.01,2100,2240700,卖盘
1414,13:19:51,10.68,--,47,50196,买盘
1415,13:19:48,10.68,--,30,32040,买盘
1416,13:19:45,10.68,--,228,243504,买盘
1417,13:19:42,10.68,0.01,10,10680,买盘
1418,13:19:39,10.67,-0.01,82,87707,卖盘
1419,13:19:24,10.68,0.01,4,4272,买盘
1420,13:19:21,10.67,--,67,71489,卖盘
1421,13:19:15,10.67,-0.01,12,12804,卖盘
1422,13:19:12,10.68,0.01,2,2136,买盘
1423,13:19:09,10.67,-0.01,50,53350,卖盘
1424,13:19:03,10.68,--,194,207192,买盘
1425,13:19:00,10.68,--,28,29904,买盘
1426,13:18:57,10.68,--,98,104664,买盘
1427,13:18:54,10.68,--,10,10680,买盘
1428,13:18:51,10.68,--,113,120684,买盘
1429,13:18:48,10.68,--,47,50196,买盘
1430,13:18:42,10.68,--,118,126024,买盘
1431,13:18:39,10.68,--,2,2136,买盘
1432,13:18:36,10.68,--,24,25632,买盘
1433,13:18:30,10.68,--,170,181560,买盘
1434,13:18:24,10.68,-0.01,366,390888,卖盘
1435,13:18:21,10.69,0.01,221,236249,买盘
1436,13:18:18,10.68,--,2,2136,卖盘
1437,13:18:12,10.68,--,20,21360,卖盘
1438,13:18:06,10.68,--,27,28836,卖盘
1439,13:18:00,10.68,-0.01,1,1068,卖盘
1440,13:17:57,10.69,--,8,8552,买盘
1441,13:17:54,10.69,0.01,10,10690,买盘
1442,13:17:51,10.68,-0.01,866,924888,卖盘
1443,13:17:42,10.69,--,40,42760,买盘
1444,13:17:39,10.69,--,112,119728,买盘
1445,13:17:36,10.69,--,56,59864,买盘
1446,13:17:33,10.69,--,24,25656,买盘
1447,13:17:30,10.69,--,69,73761,买盘
1448,13:17:27,10.69,--,152,162488,买盘
1449,13:17:24,10.69,0.01,5,5345,买盘
1450,13:17:21,10.68,--,856,914208,卖盘
1451,13:17:18,10.68,-0.01,5,5340,卖盘
1452,13:17:15,10.69,--,5,5345,买盘
1453,13:17:06,10.69,--,35,37415,买盘
1454,13:17:03,10.69,--,6,6414,买盘
1455,13:16:57,10.69,0.01,268,286492,买盘
1456,13:16:51,10.68,--,25,26700,卖盘
1457,13:16:45,10.68,--,48,51264,卖盘
1458,13:16:42,10.68,-0.01,61,65148,卖盘
1459,13:16:39,10.69,--,39,41691,买盘
1460,13:16:33,10.69,--,24,25656,买盘
1461,13:16:30,10.69,0.01,78,83382,买盘
1462,13:16:21,10.68,-0.01,25,26700,卖盘
1463,13:16:18,10.69,--,59,63071,买盘
1464,13:16:15,10.69,0.01,3,3207,买盘
1465,13:16:12,10.68,-0.01,7,7476,卖盘
1466,13:16:08,10.69,--,63,67347,买盘
1467,13:16:05,10.69,--,25,26725,买盘
1468,13:15:59,10.69,0.01,38,40622,买盘
1469,13:15:56,10.68,--,126,134568,买盘
1470,13:15:53,10.68,0.01,19,20292,买盘
1471,13:15:47,10.67,--,43,45881,卖盘
1472,13:15:35,10.67,--,202,216387,买盘
1473,13:15:29,10.67,--,256,273152,买盘
1474,13:15:20,10.67,-0.01,313,334184,卖盘
1475,13:15:14,10.68,--,3,3204,卖盘
1476,13:15:11,10.68,0.01,157,168530,买盘
1477,13:15:05,10.67,--,57,60819,卖盘
1478,13:15:02,10.67,0.01,25,26675,卖盘
1479,13:14:59,10.66,-0.01,144,153504,卖盘
1480,13:14:56,10.67,--,41,43747,买盘
1481,13:14:50,10.67,--,731,779977,卖盘
1482,13:14:47,10.67,--,68,72556,卖盘
1483,13:14:38,10.67,--,111,118437,卖盘
1484,13:14:35,10.67,--,29,30943,买盘
1485,13:14:32,10.67,--,67,71489,买盘
1486,13:14:29,10.67,--,27,28809,买盘
1487,13:14:20,10.67,--,188,200596,买盘
1488,13:14:17,10.67,--,458,488686,卖盘
1489,13:14:11,10.67,-0.01,17,18139,卖盘
1490,13:14:08,10.68,0.01,74,79032,买盘
1491,13:14:05,10.67,--,42,44814,卖盘
1492,13:13:59,10.67,-0.01,100,106700,卖盘
1493,13:13:53,10.68,--,10,10680,买盘
1494,13:13:50,10.68,0.01,12,12816,买盘
1495,13:13:47,10.67,-0.01,999,1065933,卖盘
1496,13:13:44,10.68,0.01,5,5340,买盘
1497,13:13:38,10.67,-0.01,154,164318,卖盘
1498,13:13:35,10.68,--,26,27768,买盘
1499,13:13:32,10.68,--,30,32040,买盘
1500,13:13:26,10.68,0.01,105,112140,买盘
1501,13:13:17,10.67,-0.01,999,1065933,卖盘
1502,13:13:14,10.68,--,2,2136,买盘
1503,13:13:11,10.68,--,1,1068,买盘
1504,13:13:05,10.68,--,44,46992,买盘
1505,13:13:02,10.68,--,193,206124,买盘
1506,13:12:56,10.68,--,10,10680,买盘
1507,13:12:53,10.68,0.01,64,68352,买盘
1508,13:12:50,10.67,--,139,148313,卖盘
1509,13:12:47,10.67,-0.01,1049,1119283,卖盘
1510,13:12:41,10.68,--,100,106800,买盘
1511,13:12:38,10.68,--,3,3204,买盘
1512,13:12:35,10.68,0.01,26,27768,买盘
1513,13:12:32,10.67,-0.01,25,26675,卖盘
1514,13:12:29,10.68,--,50,53400,买盘
1515,13:12:20,10.68,0.01,25,26700,买盘
1516,13:12:17,10.67,-0.01,1320,1408440,卖盘
1517,13:12:08,10.68,--,50,53400,买盘
1518,13:12:02,10.68,--,74,79032,买盘
1519,13:11:56,10.68,--,42,44856,买盘
1520,13:11:53,10.68,0.01,10,10680,买盘
1521,13:11:50,10.67,-0.01,43,45881,卖盘
1522,13:11:47,10.68,--,1362,1454616,买盘
1523,13:11:44,10.68,--,50,53400,买盘
1524,13:11:41,10.68,--,99,105732,买盘
1525,13:11:35,10.68,0.01,26,27768,买盘
1526,13:11:32,10.67,--,105,112035,卖盘
1527,13:11:17,10.67,--,1320,1408440,卖盘
1528,13:11:08,10.67,-0.01,20,21340,卖盘
1529,13:11:02,10.68,--,25,26700,买盘
1530,13:10:59,10.68,0.01,10,10680,买盘
1531,13:10:44,10.67,-0.01,86,91762,卖盘
1532,13:10:35,10.68,--,366,390888,买盘
1533,13:10:32,10.68,0.01,1,1068,买盘
1534,13:10:23,10.67,-0.01,12,12804,卖盘
1535,13:10:17,10.68,--,542,579069,卖盘
1536,13:10:14,10.68,--,12,12816,卖盘
1537,13:10:11,10.68,--,5,5340,卖盘
1538,13:10:08,10.68,-0.01,17,18156,卖盘
1539,13:10:05,10.69,0.01,32,34208,买盘
1540,13:09:59,10.68,-0.01,500,534000,卖盘
1541,13:09:56,10.69,0.01,156,166764,买盘
1542,13:09:50,10.68,--,4,4272,卖盘
1543,13:09:44,10.68,--,910,971880,卖盘
1544,13:09:38,10.68,-0.01,129,137772,卖盘
1545,13:09:32,10.69,--,85,90865,买盘
1546,13:09:20,10.69,0.01,66,70554,买盘
1547,13:09:14,10.68,--,29,30972,卖盘
1548,13:09:11,10.68,-0.01,3,3204,卖盘
1549,13:09:08,10.69,0.01,11,11759,买盘
1550,13:09:05,10.68,-0.01,47,50196,卖盘
1551,13:09:02,10.69,0.01,6,6414,买盘
1552,13:08:53,10.68,--,100,106800,卖盘
1553,13:08:47,10.68,-0.01,1,1068,卖盘
1554,13:08:44,10.69,0.01,5,5345,买盘
1555,13:08:35,10.68,--,3,3204,卖盘
1556,13:08:32,10.68,--,119,127946,买盘
1557,13:08:29,10.68,--,123,131364,买盘
1558,13:08:26,10.68,0.01,8,8544,买盘
1559,13:08:17,10.67,-0.01,20,21340,卖盘
1560,13:08:14,10.68,0.01,9,9612,买盘
1561,13:08:08,10.67,--,12,12804,卖盘
1562,13:08:05,10.67,-0.01,105,112035,卖盘
1563,13:08:02,10.68,0.01,49,52332,买盘
1564,13:07:56,10.67,-0.01,306,326502,卖盘
1565,13:07:53,10.68,--,2,2136,买盘
1566,13:07:50,10.68,--,8,8544,买盘
1567,13:07:38,10.68,-0.01,1942,2074269,卖盘
1568,13:07:26,10.69,--,152,162488,卖盘
1569,13:07:23,10.69,-0.01,14,14966,卖盘
1570,13:07:20,10.7,0.01,36,38520,买盘
1571,13:07:14,10.69,--,534,570846,卖盘
1572,13:07:11,10.69,--,195,208455,买盘
1573,13:07:08,10.69,0.01,24,25656,买盘
1574,13:06:56,10.68,--,11,11748,卖盘
1575,13:06:44,10.68,-0.01,531,567108,卖盘
1576,13:06:41,10.69,--,24,25656,买盘
1577,13:06:29,10.69,--,6,6414,买盘
1578,13:06:26,10.69,--,6,6414,卖盘
1579,13:06:23,10.69,--,10,10690,卖盘
1580,13:06:14,10.69,--,10,10690,卖盘
1581,13:06:08,10.69,0.01,8,8552,买盘
1582,13:06:05,10.68,-0.01,130,138840,卖盘
1583,13:05:59,10.69,--,10,10690,买盘
1584,13:05:56,10.69,--,10,10690,买盘
1585,13:05:53,10.69,--,20,21380,买盘
1586,13:05:47,10.69,0.01,2124,2270556,买盘
1587,13:05:44,10.68,-0.01,120,128160,卖盘
1588,13:05:41,10.69,--,19,20311,买盘
1589,13:05:38,10.69,--,66,70554,卖盘
1590,13:05:35,10.69,--,30,32070,卖盘
1591,13:05:17,10.69,-0.01,10,10690,卖盘
1592,13:05:08,10.7,--,24,25680,买盘
1593,13:05:05,10.7,--,298,318860,卖盘
1594,13:05:02,10.7,--,104,111279,卖盘
1595,13:04:56,10.7,--,19,20330,卖盘
1596,13:04:53,10.7,--,9,9630,卖盘
1597,13:04:50,10.7,--,57,60989,卖盘
1598,13:04:47,10.7,--,11,11770,卖盘
1599,13:04:41,10.7,-0.01,550,588500,卖盘
1600,13:04:38,10.71,0.01,44,47124,买盘
1601,13:04:29,10.7,--,129,138030,卖盘
1602,13:04:26,10.7,--,41,43870,卖盘
1603,13:04:20,10.7,-0.01,534,571380,卖盘
1604,13:04:14,10.71,0.01,10,10710,买盘
1605,13:04:11,10.7,--,113,120909,卖盘
1606,13:04:08,10.7,-0.01,133,142310,卖盘
1607,13:04:05,10.71,0.01,3,3213,买盘
1608,13:04:02,10.7,--,1,1070,卖盘
1609,13:03:50,10.7,-0.01,7,7489,卖盘
1610,13:03:47,10.71,0.01,12,12852,买盘
1611,13:03:41,10.7,--,14,14979,卖盘
1612,13:03:38,10.7,--,151,161570,卖盘
1613,13:03:32,10.7,--,149,159430,卖盘
1614,13:03:29,10.7,--,10,10700,卖盘
1615,13:03:26,10.7,-0.01,120,128399,卖盘
1616,13:03:23,10.71,0.01,8,8568,买盘
1617,13:03:20,10.7,--,10,10700,卖盘
1618,13:03:14,10.7,--,5,5350,卖盘
1619,13:03:11,10.7,-0.01,200,214000,卖盘
1620,13:03:05,10.71,--,1362,1458702,买盘
1621,13:03:02,10.71,0.01,23,24633,买盘
1622,13:02:59,10.7,--,169,180830,卖盘
1623,13:02:53,10.7,--,166,177620,买盘
1624,13:02:47,10.7,--,48,51360,买盘
1625,13:02:44,10.7,--,30,32099,买盘
1626,13:02:41,10.7,-0.01,40,42800,中性盘
1627,13:02:38,10.71,--,173,185283,买盘
1628,13:02:35,10.71,0.01,50,53550,买盘
1629,13:02:32,10.7,-0.01,100,107000,卖盘
1630,13:02:26,10.71,--,14,14994,买盘
1631,13:02:23,10.71,0.01,1,1071,买盘
1632,13:02:17,10.7,--,9,9630,卖盘
1633,13:02:14,10.7,-0.01,1,1070,中性盘
1634,13:02:11,10.71,0.02,24,25704,买盘
1635,13:02:08,10.69,-0.01,232,248008,卖盘
1636,13:02:02,10.7,--,83,89666,买盘
1637,13:01:56,10.7,--,28,29959,买盘
1638,13:01:50,10.7,--,20,21400,买盘
1639,13:01:44,10.7,--,124,132680,买盘
1640,13:01:41,10.7,--,177,189390,买盘
1641,13:01:38,10.7,0.01,124,132680,买盘
1642,13:01:35,10.69,-0.01,222,237318,卖盘
1643,13:01:26,10.7,--,17,18190,买盘
1644,13:01:23,10.7,--,910,973699,买盘
1645,13:01:17,10.7,--,31,33170,买盘
1646,13:01:14,10.7,--,19,20330,买盘
1647,13:01:08,10.7,--,35,37450,买盘
1648,13:01:05,10.7,0.01,13,13909,买盘
1649,13:00:53,10.69,--,16,17104,卖盘
1650,13:00:41,10.69,-0.01,5,5345,卖盘
1651,13:00:38,10.7,0.01,25,26750,买盘
1652,13:00:35,10.69,-0.01,2,2138,卖盘
1653,13:00:26,10.7,0.01,65,69550,买盘
1654,13:00:20,10.69,-0.01,1,1069,卖盘
1655,13:00:17,10.7,--,62,66340,买盘
1656,13:00:14,10.7,0.01,4,4280,买盘
1657,13:00:11,10.69,-0.01,297,317493,卖盘
1658,13:00:05,10.7,0.01,801,857326,买盘
1659,13:00:02,10.69,--,112,120283,卖盘
1660,11:29:57,10.69,--,70,74830,卖盘
1661,11:29:54,10.69,--,227,243176,买盘
1662,11:29:48,10.69,0.01,100,106900,买盘
1663,11:29:45,10.68,-0.01,386,412248,卖盘
1664,11:29:36,10.69,0.01,24,25656,买盘
1665,11:29:33,10.68,-0.01,36,38448,卖盘
1666,11:29:30,10.69,0.01,20,21380,买盘
1667,11:29:27,10.68,-0.01,41,43788,卖盘
1668,11:29:24,10.69,--,63,67347,买盘
1669,11:29:15,10.69,0.01,9,9621,买盘
1670,11:29:12,10.68,--,90,96120,卖盘
1671,11:29:09,10.68,-0.01,5,5340,卖盘
1672,11:29:03,10.69,--,25,26725,买盘
1673,11:29:00,10.69,0.01,83,88727,买盘
1674,11:28:48,10.68,--,1000,1068000,卖盘
1675,11:28:42,10.68,--,90,96120,卖盘
1676,11:28:39,10.68,--,39,42506,卖盘
1677,11:28:18,10.68,--,40,42720,卖盘
1678,11:28:15,10.68,--,121,129228,买盘
1679,11:28:12,10.68,0.01,24,25632,买盘
1680,11:28:06,10.67,-0.01,2,2134,卖盘
1681,11:28:03,10.68,--,27,28836,买盘
1682,11:28:00,10.68,--,19,20292,买盘
1683,11:27:57,10.68,--,19,20292,买盘
1684,11:27:54,10.68,--,92,98256,卖盘
1685,11:27:42,10.68,-0.01,90,96120,卖盘
1686,11:27:36,10.69,--,24,25656,买盘
1687,11:27:27,10.69,0.01,1,1069,买盘
1688,11:27:18,10.68,-0.01,22,23496,卖盘
1689,11:27:15,10.69,--,58,62002,买盘
1690,11:27:06,10.69,0.01,25,26725,买盘
1691,11:27:03,10.68,--,17,18156,卖盘
1692,11:26:57,10.68,-0.01,1,1068,卖盘
1693,11:26:36,10.69,0.01,24,25656,买盘
1694,11:26:27,10.68,-0.01,3,3204,中性盘
1695,11:26:09,10.69,0.01,10,10690,买盘
1696,11:26:06,10.68,--,97,103596,卖盘
1697,11:26:00,10.68,--,4,4272,卖盘
1698,11:25:57,10.68,--,227,242436,卖盘
1699,11:25:51,10.68,--,2,2136,卖盘
1700,11:25:42,10.68,-0.01,175,186900,卖盘
1701,11:25:39,10.69,--,35,37415,买盘
1702,11:25:33,10.69,--,30,32070,买盘
1703,11:25:30,10.69,--,25,26725,卖盘
1704,11:25:27,10.69,--,5,5345,卖盘
1705,11:25:12,10.69,-0.01,4,4276,卖盘
1706,11:25:06,10.7,0.01,33,35310,买盘
1707,11:24:51,10.69,-0.02,12,12828,卖盘
1708,11:24:48,10.71,0.01,600,642600,买盘
1709,11:24:45,10.7,--,1,1070,买盘
1710,11:24:39,10.7,--,3035,3247450,卖盘
1711,11:24:36,10.7,-0.01,610,652700,卖盘
1712,11:24:33,10.71,--,182,194922,买盘
1713,11:24:30,10.71,0.01,327,350217,买盘
1714,11:24:27,10.7,-0.01,189,202230,卖盘
1715,11:24:24,10.71,0.01,220,235620,买盘
1716,11:24:21,10.7,--,500,535000,卖盘
1717,11:24:18,10.7,--,147,157290,卖盘
1718,11:24:12,10.7,--,81,86670,卖盘
1719,11:24:09,10.7,-0.01,1100,1177000,卖盘
1720,11:24:06,10.71,0.01,74,79254,买盘
1721,11:24:03,10.7,--,675,722250,卖盘
1722,11:24:00,10.7,--,21,22470,卖盘
1723,11:23:54,10.7,-0.01,1,1070,卖盘
1724,11:23:51,10.71,0.01,219,234549,买盘
1725,11:23:48,10.7,--,37,39590,卖盘
1726,11:23:45,10.7,-0.01,125,133750,卖盘
1727,11:23:42,10.71,0.01,232,248472,买盘
1728,11:23:39,10.7,-0.01,45,48150,卖盘
1729,11:23:36,10.71,--,57,61047,买盘
1730,11:23:30,10.71,0.01,1,1071,买盘
1731,11:23:27,10.7,--,5,5350,卖盘
1732,11:23:24,10.7,-0.01,154,164780,卖盘
1733,11:23:21,10.71,--,50,53550,买盘
1734,11:23:18,10.71,0.01,84,89964,买盘
1735,11:23:15,10.7,--,11,11770,卖盘
1736,11:23:12,10.7,--,65,69550,卖盘
1737,11:23:09,10.7,--,41,43870,卖盘
1738,11:23:06,10.7,--,10,10700,卖盘
1739,11:23:03,10.7,0.03,2950,3156500,买盘
1740,11:23:00,10.67,-0.02,5,5335,中性盘
1741,11:22:57,10.69,--,250,267250,买盘
1742,11:22:54,10.69,0.02,9,9621,买盘
1743,11:22:51,10.67,-0.03,26,27742,卖盘
1744,11:22:45,10.7,0.03,67,71690,买盘
1745,11:22:39,10.67,--,101,107767,卖盘
1746,11:22:36,10.67,--,46,49082,卖盘
1747,11:22:27,10.67,--,45,48015,卖盘
1748,11:22:24,10.67,-0.03,7,7469,卖盘
1749,11:22:15,10.7,--,2,2140,买盘
1750,11:22:12,10.7,0.04,1,1070,中性盘
1751,11:22:09,10.66,-0.04,168,179088,卖盘
1752,11:22:03,10.7,--,110,117699,卖盘
1753,11:22:00,10.7,--,205,219349,卖盘
1754,11:21:51,10.7,--,52,56067,卖盘
1755,11:21:48,10.7,--,5,5350,卖盘
1756,11:21:45,10.7,0.04,10086,10792405,买盘
1757,11:21:42,10.66,--,9,9594,买盘
1758,11:21:39,10.66,-0.01,49,52234,卖盘
1759,11:21:36,10.67,0.01,24,25608,买盘
1760,11:21:21,10.66,-0.01,100,106600,卖盘
1761,11:21:15,10.67,0.01,135,144045,买盘
1762,11:21:09,10.66,--,35,37310,卖盘
1763,11:21:06,10.66,-0.01,2,2132,卖盘
1764,11:21:03,10.67,0.01,24,25608,买盘
1765,11:20:57,10.66,-0.01,10,10660,卖盘
1766,11:20:54,10.67,0.01,11,11737,买盘
1767,11:20:51,10.66,--,101,107666,卖盘
1768,11:20:39,10.66,-0.01,2,2132,卖盘
1769,11:20:36,10.67,0.01,33,35211,买盘
1770,11:20:26,10.66,--,10,10660,卖盘
1771,11:20:17,10.66,-0.01,185,197210,卖盘
1772,11:20:05,10.67,0.01,61,65087,买盘
1773,11:19:59,10.66,--,1000,1066000,卖盘
1774,11:19:56,10.66,-0.01,6,6396,卖盘
1775,11:19:53,10.67,--,12,12804,买盘
1776,11:19:41,10.67,--,10,10670,买盘
1777,11:19:35,10.67,0.01,24,25608,买盘
1778,11:19:32,10.66,-0.01,2,2132,卖盘
1779,11:19:26,10.67,--,2,2134,买盘
1780,11:19:14,10.67,--,2,2134,买盘
1781,11:19:05,10.67,--,182,194514,卖盘
1782,11:19:02,10.67,-0.01,28,29876,卖盘
1783,11:18:56,10.68,0.01,12,12816,买盘
1784,11:18:47,10.67,-0.02,2,2134,卖盘
1785,11:18:41,10.69,--,9,9621,买盘
1786,11:18:35,10.69,--,378,404082,买盘
1787,11:18:32,10.69,--,35,37415,买盘
1788,11:18:29,10.69,--,1,1069,买盘
1789,11:18:20,10.69,--,20,21380,买盘
1790,11:18:17,10.69,0.01,14,14966,买盘
1791,11:18:14,10.68,-0.01,1,1281,卖盘
1792,11:18:05,10.69,0.01,324,346356,买盘
1793,11:17:59,10.68,--,99,105732,卖盘
1794,11:17:56,10.68,--,50,53400,卖盘
1795,11:17:53,10.68,--,1892,2021190,买盘
1796,11:17:50,10.68,0.01,11,11748,买盘
1797,11:17:35,10.67,--,148,157916,买盘
1798,11:17:32,10.67,--,625,666875,卖盘
1799,11:17:20,10.67,-0.01,22,23474,卖盘
1800,11:17:17,10.68,--,81,86508,买盘
1801,11:17:14,10.68,--,10,10680,买盘
1802,11:17:05,10.68,0.01,24,25632,买盘
1803,11:17:02,10.67,--,773,824791,卖盘
1804,11:16:59,10.67,-0.01,66,70422,卖盘
1805,11:16:56,10.68,--,49,52332,买盘
1806,11:16:53,10.68,--,62,66216,买盘
1807,11:16:47,10.68,--,1,1068,买盘
1808,11:16:41,10.68,0.01,8,8544,买盘
1809,11:16:35,10.67,--,102,108834,卖盘
1810,11:16:29,10.67,--,821,876007,卖盘
1811,11:16:20,10.67,-0.01,4,4268,卖盘
1812,11:16:17,10.68,0.01,5,5340,买盘
1813,11:16:11,10.67,-0.01,4,4268,卖盘
1814,11:15:53,10.68,--,12,12816,买盘
1815,11:15:47,10.68,0.01,1,1068,买盘
1816,11:15:44,10.67,-0.01,3,3201,卖盘
1817,11:15:35,10.68,-0.01,330,352974,卖盘
1818,11:15:29,10.69,0.01,21,22449,买盘
1819,11:15:17,10.68,--,5,5340,卖盘
1820,11:15:08,10.68,--,43,46458,买盘
1821,11:15:05,10.68,--,57,60876,买盘
1822,11:14:56,10.68,--,23,24564,卖盘
1823,11:14:53,10.68,-0.01,987,1054116,卖盘
1824,11:14:50,10.69,0.01,74,79106,买盘
1825,11:14:44,10.68,--,1012,1080816,买盘
1826,11:14:41,10.68,--,2,2136,买盘
1827,11:14:38,10.68,--,20,21360,买盘
1828,11:14:35,10.68,--,53,56604,买盘
1829,11:14:32,10.68,--,1710,1826280,买盘
1830,11:14:29,10.68,--,10,10680,买盘
1831,11:14:23,10.68,-0.01,14,14952,卖盘
1832,11:14:17,10.69,--,19,20311,买盘
1833,11:14:14,10.69,0.02,29,31001,买盘
1834,11:14:08,10.67,-0.02,2,2134,卖盘
1835,11:14:05,10.69,--,19,20311,买盘
1836,11:14:02,10.69,--,957,1023033,买盘
1837,11:13:59,10.69,0.01,174,186006,买盘
1838,11:13:56,10.68,-0.01,48,51264,卖盘
1839,11:13:53,10.69,--,61,65209,买盘
1840,11:13:50,10.69,0.01,64,68416,买盘
1841,11:13:44,10.68,--,40,42720,买盘
1842,11:13:41,10.68,0.01,19,20292,买盘
1843,11:13:35,10.67,0.01,3,3201,买盘
1844,11:13:32,10.66,-0.02,791,843206,卖盘
1845,11:13:26,10.68,0.01,4,4272,买盘
1846,11:13:23,10.67,--,10,10670,卖盘
1847,11:13:20,10.67,-0.02,10,10670,卖盘
1848,11:13:17,10.69,0.02,9,9621,买盘
1849,11:13:14,10.67,-0.02,200,213400,卖盘
1850,11:13:11,10.69,0.03,67,71623,买盘
1851,11:12:59,10.66,-0.03,1193,1271738,卖盘
1852,11:12:53,10.69,--,45,48105,买盘
1853,11:12:50,10.69,0.03,8,8552,买盘
1854,11:12:47,10.66,0.01,100,106600,中性盘
1855,11:12:35,10.65,-0.01,2500,2662500,卖盘
1856,11:12:32,10.66,-0.03,1193,1271738,卖盘
1857,11:12:20,10.69,0.03,9,9621,买盘
1858,11:12:17,10.66,-0.02,54,57564,卖盘
1859,11:12:14,10.68,0.01,1,1068,买盘
1860,11:12:11,10.67,-0.01,1,1067,卖盘
1861,11:12:08,10.68,0.02,12,13392,买盘
1862,11:12:05,10.66,0.01,363,386958,买盘
1863,11:12:02,10.65,-0.02,862,918519,卖盘
1864,11:11:56,10.67,0.01,19,20273,买盘
1865,11:11:50,10.66,--,5,5330,卖盘
1866,11:11:47,10.66,--,2,2132,卖盘
1867,11:11:41,10.66,-0.01,70,74620,卖盘
1868,11:11:38,10.67,0.01,13,13871,买盘
1869,11:11:35,10.66,-0.03,28,29848,卖盘
1870,11:11:29,10.69,0.02,1644,1757436,买盘
1871,11:11:23,10.67,--,74,78958,卖盘
1872,11:11:20,10.67,-0.01,12,12804,卖盘
1873,11:11:17,10.68,0.01,200,213600,买盘
1874,11:11:14,10.67,--,4,4268,卖盘
1875,11:11:11,10.67,-0.02,42,44814,卖盘
1876,11:11:02,10.69,0.02,613,655297,买盘
1877,11:10:59,10.67,--,80,85360,卖盘
1878,11:10:56,10.67,0.01,21,22407,中性盘
1879,11:10:53,10.66,-0.01,1500,1599000,卖盘
1880,11:10:50,10.67,--,2,2134,卖盘
1881,11:10:47,10.67,--,6,6402,卖盘
1882,11:10:38,10.67,0.01,2,2134,买盘
1883,11:10:35,10.66,--,2,2132,卖盘
1884,11:10:32,10.66,-0.01,50,53300,卖盘
1885,11:10:29,10.67,--,33,35211,买盘
1886,11:10:26,10.67,-0.01,651,694617,卖盘
1887,11:10:23,10.68,--,19,20292,买盘
1888,11:10:20,10.68,--,20,21360,买盘
1889,11:10:17,10.68,--,9,9612,买盘
1890,11:10:14,10.68,--,15,16020,买盘
1891,11:10:08,10.68,0.02,11,11748,买盘
1892,11:10:02,10.66,-0.02,28,29848,卖盘
1893,11:09:59,10.68,0.01,614,655752,买盘
1894,11:09:56,10.67,--,19,20273,买盘
1895,11:09:53,10.67,--,12,12804,买盘
1896,11:09:38,10.67,0.01,45,48015,卖盘
1897,11:09:32,10.66,-0.01,128,136448,卖盘
1898,11:09:26,10.67,-0.01,3,3201,卖盘
1899,11:09:23,10.68,0.01,78,83304,买盘
1900,11:09:20,10.67,--,28,29876,卖盘
1901,11:09:17,10.67,--,48,51216,卖盘
1902,11:09:14,10.67,--,70,74690,卖盘
1903,11:09:08,10.67,--,24,26184,卖盘
1904,11:09:05,10.67,--,21,22407,卖盘
1905,11:08:59,10.67,-0.01,128,136576,卖盘
1906,11:08:56,10.68,0.01,1229,1312572,买盘
1907,11:08:53,10.67,-0.01,32,34144,卖盘
1908,11:08:47,10.68,0.01,12,12816,买盘
1909,11:08:44,10.67,--,4,4268,买盘
1910,11:08:41,10.67,-0.01,35,37345,卖盘
1911,11:08:32,10.68,0.02,46,49128,买盘
1912,11:08:29,10.66,-0.02,128,136448,卖盘
1913,11:08:26,10.68,--,59,63012,买盘
1914,11:08:14,10.68,--,131,139908,买盘
1915,11:08:08,10.68,0.02,23,24564,买盘
1916,11:08:02,10.66,-0.01,57,60762,卖盘
1917,11:07:56,10.67,-0.01,19,20273,中性盘
1918,11:07:50,10.68,0.02,10,10680,买盘
1919,11:07:29,10.66,-0.02,5838,6223627,卖盘
1920,11:07:23,10.68,--,50,53400,卖盘
1921,11:07:20,10.68,--,45,48060,卖盘
1922,11:07:17,10.68,--,280,299040,卖盘
1923,11:07:11,10.68,-0.01,44,46992,卖盘
1924,11:07:08,10.69,0.01,42,44898,买盘
1925,11:07:05,10.68,-0.01,58,62691,卖盘
1926,11:07:02,10.69,--,13,13897,买盘
1927,11:06:59,10.69,0.01,81,86589,买盘
1928,11:06:56,10.68,-0.01,935,998580,卖盘
1929,11:06:53,10.69,--,39,41691,买盘
1930,11:06:50,10.69,0.01,2,2138,买盘
1931,11:06:47,10.68,--,590,630120,卖盘
1932,11:06:44,10.68,--,15,16020,卖盘
1933,11:06:38,10.68,-0.01,31,33108,卖盘
1934,11:06:35,10.69,--,10,10690,买盘
1935,11:06:32,10.69,--,33,35277,买盘
1936,11:06:26,10.69,0.01,18,19242,买盘
1937,11:06:23,10.68,-0.01,28,29904,卖盘
1938,11:06:17,10.69,--,7,7483,买盘
1939,11:06:14,10.69,--,260,277940,买盘
1940,11:06:11,10.69,--,26,27794,买盘
1941,11:06:02,10.69,0.01,69,73761,买盘
1942,11:05:59,10.68,--,5,5340,卖盘
1943,11:05:56,10.68,-0.01,83,88644,卖盘
1944,11:05:53,10.69,--,41,43829,买盘
1945,11:05:47,10.69,0.01,20,21380,买盘
1946,11:05:44,10.68,-0.01,10,10680,卖盘
1947,11:05:35,10.69,0.01,16,17104,买盘
1948,11:05:32,10.68,-0.01,100,106800,卖盘
1949,11:05:29,10.69,--,32,34208,买盘
1950,11:05:26,10.69,--,21,22449,买盘
1951,11:05:23,10.69,--,28,29932,买盘
1952,11:05:17,10.69,--,7,7483,买盘
1953,11:05:05,10.69,--,11,11759,买盘
1954,11:05:02,10.69,--,568,607192,卖盘
1955,11:04:59,10.69,--,83,88727,卖盘
1956,11:04:56,10.69,--,259,276871,卖盘
1957,11:04:50,10.69,--,2,2138,卖盘
1958,11:04:47,10.69,-0.01,2,2138,卖盘
1959,11:04:44,10.7,0.01,124,132680,买盘
1960,11:04:38,10.69,--,125,133625,卖盘
1961,11:04:32,10.69,--,3,3207,卖盘
1962,11:04:26,10.69,-0.01,25,26725,卖盘
1963,11:04:23,10.7,0.01,19,20330,买盘
1964,11:04:20,10.69,--,3,3207,卖盘
1965,11:04:14,10.69,--,14,14966,卖盘
1966,11:04:05,10.69,--,88,94072,卖盘
1967,11:04:02,10.69,-0.01,166,177454,卖盘
1968,11:03:56,10.7,0.01,19,20330,买盘
1969,11:03:50,10.69,--,5,5345,卖盘
1970,11:03:38,10.69,--,61,65209,买盘
1971,11:03:29,10.69,--,78,83382,卖盘
1972,11:03:26,10.69,-0.01,11,11759,卖盘
1973,11:03:23,10.7,0.01,27,28889,买盘
1974,11:03:20,10.69,--,6,6414,卖盘
1975,11:03:17,10.69,--,63,67347,卖盘
1976,11:03:14,10.69,--,2,2138,卖盘
1977,11:03:11,10.69,--,54,57726,卖盘
1978,11:03:02,10.69,--,10,10690,卖盘
1979,11:02:59,10.69,--,186,198834,卖盘
1980,11:02:56,10.69,--,46,49174,卖盘
1981,11:02:47,10.69,--,102,109038,买盘
1982,11:02:41,10.69,--,28,29932,买盘
1983,11:02:38,10.69,--,16,17104,买盘
1984,11:02:26,10.69,--,139,148591,卖盘
1985,11:02:23,10.69,-0.01,94,100486,卖盘
1986,11:02:20,10.7,--,10,10700,买盘
1987,11:02:17,10.7,0.01,8,8560,买盘
1988,11:02:14,10.69,--,27,28863,卖盘
1989,11:02:08,10.69,--,15,16035,卖盘
1990,11:01:59,10.69,--,93,99417,买盘
1991,11:01:56,10.69,-0.01,157,167833,卖盘
1992,11:01:53,10.7,0.01,68,72760,买盘
1993,11:01:50,10.69,-0.01,60,64140,卖盘
1994,11:01:47,10.7,0.01,20,21400,买盘
1995,11:01:38,10.69,--,381,407289,卖盘
1996,11:01:32,10.69,--,13,13897,卖盘
1997,11:01:29,10.69,-0.01,70,74830,卖盘
1998,11:01:22,10.7,--,18,19260,买盘
1999,11:01:19,10.7,0.01,13,13909,买盘
2000,11:01:16,10.69,--,100,106900,卖盘
2001,11:01:13,10.69,-0.01,20,21380,卖盘
2002,11:01:10,10.7,0.01,70,74900,买盘
2003,11:01:07,10.69,--,2,2138,卖盘
2004,11:01:04,10.69,--,310,331390,卖盘
2005,11:01:01,10.69,--,10,10690,卖盘
2006,11:00:58,10.69,-0.01,5,5345,卖盘
2007,11:00:52,10.7,--,51,54570,买盘
2008,11:00:49,10.7,--,334,357380,买盘
2009,11:00:43,10.7,0.01,60,64199,买盘
2010,11:00:40,10.69,-0.01,32,34208,卖盘
2011,11:00:37,10.7,--,534,571380,买盘
2012,11:00:31,10.7,0.01,587,628090,买盘
2013,11:00:28,10.69,-0.01,58,62002,卖盘
2014,11:00:25,10.7,--,19,20330,买盘
2015,11:00:22,10.7,--,16,17120,买盘
2016,11:00:19,10.7,--,1644,1759229,卖盘
2017,11:00:13,10.7,--,146,156220,卖盘
2018,11:00:10,10.7,-0.01,267,285690,卖盘
2019,11:00:07,10.71,0.01,27,28917,买盘
2020,11:00:04,10.7,--,41,43870,卖盘
2021,11:00:01,10.7,--,25,26750,卖盘
2022,10:59:58,10.7,-0.01,12,12840,卖盘
2023,10:59:55,10.71,--,239,255969,买盘
2024,10:59:52,10.71,0.01,965,1033515,买盘
2025,10:59:46,10.7,--,1928,2062959,卖盘
2026,10:59:43,10.7,-0.01,115,123049,卖盘
2027,10:59:37,10.71,0.01,80,85680,买盘
2028,10:59:31,10.7,--,9,9630,卖盘
2029,10:59:28,10.7,-0.01,1,1070,卖盘
2030,10:59:25,10.71,--,34,36414,买盘
2031,10:59:19,10.71,0.01,69,73899,买盘
2032,10:59:16,10.7,--,41,43870,卖盘
2033,10:59:13,10.7,-0.01,20,21400,卖盘
2034,10:59:10,10.71,--,4,4284,买盘
2035,10:59:07,10.71,0.01,13,13923,买盘
2036,10:59:01,10.7,--,107,114489,卖盘
2037,10:58:58,10.7,--,50,53500,卖盘
2038,10:58:55,10.7,-0.01,38,40660,卖盘
2039,10:58:46,10.71,0.01,118,126378,买盘
2040,10:58:43,10.7,--,602,644140,卖盘
2041,10:58:40,10.7,-0.01,53,56709,卖盘
2042,10:58:37,10.71,0.01,177,189567,买盘
2043,10:58:34,10.7,-0.01,99,105930,卖盘
2044,10:58:28,10.71,0.01,490,524790,买盘
2045,10:58:25,10.7,--,62,66340,卖盘
2046,10:58:22,10.7,-0.01,11,11770,卖盘
2047,10:58:19,10.71,--,23,24633,买盘
2048,10:58:16,10.71,0.01,122,130662,买盘
2049,10:58:13,10.7,--,135,144450,卖盘
2050,10:58:07,10.7,--,118,126259,卖盘
2051,10:58:04,10.7,-0.01,102,109140,卖盘
2052,10:57:58,10.71,--,11,11781,买盘
2053,10:57:52,10.71,0.01,22,23562,买盘
2054,10:57:46,10.7,-0.01,11,11770,卖盘
2055,10:57:43,10.71,--,426,456246,买盘
2056,10:57:40,10.71,0.01,212,227052,买盘
2057,10:57:37,10.7,--,2,2140,卖盘
2058,10:57:31,10.7,-0.01,108,115559,卖盘
2059,10:57:28,10.71,--,24,25704,买盘
2060,10:57:25,10.71,--,334,357714,买盘
2061,10:57:22,10.71,--,22,23562,买盘
2062,10:57:19,10.71,0.01,2,2142,买盘
2063,10:57:16,10.7,--,10,10700,卖盘
2064,10:57:13,10.7,--,222,237539,卖盘
2065,10:57:10,10.7,--,1,1455,卖盘
2066,10:57:07,10.7,--,7,7489,卖盘
2067,10:57:04,10.7,--,60,64199,卖盘
2068,10:57:01,10.7,--,8,8560,卖盘
2069,10:56:58,10.7,-0.01,21,22470,卖盘
2070,10:56:55,10.71,0.01,27,28917,买盘
2071,10:56:52,10.7,--,17,18190,卖盘
2072,10:56:49,10.7,-0.01,30,32099,卖盘
2073,10:56:43,10.71,--,53,56763,买盘
2074,10:56:40,10.71,0.01,580,621180,买盘
2075,10:56:37,10.7,-0.01,27,28889,卖盘
2076,10:56:34,10.71,--,630,674730,买盘
2077,10:56:31,10.71,0.01,40,42840,买盘
2078,10:56:28,10.7,--,164,175480,卖盘
2079,10:56:25,10.7,-0.01,10,10700,卖盘
2080,10:56:22,10.71,0.01,66,70686,买盘
2081,10:56:19,10.7,-0.01,16,17120,卖盘
2082,10:56:16,10.71,--,21,22491,买盘
2083,10:56:10,10.71,0.01,88,94248,买盘
2084,10:56:07,10.7,--,215,230049,卖盘
2085,10:56:04,10.7,--,3,3210,卖盘
2086,10:55:58,10.7,--,81,86670,卖盘
2087,10:55:55,10.7,--,20,21400,卖盘
2088,10:55:52,10.7,-0.01,133,142310,卖盘
2089,10:55:49,10.71,0.01,51,54621,买盘
2090,10:55:46,10.7,-0.01,519,555330,卖盘
2091,10:55:43,10.71,--,61,65331,买盘
2092,10:55:37,10.71,0.01,9,9639,买盘
2093,10:55:34,10.7,--,810,866700,卖盘
2094,10:55:31,10.7,-0.01,2,2140,卖盘
2095,10:55:28,10.71,0.01,4,4284,买盘
2096,10:55:25,10.7,-0.01,62,66340,卖盘
2097,10:55:22,10.71,--,213,228123,买盘
2098,10:55:16,10.71,0.01,52,55692,买盘
2099,10:55:13,10.7,-0.01,30,32099,卖盘
2100,10:55:10,10.71,0.01,185,198135,买盘
2101,10:55:04,10.7,-0.01,20,21400,卖盘
2102,10:55:01,10.71,0.01,148,158508,买盘
2103,10:54:58,10.7,-0.01,11,11770,卖盘
2104,10:54:55,10.71,0.01,18,19278,买盘
2105,10:54:52,10.7,--,5,5350,卖盘
2106,10:54:49,10.7,--,48,51360,卖盘
2107,10:54:46,10.7,--,119,127329,卖盘
2108,10:54:43,10.7,--,101,108070,卖盘
2109,10:54:40,10.7,-0.01,135,144450,卖盘
2110,10:54:37,10.71,--,44,47124,买盘
2111,10:54:34,10.71,--,35,37485,买盘
2112,10:54:31,10.71,0.01,150,160650,买盘
2113,10:54:25,10.7,-0.01,20,21400,卖盘
2114,10:54:22,10.71,--,69,73899,买盘
2115,10:54:19,10.71,0.01,42,44982,买盘
2116,10:54:16,10.7,-0.01,893,955509,卖盘
2117,10:54:13,10.71,0.01,53,56763,买盘
2118,10:54:07,10.7,-0.01,10,10700,卖盘
2119,10:54:04,10.71,0.01,11,11781,买盘
2120,10:54:01,10.7,-0.01,42,44940,卖盘
2121,10:53:55,10.71,--,156,167076,买盘
2122,10:53:52,10.71,0.01,90,96390,买盘
2123,10:53:49,10.7,-0.01,20,21400,卖盘
2124,10:53:46,10.71,0.01,69,73899,买盘
2125,10:53:43,10.7,--,162,173340,卖盘
2126,10:53:40,10.7,-0.01,10,10700,卖盘
2127,10:53:37,10.71,0.01,21,22491,买盘
2128,10:53:31,10.7,--,49,52430,卖盘
2129,10:53:28,10.7,-0.01,50,53500,卖盘
2130,10:53:25,10.71,0.01,18,19278,买盘
2131,10:53:22,10.7,-0.01,6,6420,卖盘
2132,10:53:16,10.71,0.01,258,276318,买盘
2133,10:53:13,10.7,--,1,1070,卖盘
2134,10:53:07,10.7,-0.01,76,81320,卖盘
2135,10:53:04,10.71,0.01,26,27846,买盘
2136,10:52:58,10.7,--,10,10700,卖盘
2137,10:52:55,10.7,--,167,178690,卖盘
2138,10:52:52,10.7,-0.01,119,127329,卖盘
2139,10:52:49,10.71,0.01,94,100674,买盘
2140,10:52:46,10.7,-0.01,90,96300,卖盘
2141,10:52:43,10.71,0.01,6,6426,买盘
2142,10:52:40,10.7,--,103,110209,卖盘
2143,10:52:37,10.7,-0.01,13,13909,卖盘
2144,10:52:34,10.71,0.01,311,333081,买盘
2145,10:52:31,10.7,-0.01,51,54570,卖盘
2146,10:52:28,10.71,0.01,80,85680,买盘
2147,10:52:25,10.7,--,36,38520,卖盘
2148,10:52:22,10.7,-0.01,2,2140,卖盘
2149,10:52:16,10.71,0.01,15,16065,买盘
2150,10:52:13,10.7,--,10,10700,卖盘
2151,10:52:07,10.7,-0.01,368,393760,卖盘
2152,10:52:04,10.71,0.01,10,10710,买盘
2153,10:52:01,10.7,--,78,83460,卖盘
2154,10:51:55,10.7,-0.01,97,103790,卖盘
2155,10:51:52,10.71,0.01,18,19278,买盘
2156,10:51:46,10.7,--,592,633440,卖盘
2157,10:51:43,10.7,-0.01,20,21400,卖盘
2158,10:51:40,10.71,0.01,91,97461,买盘
2159,10:51:37,10.7,--,1,1070,卖盘
2160,10:51:34,10.7,--,35,37450,卖盘
2161,10:51:31,10.7,--,301,322070,卖盘
2162,10:51:25,10.7,--,20,21400,卖盘
2163,10:51:22,10.7,0.01,396,424255,买盘
2164,10:51:19,10.69,--,1000,1069000,卖盘
2165,10:51:16,10.69,-0.01,51,54519,卖盘
2166,10:51:13,10.7,0.01,41,43870,买盘
2167,10:51:10,10.69,--,27,28863,卖盘
2168,10:51:07,10.69,-0.01,2526,2700294,卖盘
2169,10:51:04,10.7,0.01,10,10700,买盘
2170,10:50:52,10.69,--,62,66278,卖盘
2171,10:50:49,10.69,--,40,42760,卖盘
2172,10:50:46,10.69,--,25,26725,卖盘
2173,10:50:40,10.69,-0.01,30,32070,卖盘
2174,10:50:37,10.7,0.01,19,20330,买盘
2175,10:50:31,10.69,--,6,6414,卖盘
2176,10:50:28,10.69,-0.01,81,86589,卖盘
2177,10:50:25,10.7,0.01,504,539643,买盘
2178,10:50:22,10.69,--,36,38484,买盘
2179,10:50:19,10.69,--,315,336735,买盘
2180,10:50:16,10.69,--,12,12828,买盘
2181,10:50:13,10.69,--,182,194558,买盘
2182,10:50:10,10.69,--,20,21380,买盘
2183,10:50:07,10.69,--,287,306803,买盘
2184,10:50:04,10.69,0.01,55,58795,买盘
2185,10:49:58,10.68,-0.01,23,24564,卖盘
2186,10:49:55,10.69,0.01,323,345287,买盘
2187,10:49:46,10.68,-0.01,117,124956,卖盘
2188,10:49:43,10.69,--,20,21380,买盘
2189,10:49:40,10.69,--,19,20311,买盘
2190,10:49:37,10.69,--,23,24587,买盘
2191,10:49:34,10.69,--,21,22449,买盘
2192,10:49:31,10.69,--,100,106900,买盘
2193,10:49:28,10.69,--,80,85520,买盘
2194,10:49:22,10.69,0.01,123,131487,买盘
2195,10:49:16,10.68,-0.01,100,106800,卖盘
2196,10:49:13,10.69,0.01,1,1069,买盘
2197,10:49:10,10.68,--,10,10680,卖盘
2198,10:49:07,10.68,-0.01,1,1068,卖盘
2199,10:48:58,10.69,--,3,3207,买盘
2200,10:48:55,10.69,--,31,33139,买盘
2201,10:48:52,10.69,0.01,40,42760,买盘
2202,10:48:49,10.68,-0.01,20,21360,卖盘
2203,10:48:46,10.69,--,47,50243,买盘
2204,10:48:40,10.69,--,6,6414,买盘
2205,10:48:28,10.69,--,32,34208,买盘
2206,10:48:22,10.69,0.01,18,19242,买盘
2207,10:48:19,10.68,-0.01,26,27768,卖盘
2208,10:48:16,10.69,0.01,12,12828,买盘
2209,10:48:10,10.68,-0.01,104,111072,卖盘
2210,10:48:01,10.69,0.01,14,14966,买盘
2211,10:47:58,10.68,--,21,22428,卖盘
2212,10:47:55,10.68,--,298,318264,卖盘
2213,10:47:52,10.68,-0.01,10,10680,卖盘
2214,10:47:46,10.69,--,48,51312,买盘
2215,10:47:43,10.69,--,10,10690,买盘
2216,10:47:40,10.69,--,62,66278,买盘
2217,10:47:37,10.69,--,211,225772,卖盘
2218,10:47:31,10.69,0.01,788,843227,买盘
2219,10:47:28,10.68,-0.01,193,206124,卖盘
2220,10:47:25,10.69,0.01,19,20311,买盘
2221,10:47:19,10.68,-0.01,8,8544,卖盘
2222,10:47:16,10.69,0.01,12,12828,买盘
2223,10:47:13,10.68,-0.01,19,20292,卖盘
2224,10:47:07,10.69,0.01,68,72692,买盘
2225,10:47:04,10.68,-0.01,229,244572,卖盘
2226,10:47:01,10.69,--,1,1069,买盘
2227,10:46:58,10.69,--,113,120797,买盘
2228,10:46:55,10.69,--,38,40622,买盘
2229,10:46:49,10.69,--,242,258698,买盘
2230,10:46:46,10.69,--,10,10690,买盘
2231,10:46:43,10.69,0.01,16,17104,买盘
2232,10:46:34,10.68,-0.01,52,55536,卖盘
2233,10:46:28,10.69,--,50,53450,买盘
2234,10:46:25,10.69,0.01,19,20311,买盘
2235,10:46:19,10.68,-0.01,8,8544,卖盘
2236,10:46:16,10.69,--,77,82313,买盘
2237,10:46:13,10.69,--,20,21380,买盘
2238,10:46:10,10.69,--,52,55588,买盘
2239,10:46:07,10.69,--,76,81244,买盘
2240,10:46:04,10.69,--,169,180661,买盘
2241,10:46:01,10.69,--,10,10690,买盘
2242,10:45:55,10.69,--,332,354908,买盘
2243,10:45:49,10.69,0.01,8,8552,买盘
2244,10:45:46,10.68,-0.01,181,193308,卖盘
2245,10:45:43,10.69,0.01,100,106900,买盘
2246,10:45:40,10.68,-0.01,39,41652,卖盘
2247,10:45:37,10.69,--,14,14966,买盘
2248,10:45:34,10.69,0.01,7,7483,买盘
2249,10:45:28,10.68,-0.01,6,6408,卖盘
2250,10:45:25,10.69,0.01,68,72692,买盘
2251,10:45:22,10.68,-0.01,8,8544,卖盘
2252,10:45:19,10.69,--,6,6414,买盘
2253,10:45:16,10.69,--,12,12828,买盘
2254,10:45:10,10.69,--,61,65209,买盘
2255,10:45:07,10.69,--,44,47036,买盘
2256,10:45:04,10.69,--,50,53450,买盘
2257,10:44:58,10.69,--,2,2138,买盘
2258,10:44:55,10.69,--,21,22449,买盘
2259,10:44:52,10.69,--,124,132556,买盘
2260,10:44:49,10.69,--,349,373081,买盘
2261,10:44:40,10.69,--,238,254422,买盘
2262,10:44:37,10.69,--,2,2138,买盘
2263,10:44:34,10.69,-0.01,2393,2558330,卖盘
2264,10:44:31,10.7,--,14,14979,卖盘
2265,10:44:28,10.7,--,20,21400,卖盘
2266,10:44:25,10.7,--,35,37450,卖盘
2267,10:44:22,10.7,--,16,17120,卖盘
2268,10:44:19,10.7,--,136,145520,卖盘
2269,10:44:16,10.7,--,72,77040,卖盘
2270,10:44:10,10.7,--,124,132680,买盘
2271,10:44:07,10.7,--,42,44940,买盘
2272,10:44:01,10.7,--,21,22470,买盘
2273,10:43:58,10.7,-0.01,1170,1251900,卖盘
2274,10:43:52,10.71,0.01,43,46053,买盘
2275,10:43:49,10.7,--,63,67410,卖盘
2276,10:43:46,10.7,--,82,87740,卖盘
2277,10:43:43,10.7,--,1724,1845535,买盘
2278,10:43:40,10.7,--,166,177620,买盘
2279,10:43:37,10.7,0.01,112,119839,买盘
2280,10:43:34,10.69,-0.01,30,32070,卖盘
2281,10:43:31,10.7,--,756,808920,买盘
2282,10:43:28,10.7,0.01,457,488989,买盘
2283,10:43:19,10.69,--,299,319631,卖盘
2284,10:43:16,10.69,-0.01,87,93003,卖盘
2285,10:43:13,10.7,0.01,4203,4497210,买盘
2286,10:43:10,10.69,--,56,59864,卖盘
2287,10:43:07,10.69,--,10,10690,卖盘
2288,10:43:04,10.69,--,226,241594,卖盘
2289,10:43:01,10.69,-0.01,23,24587,卖盘
2290,10:42:55,10.7,0.01,100,107000,买盘
2291,10:42:52,10.69,--,86,91934,卖盘
2292,10:42:49,10.69,--,61,65209,买盘
2293,10:42:43,10.69,--,11,11759,买盘
2294,10:42:40,10.69,-0.01,231,246939,卖盘
2295,10:42:37,10.7,0.01,2,2140,买盘
2296,10:42:34,10.69,0.01,102,109038,买盘
2297,10:42:31,10.68,--,10,10680,卖盘
2298,10:42:28,10.68,-0.02,38,40584,卖盘
2299,10:42:25,10.7,0.01,500,535000,买盘
2300,10:42:22,10.69,0.01,72,76968,买盘
2301,10:42:04,10.68,--,40,42720,买盘
2302,10:42:01,10.68,--,20,21360,买盘
2303,10:41:55,10.68,--,78,83304,买盘
2304,10:41:52,10.68,0.01,67,71556,买盘
2305,10:41:40,10.67,--,3600,3841200,卖盘
2306,10:41:34,10.67,--,4338,4628646,卖盘
2307,10:41:28,10.67,--,2,2134,卖盘
2308,10:41:25,10.67,--,1268,1352956,买盘
2309,10:41:22,10.67,--,447,476949,买盘
2310,10:41:15,10.67,0.01,38,40546,买盘
2311,10:41:12,10.66,-0.01,48,51168,卖盘
2312,10:41:09,10.67,--,48,51216,买盘
2313,10:41:06,10.67,0.01,197,210199,买盘
2314,10:41:03,10.66,-0.01,4,4264,卖盘
2315,10:41:00,10.67,--,41,43747,买盘
2316,10:40:54,10.67,--,601,641267,买盘
2317,10:40:48,10.67,0.01,26,27742,买盘
2318,10:40:45,10.66,-0.01,4131,4403646,卖盘
2319,10:40:42,10.67,--,19,20273,买盘
2320,10:40:39,10.67,--,107,114169,买盘
2321,10:40:33,10.67,--,278,296626,买盘
2322,10:40:27,10.67,--,93,99231,买盘
2323,10:40:24,10.67,--,227,242209,买盘
2324,10:40:21,10.67,--,60,64020,买盘
2325,10:40:18,10.67,--,19,20273,买盘
2326,10:40:15,10.67,0.01,22,23474,买盘
2327,10:40:09,10.66,-0.01,20,21320,卖盘
2328,10:40:06,10.67,--,1,1067,买盘
2329,10:40:03,10.67,--,21,22407,买盘
2330,10:39:57,10.67,--,19,20273,买盘
2331,10:39:54,10.67,--,19,20273,买盘
2332,10:39:48,10.67,0.01,5,5335,买盘
2333,10:39:42,10.66,-0.01,840,895440,卖盘
2334,10:39:39,10.67,-0.01,21,22407,卖盘
2335,10:39:30,10.68,0.01,159,169812,买盘
2336,10:39:24,10.67,--,10,10670,卖盘
2337,10:39:21,10.67,-0.01,8,8536,卖盘
2338,10:39:15,10.68,--,48,51264,买盘
2339,10:39:09,10.68,--,10,10680,买盘
2340,10:39:06,10.68,--,12,12816,买盘
2341,10:38:57,10.68,0.01,294,313992,买盘
2342,10:38:42,10.67,--,1,1067,卖盘
2343,10:38:39,10.67,--,10,10670,卖盘
2344,10:38:36,10.67,--,10,10670,卖盘
2345,10:38:33,10.67,0.01,72,76824,中性盘
2346,10:38:27,10.66,-0.02,35,37310,卖盘
2347,10:38:24,10.68,0.02,5000,5340000,买盘
2348,10:38:06,10.66,-0.01,10,10660,卖盘
2349,10:38:03,10.67,0.01,3,3201,买盘
2350,10:37:57,10.66,--,1286,1370876,卖盘
2351,10:37:51,10.66,--,32,34112,卖盘
2352,10:37:42,10.66,--,1,1066,卖盘
2353,10:37:36,10.66,--,23,24518,卖盘
2354,10:37:33,10.66,-0.01,1,1066,卖盘
2355,10:37:30,10.67,--,6,6402,买盘
2356,10:37:27,10.67,--,32,34144,买盘
2357,10:37:24,10.67,--,5,5335,买盘
2358,10:37:21,10.67,-0.01,5,5335,买盘
2359,10:37:18,10.68,0.01,500,534000,买盘
2360,10:37:15,10.67,--,12,12804,买盘
2361,10:37:06,10.67,0.01,12,12804,买盘
2362,10:37:03,10.66,--,150,159900,买盘
2363,10:37:00,10.66,--,10,10660,买盘
2364,10:36:57,10.66,--,19,20254,买盘
2365,10:36:51,10.66,-0.01,21,22386,卖盘
2366,10:36:48,10.67,--,98,104566,买盘
2367,10:36:45,10.67,--,3,3201,买盘
2368,10:36:42,10.67,0.01,3000,3201000,买盘
2369,10:36:39,10.66,--,120,127920,买盘
2370,10:36:36,10.66,--,26,27716,买盘
2371,10:36:33,10.66,--,3,3198,买盘
2372,10:36:30,10.66,--,232,247312,买盘
2373,10:36:24,10.66,--,61,65026,买盘
2374,10:36:18,10.66,--,14,14924,买盘
2375,10:36:15,10.66,0.01,268,285688,买盘
2376,10:36:09,10.65,--,107,113955,卖盘
2377,10:35:57,10.65,-0.01,69,73485,卖盘
2378,10:35:48,10.66,--,20,21320,买盘
2379,10:35:42,10.66,0.01,105,111930,买盘
2380,10:35:36,10.65,-0.01,2,2130,卖盘
2381,10:35:33,10.66,--,17,18122,买盘
2382,10:35:27,10.66,--,48,51168,买盘
2383,10:35:21,10.66,--,107,114062,买盘
2384,10:35:18,10.66,--,10,10660,买盘
2385,10:35:15,10.66,0.01,22,23452,买盘
2386,10:35:12,10.65,-0.01,10,10650,卖盘
2387,10:35:09,10.66,0.01,5,5330,买盘
2388,10:35:06,10.65,-0.01,6,6390,卖盘
2389,10:35:03,10.66,--,63,67158,买盘
2390,10:35:00,10.66,--,19,20254,买盘
2391,10:34:57,10.66,--,1,1066,买盘
2392,10:34:54,10.66,--,159,169494,买盘
2393,10:34:48,10.66,--,100,106600,买盘
2394,10:34:42,10.66,0.01,1,1066,买盘
2395,10:34:39,10.65,--,6,6390,卖盘
2396,10:34:36,10.65,--,8,8520,卖盘
2397,10:34:33,10.65,--,20,21300,卖盘
2398,10:34:30,10.65,--,69,73485,卖盘
2399,10:34:27,10.65,--,1,1065,卖盘
2400,10:34:24,10.65,--,187,199368,买盘
2401,10:34:18,10.65,--,34,36210,买盘
2402,10:34:15,10.65,--,66,70290,买盘
2403,10:34:12,10.65,--,14,14910,买盘
2404,10:34:09,10.65,--,389,414924,卖盘
2405,10:34:06,10.65,--,5,5325,卖盘
2406,10:34:03,10.65,-0.01,73,77745,卖盘
2407,10:34:00,10.66,0.01,162,172692,买盘
2408,10:33:54,10.65,-0.01,198,210870,卖盘
2409,10:33:51,10.66,--,39,41574,买盘
2410,10:33:48,10.66,--,13,13858,买盘
2411,10:33:33,10.66,0.01,20,21320,买盘
2412,10:33:30,10.65,-0.01,1,1065,卖盘
2413,10:33:27,10.66,--,39,41574,买盘
2414,10:33:21,10.66,0.01,48,51168,买盘
2415,10:33:18,10.65,--,32,34080,卖盘
2416,10:33:12,10.65,-0.01,15,15975,卖盘
2417,10:33:09,10.66,--,3,3198,买盘
2418,10:33:06,10.66,--,5,5330,买盘
2419,10:32:57,10.66,0.01,19,20254,买盘
2420,10:32:51,10.65,--,50,53250,卖盘
2421,10:32:48,10.65,-0.01,1,1065,卖盘
2422,10:32:45,10.66,0.01,71,75686,买盘
2423,10:32:36,10.65,--,45,47925,卖盘
2424,10:32:27,10.65,-0.01,36,38340,卖盘
2425,10:32:18,10.66,--,67,71422,买盘
2426,10:32:15,10.66,--,12,12792,买盘
2427,10:32:09,10.66,--,19,20254,买盘
2428,10:32:06,10.66,--,53,56498,买盘
2429,10:32:03,10.66,0.01,354,377364,买盘
2430,10:32:00,10.65,-0.01,20,21300,卖盘
2431,10:31:54,10.66,--,10,10660,买盘
2432,10:31:51,10.66,--,25,26650,买盘
2433,10:31:48,10.66,0.01,10,10660,买盘
2434,10:31:45,10.65,--,110,117150,卖盘
2435,10:31:42,10.65,--,25,26625,卖盘
2436,10:31:39,10.65,-0.01,3,3195,卖盘
2437,10:31:36,10.66,0.01,5,5330,买盘
2438,10:31:33,10.65,-0.01,1,1065,卖盘
2439,10:31:30,10.66,--,83,88478,买盘
2440,10:31:27,10.66,--,19,20254,买盘
2441,10:31:24,10.66,--,71,75686,买盘
2442,10:31:15,10.66,0.01,12,12792,买盘
2443,10:31:12,10.65,-0.01,20,21300,卖盘
2444,10:31:09,10.66,--,202,215332,买盘
2445,10:31:06,10.66,--,592,631072,买盘
2446,10:31:03,10.66,--,198,211068,买盘
2447,10:30:57,10.66,--,83,88478,买盘
2448,10:30:54,10.66,0.01,49,52234,买盘
2449,10:30:51,10.65,-0.01,8,8946,中性盘
2450,10:30:48,10.66,--,19,20254,买盘
2451,10:30:45,10.66,0.01,212,225992,买盘
2452,10:30:42,10.65,--,62,66030,买盘
2453,10:30:39,10.65,--,98,104370,买盘
2454,10:30:33,10.65,--,19,20235,买盘
2455,10:30:30,10.65,-0.01,28,29820,卖盘
2456,10:30:27,10.66,--,79,84214,买盘
2457,10:30:21,10.66,--,19,20254,买盘
2458,10:30:18,10.66,0.04,368,393098,买盘
2459,10:30:15,10.62,--,301,319662,买盘
2460,10:30:09,10.62,--,80,84960,买盘
2461,10:30:06,10.62,--,130,138060,买盘
2462,10:30:03,10.62,-0.03,2162,2296298,卖盘
2463,10:30:00,10.65,0.03,4,4260,中性盘
2464,10:29:51,10.62,-0.01,2000,2124000,卖盘
2465,10:29:45,10.63,-0.03,191,203033,卖盘
2466,10:29:42,10.66,0.01,68,72488,买盘
2467,10:29:39,10.65,-0.01,15,15975,卖盘
2468,10:29:36,10.66,0.03,53,56498,买盘
2469,10:29:33,10.63,-0.03,2000,2126000,卖盘
2470,10:29:27,10.66,0.01,49,52234,买盘
2471,10:29:21,10.65,0.01,5,5325,卖盘
2472,10:29:18,10.64,-0.01,6,6384,卖盘
2473,10:29:15,10.65,0.01,18,19170,中性盘
2474,10:29:12,10.64,--,1888,2009725,卖盘
2475,10:29:09,10.64,-0.01,30,31920,卖盘
2476,10:29:06,10.65,--,10,10650,买盘
2477,10:29:00,10.65,--,64,68160,买盘
2478,10:28:57,10.65,--,133,141645,买盘
2479,10:28:51,10.65,--,35,37275,买盘
2480,10:28:48,10.65,0.01,494,526110,买盘
2481,10:28:42,10.64,--,44,46816,卖盘
2482,10:28:36,10.64,-0.01,98,104272,卖盘
2483,10:28:33,10.65,--,50,53250,买盘
2484,10:28:30,10.65,0.01,25,26625,买盘
2485,10:28:27,10.64,-0.01,55,58520,卖盘
2486,10:28:24,10.65,--,5,5325,买盘
2487,10:28:21,10.65,--,399,425989,买盘
2488,10:28:15,10.65,0.01,50,53250,买盘
2489,10:28:12,10.64,-0.01,44,46816,卖盘
2490,10:28:09,10.65,0.01,20,21300,买盘
2491,10:28:06,10.64,-0.01,2,2128,卖盘
2492,10:28:03,10.65,--,19,20235,买盘
2493,10:28:00,10.65,0.01,98,104370,买盘
2494,10:27:57,10.64,-0.01,31,32984,卖盘
2495,10:27:48,10.65,--,178,189570,买盘
2496,10:27:45,10.65,0.01,207,220455,买盘
2497,10:27:39,10.64,-0.01,55,58520,卖盘
2498,10:27:36,10.65,0.01,5,5325,买盘
2499,10:27:33,10.64,-0.01,2,2128,卖盘
2500,10:27:30,10.65,--,4,4260,买盘
2501,10:27:27,10.65,0.01,57,60705,买盘
2502,10:27:24,10.64,-0.01,20,21280,卖盘
2503,10:27:21,10.65,--,11,11715,买盘
2504,10:27:18,10.65,--,12,12780,买盘
2505,10:27:15,10.65,--,50,53250,买盘
2506,10:27:12,10.65,--,52,55380,买盘
2507,10:27:09,10.65,0.01,150,159750,买盘
2508,10:27:06,10.64,-0.01,94,100016,卖盘
2509,10:27:03,10.65,--,100,106500,买盘
2510,10:26:57,10.65,--,44,46860,买盘
2511,10:26:54,10.65,0.01,211,224715,买盘
2512,10:26:48,10.64,--,10,10640,卖盘
2513,10:26:45,10.64,--,71,76597,卖盘
2514,10:26:39,10.64,-0.01,60,63840,卖盘
2515,10:26:27,10.65,--,19,20235,买盘
2516,10:26:24,10.65,--,76,80940,买盘
2517,10:26:21,10.65,--,19,20235,买盘
2518,10:26:18,10.65,0.01,64,68160,买盘
2519,10:26:15,10.64,--,2,2128,卖盘
2520,10:26:12,10.64,-0.01,108,114912,卖盘
2521,10:26:09,10.65,0.01,66,70290,买盘
2522,10:26:03,10.64,-0.01,10,10640,卖盘
2523,10:25:57,10.65,--,18,19170,买盘
2524,10:25:51,10.65,--,25,26625,买盘
2525,10:25:48,10.65,--,1,1065,买盘
2526,10:25:42,10.65,--,6,6390,买盘
2527,10:25:36,10.65,0.01,45,47925,买盘
2528,10:25:30,10.64,-0.01,26,27664,卖盘
2529,10:25:27,10.65,0.01,19,20235,买盘
2530,10:25:21,10.64,-0.01,318,338352,卖盘
2531,10:25:15,10.65,0.01,107,113955,买盘
2532,10:25:12,10.64,-0.01,6,6384,卖盘
2533,10:25:09,10.65,--,5,5325,买盘
2534,10:25:06,10.65,--,28,29820,买盘
2535,10:25:03,10.65,--,144,153360,买盘
2536,10:24:57,10.65,--,219,233235,买盘
2537,10:24:51,10.65,--,40,42600,买盘
2538,10:24:48,10.65,--,20,21300,买盘
2539,10:24:36,10.65,--,13,13845,买盘
2540,10:24:30,10.65,0.01,18,19170,买盘
2541,10:24:27,10.64,-0.01,30,31920,卖盘
2542,10:24:18,10.65,0.01,384,408960,买盘
2543,10:24:12,10.64,--,33,35112,卖盘
2544,10:24:09,10.64,--,143,152152,卖盘
2545,10:24:06,10.64,--,18,19152,卖盘
2546,10:23:57,10.64,-0.01,21,22344,卖盘
2547,10:23:54,10.65,--,6,6390,买盘
2548,10:23:48,10.65,0.01,56,59640,买盘
2549,10:23:45,10.64,-0.01,10,10640,卖盘
2550,10:23:42,10.65,--,1,1065,买盘
2551,10:23:33,10.65,0.01,200,213000,买盘
2552,10:23:30,10.64,-0.01,81,86184,卖盘
2553,10:23:27,10.65,--,30,31950,买盘
2554,10:23:21,10.65,--,28,29820,买盘
2555,10:23:18,10.65,0.01,100,106500,买盘
2556,10:23:12,10.64,--,2,2128,卖盘
2557,10:23:06,10.64,-0.01,40,42560,卖盘
2558,10:23:03,10.65,--,6,6390,买盘
2559,10:23:00,10.65,--,20,21300,买盘
2560,10:22:57,10.65,0.01,202,215130,买盘
2561,10:22:54,10.64,-0.01,87,92568,卖盘
2562,10:22:51,10.65,--,50,53250,买盘
2563,10:22:48,10.65,0.01,30,31950,买盘
2564,10:22:45,10.64,-0.01,120,127680,卖盘
2565,10:22:39,10.65,--,20,21300,买盘
2566,10:22:36,10.65,0.01,12,12780,买盘
2567,10:22:33,10.64,-0.01,2,2128,卖盘
2568,10:22:30,10.65,--,31,33015,买盘
2569,10:22:27,10.65,0.01,192,204480,买盘
2570,10:22:21,10.64,-0.01,125,133000,卖盘
2571,10:22:18,10.65,0.01,13,13845,买盘
2572,10:22:15,10.64,-0.01,80,85120,卖盘
2573,10:22:02,10.65,--,110,117150,买盘
2574,10:21:56,10.65,--,54,57510,买盘
2575,10:21:50,10.65,0.01,9,9585,买盘
2576,10:21:47,10.64,--,10,10640,卖盘
2577,10:21:44,10.64,--,54,57456,卖盘
2578,10:21:41,10.64,--,711,756504,卖盘
2579,10:21:38,10.64,-0.01,175,186200,卖盘
2580,10:21:32,10.65,--,5,5325,买盘
2581,10:21:29,10.65,--,1,1065,买盘
2582,10:21:26,10.65,--,31,33015,买盘
2583,10:21:23,10.65,--,143,152295,买盘
2584,10:21:20,10.65,--,22,23430,买盘
2585,10:21:17,10.65,--,28,29820,买盘
2586,10:21:14,10.65,0.01,18,19170,买盘
2587,10:21:08,10.64,-0.01,46,48944,卖盘
2588,10:21:05,10.65,0.01,65,69225,买盘
2589,10:20:59,10.64,--,52,55328,卖盘
2590,10:20:53,10.64,--,22,23408,卖盘
2591,10:20:47,10.64,-0.01,146,155344,卖盘
2592,10:20:35,10.65,--,25,26625,买盘
2593,10:20:32,10.65,--,8,8520,买盘
2594,10:20:29,10.65,--,9,9585,买盘
2595,10:20:26,10.65,0.01,19,20235,买盘
2596,10:20:23,10.64,-0.01,10,10640,卖盘
2597,10:20:20,10.65,0.01,3,3195,买盘
2598,10:20:17,10.64,-0.01,143,152152,卖盘
2599,10:20:14,10.65,0.01,31,33015,买盘
2600,10:20:11,10.64,-0.01,1,1064,卖盘
2601,10:20:08,10.65,--,23,24495,买盘
2602,10:20:05,10.65,--,125,133125,买盘
2603,10:20:02,10.65,--,19,20235,买盘
2604,10:19:56,10.65,0.01,5,5325,买盘
2605,10:19:50,10.64,-0.01,77,81928,卖盘
2606,10:19:41,10.65,--,5,5325,买盘
2607,10:19:38,10.65,0.01,218,232170,买盘
2608,10:19:32,10.64,--,31,32984,卖盘
2609,10:19:29,10.64,-0.01,24,25536,卖盘
2610,10:19:26,10.65,--,29,30885,买盘
2611,10:19:23,10.65,0.01,64,68160,买盘
2612,10:19:17,10.64,-0.01,1,1064,卖盘
2613,10:19:14,10.65,0.01,23,24495,买盘
2614,10:19:11,10.64,-0.01,1,1064,卖盘
2615,10:19:08,10.65,--,12,12780,买盘
2616,10:19:05,10.65,--,16,17040,卖盘
2617,10:19:02,10.65,--,11,11715,买盘
2618,10:18:59,10.65,--,66,70290,买盘
2619,10:18:47,10.65,--,26,27690,买盘
2620,10:18:44,10.65,0.01,40,42600,买盘
2621,10:18:41,10.64,--,3,3192,卖盘
2622,10:18:38,10.64,-0.01,20,21280,卖盘
2623,10:18:32,10.65,--,2,2130,买盘
2624,10:18:29,10.65,--,21,22365,买盘
2625,10:18:26,10.65,--,30,31950,买盘
2626,10:18:23,10.65,--,12,12780,买盘
2627,10:18:17,10.65,0.01,1796,1912740,买盘
2628,10:18:11,10.64,--,30,31920,卖盘
2629,10:17:59,10.64,-0.01,5,5320,卖盘
2630,10:17:56,10.65,0.01,18,19170,买盘
2631,10:17:50,10.64,-0.02,2,2128,卖盘
2632,10:17:41,10.66,0.01,50,53300,买盘
2633,10:17:38,10.65,-0.01,587,625155,卖盘
2634,10:17:35,10.66,-0.01,40,42640,卖盘
2635,10:17:32,10.67,0.01,33,35211,买盘
2636,10:17:29,10.66,--,41,43706,卖盘
2637,10:17:23,10.66,-0.01,35,37310,卖盘
2638,10:17:20,10.67,--,25,26675,买盘
2639,10:17:17,10.67,0.01,1,1067,买盘
2640,10:17:14,10.66,--,1,1066,卖盘
2641,10:17:11,10.66,-0.01,34,36244,卖盘
2642,10:17:08,10.67,0.01,14,14938,买盘
2643,10:17:05,10.66,--,378,402948,买盘
2644,10:16:59,10.66,--,55,58630,买盘
2645,10:16:56,10.66,--,1952,2080832,买盘
2646,10:16:53,10.66,0.01,12,12792,买盘
2647,10:16:50,10.65,--,45,47925,卖盘
2648,10:16:35,10.65,--,2,2130,卖盘
2649,10:16:32,10.65,--,50,53250,卖盘
2650,10:16:29,10.65,--,221,235365,买盘
2651,10:16:26,10.65,--,5,5325,买盘
2652,10:16:23,10.65,0.02,121,128865,买盘
2653,10:16:20,10.63,-0.04,4597,4886611,卖盘
2654,10:16:14,10.67,0.01,573,611391,买盘
2655,10:16:11,10.66,0.01,233,248378,买盘
2656,10:16:05,10.65,--,36,38340,卖盘
2657,10:16:02,10.65,0.01,3,3195,中性盘
2658,10:15:53,10.64,--,193,206362,买盘
2659,10:15:50,10.64,--,47,50008,买盘
2660,10:15:47,10.64,--,273,290525,卖盘
2661,10:15:38,10.64,-0.03,673,716072,卖盘
2662,10:15:32,10.67,0.03,34,36278,买盘
2663,10:15:26,10.64,-0.01,8,8512,卖盘
2664,10:15:23,10.65,--,33,35145,买盘
2665,10:15:17,10.65,--,188,200220,买盘
2666,10:15:14,10.65,--,10,10650,买盘
2667,10:15:11,10.65,--,45,47925,买盘
2668,10:15:02,10.65,--,1,1065,买盘
2669,10:14:59,10.65,0.01,3,3195,中性盘
2670,10:14:56,10.64,-0.01,2792,2970688,卖盘
2671,10:14:38,10.65,--,26,27690,卖盘
2672,10:14:32,10.65,-0.02,375,399375,卖盘
2673,10:14:26,10.67,0.02,17,18139,买盘
2674,10:14:23,10.65,--,8,8520,卖盘
2675,10:14:20,10.65,--,3326,3542190,卖盘
2676,10:14:11,10.65,--,61,64965,卖盘
2677,10:14:08,10.65,--,94,100110,买盘
2678,10:14:05,10.65,--,170,181050,买盘
2679,10:14:02,10.65,--,13,13845,买盘
2680,10:13:56,10.65,--,34,36210,买盘
2681,10:13:53,10.65,--,127,135255,买盘
2682,10:13:50,10.65,--,189,201285,买盘
2683,10:13:44,10.65,--,35,37275,买盘
2684,10:13:41,10.65,--,36,38340,买盘
2685,10:13:38,10.65,-0.01,613,652845,卖盘
2686,10:13:32,10.66,-0.01,235,250510,卖盘
2687,10:13:26,10.67,0.01,19,20273,买盘
2688,10:13:20,10.66,-0.01,50,53300,卖盘
2689,10:13:17,10.67,0.01,37,39479,买盘
2690,10:13:14,10.66,--,1,1066,卖盘
2691,10:13:08,10.66,-0.01,10,10660,卖盘
2692,10:13:02,10.67,--,10,10670,买盘
2693,10:12:59,10.67,--,3369,3594723,买盘
2694,10:12:44,10.67,--,186,198462,买盘
2695,10:12:29,10.67,--,15,16005,卖盘
2696,10:12:26,10.67,--,17,18139,买盘
2697,10:12:23,10.67,0.01,245,261415,买盘
2698,10:12:17,10.66,-0.01,258,275028,卖盘
2699,10:12:14,10.67,--,10,10670,买盘
2700,10:12:11,10.67,-0.01,151,161117,卖盘
2701,10:12:02,10.68,--,7,7476,买盘
2702,10:11:59,10.68,--,19,20292,买盘
2703,10:11:53,10.68,0.01,16,17088,买盘
2704,10:11:50,10.67,0.01,1,1067,中性盘
2705,10:11:47,10.66,-0.02,26,27716,卖盘
2706,10:11:44,10.68,0.01,35,37380,买盘
2707,10:11:38,10.67,0.01,136,145112,买盘
2708,10:11:35,10.66,-0.02,859,915694,卖盘
2709,10:11:32,10.68,0.01,800,854400,买盘
2710,10:11:29,10.67,--,25,26675,卖盘
2711,10:11:26,10.67,0.01,42,44814,买盘
2712,10:11:23,10.66,0.01,1,1066,卖盘
2713,10:11:20,10.65,-0.02,411,437715,卖盘
2714,10:11:14,10.67,0.01,9,9603,买盘
2715,10:11:11,10.66,-0.01,84,89544,中性盘
2716,10:11:08,10.67,0.02,9,9603,买盘
2717,10:11:05,10.65,0.01,7,7455,卖盘
2718,10:10:59,10.64,-0.01,7214,7675696,卖盘
2719,10:10:56,10.65,-0.03,143,152295,卖盘
2720,10:10:53,10.68,0.03,19,20292,买盘
2721,10:10:50,10.65,--,50,53250,卖盘
2722,10:10:47,10.65,--,35,37275,卖盘
2723,10:10:44,10.65,0.01,599,637935,中性盘
2724,10:10:35,10.64,--,2,2128,卖盘
2725,10:10:29,10.64,--,1500,1597010,买盘
2726,10:10:26,10.64,--,106,112784,买盘
2727,10:10:23,10.64,--,638,678832,买盘
2728,10:10:20,10.64,--,50,53200,买盘
2729,10:10:17,10.64,-0.03,3364,3579349,卖盘
2730,10:10:11,10.67,0.02,34,36278,买盘
2731,10:10:05,10.65,--,7,7455,卖盘
2732,10:10:02,10.65,--,112,119280,卖盘
2733,10:09:59,10.65,--,66,70290,买盘
2734,10:09:56,10.65,--,174,185310,买盘
2735,10:09:53,10.65,0.01,407,433455,买盘
2736,10:09:50,10.64,-0.01,545,579880,卖盘
2737,10:09:47,10.65,--,10,10650,买盘
2738,10:09:44,10.65,--,96,102240,买盘
2739,10:09:38,10.65,-0.03,4236,4511340,卖盘
2740,10:09:35,10.68,0.02,589,629052,买盘
2741,10:09:20,10.66,0.01,30,31980,中性盘
2742,10:09:17,10.65,-0.03,71,75615,卖盘
2743,10:09:14,10.68,0.03,79,84372,买盘
2744,10:09:11,10.65,-0.01,231,246015,卖盘
2745,10:09:08,10.66,--,645,687570,买盘
2746,10:08:59,10.66,--,80,85280,买盘
2747,10:08:56,10.66,-0.02,2819,3005096,卖盘
2748,10:08:53,10.68,--,1007,1075476,买盘
2749,10:08:50,10.68,--,113,121698,买盘
2750,10:08:44,10.68,0.01,20,21360,买盘
2751,10:08:41,10.67,-0.01,31,33077,卖盘
2752,10:08:35,10.68,--,61,65148,买盘
2753,10:08:32,10.68,0.01,40,42720,买盘
2754,10:08:29,10.67,--,83,88561,卖盘
2755,10:08:26,10.67,-0.01,405,432135,卖盘
2756,10:08:20,10.68,--,184,196512,买盘
2757,10:08:17,10.68,--,211,225348,买盘
2758,10:08:11,10.68,0.01,63,67284,买盘
2759,10:08:05,10.67,-0.01,90,96030,卖盘
2760,10:08:02,10.68,0.01,1,1068,买盘
2761,10:07:59,10.67,-0.01,165,176055,卖盘
2762,10:07:53,10.68,0.01,10,10680,买盘
2763,10:07:50,10.67,-0.01,43,45881,卖盘
2764,10:07:44,10.68,--,31,33108,买盘
2765,10:07:38,10.68,--,223,238164,买盘
