,time,price,change,volume,amount,type
0,15:00:20,8.55,-0.01,1984,1696320,卖盘
1,14:58:53,8.56,--,0,0,买盘
2,14:56:59,8.56,--,113,96728,买盘
3,14:56:56,8.56,--,20,17120,买盘
4,14:56:53,8.56,--,12,10272,买盘
5,14:56:44,8.56,--,109,93304,买盘
6,14:56:41,8.56,-0.01,108,92448,卖盘
7,14:56:38,8.57,0.01,10,8570,买盘
8,14:56:35,8.56,--,42,35952,卖盘
9,14:56:32,8.56,-0.01,66,56496,卖盘
10,14:56:29,8.57,--,62,53134,买盘
11,14:56:26,8.57,0.01,356,305092,买盘
12,14:56:23,8.56,--,58,49648,卖盘
13,14:56:20,8.56,--,92,78752,卖盘
14,14:56:17,8.56,--,84,71904,卖盘
15,14:56:05,8.56,--,37,31672,卖盘
16,14:56:02,8.56,--,117,100152,卖盘
17,14:55:47,8.56,-0.01,222,190032,卖盘
18,14:55:41,8.57,0.02,10,8570,买盘
19,14:55:32,8.55,-0.01,60,51300,卖盘
20,14:55:29,8.56,--,32,27392,卖盘
21,14:55:26,8.56,0.01,69,59064,买盘
22,14:55:23,8.55,-0.01,324,277020,卖盘
23,14:55:17,8.56,--,104,89024,买盘
24,14:55:14,8.56,--,217,185752,买盘
25,14:55:11,8.56,-0.01,48,41088,卖盘
26,14:55:08,8.57,0.01,111,95127,买盘
27,14:55:05,8.56,-0.01,210,179760,卖盘
28,14:55:02,8.57,0.01,4,3428,买盘
29,14:54:56,8.56,-0.01,18,15408,卖盘
30,14:54:50,8.57,0.01,15,12855,中性盘
31,14:54:47,8.56,-0.01,121,103576,卖盘
32,14:54:35,8.57,-0.01,10,8570,买盘
33,14:54:32,8.58,--,4,3432,买盘
34,14:54:23,8.58,0.03,46,39468,买盘
35,14:54:14,8.55,--,10,8550,卖盘
36,14:53:59,8.55,--,50,42750,卖盘
37,14:53:56,8.55,-0.03,10,8550,卖盘
38,14:53:47,8.58,0.03,55,47190,买盘
39,14:53:44,8.55,0.01,6,5130,买盘
40,14:53:41,8.54,-0.01,6,5123,卖盘
41,14:53:38,8.55,--,50,42750,卖盘
42,14:53:35,8.55,-0.03,4,3420,中性盘
43,14:53:32,8.58,0.04,2531,2171598,买盘
44,14:53:29,8.54,--,10,8540,卖盘
45,14:53:23,8.54,-0.01,20,17080,卖盘
46,14:53:20,8.55,0.01,21,17955,买盘
47,14:53:17,8.54,-0.01,306,261323,卖盘
48,14:53:11,8.55,--,35,29925,买盘
49,14:53:08,8.55,0.01,10,8550,买盘
50,14:53:05,8.54,--,5,4270,卖盘
51,14:53:02,8.54,--,21,17934,卖盘
52,14:52:56,8.54,--,2,1707,卖盘
53,14:52:47,8.54,-0.01,20,17080,卖盘
54,14:52:44,8.55,0.01,10,8550,买盘
55,14:52:35,8.54,-0.01,100,85399,卖盘
56,14:52:32,8.55,0.01,40,34200,买盘
57,14:52:29,8.54,-0.01,40,34160,卖盘
58,14:52:26,8.55,--,10,8550,买盘
59,14:52:23,8.55,--,164,140220,卖盘
60,14:52:20,8.55,--,5,4275,卖盘
61,14:52:17,8.55,0.01,484,413820,买盘
62,14:52:11,8.54,-0.01,363,310001,卖盘
63,14:52:05,8.55,--,11,9405,买盘
64,14:52:02,8.55,--,69,58995,买盘
65,14:51:56,8.55,--,674,576270,买盘
66,14:51:50,8.55,--,62,53010,买盘
67,14:51:47,8.55,--,26,22230,买盘
68,14:51:41,8.55,--,5,4275,买盘
69,14:51:38,8.55,--,15,12825,买盘
70,14:51:29,8.55,--,5,4275,买盘
71,14:51:26,8.55,0.01,60,51300,买盘
72,14:51:23,8.54,--,15,12809,卖盘
73,14:51:20,8.54,-0.01,20,17080,卖盘
74,14:51:14,8.55,--,22,18810,买盘
75,14:51:11,8.55,--,10,8550,买盘
76,14:51:08,8.55,--,595,508725,卖盘
77,14:51:02,8.55,--,53,45315,卖盘
78,14:50:56,8.55,--,1,855,卖盘
79,14:50:50,8.55,--,5,4275,卖盘
80,14:50:44,8.55,-0.01,20,17100,卖盘
81,14:50:41,8.56,--,15,12840,买盘
82,14:50:38,8.56,--,109,93304,买盘
83,14:50:35,8.56,0.01,53,45368,买盘
84,14:50:32,8.55,--,26,22230,卖盘
85,14:50:17,8.55,--,38,32490,卖盘
86,14:50:14,8.55,--,51,43605,卖盘
87,14:50:11,8.55,-0.01,16,13680,卖盘
88,14:50:05,8.56,0.01,10,8560,买盘
89,14:50:02,8.55,--,4,3420,卖盘
90,14:49:59,8.55,-0.01,30,25650,卖盘
91,14:49:41,8.56,--,12,10357,卖盘
92,14:49:38,8.56,--,12,10272,卖盘
93,14:49:35,8.56,--,157,134392,卖盘
94,14:49:32,8.56,--,31,26536,卖盘
95,14:49:29,8.56,--,7,5992,卖盘
96,14:49:23,8.56,--,816,699266,卖盘
97,14:49:17,8.56,--,30,25680,卖盘
98,14:49:11,8.56,--,3,2568,卖盘
99,14:49:05,8.56,--,36,30816,卖盘
100,14:49:02,8.56,--,10,8560,卖盘
101,14:48:59,8.56,-0.01,84,71904,卖盘
102,14:48:56,8.57,0.01,14,11998,买盘
103,14:48:53,8.56,--,89,76184,卖盘
104,14:48:50,8.56,-0.01,6,5136,卖盘
105,14:48:47,8.57,--,220,188540,买盘
106,14:48:41,8.57,0.01,21,17997,买盘
107,14:48:38,8.56,-0.01,33,28248,卖盘
108,14:48:35,8.57,0.01,36,30852,买盘
109,14:48:26,8.56,--,13,11128,卖盘
110,14:48:17,8.56,--,26,22256,卖盘
111,14:48:14,8.56,-0.01,80,68480,卖盘
112,14:48:07,8.57,--,70,59990,买盘
113,14:47:55,8.57,--,30,25710,买盘
114,14:47:52,8.57,--,94,80558,买盘
115,14:47:46,8.57,--,9,7713,买盘
116,14:47:43,8.57,--,35,29995,买盘
117,14:47:40,8.57,-0.01,70,59990,卖盘
118,14:47:37,8.58,0.01,124,106392,买盘
119,14:47:22,8.57,--,114,97698,买盘
120,14:47:13,8.57,--,100,85700,买盘
121,14:47:04,8.57,0.01,40,34280,买盘
122,14:47:01,8.56,--,100,85600,卖盘
123,14:46:58,8.56,-0.01,5,4280,卖盘
124,14:46:37,8.57,0.01,50,42850,中性盘
125,14:46:31,8.56,-0.01,85,72760,卖盘
126,14:46:28,8.57,-0.01,20,17140,卖盘
127,14:46:16,8.58,0.02,5,4290,买盘
128,14:46:10,8.56,--,61,52216,卖盘
129,14:46:07,8.56,--,230,196880,卖盘
130,14:45:55,8.56,-0.01,23,19688,卖盘
131,14:45:52,8.57,0.01,200,171400,买盘
132,14:45:49,8.56,--,64,54784,卖盘
133,14:45:46,8.56,--,31,26536,卖盘
134,14:45:40,8.56,-0.01,45,38520,卖盘
135,14:45:34,8.57,0.01,3,2571,买盘
136,14:45:28,8.56,-0.01,252,215712,卖盘
137,14:45:22,8.57,--,20,17140,买盘
138,14:45:13,8.57,--,23,19711,买盘
139,14:45:10,8.57,--,30,25710,卖盘
140,14:45:07,8.57,--,49,41993,买盘
141,14:45:04,8.57,--,50,42850,买盘
142,14:45:01,8.57,--,30,25710,买盘
143,14:44:37,8.57,--,7,5999,买盘
144,14:44:16,8.57,--,6,5142,买盘
145,14:44:13,8.57,0.01,12,10284,中性盘
146,14:44:07,8.56,-0.01,602,515312,卖盘
147,14:44:01,8.57,-0.01,50,42850,卖盘
148,14:43:58,8.58,--,44,37752,买盘
149,14:43:55,8.58,--,85,72930,买盘
150,14:43:31,8.58,--,213,182754,买盘
151,14:43:22,8.58,--,10,8580,买盘
152,14:43:19,8.58,--,7,6006,买盘
153,14:43:16,8.58,--,5,4290,买盘
154,14:43:13,8.58,--,11,9438,买盘
155,14:43:10,8.58,0.01,18,15444,买盘
156,14:43:07,8.57,-0.01,40,34280,卖盘
157,14:43:04,8.58,--,70,60060,买盘
158,14:43:01,8.58,0.01,10,8580,买盘
159,14:42:58,8.57,--,200,171400,卖盘
160,14:42:52,8.57,-0.01,40,34280,卖盘
161,14:42:43,8.58,0.01,1,858,买盘
162,14:42:40,8.57,--,30,25710,卖盘
163,14:42:34,8.57,--,105,89985,卖盘
164,14:42:31,8.57,--,10,8570,卖盘
165,14:42:25,8.57,--,1,857,卖盘
166,14:42:10,8.57,0.01,711,609327,买盘
167,14:42:01,8.56,--,20,17120,卖盘
168,14:41:58,8.56,--,212,181472,卖盘
169,14:41:49,8.56,--,50,42800,卖盘
170,14:41:28,8.56,--,46,39376,买盘
171,14:41:19,8.56,--,23,19688,买盘
172,14:41:16,8.56,--,20,17120,买盘
173,14:41:13,8.56,--,211,180616,卖盘
174,14:41:10,8.56,--,15,12840,卖盘
175,14:41:04,8.56,--,220,188320,卖盘
176,14:41:01,8.56,-0.01,18,15408,卖盘
177,14:40:58,8.57,0.01,1,857,买盘
178,14:40:55,8.56,-0.01,72,61632,卖盘
179,14:40:49,8.57,--,10,8570,买盘
180,14:40:46,8.57,0.01,5,4285,买盘
181,14:40:43,8.56,--,44,37664,卖盘
182,14:40:37,8.56,-0.01,20,17120,卖盘
183,14:40:34,8.57,0.01,179,153403,买盘
184,14:40:22,8.56,--,177,151512,买盘
185,14:40:19,8.56,--,125,107000,买盘
186,14:40:13,8.56,0.01,2,1712,买盘
187,14:40:07,8.55,-0.01,169,144495,卖盘
188,14:40:04,8.56,--,1,856,买盘
189,14:40:01,8.56,0.01,131,112136,买盘
190,14:39:49,8.55,--,12,10260,卖盘
191,14:39:37,8.55,--,1,855,卖盘
192,14:39:28,8.55,-0.01,20,17100,卖盘
193,14:39:25,8.56,0.01,20,17120,买盘
194,14:39:19,8.55,-0.01,40,34200,卖盘
195,14:39:13,8.56,0.01,2,1712,买盘
196,14:39:10,8.55,--,200,171000,卖盘
197,14:39:07,8.55,-0.01,3,2565,卖盘
198,14:39:04,8.56,0.01,3,2568,买盘
199,14:39:01,8.55,--,8,6840,卖盘
200,14:38:52,8.55,-0.01,5,4275,卖盘
201,14:38:43,8.56,0.01,100,85600,买盘
202,14:38:37,8.55,--,15,12825,卖盘
203,14:38:34,8.55,--,23,19665,卖盘
204,14:38:25,8.55,--,86,73530,卖盘
205,14:38:22,8.55,--,19,16245,卖盘
206,14:38:16,8.55,--,10,8550,卖盘
207,14:38:04,8.55,--,65,55575,卖盘
208,14:37:58,8.55,0.01,17,14535,买盘
209,14:37:52,8.54,--,42,35868,卖盘
210,14:37:49,8.54,--,201,171653,卖盘
211,14:37:43,8.54,-0.01,20,17080,卖盘
212,14:37:40,8.55,--,200,171000,买盘
213,14:37:25,8.55,--,5,4275,买盘
214,14:37:19,8.55,--,155,132525,卖盘
215,14:37:16,8.55,-0.01,630,538650,卖盘
216,14:37:13,8.56,0.01,49,41944,买盘
217,14:37:10,8.55,--,20,17100,卖盘
218,14:37:07,8.55,-0.01,630,538650,卖盘
219,14:37:01,8.56,--,2,1712,买盘
220,14:36:58,8.56,--,42,35952,买盘
221,14:36:55,8.56,--,82,70192,买盘
222,14:36:52,8.56,-0.01,768,657493,卖盘
223,14:36:49,8.57,0.01,11,9427,买盘
224,14:36:46,8.56,-0.01,100,85600,卖盘
225,14:36:43,8.57,--,56,47992,买盘
226,14:36:40,8.57,0.01,46,39422,买盘
227,14:36:37,8.56,-0.01,20,17120,卖盘
228,14:36:34,8.57,--,10,8570,买盘
229,14:36:31,8.57,--,36,30852,买盘
230,14:36:25,8.57,--,10,8570,买盘
231,14:36:16,8.57,0.01,87,74559,买盘
232,14:36:13,8.56,-0.01,45,38520,卖盘
233,14:36:10,8.57,--,4,3428,买盘
234,14:36:04,8.57,--,14,11998,买盘
235,14:35:55,8.57,--,126,107982,卖盘
236,14:35:46,8.57,--,20,17140,卖盘
237,14:35:43,8.57,--,5,4285,卖盘
238,14:35:40,8.57,--,41,35137,买盘
239,14:35:37,8.57,--,15,12855,买盘
240,14:35:34,8.57,--,8,6856,买盘
241,14:35:31,8.57,--,125,107125,买盘
242,14:35:25,8.57,--,119,101983,买盘
243,14:35:22,8.57,--,13,11141,买盘
244,14:35:13,8.57,--,101,86557,买盘
245,14:35:10,8.57,--,10,8570,买盘
246,14:35:07,8.57,--,152,130264,买盘
247,14:35:01,8.57,0.01,829,711224,买盘
248,14:34:58,8.56,-0.01,40,34240,卖盘
249,14:34:52,8.57,--,86,73702,买盘
250,14:34:46,8.57,0.01,102,87414,买盘
251,14:34:43,8.56,-0.01,18,15408,卖盘
252,14:34:37,8.57,0.01,450,385650,买盘
253,14:34:28,8.56,--,215,184040,卖盘
254,14:34:22,8.56,--,365,312440,买盘
255,14:34:19,8.56,--,11,9416,买盘
256,14:34:16,8.56,--,3160,2704960,买盘
257,14:34:13,8.56,--,45,38520,买盘
258,14:34:07,8.56,--,7,5992,买盘
259,14:34:04,8.56,--,47,40232,买盘
260,14:34:01,8.56,--,20,17120,买盘
261,14:33:55,8.56,--,10,8560,买盘
262,14:33:52,8.56,0.01,42,35952,买盘
263,14:33:43,8.55,--,2,1710,卖盘
264,14:33:40,8.55,--,1371,1172205,买盘
265,14:33:37,8.55,--,11,9405,买盘
266,14:33:25,8.55,--,5,4275,买盘
267,14:33:22,8.55,--,153,130815,买盘
268,14:33:19,8.55,--,10,8550,买盘
269,14:33:16,8.55,--,10,8550,买盘
270,14:33:13,8.55,0.01,15,12825,买盘
271,14:33:04,8.54,--,10,8540,卖盘
272,14:32:43,8.54,--,42,35868,卖盘
273,14:32:40,8.54,--,138,117851,买盘
274,14:32:37,8.54,--,7,5977,买盘
275,14:32:31,8.54,0.01,60,51239,买盘
276,14:32:22,8.53,--,111,94683,卖盘
277,14:32:19,8.53,--,10,8530,卖盘
278,14:32:10,8.53,--,12,10236,卖盘
279,14:32:07,8.53,--,7,5971,卖盘
280,14:31:49,8.53,-0.01,200,170600,卖盘
281,14:31:28,8.54,0.01,25,21349,买盘
282,14:31:16,8.53,--,9,7676,卖盘
283,14:31:07,8.53,--,31,26442,卖盘
284,14:31:04,8.53,-0.01,40,34120,卖盘
285,14:30:52,8.54,0.01,25,21349,买盘
286,14:30:49,8.53,--,3,2559,卖盘
287,14:30:46,8.53,-0.01,10,8530,卖盘
288,14:30:40,8.54,--,17,14517,买盘
289,14:30:37,8.54,0.01,35,29889,买盘
290,14:30:25,8.53,--,29,24736,卖盘
291,14:30:22,8.53,-0.01,5,4265,卖盘
292,14:30:19,8.54,0.01,2,1707,买盘
293,14:30:16,8.53,--,86,73358,卖盘
294,14:30:13,8.53,-0.01,91,77623,卖盘
295,14:30:10,8.54,0.01,5,4270,买盘
296,14:30:07,8.53,-0.01,5,4265,卖盘
297,14:30:04,8.54,0.01,39,33306,买盘
298,14:30:01,8.53,-0.01,10,8530,卖盘
299,14:29:55,8.54,--,20,17080,买盘
300,14:29:52,8.54,-0.01,2741,2340813,卖盘
301,14:29:49,8.55,--,3,2565,卖盘
302,14:29:43,8.55,--,100,85500,卖盘
303,14:29:40,8.55,-0.01,91,77805,卖盘
304,14:29:37,8.56,0.01,1,856,买盘
305,14:29:31,8.55,-0.01,95,81225,卖盘
306,14:29:28,8.56,0.01,1,856,买盘
307,14:29:25,8.55,-0.01,30,25650,卖盘
308,14:29:16,8.56,0.01,14,11984,买盘
309,14:29:13,8.55,--,63,53865,卖盘
310,14:29:10,8.55,--,5,4275,卖盘
311,14:29:04,8.55,-0.01,81,69255,卖盘
312,14:29:01,8.56,--,98,83888,买盘
313,14:28:55,8.56,0.01,12,10272,买盘
314,14:28:49,8.55,--,13,11115,卖盘
315,14:28:46,8.55,--,20,17100,卖盘
316,14:28:36,8.55,--,20,17100,卖盘
317,14:28:33,8.55,--,358,306090,卖盘
318,14:28:24,8.55,-0.01,20,17100,卖盘
319,14:28:15,8.56,--,20,17120,买盘
320,14:28:12,8.56,0.01,11,9416,买盘
321,14:28:09,8.55,--,3,2565,卖盘
322,14:28:03,8.55,--,19,16245,卖盘
323,14:27:54,8.55,--,7,5985,卖盘
324,14:27:45,8.55,--,36,30780,买盘
325,14:27:42,8.55,0.01,500,427500,买盘
326,14:27:36,8.54,--,20,17080,卖盘
327,14:27:33,8.54,-0.01,36,30743,卖盘
328,14:27:27,8.55,0.01,309,264195,买盘
329,14:27:21,8.54,--,77,65758,买盘
330,14:27:18,8.54,--,10,8540,买盘
331,14:27:15,8.54,--,49,41845,卖盘
332,14:27:09,8.54,--,10,8540,卖盘
333,14:27:03,8.54,0.01,64,54655,买盘
334,14:26:57,8.53,-0.01,300,255899,卖盘
335,14:26:54,8.54,--,229,195565,买盘
336,14:26:51,8.54,--,380,324519,买盘
337,14:26:36,8.54,--,113,96501,卖盘
338,14:26:30,8.54,--,5,4270,卖盘
339,14:26:27,8.54,--,2,1707,卖盘
340,14:26:18,8.54,--,7,5977,卖盘
341,14:26:15,8.54,0.01,37,31597,买盘
342,14:26:12,8.53,--,220,187660,卖盘
343,14:25:57,8.53,--,18,15353,卖盘
344,14:25:54,8.53,-0.01,30,25589,卖盘
345,14:25:51,8.54,--,38,32451,买盘
346,14:25:48,8.54,0.01,105,89669,买盘
347,14:25:39,8.53,--,331,282343,卖盘
348,14:25:36,8.53,-0.01,100,85300,卖盘
349,14:25:30,8.54,--,10,8540,买盘
350,14:25:18,8.54,-0.01,466,397963,卖盘
351,14:25:12,8.55,--,20,17100,买盘
352,14:25:06,8.55,--,454,388170,卖盘
353,14:25:03,8.55,--,58,49590,卖盘
354,14:25:00,8.55,--,13,11115,卖盘
355,14:24:51,8.55,-0.01,80,68400,卖盘
356,14:24:30,8.56,0.01,5,4280,买盘
357,14:24:21,8.55,-0.01,79,67545,卖盘
358,14:24:12,8.56,--,8,6848,买盘
359,14:24:06,8.56,-0.01,374,320144,卖盘
360,14:24:03,8.57,--,5,4285,买盘
361,14:24:00,8.57,-0.01,94,80558,卖盘
362,14:23:57,8.58,0.01,40,34320,买盘
363,14:23:51,8.57,-0.01,54,46278,卖盘
364,14:23:42,8.58,--,20,17160,买盘
365,14:23:27,8.58,0.01,3,2574,买盘
366,14:23:21,8.57,--,6,5142,卖盘
367,14:23:15,8.57,--,50,42850,卖盘
368,14:23:09,8.57,--,21,17997,买盘
369,14:23:06,8.57,-0.01,29,24853,卖盘
370,14:23:03,8.58,--,62,53196,买盘
371,14:22:57,8.58,0.01,59,50622,买盘
372,14:22:54,8.57,--,100,85700,卖盘
373,14:22:42,8.57,--,30,25710,卖盘
374,14:22:27,8.57,-0.01,3,2571,卖盘
375,14:22:24,8.58,0.01,50,42900,买盘
376,14:22:18,8.57,-0.01,19,16283,卖盘
377,14:22:15,8.58,--,59,50622,买盘
378,14:22:09,8.58,--,10,8580,买盘
379,14:22:06,8.58,--,5,4290,买盘
380,14:21:57,8.58,0.01,2,1716,买盘
381,14:21:54,8.57,-0.01,2,1714,卖盘
382,14:21:48,8.58,--,38,32604,买盘
383,14:21:39,8.58,0.01,30,25740,买盘
384,14:21:21,8.57,--,31,26567,卖盘
385,14:21:15,8.57,--,5,4285,卖盘
386,14:21:12,8.57,--,9,7713,卖盘
387,14:21:09,8.57,--,12,10284,买盘
388,14:21:06,8.57,--,20,17140,买盘
389,14:21:03,8.57,--,16,13712,买盘
390,14:21:00,8.57,--,55,47135,买盘
391,14:20:57,8.57,--,20,17140,买盘
392,14:20:42,8.57,0.01,17,14569,买盘
393,14:20:39,8.56,-0.01,20,17120,卖盘
394,14:20:33,8.57,0.01,20,17140,买盘
395,14:20:30,8.56,-0.01,2,1712,卖盘
396,14:20:21,8.57,0.01,27,23139,买盘
397,14:20:12,8.56,--,100,85600,卖盘
398,14:19:51,8.56,-0.01,131,112136,卖盘
399,14:19:42,8.57,--,50,42850,买盘
400,14:19:30,8.57,--,25,21425,买盘
401,14:19:27,8.57,--,50,42850,买盘
402,14:19:18,8.57,-0.01,341,292237,卖盘
403,14:19:15,8.58,0.01,100,85800,买盘
404,14:19:12,8.57,--,100,85700,卖盘
405,14:19:09,8.57,--,3,2571,卖盘
406,14:19:00,8.57,--,20,17140,卖盘
407,14:18:57,8.57,--,10,8570,卖盘
408,14:18:39,8.57,-0.01,31,26567,卖盘
409,14:18:33,8.58,0.01,2,1716,买盘
410,14:18:30,8.57,--,19,16283,卖盘
411,14:18:24,8.57,--,30,25710,卖盘
412,14:18:18,8.57,-0.01,20,17140,卖盘
413,14:18:15,8.58,0.01,6,5148,买盘
414,14:18:06,8.57,--,63,53991,卖盘
415,14:18:03,8.57,--,40,34280,买盘
416,14:18:00,8.57,--,45,38565,买盘
417,14:17:48,8.57,--,8,6856,卖盘
418,14:17:36,8.57,--,22,18854,买盘
419,14:17:27,8.57,0.01,8,6856,买盘
420,14:17:24,8.56,--,22,18832,卖盘
421,14:17:18,8.56,--,3,2568,卖盘
422,14:17:15,8.56,0.01,73,62488,买盘
423,14:17:12,8.55,--,18,15390,卖盘
424,14:17:09,8.55,-0.01,7,5985,卖盘
425,14:17:03,8.56,--,10,8560,买盘
426,14:16:57,8.56,0.01,70,59920,买盘
427,14:16:54,8.55,--,11,9405,卖盘
428,14:16:42,8.55,--,6,5130,卖盘
429,14:16:36,8.55,0.01,205,175548,买盘
430,14:16:33,8.54,-0.01,80,68320,卖盘
431,14:16:30,8.55,--,52,44460,买盘
432,14:16:24,8.55,--,15,12825,买盘
433,14:16:21,8.55,0.01,55,47025,买盘
434,14:16:18,8.54,--,32,27327,卖盘
435,14:16:15,8.54,-0.01,10,8540,卖盘
436,14:16:12,8.55,--,15,12825,买盘
437,14:16:09,8.55,--,50,42750,买盘
438,14:16:06,8.55,--,55,47025,买盘
439,14:16:00,8.55,--,11,9405,买盘
440,14:15:57,8.55,--,193,165015,买盘
441,14:15:51,8.55,--,1,855,买盘
442,14:15:45,8.55,0.01,42,35910,买盘
443,14:15:42,8.54,--,79,67466,卖盘
444,14:15:39,8.54,--,45,38429,卖盘
445,14:15:33,8.54,-0.01,183,156281,卖盘
446,14:15:30,8.55,0.01,312,266760,买盘
447,14:15:27,8.54,--,3,2561,卖盘
448,14:15:24,8.54,-0.01,200,170799,卖盘
449,14:15:21,8.55,0.01,420,359100,买盘
450,14:15:18,8.54,--,33,28181,卖盘
451,14:15:15,8.54,-0.01,162,138348,卖盘
452,14:15:12,8.55,0.01,20,17100,买盘
453,14:15:06,8.54,-0.01,50,42699,卖盘
454,14:15:03,8.55,--,21,17955,买盘
455,14:14:54,8.55,--,60,51300,买盘
456,14:14:51,8.55,--,19,16245,买盘
457,14:14:48,8.55,--,183,156465,买盘
458,14:14:45,8.55,--,502,429210,卖盘
459,14:14:42,8.55,--,28,23940,卖盘
460,14:14:39,8.55,--,208,177840,卖盘
461,14:14:33,8.55,--,55,47025,卖盘
462,14:14:30,8.55,--,336,287280,卖盘
463,14:14:24,8.55,--,4,3420,卖盘
464,14:14:21,8.55,-0.01,167,142785,卖盘
465,14:14:18,8.56,0.01,47,40232,买盘
466,14:14:12,8.55,-0.01,200,171000,卖盘
467,14:14:09,8.56,0.01,230,196880,买盘
468,14:14:06,8.55,-0.01,17,14535,卖盘
469,14:14:00,8.56,--,20,17120,买盘
470,14:13:57,8.56,--,10,8560,买盘
471,14:13:54,8.56,--,989,846584,卖盘
472,14:13:51,8.56,-0.01,35,29960,卖盘
473,14:13:48,8.57,0.01,42,35994,买盘
474,14:13:45,8.56,--,67,57352,卖盘
475,14:13:42,8.56,-0.01,19,16264,卖盘
476,14:13:39,8.57,--,20,17140,买盘
477,14:13:33,8.57,0.01,10,8570,买盘
478,14:13:30,8.56,--,22,18832,卖盘
479,14:13:27,8.56,--,34,29104,卖盘
480,14:13:21,8.56,-0.01,65,55640,卖盘
481,14:13:15,8.57,--,10,8570,买盘
482,14:13:09,8.57,--,10,8570,买盘
483,14:13:06,8.57,0.01,15,12855,买盘
484,14:13:03,8.56,-0.01,171,146376,卖盘
485,14:12:57,8.57,0.01,8,6856,买盘
486,14:12:54,8.56,-0.01,32,27392,卖盘
487,14:12:48,8.57,--,22,18854,买盘
488,14:12:45,8.57,--,64,54848,买盘
489,14:12:42,8.57,0.01,30,25710,买盘
490,14:12:39,8.56,-0.01,59,50504,卖盘
491,14:12:36,8.57,--,58,49706,买盘
492,14:12:30,8.57,--,19,16283,买盘
493,14:12:27,8.57,--,93,79701,买盘
494,14:12:24,8.57,--,12,10284,买盘
495,14:12:21,8.57,--,30,25710,买盘
496,14:12:18,8.57,--,20,17140,买盘
497,14:12:15,8.57,--,15,12855,买盘
498,14:12:12,8.57,--,10,8570,买盘
499,14:12:06,8.57,0.01,102,87414,买盘
500,14:12:03,8.56,-0.01,56,47936,卖盘
501,14:11:54,8.57,--,92,78844,卖盘
502,14:11:48,8.57,--,189,161973,卖盘
503,14:11:42,8.57,--,60,51420,卖盘
504,14:11:39,8.57,--,18,15426,买盘
505,14:11:33,8.57,--,36,30852,卖盘
506,14:11:30,8.57,--,50,42850,卖盘
507,14:11:27,8.57,--,64,54848,买盘
508,14:11:24,8.57,--,136,116552,卖盘
509,14:11:18,8.57,0.01,115,98555,买盘
510,14:11:15,8.56,-0.01,194,166064,卖盘
511,14:11:09,8.57,--,73,62561,买盘
512,14:11:06,8.57,-0.01,144,123408,中性盘
513,14:10:57,8.58,0.01,102,87516,买盘
514,14:10:54,8.57,--,306,262242,卖盘
515,14:10:51,8.57,--,1,857,卖盘
516,14:10:48,8.57,-0.01,200,171400,卖盘
517,14:10:42,8.58,--,30,25740,买盘
518,14:10:39,8.58,--,204,175032,买盘
519,14:10:36,8.58,-0.01,306,262548,卖盘
520,14:10:30,8.59,--,69,59271,卖盘
521,14:10:27,8.59,--,686,589274,卖盘
522,14:10:21,8.59,--,25,21475,卖盘
523,14:10:12,8.59,--,25,21475,卖盘
524,14:10:09,8.59,--,45,38655,卖盘
525,14:09:53,8.59,-0.01,50,42950,卖盘
526,14:09:47,8.6,0.01,81,69660,买盘
527,14:09:35,8.59,--,7,6013,卖盘
528,14:09:17,8.59,--,42,36078,卖盘
529,14:09:14,8.59,--,4,3436,卖盘
530,14:08:59,8.59,-0.01,4,3436,卖盘
531,14:08:53,8.6,--,5,4300,买盘
532,14:08:50,8.6,0.02,6,5160,买盘
533,14:08:35,8.58,--,53,45474,卖盘
534,14:08:26,8.58,0.01,5,4290,中性盘
535,14:08:20,8.57,-0.01,105,89985,卖盘
536,14:08:14,8.58,0.01,5,4290,买盘
537,14:08:08,8.57,--,28,23996,卖盘
538,14:08:02,8.57,--,49,41993,买盘
539,14:07:59,8.57,--,205,175685,买盘
540,14:07:56,8.57,--,138,118266,买盘
541,14:07:47,8.57,0.01,36,30852,买盘
542,14:07:44,8.56,-0.01,53,45368,卖盘
543,14:07:41,8.57,--,281,240817,买盘
544,14:07:38,8.57,-0.01,110,94270,卖盘
545,14:07:35,8.58,--,310,265980,买盘
546,14:07:26,8.58,--,5,4290,买盘
547,14:07:20,8.58,--,879,754182,卖盘
548,14:07:17,8.58,-0.01,109,93522,卖盘
549,14:07:11,8.59,-0.01,95,81605,卖盘
550,14:07:05,8.6,-0.02,3519,3026340,卖盘
551,14:06:47,8.62,--,177,152574,卖盘
552,14:06:44,8.62,--,8,6895,卖盘
553,14:06:35,8.62,--,108,93095,卖盘
554,14:06:32,8.62,--,10,8620,卖盘
555,14:06:26,8.62,--,3,2585,卖盘
556,14:06:20,8.62,--,6,5171,卖盘
557,14:06:11,8.62,--,30,25859,卖盘
558,14:06:08,8.62,--,2,1723,卖盘
559,14:06:05,8.62,--,5,4310,卖盘
560,14:06:02,8.62,--,100,86199,卖盘
561,14:05:56,8.62,--,1,861,卖盘
562,14:05:50,8.62,--,29,24997,卖盘
563,14:05:47,8.62,--,230,198259,卖盘
564,14:05:44,8.62,--,14,12067,卖盘
565,14:05:41,8.62,--,55,47409,卖盘
566,14:05:38,8.62,--,82,70684,卖盘
567,14:05:29,8.62,--,10,8620,卖盘
568,14:05:26,8.62,--,24,20687,卖盘
569,14:05:23,8.62,--,166,143092,卖盘
570,14:05:20,8.62,-0.01,34,29307,卖盘
571,14:05:17,8.63,0.01,202,174326,买盘
572,14:05:05,8.62,-0.01,9,7757,卖盘
573,14:04:59,8.63,0.01,206,177778,买盘
574,14:04:53,8.62,--,33,28445,卖盘
575,14:04:44,8.62,--,50,43099,卖盘
576,14:04:38,8.62,-0.01,2,1723,卖盘
577,14:04:32,8.63,0.01,92,79396,买盘
578,14:04:29,8.62,-0.01,100,86199,卖盘
579,14:04:26,8.63,--,70,60410,买盘
580,14:04:17,8.63,--,2,1726,买盘
581,14:04:14,8.63,--,338,291694,卖盘
582,14:04:08,8.63,-0.01,20,17260,卖盘
583,14:03:53,8.64,--,767,663206,卖盘
584,14:03:50,8.64,-0.01,81,69984,卖盘
585,14:03:41,8.65,--,50,43250,买盘
586,14:03:35,8.65,--,5,4325,买盘
587,14:03:29,8.65,0.01,32,27680,买盘
588,14:03:26,8.64,-0.01,45,38880,卖盘
589,14:03:23,8.65,0.01,29,25085,买盘
590,14:03:08,8.64,-0.01,30,25920,卖盘
591,14:03:05,8.65,--,80,69200,买盘
592,14:03:02,8.65,--,107,92555,买盘
593,14:02:59,8.65,--,82,70930,买盘
594,14:02:50,8.65,--,4,3460,买盘
595,14:02:47,8.65,--,120,103800,买盘
596,14:02:44,8.65,--,100,86500,买盘
597,14:02:38,8.65,--,230,198950,买盘
598,14:02:35,8.65,--,203,175595,买盘
599,14:02:29,8.65,0.01,243,210195,买盘
600,14:02:26,8.64,-0.01,415,358560,卖盘
601,14:02:23,8.65,0.01,10,8650,买盘
602,14:02:17,8.64,-0.01,10,8640,卖盘
603,14:02:08,8.65,0.01,210,181650,买盘
604,14:01:59,8.64,-0.01,12,10368,卖盘
605,14:01:53,8.65,0.01,30,25950,买盘
606,14:01:50,8.64,--,38,32832,卖盘
607,14:01:44,8.64,-0.01,15,12960,卖盘
608,14:01:35,8.65,--,16,13840,买盘
609,14:01:29,8.65,0.01,50,43250,买盘
610,14:01:20,8.64,--,19,16416,卖盘
611,14:01:17,8.64,--,14,12096,卖盘
612,14:01:02,8.64,--,25,21600,卖盘
613,14:00:59,8.64,-0.01,19,16416,卖盘
614,14:00:56,8.65,--,12,10380,买盘
615,14:00:53,8.65,--,50,43250,买盘
616,14:00:47,8.65,--,8,6920,买盘
617,14:00:44,8.65,--,8,6920,买盘
618,14:00:29,8.65,--,104,89960,买盘
619,14:00:26,8.65,--,90,77850,买盘
620,14:00:23,8.65,--,2,1730,买盘
621,14:00:17,8.65,0.01,10,8650,买盘
622,14:00:14,8.64,-0.01,50,43200,卖盘
623,14:00:02,8.65,0.01,15,12975,买盘
624,13:59:59,8.64,--,2,1728,卖盘
625,13:59:53,8.64,--,97,84153,卖盘
626,13:59:50,8.64,-0.01,12,10368,卖盘
627,13:59:47,8.65,0.01,15,12975,买盘
628,13:59:35,8.64,--,24,20736,卖盘
629,13:59:11,8.64,--,45,38880,买盘
630,13:59:08,8.64,--,34,29376,买盘
631,13:59:02,8.64,--,20,17280,买盘
632,13:58:59,8.64,--,3,2592,买盘
633,13:58:50,8.64,--,4,3456,买盘
634,13:58:41,8.64,-0.01,105,90720,卖盘
635,13:58:32,8.65,0.01,11,9515,买盘
636,13:58:29,8.64,--,67,57888,卖盘
637,13:58:02,8.64,--,11,9504,卖盘
638,13:57:59,8.64,-0.01,17,14688,卖盘
639,13:57:53,8.65,0.01,1,865,买盘
640,13:57:50,8.64,--,161,139104,卖盘
641,13:57:44,8.64,--,10,8640,卖盘
642,13:57:38,8.64,--,5,4320,卖盘
643,13:57:05,8.64,--,12,10368,卖盘
644,13:57:02,8.64,-0.01,7,6048,卖盘
645,13:56:59,8.65,--,4,3460,买盘
646,13:56:56,8.65,--,20,17300,买盘
647,13:56:50,8.65,--,2,1730,买盘
648,13:56:44,8.65,--,381,329565,买盘
649,13:56:35,8.65,--,217,187705,买盘
650,13:56:29,8.65,0.01,36,31140,买盘
651,13:56:17,8.64,--,60,51840,卖盘
652,13:56:14,8.64,-0.01,11,9504,卖盘
653,13:56:11,8.65,--,32,27680,买盘
654,13:56:08,8.65,--,2,1730,买盘
655,13:55:56,8.65,--,7,6055,买盘
656,13:55:53,8.65,--,17,14705,买盘
657,13:55:23,8.65,0.01,382,330430,买盘
658,13:55:17,8.64,--,700,604800,买盘
659,13:55:11,8.64,--,472,407808,卖盘
660,13:54:56,8.64,--,5,4320,卖盘
661,13:54:44,8.64,-0.01,38,32832,卖盘
662,13:54:41,8.65,--,14,12110,买盘
663,13:54:35,8.65,0.01,23,19895,买盘
664,13:54:29,8.64,--,10,8640,卖盘
665,13:54:23,8.64,--,53,45792,卖盘
666,13:54:17,8.64,-0.01,2,1728,卖盘
667,13:54:11,8.65,--,10,8650,买盘
668,13:54:08,8.65,--,9,7785,买盘
669,13:53:59,8.65,0.01,2,1730,买盘
670,13:53:56,8.64,-0.01,129,111456,卖盘
671,13:53:47,8.65,0.01,10,8650,买盘
672,13:53:44,8.64,-0.01,4,3456,卖盘
673,13:53:41,8.65,--,34,29410,买盘
674,13:53:29,8.65,0.01,73,63145,买盘
675,13:52:47,8.64,0.01,190,164160,买盘
676,13:52:14,8.63,--,40,34520,买盘
677,13:52:08,8.63,--,50,43150,买盘
678,13:52:05,8.63,--,10,8630,买盘
679,13:52:02,8.63,--,8,6904,买盘
680,13:51:52,8.63,-0.01,412,355556,卖盘
681,13:51:40,8.64,-0.01,46,39744,卖盘
682,13:51:13,8.65,0.01,112,96880,买盘
683,13:51:10,8.64,--,2,1728,卖盘
684,13:51:04,8.64,-0.01,2,1728,卖盘
685,13:50:58,8.65,0.01,1,865,买盘
686,13:50:55,8.64,--,11,9504,卖盘
687,13:50:52,8.64,--,20,17280,卖盘
688,13:50:46,8.64,-0.01,58,50112,卖盘
689,13:50:43,8.65,0.01,16,13840,买盘
690,13:50:37,8.64,--,15,12960,卖盘
691,13:50:34,8.64,-0.01,86,74304,卖盘
692,13:50:22,8.65,0.01,1,865,买盘
693,13:50:19,8.64,-0.01,100,86400,卖盘
694,13:50:13,8.65,--,1,865,买盘
695,13:49:58,8.65,0.01,1,865,买盘
696,13:49:52,8.64,--,5,4320,卖盘
697,13:49:49,8.64,--,10,8640,卖盘
698,13:49:46,8.64,-0.01,4,3456,卖盘
699,13:49:37,8.65,0.01,11,9515,买盘
700,13:49:22,8.64,--,44,38016,卖盘
701,13:49:16,8.64,-0.01,10,8640,卖盘
702,13:49:13,8.65,--,1,865,买盘
703,13:49:07,8.65,--,1,865,买盘
704,13:48:52,8.65,0.01,81,70065,买盘
705,13:48:43,8.64,-0.01,74,63936,卖盘
706,13:48:40,8.65,0.01,1,865,买盘
707,13:48:31,8.64,-0.01,16,13824,卖盘
708,13:48:22,8.65,--,1,865,买盘
709,13:48:16,8.65,--,100,86500,买盘
710,13:48:10,8.65,--,101,87365,买盘
711,13:48:07,8.65,0.01,60,51900,买盘
712,13:47:58,8.64,--,5,4320,卖盘
713,13:47:46,8.64,-0.01,20,17280,卖盘
714,13:47:43,8.65,0.01,1,865,买盘
715,13:47:34,8.64,--,13,11232,买盘
716,13:47:25,8.64,-0.01,97,83808,卖盘
717,13:47:13,8.65,--,1,865,买盘
718,13:47:01,8.65,--,1,865,买盘
719,13:46:55,8.65,--,1,865,买盘
720,13:46:52,8.65,--,10,8650,买盘
721,13:46:49,8.65,0.02,5,4325,买盘
722,13:46:46,8.63,-0.02,251,216613,卖盘
723,13:46:40,8.65,--,1,865,买盘
724,13:46:28,8.65,0.01,18,15570,买盘
725,13:46:22,8.64,-0.01,20,17280,卖盘
726,13:46:07,8.65,--,1,865,买盘
727,13:45:58,8.65,0.01,1,865,买盘
728,13:45:52,8.64,0.01,28,24192,买盘
729,13:45:37,8.63,-0.01,5,4315,卖盘
730,13:45:25,8.64,--,1,864,买盘
731,13:45:16,8.64,--,26,22464,买盘
732,13:45:13,8.64,0.01,31,26784,买盘
733,13:45:04,8.63,-0.01,3,2589,卖盘
734,13:45:01,8.64,0.01,58,50112,买盘
735,13:44:58,8.63,-0.01,13,11219,卖盘
736,13:44:49,8.64,0.01,10,8640,买盘
737,13:44:43,8.63,--,190,163970,卖盘
738,13:44:31,8.63,--,123,106149,买盘
739,13:44:28,8.63,--,100,86300,买盘
740,13:44:25,8.63,--,5,4315,买盘
741,13:44:19,8.63,--,105,90615,买盘
742,13:44:16,8.63,--,2,1726,买盘
743,13:44:13,8.63,--,150,129450,买盘
744,13:44:07,8.63,0.01,1,863,买盘
745,13:43:58,8.62,--,19,16377,卖盘
746,13:43:46,8.62,-0.01,9,7757,卖盘
747,13:43:43,8.63,--,30,25890,买盘
748,13:43:40,8.63,--,16,13808,买盘
749,13:43:37,8.63,-0.01,80,69040,卖盘
750,13:43:34,8.64,0.01,1,864,买盘
751,13:43:31,8.63,--,30,25890,卖盘
752,13:43:28,8.63,-0.01,20,17260,中性盘
753,13:43:25,8.64,0.02,2,1728,买盘
754,13:43:22,8.62,-0.02,31,26721,卖盘
755,13:43:16,8.64,0.01,20,17280,买盘
756,13:43:10,8.63,0.01,4,3452,买盘
757,13:43:04,8.62,--,10,8620,卖盘
758,13:42:58,8.62,--,31,26721,卖盘
759,13:42:55,8.62,-0.01,10,8620,卖盘
760,13:42:52,8.63,--,3,2589,买盘
761,13:42:49,8.63,0.01,90,77670,买盘
762,13:42:43,8.62,-0.01,1,861,卖盘
763,13:42:40,8.63,--,11,9493,卖盘
764,13:42:31,8.63,--,50,43150,买盘
765,13:42:28,8.63,--,4,3452,买盘
766,13:42:25,8.63,0.01,10,8630,买盘
767,13:42:19,8.62,-0.01,41,35342,卖盘
768,13:42:16,8.63,0.01,68,58684,买盘
769,13:42:13,8.62,--,3,2585,卖盘
770,13:42:10,8.62,-0.01,1,861,卖盘
771,13:42:07,8.63,0.01,21,18123,买盘
772,13:42:01,8.62,-0.01,160,137920,卖盘
773,13:41:58,8.63,--,26,22438,买盘
774,13:41:52,8.63,0.01,21,18123,买盘
775,13:41:49,8.62,--,20,17240,卖盘
776,13:41:46,8.62,-0.01,2,1723,卖盘
777,13:41:43,8.63,--,31,26753,买盘
778,13:41:40,8.63,--,53,45739,卖盘
779,13:41:37,8.63,--,11,9493,卖盘
780,13:41:31,8.63,--,16,13808,卖盘
781,13:41:28,8.63,--,48,41424,卖盘
782,13:41:25,8.63,--,151,130313,卖盘
783,13:41:22,8.63,--,5,4315,卖盘
784,13:41:19,8.63,--,30,25890,卖盘
785,13:41:16,8.63,-0.01,3,2589,卖盘
786,13:41:10,8.64,0.01,1,864,买盘
787,13:41:04,8.63,-0.01,45,38835,卖盘
788,13:41:01,8.64,0.01,41,35424,买盘
789,13:40:49,8.63,-0.01,3,2589,卖盘
790,13:40:46,8.64,--,124,107136,卖盘
791,13:40:43,8.64,--,14,12096,卖盘
792,13:40:40,8.64,--,2,1728,卖盘
793,13:40:37,8.64,--,66,57024,卖盘
794,13:40:28,8.64,--,11,9504,卖盘
795,13:40:25,8.64,--,72,62208,买盘
796,13:40:22,8.64,0.01,19,16416,买盘
797,13:40:19,8.63,-0.01,1,863,卖盘
798,13:40:16,8.64,0.01,1,864,买盘
799,13:40:13,8.63,-0.01,142,122546,卖盘
800,13:40:10,8.64,0.01,5,4320,买盘
801,13:40:07,8.63,-0.01,1,863,卖盘
802,13:40:04,8.64,0.01,16,13824,买盘
803,13:39:58,8.63,-0.01,1,863,卖盘
804,13:39:55,8.64,-0.01,28,24192,卖盘
805,13:39:52,8.65,0.01,1,865,买盘
806,13:39:49,8.64,--,150,129600,卖盘
807,13:39:43,8.64,--,761,657504,卖盘
808,13:39:34,8.64,-0.01,11,9504,卖盘
809,13:39:31,8.65,0.01,1,865,买盘
810,13:39:22,8.64,0.01,245,211680,买盘
811,13:39:13,8.63,-0.01,1,863,卖盘
812,13:39:10,8.64,0.01,1,864,买盘
813,13:39:01,8.63,--,12,10356,卖盘
814,13:38:52,8.63,--,20,17260,卖盘
815,13:38:40,8.63,--,8,6904,中性盘
816,13:38:34,8.63,0.01,1,863,买盘
817,13:38:28,8.62,-0.01,27,23273,卖盘
818,13:38:25,8.63,--,1,863,买盘
819,13:38:22,8.63,--,57,49191,买盘
820,13:38:13,8.63,--,1,863,买盘
821,13:38:04,8.63,-0.01,448,386848,卖盘
822,13:37:58,8.64,--,10,8640,卖盘
823,13:37:55,8.64,--,2,1728,卖盘
824,13:37:52,8.64,--,1,864,卖盘
825,13:37:49,8.64,--,563,486432,卖盘
826,13:37:46,8.64,--,6,5184,卖盘
827,13:37:43,8.64,-0.01,400,345600,卖盘
828,13:37:40,8.65,--,20,17300,买盘
829,13:37:37,8.65,--,2,1730,买盘
830,13:37:34,8.65,0.01,21,18165,买盘
831,13:37:31,8.64,-0.01,3,2592,卖盘
832,13:37:22,8.65,0.01,350,303424,买盘
833,13:37:10,8.64,--,127,109728,买盘
834,13:37:07,8.64,0.01,1,864,买盘
835,13:37:01,8.63,--,5,4315,卖盘
836,13:36:58,8.63,-0.01,13,11219,卖盘
837,13:36:46,8.64,--,21,18144,买盘
838,13:36:37,8.64,0.01,1,864,买盘
839,13:36:34,8.63,--,58,50054,卖盘
840,13:36:31,8.63,-0.01,87,75081,卖盘
841,13:36:28,8.64,--,20,17280,买盘
842,13:36:25,8.64,0.01,1,864,买盘
843,13:36:22,8.63,-0.01,165,142395,卖盘
844,13:36:19,8.64,--,12,10368,买盘
845,13:36:13,8.64,0.01,1,864,买盘
846,13:36:07,8.63,--,34,29342,卖盘
847,13:36:04,8.63,-0.01,5,4315,卖盘
848,13:36:01,8.64,--,1,864,买盘
849,13:35:49,8.64,--,10,8640,买盘
850,13:35:40,8.64,0.01,1,864,买盘
851,13:35:37,8.63,--,22,18986,卖盘
852,13:35:31,8.63,-0.01,3,2589,卖盘
853,13:35:28,8.64,--,13,11232,买盘
854,13:35:25,8.64,--,66,57024,买盘
855,13:35:22,8.64,0.01,1,864,买盘
856,13:35:16,8.63,-0.01,59,50917,卖盘
857,13:35:07,8.64,--,1,864,买盘
858,13:35:01,8.64,--,1,864,买盘
859,13:34:52,8.64,--,7,6048,买盘
860,13:34:49,8.64,-0.01,25,22360,卖盘
861,13:34:43,8.65,0.01,40,34600,买盘
862,13:34:40,8.64,--,40,34560,卖盘
863,13:34:37,8.64,--,117,101088,卖盘
864,13:34:34,8.64,-0.01,204,176256,卖盘
865,13:34:31,8.65,0.01,17,14705,买盘
866,13:34:28,8.64,-0.01,107,92448,卖盘
867,13:34:25,8.65,--,1,865,买盘
868,13:34:22,8.65,0.01,25,21625,买盘
869,13:34:19,8.64,--,40,34560,卖盘
870,13:34:16,8.64,-0.01,121,104544,卖盘
871,13:34:13,8.65,0.01,22,19030,买盘
872,13:34:10,8.64,--,3,2592,卖盘
873,13:34:07,8.64,-0.01,12,10368,卖盘
874,13:33:58,8.65,--,1,865,买盘
875,13:33:52,8.65,-0.01,20,17300,卖盘
876,13:33:49,8.66,--,1,866,买盘
877,13:33:43,8.66,--,41,35506,买盘
878,13:33:37,8.66,0.01,1,866,买盘
879,13:33:31,8.65,-0.02,204,176460,卖盘
880,13:33:28,8.67,--,7,6069,卖盘
881,13:33:25,8.67,0.02,16,13872,买盘
882,13:33:10,8.65,--,4,3460,卖盘
883,13:33:07,8.65,-0.01,1801,1557865,卖盘
884,13:33:01,8.66,-0.01,50,43300,卖盘
885,13:32:58,8.67,-0.02,10,8670,卖盘
886,13:32:55,8.69,0.03,1076,935044,买盘
887,13:32:49,8.66,--,4,3464,卖盘
888,13:32:46,8.66,-0.01,28,24248,卖盘
889,13:32:42,8.67,-0.01,4,3468,卖盘
890,13:32:39,8.68,0.01,1,868,买盘
891,13:32:33,8.67,--,25,21675,买盘
892,13:32:30,8.67,--,37,32079,卖盘
893,13:32:24,8.67,-0.01,10,8670,卖盘
894,13:32:15,8.68,-0.01,51,44268,卖盘
895,13:32:09,8.69,0.01,59,51271,买盘
896,13:32:06,8.68,--,3,2604,卖盘
897,13:32:03,8.68,-0.01,10,8680,卖盘
898,13:32:00,8.69,0.01,1,869,买盘
899,13:31:57,8.68,--,111,96348,买盘
900,13:31:54,8.68,--,37,32116,买盘
901,13:31:51,8.68,--,8,6944,买盘
902,13:31:48,8.68,0.01,54,46872,买盘
903,13:31:45,8.67,--,650,563550,卖盘
904,13:31:42,8.67,-0.01,34,29478,卖盘
905,13:31:36,8.68,--,137,118916,买盘
906,13:31:33,8.68,--,11,9548,买盘
907,13:31:30,8.68,--,50,43400,买盘
908,13:31:24,8.68,--,13,11284,买盘
909,13:31:21,8.68,--,54,46872,买盘
910,13:31:15,8.68,--,55,47740,买盘
911,13:31:09,8.68,--,79,68572,买盘
912,13:31:06,8.68,0.01,1,868,买盘
913,13:31:03,8.67,-0.01,145,125715,卖盘
914,13:30:54,8.68,--,31,26908,买盘
915,13:30:45,8.68,--,73,63364,买盘
916,13:30:42,8.68,--,1,868,买盘
917,13:30:39,8.68,--,24,20832,买盘
918,13:30:33,8.68,0.01,31,26908,买盘
919,13:30:27,8.67,-0.01,50,43350,卖盘
920,13:30:21,8.68,--,38,32984,买盘
921,13:30:18,8.68,--,1,868,买盘
922,13:30:15,8.68,--,1,868,买盘
923,13:30:03,8.68,--,20,17360,买盘
924,13:30:00,8.68,0.02,1,868,买盘
925,13:29:57,8.66,-0.02,18,15588,卖盘
926,13:29:48,8.68,--,20,17360,买盘
927,13:29:45,8.68,--,29,25172,买盘
928,13:29:39,8.68,--,39,33852,买盘
929,13:29:36,8.68,--,1,868,买盘
930,13:29:33,8.68,--,41,35588,买盘
931,13:29:27,8.68,0.02,66,57288,买盘
932,13:29:24,8.66,-0.03,21,18186,卖盘
933,13:29:18,8.69,0.03,57,49533,买盘
934,13:29:12,8.66,-0.02,77,66682,卖盘
935,13:29:06,8.68,--,33,28644,买盘
936,13:29:03,8.68,--,1,868,买盘
937,13:29:00,8.68,--,55,47740,买盘
938,13:28:54,8.68,-0.01,6,5208,中性盘
939,13:28:51,8.69,0.04,33,28677,买盘
940,13:28:48,8.65,-0.03,1236,1069140,卖盘
941,13:28:45,8.68,0.01,37,32116,买盘
942,13:28:42,8.67,-0.01,21,18207,卖盘
943,13:28:39,8.68,--,64,55552,买盘
944,13:28:36,8.68,--,81,70308,买盘
945,13:28:30,8.68,--,13,11284,买盘
946,13:28:27,8.68,0.01,86,74648,买盘
947,13:28:24,8.67,-0.01,57,49419,卖盘
948,13:28:21,8.68,0.01,1,868,买盘
949,13:28:18,8.67,--,45,39015,买盘
950,13:28:12,8.67,0.01,58,50286,买盘
951,13:28:03,8.66,--,2,1732,买盘
952,13:27:57,8.66,-0.01,8,6928,卖盘
953,13:27:45,8.67,0.01,1,867,买盘
954,13:27:36,8.66,--,56,48496,卖盘
955,13:27:30,8.66,-0.01,56,48496,卖盘
956,13:27:24,8.67,0.01,31,26877,买盘
957,13:27:18,8.66,--,43,37238,买盘
958,13:27:15,8.66,--,20,17320,买盘
959,13:27:12,8.66,--,7,6062,买盘
960,13:26:57,8.66,--,115,99590,买盘
961,13:26:51,8.66,--,44,38104,买盘
962,13:26:45,8.66,--,1,866,买盘
963,13:26:30,8.66,--,100,86600,买盘
964,13:26:27,8.66,--,20,17320,买盘
965,13:26:18,8.66,--,141,122106,买盘
966,13:26:12,8.66,0.01,1,866,买盘
967,13:26:09,8.65,-0.01,12,10380,卖盘
968,13:25:57,8.66,--,24,20784,买盘
969,13:25:39,8.66,0.01,2,1732,买盘
970,13:25:33,8.65,-0.01,100,86500,卖盘
971,13:25:21,8.66,0.01,14,12124,买盘
972,13:25:12,8.65,--,3,2595,卖盘
973,13:25:03,8.65,-0.01,2,1730,卖盘
974,13:24:54,8.66,--,25,21650,买盘
975,13:24:33,8.66,--,10,8660,买盘
976,13:24:30,8.66,--,5,4330,买盘
977,13:24:24,8.66,0.01,36,31176,买盘
978,13:23:57,8.65,--,3,2595,卖盘
979,13:23:51,8.65,--,3,2595,卖盘
980,13:23:36,8.65,--,1,865,卖盘
981,13:23:27,8.65,--,130,112450,卖盘
982,13:23:21,8.65,--,89,76985,买盘
983,13:23:12,8.65,--,3,2595,买盘
984,13:23:06,8.65,--,131,113315,卖盘
985,13:22:57,8.65,--,1,865,卖盘
986,13:22:54,8.65,--,37,32005,卖盘
987,13:22:48,8.65,-0.01,6,5190,中性盘
988,13:22:42,8.66,--,40,34640,买盘
989,13:22:33,8.66,--,39,33774,买盘
990,13:22:30,8.66,--,10,8660,买盘
991,13:22:27,8.66,--,470,407020,买盘
992,13:22:09,8.66,--,56,48496,买盘
993,13:21:51,8.66,--,14,12124,买盘
994,13:21:48,8.66,--,13,11258,买盘
995,13:21:36,8.66,--,10,8660,买盘
996,13:21:33,8.66,-0.01,126,109116,卖盘
997,13:21:27,8.67,--,45,39015,买盘
998,13:21:21,8.67,0.01,5,4335,中性盘
999,13:21:06,8.66,-0.01,12,10392,卖盘
1000,13:21:00,8.67,--,20,17340,买盘
1001,13:20:57,8.67,0.01,31,26877,买盘
1002,13:20:54,8.66,-0.01,5,4330,卖盘
1003,13:20:48,8.67,--,1,867,买盘
1004,13:20:39,8.67,--,1,867,买盘
1005,13:20:36,8.67,--,15,13005,买盘
1006,13:20:30,8.67,-0.01,475,411825,卖盘
1007,13:20:24,8.68,--,40,34720,买盘
1008,13:20:18,8.68,--,1,868,买盘
1009,13:20:15,8.68,--,1,868,买盘
1010,13:20:12,8.68,--,5,4340,买盘
1011,13:20:09,8.68,-0.01,122,105896,卖盘
1012,13:20:03,8.69,0.01,2,1738,买盘
1013,13:19:57,8.68,-0.01,2,1736,卖盘
1014,13:19:54,8.69,--,1,869,买盘
1015,13:19:45,8.69,--,30,26070,买盘
1016,13:19:42,8.69,--,1,869,买盘
1017,13:19:21,8.69,--,1,869,买盘
1018,13:19:15,8.69,0.01,84,72996,买盘
1019,13:19:09,8.68,0.01,1,868,中性盘
1020,13:19:03,8.67,-0.02,10,8670,卖盘
1021,13:19:00,8.69,--,1,869,买盘
1022,13:18:48,8.69,0.02,101,87769,买盘
1023,13:18:39,8.67,--,20,17340,卖盘
1024,13:18:33,8.67,--,21,18207,买盘
1025,13:18:30,8.67,--,11,9537,买盘
1026,13:18:27,8.67,0.01,11,9537,买盘
1027,13:18:24,8.66,-0.01,2,1732,卖盘
1028,13:18:21,8.67,--,9,7803,买盘
1029,13:18:18,8.67,-0.02,450,390150,卖盘
1030,13:18:15,8.69,--,66,57354,买盘
1031,13:18:12,8.69,--,8,6952,买盘
1032,13:18:09,8.69,--,1,869,买盘
1033,13:18:06,8.69,0.01,2201,1912669,买盘
1034,13:18:00,8.68,-0.01,311,269948,卖盘
1035,13:17:54,8.69,0.01,201,174669,买盘
1036,13:17:51,8.68,--,8,6944,卖盘
1037,13:17:45,8.68,--,10,8680,买盘
1038,13:17:42,8.68,0.01,15,13020,买盘
1039,13:17:36,8.67,-0.01,4,3468,卖盘
1040,13:17:33,8.68,-0.01,31,26908,卖盘
1041,13:17:30,8.69,0.01,3,2607,买盘
1042,13:17:24,8.68,--,4,3472,买盘
1043,13:17:21,8.68,--,360,312480,买盘
1044,13:17:18,8.68,--,14,12152,买盘
1045,13:17:09,8.68,--,11,9548,买盘
1046,13:17:06,8.68,--,20,17360,买盘
1047,13:17:03,8.68,--,23,19964,买盘
1048,13:16:57,8.68,--,3,2604,买盘
1049,13:16:51,8.68,-0.01,140,121520,买盘
1050,13:16:36,8.69,0.01,501,435369,买盘
1051,13:16:30,8.68,-0.01,13,11284,卖盘
1052,13:16:27,8.69,0.01,2,1738,买盘
1053,13:16:24,8.68,-0.01,14,12152,卖盘
1054,13:16:18,8.69,0.01,100,86900,买盘
1055,13:16:15,8.68,-0.01,20,17360,卖盘
1056,13:16:12,8.69,0.01,6,5214,买盘
1057,13:16:02,8.68,-0.01,39,33852,卖盘
1058,13:15:59,8.69,0.01,13,11297,买盘
1059,13:15:53,8.68,--,1,868,买盘
1060,13:15:44,8.68,--,2,1736,买盘
1061,13:15:41,8.68,--,1,868,买盘
1062,13:15:38,8.68,-0.01,1,868,卖盘
1063,13:15:35,8.69,0.02,60,52140,买盘
1064,13:15:20,8.67,--,499,432633,买盘
1065,13:15:17,8.67,--,1,867,买盘
1066,13:15:14,8.67,0.02,35,30345,买盘
1067,13:15:11,8.65,-0.02,1,865,卖盘
1068,13:15:05,8.67,--,1,867,买盘
1069,13:15:02,8.67,--,100,86700,买盘
1070,13:14:59,8.67,--,15,13005,买盘
1071,13:14:56,8.67,0.03,3,2601,买盘
1072,13:14:50,8.64,-0.03,500,432000,卖盘
1073,13:14:47,8.67,--,16,13872,买盘
1074,13:14:44,8.67,--,24,20808,买盘
1075,13:14:38,8.67,0.01,84,72828,买盘
1076,13:14:35,8.66,-0.01,31,26846,卖盘
1077,13:14:26,8.67,0.01,1,867,买盘
1078,13:14:11,8.66,-0.01,6,5196,卖盘
1079,13:14:08,8.67,0.01,140,121380,买盘
1080,13:14:05,8.66,--,370,320523,买盘
1081,13:14:02,8.66,--,23,19918,买盘
1082,13:13:59,8.66,--,15,12990,买盘
1083,13:13:53,8.66,--,104,90064,卖盘
1084,13:13:47,8.66,-0.01,5,4330,卖盘
1085,13:13:41,8.67,0.02,14,12138,买盘
1086,13:13:35,8.65,--,251,217115,卖盘
1087,13:13:29,8.65,--,11,9515,卖盘
1088,13:13:20,8.65,--,229,198085,买盘
1089,13:13:17,8.65,--,187,161755,买盘
1090,13:13:05,8.65,0.01,1,865,买盘
1091,13:12:56,8.64,-0.01,20,17280,卖盘
1092,13:12:53,8.65,--,1,865,买盘
1093,13:12:47,8.65,--,15,12975,买盘
1094,13:12:41,8.65,--,71,61415,买盘
1095,13:12:32,8.65,--,52,44980,买盘
1096,13:12:29,8.65,0.01,1,865,买盘
1097,13:12:26,8.64,--,205,177120,买盘
1098,13:12:17,8.64,--,53,45792,买盘
1099,13:12:14,8.64,-0.01,306,264384,卖盘
1100,13:12:11,8.65,--,14,12110,买盘
1101,13:12:08,8.65,--,58,50170,买盘
1102,13:12:02,8.65,0.01,1,865,买盘
1103,13:11:56,8.64,--,10,8640,卖盘
1104,13:11:41,8.64,-0.01,2,1728,卖盘
1105,13:11:38,8.65,0.01,1,865,买盘
1106,13:11:32,8.64,0.01,95,82080,买盘
1107,13:11:14,8.63,-0.01,67,57821,卖盘
1108,13:11:11,8.64,0.01,14,12096,买盘
1109,13:11:08,8.63,-0.01,32,27616,卖盘
1110,13:11:02,8.64,0.01,9,7776,买盘
1111,13:10:59,8.63,-0.01,23,19849,卖盘
1112,13:10:47,8.64,0.01,20,17280,买盘
1113,13:10:38,8.63,--,1,863,卖盘
1114,13:10:35,8.63,-0.01,3,2589,卖盘
1115,13:10:29,8.64,--,3,2592,买盘
1116,13:10:23,8.64,0.01,3,2592,买盘
1117,13:10:20,8.63,-0.01,25,21575,卖盘
1118,13:10:14,8.64,--,5,4320,买盘
1119,13:10:11,8.64,0.01,12,10368,买盘
1120,13:10:05,8.63,-0.01,7,6041,卖盘
1121,13:09:59,8.64,0.01,1,864,买盘
1122,13:09:56,8.63,-0.01,1,863,卖盘
1123,13:09:50,8.64,--,1,864,买盘
1124,13:09:47,8.64,--,50,43200,买盘
1125,13:09:35,8.64,--,1,864,买盘
1126,13:09:26,8.64,0.01,1,864,买盘
1127,13:09:20,8.63,-0.01,30,25890,卖盘
1128,13:09:14,8.64,--,1,864,买盘
1129,13:09:05,8.64,--,1,864,买盘
1130,13:08:59,8.64,-0.01,243,209952,卖盘
1131,13:08:53,8.65,0.01,1,865,买盘
1132,13:08:44,8.64,--,21,18144,卖盘
1133,13:08:29,8.64,--,6,5184,卖盘
1134,13:08:20,8.64,-0.01,25,21600,卖盘
1135,13:08:08,8.65,--,1,865,买盘
1136,13:08:02,8.65,-0.01,562,486130,卖盘
1137,13:07:50,8.66,--,1,866,买盘
1138,13:07:35,8.66,0.01,1,866,买盘
1139,13:07:20,8.65,-0.01,2,1730,卖盘
1140,13:07:14,8.66,--,1,866,买盘
1141,13:07:08,8.66,--,15,12990,卖盘
1142,13:07:05,8.66,-0.01,80,69280,卖盘
1143,13:07:02,8.67,0.01,1,867,买盘
1144,13:06:56,8.66,--,10,8660,卖盘
1145,13:06:53,8.66,--,21,18186,卖盘
1146,13:06:44,8.66,-0.01,55,47630,中性盘
1147,13:06:41,8.67,0.01,10,8670,买盘
1148,13:06:32,8.66,0.01,26,22516,买盘
1149,13:06:23,8.65,-0.01,22,19030,卖盘
1150,13:06:20,8.66,--,100,86600,买盘
1151,13:06:05,8.66,--,1,866,买盘
1152,13:05:59,8.66,--,226,195716,买盘
1153,13:05:56,8.66,--,1,866,买盘
1154,13:05:53,8.66,--,40,34640,买盘
1155,13:05:44,8.66,--,1,866,买盘
1156,13:05:35,8.66,--,1,866,买盘
1157,13:05:29,8.66,-0.01,135,116910,卖盘
1158,13:05:23,8.67,0.01,1,867,买盘
1159,13:05:14,8.66,-0.01,47,40702,卖盘
1160,13:05:02,8.67,--,1,867,买盘
1161,13:04:50,8.67,0.01,1,867,买盘
1162,13:04:41,8.66,-0.01,24,20784,卖盘
1163,13:04:38,8.67,--,1,867,买盘
1164,13:04:32,8.67,--,50,43350,买盘
1165,13:04:29,8.67,0.01,1,867,买盘
1166,13:04:14,8.66,-0.01,11,9526,卖盘
1167,13:04:08,8.67,0.01,1,867,买盘
1168,13:03:59,8.66,-0.01,6,5196,卖盘
1169,13:03:53,8.67,--,1,867,买盘
1170,13:03:50,8.67,--,61,52887,买盘
1171,13:03:44,8.67,--,1,867,买盘
1172,13:03:41,8.67,--,10,8670,买盘
1173,13:03:23,8.67,0.02,383,332061,买盘
1174,13:03:17,8.65,-0.01,20,17300,卖盘
1175,13:03:11,8.66,0.01,119,103054,买盘
1176,13:03:08,8.65,-0.01,30,25950,卖盘
1177,13:03:05,8.66,--,289,250274,买盘
1178,13:02:59,8.66,--,1,866,买盘
1179,13:02:56,8.66,0.01,17,14722,买盘
1180,13:02:53,8.65,-0.01,29,25085,卖盘
1181,13:02:44,8.66,--,6,5196,买盘
1182,13:02:41,8.66,--,274,237284,卖盘
1183,13:02:32,8.66,--,67,58022,卖盘
1184,13:02:26,8.66,-0.02,2,1732,卖盘
1185,13:02:17,8.68,--,1,868,买盘
1186,13:02:08,8.68,0.02,1,868,买盘
1187,13:02:02,8.66,-0.02,16,13856,卖盘
1188,13:01:59,8.68,--,10,8680,买盘
1189,13:01:56,8.68,--,1,868,买盘
1190,13:01:47,8.68,--,70,61402,卖盘
1191,13:01:44,8.68,--,690,598920,卖盘
1192,13:01:41,8.68,-0.01,50,43400,卖盘
1193,13:01:32,8.69,0.01,8,6952,买盘
1194,13:01:26,8.68,-0.01,332,288176,卖盘
1195,13:01:23,8.69,--,20,17380,买盘
1196,13:01:20,8.69,--,1,869,买盘
1197,13:01:08,8.69,0.01,56,48889,买盘
1198,13:01:02,8.68,-0.01,2,1736,卖盘
1199,13:00:53,8.69,0.01,400,347600,买盘
1200,13:00:50,8.68,--,1,868,买盘
1201,13:00:20,8.68,0.01,451,391468,买盘
1202,13:00:14,8.67,0.01,7,6069,买盘
1203,13:00:11,8.66,--,56,48496,卖盘
1204,13:00:05,8.66,--,557,482362,卖盘
1205,13:00:02,8.66,0.01,258,223428,买盘
1206,11:30:00,8.65,--,44,38060,买盘
1207,11:29:57,8.65,--,2,1730,买盘
1208,11:29:51,8.65,--,11,9515,买盘
1209,11:29:45,8.65,0.01,100,86500,买盘
1210,11:29:36,8.64,-0.01,97,83808,卖盘
1211,11:29:30,8.65,0.01,1,865,买盘
1212,11:29:21,8.64,-0.01,4,3456,卖盘
1213,11:29:18,8.65,0.01,33,28545,买盘
1214,11:29:12,8.64,-0.01,9,7776,卖盘
1215,11:29:00,8.65,0.01,1,865,买盘
1216,11:28:54,8.64,--,2,1728,卖盘
1217,11:28:48,8.64,-0.01,31,26784,卖盘
1218,11:28:39,8.65,--,1,865,买盘
1219,11:28:24,8.65,0.01,1,865,买盘
1220,11:28:21,8.64,--,142,122688,买盘
1221,11:28:18,8.64,--,230,198720,买盘
1222,11:28:15,8.64,--,9,7776,买盘
1223,11:28:12,8.64,--,80,69120,买盘
1224,11:28:09,8.64,--,1,864,买盘
1225,11:28:06,8.64,--,2,1728,买盘
1226,11:28:03,8.64,--,5,4320,买盘
1227,11:28:00,8.64,--,24,20736,买盘
1228,11:27:54,8.64,--,20,17280,买盘
1229,11:27:48,8.64,--,19,16416,买盘
1230,11:27:42,8.64,0.01,3,2592,买盘
1231,11:27:33,8.63,-0.01,35,30205,卖盘
1232,11:27:27,8.64,--,1,864,买盘
1233,11:27:21,8.64,--,30,25920,买盘
1234,11:27:18,8.64,--,9,7776,买盘
1235,11:27:15,8.64,--,250,216000,买盘
1236,11:27:09,8.64,0.01,1,864,买盘
1237,11:27:00,8.63,-0.01,10,8630,卖盘
1238,11:26:57,8.64,--,2,1728,买盘
1239,11:26:51,8.64,0.01,37,31968,买盘
1240,11:26:42,8.63,--,1,863,卖盘
1241,11:26:21,8.63,--,5,4315,卖盘
1242,11:26:15,8.63,-0.01,23,19849,卖盘
1243,11:26:09,8.64,0.01,1,864,买盘
1244,11:26:06,8.63,-0.01,153,132867,卖盘
1245,11:25:57,8.64,0.01,1,864,买盘
1246,11:25:51,8.63,-0.01,15,12945,卖盘
1247,11:25:45,8.64,0.01,12,10368,买盘
1248,11:25:36,8.63,-0.01,6,5178,卖盘
1249,11:25:21,8.64,0.01,2,1728,买盘
1250,11:25:03,8.63,-0.01,60,51780,卖盘
1251,11:24:51,8.64,0.01,93,80352,买盘
1252,11:24:48,8.63,-0.01,5,4315,卖盘
1253,11:24:45,8.64,0.01,12,10368,买盘
1254,11:24:36,8.63,-0.01,1,863,卖盘
1255,11:24:30,8.64,0.01,3,2592,买盘
1256,11:24:15,8.63,-0.01,300,258900,卖盘
1257,11:24:12,8.64,0.01,5,4320,买盘
1258,11:23:54,8.63,--,30,25890,卖盘
1259,11:23:51,8.63,--,26,22438,卖盘
1260,11:23:48,8.63,--,6,5178,卖盘
1261,11:23:45,8.63,--,31,26753,卖盘
1262,11:23:39,8.63,--,141,121683,卖盘
1263,11:23:36,8.63,--,8,6904,卖盘
1264,11:23:33,8.63,--,19,16397,卖盘
1265,11:23:27,8.63,--,6,5799,卖盘
1266,11:23:18,8.63,-0.01,8,6904,卖盘
1267,11:23:12,8.64,0.01,23,19872,买盘
1268,11:23:09,8.63,-0.01,11,9493,卖盘
1269,11:23:06,8.64,0.01,45,38880,买盘
1270,11:23:03,8.63,-0.01,4,3452,卖盘
1271,11:22:51,8.64,--,5,4320,买盘
1272,11:22:45,8.64,0.01,1,864,买盘
1273,11:22:36,8.63,-0.01,10,8630,卖盘
1274,11:22:30,8.64,0.01,1,864,买盘
1275,11:22:27,8.63,--,10,8630,卖盘
1276,11:22:24,8.63,-0.01,10,8630,卖盘
1277,11:22:21,8.64,0.01,101,87264,买盘
1278,11:22:18,8.63,-0.01,26,22438,卖盘
1279,11:22:12,8.64,0.01,1,864,买盘
1280,11:22:09,8.63,-0.01,6,5178,卖盘
1281,11:21:48,8.64,0.01,1,864,买盘
1282,11:21:42,8.63,--,10,8630,卖盘
1283,11:21:36,8.63,--,38,32794,买盘
1284,11:21:30,8.63,--,8,6904,买盘
1285,11:21:27,8.63,--,2,1726,买盘
1286,11:21:24,8.63,0.01,1,863,买盘
1287,11:21:18,8.62,-0.01,5,4310,卖盘
1288,11:21:15,8.63,--,1,863,买盘
1289,11:21:12,8.63,--,13,11219,买盘
1290,11:21:09,8.63,0.01,20,17260,中性盘
1291,11:21:06,8.62,-0.02,500,430999,卖盘
1292,11:21:03,8.64,0.01,2,1728,买盘
1293,11:20:57,8.63,--,107,92341,卖盘
1294,11:20:54,8.63,--,338,291694,卖盘
1295,11:20:51,8.63,--,5,4315,卖盘
1296,11:20:45,8.63,--,28,24164,卖盘
1297,11:20:39,8.63,--,241,207983,卖盘
1298,11:20:36,8.63,-0.01,5,4315,卖盘
1299,11:20:29,8.64,0.01,12,10368,买盘
1300,11:20:23,8.63,-0.01,534,460842,卖盘
1301,11:20:20,8.64,--,10,8640,买盘
1302,11:20:17,8.64,--,1,864,买盘
1303,11:20:11,8.64,--,60,51840,买盘
1304,11:20:05,8.64,--,1,864,买盘
1305,11:19:59,8.64,-0.01,1152,995328,卖盘
1306,11:19:56,8.65,0.01,6,5190,买盘
1307,11:19:53,8.64,--,530,457920,卖盘
1308,11:19:50,8.64,--,3,2592,卖盘
1309,11:19:41,8.64,--,11,9504,卖盘
1310,11:19:38,8.64,-0.01,251,216864,卖盘
1311,11:19:35,8.65,0.01,50,43250,买盘
1312,11:19:23,8.64,--,31,26784,卖盘
1313,11:19:20,8.64,--,28,24192,卖盘
1314,11:19:17,8.64,--,3,2592,卖盘
1315,11:19:14,8.64,-0.01,1,864,卖盘
1316,11:19:11,8.65,--,1,865,买盘
1317,11:19:05,8.65,--,26,22490,买盘
1318,11:19:02,8.65,--,1,865,买盘
1319,11:18:53,8.65,--,1,865,买盘
1320,11:18:44,8.65,-0.01,424,366794,卖盘
1321,11:18:41,8.66,0.01,1,866,买盘
1322,11:18:35,8.65,-0.01,10,8650,卖盘
1323,11:18:17,8.66,0.01,1,866,买盘
1324,11:18:14,8.65,-0.01,20,17300,卖盘
1325,11:18:08,8.66,--,26,22516,买盘
1326,11:18:05,8.66,--,31,26846,买盘
1327,11:17:56,8.66,--,1,866,买盘
1328,11:17:50,8.66,-0.01,14,12764,卖盘
1329,11:17:47,8.67,0.01,51,44217,买盘
1330,11:17:44,8.66,--,3,2598,卖盘
1331,11:17:41,8.66,--,5,4330,卖盘
1332,11:17:29,8.66,-0.01,217,187922,卖盘
1333,11:17:23,8.67,0.01,1,867,买盘
1334,11:17:17,8.66,-0.01,10,8660,卖盘
1335,11:17:11,8.67,--,1,867,买盘
1336,11:17:02,8.67,--,1,867,买盘
1337,11:16:53,8.67,--,1,867,买盘
1338,11:16:47,8.67,0.01,6,5202,买盘
1339,11:16:44,8.66,--,13,11258,卖盘
1340,11:16:35,8.66,-0.01,9,7794,卖盘
1341,11:16:29,8.67,--,1,867,买盘
1342,11:16:29,8.67,--,11,9537,买盘
1343,11:16:20,8.67,--,10,8670,买盘
1344,11:16:17,8.67,--,1,867,买盘
1345,11:16:08,8.67,--,1,867,买盘
1346,11:16:02,8.67,--,25,21675,买盘
1347,11:15:56,8.67,--,50,43350,买盘
1348,11:15:53,8.67,--,1,867,买盘
1349,11:15:47,8.67,-0.01,10,8670,卖盘
1350,11:15:38,8.68,--,10,8680,买盘
1351,11:15:35,8.68,--,21,18228,买盘
1352,11:15:26,8.68,--,11,9548,买盘
1353,11:15:23,8.68,--,129,111972,买盘
1354,11:15:17,8.68,-0.01,8,7256,卖盘
1355,11:15:11,8.69,0.01,26,22594,买盘
1356,11:15:05,8.68,--,976,847723,买盘
1357,11:14:59,8.68,--,1,868,买盘
1358,11:14:50,8.68,0.01,572,496496,买盘
1359,11:14:38,8.67,0.01,1,867,买盘
1360,11:14:35,8.66,--,2,1957,买盘
1361,11:14:26,8.66,--,1,866,买盘
1362,11:14:23,8.66,0.01,10,8660,买盘
1363,11:14:20,8.65,-0.01,13,11245,卖盘
1364,11:14:14,8.66,--,11,9526,买盘
1365,11:14:05,8.66,0.01,103,89198,买盘
1366,11:14:02,8.65,-0.01,143,123695,卖盘
1367,11:13:56,8.66,--,3,2598,买盘
1368,11:13:53,8.66,0.01,1,866,买盘
1369,11:13:38,8.65,-0.01,20,17300,卖盘
1370,11:13:32,8.66,0.01,1,866,买盘
1371,11:13:29,8.65,-0.01,20,17300,卖盘
1372,11:13:26,8.66,0.01,1,866,买盘
1373,11:13:23,8.65,-0.01,87,75255,卖盘
1374,11:13:20,8.66,--,9,7794,买盘
1375,11:13:11,8.66,0.01,1,866,买盘
1376,11:13:02,8.65,0.01,18,16400,买盘
1377,11:12:59,8.64,-0.01,34,29376,卖盘
1378,11:12:56,8.65,--,1,865,买盘
1379,11:12:53,8.65,--,100,86500,买盘
1380,11:12:50,8.65,0.01,123,106395,买盘
1381,11:12:47,8.64,-0.01,20,17280,卖盘
1382,11:12:35,8.65,0.01,1,865,买盘
1383,11:12:29,8.64,-0.01,2,1728,卖盘
1384,11:12:26,8.65,0.01,1,865,买盘
1385,11:12:23,8.64,--,26,22498,买盘
1386,11:12:17,8.64,--,4,4285,卖盘
1387,11:12:14,8.64,--,165,142594,买盘
1388,11:12:08,8.64,--,45,38880,买盘
1389,11:12:05,8.64,--,116,100604,卖盘
1390,11:12:02,8.64,-0.01,18,16346,卖盘
1391,11:11:59,8.65,--,134,115910,买盘
1392,11:11:56,8.65,0.01,202,174730,买盘
1393,11:11:53,8.64,--,19,17072,卖盘
1394,11:11:50,8.64,--,40,34560,卖盘
1395,11:11:44,8.64,-0.01,34,29825,卖盘
1396,11:11:41,8.65,--,18,15570,买盘
1397,11:11:35,8.65,0.01,10,8650,买盘
1398,11:11:32,8.64,--,115,99429,卖盘
1399,11:11:23,8.64,--,120,103680,卖盘
1400,11:11:20,8.64,--,12,10869,卖盘
1401,11:11:17,8.64,--,35,30844,买盘
1402,11:11:14,8.64,0.01,212,183168,买盘
1403,11:11:11,8.63,--,26,22921,卖盘
1404,11:11:05,8.63,--,12,10356,卖盘
1405,11:11:02,8.63,-0.01,79,68349,卖盘
1406,11:10:59,8.64,--,6,5184,买盘
1407,11:10:53,8.64,-0.01,264,228096,卖盘
1408,11:10:44,8.65,0.01,1,865,买盘
1409,11:10:41,8.64,--,212,183168,卖盘
1410,11:10:38,8.64,-0.01,55,47520,卖盘
1411,11:10:35,8.65,--,1,865,买盘
1412,11:10:29,8.65,-0.01,913,789779,卖盘
1413,11:10:26,8.66,0.01,1,866,买盘
1414,11:10:23,8.65,--,39,33908,卖盘
1415,11:10:17,8.65,-0.01,19,16435,卖盘
1416,11:10:14,8.66,0.01,1,866,买盘
1417,11:10:11,8.65,--,80,69857,卖盘
1418,11:10:08,8.65,--,40,34600,卖盘
1419,11:10:05,8.65,--,10,8650,卖盘
1420,11:10:02,8.65,--,36,31140,卖盘
1421,11:09:59,8.65,--,32,27783,卖盘
1422,11:09:56,8.65,--,201,173865,卖盘
1423,11:09:53,8.65,--,28,24220,卖盘
1424,11:09:50,8.65,-0.02,79,68438,卖盘
1425,11:09:41,8.67,0.01,93,81220,买盘
1426,11:09:38,8.66,--,20,17320,买盘
1427,11:09:32,8.66,--,1,866,买盘
1428,11:09:26,8.66,--,261,226285,卖盘
1429,11:09:20,8.66,--,9,8140,卖盘
1430,11:09:08,8.66,-0.01,26,23364,卖盘
1431,11:09:05,8.67,0.01,1,867,买盘
1432,11:08:59,8.66,-0.01,58,51059,卖盘
1433,11:08:56,8.67,0.01,31,26877,买盘
1434,11:08:53,8.66,--,107,92662,卖盘
1435,11:08:50,8.66,-0.01,83,72155,卖盘
1436,11:08:41,8.67,--,6,5410,卖盘
1437,11:08:38,8.67,--,277,240748,卖盘
1438,11:08:32,8.67,0.01,318,275775,买盘
1439,11:08:29,8.66,-0.01,3,2805,卖盘
1440,11:08:23,8.67,--,10,9363,买盘
1441,11:08:14,8.67,--,1,867,买盘
1442,11:08:05,8.67,--,22,19646,卖盘
1443,11:07:59,8.67,--,1,867,卖盘
1444,11:07:56,8.67,--,19,16871,卖盘
1445,11:07:53,8.67,--,5,4335,卖盘
1446,11:07:50,8.67,--,47,40749,卖盘
1447,11:07:47,8.67,--,21,18969,卖盘
1448,11:07:44,8.67,0.01,5,4335,卖盘
1449,11:07:41,8.66,-0.01,38,32908,卖盘
1450,11:07:38,8.67,--,4,3468,卖盘
1451,11:07:35,8.67,--,23,19941,卖盘
1452,11:07:29,8.67,--,49,42691,买盘
1453,11:07:17,8.67,--,7,6103,卖盘
1454,11:07:14,8.67,--,15,13005,卖盘
1455,11:07:11,8.67,--,10,8670,卖盘
1456,11:07:08,8.67,-0.01,23,20773,卖盘
1457,11:07:05,8.68,0.01,51,44268,买盘
1458,11:07:02,8.67,--,14,12138,卖盘
1459,11:06:59,8.67,--,63,54725,卖盘
1460,11:06:50,8.67,--,50,43350,卖盘
1461,11:06:47,8.67,--,39,34471,卖盘
1462,11:06:44,8.67,--,84,72828,卖盘
1463,11:06:35,8.67,-0.01,131,114079,卖盘
1464,11:06:32,8.68,0.01,1,868,买盘
1465,11:06:26,8.67,--,96,83630,卖盘
1466,11:06:23,8.67,0.01,242,209883,买盘
1467,11:06:17,8.66,-0.01,1,866,卖盘
1468,11:06:11,8.67,0.02,31,26877,买盘
1469,11:06:08,8.65,--,56,48924,卖盘
1470,11:06:02,8.65,--,3,2595,卖盘
1471,11:05:59,8.65,-0.02,68,59269,卖盘
1472,11:05:56,8.67,0.01,18,15606,买盘
1473,11:05:53,8.66,--,32,27729,买盘
1474,11:05:50,8.66,--,69,60602,卖盘
1475,11:05:47,8.66,--,17,14947,卖盘
1476,11:05:41,8.66,--,29,25772,买盘
1477,11:05:35,8.66,--,50,43802,卖盘
1478,11:05:32,8.66,-0.01,5,4330,卖盘
1479,11:05:26,8.67,0.01,77,66759,买盘
1480,11:05:23,8.66,--,77,67045,买盘
1481,11:05:20,8.66,--,50,43300,买盘
1482,11:05:17,8.66,--,166,144102,买盘
1483,11:05:14,8.66,--,87,75342,买盘
1484,11:05:05,8.66,--,451,390843,卖盘
1485,11:05:02,8.66,--,100,86600,卖盘
1486,11:04:56,8.66,-0.01,14,12210,卖盘
1487,11:04:53,8.67,--,5,4335,买盘
1488,11:04:47,8.67,--,6,5202,买盘
1489,11:04:41,8.67,--,5,5132,卖盘
1490,11:04:38,8.67,-0.01,34,29547,卖盘
1491,11:04:32,8.68,0.01,1,868,买盘
1492,11:04:26,8.67,0.01,60,52020,买盘
1493,11:04:23,8.66,-0.01,9,8053,卖盘
1494,11:04:20,8.67,--,11,9537,买盘
1495,11:04:14,8.67,-0.01,17,14739,卖盘
1496,11:04:08,8.68,0.02,14,12152,买盘
1497,11:04:05,8.66,-0.01,200,173200,卖盘
1498,11:04:02,8.67,0.01,20,17340,中性盘
1499,11:03:56,8.66,-0.02,26,22533,卖盘
1500,11:03:50,8.68,0.01,686,595448,买盘
1501,11:03:47,8.67,--,86,75238,卖盘
1502,11:03:38,8.67,--,50,43402,卖盘
1503,11:03:29,8.67,--,7,6069,卖盘
1504,11:03:23,8.67,--,90,78654,卖盘
1505,11:03:20,8.67,--,39,34194,买盘
1506,11:03:17,8.67,--,271,234957,买盘
1507,11:03:14,8.67,--,31,27241,买盘
1508,11:03:02,8.67,0.01,47,41078,买盘
1509,11:02:59,8.66,-0.01,54,46764,卖盘
1510,11:02:53,8.67,--,1,867,买盘
1511,11:02:47,8.67,--,198,172290,卖盘
1512,11:02:38,8.67,--,25,21675,卖盘
1513,11:02:35,8.67,--,100,86700,卖盘
1514,11:02:32,8.67,--,14,12259,卖盘
1515,11:02:29,8.67,--,3,2601,卖盘
1516,11:02:23,8.67,--,17,14825,卖盘
1517,11:02:20,8.67,--,20,17340,卖盘
1518,11:02:14,8.67,--,9,7803,卖盘
1519,11:02:11,8.67,--,27,24033,卖盘
1520,11:02:08,8.67,--,17,14739,卖盘
1521,11:02:02,8.67,--,50,43627,卖盘
1522,11:01:59,8.67,-0.01,18,15606,卖盘
1523,11:01:56,8.68,0.01,24,20832,买盘
1524,11:01:53,8.67,0.01,167,145447,中性盘
1525,11:01:44,8.66,-0.01,37,32786,卖盘
1526,11:01:41,8.67,--,76,65892,卖盘
1527,11:01:38,8.67,0.01,213,184671,买盘
1528,11:01:32,8.66,--,19,16575,卖盘
1529,11:01:29,8.66,--,6,5247,卖盘
1530,11:01:25,8.66,-0.01,100,86600,卖盘
1531,11:01:22,8.67,--,6,5202,买盘
1532,11:01:19,8.67,--,30,26010,买盘
1533,11:01:13,8.67,--,21,18328,买盘
1534,11:01:01,8.67,--,2,1734,买盘
1535,11:00:58,8.67,0.01,30,26010,买盘
1536,11:00:55,8.66,-0.01,10,8660,卖盘
1537,11:00:49,8.67,0.01,2,1734,买盘
1538,11:00:40,8.66,--,3,2736,卖盘
1539,11:00:31,8.66,-0.01,6,5646,卖盘
1540,11:00:28,8.67,--,1,867,买盘
1541,11:00:25,8.67,0.01,3,2601,买盘
1542,11:00:19,8.66,--,21,18774,卖盘
1543,11:00:10,8.66,-0.01,51,44443,卖盘
1544,11:00:07,8.67,--,17,15328,买盘
1545,11:00:01,8.67,--,146,127171,买盘
1546,10:59:55,8.67,--,21,18207,买盘
1547,10:59:52,8.67,--,65,56632,卖盘
1548,10:59:49,8.67,--,73,63533,卖盘
1549,10:59:46,8.67,--,17,14739,卖盘
1550,10:59:43,8.67,--,17,15328,卖盘
1551,10:59:37,8.67,--,20,17340,卖盘
1552,10:59:28,8.67,-0.01,30,26148,卖盘
1553,10:59:25,8.68,0.01,12,10416,买盘
1554,10:59:19,8.67,--,52,45084,卖盘
1555,10:59:16,8.67,--,30,26010,卖盘
1556,10:59:10,8.67,--,18,16126,卖盘
1557,10:59:04,8.67,--,100,86700,卖盘
1558,10:58:58,8.67,-0.01,20,17340,卖盘
1559,10:58:55,8.68,0.01,42,36490,买盘
1560,10:58:37,8.67,--,78,68250,卖盘
1561,10:58:34,8.67,--,58,50286,卖盘
1562,10:58:28,8.67,--,13,11895,卖盘
1563,10:58:25,8.67,--,2,1734,卖盘
1564,10:58:19,8.67,--,12,10802,卖盘
1565,10:58:07,8.67,-0.01,4,3918,卖盘
1566,10:58:04,8.68,0.01,37,32116,买盘
1567,10:57:58,8.67,-0.01,8,7300,卖盘
1568,10:57:52,8.68,--,12,10433,卖盘
1569,10:57:46,8.68,--,13,11284,卖盘
1570,10:57:40,8.68,--,3,2604,卖盘
1571,10:57:37,8.68,-0.01,107,93310,卖盘
1572,10:57:31,8.69,0.01,250,217250,买盘
1573,10:57:25,8.68,--,35,30432,卖盘
1574,10:57:16,8.68,-0.01,48,41802,卖盘
1575,10:57:13,8.69,--,2,1738,买盘
1576,10:57:10,8.69,--,96,83424,买盘
1577,10:57:07,8.69,0.01,64,56085,买盘
1578,10:56:58,8.68,-0.01,13,11700,卖盘
1579,10:56:55,8.69,--,1,869,买盘
1580,10:56:52,8.69,0.01,45,39105,买盘
1581,10:56:49,8.68,-0.01,139,120652,卖盘
1582,10:56:46,8.69,0.01,44,39070,买盘
1583,10:56:37,8.68,--,89,77963,卖盘
1584,10:56:28,8.68,-0.01,100,86800,卖盘
1585,10:56:25,8.69,--,21,18613,卖盘
1586,10:56:22,8.69,0.01,178,154682,买盘
1587,10:56:16,8.68,--,71,61975,卖盘
1588,10:56:04,8.68,--,23,20762,卖盘
1589,10:56:01,8.68,0.01,30,26664,买盘
1590,10:55:55,8.67,-0.01,58,50598,卖盘
1591,10:55:52,8.68,--,8,6944,买盘
1592,10:55:46,8.68,--,194,168912,卖盘
1593,10:55:37,8.68,--,4,4131,卖盘
1594,10:55:34,8.68,--,54,46872,卖盘
1595,10:55:28,8.68,0.01,325,282655,买盘
1596,10:55:22,8.67,--,15,13767,卖盘
1597,10:55:13,8.67,-0.01,23,20721,卖盘
1598,10:55:10,8.68,0.01,19,16492,买盘
1599,10:55:04,8.67,--,21,18796,卖盘
1600,10:55:01,8.67,--,58,50286,卖盘
1601,10:54:55,8.67,--,61,53112,卖盘
1602,10:54:49,8.67,--,11,9537,卖盘
1603,10:54:46,8.67,0.01,84,72966,卖盘
1604,10:54:43,8.66,-0.01,31,26846,卖盘
1605,10:54:40,8.67,0.01,89,77197,买盘
1606,10:54:34,8.66,-0.01,7,6546,卖盘
1607,10:54:28,8.67,--,262,227986,卖盘
1608,10:54:25,8.67,-0.01,15,13178,卖盘
1609,10:54:19,8.68,--,10,8680,买盘
1610,10:54:13,8.68,0.01,50,43990,买盘
1611,10:54:04,8.67,-0.01,28,25073,卖盘
1612,10:54:01,8.68,0.01,50,43400,买盘
1613,10:53:55,8.67,--,2,1734,卖盘
1614,10:53:52,8.67,--,48,42274,卖盘
1615,10:53:49,8.67,--,19,16473,卖盘
1616,10:53:43,8.67,--,62,54170,买盘
1617,10:53:34,8.67,-0.01,133,115345,卖盘
1618,10:53:28,8.68,0.01,44,38192,买盘
1619,10:53:25,8.67,--,41,35581,卖盘
1620,10:53:22,8.67,--,67,58123,卖盘
1621,10:53:13,8.67,-0.01,31,27570,卖盘
1622,10:53:10,8.68,0.01,5,4340,买盘
1623,10:53:01,8.67,--,19,16542,卖盘
1624,10:52:55,8.67,--,87,75429,卖盘
1625,10:52:52,8.67,--,28,24813,卖盘
1626,10:52:49,8.67,-0.01,35,30345,卖盘
1627,10:52:43,8.68,--,84,73207,买盘
1628,10:52:37,8.68,0.01,1,868,买盘
1629,10:52:34,8.67,-0.01,99,86006,卖盘
1630,10:52:28,8.68,--,32,27776,买盘
1631,10:52:25,8.68,--,70,60760,买盘
1632,10:52:19,8.68,--,17,14756,买盘
1633,10:52:16,8.68,--,122,106208,卖盘
1634,10:52:13,8.68,-0.02,121,105218,卖盘
1635,10:52:10,8.7,--,41,35670,买盘
1636,10:52:07,8.7,0.02,8,6959,买盘
1637,10:52:04,8.68,-0.02,14,12238,卖盘
1638,10:52:01,8.7,--,390,339300,买盘
1639,10:51:55,8.7,0.01,21,18270,买盘
1640,10:51:52,8.69,--,10,8690,中性盘
1641,10:51:46,8.69,--,16,13904,买盘
1642,10:51:43,8.69,0.01,23,19987,买盘
1643,10:51:40,8.68,-0.01,10,8957,卖盘
1644,10:51:34,8.69,0.02,10,8690,中性盘
1645,10:51:31,8.67,--,21,18207,卖盘
1646,10:51:22,8.67,-0.02,70,60724,卖盘
1647,10:51:13,8.69,--,22,19830,卖盘
1648,10:51:10,8.69,--,99,86031,卖盘
1649,10:51:07,8.69,-0.01,5,4345,卖盘
1650,10:51:04,8.7,0.01,1,869,买盘
1651,10:51:01,8.69,--,30,26400,卖盘
1652,10:50:58,8.69,--,65,56485,卖盘
1653,10:50:52,8.69,-0.01,17,15607,卖盘
1654,10:50:43,8.7,--,14,12179,买盘
1655,10:50:40,8.7,0.01,42,37027,买盘
1656,10:50:31,8.69,-0.01,45,39244,卖盘
1657,10:50:28,8.7,0.01,6,5220,买盘
1658,10:50:25,8.69,--,4,3476,卖盘
1659,10:50:22,8.69,--,100,86900,卖盘
1660,10:50:19,8.69,-0.01,47,41312,卖盘
1661,10:50:16,8.7,--,3,2610,买盘
1662,10:50:13,8.7,--,23,20010,买盘
1663,10:50:07,8.7,--,41,35774,卖盘
1664,10:50:04,8.7,--,11,9570,卖盘
1665,10:50:01,8.7,-0.01,98,86025,卖盘
1666,10:49:58,8.71,0.01,1,871,买盘
1667,10:49:52,8.7,--,200,174817,买盘
1668,10:49:46,8.7,--,1,869,买盘
1669,10:49:43,8.7,0.03,127,111046,买盘
1670,10:49:37,8.67,-0.02,14,12831,卖盘
1671,10:49:34,8.69,0.02,5,4345,买盘
1672,10:49:31,8.67,-0.03,6,5202,卖盘
1673,10:49:28,8.7,--,33,29023,卖盘
1674,10:49:25,8.7,--,10,8700,卖盘
1675,10:49:22,8.7,0.03,2966,2580976,买盘
1676,10:49:19,8.67,--,13,11652,买盘
1677,10:49:13,8.67,--,1,867,买盘
1678,10:49:10,8.67,--,14,12796,卖盘
1679,10:49:07,8.67,-0.01,10,8670,卖盘
1680,10:49:01,8.68,0.01,1,868,买盘
1681,10:48:58,8.67,--,18,15814,卖盘
1682,10:48:55,8.67,--,91,78897,买盘
1683,10:48:52,8.67,0.01,6,5202,买盘
1684,10:48:49,8.66,--,46,40494,卖盘
1685,10:48:46,8.66,--,14,12124,卖盘
1686,10:48:40,8.66,--,105,91726,卖盘
1687,10:48:28,8.66,--,16,14167,卖盘
1688,10:48:16,8.66,--,49,42607,卖盘
1689,10:48:10,8.66,-0.01,2,1732,卖盘
1690,10:48:07,8.67,-0.01,63,54621,卖盘
1691,10:48:04,8.68,0.02,1,868,买盘
1692,10:47:58,8.66,-0.01,141,122902,卖盘
1693,10:47:55,8.67,--,83,72047,买盘
1694,10:47:49,8.67,--,6,5202,买盘
1695,10:47:43,8.67,--,1,867,买盘
1696,10:47:40,8.67,-0.01,401,348343,卖盘
1697,10:47:34,8.68,0.01,1,868,买盘
1698,10:47:28,8.67,--,36,31385,卖盘
1699,10:47:19,8.67,--,4,3468,卖盘
1700,10:47:16,8.67,-0.01,15,13594,卖盘
1701,10:47:13,8.68,0.01,101,87668,买盘
1702,10:47:07,8.67,-0.01,7,6866,卖盘
1703,10:47:01,8.68,0.01,1,868,买盘
1704,10:46:58,8.67,--,16,14236,卖盘
1705,10:46:52,8.67,--,10,8670,卖盘
1706,10:46:49,8.67,-0.01,40,34680,卖盘
1707,10:46:40,8.68,-0.01,14,12794,卖盘
1708,10:46:37,8.69,0.01,15,13243,买盘
1709,10:46:34,8.68,--,45,39060,卖盘
1710,10:46:28,8.68,--,47,41230,卖盘
1711,10:46:19,8.68,-0.01,157,136536,卖盘
1712,10:46:16,8.69,--,1,869,买盘
1713,10:46:10,8.69,--,109,94721,买盘
1714,10:46:07,8.69,0.01,200,173800,买盘
1715,10:46:04,8.68,-0.01,201,174468,卖盘
1716,10:46:01,8.69,--,1,869,买盘
1717,10:45:55,8.69,--,30,26070,买盘
1718,10:45:52,8.69,-0.01,691,601017,卖盘
1719,10:45:49,8.7,0.01,10,8700,买盘
1720,10:45:46,8.69,--,72,63315,卖盘
1721,10:45:43,8.69,--,5,4345,卖盘
1722,10:45:40,8.69,--,112,97328,卖盘
1723,10:45:37,8.69,--,42,37193,卖盘
1724,10:45:34,8.69,--,200,173800,卖盘
1725,10:45:28,8.69,-0.01,48,42337,卖盘
1726,10:45:22,8.7,0.01,64,55679,买盘
1727,10:45:16,8.69,0.01,62,54225,买盘
1728,10:45:10,8.68,--,100,86800,卖盘
1729,10:45:04,8.68,-0.01,107,93709,卖盘
1730,10:44:58,8.69,--,5,4345,买盘
1731,10:44:55,8.69,0.02,268,233639,买盘
1732,10:44:52,8.67,-0.01,8,6936,卖盘
1733,10:44:49,8.68,--,78,67704,买盘
1734,10:44:46,8.68,--,58,50344,买盘
1735,10:44:40,8.68,-0.01,805,698852,卖盘
1736,10:44:34,8.69,--,200,173800,卖盘
1737,10:44:31,8.69,-0.01,5,4345,卖盘
1738,10:44:28,8.7,0.01,1018,885659,买盘
1739,10:44:25,8.69,-0.01,19,17293,卖盘
1740,10:44:22,8.7,--,1,869,买盘
1741,10:44:19,8.7,0.01,20,17400,买盘
1742,10:44:16,8.69,--,21,19031,卖盘
1743,10:44:13,8.69,--,100,86900,卖盘
1744,10:44:10,8.69,--,82,71431,买盘
1745,10:44:07,8.69,--,96,83510,买盘
1746,10:44:04,8.69,--,62,53878,买盘
1747,10:44:01,8.69,0.01,1,869,买盘
1748,10:43:52,8.68,-0.01,110,95775,卖盘
1749,10:43:49,8.69,--,12,10428,买盘
1750,10:43:46,8.69,--,138,119922,买盘
1751,10:43:43,8.69,--,44,38236,买盘
1752,10:43:40,8.69,-0.01,93,81512,卖盘
1753,10:43:37,8.7,0.01,72,62639,买盘
1754,10:43:34,8.69,-0.01,1,869,卖盘
1755,10:43:31,8.7,--,1,869,买盘
1756,10:43:28,8.7,0.01,1238,1077060,买盘
1757,10:43:19,8.69,-0.01,3,2607,卖盘
1758,10:43:16,8.7,-0.01,10,8700,中性盘
1759,10:43:13,8.71,0.02,14,12220,买盘
1760,10:43:10,8.69,-0.01,99,86031,卖盘
1761,10:43:07,8.7,0.02,1275,1109397,买盘
1762,10:43:01,8.68,-0.01,39,34242,卖盘
1763,10:42:58,8.69,--,4,3476,买盘
1764,10:42:55,8.69,--,44,38670,买盘
1765,10:42:52,8.69,--,5,4345,买盘
1766,10:42:46,8.69,--,2,1738,买盘
1767,10:42:43,8.69,-0.01,60,52140,卖盘
1768,10:42:37,8.7,--,85,73950,买盘
1769,10:42:34,8.7,--,28,24655,卖盘
1770,10:42:31,8.7,--,266,232020,卖盘
1771,10:42:25,8.7,--,20,17400,卖盘
1772,10:42:22,8.7,0.02,557,485433,买盘
1773,10:42:16,8.68,--,31,26908,卖盘
1774,10:42:13,8.68,-0.01,128,111321,卖盘
1775,10:42:10,8.69,--,1,869,买盘
1776,10:42:07,8.69,--,2,1738,买盘
1777,10:42:04,8.69,0.01,3,2607,买盘
1778,10:42:01,8.68,-0.01,91,79422,卖盘
1779,10:41:55,8.69,--,3,2607,买盘
1780,10:41:52,8.69,-0.01,5,4935,卖盘
1781,10:41:49,8.7,--,6,5220,买盘
1782,10:41:46,8.7,0.01,150,130499,买盘
1783,10:41:43,8.69,-0.01,127,111162,卖盘
1784,10:41:37,8.7,--,1,869,买盘
1785,10:41:34,8.7,0.01,827,719489,买盘
1786,10:41:31,8.69,-0.01,44,38583,卖盘
1787,10:41:28,8.7,0.01,32,27839,买盘
1788,10:41:25,8.69,-0.01,20,17380,卖盘
1789,10:41:22,8.7,-0.01,63,54809,卖盘
1790,10:41:15,8.71,0.01,75,65325,买盘
1791,10:41:12,8.7,-0.01,19,16530,卖盘
1792,10:41:09,8.71,-0.01,155,135214,卖盘
1793,10:41:06,8.72,--,39,34008,买盘
1794,10:41:03,8.72,0.01,51,44472,买盘
1795,10:41:00,8.71,--,92,80219,卖盘
1796,10:40:57,8.71,--,87,76351,买盘
1797,10:40:54,8.71,--,202,176238,卖盘
1798,10:40:51,8.71,--,182,159096,卖盘
1799,10:40:48,8.71,--,60,52260,买盘
1800,10:40:45,8.71,0.01,31,27001,买盘
1801,10:40:42,8.7,-0.01,148,129194,卖盘
1802,10:40:39,8.71,0.01,80,69680,买盘
1803,10:40:36,8.7,-0.01,95,82650,卖盘
1804,10:40:33,8.71,0.01,68,59846,买盘
1805,10:40:27,8.7,--,1,869,卖盘
1806,10:40:24,8.7,--,200,174687,买盘
1807,10:40:21,8.7,--,2,1739,买盘
1808,10:40:18,8.7,--,7,6089,买盘
1809,10:40:15,8.7,--,50,43526,卖盘
1810,10:40:12,8.7,--,43,37410,卖盘
1811,10:40:09,8.7,--,129,112290,卖盘
1812,10:40:06,8.7,-0.01,24,20880,卖盘
1813,10:40:00,8.71,0.01,50,44159,买盘
1814,10:39:57,8.7,-0.01,14,12179,卖盘
1815,10:39:54,8.71,0.01,37,32227,买盘
1816,10:39:51,8.7,--,145,126323,卖盘
1817,10:39:48,8.7,--,39,33930,卖盘
1818,10:39:39,8.7,--,145,126149,卖盘
1819,10:39:36,8.7,0.01,339,294930,买盘
1820,10:39:30,8.69,-0.01,314,272866,卖盘
1821,10:39:27,8.7,--,30,26099,买盘
1822,10:39:24,8.7,0.01,116,100919,买盘
1823,10:39:21,8.69,-0.01,70,60830,卖盘
1824,10:39:15,8.7,--,754,655980,买盘
1825,10:39:12,8.7,--,17,14789,买盘
1826,10:39:09,8.7,--,32,28622,卖盘
1827,10:39:06,8.7,-0.01,149,129716,卖盘
1828,10:39:03,8.71,0.01,381,331851,买盘
1829,10:39:00,8.7,0.02,13,11309,买盘
1830,10:38:57,8.68,-0.02,484,420112,卖盘
1831,10:38:51,8.7,0.02,1,869,买盘
1832,10:38:48,8.68,--,63,55239,卖盘
1833,10:38:45,8.68,--,3806,3303686,买盘
1834,10:38:42,8.68,0.01,101,87668,买盘
1835,10:38:39,8.67,-0.01,12,10525,卖盘
1836,10:38:33,8.68,0.01,37,32220,买盘
1837,10:38:21,8.67,-0.01,120,104395,买盘
1838,10:38:06,8.68,--,129,112579,买盘
1839,10:38:03,8.68,0.01,225,195300,买盘
1840,10:38:00,8.67,0.02,13,11271,买盘
1841,10:37:57,8.65,-0.02,232,200680,卖盘
1842,10:37:51,8.67,--,164,142188,卖盘
1843,10:37:45,8.67,0.01,356,308660,买盘
1844,10:37:42,8.66,--,6,5196,卖盘
1845,10:37:36,8.66,--,6,5767,卖盘
1846,10:37:30,8.66,0.01,38,33219,买盘
1847,10:37:27,8.65,-0.01,17,15448,卖盘
1848,10:37:24,8.66,--,1,866,买盘
1849,10:37:18,8.66,-0.01,19,16454,中性盘
1850,10:37:15,8.67,0.01,21,18207,买盘
1851,10:37:12,8.66,-0.01,10,9110,卖盘
1852,10:37:09,8.67,0.01,9,7803,买盘
1853,10:37:03,8.66,-0.01,99,85924,卖盘
1854,10:37:00,8.67,--,22,19074,买盘
1855,10:36:57,8.67,0.01,187,162129,买盘
1856,10:36:54,8.66,--,127,110614,卖盘
1857,10:36:51,8.66,-0.01,4,3464,卖盘
1858,10:36:48,8.67,0.01,12,10404,买盘
1859,10:36:45,8.66,-0.01,48,42234,卖盘
1860,10:36:42,8.67,--,325,281775,买盘
1861,10:36:39,8.67,--,52,45084,买盘
1862,10:36:36,8.67,0.01,31,27362,买盘
1863,10:36:33,8.66,-0.01,130,112580,卖盘
1864,10:36:30,8.67,--,3,2947,买盘
1865,10:36:21,8.67,--,80,69360,买盘
1866,10:36:18,8.67,--,9,8201,买盘
1867,10:36:12,8.67,0.01,8,6936,买盘
1868,10:36:06,8.66,--,26,22689,卖盘
1869,10:36:00,8.66,-0.01,2,1732,卖盘
1870,10:35:54,8.67,0.01,21,18779,买盘
1871,10:35:51,8.66,-0.01,9,7794,卖盘
1872,10:35:45,8.67,0.01,58,51048,买盘
1873,10:35:42,8.66,--,10,8660,卖盘
1874,10:35:33,8.66,--,87,75861,卖盘
1875,10:35:30,8.66,--,2,1732,卖盘
1876,10:35:27,8.66,--,8,6928,卖盘
1877,10:35:24,8.66,-0.01,203,175798,卖盘
1878,10:35:21,8.67,--,51,44217,买盘
1879,10:35:18,8.67,--,34,29478,买盘
1880,10:35:15,8.67,--,632,548611,卖盘
1881,10:35:12,8.67,--,14,12138,卖盘
1882,10:35:09,8.67,--,50,43350,卖盘
1883,10:35:06,8.67,--,48,42032,卖盘
1884,10:35:03,8.67,--,483,419411,买盘
1885,10:34:57,8.67,0.01,200,173400,买盘
1886,10:34:54,8.66,-0.01,30,26499,卖盘
1887,10:34:51,8.67,0.01,21,18207,买盘
1888,10:34:42,8.66,-0.01,100,86946,卖盘
1889,10:34:36,8.67,--,236,205279,卖盘
1890,10:34:33,8.67,--,56,49332,卖盘
1891,10:34:30,8.67,--,11,9537,卖盘
1892,10:34:27,8.67,--,20,17340,卖盘
1893,10:34:24,8.67,--,156,135538,卖盘
1894,10:34:21,8.67,--,30,26010,卖盘
1895,10:34:18,8.67,--,30,26010,卖盘
1896,10:34:15,8.67,--,247,214816,买盘
1897,10:34:09,8.67,--,10,8670,买盘
1898,10:34:06,8.67,--,44,38148,买盘
1899,10:34:03,8.67,0.01,191,166377,买盘
1900,10:34:00,8.66,-0.01,180,155880,卖盘
1901,10:33:54,8.67,--,222,192474,买盘
1902,10:33:51,8.67,0.01,20,17340,买盘
1903,10:33:48,8.66,-0.01,11,9526,卖盘
1904,10:33:45,8.67,--,11,9537,买盘
1905,10:33:42,8.67,--,42,36414,卖盘
1906,10:33:36,8.67,0.01,17,14739,卖盘
1907,10:33:33,8.66,--,200,173200,卖盘
1908,10:33:30,8.66,-0.01,564,488813,卖盘
1909,10:33:24,8.67,-0.01,346,300112,卖盘
1910,10:33:21,8.68,0.01,347,301196,买盘
1911,10:33:18,8.67,--,47,40749,卖盘
1912,10:33:12,8.67,-0.01,270,234090,卖盘
1913,10:33:09,8.68,0.01,53,46004,买盘
1914,10:33:06,8.67,-0.01,537,465579,卖盘
1915,10:33:00,8.68,0.01,7,6076,买盘
1916,10:32:57,8.67,--,259,224553,卖盘
1917,10:32:54,8.67,--,190,164964,卖盘
1918,10:32:51,8.67,-0.01,1041,902547,卖盘
1919,10:32:48,8.68,0.01,619,537292,买盘
1920,10:32:45,8.67,--,202,175636,卖盘
1921,10:32:42,8.67,-0.01,3,2601,卖盘
1922,10:32:39,8.68,--,8,6944,买盘
1923,10:32:36,8.68,0.01,144,124992,买盘
1924,10:32:33,8.67,--,340,294780,卖盘
1925,10:32:27,8.67,--,168,146176,买盘
1926,10:32:24,8.67,--,516,447718,卖盘
1927,10:32:21,8.67,-0.01,219,189873,卖盘
1928,10:32:18,8.68,0.01,350,303800,买盘
1929,10:32:12,8.67,-0.01,234,203398,卖盘
1930,10:32:09,8.68,--,244,211792,买盘
1931,10:32:06,8.68,--,244,211792,买盘
1932,10:32:03,8.68,--,22,19096,买盘
1933,10:32:00,8.68,0.01,590,512120,买盘
1934,10:31:54,8.67,--,466,404646,卖盘
1935,10:31:51,8.67,--,87,75879,卖盘
1936,10:31:48,8.67,-0.01,40,34680,卖盘
1937,10:31:45,8.68,0.01,73,63364,买盘
1938,10:31:42,8.67,--,153,133309,卖盘
1939,10:31:36,8.67,--,98,84966,买盘
1940,10:31:33,8.67,-0.01,131,114313,卖盘
1941,10:31:30,8.68,0.01,100,86800,买盘
1942,10:31:24,8.67,0.01,14,12138,中性盘
1943,10:31:18,8.66,-0.01,345,299203,卖盘
1944,10:31:15,8.67,0.01,14,12138,买盘
1945,10:31:12,8.66,-0.01,120,103920,卖盘
1946,10:31:09,8.67,--,234,202878,买盘
1947,10:31:06,8.67,--,108,93636,买盘
1948,10:31:03,8.67,--,889,770763,卖盘
1949,10:30:57,8.67,--,31,26877,卖盘
1950,10:30:54,8.67,--,185,160395,卖盘
1951,10:30:51,8.67,-0.01,234,202878,卖盘
1952,10:30:48,8.68,--,146,126728,买盘
1953,10:30:45,8.68,--,430,373240,买盘
1954,10:30:42,8.68,--,77,66836,买盘
1955,10:30:39,8.68,-0.01,1262,1095416,卖盘
1956,10:30:33,8.69,0.01,4,3476,买盘
1957,10:30:30,8.68,--,201,174468,卖盘
1958,10:30:27,8.68,--,3133,2719444,买盘
1959,10:30:21,8.68,--,424,368032,买盘
1960,10:30:18,8.68,--,319,276892,买盘
1961,10:30:15,8.68,--,570,494760,买盘
1962,10:30:09,8.68,0.01,3233,2806244,买盘
1963,10:30:06,8.67,-0.01,27,23409,卖盘
1964,10:30:03,8.68,--,164,142352,买盘
1965,10:30:00,8.68,--,288,249984,买盘
1966,10:29:57,8.68,-0.05,3139,2724652,卖盘
1967,10:29:54,8.73,0.02,11,9603,买盘
1968,10:29:51,8.71,-0.03,54,47034,中性盘
1969,10:29:48,8.74,-0.01,326,284924,买盘
1970,10:29:45,8.75,-0.01,174,152250,买盘
1971,10:29:42,8.76,0.01,248,217248,买盘
1972,10:29:39,8.75,-0.01,220,192500,中性盘
1973,10:29:36,8.76,0.02,461,403836,买盘
1974,10:29:33,8.74,-0.01,438,382812,卖盘
1975,10:29:30,8.75,--,544,476280,买盘
1976,10:29:27,8.75,--,34,29750,买盘
1977,10:29:24,8.75,0.01,235,205625,买盘
1978,10:29:21,8.74,--,203,177422,卖盘
1979,10:29:18,8.74,--,730,638020,买盘
1980,10:29:15,8.74,0.05,5,4370,买盘
1981,10:29:12,8.69,0.01,51,44319,中性盘
1982,10:29:09,8.68,-0.06,200,173600,卖盘
1983,10:29:06,8.74,0.06,3847,3362278,买盘
1984,10:29:00,8.68,0.01,20,17360,买盘
1985,10:28:57,8.67,0.02,1965,1703655,买盘
1986,10:28:54,8.65,0.01,601,519865,买盘
1987,10:28:51,8.64,--,448,387538,买盘
1988,10:28:48,8.64,--,712,615168,买盘
1989,10:28:45,8.64,0.01,59,50976,买盘
1990,10:28:42,8.63,-0.01,415,358145,卖盘
1991,10:28:39,8.64,0.01,1045,902880,买盘
1992,10:28:36,8.63,0.01,6,5178,买盘
1993,10:28:33,8.62,-0.01,58,49995,卖盘
1994,10:28:30,8.63,0.02,70,60410,买盘
1995,10:28:27,8.61,-0.01,938,808134,卖盘
1996,10:28:24,8.62,--,396,341351,买盘
1997,10:28:21,8.62,--,936,806831,买盘
1998,10:28:15,8.62,--,28,24135,买盘
1999,10:28:12,8.62,0.01,486,418931,买盘
2000,10:28:09,8.61,-0.01,459,395569,卖盘
2001,10:28:03,8.62,0.01,551,474961,买盘
2002,10:28:00,8.61,--,70,60932,卖盘
2003,10:27:57,8.61,0.01,264,227303,买盘
2004,10:27:48,8.6,--,26,22360,卖盘
2005,10:27:45,8.6,-0.01,26,22858,卖盘
2006,10:27:42,8.61,--,150,129149,买盘
2007,10:27:39,8.61,0.01,6,5166,买盘
2008,10:27:36,8.6,--,9,8531,卖盘
2009,10:27:33,8.6,--,46,39560,卖盘
2010,10:27:27,8.6,-0.01,14,12100,卖盘
2011,10:27:24,8.61,--,1,861,买盘
2012,10:27:21,8.61,0.01,18,15497,买盘
2013,10:27:18,8.6,-0.01,46,40334,卖盘
2014,10:27:06,8.61,0.01,80,68880,买盘
2015,10:27:03,8.6,--,33,28380,卖盘
2016,10:26:57,8.6,--,10,8600,卖盘
2017,10:26:54,8.6,--,200,172000,卖盘
2018,10:26:48,8.6,--,45,38700,卖盘
2019,10:26:42,8.6,--,3,2580,卖盘
2020,10:26:39,8.6,0.01,552,474720,买盘
2021,10:26:36,8.59,-0.01,35,30065,卖盘
2022,10:26:33,8.6,0.01,122,104920,买盘
2023,10:26:21,8.59,-0.01,172,147748,卖盘
2024,10:26:15,8.6,--,90,77400,买盘
2025,10:26:09,8.6,--,11,9460,买盘
2026,10:26:00,8.6,--,74,63640,买盘
2027,10:25:51,8.6,0.01,140,120400,买盘
2028,10:25:48,8.59,-0.01,5,4295,卖盘
2029,10:25:45,8.6,0.01,1,860,买盘
2030,10:25:36,8.59,-0.01,30,25770,卖盘
2031,10:25:21,8.6,0.01,97,83420,买盘
2032,10:25:15,8.59,--,45,38655,卖盘
2033,10:25:12,8.59,-0.01,478,410670,卖盘
2034,10:25:09,8.6,--,80,68800,卖盘
2035,10:25:06,8.6,--,64,55040,卖盘
2036,10:25:03,8.6,--,30,25800,卖盘
2037,10:25:00,8.6,--,7,6020,卖盘
2038,10:24:57,8.6,0.01,246,211560,买盘
2039,10:24:51,8.59,-0.01,19,16321,卖盘
2040,10:24:48,8.6,--,1,860,买盘
2041,10:24:45,8.6,--,108,92880,卖盘
2042,10:24:39,8.6,--,25,21500,卖盘
2043,10:24:36,8.6,--,212,182320,卖盘
2044,10:24:33,8.6,-0.01,34,29240,卖盘
2045,10:24:27,8.61,0.01,38,32717,买盘
2046,10:24:24,8.6,--,30,25800,卖盘
2047,10:24:21,8.6,--,26,22360,卖盘
2048,10:24:18,8.6,-0.01,304,261440,卖盘
2049,10:24:12,8.61,0.01,40,34440,买盘
2050,10:24:09,8.6,--,56,48160,卖盘
2051,10:24:06,8.6,-0.01,5,4300,卖盘
2052,10:24:00,8.61,--,10,8610,卖盘
2053,10:23:57,8.61,--,26,22386,卖盘
2054,10:23:54,8.61,--,18,15497,买盘
2055,10:23:48,8.61,0.01,2,1722,中性盘
2056,10:23:45,8.6,-0.02,12,10320,卖盘
2057,10:23:39,8.62,0.01,53,45685,买盘
2058,10:23:36,8.61,--,13,11193,买盘
2059,10:23:33,8.61,--,302,260021,卖盘
2060,10:23:30,8.61,-0.01,10,8610,卖盘
2061,10:23:27,8.62,0.01,14,12067,买盘
2062,10:23:24,8.61,-0.01,198,170478,卖盘
2063,10:23:12,8.62,0.01,17,14653,买盘
2064,10:23:09,8.61,--,11,9471,卖盘
2065,10:23:06,8.61,--,11,9471,卖盘
2066,10:23:00,8.61,-0.01,9,7748,卖盘
2067,10:22:57,8.62,0.01,56,48271,买盘
2068,10:22:54,8.61,--,100,86100,卖盘
2069,10:22:45,8.61,-0.01,19,16358,卖盘
2070,10:22:39,8.62,0.01,1,861,买盘
2071,10:22:36,8.61,-0.01,30,25830,卖盘
2072,10:22:33,8.62,0.01,20,17240,买盘
2073,10:22:27,8.61,-0.01,300,258299,卖盘
2074,10:22:21,8.62,--,12,10343,买盘
2075,10:22:18,8.62,0.01,35,30169,买盘
2076,10:22:15,8.61,-0.01,56,48216,卖盘
2077,10:22:05,8.62,--,49,42237,买盘
2078,10:22:02,8.62,--,14,12067,买盘
2079,10:21:56,8.62,0.01,96,82751,买盘
2080,10:21:50,8.61,--,15,12915,卖盘
2081,10:21:47,8.61,--,5,4305,卖盘
2082,10:21:38,8.61,--,9,7748,卖盘
2083,10:21:32,8.61,--,167,143787,买盘
2084,10:21:23,8.61,0.01,91,78351,买盘
2085,10:21:11,8.6,--,11,9460,卖盘
2086,10:21:05,8.6,--,9,7740,卖盘
2087,10:20:59,8.6,--,30,25800,卖盘
2088,10:20:53,8.6,--,35,30100,卖盘
2089,10:20:47,8.6,--,10,8600,卖盘
2090,10:20:44,8.6,--,12,10320,卖盘
2091,10:20:32,8.6,-0.01,10,8600,中性盘
2092,10:20:29,8.61,0.01,940,809340,买盘
2093,10:20:26,8.6,--,30,25800,买盘
2094,10:20:14,8.6,--,17,14620,买盘
2095,10:20:08,8.6,--,1,860,买盘
2096,10:20:05,8.6,--,59,50740,买盘
2097,10:20:02,8.6,0.01,28,24080,买盘
2098,10:19:50,8.59,-0.01,81,69579,卖盘
2099,10:19:41,8.6,--,20,17200,买盘
2100,10:19:32,8.6,--,161,138460,买盘
2101,10:19:26,8.6,0.01,20,17200,买盘
2102,10:19:14,8.59,-0.01,14,12026,卖盘
2103,10:19:11,8.6,0.01,10,8600,买盘
2104,10:18:59,8.59,-0.01,19,16321,卖盘
2105,10:18:53,8.6,--,10,8600,买盘
2106,10:18:47,8.6,0.01,5,4300,买盘
2107,10:18:41,8.59,-0.01,18,15462,卖盘
2108,10:18:38,8.6,--,90,77400,买盘
2109,10:18:29,8.6,--,1,860,买盘
2110,10:18:20,8.6,--,114,98040,卖盘
2111,10:18:17,8.6,--,150,129000,卖盘
2112,10:17:56,8.6,--,5,4300,卖盘
2113,10:17:53,8.6,--,255,219300,买盘
2114,10:17:50,8.6,0.01,77,66220,买盘
2115,10:17:47,8.59,--,181,155479,卖盘
2116,10:17:20,8.59,--,4,3436,卖盘
2117,10:17:11,8.59,-0.01,100,85900,卖盘
2118,10:17:05,8.6,0.01,3,2580,买盘
2119,10:16:59,8.59,--,6,5154,卖盘
2120,10:16:56,8.59,--,5,4295,卖盘
2121,10:16:53,8.59,--,165,141735,卖盘
2122,10:16:44,8.59,--,215,184685,买盘
2123,10:16:38,8.59,--,16,13744,买盘
2124,10:16:32,8.59,--,30,25770,买盘
2125,10:16:26,8.59,0.01,4,3436,买盘
2126,10:16:23,8.58,-0.01,239,205062,卖盘
2127,10:16:20,8.59,--,27,23193,买盘
2128,10:15:56,8.59,--,60,51540,买盘
2129,10:15:50,8.59,--,10,8590,买盘
2130,10:15:47,8.59,-0.01,5,4295,中性盘
2131,10:15:32,8.6,0.01,61,52460,买盘
2132,10:15:26,8.59,--,155,133145,卖盘
2133,10:15:23,8.59,--,35,30065,卖盘
2134,10:15:17,8.59,-0.01,2,1718,卖盘
2135,10:15:11,8.6,--,3,2580,买盘
2136,10:15:05,8.6,--,5,4300,买盘
2137,10:15:02,8.6,0.01,101,86860,买盘
2138,10:14:59,8.59,-0.01,240,206160,卖盘
2139,10:14:56,8.6,--,89,76540,买盘
2140,10:14:53,8.6,--,21,18060,买盘
2141,10:14:50,8.6,0.01,50,43000,买盘
2142,10:14:47,8.59,-0.01,28,24052,卖盘
2143,10:14:38,8.6,0.01,20,17200,买盘
2144,10:14:35,8.59,--,50,42950,卖盘
2145,10:14:26,8.59,--,20,17180,卖盘
2146,10:14:14,8.59,--,47,40373,买盘
2147,10:14:08,8.59,--,12,10308,买盘
2148,10:14:02,8.59,0.01,10,8590,买盘
2149,10:13:56,8.58,-0.01,1,858,卖盘
2150,10:13:53,8.59,0.01,6,5154,买盘
2151,10:13:50,8.58,--,65,55770,卖盘
2152,10:13:44,8.58,-0.01,189,162162,卖盘
2153,10:13:38,8.59,--,10,8590,买盘
2154,10:13:32,8.59,--,12,10308,买盘
2155,10:13:29,8.59,--,26,22334,卖盘
2156,10:13:17,8.59,--,64,54976,卖盘
2157,10:13:08,8.59,--,24,20616,卖盘
2158,10:13:05,8.59,--,11,9449,卖盘
2159,10:12:59,8.59,-0.01,2,1718,中性盘
2160,10:12:44,8.6,-0.01,1556,1338160,卖盘
2161,10:12:35,8.61,--,34,29273,买盘
2162,10:12:29,8.61,-0.01,152,130871,卖盘
2163,10:12:26,8.62,--,20,17240,买盘
2164,10:12:23,8.62,0.01,10,8620,买盘
2165,10:12:11,8.61,0.01,41,35301,买盘
2166,10:12:08,8.6,-0.01,5,4300,卖盘
2167,10:12:05,8.61,-0.01,16,13776,卖盘
2168,10:11:53,8.62,0.02,238,205155,买盘
2169,10:11:47,8.6,-0.01,100,86000,卖盘
2170,10:11:44,8.61,--,61,52521,买盘
2171,10:11:35,8.61,--,2,1722,买盘
2172,10:11:32,8.61,--,52,44772,买盘
2173,10:11:26,8.61,0.01,2,1722,买盘
2174,10:11:20,8.6,-0.01,2,1720,卖盘
2175,10:11:14,8.61,--,2,1722,买盘
2176,10:11:02,8.61,0.01,70,60269,买盘
2177,10:10:59,8.6,-0.01,2,1720,卖盘
2178,10:10:56,8.61,0.01,81,69741,买盘
2179,10:10:53,8.6,--,48,41280,买盘
2180,10:10:44,8.6,--,40,34400,买盘
2181,10:10:32,8.6,--,8,6880,买盘
2182,10:10:26,8.6,--,8,6880,买盘
2183,10:10:23,8.6,--,2,1720,买盘
2184,10:10:17,8.6,--,217,186620,卖盘
2185,10:10:14,8.6,--,12,10320,卖盘
2186,10:10:11,8.6,--,20,17200,卖盘
2187,10:10:02,8.6,--,29,24940,卖盘
2188,10:09:53,8.6,-0.01,143,122980,卖盘
2189,10:09:50,8.61,0.01,1,861,买盘
2190,10:09:47,8.6,--,10,8600,卖盘
2191,10:09:44,8.6,--,56,48160,卖盘
2192,10:09:32,8.6,-0.01,7,6020,卖盘
2193,10:09:29,8.61,--,3,2583,买盘
2194,10:09:17,8.61,0.01,2,1722,中性盘
2195,10:09:11,8.6,-0.01,131,112660,卖盘
2196,10:09:08,8.61,--,24,20664,卖盘
2197,10:09:02,8.61,--,153,131733,买盘
2198,10:08:56,8.61,-0.01,2,1722,买盘
2199,10:08:53,8.62,0.01,25,21549,买盘
2200,10:08:50,8.61,-0.01,87,74907,卖盘
2201,10:08:41,8.62,--,110,94819,买盘
2202,10:08:32,8.62,--,4,3447,买盘
2203,10:08:26,8.62,--,119,102577,卖盘
2204,10:08:20,8.62,--,10,8620,卖盘
2205,10:08:17,8.62,-0.01,20,17240,卖盘
2206,10:08:14,8.63,0.01,21,18123,买盘
2207,10:08:11,8.62,--,32,27583,卖盘
2208,10:08:08,8.62,--,200,172399,卖盘
2209,10:08:05,8.62,-0.01,456,393071,卖盘
2210,10:07:59,8.63,--,93,80259,买盘
2211,10:07:53,8.63,--,110,94930,卖盘
2212,10:07:50,8.63,--,10,8630,买盘
2213,10:07:47,8.63,--,16,13808,卖盘
2214,10:07:41,8.63,-0.01,102,88026,卖盘
2215,10:07:35,8.64,0.01,66,57024,买盘
2216,10:07:29,8.63,-0.01,13,11219,卖盘
2217,10:07:23,8.64,0.02,5,4320,买盘
2218,10:07:20,8.62,--,150,129299,卖盘
2219,10:07:14,8.62,--,20,17240,卖盘
2220,10:07:11,8.62,--,209,180157,卖盘
2221,10:07:08,8.62,--,130,112059,卖盘
2222,10:07:05,8.62,--,16,13791,卖盘
2223,10:07:02,8.62,0.02,185,159470,买盘
2224,10:06:50,8.6,-0.02,20,17200,卖盘
2225,10:06:47,8.62,0.01,50,43099,买盘
2226,10:06:44,8.61,--,34,29273,买盘
2227,10:06:38,8.61,--,10,8610,买盘
2228,10:06:35,8.61,-0.02,20,17220,中性盘
2229,10:06:26,8.63,0.02,1050,906150,买盘
2230,10:06:23,8.61,-0.01,271,233330,卖盘
2231,10:06:17,8.62,--,41,35342,买盘
2232,10:06:14,8.62,--,144,124127,买盘
2233,10:06:05,8.62,0.01,42,36204,买盘
2234,10:06:02,8.61,--,143,123122,卖盘
2235,10:05:59,8.61,--,9,7748,卖盘
2236,10:05:56,8.61,-0.01,57,49077,中性盘
2237,10:05:47,8.62,0.02,36,31031,买盘
2238,10:05:41,8.6,-0.01,124,106640,卖盘
2239,10:05:32,8.61,--,2,1722,卖盘
2240,10:05:26,8.61,0.01,281,241940,买盘
2241,10:05:20,8.6,--,70,60200,卖盘
2242,10:05:17,8.6,--,4,3440,卖盘
2243,10:05:14,8.6,--,45,38700,卖盘
2244,10:05:11,8.6,--,124,106640,买盘
2245,10:04:59,8.6,--,61,52460,卖盘
2246,10:04:53,8.6,--,10,8600,卖盘
2247,10:04:50,8.6,--,200,172000,卖盘
2248,10:04:47,8.6,--,56,48160,卖盘
2249,10:04:38,8.6,--,366,314760,卖盘
2250,10:04:35,8.6,--,22,18920,卖盘
2251,10:04:32,8.6,-0.01,20,17200,卖盘
2252,10:04:29,8.61,0.01,31,26691,买盘
2253,10:04:26,8.6,-0.01,35,30100,卖盘
2254,10:04:23,8.61,0.01,50,43050,买盘
2255,10:04:20,8.6,--,5,4300,卖盘
2256,10:04:17,8.6,--,2,1720,卖盘
2257,10:04:14,8.6,--,15,12900,卖盘
2258,10:04:11,8.6,-0.01,117,100620,中性盘
2259,10:04:05,8.61,0.01,466,401226,买盘
2260,10:03:59,8.6,--,4,3440,卖盘
2261,10:03:53,8.6,--,45,38700,卖盘
2262,10:03:50,8.6,-0.01,152,130720,卖盘
2263,10:03:47,8.61,0.01,267,229886,买盘
2264,10:03:38,8.6,--,134,115240,卖盘
2265,10:03:32,8.6,--,35,30100,卖盘
2266,10:03:29,8.6,--,47,40420,卖盘
2267,10:03:26,8.6,--,99,85140,买盘
2268,10:03:23,8.6,0.01,25,21500,买盘
2269,10:03:17,8.59,-0.01,8,6872,卖盘
2270,10:03:14,8.6,0.01,190,163400,买盘
2271,10:03:11,8.59,-0.01,154,132286,卖盘
2272,10:03:08,8.6,0.01,12,10320,买盘
2273,10:03:05,8.59,--,43,36937,卖盘
2274,10:02:56,8.59,-0.02,20,17180,卖盘
2275,10:02:53,8.61,0.01,170,146370,买盘
2276,10:02:44,8.6,0.01,32,27520,买盘
2277,10:02:41,8.59,-0.01,67,57553,卖盘
2278,10:02:34,8.6,--,54,46440,买盘
2279,10:02:31,8.6,--,13,11180,买盘
2280,10:02:25,8.6,--,238,204680,卖盘
2281,10:02:16,8.6,--,31,26660,卖盘
2282,10:02:13,8.6,-0.01,120,103200,卖盘
2283,10:02:10,8.61,0.01,9,7748,买盘
2284,10:02:07,8.6,--,98,84280,卖盘
2285,10:02:01,8.6,-0.01,16,13760,卖盘
2286,10:01:55,8.61,--,186,160146,买盘
2287,10:01:46,8.61,--,1,861,买盘
2288,10:01:43,8.61,--,8,6888,买盘
2289,10:01:40,8.61,--,8,6888,买盘
2290,10:01:34,8.61,--,76,65435,买盘
2291,10:01:31,8.61,--,395,340095,卖盘
2292,10:01:28,8.61,--,103,88683,卖盘
2293,10:01:25,8.61,--,84,72324,卖盘
2294,10:01:19,8.61,-0.01,10,8610,卖盘
2295,10:01:10,8.62,0.01,40,34480,买盘
2296,10:01:07,8.61,-0.01,20,17220,卖盘
2297,10:01:01,8.62,--,10,8620,买盘
2298,10:00:46,8.62,--,18,15515,买盘
2299,10:00:40,8.62,-0.01,12,10343,卖盘
2300,10:00:37,8.63,0.01,46,39698,买盘
2301,10:00:31,8.62,-0.01,40,34480,卖盘
2302,10:00:25,8.63,0.02,17,14671,买盘
2303,10:00:22,8.61,--,10,8610,卖盘
2304,10:00:19,8.61,-0.01,43,37023,卖盘
2305,10:00:13,8.62,--,43,37066,卖盘
2306,10:00:10,8.62,0.01,1050,905099,买盘
2307,10:00:01,8.61,-0.01,10,8610,卖盘
2308,09:59:58,8.62,--,81,69822,卖盘
2309,09:59:55,8.62,0.01,120,103439,买盘
2310,09:59:52,8.61,-0.01,289,248828,卖盘
2311,09:59:49,8.62,--,227,195673,买盘
2312,09:59:46,8.62,0.01,25,21549,买盘
2313,09:59:43,8.61,--,39,33579,卖盘
2314,09:59:40,8.61,-0.01,11,9471,卖盘
2315,09:59:37,8.62,0.01,23,19826,买盘
2316,09:59:34,8.61,--,3,2583,卖盘
2317,09:59:31,8.61,-0.01,20,17220,卖盘
2318,09:59:28,8.62,--,40,34480,买盘
2319,09:59:25,8.62,0.01,4,3447,买盘
2320,09:59:16,8.61,-0.01,26,22386,卖盘
2321,09:59:13,8.62,0.01,256,220671,买盘
2322,09:59:10,8.61,--,1,861,卖盘
2323,09:59:04,8.61,-0.01,26,22386,卖盘
2324,09:59:01,8.62,0.01,44,37928,买盘
2325,09:58:58,8.61,-0.01,29,24969,卖盘
2326,09:58:52,8.62,0.01,2,1723,买盘
2327,09:58:49,8.61,--,92,79212,卖盘
2328,09:58:46,8.61,--,10,8610,卖盘
2329,09:58:43,8.61,--,40,34440,卖盘
2330,09:58:37,8.61,--,3,2583,卖盘
2331,09:58:31,8.61,0.01,27,23247,卖盘
2332,09:58:28,8.6,--,53,45580,卖盘
2333,09:58:25,8.6,--,212,182320,买盘
2334,09:58:22,8.6,-0.01,592,509120,卖盘
2335,09:58:19,8.61,--,15,12915,卖盘
2336,09:58:16,8.61,0.01,125,107625,买盘
2337,09:58:10,8.6,--,145,124700,卖盘
2338,09:58:07,8.6,-0.01,50,43000,卖盘
2339,09:58:04,8.61,--,60,51660,买盘
2340,09:58:01,8.61,--,11,9471,买盘
2341,09:57:58,8.61,0.01,8,6888,买盘
2342,09:57:55,8.6,-0.01,123,105780,卖盘
2343,09:57:49,8.61,--,300,258299,买盘
2344,09:57:46,8.61,--,134,115373,买盘
2345,09:57:40,8.61,--,10,8610,买盘
2346,09:57:34,8.61,--,145,124844,卖盘
2347,09:57:31,8.61,--,100,86100,卖盘
2348,09:57:28,8.61,-0.01,188,161868,卖盘
2349,09:57:22,8.62,--,66,56891,买盘
2350,09:57:16,8.62,0.01,20,17240,买盘
2351,09:57:10,8.61,-0.01,199,171339,卖盘
2352,09:57:07,8.62,-0.01,69,59477,买盘
2353,09:56:58,8.63,--,65,56095,买盘
2354,09:56:52,8.63,0.01,47,40561,买盘
2355,09:56:46,8.62,-0.01,273,235325,卖盘
2356,09:56:43,8.63,0.01,55,47465,买盘
2357,09:56:37,8.62,-0.01,6,5171,卖盘
2358,09:56:31,8.63,--,2061,1778643,卖盘
2359,09:56:25,8.63,--,185,159655,卖盘
2360,09:56:22,8.63,--,22,18986,卖盘
2361,09:56:19,8.63,--,6,5178,卖盘
2362,09:56:16,8.63,-0.01,118,101834,卖盘
2363,09:56:13,8.64,0.01,130,112320,买盘
2364,09:56:10,8.63,--,30,25890,卖盘
2365,09:56:07,8.63,--,1,863,卖盘
2366,09:56:04,8.63,--,26,22438,卖盘
2367,09:56:01,8.63,--,188,162244,买盘
2368,09:55:55,8.63,0.01,20,17260,买盘
2369,09:55:52,8.62,--,1,861,卖盘
2370,09:55:49,8.62,-0.01,85,73270,卖盘
2371,09:55:46,8.63,--,164,141532,买盘
2372,09:55:43,8.63,0.01,62,53506,买盘
2373,09:55:40,8.62,--,45,38790,卖盘
2374,09:55:34,8.62,--,50,43099,卖盘
2375,09:55:28,8.62,--,134,115507,买盘
2376,09:55:25,8.62,--,10,8620,买盘
2377,09:55:22,8.62,--,103,88785,买盘
2378,09:55:19,8.62,--,51,43961,买盘
2379,09:55:16,8.62,--,1516,1306791,卖盘
2380,09:55:13,8.62,--,272,234463,卖盘
2381,09:55:07,8.62,-0.01,10,8620,卖盘
2382,09:55:04,8.63,-0.01,16,13808,中性盘
2383,09:55:01,8.64,--,347,299808,买盘
2384,09:54:58,8.64,0.01,545,470880,买盘
2385,09:54:55,8.63,--,502,433226,卖盘
2386,09:54:52,8.63,-0.01,55,47465,卖盘
2387,09:54:46,8.64,--,590,509760,买盘
2388,09:54:43,8.64,0.01,13,11232,买盘
2389,09:54:40,8.63,-0.01,180,155340,卖盘
2390,09:54:37,8.64,--,39,33696,买盘
2391,09:54:34,8.64,--,15,12960,买盘
2392,09:54:31,8.64,0.01,90,77760,买盘
2393,09:54:28,8.63,--,66,56958,卖盘
2394,09:54:25,8.63,0.01,474,409062,买盘
2395,09:54:22,8.62,0.02,3,2585,卖盘
2396,09:54:19,8.6,-0.02,110,94600,卖盘
2397,09:54:16,8.62,--,121,104301,买盘
2398,09:54:13,8.62,0.01,260,224119,中性盘
2399,09:54:07,8.61,-0.01,79,68019,卖盘
2400,09:54:04,8.62,--,10,8620,卖盘
2401,09:54:01,8.62,0.02,806,695202,买盘
2402,09:53:55,8.6,--,263,226180,卖盘
2403,09:53:52,8.6,-0.01,71,61060,卖盘
2404,09:53:49,8.61,--,600,516599,买盘
2405,09:53:46,8.61,--,3,2583,买盘
2406,09:53:37,8.61,--,206,177366,买盘
2407,09:53:34,8.61,--,2,1722,买盘
2408,09:53:31,8.61,0.01,241,207501,买盘
2409,09:53:28,8.6,--,10,8600,卖盘
2410,09:53:25,8.6,--,2,1720,卖盘
2411,09:53:19,8.6,0.01,554,476440,买盘
2412,09:53:16,8.59,--,19,16321,买盘
2413,09:53:10,8.59,--,150,128850,买盘
2414,09:53:07,8.59,0.01,20,17180,买盘
2415,09:53:04,8.58,-0.01,20,17160,卖盘
2416,09:53:01,8.59,0.01,198,170082,买盘
2417,09:52:58,8.58,-0.01,5,4290,卖盘
2418,09:52:52,8.59,0.01,12,10308,买盘
2419,09:52:49,8.58,--,178,152724,买盘
2420,09:52:46,8.58,--,36,30888,买盘
2421,09:52:43,8.58,0.01,28,24024,买盘
2422,09:52:34,8.57,--,4,3428,卖盘
2423,09:52:28,8.57,--,21,17997,买盘
2424,09:52:25,8.57,0.01,215,184332,买盘
2425,09:52:22,8.56,--,57,48792,买盘
2426,09:52:19,8.56,--,27,23112,买盘
2427,09:52:16,8.56,-0.01,536,459594,卖盘
2428,09:52:13,8.57,--,322,276031,买盘
2429,09:52:07,8.57,0.01,2,1714,买盘
2430,09:52:04,8.56,--,6,5136,卖盘
2431,09:51:58,8.56,0.01,72,61632,买盘
2432,09:51:55,8.55,-0.01,17,14535,卖盘
2433,09:51:52,8.56,--,93,79608,买盘
2434,09:51:49,8.56,--,7,5992,买盘
2435,09:51:46,8.56,--,2,1712,买盘
2436,09:51:43,8.56,--,10,8560,买盘
2437,09:51:40,8.56,--,226,193456,买盘
2438,09:51:31,8.56,0.01,30,25680,买盘
2439,09:51:28,8.55,--,23,19665,卖盘
2440,09:51:22,8.55,0.01,57,48735,买盘
2441,09:51:19,8.54,-0.01,81,69174,卖盘
2442,09:51:16,8.55,--,10,8550,买盘
2443,09:51:13,8.55,0.01,8,6840,中性盘
2444,09:51:10,8.54,-0.01,108,92231,卖盘
2445,09:51:07,8.55,--,70,59850,买盘
2446,09:51:04,8.55,0.01,105,89775,买盘
2447,09:51:01,8.54,-0.01,150,128099,卖盘
2448,09:50:58,8.55,-0.01,17,14535,中性盘
2449,09:50:52,8.56,0.02,82,70192,买盘
2450,09:50:49,8.54,-0.02,120,102479,卖盘
2451,09:50:46,8.56,--,1510,1292560,买盘
2452,09:50:43,8.56,--,25,21400,买盘
2453,09:50:37,8.56,--,184,157504,买盘
2454,09:50:34,8.56,--,425,363800,卖盘
2455,09:50:28,8.56,-0.01,200,171200,卖盘
2456,09:50:25,8.57,--,384,329088,买盘
2457,09:50:19,8.57,--,10,8570,买盘
2458,09:50:13,8.57,-0.01,498,426786,卖盘
2459,09:50:07,8.58,0.01,24,20592,买盘
2460,09:50:04,8.57,-0.01,3,2571,卖盘
2461,09:50:01,8.58,--,58,49764,买盘
2462,09:49:55,8.58,--,120,102960,买盘
2463,09:49:49,8.58,0.01,20,17160,买盘
2464,09:49:46,8.57,--,15,12855,买盘
2465,09:49:43,8.57,-0.01,10,8570,中性盘
2466,09:49:40,8.58,0.01,72,61776,买盘
2467,09:49:37,8.57,--,275,235675,卖盘
2468,09:49:34,8.57,--,215,184255,卖盘
2469,09:49:31,8.57,-0.01,5,4285,卖盘
2470,09:49:28,8.58,0.01,63,54054,买盘
2471,09:49:25,8.57,--,35,29995,卖盘
2472,09:49:22,8.57,--,5,4285,卖盘
2473,09:49:19,8.57,--,10,8570,卖盘
2474,09:49:16,8.57,-0.01,4,3428,卖盘
2475,09:49:13,8.58,0.01,88,75504,买盘
2476,09:49:04,8.57,-0.01,91,77987,卖盘
2477,09:49:01,8.58,-0.01,50,42900,卖盘
2478,09:48:58,8.59,0.01,76,65284,买盘
2479,09:48:55,8.58,--,20,17160,买盘
2480,09:48:49,8.58,--,87,74646,卖盘
2481,09:48:46,8.58,--,75,64350,卖盘
2482,09:48:43,8.58,-0.01,144,123552,卖盘
2483,09:48:40,8.59,--,363,311817,买盘
2484,09:48:37,8.59,--,27,23193,买盘
2485,09:48:34,8.59,0.01,104,89336,买盘
2486,09:48:28,8.58,--,50,42900,卖盘
2487,09:48:25,8.58,-0.01,58,49764,卖盘
2488,09:48:22,8.59,--,123,105657,买盘
2489,09:48:19,8.59,0.01,12,10308,买盘
2490,09:48:16,8.58,-0.01,34,29172,卖盘
2491,09:48:10,8.59,--,66,56694,买盘
2492,09:48:04,8.59,-0.01,60,51540,中性盘
2493,09:47:58,8.6,0.01,274,235640,买盘
2494,09:47:55,8.59,--,180,154620,买盘
2495,09:47:52,8.59,-0.01,7,6013,卖盘
2496,09:47:49,8.6,--,266,228760,买盘
2497,09:47:46,8.6,0.01,88,75680,买盘
2498,09:47:43,8.59,--,385,330715,卖盘
2499,09:47:40,8.59,--,70,60130,卖盘
2500,09:47:37,8.59,-0.01,58,49822,卖盘
2501,09:47:34,8.6,0.01,79,67940,买盘
2502,09:47:31,8.59,--,166,142594,卖盘
2503,09:47:28,8.59,-0.01,569,488771,卖盘
2504,09:47:25,8.6,0.01,41,35260,买盘
2505,09:47:16,8.59,--,214,183826,卖盘
2506,09:47:13,8.59,--,140,120260,买盘
2507,09:47:07,8.59,0.01,17,14603,买盘
2508,09:47:04,8.58,--,183,157014,卖盘
2509,09:47:01,8.58,-0.01,10,8580,卖盘
2510,09:46:58,8.59,0.01,33,28347,买盘
2511,09:46:55,8.58,-0.01,20,17160,买盘
2512,09:46:49,8.59,0.01,218,187262,买盘
2513,09:46:46,8.58,-0.01,61,52338,卖盘
2514,09:46:43,8.59,--,13,11167,买盘
2515,09:46:40,8.59,0.01,265,227635,买盘
2516,09:46:34,8.58,--,27,23166,卖盘
2517,09:46:31,8.58,-0.01,372,319176,卖盘
2518,09:46:25,8.59,0.01,22,18898,买盘
2519,09:46:22,8.58,-0.01,12,10296,卖盘
2520,09:46:19,8.59,--,36,30924,买盘
2521,09:46:16,8.59,0.01,117,100503,买盘
2522,09:46:10,8.58,-0.01,67,57486,卖盘
2523,09:46:07,8.59,0.01,208,178672,买盘
2524,09:46:04,8.58,0.01,64,54912,买盘
2525,09:46:01,8.57,--,129,110553,卖盘
2526,09:45:58,8.57,--,182,155974,卖盘
2527,09:45:55,8.57,-0.01,10,8570,卖盘
2528,09:45:52,8.58,--,24,20592,买盘
2529,09:45:49,8.58,--,211,181038,买盘
2530,09:45:43,8.58,0.01,21,18018,买盘
2531,09:45:40,8.57,-0.01,20,17140,卖盘
2532,09:45:37,8.58,--,50,42900,买盘
2533,09:45:34,8.58,--,337,289146,卖盘
2534,09:45:28,8.58,--,328,281424,卖盘
2535,09:45:22,8.58,0.01,533,457314,买盘
2536,09:45:19,8.57,--,13,11141,卖盘
2537,09:45:16,8.57,-0.01,100,85700,卖盘
2538,09:45:13,8.58,0.01,5,4290,买盘
2539,09:45:10,8.57,-0.01,801,686457,卖盘
2540,09:45:07,8.58,--,30,25740,买盘
2541,09:45:04,8.58,--,25,21450,买盘
2542,09:44:58,8.58,--,23,19734,卖盘
2543,09:44:55,8.58,--,44,37752,卖盘
2544,09:44:52,8.58,--,102,87516,卖盘
2545,09:44:49,8.58,0.01,52,44616,买盘
2546,09:44:46,8.57,--,89,76273,卖盘
2547,09:44:43,8.57,-0.01,1,857,卖盘
2548,09:44:40,8.58,0.01,26,22308,买盘
2549,09:44:34,8.57,--,386,330802,卖盘
2550,09:44:31,8.57,--,41,35137,卖盘
2551,09:44:28,8.57,--,64,54848,卖盘
2552,09:44:25,8.57,-0.01,141,120837,卖盘
2553,09:44:19,8.58,--,56,48048,买盘
2554,09:44:16,8.58,--,21,18018,买盘
2555,09:44:13,8.58,-0.02,1865,1600170,卖盘
2556,09:44:10,8.6,--,27,23220,买盘
2557,09:44:07,8.6,0.01,53,45580,买盘
2558,09:44:04,8.59,--,110,94490,卖盘
2559,09:44:01,8.59,-0.01,38,32642,卖盘
2560,09:43:58,8.6,--,5,4300,买盘
2561,09:43:52,8.6,0.01,28,24080,中性盘
2562,09:43:49,8.59,-0.01,199,170941,卖盘
2563,09:43:46,8.6,-0.01,13,11180,卖盘
2564,09:43:43,8.61,0.01,205,176505,买盘
2565,09:43:37,8.6,-0.01,248,213280,卖盘
2566,09:43:34,8.61,--,466,401226,买盘
2567,09:43:28,8.61,0.01,101,86961,买盘
2568,09:43:22,8.6,-0.02,233,200380,卖盘
2569,09:43:19,8.62,0.01,95,81889,买盘
2570,09:43:16,8.61,0.01,42,36162,买盘
2571,09:43:13,8.6,-0.02,314,270040,卖盘
2572,09:43:10,8.62,--,155,133610,卖盘
2573,09:43:07,8.62,--,210,181019,卖盘
2574,09:43:04,8.62,--,556,479271,卖盘
2575,09:43:01,8.62,0.01,1903,1640385,买盘
2576,09:42:58,8.61,--,73,62852,卖盘
2577,09:42:52,8.61,-0.01,139,119678,卖盘
2578,09:42:49,8.62,0.02,667,574954,买盘
2579,09:42:46,8.6,-0.02,388,333680,卖盘
2580,09:42:43,8.62,--,218,187915,买盘
2581,09:42:40,8.62,--,225,193949,买盘
2582,09:42:37,8.62,--,45,38790,卖盘
2583,09:42:34,8.62,--,236,203431,卖盘
2584,09:42:31,8.62,--,97,83613,卖盘
2585,09:42:27,8.62,--,10,8620,卖盘
2586,09:42:24,8.62,--,69,59477,卖盘
2587,09:42:18,8.62,0.01,523,450825,买盘
2588,09:42:12,8.61,0.01,304,261743,买盘
2589,09:42:09,8.6,0.03,30,25800,买盘
2590,09:42:06,8.57,0.01,154,131978,买盘
2591,09:42:03,8.56,--,10,8560,卖盘
2592,09:42:00,8.56,-0.07,146,124976,卖盘
2593,09:41:57,8.63,0.07,2025,1747575,买盘
2594,09:41:54,8.56,--,100,85600,买盘
2595,09:41:51,8.56,--,150,128400,买盘
2596,09:41:48,8.56,--,237,202872,买盘
2597,09:41:45,8.56,--,217,185752,买盘
2598,09:41:42,8.56,-0.01,530,453680,卖盘
2599,09:41:39,8.57,-0.01,299,256243,买盘
2600,09:41:36,8.58,0.01,259,222222,买盘
2601,09:41:33,8.57,-0.01,30,25710,中性盘
2602,09:41:30,8.58,0.01,131,112398,买盘
2603,09:41:24,8.57,--,212,181684,买盘
2604,09:41:21,8.57,0.02,64,54848,买盘
2605,09:41:18,8.55,-0.02,75,64125,卖盘
2606,09:41:12,8.57,0.02,110,94270,买盘
2607,09:41:09,8.55,-0.02,90,76950,卖盘
2608,09:41:06,8.57,0.02,240,205680,买盘
2609,09:41:03,8.55,--,393,336015,买盘
2610,09:41:00,8.55,--,52,44460,买盘
2611,09:40:57,8.55,--,19,16245,买盘
2612,09:40:54,8.55,--,144,123120,买盘
2613,09:40:51,8.55,0.01,73,62415,买盘
2614,09:40:45,8.54,-0.01,2,1707,卖盘
2615,09:40:42,8.55,0.01,11,9405,买盘
2616,09:40:39,8.54,0.01,198,169091,买盘
2617,09:40:36,8.53,--,268,228603,卖盘
2618,09:40:33,8.53,--,39,33267,卖盘
2619,09:40:30,8.53,0.01,432,368496,买盘
2620,09:40:27,8.52,--,117,99684,卖盘
2621,09:40:24,8.52,-0.01,165,140580,卖盘
2622,09:40:21,8.53,0.01,6,5118,买盘
2623,09:40:18,8.52,--,94,80088,买盘
2624,09:40:15,8.52,--,31,26412,买盘
2625,09:40:12,8.52,--,235,200220,买盘
2626,09:40:06,8.52,0.01,22,18744,买盘
2627,09:40:03,8.51,--,43,36593,卖盘
2628,09:39:57,8.51,--,74,62974,买盘
2629,09:39:54,8.51,0.01,20,17020,买盘
2630,09:39:51,8.5,-0.01,10,8500,卖盘
2631,09:39:48,8.51,0.01,14,11914,买盘
2632,09:39:45,8.5,--,103,87550,卖盘
2633,09:39:42,8.5,--,13,11050,卖盘
2634,09:39:39,8.5,0.01,481,408850,买盘
2635,09:39:36,8.49,-0.01,20,16980,卖盘
2636,09:39:33,8.5,0.01,10,8500,买盘
2637,09:39:30,8.49,--,5,4245,卖盘
2638,09:39:27,8.49,-0.01,124,105276,卖盘
2639,09:39:24,8.5,--,20,17000,买盘
2640,09:39:18,8.5,--,131,111350,买盘
2641,09:39:12,8.5,-0.01,949,806650,卖盘
2642,09:39:09,8.51,0.01,12,10212,买盘
2643,09:39:03,8.5,--,146,124100,卖盘
2644,09:38:57,8.5,-0.01,230,195500,卖盘
2645,09:38:54,8.51,0.01,127,108077,买盘
2646,09:38:51,8.5,--,139,118150,买盘
2647,09:38:48,8.5,--,227,192950,买盘
2648,09:38:45,8.5,-0.01,62,52700,卖盘
2649,09:38:42,8.51,0.01,8,6808,买盘
2650,09:38:39,8.5,--,48,40800,买盘
2651,09:38:36,8.5,-0.01,184,156400,卖盘
2652,09:38:33,8.51,--,226,192326,卖盘
2653,09:38:30,8.51,--,30,25530,卖盘
2654,09:38:27,8.51,--,20,17020,卖盘
2655,09:38:24,8.51,--,262,222962,买盘
2656,09:38:21,8.51,--,9,7659,买盘
2657,09:38:18,8.51,0.01,26,22126,买盘
2658,09:38:15,8.5,-0.02,122,103700,卖盘
2659,09:38:09,8.52,0.01,217,184884,买盘
2660,09:38:06,8.51,0.01,377,320827,买盘
2661,09:38:03,8.5,-0.01,156,132600,卖盘
2662,09:38:00,8.51,-0.01,142,120842,卖盘
2663,09:37:57,8.52,0.01,59,50268,买盘
2664,09:37:51,8.51,--,480,408480,卖盘
2665,09:37:45,8.51,-0.01,259,220409,卖盘
2666,09:37:42,8.52,0.01,150,127800,买盘
2667,09:37:39,8.51,--,80,68080,卖盘
2668,09:37:36,8.51,--,19,16169,卖盘
2669,09:37:30,8.51,--,19,16169,卖盘
2670,09:37:27,8.51,0.01,189,160839,买盘
2671,09:37:24,8.5,-0.01,1991,1692350,卖盘
2672,09:37:21,8.51,-0.01,17,14467,卖盘
2673,09:37:18,8.52,0.01,8,6816,买盘
2674,09:37:15,8.51,-0.01,378,321678,卖盘
2675,09:37:09,8.52,--,2,1704,买盘
2676,09:37:06,8.52,-0.01,140,119280,卖盘
2677,09:37:03,8.53,--,63,53738,买盘
2678,09:37:00,8.53,--,145,123684,买盘
2679,09:36:57,8.53,0.01,85,72505,买盘
2680,09:36:54,8.52,-0.01,5,4260,卖盘
2681,09:36:51,8.53,0.01,154,131362,买盘
2682,09:36:42,8.52,-0.01,48,40896,卖盘
2683,09:36:39,8.53,0.01,295,251634,买盘
2684,09:36:33,8.52,-0.01,160,136320,卖盘
2685,09:36:30,8.53,--,113,96389,买盘
2686,09:36:27,8.53,--,2,1705,买盘
2687,09:36:24,8.53,0.01,35,29854,买盘
2688,09:36:21,8.52,-0.01,15,12780,卖盘
2689,09:36:18,8.53,-0.01,232,197895,卖盘
2690,09:36:15,8.54,0.01,3,2561,买盘
2691,09:36:12,8.53,--,197,168041,卖盘
2692,09:36:09,8.53,-0.01,22,18766,卖盘
2693,09:36:06,8.54,0.01,19,16225,买盘
2694,09:36:03,8.53,--,90,76770,买盘
2695,09:36:00,8.53,0.01,288,245663,买盘
2696,09:35:57,8.52,--,32,27264,买盘
2697,09:35:54,8.52,-0.01,76,64752,卖盘
2698,09:35:48,8.53,0.01,96,81888,买盘
2699,09:35:45,8.52,0.01,174,148248,买盘
2700,09:35:42,8.51,-0.01,207,176157,卖盘
2701,09:35:36,8.52,0.01,38,32376,买盘
2702,09:35:30,8.51,0.01,136,115736,买盘
2703,09:35:21,8.5,--,413,351050,买盘
2704,09:35:18,8.5,--,59,50150,买盘
2705,09:35:15,8.5,0.01,16,13600,买盘
2706,09:35:09,8.49,--,85,72165,买盘
2707,09:35:06,8.49,--,117,99333,买盘
2708,09:35:03,8.49,--,1,849,买盘
2709,09:35:00,8.49,0.01,187,158763,买盘
2710,09:34:57,8.48,-0.01,101,85648,卖盘
2711,09:34:54,8.49,0.01,50,42450,买盘
2712,09:34:51,8.48,-0.01,60,50880,卖盘
2713,09:34:48,8.49,0.01,381,323469,买盘
2714,09:34:45,8.48,--,662,561376,买盘
2715,09:34:42,8.48,0.01,22,18656,买盘
2716,09:34:39,8.47,--,153,129591,卖盘
2717,09:34:36,8.47,--,1,847,卖盘
2718,09:34:33,8.47,--,38,32609,卖盘
2719,09:34:27,8.47,--,46,38962,卖盘
2720,09:34:24,8.47,0.01,258,218526,买盘
2721,09:34:21,8.46,--,40,33840,卖盘
2722,09:34:18,8.46,-0.01,37,31302,卖盘
2723,09:34:15,8.47,--,246,208362,买盘
2724,09:34:12,8.47,--,54,45738,买盘
2725,09:34:09,8.47,--,18,15246,买盘
2726,09:34:06,8.47,0.01,13,11011,买盘
2727,09:34:03,8.46,--,66,55836,卖盘
2728,09:34:00,8.46,--,284,240264,卖盘
2729,09:33:57,8.46,-0.01,70,59220,卖盘
2730,09:33:54,8.47,0.01,185,156695,买盘
2731,09:33:51,8.46,--,466,394236,卖盘
2732,09:33:48,8.46,--,46,38916,卖盘
2733,09:33:45,8.46,--,50,42300,卖盘
2734,09:33:42,8.46,-0.01,10,8460,卖盘
2735,09:33:39,8.47,0.02,152,128744,买盘
2736,09:33:36,8.45,-0.01,876,740219,卖盘
2737,09:33:33,8.46,--,20,16920,卖盘
2738,09:33:30,8.46,--,1050,889036,买盘
2739,09:33:24,8.46,--,71,60066,买盘
2740,09:33:18,8.46,0.01,90,76140,买盘
2741,09:33:15,8.45,-0.01,107,90524,卖盘
2742,09:33:12,8.46,-0.01,133,113254,卖盘
2743,09:33:09,8.47,0.01,175,148225,买盘
2744,09:33:06,8.46,--,61,51606,卖盘
2745,09:33:03,8.46,-0.01,51,43146,卖盘
2746,09:33:00,8.47,0.02,26,22022,买盘
2747,09:32:54,8.45,-0.02,40,33800,卖盘
2748,09:32:51,8.47,--,35,29645,卖盘
2749,09:32:48,8.47,0.01,42,35574,买盘
2750,09:32:42,8.46,-0.01,609,515214,中性盘
2751,09:32:39,8.47,--,104,88088,买盘
2752,09:32:36,8.47,--,918,777546,买盘
2753,09:32:33,8.47,--,25,21175,买盘
2754,09:32:30,8.47,0.01,87,73689,买盘
2755,09:32:27,8.46,-0.01,43,36378,卖盘
2756,09:32:24,8.47,--,121,102487,买盘
2757,09:32:21,8.47,-0.01,35,29645,卖盘
2758,09:32:12,8.48,0.01,318,269664,买盘
2759,09:32:09,8.47,0.01,29,24563,买盘
2760,09:32:06,8.46,-0.02,150,126900,卖盘
2761,09:32:03,8.48,0.01,25,21200,买盘
2762,09:32:00,8.47,--,20,16940,卖盘
2763,09:31:57,8.47,--,7,5929,卖盘
2764,09:31:51,8.47,--,75,63525,卖盘
2765,09:31:48,8.47,0.01,130,110110,中性盘
2766,09:31:45,8.46,-0.01,393,332478,卖盘
2767,09:31:39,8.47,--,245,207515,买盘
2768,09:31:36,8.47,-0.01,43,36421,卖盘
2769,09:31:33,8.48,0.01,121,102608,买盘
2770,09:31:30,8.47,--,166,140602,卖盘
2771,09:31:27,8.47,-0.01,157,132979,卖盘
2772,09:31:24,8.48,--,498,422304,买盘
2773,09:31:21,8.48,--,485,411280,买盘
2774,09:31:15,8.48,--,94,79712,买盘
2775,09:31:12,8.48,--,100,84800,买盘
2776,09:31:09,8.48,--,69,58512,买盘
2777,09:31:03,8.48,--,68,57664,卖盘
2778,09:31:00,8.48,--,152,128896,卖盘
2779,09:30:57,8.48,-0.01,41,34768,卖盘
2780,09:30:54,8.49,--,120,101880,买盘
2781,09:30:51,8.49,0.01,146,123954,买盘
2782,09:30:45,8.48,--,33,27984,卖盘
2783,09:30:42,8.48,0.01,74,62752,中性盘
2784,09:30:39,8.47,--,271,229537,卖盘
2785,09:30:33,8.47,--,165,139755,买盘
2786,09:30:30,8.47,--,27,22869,买盘
2787,09:30:27,8.47,--,142,120274,买盘
2788,09:30:21,8.47,--,100,84700,买盘
2789,09:30:18,8.47,0.01,6,5082,买盘
2790,09:30:09,8.46,0.01,2661,2251206,买盘
2791,09:30:03,8.45,0.02,50,42250,买盘
2792,09:25:24,8.43,--,0,0,卖盘
2793,09:25:03,8.43,8.43,839,707277,买盘
