,time,price,change,volume,amount,type
0,15:00:20,5.15,-0.01,1799,926897,买盘
1,14:58:53,5.16,--,0,0,买盘
2,14:56:59,5.16,0.01,35,18060,买盘
3,14:56:56,5.15,--,51,26265,卖盘
4,14:56:53,5.15,--,3,1545,卖盘
5,14:56:47,5.15,-0.01,70,36050,卖盘
6,14:56:41,5.16,0.01,73,37668,买盘
7,14:56:38,5.15,0.01,165,84975,买盘
8,14:56:35,5.14,-0.01,6,3084,卖盘
9,14:56:32,5.15,--,57,29355,卖盘
10,14:56:29,5.15,-0.01,3,1545,买盘
11,14:56:26,5.16,0.01,78,40248,买盘
12,14:56:20,5.15,--,15,7725,卖盘
13,14:56:17,5.15,-0.01,46,23690,中性盘
14,14:56:11,5.16,0.01,581,299796,买盘
15,14:56:02,5.15,--,72,37183,买盘
16,14:55:56,5.15,--,56,28840,买盘
17,14:55:53,5.15,-0.01,528,272012,卖盘
18,14:55:50,5.16,0.01,59,30444,买盘
19,14:55:47,5.15,-0.01,6,3090,卖盘
20,14:55:44,5.16,--,155,79980,买盘
21,14:55:38,5.16,--,262,135687,卖盘
22,14:55:32,5.16,--,56,28896,卖盘
23,14:55:29,5.16,--,89,45924,卖盘
24,14:55:26,5.16,--,40,20640,卖盘
25,14:55:23,5.16,--,39,20124,卖盘
26,14:55:20,5.16,--,98,50588,卖盘
27,14:55:17,5.16,-0.01,3,1548,卖盘
28,14:55:11,5.17,0.01,74,38258,买盘
29,14:55:08,5.16,--,69,35604,买盘
30,14:55:05,5.16,--,72,37244,买盘
31,14:55:02,5.16,0.01,1,516,买盘
32,14:54:59,5.15,-0.01,1,515,卖盘
33,14:54:56,5.16,0.01,48,24768,买盘
34,14:54:53,5.15,-0.01,28,14420,卖盘
35,14:54:47,5.16,--,10,5160,卖盘
36,14:54:38,5.16,--,101,52116,卖盘
37,14:54:32,5.16,--,1529,788964,买盘
38,14:54:26,5.16,0.01,102,52632,买盘
39,14:54:23,5.15,-0.01,30,15450,卖盘
40,14:54:14,5.16,0.01,12,6192,买盘
41,14:54:11,5.15,--,15,7725,卖盘
42,14:54:02,5.15,-0.01,41,21115,卖盘
43,14:53:59,5.16,0.01,101,52116,买盘
44,14:53:56,5.15,--,254,130810,卖盘
45,14:53:47,5.15,--,2,1030,卖盘
46,14:53:44,5.15,-0.01,22,11330,卖盘
47,14:53:41,5.16,0.01,37,19092,买盘
48,14:53:29,5.15,--,5,2575,卖盘
49,14:53:23,5.15,-0.01,1,515,卖盘
50,14:53:17,5.16,0.01,49,25284,买盘
51,14:53:08,5.15,--,170,87550,卖盘
52,14:52:59,5.15,--,84,43260,卖盘
53,14:52:53,5.15,--,45,23175,卖盘
54,14:52:47,5.15,-0.01,156,80340,卖盘
55,14:52:44,5.16,--,83,42828,买盘
56,14:52:38,5.16,--,4,2064,买盘
57,14:52:32,5.16,0.01,20,10320,买盘
58,14:52:29,5.15,-0.01,85,43775,卖盘
59,14:52:26,5.16,--,495,255420,买盘
60,14:52:20,5.16,--,39,20124,买盘
61,14:51:59,5.16,0.01,306,157896,买盘
62,14:51:56,5.15,--,8,4120,卖盘
63,14:51:50,5.15,--,3,1545,卖盘
64,14:51:47,5.15,-0.01,10,5150,卖盘
65,14:51:38,5.16,0.01,69,35604,买盘
66,14:51:32,5.15,-0.01,110,56650,卖盘
67,14:51:26,5.16,0.01,163,84108,买盘
68,14:51:23,5.15,-0.01,24,12360,卖盘
69,14:51:20,5.16,--,310,159960,买盘
70,14:51:14,5.16,--,100,51600,买盘
71,14:51:11,5.16,0.01,55,28380,买盘
72,14:51:08,5.15,--,21,10815,卖盘
73,14:50:56,5.15,--,30,15450,卖盘
74,14:50:53,5.15,--,172,88580,卖盘
75,14:50:50,5.15,--,89,45835,卖盘
76,14:50:44,5.15,-0.01,14,7210,卖盘
77,14:50:41,5.16,0.01,55,28380,买盘
78,14:50:38,5.15,--,100,51500,卖盘
79,14:50:32,5.15,--,1,515,卖盘
80,14:50:29,5.15,--,42,21630,卖盘
81,14:50:26,5.15,--,354,182310,卖盘
82,14:50:23,5.15,--,15,7725,卖盘
83,14:50:17,5.15,-0.01,67,34505,卖盘
84,14:50:14,5.16,0.01,431,222396,买盘
85,14:50:11,5.15,-0.01,93,47895,卖盘
86,14:50:05,5.16,0.01,11,5676,买盘
87,14:49:56,5.15,-0.01,20,10300,卖盘
88,14:49:47,5.16,--,429,221364,卖盘
89,14:49:44,5.16,--,11,5676,卖盘
90,14:49:41,5.16,--,85,43860,买盘
91,14:49:38,5.16,0.01,20,10320,买盘
92,14:49:32,5.15,-0.02,10,5150,卖盘
93,14:49:26,5.17,0.01,204,105468,买盘
94,14:49:14,5.16,--,2,1032,卖盘
95,14:49:11,5.16,--,2504,1292064,卖盘
96,14:48:59,5.16,--,11,5676,卖盘
97,14:48:53,5.16,-0.01,2,1032,卖盘
98,14:48:50,5.17,0.01,282,145794,买盘
99,14:48:47,5.16,--,8,4128,卖盘
100,14:48:23,5.16,--,8,4128,卖盘
101,14:48:14,5.16,-0.01,71,36636,卖盘
102,14:48:07,5.17,--,1,517,买盘
103,14:47:58,5.17,--,21,10857,买盘
104,14:47:49,5.17,0.01,102,52734,买盘
105,14:47:43,5.16,-0.01,32,16512,卖盘
106,14:47:40,5.17,0.01,19,9823,买盘
107,14:47:25,5.16,--,41,21156,卖盘
108,14:47:22,5.16,--,316,163056,买盘
109,14:47:16,5.16,--,100,51600,买盘
110,14:47:13,5.16,--,22,11352,买盘
111,14:47:07,5.16,--,39,20124,卖盘
112,14:46:58,5.16,0.01,152,78432,买盘
113,14:46:49,5.15,--,2,1030,卖盘
114,14:46:46,5.15,-0.02,68,35020,卖盘
115,14:46:40,5.17,0.02,1310,677270,买盘
116,14:46:34,5.15,-0.01,1,515,卖盘
117,14:46:28,5.16,--,1,516,买盘
118,14:46:16,5.16,--,8,4128,卖盘
119,14:46:10,5.16,--,5,2580,卖盘
120,14:46:07,5.16,-0.01,45,23220,买盘
121,14:45:58,5.17,--,775,400675,买盘
122,14:45:55,5.17,0.01,33,17061,买盘
123,14:45:52,5.16,0.01,26,13416,买盘
124,14:45:46,5.15,--,43,22546,卖盘
125,14:45:43,5.15,-0.02,24,12360,卖盘
126,14:45:28,5.17,0.01,32,16544,买盘
127,14:45:22,5.16,-0.01,1,516,卖盘
128,14:45:10,5.17,0.01,718,371206,买盘
129,14:45:04,5.16,-0.01,4,2064,中性盘
130,14:44:55,5.17,0.01,4,2068,买盘
131,14:44:49,5.16,-0.01,21,10836,卖盘
132,14:44:40,5.17,0.01,151,78067,买盘
133,14:44:28,5.16,--,88,45408,卖盘
134,14:44:25,5.16,--,429,221364,买盘
135,14:44:19,5.16,--,423,218268,买盘
136,14:44:13,5.16,0.01,69,35604,买盘
137,14:44:10,5.15,--,186,95790,卖盘
138,14:44:01,5.15,--,100,51500,卖盘
139,14:43:58,5.15,--,20,10300,卖盘
140,14:43:46,5.15,--,15,7725,卖盘
141,14:43:43,5.15,-0.01,1,515,卖盘
142,14:43:40,5.16,0.01,1198,618168,买盘
143,14:43:31,5.15,--,73,37595,卖盘
144,14:43:28,5.15,--,439,226085,卖盘
145,14:43:25,5.15,--,113,58637,买盘
146,14:43:22,5.15,--,13,6695,买盘
147,14:43:19,5.15,--,31,15965,买盘
148,14:43:16,5.15,--,3,1545,买盘
149,14:43:13,5.15,0.01,60,30900,买盘
150,14:43:10,5.14,-0.01,93,47802,卖盘
151,14:43:07,5.15,--,1930,993950,买盘
152,14:43:04,5.15,--,29,14935,买盘
153,14:43:01,5.15,0.01,59,30385,买盘
154,14:42:43,5.14,--,64,32896,卖盘
155,14:42:37,5.14,--,1000,513999,卖盘
156,14:42:28,5.14,0.01,248,127471,买盘
157,14:42:25,5.13,--,25,12825,卖盘
158,14:42:22,5.13,-0.01,1,513,卖盘
159,14:42:16,5.14,--,10,5140,买盘
160,14:42:13,5.14,--,296,152144,卖盘
161,14:42:04,5.14,--,434,223076,买盘
162,14:41:52,5.14,--,60,30839,买盘
163,14:41:43,5.14,--,107,54998,卖盘
164,14:41:40,5.14,--,50,25700,买盘
165,14:41:31,5.14,0.01,1007,517597,买盘
166,14:41:22,5.13,--,270,138510,卖盘
167,14:41:19,5.13,-0.01,20,10260,卖盘
168,14:41:13,5.14,0.01,11,5654,买盘
169,14:40:55,5.13,-0.01,50,25650,卖盘
170,14:40:49,5.14,0.01,11,5654,买盘
171,14:40:43,5.13,--,10,5130,卖盘
172,14:40:34,5.13,0.01,14,7182,中性盘
173,14:40:13,5.12,-0.02,9,4608,卖盘
174,14:40:10,5.14,0.01,197,101258,买盘
175,14:40:07,5.13,--,100,51300,买盘
176,14:40:01,5.13,--,249,127737,买盘
177,14:39:58,5.13,--,1,513,买盘
178,14:39:46,5.13,--,304,155952,买盘
179,14:39:40,5.13,0.01,2,1026,买盘
180,14:39:37,5.12,-0.01,300,153600,卖盘
181,14:39:22,5.13,0.01,20,10260,买盘
182,14:39:13,5.12,--,5,2560,卖盘
183,14:38:55,5.12,--,5,2560,卖盘
184,14:38:46,5.12,-0.01,264,135168,卖盘
185,14:38:34,5.13,--,5,2565,买盘
186,14:38:31,5.13,--,24,12312,买盘
187,14:38:13,5.13,--,10,5130,买盘
188,14:38:10,5.13,0.01,17,8721,买盘
189,14:37:52,5.12,-0.01,37,18944,卖盘
190,14:37:43,5.13,--,10,5130,买盘
191,14:37:40,5.13,0.01,83,42579,买盘
192,14:37:34,5.12,--,5,2560,卖盘
193,14:37:25,5.12,--,3,1536,卖盘
194,14:37:16,5.12,-0.01,2,1024,卖盘
195,14:37:04,5.13,0.01,40,20520,买盘
196,14:37:01,5.12,-0.01,22,11264,卖盘
197,14:36:55,5.13,--,10,5130,买盘
198,14:36:40,5.13,--,303,155439,卖盘
199,14:36:34,5.13,-0.01,1,513,卖盘
200,14:36:31,5.14,0.01,25,12850,买盘
201,14:36:16,5.13,--,2,1026,卖盘
202,14:36:13,5.13,-0.01,61,31293,卖盘
203,14:36:10,5.14,--,42,21588,买盘
204,14:36:04,5.14,--,454,233356,买盘
205,14:35:40,5.14,0.01,3,1542,买盘
206,14:35:28,5.13,--,10,5130,卖盘
207,14:35:25,5.13,-0.01,30,15390,卖盘
208,14:35:16,5.14,0.01,5,2570,买盘
209,14:35:07,5.13,--,35,17955,卖盘
210,14:35:01,5.13,--,41,21033,卖盘
211,14:34:58,5.13,-0.01,16,8208,卖盘
212,14:34:40,5.14,0.02,500,256999,买盘
213,14:34:28,5.12,--,6,3072,卖盘
214,14:34:22,5.12,--,190,97587,卖盘
215,14:34:19,5.12,-0.01,287,147374,卖盘
216,14:34:16,5.13,-0.01,20,10260,卖盘
217,14:34:13,5.14,--,20,10280,买盘
218,14:34:07,5.14,0.01,84,43176,买盘
219,14:33:58,5.13,-0.01,10,5130,卖盘
220,14:33:52,5.14,0.01,3,1542,买盘
221,14:33:37,5.13,--,65,33345,卖盘
222,14:33:31,5.13,--,2,1026,卖盘
223,14:33:28,5.13,--,2,1026,卖盘
224,14:33:25,5.13,--,7,3591,卖盘
225,14:33:22,5.13,0.01,38,19791,买盘
226,14:33:19,5.12,-0.01,14,7168,卖盘
227,14:33:16,5.13,0.01,10,5130,买盘
228,14:33:13,5.12,-0.01,70,35840,卖盘
229,14:33:10,5.13,0.01,175,89775,买盘
230,14:32:52,5.12,-0.01,27,13824,卖盘
231,14:32:49,5.13,0.01,83,42579,买盘
232,14:32:43,5.12,-0.01,21,10752,卖盘
233,14:32:40,5.13,0.01,10,5130,买盘
234,14:32:31,5.12,-0.01,61,31232,卖盘
235,14:32:28,5.13,0.01,44,22572,买盘
236,14:32:22,5.12,--,105,53760,卖盘
237,14:32:10,5.12,--,21,10752,卖盘
238,14:31:55,5.12,-0.01,512,262144,卖盘
239,14:31:52,5.13,--,100,51300,买盘
240,14:31:46,5.13,--,5,2565,买盘
241,14:31:40,5.13,0.01,1,513,买盘
242,14:31:34,5.12,-0.01,10,5120,卖盘
243,14:31:28,5.13,--,312,160056,买盘
244,14:31:22,5.13,0.01,5,2565,买盘
245,14:31:13,5.12,--,31,15872,卖盘
246,14:31:07,5.12,-0.01,13,6656,卖盘
247,14:30:52,5.13,0.01,19,9747,买盘
248,14:30:49,5.12,--,600,307200,卖盘
249,14:30:46,5.12,--,2,1024,卖盘
250,14:30:40,5.12,-0.01,10,5120,卖盘
251,14:30:28,5.13,--,12,6156,买盘
252,14:30:16,5.13,0.01,300,153900,买盘
253,14:30:13,5.12,--,56,28672,卖盘
254,14:30:07,5.12,--,10,5120,卖盘
255,14:30:04,5.12,--,3,1536,卖盘
256,14:30:01,5.12,--,11,5632,卖盘
257,14:29:52,5.12,-0.01,259,132608,卖盘
258,14:29:46,5.13,0.01,3,1539,买盘
259,14:29:34,5.12,-0.01,65,33280,卖盘
260,14:29:19,5.13,0.01,100,51300,买盘
261,14:29:13,5.12,-0.01,11,5632,卖盘
262,14:29:10,5.13,--,20,10260,买盘
263,14:29:01,5.13,--,2,1026,买盘
264,14:28:55,5.13,--,73,37449,卖盘
265,14:28:49,5.13,--,1,513,卖盘
266,14:28:36,5.13,--,11,5643,卖盘
267,14:28:30,5.13,--,12,6156,卖盘
268,14:28:27,5.13,0.01,177,90801,买盘
269,14:28:24,5.12,-0.01,3,1536,卖盘
270,14:28:18,5.13,0.01,9,4617,买盘
271,14:28:12,5.12,-0.01,1,512,卖盘
272,14:28:09,5.13,0.01,40,20520,买盘
273,14:28:03,5.12,--,5,2560,卖盘
274,14:27:57,5.12,--,20,10240,卖盘
275,14:27:54,5.12,--,6,3072,卖盘
276,14:27:45,5.12,--,510,261120,卖盘
277,14:27:27,5.12,--,1,512,卖盘
278,14:27:18,5.12,--,3,1536,卖盘
279,14:27:12,5.12,--,80,40960,卖盘
280,14:27:03,5.12,--,16,8192,卖盘
281,14:26:48,5.12,-0.01,200,102400,卖盘
282,14:26:36,5.13,--,6,3078,卖盘
283,14:26:30,5.13,--,23,11799,卖盘
284,14:26:24,5.13,--,666,341658,卖盘
285,14:26:18,5.13,--,59,30267,卖盘
286,14:26:12,5.13,--,2,1026,卖盘
287,14:26:00,5.13,--,31,15903,卖盘
288,14:25:57,5.13,-0.01,66,33858,卖盘
289,14:25:45,5.14,0.01,46,23644,买盘
290,14:25:36,5.13,-0.01,40,20520,卖盘
291,14:25:30,5.14,0.01,5,2570,买盘
292,14:25:27,5.13,-0.01,2,1026,卖盘
293,14:25:15,5.14,--,896,460544,卖盘
294,14:24:54,5.14,-0.01,152,78128,卖盘
295,14:24:51,5.15,0.01,20,10300,买盘
296,14:24:36,5.14,--,113,58082,卖盘
297,14:24:30,5.14,-0.01,10,5140,卖盘
298,14:24:27,5.15,0.01,39,20085,买盘
299,14:24:09,5.14,--,1,514,卖盘
300,14:24:06,5.14,--,53,27242,卖盘
301,14:24:00,5.14,--,10,5140,卖盘
302,14:23:54,5.14,--,2,1028,卖盘
303,14:23:45,5.14,--,34,17476,卖盘
304,14:23:42,5.14,--,45,23130,卖盘
305,14:23:09,5.14,--,40,20560,卖盘
306,14:23:03,5.14,--,80,41120,卖盘
307,14:22:39,5.14,--,20,10280,卖盘
308,14:22:27,5.14,--,1,514,卖盘
309,14:22:12,5.14,-0.01,10,5140,卖盘
310,14:22:09,5.15,0.01,20,10300,买盘
311,14:22:00,5.14,--,5,2570,卖盘
312,14:21:57,5.14,--,10,5140,卖盘
313,14:21:54,5.14,--,10,5140,卖盘
314,14:21:48,5.14,--,80,41120,卖盘
315,14:21:42,5.14,-0.01,50,25700,卖盘
316,14:21:39,5.15,0.01,1,515,买盘
317,14:21:36,5.14,--,6,3084,卖盘
318,14:21:30,5.14,--,39,20046,卖盘
319,14:21:27,5.14,0.01,44,22616,买盘
320,14:21:24,5.13,--,100,51300,卖盘
321,14:21:21,5.13,--,44,22572,卖盘
322,14:21:03,5.13,--,41,21033,卖盘
323,14:21:00,5.13,-0.01,48,24624,卖盘
324,14:20:54,5.14,0.01,56,28784,买盘
325,14:20:51,5.13,-0.01,176,90288,卖盘
326,14:20:48,5.14,--,130,66820,买盘
327,14:20:45,5.14,0.01,3,1542,买盘
328,14:20:39,5.13,--,22,11286,卖盘
329,14:20:33,5.13,-0.01,50,25650,卖盘
330,14:20:30,5.14,0.01,4,2056,买盘
331,14:20:27,5.13,-0.01,2,1026,卖盘
332,14:20:21,5.14,--,35,17990,买盘
333,14:20:03,5.14,--,4,2056,买盘
334,14:20:00,5.14,--,94,48316,买盘
335,14:19:36,5.14,0.01,28,14392,买盘
336,14:19:33,5.13,--,2,1026,卖盘
337,14:19:18,5.13,--,10,5130,卖盘
338,14:19:00,5.13,-0.01,151,77463,卖盘
339,14:18:51,5.14,0.01,338,173732,买盘
340,14:18:48,5.13,-0.01,502,257526,卖盘
341,14:18:42,5.14,0.01,59,30325,买盘
342,14:18:36,5.13,--,475,243675,卖盘
343,14:18:24,5.13,-0.01,42,21546,卖盘
344,14:18:21,5.14,0.01,185,95090,买盘
345,14:18:12,5.13,-0.01,40,20520,卖盘
346,14:18:06,5.14,--,9,4626,买盘
347,14:17:48,5.14,--,230,118219,卖盘
348,14:17:42,5.14,--,15,7709,卖盘
349,14:17:30,5.14,-0.01,1000,513999,卖盘
350,14:17:27,5.15,0.01,84,43260,买盘
351,14:17:24,5.14,--,20,10280,卖盘
352,14:17:09,5.14,--,5,2570,卖盘
353,14:16:57,5.14,--,20,10280,卖盘
354,14:16:54,5.14,-0.01,4,2056,卖盘
355,14:16:45,5.15,0.01,1,515,买盘
356,14:16:42,5.14,--,22,11308,卖盘
357,14:16:18,5.14,-0.01,51,26214,卖盘
358,14:16:12,5.15,0.01,84,43260,买盘
359,14:16:09,5.14,--,7,3598,卖盘
360,14:16:06,5.14,--,9,4626,卖盘
361,14:15:36,5.14,--,105,53970,卖盘
362,14:15:30,5.14,-0.01,9,4626,卖盘
363,14:15:24,5.15,0.01,10,5150,买盘
364,14:15:09,5.14,--,608,312512,卖盘
365,14:15:06,5.14,--,31,15933,卖盘
366,14:14:57,5.14,--,5,2570,卖盘
367,14:14:42,5.14,--,77,39578,卖盘
368,14:14:30,5.14,--,20,10280,卖盘
369,14:14:24,5.14,--,12,6168,卖盘
370,14:14:06,5.14,--,10,5140,卖盘
371,14:13:51,5.14,-0.01,9,4626,卖盘
372,14:13:48,5.15,0.01,59,30385,买盘
373,14:13:36,5.14,--,100,51400,卖盘
374,14:13:30,5.14,-0.01,20,10280,卖盘
375,14:13:15,5.15,--,10,5150,买盘
376,14:12:57,5.15,0.01,200,103000,买盘
377,14:12:54,5.14,-0.01,1,514,卖盘
378,14:12:51,5.15,--,10,5150,买盘
379,14:12:42,5.15,0.01,14,7210,买盘
380,14:12:36,5.14,-0.01,14,7196,卖盘
381,14:12:12,5.15,0.01,200,103000,买盘
382,14:12:09,5.14,-0.01,3,1542,卖盘
383,14:11:51,5.15,--,18,9270,买盘
384,14:11:18,5.15,0.01,8,4120,买盘
385,14:11:15,5.14,--,20,10280,卖盘
386,14:11:12,5.14,-0.01,41,21074,卖盘
387,14:11:09,5.15,0.01,36,18540,买盘
388,14:11:06,5.14,--,186,95604,卖盘
389,14:11:03,5.14,--,8,4112,卖盘
390,14:11:00,5.14,--,55,28270,卖盘
391,14:10:57,5.14,--,8,4112,卖盘
392,14:10:33,5.14,--,18,9252,卖盘
393,14:10:15,5.14,-0.01,12,6168,卖盘
394,14:10:06,5.15,--,68,35020,买盘
395,14:09:35,5.15,0.01,31,15965,买盘
396,14:09:29,5.14,--,33,16962,卖盘
397,14:09:14,5.14,--,100,51400,卖盘
398,14:09:11,5.14,-0.01,15,7709,卖盘
399,14:09:08,5.15,0.01,50,25750,买盘
400,14:08:59,5.14,--,100,51400,卖盘
401,14:08:44,5.14,--,26,13364,卖盘
402,14:08:35,5.14,--,1,514,卖盘
403,14:08:32,5.14,--,10,5140,卖盘
404,14:08:29,5.14,--,5,2570,卖盘
405,14:08:17,5.14,--,25,12850,卖盘
406,14:08:02,5.14,--,58,29811,卖盘
407,14:07:50,5.14,--,6,3084,卖盘
408,14:07:44,5.14,-0.01,1,514,卖盘
409,14:07:38,5.15,0.01,16,8240,买盘
410,14:07:35,5.14,--,33,16962,卖盘
411,14:07:29,5.14,-0.01,2,1028,卖盘
412,14:07:26,5.15,0.01,5,2575,买盘
413,14:07:23,5.14,--,20,10280,卖盘
414,14:07:20,5.14,-0.01,67,34438,卖盘
415,14:07:08,5.15,--,3,1545,买盘
416,14:07:05,5.15,--,32,16552,卖盘
417,14:06:59,5.15,--,200,103000,卖盘
418,14:06:53,5.15,--,377,194155,卖盘
419,14:06:47,5.15,-0.01,3,1545,卖盘
420,14:06:44,5.16,0.01,17,8772,买盘
421,14:06:41,5.15,--,108,55620,卖盘
422,14:06:38,5.15,--,167,86005,卖盘
423,14:06:35,5.15,--,15,7725,卖盘
424,14:06:32,5.15,--,123,63345,卖盘
425,14:06:29,5.15,-0.01,1,515,卖盘
426,14:06:26,5.16,--,7,3612,买盘
427,14:06:23,5.16,0.01,1,516,买盘
428,14:06:17,5.15,--,21,11257,卖盘
429,14:06:14,5.15,--,10,5150,卖盘
430,14:06:08,5.15,-0.01,100,51500,卖盘
431,14:05:59,5.16,0.01,51,26316,买盘
432,14:05:41,5.15,--,134,69010,卖盘
433,14:05:35,5.15,--,5,2575,卖盘
434,14:05:29,5.15,-0.01,54,27810,卖盘
435,14:05:11,5.16,--,3,1548,买盘
436,14:05:08,5.16,--,747,385452,卖盘
437,14:04:53,5.16,--,40,20640,卖盘
438,14:04:50,5.16,-0.01,60,30960,卖盘
439,14:04:44,5.17,0.01,5,2585,买盘
440,14:04:41,5.16,--,35,18060,卖盘
441,14:04:29,5.16,--,78,40248,卖盘
442,14:04:26,5.16,--,3,1548,卖盘
443,14:04:05,5.16,-0.01,6,3096,卖盘
444,14:03:53,5.17,0.01,14,7238,买盘
445,14:03:38,5.16,--,6,3096,卖盘
446,14:03:05,5.16,0.01,4,2064,中性盘
447,14:02:59,5.15,-0.02,475,244625,卖盘
448,14:02:53,5.17,--,119,61523,买盘
449,14:02:29,5.17,0.01,65,33605,买盘
450,14:02:17,5.16,-0.01,10,5160,卖盘
451,14:01:59,5.17,--,119,61523,买盘
452,14:01:35,5.17,0.01,31,16027,买盘
453,14:01:26,5.16,--,6,3096,卖盘
454,14:01:20,5.16,-0.01,200,103200,卖盘
455,14:01:11,5.17,--,135,69795,买盘
456,13:59:56,5.17,0.01,108,55836,买盘
457,13:59:35,5.16,-0.01,44,22704,卖盘
458,13:58:44,5.17,0.01,10,5170,买盘
459,13:58:35,5.16,-0.01,50,25800,卖盘
460,13:58:32,5.17,0.01,1,517,买盘
461,13:58:29,5.16,--,31,15996,卖盘
462,13:58:26,5.16,--,10,5160,卖盘
463,13:58:08,5.16,--,10,5160,卖盘
464,13:57:41,5.16,--,649,334884,卖盘
465,13:57:26,5.16,--,10,5160,卖盘
466,13:57:23,5.16,--,30,15480,卖盘
467,13:57:14,5.16,--,403,207948,卖盘
468,13:56:56,5.16,--,6,3096,卖盘
469,13:56:44,5.16,--,2,1032,卖盘
470,13:56:38,5.16,--,50,25800,卖盘
471,13:56:23,5.16,--,44,22704,卖盘
472,13:56:08,5.16,-0.01,30,15480,卖盘
473,13:55:53,5.17,--,1192,616264,卖盘
474,13:55:47,5.17,--,1,517,卖盘
475,13:55:32,5.17,--,26,13442,卖盘
476,13:55:17,5.17,-0.01,179,92543,卖盘
477,13:54:35,5.18,0.01,13,6734,买盘
478,13:54:32,5.17,--,6,3102,卖盘
479,13:54:26,5.17,-0.01,9,4653,卖盘
480,13:53:59,5.18,--,1,518,买盘
481,13:53:38,5.18,--,456,236425,卖盘
482,13:53:35,5.18,-0.01,6,3108,卖盘
483,13:53:14,5.19,0.01,3,1557,买盘
484,13:53:11,5.18,--,71,36778,卖盘
485,13:53:05,5.18,--,6,3108,卖盘
486,13:53:02,5.18,--,5,2590,卖盘
487,13:52:53,5.18,--,10,5180,卖盘
488,13:52:50,5.18,--,23,11914,卖盘
489,13:52:47,5.18,-0.01,102,52836,卖盘
490,13:52:41,5.19,0.01,3,1557,买盘
491,13:52:35,5.18,--,30,15540,卖盘
492,13:52:29,5.18,--,2,1036,卖盘
493,13:52:26,5.18,--,1,518,卖盘
494,13:52:20,5.18,--,1,518,卖盘
495,13:52:17,5.18,--,771,399378,卖盘
496,13:52:05,5.18,--,16,8288,卖盘
497,13:51:52,5.18,--,7,3626,卖盘
498,13:51:46,5.18,--,9,4662,卖盘
499,13:51:43,5.18,--,50,25900,卖盘
500,13:51:40,5.18,--,5,2590,卖盘
501,13:51:37,5.18,--,2,1036,卖盘
502,13:51:28,5.18,--,10,5180,卖盘
503,13:51:22,5.18,--,5,2590,卖盘
504,13:51:13,5.18,--,5,2590,卖盘
505,13:51:04,5.18,--,53,27454,卖盘
506,13:50:49,5.18,--,307,159326,买盘
507,13:50:34,5.18,--,1,518,买盘
508,13:50:31,5.18,--,12,6216,买盘
509,13:50:13,5.18,--,251,130235,卖盘
510,13:50:01,5.18,--,73,37814,卖盘
511,13:49:43,5.18,--,1175,608950,买盘
512,13:49:40,5.18,--,55,28490,买盘
513,13:49:34,5.18,--,2,1036,买盘
514,13:49:28,5.18,--,18,9324,买盘
515,13:49:01,5.18,0.01,84,43512,买盘
516,13:48:58,5.17,--,1,517,卖盘
517,13:48:55,5.17,--,2,1034,卖盘
518,13:48:52,5.17,--,26,13442,卖盘
519,13:48:31,5.17,--,2,1034,卖盘
520,13:48:25,5.17,-0.01,1200,620400,卖盘
521,13:48:22,5.18,0.01,40,20720,买盘
522,13:48:16,5.17,--,5,2585,卖盘
523,13:48:13,5.17,--,1,517,卖盘
524,13:48:10,5.17,--,2,1034,卖盘
525,13:48:07,5.17,--,279,144243,卖盘
526,13:47:46,5.17,-0.01,10,5170,卖盘
527,13:47:40,5.18,0.01,60,31080,买盘
528,13:47:37,5.17,-0.01,250,129250,卖盘
529,13:47:28,5.18,--,2,1036,买盘
530,13:47:13,5.18,0.01,190,98420,买盘
531,13:47:10,5.17,--,337,174229,卖盘
532,13:47:04,5.17,-0.01,50,25850,卖盘
533,13:46:58,5.18,--,34,17612,买盘
534,13:46:55,5.18,--,26,13468,买盘
535,13:46:49,5.18,0.01,20,10360,买盘
536,13:46:46,5.17,-0.01,10,5170,卖盘
537,13:46:43,5.18,--,24,12432,买盘
538,13:46:40,5.18,--,20,10360,买盘
539,13:46:13,5.18,0.01,1000,518000,买盘
540,13:46:10,5.17,--,10,5170,卖盘
541,13:46:07,5.17,--,6,3102,卖盘
542,13:45:58,5.17,--,23,11891,卖盘
543,13:45:40,5.17,--,93,48463,买盘
544,13:45:37,5.17,--,1324,684508,买盘
545,13:45:34,5.17,--,3,1551,买盘
546,13:45:28,5.17,0.01,100,51700,买盘
547,13:45:10,5.16,--,5,2580,卖盘
548,13:44:28,5.16,--,4,2064,卖盘
549,13:44:07,5.16,--,155,79980,卖盘
550,13:43:19,5.16,--,18,9288,卖盘
551,13:43:13,5.16,--,230,118680,卖盘
552,13:43:07,5.16,--,2,1032,卖盘
553,13:43:01,5.16,--,1,516,卖盘
554,13:42:43,5.16,--,6,3096,卖盘
555,13:42:37,5.16,--,1,516,卖盘
556,13:42:34,5.16,--,21,10836,卖盘
557,13:42:31,5.16,--,19,9804,卖盘
558,13:42:19,5.16,--,5,2580,卖盘
559,13:42:16,5.16,-0.01,72,37152,卖盘
560,13:42:13,5.17,0.01,128,66176,买盘
561,13:42:01,5.16,--,19,9804,卖盘
562,13:41:58,5.16,--,218,112488,卖盘
563,13:41:55,5.16,--,225,116100,卖盘
564,13:41:49,5.16,--,31,15996,卖盘
565,13:41:46,5.16,--,25,12900,卖盘
566,13:41:37,5.16,--,20,10320,卖盘
567,13:41:04,5.16,--,60,30960,卖盘
568,13:40:55,5.16,-0.01,56,28896,卖盘
569,13:40:46,5.17,0.01,300,155100,买盘
570,13:40:40,5.16,--,22,11352,卖盘
571,13:40:13,5.16,--,16,8256,卖盘
572,13:40:04,5.16,--,3,1548,卖盘
573,13:39:58,5.16,--,3,1548,卖盘
574,13:39:55,5.16,--,3,1548,卖盘
575,13:39:37,5.16,-0.01,121,62436,卖盘
576,13:39:28,5.17,0.01,429,221793,买盘
577,13:39:10,5.16,--,407,210012,卖盘
578,13:39:04,5.16,--,3,1548,卖盘
579,13:38:52,5.16,--,3,1548,卖盘
580,13:38:49,5.16,-0.01,1,516,卖盘
581,13:38:46,5.17,--,13,6721,买盘
582,13:38:34,5.17,0.01,312,161304,买盘
583,13:38:28,5.16,--,38,19608,卖盘
584,13:38:22,5.16,--,73,37668,卖盘
585,13:38:04,5.16,--,5,2580,卖盘
586,13:37:49,5.16,--,1,516,卖盘
587,13:37:46,5.16,--,17,8772,卖盘
588,13:37:22,5.16,-0.01,101,52116,卖盘
589,13:37:13,5.17,--,7,3753,卖盘
590,13:37:10,5.17,0.01,112,58286,买盘
591,13:36:52,5.16,-0.01,33,17028,卖盘
592,13:36:43,5.17,-0.01,172,89058,卖盘
593,13:36:37,5.18,0.01,108,55944,买盘
594,13:36:31,5.17,--,20,10340,卖盘
595,13:36:28,5.17,--,10,5170,卖盘
596,13:36:19,5.17,--,4,2068,卖盘
597,13:36:10,5.17,--,22,11374,卖盘
598,13:36:07,5.17,--,10,5170,卖盘
599,13:36:01,5.17,--,5,2585,卖盘
600,13:35:52,5.17,--,3,1551,卖盘
601,13:35:46,5.17,--,50,25850,卖盘
602,13:35:43,5.17,--,50,25850,卖盘
603,13:35:40,5.17,--,60,31020,卖盘
604,13:35:37,5.17,--,20,10340,卖盘
605,13:35:34,5.17,--,69,36055,卖盘
606,13:35:31,5.17,--,349,180433,卖盘
607,13:35:25,5.17,--,61,31537,卖盘
608,13:35:07,5.17,--,101,52217,卖盘
609,13:35:04,5.17,--,16,8272,卖盘
610,13:35:01,5.17,-0.01,200,103400,卖盘
611,13:34:55,5.18,0.01,10,5180,买盘
612,13:34:52,5.17,--,36,18612,卖盘
613,13:34:40,5.17,--,72,37224,卖盘
614,13:34:34,5.17,--,100,51700,卖盘
615,13:34:31,5.17,-0.01,20,10340,卖盘
616,13:33:55,5.18,0.01,62,32116,买盘
617,13:33:49,5.17,-0.01,2,1034,卖盘
618,13:33:43,5.18,--,1,518,买盘
619,13:33:19,5.18,--,25,12950,买盘
620,13:33:16,5.18,--,20,10360,买盘
621,13:33:13,5.18,--,342,177218,卖盘
622,13:33:10,5.18,--,34,17612,卖盘
623,13:33:07,5.18,--,122,63196,卖盘
624,13:32:52,5.18,--,135,70385,买盘
625,13:32:49,5.18,--,366,189650,卖盘
626,13:32:42,5.18,-0.01,1,518,卖盘
627,13:32:39,5.19,--,20,10380,买盘
628,13:32:36,5.19,0.01,7,3633,买盘
629,13:32:33,5.18,--,108,55944,卖盘
630,13:32:30,5.18,--,258,133644,卖盘
631,13:32:24,5.18,--,22,11396,卖盘
632,13:32:21,5.18,--,10,5180,卖盘
633,13:32:18,5.18,--,43,22274,卖盘
634,13:32:15,5.18,--,248,128464,卖盘
635,13:32:06,5.18,--,20,10360,卖盘
636,13:32:00,5.18,--,50,25900,卖盘
637,13:31:54,5.18,--,111,57953,卖盘
638,13:31:45,5.18,--,1,518,卖盘
639,13:31:42,5.18,--,30,15540,卖盘
640,13:31:39,5.18,--,8,4144,卖盘
641,13:31:36,5.18,-0.01,12,6216,卖盘
642,13:31:30,5.19,0.01,835,433365,买盘
643,13:31:18,5.18,--,3,1554,卖盘
644,13:31:09,5.18,--,154,79772,买盘
645,13:31:03,5.18,--,82,42476,买盘
646,13:31:00,5.18,0.01,45,23310,买盘
647,13:30:57,5.17,-0.01,14,7238,卖盘
648,13:30:33,5.18,--,165,85470,卖盘
649,13:30:30,5.18,--,1,518,卖盘
650,13:30:27,5.18,--,78,40404,卖盘
651,13:30:15,5.18,-0.01,20,10360,卖盘
652,13:30:03,5.19,0.01,10,5190,买盘
653,13:30:00,5.18,--,43,22274,卖盘
654,13:29:54,5.18,--,850,440300,卖盘
655,13:29:33,5.18,-0.01,111,57498,卖盘
656,13:29:30,5.19,0.01,50,25950,买盘
657,13:29:27,5.18,--,7,3626,卖盘
658,13:29:24,5.18,-0.01,3,1554,卖盘
659,13:29:21,5.19,--,3,1557,买盘
660,13:29:15,5.19,0.01,661,343059,买盘
661,13:29:12,5.18,--,155,80290,卖盘
662,13:28:57,5.18,-0.01,5,2590,卖盘
663,13:28:51,5.19,0.01,397,206043,买盘
664,13:28:42,5.18,--,10,5180,卖盘
665,13:28:36,5.18,--,51,26418,卖盘
666,13:28:12,5.18,--,128,66304,卖盘
667,13:27:57,5.18,-0.01,1,518,卖盘
668,13:27:39,5.19,--,172,89402,卖盘
669,13:27:36,5.19,--,21,10899,卖盘
670,13:27:33,5.19,--,2,1038,卖盘
671,13:27:30,5.19,--,10,5190,卖盘
672,13:27:27,5.19,--,276,143244,卖盘
673,13:27:18,5.19,--,34,17646,卖盘
674,13:27:15,5.19,--,80,41520,卖盘
675,13:27:00,5.19,--,443,229917,卖盘
676,13:26:57,5.19,--,5,2595,卖盘
677,13:26:51,5.19,--,53,27507,卖盘
678,13:26:48,5.19,--,100,51900,卖盘
679,13:26:45,5.19,--,87,45153,卖盘
680,13:26:39,5.19,--,256,132864,卖盘
681,13:26:36,5.19,--,25,12975,卖盘
682,13:26:21,5.19,--,261,135459,卖盘
683,13:26:03,5.19,--,242,125598,卖盘
684,13:26:00,5.19,--,11,5709,卖盘
685,13:25:57,5.19,--,10,5190,卖盘
686,13:25:51,5.19,--,20,10380,卖盘
687,13:25:45,5.19,0.01,2042,1060182,买盘
688,13:25:30,5.18,--,105,54390,卖盘
689,13:25:24,5.18,--,209,108262,买盘
690,13:25:15,5.18,--,38,19684,卖盘
691,13:25:12,5.18,-0.01,10,5180,中性盘
692,13:24:54,5.19,--,375,194759,卖盘
693,13:24:51,5.19,--,72,37368,卖盘
694,13:24:42,5.19,--,82,42558,卖盘
695,13:24:39,5.19,-0.01,15,7785,卖盘
696,13:24:33,5.2,0.01,950,494000,买盘
697,13:24:30,5.19,-0.01,1114,578238,卖盘
698,13:24:21,5.2,0.01,8,4160,买盘
699,13:24:12,5.19,-0.01,130,67470,卖盘
700,13:24:09,5.2,0.01,65,33800,买盘
701,13:24:03,5.19,--,6,3114,卖盘
702,13:23:57,5.19,--,100,51900,卖盘
703,13:23:48,5.19,-0.01,15,7785,卖盘
704,13:23:45,5.2,--,43,22360,买盘
705,13:23:36,5.2,0.01,19,9880,买盘
706,13:23:21,5.19,--,32,16608,卖盘
707,13:23:12,5.19,0.01,2297,1192454,买盘
708,13:23:00,5.18,--,772,399896,买盘
709,13:22:57,5.18,--,67,34706,买盘
710,13:22:54,5.18,0.01,389,201502,买盘
711,13:22:48,5.17,--,7,3619,卖盘
712,13:22:42,5.17,--,20,10340,卖盘
713,13:22:39,5.17,--,5,2585,卖盘
714,13:22:36,5.17,--,73,37741,卖盘
715,13:22:30,5.17,--,1,517,卖盘
716,13:22:27,5.17,-0.01,459,237303,卖盘
717,13:22:24,5.18,0.01,5,2590,买盘
718,13:22:15,5.17,--,2,1034,卖盘
719,13:22:12,5.17,--,104,53768,买盘
720,13:21:54,5.17,--,13,6721,买盘
721,13:21:48,5.17,--,15,7755,卖盘
722,13:21:42,5.17,--,230,118910,卖盘
723,13:21:39,5.17,--,21,10857,卖盘
724,13:21:36,5.17,--,5,2585,卖盘
725,13:21:27,5.17,-0.01,270,139590,卖盘
726,13:21:24,5.18,0.01,1,518,买盘
727,13:21:15,5.17,--,20,10340,卖盘
728,13:21:12,5.17,-0.01,333,172161,卖盘
729,13:20:48,5.18,--,50,25900,买盘
730,13:20:15,5.18,0.01,9,4662,买盘
731,13:20:12,5.17,-0.01,3,1551,卖盘
732,13:20:03,5.18,0.01,72,37296,买盘
733,13:20:00,5.17,-0.01,10,5170,卖盘
734,13:19:48,5.18,--,100,51800,买盘
735,13:19:42,5.18,0.01,3,1554,买盘
736,13:19:39,5.17,--,90,46530,卖盘
737,13:19:30,5.17,--,11,5687,卖盘
738,13:19:27,5.17,--,34,17578,卖盘
739,13:19:24,5.17,-0.01,86,44462,卖盘
740,13:19:18,5.18,0.01,100,51800,买盘
741,13:19:09,5.17,--,1,517,卖盘
742,13:19:03,5.17,-0.01,30,15510,卖盘
743,13:18:54,5.18,0.01,5,2590,买盘
744,13:18:51,5.17,--,200,103400,买盘
745,13:18:48,5.17,--,15,7755,买盘
746,13:18:33,5.17,--,135,69795,卖盘
747,13:18:27,5.17,--,10,5170,卖盘
748,13:18:24,5.17,-0.01,2,1034,卖盘
749,13:18:15,5.18,0.01,28,14504,买盘
750,13:18:06,5.17,-0.01,61,31537,卖盘
751,13:18:00,5.18,--,50,25900,买盘
752,13:17:51,5.18,0.01,19,9842,买盘
753,13:17:48,5.17,--,211,109087,卖盘
754,13:17:45,5.17,-0.01,36,18612,卖盘
755,13:17:42,5.18,--,70,36260,买盘
756,13:17:36,5.18,-0.01,2,1036,中性盘
757,13:17:21,5.19,--,50,25950,买盘
758,13:17:18,5.19,0.01,111,57609,买盘
759,13:17:15,5.18,--,100,51800,买盘
760,13:17:03,5.18,--,14,7252,买盘
761,13:16:51,5.18,--,105,54390,买盘
762,13:16:39,5.18,0.01,2705,1401190,买盘
763,13:16:36,5.17,--,34,17578,卖盘
764,13:16:33,5.17,-0.01,458,236786,卖盘
765,13:16:24,5.18,0.01,100,51800,买盘
766,13:16:12,5.17,-0.01,10,5170,卖盘
767,13:16:08,5.18,0.01,10,5180,买盘
768,13:16:05,5.17,--,270,139590,买盘
769,13:15:59,5.17,--,9,4653,买盘
770,13:15:56,5.17,0.01,143,73931,买盘
771,13:15:50,5.16,--,5,2580,卖盘
772,13:15:47,5.16,0.01,204,105264,中性盘
773,13:15:44,5.15,-0.02,285,146775,卖盘
774,13:15:35,5.17,0.01,60,31020,买盘
775,13:15:29,5.16,--,553,285348,买盘
776,13:15:26,5.16,0.01,829,427764,买盘
777,13:15:20,5.15,0.01,27,13905,买盘
778,13:15:14,5.14,-0.01,3,1542,卖盘
779,13:15:11,5.15,--,58,29870,买盘
780,13:15:05,5.15,--,100,51500,买盘
781,13:14:41,5.15,-0.01,5,2575,卖盘
782,13:14:35,5.16,0.01,163,84108,买盘
783,13:14:23,5.15,--,249,128235,卖盘
784,13:14:14,5.15,-0.01,11,5665,卖盘
785,13:14:08,5.16,0.01,100,51600,买盘
786,13:14:05,5.15,--,8,4120,卖盘
787,13:13:56,5.15,-0.01,269,138535,卖盘
788,13:13:53,5.16,0.01,100,51600,买盘
789,13:13:44,5.15,--,28,14420,卖盘
790,13:13:41,5.15,0.01,9,4635,买盘
791,13:13:38,5.14,--,9,4626,卖盘
792,13:13:29,5.14,--,5,2570,卖盘
793,13:13:17,5.14,--,1,514,卖盘
794,13:13:05,5.14,--,88,45232,卖盘
795,13:13:02,5.14,--,200,102800,卖盘
796,13:12:47,5.14,-0.01,261,134154,卖盘
797,13:12:38,5.15,--,179,92185,卖盘
798,13:12:29,5.15,--,100,51500,卖盘
799,13:12:20,5.15,--,5,2575,卖盘
800,13:12:11,5.15,--,8,4120,卖盘
801,13:12:02,5.15,--,11,5665,卖盘
802,13:11:56,5.15,--,50,25750,卖盘
803,13:11:50,5.15,0.01,48,24720,买盘
804,13:11:32,5.14,-0.01,130,66820,卖盘
805,13:11:14,5.15,--,100,51500,买盘
806,13:11:11,5.15,--,80,41200,卖盘
807,13:10:53,5.15,--,10,5150,卖盘
808,13:10:47,5.15,0.01,10,5150,买盘
809,13:10:35,5.14,--,5,2570,卖盘
810,13:10:32,5.14,--,1,514,卖盘
811,13:10:23,5.14,--,14,7196,卖盘
812,13:10:20,5.14,-0.02,577,296578,卖盘
813,13:10:14,5.16,--,128,66048,买盘
814,13:10:11,5.16,0.01,5,2580,买盘
815,13:10:05,5.15,--,367,189005,卖盘
816,13:10:02,5.15,-0.01,25,12875,卖盘
817,13:09:56,5.16,0.01,11,5676,买盘
818,13:09:50,5.15,--,22,11330,卖盘
819,13:09:47,5.15,-0.01,15,7725,卖盘
820,13:09:44,5.16,0.01,5,2580,买盘
821,13:08:56,5.15,--,100,51500,卖盘
822,13:08:41,5.15,--,20,10300,卖盘
823,13:08:38,5.15,-0.01,10,5150,卖盘
824,13:08:26,5.16,0.01,14,7224,买盘
825,13:08:17,5.15,-0.01,10,5150,卖盘
826,13:08:08,5.16,--,16,8256,买盘
827,13:08:05,5.16,--,125,64500,卖盘
828,13:07:53,5.16,--,14,7224,卖盘
829,13:07:50,5.16,-0.01,366,188856,卖盘
830,13:07:41,5.17,0.01,7,3619,买盘
831,13:06:59,5.16,-0.01,1,516,卖盘
832,13:06:41,5.17,0.01,100,51700,买盘
833,13:06:38,5.16,--,2,1032,卖盘
834,13:06:29,5.16,-0.01,10,5160,卖盘
835,13:06:17,5.17,0.01,3,1551,买盘
836,13:06:08,5.16,--,1,516,卖盘
837,13:06:05,5.16,-0.01,30,15480,卖盘
838,13:05:59,5.17,0.01,220,113740,买盘
839,13:05:56,5.16,--,44,22704,卖盘
840,13:05:47,5.16,-0.01,21,10836,卖盘
841,13:05:38,5.17,0.01,110,56870,买盘
842,13:05:29,5.16,--,3,1548,卖盘
843,13:05:26,5.16,-0.01,1,516,卖盘
844,13:05:23,5.17,--,110,56870,买盘
845,13:05:02,5.17,0.01,3,1551,买盘
846,13:04:47,5.16,-0.01,20,10320,卖盘
847,13:04:38,5.17,0.01,1,517,买盘
848,13:04:35,5.16,--,30,15480,卖盘
849,13:04:29,5.16,--,5,2580,卖盘
850,13:04:17,5.16,--,2,1032,卖盘
851,13:04:05,5.16,-0.01,8,4128,卖盘
852,13:03:56,5.17,0.01,2,1034,买盘
853,13:03:44,5.16,--,10,5160,卖盘
854,13:03:38,5.16,-0.01,10,5160,卖盘
855,13:03:26,5.17,--,500,258500,买盘
856,13:03:14,5.17,0.01,4,2068,买盘
857,13:03:11,5.16,--,43,22188,卖盘
858,13:03:05,5.16,--,317,163572,买盘
859,13:02:47,5.16,0.01,38,19608,买盘
860,13:02:38,5.15,--,2,1030,卖盘
861,13:02:14,5.15,-0.01,3,1545,卖盘
862,13:01:59,5.16,0.01,100,51600,买盘
863,13:01:38,5.15,--,58,29870,卖盘
864,13:01:35,5.15,0.01,1,515,买盘
865,13:01:26,5.14,--,5,2570,卖盘
866,13:01:14,5.14,-0.01,46,23644,卖盘
867,13:01:02,5.15,--,48,24720,买盘
868,13:00:53,5.15,--,7,3605,卖盘
869,13:00:50,5.15,--,11,5665,买盘
870,13:00:35,5.15,--,10,5150,买盘
871,13:00:17,5.15,--,3,1545,买盘
872,13:00:11,5.15,-0.01,333,171495,买盘
873,13:00:02,5.16,0.01,508,262128,买盘
874,11:30:00,5.15,0.01,29,14935,买盘
875,11:29:54,5.14,--,775,398350,卖盘
876,11:29:45,5.14,-0.01,11,5654,卖盘
877,11:29:33,5.15,0.01,5,2575,买盘
878,11:29:30,5.14,--,1,514,卖盘
879,11:29:24,5.14,-0.01,3,1542,卖盘
880,11:29:18,5.15,0.01,30,15450,买盘
881,11:29:06,5.14,--,100,51400,卖盘
882,11:29:00,5.14,-0.01,5,2570,卖盘
883,11:28:51,5.15,0.01,60,30900,买盘
884,11:28:42,5.14,-0.01,10,5140,卖盘
885,11:28:30,5.15,0.01,11,5665,买盘
886,11:28:12,5.14,--,6,3084,卖盘
887,11:28:09,5.14,-0.01,5,2570,卖盘
888,11:28:06,5.15,--,81,41715,卖盘
889,11:27:54,5.15,0.01,17,8755,买盘
890,11:27:48,5.14,-0.01,52,26728,卖盘
891,11:27:42,5.15,0.01,310,159650,买盘
892,11:27:24,5.14,--,141,72474,买盘
893,11:27:09,5.14,--,64,32896,买盘
894,11:27:03,5.14,--,1484,762776,卖盘
895,11:26:45,5.14,-0.01,10,5140,卖盘
896,11:26:42,5.15,0.01,6,3090,买盘
897,11:26:15,5.14,-0.01,10,5140,卖盘
898,11:25:57,5.15,--,225,115875,卖盘
899,11:25:51,5.15,--,120,61800,买盘
900,11:25:45,5.15,0.01,20,10300,买盘
901,11:25:30,5.14,-0.01,102,52428,卖盘
902,11:25:27,5.15,--,236,121540,卖盘
903,11:25:24,5.15,--,57,29355,卖盘
904,11:25:21,5.15,0.01,41,21115,买盘
905,11:25:18,5.14,--,2,1028,卖盘
906,11:24:57,5.14,-0.01,487,250317,卖盘
907,11:24:48,5.15,--,2,1030,卖盘
908,11:24:42,5.15,--,10,5150,卖盘
909,11:24:39,5.15,--,102,52530,买盘
910,11:24:36,5.15,0.01,122,62830,买盘
911,11:24:30,5.14,-0.01,2,1028,卖盘
912,11:24:27,5.15,--,2,1030,买盘
913,11:24:21,5.15,0.01,110,56650,买盘
914,11:24:09,5.14,-0.01,23,11822,卖盘
915,11:24:00,5.15,0.01,74,38110,买盘
916,11:23:45,5.14,-0.02,161,82754,卖盘
917,11:23:42,5.16,0.02,165,85140,买盘
918,11:23:39,5.14,-0.01,156,80184,卖盘
919,11:23:33,5.15,--,10,5150,卖盘
920,11:23:30,5.15,--,30,15450,卖盘
921,11:23:27,5.15,--,3,1545,卖盘
922,11:23:15,5.15,--,13,6695,卖盘
923,11:23:12,5.15,--,100,51500,卖盘
924,11:23:06,5.15,--,25,12875,卖盘
925,11:23:03,5.15,--,40,20600,卖盘
926,11:22:51,5.15,--,62,31930,卖盘
927,11:22:39,5.15,-0.01,301,155015,卖盘
928,11:22:36,5.16,--,273,140868,卖盘
929,11:22:30,5.16,--,20,10320,卖盘
930,11:22:24,5.16,--,5,2580,卖盘
931,11:22:18,5.16,--,10,5160,卖盘
932,11:22:03,5.16,--,5,2580,卖盘
933,11:22:00,5.16,--,2,1032,卖盘
934,11:21:57,5.16,-0.01,25,12900,卖盘
935,11:21:51,5.17,0.01,13,6721,买盘
936,11:21:45,5.16,-0.01,38,19608,卖盘
937,11:21:42,5.17,0.01,300,155100,买盘
938,11:21:33,5.16,--,5,2580,卖盘
939,11:21:27,5.16,-0.01,70,36120,卖盘
940,11:21:24,5.17,0.01,300,155100,买盘
941,11:21:21,5.16,--,31,15996,卖盘
942,11:21:18,5.16,--,50,25800,卖盘
943,11:21:12,5.16,--,5,2580,卖盘
944,11:21:09,5.16,--,30,15480,卖盘
945,11:21:03,5.16,--,6,3096,卖盘
946,11:20:51,5.16,--,50,25800,卖盘
947,11:20:45,5.16,-0.01,6,3096,卖盘
948,11:20:39,5.17,0.01,65,33605,买盘
949,11:20:32,5.16,--,46,23736,卖盘
950,11:20:29,5.16,--,56,28896,卖盘
951,11:20:23,5.16,-0.01,103,53148,卖盘
952,11:20:20,5.17,--,30,15510,买盘
953,11:20:08,5.17,0.01,5,2585,买盘
954,11:20:02,5.16,--,138,71208,卖盘
955,11:19:59,5.16,--,61,31476,卖盘
956,11:19:50,5.16,-0.01,12,6192,卖盘
957,11:19:35,5.17,--,200,103400,卖盘
958,11:19:32,5.17,--,100,51700,卖盘
959,11:19:29,5.17,--,20,10340,卖盘
960,11:19:23,5.17,--,2010,1039170,卖盘
961,11:19:11,5.17,-0.01,4,2068,卖盘
962,11:19:02,5.18,--,5,2590,买盘
963,11:18:56,5.18,-0.01,341,176638,卖盘
964,11:18:50,5.19,0.01,68,35292,买盘
965,11:18:44,5.18,--,310,160580,卖盘
966,11:18:32,5.18,--,1,518,卖盘
967,11:18:26,5.18,--,1,518,卖盘
968,11:18:23,5.18,-0.01,19,9842,卖盘
969,11:18:20,5.19,0.01,41,21279,买盘
970,11:18:17,5.18,-0.01,70,36260,卖盘
971,11:18:14,5.19,0.01,61,31659,买盘
972,11:18:08,5.18,-0.01,300,155400,卖盘
973,11:17:41,5.19,0.01,51,26469,买盘
974,11:17:35,5.18,--,100,51800,卖盘
975,11:17:32,5.18,-0.01,34,17612,卖盘
976,11:17:29,5.19,0.01,20,10380,买盘
977,11:17:23,5.18,-0.01,16,8288,卖盘
978,11:17:20,5.19,--,1,519,买盘
979,11:16:53,5.19,--,10,5190,买盘
980,11:16:44,5.19,--,2,1038,买盘
981,11:16:35,5.19,--,20,10380,买盘
982,11:16:29,5.19,--,4,2076,买盘
983,11:16:23,5.19,--,13,6747,买盘
984,11:16:20,5.19,--,18,9342,买盘
985,11:16:17,5.19,--,183,94977,买盘
986,11:16:11,5.19,--,88,45672,买盘
987,11:16:05,5.19,0.01,100,51900,买盘
988,11:16:02,5.18,--,111,57498,卖盘
989,11:15:56,5.18,-0.01,2,1036,卖盘
990,11:15:53,5.19,--,384,199296,买盘
991,11:15:47,5.19,0.01,140,72660,买盘
992,11:15:29,5.18,-0.01,10,5180,卖盘
993,11:15:26,5.19,0.01,84,43596,买盘
994,11:15:14,5.18,--,111,57498,买盘
995,11:15:11,5.18,--,50,25900,买盘
996,11:15:08,5.18,--,5,2590,买盘
997,11:15:05,5.18,--,231,119658,买盘
998,11:15:02,5.18,--,9,4662,买盘
999,11:14:56,5.18,--,101,52318,买盘
1000,11:14:53,5.18,0.01,601,311318,买盘
1001,11:14:50,5.17,--,5,2585,卖盘
1002,11:14:47,5.17,-0.01,2,1034,卖盘
1003,11:14:44,5.18,--,110,56980,买盘
1004,11:14:20,5.18,0.01,600,310800,买盘
1005,11:14:14,5.17,--,40,20680,卖盘
1006,11:14:02,5.17,--,11,5687,卖盘
1007,11:13:56,5.17,0.01,705,364485,买盘
1008,11:13:53,5.16,--,11,5676,卖盘
1009,11:13:44,5.16,--,3,1548,卖盘
1010,11:13:41,5.16,--,3,1548,卖盘
1011,11:13:38,5.16,-0.01,31,15996,卖盘
1012,11:13:35,5.17,0.01,11,5687,买盘
1013,11:13:32,5.16,--,2,1032,卖盘
1014,11:13:26,5.16,-0.01,25,12900,卖盘
1015,11:13:14,5.17,--,60,31020,买盘
1016,11:13:11,5.17,--,50,25850,买盘
1017,11:12:47,5.17,--,264,136488,卖盘
1018,11:12:35,5.17,--,20,10340,卖盘
1019,11:12:32,5.17,--,16,8272,买盘
1020,11:12:29,5.17,--,430,222310,买盘
1021,11:12:14,5.17,--,5,2585,买盘
1022,11:11:59,5.17,--,7,3619,卖盘
1023,11:11:53,5.17,--,18,9306,买盘
1024,11:11:47,5.17,-0.01,32,16544,卖盘
1025,11:11:41,5.18,0.01,100,51800,买盘
1026,11:11:32,5.17,--,1006,520102,卖盘
1027,11:11:23,5.17,-0.01,20,10340,卖盘
1028,11:11:11,5.18,0.01,106,54908,买盘
1029,11:11:05,5.17,--,20,10340,卖盘
1030,11:11:02,5.17,--,17,8789,卖盘
1031,11:10:53,5.17,--,10,5170,买盘
1032,11:10:50,5.17,-0.01,1,517,中性盘
1033,11:10:44,5.18,0.01,239,123802,买盘
1034,11:10:32,5.17,--,800,413600,买盘
1035,11:10:26,5.17,--,16,8272,买盘
1036,11:10:14,5.17,--,3,1551,买盘
1037,11:10:08,5.17,--,367,189739,卖盘
1038,11:10:05,5.17,--,14,7238,卖盘
1039,11:09:59,5.17,--,10,5170,卖盘
1040,11:09:50,5.17,--,7,3619,卖盘
1041,11:09:44,5.17,--,1,517,卖盘
1042,11:09:41,5.17,--,10,5170,卖盘
1043,11:09:38,5.17,--,10,5170,卖盘
1044,11:09:32,5.17,0.02,2587,1337479,买盘
1045,11:09:20,5.15,--,20,10300,卖盘
1046,11:09:17,5.15,--,100,51500,卖盘
1047,11:09:14,5.15,--,5,2575,卖盘
1048,11:09:11,5.15,--,10,5150,卖盘
1049,11:09:08,5.15,--,20,10300,卖盘
1050,11:09:05,5.15,--,18,9270,卖盘
1051,11:08:59,5.15,--,2,1030,卖盘
1052,11:08:56,5.15,--,161,82915,卖盘
1053,11:08:53,5.15,--,291,149865,卖盘
1054,11:08:50,5.15,--,19,9785,卖盘
1055,11:08:47,5.15,-0.01,11,5665,卖盘
1056,11:08:44,5.16,0.01,8,4128,买盘
1057,11:08:38,5.15,--,10,5150,卖盘
1058,11:08:29,5.15,--,2,1030,卖盘
1059,11:08:17,5.15,--,9,4635,卖盘
1060,11:08:11,5.15,-0.01,10,5150,卖盘
1061,11:08:08,5.16,0.01,230,118680,买盘
1062,11:07:59,5.15,-0.01,13,6695,卖盘
1063,11:07:50,5.16,--,5,2580,买盘
1064,11:07:47,5.16,--,8,4128,卖盘
1065,11:07:35,5.16,0.01,342,176472,买盘
1066,11:07:29,5.15,-0.01,1,515,卖盘
1067,11:07:17,5.16,--,3,1548,买盘
1068,11:07:11,5.16,--,1037,535092,卖盘
1069,11:07:08,5.16,--,1,516,卖盘
1070,11:07:05,5.16,--,19,9804,卖盘
1071,11:06:56,5.16,-0.01,10,5160,卖盘
1072,11:06:41,5.17,0.01,90,46530,买盘
1073,11:06:29,5.16,-0.01,4,2064,卖盘
1074,11:06:23,5.17,--,42,21714,买盘
1075,11:06:02,5.17,0.01,53,27401,买盘
1076,11:05:59,5.16,--,5,2580,卖盘
1077,11:05:50,5.16,--,12,6192,卖盘
1078,11:05:47,5.16,--,49,25284,卖盘
1079,11:05:44,5.16,--,48,24768,卖盘
1080,11:05:41,5.16,-0.01,98,50568,卖盘
1081,11:05:05,5.17,--,291,150447,卖盘
1082,11:04:59,5.17,--,130,67210,卖盘
1083,11:04:50,5.17,--,79,40843,买盘
1084,11:04:47,5.17,0.01,499,258494,买盘
1085,11:04:44,5.16,-0.01,3,1548,卖盘
1086,11:04:29,5.17,--,115,59455,买盘
1087,11:04:26,5.17,0.01,216,111672,买盘
1088,11:04:23,5.16,--,20,10320,卖盘
1089,11:04:20,5.16,-0.01,510,263160,卖盘
1090,11:04:14,5.17,0.01,190,98230,买盘
1091,11:04:05,5.16,-0.01,51,26316,卖盘
1092,11:04:02,5.17,0.01,23,11891,买盘
1093,11:03:53,5.16,--,12,6192,卖盘
1094,11:03:50,5.16,0.01,314,162024,买盘
1095,11:03:41,5.15,-0.01,11,5665,卖盘
1096,11:03:38,5.16,0.01,222,114552,买盘
1097,11:03:23,5.15,--,16,8240,卖盘
1098,11:03:20,5.15,--,163,83945,买盘
1099,11:03:17,5.15,--,636,327540,买盘
1100,11:03:11,5.15,0.01,25,12875,买盘
1101,11:03:08,5.14,--,550,282700,卖盘
1102,11:02:41,5.14,--,2,1028,卖盘
1103,11:02:38,5.14,-0.01,10,5140,卖盘
1104,11:02:20,5.15,--,284,146260,卖盘
1105,11:02:05,5.15,--,5,2575,卖盘
1106,11:01:50,5.15,--,2,1030,卖盘
1107,11:01:41,5.15,--,5,2575,卖盘
1108,11:01:38,5.15,--,4,2060,卖盘
1109,11:01:07,5.15,--,22,11330,卖盘
1110,11:01:04,5.15,--,10,5150,卖盘
1111,11:00:52,5.15,--,21,10815,卖盘
1112,11:00:43,5.15,--,4,2060,卖盘
1113,11:00:40,5.15,--,15,7725,卖盘
1114,11:00:37,5.15,--,205,105575,买盘
1115,11:00:31,5.15,--,1,515,买盘
1116,11:00:22,5.15,--,14,7210,卖盘
1117,11:00:19,5.15,--,208,107120,卖盘
1118,11:00:10,5.15,--,21,10815,卖盘
1119,11:00:07,5.15,--,4,2060,卖盘
1120,10:59:58,5.15,--,112,57680,卖盘
1121,10:59:43,5.15,--,46,23690,卖盘
1122,10:59:28,5.15,--,50,25750,卖盘
1123,10:59:19,5.15,-0.01,2,1030,卖盘
1124,10:59:13,5.16,0.01,73,37668,买盘
1125,10:59:04,5.15,--,15,7725,卖盘
1126,10:58:55,5.15,-0.01,9,4635,卖盘
1127,10:58:49,5.16,0.01,1,516,买盘
1128,10:58:10,5.15,--,60,30900,卖盘
1129,10:58:07,5.15,--,5,2575,卖盘
1130,10:58:04,5.15,-0.01,1,515,卖盘
1131,10:57:46,5.16,0.01,2,1032,买盘
1132,10:57:40,5.15,--,500,257500,卖盘
1133,10:57:22,5.15,-0.01,342,176130,卖盘
1134,10:57:10,5.16,--,195,100620,卖盘
1135,10:56:43,5.16,--,57,29412,买盘
1136,10:56:40,5.16,0.01,200,103200,买盘
1137,10:56:31,5.15,-0.01,4,2060,卖盘
1138,10:56:19,5.16,--,25,12900,卖盘
1139,10:56:16,5.16,--,46,23736,卖盘
1140,10:56:07,5.16,-0.01,20,10320,卖盘
1141,10:56:04,5.17,--,377,194909,买盘
1142,10:56:01,5.17,0.01,3,1551,买盘
1143,10:55:55,5.16,--,65,33540,卖盘
1144,10:55:52,5.16,--,5,2580,卖盘
1145,10:55:40,5.16,--,20,10320,卖盘
1146,10:55:34,5.16,--,4,2064,卖盘
1147,10:55:25,5.16,-0.01,27,13932,卖盘
1148,10:55:22,5.17,0.01,1,517,买盘
1149,10:55:16,5.16,--,3,1548,卖盘
1150,10:55:10,5.16,--,1,516,卖盘
1151,10:54:40,5.16,--,10,5160,卖盘
1152,10:54:25,5.16,0.01,12,6192,买盘
1153,10:54:13,5.15,--,440,226600,卖盘
1154,10:54:07,5.15,--,187,96305,卖盘
1155,10:54:04,5.15,-0.01,265,136475,卖盘
1156,10:54:01,5.16,--,1005,518580,卖盘
1157,10:53:46,5.16,--,20,10320,卖盘
1158,10:53:43,5.16,--,51,26316,卖盘
1159,10:53:40,5.16,--,20,10320,卖盘
1160,10:53:28,5.16,--,115,59340,卖盘
1161,10:53:22,5.16,-0.01,6,3096,卖盘
1162,10:53:13,5.17,--,10,5170,买盘
1163,10:53:10,5.17,--,3,1551,买盘
1164,10:53:04,5.17,0.01,31,16027,买盘
1165,10:52:58,5.16,-0.01,24,12384,卖盘
1166,10:52:55,5.17,0.01,25,12925,买盘
1167,10:52:52,5.16,-0.01,2,1032,中性盘
1168,10:52:34,5.17,0.02,500,258500,买盘
1169,10:52:13,5.15,-0.01,6,3090,卖盘
1170,10:52:10,5.16,--,500,258000,买盘
1171,10:51:46,5.16,0.01,21,10836,买盘
1172,10:51:43,5.15,--,14,7210,卖盘
1173,10:51:40,5.15,--,4,2060,卖盘
1174,10:51:37,5.15,-0.01,10,5150,卖盘
1175,10:51:31,5.16,--,23,11868,买盘
1176,10:51:25,5.16,0.01,5,2580,买盘
1177,10:51:19,5.15,-0.01,3,1545,卖盘
1178,10:51:16,5.16,0.01,20,10320,买盘
1179,10:51:04,5.15,--,20,10300,卖盘
1180,10:50:52,5.15,0.01,10,5150,中性盘
1181,10:50:40,5.14,-0.01,200,102800,卖盘
1182,10:50:34,5.15,-0.01,4,2060,卖盘
1183,10:50:22,5.16,0.02,28,14448,买盘
1184,10:50:19,5.14,-0.01,4,2056,卖盘
1185,10:50:16,5.15,0.01,1,515,买盘
1186,10:50:13,5.14,--,5,2570,卖盘
1187,10:49:55,5.14,--,4,2056,卖盘
1188,10:49:52,5.14,--,4,2056,卖盘
1189,10:49:43,5.14,--,4,2056,卖盘
1190,10:49:37,5.14,--,4,2056,卖盘
1191,10:49:34,5.14,-0.02,4,2056,卖盘
1192,10:49:28,5.16,0.01,5,2580,买盘
1193,10:49:25,5.15,--,1,515,卖盘
1194,10:49:22,5.15,--,4,2060,卖盘
1195,10:49:16,5.15,--,4,2060,卖盘
1196,10:49:10,5.15,-0.01,16,8240,卖盘
1197,10:49:07,5.16,0.01,11,5676,买盘
1198,10:49:04,5.15,--,140,72100,卖盘
1199,10:48:58,5.15,--,63,32445,卖盘
1200,10:48:52,5.15,--,13,6695,卖盘
1201,10:48:43,5.15,--,18,9270,卖盘
1202,10:48:37,5.15,--,13,6695,卖盘
1203,10:48:34,5.15,--,103,53045,卖盘
1204,10:48:28,5.15,--,667,343505,卖盘
1205,10:48:22,5.15,--,3,1545,卖盘
1206,10:48:16,5.15,--,110,56650,卖盘
1207,10:48:10,5.15,--,7,3605,卖盘
1208,10:48:04,5.15,--,67,34505,卖盘
1209,10:47:58,5.15,--,7,3605,卖盘
1210,10:47:52,5.15,--,7,3605,卖盘
1211,10:47:46,5.15,--,507,261105,卖盘
1212,10:47:43,5.15,--,3,1545,卖盘
1213,10:47:37,5.15,--,6,3090,卖盘
1214,10:47:34,5.15,--,3,1545,卖盘
1215,10:47:31,5.15,--,4,2060,卖盘
1216,10:47:28,5.15,--,5,2575,卖盘
1217,10:47:25,5.15,--,9,4635,卖盘
1218,10:47:19,5.15,--,24,12360,卖盘
1219,10:47:16,5.15,--,7,3605,卖盘
1220,10:47:13,5.15,-0.01,62,31930,卖盘
1221,10:47:07,5.16,0.01,20,10320,买盘
1222,10:47:04,5.15,--,7,3605,卖盘
1223,10:47:01,5.15,-0.01,20,10300,卖盘
1224,10:46:58,5.16,0.01,10,5160,买盘
1225,10:46:55,5.15,--,40,20600,卖盘
1226,10:46:52,5.15,--,7,3605,卖盘
1227,10:46:46,5.15,--,17,8755,卖盘
1228,10:46:43,5.15,--,3,1545,卖盘
1229,10:46:40,5.15,--,4,2060,卖盘
1230,10:46:37,5.15,--,3,1545,卖盘
1231,10:46:34,5.15,--,15,7725,卖盘
1232,10:46:28,5.15,--,58,29870,卖盘
1233,10:46:25,5.15,-0.01,2,1030,卖盘
1234,10:46:19,5.16,--,210,108360,卖盘
1235,10:46:16,5.16,--,27,13932,卖盘
1236,10:46:10,5.16,--,19,9804,卖盘
1237,10:46:04,5.16,-0.01,27,13932,卖盘
1238,10:46:01,5.17,0.01,6,3102,买盘
1239,10:45:52,5.16,-0.01,66,34056,卖盘
1240,10:45:46,5.17,0.01,10,5170,买盘
1241,10:45:43,5.16,-0.01,84,43344,卖盘
1242,10:45:25,5.17,0.01,3,1551,买盘
1243,10:45:19,5.16,-0.01,37,19092,卖盘
1244,10:45:13,5.17,--,35,18095,买盘
1245,10:45:07,5.17,--,2,1034,买盘
1246,10:45:01,5.17,--,460,237820,卖盘
1247,10:44:49,5.17,-0.01,8,4136,卖盘
1248,10:44:46,5.18,0.01,244,126392,买盘
1249,10:44:34,5.17,--,116,59972,卖盘
1250,10:44:31,5.17,--,10,5170,卖盘
1251,10:44:25,5.17,--,1,517,卖盘
1252,10:44:22,5.17,--,655,338635,买盘
1253,10:44:19,5.17,0.01,306,158202,买盘
1254,10:44:16,5.16,-0.01,2,1032,卖盘
1255,10:44:10,5.17,0.01,319,164923,买盘
1256,10:44:01,5.16,--,36,18576,卖盘
1257,10:43:58,5.16,--,10,5160,卖盘
1258,10:43:52,5.16,0.01,90,46440,买盘
1259,10:43:49,5.15,-0.01,15,7725,卖盘
1260,10:43:43,5.16,--,11,5676,卖盘
1261,10:43:40,5.16,--,10,5160,卖盘
1262,10:43:34,5.16,--,51,26316,卖盘
1263,10:43:28,5.16,--,20,10320,卖盘
1264,10:43:19,5.16,--,5,2580,买盘
1265,10:43:16,5.16,0.01,2,1032,买盘
1266,10:43:01,5.15,--,36,18540,卖盘
1267,10:42:46,5.15,--,65,33475,卖盘
1268,10:42:34,5.15,--,64,32960,卖盘
1269,10:42:25,5.15,--,31,15965,买盘
1270,10:42:22,5.15,--,15,7725,卖盘
1271,10:42:16,5.15,--,3,1545,买盘
1272,10:42:13,5.15,-0.01,3,1545,中性盘
1273,10:42:10,5.16,0.02,1706,880296,买盘
1274,10:42:07,5.14,--,2,1028,卖盘
1275,10:42:04,5.14,--,36,18504,卖盘
1276,10:42:01,5.14,--,3,1542,卖盘
1277,10:41:58,5.14,--,3,1542,卖盘
1278,10:41:46,5.14,--,33,16962,卖盘
1279,10:41:40,5.14,-0.01,1,514,卖盘
1280,10:41:15,5.15,--,200,103000,买盘
1281,10:41:00,5.15,0.01,8,4120,买盘
1282,10:40:54,5.14,-0.01,6,3084,卖盘
1283,10:40:48,5.15,0.01,128,65920,买盘
1284,10:40:27,5.14,-0.01,121,62193,卖盘
1285,10:40:24,5.15,0.01,72,37080,买盘
1286,10:40:15,5.14,--,19,9766,卖盘
1287,10:40:06,5.14,-0.01,15,7709,卖盘
1288,10:40:03,5.15,0.01,73,37595,买盘
1289,10:39:48,5.14,--,5,2570,卖盘
1290,10:39:36,5.14,--,10,5140,卖盘
1291,10:39:30,5.14,0.01,1,514,中性盘
1292,10:39:21,5.13,--,187,95931,卖盘
1293,10:39:15,5.13,-0.01,484,248292,卖盘
1294,10:39:09,5.14,--,1,514,卖盘
1295,10:39:06,5.14,--,1033,530962,卖盘
1296,10:38:45,5.14,-0.01,178,91492,卖盘
1297,10:38:42,5.15,--,5,2575,卖盘
1298,10:38:39,5.15,-0.01,6,3090,卖盘
1299,10:38:33,5.16,0.01,10,5160,买盘
1300,10:38:21,5.15,0.01,139,71585,买盘
1301,10:38:09,5.14,--,5,2570,卖盘
1302,10:38:06,5.14,--,16,8224,卖盘
1303,10:37:48,5.14,-0.01,38,19532,卖盘
1304,10:37:45,5.15,--,11,5665,卖盘
1305,10:37:42,5.15,0.01,513,264195,买盘
1306,10:37:33,5.14,--,5,2570,卖盘
1307,10:37:27,5.14,--,10,5140,卖盘
1308,10:37:24,5.14,--,300,154200,卖盘
1309,10:37:21,5.14,--,50,25700,卖盘
1310,10:37:15,5.14,-0.01,670,344380,卖盘
1311,10:36:33,5.15,--,92,47380,卖盘
1312,10:36:30,5.15,--,68,35020,卖盘
1313,10:36:24,5.15,--,10,5150,卖盘
1314,10:36:21,5.15,--,5,2575,卖盘
1315,10:36:12,5.15,--,16,8240,卖盘
1316,10:36:06,5.15,--,10,5150,卖盘
1317,10:35:57,5.15,--,30,15450,卖盘
1318,10:35:54,5.15,--,195,100425,卖盘
1319,10:35:48,5.15,--,20,10300,卖盘
1320,10:35:45,5.15,-0.01,10,5150,卖盘
1321,10:35:42,5.16,0.01,68,35088,买盘
1322,10:35:33,5.15,--,140,72100,卖盘
1323,10:35:24,5.15,-0.01,40,20600,卖盘
1324,10:35:21,5.16,0.01,49,25284,买盘
1325,10:35:09,5.15,--,49,25235,卖盘
1326,10:35:06,5.15,--,1,515,卖盘
1327,10:34:57,5.15,-0.01,6,3090,卖盘
1328,10:34:45,5.16,0.01,10,5160,买盘
1329,10:34:42,5.15,-0.01,100,51500,卖盘
1330,10:34:30,5.16,--,811,418476,买盘
1331,10:34:27,5.16,-0.01,208,107328,卖盘
1332,10:34:24,5.17,0.01,122,63074,买盘
1333,10:34:21,5.16,--,7,3612,卖盘
1334,10:34:18,5.16,--,30,15480,卖盘
1335,10:34:12,5.16,--,10,5160,卖盘
1336,10:34:09,5.16,--,24,12384,卖盘
1337,10:34:03,5.16,--,190,98040,买盘
1338,10:33:48,5.16,--,80,41280,买盘
1339,10:33:45,5.16,0.01,1663,858108,买盘
1340,10:33:42,5.15,-0.01,11,5665,卖盘
1341,10:33:36,5.16,0.01,3,1548,买盘
1342,10:33:27,5.15,-0.01,1,515,卖盘
1343,10:33:18,5.16,0.01,106,54696,买盘
1344,10:33:12,5.15,--,21,10815,卖盘
1345,10:33:09,5.15,--,2,1030,卖盘
1346,10:33:06,5.15,--,9,4635,卖盘
1347,10:32:57,5.15,--,6,3090,卖盘
1348,10:32:54,5.15,--,8,4120,卖盘
1349,10:32:51,5.15,--,10,5150,卖盘
1350,10:32:45,5.15,--,21,10815,卖盘
1351,10:32:21,5.15,-0.01,10,5150,卖盘
1352,10:32:18,5.16,0.01,57,29412,买盘
1353,10:32:12,5.15,--,67,34505,卖盘
1354,10:32:03,5.15,--,2,1030,卖盘
1355,10:32:00,5.15,--,263,135445,卖盘
1356,10:31:54,5.15,--,1289,663835,买盘
1357,10:31:45,5.15,--,380,195700,买盘
1358,10:31:39,5.15,0.01,1,515,买盘
1359,10:31:30,5.14,--,2,1028,卖盘
1360,10:31:21,5.14,--,5,2570,卖盘
1361,10:31:18,5.14,--,249,127985,买盘
1362,10:31:12,5.14,0.01,1,514,中性盘
1363,10:30:57,5.13,--,4,2052,卖盘
1364,10:30:51,5.13,-0.01,213,109269,卖盘
1365,10:30:48,5.14,0.01,45,23130,买盘
1366,10:30:39,5.13,-0.01,1,513,卖盘
1367,10:30:33,5.14,--,34,17476,买盘
1368,10:30:30,5.14,--,12,6168,买盘
1369,10:30:21,5.14,--,19,9766,卖盘
1370,10:30:15,5.14,--,2,1028,卖盘
1371,10:30:09,5.14,--,79,40606,买盘
1372,10:30:06,5.14,--,40,20560,买盘
1373,10:30:00,5.14,--,12,6168,买盘
1374,10:29:48,5.14,--,639,328446,卖盘
1375,10:29:45,5.14,--,50,25700,卖盘
1376,10:29:42,5.14,--,1052,540728,买盘
1377,10:29:39,5.14,0.01,20,10280,买盘
1378,10:29:36,5.13,--,20,10260,卖盘
1379,10:29:33,5.13,-0.01,101,51813,卖盘
1380,10:29:30,5.14,--,5,2570,买盘
1381,10:29:27,5.14,0.01,21,10794,买盘
1382,10:29:21,5.13,-0.01,349,179037,卖盘
1383,10:29:18,5.14,0.01,287,147518,买盘
1384,10:29:09,5.13,--,8,4104,卖盘
1385,10:29:06,5.13,--,225,115425,买盘
1386,10:29:03,5.13,--,20,10260,买盘
1387,10:29:00,5.13,--,1,513,买盘
1388,10:28:54,5.13,--,1674,858762,买盘
1389,10:28:51,5.13,--,100,51300,买盘
1390,10:28:42,5.13,--,200,102600,买盘
1391,10:28:39,5.13,0.01,34,17442,买盘
1392,10:28:36,5.12,-0.01,46,23552,卖盘
1393,10:28:30,5.13,0.01,96,49248,买盘
1394,10:28:27,5.12,-0.01,375,192000,卖盘
1395,10:28:21,5.13,0.01,20,10260,买盘
1396,10:28:15,5.12,--,14,7168,买盘
1397,10:28:12,5.12,--,56,28672,买盘
1398,10:28:09,5.12,--,122,62464,买盘
1399,10:28:06,5.12,--,131,67072,买盘
1400,10:27:57,5.12,--,279,142848,买盘
1401,10:27:48,5.12,--,359,183808,买盘
1402,10:27:45,5.12,0.01,170,87040,买盘
1403,10:27:42,5.11,--,5,2555,卖盘
1404,10:27:39,5.11,--,29,14819,卖盘
1405,10:27:33,5.11,--,26,13286,卖盘
1406,10:27:21,5.11,--,67,34237,卖盘
1407,10:27:15,5.11,--,5,2555,卖盘
1408,10:27:09,5.11,--,72,36792,卖盘
1409,10:27:06,5.11,--,25,12775,卖盘
1410,10:27:03,5.11,--,20,10220,卖盘
1411,10:26:57,5.11,--,5,2555,卖盘
1412,10:26:54,5.11,--,1,511,卖盘
1413,10:26:42,5.11,--,5,2555,卖盘
1414,10:26:39,5.11,--,50,25550,卖盘
1415,10:26:30,5.11,-0.01,32,16352,卖盘
1416,10:26:27,5.12,0.01,24,12288,买盘
1417,10:26:24,5.11,-0.01,24,12264,卖盘
1418,10:26:21,5.12,0.01,300,153600,买盘
1419,10:26:15,5.11,--,56,28616,卖盘
1420,10:26:12,5.11,--,2,1022,卖盘
1421,10:25:51,5.11,--,94,48034,卖盘
1422,10:25:48,5.11,--,188,96068,卖盘
1423,10:25:42,5.11,--,118,60298,卖盘
1424,10:25:39,5.11,--,168,85848,卖盘
1425,10:25:36,5.11,--,255,130305,卖盘
1426,10:25:27,5.11,--,35,17885,卖盘
1427,10:25:21,5.11,--,139,71029,卖盘
1428,10:25:15,5.11,--,100,51100,卖盘
1429,10:25:12,5.11,--,5,2555,卖盘
1430,10:25:03,5.11,--,49,25039,卖盘
1431,10:25:00,5.11,--,60,30660,卖盘
1432,10:24:57,5.11,--,105,53655,卖盘
1433,10:24:51,5.11,--,36,18396,卖盘
1434,10:24:48,5.11,--,200,102200,卖盘
1435,10:24:45,5.11,--,110,56210,卖盘
1436,10:24:42,5.11,--,88,44968,卖盘
1437,10:24:39,5.11,--,20,10220,卖盘
1438,10:24:33,5.11,--,161,82271,卖盘
1439,10:24:30,5.11,-0.01,26,13286,卖盘
1440,10:24:27,5.12,0.01,334,171008,买盘
1441,10:24:24,5.11,-0.01,33,16863,卖盘
1442,10:24:18,5.12,0.01,45,23040,买盘
1443,10:24:12,5.11,--,400,204400,卖盘
1444,10:24:06,5.11,--,53,27083,卖盘
1445,10:23:51,5.11,-0.01,1,511,卖盘
1446,10:23:45,5.12,0.01,11,5632,买盘
1447,10:23:39,5.11,--,30,15330,卖盘
1448,10:23:36,5.11,--,43,21973,卖盘
1449,10:23:30,5.11,--,585,298935,卖盘
1450,10:23:24,5.11,-0.01,7,3577,卖盘
1451,10:23:21,5.12,--,552,282624,买盘
1452,10:23:09,5.12,0.01,40,20480,买盘
1453,10:23:00,5.11,--,14,7154,卖盘
1454,10:22:54,5.11,-0.01,434,221774,卖盘
1455,10:22:51,5.12,0.01,70,35840,买盘
1456,10:22:48,5.11,--,293,149723,卖盘
1457,10:22:42,5.11,--,9,4599,卖盘
1458,10:22:36,5.11,--,27,13797,卖盘
1459,10:22:30,5.11,--,230,117530,卖盘
1460,10:22:27,5.11,-0.01,10,5110,卖盘
1461,10:22:21,5.12,0.01,10,5120,买盘
1462,10:22:15,5.11,--,65,33215,卖盘
1463,10:22:05,5.11,--,100,51100,卖盘
1464,10:22:02,5.11,-0.01,20,10220,卖盘
1465,10:21:56,5.12,--,2050,1049600,卖盘
1466,10:21:47,5.12,--,80,40960,卖盘
1467,10:21:41,5.12,--,50,25600,卖盘
1468,10:21:26,5.12,--,3,1536,卖盘
1469,10:21:14,5.12,--,6,3072,卖盘
1470,10:21:11,5.12,--,8,4096,卖盘
1471,10:21:05,5.12,--,8,4096,卖盘
1472,10:20:59,5.12,--,3,1536,卖盘
1473,10:20:53,5.12,-0.01,59,30208,卖盘
1474,10:20:47,5.13,0.01,71,36423,买盘
1475,10:20:32,5.12,--,69,35328,卖盘
1476,10:20:26,5.12,-0.01,12,6144,卖盘
1477,10:20:23,5.13,--,6,3078,买盘
1478,10:20:20,5.13,0.01,39,20007,买盘
1479,10:20:17,5.12,--,60,30720,卖盘
1480,10:20:14,5.12,--,584,299008,卖盘
1481,10:20:02,5.12,--,2,1024,卖盘
1482,10:19:56,5.12,--,50,25600,卖盘
1483,10:19:44,5.12,--,1,512,卖盘
1484,10:19:41,5.12,--,20,10240,卖盘
1485,10:19:38,5.12,--,3,1536,卖盘
1486,10:19:35,5.12,--,8,4096,卖盘
1487,10:19:26,5.12,-0.01,100,51200,卖盘
1488,10:19:23,5.13,0.01,800,410400,买盘
1489,10:19:14,5.12,--,274,140288,卖盘
1490,10:19:05,5.12,--,40,20480,卖盘
1491,10:19:02,5.12,--,44,22528,卖盘
1492,10:18:56,5.12,0.01,1508,772096,买盘
1493,10:18:47,5.11,--,10,5110,卖盘
1494,10:18:38,5.11,--,55,28105,卖盘
1495,10:18:35,5.11,--,123,62853,卖盘
1496,10:18:29,5.11,--,9,4599,卖盘
1497,10:18:26,5.11,--,530,270830,卖盘
1498,10:18:23,5.11,--,50,25550,卖盘
1499,10:18:17,5.11,--,2,1022,卖盘
1500,10:18:14,5.11,--,434,221774,卖盘
1501,10:18:11,5.11,--,1,511,卖盘
1502,10:18:02,5.11,-0.01,15,7665,卖盘
1503,10:17:56,5.12,--,615,314880,卖盘
1504,10:17:53,5.12,--,139,71168,卖盘
1505,10:17:50,5.12,--,63,32256,卖盘
1506,10:17:44,5.12,--,5,2560,卖盘
1507,10:17:32,5.12,-0.01,30,15360,卖盘
1508,10:17:23,5.13,0.01,10,5130,买盘
1509,10:17:20,5.12,--,8,4096,卖盘
1510,10:17:17,5.12,--,600,307200,卖盘
1511,10:17:14,5.12,--,100,51200,卖盘
1512,10:17:08,5.12,-0.01,7,3584,卖盘
1513,10:16:59,5.13,0.01,45,23085,买盘
1514,10:16:53,5.12,--,42,21504,卖盘
1515,10:16:38,5.12,-0.01,759,388608,卖盘
1516,10:16:35,5.13,--,325,166725,买盘
1517,10:16:20,5.13,--,219,112347,卖盘
1518,10:16:17,5.13,--,103,52839,卖盘
1519,10:16:14,5.13,--,178,91314,买盘
1520,10:16:08,5.13,--,408,209304,卖盘
1521,10:16:05,5.13,--,63,32319,卖盘
1522,10:16:02,5.13,-0.01,2,1026,卖盘
1523,10:15:56,5.14,0.01,44,22616,买盘
1524,10:15:53,5.13,-0.01,400,205200,卖盘
1525,10:15:50,5.14,0.01,2,1028,买盘
1526,10:15:47,5.13,--,10,5130,卖盘
1527,10:15:38,5.13,--,2,1026,卖盘
1528,10:15:29,5.13,--,8,4104,卖盘
1529,10:15:17,5.13,-0.01,5,2565,卖盘
1530,10:14:59,5.14,--,35,17990,买盘
1531,10:14:38,5.14,0.01,9,4626,买盘
1532,10:14:32,5.13,--,110,56430,卖盘
1533,10:14:29,5.13,--,13,6669,卖盘
1534,10:14:26,5.13,--,2,1026,卖盘
1535,10:14:23,5.13,--,15,7695,卖盘
1536,10:14:20,5.13,--,17,8721,卖盘
1537,10:14:11,5.13,--,4,2052,卖盘
1538,10:14:08,5.13,-0.01,3,1539,卖盘
1539,10:14:02,5.14,0.01,17,8738,买盘
1540,10:13:59,5.13,0.01,110,56430,买盘
1541,10:13:56,5.12,--,136,69632,卖盘
1542,10:13:53,5.12,--,20,10240,卖盘
1543,10:13:50,5.12,--,10,5120,卖盘
1544,10:13:41,5.12,--,2,1024,卖盘
1545,10:13:38,5.12,-0.01,29,14848,卖盘
1546,10:13:29,5.13,--,156,80028,卖盘
1547,10:13:26,5.13,--,10,5130,卖盘
1548,10:13:23,5.13,--,401,205713,卖盘
1549,10:13:20,5.13,--,7,3591,卖盘
1550,10:13:11,5.13,--,10,5130,卖盘
1551,10:13:08,5.13,--,21,10773,卖盘
1552,10:12:59,5.13,-0.01,13,6669,卖盘
1553,10:12:50,5.14,0.01,3,1542,买盘
1554,10:12:44,5.13,-0.01,13,6669,卖盘
1555,10:12:35,5.14,0.01,15,7709,买盘
1556,10:12:32,5.13,--,50,25650,卖盘
1557,10:12:29,5.13,--,1,513,卖盘
1558,10:12:26,5.13,-0.01,3,1539,卖盘
1559,10:12:23,5.14,0.01,250,128499,买盘
1560,10:12:17,5.13,--,208,106704,买盘
1561,10:12:11,5.13,0.01,102,52326,买盘
1562,10:12:08,5.12,-0.01,260,133120,卖盘
1563,10:11:53,5.13,0.01,31,15903,买盘
1564,10:11:47,5.12,-0.01,13,6656,卖盘
1565,10:11:44,5.13,--,800,410400,买盘
1566,10:11:38,5.13,--,646,331398,买盘
1567,10:11:23,5.13,0.01,1,513,买盘
1568,10:11:20,5.12,-0.01,1,512,卖盘
1569,10:11:14,5.13,0.01,66,33858,买盘
1570,10:11:11,5.12,--,444,227328,卖盘
1571,10:10:47,5.12,--,80,40960,卖盘
1572,10:10:44,5.12,--,9,4608,卖盘
1573,10:10:38,5.12,--,6,3072,卖盘
1574,10:10:35,5.12,--,15,7680,卖盘
1575,10:10:32,5.12,--,74,37888,卖盘
1576,10:10:17,5.12,--,86,44032,卖盘
1577,10:10:11,5.12,--,1169,598528,买盘
1578,10:10:05,5.12,--,342,175104,买盘
1579,10:09:59,5.12,0.01,208,106496,买盘
1580,10:09:56,5.11,-0.01,68,34748,卖盘
1581,10:09:53,5.12,--,938,480256,卖盘
1582,10:09:50,5.12,0.01,403,206336,买盘
1583,10:09:47,5.11,--,196,100156,卖盘
1584,10:09:44,5.11,--,284,145124,卖盘
1585,10:09:32,5.11,-0.01,75,38325,卖盘
1586,10:09:29,5.12,--,636,325632,卖盘
1587,10:09:26,5.12,--,1234,631808,卖盘
1588,10:09:23,5.12,--,317,162304,卖盘
1589,10:09:14,5.12,--,194,99328,卖盘
1590,10:09:11,5.12,--,782,400384,卖盘
1591,10:09:08,5.12,0.01,170,87040,买盘
1592,10:09:02,5.11,-0.01,667,340837,卖盘
1593,10:08:59,5.12,--,29,14848,买盘
1594,10:08:56,5.12,--,18,9216,买盘
1595,10:08:53,5.12,0.01,11,5632,买盘
1596,10:08:50,5.11,--,4,2044,卖盘
1597,10:08:35,5.11,-0.01,50,25550,卖盘
1598,10:08:32,5.12,-0.01,67,34304,中性盘
1599,10:08:26,5.13,0.02,200,102600,买盘
1600,10:08:17,5.11,--,2127,1087280,卖盘
1601,10:08:14,5.11,--,11,5621,卖盘
1602,10:08:11,5.11,--,314,160454,卖盘
1603,10:08:08,5.11,--,138,70518,卖盘
1604,10:08:02,5.11,--,155,79205,卖盘
1605,10:07:59,5.11,-0.01,50,25550,卖盘
1606,10:07:41,5.12,0.01,47,24064,买盘
1607,10:07:38,5.11,-0.01,2,1022,卖盘
1608,10:07:32,5.12,--,37,18944,买盘
1609,10:07:26,5.12,--,36,18432,卖盘
1610,10:07:20,5.12,--,115,58880,卖盘
1611,10:07:14,5.12,--,189,96768,买盘
1612,10:07:11,5.12,--,74,37888,卖盘
1613,10:07:08,5.12,-0.01,11,5632,卖盘
1614,10:07:05,5.13,--,2,1026,买盘
1615,10:07:02,5.13,--,8,4104,买盘
1616,10:06:53,5.13,--,331,169803,卖盘
1617,10:06:50,5.13,--,84,43092,卖盘
1618,10:06:47,5.13,--,100,51300,卖盘
1619,10:06:44,5.13,--,21,10773,卖盘
1620,10:06:41,5.13,--,60,30780,卖盘
1621,10:06:35,5.13,--,138,70794,卖盘
1622,10:06:32,5.13,--,110,56430,卖盘
1623,10:06:29,5.13,-0.01,96,49248,卖盘
1624,10:06:23,5.14,0.01,5,2570,买盘
1625,10:06:20,5.13,-0.01,7,3591,卖盘
1626,10:06:17,5.14,--,38,19532,买盘
1627,10:06:02,5.14,--,26,13364,买盘
1628,10:05:56,5.14,--,104,53456,卖盘
1629,10:05:47,5.14,--,1036,532504,卖盘
1630,10:05:44,5.14,--,10,5140,卖盘
1631,10:05:41,5.14,-0.01,5,2570,卖盘
1632,10:05:32,5.15,--,6,3090,买盘
1633,10:05:29,5.15,--,10,5150,买盘
1634,10:05:26,5.15,--,5,2575,买盘
1635,10:05:20,5.15,-0.01,34,17592,卖盘
1636,10:05:17,5.16,0.01,1049,541284,买盘
1637,10:05:14,5.15,--,623,320845,卖盘
1638,10:05:11,5.15,--,42,21630,卖盘
1639,10:05:08,5.15,--,22,11330,卖盘
1640,10:05:02,5.15,--,73,37595,卖盘
1641,10:04:59,5.15,--,551,283765,卖盘
1642,10:04:53,5.15,--,757,389855,卖盘
1643,10:04:50,5.15,--,14,7210,卖盘
1644,10:04:47,5.15,--,108,55620,卖盘
1645,10:04:44,5.15,-0.01,794,409342,卖盘
1646,10:04:41,5.16,--,6,3096,买盘
1647,10:04:35,5.16,--,57,29412,买盘
1648,10:04:32,5.16,0.01,46,23736,买盘
1649,10:04:29,5.15,-0.01,82,42230,卖盘
1650,10:04:23,5.16,-0.01,2,1032,中性盘
1651,10:04:20,5.17,0.01,77,39809,买盘
1652,10:04:17,5.16,--,140,72240,买盘
1653,10:04:11,5.16,--,163,84108,买盘
1654,10:04:05,5.16,--,446,230136,卖盘
1655,10:04:02,5.16,-0.01,150,77400,卖盘
1656,10:03:59,5.17,0.01,50,25850,买盘
1657,10:03:53,5.16,-0.01,40,20640,卖盘
1658,10:03:50,5.17,0.01,95,49115,买盘
1659,10:03:47,5.16,--,380,196080,买盘
1660,10:03:38,5.16,--,136,70176,中性盘
1661,10:03:35,5.16,0.01,517,266772,买盘
1662,10:03:32,5.15,-0.01,20,10300,卖盘
1663,10:03:29,5.16,--,56,28896,买盘
1664,10:03:26,5.16,--,73,37668,买盘
1665,10:03:23,5.16,--,20,10320,买盘
1666,10:03:20,5.16,--,154,79464,买盘
1667,10:03:17,5.16,--,62,31992,买盘
1668,10:03:14,5.16,--,23,11868,买盘
1669,10:03:11,5.16,0.01,110,56760,买盘
1670,10:03:05,5.15,--,1,515,卖盘
1671,10:02:59,5.15,--,3,1545,卖盘
1672,10:02:56,5.15,--,1766,909994,买盘
1673,10:02:50,5.15,0.02,4783,2463245,买盘
1674,10:02:44,5.13,-0.01,20,10260,卖盘
1675,10:02:41,5.14,--,931,478533,买盘
1676,10:02:37,5.14,0.01,30,15419,买盘
1677,10:02:25,5.13,--,12,6156,卖盘
1678,10:02:19,5.13,0.01,1123,576134,买盘
1679,10:02:16,5.12,--,3,1536,卖盘
1680,10:02:10,5.12,--,15,7680,卖盘
1681,10:02:07,5.12,--,32,16384,卖盘
1682,10:02:04,5.12,--,140,71680,卖盘
1683,10:02:01,5.12,--,35,17920,卖盘
1684,10:01:58,5.12,0.01,1623,830976,买盘
1685,10:01:55,5.11,-0.01,1,511,卖盘
1686,10:01:46,5.12,0.01,19,9728,买盘
1687,10:01:43,5.11,-0.01,12,6132,卖盘
1688,10:01:40,5.12,--,95,48640,买盘
1689,10:01:34,5.12,--,100,51200,买盘
1690,10:01:31,5.12,0.01,1,512,买盘
1691,10:01:28,5.11,--,10,5110,卖盘
1692,10:01:22,5.11,-0.01,10,5110,卖盘
1693,10:01:19,5.12,0.01,50,25600,买盘
1694,10:01:04,5.11,0.01,584,298424,买盘
1695,10:01:01,5.1,-0.01,50,25500,卖盘
1696,10:00:58,5.11,--,31,15841,买盘
1697,10:00:55,5.11,0.01,19,9709,买盘
1698,10:00:49,5.1,-0.01,15,7649,卖盘
1699,10:00:40,5.11,0.01,67,34237,买盘
1700,10:00:37,5.1,-0.01,51,26010,卖盘
1701,10:00:22,5.11,--,236,120596,卖盘
1702,10:00:19,5.11,--,3,1533,卖盘
1703,10:00:13,5.11,--,101,51611,卖盘
1704,10:00:07,5.11,--,26,13286,卖盘
1705,10:00:04,5.11,-0.01,424,216664,卖盘
1706,10:00:01,5.12,0.01,44,22528,买盘
1707,09:59:58,5.11,--,21,10731,卖盘
1708,09:59:55,5.11,--,13,6643,卖盘
1709,09:59:46,5.11,--,300,153300,卖盘
1710,09:59:37,5.11,--,584,298424,卖盘
1711,09:59:34,5.11,--,73,37303,卖盘
1712,09:59:28,5.11,--,21,10731,卖盘
1713,09:59:19,5.11,--,20,10220,卖盘
1714,09:59:13,5.11,--,49,25039,卖盘
1715,09:59:10,5.11,--,1,511,卖盘
1716,09:59:04,5.11,--,3,1533,卖盘
1717,09:59:01,5.11,-0.01,20,10220,卖盘
1718,09:58:55,5.12,--,20,10240,买盘
1719,09:58:52,5.12,0.01,30,15360,买盘
1720,09:58:46,5.11,-0.01,62,31682,卖盘
1721,09:58:43,5.12,--,20,10240,卖盘
1722,09:58:37,5.12,--,10,5120,卖盘
1723,09:58:31,5.12,--,20,10240,卖盘
1724,09:58:28,5.12,--,120,61440,买盘
1725,09:58:25,5.12,0.01,22,11264,买盘
1726,09:58:22,5.11,-0.01,170,86870,卖盘
1727,09:58:19,5.12,-0.01,30,15360,中性盘
1728,09:58:10,5.13,0.02,193,99009,买盘
1729,09:58:07,5.11,-0.01,20,10220,卖盘
1730,09:58:04,5.12,0.01,82,41984,买盘
1731,09:58:01,5.11,--,20,10220,卖盘
1732,09:57:58,5.11,-0.01,112,57232,卖盘
1733,09:57:49,5.12,--,100,51200,买盘
1734,09:57:43,5.12,--,90,46080,买盘
1735,09:57:34,5.12,0.01,411,210432,买盘
1736,09:57:31,5.11,-0.01,31,15841,卖盘
1737,09:57:28,5.12,0.01,403,206336,买盘
1738,09:57:25,5.11,-0.01,1,511,卖盘
1739,09:57:22,5.12,0.01,89,45568,买盘
1740,09:57:16,5.11,-0.01,1,511,卖盘
1741,09:57:10,5.12,--,98,50176,买盘
1742,09:57:07,5.12,0.01,30,15360,买盘
1743,09:56:58,5.11,--,68,34748,卖盘
1744,09:56:55,5.11,--,5,2555,卖盘
1745,09:56:52,5.11,--,12,6132,卖盘
1746,09:56:46,5.11,--,1208,617288,卖盘
1747,09:56:43,5.11,--,5,2555,买盘
1748,09:56:40,5.11,-0.01,10,5110,卖盘
1749,09:56:37,5.12,0.02,20,10240,买盘
1750,09:56:34,5.1,-0.01,155,79050,卖盘
1751,09:56:31,5.11,--,612,312732,卖盘
1752,09:56:25,5.11,-0.01,300,153300,卖盘
1753,09:56:16,5.12,0.01,84,43008,买盘
1754,09:56:13,5.11,-0.01,7,3577,卖盘
1755,09:56:07,5.12,0.01,13,6656,买盘
1756,09:56:04,5.11,--,25,12775,卖盘
1757,09:56:01,5.11,-0.01,10,5110,卖盘
1758,09:55:58,5.12,0.01,300,153600,买盘
1759,09:55:52,5.11,--,30,15330,卖盘
1760,09:55:49,5.11,--,139,71029,买盘
1761,09:55:46,5.11,--,40,20440,买盘
1762,09:55:43,5.11,--,74,37814,买盘
1763,09:55:40,5.11,--,1337,683207,买盘
1764,09:55:34,5.11,0.01,61,31171,买盘
1765,09:55:31,5.1,-0.01,4,2039,卖盘
1766,09:55:22,5.11,0.01,85,43435,买盘
1767,09:55:19,5.1,--,14,7139,卖盘
1768,09:55:16,5.1,-0.01,110,56099,卖盘
1769,09:55:13,5.11,0.01,562,287182,买盘
1770,09:55:10,5.1,-0.01,131,66810,卖盘
1771,09:55:04,5.11,0.01,110,56210,买盘
1772,09:55:01,5.1,--,92,46920,卖盘
1773,09:54:58,5.1,--,111,56609,卖盘
1774,09:54:55,5.1,--,128,65279,卖盘
1775,09:54:52,5.1,--,206,105059,卖盘
1776,09:54:49,5.1,--,78,39780,卖盘
1777,09:54:43,5.1,--,40,20400,卖盘
1778,09:54:37,5.1,--,10,5100,卖盘
1779,09:54:34,5.1,0.01,1,509,中性盘
1780,09:54:28,5.09,--,41,20869,卖盘
1781,09:54:25,5.09,-0.01,20,10180,卖盘
1782,09:54:22,5.1,0.01,1992,1015925,买盘
1783,09:54:19,5.09,--,1094,556846,卖盘
1784,09:54:16,5.09,--,30,15270,卖盘
1785,09:54:13,5.09,--,63,32067,卖盘
1786,09:54:07,5.09,-0.01,422,214798,卖盘
1787,09:54:04,5.1,0.01,13,6629,买盘
1788,09:54:01,5.09,-0.01,92,46828,卖盘
1789,09:53:49,5.1,--,392,199920,卖盘
1790,09:53:43,5.1,--,337,171870,买盘
1791,09:53:40,5.1,0.01,20,10200,买盘
1792,09:53:28,5.09,-0.01,47,23923,卖盘
1793,09:53:25,5.1,--,626,319260,买盘
1794,09:53:22,5.1,--,19,9690,买盘
1795,09:53:19,5.1,--,19,9690,买盘
1796,09:53:10,5.1,--,15,7649,买盘
1797,09:53:07,5.1,--,10,5100,买盘
1798,09:53:04,5.1,--,596,303960,卖盘
1799,09:52:58,5.1,--,382,194820,买盘
1800,09:52:55,5.1,--,209,106589,买盘
1801,09:52:52,5.1,0.01,50,25500,买盘
1802,09:52:49,5.09,-0.01,449,228541,卖盘
1803,09:52:46,5.1,--,61,31109,买盘
1804,09:52:43,5.1,--,400,204000,买盘
1805,09:52:34,5.1,--,78,39780,买盘
1806,09:52:31,5.1,0.01,10,5100,买盘
1807,09:52:25,5.09,--,3,1527,卖盘
1808,09:52:22,5.09,-0.01,15,7635,卖盘
1809,09:52:19,5.1,--,1,509,买盘
1810,09:52:10,5.1,0.01,1,509,买盘
1811,09:52:07,5.09,-0.01,695,353755,卖盘
1812,09:52:04,5.1,0.01,5,2550,买盘
1813,09:52:01,5.09,--,3,1527,卖盘
1814,09:51:58,5.09,--,4,2036,卖盘
1815,09:51:49,5.09,--,1,509,卖盘
1816,09:51:46,5.09,0.01,1083,551247,买盘
1817,09:51:43,5.08,--,106,53848,卖盘
1818,09:51:40,5.08,-0.01,20,10160,卖盘
1819,09:51:34,5.09,0.01,4,2036,买盘
1820,09:51:31,5.08,--,310,157480,卖盘
1821,09:51:28,5.08,--,62,31496,卖盘
1822,09:51:16,5.08,--,154,78232,卖盘
1823,09:51:13,5.08,--,708,359664,卖盘
1824,09:51:10,5.08,--,387,196596,卖盘
1825,09:51:07,5.08,--,9,4572,卖盘
1826,09:51:04,5.08,--,2,1016,卖盘
1827,09:51:01,5.08,-0.01,453,230124,卖盘
1828,09:50:58,5.09,0.01,9,4581,买盘
1829,09:50:55,5.08,--,119,60452,卖盘
1830,09:50:49,5.08,--,27,13716,卖盘
1831,09:50:46,5.08,--,37,18796,卖盘
1832,09:50:43,5.08,--,10,5080,卖盘
1833,09:50:37,5.08,--,94,47752,卖盘
1834,09:50:34,5.08,-0.01,3,1524,卖盘
1835,09:50:28,5.09,--,299,152191,买盘
1836,09:50:25,5.09,0.01,1,509,买盘
1837,09:50:16,5.08,-0.01,10,5080,卖盘
1838,09:50:07,5.09,--,104,52936,买盘
1839,09:50:04,5.09,--,1299,661191,卖盘
1840,09:50:01,5.09,-0.01,59,30031,卖盘
1841,09:49:58,5.1,--,8,4079,买盘
1842,09:49:55,5.1,0.01,27,13769,买盘
1843,09:49:52,5.09,-0.01,20,10180,卖盘
1844,09:49:49,5.1,0.01,801,408510,买盘
1845,09:49:46,5.09,--,16,8144,卖盘
1846,09:49:40,5.09,--,236,120124,卖盘
1847,09:49:37,5.09,-0.01,107,54463,卖盘
1848,09:49:34,5.1,0.01,20,10200,买盘
1849,09:49:31,5.09,--,56,28504,卖盘
1850,09:49:28,5.09,--,175,89075,卖盘
1851,09:49:25,5.09,-0.01,205,104345,卖盘
1852,09:49:22,5.1,--,26,13259,买盘
1853,09:49:19,5.1,0.01,87,44370,买盘
1854,09:49:10,5.09,--,644,327796,卖盘
1855,09:49:01,5.09,--,101,51409,卖盘
1856,09:48:58,5.09,--,9,4581,卖盘
1857,09:48:55,5.09,-0.01,6,3054,卖盘
1858,09:48:46,5.1,--,40,20400,买盘
1859,09:48:43,5.1,0.01,33,16830,买盘
1860,09:48:37,5.09,--,10,5090,卖盘
1861,09:48:34,5.09,--,251,127759,卖盘
1862,09:48:28,5.09,--,20,10180,卖盘
1863,09:48:25,5.09,-0.01,167,85003,卖盘
1864,09:48:22,5.1,0.01,398,202980,买盘
1865,09:48:19,5.09,--,28,14252,卖盘
1866,09:48:16,5.09,--,30,15270,卖盘
1867,09:48:10,5.09,--,279,142011,卖盘
1868,09:48:04,5.09,--,15,7635,卖盘
1869,09:48:01,5.09,--,119,60571,卖盘
1870,09:47:52,5.09,-0.01,10,5090,卖盘
1871,09:47:49,5.1,0.01,40,20400,买盘
1872,09:47:46,5.09,-0.01,100,50900,卖盘
1873,09:47:40,5.1,0.01,40,20400,买盘
1874,09:47:37,5.09,--,3,1527,卖盘
1875,09:47:34,5.09,--,9,4581,卖盘
1876,09:47:31,5.09,-0.01,59,30031,卖盘
1877,09:47:28,5.1,0.01,30,15299,买盘
1878,09:47:25,5.09,-0.01,6,3054,卖盘
1879,09:47:22,5.1,--,8,4079,买盘
1880,09:47:19,5.1,--,183,93330,卖盘
1881,09:47:16,5.1,--,10,5100,卖盘
1882,09:47:10,5.1,--,50,25500,卖盘
1883,09:47:04,5.1,--,26,13259,卖盘
1884,09:47:01,5.1,--,371,189210,买盘
1885,09:46:52,5.1,--,20,10200,买盘
1886,09:46:49,5.1,--,1,509,买盘
1887,09:46:43,5.1,--,76,38760,买盘
1888,09:46:40,5.1,--,512,261119,买盘
1889,09:46:31,5.1,--,24,12240,买盘
1890,09:46:25,5.1,0.01,100,51000,买盘
1891,09:46:19,5.09,-0.01,113,57517,卖盘
1892,09:46:13,5.1,0.01,119,60689,买盘
1893,09:46:07,5.09,-0.02,96,48864,卖盘
1894,09:46:04,5.11,0.01,144,73584,买盘
1895,09:46:01,5.1,-0.01,32,16319,卖盘
1896,09:45:58,5.11,0.02,722,368942,买盘
1897,09:45:55,5.09,-0.01,98,49882,卖盘
1898,09:45:52,5.1,--,100,51000,卖盘
1899,09:45:49,5.1,--,95,48450,买盘
1900,09:45:46,5.1,--,48,24480,卖盘
1901,09:45:43,5.1,--,430,219299,卖盘
1902,09:45:40,5.1,--,15,7649,卖盘
1903,09:45:34,5.1,0.01,176,89760,买盘
1904,09:45:31,5.09,--,47,23923,卖盘
1905,09:45:28,5.09,--,30,15270,卖盘
1906,09:45:22,5.09,--,26,13234,卖盘
1907,09:45:19,5.09,--,211,107399,卖盘
1908,09:45:16,5.09,0.01,70,35630,买盘
1909,09:45:13,5.08,--,92,46736,卖盘
1910,09:45:10,5.08,-0.01,65,33020,卖盘
1911,09:45:07,5.09,0.01,61,31049,买盘
1912,09:45:04,5.08,-0.01,235,119380,卖盘
1913,09:45:01,5.09,0.01,6,3054,买盘
1914,09:44:55,5.08,--,86,43688,卖盘
1915,09:44:52,5.08,-0.02,7,3556,卖盘
1916,09:44:49,5.1,0.01,418,213179,买盘
1917,09:44:46,5.09,--,50,25450,买盘
1918,09:44:43,5.09,-0.01,52,26468,买盘
1919,09:44:40,5.1,0.01,163,83130,买盘
1920,09:44:37,5.09,-0.01,1275,648975,卖盘
1921,09:44:34,5.1,--,179,91290,买盘
1922,09:44:25,5.1,0.01,133,67830,买盘
1923,09:44:19,5.09,--,20,10180,卖盘
1924,09:44:16,5.09,-0.02,66,33594,卖盘
1925,09:44:13,5.11,0.02,18,9198,买盘
1926,09:44:10,5.09,-0.01,333,169497,卖盘
1927,09:44:04,5.1,--,15,7649,买盘
1928,09:43:58,5.1,0.01,50,25500,买盘
1929,09:43:55,5.09,-0.02,138,70242,卖盘
1930,09:43:52,5.11,0.02,104,53144,买盘
1931,09:43:49,5.09,-0.02,20,10180,卖盘
1932,09:43:46,5.11,--,100,51100,买盘
1933,09:43:43,5.11,--,50,25550,买盘
1934,09:43:37,5.11,--,59,30149,买盘
1935,09:43:34,5.11,--,58,29638,买盘
1936,09:43:28,5.11,0.01,500,255500,买盘
1937,09:43:22,5.1,-0.01,67,34170,中性盘
1938,09:43:16,5.11,--,52,26572,买盘
1939,09:43:10,5.11,--,70,35770,买盘
1940,09:43:07,5.11,0.01,60,30660,买盘
1941,09:43:04,5.1,--,364,185640,卖盘
1942,09:43:01,5.1,--,10,5100,卖盘
1943,09:42:58,5.1,-0.01,77,39270,卖盘
1944,09:42:52,5.11,--,276,141036,买盘
1945,09:42:49,5.11,0.01,112,57232,买盘
1946,09:42:46,5.1,0.01,56,28559,中性盘
1947,09:42:43,5.09,-0.01,380,193420,卖盘
1948,09:42:40,5.1,--,697,355470,卖盘
1949,09:42:37,5.1,-0.01,80,40800,卖盘
1950,09:42:34,5.11,0.01,20,10220,买盘
1951,09:42:31,5.1,-0.01,10,5100,卖盘
1952,09:42:27,5.11,0.01,8,4088,买盘
1953,09:42:24,5.1,--,103,52529,卖盘
1954,09:42:18,5.1,--,26,13259,买盘
1955,09:42:15,5.1,--,424,216239,卖盘
1956,09:42:12,5.1,-0.01,20,10200,卖盘
1957,09:42:06,5.11,--,58,29638,卖盘
1958,09:42:03,5.11,-0.01,9,4599,中性盘
1959,09:41:57,5.12,0.04,5,2560,买盘
1960,09:41:54,5.08,-0.02,300,152400,卖盘
1961,09:41:51,5.1,-0.02,169,86190,卖盘
1962,09:41:48,5.12,0.04,10,5120,买盘
1963,09:41:45,5.08,--,3638,1848576,卖盘
1964,09:41:42,5.08,--,92,46736,卖盘
1965,09:41:39,5.08,-0.01,102,51816,卖盘
1966,09:41:36,5.09,0.01,300,152700,买盘
1967,09:41:33,5.08,--,15,7620,卖盘
1968,09:41:30,5.08,--,200,101600,卖盘
1969,09:41:24,5.08,0.02,951,483108,买盘
1970,09:41:21,5.06,-0.01,6,3035,卖盘
1971,09:41:18,5.07,--,14,7098,卖盘
1972,09:41:15,5.07,0.01,3,1521,卖盘
1973,09:41:12,5.06,--,60,30359,卖盘
1974,09:41:09,5.06,--,450,227699,卖盘
1975,09:41:06,5.06,-0.01,61,30865,卖盘
1976,09:41:03,5.07,--,104,52728,卖盘
1977,09:40:57,5.07,--,23,11661,卖盘
1978,09:40:54,5.07,--,5,2535,卖盘
1979,09:40:51,5.07,0.01,147,74529,买盘
1980,09:40:45,5.06,--,60,30359,卖盘
1981,09:40:42,5.06,--,41,20746,卖盘
1982,09:40:36,5.06,--,71,35926,卖盘
1983,09:40:33,5.06,-0.02,7,3541,卖盘
1984,09:40:30,5.08,0.02,93,47244,买盘
1985,09:40:27,5.06,0.01,193,97657,中性盘
1986,09:40:21,5.05,-0.01,101,51005,卖盘
1987,09:40:18,5.06,--,130,65780,买盘
1988,09:40:15,5.06,0.01,25,12649,买盘
1989,09:40:12,5.05,-0.01,442,223210,卖盘
1990,09:40:09,5.06,0.01,172,87032,买盘
1991,09:40:06,5.05,-0.01,350,176750,卖盘
1992,09:40:03,5.06,--,40,20240,卖盘
1993,09:40:00,5.06,-0.01,250,126499,卖盘
1994,09:39:57,5.07,0.01,4,2028,买盘
1995,09:39:51,5.06,0.01,173,87538,买盘
1996,09:39:48,5.05,-0.01,12,6060,卖盘
1997,09:39:42,5.06,--,9,4554,买盘
1998,09:39:39,5.06,--,613,310178,卖盘
1999,09:39:36,5.06,-0.01,1230,622380,卖盘
2000,09:39:33,5.07,--,235,119145,买盘
2001,09:39:30,5.07,0.01,70,35490,买盘
2002,09:39:27,5.06,--,48,24287,卖盘
2003,09:39:21,5.06,-0.01,20,10120,卖盘
2004,09:39:18,5.07,0.01,101,51207,买盘
2005,09:39:15,5.06,--,6,3035,卖盘
2006,09:39:12,5.06,-0.01,5,2530,卖盘
2007,09:39:06,5.07,--,99,50193,买盘
2008,09:39:03,5.07,--,10,5070,买盘
2009,09:38:54,5.07,--,29,14703,买盘
2010,09:38:51,5.07,-0.01,10,5070,卖盘
2011,09:38:48,5.08,--,100,50800,买盘
2012,09:38:42,5.08,0.01,19,9652,买盘
2013,09:38:39,5.07,-0.01,193,97851,卖盘
2014,09:38:30,5.08,0.03,364,184912,买盘
2015,09:38:24,5.05,-0.02,66,33330,卖盘
2016,09:38:15,5.07,0.02,500,253500,买盘
2017,09:38:09,5.05,--,35,17675,卖盘
2018,09:38:06,5.05,0.01,15,7575,卖盘
2019,09:38:03,5.04,-0.03,4,2016,卖盘
2020,09:38:00,5.07,0.03,103,52221,买盘
2021,09:37:54,5.04,-0.02,300,151200,卖盘
2022,09:37:48,5.06,0.02,916,463926,买盘
2023,09:37:45,5.04,-0.01,198,99792,卖盘
2024,09:37:42,5.05,0.01,43,21715,买盘
2025,09:37:39,5.04,--,55,27720,卖盘
2026,09:37:33,5.04,-0.01,257,129528,卖盘
2027,09:37:30,5.05,--,100,50500,买盘
2028,09:37:27,5.05,0.01,508,256540,买盘
2029,09:37:24,5.04,--,20,10080,卖盘
2030,09:37:21,5.04,-0.01,50,25200,卖盘
2031,09:37:15,5.05,-0.01,205,103525,卖盘
2032,09:37:09,5.06,--,105,53129,买盘
2033,09:37:06,5.06,--,106,53635,买盘
2034,09:37:03,5.06,--,95,48069,买盘
2035,09:37:00,5.06,--,298,150788,买盘
2036,09:36:57,5.06,--,60,30359,买盘
2037,09:36:54,5.06,0.01,88,44528,买盘
2038,09:36:51,5.05,-0.01,44,22220,卖盘
2039,09:36:45,5.06,0.01,12,6071,买盘
2040,09:36:42,5.05,--,30,15150,买盘
2041,09:36:39,5.05,--,50,25250,买盘
2042,09:36:33,5.05,0.01,44,22220,买盘
2043,09:36:27,5.04,-0.01,426,214704,卖盘
2044,09:36:24,5.05,--,11,5555,买盘
2045,09:36:21,5.05,--,78,39390,买盘
2046,09:36:18,5.05,--,392,197960,买盘
2047,09:36:15,5.05,--,2,1010,买盘
2048,09:36:12,5.05,--,20,10100,买盘
2049,09:36:09,5.05,--,5,2525,买盘
2050,09:36:03,5.05,-0.01,128,64640,卖盘
2051,09:36:00,5.06,0.02,7,3541,买盘
2052,09:35:57,5.04,--,55,27720,卖盘
2053,09:35:54,5.04,-0.02,111,55944,卖盘
2054,09:35:48,5.06,--,10,5060,买盘
2055,09:35:42,5.06,0.01,201,101705,买盘
2056,09:35:39,5.05,-0.01,51,25755,中性盘
2057,09:35:36,5.06,0.01,55,27829,买盘
2058,09:35:33,5.05,--,127,64210,卖盘
2059,09:35:30,5.05,--,230,116579,买盘
2060,09:35:27,5.05,0.01,345,174225,买盘
2061,09:35:24,5.04,--,118,59472,卖盘
2062,09:35:18,5.04,--,70,35280,卖盘
2063,09:35:15,5.04,-0.01,53,26712,卖盘
2064,09:35:12,5.05,0.01,41,20705,买盘
2065,09:35:09,5.04,--,9,4536,卖盘
2066,09:35:06,5.04,0.02,220,110880,买盘
2067,09:35:03,5.02,--,25,12549,卖盘
2068,09:34:57,5.02,--,2,1003,卖盘
2069,09:34:54,5.02,-0.01,587,295125,卖盘
2070,09:34:51,5.03,0.01,137,68911,买盘
2071,09:34:45,5.02,-0.01,162,81324,卖盘
2072,09:34:42,5.03,0.01,19,9557,买盘
2073,09:34:39,5.02,--,5,2510,卖盘
2074,09:34:36,5.02,--,3,1505,卖盘
2075,09:34:33,5.02,-0.01,4,2007,卖盘
2076,09:34:30,5.03,0.01,53,26659,买盘
2077,09:34:27,5.02,-0.01,2,1003,卖盘
2078,09:34:21,5.03,-0.01,668,336004,卖盘
2079,09:34:18,5.04,0.01,187,94248,买盘
2080,09:34:15,5.03,--,159,79977,卖盘
2081,09:34:09,5.03,--,38,19114,卖盘
2082,09:34:00,5.03,--,91,45773,卖盘
2083,09:33:54,5.03,--,24,12072,卖盘
2084,09:33:48,5.03,--,170,85510,卖盘
2085,09:33:45,5.03,0.01,18,9054,买盘
2086,09:33:39,5.02,-0.01,164,82328,卖盘
2087,09:33:33,5.03,--,35,17605,买盘
2088,09:33:30,5.03,-0.01,1,503,买盘
2089,09:33:24,5.04,--,506,255024,买盘
2090,09:33:18,5.04,0.01,117,58968,买盘
2091,09:33:15,5.03,--,130,65390,卖盘
2092,09:33:12,5.03,--,13,6539,卖盘
2093,09:33:09,5.03,-0.01,48,24144,卖盘
2094,09:33:06,5.04,0.01,20,10080,买盘
2095,09:33:00,5.03,--,238,119714,卖盘
2096,09:32:54,5.03,0.01,247,124241,买盘
2097,09:32:42,5.02,--,19,9538,买盘
2098,09:32:39,5.02,--,5,2510,买盘
2099,09:32:36,5.02,-0.02,196,98391,卖盘
2100,09:32:33,5.04,--,210,105840,卖盘
2101,09:32:27,5.04,-0.01,276,139104,卖盘
2102,09:32:24,5.05,--,129,65145,卖盘
2103,09:32:21,5.05,0.01,318,160590,买盘
2104,09:32:15,5.04,-0.01,34,17136,卖盘
2105,09:32:12,5.05,--,8,4040,买盘
2106,09:32:09,5.05,0.01,143,72215,买盘
2107,09:31:54,5.04,-0.01,55,27720,卖盘
2108,09:31:51,5.05,0.01,145,73225,买盘
2109,09:31:48,5.04,--,3,1512,卖盘
2110,09:31:45,5.04,--,256,129024,卖盘
2111,09:31:39,5.04,0.01,319,160776,买盘
2112,09:31:36,5.03,--,115,57845,卖盘
2113,09:31:30,5.03,--,82,41246,卖盘
2114,09:31:27,5.03,--,127,63881,卖盘
2115,09:31:24,5.03,--,531,267093,卖盘
2116,09:31:21,5.03,0.02,678,341034,买盘
2117,09:31:15,5.01,0.01,233,116733,买盘
2118,09:31:12,5.0,--,77,38500,卖盘
2119,09:31:09,5.0,--,202,101000,卖盘
2120,09:31:03,5.0,--,70,35000,卖盘
2121,09:30:57,5.0,--,218,109000,买盘
2122,09:30:54,5.0,--,211,105500,买盘
2123,09:30:51,5.0,0.01,55,27500,买盘
2124,09:30:45,4.99,-0.01,52,25948,卖盘
2125,09:30:39,5.0,-0.01,509,254500,卖盘
2126,09:30:33,5.01,--,15,7515,卖盘
2127,09:30:30,5.01,-0.03,88,44088,卖盘
2128,09:30:27,5.04,0.06,37,18648,买盘
2129,09:30:21,4.98,--,875,435750,卖盘
2130,09:30:18,4.98,-0.03,1438,716124,卖盘
2131,09:30:15,5.01,-0.03,207,103707,卖盘
2132,09:30:09,5.04,0.03,3530,1779200,买盘
2133,09:30:03,5.01,-0.02,579,290079,卖盘
2134,09:25:24,5.03,--,0,0,买盘
2135,09:25:03,5.03,5.03,4517,2272051,买盘
