,time,price,change,volume,amount,type
0,15:00:20,27.24,--,2012,5480688,卖盘
1,14:58:53,27.24,--,0,0,买盘
2,14:57:02,27.24,--,66,182399,卖盘
3,14:56:59,27.24,-0.01,56,152544,卖盘
4,14:56:56,27.25,--,37,100934,买盘
5,14:56:53,27.25,--,264,722016,买盘
6,14:56:47,27.25,--,7,19184,买盘
7,14:56:44,27.25,--,18,51666,买盘
8,14:56:41,27.25,--,22,59950,买盘
9,14:56:35,27.25,0.01,18,49050,买盘
10,14:56:32,27.24,-0.01,68,185232,卖盘
11,14:56:29,27.25,--,50,136250,买盘
12,14:56:26,27.25,--,25,68234,买盘
13,14:56:23,27.25,--,8,24416,买盘
14,14:56:20,27.25,0.01,68,185300,买盘
15,14:56:17,27.24,--,13,35520,卖盘
16,14:56:11,27.24,--,4,13511,卖盘
17,14:56:08,27.24,--,13,35520,卖盘
18,14:56:05,27.24,--,6,18959,卖盘
19,14:56:02,27.24,--,58,157992,买盘
20,14:55:59,27.24,0.01,16,43584,买盘
21,14:55:56,27.23,-0.01,1,2831,卖盘
22,14:55:53,27.24,0.01,10,29855,买盘
23,14:55:50,27.23,-0.01,85,231563,卖盘
24,14:55:47,27.24,-0.01,12,35303,卖盘
25,14:55:44,27.25,0.01,21,57334,买盘
26,14:55:41,27.24,--,216,588384,买盘
27,14:55:38,27.24,--,60,166055,买盘
28,14:55:35,27.24,--,10,27240,卖盘
29,14:55:32,27.24,0.01,25,68208,买盘
30,14:55:26,27.23,--,14,38122,卖盘
31,14:55:23,27.23,-0.02,10,29844,卖盘
32,14:55:20,27.25,0.02,89,242634,买盘
33,14:55:17,27.23,-0.01,8,24398,卖盘
34,14:55:14,27.24,--,55,149928,买盘
35,14:55:11,27.24,0.01,4,10896,买盘
36,14:55:08,27.23,-0.01,114,313036,卖盘
37,14:55:05,27.24,0.02,76,207024,卖盘
38,14:55:02,27.22,--,44,119768,卖盘
39,14:54:59,27.22,-0.01,3,8274,卖盘
40,14:54:56,27.23,--,16,43568,买盘
41,14:54:53,27.23,--,2,5446,买盘
42,14:54:50,27.23,--,2,8060,卖盘
43,14:54:47,27.23,0.01,36,98136,买盘
44,14:54:41,27.22,--,85,231370,卖盘
45,14:54:38,27.22,-0.03,173,470906,卖盘
46,14:54:35,27.25,0.03,172,468700,买盘
47,14:54:32,27.22,--,143,389246,卖盘
48,14:54:29,27.22,--,36,97992,卖盘
49,14:54:26,27.22,--,2,5444,卖盘
50,14:54:23,27.22,-0.01,7,19054,卖盘
51,14:54:17,27.23,0.01,15,40845,买盘
52,14:54:14,27.22,--,65,176930,买盘
53,14:54:11,27.22,--,95,258590,卖盘
54,14:54:05,27.22,--,1,2722,卖盘
55,14:54:02,27.22,-0.04,4,10888,卖盘
56,14:53:56,27.26,0.06,210,572460,买盘
57,14:53:50,27.2,-0.02,271,737120,卖盘
58,14:53:44,27.22,--,53,144266,买盘
59,14:53:41,27.22,--,18,48996,买盘
60,14:53:38,27.22,0.01,5,13610,买盘
61,14:53:35,27.21,-0.01,5,13605,卖盘
62,14:53:32,27.22,--,46,125212,买盘
63,14:53:29,27.22,0.01,20,54440,买盘
64,14:53:23,27.21,0.01,1,2721,买盘
65,14:53:20,27.2,--,2,5440,卖盘
66,14:53:17,27.2,--,4,10880,卖盘
67,14:53:11,27.2,0.01,140,382432,买盘
68,14:53:08,27.19,0.03,48,132687,买盘
69,14:52:59,27.16,--,54,146664,买盘
70,14:52:56,27.16,0.01,1,2716,买盘
71,14:52:53,27.15,-0.01,14,38010,卖盘
72,14:52:47,27.16,0.01,9,24444,买盘
73,14:52:44,27.15,-0.03,6,16290,中性盘
74,14:52:35,27.18,0.04,302,820836,买盘
75,14:52:32,27.14,-0.01,94,255116,卖盘
76,14:52:29,27.15,0.01,12,32580,中性盘
77,14:52:26,27.14,-0.02,8,21712,卖盘
78,14:52:23,27.16,0.02,51,138516,买盘
79,14:52:20,27.14,-0.01,3,8142,卖盘
80,14:52:17,27.15,0.01,182,494130,买盘
81,14:52:14,27.14,--,65,176410,卖盘
82,14:52:11,27.14,--,118,320252,买盘
83,14:52:02,27.14,0.01,6,16284,买盘
84,14:51:59,27.13,-0.01,3,8139,卖盘
85,14:51:56,27.14,0.02,56,151984,买盘
86,14:51:50,27.12,-0.01,61,167167,卖盘
87,14:51:47,27.13,--,5,13673,买盘
88,14:51:44,27.13,--,2,8030,买盘
89,14:51:41,27.13,--,2,5426,买盘
90,14:51:38,27.13,--,22,59686,买盘
91,14:51:35,27.13,0.01,1,2821,买盘
92,14:51:32,27.12,-0.01,68,184416,卖盘
93,14:51:29,27.13,--,8,24308,买盘
94,14:51:26,27.13,--,10,27130,买盘
95,14:51:23,27.13,--,2,5426,买盘
96,14:51:20,27.13,--,28,75964,买盘
97,14:51:14,27.13,--,10,28866,卖盘
98,14:51:11,27.13,--,84,230496,卖盘
99,14:51:08,27.13,-0.01,7,19099,卖盘
100,14:50:53,27.14,--,82,222548,买盘
101,14:50:50,27.14,0.01,12,32568,买盘
102,14:50:44,27.13,0.01,1,3689,买盘
103,14:50:41,27.12,-0.01,13,35364,卖盘
104,14:50:38,27.13,--,19,53174,卖盘
105,14:50:35,27.13,--,39,106783,买盘
106,14:50:32,27.13,0.02,84,229845,买盘
107,14:50:26,27.11,-0.02,51,138261,卖盘
108,14:50:23,27.13,0.01,21,56973,买盘
109,14:50:20,27.12,--,4,10848,卖盘
110,14:50:17,27.12,-0.01,15,40680,卖盘
111,14:50:14,27.13,--,8,21704,卖盘
112,14:50:11,27.13,--,165,447645,买盘
113,14:50:05,27.13,--,11,29843,买盘
114,14:50:02,27.13,0.01,68,184484,买盘
115,14:49:59,27.12,-0.01,11,29832,卖盘
116,14:49:56,27.13,--,7,18991,买盘
117,14:49:53,27.13,0.01,166,451768,买盘
118,14:49:50,27.12,--,104,282048,卖盘
119,14:49:44,27.12,--,71,192552,买盘
120,14:49:41,27.12,0.01,12,32544,买盘
121,14:49:38,27.11,-0.01,68,184348,卖盘
122,14:49:35,27.12,--,13,35256,买盘
123,14:49:32,27.12,--,2,5424,买盘
124,14:49:29,27.12,--,6,16272,买盘
125,14:49:26,27.12,--,9,24408,买盘
126,14:49:23,27.12,--,36,97632,卖盘
127,14:49:17,27.12,--,1,2712,卖盘
128,14:49:14,27.12,-0.01,18,48816,中性盘
129,14:49:11,27.13,0.02,81,219753,买盘
130,14:49:08,27.11,-0.01,88,238568,卖盘
131,14:49:02,27.12,0.01,3,8136,买盘
132,14:48:59,27.11,--,444,1203684,买盘
133,14:48:56,27.11,--,9,24399,买盘
134,14:48:53,27.11,--,26,70486,买盘
135,14:48:50,27.11,--,12,32532,买盘
136,14:48:47,27.11,--,94,254834,买盘
137,14:48:44,27.11,--,2,5422,买盘
138,14:48:41,27.11,--,15,41640,买盘
139,14:48:35,27.11,0.03,79,214169,买盘
140,14:48:32,27.08,-0.02,96,260942,卖盘
141,14:48:29,27.1,--,69,186990,卖盘
142,14:48:26,27.1,-0.03,103,279130,卖盘
143,14:48:23,27.13,0.04,8,21704,买盘
144,14:48:20,27.09,-0.02,194,525546,卖盘
145,14:48:14,27.11,--,758,2054938,买盘
146,14:48:07,27.11,--,136,368696,买盘
147,14:48:01,27.11,0.02,34,92174,买盘
148,14:47:58,27.09,-0.02,85,230265,卖盘
149,14:47:55,27.11,0.01,128,347008,买盘
150,14:47:52,27.1,-0.01,44,119240,卖盘
151,14:47:49,27.11,0.01,62,168082,买盘
152,14:47:46,27.1,--,5,13550,卖盘
153,14:47:43,27.1,-0.01,6,16260,卖盘
154,14:47:40,27.11,--,101,273811,买盘
155,14:47:37,27.11,0.02,89,241279,买盘
156,14:47:31,27.09,-0.01,49,132741,卖盘
157,14:47:25,27.1,0.01,6,16260,卖盘
158,14:47:22,27.09,-0.01,166,449694,卖盘
159,14:47:19,27.1,--,92,249320,买盘
160,14:47:16,27.1,--,30,81300,买盘
161,14:47:13,27.1,-0.03,478,1295922,卖盘
162,14:47:07,27.13,0.02,542,1472616,买盘
163,14:47:04,27.11,0.01,2,5422,买盘
164,14:47:01,27.1,0.01,57,154470,中性盘
165,14:46:58,27.09,-0.02,96,260064,卖盘
166,14:46:55,27.11,0.01,4,10844,买盘
167,14:46:52,27.1,--,234,634140,卖盘
168,14:46:49,27.1,--,42,113820,卖盘
169,14:46:46,27.1,0.01,14,37940,买盘
170,14:46:43,27.09,-0.02,486,1316574,卖盘
171,14:46:40,27.11,0.01,22,59642,买盘
172,14:46:37,27.1,-0.01,39,105690,卖盘
173,14:46:34,27.11,0.01,60,162660,买盘
174,14:46:31,27.1,-0.01,145,392950,卖盘
175,14:46:28,27.11,--,16,43376,买盘
176,14:46:25,27.11,--,29,78619,买盘
177,14:46:22,27.11,-0.01,88,238568,卖盘
178,14:46:13,27.12,--,35,94920,买盘
179,14:46:10,27.12,--,207,561384,买盘
180,14:46:07,27.12,0.01,429,1163448,买盘
181,14:45:58,27.11,--,65,176215,买盘
182,14:45:55,27.11,-0.01,340,921740,卖盘
183,14:45:52,27.12,0.01,38,104140,买盘
184,14:45:49,27.11,--,2,5422,卖盘
185,14:45:46,27.11,--,45,121995,卖盘
186,14:45:40,27.11,--,818,2217598,买盘
187,14:45:34,27.11,0.01,87,235857,买盘
188,14:45:31,27.1,-0.01,5,13550,卖盘
189,14:45:28,27.11,0.01,358,970538,买盘
190,14:45:22,27.1,-0.01,2,5420,卖盘
191,14:45:19,27.11,0.01,7,18977,买盘
192,14:45:16,27.1,--,222,601620,卖盘
193,14:45:13,27.1,-0.02,232,630346,卖盘
194,14:45:07,27.12,0.02,139,376968,买盘
195,14:45:04,27.1,--,128,346880,卖盘
196,14:45:01,27.1,--,124,336040,卖盘
197,14:44:52,27.1,-0.02,218,590780,卖盘
198,14:44:49,27.12,0.02,19,51528,买盘
199,14:44:46,27.1,-0.02,8,21680,中性盘
200,14:44:43,27.12,--,116,314592,买盘
201,14:44:40,27.12,--,274,743088,买盘
202,14:44:37,27.12,0.03,205,556502,买盘
203,14:44:31,27.09,0.01,53,143577,卖盘
204,14:44:28,27.08,-0.02,239,647212,卖盘
205,14:44:25,27.1,0.01,31,84010,买盘
206,14:44:22,27.09,--,84,227556,买盘
207,14:44:19,27.09,0.01,9,24381,中性盘
208,14:44:16,27.08,-0.04,549,1486692,卖盘
209,14:44:13,27.12,0.01,59,160008,买盘
210,14:44:10,27.11,0.02,34,92174,中性盘
211,14:44:07,27.09,-0.03,175,474075,卖盘
212,14:43:58,27.12,0.03,5,13560,买盘
213,14:43:55,27.09,0.01,278,753102,中性盘
214,14:43:49,27.08,-0.04,299,811750,卖盘
215,14:43:46,27.12,0.03,133,360696,买盘
216,14:43:43,27.09,--,113,306117,买盘
217,14:43:40,27.09,-0.04,138,373842,卖盘
218,14:43:37,27.13,--,104,282152,买盘
219,14:43:34,27.13,--,1945,5277870,买盘
220,14:43:31,27.13,--,238,645694,买盘
221,14:43:28,27.13,--,9,24417,买盘
222,14:43:25,27.13,0.02,98,265874,中性盘
223,14:43:22,27.11,-0.03,92,249412,卖盘
224,14:43:19,27.14,--,100,271400,买盘
225,14:43:16,27.14,0.03,501,1359714,买盘
226,14:43:13,27.11,-0.03,113,307969,卖盘
227,14:43:10,27.14,0.02,34,92276,买盘
228,14:43:07,27.12,-0.02,47,127464,卖盘
229,14:43:04,27.14,0.02,27,73278,买盘
230,14:42:58,27.12,--,38,103056,卖盘
231,14:42:55,27.12,0.01,0,2495,中性盘
232,14:42:52,27.11,-0.03,95,257545,卖盘
233,14:42:46,27.14,0.02,56,151984,买盘
234,14:42:43,27.12,0.01,4,10848,卖盘
235,14:42:40,27.11,-0.04,45,121995,卖盘
236,14:42:37,27.15,0.02,37,100455,买盘
237,14:42:34,27.13,-0.01,67,181771,买盘
238,14:42:31,27.14,0.03,7,18998,中性盘
239,14:42:28,27.11,-0.04,7,18977,卖盘
240,14:42:25,27.15,0.01,135,366525,买盘
241,14:42:22,27.14,0.02,85,230690,买盘
242,14:42:19,27.12,--,6,16272,买盘
243,14:42:16,27.12,0.02,69,187344,买盘
244,14:42:13,27.1,-0.02,378,1026873,卖盘
245,14:42:07,27.12,0.01,668,1811832,买盘
246,14:42:04,27.11,--,83,225013,买盘
247,14:42:01,27.11,--,2,5422,买盘
248,14:41:58,27.11,--,151,409361,买盘
249,14:41:52,27.11,-0.03,144,390384,卖盘
250,14:41:49,27.14,0.02,212,575368,买盘
251,14:41:40,27.12,0.01,81,219672,买盘
252,14:41:37,27.11,-0.01,11,29821,卖盘
253,14:41:34,27.12,0.01,100,271200,买盘
254,14:41:31,27.11,-0.01,73,197903,卖盘
255,14:41:25,27.12,0.01,75,203400,买盘
256,14:41:22,27.11,-0.01,19,51509,卖盘
257,14:41:19,27.12,0.01,90,244080,买盘
258,14:41:16,27.11,-0.01,134,363274,卖盘
259,14:41:13,27.12,0.01,14,37968,买盘
260,14:41:10,27.11,-0.04,44,119284,卖盘
261,14:41:07,27.15,--,32,86880,买盘
262,14:41:04,27.15,--,41,111315,买盘
263,14:41:01,27.15,0.03,53,143895,买盘
264,14:40:58,27.12,0.01,1,2712,卖盘
265,14:40:55,27.11,--,102,276522,卖盘
266,14:40:52,27.11,--,18,48798,卖盘
267,14:40:49,27.11,--,72,195192,卖盘
268,14:40:46,27.11,-0.01,275,745525,卖盘
269,14:40:43,27.12,--,18,48816,买盘
270,14:40:40,27.12,--,62,168144,买盘
271,14:40:37,27.12,--,7,18984,买盘
272,14:40:31,27.12,0.01,925,2510878,中性盘
273,14:40:28,27.11,-0.02,203,550441,卖盘
274,14:40:25,27.13,--,0,2604,买盘
275,14:40:22,27.13,--,93,252417,买盘
276,14:40:19,27.13,--,94,255022,买盘
277,14:40:16,27.13,--,4,13456,买盘
278,14:40:13,27.13,--,150,406950,买盘
279,14:40:10,27.13,--,62,168206,买盘
280,14:40:07,27.13,0.02,30,82909,买盘
281,14:40:04,27.11,-0.02,148,401228,卖盘
282,14:40:01,27.13,0.01,19,51547,买盘
283,14:39:58,27.12,-0.01,119,322728,卖盘
284,14:39:52,27.13,0.02,431,1169845,买盘
285,14:39:49,27.11,--,274,742814,卖盘
286,14:39:46,27.11,--,60,162660,卖盘
287,14:39:43,27.11,-0.02,78,211458,卖盘
288,14:39:40,27.13,--,2,5426,买盘
289,14:39:37,27.13,0.02,555,1505715,买盘
290,14:39:34,27.11,-0.02,56,151816,卖盘
291,14:39:31,27.13,0.02,19,51547,买盘
292,14:39:28,27.11,-0.02,43,116573,卖盘
293,14:39:19,27.13,0.03,137,371681,买盘
294,14:39:16,27.1,-0.03,45,121950,卖盘
295,14:39:13,27.13,--,12,32556,买盘
296,14:39:10,27.13,0.03,4,10852,中性盘
297,14:39:07,27.1,-0.01,67,181570,卖盘
298,14:39:04,27.11,--,8,21688,买盘
299,14:39:01,27.11,-0.04,133,360563,卖盘
300,14:38:55,27.15,0.04,5,13575,买盘
301,14:38:52,27.11,--,26,70486,卖盘
302,14:38:49,27.11,0.02,1,2711,卖盘
303,14:38:46,27.09,-0.02,313,847917,卖盘
304,14:38:43,27.11,--,8,21688,卖盘
305,14:38:40,27.11,0.01,82,222410,买盘
306,14:38:37,27.1,--,827,2241170,买盘
307,14:38:34,27.1,0.01,34,92140,买盘
308,14:38:31,27.09,-0.01,188,510917,卖盘
309,14:38:28,27.1,--,9,24390,买盘
310,14:38:25,27.1,0.01,492,1333320,买盘
311,14:38:22,27.09,-0.01,25,67725,卖盘
312,14:38:19,27.1,--,23,62330,买盘
313,14:38:16,27.1,--,212,574520,买盘
314,14:38:10,27.1,--,26,70460,买盘
315,14:38:07,27.1,0.02,12,32520,买盘
316,14:38:04,27.08,--,110,297880,卖盘
317,14:38:01,27.08,0.01,37,100196,卖盘
318,14:37:58,27.07,-0.01,436,1181876,卖盘
319,14:37:52,27.08,-0.02,146,395368,卖盘
320,14:37:49,27.1,--,689,1867190,买盘
321,14:37:46,27.1,--,6,16260,买盘
322,14:37:43,27.1,0.02,80,216800,买盘
323,14:37:40,27.08,-0.02,802,2171816,卖盘
324,14:37:37,27.1,-0.01,1155,3132651,卖盘
325,14:37:34,27.11,0.01,388,1051868,买盘
326,14:37:31,27.1,--,734,1989140,卖盘
327,14:37:28,27.1,-0.01,748,2027080,卖盘
328,14:37:25,27.11,--,712,1931207,买盘
329,14:37:22,27.11,--,47,127417,买盘
330,14:37:19,27.11,--,90,243990,买盘
331,14:37:16,27.11,0.01,33,89463,买盘
332,14:37:13,27.1,-0.03,306,829260,卖盘
333,14:37:10,27.13,0.02,313,849169,买盘
334,14:37:07,27.11,--,56,151816,卖盘
335,14:37:01,27.11,-0.02,422,1144042,卖盘
336,14:36:58,27.13,--,24,65112,买盘
337,14:36:55,27.13,-0.02,568,1540984,卖盘
338,14:36:52,27.15,--,150,407250,买盘
339,14:36:49,27.15,-0.02,1427,3875934,卖盘
340,14:36:46,27.17,0.02,3,8151,中性盘
341,14:36:43,27.15,-0.05,362,982830,卖盘
342,14:36:40,27.2,--,4,10880,买盘
343,14:36:37,27.2,0.05,195,530400,买盘
344,14:36:34,27.15,-0.02,200,543000,卖盘
345,14:36:31,27.17,0.02,147,399399,中性盘
346,14:36:28,27.15,-0.06,499,1354785,卖盘
347,14:36:25,27.21,0.04,17,46801,买盘
348,14:36:22,27.17,-0.04,505,1372085,卖盘
349,14:36:16,27.21,0.04,26,70746,买盘
350,14:36:13,27.17,--,619,1681823,卖盘
351,14:36:10,27.17,-0.04,1163,3159871,卖盘
352,14:36:04,27.21,0.03,48,130608,买盘
353,14:36:01,27.18,0.01,61,165798,卖盘
354,14:35:58,27.17,-0.02,196,532532,卖盘
355,14:35:52,27.19,--,6,16314,买盘
356,14:35:49,27.19,0.02,132,358908,卖盘
357,14:35:46,27.17,-0.02,130,353210,卖盘
358,14:35:43,27.19,0.02,73,198487,买盘
359,14:35:40,27.17,-0.01,75,203775,卖盘
360,14:35:37,27.18,-0.07,66,179388,卖盘
361,14:35:34,27.25,0.06,132,359700,买盘
362,14:35:31,27.19,0.01,110,299090,卖盘
363,14:35:28,27.18,--,158,429444,卖盘
364,14:35:25,27.18,--,186,505548,卖盘
365,14:35:22,27.18,-0.03,164,445752,卖盘
366,14:35:16,27.21,0.03,210,571410,买盘
367,14:35:13,27.18,-0.01,274,746688,卖盘
368,14:35:10,27.19,--,171,464949,买盘
369,14:35:07,27.19,--,237,644403,买盘
370,14:35:01,27.19,-0.01,105,285495,卖盘
371,14:34:55,27.2,--,255,693600,卖盘
372,14:34:52,27.2,--,100,272000,卖盘
373,14:34:49,27.2,0.02,120,326400,中性盘
374,14:34:43,27.18,-0.03,253,687654,卖盘
375,14:34:40,27.21,0.03,16,43536,买盘
376,14:34:37,27.18,--,185,502830,卖盘
377,14:34:31,27.18,--,32,86976,卖盘
378,14:34:28,27.18,--,246,668628,卖盘
379,14:34:22,27.18,-0.01,188,510984,卖盘
380,14:34:13,27.19,0.01,58,157702,中性盘
381,14:34:10,27.18,-0.03,283,769194,卖盘
382,14:34:07,27.21,0.02,12,32652,中性盘
383,14:34:04,27.19,-0.01,150,407850,卖盘
384,14:34:01,27.2,-0.01,59,160480,卖盘
385,14:33:58,27.21,-0.05,190,516990,卖盘
386,14:33:55,27.26,0.05,63,171738,买盘
387,14:33:52,27.21,0.01,174,475739,中性盘
388,14:33:49,27.2,--,116,315520,卖盘
389,14:33:43,27.2,--,75,204000,卖盘
390,14:33:40,27.2,-0.01,98,266560,卖盘
391,14:33:34,27.21,-0.04,35,95235,中性盘
392,14:33:31,27.25,0.05,269,733025,中性盘
393,14:33:25,27.2,--,209,568480,卖盘
394,14:33:19,27.2,--,27,73440,卖盘
395,14:33:16,27.2,--,205,557600,卖盘
396,14:33:13,27.2,0.01,93,255027,买盘
397,14:33:10,27.19,-0.01,160,437215,卖盘
398,14:33:07,27.2,0.01,40,108800,买盘
399,14:33:04,27.19,--,60,163140,卖盘
400,14:33:01,27.19,--,68,187502,卖盘
401,14:32:55,27.19,--,30,81570,卖盘
402,14:32:52,27.19,--,28,76132,卖盘
403,14:32:49,27.19,-0.07,122,331718,卖盘
404,14:32:46,27.26,0.06,7,19191,买盘
405,14:32:43,27.2,-0.01,290,788800,卖盘
406,14:32:40,27.21,0.01,114,310194,中性盘
407,14:32:37,27.2,-0.07,80,220211,卖盘
408,14:32:34,27.27,0.02,585,1595840,买盘
409,14:32:31,27.25,0.05,29,79134,买盘
410,14:32:19,27.2,--,100,274611,卖盘
411,14:32:16,27.2,--,26,70720,卖盘
412,14:32:13,27.2,--,128,348160,卖盘
413,14:32:10,27.2,0.01,38,103360,中性盘
414,14:32:07,27.19,--,35,95273,卖盘
415,14:32:04,27.19,0.01,20,54380,买盘
416,14:32:01,27.18,-0.01,90,247229,卖盘
417,14:31:58,27.19,-0.01,147,399801,卖盘
418,14:31:55,27.2,--,36,100531,买盘
419,14:31:52,27.2,0.01,175,478067,中性盘
420,14:31:49,27.19,-0.04,30,84180,卖盘
421,14:31:46,27.23,0.04,32,87136,买盘
422,14:31:43,27.19,-0.01,113,307355,卖盘
423,14:31:37,27.2,--,158,432371,卖盘
424,14:31:34,27.2,0.01,198,538560,买盘
425,14:31:31,27.19,-0.01,147,399801,卖盘
426,14:31:28,27.2,0.02,64,174080,买盘
427,14:31:13,27.18,-0.01,283,769194,卖盘
428,14:31:07,27.19,--,154,418726,买盘
429,14:31:04,27.19,0.01,244,663436,中性盘
430,14:30:58,27.18,-0.01,161,437598,卖盘
431,14:30:55,27.19,0.01,12,32628,中性盘
432,14:30:52,27.18,-0.01,98,266364,卖盘
433,14:30:49,27.19,0.01,91,247864,买盘
434,14:30:46,27.18,-0.01,4,10872,卖盘
435,14:30:43,27.19,0.01,41,111479,买盘
436,14:30:40,27.18,-0.01,137,372366,卖盘
437,14:30:37,27.19,0.01,143,388817,买盘
438,14:30:31,27.18,-0.02,106,288108,卖盘
439,14:30:28,27.2,--,166,451520,买盘
440,14:30:25,27.2,--,4,10880,买盘
441,14:30:22,27.2,-0.03,33,89760,卖盘
442,14:30:19,27.23,0.03,55,149765,卖盘
443,14:30:16,27.2,--,2,5440,买盘
444,14:30:10,27.2,0.01,35,95200,买盘
445,14:30:04,27.19,-0.01,37,100603,卖盘
446,14:30:01,27.2,0.01,127,346745,买盘
447,14:29:55,27.19,--,57,154983,卖盘
448,14:29:52,27.19,--,94,255586,卖盘
449,14:29:46,27.19,-0.08,92,250148,卖盘
450,14:29:43,27.27,0.07,33,89991,买盘
451,14:29:40,27.2,-0.06,7,19040,卖盘
452,14:29:37,27.26,0.07,14,38164,买盘
453,14:29:34,27.19,--,43,116917,卖盘
454,14:29:31,27.19,-0.08,41,111479,卖盘
455,14:29:28,27.27,0.01,13,37523,买盘
456,14:29:25,27.26,0.06,53,144478,买盘
457,14:29:22,27.2,--,37,100640,买盘
458,14:29:19,27.2,0.01,1,2720,中性盘
459,14:29:16,27.19,--,66,179454,卖盘
460,14:29:13,27.19,--,107,290933,卖盘
461,14:29:10,27.19,-0.01,63,171297,卖盘
462,14:29:04,27.2,-0.01,61,165920,卖盘
463,14:29:01,27.21,0.01,32,87072,买盘
464,14:28:55,27.2,--,70,190400,卖盘
465,14:28:49,27.2,-0.01,44,119680,卖盘
466,14:28:46,27.21,0.02,20,54420,买盘
467,14:28:43,27.19,-0.02,99,269181,卖盘
468,14:28:40,27.21,0.01,32,87072,卖盘
469,14:28:36,27.2,--,15,40800,卖盘
470,14:28:33,27.2,--,100,274176,卖盘
471,14:28:30,27.2,--,105,285600,卖盘
472,14:28:27,27.2,-0.07,309,840480,卖盘
473,14:28:24,27.27,0.02,40,109080,买盘
474,14:28:21,27.25,0.05,1,2725,中性盘
475,14:28:18,27.2,--,33,89760,卖盘
476,14:28:15,27.2,--,33,89760,卖盘
477,14:28:12,27.2,-0.05,26,70720,卖盘
478,14:28:09,27.25,0.03,90,245250,买盘
479,14:28:06,27.22,0.02,38,103436,中性盘
480,14:28:03,27.2,--,90,244800,卖盘
481,14:27:57,27.2,-0.07,37,100640,卖盘
482,14:27:54,27.27,0.07,105,286335,买盘
483,14:27:45,27.2,--,10,27200,卖盘
484,14:27:42,27.2,-0.03,77,209440,卖盘
485,14:27:39,27.23,-0.04,62,168826,卖盘
486,14:27:36,27.27,0.07,2,5454,买盘
487,14:27:33,27.2,-0.03,96,261120,卖盘
488,14:27:30,27.23,--,41,111643,卖盘
489,14:27:27,27.23,-0.02,39,106197,卖盘
490,14:27:24,27.25,0.02,5,13625,中性盘
491,14:27:21,27.23,-0.05,39,106197,卖盘
492,14:27:18,27.28,--,38,103664,买盘
493,14:27:15,27.28,--,3,8184,买盘
494,14:27:12,27.28,0.03,142,388467,买盘
495,14:27:06,27.25,--,45,122625,卖盘
496,14:27:03,27.25,0.02,162,441450,买盘
497,14:26:57,27.23,-0.02,34,92582,卖盘
498,14:26:54,27.25,0.07,22,59950,买盘
499,14:26:51,27.18,-0.07,603,1638954,卖盘
500,14:26:45,27.25,0.06,25,68125,中性盘
501,14:26:36,27.19,-0.1,77,209363,卖盘
502,14:26:30,27.29,0.1,88,240152,买盘
503,14:26:27,27.19,-0.09,65,176843,卖盘
504,14:26:24,27.28,--,24,65472,卖盘
505,14:26:21,27.28,0.03,464,1268410,买盘
506,14:26:18,27.25,0.07,11,29975,买盘
507,14:26:15,27.18,--,47,127746,卖盘
508,14:26:12,27.18,--,38,103284,卖盘
509,14:26:06,27.18,--,43,116874,卖盘
510,14:26:00,27.18,--,159,432162,卖盘
511,14:25:57,27.18,--,63,171234,卖盘
512,14:25:54,27.18,-0.02,120,326160,卖盘
513,14:25:51,27.2,0.02,2,5440,中性盘
514,14:25:48,27.18,--,44,119592,卖盘
515,14:25:45,27.18,--,51,138618,卖盘
516,14:25:39,27.18,--,24,65232,卖盘
517,14:25:36,27.18,-0.08,192,521856,卖盘
518,14:25:30,27.26,0.08,75,204450,买盘
519,14:25:27,27.18,--,26,70668,卖盘
520,14:25:21,27.18,--,102,277236,卖盘
521,14:25:18,27.18,-0.02,38,103284,卖盘
522,14:25:15,27.2,0.02,29,79424,买盘
523,14:25:12,27.18,--,64,173952,卖盘
524,14:25:09,27.18,--,107,290826,卖盘
525,14:25:06,27.18,--,9,24462,卖盘
526,14:25:03,27.18,-0.02,42,114156,卖盘
527,14:25:00,27.2,0.02,91,247520,中性盘
528,14:24:57,27.18,-0.01,20,54360,卖盘
529,14:24:54,27.19,0.01,143,388817,买盘
530,14:24:51,27.18,0.01,353,959454,卖盘
531,14:24:42,27.17,-0.02,29,78793,卖盘
532,14:24:39,27.19,--,77,209363,买盘
533,14:24:33,27.19,0.02,606,1648040,买盘
534,14:24:30,27.17,--,53,144109,卖盘
535,14:24:27,27.17,--,86,233662,卖盘
536,14:24:21,27.17,-0.02,94,255398,卖盘
537,14:24:15,27.19,-0.05,32,89618,卖盘
538,14:24:12,27.24,0.06,105,286128,买盘
539,14:24:09,27.18,--,14,40661,卖盘
540,14:24:06,27.18,--,56,152208,卖盘
541,14:24:03,27.18,--,185,503917,卖盘
542,14:24:00,27.18,-0.01,95,258210,卖盘
543,14:23:57,27.19,--,43,116917,买盘
544,14:23:54,27.19,--,94,255586,买盘
545,14:23:51,27.19,--,126,342594,买盘
546,14:23:45,27.19,--,15,42960,卖盘
547,14:23:42,27.19,--,85,231115,卖盘
548,14:23:36,27.19,--,23,62537,卖盘
549,14:23:33,27.19,-0.01,135,367065,卖盘
550,14:23:30,27.2,--,25,68000,卖盘
551,14:23:27,27.2,0.02,71,193664,买盘
552,14:23:21,27.18,-0.01,117,318006,卖盘
553,14:23:18,27.19,-0.01,55,149545,卖盘
554,14:23:15,27.2,--,19,51680,买盘
555,14:23:09,27.2,0.01,173,470560,中性盘
556,14:23:06,27.19,-0.06,23,62537,卖盘
557,14:23:03,27.25,0.06,262,713950,买盘
558,14:22:57,27.19,--,29,78851,卖盘
559,14:22:54,27.19,--,51,138669,卖盘
560,14:22:48,27.19,-0.01,180,489420,卖盘
561,14:22:42,27.2,--,3,8160,买盘
562,14:22:39,27.2,0.02,47,127840,买盘
563,14:22:36,27.18,-0.01,67,182106,卖盘
564,14:22:30,27.19,--,58,157702,卖盘
565,14:22:27,27.19,-0.06,56,152264,卖盘
566,14:22:24,27.25,--,15,40875,卖盘
567,14:22:21,27.25,--,68,185300,卖盘
568,14:22:18,27.25,0.07,127,346075,买盘
569,14:22:15,27.18,-0.04,120,326160,卖盘
570,14:22:12,27.22,0.03,31,84382,买盘
571,14:22:09,27.19,-0.01,7,19033,买盘
572,14:22:06,27.2,-0.02,205,557600,中性盘
573,14:22:03,27.22,0.02,89,242258,买盘
574,14:21:57,27.2,0.02,85,231200,买盘
575,14:21:54,27.18,--,55,149490,卖盘
576,14:21:51,27.18,-0.02,88,240053,卖盘
577,14:21:48,27.2,0.02,60,164179,买盘
578,14:21:42,27.18,-0.01,124,337032,卖盘
579,14:21:39,27.19,--,5,13595,买盘
580,14:21:36,27.19,--,39,106041,买盘
581,14:21:33,27.19,-0.01,18,48942,卖盘
582,14:21:30,27.2,-0.02,39,107820,卖盘
583,14:21:27,27.22,--,16,43552,卖盘
584,14:21:24,27.22,-0.03,42,114324,卖盘
585,14:21:21,27.25,0.06,205,559606,买盘
586,14:21:15,27.19,--,23,62537,买盘
587,14:21:12,27.19,-0.01,124,337156,卖盘
588,14:21:09,27.2,0.01,96,261120,买盘
589,14:21:06,27.19,--,16,43504,卖盘
590,14:21:03,27.19,-0.01,96,261024,卖盘
591,14:21:00,27.2,-0.05,181,492864,卖盘
592,14:20:57,27.25,0.05,4,10900,买盘
593,14:20:54,27.2,-0.02,43,116960,卖盘
594,14:20:48,27.22,--,27,73494,买盘
595,14:20:45,27.22,-0.03,69,187818,中性盘
596,14:20:42,27.25,0.03,51,138975,买盘
597,14:20:39,27.22,0.01,117,318474,卖盘
598,14:20:30,27.21,-0.06,187,511003,卖盘
599,14:20:27,27.27,--,98,267246,买盘
600,14:20:18,27.27,--,1,2727,买盘
601,14:20:15,27.27,0.06,136,370872,买盘
602,14:20:12,27.21,-0.06,10,27210,卖盘
603,14:20:09,27.27,0.06,21,57267,买盘
604,14:20:06,27.21,0.01,8,21768,中性盘
605,14:20:03,27.2,-0.01,87,236640,卖盘
606,14:20:00,27.21,-0.06,10,27210,卖盘
607,14:19:57,27.27,0.05,88,239976,买盘
608,14:19:54,27.22,0.02,37,100714,买盘
609,14:19:51,27.2,-0.02,60,163200,卖盘
610,14:19:45,27.22,0.02,2,5444,卖盘
611,14:19:39,27.2,-0.05,65,176800,卖盘
612,14:19:36,27.25,-0.01,118,321550,买盘
613,14:19:30,27.26,0.05,68,185368,买盘
614,14:19:27,27.21,0.01,17,46257,中性盘
615,14:19:21,27.2,--,16,43520,卖盘
616,14:19:18,27.2,-0.06,57,155040,卖盘
617,14:19:15,27.26,0.07,90,245340,买盘
618,14:19:09,27.19,-0.03,208,567400,卖盘
619,14:19:06,27.22,--,28,76216,买盘
620,14:19:03,27.22,0.03,29,78938,买盘
621,14:19:00,27.19,--,56,152264,卖盘
622,14:18:57,27.19,-0.03,73,198487,卖盘
623,14:18:54,27.22,--,1,2722,买盘
624,14:18:51,27.22,0.03,1,2722,买盘
625,14:18:48,27.19,--,62,168578,卖盘
626,14:18:42,27.19,-0.06,133,363258,卖盘
627,14:18:39,27.25,--,1,2725,买盘
628,14:18:36,27.25,--,70,190750,买盘
629,14:18:30,27.25,-0.01,12,32700,卖盘
630,14:18:27,27.26,0.01,15,40890,买盘
631,14:18:24,27.25,--,10,27250,卖盘
632,14:18:21,27.25,--,58,158050,卖盘
633,14:18:18,27.25,--,20,54500,卖盘
634,14:18:15,27.25,0.05,28,76300,买盘
635,14:18:12,27.2,-0.01,78,212160,卖盘
636,14:18:06,27.21,-0.01,12,32652,中性盘
637,14:18:03,27.22,0.04,47,127934,买盘
638,14:18:00,27.18,-0.02,72,195696,卖盘
639,14:17:57,27.2,0.01,27,73440,买盘
640,14:17:54,27.19,0.01,10,27190,买盘
641,14:17:51,27.18,-0.02,355,967064,卖盘
642,14:17:48,27.2,0.02,198,538560,中性盘
643,14:17:39,27.18,-0.01,68,184824,卖盘
644,14:17:36,27.19,-0.07,1,2719,中性盘
645,14:17:30,27.26,0.04,86,234436,买盘
646,14:17:27,27.22,0.03,1,2722,卖盘
647,14:17:24,27.19,0.01,22,59926,买盘
648,14:17:15,27.18,-0.01,139,377802,卖盘
649,14:17:12,27.19,0.01,1,2719,中性盘
650,14:17:06,27.18,-0.02,74,201132,卖盘
651,14:17:03,27.2,--,65,176800,卖盘
652,14:16:57,27.2,0.01,9,24480,卖盘
653,14:16:54,27.19,--,83,225677,卖盘
654,14:16:48,27.19,-0.05,121,328999,卖盘
655,14:16:45,27.24,0.04,88,239712,买盘
656,14:16:42,27.2,--,15,40800,卖盘
657,14:16:36,27.2,--,29,78880,卖盘
658,14:16:33,27.2,-0.04,293,797721,卖盘
659,14:16:30,27.24,0.06,33,89892,买盘
660,14:16:24,27.18,-0.01,67,182106,卖盘
661,14:16:21,27.19,-0.02,22,59818,卖盘
662,14:16:18,27.21,-0.04,50,136050,中性盘
663,14:16:12,27.25,0.07,76,207100,买盘
664,14:16:09,27.18,-0.02,110,300067,卖盘
665,14:16:06,27.2,0.02,66,181152,买盘
666,14:16:00,27.18,-0.02,97,263646,卖盘
667,14:15:57,27.2,--,9,24480,买盘
668,14:15:54,27.2,0.01,6,16320,买盘
669,14:15:51,27.19,-0.01,118,320842,卖盘
670,14:15:48,27.2,--,58,157760,卖盘
671,14:15:45,27.2,0.01,38,103360,卖盘
672,14:15:39,27.19,--,62,168578,卖盘
673,14:15:30,27.19,--,23,62537,卖盘
674,14:15:27,27.19,-0.02,60,163140,卖盘
675,14:15:24,27.21,0.03,15,40815,卖盘
676,14:15:18,27.18,-0.07,61,165798,卖盘
677,14:15:15,27.25,0.03,82,223450,买盘
678,14:15:12,27.22,0.01,6,18182,买盘
679,14:15:09,27.21,0.03,12,32652,卖盘
680,14:15:06,27.18,-0.04,62,168516,卖盘
681,14:15:00,27.22,--,112,304864,买盘
682,14:14:57,27.22,0.03,51,140346,买盘
683,14:14:54,27.19,-0.03,117,319319,卖盘
684,14:14:48,27.22,0.02,15,40830,中性盘
685,14:14:42,27.2,-0.02,75,204000,卖盘
686,14:14:39,27.22,0.02,29,78938,中性盘
687,14:14:33,27.2,--,45,122400,卖盘
688,14:14:30,27.2,-0.05,138,377644,卖盘
689,14:14:27,27.25,0.05,25,68125,买盘
690,14:14:21,27.2,-0.02,61,165920,卖盘
691,14:14:18,27.22,--,5,13610,买盘
692,14:14:15,27.22,0.01,77,209594,买盘
693,14:14:12,27.21,-0.01,38,103398,卖盘
694,14:14:06,27.22,0.01,40,108880,中性盘
695,14:14:03,27.21,-0.04,35,95235,卖盘
696,14:14:00,27.25,-0.01,62,168950,卖盘
697,14:13:57,27.26,0.05,5,13630,买盘
698,14:13:51,27.21,--,83,226713,卖盘
699,14:13:48,27.21,--,37,100677,卖盘
700,14:13:45,27.21,-0.01,31,84351,卖盘
701,14:13:42,27.22,0.01,25,68050,中性盘
702,14:13:39,27.21,--,21,57141,卖盘
703,14:13:36,27.21,-0.04,79,214959,卖盘
704,14:13:33,27.25,0.04,2,5450,中性盘
705,14:13:30,27.21,--,152,413592,卖盘
706,14:13:27,27.21,--,52,141492,卖盘
707,14:13:24,27.21,--,27,73467,卖盘
708,14:13:21,27.21,--,19,51699,卖盘
709,14:13:18,27.21,--,211,574131,卖盘
710,14:13:15,27.21,--,183,497943,卖盘
711,14:13:12,27.21,--,67,184755,卖盘
712,14:13:06,27.21,--,87,236727,卖盘
713,14:13:03,27.21,--,75,204075,卖盘
714,14:13:00,27.21,-0.07,11,29931,卖盘
715,14:12:57,27.28,0.08,7,19096,买盘
716,14:12:54,27.2,-0.08,57,155040,卖盘
717,14:12:51,27.28,0.07,97,266962,买盘
718,14:12:48,27.21,--,22,59862,买盘
719,14:12:42,27.21,0.01,59,160539,买盘
720,14:12:39,27.2,-0.01,125,340000,卖盘
721,14:12:36,27.21,--,65,176865,买盘
722,14:12:33,27.21,0.01,32,87072,买盘
723,14:12:30,27.2,-0.01,217,590240,卖盘
724,14:12:27,27.21,--,26,70746,卖盘
725,14:12:24,27.21,--,77,209517,卖盘
726,14:12:21,27.21,--,29,78909,卖盘
727,14:12:18,27.21,-0.07,197,536037,卖盘
728,14:12:15,27.28,0.07,56,152768,买盘
729,14:12:12,27.21,--,6,16326,卖盘
730,14:12:09,27.21,--,104,282984,卖盘
731,14:12:06,27.21,--,41,111561,卖盘
732,14:12:03,27.21,--,93,253053,卖盘
733,14:12:00,27.21,-0.05,34,92514,卖盘
734,14:11:57,27.26,0.04,36,98136,买盘
735,14:11:54,27.22,0.02,68,185096,买盘
736,14:11:51,27.2,--,162,442924,卖盘
737,14:11:48,27.2,--,29,78880,卖盘
738,14:11:45,27.2,--,55,149600,卖盘
739,14:11:42,27.2,-0.05,108,293760,卖盘
740,14:11:39,27.25,0.03,92,250700,买盘
741,14:11:36,27.22,--,29,78938,卖盘
742,14:11:30,27.22,--,75,204150,卖盘
743,14:11:27,27.22,--,77,209594,卖盘
744,14:11:24,27.22,0.02,177,483971,买盘
745,14:11:18,27.2,--,12,32640,卖盘
746,14:11:15,27.2,-0.01,113,307360,卖盘
747,14:11:12,27.21,-0.05,105,285705,卖盘
748,14:11:09,27.26,0.04,1,2726,买盘
749,14:11:06,27.22,0.01,40,108880,中性盘
750,14:11:03,27.21,-0.01,59,160539,卖盘
751,14:11:00,27.22,--,43,117046,卖盘
752,14:10:57,27.22,--,5,13610,卖盘
753,14:10:54,27.22,--,46,125212,买盘
754,14:10:51,27.22,--,165,449130,买盘
755,14:10:48,27.22,--,11,29942,买盘
756,14:10:42,27.22,0.01,37,100714,买盘
757,14:10:39,27.21,--,37,100677,卖盘
758,14:10:33,27.21,-0.01,33,89793,卖盘
759,14:10:30,27.22,-0.01,6,16332,卖盘
760,14:10:27,27.23,-0.03,15,40845,买盘
761,14:10:21,27.26,--,34,94973,卖盘
762,14:10:18,27.26,--,38,103588,卖盘
763,14:10:15,27.26,-0.01,172,468872,卖盘
764,14:10:12,27.27,-0.01,49,133623,卖盘
765,14:10:09,27.28,0.01,65,177320,买盘
766,14:10:06,27.27,--,46,125442,卖盘
767,14:10:02,27.27,0.01,25,68175,中性盘
768,14:09:59,27.26,--,30,81780,卖盘
769,14:09:56,27.26,--,30,81780,卖盘
770,14:09:53,27.26,--,38,103588,卖盘
771,14:09:50,27.26,--,21,58445,卖盘
772,14:09:47,27.26,-0.01,35,95410,卖盘
773,14:09:44,27.27,-0.01,38,103626,中性盘
774,14:09:38,27.28,0.02,10,27280,买盘
775,14:09:35,27.26,--,59,162796,卖盘
776,14:09:32,27.26,--,28,76328,卖盘
777,14:09:29,27.26,0.06,13,35438,中性盘
778,14:09:26,27.2,--,32,87040,卖盘
779,14:09:23,27.2,-0.07,131,356320,卖盘
780,14:09:20,27.27,0.07,415,1131705,买盘
781,14:09:17,27.2,-0.06,107,291040,卖盘
782,14:09:11,27.26,0.05,111,302586,买盘
783,14:09:08,27.21,-0.05,46,125166,卖盘
784,14:09:05,27.26,0.07,19,51794,买盘
785,14:09:02,27.19,-0.05,67,182173,卖盘
786,14:08:59,27.24,0.05,31,84444,买盘
787,14:08:56,27.19,-0.07,1,2719,卖盘
788,14:08:53,27.26,--,4,10904,买盘
789,14:08:50,27.26,0.08,74,201724,买盘
790,14:08:47,27.18,--,30,81540,卖盘
791,14:08:44,27.18,-0.06,71,192978,卖盘
792,14:08:38,27.24,0.04,38,103512,买盘
793,14:08:35,27.2,--,13,36448,买盘
794,14:08:32,27.2,--,6,16320,卖盘
795,14:08:29,27.2,--,34,92480,卖盘
796,14:08:26,27.2,0.04,26,70720,卖盘
797,14:08:20,27.16,-0.04,503,1367125,卖盘
798,14:08:17,27.2,-0.02,124,337280,卖盘
799,14:08:14,27.22,0.04,164,448367,买盘
800,14:08:08,27.18,--,61,165798,卖盘
801,14:08:02,27.18,--,52,143510,卖盘
802,14:07:59,27.18,--,24,65232,卖盘
803,14:07:56,27.18,-0.01,33,89694,卖盘
804,14:07:53,27.19,--,70,190873,卖盘
805,14:07:50,27.19,-0.01,38,105497,卖盘
806,14:07:47,27.2,0.01,9,24480,中性盘
807,14:07:44,27.19,-0.01,54,146826,卖盘
808,14:07:41,27.2,-0.01,26,70720,卖盘
809,14:07:38,27.21,0.01,12,32652,买盘
810,14:07:35,27.2,--,58,157760,卖盘
811,14:07:32,27.2,-0.01,28,76160,卖盘
812,14:07:29,27.21,0.01,10,27210,买盘
813,14:07:26,27.2,--,5,13600,卖盘
814,14:07:23,27.2,0.02,138,375360,买盘
815,14:07:20,27.18,-0.02,24,65232,卖盘
816,14:07:17,27.2,-0.01,1,2720,中性盘
817,14:07:14,27.21,0.01,80,217680,买盘
818,14:07:11,27.2,-0.02,95,258617,卖盘
819,14:07:08,27.22,0.02,14,38108,中性盘
820,14:07:05,27.2,--,188,511360,卖盘
821,14:06:59,27.2,--,29,78880,卖盘
822,14:06:53,27.2,--,8,21760,卖盘
823,14:06:50,27.2,-0.03,146,397120,卖盘
824,14:06:47,27.23,0.03,36,98028,买盘
825,14:06:38,27.2,--,3,8160,卖盘
826,14:06:35,27.2,--,38,103360,卖盘
827,14:06:29,27.2,--,177,483072,卖盘
828,14:06:26,27.2,--,122,332710,买盘
829,14:06:23,27.2,0.01,457,1243040,买盘
830,14:06:20,27.19,--,52,141388,买盘
831,14:06:17,27.19,-0.01,23,62537,卖盘
832,14:06:14,27.2,--,88,239360,买盘
833,14:06:11,27.2,--,54,146880,买盘
834,14:06:08,27.2,--,65,178649,卖盘
835,14:06:05,27.2,--,46,125120,卖盘
836,14:06:02,27.2,--,32,87040,卖盘
837,14:05:59,27.2,--,32,87040,卖盘
838,14:05:56,27.2,-0.01,107,291040,卖盘
839,14:05:53,27.21,-0.02,158,429918,卖盘
840,14:05:50,27.23,-0.03,38,103474,卖盘
841,14:05:44,27.26,0.03,10,27260,买盘
842,14:05:38,27.23,0.03,52,141596,买盘
843,14:05:35,27.2,--,161,437920,卖盘
844,14:05:29,27.2,--,184,500480,卖盘
845,14:05:26,27.2,--,32,87040,卖盘
846,14:05:23,27.2,-0.01,15,40800,卖盘
847,14:05:20,27.21,--,5,13605,买盘
848,14:05:17,27.21,0.01,86,234006,中性盘
849,14:05:14,27.2,-0.06,139,378080,卖盘
850,14:05:11,27.26,0.04,18,49068,中性盘
851,14:05:08,27.22,-0.05,32,87104,卖盘
852,14:05:05,27.27,0.01,133,362691,买盘
853,14:04:59,27.26,0.01,1,2726,买盘
854,14:04:56,27.25,--,27,73575,卖盘
855,14:04:53,27.25,--,88,239800,卖盘
856,14:04:50,27.25,0.05,156,425100,卖盘
857,14:04:44,27.2,--,34,92480,卖盘
858,14:04:41,27.2,-0.01,136,369920,卖盘
859,14:04:38,27.21,--,69,187749,卖盘
860,14:04:32,27.21,-0.04,314,854394,卖盘
861,14:04:29,27.25,--,63,171675,买盘
862,14:04:26,27.25,--,9,26378,卖盘
863,14:04:23,27.25,-0.02,118,321550,卖盘
864,14:04:20,27.27,0.02,34,92718,买盘
865,14:04:17,27.25,--,122,332450,卖盘
866,14:04:14,27.25,--,79,215275,卖盘
867,14:04:08,27.25,-0.01,87,237075,卖盘
868,14:04:05,27.26,--,69,188094,卖盘
869,14:04:02,27.26,0.01,27,73602,买盘
870,14:03:59,27.25,-0.01,116,316100,卖盘
871,14:03:56,27.26,--,70,190820,买盘
872,14:03:53,27.26,0.01,35,95410,买盘
873,14:03:50,27.25,--,49,134397,卖盘
874,14:03:47,27.25,0.03,37,100825,卖盘
875,14:03:44,27.22,-0.03,148,402856,卖盘
876,14:03:41,27.25,-0.01,32,87200,卖盘
877,14:03:38,27.26,0.06,88,240760,买盘
878,14:03:35,27.2,--,161,437920,卖盘
879,14:03:26,27.2,--,62,168640,卖盘
880,14:03:23,27.2,-0.05,175,477849,卖盘
881,14:03:17,27.25,--,137,373325,卖盘
882,14:03:14,27.25,--,32,87200,卖盘
883,14:03:11,27.25,--,114,313157,卖盘
884,14:03:08,27.25,-0.02,6,16350,卖盘
885,14:03:05,27.27,0.02,51,139077,买盘
886,14:03:02,27.25,0.05,150,409840,买盘
887,14:02:59,27.2,-0.05,273,742560,卖盘
888,14:02:53,27.25,--,243,662175,买盘
889,14:02:50,27.25,--,50,136250,买盘
890,14:02:47,27.25,0.05,58,158050,买盘
891,14:02:44,27.2,-0.05,19,51680,卖盘
892,14:02:41,27.25,0.05,82,223450,买盘
893,14:02:38,27.2,-0.01,108,293760,卖盘
894,14:02:35,27.21,-0.06,92,250332,卖盘
895,14:02:29,27.27,0.07,15,40905,买盘
896,14:02:26,27.2,-0.05,74,201280,卖盘
897,14:02:23,27.25,-0.01,23,62675,卖盘
898,14:02:17,27.26,--,30,81780,卖盘
899,14:02:14,27.26,--,150,408900,买盘
900,14:02:11,27.26,0.06,50,136300,买盘
901,14:02:08,27.2,--,42,114240,卖盘
902,14:02:05,27.2,-0.05,89,242080,卖盘
903,14:02:02,27.25,0.09,10,27250,卖盘
904,14:01:59,27.16,--,88,239008,卖盘
905,14:01:53,27.16,--,31,84196,卖盘
906,14:01:50,27.16,-0.09,52,141232,卖盘
907,14:01:47,27.25,0.1,37,100825,买盘
908,14:01:44,27.15,-0.01,70,190050,卖盘
909,14:01:38,27.16,-0.1,32,86912,中性盘
910,14:01:35,27.26,0.1,211,575186,买盘
911,14:01:29,27.16,--,56,152096,卖盘
912,14:01:26,27.16,-0.09,36,97776,中性盘
913,14:01:20,27.25,--,66,179850,卖盘
914,14:01:17,27.25,0.11,143,390765,买盘
915,14:01:08,27.14,-0.1,24,65136,卖盘
916,14:01:05,27.24,0.1,133,362292,卖盘
917,14:01:02,27.14,--,18,48852,卖盘
918,14:00:59,27.14,--,32,86848,卖盘
919,14:00:56,27.14,-0.1,14,37996,卖盘
920,14:00:53,27.24,0.1,34,92616,买盘
921,14:00:50,27.14,-0.1,30,81420,卖盘
922,14:00:47,27.24,0.1,51,138924,买盘
923,14:00:41,27.14,--,58,157412,卖盘
924,14:00:38,27.14,-0.01,97,263258,卖盘
925,14:00:35,27.15,0.02,3,8145,卖盘
926,14:00:32,27.13,-0.09,98,268044,卖盘
927,14:00:29,27.22,0.09,46,125212,买盘
928,14:00:26,27.13,--,102,276726,卖盘
929,14:00:23,27.13,--,86,233318,卖盘
930,14:00:20,27.13,-0.01,30,81390,卖盘
931,14:00:17,27.14,--,9,24426,卖盘
932,14:00:11,27.14,-0.08,24,65136,卖盘
933,14:00:08,27.22,0.09,187,509014,买盘
934,14:00:05,27.13,--,3,8139,买盘
935,13:59:59,27.13,-0.02,44,119372,卖盘
936,13:59:56,27.15,--,25,67875,卖盘
937,13:59:53,27.15,-0.05,29,78735,卖盘
938,13:59:50,27.2,0.07,394,1072387,买盘
939,13:59:47,27.13,0.01,56,151928,中性盘
940,13:59:41,27.12,-0.02,43,116616,卖盘
941,13:59:38,27.14,--,10,27140,卖盘
942,13:59:35,27.14,0.01,156,423384,中性盘
943,13:59:26,27.13,-0.02,137,371681,卖盘
944,13:59:23,27.15,0.02,39,105885,买盘
945,13:59:20,27.13,-0.01,43,116659,卖盘
946,13:59:17,27.14,0.01,22,59708,中性盘
947,13:59:11,27.13,-0.02,57,156811,卖盘
948,13:59:08,27.15,0.01,30,81450,卖盘
949,13:59:05,27.14,-0.01,65,176410,卖盘
950,13:59:02,27.15,--,30,81450,卖盘
951,13:58:59,27.15,--,1,2715,卖盘
952,13:58:56,27.15,0.03,138,374670,中性盘
953,13:58:50,27.12,--,28,75936,卖盘
954,13:58:47,27.12,-0.01,262,711900,卖盘
955,13:58:44,27.13,--,3,8139,买盘
956,13:58:41,27.13,--,198,537174,买盘
957,13:58:38,27.13,--,141,384866,买盘
958,13:58:35,27.13,--,506,1372778,买盘
959,13:58:32,27.13,0.01,5,13565,买盘
960,13:58:29,27.12,-0.03,132,357984,卖盘
961,13:58:26,27.15,0.02,133,361095,买盘
962,13:58:23,27.13,--,278,754214,卖盘
963,13:58:17,27.13,-0.02,34,92242,卖盘
964,13:58:14,27.15,-0.01,22,59730,卖盘
965,13:58:11,27.16,0.03,1,2716,中性盘
966,13:58:08,27.13,-0.02,813,2205669,卖盘
967,13:58:05,27.15,--,77,209055,卖盘
968,13:57:59,27.15,--,70,190050,卖盘
969,13:57:56,27.15,-0.05,37,100455,卖盘
970,13:57:53,27.2,--,85,232777,买盘
971,13:57:50,27.2,0.05,34,92480,买盘
972,13:57:41,27.15,--,32,86880,卖盘
973,13:57:38,27.15,-0.05,46,124890,卖盘
974,13:57:35,27.2,0.05,106,288320,买盘
975,13:57:32,27.15,--,59,160185,买盘
976,13:57:29,27.15,--,124,336660,买盘
977,13:57:23,27.15,--,32,86880,买盘
978,13:57:20,27.15,--,40,108600,买盘
979,13:57:17,27.15,--,3,8145,买盘
980,13:57:14,27.15,0.01,22,59730,买盘
981,13:57:11,27.14,-0.04,130,354719,卖盘
982,13:57:08,27.18,0.03,84,230432,买盘
983,13:57:05,27.15,0.01,12,32580,中性盘
984,13:57:02,27.14,-0.01,27,73278,卖盘
985,13:56:59,27.15,--,33,89595,卖盘
986,13:56:56,27.15,-0.02,9,24435,卖盘
987,13:56:53,27.17,0.03,26,70642,买盘
988,13:56:50,27.14,-0.01,92,251316,卖盘
989,13:56:47,27.15,0.01,10,27150,买盘
990,13:56:44,27.14,--,94,255116,卖盘
991,13:56:41,27.14,-0.01,28,75992,卖盘
992,13:56:38,27.15,--,60,162900,买盘
993,13:56:35,27.15,0.02,12,32580,买盘
994,13:56:29,27.13,-0.01,131,355403,卖盘
995,13:56:26,27.14,-0.01,33,89562,卖盘
996,13:56:20,27.15,0.01,21,57015,卖盘
997,13:56:17,27.14,0.01,26,70564,中性盘
998,13:56:14,27.13,-0.04,73,198049,卖盘
999,13:56:11,27.17,--,703,1912496,买盘
1000,13:56:08,27.17,0.03,100,271700,买盘
1001,13:56:05,27.14,--,544,1476470,买盘
1002,13:56:02,27.14,--,9,24426,买盘
1003,13:55:59,27.14,--,64,173696,买盘
1004,13:55:56,27.14,--,42,113988,买盘
1005,13:55:53,27.14,-0.04,285,773598,卖盘
1006,13:55:50,27.18,--,3,8154,买盘
1007,13:55:47,27.18,--,32,86976,买盘
1008,13:55:44,27.18,--,99,269082,买盘
1009,13:55:41,27.18,--,1,2718,买盘
1010,13:55:38,27.18,0.03,53,144054,买盘
1011,13:55:35,27.15,0.01,30,81450,卖盘
1012,13:55:32,27.14,-0.04,154,417956,卖盘
1013,13:55:29,27.18,--,97,263646,买盘
1014,13:55:26,27.18,0.04,27,73386,买盘
1015,13:55:20,27.14,-0.04,211,572654,卖盘
1016,13:55:17,27.18,--,1,2718,买盘
1017,13:55:14,27.18,0.03,46,125028,买盘
1018,13:55:11,27.15,--,533,1447095,卖盘
1019,13:55:08,27.15,-0.03,103,279645,卖盘
1020,13:55:05,27.18,0.04,213,578934,买盘
1021,13:55:02,27.14,-0.01,27,73278,卖盘
1022,13:54:59,27.15,0.01,34,92310,卖盘
1023,13:54:56,27.14,--,36,97704,卖盘
1024,13:54:53,27.14,-0.02,660,1791240,卖盘
1025,13:54:50,27.16,0.01,27,73332,中性盘
1026,13:54:47,27.15,-0.04,100,271500,卖盘
1027,13:54:44,27.19,0.04,1,2719,买盘
1028,13:54:41,27.15,--,114,310161,卖盘
1029,13:54:38,27.15,--,31,84165,卖盘
1030,13:54:35,27.15,--,110,301256,卖盘
1031,13:54:32,27.15,--,29,78735,卖盘
1032,13:54:29,27.15,-0.01,133,361095,卖盘
1033,13:54:26,27.16,-0.04,64,173824,卖盘
1034,13:54:23,27.2,0.05,1,2720,买盘
1035,13:54:20,27.15,--,26,70590,卖盘
1036,13:54:17,27.15,-0.05,103,279645,卖盘
1037,13:54:14,27.2,--,5,13600,买盘
1038,13:54:08,27.2,0.04,57,155040,买盘
1039,13:54:05,27.16,--,128,347648,卖盘
1040,13:54:02,27.16,0.01,31,84196,中性盘
1041,13:53:59,27.15,-0.01,81,219915,卖盘
1042,13:53:56,27.16,--,70,190120,买盘
1043,13:53:53,27.16,0.01,96,260736,中性盘
1044,13:53:50,27.15,-0.02,169,458997,卖盘
1045,13:53:47,27.17,0.01,17,46189,买盘
1046,13:53:44,27.16,0.01,107,290612,中性盘
1047,13:53:41,27.15,--,47,127605,卖盘
1048,13:53:35,27.15,--,108,293220,卖盘
1049,13:53:32,27.15,--,36,97740,卖盘
1050,13:53:29,27.15,-0.01,147,399105,卖盘
1051,13:53:23,27.16,--,48,130368,卖盘
1052,13:53:20,27.16,-0.03,66,179256,卖盘
1053,13:53:17,27.19,--,1,2719,买盘
1054,13:53:14,27.19,-0.02,43,116917,买盘
1055,13:53:11,27.21,0.05,122,331962,买盘
1056,13:53:05,27.16,--,23,62468,卖盘
1057,13:52:59,27.16,-0.05,32,86912,卖盘
1058,13:52:56,27.21,--,57,155097,买盘
1059,13:52:53,27.21,0.05,1,2721,买盘
1060,13:52:50,27.16,--,27,73332,卖盘
1061,13:52:47,27.16,0.01,89,241724,中性盘
1062,13:52:38,27.15,-0.01,117,317655,卖盘
1063,13:52:35,27.16,--,87,236292,卖盘
1064,13:52:32,27.16,--,149,405227,卖盘
1065,13:52:29,27.16,-0.05,29,78764,卖盘
1066,13:52:26,27.21,0.05,445,1210845,买盘
1067,13:52:20,27.16,--,1,2716,买盘
1068,13:52:17,27.16,--,195,529620,卖盘
1069,13:52:14,27.16,-0.05,32,86912,卖盘
1070,13:52:11,27.21,0.05,76,206796,买盘
1071,13:52:08,27.16,0.01,419,1138004,买盘
1072,13:52:05,27.15,-0.01,127,344805,卖盘
1073,13:52:02,27.16,--,84,228144,买盘
1074,13:51:58,27.16,--,210,570360,买盘
1075,13:51:55,27.16,-0.05,643,1748126,卖盘
1076,13:51:49,27.21,0.04,228,620823,买盘
1077,13:51:43,27.17,-0.04,55,149435,卖盘
1078,13:51:40,27.21,0.04,36,97956,中性盘
1079,13:51:37,27.17,--,32,86944,卖盘
1080,13:51:34,27.17,--,171,464607,卖盘
1081,13:51:31,27.17,--,27,73359,卖盘
1082,13:51:28,27.17,-0.04,78,211926,卖盘
1083,13:51:25,27.21,0.04,19,52787,买盘
1084,13:51:22,27.17,-0.04,123,334191,卖盘
1085,13:51:19,27.21,0.01,150,408150,买盘
1086,13:51:16,27.2,0.01,2,5440,中性盘
1087,13:51:10,27.19,-0.05,52,141388,卖盘
1088,13:51:07,27.24,0.03,198,539352,买盘
1089,13:51:04,27.21,-0.01,90,244890,中性盘
1090,13:51:01,27.22,0.05,11,29942,买盘
1091,13:50:58,27.17,-0.01,63,171171,卖盘
1092,13:50:55,27.18,--,73,198414,卖盘
1093,13:50:49,27.18,0.01,367,998919,买盘
1094,13:50:46,27.17,--,51,138567,买盘
1095,13:50:40,27.17,0.01,5,13585,买盘
1096,13:50:37,27.16,--,169,459004,卖盘
1097,13:50:34,27.16,-0.02,402,1091832,卖盘
1098,13:50:31,27.18,0.02,109,296262,买盘
1099,13:50:28,27.16,--,474,1288198,卖盘
1100,13:50:22,27.16,-0.03,237,643692,卖盘
1101,13:50:16,27.19,0.01,110,299090,中性盘
1102,13:50:13,27.18,-0.02,60,163080,卖盘
1103,13:50:10,27.2,--,65,176800,买盘
1104,13:50:07,27.2,0.02,172,467840,买盘
1105,13:50:04,27.18,--,205,557190,卖盘
1106,13:50:01,27.18,-0.01,32,86976,卖盘
1107,13:49:58,27.19,-0.01,16,43504,卖盘
1108,13:49:55,27.2,0.02,9,24480,买盘
1109,13:49:52,27.18,-0.02,291,792025,卖盘
1110,13:49:49,27.2,--,10,27200,买盘
1111,13:49:46,27.2,0.02,46,125120,买盘
1112,13:49:43,27.18,--,34,92412,卖盘
1113,13:49:40,27.18,-0.02,45,122310,卖盘
1114,13:49:37,27.2,0.02,296,805120,买盘
1115,13:49:28,27.18,-0.01,29,78822,卖盘
1116,13:49:25,27.19,-0.01,279,760341,卖盘
1117,13:49:22,27.2,--,12,32640,买盘
1118,13:49:19,27.2,0.01,234,636480,买盘
1119,13:49:16,27.19,-0.01,94,255803,卖盘
1120,13:49:13,27.2,0.01,17,46240,买盘
1121,13:49:10,27.19,--,212,576754,卖盘
1122,13:49:07,27.19,--,134,364346,卖盘
1123,13:49:04,27.19,--,74,201206,卖盘
1124,13:49:01,27.19,0.01,75,205012,买盘
1125,13:48:58,27.18,--,34,92412,卖盘
1126,13:48:55,27.18,--,132,358776,卖盘
1127,13:48:52,27.18,--,21,57078,卖盘
1128,13:48:46,27.18,0.01,51,138618,中性盘
1129,13:48:43,27.17,--,34,92378,卖盘
1130,13:48:40,27.17,-0.01,280,761683,卖盘
1131,13:48:37,27.18,--,55,149490,买盘
1132,13:48:34,27.18,--,31,84258,买盘
1133,13:48:31,27.18,-0.05,687,1869494,卖盘
1134,13:48:28,27.23,--,146,398048,买盘
1135,13:48:25,27.23,--,80,217840,买盘
1136,13:48:22,27.23,0.06,41,111643,买盘
1137,13:48:13,27.17,0.02,64,173888,卖盘
1138,13:48:10,27.15,-0.05,34,92310,卖盘
1139,13:48:07,27.2,0.04,146,399350,买盘
1140,13:48:01,27.16,-0.01,35,96580,卖盘
1141,13:47:58,27.17,-0.02,67,182039,卖盘
1142,13:47:55,27.19,0.03,7,19033,买盘
1143,13:47:52,27.16,-0.01,179,486164,卖盘
1144,13:47:49,27.17,0.01,34,92378,卖盘
1145,13:47:43,27.16,-0.01,42,114072,卖盘
1146,13:47:40,27.17,0.01,219,596218,买盘
1147,13:47:37,27.16,-0.01,289,784924,卖盘
1148,13:47:34,27.17,0.01,2,5434,买盘
1149,13:47:31,27.16,--,69,188707,买盘
1150,13:47:28,27.16,-0.01,79,214564,卖盘
1151,13:47:25,27.17,0.02,37,100529,买盘
1152,13:47:16,27.15,-0.04,190,515850,卖盘
1153,13:47:07,27.19,0.04,97,263743,买盘
1154,13:47:04,27.15,-0.04,184,499560,卖盘
1155,13:47:01,27.19,--,70,190330,买盘
1156,13:46:58,27.19,0.03,73,198487,买盘
1157,13:46:55,27.16,--,26,70616,卖盘
1158,13:46:52,27.16,0.01,33,89628,中性盘
1159,13:46:49,27.15,--,95,257925,卖盘
1160,13:46:46,27.15,--,25,67875,卖盘
1161,13:46:43,27.15,-0.05,229,621735,卖盘
1162,13:46:40,27.2,0.04,1,2720,买盘
1163,13:46:37,27.16,0.01,249,678511,买盘
1164,13:46:31,27.15,-0.02,107,290505,卖盘
1165,13:46:28,27.17,--,107,291534,买盘
1166,13:46:22,27.17,0.01,144,391574,买盘
1167,13:46:16,27.16,0.01,38,103208,中性盘
1168,13:46:13,27.15,-0.01,47,127605,卖盘
1169,13:46:10,27.16,-0.01,198,537768,卖盘
1170,13:46:07,27.17,--,105,285285,买盘
1171,13:46:01,27.17,--,168,456456,买盘
1172,13:45:58,27.17,0.01,38,103246,中性盘
1173,13:45:55,27.16,-0.01,37,100492,卖盘
1174,13:45:52,27.17,--,71,192907,卖盘
1175,13:45:49,27.17,-0.01,176,480474,卖盘
1176,13:45:46,27.18,0.01,61,165798,卖盘
1177,13:45:43,27.17,--,57,155629,买盘
1178,13:45:40,27.17,0.01,75,203775,中性盘
1179,13:45:37,27.16,-0.02,102,279693,卖盘
1180,13:45:34,27.18,--,11,29898,买盘
1181,13:45:31,27.18,0.01,64,173952,买盘
1182,13:45:28,27.17,-0.01,66,179322,卖盘
1183,13:45:25,27.18,0.01,20,54360,中性盘
1184,13:45:22,27.17,-0.02,77,209209,卖盘
1185,13:45:19,27.19,--,19,51661,买盘
1186,13:45:16,27.19,-0.02,196,533032,卖盘
1187,13:45:10,27.21,0.04,216,588443,买盘
1188,13:45:07,27.17,--,184,499928,卖盘
1189,13:45:04,27.17,-0.02,98,266266,卖盘
1190,13:45:01,27.19,0.02,16,43504,买盘
1191,13:44:58,27.17,-0.01,52,141284,卖盘
1192,13:44:52,27.18,--,138,375084,卖盘
1193,13:44:49,27.18,0.01,90,244620,卖盘
1194,13:44:43,27.17,--,23,62491,卖盘
1195,13:44:40,27.17,-0.01,90,244530,卖盘
1196,13:44:37,27.18,-0.03,4,10872,卖盘
1197,13:44:34,27.21,0.01,190,516990,买盘
1198,13:44:31,27.2,--,122,332384,卖盘
1199,13:44:28,27.2,0.02,75,206284,买盘
1200,13:44:25,27.18,-0.03,166,452710,卖盘
1201,13:44:19,27.21,--,97,263937,买盘
1202,13:44:16,27.21,--,58,160103,买盘
1203,13:44:13,27.21,--,234,636714,买盘
1204,13:44:07,27.21,0.01,12,32652,买盘
1205,13:44:04,27.2,-0.01,153,417628,卖盘
1206,13:43:58,27.21,--,8,21768,买盘
1207,13:43:55,27.21,-0.01,113,307581,卖盘
1208,13:43:52,27.22,-0.01,5,13610,买盘
1209,13:43:46,27.23,-0.01,167,454741,卖盘
1210,13:43:43,27.24,--,2,5448,买盘
1211,13:43:37,27.24,0.02,65,177060,中性盘
1212,13:43:34,27.22,-0.03,35,95270,卖盘
1213,13:43:31,27.25,--,10,27250,买盘
1214,13:43:28,27.25,--,28,76300,买盘
1215,13:43:25,27.25,--,35,95375,买盘
1216,13:43:22,27.25,0.04,1,2725,买盘
1217,13:43:16,27.21,-0.06,72,195912,卖盘
1218,13:43:13,27.27,0.02,41,111807,买盘
1219,13:43:10,27.25,-0.02,6,16350,卖盘
1220,13:43:07,27.27,0.02,99,269973,买盘
1221,13:43:04,27.25,-0.02,42,114450,卖盘
1222,13:42:58,27.27,-0.01,14,38178,买盘
1223,13:42:55,27.28,--,399,1089836,卖盘
1224,13:42:52,27.28,--,33,90024,卖盘
1225,13:42:49,27.28,--,12,32736,卖盘
1226,13:42:43,27.28,-0.01,283,772024,卖盘
1227,13:42:40,27.29,0.04,271,740923,买盘
1228,13:42:37,27.25,0.02,8,21800,买盘
1229,13:42:31,27.23,--,40,110989,卖盘
1230,13:42:28,27.23,--,41,111643,买盘
1231,13:42:25,27.23,--,12,32676,买盘
1232,13:42:19,27.23,--,28,76244,卖盘
1233,13:42:16,27.23,-0.05,56,152488,卖盘
1234,13:42:13,27.28,--,4,10912,买盘
1235,13:42:10,27.28,0.05,33,90024,买盘
1236,13:42:07,27.23,--,120,326760,卖盘
1237,13:42:04,27.23,-0.03,34,92582,卖盘
1238,13:42:01,27.26,-0.01,2,5452,买盘
1239,13:41:58,27.27,0.04,2,5454,中性盘
1240,13:41:55,27.23,-0.05,56,152488,卖盘
1241,13:41:52,27.28,--,20,54560,买盘
1242,13:41:49,27.28,--,30,83640,卖盘
1243,13:41:46,27.28,-0.01,129,351912,卖盘
1244,13:41:43,27.29,0.01,27,73683,买盘
1245,13:41:37,27.28,--,174,474672,卖盘
1246,13:41:34,27.28,--,42,114576,卖盘
1247,13:41:31,27.28,--,12,32736,卖盘
1248,13:41:28,27.28,-0.01,184,501952,卖盘
1249,13:41:22,27.29,0.01,27,73683,买盘
1250,13:41:19,27.28,--,6,16368,卖盘
1251,13:41:16,27.28,-0.01,262,716863,卖盘
1252,13:41:10,27.29,0.01,66,181096,买盘
1253,13:41:07,27.28,--,91,248248,卖盘
1254,13:41:04,27.28,-0.01,31,84568,卖盘
1255,13:41:01,27.29,--,90,245610,买盘
1256,13:40:58,27.29,0.01,20,54580,买盘
1257,13:40:55,27.28,--,1,2728,卖盘
1258,13:40:52,27.28,-0.01,61,166408,卖盘
1259,13:40:49,27.29,0.01,1,2729,买盘
1260,13:40:46,27.28,--,6,16368,卖盘
1261,13:40:43,27.28,0.06,238,649809,买盘
1262,13:40:40,27.22,-0.05,30,81660,卖盘
1263,13:40:37,27.27,-0.01,135,368145,卖盘
1264,13:40:31,27.28,--,69,188232,卖盘
1265,13:40:28,27.28,--,12,32736,卖盘
1266,13:40:25,27.28,--,7,19096,卖盘
1267,13:40:22,27.28,--,23,62744,卖盘
1268,13:40:19,27.28,-0.01,33,90024,卖盘
1269,13:40:13,27.29,--,8,21832,卖盘
1270,13:40:10,27.29,-0.02,20,54580,卖盘
1271,13:40:07,27.31,0.02,109,297679,买盘
1272,13:40:04,27.29,-0.01,58,158282,卖盘
1273,13:39:58,27.3,--,38,103740,买盘
1274,13:39:55,27.3,0.01,1,2730,买盘
1275,13:39:52,27.29,0.01,47,130937,买盘
1276,13:39:49,27.28,--,22,60016,卖盘
1277,13:39:46,27.28,-0.01,167,455576,卖盘
1278,13:39:43,27.29,--,33,90057,买盘
1279,13:39:40,27.29,0.01,13,35477,买盘
1280,13:39:37,27.28,-0.01,29,79112,卖盘
1281,13:39:34,27.29,--,40,109160,买盘
1282,13:39:31,27.29,0.01,231,630399,买盘
1283,13:39:28,27.28,--,20,54560,卖盘
1284,13:39:25,27.28,--,136,371062,卖盘
1285,13:39:22,27.28,--,32,87296,卖盘
1286,13:39:16,27.28,--,30,81840,卖盘
1287,13:39:13,27.28,-0.01,70,191505,中性盘
1288,13:39:10,27.29,0.02,78,212862,买盘
1289,13:39:04,27.27,0.05,16,43632,买盘
1290,13:39:01,27.22,-0.03,25,68050,卖盘
1291,13:38:58,27.25,-0.02,30,81750,中性盘
1292,13:38:55,27.27,0.02,22,59994,买盘
1293,13:38:52,27.25,0.04,4,10900,卖盘
1294,13:38:49,27.21,-0.02,31,84351,卖盘
1295,13:38:46,27.23,0.02,11,29953,卖盘
1296,13:38:40,27.21,-0.02,27,73467,卖盘
1297,13:38:37,27.23,--,35,95305,卖盘
1298,13:38:34,27.23,0.01,181,495095,买盘
1299,13:38:28,27.22,-0.06,138,375636,卖盘
1300,13:38:25,27.28,0.06,400,1091200,买盘
1301,13:38:22,27.22,--,235,639670,卖盘
1302,13:38:16,27.22,-0.05,32,87104,卖盘
1303,13:38:13,27.27,0.02,523,1427639,买盘
1304,13:38:10,27.25,0.03,122,332450,买盘
1305,13:38:07,27.22,-0.01,446,1214012,卖盘
1306,13:38:04,27.23,0.01,1,2723,中性盘
1307,13:37:55,27.22,--,34,92548,卖盘
1308,13:37:52,27.22,--,167,455553,买盘
1309,13:37:46,27.22,0.01,1,2722,买盘
1310,13:37:43,27.21,-0.01,59,160539,卖盘
1311,13:37:40,27.22,0.01,84,228648,买盘
1312,13:37:37,27.21,0.01,16,43536,卖盘
1313,13:37:34,27.2,-0.01,114,310080,卖盘
1314,13:37:31,27.21,-0.01,36,97956,卖盘
1315,13:37:25,27.22,-0.03,66,181938,卖盘
1316,13:37:22,27.25,--,63,171675,卖盘
1317,13:37:16,27.25,-0.02,106,288850,卖盘
1318,13:37:13,27.27,--,53,144531,卖盘
1319,13:37:10,27.27,0.02,227,619465,买盘
1320,13:37:07,27.25,0.02,140,381500,买盘
1321,13:37:04,27.23,0.03,12,32676,买盘
1322,13:37:01,27.2,-0.06,75,204000,卖盘
1323,13:36:58,27.26,--,5,13630,买盘
1324,13:36:55,27.26,0.03,22,59972,买盘
1325,13:36:52,27.23,-0.03,70,191699,卖盘
1326,13:36:46,27.26,--,36,98136,卖盘
1327,13:36:43,27.26,--,28,76328,卖盘
1328,13:36:37,27.26,--,56,152656,卖盘
1329,13:36:34,27.26,--,34,94319,卖盘
1330,13:36:28,27.26,0.01,86,234436,买盘
1331,13:36:25,27.25,-0.01,31,84475,中性盘
1332,13:36:22,27.26,0.01,113,308038,买盘
1333,13:36:19,27.25,-0.01,64,174400,中性盘
1334,13:36:07,27.26,0.06,104,283504,买盘
1335,13:36:04,27.2,-0.05,57,155040,卖盘
1336,13:36:01,27.25,0.05,8,21800,买盘
1337,13:35:55,27.2,--,92,250784,卖盘
1338,13:35:52,27.2,--,181,492320,卖盘
1339,13:35:46,27.2,0.02,104,282880,买盘
1340,13:35:43,27.18,-0.02,42,114156,卖盘
1341,13:35:34,27.2,0.03,19,51680,买盘
1342,13:35:31,27.17,-0.01,129,350493,卖盘
1343,13:35:28,27.18,-0.02,45,122310,卖盘
1344,13:35:25,27.2,--,10,27200,买盘
1345,13:35:22,27.2,0.03,53,144160,买盘
1346,13:35:19,27.17,--,31,84227,卖盘
1347,13:35:10,27.17,-0.08,77,209209,卖盘
1348,13:35:07,27.25,0.09,27,73575,买盘
1349,13:35:04,27.16,-0.02,160,434560,卖盘
1350,13:35:01,27.18,--,80,217440,买盘
1351,13:34:55,27.18,0.03,3,8154,买盘
1352,13:34:52,27.15,--,47,127605,卖盘
1353,13:34:49,27.15,--,91,247065,卖盘
1354,13:34:43,27.15,-0.03,130,352950,卖盘
1355,13:34:40,27.18,--,108,293544,买盘
1356,13:34:37,27.18,0.01,304,826272,买盘
1357,13:34:34,27.17,-0.02,278,755326,卖盘
1358,13:34:28,27.19,0.02,28,76132,买盘
1359,13:34:25,27.17,-0.03,58,157586,卖盘
1360,13:34:16,27.2,0.02,33,89760,买盘
1361,13:34:13,27.18,-0.02,148,402264,卖盘
1362,13:34:10,27.2,--,33,89760,买盘
1363,13:34:07,27.2,0.01,158,429760,买盘
1364,13:34:04,27.19,-0.01,91,247429,卖盘
1365,13:34:01,27.2,--,13,35360,买盘
1366,13:33:58,27.2,--,7,19040,买盘
1367,13:33:55,27.2,--,34,92480,买盘
1368,13:33:52,27.2,--,49,135945,买盘
1369,13:33:49,27.2,--,18,48960,买盘
1370,13:33:46,27.2,0.02,35,95200,买盘
1371,13:33:43,27.18,-0.02,60,163080,中性盘
1372,13:33:40,27.2,--,3,8160,买盘
1373,13:33:37,27.2,--,34,92480,买盘
1374,13:33:34,27.2,0.03,32,87040,买盘
1375,13:33:31,27.17,-0.03,34,92378,卖盘
1376,13:33:28,27.2,0.03,6,16320,买盘
1377,13:33:19,27.17,-0.01,55,149435,卖盘
1378,13:33:16,27.18,-0.02,15,40770,中性盘
1379,13:33:13,27.2,0.01,104,282880,买盘
1380,13:33:10,27.19,-0.08,73,198541,卖盘
1381,13:33:07,27.27,0.01,111,302697,买盘
1382,13:33:01,27.26,0.09,5,13630,买盘
1383,13:32:58,27.17,-0.02,75,203775,卖盘
1384,13:32:55,27.19,--,4,10876,买盘
1385,13:32:52,27.19,--,7,19033,买盘
1386,13:32:49,27.19,--,21,57099,卖盘
1387,13:32:46,27.19,-0.01,39,106041,卖盘
1388,13:32:42,27.2,0.03,3,8160,卖盘
1389,13:32:39,27.17,--,30,81510,卖盘
1390,13:32:36,27.17,--,73,198341,卖盘
1391,13:32:33,27.17,--,6,18747,卖盘
1392,13:32:30,27.17,-0.02,105,285285,卖盘
1393,13:32:24,27.19,0.02,109,296371,买盘
1394,13:32:21,27.17,-0.02,2,5434,中性盘
1395,13:32:18,27.19,0.02,39,106041,买盘
1396,13:32:15,27.17,--,111,302565,买盘
1397,13:32:09,27.17,-0.09,76,206492,卖盘
1398,13:32:06,27.26,0.01,110,299860,买盘
1399,13:32:03,27.25,--,42,114450,买盘
1400,13:32:00,27.25,0.06,32,87200,买盘
1401,13:31:57,27.19,-0.07,24,65256,卖盘
1402,13:31:54,27.26,--,14,38164,买盘
1403,13:31:51,27.26,0.1,69,188094,买盘
1404,13:31:48,27.16,-0.1,33,92289,卖盘
1405,13:31:45,27.26,0.06,49,133574,买盘
1406,13:31:42,27.2,0.03,11,29920,中性盘
1407,13:31:39,27.17,-0.01,30,81510,卖盘
1408,13:31:36,27.18,-0.05,47,127746,卖盘
1409,13:31:33,27.23,-0.02,25,68075,买盘
1410,13:31:30,27.25,0.07,12,32700,中性盘
1411,13:31:27,27.18,-0.09,135,368669,卖盘
1412,13:31:21,27.27,0.01,28,76356,买盘
1413,13:31:18,27.26,--,99,269874,卖盘
1414,13:31:15,27.26,--,58,158108,卖盘
1415,13:31:12,27.26,0.01,154,420785,买盘
1416,13:31:09,27.25,0.07,29,79025,买盘
1417,13:31:06,27.18,-0.01,45,122310,卖盘
1418,13:31:03,27.19,-0.04,120,326280,卖盘
1419,13:30:57,27.23,-0.02,26,70798,卖盘
1420,13:30:54,27.25,0.01,32,87200,买盘
1421,13:30:51,27.24,0.06,92,250608,买盘
1422,13:30:45,27.18,-0.05,25,67950,卖盘
1423,13:30:42,27.23,--,31,84413,卖盘
1424,13:30:39,27.23,--,75,204225,卖盘
1425,13:30:33,27.23,--,15,40845,卖盘
1426,13:30:30,27.23,--,11,32512,卖盘
1427,13:30:27,27.23,0.02,6,16338,卖盘
1428,13:30:24,27.21,0.05,76,207394,买盘
1429,13:30:21,27.16,-0.03,48,130368,卖盘
1430,13:30:18,27.19,0.02,39,106041,买盘
1431,13:30:15,27.17,-0.03,228,621595,卖盘
1432,13:30:06,27.2,--,8,21760,卖盘
1433,13:30:03,27.2,0.01,33,89760,中性盘
1434,13:30:00,27.19,-0.02,30,81570,卖盘
1435,13:29:57,27.21,0.01,70,190524,买盘
1436,13:29:54,27.2,0.01,2,5440,买盘
1437,13:29:48,27.19,-0.01,67,182716,卖盘
1438,13:29:45,27.2,--,2,5440,买盘
1439,13:29:42,27.2,0.01,1,2720,买盘
1440,13:29:39,27.19,--,27,73413,卖盘
1441,13:29:36,27.19,-0.01,39,106041,卖盘
1442,13:29:33,27.2,--,39,106080,买盘
1443,13:29:30,27.2,0.01,29,78880,买盘
1444,13:29:27,27.19,-0.01,88,239272,卖盘
1445,13:29:24,27.2,0.03,2,5440,买盘
1446,13:29:18,27.17,0.05,29,78793,中性盘
1447,13:29:15,27.12,--,33,89496,卖盘
1448,13:29:12,27.12,-0.06,105,284760,卖盘
1449,13:29:09,27.18,0.01,95,260656,买盘
1450,13:29:06,27.17,0.04,14,38038,买盘
1451,13:29:03,27.13,0.01,3,8139,卖盘
1452,13:28:57,27.12,--,26,70512,卖盘
1453,13:28:54,27.12,--,34,92208,卖盘
1454,13:28:51,27.12,--,11,29832,卖盘
1455,13:28:48,27.12,--,69,187670,卖盘
1456,13:28:45,27.12,-0.03,34,92208,卖盘
1457,13:28:39,27.15,0.03,1,2715,买盘
1458,13:28:36,27.12,-0.05,43,116616,卖盘
1459,13:28:30,27.17,0.05,35,95095,买盘
1460,13:28:27,27.12,-0.05,8,21696,卖盘
1461,13:28:24,27.17,0.06,94,255398,买盘
1462,13:28:21,27.11,-0.01,110,298210,卖盘
1463,13:28:18,27.12,--,17,46104,买盘
1464,13:28:15,27.12,--,18,48816,买盘
1465,13:28:12,27.12,-0.05,81,219672,卖盘
1466,13:28:06,27.17,0.02,81,220077,买盘
1467,13:28:03,27.15,--,2,5430,卖盘
1468,13:28:00,27.15,--,60,162900,卖盘
1469,13:27:57,27.15,-0.01,7,19005,卖盘
1470,13:27:54,27.16,0.01,42,114072,买盘
1471,13:27:51,27.15,-0.01,1026,2785590,卖盘
1472,13:27:48,27.16,-0.02,36,97776,卖盘
1473,13:27:45,27.18,0.03,1,2718,买盘
1474,13:27:42,27.15,--,180,488700,卖盘
1475,13:27:39,27.15,-0.01,56,152040,卖盘
1476,13:27:36,27.16,-0.02,2,5432,卖盘
1477,13:27:30,27.18,0.02,3,8154,买盘
1478,13:27:27,27.16,--,25,67900,卖盘
1479,13:27:24,27.16,-0.02,32,86912,卖盘
1480,13:27:21,27.18,--,12,32616,买盘
1481,13:27:18,27.18,0.02,13,35334,买盘
1482,13:27:15,27.16,-0.01,56,152096,卖盘
1483,13:27:12,27.17,--,157,426569,卖盘
1484,13:27:09,27.17,-0.01,91,247518,卖盘
1485,13:27:06,27.18,0.01,115,312570,买盘
1486,13:27:03,27.17,-0.01,235,638495,卖盘
1487,13:27:00,27.18,--,54,146772,买盘
1488,13:26:57,27.18,-0.02,120,326160,卖盘
1489,13:26:48,27.2,0.03,2,5440,买盘
1490,13:26:45,27.17,--,32,86944,卖盘
1491,13:26:42,27.17,-0.01,29,78793,卖盘
1492,13:26:36,27.18,0.01,61,165798,买盘
1493,13:26:33,27.17,-0.01,55,149435,卖盘
1494,13:26:30,27.18,--,4,10872,卖盘
1495,13:26:27,27.18,-0.02,1,2718,卖盘
1496,13:26:21,27.2,0.04,31,85190,买盘
1497,13:26:18,27.16,-0.01,33,89628,卖盘
1498,13:26:15,27.17,--,10,27170,买盘
1499,13:26:12,27.17,-0.03,89,243660,卖盘
1500,13:26:09,27.2,0.01,288,784230,买盘
1501,13:26:03,27.19,--,45,122355,买盘
1502,13:26:00,27.19,0.03,28,76132,买盘
1503,13:25:57,27.16,-0.03,55,151607,卖盘
1504,13:25:51,27.19,0.03,45,122355,买盘
1505,13:25:48,27.16,-0.03,61,165676,卖盘
1506,13:25:45,27.19,0.02,13,35347,买盘
1507,13:25:39,27.17,--,26,70642,卖盘
1508,13:25:36,27.17,-0.02,288,782496,卖盘
1509,13:25:33,27.19,--,13,35347,买盘
1510,13:25:30,27.19,0.02,42,114198,买盘
1511,13:25:27,27.17,--,33,89661,卖盘
1512,13:25:24,27.17,--,34,92378,卖盘
1513,13:25:21,27.17,--,37,100855,卖盘
1514,13:25:18,27.17,--,23,62491,卖盘
1515,13:25:12,27.17,--,33,89661,卖盘
1516,13:25:09,27.17,-0.03,135,366795,卖盘
1517,13:25:06,27.2,0.01,186,505920,买盘
1518,13:25:03,27.19,-0.01,188,511172,卖盘
1519,13:25:00,27.2,0.01,1,2720,买盘
1520,13:24:57,27.19,--,46,125074,卖盘
1521,13:24:54,27.19,--,29,78851,卖盘
1522,13:24:51,27.19,0.02,38,103322,中性盘
1523,13:24:48,27.17,-0.02,14,38038,卖盘
1524,13:24:45,27.19,0.02,8,21752,买盘
1525,13:24:42,27.17,-0.01,161,437437,卖盘
1526,13:24:39,27.18,-0.01,19,51642,卖盘
1527,13:24:36,27.19,-0.01,19,51661,卖盘
1528,13:24:33,27.2,0.01,26,70720,买盘
1529,13:24:30,27.19,-0.01,516,1404309,卖盘
1530,13:24:21,27.2,--,292,795654,买盘
1531,13:24:18,27.2,0.01,30,81600,买盘
1532,13:24:15,27.19,--,107,290933,买盘
1533,13:24:12,27.19,-0.01,40,108760,卖盘
1534,13:24:09,27.2,--,182,495040,买盘
1535,13:24:00,27.2,0.03,2,5440,买盘
1536,13:23:57,27.17,-0.01,228,619476,卖盘
1537,13:23:54,27.18,-0.01,50,137530,卖盘
1538,13:23:51,27.19,-0.01,17,46223,卖盘
1539,13:23:48,27.2,0.01,27,73440,买盘
1540,13:23:45,27.19,-0.01,84,228396,卖盘
1541,13:23:42,27.2,0.01,10,27200,买盘
1542,13:23:39,27.19,--,17,46223,卖盘
1543,13:23:36,27.19,--,159,432321,卖盘
1544,13:23:33,27.19,-0.01,47,127793,卖盘
1545,13:23:27,27.2,--,43,116960,买盘
1546,13:23:24,27.2,--,36,97920,买盘
1547,13:23:21,27.2,0.01,55,149600,买盘
1548,13:23:18,27.19,-0.02,80,217520,卖盘
1549,13:23:15,27.21,-0.01,90,246196,卖盘
1550,13:23:12,27.22,0.01,111,303829,买盘
1551,13:23:06,27.21,--,59,160539,卖盘
1552,13:23:03,27.21,--,32,87072,卖盘
1553,13:22:57,27.21,0.04,10,29658,中性盘
1554,13:22:54,27.17,-0.02,327,888459,卖盘
1555,13:22:48,27.19,--,433,1177327,买盘
1556,13:22:45,27.19,--,1,2719,买盘
1557,13:22:42,27.19,--,36,98319,卖盘
1558,13:22:39,27.19,-0.02,33,89727,卖盘
1559,13:22:36,27.21,0.01,49,133329,买盘
1560,13:22:33,27.2,0.02,20,56684,卖盘
1561,13:22:30,27.18,--,29,78822,卖盘
1562,13:22:27,27.18,-0.04,31,84258,卖盘
1563,13:22:24,27.22,--,5,13610,买盘
1564,13:22:21,27.22,0.02,242,658724,买盘
1565,13:22:18,27.2,--,55,149600,买盘
1566,13:22:15,27.2,--,16,43520,买盘
1567,13:22:12,27.2,--,1,2720,买盘
1568,13:22:09,27.2,-0.01,263,715360,卖盘
1569,13:22:06,27.21,-0.01,95,258495,卖盘
1570,13:22:03,27.22,--,4,10888,买盘
1571,13:22:00,27.22,0.03,121,329362,买盘
1572,13:21:57,27.19,-0.01,42,114198,卖盘
1573,13:21:54,27.2,--,34,93731,卖盘
1574,13:21:51,27.2,--,1,2720,卖盘
1575,13:21:48,27.2,0.01,285,777158,买盘
1576,13:21:45,27.19,--,134,364346,卖盘
1577,13:21:39,27.19,--,6,16314,卖盘
1578,13:21:36,27.19,--,31,84289,卖盘
1579,13:21:33,27.19,-0.01,63,171297,卖盘
1580,13:21:30,27.2,--,22,59840,买盘
1581,13:21:27,27.2,0.02,12,32640,买盘
1582,13:21:24,27.18,--,153,415854,卖盘
1583,13:21:21,27.18,--,48,130464,卖盘
1584,13:21:18,27.18,0.01,40,110459,买盘
1585,13:21:15,27.17,-0.01,43,116831,卖盘
1586,13:21:12,27.18,--,31,84258,买盘
1587,13:21:09,27.18,-0.02,1,2718,中性盘
1588,13:21:06,27.2,0.02,334,908480,买盘
1589,13:21:00,27.18,0.01,39,108176,买盘
1590,13:20:57,27.17,--,1,2717,买盘
1591,13:20:54,27.17,-0.02,51,139110,卖盘
1592,13:20:48,27.19,-0.01,1,2719,买盘
1593,13:20:45,27.2,0.02,13,37536,买盘
1594,13:20:42,27.18,-0.02,66,179931,卖盘
1595,13:20:39,27.2,0.02,52,141440,买盘
1596,13:20:36,27.18,--,22,61970,买盘
1597,13:20:30,27.18,-0.02,43,116874,卖盘
1598,13:20:27,27.2,0.02,402,1093440,买盘
1599,13:20:24,27.18,--,507,1378026,卖盘
1600,13:20:21,27.18,-0.01,1,2718,卖盘
1601,13:20:18,27.19,0.01,42,114198,买盘
1602,13:20:15,27.18,-0.01,34,92412,卖盘
1603,13:20:12,27.19,0.02,8,21752,买盘
1604,13:20:09,27.17,0.02,28,76076,卖盘
1605,13:20:06,27.15,-0.02,203,551145,卖盘
1606,13:20:03,27.17,--,18,48906,卖盘
1607,13:19:57,27.17,0.02,27,73359,中性盘
1608,13:19:54,27.15,-0.03,71,193199,卖盘
1609,13:19:51,27.18,0.01,11,29898,买盘
1610,13:19:48,27.17,0.06,66,179322,买盘
1611,13:19:45,27.11,-0.06,31,84041,卖盘
1612,13:19:42,27.17,0.07,10,27170,卖盘
1613,13:19:39,27.1,--,449,1216790,卖盘
1614,13:19:33,27.1,--,32,86720,卖盘
1615,13:19:30,27.1,-0.05,207,560970,卖盘
1616,13:19:27,27.15,-0.03,233,632595,卖盘
1617,13:19:21,27.18,0.03,1,2718,买盘
1618,13:19:15,27.15,0.05,52,141180,买盘
1619,13:19:12,27.1,--,26,70460,卖盘
1620,13:19:09,27.1,--,139,378641,卖盘
1621,13:19:03,27.1,--,36,97560,卖盘
1622,13:19:00,27.1,--,3,8130,卖盘
1623,13:18:54,27.1,--,47,128454,买盘
1624,13:18:51,27.1,--,147,398370,买盘
1625,13:18:48,27.1,--,215,582650,买盘
1626,13:18:42,27.1,--,51,138210,买盘
1627,13:18:39,27.1,0.01,195,528450,买盘
1628,13:18:36,27.09,-0.01,29,78561,卖盘
1629,13:18:33,27.1,--,19,51490,买盘
1630,13:18:30,27.1,--,195,528450,买盘
1631,13:18:27,27.1,--,107,289970,买盘
1632,13:18:24,27.1,--,123,333330,买盘
1633,13:18:21,27.1,0.01,95,257450,买盘
1634,13:18:18,27.09,-0.02,404,1094436,卖盘
1635,13:18:12,27.11,--,404,1095244,买盘
1636,13:18:06,27.11,-0.04,251,681545,卖盘
1637,13:18:00,27.15,-0.01,70,190050,卖盘
1638,13:17:57,27.16,0.04,43,116788,买盘
1639,13:17:54,27.12,-0.07,89,241368,卖盘
1640,13:17:51,27.19,0.07,15,42416,买盘
1641,13:17:45,27.12,--,34,92208,卖盘
1642,13:17:42,27.12,-0.03,91,246792,卖盘
1643,13:17:39,27.15,0.07,3,8145,卖盘
1644,13:17:36,27.08,-0.02,407,1102156,卖盘
1645,13:17:33,27.1,-0.05,130,352300,卖盘
1646,13:17:30,27.15,0.06,456,1238040,买盘
1647,13:17:27,27.09,--,69,186921,买盘
1648,13:17:24,27.09,-0.02,670,1815030,卖盘
1649,13:17:21,27.11,-0.04,22,59642,卖盘
1650,13:17:18,27.15,0.05,11,30082,买盘
1651,13:17:15,27.1,--,357,969204,买盘
1652,13:17:12,27.1,--,319,864490,买盘
1653,13:17:09,27.1,-0.05,133,361405,卖盘
1654,13:17:03,27.15,0.03,685,1859775,买盘
1655,13:16:57,27.12,-0.07,191,517992,卖盘
1656,13:16:54,27.19,0.04,202,549238,买盘
1657,13:16:51,27.15,0.02,689,1870635,中性盘
1658,13:16:45,27.13,-0.07,38,103094,中性盘
1659,13:16:42,27.2,0.09,99,269280,买盘
1660,13:16:39,27.11,-0.09,134,363274,卖盘
1661,13:16:36,27.2,0.08,56,154496,买盘
1662,13:16:33,27.12,-0.01,150,406800,卖盘
1663,13:16:30,27.13,-0.03,10,29408,买盘
1664,13:16:27,27.16,0.03,183,497028,买盘
1665,13:16:24,27.13,-0.03,129,350411,卖盘
1666,13:16:21,27.16,-0.01,23,62468,卖盘
1667,13:16:18,27.17,-0.02,122,331474,卖盘
1668,13:16:15,27.19,--,2,5438,卖盘
1669,13:16:12,27.19,-0.01,19,51661,中性盘
1670,13:16:08,27.2,0.04,90,247084,买盘
1671,13:16:05,27.16,-0.04,703,1909782,卖盘
1672,13:16:02,27.2,0.02,13,35360,买盘
1673,13:15:59,27.18,0.02,6,16308,买盘
1674,13:15:56,27.16,-0.02,27,73332,卖盘
1675,13:15:50,27.18,--,270,734621,买盘
1676,13:15:47,27.18,--,22,59796,买盘
1677,13:15:44,27.18,--,7,19026,买盘
1678,13:15:41,27.18,-0.02,106,288108,卖盘
1679,13:15:38,27.2,--,1,2720,买盘
1680,13:15:35,27.2,0.03,42,114240,中性盘
1681,13:15:29,27.17,-0.04,117,317889,卖盘
1682,13:15:26,27.21,0.03,152,413592,买盘
1683,13:15:20,27.18,-0.04,91,247338,卖盘
1684,13:15:17,27.22,--,10,27220,买盘
1685,13:15:14,27.22,--,1,2722,买盘
1686,13:15:11,27.22,-0.02,129,352226,中性盘
1687,13:15:05,27.24,0.02,89,242436,买盘
1688,13:15:02,27.22,0.04,2,5444,买盘
1689,13:14:59,27.18,-0.03,152,413136,卖盘
1690,13:14:56,27.21,0.04,6,16326,中性盘
1691,13:14:50,27.17,-0.07,126,342342,卖盘
1692,13:14:47,27.24,--,3,8171,买盘
1693,13:14:38,27.24,0.08,237,645588,买盘
1694,13:14:35,27.16,-0.01,127,344932,卖盘
1695,13:14:32,27.17,--,2,5434,卖盘
1696,13:14:29,27.17,--,217,592197,卖盘
1697,13:14:23,27.17,-0.07,97,263549,卖盘
1698,13:14:17,27.24,0.06,119,324156,买盘
1699,13:14:14,27.18,--,110,298980,卖盘
1700,13:14:11,27.18,-0.06,47,127746,卖盘
1701,13:14:08,27.24,0.04,228,621072,买盘
1702,13:14:05,27.2,0.01,163,443360,买盘
1703,13:14:02,27.19,--,171,464949,买盘
1704,13:13:59,27.19,-0.05,128,349119,卖盘
1705,13:13:56,27.24,0.04,9,24516,买盘
1706,13:13:53,27.2,--,120,328032,买盘
1707,13:13:50,27.2,-0.01,36,97920,卖盘
1708,13:13:47,27.21,0.03,2,5442,中性盘
1709,13:13:44,27.18,-0.06,115,312570,卖盘
1710,13:13:41,27.24,--,102,277848,买盘
1711,13:13:38,27.24,0.03,1,2724,买盘
1712,13:13:32,27.21,-0.03,27,73467,买盘
1713,13:13:29,27.24,-0.06,96,261503,中性盘
1714,13:13:26,27.3,0.09,584,1594320,买盘
1715,13:13:23,27.21,0.03,55,149655,买盘
1716,13:13:20,27.18,0.01,20,54360,中性盘
1717,13:13:17,27.17,-0.13,102,277134,卖盘
1718,13:13:14,27.3,--,2,5460,买盘
1719,13:13:11,27.3,0.13,145,395850,买盘
1720,13:13:05,27.17,--,226,614042,卖盘
1721,13:13:02,27.17,--,24,65208,卖盘
1722,13:12:56,27.17,-0.08,113,307021,卖盘
1723,13:12:53,27.25,-0.02,1,2725,买盘
1724,13:12:50,27.27,0.1,29,79083,买盘
1725,13:12:47,27.17,-0.13,137,372229,卖盘
1726,13:12:44,27.3,0.01,1,2730,买盘
1727,13:12:41,27.29,-0.01,511,1394519,中性盘
1728,13:12:38,27.3,0.02,32,87360,买盘
1729,13:12:35,27.28,0.12,134,365552,买盘
1730,13:12:32,27.16,-0.14,62,170564,卖盘
1731,13:12:29,27.3,0.13,120,328692,买盘
1732,13:12:23,27.17,-0.03,479,1303073,卖盘
1733,13:12:20,27.2,0.01,1,2720,中性盘
1734,13:12:14,27.19,0.02,28,76132,卖盘
1735,13:12:11,27.17,-0.03,92,249964,卖盘
1736,13:12:08,27.2,0.01,78,212160,买盘
1737,13:12:02,27.19,--,173,470387,买盘
1738,13:11:59,27.19,-0.09,112,304528,卖盘
1739,13:11:53,27.28,0.09,80,218240,买盘
1740,13:11:50,27.19,-0.01,122,332805,卖盘
1741,13:11:47,27.2,--,11,29920,买盘
1742,13:11:44,27.2,-0.09,12,32640,买盘
1743,13:11:41,27.29,0.09,89,242881,买盘
1744,13:11:35,27.2,-0.08,58,157760,卖盘
1745,13:11:32,27.28,0.03,129,351912,中性盘
1746,13:11:23,27.25,0.07,1,2725,中性盘
1747,13:11:20,27.18,-0.08,205,557190,卖盘
1748,13:11:17,27.26,--,8,22462,卖盘
1749,13:11:11,27.26,0.07,61,168357,买盘
1750,13:11:08,27.19,-0.07,363,986997,卖盘
1751,13:11:02,27.26,0.07,81,220806,买盘
1752,13:10:59,27.19,-0.06,125,339875,卖盘
1753,13:10:53,27.25,--,1,2725,买盘
1754,13:10:50,27.25,0.08,2,5450,买盘
1755,13:10:47,27.17,-0.08,26,70642,卖盘
1756,13:10:44,27.25,0.06,151,411475,买盘
1757,13:10:41,27.19,-0.07,13,35347,中性盘
1758,13:10:38,27.26,0.07,28,76328,买盘
1759,13:10:35,27.19,-0.07,117,318177,卖盘
1760,13:10:32,27.26,0.03,18,49776,买盘
1761,13:10:29,27.23,0.02,111,302253,买盘
1762,13:10:23,27.21,-0.05,32,87072,卖盘
1763,13:10:17,27.26,0.06,3,8178,买盘
1764,13:10:14,27.2,-0.03,237,644640,卖盘
1765,13:10:08,27.23,-0.03,1,2723,中性盘
1766,13:10:02,27.26,0.06,121,329846,买盘
1767,13:09:59,27.2,-0.06,95,258400,卖盘
1768,13:09:56,27.26,0.05,28,77200,买盘
1769,13:09:50,27.21,-0.01,141,383661,卖盘
1770,13:09:47,27.22,--,15,40830,买盘
1771,13:09:44,27.22,-0.04,21,57162,中性盘
1772,13:09:38,27.26,0.05,128,348928,买盘
1773,13:09:35,27.21,-0.01,96,261216,卖盘
1774,13:09:32,27.22,0.01,28,76216,买盘
1775,13:09:29,27.21,-0.04,101,274821,卖盘
1776,13:09:26,27.25,--,6,16350,卖盘
1777,13:09:20,27.25,0.03,38,103550,中性盘
1778,13:09:17,27.22,--,85,231370,卖盘
1779,13:09:14,27.22,--,4,11976,买盘
1780,13:09:11,27.22,0.01,23,62606,买盘
1781,13:09:08,27.21,--,107,291147,卖盘
1782,13:09:05,27.21,-0.04,234,636714,卖盘
1783,13:09:02,27.25,0.03,24,65400,买盘
1784,13:08:59,27.22,0.01,33,89826,卖盘
1785,13:08:53,27.21,-0.04,113,307473,卖盘
1786,13:08:50,27.25,--,32,87200,买盘
1787,13:08:47,27.25,--,6,16350,买盘
1788,13:08:44,27.25,--,133,362425,买盘
1789,13:08:35,27.25,-0.01,58,158050,买盘
1790,13:08:32,27.26,--,205,558830,买盘
1791,13:08:29,27.26,-0.04,279,762734,卖盘
1792,13:08:26,27.3,0.04,51,139230,买盘
1793,13:08:20,27.26,-0.04,102,278052,卖盘
1794,13:08:17,27.3,--,6,16380,买盘
1795,13:08:14,27.3,0.04,7,19110,买盘
1796,13:08:11,27.26,-0.03,116,316216,卖盘
1797,13:08:08,27.29,0.04,49,134266,买盘
1798,13:08:05,27.25,-0.04,29,79025,卖盘
1799,13:08:02,27.29,0.06,110,300190,买盘
1800,13:07:56,27.23,-0.02,84,228732,卖盘
1801,13:07:53,27.25,-0.04,8,21800,卖盘
1802,13:07:50,27.29,0.03,101,275629,买盘
1803,13:07:38,27.26,--,116,316216,买盘
1804,13:07:35,27.26,--,17,46342,买盘
1805,13:07:32,27.26,-0.03,12,32712,卖盘
1806,13:07:29,27.29,-0.01,80,220503,卖盘
1807,13:07:23,27.3,--,49,133770,买盘
1808,13:07:20,27.3,--,21,57330,买盘
1809,13:07:17,27.3,0.01,45,125470,买盘
1810,13:07:11,27.29,0.04,37,101627,买盘
1811,13:07:08,27.25,0.04,35,95375,买盘
1812,13:07:05,27.21,-0.04,197,536037,卖盘
1813,13:07:02,27.25,--,4,10900,买盘
1814,13:06:59,27.25,--,14,38150,买盘
1815,13:06:56,27.25,--,93,253425,买盘
1816,13:06:53,27.25,--,12,32700,买盘
1817,13:06:50,27.25,-0.04,61,166770,卖盘
1818,13:06:47,27.29,--,113,308377,买盘
1819,13:06:44,27.29,--,110,300190,买盘
1820,13:06:41,27.29,--,63,171927,买盘
1821,13:06:38,27.29,0.04,15,40935,买盘
1822,13:06:32,27.25,-0.04,160,436000,卖盘
1823,13:06:29,27.29,--,6,16374,买盘
1824,13:06:26,27.29,--,7,19103,买盘
1825,13:06:23,27.29,--,21,57309,买盘
1826,13:06:20,27.29,--,100,272900,买盘
1827,13:06:17,27.29,--,23,62767,买盘
1828,13:06:14,27.29,0.01,8,21832,卖盘
1829,13:06:08,27.28,-0.01,99,270072,卖盘
1830,13:06:05,27.29,0.04,84,229236,买盘
1831,13:05:59,27.25,-0.04,93,255060,卖盘
1832,13:05:56,27.29,--,4,10916,买盘
1833,13:05:53,27.29,0.01,207,564903,买盘
1834,13:05:47,27.28,--,2,5456,买盘
1835,13:05:44,27.28,0.03,3,8184,中性盘
1836,13:05:38,27.25,--,248,675800,卖盘
1837,13:05:35,27.25,-0.04,103,280675,卖盘
1838,13:05:32,27.29,0.04,1,2729,买盘
1839,13:05:23,27.25,-0.05,99,269775,卖盘
1840,13:05:20,27.3,0.04,7,19110,买盘
1841,13:05:17,27.26,-0.04,98,267693,卖盘
1842,13:05:14,27.3,0.03,63,171990,买盘
1843,13:05:11,27.27,--,9,24543,买盘
1844,13:05:08,27.27,--,57,155439,卖盘
1845,13:05:05,27.27,--,288,785376,卖盘
1846,13:05:02,27.27,-0.01,69,188163,卖盘
1847,13:04:56,27.28,--,15,40920,买盘
1848,13:04:53,27.28,--,173,471944,买盘
1849,13:04:50,27.28,-0.01,15,40920,买盘
1850,13:04:47,27.29,--,23,62767,买盘
1851,13:04:44,27.29,0.04,11,30019,买盘
1852,13:04:41,27.25,-0.03,101,275225,卖盘
1853,13:04:38,27.28,0.03,9,24552,中性盘
1854,13:04:35,27.25,--,12,32700,卖盘
1855,13:04:32,27.25,--,118,321550,卖盘
1856,13:04:26,27.25,0.01,347,945575,中性盘
1857,13:04:20,27.24,-0.03,87,236988,卖盘
1858,13:04:14,27.27,0.02,38,105262,买盘
1859,13:04:11,27.25,--,12,33790,卖盘
1860,13:04:08,27.25,--,118,323185,买盘
1861,13:04:05,27.25,0.02,80,218000,买盘
1862,13:04:02,27.23,-0.01,110,299530,中性盘
1863,13:03:59,27.24,--,102,277848,卖盘
1864,13:03:56,27.24,--,50,136200,卖盘
1865,13:03:53,27.24,--,2,5448,买盘
1866,13:03:50,27.24,--,12,32687,买盘
1867,13:03:47,27.24,0.02,97,264228,买盘
1868,13:03:44,27.22,--,25,68050,买盘
1869,13:03:41,27.22,0.02,50,136100,买盘
1870,13:03:38,27.2,-0.02,207,563040,卖盘
1871,13:03:35,27.22,--,231,628782,买盘
1872,13:03:32,27.22,--,30,81660,买盘
1873,13:03:29,27.22,0.02,1,2722,买盘
1874,13:03:26,27.2,-0.02,93,252960,卖盘
1875,13:03:23,27.22,0.02,3,8166,买盘
1876,13:03:20,27.2,0.01,24,65824,中性盘
1877,13:03:14,27.19,-0.01,187,508453,卖盘
1878,13:03:11,27.2,--,42,114240,买盘
1879,13:03:05,27.2,--,134,364480,买盘
1880,13:03:02,27.2,--,265,720800,买盘
1881,13:02:59,27.2,--,1,2720,买盘
1882,13:02:56,27.2,--,14,38080,买盘
1883,13:02:53,27.2,--,196,533120,买盘
1884,13:02:47,27.2,0.05,10,27200,买盘
1885,13:02:44,27.15,-0.05,55,149325,卖盘
1886,13:02:41,27.2,0.03,102,277440,买盘
1887,13:02:38,27.17,-0.03,12,33690,卖盘
1888,13:02:35,27.2,0.05,19,51680,买盘
1889,13:02:29,27.15,-0.02,382,1037130,卖盘
1890,13:02:20,27.17,0.02,99,268983,买盘
1891,13:02:17,27.15,-0.02,25,67875,卖盘
1892,13:02:14,27.17,0.02,32,86944,买盘
1893,13:02:11,27.15,0.02,33,89595,买盘
1894,13:02:08,27.13,--,376,1020088,卖盘
1895,13:02:02,27.13,-0.06,143,387959,卖盘
1896,13:01:56,27.19,--,93,252867,买盘
1897,13:01:53,27.19,--,1,2719,买盘
1898,13:01:50,27.19,0.02,2,5438,买盘
1899,13:01:47,27.17,--,36,97812,买盘
1900,13:01:44,27.17,--,124,336908,买盘
1901,13:01:38,27.17,0.07,2,5434,买盘
1902,13:01:35,27.1,-0.03,89,241190,卖盘
1903,13:01:32,27.13,-0.02,25,67825,卖盘
1904,13:01:29,27.15,0.02,18,48870,买盘
1905,13:01:26,27.13,--,93,252309,买盘
1906,13:01:23,27.13,-0.02,83,226806,卖盘
1907,13:01:20,27.15,0.04,121,328515,买盘
1908,13:01:17,27.11,--,18,48798,买盘
1909,13:01:14,27.11,-0.03,132,357852,卖盘
1910,13:01:08,27.14,--,8,21712,卖盘
1911,13:01:05,27.14,0.04,80,217120,买盘
1912,13:01:02,27.1,-0.05,126,341460,卖盘
1913,13:00:56,27.15,0.03,2,5430,买盘
1914,13:00:53,27.12,-0.03,88,238656,卖盘
1915,13:00:50,27.15,--,59,160185,买盘
1916,13:00:44,27.15,--,4,10860,买盘
1917,13:00:41,27.15,0.01,167,453405,买盘
1918,13:00:38,27.14,--,30,81420,买盘
1919,13:00:35,27.14,--,72,195408,买盘
1920,13:00:29,27.14,--,199,540086,买盘
1921,13:00:26,27.14,--,190,515660,买盘
1922,13:00:23,27.14,0.02,15,40710,买盘
1923,13:00:20,27.12,--,107,292136,买盘
1924,13:00:17,27.12,--,130,352560,买盘
1925,13:00:14,27.12,0.03,3,8136,买盘
1926,13:00:11,27.09,--,473,1281357,卖盘
1927,13:00:05,27.09,-0.01,1158,3138484,卖盘
1928,13:00:02,27.1,0.01,14,37940,买盘
1929,11:30:03,27.09,--,3,8127,买盘
1930,11:30:00,27.09,-0.01,12,32508,卖盘
1931,11:29:57,27.1,--,90,243900,买盘
1932,11:29:54,27.1,--,100,271000,买盘
1933,11:29:48,27.1,-0.02,5,13550,卖盘
1934,11:29:45,27.12,--,271,734952,买盘
1935,11:29:36,27.12,--,72,195264,卖盘
1936,11:29:33,27.12,-0.02,94,254928,中性盘
1937,11:29:30,27.14,0.05,43,116702,买盘
1938,11:29:27,27.09,--,27,73143,卖盘
1939,11:29:24,27.09,-0.03,189,512001,卖盘
1940,11:29:21,27.12,0.02,6,16272,中性盘
1941,11:29:18,27.1,--,83,227423,卖盘
1942,11:29:15,27.1,--,11,29810,卖盘
1943,11:29:12,27.1,-0.04,123,333330,卖盘
1944,11:29:09,27.14,0.02,10,27140,买盘
1945,11:29:06,27.12,0.02,8,21696,中性盘
1946,11:29:03,27.1,--,37,100270,卖盘
1947,11:29:00,27.1,--,133,360430,卖盘
1948,11:28:51,27.1,--,88,238480,卖盘
1949,11:28:48,27.1,-0.02,73,197830,卖盘
1950,11:28:45,27.12,0.02,18,48816,卖盘
1951,11:28:42,27.1,-0.01,60,162600,卖盘
1952,11:28:39,27.11,-0.04,189,514602,卖盘
1953,11:28:33,27.15,0.04,45,122175,中性盘
1954,11:28:30,27.11,-0.05,69,187059,卖盘
1955,11:28:27,27.16,--,102,277032,买盘
1956,11:28:24,27.16,0.04,174,472584,买盘
1957,11:28:21,27.12,-0.04,2,5424,卖盘
1958,11:28:18,27.16,0.04,14,38024,买盘
1959,11:28:15,27.12,-0.04,100,271200,卖盘
1960,11:28:12,27.16,--,100,271600,买盘
1961,11:28:09,27.16,0.05,47,127652,买盘
1962,11:28:06,27.11,-0.05,110,298210,卖盘
1963,11:28:03,27.16,0.04,7,19012,买盘
1964,11:28:00,27.12,-0.04,25,68342,卖盘
1965,11:27:57,27.16,0.04,26,70616,买盘
1966,11:27:54,27.12,--,293,794616,卖盘
1967,11:27:45,27.12,--,237,642744,买盘
1968,11:27:42,27.12,--,39,105768,买盘
1969,11:27:39,27.12,--,49,132888,买盘
1970,11:27:36,27.12,0.02,67,181704,买盘
1971,11:27:30,27.1,-0.02,99,268290,卖盘
1972,11:27:27,27.12,--,43,116616,买盘
1973,11:27:24,27.12,--,103,279336,卖盘
1974,11:27:21,27.12,-0.04,418,1133616,卖盘
1975,11:27:18,27.16,--,1,2716,买盘
1976,11:27:15,27.16,0.04,255,692580,买盘
1977,11:27:09,27.12,-0.03,84,227808,卖盘
1978,11:27:06,27.15,0.04,163,442545,买盘
1979,11:27:03,27.11,0.01,24,65064,中性盘
1980,11:27:00,27.1,-0.02,210,569100,卖盘
1981,11:26:57,27.12,0.01,3,8136,买盘
1982,11:26:54,27.11,-0.01,10,27110,卖盘
1983,11:26:51,27.12,--,598,1621776,买盘
1984,11:26:45,27.12,--,14,37968,买盘
1985,11:26:42,27.12,--,1,2712,买盘
1986,11:26:39,27.12,--,1220,3308640,卖盘
1987,11:26:33,27.12,-0.02,122,330864,卖盘
1988,11:26:30,27.14,0.03,32,86848,买盘
1989,11:26:27,27.11,--,98,265678,卖盘
1990,11:26:24,27.11,-0.03,114,309054,卖盘
1991,11:26:18,27.14,0.02,200,542800,买盘
1992,11:26:15,27.12,--,406,1101072,卖盘
1993,11:26:12,27.12,-0.02,87,235944,卖盘
1994,11:26:09,27.14,--,6,16284,买盘
1995,11:26:06,27.14,0.02,20,54280,买盘
1996,11:26:03,27.12,--,101,273912,卖盘
1997,11:26:00,27.12,-0.02,2,5424,卖盘
1998,11:25:57,27.14,0.01,20,54280,买盘
1999,11:25:54,27.13,-0.02,128,347264,卖盘
2000,11:25:51,27.15,0.01,242,657030,买盘
2001,11:25:45,27.14,--,55,149270,卖盘
2002,11:25:42,27.14,-0.01,91,246974,卖盘
2003,11:25:39,27.15,0.01,3,8145,中性盘
2004,11:25:33,27.14,-0.02,116,314824,卖盘
2005,11:25:30,27.16,0.01,1,2716,买盘
2006,11:25:27,27.15,0.04,96,261726,买盘
2007,11:25:24,27.11,--,64,173504,卖盘
2008,11:25:21,27.11,-0.01,87,235857,卖盘
2009,11:25:18,27.12,-0.04,108,292896,卖盘
2010,11:25:15,27.16,0.05,226,613816,买盘
2011,11:25:09,27.11,-0.03,114,309054,卖盘
2012,11:25:06,27.14,--,20,54280,买盘
2013,11:25:03,27.14,0.02,693,1880802,买盘
2014,11:24:57,27.12,-0.01,375,1017000,卖盘
2015,11:24:54,27.13,--,4,10852,卖盘
2016,11:24:51,27.13,0.01,2,5426,买盘
2017,11:24:48,27.12,0.01,106,287472,中性盘
2018,11:24:45,27.11,-0.02,43,116573,卖盘
2019,11:24:42,27.13,0.03,4,10852,买盘
2020,11:24:39,27.1,--,12,32520,卖盘
2021,11:24:36,27.1,-0.03,227,615170,卖盘
2022,11:24:33,27.13,-0.01,4,10852,卖盘
2023,11:24:30,27.14,0.06,47,127558,买盘
2024,11:24:27,27.08,-0.05,234,633672,卖盘
2025,11:24:24,27.13,--,3,8139,买盘
2026,11:24:21,27.13,-0.01,94,255022,卖盘
2027,11:24:18,27.14,0.02,821,2228194,买盘
2028,11:24:15,27.12,-0.02,129,349848,卖盘
2029,11:24:12,27.14,--,90,244260,买盘
2030,11:24:09,27.14,0.01,4,10856,买盘
2031,11:24:06,27.13,-0.01,126,341838,中性盘
2032,11:24:00,27.14,--,317,860338,买盘
2033,11:23:54,27.14,0.01,18,48852,买盘
2034,11:23:51,27.13,-0.01,91,246883,卖盘
2035,11:23:48,27.14,0.01,39,105846,买盘
2036,11:23:45,27.13,--,9,24417,买盘
2037,11:23:42,27.13,-0.01,606,1644078,卖盘
2038,11:23:39,27.14,--,130,352820,卖盘
2039,11:23:36,27.14,--,4,10856,卖盘
2040,11:23:33,27.14,--,92,249688,卖盘
2041,11:23:30,27.14,--,213,578082,卖盘
2042,11:23:27,27.14,--,35,94990,卖盘
2043,11:23:24,27.14,0.01,24,65136,买盘
2044,11:23:21,27.13,--,752,2040176,卖盘
2045,11:23:18,27.13,-0.01,103,279439,卖盘
2046,11:23:15,27.14,--,27,73278,买盘
2047,11:23:12,27.14,0.03,87,236118,买盘
2048,11:23:09,27.11,-0.03,117,317187,卖盘
2049,11:23:06,27.14,--,29,78706,买盘
2050,11:23:03,27.14,-0.02,5,13570,中性盘
2051,11:23:00,27.16,0.06,221,600236,买盘
2052,11:22:57,27.1,-0.04,929,2517590,卖盘
2053,11:22:48,27.14,--,8,21712,卖盘
2054,11:22:45,27.14,--,633,1717962,买盘
2055,11:22:39,27.14,0.01,37,100418,买盘
2056,11:22:36,27.13,-0.02,317,860021,卖盘
2057,11:22:33,27.15,--,108,293220,买盘
2058,11:22:30,27.15,--,12,32580,买盘
2059,11:22:27,27.15,--,21,57015,买盘
2060,11:22:24,27.15,--,93,252495,买盘
2061,11:22:21,27.15,--,730,1983036,卖盘
2062,11:22:15,27.15,-0.01,139,377385,卖盘
2063,11:22:12,27.16,--,77,209132,买盘
2064,11:22:09,27.16,--,52,141232,买盘
2065,11:22:03,27.16,0.02,141,384585,买盘
2066,11:22:00,27.14,-0.02,30,81420,卖盘
2067,11:21:57,27.16,0.01,21,57036,买盘
2068,11:21:54,27.15,-0.01,93,252495,卖盘
2069,11:21:51,27.16,--,110,298760,买盘
2070,11:21:48,27.16,0.02,31,84196,买盘
2071,11:21:42,27.14,-0.01,35,94990,卖盘
2072,11:21:39,27.15,--,152,412680,卖盘
2073,11:21:36,27.15,0.01,107,290505,卖盘
2074,11:21:30,27.14,--,25,67850,卖盘
2075,11:21:27,27.14,-0.01,162,439668,卖盘
2076,11:21:24,27.15,0.01,31,84165,买盘
2077,11:21:18,27.14,-0.01,132,359876,卖盘
2078,11:21:15,27.15,0.02,25,68961,买盘
2079,11:21:12,27.13,-0.01,101,274013,卖盘
2080,11:21:09,27.14,0.01,23,62422,买盘
2081,11:21:06,27.13,-0.01,142,385246,卖盘
2082,11:21:03,27.14,--,1115,3026110,买盘
2083,11:20:57,27.14,--,120,325680,买盘
2084,11:20:54,27.14,0.01,17,46138,买盘
2085,11:20:51,27.13,--,61,165493,买盘
2086,11:20:45,27.13,--,153,415089,买盘
2087,11:20:42,27.13,--,16,43408,买盘
2088,11:20:39,27.13,-0.03,792,2148696,卖盘
2089,11:20:32,27.16,0.01,168,456288,买盘
2090,11:20:29,27.15,-0.05,94,255210,卖盘
2091,11:20:26,27.2,0.06,36,97920,买盘
2092,11:20:20,27.14,-0.02,132,358248,卖盘
2093,11:20:17,27.16,-0.04,8,21728,中性盘
2094,11:20:14,27.2,--,9,24480,买盘
2095,11:20:11,27.2,0.01,201,546720,买盘
2096,11:20:08,27.19,0.04,3,8157,买盘
2097,11:20:05,27.15,-0.01,37,100455,卖盘
2098,11:20:02,27.16,0.04,23,62468,中性盘
2099,11:19:59,27.12,-0.04,153,415478,卖盘
2100,11:19:56,27.16,0.01,10,27160,买盘
2101,11:19:53,27.15,0.02,11,29865,中性盘
2102,11:19:50,27.13,-0.03,111,301143,卖盘
2103,11:19:44,27.16,--,93,252588,买盘
2104,11:19:41,27.16,0.01,205,556780,买盘
2105,11:19:38,27.15,--,242,657030,买盘
2106,11:19:35,27.15,--,3,8145,买盘
2107,11:19:32,27.15,--,5,13575,买盘
2108,11:19:29,27.15,-0.01,277,752055,中性盘
2109,11:19:23,27.16,0.02,5,13580,买盘
2110,11:19:20,27.14,0.01,51,138414,买盘
2111,11:19:17,27.13,-0.02,116,314708,卖盘
2112,11:19:14,27.15,--,146,396390,卖盘
2113,11:19:11,27.15,-0.01,126,342090,卖盘
2114,11:19:08,27.16,--,253,687148,买盘
2115,11:19:05,27.16,0.01,183,497028,买盘
2116,11:19:02,27.15,-0.01,67,181905,卖盘
2117,11:18:59,27.16,-0.07,590,1604504,卖盘
2118,11:18:56,27.23,0.05,14,38122,买盘
2119,11:18:53,27.18,-0.05,168,456624,卖盘
2120,11:18:50,27.23,0.04,2,5446,买盘
2121,11:18:47,27.19,-0.01,19,51661,买盘
2122,11:18:44,27.2,--,193,524960,卖盘
2123,11:18:38,27.2,--,53,144160,卖盘
2124,11:18:35,27.2,-0.04,113,307360,中性盘
2125,11:18:32,27.24,--,118,321432,买盘
2126,11:18:29,27.24,--,9,24516,买盘
2127,11:18:23,27.24,0.01,181,493044,买盘
2128,11:18:20,27.23,-0.01,1,2723,卖盘
2129,11:18:14,27.24,0.04,53,144372,买盘
2130,11:18:08,27.2,-0.04,118,320960,卖盘
2131,11:18:05,27.24,0.01,42,114408,买盘
2132,11:18:02,27.23,0.05,9,24507,中性盘
2133,11:17:59,27.18,-0.02,101,274518,卖盘
2134,11:17:56,27.2,--,114,311276,卖盘
2135,11:17:53,27.2,-0.03,33,89760,卖盘
2136,11:17:50,27.23,0.05,6,16338,买盘
2137,11:17:47,27.18,-0.05,194,527292,卖盘
2138,11:17:44,27.23,0.05,39,106197,买盘
2139,11:17:41,27.18,-0.05,79,214722,卖盘
2140,11:17:38,27.23,--,109,296807,买盘
2141,11:17:35,27.23,0.03,103,280469,买盘
2142,11:17:32,27.2,-0.03,110,299200,卖盘
2143,11:17:29,27.23,0.03,5,13615,买盘
2144,11:17:26,27.2,-0.03,159,432480,卖盘
2145,11:17:23,27.23,0.02,13,35399,买盘
2146,11:17:20,27.21,--,6,18502,卖盘
2147,11:17:17,27.21,-0.02,143,389103,中性盘
2148,11:17:14,27.23,--,12,32676,买盘
2149,11:17:11,27.23,0.03,56,152488,买盘
2150,11:17:02,27.2,0.02,109,296480,卖盘
2151,11:16:59,27.18,-0.06,70,190260,卖盘
2152,11:16:56,27.24,0.04,120,326880,买盘
2153,11:16:53,27.2,0.02,236,641920,买盘
2154,11:16:47,27.18,--,7,19026,买盘
2155,11:16:44,27.18,0.01,73,198414,买盘
2156,11:16:41,27.17,-0.01,91,247247,卖盘
2157,11:16:38,27.18,-0.06,80,217440,卖盘
2158,11:16:35,27.24,0.04,2,5448,中性盘
2159,11:16:29,27.2,0.02,213,579360,卖盘
2160,11:16:29,27.18,0.01,182,494676,卖盘
2161,11:16:20,27.17,-0.07,259,703703,卖盘
2162,11:16:17,27.24,0.08,300,819379,买盘
2163,11:16:11,27.16,-0.04,310,841960,卖盘
2164,11:16:08,27.2,0.03,11,29920,买盘
2165,11:16:05,27.17,-0.03,101,274417,卖盘
2166,11:16:02,27.2,0.03,69,187680,买盘
2167,11:15:59,27.17,-0.01,332,902044,卖盘
2168,11:15:53,27.18,-0.02,220,597960,卖盘
2169,11:15:47,27.2,0.03,153,416160,买盘
2170,11:15:44,27.17,--,7,19019,卖盘
2171,11:15:41,27.17,--,124,336908,卖盘
2172,11:15:38,27.17,0.02,88,239096,买盘
2173,11:15:35,27.15,-0.02,257,697755,卖盘
2174,11:15:29,27.17,0.02,239,649363,买盘
2175,11:15:26,27.15,0.01,257,697755,买盘
2176,11:15:23,27.14,--,28,75992,卖盘
2177,11:15:20,27.14,-0.01,35,94990,中性盘
2178,11:15:17,27.15,0.04,185,503361,买盘
2179,11:15:14,27.11,-0.04,103,279233,卖盘
2180,11:15:11,27.15,0.03,285,773775,买盘
2181,11:15:08,27.12,-0.02,104,282048,卖盘
2182,11:15:05,27.14,0.02,96,260544,买盘
2183,11:15:02,27.12,-0.03,143,387816,卖盘
2184,11:14:59,27.15,0.01,236,640740,买盘
2185,11:14:56,27.14,0.03,21,56994,中性盘
2186,11:14:53,27.11,-0.03,354,959694,卖盘
2187,11:14:50,27.14,0.04,157,426098,买盘
2188,11:14:44,27.1,--,178,482380,卖盘
2189,11:14:41,27.1,-0.05,517,1401070,卖盘
2190,11:14:38,27.15,0.05,124,338886,买盘
2191,11:14:35,27.1,-0.05,362,981020,卖盘
2192,11:14:32,27.15,0.01,247,670605,买盘
2193,11:14:29,27.14,-0.01,215,583510,卖盘
2194,11:14:26,27.15,--,311,844365,买盘
2195,11:14:23,27.15,-0.05,453,1230166,卖盘
2196,11:14:20,27.2,--,174,473280,买盘
2197,11:14:17,27.2,0.02,201,546720,买盘
2198,11:14:14,27.18,--,159,432162,卖盘
2199,11:14:08,27.18,-0.07,102,277236,卖盘
2200,11:14:05,27.25,0.09,176,479600,买盘
2201,11:14:02,27.16,-0.04,944,2563904,卖盘
2202,11:13:59,27.2,--,45,122400,卖盘
2203,11:13:56,27.2,-0.04,169,460441,卖盘
2204,11:13:53,27.24,--,12,32687,买盘
2205,11:13:50,27.24,--,520,1416480,买盘
2206,11:13:44,27.24,0.06,13,35412,买盘
2207,11:13:41,27.18,-0.07,466,1269088,卖盘
2208,11:13:35,27.25,0.05,49,133743,买盘
2209,11:13:32,27.2,--,325,884000,卖盘
2210,11:13:29,27.2,-0.04,1000,2720000,卖盘
2211,11:13:26,27.24,0.02,18,49032,买盘
2212,11:13:23,27.22,--,275,748550,卖盘
2213,11:13:20,27.22,-0.02,118,321196,卖盘
2214,11:13:17,27.24,--,348,947952,买盘
2215,11:13:14,27.24,--,112,305088,买盘
2216,11:13:11,27.24,-0.03,371,1010604,卖盘
2217,11:13:02,27.27,0.01,215,586305,买盘
2218,11:12:59,27.26,-0.02,14,38164,卖盘
2219,11:12:56,27.28,0.03,2,5456,卖盘
2220,11:12:53,27.25,-0.02,225,613125,卖盘
2221,11:12:50,27.27,--,3,8181,卖盘
2222,11:12:47,27.27,0.02,83,226341,中性盘
2223,11:12:41,27.25,--,96,261600,卖盘
2224,11:12:38,27.25,--,308,840281,卖盘
2225,11:12:32,27.25,--,3,8175,卖盘
2226,11:12:26,27.25,-0.02,291,792975,卖盘
2227,11:12:23,27.27,0.01,264,720473,买盘
2228,11:12:20,27.26,0.01,79,215354,中性盘
2229,11:12:17,27.25,-0.01,168,457800,卖盘
2230,11:12:14,27.26,--,18,49068,卖盘
2231,11:12:11,27.26,-0.01,89,242614,卖盘
2232,11:12:08,27.27,-0.01,375,1024806,卖盘
2233,11:12:05,27.28,--,199,542872,卖盘
2234,11:12:02,27.28,0.03,50,136945,买盘
2235,11:11:59,27.25,--,70,190750,卖盘
2236,11:11:56,27.25,-0.02,138,376050,卖盘
2237,11:11:53,27.27,-0.01,43,117261,卖盘
2238,11:11:50,27.28,0.01,105,286440,买盘
2239,11:11:47,27.27,--,33,89991,卖盘
2240,11:11:44,27.27,0.02,96,261792,中性盘
2241,11:11:41,27.25,--,150,408750,卖盘
2242,11:11:38,27.25,-0.03,111,302475,卖盘
2243,11:11:35,27.28,0.01,93,253704,买盘
2244,11:11:32,27.27,0.01,228,621756,中性盘
2245,11:11:29,27.26,-0.02,25,68150,卖盘
2246,11:11:26,27.28,0.01,197,537416,买盘
2247,11:11:23,27.27,--,82,223614,卖盘
2248,11:11:17,27.27,-0.01,78,213851,卖盘
2249,11:11:14,27.28,--,31,84568,卖盘
2250,11:11:11,27.28,--,191,521048,卖盘
2251,11:11:05,27.28,--,19,51832,卖盘
2252,11:11:02,27.28,0.01,12,32736,中性盘
2253,11:10:59,27.27,-0.03,153,417231,卖盘
2254,11:10:56,27.3,0.02,9,24570,卖盘
2255,11:10:53,27.28,-0.02,119,324632,卖盘
2256,11:10:50,27.3,--,88,240240,卖盘
2257,11:10:44,27.3,0.01,31,84630,卖盘
2258,11:10:41,27.29,-0.01,196,534884,卖盘
2259,11:10:38,27.3,-0.01,164,447774,卖盘
2260,11:10:35,27.31,-0.08,14,38234,卖盘
2261,11:10:32,27.39,0.09,1,2739,买盘
2262,11:10:29,27.3,-0.01,245,668850,卖盘
2263,11:10:26,27.31,-0.07,19,51889,卖盘
2264,11:10:23,27.38,0.07,78,213564,买盘
2265,11:10:20,27.31,0.01,3,8193,卖盘
2266,11:10:17,27.3,-0.01,91,248430,卖盘
2267,11:10:14,27.31,0.01,61,166591,买盘
2268,11:10:05,27.3,--,98,267540,卖盘
2269,11:10:02,27.3,-0.08,123,335790,卖盘
2270,11:09:59,27.38,--,2,5476,中性盘
2271,11:09:56,27.38,0.03,211,578484,买盘
2272,11:09:53,27.35,0.04,99,270765,中性盘
2273,11:09:50,27.31,0.01,14,38234,中性盘
2274,11:09:47,27.3,--,126,344526,卖盘
2275,11:09:44,27.3,-0.06,108,294840,卖盘
2276,11:09:41,27.36,--,244,669772,卖盘
2277,11:09:38,27.36,--,24,66211,买盘
2278,11:09:35,27.36,0.01,98,268128,买盘
2279,11:09:32,27.35,--,58,158630,卖盘
2280,11:09:26,27.35,--,82,225364,买盘
2281,11:09:23,27.35,--,216,590760,买盘
2282,11:09:20,27.35,0.06,33,90255,买盘
2283,11:09:17,27.29,--,19,51851,卖盘
2284,11:09:11,27.29,-0.07,160,436640,卖盘
2285,11:09:08,27.36,0.01,19,51984,买盘
2286,11:09:05,27.35,--,66,180510,卖盘
2287,11:09:02,27.35,--,201,549735,卖盘
2288,11:08:56,27.35,0.06,135,369225,买盘
2289,11:08:53,27.29,-0.05,24,65496,卖盘
2290,11:08:50,27.34,0.05,16,43744,买盘
2291,11:08:47,27.29,-0.06,110,300190,卖盘
2292,11:08:44,27.35,0.01,65,177775,买盘
2293,11:08:41,27.34,--,3,8202,买盘
2294,11:08:38,27.34,0.05,128,352139,中性盘
2295,11:08:32,27.29,-0.06,27,73683,中性盘
2296,11:08:29,27.35,0.07,148,404780,买盘
2297,11:08:26,27.28,-0.07,97,264616,卖盘
2298,11:08:23,27.35,0.07,26,71110,买盘
2299,11:08:17,27.28,--,109,297352,卖盘
2300,11:08:14,27.28,0.02,179,488312,买盘
2301,11:08:11,27.26,--,18,49068,买盘
2302,11:08:08,27.26,0.01,6,16356,卖盘
2303,11:08:05,27.25,-0.02,264,719400,卖盘
2304,11:08:02,27.27,0.01,18,49086,卖盘
2305,11:07:59,27.26,-0.02,49,133574,卖盘
2306,11:07:56,27.28,0.02,109,297352,买盘
2307,11:07:47,27.26,-0.03,14,38164,卖盘
2308,11:07:44,27.29,0.04,14,38206,买盘
2309,11:07:41,27.25,-0.04,117,318825,卖盘
2310,11:07:38,27.29,--,53,144637,买盘
2311,11:07:35,27.29,0.04,67,182843,买盘
2312,11:07:32,27.25,--,115,313375,买盘
2313,11:07:29,27.25,-0.03,46,125350,卖盘
2314,11:07:23,27.28,-0.02,29,79112,中性盘
2315,11:07:20,27.3,--,169,461370,买盘
2316,11:07:17,27.3,0.05,143,390390,买盘
2317,11:07:14,27.25,-0.02,48,130800,卖盘
2318,11:07:11,27.27,0.02,21,57267,买盘
2319,11:07:08,27.25,--,96,261600,卖盘
2320,11:07:05,27.25,0.01,21,57225,卖盘
2321,11:07:02,27.24,-0.01,10,27240,卖盘
2322,11:06:59,27.25,-0.02,282,768477,卖盘
2323,11:06:56,27.27,-0.03,23,62721,中性盘
2324,11:06:53,27.3,0.05,33,90090,买盘
2325,11:06:50,27.25,--,228,621300,买盘
2326,11:06:47,27.25,--,58,158050,买盘
2327,11:06:44,27.25,-0.02,94,256150,卖盘
2328,11:06:38,27.27,0.03,31,84537,买盘
2329,11:06:35,27.24,-0.01,96,261503,卖盘
2330,11:06:32,27.25,--,82,223450,卖盘
2331,11:06:29,27.25,0.01,32,87200,卖盘
2332,11:06:26,27.24,--,88,239712,卖盘
2333,11:06:23,27.24,--,51,138924,卖盘
2334,11:06:20,27.24,-0.01,85,231540,卖盘
2335,11:06:17,27.25,0.01,83,226175,买盘
2336,11:06:14,27.24,--,101,275124,卖盘
2337,11:06:08,27.24,0.02,40,108960,中性盘
2338,11:06:05,27.22,-0.01,223,607006,卖盘
2339,11:06:02,27.23,--,3,8169,卖盘
2340,11:05:59,27.23,0.03,238,649707,中性盘
2341,11:05:53,27.2,-0.04,102,277440,卖盘
2342,11:05:50,27.24,0.04,19,51756,买盘
2343,11:05:47,27.2,0.01,29,78880,卖盘
2344,11:05:44,27.19,-0.01,282,766758,卖盘
2345,11:05:41,27.2,-0.02,28,76160,卖盘
2346,11:05:32,27.22,0.04,205,558010,中性盘
2347,11:05:29,27.18,--,238,646911,卖盘
2348,11:05:26,27.18,-0.02,93,252774,卖盘
2349,11:05:23,27.2,--,135,367200,买盘
2350,11:05:20,27.2,0.01,236,641920,买盘
2351,11:05:17,27.19,-0.06,1443,3926208,卖盘
2352,11:05:14,27.25,0.02,30,81750,买盘
2353,11:05:08,27.23,-0.02,104,283192,卖盘
2354,11:05:05,27.25,--,34,92650,买盘
2355,11:05:02,27.25,--,1,2725,买盘
2356,11:04:59,27.25,0.02,207,564075,买盘
2357,11:04:56,27.23,--,33,89859,卖盘
2358,11:04:53,27.23,--,26,70798,买盘
2359,11:04:50,27.23,0.01,108,294084,卖盘
2360,11:04:47,27.22,-0.02,113,307586,中性盘
2361,11:04:44,27.24,--,277,754548,买盘
2362,11:04:41,27.24,0.01,93,253332,买盘
2363,11:04:38,27.23,-0.02,635,1729105,卖盘
2364,11:04:32,27.25,0.02,49,133525,买盘
2365,11:04:29,27.23,-0.01,239,650797,卖盘
2366,11:04:26,27.24,0.01,110,299640,中性盘
2367,11:04:20,27.23,-0.02,246,669858,卖盘
2368,11:04:17,27.25,0.01,43,117175,买盘
2369,11:04:14,27.24,-0.01,663,1806012,中性盘
2370,11:04:08,27.25,--,65,177125,买盘
2371,11:04:05,27.25,--,210,574457,买盘
2372,11:04:02,27.25,--,608,1658353,卖盘
2373,11:03:56,27.25,--,246,671412,卖盘
2374,11:03:50,27.25,-0.01,103,280675,卖盘
2375,11:03:47,27.26,-0.05,211,576385,卖盘
2376,11:03:44,27.31,0.05,139,379609,买盘
2377,11:03:41,27.26,-0.02,281,766006,卖盘
2378,11:03:38,27.28,--,80,218240,卖盘
2379,11:03:32,27.28,0.02,92,250976,中性盘
2380,11:03:29,27.26,-0.05,91,248066,卖盘
2381,11:03:26,27.31,0.01,411,1122441,买盘
2382,11:03:23,27.3,0.02,49,133770,买盘
2383,11:03:20,27.28,-0.01,146,399924,买盘
2384,11:03:17,27.29,0.02,130,354770,买盘
2385,11:03:11,27.27,--,147,400869,卖盘
2386,11:03:08,27.27,0.01,214,583578,中性盘
2387,11:03:05,27.26,--,103,280778,卖盘
2388,11:03:02,27.26,-0.02,46,125396,卖盘
2389,11:02:59,27.28,--,107,291896,买盘
2390,11:02:56,27.28,--,202,551056,买盘
2391,11:02:53,27.28,--,111,302808,买盘
2392,11:02:50,27.28,0.02,18,49104,买盘
2393,11:02:47,27.26,-0.02,398,1084948,卖盘
2394,11:02:41,27.28,--,75,204600,买盘
2395,11:02:38,27.28,-0.02,14,38192,卖盘
2396,11:02:35,27.3,-0.05,869,2372916,卖盘
2397,11:02:32,27.35,0.03,71,194185,买盘
2398,11:02:29,27.32,0.01,25,68300,卖盘
2399,11:02:26,27.31,-0.08,96,262176,卖盘
2400,11:02:23,27.39,--,127,347853,卖盘
2401,11:02:20,27.39,0.03,178,487542,买盘
2402,11:02:17,27.36,--,88,240768,卖盘
2403,11:02:14,27.36,-0.03,135,369360,卖盘
2404,11:02:11,27.39,0.03,14,38346,买盘
2405,11:02:02,27.36,0.01,37,101232,买盘
2406,11:01:59,27.35,--,101,276235,卖盘
2407,11:01:56,27.35,--,30,84238,卖盘
2408,11:01:53,27.35,0.03,102,278970,买盘
2409,11:01:50,27.32,-0.03,137,374284,卖盘
2410,11:01:47,27.35,--,36,98460,买盘
2411,11:01:44,27.35,0.05,111,303585,中性盘
2412,11:01:38,27.3,-0.06,179,488670,卖盘
2413,11:01:32,27.36,0.05,52,142272,中性盘
2414,11:01:29,27.31,--,10,27310,卖盘
2415,11:01:25,27.31,-0.12,57,155667,卖盘
2416,11:01:19,27.43,0.13,187,514586,买盘
2417,11:01:16,27.3,-0.13,93,253890,卖盘
2418,11:01:13,27.43,0.13,123,337389,买盘
2419,11:01:07,27.3,-0.01,111,303030,卖盘
2420,11:01:04,27.31,0.01,19,51889,中性盘
2421,11:01:01,27.3,-0.13,18,49140,卖盘
2422,11:00:58,27.43,0.17,257,704951,买盘
2423,11:00:52,27.26,0.01,147,402112,卖盘
2424,11:00:49,27.25,--,13,35425,卖盘
2425,11:00:46,27.25,0.02,157,427825,卖盘
2426,11:00:43,27.23,-0.02,185,503755,卖盘
2427,11:00:40,27.25,--,23,62675,卖盘
2428,11:00:37,27.25,-0.05,280,763545,中性盘
2429,11:00:31,27.3,0.05,280,764400,买盘
2430,11:00:28,27.25,--,134,365150,卖盘
2431,11:00:25,27.25,-0.02,280,763000,卖盘
2432,11:00:22,27.27,--,695,1895265,买盘
2433,11:00:19,27.27,0.01,117,319059,买盘
2434,11:00:16,27.26,-0.04,156,425256,卖盘
2435,11:00:13,27.3,--,238,649740,买盘
2436,11:00:10,27.3,--,11,30030,买盘
2437,11:00:07,27.3,--,78,212940,买盘
2438,11:00:04,27.3,-0.02,1085,2964261,卖盘
2439,11:00:01,27.32,-0.08,144,393408,卖盘
2440,10:59:58,27.4,0.05,4,10960,买盘
2441,10:59:55,27.35,0.03,20,54700,买盘
2442,10:59:52,27.32,-0.02,24,65568,卖盘
2443,10:59:49,27.34,0.02,190,519460,卖盘
2444,10:59:43,27.32,--,76,207632,卖盘
2445,10:59:37,27.32,-0.02,183,501977,卖盘
2446,10:59:31,27.34,--,248,679289,买盘
2447,10:59:28,27.34,-0.09,116,318620,卖盘
2448,10:59:25,27.43,0.07,251,688493,买盘
2449,10:59:22,27.36,--,148,404928,卖盘
2450,10:59:19,27.36,-0.01,16,43776,卖盘
2451,10:59:16,27.37,-0.05,191,522767,卖盘
2452,10:59:13,27.42,--,35,95970,卖盘
2453,10:59:10,27.42,--,87,238554,卖盘
2454,10:59:07,27.42,0.06,181,496302,买盘
2455,10:59:04,27.36,-0.05,124,339264,卖盘
2456,10:59:01,27.41,0.04,198,542718,买盘
2457,10:58:58,27.37,-0.04,64,175168,卖盘
2458,10:58:55,27.41,0.04,331,907271,买盘
2459,10:58:49,27.37,0.02,95,260015,中性盘
2460,10:58:46,27.35,--,68,185980,卖盘
2461,10:58:43,27.35,-0.01,194,530590,卖盘
2462,10:58:40,27.36,--,150,411658,买盘
2463,10:58:34,27.36,-0.05,246,673056,卖盘
2464,10:58:28,27.41,0.05,259,709919,买盘
2465,10:58:25,27.36,--,136,372096,卖盘
2466,10:58:22,27.36,--,25,68400,卖盘
2467,10:58:19,27.36,0.01,377,1031472,中性盘
2468,10:58:16,27.35,-0.01,23,62905,卖盘
2469,10:58:13,27.36,0.01,113,309168,买盘
2470,10:58:10,27.35,--,193,527855,买盘
2471,10:58:07,27.35,0.01,17,46495,中性盘
2472,10:58:04,27.34,-0.01,379,1036186,卖盘
2473,10:57:58,27.35,--,258,705630,卖盘
2474,10:57:55,27.35,-0.03,201,549871,卖盘
2475,10:57:52,27.38,-0.06,131,358678,卖盘
2476,10:57:46,27.44,0.07,110,301840,买盘
2477,10:57:43,27.37,0.02,197,539189,卖盘
2478,10:57:37,27.35,-0.01,104,284440,卖盘
2479,10:57:34,27.36,-0.09,208,569088,卖盘
2480,10:57:31,27.45,0.09,250,686250,买盘
2481,10:57:25,27.36,-0.06,266,727776,卖盘
2482,10:57:22,27.42,--,11,30162,卖盘
2483,10:57:19,27.42,0.03,173,474366,买盘
2484,10:57:16,27.39,0.04,184,503976,中性盘
2485,10:57:13,27.35,-0.01,98,268030,卖盘
2486,10:57:10,27.36,--,137,374832,卖盘
2487,10:57:07,27.36,-0.04,124,339264,卖盘
2488,10:57:04,27.4,0.01,110,301400,中性盘
2489,10:57:01,27.39,-0.03,102,279378,买盘
2490,10:56:58,27.42,0.02,354,970668,买盘
2491,10:56:55,27.4,0.04,7,19180,中性盘
2492,10:56:52,27.36,-0.05,227,621072,卖盘
2493,10:56:49,27.41,0.01,19,52079,买盘
2494,10:56:46,27.4,0.04,218,597320,买盘
2495,10:56:43,27.36,0.01,90,246240,卖盘
2496,10:56:37,27.35,-0.04,218,597077,卖盘
2497,10:56:34,27.39,0.04,140,383460,买盘
2498,10:56:31,27.35,--,184,503240,卖盘
2499,10:56:28,27.35,--,405,1107675,卖盘
2500,10:56:22,27.35,-0.02,284,776740,卖盘
2501,10:56:16,27.37,-0.02,144,394128,中性盘
2502,10:56:10,27.39,0.03,37,101343,买盘
2503,10:56:07,27.36,-0.02,125,342000,卖盘
2504,10:56:01,27.38,0.02,111,304465,卖盘
2505,10:55:58,27.36,--,89,243504,卖盘
2506,10:55:55,27.36,-0.01,144,393984,卖盘
2507,10:55:52,27.37,0.01,14,38318,卖盘
2508,10:55:49,27.36,-0.02,285,779760,卖盘
2509,10:55:46,27.38,--,105,287490,买盘
2510,10:55:43,27.38,0.01,5,13690,买盘
2511,10:55:40,27.37,-0.05,119,325703,卖盘
2512,10:55:37,27.42,0.02,106,290652,买盘
2513,10:55:34,27.4,0.03,181,495940,买盘
2514,10:55:31,27.37,--,20,54740,买盘
2515,10:55:28,27.37,--,13,35581,买盘
2516,10:55:25,27.37,-0.06,188,514556,卖盘
2517,10:55:22,27.43,0.06,174,477282,买盘
2518,10:55:16,27.37,-0.03,116,317492,卖盘
2519,10:55:13,27.4,0.01,108,295920,卖盘
2520,10:55:07,27.39,-0.01,93,254727,卖盘
2521,10:55:04,27.4,--,1,2740,卖盘
2522,10:55:01,27.4,-0.02,158,432920,卖盘
2523,10:54:58,27.42,0.02,32,87744,买盘
2524,10:54:55,27.4,0.03,56,153440,买盘
2525,10:54:52,27.37,-0.01,103,281911,卖盘
2526,10:54:49,27.38,-0.02,103,282014,卖盘
2527,10:54:46,27.4,0.01,48,131520,中性盘
2528,10:54:43,27.39,-0.01,120,328680,卖盘
2529,10:54:40,27.4,0.01,37,101380,买盘
2530,10:54:37,27.39,--,402,1102283,买盘
2531,10:54:34,27.39,0.02,3,8217,买盘
2532,10:54:31,27.37,-0.02,120,328440,中性盘
2533,10:54:28,27.39,--,255,698445,买盘
2534,10:54:25,27.39,0.02,64,175296,中性盘
2535,10:54:22,27.37,--,287,785519,卖盘
2536,10:54:19,27.37,--,113,309281,卖盘
2537,10:54:16,27.37,-0.05,14,38318,中性盘
2538,10:54:13,27.42,0.03,315,863730,买盘
2539,10:54:07,27.39,--,11,30129,卖盘
2540,10:54:04,27.39,0.02,51,139689,卖盘
2541,10:54:01,27.37,-0.05,131,359641,中性盘
2542,10:53:55,27.42,--,121,331782,买盘
2543,10:53:52,27.42,--,52,142584,买盘
2544,10:53:49,27.42,0.06,63,172746,中性盘
2545,10:53:46,27.36,-0.06,306,837216,卖盘
2546,10:53:43,27.42,0.06,192,526464,买盘
2547,10:53:40,27.36,-0.06,135,369360,卖盘
2548,10:53:34,27.42,-0.01,80,219360,中性盘
2549,10:53:31,27.43,0.07,48,131664,买盘
2550,10:53:28,27.36,0.01,375,1027094,买盘
2551,10:53:25,27.35,-0.01,188,514180,卖盘
2552,10:53:22,27.36,--,94,258825,卖盘
2553,10:53:19,27.36,--,105,288374,买盘
2554,10:53:16,27.36,--,7,19152,买盘
2555,10:53:13,27.36,0.02,41,112176,买盘
2556,10:53:10,27.34,-0.07,255,697170,卖盘
2557,10:53:07,27.41,0.05,2,5482,买盘
2558,10:53:04,27.36,0.01,42,114912,卖盘
2559,10:52:58,27.35,--,105,287175,卖盘
2560,10:52:55,27.35,-0.06,207,566145,卖盘
2561,10:52:49,27.41,0.06,110,301510,买盘
2562,10:52:46,27.35,-0.03,211,577085,卖盘
2563,10:52:43,27.38,0.02,129,354735,买盘
2564,10:52:40,27.36,-0.05,273,746928,卖盘
2565,10:52:37,27.41,--,157,430337,买盘
2566,10:52:34,27.41,0.07,123,337143,买盘
2567,10:52:31,27.34,-0.09,201,549534,卖盘
2568,10:52:28,27.43,0.05,137,375791,买盘
2569,10:52:25,27.38,0.01,34,93092,中性盘
2570,10:52:22,27.37,-0.04,113,309281,卖盘
2571,10:52:19,27.41,0.06,211,578351,买盘
2572,10:52:16,27.35,--,30,82050,卖盘
2573,10:52:13,27.35,-0.02,223,609905,中性盘
2574,10:52:10,27.37,0.04,12,32844,中性盘
2575,10:52:07,27.33,-0.07,243,664119,卖盘
2576,10:52:04,27.4,0.07,83,227420,中性盘
2577,10:52:01,27.33,-0.09,165,452038,卖盘
2578,10:51:58,27.42,0.02,84,230328,买盘
2579,10:51:55,27.4,--,36,98640,卖盘
2580,10:51:52,27.4,0.08,328,899048,买盘
2581,10:51:46,27.32,0.01,72,196704,中性盘
2582,10:51:40,27.31,--,312,852072,卖盘
2583,10:51:37,27.31,--,127,346864,卖盘
2584,10:51:34,27.31,-0.01,441,1204371,卖盘
2585,10:51:31,27.32,0.01,196,535472,买盘
2586,10:51:28,27.31,-0.03,221,603551,中性盘
2587,10:51:25,27.34,0.02,252,688968,中性盘
2588,10:51:22,27.32,-0.03,776,2120032,卖盘
2589,10:51:19,27.35,--,213,582555,买盘
2590,10:51:16,27.35,0.01,281,770723,买盘
2591,10:51:13,27.34,0.03,200,546800,买盘
2592,10:51:10,27.31,-0.04,166,453346,卖盘
2593,10:51:07,27.35,-0.03,131,358285,卖盘
2594,10:51:04,27.38,0.06,118,325247,买盘
2595,10:51:01,27.32,-0.05,285,778620,卖盘
2596,10:50:58,27.37,--,103,281911,买盘
2597,10:50:55,27.37,-0.01,200,547400,中性盘
2598,10:50:52,27.38,0.02,99,271062,买盘
2599,10:50:49,27.36,-0.01,115,314640,卖盘
2600,10:50:46,27.37,-0.02,164,448868,中性盘
2601,10:50:43,27.39,0.03,20,54780,买盘
2602,10:50:40,27.36,-0.03,210,574560,卖盘
2603,10:50:37,27.39,0.04,70,191730,卖盘
2604,10:50:31,27.35,-0.01,292,799167,卖盘
2605,10:50:25,27.36,-0.04,215,590428,卖盘
2606,10:50:22,27.4,--,355,972700,卖盘
2607,10:50:19,27.4,-0.03,354,969960,卖盘
2608,10:50:16,27.43,0.03,15,41145,买盘
2609,10:50:13,27.4,-0.03,184,504160,卖盘
2610,10:50:10,27.43,0.02,461,1264523,买盘
2611,10:50:07,27.41,-0.02,330,904530,卖盘
2612,10:50:04,27.43,0.02,64,175552,买盘
2613,10:50:01,27.41,--,108,296028,卖盘
2614,10:49:58,27.41,0.01,343,940163,中性盘
2615,10:49:55,27.4,--,117,320580,卖盘
2616,10:49:52,27.4,0.01,327,895980,买盘
2617,10:49:46,27.39,--,69,188991,卖盘
2618,10:49:43,27.39,-0.07,218,597102,卖盘
2619,10:49:40,27.46,0.06,116,318536,买盘
2620,10:49:37,27.4,--,137,375380,卖盘
2621,10:49:34,27.4,-0.03,269,737060,卖盘
2622,10:49:31,27.43,0.02,20,54860,买盘
2623,10:49:28,27.41,--,295,808595,卖盘
2624,10:49:22,27.41,-0.05,65,178165,卖盘
2625,10:49:19,27.46,--,299,821054,买盘
2626,10:49:16,27.46,0.02,261,717255,买盘
2627,10:49:13,27.44,--,27,74088,卖盘
2628,10:49:10,27.44,-0.02,191,524104,卖盘
2629,10:49:07,27.46,0.01,86,236156,买盘
2630,10:49:04,27.45,-0.01,28,76860,卖盘
2631,10:49:01,27.46,--,248,681008,卖盘
2632,10:48:58,27.46,-0.02,30,82380,中性盘
2633,10:48:55,27.48,0.03,143,392964,买盘
2634,10:48:52,27.45,-0.02,132,362340,卖盘
2635,10:48:49,27.47,-0.01,56,153832,中性盘
2636,10:48:46,27.48,--,196,538608,买盘
2637,10:48:43,27.48,--,305,838249,卖盘
2638,10:48:40,27.48,0.01,167,458916,买盘
2639,10:48:37,27.47,0.01,321,882775,买盘
2640,10:48:34,27.46,--,139,381694,卖盘
2641,10:48:31,27.46,--,9,24714,卖盘
2642,10:48:28,27.46,-0.01,126,345996,卖盘
2643,10:48:22,27.47,-0.01,194,532918,卖盘
2644,10:48:19,27.48,0.01,12,32976,买盘
2645,10:48:16,27.47,-0.01,20,54940,卖盘
2646,10:48:10,27.48,-0.02,133,365484,中性盘
2647,10:48:07,27.5,0.02,88,242000,买盘
2648,10:48:04,27.48,--,31,85188,卖盘
2649,10:48:01,27.48,0.01,123,339652,中性盘
2650,10:47:58,27.47,-0.03,126,346122,卖盘
2651,10:47:55,27.5,0.02,134,368500,买盘
2652,10:47:52,27.48,-0.02,105,288540,卖盘
2653,10:47:49,27.5,0.01,104,286000,买盘
2654,10:47:46,27.49,--,84,230916,卖盘
2655,10:47:43,27.49,-0.01,51,140199,卖盘
2656,10:47:40,27.5,0.01,49,134750,买盘
2657,10:47:37,27.49,--,99,272151,卖盘
2658,10:47:34,27.49,--,1,2749,卖盘
2659,10:47:31,27.49,-0.01,2,5498,卖盘
2660,10:47:28,27.5,--,188,518072,卖盘
2661,10:47:25,27.5,--,343,945037,卖盘
2662,10:47:19,27.5,-0.01,77,211750,卖盘
2663,10:47:16,27.51,-0.01,29,79779,中性盘
2664,10:47:13,27.52,0.02,261,718272,中性盘
2665,10:47:07,27.5,-0.01,99,272250,卖盘
2666,10:47:01,27.51,0.01,27,74277,中性盘
2667,10:46:55,27.5,0.02,667,1836890,买盘
2668,10:46:52,27.48,-0.02,88,241824,卖盘
2669,10:46:49,27.5,0.01,1,2750,买盘
2670,10:46:46,27.49,0.01,79,217171,买盘
2671,10:46:43,27.48,-0.02,188,516624,卖盘
2672,10:46:40,27.5,0.01,3,8250,买盘
2673,10:46:37,27.49,-0.01,283,778076,卖盘
2674,10:46:31,27.5,--,26,74140,买盘
2675,10:46:28,27.5,--,26,71610,卖盘
2676,10:46:25,27.5,-0.02,291,800250,卖盘
2677,10:46:19,27.52,--,101,277952,买盘
2678,10:46:16,27.52,--,109,299968,卖盘
2679,10:46:13,27.52,0.02,21,57792,中性盘
2680,10:46:10,27.5,-0.02,172,473000,卖盘
2681,10:46:07,27.52,--,49,136939,买盘
2682,10:46:04,27.52,0.02,142,390784,买盘
2683,10:46:01,27.5,--,257,706750,卖盘
2684,10:45:52,27.5,-0.02,42,115500,卖盘
2685,10:45:49,27.52,0.02,1,2752,买盘
2686,10:45:46,27.5,--,138,379500,卖盘
2687,10:45:43,27.5,--,5,13750,卖盘
2688,10:45:40,27.5,-0.02,8,22000,卖盘
2689,10:45:37,27.52,-0.02,81,222912,买盘
2690,10:45:34,27.54,0.08,668,1840222,买盘
2691,10:45:31,27.46,-0.02,111,304806,卖盘
2692,10:45:28,27.48,0.02,67,184116,中性盘
2693,10:45:25,27.46,-0.03,245,672770,卖盘
2694,10:45:22,27.49,--,99,272151,买盘
2695,10:45:19,27.49,--,3,8247,买盘
2696,10:45:16,27.49,--,103,283147,买盘
2697,10:45:13,27.49,-0.01,73,200677,卖盘
2698,10:45:10,27.5,0.01,18,49500,买盘
2699,10:45:07,27.49,--,104,285896,卖盘
2700,10:45:04,27.49,-0.01,233,640517,卖盘
2701,10:45:01,27.5,--,20,55000,买盘
2702,10:44:58,27.5,--,204,561000,买盘
