,time,price,change,volume,amount,type
0,15:00:20,5.24,-0.01,11149,5842327,卖盘
1,14:58:53,5.25,--,0,0,买盘
2,14:57:02,5.25,0.01,13,6846,卖盘
3,14:56:59,5.24,--,60,31440,卖盘
4,14:56:56,5.24,-0.01,346,181807,卖盘
5,14:56:53,5.25,--,45,23646,买盘
6,14:56:47,5.25,--,158,83454,买盘
7,14:56:44,5.25,--,6,3150,买盘
8,14:56:41,5.25,--,51,26796,买盘
9,14:56:35,5.25,--,2,1554,买盘
10,14:56:32,5.25,--,35,18396,买盘
11,14:56:29,5.25,--,78,40950,买盘
12,14:56:26,5.25,--,14,7350,买盘
13,14:56:23,5.25,--,102,54054,买盘
14,14:56:20,5.25,--,12,6300,买盘
15,14:56:17,5.25,--,131,68796,买盘
16,14:56:11,5.25,--,112,59304,买盘
17,14:56:08,5.25,--,8,4200,买盘
18,14:56:05,5.25,0.01,9,4746,买盘
19,14:56:02,5.24,--,36,18864,卖盘
20,14:55:59,5.24,--,310,162943,卖盘
21,14:55:56,5.24,-0.01,180,94320,卖盘
22,14:55:53,5.25,0.01,227,119196,买盘
23,14:55:50,5.24,-0.01,130,68623,卖盘
24,14:55:47,5.25,--,32,16800,买盘
25,14:55:44,5.25,0.01,110,57750,买盘
26,14:55:41,5.24,-0.01,107,56088,卖盘
27,14:55:38,5.25,0.01,4,2604,买盘
28,14:55:35,5.24,-0.01,32,16768,卖盘
29,14:55:32,5.25,--,36,18900,买盘
30,14:55:26,5.25,--,64,33600,买盘
31,14:55:23,5.25,--,112,58800,买盘
32,14:55:20,5.25,--,42,22050,买盘
33,14:55:17,5.25,--,55,28896,买盘
34,14:55:14,5.25,--,82,43554,买盘
35,14:55:11,5.25,--,340,178500,买盘
36,14:55:08,5.25,0.01,37,19446,买盘
37,14:55:05,5.24,-0.01,1114,584239,卖盘
38,14:55:02,5.25,--,74,38850,买盘
39,14:54:59,5.25,--,12,6300,买盘
40,14:54:56,5.25,0.01,6,3150,买盘
41,14:54:53,5.24,--,277,145168,卖盘
42,14:54:50,5.24,--,84,44519,卖盘
43,14:54:47,5.24,--,428,224272,卖盘
44,14:54:41,5.24,-0.01,70,36680,卖盘
45,14:54:38,5.25,0.01,39,20496,买盘
46,14:54:35,5.24,-0.01,84,44267,卖盘
47,14:54:32,5.25,0.01,886,465150,买盘
48,14:54:26,5.24,-0.01,2,1048,卖盘
49,14:54:23,5.25,0.01,88,46200,买盘
50,14:54:17,5.24,--,57,29868,卖盘
51,14:54:14,5.24,--,47,24628,卖盘
52,14:54:11,5.24,-0.01,227,118948,卖盘
53,14:54:05,5.25,--,39,20475,买盘
54,14:54:02,5.25,0.01,2,1050,买盘
55,14:53:59,5.24,-0.01,12,6288,卖盘
56,14:53:56,5.25,0.01,78,40950,买盘
57,14:53:50,5.24,--,41,21484,卖盘
58,14:53:47,5.24,-0.01,40,20960,卖盘
59,14:53:44,5.25,--,45,23625,买盘
60,14:53:41,5.25,--,524,275100,买盘
61,14:53:38,5.25,0.01,61,32025,买盘
62,14:53:32,5.24,--,68,35632,卖盘
63,14:53:29,5.24,-0.01,216,113184,卖盘
64,14:53:23,5.25,--,19,9975,买盘
65,14:53:20,5.25,--,431,226275,买盘
66,14:53:17,5.25,0.01,9,4725,买盘
67,14:53:11,5.24,-0.01,1,524,卖盘
68,14:53:08,5.25,0.01,26,13650,买盘
69,14:53:02,5.24,--,2,1048,卖盘
70,14:52:59,5.24,--,4,2096,卖盘
71,14:52:56,5.24,-0.01,1,524,卖盘
72,14:52:53,5.25,--,152,79800,买盘
73,14:52:47,5.25,--,40,21000,买盘
74,14:52:44,5.25,0.01,10,5250,买盘
75,14:52:41,5.24,-0.01,22,11528,卖盘
76,14:52:35,5.25,0.01,101,53025,买盘
77,14:52:29,5.24,--,5,2620,卖盘
78,14:52:26,5.24,-0.01,37,19388,卖盘
79,14:52:20,5.25,0.01,20,10500,买盘
80,14:52:14,5.24,-0.01,1,524,卖盘
81,14:52:11,5.25,--,38,19950,买盘
82,14:52:02,5.25,0.01,59,30975,买盘
83,14:51:59,5.24,-0.01,46,24104,卖盘
84,14:51:56,5.25,--,96,50400,买盘
85,14:51:50,5.25,0.01,2,1050,买盘
86,14:51:44,5.24,-0.01,26,13624,卖盘
87,14:51:41,5.25,--,12,6300,买盘
88,14:51:38,5.25,--,43,22575,买盘
89,14:51:35,5.25,0.01,1,525,买盘
90,14:51:32,5.24,-0.01,130,68120,卖盘
91,14:51:26,5.25,0.01,114,59850,买盘
92,14:51:23,5.24,-0.01,111,58164,卖盘
93,14:51:20,5.25,0.01,80,42000,买盘
94,14:51:11,5.24,-0.01,24,12576,卖盘
95,14:51:08,5.25,--,10,5250,买盘
96,14:51:02,5.25,--,27,14175,买盘
97,14:50:59,5.25,--,42,22050,买盘
98,14:50:50,5.25,--,120,63000,买盘
99,14:50:44,5.25,0.01,5,2625,买盘
100,14:50:41,5.24,-0.01,132,69168,卖盘
101,14:50:38,5.25,--,144,75600,买盘
102,14:50:35,5.25,0.01,35,18375,买盘
103,14:50:32,5.24,-0.01,104,54496,卖盘
104,14:50:29,5.25,--,87,45675,买盘
105,14:50:26,5.25,--,48,25200,买盘
106,14:50:20,5.25,0.01,5,2625,买盘
107,14:50:17,5.24,--,17,8908,卖盘
108,14:50:14,5.24,-0.01,11,5764,卖盘
109,14:50:11,5.25,0.01,129,67725,买盘
110,14:50:05,5.24,-0.01,1,524,卖盘
111,14:49:59,5.25,0.01,1004,527100,买盘
112,14:49:56,5.24,-0.01,3,1572,卖盘
113,14:49:53,5.25,0.01,76,39900,买盘
114,14:49:50,5.24,--,20,10480,卖盘
115,14:49:44,5.24,--,2,1048,卖盘
116,14:49:41,5.24,-0.01,21,11004,卖盘
117,14:49:38,5.25,0.01,200,105000,买盘
118,14:49:35,5.24,--,1,524,卖盘
119,14:49:29,5.24,--,6,3144,卖盘
120,14:49:23,5.24,-0.01,8,4192,卖盘
121,14:49:17,5.25,--,35,18375,买盘
122,14:49:14,5.25,--,13,6825,买盘
123,14:49:08,5.25,--,503,264075,买盘
124,14:49:05,5.25,0.01,10,5250,买盘
125,14:49:02,5.24,-0.01,30,15720,卖盘
126,14:48:59,5.25,0.01,200,105000,买盘
127,14:48:56,5.24,-0.01,22,11528,卖盘
128,14:48:44,5.25,--,33,17325,买盘
129,14:48:41,5.25,0.01,99,51975,买盘
130,14:48:32,5.24,-0.01,276,144624,卖盘
131,14:48:29,5.25,0.01,13,6825,买盘
132,14:48:26,5.24,--,186,97464,卖盘
133,14:48:23,5.24,--,202,105848,卖盘
134,14:48:20,5.24,-0.01,184,96416,卖盘
135,14:48:17,5.25,0.01,20,10500,买盘
136,14:48:14,5.24,--,24,12576,卖盘
137,14:48:07,5.24,--,213,111612,卖盘
138,14:48:01,5.24,--,186,97464,卖盘
139,14:47:58,5.24,--,375,196500,买盘
140,14:47:52,5.24,0.01,390,204360,买盘
141,14:47:46,5.23,--,92,48116,卖盘
142,14:47:43,5.23,-0.01,92,48116,卖盘
143,14:47:40,5.24,0.01,20,10480,买盘
144,14:47:37,5.23,--,20,10460,卖盘
145,14:47:31,5.23,-0.01,4,2092,卖盘
146,14:47:25,5.24,--,4,2096,买盘
147,14:47:22,5.24,--,109,57116,买盘
148,14:47:19,5.24,0.01,6,3144,买盘
149,14:47:16,5.23,--,38,19874,卖盘
150,14:47:13,5.23,--,41,21443,卖盘
151,14:47:07,5.23,-0.01,37,19351,卖盘
152,14:47:04,5.24,--,44,23056,买盘
153,14:47:01,5.24,--,67,35108,买盘
154,14:46:58,5.24,--,37,19388,买盘
155,14:46:55,5.24,--,61,31964,买盘
156,14:46:52,5.24,--,32,16768,买盘
157,14:46:46,5.24,0.01,111,58164,买盘
158,14:46:43,5.23,--,59,30857,卖盘
159,14:46:40,5.23,-0.01,52,27196,卖盘
160,14:46:37,5.24,--,33,17292,买盘
161,14:46:34,5.24,--,58,30392,买盘
162,14:46:31,5.24,--,136,71264,买盘
163,14:46:28,5.24,0.01,10,5240,买盘
164,14:46:25,5.23,-0.01,7,3661,卖盘
165,14:46:16,5.24,--,3,1572,买盘
166,14:46:13,5.24,--,95,49780,买盘
167,14:46:10,5.24,--,167,87508,买盘
168,14:46:07,5.24,--,392,205408,买盘
169,14:45:58,5.24,--,388,203312,买盘
170,14:45:52,5.24,--,555,290820,买盘
171,14:45:46,5.24,--,178,93272,买盘
172,14:45:43,5.24,0.01,27,14148,买盘
173,14:45:40,5.23,-0.01,235,122905,卖盘
174,14:45:34,5.24,--,20,10480,买盘
175,14:45:31,5.24,--,26,13624,买盘
176,14:45:28,5.24,--,7,3668,买盘
177,14:45:22,5.24,--,172,90128,买盘
178,14:45:19,5.24,0.01,216,113184,买盘
179,14:45:16,5.23,-0.01,90,47070,卖盘
180,14:45:13,5.24,--,7,3668,买盘
181,14:45:07,5.24,--,105,55020,买盘
182,14:45:04,5.24,--,418,219032,买盘
183,14:45:01,5.24,0.01,700,366800,买盘
184,14:44:55,5.23,-0.01,143,74789,卖盘
185,14:44:52,5.24,--,163,85412,买盘
186,14:44:49,5.24,--,11,5764,买盘
187,14:44:46,5.24,--,46,24104,买盘
188,14:44:43,5.24,--,10,5240,买盘
189,14:44:37,5.24,-0.01,481,252044,卖盘
190,14:44:31,5.25,0.01,212,111300,买盘
191,14:44:28,5.24,--,379,198596,卖盘
192,14:44:25,5.24,0.01,1158,606792,买盘
193,14:44:22,5.23,-0.01,1,523,卖盘
194,14:44:19,5.24,--,115,60260,买盘
195,14:44:16,5.24,--,190,99560,卖盘
196,14:44:13,5.24,--,132,69168,卖盘
197,14:44:10,5.24,--,5,2620,卖盘
198,14:44:07,5.24,--,748,391952,买盘
199,14:43:58,5.24,--,72,37728,买盘
200,14:43:55,5.24,--,359,188116,买盘
201,14:43:49,5.24,--,106,55544,买盘
202,14:43:46,5.24,--,17,8908,买盘
203,14:43:43,5.24,--,385,201740,买盘
204,14:43:37,5.24,--,29,15196,买盘
205,14:43:34,5.24,0.01,10,5240,买盘
206,14:43:31,5.23,-0.01,132,69036,卖盘
207,14:43:28,5.24,--,41,21484,买盘
208,14:43:25,5.24,--,58,30392,买盘
209,14:43:22,5.24,--,89,46636,买盘
210,14:43:19,5.24,--,18,9432,买盘
211,14:43:16,5.24,--,131,68644,买盘
212,14:43:13,5.24,--,10,5240,买盘
213,14:43:10,5.24,--,8,4192,买盘
214,14:43:07,5.24,0.01,351,183924,买盘
215,14:43:04,5.23,--,59,30857,卖盘
216,14:43:01,5.23,-0.01,3,1569,卖盘
217,14:42:58,5.24,--,148,77552,买盘
218,14:42:55,5.24,--,36,18864,买盘
219,14:42:52,5.24,--,26,13624,买盘
220,14:42:46,5.24,0.01,199,104276,买盘
221,14:42:43,5.23,-0.01,120,62760,卖盘
222,14:42:40,5.24,--,100,52400,买盘
223,14:42:37,5.24,--,6,3144,买盘
224,14:42:34,5.24,--,378,198072,买盘
225,14:42:31,5.24,--,10,5240,买盘
226,14:42:28,5.24,--,875,458500,买盘
227,14:42:25,5.24,--,105,55020,买盘
228,14:42:22,5.24,--,279,146196,买盘
229,14:42:19,5.24,--,875,458500,买盘
230,14:42:16,5.24,--,136,71264,买盘
231,14:42:13,5.24,--,15,7860,买盘
232,14:42:10,5.24,--,186,97464,买盘
233,14:42:07,5.24,--,1,524,买盘
234,14:42:04,5.24,--,50,26200,买盘
235,14:42:01,5.24,--,216,113184,买盘
236,14:41:58,5.24,--,163,85412,买盘
237,14:41:52,5.24,--,63,33012,买盘
238,14:41:49,5.24,--,371,194404,买盘
239,14:41:40,5.24,0.01,58,30392,买盘
240,14:41:37,5.23,-0.01,128,66944,卖盘
241,14:41:34,5.24,--,40,20960,买盘
242,14:41:28,5.24,--,1041,545484,买盘
243,14:41:25,5.24,--,23,12052,买盘
244,14:41:22,5.24,--,10,5240,买盘
245,14:41:19,5.24,--,12,6288,买盘
246,14:41:13,5.24,0.01,245,128380,买盘
247,14:41:07,5.23,-0.01,206,107738,卖盘
248,14:41:04,5.24,0.01,15,7860,买盘
249,14:41:01,5.23,--,20,10460,卖盘
250,14:40:58,5.23,-0.01,19,9937,卖盘
251,14:40:55,5.24,0.01,15,7860,买盘
252,14:40:52,5.23,--,11,5753,卖盘
253,14:40:49,5.23,--,530,277190,卖盘
254,14:40:46,5.23,-0.01,6,3138,卖盘
255,14:40:43,5.24,0.01,30,15720,买盘
256,14:40:40,5.23,--,11,5753,卖盘
257,14:40:37,5.23,--,62,32426,卖盘
258,14:40:31,5.23,--,330,172590,卖盘
259,14:40:28,5.23,--,14,7322,卖盘
260,14:40:22,5.23,--,5,2615,卖盘
261,14:40:16,5.23,--,5,2615,卖盘
262,14:40:13,5.23,--,868,454298,买盘
263,14:40:07,5.23,--,853,446119,买盘
264,14:40:04,5.23,--,10,5230,买盘
265,14:40:01,5.23,--,189,98847,买盘
266,14:39:49,5.23,--,82,42886,买盘
267,14:39:46,5.23,--,15,7845,买盘
268,14:39:43,5.23,--,25,13075,买盘
269,14:39:40,5.23,--,5,2615,买盘
270,14:39:37,5.23,--,16,8368,买盘
271,14:39:34,5.23,--,22,11506,买盘
272,14:39:31,5.23,--,749,391727,买盘
273,14:39:28,5.23,--,20,10460,买盘
274,14:39:22,5.23,--,10,5230,买盘
275,14:39:19,5.23,--,18,9414,买盘
276,14:39:16,5.23,--,265,138595,买盘
277,14:39:13,5.23,--,10,5230,买盘
278,14:39:10,5.23,--,96,50208,买盘
279,14:39:07,5.23,--,6,3138,买盘
280,14:39:04,5.23,0.01,61,31903,买盘
281,14:39:01,5.22,-0.01,40,20880,卖盘
282,14:38:58,5.23,--,15,7845,买盘
283,14:38:55,5.23,--,20,10460,买盘
284,14:38:52,5.23,--,15,7845,买盘
285,14:38:43,5.23,--,79,41317,买盘
286,14:38:40,5.23,--,3,1569,买盘
287,14:38:34,5.23,--,3,1569,买盘
288,14:38:31,5.23,--,26,13598,买盘
289,14:38:28,5.23,--,106,55438,买盘
290,14:38:25,5.23,--,30,15690,买盘
291,14:38:22,5.23,--,161,84203,买盘
292,14:38:19,5.23,--,168,87864,买盘
293,14:38:16,5.23,-0.01,2091,1093781,卖盘
294,14:38:10,5.24,--,542,284343,买盘
295,14:38:07,5.24,--,1,524,买盘
296,14:38:04,5.24,--,193,101132,买盘
297,14:37:58,5.24,--,12,6288,买盘
298,14:37:52,5.24,--,1,524,买盘
299,14:37:49,5.24,--,100,52400,买盘
300,14:37:46,5.24,--,31,16244,买盘
301,14:37:40,5.24,0.01,104,54496,买盘
302,14:37:37,5.23,--,22,11506,卖盘
303,14:37:34,5.23,-0.01,51,26673,卖盘
304,14:37:28,5.24,--,10,5240,买盘
305,14:37:22,5.24,--,1,524,买盘
306,14:37:19,5.24,--,20,10480,买盘
307,14:37:16,5.24,0.01,5,2620,买盘
308,14:37:07,5.23,-0.01,40,20920,卖盘
309,14:36:58,5.24,--,1010,529240,卖盘
310,14:36:52,5.24,--,500,262000,卖盘
311,14:36:46,5.24,--,12,6288,卖盘
312,14:36:43,5.24,--,335,175540,买盘
313,14:36:40,5.24,--,264,138336,买盘
314,14:36:37,5.24,--,55,28820,买盘
315,14:36:34,5.24,--,22,11528,买盘
316,14:36:28,5.24,--,2,1048,买盘
317,14:36:25,5.24,--,11,5764,买盘
318,14:36:22,5.24,0.01,20,10480,买盘
319,14:36:19,5.23,-0.01,100,52300,卖盘
320,14:36:16,5.24,--,138,72312,买盘
321,14:36:13,5.24,0.01,53,27772,买盘
322,14:36:10,5.23,-0.01,136,71128,卖盘
323,14:36:04,5.24,0.01,18,9432,买盘
324,14:36:01,5.23,--,1,523,卖盘
325,14:35:58,5.23,-0.01,232,121336,卖盘
326,14:35:49,5.24,--,30,15720,买盘
327,14:35:43,5.24,0.01,6,3144,买盘
328,14:35:40,5.23,-0.01,50,26150,卖盘
329,14:35:37,5.24,0.01,30,15720,买盘
330,14:35:34,5.23,-0.01,3,1569,卖盘
331,14:35:28,5.24,0.01,3,1572,买盘
332,14:35:25,5.23,--,495,258885,买盘
333,14:35:22,5.23,--,28,14644,买盘
334,14:35:19,5.23,--,30,15690,买盘
335,14:35:16,5.23,-0.01,88,46024,卖盘
336,14:35:13,5.24,0.01,20,10480,买盘
337,14:35:10,5.23,--,2,1046,买盘
338,14:35:07,5.23,--,192,100416,买盘
339,14:35:01,5.23,--,72,37656,买盘
340,14:34:58,5.23,--,439,229597,卖盘
341,14:34:55,5.23,--,15,7845,卖盘
342,14:34:52,5.23,--,40,20920,卖盘
343,14:34:49,5.23,--,50,26150,卖盘
344,14:34:43,5.23,--,51,26673,卖盘
345,14:34:40,5.23,--,275,143825,买盘
346,14:34:37,5.23,--,427,223321,买盘
347,14:34:31,5.23,--,204,106692,买盘
348,14:34:28,5.23,--,410,214430,买盘
349,14:34:22,5.23,--,63,32949,买盘
350,14:34:19,5.23,--,28,14644,买盘
351,14:34:16,5.23,--,18,9414,买盘
352,14:34:13,5.23,--,25,13075,买盘
353,14:34:10,5.23,--,30,15690,买盘
354,14:34:07,5.23,--,13,6799,买盘
355,14:34:04,5.23,--,710,371330,买盘
356,14:34:01,5.23,--,77,40271,买盘
357,14:33:58,5.23,0.01,53,27719,买盘
358,14:33:55,5.22,--,223,116406,卖盘
359,14:33:52,5.22,--,334,174348,卖盘
360,14:33:49,5.22,-0.01,88,45936,卖盘
361,14:33:46,5.23,--,5,2615,买盘
362,14:33:43,5.23,--,7,3661,买盘
363,14:33:34,5.23,--,42,21966,买盘
364,14:33:31,5.23,--,43,22489,买盘
365,14:33:28,5.23,--,24,12552,买盘
366,14:33:25,5.23,--,12,6276,买盘
367,14:33:22,5.23,0.01,33,17259,买盘
368,14:33:19,5.22,--,170,88740,卖盘
369,14:33:13,5.22,-0.01,30,15660,卖盘
370,14:33:10,5.23,0.01,19,9937,买盘
371,14:33:07,5.22,-0.01,265,138330,卖盘
372,14:33:04,5.23,--,27,14121,买盘
373,14:33:01,5.23,0.01,8,4184,买盘
374,14:32:58,5.22,-0.01,5,2610,卖盘
375,14:32:55,5.23,--,31,16213,买盘
376,14:32:52,5.23,0.01,5,2615,买盘
377,14:32:49,5.22,--,40,20880,卖盘
378,14:32:46,5.22,--,164,85608,卖盘
379,14:32:43,5.22,-0.01,55,28710,卖盘
380,14:32:40,5.23,--,20,10460,买盘
381,14:32:37,5.23,--,68,35564,买盘
382,14:32:34,5.23,0.01,10,5230,买盘
383,14:32:31,5.22,-0.01,36,18792,卖盘
384,14:32:28,5.23,--,37,19351,买盘
385,14:32:22,5.23,--,323,168929,买盘
386,14:32:19,5.23,0.01,14,7322,买盘
387,14:32:16,5.22,--,48,25056,卖盘
388,14:32:13,5.22,--,1,522,卖盘
389,14:32:10,5.22,-0.01,15,7830,卖盘
390,14:32:04,5.23,--,26,13598,买盘
391,14:32:01,5.23,--,20,10460,买盘
392,14:31:58,5.23,--,8,4184,买盘
393,14:31:55,5.23,--,590,308570,卖盘
394,14:31:52,5.23,-0.01,4,2092,卖盘
395,14:31:49,5.24,0.02,40,20960,买盘
396,14:31:46,5.22,-0.01,63,32886,卖盘
397,14:31:43,5.23,--,8,4184,买盘
398,14:31:40,5.23,--,224,117152,买盘
399,14:31:34,5.23,0.01,15,7845,买盘
400,14:31:31,5.22,--,113,58986,卖盘
401,14:31:28,5.22,--,76,39672,卖盘
402,14:31:22,5.22,-0.01,38,19836,卖盘
403,14:31:19,5.23,0.01,16,8368,买盘
404,14:31:13,5.22,--,590,307980,卖盘
405,14:31:07,5.22,-0.01,30,15660,卖盘
406,14:31:04,5.23,--,92,48116,卖盘
407,14:30:58,5.23,--,93,48639,卖盘
408,14:30:55,5.23,--,100,52300,卖盘
409,14:30:52,5.23,--,59,30857,卖盘
410,14:30:49,5.23,--,56,29288,卖盘
411,14:30:46,5.23,--,37,19351,卖盘
412,14:30:43,5.23,0.01,699,365577,买盘
413,14:30:40,5.22,-0.01,31,16182,卖盘
414,14:30:37,5.23,--,36,18828,买盘
415,14:30:28,5.23,0.01,99,51777,买盘
416,14:30:25,5.22,-0.01,23,12006,卖盘
417,14:30:22,5.23,0.01,21,10983,买盘
418,14:30:19,5.22,-0.01,7,3654,卖盘
419,14:30:16,5.23,--,19,9937,买盘
420,14:30:10,5.23,--,180,94140,买盘
421,14:30:04,5.23,--,731,382313,卖盘
422,14:30:01,5.23,--,119,62237,卖盘
423,14:29:55,5.23,--,1248,652704,卖盘
424,14:29:52,5.23,--,488,255224,卖盘
425,14:29:46,5.23,-0.01,136,71128,卖盘
426,14:29:43,5.24,0.01,731,383044,买盘
427,14:29:37,5.23,--,11,5753,卖盘
428,14:29:31,5.23,--,20,10460,卖盘
429,14:29:28,5.23,--,104,54392,卖盘
430,14:29:25,5.23,--,111,58053,卖盘
431,14:29:16,5.23,-0.01,30,15690,卖盘
432,14:29:13,5.24,--,4,2096,买盘
433,14:29:10,5.24,0.01,12,6288,买盘
434,14:29:04,5.23,-0.01,174,91002,卖盘
435,14:29:01,5.24,--,19,9956,买盘
436,14:28:55,5.24,0.01,11,5764,买盘
437,14:28:49,5.23,-0.01,50,26150,卖盘
438,14:28:46,5.24,--,1,524,买盘
439,14:28:40,5.24,--,60,31440,买盘
440,14:28:36,5.24,0.01,3,1572,买盘
441,14:28:27,5.23,-0.01,23,12029,卖盘
442,14:28:24,5.24,0.01,15,7860,买盘
443,14:28:18,5.23,--,5,2615,卖盘
444,14:28:06,5.23,-0.01,49,25627,卖盘
445,14:28:03,5.24,--,68,35632,买盘
446,14:28:00,5.24,--,16,8384,买盘
447,14:27:57,5.24,--,60,31440,买盘
448,14:27:54,5.24,--,4,2096,买盘
449,14:27:45,5.24,--,4,2096,买盘
450,14:27:42,5.24,--,11,5764,买盘
451,14:27:24,5.24,-0.01,124,64976,卖盘
452,14:27:21,5.25,0.01,233,122325,买盘
453,14:27:18,5.24,-0.01,100,52400,卖盘
454,14:27:09,5.25,0.01,47,24675,买盘
455,14:27:06,5.24,--,40,20960,卖盘
456,14:27:03,5.24,--,7,3668,卖盘
457,14:26:54,5.24,--,72,37728,卖盘
458,14:26:51,5.24,--,36,18864,卖盘
459,14:26:48,5.24,--,3,1572,卖盘
460,14:26:45,5.24,--,31,16244,卖盘
461,14:26:42,5.24,--,36,18864,卖盘
462,14:26:36,5.24,--,60,31440,卖盘
463,14:26:27,5.24,--,8,4192,卖盘
464,14:26:24,5.24,--,30,15720,卖盘
465,14:26:21,5.24,-0.01,13,6812,卖盘
466,14:26:15,5.25,0.01,191,100275,买盘
467,14:26:12,5.24,--,2,1048,卖盘
468,14:26:06,5.24,--,147,77028,卖盘
469,14:26:03,5.24,--,10,5240,卖盘
470,14:26:00,5.24,--,10,5240,卖盘
471,14:25:57,5.24,--,300,157200,卖盘
472,14:25:54,5.24,--,29,15196,卖盘
473,14:25:48,5.24,--,5,2620,卖盘
474,14:25:45,5.24,-0.01,40,20960,卖盘
475,14:25:39,5.25,--,2,1050,买盘
476,14:25:36,5.25,--,1,525,买盘
477,14:25:30,5.25,--,2,1050,买盘
478,14:25:27,5.25,0.01,1,525,买盘
479,14:25:21,5.24,-0.01,266,139384,卖盘
480,14:25:18,5.25,0.01,5,2625,买盘
481,14:25:15,5.24,--,417,218508,卖盘
482,14:25:09,5.24,--,15,7860,卖盘
483,14:25:06,5.24,-0.01,41,21484,卖盘
484,14:25:03,5.25,0.01,5,2625,买盘
485,14:25:00,5.24,-0.01,117,61308,卖盘
486,14:24:57,5.25,0.01,5,2625,买盘
487,14:24:51,5.24,-0.01,337,176588,卖盘
488,14:24:42,5.25,--,11,5775,买盘
489,14:24:39,5.25,0.01,20,10500,买盘
490,14:24:33,5.24,--,267,139908,卖盘
491,14:24:30,5.24,--,14,7336,卖盘
492,14:24:27,5.24,-0.01,54,28296,卖盘
493,14:24:21,5.25,0.01,30,15750,买盘
494,14:24:15,5.24,--,65,34060,卖盘
495,14:24:12,5.24,--,3,1572,卖盘
496,14:24:03,5.24,--,502,263048,卖盘
497,14:23:54,5.24,--,13,6812,卖盘
498,14:23:51,5.24,--,167,87508,卖盘
499,14:23:45,5.24,--,2,1048,卖盘
500,14:23:42,5.24,--,27,14148,卖盘
501,14:23:39,5.24,--,50,26200,卖盘
502,14:23:36,5.24,-0.01,33,17292,卖盘
503,14:23:33,5.25,0.01,10,5250,买盘
504,14:23:30,5.24,--,4,2096,卖盘
505,14:23:27,5.24,--,70,36680,卖盘
506,14:23:21,5.24,-0.01,10,5240,卖盘
507,14:23:18,5.25,--,106,55650,买盘
508,14:23:15,5.25,0.01,8,4200,买盘
509,14:23:09,5.24,--,50,26200,卖盘
510,14:23:03,5.24,-0.01,70,36680,卖盘
511,14:22:57,5.25,0.01,10,5250,买盘
512,14:22:54,5.24,-0.01,40,20960,卖盘
513,14:22:48,5.25,0.01,84,44100,买盘
514,14:22:42,5.24,--,38,19912,卖盘
515,14:22:39,5.24,-0.01,3,1572,卖盘
516,14:22:36,5.25,--,1,525,买盘
517,14:22:27,5.25,--,25,13125,买盘
518,14:22:24,5.25,--,80,42000,买盘
519,14:22:12,5.25,0.01,10,5250,买盘
520,14:22:06,5.24,-0.01,100,52400,卖盘
521,14:22:03,5.25,--,43,22575,买盘
522,14:21:57,5.25,0.01,10,5250,买盘
523,14:21:54,5.24,--,45,23580,卖盘
524,14:21:48,5.24,-0.01,44,23056,卖盘
525,14:21:33,5.25,--,5,2625,买盘
526,14:21:30,5.25,0.01,1,525,买盘
527,14:21:27,5.24,-0.01,375,196500,卖盘
528,14:21:24,5.25,0.01,30,15750,买盘
529,14:21:21,5.24,--,7,3668,卖盘
530,14:21:12,5.24,-0.01,434,227416,卖盘
531,14:21:06,5.25,--,2,1050,买盘
532,14:21:03,5.25,0.01,106,55650,买盘
533,14:20:57,5.24,--,2,1048,卖盘
534,14:20:54,5.24,--,29,15196,卖盘
535,14:20:48,5.24,--,4,2096,卖盘
536,14:20:45,5.24,-0.01,20,10480,卖盘
537,14:20:39,5.25,0.01,85,44625,买盘
538,14:20:27,5.24,--,17,8908,卖盘
539,14:20:18,5.24,--,52,27248,卖盘
540,14:20:15,5.24,-0.01,30,15720,卖盘
541,14:20:12,5.25,0.01,12,6300,买盘
542,14:20:06,5.24,-0.01,8,4192,卖盘
543,14:20:03,5.25,--,1,525,买盘
544,14:20:00,5.25,--,9,4725,买盘
545,14:19:54,5.25,--,60,31500,买盘
546,14:19:51,5.25,--,10,5250,买盘
547,14:19:45,5.25,--,10,5250,买盘
548,14:19:39,5.25,--,1,525,买盘
549,14:19:30,5.25,--,190,99750,买盘
550,14:19:27,5.25,0.01,5,2625,买盘
551,14:19:18,5.24,-0.01,15,7860,卖盘
552,14:19:15,5.25,0.01,4,2100,买盘
553,14:19:12,5.24,--,9,4716,卖盘
554,14:19:06,5.24,--,3,1572,卖盘
555,14:19:00,5.24,--,20,10480,卖盘
556,14:18:57,5.24,--,23,12052,卖盘
557,14:18:54,5.24,--,142,74408,卖盘
558,14:18:51,5.24,--,15,7860,卖盘
559,14:18:48,5.24,--,621,325404,买盘
560,14:18:36,5.24,--,15,7860,买盘
561,14:18:30,5.24,--,51,26724,买盘
562,14:18:27,5.24,--,6,3144,买盘
563,14:18:21,5.24,--,126,66024,买盘
564,14:18:18,5.24,--,1,524,买盘
565,14:18:15,5.24,--,21,11004,买盘
566,14:18:12,5.24,0.01,231,121044,买盘
567,14:18:09,5.23,-0.01,4,2092,卖盘
568,14:18:06,5.24,0.01,127,66548,买盘
569,14:18:03,5.23,-0.01,3,1569,卖盘
570,14:17:57,5.24,--,15,7860,买盘
571,14:17:54,5.24,--,41,21484,买盘
572,14:17:48,5.24,--,285,149340,买盘
573,14:17:42,5.24,--,50,26200,买盘
574,14:17:39,5.24,0.01,3,1572,买盘
575,14:17:36,5.23,-0.01,1,523,卖盘
576,14:17:30,5.24,--,10,5240,买盘
577,14:17:27,5.24,--,10,5240,买盘
578,14:17:24,5.24,--,161,84364,买盘
579,14:17:18,5.24,0.01,35,18340,买盘
580,14:17:15,5.23,--,5,2615,卖盘
581,14:17:12,5.23,-0.01,20,10460,卖盘
582,14:17:09,5.24,--,4,2096,买盘
583,14:17:06,5.24,--,5,2620,买盘
584,14:17:03,5.24,0.01,40,20960,买盘
585,14:16:57,5.23,-0.01,40,20920,卖盘
586,14:16:54,5.24,--,53,27772,买盘
587,14:16:51,5.24,0.01,10,5240,买盘
588,14:16:48,5.23,-0.01,6,3138,卖盘
589,14:16:45,5.24,--,3,1572,买盘
590,14:16:42,5.24,--,20,10480,买盘
591,14:16:36,5.24,--,10,5240,买盘
592,14:16:33,5.24,--,393,205932,卖盘
593,14:16:30,5.24,-0.01,1000,524000,卖盘
594,14:16:24,5.25,--,44,23100,买盘
595,14:16:18,5.25,--,64,33600,买盘
596,14:16:12,5.25,--,81,42525,买盘
597,14:15:54,5.25,--,110,57750,买盘
598,14:15:51,5.25,--,10,5250,买盘
599,14:15:48,5.25,--,5,2625,买盘
600,14:15:39,5.25,0.01,1,525,买盘
601,14:15:36,5.24,-0.01,1,524,卖盘
602,14:15:33,5.25,0.01,192,100800,买盘
603,14:15:30,5.24,-0.01,92,48208,卖盘
604,14:15:24,5.25,--,20,10500,买盘
605,14:15:21,5.25,0.01,1,525,买盘
606,14:15:15,5.24,--,25,13100,卖盘
607,14:15:09,5.24,--,7,3668,卖盘
608,14:14:51,5.24,-0.01,47,24628,卖盘
609,14:14:45,5.25,0.01,13,6825,买盘
610,14:14:42,5.24,--,209,109516,卖盘
611,14:14:39,5.24,-0.01,25,13100,卖盘
612,14:14:36,5.25,--,12,6300,买盘
613,14:14:33,5.25,--,36,18900,卖盘
614,14:14:30,5.25,-0.01,20,10500,卖盘
615,14:14:27,5.26,0.02,48,25248,买盘
616,14:14:24,5.24,-0.01,2,1048,卖盘
617,14:14:21,5.25,--,186,97650,买盘
618,14:14:18,5.25,--,55,28875,买盘
619,14:14:09,5.25,--,15,7875,买盘
620,14:14:06,5.25,--,206,108150,卖盘
621,14:14:03,5.25,--,80,42000,卖盘
622,14:13:48,5.25,--,9,4725,卖盘
623,14:13:42,5.25,0.01,23,12075,中性盘
624,14:13:39,5.24,-0.01,113,59212,卖盘
625,14:13:36,5.25,--,5,2625,卖盘
626,14:13:30,5.25,--,1149,603225,卖盘
627,14:13:18,5.25,--,10,5250,卖盘
628,14:13:15,5.25,--,1,525,卖盘
629,14:13:09,5.25,-0.01,15,7875,卖盘
630,14:12:51,5.26,--,7,3682,买盘
631,14:12:48,5.26,0.01,51,26826,买盘
632,14:12:27,5.25,-0.01,11,5775,卖盘
633,14:12:24,5.26,--,69,36294,买盘
634,14:12:21,5.26,--,4,2104,买盘
635,14:12:18,5.26,--,11,5786,买盘
636,14:12:15,5.26,--,14,7364,买盘
637,14:12:12,5.26,0.01,105,55230,买盘
638,14:12:09,5.25,--,2,1050,卖盘
639,14:12:00,5.25,--,20,10500,卖盘
640,14:11:57,5.25,-0.01,30,15750,卖盘
641,14:11:54,5.26,0.01,289,152014,买盘
642,14:11:36,5.25,-0.01,3,1575,卖盘
643,14:11:30,5.26,--,2,1052,买盘
644,14:11:27,5.26,--,3,1578,买盘
645,14:11:24,5.26,0.01,5,2630,买盘
646,14:11:18,5.25,-0.01,135,70875,卖盘
647,14:11:15,5.26,--,57,29982,买盘
648,14:11:06,5.26,--,9,4734,买盘
649,14:11:03,5.26,0.01,32,16832,买盘
650,14:10:54,5.25,--,175,91875,卖盘
651,14:10:51,5.25,--,56,29400,卖盘
652,14:10:48,5.25,--,109,57225,买盘
653,14:10:36,5.25,--,10,5250,买盘
654,14:10:33,5.25,--,140,73500,买盘
655,14:10:27,5.25,--,20,10500,卖盘
656,14:10:21,5.25,0.01,22,11550,卖盘
657,14:10:06,5.24,--,50,26200,卖盘
658,14:09:59,5.24,-0.01,41,21484,卖盘
659,14:09:56,5.25,--,78,40950,买盘
660,14:09:50,5.25,--,50,26250,买盘
661,14:09:44,5.25,--,21,11025,买盘
662,14:09:35,5.25,--,10,5250,买盘
663,14:09:29,5.25,--,46,24150,卖盘
664,14:09:26,5.25,--,157,82425,卖盘
665,14:09:17,5.25,--,1,525,卖盘
666,14:09:11,5.25,--,100,52500,卖盘
667,14:09:08,5.25,--,108,56700,卖盘
668,14:09:02,5.25,0.01,96,50400,买盘
669,14:08:59,5.24,-0.01,19,9956,卖盘
670,14:08:56,5.25,0.01,10,5250,买盘
671,14:08:53,5.24,--,20,10480,卖盘
672,14:08:47,5.24,-0.01,78,40872,卖盘
673,14:08:44,5.25,--,2,1050,卖盘
674,14:08:38,5.25,--,38,19950,买盘
675,14:08:35,5.25,--,250,131250,买盘
676,14:08:32,5.25,--,74,38850,买盘
677,14:08:29,5.25,--,20,10500,买盘
678,14:08:26,5.25,--,37,19425,买盘
679,14:08:23,5.25,0.01,169,88725,买盘
680,14:08:20,5.24,-0.01,30,15720,卖盘
681,14:08:14,5.25,--,5,2625,买盘
682,14:08:11,5.25,--,81,42525,买盘
683,14:08:08,5.25,--,200,105000,买盘
684,14:08:02,5.25,0.01,65,34125,买盘
685,14:07:59,5.24,-0.01,10,5240,卖盘
686,14:07:56,5.25,--,1,525,买盘
687,14:07:53,5.25,0.01,14,7350,买盘
688,14:07:47,5.24,--,1,524,卖盘
689,14:07:44,5.24,-0.01,36,18864,卖盘
690,14:07:41,5.25,0.01,20,10500,买盘
691,14:07:29,5.24,--,17,8908,卖盘
692,14:07:26,5.24,--,100,52400,买盘
693,14:07:23,5.24,0.01,75,39300,买盘
694,14:07:20,5.23,-0.01,252,131796,卖盘
695,14:07:17,5.24,--,31,16244,买盘
696,14:07:14,5.24,--,15,7860,买盘
697,14:07:11,5.24,--,64,33536,买盘
698,14:07:08,5.24,--,2008,1052192,买盘
699,14:07:05,5.24,0.01,379,198596,买盘
700,14:06:59,5.23,--,6,3138,卖盘
701,14:06:53,5.23,--,38,19874,卖盘
702,14:06:50,5.23,--,105,54915,卖盘
703,14:06:47,5.23,-0.01,739,386497,卖盘
704,14:06:44,5.24,0.01,99,51876,买盘
705,14:06:41,5.23,--,213,111399,卖盘
706,14:06:38,5.23,--,8,4184,卖盘
707,14:06:35,5.23,--,152,79496,买盘
708,14:06:32,5.23,--,75,39225,买盘
709,14:06:29,5.23,--,235,122905,卖盘
710,14:06:26,5.23,-0.01,15,7845,卖盘
711,14:06:23,5.24,0.02,201,105324,买盘
712,14:06:20,5.22,-0.01,803,419166,卖盘
713,14:06:14,5.23,-0.01,249,130227,卖盘
714,14:06:11,5.24,--,1072,561728,买盘
715,14:06:08,5.24,--,10,5240,买盘
716,14:06:05,5.24,0.01,89,47097,买盘
717,14:06:02,5.23,--,79,41317,买盘
718,14:05:59,5.23,-0.01,854,446704,卖盘
719,14:05:56,5.24,0.01,25,13100,卖盘
720,14:05:53,5.23,--,131,68513,卖盘
721,14:05:50,5.23,--,1028,537644,卖盘
722,14:05:44,5.23,--,104,54392,卖盘
723,14:05:38,5.23,--,471,246333,卖盘
724,14:05:35,5.23,-0.01,1109,580467,卖盘
725,14:05:29,5.24,0.01,1008,528192,买盘
726,14:05:26,5.23,-0.01,1100,575300,卖盘
727,14:05:23,5.24,0.01,50,26200,买盘
728,14:05:20,5.23,-0.01,250,130750,卖盘
729,14:05:17,5.24,--,22,11528,买盘
730,14:05:14,5.24,--,591,309746,卖盘
731,14:05:11,5.24,-0.01,80,41920,卖盘
732,14:05:08,5.25,--,119,62475,买盘
733,14:05:05,5.25,0.01,1031,541275,买盘
734,14:05:02,5.24,-0.01,64,33536,卖盘
735,14:04:59,5.25,--,147,77175,买盘
736,14:04:56,5.25,0.01,15,7875,买盘
737,14:04:53,5.24,-0.01,1010,529240,卖盘
738,14:04:50,5.25,0.01,314,164850,卖盘
739,14:04:44,5.24,-0.01,1037,543388,卖盘
740,14:04:41,5.25,--,1,525,卖盘
741,14:04:38,5.25,--,105,55125,卖盘
742,14:04:32,5.25,0.01,8,4200,中性盘
743,14:04:29,5.24,-0.01,1392,729408,卖盘
744,14:04:26,5.25,0.01,24,12600,买盘
745,14:04:23,5.24,-0.01,140,73360,卖盘
746,14:04:20,5.25,--,1026,538650,买盘
747,14:04:17,5.25,--,89,46725,买盘
748,14:04:14,5.25,--,677,355425,卖盘
749,14:04:08,5.25,--,1300,682500,卖盘
750,14:04:05,5.25,--,10,5250,卖盘
751,14:04:02,5.25,--,4,2100,卖盘
752,14:03:59,5.25,-0.01,1024,537600,卖盘
753,14:03:56,5.26,--,69,36294,买盘
754,14:03:53,5.26,0.02,72,37872,买盘
755,14:03:47,5.24,--,1001,524524,卖盘
756,14:03:38,5.24,-0.02,1000,524000,卖盘
757,14:03:35,5.26,0.01,72,37872,买盘
758,14:03:26,5.25,--,233,122325,买盘
759,14:03:23,5.25,--,891,467775,卖盘
760,14:03:14,5.25,-0.01,1000,525000,卖盘
761,14:03:11,5.26,0.01,16,8416,中性盘
762,14:03:02,5.25,-0.02,1010,530250,卖盘
763,14:02:59,5.27,0.01,19,10013,买盘
764,14:02:53,5.26,--,1053,553878,卖盘
765,14:02:50,5.26,--,38,19988,买盘
766,14:02:47,5.26,--,16,8416,买盘
767,14:02:44,5.26,0.01,10,5260,买盘
768,14:02:41,5.25,--,1013,531825,卖盘
769,14:02:38,5.25,-0.01,72,37800,卖盘
770,14:02:35,5.26,--,1012,532312,买盘
771,14:02:29,5.26,--,9,4734,买盘
772,14:02:26,5.26,--,4,2104,买盘
773,14:02:23,5.26,0.02,35,18410,买盘
774,14:02:17,5.24,-0.02,1005,526620,卖盘
775,14:02:11,5.26,--,500,263000,买盘
776,14:02:08,5.26,-0.01,220,115720,卖盘
777,14:02:05,5.27,--,10,5270,卖盘
778,14:02:02,5.27,0.02,20,10540,中性盘
779,14:01:59,5.25,-0.02,1000,525000,卖盘
780,14:01:53,5.27,--,41,21607,买盘
781,14:01:50,5.27,0.02,19,10013,买盘
782,14:01:47,5.25,-0.02,1000,525000,卖盘
783,14:01:44,5.27,--,1,527,买盘
784,14:01:38,5.27,0.01,1,527,卖盘
785,14:01:35,5.26,-0.01,1000,526000,卖盘
786,14:01:29,5.27,--,245,129114,买盘
787,14:01:26,5.27,--,1014,534378,买盘
788,14:01:20,5.27,0.01,112,59023,买盘
789,14:01:17,5.26,-0.01,1070,562820,卖盘
790,14:01:08,5.27,--,109,57442,买盘
791,14:01:05,5.27,0.01,3,1580,买盘
792,14:01:02,5.26,-0.01,1000,526000,卖盘
793,14:00:59,5.27,--,200,105399,卖盘
794,14:00:56,5.27,--,12,6323,卖盘
795,14:00:53,5.27,--,56,29511,卖盘
796,14:00:50,5.27,--,2,1054,卖盘
797,14:00:44,5.27,0.01,39,20553,买盘
798,14:00:41,5.26,-0.01,230,120980,卖盘
799,14:00:38,5.27,0.01,10,5270,买盘
800,14:00:35,5.26,--,7,3682,卖盘
801,14:00:32,5.26,-0.01,61,32086,卖盘
802,14:00:29,5.27,--,1037,546499,买盘
803,14:00:26,5.27,--,5,2635,买盘
804,14:00:23,5.27,--,23,12120,买盘
805,14:00:20,5.27,0.01,10,5270,买盘
806,14:00:14,5.26,--,138,72588,卖盘
807,14:00:11,5.26,-0.01,972,511272,卖盘
808,14:00:08,5.27,--,138,72726,买盘
809,14:00:05,5.27,0.01,3,1580,买盘
810,13:59:56,5.26,-0.01,1,526,卖盘
811,13:59:53,5.27,--,113,59550,买盘
812,13:59:47,5.27,--,58,30565,买盘
813,13:59:41,5.27,0.01,35,18445,买盘
814,13:59:38,5.26,--,17,8942,卖盘
815,13:59:35,5.26,-0.01,52,27352,卖盘
816,13:59:29,5.27,0.01,20,10540,买盘
817,13:59:26,5.26,--,11,5786,卖盘
818,13:59:20,5.26,--,1,526,卖盘
819,13:59:11,5.26,-0.01,1,526,卖盘
820,13:59:08,5.27,0.01,1,527,买盘
821,13:59:05,5.26,--,199,104674,卖盘
822,13:58:59,5.26,--,19,9994,卖盘
823,13:58:50,5.26,--,15,7890,卖盘
824,13:58:41,5.26,--,6,3156,卖盘
825,13:58:35,5.26,--,51,26826,卖盘
826,13:58:32,5.26,-0.01,28,14728,卖盘
827,13:58:29,5.27,--,21,11067,买盘
828,13:58:26,5.27,0.01,1,527,买盘
829,13:58:23,5.26,--,479,251954,卖盘
830,13:58:17,5.26,-0.01,184,96784,卖盘
831,13:58:08,5.27,0.01,1,527,买盘
832,13:58:05,5.26,-0.01,1,526,卖盘
833,13:58:02,5.27,0.01,102,53753,买盘
834,13:57:59,5.26,-0.01,1,526,卖盘
835,13:57:56,5.27,0.01,10,5270,买盘
836,13:57:53,5.26,--,12,6312,卖盘
837,13:57:50,5.26,--,150,78900,卖盘
838,13:57:41,5.26,--,16,8416,卖盘
839,13:57:35,5.26,-0.01,8,4208,卖盘
840,13:57:32,5.27,--,60,31619,买盘
841,13:57:29,5.27,--,20,10540,买盘
842,13:57:14,5.27,--,30,15809,买盘
843,13:57:11,5.27,0.01,11,5796,买盘
844,13:57:08,5.26,--,2,1052,卖盘
845,13:57:05,5.26,--,108,56808,卖盘
846,13:56:56,5.26,-0.01,43,22618,卖盘
847,13:56:50,5.27,0.01,5,2635,买盘
848,13:56:47,5.26,--,50,26300,卖盘
849,13:56:44,5.26,-0.01,41,21566,卖盘
850,13:56:38,5.27,0.01,76,40052,买盘
851,13:56:29,5.26,--,29,15254,卖盘
852,13:56:26,5.26,--,1,526,卖盘
853,13:56:23,5.26,--,49,25774,卖盘
854,13:56:17,5.26,--,40,21040,卖盘
855,13:56:08,5.26,-0.01,11,5786,卖盘
856,13:56:05,5.27,0.01,111,58496,买盘
857,13:55:59,5.26,--,86,45236,卖盘
858,13:55:56,5.26,-0.01,253,133078,卖盘
859,13:55:50,5.27,0.01,100,52699,买盘
860,13:55:47,5.26,-0.01,22,11572,卖盘
861,13:55:38,5.27,--,10,5270,买盘
862,13:55:32,5.27,--,30,15809,买盘
863,13:55:29,5.27,0.01,1,527,买盘
864,13:55:14,5.26,--,51,26826,卖盘
865,13:55:08,5.26,--,17,8942,卖盘
866,13:55:05,5.26,--,10,5260,买盘
867,13:55:02,5.26,--,70,36820,买盘
868,13:54:59,5.26,--,1,526,买盘
869,13:54:56,5.26,--,61,32086,买盘
870,13:54:53,5.26,--,15,7890,买盘
871,13:54:50,5.26,--,34,17884,买盘
872,13:54:47,5.26,-0.01,61,32086,卖盘
873,13:54:44,5.27,0.01,33,17391,买盘
874,13:54:38,5.26,--,21,11046,卖盘
875,13:54:32,5.26,-0.01,4,2104,卖盘
876,13:54:29,5.27,0.02,5,2635,买盘
877,13:54:26,5.25,-0.01,20,10500,卖盘
878,13:54:23,5.26,-0.01,23,12098,卖盘
879,13:54:17,5.27,0.02,4,2108,中性盘
880,13:54:02,5.25,-0.03,3734,1960812,卖盘
881,13:53:59,5.28,0.02,42,22176,买盘
882,13:53:56,5.26,-0.02,7870,4139620,卖盘
883,13:53:53,5.28,0.01,100,52800,买盘
884,13:53:50,5.27,--,9,4743,卖盘
885,13:53:47,5.27,--,21,11067,卖盘
886,13:53:41,5.27,-0.01,9,4743,卖盘
887,13:53:35,5.28,--,20,10560,买盘
888,13:53:32,5.28,0.01,13,6864,买盘
889,13:53:29,5.27,-0.01,22,11593,卖盘
890,13:53:23,5.28,0.01,20,10560,买盘
891,13:53:14,5.27,--,12,6323,卖盘
892,13:53:11,5.27,-0.01,42,22134,卖盘
893,13:52:59,5.28,0.01,4,2112,买盘
894,13:52:56,5.27,--,20,10540,卖盘
895,13:52:50,5.27,-0.01,8,4216,卖盘
896,13:52:41,5.28,--,5,2640,买盘
897,13:52:32,5.28,0.01,24,12672,买盘
898,13:52:29,5.27,--,1,527,卖盘
899,13:52:26,5.27,-0.01,100,52699,卖盘
900,13:52:08,5.28,0.01,8,4224,买盘
901,13:52:02,5.27,--,110,57969,卖盘
902,13:51:55,5.27,--,24,12647,卖盘
903,13:51:49,5.27,--,36,18972,卖盘
904,13:51:43,5.27,-0.01,44,23187,卖盘
905,13:51:34,5.28,--,10,5280,买盘
906,13:51:31,5.28,0.01,18,9504,买盘
907,13:51:22,5.27,-0.01,60,31619,卖盘
908,13:51:19,5.28,--,90,47520,买盘
909,13:51:13,5.28,0.01,8,4224,买盘
910,13:51:10,5.27,--,2,1054,卖盘
911,13:51:07,5.27,-0.01,2,1054,卖盘
912,13:50:55,5.28,0.01,70,36960,买盘
913,13:50:49,5.27,-0.01,60,31619,卖盘
914,13:50:46,5.28,0.01,4,2112,买盘
915,13:50:40,5.27,--,10,5270,卖盘
916,13:50:37,5.27,-0.01,2,1054,卖盘
917,13:50:34,5.28,--,9,4752,买盘
918,13:50:31,5.28,--,90,47520,买盘
919,13:50:28,5.28,0.01,23,12144,买盘
920,13:50:22,5.27,--,20,10540,卖盘
921,13:50:19,5.27,-0.01,32,16864,卖盘
922,13:50:13,5.28,0.01,4,2112,买盘
923,13:50:10,5.27,--,4,2108,卖盘
924,13:50:07,5.27,-0.01,59,31092,卖盘
925,13:50:04,5.28,0.01,30,15840,买盘
926,13:49:58,5.27,--,100,52699,卖盘
927,13:49:55,5.27,-0.01,20,10540,卖盘
928,13:49:52,5.28,--,26,13728,买盘
929,13:49:46,5.28,--,23,12144,买盘
930,13:49:43,5.28,0.01,28,14784,买盘
931,13:49:40,5.27,--,10,5270,卖盘
932,13:49:37,5.27,-0.01,187,98548,卖盘
933,13:49:25,5.28,0.01,6,3168,买盘
934,13:49:19,5.27,--,20,10540,卖盘
935,13:49:16,5.27,-0.01,100,52699,卖盘
936,13:49:01,5.28,0.01,1,528,买盘
937,13:48:58,5.27,--,32,16864,卖盘
938,13:48:52,5.27,-0.01,208,109615,卖盘
939,13:48:46,5.28,--,7,3696,买盘
940,13:48:43,5.28,--,50,26400,买盘
941,13:48:37,5.28,0.01,389,205392,买盘
942,13:48:34,5.27,--,50,26349,卖盘
943,13:48:31,5.27,-0.01,1,527,卖盘
944,13:48:22,5.28,--,6,3168,买盘
945,13:48:16,5.28,0.01,5,2640,买盘
946,13:48:13,5.27,-0.01,5,2635,卖盘
947,13:48:07,5.28,--,53,27984,买盘
948,13:48:01,5.28,0.01,4,2112,买盘
949,13:47:52,5.27,--,200,105399,卖盘
950,13:47:46,5.27,--,1,527,卖盘
951,13:47:43,5.27,--,51,26876,买盘
952,13:47:40,5.27,--,175,92224,买盘
953,13:47:37,5.27,--,144,75888,买盘
954,13:47:34,5.27,--,52,27403,买盘
955,13:47:31,5.27,--,18,9486,买盘
956,13:47:25,5.27,0.01,183,96440,买盘
957,13:47:16,5.26,--,252,132552,卖盘
958,13:47:07,5.26,-0.01,29,15254,卖盘
959,13:47:04,5.27,--,10,5270,买盘
960,13:47:01,5.27,--,1,527,买盘
961,13:46:58,5.27,--,9,4743,买盘
962,13:46:55,5.27,--,2,1054,买盘
963,13:46:52,5.27,--,52,27403,买盘
964,13:46:49,5.27,--,1,527,买盘
965,13:46:46,5.27,--,40,21080,买盘
966,13:46:43,5.27,--,59,31092,买盘
967,13:46:40,5.27,0.01,52,27403,买盘
968,13:46:37,5.26,-0.01,176,92576,卖盘
969,13:46:31,5.27,0.01,10,5270,买盘
970,13:46:28,5.26,--,23,12098,卖盘
971,13:46:22,5.26,--,16,8416,卖盘
972,13:46:13,5.26,--,7,3682,卖盘
973,13:46:10,5.26,-0.01,7,3682,卖盘
974,13:46:07,5.27,0.01,404,212907,买盘
975,13:46:01,5.26,--,18,9468,卖盘
976,13:45:58,5.26,-0.01,44,23144,卖盘
977,13:45:55,5.27,--,207,109088,买盘
978,13:45:52,5.27,--,12,6323,买盘
979,13:45:49,5.27,--,22,11593,买盘
980,13:45:43,5.27,--,33,17391,买盘
981,13:45:37,5.27,--,8,4216,买盘
982,13:45:34,5.27,0.01,30,15809,买盘
983,13:45:31,5.26,-0.01,22,11572,卖盘
984,13:45:28,5.27,--,216,113831,买盘
985,13:45:22,5.27,--,1,527,买盘
986,13:45:19,5.27,--,77,40579,买盘
987,13:45:10,5.27,--,210,110669,买盘
988,13:45:07,5.27,--,1,527,买盘
989,13:45:04,5.27,--,41,21607,买盘
990,13:45:01,5.27,--,111,58496,买盘
991,13:44:58,5.27,--,10,5270,买盘
992,13:44:49,5.27,--,5,2635,买盘
993,13:44:46,5.27,--,55,28984,买盘
994,13:44:43,5.27,--,45,23714,买盘
995,13:44:34,5.27,--,10,5270,买盘
996,13:44:31,5.27,--,11,5796,买盘
997,13:44:28,5.27,--,12,6323,买盘
998,13:44:25,5.27,0.01,54,28457,买盘
999,13:44:13,5.26,--,6,3156,卖盘
1000,13:44:07,5.26,--,46,24196,卖盘
1001,13:44:04,5.26,--,6,3156,卖盘
1002,13:43:55,5.26,--,31,16306,卖盘
1003,13:43:52,5.26,--,6,3156,卖盘
1004,13:43:40,5.26,-0.01,100,52600,卖盘
1005,13:43:31,5.27,--,57,30038,买盘
1006,13:43:28,5.27,0.01,54,28457,买盘
1007,13:43:25,5.26,--,51,26826,卖盘
1008,13:43:22,5.26,--,30,15780,卖盘
1009,13:43:16,5.26,--,24,12624,买盘
1010,13:43:13,5.26,-0.01,133,69958,卖盘
1011,13:43:07,5.27,0.01,20,10540,买盘
1012,13:43:04,5.26,-0.01,331,174106,卖盘
1013,13:43:01,5.27,--,5,2635,买盘
1014,13:42:58,5.27,0.01,4,2108,买盘
1015,13:42:52,5.26,--,907,477082,卖盘
1016,13:42:49,5.26,--,10,5260,卖盘
1017,13:42:43,5.26,--,156,82056,卖盘
1018,13:42:40,5.26,-0.01,60,31560,卖盘
1019,13:42:37,5.27,--,11,5796,买盘
1020,13:42:31,5.27,0.01,80,42160,买盘
1021,13:42:28,5.26,--,140,73640,卖盘
1022,13:42:25,5.26,--,84,44184,卖盘
1023,13:42:19,5.26,--,914,480764,卖盘
1024,13:42:16,5.26,--,3,1578,卖盘
1025,13:42:13,5.26,--,2,1052,卖盘
1026,13:42:10,5.26,--,122,64172,卖盘
1027,13:42:04,5.26,--,20,10520,卖盘
1028,13:42:01,5.26,--,5,2630,卖盘
1029,13:41:58,5.26,-0.01,119,62594,卖盘
1030,13:41:55,5.27,--,1605,845834,买盘
1031,13:41:52,5.27,--,29,15282,买盘
1032,13:41:49,5.27,0.01,130,68510,买盘
1033,13:41:46,5.26,--,188,98888,卖盘
1034,13:41:43,5.26,-0.01,23,12098,卖盘
1035,13:41:40,5.27,--,305,160735,买盘
1036,13:41:37,5.27,--,116,61131,买盘
1037,13:41:34,5.27,--,20,10540,买盘
1038,13:41:28,5.27,0.01,62,32673,中性盘
1039,13:41:22,5.26,-0.01,127,66802,卖盘
1040,13:41:16,5.27,--,128,67456,卖盘
1041,13:41:07,5.27,--,139,73253,卖盘
1042,13:41:04,5.27,--,147,77469,卖盘
1043,13:41:01,5.27,--,380,200259,卖盘
1044,13:40:58,5.27,--,60,31619,卖盘
1045,13:40:55,5.27,--,6,3161,卖盘
1046,13:40:52,5.27,-0.01,2117,1115659,卖盘
1047,13:40:49,5.28,0.01,2,1056,买盘
1048,13:40:40,5.27,-0.01,124,65347,卖盘
1049,13:40:37,5.28,0.01,20,10560,买盘
1050,13:40:31,5.27,--,128,67456,卖盘
1051,13:40:22,5.27,--,157,82739,卖盘
1052,13:40:19,5.27,-0.01,443,233460,卖盘
1053,13:40:10,5.28,--,7,3696,买盘
1054,13:40:07,5.28,0.01,114,60192,买盘
1055,13:40:04,5.27,-0.01,3,1580,卖盘
1056,13:39:58,5.28,0.01,10,5280,买盘
1057,13:39:55,5.27,--,312,164424,卖盘
1058,13:39:52,5.27,--,3,1580,卖盘
1059,13:39:49,5.27,--,19,10013,卖盘
1060,13:39:46,5.27,-0.01,128,67456,卖盘
1061,13:39:43,5.28,0.01,20,10560,买盘
1062,13:39:40,5.27,--,155,81685,卖盘
1063,13:39:37,5.27,--,150,79050,卖盘
1064,13:39:34,5.27,--,139,73253,卖盘
1065,13:39:31,5.27,--,2,1054,卖盘
1066,13:39:25,5.27,--,275,144925,卖盘
1067,13:39:16,5.27,--,100,52699,卖盘
1068,13:39:13,5.27,--,147,77469,卖盘
1069,13:39:01,5.27,--,519,273513,卖盘
1070,13:38:55,5.27,--,103,54280,卖盘
1071,13:38:46,5.27,--,123,64820,卖盘
1072,13:38:37,5.27,-0.01,9,4743,卖盘
1073,13:38:34,5.28,--,69,36432,买盘
1074,13:38:28,5.28,--,20,10560,买盘
1075,13:38:22,5.28,--,24,12672,买盘
1076,13:38:16,5.28,0.01,161,85008,买盘
1077,13:38:04,5.27,--,50,26349,卖盘
1078,13:37:55,5.27,--,16,8432,卖盘
1079,13:37:52,5.27,--,10,5270,卖盘
1080,13:37:49,5.27,--,731,385236,卖盘
1081,13:37:46,5.27,-0.01,5,2635,卖盘
1082,13:37:43,5.28,--,36,19008,买盘
1083,13:37:40,5.28,0.01,41,21648,买盘
1084,13:37:37,5.27,-0.01,11,5796,卖盘
1085,13:37:34,5.28,--,89,46992,买盘
1086,13:37:31,5.28,0.01,186,98208,买盘
1087,13:37:25,5.27,--,13,6850,卖盘
1088,13:37:22,5.27,--,1,527,卖盘
1089,13:37:13,5.27,--,168,88536,卖盘
1090,13:37:10,5.27,--,63,33201,卖盘
1091,13:37:04,5.27,-0.01,137,72199,卖盘
1092,13:37:01,5.28,--,56,29568,买盘
1093,13:36:58,5.28,0.01,24,12672,买盘
1094,13:36:55,5.27,--,2,1054,卖盘
1095,13:36:52,5.27,--,5,2635,卖盘
1096,13:36:46,5.27,-0.01,4,2108,卖盘
1097,13:36:43,5.28,0.01,146,77088,买盘
1098,13:36:31,5.27,-0.01,10,5270,卖盘
1099,13:36:25,5.28,0.01,11,5808,买盘
1100,13:36:22,5.27,-0.01,2,1054,卖盘
1101,13:36:19,5.28,0.01,10,5280,买盘
1102,13:36:13,5.27,--,31,16336,卖盘
1103,13:36:10,5.27,--,26,13701,卖盘
1104,13:36:04,5.27,--,5,2635,卖盘
1105,13:36:01,5.27,--,9,4743,卖盘
1106,13:35:52,5.27,-0.01,141,74307,卖盘
1107,13:35:49,5.28,0.01,6,3168,买盘
1108,13:35:46,5.27,--,20,10540,卖盘
1109,13:35:43,5.27,--,51,26876,卖盘
1110,13:35:34,5.27,--,1,527,卖盘
1111,13:35:28,5.27,--,89,46902,卖盘
1112,13:35:22,5.27,-0.01,50,26349,卖盘
1113,13:35:16,5.28,--,2,1056,买盘
1114,13:35:13,5.28,0.01,98,51744,买盘
1115,13:35:07,5.27,--,115,60604,卖盘
1116,13:35:04,5.27,-0.01,5,2635,卖盘
1117,13:35:01,5.28,0.01,515,271920,买盘
1118,13:34:55,5.27,--,11,5796,卖盘
1119,13:34:49,5.27,--,10,5270,卖盘
1120,13:34:43,5.27,--,51,26876,卖盘
1121,13:34:40,5.27,-0.01,628,330956,卖盘
1122,13:34:37,5.28,0.01,8,4224,买盘
1123,13:34:34,5.27,-0.01,20,10540,卖盘
1124,13:34:28,5.28,--,304,160512,买盘
1125,13:34:22,5.28,0.01,3,1584,买盘
1126,13:34:19,5.27,-0.01,100,52699,卖盘
1127,13:34:13,5.28,0.01,5,2640,买盘
1128,13:34:07,5.27,--,5,2635,卖盘
1129,13:33:58,5.27,--,30,15809,卖盘
1130,13:33:55,5.27,--,3,1580,卖盘
1131,13:33:52,5.27,-0.01,90,47429,卖盘
1132,13:33:49,5.28,0.01,32,16896,买盘
1133,13:33:46,5.27,--,5,2635,卖盘
1134,13:33:40,5.27,--,71,37417,卖盘
1135,13:33:34,5.27,--,1008,531216,卖盘
1136,13:33:31,5.27,--,143,75361,卖盘
1137,13:33:28,5.27,--,50,26349,卖盘
1138,13:33:25,5.27,--,50,26349,卖盘
1139,13:33:07,5.27,--,30,15809,卖盘
1140,13:32:58,5.27,--,452,238203,卖盘
1141,13:32:55,5.27,-0.01,65,34255,卖盘
1142,13:32:46,5.28,--,3,1584,买盘
1143,13:32:42,5.28,0.01,184,97152,买盘
1144,13:32:39,5.27,-0.01,7,3688,卖盘
1145,13:32:36,5.28,--,66,34848,买盘
1146,13:32:33,5.28,0.01,2,1056,买盘
1147,13:32:30,5.27,--,27,14228,卖盘
1148,13:32:21,5.27,-0.01,378,199205,卖盘
1149,13:32:18,5.28,0.01,8,4224,买盘
1150,13:32:15,5.27,--,34,17918,卖盘
1151,13:32:09,5.27,--,2,1054,卖盘
1152,13:32:03,5.27,--,50,26349,卖盘
1153,13:32:00,5.27,--,27,14228,卖盘
1154,13:31:57,5.27,--,5,2635,卖盘
1155,13:31:54,5.27,-0.01,501,264027,卖盘
1156,13:31:51,5.28,0.01,2,1056,买盘
1157,13:31:48,5.27,-0.01,32,16864,卖盘
1158,13:31:45,5.28,--,51,26928,买盘
1159,13:31:42,5.28,0.01,65,34320,买盘
1160,13:31:39,5.27,--,51,26876,卖盘
1161,13:31:33,5.27,-0.01,10,5270,卖盘
1162,13:31:30,5.28,--,53,27984,买盘
1163,13:31:27,5.28,--,62,32736,买盘
1164,13:31:24,5.28,--,80,42240,买盘
1165,13:31:21,5.28,0.01,4,2112,买盘
1166,13:31:15,5.27,--,68,35836,卖盘
1167,13:31:12,5.27,--,1,527,卖盘
1168,13:31:09,5.27,--,80,42160,卖盘
1169,13:30:57,5.27,-0.01,51,26876,卖盘
1170,13:30:54,5.28,--,15,7920,买盘
1171,13:30:51,5.28,--,10,5280,买盘
1172,13:30:42,5.28,--,1527,806256,买盘
1173,13:30:39,5.28,0.01,21,11088,买盘
1174,13:30:30,5.27,-0.01,10,5270,卖盘
1175,13:30:27,5.28,0.01,10,5280,买盘
1176,13:30:24,5.27,-0.01,201,105926,卖盘
1177,13:30:21,5.28,0.01,3,1584,买盘
1178,13:30:18,5.27,-0.01,31,16336,卖盘
1179,13:30:15,5.28,--,95,50160,买盘
1180,13:30:06,5.28,0.01,3,1584,买盘
1181,13:30:03,5.27,-0.01,30,15809,卖盘
1182,13:30:00,5.28,0.01,10,5280,买盘
1183,13:29:57,5.27,-0.01,50,26349,卖盘
1184,13:29:48,5.28,0.01,3,1584,买盘
1185,13:29:45,5.27,-0.01,19,10013,卖盘
1186,13:29:36,5.28,--,13,6864,买盘
1187,13:29:33,5.28,--,20,10560,买盘
1188,13:29:30,5.28,--,31,16368,买盘
1189,13:29:24,5.28,0.01,6,3168,买盘
1190,13:29:21,5.27,--,14,7377,卖盘
1191,13:29:18,5.27,-0.01,5,2635,卖盘
1192,13:29:15,5.28,0.01,6,3168,买盘
1193,13:29:12,5.27,-0.01,8,4216,卖盘
1194,13:29:09,5.28,0.01,15,7920,买盘
1195,13:29:00,5.27,--,10,5270,卖盘
1196,13:28:57,5.27,-0.01,28,14755,卖盘
1197,13:28:54,5.28,--,121,63888,买盘
1198,13:28:51,5.28,--,30,15840,买盘
1199,13:28:48,5.28,0.01,12,6336,买盘
1200,13:28:39,5.27,-0.01,35,18445,卖盘
1201,13:28:36,5.28,0.01,10,5280,买盘
1202,13:28:30,5.27,-0.01,30,15809,卖盘
1203,13:28:27,5.28,--,3,1584,买盘
1204,13:28:24,5.28,--,37,19536,买盘
1205,13:28:21,5.28,--,100,52800,买盘
1206,13:28:15,5.28,--,23,12144,买盘
1207,13:28:12,5.28,--,45,23760,买盘
1208,13:28:06,5.28,--,1532,809086,卖盘
1209,13:28:03,5.28,-0.01,789,416592,卖盘
1210,13:28:00,5.29,0.01,7,3703,买盘
1211,13:27:57,5.28,-0.01,4,2112,卖盘
1212,13:27:54,5.29,--,202,106858,买盘
1213,13:27:48,5.29,--,4,2116,买盘
1214,13:27:45,5.29,--,224,118496,买盘
1215,13:27:42,5.29,--,10,5290,买盘
1216,13:27:39,5.29,0.01,10,5290,买盘
1217,13:27:36,5.28,--,1,528,卖盘
1218,13:27:30,5.28,-0.01,92,48576,卖盘
1219,13:27:24,5.29,--,24,12696,买盘
1220,13:27:21,5.29,0.01,15,7935,买盘
1221,13:27:12,5.28,-0.01,9,4752,卖盘
1222,13:27:09,5.29,--,34,17986,买盘
1223,13:27:06,5.29,--,1,529,买盘
1224,13:27:03,5.29,--,69,36501,买盘
1225,13:27:00,5.29,--,10,5290,买盘
1226,13:26:57,5.29,0.01,14,7406,买盘
1227,13:26:51,5.28,--,25,13200,卖盘
1228,13:26:42,5.28,--,2,1056,卖盘
1229,13:26:36,5.28,--,28,14784,卖盘
1230,13:26:33,5.28,-0.01,228,120384,卖盘
1231,13:26:30,5.29,--,88,46552,买盘
1232,13:26:21,5.29,0.01,20,10580,买盘
1233,13:26:18,5.28,--,403,212784,卖盘
1234,13:26:09,5.28,-0.01,306,161568,卖盘
1235,13:26:03,5.29,--,97,51313,买盘
1236,13:26:00,5.29,--,2,1058,买盘
1237,13:25:57,5.29,--,2,1058,买盘
1238,13:25:51,5.29,0.01,20,10580,买盘
1239,13:25:48,5.28,-0.01,25,13200,卖盘
1240,13:25:45,5.29,--,30,15870,买盘
1241,13:25:39,5.29,0.01,5,2645,买盘
1242,13:25:36,5.28,-0.01,35,18480,卖盘
1243,13:25:30,5.29,0.01,1,529,买盘
1244,13:25:27,5.28,-0.01,34,17952,卖盘
1245,13:25:24,5.29,0.01,191,101039,买盘
1246,13:25:21,5.28,--,300,158400,卖盘
1247,13:25:18,5.28,--,8,4224,卖盘
1248,13:25:12,5.28,--,52,27456,卖盘
1249,13:25:00,5.28,-0.01,215,113520,卖盘
1250,13:24:54,5.29,0.01,467,247043,买盘
1251,13:24:51,5.28,--,51,26928,卖盘
1252,13:24:48,5.28,--,50,26400,卖盘
1253,13:24:36,5.28,-0.01,80,42240,卖盘
1254,13:24:33,5.29,0.01,5,2645,买盘
1255,13:24:30,5.28,-0.01,10,5280,卖盘
1256,13:24:21,5.29,0.01,12,6348,买盘
1257,13:24:18,5.28,--,21,11088,卖盘
1258,13:24:15,5.28,-0.01,1,528,卖盘
1259,13:24:12,5.29,--,1,529,买盘
1260,13:24:09,5.29,--,667,352843,买盘
1261,13:24:00,5.29,0.01,100,52900,买盘
1262,13:23:57,5.28,-0.01,60,31680,卖盘
1263,13:23:51,5.29,--,13,6877,买盘
1264,13:23:36,5.29,--,9,4761,买盘
1265,13:23:21,5.29,--,40,21160,买盘
1266,13:23:18,5.29,0.01,70,37030,买盘
1267,13:23:12,5.28,-0.01,12,6336,卖盘
1268,13:23:00,5.29,--,30,15870,买盘
1269,13:22:57,5.29,--,1,529,买盘
1270,13:22:54,5.29,--,6,3174,买盘
1271,13:22:48,5.29,0.01,62,32798,买盘
1272,13:22:45,5.28,-0.01,25,13200,卖盘
1273,13:22:42,5.29,0.01,31,16399,买盘
1274,13:22:39,5.28,--,8,4224,卖盘
1275,13:22:36,5.28,--,10,5280,卖盘
1276,13:22:33,5.28,-0.01,6,3168,卖盘
1277,13:22:30,5.29,0.01,40,21160,买盘
1278,13:22:27,5.28,--,1,528,卖盘
1279,13:22:24,5.28,--,27,14256,卖盘
1280,13:22:12,5.28,-0.01,78,41184,卖盘
1281,13:22:06,5.29,0.01,30,15870,买盘
1282,13:22:03,5.28,-0.01,134,70752,卖盘
1283,13:22:00,5.29,0.01,2,1058,买盘
1284,13:21:57,5.28,-0.01,23,12144,卖盘
1285,13:21:54,5.29,--,5,2645,买盘
1286,13:21:51,5.29,0.01,20,10580,买盘
1287,13:21:45,5.28,--,1797,949153,卖盘
1288,13:21:39,5.28,--,7,3696,卖盘
1289,13:21:27,5.28,-0.01,64,33792,卖盘
1290,13:21:24,5.29,0.01,20,10580,买盘
1291,13:21:21,5.28,-0.01,1,528,卖盘
1292,13:21:18,5.29,--,1,529,买盘
1293,13:21:15,5.29,--,15,7935,买盘
1294,13:21:12,5.29,0.01,9,4761,买盘
1295,13:21:09,5.28,--,25,13200,卖盘
1296,13:21:06,5.28,--,15,7920,卖盘
1297,13:21:00,5.28,-0.01,5,2640,卖盘
1298,13:20:57,5.29,0.01,62,32798,买盘
1299,13:20:54,5.28,-0.01,115,60720,卖盘
1300,13:20:45,5.29,--,57,30153,买盘
1301,13:20:42,5.29,0.01,20,10580,买盘
1302,13:20:39,5.28,-0.01,6,3168,卖盘
1303,13:20:36,5.29,--,10,5290,买盘
1304,13:20:27,5.29,0.01,25,13225,买盘
1305,13:20:18,5.28,-0.01,1600,844800,卖盘
1306,13:20:09,5.29,--,642,339618,买盘
1307,13:20:06,5.29,0.01,1,529,买盘
1308,13:20:03,5.28,-0.01,5,2640,卖盘
1309,13:20:00,5.29,0.01,121,64009,买盘
1310,13:19:57,5.28,-0.01,179,94512,卖盘
1311,13:19:54,5.29,--,593,313697,买盘
1312,13:19:51,5.29,--,21,11109,买盘
1313,13:19:45,5.29,--,2,1058,买盘
1314,13:19:39,5.29,--,143,75647,买盘
1315,13:19:33,5.29,0.01,17,8993,买盘
1316,13:19:15,5.28,-0.01,226,119328,卖盘
1317,13:19:09,5.29,0.01,219,115851,买盘
1318,13:19:03,5.28,-0.01,2,1056,卖盘
1319,13:18:57,5.29,0.01,21,11109,买盘
1320,13:18:54,5.28,--,19,10032,卖盘
1321,13:18:51,5.28,--,10,5280,卖盘
1322,13:18:48,5.28,--,1,528,卖盘
1323,13:18:42,5.28,--,5,2640,卖盘
1324,13:18:33,5.28,--,8,4224,卖盘
1325,13:18:30,5.28,-0.01,30,15840,卖盘
1326,13:18:27,5.29,0.01,5,2645,买盘
1327,13:18:24,5.28,--,5,2640,卖盘
1328,13:18:21,5.28,--,425,224400,卖盘
1329,13:18:18,5.28,-0.01,135,71280,卖盘
1330,13:18:12,5.29,--,34,17986,买盘
1331,13:18:09,5.29,0.01,20,10580,买盘
1332,13:18:06,5.28,-0.01,82,43296,卖盘
1333,13:18:00,5.29,--,3,1587,买盘
1334,13:17:57,5.29,--,2,1058,买盘
1335,13:17:51,5.29,--,15,7935,买盘
1336,13:17:48,5.29,--,2,1058,买盘
1337,13:17:45,5.29,--,10,5290,买盘
1338,13:17:42,5.29,--,50,26450,买盘
1339,13:17:36,5.29,--,330,174855,卖盘
1340,13:17:33,5.29,--,1334,705686,卖盘
1341,13:17:30,5.29,-0.01,523,276667,卖盘
1342,13:17:24,5.3,0.01,58,30740,买盘
1343,13:17:21,5.29,--,39,20631,卖盘
1344,13:17:18,5.29,-0.01,20,10580,卖盘
1345,13:17:12,5.3,0.01,10,5300,买盘
1346,13:17:03,5.29,-0.01,12,6348,卖盘
1347,13:16:57,5.3,--,11,5830,买盘
1348,13:16:54,5.3,--,50,26500,买盘
1349,13:16:51,5.3,0.01,45,23850,买盘
1350,13:16:45,5.29,-0.01,105,55545,卖盘
1351,13:16:42,5.3,0.01,10,5300,买盘
1352,13:16:36,5.29,-0.01,150,79350,卖盘
1353,13:16:33,5.3,0.01,480,254400,买盘
1354,13:16:30,5.29,-0.01,50,26450,卖盘
1355,13:16:21,5.3,0.01,1,530,买盘
1356,13:16:12,5.29,--,5,2645,卖盘
1357,13:16:08,5.29,--,225,119268,买盘
1358,13:16:05,5.29,--,29,15341,买盘
1359,13:16:02,5.29,--,31,16399,买盘
1360,13:15:59,5.29,--,496,262384,买盘
1361,13:15:50,5.29,--,203,107387,买盘
1362,13:15:47,5.29,--,45,23805,买盘
1363,13:15:44,5.29,--,50,26450,买盘
1364,13:15:41,5.29,--,62,32798,买盘
1365,13:15:35,5.29,0.01,10,5290,买盘
1366,13:15:29,5.28,--,1,528,卖盘
1367,13:15:20,5.28,--,1,528,卖盘
1368,13:15:14,5.28,--,150,79200,卖盘
1369,13:15:11,5.28,--,841,444048,买盘
1370,13:15:05,5.28,--,152,80256,买盘
1371,13:15:02,5.28,--,84,44352,买盘
1372,13:14:59,5.28,--,670,353760,买盘
1373,13:14:56,5.28,--,283,149424,买盘
1374,13:14:50,5.28,--,88,46464,买盘
1375,13:14:47,5.28,--,218,115104,买盘
1376,13:14:41,5.28,--,384,202752,买盘
1377,13:14:38,5.28,--,18,9504,买盘
1378,13:14:35,5.28,--,80,42240,买盘
1379,13:14:32,5.28,--,309,163152,买盘
1380,13:14:29,5.28,--,35,18480,买盘
1381,13:14:26,5.28,0.01,150,79200,买盘
1382,13:14:23,5.27,-0.01,179,94332,卖盘
1383,13:14:14,5.28,0.01,970,512160,买盘
1384,13:14:11,5.27,-0.01,21,11067,卖盘
1385,13:14:08,5.28,--,10,5280,买盘
1386,13:14:05,5.28,0.01,119,62832,买盘
1387,13:14:02,5.27,--,73,38471,卖盘
1388,13:13:56,5.27,-0.01,109,57442,卖盘
1389,13:13:53,5.28,0.01,553,291984,买盘
1390,13:13:50,5.27,-0.01,7,3688,卖盘
1391,13:13:47,5.28,--,20,10560,买盘
1392,13:13:44,5.28,0.01,31,16368,买盘
1393,13:13:41,5.27,-0.01,14,7377,卖盘
1394,13:13:38,5.28,--,43,22704,买盘
1395,13:13:32,5.28,--,20,10560,买盘
1396,13:13:29,5.28,--,216,114048,买盘
1397,13:13:26,5.28,--,11,5808,买盘
1398,13:13:17,5.28,0.01,4,2112,买盘
1399,13:13:14,5.27,-0.01,4,2108,卖盘
1400,13:13:11,5.28,0.01,230,121440,买盘
1401,13:13:05,5.27,--,9,4743,卖盘
1402,13:13:02,5.27,--,104,54807,卖盘
1403,13:12:56,5.27,-0.01,222,116993,卖盘
1404,13:12:53,5.28,0.01,3,1584,买盘
1405,13:12:50,5.27,-0.01,10,5270,卖盘
1406,13:12:47,5.28,--,10,5280,买盘
1407,13:12:44,5.28,--,78,41184,买盘
1408,13:12:41,5.28,0.01,33,17424,买盘
1409,13:12:38,5.27,-0.01,2,1054,卖盘
1410,13:12:35,5.28,0.01,203,107184,买盘
1411,13:12:29,5.27,-0.01,32,16864,卖盘
1412,13:12:23,5.28,--,35,18480,买盘
1413,13:12:17,5.28,--,10,5280,买盘
1414,13:12:08,5.28,--,238,125664,买盘
1415,13:11:59,5.28,--,17,8976,买盘
1416,13:11:56,5.28,--,90,47520,买盘
1417,13:11:53,5.28,--,36,19008,买盘
1418,13:11:50,5.28,--,5,2640,买盘
1419,13:11:47,5.28,--,5,2640,买盘
1420,13:11:41,5.28,0.01,23,12144,买盘
1421,13:11:35,5.27,-0.01,10,5270,卖盘
1422,13:11:32,5.28,--,26,13728,买盘
1423,13:11:26,5.28,0.01,10,5280,买盘
1424,13:11:23,5.27,-0.01,18,9486,卖盘
1425,13:11:20,5.28,0.01,21,11088,买盘
1426,13:11:17,5.27,--,32,16864,卖盘
1427,13:11:11,5.27,--,62,32673,卖盘
1428,13:11:08,5.27,--,60,31619,卖盘
1429,13:11:02,5.27,-0.01,50,26349,卖盘
1430,13:10:59,5.28,--,96,50688,买盘
1431,13:10:53,5.28,0.01,23,12144,买盘
1432,13:10:50,5.27,-0.01,4,2108,卖盘
1433,13:10:47,5.28,--,57,30096,买盘
1434,13:10:44,5.28,0.01,80,42240,买盘
1435,13:10:41,5.27,-0.01,49,25822,卖盘
1436,13:10:38,5.28,0.01,3,1584,买盘
1437,13:10:35,5.27,--,30,15809,卖盘
1438,13:10:32,5.27,--,208,109615,卖盘
1439,13:10:29,5.27,--,72,37944,卖盘
1440,13:10:26,5.27,-0.01,80,42160,卖盘
1441,13:10:23,5.28,--,63,33264,买盘
1442,13:10:20,5.28,--,85,44880,买盘
1443,13:10:17,5.28,--,310,163680,买盘
1444,13:10:14,5.28,0.01,30,15840,买盘
1445,13:10:11,5.27,--,2,1054,卖盘
1446,13:10:08,5.27,-0.01,2010,1059270,卖盘
1447,13:10:02,5.28,0.01,84,44352,买盘
1448,13:09:59,5.27,-0.01,60,31619,卖盘
1449,13:09:56,5.28,--,10,5280,买盘
1450,13:09:50,5.28,--,10,5280,买盘
1451,13:09:47,5.28,--,5,2640,买盘
1452,13:09:44,5.28,-0.01,4125,2178000,卖盘
1453,13:09:41,5.29,--,89,47081,买盘
1454,13:09:35,5.29,--,5,2645,买盘
1455,13:09:32,5.29,--,28,14812,买盘
1456,13:09:23,5.29,--,20,10580,买盘
1457,13:09:20,5.29,--,1151,609164,卖盘
1458,13:09:14,5.29,-0.01,6,3174,卖盘
1459,13:09:08,5.3,0.01,20,10600,买盘
1460,13:09:05,5.29,--,33,17457,卖盘
1461,13:09:02,5.29,--,200,105800,卖盘
1462,13:08:59,5.29,--,12,6348,卖盘
1463,13:08:50,5.29,--,1,529,卖盘
1464,13:08:47,5.29,-0.01,332,175628,卖盘
1465,13:08:44,5.3,0.01,9,4770,买盘
1466,13:08:41,5.29,--,80,42320,卖盘
1467,13:08:38,5.29,-0.01,80,42320,卖盘
1468,13:08:35,5.3,--,1,530,买盘
1469,13:08:32,5.3,--,46,24380,买盘
1470,13:08:26,5.3,0.01,61,32330,买盘
1471,13:08:20,5.29,-0.01,1,529,卖盘
1472,13:08:17,5.3,0.01,6,3180,买盘
1473,13:08:14,5.29,--,193,102097,卖盘
1474,13:08:05,5.29,--,101,53429,卖盘
1475,13:08:02,5.29,--,56,29624,卖盘
1476,13:07:53,5.29,--,1,529,卖盘
1477,13:07:50,5.29,-0.01,45,23805,卖盘
1478,13:07:41,5.3,--,75,39750,买盘
1479,13:07:35,5.3,0.01,50,26500,买盘
1480,13:07:32,5.29,-0.01,4,2116,卖盘
1481,13:07:29,5.3,--,2,1060,买盘
1482,13:07:23,5.3,0.01,10,5300,买盘
1483,13:07:17,5.29,--,39,20631,卖盘
1484,13:07:05,5.29,-0.01,19,10051,卖盘
1485,13:06:59,5.3,--,10,5300,买盘
1486,13:06:53,5.3,--,174,92220,买盘
1487,13:06:50,5.3,0.01,50,26500,买盘
1488,13:06:47,5.29,-0.01,1,529,卖盘
1489,13:06:44,5.3,--,1,530,买盘
1490,13:06:41,5.3,--,15,7950,买盘
1491,13:06:38,5.3,--,100,53000,买盘
1492,13:06:23,5.3,--,50,26500,买盘
1493,13:06:20,5.3,--,79,41870,买盘
1494,13:06:11,5.3,--,24,12720,买盘
1495,13:06:08,5.3,0.01,1,530,买盘
1496,13:06:05,5.29,-0.01,20,10580,卖盘
1497,13:06:02,5.3,0.01,2,1060,买盘
1498,13:05:53,5.29,--,7,3703,卖盘
1499,13:05:47,5.29,-0.01,25,13225,卖盘
1500,13:05:44,5.3,--,2,1060,买盘
1501,13:05:41,5.3,0.01,1,530,买盘
1502,13:05:32,5.29,-0.01,11,5819,卖盘
1503,13:05:23,5.3,0.01,10,5300,买盘
1504,13:05:20,5.29,-0.01,61,32269,卖盘
1505,13:05:11,5.3,--,50,26500,买盘
1506,13:05:08,5.3,--,10,5300,买盘
1507,13:05:05,5.3,--,40,21200,买盘
1508,13:05:02,5.3,--,140,74200,卖盘
1509,13:04:56,5.3,0.01,5,2650,中性盘
1510,13:04:53,5.29,-0.02,1519,803551,卖盘
1511,13:04:50,5.31,0.02,23,12213,买盘
1512,13:04:44,5.29,--,2500,1322500,卖盘
1513,13:04:41,5.29,--,693,366597,卖盘
1514,13:04:38,5.29,-0.02,1798,951142,卖盘
1515,13:04:35,5.31,0.01,124,65844,买盘
1516,13:04:11,5.3,--,2,1060,卖盘
1517,13:04:08,5.3,--,2,1060,卖盘
1518,13:04:05,5.3,--,6,3180,买盘
1519,13:04:02,5.3,--,50,26500,买盘
1520,13:03:56,5.3,-0.01,944,500320,卖盘
1521,13:03:50,5.31,--,5,2655,买盘
1522,13:03:47,5.31,0.01,1010,536310,买盘
1523,13:03:44,5.3,-0.01,1000,530000,卖盘
1524,13:03:38,5.31,0.01,100,53099,买盘
1525,13:03:32,5.3,-0.01,25,13250,卖盘
1526,13:03:29,5.31,--,10,5310,买盘
1527,13:03:26,5.31,--,25,13274,买盘
1528,13:03:14,5.31,--,9,4779,买盘
1529,13:02:56,5.31,--,13,6902,买盘
1530,13:02:53,5.31,--,101,53630,买盘
1531,13:02:47,5.31,--,5,2655,买盘
1532,13:02:44,5.31,--,275,146025,买盘
1533,13:02:41,5.31,0.01,1,531,买盘
1534,13:02:38,5.3,--,7,3710,卖盘
1535,13:02:32,5.3,-0.01,44,23320,卖盘
1536,13:02:29,5.31,--,30,15929,买盘
1537,13:02:20,5.31,--,100,53099,买盘
1538,13:02:17,5.31,--,57,30266,买盘
1539,13:02:14,5.31,--,5,2655,买盘
1540,13:02:08,5.31,--,17,9027,买盘
1541,13:02:02,5.31,0.01,53,28142,买盘
1542,13:01:53,5.3,-0.01,30,15900,卖盘
1543,13:01:47,5.31,--,38,20178,买盘
1544,13:01:41,5.31,--,43,22833,买盘
1545,13:01:32,5.31,--,20,10620,买盘
1546,13:01:29,5.31,--,112,59471,买盘
1547,13:01:17,5.31,--,5,2655,买盘
1548,13:01:14,5.31,--,9,4779,买盘
1549,13:01:11,5.31,--,10,5310,买盘
1550,13:01:05,5.31,0.01,5,2655,买盘
1551,13:01:02,5.3,-0.01,212,112360,卖盘
1552,13:00:56,5.31,0.01,7,3716,买盘
1553,13:00:50,5.3,-0.01,10,5300,卖盘
1554,13:00:38,5.31,--,60,31859,买盘
1555,13:00:35,5.31,--,2,1062,买盘
1556,13:00:17,5.31,0.01,20,10620,买盘
1557,13:00:14,5.3,--,52,27560,卖盘
1558,13:00:11,5.3,-0.01,510,270300,卖盘
1559,13:00:05,5.31,--,622,330282,买盘
1560,13:00:02,5.31,0.01,12,6371,买盘
1561,11:30:03,5.3,--,7,3710,卖盘
1562,11:29:48,5.3,--,4,2120,卖盘
1563,11:29:45,5.3,--,10,5300,卖盘
1564,11:29:33,5.3,--,30,15900,卖盘
1565,11:29:30,5.3,--,2,1060,卖盘
1566,11:29:27,5.3,--,60,31800,卖盘
1567,11:29:21,5.3,--,3,1590,卖盘
1568,11:29:00,5.3,--,3,1590,卖盘
1569,11:28:54,5.3,-0.01,144,76320,卖盘
1570,11:28:48,5.31,0.01,12,6371,买盘
1571,11:28:45,5.3,--,5,2650,卖盘
1572,11:28:39,5.3,-0.01,74,39220,卖盘
1573,11:28:21,5.31,--,20,10620,买盘
1574,11:28:18,5.31,0.01,16,8496,买盘
1575,11:28:03,5.3,-0.01,193,102290,卖盘
1576,11:28:00,5.31,--,7,3716,买盘
1577,11:27:54,5.31,--,16,8496,买盘
1578,11:27:48,5.31,--,1,531,买盘
1579,11:27:45,5.31,--,9,4779,买盘
1580,11:27:42,5.31,0.01,10,5310,买盘
1581,11:27:24,5.3,-0.01,82,43460,卖盘
1582,11:27:21,5.31,--,46,24426,买盘
1583,11:27:09,5.31,0.01,1,531,买盘
1584,11:27:00,5.3,-0.01,69,36570,卖盘
1585,11:26:54,5.31,--,9,4779,买盘
1586,11:26:45,5.31,0.01,79,41949,买盘
1587,11:26:36,5.3,-0.01,1,530,卖盘
1588,11:26:27,5.31,--,20,10620,买盘
1589,11:26:24,5.31,0.01,1,531,买盘
1590,11:26:15,5.3,-0.01,10,5300,卖盘
1591,11:26:00,5.31,0.01,100,53099,买盘
1592,11:25:57,5.3,-0.01,42,22260,卖盘
1593,11:25:42,5.31,--,111,58940,买盘
1594,11:25:30,5.31,--,21,11151,买盘
1595,11:25:21,5.31,--,10,5310,买盘
1596,11:25:18,5.31,--,29,15398,买盘
1597,11:25:15,5.31,--,140,74340,买盘
1598,11:25:09,5.31,--,5,2655,买盘
1599,11:24:54,5.31,--,2,1062,买盘
1600,11:24:51,5.31,-0.01,260,138060,卖盘
1601,11:24:48,5.32,0.01,30,15960,买盘
1602,11:24:45,5.31,-0.01,5,2655,卖盘
1603,11:24:42,5.32,0.01,108,57456,买盘
1604,11:24:33,5.31,-0.01,60,31859,卖盘
1605,11:24:30,5.32,0.01,1,532,买盘
1606,11:24:27,5.31,--,5,2655,卖盘
1607,11:24:21,5.31,--,37,19647,卖盘
1608,11:24:18,5.31,-0.01,11,5841,卖盘
1609,11:24:15,5.32,--,2,1064,买盘
1610,11:24:12,5.32,0.01,10,5320,买盘
1611,11:24:06,5.31,-0.01,5,2655,卖盘
1612,11:24:00,5.32,0.01,20,10640,买盘
1613,11:23:51,5.31,--,27,14336,卖盘
1614,11:23:45,5.31,--,200,106199,卖盘
1615,11:23:39,5.31,--,7,3716,卖盘
1616,11:23:30,5.31,--,150,79650,卖盘
1617,11:23:15,5.31,--,119,63188,卖盘
1618,11:23:12,5.31,--,62,32922,卖盘
1619,11:23:03,5.31,--,10,5310,卖盘
1620,11:23:00,5.31,--,52,27611,卖盘
1621,11:22:57,5.31,--,1,531,卖盘
1622,11:22:45,5.31,--,20,10620,卖盘
1623,11:22:36,5.31,--,10,5310,卖盘
1624,11:22:12,5.31,--,3,1592,卖盘
1625,11:22:00,5.31,--,37,19647,卖盘
1626,11:21:57,5.31,--,45,23895,卖盘
1627,11:21:51,5.31,-0.01,107,56816,卖盘
1628,11:21:48,5.32,0.01,20,10640,买盘
1629,11:21:42,5.31,--,13,6902,卖盘
1630,11:21:39,5.31,--,106,56285,卖盘
1631,11:21:36,5.31,--,27,14336,卖盘
1632,11:21:30,5.31,-0.01,2,1062,卖盘
1633,11:21:27,5.32,0.01,8,4256,买盘
1634,11:21:21,5.31,-0.01,197,104606,卖盘
1635,11:21:09,5.32,--,54,28728,买盘
1636,11:21:06,5.32,--,100,53200,买盘
1637,11:20:54,5.32,--,1,532,买盘
1638,11:20:51,5.32,--,12,6384,买盘
1639,11:20:32,5.32,--,4,2128,买盘
1640,11:20:26,5.32,--,150,79800,买盘
1641,11:20:20,5.32,--,10,5320,买盘
1642,11:20:17,5.32,0.01,12,6384,买盘
1643,11:20:11,5.31,--,9,4779,卖盘
1644,11:19:59,5.31,--,9,4779,卖盘
1645,11:19:56,5.31,--,94,49913,卖盘
1646,11:19:53,5.31,--,139,73809,卖盘
1647,11:19:50,5.31,-0.01,55,29204,卖盘
1648,11:19:44,5.32,0.01,1,532,买盘
1649,11:19:41,5.31,-0.01,1,531,卖盘
1650,11:19:32,5.32,--,51,27132,买盘
1651,11:19:23,5.32,--,36,19152,买盘
1652,11:19:20,5.32,--,10,5320,买盘
1653,11:19:14,5.32,--,17,9044,买盘
1654,11:19:11,5.32,--,23,12502,卖盘
1655,11:19:08,5.32,--,61,32452,卖盘
1656,11:19:05,5.32,--,30,15960,卖盘
1657,11:19:02,5.32,--,605,321860,卖盘
1658,11:18:59,5.32,--,2,1064,卖盘
1659,11:18:53,5.32,--,10,5320,卖盘
1660,11:18:50,5.32,-0.01,39,20748,卖盘
1661,11:18:47,5.33,0.01,16,8528,买盘
1662,11:18:44,5.32,--,15,7980,卖盘
1663,11:18:38,5.32,--,8,4256,卖盘
1664,11:18:35,5.32,--,5,2660,卖盘
1665,11:18:32,5.32,--,10,5320,卖盘
1666,11:18:20,5.32,-0.01,50,26600,卖盘
1667,11:18:14,5.33,0.01,2,1066,买盘
1668,11:18:08,5.32,--,1661,883918,买盘
1669,11:17:50,5.32,--,55,29260,买盘
1670,11:17:44,5.32,--,40,21280,买盘
1671,11:17:29,5.32,0.01,37,19684,买盘
1672,11:17:26,5.31,--,20,10620,卖盘
1673,11:17:20,5.31,-0.01,10,5310,卖盘
1674,11:17:14,5.32,0.01,10,5320,买盘
1675,11:17:11,5.31,--,2,1062,卖盘
1676,11:17:02,5.31,--,60,31859,卖盘
1677,11:16:59,5.31,--,31,16461,卖盘
1678,11:16:56,5.31,--,4,2124,卖盘
1679,11:16:53,5.31,-0.01,1,531,卖盘
1680,11:16:44,5.32,0.01,62,32984,买盘
1681,11:16:41,5.31,--,5,2655,卖盘
1682,11:16:38,5.31,--,50,26549,卖盘
1683,11:16:35,5.31,--,6,3185,卖盘
1684,11:16:20,5.31,-0.01,6,3185,卖盘
1685,11:16:17,5.32,0.01,5,2660,买盘
1686,11:16:11,5.31,--,157,83367,卖盘
1687,11:16:02,5.31,--,6,3185,卖盘
1688,11:15:59,5.31,--,2,1062,卖盘
1689,11:15:47,5.31,--,21,11151,卖盘
1690,11:15:41,5.31,--,1,531,卖盘
1691,11:15:38,5.31,--,1,531,卖盘
1692,11:15:35,5.31,--,230,122129,卖盘
1693,11:15:26,5.31,--,12,6371,卖盘
1694,11:15:08,5.31,-0.01,2,1062,卖盘
1695,11:15:05,5.32,0.01,44,23408,买盘
1696,11:14:56,5.31,--,24,12743,卖盘
1697,11:14:53,5.31,-0.01,62,32922,卖盘
1698,11:14:50,5.32,--,1,532,买盘
1699,11:14:41,5.32,0.01,27,14364,买盘
1700,11:14:38,5.31,-0.01,11,5841,卖盘
1701,11:14:23,5.32,0.01,1,532,买盘
1702,11:14:20,5.31,--,10,5310,卖盘
1703,11:14:14,5.31,--,29,15398,卖盘
1704,11:14:05,5.31,--,5,2655,卖盘
1705,11:14:02,5.31,--,50,26549,卖盘
1706,11:13:53,5.31,--,2,1062,卖盘
1707,11:13:50,5.31,--,20,10620,卖盘
1708,11:13:44,5.31,--,80,42480,卖盘
1709,11:13:41,5.31,--,70,37170,卖盘
1710,11:13:35,5.31,--,220,116819,买盘
1711,11:13:23,5.31,--,6,3185,买盘
1712,11:13:20,5.31,--,6,3185,买盘
1713,11:13:14,5.31,--,2,1062,买盘
1714,11:13:11,5.31,0.01,16,8496,买盘
1715,11:13:02,5.3,--,5,2650,卖盘
1716,11:12:59,5.3,--,5,2650,卖盘
1717,11:12:56,5.3,-0.01,5,2650,卖盘
1718,11:12:53,5.31,0.01,1,531,中性盘
1719,11:12:38,5.3,-0.01,104,55120,卖盘
1720,11:12:35,5.31,--,136,72216,买盘
1721,11:12:32,5.31,--,50,26549,买盘
1722,11:12:26,5.31,--,39,20709,买盘
1723,11:12:20,5.31,--,5,2655,买盘
1724,11:12:11,5.31,--,20,10620,买盘
1725,11:12:05,5.31,--,70,37170,买盘
1726,11:12:02,5.31,-0.01,157,83367,卖盘
1727,11:11:59,5.32,0.01,10,5320,买盘
1728,11:11:50,5.31,-0.01,20,10620,卖盘
1729,11:11:47,5.32,0.01,6,3192,买盘
1730,11:11:44,5.31,--,17,9027,买盘
1731,11:11:38,5.31,--,46,24426,卖盘
1732,11:11:26,5.31,--,55,29204,买盘
1733,11:11:23,5.31,--,13,6902,买盘
1734,11:11:14,5.31,--,49,26018,卖盘
1735,11:11:11,5.31,--,79,41949,卖盘
1736,11:11:05,5.31,--,32,16992,卖盘
1737,11:11:02,5.31,--,17,9027,卖盘
1738,11:10:59,5.31,--,30,15929,卖盘
1739,11:10:56,5.31,--,70,37170,卖盘
1740,11:10:50,5.31,--,3,1592,卖盘
1741,11:10:44,5.31,--,5,2655,卖盘
1742,11:10:41,5.31,0.01,154,81774,买盘
1743,11:10:38,5.3,-0.01,2,1060,卖盘
1744,11:10:35,5.31,--,7,3716,买盘
1745,11:10:29,5.31,--,27,14336,卖盘
1746,11:10:26,5.31,--,21,11151,卖盘
1747,11:10:14,5.31,0.01,17,9027,买盘
1748,11:10:02,5.3,-0.01,48,25440,卖盘
1749,11:09:59,5.31,--,5,2655,买盘
1750,11:09:56,5.31,0.01,30,15929,买盘
1751,11:09:50,5.3,-0.01,11,5830,卖盘
1752,11:09:41,5.31,--,5,2655,买盘
1753,11:09:38,5.31,--,10,5310,卖盘
1754,11:09:35,5.31,--,25,13274,卖盘
1755,11:09:32,5.31,--,103,54692,卖盘
1756,11:09:26,5.31,--,20,10620,卖盘
1757,11:09:23,5.31,--,14,7433,卖盘
1758,11:09:20,5.31,--,61,32390,卖盘
1759,11:09:17,5.31,--,134,71154,卖盘
1760,11:09:14,5.31,--,20,10620,卖盘
1761,11:09:08,5.31,--,172,91332,卖盘
1762,11:09:05,5.31,--,4,2124,卖盘
1763,11:09:02,5.31,--,50,26549,卖盘
1764,11:08:56,5.31,--,39,20709,卖盘
1765,11:08:53,5.31,--,34,18054,卖盘
1766,11:08:47,5.31,--,3,1592,卖盘
1767,11:08:44,5.31,--,50,26549,卖盘
1768,11:08:38,5.31,--,35,18585,卖盘
1769,11:08:29,5.31,--,40,21240,卖盘
1770,11:08:26,5.31,--,8,4248,卖盘
1771,11:08:23,5.31,--,23,12213,卖盘
1772,11:08:17,5.31,--,138,73278,卖盘
1773,11:08:11,5.31,--,2,1062,卖盘
1774,11:08:08,5.31,--,1,531,卖盘
1775,11:08:05,5.31,--,201,106730,卖盘
1776,11:08:02,5.31,--,4,2124,卖盘
1777,11:07:59,5.31,--,40,21240,卖盘
1778,11:07:56,5.31,--,5,2655,卖盘
1779,11:07:44,5.31,--,41,21771,卖盘
1780,11:07:38,5.31,--,21,11151,卖盘
1781,11:07:35,5.31,--,50,26549,卖盘
1782,11:07:29,5.31,-0.01,37,19647,卖盘
1783,11:07:23,5.32,--,10,5320,买盘
1784,11:07:20,5.32,0.01,1,532,买盘
1785,11:07:17,5.31,-0.01,122,64781,卖盘
1786,11:07:14,5.32,0.01,20,10640,买盘
1787,11:07:11,5.31,--,1091,579321,卖盘
1788,11:07:05,5.31,--,1210,642510,卖盘
1789,11:06:59,5.31,--,10,5310,卖盘
1790,11:06:44,5.31,-0.01,14,7433,卖盘
1791,11:06:35,5.32,0.01,100,53200,买盘
1792,11:06:32,5.31,--,20,10620,卖盘
1793,11:06:26,5.31,-0.01,18,9558,卖盘
1794,11:06:23,5.32,--,80,42560,买盘
1795,11:06:17,5.32,0.01,7,3724,买盘
1796,11:06:14,5.31,-0.01,4,2124,卖盘
1797,11:05:50,5.32,0.01,20,10640,买盘
1798,11:05:41,5.31,-0.01,10,5310,卖盘
1799,11:05:29,5.32,0.01,1,532,买盘
1800,11:05:14,5.31,-0.01,1,531,卖盘
1801,11:05:11,5.32,0.01,85,45220,买盘
1802,11:05:08,5.31,-0.01,28,14867,卖盘
1803,11:05:05,5.32,0.01,1000,532000,买盘
1804,11:04:56,5.31,--,2,1062,卖盘
1805,11:04:53,5.31,-0.01,15,7964,卖盘
1806,11:04:47,5.32,0.01,18,9576,买盘
1807,11:04:44,5.31,-0.01,1,531,卖盘
1808,11:04:38,5.32,0.01,11,5852,买盘
1809,11:04:32,5.31,-0.01,200,106199,卖盘
1810,11:04:26,5.32,0.01,10,5320,买盘
1811,11:04:20,5.31,--,1,531,卖盘
1812,11:04:17,5.31,--,9,4779,卖盘
1813,11:04:14,5.31,-0.01,1,531,卖盘
1814,11:03:56,5.32,0.01,1,532,买盘
1815,11:03:47,5.31,--,20,10620,卖盘
1816,11:03:44,5.31,-0.01,8,4248,卖盘
1817,11:03:38,5.32,--,27,14364,买盘
1818,11:03:32,5.32,0.01,35,18620,买盘
1819,11:03:26,5.31,-0.01,39,20709,卖盘
1820,11:03:23,5.32,0.01,10,5320,买盘
1821,11:03:17,5.31,--,1000,531000,卖盘
1822,11:03:08,5.31,--,21,11151,卖盘
1823,11:03:05,5.31,--,324,172044,卖盘
1824,11:02:56,5.31,-0.01,10,5310,卖盘
1825,11:02:50,5.32,0.01,1,532,买盘
1826,11:02:47,5.31,-0.01,14,7433,卖盘
1827,11:02:38,5.32,--,25,13300,买盘
1828,11:02:32,5.32,0.01,207,110124,买盘
1829,11:02:29,5.31,-0.01,200,106199,卖盘
1830,11:02:26,5.32,0.01,145,77140,买盘
1831,11:02:23,5.31,-0.01,1,531,卖盘
1832,11:02:20,5.32,0.01,10,5320,买盘
1833,11:02:17,5.31,-0.01,12,6371,卖盘
1834,11:02:11,5.32,0.01,126,67032,买盘
1835,11:01:56,5.31,-0.01,11,5841,卖盘
1836,11:01:53,5.32,0.01,100,53200,买盘
1837,11:01:47,5.31,--,60,31859,卖盘
1838,11:01:44,5.31,-0.01,38,20178,卖盘
1839,11:01:38,5.32,0.01,221,117572,买盘
1840,11:01:29,5.31,-0.01,6,3185,卖盘
1841,11:01:25,5.32,0.01,15,7980,买盘
1842,11:01:22,5.31,--,70,37170,卖盘
1843,11:01:13,5.31,--,25,13274,卖盘
1844,11:01:10,5.31,-0.01,39,20709,卖盘
1845,11:01:04,5.32,0.01,20,10640,买盘
1846,11:00:58,5.31,-0.01,200,106199,卖盘
1847,11:00:52,5.32,--,100,53200,买盘
1848,11:00:46,5.32,0.01,29,15428,买盘
1849,11:00:43,5.31,-0.01,13,6902,卖盘
1850,11:00:37,5.32,0.01,8,4256,买盘
1851,11:00:31,5.31,--,10,5310,卖盘
1852,11:00:28,5.31,--,9,4779,卖盘
1853,11:00:13,5.31,-0.01,2,1062,卖盘
1854,11:00:10,5.32,--,8,4256,买盘
1855,11:00:07,5.32,--,36,19152,买盘
1856,11:00:04,5.32,-0.01,353,187796,卖盘
1857,11:00:01,5.33,0.01,1,533,买盘
1858,10:59:58,5.32,--,237,126084,卖盘
1859,10:59:55,5.32,--,276,146832,卖盘
1860,10:59:52,5.32,--,10,5320,卖盘
1861,10:59:49,5.32,--,40,21280,卖盘
1862,10:59:43,5.32,--,5,2660,卖盘
1863,10:59:37,5.32,--,106,56392,卖盘
1864,10:59:31,5.32,--,8,4256,卖盘
1865,10:59:28,5.32,--,7,3724,卖盘
1866,10:59:25,5.32,--,103,54796,卖盘
1867,10:59:22,5.32,--,133,70756,卖盘
1868,10:59:19,5.32,--,20,10640,卖盘
1869,10:59:16,5.32,--,1,532,卖盘
1870,10:59:13,5.32,-0.01,3,1596,卖盘
1871,10:59:07,5.33,0.01,200,106600,买盘
1872,10:59:04,5.32,-0.01,261,138852,卖盘
1873,10:59:01,5.33,0.01,22,11726,买盘
1874,10:58:55,5.32,-0.01,33,17556,卖盘
1875,10:58:46,5.33,--,1,533,买盘
1876,10:58:43,5.33,0.01,1,533,买盘
1877,10:58:34,5.32,-0.01,36,19152,卖盘
1878,10:58:28,5.33,--,50,26650,买盘
1879,10:58:19,5.33,--,17,9061,买盘
1880,10:58:16,5.33,--,87,46371,买盘
1881,10:58:10,5.33,0.01,5,2665,买盘
1882,10:57:58,5.32,-0.01,14,7448,卖盘
1883,10:57:55,5.33,--,80,42640,买盘
1884,10:57:46,5.33,0.01,6,3198,买盘
1885,10:57:25,5.32,--,1,532,卖盘
1886,10:57:22,5.32,--,211,112252,卖盘
1887,10:57:16,5.32,--,107,56924,卖盘
1888,10:57:13,5.32,--,6,3192,卖盘
1889,10:57:10,5.32,-0.01,4,2128,卖盘
1890,10:57:07,5.33,--,5,2665,买盘
1891,10:57:04,5.33,0.01,8,4264,买盘
1892,10:57:01,5.32,-0.01,55,29260,卖盘
1893,10:56:55,5.33,0.01,20,10660,买盘
1894,10:56:52,5.32,-0.01,1,532,卖盘
1895,10:56:49,5.33,0.01,1,533,买盘
1896,10:56:43,5.32,--,10,5320,卖盘
1897,10:56:34,5.32,-0.01,75,39900,卖盘
1898,10:56:31,5.33,--,2,1066,买盘
1899,10:56:28,5.33,--,5,2665,买盘
1900,10:56:22,5.33,0.01,10,5330,买盘
1901,10:56:16,5.32,-0.01,69,36708,卖盘
1902,10:56:07,5.33,0.01,170,90610,买盘
1903,10:56:04,5.32,--,20,10640,卖盘
1904,10:55:58,5.32,--,2,1064,卖盘
1905,10:55:40,5.32,--,30,15960,卖盘
1906,10:55:31,5.32,--,1,532,卖盘
1907,10:55:25,5.32,--,230,122360,卖盘
1908,10:55:16,5.32,--,479,254828,买盘
1909,10:55:13,5.32,--,1,532,买盘
1910,10:54:58,5.32,--,1,532,买盘
1911,10:54:55,5.32,--,32,17024,买盘
1912,10:54:52,5.32,--,36,19152,买盘
1913,10:54:49,5.32,0.01,14,7448,买盘
1914,10:54:46,5.31,--,1,531,卖盘
1915,10:54:43,5.31,--,47,24956,卖盘
1916,10:54:40,5.31,-0.01,2,1062,卖盘
1917,10:54:37,5.32,--,18,9576,买盘
1918,10:54:28,5.32,--,199,105868,买盘
1919,10:54:25,5.32,0.01,1,532,买盘
1920,10:54:19,5.31,--,120,63719,卖盘
1921,10:54:16,5.31,--,8,4248,卖盘
1922,10:54:13,5.31,-0.01,40,21240,卖盘
1923,10:54:07,5.32,--,24,12768,买盘
1924,10:54:04,5.32,--,382,203224,买盘
1925,10:54:01,5.32,--,10,5320,买盘
1926,10:53:55,5.32,--,20,10640,买盘
1927,10:53:52,5.32,0.01,126,67032,买盘
1928,10:53:49,5.31,-0.01,200,106199,卖盘
1929,10:53:46,5.32,0.01,6,3192,买盘
1930,10:53:40,5.31,--,196,104075,卖盘
1931,10:53:37,5.31,-0.01,10,5310,卖盘
1932,10:53:34,5.32,--,10,5320,买盘
1933,10:53:28,5.32,--,1,532,买盘
1934,10:53:25,5.32,0.01,50,26600,买盘
1935,10:53:22,5.31,--,260,138060,卖盘
1936,10:53:16,5.31,-0.01,1019,541089,卖盘
1937,10:53:13,5.32,0.01,87,46284,买盘
1938,10:53:10,5.31,-0.01,1,531,卖盘
1939,10:53:07,5.32,--,12,6384,买盘
1940,10:53:04,5.32,--,37,19684,买盘
1941,10:53:01,5.32,--,207,110124,买盘
1942,10:52:58,5.32,0.01,54,28728,买盘
1943,10:52:55,5.31,-0.01,5,2655,卖盘
1944,10:52:49,5.32,--,20,10640,买盘
1945,10:52:46,5.32,--,11,5852,买盘
1946,10:52:43,5.32,--,518,275576,卖盘
1947,10:52:40,5.32,--,1000,532000,卖盘
1948,10:52:37,5.32,-0.01,27,14364,卖盘
1949,10:52:34,5.33,0.01,2,1066,买盘
1950,10:52:28,5.32,--,23,12236,卖盘
1951,10:52:19,5.32,-0.01,8,4256,卖盘
1952,10:52:16,5.33,0.01,3,1599,买盘
1953,10:52:10,5.32,-0.01,308,163856,卖盘
1954,10:52:07,5.33,--,141,75153,买盘
1955,10:52:04,5.33,--,13,6929,买盘
1956,10:52:01,5.33,--,52,27716,买盘
1957,10:51:58,5.33,0.01,169,90077,买盘
1958,10:51:55,5.32,-0.01,2,1064,卖盘
1959,10:51:46,5.33,--,5,2665,买盘
1960,10:51:40,5.33,--,98,52234,买盘
1961,10:51:37,5.33,0.01,3,1599,买盘
1962,10:51:34,5.32,-0.01,52,27664,卖盘
1963,10:51:31,5.33,--,5,2665,买盘
1964,10:51:25,5.33,--,13,6929,买盘
1965,10:51:22,5.33,0.01,50,26650,买盘
1966,10:51:19,5.32,-0.01,92,48944,卖盘
1967,10:51:13,5.33,--,2,1066,买盘
1968,10:51:10,5.33,--,10,5330,买盘
1969,10:51:01,5.33,--,51,27183,买盘
1970,10:50:52,5.33,--,2,1066,买盘
1971,10:50:49,5.33,0.01,19,10127,买盘
1972,10:50:46,5.32,--,20,10640,卖盘
1973,10:50:31,5.32,--,15,7980,卖盘
1974,10:50:28,5.32,-0.01,102,54264,卖盘
1975,10:50:25,5.33,--,1,533,买盘
1976,10:50:22,5.33,0.01,2,1066,买盘
1977,10:50:19,5.32,-0.01,10,5320,卖盘
1978,10:50:16,5.33,0.01,105,55965,买盘
1979,10:50:10,5.32,-0.01,10,5320,卖盘
1980,10:50:07,5.33,0.01,52,27716,买盘
1981,10:50:04,5.32,-0.01,166,88312,卖盘
1982,10:50:01,5.33,0.01,72,38376,买盘
1983,10:49:58,5.32,--,57,30324,卖盘
1984,10:49:55,5.32,--,13,6916,卖盘
1985,10:49:52,5.32,--,104,55328,卖盘
1986,10:49:46,5.32,-0.01,3,1596,卖盘
1987,10:49:40,5.33,0.01,50,26650,买盘
1988,10:49:37,5.32,--,2,1064,卖盘
1989,10:49:34,5.32,--,35,18620,卖盘
1990,10:49:31,5.32,--,113,60116,卖盘
1991,10:49:22,5.32,--,33,17556,卖盘
1992,10:49:19,5.32,--,10,5320,卖盘
1993,10:49:16,5.32,-0.01,2,1064,卖盘
1994,10:49:13,5.33,0.01,53,28249,买盘
1995,10:49:01,5.32,-0.01,72,38304,卖盘
1996,10:48:55,5.33,--,207,110331,买盘
1997,10:48:52,5.33,0.01,4,2132,买盘
1998,10:48:49,5.32,-0.01,10,5320,卖盘
1999,10:48:46,5.33,0.01,115,61295,买盘
2000,10:48:43,5.32,--,25,13300,卖盘
2001,10:48:40,5.32,--,4,2128,卖盘
2002,10:48:28,5.32,-0.01,40,21280,卖盘
2003,10:48:19,5.33,--,163,86879,买盘
2004,10:48:16,5.33,--,9,4797,买盘
2005,10:48:10,5.33,--,15,7995,买盘
2006,10:48:07,5.33,-0.01,65,34975,卖盘
2007,10:48:04,5.34,0.01,108,57672,买盘
2008,10:48:01,5.33,--,60,31980,卖盘
2009,10:47:58,5.33,--,101,53833,卖盘
2010,10:47:55,5.33,--,176,93808,卖盘
2011,10:47:52,5.33,--,102,54366,卖盘
2012,10:47:49,5.33,--,244,130052,卖盘
2013,10:47:46,5.33,--,5,2665,卖盘
2014,10:47:43,5.33,--,82,43706,卖盘
2015,10:47:40,5.33,--,159,84747,卖盘
2016,10:47:37,5.33,--,50,26650,卖盘
2017,10:47:34,5.33,--,112,59696,卖盘
2018,10:47:31,5.33,--,50,26650,卖盘
2019,10:47:28,5.33,--,6,3198,卖盘
2020,10:47:25,5.33,--,15,7995,卖盘
2021,10:47:19,5.33,--,145,77285,卖盘
2022,10:47:16,5.33,--,4,2132,卖盘
2023,10:47:13,5.33,-0.01,163,86879,卖盘
2024,10:47:07,5.34,0.01,21,11214,买盘
2025,10:47:01,5.33,-0.01,20,10660,卖盘
2026,10:46:58,5.34,--,77,41118,买盘
2027,10:46:55,5.34,0.01,79,42186,买盘
2028,10:46:52,5.33,--,224,119392,卖盘
2029,10:46:49,5.33,--,228,121726,卖盘
2030,10:46:46,5.33,--,70,37310,卖盘
2031,10:46:43,5.33,--,71,37843,卖盘
2032,10:46:40,5.33,-0.01,201,107133,卖盘
2033,10:46:37,5.34,--,51,27234,买盘
2034,10:46:31,5.34,0.01,192,102528,买盘
2035,10:46:28,5.33,-0.01,10,5330,卖盘
2036,10:46:25,5.34,0.01,32,17088,买盘
2037,10:46:19,5.33,--,25,13325,卖盘
2038,10:46:16,5.33,--,3,1599,卖盘
2039,10:46:13,5.33,-0.01,33,17589,卖盘
2040,10:46:10,5.34,0.01,84,44856,买盘
2041,10:46:07,5.33,--,4,2132,卖盘
2042,10:46:04,5.33,-0.01,4,2132,卖盘
2043,10:46:01,5.34,0.01,4,2136,买盘
2044,10:45:58,5.33,--,7,3731,卖盘
2045,10:45:52,5.33,--,34,18122,卖盘
2046,10:45:49,5.33,--,14,7462,卖盘
2047,10:45:46,5.33,--,20,10660,卖盘
2048,10:45:43,5.33,-0.01,73,38909,卖盘
2049,10:45:40,5.34,--,630,336420,买盘
2050,10:45:37,5.34,0.01,34,18156,买盘
2051,10:45:34,5.33,--,4,2132,卖盘
2052,10:45:31,5.33,-0.01,59,31447,卖盘
2053,10:45:28,5.34,0.01,60,32040,买盘
2054,10:45:25,5.33,--,3,1599,卖盘
2055,10:45:22,5.33,--,243,129519,卖盘
2056,10:45:19,5.33,--,203,108199,卖盘
2057,10:45:16,5.33,--,37,19721,卖盘
2058,10:45:13,5.33,-0.01,15,7995,卖盘
2059,10:45:10,5.34,0.01,666,355644,买盘
2060,10:45:07,5.33,--,35,18655,买盘
2061,10:45:04,5.33,0.01,238,126854,买盘
2062,10:45:01,5.32,-0.01,33,17556,卖盘
2063,10:44:58,5.33,0.01,48,25584,买盘
2064,10:44:55,5.32,-0.01,115,61180,卖盘
2065,10:44:52,5.33,--,52,27716,买盘
2066,10:44:49,5.33,--,110,58630,买盘
2067,10:44:46,5.33,--,45,23985,买盘
2068,10:44:40,5.33,--,597,318201,买盘
2069,10:44:37,5.33,--,11,5863,买盘
2070,10:44:34,5.33,0.01,39,20787,买盘
2071,10:44:31,5.32,-0.01,9,4788,卖盘
2072,10:44:28,5.33,--,5,2665,买盘
2073,10:44:25,5.33,--,14,7462,买盘
2074,10:44:22,5.33,0.01,15,7995,买盘
2075,10:44:19,5.32,--,10,5320,卖盘
2076,10:44:16,5.32,-0.01,26,13832,买盘
2077,10:44:13,5.33,--,60,31980,买盘
2078,10:44:10,5.33,--,166,88478,买盘
2079,10:44:07,5.33,--,138,73554,买盘
2080,10:44:04,5.33,--,181,96473,买盘
2081,10:44:01,5.33,0.01,4,2132,买盘
2082,10:43:58,5.32,0.01,2,1064,中性盘
2083,10:43:52,5.31,-0.02,300,159300,卖盘
2084,10:43:49,5.33,0.01,2808,1496664,买盘
2085,10:43:43,5.32,--,2013,1070916,买盘
2086,10:43:40,5.32,0.01,1000,532000,买盘
2087,10:43:34,5.31,--,107,56816,卖盘
2088,10:43:31,5.31,--,5,2655,卖盘
2089,10:43:28,5.31,0.01,29,15398,买盘
2090,10:43:19,5.3,-0.01,2003,1061590,卖盘
2091,10:43:16,5.31,--,205,108854,买盘
2092,10:43:13,5.31,0.01,289,153459,买盘
2093,10:43:10,5.3,-0.01,2,1060,卖盘
2094,10:43:07,5.31,0.01,127,67437,买盘
2095,10:43:01,5.3,--,5,2650,卖盘
2096,10:42:55,5.3,--,2,1060,卖盘
2097,10:42:49,5.3,--,3,1590,卖盘
2098,10:42:43,5.3,--,43,22790,卖盘
2099,10:42:40,5.3,--,6,3180,卖盘
2100,10:42:25,5.3,-0.01,14,7420,卖盘
2101,10:42:22,5.31,--,24,12743,买盘
2102,10:42:13,5.31,0.01,20,10620,买盘
2103,10:42:10,5.3,--,36,19080,卖盘
2104,10:42:01,5.3,-0.01,166,87980,卖盘
2105,10:41:58,5.31,0.01,13,6902,买盘
2106,10:41:55,5.3,--,1,530,卖盘
2107,10:41:52,5.3,--,10,5300,卖盘
2108,10:41:43,5.3,--,2482,1315460,买盘
2109,10:41:40,5.3,--,35,18550,买盘
2110,10:41:37,5.3,--,56,29680,买盘
2111,10:41:34,5.3,--,48,25440,买盘
2112,10:41:28,5.3,--,30,15900,买盘
2113,10:41:25,5.3,--,4,2120,买盘
2114,10:41:22,5.3,--,16,8480,买盘
2115,10:41:15,5.3,--,9,4770,买盘
2116,10:41:09,5.3,--,931,493430,卖盘
2117,10:41:06,5.3,--,21,11130,卖盘
2118,10:40:57,5.3,--,38,20140,卖盘
2119,10:40:54,5.3,--,342,181260,卖盘
2120,10:40:48,5.3,--,17,9010,卖盘
2121,10:40:42,5.3,--,22,11660,卖盘
2122,10:40:39,5.3,0.01,973,515690,买盘
2123,10:40:36,5.29,-0.01,54,28566,卖盘
2124,10:40:33,5.3,0.01,107,56710,买盘
2125,10:40:27,5.29,--,21,11109,卖盘
2126,10:40:24,5.29,-0.01,29,15341,卖盘
2127,10:40:12,5.3,--,2,1060,买盘
2128,10:40:03,5.3,0.01,2,1060,买盘
2129,10:40:00,5.29,--,605,320045,卖盘
2130,10:39:57,5.29,--,20,10580,卖盘
2131,10:39:54,5.29,-0.01,3,1587,卖盘
2132,10:39:51,5.3,0.01,18,9540,买盘
2133,10:39:48,5.29,-0.01,60,31740,卖盘
2134,10:39:42,5.3,--,2,1060,买盘
2135,10:39:36,5.3,0.01,7,3710,买盘
2136,10:39:30,5.29,-0.01,16,8464,卖盘
2137,10:39:27,5.3,--,2,1060,买盘
2138,10:39:24,5.3,0.01,2,1060,买盘
2139,10:39:12,5.29,-0.01,35,18515,卖盘
2140,10:39:09,5.3,--,3,1590,买盘
2141,10:39:06,5.3,0.01,419,222070,买盘
2142,10:39:03,5.29,-0.01,3,1587,卖盘
2143,10:39:00,5.3,0.01,1,530,买盘
2144,10:38:57,5.29,--,300,158700,卖盘
2145,10:38:51,5.29,-0.01,13,6877,卖盘
2146,10:38:48,5.3,0.01,5,2650,买盘
2147,10:38:42,5.29,-0.01,61,32269,卖盘
2148,10:38:39,5.3,0.01,131,69430,买盘
2149,10:38:36,5.29,--,20,10580,卖盘
2150,10:38:33,5.29,--,2,1058,卖盘
2151,10:38:27,5.29,-0.01,107,56603,卖盘
2152,10:38:24,5.3,0.01,20,10600,买盘
2153,10:38:15,5.29,-0.01,2,1058,卖盘
2154,10:38:12,5.3,--,16,8480,买盘
2155,10:38:06,5.3,--,5,2650,买盘
2156,10:38:03,5.3,--,140,74200,卖盘
2157,10:38:00,5.3,-0.01,5,2650,卖盘
2158,10:37:57,5.31,0.01,8,4248,买盘
2159,10:37:45,5.3,--,10,5300,卖盘
2160,10:37:42,5.3,--,375,198750,卖盘
2161,10:37:36,5.3,--,56,29680,卖盘
2162,10:37:33,5.3,--,44,23320,卖盘
2163,10:37:30,5.3,--,3,1590,卖盘
2164,10:37:27,5.3,--,100,53000,卖盘
2165,10:37:24,5.3,-0.01,50,26500,卖盘
2166,10:37:21,5.31,0.01,3,1592,买盘
2167,10:37:18,5.3,-0.01,29,15370,卖盘
2168,10:37:12,5.31,0.01,9,4779,买盘
2169,10:37:09,5.3,-0.01,12,6360,卖盘
2170,10:37:03,5.31,0.01,43,22833,买盘
2171,10:37:00,5.3,-0.01,42,22260,卖盘
2172,10:36:57,5.31,0.01,1,531,买盘
2173,10:36:54,5.3,-0.01,42,22260,卖盘
2174,10:36:51,5.31,0.01,140,74340,买盘
2175,10:36:48,5.3,--,5,2650,卖盘
2176,10:36:36,5.3,-0.01,230,121900,卖盘
2177,10:36:30,5.31,--,65,34515,买盘
2178,10:36:24,5.31,0.01,6,3185,买盘
2179,10:36:12,5.3,-0.01,10,5300,卖盘
2180,10:36:09,5.31,0.01,20,10620,买盘
2181,10:36:06,5.3,-0.01,457,242210,卖盘
2182,10:36:00,5.31,--,291,154521,买盘
2183,10:35:54,5.31,0.01,10,5310,买盘
2184,10:35:48,5.3,--,1,530,卖盘
2185,10:35:45,5.3,--,129,68370,卖盘
2186,10:35:42,5.3,--,34,18020,卖盘
2187,10:35:33,5.3,--,119,63070,卖盘
2188,10:35:24,5.3,--,77,40810,卖盘
2189,10:35:21,5.3,--,92,48760,卖盘
2190,10:35:15,5.3,--,5,2650,卖盘
2191,10:35:12,5.3,-0.01,7,3710,卖盘
2192,10:35:09,5.31,0.01,14,7433,买盘
2193,10:35:03,5.3,-0.01,50,26500,卖盘
2194,10:35:00,5.31,0.01,15,7964,买盘
2195,10:34:54,5.3,--,10,5300,卖盘
2196,10:34:48,5.3,--,18,9540,卖盘
2197,10:34:42,5.3,-0.01,491,260230,卖盘
2198,10:34:39,5.31,0.01,1,531,买盘
2199,10:34:33,5.3,--,5,2650,卖盘
2200,10:34:30,5.3,--,89,47170,卖盘
2201,10:34:27,5.3,--,3,1590,卖盘
2202,10:34:24,5.3,--,20,10600,卖盘
2203,10:34:18,5.3,--,3,1590,卖盘
2204,10:34:12,5.3,-0.01,11,5830,卖盘
2205,10:34:06,5.31,0.01,95,50444,买盘
2206,10:34:03,5.3,--,165,87450,卖盘
2207,10:34:00,5.3,-0.01,13,6890,卖盘
2208,10:33:54,5.31,0.01,10,5310,买盘
2209,10:33:51,5.3,--,41,21730,卖盘
2210,10:33:48,5.3,--,23,12190,卖盘
2211,10:33:45,5.3,--,9,4770,卖盘
2212,10:33:42,5.3,-0.01,6,3180,卖盘
2213,10:33:39,5.31,0.01,10,5310,买盘
2214,10:33:36,5.3,--,120,63600,卖盘
2215,10:33:33,5.3,--,2,1060,卖盘
2216,10:33:30,5.3,--,70,37100,卖盘
2217,10:33:27,5.3,--,60,31800,卖盘
2218,10:33:21,5.3,--,11,5830,卖盘
2219,10:33:18,5.3,--,172,91160,卖盘
2220,10:33:09,5.3,--,6,3180,卖盘
2221,10:33:06,5.3,--,37,19610,卖盘
2222,10:33:00,5.3,--,1,530,卖盘
2223,10:32:54,5.3,--,39,20670,卖盘
2224,10:32:51,5.3,--,5,2650,卖盘
2225,10:32:48,5.3,--,10,5300,卖盘
2226,10:32:42,5.3,--,2,1060,卖盘
2227,10:32:36,5.3,--,200,106000,买盘
2228,10:32:33,5.3,--,70,37100,买盘
2229,10:32:30,5.3,--,10,5300,买盘
2230,10:32:27,5.3,--,350,185500,买盘
2231,10:32:24,5.3,--,20,10600,买盘
2232,10:32:18,5.3,--,41,21730,买盘
2233,10:32:12,5.3,--,275,145750,卖盘
2234,10:32:09,5.3,--,14,7420,卖盘
2235,10:32:06,5.3,--,40,21200,卖盘
2236,10:32:00,5.3,--,1,530,卖盘
2237,10:31:54,5.3,--,30,15900,卖盘
2238,10:31:45,5.3,0.01,198,104940,买盘
2239,10:31:42,5.29,-0.01,9,4761,卖盘
2240,10:31:39,5.3,--,172,91160,卖盘
2241,10:31:36,5.3,--,918,486540,买盘
2242,10:31:33,5.3,--,90,47700,买盘
2243,10:31:30,5.3,0.01,15,7950,买盘
2244,10:31:27,5.29,--,3,1587,卖盘
2245,10:31:24,5.29,-0.01,2,1058,卖盘
2246,10:31:18,5.3,0.01,25,13250,买盘
2247,10:31:15,5.29,-0.01,1,529,卖盘
2248,10:31:09,5.3,--,8,4240,买盘
2249,10:31:03,5.3,0.01,31,16430,买盘
2250,10:30:57,5.29,-0.01,492,260268,卖盘
2251,10:30:51,5.3,--,7,3710,买盘
2252,10:30:45,5.3,0.01,100,53000,买盘
2253,10:30:39,5.29,--,5,2645,卖盘
2254,10:30:33,5.29,--,4,2116,卖盘
2255,10:30:27,5.29,-0.01,113,59777,卖盘
2256,10:30:21,5.3,--,12,6360,买盘
2257,10:30:18,5.3,--,1,530,买盘
2258,10:30:12,5.3,0.01,8,4240,买盘
2259,10:30:09,5.29,-0.01,50,26450,卖盘
2260,10:30:06,5.3,0.01,9,4770,买盘
2261,10:30:03,5.29,-0.01,4,2116,卖盘
2262,10:29:57,5.3,0.01,149,78970,买盘
2263,10:29:48,5.29,-0.01,80,42320,卖盘
2264,10:29:39,5.3,0.01,110,58300,买盘
2265,10:29:36,5.29,-0.01,18,9522,卖盘
2266,10:29:27,5.3,0.01,58,30740,买盘
2267,10:29:24,5.29,-0.01,4,2116,卖盘
2268,10:29:21,5.3,--,21,11130,买盘
2269,10:29:18,5.3,--,16,8480,买盘
2270,10:29:15,5.3,--,1,530,买盘
2271,10:29:09,5.3,--,155,82150,买盘
2272,10:29:06,5.3,--,29,15370,买盘
2273,10:29:00,5.3,0.01,27,14310,买盘
2274,10:28:57,5.29,-0.01,14,7406,卖盘
2275,10:28:45,5.3,0.01,2,1060,买盘
2276,10:28:39,5.29,-0.01,1,529,卖盘
2277,10:28:15,5.3,0.01,24,12720,买盘
2278,10:28:06,5.29,--,5,2645,卖盘
2279,10:28:03,5.29,--,20,10580,卖盘
2280,10:27:57,5.29,--,24,12696,卖盘
2281,10:27:45,5.29,--,13,7120,买盘
2282,10:27:42,5.29,--,129,68241,买盘
2283,10:27:39,5.29,0.01,10,5290,买盘
2284,10:27:36,5.28,--,113,59664,卖盘
2285,10:27:33,5.28,-0.01,11,5808,卖盘
2286,10:27:30,5.29,0.01,84,44436,买盘
2287,10:27:27,5.28,-0.01,8,4224,卖盘
2288,10:27:21,5.29,--,10,5290,买盘
2289,10:27:18,5.29,--,5,2645,买盘
2290,10:27:15,5.29,--,32,16928,买盘
2291,10:27:12,5.29,--,38,20102,买盘
2292,10:27:09,5.29,--,70,37030,买盘
2293,10:27:06,5.29,--,57,30153,买盘
2294,10:27:03,5.29,0.01,12,6348,买盘
2295,10:26:54,5.28,-0.01,11,5808,卖盘
2296,10:26:45,5.29,--,13,6877,买盘
2297,10:26:39,5.29,0.01,20,10580,买盘
2298,10:26:36,5.28,-0.01,5,2640,卖盘
2299,10:26:30,5.29,0.01,573,303117,买盘
2300,10:26:27,5.28,--,63,33264,卖盘
2301,10:26:24,5.28,-0.01,20,10560,卖盘
2302,10:26:21,5.29,0.01,100,52900,买盘
2303,10:26:18,5.28,--,2,1056,卖盘
2304,10:26:09,5.28,-0.01,205,108240,卖盘
2305,10:26:03,5.29,--,27,14283,买盘
2306,10:26:00,5.29,--,41,21689,买盘
2307,10:25:57,5.29,--,11,5819,买盘
2308,10:25:48,5.29,0.01,20,10580,买盘
2309,10:25:45,5.28,-0.01,46,24288,卖盘
2310,10:25:42,5.29,--,20,10580,买盘
2311,10:25:39,5.29,--,32,16928,买盘
2312,10:25:36,5.29,--,31,16399,买盘
2313,10:25:30,5.29,--,3,1587,买盘
2314,10:25:24,5.29,--,1,529,买盘
2315,10:25:21,5.29,-0.01,2263,1197127,卖盘
2316,10:25:15,5.3,0.01,1021,541130,买盘
2317,10:25:12,5.29,-0.01,34,17986,卖盘
2318,10:25:09,5.3,0.01,209,110770,买盘
2319,10:25:03,5.29,--,105,55545,卖盘
2320,10:25:00,5.29,--,12,6348,卖盘
2321,10:24:57,5.29,--,21,11109,卖盘
2322,10:24:51,5.29,--,2,1058,卖盘
2323,10:24:48,5.29,--,5,2645,卖盘
2324,10:24:45,5.29,--,4,2116,卖盘
2325,10:24:42,5.29,--,51,26979,卖盘
2326,10:24:36,5.29,-0.01,10,5290,卖盘
2327,10:24:33,5.3,--,70,37100,买盘
2328,10:24:27,5.3,0.01,2,1060,买盘
2329,10:24:21,5.29,--,78,41262,卖盘
2330,10:24:12,5.29,--,33,17457,卖盘
2331,10:24:09,5.29,--,1016,537464,卖盘
2332,10:24:06,5.29,--,17,8993,卖盘
2333,10:24:00,5.29,--,62,32798,卖盘
2334,10:23:54,5.29,--,2,1058,卖盘
2335,10:23:48,5.29,-0.01,1,529,卖盘
2336,10:23:42,5.3,--,25,13250,买盘
2337,10:23:36,5.3,--,10,5300,买盘
2338,10:23:30,5.3,0.01,9,4770,买盘
2339,10:23:27,5.29,-0.01,20,10580,卖盘
2340,10:23:24,5.3,--,53,28090,买盘
2341,10:23:18,5.3,--,20,10600,买盘
2342,10:23:15,5.3,--,1,530,买盘
2343,10:23:12,5.3,--,16,8480,买盘
2344,10:23:09,5.3,--,14,7420,买盘
2345,10:23:00,5.3,--,1714,908420,卖盘
2346,10:22:57,5.3,--,39,20670,卖盘
2347,10:22:51,5.3,--,18,9540,卖盘
2348,10:22:42,5.3,-0.01,40,21200,卖盘
2349,10:22:39,5.31,--,21,11151,买盘
2350,10:22:33,5.31,0.01,2,1062,买盘
2351,10:22:30,5.3,--,7,3710,卖盘
2352,10:22:27,5.3,--,10,5300,卖盘
2353,10:22:08,5.3,--,50,26500,卖盘
2354,10:22:02,5.3,--,9,4770,卖盘
2355,10:21:56,5.3,--,64,33920,卖盘
2356,10:21:50,5.3,--,10,5300,卖盘
2357,10:21:47,5.3,--,201,106530,卖盘
2358,10:21:44,5.3,--,61,32330,卖盘
2359,10:21:41,5.3,-0.01,21,11130,卖盘
2360,10:21:35,5.31,0.01,24,12743,买盘
2361,10:21:32,5.3,-0.01,8,4240,卖盘
2362,10:21:29,5.31,--,77,40887,买盘
2363,10:21:23,5.31,--,5,2655,买盘
2364,10:21:20,5.31,0.01,20,10620,买盘
2365,10:21:17,5.3,-0.01,88,46640,卖盘
2366,10:21:14,5.31,0.01,330,175230,买盘
2367,10:21:11,5.3,--,25,13250,卖盘
2368,10:21:08,5.3,-0.01,2,1060,卖盘
2369,10:21:05,5.31,--,368,195408,买盘
2370,10:21:02,5.31,0.01,44,23364,买盘
2371,10:20:59,5.3,-0.01,56,29680,卖盘
2372,10:20:53,5.31,--,190,100889,买盘
2373,10:20:47,5.31,0.01,21,11151,买盘
2374,10:20:44,5.3,-0.01,40,21200,卖盘
2375,10:20:38,5.31,0.01,55,29204,买盘
2376,10:20:35,5.3,-0.01,44,23320,卖盘
2377,10:20:32,5.31,0.01,207,109916,买盘
2378,10:20:26,5.3,--,1,530,卖盘
2379,10:20:23,5.3,--,10,5300,卖盘
2380,10:20:11,5.3,--,21,11130,卖盘
2381,10:20:08,5.3,-0.01,30,15900,卖盘
2382,10:20:05,5.31,0.01,6,3185,买盘
2383,10:20:02,5.3,-0.01,338,179140,卖盘
2384,10:19:56,5.31,--,20,10620,买盘
2385,10:19:50,5.31,--,105,55754,买盘
2386,10:19:44,5.31,--,135,71685,买盘
2387,10:19:41,5.31,--,408,216647,买盘
2388,10:19:38,5.31,--,34,18054,买盘
2389,10:19:32,5.31,--,30,15929,买盘
2390,10:19:26,5.31,--,14,7433,买盘
2391,10:19:23,5.31,--,1,531,买盘
2392,10:19:14,5.31,--,20,10620,买盘
2393,10:19:11,5.31,--,208,110447,买盘
2394,10:19:08,5.31,-0.01,1396,741615,卖盘
2395,10:19:05,5.32,0.01,47,25004,买盘
2396,10:19:02,5.31,--,11,5841,卖盘
2397,10:18:59,5.31,--,158,83898,卖盘
2398,10:18:56,5.31,--,380,201779,卖盘
2399,10:18:53,5.31,-0.01,228,121067,卖盘
2400,10:18:44,5.32,--,90,47880,买盘
2401,10:18:41,5.32,0.01,38,20216,买盘
2402,10:18:38,5.31,-0.01,11,5841,卖盘
2403,10:18:35,5.32,--,5,2660,买盘
2404,10:18:32,5.32,--,2,1064,买盘
2405,10:18:29,5.32,0.01,32,17024,买盘
2406,10:18:26,5.31,-0.01,40,21240,卖盘
2407,10:18:23,5.32,--,20,10640,买盘
2408,10:18:20,5.32,0.01,118,62776,买盘
2409,10:18:17,5.31,-0.01,72,38232,卖盘
2410,10:18:14,5.32,0.01,56,29792,买盘
2411,10:18:11,5.31,-0.01,16,8496,卖盘
2412,10:18:05,5.32,0.01,4,2128,买盘
2413,10:18:02,5.31,-0.01,103,54692,卖盘
2414,10:17:59,5.32,--,20,10640,买盘
2415,10:17:56,5.32,0.01,90,47880,买盘
2416,10:17:53,5.31,-0.01,100,53099,卖盘
2417,10:17:50,5.32,--,10,5320,买盘
2418,10:17:47,5.32,--,78,41496,买盘
2419,10:17:44,5.32,0.01,180,95760,买盘
2420,10:17:41,5.31,--,531,281961,卖盘
2421,10:17:38,5.31,--,59,31328,卖盘
2422,10:17:35,5.31,--,15,7964,卖盘
2423,10:17:32,5.31,-0.01,8,4248,卖盘
2424,10:17:29,5.32,0.01,11,5852,买盘
2425,10:17:26,5.31,--,10,5310,卖盘
2426,10:17:23,5.31,--,14,7433,卖盘
2427,10:17:20,5.31,--,15,7964,卖盘
2428,10:17:17,5.31,--,10,5310,卖盘
2429,10:17:14,5.31,--,1802,957053,买盘
2430,10:17:11,5.31,0.01,5,2655,买盘
2431,10:17:08,5.3,--,62,32860,卖盘
2432,10:17:05,5.3,--,38,20140,卖盘
2433,10:17:02,5.3,--,15,7950,卖盘
2434,10:16:56,5.3,--,1,530,卖盘
2435,10:16:53,5.3,--,30,15900,卖盘
2436,10:16:50,5.3,--,23,12190,卖盘
2437,10:16:44,5.3,--,202,107060,买盘
2438,10:16:38,5.3,--,120,63600,买盘
2439,10:16:35,5.3,--,11,5830,买盘
2440,10:16:32,5.3,-0.01,20,10600,买盘
2441,10:16:29,5.31,0.01,33,17523,买盘
2442,10:16:23,5.3,--,56,30125,卖盘
2443,10:16:20,5.3,--,26,13780,卖盘
2444,10:16:17,5.3,--,49,25970,卖盘
2445,10:16:14,5.3,--,5,2650,卖盘
2446,10:16:08,5.3,0.01,3867,2049594,买盘
2447,10:16:05,5.29,--,28,14812,买盘
2448,10:16:02,5.29,--,133,70357,买盘
2449,10:15:59,5.29,--,28,14812,买盘
2450,10:15:53,5.29,--,4,2116,买盘
2451,10:15:47,5.29,--,17,8993,买盘
2452,10:15:38,5.29,--,3,1587,买盘
2453,10:15:35,5.29,--,623,329567,买盘
2454,10:15:32,5.29,0.01,40,21160,买盘
2455,10:15:29,5.28,--,10,5280,卖盘
2456,10:15:26,5.28,--,27,14256,卖盘
2457,10:15:23,5.28,-0.01,80,42240,卖盘
2458,10:15:20,5.29,--,130,68770,买盘
2459,10:15:17,5.29,0.01,178,94162,买盘
2460,10:15:11,5.28,-0.01,18,9504,卖盘
2461,10:15:08,5.29,0.01,1,529,买盘
2462,10:15:05,5.28,--,1,528,卖盘
2463,10:15:02,5.28,-0.01,299,157872,卖盘
2464,10:14:59,5.29,--,18,9522,买盘
2465,10:14:56,5.29,--,10,5290,买盘
2466,10:14:53,5.29,0.01,84,44436,买盘
2467,10:14:50,5.28,-0.01,290,153120,卖盘
2468,10:14:47,5.29,--,123,65067,买盘
2469,10:14:44,5.29,--,55,29095,买盘
2470,10:14:38,5.29,0.01,72,38088,买盘
2471,10:14:35,5.28,-0.01,10,5280,卖盘
2472,10:14:29,5.29,0.01,41,21689,买盘
2473,10:14:26,5.28,-0.01,199,105072,卖盘
2474,10:14:23,5.29,0.01,2,1058,买盘
2475,10:14:20,5.28,--,257,135696,卖盘
2476,10:14:05,5.28,--,14,7392,卖盘
2477,10:14:02,5.28,0.01,273,144144,买盘
2478,10:13:59,5.27,--,19,10013,卖盘
2479,10:13:56,5.27,-0.01,538,283526,卖盘
2480,10:13:53,5.28,--,76,40128,买盘
2481,10:13:50,5.28,--,216,114048,买盘
2482,10:13:44,5.28,--,66,34848,买盘
2483,10:13:38,5.28,--,462,243936,买盘
2484,10:13:29,5.28,--,23,12144,买盘
2485,10:13:26,5.28,--,130,68640,买盘
2486,10:13:23,5.28,0.01,102,53856,买盘
2487,10:13:20,5.27,--,525,276675,卖盘
2488,10:13:17,5.27,-0.01,86,45321,卖盘
2489,10:13:14,5.28,0.01,63,33264,买盘
2490,10:13:11,5.27,-0.01,8,4216,卖盘
2491,10:13:08,5.28,--,18,9504,买盘
2492,10:13:05,5.28,0.01,150,79200,买盘
2493,10:13:02,5.27,--,1,527,卖盘
2494,10:12:59,5.27,-0.01,587,309349,卖盘
2495,10:12:56,5.28,0.01,3,1584,买盘
2496,10:12:50,5.27,-0.01,2,1054,卖盘
2497,10:12:44,5.28,--,843,445104,买盘
2498,10:12:32,5.28,--,3,1584,买盘
2499,10:12:29,5.28,0.01,129,68112,买盘
2500,10:12:26,5.27,-0.01,65,34255,卖盘
2501,10:12:23,5.28,0.01,35,18480,买盘
2502,10:12:17,5.27,--,57,30038,卖盘
2503,10:12:14,5.27,-0.01,4,2108,卖盘
2504,10:12:11,5.28,--,18,9504,买盘
2505,10:12:08,5.28,--,525,277200,买盘
2506,10:12:05,5.28,--,20,10560,买盘
2507,10:12:02,5.28,--,70,36960,买盘
2508,10:11:59,5.28,0.01,36,19008,买盘
2509,10:11:56,5.27,-0.01,14,7377,卖盘
2510,10:11:50,5.28,0.01,28,14784,买盘
2511,10:11:47,5.27,-0.01,1,527,卖盘
2512,10:11:44,5.28,--,112,59136,买盘
2513,10:11:38,5.28,0.01,73,38544,买盘
2514,10:11:35,5.27,-0.01,180,94859,卖盘
2515,10:11:32,5.28,0.01,8,4224,买盘
2516,10:11:26,5.27,--,61,32146,卖盘
2517,10:11:23,5.27,-0.01,32,16864,卖盘
2518,10:11:20,5.28,--,88,46464,买盘
2519,10:11:11,5.28,0.01,10,5280,买盘
2520,10:11:08,5.27,--,340,179180,卖盘
2521,10:11:02,5.27,-0.01,30,15809,卖盘
2522,10:10:59,5.28,--,10,5280,买盘
2523,10:10:56,5.28,0.01,79,41712,买盘
2524,10:10:53,5.27,-0.01,24,12647,卖盘
2525,10:10:50,5.28,0.01,46,24288,买盘
2526,10:10:47,5.27,--,160,84320,卖盘
2527,10:10:44,5.27,--,62,32673,卖盘
2528,10:10:38,5.27,-0.01,34,17918,卖盘
2529,10:10:35,5.28,--,23,12144,买盘
2530,10:10:32,5.28,0.01,3,1584,买盘
2531,10:10:29,5.27,-0.01,16,8432,卖盘
2532,10:10:26,5.28,--,40,21120,买盘
2533,10:10:23,5.28,--,1,528,买盘
2534,10:10:20,5.28,--,48,25344,买盘
2535,10:10:17,5.28,--,12,6336,买盘
2536,10:10:14,5.28,--,3,1584,买盘
2537,10:10:11,5.28,--,6,3168,买盘
2538,10:10:08,5.28,--,5,2640,买盘
2539,10:10:02,5.28,--,46,24288,买盘
2540,10:09:59,5.28,0.01,228,120384,买盘
2541,10:09:56,5.27,-0.01,115,60604,卖盘
2542,10:09:53,5.28,0.01,54,28512,买盘
2543,10:09:50,5.27,--,1,527,卖盘
2544,10:09:47,5.27,--,338,178394,卖盘
2545,10:09:44,5.27,-0.01,20,10540,卖盘
2546,10:09:38,5.28,--,20,10560,买盘
2547,10:09:35,5.28,--,16,8448,买盘
2548,10:09:32,5.28,--,48,25344,买盘
2549,10:09:29,5.28,--,1,528,买盘
2550,10:09:26,5.28,--,120,63360,买盘
2551,10:09:23,5.28,--,50,26400,买盘
2552,10:09:20,5.28,--,17,8976,买盘
2553,10:09:17,5.28,--,20,10560,买盘
2554,10:09:14,5.28,0.01,10,5280,买盘
2555,10:09:11,5.27,-0.01,87,45848,卖盘
2556,10:09:08,5.28,--,21,11088,买盘
2557,10:09:02,5.28,0.01,10,5280,买盘
2558,10:08:53,5.27,-0.01,15,7904,卖盘
2559,10:08:50,5.28,0.01,46,24288,买盘
2560,10:08:44,5.27,--,52,27403,卖盘
2561,10:08:41,5.27,-0.01,120,63239,卖盘
2562,10:08:35,5.28,--,51,26928,买盘
2563,10:08:32,5.28,0.01,3,1584,买盘
2564,10:08:29,5.27,--,145,76415,卖盘
2565,10:08:26,5.27,-0.01,65,34255,卖盘
2566,10:08:20,5.28,0.01,9,4752,买盘
2567,10:08:17,5.27,-0.01,30,15809,卖盘
2568,10:08:14,5.28,--,1,528,买盘
2569,10:08:11,5.28,0.01,72,38016,买盘
2570,10:08:08,5.27,-0.01,1,527,卖盘
2571,10:08:02,5.28,0.01,9,4752,买盘
2572,10:07:59,5.27,--,1010,532270,卖盘
2573,10:07:44,5.27,-0.01,152,80104,卖盘
2574,10:07:41,5.28,--,43,22704,卖盘
2575,10:07:32,5.28,--,1,528,卖盘
2576,10:07:29,5.28,--,8,4224,卖盘
2577,10:07:26,5.28,--,28,14784,卖盘
2578,10:07:23,5.28,--,8,4224,买盘
2579,10:07:20,5.28,0.01,2,1056,买盘
2580,10:07:14,5.27,--,130,68510,卖盘
2581,10:07:11,5.27,--,4,2108,卖盘
2582,10:07:08,5.27,-0.01,50,26349,卖盘
2583,10:07:05,5.28,--,112,59136,买盘
2584,10:07:02,5.28,0.01,190,100320,买盘
2585,10:06:59,5.27,--,22,11593,卖盘
2586,10:06:56,5.27,--,60,31619,卖盘
2587,10:06:53,5.27,--,100,52699,卖盘
2588,10:06:50,5.27,--,716,377331,卖盘
2589,10:06:44,5.27,--,50,26349,卖盘
2590,10:06:41,5.27,--,100,52699,卖盘
2591,10:06:35,5.27,-0.01,235,123844,卖盘
2592,10:06:32,5.28,0.01,457,241296,买盘
2593,10:06:29,5.27,--,3,1580,卖盘
2594,10:06:23,5.27,-0.01,63,33201,卖盘
2595,10:06:20,5.28,0.01,10,5280,买盘
2596,10:06:14,5.27,-0.01,52,27403,卖盘
2597,10:06:11,5.28,0.01,7,3696,买盘
2598,10:06:08,5.27,-0.01,24,12647,卖盘
2599,10:06:05,5.28,0.01,10,5280,买盘
2600,10:06:02,5.27,-0.01,14,7377,卖盘
2601,10:05:59,5.28,--,20,10560,买盘
2602,10:05:56,5.28,0.01,2,1056,买盘
2603,10:05:50,5.27,-0.01,398,209745,卖盘
2604,10:05:44,5.28,0.01,4,2112,买盘
2605,10:05:41,5.27,--,123,64820,卖盘
2606,10:05:32,5.27,--,1,527,卖盘
2607,10:05:26,5.27,--,5,2635,卖盘
2608,10:05:20,5.27,-0.01,100,52699,卖盘
2609,10:05:14,5.28,--,18,9504,买盘
2610,10:05:11,5.28,0.01,5,2640,买盘
2611,10:05:08,5.27,--,383,201840,卖盘
2612,10:05:05,5.27,-0.01,1659,874292,卖盘
2613,10:04:59,5.28,0.01,22,11616,买盘
2614,10:04:53,5.27,--,46,24241,卖盘
2615,10:04:47,5.27,-0.01,23,12120,卖盘
2616,10:04:44,5.28,0.01,111,58608,买盘
2617,10:04:41,5.27,-0.01,20,10540,卖盘
2618,10:04:38,5.28,--,270,142560,买盘
2619,10:04:35,5.28,--,121,63888,卖盘
2620,10:04:29,5.28,-0.01,52,27456,卖盘
2621,10:04:23,5.29,0.01,5,2645,买盘
2622,10:04:20,5.28,--,30,15840,买盘
2623,10:04:14,5.28,--,45,23760,买盘
2624,10:04:11,5.28,--,276,145728,卖盘
2625,10:04:08,5.28,--,4,2112,卖盘
2626,10:04:05,5.28,--,300,158400,卖盘
2627,10:04:02,5.28,--,11,5808,卖盘
2628,10:03:59,5.28,--,291,153648,卖盘
2629,10:03:56,5.28,--,369,194832,卖盘
2630,10:03:53,5.28,-0.01,35,18480,卖盘
2631,10:03:50,5.29,0.01,59,31211,买盘
2632,10:03:47,5.28,-0.01,96,50688,卖盘
2633,10:03:41,5.29,0.01,177,93633,买盘
2634,10:03:38,5.28,-0.01,432,228096,卖盘
2635,10:03:35,5.29,--,5,2645,买盘
2636,10:03:29,5.29,0.01,52,27508,买盘
2637,10:03:26,5.28,--,41,21648,卖盘
2638,10:03:23,5.28,--,63,33264,卖盘
2639,10:03:17,5.28,-0.01,65,34320,卖盘
2640,10:03:14,5.29,0.01,49,25921,买盘
2641,10:03:11,5.28,--,57,30096,卖盘
2642,10:03:05,5.28,--,27,14256,卖盘
2643,10:02:59,5.28,--,9,4752,卖盘
2644,10:02:56,5.28,-0.01,13,6864,卖盘
2645,10:02:50,5.29,--,11,5819,买盘
2646,10:02:47,5.29,0.01,50,26450,买盘
2647,10:02:44,5.28,-0.01,10,5280,卖盘
2648,10:02:37,5.29,--,110,58190,买盘
2649,10:02:34,5.29,0.01,110,58190,买盘
2650,10:02:28,5.28,--,6,3168,卖盘
2651,10:02:25,5.28,-0.01,5,2640,卖盘
2652,10:02:19,5.29,0.01,46,24334,买盘
2653,10:02:16,5.28,-0.01,2,1056,卖盘
2654,10:02:13,5.29,0.01,100,52900,买盘
2655,10:02:10,5.28,--,75,39600,卖盘
2656,10:02:07,5.28,-0.01,40,21120,卖盘
2657,10:02:01,5.29,--,527,278783,买盘
2658,10:01:55,5.29,--,80,42320,买盘
2659,10:01:49,5.29,--,5,2645,买盘
2660,10:01:46,5.29,0.01,95,50255,买盘
2661,10:01:43,5.28,--,35,18480,卖盘
2662,10:01:40,5.28,-0.01,80,42240,卖盘
2663,10:01:37,5.29,--,12,6348,买盘
2664,10:01:34,5.29,--,8,4232,买盘
2665,10:01:31,5.29,0.01,30,15870,买盘
2666,10:01:28,5.28,--,72,38016,卖盘
2667,10:01:25,5.28,-0.01,15,7920,卖盘
2668,10:01:22,5.29,0.01,3,1587,买盘
2669,10:01:19,5.28,-0.01,18,9504,卖盘
2670,10:01:16,5.29,--,80,42320,买盘
2671,10:01:13,5.29,0.01,100,52900,买盘
2672,10:01:10,5.28,--,4,2112,卖盘
2673,10:01:04,5.28,-0.01,85,44880,卖盘
2674,10:01:01,5.29,0.01,6,3174,买盘
2675,10:00:55,5.28,-0.01,8,4224,卖盘
2676,10:00:52,5.29,0.01,50,26450,买盘
2677,10:00:46,5.28,-0.01,37,19536,卖盘
2678,10:00:43,5.29,0.01,6,3174,买盘
2679,10:00:40,5.28,--,30,15840,卖盘
2680,10:00:37,5.28,--,58,30624,卖盘
2681,10:00:31,5.28,-0.01,167,88176,卖盘
2682,10:00:25,5.29,--,2,1058,买盘
2683,10:00:22,5.29,--,40,21160,买盘
2684,10:00:19,5.29,--,119,62951,买盘
2685,10:00:13,5.29,--,13,6877,买盘
2686,10:00:10,5.29,--,106,56074,买盘
2687,10:00:07,5.29,--,41,21689,买盘
2688,10:00:04,5.29,--,20,10580,买盘
2689,09:59:58,5.29,--,316,167164,买盘
2690,09:59:55,5.29,--,60,31740,卖盘
2691,09:59:52,5.29,-0.01,50,26450,买盘
2692,09:59:49,5.3,0.01,771,408630,买盘
2693,09:59:34,5.29,--,670,354430,买盘
2694,09:59:31,5.29,--,60,31740,买盘
2695,09:59:28,5.29,--,10,5290,买盘
2696,09:59:25,5.29,--,51,26979,买盘
2697,09:59:22,5.29,--,22,11638,买盘
2698,09:59:16,5.29,--,40,21160,买盘
2699,09:59:13,5.29,0.01,60,31740,买盘
2700,09:59:10,5.28,-0.01,230,121440,卖盘
2701,09:59:07,5.29,--,16,8464,买盘
2702,09:59:04,5.29,--,25,13225,买盘
2703,09:59:01,5.29,--,13,6877,买盘
2704,09:58:58,5.29,--,1041,550689,买盘
2705,09:58:55,5.29,--,100,52900,买盘
2706,09:58:52,5.29,--,60,31740,买盘
2707,09:58:46,5.29,0.01,39,20631,买盘
2708,09:58:43,5.28,-0.01,38,20064,卖盘
2709,09:58:40,5.29,0.01,164,86756,买盘
2710,09:58:37,5.28,-0.01,50,26400,卖盘
2711,09:58:31,5.29,0.01,217,114793,买盘
2712,09:58:28,5.28,-0.01,2,1056,卖盘
2713,09:58:25,5.29,--,31,16399,买盘
2714,09:58:22,5.29,--,39,20631,买盘
2715,09:58:19,5.29,--,212,112148,买盘
2716,09:58:16,5.29,--,16,8464,买盘
2717,09:58:13,5.29,0.01,110,58190,买盘
2718,09:58:04,5.28,--,30,15840,卖盘
2719,09:58:01,5.28,-0.01,7,3696,卖盘
2720,09:57:58,5.29,--,28,14812,买盘
2721,09:57:52,5.29,--,18,9522,买盘
2722,09:57:49,5.29,-0.01,322,170338,卖盘
2723,09:57:46,5.3,--,3,1590,买盘
2724,09:57:43,5.3,--,120,63600,买盘
2725,09:57:40,5.3,--,119,63070,买盘
2726,09:57:37,5.3,0.01,70,37100,买盘
2727,09:57:34,5.29,--,120,63480,卖盘
2728,09:57:31,5.29,--,35,18515,卖盘
2729,09:57:28,5.29,--,16,8464,卖盘
2730,09:57:22,5.29,--,311,164519,卖盘
2731,09:57:16,5.29,--,2,1058,卖盘
2732,09:57:13,5.29,--,342,180918,卖盘
2733,09:57:07,5.29,--,3,1587,卖盘
2734,09:57:04,5.29,-0.01,207,109503,卖盘
2735,09:56:58,5.3,--,102,54060,买盘
2736,09:56:55,5.3,0.01,3,1590,买盘
2737,09:56:52,5.29,-0.01,555,293595,卖盘
2738,09:56:46,5.3,--,1,530,买盘
2739,09:56:43,5.3,--,1,530,买盘
2740,09:56:40,5.3,0.01,19,10070,买盘
2741,09:56:37,5.29,-0.01,79,41791,卖盘
2742,09:56:34,5.3,--,106,56180,买盘
2743,09:56:31,5.3,--,431,228430,买盘
2744,09:56:22,5.3,0.01,120,63600,买盘
2745,09:56:19,5.29,-0.01,12,6348,卖盘
2746,09:56:13,5.3,--,323,171190,买盘
2747,09:56:10,5.3,--,2,1060,买盘
2748,09:56:07,5.3,--,5,2650,买盘
2749,09:56:04,5.3,--,10,5300,买盘
2750,09:56:01,5.3,--,122,64660,买盘
2751,09:55:58,5.3,--,12,6360,买盘
2752,09:55:52,5.3,--,77,40810,买盘
2753,09:55:49,5.3,--,21,11130,买盘
2754,09:55:46,5.3,--,25,13250,买盘
2755,09:55:43,5.3,--,21,11130,买盘
2756,09:55:40,5.3,--,83,43990,买盘
2757,09:55:34,5.3,-0.01,229,121370,卖盘
2758,09:55:31,5.31,--,19,10089,买盘
2759,09:55:28,5.31,0.01,87,46197,买盘
2760,09:55:25,5.3,-0.01,19,10070,卖盘
2761,09:55:22,5.31,0.01,6,3185,买盘
2762,09:55:19,5.3,-0.01,71,37630,卖盘
2763,09:55:16,5.31,0.01,13,6902,买盘
2764,09:55:13,5.3,-0.01,171,90630,卖盘
2765,09:55:10,5.31,0.01,57,30266,买盘
2766,09:55:04,5.3,-0.01,111,58830,卖盘
2767,09:55:01,5.31,0.01,54,28673,买盘
2768,09:54:58,5.3,-0.01,200,106000,卖盘
2769,09:54:55,5.31,--,17,9027,买盘
2770,09:54:49,5.31,--,438,232577,买盘
2771,09:54:46,5.31,0.01,10,5310,买盘
2772,09:54:43,5.3,-0.01,121,64130,卖盘
2773,09:54:40,5.31,--,40,21240,买盘
2774,09:54:37,5.31,0.01,16,8496,买盘
2775,09:54:34,5.3,--,70,37100,卖盘
2776,09:54:31,5.3,--,3,1590,卖盘
2777,09:54:28,5.3,-0.01,1,530,卖盘
2778,09:54:25,5.31,0.01,53,28142,买盘
2779,09:54:22,5.3,-0.01,23,12190,卖盘
2780,09:54:19,5.31,--,288,152928,买盘
2781,09:54:16,5.31,0.01,33,17523,买盘
2782,09:54:13,5.3,--,91,48230,卖盘
2783,09:54:07,5.3,--,5,2650,卖盘
2784,09:54:04,5.3,--,97,51410,卖盘
2785,09:54:01,5.3,--,20,10600,卖盘
2786,09:53:55,5.3,0.01,806,427180,买盘
2787,09:53:52,5.29,--,5,2645,卖盘
2788,09:53:49,5.29,--,278,147062,卖盘
2789,09:53:46,5.29,--,32,16928,卖盘
2790,09:53:43,5.29,--,1088,575552,买盘
2791,09:53:40,5.29,--,281,148649,买盘
2792,09:53:37,5.29,--,91,48139,买盘
2793,09:53:34,5.29,--,5,2645,买盘
2794,09:53:31,5.29,--,84,44436,买盘
2795,09:53:28,5.29,--,33,17457,买盘
2796,09:53:25,5.29,0.01,128,67712,买盘
2797,09:53:19,5.28,--,16,8448,卖盘
2798,09:53:16,5.28,--,15,7920,卖盘
2799,09:53:07,5.28,--,80,42240,卖盘
2800,09:53:04,5.28,-0.01,23,12144,卖盘
2801,09:53:01,5.29,0.01,40,21160,买盘
2802,09:52:58,5.28,--,15,7920,卖盘
2803,09:52:55,5.28,--,30,15840,卖盘
2804,09:52:52,5.28,0.01,29,15312,卖盘
2805,09:52:46,5.27,--,75,39525,卖盘
2806,09:52:40,5.27,--,70,36890,卖盘
2807,09:52:37,5.27,--,53,27930,卖盘
2808,09:52:34,5.27,-0.01,28,14755,卖盘
2809,09:52:31,5.28,0.01,77,40656,买盘
2810,09:52:28,5.27,--,329,173383,卖盘
2811,09:52:25,5.27,--,10,5270,卖盘
2812,09:52:22,5.27,--,72,37944,买盘
2813,09:52:19,5.27,--,6,3161,买盘
2814,09:52:16,5.27,-0.01,331,174437,卖盘
2815,09:52:13,5.28,0.01,23,12144,买盘
2816,09:52:10,5.27,--,368,193935,卖盘
2817,09:52:07,5.27,--,15,7904,卖盘
2818,09:52:04,5.27,--,20,10540,卖盘
2819,09:52:01,5.27,--,17,8959,卖盘
2820,09:51:58,5.27,0.01,120,63239,买盘
2821,09:51:55,5.26,--,18,9468,卖盘
2822,09:51:52,5.26,-0.01,59,31034,卖盘
2823,09:51:49,5.27,--,201,105926,买盘
2824,09:51:46,5.27,0.01,25,13174,买盘
2825,09:51:43,5.26,--,12,6312,卖盘
2826,09:51:40,5.26,-0.01,125,65750,卖盘
2827,09:51:34,5.27,--,52,27403,买盘
2828,09:51:31,5.27,--,57,30038,买盘
2829,09:51:28,5.27,--,5,2635,买盘
2830,09:51:25,5.27,--,20,10540,买盘
2831,09:51:22,5.27,--,176,92751,买盘
2832,09:51:19,5.27,--,17,8959,买盘
2833,09:51:16,5.27,-0.01,1743,918687,卖盘
2834,09:51:13,5.28,--,39,20592,买盘
2835,09:51:10,5.28,--,77,40656,买盘
2836,09:51:07,5.28,--,15,7920,买盘
2837,09:51:04,5.28,--,34,17952,买盘
2838,09:51:01,5.28,0.01,147,77616,买盘
2839,09:50:58,5.27,-0.01,33,17391,卖盘
2840,09:50:55,5.28,0.01,123,64944,买盘
2841,09:50:52,5.27,-0.01,26,13701,卖盘
2842,09:50:49,5.28,--,206,108768,买盘
2843,09:50:46,5.28,--,23,12144,买盘
2844,09:50:43,5.28,--,1,528,买盘
2845,09:50:40,5.28,--,40,21120,买盘
2846,09:50:37,5.28,--,10,5280,买盘
2847,09:50:34,5.28,--,35,18480,买盘
2848,09:50:28,5.28,--,51,26928,买盘
2849,09:50:22,5.28,--,10,5280,买盘
2850,09:50:19,5.28,--,25,13200,买盘
2851,09:50:16,5.28,--,3,1584,买盘
2852,09:50:13,5.28,-0.01,575,303600,卖盘
2853,09:50:07,5.29,0.01,1220,645380,买盘
2854,09:50:04,5.28,--,20,10560,卖盘
2855,09:50:01,5.28,-0.01,19,10032,卖盘
2856,09:49:58,5.29,0.01,41,21689,买盘
2857,09:49:52,5.28,-0.01,10,5280,卖盘
2858,09:49:49,5.29,--,117,61893,买盘
2859,09:49:46,5.29,--,20,10580,买盘
2860,09:49:40,5.29,--,3,1587,买盘
2861,09:49:34,5.29,--,18,9522,买盘
2862,09:49:31,5.29,--,171,90459,卖盘
2863,09:49:28,5.29,-0.01,310,163990,卖盘
2864,09:49:25,5.3,0.01,90,47700,买盘
2865,09:49:19,5.29,-0.01,119,62951,卖盘
2866,09:49:16,5.3,--,2,1060,买盘
2867,09:49:13,5.3,0.01,106,56180,买盘
2868,09:49:10,5.29,--,400,211600,卖盘
2869,09:49:04,5.29,-0.01,10,5290,卖盘
2870,09:49:01,5.3,0.01,25,13250,买盘
2871,09:48:58,5.29,--,41,21689,卖盘
2872,09:48:55,5.29,-0.01,62,32798,卖盘
2873,09:48:52,5.3,0.01,29,15370,买盘
2874,09:48:49,5.29,--,100,52900,卖盘
2875,09:48:46,5.29,-0.01,85,44965,卖盘
2876,09:48:43,5.3,0.01,54,28620,买盘
2877,09:48:37,5.29,--,10,5290,卖盘
2878,09:48:34,5.29,-0.01,10,5290,卖盘
2879,09:48:25,5.3,0.01,10,5300,买盘
2880,09:48:22,5.29,--,20,10580,卖盘
2881,09:48:19,5.29,--,462,244398,买盘
2882,09:48:16,5.29,--,10,5290,买盘
2883,09:48:10,5.29,--,184,97336,买盘
2884,09:48:04,5.29,--,101,53429,买盘
2885,09:48:01,5.29,--,52,27508,买盘
2886,09:47:58,5.29,--,39,20631,买盘
2887,09:47:55,5.29,--,75,39675,买盘
2888,09:47:52,5.29,0.01,32,16928,买盘
2889,09:47:49,5.28,-0.01,593,313109,卖盘
2890,09:47:46,5.29,0.01,21,11109,买盘
2891,09:47:43,5.28,-0.01,19,10032,卖盘
2892,09:47:40,5.29,--,25,13225,买盘
2893,09:47:37,5.29,--,53,28037,买盘
2894,09:47:34,5.29,--,45,23805,买盘
2895,09:47:31,5.29,--,53,28037,买盘
2896,09:47:28,5.29,0.01,4,2116,买盘
2897,09:47:25,5.28,--,71,37488,卖盘
2898,09:47:22,5.28,-0.01,36,19008,卖盘
2899,09:47:19,5.29,0.01,56,29624,买盘
2900,09:47:16,5.28,--,50,26400,卖盘
2901,09:47:13,5.28,--,1,528,卖盘
2902,09:47:07,5.28,--,100,52800,卖盘
2903,09:47:01,5.28,--,16,8448,卖盘
2904,09:46:58,5.28,-0.01,500,264000,卖盘
2905,09:46:55,5.29,0.01,166,87814,买盘
2906,09:46:52,5.28,-0.01,20,10560,卖盘
2907,09:46:49,5.29,0.01,63,33327,买盘
2908,09:46:46,5.28,--,180,95040,卖盘
2909,09:46:43,5.28,-0.01,37,19536,卖盘
2910,09:46:40,5.29,--,38,20102,买盘
2911,09:46:34,5.29,0.01,8,4232,买盘
