,time,price,change,volume,amount,type
0,15:00:20,16.43,--,5227,8587961,卖盘
1,14:58:53,16.43,--,0,0,买盘
2,14:57:02,16.43,-0.01,98,161079,卖盘
3,14:56:59,16.44,0.01,76,124944,买盘
4,14:56:56,16.43,--,15,24645,卖盘
5,14:56:53,16.43,--,243,399249,卖盘
6,14:56:47,16.43,--,177,290811,卖盘
7,14:56:44,16.43,-0.01,12,19716,卖盘
8,14:56:41,16.44,0.01,5,8220,买盘
9,14:56:38,16.43,-0.01,10,16430,卖盘
10,14:56:35,16.44,0.01,117,193926,买盘
11,14:56:32,16.43,--,52,85436,买盘
12,14:56:29,16.43,--,57,93651,买盘
13,14:56:26,16.43,-0.02,512,841281,卖盘
14,14:56:23,16.45,--,400,658000,买盘
15,14:56:20,16.45,0.01,91,149695,买盘
16,14:56:17,16.44,--,90,147960,卖盘
17,14:56:11,16.44,--,5,8220,卖盘
18,14:56:05,16.44,--,9,14796,卖盘
19,14:56:02,16.44,0.01,41,67404,中性盘
20,14:55:59,16.43,-0.01,64,105152,卖盘
21,14:55:53,16.44,0.01,155,254820,买盘
22,14:55:50,16.43,--,397,652468,卖盘
23,14:55:47,16.43,--,56,92008,卖盘
24,14:55:44,16.43,-0.01,33,54219,卖盘
25,14:55:41,16.44,--,36,59184,买盘
26,14:55:38,16.44,0.01,529,869676,中性盘
27,14:55:35,16.43,-0.02,86,141298,卖盘
28,14:55:32,16.45,0.01,72,118440,买盘
29,14:55:29,16.44,--,16,26304,卖盘
30,14:55:26,16.44,--,23,37812,卖盘
31,14:55:23,16.44,--,34,55896,卖盘
32,14:55:20,16.44,--,32,52608,卖盘
33,14:55:17,16.44,-0.01,25,41100,买盘
34,14:55:14,16.45,0.01,477,786112,买盘
35,14:55:11,16.44,-0.01,24,39456,卖盘
36,14:55:08,16.45,0.01,46,75670,买盘
37,14:55:05,16.44,--,106,174296,买盘
38,14:55:02,16.44,--,54,90387,卖盘
39,14:54:56,16.44,--,168,276224,买盘
40,14:54:53,16.44,0.01,33,54252,买盘
41,14:54:50,16.43,-0.01,42,69006,卖盘
42,14:54:47,16.44,--,92,151248,买盘
43,14:54:41,16.44,0.01,3,4932,买盘
44,14:54:38,16.43,--,2,3286,卖盘
45,14:54:35,16.43,-0.01,31,50933,卖盘
46,14:54:32,16.44,--,198,325512,买盘
47,14:54:29,16.44,0.01,23,37812,买盘
48,14:54:26,16.43,--,22,36146,卖盘
49,14:54:23,16.43,-0.01,319,524117,卖盘
50,14:54:17,16.44,--,7,11508,卖盘
51,14:54:14,16.44,--,56,92064,卖盘
52,14:54:11,16.44,0.01,689,1132716,买盘
53,14:54:05,16.43,-0.01,82,134726,卖盘
54,14:54:02,16.44,0.01,59,96996,买盘
55,14:53:59,16.43,-0.01,41,67363,卖盘
56,14:53:56,16.44,0.01,317,521378,买盘
57,14:53:47,16.43,--,17,27931,卖盘
58,14:53:44,16.43,--,244,400892,卖盘
59,14:53:41,16.43,--,3,4929,卖盘
60,14:53:38,16.43,--,99,162657,卖盘
61,14:53:35,16.43,--,33,54219,卖盘
62,14:53:32,16.43,--,2,3286,卖盘
63,14:53:29,16.43,--,216,354888,卖盘
64,14:53:23,16.43,--,2,3286,卖盘
65,14:53:20,16.43,--,96,157728,卖盘
66,14:53:17,16.43,0.01,341,561577,买盘
67,14:53:11,16.42,--,550,904085,卖盘
68,14:53:08,16.42,--,67,110014,卖盘
69,14:53:05,16.42,-0.01,46,75532,卖盘
70,14:53:02,16.43,0.01,59,96937,买盘
71,14:52:59,16.42,--,24,39408,卖盘
72,14:52:56,16.42,--,7,11494,卖盘
73,14:52:53,16.42,--,36,59112,卖盘
74,14:52:47,16.42,-0.01,174,285708,卖盘
75,14:52:41,16.43,--,32,52576,买盘
76,14:52:38,16.43,--,5,8215,买盘
77,14:52:35,16.43,--,29,47647,买盘
78,14:52:32,16.43,-0.01,72,118296,卖盘
79,14:52:29,16.44,0.01,17,27948,买盘
80,14:52:26,16.43,--,25,41075,卖盘
81,14:52:23,16.43,--,9,14787,卖盘
82,14:52:20,16.43,--,14,23002,卖盘
83,14:52:17,16.43,0.01,603,990729,买盘
84,14:52:14,16.42,--,583,958862,卖盘
85,14:52:11,16.42,--,175,287350,卖盘
86,14:52:05,16.42,--,126,206892,卖盘
87,14:52:02,16.42,--,77,126434,卖盘
88,14:51:59,16.42,-0.01,30,49260,卖盘
89,14:51:56,16.43,--,38,62434,买盘
90,14:51:50,16.43,--,257,422776,卖盘
91,14:51:47,16.43,--,35,57505,卖盘
92,14:51:44,16.43,--,41,67363,卖盘
93,14:51:41,16.43,-0.01,87,142941,卖盘
94,14:51:38,16.44,--,25,41100,买盘
95,14:51:35,16.44,0.01,72,118368,买盘
96,14:51:32,16.43,-0.01,45,73935,卖盘
97,14:51:26,16.44,0.01,2,3288,买盘
98,14:51:20,16.43,--,2,3286,卖盘
99,14:51:14,16.43,--,17,29048,买盘
100,14:51:11,16.43,--,2,3286,买盘
101,14:51:08,16.43,-0.01,209,343912,卖盘
102,14:51:02,16.44,--,52,86605,买盘
103,14:50:59,16.44,0.01,106,174264,买盘
104,14:50:56,16.43,0.01,105,172515,买盘
105,14:50:53,16.42,-0.01,757,1242994,卖盘
106,14:50:50,16.43,0.01,147,241521,买盘
107,14:50:44,16.42,-0.01,5,8210,卖盘
108,14:50:41,16.43,--,15,24645,买盘
109,14:50:38,16.43,--,54,88722,买盘
110,14:50:35,16.43,--,290,476798,卖盘
111,14:50:32,16.43,-0.01,592,973970,卖盘
112,14:50:29,16.44,--,15,24660,买盘
113,14:50:26,16.44,0.01,37,60828,买盘
114,14:50:23,16.43,-0.01,73,119939,卖盘
115,14:50:17,16.44,--,10,16440,卖盘
116,14:50:14,16.44,--,10,16440,买盘
117,14:50:11,16.44,0.01,336,552384,买盘
118,14:50:05,16.43,-0.02,5,8215,卖盘
119,14:50:02,16.45,0.01,76,125020,买盘
120,14:49:59,16.44,--,104,170976,卖盘
121,14:49:56,16.44,--,393,646092,买盘
122,14:49:53,16.44,--,375,616828,卖盘
123,14:49:47,16.44,-0.01,1,1644,卖盘
124,14:49:44,16.45,0.01,8,13160,买盘
125,14:49:38,16.44,-0.01,205,337842,卖盘
126,14:49:32,16.45,-0.01,217,356965,卖盘
127,14:49:29,16.46,0.01,295,485570,买盘
128,14:49:26,16.45,--,58,95410,卖盘
129,14:49:23,16.45,--,114,187530,卖盘
130,14:49:14,16.45,--,344,566176,卖盘
131,14:49:08,16.45,-0.01,34,55930,卖盘
132,14:49:05,16.46,--,20,32920,买盘
133,14:49:02,16.46,0.01,22,36212,买盘
134,14:48:56,16.45,-0.01,346,569564,卖盘
135,14:48:53,16.46,--,37,60902,卖盘
136,14:48:50,16.46,--,13,21398,卖盘
137,14:48:47,16.46,--,27,44442,卖盘
138,14:48:44,16.46,--,36,59256,卖盘
139,14:48:38,16.46,--,191,315636,买盘
140,14:48:35,16.46,--,20,32920,买盘
141,14:48:32,16.46,--,193,317678,卖盘
142,14:48:29,16.46,--,37,60902,卖盘
143,14:48:26,16.46,--,21,34566,卖盘
144,14:48:23,16.46,--,27,44442,卖盘
145,14:48:20,16.46,0.01,95,156370,买盘
146,14:48:17,16.45,-0.01,19,31255,卖盘
147,14:48:14,16.46,0.01,82,134972,买盘
148,14:48:07,16.45,--,297,488565,卖盘
149,14:47:58,16.45,-0.01,107,176015,卖盘
150,14:47:49,16.46,-0.01,174,286404,卖盘
151,14:47:43,16.47,--,46,75762,买盘
152,14:47:40,16.47,--,90,148230,买盘
153,14:47:37,16.47,--,74,121877,买盘
154,14:47:31,16.47,0.01,1,1647,买盘
155,14:47:25,16.46,-0.01,36,59256,中性盘
156,14:47:19,16.47,--,34,55997,买盘
157,14:47:13,16.47,0.01,58,95526,买盘
158,14:47:07,16.46,-0.01,51,83946,卖盘
159,14:47:01,16.47,0.02,246,405162,买盘
160,14:46:58,16.45,-0.01,505,830725,卖盘
161,14:46:55,16.46,--,103,169538,买盘
162,14:46:52,16.46,0.01,118,194228,买盘
163,14:46:46,16.45,--,167,274715,卖盘
164,14:46:43,16.45,--,122,200690,卖盘
165,14:46:40,16.45,-0.01,27,44415,卖盘
166,14:46:37,16.46,--,92,151432,买盘
167,14:46:34,16.46,--,25,41150,买盘
168,14:46:31,16.46,0.01,328,541073,买盘
169,14:46:28,16.45,--,67,110215,卖盘
170,14:46:25,16.45,-0.01,120,197400,卖盘
171,14:46:22,16.46,0.01,5,8230,买盘
172,14:46:19,16.45,--,167,274715,卖盘
173,14:46:16,16.45,-0.01,45,74025,卖盘
174,14:46:13,16.46,0.01,59,97114,买盘
175,14:46:10,16.45,--,20,32900,卖盘
176,14:46:07,16.45,--,302,496790,卖盘
177,14:45:58,16.45,--,233,384272,买盘
178,14:45:55,16.45,0.01,40,65800,买盘
179,14:45:52,16.44,-0.01,207,341623,卖盘
180,14:45:49,16.45,--,62,101990,买盘
181,14:45:46,16.45,--,12,19740,买盘
182,14:45:43,16.45,--,145,239183,卖盘
183,14:45:40,16.45,--,50,82250,卖盘
184,14:45:34,16.45,-0.01,1,1645,卖盘
185,14:45:31,16.46,0.01,1,1646,买盘
186,14:45:22,16.45,-0.01,55,90475,卖盘
187,14:45:19,16.46,0.01,9,14814,买盘
188,14:45:16,16.45,--,74,121730,卖盘
189,14:45:13,16.45,--,30,49350,卖盘
190,14:45:10,16.45,-0.01,297,489552,卖盘
191,14:45:07,16.46,0.01,60,98760,买盘
192,14:45:04,16.45,-0.01,68,111860,卖盘
193,14:45:01,16.46,0.01,21,34566,买盘
194,14:44:55,16.45,-0.01,44,72380,卖盘
195,14:44:52,16.46,--,10,16460,买盘
196,14:44:49,16.46,--,10,16460,买盘
197,14:44:46,16.46,--,20,32920,买盘
198,14:44:40,16.46,--,31,51026,买盘
199,14:44:37,16.46,-0.01,145,238670,卖盘
200,14:44:28,16.47,0.01,41,67527,买盘
201,14:44:25,16.46,--,15,24690,卖盘
202,14:44:22,16.46,-0.01,60,98760,卖盘
203,14:44:19,16.47,0.01,201,331047,买盘
204,14:44:13,16.46,-0.01,11,18106,卖盘
205,14:44:10,16.47,--,43,70821,买盘
206,14:44:07,16.47,--,185,304695,买盘
207,14:44:01,16.47,--,35,57644,买盘
208,14:43:58,16.47,-0.01,64,105473,卖盘
209,14:43:55,16.48,--,158,261636,买盘
210,14:43:49,16.48,0.01,17,28016,买盘
211,14:43:46,16.47,--,51,83997,卖盘
212,14:43:43,16.47,--,82,135054,卖盘
213,14:43:40,16.47,--,5,8235,卖盘
214,14:43:34,16.47,-0.01,50,82350,卖盘
215,14:43:31,16.48,0.01,1,1648,买盘
216,14:43:28,16.47,--,48,79056,卖盘
217,14:43:25,16.47,--,112,184793,买盘
218,14:43:22,16.47,--,5,8235,买盘
219,14:43:16,16.47,--,21,34587,买盘
220,14:43:13,16.47,--,113,186111,买盘
221,14:43:10,16.47,--,31,51057,买盘
222,14:43:07,16.47,-0.01,223,367281,卖盘
223,14:43:04,16.48,0.01,37,60976,买盘
224,14:43:01,16.47,--,22,36234,卖盘
225,14:42:58,16.47,--,10,16470,卖盘
226,14:42:55,16.47,--,111,182817,中性盘
227,14:42:52,16.47,0.01,71,116936,买盘
228,14:42:46,16.46,-0.01,18,29628,卖盘
229,14:42:43,16.47,--,4,6588,买盘
230,14:42:40,16.47,-0.01,46,75762,买盘
231,14:42:37,16.48,0.01,133,219184,买盘
232,14:42:34,16.47,--,44,72468,买盘
233,14:42:31,16.47,--,8,13176,买盘
234,14:42:28,16.47,--,38,62585,卖盘
235,14:42:25,16.47,-0.02,6,9882,卖盘
236,14:42:19,16.49,0.01,10,16490,买盘
237,14:42:16,16.48,0.01,12,19776,卖盘
238,14:42:13,16.47,--,18,29645,卖盘
239,14:42:07,16.47,0.01,5,8235,卖盘
240,14:42:04,16.46,-0.02,208,342368,卖盘
241,14:42:01,16.48,--,178,293508,买盘
242,14:41:58,16.48,0.01,44,72512,买盘
243,14:41:52,16.47,-0.01,93,153335,卖盘
244,14:41:49,16.48,0.01,30,49440,买盘
245,14:41:37,16.47,0.01,34,55997,买盘
246,14:41:34,16.46,-0.02,28,46088,卖盘
247,14:41:31,16.48,0.02,12,19776,买盘
248,14:41:28,16.46,-0.01,81,133326,卖盘
249,14:41:25,16.47,--,20,32940,买盘
250,14:41:22,16.47,-0.01,4,6588,卖盘
251,14:41:19,16.48,--,30,49440,买盘
252,14:41:16,16.48,0.01,22,36256,买盘
253,14:41:13,16.47,--,120,197640,卖盘
254,14:41:07,16.47,0.01,33,54350,中性盘
255,14:41:01,16.46,-0.01,31,51026,卖盘
256,14:40:58,16.47,-0.01,5,8235,卖盘
257,14:40:55,16.48,0.01,24,39552,买盘
258,14:40:52,16.47,0.01,52,85644,买盘
259,14:40:46,16.46,--,5,8230,卖盘
260,14:40:43,16.46,--,38,63305,买盘
261,14:40:40,16.46,0.01,89,146494,买盘
262,14:40:37,16.45,-0.01,125,205625,卖盘
263,14:40:34,16.46,0.01,4,6584,买盘
264,14:40:31,16.45,-0.01,359,591114,卖盘
265,14:40:28,16.46,0.01,15,24690,买盘
266,14:40:22,16.45,-0.01,83,136535,卖盘
267,14:40:19,16.46,--,21,34566,买盘
268,14:40:13,16.46,--,5,8230,买盘
269,14:40:10,16.46,--,358,589268,买盘
270,14:40:07,16.46,--,132,217272,买盘
271,14:40:04,16.46,-0.01,127,209963,卖盘
272,14:40:01,16.47,--,151,248696,买盘
273,14:39:58,16.47,0.01,161,265167,买盘
274,14:39:52,16.46,--,114,188368,卖盘
275,14:39:43,16.46,--,6,9876,卖盘
276,14:39:40,16.46,-0.01,131,215626,卖盘
277,14:39:31,16.47,0.01,1,1647,买盘
278,14:39:28,16.46,--,9,14814,卖盘
279,14:39:25,16.46,0.01,19,31274,买盘
280,14:39:19,16.45,-0.01,89,146405,卖盘
281,14:39:16,16.46,0.01,17,27982,买盘
282,14:39:10,16.45,--,158,261061,卖盘
283,14:39:07,16.45,--,13,21385,卖盘
284,14:39:04,16.45,-0.01,41,67445,卖盘
285,14:39:01,16.46,--,32,52672,买盘
286,14:38:58,16.46,--,31,51026,买盘
287,14:38:55,16.46,0.02,327,538274,买盘
288,14:38:52,16.44,-0.01,30,49320,卖盘
289,14:38:49,16.45,--,35,57575,买盘
290,14:38:46,16.45,0.01,100,164500,买盘
291,14:38:43,16.44,--,9,14796,卖盘
292,14:38:34,16.44,--,26,42744,卖盘
293,14:38:31,16.44,--,83,136452,卖盘
294,14:38:28,16.44,--,12,20648,卖盘
295,14:38:25,16.44,--,35,57540,卖盘
296,14:38:22,16.44,--,30,49320,卖盘
297,14:38:19,16.44,--,5,8220,卖盘
298,14:38:16,16.44,-0.01,10,16440,中性盘
299,14:38:13,16.45,0.01,111,182595,买盘
300,14:38:10,16.44,--,3,4932,卖盘
301,14:38:07,16.44,0.01,31,50964,买盘
302,14:38:04,16.43,-0.01,49,80507,卖盘
303,14:38:01,16.44,--,43,70692,卖盘
304,14:37:58,16.44,0.01,19,31236,中性盘
305,14:37:52,16.43,-0.01,748,1229686,卖盘
306,14:37:49,16.44,--,152,249888,买盘
307,14:37:43,16.44,--,18,29592,买盘
308,14:37:40,16.44,--,88,144672,卖盘
309,14:37:37,16.44,--,16,26304,卖盘
310,14:37:34,16.44,-0.01,19,31236,卖盘
311,14:37:28,16.45,0.01,32,52640,买盘
312,14:37:25,16.44,--,30,49320,卖盘
313,14:37:16,16.44,0.01,5,8220,卖盘
314,14:37:13,16.43,--,6,9858,卖盘
315,14:37:10,16.43,-0.01,824,1354357,卖盘
316,14:37:07,16.44,--,193,317292,买盘
317,14:37:04,16.44,0.01,36,59184,买盘
318,14:37:01,16.43,-0.01,64,105152,卖盘
319,14:36:58,16.44,0.01,33,54252,买盘
320,14:36:55,16.43,--,154,253022,卖盘
321,14:36:52,16.43,--,9,14787,卖盘
322,14:36:49,16.43,-0.01,205,336815,卖盘
323,14:36:46,16.44,--,18,29592,买盘
324,14:36:40,16.44,0.01,64,105216,买盘
325,14:36:37,16.43,--,2,3286,卖盘
326,14:36:34,16.43,-0.01,913,1501570,卖盘
327,14:36:31,16.44,0.01,149,244956,买盘
328,14:36:28,16.43,--,10,16430,卖盘
329,14:36:25,16.43,--,10,16430,卖盘
330,14:36:22,16.43,--,1611,2646873,卖盘
331,14:36:16,16.43,-0.01,1,1643,卖盘
332,14:36:13,16.44,0.01,169,277836,买盘
333,14:36:10,16.43,--,75,123225,卖盘
334,14:36:04,16.43,-0.01,117,192231,卖盘
335,14:36:01,16.44,--,33,54252,买盘
336,14:35:58,16.44,0.01,78,128232,买盘
337,14:35:52,16.43,--,847,1392146,卖盘
338,14:35:49,16.43,--,45,73935,卖盘
339,14:35:46,16.43,0.01,172,283943,买盘
340,14:35:43,16.42,-0.01,79,129718,卖盘
341,14:35:40,16.43,--,10,16430,买盘
342,14:35:37,16.43,--,58,95294,买盘
343,14:35:34,16.43,--,156,256308,买盘
344,14:35:31,16.43,--,12,19716,买盘
345,14:35:28,16.43,--,27,44361,买盘
346,14:35:25,16.43,--,125,205375,买盘
347,14:35:22,16.43,--,218,358174,买盘
348,14:35:19,16.43,--,156,256308,买盘
349,14:35:16,16.43,--,39,64077,买盘
350,14:35:13,16.43,--,109,179087,卖盘
351,14:35:07,16.43,--,7,11501,买盘
352,14:35:01,16.43,--,38,62434,卖盘
353,14:34:58,16.43,--,21,34503,卖盘
354,14:34:55,16.43,--,7,11501,卖盘
355,14:34:52,16.43,--,9,14787,卖盘
356,14:34:49,16.43,--,41,67363,买盘
357,14:34:46,16.43,0.01,37,60791,买盘
358,14:34:43,16.42,--,67,110014,卖盘
359,14:34:40,16.42,-0.02,627,1029862,卖盘
360,14:34:37,16.44,0.01,71,116724,买盘
361,14:34:31,16.43,-0.01,1046,1718939,卖盘
362,14:34:28,16.44,--,124,203856,买盘
363,14:34:22,16.44,0.01,47,77268,买盘
364,14:34:19,16.43,-0.01,6,9858,卖盘
365,14:34:16,16.44,--,75,123300,买盘
366,14:34:13,16.44,-0.01,46,75624,卖盘
367,14:34:10,16.45,0.01,79,129955,买盘
368,14:34:07,16.44,--,59,96996,卖盘
369,14:34:04,16.44,--,32,52608,卖盘
370,14:33:55,16.44,0.01,1,1644,卖盘
371,14:33:52,16.43,-0.01,801,1316864,卖盘
372,14:33:49,16.44,--,46,75624,买盘
373,14:33:46,16.44,--,18,29592,买盘
374,14:33:43,16.44,--,40,65760,买盘
375,14:33:40,16.44,--,6,9864,买盘
376,14:33:37,16.44,-0.01,14,23016,卖盘
377,14:33:31,16.45,0.01,12,19740,买盘
378,14:33:28,16.44,--,24,39456,卖盘
379,14:33:22,16.44,0.01,25,41100,中性盘
380,14:33:19,16.43,-0.01,67,110081,卖盘
381,14:33:16,16.44,--,8,13152,买盘
382,14:33:13,16.44,--,903,1485156,买盘
383,14:33:10,16.44,--,2,3288,卖盘
384,14:33:07,16.44,0.01,2,3288,中性盘
385,14:33:04,16.43,-0.02,22,36146,卖盘
386,14:33:01,16.45,0.01,62,101990,买盘
387,14:32:58,16.44,-0.01,10,16440,卖盘
388,14:32:55,16.45,--,10,16450,买盘
389,14:32:49,16.45,--,11,18095,买盘
390,14:32:46,16.45,0.01,22,36190,买盘
391,14:32:40,16.44,--,281,461964,卖盘
392,14:32:37,16.44,--,2,3288,卖盘
393,14:32:34,16.44,0.01,11,18084,中性盘
394,14:32:31,16.43,-0.01,1025,1685060,卖盘
395,14:32:28,16.44,0.01,76,125470,买盘
396,14:32:25,16.43,-0.01,20,32860,卖盘
397,14:32:22,16.44,--,2,3288,买盘
398,14:32:19,16.44,--,61,100284,买盘
399,14:32:16,16.44,--,9,14796,买盘
400,14:32:10,16.44,--,5,8220,买盘
401,14:32:07,16.44,-0.01,64,106333,卖盘
402,14:32:04,16.45,0.01,29,47705,买盘
403,14:32:01,16.44,--,53,87132,卖盘
404,14:31:58,16.44,--,69,113436,卖盘
405,14:31:55,16.44,--,67,110148,卖盘
406,14:31:52,16.44,--,389,641028,卖盘
407,14:31:49,16.44,--,1,1644,卖盘
408,14:31:46,16.44,--,4,6576,卖盘
409,14:31:43,16.44,0.01,266,437961,买盘
410,14:31:37,16.43,--,13,21359,卖盘
411,14:31:34,16.43,-0.01,35,57505,卖盘
412,14:31:31,16.44,--,97,159468,买盘
413,14:31:28,16.44,0.01,33,54449,买盘
414,14:31:22,16.43,-0.01,20,32860,卖盘
415,14:31:19,16.44,--,60,98640,买盘
416,14:31:16,16.44,--,11,18084,买盘
417,14:31:13,16.44,-0.01,49,80556,卖盘
418,14:31:07,16.45,--,124,203980,买盘
419,14:31:04,16.45,0.01,29,47705,买盘
420,14:30:58,16.44,--,35,57540,中性盘
421,14:30:55,16.44,--,65,106860,卖盘
422,14:30:52,16.44,--,7,11508,卖盘
423,14:30:49,16.44,--,10,16440,卖盘
424,14:30:46,16.44,--,80,131520,卖盘
425,14:30:40,16.44,--,163,267972,买盘
426,14:30:37,16.44,-0.01,13,21372,买盘
427,14:30:31,16.45,0.02,1,1645,买盘
428,14:30:28,16.43,-0.01,85,139655,卖盘
429,14:30:25,16.44,--,57,93708,卖盘
430,14:30:19,16.44,--,20,32880,卖盘
431,14:30:13,16.44,0.01,32,52608,买盘
432,14:30:10,16.43,-0.01,10,16430,卖盘
433,14:30:07,16.44,0.01,31,50964,买盘
434,14:30:04,16.43,--,32,52576,卖盘
435,14:30:01,16.43,-0.01,33,54219,卖盘
436,14:29:55,16.44,0.01,57,93708,买盘
437,14:29:52,16.43,-0.01,890,1463124,卖盘
438,14:29:49,16.44,--,1,1644,买盘
439,14:29:46,16.44,0.01,42,69048,买盘
440,14:29:43,16.43,--,38,62434,卖盘
441,14:29:40,16.43,--,20,32860,卖盘
442,14:29:37,16.43,--,126,207609,买盘
443,14:29:34,16.43,--,19,31217,买盘
444,14:29:28,16.43,--,319,524117,买盘
445,14:29:25,16.43,--,38,62434,买盘
446,14:29:19,16.43,--,75,123225,买盘
447,14:29:16,16.43,--,28,46004,买盘
448,14:29:10,16.43,--,155,254665,卖盘
449,14:29:01,16.43,--,69,113367,卖盘
450,14:28:58,16.43,--,146,239878,卖盘
451,14:28:55,16.43,--,123,202089,卖盘
452,14:28:49,16.43,-0.01,9,14787,卖盘
453,14:28:46,16.44,0.02,30,49320,买盘
454,14:28:33,16.42,-0.01,951,1562789,卖盘
455,14:28:30,16.43,--,6,11369,买盘
456,14:28:27,16.43,--,80,131440,买盘
457,14:28:24,16.43,0.01,536,880648,买盘
458,14:28:21,16.42,-0.01,72,118224,卖盘
459,14:28:18,16.43,--,23,37920,卖盘
460,14:28:15,16.43,--,76,126379,买盘
461,14:28:09,16.43,--,556,913508,买盘
462,14:28:06,16.43,0.01,11,18073,买盘
463,14:28:03,16.42,-0.01,31,50902,卖盘
464,14:28:00,16.43,--,40,65720,买盘
465,14:27:57,16.43,--,32,52576,买盘
466,14:27:54,16.43,-0.01,224,368032,卖盘
467,14:27:48,16.44,0.01,15,24660,买盘
468,14:27:45,16.43,--,40,65720,卖盘
469,14:27:42,16.43,-0.01,201,330243,卖盘
470,14:27:39,16.44,--,25,41100,卖盘
471,14:27:36,16.44,0.01,35,57540,卖盘
472,14:27:33,16.43,-0.01,5,8215,卖盘
473,14:27:30,16.44,--,29,47676,买盘
474,14:27:27,16.44,0.01,16,26304,买盘
475,14:27:24,16.43,-0.01,74,121582,卖盘
476,14:27:21,16.44,--,5,8220,买盘
477,14:27:18,16.44,--,47,77268,卖盘
478,14:27:15,16.44,0.01,96,157824,中性盘
479,14:27:12,16.43,-0.01,1143,1878606,卖盘
480,14:27:09,16.44,0.01,21,34524,买盘
481,14:27:06,16.43,--,12,19716,卖盘
482,14:27:03,16.43,-0.01,24,39432,卖盘
483,14:26:51,16.44,--,36,59184,卖盘
484,14:26:48,16.44,-0.01,358,588552,卖盘
485,14:26:45,16.45,--,23,37835,买盘
486,14:26:42,16.45,--,7,11515,买盘
487,14:26:39,16.45,--,5,8225,买盘
488,14:26:36,16.45,--,149,245105,买盘
489,14:26:30,16.45,--,52,85540,买盘
490,14:26:27,16.45,-0.01,59,97055,卖盘
491,14:26:18,16.46,0.02,2,3292,买盘
492,14:26:15,16.44,-0.01,410,674040,卖盘
493,14:26:12,16.45,-0.01,5,8225,卖盘
494,14:26:06,16.46,0.01,56,92176,买盘
495,14:26:03,16.45,-0.01,26,42770,卖盘
496,14:26:00,16.46,--,30,49380,买盘
497,14:25:57,16.46,0.01,2,3292,买盘
498,14:25:54,16.45,--,67,110215,买盘
499,14:25:48,16.45,--,563,926661,买盘
500,14:25:39,16.45,-0.01,145,238525,卖盘
501,14:25:36,16.46,--,8,13168,买盘
502,14:25:30,16.46,0.01,14,23044,买盘
503,14:25:27,16.45,-0.01,335,551075,卖盘
504,14:25:21,16.46,-0.01,7,11522,卖盘
505,14:25:18,16.47,0.02,20,32940,买盘
506,14:25:15,16.45,--,21,34545,卖盘
507,14:25:12,16.45,-0.01,483,796048,卖盘
508,14:25:09,16.46,--,5,8230,卖盘
509,14:25:06,16.46,0.01,4,6584,中性盘
510,14:25:03,16.45,-0.01,239,393484,卖盘
511,14:25:00,16.46,--,17,29298,卖盘
512,14:24:57,16.46,--,27,44442,卖盘
513,14:24:51,16.46,--,8,13168,卖盘
514,14:24:51,16.46,--,18,29628,卖盘
515,14:24:39,16.46,--,132,217601,买盘
516,14:24:36,16.46,--,14,23044,买盘
517,14:24:33,16.46,--,20,32920,买盘
518,14:24:30,16.46,-0.01,148,243608,卖盘
519,14:24:27,16.47,--,143,235520,买盘
520,14:24:15,16.47,0.01,48,79056,买盘
521,14:24:09,16.46,-0.01,22,36212,卖盘
522,14:24:06,16.47,0.01,22,36234,买盘
523,14:24:03,16.46,-0.01,22,36212,卖盘
524,14:24:00,16.47,--,6,9882,买盘
525,14:23:54,16.47,--,34,55997,买盘
526,14:23:51,16.47,--,17,27998,买盘
527,14:23:45,16.47,--,21,34587,卖盘
528,14:23:42,16.47,-0.01,15,24705,卖盘
529,14:23:39,16.48,0.01,24,39552,买盘
530,14:23:36,16.47,-0.01,95,156465,卖盘
531,14:23:30,16.48,0.01,1,1648,买盘
532,14:23:27,16.47,0.01,29,47763,买盘
533,14:23:21,16.46,-0.01,237,390102,卖盘
534,14:23:15,16.47,--,146,240461,买盘
535,14:23:09,16.47,--,271,447061,买盘
536,14:23:03,16.47,0.01,99,163053,买盘
537,14:22:57,16.46,-0.01,15,24690,卖盘
538,14:22:54,16.47,--,26,42822,买盘
539,14:22:48,16.47,0.01,79,130112,买盘
540,14:22:42,16.46,-0.01,16,26336,卖盘
541,14:22:39,16.47,0.01,33,54350,买盘
542,14:22:36,16.46,-0.01,390,642005,卖盘
543,14:22:30,16.47,--,4,6588,买盘
544,14:22:27,16.47,--,40,65880,买盘
545,14:22:24,16.47,0.01,24,39528,买盘
546,14:22:18,16.46,-0.01,30,49380,卖盘
547,14:22:15,16.47,--,10,16470,卖盘
548,14:22:12,16.47,-0.01,55,90585,卖盘
549,14:22:06,16.48,0.01,6,9888,买盘
550,14:22:03,16.47,--,58,95526,买盘
551,14:22:00,16.47,0.01,1,1647,买盘
552,14:21:57,16.46,-0.01,14,23044,卖盘
553,14:21:54,16.47,0.01,11,18117,买盘
554,14:21:51,16.46,-0.02,305,502556,卖盘
555,14:21:48,16.48,0.01,286,471328,买盘
556,14:21:42,16.47,--,55,90585,卖盘
557,14:21:36,16.47,--,15,24705,卖盘
558,14:21:33,16.47,--,26,42822,买盘
559,14:21:30,16.47,0.01,53,87291,买盘
560,14:21:27,16.46,-0.01,5,8230,卖盘
561,14:21:24,16.47,--,39,64232,买盘
562,14:21:21,16.47,--,12,19764,买盘
563,14:21:15,16.47,0.01,102,167994,买盘
564,14:21:09,16.46,-0.01,282,464435,卖盘
565,14:21:06,16.47,0.01,3,4941,买盘
566,14:21:00,16.46,--,69,113574,卖盘
567,14:20:57,16.46,-0.01,15,24690,卖盘
568,14:20:54,16.47,0.01,2,3294,买盘
569,14:20:51,16.46,-0.01,3,4938,卖盘
570,14:20:48,16.47,--,4,6588,买盘
571,14:20:39,16.47,--,44,72468,买盘
572,14:20:39,16.47,-0.01,65,107054,中性盘
573,14:20:30,16.48,--,438,721922,买盘
574,14:20:27,16.48,0.01,108,178346,买盘
575,14:20:21,16.47,0.01,68,111995,买盘
576,14:20:18,16.46,--,29,47734,卖盘
577,14:20:12,16.46,-0.01,22,36212,卖盘
578,14:20:09,16.47,--,100,164700,买盘
579,14:20:06,16.47,0.01,32,52704,买盘
580,14:20:00,16.46,--,7,11522,卖盘
581,14:19:57,16.46,--,3,4938,卖盘
582,14:19:54,16.46,--,39,64194,卖盘
583,14:19:51,16.46,--,720,1185218,买盘
584,14:19:42,16.46,--,60,98760,买盘
585,14:19:39,16.46,0.01,49,80654,买盘
586,14:19:36,16.45,-0.02,5,8225,卖盘
587,14:19:33,16.47,0.01,78,128465,买盘
588,14:19:30,16.46,--,59,97114,买盘
589,14:19:27,16.46,--,101,166246,买盘
590,14:19:18,16.46,0.01,24,39504,买盘
591,14:19:15,16.45,-0.01,26,42770,卖盘
592,14:19:09,16.46,--,206,340557,卖盘
593,14:19:06,16.46,--,52,85592,卖盘
594,14:19:03,16.46,--,22,36212,卖盘
595,14:19:00,16.46,-0.01,11,18106,卖盘
596,14:18:57,16.47,--,4,6588,买盘
597,14:18:54,16.47,0.01,107,176229,买盘
598,14:18:48,16.46,--,82,134972,卖盘
599,14:18:42,16.46,--,4,6584,卖盘
600,14:18:39,16.46,--,20,32920,卖盘
601,14:18:33,16.46,--,103,169702,买盘
602,14:18:30,16.46,--,707,1163886,买盘
603,14:18:27,16.46,--,15,24690,买盘
604,14:18:24,16.46,--,31,51026,买盘
605,14:18:21,16.46,--,130,213980,买盘
606,14:18:18,16.46,--,163,268298,买盘
607,14:18:15,16.46,--,6,9876,买盘
608,14:18:09,16.46,--,14,23044,买盘
609,14:18:06,16.46,0.01,128,210688,买盘
610,14:18:03,16.45,-0.01,37,60865,卖盘
611,14:18:00,16.46,--,29,47734,买盘
612,14:17:57,16.46,--,12,19752,买盘
613,14:17:54,16.46,--,40,65840,买盘
614,14:17:51,16.46,--,141,232151,卖盘
615,14:17:48,16.46,--,20,32920,卖盘
616,14:17:39,16.46,--,20,32920,卖盘
617,14:17:36,16.46,--,66,110216,买盘
618,14:17:30,16.46,--,25,41150,买盘
619,14:17:27,16.46,--,20,32920,买盘
620,14:17:24,16.46,--,148,243608,买盘
621,14:17:18,16.46,--,318,523428,买盘
622,14:17:15,16.46,--,3,4938,买盘
623,14:17:12,16.46,-0.01,26,42796,卖盘
624,14:17:09,16.47,0.01,29,47763,买盘
625,14:17:06,16.46,--,45,74070,卖盘
626,14:17:03,16.46,-0.01,56,92176,卖盘
627,14:16:57,16.47,--,2,3294,买盘
628,14:16:54,16.47,--,41,67527,买盘
629,14:16:48,16.47,0.01,39,64232,买盘
630,14:16:45,16.46,--,5,8230,卖盘
631,14:16:42,16.46,-0.01,20,32920,卖盘
632,14:16:39,16.47,0.01,5,8235,买盘
633,14:16:36,16.46,-0.01,41,67486,卖盘
634,14:16:30,16.47,0.02,440,726096,买盘
635,14:16:24,16.45,-0.02,108,177660,卖盘
636,14:16:21,16.47,0.02,9,14822,买盘
637,14:16:15,16.45,--,89,146405,卖盘
638,14:16:12,16.45,-0.01,51,84553,卖盘
639,14:16:09,16.46,0.01,2,3292,买盘
640,14:16:06,16.45,-0.01,206,338870,卖盘
641,14:16:00,16.46,--,1,1646,买盘
642,14:15:54,16.46,--,164,269944,买盘
643,14:15:51,16.46,--,457,752222,卖盘
644,14:15:48,16.46,--,35,57610,卖盘
645,14:15:45,16.46,-0.01,127,209042,卖盘
646,14:15:33,16.47,--,11,18117,买盘
647,14:15:30,16.47,--,3,4941,买盘
648,14:15:27,16.47,--,209,344223,卖盘
649,14:15:24,16.47,-0.01,124,204228,卖盘
650,14:15:18,16.48,--,50,82400,买盘
651,14:15:15,16.48,--,2,3296,买盘
652,14:15:12,16.48,--,26,42848,买盘
653,14:15:06,16.48,--,662,1090976,卖盘
654,14:15:03,16.48,-0.01,22,36256,卖盘
655,14:15:00,16.49,0.01,9,14840,买盘
656,14:14:57,16.48,-0.01,150,247200,卖盘
657,14:14:54,16.49,0.01,53,87396,买盘
658,14:14:51,16.48,-0.01,6,9888,卖盘
659,14:14:48,16.49,--,2,3297,买盘
660,14:14:45,16.49,0.01,1,1648,买盘
661,14:14:42,16.48,-0.01,10,16480,卖盘
662,14:14:39,16.49,--,20,32980,买盘
663,14:14:36,16.49,0.01,130,214369,买盘
664,14:14:33,16.48,-0.01,393,648092,卖盘
665,14:14:30,16.49,--,8,13191,卖盘
666,14:14:27,16.49,--,101,166548,卖盘
667,14:14:24,16.49,--,141,232508,卖盘
668,14:14:21,16.49,--,9,14840,卖盘
669,14:14:15,16.49,-0.01,5,8245,卖盘
670,14:14:06,16.5,0.01,6,9900,买盘
671,14:14:03,16.49,--,1,1648,卖盘
672,14:14:00,16.49,--,24,39575,卖盘
673,14:13:57,16.49,-0.01,15,24734,卖盘
674,14:13:54,16.5,--,2,3300,买盘
675,14:13:51,16.5,--,10,16500,买盘
676,14:13:48,16.5,--,97,161502,卖盘
677,14:13:45,16.5,-0.01,12,19800,卖盘
678,14:13:42,16.51,0.01,9,14859,买盘
679,14:13:39,16.5,--,27,44550,卖盘
680,14:13:36,16.5,--,61,100650,卖盘
681,14:13:33,16.5,--,63,103950,卖盘
682,14:13:30,16.5,--,48,79200,卖盘
683,14:13:27,16.5,-0.01,20,33000,卖盘
684,14:13:24,16.51,0.01,105,173355,买盘
685,14:13:15,16.5,--,10,16500,卖盘
686,14:13:12,16.5,--,217,358116,卖盘
687,14:13:09,16.5,--,11,18150,卖盘
688,14:13:06,16.5,-0.01,27,44550,卖盘
689,14:13:03,16.51,0.01,132,217932,买盘
690,14:12:57,16.5,--,57,94050,卖盘
691,14:12:54,16.5,--,13,21450,卖盘
692,14:12:51,16.5,--,3,4950,卖盘
693,14:12:45,16.5,--,111,183150,卖盘
694,14:12:42,16.5,--,18,29700,卖盘
695,14:12:36,16.5,-0.01,40,66000,卖盘
696,14:12:30,16.51,--,574,948598,买盘
697,14:12:27,16.51,--,19,31369,买盘
698,14:12:24,16.51,--,26,42926,卖盘
699,14:12:21,16.51,-0.01,21,34671,卖盘
700,14:12:18,16.52,--,20,33040,买盘
701,14:12:06,16.52,--,42,69384,买盘
702,14:12:03,16.52,--,26,42952,买盘
703,14:11:57,16.52,--,2,3304,买盘
704,14:11:54,16.52,--,307,507164,买盘
705,14:11:48,16.52,--,2,3304,买盘
706,14:11:45,16.52,--,3,4956,买盘
707,14:11:42,16.52,--,2,3304,买盘
708,14:11:39,16.52,0.02,5,8260,买盘
709,14:11:36,16.5,-0.02,10,16500,卖盘
710,14:11:33,16.52,0.01,19,31388,买盘
711,14:11:30,16.51,-0.01,43,70993,卖盘
712,14:11:24,16.52,0.01,312,515424,买盘
713,14:11:18,16.51,--,31,51181,买盘
714,14:11:15,16.51,--,10,16510,买盘
715,14:11:12,16.51,--,83,138155,买盘
716,14:11:09,16.51,--,26,42926,买盘
717,14:11:06,16.51,0.01,60,99060,买盘
718,14:11:03,16.5,-0.01,32,52800,卖盘
719,14:10:57,16.51,--,10,16510,买盘
720,14:10:54,16.51,0.01,60,99060,买盘
721,14:10:51,16.5,--,2,3300,卖盘
722,14:10:48,16.5,--,75,123750,卖盘
723,14:10:39,16.5,--,109,181236,买盘
724,14:10:36,16.5,--,90,148500,买盘
725,14:10:33,16.5,--,16,26400,买盘
726,14:10:30,16.5,0.01,873,1441407,买盘
727,14:10:27,16.49,--,3,4946,卖盘
728,14:10:21,16.49,--,34,56329,买盘
729,14:10:18,16.49,0.01,291,479858,买盘
730,14:10:15,16.48,-0.01,7,11536,卖盘
731,14:10:09,16.49,--,3,4946,买盘
732,14:10:06,16.49,--,82,135218,买盘
733,14:10:02,16.49,0.01,87,143463,买盘
734,14:09:59,16.48,-0.01,79,130192,卖盘
735,14:09:56,16.49,--,58,95641,买盘
736,14:09:53,16.49,-0.01,261,431708,卖盘
737,14:09:50,16.5,0.01,10,16500,买盘
738,14:09:44,16.49,0.01,113,186666,买盘
739,14:09:38,16.48,-0.01,26,42848,卖盘
740,14:09:35,16.49,-0.01,102,169517,卖盘
741,14:09:32,16.5,0.01,481,793980,买盘
742,14:09:26,16.49,--,27,44522,买盘
743,14:09:23,16.49,--,40,65960,买盘
744,14:09:20,16.49,--,23,37927,买盘
745,14:09:17,16.49,--,65,107184,买盘
746,14:09:14,16.49,--,72,118727,买盘
747,14:09:11,16.49,--,84,138516,卖盘
748,14:09:08,16.49,--,48,79151,卖盘
749,14:09:05,16.49,-0.01,20,32980,卖盘
750,14:09:02,16.5,0.01,248,409200,买盘
751,14:08:59,16.49,--,5,8245,买盘
752,14:08:56,16.49,0.01,9,14840,中性盘
753,14:08:50,16.48,-0.01,143,235664,卖盘
754,14:08:47,16.49,--,100,164899,卖盘
755,14:08:44,16.49,--,311,513168,买盘
756,14:08:38,16.49,--,5,8245,买盘
757,14:08:35,16.49,--,55,90694,买盘
758,14:08:32,16.49,-0.01,881,1452768,卖盘
759,14:08:26,16.5,--,2,3300,买盘
760,14:08:23,16.5,--,17,28050,买盘
761,14:08:17,16.5,--,26,42900,买盘
762,14:08:14,16.5,--,50,82500,买盘
763,14:08:11,16.5,0.01,5,8250,买盘
764,14:08:08,16.49,--,72,118727,卖盘
765,14:08:05,16.49,-0.01,54,89045,卖盘
766,14:07:59,16.5,--,239,394350,买盘
767,14:07:56,16.5,--,4,6600,买盘
768,14:07:53,16.5,-0.01,31,52305,卖盘
769,14:07:50,16.51,--,43,70993,买盘
770,14:07:47,16.51,--,16,26416,买盘
771,14:07:44,16.51,--,2,3302,买盘
772,14:07:41,16.51,--,27,44577,买盘
773,14:07:38,16.51,0.01,328,541528,买盘
774,14:07:35,16.5,-0.01,5,8250,卖盘
775,14:07:32,16.51,0.01,38,62738,买盘
776,14:07:29,16.5,--,61,100650,卖盘
777,14:07:26,16.5,--,9,14850,卖盘
778,14:07:23,16.5,--,30,49500,卖盘
779,14:07:20,16.5,--,38,62700,卖盘
780,14:07:17,16.5,-0.01,20,33000,卖盘
781,14:07:14,16.51,0.01,37,61087,买盘
782,14:07:08,16.5,-0.01,344,567864,卖盘
783,14:07:05,16.51,--,66,108966,买盘
784,14:06:59,16.51,0.01,2,3302,买盘
785,14:06:56,16.5,-0.01,7,11550,卖盘
786,14:06:53,16.51,0.01,62,102362,买盘
787,14:06:50,16.5,-0.01,1,1650,卖盘
788,14:06:47,16.51,--,27,44577,买盘
789,14:06:41,16.51,--,18,29718,买盘
790,14:06:38,16.51,--,30,49530,买盘
791,14:06:35,16.51,--,53,87503,买盘
792,14:06:32,16.51,-0.01,165,274032,卖盘
793,14:06:26,16.52,0.01,63,104076,买盘
794,14:06:23,16.51,-0.01,15,24765,卖盘
795,14:06:20,16.52,--,19,31388,卖盘
796,14:06:17,16.52,--,15,24780,卖盘
797,14:06:14,16.52,-0.01,51,84252,卖盘
798,14:06:11,16.53,0.01,5,8265,中性盘
799,14:06:05,16.52,-0.01,22,36344,卖盘
800,14:06:02,16.53,0.02,6,9918,买盘
801,14:05:53,16.51,-0.01,25,41275,卖盘
802,14:05:50,16.52,--,263,434806,买盘
803,14:05:47,16.52,--,16,26432,买盘
804,14:05:41,16.52,0.01,5,8260,买盘
805,14:05:38,16.51,-0.01,5,8255,卖盘
806,14:05:35,16.52,-0.03,59,97468,卖盘
807,14:05:29,16.55,0.03,300,496500,买盘
808,14:05:23,16.52,--,10,16520,卖盘
809,14:05:20,16.52,0.01,81,133812,买盘
810,14:05:17,16.51,--,36,59436,卖盘
811,14:05:14,16.51,--,176,290576,卖盘
812,14:05:11,16.51,--,342,565896,卖盘
813,14:05:08,16.51,-0.01,4,6604,卖盘
814,14:05:05,16.52,--,19,31388,买盘
815,14:04:59,16.52,0.01,10,16520,买盘
816,14:04:56,16.51,-0.01,62,102362,卖盘
817,14:04:53,16.52,--,124,204848,卖盘
818,14:04:50,16.52,--,6,9912,卖盘
819,14:04:44,16.52,--,6,9912,买盘
820,14:04:41,16.52,-0.01,6,9912,中性盘
821,14:04:38,16.53,0.02,103,170259,买盘
822,14:04:32,16.51,-0.02,82,135382,卖盘
823,14:04:29,16.53,0.01,411,679779,买盘
824,14:04:26,16.52,--,21,34692,卖盘
825,14:04:23,16.52,-0.01,5,8260,卖盘
826,14:04:20,16.53,-0.01,167,277274,卖盘
827,14:04:14,16.54,--,69,114126,买盘
828,14:04:14,16.54,0.01,22,36388,中性盘
829,14:04:08,16.53,-0.02,90,148770,卖盘
830,14:04:05,16.55,--,300,496500,买盘
831,14:04:02,16.55,0.02,1,1655,买盘
832,14:03:59,16.53,-0.01,118,195054,卖盘
833,14:03:56,16.54,--,26,44459,买盘
834,14:03:53,16.54,--,208,345255,买盘
835,14:03:50,16.54,--,27,44658,买盘
836,14:03:47,16.54,--,8,13232,买盘
837,14:03:38,16.54,0.01,75,124050,买盘
838,14:03:35,16.53,--,122,201666,卖盘
839,14:03:29,16.53,--,22,36366,卖盘
840,14:03:23,16.53,-0.01,5,8265,卖盘
841,14:03:17,16.54,0.01,182,301028,买盘
842,14:03:11,16.53,-0.01,30,49590,卖盘
843,14:03:08,16.54,-0.01,55,90970,卖盘
844,14:03:05,16.55,0.01,23,38065,买盘
845,14:03:02,16.54,--,6,9924,卖盘
846,14:02:59,16.54,--,20,33080,卖盘
847,14:02:53,16.54,--,5,8270,卖盘
848,14:02:50,16.54,-0.01,1,1654,卖盘
849,14:02:47,16.55,--,41,67855,买盘
850,14:02:44,16.55,0.01,14,23170,买盘
851,14:02:41,16.54,-0.01,5,8270,卖盘
852,14:02:35,16.55,--,217,359730,卖盘
853,14:02:23,16.55,--,18,29790,卖盘
854,14:02:20,16.55,--,60,99300,卖盘
855,14:02:17,16.55,--,35,57925,卖盘
856,14:02:11,16.55,--,3,4965,卖盘
857,14:02:08,16.55,-0.01,5,8275,卖盘
858,14:02:05,16.56,--,11,18216,买盘
859,14:02:02,16.56,--,31,51335,买盘
860,14:01:59,16.56,0.01,47,77832,买盘
861,14:01:53,16.55,-0.01,27,44685,卖盘
862,14:01:50,16.56,--,2,3311,买盘
863,14:01:47,16.56,--,110,182160,卖盘
864,14:01:44,16.56,-0.01,8,13247,卖盘
865,14:01:38,16.57,0.01,10,16570,买盘
866,14:01:35,16.56,--,134,221903,卖盘
867,14:01:29,16.56,--,21,34776,卖盘
868,14:01:26,16.56,--,5,8280,卖盘
869,14:01:23,16.56,--,54,89424,卖盘
870,14:01:17,16.56,0.01,114,189843,买盘
871,14:01:11,16.55,--,8,14398,卖盘
872,14:01:08,16.55,--,55,91025,卖盘
873,14:01:05,16.55,--,54,89370,卖盘
874,14:01:02,16.55,-0.01,41,67855,卖盘
875,14:00:59,16.56,--,20,33120,买盘
876,14:00:56,16.56,--,76,125855,买盘
877,14:00:53,16.56,--,2,3311,买盘
878,14:00:50,16.56,0.01,53,87768,买盘
879,14:00:47,16.55,-0.01,28,46340,卖盘
880,14:00:44,16.56,--,34,56303,买盘
881,14:00:41,16.56,--,2,3311,买盘
882,14:00:38,16.56,--,6,9936,买盘
883,14:00:35,16.56,--,118,196103,买盘
884,14:00:29,16.56,--,20,33120,买盘
885,14:00:26,16.56,0.01,27,44712,买盘
886,14:00:23,16.55,-0.01,62,102610,卖盘
887,14:00:17,16.56,--,9,14903,买盘
888,14:00:11,16.56,0.01,19,31463,买盘
889,14:00:08,16.55,-0.01,5,8275,卖盘
890,14:00:05,16.56,--,26,43056,买盘
891,13:59:59,16.56,0.01,51,84456,买盘
892,13:59:56,16.55,-0.01,6,9930,卖盘
893,13:59:53,16.56,0.01,5,8280,买盘
894,13:59:50,16.55,--,81,135511,买盘
895,13:59:47,16.55,--,15,24825,买盘
896,13:59:41,16.55,0.01,242,400510,买盘
897,13:59:38,16.54,-0.01,42,69468,买盘
898,13:59:35,16.55,0.01,39,65240,买盘
899,13:59:29,16.54,-0.01,50,82700,卖盘
900,13:59:26,16.55,0.01,159,263145,买盘
901,13:59:20,16.54,-0.01,22,36388,卖盘
902,13:59:17,16.55,--,1,1655,买盘
903,13:59:14,16.55,--,10,16550,买盘
904,13:59:11,16.55,--,133,220412,买盘
905,13:59:08,16.55,--,21,34755,买盘
906,13:59:05,16.55,--,72,119160,买盘
907,13:58:56,16.55,0.01,43,71165,买盘
908,13:58:50,16.54,-0.01,30,49620,卖盘
909,13:58:47,16.55,0.01,3,4965,买盘
910,13:58:44,16.54,-0.01,1,1654,卖盘
911,13:58:41,16.55,--,44,72820,买盘
912,13:58:35,16.55,0.01,21,34755,买盘
913,13:58:29,16.54,--,124,206319,卖盘
914,13:58:26,16.54,--,30,49620,卖盘
915,13:58:23,16.54,-0.01,149,246446,卖盘
916,13:58:14,16.55,0.01,218,361882,买盘
917,13:58:11,16.54,-0.01,2,3308,卖盘
918,13:58:08,16.55,--,7,11585,买盘
919,13:58:02,16.55,--,31,51305,买盘
920,13:57:56,16.55,--,2,3310,买盘
921,13:57:53,16.55,--,152,253115,买盘
922,13:57:50,16.55,0.02,23,38065,买盘
923,13:57:41,16.53,-0.02,159,262827,卖盘
924,13:57:35,16.55,0.01,3,4965,买盘
925,13:57:29,16.54,--,6,9924,卖盘
926,13:57:23,16.54,-0.01,12,19848,卖盘
927,13:57:20,16.55,0.01,20,33100,买盘
928,13:57:17,16.54,-0.01,10,16540,卖盘
929,13:57:14,16.55,--,52,86060,买盘
930,13:57:11,16.55,0.01,101,167684,买盘
931,13:57:08,16.54,--,20,33080,卖盘
932,13:56:59,16.54,--,5,8270,卖盘
933,13:56:56,16.54,-0.01,1,1654,卖盘
934,13:56:53,16.55,0.01,2,3310,买盘
935,13:56:50,16.54,--,1,1654,卖盘
936,13:56:47,16.54,--,3,5292,卖盘
937,13:56:38,16.54,--,4,6616,卖盘
938,13:56:35,16.54,--,30,49620,卖盘
939,13:56:29,16.54,0.01,459,760509,买盘
940,13:56:23,16.53,--,225,371925,卖盘
941,13:56:17,16.53,-0.01,40,66120,卖盘
942,13:56:11,16.54,--,2,3308,买盘
943,13:56:02,16.54,--,60,99240,买盘
944,13:55:59,16.54,0.01,7,11578,买盘
945,13:55:56,16.53,--,12,19836,卖盘
946,13:55:53,16.53,-0.01,235,389281,卖盘
947,13:55:50,16.54,0.01,18,29772,买盘
948,13:55:47,16.53,-0.01,100,165300,卖盘
949,13:55:41,16.54,0.01,2,3308,买盘
950,13:55:32,16.53,-0.01,20,33060,卖盘
951,13:55:26,16.54,0.01,5,8270,买盘
952,13:55:20,16.53,--,30,49590,卖盘
953,13:55:17,16.53,--,32,52896,卖盘
954,13:55:14,16.53,--,10,16530,卖盘
955,13:55:11,16.53,--,140,232874,卖盘
956,13:55:08,16.53,-0.01,2,3306,卖盘
957,13:55:05,16.54,--,5,8270,买盘
958,13:55:02,16.54,--,55,90970,买盘
959,13:54:59,16.54,--,55,90970,卖盘
960,13:54:53,16.54,--,47,77738,卖盘
961,13:54:47,16.54,0.01,140,231560,买盘
962,13:54:44,16.53,--,16,26448,卖盘
963,13:54:41,16.53,-0.01,50,82650,卖盘
964,13:54:35,16.54,-0.01,20,33080,中性盘
965,13:54:32,16.55,0.02,257,426758,买盘
966,13:54:29,16.53,-0.01,5,8265,卖盘
967,13:54:26,16.54,--,10,16540,买盘
968,13:54:23,16.54,0.01,5,8270,买盘
969,13:54:20,16.53,-0.01,6,9918,卖盘
970,13:54:14,16.54,--,8,13232,买盘
971,13:54:11,16.54,--,253,418462,买盘
972,13:54:08,16.54,--,1,1654,买盘
973,13:54:05,16.54,--,46,76084,买盘
974,13:54:02,16.54,--,30,49620,买盘
975,13:53:59,16.54,--,34,56236,买盘
976,13:53:56,16.54,--,32,52928,买盘
977,13:53:53,16.54,--,10,16540,买盘
978,13:53:50,16.54,-0.01,20,33080,卖盘
979,13:53:47,16.55,0.02,24,39720,买盘
980,13:53:38,16.53,-0.02,5,8265,卖盘
981,13:53:35,16.55,0.02,3,4965,买盘
982,13:53:23,16.53,-0.02,2,3306,卖盘
983,13:53:20,16.55,--,2,3310,买盘
984,13:53:14,16.55,0.02,320,529600,买盘
985,13:53:11,16.53,--,10,16530,买盘
986,13:53:05,16.53,-0.02,687,1137098,卖盘
987,13:53:02,16.55,--,10,16550,买盘
988,13:52:59,16.55,--,2,3310,买盘
989,13:52:56,16.55,-0.01,22,36410,中性盘
990,13:52:50,16.56,--,102,168912,买盘
991,13:52:47,16.56,--,4,6623,买盘
992,13:52:41,16.56,0.01,2,3311,买盘
993,13:52:38,16.55,--,59,97678,买盘
994,13:52:35,16.55,--,20,33100,买盘
995,13:52:32,16.55,-0.01,166,274862,卖盘
996,13:52:26,16.56,0.01,14,23184,买盘
997,13:52:20,16.55,-0.01,24,39720,卖盘
998,13:52:17,16.56,--,50,82800,买盘
999,13:52:14,16.56,--,46,76176,买盘
1000,13:52:05,16.56,0.01,2,3311,买盘
1001,13:52:02,16.55,--,15,24825,卖盘
1002,13:51:49,16.55,0.01,214,355692,买盘
1003,13:51:46,16.54,-0.01,7,11578,卖盘
1004,13:51:43,16.55,--,56,92680,买盘
1005,13:51:40,16.55,--,73,120815,买盘
1006,13:51:37,16.55,--,43,71165,买盘
1007,13:51:34,16.55,--,57,94335,买盘
1008,13:51:31,16.55,0.01,12,19860,买盘
1009,13:51:28,16.54,-0.01,14,23156,卖盘
1010,13:51:25,16.55,0.01,200,331000,买盘
1011,13:51:22,16.54,--,34,56236,卖盘
1012,13:51:19,16.54,--,19,31426,卖盘
1013,13:51:16,16.54,--,53,87662,卖盘
1014,13:51:10,16.54,-0.01,202,335695,卖盘
1015,13:51:07,16.55,0.01,5,8275,买盘
1016,13:51:04,16.54,-0.01,27,44658,卖盘
1017,13:50:55,16.55,0.01,5,8275,买盘
1018,13:50:49,16.54,-0.01,36,59544,卖盘
1019,13:50:43,16.55,--,50,82750,买盘
1020,13:50:40,16.55,--,17,28135,买盘
1021,13:50:37,16.55,0.01,6,9930,买盘
1022,13:50:34,16.54,--,4,6616,卖盘
1023,13:50:28,16.54,--,166,276151,卖盘
1024,13:50:22,16.54,--,40,66160,卖盘
1025,13:50:19,16.54,0.01,185,307114,买盘
1026,13:50:13,16.53,-0.01,2,3306,卖盘
1027,13:50:10,16.54,0.01,4,6616,买盘
1028,13:50:07,16.53,--,11,18183,卖盘
1029,13:50:01,16.53,--,10,16530,卖盘
1030,13:49:58,16.53,--,9,14877,卖盘
1031,13:49:55,16.53,--,204,338071,买盘
1032,13:49:52,16.53,--,42,69426,买盘
1033,13:49:49,16.53,0.01,6,9918,买盘
1034,13:49:43,16.52,-0.01,46,75992,卖盘
1035,13:49:40,16.53,0.01,10,16530,买盘
1036,13:49:34,16.52,--,108,178416,卖盘
1037,13:49:31,16.52,-0.01,105,173460,卖盘
1038,13:49:25,16.53,0.01,22,36366,买盘
1039,13:49:22,16.52,-0.01,40,66080,卖盘
1040,13:49:19,16.53,--,16,26448,买盘
1041,13:49:16,16.53,0.01,1,1653,买盘
1042,13:49:10,16.52,--,3,4956,卖盘
1043,13:49:04,16.52,-0.02,116,191632,卖盘
1044,13:49:01,16.54,0.01,3,4962,买盘
1045,13:48:58,16.53,0.01,14,23142,中性盘
1046,13:48:55,16.52,--,28,46256,卖盘
1047,13:48:52,16.52,-0.01,110,181720,卖盘
1048,13:48:46,16.53,--,44,72732,买盘
1049,13:48:43,16.53,-0.01,141,233601,卖盘
1050,13:48:37,16.54,--,33,54582,买盘
1051,13:48:34,16.54,0.01,6,9924,买盘
1052,13:48:31,16.53,-0.01,85,141629,卖盘
1053,13:48:22,16.54,-0.01,29,47966,卖盘
1054,13:48:13,16.55,0.02,10,16550,买盘
1055,13:48:07,16.53,-0.02,151,249603,卖盘
1056,13:48:01,16.55,--,5,8275,买盘
1057,13:47:55,16.55,0.01,12,19860,买盘
1058,13:47:49,16.54,-0.01,48,79392,卖盘
1059,13:47:43,16.55,0.01,7,11585,买盘
1060,13:47:37,16.54,--,7,11578,卖盘
1061,13:47:31,16.54,-0.01,8,13232,中性盘
1062,13:47:25,16.55,0.01,165,273075,买盘
1063,13:47:13,16.54,0.01,4,6616,卖盘
1064,13:47:10,16.53,-0.02,83,138190,卖盘
1065,13:47:07,16.55,0.01,13,21515,买盘
1066,13:47:04,16.54,--,24,39696,买盘
1067,13:47:01,16.54,--,28,46312,卖盘
1068,13:46:58,16.54,-0.01,39,64506,卖盘
1069,13:46:55,16.55,--,8,13240,买盘
1070,13:46:52,16.55,--,11,18205,买盘
1071,13:46:43,16.55,--,2,3310,买盘
1072,13:46:40,16.55,--,2,3310,买盘
1073,13:46:37,16.55,--,13,21846,卖盘
1074,13:46:31,16.55,-0.01,138,229714,卖盘
1075,13:46:28,16.56,--,141,233495,买盘
1076,13:46:22,16.56,--,27,44712,买盘
1077,13:46:10,16.56,--,117,193818,卖盘
1078,13:46:04,16.56,-0.01,100,165600,卖盘
1079,13:46:01,16.57,--,40,66280,买盘
1080,13:45:58,16.57,0.01,15,24855,买盘
1081,13:45:55,16.56,--,3,4968,卖盘
1082,13:45:52,16.56,-0.01,84,140362,卖盘
1083,13:45:49,16.57,0.01,7,11599,买盘
1084,13:45:46,16.56,--,13,21528,卖盘
1085,13:45:43,16.56,-0.01,5,8280,卖盘
1086,13:45:37,16.57,--,12,19884,买盘
1087,13:45:34,16.57,--,103,170671,买盘
1088,13:45:28,16.57,--,21,34797,买盘
1089,13:45:22,16.57,--,120,199569,卖盘
1090,13:45:13,16.57,--,37,61309,卖盘
1091,13:45:10,16.57,--,262,435061,买盘
1092,13:45:04,16.57,0.01,49,81193,买盘
1093,13:44:58,16.56,0.01,86,142747,买盘
1094,13:44:52,16.55,--,2,3310,买盘
1095,13:44:49,16.55,-0.01,11,19529,卖盘
1096,13:44:46,16.56,--,47,77832,买盘
1097,13:44:43,16.56,--,10,16560,买盘
1098,13:44:37,16.56,0.01,25,41400,买盘
1099,13:44:34,16.55,--,2,3310,卖盘
1100,13:44:31,16.55,-0.01,60,99631,卖盘
1101,13:44:28,16.56,0.01,30,49679,买盘
1102,13:44:25,16.55,-0.02,24,39720,卖盘
1103,13:44:19,16.57,0.01,23,38111,买盘
1104,13:44:16,16.56,0.04,65,107639,买盘
1105,13:44:13,16.52,-0.04,161,265972,卖盘
1106,13:44:07,16.56,0.02,51,84456,买盘
1107,13:44:04,16.54,-0.01,39,64506,卖盘
1108,13:43:58,16.55,0.01,2,3310,中性盘
1109,13:43:52,16.54,-0.01,23,38042,卖盘
1110,13:43:46,16.55,--,18,29790,买盘
1111,13:43:40,16.55,--,3,4965,买盘
1112,13:43:34,16.55,0.01,5,8275,买盘
1113,13:43:31,16.54,--,120,198480,卖盘
1114,13:43:28,16.54,-0.01,25,41350,卖盘
1115,13:43:25,16.55,0.01,15,24825,买盘
1116,13:43:22,16.54,--,3,4962,卖盘
1117,13:43:16,16.54,--,5,8270,卖盘
1118,13:43:13,16.54,0.01,202,334108,买盘
1119,13:43:10,16.53,0.01,221,366437,买盘
1120,13:43:07,16.52,--,49,81740,卖盘
1121,13:43:04,16.52,--,30,49560,卖盘
1122,13:43:01,16.52,--,3,4956,卖盘
1123,13:42:58,16.52,--,268,443595,买盘
1124,13:42:55,16.52,0.01,8,13216,买盘
1125,13:42:52,16.51,--,8,13208,卖盘
1126,13:42:49,16.51,--,153,252603,卖盘
1127,13:42:43,16.51,-0.01,131,216281,卖盘
1128,13:42:40,16.52,--,147,242844,买盘
1129,13:42:34,16.52,0.01,36,59472,买盘
1130,13:42:31,16.51,--,339,560019,卖盘
1131,13:42:25,16.51,--,30,49530,卖盘
1132,13:42:22,16.51,--,169,279019,卖盘
1133,13:42:19,16.51,--,1,1651,卖盘
1134,13:42:16,16.51,-0.01,17,28067,卖盘
1135,13:42:13,16.52,--,119,196588,买盘
1136,13:42:07,16.52,--,14,23128,买盘
1137,13:42:01,16.52,-0.01,317,524476,卖盘
1138,13:41:58,16.53,--,9,14877,卖盘
1139,13:41:55,16.53,--,5,8265,卖盘
1140,13:41:52,16.53,--,78,129132,卖盘
1141,13:41:49,16.53,--,20,33060,卖盘
1142,13:41:46,16.53,--,30,49590,卖盘
1143,13:41:43,16.53,--,10,16530,卖盘
1144,13:41:40,16.53,--,14,23142,卖盘
1145,13:41:37,16.53,-0.01,61,100833,卖盘
1146,13:41:34,16.54,0.01,2,3308,买盘
1147,13:41:31,16.53,--,10,16530,卖盘
1148,13:41:28,16.53,--,30,49590,卖盘
1149,13:41:22,16.53,--,133,220510,买盘
1150,13:41:19,16.53,-0.01,43,72070,卖盘
1151,13:41:16,16.54,0.01,18,30433,买盘
1152,13:41:10,16.53,--,227,376850,卖盘
1153,13:41:07,16.53,--,11,18183,卖盘
1154,13:41:04,16.53,--,64,105792,卖盘
1155,13:41:01,16.53,--,10,16530,卖盘
1156,13:40:58,16.53,-0.01,36,59508,卖盘
1157,13:40:55,16.54,--,3,4962,买盘
1158,13:40:52,16.54,--,35,57890,买盘
1159,13:40:49,16.54,0.01,91,150514,买盘
1160,13:40:46,16.53,-0.01,11,18216,卖盘
1161,13:40:43,16.54,-0.01,33,56202,卖盘
1162,13:40:40,16.55,--,5,8275,买盘
1163,13:40:37,16.55,--,58,96420,买盘
1164,13:40:31,16.55,-0.01,3,4965,中性盘
1165,13:40:28,16.56,0.03,248,410687,买盘
1166,13:40:25,16.53,-0.01,10,16530,卖盘
1167,13:40:22,16.54,-0.01,140,231560,卖盘
1168,13:40:19,16.55,--,3,4965,买盘
1169,13:40:13,16.55,--,26,43030,卖盘
1170,13:40:07,16.55,-0.01,15,24825,卖盘
1171,13:40:04,16.56,0.01,35,57959,买盘
1172,13:39:58,16.55,--,10,16550,卖盘
1173,13:39:55,16.55,0.01,15,24825,买盘
1174,13:39:52,16.54,-0.01,1,1654,卖盘
1175,13:39:49,16.55,--,47,79009,卖盘
1176,13:39:46,16.55,-0.01,121,200255,卖盘
1177,13:39:43,16.56,--,31,51335,买盘
1178,13:39:40,16.56,--,20,33120,买盘
1179,13:39:37,16.56,0.01,87,144072,买盘
1180,13:39:34,16.55,--,10,16550,卖盘
1181,13:39:28,16.55,--,13,21515,卖盘
1182,13:39:25,16.55,0.02,381,630985,买盘
1183,13:39:22,16.53,-0.01,1,1653,卖盘
1184,13:39:16,16.54,--,22,37611,卖盘
1185,13:39:13,16.54,--,57,94708,卖盘
1186,13:39:10,16.54,--,10,16540,卖盘
1187,13:39:04,16.54,--,11,18194,卖盘
1188,13:38:58,16.54,-0.01,19,31426,卖盘
1189,13:38:55,16.55,0.01,45,74475,买盘
1190,13:38:49,16.54,--,30,49620,卖盘
1191,13:38:46,16.54,--,10,16540,卖盘
1192,13:38:40,16.54,--,90,148860,买盘
1193,13:38:34,16.54,--,122,202284,买盘
1194,13:38:28,16.54,0.01,45,74430,买盘
1195,13:38:22,16.53,-0.01,3,4959,卖盘
1196,13:38:16,16.54,--,5,8270,买盘
1197,13:38:13,16.54,--,11,18194,买盘
1198,13:38:10,16.54,--,1,1654,买盘
1199,13:38:07,16.54,--,24,39696,买盘
1200,13:38:04,16.54,--,21,34734,买盘
1201,13:38:01,16.54,--,37,61198,买盘
1202,13:37:58,16.54,--,123,204500,买盘
1203,13:37:49,16.54,--,69,114126,卖盘
1204,13:37:46,16.54,0.01,190,314260,买盘
1205,13:37:43,16.53,-0.01,140,231420,卖盘
1206,13:37:40,16.54,--,7,11578,买盘
1207,13:37:37,16.54,-0.01,37,61198,买盘
1208,13:37:34,16.55,0.02,3,4965,买盘
1209,13:37:31,16.53,--,13,21489,卖盘
1210,13:37:25,16.53,--,26,42978,卖盘
1211,13:37:22,16.53,--,31,51243,卖盘
1212,13:37:13,16.53,--,372,615610,卖盘
1213,13:37:10,16.53,-0.01,71,118024,卖盘
1214,13:37:04,16.54,--,115,190210,买盘
1215,13:37:01,16.54,0.01,6,9924,买盘
1216,13:36:58,16.53,-0.01,20,33060,卖盘
1217,13:36:55,16.54,0.01,5,8270,买盘
1218,13:36:52,16.53,-0.01,8,13224,卖盘
1219,13:36:49,16.54,0.01,22,36388,买盘
1220,13:36:43,16.53,--,6,9918,卖盘
1221,13:36:34,16.53,--,101,167614,卖盘
1222,13:36:31,16.53,-0.02,14,23142,卖盘
1223,13:36:28,16.55,0.01,56,92680,买盘
1224,13:36:25,16.54,-0.01,200,332189,卖盘
1225,13:36:22,16.55,--,32,52960,买盘
1226,13:36:19,16.55,--,50,82750,买盘
1227,13:36:13,16.55,0.01,5,8275,买盘
1228,13:36:04,16.54,-0.02,203,336985,卖盘
1229,13:36:01,16.56,--,6,9936,买盘
1230,13:35:55,16.56,0.01,35,57959,买盘
1231,13:35:52,16.55,-0.01,35,58553,卖盘
1232,13:35:46,16.56,--,8,13247,买盘
1233,13:35:43,16.56,0.01,5,8280,买盘
1234,13:35:40,16.55,-0.01,10,16550,卖盘
1235,13:35:34,16.56,0.01,146,241775,买盘
1236,13:35:31,16.55,--,10,16550,卖盘
1237,13:35:28,16.55,--,5,8275,卖盘
1238,13:35:25,16.55,-0.01,5,8275,卖盘
1239,13:35:22,16.56,0.01,55,91080,买盘
1240,13:35:19,16.55,--,30,49650,卖盘
1241,13:35:16,16.55,0.01,108,180196,买盘
1242,13:35:13,16.54,--,24,39696,卖盘
1243,13:35:10,16.54,-0.01,120,199273,卖盘
1244,13:35:07,16.55,0.01,1,1655,买盘
1245,13:35:04,16.54,--,184,304336,卖盘
1246,13:35:01,16.54,--,42,69468,卖盘
1247,13:34:52,16.54,--,12,19848,卖盘
1248,13:34:49,16.54,--,37,61198,卖盘
1249,13:34:43,16.54,-0.01,16,26464,卖盘
1250,13:34:40,16.55,0.01,119,196945,买盘
1251,13:34:34,16.54,--,52,86008,卖盘
1252,13:34:31,16.54,-0.01,161,267418,卖盘
1253,13:34:28,16.55,--,14,23170,买盘
1254,13:34:19,16.55,--,28,46340,买盘
1255,13:34:16,16.55,--,34,56270,买盘
1256,13:34:13,16.55,--,121,200255,买盘
1257,13:34:10,16.55,0.01,58,95990,买盘
1258,13:34:07,16.54,--,30,49620,卖盘
1259,13:34:04,16.54,--,50,82700,卖盘
1260,13:34:01,16.54,--,30,49620,卖盘
1261,13:33:55,16.54,0.01,169,279526,买盘
1262,13:33:52,16.53,--,315,521686,卖盘
1263,13:33:49,16.53,--,34,56202,卖盘
1264,13:33:46,16.53,--,9,14877,卖盘
1265,13:33:43,16.53,-0.01,80,132240,卖盘
1266,13:33:40,16.54,--,10,16540,买盘
1267,13:33:37,16.54,0.01,25,41350,买盘
1268,13:33:34,16.53,--,7,11571,卖盘
1269,13:33:28,16.53,-0.02,22,36366,卖盘
1270,13:33:25,16.55,0.02,6,9930,买盘
1271,13:33:19,16.53,-0.02,31,51243,卖盘
1272,13:33:13,16.55,0.01,3,4965,买盘
1273,13:33:10,16.54,-0.03,151,249754,卖盘
1274,13:33:07,16.57,0.02,179,296603,买盘
1275,13:33:01,16.55,-0.02,2,3310,卖盘
1276,13:32:58,16.57,0.01,207,342999,买盘
1277,13:32:55,16.56,--,71,117575,卖盘
1278,13:32:52,16.56,-0.01,126,208655,卖盘
1279,13:32:49,16.57,--,31,51367,卖盘
1280,13:32:46,16.57,--,23,38111,卖盘
1281,13:32:42,16.57,-0.01,32,53024,卖盘
1282,13:32:39,16.58,--,16,26527,买盘
1283,13:32:36,16.58,0.01,85,140930,买盘
1284,13:32:33,16.57,-0.01,78,129643,卖盘
1285,13:32:30,16.58,--,84,139272,卖盘
1286,13:32:24,16.58,--,166,275228,卖盘
1287,13:32:21,16.58,--,63,104453,卖盘
1288,13:32:18,16.58,--,41,67978,卖盘
1289,13:32:15,16.58,--,34,56371,卖盘
1290,13:32:09,16.58,--,23,38133,卖盘
1291,13:32:03,16.58,-0.02,6,9947,卖盘
1292,13:32:00,16.6,0.02,70,116200,买盘
1293,13:31:57,16.58,--,48,79583,卖盘
1294,13:31:54,16.58,--,12,19895,卖盘
1295,13:31:48,16.58,--,296,491696,卖盘
1296,13:31:45,16.58,-0.01,2,3315,卖盘
1297,13:31:42,16.59,0.01,5,8295,买盘
1298,13:31:39,16.58,--,5,8290,卖盘
1299,13:31:36,16.58,--,30,49739,卖盘
1300,13:31:33,16.58,-0.02,6,9947,卖盘
1301,13:31:30,16.6,--,15,24900,买盘
1302,13:31:27,16.6,--,82,136120,买盘
1303,13:31:24,16.6,--,10,16600,买盘
1304,13:31:21,16.6,--,12,19920,买盘
1305,13:31:18,16.6,0.02,60,99600,买盘
1306,13:31:12,16.58,-0.02,270,447991,卖盘
1307,13:31:09,16.6,-0.01,16,26892,卖盘
1308,13:31:06,16.61,0.01,20,33220,买盘
1309,13:31:03,16.6,--,172,286848,买盘
1310,13:31:00,16.6,--,60,99600,买盘
1311,13:30:57,16.6,0.01,2,3320,买盘
1312,13:30:51,16.59,-0.01,13,21567,卖盘
1313,13:30:42,16.6,-0.01,41,68392,卖盘
1314,13:30:39,16.61,0.01,137,227557,买盘
1315,13:30:33,16.6,-0.01,118,197208,卖盘
1316,13:30:30,16.61,0.01,24,39864,买盘
1317,13:30:27,16.6,-0.01,21,34860,卖盘
1318,13:30:18,16.61,0.01,16,26576,买盘
1319,13:30:15,16.6,--,221,366860,买盘
1320,13:30:06,16.6,-0.01,21,34860,中性盘
1321,13:30:00,16.61,0.01,170,282370,买盘
1322,13:29:57,16.6,--,55,91300,买盘
1323,13:29:54,16.6,--,85,142096,卖盘
1324,13:29:51,16.6,-0.01,293,487044,卖盘
1325,13:29:48,16.61,0.01,577,958397,买盘
1326,13:29:42,16.6,--,33,54780,卖盘
1327,13:29:39,16.6,--,57,94620,卖盘
1328,13:29:36,16.6,--,24,39840,卖盘
1329,13:29:33,16.6,--,31,51460,卖盘
1330,13:29:30,16.6,--,31,51460,卖盘
1331,13:29:27,16.6,--,41,68060,卖盘
1332,13:29:24,16.6,--,15,24900,买盘
1333,13:29:21,16.6,--,35,58100,买盘
1334,13:29:18,16.6,--,146,242360,买盘
1335,13:29:15,16.6,--,25,41500,买盘
1336,13:29:12,16.6,--,29,48140,买盘
1337,13:29:09,16.6,--,194,322903,卖盘
1338,13:29:06,16.6,-0.01,51,84660,卖盘
1339,13:29:03,16.61,0.01,76,126236,买盘
1340,13:29:00,16.6,-0.01,33,54780,卖盘
1341,13:28:57,16.61,--,7,11627,买盘
1342,13:28:54,16.61,0.01,180,299843,买盘
1343,13:28:51,16.6,--,36,59760,卖盘
1344,13:28:48,16.6,-0.01,155,257300,卖盘
1345,13:28:42,16.61,0.01,16,26576,中性盘
1346,13:28:39,16.6,--,564,936240,卖盘
1347,13:28:36,16.6,-0.01,127,210820,卖盘
1348,13:28:27,16.61,0.01,154,255794,买盘
1349,13:28:24,16.6,--,120,199200,卖盘
1350,13:28:21,16.6,0.01,210,350193,买盘
1351,13:28:18,16.59,--,700,1161963,卖盘
1352,13:28:15,16.59,-0.01,351,582309,卖盘
1353,13:28:12,16.6,--,158,262280,买盘
1354,13:28:06,16.6,-0.01,92,153782,卖盘
1355,13:28:03,16.61,0.01,108,179388,买盘
1356,13:28:00,16.6,-0.01,512,849920,卖盘
1357,13:27:57,16.61,--,275,456775,买盘
1358,13:27:54,16.61,-0.01,214,355885,买盘
1359,13:27:51,16.62,--,10,16620,买盘
1360,13:27:48,16.62,0.01,248,412176,买盘
1361,13:27:45,16.61,-0.01,515,856112,卖盘
1362,13:27:42,16.62,--,192,319104,买盘
1363,13:27:39,16.62,-0.01,101,167862,中性盘
1364,13:27:36,16.63,--,454,755002,买盘
1365,13:27:33,16.63,--,26,43238,买盘
1366,13:27:30,16.63,--,131,217853,买盘
1367,13:27:27,16.63,--,316,525508,买盘
1368,13:27:21,16.63,0.01,212,352556,买盘
1369,13:27:18,16.62,-0.01,143,237666,卖盘
1370,13:27:15,16.63,0.02,179,297677,买盘
1371,13:27:12,16.61,-0.01,121,200981,卖盘
1372,13:27:09,16.62,--,364,605931,买盘
1373,13:27:03,16.62,0.01,256,425472,买盘
1374,13:27:00,16.61,-0.01,42,69762,卖盘
1375,13:26:57,16.62,0.01,70,116340,买盘
1376,13:26:51,16.61,--,74,122914,买盘
1377,13:26:48,16.61,--,99,164439,卖盘
1378,13:26:45,16.61,0.01,120,199320,买盘
1379,13:26:42,16.6,--,256,425790,卖盘
1380,13:26:39,16.6,--,32,53120,卖盘
1381,13:26:36,16.6,0.01,300,498332,买盘
1382,13:26:30,16.59,-0.01,592,982128,卖盘
1383,13:26:27,16.6,0.01,331,549460,买盘
1384,13:26:24,16.59,-0.01,1343,2228037,卖盘
1385,13:26:21,16.6,--,258,428280,买盘
1386,13:26:18,16.6,--,659,1093940,买盘
1387,13:26:12,16.6,0.02,331,549460,买盘
1388,13:26:09,16.58,-0.01,297,492425,卖盘
1389,13:26:03,16.59,--,315,522585,买盘
1390,13:26:00,16.59,0.02,250,414750,买盘
1391,13:25:57,16.57,0.02,1813,3004141,买盘
1392,13:25:51,16.55,--,294,487563,卖盘
1393,13:25:48,16.55,-0.01,36,59580,卖盘
1394,13:25:45,16.56,0.01,604,1000952,买盘
1395,13:25:39,16.55,0.01,68,112540,买盘
1396,13:25:36,16.54,-0.01,28,46312,卖盘
1397,13:25:33,16.55,--,86,142330,买盘
1398,13:25:30,16.55,0.02,39,64545,买盘
1399,13:25:27,16.53,-0.02,31,51243,卖盘
1400,13:25:24,16.55,0.03,64,105920,买盘
1401,13:25:21,16.52,0.01,1,1652,中性盘
1402,13:25:15,16.51,-0.01,10,16510,卖盘
1403,13:25:09,16.52,-0.03,3,4956,卖盘
1404,13:25:03,16.55,0.04,3500,5792500,买盘
1405,13:25:00,16.51,--,34,56167,卖盘
1406,13:24:57,16.51,--,30,49530,卖盘
1407,13:24:54,16.51,-0.01,32,52832,卖盘
1408,13:24:51,16.52,0.01,59,97468,买盘
1409,13:24:48,16.51,--,14,23114,卖盘
1410,13:24:45,16.51,-0.01,11,18161,卖盘
1411,13:24:42,16.52,0.01,27,44604,买盘
1412,13:24:39,16.51,-0.01,7,11557,卖盘
1413,13:24:36,16.52,--,33,54516,买盘
1414,13:24:33,16.52,--,195,323758,买盘
1415,13:24:30,16.52,--,50,82600,买盘
1416,13:24:27,16.52,0.01,200,330400,买盘
1417,13:24:24,16.51,-0.01,119,196469,卖盘
1418,13:24:21,16.52,--,17,28084,买盘
1419,13:24:15,16.52,0.01,33,54516,买盘
1420,13:24:09,16.51,--,35,57785,卖盘
1421,13:24:03,16.51,--,42,69342,卖盘
1422,13:24:00,16.51,--,96,158496,买盘
1423,13:23:57,16.51,--,96,158826,买盘
1424,13:23:51,16.51,0.01,22,36322,买盘
1425,13:23:48,16.5,-0.02,5,8250,卖盘
1426,13:23:45,16.52,0.01,16,26432,买盘
1427,13:23:39,16.51,--,517,853567,卖盘
1428,13:23:36,16.51,--,2,3302,卖盘
1429,13:23:33,16.51,--,6,9906,卖盘
1430,13:23:27,16.51,0.01,31,51181,买盘
1431,13:23:18,16.5,-0.01,100,165000,卖盘
1432,13:23:15,16.51,0.01,94,155194,买盘
1433,13:23:12,16.5,--,217,358380,卖盘
1434,13:23:06,16.5,--,572,944790,卖盘
1435,13:23:03,16.5,--,13,21450,卖盘
1436,13:22:57,16.5,--,75,123750,卖盘
1437,13:22:54,16.5,--,19,31350,卖盘
1438,13:22:51,16.5,--,9,14850,卖盘
1439,13:22:45,16.5,--,1,1650,卖盘
1440,13:22:39,16.5,--,2,3300,卖盘
1441,13:22:36,16.5,-0.01,120,198363,卖盘
1442,13:22:33,16.51,0.01,153,252603,买盘
1443,13:22:27,16.5,-0.01,15,24750,卖盘
1444,13:22:21,16.51,0.01,23,37973,买盘
1445,13:22:18,16.5,-0.01,59,97350,卖盘
1446,13:22:12,16.51,--,216,357243,卖盘
1447,13:22:09,16.51,-0.01,10,16510,卖盘
1448,13:22:06,16.52,0.01,13,21476,买盘
1449,13:22:03,16.51,--,1,1651,卖盘
1450,13:22:00,16.51,--,7,11557,卖盘
1451,13:21:57,16.51,-0.01,11,18161,卖盘
1452,13:21:54,16.52,0.01,22,36344,买盘
1453,13:21:51,16.51,--,101,167774,卖盘
1454,13:21:45,16.51,--,9,14859,卖盘
1455,13:21:42,16.51,--,23,37973,卖盘
1456,13:21:39,16.51,--,35,57785,卖盘
1457,13:21:36,16.51,-0.01,90,148590,卖盘
1458,13:21:30,16.52,0.01,34,56168,买盘
1459,13:21:27,16.51,-0.01,9,14859,卖盘
1460,13:21:24,16.52,0.01,13,21476,买盘
1461,13:21:21,16.51,--,59,97409,买盘
1462,13:21:15,16.51,0.01,201,331851,买盘
1463,13:21:12,16.5,--,48,79200,卖盘
1464,13:21:09,16.5,-0.01,129,212883,卖盘
1465,13:21:06,16.51,--,228,376428,买盘
1466,13:20:57,16.51,--,154,254254,买盘
1467,13:20:57,16.51,--,12,19812,买盘
1468,13:20:54,16.51,0.01,23,37973,买盘
1469,13:20:48,16.5,--,10,16500,卖盘
1470,13:20:45,16.5,-0.01,6,9900,卖盘
1471,13:20:42,16.51,--,45,74295,买盘
1472,13:20:39,16.51,0.01,11,18161,买盘
1473,13:20:36,16.5,--,217,358050,卖盘
1474,13:20:30,16.5,-0.01,275,454608,卖盘
1475,13:20:27,16.51,--,12,19812,买盘
1476,13:20:24,16.51,--,16,26416,买盘
1477,13:20:18,16.51,--,20,33020,买盘
1478,13:20:12,16.51,0.01,50,82550,买盘
1479,13:20:09,16.5,-0.01,43,70950,卖盘
1480,13:20:06,16.51,--,2,3302,买盘
1481,13:20:03,16.51,--,380,627380,买盘
1482,13:20:00,16.51,--,102,168402,买盘
1483,13:19:57,16.51,0.01,204,336804,买盘
1484,13:19:54,16.5,--,52,85800,卖盘
1485,13:19:51,16.5,-0.01,438,723409,卖盘
1486,13:19:48,16.51,--,76,125476,买盘
1487,13:19:45,16.51,0.01,60,99060,买盘
1488,13:19:42,16.5,--,1,1650,卖盘
1489,13:19:39,16.5,--,126,207900,卖盘
1490,13:19:33,16.5,0.01,628,1037751,买盘
1491,13:19:30,16.49,--,3,4946,买盘
1492,13:19:24,16.49,--,61,100588,买盘
1493,13:19:21,16.49,-0.01,7,11542,卖盘
1494,13:19:15,16.5,0.02,22,36300,买盘
1495,13:19:09,16.48,--,139,230654,卖盘
1496,13:19:03,16.48,-0.01,130,214240,卖盘
1497,13:19:00,16.49,--,89,147931,买盘
1498,13:18:54,16.49,--,217,357832,买盘
1499,13:18:51,16.49,--,10,16490,买盘
1500,13:18:48,16.49,--,27,44522,买盘
1501,13:18:42,16.49,--,55,90694,买盘
1502,13:18:39,16.49,--,5,8245,买盘
1503,13:18:36,16.49,--,63,103886,卖盘
1504,13:18:33,16.49,-0.01,8,13191,卖盘
1505,13:18:30,16.5,0.01,32,52800,买盘
1506,13:18:27,16.49,--,3,4946,卖盘
1507,13:18:21,16.49,--,5,8245,卖盘
1508,13:18:18,16.49,--,54,89045,卖盘
1509,13:18:15,16.49,--,32,52767,卖盘
1510,13:18:12,16.49,0.01,17,28032,卖盘
1511,13:18:06,16.48,-0.02,22,36256,卖盘
1512,13:18:00,16.5,--,10,16500,买盘
1513,13:17:57,16.5,0.01,46,75900,买盘
1514,13:17:54,16.49,--,53,87396,卖盘
1515,13:17:48,16.49,--,257,425244,买盘
1516,13:17:45,16.49,--,82,135218,买盘
1517,13:17:42,16.49,-0.01,92,151708,卖盘
1518,13:17:39,16.5,--,50,82500,买盘
1519,13:17:36,16.5,0.02,12,19800,买盘
1520,13:17:33,16.48,-0.01,161,265328,卖盘
1521,13:17:30,16.49,--,16,27208,买盘
1522,13:17:27,16.49,--,5,8245,买盘
1523,13:17:24,16.49,-0.01,33,54416,中性盘
1524,13:17:21,16.5,0.01,120,198000,买盘
1525,13:17:18,16.49,--,100,164899,买盘
1526,13:17:15,16.49,--,6,9893,买盘
1527,13:17:12,16.49,-0.01,112,184687,卖盘
1528,13:17:09,16.5,0.01,200,330000,买盘
1529,13:17:06,16.49,-0.01,42,69258,卖盘
1530,13:17:03,16.5,--,24,39600,买盘
1531,13:16:57,16.5,--,11,18150,买盘
1532,13:16:45,16.5,0.01,50,82500,买盘
1533,13:16:42,16.49,--,15,24734,卖盘
1534,13:16:36,16.49,0.01,1,1648,卖盘
1535,13:16:33,16.48,--,38,62624,卖盘
1536,13:16:30,16.48,-0.01,154,254583,卖盘
1537,13:16:27,16.49,--,30,49469,卖盘
1538,13:16:24,16.49,--,175,288575,买盘
1539,13:16:21,16.49,--,29,47820,买盘
1540,13:16:18,16.49,--,30,49469,买盘
1541,13:16:15,16.49,--,49,80800,买盘
1542,13:16:12,16.49,--,14,23085,买盘
1543,13:16:08,16.49,--,31,51118,买盘
1544,13:16:05,16.49,--,39,64310,买盘
1545,13:15:59,16.49,--,37,61012,买盘
1546,13:15:56,16.49,--,10,16490,买盘
1547,13:15:53,16.49,0.01,62,103227,买盘
1548,13:15:50,16.48,--,12,19776,卖盘
1549,13:15:47,16.48,-0.01,30,49440,卖盘
1550,13:15:44,16.49,0.01,229,377620,买盘
1551,13:15:38,16.48,--,42,69216,买盘
1552,13:15:35,16.48,0.01,14,23072,买盘
1553,13:15:29,16.47,-0.01,8,13176,卖盘
1554,13:15:26,16.48,0.01,7,11536,买盘
1555,13:15:20,16.47,0.01,5,8235,卖盘
1556,13:15:17,16.46,-0.02,172,283112,买盘
1557,13:15:14,16.48,0.02,32,52736,买盘
1558,13:15:11,16.46,--,293,483331,卖盘
1559,13:15:05,16.46,-0.02,19,31274,卖盘
1560,13:15:02,16.48,0.01,50,82400,买盘
1561,13:14:59,16.47,--,45,74115,卖盘
1562,13:14:56,16.47,--,48,79056,卖盘
1563,13:14:47,16.47,-0.01,7,11529,卖盘
1564,13:14:44,16.48,0.01,12,19776,买盘
1565,13:14:41,16.47,--,10,16470,卖盘
1566,13:14:35,16.47,0.01,3,4941,中性盘
1567,13:14:29,16.46,-0.02,184,303456,卖盘
1568,13:14:23,16.48,--,85,140080,买盘
1569,13:14:20,16.48,0.01,43,70864,买盘
1570,13:14:17,16.47,-0.01,54,89415,卖盘
1571,13:14:14,16.48,--,10,16480,买盘
1572,13:14:08,16.48,--,12,19776,买盘
1573,13:14:05,16.48,--,20,32960,买盘
1574,13:13:59,16.48,0.01,5,8240,买盘
1575,13:13:53,16.47,--,86,142580,卖盘
1576,13:13:47,16.47,-0.01,1,1647,卖盘
1577,13:13:44,16.48,--,15,24720,买盘
1578,13:13:35,16.48,--,36,59328,买盘
1579,13:13:29,16.48,--,21,34608,买盘
1580,13:13:14,16.48,--,2,3296,买盘
1581,13:13:11,16.48,0.01,114,188630,买盘
1582,13:13:05,16.47,--,1,1647,卖盘
1583,13:13:02,16.47,-0.01,132,217403,卖盘
1584,13:12:53,16.48,0.01,25,41200,买盘
1585,13:12:47,16.47,--,6,9882,卖盘
1586,13:12:35,16.47,--,86,142761,买盘
1587,13:12:32,16.47,-0.01,18,30304,卖盘
1588,13:12:29,16.48,--,5,8240,买盘
1589,13:12:26,16.48,--,3,4944,买盘
1590,13:12:23,16.48,--,15,24720,买盘
1591,13:12:17,16.48,--,2,3296,买盘
1592,13:12:08,16.48,--,2,4894,卖盘
1593,13:12:02,16.48,--,6,9937,买盘
1594,13:11:59,16.48,--,13,21424,买盘
1595,13:11:56,16.48,0.01,27,44496,买盘
1596,13:11:53,16.47,-0.01,27,45457,买盘
1597,13:11:50,16.48,0.01,104,171392,买盘
1598,13:11:47,16.47,-0.01,23,37881,卖盘
1599,13:11:44,16.48,0.01,6,9888,买盘
1600,13:11:41,16.47,--,76,125171,卖盘
1601,13:11:38,16.47,--,5,8235,卖盘
1602,13:11:35,16.47,--,39,64232,卖盘
1603,13:11:26,16.47,--,268,441395,买盘
1604,13:11:23,16.47,--,5,8235,买盘
1605,13:11:20,16.47,0.01,12,19764,买盘
1606,13:11:17,16.46,0.01,1,1646,中性盘
1607,13:11:14,16.45,--,43,70735,卖盘
1608,13:11:11,16.45,--,243,401182,卖盘
1609,13:11:08,16.45,-0.02,219,360255,卖盘
1610,13:10:59,16.47,--,35,57644,买盘
1611,13:10:53,16.47,0.02,49,80703,买盘
1612,13:10:50,16.45,-0.02,30,49350,卖盘
1613,13:10:44,16.47,0.01,22,36234,买盘
1614,13:10:41,16.46,0.01,34,55964,买盘
1615,13:10:35,16.45,-0.01,51,83895,卖盘
1616,13:10:32,16.46,--,20,32920,买盘
1617,13:10:29,16.46,--,139,229221,卖盘
1618,13:10:23,16.46,-0.01,15,24690,卖盘
1619,13:10:20,16.47,--,25,41175,买盘
1620,13:10:17,16.47,--,29,47763,买盘
1621,13:10:11,16.47,--,10,16470,买盘
1622,13:10:08,16.47,-0.01,6,9882,中性盘
1623,13:10:05,16.48,--,25,41200,买盘
1624,13:09:59,16.48,--,59,97232,买盘
1625,13:09:56,16.48,--,186,307747,买盘
1626,13:09:44,16.48,0.02,20,32960,买盘
1627,13:09:41,16.46,--,68,111928,买盘
1628,13:09:38,16.46,-0.01,81,133326,卖盘
1629,13:09:35,16.47,--,88,144936,卖盘
1630,13:09:32,16.47,--,74,121877,卖盘
1631,13:09:29,16.47,--,17,27998,买盘
1632,13:09:26,16.47,0.01,12,19764,买盘
1633,13:09:20,16.46,--,1,1646,卖盘
1634,13:09:17,16.46,--,41,67486,买盘
1635,13:09:14,16.46,--,43,70778,买盘
1636,13:09:11,16.46,--,279,459793,买盘
1637,13:09:08,16.46,0.01,10,16460,买盘
1638,13:09:05,16.45,--,16,26320,卖盘
1639,13:09:02,16.45,-0.01,31,50995,卖盘
1640,13:08:59,16.46,--,68,111928,卖盘
1641,13:08:56,16.46,--,7,11522,买盘
1642,13:08:53,16.46,--,2,3292,买盘
1643,13:08:50,16.46,-0.01,1,1646,中性盘
1644,13:08:47,16.47,--,5,8235,买盘
1645,13:08:44,16.47,0.01,201,331047,买盘
1646,13:08:38,16.46,--,565,929990,卖盘
1647,13:08:35,16.46,--,11,18106,卖盘
1648,13:08:29,16.46,--,227,373642,卖盘
1649,13:08:26,16.46,0.01,20,32920,买盘
1650,13:08:20,16.45,-0.01,4,6580,卖盘
1651,13:08:17,16.46,--,5,8230,买盘
1652,13:08:14,16.46,--,36,59256,买盘
1653,13:08:11,16.46,0.01,23,37858,买盘
1654,13:08:05,16.45,--,384,631680,卖盘
1655,13:08:02,16.45,--,19,31255,卖盘
1656,13:07:56,16.45,0.01,232,381640,买盘
1657,13:07:53,16.44,-0.01,1,1644,卖盘
1658,13:07:47,16.45,0.01,10,16450,买盘
1659,13:07:44,16.44,-0.01,55,90420,卖盘
1660,13:07:41,16.45,--,8,13160,买盘
1661,13:07:38,16.45,--,3,4935,卖盘
1662,13:07:35,16.45,-0.01,130,213850,中性盘
1663,13:07:29,16.46,0.01,22,36212,买盘
1664,13:07:23,16.45,--,166,273070,卖盘
1665,13:07:17,16.45,-0.01,165,272132,卖盘
1666,13:07:14,16.46,--,120,197520,买盘
1667,13:07:11,16.46,--,6,9876,买盘
1668,13:07:08,16.46,0.01,6,9876,买盘
1669,13:07:05,16.45,-0.01,252,414540,卖盘
1670,13:07:02,16.46,--,113,185998,买盘
1671,13:06:59,16.46,--,84,138264,买盘
1672,13:06:56,16.46,--,7,11522,买盘
1673,13:06:53,16.46,--,23,37858,买盘
1674,13:06:50,16.46,--,10,16460,买盘
1675,13:06:44,16.46,--,2,3292,买盘
1676,13:06:41,16.46,--,10,16460,买盘
1677,13:06:38,16.46,--,194,320591,卖盘
1678,13:06:35,16.46,-0.01,64,105344,卖盘
1679,13:06:32,16.47,--,10,16470,买盘
1680,13:06:29,16.47,--,2,3294,买盘
1681,13:06:26,16.47,0.01,6,9882,买盘
1682,13:06:23,16.46,-0.01,10,16460,卖盘
1683,13:06:17,16.47,0.01,5,8235,买盘
1684,13:06:14,16.46,-0.01,22,36212,卖盘
1685,13:06:11,16.47,--,5,8235,买盘
1686,13:06:08,16.47,0.01,13,21411,买盘
1687,13:06:05,16.46,--,1,1646,卖盘
1688,13:06:02,16.46,--,52,85592,卖盘
1689,13:05:59,16.46,--,3,4938,卖盘
1690,13:05:56,16.46,--,149,245632,卖盘
1691,13:05:53,16.46,--,9,14814,卖盘
1692,13:05:47,16.46,-0.02,32,52672,卖盘
1693,13:05:41,16.48,--,16,26368,买盘
1694,13:05:38,16.48,0.02,18,29664,买盘
1695,13:05:35,16.46,-0.02,284,467464,中性盘
1696,13:05:32,16.48,0.02,20,32960,买盘
1697,13:05:29,16.46,--,6,9876,买盘
1698,13:05:26,16.46,--,5,8230,买盘
1699,13:05:23,16.46,--,10,16460,买盘
1700,13:05:20,16.46,-0.02,198,325908,卖盘
1701,13:05:17,16.48,--,3,4944,买盘
1702,13:05:08,16.48,--,11,18128,买盘
1703,13:05:05,16.48,--,44,72512,买盘
1704,13:05:02,16.48,--,196,323337,卖盘
1705,13:04:56,16.48,--,5,8240,卖盘
1706,13:04:47,16.48,--,209,344432,买盘
1707,13:04:41,16.48,--,8,13184,买盘
1708,13:04:38,16.48,0.01,132,218854,买盘
1709,13:04:35,16.47,-0.01,33,54350,卖盘
1710,13:04:29,16.48,0.01,37,60976,买盘
1711,13:04:26,16.47,--,11,18117,卖盘
1712,13:04:20,16.47,-0.01,33,54350,卖盘
1713,13:04:17,16.48,0.01,40,65920,买盘
1714,13:04:14,16.47,-0.01,5,8235,卖盘
1715,13:04:11,16.48,0.01,17,28016,买盘
1716,13:04:08,16.47,--,11,18117,卖盘
1717,13:04:05,16.47,-0.01,92,151524,卖盘
1718,13:03:59,16.48,0.01,92,152571,买盘
1719,13:03:56,16.47,-0.01,50,82350,卖盘
1720,13:03:53,16.48,--,31,51088,买盘
1721,13:03:50,16.48,--,18,29664,买盘
1722,13:03:47,16.48,--,20,32960,买盘
1723,13:03:44,16.48,--,20,32960,买盘
1724,13:03:41,16.48,0.01,15,24720,买盘
1725,13:03:38,16.47,--,33,54350,卖盘
1726,13:03:32,16.47,--,45,74115,卖盘
1727,13:03:29,16.47,--,1,1647,卖盘
1728,13:03:26,16.47,--,117,192830,买盘
1729,13:03:23,16.47,--,23,37881,买盘
1730,13:03:20,16.47,0.01,3,4941,买盘
1731,13:03:17,16.46,-0.01,6,10731,卖盘
1732,13:03:14,16.47,--,58,95526,卖盘
1733,13:03:11,16.47,0.01,6,9882,买盘
1734,13:03:08,16.46,-0.01,25,41150,卖盘
1735,13:03:05,16.47,-0.01,20,32940,卖盘
1736,13:03:02,16.48,0.02,62,102176,买盘
1737,13:02:56,16.46,-0.01,113,185998,卖盘
1738,13:02:53,16.47,0.01,2,3294,买盘
1739,13:02:41,16.46,--,148,244579,买盘
1740,13:02:38,16.46,--,406,669576,买盘
1741,13:02:35,16.46,0.01,30,49380,买盘
1742,13:02:32,16.45,-0.01,390,641550,卖盘
1743,13:02:29,16.46,--,3,4938,买盘
1744,13:02:26,16.46,--,4,6584,买盘
1745,13:02:23,16.46,--,4,6584,买盘
1746,13:02:17,16.46,--,34,55964,买盘
1747,13:02:14,16.46,0.01,35,57610,买盘
1748,13:02:08,16.45,-0.01,88,144760,卖盘
1749,13:01:59,16.46,--,185,304510,卖盘
1750,13:01:56,16.46,-0.01,1,1646,卖盘
1751,13:01:53,16.47,0.01,2,3294,买盘
1752,13:01:50,16.46,--,21,34566,卖盘
1753,13:01:44,16.46,0.01,3,4938,中性盘
1754,13:01:35,16.45,--,21,34545,卖盘
1755,13:01:32,16.45,-0.01,446,733670,卖盘
1756,13:01:29,16.46,--,33,54416,买盘
1757,13:01:26,16.46,--,4,6584,买盘
1758,13:01:23,16.46,--,21,34566,买盘
1759,13:01:20,16.46,-0.01,300,495018,卖盘
1760,13:01:17,16.47,--,22,36234,买盘
1761,13:01:14,16.47,--,25,41175,买盘
1762,13:01:11,16.47,--,60,98820,买盘
1763,13:01:08,16.47,--,90,148230,买盘
1764,13:01:05,16.47,--,127,209169,买盘
1765,13:01:02,16.47,--,40,65880,买盘
1766,13:00:53,16.47,--,34,55997,买盘
1767,13:00:50,16.47,--,20,32940,买盘
1768,13:00:44,16.47,--,5,8235,买盘
1769,13:00:38,16.47,0.01,56,92232,买盘
1770,13:00:35,16.46,--,7,11522,卖盘
1771,13:00:26,16.46,--,35,58037,买盘
1772,13:00:23,16.46,--,100,164600,买盘
1773,13:00:20,16.46,--,23,37858,买盘
1774,13:00:17,16.46,--,83,136618,买盘
1775,13:00:14,16.46,0.01,28,46088,买盘
1776,13:00:11,16.45,-0.01,91,149695,卖盘
1777,13:00:05,16.46,0.01,163,268298,买盘
1778,13:00:02,16.45,--,408,672212,买盘
1779,11:30:03,16.45,0.01,5,8225,买盘
1780,11:29:57,16.44,--,143,235157,卖盘
1781,11:29:54,16.44,-0.01,14,23016,卖盘
1782,11:29:51,16.45,--,74,121730,买盘
1783,11:29:48,16.45,--,13,21385,买盘
1784,11:29:45,16.45,--,52,87020,卖盘
1785,11:29:39,16.45,--,15,24675,卖盘
1786,11:29:36,16.45,--,1,1645,卖盘
1787,11:29:33,16.45,-0.01,1,1645,卖盘
1788,11:29:30,16.46,0.01,15,24690,买盘
1789,11:29:27,16.45,0.01,0,164,中性盘
1790,11:29:21,16.44,--,4,7759,卖盘
1791,11:29:18,16.44,-0.01,145,239185,卖盘
1792,11:29:15,16.45,0.01,18,29610,买盘
1793,11:29:12,16.44,-0.01,11,18084,卖盘
1794,11:29:09,16.45,-0.01,26,42770,卖盘
1795,11:29:03,16.46,0.02,16,26336,买盘
1796,11:29:00,16.44,-0.01,90,147960,卖盘
1797,11:28:54,16.45,--,10,16450,买盘
1798,11:28:51,16.45,-0.01,2,3290,中性盘
1799,11:28:45,16.46,0.01,66,108636,买盘
1800,11:28:42,16.45,--,84,138180,卖盘
1801,11:28:39,16.45,-0.01,82,136304,卖盘
1802,11:28:33,16.46,--,133,218918,买盘
1803,11:28:24,16.46,0.01,10,16460,买盘
1804,11:28:21,16.45,-0.01,8,13160,卖盘
1805,11:28:15,16.46,0.01,130,213980,买盘
1806,11:28:12,16.45,-0.01,63,104457,卖盘
1807,11:28:09,16.46,--,42,69132,买盘
1808,11:28:03,16.46,--,5,8230,买盘
1809,11:28:00,16.46,0.02,25,41150,买盘
1810,11:27:57,16.44,-0.02,102,168016,卖盘
1811,11:27:54,16.46,0.03,26,42796,买盘
1812,11:27:48,16.43,-0.02,123,202089,卖盘
1813,11:27:45,16.45,--,29,47705,买盘
1814,11:27:42,16.45,0.01,47,77315,买盘
1815,11:27:39,16.44,0.01,26,42744,买盘
1816,11:27:36,16.43,-0.01,105,172515,中性盘
1817,11:27:30,16.44,0.01,105,172620,买盘
1818,11:27:27,16.43,-0.01,174,286539,卖盘
1819,11:27:24,16.44,0.01,115,190046,买盘
1820,11:27:18,16.43,0.01,6,9858,买盘
1821,11:27:15,16.42,-0.02,133,219880,卖盘
1822,11:27:09,16.44,--,81,133164,买盘
1823,11:27:03,16.44,--,7,11508,买盘
1824,11:27:00,16.44,--,21,34524,买盘
1825,11:26:57,16.44,-0.01,30,49320,买盘
1826,11:26:54,16.45,--,231,379995,买盘
1827,11:26:51,16.45,0.01,18,30695,买盘
1828,11:26:45,16.44,-0.01,56,92064,卖盘
1829,11:26:42,16.45,0.01,2,3290,买盘
1830,11:26:39,16.44,-0.01,100,165698,卖盘
1831,11:26:36,16.45,-0.01,10,16450,中性盘
1832,11:26:33,16.46,0.01,147,241962,买盘
1833,11:26:24,16.45,--,9,14805,买盘
1834,11:26:21,16.45,--,32,54268,卖盘
1835,11:26:18,16.45,--,152,250040,卖盘
1836,11:26:15,16.45,--,94,154630,卖盘
1837,11:26:09,16.45,--,42,69090,卖盘
1838,11:26:06,16.45,--,30,49350,卖盘
1839,11:26:03,16.45,-0.01,15,24675,卖盘
1840,11:26:00,16.46,0.01,11,18106,买盘
1841,11:25:57,16.45,--,152,251257,卖盘
1842,11:25:51,16.45,-0.01,2,4803,卖盘
1843,11:25:42,16.46,--,360,593136,卖盘
1844,11:25:39,16.46,--,46,76785,买盘
1845,11:25:36,16.46,--,29,47734,买盘
1846,11:25:33,16.46,--,2,3292,买盘
1847,11:25:30,16.46,--,1,1646,买盘
1848,11:25:27,16.46,--,12,19752,买盘
1849,11:25:24,16.46,--,137,226901,卖盘
1850,11:25:21,16.46,--,1,1646,卖盘
1851,11:25:18,16.46,--,4,6584,卖盘
1852,11:25:15,16.46,--,85,139910,卖盘
1853,11:25:12,16.46,--,75,123450,卖盘
1854,11:25:09,16.46,--,3,6287,卖盘
1855,11:25:06,16.46,--,5,8230,卖盘
1856,11:25:03,16.46,--,5,8230,卖盘
1857,11:24:57,16.46,--,51,83946,卖盘
1858,11:24:51,16.46,--,26,44326,卖盘
1859,11:24:42,16.46,--,149,245254,卖盘
1860,11:24:39,16.46,--,15,24690,卖盘
1861,11:24:36,16.46,--,241,398249,卖盘
1862,11:24:33,16.46,0.01,313,515938,买盘
1863,11:24:30,16.45,--,4,6580,卖盘
1864,11:24:27,16.45,--,2,3290,卖盘
1865,11:24:24,16.45,-0.01,13,21385,卖盘
1866,11:24:21,16.46,--,3,4938,买盘
1867,11:24:18,16.46,0.01,11,18106,买盘
1868,11:24:15,16.45,-0.01,359,590555,卖盘
1869,11:24:12,16.46,0.01,2,3292,买盘
1870,11:24:09,16.45,-0.01,34,55930,卖盘
1871,11:24:06,16.46,--,139,228794,买盘
1872,11:24:00,16.46,0.01,404,665658,买盘
1873,11:23:54,16.45,--,3,6481,卖盘
1874,11:23:48,16.45,--,365,600425,买盘
1875,11:23:45,16.45,0.01,165,271425,买盘
1876,11:23:42,16.44,--,84,138096,卖盘
1877,11:23:36,16.44,--,24,39456,卖盘
1878,11:23:30,16.44,--,26,42744,卖盘
1879,11:23:18,16.44,--,225,371363,买盘
1880,11:23:15,16.44,0.01,103,169332,买盘
1881,11:23:12,16.43,-0.01,1,1643,卖盘
1882,11:23:09,16.44,--,9,14796,买盘
1883,11:23:06,16.44,0.01,102,167688,买盘
1884,11:23:03,16.43,-0.01,142,233306,卖盘
1885,11:23:00,16.44,0.01,60,98640,买盘
1886,11:22:57,16.43,-0.01,7,11501,卖盘
1887,11:22:54,16.44,--,113,185887,卖盘
1888,11:22:51,16.44,--,103,170860,买盘
1889,11:22:48,16.44,--,11,18084,卖盘
1890,11:22:45,16.44,-0.01,173,285760,卖盘
1891,11:22:39,16.45,0.01,108,178745,买盘
1892,11:22:36,16.44,-0.01,26,42744,卖盘
1893,11:22:30,16.45,--,36,59220,买盘
1894,11:22:24,16.45,0.01,177,291165,买盘
1895,11:22:21,16.44,--,13,21372,买盘
1896,11:22:18,16.44,--,59,96996,买盘
1897,11:22:15,16.44,--,43,70692,买盘
1898,11:22:12,16.44,-0.01,40,66631,卖盘
1899,11:22:09,16.45,0.01,135,222075,买盘
1900,11:21:57,16.44,--,166,273676,卖盘
1901,11:21:54,16.44,0.01,39,64116,中性盘
1902,11:21:51,16.43,-0.01,180,297267,卖盘
1903,11:21:45,16.44,--,22,36168,卖盘
1904,11:21:42,16.44,--,10,16440,卖盘
1905,11:21:33,16.44,-0.01,47,77268,卖盘
1906,11:21:27,16.45,0.01,90,148050,买盘
1907,11:21:24,16.44,--,19,31236,卖盘
1908,11:21:18,16.44,--,284,468474,买盘
1909,11:21:15,16.44,0.01,1,1644,买盘
1910,11:21:12,16.43,-0.01,293,481399,卖盘
1911,11:21:09,16.44,--,73,120012,买盘
1912,11:21:06,16.44,0.01,20,32880,买盘
1913,11:21:03,16.43,--,118,193874,卖盘
1914,11:20:57,16.43,-0.01,16,26288,卖盘
1915,11:20:51,16.44,--,87,143143,卖盘
1916,11:20:51,16.44,0.01,73,121540,买盘
1917,11:20:45,16.43,-0.02,120,197160,卖盘
1918,11:20:42,16.45,0.01,115,189175,买盘
1919,11:20:39,16.44,--,322,529368,卖盘
1920,11:20:36,16.44,--,18,30940,卖盘
1921,11:20:26,16.44,-0.01,61,100284,卖盘
1922,11:20:23,16.45,--,6,9870,买盘
1923,11:20:17,16.45,--,604,993580,卖盘
1924,11:20:11,16.45,-0.01,100,164500,卖盘
1925,11:20:08,16.46,-0.01,340,560545,卖盘
1926,11:20:05,16.47,--,11,18117,买盘
1927,11:20:02,16.47,0.01,61,100467,买盘
1928,11:19:56,16.46,-0.01,310,511708,卖盘
1929,11:19:53,16.47,--,59,97173,买盘
1930,11:19:50,16.47,0.01,76,126703,买盘
1931,11:19:44,16.46,-0.01,276,454296,卖盘
1932,11:19:41,16.47,0.01,21,34587,买盘
1933,11:19:35,16.46,-0.01,95,156370,卖盘
1934,11:19:32,16.47,0.01,5,8235,买盘
1935,11:19:29,16.46,-0.01,2,3292,卖盘
1936,11:19:23,16.47,--,9,14822,买盘
1937,11:19:20,16.47,0.01,15,24705,中性盘
1938,11:19:14,16.46,-0.02,274,451004,卖盘
1939,11:19:08,16.48,0.01,77,127950,买盘
1940,11:18:59,16.47,--,21,34587,买盘
1941,11:18:56,16.47,--,36,59884,卖盘
1942,11:18:53,16.47,--,21,34587,卖盘
1943,11:18:50,16.47,--,42,70705,卖盘
1944,11:18:47,16.47,--,17,27998,卖盘
1945,11:18:44,16.47,-0.01,62,102114,卖盘
1946,11:18:41,16.48,--,4,6592,买盘
1947,11:18:38,16.48,0.01,109,180983,买盘
1948,11:18:35,16.47,-0.01,254,418387,卖盘
1949,11:18:32,16.48,--,6,9888,买盘
1950,11:18:29,16.48,--,105,173040,买盘
1951,11:18:26,16.48,0.01,2,3296,买盘
1952,11:18:23,16.47,--,50,82350,卖盘
1953,11:18:20,16.47,--,30,49410,卖盘
1954,11:18:17,16.47,--,8,13176,卖盘
1955,11:18:14,16.47,--,198,326106,卖盘
1956,11:18:08,16.47,-0.01,121,199287,卖盘
1957,11:18:05,16.48,--,6,9888,买盘
1958,11:18:02,16.48,0.01,67,110416,买盘
1959,11:17:56,16.47,-0.01,343,564970,卖盘
1960,11:17:53,16.48,0.01,105,173040,买盘
1961,11:17:50,16.47,--,25,41175,卖盘
1962,11:17:47,16.47,--,94,156349,卖盘
1963,11:17:41,16.47,-0.01,409,673623,卖盘
1964,11:17:38,16.48,--,41,67568,买盘
1965,11:17:32,16.48,-0.01,68,112080,卖盘
1966,11:17:29,16.49,0.01,2,3297,买盘
1967,11:17:26,16.48,--,3,6575,买盘
1968,11:17:23,16.48,0.01,40,65920,买盘
1969,11:17:20,16.47,-0.01,85,139995,卖盘
1970,11:17:17,16.48,--,212,350265,卖盘
1971,11:17:14,16.48,-0.01,95,156560,卖盘
1972,11:17:11,16.49,--,10,16490,买盘
1973,11:17:02,16.49,-0.01,16,26383,中性盘
1974,11:16:56,16.5,--,170,280747,买盘
1975,11:16:53,16.5,0.01,5,8250,买盘
1976,11:16:47,16.49,--,2,4815,卖盘
1977,11:16:44,16.49,--,13,21436,卖盘
1978,11:16:41,16.49,--,61,100588,卖盘
1979,11:16:38,16.49,--,13,21436,卖盘
1980,11:16:35,16.49,--,61,101248,卖盘
1981,11:16:29,16.49,--,5,8245,卖盘
1982,11:16:29,16.49,0.01,24,40449,买盘
1983,11:16:23,16.48,-0.01,3,6295,卖盘
1984,11:16:20,16.49,0.01,4,6595,买盘
1985,11:16:17,16.48,--,105,173040,卖盘
1986,11:16:11,16.48,-0.01,162,266976,卖盘
1987,11:16:08,16.49,--,6,9893,买盘
1988,11:16:05,16.49,--,128,211847,卖盘
1989,11:16:02,16.49,--,9,14840,卖盘
1990,11:15:56,16.49,--,90,149993,卖盘
1991,11:15:53,16.49,--,72,120261,卖盘
1992,11:15:44,16.49,-0.01,47,77502,卖盘
1993,11:15:38,16.5,0.01,6,9900,买盘
1994,11:15:35,16.49,--,71,118249,卖盘
1995,11:15:29,16.49,0.01,126,209307,买盘
1996,11:15:26,16.48,-0.01,1,1648,卖盘
1997,11:15:20,16.49,--,107,176442,买盘
1998,11:15:17,16.49,0.01,30,49469,买盘
1999,11:15:14,16.48,-0.01,30,49440,卖盘
2000,11:15:11,16.49,-0.01,123,203305,卖盘
2001,11:15:08,16.5,--,8,13200,买盘
2002,11:15:02,16.5,0.01,6,9900,买盘
2003,11:14:59,16.49,-0.01,5,8245,卖盘
2004,11:14:56,16.5,0.01,2,3300,买盘
2005,11:14:53,16.49,--,229,378791,买盘
2006,11:14:50,16.49,--,19,32848,买盘
2007,11:14:47,16.49,0.01,10,16490,买盘
2008,11:14:44,16.48,-0.01,134,220832,卖盘
2009,11:14:41,16.49,0.01,18,29681,买盘
2010,11:14:38,16.48,-0.01,295,487643,卖盘
2011,11:14:35,16.49,--,15,24734,买盘
2012,11:14:32,16.49,--,65,107531,买盘
2013,11:14:26,16.49,0.01,1,1648,买盘
2014,11:14:20,16.48,--,32,52736,卖盘
2015,11:14:17,16.48,-0.01,22,36256,卖盘
2016,11:14:14,16.49,0.01,649,1071124,买盘
2017,11:14:05,16.48,--,180,296640,买盘
2018,11:14:02,16.48,--,39,64272,买盘
2019,11:13:59,16.48,--,82,135136,买盘
2020,11:13:53,16.48,--,94,155027,卖盘
2021,11:13:50,16.48,-0.01,57,95468,卖盘
2022,11:13:44,16.49,--,44,72556,买盘
2023,11:13:41,16.49,--,8,13191,买盘
2024,11:13:38,16.49,--,2,3297,买盘
2025,11:13:32,16.49,--,24,39575,买盘
2026,11:13:29,16.49,0.01,4,6595,买盘
2027,11:13:26,16.48,0.01,12,19776,买盘
2028,11:13:23,16.47,-0.02,165,271755,卖盘
2029,11:13:17,16.49,0.01,35,58193,买盘
2030,11:13:14,16.48,--,499,823307,卖盘
2031,11:13:11,16.48,-0.01,223,367504,卖盘
2032,11:13:02,16.49,0.01,47,77502,买盘
2033,11:12:59,16.48,-0.01,5,8240,卖盘
2034,11:12:56,16.49,--,3,4946,买盘
2035,11:12:53,16.49,0.01,5,8245,买盘
2036,11:12:50,16.48,--,10,16480,卖盘
2037,11:12:47,16.48,-0.01,295,487676,卖盘
2038,11:12:41,16.49,--,1,1648,买盘
2039,11:12:38,16.49,--,58,95641,买盘
2040,11:12:35,16.49,-0.01,69,113780,卖盘
2041,11:12:32,16.5,0.01,22,36300,买盘
2042,11:12:26,16.49,--,6,9893,卖盘
2043,11:12:23,16.49,--,62,102237,卖盘
2044,11:12:20,16.49,--,8,13191,卖盘
2045,11:12:17,16.49,--,64,105535,买盘
2046,11:12:14,16.49,0.01,415,684334,买盘
2047,11:12:08,16.48,--,18,31015,卖盘
2048,11:12:05,16.48,--,61,100528,卖盘
2049,11:12:02,16.48,--,141,233010,买盘
2050,11:11:59,16.48,0.01,31,51088,买盘
2051,11:11:56,16.47,-0.01,701,1154579,卖盘
2052,11:11:53,16.48,--,52,85696,买盘
2053,11:11:47,16.48,--,49,82284,买盘
2054,11:11:44,16.48,--,1132,1865536,买盘
2055,11:11:41,16.48,--,78,128544,买盘
2056,11:11:38,16.48,--,196,323008,买盘
2057,11:11:35,16.48,--,3,4944,买盘
2058,11:11:32,16.48,--,10,16480,买盘
2059,11:11:29,16.48,--,59,97232,买盘
2060,11:11:26,16.48,--,14,23072,买盘
2061,11:11:20,16.48,--,6,9888,买盘
2062,11:11:17,16.48,--,416,685996,卖盘
2063,11:11:14,16.48,--,185,304880,卖盘
2064,11:11:11,16.48,-0.01,60,98880,卖盘
2065,11:11:05,16.49,0.01,10,16490,买盘
2066,11:11:02,16.48,-0.01,50,82400,卖盘
2067,11:10:56,16.49,0.01,45,74205,买盘
2068,11:10:53,16.48,--,46,75808,卖盘
2069,11:10:47,16.48,--,42,70732,卖盘
2070,11:10:44,16.48,-0.01,320,527360,卖盘
2071,11:10:41,16.49,--,16,26383,买盘
2072,11:10:38,16.49,--,311,512838,买盘
2073,11:10:35,16.49,--,99,163448,卖盘
2074,11:10:32,16.49,--,30,49469,卖盘
2075,11:10:29,16.49,--,21,34629,卖盘
2076,11:10:26,16.49,--,26,42873,卖盘
2077,11:10:23,16.49,--,0,131,卖盘
2078,11:10:17,16.49,-0.01,38,62661,卖盘
2079,11:10:14,16.5,--,54,89100,买盘
2080,11:10:11,16.5,0.01,4,6600,买盘
2081,11:10:08,16.49,--,34,57286,卖盘
2082,11:10:05,16.49,-0.01,22,36278,卖盘
2083,11:09:59,16.5,--,264,436029,买盘
2084,11:09:56,16.5,--,5,8250,买盘
2085,11:09:53,16.5,0.01,19,31350,买盘
2086,11:09:50,16.49,-0.01,7,13076,卖盘
2087,11:09:44,16.5,0.01,41,67650,买盘
2088,11:09:41,16.49,-0.01,144,237455,卖盘
2089,11:09:35,16.5,0.01,10,16500,买盘
2090,11:09:32,16.49,-0.01,21,34629,卖盘
2091,11:09:23,16.5,-0.01,228,377487,卖盘
2092,11:09:20,16.51,0.01,103,170416,买盘
2093,11:09:17,16.5,--,28,46629,卖盘
2094,11:09:14,16.5,--,29,47850,卖盘
2095,11:09:11,16.5,--,10,16500,卖盘
2096,11:09:08,16.5,--,5,8250,卖盘
2097,11:09:02,16.5,--,7,11550,卖盘
2098,11:08:59,16.5,--,66,110121,买盘
2099,11:08:56,16.5,--,61,100650,买盘
2100,11:08:50,16.5,--,15,26268,买盘
2101,11:08:47,16.5,0.01,26,42900,买盘
2102,11:08:44,16.49,--,123,202826,卖盘
2103,11:08:32,16.49,--,170,281236,卖盘
2104,11:08:29,16.49,-0.01,5,8245,卖盘
2105,11:08:26,16.5,0.01,7,11550,买盘
2106,11:08:23,16.49,--,289,477220,买盘
2107,11:08:17,16.49,--,47,77766,买盘
2108,11:08:14,16.49,0.01,370,610130,买盘
2109,11:08:11,16.48,-0.01,2,3296,卖盘
2110,11:08:08,16.49,--,14,24174,买盘
2111,11:08:05,16.49,--,26,42873,买盘
2112,11:07:59,16.49,--,2,3297,买盘
2113,11:07:56,16.49,--,142,234998,卖盘
2114,11:07:53,16.49,--,60,98939,卖盘
2115,11:07:47,16.49,--,2,4831,卖盘
2116,11:07:41,16.49,--,213,351236,卖盘
2117,11:07:38,16.49,-0.01,137,225912,卖盘
2118,11:07:35,16.5,0.01,3,4950,买盘
2119,11:07:32,16.49,--,50,82449,卖盘
2120,11:07:29,16.49,-0.01,8,13191,卖盘
2121,11:07:23,16.5,0.01,19,31350,买盘
2122,11:07:20,16.49,--,10,16490,卖盘
2123,11:07:17,16.49,--,168,277625,卖盘
2124,11:07:14,16.49,--,85,140165,卖盘
2125,11:07:11,16.49,--,22,36278,卖盘
2126,11:07:08,16.49,-0.01,21,34629,卖盘
2127,11:07:05,16.5,--,4,6600,买盘
2128,11:06:59,16.5,--,60,99000,买盘
2129,11:06:56,16.5,0.01,2,3300,买盘
2130,11:06:53,16.49,-0.01,50,82449,卖盘
2131,11:06:47,16.5,0.01,12,21318,买盘
2132,11:06:44,16.49,-0.01,129,212720,卖盘
2133,11:06:41,16.5,0.01,35,57750,买盘
2134,11:06:38,16.49,--,10,16490,卖盘
2135,11:06:35,16.49,--,7,11542,卖盘
2136,11:06:32,16.49,-0.02,38,62661,卖盘
2137,11:06:26,16.51,--,25,41275,买盘
2138,11:06:23,16.51,0.01,172,283972,买盘
2139,11:06:20,16.5,--,37,61050,卖盘
2140,11:06:14,16.5,--,6,10972,卖盘
2141,11:06:11,16.5,--,45,74250,卖盘
2142,11:06:08,16.5,-0.01,34,57453,卖盘
2143,11:06:05,16.51,-0.01,5,8849,卖盘
2144,11:06:02,16.52,0.01,7,11564,买盘
2145,11:05:56,16.51,--,33,55539,卖盘
2146,11:05:53,16.51,--,13,21463,卖盘
2147,11:05:50,16.51,--,211,348361,卖盘
2148,11:05:47,16.51,0.01,18,29718,买盘
2149,11:05:44,16.5,--,37,61050,卖盘
2150,11:05:41,16.5,--,46,75900,卖盘
2151,11:05:35,16.5,--,46,75900,卖盘
2152,11:05:29,16.5,--,10,16500,卖盘
2153,11:05:26,16.5,--,32,52800,卖盘
2154,11:05:20,16.5,-0.02,208,343266,卖盘
2155,11:05:14,16.52,0.02,2,3304,买盘
2156,11:05:11,16.5,--,143,235950,卖盘
2157,11:05:05,16.5,--,2,3300,卖盘
2158,11:05:02,16.5,--,6,9900,卖盘
2159,11:04:56,16.5,-0.01,11,18150,卖盘
2160,11:04:53,16.51,--,5,8255,买盘
2161,11:04:50,16.51,--,2,3302,买盘
2162,11:04:47,16.51,-0.01,2,3302,中性盘
2163,11:04:44,16.52,--,262,432824,买盘
2164,11:04:41,16.52,--,1,1652,买盘
2165,11:04:38,16.52,--,206,340824,买盘
2166,11:04:32,16.52,0.01,2,3304,买盘
2167,11:04:23,16.51,-0.01,20,33020,卖盘
2168,11:04:17,16.52,0.01,22,37417,买盘
2169,11:04:14,16.51,-0.01,312,515326,卖盘
2170,11:04:08,16.52,0.01,2,3304,买盘
2171,11:04:05,16.51,--,30,49530,卖盘
2172,11:04:02,16.51,--,7,12696,卖盘
2173,11:03:56,16.51,-0.01,246,406558,卖盘
2174,11:03:53,16.52,0.01,52,85904,买盘
2175,11:03:50,16.51,--,14,23114,卖盘
2176,11:03:47,16.51,-0.01,26,42926,卖盘
2177,11:03:44,16.52,0.01,335,553420,买盘
2178,11:03:41,16.51,--,10,16510,卖盘
2179,11:03:38,16.51,--,25,41275,卖盘
2180,11:03:32,16.51,--,46,75946,卖盘
2181,11:03:29,16.51,--,4,6604,卖盘
2182,11:03:26,16.51,0.01,49,81361,买盘
2183,11:03:20,16.5,--,15,24750,卖盘
2184,11:03:17,16.5,--,273,451770,卖盘
2185,11:03:14,16.5,-0.01,246,406989,卖盘
2186,11:03:11,16.51,0.01,104,171704,买盘
2187,11:03:08,16.5,-0.01,100,165000,卖盘
2188,11:03:05,16.51,--,10,16510,买盘
2189,11:03:02,16.51,--,4,6604,买盘
2190,11:02:59,16.51,--,17,28067,买盘
2191,11:02:56,16.51,--,37,61087,买盘
2192,11:02:53,16.51,--,13,21463,买盘
2193,11:02:47,16.51,0.01,105,173355,买盘
2194,11:02:41,16.5,-0.01,337,556050,卖盘
2195,11:02:38,16.51,--,4,6604,买盘
2196,11:02:35,16.51,--,46,76193,卖盘
2197,11:02:32,16.51,--,7,11557,卖盘
2198,11:02:26,16.51,-0.01,8,13208,卖盘
2199,11:02:23,16.52,0.01,6,9912,买盘
2200,11:02:20,16.51,--,28,47631,买盘
2201,11:02:17,16.51,--,7,11557,买盘
2202,11:02:11,16.51,--,11,18161,买盘
2203,11:02:08,16.51,-0.02,34,57454,卖盘
2204,11:02:05,16.53,0.02,62,102816,买盘
2205,11:02:02,16.51,--,22,37642,卖盘
2206,11:01:59,16.51,--,242,399872,卖盘
2207,11:01:47,16.51,--,6,9906,卖盘
2208,11:01:44,16.51,-0.01,362,597662,卖盘
2209,11:01:41,16.52,--,40,66080,买盘
2210,11:01:38,16.52,--,2,3304,买盘
2211,11:01:32,16.52,--,8,13216,买盘
2212,11:01:22,16.52,--,1,1652,卖盘
2213,11:01:19,16.52,-0.01,5,8260,卖盘
2214,11:01:16,16.53,--,11,19488,卖盘
2215,11:01:13,16.53,--,3,5306,买盘
2216,11:01:10,16.53,--,15,25522,卖盘
2217,11:01:01,16.53,--,88,145464,卖盘
2218,11:00:58,16.53,--,50,83575,卖盘
2219,11:00:55,16.53,--,32,52896,卖盘
2220,11:00:52,16.53,--,23,38019,卖盘
2221,11:00:49,16.53,--,89,147117,买盘
2222,11:00:46,16.53,--,1241,2051373,买盘
2223,11:00:40,16.53,0.03,25,41325,买盘
2224,11:00:37,16.5,-0.04,572,945351,卖盘
2225,11:00:31,16.54,0.01,97,160438,买盘
2226,11:00:25,16.53,--,97,160341,卖盘
2227,11:00:22,16.53,--,1,1653,卖盘
2228,11:00:19,16.53,--,23,38019,卖盘
2229,11:00:16,16.53,-0.01,56,92568,卖盘
2230,11:00:13,16.54,0.01,49,82137,买盘
2231,11:00:10,16.53,-0.01,15,24795,卖盘
2232,11:00:07,16.54,0.01,15,24810,买盘
2233,11:00:04,16.53,--,500,826500,卖盘
2234,11:00:01,16.53,--,100,165300,卖盘
2235,10:59:58,16.53,--,30,49590,卖盘
2236,10:59:55,16.53,--,310,513091,卖盘
2237,10:59:49,16.53,--,10,16530,卖盘
2238,10:59:46,16.53,--,24,39672,卖盘
2239,10:59:43,16.53,0.04,495,818235,买盘
2240,10:59:37,16.49,-0.01,175,288575,卖盘
2241,10:59:31,16.5,-0.01,2,3300,买盘
2242,10:59:28,16.51,0.01,200,330200,买盘
2243,10:59:22,16.5,-0.01,86,143352,卖盘
2244,10:59:19,16.51,0.01,277,458102,买盘
2245,10:59:13,16.5,--,240,396000,卖盘
2246,10:59:07,16.5,--,32,53872,卖盘
2247,10:59:04,16.5,-0.01,163,268950,卖盘
2248,10:59:01,16.51,--,83,137033,买盘
2249,10:58:58,16.51,--,63,104013,买盘
2250,10:58:55,16.51,0.01,5,8255,买盘
2251,10:58:49,16.5,--,23,37950,卖盘
2252,10:58:46,16.5,-0.01,1,1650,卖盘
2253,10:58:43,16.51,--,74,122174,买盘
2254,10:58:40,16.51,--,2,3302,买盘
2255,10:58:37,16.51,-0.01,122,201900,卖盘
2256,10:58:34,16.52,--,133,219716,买盘
2257,10:58:28,16.52,--,6,9912,买盘
2258,10:58:25,16.52,--,2,3304,买盘
2259,10:58:22,16.52,0.01,71,117292,买盘
2260,10:58:19,16.51,--,41,67691,卖盘
2261,10:58:16,16.51,--,24,39624,卖盘
2262,10:58:13,16.51,-0.01,22,37411,卖盘
2263,10:58:10,16.52,0.01,2,3304,买盘
2264,10:58:04,16.51,--,116,191516,卖盘
2265,10:57:58,16.51,--,369,609219,卖盘
2266,10:57:55,16.51,--,23,37973,卖盘
2267,10:57:52,16.51,-0.02,65,108404,卖盘
2268,10:57:46,16.53,0.01,96,159250,买盘
2269,10:57:43,16.52,-0.01,59,98558,卖盘
2270,10:57:40,16.53,--,4,6612,买盘
2271,10:57:37,16.53,0.01,89,147117,买盘
2272,10:57:34,16.52,-0.01,75,123900,卖盘
2273,10:57:31,16.53,0.01,7,11571,买盘
2274,10:57:28,16.52,-0.01,2,3304,卖盘
2275,10:57:25,16.53,0.01,22,36366,买盘
2276,10:57:19,16.52,-0.01,180,298301,卖盘
2277,10:57:16,16.53,0.01,60,99180,买盘
2278,10:57:13,16.52,--,7,12637,卖盘
2279,10:57:10,16.52,-0.01,78,128856,卖盘
2280,10:57:07,16.53,--,201,332253,买盘
2281,10:57:04,16.53,--,34,56202,买盘
2282,10:57:01,16.53,0.01,131,216543,买盘
2283,10:56:55,16.52,-0.01,12,19824,卖盘
2284,10:56:52,16.53,--,8,13224,买盘
2285,10:56:49,16.53,--,13,21489,买盘
2286,10:56:46,16.53,--,30,49590,买盘
2287,10:56:43,16.53,--,11,18183,买盘
2288,10:56:40,16.53,--,5,8265,买盘
2289,10:56:37,16.53,--,187,310334,卖盘
2290,10:56:34,16.53,--,6,9918,卖盘
2291,10:56:31,16.53,--,40,66120,卖盘
2292,10:56:28,16.53,--,14,23142,卖盘
2293,10:56:25,16.53,--,10,16530,卖盘
2294,10:56:22,16.53,--,6,9918,卖盘
2295,10:56:16,16.53,--,56,92568,卖盘
2296,10:56:10,16.53,--,185,306234,买盘
2297,10:56:07,16.53,--,15,24795,买盘
2298,10:56:01,16.53,--,27,44978,卖盘
2299,10:55:58,16.53,--,111,183483,卖盘
2300,10:55:55,16.53,-0.01,47,77691,卖盘
2301,10:55:52,16.54,0.01,19,31426,买盘
2302,10:55:49,16.53,--,14,23142,卖盘
2303,10:55:43,16.53,-0.01,2,3306,卖盘
2304,10:55:40,16.54,0.01,35,57890,买盘
2305,10:55:37,16.53,--,3,4959,卖盘
2306,10:55:34,16.53,--,116,191748,卖盘
2307,10:55:31,16.53,-0.01,30,49590,卖盘
2308,10:55:28,16.54,--,2,3308,买盘
2309,10:55:25,16.54,0.01,10,16540,买盘
2310,10:55:22,16.53,-0.01,62,102486,卖盘
2311,10:55:13,16.54,--,46,77159,卖盘
2312,10:55:10,16.54,--,136,224944,卖盘
2313,10:55:07,16.54,--,146,241484,买盘
2314,10:55:04,16.54,0.01,56,92624,买盘
2315,10:55:01,16.53,-0.01,117,193401,卖盘
2316,10:54:58,16.54,--,300,496200,买盘
2317,10:54:55,16.54,0.01,3,4962,买盘
2318,10:54:52,16.53,--,64,105792,卖盘
2319,10:54:49,16.53,-0.01,29,47937,卖盘
2320,10:54:43,16.54,--,30,49620,买盘
2321,10:54:40,16.54,0.01,42,69468,买盘
2322,10:54:34,16.53,-0.01,295,488362,卖盘
2323,10:54:31,16.54,--,8,13232,买盘
2324,10:54:28,16.54,--,51,84354,买盘
2325,10:54:25,16.54,--,10,16540,买盘
2326,10:54:22,16.54,-0.01,92,152168,卖盘
2327,10:54:19,16.55,0.01,11,18205,买盘
2328,10:54:16,16.54,-0.01,4,6616,卖盘
2329,10:54:13,16.55,0.01,47,78860,买盘
2330,10:54:07,16.54,-0.01,276,457546,卖盘
2331,10:54:04,16.55,0.01,114,188670,买盘
2332,10:54:01,16.54,--,193,319618,买盘
2333,10:53:55,16.54,--,58,95932,买盘
2334,10:53:52,16.54,--,111,184751,买盘
2335,10:53:49,16.54,--,445,736030,买盘
2336,10:53:46,16.54,--,33,54582,买盘
2337,10:53:43,16.54,0.01,65,107510,买盘
2338,10:53:40,16.53,--,195,322335,卖盘
2339,10:53:37,16.53,-0.01,49,80997,中性盘
2340,10:53:31,16.54,0.01,40,66838,买盘
2341,10:53:25,16.53,--,146,242313,买盘
2342,10:53:22,16.53,--,2,3306,买盘
2343,10:53:19,16.53,--,12,19836,买盘
2344,10:53:16,16.53,--,297,492577,卖盘
2345,10:53:13,16.53,-0.01,115,190095,卖盘
2346,10:53:10,16.54,--,98,163167,买盘
2347,10:53:07,16.54,0.01,45,74430,买盘
2348,10:53:04,16.53,-0.01,166,274398,卖盘
2349,10:53:01,16.54,--,54,89316,买盘
2350,10:52:58,16.54,0.01,98,162687,买盘
2351,10:52:55,16.53,--,11,18183,买盘
2352,10:52:49,16.53,-0.01,30,50647,卖盘
2353,10:52:46,16.54,--,6,9924,买盘
2354,10:52:43,16.54,0.01,10,16540,买盘
2355,10:52:40,16.53,--,172,284911,卖盘
2356,10:52:37,16.53,0.01,304,502512,买盘
2357,10:52:34,16.52,-0.01,2,3304,卖盘
2358,10:52:31,16.53,0.01,50,82650,买盘
2359,10:52:28,16.52,--,200,330598,买盘
2360,10:52:25,16.52,--,265,437780,买盘
2361,10:52:22,16.52,--,40,66080,买盘
2362,10:52:19,16.52,--,49,80948,买盘
2363,10:52:13,16.52,--,44,72688,买盘
2364,10:52:10,16.52,--,23,39086,买盘
2365,10:52:07,16.52,0.01,2,3304,买盘
2366,10:52:04,16.51,-0.01,1,1651,卖盘
2367,10:52:01,16.52,-0.01,48,79296,卖盘
2368,10:51:58,16.53,0.02,66,109098,买盘
2369,10:51:52,16.51,-0.02,13,21463,卖盘
2370,10:51:49,16.53,0.01,209,345477,买盘
2371,10:51:46,16.52,-0.01,21,34692,卖盘
2372,10:51:43,16.53,0.01,286,473832,买盘
2373,10:51:40,16.52,--,77,127204,买盘
2374,10:51:37,16.52,--,305,503860,买盘
2375,10:51:34,16.52,--,96,158592,买盘
2376,10:51:31,16.52,0.01,107,176764,买盘
2377,10:51:28,16.51,--,8,13208,卖盘
2378,10:51:25,16.51,--,21,34671,卖盘
2379,10:51:22,16.51,-0.01,12,19812,卖盘
2380,10:51:19,16.52,--,311,513920,买盘
2381,10:51:16,16.52,0.01,25,41300,买盘
2382,10:51:10,16.51,0.01,177,293300,买盘
2383,10:51:04,16.5,-0.02,178,293700,卖盘
2384,10:50:58,16.52,--,49,80948,买盘
2385,10:50:55,16.52,--,42,69384,买盘
2386,10:50:52,16.52,0.02,16,26432,买盘
2387,10:50:46,16.5,-0.01,67,110550,卖盘
2388,10:50:40,16.51,--,106,175996,买盘
2389,10:50:37,16.51,--,17,28067,卖盘
2390,10:50:34,16.51,-0.01,15,24765,卖盘
2391,10:50:31,16.52,--,16,26432,买盘
2392,10:50:25,16.52,0.02,22,36344,买盘
2393,10:50:19,16.5,-0.01,24,39600,卖盘
2394,10:50:16,16.51,--,60,99060,卖盘
2395,10:50:13,16.51,0.01,28,46228,卖盘
2396,10:50:10,16.5,--,123,204039,卖盘
2397,10:50:07,16.5,-0.01,307,507094,卖盘
2398,10:50:04,16.51,--,35,57785,买盘
2399,10:50:01,16.51,--,169,279019,买盘
2400,10:49:55,16.51,--,25,41275,买盘
2401,10:49:52,16.51,--,99,163449,买盘
2402,10:49:43,16.51,--,8,13208,买盘
2403,10:49:40,16.51,0.01,148,244348,买盘
2404,10:49:37,16.5,-0.01,173,285450,卖盘
2405,10:49:34,16.51,--,6,9906,买盘
2406,10:49:31,16.51,0.01,3,4953,买盘
2407,10:49:28,16.5,--,39,64350,卖盘
2408,10:49:25,16.5,-0.01,30,49500,卖盘
2409,10:49:22,16.51,0.01,26,42926,买盘
2410,10:49:19,16.5,-0.01,208,344701,卖盘
2411,10:49:13,16.51,0.01,12,19812,买盘
2412,10:49:10,16.5,-0.01,29,48939,卖盘
2413,10:49:07,16.51,0.01,147,242697,买盘
2414,10:49:04,16.5,--,5,8250,卖盘
2415,10:48:58,16.5,-0.01,20,33000,卖盘
2416,10:48:52,16.51,--,10,16510,买盘
2417,10:48:49,16.51,--,69,113919,买盘
2418,10:48:43,16.51,0.01,29,47879,买盘
2419,10:48:40,16.5,--,58,95700,卖盘
2420,10:48:37,16.5,--,303,500874,卖盘
2421,10:48:34,16.5,-0.01,283,466950,卖盘
2422,10:48:31,16.51,--,91,150241,买盘
2423,10:48:28,16.51,--,22,36322,买盘
2424,10:48:22,16.51,--,13,21463,买盘
2425,10:48:19,16.51,--,1,1651,买盘
2426,10:48:16,16.51,-0.01,6,9906,买盘
2427,10:48:10,16.52,--,12,19824,买盘
2428,10:48:07,16.52,0.01,383,632716,买盘
2429,10:48:04,16.51,--,5,8255,卖盘
2430,10:48:01,16.51,0.01,15,24765,中性盘
2431,10:47:58,16.5,-0.02,376,621951,卖盘
2432,10:47:55,16.52,--,31,51212,买盘
2433,10:47:49,16.52,--,261,431172,买盘
2434,10:47:46,16.52,--,2,3304,买盘
2435,10:47:43,16.52,0.02,53,87556,买盘
2436,10:47:34,16.5,-0.01,29,47850,卖盘
2437,10:47:31,16.51,-0.01,193,318643,卖盘
2438,10:47:19,16.52,--,31,51212,买盘
2439,10:47:16,16.52,--,399,659610,买盘
2440,10:47:13,16.52,0.01,99,164621,买盘
2441,10:47:07,16.51,-0.01,263,434213,卖盘
2442,10:47:04,16.52,0.01,5,8260,买盘
2443,10:46:58,16.51,--,43,70993,卖盘
2444,10:46:55,16.51,--,123,203089,买盘
2445,10:46:52,16.51,0.01,19,31369,买盘
2446,10:46:49,16.5,--,32,52800,卖盘
2447,10:46:46,16.5,--,3,4950,卖盘
2448,10:46:40,16.5,--,126,208428,卖盘
2449,10:46:37,16.5,0.01,221,365739,买盘
2450,10:46:34,16.49,-0.01,1,1648,卖盘
2451,10:46:31,16.5,--,2,3300,买盘
2452,10:46:25,16.5,0.01,58,96294,买盘
2453,10:46:19,16.49,--,51,84098,买盘
2454,10:46:13,16.49,--,2,3297,买盘
2455,10:46:07,16.49,-0.01,137,226968,卖盘
2456,10:46:04,16.5,--,307,507210,卖盘
2457,10:46:01,16.5,--,118,196284,买盘
2458,10:45:58,16.5,--,100,165000,买盘
2459,10:45:55,16.5,--,1,1650,买盘
2460,10:45:52,16.5,--,24,39666,卖盘
2461,10:45:49,16.5,-0.01,57,94050,卖盘
2462,10:45:46,16.51,0.01,63,105597,买盘
2463,10:45:43,16.5,--,60,99000,买盘
2464,10:45:40,16.5,0.02,5,8250,买盘
2465,10:45:37,16.48,-0.02,39,64272,卖盘
2466,10:45:34,16.5,--,17,28050,买盘
2467,10:45:31,16.5,--,5,8250,买盘
2468,10:45:28,16.5,--,22,36300,买盘
2469,10:45:25,16.5,-0.01,133,219516,卖盘
2470,10:45:22,16.51,--,32,52832,卖盘
2471,10:45:16,16.51,--,141,233963,买盘
2472,10:45:13,16.51,0.01,26,42926,买盘
2473,10:45:10,16.5,-0.01,5,9322,卖盘
2474,10:45:07,16.51,0.01,1,1651,买盘
2475,10:45:04,16.5,-0.01,107,176550,卖盘
2476,10:45:01,16.51,-0.01,9,14859,买盘
2477,10:44:58,16.52,--,12,20765,卖盘
2478,10:44:55,16.52,0.01,274,453358,买盘
2479,10:44:52,16.51,0.01,31,51181,买盘
2480,10:44:49,16.5,-0.01,21,34650,卖盘
2481,10:44:46,16.51,-0.01,103,170053,卖盘
2482,10:44:40,16.52,0.01,236,389872,买盘
2483,10:44:37,16.51,--,159,263103,卖盘
2484,10:44:34,16.51,--,10,16510,卖盘
2485,10:44:31,16.51,--,21,34671,卖盘
2486,10:44:28,16.51,--,23,37973,卖盘
2487,10:44:25,16.51,--,162,267462,卖盘
2488,10:44:22,16.51,--,37,61087,卖盘
2489,10:44:19,16.51,--,9,16476,买盘
2490,10:44:16,16.51,0.01,9,14859,买盘
2491,10:44:13,16.5,-0.01,27,44550,卖盘
2492,10:44:10,16.51,--,140,232229,买盘
2493,10:44:04,16.51,--,122,201422,买盘
2494,10:44:01,16.51,--,49,81889,买盘
2495,10:43:58,16.51,--,111,183261,买盘
2496,10:43:52,16.51,--,5,8255,买盘
2497,10:43:49,16.51,--,36,59436,买盘
2498,10:43:46,16.51,--,33,54483,买盘
2499,10:43:43,16.51,--,22,36322,买盘
2500,10:43:40,16.51,--,15,24765,买盘
2501,10:43:37,16.51,0.01,25,41275,买盘
2502,10:43:31,16.5,-0.01,2,3300,卖盘
2503,10:43:28,16.51,0.01,8,13208,买盘
2504,10:43:22,16.5,-0.01,28,46200,中性盘
2505,10:43:19,16.51,--,707,1168577,买盘
2506,10:43:16,16.51,0.01,111,183261,买盘
2507,10:43:13,16.5,0.01,266,438933,买盘
2508,10:43:10,16.49,0.01,3,4946,买盘
2509,10:43:07,16.48,-0.02,311,513582,卖盘
2510,10:43:01,16.5,--,80,132000,买盘
2511,10:42:55,16.5,--,42,69300,买盘
2512,10:42:52,16.5,--,301,496650,买盘
2513,10:42:49,16.5,--,19,31350,买盘
2514,10:42:46,16.5,0.01,140,231000,买盘
2515,10:42:43,16.49,--,24,39575,卖盘
2516,10:42:37,16.49,-0.01,144,238264,卖盘
2517,10:42:34,16.5,--,87,143550,卖盘
2518,10:42:31,16.5,--,19,32785,买盘
2519,10:42:25,16.5,--,20,33000,买盘
2520,10:42:16,16.5,0.01,40,66000,买盘
2521,10:42:10,16.49,--,122,202134,卖盘
2522,10:42:07,16.49,-0.01,29,47820,卖盘
2523,10:42:04,16.5,0.01,72,118800,买盘
2524,10:42:01,16.49,-0.01,67,111736,卖盘
2525,10:41:58,16.5,--,14,23100,买盘
2526,10:41:55,16.5,--,55,90750,买盘
2527,10:41:52,16.5,--,28,46200,买盘
2528,10:41:46,16.5,--,10,16500,买盘
2529,10:41:43,16.5,--,34,56100,买盘
2530,10:41:40,16.5,0.01,35,57750,买盘
2531,10:41:34,16.49,--,56,92343,卖盘
2532,10:41:28,16.49,--,31,51118,卖盘
2533,10:41:25,16.49,--,95,157743,买盘
2534,10:41:22,16.49,--,99,164685,买盘
2535,10:41:15,16.49,0.01,112,184687,买盘
2536,10:41:12,16.48,-0.01,69,113712,卖盘
2537,10:41:09,16.49,--,22,37366,买盘
2538,10:41:06,16.49,--,13,21436,买盘
2539,10:41:03,16.49,0.02,21,34629,买盘
2540,10:40:57,16.47,-0.01,23,37881,卖盘
2541,10:40:54,16.48,--,56,92288,买盘
2542,10:40:51,16.48,0.01,11,18128,买盘
2543,10:40:48,16.47,--,7,11529,卖盘
2544,10:40:45,16.47,--,187,308334,买盘
2545,10:40:42,16.47,--,26,42822,买盘
2546,10:40:39,16.47,0.02,35,57644,买盘
2547,10:40:33,16.45,-0.02,546,899157,卖盘
2548,10:40:27,16.47,0.01,113,186111,买盘
2549,10:40:24,16.46,-0.01,139,230324,卖盘
2550,10:40:21,16.47,--,4,6588,买盘
2551,10:40:18,16.47,--,213,350811,买盘
2552,10:40:12,16.47,--,41,67527,买盘
2553,10:40:09,16.47,--,3,6044,买盘
2554,10:40:06,16.47,--,44,72468,买盘
2555,10:40:03,16.47,0.01,6,9882,买盘
2556,10:39:57,16.46,-0.01,170,280478,卖盘
2557,10:39:51,16.47,0.01,108,177876,买盘
2558,10:39:48,16.46,--,10,16460,卖盘
2559,10:39:36,16.46,0.01,25,41150,中性盘
2560,10:39:30,16.45,-0.01,164,269780,卖盘
2561,10:39:24,16.46,-0.01,2,3292,中性盘
2562,10:39:15,16.47,0.01,188,310261,买盘
2563,10:39:09,16.46,--,5,8230,卖盘
2564,10:39:06,16.46,-0.01,84,139350,卖盘
2565,10:39:03,16.47,0.01,1,1647,买盘
2566,10:38:57,16.46,--,20,32920,卖盘
2567,10:38:45,16.46,--,20,34500,买盘
2568,10:38:42,16.46,--,10,16460,买盘
2569,10:38:39,16.46,--,55,90530,买盘
2570,10:38:36,16.46,-0.01,162,267968,卖盘
2571,10:38:33,16.47,--,30,49410,买盘
2572,10:38:27,16.47,--,10,16470,买盘
2573,10:38:24,16.47,--,36,59901,卖盘
2574,10:38:21,16.47,--,18,29645,卖盘
2575,10:38:06,16.47,--,3,6028,卖盘
2576,10:38:00,16.47,--,4,6588,卖盘
2577,10:37:57,16.47,--,407,670608,买盘
2578,10:37:48,16.47,0.01,45,74115,买盘
2579,10:37:45,16.46,--,11,18106,卖盘
2580,10:37:42,16.46,-0.01,120,197520,卖盘
2581,10:37:36,16.47,--,163,268461,买盘
2582,10:37:30,16.47,--,30,49410,买盘
2583,10:37:27,16.47,0.01,3,4941,买盘
2584,10:37:24,16.46,--,35,57610,卖盘
2585,10:37:21,16.46,-0.01,40,65840,卖盘
2586,10:37:18,16.47,--,41,68399,卖盘
2587,10:37:15,16.47,--,3,4941,卖盘
2588,10:37:06,16.47,--,23,38968,卖盘
2589,10:37:00,16.47,--,13,21411,卖盘
2590,10:36:57,16.47,--,11,19451,买盘
2591,10:36:51,16.47,--,13,21723,卖盘
2592,10:36:45,16.47,--,22,36234,卖盘
2593,10:36:42,16.47,--,9,16157,买盘
2594,10:36:39,16.47,--,119,196800,卖盘
2595,10:36:36,16.47,--,20,32940,卖盘
2596,10:36:33,16.47,--,2,3294,卖盘
2597,10:36:30,16.47,--,79,130112,卖盘
2598,10:36:24,16.47,--,45,74115,卖盘
2599,10:36:21,16.47,-0.01,11,18117,卖盘
2600,10:36:18,16.48,--,2,3296,买盘
2601,10:36:15,16.48,--,80,131840,买盘
2602,10:36:12,16.48,--,1,1648,买盘
2603,10:36:09,16.48,0.01,54,89140,买盘
2604,10:36:06,16.47,-0.01,161,265167,卖盘
2605,10:35:57,16.48,--,57,93936,买盘
2606,10:35:51,16.48,--,9,14832,买盘
2607,10:35:48,16.48,0.01,6,9888,买盘
2608,10:35:45,16.47,-0.01,54,88938,卖盘
2609,10:35:42,16.48,--,66,108768,买盘
2610,10:35:27,16.48,--,72,118656,买盘
2611,10:35:24,16.48,--,15,24720,买盘
2612,10:35:21,16.48,--,2,3296,买盘
2613,10:35:18,16.48,--,5,8240,卖盘
2614,10:35:15,16.48,-0.01,2,3296,中性盘
2615,10:35:12,16.49,--,242,399057,买盘
2616,10:35:09,16.49,0.01,5,8245,买盘
2617,10:35:06,16.48,-0.01,14,24159,卖盘
2618,10:35:03,16.49,--,5,8245,买盘
2619,10:35:00,16.49,0.01,30,49469,买盘
2620,10:34:57,16.48,-0.01,1,1648,卖盘
2621,10:34:54,16.49,--,201,332009,卖盘
2622,10:34:51,16.49,--,15,24734,卖盘
2623,10:34:45,16.49,-0.01,103,169846,卖盘
2624,10:34:42,16.5,0.01,243,400950,买盘
2625,10:34:39,16.49,--,5,8245,卖盘
2626,10:34:36,16.49,--,1,1648,卖盘
2627,10:34:33,16.49,-0.01,3,4946,卖盘
2628,10:34:27,16.5,0.01,101,166650,买盘
2629,10:34:18,16.49,--,2,3297,卖盘
2630,10:34:15,16.49,--,31,51118,卖盘
2631,10:34:12,16.49,0.01,37,62101,买盘
2632,10:34:06,16.48,-0.01,43,71951,卖盘
2633,10:34:00,16.49,--,76,125884,卖盘
2634,10:33:51,16.49,0.01,12,20876,中性盘
2635,10:33:48,16.48,-0.01,262,431776,卖盘
2636,10:33:45,16.49,--,104,171495,买盘
2637,10:33:36,16.49,--,203,334746,买盘
2638,10:33:33,16.49,--,9,14840,买盘
2639,10:33:30,16.49,--,59,97290,买盘
2640,10:33:27,16.49,0.01,28,46171,买盘
2641,10:33:24,16.48,-0.01,7,11536,卖盘
2642,10:33:21,16.49,--,13,21436,买盘
2643,10:33:18,16.49,--,43,70907,买盘
2644,10:33:12,16.49,--,4,6595,买盘
2645,10:33:09,16.49,--,10,16490,买盘
2646,10:33:06,16.49,--,18,29681,买盘
2647,10:33:00,16.49,--,26,42873,卖盘
2648,10:32:57,16.49,-0.01,38,62661,卖盘
2649,10:32:51,16.5,0.01,1,1650,买盘
2650,10:32:48,16.49,-0.01,25,41224,卖盘
2651,10:32:45,16.5,--,8,13200,买盘
2652,10:32:42,16.5,--,59,97350,买盘
2653,10:32:39,16.5,--,20,33000,买盘
2654,10:32:36,16.5,0.01,12,19800,买盘
2655,10:32:33,16.49,0.01,11,18139,卖盘
2656,10:32:27,16.48,-0.01,127,210021,卖盘
2657,10:32:24,16.49,--,11,18139,卖盘
2658,10:32:21,16.49,--,29,47820,卖盘
2659,10:32:18,16.49,--,110,181389,卖盘
2660,10:32:12,16.49,--,501,826148,卖盘
2661,10:32:09,16.49,0.01,176,291312,买盘
2662,10:32:06,16.48,-0.01,12,19776,卖盘
2663,10:32:03,16.49,--,168,277032,卖盘
2664,10:32:00,16.49,--,4,6595,卖盘
2665,10:31:54,16.49,--,85,140165,卖盘
2666,10:31:51,16.49,--,10,16490,卖盘
2667,10:31:48,16.49,-0.01,61,100588,卖盘
2668,10:31:45,16.5,--,12,19800,买盘
2669,10:31:42,16.5,--,10,16500,买盘
2670,10:31:39,16.5,0.01,25,41250,买盘
2671,10:31:36,16.49,-0.01,20,32980,卖盘
2672,10:31:33,16.5,0.01,16,26400,买盘
2673,10:31:30,16.49,-0.01,184,303416,卖盘
2674,10:31:27,16.5,0.02,11,18150,买盘
2675,10:31:24,16.48,-0.02,30,49440,卖盘
2676,10:31:18,16.5,--,45,74250,买盘
2677,10:31:15,16.5,0.01,24,39600,买盘
2678,10:31:12,16.49,-0.01,8,13439,卖盘
2679,10:31:09,16.5,0.02,77,127380,买盘
2680,10:31:06,16.48,--,42,69216,卖盘
2681,10:31:03,16.48,-0.01,93,154335,卖盘
2682,10:30:57,16.49,--,15,24734,买盘
2683,10:30:54,16.49,--,36,59363,买盘
2684,10:30:48,16.49,--,52,85747,买盘
2685,10:30:45,16.49,--,45,74205,买盘
2686,10:30:42,16.49,--,9,14840,买盘
2687,10:30:39,16.49,--,182,301585,买盘
2688,10:30:33,16.49,0.01,23,39180,买盘
2689,10:30:27,16.48,0.01,73,120304,中性盘
2690,10:30:21,16.47,-0.01,59,98292,卖盘
2691,10:30:18,16.48,--,25,41200,买盘
2692,10:30:15,16.48,--,5,8240,买盘
2693,10:30:12,16.48,--,13,21984,卖盘
2694,10:30:06,16.48,-0.01,16,27455,中性盘
2695,10:30:00,16.49,0.01,233,384216,买盘
2696,10:29:57,16.48,-0.01,20,32960,卖盘
2697,10:29:51,16.49,--,7,11542,买盘
2698,10:29:48,16.49,0.01,10,16490,买盘
2699,10:29:45,16.48,--,32,52736,卖盘
2700,10:29:42,16.48,--,20,32960,卖盘
2701,10:29:33,16.48,--,100,164800,卖盘
2702,10:29:30,16.48,--,46,75808,买盘
2703,10:29:27,16.48,--,78,128544,买盘
2704,10:29:24,16.48,--,8,13184,买盘
2705,10:29:21,16.48,--,51,84048,买盘
2706,10:29:18,16.48,--,7,11536,买盘
2707,10:29:15,16.48,--,16,26368,买盘
2708,10:29:12,16.48,0.01,15,24720,买盘
2709,10:29:09,16.47,-0.01,6,9882,卖盘
2710,10:29:06,16.48,--,19,32416,买盘
2711,10:29:03,16.48,-0.01,33,54384,买盘
2712,10:29:00,16.49,0.01,150,247349,买盘
2713,10:28:54,16.48,0.01,10,16480,买盘
2714,10:28:51,16.47,-0.01,41,67527,卖盘
2715,10:28:48,16.48,0.01,7,11536,买盘
2716,10:28:45,16.47,-0.01,7,11529,卖盘
2717,10:28:42,16.48,--,5,8240,买盘
2718,10:28:39,16.48,0.01,38,62624,买盘
2719,10:28:36,16.47,--,1,1647,买盘
2720,10:28:33,16.47,--,31,51057,买盘
2721,10:28:30,16.47,--,6,9882,买盘
2722,10:28:27,16.47,0.01,207,340929,买盘
2723,10:28:24,16.46,-0.01,230,378580,卖盘
2724,10:28:21,16.47,0.02,149,245402,买盘
2725,10:28:15,16.45,-0.01,11,18095,卖盘
2726,10:28:12,16.46,--,21,34566,买盘
2727,10:28:09,16.46,0.02,6,9876,买盘
2728,10:28:06,16.44,-0.01,154,254261,卖盘
2729,10:28:03,16.45,--,69,113505,买盘
2730,10:27:57,16.45,--,187,307615,买盘
2731,10:27:57,16.45,--,228,375060,卖盘
2732,10:27:45,16.45,--,198,325710,买盘
2733,10:27:42,16.45,--,10,16450,买盘
2734,10:27:39,16.45,--,26,42770,买盘
2735,10:27:36,16.45,--,46,75670,买盘
2736,10:27:33,16.45,--,11,18095,买盘
2737,10:27:27,16.45,--,235,386575,卖盘
2738,10:27:24,16.45,-0.01,4,6580,买盘
2739,10:27:21,16.46,--,200,329200,买盘
2740,10:27:18,16.46,0.01,43,70778,买盘
2741,10:27:15,16.45,--,24,39480,买盘
2742,10:27:12,16.45,--,80,132685,卖盘
2743,10:27:09,16.45,--,42,69090,卖盘
2744,10:27:06,16.45,--,77,127767,卖盘
2745,10:27:03,16.45,--,54,88830,卖盘
2746,10:26:57,16.45,--,40,65800,卖盘
2747,10:26:54,16.45,--,102,167790,卖盘
2748,10:26:48,16.45,--,74,121730,卖盘
2749,10:26:45,16.45,--,40,65800,卖盘
2750,10:26:36,16.45,--,39,64155,卖盘
2751,10:26:33,16.45,-0.01,56,92120,卖盘
2752,10:26:30,16.46,--,37,60902,买盘
2753,10:26:27,16.46,--,263,432898,买盘
2754,10:26:24,16.46,--,14,23044,买盘
2755,10:26:21,16.46,--,17,27982,买盘
2756,10:26:18,16.46,--,2,3292,买盘
2757,10:26:12,16.46,--,12,19752,买盘
2758,10:26:09,16.46,--,184,304263,卖盘
2759,10:26:06,16.46,-0.01,69,114660,卖盘
2760,10:26:03,16.47,0.01,3,4941,买盘
2761,10:26:00,16.46,-0.01,3,4938,卖盘
2762,10:25:57,16.47,0.01,4,6588,买盘
2763,10:25:51,16.46,-0.01,35,57610,卖盘
2764,10:25:48,16.47,0.01,139,228932,买盘
2765,10:25:45,16.46,--,50,82300,卖盘
2766,10:25:39,16.46,-0.01,40,65840,卖盘
2767,10:25:36,16.47,0.01,18,29645,买盘
2768,10:25:27,16.46,--,12,19752,卖盘
2769,10:25:24,16.46,-0.01,1,1646,卖盘
2770,10:25:21,16.47,-0.01,182,299754,卖盘
2771,10:25:15,16.48,--,10,16480,买盘
2772,10:25:12,16.48,--,31,51088,买盘
2773,10:25:09,16.48,--,952,1570395,卖盘
2774,10:25:06,16.48,--,156,257681,卖盘
2775,10:25:03,16.48,--,46,76895,卖盘
2776,10:25:00,16.48,--,13,21424,卖盘
2777,10:24:57,16.48,--,40,65920,卖盘
2778,10:24:51,16.48,-0.01,107,176336,卖盘
2779,10:24:48,16.49,0.01,50,82449,买盘
2780,10:24:42,16.48,-0.01,6,9888,卖盘
2781,10:24:39,16.49,0.01,14,23085,买盘
2782,10:24:36,16.48,--,8,13184,卖盘
2783,10:24:33,16.48,-0.01,25,41200,卖盘
