,time,price,change,volume,amount,type
0,15:00:20,25.3,--,3792,9593760,卖盘
1,14:58:53,25.3,--,0,0,买盘
2,14:57:02,25.3,-0.01,26,65780,卖盘
3,14:56:59,25.31,0.02,40,101240,买盘
4,14:56:56,25.29,-0.02,22,55638,卖盘
5,14:56:53,25.31,0.01,204,516324,买盘
6,14:56:47,25.3,0.01,515,1304366,买盘
7,14:56:44,25.29,-0.01,33,83457,卖盘
8,14:56:41,25.3,0.01,118,299653,买盘
9,14:56:38,25.29,--,22,55638,卖盘
10,14:56:35,25.29,--,34,85986,卖盘
11,14:56:32,25.29,--,21,53109,卖盘
12,14:56:26,25.29,-0.01,39,98631,卖盘
13,14:56:23,25.3,0.01,37,93610,买盘
14,14:56:20,25.29,--,21,53109,卖盘
15,14:56:17,25.29,--,65,164385,卖盘
16,14:56:11,25.29,--,60,151740,卖盘
17,14:56:08,25.29,--,78,197262,卖盘
18,14:56:05,25.29,0.01,37,93573,中性盘
19,14:56:02,25.28,-0.01,248,626944,卖盘
20,14:55:59,25.29,0.01,21,53109,买盘
21,14:55:56,25.28,--,28,70784,卖盘
22,14:55:53,25.28,-0.01,22,55616,卖盘
23,14:55:50,25.29,0.01,298,753642,买盘
24,14:55:47,25.28,--,157,396896,买盘
25,14:55:44,25.28,0.01,78,197184,买盘
26,14:55:41,25.27,-0.01,25,63175,卖盘
27,14:55:38,25.28,--,75,189600,买盘
28,14:55:35,25.28,0.01,50,126400,买盘
29,14:55:32,25.27,--,3,7581,卖盘
30,14:55:29,25.27,-0.01,15,37905,卖盘
31,14:55:26,25.28,--,28,70784,买盘
32,14:55:23,25.28,0.01,48,121344,买盘
33,14:55:17,25.27,-0.01,3,7581,卖盘
34,14:55:14,25.28,--,171,432288,买盘
35,14:55:11,25.28,0.01,41,103648,买盘
36,14:55:08,25.27,-0.01,50,126350,卖盘
37,14:55:05,25.28,0.01,9,22752,中性盘
38,14:55:02,25.27,-0.01,19,48013,卖盘
39,14:54:59,25.28,0.01,104,262912,买盘
40,14:54:56,25.27,-0.01,37,93499,卖盘
41,14:54:53,25.28,--,11,27808,买盘
42,14:54:50,25.28,0.01,16,40448,买盘
43,14:54:47,25.27,-0.01,48,121296,卖盘
44,14:54:41,25.28,--,267,674976,卖盘
45,14:54:35,25.28,-0.01,21,53088,卖盘
46,14:54:32,25.29,0.01,22,55638,买盘
47,14:54:29,25.28,--,25,63200,买盘
48,14:54:23,25.28,--,20,50560,卖盘
49,14:54:17,25.28,--,62,156736,买盘
50,14:54:14,25.28,-0.01,102,257856,卖盘
51,14:54:11,25.29,0.01,39,98631,买盘
52,14:54:05,25.28,--,9,22752,卖盘
53,14:54:02,25.28,--,49,123872,卖盘
54,14:53:59,25.28,--,54,136512,卖盘
55,14:53:56,25.28,--,51,128928,买盘
56,14:53:50,25.28,--,151,381728,买盘
57,14:53:47,25.28,--,6,15168,买盘
58,14:53:44,25.28,--,11,27808,卖盘
59,14:53:41,25.28,--,17,42976,买盘
60,14:53:38,25.28,--,10,25280,买盘
61,14:53:35,25.28,0.01,4,10112,买盘
62,14:53:32,25.27,-0.01,33,83391,卖盘
63,14:53:29,25.28,--,75,189600,卖盘
64,14:53:23,25.28,0.01,21,53088,买盘
65,14:53:20,25.27,--,30,75810,卖盘
66,14:53:17,25.27,--,172,434644,卖盘
67,14:53:11,25.27,--,14,35378,卖盘
68,14:53:08,25.27,--,15,39421,卖盘
69,14:53:05,25.27,--,7,17689,卖盘
70,14:52:56,25.27,--,262,664196,买盘
71,14:52:53,25.27,0.01,8,20216,买盘
72,14:52:47,25.26,--,3,7578,卖盘
73,14:52:44,25.26,-0.01,7,17682,卖盘
74,14:52:41,25.27,--,15,37905,买盘
75,14:52:38,25.27,0.01,16,40432,买盘
76,14:52:35,25.26,--,2,5052,卖盘
77,14:52:32,25.26,--,74,186924,卖盘
78,14:52:29,25.26,--,73,184398,卖盘
79,14:52:26,25.26,--,24,60624,卖盘
80,14:52:23,25.26,--,54,136404,卖盘
81,14:52:20,25.26,--,42,106092,卖盘
82,14:52:17,25.26,--,20,50520,卖盘
83,14:52:14,25.26,--,39,98514,卖盘
84,14:52:11,25.26,--,46,116322,买盘
85,14:52:05,25.26,--,12,30312,买盘
86,14:52:02,25.26,--,79,199554,买盘
87,14:51:56,25.26,0.01,20,50520,买盘
88,14:51:50,25.25,-0.01,62,156550,卖盘
89,14:51:47,25.26,--,2,5052,卖盘
90,14:51:44,25.26,--,37,93462,卖盘
91,14:51:38,25.26,--,20,50520,卖盘
92,14:51:35,25.26,--,4,10104,卖盘
93,14:51:32,25.26,--,2,5052,卖盘
94,14:51:29,25.26,--,32,80832,买盘
95,14:51:26,25.26,0.01,53,133878,买盘
96,14:51:23,25.25,-0.01,3,7575,卖盘
97,14:51:20,25.26,--,37,93462,买盘
98,14:51:14,25.26,--,18,45468,买盘
99,14:51:11,25.26,--,58,146508,卖盘
100,14:51:08,25.26,--,101,255126,买盘
101,14:51:02,25.26,--,5,12630,买盘
102,14:50:59,25.26,0.01,25,63150,买盘
103,14:50:56,25.25,--,5,12625,卖盘
104,14:50:53,25.25,-0.01,20,51358,卖盘
105,14:50:50,25.26,--,200,505200,卖盘
106,14:50:41,25.26,--,106,267756,卖盘
107,14:50:38,25.26,--,8,20208,卖盘
108,14:50:35,25.26,-0.01,12,30312,卖盘
109,14:50:32,25.27,0.01,40,101080,买盘
110,14:50:29,25.26,--,140,355989,卖盘
111,14:50:26,25.26,--,63,159138,卖盘
112,14:50:23,25.26,-0.01,20,50520,卖盘
113,14:50:20,25.27,0.01,14,35378,买盘
114,14:50:17,25.26,-0.01,51,128826,卖盘
115,14:50:14,25.27,0.01,9,22743,买盘
116,14:50:11,25.26,--,23,58098,卖盘
117,14:50:05,25.26,--,13,32838,卖盘
118,14:50:02,25.26,--,13,32838,卖盘
119,14:49:59,25.26,--,6,15156,卖盘
120,14:49:56,25.26,-0.01,30,75780,卖盘
121,14:49:50,25.27,0.01,15,37905,买盘
122,14:49:47,25.26,-0.01,15,37890,卖盘
123,14:49:44,25.27,--,57,146111,卖盘
124,14:49:41,25.27,--,37,93499,卖盘
125,14:49:38,25.27,0.01,11,28251,买盘
126,14:49:35,25.26,-0.01,33,83358,卖盘
127,14:49:29,25.27,--,30,75810,买盘
128,14:49:23,25.27,0.01,11,27797,买盘
129,14:49:17,25.26,-0.01,46,116196,卖盘
130,14:49:14,25.27,--,27,68229,卖盘
131,14:49:11,25.27,--,46,116242,卖盘
132,14:49:08,25.27,--,2,5054,卖盘
133,14:49:05,25.27,--,31,78337,卖盘
134,14:49:02,25.27,--,25,63175,卖盘
135,14:48:59,25.27,--,4,10108,卖盘
136,14:48:56,25.27,--,21,53067,卖盘
137,14:48:53,25.27,0.01,29,73283,买盘
138,14:48:47,25.26,--,1,2526,卖盘
139,14:48:44,25.26,--,135,341010,卖盘
140,14:48:41,25.26,-0.01,3,7578,卖盘
141,14:48:38,25.27,0.01,18,45486,买盘
142,14:48:29,25.26,--,1,2526,卖盘
143,14:48:26,25.26,-0.01,16,40416,卖盘
144,14:48:20,25.27,--,6,15162,卖盘
145,14:48:17,25.27,--,34,87762,买盘
146,14:48:14,25.27,--,9,22743,买盘
147,14:48:01,25.27,--,82,207214,买盘
148,14:47:58,25.27,-0.01,106,268544,卖盘
149,14:47:55,25.28,0.01,57,144096,买盘
150,14:47:52,25.27,--,10,25270,卖盘
151,14:47:49,25.27,-0.01,6,15162,卖盘
152,14:47:46,25.28,0.01,15,37920,买盘
153,14:47:43,25.27,--,3,7581,卖盘
154,14:47:37,25.27,--,62,156674,卖盘
155,14:47:31,25.27,--,5,12635,卖盘
156,14:47:25,25.27,-0.01,17,42959,卖盘
157,14:47:19,25.28,--,21,53088,卖盘
158,14:47:16,25.28,0.01,6,15168,卖盘
159,14:47:07,25.27,--,2,5054,卖盘
160,14:47:04,25.27,--,4,11801,卖盘
161,14:47:01,25.27,--,5,12635,卖盘
162,14:46:55,25.27,-0.02,10,25270,卖盘
163,14:46:52,25.29,0.01,24,60696,买盘
164,14:46:49,25.28,-0.02,1,2528,卖盘
165,14:46:46,25.3,0.03,20,50600,买盘
166,14:46:43,25.27,-0.02,8,20216,卖盘
167,14:46:40,25.29,--,37,93573,卖盘
168,14:46:37,25.29,--,16,40464,卖盘
169,14:46:34,25.29,--,1,2529,卖盘
170,14:46:31,25.29,--,3,7587,卖盘
171,14:46:28,25.29,--,15,37935,卖盘
172,14:46:25,25.29,0.02,60,151740,买盘
173,14:46:19,25.27,-0.02,70,176890,卖盘
174,14:46:16,25.29,--,39,98631,卖盘
175,14:46:13,25.29,--,11,27819,卖盘
176,14:46:07,25.29,--,38,96102,卖盘
177,14:45:58,25.29,--,21,53109,卖盘
178,14:45:55,25.29,--,38,96102,卖盘
179,14:45:52,25.29,--,16,40464,卖盘
180,14:45:49,25.29,--,17,42993,卖盘
181,14:45:46,25.29,-0.01,3,7587,卖盘
182,14:45:43,25.3,--,1,2530,买盘
183,14:45:40,25.3,0.01,70,177251,买盘
184,14:45:34,25.29,-0.02,8,20232,卖盘
185,14:45:31,25.31,0.01,33,83523,买盘
186,14:45:28,25.3,0.01,31,78430,买盘
187,14:45:22,25.29,--,12,30348,卖盘
188,14:45:19,25.29,-0.02,6,15174,卖盘
189,14:45:16,25.31,0.02,148,374588,买盘
190,14:45:13,25.29,-0.01,145,366705,卖盘
191,14:45:10,25.3,0.01,4,10120,买盘
192,14:45:07,25.29,--,145,366705,卖盘
193,14:45:04,25.29,--,10,25290,卖盘
194,14:45:01,25.29,-0.01,56,141624,卖盘
195,14:44:52,25.3,--,29,73370,买盘
196,14:44:49,25.3,--,24,60720,买盘
197,14:44:46,25.3,--,123,311190,买盘
198,14:44:43,25.3,--,260,657800,买盘
199,14:44:40,25.3,0.01,15,37950,买盘
200,14:44:37,25.29,--,103,260487,卖盘
201,14:44:31,25.29,--,5,12645,卖盘
202,14:44:28,25.29,--,20,50580,卖盘
203,14:44:25,25.29,0.01,10,25290,买盘
204,14:44:22,25.28,-0.01,63,159264,卖盘
205,14:44:19,25.29,-0.01,3,7587,中性盘
206,14:44:16,25.3,0.01,298,753940,买盘
207,14:44:13,25.29,--,22,55638,买盘
208,14:44:10,25.29,--,13,32877,买盘
209,14:44:07,25.29,-0.01,18,45522,卖盘
210,14:44:01,25.3,0.01,13,32890,买盘
211,14:43:58,25.29,-0.01,7,17703,卖盘
212,14:43:55,25.3,--,12,30360,买盘
213,14:43:49,25.3,0.01,218,551540,买盘
214,14:43:43,25.29,--,3,7587,买盘
215,14:43:40,25.29,--,67,169443,买盘
216,14:43:37,25.29,--,125,316125,买盘
217,14:43:31,25.29,--,1,2529,买盘
218,14:43:28,25.29,0.01,2,5058,买盘
219,14:43:22,25.28,--,1,2528,卖盘
220,14:43:13,25.28,0.01,198,500544,买盘
221,14:43:10,25.27,--,5,12635,买盘
222,14:43:07,25.27,--,3,7581,卖盘
223,14:43:04,25.27,--,3,7581,买盘
224,14:43:01,25.27,--,90,227430,卖盘
225,14:42:58,25.27,0.01,3,7581,卖盘
226,14:42:55,25.26,-0.01,13,32838,卖盘
227,14:42:52,25.27,--,47,118769,买盘
228,14:42:46,25.27,--,5,12635,买盘
229,14:42:43,25.27,--,34,85918,买盘
230,14:42:34,25.27,--,21,53067,买盘
231,14:42:31,25.27,0.01,42,106134,买盘
232,14:42:28,25.26,-0.01,45,113670,卖盘
233,14:42:25,25.27,--,37,93499,买盘
234,14:42:22,25.27,--,1,2527,买盘
235,14:42:19,25.27,--,8,20216,买盘
236,14:42:16,25.27,0.01,3,7581,买盘
237,14:42:13,25.26,--,5,12630,卖盘
238,14:42:10,25.26,-0.01,20,50520,卖盘
239,14:42:04,25.27,0.02,139,351328,买盘
240,14:42:01,25.25,--,8,20200,卖盘
241,14:41:58,25.25,--,39,98475,卖盘
242,14:41:52,25.25,-0.01,4,10100,卖盘
243,14:41:49,25.26,0.01,2,5052,买盘
244,14:41:43,25.25,--,5,12625,卖盘
245,14:41:40,25.25,--,287,724675,买盘
246,14:41:37,25.25,--,3,7575,买盘
247,14:41:34,25.25,--,30,75750,买盘
248,14:41:31,25.25,0.01,33,83325,买盘
249,14:41:16,25.24,--,15,37860,卖盘
250,14:41:13,25.24,--,18,45432,卖盘
251,14:41:10,25.24,--,15,37860,卖盘
252,14:41:04,25.24,-0.01,28,70672,卖盘
253,14:41:01,25.25,0.02,13,32825,买盘
254,14:40:58,25.23,-0.01,5,12615,卖盘
255,14:40:55,25.24,--,46,116104,买盘
256,14:40:49,25.24,0.01,14,35336,买盘
257,14:40:46,25.23,-0.01,3,7569,卖盘
258,14:40:43,25.24,0.01,104,262496,买盘
259,14:40:40,25.23,--,5,12615,卖盘
260,14:40:37,25.23,--,14,35574,买盘
261,14:40:34,25.23,-0.01,12,32546,卖盘
262,14:40:31,25.24,--,18,45432,买盘
263,14:40:28,25.24,0.01,11,27764,买盘
264,14:40:25,25.23,--,1,2523,卖盘
265,14:40:22,25.23,-0.01,6,15138,卖盘
266,14:40:16,25.24,0.02,66,166836,买盘
267,14:40:13,25.22,-0.01,61,153842,卖盘
268,14:40:07,25.23,0.01,13,32799,买盘
269,14:40:04,25.22,-0.01,53,133666,卖盘
270,14:40:01,25.23,--,8,20184,买盘
271,14:39:58,25.23,0.01,35,88305,买盘
272,14:39:52,25.22,-0.01,32,82973,卖盘
273,14:39:49,25.23,0.01,18,45414,买盘
274,14:39:46,25.22,-0.01,28,70616,卖盘
275,14:39:43,25.23,--,7,17661,买盘
276,14:39:40,25.23,--,48,121104,买盘
277,14:39:37,25.23,--,3,7569,买盘
278,14:39:34,25.23,0.01,4,10092,买盘
279,14:39:31,25.22,-0.01,2,5044,卖盘
280,14:39:25,25.23,0.01,6,15390,买盘
281,14:39:22,25.22,--,162,408564,买盘
282,14:39:19,25.22,--,10,25220,买盘
283,14:39:13,25.22,-0.01,337,852183,卖盘
284,14:39:07,25.23,--,31,78213,卖盘
285,14:39:04,25.23,--,9,22707,卖盘
286,14:38:58,25.23,--,1,2523,卖盘
287,14:38:55,25.23,--,47,118581,卖盘
288,14:38:49,25.23,--,13,32799,卖盘
289,14:38:46,25.23,--,14,35322,卖盘
290,14:38:43,25.23,--,3,7569,卖盘
291,14:38:40,25.23,--,113,285099,买盘
292,14:38:34,25.23,0.01,30,75690,买盘
293,14:38:31,25.22,-0.01,16,40352,卖盘
294,14:38:28,25.23,0.01,4,10092,买盘
295,14:38:25,25.22,-0.01,1,2522,卖盘
296,14:38:22,25.23,0.01,9,22707,买盘
297,14:38:16,25.22,-0.01,1,2522,卖盘
298,14:38:10,25.23,--,89,224547,买盘
299,14:38:07,25.23,--,106,267438,买盘
300,14:38:04,25.23,0.01,25,63075,买盘
301,14:37:58,25.22,-0.01,37,93566,卖盘
302,14:37:46,25.23,--,19,47937,买盘
303,14:37:37,25.23,0.01,8,20184,买盘
304,14:37:34,25.22,-0.01,7,17654,卖盘
305,14:37:31,25.23,--,43,108489,买盘
306,14:37:28,25.23,0.01,5,12615,买盘
307,14:37:25,25.22,--,16,40352,卖盘
308,14:37:22,25.22,-0.01,5,12610,卖盘
309,14:37:19,25.23,0.01,20,50460,买盘
310,14:37:16,25.22,--,4,10088,卖盘
311,14:37:13,25.22,-0.01,35,88270,卖盘
312,14:37:10,25.23,--,10,25230,买盘
313,14:37:07,25.23,0.01,5,12615,买盘
314,14:37:04,25.22,-0.01,31,78182,卖盘
315,14:37:01,25.23,--,30,75690,买盘
316,14:36:58,25.23,0.01,2,5046,买盘
317,14:36:55,25.22,--,5,12610,卖盘
318,14:36:46,25.22,-0.01,19,47918,卖盘
319,14:36:43,25.23,0.01,42,105966,买盘
320,14:36:40,25.22,--,10,25220,卖盘
321,14:36:37,25.22,-0.01,14,35308,卖盘
322,14:36:34,25.23,0.01,5,12615,买盘
323,14:36:31,25.22,-0.01,13,32786,卖盘
324,14:36:28,25.23,0.01,5,12615,买盘
325,14:36:25,25.22,-0.01,12,30264,卖盘
326,14:36:19,25.23,-0.01,5,12615,中性盘
327,14:36:13,25.24,--,15,37860,买盘
328,14:36:10,25.24,--,312,787488,买盘
329,14:36:04,25.24,--,10,25240,买盘
330,14:36:01,25.24,0.01,1,2524,买盘
331,14:35:55,25.23,--,14,35322,卖盘
332,14:35:52,25.23,-0.01,3,7569,卖盘
333,14:35:49,25.24,0.01,18,45432,买盘
334,14:35:46,25.23,-0.01,4,10092,卖盘
335,14:35:43,25.24,0.01,24,60575,买盘
336,14:35:37,25.23,-0.01,6,15138,卖盘
337,14:35:34,25.24,0.01,10,25240,买盘
338,14:35:31,25.23,-0.01,14,35322,卖盘
339,14:35:28,25.24,0.01,20,50480,买盘
340,14:35:25,25.23,--,1,2523,卖盘
341,14:35:22,25.23,--,3,7569,卖盘
342,14:35:16,25.23,-0.01,3,7569,卖盘
343,14:35:13,25.24,0.01,11,27764,买盘
344,14:35:07,25.23,--,45,113535,卖盘
345,14:35:01,25.23,--,1,2523,卖盘
346,14:34:46,25.23,--,2,5046,买盘
347,14:34:43,25.23,--,2,5046,买盘
348,14:34:40,25.23,0.01,7,17661,买盘
349,14:34:37,25.22,-0.01,88,221936,卖盘
350,14:34:28,25.23,--,42,105966,买盘
351,14:34:22,25.23,0.01,16,40368,买盘
352,14:34:19,25.22,--,38,95836,卖盘
353,14:34:16,25.22,-0.01,10,25220,卖盘
354,14:34:13,25.23,--,3,7569,买盘
355,14:34:10,25.23,--,47,118581,买盘
356,14:34:07,25.23,--,7,17661,买盘
357,14:34:01,25.23,--,68,171564,买盘
358,14:33:49,25.23,0.02,10,25230,买盘
359,14:33:46,25.21,-0.01,21,52941,卖盘
360,14:33:43,25.22,-0.01,14,35308,卖盘
361,14:33:40,25.23,--,5,12615,卖盘
362,14:33:31,25.23,--,28,70644,买盘
363,14:33:25,25.23,0.01,132,333036,买盘
364,14:33:19,25.22,--,8,20176,卖盘
365,14:33:16,25.22,0.01,6,15132,卖盘
366,14:33:13,25.21,--,10,25210,卖盘
367,14:33:10,25.21,--,25,63025,卖盘
368,14:33:07,25.21,-0.01,5,12605,买盘
369,14:33:04,25.22,--,3,7566,买盘
370,14:33:01,25.22,0.01,5,12610,买盘
371,14:32:58,25.21,--,5,12605,买盘
372,14:32:55,25.21,--,27,68067,买盘
373,14:32:52,25.21,--,28,70588,卖盘
374,14:32:49,25.21,--,23,57983,卖盘
375,14:32:46,25.21,-0.02,28,70588,卖盘
376,14:32:43,25.23,0.02,93,234639,买盘
377,14:32:37,25.21,0.01,3,7563,买盘
378,14:32:34,25.2,-0.01,101,254520,卖盘
379,14:32:28,25.21,--,30,75630,卖盘
380,14:32:25,25.21,--,27,68067,卖盘
381,14:32:22,25.21,0.01,138,347898,买盘
382,14:32:16,25.2,-0.01,19,47880,卖盘
383,14:32:10,25.21,--,17,42857,买盘
384,14:32:07,25.21,0.01,26,65546,买盘
385,14:32:04,25.2,--,15,37800,卖盘
386,14:32:01,25.2,-0.01,45,113400,卖盘
387,14:31:58,25.21,--,23,57983,买盘
388,14:31:55,25.21,0.01,10,25210,买盘
389,14:31:52,25.2,-0.01,34,85680,卖盘
390,14:31:49,25.21,0.01,8,20168,买盘
391,14:31:46,25.2,-0.02,105,264600,卖盘
392,14:31:43,25.22,0.01,224,564928,买盘
393,14:31:34,25.21,--,11,27731,卖盘
394,14:31:31,25.21,--,34,85714,卖盘
395,14:31:28,25.21,--,33,83193,卖盘
396,14:31:22,25.21,--,49,123529,卖盘
397,14:31:19,25.21,--,10,25210,卖盘
398,14:31:16,25.21,--,9,22689,卖盘
399,14:31:13,25.21,-0.01,173,436133,卖盘
400,14:31:07,25.22,0.01,29,73138,买盘
401,14:31:04,25.21,--,3,7563,卖盘
402,14:30:58,25.21,-0.01,12,30252,卖盘
403,14:30:55,25.22,0.01,28,70616,买盘
404,14:30:49,25.21,-0.01,141,355461,卖盘
405,14:30:40,25.22,--,33,83226,买盘
406,14:30:37,25.22,--,35,88270,卖盘
407,14:30:31,25.22,--,20,50440,卖盘
408,14:30:28,25.22,--,2,5044,卖盘
409,14:30:25,25.22,-0.01,12,30264,卖盘
410,14:30:22,25.23,--,7,17661,买盘
411,14:30:19,25.23,0.01,30,75690,买盘
412,14:30:16,25.22,-0.01,4,10088,卖盘
413,14:30:13,25.23,0.01,121,305283,买盘
414,14:30:04,25.22,-0.01,5,12610,卖盘
415,14:30:01,25.23,--,22,55506,中性盘
416,14:29:49,25.23,--,4,10092,卖盘
417,14:29:46,25.23,--,16,40368,买盘
418,14:29:43,25.23,-0.01,41,103443,卖盘
419,14:29:40,25.24,0.01,25,63099,买盘
420,14:29:34,25.23,--,7,17661,卖盘
421,14:29:31,25.23,--,13,32799,卖盘
422,14:29:28,25.23,--,32,80736,买盘
423,14:29:22,25.23,--,8,20184,买盘
424,14:29:16,25.23,--,13,32799,卖盘
425,14:29:13,25.23,--,9,22707,卖盘
426,14:29:10,25.23,0.01,6,15138,卖盘
427,14:29:01,25.22,--,2,5044,买盘
428,14:28:58,25.22,--,40,100880,买盘
429,14:28:55,25.22,-0.04,633,1596426,卖盘
430,14:28:49,25.26,0.01,16,40416,买盘
431,14:28:46,25.25,--,35,88375,买盘
432,14:28:40,25.25,0.01,22,55550,买盘
433,14:28:36,25.24,--,12,30287,卖盘
434,14:28:33,25.24,-0.01,10,25240,卖盘
435,14:28:30,25.25,0.02,10,25250,买盘
436,14:28:24,25.23,-0.01,100,252300,卖盘
437,14:28:21,25.24,--,5,12620,卖盘
438,14:28:18,25.24,-0.01,13,32812,卖盘
439,14:28:15,25.25,0.02,11,27775,买盘
440,14:28:12,25.23,-0.01,114,287622,卖盘
441,14:28:06,25.24,--,15,37860,卖盘
442,14:28:03,25.24,-0.01,186,469464,卖盘
443,14:27:57,25.25,--,10,25250,买盘
444,14:27:54,25.25,--,47,118675,卖盘
445,14:27:48,25.25,--,11,27775,卖盘
446,14:27:42,25.25,--,101,255025,卖盘
447,14:27:39,25.25,-0.01,10,25250,卖盘
448,14:27:36,25.26,--,21,53046,买盘
449,14:27:30,25.26,0.01,112,282912,买盘
450,14:27:27,25.25,--,30,75750,卖盘
451,14:27:24,25.25,--,16,40400,卖盘
452,14:27:21,25.25,-0.01,46,116150,卖盘
453,14:27:15,25.26,--,34,85884,买盘
454,14:27:09,25.26,0.01,3,7578,买盘
455,14:27:06,25.25,--,25,63125,卖盘
456,14:27:03,25.25,--,33,83325,卖盘
457,14:26:57,25.25,--,4,10100,卖盘
458,14:26:54,25.25,--,23,58075,卖盘
459,14:26:51,25.25,-0.01,1,2525,卖盘
460,14:26:48,25.26,0.01,15,37890,买盘
461,14:26:45,25.25,--,3,7575,卖盘
462,14:26:39,25.25,-0.01,221,558025,卖盘
463,14:26:36,25.26,0.01,4,10104,买盘
464,14:26:30,25.25,-0.01,5,12625,卖盘
465,14:26:21,25.26,--,5,12630,买盘
466,14:26:18,25.26,--,20,50520,买盘
467,14:26:06,25.26,--,78,197028,买盘
468,14:25:54,25.26,0.01,46,116196,买盘
469,14:25:51,25.25,-0.01,1,2525,卖盘
470,14:25:48,25.26,--,32,80832,卖盘
471,14:25:39,25.26,--,200,505200,卖盘
472,14:25:36,25.26,--,3,7578,卖盘
473,14:25:30,25.26,-0.01,13,32838,卖盘
474,14:25:27,25.27,0.01,6,15162,买盘
475,14:25:21,25.26,--,8,20208,卖盘
476,14:25:18,25.26,--,41,103566,卖盘
477,14:25:12,25.26,--,8,20208,卖盘
478,14:25:09,25.26,--,5,12630,卖盘
479,14:25:06,25.26,0.01,84,212184,买盘
480,14:25:03,25.25,-0.01,5,12625,卖盘
481,14:25:00,25.26,--,1,2526,买盘
482,14:24:54,25.26,--,3,7578,买盘
483,14:24:51,25.26,--,37,93462,卖盘
484,14:24:39,25.26,--,6,15156,卖盘
485,14:24:33,25.26,--,16,40416,卖盘
486,14:24:30,25.26,--,11,27786,买盘
487,14:24:27,25.26,--,20,50520,买盘
488,14:24:21,25.26,--,29,73254,卖盘
489,14:24:15,25.26,--,12,30312,买盘
490,14:24:12,25.26,--,15,37890,买盘
491,14:24:09,25.26,--,11,27786,中性盘
492,14:24:06,25.26,0.01,18,45468,买盘
493,14:24:00,25.25,--,10,25250,卖盘
494,14:23:57,25.25,-0.01,5,12625,卖盘
495,14:23:45,25.26,--,15,37890,卖盘
496,14:23:42,25.26,-0.01,7,17682,卖盘
497,14:23:36,25.27,--,9,22743,卖盘
498,14:23:33,25.27,--,5,12635,卖盘
499,14:23:27,25.27,--,46,116242,卖盘
500,14:23:21,25.27,--,3,7581,买盘
501,14:23:18,25.27,--,7,17689,卖盘
502,14:23:15,25.27,--,3,7581,卖盘
503,14:23:09,25.27,-0.01,5,12635,卖盘
504,14:23:06,25.28,0.02,26,65728,买盘
505,14:23:03,25.26,-0.01,7,17682,卖盘
506,14:22:54,25.27,--,5,12635,买盘
507,14:22:48,25.27,-0.01,35,88445,中性盘
508,14:22:39,25.28,0.01,30,75840,买盘
509,14:22:36,25.27,--,10,25270,买盘
510,14:22:30,25.27,0.01,87,219849,买盘
511,14:22:27,25.26,-0.01,1,2526,卖盘
512,14:22:24,25.27,0.01,50,126350,买盘
513,14:22:21,25.26,-0.01,3,7578,卖盘
514,14:22:15,25.27,--,1,2527,买盘
515,14:22:06,25.27,-0.01,99,250173,卖盘
516,14:22:03,25.28,0.01,5,12640,买盘
517,14:21:57,25.27,--,5,12635,卖盘
518,14:21:39,25.27,--,9,22743,买盘
519,14:21:33,25.27,--,2,5054,买盘
520,14:21:30,25.27,0.01,10,25270,买盘
521,14:21:24,25.26,--,7,17682,卖盘
522,14:21:21,25.26,-0.01,1,2526,卖盘
523,14:21:15,25.27,0.01,2,5054,买盘
524,14:21:06,25.26,0.01,30,75780,中性盘
525,14:21:00,25.25,-0.02,1,2525,卖盘
526,14:20:57,25.27,0.01,129,325983,买盘
527,14:20:54,25.26,--,11,27786,买盘
528,14:20:51,25.26,0.01,19,47994,买盘
529,14:20:48,25.25,-0.01,5,12625,卖盘
530,14:20:45,25.26,0.01,83,209658,买盘
531,14:20:42,25.25,--,50,126250,卖盘
532,14:20:39,25.25,--,8,20200,卖盘
533,14:20:30,25.25,--,20,50500,卖盘
534,14:20:27,25.25,--,10,25250,卖盘
535,14:20:21,25.25,--,10,25250,卖盘
536,14:20:18,25.25,--,56,141400,买盘
537,14:20:12,25.25,0.01,10,25250,买盘
538,14:20:09,25.24,-0.01,5,12620,卖盘
539,14:20:06,25.25,0.01,2,5050,买盘
540,14:20:03,25.24,-0.01,17,42908,卖盘
541,14:19:57,25.25,--,2,5050,买盘
542,14:19:51,25.25,--,4,10100,买盘
543,14:19:45,25.25,0.01,4,10100,买盘
544,14:19:39,25.24,-0.01,2,5048,中性盘
545,14:19:33,25.25,0.01,19,47975,买盘
546,14:19:30,25.24,0.01,1,2524,卖盘
547,14:19:27,25.23,-0.01,9,22707,卖盘
548,14:19:21,25.24,0.01,12,30287,买盘
549,14:19:12,25.23,-0.01,18,45414,卖盘
550,14:19:06,25.24,0.01,20,50480,买盘
551,14:19:03,25.23,--,1,2523,卖盘
552,14:19:00,25.23,-0.01,29,73167,卖盘
553,14:18:57,25.24,0.01,15,37860,买盘
554,14:18:54,25.23,--,1,2523,卖盘
555,14:18:51,25.23,-0.01,14,35322,卖盘
556,14:18:48,25.24,0.01,20,50480,买盘
557,14:18:42,25.23,-0.01,17,42891,卖盘
558,14:18:39,25.24,--,23,58052,买盘
559,14:18:36,25.24,--,20,50480,买盘
560,14:18:33,25.24,0.01,26,65624,买盘
561,14:18:27,25.23,-0.01,1,2523,卖盘
562,14:18:24,25.24,--,21,53004,买盘
563,14:18:21,25.24,-0.01,24,60575,卖盘
564,14:18:15,25.25,-0.01,1,2525,买盘
565,14:18:12,25.26,0.02,50,126300,买盘
566,14:18:09,25.24,--,7,17668,卖盘
567,14:18:06,25.24,-0.02,18,45432,卖盘
568,14:18:03,25.26,0.02,2,5052,买盘
569,14:18:00,25.24,-0.02,34,85816,卖盘
570,14:17:57,25.26,0.02,99,250074,买盘
571,14:17:51,25.24,-0.01,3,7571,卖盘
572,14:17:48,25.25,--,220,555500,卖盘
573,14:17:42,25.25,--,43,108575,卖盘
574,14:17:39,25.25,--,23,58075,卖盘
575,14:17:36,25.25,-0.01,28,70700,卖盘
576,14:17:30,25.26,--,243,613818,买盘
577,14:17:27,25.26,--,16,40416,买盘
578,14:17:24,25.26,--,72,181872,买盘
579,14:17:18,25.26,--,3,7578,买盘
580,14:17:12,25.26,--,2,5052,买盘
581,14:17:06,25.26,--,26,65676,卖盘
582,14:17:03,25.26,--,2,5052,卖盘
583,14:16:57,25.26,--,3,7578,卖盘
584,14:16:54,25.26,--,23,58098,卖盘
585,14:16:51,25.26,--,9,22734,卖盘
586,14:16:48,25.26,--,11,27786,卖盘
587,14:16:42,25.26,--,1,2526,卖盘
588,14:16:39,25.26,--,6,15156,卖盘
589,14:16:36,25.26,--,5,12630,卖盘
590,14:16:33,25.26,0.01,5,12630,买盘
591,14:16:30,25.25,--,40,101000,卖盘
592,14:16:24,25.25,--,121,305525,卖盘
593,14:16:18,25.25,--,12,30300,卖盘
594,14:16:15,25.25,--,2,5050,卖盘
595,14:16:12,25.25,--,50,126250,卖盘
596,14:16:09,25.25,--,151,381275,卖盘
597,14:16:06,25.25,--,2,5050,卖盘
598,14:16:00,25.25,--,200,505000,卖盘
599,14:15:54,25.25,--,2,5050,卖盘
600,14:15:51,25.25,--,60,151500,卖盘
601,14:15:48,25.25,--,11,27775,卖盘
602,14:15:45,25.25,--,9,22725,卖盘
603,14:15:42,25.25,--,20,50500,卖盘
604,14:15:39,25.25,--,3,7575,卖盘
605,14:15:36,25.25,--,8,20200,卖盘
606,14:15:33,25.25,--,9,22725,卖盘
607,14:15:30,25.25,--,17,42925,卖盘
608,14:15:24,25.25,--,8,20200,卖盘
609,14:15:21,25.25,-0.01,24,60600,卖盘
610,14:15:12,25.26,0.01,11,27786,买盘
611,14:15:09,25.25,-0.01,9,22725,卖盘
612,14:15:06,25.26,--,13,32838,卖盘
613,14:15:00,25.26,--,46,116196,卖盘
614,14:14:57,25.26,--,20,50520,卖盘
615,14:14:54,25.26,--,10,25260,卖盘
616,14:14:51,25.26,--,15,37890,卖盘
617,14:14:45,25.26,-0.01,102,257652,卖盘
618,14:14:42,25.27,0.01,44,111188,买盘
619,14:14:39,25.26,--,28,70728,卖盘
620,14:14:36,25.26,-0.01,7,17682,卖盘
621,14:14:30,25.27,0.01,8,20216,买盘
622,14:14:27,25.26,--,21,53046,卖盘
623,14:14:24,25.26,--,10,25260,卖盘
624,14:14:21,25.26,-0.01,61,154086,卖盘
625,14:14:09,25.27,--,5,12635,买盘
626,14:14:06,25.27,--,5,12635,买盘
627,14:14:00,25.27,--,6,15162,卖盘
628,14:13:57,25.27,--,40,101080,卖盘
629,14:13:54,25.27,--,7,17689,卖盘
630,14:13:51,25.27,--,12,30324,卖盘
631,14:13:48,25.27,-0.01,4,10108,卖盘
632,14:13:45,25.28,0.01,1,2528,买盘
633,14:13:42,25.27,--,5,12635,卖盘
634,14:13:36,25.27,-0.01,10,25270,卖盘
635,14:13:33,25.28,--,5,12640,买盘
636,14:13:27,25.28,--,16,40448,卖盘
637,14:13:24,25.28,--,25,63200,卖盘
638,14:13:18,25.28,-0.01,1,2528,卖盘
639,14:13:06,25.29,--,9,22761,卖盘
640,14:13:03,25.29,--,28,70812,卖盘
641,14:13:00,25.29,--,11,27819,卖盘
642,14:12:54,25.29,--,1,2529,卖盘
643,14:12:48,25.29,0.01,18,45522,买盘
644,14:12:45,25.28,-0.01,35,88480,卖盘
645,14:12:33,25.29,--,20,50580,买盘
646,14:12:27,25.29,0.01,2,5058,买盘
647,14:12:24,25.28,-0.01,1,2528,中性盘
648,14:12:18,25.29,0.02,4,10116,中性盘
649,14:12:06,25.27,-0.03,12,30324,卖盘
650,14:12:03,25.3,0.03,32,80960,买盘
651,14:12:00,25.27,--,9,22743,卖盘
652,14:11:57,25.27,-0.02,30,75810,卖盘
653,14:11:39,25.29,--,19,48051,买盘
654,14:11:33,25.29,0.01,5,12645,买盘
655,14:11:30,25.28,--,46,116288,卖盘
656,14:11:27,25.28,--,59,149152,卖盘
657,14:11:12,25.28,--,5,12640,卖盘
658,14:11:06,25.28,0.01,2,5056,买盘
659,14:11:03,25.27,--,6,15162,卖盘
660,14:11:00,25.27,--,5,12635,卖盘
661,14:10:57,25.27,0.02,15,37905,买盘
662,14:10:54,25.25,--,1,2525,卖盘
663,14:10:51,25.25,--,10,25250,卖盘
664,14:10:48,25.25,--,8,20200,卖盘
665,14:10:36,25.25,--,10,25250,卖盘
666,14:10:30,25.25,--,13,32825,买盘
667,14:10:27,25.25,0.01,48,121200,买盘
668,14:10:24,25.24,--,4,10096,卖盘
669,14:10:21,25.24,--,5,12620,卖盘
670,14:10:18,25.24,--,10,25240,买盘
671,14:10:15,25.24,0.01,15,37860,买盘
672,14:10:12,25.23,--,5,12615,卖盘
673,14:10:06,25.23,-0.01,3,7569,卖盘
674,14:10:02,25.24,0.01,1,2524,买盘
675,14:09:59,25.23,-0.01,14,35322,卖盘
676,14:09:44,25.24,-0.01,66,166584,卖盘
677,14:09:35,25.25,--,55,138875,买盘
678,14:09:32,25.25,-0.01,66,166650,卖盘
679,14:09:29,25.26,--,30,75780,卖盘
680,14:09:26,25.26,0.01,10,25260,中性盘
681,14:09:23,25.25,--,21,53025,卖盘
682,14:09:20,25.25,--,24,60600,卖盘
683,14:09:08,25.25,--,5,12625,卖盘
684,14:09:05,25.25,--,4,10100,卖盘
685,14:08:56,25.25,--,1,2525,卖盘
686,14:08:53,25.25,--,3,7575,卖盘
687,14:08:50,25.25,0.01,20,50500,买盘
688,14:08:47,25.24,-0.02,20,50480,卖盘
689,14:08:44,25.26,0.01,20,50520,买盘
690,14:08:38,25.25,--,13,32825,买盘
691,14:08:35,25.25,--,1,2525,卖盘
692,14:08:29,25.25,0.02,5,12625,卖盘
693,14:08:20,25.23,-0.03,10,25230,卖盘
694,14:08:17,25.26,0.03,3,7578,买盘
695,14:08:08,25.23,--,2,5046,卖盘
696,14:08:02,25.23,-0.02,40,100920,卖盘
697,14:07:56,25.25,0.03,497,1256995,买盘
698,14:07:53,25.22,--,30,75660,卖盘
699,14:07:47,25.22,-0.01,6,15132,卖盘
700,14:07:44,25.23,0.01,1,2523,买盘
701,14:07:41,25.22,--,15,37830,卖盘
702,14:07:38,25.22,--,23,58006,卖盘
703,14:07:29,25.22,--,10,25220,卖盘
704,14:07:26,25.22,--,60,151320,买盘
705,14:07:23,25.22,--,10,25220,买盘
706,14:07:20,25.22,0.01,5,12610,买盘
707,14:07:17,25.21,-0.01,51,128571,卖盘
708,14:07:14,25.22,0.01,28,70616,买盘
709,14:07:11,25.21,-0.01,11,27731,卖盘
710,14:07:08,25.22,0.01,14,35308,买盘
711,14:07:05,25.21,-0.01,6,15126,卖盘
712,14:06:59,25.22,--,7,17654,买盘
713,14:06:56,25.22,--,62,156364,卖盘
714,14:06:53,25.22,-0.01,7,17654,卖盘
715,14:06:47,25.23,0.01,17,42891,买盘
716,14:06:44,25.22,-0.01,15,37830,卖盘
717,14:06:38,25.23,0.01,37,93351,买盘
718,14:06:35,25.22,--,3,7566,卖盘
719,14:06:32,25.22,--,5,12610,卖盘
720,14:06:29,25.22,-0.01,142,358124,卖盘
721,14:06:23,25.23,--,12,30276,买盘
722,14:06:20,25.23,--,10,25230,卖盘
723,14:06:17,25.23,--,15,37845,卖盘
724,14:06:14,25.23,--,25,63075,卖盘
725,14:06:11,25.23,--,44,111012,卖盘
726,14:06:08,25.23,-0.01,10,25230,卖盘
727,14:06:05,25.24,--,2,5048,买盘
728,14:06:02,25.24,--,13,32812,买盘
729,14:05:59,25.24,0.01,13,32812,买盘
730,14:05:56,25.23,-0.01,4,10092,卖盘
731,14:05:50,25.24,--,108,272592,卖盘
732,14:05:47,25.24,--,24,60575,卖盘
733,14:05:44,25.24,--,5,12620,卖盘
734,14:05:41,25.24,-0.01,2,5048,卖盘
735,14:05:38,25.25,--,83,209575,买盘
736,14:05:35,25.25,--,10,25250,买盘
737,14:05:29,25.25,--,35,88375,买盘
738,14:05:23,25.25,--,641,1619105,卖盘
739,14:05:20,25.25,--,11,27775,卖盘
740,14:05:17,25.25,-0.01,1,2525,卖盘
741,14:05:11,25.26,--,45,113670,卖盘
742,14:05:05,25.26,-0.01,27,68202,卖盘
743,14:05:02,25.27,--,1,2527,买盘
744,14:04:59,25.27,--,6,15162,买盘
745,14:04:56,25.27,--,5,12635,买盘
746,14:04:53,25.27,--,31,78337,卖盘
747,14:04:50,25.27,-0.01,60,151620,卖盘
748,14:04:41,25.28,--,5,12640,卖盘
749,14:04:38,25.28,--,26,65728,卖盘
750,14:04:32,25.28,--,29,73312,卖盘
751,14:04:26,25.28,--,4,10112,卖盘
752,14:04:20,25.28,--,101,255328,卖盘
753,14:04:17,25.28,--,34,85952,卖盘
754,14:04:14,25.28,-0.01,37,93536,卖盘
755,14:04:08,25.29,--,1,2529,买盘
756,14:03:59,25.29,0.01,8,20232,买盘
757,14:03:56,25.28,-0.01,2,5056,卖盘
758,14:03:53,25.29,0.01,5,12645,买盘
759,14:03:47,25.28,-0.01,7,17696,卖盘
760,14:03:44,25.29,--,2,5058,买盘
761,14:03:35,25.29,--,14,35406,买盘
762,14:03:29,25.29,-0.01,5,12645,中性盘
763,14:03:14,25.3,--,1,2530,卖盘
764,14:03:08,25.3,-0.01,9,22770,买盘
765,14:03:05,25.31,0.01,105,265755,买盘
766,14:02:59,25.3,--,63,159390,买盘
767,14:02:47,25.3,--,3,7590,买盘
768,14:02:44,25.3,--,2,5060,买盘
769,14:02:35,25.3,--,19,48070,买盘
770,14:02:29,25.3,--,1,2530,买盘
771,14:02:11,25.3,0.01,50,126500,买盘
772,14:02:08,25.29,-0.01,42,107482,卖盘
773,14:01:59,25.3,0.01,16,40480,买盘
774,14:01:47,25.29,--,102,259222,买盘
775,14:01:44,25.29,--,1,2529,买盘
776,14:01:35,25.29,--,54,137830,卖盘
777,14:01:20,25.29,-0.01,30,77134,卖盘
778,14:01:17,25.3,0.01,114,288420,买盘
779,14:01:08,25.29,-0.01,3,7587,卖盘
780,14:01:05,25.3,--,50,126500,买盘
781,14:00:56,25.3,--,2,5060,买盘
782,14:00:50,25.3,--,5,12650,买盘
783,14:00:47,25.3,0.01,1,2530,买盘
784,14:00:44,25.29,-0.01,19,48051,卖盘
785,14:00:41,25.3,0.01,10,25300,买盘
786,14:00:38,25.29,--,3,7587,卖盘
787,14:00:35,25.29,-0.01,28,70812,卖盘
788,14:00:32,25.3,--,12,30360,买盘
789,14:00:26,25.3,--,2,5060,买盘
790,14:00:20,25.3,--,3,7590,买盘
791,14:00:17,25.3,--,10,25300,买盘
792,14:00:14,25.3,0.01,79,199870,买盘
793,14:00:11,25.29,-0.01,5,12645,卖盘
794,14:00:08,25.3,0.01,51,129030,买盘
795,14:00:05,25.29,-0.01,41,103689,卖盘
796,14:00:02,25.3,--,80,202400,买盘
797,13:59:56,25.3,--,1,2530,买盘
798,13:59:47,25.3,0.01,42,106260,买盘
799,13:59:35,25.29,0.01,14,35406,买盘
800,13:59:26,25.28,-0.01,1,2528,卖盘
801,13:59:23,25.29,--,15,37935,买盘
802,13:59:20,25.29,--,1,2529,买盘
803,13:59:17,25.29,--,20,50580,买盘
804,13:59:11,25.29,--,12,30348,买盘
805,13:59:08,25.29,--,1,2529,买盘
806,13:59:05,25.29,--,3,7587,买盘
807,13:59:02,25.29,--,2,5058,买盘
808,13:58:59,25.29,--,1,2529,买盘
809,13:58:53,25.29,--,9,22761,买盘
810,13:58:32,25.29,--,13,32877,买盘
811,13:58:29,25.29,--,2,5058,买盘
812,13:58:26,25.29,0.02,50,126450,买盘
813,13:58:23,25.27,--,15,37905,买盘
814,13:58:17,25.27,--,12,30324,买盘
815,13:58:14,25.27,--,30,75810,买盘
816,13:58:11,25.27,--,5,12635,买盘
817,13:58:02,25.27,--,8,20216,买盘
818,13:57:59,25.27,--,33,83391,卖盘
819,13:57:56,25.27,--,3,7581,卖盘
820,13:57:53,25.27,--,1,2527,卖盘
821,13:57:50,25.27,--,51,128877,卖盘
822,13:57:29,25.27,--,3,7581,卖盘
823,13:57:20,25.27,0.02,5,12635,买盘
824,13:57:17,25.25,-0.02,50,126250,卖盘
825,13:57:02,25.27,0.01,103,260281,买盘
826,13:56:47,25.26,--,2,5052,卖盘
827,13:56:44,25.26,--,14,35364,买盘
828,13:56:41,25.26,--,5,12630,买盘
829,13:56:38,25.26,--,105,265230,买盘
830,13:56:35,25.26,0.01,2,5052,买盘
831,13:56:29,25.25,-0.01,5,12625,卖盘
832,13:56:26,25.26,0.01,43,108618,买盘
833,13:56:23,25.25,--,5,12625,卖盘
834,13:56:14,25.25,-0.01,10,25250,卖盘
835,13:56:08,25.26,0.01,2,5052,中性盘
836,13:56:02,25.25,-0.02,140,353500,卖盘
837,13:55:56,25.27,0.01,9,22743,买盘
838,13:55:53,25.26,--,13,32838,卖盘
839,13:55:50,25.26,--,55,138930,卖盘
840,13:55:47,25.26,--,9,22734,卖盘
841,13:55:41,25.26,--,15,37890,卖盘
842,13:55:32,25.26,--,1,2526,卖盘
843,13:55:26,25.26,-0.01,5,12630,卖盘
844,13:55:20,25.27,0.01,9,22743,买盘
845,13:55:14,25.26,--,6,15156,卖盘
846,13:55:02,25.26,-0.01,1,2526,卖盘
847,13:54:59,25.27,--,2,5054,买盘
848,13:54:56,25.27,0.01,1,2527,中性盘
849,13:54:50,25.26,-0.03,50,126300,卖盘
850,13:54:47,25.29,0.02,20,50580,买盘
851,13:54:44,25.27,--,5,12635,卖盘
852,13:54:35,25.27,-0.01,30,75810,卖盘
853,13:54:32,25.28,--,2,5056,卖盘
854,13:54:29,25.28,--,3,7584,买盘
855,13:54:26,25.28,--,22,55616,买盘
856,13:54:23,25.28,--,5,12640,买盘
857,13:54:17,25.28,0.01,5,12640,买盘
858,13:54:14,25.27,-0.01,11,27797,卖盘
859,13:54:11,25.28,--,102,257856,买盘
860,13:53:59,25.28,--,20,50560,买盘
861,13:53:47,25.28,-0.01,27,68256,卖盘
862,13:53:44,25.29,--,4,10116,买盘
863,13:53:41,25.29,--,4,10116,买盘
864,13:53:38,25.29,--,1,2529,买盘
865,13:53:35,25.29,0.01,8,20232,买盘
866,13:53:32,25.28,--,3,7584,卖盘
867,13:53:29,25.28,-0.01,2,5056,卖盘
868,13:53:23,25.29,0.01,10,25290,买盘
869,13:53:14,25.28,--,23,58144,卖盘
870,13:53:11,25.28,0.02,1,2528,买盘
871,13:53:02,25.26,-0.03,10,25260,卖盘
872,13:52:53,25.29,0.03,10,25290,买盘
873,13:52:50,25.26,-0.02,30,75780,卖盘
874,13:52:41,25.28,0.01,8,20224,买盘
875,13:52:32,25.27,0.01,4,10108,买盘
876,13:52:29,25.26,-0.01,32,80832,卖盘
877,13:52:26,25.27,0.01,2,5054,买盘
878,13:52:17,25.26,-0.01,21,53046,卖盘
879,13:52:14,25.27,--,27,68229,卖盘
880,13:52:05,25.27,--,1,2527,买盘
881,13:51:58,25.27,-0.02,2,5054,卖盘
882,13:51:49,25.29,0.02,3,7587,买盘
883,13:51:43,25.27,0.01,7,17689,买盘
884,13:51:40,25.26,-0.01,1,2526,卖盘
885,13:51:37,25.27,0.01,166,419482,买盘
886,13:51:31,25.26,--,12,30312,卖盘
887,13:51:25,25.26,-0.01,2,5052,卖盘
888,13:51:19,25.27,--,2,5054,买盘
889,13:51:16,25.27,--,3,7581,卖盘
890,13:51:10,25.27,0.01,2,5054,买盘
891,13:51:07,25.26,-0.01,3,7578,卖盘
892,13:50:58,25.27,-0.02,54,136458,卖盘
893,13:50:55,25.29,-0.01,5,12645,卖盘
894,13:50:49,25.3,0.01,14,35420,买盘
895,13:50:46,25.29,--,1,2529,卖盘
896,13:50:37,25.29,0.03,86,217494,买盘
897,13:50:22,25.26,-0.03,196,495096,卖盘
898,13:50:07,25.29,-0.01,20,50580,卖盘
899,13:50:04,25.3,0.01,13,32890,买盘
900,13:49:58,25.29,-0.01,10,25290,卖盘
901,13:49:46,25.3,0.01,10,25300,买盘
902,13:49:34,25.29,-0.01,2,5058,卖盘
903,13:49:31,25.3,--,60,151800,卖盘
904,13:49:22,25.3,-0.01,2,5060,卖盘
905,13:49:13,25.31,0.01,22,55682,买盘
906,13:49:10,25.3,-0.01,1,2530,卖盘
907,13:49:07,25.31,--,26,65806,卖盘
908,13:48:52,25.31,--,28,70868,买盘
909,13:48:40,25.31,--,5,12655,买盘
910,13:48:37,25.31,-0.02,29,73399,卖盘
911,13:48:31,25.33,0.03,29,73457,买盘
912,13:48:22,25.3,-0.01,18,45540,卖盘
913,13:48:13,25.31,0.01,1,2531,买盘
914,13:48:01,25.3,--,9,22770,卖盘
915,13:47:58,25.3,--,7,17710,卖盘
916,13:47:55,25.3,--,5,12650,卖盘
917,13:47:43,25.3,--,6,15180,卖盘
918,13:47:40,25.3,--,1,2530,卖盘
919,13:47:34,25.3,0.01,19,48070,买盘
920,13:47:31,25.29,-0.01,5,12645,卖盘
921,13:47:25,25.3,--,81,204930,买盘
922,13:47:16,25.3,0.01,30,75900,买盘
923,13:47:13,25.29,-0.01,4,10116,卖盘
924,13:47:10,25.3,0.01,56,141680,买盘
925,13:46:49,25.29,0.02,9,22761,买盘
926,13:46:40,25.27,--,1,2527,卖盘
927,13:46:37,25.27,-0.01,56,141512,卖盘
928,13:46:31,25.28,--,16,42293,买盘
929,13:46:22,25.28,0.01,10,25280,买盘
930,13:46:04,25.27,0.01,10,25270,买盘
931,13:46:01,25.26,--,1,2526,卖盘
932,13:45:55,25.26,--,20,50520,卖盘
933,13:45:52,25.26,--,1,2627,买盘
934,13:45:49,25.26,--,15,37890,买盘
935,13:45:40,25.26,0.01,80,202080,买盘
936,13:45:37,25.25,--,75,189375,卖盘
937,13:45:34,25.25,--,2,5050,卖盘
938,13:45:31,25.25,--,10,25250,卖盘
939,13:45:25,25.25,--,10,25250,买盘
940,13:45:22,25.25,-0.01,23,58075,买盘
941,13:45:19,25.26,0.01,26,65676,买盘
942,13:45:16,25.25,-0.01,70,177886,卖盘
943,13:45:10,25.26,--,9,22734,买盘
944,13:45:07,25.26,0.01,95,239970,买盘
945,13:45:01,25.25,--,1,2525,卖盘
946,13:44:58,25.25,-0.01,33,83325,卖盘
947,13:44:52,25.26,0.02,32,82221,买盘
948,13:44:46,25.24,-0.01,13,32812,卖盘
949,13:44:43,25.25,--,29,73225,买盘
950,13:44:40,25.25,--,2,5050,买盘
951,13:44:34,25.25,--,23,58075,买盘
952,13:44:31,25.25,--,50,126250,买盘
953,13:44:19,25.25,-0.01,84,213236,卖盘
954,13:44:16,25.26,--,106,267756,买盘
955,13:44:13,25.26,--,10,25260,买盘
956,13:44:04,25.26,--,39,98514,买盘
957,13:43:58,25.26,0.01,7,17682,买盘
958,13:43:55,25.25,-0.01,1,2525,卖盘
959,13:43:46,25.26,0.01,40,101040,买盘
960,13:43:43,25.25,--,14,35350,卖盘
961,13:43:40,25.25,-0.01,10,25250,卖盘
962,13:43:37,25.26,--,2,5052,买盘
963,13:43:34,25.26,--,65,164190,买盘
964,13:43:31,25.26,--,4,10104,买盘
965,13:43:28,25.26,--,8,20208,买盘
966,13:43:16,25.26,--,5,12630,买盘
967,13:43:13,25.26,-0.01,6,15156,卖盘
968,13:43:10,25.27,--,105,265335,买盘
969,13:43:07,25.27,0.01,2,5054,买盘
970,13:43:04,25.26,-0.01,13,32838,卖盘
971,13:43:01,25.27,0.01,42,106134,买盘
972,13:42:58,25.26,-0.01,2,5052,卖盘
973,13:42:52,25.27,0.01,20,50540,买盘
974,13:42:49,25.26,--,10,25260,卖盘
975,13:42:40,25.26,-0.02,1,2526,卖盘
976,13:42:34,25.28,0.02,1,2528,买盘
977,13:42:31,25.26,--,4,10104,卖盘
978,13:42:28,25.26,-0.02,5,12630,卖盘
979,13:42:22,25.28,--,7,17696,买盘
980,13:42:19,25.28,-0.01,12,31018,卖盘
981,13:42:10,25.29,0.01,13,34723,买盘
982,13:42:07,25.28,--,2,5056,卖盘
983,13:42:01,25.28,-0.01,9,22752,卖盘
984,13:41:58,25.29,0.01,3,7587,买盘
985,13:41:52,25.28,-0.01,6,15168,卖盘
986,13:41:46,25.29,--,2,5058,卖盘
987,13:41:43,25.29,-0.01,30,75870,卖盘
988,13:41:40,25.3,--,2,5060,买盘
989,13:41:34,25.3,0.01,13,32890,买盘
990,13:41:31,25.29,-0.01,8,20232,中性盘
991,13:41:25,25.3,0.02,2,5060,买盘
992,13:41:22,25.28,-0.01,18,45504,卖盘
993,13:41:19,25.29,--,35,88515,卖盘
994,13:41:16,25.29,--,12,30348,卖盘
995,13:41:10,25.29,--,10,25290,卖盘
996,13:41:01,25.29,--,3,7587,卖盘
997,13:40:58,25.29,0.01,37,93573,买盘
998,13:40:52,25.28,0.03,13,32864,中性盘
999,13:40:46,25.25,-0.02,30,77138,卖盘
1000,13:40:43,25.27,0.02,10,25270,买盘
1001,13:40:37,25.25,-0.02,158,398950,卖盘
1002,13:40:28,25.27,--,9,22743,买盘
1003,13:40:22,25.27,--,10,25270,卖盘
1004,13:40:19,25.27,--,10,25270,卖盘
1005,13:40:16,25.27,--,1,2527,卖盘
1006,13:40:13,25.27,--,10,25270,卖盘
1007,13:40:10,25.27,--,7,17689,卖盘
1008,13:40:07,25.27,-0.01,2,5054,卖盘
1009,13:40:04,25.28,0.01,1,2528,买盘
1010,13:39:49,25.27,-0.01,11,27797,卖盘
1011,13:39:43,25.28,0.01,4,10112,买盘
1012,13:39:40,25.27,-0.01,15,37905,卖盘
1013,13:39:34,25.28,--,22,55616,买盘
1014,13:39:28,25.28,-0.01,79,199712,卖盘
1015,13:39:22,25.29,0.02,45,113805,买盘
1016,13:39:16,25.27,-0.02,37,93499,卖盘
1017,13:39:13,25.29,--,2,5058,买盘
1018,13:39:10,25.29,--,6,15174,买盘
1019,13:39:07,25.29,-0.01,7,17703,卖盘
1020,13:39:04,25.3,0.01,7,17710,买盘
1021,13:39:01,25.29,-0.06,1,2529,卖盘
1022,13:38:58,25.35,0.06,701,1777035,买盘
1023,13:38:52,25.29,-0.01,15,37935,中性盘
1024,13:38:49,25.3,--,117,296010,买盘
1025,13:38:46,25.3,0.01,6,15180,买盘
1026,13:38:40,25.29,-0.01,14,35406,卖盘
1027,13:38:37,25.3,0.01,75,189750,买盘
1028,13:38:34,25.29,-0.01,7,17703,卖盘
1029,13:38:28,25.3,0.01,9,22770,买盘
1030,13:38:25,25.29,--,7,17703,买盘
1031,13:38:22,25.29,-0.01,8,20232,中性盘
1032,13:38:16,25.3,0.01,39,98670,买盘
1033,13:38:10,25.29,0.02,2,5058,买盘
1034,13:38:07,25.27,-0.02,2,5054,卖盘
1035,13:38:04,25.29,--,7,17703,买盘
1036,13:38:01,25.29,--,3,7587,买盘
1037,13:37:58,25.29,--,77,194733,买盘
1038,13:37:55,25.29,-0.01,149,376821,卖盘
1039,13:37:52,25.3,--,12,30360,买盘
1040,13:37:49,25.3,--,44,111320,买盘
1041,13:37:46,25.3,--,2,5060,买盘
1042,13:37:43,25.3,--,7,17710,买盘
1043,13:37:40,25.3,0.01,33,83490,买盘
1044,13:37:34,25.29,-0.01,11,27819,卖盘
1045,13:37:31,25.3,--,28,70840,买盘
1046,13:37:25,25.3,0.01,35,88550,买盘
1047,13:37:22,25.29,--,37,93573,卖盘
1048,13:37:16,25.29,--,22,55638,卖盘
1049,13:37:13,25.29,--,10,25290,卖盘
1050,13:37:10,25.29,0.02,77,194733,买盘
1051,13:37:07,25.27,--,1,2527,卖盘
1052,13:36:58,25.27,0.04,2,5054,买盘
1053,13:36:55,25.23,-0.04,11,27753,卖盘
1054,13:36:52,25.27,0.02,4,10108,买盘
1055,13:36:46,25.25,0.02,104,263711,买盘
1056,13:36:43,25.23,-0.01,3,7569,卖盘
1057,13:36:37,25.24,0.01,29,73196,买盘
1058,13:36:34,25.23,0.01,399,1006677,买盘
1059,13:36:31,25.22,-0.01,8,20176,卖盘
1060,13:36:25,25.23,0.01,20,50460,买盘
1061,13:36:22,25.22,--,10,25220,卖盘
1062,13:36:19,25.22,--,5,12610,卖盘
1063,13:36:13,25.22,-0.01,22,55484,卖盘
1064,13:36:10,25.23,--,162,408726,买盘
1065,13:36:07,25.23,--,5,12615,买盘
1066,13:36:04,25.23,--,13,32799,买盘
1067,13:36:01,25.23,--,14,35322,买盘
1068,13:35:55,25.23,--,218,550014,卖盘
1069,13:35:49,25.23,-0.01,200,504600,卖盘
1070,13:35:46,25.24,--,10,25240,卖盘
1071,13:35:40,25.24,0.01,51,128723,买盘
1072,13:35:28,25.23,-0.01,10,25230,卖盘
1073,13:35:25,25.24,0.01,21,53004,买盘
1074,13:35:22,25.23,--,4,10092,卖盘
1075,13:35:16,25.23,--,31,78213,卖盘
1076,13:35:13,25.23,-0.01,32,80736,卖盘
1077,13:35:07,25.24,0.01,2,5048,买盘
1078,13:35:04,25.23,--,4,10092,买盘
1079,13:35:01,25.23,-0.02,76,191748,卖盘
1080,13:34:55,25.25,0.01,23,58075,买盘
1081,13:34:52,25.24,-0.01,11,27764,卖盘
1082,13:34:49,25.25,0.01,44,111100,买盘
1083,13:34:43,25.24,--,12,30287,卖盘
1084,13:34:40,25.24,--,16,40384,卖盘
1085,13:34:31,25.24,--,50,126199,卖盘
1086,13:34:28,25.24,--,1,2524,卖盘
1087,13:34:25,25.24,-0.01,8,20192,卖盘
1088,13:34:22,25.25,0.01,6,15150,买盘
1089,13:34:19,25.24,-0.02,15,37860,卖盘
1090,13:34:16,25.26,--,25,64564,卖盘
1091,13:34:13,25.26,0.01,43,109729,买盘
1092,13:34:07,25.25,--,11,27926,卖盘
1093,13:34:04,25.25,-0.01,53,133825,卖盘
1094,13:34:01,25.26,0.01,2,5052,买盘
1095,13:33:58,25.25,--,110,277750,卖盘
1096,13:33:55,25.25,-0.02,2,5050,卖盘
1097,13:33:49,25.27,--,10,25270,买盘
1098,13:33:46,25.27,--,2,5054,买盘
1099,13:33:43,25.27,--,8,20216,买盘
1100,13:33:40,25.27,--,129,325983,买盘
1101,13:33:37,25.27,-0.01,40,101080,中性盘
1102,13:33:28,25.28,0.01,18,45504,买盘
1103,13:33:25,25.27,-0.01,12,30324,卖盘
1104,13:33:16,25.28,--,10,25280,买盘
1105,13:33:13,25.28,--,1,2528,卖盘
1106,13:33:10,25.28,-0.01,93,235104,卖盘
1107,13:33:07,25.29,--,54,136566,卖盘
1108,13:32:58,25.29,--,11,27819,卖盘
1109,13:32:52,25.29,--,18,45522,卖盘
1110,13:32:49,25.29,--,8,20232,卖盘
1111,13:32:46,25.29,0.01,54,136566,买盘
1112,13:32:42,25.28,-0.01,11,27808,卖盘
1113,13:32:39,25.29,--,1,2529,买盘
1114,13:32:36,25.29,0.01,3,7587,买盘
1115,13:32:30,25.28,0.02,4,10112,买盘
1116,13:32:24,25.26,-0.03,2,5052,卖盘
1117,13:32:15,25.29,--,411,1039419,买盘
1118,13:32:09,25.29,--,7,17703,卖盘
1119,13:32:06,25.29,--,1,2529,买盘
1120,13:32:00,25.29,--,6,15174,买盘
1121,13:31:57,25.29,--,136,343944,卖盘
1122,13:31:51,25.29,-0.01,13,32877,卖盘
1123,13:31:45,25.3,--,12,30360,买盘
1124,13:31:42,25.3,--,32,80960,买盘
1125,13:31:33,25.3,--,7,17710,买盘
1126,13:31:27,25.3,--,44,111320,买盘
1127,13:31:24,25.3,0.01,100,253000,买盘
1128,13:31:21,25.29,-0.01,47,118863,卖盘
1129,13:31:18,25.3,--,11,27830,买盘
1130,13:31:12,25.3,0.01,64,161920,买盘
1131,13:31:06,25.29,-0.01,10,25290,卖盘
1132,13:31:03,25.3,0.01,137,346610,买盘
1133,13:30:57,25.29,--,1,2529,卖盘
1134,13:30:51,25.29,--,18,45522,买盘
1135,13:30:45,25.29,--,12,30348,买盘
1136,13:30:42,25.29,--,1,2529,买盘
1137,13:30:39,25.29,--,15,37935,买盘
1138,13:30:33,25.29,0.03,1,2529,买盘
1139,13:30:30,25.26,--,7,17682,卖盘
1140,13:30:27,25.26,--,2,5052,卖盘
1141,13:30:24,25.26,-0.03,10,25260,卖盘
1142,13:30:21,25.29,0.03,37,95950,买盘
1143,13:30:15,25.26,--,33,83358,卖盘
1144,13:30:06,25.26,0.01,92,232392,买盘
1145,13:30:03,25.25,-0.01,35,88375,卖盘
1146,13:30:00,25.26,--,39,98514,买盘
1147,13:29:57,25.26,--,16,40416,买盘
1148,13:29:54,25.26,--,6,15156,买盘
1149,13:29:51,25.26,--,48,121248,买盘
1150,13:29:48,25.26,--,23,58098,买盘
1151,13:29:45,25.26,-0.04,437,1103862,卖盘
1152,13:29:39,25.3,--,79,199870,买盘
1153,13:29:36,25.3,--,30,75900,买盘
1154,13:29:33,25.3,0.01,2,5060,买盘
1155,13:29:27,25.29,-0.01,7,17703,卖盘
1156,13:29:24,25.3,0.01,30,75900,买盘
1157,13:29:21,25.29,-0.01,26,65754,卖盘
1158,13:29:18,25.3,--,87,220110,买盘
1159,13:29:15,25.3,--,7,17710,买盘
1160,13:29:12,25.3,-0.03,72,182160,卖盘
1161,13:29:09,25.33,-0.02,30,75990,卖盘
1162,13:29:06,25.35,--,1,2535,买盘
1163,13:28:54,25.35,--,91,230685,买盘
1164,13:28:48,25.35,-0.03,104,263640,卖盘
1165,13:28:45,25.38,0.02,4,10152,买盘
1166,13:28:42,25.36,--,1,4615,卖盘
1167,13:28:36,25.36,--,15,38040,卖盘
1168,13:28:27,25.36,--,102,258672,卖盘
1169,13:28:24,25.36,--,10,25816,卖盘
1170,13:28:18,25.36,-0.01,54,136944,卖盘
1171,13:28:12,25.37,--,59,149683,买盘
1172,13:28:06,25.37,--,31,80727,卖盘
1173,13:28:03,25.37,-0.03,35,88795,卖盘
1174,13:27:57,25.4,0.02,50,127000,买盘
1175,13:27:51,25.38,-0.02,39,98982,卖盘
1176,13:27:48,25.4,--,9,22860,买盘
1177,13:27:39,25.4,--,31,78740,卖盘
1178,13:27:36,25.4,--,25,63500,卖盘
1179,13:27:30,25.4,--,8,20320,卖盘
1180,13:27:27,25.4,--,100,254000,卖盘
1181,13:27:21,25.4,-0.01,122,309880,卖盘
1182,13:27:18,25.41,--,1,2541,买盘
1183,13:27:15,25.41,-0.01,5,12705,买盘
1184,13:27:06,25.42,--,48,122016,买盘
1185,13:27:03,25.42,--,10,25420,买盘
1186,13:27:00,25.42,0.01,21,53382,买盘
1187,13:26:57,25.41,-0.01,27,68607,卖盘
1188,13:26:45,25.42,--,7,17794,卖盘
1189,13:26:42,25.42,--,3,7626,买盘
1190,13:26:39,25.42,-0.01,9,24072,卖盘
1191,13:26:36,25.43,0.01,82,209873,买盘
1192,13:26:30,25.42,-0.01,4,10168,卖盘
1193,13:26:27,25.43,0.02,4,10172,买盘
1194,13:26:24,25.41,--,1,2541,卖盘
1195,13:26:21,25.41,-0.01,12,30492,卖盘
1196,13:26:18,25.42,-0.01,2,5084,卖盘
1197,13:26:15,25.43,0.01,3,7629,买盘
1198,13:26:09,25.42,--,12,30504,买盘
1199,13:25:57,25.42,--,43,109306,卖盘
1200,13:25:51,25.42,-0.01,9,22878,卖盘
1201,13:25:48,25.43,--,1,2543,买盘
1202,13:25:45,25.43,--,1,2543,买盘
1203,13:25:39,25.43,--,43,109349,买盘
1204,13:25:36,25.43,0.01,76,193268,买盘
1205,13:25:33,25.42,-0.01,8,20336,卖盘
1206,13:25:30,25.43,--,31,78833,买盘
1207,13:25:27,25.43,--,6,15258,买盘
1208,13:25:24,25.43,--,13,33059,买盘
1209,13:25:21,25.43,0.01,29,73747,买盘
1210,13:25:18,25.42,-0.01,14,35588,中性盘
1211,13:25:15,25.43,--,8,20344,买盘
1212,13:25:12,25.43,--,47,119521,买盘
1213,13:25:09,25.43,0.01,20,50860,买盘
1214,13:25:06,25.42,--,111,282162,卖盘
1215,13:25:03,25.42,-0.01,38,96596,卖盘
1216,13:25:00,25.43,--,22,55946,买盘
1217,13:24:57,25.43,--,1,2543,买盘
1218,13:24:54,25.43,--,44,111892,买盘
1219,13:24:48,25.43,0.01,8,20344,买盘
1220,13:24:42,25.42,--,10,25420,卖盘
1221,13:24:39,25.42,-0.01,25,63550,卖盘
1222,13:24:36,25.43,0.01,26,66118,买盘
1223,13:24:33,25.42,-0.01,34,86428,卖盘
1224,13:24:30,25.43,--,69,175467,买盘
1225,13:24:27,25.43,0.01,6,15258,买盘
1226,13:24:24,25.42,--,8,20336,卖盘
1227,13:24:18,25.42,-0.01,2,5084,中性盘
1228,13:24:15,25.43,0.01,2,5086,买盘
1229,13:24:12,25.42,--,65,165230,买盘
1230,13:24:09,25.42,--,30,76260,买盘
1231,13:24:03,25.42,0.01,168,427056,买盘
1232,13:24:00,25.41,--,66,167706,卖盘
1233,13:23:57,25.41,-0.01,70,177870,卖盘
1234,13:23:54,25.42,--,68,172856,买盘
1235,13:23:51,25.42,--,18,45756,买盘
1236,13:23:48,25.42,--,15,38130,买盘
1237,13:23:45,25.42,-0.01,42,106764,卖盘
1238,13:23:39,25.43,--,10,25430,买盘
1239,13:23:36,25.43,0.01,2,5086,买盘
1240,13:23:33,25.42,-0.01,1,2542,卖盘
1241,13:23:27,25.43,0.02,2,5086,买盘
1242,13:23:15,25.41,-0.02,8,20328,卖盘
1243,13:23:12,25.43,0.03,63,160209,买盘
1244,13:23:06,25.4,--,1,2540,卖盘
1245,13:23:03,25.4,--,4,10160,卖盘
1246,13:23:00,25.4,0.01,58,147320,买盘
1247,13:22:57,25.39,--,12,30468,卖盘
1248,13:22:54,25.39,-0.01,20,50780,卖盘
1249,13:22:51,25.4,0.02,102,259080,买盘
1250,13:22:48,25.38,--,5,12690,卖盘
1251,13:22:45,25.38,-0.02,2,5076,卖盘
1252,13:22:39,25.4,0.01,10,25400,买盘
1253,13:22:36,25.39,--,9,22851,买盘
1254,13:22:27,25.39,--,3,7617,买盘
1255,13:22:24,25.39,--,13,33007,卖盘
1256,13:22:15,25.39,-0.01,8,20312,卖盘
1257,13:22:12,25.4,0.01,3,7620,中性盘
1258,13:22:03,25.39,-0.01,3,7617,卖盘
1259,13:21:57,25.4,--,2,5080,买盘
1260,13:21:54,25.4,--,26,66040,买盘
1261,13:21:51,25.4,-0.03,24,60960,卖盘
1262,13:21:48,25.43,--,5,12715,买盘
1263,13:21:45,25.43,--,100,254300,买盘
1264,13:21:33,25.43,--,5,12715,买盘
1265,13:21:27,25.43,--,5,12715,买盘
1266,13:21:24,25.43,-0.01,2,5086,卖盘
1267,13:21:18,25.44,-0.01,3,7632,买盘
1268,13:21:15,25.45,0.01,26,66170,买盘
1269,13:21:12,25.44,0.01,2,5088,中性盘
1270,13:21:09,25.43,-0.01,3,7629,卖盘
1271,13:21:06,25.44,--,45,114480,卖盘
1272,13:21:00,25.44,-0.01,43,109392,中性盘
1273,13:20:57,25.45,0.05,84,213780,买盘
1274,13:20:54,25.4,-0.04,81,205740,卖盘
1275,13:20:48,25.44,0.03,1,2544,买盘
1276,13:20:45,25.41,-0.04,2,5082,卖盘
1277,13:20:36,25.45,--,7,17815,买盘
1278,13:20:33,25.45,--,30,76350,买盘
1279,13:20:27,25.45,--,2,5090,买盘
1280,13:20:24,25.45,--,34,86530,卖盘
1281,13:20:21,25.45,--,8,20360,买盘
1282,13:20:18,25.45,--,28,71260,卖盘
1283,13:20:15,25.45,--,35,89075,卖盘
1284,13:20:09,25.45,--,3,7635,卖盘
1285,13:20:06,25.45,-0.02,101,257045,卖盘
1286,13:20:03,25.47,--,188,478836,卖盘
1287,13:20:00,25.47,-0.01,103,262341,卖盘
1288,13:19:57,25.48,--,22,56056,买盘
1289,13:19:54,25.48,--,7,17836,买盘
1290,13:19:51,25.48,0.01,24,61152,买盘
1291,13:19:48,25.47,--,27,68769,卖盘
1292,13:19:45,25.47,-0.01,16,40752,卖盘
1293,13:19:42,25.48,0.01,62,157976,买盘
1294,13:19:39,25.47,--,26,66222,卖盘
1295,13:19:33,25.47,-0.01,14,35658,中性盘
1296,13:19:30,25.48,0.03,31,78988,买盘
1297,13:19:27,25.45,-0.01,179,455555,卖盘
1298,13:19:24,25.46,--,2,5092,卖盘
1299,13:19:21,25.46,0.01,46,117116,卖盘
1300,13:19:18,25.45,-0.03,6,15270,卖盘
1301,13:19:15,25.48,0.03,48,122304,买盘
1302,13:19:12,25.45,--,16,40720,卖盘
1303,13:19:09,25.45,--,59,150155,卖盘
1304,13:19:00,25.45,0.04,800,2036000,买盘
1305,13:18:57,25.41,0.01,8,20328,买盘
1306,13:18:54,25.4,--,12,30480,买盘
1307,13:18:51,25.4,--,3,7620,卖盘
1308,13:18:48,25.4,--,83,210820,卖盘
1309,13:18:42,25.4,--,9,22860,卖盘
1310,13:18:39,25.4,0.02,103,261619,买盘
1311,13:18:36,25.38,-0.01,14,35532,卖盘
1312,13:18:30,25.39,--,3,7617,买盘
1313,13:18:27,25.39,--,15,38085,买盘
1314,13:18:24,25.39,-0.01,68,172652,卖盘
1315,13:18:21,25.4,--,28,71120,买盘
1316,13:18:18,25.4,--,18,45720,买盘
1317,13:18:15,25.4,0.01,1,2540,买盘
1318,13:18:12,25.39,-0.01,5,12695,卖盘
1319,13:18:09,25.4,0.02,236,599440,买盘
1320,13:18:06,25.38,--,5,12690,卖盘
1321,13:18:00,25.38,-0.02,104,263952,卖盘
1322,13:17:57,25.4,0.01,27,68580,买盘
1323,13:17:51,25.39,-0.01,1,2539,买盘
1324,13:17:48,25.4,--,18,45720,买盘
1325,13:17:45,25.4,--,102,259080,买盘
1326,13:17:42,25.4,--,10,25400,买盘
1327,13:17:39,25.4,0.02,43,109220,买盘
1328,13:17:36,25.38,0.01,113,286794,中性盘
1329,13:17:33,25.37,-0.02,112,284144,卖盘
1330,13:17:30,25.39,0.01,495,1257262,买盘
1331,13:17:27,25.38,0.01,47,119286,买盘
1332,13:17:18,25.37,--,3,7611,卖盘
1333,13:17:15,25.37,-0.01,5,12685,卖盘
1334,13:17:12,25.38,--,7,17766,买盘
1335,13:17:09,25.38,--,5,12690,买盘
1336,13:17:03,25.38,0.01,3,7614,买盘
1337,13:16:57,25.37,-0.01,9,22833,卖盘
1338,13:16:42,25.38,--,64,162432,买盘
1339,13:16:39,25.38,--,4,10152,买盘
1340,13:16:36,25.38,--,10,25380,买盘
1341,13:16:33,25.38,--,85,215730,买盘
1342,13:16:30,25.38,0.01,7,17766,买盘
1343,13:16:27,25.37,-0.01,9,22833,卖盘
1344,13:16:24,25.38,--,102,258876,买盘
1345,13:16:21,25.38,0.02,133,337554,买盘
1346,13:16:18,25.36,--,14,37583,卖盘
1347,13:16:15,25.36,-0.01,50,126800,卖盘
1348,13:16:12,25.37,0.01,17,43129,买盘
1349,13:16:08,25.36,-0.01,2,5072,卖盘
1350,13:16:05,25.37,--,3,7611,买盘
1351,13:16:02,25.37,--,3,7611,买盘
1352,13:15:59,25.37,--,6,15222,买盘
1353,13:15:56,25.37,--,48,121776,买盘
1354,13:15:53,25.37,0.01,5,12685,买盘
1355,13:15:50,25.36,--,11,27896,卖盘
1356,13:15:47,25.36,0.03,245,621776,买盘
1357,13:15:44,25.33,-0.02,2,5066,卖盘
1358,13:15:41,25.35,--,10,25350,买盘
1359,13:15:38,25.35,--,35,88725,买盘
1360,13:15:35,25.35,0.03,3,7605,买盘
1361,13:15:26,25.32,-0.03,58,146856,卖盘
1362,13:15:20,25.35,0.03,168,425880,买盘
1363,13:15:14,25.32,0.01,3,7596,买盘
1364,13:15:11,25.31,--,10,25310,卖盘
1365,13:15:05,25.31,--,10,25310,卖盘
1366,13:15:02,25.31,--,1,2531,卖盘
1367,13:14:59,25.31,--,8,20248,买盘
1368,13:14:56,25.31,0.01,11,27841,买盘
1369,13:14:50,25.3,--,11,27830,卖盘
1370,13:14:44,25.3,--,10,25300,卖盘
1371,13:14:38,25.3,--,8,20240,买盘
1372,13:14:35,25.3,--,6,15180,买盘
1373,13:14:32,25.3,0.01,19,49891,买盘
1374,13:14:23,25.29,-0.01,25,63225,卖盘
1375,13:14:20,25.3,--,7,17710,买盘
1376,13:14:17,25.3,--,43,108790,买盘
1377,13:14:08,25.3,--,68,172040,买盘
1378,13:13:56,25.3,0.01,61,154330,买盘
1379,13:13:50,25.29,0.01,47,118863,买盘
1380,13:13:47,25.28,-0.02,2,5056,卖盘
1381,13:13:44,25.3,--,87,220110,买盘
1382,13:13:41,25.3,0.01,21,53130,买盘
1383,13:13:38,25.29,--,32,80928,买盘
1384,13:13:35,25.29,--,29,73341,卖盘
1385,13:13:32,25.29,--,3,7587,卖盘
1386,13:13:26,25.29,--,1,2529,卖盘
1387,13:13:20,25.29,--,104,263016,买盘
1388,13:13:14,25.29,0.01,24,60696,买盘
1389,13:12:56,25.28,--,15,37920,卖盘
1390,13:12:53,25.28,-0.01,3,7584,卖盘
1391,13:12:38,25.29,-0.01,40,101160,卖盘
1392,13:12:35,25.3,0.01,10,25300,买盘
1393,13:12:32,25.29,-0.01,7,17703,卖盘
1394,13:12:23,25.3,0.01,3,7590,买盘
1395,13:12:14,25.29,--,23,58167,卖盘
1396,13:12:08,25.29,--,10,25290,卖盘
1397,13:11:59,25.29,-0.01,10,25290,卖盘
1398,13:11:53,25.3,--,1,2530,买盘
1399,13:11:50,25.3,--,3,7590,买盘
1400,13:11:44,25.3,--,70,177100,卖盘
1401,13:11:41,25.3,--,87,220110,卖盘
1402,13:11:26,25.3,-0.01,158,399740,卖盘
1403,13:11:23,25.31,--,15,37965,买盘
1404,13:11:20,25.31,--,6,15186,卖盘
1405,13:11:17,25.31,0.01,5,12655,买盘
1406,13:11:14,25.3,--,1,2530,卖盘
1407,13:11:11,25.3,-0.01,3,7590,卖盘
1408,13:11:08,25.31,--,47,118957,买盘
1409,13:10:50,25.31,--,10,25310,买盘
1410,13:10:44,25.31,-0.01,32,80992,卖盘
1411,13:10:38,25.32,0.01,12,30384,买盘
1412,13:10:35,25.31,--,8,20248,买盘
1413,13:10:32,25.31,--,14,35434,卖盘
1414,13:10:29,25.31,-0.01,10,25310,卖盘
1415,13:10:26,25.32,--,2,5064,买盘
1416,13:10:23,25.32,--,14,35448,买盘
1417,13:10:20,25.32,--,9,22788,买盘
1418,13:10:05,25.32,0.01,1,2532,买盘
1419,13:09:59,25.31,--,22,55682,卖盘
1420,13:09:56,25.31,-0.01,3,7593,卖盘
1421,13:09:35,25.32,0.02,69,174708,买盘
1422,13:09:32,25.3,--,2,5060,卖盘
1423,13:09:29,25.3,-0.02,10,25300,卖盘
1424,13:09:23,25.32,0.01,20,50640,买盘
1425,13:09:17,25.31,0.01,5,12655,买盘
1426,13:09:14,25.3,--,4,10120,卖盘
1427,13:09:11,25.3,-0.01,46,116380,卖盘
1428,13:09:05,25.31,--,24,60744,卖盘
1429,13:09:02,25.31,--,7,17717,卖盘
1430,13:08:59,25.31,--,2,5062,卖盘
1431,13:08:53,25.31,--,1,2531,卖盘
1432,13:08:44,25.31,--,18,45558,买盘
1433,13:08:41,25.31,--,1,2531,买盘
1434,13:08:26,25.31,0.01,42,106302,买盘
1435,13:08:14,25.3,-0.01,31,78430,卖盘
1436,13:08:08,25.31,0.01,2,5062,中性盘
1437,13:08:05,25.3,-0.01,34,86020,卖盘
1438,13:08:02,25.31,--,10,25310,卖盘
1439,13:07:56,25.31,0.01,16,40496,买盘
1440,13:07:50,25.3,--,8,20240,卖盘
1441,13:07:47,25.3,-0.02,5,12650,卖盘
1442,13:07:35,25.32,0.01,52,131664,买盘
1443,13:07:32,25.31,--,27,68337,卖盘
1444,13:07:26,25.31,-0.01,1,2531,卖盘
1445,13:07:23,25.32,0.01,1,2532,买盘
1446,13:07:17,25.31,-0.01,25,63275,卖盘
1447,13:07:14,25.32,--,21,53172,买盘
1448,13:06:59,25.32,--,1,2532,卖盘
1449,13:06:56,25.32,-0.01,45,113940,卖盘
1450,13:06:53,25.33,0.01,1,2533,买盘
1451,13:06:50,25.32,-0.01,2,5064,卖盘
1452,13:06:41,25.33,--,5,12665,买盘
1453,13:06:26,25.33,0.01,18,45594,卖盘
1454,13:06:20,25.32,-0.03,7,17724,卖盘
1455,13:06:11,25.35,--,5,12675,买盘
1456,13:06:08,25.35,--,30,76050,买盘
1457,13:05:59,25.35,0.03,12,30420,买盘
1458,13:05:47,25.32,-0.03,18,45576,卖盘
1459,13:05:44,25.35,--,10,25350,卖盘
1460,13:05:38,25.35,--,13,32955,卖盘
1461,13:05:35,25.35,--,16,40560,卖盘
1462,13:05:32,25.35,--,14,35490,卖盘
1463,13:05:29,25.35,--,30,76050,卖盘
1464,13:05:23,25.35,0.01,110,278850,买盘
1465,13:05:20,25.34,0.03,200,506800,买盘
1466,13:05:17,25.31,-0.01,6,15186,卖盘
1467,13:05:11,25.32,--,106,268392,买盘
1468,13:04:56,25.32,--,20,50640,买盘
1469,13:04:53,25.32,-0.01,71,179772,卖盘
1470,13:04:44,25.33,0.01,2,5066,买盘
1471,13:04:41,25.32,-0.01,7,17724,卖盘
1472,13:04:38,25.33,0.01,13,32929,买盘
1473,13:04:29,25.32,-0.01,1,2532,卖盘
1474,13:04:26,25.33,--,24,60791,买盘
1475,13:04:14,25.33,--,3,7598,买盘
1476,13:04:08,25.33,--,1,2533,买盘
1477,13:04:05,25.33,--,71,179843,卖盘
1478,13:03:56,25.33,--,11,27862,卖盘
1479,13:03:53,25.33,--,9,22797,卖盘
1480,13:03:50,25.33,-0.01,4,10132,卖盘
1481,13:03:47,25.34,0.01,39,98826,买盘
1482,13:03:44,25.33,--,40,101320,卖盘
1483,13:03:35,25.33,--,10,25330,卖盘
1484,13:03:32,25.33,--,8,20264,卖盘
1485,13:03:26,25.33,-0.01,4,10132,卖盘
1486,13:03:14,25.34,0.01,2,5068,买盘
1487,13:03:02,25.33,--,1,2533,卖盘
1488,13:02:59,25.33,--,1,2533,卖盘
1489,13:02:56,25.33,-0.01,38,96254,卖盘
1490,13:02:47,25.34,0.01,2,5068,买盘
1491,13:02:44,25.33,--,5,12665,卖盘
1492,13:02:41,25.33,-0.01,5,12665,卖盘
1493,13:02:26,25.34,--,12,30408,买盘
1494,13:02:23,25.34,--,1,2534,买盘
1495,13:02:20,25.34,-0.01,34,86156,卖盘
1496,13:02:17,25.35,--,34,86190,买盘
1497,13:01:56,25.35,0.01,31,78585,买盘
1498,13:01:53,25.34,-0.01,2,5068,卖盘
1499,13:01:44,25.35,--,14,35490,买盘
1500,13:01:38,25.35,--,9,22815,买盘
1501,13:01:32,25.35,--,2,5070,买盘
1502,13:01:29,25.35,0.01,9,22815,买盘
1503,13:01:20,25.34,-0.01,11,27874,卖盘
1504,13:01:14,25.35,0.01,56,141960,买盘
1505,13:01:08,25.34,-0.01,12,30408,中性盘
1506,13:01:02,25.35,--,9,22815,买盘
1507,13:00:53,25.35,--,2,5070,买盘
1508,13:00:50,25.35,--,1,2535,买盘
1509,13:00:41,25.35,--,2,5070,买盘
1510,13:00:26,25.35,0.02,10,25350,买盘
1511,13:00:14,25.33,-0.02,1,2533,卖盘
1512,13:00:11,25.35,0.02,35,88725,买盘
1513,13:00:05,25.33,0.01,217,549661,买盘
1514,13:00:02,25.32,--,206,522858,卖盘
1515,11:29:54,25.32,-0.02,12,30384,卖盘
1516,11:29:45,25.34,--,13,32942,买盘
1517,11:29:36,25.34,--,5,12670,买盘
1518,11:29:33,25.34,0.01,42,106428,买盘
1519,11:29:30,25.33,-0.01,136,344488,卖盘
1520,11:29:27,25.34,--,20,50680,买盘
1521,11:29:24,25.34,0.01,1,2534,买盘
1522,11:29:15,25.33,--,3,7598,卖盘
1523,11:29:09,25.33,--,88,222903,买盘
1524,11:29:06,25.33,0.01,2,5066,买盘
1525,11:29:00,25.32,--,5,12660,卖盘
1526,11:28:48,25.32,--,1,2532,卖盘
1527,11:28:42,25.32,--,11,27852,卖盘
1528,11:28:39,25.32,--,29,74694,买盘
1529,11:28:27,25.32,0.01,13,32916,买盘
1530,11:28:24,25.31,0.01,16,40496,买盘
1531,11:28:21,25.3,--,30,75900,卖盘
1532,11:28:18,25.3,-0.01,7,17710,卖盘
1533,11:28:15,25.31,-0.01,5,12655,中性盘
1534,11:28:12,25.32,0.01,10,25320,买盘
1535,11:28:06,25.31,-0.01,6,15186,买盘
1536,11:28:03,25.32,--,11,29118,买盘
1537,11:28:00,25.32,--,13,32916,买盘
1538,11:27:57,25.32,0.01,26,65832,买盘
1539,11:27:48,25.31,-0.01,14,35434,卖盘
1540,11:27:42,25.32,--,4,10128,买盘
1541,11:27:39,25.32,--,2,5064,买盘
1542,11:27:36,25.32,--,6,15192,买盘
1543,11:27:33,25.32,0.01,13,32916,中性盘
1544,11:27:30,25.31,-0.01,43,108833,卖盘
1545,11:27:27,25.32,--,1,2532,卖盘
1546,11:27:24,25.32,--,10,25320,卖盘
1547,11:27:21,25.32,-0.01,4,10128,中性盘
1548,11:27:15,25.33,--,26,65858,买盘
1549,11:27:06,25.33,--,6,15197,买盘
1550,11:27:03,25.33,0.01,17,43061,买盘
1551,11:27:00,25.32,-0.01,20,50640,卖盘
1552,11:26:54,25.33,--,9,22797,买盘
1553,11:26:51,25.33,0.01,25,63324,买盘
1554,11:26:45,25.32,--,1,2532,卖盘
1555,11:26:36,25.32,--,10,25320,卖盘
1556,11:26:30,25.32,--,10,25320,卖盘
1557,11:26:27,25.32,--,1,2532,卖盘
1558,11:26:24,25.32,0.01,117,296244,买盘
1559,11:26:18,25.31,--,58,146798,卖盘
1560,11:26:09,25.31,--,19,48089,卖盘
1561,11:26:06,25.31,--,1,2531,卖盘
1562,11:26:00,25.31,--,31,79726,买盘
1563,11:25:54,25.31,--,70,178435,卖盘
1564,11:25:51,25.31,--,11,27841,买盘
1565,11:25:45,25.31,0.01,10,25310,买盘
1566,11:25:39,25.3,--,5,12650,卖盘
1567,11:25:36,25.3,--,6,15180,卖盘
1568,11:25:30,25.3,--,5,12650,卖盘
1569,11:25:27,25.3,--,10,25300,卖盘
1570,11:25:21,25.3,--,9,22770,卖盘
1571,11:25:09,25.3,--,1,2530,卖盘
1572,11:25:06,25.3,-0.01,13,32890,卖盘
1573,11:24:57,25.31,0.01,17,43027,买盘
1574,11:24:54,25.3,-0.01,10,25300,卖盘
1575,11:24:48,25.31,0.01,3,7593,买盘
1576,11:24:45,25.3,-0.01,7,17710,卖盘
1577,11:24:42,25.31,--,37,93647,卖盘
1578,11:24:39,25.31,0.01,36,92381,买盘
1579,11:24:36,25.3,--,28,70840,卖盘
1580,11:24:33,25.3,-0.01,63,159390,卖盘
1581,11:24:30,25.31,0.01,20,50620,买盘
1582,11:24:27,25.3,--,14,35420,卖盘
1583,11:24:21,25.3,--,63,159390,卖盘
1584,11:24:18,25.3,--,9,22770,卖盘
1585,11:24:15,25.3,-0.01,17,43010,卖盘
1586,11:24:12,25.31,0.01,6,15186,买盘
1587,11:24:09,25.3,--,7,17710,卖盘
1588,11:24:06,25.3,--,2,5060,卖盘
1589,11:24:00,25.3,0.01,10,25300,中性盘
1590,11:23:51,25.29,-0.01,145,366705,卖盘
1591,11:23:48,25.3,--,61,154330,买盘
1592,11:23:45,25.3,0.01,4,10120,买盘
1593,11:23:39,25.29,-0.01,11,27819,卖盘
1594,11:23:36,25.3,--,1,2530,买盘
1595,11:23:24,25.3,0.01,2,5060,中性盘
1596,11:23:18,25.29,-0.01,30,75870,卖盘
1597,11:23:12,25.3,--,100,253000,卖盘
1598,11:23:06,25.3,--,5,12650,卖盘
1599,11:23:03,25.3,--,5,12650,卖盘
1600,11:23:00,25.3,--,2,5060,中性盘
1601,11:22:57,25.3,--,3,7590,买盘
1602,11:22:54,25.3,0.02,30,75900,买盘
1603,11:22:45,25.28,--,10,25280,卖盘
1604,11:22:39,25.28,--,10,25280,卖盘
1605,11:22:36,25.28,-0.01,15,37920,卖盘
1606,11:22:33,25.29,0.01,7,17703,买盘
1607,11:22:27,25.28,--,2,5056,卖盘
1608,11:22:18,25.28,--,5,12640,卖盘
1609,11:22:12,25.28,-0.02,4,10112,中性盘
1610,11:22:09,25.3,0.02,24,60720,买盘
1611,11:22:00,25.28,--,10,25280,买盘
1612,11:21:57,25.28,--,25,63200,卖盘
1613,11:21:54,25.28,-0.01,4,10112,卖盘
1614,11:21:51,25.29,-0.01,9,22761,卖盘
1615,11:21:48,25.3,--,8,20240,买盘
1616,11:21:42,25.3,-0.01,30,75900,买盘
1617,11:21:24,25.31,0.01,201,509996,买盘
1618,11:21:21,25.3,--,32,80960,卖盘
1619,11:21:18,25.3,--,19,48070,卖盘
1620,11:21:15,25.3,-0.01,37,94875,卖盘
1621,11:21:06,25.31,0.01,10,25310,买盘
1622,11:21:03,25.3,--,11,27830,卖盘
1623,11:20:57,25.3,--,5,12650,卖盘
1624,11:20:51,25.3,-0.01,50,126500,卖盘
1625,11:20:45,25.31,0.01,4,10124,买盘
1626,11:20:42,25.3,--,5,12650,卖盘
1627,11:20:29,25.3,-0.01,1,2530,卖盘
1628,11:20:26,25.31,0.01,3,7593,买盘
1629,11:20:23,25.3,-0.01,20,50600,卖盘
1630,11:20:20,25.31,--,6,15186,买盘
1631,11:20:17,25.31,--,12,30372,买盘
1632,11:20:14,25.31,0.01,44,111364,买盘
1633,11:20:11,25.3,-0.01,2,5060,卖盘
1634,11:20:08,25.31,--,7,17717,买盘
1635,11:20:02,25.31,0.01,13,32903,买盘
1636,11:19:59,25.3,-0.01,1,2530,卖盘
1637,11:19:56,25.31,--,1,2531,买盘
1638,11:19:53,25.31,--,7,17717,买盘
1639,11:19:50,25.31,-0.01,61,154391,卖盘
1640,11:19:41,25.32,0.01,6,15192,买盘
1641,11:19:38,25.31,-0.01,85,215135,卖盘
1642,11:19:35,25.32,0.01,36,91152,买盘
1643,11:19:32,25.31,-0.01,10,25310,卖盘
1644,11:19:26,25.32,0.01,76,192432,买盘
1645,11:19:23,25.31,--,26,65806,卖盘
1646,11:19:20,25.31,--,37,93647,卖盘
1647,11:19:17,25.31,-0.01,3,7593,卖盘
1648,11:19:11,25.32,--,1,2532,买盘
1649,11:19:05,25.32,--,32,81024,卖盘
1650,11:19:02,25.32,--,23,58236,卖盘
1651,11:18:59,25.32,--,5,12660,卖盘
1652,11:18:56,25.32,--,162,410184,卖盘
1653,11:18:53,25.32,-0.01,10,25320,卖盘
1654,11:18:50,25.33,0.01,22,55725,买盘
1655,11:18:47,25.32,--,5,12660,卖盘
1656,11:18:41,25.32,-0.01,83,210156,卖盘
1657,11:18:32,25.33,--,13,32929,卖盘
1658,11:18:29,25.33,-0.01,32,81056,卖盘
1659,11:18:26,25.34,--,54,136836,买盘
1660,11:18:20,25.34,--,5,12670,买盘
1661,11:18:17,25.34,-0.01,13,32942,卖盘
1662,11:18:14,25.35,0.01,38,96330,买盘
1663,11:18:08,25.34,--,100,253400,卖盘
1664,11:18:05,25.34,-0.01,77,195118,卖盘
1665,11:18:02,25.35,--,43,109005,买盘
1666,11:17:59,25.35,0.01,10,25350,买盘
1667,11:17:56,25.34,-0.01,5,12670,卖盘
1668,11:17:53,25.35,--,7,17745,买盘
1669,11:17:50,25.35,--,15,38025,买盘
1670,11:17:47,25.35,-0.01,11,27885,买盘
1671,11:17:44,25.36,0.01,137,347432,买盘
1672,11:17:41,25.35,--,10,25350,买盘
1673,11:17:38,25.35,--,10,27428,卖盘
1674,11:17:35,25.35,--,5,12675,卖盘
1675,11:17:32,25.35,--,74,188046,买盘
1676,11:17:29,25.35,--,39,98865,买盘
1677,11:17:23,25.35,0.02,14,35490,买盘
1678,11:17:20,25.33,--,1,2533,卖盘
1679,11:17:14,25.33,-0.02,25,63324,卖盘
1680,11:17:11,25.35,0.02,8,20280,买盘
1681,11:17:08,25.33,--,10,25330,卖盘
1682,11:17:05,25.33,-0.01,41,103853,卖盘
1683,11:17:02,25.34,--,10,25340,买盘
1684,11:16:56,25.34,-0.01,46,116564,中性盘
1685,11:16:53,25.35,0.01,64,162240,买盘
1686,11:16:47,25.34,--,12,30408,买盘
1687,11:16:44,25.34,0.02,23,58282,买盘
1688,11:16:38,25.32,-0.02,10,25320,卖盘
1689,11:16:35,25.34,0.02,33,83622,买盘
1690,11:16:29,25.32,-0.03,43,108876,卖盘
1691,11:16:20,25.35,--,71,179985,买盘
1692,11:16:11,25.35,0.04,10,25350,买盘
1693,11:16:08,25.31,-0.06,117,296127,卖盘
1694,11:16:05,25.37,0.02,160,405920,买盘
1695,11:15:59,25.35,0.03,5,12675,买盘
1696,11:15:56,25.32,-0.03,123,311436,卖盘
1697,11:15:53,25.35,--,25,63375,卖盘
1698,11:15:47,25.35,--,12,30420,卖盘
1699,11:15:41,25.35,--,53,134355,买盘
1700,11:15:38,25.35,--,7,17745,买盘
1701,11:15:35,25.35,-0.01,69,174915,卖盘
1702,11:15:29,25.36,0.01,52,131872,买盘
1703,11:15:26,25.35,-0.02,6,15210,卖盘
1704,11:15:23,25.37,0.02,4,10148,买盘
1705,11:15:20,25.35,-0.01,206,522210,卖盘
1706,11:15:14,25.36,-0.01,27,68472,中性盘
1707,11:15:11,25.37,0.01,26,65962,买盘
1708,11:15:08,25.36,-0.02,2,5072,卖盘
1709,11:15:02,25.38,0.01,22,55836,买盘
1710,11:14:59,25.37,-0.01,55,139535,中性盘
1711,11:14:56,25.38,0.01,186,472068,买盘
1712,11:14:53,25.37,--,47,119239,买盘
1713,11:14:50,25.37,-0.01,31,78647,中性盘
1714,11:14:47,25.38,--,14,35532,买盘
1715,11:14:44,25.38,--,77,195426,买盘
1716,11:14:41,25.38,--,24,60912,买盘
1717,11:14:38,25.38,--,22,55836,买盘
1718,11:14:35,25.38,0.03,69,175122,买盘
1719,11:14:32,25.35,-0.01,244,618540,卖盘
1720,11:14:29,25.36,--,19,48184,卖盘
1721,11:14:26,25.36,-0.01,52,131872,卖盘
1722,11:14:23,25.37,0.02,40,101480,买盘
1723,11:14:20,25.35,--,19,48165,卖盘
1724,11:14:17,25.35,--,3,7605,卖盘
1725,11:14:14,25.35,-0.01,28,70980,中性盘
1726,11:14:08,25.36,0.01,59,149624,买盘
1727,11:14:05,25.35,--,114,288990,买盘
1728,11:14:02,25.35,--,189,479115,买盘
1729,11:13:59,25.35,0.01,157,397995,买盘
1730,11:13:53,25.34,--,28,70952,买盘
1731,11:13:50,25.34,0.04,347,879298,买盘
1732,11:13:44,25.3,--,411,1039830,买盘
1733,11:13:41,25.3,--,105,265650,买盘
1734,11:13:38,25.3,--,61,154330,买盘
1735,11:13:32,25.3,0.04,305,771650,买盘
1736,11:13:29,25.26,-0.02,105,265230,卖盘
1737,11:13:26,25.28,--,91,230048,买盘
1738,11:13:23,25.28,0.03,28,70784,买盘
1739,11:13:20,25.25,-0.03,2,5050,卖盘
1740,11:13:17,25.28,0.02,258,652224,买盘
1741,11:13:14,25.26,0.01,7,17682,买盘
1742,11:13:11,25.25,--,10,25250,卖盘
1743,11:13:05,25.25,--,348,878700,卖盘
1744,11:13:02,25.25,0.03,84,212100,买盘
1745,11:12:59,25.22,-0.03,123,310206,卖盘
1746,11:12:56,25.25,0.04,75,189375,卖盘
1747,11:12:53,25.21,-0.02,300,756300,卖盘
1748,11:12:50,25.23,-0.02,378,953694,卖盘
1749,11:12:41,25.25,--,336,848400,买盘
1750,11:12:35,25.25,0.03,50,126250,买盘
1751,11:12:32,25.22,-0.03,9,22698,卖盘
1752,11:12:29,25.25,0.03,420,1060500,买盘
1753,11:12:26,25.22,--,8,20176,买盘
1754,11:12:23,25.22,0.01,1,2522,买盘
1755,11:12:20,25.21,-0.01,2,5042,卖盘
1756,11:12:17,25.22,--,10,25220,买盘
1757,11:12:02,25.22,--,16,40352,买盘
1758,11:11:56,25.22,--,23,58006,买盘
1759,11:11:50,25.22,--,7,17654,买盘
1760,11:11:47,25.22,--,6,15132,买盘
1761,11:11:35,25.22,0.02,1,2522,买盘
1762,11:11:32,25.2,-0.03,300,756000,卖盘
1763,11:11:29,25.23,0.01,50,126150,买盘
1764,11:11:23,25.22,--,3,7566,卖盘
1765,11:11:17,25.22,0.01,10,25220,买盘
1766,11:11:14,25.21,-0.02,30,75630,卖盘
1767,11:11:11,25.23,0.01,40,100920,买盘
1768,11:11:02,25.22,--,3,7566,买盘
1769,11:10:59,25.22,--,30,75660,买盘
1770,11:10:56,25.22,-0.01,51,129958,卖盘
1771,11:10:53,25.23,0.01,3,7569,买盘
1772,11:10:47,25.22,-0.01,11,27742,卖盘
1773,11:10:44,25.23,0.01,15,37845,买盘
1774,11:10:38,25.22,--,1,2522,卖盘
1775,11:10:35,25.22,--,10,25220,卖盘
1776,11:10:32,25.22,--,1,2522,卖盘
1777,11:10:29,25.22,--,1,2522,卖盘
1778,11:10:23,25.22,0.01,73,185291,买盘
1779,11:10:20,25.21,-0.01,4,10084,卖盘
1780,11:10:14,25.22,0.01,6,15132,买盘
1781,11:10:11,25.21,--,2,5042,卖盘
1782,11:10:08,25.21,--,16,40336,卖盘
1783,11:10:05,25.21,--,15,37815,卖盘
1784,11:10:02,25.21,--,5,12605,卖盘
1785,11:09:59,25.21,--,20,50420,卖盘
1786,11:09:56,25.21,--,24,60504,卖盘
1787,11:09:50,25.21,--,6,15126,卖盘
1788,11:09:44,25.21,-0.01,60,151260,卖盘
1789,11:09:41,25.22,--,20,50440,买盘
1790,11:09:38,25.22,--,10,25220,买盘
1791,11:09:32,25.22,--,8,20176,买盘
1792,11:09:26,25.22,--,59,150134,卖盘
1793,11:09:14,25.22,--,40,100880,卖盘
1794,11:09:11,25.22,--,18,45396,卖盘
1795,11:09:08,25.22,0.01,74,187813,买盘
1796,11:09:02,25.21,--,1,2521,卖盘
1797,11:08:56,25.21,-0.01,2,5042,卖盘
1798,11:08:50,25.22,--,9,22698,买盘
1799,11:08:44,25.22,--,67,168974,买盘
1800,11:08:38,25.22,0.01,5,12610,买盘
1801,11:08:32,25.21,--,1,2521,卖盘
1802,11:08:29,25.21,--,35,88235,卖盘
1803,11:08:26,25.21,-0.01,21,52941,卖盘
1804,11:08:23,25.22,--,36,90792,买盘
1805,11:08:17,25.22,0.01,31,78182,买盘
1806,11:08:14,25.21,-0.01,124,312604,卖盘
1807,11:08:11,25.22,0.01,4,10088,买盘
1808,11:08:05,25.21,--,15,37815,卖盘
1809,11:07:59,25.21,--,10,25210,卖盘
1810,11:07:56,25.21,--,18,45378,卖盘
1811,11:07:53,25.21,--,14,35294,卖盘
1812,11:07:44,25.21,--,12,30252,卖盘
1813,11:07:41,25.21,--,3,7563,卖盘
1814,11:07:32,25.21,--,3,7563,卖盘
1815,11:07:29,25.21,--,30,75630,卖盘
1816,11:07:23,25.21,--,72,181512,卖盘
1817,11:07:20,25.21,-0.01,20,50420,卖盘
1818,11:07:17,25.22,--,2,5044,买盘
1819,11:07:14,25.22,0.01,18,45396,买盘
1820,11:07:11,25.21,--,17,42857,卖盘
1821,11:07:08,25.21,--,62,156302,卖盘
1822,11:07:05,25.21,-0.01,26,65546,卖盘
1823,11:07:02,25.22,--,7,17654,买盘
1824,11:06:53,25.22,0.01,15,37830,买盘
1825,11:06:50,25.21,-0.01,10,25210,卖盘
1826,11:06:38,25.22,--,10,25220,买盘
1827,11:06:35,25.22,-0.01,33,84562,卖盘
1828,11:06:29,25.23,0.01,23,58029,买盘
1829,11:06:26,25.22,--,10,25220,卖盘
1830,11:06:23,25.22,-0.01,2,5044,卖盘
1831,11:06:17,25.23,--,15,37845,买盘
1832,11:06:14,25.23,0.01,5,12615,买盘
1833,11:06:05,25.22,--,1,2522,卖盘
1834,11:06:02,25.22,--,4,11273,买盘
1835,11:05:59,25.22,--,2,5044,买盘
1836,11:05:56,25.22,--,10,25220,买盘
1837,11:05:53,25.22,--,4,10088,买盘
1838,11:05:50,25.22,--,38,95836,买盘
1839,11:05:41,25.22,0.01,15,37830,买盘
1840,11:05:35,25.21,--,23,57983,卖盘
1841,11:05:32,25.21,-0.01,3,7563,卖盘
1842,11:05:29,25.22,0.01,2,5044,买盘
1843,11:05:26,25.21,--,15,37815,卖盘
1844,11:05:23,25.21,--,1,2521,卖盘
1845,11:05:20,25.21,--,5,12605,卖盘
1846,11:05:17,25.21,--,2,5042,买盘
1847,11:05:14,25.21,--,4,10084,买盘
1848,11:05:08,25.21,0.01,6,15126,买盘
1849,11:05:05,25.2,-0.01,40,100800,卖盘
1850,11:05:02,25.21,0.01,1,2521,买盘
1851,11:04:56,25.2,--,1,2520,卖盘
1852,11:04:47,25.2,--,3,7560,卖盘
1853,11:04:44,25.2,--,5,12600,卖盘
1854,11:04:38,25.2,0.01,134,338940,买盘
1855,11:04:32,25.19,--,15,37785,买盘
1856,11:04:29,25.19,-0.01,31,79348,卖盘
1857,11:04:26,25.2,--,14,35280,买盘
1858,11:04:23,25.2,0.01,1,2520,买盘
1859,11:04:20,25.19,--,10,25190,卖盘
1860,11:04:14,25.19,-0.01,42,107057,卖盘
1861,11:04:08,25.2,--,11,27720,买盘
1862,11:04:05,25.2,0.01,6,15120,买盘
1863,11:04:02,25.19,-0.01,12,30228,卖盘
1864,11:03:53,25.2,0.01,53,133560,买盘
1865,11:03:50,25.19,-0.01,3,7557,卖盘
1866,11:03:41,25.2,--,2,5040,买盘
1867,11:03:38,25.2,--,215,541800,卖盘
1868,11:03:32,25.2,-0.01,21,52920,卖盘
1869,11:03:26,25.21,--,2,5042,买盘
1870,11:03:17,25.21,0.01,1,2521,中性盘
1871,11:03:08,25.2,-0.02,14,35280,卖盘
1872,11:03:05,25.22,0.03,50,126100,买盘
1873,11:03:02,25.19,--,102,256938,买盘
1874,11:02:56,25.19,--,4,10076,买盘
1875,11:02:50,25.19,--,4,10076,买盘
1876,11:02:47,25.19,-0.01,19,47861,卖盘
1877,11:02:32,25.2,-0.01,164,414615,卖盘
1878,11:02:29,25.21,--,100,252100,卖盘
1879,11:02:26,25.21,--,1,2521,卖盘
1880,11:02:17,25.21,-0.01,10,25210,卖盘
1881,11:02:11,25.22,0.01,10,25220,买盘
1882,11:02:08,25.21,-0.01,13,32773,卖盘
1883,11:02:05,25.22,--,31,78182,买盘
1884,11:02:02,25.22,0.01,2,5044,买盘
1885,11:01:59,25.21,--,1,2521,卖盘
1886,11:01:56,25.21,--,5,12605,卖盘
1887,11:01:53,25.21,--,85,214285,卖盘
1888,11:01:47,25.21,--,5,12605,卖盘
1889,11:01:44,25.21,--,43,108403,卖盘
1890,11:01:41,25.21,0.01,46,115966,买盘
1891,11:01:38,25.2,--,100,252000,卖盘
1892,11:01:32,25.2,--,24,60480,卖盘
1893,11:01:22,25.2,--,3,7560,卖盘
1894,11:01:16,25.2,--,2,5040,卖盘
1895,11:01:13,25.2,--,13,32760,卖盘
1896,11:01:07,25.2,--,2,5040,卖盘
1897,11:01:04,25.2,-0.01,8,20160,卖盘
1898,11:00:58,25.21,0.01,1,2521,中性盘
1899,11:00:52,25.2,-0.02,20,50400,卖盘
1900,11:00:49,25.22,0.01,1,2522,买盘
1901,11:00:43,25.21,-0.01,20,50420,卖盘
1902,11:00:28,25.22,--,47,118534,卖盘
1903,11:00:22,25.22,--,1,2522,卖盘
1904,11:00:19,25.22,-0.01,53,133666,卖盘
1905,11:00:13,25.23,--,35,88305,买盘
1906,11:00:10,25.23,0.01,11,27753,买盘
1907,11:00:07,25.22,--,20,50440,卖盘
1908,11:00:04,25.22,--,10,25220,卖盘
1909,11:00:01,25.22,--,4,10088,卖盘
1910,10:59:49,25.22,-0.01,20,50440,卖盘
1911,10:59:46,25.23,--,235,592905,买盘
1912,10:59:43,25.23,--,11,27753,卖盘
1913,10:59:37,25.23,--,17,42891,卖盘
1914,10:59:31,25.23,--,20,50460,卖盘
1915,10:59:25,25.23,-0.01,3,7569,卖盘
1916,10:59:22,25.24,0.01,1,2524,买盘
1917,10:59:19,25.23,--,80,201840,卖盘
1918,10:59:13,25.23,-0.01,3,7569,卖盘
1919,10:59:10,25.24,--,23,58052,买盘
1920,10:59:04,25.24,-0.01,5,14866,卖盘
1921,10:58:55,25.25,0.01,29,73225,买盘
1922,10:58:46,25.24,--,27,68148,卖盘
1923,10:58:43,25.24,0.01,21,53281,买盘
1924,10:58:37,25.23,-0.02,16,42613,卖盘
1925,10:58:34,25.25,0.02,55,138875,买盘
1926,10:58:28,25.23,-0.01,62,156426,卖盘
1927,10:58:25,25.24,--,25,63099,买盘
1928,10:58:22,25.24,0.01,5,12620,买盘
1929,10:58:16,25.23,-0.02,13,32799,卖盘
1930,10:58:13,25.25,0.01,54,136350,买盘
1931,10:58:10,25.24,--,7,17668,卖盘
1932,10:58:04,25.24,-0.01,38,95912,买盘
1933,10:57:55,25.25,0.01,23,58075,买盘
1934,10:57:52,25.24,--,4,10096,卖盘
1935,10:57:46,25.24,--,5,12620,卖盘
1936,10:57:43,25.24,-0.01,15,37860,卖盘
1937,10:57:37,25.25,--,10,25250,买盘
1938,10:57:34,25.25,0.01,1,2525,买盘
1939,10:57:28,25.24,-0.01,26,65624,卖盘
1940,10:57:25,25.25,--,82,207050,买盘
1941,10:57:22,25.25,0.01,5,12625,买盘
1942,10:57:19,25.24,--,6,15143,卖盘
1943,10:57:16,25.24,-0.01,16,40384,卖盘
1944,10:57:13,25.25,0.01,5,12625,买盘
1945,10:57:10,25.24,--,37,93388,卖盘
1946,10:57:07,25.24,--,11,27764,卖盘
1947,10:57:04,25.24,--,41,103484,买盘
1948,10:57:01,25.24,0.01,12,30287,卖盘
1949,10:56:58,25.23,-0.02,30,75690,卖盘
1950,10:56:55,25.25,0.01,33,83325,买盘
1951,10:56:49,25.24,0.01,10,25517,买盘
1952,10:56:46,25.23,-0.01,5,12615,卖盘
1953,10:56:43,25.24,--,41,103484,买盘
1954,10:56:40,25.24,0.01,1,2524,买盘
1955,10:56:34,25.23,--,1,2523,卖盘
1956,10:56:28,25.23,--,5,12615,卖盘
1957,10:56:16,25.23,--,39,98397,卖盘
1958,10:56:04,25.23,-0.01,7,17661,卖盘
1959,10:56:01,25.24,0.01,10,25240,买盘
1960,10:55:55,25.23,--,14,35322,买盘
1961,10:55:52,25.23,--,83,209409,买盘
1962,10:55:46,25.23,--,9,22707,买盘
1963,10:55:43,25.23,--,29,73167,买盘
1964,10:55:40,25.23,--,16,40368,卖盘
1965,10:55:37,25.23,--,43,108489,卖盘
1966,10:55:34,25.23,--,1,2523,卖盘
1967,10:55:31,25.23,--,5,12615,卖盘
1968,10:55:28,25.23,--,2,5046,卖盘
1969,10:55:22,25.23,--,6,15138,卖盘
1970,10:55:16,25.23,--,117,295191,卖盘
1971,10:55:13,25.23,--,13,32799,卖盘
1972,10:55:10,25.23,-0.01,5,12615,卖盘
1973,10:55:07,25.24,0.01,25,63099,买盘
1974,10:55:01,25.23,--,74,186702,卖盘
1975,10:54:58,25.23,--,2,5046,卖盘
1976,10:54:55,25.23,--,4,10092,卖盘
1977,10:54:52,25.23,--,10,25230,卖盘
1978,10:54:49,25.23,--,4,10092,卖盘
1979,10:54:46,25.23,--,6,15138,卖盘
1980,10:54:43,25.23,--,38,95874,买盘
1981,10:54:40,25.23,--,1,2523,买盘
1982,10:54:37,25.23,--,13,32799,买盘
1983,10:54:31,25.23,--,27,68121,买盘
1984,10:54:28,25.23,0.01,30,75690,买盘
1985,10:54:25,25.22,-0.01,16,40352,卖盘
1986,10:54:22,25.23,--,17,42891,买盘
1987,10:54:13,25.23,-0.01,44,111012,卖盘
1988,10:54:07,25.24,0.01,3,7571,买盘
1989,10:54:04,25.23,-0.01,10,25230,卖盘
1990,10:54:01,25.24,--,20,50480,买盘
1991,10:53:55,25.24,0.01,1,2524,买盘
1992,10:53:52,25.23,-0.01,23,58029,卖盘
1993,10:53:46,25.24,--,20,50480,买盘
1994,10:53:43,25.24,--,3,7571,买盘
1995,10:53:40,25.24,-0.01,80,204166,卖盘
1996,10:53:37,25.25,0.01,7,17675,买盘
1997,10:53:34,25.24,-0.01,125,315500,卖盘
1998,10:53:31,25.25,--,16,40400,买盘
1999,10:53:28,25.25,0.01,25,63125,买盘
2000,10:53:25,25.24,-0.01,56,141344,卖盘
2001,10:53:22,25.25,--,122,308050,买盘
2002,10:53:19,25.25,--,7,17675,买盘
2003,10:53:16,25.25,--,24,60600,买盘
2004,10:53:10,25.25,-0.01,101,255530,卖盘
2005,10:53:07,25.26,--,7,17682,买盘
2006,10:53:04,25.26,--,21,53046,买盘
2007,10:52:58,25.26,--,5,12630,买盘
2008,10:52:55,25.26,0.01,38,98008,买盘
2009,10:52:52,25.25,-0.01,23,58580,卖盘
2010,10:52:49,25.26,0.02,40,103060,买盘
2011,10:52:46,25.24,-0.01,1,2524,卖盘
2012,10:52:43,25.25,--,124,313605,卖盘
2013,10:52:40,25.25,--,3,7575,卖盘
2014,10:52:37,25.25,0.01,635,1605395,买盘
2015,10:52:34,25.24,--,22,55528,卖盘
2016,10:52:31,25.24,-0.01,31,78244,卖盘
2017,10:52:28,25.25,--,25,63125,买盘
2018,10:52:25,25.25,0.01,11,27775,买盘
2019,10:52:22,25.24,--,3,7571,卖盘
2020,10:52:19,25.24,--,4,10096,卖盘
2021,10:52:16,25.24,--,16,40384,卖盘
2022,10:52:13,25.24,0.01,40,101237,买盘
2023,10:52:10,25.23,--,12,30276,买盘
2024,10:52:04,25.23,0.01,8,20184,买盘
2025,10:52:01,25.22,--,2,5044,卖盘
2026,10:51:58,25.22,-0.01,12,30264,卖盘
2027,10:51:55,25.23,0.01,27,68121,买盘
2028,10:51:46,25.22,-0.02,8,20176,买盘
2029,10:51:37,25.24,--,150,378600,买盘
2030,10:51:34,25.24,0.03,140,353360,买盘
2031,10:51:28,25.21,--,22,55462,卖盘
2032,10:51:25,25.21,-0.03,2,5042,卖盘
2033,10:51:22,25.24,0.03,500,1262000,买盘
2034,10:51:19,25.21,0.01,50,126050,买盘
2035,10:51:16,25.2,--,14,35280,卖盘
2036,10:50:55,25.2,-0.01,15,37800,卖盘
2037,10:50:52,25.21,--,76,192780,买盘
2038,10:50:34,25.21,--,51,128571,买盘
2039,10:50:31,25.21,--,25,63025,买盘
2040,10:50:28,25.21,-0.01,32,80672,卖盘
2041,10:50:25,25.22,--,21,52962,买盘
2042,10:50:22,25.22,--,8,20176,买盘
2043,10:50:19,25.22,--,2,5044,买盘
2044,10:50:16,25.22,--,48,121056,买盘
2045,10:50:13,25.22,0.01,25,63050,买盘
2046,10:50:10,25.21,--,20,50420,买盘
2047,10:50:07,25.21,--,20,50420,买盘
2048,10:50:04,25.21,0.01,1,2521,中性盘
2049,10:50:01,25.2,-0.01,201,506520,卖盘
2050,10:49:58,25.21,--,5,12605,卖盘
2051,10:49:55,25.21,0.01,13,32773,买盘
2052,10:49:52,25.2,-0.01,7,17640,卖盘
2053,10:49:46,25.21,--,2,5042,买盘
2054,10:49:43,25.21,--,4,10084,买盘
2055,10:49:37,25.21,--,17,42857,买盘
2056,10:49:31,25.21,--,2,5042,买盘
2057,10:49:28,25.21,0.01,9,22689,买盘
2058,10:49:25,25.2,--,2,5040,卖盘
2059,10:49:22,25.2,-0.01,12,30240,卖盘
2060,10:49:19,25.21,--,2,5042,中性盘
2061,10:49:10,25.21,--,84,211764,买盘
2062,10:49:07,25.21,--,5,12605,买盘
2063,10:49:01,25.21,--,3,7563,买盘
2064,10:48:58,25.21,0.01,41,103361,买盘
2065,10:48:55,25.2,--,6,15120,卖盘
2066,10:48:46,25.2,--,5,12600,卖盘
2067,10:48:43,25.2,--,12,30240,卖盘
2068,10:48:34,25.2,--,10,25200,卖盘
2069,10:48:31,25.2,-0.01,8,20160,卖盘
2070,10:48:28,25.21,--,13,32773,买盘
2071,10:48:07,25.21,--,26,65546,买盘
2072,10:48:04,25.21,--,177,446217,卖盘
2073,10:48:01,25.21,-0.01,20,50420,卖盘
2074,10:47:58,25.22,--,5,12610,买盘
2075,10:47:55,25.22,-0.01,5,12610,中性盘
2076,10:47:43,25.23,0.01,43,108489,买盘
2077,10:47:40,25.22,-0.01,24,60528,卖盘
2078,10:47:37,25.23,0.01,1,2523,买盘
2079,10:47:34,25.22,--,2,5044,卖盘
2080,10:47:28,25.22,--,10,25220,卖盘
2081,10:47:25,25.22,--,1,2522,卖盘
2082,10:47:19,25.22,0.01,89,224458,买盘
2083,10:47:16,25.21,--,12,30252,卖盘
2084,10:47:13,25.21,--,14,35294,卖盘
2085,10:47:01,25.21,-0.01,5,12605,卖盘
2086,10:46:58,25.22,--,5,12610,买盘
2087,10:46:55,25.22,0.01,4,10088,买盘
2088,10:46:52,25.21,--,2,5042,卖盘
2089,10:46:46,25.21,-0.01,24,60504,卖盘
2090,10:46:40,25.22,--,1,2522,买盘
2091,10:46:37,25.22,0.01,8,20176,买盘
2092,10:46:34,25.21,-0.01,41,103361,卖盘
2093,10:46:31,25.22,--,6,15132,买盘
2094,10:46:28,25.22,--,40,100880,买盘
2095,10:46:25,25.22,0.01,44,110968,买盘
2096,10:46:19,25.21,--,21,52941,卖盘
2097,10:46:16,25.21,-0.01,8,20168,卖盘
2098,10:46:10,25.22,0.01,5,12610,买盘
2099,10:46:07,25.21,-0.01,30,75630,卖盘
2100,10:46:01,25.22,--,33,83226,买盘
2101,10:45:58,25.22,0.01,148,373256,买盘
2102,10:45:52,25.21,--,6,15126,买盘
2103,10:45:49,25.21,--,5,12605,买盘
2104,10:45:46,25.21,-0.01,13,32773,中性盘
2105,10:45:43,25.22,--,11,27742,买盘
2106,10:45:40,25.22,--,42,105924,买盘
2107,10:45:37,25.22,0.01,8,20176,买盘
2108,10:45:34,25.21,-0.01,5,12605,卖盘
2109,10:45:31,25.22,0.01,160,403520,买盘
2110,10:45:28,25.21,-0.01,1,2521,卖盘
2111,10:45:22,25.22,0.01,27,68094,买盘
2112,10:45:19,25.21,--,27,68067,卖盘
2113,10:45:16,25.21,--,15,37815,卖盘
2114,10:45:13,25.21,--,5,12605,卖盘
2115,10:45:10,25.21,--,98,247058,卖盘
2116,10:45:07,25.21,-0.01,20,50420,卖盘
2117,10:45:04,25.22,0.01,31,78182,买盘
2118,10:45:01,25.21,--,145,365545,卖盘
2119,10:44:58,25.21,--,3,7563,卖盘
2120,10:44:49,25.21,-0.01,45,113445,卖盘
2121,10:44:46,25.22,--,30,75660,买盘
2122,10:44:40,25.22,--,2,5044,买盘
2123,10:44:37,25.22,--,10,25220,买盘
2124,10:44:31,25.22,--,17,42874,卖盘
2125,10:44:28,25.22,-0.01,20,50440,卖盘
2126,10:44:25,25.23,--,13,32799,买盘
2127,10:44:22,25.23,0.01,23,58029,买盘
2128,10:44:19,25.22,--,33,83226,卖盘
2129,10:44:16,25.22,--,26,65572,卖盘
2130,10:44:13,25.22,--,13,32786,卖盘
2131,10:44:07,25.22,--,12,30264,卖盘
2132,10:44:04,25.22,-0.01,2,5044,卖盘
2133,10:44:01,25.23,--,9,22707,买盘
2134,10:43:58,25.23,0.01,12,30276,买盘
2135,10:43:49,25.22,0.01,7,17654,中性盘
2136,10:43:43,25.21,-0.01,20,50420,卖盘
2137,10:43:40,25.22,--,7,17654,卖盘
2138,10:43:37,25.22,-0.01,67,168974,卖盘
2139,10:43:31,25.23,--,10,25230,买盘
2140,10:43:28,25.23,--,18,45414,买盘
2141,10:43:19,25.23,-0.01,196,494508,卖盘
2142,10:43:16,25.24,--,90,227160,买盘
2143,10:43:13,25.24,--,5,12620,买盘
2144,10:43:10,25.24,0.01,15,37860,买盘
2145,10:43:07,25.23,-0.01,18,45414,卖盘
2146,10:43:01,25.24,0.01,57,143868,买盘
2147,10:42:58,25.23,--,19,47937,卖盘
2148,10:42:55,25.23,--,7,17661,卖盘
2149,10:42:52,25.23,-0.01,2,5046,卖盘
2150,10:42:49,25.24,--,46,116104,买盘
2151,10:42:43,25.24,0.02,6,15143,买盘
2152,10:42:40,25.22,-0.01,21,52962,卖盘
2153,10:42:31,25.23,--,67,169041,买盘
2154,10:42:28,25.23,0.01,21,52983,买盘
2155,10:42:25,25.22,--,3,7566,卖盘
2156,10:42:22,25.22,-0.01,50,126100,卖盘
2157,10:42:16,25.23,--,31,78213,买盘
2158,10:42:13,25.23,--,82,206886,买盘
2159,10:42:10,25.23,--,30,75690,买盘
2160,10:42:07,25.23,--,10,25230,买盘
2161,10:42:04,25.23,0.03,10,25230,买盘
2162,10:42:01,25.2,-0.03,5,12600,卖盘
2163,10:41:58,25.23,0.03,87,219501,买盘
2164,10:41:52,25.2,--,55,138600,卖盘
2165,10:41:49,25.2,-0.02,18,45360,中性盘
2166,10:41:46,25.22,0.02,156,393432,买盘
2167,10:41:43,25.2,--,55,138600,买盘
2168,10:41:37,25.2,--,55,138600,买盘
2169,10:41:34,25.2,--,24,60480,买盘
2170,10:41:31,25.2,--,50,126000,买盘
2171,10:41:22,25.2,--,91,229320,买盘
2172,10:41:15,25.2,0.01,29,73080,买盘
2173,10:41:09,25.19,0.01,9,22671,买盘
2174,10:41:06,25.18,-0.01,31,78058,卖盘
2175,10:41:03,25.19,--,14,35266,买盘
2176,10:41:00,25.19,--,25,62975,买盘
2177,10:40:57,25.19,--,30,75570,买盘
2178,10:40:51,25.19,--,2,5038,买盘
2179,10:40:48,25.19,0.01,4,10076,买盘
2180,10:40:42,25.18,0.01,26,67734,买盘
2181,10:40:39,25.17,-0.01,10,25170,卖盘
2182,10:40:36,25.18,--,20,50360,买盘
2183,10:40:33,25.18,--,2,5036,买盘
2184,10:40:27,25.18,0.01,38,95684,买盘
2185,10:40:24,25.17,0.01,25,62925,买盘
2186,10:40:21,25.16,-0.01,6,15096,卖盘
2187,10:40:18,25.17,--,2,5034,买盘
2188,10:40:12,25.17,--,1,2517,买盘
2189,10:40:09,25.17,0.01,5,12585,买盘
2190,10:40:06,25.16,-0.01,3,7548,卖盘
2191,10:39:54,25.17,0.01,1,2517,买盘
2192,10:39:48,25.16,--,10,25160,卖盘
2193,10:39:39,25.16,--,27,67932,卖盘
2194,10:39:36,25.16,0.01,22,55352,买盘
2195,10:39:30,25.15,-0.01,10,25150,卖盘
2196,10:39:27,25.16,0.01,5,12580,买盘
2197,10:39:21,25.15,-0.01,21,52815,卖盘
2198,10:39:15,25.16,0.01,42,105672,买盘
2199,10:39:12,25.15,--,1,2515,卖盘
2200,10:39:03,25.15,-0.01,4,10060,卖盘
2201,10:39:00,25.16,0.01,40,100640,买盘
2202,10:38:51,25.15,0.01,7,17605,中性盘
2203,10:38:45,25.14,--,1,2514,卖盘
2204,10:38:42,25.14,--,10,25140,卖盘
2205,10:38:39,25.14,-0.01,8,20112,卖盘
2206,10:38:33,25.15,--,10,25150,买盘
2207,10:38:27,25.15,-0.01,5,12575,中性盘
2208,10:38:24,25.16,0.02,13,32708,买盘
2209,10:38:21,25.14,-0.01,32,80448,卖盘
2210,10:38:15,25.15,--,5,12575,卖盘
2211,10:38:12,25.15,-0.01,15,37725,卖盘
2212,10:38:03,25.16,--,1,2516,买盘
2213,10:38:00,25.16,0.01,17,42772,买盘
2214,10:37:57,25.15,--,1,2515,卖盘
2215,10:37:51,25.15,-0.01,2,5030,卖盘
2216,10:37:42,25.16,--,3,9913,卖盘
2217,10:37:36,25.16,--,5,12580,卖盘
2218,10:37:24,25.16,0.01,52,130982,买盘
2219,10:37:21,25.15,--,17,42755,买盘
2220,10:37:18,25.15,-0.01,33,82995,卖盘
2221,10:37:15,25.16,0.01,28,70448,买盘
2222,10:37:09,25.15,-0.01,9,22635,卖盘
2223,10:37:06,25.16,--,50,125800,买盘
2224,10:37:00,25.16,--,16,40256,买盘
2225,10:36:57,25.16,--,10,25160,买盘
2226,10:36:51,25.16,--,120,301920,买盘
2227,10:36:42,25.16,--,1,2516,买盘
2228,10:36:36,25.16,0.01,21,52836,买盘
2229,10:36:33,25.15,-0.01,10,25150,卖盘
2230,10:36:30,25.16,-0.01,40,103005,卖盘
2231,10:36:21,25.17,--,21,52857,买盘
2232,10:36:18,25.17,0.01,37,93129,买盘
2233,10:36:15,25.16,--,1,2516,卖盘
2234,10:36:09,25.16,--,7,17762,买盘
2235,10:36:06,25.16,--,33,83028,买盘
2236,10:36:00,25.16,--,3,7548,买盘
2237,10:35:45,25.16,--,8,20128,买盘
2238,10:35:42,25.16,-0.01,136,344541,卖盘
2239,10:35:33,25.17,0.01,3,7551,买盘
2240,10:35:30,25.16,-0.01,10,25160,卖盘
2241,10:35:27,25.17,0.01,3,7551,买盘
2242,10:35:21,25.16,--,40,100640,卖盘
2243,10:35:18,25.16,-0.01,4,10064,卖盘
2244,10:35:15,25.17,--,10,25170,买盘
2245,10:35:12,25.17,-0.01,10,25170,卖盘
2246,10:35:09,25.18,0.02,5,12590,买盘
2247,10:35:03,25.16,-0.01,40,100640,卖盘
2248,10:35:00,25.17,--,21,52857,卖盘
2249,10:34:57,25.17,--,2,5034,卖盘
2250,10:34:54,25.17,--,8,20136,卖盘
2251,10:34:51,25.17,--,10,25170,卖盘
2252,10:34:48,25.17,-0.01,25,62925,卖盘
2253,10:34:45,25.18,--,42,105756,买盘
2254,10:34:39,25.18,--,22,55396,买盘
2255,10:34:33,25.18,--,30,75540,买盘
2256,10:34:24,25.18,--,5,12590,买盘
2257,10:34:18,25.18,-0.01,70,176260,卖盘
2258,10:34:12,25.19,-0.01,7,17633,中性盘
2259,10:34:09,25.2,0.01,34,85680,买盘
2260,10:34:06,25.19,0.01,15,37785,买盘
2261,10:34:03,25.18,-0.01,100,251800,卖盘
2262,10:34:00,25.19,--,122,307318,卖盘
2263,10:33:54,25.19,-0.01,7,17633,中性盘
2264,10:33:51,25.2,--,6,15120,买盘
2265,10:33:45,25.2,--,4,10080,买盘
2266,10:33:42,25.2,--,15,37800,买盘
2267,10:33:39,25.2,0.01,42,105840,买盘
2268,10:33:36,25.19,-0.01,25,62975,中性盘
2269,10:33:27,25.2,--,188,473760,买盘
2270,10:33:24,25.2,0.01,20,50400,买盘
2271,10:33:21,25.19,--,4,10076,买盘
2272,10:33:18,25.19,-0.01,8,20152,中性盘
2273,10:33:09,25.2,0.01,44,110880,买盘
2274,10:33:06,25.19,--,39,98241,卖盘
2275,10:33:00,25.19,-0.01,2,5038,卖盘
2276,10:32:54,25.2,--,6,15120,买盘
2277,10:32:51,25.2,--,15,37800,买盘
2278,10:32:48,25.2,0.01,1,2520,买盘
2279,10:32:45,25.19,-0.01,10,25190,卖盘
2280,10:32:42,25.2,0.01,5,12600,买盘
2281,10:32:39,25.19,0.02,3,7557,买盘
2282,10:32:36,25.17,-0.01,5,12585,卖盘
2283,10:32:30,25.18,--,20,50360,卖盘
2284,10:32:27,25.18,--,49,123382,买盘
2285,10:32:21,25.18,--,7,17626,买盘
2286,10:32:18,25.18,--,17,42806,买盘
2287,10:32:15,25.18,0.02,1,2518,买盘
2288,10:32:12,25.16,-0.02,52,130832,卖盘
2289,10:32:06,25.18,0.02,15,37770,买盘
2290,10:32:03,25.16,--,5,12580,卖盘
2291,10:32:00,25.16,--,55,138530,买盘
2292,10:31:54,25.16,--,2,5032,买盘
2293,10:31:51,25.16,0.01,11,27676,买盘
2294,10:31:42,25.15,--,20,50300,卖盘
2295,10:31:39,25.15,0.01,222,558330,买盘
2296,10:31:36,25.14,-0.01,21,52794,卖盘
2297,10:31:30,25.15,--,24,60360,买盘
2298,10:31:27,25.15,--,68,171020,买盘
2299,10:31:24,25.15,--,129,324435,买盘
2300,10:31:21,25.15,--,20,50300,买盘
2301,10:31:18,25.15,--,10,25150,买盘
2302,10:31:15,25.15,0.01,15,37725,买盘
2303,10:31:12,25.14,-0.01,96,241344,卖盘
2304,10:31:06,25.15,0.01,306,769590,买盘
2305,10:31:03,25.14,0.01,36,90504,买盘
2306,10:30:57,25.13,--,2,5026,卖盘
2307,10:30:54,25.13,-0.01,5,12565,卖盘
2308,10:30:51,25.14,--,2,5028,买盘
2309,10:30:48,25.14,--,19,47766,买盘
2310,10:30:45,25.14,--,1,2514,买盘
2311,10:30:42,25.14,--,14,35196,买盘
2312,10:30:39,25.14,--,10,25140,买盘
2313,10:30:33,25.14,0.01,5,12570,买盘
2314,10:30:27,25.13,--,55,138215,买盘
2315,10:30:21,25.13,--,2,5026,买盘
2316,10:30:18,25.13,--,5,12565,买盘
2317,10:30:15,25.13,--,21,52773,买盘
2318,10:30:12,25.13,--,1,2513,买盘
2319,10:30:09,25.13,--,15,37695,买盘
2320,10:30:03,25.13,-0.02,34,85442,卖盘
2321,10:30:00,25.15,0.01,13,32694,买盘
2322,10:29:54,25.14,-0.01,2,5028,中性盘
2323,10:29:42,25.15,--,2,5030,买盘
2324,10:29:39,25.15,0.03,20,50300,买盘
2325,10:29:33,25.12,-0.03,12,30144,卖盘
2326,10:29:30,25.15,--,5,12575,买盘
2327,10:29:27,25.15,0.02,3,7545,买盘
2328,10:29:24,25.13,-0.02,14,35182,卖盘
2329,10:29:21,25.15,0.01,68,171020,买盘
2330,10:29:15,25.14,-0.01,192,482688,中性盘
2331,10:29:09,25.15,0.02,34,85510,买盘
2332,10:29:03,25.13,-0.02,30,75390,卖盘
2333,10:29:00,25.15,0.01,8,20120,买盘
2334,10:28:57,25.14,--,2,5028,卖盘
2335,10:28:54,25.14,0.01,48,120672,买盘
2336,10:28:48,25.13,--,7,17591,卖盘
2337,10:28:42,25.13,--,2,5026,中性盘
2338,10:28:36,25.13,--,21,52773,买盘
2339,10:28:33,25.13,--,15,37695,买盘
2340,10:28:30,25.13,0.01,46,115598,买盘
2341,10:28:27,25.12,-0.01,58,145696,卖盘
2342,10:28:24,25.13,--,2,5026,买盘
2343,10:28:21,25.13,0.03,67,168371,买盘
2344,10:28:15,25.1,-0.03,315,790650,卖盘
2345,10:28:12,25.13,0.01,18,45234,中性盘
2346,10:28:09,25.12,-0.02,6,15072,卖盘
2347,10:28:06,25.14,0.02,2,5028,买盘
2348,10:28:03,25.12,-0.02,27,67824,卖盘
2349,10:28:00,25.14,0.02,18,45252,买盘
2350,10:27:57,25.12,-0.01,206,517472,卖盘
2351,10:27:48,25.13,--,1,2513,买盘
2352,10:27:45,25.13,0.01,24,60312,买盘
2353,10:27:42,25.12,--,6,15072,卖盘
2354,10:27:39,25.12,0.01,13,32656,买盘
2355,10:27:36,25.11,-0.01,12,30132,卖盘
2356,10:27:33,25.12,--,27,67824,卖盘
2357,10:27:27,25.12,-0.01,14,35168,卖盘
2358,10:27:24,25.13,--,107,268891,买盘
2359,10:27:21,25.13,0.01,19,47747,买盘
2360,10:27:18,25.12,--,17,42704,卖盘
2361,10:27:15,25.12,0.01,15,37680,中性盘
2362,10:27:09,25.11,-0.01,106,266166,卖盘
2363,10:27:06,25.12,--,5,12560,买盘
2364,10:27:03,25.12,--,50,125600,买盘
2365,10:26:57,25.12,--,13,32656,买盘
2366,10:26:54,25.12,--,6,15072,卖盘
2367,10:26:48,25.12,--,43,108016,卖盘
2368,10:26:42,25.12,--,21,52752,卖盘
2369,10:26:39,25.12,-0.01,4,10048,卖盘
2370,10:26:36,25.13,0.01,8,20104,买盘
2371,10:26:33,25.12,-0.01,8,20096,卖盘
2372,10:26:30,25.13,--,46,115598,卖盘
2373,10:26:24,25.13,--,3,7539,卖盘
2374,10:26:18,25.13,-0.01,29,72877,卖盘
2375,10:26:15,25.14,--,9,22626,卖盘
2376,10:26:12,25.14,--,4,10056,卖盘
2377,10:26:03,25.14,-0.01,1,2514,卖盘
2378,10:25:57,25.15,--,20,50300,买盘
2379,10:25:51,25.15,--,131,329465,卖盘
2380,10:25:48,25.15,-0.01,17,42755,卖盘
2381,10:25:42,25.16,--,4,10064,买盘
2382,10:25:39,25.16,--,2,5032,买盘
2383,10:25:36,25.16,0.01,3,7548,买盘
2384,10:25:27,25.15,-0.02,16,40240,卖盘
2385,10:25:21,25.17,0.01,44,110748,买盘
2386,10:25:15,25.16,0.01,6,15096,卖盘
2387,10:25:09,25.15,-0.02,82,206230,卖盘
2388,10:25:06,25.17,--,1,2517,卖盘
2389,10:25:03,25.17,--,15,37755,卖盘
2390,10:25:00,25.17,-0.02,9,22653,卖盘
2391,10:24:57,25.19,--,10,25190,买盘
2392,10:24:51,25.19,--,51,128469,买盘
2393,10:24:48,25.19,0.03,5,12595,买盘
2394,10:24:45,25.16,-0.03,82,206312,卖盘
2395,10:24:42,25.19,0.01,12,30228,买盘
2396,10:24:39,25.18,--,57,143526,卖盘
2397,10:24:30,25.18,--,5,12590,卖盘
2398,10:24:27,25.18,--,5,12590,卖盘
2399,10:24:24,25.18,--,20,50360,卖盘
2400,10:24:21,25.18,--,5,12590,卖盘
2401,10:24:18,25.18,--,6,15108,卖盘
2402,10:24:12,25.18,--,27,67986,卖盘
2403,10:24:09,25.18,0.02,141,355038,买盘
2404,10:24:06,25.16,-0.01,1,2516,卖盘
2405,10:24:00,25.17,--,28,70476,卖盘
2406,10:23:57,25.17,--,15,37755,卖盘
2407,10:23:54,25.17,-0.01,6,15102,卖盘
2408,10:23:51,25.18,0.02,1,2518,买盘
2409,10:23:48,25.16,-0.02,7,17612,卖盘
2410,10:23:45,25.18,--,6,15108,买盘
2411,10:23:36,25.18,-0.01,3,7554,卖盘
2412,10:23:33,25.19,0.01,3,7557,买盘
2413,10:23:30,25.18,--,15,37770,卖盘
2414,10:23:27,25.18,0.02,32,80576,买盘
2415,10:23:21,25.16,--,8,20128,卖盘
2416,10:23:18,25.16,--,1,2516,卖盘
2417,10:23:15,25.16,-0.01,45,113220,卖盘
2418,10:23:12,25.17,--,60,151020,买盘
2419,10:23:09,25.17,--,3,7551,买盘
2420,10:23:06,25.17,--,23,57891,买盘
2421,10:23:03,25.17,--,3,7551,买盘
2422,10:22:57,25.17,--,15,37755,卖盘
2423,10:22:51,25.17,-0.01,74,186258,卖盘
2424,10:22:48,25.18,0.01,47,118346,买盘
2425,10:22:45,25.17,-0.01,15,37755,卖盘
2426,10:22:42,25.18,--,2,5036,买盘
2427,10:22:30,25.18,--,3,7554,买盘
2428,10:22:27,25.18,--,18,45324,卖盘
2429,10:22:21,25.18,--,31,78058,卖盘
2430,10:22:18,25.18,--,23,57914,卖盘
2431,10:22:15,25.18,--,16,40288,卖盘
2432,10:22:08,25.18,--,2,5036,卖盘
2433,10:22:05,25.18,--,7,17626,卖盘
2434,10:22:02,25.18,--,19,47842,买盘
2435,10:21:56,25.18,0.01,1,2518,买盘
2436,10:21:50,25.17,-0.02,28,70476,卖盘
2437,10:21:47,25.19,--,30,75570,买盘
2438,10:21:38,25.19,--,40,103102,卖盘
2439,10:21:32,25.19,--,20,50380,卖盘
2440,10:21:29,25.19,--,9,22671,卖盘
2441,10:21:26,25.19,0.01,43,108493,买盘
2442,10:21:23,25.18,-0.01,13,32734,卖盘
2443,10:21:17,25.19,0.01,12,30228,买盘
2444,10:21:14,25.18,--,5,12590,卖盘
2445,10:21:11,25.18,--,1,2518,卖盘
2446,10:21:08,25.18,-0.01,42,105756,卖盘
2447,10:21:02,25.19,--,3,7557,买盘
2448,10:20:59,25.19,--,22,55418,买盘
2449,10:20:53,25.19,--,4,12418,卖盘
2450,10:20:47,25.19,--,38,95722,卖盘
2451,10:20:44,25.19,-0.01,33,84336,卖盘
2452,10:20:38,25.2,--,5,12600,买盘
2453,10:20:32,25.2,--,17,42840,卖盘
2454,10:20:29,25.2,--,4,10080,卖盘
2455,10:20:26,25.2,--,24,60480,买盘
2456,10:20:23,25.2,--,12,30240,卖盘
2457,10:20:20,25.2,--,5,12600,卖盘
2458,10:20:17,25.2,--,5,12600,卖盘
2459,10:20:14,25.2,0.01,29,73080,买盘
2460,10:20:11,25.19,--,3,7557,卖盘
2461,10:20:05,25.19,-0.01,21,52899,卖盘
2462,10:20:02,25.2,-0.01,4,10080,中性盘
2463,10:19:56,25.21,0.02,50,126050,买盘
2464,10:19:53,25.19,-0.01,10,25190,卖盘
2465,10:19:50,25.2,--,34,85680,卖盘
2466,10:19:44,25.2,--,85,215686,卖盘
2467,10:19:41,25.2,--,1,2520,卖盘
2468,10:19:38,25.2,0.01,122,307440,买盘
2469,10:19:35,25.19,-0.01,13,32747,卖盘
2470,10:19:32,25.2,--,20,50400,买盘
2471,10:19:26,25.2,0.01,50,126000,买盘
2472,10:19:23,25.19,--,11,27709,卖盘
2473,10:19:14,25.19,--,51,128469,卖盘
2474,10:19:05,25.19,-0.01,3,7557,卖盘
2475,10:19:02,25.2,--,9,22680,买盘
2476,10:18:56,25.2,--,2,5040,买盘
2477,10:18:53,25.2,--,110,277200,卖盘
2478,10:18:44,25.2,--,15,37800,卖盘
2479,10:18:41,25.2,--,16,40320,卖盘
2480,10:18:38,25.2,-0.01,12,30240,卖盘
2481,10:18:35,25.21,0.01,23,57983,买盘
2482,10:18:29,25.2,-0.01,6,15120,卖盘
2483,10:18:23,25.21,--,39,98319,卖盘
2484,10:18:20,25.21,--,4,10084,卖盘
2485,10:18:17,25.21,0.01,6,15126,买盘
2486,10:18:11,25.2,--,48,120960,卖盘
2487,10:18:05,25.2,-0.01,56,141120,卖盘
2488,10:18:02,25.21,--,33,83193,买盘
2489,10:17:59,25.21,--,2,5042,买盘
2490,10:17:56,25.21,-0.01,25,63025,买盘
2491,10:17:53,25.22,0.01,56,141232,买盘
2492,10:17:50,25.21,--,3,7563,买盘
2493,10:17:44,25.21,--,1,2521,买盘
2494,10:17:41,25.21,--,30,75630,卖盘
2495,10:17:38,25.21,-0.01,7,17647,卖盘
2496,10:17:35,25.22,--,5,12610,买盘
2497,10:17:32,25.22,0.01,11,27742,买盘
2498,10:17:29,25.21,--,10,25210,卖盘
2499,10:17:26,25.21,--,5,12605,卖盘
2500,10:17:23,25.21,--,74,186554,卖盘
2501,10:17:20,25.21,--,4,10084,卖盘
2502,10:17:17,25.21,--,18,45378,卖盘
2503,10:17:14,25.21,--,10,25210,卖盘
2504,10:17:11,25.21,--,30,75630,中性盘
2505,10:17:08,25.21,--,22,55462,买盘
2506,10:17:02,25.21,--,4,10084,卖盘
2507,10:16:56,25.21,--,2,5042,卖盘
2508,10:16:53,25.21,--,5,12605,卖盘
2509,10:16:50,25.21,--,45,113445,买盘
2510,10:16:41,25.21,0.01,50,126050,买盘
2511,10:16:38,25.2,--,10,25200,卖盘
2512,10:16:35,25.2,-0.02,40,100800,卖盘
2513,10:16:26,25.22,--,1,2522,买盘
2514,10:16:23,25.22,-0.01,8,20176,卖盘
2515,10:16:20,25.23,0.01,87,219501,买盘
2516,10:16:17,25.22,--,1,2522,卖盘
2517,10:16:14,25.22,--,82,206804,卖盘
2518,10:16:11,25.22,-0.01,6,15132,卖盘
2519,10:16:08,25.23,0.01,20,50460,买盘
2520,10:16:05,25.22,--,1,2522,卖盘
2521,10:16:02,25.22,--,16,40352,卖盘
2522,10:15:53,25.22,--,12,30264,买盘
2523,10:15:50,25.22,0.01,93,234546,买盘
2524,10:15:47,25.21,-0.01,13,32773,卖盘
2525,10:15:38,25.22,-0.01,18,45396,买盘
2526,10:15:35,25.23,0.02,63,158949,买盘
2527,10:15:32,25.21,--,11,27731,卖盘
2528,10:15:26,25.21,-0.02,3,7563,卖盘
2529,10:15:23,25.23,0.02,353,890619,买盘
2530,10:15:17,25.21,--,18,45378,卖盘
2531,10:15:14,25.21,--,14,35294,卖盘
2532,10:15:11,25.21,--,2,5042,卖盘
2533,10:15:08,25.21,-0.01,20,50420,卖盘
2534,10:15:05,25.22,--,5,12610,买盘
2535,10:15:02,25.22,--,23,58006,买盘
2536,10:14:59,25.22,0.01,9,22698,买盘
2537,10:14:56,25.21,--,1,2521,卖盘
2538,10:14:53,25.21,-0.01,49,123529,买盘
2539,10:14:50,25.22,0.02,15,37830,买盘
2540,10:14:44,25.2,-0.02,6,15120,卖盘
2541,10:14:41,25.22,--,15,37830,卖盘
2542,10:14:38,25.22,--,9,22698,卖盘
2543,10:14:35,25.22,--,7,17654,买盘
2544,10:14:32,25.22,--,11,27742,买盘
2545,10:14:29,25.22,0.01,10,25220,买盘
2546,10:14:26,25.21,-0.01,1,2521,中性盘
2547,10:14:23,25.22,--,7,17654,卖盘
2548,10:14:20,25.22,--,93,234546,买盘
2549,10:14:14,25.22,--,10,25220,买盘
2550,10:14:11,25.22,0.02,1,2522,卖盘
2551,10:14:08,25.2,--,48,120960,卖盘
2552,10:14:05,25.2,-0.01,22,55440,卖盘
2553,10:14:02,25.21,-0.02,6,15126,卖盘
2554,10:13:59,25.23,0.03,270,681210,买盘
2555,10:13:56,25.2,--,14,35280,卖盘
2556,10:13:53,25.2,--,2,5040,卖盘
2557,10:13:50,25.2,-0.02,12,30240,卖盘
2558,10:13:44,25.22,0.02,25,63050,买盘
2559,10:13:41,25.2,-0.02,6,15120,卖盘
2560,10:13:38,25.22,--,54,136188,买盘
2561,10:13:32,25.22,0.02,1,2522,买盘
2562,10:13:26,25.2,-0.03,206,519120,卖盘
2563,10:13:23,25.23,--,5,12615,买盘
2564,10:13:20,25.23,0.01,1,2523,中性盘
2565,10:13:17,25.22,--,1,2522,卖盘
2566,10:13:14,25.22,-0.01,43,108446,卖盘
2567,10:13:08,25.23,--,109,275007,买盘
2568,10:13:05,25.23,0.01,7,17661,买盘
2569,10:13:02,25.22,--,30,75660,卖盘
2570,10:12:59,25.22,-0.01,16,40352,卖盘
2571,10:12:56,25.23,0.01,10,25230,买盘
2572,10:12:53,25.22,-0.01,36,90792,卖盘
2573,10:12:50,25.23,0.01,1,2523,买盘
2574,10:12:47,25.22,--,24,60528,买盘
2575,10:12:44,25.22,-0.02,46,116012,卖盘
2576,10:12:35,25.24,--,39,98436,买盘
2577,10:12:32,25.24,0.02,30,75720,买盘
2578,10:12:26,25.22,-0.02,3,7566,卖盘
2579,10:12:23,25.24,0.01,44,111056,买盘
2580,10:12:17,25.23,-0.01,30,75690,卖盘
2581,10:12:14,25.24,--,3,7571,买盘
2582,10:12:11,25.24,--,57,145634,卖盘
2583,10:12:08,25.24,-0.01,18,45432,卖盘
2584,10:12:05,25.25,0.01,24,61357,买盘
2585,10:12:02,25.24,--,68,171632,买盘
2586,10:11:59,25.24,-0.01,114,289502,卖盘
2587,10:11:56,25.25,0.01,24,61357,买盘
2588,10:11:53,25.24,--,13,32812,买盘
2589,10:11:50,25.24,--,18,45432,买盘
2590,10:11:47,25.24,--,19,47956,买盘
2591,10:11:44,25.24,-0.01,86,218830,卖盘
2592,10:11:38,25.25,--,3,7575,买盘
2593,10:11:35,25.25,0.01,108,272700,买盘
2594,10:11:32,25.24,--,2,5048,卖盘
2595,10:11:29,25.24,-0.01,13,33569,卖盘
2596,10:11:26,25.25,0.01,16,40400,买盘
2597,10:11:23,25.24,--,161,406364,买盘
2598,10:11:20,25.24,0.01,2,5048,买盘
2599,10:11:14,25.23,--,8,20184,买盘
2600,10:11:11,25.23,--,38,95874,买盘
2601,10:11:08,25.23,--,79,199317,买盘
2602,10:11:05,25.23,--,118,297714,买盘
2603,10:11:02,25.23,--,157,396111,买盘
2604,10:10:59,25.23,0.01,3,7569,买盘
2605,10:10:56,25.22,--,7,17654,卖盘
2606,10:10:53,25.22,--,232,585104,买盘
2607,10:10:50,25.22,0.01,219,552318,买盘
2608,10:10:47,25.21,0.01,20,50420,买盘
2609,10:10:44,25.2,-0.01,91,229320,卖盘
2610,10:10:38,25.21,0.01,96,242016,买盘
2611,10:10:35,25.2,--,22,55440,卖盘
2612,10:10:32,25.2,0.01,203,511560,买盘
2613,10:10:29,25.19,-0.01,3,7557,卖盘
2614,10:10:26,25.2,--,123,309960,买盘
2615,10:10:17,25.2,--,8,20160,买盘
2616,10:10:08,25.2,--,10,25200,买盘
2617,10:10:05,25.2,0.01,5,12600,买盘
2618,10:10:02,25.19,-0.01,15,37785,卖盘
2619,10:09:59,25.2,0.01,6,15120,买盘
2620,10:09:53,25.19,--,30,75570,卖盘
2621,10:09:50,25.19,--,50,125950,卖盘
2622,10:09:47,25.19,--,5,12595,卖盘
2623,10:09:44,25.19,--,32,80608,卖盘
2624,10:09:38,25.19,--,31,78089,卖盘
2625,10:09:35,25.19,--,45,113355,卖盘
2626,10:09:32,25.19,0.01,30,75570,买盘
2627,10:09:29,25.18,-0.01,45,113310,卖盘
2628,10:09:23,25.19,0.01,6,15114,买盘
2629,10:09:20,25.18,--,11,27698,卖盘
2630,10:09:17,25.18,-0.01,19,47842,卖盘
2631,10:09:14,25.19,--,64,161216,买盘
2632,10:09:11,25.19,0.01,9,22671,买盘
2633,10:09:08,25.18,--,62,156116,卖盘
2634,10:08:59,25.18,--,10,25180,卖盘
2635,10:08:53,25.18,--,51,128418,卖盘
2636,10:08:50,25.18,--,26,65468,卖盘
2637,10:08:44,25.18,--,26,65468,卖盘
2638,10:08:41,25.18,--,54,135972,卖盘
2639,10:08:35,25.18,--,1,2518,卖盘
2640,10:08:32,25.18,--,51,128418,买盘
2641,10:08:29,25.18,--,4,10072,买盘
2642,10:08:26,25.18,--,92,231656,买盘
2643,10:08:20,25.18,--,5,12590,买盘
2644,10:08:17,25.18,--,2,5036,买盘
2645,10:08:14,25.18,0.02,20,50360,买盘
2646,10:08:11,25.16,--,10,25160,买盘
2647,10:08:08,25.16,-0.01,34,85544,卖盘
2648,10:08:05,25.17,--,6,15102,卖盘
2649,10:08:02,25.17,--,4,10068,卖盘
2650,10:07:59,25.17,--,27,67959,买盘
2651,10:07:53,25.17,--,20,50340,买盘
2652,10:07:50,25.17,--,5,12585,买盘
2653,10:07:47,25.17,0.02,20,50340,买盘
2654,10:07:44,25.15,-0.01,2,5030,卖盘
2655,10:07:41,25.16,--,16,40256,卖盘
2656,10:07:38,25.16,0.01,64,163313,买盘
2657,10:07:35,25.15,0.01,52,130779,买盘
2658,10:07:32,25.14,-0.01,10,25140,卖盘
2659,10:07:26,25.15,0.01,18,45270,买盘
2660,10:07:23,25.14,0.01,1,2514,卖盘
2661,10:07:20,25.13,-0.01,43,108059,卖盘
2662,10:07:11,25.14,0.01,3,7542,买盘
2663,10:07:08,25.13,--,9,22993,卖盘
2664,10:07:05,25.13,--,11,27643,卖盘
2665,10:07:02,25.13,0.02,196,494206,买盘
2666,10:06:59,25.11,-0.01,6,15066,卖盘
2667,10:06:56,25.12,--,28,70336,买盘
2668,10:06:53,25.12,0.01,5,12560,买盘
2669,10:06:50,25.11,--,60,150660,卖盘
2670,10:06:44,25.11,--,5,12555,卖盘
2671,10:06:41,25.11,-0.01,7,17577,卖盘
2672,10:06:38,25.12,--,20,50240,买盘
2673,10:06:35,25.12,--,3,7536,买盘
2674,10:06:29,25.12,--,1,2512,买盘
2675,10:06:26,25.12,0.01,3,7536,买盘
2676,10:06:23,25.11,-0.01,110,276210,卖盘
2677,10:06:20,25.12,-0.01,32,80384,卖盘
2678,10:06:17,25.13,--,9,22617,买盘
2679,10:06:14,25.13,--,2,5026,买盘
2680,10:06:11,25.13,--,4,10052,买盘
2681,10:06:05,25.13,--,6,15078,买盘
2682,10:06:02,25.13,--,6,15932,卖盘
2683,10:05:59,25.13,--,42,105546,卖盘
2684,10:05:56,25.13,--,75,188475,卖盘
2685,10:05:50,25.13,--,7,17591,卖盘
2686,10:05:47,25.13,-0.01,11,27643,卖盘
2687,10:05:44,25.14,0.01,3,7542,买盘
2688,10:05:41,25.13,-0.01,24,61970,卖盘
2689,10:05:32,25.14,0.01,8,20112,买盘
2690,10:05:29,25.13,-0.01,13,32669,卖盘
2691,10:05:26,25.14,--,5,12570,买盘
2692,10:05:20,25.14,-0.01,6,15084,卖盘
2693,10:05:14,25.15,0.01,4,10060,买盘
2694,10:05:11,25.14,-0.01,98,246372,卖盘
2695,10:05:08,25.15,--,28,70420,卖盘
2696,10:05:05,25.15,-0.01,22,55330,卖盘
2697,10:04:59,25.16,--,58,145928,买盘
2698,10:04:53,25.16,--,22,56635,卖盘
2699,10:04:50,25.16,-0.01,83,208828,卖盘
2700,10:04:47,25.17,0.01,3,7551,买盘
2701,10:04:44,25.16,--,18,45288,卖盘
2702,10:04:41,25.16,-0.01,17,42772,卖盘
2703,10:04:38,25.17,--,40,100680,买盘
2704,10:04:35,25.17,--,22,55374,买盘
2705,10:04:32,25.17,--,13,32721,买盘
2706,10:04:26,25.17,-0.01,3,7551,中性盘
2707,10:04:23,25.18,0.01,200,503600,买盘
2708,10:04:20,25.17,--,1,2517,买盘
2709,10:04:17,25.17,-0.01,259,653413,卖盘
2710,10:04:14,25.18,--,57,143526,买盘
2711,10:04:11,25.18,--,28,70504,买盘
2712,10:04:08,25.18,0.01,20,50360,买盘
2713,10:04:05,25.17,-0.01,29,72993,卖盘
2714,10:04:02,25.18,0.01,89,224102,买盘
2715,10:03:59,25.17,-0.01,5,12585,卖盘
2716,10:03:56,25.18,0.01,44,110792,买盘
2717,10:03:53,25.17,--,28,70476,卖盘
2718,10:03:47,25.17,--,21,52857,卖盘
2719,10:03:41,25.17,--,98,247672,买盘
2720,10:03:38,25.17,0.01,150,377550,买盘
2721,10:03:32,25.16,-0.01,12,30192,卖盘
2722,10:03:29,25.17,0.01,8,20136,买盘
2723,10:03:26,25.16,--,4,10064,卖盘
2724,10:03:17,25.16,--,36,90576,卖盘
2725,10:03:14,25.16,--,8,20128,卖盘
2726,10:03:08,25.16,-0.02,34,85544,卖盘
2727,10:03:05,25.18,--,5,12590,买盘
2728,10:03:02,25.18,0.02,20,50360,中性盘
2729,10:02:53,25.16,-0.02,11,27676,卖盘
2730,10:02:50,25.18,0.01,4,11305,买盘
2731,10:02:47,25.17,-0.01,3,7551,中性盘
2732,10:02:44,25.18,--,30,75540,买盘
2733,10:02:41,25.18,--,19,47842,买盘
2734,10:02:34,25.18,--,3,7554,买盘
2735,10:02:31,25.18,0.02,29,73022,买盘
2736,10:02:28,25.16,-0.02,12,30192,卖盘
2737,10:02:25,25.18,--,71,178778,买盘
2738,10:02:19,25.18,0.02,2,5036,买盘
2739,10:02:16,25.16,--,5,12580,卖盘
2740,10:02:10,25.16,0.01,23,57868,中性盘
2741,10:02:07,25.15,--,9,22635,买盘
2742,10:02:04,25.15,--,52,130779,买盘
2743,10:02:01,25.15,--,17,42755,买盘
2744,10:01:55,25.15,0.01,4,10060,买盘
2745,10:01:49,25.14,--,10,25140,卖盘
2746,10:01:43,25.14,--,41,103074,买盘
2747,10:01:40,25.14,--,20,50280,买盘
2748,10:01:37,25.14,0.01,4,10056,买盘
2749,10:01:34,25.13,--,46,115598,卖盘
2750,10:01:31,25.13,0.01,4,10052,卖盘
2751,10:01:28,25.12,--,2,5024,卖盘
2752,10:01:25,25.12,-0.02,2,5024,卖盘
2753,10:01:22,25.14,0.02,50,125700,买盘
2754,10:01:19,25.12,-0.01,30,75360,卖盘
2755,10:01:13,25.13,0.01,43,108059,买盘
2756,10:01:10,25.12,--,21,52752,买盘
2757,10:01:07,25.12,--,20,50240,买盘
2758,10:01:01,25.12,--,22,55264,买盘
2759,10:00:58,25.12,0.01,43,108016,买盘
2760,10:00:55,25.11,--,16,40176,卖盘
2761,10:00:52,25.11,-0.01,15,37665,卖盘
2762,10:00:46,25.12,--,12,30144,买盘
2763,10:00:43,25.12,--,9,22608,买盘
2764,10:00:40,25.12,0.01,19,47728,买盘
2765,10:00:37,25.11,--,28,70308,卖盘
2766,10:00:34,25.11,-0.01,7,17577,卖盘
2767,10:00:31,25.12,0.01,32,80384,买盘
2768,10:00:25,25.11,0.01,20,50220,中性盘
2769,10:00:22,25.1,--,33,82830,卖盘
2770,10:00:19,25.1,-0.01,56,140560,卖盘
2771,10:00:10,25.11,0.01,9,22599,卖盘
2772,10:00:04,25.1,-0.01,20,50200,卖盘
2773,10:00:01,25.11,--,36,90396,买盘
2774,09:59:58,25.11,--,10,25110,买盘
2775,09:59:52,25.11,-0.01,102,256122,卖盘
2776,09:59:49,25.12,--,7,17584,买盘
2777,09:59:46,25.12,--,23,57776,买盘
2778,09:59:43,25.12,--,32,80384,买盘
2779,09:59:40,25.12,--,10,25120,买盘
2780,09:59:37,25.12,--,23,57776,买盘
2781,09:59:28,25.12,--,5,12560,买盘
2782,09:59:25,25.12,0.01,43,108016,买盘
2783,09:59:22,25.11,--,11,27621,卖盘
2784,09:59:19,25.11,-0.01,11,27621,卖盘
2785,09:59:16,25.12,--,30,75360,买盘
2786,09:59:13,25.12,--,25,62800,买盘
2787,09:59:10,25.12,--,10,25120,买盘
2788,09:59:07,25.12,--,26,65312,买盘
2789,09:59:04,25.12,--,10,25120,买盘
2790,09:59:01,25.12,--,25,62800,买盘
2791,09:58:58,25.12,--,9,22608,卖盘
2792,09:58:55,25.12,-0.01,58,145696,卖盘
2793,09:58:52,25.13,0.01,2,5026,买盘
2794,09:58:46,25.12,--,49,123088,卖盘
2795,09:58:43,25.12,-0.01,15,37680,卖盘
2796,09:58:40,25.13,--,13,32669,买盘
2797,09:58:37,25.13,--,8,20104,买盘
2798,09:58:31,25.13,-0.01,96,241248,卖盘
2799,09:58:28,25.14,--,1,2514,买盘
2800,09:58:25,25.14,0.01,10,25140,买盘
2801,09:58:22,25.13,-0.01,9,22617,卖盘
2802,09:58:19,25.14,--,36,90504,买盘
2803,09:58:16,25.14,-0.01,13,32682,买盘
2804,09:58:13,25.15,0.02,60,150900,买盘
2805,09:58:10,25.13,-0.01,3,7539,卖盘
2806,09:58:07,25.14,--,2,5028,买盘
2807,09:58:04,25.14,--,17,42738,卖盘
2808,09:58:01,25.14,-0.01,35,87990,卖盘
2809,09:57:58,25.15,--,3,7545,买盘
2810,09:57:52,25.15,--,53,133295,买盘
2811,09:57:49,25.15,--,52,132037,卖盘
2812,09:57:46,25.15,-0.01,12,30180,卖盘
2813,09:57:43,25.16,0.01,5,12580,买盘
2814,09:57:37,25.15,-0.03,18,45270,卖盘
2815,09:57:34,25.18,0.02,119,299642,买盘
2816,09:57:31,25.16,-0.01,10,25160,卖盘
2817,09:57:28,25.17,-0.01,22,55374,中性盘
2818,09:57:25,25.18,--,7,17626,买盘
