,time,price,change,volume,amount,type
0,15:00:00,11.04,--,0,0,卖盘
1,15:00:00,11.04,--,17,18768,卖盘
2,14:59:58,11.04,--,21,23184,卖盘
3,14:59:53,11.04,--,65,71760,卖盘
4,14:59:47,11.04,--,20,22080,卖盘
5,14:59:43,11.04,--,12,13247,卖盘
6,14:59:38,11.04,--,136,150144,买盘
7,14:59:32,11.04,--,57,62927,买盘
8,14:59:28,11.04,0.01,28,30911,买盘
9,14:59:23,11.03,-0.01,5,5515,卖盘
10,14:59:17,11.04,0.01,146,161184,买盘
11,14:59:13,11.03,--,20,22060,卖盘
12,14:59:08,11.03,--,115,126844,卖盘
13,14:59:02,11.03,--,136,150008,卖盘
14,14:58:58,11.03,-0.01,532,586796,卖盘
15,14:58:53,11.04,0.01,1,1104,买盘
16,14:58:47,11.03,--,107,118021,卖盘
17,14:58:43,11.03,--,24,26472,卖盘
18,14:58:38,11.03,--,17,18751,卖盘
19,14:58:32,11.03,--,48,52944,买盘
20,14:58:28,11.03,--,99,109197,买盘
21,14:58:23,11.03,--,26,28678,买盘
22,14:58:17,11.03,-0.01,47,51841,卖盘
23,14:58:13,11.04,0.01,423,466991,买盘
24,14:58:08,11.03,--,26,28678,买盘
25,14:58:02,11.03,-0.01,84,92652,中性盘
26,14:57:58,11.04,0.01,717,791567,买盘
27,14:57:53,11.03,--,20,22060,卖盘
28,14:57:47,11.03,--,16,17648,卖盘
29,14:57:43,11.03,--,31,34700,买盘
30,14:57:38,11.03,0.01,5,5515,买盘
31,14:57:32,11.02,-0.01,134,147668,卖盘
32,14:57:28,11.03,--,15,16545,买盘
33,14:57:23,11.03,--,28,30884,买盘
34,14:57:17,11.03,--,56,61768,买盘
35,14:57:13,11.03,--,39,43017,买盘
36,14:57:08,11.03,--,30,33090,买盘
37,14:57:02,11.03,--,39,43017,买盘
38,14:56:58,11.03,--,48,52944,买盘
39,14:56:53,11.03,--,85,93755,买盘
40,14:56:47,11.03,0.01,5,5515,买盘
41,14:56:43,11.02,--,13,14326,卖盘
42,14:56:38,11.02,-0.01,8,8816,卖盘
43,14:56:32,11.03,0.01,133,146699,买盘
44,14:56:28,11.02,--,33,36366,买盘
45,14:56:23,11.02,--,15,16530,买盘
46,14:56:17,11.02,--,13,14326,买盘
47,14:56:13,11.02,--,121,133342,买盘
48,14:56:08,11.02,--,149,164198,买盘
49,14:56:02,11.02,0.01,11,12122,买盘
50,14:55:58,11.01,-0.01,147,161847,卖盘
51,14:55:53,11.02,0.01,40,44080,买盘
52,14:55:47,11.01,--,86,94686,卖盘
53,14:55:43,11.01,0.01,454,500844,买盘
54,14:55:32,11.0,-0.01,20,22000,卖盘
55,14:55:23,11.01,0.01,15,16515,买盘
56,14:55:17,11.0,--,13,14300,卖盘
57,14:55:13,11.0,-0.01,35,38500,卖盘
58,14:55:07,11.01,--,10,11010,买盘
59,14:55:02,11.01,0.01,131,144231,买盘
60,14:54:58,11.0,--,27,29700,卖盘
61,14:54:53,11.0,--,6,6600,卖盘
62,14:54:47,11.0,-0.01,70,77000,卖盘
63,14:54:43,11.01,0.01,45,49545,买盘
64,14:54:38,11.0,--,5,5500,卖盘
65,14:54:32,11.0,--,120,132000,卖盘
66,14:54:28,11.0,--,57,62700,卖盘
67,14:54:23,11.0,--,1,1100,卖盘
68,14:54:17,11.0,--,340,374792,买盘
69,14:54:12,11.0,--,87,95700,买盘
70,14:54:02,11.0,--,18,19800,买盘
71,14:53:56,11.0,--,85,93500,买盘
72,14:53:52,11.0,--,10,11000,买盘
73,14:53:47,11.0,--,80,88000,买盘
74,14:53:41,11.0,--,52,57200,买盘
75,14:53:26,11.0,--,53,58300,买盘
76,14:53:22,11.0,0.01,50,55000,买盘
77,14:53:17,10.99,-0.01,7,7693,卖盘
78,14:53:11,11.0,--,11,12100,买盘
79,14:53:02,11.0,--,7,7700,买盘
80,14:52:56,11.0,0.01,111,122100,买盘
81,14:52:47,10.99,-0.01,44,48356,卖盘
82,14:52:41,11.0,0.01,48,52800,买盘
83,14:52:37,10.99,-0.01,16,17584,卖盘
84,14:52:32,11.0,--,56,61600,买盘
85,14:52:26,11.0,--,11,12100,买盘
86,14:52:22,11.0,--,70,77000,买盘
87,14:52:16,11.0,--,3,3300,买盘
88,14:52:11,11.0,0.01,20,22000,买盘
89,14:52:07,10.99,-0.01,2,2198,卖盘
90,14:52:01,11.0,--,3,3300,买盘
91,14:51:56,11.0,--,4,4400,买盘
92,14:51:52,11.0,--,35,38500,买盘
93,14:51:46,11.0,--,2,2200,买盘
94,14:51:41,11.0,--,6,6600,买盘
95,14:51:37,11.0,--,51,56100,买盘
96,14:51:31,11.0,--,1,1100,买盘
97,14:51:26,11.0,0.01,7,7700,买盘
98,14:51:22,10.99,-0.01,234,257166,卖盘
99,14:51:16,11.0,--,135,148500,买盘
100,14:51:11,11.0,0.01,1,1100,买盘
101,14:51:07,10.99,-0.01,13,14287,卖盘
102,14:51:02,11.0,0.01,20,22000,买盘
103,14:50:56,10.99,-0.01,33,36267,卖盘
104,14:50:52,11.0,-0.01,62,68200,买盘
105,14:50:41,11.01,0.01,60,66170,买盘
106,14:50:37,11.0,-0.01,10,11000,卖盘
107,14:50:31,11.01,0.01,204,224604,买盘
108,14:50:26,11.0,--,258,283800,卖盘
109,14:50:22,11.0,--,40,44000,卖盘
110,14:50:16,11.0,-0.01,11,12100,卖盘
111,14:50:11,11.01,--,10,11010,买盘
112,14:50:07,11.01,0.01,36,39636,买盘
113,14:50:01,11.0,-0.01,36,39600,卖盘
114,14:49:56,11.01,--,30,33030,买盘
115,14:49:52,11.01,0.01,13,14313,买盘
116,14:49:41,11.0,--,5,5500,卖盘
117,14:49:37,11.0,--,27,29700,卖盘
118,14:49:31,11.0,-0.01,30,33000,卖盘
119,14:49:26,11.01,0.01,10,11010,买盘
120,14:49:22,11.0,-0.01,31,34100,卖盘
121,14:49:11,11.01,--,36,39636,买盘
122,14:49:07,11.01,0.01,78,85878,买盘
123,14:49:01,11.0,-0.01,30,33000,卖盘
124,14:48:56,11.01,0.01,49,53949,买盘
125,14:48:52,11.0,--,23,25300,卖盘
126,14:48:41,11.0,--,8,8800,卖盘
127,14:48:37,11.0,--,44,48400,卖盘
128,14:48:26,11.0,--,1,1100,卖盘
129,14:48:22,11.0,--,16,18590,买盘
130,14:48:16,11.0,--,10,11000,买盘
131,14:48:11,11.0,--,71,78100,买盘
132,14:48:06,11.0,--,118,129800,卖盘
133,14:48:01,11.0,--,9,9900,卖盘
134,14:47:56,11.0,--,11,12100,卖盘
135,14:47:52,11.0,--,22,24200,卖盘
136,14:47:46,11.0,--,29,31900,卖盘
137,14:47:41,11.0,--,10,11000,卖盘
138,14:47:36,11.0,--,12,13277,买盘
139,14:47:31,11.0,--,31,34100,买盘
140,14:47:11,11.0,--,9,9999,卖盘
141,14:47:05,11.0,-0.01,94,103400,卖盘
142,14:47:01,11.01,0.01,40,44040,买盘
143,14:46:50,11.0,-0.01,125,137500,卖盘
144,14:46:41,11.01,0.01,2,2202,买盘
145,14:46:31,11.0,--,9,9900,卖盘
146,14:46:16,11.0,--,53,59301,买盘
147,14:46:05,11.0,--,20,22000,买盘
148,14:46:01,11.0,--,23,25300,买盘
149,14:45:55,11.0,-0.01,131,144199,卖盘
150,14:45:50,11.01,0.01,20,22020,买盘
151,14:45:46,11.0,-0.01,31,34100,卖盘
152,14:45:31,11.01,--,67,73767,买盘
153,14:45:25,11.01,0.01,5,5505,买盘
154,14:45:20,11.0,--,28,31801,买盘
155,14:45:16,11.0,--,22,24299,卖盘
156,14:45:10,11.0,-0.01,20,22000,卖盘
157,14:45:05,11.01,0.01,68,74868,买盘
158,14:45:01,11.0,-0.01,10,11000,卖盘
159,14:44:50,11.01,--,21,23121,买盘
160,14:44:46,11.01,0.01,39,42939,买盘
161,14:44:40,11.0,--,11,12100,卖盘
162,14:44:35,11.0,--,5,5500,卖盘
163,14:44:25,11.0,--,15,16500,卖盘
164,14:44:20,11.0,--,64,71401,卖盘
165,14:44:16,11.0,0.01,85,93500,买盘
166,14:44:05,10.99,--,51,56049,卖盘
167,14:44:01,10.99,-0.01,13,14287,卖盘
168,14:43:46,11.0,--,6,6600,买盘
169,14:43:40,11.0,--,2,2200,买盘
170,14:43:35,11.0,--,97,106700,卖盘
171,14:43:31,11.0,-0.01,5,5500,卖盘
172,14:43:20,11.01,0.01,1,1101,买盘
173,14:43:01,11.0,--,2,2200,卖盘
174,14:42:55,11.0,-0.01,20,22000,卖盘
175,14:42:50,11.01,0.01,2,2202,买盘
176,14:42:35,11.0,--,31,34100,买盘
177,14:42:31,11.0,-0.01,39,42900,卖盘
178,14:42:25,11.01,0.01,100,110100,买盘
179,14:42:20,11.0,--,16,17600,卖盘
180,14:42:16,11.0,--,50,55000,卖盘
181,14:42:05,11.0,--,60,66000,卖盘
182,14:42:00,11.0,-0.01,17,18700,卖盘
183,14:41:55,11.01,0.01,50,55050,买盘
184,14:41:50,11.0,--,8,8800,卖盘
185,14:41:46,11.0,--,49,53900,卖盘
186,14:41:35,11.0,--,32,35200,买盘
187,14:41:30,11.0,--,17,18700,买盘
188,14:41:20,11.0,--,1,1100,买盘
189,14:41:15,11.0,-0.01,10,11000,卖盘
190,14:41:10,11.01,--,8,8808,买盘
191,14:41:05,11.01,--,30,33030,买盘
192,14:41:00,11.01,0.01,30,33030,买盘
193,14:40:50,11.0,--,13,14300,卖盘
194,14:40:35,11.0,--,67,73700,买盘
195,14:40:30,11.0,--,53,58300,买盘
196,14:40:20,11.0,--,297,326700,买盘
197,14:40:15,11.0,0.01,20,22000,买盘
198,14:40:10,10.99,--,5,5495,卖盘
199,14:39:59,10.99,--,69,75831,买盘
200,14:39:55,10.99,--,8,8792,买盘
201,14:39:49,10.99,--,10,10990,买盘
202,14:39:44,10.99,0.01,10,10990,买盘
203,14:39:40,10.98,-0.01,7,7686,卖盘
204,14:39:34,10.99,--,73,80227,买盘
205,14:39:29,10.99,--,102,112098,买盘
206,14:39:25,10.99,--,11,12089,买盘
207,14:39:19,10.99,--,20,21980,买盘
208,14:39:14,10.99,--,11,12089,买盘
209,14:39:10,10.99,0.01,27,29673,买盘
210,14:38:59,10.98,--,41,45018,卖盘
211,14:38:55,10.98,--,15,16470,卖盘
212,14:38:44,10.98,--,20,21960,买盘
213,14:38:40,10.98,--,2,2196,买盘
214,14:38:34,10.98,--,23,25254,卖盘
215,14:38:29,10.98,--,20,21960,卖盘
216,14:37:59,10.98,-0.01,39,43744,卖盘
217,14:37:55,10.99,--,8,8792,卖盘
218,14:37:44,10.99,--,30,32970,卖盘
219,14:37:34,10.99,--,10,10990,卖盘
220,14:37:29,10.99,--,77,84623,卖盘
221,14:37:25,10.99,--,10,10990,卖盘
222,14:37:10,10.99,--,10,10990,卖盘
223,14:36:59,10.99,--,4,4396,卖盘
224,14:36:40,10.99,-0.01,60,65940,卖盘
225,14:36:29,11.0,--,14,15400,买盘
226,14:36:25,11.0,--,18,19800,买盘
227,14:36:14,11.0,--,44,48400,买盘
228,14:36:10,11.0,0.01,10,11000,买盘
229,14:36:04,10.99,--,64,70336,卖盘
230,14:35:59,10.99,-0.01,6,6594,卖盘
231,14:35:54,11.0,--,40,44000,买盘
232,14:35:49,11.0,--,7,7700,买盘
233,14:35:44,11.0,--,101,111100,买盘
234,14:35:39,11.0,0.01,10,11000,买盘
235,14:35:34,10.99,-0.01,23,25277,卖盘
236,14:35:29,11.0,--,13,14300,买盘
237,14:35:25,11.0,--,5,5500,买盘
238,14:35:14,11.0,--,60,66000,卖盘
239,14:35:04,11.0,--,20,22000,卖盘
240,14:34:59,11.0,--,10,11000,卖盘
241,14:34:49,11.0,--,10,11000,卖盘
242,14:34:44,11.0,--,169,185900,买盘
243,14:34:39,11.0,0.01,1,1100,买盘
244,14:34:29,10.99,--,18,19782,卖盘
245,14:34:24,10.99,--,22,24353,买盘
246,14:34:19,10.99,0.01,3,3297,买盘
247,14:34:14,10.98,--,112,122976,卖盘
248,14:34:09,10.98,--,14,15372,买盘
249,14:34:04,10.98,--,20,21960,买盘
250,14:33:59,10.98,--,56,61488,买盘
251,14:33:54,10.98,0.01,12,13176,买盘
252,14:33:43,10.97,--,13,14261,买盘
253,14:33:39,10.97,--,25,27425,买盘
254,14:33:34,10.97,0.01,43,47171,买盘
255,14:33:28,10.96,--,171,188303,买盘
256,14:33:24,10.96,--,10,10960,买盘
257,14:33:19,10.96,0.01,433,474568,买盘
258,14:33:13,10.95,--,10,10950,卖盘
259,14:32:53,10.95,--,3,3285,卖盘
260,14:32:49,10.95,--,35,38325,买盘
261,14:32:38,10.95,--,44,48180,卖盘
262,14:32:23,10.95,--,201,220095,卖盘
263,14:32:19,10.95,--,140,153300,卖盘
264,14:32:13,10.95,-0.01,11,12045,卖盘
265,14:32:08,10.96,--,14,15344,买盘
266,14:31:53,10.96,0.01,27,29592,买盘
267,14:31:38,10.95,-0.01,42,45990,卖盘
268,14:31:34,10.96,--,5,5480,买盘
269,14:31:28,10.96,0.01,10,10960,买盘
270,14:31:19,10.95,-0.01,186,203670,卖盘
271,14:31:08,10.96,--,4,4384,买盘
272,14:31:04,10.96,--,16,17536,买盘
273,14:30:58,10.96,0.01,5,5480,买盘
274,14:30:53,10.95,--,75,82125,卖盘
275,14:30:49,10.95,-0.01,600,657000,卖盘
276,14:30:43,10.96,--,1,1096,买盘
277,14:30:34,10.96,0.01,13,14248,卖盘
278,14:30:19,10.95,--,0,0,卖盘
279,14:30:13,10.95,-0.01,5,5475,卖盘
280,14:30:04,10.96,--,11,12056,买盘
281,14:29:58,10.96,--,3,3288,买盘
282,14:29:53,10.96,--,12,13152,卖盘
283,14:29:38,10.96,-0.01,13,14248,卖盘
284,14:29:23,10.97,--,30,32910,买盘
285,14:29:13,10.97,0.01,101,110797,买盘
286,14:29:03,10.96,-0.01,20,21920,卖盘
287,14:28:58,10.97,0.01,16,17552,买盘
288,14:28:53,10.96,--,18,19728,卖盘
289,14:28:43,10.96,--,20,21920,卖盘
290,14:28:38,10.96,--,122,133712,买盘
291,14:28:33,10.96,--,3,3288,买盘
292,14:28:23,10.96,0.01,14,15344,买盘
293,14:28:03,10.95,-0.01,27,29564,卖盘
294,14:27:52,10.96,--,5,5480,买盘
295,14:27:48,10.96,--,22,24112,买盘
296,14:27:43,10.96,--,19,20824,买盘
297,14:27:38,10.96,0.01,18,19728,买盘
298,14:27:33,10.95,-0.01,44,48180,卖盘
299,14:27:22,10.96,--,1,1096,买盘
300,14:27:18,10.96,--,26,28496,买盘
301,14:27:13,10.96,--,10,10960,买盘
302,14:27:07,10.96,--,3,3288,买盘
303,14:27:03,10.96,--,17,18632,买盘
304,14:26:58,10.96,0.01,6,6576,买盘
305,14:26:48,10.95,--,13,14234,卖盘
306,14:26:43,10.95,--,28,30659,买盘
307,14:26:37,10.95,--,1,1095,买盘
308,14:26:33,10.95,--,52,56939,买盘
309,14:26:28,10.95,--,82,89790,买盘
310,14:26:22,10.95,--,3,3285,买盘
311,14:26:18,10.95,--,20,21900,买盘
312,14:26:13,10.95,--,3,3285,买盘
313,14:26:07,10.95,--,3,3285,买盘
314,14:26:03,10.95,--,53,58034,买盘
315,14:25:58,10.95,--,40,43800,买盘
316,14:25:52,10.95,--,9,9855,买盘
317,14:25:48,10.95,--,66,72270,买盘
318,14:25:43,10.95,--,17,18615,买盘
319,14:25:37,10.95,--,10,10950,买盘
320,14:25:32,10.95,0.01,71,77745,买盘
321,14:25:28,10.94,-0.01,97,106118,卖盘
322,14:25:17,10.95,--,82,89790,买盘
323,14:25:13,10.95,--,13,14234,买盘
324,14:24:58,10.95,0.01,52,56939,买盘
325,14:24:52,10.94,-0.01,5,5470,卖盘
326,14:24:47,10.95,0.01,63,68985,买盘
327,14:24:43,10.94,-0.01,11,12034,卖盘
328,14:24:37,10.95,--,2,2190,买盘
329,14:24:32,10.95,0.01,262,286890,买盘
330,14:24:28,10.94,-0.01,72,78768,卖盘
331,14:24:22,10.95,--,13,14234,买盘
332,14:24:13,10.95,--,37,40515,买盘
333,14:24:07,10.95,--,51,55845,买盘
334,14:24:02,10.95,0.01,5,5475,买盘
335,14:23:57,10.94,--,20,21880,卖盘
336,14:23:52,10.94,--,15,16410,卖盘
337,14:23:47,10.94,0.01,494,541201,买盘
338,14:23:42,10.93,-0.01,79,86347,卖盘
339,14:23:37,10.94,--,46,50324,买盘
340,14:23:22,10.94,-0.01,432,472608,卖盘
341,14:23:17,10.95,--,50,54750,卖盘
342,14:23:13,10.95,0.01,133,145635,买盘
343,14:23:07,10.94,--,34,37196,卖盘
344,14:22:58,10.94,--,74,80956,卖盘
345,14:22:52,10.94,--,11,12034,卖盘
346,14:22:47,10.94,--,4,4376,卖盘
347,14:22:42,10.94,-0.01,10,10940,卖盘
348,14:22:32,10.95,--,35,38325,买盘
349,14:22:17,10.95,-0.01,31,33945,卖盘
350,14:22:12,10.96,0.01,42,46032,买盘
351,14:22:02,10.95,--,59,64604,卖盘
352,14:21:57,10.95,-0.01,198,216810,卖盘
353,14:21:47,10.96,--,176,193224,卖盘
354,14:21:42,10.96,-0.01,46,50416,卖盘
355,14:21:32,10.97,--,3,3291,买盘
356,14:21:27,10.97,--,2,2194,买盘
357,14:21:22,10.97,--,16,17552,卖盘
358,14:21:17,10.97,--,62,68014,卖盘
359,14:21:12,10.97,--,57,62529,卖盘
360,14:21:07,10.97,--,270,296190,卖盘
361,14:21:01,10.97,--,50,54850,卖盘
362,14:20:57,10.97,--,41,44977,卖盘
363,14:20:52,10.97,--,29,31813,卖盘
364,14:20:46,10.97,--,37,40589,卖盘
365,14:20:42,10.97,-0.01,107,117379,卖盘
366,14:20:27,10.98,-0.01,99,108702,卖盘
367,14:20:07,10.99,--,52,58071,卖盘
368,14:20:01,10.99,--,19,20881,卖盘
369,14:19:52,10.99,--,20,21980,卖盘
370,14:19:42,10.99,-0.01,1,1099,卖盘
371,14:19:37,11.0,0.01,8,8800,买盘
372,14:19:31,10.99,--,15,16485,卖盘
373,14:19:27,10.99,--,6,6594,卖盘
374,14:19:22,10.99,--,12,13363,卖盘
375,14:19:12,10.99,-0.01,13,14287,卖盘
376,14:19:07,11.0,--,10,11000,买盘
377,14:19:01,11.0,--,1,1100,买盘
378,14:18:52,11.0,-0.01,83,92224,卖盘
379,14:18:41,11.01,0.01,60,66060,买盘
380,14:18:31,11.0,--,1,1100,卖盘
381,14:18:22,11.0,--,10,11000,卖盘
382,14:18:16,11.0,0.01,12,13376,买盘
383,14:18:11,10.99,-0.01,2,3121,卖盘
384,14:18:07,11.0,0.01,400,440737,买盘
385,14:17:56,10.99,--,5,5495,卖盘
386,14:17:52,10.99,--,3,3297,卖盘
387,14:17:41,10.99,--,2,2198,卖盘
388,14:17:36,10.99,--,11,12089,卖盘
389,14:17:26,10.99,--,7,7693,卖盘
390,14:17:21,10.99,--,11,12089,卖盘
391,14:17:06,10.99,--,39,42861,卖盘
392,14:16:56,10.99,--,10,10990,卖盘
393,14:16:51,10.99,0.01,5,5670,买盘
394,14:16:41,10.98,-0.01,33,36234,卖盘
395,14:16:36,10.99,--,13,14287,买盘
396,14:16:26,10.99,--,3,3297,买盘
397,14:16:21,10.99,--,20,21980,买盘
398,14:16:11,10.99,--,15,16485,买盘
399,14:16:06,10.99,--,20,21980,买盘
400,14:16:01,10.99,0.01,10,10990,买盘
401,14:15:51,10.98,-0.01,74,81252,卖盘
402,14:15:46,10.99,0.01,16,17584,买盘
403,14:15:41,10.98,-0.01,9,9882,卖盘
404,14:15:36,10.99,0.02,2,2198,买盘
405,14:15:26,10.97,-0.01,13,14261,卖盘
406,14:15:10,10.98,-0.01,12,13176,买盘
407,14:15:06,10.99,--,0,0,买盘
408,14:15:01,10.99,0.02,174,191226,买盘
409,14:14:55,10.97,-0.01,55,60335,卖盘
410,14:14:51,10.98,0.01,1,1098,买盘
411,14:14:41,10.97,--,10,10970,卖盘
412,14:14:36,10.97,-0.01,11,12067,卖盘
413,14:14:21,10.98,0.01,1,1098,买盘
414,14:14:16,10.97,-0.01,27,29619,卖盘
415,14:14:10,10.98,--,10,10980,买盘
416,14:13:51,10.98,--,1,1098,买盘
417,14:13:36,10.98,--,29,32764,卖盘
418,14:13:31,10.98,--,56,61488,卖盘
419,14:13:16,10.98,--,178,195444,卖盘
420,14:13:10,10.98,--,5,5490,卖盘
421,14:13:06,10.98,-0.01,35,38430,卖盘
422,14:13:01,10.99,0.01,12,13188,买盘
423,14:12:51,10.98,--,8,8784,卖盘
424,14:12:25,10.98,--,1,1098,卖盘
425,14:12:10,10.98,--,53,58194,卖盘
426,14:12:01,10.98,--,20,21960,卖盘
427,14:11:55,10.98,--,41,45018,卖盘
428,14:11:51,10.98,--,5,5490,卖盘
429,14:11:46,10.98,-0.01,5,5490,卖盘
430,14:11:35,10.99,--,26,28574,买盘
431,14:11:21,10.99,--,3,3297,买盘
432,14:11:16,10.99,--,320,351680,买盘
433,14:11:06,10.99,--,78,85722,买盘
434,14:11:01,10.99,0.01,87,95613,买盘
435,14:10:55,10.98,--,300,329400,卖盘
436,14:10:50,10.98,-0.01,20,21960,卖盘
437,14:10:46,10.99,--,15,16485,买盘
438,14:10:35,10.99,--,124,136276,买盘
439,14:10:31,10.99,0.01,10,10990,买盘
440,14:10:25,10.98,--,35,38430,卖盘
441,14:10:20,10.98,--,369,405337,卖盘
442,14:10:16,10.98,-0.01,30,32940,卖盘
443,14:10:10,10.99,0.01,3,3297,买盘
444,14:10:05,10.98,0.01,251,275598,买盘
445,14:10:00,10.97,--,13,14261,卖盘
446,14:09:50,10.97,--,58,63626,买盘
447,14:09:45,10.97,--,35,38395,买盘
448,14:09:40,10.97,--,18,19746,买盘
449,14:09:35,10.97,0.01,3,3291,买盘
450,14:09:30,10.96,-0.01,35,38360,卖盘
451,14:09:25,10.97,0.01,3,3291,买盘
452,14:09:20,10.96,--,28,30688,卖盘
453,14:09:15,10.96,-0.01,5,5480,卖盘
454,14:09:10,10.97,0.01,17,18649,买盘
455,14:09:05,10.96,-0.01,32,35072,卖盘
456,14:09:00,10.97,0.01,149,163453,买盘
457,14:08:50,10.96,--,24,26304,卖盘
458,14:08:45,10.96,--,22,24112,卖盘
459,14:08:35,10.96,0.01,26,29263,买盘
460,14:08:30,10.95,--,28,30659,买盘
461,14:08:25,10.95,-0.01,617,676534,卖盘
462,14:08:20,10.96,--,82,90047,买盘
463,14:08:15,10.96,0.01,110,120560,买盘
464,14:08:10,10.95,-0.01,20,21900,卖盘
465,14:08:00,10.96,0.01,3,3288,买盘
466,14:07:55,10.95,--,28,30659,卖盘
467,14:07:49,10.95,-0.01,5,5475,卖盘
468,14:07:45,10.96,--,7,7672,买盘
469,14:07:40,10.96,-0.01,276,303416,卖盘
470,14:07:30,10.97,0.01,5,5485,买盘
471,14:07:25,10.96,-0.01,9,9864,卖盘
472,14:07:19,10.97,--,6,6582,买盘
473,14:07:15,10.97,-0.01,56,62156,卖盘
474,14:07:10,10.98,0.01,3,3294,买盘
475,14:07:04,10.97,-0.01,100,109700,卖盘
476,14:07:00,10.98,--,44,48312,卖盘
477,14:06:55,10.98,--,50,54900,卖盘
478,14:06:49,10.98,--,10,10980,卖盘
479,14:06:45,10.98,--,10,10980,卖盘
480,14:06:40,10.98,-0.01,79,86742,卖盘
481,14:06:34,10.99,--,2,2198,买盘
482,14:06:30,10.99,0.01,18,19782,买盘
483,14:06:25,10.98,-0.01,5,5490,卖盘
484,14:06:15,10.99,--,170,186830,卖盘
485,14:06:00,10.99,-0.01,36,39564,卖盘
486,14:05:45,11.0,--,20,22000,买盘
487,14:05:40,11.0,--,167,184063,卖盘
488,14:05:30,11.0,--,110,121000,卖盘
489,14:05:09,11.0,-0.01,141,155100,卖盘
490,14:05:00,11.01,0.01,10,11010,买盘
491,14:04:55,11.0,-0.01,30,33000,卖盘
492,14:04:40,11.01,--,10,11010,买盘
493,14:04:14,11.01,0.01,10,11010,买盘
494,14:04:09,11.0,--,7,7700,卖盘
495,14:03:55,11.0,-0.01,20,22000,卖盘
496,14:03:49,11.01,--,11,12111,买盘
497,14:03:39,11.01,--,10,11010,买盘
498,14:03:24,11.01,--,1,1101,买盘
499,14:03:14,11.01,--,23,25323,卖盘
500,14:03:10,11.01,0.01,10,11010,卖盘
501,14:02:59,11.0,-0.01,100,110000,卖盘
502,14:02:54,11.01,0.01,9,9909,买盘
503,14:02:44,11.0,--,20,22000,卖盘
504,14:02:39,11.0,-0.01,6,6600,卖盘
505,14:02:19,11.01,--,6,6606,买盘
506,14:02:14,11.01,--,14,15414,买盘
507,14:01:54,11.01,--,1,1101,买盘
508,14:01:48,11.01,0.01,8,8808,买盘
509,14:01:43,11.0,--,5,5500,卖盘
510,14:01:39,11.0,--,58,63800,卖盘
511,14:01:34,11.0,--,0,0,卖盘
512,14:01:24,11.0,--,42,46200,卖盘
513,14:01:18,11.0,--,2,2200,卖盘
514,14:01:13,11.0,--,180,198000,卖盘
515,14:01:04,11.0,--,30,33000,卖盘
516,14:00:42,11.0,--,0,0,卖盘
517,14:00:39,11.0,-0.02,541,595100,卖盘
518,14:00:33,11.02,--,6,6612,卖盘
519,14:00:27,11.02,--,10,11020,卖盘
520,14:00:24,11.02,--,32,35264,卖盘
521,14:00:19,11.02,--,8,8816,卖盘
522,14:00:09,11.02,0.01,69,76038,买盘
523,13:59:57,11.01,--,1,1101,卖盘
524,13:59:54,11.01,--,5,5505,卖盘
525,13:59:39,11.01,-0.02,100,110100,卖盘
526,13:59:33,11.03,0.01,1,1103,买盘
527,13:59:27,11.02,-0.01,2,2204,卖盘
528,13:59:24,11.03,--,1,1103,买盘
529,13:59:18,11.03,--,53,58459,卖盘
530,13:59:12,11.03,--,10,11030,卖盘
531,13:59:09,11.03,--,1,1103,卖盘
532,13:59:03,11.03,--,31,34193,卖盘
533,13:58:54,11.03,-0.01,42,46326,卖盘
534,13:58:49,11.04,0.01,29,32015,买盘
535,13:58:42,11.03,--,20,22060,卖盘
536,13:58:33,11.03,--,26,28678,卖盘
537,13:58:27,11.03,--,218,240454,卖盘
538,13:58:24,11.03,--,3,3309,卖盘
539,13:58:12,11.03,--,21,23163,卖盘
540,13:58:09,11.03,-0.01,117,129050,卖盘
541,13:58:03,11.04,0.01,10,11040,买盘
542,13:57:57,11.03,-0.01,15,16545,卖盘
543,13:57:54,11.04,0.01,48,52991,买盘
544,13:57:48,11.03,-0.01,4,4412,卖盘
545,13:57:39,11.04,--,27,29807,买盘
546,13:57:27,11.04,--,20,22080,买盘
547,13:57:23,11.04,0.01,10,11040,买盘
548,13:57:18,11.03,--,2,2206,卖盘
549,13:57:12,11.03,-0.01,11,12133,卖盘
550,13:57:08,11.04,--,94,103775,卖盘
551,13:56:53,11.04,--,27,29807,卖盘
552,13:56:42,11.04,--,115,126959,买盘
553,13:56:38,11.04,--,18,19872,买盘
554,13:56:33,11.04,0.01,9,9936,买盘
555,13:56:27,11.03,-0.01,1,1103,卖盘
556,13:56:23,11.04,--,11,12143,买盘
557,13:56:12,11.04,--,66,72864,买盘
558,13:56:08,11.04,--,28,30911,买盘
559,13:55:57,11.04,0.01,20,22080,买盘
560,13:55:52,11.03,--,21,23163,卖盘
561,13:55:48,11.03,--,115,126844,卖盘
562,13:55:33,11.03,--,19,20957,卖盘
563,13:55:12,11.03,--,1,1103,卖盘
564,13:54:48,11.03,0.01,20,22060,中性盘
565,13:54:42,11.02,-0.02,55,60610,卖盘
566,13:54:33,11.04,--,6,6623,买盘
567,13:54:27,11.04,0.01,57,62927,买盘
568,13:54:21,11.03,-0.01,54,59562,卖盘
569,13:54:18,11.04,--,13,14351,买盘
570,13:54:12,11.04,--,16,17664,买盘
571,13:54:06,11.04,0.01,1,1104,买盘
572,13:54:03,11.03,-0.01,200,220600,卖盘
573,13:53:57,11.04,--,3,3311,买盘
574,13:53:51,11.04,--,1,1104,买盘
575,13:53:48,11.04,0.01,21,23184,中性盘
576,13:53:42,11.03,-0.02,113,124639,卖盘
577,13:53:36,11.05,0.01,10,11050,买盘
578,13:53:33,11.04,--,10,11040,卖盘
579,13:53:27,11.04,--,39,43056,买盘
580,13:53:18,11.04,--,50,55199,卖盘
581,13:53:12,11.04,-0.01,11,12143,卖盘
582,13:53:06,11.05,0.01,15,16575,买盘
583,13:53:03,11.04,-0.01,110,121439,卖盘
584,13:52:57,11.05,0.01,23,25415,买盘
585,13:52:48,11.04,--,10,11040,买盘
586,13:52:42,11.04,--,45,49679,卖盘
587,13:52:27,11.04,--,31,34224,卖盘
588,13:52:21,11.04,--,229,252815,卖盘
589,13:52:18,11.04,-0.01,54,59615,卖盘
590,13:52:03,11.05,--,54,59670,买盘
591,13:51:57,11.05,-0.01,212,234260,卖盘
592,13:51:51,11.06,--,5,5530,买盘
593,13:51:48,11.06,--,3,3318,买盘
594,13:51:42,11.06,--,123,136038,卖盘
595,13:51:36,11.06,--,40,44240,卖盘
596,13:51:33,11.06,--,155,171430,卖盘
597,13:51:27,11.06,--,58,64933,买盘
598,13:51:21,11.06,--,6,6636,买盘
599,13:51:17,11.06,0.01,61,67466,买盘
600,13:51:12,11.05,-0.01,446,493150,卖盘
601,13:51:06,11.06,--,54,60509,买盘
602,13:51:02,11.06,--,65,71890,买盘
603,13:50:57,11.06,--,41,45346,买盘
604,13:50:47,11.06,--,36,39816,买盘
605,13:50:42,11.06,--,124,137144,买盘
606,13:50:36,11.06,0.01,238,263228,买盘
607,13:50:32,11.05,--,105,116025,买盘
608,13:50:27,11.05,--,929,1027406,卖盘
609,13:50:21,11.05,-0.01,105,116654,卖盘
610,13:50:17,11.06,0.01,78,86268,买盘
611,13:50:12,11.05,--,79,87295,卖盘
612,13:50:02,11.05,--,32,35360,卖盘
613,13:49:47,11.05,0.04,3966,4383148,买盘
614,13:49:42,11.01,--,1,1101,卖盘
615,13:49:32,11.01,--,58,63858,卖盘
616,13:49:27,11.01,0.01,5,5505,卖盘
617,13:49:21,11.0,--,0,0,卖盘
618,13:49:17,11.0,-0.01,135,148500,卖盘
619,13:49:06,11.01,0.01,20,22020,买盘
620,13:49:00,11.0,--,0,0,卖盘
621,13:48:57,11.0,-0.01,1,1100,卖盘
622,13:48:42,11.01,--,1,1101,卖盘
623,13:48:36,11.01,--,2,2202,卖盘
624,13:48:27,11.01,--,82,90282,买盘
625,13:48:21,11.01,--,10,11010,买盘
626,13:48:15,11.01,0.01,44,48444,买盘
627,13:48:12,11.0,-0.01,1,1100,卖盘
628,13:47:57,11.01,0.01,78,85878,买盘
629,13:47:51,11.0,-0.01,12,13200,卖盘
630,13:47:45,11.01,--,1,1101,买盘
631,13:47:42,11.01,--,3,3303,买盘
632,13:47:15,11.01,0.01,20,22020,买盘
633,13:47:12,11.0,-0.01,2,2200,卖盘
634,13:47:06,11.01,0.01,37,40737,买盘
635,13:46:57,11.0,-0.01,1,1100,卖盘
636,13:46:42,11.01,0.01,1,1101,买盘
637,13:46:36,11.0,-0.01,14,15400,卖盘
638,13:46:15,11.01,0.01,2,2202,买盘
639,13:46:12,11.0,--,8,8800,卖盘
640,13:46:00,11.0,-0.01,73,80300,卖盘
641,13:45:51,11.01,0.01,79,86979,买盘
642,13:45:45,11.0,--,5,5500,卖盘
643,13:45:42,11.0,-0.01,2,2200,卖盘
644,13:45:30,11.01,0.01,1,1101,买盘
645,13:45:27,11.0,-0.01,1,1100,卖盘
646,13:45:21,11.01,0.01,1,1101,买盘
647,13:45:12,11.0,--,4,4400,卖盘
648,13:45:06,11.0,--,13,14575,卖盘
649,13:45:00,11.0,--,15,16500,卖盘
650,13:44:57,11.0,-0.01,9,9900,卖盘
651,13:44:51,11.01,--,17,18717,买盘
652,13:44:26,11.01,--,107,117807,卖盘
653,13:44:15,11.01,--,13,14313,卖盘
654,13:44:11,11.01,--,1,1101,卖盘
655,13:44:00,11.01,--,5,5505,中性盘
656,13:43:57,11.01,0.01,5,5505,买盘
657,13:43:51,11.0,--,24,26400,卖盘
658,13:43:26,11.0,-0.01,1,1100,卖盘
659,13:43:11,11.01,0.01,5,5505,买盘
660,13:43:06,11.0,--,5,5500,卖盘
661,13:42:56,11.0,--,4,4400,卖盘
662,13:42:45,11.0,--,0,0,卖盘
663,13:42:41,11.0,-0.02,11,12573,卖盘
664,13:42:36,11.02,0.01,177,195054,买盘
665,13:42:30,11.01,--,2,2202,买盘
666,13:42:26,11.01,-0.01,25,27910,卖盘
667,13:42:15,11.02,0.01,70,77140,买盘
668,13:42:11,11.01,--,20,22020,卖盘
669,13:42:06,11.01,--,35,39250,卖盘
670,13:41:54,11.01,-0.01,20,22020,卖盘
671,13:41:30,11.02,0.01,49,53998,买盘
672,13:41:24,11.01,-0.01,9,9909,卖盘
673,13:41:21,11.02,0.01,19,20938,买盘
674,13:41:15,11.01,-0.01,15,16515,卖盘
675,13:41:09,11.02,--,20,22040,买盘
676,13:41:06,11.02,--,10,11020,买盘
677,13:40:45,11.02,0.01,18,19836,买盘
678,13:40:39,11.01,-0.01,17,18717,卖盘
679,13:40:30,11.02,--,1,1102,买盘
680,13:40:21,11.02,--,14,16518,买盘
681,13:40:15,11.02,--,19,20938,买盘
682,13:40:06,11.02,--,5,5510,买盘
683,13:40:00,11.02,-0.01,47,51794,卖盘
684,13:39:54,11.03,--,53,58459,买盘
685,13:39:36,11.03,--,6,6618,买盘
686,13:39:30,11.03,--,8,8824,买盘
687,13:39:21,11.03,0.01,25,27575,买盘
688,13:39:15,11.02,--,1,1102,卖盘
689,13:38:54,11.02,--,3,3306,买盘
690,13:38:51,11.02,--,30,33060,买盘
691,13:38:35,11.02,--,4,4408,买盘
692,13:38:30,11.02,--,20,22040,买盘
693,13:38:24,11.02,0.01,23,25445,买盘
694,13:38:15,11.01,0.01,5,5505,买盘
695,13:38:09,11.0,--,13,14300,卖盘
696,13:38:05,11.0,--,1,1100,卖盘
697,13:38:00,11.0,--,5,5500,卖盘
698,13:37:54,11.0,--,47,51700,买盘
699,13:37:50,11.0,--,8,8800,买盘
700,13:37:45,11.0,--,296,325600,买盘
701,13:37:39,11.0,--,28,30800,买盘
702,13:37:35,11.0,--,19,20900,买盘
703,13:37:30,11.0,--,4,4400,买盘
704,13:37:20,11.0,--,121,133100,买盘
705,13:37:15,11.0,--,4,4400,买盘
706,13:37:05,11.0,0.01,3,3300,买盘
707,13:36:54,10.99,--,14,15386,买盘
708,13:36:50,10.99,0.01,428,470372,买盘
709,13:36:45,10.98,-0.01,12,13735,卖盘
710,13:36:39,10.99,-0.01,6,6594,卖盘
711,13:36:24,11.0,--,0,0,买盘
712,13:36:20,11.0,0.03,186,205227,买盘
713,13:36:15,10.97,--,12,13164,卖盘
714,13:35:50,10.97,--,15,16455,卖盘
715,13:35:39,10.97,-0.01,2,2194,卖盘
716,13:35:35,10.98,0.01,3,3294,买盘
717,13:35:30,10.97,-0.01,14,15358,卖盘
718,13:35:24,10.98,0.01,2,2196,买盘
719,13:35:15,10.97,-0.01,6,6582,卖盘
720,13:35:09,10.98,-0.01,1,1098,买盘
721,13:34:54,10.99,--,3,3297,买盘
722,13:34:45,10.99,0.02,27,29673,买盘
723,13:34:33,10.97,0.01,5,5857,买盘
724,13:34:30,10.96,-0.01,2,2192,卖盘
725,13:34:24,10.97,0.01,4,4388,买盘
726,13:34:18,10.96,--,14,15344,卖盘
727,13:34:15,10.96,--,0,0,卖盘
728,13:34:09,10.96,-0.03,352,385792,卖盘
729,13:33:48,10.99,--,1,1099,买盘
730,13:33:45,10.99,-0.01,21,23079,卖盘
731,13:33:33,11.0,0.01,60,66000,买盘
732,13:33:24,10.99,0.01,9,9891,卖盘
733,13:33:15,10.98,-0.02,26,29360,卖盘
734,13:33:09,11.0,--,13,14300,买盘
735,13:33:00,11.0,0.01,100,110000,买盘
736,13:32:54,10.99,0.01,5,5495,中性盘
737,13:32:48,10.98,--,43,47214,卖盘
738,13:32:45,10.98,--,19,20862,卖盘
739,13:32:39,10.98,--,0,0,卖盘
740,13:32:30,10.98,-0.02,40,43920,卖盘
741,13:32:24,11.0,0.02,2,2200,买盘
742,13:32:15,10.98,--,2,2196,卖盘
743,13:32:09,10.98,--,1,1098,卖盘
744,13:32:03,10.98,--,7,7686,卖盘
745,13:31:45,10.98,--,0,0,卖盘
746,13:31:39,10.98,--,5,5490,卖盘
747,13:31:30,10.98,--,40,43920,卖盘
748,13:31:24,10.98,--,1,1098,卖盘
749,13:31:18,10.98,-0.01,15,16470,卖盘
750,13:31:09,10.99,0.01,14,15386,买盘
751,13:30:59,10.98,--,0,0,卖盘
752,13:30:54,10.98,--,39,43733,卖盘
753,13:30:44,10.98,-0.02,34,37332,卖盘
754,13:30:39,11.0,0.01,8,8800,买盘
755,13:30:33,10.99,--,0,0,中性盘
756,13:30:14,10.99,--,45,49455,卖盘
757,13:30:09,10.99,-0.01,133,146167,卖盘
758,13:29:59,11.0,0.01,22,24200,买盘
759,13:29:54,10.99,-0.01,1,1099,卖盘
760,13:29:44,11.0,-0.01,488,536877,卖盘
761,13:29:39,11.01,0.01,8,8808,买盘
762,13:29:33,11.0,--,22,24475,卖盘
763,13:29:24,11.0,--,1,1100,卖盘
764,13:29:18,11.0,--,68,74800,卖盘
765,13:29:14,11.0,--,20,22000,卖盘
766,13:29:09,11.0,--,9,9900,卖盘
767,13:29:03,11.0,--,4,5148,买盘
768,13:28:59,11.0,--,1,1452,卖盘
769,13:28:54,11.0,0.01,68,75548,买盘
770,13:28:44,10.99,--,7,7693,卖盘
771,13:28:39,10.99,-0.01,1,1099,卖盘
772,13:28:33,11.0,0.01,136,149600,买盘
773,13:28:29,10.99,--,5,5495,卖盘
774,13:28:18,10.99,--,105,115395,卖盘
775,13:28:09,10.99,-0.01,4,4396,卖盘
776,13:28:03,11.0,0.01,2,2200,买盘
777,13:27:54,10.99,--,11,12089,卖盘
778,13:27:48,10.99,--,1,1099,卖盘
779,13:27:39,10.99,-0.01,12,13188,卖盘
780,13:27:33,11.0,--,104,114400,买盘
781,13:27:24,11.0,--,293,322982,卖盘
782,13:27:18,11.0,--,0,0,卖盘
783,13:27:14,11.0,--,82,90200,卖盘
784,13:27:03,11.0,--,38,41800,卖盘
785,13:26:54,11.0,--,187,205700,卖盘
786,13:26:43,11.0,--,15,16918,卖盘
787,13:26:24,11.0,-0.01,4,5082,卖盘
788,13:26:18,11.01,-0.01,31,34824,卖盘
789,13:26:08,11.02,--,7,7714,买盘
790,13:25:57,11.02,0.01,4,4408,买盘
791,13:25:54,11.01,-0.01,41,45141,卖盘
792,13:25:48,11.02,0.01,21,23142,买盘
793,13:25:38,11.01,--,10,11010,卖盘
794,13:25:33,11.01,-0.01,10,11010,卖盘
795,13:25:27,11.02,0.01,5,5510,买盘
796,13:25:23,11.01,--,7,7707,卖盘
797,13:25:08,11.01,-0.01,12,13949,卖盘
798,13:25:03,11.02,--,7,7714,买盘
799,13:24:57,11.02,0.01,5,5510,买盘
800,13:24:53,11.01,--,2,2202,卖盘
801,13:24:48,11.01,--,2,2202,卖盘
802,13:24:38,11.01,-0.01,136,149736,卖盘
803,13:24:33,11.02,--,65,71630,买盘
804,13:24:23,11.02,--,15,16530,买盘
805,13:24:12,11.02,--,3,3306,买盘
806,13:24:03,11.02,-0.01,379,418131,卖盘
807,13:23:53,11.03,--,10,11030,卖盘
808,13:23:48,11.03,--,25,27575,买盘
809,13:23:42,11.03,--,46,51190,买盘
810,13:23:38,11.03,0.01,50,55150,买盘
811,13:23:33,11.02,-0.01,9,9918,卖盘
812,13:23:18,11.03,--,134,147802,买盘
813,13:23:08,11.03,--,9,9927,买盘
814,13:23:03,11.03,--,11,12419,卖盘
815,13:22:57,11.03,--,1,1103,卖盘
816,13:22:53,11.03,--,71,78313,卖盘
817,13:22:48,11.03,--,110,121881,卖盘
818,13:22:42,11.03,--,118,130153,卖盘
819,13:22:38,11.03,--,10,11030,卖盘
820,13:22:23,11.03,--,30,33090,卖盘
821,13:22:18,11.03,-0.01,1,1103,卖盘
822,13:22:08,11.04,0.01,100,110399,买盘
823,13:21:57,11.03,--,11,12298,卖盘
824,13:21:53,11.03,-0.01,20,22060,卖盘
825,13:21:48,11.04,--,11,12143,买盘
826,13:21:33,11.04,0.01,4,4416,买盘
827,13:21:27,11.03,--,1,1103,卖盘
828,13:21:23,11.03,--,10,11030,卖盘
829,13:21:18,11.03,-0.01,2,2206,卖盘
830,13:21:12,11.04,--,3,3311,买盘
831,13:20:57,11.04,0.01,12,13247,买盘
832,13:20:53,11.03,--,43,48454,卖盘
833,13:20:48,11.03,-0.01,160,176480,卖盘
834,13:20:42,11.04,--,16,17664,买盘
835,13:20:38,11.04,0.01,30,33120,买盘
836,13:20:33,11.03,--,41,45223,卖盘
837,13:20:27,11.03,--,4,4412,卖盘
838,13:20:12,11.03,--,17,18751,卖盘
839,13:20:08,11.03,--,0,0,卖盘
840,13:20:03,11.03,-0.02,3,3309,卖盘
841,13:19:57,11.05,--,22,24310,买盘
842,13:19:48,11.05,--,5,5525,买盘
843,13:19:33,11.05,0.01,90,99450,买盘
844,13:19:27,11.04,-0.01,201,221903,中性盘
845,13:19:07,11.05,0.01,286,317046,买盘
846,13:19:03,11.04,-0.01,20,22080,卖盘
847,13:18:57,11.05,0.01,225,248625,买盘
848,13:18:51,11.04,--,13,14837,卖盘
849,13:18:48,11.04,--,16,17664,卖盘
850,13:18:42,11.04,-0.01,1,1104,卖盘
851,13:18:38,11.05,0.01,4,4420,买盘
852,13:18:27,11.04,--,24,26495,卖盘
853,13:18:21,11.04,-0.01,2,2208,卖盘
854,13:18:18,11.05,--,31,34255,买盘
855,13:18:06,11.05,--,34,38277,买盘
856,13:18:02,11.05,0.01,4,4420,买盘
857,13:17:57,11.04,--,26,28703,卖盘
858,13:17:51,11.04,--,146,161184,买盘
859,13:17:48,11.04,--,13,14351,买盘
860,13:17:42,11.04,--,15,16560,买盘
861,13:17:27,11.04,0.01,11,12143,买盘
862,13:17:17,11.03,--,21,23163,卖盘
863,13:17:12,11.03,--,5,5515,卖盘
864,13:17:02,11.03,--,10,11030,卖盘
865,13:16:57,11.03,--,7,7721,卖盘
866,13:16:51,11.03,--,20,22060,卖盘
867,13:16:42,11.03,--,1,1103,卖盘
868,13:16:36,11.03,--,24,26472,卖盘
869,13:16:21,11.03,--,13,14339,卖盘
870,13:16:17,11.03,--,55,60665,卖盘
871,13:16:12,11.03,--,5,5515,卖盘
872,13:16:02,11.03,--,14,15442,卖盘
873,13:15:57,11.03,--,2,2206,卖盘
874,13:15:41,11.03,--,27,29781,卖盘
875,13:15:32,11.03,-0.01,60,66180,卖盘
876,13:15:27,11.04,--,102,112607,买盘
877,13:15:21,11.04,--,9,9936,买盘
878,13:15:17,11.04,0.01,60,66317,买盘
879,13:15:12,11.03,-0.01,6,6618,卖盘
880,13:15:06,11.04,--,5,5520,买盘
881,13:15:02,11.04,0.01,6,6623,买盘
882,13:14:57,11.03,-0.01,1,1103,卖盘
883,13:14:36,11.04,0.01,2,2208,买盘
884,13:14:27,11.03,-0.01,350,386061,卖盘
885,13:14:21,11.04,0.01,50,55199,买盘
886,13:14:12,11.03,--,10,11030,卖盘
887,13:14:06,11.03,--,110,121330,卖盘
888,13:13:57,11.03,--,1,1103,卖盘
889,13:13:51,11.03,--,19,20957,卖盘
890,13:13:47,11.03,--,5,5515,卖盘
891,13:13:42,11.03,--,20,22060,卖盘
892,13:13:32,11.03,--,7,7721,卖盘
893,13:13:21,11.03,--,12,13236,卖盘
894,13:13:12,11.03,--,20,22060,卖盘
895,13:13:02,11.03,--,14,15442,卖盘
896,13:12:57,11.03,-0.01,11,12419,卖盘
897,13:12:41,11.04,0.01,43,47471,买盘
898,13:12:36,11.03,-0.01,52,57356,卖盘
899,13:12:26,11.04,0.01,20,22080,买盘
900,13:12:12,11.03,--,8,8824,卖盘
901,13:12:06,11.03,-0.01,15,16545,卖盘
902,13:11:56,11.04,0.01,50,55199,买盘
903,13:11:46,11.03,--,21,24067,卖盘
904,13:11:42,11.03,--,7,7721,卖盘
905,13:11:26,11.03,--,9,9927,买盘
906,13:11:21,11.03,--,20,22060,买盘
907,13:11:17,11.03,--,6,6618,买盘
908,13:11:12,11.03,0.01,14,15442,买盘
909,13:11:01,11.02,-0.01,30,33060,卖盘
910,13:10:57,11.03,-0.01,2,2206,买盘
911,13:10:50,11.04,--,32,35328,买盘
912,13:10:42,11.04,0.01,8,8832,买盘
913,13:10:35,11.03,-0.01,3,3309,卖盘
914,13:10:29,11.04,0.01,7,7727,买盘
915,13:10:27,11.03,-0.01,21,23163,卖盘
916,13:10:21,11.04,0.01,49,54095,买盘
917,13:10:14,11.03,-0.01,4,4412,卖盘
918,13:10:11,11.04,0.01,10,11040,买盘
919,13:10:00,11.03,-0.01,10,11030,卖盘
920,13:09:56,11.04,--,310,342240,买盘
921,13:09:45,11.04,0.01,15,16560,买盘
922,13:09:36,11.03,0.01,14,15442,买盘
923,13:09:29,11.02,--,0,0,卖盘
924,13:09:26,11.02,--,16,17907,卖盘
925,13:09:20,11.02,-0.01,10,11020,卖盘
926,13:09:14,11.03,--,104,114712,买盘
927,13:09:11,11.03,0.01,7,7721,买盘
928,13:08:59,11.02,--,0,0,卖盘
929,13:08:56,11.02,-0.01,56,62626,卖盘
930,13:08:50,11.03,--,60,66180,卖盘
931,13:08:45,11.03,--,6,6618,卖盘
932,13:08:41,11.03,--,5,5515,卖盘
933,13:08:35,11.03,--,7,7721,卖盘
934,13:08:26,11.03,--,0,0,中性盘
935,13:08:20,11.03,--,10,11030,买盘
936,13:08:11,11.03,--,20,22060,买盘
937,13:07:59,11.03,0.01,35,38605,买盘
938,13:07:44,11.02,--,25,27550,卖盘
939,13:07:41,11.02,--,0,0,卖盘
940,13:07:29,11.02,-0.01,40,44080,卖盘
941,13:07:26,11.03,--,10,11030,卖盘
942,13:07:20,11.03,--,72,79416,买盘
943,13:07:05,11.03,0.01,8,8824,中性盘
944,13:06:59,11.02,-0.01,9,10270,卖盘
945,13:06:50,11.03,--,3,3309,卖盘
946,13:06:35,11.03,--,5,5515,卖盘
947,13:06:29,11.03,--,5,5515,卖盘
948,13:06:26,11.03,--,48,52944,卖盘
949,13:06:20,11.03,--,4,4412,卖盘
950,13:06:14,11.03,-0.01,60,66180,卖盘
951,13:06:11,11.04,0.01,11,12143,买盘
952,13:06:05,11.03,--,5,5515,卖盘
953,13:05:59,11.03,--,10,11030,卖盘
954,13:05:44,11.03,-0.01,3,3309,卖盘
955,13:05:41,11.04,0.01,30,33120,买盘
956,13:05:35,11.03,-0.01,175,193863,卖盘
957,13:05:29,11.04,0.01,40,44160,买盘
958,13:05:20,11.03,--,7,7721,卖盘
959,13:05:14,11.03,--,20,22060,卖盘
960,13:05:05,11.03,0.01,19,20957,买盘
961,13:04:50,11.02,--,9,9918,卖盘
962,13:04:44,11.02,--,0,0,中性盘
963,13:04:41,11.02,--,11,12122,买盘
964,13:04:35,11.02,--,7,7714,买盘
965,13:04:29,11.02,--,6,6612,卖盘
966,13:04:20,11.02,--,7,7714,买盘
967,13:04:14,11.02,0.01,3,3306,买盘
968,13:04:11,11.01,-0.01,17,18717,卖盘
969,13:04:05,11.02,0.01,10,11020,卖盘
970,13:03:59,11.01,--,0,0,卖盘
971,13:03:56,11.01,-0.03,1,1101,卖盘
972,13:03:50,11.04,--,12,13247,买盘
973,13:03:44,11.04,0.03,9,9936,买盘
974,13:03:35,11.01,--,5,5505,卖盘
975,13:03:29,11.01,-0.01,22,24904,卖盘
976,13:03:20,11.02,-0.03,30,33060,卖盘
977,13:03:14,11.05,0.03,3,3315,买盘
978,13:03:10,11.02,-0.03,12,13224,卖盘
979,13:03:05,11.05,0.03,11,12155,买盘
980,13:02:59,11.02,-0.03,9,9918,卖盘
981,13:02:53,11.05,0.04,10,11050,买盘
982,13:02:35,11.01,-0.04,20,22526,卖盘
983,13:02:29,11.05,--,12,13260,买盘
984,13:02:23,11.05,--,0,0,买盘
985,13:02:20,11.05,--,387,427635,买盘
986,13:02:08,11.05,--,53,58565,买盘
987,13:02:05,11.05,--,203,224845,卖盘
988,13:01:59,11.05,--,46,50830,卖盘
989,13:01:53,11.05,-0.01,1,1105,卖盘
990,13:01:50,11.06,0.01,37,40922,买盘
991,13:01:44,11.05,--,53,58565,卖盘
992,13:01:35,11.05,--,768,849214,买盘
993,13:01:29,11.05,--,78,86190,买盘
994,13:01:20,11.05,0.05,31,34255,买盘
995,13:01:08,11.0,-0.05,1,1100,卖盘
996,13:01:05,11.05,0.04,1000,1105000,买盘
997,13:00:59,11.01,--,34,37434,买盘
998,13:00:53,11.01,0.01,9,9909,买盘
999,13:00:50,11.0,--,15,16500,卖盘
1000,13:00:38,11.0,--,5,5500,卖盘
1001,13:00:23,11.0,--,1,1100,卖盘
1002,13:00:14,11.0,--,9,10725,卖盘
1003,13:00:08,11.0,--,129,141900,卖盘
1004,13:00:05,11.0,0.03,720,792275,买盘
1005,11:30:00,10.97,--,0,0,买盘
1006,11:29:59,10.97,--,0,0,买盘
1007,11:29:51,10.97,0.01,7,7679,买盘
1008,11:29:46,10.96,-0.01,1,1096,卖盘
1009,11:29:40,10.97,--,2,2194,买盘
1010,11:29:31,10.97,0.01,25,27787,买盘
1011,11:29:21,10.96,-0.01,4,4384,卖盘
1012,11:29:06,10.97,0.01,1,1097,买盘
1013,11:29:01,10.96,-0.01,1,1096,卖盘
1014,11:28:51,10.97,--,4,4388,买盘
1015,11:28:46,10.97,-0.01,117,128930,卖盘
1016,11:28:21,10.98,0.01,9,9882,买盘
1017,11:28:16,10.97,-0.01,17,18649,卖盘
1018,11:28:00,10.98,--,27,29646,买盘
1019,11:27:54,10.98,--,7,7686,买盘
1020,11:27:51,10.98,--,20,21960,买盘
1021,11:27:45,10.98,--,2,2196,买盘
1022,11:27:39,10.98,0.01,6,6588,买盘
1023,11:27:36,10.97,-0.01,12,13383,卖盘
1024,11:27:31,10.98,--,5,5490,买盘
1025,11:27:24,10.98,--,5,5490,买盘
1026,11:27:16,10.98,--,10,10980,买盘
1027,11:27:09,10.98,-0.01,120,132100,卖盘
1028,11:27:00,10.99,0.01,12,13188,买盘
1029,11:26:54,10.98,-0.01,5,5490,卖盘
1030,11:26:51,10.99,--,8,8792,买盘
1031,11:26:31,10.99,--,8,8792,买盘
1032,11:26:21,10.99,0.01,24,27343,买盘
1033,11:26:15,10.98,-0.01,1,1098,卖盘
1034,11:26:09,10.99,0.01,11,12089,买盘
1035,11:26:06,10.98,--,8,8784,卖盘
1036,11:26:00,10.98,-0.01,32,35136,卖盘
1037,11:25:55,10.99,0.01,20,21980,买盘
1038,11:25:50,10.98,--,40,43920,卖盘
1039,11:25:45,10.98,-0.01,10,10980,卖盘
1040,11:25:39,10.99,0.01,3,3297,买盘
1041,11:25:30,10.98,-0.01,1,1098,卖盘
1042,11:25:24,10.99,0.01,3,3297,买盘
1043,11:25:20,10.98,--,8,8784,卖盘
1044,11:25:15,10.98,-0.01,5,5490,卖盘
1045,11:25:05,10.99,0.01,6,6594,买盘
1046,11:25:00,10.98,-0.01,10,11869,卖盘
1047,11:24:54,10.99,--,13,14287,买盘
1048,11:24:50,10.99,0.01,76,83524,买盘
1049,11:24:45,10.98,-0.01,1,1098,卖盘
1050,11:24:24,10.99,0.01,10,10990,买盘
1051,11:24:20,10.98,--,8,8784,买盘
1052,11:24:15,10.98,0.01,2,2196,中性盘
1053,11:24:05,10.97,-0.01,59,64723,卖盘
1054,11:24:00,10.98,--,1,1098,卖盘
1055,11:23:34,10.98,-0.01,56,61488,卖盘
1056,11:23:30,10.99,0.01,400,439600,买盘
1057,11:23:24,10.98,--,5,5490,卖盘
1058,11:23:18,10.98,--,2,2196,卖盘
1059,11:23:15,10.98,--,23,25550,卖盘
1060,11:23:09,10.98,--,20,21960,卖盘
1061,11:23:00,10.98,--,26,28548,卖盘
1062,11:22:54,10.98,--,25,27450,买盘
1063,11:22:39,10.98,--,2,2196,卖盘
1064,11:22:33,10.98,--,6,6588,卖盘
1065,11:22:30,10.98,0.01,1,1098,卖盘
1066,11:22:15,10.97,--,0,0,卖盘
1067,11:22:09,10.97,--,0,0,卖盘
1068,11:22:00,10.97,-0.01,21,23037,卖盘
1069,11:21:54,10.98,-0.02,45,49607,卖盘
1070,11:21:39,11.0,0.02,259,285802,买盘
1071,11:21:30,10.98,-0.01,4,4392,卖盘
1072,11:21:18,10.99,0.01,3,3297,买盘
1073,11:21:15,10.98,0.01,37,40626,买盘
1074,11:21:00,10.97,-0.01,3,3291,卖盘
1075,11:20:54,10.98,0.02,10,10980,买盘
1076,11:20:39,10.96,-0.02,8,8768,卖盘
1077,11:20:33,10.98,0.02,8,8784,买盘
1078,11:20:30,10.96,-0.02,38,41932,卖盘
1079,11:20:24,10.98,--,62,68076,买盘
1080,11:20:18,10.98,--,8,8784,买盘
1081,11:20:03,10.98,--,14,15372,买盘
1082,11:20:00,10.98,--,9,9882,卖盘
1083,11:19:54,10.98,--,10,10980,卖盘
1084,11:19:45,10.98,-0.01,52,57096,卖盘
1085,11:19:39,10.99,0.01,20,21980,买盘
1086,11:19:33,10.98,--,7,7686,买盘
1087,11:19:30,10.98,--,10,10980,卖盘
1088,11:19:18,10.98,--,10,10980,卖盘
1089,11:19:15,10.98,0.01,24,26352,买盘
1090,11:19:09,10.97,-0.01,1,1097,卖盘
1091,11:19:03,10.98,--,10,10980,卖盘
1092,11:18:54,10.98,--,17,18666,卖盘
1093,11:18:45,10.98,0.02,10,10980,买盘
1094,11:18:30,10.96,--,13,14248,买盘
1095,11:18:24,10.96,0.01,16,17536,买盘
1096,11:18:18,10.95,--,1,1095,卖盘
1097,11:18:15,10.95,-0.01,40,43800,卖盘
1098,11:18:09,10.96,0.02,58,63568,买盘
1099,11:17:54,10.94,--,400,437600,卖盘
1100,11:17:48,10.94,-0.05,10,10940,卖盘
1101,11:17:44,10.99,0.05,110,120890,买盘
1102,11:17:39,10.94,--,22,24155,卖盘
1103,11:17:33,10.94,--,111,121434,卖盘
1104,11:17:29,10.94,-0.01,8,8752,卖盘
1105,11:17:24,10.95,--,17,18615,买盘
1106,11:17:18,10.95,-0.01,112,122639,卖盘
1107,11:17:03,10.96,0.02,21,23016,买盘
1108,11:16:57,10.94,--,0,0,卖盘
1109,11:16:54,10.94,-0.02,75,82050,卖盘
1110,11:16:42,10.96,--,16,17536,买盘
1111,11:16:39,10.96,-0.01,162,178549,卖盘
1112,11:16:24,10.97,--,12,13164,卖盘
1113,11:16:18,10.97,-0.02,22,24134,卖盘
1114,11:16:12,10.99,-0.01,37,40663,买盘
1115,11:16:09,11.0,--,0,0,买盘
1116,11:16:03,11.0,--,10,11000,买盘
1117,11:15:54,11.0,0.05,14,15400,买盘
1118,11:15:48,10.95,-0.02,300,328500,卖盘
1119,11:15:42,10.97,0.02,11,12791,卖盘
1120,11:15:39,10.95,--,0,0,卖盘
1121,11:15:33,10.95,-0.06,385,421575,卖盘
1122,11:15:27,11.01,0.04,10,11010,买盘
1123,11:15:18,10.97,-0.05,38,41686,卖盘
1124,11:15:12,11.02,-0.02,10,11020,买盘
1125,11:15:09,11.04,--,0,0,买盘
1126,11:14:57,11.04,--,0,0,买盘
1127,11:14:54,11.04,0.08,308,340032,买盘
1128,11:14:48,10.96,--,0,0,卖盘
1129,11:14:39,10.96,-0.06,20,21920,卖盘
1130,11:14:33,11.02,0.05,1020,1124040,买盘
1131,11:14:27,10.97,0.01,4,4388,买盘
1132,11:14:23,10.96,-0.01,3,3288,卖盘
1133,11:14:12,10.97,0.01,31,34007,买盘
1134,11:14:03,10.96,-0.01,21,23476,卖盘
1135,11:13:57,10.97,--,30,32910,买盘
1136,11:13:54,10.97,--,8,8776,买盘
1137,11:13:48,10.97,--,1,1097,买盘
1138,11:13:38,10.97,-0.01,44,48300,卖盘
1139,11:13:33,10.98,--,9,9882,买盘
1140,11:13:27,10.98,--,0,0,中性盘
1141,11:13:23,10.98,--,0,0,卖盘
1142,11:13:03,10.98,0.01,7,7686,买盘
1143,11:12:48,10.97,--,9,10761,卖盘
1144,11:12:39,10.97,--,3,3291,卖盘
1145,11:12:33,10.97,0.01,3,3466,买盘
1146,11:12:24,10.96,--,0,10,卖盘
1147,11:12:18,10.96,-0.01,38,41648,卖盘
1148,11:12:08,10.97,--,1,1097,买盘
1149,11:12:03,10.97,0.01,2,2194,买盘
1150,11:11:53,10.96,-0.01,10,10960,卖盘
1151,11:11:48,10.97,--,7,8600,卖盘
1152,11:11:42,10.97,-0.01,2,2194,卖盘
1153,11:11:38,10.98,--,8,8784,买盘
1154,11:11:33,10.98,--,10,10980,买盘
1155,11:11:27,10.98,0.01,34,37332,买盘
1156,11:11:23,10.97,--,49,53753,卖盘
1157,11:11:18,10.97,-0.01,100,109700,卖盘
1158,11:11:03,10.98,0.01,10,10980,买盘
1159,11:10:57,10.97,-0.01,68,74815,卖盘
1160,11:10:42,10.98,--,3,3294,卖盘
1161,11:10:36,10.98,--,10,10980,卖盘
1162,11:10:18,10.98,--,59,64782,卖盘
1163,11:10:06,10.98,--,27,29646,卖盘
1164,11:10:03,10.98,--,5,5490,卖盘
1165,11:09:51,10.98,--,11,12154,卖盘
1166,11:09:48,10.98,--,1,1098,卖盘
1167,11:09:21,10.98,-0.01,8,8784,卖盘
1168,11:09:18,10.99,0.01,5,5495,买盘
1169,11:09:12,10.98,--,20,21960,卖盘
1170,11:09:06,10.98,--,16,17568,卖盘
1171,11:09:03,10.98,--,107,118573,买盘
1172,11:08:57,10.98,0.01,10,10980,中性盘
1173,11:08:51,10.97,-0.01,7,7679,卖盘
1174,11:08:48,10.98,-0.01,116,128455,卖盘
1175,11:08:36,10.99,--,3,3297,买盘
1176,11:08:33,10.99,-0.01,3,3297,卖盘
1177,11:08:27,11.0,0.02,1,1100,买盘
1178,11:08:21,10.98,--,0,0,卖盘
1179,11:08:18,10.98,-0.01,22,24166,卖盘
1180,11:08:12,10.99,--,21,23079,卖盘
1181,11:08:02,10.99,-0.01,9,9891,卖盘
1182,11:07:57,11.0,--,4,4400,买盘
1183,11:07:42,11.0,--,3,3300,买盘
1184,11:07:33,11.0,--,119,131692,卖盘
1185,11:07:27,11.0,--,120,132000,卖盘
1186,11:07:21,11.0,--,38,41800,卖盘
1187,11:07:17,11.0,--,92,101200,卖盘
1188,11:07:12,11.0,--,61,67100,卖盘
1189,11:07:06,11.0,--,200,220000,卖盘
1190,11:07:02,11.0,-0.01,30,33000,卖盘
1191,11:06:57,11.01,0.01,13,14313,买盘
1192,11:06:51,11.0,-0.01,4,4400,卖盘
1193,11:06:42,11.01,0.01,174,191574,买盘
1194,11:06:36,11.0,--,6,6600,卖盘
1195,11:06:32,11.0,--,3,3300,卖盘
1196,11:06:27,11.0,--,10,11000,卖盘
1197,11:06:18,11.0,0.01,179,197208,买盘
1198,11:06:12,10.99,--,13,15100,买盘
1199,11:06:02,10.99,-0.01,5,5495,中性盘
1200,11:05:57,11.0,--,3,3300,买盘
1201,11:05:47,11.0,--,20,22000,买盘
1202,11:05:36,11.0,--,5,5500,买盘
1203,11:05:32,11.0,--,237,260766,卖盘
1204,11:05:27,11.0,-0.01,7,7700,卖盘
1205,11:05:17,11.01,--,5,5505,买盘
1206,11:05:12,11.01,0.01,89,97989,买盘
1207,11:05:02,11.0,-0.01,54,59400,卖盘
1208,11:04:51,11.01,0.01,35,38535,买盘
1209,11:04:42,11.0,--,10,11000,卖盘
1210,11:04:21,11.0,0.03,772,850234,买盘
1211,11:04:15,10.97,--,25,27425,卖盘
1212,11:03:57,10.97,-0.01,25,27425,卖盘
1213,11:03:51,10.98,0.01,25,27450,买盘
1214,11:03:42,10.97,--,298,326906,卖盘
1215,11:03:36,10.97,--,14,15599,卖盘
1216,11:03:30,10.97,-0.01,2,2194,卖盘
1217,11:03:21,10.98,0.01,16,17568,买盘
1218,11:03:12,10.97,--,16,17552,卖盘
1219,11:03:06,10.97,-0.01,7,7679,卖盘
1220,11:02:57,10.98,0.01,12,13176,买盘
1221,11:02:51,10.97,-0.01,11,12067,卖盘
1222,11:02:36,10.98,--,4,4392,买盘
1223,11:02:21,10.98,--,15,16470,买盘
1224,11:02:15,10.98,--,19,20927,卖盘
1225,11:02:12,10.98,--,10,10980,卖盘
1226,11:02:06,10.98,-0.01,26,29492,卖盘
1227,11:02:00,10.99,0.01,1,1099,买盘
1228,11:01:57,10.98,--,112,122976,卖盘
1229,11:01:45,10.98,--,3,3294,卖盘
1230,11:01:41,10.98,--,20,21960,卖盘
1231,11:01:36,10.98,--,2,2196,卖盘
1232,11:01:27,10.98,-0.01,30,32940,卖盘
1233,11:01:00,10.99,0.01,39,42861,买盘
1234,11:00:51,10.98,--,7,7686,卖盘
1235,11:00:41,10.98,-0.01,7,7686,卖盘
1236,11:00:30,10.99,0.01,1,1099,买盘
1237,11:00:26,10.98,-0.01,11,12627,卖盘
1238,11:00:21,10.99,--,5,5495,买盘
1239,11:00:11,10.99,--,9,9891,买盘
1240,11:00:06,10.99,0.01,128,140672,买盘
1241,11:00:00,10.98,-0.01,25,27450,卖盘
1242,10:59:51,10.99,0.01,1,1099,买盘
1243,10:59:41,10.98,--,25,27450,卖盘
1244,10:59:36,10.98,-0.01,1,1098,卖盘
1245,10:59:30,10.99,0.01,1,1099,买盘
1246,10:59:26,10.98,-0.01,27,30282,卖盘
1247,10:59:11,10.99,--,8,8792,卖盘
1248,10:59:06,10.99,--,21,23079,卖盘
1249,10:59:00,10.99,0.01,50,54950,卖盘
1250,10:58:45,10.98,-0.02,1,1098,卖盘
1251,10:58:41,11.0,0.02,55,60500,买盘
1252,10:58:36,10.98,--,0,0,卖盘
1253,10:58:30,10.98,-0.02,29,31842,卖盘
1254,10:58:26,11.0,0.01,136,149600,买盘
1255,10:58:21,10.99,-0.01,2,2198,卖盘
1256,10:58:00,11.0,--,2,2200,买盘
1257,10:57:36,11.0,0.01,1,1100,买盘
1258,10:57:30,10.99,--,4,4396,卖盘
1259,10:57:21,10.99,--,1,1099,卖盘
1260,10:57:15,10.99,--,6,7671,买盘
1261,10:57:06,10.99,--,34,37366,买盘
1262,10:56:55,10.99,0.01,18,19782,买盘
1263,10:56:51,10.98,-0.01,10,11089,卖盘
1264,10:56:45,10.99,--,13,14287,买盘
1265,10:56:36,10.99,--,31,34090,卖盘
1266,10:56:30,10.99,--,11,12089,卖盘
1267,10:56:26,10.99,--,22,25255,卖盘
1268,10:56:21,10.99,--,5,5495,卖盘
1269,10:56:00,10.99,-0.01,1,1099,卖盘
1270,10:55:51,11.0,--,31,34100,买盘
1271,10:55:36,11.0,0.01,28,30800,买盘
1272,10:55:30,10.99,--,20,21980,卖盘
1273,10:55:21,10.99,--,5,5495,卖盘
1274,10:55:15,10.99,--,1,1099,卖盘
1275,10:55:06,10.99,0.01,24,26376,买盘
1276,10:55:00,10.98,-0.01,61,66978,卖盘
1277,10:54:54,10.99,--,20,21980,买盘
1278,10:54:50,10.99,--,8,8792,买盘
1279,10:54:45,10.99,0.01,33,36267,买盘
1280,10:54:35,10.98,--,9,9882,卖盘
1281,10:54:30,10.98,-0.01,1,1098,卖盘
1282,10:54:20,10.99,0.01,10,10990,买盘
1283,10:54:06,10.98,-0.01,28,30974,中性盘
1284,10:54:00,10.99,0.02,123,135177,买盘
1285,10:53:54,10.97,-0.01,51,55947,卖盘
1286,10:53:51,10.98,0.01,64,70272,买盘
1287,10:53:45,10.97,-0.01,4,4388,卖盘
1288,10:53:36,10.98,--,1,1098,买盘
1289,10:53:15,10.98,0.01,27,30601,买盘
1290,10:53:09,10.97,--,4,4388,卖盘
1291,10:53:00,10.97,-0.01,1,1097,卖盘
1292,10:52:54,10.98,--,8,8784,买盘
1293,10:52:45,10.98,0.01,1,1098,买盘
1294,10:52:39,10.97,--,10,10970,卖盘
1295,10:52:35,10.97,-0.02,1,1097,卖盘
1296,10:52:30,10.99,0.02,5,5495,买盘
1297,10:52:15,10.97,-0.02,1,1097,卖盘
1298,10:52:00,10.99,0.02,4,4396,买盘
1299,10:51:45,10.97,-0.02,26,28522,卖盘
1300,10:51:35,10.99,0.02,26,28574,买盘
1301,10:51:24,10.97,-0.01,135,148095,卖盘
1302,10:51:20,10.98,--,0,0,卖盘
1303,10:51:15,10.98,--,12,13176,卖盘
1304,10:51:09,10.98,-0.01,47,51891,卖盘
1305,10:51:00,10.99,--,31,34069,卖盘
1306,10:50:50,10.99,-0.01,5,5495,卖盘
1307,10:50:45,11.0,--,20,22000,买盘
1308,10:50:35,11.0,--,0,0,中性盘
1309,10:50:30,11.0,--,7,7700,卖盘
1310,10:50:24,11.0,--,39,42900,卖盘
1311,10:50:20,11.0,--,20,22000,卖盘
1312,10:50:15,11.0,--,15,16500,卖盘
1313,10:50:09,11.0,--,25,27500,卖盘
1314,10:50:05,11.0,--,5,5500,卖盘
1315,10:50:00,11.0,--,175,193402,买盘
1316,10:49:45,11.0,--,10,11000,买盘
1317,10:49:38,11.0,0.01,33,36300,买盘
1318,10:49:33,10.99,-0.01,1,1099,卖盘
1319,10:49:24,11.0,0.01,22,24200,买盘
1320,10:49:18,10.99,-0.01,13,14287,卖盘
1321,10:49:15,11.0,--,15,16500,买盘
1322,10:48:48,11.0,0.01,16,17600,买盘
1323,10:48:39,10.99,--,13,14287,卖盘
1324,10:48:30,10.99,0.01,40,43960,买盘
1325,10:48:09,10.98,-0.01,1,1098,卖盘
1326,10:47:59,10.99,-0.01,13,14287,卖盘
1327,10:47:54,11.0,0.02,9,9900,买盘
1328,10:47:48,10.98,-0.01,214,234972,卖盘
1329,10:47:44,10.99,--,14,16155,卖盘
1330,10:47:39,10.99,--,25,27475,卖盘
1331,10:47:29,10.99,--,22,24595,卖盘
1332,10:47:24,10.99,--,102,112240,卖盘
1333,10:47:18,10.99,-0.01,1,1099,卖盘
1334,10:47:14,11.0,--,10,11000,买盘
1335,10:47:09,11.0,0.01,3,3300,买盘
1336,10:46:59,10.99,--,43,47257,卖盘
1337,10:46:54,10.99,--,2,2198,卖盘
1338,10:46:44,10.99,--,20,21980,卖盘
1339,10:46:39,10.99,--,23,25277,卖盘
1340,10:46:29,10.99,0.02,138,151662,买盘
1341,10:46:24,10.97,--,166,182102,卖盘
1342,10:46:14,10.97,--,0,0,卖盘
1343,10:46:03,10.97,--,15,16455,卖盘
1344,10:45:54,10.97,-0.01,206,225982,卖盘
1345,10:45:48,10.98,--,14,15372,卖盘
1346,10:45:44,10.98,-0.01,512,562176,卖盘
1347,10:45:24,10.99,--,42,46696,卖盘
1348,10:45:18,10.99,-0.01,181,199479,卖盘
1349,10:45:09,11.0,--,5,5500,买盘
1350,10:44:48,11.0,--,6,6600,买盘
1351,10:44:38,11.0,--,10,11000,买盘
1352,10:44:33,11.0,0.02,1,1100,买盘
1353,10:44:29,10.98,-0.02,48,53329,卖盘
1354,10:43:54,11.0,--,5,5500,买盘
1355,10:43:44,11.0,--,5,5500,买盘
1356,10:43:32,11.0,0.01,110,121000,买盘
1357,10:43:29,10.99,-0.01,38,42542,卖盘
1358,10:43:18,11.0,--,181,199100,买盘
1359,10:43:09,11.0,0.01,3,3300,买盘
1360,10:42:48,10.99,-0.01,7,7693,卖盘
1361,10:42:42,11.0,0.01,10,11000,买盘
1362,10:42:33,10.99,--,25,27475,卖盘
1363,10:42:28,10.99,-0.01,10,10990,卖盘
1364,10:42:24,11.0,0.01,10,11000,买盘
1365,10:42:18,10.99,-0.01,5,5495,卖盘
1366,10:42:09,11.0,--,13,15125,买盘
1367,10:42:03,11.0,--,88,96800,买盘
1368,10:41:54,11.0,0.01,20,22000,买盘
1369,10:41:48,10.99,-0.01,5,5495,卖盘
1370,10:41:42,11.0,0.01,20,22000,买盘
1371,10:41:39,10.99,-0.01,30,32970,卖盘
1372,10:41:33,11.0,--,19,20900,买盘
1373,10:41:24,11.0,--,3,3300,买盘
1374,10:41:18,11.0,-0.01,109,120637,卖盘
1375,10:41:08,11.01,0.01,65,71928,买盘
1376,10:41:03,11.0,--,110,121000,卖盘
1377,10:40:56,11.0,--,15,16500,卖盘
1378,10:40:54,11.0,--,102,112200,卖盘
1379,10:40:48,11.0,--,13,14300,卖盘
1380,10:40:38,11.0,-0.01,210,231000,卖盘
1381,10:40:33,11.01,--,22,24222,买盘
1382,10:40:23,11.01,--,6,6606,买盘
1383,10:40:17,11.01,--,15,16515,买盘
1384,10:40:12,11.01,--,33,36333,买盘
1385,10:40:08,11.01,--,272,299472,买盘
1386,10:40:03,11.01,--,181,199281,卖盘
1387,10:39:53,11.01,--,10,11010,卖盘
1388,10:39:48,11.01,0.02,225,247725,买盘
1389,10:39:38,10.99,--,0,0,卖盘
1390,10:39:33,10.99,-0.01,740,813853,卖盘
1391,10:39:26,11.0,--,1000,1100000,买盘
1392,10:39:18,11.0,0.01,2,2200,买盘
1393,10:39:08,10.99,--,7,7693,买盘
1394,10:39:02,10.99,0.01,252,277761,买盘
1395,10:38:41,10.98,0.01,35,38430,买盘
1396,10:38:38,10.97,--,1,1097,卖盘
1397,10:38:33,10.97,0.01,96,105312,买盘
1398,10:38:27,10.96,-0.01,1,1096,卖盘
1399,10:38:23,10.97,--,30,32910,买盘
1400,10:38:18,10.97,--,217,238421,买盘
1401,10:38:12,10.97,--,163,178811,买盘
1402,10:38:08,10.97,--,50,54850,买盘
1403,10:38:03,10.97,0.01,10,10970,买盘
1404,10:37:57,10.96,--,220,241624,买盘
1405,10:37:53,10.96,--,11,12056,买盘
1406,10:37:47,10.96,--,223,244408,买盘
1407,10:37:41,10.96,--,226,247696,买盘
1408,10:37:38,10.96,--,121,132616,买盘
1409,10:37:32,10.96,0.01,190,208240,买盘
1410,10:37:27,10.95,--,5,5475,卖盘
1411,10:37:23,10.95,--,71,78281,买盘
1412,10:37:17,10.95,--,2,2190,买盘
1413,10:37:12,10.95,0.01,225,246374,买盘
1414,10:37:08,10.94,--,58,63452,卖盘
1415,10:37:02,10.94,-0.01,30,32820,卖盘
1416,10:36:57,10.95,--,188,205860,买盘
1417,10:36:53,10.95,--,31,33945,买盘
1418,10:36:48,10.95,0.01,61,66795,买盘
1419,10:36:33,10.94,--,23,25162,卖盘
1420,10:36:26,10.94,--,25,27350,卖盘
1421,10:36:11,10.94,-0.01,22,24713,卖盘
1422,10:36:03,10.95,0.01,2,2190,买盘
1423,10:35:56,10.94,--,18,19692,卖盘
1424,10:35:53,10.94,-0.01,16,17504,卖盘
1425,10:35:37,10.95,0.01,20,21900,买盘
1426,10:35:33,10.94,-0.01,4,4376,卖盘
1427,10:35:26,10.95,--,20,21900,买盘
1428,10:35:23,10.95,--,3,3285,买盘
1429,10:35:18,10.95,--,117,128673,卖盘
1430,10:35:11,10.95,--,23,25721,卖盘
1431,10:35:07,10.95,-0.01,10,10950,卖盘
1432,10:34:57,10.96,0.01,3,3288,买盘
1433,10:34:47,10.95,--,5,5475,卖盘
1434,10:34:41,10.95,--,11,12045,卖盘
1435,10:34:27,10.95,--,24,26280,中性盘
1436,10:34:20,10.95,-0.01,5,5475,卖盘
1437,10:34:17,10.96,--,0,0,买盘
1438,10:34:11,10.96,0.01,32,35663,买盘
1439,10:34:02,10.95,--,16,17520,卖盘
1440,10:33:56,10.95,-0.01,27,30068,卖盘
1441,10:33:47,10.96,0.01,1,1096,买盘
1442,10:33:41,10.95,--,18,19710,卖盘
1443,10:33:35,10.95,--,29,31754,卖盘
1444,10:33:26,10.95,--,30,32850,卖盘
1445,10:33:20,10.95,0.01,10,10950,买盘
1446,10:33:17,10.94,-0.01,45,49230,卖盘
1447,10:33:11,10.95,0.01,13,14234,买盘
1448,10:33:02,10.94,--,118,129113,卖盘
1449,10:32:56,10.94,--,5,5470,卖盘
1450,10:32:50,10.94,--,45,49230,卖盘
1451,10:32:47,10.94,--,40,43760,卖盘
1452,10:32:41,10.94,--,61,66734,卖盘
1453,10:32:35,10.94,--,18,20140,卖盘
1454,10:32:32,10.94,-0.01,40,43760,卖盘
1455,10:32:26,10.95,--,4,4380,买盘
1456,10:32:20,10.95,--,8,8760,卖盘
1457,10:32:17,10.95,-0.01,2,2190,卖盘
1458,10:32:11,10.96,--,31,34337,卖盘
1459,10:32:05,10.96,--,11,12056,卖盘
1460,10:32:02,10.96,--,94,103758,卖盘
1461,10:31:56,10.96,-0.01,80,87680,卖盘
1462,10:31:50,10.97,0.03,6,6582,买盘
1463,10:31:47,10.94,--,0,0,卖盘
1464,10:31:41,10.94,-0.01,29,31726,卖盘
1465,10:31:35,10.95,-0.01,13,14234,买盘
1466,10:31:26,10.96,--,70,76720,卖盘
1467,10:31:20,10.96,-0.01,110,120560,中性盘
1468,10:31:17,10.97,0.01,1234,1354729,买盘
1469,10:31:11,10.96,--,4,4384,买盘
1470,10:31:05,10.96,--,105,115080,买盘
1471,10:31:02,10.96,--,30,32880,买盘
1472,10:30:56,10.96,--,13,14719,卖盘
1473,10:30:50,10.96,--,62,68324,卖盘
1474,10:30:47,10.96,0.01,34,37516,买盘
1475,10:30:41,10.95,--,40,43800,卖盘
1476,10:30:35,10.95,--,16,17520,卖盘
1477,10:30:32,10.95,--,10,10950,卖盘
1478,10:30:26,10.95,-0.01,86,94170,卖盘
1479,10:30:20,10.96,0.01,92,100832,买盘
1480,10:30:11,10.95,--,42,45990,卖盘
1481,10:30:05,10.95,--,74,81030,卖盘
1482,10:30:02,10.95,--,43,47928,卖盘
1483,10:29:56,10.95,--,23,25185,卖盘
1484,10:29:50,10.95,--,13,14924,买盘
1485,10:29:47,10.95,--,99,108405,买盘
1486,10:29:41,10.95,--,105,114974,买盘
1487,10:29:35,10.95,--,20,21900,买盘
1488,10:29:20,10.95,0.01,7,7664,买盘
1489,10:29:17,10.94,-0.01,1,1094,卖盘
1490,10:29:11,10.95,--,8,8760,买盘
1491,10:29:02,10.95,--,1621,1775334,买盘
1492,10:28:50,10.95,0.01,29,31842,买盘
1493,10:28:47,10.94,--,19,20786,买盘
1494,10:28:41,10.94,--,2,2188,买盘
1495,10:28:35,10.94,--,129,142132,卖盘
1496,10:28:31,10.94,-0.01,20,21880,卖盘
1497,10:28:20,10.95,0.01,16,17520,买盘
1498,10:28:11,10.94,-0.01,9,9846,卖盘
1499,10:28:05,10.95,--,15,16425,买盘
1500,10:27:59,10.95,0.01,10,10950,买盘
1501,10:27:56,10.94,-0.01,4,4376,卖盘
1502,10:27:50,10.95,--,2,2190,买盘
1503,10:27:44,10.95,--,12,13140,买盘
1504,10:27:41,10.95,-0.01,203,222690,卖盘
1505,10:27:35,10.96,--,9,9864,买盘
1506,10:27:26,10.96,0.01,4,4384,买盘
1507,10:27:20,10.95,-0.01,56,61319,卖盘
1508,10:27:14,10.96,0.01,192,210432,买盘
1509,10:27:11,10.95,-0.01,224,246243,卖盘
1510,10:27:05,10.96,--,22,24112,买盘
1511,10:26:59,10.96,0.01,574,629553,买盘
1512,10:26:56,10.95,-0.01,10,10950,卖盘
1513,10:26:50,10.96,--,83,90968,买盘
1514,10:26:44,10.96,--,6,6576,买盘
1515,10:26:41,10.96,0.01,12,13152,买盘
1516,10:26:35,10.95,-0.01,16,17520,卖盘
1517,10:26:29,10.96,--,94,103024,买盘
1518,10:26:20,10.96,--,110,120560,买盘
1519,10:26:14,10.96,--,11,12056,买盘
1520,10:26:05,10.96,--,22,24112,买盘
1521,10:25:59,10.96,--,11,12056,买盘
1522,10:25:56,10.96,--,1,1096,买盘
1523,10:25:50,10.96,--,24,26304,买盘
1524,10:25:44,10.96,--,62,67952,买盘
1525,10:25:41,10.96,0.01,10,10960,买盘
1526,10:25:35,10.95,--,21,23367,卖盘
1527,10:25:29,10.95,-0.01,20,21900,卖盘
1528,10:25:26,10.96,--,7,7672,买盘
1529,10:25:20,10.96,--,2,2192,买盘
1530,10:25:14,10.96,--,43,47128,买盘
1531,10:25:05,10.96,--,11,12056,买盘
1532,10:24:59,10.96,--,30,32880,买盘
1533,10:24:56,10.96,0.01,77,84392,买盘
1534,10:24:50,10.95,--,502,549690,卖盘
1535,10:24:44,10.95,--,33,36135,卖盘
1536,10:24:35,10.95,0.01,72,78840,买盘
1537,10:24:29,10.94,--,20,21880,卖盘
1538,10:24:26,10.94,--,30,32820,卖盘
1539,10:24:20,10.94,-0.01,100,110406,卖盘
1540,10:24:14,10.95,0.01,23,25185,买盘
1541,10:24:11,10.94,-0.01,18,19692,卖盘
1542,10:24:05,10.95,--,144,157680,买盘
1543,10:23:59,10.95,--,90,98725,买盘
1544,10:23:44,10.95,--,11,12045,买盘
1545,10:23:41,10.95,--,52,57027,卖盘
1546,10:23:35,10.95,--,12,13140,卖盘
1547,10:23:29,10.95,--,25,28382,卖盘
1548,10:23:26,10.95,--,25,27375,卖盘
1549,10:23:20,10.95,0.01,7,7664,买盘
1550,10:23:14,10.94,-0.01,18,19692,卖盘
1551,10:23:11,10.95,--,7,7664,买盘
1552,10:23:05,10.95,--,95,104025,卖盘
1553,10:22:59,10.95,--,60,65700,卖盘
1554,10:22:50,10.95,--,38,41610,卖盘
1555,10:22:44,10.95,--,80,87600,买盘
1556,10:22:40,10.95,--,6,6570,买盘
1557,10:22:29,10.95,0.01,7,7664,买盘
1558,10:22:25,10.94,--,9,9846,卖盘
1559,10:22:20,10.94,-0.02,16,17504,卖盘
1560,10:22:14,10.96,--,0,0,买盘
1561,10:22:05,10.96,0.02,26,28496,买盘
1562,10:21:59,10.94,-0.01,6,7406,卖盘
1563,10:21:55,10.95,--,1,1095,卖盘
1564,10:21:50,10.95,--,212,232139,买盘
1565,10:21:44,10.95,0.01,2,2190,买盘
1566,10:21:40,10.94,-0.01,10,10940,卖盘
1567,10:21:35,10.95,0.01,204,223380,买盘
1568,10:21:29,10.94,-0.01,7,7658,卖盘
1569,10:21:25,10.95,0.01,21,22995,买盘
1570,10:21:20,10.94,--,10,10940,卖盘
1571,10:21:14,10.94,-0.01,13,14222,卖盘
1572,10:21:08,10.95,0.01,10,10950,买盘
1573,10:21:05,10.94,-0.01,15,16410,卖盘
1574,10:20:59,10.95,--,8,8760,买盘
1575,10:20:53,10.95,0.01,18,19710,买盘
1576,10:20:50,10.94,--,26,28444,卖盘
1577,10:20:44,10.94,--,8,8752,卖盘
1578,10:20:38,10.94,--,33,36102,卖盘
1579,10:20:35,10.94,--,11,12766,卖盘
1580,10:20:29,10.94,--,135,148302,买盘
1581,10:20:23,10.94,--,4,4376,买盘
1582,10:20:20,10.94,--,102,111588,买盘
1583,10:20:14,10.94,--,25,27350,买盘
1584,10:20:08,10.94,--,55,60170,买盘
1585,10:20:05,10.94,--,86,94565,卖盘
1586,10:19:59,10.94,-0.01,20,21880,卖盘
1587,10:19:53,10.95,--,12,13140,买盘
1588,10:19:50,10.95,0.01,5,5475,买盘
1589,10:19:44,10.94,--,228,249880,卖盘
1590,10:19:38,10.94,--,55,60334,买盘
1591,10:19:35,10.94,--,42,45948,买盘
1592,10:19:29,10.94,--,4,4376,买盘
1593,10:19:23,10.94,0.01,63,68922,买盘
1594,10:19:14,10.93,-0.01,1,1093,卖盘
1595,10:19:08,10.94,--,93,101742,买盘
1596,10:19:05,10.94,0.02,21,22974,买盘
1597,10:18:59,10.92,-0.01,160,174720,卖盘
1598,10:18:53,10.93,-0.01,4,4372,卖盘
1599,10:18:44,10.94,0.01,55,60170,买盘
1600,10:18:38,10.93,--,27,29511,卖盘
1601,10:18:35,10.93,--,10,10930,卖盘
1602,10:18:29,10.93,--,32,34976,卖盘
1603,10:18:23,10.93,--,5,5465,卖盘
1604,10:18:20,10.93,--,26,28418,卖盘
1605,10:18:14,10.93,--,10,10930,买盘
1606,10:18:08,10.93,--,22,24046,买盘
1607,10:18:05,10.93,-0.01,127,138811,卖盘
1608,10:17:59,10.94,--,59,64546,买盘
1609,10:17:53,10.94,0.01,57,62358,买盘
1610,10:17:44,10.93,--,392,428456,买盘
1611,10:17:38,10.93,--,112,122416,买盘
1612,10:17:34,10.93,--,5,5465,买盘
1613,10:17:29,10.93,--,5,5465,买盘
1614,10:17:23,10.93,0.01,10,10930,买盘
1615,10:17:20,10.92,-0.01,10,10920,卖盘
1616,10:17:14,10.93,--,163,178159,卖盘
1617,10:17:08,10.93,--,28,30604,卖盘
1618,10:16:59,10.93,--,5,5465,卖盘
1619,10:16:53,10.93,-0.01,30,32790,卖盘
1620,10:16:50,10.94,-0.01,250,274429,卖盘
1621,10:16:35,10.95,--,51,55845,卖盘
1622,10:16:29,10.95,--,405,443475,卖盘
1623,10:16:23,10.95,--,84,91980,卖盘
1624,10:16:19,10.95,--,378,413910,卖盘
1625,10:16:14,10.95,--,12,13140,卖盘
1626,10:16:08,10.95,-0.01,135,147825,卖盘
1627,10:15:53,10.96,-0.01,199,218860,卖盘
1628,10:15:49,10.97,0.01,1,1097,买盘
1629,10:15:44,10.96,--,36,39456,卖盘
1630,10:15:38,10.96,--,21,23016,卖盘
1631,10:15:34,10.96,--,12,13152,卖盘
1632,10:15:29,10.96,--,178,195088,卖盘
1633,10:15:08,10.96,--,19,20824,卖盘
1634,10:15:04,10.96,--,38,41648,卖盘
1635,10:14:59,10.96,--,5,5480,卖盘
1636,10:14:53,10.96,--,10,10960,卖盘
1637,10:14:49,10.96,--,0,0,卖盘
1638,10:14:44,10.96,--,27,29592,卖盘
1639,10:14:38,10.96,-0.01,119,130763,卖盘
1640,10:14:34,10.97,--,8,8776,买盘
1641,10:14:29,10.97,--,24,26328,买盘
1642,10:14:23,10.97,--,20,21940,买盘
1643,10:14:19,10.97,--,2,2194,买盘
1644,10:14:08,10.97,-0.01,27,30375,卖盘
1645,10:14:02,10.98,--,10,10980,买盘
1646,10:13:59,10.98,0.01,20,21960,买盘
1647,10:13:47,10.97,--,22,24474,买盘
1648,10:13:38,10.97,--,7,7679,买盘
1649,10:13:32,10.97,-0.02,157,173172,卖盘
1650,10:13:23,10.99,0.01,20,21980,买盘
1651,10:13:17,10.98,-0.01,31,34038,卖盘
1652,10:13:08,10.99,--,73,80227,买盘
1653,10:12:53,10.99,--,1,1099,买盘
1654,10:12:47,10.99,--,67,73633,买盘
1655,10:12:44,10.99,0.01,3,3297,买盘
1656,10:12:38,10.98,-0.01,48,52704,卖盘
1657,10:12:32,10.99,--,135,148365,买盘
1658,10:12:23,10.99,--,72,79128,买盘
1659,10:12:17,10.99,0.01,3,3297,买盘
1660,10:12:08,10.98,-0.01,43,48059,卖盘
1661,10:12:02,10.99,--,52,57148,买盘
1662,10:11:53,10.99,--,13,14287,买盘
1663,10:11:47,10.99,--,4,4396,买盘
1664,10:11:44,10.99,0.01,10,10990,买盘
1665,10:11:38,10.98,-0.01,32,35136,卖盘
1666,10:11:32,10.99,--,26,28980,买盘
1667,10:11:28,10.99,0.01,8,8792,买盘
1668,10:11:23,10.98,--,66,72468,卖盘
1669,10:11:17,10.98,-0.01,25,27450,卖盘
1670,10:11:14,10.99,--,20,21980,买盘
1671,10:11:08,10.99,--,14,15386,买盘
1672,10:11:02,10.99,--,21,23079,买盘
1673,10:10:58,10.99,--,50,55851,卖盘
1674,10:10:47,10.99,-0.01,20,21980,卖盘
1675,10:10:43,11.0,--,6,6600,买盘
1676,10:10:38,11.0,0.01,18,19800,买盘
1677,10:10:32,10.99,-0.01,2,2198,卖盘
1678,10:10:23,11.0,0.02,36,39798,买盘
1679,10:10:17,10.98,-0.01,93,102344,卖盘
1680,10:10:13,10.99,--,1,1099,卖盘
1681,10:10:08,10.99,--,12,14056,买盘
1682,10:10:02,10.99,--,20,21980,买盘
1683,10:09:58,10.99,--,8,8792,买盘
1684,10:09:53,10.99,--,110,121120,卖盘
1685,10:09:47,10.99,-0.01,19,21661,卖盘
1686,10:09:32,11.0,--,2,2200,卖盘
1687,10:09:28,11.0,--,5,5500,卖盘
1688,10:09:17,11.0,0.01,25,27500,卖盘
1689,10:09:08,10.99,-0.01,27,29673,卖盘
1690,10:09:02,11.0,-0.01,20,22000,卖盘
1691,10:08:53,11.01,0.01,49,53949,中性盘
1692,10:08:47,11.0,--,253,278300,卖盘
1693,10:08:43,11.0,-0.02,1,1100,卖盘
1694,10:08:38,11.02,0.02,40,44168,买盘
1695,10:08:32,11.0,--,10,11000,卖盘
1696,10:08:28,11.0,-0.02,140,154000,卖盘
1697,10:08:17,11.02,0.02,20,22040,买盘
1698,10:08:13,11.0,-0.02,123,135300,卖盘
1699,10:08:02,11.02,--,4,4408,卖盘
1700,10:07:58,11.02,--,237,261174,卖盘
1701,10:07:53,11.02,--,81,89262,卖盘
1702,10:07:47,11.02,-0.01,39,42978,卖盘
1703,10:07:38,11.03,--,34,37502,买盘
1704,10:07:32,11.03,0.01,3,3309,买盘
1705,10:07:28,11.02,-0.02,7,7747,卖盘
1706,10:07:23,11.04,0.01,30,33120,买盘
1707,10:07:17,11.03,-0.01,63,69489,卖盘
1708,10:07:11,11.04,0.01,17,18768,买盘
1709,10:07:08,11.03,0.01,109,121296,买盘
1710,10:07:02,11.02,-0.01,52,57304,卖盘
1711,10:06:56,11.03,--,60,66180,卖盘
1712,10:06:53,11.03,--,40,44120,卖盘
1713,10:06:47,11.03,0.01,22,24266,买盘
1714,10:06:41,11.02,--,90,99180,买盘
1715,10:06:38,11.02,-0.02,17,18734,卖盘
1716,10:06:32,11.04,0.01,771,851183,买盘
1717,10:06:26,11.03,--,30,33090,买盘
1718,10:06:23,11.03,--,4,4412,买盘
1719,10:06:17,11.03,0.01,2,2206,买盘
1720,10:06:11,11.02,-0.01,99,109098,卖盘
1721,10:06:08,11.03,--,17,18751,买盘
1722,10:06:02,11.03,--,39,43017,买盘
1723,10:05:56,11.03,--,41,45223,买盘
1724,10:05:47,11.03,0.01,11,12133,买盘
1725,10:05:41,11.02,--,20,22040,卖盘
1726,10:05:26,11.02,--,3,3306,卖盘
1727,10:05:17,11.02,--,3,3306,卖盘
1728,10:05:11,11.02,0.01,501,552102,中性盘
1729,10:05:08,11.01,--,15,16515,卖盘
1730,10:05:02,11.01,-0.01,20,22020,卖盘
1731,10:04:56,11.02,0.01,49,53998,买盘
1732,10:04:47,11.01,--,8,8808,卖盘
1733,10:04:41,11.01,--,35,38535,买盘
1734,10:04:38,11.01,0.01,2,2202,买盘
1735,10:04:32,11.0,--,8,8800,卖盘
1736,10:04:22,11.0,--,53,58300,卖盘
1737,10:04:17,11.0,--,15,16500,卖盘
1738,10:04:11,11.0,-0.01,5,5500,卖盘
1739,10:04:07,11.01,0.01,1,1101,买盘
1740,10:04:02,11.0,-0.01,21,23100,卖盘
1741,10:03:56,11.01,0.01,51,56151,买盘
1742,10:03:47,11.0,-0.01,67,73700,卖盘
1743,10:03:41,11.01,-0.01,17,18717,卖盘
1744,10:03:26,11.02,-0.01,402,443004,卖盘
1745,10:03:22,11.03,0.01,20,22060,买盘
1746,10:03:11,11.02,-0.02,67,73834,卖盘
1747,10:03:07,11.04,0.02,497,548688,买盘
1748,10:03:02,11.02,-0.01,3,3306,卖盘
1749,10:02:52,11.03,-0.01,16,17648,卖盘
1750,10:02:47,11.04,0.02,119,131376,买盘
1751,10:02:41,11.02,-0.01,100,110200,卖盘
1752,10:02:37,11.03,--,34,37502,买盘
1753,10:02:32,11.03,0.01,305,336415,中性盘
1754,10:02:26,11.02,-0.02,58,63916,卖盘
1755,10:02:22,11.04,--,4,4416,买盘
1756,10:02:17,11.04,--,273,301392,买盘
1757,10:02:11,11.04,0.02,15,16560,买盘
1758,10:02:07,11.02,-0.02,50,55100,卖盘
1759,10:01:56,11.04,0.03,478,527712,买盘
1760,10:01:52,11.01,0.04,311,342411,买盘
1761,10:01:47,10.97,-0.03,32,35104,卖盘
1762,10:01:37,11.0,0.04,1000,1100000,买盘
1763,10:01:26,10.96,--,5,5480,卖盘
1764,10:01:22,10.96,0.01,461,505256,买盘
1765,10:01:11,10.95,--,7,7664,卖盘
1766,10:01:07,10.95,--,43,47085,买盘
1767,10:00:56,10.95,--,340,372300,买盘
1768,10:00:52,10.95,--,52,56939,买盘
1769,10:00:47,10.95,--,7,7664,买盘
1770,10:00:41,10.95,--,20,21900,买盘
1771,10:00:37,10.95,--,159,174105,买盘
1772,10:00:26,10.95,0.01,1,1095,买盘
1773,10:00:20,10.94,--,100,109400,卖盘
1774,10:00:17,10.94,-0.01,40,43760,卖盘
1775,10:00:11,10.95,--,26,28469,买盘
1776,10:00:05,10.95,--,30,32850,买盘
1777,10:00:02,10.95,0.01,2,2190,买盘
1778,09:59:56,10.94,-0.01,62,67828,卖盘
1779,09:59:50,10.95,--,35,38325,买盘
1780,09:59:47,10.95,--,214,234329,买盘
1781,09:59:41,10.95,--,4,4380,买盘
1782,09:59:35,10.95,0.01,1,1095,买盘
1783,09:59:32,10.94,--,2,2188,卖盘
1784,09:59:26,10.94,--,88,96436,买盘
1785,09:59:20,10.94,--,33,36102,买盘
1786,09:59:17,10.94,0.01,7,7658,买盘
1787,09:59:11,10.93,-0.01,33,36069,卖盘
1788,09:59:05,10.94,0.01,4,4376,买盘
1789,09:58:56,10.93,--,139,151927,卖盘
1790,09:58:50,10.93,-0.01,122,133346,卖盘
1791,09:58:47,10.94,--,2,2188,买盘
1792,09:58:41,10.94,--,21,22974,买盘
1793,09:58:31,10.94,--,7,7658,买盘
1794,09:58:26,10.94,0.01,30,32820,买盘
1795,09:58:20,10.93,--,1,1093,卖盘
1796,09:58:17,10.93,-0.01,37,40441,卖盘
1797,09:58:11,10.94,--,14,15316,买盘
1798,09:58:05,10.94,--,34,37196,买盘
1799,09:57:50,10.94,--,184,202225,卖盘
1800,09:57:46,10.94,--,70,76580,卖盘
1801,09:57:41,10.94,--,40,43760,卖盘
1802,09:57:35,10.94,--,20,21880,卖盘
1803,09:57:31,10.94,-0.01,109,119246,卖盘
1804,09:57:26,10.95,0.01,169,185055,买盘
1805,09:57:20,10.94,-0.01,30,32820,卖盘
1806,09:57:16,10.95,0.01,63,68985,买盘
1807,09:57:11,10.94,-0.01,64,70016,卖盘
1808,09:57:05,10.95,--,59,64604,买盘
1809,09:56:56,10.95,--,15,16425,买盘
1810,09:56:50,10.95,--,91,99645,买盘
1811,09:56:41,10.95,--,10,10950,买盘
1812,09:56:35,10.95,--,294,321930,卖盘
1813,09:56:26,10.95,-0.01,25,27375,卖盘
1814,09:56:20,10.96,--,49,53704,买盘
1815,09:56:16,10.96,--,94,103024,买盘
1816,09:56:11,10.96,--,1,1096,买盘
1817,09:56:05,10.96,0.01,12,13152,买盘
1818,09:56:01,10.95,--,344,376680,卖盘
1819,09:55:50,10.95,-0.01,18,19710,卖盘
1820,09:55:46,10.96,0.01,91,99736,买盘
1821,09:55:41,10.95,-0.01,10,10950,卖盘
1822,09:55:35,10.96,0.02,270,295920,买盘
1823,09:55:31,10.94,-0.01,110,120340,卖盘
1824,09:55:26,10.95,--,17,18615,买盘
1825,09:55:20,10.95,--,77,84315,买盘
1826,09:55:16,10.95,--,36,39420,买盘
1827,09:55:11,10.95,--,3,3285,买盘
1828,09:55:05,10.95,0.01,5,5475,买盘
1829,09:55:01,10.94,--,1069,1169650,买盘
1830,09:54:56,10.94,--,98,107212,买盘
1831,09:54:50,10.94,--,86,94084,买盘
1832,09:54:46,10.94,--,15,16410,买盘
1833,09:54:41,10.94,0.01,50,54700,买盘
1834,09:54:35,10.93,--,44,48092,卖盘
1835,09:54:31,10.93,--,69,75417,买盘
1836,09:54:26,10.93,--,4,4372,买盘
1837,09:54:20,10.93,0.01,90,98370,买盘
1838,09:54:16,10.92,-0.01,92,100464,卖盘
1839,09:54:11,10.93,--,27,29511,买盘
1840,09:54:05,10.93,0.01,65,71045,买盘
1841,09:54:01,10.92,-0.01,552,602784,卖盘
1842,09:53:56,10.93,0.01,33,36069,买盘
1843,09:53:50,10.92,-0.01,47,51324,卖盘
1844,09:53:45,10.93,--,228,249204,买盘
1845,09:53:41,10.93,--,23,25139,买盘
1846,09:53:35,10.93,--,201,219693,买盘
1847,09:53:31,10.93,--,56,61208,买盘
1848,09:53:26,10.93,--,116,126788,买盘
1849,09:53:20,10.93,--,254,277622,卖盘
1850,09:53:14,10.93,-0.01,37,40441,卖盘
1851,09:53:11,10.94,0.01,6,6564,买盘
1852,09:53:05,10.93,--,238,260134,卖盘
1853,09:52:59,10.93,--,24,26232,卖盘
1854,09:52:56,10.93,-0.01,8,8744,卖盘
1855,09:52:50,10.94,0.01,23,25162,买盘
1856,09:52:44,10.93,-0.01,81,88533,卖盘
1857,09:52:41,10.94,0.01,32,35008,买盘
1858,09:52:35,10.93,--,107,116951,卖盘
1859,09:52:29,10.93,--,157,171601,卖盘
1860,09:52:26,10.93,--,31,33883,卖盘
1861,09:52:20,10.93,-0.01,16,17488,卖盘
1862,09:52:14,10.94,--,17,18598,买盘
1863,09:52:11,10.94,--,3,3282,买盘
1864,09:52:05,10.94,--,125,136750,卖盘
1865,09:51:59,10.94,-0.01,32,35008,卖盘
1866,09:51:55,10.95,--,1,1095,买盘
1867,09:51:50,10.95,-0.01,35,38325,卖盘
1868,09:51:44,10.96,--,200,219200,卖盘
1869,09:51:40,10.96,--,20,21920,卖盘
1870,09:51:35,10.96,--,20,21920,卖盘
1871,09:51:29,10.96,--,146,160016,买盘
1872,09:51:25,10.96,--,14,15344,买盘
1873,09:51:20,10.96,--,46,50416,买盘
1874,09:51:14,10.96,0.01,51,55896,买盘
1875,09:51:10,10.95,--,139,152205,卖盘
1876,09:51:05,10.95,-0.01,147,160965,卖盘
1877,09:50:59,10.96,-0.01,154,168784,卖盘
1878,09:50:55,10.97,0.01,75,82275,买盘
1879,09:50:50,10.96,--,33,36168,卖盘
1880,09:50:40,10.96,-0.02,35,38360,卖盘
1881,09:50:35,10.98,0.01,14,15372,买盘
1882,09:50:29,10.97,-0.01,145,159065,卖盘
1883,09:50:20,10.98,-0.01,208,228384,卖盘
1884,09:50:14,10.99,--,268,294532,买盘
1885,09:50:10,10.99,--,8,8792,买盘
1886,09:50:05,10.99,0.01,29,31871,买盘
1887,09:49:59,10.98,-0.01,86,95361,卖盘
1888,09:49:55,10.99,--,350,384650,卖盘
1889,09:49:44,10.99,--,85,93415,卖盘
1890,09:49:40,10.99,-0.01,104,114296,卖盘
1891,09:49:34,11.0,0.01,72,79200,买盘
1892,09:49:29,10.99,-0.01,24,26376,卖盘
1893,09:49:25,11.0,0.01,35,38500,买盘
1894,09:49:20,10.99,-0.01,5,5495,卖盘
1895,09:49:14,11.0,0.01,130,143165,买盘
1896,09:49:10,10.99,-0.01,69,75831,卖盘
1897,09:49:05,11.0,--,35,38500,买盘
1898,09:48:59,11.0,--,84,92400,买盘
1899,09:48:55,11.0,--,121,133100,买盘
1900,09:48:50,11.0,--,15,16500,买盘
1901,09:48:44,11.0,--,50,55000,买盘
1902,09:48:40,11.0,0.01,44,48400,买盘
1903,09:48:35,10.99,--,47,51653,买盘
1904,09:48:29,10.99,--,55,60445,买盘
1905,09:48:25,10.99,-0.01,39,42861,卖盘
1906,09:48:20,11.0,0.01,85,93500,买盘
1907,09:48:14,10.99,-0.01,61,67039,中性盘
1908,09:48:10,11.0,--,52,57200,买盘
1909,09:48:05,11.0,0.01,26,28600,买盘
1910,09:47:59,10.99,-0.01,139,152761,卖盘
1911,09:47:55,11.0,0.01,28,30800,买盘
1912,09:47:50,10.99,-0.01,28,30772,卖盘
1913,09:47:44,11.0,-0.01,64,70400,卖盘
1914,09:47:40,11.01,0.01,21,23121,买盘
1915,09:47:35,11.0,-0.01,2,2200,卖盘
1916,09:47:29,11.01,--,3,3303,买盘
1917,09:47:25,11.01,-0.01,31,34131,中性盘
1918,09:47:20,11.02,0.02,19,20938,买盘
1919,09:47:14,11.0,-0.02,1785,1963500,卖盘
1920,09:47:10,11.02,--,342,376884,买盘
1921,09:47:05,11.02,--,81,89262,买盘
1922,09:46:59,11.02,0.01,9,9918,买盘
1923,09:46:55,11.01,--,30,33030,卖盘
1924,09:46:50,11.01,-0.01,36,39636,卖盘
1925,09:46:44,11.02,--,48,52896,买盘
1926,09:46:40,11.02,--,44,48488,买盘
1927,09:46:29,11.02,-0.01,36,39672,卖盘
1928,09:46:23,11.03,0.01,22,24266,买盘
1929,09:46:20,11.02,--,24,26448,卖盘
1930,09:46:14,11.02,-0.01,40,44080,卖盘
1931,09:46:08,11.03,0.01,4,4412,买盘
1932,09:46:04,11.02,--,1,1102,卖盘
1933,09:45:59,11.02,--,161,177422,卖盘
1934,09:45:53,11.02,--,3,3306,卖盘
1935,09:45:50,11.02,--,33,36366,卖盘
1936,09:45:44,11.02,-0.01,45,49590,卖盘
1937,09:45:38,11.03,--,30,33090,买盘
1938,09:45:29,11.03,--,11,12133,买盘
1939,09:45:23,11.03,--,84,92652,买盘
1940,09:45:19,11.03,-0.01,242,266926,卖盘
1941,09:45:14,11.04,0.01,25,27599,买盘
1942,09:45:08,11.03,-0.01,77,84931,卖盘
1943,09:45:05,11.04,0.01,34,37536,买盘
1944,09:44:53,11.03,--,16,17648,卖盘
1945,09:44:49,11.03,--,11,12133,卖盘
1946,09:44:44,11.03,--,47,51841,卖盘
1947,09:44:38,11.03,-0.01,25,27575,卖盘
1948,09:44:34,11.04,0.01,9,9936,买盘
1949,09:44:29,11.03,-0.02,99,109197,卖盘
1950,09:44:23,11.05,--,5,5525,买盘
1951,09:44:14,11.05,0.01,1,1105,买盘
1952,09:44:08,11.04,-0.01,100,110399,卖盘
1953,09:44:04,11.05,--,53,59228,卖盘
1954,09:43:59,11.05,--,19,20995,卖盘
1955,09:43:53,11.05,--,99,109395,卖盘
1956,09:43:49,11.05,-0.01,49,54145,卖盘
1957,09:43:43,11.06,0.01,2,2212,买盘
1958,09:43:34,11.05,--,10,11050,卖盘
1959,09:43:28,11.05,-0.01,59,65195,卖盘
1960,09:43:23,11.06,--,137,151522,买盘
1961,09:43:19,11.06,0.01,7,7742,买盘
1962,09:43:13,11.05,--,70,77350,卖盘
1963,09:43:08,11.05,--,195,215475,卖盘
1964,09:43:04,11.05,-0.01,213,235365,卖盘
1965,09:42:59,11.06,0.01,4,4424,买盘
1966,09:42:53,11.05,-0.01,15,16575,卖盘
1967,09:42:43,11.06,--,42,46452,买盘
1968,09:42:38,11.06,0.01,13,14378,买盘
1969,09:42:34,11.05,--,170,187850,卖盘
1970,09:42:28,11.05,--,2,2210,卖盘
1971,09:42:23,11.05,-0.01,15,16575,卖盘
1972,09:42:19,11.06,--,48,53088,买盘
1973,09:42:13,11.06,--,46,50876,买盘
1974,09:42:08,11.06,--,75,82950,买盘
1975,09:42:04,11.06,--,18,19908,买盘
1976,09:41:58,11.06,--,1,1106,卖盘
1977,09:41:53,11.06,-0.01,13,14378,卖盘
1978,09:41:49,11.07,0.01,26,28782,买盘
1979,09:41:43,11.06,-0.01,11,12166,卖盘
1980,09:41:38,11.07,0.01,65,71955,买盘
1981,09:41:34,11.06,--,16,17696,卖盘
1982,09:41:23,11.06,0.01,38,42028,中性盘
1983,09:41:19,11.05,-0.02,176,194480,卖盘
1984,09:41:13,11.07,--,33,36531,买盘
1985,09:41:08,11.07,0.01,178,197046,买盘
1986,09:41:04,11.06,--,9,9954,卖盘
1987,09:40:58,11.06,-0.01,4,4424,卖盘
1988,09:40:53,11.07,--,53,58671,买盘
1989,09:40:49,11.07,--,42,46494,买盘
1990,09:40:43,11.07,--,21,23247,买盘
1991,09:40:38,11.07,--,52,57564,买盘
1992,09:40:34,11.07,-0.01,261,289580,卖盘
1993,09:40:28,11.08,0.01,51,56508,买盘
1994,09:40:23,11.07,-0.01,81,89667,卖盘
1995,09:40:19,11.08,0.01,2,2216,买盘
1996,09:40:13,11.07,--,33,36531,卖盘
1997,09:40:08,11.07,--,48,53589,卖盘
1998,09:40:04,11.07,--,9,9963,买盘
1999,09:39:58,11.07,--,72,79704,买盘
2000,09:39:53,11.07,--,62,68634,买盘
2001,09:39:49,11.07,0.01,337,373059,买盘
2002,09:39:43,11.06,-0.01,81,90028,卖盘
2003,09:39:38,11.07,--,111,122877,买盘
2004,09:39:33,11.07,--,33,36531,买盘
2005,09:39:28,11.07,0.01,8,8856,买盘
2006,09:39:23,11.06,--,33,36498,卖盘
2007,09:39:17,11.06,--,4,4424,卖盘
2008,09:39:13,11.06,--,70,77873,买盘
2009,09:39:08,11.06,--,45,49770,买盘
2010,09:39:02,11.06,--,141,155946,买盘
2011,09:38:58,11.06,--,4,4424,买盘
2012,09:38:53,11.06,0.01,47,51982,买盘
2013,09:38:47,11.05,--,30,33150,买盘
2014,09:38:43,11.05,--,10,11050,买盘
2015,09:38:38,11.05,-0.01,42,46410,卖盘
2016,09:38:32,11.06,0.02,76,84498,买盘
2017,09:38:28,11.04,-0.01,55,60719,卖盘
2018,09:38:23,11.05,--,86,95030,买盘
2019,09:38:17,11.05,--,44,48620,买盘
2020,09:38:13,11.05,--,10,11050,买盘
2021,09:38:08,11.05,--,63,70278,买盘
2022,09:38:02,11.05,--,32,35360,买盘
2023,09:37:58,11.05,--,82,91052,买盘
2024,09:37:53,11.05,--,34,37570,买盘
2025,09:37:47,11.05,--,3,3315,买盘
2026,09:37:43,11.05,0.01,6,6630,买盘
2027,09:37:38,11.04,-0.01,14,15455,卖盘
2028,09:37:32,11.05,--,1,1105,买盘
2029,09:37:28,11.05,0.02,18,19890,买盘
2030,09:37:17,11.03,--,49,54047,买盘
2031,09:37:13,11.03,--,261,287883,卖盘
2032,09:37:07,11.03,--,17,18751,卖盘
2033,09:37:02,11.03,-0.01,29,31986,卖盘
2034,09:36:58,11.04,--,61,67344,买盘
2035,09:36:52,11.04,0.01,1,1104,买盘
2036,09:36:47,11.03,-0.01,12,13236,卖盘
2037,09:36:43,11.04,0.01,36,39744,买盘
2038,09:36:37,11.03,--,127,140081,卖盘
2039,09:36:32,11.03,-0.01,40,44120,卖盘
2040,09:36:28,11.04,--,6,6623,买盘
2041,09:36:22,11.04,--,9,9936,买盘
2042,09:36:17,11.04,--,7,7727,买盘
2043,09:36:13,11.04,--,288,317952,买盘
2044,09:36:07,11.04,-0.01,53,58511,卖盘
2045,09:35:58,11.05,0.01,52,57460,买盘
2046,09:35:47,11.04,--,12,13247,卖盘
2047,09:35:43,11.04,--,26,28703,卖盘
2048,09:35:32,11.04,--,9,9936,卖盘
2049,09:35:28,11.04,--,1,1104,买盘
2050,09:35:22,11.04,--,1,1104,卖盘
2051,09:35:17,11.04,-0.01,25,27599,卖盘
2052,09:35:13,11.05,0.01,87,96135,买盘
2053,09:35:07,11.04,-0.02,47,51887,卖盘
2054,09:35:02,11.06,0.01,78,86268,买盘
2055,09:34:58,11.05,--,52,57460,买盘
2056,09:34:52,11.05,0.01,18,19890,买盘
2057,09:34:47,11.04,-0.02,48,52991,卖盘
2058,09:34:43,11.06,0.01,129,142674,买盘
2059,09:34:37,11.05,-0.01,5,5525,买盘
2060,09:34:32,11.06,--,10,11060,买盘
2061,09:34:28,11.06,--,58,64148,买盘
2062,09:34:22,11.06,-0.01,59,65254,卖盘
2063,09:34:17,11.07,0.01,237,262359,买盘
2064,09:34:13,11.06,-0.01,614,679084,卖盘
2065,09:34:07,11.07,--,49,54243,买盘
2066,09:34:02,11.07,--,9,9963,买盘
2067,09:33:58,11.07,--,19,21033,买盘
2068,09:33:52,11.07,--,24,26568,买盘
2069,09:33:47,11.07,-0.01,32,35424,卖盘
2070,09:33:43,11.08,--,20,22160,买盘
2071,09:33:37,11.08,0.01,66,73128,买盘
2072,09:33:32,11.07,--,60,66420,卖盘
2073,09:33:22,11.07,-0.01,15,16605,卖盘
2074,09:33:17,11.08,0.03,184,203872,买盘
2075,09:33:12,11.05,--,93,102765,卖盘
2076,09:33:07,11.05,-0.02,35,38675,卖盘
2077,09:33:02,11.07,0.02,173,191511,买盘
2078,09:32:58,11.05,-0.02,47,51935,卖盘
2079,09:32:52,11.07,--,23,25461,买盘
2080,09:32:47,11.07,-0.01,58,64206,买盘
2081,09:32:42,11.08,--,141,156228,买盘
2082,09:32:37,11.08,--,8,8864,买盘
2083,09:32:32,11.08,--,79,87532,买盘
2084,09:32:27,11.08,--,7,7756,买盘
2085,09:32:22,11.08,0.01,151,167308,买盘
2086,09:32:17,11.07,0.02,118,130626,中性盘
2087,09:32:12,11.05,-0.03,54,59670,卖盘
2088,09:32:07,11.08,--,1,1108,买盘
2089,09:32:02,11.08,0.03,50,55400,买盘
2090,09:31:56,11.05,-0.02,40,44200,卖盘
2091,09:31:52,11.07,0.02,63,69741,买盘
2092,09:31:47,11.05,0.01,43,47515,买盘
2093,09:31:41,11.04,-0.01,50,55199,卖盘
2094,09:31:37,11.05,--,19,20995,卖盘
2095,09:31:32,11.05,0.04,41,45305,中性盘
2096,09:31:26,11.01,-0.03,253,278553,卖盘
2097,09:31:22,11.04,-0.03,75,82800,卖盘
2098,09:31:17,11.07,0.06,335,370845,买盘
2099,09:31:11,11.01,--,60,66060,卖盘
2100,09:31:07,11.01,0.01,38,41838,卖盘
2101,09:31:01,11.0,-0.05,110,121000,卖盘
2102,09:30:56,11.05,0.03,68,75140,买盘
2103,09:30:52,11.02,--,13,14326,卖盘
2104,09:30:46,11.02,-0.03,2,2204,卖盘
2105,09:30:41,11.05,--,10,11050,买盘
2106,09:30:37,11.05,-0.02,45,49725,卖盘
2107,09:30:31,11.07,0.01,22,24354,买盘
2108,09:30:26,11.06,-0.02,17,18802,卖盘
2109,09:30:22,11.08,-0.01,77,85316,卖盘
2110,09:30:16,11.09,--,42,46578,卖盘
2111,09:30:11,11.09,-0.01,346,383714,卖盘
2112,09:30:07,11.1,-0.01,1864,2069040,卖盘
2113,09:28:53,11.11,--,0,0,买盘
2114,09:25:04,11.11,11.11,928,1031008,买盘
