,time,price,change,volume,amount,type
0,15:00:00,12.28,--,0,0,卖盘
1,15:00:00,12.28,-0.01,0,0,卖盘
2,14:59:58,12.29,-0.01,4,4916,卖盘
3,14:59:47,12.3,0.01,30,36900,买盘
4,14:59:43,12.29,--,6,7373,卖盘
5,14:59:32,12.29,0.02,47,57762,买盘
6,14:59:28,12.27,--,22,26994,卖盘
7,14:59:17,12.27,-0.02,69,84663,卖盘
8,14:59:08,12.29,--,0,0,买盘
9,14:59:02,12.29,--,5,6145,卖盘
10,14:58:58,12.29,-0.01,15,18435,买盘
11,14:58:47,12.3,0.01,10,12300,买盘
12,14:58:43,12.29,--,6,7373,买盘
13,14:58:37,12.29,--,1,2396,卖盘
14,14:58:32,12.29,--,12,14747,卖盘
15,14:58:23,12.29,--,0,0,卖盘
16,14:58:08,12.29,--,3,3686,卖盘
17,14:57:53,12.29,0.02,0,61,买盘
18,14:57:43,12.27,-0.02,12,14724,卖盘
19,14:57:38,12.29,-0.01,49,61388,卖盘
20,14:57:32,12.3,0.01,3,3690,买盘
21,14:57:07,12.29,--,9,11061,卖盘
22,14:56:58,12.29,-0.01,16,19664,卖盘
23,14:56:52,12.3,--,4,4920,买盘
24,14:56:28,12.3,0.01,6,7380,买盘
25,14:55:52,12.29,-0.01,20,24580,卖盘
26,14:55:23,12.3,-0.02,48,59040,卖盘
27,14:55:07,12.32,0.02,10,12320,买盘
28,14:55:02,12.3,-0.02,12,14760,卖盘
29,14:54:53,12.32,0.01,7,8685,买盘
30,14:54:32,12.31,0.01,50,61550,买盘
31,14:54:11,12.3,-0.01,33,40590,卖盘
32,14:53:56,12.31,--,7,8617,买盘
33,14:53:52,12.31,-0.01,5,6155,买盘
34,14:53:47,12.32,--,0,0,买盘
35,14:53:41,12.32,0.02,20,24640,买盘
36,14:53:37,12.3,-0.01,8,9840,卖盘
37,14:53:32,12.31,0.01,9,11079,买盘
38,14:53:11,12.3,0.01,12,14760,买盘
39,14:53:02,12.29,-0.01,1,1229,卖盘
40,14:52:56,12.3,0.01,7,8610,买盘
41,14:52:46,12.29,--,125,153625,卖盘
42,14:52:37,12.29,--,3,3686,买盘
43,14:52:16,12.29,0.04,27,33183,买盘
44,14:52:11,12.25,-0.01,23,28175,卖盘
45,14:51:56,12.26,-0.02,7,8582,买盘
46,14:51:41,12.28,--,0,0,买盘
47,14:51:37,12.28,--,7,8596,买盘
48,14:51:31,12.28,0.02,54,66312,买盘
49,14:51:22,12.26,--,1,1226,买盘
50,14:51:16,12.26,--,7,8582,买盘
51,14:50:56,12.26,--,7,8582,买盘
52,14:50:52,12.26,-0.03,10,12260,卖盘
53,14:50:46,12.29,--,0,0,买盘
54,14:50:37,12.29,0.03,7,8603,买盘
55,14:50:31,12.26,-0.03,11,13486,卖盘
56,14:50:16,12.29,--,7,8603,买盘
57,14:50:11,12.29,--,5,6145,卖盘
58,14:49:56,12.29,--,10,12290,买盘
59,14:49:41,12.29,--,7,8603,买盘
60,14:49:16,12.29,-0.01,36,44244,买盘
61,14:49:11,12.3,--,0,0,买盘
62,14:49:01,12.3,--,7,8610,买盘
63,14:48:41,12.3,-0.02,7,8610,买盘
64,14:48:26,12.32,--,0,0,买盘
65,14:48:16,12.32,--,7,8624,买盘
66,14:48:01,12.32,-0.01,7,8624,买盘
67,14:47:56,12.33,--,1,1233,卖盘
68,14:47:41,12.33,0.03,6,7398,买盘
69,14:47:26,12.3,-0.03,86,105780,卖盘
70,14:47:20,12.33,0.01,7,8631,买盘
71,14:47:16,12.32,--,4,4928,卖盘
72,14:47:05,12.32,--,7,8624,卖盘
73,14:47:01,12.32,--,96,118272,买盘
74,14:46:40,12.32,--,7,8624,买盘
75,14:46:20,12.32,--,7,8624,买盘
76,14:46:05,12.32,--,7,8624,买盘
77,14:45:40,12.32,--,18,22176,中性盘
78,14:45:25,12.32,--,7,8624,买盘
79,14:45:10,12.32,--,10,12320,买盘
80,14:45:05,12.32,--,7,8624,买盘
81,14:44:55,12.32,--,1,1232,买盘
82,14:44:40,12.32,--,7,8624,买盘
83,14:44:35,12.32,-0.01,32,39424,卖盘
84,14:44:25,12.33,0.01,7,8631,买盘
85,14:44:20,12.32,--,1,1232,卖盘
86,14:44:16,12.32,--,7,8624,买盘
87,14:44:05,12.32,--,9,11088,买盘
88,14:43:55,12.32,-0.01,5,6160,卖盘
89,14:43:46,12.33,-0.01,7,8631,买盘
90,14:43:40,12.34,--,0,0,买盘
91,14:43:35,12.34,--,0,0,买盘
92,14:43:25,12.34,0.02,17,20978,买盘
93,14:43:05,12.32,--,6,7392,买盘
94,14:42:55,12.32,-0.01,12,14784,卖盘
95,14:42:45,12.33,0.01,14,17262,买盘
96,14:42:25,12.32,--,11,13552,买盘
97,14:42:05,12.32,0.01,15,18480,买盘
98,14:41:55,12.31,--,8,9848,卖盘
99,14:41:40,12.31,--,3,3693,买盘
100,14:41:25,12.31,0.01,7,8617,买盘
101,14:41:10,12.3,-0.01,12,14760,卖盘
102,14:41:05,12.31,0.01,5,6155,买盘
103,14:41:00,12.3,--,5,6150,卖盘
104,14:40:50,12.3,--,12,14760,买盘
105,14:40:34,12.3,--,0,0,中性盘
106,14:40:29,12.3,-0.01,7,8610,卖盘
107,14:40:25,12.31,--,37,45547,买盘
108,14:40:10,12.31,0.01,7,8617,买盘
109,14:39:49,12.3,--,11,13530,买盘
110,14:39:44,12.3,--,0,0,买盘
111,14:39:29,12.3,--,7,8610,买盘
112,14:39:19,12.3,--,0,0,买盘
113,14:39:10,12.3,--,7,8610,买盘
114,14:39:04,12.3,--,5,6150,买盘
115,14:38:49,12.3,--,7,8610,买盘
116,14:38:44,12.3,-0.01,72,88560,卖盘
117,14:38:29,12.31,0.01,7,8617,买盘
118,14:38:25,12.3,-0.01,14,17220,卖盘
119,14:38:14,12.31,--,50,61550,买盘
120,14:38:10,12.31,0.01,7,8617,买盘
121,14:38:04,12.3,--,52,63960,卖盘
122,14:37:44,12.3,0.01,31,38130,买盘
123,14:37:34,12.29,-0.01,50,61449,卖盘
124,14:37:29,12.3,--,7,8610,买盘
125,14:37:14,12.3,--,7,8610,买盘
126,14:37:10,12.3,--,50,61500,买盘
127,14:36:59,12.3,-0.01,6,7380,卖盘
128,14:36:55,12.31,0.01,8,9848,买盘
129,14:36:44,12.3,--,1,1230,卖盘
130,14:36:39,12.3,0.01,3,3690,买盘
131,14:36:34,12.29,-0.01,162,199098,卖盘
132,14:36:14,12.3,--,7,8610,买盘
133,14:35:59,12.3,--,7,8610,买盘
134,14:35:49,12.3,--,54,66420,买盘
135,14:35:34,12.3,--,40,49200,买盘
136,14:35:24,12.3,--,6,7380,买盘
137,14:35:19,12.3,0.01,8,9840,买盘
138,14:35:09,12.29,0.02,57,70053,买盘
139,14:34:54,12.27,--,1,1227,买盘
140,14:34:34,12.27,--,14,17178,买盘
141,14:34:29,12.27,--,20,24540,买盘
142,14:34:24,12.27,--,3,3681,买盘
143,14:34:13,12.27,0.01,7,8589,买盘
144,14:33:58,12.26,--,152,186352,买盘
145,14:33:54,12.26,--,7,8582,买盘
146,14:33:34,12.26,--,0,0,买盘
147,14:33:28,12.26,0.01,305,373930,买盘
148,14:33:23,12.25,-0.01,16,19600,卖盘
149,14:33:13,12.26,0.01,7,8582,买盘
150,14:32:58,12.25,--,30,36750,买盘
151,14:32:38,12.25,--,7,8575,买盘
152,14:32:19,12.25,0.01,7,8575,买盘
153,14:32:08,12.24,-0.01,32,39168,卖盘
154,14:31:58,12.25,0.01,7,8575,买盘
155,14:31:38,12.24,0.03,33,40392,买盘
156,14:31:34,12.21,-0.03,3,3663,卖盘
157,14:31:19,12.24,--,7,8568,买盘
158,14:30:58,12.24,0.03,7,8568,买盘
159,14:30:43,12.21,-0.03,10,12210,卖盘
160,14:30:38,12.24,0.03,7,8568,买盘
161,14:30:28,12.21,-0.03,4,4884,卖盘
162,14:30:23,12.24,--,0,0,买盘
163,14:30:19,12.24,0.04,7,8568,买盘
164,14:30:04,12.2,-0.04,1,1220,卖盘
165,14:29:58,12.24,--,7,8568,买盘
166,14:29:38,12.24,--,13,15912,买盘
167,14:29:23,12.24,0.04,7,8568,买盘
168,14:29:08,12.2,-0.04,6,7320,卖盘
169,14:28:58,12.24,0.04,7,8568,买盘
170,14:28:43,12.2,-0.04,11,13420,卖盘
171,14:28:23,12.24,0.04,7,8568,买盘
172,14:28:13,12.2,-0.03,6,7320,卖盘
173,14:28:03,12.23,--,6,7338,买盘
174,14:27:43,12.23,--,7,8561,买盘
175,14:27:22,12.23,0.03,7,8561,买盘
176,14:27:17,12.2,-0.03,1,1220,卖盘
177,14:27:13,12.23,--,6,7338,卖盘
178,14:27:03,12.23,--,1,1223,买盘
179,14:26:58,12.23,--,0,0,买盘
180,14:26:52,12.23,--,46,56258,买盘
181,14:26:43,12.23,--,7,8561,买盘
182,14:26:22,12.23,--,37,45251,买盘
183,14:26:02,12.23,0.03,7,8561,买盘
184,14:25:58,12.2,0.01,8,9760,买盘
185,14:25:52,12.19,-0.01,61,74359,卖盘
186,14:25:47,12.2,--,12,14640,买盘
187,14:25:43,12.2,0.01,14,17080,买盘
188,14:25:22,12.19,--,11,13409,买盘
189,14:25:17,12.19,0.01,150,182850,买盘
190,14:25:12,12.18,--,17,20706,卖盘
191,14:25:02,12.18,--,47,57246,买盘
192,14:24:47,12.18,0.02,7,8526,买盘
193,14:24:32,12.16,-0.02,19,23104,卖盘
194,14:24:27,12.18,--,12,14616,买盘
195,14:24:13,12.18,-0.01,45,54810,卖盘
196,14:24:07,12.19,--,7,8533,买盘
197,14:23:47,12.19,0.01,7,8533,买盘
198,14:23:37,12.18,--,0,0,卖盘
199,14:23:32,12.18,-0.01,10,12180,卖盘
200,14:23:27,12.19,--,7,8533,买盘
201,14:23:22,12.19,0.01,11,13409,中性盘
202,14:23:17,12.18,-0.01,6,7308,卖盘
203,14:23:07,12.19,-0.01,67,81673,卖盘
204,14:23:02,12.2,--,40,48800,买盘
205,14:22:52,12.2,--,10,12200,买盘
206,14:22:47,12.2,0.01,17,20740,买盘
207,14:22:42,12.19,-0.01,82,99958,卖盘
208,14:22:27,12.2,0.01,7,8540,中性盘
209,14:22:22,12.19,-0.04,328,399832,卖盘
210,14:22:17,12.23,--,0,0,买盘
211,14:22:07,12.23,0.02,28,34244,买盘
212,14:22:02,12.21,--,16,19536,卖盘
213,14:21:52,12.21,-0.02,3,3663,卖盘
214,14:21:47,12.23,-0.01,7,8561,中性盘
215,14:21:37,12.24,--,7,8568,买盘
216,14:21:31,12.24,--,7,8568,买盘
217,14:21:21,12.24,--,3,3672,卖盘
218,14:21:07,12.24,--,49,59976,买盘
219,14:21:01,12.24,--,6,7344,卖盘
220,14:20:57,12.24,--,0,0,卖盘
221,14:20:52,12.24,--,1,1224,买盘
222,14:20:42,12.24,--,1,1224,买盘
223,14:20:31,12.24,--,7,8568,买盘
224,14:20:27,12.24,--,1,1224,卖盘
225,14:20:16,12.24,-0.01,5,6120,卖盘
226,14:20:12,12.25,0.02,3,3675,买盘
227,14:20:07,12.23,--,29,35467,卖盘
228,14:20:00,12.23,-0.02,24,29352,卖盘
229,14:19:52,12.25,0.02,7,8575,买盘
230,14:19:31,12.23,--,2,2446,买盘
231,14:19:27,12.23,--,1,1223,买盘
232,14:19:16,12.23,--,10,12230,买盘
233,14:19:11,12.23,0.01,7,8561,买盘
234,14:19:00,12.22,-0.01,40,48880,卖盘
235,14:18:52,12.23,--,7,8561,买盘
236,14:18:46,12.23,-0.03,5,6115,卖盘
237,14:18:31,12.26,--,7,8582,买盘
238,14:18:16,12.26,--,7,8582,买盘
239,14:17:56,12.26,--,7,8582,买盘
240,14:17:41,12.26,--,0,0,买盘
241,14:17:31,12.26,--,7,8582,买盘
242,14:17:16,12.26,--,38,46588,买盘
243,14:17:11,12.26,--,0,0,买盘
244,14:17:06,12.26,--,0,0,买盘
245,14:16:56,12.26,0.02,7,8582,买盘
246,14:16:41,12.24,-0.01,30,36720,卖盘
247,14:16:36,12.25,--,6,7350,买盘
248,14:16:16,12.25,0.01,7,8575,买盘
249,14:15:56,12.24,--,2,2448,买盘
250,14:15:51,12.24,--,1,1224,买盘
251,14:15:36,12.24,--,11,13464,卖盘
252,14:15:16,12.24,-0.01,3,3672,买盘
253,14:14:55,12.25,0.01,40,49000,买盘
254,14:14:40,12.24,0.03,4,4896,买盘
255,14:14:36,12.21,-0.03,20,24420,卖盘
256,14:14:25,12.24,-0.01,1,1224,卖盘
257,14:14:15,12.25,0.01,7,8575,买盘
258,14:14:01,12.24,0.03,6,7344,买盘
259,14:13:55,12.21,--,5,6105,卖盘
260,14:13:51,12.21,-0.03,3,3663,卖盘
261,14:13:46,12.24,--,0,0,中性盘
262,14:13:39,12.24,0.04,68,83232,买盘
263,14:13:30,12.2,-0.01,197,240340,卖盘
264,14:13:24,12.21,0.01,32,39072,中性盘
265,14:13:21,12.2,-0.01,50,61000,卖盘
266,14:13:16,12.21,0.01,69,84249,买盘
267,14:13:10,12.2,-0.01,3,3660,卖盘
268,14:13:01,12.21,0.01,7,8547,买盘
269,14:12:45,12.2,-0.01,10,12200,卖盘
270,14:12:40,12.21,--,32,39072,卖盘
271,14:12:30,12.21,--,1,1221,卖盘
272,14:12:25,12.21,-0.03,71,86691,卖盘
273,14:12:21,12.24,0.02,207,253368,买盘
274,14:12:16,12.22,-0.01,9,10998,卖盘
275,14:12:09,12.23,-0.01,2,2446,卖盘
276,14:12:06,12.24,--,2,2448,买盘
277,14:12:01,12.24,0.01,7,8568,买盘
278,14:11:54,12.23,-0.01,3,3669,卖盘
279,14:11:50,12.24,0.01,10,12240,买盘
280,14:11:46,12.23,-0.01,3,3669,卖盘
281,14:11:39,12.24,0.01,7,8568,买盘
282,14:11:25,12.23,--,1,1223,卖盘
283,14:11:15,12.23,0.02,3,3669,买盘
284,14:11:09,12.21,-0.02,2,2442,卖盘
285,14:11:01,12.23,0.02,7,8561,买盘
286,14:10:55,12.21,-0.02,17,20757,卖盘
287,14:10:50,12.23,--,76,92948,卖盘
288,14:10:40,12.23,0.02,74,90502,买盘
289,14:10:35,12.21,-0.02,2,2442,卖盘
290,14:10:24,12.23,0.02,10,12230,买盘
291,14:10:20,12.21,-0.02,1,1221,卖盘
292,14:10:15,12.23,0.02,10,12230,买盘
293,14:10:09,12.21,--,3,3663,卖盘
294,14:10:05,12.21,--,2,2442,卖盘
295,14:10:00,12.21,0.01,10,12210,买盘
296,14:09:55,12.2,-0.01,22,26840,卖盘
297,14:09:50,12.21,-0.01,48,58608,卖盘
298,14:09:45,12.22,0.01,5,6110,买盘
299,14:09:40,12.21,--,1,1221,卖盘
300,14:09:35,12.21,--,3,3663,卖盘
301,14:09:30,12.21,--,0,0,卖盘
302,14:09:25,12.21,--,8,9768,卖盘
303,14:09:20,12.21,--,6,7326,卖盘
304,14:09:10,12.21,-0.02,3,3663,卖盘
305,14:09:05,12.23,0.02,7,8561,买盘
306,14:09:00,12.21,--,0,0,卖盘
307,14:08:55,12.21,0.01,44,53724,中性盘
308,14:08:50,12.2,-0.01,130,158600,卖盘
309,14:08:45,12.21,0.01,2,2442,买盘
310,14:08:40,12.2,--,28,34160,卖盘
311,14:08:34,12.2,--,85,103700,卖盘
312,14:08:25,12.2,-0.01,23,28060,卖盘
313,14:08:19,12.21,--,47,57387,卖盘
314,14:08:10,12.21,-0.03,2,2442,卖盘
315,14:08:04,12.24,0.03,8,9792,买盘
316,14:07:55,12.21,--,8,9768,卖盘
317,14:07:49,12.21,-0.03,20,24420,卖盘
318,14:07:45,12.24,0.03,7,8568,买盘
319,14:07:39,12.21,--,5,6105,卖盘
320,14:07:34,12.21,--,17,20757,卖盘
321,14:07:25,12.21,--,14,17094,卖盘
322,14:07:19,12.21,-0.01,79,96459,卖盘
323,14:07:15,12.22,-0.01,196,239512,卖盘
324,14:07:10,12.23,-0.01,62,75826,卖盘
325,14:07:04,12.24,0.01,9,11016,买盘
326,14:07:00,12.23,--,0,0,卖盘
327,14:06:54,12.23,--,10,12230,卖盘
328,14:06:49,12.23,--,17,20791,卖盘
329,14:06:34,12.23,-0.02,3,3669,卖盘
330,14:06:25,12.25,0.02,7,8575,买盘
331,14:06:19,12.23,-0.02,2,2446,卖盘
332,14:06:09,12.25,0.02,7,8575,买盘
333,14:05:54,12.23,-0.02,2,2446,卖盘
334,14:05:49,12.25,-0.01,18,22050,买盘
335,14:05:44,12.26,--,0,0,买盘
336,14:05:39,12.26,0.02,33,40458,买盘
337,14:05:33,12.24,--,3,3672,卖盘
338,14:05:25,12.24,--,12,14688,买盘
339,14:05:18,12.24,0.01,9,11016,买盘
340,14:05:09,12.23,-0.01,25,30575,卖盘
341,14:05:03,12.24,--,54,66096,卖盘
342,14:04:55,12.24,--,2,2448,卖盘
343,14:04:49,12.24,-0.01,15,18360,卖盘
344,14:04:44,12.25,--,23,28175,卖盘
345,14:04:33,12.25,-0.01,2,2450,卖盘
346,14:04:29,12.26,0.01,7,8582,买盘
347,14:04:18,12.25,-0.01,3,3675,卖盘
348,14:04:09,12.26,0.01,7,8582,买盘
349,14:03:54,12.25,-0.01,2,2450,卖盘
350,14:03:49,12.26,0.01,7,8582,买盘
351,14:03:34,12.25,-0.01,2,2450,卖盘
352,14:03:29,12.26,--,7,8582,买盘
353,14:03:14,12.26,--,7,8582,买盘
354,14:02:48,12.26,0.02,7,8582,买盘
355,14:02:44,12.24,--,0,0,卖盘
356,14:02:33,12.24,-0.01,14,17136,卖盘
357,14:02:12,12.25,--,7,8575,买盘
358,14:01:54,12.25,0.02,7,8575,买盘
359,14:01:43,12.23,--,0,0,卖盘
360,14:01:39,12.23,-0.02,8,9784,卖盘
361,14:01:33,12.25,--,7,8575,买盘
362,14:01:12,12.25,--,7,8575,买盘
363,14:00:54,12.25,--,7,8575,买盘
364,14:00:33,12.25,--,7,8575,买盘
365,14:00:18,12.25,0.02,30,36750,买盘
366,14:00:12,12.23,--,3,3669,买盘
367,14:00:04,12.23,-0.03,15,18345,卖盘
368,13:59:54,12.26,--,7,8582,买盘
369,13:59:33,12.26,--,13,15938,买盘
370,13:59:12,12.26,0.01,7,8582,买盘
371,13:58:57,12.25,--,7,8575,买盘
372,13:58:53,12.25,--,1,1225,买盘
373,13:58:33,12.25,--,7,8575,买盘
374,13:58:18,12.25,0.03,20,24500,买盘
375,13:58:12,12.22,-0.03,60,73320,卖盘
376,13:58:03,12.25,--,0,0,买盘
377,13:57:57,12.25,--,7,8575,买盘
378,13:57:48,12.25,--,1,1225,买盘
379,13:57:38,12.25,-0.01,7,8575,买盘
380,13:57:33,12.26,--,0,0,买盘
381,13:57:18,12.26,--,7,8582,买盘
382,13:57:03,12.26,--,1,1226,买盘
383,13:56:57,12.26,0.04,7,8582,买盘
384,13:56:53,12.22,-0.04,10,12220,卖盘
385,13:56:48,12.26,--,2,2452,买盘
386,13:56:38,12.26,--,7,8582,买盘
387,13:56:27,12.26,-0.01,6,7356,卖盘
388,13:56:23,12.27,0.01,11,13497,买盘
389,13:55:57,12.26,0.03,1,1226,买盘
390,13:55:51,12.23,-0.03,140,171220,卖盘
391,13:55:42,12.26,0.02,7,8582,买盘
392,13:55:36,12.24,-0.01,130,159120,卖盘
393,13:55:21,12.25,--,257,314825,卖盘
394,13:55:12,12.25,-0.01,3,3675,卖盘
395,13:55:06,12.26,-0.01,115,140990,卖盘
396,13:54:57,12.27,0.01,7,8589,买盘
397,13:54:51,12.26,-0.01,11,13486,卖盘
398,13:54:42,12.27,-0.01,73,89730,卖盘
399,13:54:36,12.28,-0.01,88,108064,卖盘
400,13:54:33,12.29,--,10,12290,买盘
401,13:54:21,12.29,--,7,8603,买盘
402,13:54:03,12.29,0.01,7,8603,买盘
403,13:53:57,12.28,-0.01,20,24560,卖盘
404,13:53:42,12.29,--,7,8603,买盘
405,13:53:21,12.29,--,7,8603,买盘
406,13:53:02,12.29,--,7,8603,买盘
407,13:52:42,12.29,--,7,8603,买盘
408,13:52:21,12.29,--,7,8603,买盘
409,13:52:06,12.29,--,16,19664,买盘
410,13:51:57,12.29,--,7,8603,买盘
411,13:51:42,12.29,0.01,7,8603,买盘
412,13:51:27,12.28,--,11,13508,卖盘
413,13:51:17,12.28,--,11,13508,卖盘
414,13:51:12,12.28,--,91,112816,买盘
415,13:51:06,12.28,--,7,8596,买盘
416,13:50:42,12.28,--,7,8596,买盘
417,13:50:27,12.28,0.02,7,8596,买盘
418,13:50:12,12.26,--,0,0,买盘
419,13:50:06,12.26,0.01,7,8582,买盘
420,13:49:57,12.25,-0.02,80,98000,卖盘
421,13:49:45,12.27,0.01,2,2736,买盘
422,13:49:42,12.26,0.01,10,12260,卖盘
423,13:49:36,12.25,--,0,0,卖盘
424,13:49:27,12.25,-0.01,22,27146,卖盘
425,13:49:21,12.26,0.01,5,6130,买盘
426,13:49:15,12.25,-0.01,26,32634,卖盘
427,13:49:06,12.26,--,45,55746,买盘
428,13:49:00,12.26,-0.01,1,1226,买盘
429,13:48:51,12.27,--,0,0,买盘
430,13:48:45,12.27,0.02,7,8589,买盘
431,13:48:36,12.25,0.01,35,43842,卖盘
432,13:48:30,12.24,-0.02,25,31358,卖盘
433,13:48:27,12.26,--,2,2452,买盘
434,13:48:21,12.26,0.01,23,28198,买盘
435,13:48:15,12.25,-0.01,10,12862,卖盘
436,13:48:06,12.26,0.01,10,12260,买盘
437,13:48:00,12.25,--,27,33969,卖盘
438,13:47:51,12.25,--,34,42127,卖盘
439,13:47:36,12.25,-0.01,27,33136,卖盘
440,13:47:30,12.26,--,7,8582,买盘
441,13:47:21,12.26,--,3,4217,卖盘
442,13:47:15,12.26,--,35,44001,买盘
443,13:47:12,12.26,--,7,8582,买盘
444,13:47:00,12.26,--,15,18917,卖盘
445,13:46:51,12.26,-0.01,88,108684,卖盘
446,13:46:45,12.27,0.01,1,1227,买盘
447,13:46:36,12.26,-0.01,15,18390,卖盘
448,13:46:30,12.27,--,165,202761,卖盘
449,13:46:27,12.27,--,25,30920,卖盘
450,13:46:15,12.27,-0.01,50,62073,卖盘
451,13:46:12,12.28,0.01,7,8596,买盘
452,13:46:00,12.27,-0.01,30,37116,卖盘
453,13:45:51,12.28,0.01,36,45325,买盘
454,13:45:36,12.27,--,64,79509,买盘
455,13:45:30,12.27,-0.01,36,44662,买盘
456,13:45:15,12.28,--,0,0,买盘
457,13:45:11,12.28,0.02,7,8596,买盘
458,13:45:06,12.26,-0.01,28,35419,卖盘
459,13:45:00,12.27,--,12,15791,买盘
460,13:44:56,12.27,--,1,1227,买盘
461,13:44:51,12.27,0.01,35,43619,买盘
462,13:44:36,12.26,-0.01,39,48071,卖盘
463,13:44:30,12.27,-0.01,7,8589,买盘
464,13:44:26,12.28,--,0,0,买盘
465,13:44:15,12.28,--,118,145923,卖盘
466,13:44:00,12.28,-0.01,27,33598,卖盘
467,13:43:51,12.29,0.01,36,45239,买盘
468,13:43:45,12.28,--,34,41752,买盘
469,13:43:36,12.28,--,7,8596,买盘
470,13:43:26,12.28,--,7,8596,买盘
471,13:43:15,12.28,--,7,8596,买盘
472,13:42:56,12.28,--,7,8596,买盘
473,13:42:45,12.28,0.02,10,12280,买盘
474,13:42:36,12.26,-0.02,10,12260,卖盘
475,13:42:15,12.28,--,7,8596,买盘
476,13:41:54,12.28,--,7,8596,买盘
477,13:41:36,12.28,--,7,8596,买盘
478,13:41:15,12.28,--,7,8596,买盘
479,13:41:05,12.28,--,0,0,买盘
480,13:41:00,12.28,--,8,9824,卖盘
481,13:40:53,12.28,--,7,8596,买盘
482,13:40:39,12.28,--,7,8596,买盘
483,13:40:24,12.28,-0.01,11,13508,卖盘
484,13:40:15,12.29,0.01,7,8603,买盘
485,13:40:09,12.28,-0.01,20,24560,卖盘
486,13:40:00,12.29,--,27,33183,买盘
487,13:39:54,12.29,--,0,0,中性盘
488,13:39:39,12.29,-0.01,7,8603,买盘
489,13:39:30,12.3,--,50,61500,买盘
490,13:39:24,12.3,--,0,0,买盘
491,13:39:21,12.3,0.02,7,8610,买盘
492,13:39:15,12.28,--,0,0,中性盘
493,13:39:06,12.28,--,35,42980,卖盘
494,13:38:54,12.28,--,2,2456,买盘
495,13:38:45,12.28,--,41,50348,买盘
496,13:38:39,12.28,--,7,8596,买盘
497,13:38:35,12.28,--,50,61400,买盘
498,13:38:20,12.28,0.01,7,8596,买盘
499,13:38:15,12.27,--,11,13497,卖盘
500,13:38:09,12.27,--,14,17178,卖盘
501,13:37:54,12.27,--,6,7362,买盘
502,13:37:39,12.27,--,7,8589,买盘
503,13:37:24,12.27,-0.01,99,121473,卖盘
504,13:37:20,12.28,0.01,7,8596,买盘
505,13:37:15,12.27,--,13,15951,卖盘
506,13:37:09,12.27,0.01,87,106749,买盘
507,13:37:05,12.26,-0.01,54,66204,卖盘
508,13:37:00,12.27,--,7,8589,买盘
509,13:36:39,12.27,0.01,18,22086,买盘
510,13:36:34,12.26,--,50,61300,卖盘
511,13:36:24,12.26,0.01,103,126278,买盘
512,13:36:15,12.25,--,4,4900,买盘
513,13:36:09,12.25,--,32,39200,买盘
514,13:36:00,12.25,0.01,7,8575,买盘
515,13:35:45,12.24,--,3,3672,买盘
516,13:35:30,12.24,-0.01,11,13464,卖盘
517,13:35:24,12.25,0.01,9,11025,买盘
518,13:35:15,12.24,-0.01,51,62424,卖盘
519,13:35:03,12.25,-0.01,7,8575,买盘
520,13:34:54,12.26,--,0,0,买盘
521,13:34:45,12.26,0.02,7,8582,买盘
522,13:34:39,12.24,-0.03,12,14688,卖盘
523,13:34:33,12.27,--,53,65031,买盘
524,13:34:23,12.27,--,7,8589,买盘
525,13:34:15,12.27,--,20,24540,买盘
526,13:34:03,12.27,--,7,8589,买盘
527,13:33:48,12.27,--,41,50307,卖盘
528,13:33:30,12.27,0.02,169,207363,买盘
529,13:33:24,12.25,0.01,7,8575,买盘
530,13:33:18,12.24,--,21,25704,买盘
531,13:33:03,12.24,--,7,8568,买盘
532,13:32:48,12.24,--,7,8568,买盘
533,13:32:39,12.24,--,3,3672,买盘
534,13:32:24,12.24,--,7,8568,买盘
535,13:32:09,12.24,--,9,11016,买盘
536,13:31:47,12.24,--,7,8568,买盘
537,13:31:29,12.24,--,7,8568,买盘
538,13:31:24,12.24,--,11,13464,买盘
539,13:31:09,12.24,--,7,8568,买盘
540,13:30:48,12.24,0.01,7,8568,买盘
541,13:30:29,12.23,--,4,4892,买盘
542,13:30:09,12.23,--,12,14676,买盘
543,13:29:47,12.23,0.01,7,8561,买盘
544,13:29:44,12.22,-0.01,19,23218,卖盘
545,13:29:33,12.23,0.01,7,8561,买盘
546,13:29:29,12.22,--,0,0,中性盘
547,13:29:14,12.22,--,0,0,买盘
548,13:29:09,12.22,--,17,20774,买盘
549,13:28:54,12.22,--,15,18330,买盘
550,13:28:48,12.22,--,4,4888,卖盘
551,13:28:39,12.22,--,0,0,卖盘
552,13:28:33,12.22,-0.01,3,3666,买盘
553,13:28:24,12.23,0.01,2,2446,买盘
554,13:28:17,12.22,--,50,61100,买盘
555,13:28:09,12.22,--,22,26884,买盘
556,13:27:53,12.22,--,7,8554,买盘
557,13:27:48,12.22,--,23,28106,卖盘
558,13:27:33,12.22,--,11,13442,卖盘
559,13:27:23,12.22,-0.01,37,45214,卖盘
560,13:27:12,12.23,--,35,42805,买盘
561,13:26:53,12.23,--,7,8561,买盘
562,13:26:39,12.23,-0.01,57,69711,卖盘
563,13:26:32,12.24,--,7,8568,买盘
564,13:26:11,12.24,--,30,36720,买盘
565,13:25:57,12.24,0.02,7,8568,买盘
566,13:25:53,12.22,--,5,6110,卖盘
567,13:25:47,12.22,0.01,1,1222,中性盘
568,13:25:41,12.21,-0.03,200,244200,卖盘
569,13:25:32,12.24,--,21,25704,买盘
570,13:25:18,12.24,--,12,14688,买盘
571,13:24:57,12.24,0.01,7,8568,买盘
572,13:24:53,12.23,-0.01,11,13453,卖盘
573,13:24:42,12.24,-0.01,87,106488,卖盘
574,13:24:38,12.25,0.01,7,8575,买盘
575,13:24:12,12.24,--,11,13464,买盘
576,13:23:57,12.24,--,17,20808,买盘
577,13:23:38,12.24,--,7,8568,买盘
578,13:23:17,12.24,--,7,8568,买盘
579,13:22:57,12.24,-0.01,7,8568,买盘
580,13:22:42,12.25,--,0,0,买盘
581,13:22:38,12.25,--,7,8575,买盘
582,13:22:18,12.25,--,7,8575,买盘
583,13:21:56,12.25,--,7,8575,买盘
584,13:21:48,12.25,--,11,13475,买盘
585,13:21:42,12.25,--,7,8575,买盘
586,13:21:38,12.25,--,5,6125,买盘
587,13:21:18,12.25,--,7,8575,买盘
588,13:21:02,12.25,0.03,7,8575,买盘
589,13:20:53,12.22,--,11,13442,卖盘
590,13:20:41,12.22,-0.03,113,138086,卖盘
591,13:20:22,12.25,--,7,8575,买盘
592,13:20:02,12.25,--,7,8575,买盘
593,13:19:48,12.25,--,0,0,买盘
594,13:19:42,12.25,0.02,7,8575,买盘
595,13:19:27,12.23,-0.02,12,14676,卖盘
596,13:19:23,12.25,-0.01,110,134750,卖盘
597,13:19:17,12.26,-0.01,20,24520,卖盘
598,13:19:03,12.27,--,9,11043,买盘
599,13:18:50,12.27,-0.01,16,19632,卖盘
600,13:18:42,12.28,--,7,8596,买盘
601,13:18:20,12.28,--,7,8596,买盘
602,13:18:05,12.28,--,33,40524,买盘
603,13:17:57,12.28,--,9,11052,卖盘
604,13:17:42,12.28,--,3,3684,买盘
605,13:17:26,12.28,--,7,8596,买盘
606,13:17:06,12.28,0.01,7,8596,买盘
607,13:16:56,12.27,--,1,1227,卖盘
608,13:16:47,12.27,--,6,7362,买盘
609,13:16:35,12.27,--,10,12270,买盘
610,13:16:27,12.27,--,7,8589,买盘
611,13:16:05,12.27,--,7,8589,买盘
612,13:15:56,12.27,--,8,9816,买盘
613,13:15:47,12.27,--,10,12270,买盘
614,13:15:26,12.27,--,17,20859,买盘
615,13:15:21,12.27,--,9,11043,买盘
616,13:15:05,12.27,--,27,33129,买盘
617,13:14:50,12.27,-0.01,112,137424,卖盘
618,13:14:47,12.28,--,7,8596,买盘
619,13:14:42,12.28,0.01,2,2456,买盘
620,13:14:36,12.27,--,10,12270,卖盘
621,13:14:32,12.27,--,38,46626,买盘
622,13:14:27,12.27,--,7,8589,买盘
623,13:14:20,12.27,-0.01,5,6135,卖盘
624,13:14:17,12.28,--,10,12280,买盘
625,13:14:05,12.28,--,7,8596,买盘
626,13:13:56,12.28,--,0,0,买盘
627,13:13:50,12.28,-0.01,7,8596,买盘
628,13:13:41,12.29,--,0,0,买盘
629,13:13:36,12.29,--,5,6145,买盘
630,13:13:27,12.29,--,7,8603,买盘
631,13:13:11,12.29,--,26,31953,卖盘
632,13:13:02,12.29,--,18,22122,卖盘
633,13:12:50,12.29,-0.01,22,27037,卖盘
634,13:12:32,12.3,--,7,8610,买盘
635,13:12:11,12.3,--,7,8610,买盘
636,13:11:50,12.3,0.01,14,17220,买盘
637,13:11:26,12.29,0.01,101,124128,买盘
638,13:11:11,12.28,--,13,15964,卖盘
639,13:11:00,12.28,--,2,2456,卖盘
640,13:10:50,12.28,--,41,50348,买盘
641,13:10:35,12.28,0.01,41,50348,买盘
642,13:10:11,12.27,--,7,8589,买盘
643,13:10:05,12.27,--,16,19632,买盘
644,13:09:50,12.27,--,7,8589,买盘
645,13:09:44,12.27,-0.01,51,62577,卖盘
646,13:09:35,12.28,0.01,7,8596,买盘
647,13:09:20,12.27,--,39,47853,买盘
648,13:09:14,12.27,--,7,8589,买盘
649,13:08:56,12.27,--,7,8589,买盘
650,13:08:50,12.27,-0.01,57,69939,卖盘
651,13:08:35,12.28,0.01,7,8596,买盘
652,13:08:20,12.27,--,22,26994,买盘
653,13:08:14,12.27,0.01,22,26994,买盘
654,13:08:11,12.26,-0.01,16,19616,卖盘
655,13:08:05,12.27,--,2,2454,买盘
656,13:07:59,12.27,-0.01,4,4908,卖盘
657,13:07:56,12.28,0.01,7,8596,买盘
658,13:07:41,12.27,-0.01,5,6135,卖盘
659,13:07:35,12.28,0.01,7,8596,买盘
660,13:07:14,12.27,0.01,1,1227,买盘
661,13:07:05,12.26,--,11,13486,卖盘
662,13:06:59,12.26,--,105,128730,买盘
663,13:06:35,12.26,0.01,12,14712,买盘
664,13:06:14,12.25,--,5,6247,买盘
665,13:05:59,12.25,0.02,7,8575,买盘
666,13:05:44,12.23,--,2,2446,卖盘
667,13:05:35,12.23,--,0,0,买盘
668,13:05:29,12.23,--,8,9784,卖盘
669,13:05:20,12.23,-0.02,16,19568,卖盘
670,13:05:05,12.25,--,40,49000,买盘
671,13:04:59,12.25,--,16,19600,买盘
672,13:04:50,12.25,--,5,6125,买盘
673,13:04:40,12.25,--,7,8575,买盘
674,13:04:20,12.25,--,7,8575,买盘
675,13:03:59,12.25,0.02,7,8575,买盘
676,13:03:44,12.23,-0.02,5,6115,卖盘
677,13:03:40,12.25,0.02,7,8575,买盘
678,13:03:29,12.23,-0.02,2,2446,卖盘
679,13:03:20,12.25,--,12,14700,买盘
680,13:03:05,12.25,--,10,12250,买盘
681,13:02:59,12.25,--,19,23275,买盘
682,13:02:53,12.25,--,82,100450,买盘
683,13:02:50,12.25,-0.01,86,105350,卖盘
684,13:02:44,12.26,--,17,20842,买盘
685,13:02:20,12.26,--,7,8582,买盘
686,13:02:05,12.26,--,7,8582,买盘
687,13:01:53,12.26,0.01,3,3678,买盘
688,13:01:44,12.25,--,1,1225,买盘
689,13:01:23,12.25,--,7,8575,买盘
690,13:01:05,12.25,0.01,7,8575,买盘
691,13:00:53,12.24,--,28,34272,买盘
692,13:00:44,12.24,--,7,8568,买盘
693,13:00:29,12.24,--,10,12240,买盘
694,13:00:23,12.24,0.01,8,9792,买盘
695,13:00:14,12.23,-0.01,11,13453,卖盘
696,13:00:08,12.24,0.01,33,40392,买盘
697,13:00:05,12.23,-0.01,61,74603,卖盘
698,11:30:00,12.24,--,0,0,买盘
699,11:29:59,12.24,--,0,0,买盘
700,11:29:54,12.24,0.04,85,104040,买盘
701,11:29:51,12.2,-0.04,522,636840,卖盘
702,11:29:45,12.24,0.01,1,1224,买盘
703,11:29:39,12.23,-0.01,7,8561,卖盘
704,11:29:36,12.24,--,7,8568,买盘
705,11:29:30,12.24,0.01,12,14688,买盘
706,11:29:24,12.23,--,31,37913,卖盘
707,11:29:21,12.23,-0.01,7,8561,卖盘
708,11:29:15,12.24,0.01,27,33048,买盘
709,11:29:00,12.23,-0.01,20,24460,卖盘
710,11:28:55,12.24,0.01,7,8568,买盘
711,11:28:45,12.23,-0.01,10,12230,卖盘
712,11:28:36,12.24,--,7,8568,买盘
713,11:28:24,12.24,-0.01,18,22032,卖盘
714,11:28:16,12.25,--,13,15925,买盘
715,11:27:54,12.25,-0.01,17,20825,卖盘
716,11:27:36,12.26,0.01,7,8582,买盘
717,11:27:30,12.25,--,38,46550,买盘
718,11:27:16,12.25,--,7,8575,买盘
719,11:27:09,12.25,--,0,0,买盘
720,11:26:54,12.25,--,7,8575,买盘
721,11:26:36,12.25,0.02,7,8575,买盘
722,11:26:30,12.23,-0.02,313,382799,卖盘
723,11:26:15,12.25,0.01,7,8575,买盘
724,11:26:00,12.24,-0.01,10,12240,卖盘
725,11:25:55,12.25,--,7,8575,买盘
726,11:25:39,12.25,--,7,8575,买盘
727,11:25:24,12.25,--,5,6125,买盘
728,11:25:15,12.25,--,57,69825,买盘
729,11:25:05,12.25,-0.01,37,45325,卖盘
730,11:24:54,12.26,--,7,8582,买盘
731,11:24:50,12.26,--,12,14712,买盘
732,11:24:39,12.26,0.01,7,8582,买盘
733,11:24:35,12.25,-0.01,5,6125,卖盘
734,11:24:24,12.26,--,7,8582,买盘
735,11:24:20,12.26,--,7,8582,买盘
736,11:23:54,12.26,-0.01,7,8582,中性盘
737,11:23:45,12.27,--,29,35583,买盘
738,11:23:39,12.27,0.01,9,11043,买盘
739,11:23:33,12.26,-0.01,10,12260,卖盘
740,11:23:18,12.27,--,7,8589,买盘
741,11:23:00,12.27,0.01,7,8589,买盘
742,11:22:48,12.26,--,0,0,中性盘
743,11:22:39,12.26,-0.01,12,14712,买盘
744,11:22:33,12.27,--,0,0,买盘
745,11:22:18,12.27,--,7,8589,买盘
746,11:22:00,12.27,--,7,8589,买盘
747,11:21:54,12.27,-0.01,7,8589,卖盘
748,11:21:39,12.28,--,7,8596,买盘
749,11:21:18,12.28,--,8,9824,买盘
750,11:21:03,12.28,--,0,0,中性盘
751,11:21:00,12.28,0.01,7,8596,买盘
752,11:20:45,12.27,--,29,35583,买盘
753,11:20:39,12.27,0.03,7,8589,买盘
754,11:20:18,12.24,-0.03,9,11016,卖盘
755,11:19:59,12.27,--,13,15951,卖盘
756,11:19:48,12.27,--,5,6135,买盘
757,11:19:39,12.27,--,7,8589,买盘
758,11:19:18,12.27,0.04,7,8589,买盘
759,11:19:03,12.23,-0.04,19,23237,卖盘
760,11:18:59,12.27,--,185,226995,买盘
761,11:18:39,12.27,-0.01,133,163191,买盘
762,11:18:24,12.28,--,0,0,买盘
763,11:18:18,12.28,--,7,8596,买盘
764,11:17:59,12.28,0.03,7,8596,买盘
765,11:17:54,12.25,--,22,26950,卖盘
766,11:17:39,12.25,-0.03,3,3675,买盘
767,11:17:18,12.28,0.03,107,131396,买盘
768,11:17:12,12.25,-0.03,127,155575,卖盘
769,11:16:57,12.28,0.03,7,8596,买盘
770,11:16:48,12.25,--,82,100450,卖盘
771,11:16:42,12.25,-0.03,5,6125,卖盘
772,11:16:39,12.28,0.02,8,9824,买盘
773,11:16:27,12.26,--,3,3678,卖盘
774,11:16:24,12.26,--,0,0,卖盘
775,11:16:18,12.26,0.01,8,9808,买盘
776,11:16:03,12.25,-0.02,39,47775,卖盘
777,11:15:57,12.27,0.01,7,8589,买盘
778,11:15:42,12.26,-0.01,100,122600,卖盘
779,11:15:39,12.27,--,7,8589,买盘
780,11:15:33,12.27,-0.01,10,12270,卖盘
781,11:15:18,12.28,0.01,16,19648,买盘
782,11:15:12,12.27,--,0,0,卖盘
783,11:15:08,12.27,-0.02,1,1227,卖盘
784,11:15:03,12.29,0.01,70,86030,买盘
785,11:14:57,12.28,--,7,8596,买盘
786,11:14:42,12.28,--,8,9824,卖盘
787,11:14:18,12.28,--,6,7368,买盘
788,11:13:57,12.28,--,7,8596,买盘
789,11:13:48,12.28,--,0,0,买盘
790,11:13:42,12.28,0.03,7,8596,买盘
791,11:13:33,12.25,--,0,0,卖盘
792,11:13:27,12.25,-0.04,10,12250,卖盘
793,11:13:18,12.29,--,7,8603,买盘
794,11:13:08,12.29,--,16,19664,买盘
795,11:12:57,12.29,0.04,7,8603,买盘
796,11:12:42,12.25,-0.04,23,28175,卖盘
797,11:12:18,12.29,--,7,8603,买盘
798,11:11:57,12.29,0.04,7,8603,买盘
799,11:11:42,12.25,-0.04,23,28175,卖盘
800,11:11:18,12.29,--,17,20893,买盘
801,11:11:03,12.29,0.04,7,8603,买盘
802,11:10:57,12.25,--,11,13475,卖盘
803,11:10:51,12.25,-0.02,300,367500,卖盘
804,11:10:42,12.27,--,7,8589,买盘
805,11:10:27,12.27,--,5,6135,买盘
806,11:10:21,12.27,0.01,7,8589,买盘
807,11:10:12,12.26,-0.01,15,18390,卖盘
808,11:10:06,12.27,--,1,1227,买盘
809,11:10:03,12.27,0.01,7,8589,买盘
810,11:09:51,12.26,-0.01,2,2452,卖盘
811,11:09:42,12.27,0.01,15,18405,买盘
812,11:09:33,12.26,-0.01,2,2452,卖盘
813,11:09:21,12.27,0.01,7,8589,买盘
814,11:09:06,12.26,-0.01,5,6130,卖盘
815,11:09:03,12.27,--,7,8589,买盘
816,11:08:42,12.27,0.01,7,8589,买盘
817,11:08:36,12.26,-0.01,13,15938,卖盘
818,11:08:33,12.27,--,2,2454,买盘
819,11:08:27,12.27,-0.02,154,188958,卖盘
820,11:08:21,12.29,--,7,8603,买盘
821,11:08:02,12.29,--,7,8603,买盘
822,11:07:57,12.29,--,10,12290,买盘
823,11:07:51,12.29,-0.01,9,11061,卖盘
824,11:07:42,12.3,0.01,20,24600,买盘
825,11:07:21,12.29,0.01,7,8603,买盘
826,11:07:02,12.28,--,1,1228,买盘
827,11:06:47,12.28,-0.01,19,23332,卖盘
828,11:06:42,12.29,--,7,8603,买盘
829,11:06:21,12.29,-0.01,14,17206,卖盘
830,11:06:12,12.3,--,10,12300,买盘
831,11:06:02,12.3,--,0,0,买盘
832,11:05:57,12.3,0.01,20,24600,买盘
833,11:05:51,12.29,-0.01,21,25809,卖盘
834,11:05:41,12.3,--,7,8610,买盘
835,11:05:21,12.3,-0.02,10,12300,卖盘
836,11:05:12,12.32,--,0,0,买盘
837,11:05:06,12.32,--,0,0,买盘
838,11:05:02,12.32,-0.01,7,8624,买盘
839,11:04:57,12.33,--,0,0,买盘
840,11:04:42,12.33,--,7,8631,买盘
841,11:04:21,12.33,0.02,47,57951,中性盘
842,11:04:06,12.31,-0.03,11,13541,卖盘
843,11:04:00,12.34,--,7,8638,买盘
844,11:03:42,12.34,--,9,11106,买盘
845,11:03:35,12.34,--,5,6170,买盘
846,11:03:21,12.34,--,7,8638,买盘
847,11:03:00,12.34,--,7,8638,买盘
848,11:02:45,12.34,--,7,8638,买盘
849,11:02:21,12.34,0.03,7,8638,买盘
850,11:02:12,12.31,-0.03,1,1231,买盘
851,11:02:06,12.34,--,0,0,买盘
852,11:02:00,12.34,0.04,7,8638,买盘
853,11:01:45,12.3,-0.01,10,12300,卖盘
854,11:01:36,12.31,--,13,16003,买盘
855,11:01:21,12.31,--,7,8617,买盘
856,11:01:00,12.31,--,7,8617,买盘
857,11:00:45,12.31,--,7,8617,买盘
858,11:00:21,12.31,--,7,8617,买盘
859,11:00:06,12.31,--,7,8617,买盘
860,11:00:00,12.31,--,5,6155,买盘
861,10:59:45,12.31,--,7,8617,买盘
862,10:59:21,12.31,--,7,8617,买盘
863,10:59:06,12.31,--,27,33237,买盘
864,10:58:45,12.31,--,17,20927,买盘
865,10:58:21,12.31,0.01,11,13541,买盘
866,10:58:06,12.3,0.01,207,254610,买盘
867,10:57:45,12.29,--,3,3686,买盘
868,10:57:36,12.29,-0.01,7,8603,卖盘
869,10:57:21,12.3,--,7,8610,买盘
870,10:57:06,12.3,--,7,8610,买盘
871,10:56:45,12.3,--,7,8610,买盘
872,10:56:36,12.3,--,16,19680,买盘
873,10:56:24,12.3,--,7,8610,买盘
874,10:56:06,12.3,0.01,7,8610,买盘
875,10:55:51,12.29,--,4,4916,卖盘
876,10:55:45,12.29,--,37,45473,买盘
877,10:55:24,12.29,--,7,8603,买盘
878,10:55:15,12.29,--,20,24580,买盘
879,10:55:06,12.29,0.02,7,8603,买盘
880,10:54:54,12.27,-0.02,38,46626,卖盘
881,10:54:45,12.29,--,7,8603,买盘
882,10:54:30,12.29,--,29,35641,买盘
883,10:54:24,12.29,--,7,8603,买盘
884,10:54:15,12.29,--,0,0,买盘
885,10:54:06,12.29,0.03,7,8603,买盘
886,10:53:54,12.26,-0.04,90,110340,卖盘
887,10:53:45,12.3,0.04,9,11070,买盘
888,10:53:30,12.26,-0.01,26,31876,卖盘
889,10:53:24,12.27,-0.03,407,499389,卖盘
890,10:53:05,12.3,--,7,8610,买盘
891,10:52:45,12.3,0.03,7,8610,买盘
892,10:52:39,12.27,-0.03,10,12270,卖盘
893,10:52:30,12.3,--,0,0,买盘
894,10:52:24,12.3,--,7,8610,买盘
895,10:52:05,12.3,--,7,8610,买盘
896,10:51:45,12.3,--,36,44280,卖盘
897,10:51:24,12.3,0.03,8,9840,买盘
898,10:51:09,12.27,-0.03,19,23313,卖盘
899,10:51:05,12.3,--,275,338250,买盘
900,10:50:50,12.3,0.01,3,3690,买盘
901,10:50:45,12.29,-0.01,53,65136,卖盘
902,10:50:30,12.3,-0.01,28,34440,卖盘
903,10:50:24,12.31,--,7,8617,买盘
904,10:50:15,12.31,--,20,24620,买盘
905,10:50:05,12.31,0.01,17,20927,买盘
906,10:50:00,12.3,-0.01,80,98400,卖盘
907,10:49:54,12.31,-0.02,40,49240,卖盘
908,10:49:45,12.33,--,7,8631,买盘
909,10:49:38,12.33,--,50,61650,买盘
910,10:49:24,12.33,0.02,7,8631,买盘
911,10:49:14,12.31,-0.02,13,16003,中性盘
912,10:49:03,12.33,--,7,8631,买盘
913,10:48:45,12.33,0.03,7,8631,买盘
914,10:48:38,12.3,-0.03,100,123000,卖盘
915,10:48:24,12.33,--,7,8631,买盘
916,10:48:03,12.33,0.03,7,8631,买盘
917,10:47:54,12.3,-0.03,100,123000,卖盘
918,10:47:48,12.33,0.03,7,8631,买盘
919,10:47:32,12.3,-0.03,14,17220,卖盘
920,10:47:24,12.33,-0.02,7,8631,中性盘
921,10:47:08,12.35,0.05,7,8645,买盘
922,10:46:47,12.3,--,0,0,中性盘
923,10:46:44,12.3,--,0,0,买盘
924,10:46:39,12.3,--,222,273060,卖盘
925,10:46:32,12.3,-0.04,200,246000,卖盘
926,10:46:24,12.34,0.04,7,8638,买盘
927,10:46:14,12.3,-0.04,100,123000,卖盘
928,10:46:09,12.34,0.01,7,8638,买盘
929,10:45:53,12.33,--,0,0,买盘
930,10:45:48,12.33,0.03,7,8631,买盘
931,10:45:39,12.3,-0.01,96,118080,卖盘
932,10:45:33,12.31,-0.02,10,12310,卖盘
933,10:45:29,12.33,--,2,2466,买盘
934,10:45:24,12.33,--,7,8631,买盘
935,10:45:09,12.33,--,7,8631,买盘
936,10:44:53,12.33,--,23,28359,买盘
937,10:44:47,12.33,--,7,8631,买盘
938,10:44:38,12.33,--,0,0,买盘
939,10:44:23,12.33,0.03,22,27126,买盘
940,10:44:09,12.3,--,43,52890,卖盘
941,10:43:48,12.3,-0.03,9,11070,卖盘
942,10:43:44,12.33,--,6,7398,买盘
943,10:43:38,12.33,--,11,13563,卖盘
944,10:43:32,12.33,-0.01,22,27126,卖盘
945,10:43:23,12.34,0.01,7,8638,买盘
946,10:43:17,12.33,-0.01,17,20961,卖盘
947,10:43:09,12.34,-0.01,7,8638,买盘
948,10:42:54,12.35,--,0,0,买盘
949,10:42:48,12.35,0.02,7,8645,买盘
950,10:42:42,12.33,--,15,18495,卖盘
951,10:42:38,12.33,0.03,235,289755,买盘
952,10:42:32,12.3,-0.03,59,72570,卖盘
953,10:42:23,12.33,--,7,8631,买盘
954,10:42:18,12.33,--,0,0,买盘
955,10:42:12,12.33,--,5,6165,买盘
956,10:42:08,12.33,--,7,8631,买盘
957,10:42:03,12.33,0.02,42,51786,买盘
958,10:41:53,12.31,--,61,75091,买盘
959,10:41:48,12.31,0.02,7,8617,买盘
960,10:41:32,12.29,-0.02,20,24580,卖盘
961,10:41:27,12.31,--,7,8617,买盘
962,10:41:08,12.31,0.02,7,8617,买盘
963,10:41:02,12.29,--,0,0,卖盘
964,10:40:56,12.29,-0.02,21,25809,卖盘
965,10:40:53,12.31,0.01,3,3693,买盘
966,10:40:48,12.3,-0.01,7,8610,买盘
967,10:40:42,12.31,--,0,0,买盘
968,10:40:38,12.31,--,5,6155,买盘
969,10:40:27,12.31,--,7,8617,买盘
970,10:40:17,12.31,-0.02,24,29544,卖盘
971,10:40:12,12.33,--,0,0,买盘
972,10:40:08,12.33,0.01,7,8631,买盘
973,10:40:02,12.32,-0.01,6,7392,卖盘
974,10:39:56,12.33,-0.02,74,91242,卖盘
975,10:39:53,12.35,--,73,90155,买盘
976,10:39:47,12.35,0.02,7,8645,买盘
977,10:39:32,12.33,-0.02,5,6165,卖盘
978,10:39:26,12.35,0.02,7,8645,买盘
979,10:39:18,12.33,-0.02,11,13563,卖盘
980,10:39:11,12.35,--,0,0,买盘
981,10:39:08,12.35,--,7,8645,买盘
982,10:39:02,12.35,--,20,24700,买盘
983,10:38:47,12.35,--,7,8645,买盘
984,10:38:41,12.35,0.03,50,61750,买盘
985,10:38:38,12.32,-0.03,150,184800,卖盘
986,10:38:27,12.35,--,111,137085,买盘
987,10:38:08,12.35,0.04,7,8645,买盘
988,10:38:02,12.31,-0.03,27,33237,卖盘
989,10:37:56,12.34,--,30,37020,买盘
990,10:37:47,12.34,0.03,58,71572,买盘
991,10:37:32,12.31,-0.03,1,1231,卖盘
992,10:37:27,12.34,0.03,7,8638,买盘
993,10:37:17,12.31,--,22,27082,买盘
994,10:37:08,12.31,--,7,8617,买盘
995,10:37:02,12.31,0.03,7,8617,买盘
996,10:36:48,12.28,-0.03,17,20876,卖盘
997,10:36:41,12.31,--,3,3693,买盘
998,10:36:37,12.31,--,0,0,买盘
999,10:36:33,12.31,--,14,17234,买盘
1000,10:36:26,12.31,--,7,8617,买盘
1001,10:36:08,12.31,0.01,7,8617,买盘
1002,10:35:56,12.3,--,2,2460,卖盘
1003,10:35:53,12.3,0.02,30,36900,买盘
1004,10:35:41,12.28,0.01,4,4912,买盘
1005,10:35:35,12.27,-0.01,11,13497,卖盘
1006,10:35:26,12.28,0.01,107,131396,买盘
1007,10:35:17,12.27,-0.01,5,6135,卖盘
1008,10:35:05,12.28,--,7,8596,买盘
1009,10:34:50,12.28,--,17,20876,买盘
1010,10:34:47,12.28,0.01,7,8596,买盘
1011,10:34:35,12.27,-0.01,1,1227,卖盘
1012,10:34:26,12.28,--,7,8596,买盘
1013,10:34:20,12.28,--,2,2456,买盘
1014,10:34:17,12.28,-0.02,49,60172,卖盘
1015,10:34:05,12.3,--,9,11070,卖盘
1016,10:33:50,12.3,0.02,5,6150,买盘
1017,10:33:47,12.28,-0.03,5,6140,卖盘
1018,10:33:35,12.31,--,0,0,买盘
1019,10:33:26,12.31,--,7,8617,买盘
1020,10:33:05,12.31,-0.03,7,8617,买盘
1021,10:32:50,12.34,--,7,8638,买盘
1022,10:32:47,12.34,--,1,1234,买盘
1023,10:32:41,12.34,--,0,0,买盘
1024,10:32:35,12.34,--,1,1234,买盘
1025,10:32:26,12.34,-0.01,17,20978,中性盘
1026,10:32:11,12.35,--,0,0,买盘
1027,10:32:05,12.35,--,7,8645,买盘
1028,10:31:56,12.35,--,0,0,买盘
1029,10:31:50,12.35,0.06,107,132145,买盘
1030,10:31:35,12.29,--,0,0,中性盘
1031,10:31:26,12.29,0.03,11,13518,买盘
1032,10:31:20,12.26,-0.04,3,3678,卖盘
1033,10:31:05,12.3,--,7,8610,买盘
1034,10:31:02,12.3,--,8,9840,买盘
1035,10:30:50,12.3,--,74,91020,卖盘
1036,10:30:47,12.3,--,20,24600,卖盘
1037,10:30:41,12.3,--,4,4920,卖盘
1038,10:30:26,12.3,0.05,116,142680,买盘
1039,10:30:20,12.25,--,0,0,卖盘
1040,10:30:11,12.25,--,57,69825,卖盘
1041,10:29:56,12.25,--,0,0,卖盘
1042,10:29:50,12.25,--,43,52675,卖盘
1043,10:29:41,12.25,--,32,39200,卖盘
1044,10:29:35,12.25,--,35,42875,卖盘
1045,10:29:26,12.25,0.02,49,60025,买盘
1046,10:29:20,12.23,-0.02,36,44028,卖盘
1047,10:29:11,12.25,--,7,8575,买盘
1048,10:29:05,12.25,--,3,3675,买盘
1049,10:29:02,12.25,--,1,1225,买盘
1050,10:28:56,12.25,-0.01,63,77175,卖盘
1051,10:28:50,12.26,--,7,8582,买盘
1052,10:28:41,12.26,--,39,47814,买盘
1053,10:28:35,12.26,--,1,1226,买盘
1054,10:28:29,12.26,--,20,24520,买盘
1055,10:28:26,12.26,-0.04,713,874138,卖盘
1056,10:28:20,12.3,--,1,1230,买盘
1057,10:28:11,12.3,--,8,9840,买盘
1058,10:27:59,12.3,0.01,1,1230,买盘
1059,10:27:56,12.29,-0.01,10,12290,卖盘
1060,10:27:50,12.3,--,7,8610,买盘
1061,10:27:29,12.3,--,7,8610,买盘
1062,10:27:11,12.3,--,7,8610,买盘
1063,10:26:56,12.3,-0.02,78,95940,卖盘
1064,10:26:50,12.32,0.02,7,8624,买盘
1065,10:26:35,12.3,-0.02,12,14760,卖盘
1066,10:26:29,12.32,0.02,7,8624,买盘
1067,10:26:20,12.3,0.02,3,3690,买盘
1068,10:26:14,12.28,-0.02,16,19648,卖盘
1069,10:26:11,12.3,0.02,7,8610,买盘
1070,10:26:05,12.28,-0.02,200,245600,卖盘
1071,10:25:59,12.3,--,31,38130,买盘
1072,10:25:50,12.3,--,74,91020,买盘
1073,10:25:44,12.3,--,424,521520,卖盘
1074,10:25:35,12.3,--,26,31980,买盘
1075,10:25:29,12.3,--,20,24600,买盘
1076,10:25:14,12.3,-0.01,34,41820,卖盘
1077,10:25:11,12.31,0.01,20,24620,买盘
1078,10:24:59,12.3,-0.02,23,28290,卖盘
1079,10:24:50,12.32,0.02,7,8624,买盘
1080,10:24:41,12.3,--,10,12300,卖盘
1081,10:24:35,12.3,--,191,234930,买盘
1082,10:24:29,12.3,--,102,125460,买盘
1083,10:24:20,12.3,--,20,24600,买盘
1084,10:24:14,12.3,--,15,18450,买盘
1085,10:24:11,12.3,0.01,7,8610,买盘
1086,10:24:05,12.29,--,2,2458,卖盘
1087,10:23:59,12.29,-0.01,22,27037,卖盘
1088,10:23:56,12.3,--,39,47970,买盘
1089,10:23:50,12.3,0.01,7,8610,买盘
1090,10:23:44,12.29,-0.01,162,199098,卖盘
1091,10:23:41,12.3,-0.02,100,123000,卖盘
1092,10:23:29,12.32,0.02,7,8624,买盘
1093,10:23:14,12.3,--,107,131610,买盘
1094,10:23:11,12.3,--,7,8610,买盘
1095,10:23:05,12.3,--,34,41820,买盘
1096,10:22:59,12.3,--,0,0,买盘
1097,10:22:50,12.3,--,7,8610,买盘
1098,10:22:35,12.3,-0.02,71,87330,卖盘
1099,10:22:29,12.32,0.01,86,105952,买盘
1100,10:22:14,12.31,-0.01,11,13541,卖盘
1101,10:22:10,12.32,--,49,60368,买盘
1102,10:22:05,12.32,-0.01,60,73920,卖盘
1103,10:21:59,12.33,--,10,12330,买盘
1104,10:21:50,12.33,0.02,7,8631,买盘
1105,10:21:35,12.31,-0.02,20,24620,卖盘
1106,10:21:29,12.33,-0.01,7,8631,中性盘
1107,10:21:08,12.34,0.04,14,17276,买盘
1108,10:20:59,12.3,--,0,0,卖盘
1109,10:20:53,12.3,-0.04,13,15990,卖盘
1110,10:20:50,12.34,0.06,7,8638,买盘
1111,10:20:38,12.28,--,0,0,卖盘
1112,10:20:29,12.28,-0.02,34,41752,卖盘
1113,10:20:23,12.3,-0.01,291,357930,卖盘
1114,10:20:14,12.31,-0.02,50,61550,卖盘
1115,10:20:08,12.33,0.02,11,13563,买盘
1116,10:20:05,12.31,--,0,0,卖盘
1117,10:19:59,12.31,--,25,30775,卖盘
1118,10:19:53,12.31,--,47,57857,卖盘
1119,10:19:50,12.31,-0.03,50,61550,卖盘
1120,10:19:44,12.34,--,1,1234,买盘
1121,10:19:38,12.34,0.04,5,6170,买盘
1122,10:19:35,12.3,-0.04,126,154980,卖盘
1123,10:19:29,12.34,0.03,507,625638,买盘
1124,10:19:23,12.31,--,11,13541,卖盘
1125,10:19:14,12.31,-0.03,92,113252,卖盘
1126,10:19:08,12.34,--,57,70338,卖盘
1127,10:18:59,12.34,--,34,41956,卖盘
1128,10:18:53,12.34,0.03,93,114762,买盘
1129,10:18:50,12.31,--,1500,1846500,卖盘
1130,10:18:44,12.31,--,41,50471,卖盘
1131,10:18:38,12.31,--,100,123100,卖盘
1132,10:18:35,12.31,-0.03,13,16003,卖盘
1133,10:18:29,12.34,0.03,7,8638,中性盘
1134,10:18:23,12.31,0.01,20,24620,中性盘
1135,10:18:14,12.3,-0.05,412,506760,卖盘
1136,10:18:05,12.35,--,125,154375,买盘
1137,10:17:59,12.35,--,11,13585,买盘
1138,10:17:53,12.35,-0.02,1837,2268695,卖盘
1139,10:17:44,12.37,-0.01,52,64323,卖盘
1140,10:17:38,12.38,--,5,6190,买盘
1141,10:17:29,12.38,--,14,17332,卖盘
1142,10:17:20,12.38,--,23,28474,买盘
1143,10:17:14,12.38,0.01,7,8666,买盘
1144,10:17:08,12.37,-0.02,5,6185,卖盘
1145,10:16:53,12.39,0.02,39,48321,中性盘
1146,10:16:44,12.37,-0.02,500,618500,卖盘
1147,10:16:38,12.39,-0.01,50,61950,卖盘
1148,10:16:29,12.4,-0.01,14,17360,中性盘
1149,10:16:19,12.41,0.02,40,49640,买盘
1150,10:16:14,12.39,--,12,14868,卖盘
1151,10:16:08,12.39,--,10,12390,卖盘
1152,10:15:59,12.39,-0.03,40,49560,卖盘
1153,10:15:53,12.42,-0.01,7,8694,买盘
1154,10:15:44,12.43,--,0,0,买盘
1155,10:15:34,12.43,0.03,7,8701,买盘
1156,10:15:29,12.4,-0.03,87,107880,卖盘
1157,10:15:14,12.43,--,7,8701,买盘
1158,10:14:59,12.43,--,13,16159,买盘
1159,10:14:53,12.43,--,7,8701,买盘
1160,10:14:44,12.43,0.03,2,2486,买盘
1161,10:14:38,12.4,-0.03,12,14880,卖盘
1162,10:14:32,12.43,--,7,8701,买盘
1163,10:14:29,12.43,--,35,43505,买盘
1164,10:14:14,12.43,--,171,213684,卖盘
1165,10:13:59,12.43,-0.02,50,62150,卖盘
1166,10:13:53,12.45,0.02,7,8715,买盘
1167,10:13:44,12.43,--,0,0,卖盘
1168,10:13:38,12.43,-0.03,3,3729,卖盘
1169,10:13:32,12.46,0.01,7,8722,买盘
1170,10:13:17,12.45,--,7,8715,卖盘
1171,10:13:14,12.45,0.02,2,2490,买盘
1172,10:13:02,12.43,--,0,0,卖盘
1173,10:12:53,12.43,--,10,12430,卖盘
1174,10:12:47,12.43,0.01,79,98308,买盘
1175,10:12:32,12.42,0.02,16,19872,买盘
1176,10:12:23,12.4,-0.03,60,74400,卖盘
1177,10:12:17,12.43,--,0,0,买盘
1178,10:12:14,12.43,--,7,8701,买盘
1179,10:12:08,12.43,--,10,12430,买盘
1180,10:11:53,12.43,--,17,21131,卖盘
1181,10:11:47,12.43,--,50,62150,卖盘
1182,10:11:32,12.43,-0.03,10,12430,卖盘
1183,10:11:17,12.46,--,3,3738,买盘
1184,10:11:13,12.46,0.03,7,8722,买盘
1185,10:10:58,12.43,--,37,45991,买盘
1186,10:10:53,12.43,--,7,8701,买盘
1187,10:10:47,12.43,--,10,12430,买盘
1188,10:10:32,12.43,0.03,7,8701,买盘
1189,10:10:23,12.4,-0.02,21,26040,卖盘
1190,10:10:08,12.42,-0.01,25,31050,买盘
1191,10:10:02,12.43,--,0,0,买盘
1192,10:09:58,12.43,0.01,92,114356,买盘
1193,10:09:53,12.42,0.02,27,33534,买盘
1194,10:09:47,12.4,--,5,6200,卖盘
1195,10:09:43,12.4,--,0,0,卖盘
1196,10:09:32,12.4,0.02,15,18600,买盘
1197,10:09:23,12.38,-0.02,48,59424,卖盘
1198,10:09:13,12.4,--,7,8680,买盘
1199,10:09:08,12.4,-0.05,979,1213960,卖盘
1200,10:08:58,12.45,-0.02,10,12450,卖盘
1201,10:08:53,12.47,0.01,7,8729,买盘
1202,10:08:47,12.46,--,3,3738,买盘
1203,10:08:32,12.46,0.01,7,8722,买盘
1204,10:08:17,12.45,--,4,4980,买盘
1205,10:08:08,12.45,--,12,14940,买盘
1206,10:07:53,12.45,--,47,58515,买盘
1207,10:07:32,12.45,0.01,134,166830,买盘
1208,10:07:26,12.44,--,0,0,买盘
1209,10:07:23,12.44,-0.01,157,195308,卖盘
1210,10:07:17,12.45,--,7,8715,买盘
1211,10:07:11,12.45,--,24,29880,卖盘
1212,10:07:02,12.45,--,0,0,卖盘
1213,10:06:53,12.45,-0.03,59,73455,卖盘
1214,10:06:41,12.48,--,7,8736,买盘
1215,10:06:32,12.48,--,7,8736,买盘
1216,10:06:17,12.48,0.03,30,37440,买盘
1217,10:06:11,12.45,--,55,68475,买盘
1218,10:06:02,12.45,-0.03,106,131970,卖盘
1219,10:05:56,12.48,--,7,8736,买盘
1220,10:05:47,12.48,--,2,2496,卖盘
1221,10:05:32,12.48,0.03,5,6240,买盘
1222,10:05:26,12.45,--,0,0,卖盘
1223,10:05:23,12.45,--,1,1245,买盘
1224,10:05:17,12.45,--,7,8715,买盘
1225,10:05:11,12.45,--,63,78435,买盘
1226,10:04:56,12.45,--,7,8715,买盘
1227,10:04:47,12.45,--,22,27390,买盘
1228,10:04:37,12.45,--,17,21165,买盘
1229,10:04:26,12.45,--,5,6225,买盘
1230,10:04:17,12.45,--,7,8715,买盘
1231,10:04:11,12.45,--,1,1245,买盘
1232,10:04:07,12.45,-0.03,26,32369,卖盘
1233,10:03:56,12.48,--,1,1248,买盘
1234,10:03:41,12.48,--,0,0,中性盘
1235,10:03:37,12.48,0.04,7,8736,买盘
1236,10:03:32,12.44,-0.03,73,90812,卖盘
1237,10:03:26,12.47,0.02,41,51127,买盘
1238,10:03:17,12.45,-0.02,306,380970,卖盘
1239,10:03:07,12.47,-0.01,16,19952,卖盘
1240,10:03:02,12.48,0.01,7,8736,买盘
1241,10:02:56,12.47,--,83,103501,卖盘
1242,10:02:52,12.47,--,0,0,卖盘
1243,10:02:41,12.47,-0.02,112,139664,卖盘
1244,10:02:37,12.49,0.01,7,8743,买盘
1245,10:02:17,12.48,--,180,224640,卖盘
1246,10:01:56,12.48,--,35,43680,买盘
1247,10:01:41,12.48,-0.01,65,81120,卖盘
1248,10:01:37,12.49,0.01,7,8743,买盘
1249,10:01:32,12.48,-0.02,53,66144,卖盘
1250,10:01:16,12.5,0.01,57,71250,买盘
1251,10:01:11,12.49,-0.01,30,37470,卖盘
1252,10:01:07,12.5,--,13,16250,卖盘
1253,10:00:50,12.5,--,144,180000,买盘
1254,10:00:47,12.5,--,10,12500,买盘
1255,10:00:41,12.5,--,0,0,买盘
1256,10:00:35,12.5,--,12,15000,买盘
1257,10:00:32,12.5,--,9,11250,买盘
1258,10:00:17,12.5,0.02,7,8750,买盘
1259,10:00:11,12.48,-0.02,170,212160,卖盘
1260,09:59:56,12.5,--,23,28750,卖盘
1261,09:59:50,12.5,--,1,1250,卖盘
1262,09:59:35,12.5,--,340,425000,买盘
1263,09:59:26,12.5,--,4,5000,买盘
1264,09:59:20,12.5,--,0,0,买盘
1265,09:59:16,12.5,--,7,8750,买盘
1266,09:58:56,12.5,--,12,15000,买盘
1267,09:58:35,12.5,--,7,8750,买盘
1268,09:58:31,12.5,--,127,158750,买盘
1269,09:58:17,12.5,0.03,17,21250,买盘
1270,09:58:11,12.47,-0.03,17,21199,卖盘
1271,09:57:56,12.5,0.03,155,193750,买盘
1272,09:57:50,12.47,--,0,0,卖盘
1273,09:57:46,12.47,-0.03,10,12470,卖盘
1274,09:57:35,12.5,0.02,5,6250,买盘
1275,09:57:31,12.48,0.01,494,616512,买盘
1276,09:57:26,12.47,--,27,33669,买盘
1277,09:57:20,12.47,0.01,7,8729,买盘
1278,09:57:11,12.46,-0.01,6,7476,卖盘
1279,09:57:05,12.47,--,1,1247,买盘
1280,09:56:56,12.47,-0.01,7,8729,买盘
1281,09:56:46,12.48,--,0,0,买盘
1282,09:56:35,12.48,0.02,7,8736,买盘
1283,09:56:20,12.46,--,73,90958,卖盘
1284,09:56:11,12.46,-0.02,103,128338,卖盘
1285,09:56:05,12.48,-0.03,24,29952,卖盘
1286,09:55:56,12.51,--,7,8757,买盘
1287,09:55:50,12.51,--,20,25020,买盘
1288,09:55:41,12.51,--,10,12510,买盘
1289,09:55:35,12.51,-0.02,107,133857,卖盘
1290,09:55:26,12.53,--,0,0,买盘
1291,09:55:20,12.53,0.01,71,88963,买盘
1292,09:55:16,12.52,-0.01,3,3756,卖盘
1293,09:55:11,12.53,0.01,3,3759,买盘
1294,09:54:56,12.52,0.02,5,6260,买盘
1295,09:54:41,12.5,-0.02,1,1250,卖盘
1296,09:54:35,12.52,0.02,7,8764,买盘
1297,09:54:26,12.5,--,42,52500,买盘
1298,09:54:20,12.5,0.01,104,130000,买盘
1299,09:54:11,12.49,0.03,37,46213,买盘
1300,09:54:05,12.46,0.01,40,49840,卖盘
1301,09:53:56,12.45,--,0,0,卖盘
1302,09:53:50,12.45,--,40,49800,卖盘
1303,09:53:41,12.45,--,1,1245,卖盘
1304,09:53:35,12.45,--,68,84660,买盘
1305,09:53:29,12.45,--,191,237795,买盘
1306,09:53:26,12.45,-0.02,10,12450,买盘
1307,09:53:20,12.47,0.02,7,8729,买盘
1308,09:53:14,12.45,--,8,9960,卖盘
1309,09:53:05,12.45,--,124,154380,卖盘
1310,09:52:59,12.45,--,300,373500,买盘
1311,09:52:56,12.45,--,7,8715,买盘
1312,09:52:40,12.45,-0.02,30,37350,卖盘
1313,09:52:35,12.47,0.02,27,33669,买盘
1314,09:52:25,12.45,-0.03,3,3735,卖盘
1315,09:52:20,12.48,0.03,7,8736,中性盘
1316,09:52:14,12.45,-0.02,115,143175,卖盘
1317,09:52:10,12.47,-0.02,30,37410,卖盘
1318,09:52:05,12.49,--,0,0,买盘
1319,09:51:59,12.49,0.02,7,8743,买盘
1320,09:51:55,12.47,--,3,3741,卖盘
1321,09:51:50,12.47,-0.02,10,12470,卖盘
1322,09:51:40,12.49,--,7,8743,买盘
1323,09:51:29,12.49,-0.01,3,3747,卖盘
1324,09:51:20,12.5,0.01,7,8750,买盘
1325,09:51:14,12.49,--,39,48711,卖盘
1326,09:51:10,12.49,-0.01,46,57454,卖盘
1327,09:50:59,12.5,--,7,8750,买盘
1328,09:50:50,12.5,--,188,235000,卖盘
1329,09:50:44,12.5,-0.02,10,12500,卖盘
1330,09:50:40,12.52,--,7,8764,买盘
1331,09:50:35,12.52,0.02,3,3756,中性盘
1332,09:50:29,12.5,-0.02,8,10000,卖盘
1333,09:50:25,12.52,--,60,75120,卖盘
1334,09:50:20,12.52,--,18,22536,卖盘
1335,09:50:04,12.52,-0.02,300,375600,卖盘
1336,09:49:59,12.54,-0.01,23,28841,中性盘
1337,09:49:40,12.55,0.02,101,126755,买盘
1338,09:49:34,12.53,-0.01,49,62061,卖盘
1339,09:49:29,12.54,--,20,25080,卖盘
1340,09:49:20,12.54,--,25,31939,买盘
1341,09:49:14,12.54,0.01,3,3761,买盘
1342,09:48:59,12.53,--,26,32578,卖盘
1343,09:48:55,12.53,--,4,5012,买盘
1344,09:48:50,12.53,0.01,90,112770,买盘
1345,09:48:40,12.52,--,12,15024,卖盘
1346,09:48:35,12.52,--,8,10016,卖盘
1347,09:48:29,12.52,0.02,149,186548,买盘
1348,09:48:14,12.5,--,200,250000,买盘
1349,09:47:59,12.5,0.01,27,33750,买盘
1350,09:47:49,12.49,0.01,20,24980,买盘
1351,09:47:40,12.48,--,2,2496,买盘
1352,09:47:19,12.48,--,7,8736,买盘
1353,09:47:14,12.48,--,0,0,买盘
1354,09:47:05,12.48,0.04,6,7488,买盘
1355,09:46:59,12.44,--,15,18660,卖盘
1356,09:46:38,12.44,0.02,6,7464,买盘
1357,09:46:34,12.42,--,85,105570,卖盘
1358,09:46:29,12.42,--,0,0,卖盘
1359,09:46:23,12.42,--,1,1242,卖盘
1360,09:46:20,12.42,--,1,1242,卖盘
1361,09:46:14,12.42,0.01,41,50922,买盘
1362,09:46:04,12.41,-0.01,10,12410,卖盘
1363,09:45:59,12.42,--,7,8694,买盘
1364,09:45:50,12.42,--,16,19872,卖盘
1365,09:45:44,12.42,-0.02,31,38502,卖盘
1366,09:45:38,12.44,0.04,7,8708,买盘
1367,09:45:29,12.4,-0.05,317,393080,卖盘
1368,09:45:23,12.45,0.01,15,18675,中性盘
1369,09:45:14,12.44,-0.01,60,74640,卖盘
1370,09:45:04,12.45,--,15,18675,买盘
1371,09:44:59,12.45,--,7,8715,买盘
1372,09:44:53,12.45,-0.01,118,146910,卖盘
1373,09:44:44,12.46,-0.01,2,2492,中性盘
1374,09:44:38,12.47,--,97,120959,买盘
1375,09:44:23,12.47,--,12,14964,买盘
1376,09:44:13,12.47,--,105,130935,卖盘
1377,09:44:08,12.47,-0.01,5,6235,卖盘
1378,09:43:59,12.48,--,7,8736,买盘
1379,09:43:53,12.48,--,48,59904,卖盘
1380,09:43:43,12.48,--,24,29952,卖盘
1381,09:43:38,12.48,0.02,5,6240,买盘
1382,09:43:34,12.46,--,0,0,卖盘
1383,09:43:28,12.46,-0.04,100,124600,卖盘
1384,09:43:23,12.5,0.02,7,8750,买盘
1385,09:43:08,12.48,--,8,9984,买盘
1386,09:42:58,12.48,--,7,8736,买盘
1387,09:42:43,12.48,--,7,8736,买盘
1388,09:42:38,12.48,--,41,51168,卖盘
1389,09:42:34,12.48,-0.02,4,4992,卖盘
1390,09:42:28,12.5,-0.01,41,51250,卖盘
1391,09:42:23,12.51,0.01,15,18765,买盘
1392,09:42:08,12.5,--,21,26250,买盘
1393,09:41:58,12.5,--,7,8750,买盘
1394,09:41:53,12.5,-0.01,2,2500,卖盘
1395,09:41:43,12.51,--,21,26271,卖盘
1396,09:41:28,12.51,0.01,59,73809,买盘
1397,09:41:23,12.5,--,37,46250,卖盘
1398,09:41:19,12.5,-0.01,70,87500,卖盘
1399,09:41:08,12.51,-0.01,22,27522,卖盘
1400,09:40:58,12.52,0.01,7,8764,买盘
1401,09:40:53,12.51,-0.02,30,37530,卖盘
1402,09:40:49,12.53,0.02,17,21301,买盘
1403,09:40:43,12.51,-0.02,10,12510,卖盘
1404,09:40:23,12.53,--,37,46361,卖盘
1405,09:40:13,12.53,--,30,37590,卖盘
1406,09:40:08,12.53,--,45,56385,买盘
1407,09:39:58,12.53,--,7,8771,买盘
1408,09:39:53,12.53,--,100,125300,买盘
1409,09:39:43,12.53,--,17,21301,买盘
1410,09:39:38,12.53,--,0,0,买盘
1411,09:39:23,12.53,--,31,38843,卖盘
1412,09:39:08,12.53,-0.01,12,15036,卖盘
1413,09:39:02,12.54,-0.01,31,39538,卖盘
1414,09:38:53,12.55,--,25,31375,卖盘
1415,09:38:47,12.55,--,3,3765,买盘
1416,09:38:43,12.55,0.01,7,8785,买盘
1417,09:38:38,12.54,-0.01,23,29431,卖盘
1418,09:38:32,12.55,0.01,2,2510,买盘
1419,09:38:28,12.54,0.02,20,25080,买盘
1420,09:38:23,12.52,-0.01,30,37560,卖盘
1421,09:38:17,12.53,--,25,31325,买盘
1422,09:38:13,12.53,--,55,68915,卖盘
1423,09:38:07,12.53,-0.01,32,40096,卖盘
1424,09:38:02,12.54,0.01,27,33858,买盘
1425,09:37:58,12.53,-0.01,20,25060,卖盘
1426,09:37:52,12.54,--,13,16301,买盘
1427,09:37:43,12.54,0.02,7,8778,买盘
1428,09:37:32,12.52,--,0,0,卖盘
1429,09:37:17,12.52,--,6,7512,买盘
1430,09:37:02,12.52,0.02,7,8764,买盘
1431,09:36:52,12.5,-0.02,4,5000,卖盘
1432,09:36:43,12.52,0.02,7,8764,买盘
1433,09:36:28,12.5,-0.02,2,2500,卖盘
1434,09:36:22,12.52,0.02,7,8764,买盘
1435,09:36:07,12.5,-0.02,43,53750,卖盘
1436,09:36:02,12.52,0.01,23,28796,买盘
1437,09:35:43,12.51,--,5,6255,买盘
1438,09:35:37,12.51,--,8,10008,买盘
1439,09:35:32,12.51,-0.02,3,3753,买盘
1440,09:35:28,12.53,--,0,0,买盘
1441,09:35:22,12.53,0.03,7,8771,买盘
1442,09:35:13,12.5,--,2,2500,卖盘
1443,09:35:07,12.5,-0.04,10,12500,卖盘
1444,09:35:02,12.54,0.04,7,8778,买盘
1445,09:34:52,12.5,0.02,7,8750,买盘
1446,09:34:47,12.48,-0.02,51,63648,卖盘
1447,09:34:43,12.5,--,7,8750,买盘
1448,09:34:37,12.5,--,30,37500,买盘
1449,09:34:22,12.5,0.01,7,8750,买盘
1450,09:34:17,12.49,--,1,1249,卖盘
1451,09:34:13,12.49,-0.01,12,14988,卖盘
1452,09:34:07,12.5,--,29,36250,买盘
1453,09:34:02,12.5,0.01,7,8750,买盘
1454,09:33:47,12.49,-0.01,30,37470,卖盘
1455,09:33:42,12.5,0.01,7,8750,买盘
1456,09:33:37,12.49,--,20,24980,卖盘
1457,09:33:27,12.49,--,5,6245,买盘
1458,09:33:22,12.49,--,22,27478,买盘
1459,09:33:07,12.49,--,1,1249,买盘
1460,09:33:02,12.49,0.05,7,8743,买盘
1461,09:32:47,12.44,-0.05,18,22392,卖盘
1462,09:32:41,12.49,0.05,7,8743,买盘
1463,09:32:32,12.44,--,1,1244,卖盘
1464,09:32:26,12.44,--,1,1244,卖盘
1465,09:32:22,12.44,--,10,12440,买盘
1466,09:32:17,12.44,--,0,0,买盘
1467,09:32:02,12.44,-0.06,36,44784,卖盘
1468,09:31:46,12.5,-0.05,35,43750,卖盘
1469,09:31:41,12.55,--,0,0,买盘
1470,09:31:37,12.55,--,8,10040,买盘
1471,09:31:22,12.55,0.05,7,8785,买盘
1472,09:31:01,12.5,--,29,36250,买盘
1473,09:30:52,12.5,--,0,0,买盘
1474,09:30:46,12.5,0.06,7,8750,买盘
1475,09:30:31,12.44,-0.05,20,24880,卖盘
1476,09:30:26,12.49,0.08,5,6245,买盘
1477,09:30:11,12.41,-0.05,77,95557,卖盘
1478,09:30:07,12.46,--,19,23674,买盘
1479,09:28:53,12.46,--,0,0,买盘
1480,09:25:01,12.46,12.46,31,38626,买盘
