,time,price,change,volume,amount,type
0,15:00:00,11.03,-0.01,0,0,卖盘
1,15:00:00,11.04,0.01,18,19872,买盘
2,14:59:58,11.03,-0.01,66,72798,卖盘
3,14:59:53,11.04,0.01,13,14351,买盘
4,14:59:47,11.03,--,12,13236,卖盘
5,14:59:43,11.03,-0.01,418,461054,卖盘
6,14:59:38,11.04,--,23,25391,买盘
7,14:59:32,11.04,--,38,41952,买盘
8,14:59:28,11.04,0.01,175,193199,买盘
9,14:59:23,11.03,--,295,325385,买盘
10,14:59:17,11.03,--,210,231630,买盘
11,14:59:13,11.03,--,71,78313,买盘
12,14:59:08,11.03,--,85,93755,买盘
13,14:59:02,11.03,--,30,33090,买盘
14,14:58:58,11.03,0.01,1,1103,买盘
15,14:58:53,11.02,--,20,22040,卖盘
16,14:58:43,11.02,--,153,168606,买盘
17,14:58:38,11.02,--,99,109098,买盘
18,14:58:32,11.02,--,6,6612,买盘
19,14:58:28,11.02,--,30,33060,买盘
20,14:58:23,11.02,-0.02,470,517940,卖盘
21,14:58:17,11.04,--,10,11040,卖盘
22,14:58:13,11.04,--,21,23184,卖盘
23,14:58:08,11.04,0.01,613,676752,买盘
24,14:58:02,11.03,--,40,44120,卖盘
25,14:57:58,11.03,--,120,132360,买盘
26,14:57:53,11.03,--,12,13236,买盘
27,14:57:47,11.03,--,31,34193,买盘
28,14:57:43,11.03,--,15,16545,买盘
29,14:57:32,11.03,0.01,100,110300,买盘
30,14:57:28,11.02,-0.01,21,23142,卖盘
31,14:57:23,11.03,--,358,394874,买盘
32,14:57:17,11.03,0.01,27,29781,买盘
33,14:57:13,11.02,-0.01,30,33060,卖盘
34,14:57:08,11.03,--,67,73901,买盘
35,14:57:02,11.03,--,57,62870,买盘
36,14:56:53,11.03,0.01,64,70592,买盘
37,14:56:47,11.02,-0.01,20,22040,卖盘
38,14:56:43,11.03,0.01,9,9927,买盘
39,14:56:38,11.02,--,42,46284,买盘
40,14:56:32,11.02,-0.01,3,3306,买盘
41,14:56:28,11.03,--,0,0,买盘
42,14:56:23,11.03,0.02,406,447818,买盘
43,14:56:17,11.01,-0.01,3,3303,中性盘
44,14:56:13,11.02,0.01,449,494798,买盘
45,14:56:08,11.01,0.01,1,1101,买盘
46,14:56:02,11.0,-0.01,3,3300,卖盘
47,14:55:58,11.01,--,210,231210,买盘
48,14:55:53,11.01,0.01,2,2202,买盘
49,14:55:43,11.0,--,15,16500,卖盘
50,14:55:38,11.0,--,42,46200,卖盘
51,14:55:32,11.0,--,11,12100,买盘
52,14:55:28,11.0,--,133,146300,买盘
53,14:55:23,11.0,0.01,53,58300,买盘
54,14:55:17,10.99,-0.01,7,7693,卖盘
55,14:55:13,11.0,0.01,603,663300,买盘
56,14:55:07,10.99,-0.01,22,24178,卖盘
57,14:55:02,11.0,--,6,6600,买盘
58,14:54:58,11.0,--,155,170500,买盘
59,14:54:53,11.0,--,38,41800,买盘
60,14:54:43,11.0,--,109,119900,买盘
61,14:54:38,11.0,0.01,4,4400,买盘
62,14:54:32,10.99,--,10,10990,卖盘
63,14:54:28,10.99,--,3,3297,卖盘
64,14:54:23,10.99,0.01,12,13188,卖盘
65,14:54:13,10.98,-0.01,457,501786,卖盘
66,14:54:08,10.99,--,33,36267,买盘
67,14:53:57,10.99,0.01,6,6594,买盘
68,14:53:53,10.98,--,2,2196,卖盘
69,14:53:47,10.98,-0.01,2,2196,卖盘
70,14:53:38,10.99,--,2,2198,买盘
71,14:53:32,10.99,-0.01,113,124187,卖盘
72,14:53:17,11.0,-0.01,531,584100,卖盘
73,14:53:11,11.01,--,53,58353,卖盘
74,14:53:08,11.01,--,22,24222,卖盘
75,14:53:02,11.01,-0.01,11,12111,卖盘
76,14:52:56,11.02,--,6,6612,买盘
77,14:52:52,11.02,0.01,65,71630,买盘
78,14:52:47,11.01,-0.01,115,126615,卖盘
79,14:52:41,11.02,0.01,9,9918,买盘
80,14:52:37,11.01,-0.01,22,24222,卖盘
81,14:52:26,11.02,--,2,2204,买盘
82,14:52:22,11.02,0.01,23,25346,买盘
83,14:52:17,11.01,--,22,24222,卖盘
84,14:52:07,11.01,-0.01,3,3303,卖盘
85,14:52:02,11.02,0.01,72,79344,买盘
86,14:51:52,11.01,--,10,11010,卖盘
87,14:51:46,11.01,--,5,5505,卖盘
88,14:51:37,11.01,--,4,4404,卖盘
89,14:51:32,11.01,--,50,55050,买盘
90,14:51:11,11.01,--,20,22020,买盘
91,14:51:07,11.01,--,12,13212,买盘
92,14:51:02,11.01,--,47,51747,买盘
93,14:50:56,11.01,--,23,25323,卖盘
94,14:50:52,11.01,-0.01,100,110100,卖盘
95,14:50:41,11.02,0.01,1,1102,买盘
96,14:50:37,11.01,--,36,39636,卖盘
97,14:50:32,11.01,--,50,55050,卖盘
98,14:50:26,11.01,0.01,65,71565,买盘
99,14:50:11,11.0,-0.01,4,4400,卖盘
100,14:50:07,11.01,0.01,7,7707,买盘
101,14:50:01,11.0,--,21,23100,卖盘
102,14:49:56,11.0,--,16,17600,卖盘
103,14:49:46,11.0,--,43,47300,卖盘
104,14:49:41,11.0,-0.01,94,103400,卖盘
105,14:49:37,11.01,--,26,28626,买盘
106,14:49:26,11.01,0.01,12,13212,买盘
107,14:49:16,11.0,--,26,28600,卖盘
108,14:49:07,11.0,-0.01,12,13200,卖盘
109,14:48:52,11.01,0.01,126,138726,买盘
110,14:48:46,11.0,--,44,48400,卖盘
111,14:48:37,11.0,--,2,2200,卖盘
112,14:48:31,11.0,--,20,22000,卖盘
113,14:48:26,11.0,--,41,45100,卖盘
114,14:48:22,11.0,--,11,12100,卖盘
115,14:47:56,11.0,-0.01,79,86900,卖盘
116,14:47:52,11.01,--,28,30828,买盘
117,14:47:46,11.01,--,31,34131,卖盘
118,14:47:41,11.01,--,200,220200,卖盘
119,14:47:36,11.01,-0.01,20,22020,卖盘
120,14:47:31,11.02,--,4,4408,买盘
121,14:47:26,11.02,0.01,2,2204,买盘
122,14:47:22,11.01,-0.01,18,19818,卖盘
123,14:47:07,11.02,--,3,3306,买盘
124,14:47:01,11.02,--,3,3306,买盘
125,14:46:56,11.02,--,20,22040,买盘
126,14:46:52,11.02,--,23,25346,买盘
127,14:46:46,11.02,--,16,17632,卖盘
128,14:46:36,11.02,--,34,37468,卖盘
129,14:46:31,11.02,--,104,114608,卖盘
130,14:46:26,11.02,--,2,2204,卖盘
131,14:46:16,11.02,--,6,6612,卖盘
132,14:46:11,11.02,--,42,46284,买盘
133,14:45:56,11.02,0.01,5,5510,买盘
134,14:45:50,11.01,--,17,18717,卖盘
135,14:45:46,11.01,-0.01,13,14313,卖盘
136,14:45:41,11.02,0.01,158,174116,买盘
137,14:45:31,11.01,--,54,59454,卖盘
138,14:45:25,11.01,--,31,34131,卖盘
139,14:45:20,11.01,-0.01,4,4404,卖盘
140,14:45:16,11.02,0.01,12,13224,买盘
141,14:45:10,11.01,--,48,52848,买盘
142,14:45:05,11.01,--,50,55050,买盘
143,14:44:55,11.01,--,12,13212,卖盘
144,14:44:46,11.01,--,29,31929,卖盘
145,14:44:40,11.01,--,43,47343,卖盘
146,14:44:25,11.01,0.01,50,55050,买盘
147,14:44:16,11.0,-0.01,68,74800,卖盘
148,14:44:10,11.01,--,10,11010,买盘
149,14:44:05,11.01,--,11,12111,买盘
150,14:43:55,11.01,0.01,77,84777,买盘
151,14:43:50,11.0,--,3,3300,卖盘
152,14:43:40,11.0,-0.01,11,12100,卖盘
153,14:43:31,11.01,0.01,4,4404,买盘
154,14:43:25,11.0,--,13,14300,卖盘
155,14:43:20,11.0,-0.01,4,4400,卖盘
156,14:43:16,11.01,0.01,33,36333,买盘
157,14:43:10,11.0,-0.01,31,34100,卖盘
158,14:43:05,11.01,-0.01,10,11010,买盘
159,14:43:01,11.02,--,0,0,买盘
160,14:42:55,11.02,0.01,123,135546,买盘
161,14:42:46,11.01,-0.01,41,45141,卖盘
162,14:42:40,11.02,0.01,65,71630,买盘
163,14:42:25,11.01,--,20,22020,卖盘
164,14:42:20,11.01,-0.01,32,35232,卖盘
165,14:42:16,11.02,--,2,2204,买盘
166,14:42:10,11.02,0.01,10,11020,买盘
167,14:42:01,11.01,-0.01,21,23121,卖盘
168,14:41:55,11.02,--,120,132240,卖盘
169,14:41:50,11.02,--,3,3306,卖盘
170,14:41:46,11.02,--,74,81548,卖盘
171,14:41:40,11.02,--,123,135546,卖盘
172,14:41:31,11.02,--,8,8816,卖盘
173,14:41:25,11.02,--,7,7714,卖盘
174,14:41:16,11.02,-0.01,4,4408,卖盘
175,14:41:10,11.03,--,78,86034,买盘
176,14:41:05,11.03,--,50,55150,买盘
177,14:41:01,11.03,0.01,21,23163,买盘
178,14:40:55,11.02,--,25,27550,卖盘
179,14:40:46,11.02,--,6,6612,卖盘
180,14:40:35,11.02,--,5,5510,卖盘
181,14:40:30,11.02,--,7,7714,卖盘
182,14:40:25,11.02,--,129,142158,买盘
183,14:40:20,11.02,--,50,55100,买盘
184,14:40:15,11.02,0.01,3,3306,买盘
185,14:40:10,11.01,-0.01,12,13212,卖盘
186,14:40:05,11.02,0.01,7,7714,买盘
187,14:39:55,11.01,-0.01,3,3303,卖盘
188,14:39:50,11.02,--,1,1102,买盘
189,14:39:45,11.02,0.01,35,38570,买盘
190,14:39:40,11.01,-0.01,6,6606,卖盘
191,14:39:30,11.02,0.01,4,4408,买盘
192,14:39:25,11.01,--,36,39636,买盘
193,14:39:19,11.01,--,1,1101,买盘
194,14:39:14,11.01,--,541,595641,买盘
195,14:39:04,11.01,0.01,60,66060,买盘
196,14:38:59,11.0,--,20,22000,卖盘
197,14:38:55,11.0,-0.01,208,228800,卖盘
198,14:38:40,11.01,--,440,484440,买盘
199,14:38:34,11.01,0.01,7,7707,买盘
200,14:38:29,11.0,-0.01,24,26400,卖盘
201,14:38:25,11.01,0.01,8,8808,买盘
202,14:38:19,11.0,--,10,11000,卖盘
203,14:38:14,11.0,-0.01,160,176000,卖盘
204,14:38:04,11.01,0.01,50,55050,买盘
205,14:37:49,11.0,-0.01,15,16500,卖盘
206,14:37:44,11.01,--,10,11010,买盘
207,14:37:40,11.01,0.01,2,2202,买盘
208,14:37:34,11.0,-0.01,42,46200,卖盘
209,14:37:29,11.01,0.01,110,121110,买盘
210,14:37:25,11.0,-0.01,39,42900,卖盘
211,14:37:10,11.01,-0.01,336,369936,卖盘
212,14:37:04,11.02,0.01,4,4408,买盘
213,14:36:55,11.01,-0.01,36,39636,卖盘
214,14:36:49,11.02,0.02,33,36366,买盘
215,14:36:44,11.0,--,10,11000,卖盘
216,14:36:34,11.0,-0.02,16,17600,卖盘
217,14:36:25,11.02,0.02,3,3306,买盘
218,14:36:19,11.0,--,6,6600,卖盘
219,14:36:14,11.0,--,12,13200,卖盘
220,14:36:04,11.0,0.01,174,191400,买盘
221,14:35:55,10.99,-0.01,274,301126,卖盘
222,14:35:49,11.0,--,102,112200,买盘
223,14:35:40,11.0,--,19,20900,买盘
224,14:35:34,11.0,-0.01,210,231000,卖盘
225,14:35:25,11.01,--,6,6606,买盘
226,14:35:19,11.01,-0.02,11,12111,买盘
227,14:35:14,11.03,-0.01,37,40811,卖盘
228,14:35:09,11.04,0.03,422,465887,买盘
229,14:35:04,11.01,0.01,33,36333,买盘
230,14:34:55,11.0,--,302,332200,卖盘
231,14:34:49,11.0,--,244,268400,买盘
232,14:34:39,11.0,0.01,21,23100,买盘
233,14:34:34,10.99,--,10,10990,买盘
234,14:34:24,10.99,--,20,21980,买盘
235,14:34:19,10.99,--,21,23079,买盘
236,14:34:14,10.99,--,11,12089,买盘
237,14:34:04,10.99,--,104,114296,买盘
238,14:33:54,10.99,0.01,40,43960,买盘
239,14:33:49,10.98,--,3,3294,卖盘
240,14:33:39,10.98,--,19,20862,买盘
241,14:33:34,10.98,-0.01,29,31842,卖盘
242,14:33:29,10.99,0.01,4,4396,买盘
243,14:33:24,10.98,0.01,5,5490,买盘
244,14:33:14,10.97,--,8,8776,买盘
245,14:33:09,10.97,0.01,23,25231,买盘
246,14:33:04,10.96,-0.03,4,4384,卖盘
247,14:32:54,10.99,0.03,2,2198,买盘
248,14:32:49,10.96,--,21,23016,卖盘
249,14:32:28,10.96,-0.04,40,43840,卖盘
250,14:32:24,11.0,0.04,5,5500,买盘
251,14:32:19,10.96,--,440,482240,买盘
252,14:32:13,10.96,--,16,17536,买盘
253,14:31:58,10.96,-0.01,92,100832,卖盘
254,14:31:49,10.97,0.01,4,4388,中性盘
255,14:31:43,10.96,-0.02,15,16440,卖盘
256,14:31:28,10.98,--,416,456768,买盘
257,14:31:19,10.98,0.01,7,7686,买盘
258,14:31:13,10.97,0.01,4,4388,买盘
259,14:30:58,10.96,-0.01,10,10960,卖盘
260,14:30:49,10.97,0.01,40,43880,买盘
261,14:30:43,10.96,-0.01,55,60280,卖盘
262,14:30:28,10.97,0.01,5,5485,买盘
263,14:30:13,10.96,-0.01,4,4384,卖盘
264,14:30:04,10.97,--,3,3291,买盘
265,14:29:49,10.97,--,3,3291,买盘
266,14:29:43,10.97,--,9,9873,卖盘
267,14:29:34,10.97,--,7,7679,买盘
268,14:29:28,10.97,--,58,63626,买盘
269,14:29:23,10.97,--,1,1097,买盘
270,14:29:19,10.97,--,24,26328,卖盘
271,14:29:13,10.97,0.01,1,1097,中性盘
272,14:29:08,10.96,-0.02,15,16440,卖盘
273,14:29:04,10.98,0.02,5,5490,买盘
274,14:28:58,10.96,--,24,26304,卖盘
275,14:28:49,10.96,--,0,0,卖盘
276,14:28:43,10.96,-0.02,101,110696,卖盘
277,14:28:33,10.98,--,7,7686,买盘
278,14:28:19,10.98,0.02,3,3294,买盘
279,14:28:13,10.96,--,30,32880,卖盘
280,14:28:04,10.96,-0.02,4,4384,卖盘
281,14:27:58,10.98,0.02,46,50508,买盘
282,14:27:48,10.96,0.01,6,6576,买盘
283,14:27:43,10.95,-0.01,24,26280,卖盘
284,14:27:33,10.96,--,5,5480,买盘
285,14:27:28,10.96,0.01,37,40552,买盘
286,14:27:18,10.95,--,32,35040,卖盘
287,14:27:13,10.95,--,20,21900,卖盘
288,14:27:08,10.95,--,1,1095,卖盘
289,14:26:58,10.95,--,426,466469,买盘
290,14:26:53,10.95,--,72,78840,买盘
291,14:26:48,10.95,0.01,41,44895,买盘
292,14:26:37,10.94,--,4,4923,卖盘
293,14:26:33,10.94,--,153,167382,买盘
294,14:26:28,10.94,--,235,257090,买盘
295,14:26:22,10.94,--,15,16410,买盘
296,14:26:18,10.94,--,57,62358,买盘
297,14:26:13,10.94,0.01,101,110494,买盘
298,14:26:07,10.93,-0.01,9,9837,卖盘
299,14:26:03,10.94,--,10,10940,买盘
300,14:25:58,10.94,--,1,1094,买盘
301,14:25:48,10.94,--,18,19692,买盘
302,14:25:43,10.94,--,194,212236,卖盘
303,14:25:37,10.94,-0.01,70,76580,卖盘
304,14:25:33,10.95,--,10,10950,买盘
305,14:25:28,10.95,--,27,29564,买盘
306,14:25:22,10.95,--,100,109500,买盘
307,14:25:18,10.95,--,60,65700,买盘
308,14:25:13,10.95,--,22,24090,买盘
309,14:25:07,10.95,--,31,33945,买盘
310,14:25:02,10.95,--,50,54750,买盘
311,14:24:58,10.95,--,113,123734,买盘
312,14:24:52,10.95,0.01,10,10950,买盘
313,14:24:47,10.94,--,50,54700,卖盘
314,14:24:43,10.94,--,98,107212,卖盘
315,14:24:37,10.94,--,23,25162,卖盘
316,14:24:32,10.94,--,5,5470,卖盘
317,14:24:28,10.94,-0.01,50,54700,卖盘
318,14:24:22,10.95,0.01,124,135780,买盘
319,14:24:13,10.94,-0.01,104,113776,卖盘
320,14:24:07,10.95,0.01,11,12045,买盘
321,14:24:02,10.94,-0.01,59,64546,卖盘
322,14:23:58,10.95,--,350,383250,买盘
323,14:23:52,10.95,--,20,21900,买盘
324,14:23:42,10.95,0.01,116,127019,买盘
325,14:23:37,10.94,--,13,14222,卖盘
326,14:23:32,10.94,--,5,5470,卖盘
327,14:23:28,10.94,0.01,10,10940,卖盘
328,14:23:22,10.93,-0.01,64,69952,卖盘
329,14:23:17,10.94,--,70,77061,买盘
330,14:23:13,10.94,0.01,78,85332,买盘
331,14:23:02,10.93,--,12,13116,卖盘
332,14:22:58,10.93,--,26,28418,卖盘
333,14:22:52,10.93,--,211,230623,卖盘
334,14:22:47,10.93,--,10,10930,卖盘
335,14:22:43,10.93,-0.01,3,3279,卖盘
336,14:22:37,10.94,--,10,10940,买盘
337,14:22:32,10.94,--,10,10940,买盘
338,14:22:27,10.94,0.01,22,24068,买盘
339,14:22:22,10.93,-0.01,151,165043,卖盘
340,14:22:12,10.94,--,98,107212,买盘
341,14:22:07,10.94,0.01,10,10940,买盘
342,14:22:02,10.93,--,400,437200,卖盘
343,14:21:57,10.93,-0.02,118,128974,卖盘
344,14:21:52,10.95,0.02,59,64604,买盘
345,14:21:42,10.93,--,0,0,卖盘
346,14:21:37,10.93,-0.02,6,6558,卖盘
347,14:21:22,10.95,-0.01,38,41610,卖盘
348,14:21:12,10.96,0.04,27,29592,买盘
349,14:21:07,10.92,-0.01,8,8736,卖盘
350,14:21:02,10.93,0.01,10,10930,买盘
351,14:20:57,10.92,-0.04,1084,1183728,卖盘
352,14:20:52,10.96,0.02,71,77816,买盘
353,14:20:47,10.94,-0.02,809,885046,卖盘
354,14:20:42,10.96,--,104,113984,买盘
355,14:20:37,10.96,--,613,671848,卖盘
356,14:20:32,10.96,--,44,48224,卖盘
357,14:20:27,10.96,--,291,318936,卖盘
358,14:20:16,10.96,-0.01,7,7672,卖盘
359,14:20:12,10.97,--,4,4388,买盘
360,14:20:07,10.97,-0.01,121,132737,卖盘
361,14:19:57,10.98,--,8,8784,买盘
362,14:19:52,10.98,--,151,165798,买盘
363,14:19:46,10.98,0.01,110,120780,买盘
364,14:19:42,10.97,--,8,8776,卖盘
365,14:19:37,10.97,--,165,181005,卖盘
366,14:19:31,10.97,--,20,21940,卖盘
367,14:19:27,10.97,--,11,12067,卖盘
368,14:19:22,10.97,-0.01,29,31813,卖盘
369,14:19:16,10.98,0.01,14,15372,买盘
370,14:19:12,10.97,-0.01,239,262183,卖盘
371,14:18:57,10.98,--,65,71370,买盘
372,14:18:52,10.98,--,65,71370,买盘
373,14:18:46,10.98,-0.03,975,1070550,卖盘
374,14:18:42,11.01,--,4,4404,买盘
375,14:18:37,11.01,0.01,46,50646,买盘
376,14:18:27,11.0,-0.01,8,8800,卖盘
377,14:18:16,11.01,0.01,4,4404,买盘
378,14:18:07,11.0,0.01,65,71500,买盘
379,14:18:01,10.99,-0.01,4,4396,卖盘
380,14:17:52,11.0,--,7,7700,买盘
381,14:17:41,11.0,-0.01,5,5500,买盘
382,14:17:31,11.01,0.01,25,27525,买盘
383,14:17:26,11.0,--,5,5500,买盘
384,14:17:22,11.0,-0.01,42,46200,卖盘
385,14:17:16,11.01,--,71,78171,买盘
386,14:17:07,11.01,0.01,15,16515,买盘
387,14:16:51,11.0,--,220,242000,买盘
388,14:16:46,11.0,--,1,1100,买盘
389,14:16:41,11.0,--,44,48400,买盘
390,14:16:31,11.0,--,7,7700,买盘
391,14:16:21,11.0,0.01,16,17600,买盘
392,14:16:16,10.99,--,2,2198,卖盘
393,14:16:06,10.99,-0.01,9,9891,卖盘
394,14:16:01,11.0,0.01,1,1100,买盘
395,14:15:26,10.99,--,3,3297,买盘
396,14:15:21,10.99,--,15,16485,买盘
397,14:15:11,10.99,0.01,36,39564,买盘
398,14:15:06,10.98,-0.01,60,65880,卖盘
399,14:15:01,10.99,--,5,5495,买盘
400,14:14:56,10.99,0.01,40,43960,买盘
401,14:14:51,10.98,-0.01,57,62586,卖盘
402,14:14:46,10.99,0.01,28,30772,买盘
403,14:14:36,10.98,--,521,572058,卖盘
404,14:14:21,10.98,-0.01,23,25254,卖盘
405,14:14:11,10.99,0.01,1,1099,买盘
406,14:14:01,10.98,--,130,142740,卖盘
407,14:13:51,10.98,--,3,3294,卖盘
408,14:13:40,10.98,--,4,4392,卖盘
409,14:13:31,10.98,--,5,5490,卖盘
410,14:13:25,10.98,--,5,5490,卖盘
411,14:13:21,10.98,--,11,12078,买盘
412,14:13:16,10.98,--,12,13176,买盘
413,14:13:06,10.98,-0.01,79,86742,买盘
414,14:13:01,10.99,--,0,0,买盘
415,14:12:51,10.99,0.01,863,948437,买盘
416,14:12:46,10.98,-0.01,9,9882,卖盘
417,14:12:40,10.99,--,120,131880,买盘
418,14:12:36,10.99,--,10,10990,买盘
419,14:12:21,10.99,-0.01,42,46158,卖盘
420,14:12:16,11.0,0.01,3,3300,买盘
421,14:12:10,10.99,--,50,54950,卖盘
422,14:12:06,10.99,-0.01,10,10990,卖盘
423,14:12:01,11.0,--,220,242000,买盘
424,14:11:40,11.0,--,133,146300,卖盘
425,14:11:36,11.0,-0.01,26,28600,卖盘
426,14:11:31,11.01,--,13,14313,买盘
427,14:11:25,11.01,0.01,20,22020,买盘
428,14:11:16,11.0,-0.01,220,242000,卖盘
429,14:11:06,11.01,0.01,93,102393,买盘
430,14:10:55,11.0,--,100,110000,卖盘
431,14:10:51,11.0,-0.01,18,20372,卖盘
432,14:10:46,11.01,0.01,102,112302,买盘
433,14:10:36,11.0,--,26,28600,卖盘
434,14:10:31,11.0,--,35,38500,卖盘
435,14:10:25,11.0,--,496,546062,买盘
436,14:10:16,11.0,--,13,14300,买盘
437,14:10:10,11.0,--,98,107800,买盘
438,14:10:01,11.0,--,53,58300,买盘
439,14:09:46,11.0,0.01,5,5500,买盘
440,14:09:40,10.99,--,9,9891,买盘
441,14:09:30,10.99,--,6,6594,买盘
442,14:09:25,10.99,0.01,1,1099,买盘
443,14:09:20,10.98,--,6,6588,卖盘
444,14:09:15,10.98,--,128,140544,买盘
445,14:09:10,10.98,--,51,55998,买盘
446,14:09:05,10.98,0.01,20,21960,买盘
447,14:09:00,10.97,--,18,19746,卖盘
448,14:08:50,10.97,--,1,1097,卖盘
449,14:08:45,10.97,0.01,142,155774,买盘
450,14:08:40,10.96,-0.01,80,87680,卖盘
451,14:08:35,10.97,0.01,49,53753,买盘
452,14:08:30,10.96,-0.01,36,39456,卖盘
453,14:08:25,10.97,0.01,37,40589,买盘
454,14:08:20,10.96,-0.01,168,184128,卖盘
455,14:08:15,10.97,--,114,125058,买盘
456,14:08:10,10.97,--,130,142610,买盘
457,14:08:05,10.97,--,102,111894,买盘
458,14:08:00,10.97,--,35,38395,买盘
459,14:07:55,10.97,--,23,25231,买盘
460,14:07:50,10.97,--,75,82275,买盘
461,14:07:45,10.97,--,40,43880,买盘
462,14:07:40,10.97,--,158,173326,卖盘
463,14:07:34,10.97,-0.01,20,21940,卖盘
464,14:07:30,10.98,0.01,104,114192,买盘
465,14:07:25,10.97,-0.01,116,127252,卖盘
466,14:07:19,10.98,--,84,92232,卖盘
467,14:07:15,10.98,--,81,88938,卖盘
468,14:07:10,10.98,--,7,7686,卖盘
469,14:07:04,10.98,-0.01,1,1098,卖盘
470,14:07:00,10.99,--,17,18683,买盘
471,14:06:55,10.99,--,323,354977,卖盘
472,14:06:49,10.99,--,127,139573,卖盘
473,14:06:45,10.99,--,24,26376,卖盘
474,14:06:40,10.99,--,11,12089,卖盘
475,14:06:34,10.99,--,20,21980,卖盘
476,14:06:30,10.99,-0.01,14,15386,卖盘
477,14:06:25,11.0,--,34,37400,买盘
478,14:06:19,11.0,--,61,67738,卖盘
479,14:06:15,11.0,--,200,220000,卖盘
480,14:06:10,11.0,--,761,837100,卖盘
481,14:06:04,11.0,--,48,52800,卖盘
482,14:06:00,11.0,--,635,698500,卖盘
483,14:05:55,11.0,--,60,66000,卖盘
484,14:05:49,11.0,-0.01,24,26400,卖盘
485,14:05:45,11.01,0.01,32,35232,买盘
486,14:05:40,11.0,--,104,114400,卖盘
487,14:05:34,11.0,-0.01,472,519200,卖盘
488,14:05:30,11.01,-0.01,38,41838,卖盘
489,14:05:25,11.02,0.01,1,1102,买盘
490,14:05:19,11.01,-0.01,11,12111,卖盘
491,14:05:15,11.02,--,41,45182,卖盘
492,14:05:10,11.02,-0.01,7,7714,卖盘
493,14:05:00,11.03,--,25,27575,买盘
494,14:04:55,11.03,0.01,1,1103,买盘
495,14:04:40,11.02,--,5,5510,卖盘
496,14:04:34,11.02,0.01,485,534470,买盘
497,14:04:30,11.01,-0.01,9,9909,卖盘
498,14:04:15,11.02,--,10,11020,买盘
499,14:04:10,11.02,--,1,1102,买盘
500,14:04:00,11.02,0.01,2,2204,买盘
501,14:03:55,11.01,-0.01,5,5505,卖盘
502,14:03:45,11.02,--,23,25346,买盘
503,14:03:40,11.02,--,27,29754,买盘
504,14:03:24,11.02,--,4,4408,买盘
505,14:03:10,11.02,--,33,36366,买盘
506,14:02:59,11.02,--,10,11020,买盘
507,14:02:55,11.02,0.01,1,1102,买盘
508,14:02:49,11.01,-0.01,22,24222,卖盘
509,14:02:39,11.02,--,8,8816,买盘
510,14:02:34,11.02,--,1,1102,买盘
511,14:02:24,11.02,0.01,5,5510,买盘
512,14:02:09,11.01,-0.01,60,66060,卖盘
513,14:01:54,11.02,0.01,9,9918,买盘
514,14:01:39,11.01,-0.01,30,33030,卖盘
515,14:01:34,11.02,--,1,1102,买盘
516,14:01:29,11.02,--,10,11020,买盘
517,14:01:24,11.02,0.01,8,8816,买盘
518,14:01:19,11.01,-0.01,58,63858,卖盘
519,14:01:04,11.02,--,91,100282,买盘
520,14:00:54,11.02,--,271,298642,买盘
521,14:00:48,11.02,--,4,4408,买盘
522,14:00:42,11.02,--,37,40774,卖盘
523,14:00:39,11.02,--,351,386802,卖盘
524,14:00:27,11.02,--,11,12122,卖盘
525,14:00:24,11.02,-0.01,36,39672,卖盘
526,14:00:19,11.03,--,6,6618,买盘
527,14:00:09,11.03,0.01,9,9927,买盘
528,14:00:04,11.02,-0.01,8,8816,卖盘
529,13:59:57,11.03,--,10,11030,买盘
530,13:59:54,11.03,--,1,1103,买盘
531,13:59:49,11.03,--,14,15442,卖盘
532,13:59:39,11.03,--,53,58459,卖盘
533,13:59:34,11.03,--,60,66180,卖盘
534,13:59:27,11.03,--,10,11030,卖盘
535,13:59:24,11.03,-0.01,49,54047,卖盘
536,13:59:19,11.04,0.01,16,17664,买盘
537,13:59:09,11.03,--,84,92652,卖盘
538,13:59:04,11.03,--,7,7721,卖盘
539,13:58:57,11.03,--,10,11030,卖盘
540,13:58:54,11.03,--,19,20957,卖盘
541,13:58:49,11.03,--,23,25369,卖盘
542,13:58:39,11.03,--,28,30884,卖盘
543,13:58:34,11.03,-0.01,3,3309,卖盘
544,13:58:24,11.04,--,4,4416,买盘
545,13:58:12,11.04,0.01,1,1104,买盘
546,13:58:09,11.03,-0.01,4,4412,卖盘
547,13:57:54,11.04,0.01,4,4416,买盘
548,13:57:48,11.03,--,10,11030,卖盘
549,13:57:39,11.03,--,32,35296,卖盘
550,13:57:33,11.03,-0.01,4,4412,卖盘
551,13:57:12,11.04,--,53,58511,买盘
552,13:57:09,11.04,--,82,90528,买盘
553,13:56:54,11.04,0.01,1,1104,买盘
554,13:56:48,11.03,-0.01,20,22060,卖盘
555,13:56:38,11.04,0.01,3,3311,买盘
556,13:56:33,11.03,--,2,2206,卖盘
557,13:56:18,11.03,-0.01,10,11030,卖盘
558,13:56:03,11.04,--,12,13247,买盘
559,13:55:48,11.04,--,74,81696,买盘
560,13:55:42,11.04,--,1,1104,买盘
561,13:55:33,11.04,--,57,62927,买盘
562,13:55:27,11.04,--,8,8832,买盘
563,13:55:12,11.04,--,68,75072,买盘
564,13:55:03,11.04,0.01,9,9936,买盘
565,13:54:57,11.03,-0.01,4,4412,卖盘
566,13:54:53,11.04,--,23,25391,买盘
567,13:54:42,11.04,--,1,1104,买盘
568,13:54:33,11.04,--,9,9936,买盘
569,13:54:18,11.04,--,119,131376,卖盘
570,13:54:06,11.04,-0.01,53,58511,卖盘
571,13:54:03,11.05,0.01,67,74035,买盘
572,13:53:57,11.04,-0.01,11,12143,卖盘
573,13:53:42,11.05,--,22,24310,买盘
574,13:53:33,11.05,--,7,7735,买盘
575,13:53:27,11.05,0.01,40,44200,买盘
576,13:53:21,11.04,-0.01,8,8832,卖盘
577,13:53:12,11.05,--,171,188955,卖盘
578,13:53:06,11.05,--,300,331500,卖盘
579,13:53:03,11.05,--,5,5525,卖盘
580,13:52:57,11.05,-0.01,4,4420,卖盘
581,13:52:48,11.06,--,72,79632,买盘
582,13:52:42,11.06,--,22,24332,卖盘
583,13:52:36,11.06,--,14,15484,卖盘
584,13:52:33,11.06,--,14,15484,卖盘
585,13:52:27,11.06,--,14,15484,卖盘
586,13:52:21,11.06,--,4,4424,卖盘
587,13:52:18,11.06,--,8,8848,卖盘
588,13:52:12,11.06,--,5,5530,买盘
589,13:52:06,11.06,0.01,8,8848,中性盘
590,13:52:03,11.05,--,90,99450,卖盘
591,13:51:57,11.05,--,22,24310,卖盘
592,13:51:51,11.05,--,4,4420,卖盘
593,13:51:48,11.05,--,679,750295,买盘
594,13:51:42,11.05,--,33,36465,买盘
595,13:51:33,11.05,--,107,118235,买盘
596,13:51:27,11.05,--,638,704990,买盘
597,13:51:21,11.05,--,1,1105,买盘
598,13:51:18,11.05,--,11,12155,买盘
599,13:51:12,11.05,--,7,7735,买盘
600,13:50:57,11.05,0.01,15,16575,买盘
601,13:50:48,11.04,-0.01,19,20976,卖盘
602,13:50:42,11.05,--,13,14365,买盘
603,13:50:33,11.05,0.01,8,8840,买盘
604,13:50:27,11.04,-0.01,20,22080,卖盘
605,13:50:18,11.05,--,1,1105,买盘
606,13:50:12,11.05,--,58,64090,买盘
607,13:50:02,11.05,--,24,26520,买盘
608,13:49:57,11.05,--,10,11050,买盘
609,13:49:51,11.05,--,7,7735,买盘
610,13:49:32,11.05,0.01,90,99450,买盘
611,13:49:27,11.04,--,13,14351,买盘
612,13:49:21,11.04,--,403,444911,卖盘
613,13:49:12,11.04,-0.01,40,44160,卖盘
614,13:49:06,11.05,--,7,7735,买盘
615,13:48:57,11.05,--,1,1105,买盘
616,13:48:42,11.05,0.01,20,22100,买盘
617,13:48:30,11.04,--,8,8832,卖盘
618,13:48:21,11.04,-0.01,10,11040,卖盘
619,13:48:06,11.05,0.02,7,7735,买盘
620,13:48:00,11.03,--,0,0,卖盘
621,13:47:57,11.03,-0.01,23,25369,卖盘
622,13:47:51,11.04,--,61,67344,卖盘
623,13:47:36,11.04,0.01,16,17664,卖盘
624,13:47:27,11.03,-0.01,201,221703,卖盘
625,13:47:21,11.04,--,10,11040,卖盘
626,13:47:12,11.04,-0.01,2,2208,卖盘
627,13:47:06,11.05,0.01,7,7735,买盘
628,13:46:57,11.04,--,30,33120,买盘
629,13:46:45,11.04,--,8,8832,买盘
630,13:46:36,11.04,0.01,13,14351,买盘
631,13:46:30,11.03,-0.01,84,92652,卖盘
632,13:46:27,11.04,--,7,7727,卖盘
633,13:46:15,11.04,--,1,1104,买盘
634,13:46:12,11.04,0.01,1,1104,卖盘
635,13:46:06,11.03,-0.02,60,66180,卖盘
636,13:45:57,11.05,0.01,62,68510,买盘
637,13:45:42,11.04,--,1,1104,买盘
638,13:45:36,11.04,0.01,3,3311,买盘
639,13:45:30,11.03,--,10,11030,卖盘
640,13:45:12,11.03,-0.01,32,35296,卖盘
641,13:45:06,11.04,0.01,3,3311,买盘
642,13:44:51,11.03,-0.01,13,14339,卖盘
643,13:44:36,11.04,--,1,1104,买盘
644,13:44:30,11.04,0.01,19,20976,买盘
645,13:44:15,11.03,-0.01,20,22060,卖盘
646,13:44:06,11.04,--,20,22080,买盘
647,13:44:00,11.04,--,16,17664,买盘
648,13:43:57,11.04,--,11,12143,买盘
649,13:43:51,11.04,--,8,8832,买盘
650,13:43:26,11.04,--,2,2208,买盘
651,13:43:21,11.04,--,5,5520,卖盘
652,13:43:11,11.04,--,1,1104,卖盘
653,13:43:06,11.04,-0.01,17,18768,卖盘
654,13:42:51,11.05,0.01,5,5525,买盘
655,13:42:41,11.04,-0.01,33,36432,卖盘
656,13:42:36,11.05,0.01,3,3315,买盘
657,13:42:30,11.04,-0.01,2,2208,卖盘
658,13:42:21,11.05,0.01,5,5525,买盘
659,13:42:15,11.04,--,36,39744,买盘
660,13:42:11,11.04,--,79,87216,卖盘
661,13:42:06,11.04,--,3,3311,卖盘
662,13:41:56,11.04,-0.01,4,4416,卖盘
663,13:41:51,11.05,--,1,1105,买盘
664,13:41:36,11.05,0.01,18,19890,买盘
665,13:41:21,11.04,-0.01,40,44160,卖盘
666,13:41:15,11.05,--,1,1105,买盘
667,13:41:06,11.05,0.01,9,9945,买盘
668,13:41:00,11.04,--,15,16560,卖盘
669,13:40:54,11.04,-0.01,20,22080,卖盘
670,13:40:51,11.05,--,5,5525,买盘
671,13:40:45,11.05,--,9,9945,买盘
672,13:40:30,11.05,--,5,5525,买盘
673,13:40:24,11.05,0.01,37,40885,买盘
674,13:40:21,11.04,-0.01,16,17664,卖盘
675,13:40:09,11.05,--,1,1105,买盘
676,13:40:06,11.05,--,13,14365,买盘
677,13:40:00,11.05,0.01,94,103870,买盘
678,13:39:51,11.04,-0.01,4,4416,卖盘
679,13:39:45,11.05,--,240,265200,买盘
680,13:39:36,11.05,--,3,3315,买盘
681,13:39:15,11.05,--,35,38675,买盘
682,13:39:06,11.05,0.01,21,23205,买盘
683,13:39:00,11.04,--,8,8832,卖盘
684,13:38:39,11.04,--,50,55199,卖盘
685,13:38:30,11.04,0.01,52,57407,买盘
686,13:38:24,11.03,-0.01,20,22060,卖盘
687,13:38:21,11.04,--,67,73968,买盘
688,13:38:00,11.04,--,44,48575,卖盘
689,13:37:54,11.04,--,165,182160,卖盘
690,13:37:45,11.04,--,29,32015,买盘
691,13:37:36,11.04,--,23,25391,买盘
692,13:37:30,11.04,--,91,100463,买盘
693,13:37:21,11.04,0.01,20,22080,买盘
694,13:37:15,11.03,--,4,4412,买盘
695,13:37:09,11.03,--,6,6618,买盘
696,13:37:06,11.03,--,6,6618,卖盘
697,13:36:50,11.03,--,35,38605,卖盘
698,13:36:30,11.03,0.01,27,29781,买盘
699,13:36:24,11.02,-0.01,2,2204,卖盘
700,13:36:20,11.03,--,99,109197,买盘
701,13:36:15,11.03,--,25,27575,买盘
702,13:36:09,11.03,--,5,5515,买盘
703,13:36:05,11.03,--,19,20957,买盘
704,13:36:00,11.03,--,3,3309,买盘
705,13:35:30,11.03,--,3,3309,买盘
706,13:34:50,11.03,0.02,20,22060,买盘
707,13:34:39,11.01,--,10,11010,买盘
708,13:34:34,11.01,--,74,81474,卖盘
709,13:34:30,11.01,-0.01,9,9909,卖盘
710,13:34:20,11.02,0.01,103,113506,买盘
711,13:34:05,11.01,--,30,33030,卖盘
712,13:33:54,11.01,--,15,16515,卖盘
713,13:33:48,11.01,--,30,33030,卖盘
714,13:33:45,11.01,--,16,17616,买盘
715,13:33:33,11.01,--,1,1101,买盘
716,13:33:30,11.01,--,19,20919,买盘
717,13:33:15,11.01,--,10,11010,买盘
718,13:33:09,11.01,--,183,201483,买盘
719,13:32:48,11.01,--,13,14313,买盘
720,13:32:45,11.01,0.01,2,2202,买盘
721,13:32:39,11.0,-0.01,8,8800,卖盘
722,13:32:33,11.01,--,3,3303,买盘
723,13:32:30,11.01,--,20,22020,买盘
724,13:32:24,11.01,0.01,18,19818,买盘
725,13:32:15,11.0,-0.01,112,123200,卖盘
726,13:32:09,11.01,--,104,114504,买盘
727,13:32:03,11.01,0.01,11,12111,买盘
728,13:31:54,11.0,-0.01,2,2200,卖盘
729,13:31:48,11.01,0.01,1,1101,买盘
730,13:31:45,11.0,--,20,22000,卖盘
731,13:31:39,11.0,-0.01,6,6600,卖盘
732,13:31:33,11.01,--,6,6606,买盘
733,13:31:30,11.01,0.01,10,11010,买盘
734,13:31:24,11.0,-0.01,30,33000,卖盘
735,13:31:15,11.01,--,10,11010,买盘
736,13:31:03,11.01,0.01,2,2202,买盘
737,13:31:00,11.0,--,5,5500,卖盘
738,13:30:48,11.0,-0.01,5,5500,卖盘
739,13:30:45,11.01,--,5,5505,买盘
740,13:30:33,11.01,--,114,125514,卖盘
741,13:30:30,11.01,-0.01,3,3303,卖盘
742,13:30:24,11.02,0.01,3,3306,买盘
743,13:30:09,11.01,-0.01,5,5516,卖盘
744,13:30:03,11.02,0.01,10,11020,买盘
745,13:29:59,11.01,--,1,1101,卖盘
746,13:29:24,11.01,-0.01,10,11010,卖盘
747,13:29:18,11.02,0.01,18,19836,买盘
748,13:29:14,11.01,-0.01,9,9909,买盘
749,13:29:09,11.02,--,60,66120,买盘
750,13:29:03,11.02,0.01,30,33060,买盘
751,13:28:44,11.01,--,20,22020,卖盘
752,13:28:29,11.01,0.01,136,149736,买盘
753,13:28:09,11.0,-0.02,114,125400,卖盘
754,13:27:54,11.02,--,4,4408,买盘
755,13:27:48,11.02,0.01,2,2204,买盘
756,13:27:44,11.01,0.01,4,4404,卖盘
757,13:27:39,11.0,-0.02,774,851400,卖盘
758,13:27:33,11.02,0.01,371,409062,买盘
759,13:27:29,11.01,-0.01,16,18496,卖盘
760,13:27:24,11.02,0.01,1,1102,买盘
761,13:27:18,11.01,--,94,103714,买盘
762,13:27:14,11.01,0.01,23,25323,买盘
763,13:27:09,11.0,-0.01,5,5500,卖盘
764,13:27:03,11.01,--,5,5505,买盘
765,13:26:59,11.01,--,694,764094,卖盘
766,13:26:33,11.01,-0.01,4,4404,卖盘
767,13:26:18,11.02,--,1,1102,买盘
768,13:26:14,11.02,0.01,107,117914,买盘
769,13:26:09,11.01,-0.01,7,7707,卖盘
770,13:26:03,11.02,0.01,31,34162,买盘
771,13:25:59,11.01,-0.01,2,2202,卖盘
772,13:25:54,11.02,--,19,20938,买盘
773,13:25:48,11.02,--,4,4408,买盘
774,13:25:42,11.02,0.01,5,5510,买盘
775,13:25:39,11.01,-0.01,3,3303,卖盘
776,13:25:33,11.02,-0.01,415,457330,卖盘
777,13:25:27,11.03,-0.01,10,11030,卖盘
778,13:25:24,11.04,-0.01,1,1104,卖盘
779,13:25:12,11.05,0.02,1,1105,买盘
780,13:25:09,11.03,-0.02,45,49635,卖盘
781,13:25:03,11.05,--,1,1105,买盘
782,13:24:53,11.05,0.01,3,3315,买盘
783,13:24:48,11.04,0.01,19,20976,买盘
784,13:24:42,11.03,--,4,4412,卖盘
785,13:24:12,11.03,-0.01,10,11030,卖盘
786,13:24:08,11.04,--,7,7727,买盘
787,13:24:03,11.04,-0.01,9,9936,中性盘
788,13:23:57,11.05,0.02,1,1105,买盘
789,13:23:38,11.03,--,10,11030,卖盘
790,13:23:33,11.03,--,82,90446,卖盘
791,13:23:23,11.03,--,28,30884,卖盘
792,13:23:12,11.03,0.01,7,7721,买盘
793,13:23:08,11.02,-0.01,14,15428,卖盘
794,13:23:03,11.03,--,3,3309,买盘
795,13:22:48,11.03,--,1,1103,买盘
796,13:22:38,11.03,--,67,73901,买盘
797,13:22:27,11.03,-0.01,19,20957,卖盘
798,13:22:23,11.04,0.01,3,3311,买盘
799,13:22:18,11.03,--,5,5515,卖盘
800,13:22:08,11.03,--,0,0,卖盘
801,13:21:57,11.03,--,10,11030,卖盘
802,13:21:53,11.03,--,1,1103,卖盘
803,13:21:48,11.03,--,56,61768,买盘
804,13:21:42,11.03,0.01,4,4412,买盘
805,13:21:38,11.02,-0.01,43,47386,卖盘
806,13:21:33,11.03,--,2,2206,买盘
807,13:21:23,11.03,--,9,9927,买盘
808,13:21:18,11.03,--,2,2206,买盘
809,13:21:12,11.03,0.01,3,3309,买盘
810,13:21:08,11.02,-0.01,4,4408,卖盘
811,13:21:03,11.03,--,98,108094,卖盘
812,13:20:48,11.03,-0.01,10,11030,卖盘
813,13:20:42,11.04,--,23,25391,买盘
814,13:20:38,11.04,--,5,5520,买盘
815,13:20:33,11.04,--,59,65135,卖盘
816,13:20:27,11.04,--,14,15455,卖盘
817,13:20:23,11.04,0.01,16,17664,买盘
818,13:20:18,11.03,--,34,37502,卖盘
819,13:20:12,11.03,--,4,4412,卖盘
820,13:20:08,11.03,-0.01,4,4412,卖盘
821,13:20:03,11.04,--,3,3311,买盘
822,13:19:57,11.04,--,88,97151,买盘
823,13:19:53,11.04,0.01,24,26495,买盘
824,13:19:38,11.03,-0.01,4,4412,卖盘
825,13:19:33,11.04,--,1,1104,买盘
826,13:19:27,11.04,0.01,3,3311,买盘
827,13:19:08,11.03,--,25,27575,卖盘
828,13:18:42,11.03,--,7,7721,卖盘
829,13:18:38,11.03,-0.01,4,4412,卖盘
830,13:18:33,11.04,--,9,9936,买盘
831,13:18:27,11.04,--,25,27599,买盘
832,13:18:22,11.04,--,1,1104,买盘
833,13:18:12,11.04,--,4,4416,买盘
834,13:18:08,11.04,--,11,12143,卖盘
835,13:17:57,11.04,--,20,22080,卖盘
836,13:17:52,11.04,-0.01,64,70656,卖盘
837,13:17:42,11.05,0.01,59,65195,买盘
838,13:17:33,11.04,--,3,3311,卖盘
839,13:17:27,11.04,-0.01,8,8832,卖盘
840,13:17:21,11.05,0.01,4,4420,买盘
841,13:17:18,11.04,--,79,87216,卖盘
842,13:17:12,11.04,-0.01,2,2208,卖盘
843,13:17:03,11.05,--,2,2210,买盘
844,13:16:42,11.05,0.02,160,177783,买盘
845,13:16:36,11.03,--,13,14339,卖盘
846,13:16:27,11.03,-0.01,10,11030,卖盘
847,13:16:21,11.04,--,12,13247,买盘
848,13:16:17,11.04,--,12,13247,买盘
849,13:16:12,11.04,0.01,51,56303,买盘
850,13:16:06,11.03,-0.01,19,20957,卖盘
851,13:15:57,11.04,--,3,3311,买盘
852,13:15:51,11.04,0.01,8,8832,买盘
853,13:15:32,11.03,-0.01,4,4412,卖盘
854,13:15:17,11.04,0.01,3,3311,买盘
855,13:15:12,11.03,-0.01,111,122433,卖盘
856,13:15:06,11.04,0.01,1,1104,买盘
857,13:15:02,11.03,--,14,15442,卖盘
858,13:14:57,11.03,-0.01,4,4412,卖盘
859,13:14:47,11.04,--,11,12143,买盘
860,13:14:36,11.04,--,104,114815,买盘
861,13:14:32,11.04,--,10,11040,买盘
862,13:14:27,11.04,0.01,11,12143,买盘
863,13:14:17,11.03,--,5,5515,卖盘
864,13:14:06,11.03,-0.01,4,4412,卖盘
865,13:14:02,11.04,--,1,1104,买盘
866,13:13:57,11.04,0.01,1,1104,买盘
867,13:13:51,11.03,-0.01,50,55150,卖盘
868,13:13:42,11.04,0.01,19,20976,买盘
869,13:13:36,11.03,-0.01,4,4412,卖盘
870,13:13:27,11.04,--,10,11040,买盘
871,13:13:21,11.04,--,22,24287,买盘
872,13:13:12,11.04,--,1,1104,买盘
873,13:12:57,11.04,0.01,2,2208,买盘
874,13:12:51,11.03,-0.01,4,4412,卖盘
875,13:12:32,11.04,--,10,11040,买盘
876,13:12:21,11.04,--,10,11040,买盘
877,13:12:02,11.04,0.01,3,3311,买盘
878,13:11:51,11.03,-0.01,39,43017,卖盘
879,13:11:47,11.04,--,2,2208,买盘
880,13:11:42,11.04,--,19,20976,卖盘
881,13:11:26,11.04,--,36,39744,买盘
882,13:11:21,11.04,--,2,2208,买盘
883,13:11:12,11.04,--,1,1104,买盘
884,13:11:06,11.04,--,1,1104,买盘
885,13:11:02,11.04,--,23,25391,买盘
886,13:10:47,11.04,--,2,2208,买盘
887,13:10:42,11.04,--,1,1104,买盘
888,13:10:32,11.04,--,6,6623,买盘
889,13:10:15,11.04,--,10,11040,买盘
890,13:10:12,11.04,0.01,6,6623,买盘
891,13:10:05,11.03,--,3,3309,卖盘
892,13:09:51,11.03,--,3,3309,买盘
893,13:09:47,11.03,--,4,4412,买盘
894,13:09:36,11.03,0.01,5,5515,买盘
895,13:09:26,11.02,-0.02,2,2204,卖盘
896,13:09:20,11.04,0.01,23,25391,买盘
897,13:08:30,11.03,--,1,1103,买盘
898,13:08:20,11.03,-0.01,4,4412,卖盘
899,13:08:14,11.04,--,17,18768,买盘
900,13:08:11,11.04,0.01,1,1104,买盘
901,13:07:50,11.03,0.01,97,106991,买盘
902,13:07:41,11.02,--,7,7714,买盘
903,13:07:35,11.02,--,31,34162,卖盘
904,13:07:20,11.02,-0.01,13,14326,卖盘
905,13:07:11,11.03,0.01,5,5515,买盘
906,13:07:05,11.02,--,10,11020,卖盘
907,13:06:56,11.02,-0.01,12,13224,卖盘
908,13:06:35,11.03,0.01,1,1103,买盘
909,13:06:26,11.02,--,18,19836,卖盘
910,13:06:20,11.02,--,55,60610,卖盘
911,13:05:59,11.02,-0.01,7,7714,卖盘
912,13:05:44,11.03,0.01,22,24266,买盘
913,13:05:41,11.02,--,19,20938,卖盘
914,13:05:20,11.02,-0.01,21,23142,卖盘
915,13:05:05,11.03,--,20,22060,买盘
916,13:04:35,11.03,--,0,0,买盘
917,13:04:26,11.03,0.02,20,22060,买盘
918,13:04:14,11.01,-0.01,10,11010,卖盘
919,13:04:11,11.02,--,18,19836,买盘
920,13:03:59,11.02,--,1,1102,买盘
921,13:03:56,11.02,0.01,10,11020,买盘
922,13:03:35,11.01,--,20,22020,卖盘
923,13:03:14,11.01,--,0,0,卖盘
924,13:03:11,11.01,-0.01,10,11010,卖盘
925,13:03:05,11.02,0.01,5,5510,买盘
926,13:02:59,11.01,--,0,0,卖盘
927,13:02:56,11.01,-0.02,204,224604,卖盘
928,13:02:50,11.03,--,6,6618,买盘
929,13:02:08,11.03,0.01,22,24266,买盘
930,13:01:44,11.02,--,10,11020,卖盘
931,13:01:38,11.02,--,0,0,中性盘
932,13:01:35,11.02,--,4,4408,卖盘
933,13:01:29,11.02,--,16,17632,买盘
934,13:01:20,11.02,--,3,3306,买盘
935,13:01:14,11.02,--,10,11020,买盘
936,13:01:05,11.02,--,1,1102,买盘
937,13:00:59,11.02,--,10,11020,买盘
938,13:00:44,11.02,--,3,3306,买盘
939,13:00:35,11.02,--,6,6612,买盘
940,13:00:08,11.02,--,4,4408,买盘
941,13:00:05,11.02,--,530,584071,买盘
942,11:30:00,11.02,--,0,0,买盘
943,11:29:59,11.02,--,0,0,买盘
944,11:29:55,11.02,0.01,3,3306,买盘
945,11:29:51,11.01,-0.01,50,55050,卖盘
946,11:29:46,11.02,--,10,11020,买盘
947,11:29:36,11.02,--,5,5510,买盘
948,11:29:21,11.02,0.01,3,3306,买盘
949,11:29:10,11.01,--,8,8808,卖盘
950,11:29:06,11.01,-0.01,21,23121,卖盘
951,11:29:01,11.02,--,10,11020,买盘
952,11:28:46,11.02,0.02,3,3306,买盘
953,11:28:36,11.0,-0.02,62,68200,卖盘
954,11:28:06,11.02,0.02,4,4408,买盘
955,11:28:00,11.0,--,0,0,卖盘
956,11:27:51,11.0,-0.04,189,207900,卖盘
957,11:27:46,11.04,0.03,83,91632,买盘
958,11:27:36,11.01,-0.02,15,16515,卖盘
959,11:27:31,11.03,--,17,18751,卖盘
960,11:27:21,11.03,--,19,20957,买盘
961,11:26:51,11.03,--,20,22060,买盘
962,11:26:39,11.03,0.02,1,1103,买盘
963,11:26:36,11.01,--,17,18959,买盘
964,11:26:31,11.01,--,12,14070,卖盘
965,11:26:16,11.01,--,52,57494,买盘
966,11:26:06,11.01,--,33,36333,买盘
967,11:26:00,11.01,--,11,12111,买盘
968,11:25:55,11.01,--,22,24222,买盘
969,11:25:51,11.01,--,30,33030,买盘
970,11:25:45,11.01,-0.01,31,34989,卖盘
971,11:25:39,11.02,--,10,11020,买盘
972,11:25:36,11.02,0.01,147,161994,买盘
973,11:25:30,11.01,-0.01,89,97989,卖盘
974,11:25:24,11.02,--,1,1102,买盘
975,11:25:20,11.02,--,4,4408,买盘
976,11:25:15,11.02,0.01,50,55100,买盘
977,11:25:05,11.01,-0.01,32,35232,卖盘
978,11:24:51,11.02,--,35,38570,买盘
979,11:24:39,11.02,-0.01,21,23142,卖盘
980,11:24:30,11.03,0.01,60,66180,买盘
981,11:24:24,11.02,-0.01,2,2204,卖盘
982,11:24:15,11.03,0.01,13,14339,买盘
983,11:24:09,11.02,-0.01,3,3306,买盘
984,11:24:00,11.03,--,14,15442,买盘
985,11:23:54,11.03,0.02,30,33090,买盘
986,11:23:50,11.01,-0.02,200,220200,卖盘
987,11:23:39,11.03,--,28,30884,卖盘
988,11:23:30,11.03,--,2,2206,买盘
989,11:23:24,11.03,0.02,10,11030,买盘
990,11:23:20,11.01,--,0,0,卖盘
991,11:23:15,11.01,-0.02,65,71565,卖盘
992,11:23:09,11.03,0.01,50,55150,买盘
993,11:23:05,11.02,--,2,2204,卖盘
994,11:23:00,11.02,--,25,27550,卖盘
995,11:22:54,11.02,--,0,0,买盘
996,11:22:45,11.02,--,5,5950,卖盘
997,11:22:39,11.02,0.01,55,61513,买盘
998,11:22:33,11.01,--,33,36333,买盘
999,11:22:30,11.01,-0.01,184,203442,卖盘
1000,11:22:24,11.02,0.01,30,33060,买盘
1001,11:22:15,11.01,--,6,6848,买盘
1002,11:22:09,11.01,--,61,67161,买盘
1003,11:22:03,11.01,--,30,33030,买盘
1004,11:22:00,11.01,-0.01,590,650448,卖盘
1005,11:21:54,11.02,--,10,11020,买盘
1006,11:21:48,11.02,--,20,22040,买盘
1007,11:21:39,11.02,0.01,82,90364,买盘
1008,11:21:24,11.01,--,54,59454,卖盘
1009,11:21:18,11.01,--,1,1343,买盘
1010,11:21:15,11.01,--,10,11010,买盘
1011,11:21:09,11.01,--,34,37434,买盘
1012,11:21:03,11.01,--,15,16515,买盘
1013,11:21:00,11.01,--,1,1101,买盘
1014,11:20:45,11.01,0.01,66,72666,买盘
1015,11:20:39,11.0,--,66,73458,卖盘
1016,11:20:33,11.0,-0.01,90,99000,卖盘
1017,11:20:24,11.01,--,242,266442,买盘
1018,11:20:15,11.01,--,3,3303,买盘
1019,11:20:09,11.01,-0.01,66,72666,卖盘
1020,11:20:00,11.02,--,55,60610,买盘
1021,11:19:54,11.02,0.02,175,192850,买盘
1022,11:19:39,11.0,-0.01,988,1086800,卖盘
1023,11:19:30,11.01,--,464,511722,买盘
1024,11:19:24,11.01,0.01,118,129918,买盘
1025,11:19:18,11.0,-0.01,66,72600,卖盘
1026,11:19:15,11.01,--,221,243321,买盘
1027,11:19:09,11.01,--,126,138726,买盘
1028,11:19:03,11.01,-0.01,123,135665,卖盘
1029,11:19:00,11.02,0.01,138,152186,买盘
1030,11:18:54,11.01,-0.01,223,246271,卖盘
1031,11:18:45,11.02,0.02,31,34162,买盘
1032,11:18:39,11.0,-0.01,200,220000,卖盘
1033,11:18:33,11.01,--,34,37434,买盘
1034,11:18:30,11.01,--,5,5505,买盘
1035,11:18:24,11.01,--,53,58353,买盘
1036,11:18:18,11.01,--,46,50646,买盘
1037,11:18:15,11.01,--,146,161230,买盘
1038,11:18:09,11.01,0.01,308,339108,买盘
1039,11:18:03,11.0,-0.01,26,28600,卖盘
1040,11:18:00,11.01,0.01,10,11010,中性盘
1041,11:17:54,11.0,-0.01,795,874500,卖盘
1042,11:17:48,11.01,--,59,64959,卖盘
1043,11:17:44,11.01,--,31,34131,卖盘
1044,11:17:39,11.01,--,39,42939,卖盘
1045,11:17:33,11.01,--,72,80152,买盘
1046,11:17:29,11.01,--,5,5505,卖盘
1047,11:17:24,11.01,--,66,72666,买盘
1048,11:17:18,11.01,--,135,148635,卖盘
1049,11:17:14,11.01,--,106,116706,卖盘
1050,11:17:09,11.01,--,218,240788,卖盘
1051,11:17:03,11.01,0.01,356,392011,买盘
1052,11:16:59,11.0,--,116,127600,卖盘
1053,11:16:54,11.0,--,63,69300,卖盘
1054,11:16:48,11.0,-0.01,103,113300,卖盘
1055,11:16:44,11.01,--,15,16515,买盘
1056,11:16:39,11.01,0.01,11,12111,卖盘
1057,11:16:33,11.0,-0.02,250,275000,卖盘
1058,11:16:27,11.02,0.01,55,60610,买盘
1059,11:16:24,11.01,0.01,21,23121,买盘
1060,11:16:18,11.0,-0.01,39,42900,卖盘
1061,11:16:12,11.01,0.01,34,37434,买盘
1062,11:16:09,11.0,-0.02,1204,1324400,卖盘
1063,11:16:03,11.02,-0.01,24,26448,卖盘
1064,11:15:54,11.03,0.02,26,28678,买盘
1065,11:15:48,11.01,-0.02,1212,1334412,卖盘
1066,11:15:42,11.03,0.01,79,87137,买盘
1067,11:15:39,11.02,-0.01,1217,1341134,卖盘
1068,11:15:33,11.03,--,55,60665,卖盘
1069,11:15:27,11.03,--,18,19854,卖盘
1070,11:15:24,11.03,-0.02,217,240343,卖盘
1071,11:15:18,11.05,0.01,624,689520,买盘
1072,11:15:12,11.04,--,22,24287,卖盘
1073,11:15:09,11.04,--,25,27599,卖盘
1074,11:15:03,11.04,--,8,8832,卖盘
1075,11:14:54,11.04,--,243,268272,卖盘
1076,11:14:48,11.04,--,10,11040,卖盘
1077,11:14:42,11.04,--,4,4416,卖盘
1078,11:14:39,11.04,--,30,33120,卖盘
1079,11:14:33,11.04,-0.01,58,64031,卖盘
1080,11:14:24,11.05,--,12,13260,买盘
1081,11:14:12,11.05,0.01,1,1105,买盘
1082,11:14:09,11.04,--,90,99470,买盘
1083,11:13:54,11.04,--,10,11040,买盘
1084,11:13:42,11.04,--,53,59505,卖盘
1085,11:13:33,11.04,--,6,6734,买盘
1086,11:13:27,11.04,--,12,13247,买盘
1087,11:13:24,11.04,--,81,90417,卖盘
1088,11:13:12,11.04,-0.01,14,15455,卖盘
1089,11:13:09,11.05,0.01,4,4420,买盘
1090,11:13:03,11.04,--,100,110399,卖盘
1091,11:12:53,11.04,--,108,119231,卖盘
1092,11:12:48,11.04,--,116,128174,买盘
1093,11:12:42,11.04,--,45,49679,买盘
1094,11:12:39,11.04,--,4,4416,买盘
1095,11:12:33,11.04,--,56,62817,卖盘
1096,11:12:24,11.04,--,103,113711,卖盘
1097,11:12:18,11.04,--,0,110,卖盘
1098,11:12:12,11.04,0.01,20,22080,买盘
1099,11:12:08,11.03,-0.01,50,55150,卖盘
1100,11:12:03,11.04,--,11,12143,买盘
1101,11:11:57,11.04,--,6,6623,卖盘
1102,11:11:48,11.04,--,11,12143,卖盘
1103,11:11:38,11.04,--,5,5520,买盘
1104,11:11:33,11.04,--,10,11040,买盘
1105,11:11:27,11.04,--,9,9936,卖盘
1106,11:11:23,11.04,--,5,5520,买盘
1107,11:11:18,11.04,0.01,22,24287,中性盘
1108,11:11:12,11.03,-0.02,80,88240,卖盘
1109,11:11:08,11.05,0.01,104,114920,买盘
1110,11:10:57,11.04,-0.01,100,110399,卖盘
1111,11:10:53,11.05,--,11,12155,买盘
1112,11:10:48,11.05,0.01,1,1105,买盘
1113,11:10:38,11.04,-0.01,109,120335,卖盘
1114,11:10:33,11.05,--,14,15470,买盘
1115,11:10:27,11.05,--,30,33150,买盘
1116,11:10:21,11.05,-0.01,96,107129,卖盘
1117,11:10:12,11.06,0.01,40,44240,买盘
1118,11:10:06,11.05,--,575,635982,卖盘
1119,11:10:03,11.05,--,10,11050,卖盘
1120,11:09:57,11.05,-0.01,32,35360,卖盘
1121,11:09:51,11.06,--,5,5530,买盘
1122,11:09:48,11.06,0.01,1,1106,买盘
1123,11:09:42,11.05,-0.01,5,5525,卖盘
1124,11:09:36,11.06,--,3,3318,买盘
1125,11:09:33,11.06,0.01,20,22120,买盘
1126,11:09:27,11.05,--,0,0,卖盘
1127,11:09:21,11.05,-0.01,1000,1105000,卖盘
1128,11:09:12,11.06,--,20,22120,卖盘
1129,11:09:03,11.06,--,138,152628,卖盘
1130,11:08:57,11.06,-0.01,104,115024,卖盘
1131,11:08:42,11.07,0.01,25,27675,买盘
1132,11:08:33,11.06,--,15,16590,卖盘
1133,11:08:27,11.06,--,31,34286,卖盘
1134,11:08:18,11.06,--,388,429128,卖盘
1135,11:08:12,11.06,-0.01,7,7742,卖盘
1136,11:08:06,11.07,--,11,12177,买盘
1137,11:08:03,11.07,--,20,22140,买盘
1138,11:07:48,11.07,--,92,102840,卖盘
1139,11:07:42,11.07,--,9,9963,卖盘
1140,11:07:18,11.07,--,5,5535,卖盘
1141,11:07:12,11.07,-0.01,12,13284,卖盘
1142,11:07:06,11.08,0.01,21,23268,买盘
1143,11:06:57,11.07,-0.01,34,37638,卖盘
1144,11:06:32,11.08,0.01,30,33240,买盘
1145,11:06:27,11.07,--,7,7749,卖盘
1146,11:06:18,11.07,-0.01,60,66420,卖盘
1147,11:06:12,11.08,--,30,33240,买盘
1148,11:05:57,11.08,--,54,59832,卖盘
1149,11:05:47,11.08,--,6,6648,卖盘
1150,11:05:17,11.08,--,50,55400,卖盘
1151,11:04:17,11.08,-0.01,18,19944,卖盘
1152,11:04:12,11.09,--,1,1109,买盘
1153,11:04:06,11.09,0.01,15,16635,买盘
1154,11:03:42,11.08,-0.01,77,85316,卖盘
1155,11:03:16,11.09,-0.01,221,246164,卖盘
1156,11:03:12,11.1,--,57,63270,卖盘
1157,11:03:06,11.1,--,212,235320,卖盘
1158,11:03:00,11.1,--,114,126540,卖盘
1159,11:02:57,11.1,--,199,220890,卖盘
1160,11:02:45,11.1,--,9,9990,卖盘
1161,11:02:42,11.1,--,129,143190,卖盘
1162,11:02:36,11.1,-0.01,83,92130,卖盘
1163,11:02:30,11.11,0.01,100,111100,买盘
1164,11:02:27,11.1,--,358,397380,卖盘
1165,11:02:15,11.1,--,62,68820,卖盘
1166,11:02:12,11.1,--,584,648240,卖盘
1167,11:02:06,11.1,--,88,97680,卖盘
1168,11:02:00,11.1,--,20,22200,卖盘
1169,11:01:57,11.1,--,553,613863,卖盘
1170,11:01:51,11.1,--,69,76590,卖盘
1171,11:01:42,11.1,--,1185,1315350,卖盘
1172,11:01:36,11.1,--,5,5550,卖盘
1173,11:01:27,11.1,-0.01,44,48840,卖盘
1174,11:01:21,11.11,--,60,66660,买盘
1175,11:01:12,11.11,--,19,21109,买盘
1176,11:01:06,11.11,--,12,13332,买盘
1177,11:01:00,11.11,0.01,5,5555,买盘
1178,11:00:57,11.1,-0.01,50,55500,卖盘
1179,11:00:51,11.11,--,20,22220,买盘
1180,11:00:42,11.11,--,20,22220,买盘
1181,11:00:27,11.11,--,1,1111,买盘
1182,11:00:21,11.11,0.01,45,49995,买盘
1183,11:00:15,11.1,-0.01,29,32190,卖盘
1184,11:00:12,11.11,0.01,26,28886,买盘
1185,11:00:06,11.1,-0.01,24,26640,卖盘
1186,11:00:00,11.11,--,100,111100,买盘
1187,10:59:56,11.11,--,408,453288,买盘
1188,10:59:51,11.11,--,20,22220,买盘
1189,10:59:45,11.11,--,46,51106,买盘
1190,10:59:41,11.11,0.01,50,55550,买盘
1191,10:59:36,11.1,--,72,79920,卖盘
1192,10:59:30,11.1,--,20,22200,卖盘
1193,10:59:26,11.1,--,278,308580,买盘
1194,10:59:21,11.1,0.01,1,1110,买盘
1195,10:59:15,11.09,--,221,245089,卖盘
1196,10:59:06,11.09,0.01,169,187421,买盘
1197,10:58:56,11.08,-0.01,19,21052,卖盘
1198,10:58:51,11.09,0.01,355,393695,买盘
1199,10:58:45,11.08,--,5,5540,买盘
1200,10:58:41,11.08,--,10,11080,买盘
1201,10:58:21,11.08,0.01,20,22160,买盘
1202,10:58:11,11.07,-0.01,14,15498,卖盘
1203,10:58:06,11.08,0.01,41,45428,买盘
1204,10:57:56,11.07,-0.01,13,14391,卖盘
1205,10:57:36,11.08,0.01,9,9972,买盘
1206,10:57:21,11.07,-0.01,27,29889,卖盘
1207,10:57:11,11.08,0.01,2,2216,买盘
1208,10:57:06,11.07,-0.01,40,44280,卖盘
1209,10:56:56,11.08,0.01,13,14404,买盘
1210,10:56:41,11.07,--,30,33320,买盘
1211,10:56:36,11.07,--,7,7749,买盘
1212,10:56:30,11.07,--,59,65313,买盘
1213,10:56:26,11.07,--,137,151659,买盘
1214,10:56:21,11.07,--,10,11070,买盘
1215,10:56:15,11.07,0.01,209,231363,买盘
1216,10:56:11,11.06,-0.01,2,2212,卖盘
1217,10:55:51,11.07,0.01,1,1107,买盘
1218,10:55:36,11.06,--,30,33180,卖盘
1219,10:55:30,11.06,--,232,256592,买盘
1220,10:55:24,11.06,--,10,11060,买盘
1221,10:55:15,11.06,--,5,5530,买盘
1222,10:55:00,11.06,--,55,60830,买盘
1223,10:54:54,11.06,--,10,11060,买盘
1224,10:54:45,11.06,--,2,2212,买盘
1225,10:54:39,11.06,0.01,20,22120,买盘
1226,10:54:15,11.05,-0.01,1,1105,卖盘
1227,10:54:00,11.06,0.01,40,44240,买盘
1228,10:53:51,11.05,--,14,15470,卖盘
1229,10:53:39,11.05,--,57,62985,卖盘
1230,10:53:36,11.05,--,176,195032,买盘
1231,10:53:30,11.05,0.01,1,1105,买盘
1232,10:53:21,11.04,--,171,188783,买盘
1233,10:53:15,11.04,--,40,44160,买盘
1234,10:53:09,11.04,0.01,32,35328,买盘
1235,10:53:00,11.03,--,8,8824,卖盘
1236,10:52:54,11.03,-0.01,30,33090,卖盘
1237,10:52:35,11.04,--,15,16560,买盘
1238,10:52:30,11.04,--,50,55199,卖盘
1239,10:52:24,11.04,-0.01,10,11040,卖盘
1240,10:52:21,11.05,0.01,1,1105,买盘
1241,10:52:15,11.04,0.01,1,1104,中性盘
1242,10:52:09,11.03,-0.01,150,165946,卖盘
1243,10:52:05,11.04,--,24,26495,买盘
1244,10:52:00,11.04,--,43,47471,买盘
1245,10:51:54,11.04,--,3,3311,买盘
1246,10:51:50,11.04,--,30,33120,卖盘
1247,10:51:45,11.04,--,109,120335,卖盘
1248,10:51:39,11.04,--,100,110399,卖盘
1249,10:51:35,11.04,--,4,4416,卖盘
1250,10:51:30,11.04,-0.01,16,17664,卖盘
1251,10:51:24,11.05,--,45,49725,买盘
1252,10:51:20,11.05,--,7,7735,买盘
1253,10:51:15,11.05,0.01,38,41990,买盘
1254,10:51:09,11.04,--,23,25391,卖盘
1255,10:51:05,11.04,-0.02,211,233495,卖盘
1256,10:51:00,11.06,0.01,8,8848,买盘
1257,10:50:54,11.05,--,60,66300,卖盘
1258,10:50:50,11.05,-0.01,7,7735,卖盘
1259,10:50:45,11.06,0.01,137,151522,买盘
1260,10:50:39,11.05,--,4,4420,卖盘
1261,10:50:30,11.05,--,81,89505,卖盘
1262,10:50:24,11.05,--,100,110500,卖盘
1263,10:50:20,11.05,-0.01,44,48620,卖盘
1264,10:50:15,11.06,--,3,3318,买盘
1265,10:50:05,11.06,0.01,20,22120,买盘
1266,10:50:00,11.05,--,5,5525,卖盘
1267,10:49:50,11.05,--,5,5525,卖盘
1268,10:49:35,11.05,--,10,11050,卖盘
1269,10:49:30,11.05,-0.01,349,385645,卖盘
1270,10:49:24,11.06,0.01,10,11060,买盘
1271,10:49:20,11.05,--,10,11050,卖盘
1272,10:49:15,11.05,-0.01,13,14365,卖盘
1273,10:49:05,11.06,--,3,3318,买盘
1274,10:49:00,11.06,--,1,1106,买盘
1275,10:48:54,11.06,0.01,138,152628,买盘
1276,10:48:45,11.05,-0.01,9,9945,卖盘
1277,10:48:30,11.06,--,12,13272,买盘
1278,10:48:24,11.06,--,4,4424,买盘
1279,10:48:03,11.06,0.01,17,18802,买盘
1280,10:47:54,11.05,-0.01,11,12155,卖盘
1281,10:47:45,11.06,0.01,1,1106,买盘
1282,10:47:39,11.05,-0.01,3,3315,卖盘
1283,10:47:33,11.06,--,2,2212,买盘
1284,10:47:24,11.06,--,13,14499,卖盘
1285,10:47:09,11.06,0.01,1,2090,买盘
1286,10:46:59,11.05,-0.01,104,115041,卖盘
1287,10:46:54,11.06,--,4,4424,卖盘
1288,10:46:44,11.06,-0.01,227,251062,卖盘
1289,10:46:39,11.07,0.01,21,23247,买盘
1290,10:46:24,11.06,--,14,15484,卖盘
1291,10:46:18,11.06,-0.01,43,47558,卖盘
1292,10:46:14,11.07,0.01,10,11070,买盘
1293,10:46:09,11.06,--,22,24332,卖盘
1294,10:45:59,11.06,-0.01,300,332795,卖盘
1295,10:45:54,11.07,--,15,16605,卖盘
1296,10:45:48,11.07,--,3,3321,卖盘
1297,10:45:44,11.07,--,11,12177,卖盘
1298,10:45:39,11.07,-0.01,20,22140,卖盘
1299,10:45:29,11.08,0.01,1,1108,买盘
1300,10:45:24,11.07,--,9,9963,卖盘
1301,10:45:09,11.07,--,113,125201,卖盘
1302,10:45:03,11.07,-0.01,6,6642,卖盘
1303,10:44:59,11.08,--,39,43212,买盘
1304,10:44:54,11.08,--,4,4432,买盘
1305,10:44:48,11.08,0.01,2,2216,买盘
1306,10:44:44,11.07,-0.01,20,22140,卖盘
1307,10:44:39,11.08,0.01,41,45428,买盘
1308,10:44:29,11.07,-0.01,2,2214,卖盘
1309,10:44:18,11.08,--,3,3324,买盘
1310,10:44:14,11.08,--,55,60940,买盘
1311,10:44:09,11.08,0.01,4,4432,买盘
1312,10:43:59,11.07,--,1,1107,卖盘
1313,10:43:44,11.07,-0.01,22,24354,卖盘
1314,10:43:33,11.08,--,13,14404,买盘
1315,10:43:29,11.08,--,14,15512,买盘
1316,10:43:18,11.08,0.01,40,44320,买盘
1317,10:43:14,11.07,-0.01,50,55350,卖盘
1318,10:43:03,11.08,--,40,44320,买盘
1319,10:42:59,11.08,--,1,1108,买盘
1320,10:42:54,11.08,0.01,2,2216,买盘
1321,10:42:44,11.07,--,2,2214,卖盘
1322,10:42:39,11.07,0.01,44,48708,中性盘
1323,10:42:29,11.06,-0.02,102,112812,卖盘
1324,10:42:24,11.08,0.01,226,250408,买盘
1325,10:42:18,11.07,-0.01,22,24354,卖盘
1326,10:42:14,11.08,--,4,4432,买盘
1327,10:41:39,11.08,--,3,3324,买盘
1328,10:41:29,11.08,--,53,58724,买盘
1329,10:41:24,11.08,--,2,2216,买盘
1330,10:41:18,11.08,--,5,5540,买盘
1331,10:41:09,11.08,-0.01,42,46536,卖盘
1332,10:41:03,11.09,0.01,26,28834,买盘
1333,10:40:54,11.08,--,16,17728,卖盘
1334,10:40:48,11.08,--,647,716876,卖盘
1335,10:40:42,11.08,--,23,25484,卖盘
1336,10:40:33,11.08,-0.01,91,100828,卖盘
1337,10:40:27,11.09,--,10,11090,买盘
1338,10:40:24,11.09,0.01,2,2218,买盘
1339,10:40:18,11.08,--,3,3324,卖盘
1340,10:40:09,11.08,--,2,2216,卖盘
1341,10:39:57,11.08,--,3,3324,卖盘
1342,10:39:53,11.08,--,48,53184,买盘
1343,10:39:48,11.08,--,43,47644,买盘
1344,10:39:42,11.08,--,67,74236,买盘
1345,10:39:33,11.08,0.01,8,8864,买盘
1346,10:39:23,11.07,-0.01,20,22140,卖盘
1347,10:39:18,11.08,0.01,46,50968,买盘
1348,10:38:48,11.07,--,234,259038,买盘
1349,10:38:42,11.07,--,3,3321,买盘
1350,10:38:38,11.07,--,6,6642,买盘
1351,10:38:27,11.07,--,20,22140,买盘
1352,10:38:23,11.07,--,10,11070,买盘
1353,10:38:18,11.07,--,4,4428,买盘
1354,10:38:08,11.07,--,52,57564,买盘
1355,10:37:53,11.07,0.01,30,33210,买盘
1356,10:37:23,11.06,-0.01,20,22120,卖盘
1357,10:37:18,11.07,0.01,3,3321,买盘
1358,10:37:08,11.06,--,4,4424,卖盘
1359,10:37:02,11.06,--,5,5530,卖盘
1360,10:36:53,11.06,0.01,37,41906,买盘
1361,10:36:48,11.05,-0.01,20,22100,卖盘
1362,10:36:42,11.06,0.01,53,58618,买盘
1363,10:36:38,11.05,-0.01,1,1105,卖盘
1364,10:36:33,11.06,--,49,54194,买盘
1365,10:36:27,11.06,--,10,11060,买盘
1366,10:36:18,11.06,--,130,143901,卖盘
1367,10:36:03,11.06,-0.01,53,58618,卖盘
1368,10:35:56,11.07,0.01,26,28782,买盘
1369,10:35:53,11.06,--,9,9954,卖盘
1370,10:35:48,11.06,--,17,18802,卖盘
1371,10:35:33,11.06,--,1,1106,卖盘
1372,10:35:27,11.06,--,32,36376,买盘
1373,10:35:18,11.06,--,119,131614,买盘
1374,10:35:11,11.06,--,4,4424,买盘
1375,10:35:08,11.06,-0.01,214,236805,卖盘
1376,10:34:57,11.07,0.01,40,44280,买盘
1377,10:34:53,11.06,--,29,32074,卖盘
1378,10:34:47,11.06,--,14,15484,卖盘
1379,10:34:41,11.06,--,101,111706,卖盘
1380,10:34:37,11.06,--,8,9832,买盘
1381,10:34:32,11.06,--,1,1227,卖盘
1382,10:34:23,11.06,0.01,98,109372,买盘
1383,10:34:02,11.05,--,22,24310,卖盘
1384,10:33:56,11.05,--,133,146965,卖盘
1385,10:33:50,11.05,-0.01,24,26520,卖盘
1386,10:33:41,11.06,--,50,55300,买盘
1387,10:33:32,11.06,0.01,13,14378,买盘
1388,10:33:26,11.05,--,28,30940,卖盘
1389,10:33:20,11.05,-0.01,142,157462,卖盘
1390,10:33:11,11.06,0.01,138,152628,买盘
1391,10:33:02,11.05,-0.01,170,187850,卖盘
1392,10:32:50,11.06,0.01,1,1106,买盘
1393,10:32:47,11.05,--,1,1105,卖盘
1394,10:32:41,11.05,--,18,19890,买盘
1395,10:32:35,11.05,--,35,38675,买盘
1396,10:32:32,11.05,0.01,103,113815,买盘
1397,10:32:17,11.04,-0.01,56,61823,卖盘
1398,10:32:11,11.05,--,25,27625,买盘
1399,10:32:05,11.05,--,25,27625,卖盘
1400,10:32:02,11.05,--,14,15470,卖盘
1401,10:31:50,11.05,-0.01,20,22100,卖盘
1402,10:31:47,11.06,0.01,138,152628,买盘
1403,10:31:41,11.05,--,11,12155,卖盘
1404,10:31:26,11.05,--,2,2210,卖盘
1405,10:31:17,11.05,-0.01,84,92820,卖盘
1406,10:30:50,11.06,0.01,6,6636,买盘
1407,10:30:47,11.05,-0.01,34,37570,卖盘
1408,10:30:41,11.06,--,128,141568,卖盘
1409,10:30:32,11.06,-0.01,21,23226,卖盘
1410,10:30:26,11.07,--,5,5535,卖盘
1411,10:30:17,11.07,--,11,12177,卖盘
1412,10:30:11,11.07,-0.01,104,115128,卖盘
1413,10:30:05,11.08,0.01,5,5540,买盘
1414,10:30:02,11.07,--,36,39852,卖盘
1415,10:29:56,11.07,-0.01,2,2214,卖盘
1416,10:29:41,11.08,0.01,10,11080,买盘
1417,10:29:35,11.07,-0.01,10,11070,卖盘
1418,10:29:26,11.08,0.01,10,11080,买盘
1419,10:29:17,11.07,--,50,55350,卖盘
1420,10:29:11,11.07,--,10,11070,卖盘
1421,10:28:56,11.07,--,59,65313,买盘
1422,10:28:47,11.07,0.01,81,89667,买盘
1423,10:28:31,11.06,--,13,14378,卖盘
1424,10:28:26,11.06,-0.01,58,64148,卖盘
1425,10:28:05,11.07,-0.01,114,126198,卖盘
1426,10:28:01,11.08,--,113,125204,买盘
1427,10:27:56,11.08,--,2,2216,买盘
1428,10:27:47,11.08,--,0,0,卖盘
1429,10:27:41,11.08,--,211,233788,买盘
1430,10:27:35,11.08,--,254,281432,买盘
1431,10:27:29,11.08,--,20,22160,买盘
1432,10:27:26,11.08,-0.01,68,75344,买盘
1433,10:27:05,11.09,0.01,50,55450,买盘
1434,10:26:50,11.08,--,73,80884,卖盘
1435,10:26:44,11.08,0.02,359,398680,买盘
1436,10:26:41,11.06,-0.01,8,8848,卖盘
1437,10:26:35,11.07,--,40,44479,卖盘
1438,10:26:26,11.07,--,73,81718,买盘
1439,10:26:20,11.07,--,2,2214,买盘
1440,10:26:14,11.07,0.01,10,11070,买盘
1441,10:26:05,11.06,-0.01,62,68572,卖盘
1442,10:25:59,11.07,--,78,86346,买盘
1443,10:25:56,11.07,--,10,11070,买盘
1444,10:25:44,11.07,--,33,36531,买盘
1445,10:25:41,11.07,0.01,10,11070,买盘
1446,10:25:35,11.06,--,13,14378,卖盘
1447,10:25:26,11.06,--,18,19908,买盘
1448,10:25:20,11.06,--,26,28756,卖盘
1449,10:25:14,11.06,--,93,102858,买盘
1450,10:25:11,11.06,--,27,29862,买盘
1451,10:25:05,11.06,--,90,99540,买盘
1452,10:24:59,11.06,--,45,49770,买盘
1453,10:24:56,11.06,--,34,37604,买盘
1454,10:24:50,11.06,-0.01,735,812910,卖盘
1455,10:24:44,11.07,0.01,350,387450,买盘
1456,10:24:41,11.06,--,5,5530,卖盘
1457,10:24:29,11.06,-0.01,11,12166,卖盘
1458,10:24:26,11.07,--,1,1107,买盘
1459,10:24:20,11.07,--,50,55350,买盘
1460,10:23:50,11.07,-0.01,179,198352,卖盘
1461,10:23:41,11.08,0.01,110,121880,买盘
1462,10:23:35,11.07,--,6,6642,卖盘
1463,10:23:26,11.07,--,19,21033,卖盘
1464,10:23:20,11.07,--,32,35424,卖盘
1465,10:23:11,11.07,-0.01,50,55350,卖盘
1466,10:22:56,11.08,0.01,2,2216,买盘
1467,10:22:50,11.07,--,40,44280,卖盘
1468,10:22:44,11.07,--,10,11070,卖盘
1469,10:22:41,11.07,--,52,57564,卖盘
1470,10:22:35,11.07,0.01,191,212344,买盘
1471,10:22:26,11.06,--,5,5530,卖盘
1472,10:22:11,11.06,--,90,99540,卖盘
1473,10:22:05,11.06,-0.01,38,42227,卖盘
1474,10:21:56,11.07,0.02,22,25261,买盘
1475,10:21:50,11.05,-0.02,73,80665,卖盘
1476,10:21:44,11.07,0.02,1,1107,买盘
1477,10:21:40,11.05,-0.02,173,191165,卖盘
1478,10:21:35,11.07,0.01,50,55350,买盘
1479,10:21:25,11.06,0.01,138,152628,买盘
1480,10:20:55,11.05,--,259,286195,买盘
1481,10:20:50,11.05,--,50,55250,买盘
1482,10:20:40,11.05,--,11,12155,买盘
1483,10:20:35,11.05,--,2,2210,买盘
1484,10:20:29,11.05,--,6,6630,买盘
1485,10:20:23,11.05,--,10,11050,买盘
1486,10:20:20,11.05,0.01,150,165750,买盘
1487,10:20:14,11.04,-0.01,99,109295,卖盘
1488,10:20:08,11.05,0.01,10,11050,买盘
1489,10:20:05,11.04,-0.01,91,100463,卖盘
1490,10:19:59,11.05,0.01,42,46410,买盘
1491,10:19:53,11.04,--,1,1104,卖盘
1492,10:19:50,11.04,--,46,50783,卖盘
1493,10:19:44,11.04,-0.01,40,44160,卖盘
1494,10:19:35,11.05,0.01,52,57460,买盘
1495,10:19:29,11.04,--,139,153456,买盘
1496,10:19:20,11.04,--,125,138000,买盘
1497,10:19:14,11.04,--,32,35328,买盘
1498,10:19:08,11.04,--,40,44160,买盘
1499,10:19:05,11.04,--,85,93840,买盘
1500,10:18:59,11.04,--,135,149040,买盘
1501,10:18:53,11.04,--,3,3311,买盘
1502,10:18:50,11.04,0.01,20,22080,买盘
1503,10:18:44,11.03,--,95,104785,卖盘
1504,10:18:29,11.03,--,39,43017,卖盘
1505,10:18:23,11.03,-0.01,3,3309,卖盘
1506,10:18:20,11.04,0.01,15,16560,买盘
1507,10:18:14,11.03,0.01,18,19854,买盘
1508,10:18:08,11.02,--,0,0,卖盘
1509,10:18:05,11.02,-0.01,185,203870,卖盘
1510,10:17:59,11.03,--,27,29781,买盘
1511,10:17:50,11.03,0.01,68,75004,买盘
1512,10:17:44,11.02,--,55,60610,卖盘
1513,10:17:38,11.02,-0.01,259,285418,卖盘
1514,10:17:35,11.03,--,52,57356,买盘
1515,10:17:29,11.03,0.01,72,79416,买盘
1516,10:17:23,11.02,--,5,5510,卖盘
1517,10:17:20,11.02,--,74,81548,买盘
1518,10:17:14,11.02,--,130,143260,买盘
1519,10:17:08,11.02,--,20,22040,买盘
1520,10:17:05,11.02,--,21,23142,买盘
1521,10:16:59,11.02,--,134,147668,卖盘
1522,10:16:50,11.02,-0.02,147,161994,卖盘
1523,10:16:44,11.04,--,0,0,买盘
1524,10:16:38,11.04,0.02,10,11040,买盘
1525,10:16:35,11.02,-0.02,308,339416,卖盘
1526,10:16:20,11.04,--,180,198719,卖盘
1527,10:16:14,11.04,-0.01,36,39744,卖盘
1528,10:16:08,11.05,--,229,253045,卖盘
1529,10:16:05,11.05,--,355,392275,卖盘
1530,10:15:59,11.05,--,66,72930,卖盘
1531,10:15:53,11.05,--,7,7735,卖盘
1532,10:15:50,11.05,-0.01,42,46410,卖盘
1533,10:15:44,11.06,--,775,857150,卖盘
1534,10:15:38,11.06,--,321,355026,卖盘
1535,10:15:35,11.06,--,19,21014,卖盘
1536,10:15:29,11.06,--,7,7742,卖盘
1537,10:15:19,11.06,-0.01,474,524244,卖盘
1538,10:15:14,11.07,0.01,20,22140,买盘
1539,10:15:08,11.06,-0.01,4,4424,卖盘
1540,10:15:04,11.07,--,66,73261,卖盘
1541,10:14:59,11.07,-0.01,105,116235,卖盘
1542,10:14:53,11.08,0.01,163,180604,买盘
1543,10:14:49,11.07,--,26,29689,卖盘
1544,10:14:44,11.07,--,78,86346,卖盘
1545,10:14:34,11.07,--,8,8856,卖盘
1546,10:14:29,11.07,-0.01,25,27675,卖盘
1547,10:14:23,11.08,-0.01,94,104152,卖盘
1548,10:14:19,11.09,0.01,11,12199,买盘
1549,10:13:59,11.08,--,19,21052,买盘
1550,10:13:53,11.08,--,20,22160,买盘
1551,10:13:34,11.08,--,30,33240,买盘
1552,10:13:29,11.08,--,90,99720,买盘
1553,10:13:23,11.08,0.01,237,262596,买盘
1554,10:13:17,11.07,-0.01,12,13284,卖盘
1555,10:13:14,11.08,--,13,14404,买盘
1556,10:12:59,11.08,--,297,329076,卖盘
1557,10:12:53,11.08,--,11,12188,卖盘
1558,10:12:38,11.08,-0.01,8,8864,卖盘
1559,10:12:32,11.09,--,5,5545,卖盘
1560,10:12:29,11.09,--,10,11090,卖盘
1561,10:12:17,11.09,--,8,8872,买盘
1562,10:12:14,11.09,--,50,55450,卖盘
1563,10:11:59,11.09,0.01,4,4436,买盘
1564,10:11:53,11.08,-0.01,42,46536,卖盘
1565,10:11:47,11.09,--,3,3327,买盘
1566,10:11:44,11.09,0.01,6,6654,买盘
1567,10:11:38,11.08,--,28,31024,卖盘
1568,10:11:32,11.08,--,22,24376,卖盘
1569,10:11:29,11.08,-0.01,2,2216,卖盘
1570,10:11:17,11.09,0.01,20,22180,买盘
1571,10:11:14,11.08,--,30,33240,卖盘
1572,10:11:08,11.08,-0.01,20,22160,卖盘
1573,10:10:53,11.09,0.01,50,55450,中性盘
1574,10:10:47,11.08,-0.02,15,16620,卖盘
1575,10:10:44,11.1,0.02,162,179820,买盘
1576,10:10:38,11.08,-0.01,30,33240,卖盘
1577,10:10:32,11.09,--,37,41033,卖盘
1578,10:10:29,11.09,--,21,23289,卖盘
1579,10:10:13,11.09,--,49,54341,卖盘
1580,10:10:08,11.09,--,13,14417,卖盘
1581,10:10:02,11.09,--,78,86502,卖盘
1582,10:09:58,11.09,--,1,1109,卖盘
1583,10:09:47,11.09,--,59,65431,卖盘
1584,10:09:43,11.09,-0.01,16,18675,卖盘
1585,10:09:38,11.1,--,50,55500,买盘
1586,10:09:28,11.1,0.01,24,26640,买盘
1587,10:09:23,11.09,-0.01,62,68758,卖盘
1588,10:09:13,11.1,--,6,6660,买盘
1589,10:09:08,11.1,0.01,50,55500,买盘
1590,10:09:02,11.09,-0.01,33,36597,卖盘
1591,10:08:53,11.1,--,20,22200,买盘
1592,10:08:43,11.1,0.01,5,5550,买盘
1593,10:08:38,11.09,--,0,0,卖盘
1594,10:08:23,11.09,--,14,15526,卖盘
1595,10:08:17,11.09,-0.01,76,84284,卖盘
1596,10:08:13,11.1,0.01,177,196470,买盘
1597,10:08:08,11.09,--,16,17744,买盘
1598,10:08:02,11.09,--,2,2218,卖盘
1599,10:07:58,11.09,0.01,8,8872,卖盘
1600,10:07:53,11.08,--,13,14404,卖盘
1601,10:07:47,11.08,-0.02,52,57616,卖盘
1602,10:07:38,11.1,--,15,16650,买盘
1603,10:07:32,11.1,--,5,5550,买盘
1604,10:07:28,11.1,--,28,31080,卖盘
1605,10:07:23,11.1,--,273,303030,卖盘
1606,10:07:13,11.1,--,24,26640,卖盘
1607,10:07:08,11.1,--,2,2220,卖盘
1608,10:07:02,11.1,--,8,8880,卖盘
1609,10:06:58,11.1,-0.01,52,57720,卖盘
1610,10:06:53,11.11,--,9,9999,卖盘
1611,10:06:47,11.11,--,226,251086,卖盘
1612,10:06:38,11.11,--,11,12221,卖盘
1613,10:06:26,11.11,-0.01,30,33330,卖盘
1614,10:06:23,11.12,0.01,13,14455,买盘
1615,10:06:17,11.11,-0.01,2,2222,卖盘
1616,10:06:11,11.12,0.01,10,11120,买盘
1617,10:06:02,11.11,-0.01,13,14443,卖盘
1618,10:05:56,11.12,-0.01,21,23507,卖盘
1619,10:05:47,11.13,0.01,82,91266,买盘
1620,10:05:41,11.12,--,30,33360,卖盘
1621,10:05:32,11.12,--,4,4448,卖盘
1622,10:05:23,11.12,--,7,7783,卖盘
1623,10:05:17,11.12,--,90,100080,卖盘
1624,10:05:11,11.12,--,4,4448,卖盘
1625,10:05:08,11.12,--,29,32247,卖盘
1626,10:05:02,11.12,-0.01,2,2224,卖盘
1627,10:04:56,11.13,0.01,51,56763,买盘
1628,10:04:53,11.12,--,39,44324,买盘
1629,10:04:41,11.12,0.01,51,56711,买盘
1630,10:04:38,11.11,-0.01,32,35552,卖盘
1631,10:04:23,11.12,--,53,58935,买盘
1632,10:04:08,11.12,--,91,101347,卖盘
1633,10:04:02,11.12,--,66,73392,卖盘
1634,10:03:56,11.12,--,20,22240,卖盘
1635,10:03:53,11.12,--,87,96744,卖盘
1636,10:03:47,11.12,--,79,87848,卖盘
1637,10:03:41,11.12,-0.01,13,14455,卖盘
1638,10:03:38,11.13,--,85,94605,买盘
1639,10:03:26,11.13,0.01,64,71232,买盘
1640,10:03:22,11.12,--,5,5560,卖盘
1641,10:03:17,11.12,-0.01,4,4448,卖盘
1642,10:03:11,11.13,0.01,3,3339,买盘
1643,10:03:07,11.12,-0.01,21,23352,卖盘
1644,10:03:02,11.13,--,20,22260,买盘
1645,10:02:56,11.13,--,45,50085,买盘
1646,10:02:41,11.13,-0.01,198,220374,卖盘
1647,10:02:37,11.14,0.01,140,155960,买盘
1648,10:02:32,11.13,-0.01,70,77910,卖盘
1649,10:02:26,11.14,0.01,20,22280,买盘
1650,10:02:22,11.13,-0.01,186,207018,卖盘
1651,10:02:17,11.14,--,17,18938,买盘
1652,10:02:11,11.14,--,4,4456,买盘
1653,10:02:07,11.14,0.01,96,106944,买盘
1654,10:02:02,11.13,--,21,23373,卖盘
1655,10:01:56,11.13,-0.01,28,31164,卖盘
1656,10:01:52,11.14,--,271,301894,卖盘
1657,10:01:47,11.14,--,38,42332,卖盘
1658,10:01:41,11.14,--,65,72410,卖盘
1659,10:01:37,11.14,--,298,331972,买盘
1660,10:01:32,11.14,--,104,115856,卖盘
1661,10:01:26,11.14,--,4,4456,卖盘
1662,10:01:22,11.14,--,158,176012,买盘
1663,10:01:17,11.14,--,40,44560,买盘
1664,10:01:11,11.14,0.01,66,73524,买盘
1665,10:01:02,11.13,--,120,133560,卖盘
1666,10:00:56,11.13,--,12,13356,卖盘
1667,10:00:47,11.13,--,80,89040,买盘
1668,10:00:41,11.13,0.01,56,62328,买盘
1669,10:00:37,11.12,--,30,33360,卖盘
1670,10:00:26,11.12,--,2,2224,卖盘
1671,10:00:17,11.12,0.01,510,568076,买盘
1672,10:00:07,11.11,-0.01,52,57772,卖盘
1673,09:59:56,11.12,0.01,10,11120,买盘
1674,09:59:52,11.11,--,348,386628,买盘
1675,09:59:47,11.11,--,16,17776,买盘
1676,09:59:41,11.11,--,56,62216,买盘
1677,09:59:32,11.11,0.01,13,14443,买盘
1678,09:59:26,11.1,--,117,129870,买盘
1679,09:59:20,11.1,--,20,22200,买盘
1680,09:59:17,11.1,--,20,22200,买盘
1681,09:59:05,11.1,--,51,56610,买盘
1682,09:59:02,11.1,0.01,146,162060,买盘
1683,09:58:56,11.09,0.01,24,26616,买盘
1684,09:58:41,11.08,-0.02,53,58724,卖盘
1685,09:58:35,11.1,0.01,51,56610,买盘
1686,09:58:32,11.09,0.01,5,5545,买盘
1687,09:58:26,11.08,--,20,22160,卖盘
1688,09:58:20,11.08,0.01,1506,1668648,买盘
1689,09:58:17,11.07,--,43,47601,卖盘
1690,09:58:11,11.07,--,105,116235,卖盘
1691,09:58:05,11.07,--,2,2214,卖盘
1692,09:58:02,11.07,--,11,12177,买盘
1693,09:57:56,11.07,--,51,56457,买盘
1694,09:57:50,11.07,--,35,38745,买盘
1695,09:57:46,11.07,--,33,36531,卖盘
1696,09:57:41,11.07,--,50,55350,卖盘
1697,09:57:26,11.07,--,8,8856,买盘
1698,09:57:20,11.07,-0.01,52,57564,卖盘
1699,09:57:16,11.08,--,74,81992,买盘
1700,09:57:11,11.08,0.01,50,55400,买盘
1701,09:57:01,11.07,--,15,16605,买盘
1702,09:56:56,11.07,--,49,54243,卖盘
1703,09:56:50,11.07,--,19,21033,买盘
1704,09:56:46,11.07,--,50,55350,卖盘
1705,09:56:35,11.07,-0.01,38,42066,卖盘
1706,09:56:31,11.08,0.01,74,81992,买盘
1707,09:56:26,11.07,--,4,4428,卖盘
1708,09:56:16,11.07,--,8,8856,卖盘
1709,09:56:11,11.07,-0.02,514,568998,卖盘
1710,09:56:01,11.09,--,69,76521,卖盘
1711,09:55:56,11.09,--,4,4436,卖盘
1712,09:55:41,11.09,--,0,0,卖盘
1713,09:55:35,11.09,-0.01,20,22180,卖盘
1714,09:55:31,11.1,--,49,54390,卖盘
1715,09:55:26,11.1,--,86,95460,买盘
1716,09:55:20,11.1,0.01,7,7770,买盘
1717,09:55:16,11.09,-0.01,13,14417,卖盘
1718,09:55:11,11.1,0.01,12,13320,买盘
1719,09:55:05,11.09,-0.01,22,24398,卖盘
1720,09:55:01,11.1,0.01,19,21090,买盘
1721,09:54:56,11.09,--,102,113118,卖盘
1722,09:54:50,11.09,-0.01,200,221800,卖盘
1723,09:54:46,11.1,0.01,19,21090,买盘
1724,09:54:35,11.09,-0.01,40,44360,中性盘
1725,09:54:26,11.1,0.02,133,147630,买盘
1726,09:54:20,11.08,-0.01,9,9972,卖盘
1727,09:54:16,11.09,0.01,118,130862,买盘
1728,09:54:11,11.08,-0.01,5,5540,卖盘
1729,09:54:01,11.09,0.01,10,11090,买盘
1730,09:53:56,11.08,0.01,5,5540,买盘
1731,09:53:50,11.07,0.01,5,5535,中性盘
1732,09:53:46,11.06,-0.01,115,127190,卖盘
1733,09:53:41,11.07,--,114,126198,买盘
1734,09:53:35,11.07,0.01,11,12177,买盘
1735,09:53:31,11.06,--,10,11060,卖盘
1736,09:53:26,11.06,--,65,71890,卖盘
1737,09:53:16,11.06,0.01,87,96222,买盘
1738,09:53:11,11.05,--,57,62985,卖盘
1739,09:53:01,11.05,-0.01,71,78455,卖盘
1740,09:52:56,11.06,0.02,328,362768,买盘
1741,09:52:50,11.04,-0.02,86,94943,卖盘
1742,09:52:44,11.06,0.01,5,5530,买盘
1743,09:52:41,11.05,0.01,240,265200,买盘
1744,09:52:35,11.04,-0.02,25,27599,卖盘
1745,09:52:29,11.06,0.01,50,55300,买盘
1746,09:52:26,11.05,0.01,110,121550,买盘
1747,09:52:20,11.04,-0.02,266,293664,卖盘
1748,09:52:14,11.06,--,15,16590,买盘
1749,09:52:11,11.06,--,104,115024,买盘
1750,09:52:05,11.06,--,229,253274,卖盘
1751,09:51:59,11.06,-0.01,61,67466,卖盘
1752,09:51:56,11.07,-0.01,64,70848,买盘
1753,09:51:50,11.08,0.01,20,22160,买盘
1754,09:51:44,11.07,0.01,11,12177,中性盘
1755,09:51:41,11.06,-0.02,337,372722,卖盘
1756,09:51:35,11.08,--,110,121880,卖盘
1757,09:51:29,11.08,--,116,128528,卖盘
1758,09:51:26,11.08,--,20,22160,卖盘
1759,09:51:20,11.08,--,153,169524,卖盘
1760,09:51:14,11.08,-0.01,36,39888,卖盘
1761,09:51:10,11.09,-0.01,294,326046,卖盘
1762,09:51:05,11.1,0.01,25,27750,买盘
1763,09:50:55,11.09,-0.01,82,90938,卖盘
1764,09:50:50,11.1,-0.01,52,57720,卖盘
1765,09:50:40,11.11,0.01,12,13332,买盘
1766,09:50:35,11.1,-0.01,168,186491,卖盘
1767,09:50:29,11.11,-0.01,15,17764,卖盘
1768,09:50:25,11.12,0.01,66,73392,买盘
1769,09:50:20,11.11,-0.01,504,560843,卖盘
1770,09:50:14,11.12,--,10,11131,卖盘
1771,09:50:10,11.12,-0.01,72,80064,卖盘
1772,09:50:05,11.13,0.01,672,747936,买盘
1773,09:49:59,11.12,--,20,22240,卖盘
1774,09:49:55,11.12,--,154,171248,卖盘
1775,09:49:50,11.12,--,438,487256,买盘
1776,09:49:40,11.12,--,138,153456,买盘
1777,09:49:35,11.12,0.01,100,111199,买盘
1778,09:49:29,11.11,-0.01,37,41107,卖盘
1779,09:49:25,11.12,0.01,30,33360,买盘
1780,09:49:14,11.11,-0.01,66,73326,卖盘
1781,09:49:10,11.12,0.01,5,5560,买盘
1782,09:49:05,11.11,--,17,18887,卖盘
1783,09:48:55,11.11,--,67,74437,买盘
1784,09:48:50,11.11,0.01,46,51106,买盘
1785,09:48:40,11.1,-0.01,26,28860,卖盘
1786,09:48:35,11.11,--,0,0,买盘
1787,09:48:25,11.11,0.01,138,153318,买盘
1788,09:48:20,11.1,--,10,11100,买盘
1789,09:48:14,11.1,--,18,19980,卖盘
1790,09:48:10,11.1,--,14,15540,卖盘
1791,09:48:05,11.1,--,7,7770,卖盘
1792,09:47:59,11.1,--,120,133200,卖盘
1793,09:47:55,11.1,--,100,111000,卖盘
1794,09:47:50,11.1,--,20,22200,卖盘
1795,09:47:44,11.1,--,5,5550,卖盘
1796,09:47:40,11.1,-0.01,111,123210,卖盘
1797,09:47:35,11.11,--,1,1111,买盘
1798,09:47:25,11.11,0.01,26,28886,买盘
1799,09:47:20,11.1,--,56,62160,卖盘
1800,09:47:14,11.1,--,234,259740,卖盘
1801,09:47:10,11.1,-0.01,119,132090,卖盘
1802,09:46:55,11.11,--,11,12221,买盘
1803,09:46:50,11.11,--,17,18887,卖盘
1804,09:46:40,11.11,--,30,33330,卖盘
1805,09:46:35,11.11,--,52,57772,卖盘
1806,09:46:25,11.11,--,10,11110,卖盘
1807,09:46:20,11.11,0.01,25,27775,中性盘
1808,09:46:14,11.1,-0.01,125,138750,卖盘
1809,09:46:10,11.11,--,30,33330,卖盘
1810,09:46:04,11.11,-0.01,105,116655,卖盘
1811,09:45:55,11.12,--,69,76728,买盘
1812,09:45:50,11.12,--,215,239079,买盘
1813,09:45:44,11.12,--,20,22240,买盘
1814,09:45:35,11.12,--,43,47816,买盘
1815,09:45:29,11.12,0.01,100,111199,买盘
1816,09:45:23,11.11,-0.01,12,13332,卖盘
1817,09:45:20,11.12,--,22,24464,买盘
1818,09:45:14,11.12,--,20,22240,买盘
1819,09:44:59,11.12,-0.01,490,544880,卖盘
1820,09:44:53,11.13,--,66,73458,卖盘
1821,09:44:50,11.13,--,120,133560,卖盘
1822,09:44:29,11.13,-0.01,38,42294,卖盘
1823,09:44:19,11.14,-0.01,40,44560,买盘
1824,09:44:14,11.15,0.01,132,147180,买盘
1825,09:44:08,11.14,--,375,417750,卖盘
1826,09:44:04,11.14,-0.01,14,15596,卖盘
1827,09:43:59,11.15,--,8,8920,买盘
1828,09:43:49,11.15,--,146,162790,卖盘
1829,09:43:44,11.15,--,46,51290,卖盘
1830,09:43:38,11.15,0.01,118,131570,买盘
1831,09:43:29,11.14,-0.01,99,110286,卖盘
1832,09:43:23,11.15,-0.01,57,63555,卖盘
1833,09:43:19,11.16,0.01,73,81468,买盘
1834,09:43:13,11.15,--,12,13380,卖盘
1835,09:43:08,11.15,-0.01,4,4460,卖盘
1836,09:43:04,11.16,--,19,21204,买盘
1837,09:42:59,11.16,--,7,7812,卖盘
1838,09:42:49,11.16,--,81,90396,卖盘
1839,09:42:43,11.16,--,112,124992,卖盘
1840,09:42:34,11.16,--,12,13392,买盘
1841,09:42:28,11.16,--,111,123876,买盘
1842,09:42:23,11.16,--,10,11160,买盘
1843,09:42:19,11.16,--,235,262260,买盘
1844,09:42:13,11.16,--,110,122760,买盘
1845,09:42:08,11.16,--,8,8928,买盘
1846,09:42:04,11.16,--,59,65844,买盘
1847,09:41:53,11.16,0.01,1000,1116000,买盘
1848,09:41:43,11.15,--,37,41255,卖盘
1849,09:41:38,11.15,0.01,26,28990,买盘
1850,09:41:34,11.14,-0.01,8,8912,卖盘
1851,09:41:28,11.15,0.01,24,26760,买盘
1852,09:41:23,11.14,--,22,24508,买盘
1853,09:41:19,11.14,--,23,25622,卖盘
1854,09:41:13,11.14,0.01,1,1114,卖盘
1855,09:41:08,11.13,--,0,0,卖盘
1856,09:41:04,11.13,-0.03,10,11130,卖盘
1857,09:40:58,11.16,0.02,209,233244,买盘
1858,09:40:49,11.14,-0.01,148,164872,卖盘
1859,09:40:34,11.15,--,14,15610,卖盘
1860,09:40:28,11.15,--,124,138260,卖盘
1861,09:40:23,11.15,-0.01,10,11150,卖盘
1862,09:40:13,11.16,--,55,61380,买盘
1863,09:40:08,11.16,0.01,9,10044,买盘
1864,09:40:04,11.15,-0.01,78,86970,卖盘
1865,09:39:58,11.16,-0.01,119,132804,卖盘
1866,09:39:49,11.17,--,53,59201,买盘
1867,09:39:43,11.17,--,194,216698,买盘
1868,09:39:38,11.17,0.01,62,69254,买盘
1869,09:39:34,11.16,-0.02,952,1062432,卖盘
1870,09:39:28,11.18,0.01,90,100620,买盘
1871,09:39:23,11.17,-0.01,10,11170,卖盘
1872,09:39:19,11.18,--,23,25714,买盘
1873,09:39:13,11.18,--,229,256022,买盘
1874,09:39:08,11.18,--,4,4472,买盘
1875,09:39:04,11.18,0.01,261,291798,买盘
1876,09:38:58,11.17,-0.01,141,157497,卖盘
1877,09:38:53,11.18,0.01,171,191178,买盘
1878,09:38:38,11.17,--,311,347387,买盘
1879,09:38:28,11.17,--,8,8936,买盘
1880,09:38:23,11.17,-0.01,86,96062,卖盘
1881,09:38:17,11.18,0.01,61,68198,买盘
1882,09:38:13,11.17,--,12,13404,卖盘
1883,09:38:08,11.17,-0.01,185,206645,卖盘
1884,09:38:02,11.18,0.01,25,27950,买盘
1885,09:37:58,11.17,--,182,203294,卖盘
1886,09:37:53,11.17,-0.01,282,314994,卖盘
1887,09:37:47,11.18,--,30,33540,买盘
1888,09:37:43,11.18,0.01,13,14534,买盘
1889,09:37:38,11.17,0.01,337,376429,买盘
1890,09:37:32,11.16,-0.02,154,171864,卖盘
1891,09:37:28,11.18,0.02,884,988312,买盘
1892,09:37:23,11.16,--,10,11160,卖盘
1893,09:37:08,11.16,-0.01,2,2232,中性盘
1894,09:37:02,11.17,0.02,49,54733,买盘
1895,09:36:58,11.15,--,104,115960,卖盘
1896,09:36:52,11.15,--,15,16725,卖盘
1897,09:36:43,11.15,--,8,8920,买盘
1898,09:36:37,11.15,0.01,96,107040,买盘
1899,09:36:28,11.14,0.01,1169,1302266,买盘
1900,09:36:22,11.13,0.01,692,770318,买盘
1901,09:36:17,11.12,--,12,13343,卖盘
1902,09:36:13,11.12,--,234,260207,买盘
1903,09:36:07,11.12,--,10,11120,买盘
1904,09:36:02,11.12,--,27,30023,买盘
1905,09:35:58,11.12,--,39,43368,买盘
1906,09:35:52,11.12,--,138,153456,买盘
1907,09:35:47,11.12,--,31,34472,买盘
1908,09:35:43,11.12,0.02,20,22240,买盘
1909,09:35:37,11.1,-0.02,64,71040,卖盘
1910,09:35:28,11.12,--,50,55599,买盘
1911,09:35:22,11.12,0.01,174,193488,买盘
1912,09:35:07,11.11,--,414,459954,买盘
1913,09:34:58,11.11,0.01,55,61105,买盘
1914,09:34:52,11.1,-0.01,30,33300,卖盘
1915,09:34:47,11.11,--,5,5555,买盘
1916,09:34:43,11.11,--,41,45551,买盘
1917,09:34:37,11.11,--,18,19998,买盘
1918,09:34:22,11.11,--,65,72215,卖盘
1919,09:34:13,11.11,--,11,12221,卖盘
1920,09:34:07,11.11,-0.01,44,48884,卖盘
1921,09:34:02,11.12,0.01,7,7783,买盘
1922,09:33:58,11.11,--,78,86658,卖盘
1923,09:33:52,11.11,--,30,33330,卖盘
1924,09:33:47,11.11,--,4,4444,卖盘
1925,09:33:43,11.11,--,116,128876,卖盘
1926,09:33:37,11.11,-0.01,21,23331,卖盘
1927,09:33:32,11.12,0.01,8,8896,买盘
1928,09:33:28,11.11,0.01,88,97768,买盘
1929,09:33:22,11.1,--,4,4440,卖盘
1930,09:33:17,11.1,-0.01,4,4440,卖盘
1931,09:33:13,11.11,--,38,42317,卖盘
1932,09:33:07,11.11,-0.01,31,34441,卖盘
1933,09:32:58,11.12,0.02,63,71067,买盘
1934,09:32:52,11.1,-0.01,31,34410,卖盘
1935,09:32:47,11.11,0.01,10,11110,买盘
1936,09:32:42,11.1,-0.02,326,361959,卖盘
1937,09:32:37,11.12,0.01,106,118883,买盘
1938,09:32:32,11.11,-0.01,9,9999,卖盘
1939,09:32:27,11.12,0.01,114,126767,买盘
1940,09:32:22,11.11,-0.01,106,117766,卖盘
1941,09:32:17,11.12,--,16,17792,买盘
1942,09:32:12,11.12,--,12,13343,买盘
1943,09:32:07,11.12,--,95,105639,买盘
1944,09:31:57,11.12,--,10,11120,买盘
1945,09:31:52,11.12,0.01,78,86736,买盘
1946,09:31:42,11.11,--,100,111100,卖盘
1947,09:31:37,11.11,--,30,33330,卖盘
1948,09:31:32,11.11,0.01,80,88880,买盘
1949,09:31:26,11.1,0.01,92,102120,买盘
1950,09:31:22,11.09,0.01,46,51014,买盘
1951,09:31:17,11.08,--,4,4432,卖盘
1952,09:31:11,11.08,--,208,230464,卖盘
1953,09:31:07,11.08,--,10,11080,卖盘
1954,09:31:02,11.08,--,5,5540,卖盘
1955,09:30:56,11.08,--,13,14404,卖盘
1956,09:30:52,11.08,-0.01,187,207196,卖盘
1957,09:30:47,11.09,0.01,198,219582,买盘
1958,09:30:37,11.08,-0.01,17,18836,卖盘
1959,09:30:32,11.09,0.01,56,62104,买盘
1960,09:30:26,11.08,--,6,6648,卖盘
1961,09:30:22,11.08,--,14,15512,卖盘
1962,09:30:16,11.08,--,8,8864,卖盘
1963,09:30:07,11.08,-0.01,1742,1930811,卖盘
1964,09:30:01,11.09,--,10,11090,卖盘
1965,09:28:44,11.09,--,0,0,卖盘
1966,09:25:09,11.09,11.09,199,220691,买盘
