,time,price,change,volume,amount,type
0,15:00:00,16.29,0.01,0,0,买盘
1,15:00:00,16.28,--,0,0,卖盘
2,14:59:58,16.28,-0.01,13,22368,卖盘
3,14:59:53,16.29,--,70,114030,买盘
4,14:59:47,16.29,--,150,244350,买盘
5,14:59:43,16.29,0.03,439,715131,买盘
6,14:59:38,16.26,-0.02,135,219510,卖盘
7,14:59:28,16.28,--,88,143264,买盘
8,14:59:23,16.28,--,61,99308,买盘
9,14:59:17,16.28,--,1,1628,买盘
10,14:59:13,16.28,--,676,1100528,卖盘
11,14:59:08,16.28,--,20,32560,卖盘
12,14:59:02,16.28,--,64,104192,卖盘
13,14:58:58,16.28,--,51,83028,卖盘
14,14:58:53,16.28,0.01,494,804232,买盘
15,14:58:47,16.27,--,56,91112,买盘
16,14:58:43,16.27,--,2,3254,买盘
17,14:58:38,16.27,--,2,3254,买盘
18,14:58:32,16.27,--,51,82977,买盘
19,14:58:28,16.27,--,605,984335,卖盘
20,14:58:23,16.27,-0.01,75,122025,卖盘
21,14:58:17,16.28,0.01,1,1628,买盘
22,14:58:13,16.27,-0.01,13,21151,卖盘
23,14:58:08,16.28,0.01,60,97680,买盘
24,14:58:02,16.27,--,20,32540,卖盘
25,14:57:58,16.27,-0.01,60,97620,卖盘
26,14:57:53,16.28,0.01,20,32560,买盘
27,14:57:47,16.27,-0.01,16,26032,卖盘
28,14:57:38,16.28,0.01,13,21164,买盘
29,14:57:23,16.27,-0.01,14,22778,卖盘
30,14:57:13,16.28,0.01,72,117216,买盘
31,14:57:08,16.27,-0.01,102,165954,卖盘
32,14:57:02,16.28,0.01,12,19536,买盘
33,14:56:58,16.27,--,4,6508,卖盘
34,14:56:43,16.27,--,2,3254,卖盘
35,14:56:38,16.27,-0.01,20,32540,卖盘
36,14:56:28,16.28,0.01,29,47212,买盘
37,14:56:23,16.27,-0.01,7,11389,卖盘
38,14:56:17,16.28,0.01,19,30932,买盘
39,14:56:13,16.27,-0.01,56,91112,卖盘
40,14:56:08,16.28,0.01,56,91168,买盘
41,14:56:02,16.27,--,40,65080,卖盘
42,14:55:47,16.27,--,24,39048,卖盘
43,14:55:32,16.27,--,12,19524,卖盘
44,14:55:23,16.27,-0.01,3,4881,卖盘
45,14:55:13,16.28,0.01,5,8140,买盘
46,14:55:07,16.27,-0.01,16,26032,卖盘
47,14:55:02,16.28,--,2,3256,买盘
48,14:54:58,16.28,--,5,8140,买盘
49,14:54:47,16.28,-0.01,209,340252,卖盘
50,14:54:43,16.29,0.01,532,866628,买盘
51,14:54:38,16.28,--,59,96052,卖盘
52,14:54:32,16.28,--,16,26048,卖盘
53,14:54:28,16.28,--,13,21164,卖盘
54,14:54:23,16.28,--,206,335368,卖盘
55,14:54:17,16.28,--,500,814000,卖盘
56,14:54:08,16.28,--,1,1628,卖盘
57,14:54:02,16.28,--,422,687016,卖盘
58,14:53:57,16.28,-0.01,9,14652,卖盘
59,14:53:53,16.29,--,21,34209,买盘
60,14:53:47,16.29,0.01,7,11403,买盘
61,14:53:38,16.28,-0.01,29,47212,卖盘
62,14:53:26,16.29,0.01,18,29322,买盘
63,14:53:17,16.28,--,25,40700,卖盘
64,14:53:11,16.28,--,5,8140,卖盘
65,14:53:08,16.28,--,13,21164,卖盘
66,14:53:02,16.28,0.01,380,618640,买盘
67,14:52:56,16.27,--,14,22778,买盘
68,14:52:47,16.27,0.01,8,13016,买盘
69,14:52:41,16.26,-0.01,40,65040,卖盘
70,14:52:37,16.27,--,10,16270,买盘
71,14:52:22,16.27,--,0,0,中性盘
72,14:52:17,16.27,--,50,81350,卖盘
73,14:52:11,16.27,--,9,14643,买盘
74,14:52:02,16.27,--,13,21151,买盘
75,14:51:56,16.27,--,1,1627,买盘
76,14:51:37,16.27,0.01,9,14643,买盘
77,14:51:26,16.26,-0.02,10,16260,卖盘
78,14:51:22,16.28,--,0,0,买盘
79,14:51:16,16.28,0.01,132,214896,买盘
80,14:51:07,16.27,--,31,50437,中性盘
81,14:51:02,16.27,0.01,270,439290,买盘
82,14:50:52,16.26,--,1,1626,卖盘
83,14:50:46,16.26,0.01,20,32991,买盘
84,14:50:41,16.25,-0.01,60,97500,卖盘
85,14:50:37,16.26,--,190,308940,买盘
86,14:50:32,16.26,0.01,52,84552,买盘
87,14:50:22,16.25,--,4,6500,卖盘
88,14:50:11,16.25,-0.01,35,56875,卖盘
89,14:50:07,16.26,--,200,325200,买盘
90,14:50:01,16.26,--,333,541458,卖盘
91,14:49:56,16.26,--,140,227640,卖盘
92,14:49:52,16.26,-0.01,36,58536,卖盘
93,14:49:46,16.27,0.01,1,1627,买盘
94,14:49:41,16.26,-0.01,24,39024,卖盘
95,14:49:37,16.27,0.01,20,32540,买盘
96,14:49:31,16.26,-0.01,54,87804,卖盘
97,14:49:26,16.27,0.01,5,8135,买盘
98,14:49:16,16.26,--,57,92682,卖盘
99,14:49:07,16.26,-0.01,129,209754,卖盘
100,14:49:01,16.27,0.01,42,68334,买盘
101,14:48:56,16.26,--,1,1626,卖盘
102,14:48:46,16.26,--,22,35772,卖盘
103,14:48:41,16.26,--,6,9756,卖盘
104,14:48:31,16.26,-0.01,5,8130,卖盘
105,14:48:26,16.27,0.01,15,24405,买盘
106,14:48:16,16.26,-0.01,76,123576,卖盘
107,14:48:11,16.27,--,57,92739,买盘
108,14:48:06,16.27,--,8,13016,买盘
109,14:47:41,16.27,--,6,9762,买盘
110,14:47:22,16.27,0.01,5,8135,买盘
111,14:47:16,16.26,--,13,21138,卖盘
112,14:47:11,16.26,-0.01,1,1626,卖盘
113,14:47:06,16.27,0.01,43,69961,买盘
114,14:47:01,16.26,-0.01,23,37398,卖盘
115,14:46:52,16.27,--,14,22778,买盘
116,14:46:46,16.27,0.01,30,48810,买盘
117,14:46:41,16.26,--,17,27642,卖盘
118,14:46:31,16.26,--,1,1626,卖盘
119,14:46:26,16.26,-0.01,2,3252,卖盘
120,14:46:20,16.27,--,45,73215,买盘
121,14:46:16,16.27,0.01,23,37421,买盘
122,14:46:11,16.26,--,1,1626,卖盘
123,14:46:01,16.26,-0.01,2,3252,卖盘
124,14:45:56,16.27,--,16,26032,买盘
125,14:45:46,16.27,0.01,110,178970,买盘
126,14:45:41,16.26,--,17,27642,卖盘
127,14:45:31,16.26,-0.01,1,1626,卖盘
128,14:45:25,16.27,--,14,22778,买盘
129,14:45:20,16.27,0.01,15,24405,买盘
130,14:45:10,16.26,-0.01,61,99186,买盘
131,14:45:05,16.27,--,0,0,买盘
132,14:45:01,16.27,0.01,108,175716,买盘
133,14:44:55,16.26,0.01,488,793488,买盘
134,14:44:46,16.25,--,49,79625,卖盘
135,14:44:40,16.25,--,1,1625,卖盘
136,14:44:31,16.25,-0.01,1,1625,卖盘
137,14:44:25,16.26,--,17,27642,买盘
138,14:44:20,16.26,0.01,4,6504,买盘
139,14:44:10,16.25,--,1,1625,卖盘
140,14:44:01,16.25,--,3,4875,卖盘
141,14:43:55,16.25,--,7,11375,卖盘
142,14:43:50,16.25,-0.01,5,8125,卖盘
143,14:43:46,16.26,0.01,29,47154,买盘
144,14:43:40,16.25,--,60,97500,卖盘
145,14:43:35,16.25,--,100,162500,卖盘
146,14:43:31,16.25,--,3,4875,卖盘
147,14:43:25,16.25,--,1,1625,卖盘
148,14:43:16,16.25,--,10,16250,卖盘
149,14:43:10,16.25,--,2,3250,卖盘
150,14:43:01,16.25,--,249,405876,卖盘
151,14:42:50,16.25,--,2,3250,卖盘
152,14:42:46,16.25,--,39,63375,卖盘
153,14:42:40,16.25,--,19,30875,卖盘
154,14:42:31,16.25,--,2,3250,卖盘
155,14:42:20,16.25,--,51,82875,卖盘
156,14:42:16,16.25,--,100,162500,卖盘
157,14:42:10,16.25,--,83,134875,卖盘
158,14:42:05,16.25,--,35,56875,卖盘
159,14:42:01,16.25,--,64,104000,卖盘
160,14:41:55,16.25,--,47,76375,卖盘
161,14:41:50,16.25,--,35,56875,卖盘
162,14:41:46,16.25,--,71,115375,卖盘
163,14:41:40,16.25,--,351,570375,卖盘
164,14:41:35,16.25,--,14,22750,卖盘
165,14:41:31,16.25,--,70,113750,卖盘
166,14:41:25,16.25,-0.01,46,74750,卖盘
167,14:41:20,16.26,--,76,123576,卖盘
168,14:41:15,16.26,--,12,19512,卖盘
169,14:41:10,16.26,--,7,11382,卖盘
170,14:41:05,16.26,--,1,1626,卖盘
171,14:40:55,16.26,--,4,6504,卖盘
172,14:40:50,16.26,--,37,60162,卖盘
173,14:40:40,16.26,--,7,11382,卖盘
174,14:40:35,16.26,--,55,89430,卖盘
175,14:40:25,16.26,--,2,3252,卖盘
176,14:40:20,16.26,-0.01,25,40650,卖盘
177,14:40:15,16.27,0.01,40,65080,买盘
178,14:40:10,16.26,--,14,22764,卖盘
179,14:40:05,16.26,-0.01,1,1626,卖盘
180,14:40:00,16.27,--,1,2001,卖盘
181,14:39:50,16.27,0.01,19,32165,卖盘
182,14:39:45,16.26,--,16,26016,卖盘
183,14:39:40,16.26,--,65,105690,卖盘
184,14:39:35,16.26,-0.02,13,21138,卖盘
185,14:39:30,16.28,0.02,12,19536,买盘
186,14:39:25,16.26,--,0,0,卖盘
187,14:39:19,16.26,-0.02,1,1626,卖盘
188,14:39:14,16.28,0.02,15,24420,买盘
189,14:39:10,16.26,-0.02,14,22764,卖盘
190,14:39:04,16.28,--,21,34188,买盘
191,14:38:59,16.28,0.02,11,17908,买盘
192,14:38:55,16.26,--,0,0,卖盘
193,14:38:49,16.26,-0.02,14,22764,卖盘
194,14:38:40,16.28,0.02,43,70004,买盘
195,14:38:34,16.26,-0.02,2,3252,卖盘
196,14:38:29,16.28,--,10,16280,买盘
197,14:38:25,16.28,0.02,66,107448,买盘
198,14:38:19,16.26,0.01,12,19512,买盘
199,14:38:14,16.25,--,1,1625,卖盘
200,14:38:10,16.25,--,11,17875,卖盘
201,14:38:04,16.25,-0.03,2,3250,卖盘
202,14:37:59,16.28,--,0,0,买盘
203,14:37:55,16.28,0.03,129,210012,买盘
204,14:37:49,16.25,0.01,1,1625,卖盘
205,14:37:44,16.24,--,0,0,卖盘
206,14:37:34,16.24,--,0,0,卖盘
207,14:37:25,16.24,-0.05,40,64959,卖盘
208,14:37:19,16.29,0.05,11,17919,买盘
209,14:37:10,16.24,-0.01,239,388135,卖盘
210,14:37:04,16.25,-0.04,2,3250,中性盘
211,14:36:59,16.29,--,120,195480,买盘
212,14:36:55,16.29,0.05,228,371412,买盘
213,14:36:49,16.24,--,280,454719,卖盘
214,14:36:44,16.24,--,0,0,卖盘
215,14:36:40,16.24,-0.02,2,3247,卖盘
216,14:36:34,16.26,0.03,161,261786,买盘
217,14:36:29,16.23,--,35,56805,卖盘
218,14:36:25,16.23,--,21,34083,卖盘
219,14:36:19,16.23,--,51,82773,卖盘
220,14:36:14,16.23,-0.02,35,56805,卖盘
221,14:36:10,16.25,-0.01,1,1625,卖盘
222,14:36:04,16.26,-0.01,160,260160,卖盘
223,14:35:55,16.27,0.01,56,91112,买盘
224,14:35:49,16.26,--,7,11382,卖盘
225,14:35:44,16.26,--,0,0,卖盘
226,14:35:40,16.26,-0.03,2,3252,卖盘
227,14:35:34,16.29,--,37,60273,买盘
228,14:35:25,16.29,--,1,1629,买盘
229,14:35:19,16.29,0.02,827,1347183,买盘
230,14:35:14,16.27,--,76,123652,卖盘
231,14:35:09,16.27,--,1,1627,卖盘
232,14:35:04,16.27,--,2,3254,卖盘
233,14:34:49,16.27,--,126,205002,卖盘
234,14:34:44,16.27,0.01,32,52064,买盘
235,14:34:39,16.26,-0.01,1,1626,卖盘
236,14:34:34,16.27,0.01,22,35794,买盘
237,14:34:29,16.26,--,34,55284,卖盘
238,14:34:19,16.26,-0.01,2,3252,卖盘
239,14:34:14,16.27,0.01,53,86231,买盘
240,14:34:09,16.26,--,12,19512,买盘
241,14:34:04,16.26,0.01,27,43902,买盘
242,14:33:59,16.25,--,0,0,中性盘
243,14:33:54,16.25,0.02,17,27625,中性盘
244,14:33:49,16.23,-0.03,77,124971,卖盘
245,14:33:44,16.26,0.01,2762,4491808,买盘
246,14:33:39,16.25,-0.01,3,4875,卖盘
247,14:33:34,16.26,--,11,17886,买盘
248,14:33:29,16.26,--,38,61788,买盘
249,14:33:24,16.26,0.02,142,230892,中性盘
250,14:33:19,16.24,-0.02,180,292320,卖盘
251,14:33:14,16.26,0.02,186,302436,买盘
252,14:33:09,16.24,--,50,81199,买盘
253,14:33:04,16.24,0.01,23,37352,买盘
254,14:32:58,16.23,-0.01,37,60051,卖盘
255,14:32:54,16.24,0.01,15,24359,买盘
256,14:32:49,16.23,--,130,210990,卖盘
257,14:32:43,16.23,--,1,1623,卖盘
258,14:32:38,16.23,--,275,446325,卖盘
259,14:32:34,16.23,0.08,561,910503,买盘
260,14:32:28,16.15,-0.06,3116,5033373,卖盘
261,14:32:19,16.21,--,66,106986,卖盘
262,14:32:13,16.21,-0.02,2,3242,卖盘
263,14:32:04,16.23,0.02,2025,3286575,买盘
264,14:31:58,16.21,-0.02,33,53493,卖盘
265,14:31:49,16.23,0.02,19,30837,买盘
266,14:31:43,16.21,0.04,2,3242,卖盘
267,14:31:34,16.17,-0.04,2001,3235617,卖盘
268,14:31:28,16.21,--,15,24315,卖盘
269,14:31:23,16.21,--,0,0,卖盘
270,14:31:19,16.21,-0.03,6,9726,卖盘
271,14:31:13,16.24,0.03,132,214367,买盘
272,14:31:08,16.21,--,9,14589,买盘
273,14:31:04,16.21,0.01,21,34041,买盘
274,14:30:58,16.2,--,206,333720,卖盘
275,14:30:49,16.2,--,532,861840,买盘
276,14:30:43,16.2,-0.01,22,35640,中性盘
277,14:30:38,16.21,0.02,10,16210,买盘
278,14:30:34,16.19,-0.02,12,19428,中性盘
279,14:30:28,16.21,0.03,5,8105,买盘
280,14:30:19,16.18,0.01,1027,1661686,买盘
281,14:30:13,16.17,-0.01,174,281358,买盘
282,14:30:08,16.18,0.02,500,809000,买盘
283,14:30:04,16.16,--,54,87264,买盘
284,14:29:58,16.16,--,6,9696,卖盘
285,14:29:53,16.16,--,2,3232,买盘
286,14:29:49,16.16,--,5036,8138176,买盘
287,14:29:43,16.16,-0.02,456,736896,卖盘
288,14:29:38,16.18,--,550,889900,买盘
289,14:29:34,16.18,0.02,111,179598,买盘
290,14:29:28,16.16,-0.01,3067,4956272,卖盘
291,14:29:19,16.17,0.05,204,329868,卖盘
292,14:29:13,16.12,-0.01,1723,2777476,卖盘
293,14:29:08,16.13,-0.05,1166,1880758,卖盘
294,14:29:04,16.18,0.01,2080,3365440,买盘
295,14:28:58,16.17,-0.01,1,1617,卖盘
296,14:28:53,16.18,0.01,1,1618,买盘
297,14:28:48,16.17,--,35,56595,卖盘
298,14:28:43,16.17,-0.01,29,46893,中性盘
299,14:28:38,16.18,0.01,138,223284,买盘
300,14:28:33,16.17,--,2147,3471699,卖盘
301,14:28:28,16.17,-0.01,22,35574,卖盘
302,14:28:23,16.18,0.01,30,48540,买盘
303,14:28:18,16.17,-0.01,32,51744,卖盘
304,14:28:13,16.18,0.01,1014,1640652,买盘
305,14:28:08,16.17,--,30,48510,买盘
306,14:28:04,16.17,--,345,557865,买盘
307,14:27:58,16.17,--,1179,1906443,买盘
308,14:27:53,16.17,-0.04,690,1115730,卖盘
309,14:27:48,16.21,-0.03,2075,3363575,卖盘
310,14:27:43,16.24,--,20,32479,买盘
311,14:27:38,16.24,0.03,30,48719,买盘
312,14:27:33,16.21,--,35,56735,卖盘
313,14:27:28,16.21,-0.03,10,16210,卖盘
314,14:27:23,16.24,0.03,12,19487,买盘
315,14:27:13,16.21,0.01,2,3242,中性盘
316,14:27:08,16.2,--,115,186300,卖盘
317,14:26:58,16.2,--,282,457520,买盘
318,14:26:53,16.2,--,1534,2485080,买盘
319,14:26:48,16.2,--,562,910440,买盘
320,14:26:43,16.2,-0.03,740,1199739,卖盘
321,14:26:37,16.23,--,566,919770,买盘
322,14:26:33,16.23,0.01,9,15759,买盘
323,14:26:28,16.22,0.01,21,34062,卖盘
324,14:26:22,16.21,-0.02,17,27557,卖盘
325,14:26:18,16.23,--,2406,3904938,买盘
326,14:26:13,16.23,0.01,40,64920,买盘
327,14:26:07,16.22,0.01,20,32439,买盘
328,14:26:03,16.21,--,8,12968,卖盘
329,14:25:58,16.21,-0.01,3355,5438455,卖盘
330,14:25:52,16.22,0.01,14,22708,买盘
331,14:25:48,16.21,--,5,8105,买盘
332,14:25:43,16.21,--,1984,3216064,买盘
333,14:25:37,16.21,-0.01,1123,1820383,卖盘
334,14:25:33,16.22,--,6,9732,买盘
335,14:25:28,16.22,--,55,89210,买盘
336,14:25:22,16.22,--,61,98942,买盘
337,14:25:18,16.22,-0.01,1410,2288625,卖盘
338,14:25:13,16.23,--,21,34083,买盘
339,14:25:07,16.23,--,17,27591,买盘
340,14:25:02,16.23,0.01,125,202875,买盘
341,14:24:58,16.22,-0.02,1878,3046602,卖盘
342,14:24:52,16.24,--,6,9873,卖盘
343,14:24:43,16.24,--,2,3247,卖盘
344,14:24:37,16.24,-0.01,4,6495,卖盘
345,14:24:32,16.25,0.01,53,86125,买盘
346,14:24:28,16.24,-0.01,1357,2204190,卖盘
347,14:24:22,16.25,-0.01,22,35750,卖盘
348,14:24:17,16.26,0.01,9,14634,中性盘
349,14:24:13,16.25,-0.02,323,524875,卖盘
350,14:24:07,16.27,0.01,2,3254,买盘
351,14:23:58,16.26,-0.01,1355,2203230,卖盘
352,14:23:52,16.27,--,12,19524,买盘
353,14:23:47,16.27,--,40,65080,买盘
354,14:23:42,16.27,-0.01,235,382930,卖盘
355,14:23:37,16.28,--,54,87912,买盘
356,14:23:32,16.28,0.01,57,92796,买盘
357,14:23:28,16.27,--,1,1627,卖盘
358,14:23:22,16.27,-0.01,599,974573,卖盘
359,14:23:13,16.28,0.01,133,216524,买盘
360,14:23:07,16.27,-0.01,42,68334,卖盘
361,14:23:02,16.28,0.01,1,1628,买盘
362,14:22:58,16.27,--,3,4881,卖盘
363,14:22:52,16.27,-0.01,31,50437,卖盘
364,14:22:42,16.28,-0.02,668,1087911,卖盘
365,14:22:37,16.3,0.01,1,1630,买盘
366,14:22:32,16.29,--,3,4887,卖盘
367,14:22:27,16.29,--,9,14661,卖盘
368,14:22:22,16.29,-0.02,10,16290,卖盘
369,14:22:17,16.31,0.03,1,1630,买盘
370,14:22:12,16.28,--,16,26048,卖盘
371,14:22:07,16.28,--,182,296458,卖盘
372,14:22:02,16.28,--,1,1628,卖盘
373,14:21:57,16.28,--,13,21164,卖盘
374,14:21:52,16.28,--,1,1628,卖盘
375,14:21:47,16.28,-0.04,20,32560,卖盘
376,14:21:42,16.32,0.04,75,122400,买盘
377,14:21:37,16.28,-0.01,210,341880,卖盘
378,14:21:32,16.29,--,2,3258,买盘
379,14:21:22,16.29,--,0,0,中性盘
380,14:21:12,16.29,0.01,6,9774,中性盘
381,14:21:07,16.28,-0.04,166,270248,卖盘
382,14:21:02,16.32,0.04,4,6528,买盘
383,14:20:57,16.28,--,91,148148,卖盘
384,14:20:52,16.28,-0.04,147,239316,卖盘
385,14:20:47,16.32,0.04,1,1632,中性盘
386,14:20:42,16.28,-0.05,114,185592,卖盘
387,14:20:37,16.33,0.05,20,32659,买盘
388,14:20:27,16.28,-0.04,62,100936,卖盘
389,14:20:22,16.32,0.03,35,57120,买盘
390,14:20:16,16.29,0.01,2,3258,买盘
391,14:20:12,16.28,--,217,353276,卖盘
392,14:20:07,16.28,--,117,190476,卖盘
393,14:20:01,16.28,--,0,0,卖盘
394,14:19:57,16.28,--,36,58608,卖盘
395,14:19:52,16.28,--,37,60236,卖盘
396,14:19:46,16.28,-0.05,211,343508,卖盘
397,14:19:42,16.33,0.04,130,212289,买盘
398,14:19:37,16.29,0.01,48,78192,中性盘
399,14:19:31,16.28,-0.01,246,400488,卖盘
400,14:19:22,16.29,--,36,58644,卖盘
401,14:19:16,16.29,--,35,57015,卖盘
402,14:19:12,16.29,--,213,346977,卖盘
403,14:19:07,16.29,-0.01,82,133578,卖盘
404,14:19:01,16.3,0.01,7,11410,买盘
405,14:18:57,16.29,--,35,57015,卖盘
406,14:18:52,16.29,--,3,4887,卖盘
407,14:18:42,16.29,--,1,1629,卖盘
408,14:18:37,16.29,--,60,97740,卖盘
409,14:18:31,16.29,-0.03,2,3258,卖盘
410,14:18:26,16.32,0.02,74,120768,买盘
411,14:18:22,16.3,--,51,83553,卖盘
412,14:18:16,16.3,-0.01,101,164630,卖盘
413,14:18:11,16.31,0.01,38,61977,买盘
414,14:18:07,16.3,0.01,27,45216,买盘
415,14:18:01,16.29,--,36,58644,卖盘
416,14:17:56,16.29,-0.01,0,1449,卖盘
417,14:17:52,16.3,--,3,4890,买盘
418,14:17:41,16.3,0.01,2,3260,买盘
419,14:17:31,16.29,-0.01,2,3258,卖盘
420,14:17:21,16.3,0.01,2,3260,买盘
421,14:17:11,16.29,-0.01,2,3258,卖盘
422,14:17:07,16.3,--,24,39592,卖盘
423,14:17:01,16.3,--,2,3260,卖盘
424,14:16:51,16.3,--,10,16300,卖盘
425,14:16:41,16.3,--,1,1630,卖盘
426,14:16:36,16.3,--,51,83130,卖盘
427,14:16:31,16.3,-0.01,2,3260,卖盘
428,14:16:26,16.31,--,1,1630,买盘
429,14:16:21,16.31,--,9,14678,买盘
430,14:16:16,16.31,0.01,1,1630,买盘
431,14:16:11,16.3,--,1,1630,卖盘
432,14:16:06,16.3,-0.01,10,16300,卖盘
433,14:16:01,16.31,0.02,112,183830,买盘
434,14:15:56,16.29,--,2,3258,卖盘
435,14:15:51,16.29,-0.01,20,32580,卖盘
436,14:15:46,16.3,0.02,12,19560,买盘
437,14:15:41,16.28,--,0,0,卖盘
438,14:15:36,16.28,--,1,1628,卖盘
439,14:15:31,16.28,-0.01,53,86284,卖盘
440,14:15:21,16.29,-0.01,1,1629,卖盘
441,14:15:16,16.3,0.01,1,1630,买盘
442,14:15:11,16.29,-0.01,3,4887,中性盘
443,14:15:06,16.3,0.01,83,135583,买盘
444,14:15:01,16.29,--,16,26064,买盘
445,14:14:51,16.29,--,65,105885,买盘
446,14:14:46,16.29,0.01,1,1629,买盘
447,14:14:36,16.28,--,42,68376,卖盘
448,14:14:31,16.28,--,2,3256,卖盘
449,14:14:21,16.28,-0.01,37,60236,卖盘
450,14:14:16,16.29,-0.01,102,166630,卖盘
451,14:14:11,16.3,0.01,3,4890,买盘
452,14:14:06,16.29,-0.01,3,4887,卖盘
453,14:14:01,16.3,0.01,12,19560,买盘
454,14:13:51,16.29,--,3,4887,卖盘
455,14:13:40,16.29,--,35,57015,卖盘
456,14:13:36,16.29,-0.01,2,3258,卖盘
457,14:13:31,16.3,0.01,23,37490,买盘
458,14:13:21,16.29,-0.01,1,1629,卖盘
459,14:13:16,16.3,0.01,17,28867,买盘
460,14:13:06,16.29,--,2,3258,卖盘
461,14:13:01,16.29,-0.01,2,3258,卖盘
462,14:12:55,16.3,--,1,1630,买盘
463,14:12:51,16.3,0.01,6,9780,买盘
464,14:12:46,16.29,--,78,127062,卖盘
465,14:12:40,16.29,-0.01,2,3258,卖盘
466,14:12:31,16.3,0.01,7,11410,买盘
467,14:12:25,16.29,--,3,4887,卖盘
468,14:12:21,16.29,--,1,1629,卖盘
469,14:12:16,16.29,--,4,6516,卖盘
470,14:12:10,16.29,--,2,3258,卖盘
471,14:12:06,16.29,-0.01,3,4887,卖盘
472,14:12:01,16.3,0.01,3,4890,买盘
473,14:11:51,16.29,--,2,3258,卖盘
474,14:11:40,16.29,--,52,84708,卖盘
475,14:11:31,16.29,-0.01,2,3258,卖盘
476,14:11:25,16.3,0.01,1,1630,买盘
477,14:11:21,16.29,--,2,3258,卖盘
478,14:11:16,16.29,--,35,57015,买盘
479,14:11:10,16.29,--,16,26064,买盘
480,14:11:06,16.29,--,8,13032,买盘
481,14:11:01,16.29,-0.01,49,79821,卖盘
482,14:10:55,16.3,--,2,3260,中性盘
483,14:10:50,16.3,--,30,48900,买盘
484,14:10:46,16.3,0.01,1,1630,买盘
485,14:10:40,16.29,-0.01,2,3258,卖盘
486,14:10:31,16.3,0.01,3,4890,买盘
487,14:10:20,16.29,-0.01,2,3258,卖盘
488,14:10:16,16.3,0.01,1,1630,买盘
489,14:10:10,16.29,0.01,12,19548,卖盘
490,14:10:01,16.28,-0.01,3,4884,卖盘
491,14:09:55,16.29,--,27,44927,买盘
492,14:09:50,16.29,--,15,25119,卖盘
493,14:09:46,16.29,--,0,0,卖盘
494,14:09:40,16.29,--,3,4887,卖盘
495,14:09:35,16.29,--,10,16290,卖盘
496,14:09:30,16.29,--,6,9774,卖盘
497,14:09:25,16.29,--,14,23750,卖盘
498,14:09:20,16.29,0.01,2,3258,卖盘
499,14:09:15,16.28,--,0,0,卖盘
500,14:09:10,16.28,-0.03,2,3256,卖盘
501,14:09:05,16.31,0.02,1,1630,买盘
502,14:09:00,16.29,-0.02,87,141723,卖盘
503,14:08:55,16.31,0.01,1,1630,买盘
504,14:08:50,16.3,--,3,4890,买盘
505,14:08:40,16.3,0.01,3,4890,中性盘
506,14:08:35,16.29,-0.02,12,19548,卖盘
507,14:08:30,16.31,0.02,8,13047,买盘
508,14:08:20,16.29,--,2,3258,卖盘
509,14:08:10,16.29,--,7,11403,买盘
510,14:08:05,16.29,--,1,1629,卖盘
511,14:08:00,16.29,--,33,53757,卖盘
512,14:07:50,16.29,-0.02,1,1629,卖盘
513,14:07:45,16.31,0.02,1,1630,买盘
514,14:07:40,16.29,-0.02,4,6516,卖盘
515,14:07:34,16.31,0.02,1,1630,买盘
516,14:07:30,16.29,--,3,4887,买盘
517,14:07:19,16.29,--,11,17919,买盘
518,14:07:15,16.29,0.01,1,1629,买盘
519,14:07:10,16.28,-0.01,2,3256,卖盘
520,14:07:04,16.29,--,4,6516,买盘
521,14:07:00,16.29,--,3,4887,买盘
522,14:06:55,16.29,--,66,107514,卖盘
523,14:06:49,16.29,--,1,1629,卖盘
524,14:06:45,16.29,--,35,57015,卖盘
525,14:06:40,16.29,--,2,3258,卖盘
526,14:06:30,16.29,--,46,74934,卖盘
527,14:06:25,16.29,--,621,1011609,卖盘
528,14:06:19,16.29,-0.01,2,3258,卖盘
529,14:06:15,16.3,0.01,81,132030,买盘
530,14:06:10,16.29,--,184,299736,卖盘
531,14:06:00,16.29,--,223,363267,卖盘
532,14:05:55,16.29,--,122,198738,卖盘
533,14:05:49,16.29,--,180,293220,卖盘
534,14:05:45,16.29,-0.01,59,96111,卖盘
535,14:05:40,16.3,--,99,161370,卖盘
536,14:05:34,16.3,--,106,172780,卖盘
537,14:05:30,16.3,--,36,58680,卖盘
538,14:05:25,16.3,--,54,88020,卖盘
539,14:05:19,16.3,-0.02,58,94540,卖盘
540,14:05:15,16.32,0.02,1,1632,买盘
541,14:05:10,16.3,-0.02,37,60310,卖盘
542,14:05:04,16.32,0.01,2,3264,买盘
543,14:05:00,16.31,-0.01,20,32619,卖盘
544,14:04:49,16.32,0.01,34,55488,买盘
545,14:04:40,16.31,--,76,123955,卖盘
546,14:04:34,16.31,--,29,47298,卖盘
547,14:04:30,16.31,--,2,3261,卖盘
548,14:04:18,16.31,--,5,8154,卖盘
549,14:04:10,16.31,-0.01,327,533337,卖盘
550,14:04:04,16.32,0.01,3,4896,买盘
551,14:04:00,16.31,-0.01,1,1630,卖盘
552,14:03:55,16.32,0.01,6,9792,买盘
553,14:03:49,16.31,--,1,1630,卖盘
554,14:03:39,16.31,-0.01,2,3261,卖盘
555,14:03:34,16.32,0.01,1,1632,中性盘
556,14:03:29,16.31,-0.02,55,89705,卖盘
557,14:03:24,16.33,0.01,1,1632,买盘
558,14:03:19,16.32,-0.01,2,3264,卖盘
559,14:03:10,16.33,0.01,8,13063,买盘
560,14:03:04,16.32,-0.01,15,24480,卖盘
561,14:02:59,16.33,--,1,1632,买盘
562,14:02:39,16.33,--,1,1632,买盘
563,14:02:29,16.33,0.01,1,1632,买盘
564,14:02:24,16.32,--,1,1632,卖盘
565,14:02:19,16.32,0.01,12,19584,买盘
566,14:02:09,16.31,-0.01,1,1630,卖盘
567,14:02:04,16.32,0.01,2,3264,买盘
568,14:01:54,16.31,-0.02,5,8154,卖盘
569,14:01:49,16.33,0.01,27,44090,买盘
570,14:01:43,16.32,--,1,1632,买盘
571,14:01:34,16.32,0.01,1,1632,买盘
572,14:01:28,16.31,0.01,4,6523,买盘
573,14:01:24,16.3,-0.01,503,819890,卖盘
574,14:01:09,16.31,--,1,1630,买盘
575,14:00:48,16.31,0.01,1,1630,买盘
576,14:00:42,16.3,-0.01,3,4890,卖盘
577,14:00:39,16.31,0.01,10,16309,买盘
578,14:00:33,16.3,--,3,4890,卖盘
579,14:00:27,16.3,--,0,32,卖盘
580,14:00:24,16.3,-0.01,90,146700,卖盘
581,14:00:19,16.31,0.01,59,96228,买盘
582,14:00:13,16.3,--,22,35860,卖盘
583,14:00:09,16.3,--,36,58680,卖盘
584,14:00:04,16.3,--,43,70090,卖盘
585,13:59:57,16.3,--,54,88020,卖盘
586,13:59:54,16.3,--,41,67987,卖盘
587,13:59:49,16.3,-0.01,106,172780,卖盘
588,13:59:42,16.31,--,288,469727,买盘
589,13:59:39,16.31,0.01,93,151683,中性盘
590,13:59:34,16.3,-0.01,54,88020,卖盘
591,13:59:27,16.31,--,16,26095,卖盘
592,13:59:24,16.31,--,105,171255,卖盘
593,13:59:18,16.31,-0.04,100,163100,卖盘
594,13:59:09,16.35,--,0,0,买盘
595,13:58:57,16.35,--,0,0,买盘
596,13:58:54,16.35,--,141,230535,买盘
597,13:58:39,16.35,--,22,35970,买盘
598,13:58:34,16.35,--,26,42510,卖盘
599,13:58:27,16.35,-0.01,1,1635,卖盘
600,13:58:24,16.36,0.01,29,47444,买盘
601,13:58:18,16.35,0.03,21,34335,买盘
602,13:58:12,16.32,--,35,57120,卖盘
603,13:58:09,16.32,-0.03,1,1632,卖盘
604,13:57:57,16.35,0.02,30,49050,买盘
605,13:57:48,16.33,--,1,1632,买盘
606,13:57:42,16.33,-0.03,1,1632,卖盘
607,13:57:33,16.36,0.02,76,124336,买盘
608,13:57:27,16.34,0.03,1,1634,买盘
609,13:57:24,16.31,--,0,0,卖盘
610,13:57:12,16.31,--,39,63608,卖盘
611,13:57:09,16.31,--,63,102752,卖盘
612,13:57:03,16.31,-0.01,84,137640,卖盘
613,13:56:57,16.32,--,46,75072,买盘
614,13:56:54,16.32,--,1,1632,买盘
615,13:56:42,16.32,--,632,1031424,买盘
616,13:56:38,16.32,--,5,8160,买盘
617,13:56:33,16.32,--,93,152412,卖盘
618,13:56:27,16.32,-0.03,73,120408,卖盘
619,13:56:23,16.35,-0.01,347,567345,卖盘
620,13:56:18,16.36,--,1,1636,买盘
621,13:56:12,16.36,--,0,0,买盘
622,13:56:08,16.36,--,2,3272,买盘
623,13:56:03,16.36,0.01,42,68712,买盘
624,13:55:57,16.35,--,1,1635,买盘
625,13:55:53,16.35,--,1,1635,买盘
626,13:55:48,16.35,-0.01,1,1635,买盘
627,13:55:42,16.36,0.01,311,508796,买盘
628,13:55:38,16.35,--,6,9810,买盘
629,13:55:33,16.35,--,40,65400,买盘
630,13:55:27,16.35,--,30,49050,买盘
631,13:55:21,16.35,0.04,1,1635,买盘
632,13:55:18,16.31,-0.04,18,29357,卖盘
633,13:55:12,16.35,0.03,1,1635,买盘
634,13:55:03,16.32,--,53,86496,中性盘
635,13:54:57,16.32,--,40,65280,卖盘
636,13:54:51,16.32,-0.03,11,17952,卖盘
637,13:54:42,16.35,--,1,1635,买盘
638,13:54:33,16.35,--,15,24525,买盘
639,13:54:27,16.35,0.03,52,85020,买盘
640,13:54:21,16.32,0.01,25,40800,卖盘
641,13:54:18,16.31,-0.04,36,58715,卖盘
642,13:54:12,16.35,--,56,91560,买盘
643,13:54:06,16.35,0.03,1,1635,买盘
644,13:54:03,16.32,--,35,57120,卖盘
645,13:53:57,16.32,-0.03,113,184416,卖盘
646,13:53:48,16.35,--,35,57225,买盘
647,13:53:42,16.35,--,1,1635,买盘
648,13:53:36,16.35,--,1,1635,买盘
649,13:53:33,16.35,0.04,49,80115,中性盘
650,13:53:27,16.31,-0.04,77,125586,卖盘
651,13:53:21,16.35,0.04,113,184755,买盘
652,13:53:18,16.31,-0.05,77,125586,卖盘
653,13:53:12,16.36,0.05,1,1636,买盘
654,13:53:06,16.31,--,1,1630,卖盘
655,13:53:03,16.31,-0.05,35,57084,卖盘
656,13:52:57,16.36,0.01,77,125972,买盘
657,13:52:48,16.35,0.04,37,60495,买盘
658,13:52:42,16.31,-0.01,74,120693,卖盘
659,13:52:36,16.32,--,54,88128,卖盘
660,13:52:33,16.32,--,70,114240,卖盘
661,13:52:27,16.32,-0.04,217,354144,卖盘
662,13:52:21,16.36,0.03,37,60532,买盘
663,13:52:18,16.33,-0.01,71,115942,卖盘
664,13:52:12,16.34,--,35,57190,卖盘
665,13:52:03,16.34,-0.02,296,483664,卖盘
666,13:51:57,16.36,--,92,150512,买盘
667,13:51:42,16.36,--,36,58896,买盘
668,13:51:33,16.36,--,69,112884,买盘
669,13:51:21,16.36,0.01,1,1636,买盘
670,13:51:18,16.35,-0.01,47,76845,卖盘
671,13:51:12,16.36,0.01,40,65440,买盘
672,13:51:06,16.35,-0.01,1,1635,卖盘
673,13:50:57,16.36,--,1,1636,买盘
674,13:50:51,16.36,--,12,19632,买盘
675,13:50:48,16.36,--,42,68712,买盘
676,13:50:42,16.36,--,52,85072,买盘
677,13:50:36,16.36,--,4,6544,买盘
678,13:50:27,16.36,0.01,1,1636,买盘
679,13:50:21,16.35,--,2,3270,买盘
680,13:50:18,16.35,-0.01,1,1635,中性盘
681,13:50:12,16.36,0.01,59,96524,买盘
682,13:50:06,16.35,0.01,31,50685,买盘
683,13:49:57,16.34,-0.01,10,16340,卖盘
684,13:49:51,16.35,--,51,83385,买盘
685,13:49:42,16.35,--,48,78480,买盘
686,13:49:36,16.35,--,3,4905,买盘
687,13:49:32,16.35,--,1,1635,买盘
688,13:49:21,16.35,--,42,68670,买盘
689,13:49:17,16.35,--,4,6540,买盘
690,13:49:12,16.35,--,24,39240,卖盘
691,13:49:06,16.35,--,42,68670,卖盘
692,13:48:57,16.35,--,1,1635,买盘
693,13:48:45,16.35,0.01,1,1635,买盘
694,13:48:42,16.34,-0.01,19,31046,卖盘
695,13:48:36,16.35,--,83,135705,买盘
696,13:48:27,16.35,0.01,64,104640,买盘
697,13:48:21,16.34,-0.01,19,31046,卖盘
698,13:48:15,16.35,--,1,1635,买盘
699,13:48:12,16.35,--,10,16350,买盘
700,13:48:06,16.35,--,58,94830,买盘
701,13:47:57,16.35,0.01,1,1635,买盘
702,13:47:45,16.34,-0.02,6,9804,卖盘
703,13:47:42,16.36,0.02,1144,1871584,买盘
704,13:47:30,16.34,-0.01,106,173204,卖盘
705,13:47:27,16.35,--,91,148785,买盘
706,13:47:21,16.35,0.01,1,1635,买盘
707,13:47:15,16.34,-0.01,1,1634,卖盘
708,13:47:12,16.35,0.01,1,1635,买盘
709,13:47:06,16.34,-0.01,1,1634,卖盘
710,13:47:00,16.35,--,0,0,买盘
711,13:46:57,16.35,--,76,124260,买盘
712,13:46:51,16.35,--,0,0,买盘
713,13:46:45,16.35,0.02,11,17985,买盘
714,13:46:42,16.33,-0.02,1,1632,卖盘
715,13:46:36,16.35,0.02,1,1635,买盘
716,13:46:30,16.33,-0.02,7,12590,卖盘
717,13:46:27,16.35,--,41,67035,买盘
718,13:46:21,16.35,--,0,0,买盘
719,13:46:12,16.35,--,32,52320,买盘
720,13:46:06,16.35,--,1,1635,买盘
721,13:46:00,16.35,0.03,40,65400,买盘
722,13:45:57,16.32,-0.03,8,13056,卖盘
723,13:45:51,16.35,--,1,1635,买盘
724,13:45:42,16.35,--,1,1635,买盘
725,13:45:30,16.35,--,49,80115,买盘
726,13:45:27,16.35,0.03,11,17985,买盘
727,13:45:21,16.32,-0.03,51,83232,卖盘
728,13:45:12,16.35,--,10,16350,买盘
729,13:45:06,16.35,--,1,1635,买盘
730,13:45:00,16.35,--,1,1635,买盘
731,13:44:57,16.35,0.02,48,78480,买盘
732,13:44:51,16.33,-0.02,12,20183,卖盘
733,13:44:45,16.35,--,201,328635,买盘
734,13:44:42,16.35,0.02,601,982635,买盘
735,13:44:36,16.33,-0.02,1,2678,卖盘
736,13:44:26,16.35,--,1,1635,买盘
737,13:44:21,16.35,0.04,42,68670,买盘
738,13:44:15,16.31,-0.01,9,14678,卖盘
739,13:44:06,16.32,-0.02,4,6528,卖盘
740,13:44:00,16.34,-0.01,2,3268,买盘
741,13:43:57,16.35,0.01,39,63765,买盘
742,13:43:51,16.34,--,1,1634,买盘
743,13:43:45,16.34,--,2,3268,买盘
744,13:43:41,16.34,--,144,235492,买盘
745,13:43:36,16.34,--,555,908307,卖盘
746,13:43:30,16.34,-0.01,7,11438,卖盘
747,13:43:26,16.35,--,49,80115,买盘
748,13:43:21,16.35,--,1,1635,买盘
749,13:43:15,16.35,--,44,71940,买盘
750,13:43:06,16.35,--,2,3270,买盘
751,13:42:56,16.35,--,1,1635,买盘
752,13:42:51,16.35,--,41,67035,买盘
753,13:42:45,16.35,0.04,162,265066,买盘
754,13:42:41,16.31,--,35,57084,卖盘
755,13:42:36,16.31,-0.03,310,505609,卖盘
756,13:42:30,16.34,--,1,1634,买盘
757,13:42:26,16.34,--,0,0,买盘
758,13:42:21,16.34,0.03,82,133988,买盘
759,13:42:15,16.31,-0.03,35,57084,卖盘
760,13:42:11,16.34,0.02,1,1634,买盘
761,13:42:06,16.32,-0.02,3,4896,中性盘
762,13:42:00,16.34,0.03,36,58824,买盘
763,13:41:54,16.31,--,49,80783,买盘
764,13:41:51,16.31,-0.04,56,91336,卖盘
765,13:41:45,16.35,--,61,99735,买盘
766,13:41:36,16.35,--,12,19620,买盘
767,13:41:24,16.35,--,1,1635,买盘
768,13:41:21,16.35,--,0,0,买盘
769,13:41:15,16.35,0.01,97,158595,买盘
770,13:41:06,16.34,--,1,1634,买盘
771,13:41:00,16.34,-0.01,4,6536,买盘
772,13:40:54,16.35,--,1,1635,买盘
773,13:40:45,16.35,0.01,53,86655,买盘
774,13:40:39,16.34,--,0,0,卖盘
775,13:40:36,16.34,-0.01,50,81700,卖盘
776,13:40:30,16.35,--,1,1635,买盘
777,13:40:24,16.35,0.01,136,223651,买盘
778,13:40:21,16.34,--,1,1634,买盘
779,13:40:15,16.34,0.01,56,91504,买盘
780,13:40:09,16.33,0.03,5,8164,买盘
781,13:40:06,16.3,-0.03,27,44010,卖盘
782,13:40:00,16.33,-0.01,1,1632,买盘
783,13:39:51,16.34,0.04,1,1634,买盘
784,13:39:45,16.3,-0.03,106,173692,卖盘
785,13:39:36,16.33,-0.01,1,1632,中性盘
786,13:39:24,16.34,--,13,21242,买盘
787,13:39:15,16.34,0.04,48,78432,买盘
788,13:39:09,16.3,-0.03,1,1630,卖盘
789,13:39:06,16.33,--,42,68586,买盘
790,13:38:51,16.33,--,3,4898,买盘
791,13:38:45,16.33,--,9,14696,买盘
792,13:38:36,16.33,0.03,41,66953,买盘
793,13:38:30,16.3,-0.04,89,145216,卖盘
794,13:38:09,16.34,0.04,55,89870,买盘
795,13:38:06,16.3,-0.03,1,1630,卖盘
796,13:38:00,16.33,-0.02,50,81649,买盘
797,13:37:39,16.35,0.01,36,58860,买盘
798,13:37:35,16.34,--,1,1634,买盘
799,13:37:30,16.34,--,43,70392,买盘
800,13:37:21,16.34,--,1,1634,买盘
801,13:37:15,16.34,--,5,8170,买盘
802,13:37:09,16.34,0.01,19,31046,买盘
803,13:37:06,16.33,-0.01,65,106144,卖盘
804,13:37:00,16.34,--,103,168302,买盘
805,13:36:50,16.34,0.01,5,8170,买盘
806,13:36:45,16.33,-0.01,303,495239,卖盘
807,13:36:39,16.34,0.01,100,163400,买盘
808,13:36:35,16.33,--,14,22861,卖盘
809,13:36:30,16.33,0.05,290,474941,买盘
810,13:36:24,16.28,--,0,0,卖盘
811,13:36:20,16.28,-0.05,91,148766,卖盘
812,13:36:15,16.33,0.04,56,91447,买盘
813,13:36:09,16.29,-0.04,1,1629,卖盘
814,13:36:00,16.33,0.03,145,236784,买盘
815,13:35:50,16.3,--,53,86390,买盘
816,13:35:45,16.3,0.01,98,159740,买盘
817,13:35:39,16.29,--,162,263898,买盘
818,13:35:30,16.29,-0.02,107,174303,卖盘
819,13:35:15,16.31,-0.02,12,19572,卖盘
820,13:35:00,16.33,--,0,0,买盘
821,13:34:45,16.33,0.02,100,163299,买盘
822,13:34:30,16.31,0.03,4,6523,卖盘
823,13:34:24,16.28,--,10,16280,买盘
824,13:34:18,16.28,--,3,4884,买盘
825,13:34:15,16.28,-0.05,2,3256,卖盘
826,13:34:09,16.33,--,240,391919,买盘
827,13:34:03,16.33,--,0,0,买盘
828,13:34:00,16.33,0.05,196,320067,买盘
829,13:33:54,16.28,--,20,32560,买盘
830,13:33:39,16.28,-0.05,40,65120,卖盘
831,13:33:30,16.33,0.04,325,531198,买盘
832,13:33:15,16.29,--,16,27220,卖盘
833,13:33:09,16.29,--,1,1629,卖盘
834,13:33:00,16.29,0.02,1,1629,卖盘
835,13:32:54,16.27,-0.01,616,1002232,卖盘
836,13:32:48,16.28,--,0,0,卖盘
837,13:32:45,16.28,-0.05,10,16280,卖盘
838,13:32:39,16.33,0.05,71,115942,买盘
839,13:32:33,16.28,--,94,153406,卖盘
840,13:32:30,16.28,-0.01,54,87912,卖盘
841,13:32:09,16.29,-0.03,15,24435,卖盘
842,13:31:15,16.32,--,39,63648,买盘
843,13:31:09,16.32,--,402,657173,卖盘
844,13:31:00,16.32,--,6,9792,卖盘
845,13:30:54,16.32,--,66,108266,卖盘
846,13:30:48,16.32,--,20,32640,卖盘
847,13:30:45,16.32,--,13,22815,买盘
848,13:30:39,16.32,--,111,181152,买盘
849,13:30:24,16.32,0.04,51,83232,买盘
850,13:30:14,16.28,--,0,0,卖盘
851,13:29:48,16.28,-0.04,99,161676,卖盘
852,13:29:44,16.32,0.02,11,17952,买盘
853,13:29:39,16.3,-0.02,1,1630,买盘
854,13:29:29,16.32,--,0,0,买盘
855,13:29:24,16.32,--,1,1632,买盘
856,13:29:18,16.32,0.02,9,14688,买盘
857,13:29:14,16.3,-0.02,4,6520,卖盘
858,13:29:09,16.32,--,8,13056,买盘
859,13:29:03,16.32,0.04,1,1632,买盘
860,13:28:59,16.28,-0.04,8,13024,卖盘
861,13:28:54,16.32,0.02,130,212160,买盘
862,13:28:44,16.3,--,1,1630,买盘
863,13:28:39,16.3,--,30,48900,买盘
864,13:28:29,16.3,--,1,1630,买盘
865,13:28:18,16.3,0.02,1,1630,买盘
866,13:28:09,16.28,-0.02,2,3256,卖盘
867,13:28:03,16.3,--,62,101060,买盘
868,13:27:59,16.3,0.02,1,1630,买盘
869,13:27:54,16.28,-0.02,40,65543,卖盘
870,13:27:48,16.3,0.02,58,94540,买盘
871,13:27:44,16.28,-0.01,39,63492,卖盘
872,13:27:39,16.29,0.01,173,281817,买盘
873,13:27:29,16.28,--,9,14652,卖盘
874,13:27:24,16.28,-0.01,11,17908,卖盘
875,13:27:14,16.29,0.01,1,1629,买盘
876,13:27:09,16.28,-0.01,107,174830,卖盘
877,13:27:03,16.29,--,2,3258,买盘
878,13:26:59,16.29,-0.01,30,48870,卖盘
879,13:26:54,16.3,--,1,1630,买盘
880,13:26:44,16.3,--,0,0,买盘
881,13:26:39,16.3,0.02,1,1630,买盘
882,13:26:33,16.28,--,41,66748,卖盘
883,13:26:24,16.28,-0.01,36,58608,卖盘
884,13:26:18,16.29,0.01,27,43983,卖盘
885,13:26:12,16.28,--,0,0,卖盘
886,13:26:09,16.28,--,49,79772,卖盘
887,13:26:03,16.28,-0.02,369,600732,卖盘
888,13:25:57,16.3,0.02,1,1630,买盘
889,13:25:54,16.28,-0.01,158,257224,卖盘
890,13:25:48,16.29,0.01,1,1629,买盘
891,13:25:39,16.28,--,36,58608,卖盘
892,13:25:33,16.28,-0.01,24,39072,卖盘
893,13:25:23,16.29,--,2,3258,买盘
894,13:25:12,16.29,--,1,1629,买盘
895,13:25:09,16.29,-0.01,116,189631,卖盘
896,13:25:03,16.3,--,1,1630,买盘
897,13:24:57,16.3,0.01,9,14670,中性盘
898,13:24:53,16.29,-0.03,54,88470,卖盘
899,13:24:42,16.32,--,101,164832,买盘
900,13:24:38,16.32,--,10,17854,买盘
901,13:24:33,16.32,--,1,1632,买盘
902,13:24:18,16.32,--,1,1632,买盘
903,13:24:08,16.32,--,6,9792,买盘
904,13:24:03,16.32,--,10,16320,买盘
905,13:23:57,16.32,-0.01,1,1632,买盘
906,13:23:53,16.33,--,0,0,买盘
907,13:23:48,16.33,--,1,1632,买盘
908,13:23:33,16.33,0.04,1,1632,买盘
909,13:23:27,16.29,-0.04,91,148792,卖盘
910,13:23:23,16.33,--,4,6531,买盘
911,13:23:12,16.33,--,1,1632,买盘
912,13:23:03,16.33,--,1,1632,买盘
913,13:22:53,16.33,--,1,1632,买盘
914,13:22:48,16.33,--,9,14696,买盘
915,13:22:42,16.33,0.01,60,97979,买盘
916,13:22:38,16.32,--,4,6528,买盘
917,13:22:27,16.32,0.01,1,1632,买盘
918,13:22:18,16.31,0.03,100,163100,中性盘
919,13:22:12,16.28,--,67,109076,卖盘
920,13:22:08,16.28,-0.04,2,3256,卖盘
921,13:21:53,16.32,0.03,112,182784,买盘
922,13:21:48,16.29,--,55,89595,买盘
923,13:21:42,16.29,0.01,1,1629,买盘
924,13:21:38,16.28,-0.01,205,333740,卖盘
925,13:21:33,16.29,0.01,1,1629,买盘
926,13:21:27,16.28,-0.01,135,219780,卖盘
927,13:21:23,16.29,0.01,1,1629,买盘
928,13:21:18,16.28,-0.01,58,95058,卖盘
929,13:21:08,16.29,-0.03,190,309933,买盘
930,13:21:03,16.32,-0.01,1,1632,买盘
931,13:20:57,16.33,0.04,142,231885,买盘
932,13:20:53,16.29,--,131,213399,买盘
933,13:20:48,16.29,-0.03,5,8145,卖盘
934,13:20:42,16.32,--,0,0,买盘
935,13:20:38,16.32,0.04,1,1632,买盘
936,13:20:33,16.28,-0.01,70,113960,卖盘
937,13:20:27,16.29,--,43,70047,卖盘
938,13:20:23,16.29,-0.03,35,57015,卖盘
939,13:20:18,16.32,0.03,1,1632,买盘
940,13:20:12,16.29,-0.03,35,57015,卖盘
941,13:20:08,16.32,--,2,3264,买盘
942,13:19:57,16.32,0.03,10,16320,买盘
943,13:19:48,16.29,-0.02,35,57015,卖盘
944,13:19:42,16.31,--,1,1630,买盘
945,13:19:33,16.31,--,1,1630,买盘
946,13:19:27,16.31,--,0,0,买盘
947,13:19:18,16.31,--,114,185933,买盘
948,13:19:12,16.31,-0.01,47,76657,卖盘
949,13:19:03,16.32,--,1,1632,买盘
950,13:18:48,16.32,-0.01,9,14688,买盘
951,13:18:42,16.33,--,0,0,买盘
952,13:18:38,16.33,0.02,1,1632,买盘
953,13:18:33,16.31,--,146,238125,卖盘
954,13:18:27,16.31,0.02,30,48929,买盘
955,13:18:21,16.29,--,0,0,卖盘
956,13:18:18,16.29,-0.03,53,86353,卖盘
957,13:18:12,16.32,--,1,1632,买盘
958,13:18:06,16.32,--,4,6528,买盘
959,13:18:03,16.32,-0.01,92,151188,中性盘
960,13:17:51,16.33,--,34,55521,买盘
961,13:17:48,16.33,--,9,14696,买盘
962,13:17:42,16.33,--,15,24494,买盘
963,13:17:36,16.33,0.02,3,4898,买盘
964,13:17:33,16.31,--,12,19572,卖盘
965,13:17:27,16.31,-0.02,40,65239,卖盘
966,13:17:18,16.33,--,1,1632,买盘
967,13:17:12,16.33,--,1,1632,买盘
968,13:16:57,16.33,0.02,17,27760,买盘
969,13:16:47,16.31,--,41,66871,卖盘
970,13:16:42,16.31,-0.02,1,1630,卖盘
971,13:16:36,16.33,0.02,1,1632,买盘
972,13:16:32,16.31,-0.02,8,13047,卖盘
973,13:16:27,16.33,--,1,1632,买盘
974,13:16:12,16.33,0.02,2,3265,买盘
975,13:16:06,16.31,-0.02,44,72367,卖盘
976,13:16:02,16.33,--,1,1632,买盘
977,13:15:57,16.33,--,10,16329,买盘
978,13:15:51,16.33,--,1,1632,买盘
979,13:15:42,16.33,--,1,1632,买盘
980,13:15:27,16.33,--,1,1632,买盘
981,13:15:17,16.33,0.02,17,27760,买盘
982,13:15:12,16.31,--,119,194088,买盘
983,13:15:06,16.31,-0.02,24,39144,买盘
984,13:15:02,16.33,--,0,0,买盘
985,13:14:57,16.33,0.03,1,1632,买盘
986,13:14:51,16.3,-0.01,35,57050,卖盘
987,13:14:47,16.31,--,36,58715,卖盘
988,13:14:42,16.31,--,81,132567,买盘
989,13:14:36,16.31,-0.02,35,57084,卖盘
990,13:14:32,16.33,--,1,1632,买盘
991,13:14:27,16.33,--,1,1632,买盘
992,13:14:21,16.33,--,17,27760,买盘
993,13:14:17,16.33,--,85,138805,买盘
994,13:14:12,16.33,-0.01,1,1632,买盘
995,13:14:06,16.34,--,0,0,买盘
996,13:14:02,16.34,0.02,88,143792,买盘
997,13:13:57,16.32,-0.02,1,1632,卖盘
998,13:13:47,16.34,--,1,1634,买盘
999,13:13:42,16.34,--,1,1634,买盘
1000,13:13:32,16.34,--,10,16340,买盘
1001,13:13:27,16.34,0.02,61,99674,买盘
1002,13:13:21,16.32,-0.02,393,641376,卖盘
1003,13:13:17,16.34,0.01,1,1634,买盘
1004,13:13:12,16.33,--,1,1632,买盘
1005,13:13:06,16.33,-0.01,10,16329,卖盘
1006,13:13:02,16.34,--,15,24510,买盘
1007,13:12:57,16.34,0.02,1,1634,买盘
1008,13:12:51,16.32,-0.01,35,57120,卖盘
1009,13:12:47,16.33,--,51,84164,卖盘
1010,13:12:42,16.33,-0.01,10,16329,卖盘
1011,13:12:36,16.34,0.01,16,26144,买盘
1012,13:12:26,16.33,-0.01,1,1632,卖盘
1013,13:12:21,16.34,0.02,3,4902,买盘
1014,13:12:17,16.32,-0.02,94,153408,卖盘
1015,13:12:12,16.34,--,1,1634,买盘
1016,13:12:06,16.34,0.01,28,45752,买盘
1017,13:11:56,16.33,--,1,1632,买盘
1018,13:11:51,16.33,--,43,70218,买盘
1019,13:11:42,16.33,--,5,8164,买盘
1020,13:11:36,16.33,--,12,19595,买盘
1021,13:11:32,16.33,0.01,47,76750,买盘
1022,13:11:26,16.32,-0.01,119,194779,卖盘
1023,13:11:17,16.33,0.01,1,1632,买盘
1024,13:11:12,16.32,0.02,81,133252,买盘
1025,13:11:06,16.3,-0.01,116,189080,卖盘
1026,13:11:02,16.31,--,20,32619,买盘
1027,13:10:57,16.31,--,0,1060,卖盘
1028,13:10:51,16.31,-0.01,405,660555,卖盘
1029,13:10:47,16.32,--,1,1632,买盘
1030,13:10:32,16.32,0.01,25,40800,买盘
1031,13:10:27,16.31,-0.01,5,8154,卖盘
1032,13:10:11,16.32,--,2,3264,买盘
1033,13:09:56,16.32,0.01,6,9792,买盘
1034,13:09:51,16.31,--,54,88302,卖盘
1035,13:09:45,16.31,--,10,16309,卖盘
1036,13:09:41,16.31,--,38,61977,卖盘
1037,13:09:20,16.31,-0.01,1,1630,卖盘
1038,13:09:11,16.32,0.01,23,37536,买盘
1039,13:09:06,16.31,-0.01,1,1630,卖盘
1040,13:08:56,16.32,0.01,4,6528,买盘
1041,13:08:51,16.31,--,215,350665,卖盘
1042,13:08:45,16.31,--,90,147621,卖盘
1043,13:08:41,16.31,--,8,13047,卖盘
1044,13:08:26,16.31,--,7,12558,买盘
1045,13:08:05,16.31,--,9,14678,买盘
1046,13:07:56,16.31,--,5,8154,买盘
1047,13:07:50,16.31,--,9,14678,买盘
1048,13:07:41,16.31,--,1,1630,买盘
1049,13:07:29,16.31,0.01,222,362082,买盘
1050,13:07:26,16.3,--,2,3260,卖盘
1051,13:07:20,16.3,--,5,8150,卖盘
1052,13:06:59,16.3,--,53,86797,卖盘
1053,13:06:50,16.3,0.02,149,242984,买盘
1054,13:06:41,16.28,--,8,13024,卖盘
1055,13:06:35,16.28,--,42,69531,卖盘
1056,13:06:29,16.28,--,1,1628,卖盘
1057,13:06:11,16.28,--,1,1628,卖盘
1058,13:06:05,16.28,-0.01,1,1628,卖盘
1059,13:05:56,16.29,--,0,0,卖盘
1060,13:05:44,16.29,--,45,74054,买盘
1061,13:05:41,16.29,--,10,16290,买盘
1062,13:05:35,16.29,0.01,97,158892,买盘
1063,13:05:14,16.28,--,1,1628,卖盘
1064,13:05:11,16.28,--,91,148799,卖盘
1065,13:05:05,16.28,0.01,177,288253,买盘
1066,13:04:56,16.27,--,10,16270,卖盘
1067,13:04:50,16.27,--,30,48810,卖盘
1068,13:04:41,16.27,--,18,29286,卖盘
1069,13:04:05,16.27,--,1,1627,卖盘
1070,13:03:44,16.27,--,52,85319,卖盘
1071,13:03:35,16.27,--,35,56945,卖盘
1072,13:03:26,16.27,-0.01,1,1627,卖盘
1073,13:03:20,16.28,-0.01,134,219682,卖盘
1074,13:03:14,16.29,--,9,14661,卖盘
1075,13:03:05,16.29,0.01,1,1629,买盘
1076,13:02:50,16.28,--,0,0,卖盘
1077,13:02:44,16.28,--,58,94424,卖盘
1078,13:02:29,16.28,--,0,0,卖盘
1079,13:02:25,16.28,--,5,9295,卖盘
1080,13:02:20,16.28,-0.01,100,163141,卖盘
1081,13:02:05,16.29,-0.01,3,4887,卖盘
1082,13:01:59,16.3,-0.01,17,29225,卖盘
1083,13:01:53,16.31,0.01,15,24464,买盘
1084,13:01:50,16.3,--,45,73350,卖盘
1085,13:01:44,16.3,--,8,13040,卖盘
1086,13:01:38,16.3,--,2,3260,卖盘
1087,13:01:35,16.3,--,13,21190,卖盘
1088,13:00:50,16.3,--,49,80130,卖盘
1089,13:00:44,16.3,-0.01,1,1630,卖盘
1090,13:00:35,16.31,0.01,10,16309,买盘
1091,13:00:14,16.3,--,6,9780,卖盘
1092,13:00:08,16.3,--,9,14670,卖盘
1093,13:00:05,16.3,--,461,752913,买盘
1094,11:30:00,16.3,--,0,0,买盘
1095,11:29:59,16.3,--,0,0,买盘
1096,11:29:59,16.3,--,16,26080,买盘
1097,11:29:55,16.3,--,16,26080,买盘
1098,11:29:16,16.3,0.01,16,26080,买盘
1099,11:29:06,16.29,--,95,155553,卖盘
1100,11:29:01,16.29,--,0,0,中性盘
1101,11:28:46,16.29,--,8,13032,卖盘
1102,11:28:36,16.29,--,13,21177,买盘
1103,11:28:21,16.29,--,11,17919,买盘
1104,11:28:06,16.29,--,20,32580,买盘
1105,11:28:00,16.29,--,30,48870,买盘
1106,11:27:54,16.29,0.01,13,21177,买盘
1107,11:27:51,16.28,-0.01,66,108896,卖盘
1108,11:27:46,16.29,0.01,1,1629,买盘
1109,11:27:40,16.28,-0.01,18,29304,卖盘
1110,11:27:36,16.29,0.01,42,68418,买盘
1111,11:27:31,16.28,--,1,1628,卖盘
1112,11:27:24,16.28,--,5,9377,买盘
1113,11:27:21,16.28,--,5,8140,买盘
1114,11:27:16,16.28,--,8,13414,卖盘
1115,11:27:09,16.28,-0.01,9,14652,卖盘
1116,11:27:00,16.29,--,1,1629,买盘
1117,11:26:54,16.29,--,1,1629,买盘
1118,11:26:39,16.29,--,1,1629,买盘
1119,11:26:31,16.29,--,13,21177,买盘
1120,11:26:21,16.29,0.01,1,1629,买盘
1121,11:26:16,16.28,-0.01,92,151013,卖盘
1122,11:26:09,16.29,0.01,8,13032,买盘
1123,11:26:00,16.28,-0.01,116,188848,卖盘
1124,11:25:55,16.29,--,1,1629,买盘
1125,11:25:45,16.29,0.02,10,16290,买盘
1126,11:25:39,16.27,-0.02,35,56945,卖盘
1127,11:25:36,16.29,0.02,45,73305,买盘
1128,11:25:30,16.27,-0.02,44,71588,卖盘
1129,11:25:24,16.29,--,1,1629,买盘
1130,11:25:15,16.29,0.03,1,1629,买盘
1131,11:25:09,16.26,-0.03,1,1626,卖盘
1132,11:25:05,16.29,--,51,83079,买盘
1133,11:25:00,16.29,--,1,1629,买盘
1134,11:24:50,16.29,0.03,1,1629,买盘
1135,11:24:45,16.26,-0.03,42,69495,卖盘
1136,11:24:39,16.29,0.03,45,73305,买盘
1137,11:24:35,16.26,-0.02,9,14634,卖盘
1138,11:24:30,16.28,--,1,1628,买盘
1139,11:24:24,16.28,0.01,36,58608,买盘
1140,11:24:20,16.27,-0.01,6,9762,卖盘
1141,11:24:09,16.28,--,1,1628,买盘
1142,11:24:00,16.28,--,42,68376,买盘
1143,11:23:45,16.28,--,1,1628,买盘
1144,11:23:39,16.28,0.02,8,13024,买盘
1145,11:23:35,16.26,--,111,181965,卖盘
1146,11:23:30,16.26,--,10,16260,卖盘
1147,11:23:24,16.26,--,48,78048,卖盘
1148,11:23:15,16.26,--,107,175136,卖盘
1149,11:23:03,16.26,-0.02,1,1626,中性盘
1150,11:23:00,16.28,0.03,1,1628,买盘
1151,11:22:54,16.25,-0.03,46,74750,卖盘
1152,11:22:48,16.28,--,2,3256,卖盘
1153,11:22:39,16.28,-0.01,2,3256,卖盘
1154,11:22:33,16.29,--,0,0,买盘
1155,11:22:30,16.29,0.04,27,43983,买盘
1156,11:22:24,16.25,-0.04,46,74750,卖盘
1157,11:22:18,16.29,--,0,0,买盘
1158,11:22:15,16.29,0.01,8,13032,买盘
1159,11:22:09,16.28,--,17,27676,买盘
1160,11:22:00,16.28,0.03,20,32560,买盘
1161,11:21:54,16.25,--,48,78000,卖盘
1162,11:21:48,16.25,-0.03,58,95127,卖盘
1163,11:21:45,16.28,0.03,10,16280,买盘
1164,11:21:39,16.25,--,0,0,卖盘
1165,11:21:33,16.25,--,10,16250,卖盘
1166,11:21:30,16.25,--,0,0,卖盘
1167,11:21:24,16.25,-0.01,56,91000,卖盘
1168,11:21:18,16.26,--,15,24390,买盘
1169,11:21:09,16.26,0.01,1,1626,买盘
1170,11:21:03,16.25,-0.04,10,16250,卖盘
1171,11:21:00,16.29,0.04,1,1629,买盘
1172,11:20:54,16.25,--,97,157803,买盘
1173,11:20:48,16.25,--,591,960375,买盘
1174,11:20:45,16.25,--,65,107071,卖盘
1175,11:20:39,16.25,-0.01,91,148053,卖盘
1176,11:20:30,16.26,--,2,3252,买盘
1177,11:20:24,16.26,--,10,16260,买盘
1178,11:20:15,16.26,--,131,213006,买盘
1179,11:20:09,16.26,--,16,26016,买盘
1180,11:20:03,16.26,-0.01,63,102438,卖盘
1181,11:19:54,16.27,--,9,14643,买盘
1182,11:19:45,16.27,0.01,1,1627,买盘
1183,11:19:39,16.26,-0.01,30,48780,中性盘
1184,11:19:33,16.27,0.01,38,61826,买盘
1185,11:19:30,16.26,--,157,255282,卖盘
1186,11:19:24,16.26,-0.01,31,50406,卖盘
1187,11:19:18,16.27,--,1,1627,买盘
1188,11:19:09,16.27,0.01,4,6508,买盘
1189,11:19:03,16.26,--,1,1626,买盘
1190,11:19:00,16.26,--,62,100812,买盘
1191,11:18:54,16.26,0.01,99,160974,中性盘
1192,11:18:48,16.25,-0.01,31,50375,买盘
1193,11:18:39,16.26,--,3,4878,卖盘
1194,11:18:33,16.26,0.01,53,87186,买盘
1195,11:18:24,16.25,0.01,46,74750,买盘
1196,11:18:18,16.24,-0.01,10,16239,卖盘
1197,11:18:15,16.25,0.01,5,8125,买盘
1198,11:18:09,16.24,-0.01,1,1623,卖盘
1199,11:18:03,16.25,0.01,1,1625,中性盘
1200,11:18:00,16.24,--,0,0,卖盘
1201,11:17:54,16.24,-0.01,49,79575,卖盘
1202,11:17:44,16.25,-0.02,9,14625,卖盘
1203,11:17:39,16.27,0.04,152,247352,买盘
1204,11:17:33,16.23,-0.02,6,9738,卖盘
1205,11:17:29,16.25,--,9,14625,买盘
1206,11:17:24,16.25,--,50,81250,中性盘
1207,11:17:18,16.25,--,7,11375,卖盘
1208,11:17:09,16.25,-0.01,16,26000,卖盘
1209,11:16:59,16.26,0.04,1,1626,买盘
1210,11:16:54,16.22,-0.04,47,76234,卖盘
1211,11:16:48,16.26,--,1,1626,买盘
1212,11:16:44,16.26,--,1,1626,卖盘
1213,11:16:39,16.26,--,1,1626,买盘
1214,11:16:33,16.26,--,21,34146,买盘
1215,11:16:24,16.26,0.03,88,143088,买盘
1216,11:16:18,16.23,-0.02,7,11361,卖盘
1217,11:16:12,16.25,0.03,1,1625,买盘
1218,11:16:09,16.22,--,1,1622,卖盘
1219,11:16:03,16.22,-0.01,66,107051,卖盘
1220,11:15:54,16.23,-0.02,16,25968,卖盘
1221,11:15:48,16.25,0.02,53,86125,买盘
1222,11:15:42,16.23,-0.02,10,16230,卖盘
1223,11:15:39,16.25,0.02,21,34125,买盘
1224,11:15:33,16.23,-0.02,15,24345,卖盘
1225,11:15:27,16.25,0.03,3,4875,买盘
1226,11:15:24,16.22,-0.02,122,197884,卖盘
1227,11:15:18,16.24,--,119,194506,买盘
1228,11:15:12,16.24,0.01,130,211119,中性盘
1229,11:15:09,16.23,-0.01,159,258965,卖盘
1230,11:15:03,16.24,-0.02,159,258215,卖盘
1231,11:14:54,16.26,--,164,266664,买盘
1232,11:14:48,16.26,0.01,396,643896,买盘
1233,11:14:42,16.25,--,68,110500,卖盘
1234,11:14:39,16.25,--,32,52000,卖盘
1235,11:14:33,16.25,-0.03,80,130715,卖盘
1236,11:14:24,16.28,--,46,74888,买盘
1237,11:14:18,16.28,--,27,43956,买盘
1238,11:14:12,16.28,0.02,1,1628,买盘
1239,11:14:09,16.26,-0.01,99,162404,卖盘
1240,11:14:03,16.27,0.01,2,3254,中性盘
1241,11:13:54,16.26,-0.02,47,76422,卖盘
1242,11:13:39,16.28,--,1,1628,买盘
1243,11:13:27,16.28,0.02,1,1628,买盘
1244,11:13:24,16.26,-0.03,45,73170,卖盘
1245,11:13:18,16.29,--,1,1629,买盘
1246,11:13:12,16.29,--,1,1629,买盘
1247,11:13:09,16.29,0.03,1,1629,买盘
1248,11:13:03,16.26,-0.03,10,16260,卖盘
1249,11:12:57,16.29,0.03,1,1629,买盘
1250,11:12:53,16.26,--,46,74796,卖盘
1251,11:12:48,16.26,-0.01,50,82763,卖盘
1252,11:12:42,16.27,--,6,9762,买盘
1253,11:12:39,16.27,0.01,6,9762,买盘
1254,11:12:33,16.26,-0.01,14,22812,卖盘
1255,11:12:24,16.27,--,49,79723,买盘
1256,11:12:12,16.27,0.01,1,1627,买盘
1257,11:12:03,16.26,-0.01,2,3252,卖盘
1258,11:11:57,16.27,--,100,162700,中性盘
1259,11:11:53,16.27,--,44,71588,卖盘
1260,11:11:48,16.27,-0.01,113,185071,卖盘
1261,11:11:42,16.28,0.01,62,100936,买盘
1262,11:11:33,16.27,-0.01,9,14643,卖盘
1263,11:11:27,16.28,--,19,32511,卖盘
1264,11:11:23,16.28,-0.01,20,32560,卖盘
1265,11:11:18,16.29,0.01,10,16290,买盘
1266,11:11:12,16.28,--,7,11396,卖盘
1267,11:11:08,16.28,--,29,47212,卖盘
1268,11:10:57,16.28,-0.01,52,84656,卖盘
1269,11:10:42,16.29,--,9,14661,买盘
1270,11:10:33,16.29,--,1,1629,买盘
1271,11:10:27,16.29,--,6,9774,买盘
1272,11:10:18,16.29,--,38,61902,买盘
1273,11:10:12,16.29,--,1,1629,买盘
1274,11:10:03,16.29,-0.01,46,75406,卖盘
1275,11:09:57,16.3,0.01,1,1630,买盘
1276,11:09:51,16.29,--,6,10930,卖盘
1277,11:09:48,16.29,--,51,83127,买盘
1278,11:09:42,16.29,--,2423,3947767,买盘
1279,11:09:36,16.29,0.01,1,1629,买盘
1280,11:09:33,16.28,-0.01,88,143264,卖盘
1281,11:09:27,16.29,--,11,17919,买盘
1282,11:09:21,16.29,--,5,8145,买盘
1283,11:09:18,16.29,0.01,1,1629,买盘
1284,11:09:12,16.28,-0.01,8,13024,卖盘
1285,11:09:06,16.29,0.01,5,8145,买盘
1286,11:09:03,16.28,--,2,3256,卖盘
1287,11:08:57,16.28,-0.01,35,56980,卖盘
1288,11:08:51,16.29,--,1,1629,买盘
1289,11:08:48,16.29,--,1,1629,买盘
1290,11:08:42,16.29,--,4,6516,卖盘
1291,11:08:36,16.29,--,13,21177,卖盘
1292,11:08:33,16.29,0.01,201,328438,中性盘
1293,11:08:27,16.28,--,164,266992,卖盘
1294,11:08:21,16.28,--,28,45584,卖盘
1295,11:08:18,16.28,--,100,162800,卖盘
1296,11:08:12,16.28,-0.01,76,123728,卖盘
1297,11:08:03,16.29,--,14,22806,卖盘
1298,11:07:57,16.29,--,29,47241,卖盘
1299,11:07:48,16.29,--,54,87966,卖盘
1300,11:07:42,16.29,-0.01,52,84708,卖盘
1301,11:07:27,16.3,--,1,1630,买盘
1302,11:07:18,16.3,--,524,855456,卖盘
1303,11:07:12,16.3,--,15,24450,卖盘
1304,11:07:03,16.3,-0.02,60,97800,卖盘
1305,11:06:48,16.32,0.01,86,140352,买盘
1306,11:06:36,16.31,--,20,32619,卖盘
1307,11:06:27,16.31,--,81,132111,卖盘
1308,11:06:18,16.31,--,8,13047,卖盘
1309,11:06:06,16.31,0.01,56,91548,买盘
1310,11:05:57,16.3,-0.01,55,90595,卖盘
1311,11:05:51,16.31,--,18,29357,买盘
1312,11:05:27,16.31,0.01,71,115800,买盘
1313,11:05:17,16.3,--,8,13040,卖盘
1314,11:05:06,16.3,-0.01,102,166374,卖盘
1315,11:04:57,16.31,--,1,1630,买盘
1316,11:04:47,16.31,--,8,14466,卖盘
1317,11:04:42,16.31,-0.01,3,5741,卖盘
1318,11:04:36,16.32,--,9,14688,卖盘
1319,11:04:27,16.32,--,16,26112,卖盘
1320,11:04:17,16.32,0.01,8,13056,卖盘
1321,11:03:57,16.31,0.01,14,23828,买盘
1322,11:03:51,16.3,--,19,30970,卖盘
1323,11:03:45,16.3,--,66,108704,卖盘
1324,11:03:36,16.3,--,9,14670,卖盘
1325,11:03:30,16.3,--,38,61940,卖盘
1326,11:03:21,16.3,-0.01,35,57050,卖盘
1327,11:03:12,16.31,0.01,106,172886,买盘
1328,11:03:06,16.3,--,97,158110,卖盘
1329,11:03:00,16.3,--,35,57050,卖盘
1330,11:02:57,16.3,-0.01,130,212535,卖盘
1331,11:02:51,16.31,--,9,14678,卖盘
1332,11:02:45,16.31,--,44,71764,卖盘
1333,11:02:42,16.31,--,24,39144,卖盘
1334,11:02:36,16.31,--,9,14678,卖盘
1335,11:02:30,16.31,--,24,39144,卖盘
1336,11:02:27,16.31,--,107,176082,卖盘
1337,11:02:21,16.31,--,36,58715,卖盘
1338,11:02:15,16.31,--,8,13047,卖盘
1339,11:01:51,16.31,--,37,60346,卖盘
1340,11:01:45,16.31,--,9,14678,卖盘
1341,11:01:36,16.31,-0.01,1,1630,卖盘
1342,11:01:27,16.32,0.01,27,44064,买盘
1343,11:01:12,16.31,-0.01,11,17941,卖盘
1344,11:01:06,16.32,-0.01,12,19584,中性盘
1345,11:00:57,16.33,0.02,9,14696,买盘
1346,11:00:51,16.31,-0.02,33,53822,卖盘
1347,11:00:45,16.33,0.02,1,1632,买盘
1348,11:00:42,16.31,--,13,21203,卖盘
1349,11:00:36,16.31,-0.01,63,103747,卖盘
1350,11:00:30,16.32,-0.02,45,73440,买盘
1351,11:00:27,16.34,0.03,2,3268,买盘
1352,11:00:15,16.31,-0.03,8,13047,卖盘
1353,11:00:12,16.34,0.03,1,1634,买盘
1354,11:00:06,16.31,-0.03,9,14678,卖盘
1355,11:00:00,16.34,0.02,1,1634,买盘
1356,10:59:56,16.32,-0.02,33,53856,卖盘
1357,10:59:51,16.34,--,1,1634,买盘
1358,10:59:45,16.34,0.02,6,9804,买盘
1359,10:59:41,16.32,-0.02,11,17952,卖盘
1360,10:59:30,16.34,0.02,1,1634,买盘
1361,10:59:21,16.32,--,3,4896,买盘
1362,10:59:15,16.32,-0.02,1,1632,买盘
1363,10:59:11,16.34,--,0,0,买盘
1364,10:59:06,16.34,--,101,165099,买盘
1365,10:58:56,16.34,0.03,36,58824,买盘
1366,10:58:51,16.31,-0.03,103,167993,卖盘
1367,10:58:45,16.34,0.03,1,1634,买盘
1368,10:58:41,16.31,--,15,24464,卖盘
1369,10:58:36,16.31,-0.03,10,16309,卖盘
1370,10:58:26,16.34,--,1,1634,买盘
1371,10:58:21,16.34,--,14,22876,买盘
1372,10:58:11,16.34,0.02,1,1634,买盘
1373,10:58:06,16.32,-0.02,4,6528,卖盘
1374,10:58:00,16.34,--,2,3268,买盘
1375,10:57:51,16.34,--,31,50654,买盘
1376,10:57:41,16.34,--,1,1634,买盘
1377,10:57:36,16.34,--,0,0,买盘
1378,10:57:30,16.34,--,1,1634,买盘
1379,10:57:21,16.34,0.03,1,1634,买盘
1380,10:57:15,16.31,--,15,24464,卖盘
1381,10:57:11,16.31,--,3,4893,卖盘
1382,10:57:06,16.31,--,8,13047,卖盘
1383,10:57:00,16.31,-0.03,56,91939,卖盘
1384,10:56:56,16.34,--,1,1634,买盘
1385,10:56:51,16.34,-0.02,15,24510,卖盘
1386,10:56:45,16.36,0.02,14,22904,买盘
1387,10:56:36,16.34,-0.02,10,16340,卖盘
1388,10:56:30,16.36,-0.01,96,158233,卖盘
1389,10:56:21,16.37,0.01,1,1637,买盘
1390,10:56:15,16.36,-0.01,91,149334,卖盘
1391,10:56:09,16.37,0.01,1,1637,买盘
1392,10:56:06,16.36,-0.01,1,1636,卖盘
1393,10:56:00,16.37,--,14,22918,买盘
1394,10:55:54,16.37,0.01,65,106405,买盘
1395,10:55:51,16.36,--,66,107976,卖盘
1396,10:55:45,16.36,-0.01,6,9816,卖盘
1397,10:55:39,16.37,0.01,1,1637,买盘
1398,10:55:36,16.36,--,14,22904,卖盘
1399,10:55:30,16.36,--,11,17996,卖盘
1400,10:55:24,16.36,-0.01,24,39264,卖盘
1401,10:55:15,16.37,0.01,72,117864,买盘
1402,10:55:06,16.36,--,35,57260,卖盘
1403,10:55:00,16.36,--,9,14724,买盘
1404,10:54:54,16.36,--,1,1636,买盘
1405,10:54:45,16.36,-0.01,1,1636,买盘
1406,10:54:39,16.37,--,0,0,买盘
1407,10:54:35,16.37,--,1,1637,买盘
1408,10:54:30,16.37,--,1,1637,买盘
1409,10:54:21,16.37,0.04,10,16370,买盘
1410,10:54:15,16.33,-0.04,6,9797,卖盘
1411,10:54:09,16.37,0.01,1,1637,买盘
1412,10:54:06,16.36,-0.01,1,1636,卖盘
1413,10:54:00,16.37,--,0,0,买盘
1414,10:53:54,16.37,0.06,6,9822,卖盘
1415,10:53:51,16.31,-0.06,517,844172,卖盘
1416,10:53:45,16.37,--,91,150129,买盘
1417,10:53:39,16.37,--,54,88398,买盘
1418,10:53:36,16.37,--,1,1637,买盘
1419,10:53:30,16.37,0.01,65,106896,买盘
1420,10:53:24,16.36,0.04,55,89980,买盘
1421,10:53:21,16.32,-0.01,37,60384,卖盘
1422,10:53:15,16.33,0.01,35,57154,买盘
1423,10:53:06,16.32,0.01,1,1632,买盘
1424,10:53:00,16.31,-0.01,91,148535,卖盘
1425,10:52:54,16.32,--,6,9792,买盘
1426,10:52:51,16.32,0.02,62,101184,买盘
1427,10:52:45,16.3,-0.02,8,13040,卖盘
1428,10:52:30,16.32,--,11,17952,买盘
1429,10:52:24,16.32,0.01,2,3264,买盘
1430,10:52:20,16.31,-0.01,5,8154,卖盘
1431,10:52:09,16.32,0.01,1,1632,买盘
1432,10:52:00,16.31,--,97,158207,买盘
1433,10:51:50,16.31,--,118,192457,买盘
1434,10:51:45,16.31,--,1,1630,买盘
1435,10:51:35,16.31,0.01,36,58715,买盘
1436,10:51:30,16.3,-0.01,34,55420,卖盘
1437,10:51:24,16.31,0.01,1,1630,买盘
1438,10:51:15,16.3,--,36,58680,卖盘
1439,10:51:05,16.3,-0.01,131,213530,卖盘
1440,10:51:00,16.31,0.01,94,153607,买盘
1441,10:50:54,16.3,-0.01,13,21190,卖盘
1442,10:50:50,16.31,0.01,44,71764,买盘
1443,10:50:45,16.3,--,94,153220,卖盘
1444,10:50:39,16.3,-0.01,44,71720,卖盘
1445,10:50:35,16.31,-0.01,136,221815,卖盘
1446,10:50:30,16.32,0.01,14,22848,买盘
1447,10:50:24,16.31,-0.01,109,177779,卖盘
1448,10:50:20,16.32,0.01,130,212160,买盘
1449,10:50:15,16.31,--,0,0,卖盘
1450,10:50:09,16.31,-0.02,155,253571,卖盘
1451,10:50:05,16.33,--,0,0,买盘
1452,10:50:00,16.33,--,18,29393,买盘
1453,10:49:54,16.33,0.02,29,47356,买盘
1454,10:49:50,16.31,-0.01,36,58715,卖盘
1455,10:49:45,16.32,--,19,31008,买盘
1456,10:49:39,16.32,0.01,1,1632,买盘
1457,10:49:35,16.31,--,8,14515,卖盘
1458,10:49:30,16.31,-0.01,9,14678,卖盘
1459,10:49:24,16.32,--,2,3264,卖盘
1460,10:49:20,16.32,-0.01,1,1632,卖盘
1461,10:49:15,16.33,0.01,1,1632,买盘
1462,10:49:09,16.32,-0.01,13,21216,卖盘
1463,10:49:05,16.33,--,1,1632,买盘
1464,10:48:48,16.33,--,1,1632,买盘
1465,10:48:39,16.33,--,1,1632,买盘
1466,10:48:33,16.33,0.01,40,65319,买盘
1467,10:48:30,16.32,0.02,10,16320,买盘
1468,10:48:24,16.3,-0.02,48,79804,卖盘
1469,10:48:18,16.32,0.02,1,1632,买盘
1470,10:48:15,16.3,-0.01,9,14670,卖盘
1471,10:48:09,16.31,--,2,3261,买盘
1472,10:48:00,16.31,--,5,8154,买盘
1473,10:47:54,16.31,--,36,58715,买盘
1474,10:47:45,16.31,--,4,6523,买盘
1475,10:47:33,16.31,--,3,4893,买盘
1476,10:47:24,16.31,-0.01,1,1630,买盘
1477,10:47:18,16.32,--,0,0,买盘
1478,10:47:14,16.32,0.01,96,157798,买盘
1479,10:47:09,16.31,--,1,1630,卖盘
1480,10:47:03,16.31,--,56,91336,买盘
1481,10:46:59,16.31,-0.01,21,34251,买盘
1482,10:46:54,16.32,0.01,34,55488,买盘
1483,10:46:48,16.31,--,11,17941,卖盘
1484,10:46:44,16.31,-0.01,100,163100,卖盘
1485,10:46:39,16.32,0.01,1,1632,中性盘
1486,10:46:33,16.31,-0.01,28,45668,卖盘
1487,10:46:29,16.32,--,2,3264,卖盘
1488,10:46:24,16.32,0.01,55,89760,买盘
1489,10:46:18,16.31,-0.01,1,1630,中性盘
1490,10:46:14,16.32,0.02,1,1632,买盘
1491,10:46:09,16.3,-0.01,131,213530,卖盘
1492,10:45:59,16.31,--,41,66871,卖盘
1493,10:45:54,16.31,--,95,154945,卖盘
1494,10:45:48,16.31,--,80,130479,卖盘
1495,10:45:44,16.31,--,142,231601,卖盘
1496,10:45:39,16.31,-0.02,205,334355,卖盘
1497,10:45:33,16.33,0.02,1,1632,买盘
1498,10:45:29,16.31,-0.01,81,132583,卖盘
1499,10:45:24,16.32,-0.01,114,186048,卖盘
1500,10:45:14,16.33,0.01,50,81649,买盘
1501,10:45:09,16.32,-0.01,86,140352,卖盘
1502,10:45:03,16.33,0.01,6,9797,卖盘
1503,10:44:59,16.32,-0.01,88,143616,卖盘
1504,10:44:54,16.33,--,24,39191,卖盘
1505,10:44:48,16.33,--,15,24494,卖盘
1506,10:44:44,16.33,-0.01,14,22861,卖盘
1507,10:44:39,16.34,-0.01,8,13072,卖盘
1508,10:44:29,16.35,--,1,1635,买盘
1509,10:44:14,16.35,--,1,1635,买盘
1510,10:44:03,16.35,0.02,1,1635,买盘
1511,10:43:59,16.33,-0.03,92,150823,卖盘
1512,10:43:54,16.36,0.03,31,50716,买盘
1513,10:43:48,16.33,--,50,81649,卖盘
1514,10:43:44,16.33,-0.03,19,31026,卖盘
1515,10:43:39,16.36,--,20,32720,买盘
1516,10:43:29,16.36,--,71,116156,买盘
1517,10:43:18,16.36,--,1,1636,买盘
1518,10:43:14,16.36,--,21,34356,买盘
1519,10:43:09,16.36,--,114,186504,卖盘
1520,10:43:03,16.36,-0.01,30,49080,卖盘
1521,10:42:59,16.37,0.01,1,1637,买盘
1522,10:42:54,16.36,-0.01,3,4908,卖盘
1523,10:42:48,16.37,--,1,1637,买盘
1524,10:42:39,16.37,--,1,1637,买盘
1525,10:42:29,16.37,0.04,1,1637,买盘
1526,10:42:24,16.33,--,0,0,卖盘
1527,10:42:18,16.33,-0.03,227,372258,卖盘
1528,10:42:09,16.36,-0.02,21,34356,买盘
1529,10:42:03,16.38,0.05,850,1392300,买盘
1530,10:41:54,16.33,-0.02,44,71851,卖盘
1531,10:41:48,16.35,0.02,8,13080,买盘
1532,10:41:39,16.33,-0.02,5,8164,买盘
1533,10:41:33,16.35,--,0,0,买盘
1534,10:41:29,16.35,0.03,33,53955,买盘
1535,10:41:24,16.32,--,0,0,卖盘
1536,10:41:12,16.32,--,0,0,卖盘
1537,10:41:09,16.32,--,91,148512,卖盘
1538,10:41:03,16.32,-0.04,35,57120,卖盘
1539,10:40:57,16.36,0.04,43,70348,买盘
1540,10:40:54,16.32,0.01,194,316608,中性盘
1541,10:40:48,16.31,-0.01,94,154439,卖盘
1542,10:40:42,16.32,--,7,11424,卖盘
1543,10:40:38,16.32,-0.05,10,16320,卖盘
1544,10:40:33,16.37,-0.01,22,36014,中性盘
1545,10:40:27,16.38,0.08,519,850122,买盘
1546,10:40:23,16.3,--,7,11410,卖盘
1547,10:40:08,16.3,-0.07,1001,1631630,卖盘
1548,10:39:48,16.37,--,34,55658,买盘
1549,10:39:42,16.37,0.01,20,32740,买盘
1550,10:39:38,16.36,-0.01,4,6544,卖盘
1551,10:39:33,16.37,--,21,34377,买盘
1552,10:39:18,16.37,0.01,100,163700,买盘
1553,10:39:11,16.36,-0.01,6,9816,卖盘
1554,10:39:08,16.37,0.02,37,60569,买盘
1555,10:39:03,16.35,-0.02,41,67999,卖盘
1556,10:38:53,16.37,0.01,22,36014,买盘
1557,10:38:48,16.36,--,12,19632,买盘
1558,10:38:33,16.36,--,1,1636,买盘
1559,10:38:23,16.36,-0.01,71,116156,卖盘
1560,10:38:18,16.37,0.01,235,384695,买盘
1561,10:38:08,16.36,--,301,492436,卖盘
1562,10:38:03,16.36,--,113,184966,卖盘
1563,10:37:41,16.36,--,9,14724,卖盘
1564,10:37:38,16.36,--,31,50716,卖盘
1565,10:37:33,16.36,--,1,1636,买盘
1566,10:37:23,16.36,0.01,2,3272,买盘
1567,10:37:17,16.35,-0.01,50,81750,卖盘
1568,10:37:12,16.36,--,0,0,中性盘
1569,10:37:02,16.36,0.01,6,9816,买盘
1570,10:36:57,16.35,-0.02,15,24525,卖盘
1571,10:36:53,16.37,0.02,20,32740,买盘
1572,10:36:48,16.35,--,134,219090,买盘
1573,10:36:38,16.35,0.02,8,13080,买盘
1574,10:36:33,16.33,--,3,4898,卖盘
1575,10:36:23,16.33,-0.03,9,14696,卖盘
1576,10:36:17,16.36,--,51,83436,买盘
1577,10:36:11,16.36,--,22,35992,买盘
1578,10:36:08,16.36,-0.01,92,151117,买盘
1579,10:35:53,16.37,--,2,3274,买盘
1580,10:35:48,16.37,0.01,225,368325,买盘
1581,10:35:42,16.36,--,22,37169,卖盘
1582,10:35:38,16.36,--,30,49080,卖盘
1583,10:35:18,16.36,--,23,38086,买盘
1584,10:35:11,16.36,-0.01,160,262937,卖盘
1585,10:34:57,16.37,0.01,18,29466,买盘
1586,10:34:52,16.36,--,90,147698,卖盘
1587,10:34:41,16.36,-0.01,66,107976,卖盘
1588,10:34:32,16.37,--,34,55658,买盘
1589,10:34:27,16.37,0.01,115,188255,买盘
1590,10:34:22,16.36,--,2,3272,卖盘
1591,10:34:17,16.36,--,5,8180,卖盘
1592,10:34:11,16.36,--,57,93252,买盘
1593,10:34:05,16.36,--,15,24540,买盘
1594,10:34:02,16.36,0.01,13,21268,买盘
1595,10:33:56,16.35,-0.01,10,16350,卖盘
1596,10:33:50,16.36,0.01,130,212680,买盘
1597,10:33:47,16.35,--,104,170040,卖盘
1598,10:33:41,16.35,--,2,3270,卖盘
1599,10:33:26,16.35,--,5,8175,卖盘
1600,10:33:20,16.35,0.02,123,201759,买盘
1601,10:33:11,16.33,--,6,9797,卖盘
1602,10:33:05,16.33,-0.02,1,1632,卖盘
1603,10:33:02,16.35,0.02,3,4905,买盘
1604,10:32:56,16.33,--,43,71476,卖盘
1605,10:32:26,16.33,--,6,9797,卖盘
1606,10:32:11,16.33,-0.01,100,164737,卖盘
1607,10:32:02,16.34,--,60,98040,卖盘
1608,10:31:50,16.34,--,12,19608,卖盘
1609,10:31:47,16.34,--,14,22876,卖盘
1610,10:31:41,16.34,-0.01,7,11438,卖盘
1611,10:31:26,16.35,--,21,35316,卖盘
1612,10:31:11,16.35,--,7,11445,卖盘
1613,10:31:05,16.35,--,1,1635,卖盘
1614,10:31:02,16.35,--,38,62130,卖盘
1615,10:30:56,16.35,--,5,8175,卖盘
1616,10:30:47,16.35,-0.02,35,57225,卖盘
1617,10:30:41,16.37,--,2,3274,买盘
1618,10:30:35,16.37,0.02,1,1637,买盘
1619,10:30:32,16.35,-0.02,39,63765,卖盘
1620,10:30:26,16.37,--,77,126114,卖盘
1621,10:30:20,16.37,--,12,19644,卖盘
1622,10:30:17,16.37,--,136,222632,卖盘
1623,10:30:11,16.37,--,107,175159,卖盘
1624,10:30:05,16.37,--,24,39288,卖盘
1625,10:30:02,16.37,--,40,65480,卖盘
1626,10:29:56,16.37,--,79,129732,卖盘
1627,10:29:50,16.37,-0.01,6,10984,卖盘
1628,10:29:47,16.38,--,22,36036,买盘
1629,10:29:35,16.38,--,10,16379,买盘
1630,10:29:32,16.38,0.01,1,1638,买盘
1631,10:29:26,16.37,--,11,18007,卖盘
1632,10:29:17,16.37,--,13,21281,卖盘
1633,10:29:11,16.37,0.02,141,231471,买盘
1634,10:29:05,16.35,-0.02,1,1635,卖盘
1635,10:28:56,16.37,--,47,76939,买盘
1636,10:28:50,16.37,--,140,229180,卖盘
1637,10:28:47,16.37,--,5,8185,卖盘
1638,10:28:41,16.37,--,2,3274,卖盘
1639,10:28:31,16.37,--,15,24555,卖盘
1640,10:28:26,16.37,--,6,9822,卖盘
1641,10:28:11,16.37,--,5,8185,卖盘
1642,10:28:05,16.37,0.01,53,86761,买盘
1643,10:27:59,16.36,-0.01,1,1636,中性盘
1644,10:27:56,16.37,0.01,4,6548,买盘
1645,10:27:50,16.36,-0.01,7,11452,卖盘
1646,10:27:44,16.37,0.01,2,3274,买盘
1647,10:27:35,16.36,--,7,11452,卖盘
1648,10:27:26,16.36,--,25,40900,买盘
1649,10:27:20,16.36,--,24,39264,买盘
1650,10:27:14,16.36,--,40,65440,买盘
1651,10:27:11,16.36,0.02,9,14724,买盘
1652,10:27:05,16.34,--,3,4902,卖盘
1653,10:26:56,16.34,-0.03,33,53922,卖盘
1654,10:26:50,16.37,--,1,1637,买盘
1655,10:26:41,16.37,--,6,9822,买盘
1656,10:26:35,16.37,0.01,99,163339,中性盘
1657,10:26:29,16.36,--,67,109612,卖盘
1658,10:26:26,16.36,-0.01,104,171567,卖盘
1659,10:26:14,16.37,-0.01,5,8185,卖盘
1660,10:26:11,16.38,--,19,31121,买盘
1661,10:26:05,16.38,--,141,230958,买盘
1662,10:25:56,16.38,-0.01,19,31187,卖盘
1663,10:25:50,16.39,0.01,107,175373,买盘
1664,10:25:44,16.38,--,14,22932,卖盘
1665,10:25:41,16.38,--,17,27846,卖盘
1666,10:25:35,16.38,--,2,3276,卖盘
1667,10:25:29,16.38,--,7,11466,卖盘
1668,10:25:26,16.38,-0.01,274,448812,卖盘
1669,10:25:20,16.39,--,80,131120,买盘
1670,10:25:14,16.39,--,11,18029,买盘
1671,10:25:11,16.39,-0.01,1,1639,卖盘
1672,10:25:05,16.4,0.01,115,188599,买盘
1673,10:24:59,16.39,-0.01,32,52448,卖盘
1674,10:24:56,16.4,0.01,206,337839,买盘
1675,10:24:50,16.39,0.01,123,201597,买盘
1676,10:24:44,16.38,-0.01,52,85176,卖盘
1677,10:24:41,16.39,0.01,28,45892,买盘
1678,10:24:35,16.38,--,8,13104,卖盘
1679,10:24:29,16.38,--,10,16379,卖盘
1680,10:24:26,16.38,--,1114,1824732,卖盘
1681,10:24:20,16.38,-0.01,115,188370,卖盘
1682,10:24:14,16.39,--,13,21307,买盘
1683,10:24:05,16.39,0.01,336,550704,买盘
1684,10:23:59,16.38,--,24,39312,卖盘
1685,10:23:56,16.38,-0.01,82,134316,卖盘
1686,10:23:50,16.39,--,61,100192,买盘
1687,10:23:44,16.39,0.01,51,83589,买盘
1688,10:23:41,16.38,-0.01,6,9828,卖盘
1689,10:23:35,16.39,0.01,77,126203,买盘
1690,10:23:29,16.38,-0.01,10,16379,卖盘
1691,10:23:26,16.39,0.01,862,1414178,买盘
1692,10:23:20,16.38,--,0,0,买盘
1693,10:23:14,16.38,0.03,11,18018,买盘
1694,10:23:11,16.35,-0.03,131,215035,卖盘
1695,10:23:05,16.38,0.01,11,18018,买盘
1696,10:22:59,16.37,0.02,1001,1638637,买盘
1697,10:22:56,16.35,-0.03,25,40875,卖盘
1698,10:22:50,16.38,--,101,165438,买盘
1699,10:22:41,16.38,0.01,737,1207484,买盘
1700,10:22:35,16.37,0.01,44,72028,买盘
1701,10:22:29,16.36,0.01,22,37349,买盘
1702,10:22:26,16.35,0.01,1750,2862639,买盘
1703,10:22:20,16.34,--,220,359480,买盘
1704,10:22:14,16.34,--,8,13072,买盘
1705,10:22:10,16.34,--,57,93138,卖盘
1706,10:22:05,16.34,-0.01,139,227126,卖盘
1707,10:21:59,16.35,0.01,96,156960,买盘
1708,10:21:56,16.34,--,418,683012,买盘
1709,10:21:50,16.34,0.01,84,137256,买盘
1710,10:21:44,16.33,-0.01,293,478468,卖盘
1711,10:21:40,16.34,0.01,223,364382,买盘
1712,10:21:25,16.33,-0.01,4,6531,卖盘
1713,10:21:20,16.34,--,90,147060,买盘
1714,10:21:14,16.34,--,63,102942,买盘
1715,10:21:10,16.34,0.01,50,81700,中性盘
1716,10:20:59,16.33,-0.01,556,909221,卖盘
1717,10:20:55,16.34,--,2,3268,卖盘
1718,10:20:50,16.34,0.01,140,228760,买盘
1719,10:20:44,16.33,-0.01,98,160033,卖盘
1720,10:20:39,16.34,--,1,1634,买盘
1721,10:20:35,16.34,-0.01,77,125818,中性盘
1722,10:20:29,16.35,--,66,107910,买盘
1723,10:20:20,16.35,--,494,809112,买盘
1724,10:20:14,16.35,0.01,31,50685,买盘
1725,10:20:08,16.34,--,152,248368,卖盘
1726,10:20:05,16.34,-0.01,5,8170,卖盘
1727,10:19:59,16.35,0.01,49,80115,买盘
1728,10:19:53,16.34,-0.01,49,80066,卖盘
1729,10:19:50,16.35,--,827,1352145,买盘
1730,10:19:44,16.35,0.01,49,80115,买盘
1731,10:19:35,16.34,-0.01,14,22876,中性盘
1732,10:19:29,16.35,0.01,384,627840,买盘
1733,10:19:23,16.34,--,79,129086,买盘
1734,10:19:20,16.34,--,115,187910,买盘
1735,10:19:14,16.34,0.01,413,674842,买盘
1736,10:19:08,16.33,--,19,31026,卖盘
1737,10:19:05,16.33,-0.01,219,357626,卖盘
1738,10:18:59,16.34,0.01,603,985302,买盘
1739,10:18:50,16.33,0.01,39,63686,买盘
1740,10:18:44,16.32,-0.01,51,83232,卖盘
1741,10:18:38,16.33,0.01,1,1632,买盘
1742,10:18:35,16.32,--,123,200736,买盘
1743,10:18:29,16.32,--,3,4896,买盘
1744,10:18:23,16.32,--,0,0,买盘
1745,10:18:20,16.32,--,45,73440,买盘
1746,10:18:14,16.32,--,110,179520,买盘
1747,10:18:08,16.32,--,30,48960,买盘
1748,10:18:05,16.32,0.01,19,31008,买盘
1749,10:17:59,16.31,--,38,61977,卖盘
1750,10:17:53,16.31,-0.01,1,1630,卖盘
1751,10:17:50,16.32,0.02,59,96288,买盘
1752,10:17:44,16.3,-0.01,9,14670,卖盘
1753,10:17:38,16.31,0.01,1,1630,买盘
1754,10:17:35,16.3,-0.02,10,16300,卖盘
1755,10:17:29,16.32,0.02,13,21216,买盘
1756,10:17:23,16.3,--,1,1630,卖盘
1757,10:17:20,16.3,--,74,120620,卖盘
1758,10:17:14,16.3,--,112,182560,买盘
1759,10:17:08,16.3,--,1,1630,买盘
1760,10:17:05,16.3,--,13,21190,买盘
1761,10:16:59,16.3,--,44,71720,买盘
1762,10:16:53,16.3,0.01,16,26080,买盘
1763,10:16:50,16.29,-0.01,10,16290,卖盘
1764,10:16:44,16.3,--,34,55420,买盘
1765,10:16:35,16.3,0.01,105,171150,买盘
1766,10:16:29,16.29,-0.01,8,14188,卖盘
1767,10:16:20,16.3,--,10,16300,买盘
1768,10:16:14,16.3,--,110,179300,卖盘
1769,10:16:08,16.3,0.01,5,8150,买盘
1770,10:16:05,16.29,-0.01,311,506619,卖盘
1771,10:15:59,16.3,0.01,21,34230,买盘
1772,10:15:50,16.29,--,168,273672,卖盘
1773,10:15:44,16.29,--,355,578295,卖盘
1774,10:15:38,16.29,--,0,0,卖盘
1775,10:15:35,16.29,-0.01,134,218286,卖盘
1776,10:15:29,16.3,--,24,39120,卖盘
1777,10:15:23,16.3,--,1,1630,卖盘
1778,10:15:19,16.3,--,50,81500,卖盘
1779,10:15:08,16.3,--,67,109210,卖盘
1780,10:14:59,16.3,--,103,167890,卖盘
1781,10:14:29,16.3,--,82,133660,卖盘
1782,10:14:23,16.3,--,12,21141,卖盘
1783,10:14:08,16.3,--,5,8150,卖盘
1784,10:14:04,16.3,--,61,99430,卖盘
1785,10:13:59,16.3,--,2,3260,卖盘
1786,10:13:53,16.3,--,50,81500,卖盘
1787,10:13:47,16.3,--,1,1630,卖盘
1788,10:13:29,16.3,--,50,81500,卖盘
1789,10:13:23,16.3,-0.01,3,4890,卖盘
1790,10:13:17,16.31,0.01,10,16309,买盘
1791,10:13:08,16.3,--,12,19560,卖盘
1792,10:13:02,16.3,--,1,1630,卖盘
1793,10:12:59,16.3,0.01,41,68394,中性盘
1794,10:12:53,16.29,--,6,9774,卖盘
1795,10:12:47,16.29,--,136,221544,卖盘
1796,10:12:38,16.29,-0.01,73,118917,卖盘
1797,10:12:32,16.3,--,5,8150,买盘
1798,10:12:29,16.3,0.01,9,14670,买盘
1799,10:12:08,16.29,--,2,3258,卖盘
1800,10:11:59,16.29,--,123,201491,卖盘
1801,10:11:38,16.29,--,374,609246,卖盘
1802,10:11:32,16.29,--,5,8145,卖盘
1803,10:11:08,16.29,0.02,361,588069,买盘
1804,10:10:59,16.27,--,10,16270,卖盘
1805,10:10:38,16.27,--,30,48810,卖盘
1806,10:10:32,16.27,--,7,11389,卖盘
1807,10:10:29,16.27,-0.02,34,55318,卖盘
1808,10:10:13,16.29,--,20,32580,买盘
1809,10:10:08,16.29,0.02,2,3258,买盘
1810,10:09:58,16.27,-0.01,47,77494,卖盘
1811,10:09:53,16.28,--,3,4884,卖盘
1812,10:09:43,16.28,--,15,24420,卖盘
1813,10:09:38,16.28,--,54,89019,买盘
1814,10:09:28,16.28,--,45,73260,买盘
1815,10:09:23,16.28,--,12,20056,卖盘
1816,10:09:08,16.28,-0.02,98,159576,卖盘
1817,10:09:02,16.3,--,0,0,买盘
1818,10:08:53,16.3,0.02,3,4890,买盘
1819,10:08:32,16.28,-0.02,3,4884,卖盘
1820,10:08:28,16.3,0.02,3,4890,买盘
1821,10:08:17,16.28,--,1,1628,卖盘
1822,10:08:13,16.28,-0.02,51,83028,卖盘
1823,10:08:08,16.3,--,50,81500,卖盘
1824,10:07:53,16.3,--,27,44010,卖盘
1825,10:07:47,16.3,0.02,62,101060,买盘
1826,10:07:32,16.28,-0.01,35,56980,卖盘
1827,10:07:23,16.29,--,0,0,卖盘
1828,10:07:17,16.29,-0.01,24,39096,卖盘
1829,10:07:13,16.3,--,9,14670,买盘
1830,10:07:08,16.3,0.01,53,86390,中性盘
1831,10:07:02,16.29,-0.01,199,324171,卖盘
1832,10:06:58,16.3,0.01,56,91280,买盘
1833,10:06:53,16.29,-0.01,82,133578,卖盘
1834,10:06:47,16.3,-0.01,96,156480,卖盘
1835,10:06:41,16.31,0.01,19,30988,买盘
1836,10:06:38,16.3,-0.01,78,127140,卖盘
1837,10:06:32,16.31,0.01,35,57084,中性盘
1838,10:06:23,16.3,--,5,8150,卖盘
1839,10:06:17,16.3,-0.02,24,39120,卖盘
1840,10:06:11,16.32,0.02,1,1632,买盘
1841,10:06:08,16.3,-0.02,222,361860,卖盘
1842,10:06:02,16.32,0.02,215,350880,买盘
1843,10:05:56,16.3,--,12,19560,卖盘
1844,10:05:53,16.3,-0.01,10,16300,卖盘
1845,10:05:41,16.31,-0.01,27,44037,卖盘
1846,10:05:38,16.32,0.01,21,34272,买盘
1847,10:05:32,16.31,0.01,13,21203,买盘
1848,10:05:26,16.3,-0.01,5,9568,卖盘
1849,10:05:23,16.31,--,0,0,中性盘
1850,10:05:17,16.31,0.01,15,24464,买盘
1851,10:05:11,16.3,-0.02,9,14670,卖盘
1852,10:05:08,16.32,--,0,0,买盘
1853,10:05:02,16.32,--,3,4896,买盘
1854,10:04:56,16.32,0.01,10,16320,买盘
1855,10:04:53,16.31,-0.01,16,26095,卖盘
1856,10:04:47,16.32,--,0,0,买盘
1857,10:04:38,16.32,0.02,155,252960,买盘
1858,10:04:23,16.3,--,63,102690,卖盘
1859,10:04:17,16.3,-0.03,40,65200,卖盘
1860,10:04:11,16.33,0.03,10,16329,买盘
1861,10:04:08,16.3,--,1,1630,卖盘
1862,10:04:02,16.3,-0.02,5,8150,卖盘
1863,10:03:47,16.32,--,36,60041,买盘
1864,10:03:41,16.32,--,103,168096,买盘
1865,10:03:37,16.32,--,1,1632,买盘
1866,10:03:22,16.32,--,2,3264,买盘
1867,10:03:17,16.32,0.02,85,138720,买盘
1868,10:03:07,16.3,-0.01,108,176040,卖盘
1869,10:03:02,16.31,--,2,3261,卖盘
1870,10:02:56,16.31,--,100,163100,卖盘
1871,10:02:52,16.31,--,16,26095,卖盘
1872,10:02:47,16.31,--,31,50560,卖盘
1873,10:02:41,16.31,--,40,65239,卖盘
1874,10:02:37,16.31,--,5,8154,卖盘
1875,10:02:32,16.31,-0.01,7,11417,卖盘
1876,10:02:22,16.32,0.01,215,350880,买盘
1877,10:02:07,16.31,-0.01,16,26095,卖盘
1878,10:02:02,16.32,0.02,136,221952,买盘
1879,10:01:56,16.3,--,26,42380,卖盘
1880,10:01:52,16.3,-0.01,196,319480,卖盘
1881,10:01:47,16.31,0.01,10,16309,买盘
1882,10:01:37,16.3,--,58,94540,买盘
1883,10:01:32,16.3,--,59,96170,卖盘
1884,10:01:26,16.3,-0.01,36,58680,卖盘
1885,10:01:22,16.31,0.01,1,1630,买盘
1886,10:01:11,16.3,--,35,57050,卖盘
1887,10:01:07,16.3,-0.01,18,29340,卖盘
1888,10:01:02,16.31,0.02,7,11417,买盘
1889,10:00:56,16.29,0.02,14,22806,中性盘
1890,10:00:47,16.27,--,27,43929,卖盘
1891,10:00:41,16.27,-0.01,5,8135,卖盘
1892,10:00:37,16.28,-0.03,3,4884,买盘
1893,10:00:32,16.31,0.04,15,24464,买盘
1894,10:00:26,16.27,-0.03,1,1919,卖盘
1895,10:00:22,16.3,--,97,158110,卖盘
1896,10:00:11,16.3,--,305,498486,买盘
1897,10:00:07,16.3,0.03,63,102690,买盘
1898,10:00:02,16.27,-0.03,138,224818,卖盘
1899,09:59:56,16.3,0.02,6,9780,买盘
1900,09:59:52,16.28,--,1,1644,卖盘
1901,09:59:35,16.28,0.01,115,188538,买盘
1902,09:59:32,16.27,-0.01,34,55318,卖盘
1903,09:59:26,16.28,--,15,24420,买盘
1904,09:59:20,16.28,--,1,1628,买盘
1905,09:59:17,16.28,0.02,4,6512,买盘
1906,09:59:11,16.26,-0.02,1,1626,卖盘
1907,09:59:02,16.28,0.01,7,11396,买盘
1908,09:58:50,16.27,--,0,0,卖盘
1909,09:58:47,16.27,-0.03,45,73215,卖盘
1910,09:58:41,16.3,0.02,184,299920,买盘
1911,09:58:35,16.28,-0.01,6,9768,买盘
1912,09:58:26,16.29,--,0,0,买盘
1913,09:58:20,16.29,0.02,119,193851,买盘
1914,09:58:11,16.27,-0.01,5,8135,中性盘
1915,09:58:05,16.28,0.02,6,9768,买盘
1916,09:58:02,16.26,-0.02,8,13008,卖盘
1917,09:57:56,16.28,--,7,11396,买盘
1918,09:57:46,16.28,0.02,52,84656,买盘
1919,09:57:41,16.26,--,10,16260,卖盘
1920,09:57:35,16.26,--,92,149592,卖盘
1921,09:57:31,16.26,-0.02,20,32520,卖盘
1922,09:57:26,16.28,0.03,29,47212,买盘
1923,09:57:16,16.25,--,35,56875,卖盘
1924,09:57:11,16.25,-0.01,604,981500,卖盘
1925,09:57:01,16.26,--,13,21138,买盘
1926,09:56:56,16.26,--,109,177234,买盘
1927,09:56:50,16.26,--,162,263412,卖盘
1928,09:56:46,16.26,--,36,58536,卖盘
1929,09:56:41,16.26,--,21,34146,卖盘
1930,09:56:35,16.26,0.01,59,96096,买盘
1931,09:56:31,16.25,--,130,211250,卖盘
1932,09:56:16,16.25,-0.01,130,211250,卖盘
1933,09:56:11,16.26,--,36,58536,卖盘
1934,09:56:05,16.26,0.01,2,3252,卖盘
1935,09:56:01,16.25,--,119,193375,卖盘
1936,09:55:56,16.25,-0.01,89,144625,卖盘
1937,09:55:46,16.26,-0.01,2,3252,卖盘
1938,09:55:31,16.27,0.02,2,3254,买盘
1939,09:55:26,16.25,-0.01,24,39000,卖盘
1940,09:55:16,16.26,0.01,105,170730,中性盘
1941,09:55:11,16.25,-0.03,84,136500,卖盘
1942,09:55:05,16.28,0.01,30,48840,买盘
1943,09:55:01,16.27,--,163,265201,卖盘
1944,09:54:50,16.27,--,21,34167,卖盘
1945,09:54:46,16.27,0.01,28,45556,买盘
1946,09:54:41,16.26,0.01,3,4878,卖盘
1947,09:54:31,16.25,-0.01,625,1015625,卖盘
1948,09:54:26,16.26,-0.01,14,22764,卖盘
1949,09:54:20,16.27,0.01,40,65080,买盘
1950,09:54:11,16.26,--,17,27642,卖盘
1951,09:54:05,16.26,--,15,24390,卖盘
1952,09:54:01,16.26,-0.02,33,53658,卖盘
1953,09:53:56,16.28,0.02,7,11396,买盘
1954,09:53:50,16.26,-0.02,10,16260,卖盘
1955,09:53:46,16.28,--,0,0,买盘
1956,09:53:41,16.28,0.02,353,574684,买盘
1957,09:53:35,16.26,-0.01,114,185364,卖盘
1958,09:53:26,16.27,0.01,17,27659,买盘
1959,09:53:20,16.26,--,10,16260,卖盘
1960,09:53:11,16.26,--,39,63414,卖盘
1961,09:53:05,16.26,-0.01,158,256908,卖盘
1962,09:53:01,16.27,--,142,231034,买盘
1963,09:52:56,16.27,--,46,74842,买盘
1964,09:52:50,16.27,0.01,29,47183,买盘
1965,09:52:44,16.26,-0.01,1,1626,卖盘
1966,09:52:41,16.27,--,19,30913,买盘
1967,09:52:35,16.27,--,5,8135,买盘
1968,09:52:29,16.27,0.01,8,13016,买盘
1969,09:52:26,16.26,--,18,29268,卖盘
1970,09:52:20,16.26,-0.01,43,69918,卖盘
1971,09:52:14,16.27,0.01,7,11389,买盘
1972,09:52:11,16.26,0.01,64,105104,卖盘
1973,09:52:05,16.25,-0.01,39,63375,卖盘
1974,09:51:56,16.26,--,160,260160,中性盘
1975,09:51:50,16.26,--,681,1107306,买盘
1976,09:51:44,16.26,--,10,16260,买盘
1977,09:51:40,16.26,0.01,10,16260,买盘
1978,09:51:35,16.25,--,11,17875,卖盘
1979,09:51:26,16.25,--,31,50375,卖盘
1980,09:51:20,16.25,--,326,529750,卖盘
1981,09:51:14,16.25,--,12,19500,卖盘
1982,09:51:10,16.25,-0.01,201,326625,卖盘
1983,09:51:05,16.26,--,81,131706,卖盘
1984,09:50:59,16.26,--,164,266664,卖盘
1985,09:50:55,16.26,--,72,117072,卖盘
1986,09:50:50,16.26,--,46,74796,卖盘
1987,09:50:44,16.26,--,10,16260,卖盘
1988,09:50:40,16.26,--,3,4878,卖盘
1989,09:50:35,16.26,--,151,245526,卖盘
1990,09:50:29,16.26,--,24,39024,卖盘
1991,09:50:25,16.26,0.01,9,14634,买盘
1992,09:50:20,16.25,--,71,115375,卖盘
1993,09:50:14,16.25,--,608,988000,卖盘
1994,09:50:10,16.25,--,51,82875,卖盘
1995,09:50:05,16.25,-0.01,970,1576250,卖盘
1996,09:49:59,16.26,-0.03,1319,2144694,卖盘
1997,09:49:55,16.29,-0.01,108,175932,卖盘
1998,09:49:50,16.3,--,450,734086,卖盘
1999,09:49:40,16.3,--,57,92910,卖盘
2000,09:49:35,16.3,--,154,251020,卖盘
2001,09:49:29,16.3,--,6,9780,卖盘
2002,09:49:25,16.3,--,87,141810,卖盘
2003,09:49:20,16.3,--,6,9780,卖盘
2004,09:49:14,16.3,--,20,32600,卖盘
2005,09:49:10,16.3,-0.01,6,9780,卖盘
2006,09:49:05,16.31,--,5,8154,买盘
2007,09:48:59,16.31,--,10,16309,买盘
2008,09:48:55,16.31,--,8,13047,买盘
2009,09:48:50,16.31,--,5,8154,买盘
2010,09:48:40,16.31,--,273,445768,卖盘
2011,09:48:35,16.31,--,22,35882,卖盘
2012,09:48:29,16.31,--,10,16309,卖盘
2013,09:48:25,16.31,--,8,13047,卖盘
2014,09:48:20,16.31,--,40,65239,卖盘
2015,09:48:14,16.31,--,84,137004,卖盘
2016,09:48:10,16.31,--,204,332724,卖盘
2017,09:47:59,16.31,-0.01,2,3261,卖盘
2018,09:47:55,16.32,0.01,41,66912,买盘
2019,09:47:40,16.31,--,10,16309,卖盘
2020,09:47:35,16.31,--,96,156576,卖盘
2021,09:47:29,16.31,--,25,40775,卖盘
2022,09:47:25,16.31,--,43,70133,卖盘
2023,09:47:20,16.31,-0.01,115,187564,卖盘
2024,09:47:14,16.32,0.01,31,50592,买盘
2025,09:47:10,16.31,--,14,23959,卖盘
2026,09:47:05,16.31,-0.01,4,6523,卖盘
2027,09:46:59,16.32,--,81,132192,买盘
2028,09:46:55,16.32,0.01,36,58752,买盘
2029,09:46:50,16.31,--,75,122324,卖盘
2030,09:46:44,16.31,--,2,3261,卖盘
2031,09:46:35,16.31,-0.01,324,528444,卖盘
2032,09:46:29,16.32,0.01,15,24480,买盘
2033,09:46:25,16.31,--,134,218553,卖盘
2034,09:46:20,16.31,--,401,654031,卖盘
2035,09:46:14,16.31,--,10,16309,卖盘
2036,09:46:04,16.31,-0.01,1,1630,卖盘
2037,09:45:59,16.32,0.01,7,11424,买盘
2038,09:45:55,16.31,-0.01,10,16309,卖盘
2039,09:45:50,16.32,0.01,31,50592,买盘
2040,09:45:35,16.31,-0.01,1304,2126824,卖盘
2041,09:45:29,16.32,0.01,6,9792,买盘
2042,09:45:20,16.31,-0.01,9,14678,卖盘
2043,09:45:14,16.32,0.01,2,3264,买盘
2044,09:45:08,16.31,-0.01,398,649138,卖盘
2045,09:45:05,16.32,0.01,201,328032,买盘
2046,09:44:59,16.31,-0.01,36,58715,卖盘
2047,09:44:53,16.32,--,7,11424,买盘
2048,09:44:49,16.32,--,5,8160,买盘
2049,09:44:38,16.32,--,2,3264,买盘
2050,09:44:34,16.32,-0.01,55,90102,卖盘
2051,09:44:29,16.33,0.01,36,58787,买盘
2052,09:44:23,16.32,--,10,16320,卖盘
2053,09:44:19,16.32,--,20,32640,卖盘
2054,09:44:14,16.32,--,70,114240,卖盘
2055,09:44:04,16.32,-0.01,36,58752,卖盘
2056,09:43:59,16.33,--,121,197592,买盘
2057,09:43:53,16.33,--,14,22861,卖盘
2058,09:43:49,16.33,--,71,115942,买盘
2059,09:43:44,16.33,0.01,36,58787,买盘
2060,09:43:34,16.32,--,37,60384,卖盘
2061,09:43:29,16.32,-0.01,152,249353,卖盘
2062,09:43:23,16.33,--,12,19595,买盘
2063,09:43:13,16.33,--,62,101588,卖盘
2064,09:43:08,16.33,--,85,138805,卖盘
2065,09:43:04,16.33,--,33,53888,卖盘
2066,09:42:59,16.33,--,9,14696,卖盘
2067,09:42:53,16.33,--,10,16329,卖盘
2068,09:42:49,16.33,0.01,43,71509,买盘
2069,09:42:43,16.32,--,113,184416,卖盘
2070,09:42:28,16.32,--,2,3264,卖盘
2071,09:42:23,16.32,-0.01,55,89760,卖盘
2072,09:42:19,16.33,0.01,19,31026,买盘
2073,09:42:13,16.32,--,106,172992,卖盘
2074,09:42:04,16.32,--,11,17952,卖盘
2075,09:41:49,16.32,-0.01,34,55488,卖盘
2076,09:41:43,16.33,--,8,13406,卖盘
2077,09:41:34,16.33,--,2,3265,卖盘
2078,09:41:19,16.33,--,4,7822,买盘
2079,09:41:13,16.33,--,136,222430,卖盘
2080,09:41:04,16.33,--,20,32659,卖盘
2081,09:40:58,16.33,--,32,52255,卖盘
2082,09:40:49,16.33,--,3,6189,卖盘
2083,09:40:43,16.33,--,60,97979,卖盘
2084,09:40:34,16.33,-0.01,9,14696,卖盘
2085,09:40:28,16.34,--,22,35948,买盘
2086,09:40:23,16.34,0.01,11,17974,买盘
2087,09:40:13,16.33,--,13,21228,卖盘
2088,09:40:08,16.33,--,1,1632,卖盘
2089,09:39:53,16.33,--,60,97979,卖盘
2090,09:39:43,16.33,0.01,31,50622,买盘
2091,09:39:38,16.32,-0.01,24,39168,卖盘
2092,09:39:34,16.33,0.01,5,8164,买盘
2093,09:39:28,16.32,--,14,22848,卖盘
2094,09:39:23,16.32,--,13,21216,卖盘
2095,09:39:19,16.32,-0.01,1,1632,卖盘
2096,09:39:13,16.33,0.01,3,4898,买盘
2097,09:38:58,16.32,-0.01,21,34272,卖盘
2098,09:38:43,16.33,0.01,20,32659,买盘
2099,09:38:32,16.32,--,83,135456,买盘
2100,09:38:28,16.32,--,37,60384,卖盘
2101,09:38:17,16.32,0.01,8,13056,买盘
2102,09:38:13,16.31,-0.01,18,29357,卖盘
2103,09:38:08,16.32,0.01,142,231744,买盘
2104,09:38:02,16.31,--,27,44037,卖盘
2105,09:37:58,16.31,-0.01,5,8154,卖盘
2106,09:37:53,16.32,--,25,40800,买盘
2107,09:37:47,16.32,--,13,21216,买盘
2108,09:37:43,16.32,0.01,7,11424,买盘
2109,09:37:38,16.31,--,10,16309,卖盘
2110,09:37:28,16.31,--,4,6523,买盘
2111,09:37:23,16.31,--,106,172886,买盘
2112,09:37:17,16.31,0.01,36,58715,买盘
2113,09:37:08,16.3,--,4,6520,卖盘
2114,09:37:02,16.3,--,6,9780,卖盘
2115,09:36:58,16.3,--,7,12453,卖盘
2116,09:36:52,16.3,--,3,4890,卖盘
2117,09:36:43,16.3,--,13,21190,卖盘
2118,09:36:37,16.3,--,63,102690,买盘
2119,09:36:32,16.3,--,4,6520,买盘
2120,09:36:28,16.3,--,62,101060,买盘
2121,09:36:22,16.3,--,127,207010,卖盘
2122,09:36:13,16.3,-0.01,60,97800,卖盘
2123,09:36:07,16.31,-0.01,27,44037,买盘
2124,09:35:58,16.32,0.01,2,3264,买盘
2125,09:35:52,16.31,-0.01,23,38100,卖盘
2126,09:35:43,16.32,--,94,153701,买盘
2127,09:35:32,16.32,--,24,39168,卖盘
2128,09:35:28,16.32,0.01,133,217056,中性盘
2129,09:35:22,16.31,-0.01,126,205505,卖盘
2130,09:35:17,16.32,0.01,2,3264,买盘
2131,09:35:13,16.31,--,399,650769,卖盘
2132,09:35:07,16.31,--,1,1630,卖盘
2133,09:34:58,16.31,--,125,203874,卖盘
2134,09:34:52,16.31,--,0,0,卖盘
2135,09:34:47,16.31,-0.02,106,173636,卖盘
2136,09:34:43,16.33,-0.01,20,32659,中性盘
2137,09:34:32,16.34,--,76,124184,卖盘
2138,09:34:28,16.34,--,19,31046,卖盘
2139,09:34:22,16.34,0.03,21,34314,买盘
2140,09:34:17,16.31,--,8,13047,卖盘
2141,09:34:13,16.31,--,65,106014,卖盘
2142,09:34:07,16.31,--,85,138635,卖盘
2143,09:33:58,16.31,-0.03,149,243018,卖盘
2144,09:33:52,16.34,0.03,261,426474,买盘
2145,09:33:47,16.31,-0.01,35,57084,卖盘
2146,09:33:43,16.32,0.01,82,133824,买盘
2147,09:33:37,16.31,-0.01,70,114169,卖盘
2148,09:33:32,16.32,0.01,10,16320,卖盘
2149,09:33:28,16.31,-0.03,100,163100,卖盘
2150,09:33:22,16.34,0.03,50,81700,买盘
2151,09:33:17,16.31,-0.01,35,57084,卖盘
2152,09:33:07,16.32,-0.04,139,227174,卖盘
2153,09:33:02,16.36,0.01,37,60532,中性盘
2154,09:32:58,16.35,-0.01,123,201105,卖盘
2155,09:32:52,16.36,--,149,243764,卖盘
2156,09:32:47,16.36,--,75,122700,卖盘
2157,09:32:42,16.36,--,35,57260,卖盘
2158,09:32:37,16.36,--,46,76564,卖盘
2159,09:32:32,16.36,--,0,0,卖盘
2160,09:32:27,16.36,-0.01,111,181596,卖盘
2161,09:32:17,16.37,0.01,14,22918,买盘
2162,09:32:12,16.36,--,53,86708,卖盘
2163,09:32:07,16.36,--,25,40900,卖盘
2164,09:32:02,16.36,0.02,305,498980,买盘
2165,09:31:52,16.34,--,34,55556,买盘
2166,09:31:42,16.34,--,55,89870,买盘
2167,09:31:37,16.34,0.01,6,9804,中性盘
2168,09:31:32,16.33,--,12,19595,卖盘
2169,09:31:22,16.33,-0.03,20,32659,卖盘
2170,09:31:17,16.36,--,81,132516,买盘
2171,09:31:11,16.36,--,1,1636,买盘
2172,09:31:07,16.36,--,2,3272,卖盘
2173,09:31:02,16.36,0.03,7,11452,卖盘
2174,09:30:56,16.33,--,0,0,卖盘
2175,09:30:52,16.33,-0.05,74,120841,卖盘
2176,09:30:47,16.38,0.05,5,8189,买盘
2177,09:30:41,16.33,-0.03,17,27760,卖盘
2178,09:30:37,16.36,0.01,39,63804,买盘
2179,09:30:32,16.35,-0.01,4,6540,卖盘
2180,09:30:26,16.36,0.01,4,6544,买盘
2181,09:30:22,16.35,--,35,57225,卖盘
2182,09:30:16,16.35,-0.01,35,57225,卖盘
2183,09:30:11,16.36,-0.04,18,29448,卖盘
2184,09:30:07,16.4,--,149,244359,买盘
2185,09:30:01,16.4,-0.01,275,450999,卖盘
2186,09:28:44,16.41,--,0,0,买盘
2187,09:25:04,16.41,16.41,848,1391568,买盘
