,time,price,change,volume,amount,type
0,15:00:00,5.52,-0.01,0,0,卖盘
1,15:00:00,5.53,--,0,0,买盘
2,14:59:58,5.53,--,19,10507,买盘
3,14:59:53,5.53,0.01,447,247191,买盘
4,14:59:47,5.52,-0.01,595,328440,卖盘
5,14:59:43,5.53,--,215,118895,买盘
6,14:59:38,5.53,--,527,291431,买盘
7,14:59:32,5.53,0.01,308,170324,买盘
8,14:59:28,5.52,-0.01,141,77832,卖盘
9,14:59:23,5.53,--,210,116130,买盘
10,14:59:17,5.53,--,760,420280,买盘
11,14:59:13,5.53,--,38,21014,买盘
12,14:59:08,5.53,--,525,290325,买盘
13,14:59:02,5.53,0.01,206,113918,买盘
14,14:58:58,5.52,-0.01,44,24287,卖盘
15,14:58:53,5.53,--,722,399796,买盘
16,14:58:47,5.53,--,17,9401,买盘
17,14:58:43,5.53,--,10,5530,买盘
18,14:58:38,5.53,--,81,44793,买盘
19,14:58:32,5.53,--,12,6636,买盘
20,14:58:28,5.53,--,165,91245,买盘
21,14:58:23,5.53,--,93,51429,买盘
22,14:58:17,5.53,--,28,15484,买盘
23,14:58:13,5.53,0.01,1,553,买盘
24,14:58:08,5.52,-0.01,17,9384,卖盘
25,14:58:02,5.53,0.01,15,8295,买盘
26,14:57:58,5.52,--,1,552,卖盘
27,14:57:53,5.52,--,32,17664,卖盘
28,14:57:47,5.52,-0.01,53,29255,卖盘
29,14:57:43,5.53,0.01,16,8848,买盘
30,14:57:38,5.52,-0.01,23,12695,卖盘
31,14:57:32,5.53,0.01,35,19355,买盘
32,14:57:28,5.52,--,2,1104,卖盘
33,14:57:23,5.52,--,180,99359,卖盘
34,14:57:17,5.52,-0.01,29,16007,卖盘
35,14:57:13,5.53,--,10,5530,买盘
36,14:57:08,5.53,--,3,1659,买盘
37,14:57:02,5.53,--,124,68572,买盘
38,14:56:58,5.53,--,224,123872,买盘
39,14:56:53,5.53,--,92,50876,买盘
40,14:56:47,5.53,0.01,328,181384,买盘
41,14:56:43,5.52,--,33,18216,卖盘
42,14:56:38,5.52,-0.01,2,1104,卖盘
43,14:56:32,5.53,--,1251,691803,买盘
44,14:56:28,5.53,--,201,111153,买盘
45,14:56:23,5.53,0.01,188,103964,买盘
46,14:56:13,5.52,--,6,3311,卖盘
47,14:56:08,5.52,-0.01,37,20424,卖盘
48,14:56:02,5.53,--,26,14378,买盘
49,14:55:58,5.53,--,116,64148,买盘
50,14:55:53,5.53,--,332,183596,买盘
51,14:55:47,5.53,0.01,2,1106,买盘
52,14:55:38,5.52,--,56,30911,卖盘
53,14:55:32,5.52,-0.01,41,22632,卖盘
54,14:55:23,5.53,--,28,15484,买盘
55,14:55:17,5.53,0.01,105,58065,买盘
56,14:55:07,5.52,-0.01,98,54095,卖盘
57,14:55:02,5.53,--,51,28203,买盘
58,14:54:58,5.53,--,82,45368,卖盘
59,14:54:53,5.53,--,677,374911,买盘
60,14:54:43,5.53,--,31,17143,买盘
61,14:54:38,5.53,0.01,2273,1256969,买盘
62,14:54:32,5.52,-0.01,34,18768,卖盘
63,14:54:28,5.53,0.01,54,29862,买盘
64,14:54:23,5.52,--,134,73968,卖盘
65,14:54:17,5.52,--,20,11040,卖盘
66,14:54:13,5.52,--,330,182160,卖盘
67,14:54:08,5.52,--,258,142416,卖盘
68,14:54:02,5.52,--,75,41400,卖盘
69,14:53:57,5.52,-0.01,5,2760,卖盘
70,14:53:53,5.53,0.01,980,541940,买盘
71,14:53:47,5.52,-0.01,2427,1339704,卖盘
72,14:53:43,5.53,0.01,348,192444,买盘
73,14:53:38,5.52,-0.01,52,28703,卖盘
74,14:53:32,5.53,--,928,513184,买盘
75,14:53:26,5.53,--,8,4589,买盘
76,14:53:22,5.53,--,3,1659,买盘
77,14:53:17,5.53,--,252,139356,买盘
78,14:53:11,5.53,--,2,1106,买盘
79,14:53:07,5.53,--,197,108941,买盘
80,14:53:02,5.53,--,30,16590,买盘
81,14:52:56,5.53,--,36,19908,买盘
82,14:52:52,5.53,--,127,70231,买盘
83,14:52:47,5.53,--,83,45899,买盘
84,14:52:41,5.53,--,14,7742,买盘
85,14:52:37,5.53,--,92,50876,买盘
86,14:52:32,5.53,--,297,164241,买盘
87,14:52:26,5.53,0.01,172,95116,买盘
88,14:52:22,5.52,-0.01,733,404615,卖盘
89,14:52:17,5.53,0.01,47,25991,买盘
90,14:52:11,5.52,-0.01,210,115919,卖盘
91,14:52:07,5.53,--,61,33733,买盘
92,14:51:56,5.53,--,13,7189,买盘
93,14:51:52,5.53,0.01,300,165900,买盘
94,14:51:41,5.52,--,197,108743,卖盘
95,14:51:37,5.52,--,29,16007,卖盘
96,14:51:26,5.52,--,100,55199,卖盘
97,14:51:22,5.52,-0.01,102,56303,卖盘
98,14:51:16,5.53,0.01,155,85715,买盘
99,14:51:11,5.52,-0.01,70,38640,卖盘
100,14:51:07,5.53,--,107,59171,买盘
101,14:51:02,5.53,0.01,451,249403,买盘
102,14:50:56,5.52,--,135,74520,卖盘
103,14:50:52,5.52,--,17,9384,卖盘
104,14:50:41,5.52,-0.01,75,41400,卖盘
105,14:50:37,5.53,--,263,145439,买盘
106,14:50:32,5.53,0.01,1910,1056230,买盘
107,14:50:26,5.52,-0.01,20,11040,卖盘
108,14:50:22,5.53,--,94,51982,买盘
109,14:50:16,5.53,--,11,6083,买盘
110,14:50:11,5.53,0.01,94,51982,买盘
111,14:50:07,5.52,--,545,300840,卖盘
112,14:50:01,5.52,--,63,34776,卖盘
113,14:49:56,5.52,--,347,191543,卖盘
114,14:49:52,5.52,--,132,72864,卖盘
115,14:49:46,5.52,--,368,203135,卖盘
116,14:49:41,5.52,--,55,30359,卖盘
117,14:49:31,5.52,--,30,16560,卖盘
118,14:49:26,5.52,--,25,13799,卖盘
119,14:49:22,5.52,--,98,54095,卖盘
120,14:49:16,5.52,--,297,163944,卖盘
121,14:49:11,5.52,-0.01,801,442151,卖盘
122,14:49:07,5.53,--,45,24885,买盘
123,14:49:01,5.53,0.01,148,81844,买盘
124,14:48:56,5.52,-0.01,34,18768,卖盘
125,14:48:46,5.53,--,8,4424,买盘
126,14:48:41,5.53,0.01,10,5530,买盘
127,14:48:37,5.52,-0.01,1,552,卖盘
128,14:48:31,5.53,--,105,58065,买盘
129,14:48:26,5.53,0.01,36,19908,买盘
130,14:48:22,5.52,-0.01,66,36432,卖盘
131,14:48:11,5.53,--,53,29309,买盘
132,14:48:06,5.53,--,16,8848,买盘
133,14:48:01,5.53,--,25,13825,买盘
134,14:47:56,5.53,--,125,69125,买盘
135,14:47:52,5.53,--,1657,916321,买盘
136,14:47:41,5.53,--,41,22673,买盘
137,14:47:31,5.53,0.01,1196,661388,买盘
138,14:47:26,5.52,-0.01,967,533784,卖盘
139,14:47:22,5.53,--,46,25438,买盘
140,14:47:11,5.53,--,1,553,买盘
141,14:47:06,5.53,--,20,11060,买盘
142,14:47:01,5.53,--,52,28756,买盘
143,14:46:51,5.53,--,20,11060,买盘
144,14:46:46,5.53,0.01,21,11613,买盘
145,14:46:41,5.52,-0.01,45,24839,卖盘
146,14:46:31,5.53,--,32,17696,买盘
147,14:46:26,5.53,--,119,65807,买盘
148,14:46:20,5.53,--,81,44793,买盘
149,14:46:16,5.53,--,21,11613,买盘
150,14:46:11,5.53,--,51,28203,买盘
151,14:46:05,5.53,--,108,59724,买盘
152,14:46:01,5.53,--,139,76867,买盘
153,14:45:50,5.53,--,21,11613,买盘
154,14:45:46,5.53,0.01,10,5530,买盘
155,14:45:41,5.52,-0.01,44,24287,卖盘
156,14:45:35,5.53,--,25,13825,买盘
157,14:45:31,5.53,--,131,72443,买盘
158,14:45:25,5.53,--,85,47005,买盘
159,14:45:20,5.53,0.01,40,22120,买盘
160,14:45:16,5.52,-0.01,70,38640,卖盘
161,14:45:10,5.53,0.01,46,25438,买盘
162,14:45:05,5.52,-0.01,49,27047,卖盘
163,14:45:01,5.53,--,21,11613,买盘
164,14:44:55,5.53,--,2090,1155770,买盘
165,14:44:50,5.53,--,53,29309,买盘
166,14:44:46,5.53,--,1,553,买盘
167,14:44:40,5.53,--,124,68572,买盘
168,14:44:31,5.53,0.01,33,18249,买盘
169,14:44:25,5.52,-0.01,736,406271,卖盘
170,14:44:20,5.53,0.01,56,30968,买盘
171,14:44:16,5.52,--,31,17112,卖盘
172,14:44:10,5.52,-0.01,69,38088,卖盘
173,14:44:05,5.53,--,2,1106,买盘
174,14:44:01,5.53,--,26,14378,买盘
175,14:43:55,5.53,--,1,553,买盘
176,14:43:50,5.53,--,70,38710,买盘
177,14:43:46,5.53,--,2,1106,买盘
178,14:43:40,5.53,0.01,42,23226,买盘
179,14:43:35,5.52,-0.01,529,292008,卖盘
180,14:43:31,5.53,--,21,11613,买盘
181,14:43:25,5.53,0.01,13,7189,买盘
182,14:43:20,5.52,--,48,26495,卖盘
183,14:43:16,5.52,-0.01,61,33672,卖盘
184,14:43:10,5.53,--,21,11613,买盘
185,14:43:05,5.53,--,7,3871,买盘
186,14:43:01,5.53,0.01,42,23226,买盘
187,14:42:55,5.52,-0.01,5,2760,卖盘
188,14:42:50,5.53,--,79,43687,买盘
189,14:42:46,5.53,0.01,6,3318,买盘
190,14:42:40,5.52,-0.01,30,16560,卖盘
191,14:42:35,5.53,--,15,8295,买盘
192,14:42:31,5.53,--,22,12166,买盘
193,14:42:25,5.53,--,6,3318,买盘
194,14:42:20,5.53,--,74,40922,买盘
195,14:42:16,5.53,--,31,17143,买盘
196,14:42:10,5.53,--,21,11613,买盘
197,14:42:05,5.53,--,182,100646,买盘
198,14:42:01,5.53,0.01,32,17696,买盘
199,14:41:50,5.52,--,187,103223,卖盘
200,14:41:46,5.52,-0.01,170,93840,卖盘
201,14:41:40,5.53,0.01,829,458437,买盘
202,14:41:35,5.52,-0.01,15,8280,卖盘
203,14:41:31,5.53,0.01,181,100093,买盘
204,14:41:25,5.52,-0.01,84,46368,卖盘
205,14:41:20,5.53,0.01,197,108941,买盘
206,14:41:15,5.52,--,22,12143,卖盘
207,14:41:10,5.52,-0.01,88,48575,卖盘
208,14:41:05,5.53,--,1,553,买盘
209,14:41:00,5.53,0.01,20,11060,买盘
210,14:40:55,5.52,-0.01,6,3311,卖盘
211,14:40:50,5.53,--,282,155946,买盘
212,14:40:45,5.53,--,22,12166,买盘
213,14:40:40,5.53,0.01,536,296408,买盘
214,14:40:35,5.52,-0.01,112,61823,卖盘
215,14:40:30,5.53,0.01,50,27650,买盘
216,14:40:25,5.52,--,50,27599,卖盘
217,14:40:20,5.52,--,31,17112,卖盘
218,14:40:15,5.52,-0.01,24,13247,卖盘
219,14:40:10,5.53,--,67,37051,买盘
220,14:39:59,5.53,--,109,60277,买盘
221,14:39:50,5.53,0.01,62,34286,买盘
222,14:39:40,5.52,-0.01,149,82248,卖盘
223,14:39:35,5.53,--,7,3871,买盘
224,14:39:30,5.53,--,43,23779,买盘
225,14:39:25,5.53,--,99,54747,买盘
226,14:39:19,5.53,--,37,20461,买盘
227,14:39:10,5.53,--,56,30968,买盘
228,14:39:04,5.53,--,372,205716,买盘
229,14:38:59,5.53,--,37,20461,买盘
230,14:38:55,5.53,--,16,8848,买盘
231,14:38:49,5.53,0.01,364,201430,买盘
232,14:38:44,5.52,-0.01,8,4416,卖盘
233,14:38:40,5.53,0.01,210,116130,买盘
234,14:38:34,5.52,-0.01,20,11040,卖盘
235,14:38:29,5.53,--,140,77420,买盘
236,14:38:25,5.53,--,123,68019,买盘
237,14:38:19,5.53,--,22,12166,买盘
238,14:38:14,5.53,--,1,553,买盘
239,14:38:10,5.53,--,29,16037,买盘
240,14:38:04,5.53,--,6,3318,买盘
241,14:37:59,5.53,--,102,56406,买盘
242,14:37:55,5.53,--,23,12719,买盘
243,14:37:49,5.53,0.01,20,11060,买盘
244,14:37:44,5.52,-0.01,60,33120,卖盘
245,14:37:40,5.53,--,24,13272,买盘
246,14:37:34,5.53,--,57,31521,买盘
247,14:37:29,5.53,0.01,681,376593,买盘
248,14:37:25,5.52,-0.01,8,4416,卖盘
249,14:37:19,5.53,--,26,14378,买盘
250,14:37:14,5.53,0.01,42,23226,买盘
251,14:37:10,5.52,--,30,16560,卖盘
252,14:37:04,5.52,-0.01,21,11592,卖盘
253,14:36:59,5.53,--,126,69678,买盘
254,14:36:49,5.53,0.01,20,11060,买盘
255,14:36:44,5.52,-0.01,87,48023,卖盘
256,14:36:40,5.53,--,16,8848,买盘
257,14:36:34,5.53,--,1930,1067290,买盘
258,14:36:29,5.53,--,21,11613,买盘
259,14:36:25,5.53,--,1,553,买盘
260,14:36:19,5.53,0.01,111,61559,买盘
261,14:36:14,5.52,--,101,55751,卖盘
262,14:36:04,5.52,-0.01,161,88872,卖盘
263,14:35:59,5.53,--,48,26544,买盘
264,14:35:55,5.53,0.01,1,553,买盘
265,14:35:49,5.52,-0.01,126,69552,卖盘
266,14:35:44,5.53,--,30,16590,买盘
267,14:35:40,5.53,--,21,11613,买盘
268,14:35:29,5.53,--,21,11613,买盘
269,14:35:25,5.53,--,223,123319,买盘
270,14:35:19,5.53,--,21,11613,买盘
271,14:35:09,5.53,--,20,11060,买盘
272,14:35:04,5.53,--,13,7189,买盘
273,14:34:59,5.53,--,22,12166,买盘
274,14:34:55,5.53,--,300,165900,买盘
275,14:34:49,5.53,0.01,97,53641,买盘
276,14:34:44,5.52,-0.01,1,552,卖盘
277,14:34:39,5.53,0.01,20,11060,买盘
278,14:34:34,5.52,-0.01,5,2760,卖盘
279,14:34:29,5.53,--,69,38157,买盘
280,14:34:24,5.53,--,73,40369,买盘
281,14:34:19,5.53,--,702,388432,买盘
282,14:34:14,5.53,--,534,295302,买盘
283,14:34:09,5.53,--,21,11613,买盘
284,14:34:04,5.53,0.01,54,29862,买盘
285,14:33:59,5.52,-0.01,321,177192,卖盘
286,14:33:49,5.53,--,47,25991,买盘
287,14:33:44,5.53,--,27,14931,买盘
288,14:33:39,5.53,0.01,21,11613,买盘
289,14:33:34,5.52,-0.01,550,303600,卖盘
290,14:33:29,5.53,0.01,372,205716,买盘
291,14:33:19,5.52,-0.01,411,226871,卖盘
292,14:33:14,5.53,--,244,134932,买盘
293,14:33:09,5.53,0.01,1722,952266,买盘
294,14:33:04,5.52,--,166,91632,买盘
295,14:32:58,5.52,0.01,21,11592,买盘
296,14:32:53,5.51,-0.01,10,5510,卖盘
297,14:32:49,5.52,--,198,109295,买盘
298,14:32:38,5.52,0.01,21,11592,买盘
299,14:32:34,5.51,-0.01,45,24795,卖盘
300,14:32:28,5.52,--,92,50783,买盘
301,14:32:23,5.52,--,53,29255,买盘
302,14:32:19,5.52,0.01,21,11592,买盘
303,14:32:13,5.51,-0.01,42,23142,卖盘
304,14:32:08,5.52,--,21,11592,买盘
305,14:32:04,5.52,--,157,86664,买盘
306,14:31:58,5.52,--,80,44160,买盘
307,14:31:49,5.52,--,22,12143,买盘
308,14:31:43,5.52,--,155,85560,买盘
309,14:31:38,5.52,0.01,27,14903,买盘
310,14:31:34,5.51,-0.01,119,65569,卖盘
311,14:31:28,5.52,--,119,65688,买盘
312,14:31:23,5.52,--,20,11040,买盘
313,14:31:19,5.52,--,1,552,买盘
314,14:31:13,5.52,--,72,39744,买盘
315,14:31:08,5.52,--,22,12143,买盘
316,14:30:58,5.52,--,105,57959,买盘
317,14:30:53,5.52,0.01,20,11040,买盘
318,14:30:49,5.51,-0.01,27,14877,卖盘
319,14:30:43,5.52,--,15,8280,买盘
320,14:30:38,5.52,--,22,12143,买盘
321,14:30:28,5.52,0.01,53,29255,买盘
322,14:30:23,5.51,-0.01,1022,563122,卖盘
323,14:30:19,5.52,0.01,50,27599,买盘
324,14:30:13,5.51,-0.01,162,89262,卖盘
325,14:30:08,5.52,--,89,49127,买盘
326,14:30:04,5.52,--,27,14903,买盘
327,14:29:58,5.52,--,81,44712,买盘
328,14:29:53,5.52,--,97,53543,买盘
329,14:29:49,5.52,--,46,25391,买盘
330,14:29:43,5.52,--,27,14903,买盘
331,14:29:38,5.52,--,178,98255,买盘
332,14:29:34,5.52,--,86,47471,买盘
333,14:29:28,5.52,--,68,37536,买盘
334,14:29:23,5.52,--,24,13247,买盘
335,14:29:13,5.52,--,156,86112,买盘
336,14:29:08,5.52,--,47,25943,买盘
337,14:29:04,5.52,0.01,1778,981455,买盘
338,14:28:58,5.51,--,91,50141,卖盘
339,14:28:53,5.51,-0.01,143,78793,卖盘
340,14:28:48,5.52,--,115,63479,买盘
341,14:28:43,5.52,--,30,16560,买盘
342,14:28:38,5.52,0.01,36,19872,买盘
343,14:28:33,5.51,-0.01,11,6061,卖盘
344,14:28:28,5.52,--,21,11592,买盘
345,14:28:23,5.52,0.01,23,12695,买盘
346,14:28:18,5.51,-0.01,354,195054,卖盘
347,14:28:13,5.52,--,61,33672,买盘
348,14:28:08,5.52,--,50,27599,买盘
349,14:28:04,5.52,--,5,2760,买盘
350,14:27:58,5.52,--,50,27599,买盘
351,14:27:53,5.52,0.01,22,12143,买盘
352,14:27:48,5.51,-0.01,3,1653,卖盘
353,14:27:43,5.52,--,23,12695,买盘
354,14:27:38,5.52,0.01,681,375912,买盘
355,14:27:33,5.51,-0.01,1,551,卖盘
356,14:27:28,5.52,0.01,71,39192,买盘
357,14:27:23,5.51,-0.01,22,12122,卖盘
358,14:27:18,5.52,--,5,2760,买盘
359,14:27:13,5.52,--,1266,698832,买盘
360,14:27:08,5.52,--,24,13247,买盘
361,14:26:58,5.52,0.01,55,30359,买盘
362,14:26:53,5.51,--,57,31407,卖盘
363,14:26:48,5.51,-0.01,30,16530,卖盘
364,14:26:37,5.52,--,89,49127,买盘
365,14:26:28,5.52,0.01,45,24839,买盘
366,14:26:22,5.51,-0.01,130,71630,卖盘
367,14:26:18,5.52,0.01,25,13799,买盘
368,14:26:13,5.51,--,200,110200,卖盘
369,14:26:07,5.51,-0.01,96,52896,卖盘
370,14:26:03,5.52,--,15,8280,买盘
371,14:25:58,5.52,--,356,196511,买盘
372,14:25:52,5.52,--,21,11592,买盘
373,14:25:48,5.52,--,304,167808,买盘
374,14:25:43,5.52,--,84,46368,买盘
375,14:25:37,5.52,0.01,30,16560,买盘
376,14:25:33,5.51,-0.01,400,220400,卖盘
377,14:25:28,5.52,--,22,12143,买盘
378,14:25:22,5.52,0.01,349,192647,买盘
379,14:25:17,5.51,-0.01,20,11020,卖盘
380,14:25:13,5.52,--,672,370944,买盘
381,14:25:07,5.52,0.01,73,40296,买盘
382,14:25:02,5.51,-0.01,10,5510,卖盘
383,14:24:58,5.52,0.01,20,11040,买盘
384,14:24:52,5.51,-0.01,44,24244,卖盘
385,14:24:47,5.52,0.01,20,11040,买盘
386,14:24:43,5.51,--,58,31958,卖盘
387,14:24:37,5.51,-0.01,241,132791,卖盘
388,14:24:28,5.52,0.01,177,97703,买盘
389,14:24:22,5.51,--,171,94221,卖盘
390,14:24:17,5.51,--,58,31958,卖盘
391,14:24:13,5.51,-0.01,11,6061,卖盘
392,14:24:07,5.52,0.01,410,226319,买盘
393,14:24:02,5.51,-0.01,741,408291,卖盘
394,14:23:58,5.52,0.01,38,20976,买盘
395,14:23:52,5.51,-0.01,150,82650,卖盘
396,14:23:47,5.52,--,348,192095,买盘
397,14:23:42,5.52,--,241,133032,买盘
398,14:23:37,5.52,--,102,56303,买盘
399,14:23:32,5.52,--,994,548688,买盘
400,14:23:28,5.52,0.01,85,46920,买盘
401,14:23:22,5.51,-0.01,204,112404,卖盘
402,14:23:17,5.52,--,733,404615,买盘
403,14:23:13,5.52,--,100,55199,买盘
404,14:23:07,5.52,--,427,235703,买盘
405,14:23:02,5.52,--,467,257783,买盘
406,14:22:58,5.52,0.01,21,11592,买盘
407,14:22:52,5.51,-0.01,1401,771951,卖盘
408,14:22:47,5.52,0.01,83,45816,买盘
409,14:22:37,5.51,-0.01,287,158137,卖盘
410,14:22:32,5.52,--,53,29255,买盘
411,14:22:27,5.52,--,2769,1528487,买盘
412,14:22:22,5.52,0.01,505,278760,买盘
413,14:22:17,5.51,--,1407,775257,卖盘
414,14:22:12,5.51,-0.01,50,27550,卖盘
415,14:22:07,5.52,0.01,25,13799,买盘
416,14:22:02,5.51,-0.01,365,201115,卖盘
417,14:21:57,5.52,--,494,272688,买盘
418,14:21:52,5.52,--,71,39192,买盘
419,14:21:47,5.52,--,600,331200,买盘
420,14:21:42,5.52,--,15,8280,买盘
421,14:21:37,5.52,--,21,11592,买盘
422,14:21:32,5.52,--,58,32015,买盘
423,14:21:27,5.52,--,190,104879,买盘
424,14:21:22,5.52,0.01,5,2760,买盘
425,14:21:17,5.51,-0.01,355,195605,卖盘
426,14:21:12,5.52,0.01,22,12143,买盘
427,14:21:07,5.51,-0.01,417,229767,卖盘
428,14:21:02,5.52,0.01,154,85008,买盘
429,14:20:57,5.51,-0.01,690,380190,卖盘
430,14:20:52,5.52,--,55,30359,买盘
431,14:20:47,5.52,0.01,199,109847,买盘
432,14:20:42,5.51,--,80,44080,卖盘
433,14:20:37,5.51,-0.01,43,23693,卖盘
434,14:20:32,5.52,--,404,223007,买盘
435,14:20:27,5.52,0.01,13,7175,买盘
436,14:20:22,5.51,-0.01,2,1102,卖盘
437,14:20:16,5.52,0.01,53,29255,买盘
438,14:20:12,5.51,-0.01,218,120118,卖盘
439,14:20:07,5.52,0.01,223,123095,买盘
440,14:20:01,5.51,--,80,44080,卖盘
441,14:19:57,5.51,-0.01,80,44080,卖盘
442,14:19:52,5.52,--,444,245087,买盘
443,14:19:46,5.52,0.01,183,101015,买盘
444,14:19:42,5.51,-0.01,300,165300,卖盘
445,14:19:37,5.52,--,187,103223,买盘
446,14:19:31,5.52,--,674,372048,买盘
447,14:19:27,5.52,--,6,3311,买盘
448,14:19:22,5.52,0.01,23,12695,买盘
449,14:19:16,5.51,--,181,99731,卖盘
450,14:19:12,5.51,-0.01,485,267235,卖盘
451,14:19:07,5.52,0.01,115,63479,买盘
452,14:19:01,5.51,-0.01,54,29754,卖盘
453,14:18:57,5.52,0.01,87,48023,买盘
454,14:18:52,5.51,-0.01,310,170810,卖盘
455,14:18:46,5.52,--,24,13247,买盘
456,14:18:42,5.52,0.01,22,12143,买盘
457,14:18:37,5.51,--,750,413250,卖盘
458,14:18:31,5.51,-0.01,102,56202,卖盘
459,14:18:26,5.52,--,286,157872,买盘
460,14:18:16,5.52,--,25,13799,买盘
461,14:18:11,5.52,--,171,94391,买盘
462,14:18:07,5.52,--,139,76728,买盘
463,14:18:01,5.52,--,131,72312,买盘
464,14:17:56,5.52,--,13,7175,买盘
465,14:17:52,5.52,--,57,31463,买盘
466,14:17:46,5.52,--,31,17112,买盘
467,14:17:41,5.52,--,12,6623,买盘
468,14:17:36,5.52,--,177,97703,买盘
469,14:17:31,5.52,--,55,30359,买盘
470,14:17:26,5.52,--,4,2208,买盘
471,14:17:21,5.52,--,30,16560,买盘
472,14:17:16,5.52,--,22,12143,买盘
473,14:17:06,5.52,--,60,33120,买盘
474,14:17:01,5.52,--,1022,564144,买盘
475,14:16:56,5.52,--,57,31463,买盘
476,14:16:46,5.52,--,105,57959,买盘
477,14:16:41,5.52,--,208,114815,买盘
478,14:16:36,5.52,0.01,2,1104,买盘
479,14:16:31,5.51,-0.01,23,12673,卖盘
480,14:16:26,5.52,--,2,1104,买盘
481,14:16:16,5.52,--,23,12695,买盘
482,14:16:11,5.52,0.01,21,11592,买盘
483,14:16:06,5.51,-0.01,3,1653,卖盘
484,14:16:01,5.52,--,25,13799,买盘
485,14:15:56,5.52,--,49,27047,买盘
486,14:15:51,5.52,--,11,6071,买盘
487,14:15:46,5.52,--,21,11592,买盘
488,14:15:41,5.52,--,24,13247,买盘
489,14:15:31,5.52,--,146,80592,买盘
490,14:15:26,5.52,--,93,51335,买盘
491,14:15:16,5.52,0.01,25,13799,买盘
492,14:15:11,5.51,-0.01,103,56753,卖盘
493,14:15:06,5.52,--,27,14903,买盘
494,14:15:01,5.52,--,114,62927,买盘
495,14:14:56,5.52,--,125,69000,买盘
496,14:14:46,5.52,--,24,13247,买盘
497,14:14:41,5.52,--,21,11592,买盘
498,14:14:36,5.52,--,3,1655,买盘
499,14:14:31,5.52,--,21,11592,买盘
500,14:14:25,5.52,--,102,56303,买盘
501,14:14:21,5.52,--,55,30359,买盘
502,14:14:16,5.52,--,20,11040,买盘
503,14:14:10,5.52,0.01,105,57959,买盘
504,14:14:06,5.51,-0.01,2,1102,卖盘
505,14:14:01,5.52,0.01,835,460919,买盘
506,14:13:55,5.51,-0.01,48,26585,卖盘
507,14:13:51,5.52,--,2,1104,买盘
508,14:13:46,5.52,--,20,11040,买盘
509,14:13:40,5.52,--,131,72312,买盘
510,14:13:36,5.52,--,50,27599,买盘
511,14:13:31,5.52,--,31,17112,买盘
512,14:13:25,5.52,--,2,1104,买盘
513,14:13:16,5.52,--,31,17112,买盘
514,14:13:10,5.52,--,90,49679,买盘
515,14:13:06,5.52,--,304,167808,买盘
516,14:13:01,5.52,--,22,12143,买盘
517,14:12:55,5.52,--,52,28703,买盘
518,14:12:46,5.52,--,242,133584,买盘
519,14:12:40,5.52,--,55,30359,买盘
520,14:12:36,5.52,--,100,55199,买盘
521,14:12:31,5.52,--,2,1104,买盘
522,14:12:25,5.52,--,234,129167,买盘
523,14:12:21,5.52,--,11,6071,买盘
524,14:12:16,5.52,--,41,22632,买盘
525,14:12:10,5.52,--,39,21528,买盘
526,14:12:06,5.52,--,36,19872,买盘
527,14:12:01,5.52,--,49,27047,买盘
528,14:11:55,5.52,--,49,27047,买盘
529,14:11:46,5.52,-0.01,117,64583,卖盘
530,14:11:40,5.53,0.01,22,12166,买盘
531,14:11:31,5.52,-0.01,123,67896,卖盘
532,14:11:25,5.53,0.01,55,30415,买盘
533,14:11:21,5.52,--,30,16560,买盘
534,14:11:16,5.52,--,22,12143,买盘
535,14:11:10,5.52,0.01,97,53543,卖盘
536,14:11:06,5.51,-0.01,341,187891,卖盘
537,14:11:01,5.52,--,100,55199,买盘
538,14:10:55,5.52,--,393,216935,买盘
539,14:10:46,5.52,--,406,224111,买盘
540,14:10:40,5.52,--,54,29807,买盘
541,14:10:35,5.52,--,9,4968,买盘
542,14:10:31,5.52,--,3,1655,买盘
543,14:10:25,5.52,--,60,33120,买盘
544,14:10:20,5.52,--,240,132480,买盘
545,14:10:16,5.52,--,183,101015,买盘
546,14:10:10,5.52,--,41,22632,买盘
547,14:10:00,5.52,--,2,1104,买盘
548,14:09:55,5.52,--,350,193199,买盘
549,14:09:50,5.52,--,159,87768,买盘
550,14:09:46,5.52,0.01,23,12695,买盘
551,14:09:40,5.51,-0.01,37,20387,卖盘
552,14:09:35,5.52,--,50,27599,买盘
553,14:09:25,5.52,--,29,16007,买盘
554,14:09:20,5.52,0.01,142,78384,买盘
555,14:09:15,5.51,-0.01,116,63916,卖盘
556,14:09:10,5.52,--,52,28703,买盘
557,14:09:05,5.52,--,81,44712,买盘
558,14:09:00,5.52,--,87,48023,买盘
559,14:08:55,5.52,--,70,38640,买盘
560,14:08:50,5.52,--,201,110951,买盘
561,14:08:40,5.52,--,122,67344,买盘
562,14:08:35,5.52,--,4,2208,买盘
563,14:08:30,5.52,--,2,1104,买盘
564,14:08:25,5.52,--,198,109295,买盘
565,14:08:20,5.52,--,82,45264,买盘
566,14:08:15,5.52,--,5,2760,买盘
567,14:08:10,5.52,--,31,17112,买盘
568,14:08:05,5.52,--,201,110951,买盘
569,14:08:00,5.52,--,2,1104,买盘
570,14:07:55,5.52,--,1114,614928,买盘
571,14:07:50,5.52,--,24,13247,买盘
572,14:07:40,5.52,--,21,11592,买盘
573,14:07:34,5.52,--,69,38088,买盘
574,14:07:30,5.52,-0.01,657,362790,卖盘
575,14:07:25,5.53,0.01,245,135485,买盘
576,14:07:19,5.52,-0.01,264,145728,卖盘
577,14:07:15,5.53,0.01,1,553,买盘
578,14:07:10,5.52,-0.01,294,162288,卖盘
579,14:07:04,5.53,--,303,167559,买盘
580,14:06:55,5.53,0.01,69,38157,买盘
581,14:06:49,5.52,--,569,314088,卖盘
582,14:06:45,5.52,--,1697,936743,卖盘
583,14:06:40,5.52,--,129,71208,卖盘
584,14:06:34,5.52,-0.01,277,152904,卖盘
585,14:06:30,5.53,--,2,1106,买盘
586,14:06:25,5.53,0.01,35,19355,买盘
587,14:06:19,5.52,-0.01,324,178848,卖盘
588,14:06:15,5.53,0.01,21,11613,买盘
589,14:06:10,5.52,--,1212,669024,卖盘
590,14:06:04,5.52,--,500,276000,卖盘
591,14:06:00,5.52,-0.01,160,88320,卖盘
592,14:05:55,5.53,0.01,221,122213,买盘
593,14:05:49,5.52,-0.01,481,265512,卖盘
594,14:05:45,5.53,0.01,282,155946,买盘
595,14:05:40,5.52,--,343,189335,卖盘
596,14:05:34,5.52,--,163,89976,卖盘
597,14:05:30,5.52,--,80,44160,卖盘
598,14:05:25,5.52,--,224,123647,卖盘
599,14:05:19,5.52,-0.01,227,125303,卖盘
600,14:05:10,5.53,--,131,72443,买盘
601,14:05:04,5.53,0.01,23,12719,买盘
602,14:05:00,5.52,-0.01,42,23184,卖盘
603,14:04:55,5.53,--,68,37604,买盘
604,14:04:49,5.53,0.01,23,12719,买盘
605,14:04:45,5.52,-0.01,2,1104,卖盘
606,14:04:40,5.53,--,156,86268,买盘
607,14:04:34,5.53,--,65,35945,买盘
608,14:04:30,5.53,--,2,1106,买盘
609,14:04:24,5.53,--,180,99540,买盘
610,14:04:18,5.53,0.01,24,13272,买盘
611,14:04:10,5.52,-0.01,28,15455,卖盘
612,14:04:04,5.53,--,160,88480,买盘
613,14:04:00,5.53,--,14,7742,买盘
614,14:03:55,5.53,--,106,58618,买盘
615,14:03:49,5.53,0.01,42,23226,买盘
616,14:03:44,5.52,-0.01,283,156216,卖盘
617,14:03:39,5.53,--,21,11613,买盘
618,14:03:34,5.53,--,3,1659,买盘
619,14:03:24,5.53,0.01,8,4424,买盘
620,14:03:19,5.52,-0.01,1,552,卖盘
621,14:03:10,5.53,--,3,1659,买盘
622,14:03:04,5.53,--,5,2765,买盘
623,14:02:59,5.53,--,2,1106,买盘
624,14:02:54,5.53,--,655,362215,买盘
625,14:02:49,5.53,--,2,1106,买盘
626,14:02:39,5.53,--,731,404243,买盘
627,14:02:24,5.53,--,3,1659,买盘
628,14:02:19,5.53,0.01,2,1106,买盘
629,14:02:14,5.52,--,86,47471,卖盘
630,14:02:09,5.52,-0.01,1,552,卖盘
631,14:02:04,5.53,0.01,2,1106,买盘
632,14:01:59,5.52,--,40,22080,卖盘
633,14:01:54,5.52,-0.01,12,6623,卖盘
634,14:01:43,5.53,0.01,146,80738,买盘
635,14:01:34,5.52,-0.01,48,26495,卖盘
636,14:01:28,5.53,--,91,50323,买盘
637,14:01:19,5.53,--,2,1106,买盘
638,14:01:13,5.53,0.01,2,1106,买盘
639,14:01:09,5.52,-0.01,1,552,卖盘
640,14:01:04,5.53,--,1,553,买盘
641,14:00:58,5.53,--,2,1106,买盘
642,14:00:48,5.53,0.01,1,553,买盘
643,14:00:42,5.52,-0.01,21,11592,卖盘
644,14:00:39,5.53,--,2,1106,买盘
645,14:00:27,5.53,0.01,75,41475,买盘
646,14:00:24,5.52,-0.01,180,99359,卖盘
647,14:00:19,5.53,0.01,124,68572,买盘
648,14:00:13,5.52,--,140,77280,卖盘
649,14:00:09,5.52,-0.01,143,78936,卖盘
650,14:00:04,5.53,0.01,92,50876,买盘
651,13:59:57,5.52,--,203,112055,卖盘
652,13:59:49,5.52,--,240,132480,卖盘
653,13:59:42,5.52,--,100,55199,卖盘
654,13:59:34,5.52,--,123,67896,卖盘
655,13:59:27,5.52,-0.01,259,142968,卖盘
656,13:59:12,5.53,0.01,11,6083,买盘
657,13:59:09,5.52,-0.01,103,56855,卖盘
658,13:59:04,5.53,0.01,162,89586,买盘
659,13:58:57,5.52,-0.01,520,287040,卖盘
660,13:58:49,5.53,--,5,2765,买盘
661,13:58:42,5.53,--,505,279265,买盘
662,13:58:39,5.53,--,16,8848,买盘
663,13:58:34,5.53,--,25,13825,买盘
664,13:58:27,5.53,--,20,11060,买盘
665,13:58:18,5.53,--,60,33180,买盘
666,13:58:12,5.53,--,128,70784,卖盘
667,13:58:09,5.53,--,114,63042,买盘
668,13:58:03,5.53,--,11,6083,买盘
669,13:57:57,5.53,0.01,68,37604,买盘
670,13:57:54,5.52,-0.01,6,3311,卖盘
671,13:57:48,5.53,0.01,2,1106,买盘
672,13:57:42,5.52,--,141,77832,卖盘
673,13:57:39,5.52,-0.01,62,34224,卖盘
674,13:57:33,5.53,--,83,45899,买盘
675,13:57:24,5.53,--,34,18802,买盘
676,13:57:18,5.53,0.01,2,1106,买盘
677,13:57:12,5.52,--,543,299736,卖盘
678,13:57:09,5.52,-0.01,101,55751,卖盘
679,13:57:03,5.53,--,187,103521,买盘
680,13:56:57,5.53,--,431,238343,买盘
681,13:56:48,5.53,0.01,2,1106,买盘
682,13:56:42,5.52,-0.01,53,29255,卖盘
683,13:56:38,5.53,--,10,5530,买盘
684,13:56:33,5.53,--,215,119000,买盘
685,13:56:27,5.53,0.01,175,96985,中性盘
686,13:56:23,5.52,-0.02,84,46368,卖盘
687,13:56:18,5.54,0.01,724,401096,买盘
688,13:56:12,5.53,--,3,1659,买盘
689,13:56:08,5.53,--,25,13825,买盘
690,13:56:03,5.53,-0.01,5,2765,中性盘
691,13:55:57,5.54,0.01,252,139608,买盘
692,13:55:53,5.53,0.01,81,44793,买盘
693,13:55:48,5.52,-0.02,24,13247,卖盘
694,13:55:42,5.54,0.01,746,413284,买盘
695,13:55:33,5.53,--,2,1106,买盘
696,13:55:27,5.53,--,8,4424,买盘
697,13:55:21,5.53,0.01,3,1659,买盘
698,13:55:18,5.52,-0.01,52,28703,卖盘
699,13:55:12,5.53,0.01,3,1659,买盘
700,13:55:06,5.52,--,1,552,卖盘
701,13:55:03,5.52,-0.01,66,36432,卖盘
702,13:54:57,5.53,-0.01,102,56406,买盘
703,13:54:51,5.54,0.01,214,118556,买盘
704,13:54:48,5.53,--,1,553,买盘
705,13:54:42,5.53,--,30,16590,买盘
706,13:54:36,5.53,--,222,122766,买盘
707,13:54:27,5.53,0.01,2,1106,买盘
708,13:54:21,5.52,--,0,0,卖盘
709,13:54:18,5.52,--,101,55751,卖盘
710,13:54:12,5.52,-0.01,123,67896,卖盘
711,13:54:06,5.53,-0.01,4,2212,卖盘
712,13:54:03,5.54,--,0,0,买盘
713,13:53:57,5.54,0.01,230,127420,买盘
714,13:53:51,5.53,--,78,43134,买盘
715,13:53:48,5.53,--,21,11613,买盘
716,13:53:42,5.53,--,3,1659,买盘
717,13:53:36,5.53,0.01,60,33180,买盘
718,13:53:33,5.52,--,54,29807,卖盘
719,13:53:27,5.52,--,14,7727,卖盘
720,13:53:21,5.52,--,366,202031,卖盘
721,13:53:18,5.52,-0.01,1799,993047,卖盘
722,13:53:12,5.53,--,2,1106,买盘
723,13:53:06,5.53,--,92,50876,买盘
724,13:53:03,5.53,--,65,35945,买盘
725,13:52:57,5.53,--,419,231707,卖盘
726,13:52:51,5.53,--,325,179725,卖盘
727,13:52:48,5.53,--,80,44240,卖盘
728,13:52:42,5.53,--,160,88480,卖盘
729,13:52:36,5.53,--,405,223965,卖盘
730,13:52:33,5.53,--,110,60830,卖盘
731,13:52:27,5.53,--,402,222306,卖盘
732,13:52:21,5.53,-0.01,80,44240,卖盘
733,13:52:18,5.54,0.01,203,112462,买盘
734,13:52:12,5.53,--,188,103964,卖盘
735,13:52:06,5.53,-0.01,564,311892,卖盘
736,13:52:03,5.54,--,4,2216,买盘
737,13:51:57,5.54,0.01,24,13296,买盘
738,13:51:51,5.53,--,93,51429,卖盘
739,13:51:48,5.53,-0.01,50,27650,卖盘
740,13:51:42,5.54,--,83,45982,买盘
741,13:51:36,5.54,--,1,554,买盘
742,13:51:33,5.54,--,2,1108,买盘
743,13:51:27,5.54,0.01,24,13296,买盘
744,13:51:21,5.53,--,34,18802,卖盘
745,13:51:18,5.53,--,19,10507,卖盘
746,13:51:12,5.53,--,117,64701,卖盘
747,13:51:06,5.53,--,42,23226,卖盘
748,13:51:03,5.53,-0.01,20,11060,卖盘
749,13:50:57,5.54,0.01,2,1108,买盘
750,13:50:51,5.53,-0.01,13,7189,卖盘
751,13:50:42,5.54,--,292,161768,买盘
752,13:50:36,5.54,--,23,12742,买盘
753,13:50:32,5.54,0.01,17,9418,买盘
754,13:50:27,5.53,--,23,12719,卖盘
755,13:50:21,5.53,-0.01,66,36498,卖盘
756,13:50:17,5.54,0.01,2,1108,买盘
757,13:50:12,5.53,--,8,4424,卖盘
758,13:50:06,5.53,-0.01,124,68572,卖盘
759,13:49:51,5.54,0.01,11,6094,买盘
760,13:49:42,5.53,-0.01,13,7189,卖盘
761,13:49:36,5.54,--,21,11634,买盘
762,13:49:32,5.54,0.01,3,1662,买盘
763,13:49:21,5.53,--,20,11060,卖盘
764,13:49:12,5.53,--,4,2212,卖盘
765,13:49:06,5.53,-0.01,71,39263,卖盘
766,13:48:57,5.54,0.01,2,1108,买盘
767,13:48:51,5.53,-0.01,115,63595,卖盘
768,13:48:45,5.54,--,3,1662,买盘
769,13:48:42,5.54,--,255,141270,买盘
770,13:48:36,5.54,0.01,105,58170,买盘
771,13:48:30,5.53,-0.01,29,16037,卖盘
772,13:48:27,5.54,--,71,39334,买盘
773,13:48:21,5.54,--,69,38226,买盘
774,13:48:12,5.54,0.01,160,88640,买盘
775,13:48:06,5.53,-0.01,1,553,卖盘
776,13:48:00,5.54,--,171,94734,买盘
777,13:47:51,5.54,0.01,78,43212,买盘
778,13:47:45,5.53,-0.01,310,171430,卖盘
779,13:47:42,5.54,--,72,39888,买盘
780,13:47:36,5.54,--,211,116894,买盘
781,13:47:30,5.54,--,122,67588,买盘
782,13:47:21,5.54,0.01,146,80884,买盘
783,13:47:15,5.53,-0.01,663,366639,卖盘
784,13:47:12,5.54,--,74,40996,买盘
785,13:47:06,5.54,--,35,19390,买盘
786,13:47:00,5.54,0.01,3695,2047030,买盘
787,13:46:57,5.53,--,3,1659,买盘
788,13:46:51,5.53,--,166,91798,买盘
789,13:46:45,5.53,--,20,11060,买盘
790,13:46:42,5.53,--,80,44240,买盘
791,13:46:36,5.53,--,1403,775859,买盘
792,13:46:27,5.53,--,70,38710,买盘
793,13:46:21,5.53,--,6,3318,买盘
794,13:46:15,5.53,0.01,71,39263,买盘
795,13:46:12,5.52,-0.01,10,5520,卖盘
796,13:46:06,5.53,--,710,392630,买盘
797,13:46:00,5.53,--,499,275947,买盘
798,13:45:57,5.53,0.01,844,466732,买盘
799,13:45:51,5.52,-0.01,21,11592,卖盘
800,13:45:45,5.53,--,35,19355,买盘
801,13:45:42,5.53,0.01,3,1659,买盘
802,13:45:30,5.52,-0.01,44,24287,卖盘
803,13:45:21,5.53,--,14,7742,买盘
804,13:45:15,5.53,0.01,130,71890,买盘
805,13:45:12,5.52,-0.01,30,16560,卖盘
806,13:45:06,5.53,--,15,8295,买盘
807,13:45:00,5.53,--,54,29862,买盘
808,13:44:57,5.53,0.01,3,1659,买盘
809,13:44:51,5.52,-0.01,122,67344,卖盘
810,13:44:45,5.53,--,75,41475,买盘
811,13:44:36,5.53,0.01,76,42028,买盘
812,13:44:30,5.52,--,16,8832,卖盘
813,13:44:26,5.52,-0.01,33,18216,卖盘
814,13:44:21,5.53,--,13,7189,买盘
815,13:44:15,5.53,--,201,111153,买盘
816,13:44:11,5.53,0.01,16,8848,买盘
817,13:44:06,5.52,-0.01,4,2208,卖盘
818,13:44:00,5.53,--,55,30415,买盘
819,13:43:51,5.53,--,242,133826,买盘
820,13:43:45,5.53,--,15,8295,买盘
821,13:43:36,5.53,--,57,31521,买盘
822,13:43:30,5.53,0.01,2,1106,买盘
823,13:43:26,5.52,--,13,7175,卖盘
824,13:43:21,5.52,--,2,1104,卖盘
825,13:43:15,5.52,--,39,21528,卖盘
826,13:43:06,5.52,-0.01,30,16560,卖盘
827,13:43:00,5.53,--,89,49217,买盘
828,13:42:56,5.53,--,3,1659,买盘
829,13:42:51,5.53,--,40,22120,买盘
830,13:42:45,5.53,--,2,1106,买盘
831,13:42:41,5.53,0.01,34,18802,买盘
832,13:42:36,5.52,-0.01,110,60719,卖盘
833,13:42:30,5.53,--,38,21014,买盘
834,13:42:21,5.53,--,103,56959,买盘
835,13:42:15,5.53,--,44,24332,买盘
836,13:42:11,5.53,0.01,2,1106,买盘
837,13:42:06,5.52,-0.01,22,12143,卖盘
838,13:42:00,5.53,0.01,38,21014,买盘
839,13:41:54,5.52,-0.01,94,51887,卖盘
840,13:41:51,5.53,--,2,1106,买盘
841,13:41:36,5.53,--,6,3318,买盘
842,13:41:30,5.53,--,54,29862,买盘
843,13:41:24,5.53,--,3,1659,买盘
844,13:41:21,5.53,--,2,1106,买盘
845,13:41:15,5.53,--,36,19908,买盘
846,13:41:09,5.53,0.01,21,11613,买盘
847,13:41:06,5.52,-0.01,5,2760,卖盘
848,13:41:00,5.53,--,35,19355,买盘
849,13:40:51,5.53,--,37,20461,买盘
850,13:40:45,5.53,--,2,1106,买盘
851,13:40:36,5.53,0.01,100,55300,买盘
852,13:40:30,5.52,-0.01,13,7175,卖盘
853,13:40:24,5.53,--,2170,1200010,买盘
854,13:40:21,5.53,--,15,8295,买盘
855,13:40:15,5.53,--,64,35392,买盘
856,13:40:09,5.53,0.01,38,21014,买盘
857,13:40:00,5.52,-0.01,188,103775,卖盘
858,13:39:45,5.53,--,3,1659,买盘
859,13:39:39,5.53,--,100,55300,买盘
860,13:39:36,5.53,0.01,3,1659,买盘
861,13:39:30,5.52,-0.01,40,22080,卖盘
862,13:39:24,5.53,0.01,2,1106,买盘
863,13:39:21,5.52,-0.01,30,16560,卖盘
864,13:39:15,5.53,0.01,3,1659,买盘
865,13:39:09,5.52,-0.01,2,1104,卖盘
866,13:39:06,5.53,0.01,3,1659,买盘
867,13:39:00,5.52,--,2,1104,卖盘
868,13:38:54,5.52,--,34,18768,卖盘
869,13:38:51,5.52,-0.01,1,552,卖盘
870,13:38:45,5.53,--,10,5530,买盘
871,13:38:39,5.53,--,112,61936,买盘
872,13:38:30,5.53,--,28,15484,买盘
873,13:38:24,5.53,0.01,20,11060,买盘
874,13:38:21,5.52,--,173,95495,卖盘
875,13:38:15,5.52,--,6,3311,卖盘
876,13:38:09,5.52,-0.01,1,552,卖盘
877,13:38:06,5.53,--,1,553,买盘
878,13:38:00,5.53,--,100,55300,买盘
879,13:37:50,5.53,--,311,171983,买盘
880,13:37:45,5.53,--,39,21567,买盘
881,13:37:39,5.53,0.01,224,123872,买盘
882,13:37:35,5.52,--,111,61271,卖盘
883,13:37:30,5.52,-0.01,141,77832,卖盘
884,13:37:24,5.53,--,1,553,买盘
885,13:37:21,5.53,0.01,24,13272,买盘
886,13:37:15,5.52,--,103,56855,卖盘
887,13:37:09,5.52,-0.01,23,12695,卖盘
888,13:37:00,5.53,0.01,108,59724,买盘
889,13:36:54,5.52,--,963,531576,买盘
890,13:36:50,5.52,0.01,13,7175,买盘
891,13:36:45,5.51,-0.01,5,2755,卖盘
892,13:36:39,5.52,--,540,298080,买盘
893,13:36:35,5.52,0.01,91,50231,买盘
894,13:36:30,5.51,-0.01,553,304703,卖盘
895,13:36:24,5.52,--,30,16560,买盘
896,13:36:20,5.52,--,12,6623,买盘
897,13:36:15,5.52,0.01,113,62375,买盘
898,13:36:09,5.51,-0.01,43,23693,卖盘
899,13:36:05,5.52,--,5,2760,买盘
900,13:36:00,5.52,--,267,147384,买盘
901,13:35:54,5.52,--,140,77280,买盘
902,13:35:50,5.52,--,146,80592,买盘
903,13:35:45,5.52,--,310,171120,买盘
904,13:35:39,5.52,0.01,303,167256,买盘
905,13:35:24,5.51,-0.01,325,179075,卖盘
906,13:35:20,5.52,0.01,30,16560,买盘
907,13:35:15,5.51,--,290,159790,卖盘
908,13:35:09,5.51,--,6,3306,卖盘
909,13:35:00,5.51,--,414,228114,卖盘
910,13:34:54,5.51,--,236,130036,卖盘
911,13:34:45,5.51,-0.01,372,204972,卖盘
912,13:34:33,5.52,--,65,35880,买盘
913,13:34:30,5.52,0.01,55,30359,买盘
914,13:34:24,5.51,--,46,25346,卖盘
915,13:34:15,5.51,-0.01,295,162545,卖盘
916,13:34:09,5.52,--,502,277104,买盘
917,13:34:03,5.52,--,21,11592,买盘
918,13:34:00,5.52,--,5,2760,买盘
919,13:33:48,5.52,0.01,10,5520,买盘
920,13:33:45,5.51,-0.01,286,157586,卖盘
921,13:33:39,5.52,--,20,11040,买盘
922,13:33:33,5.52,0.01,755,416759,买盘
923,13:33:24,5.51,-0.01,18,9918,卖盘
924,13:33:18,5.52,0.01,92,50783,买盘
925,13:33:15,5.51,--,43,23693,卖盘
926,13:33:09,5.51,--,1,551,卖盘
927,13:33:00,5.51,-0.01,18,9918,卖盘
928,13:32:54,5.52,--,14,7727,买盘
929,13:32:48,5.52,--,41,22632,买盘
930,13:32:39,5.52,0.01,163,89976,买盘
931,13:32:30,5.51,--,123,67773,卖盘
932,13:32:15,5.51,--,14,7714,卖盘
933,13:32:09,5.51,--,2,1102,卖盘
934,13:32:03,5.51,--,36,19836,卖盘
935,13:31:48,5.51,--,20,11020,卖盘
936,13:31:45,5.51,-0.01,142,78242,卖盘
937,13:31:39,5.52,--,81,44712,买盘
938,13:31:33,5.52,0.01,636,351072,买盘
939,13:31:30,5.51,-0.01,98,53998,卖盘
940,13:31:18,5.52,--,124,68448,买盘
941,13:31:15,5.52,--,89,49127,买盘
942,13:31:09,5.52,--,3,1655,买盘
943,13:30:39,5.52,0.01,266,146832,买盘
944,13:30:24,5.51,--,168,92568,卖盘
945,13:30:18,5.51,--,3,1653,卖盘
946,13:30:09,5.51,-0.01,9,4959,卖盘
947,13:29:59,5.52,0.01,1,552,买盘
948,13:29:54,5.51,-0.01,30,16530,卖盘
949,13:29:48,5.52,--,290,160080,买盘
950,13:29:39,5.52,--,2,1104,买盘
951,13:29:33,5.52,--,133,73416,买盘
952,13:29:24,5.52,--,3,1655,买盘
953,13:29:14,5.52,0.01,2,1104,买盘
954,13:29:09,5.51,-0.01,1,551,卖盘
955,13:29:03,5.52,--,4,2208,买盘
956,13:28:54,5.52,--,1442,795983,卖盘
957,13:28:48,5.52,--,1,552,卖盘
958,13:28:39,5.52,--,368,203135,买盘
959,13:28:33,5.52,0.01,2,1104,买盘
960,13:28:29,5.51,-0.01,27,14877,卖盘
961,13:28:24,5.52,--,50,27599,买盘
962,13:28:18,5.52,--,4,2208,买盘
963,13:28:09,5.52,--,109,60167,买盘
964,13:27:59,5.52,--,3,1655,买盘
965,13:27:54,5.52,--,91,50231,买盘
966,13:27:48,5.52,--,845,466439,买盘
967,13:27:44,5.52,--,196,108191,买盘
968,13:27:39,5.52,--,105,57959,买盘
969,13:27:33,5.52,--,33,18216,买盘
970,13:27:29,5.52,--,48,26495,买盘
971,13:27:24,5.52,--,3,1655,买盘
972,13:27:18,5.52,--,4,2208,买盘
973,13:27:14,5.52,0.01,2,1104,买盘
974,13:27:09,5.51,-0.01,53,29203,卖盘
975,13:27:03,5.52,--,144,79488,买盘
976,13:26:54,5.52,--,242,133584,买盘
977,13:26:48,5.52,--,35,19320,买盘
978,13:26:44,5.52,0.01,144,79488,买盘
979,13:26:39,5.51,-0.01,403,222053,卖盘
980,13:26:33,5.52,0.01,90,49679,买盘
981,13:26:27,5.51,--,5,2755,卖盘
982,13:26:24,5.51,-0.01,81,44631,卖盘
983,13:26:18,5.52,0.01,58,32015,中性盘
984,13:26:09,5.51,-0.02,494,272194,卖盘
985,13:25:57,5.53,0.02,2,1106,买盘
986,13:25:54,5.51,-0.01,252,138852,卖盘
987,13:25:48,5.52,0.01,24,13247,买盘
988,13:25:38,5.51,-0.01,359,197809,卖盘
989,13:25:33,5.52,--,59,32567,买盘
990,13:25:27,5.52,--,1,552,卖盘
991,13:25:23,5.52,--,10,5520,买盘
992,13:25:18,5.52,-0.01,291,160632,卖盘
993,13:25:12,5.53,0.01,2,1106,买盘
994,13:25:08,5.52,-0.01,283,156216,卖盘
995,13:25:03,5.53,--,4,2212,买盘
996,13:24:48,5.53,--,15,8295,买盘
997,13:24:42,5.53,0.01,674,372722,买盘
998,13:24:38,5.52,--,4,2208,卖盘
999,13:24:33,5.52,-0.01,180,99359,卖盘
1000,13:24:27,5.53,--,57,31521,买盘
1001,13:24:18,5.53,0.01,29,16037,买盘
1002,13:24:12,5.52,-0.01,168,92736,卖盘
1003,13:24:08,5.53,0.01,5,2765,买盘
1004,13:23:57,5.52,--,3,1655,卖盘
1005,13:23:53,5.52,--,282,155664,买盘
1006,13:23:42,5.52,--,47,25943,买盘
1007,13:23:33,5.52,0.01,2,1104,买盘
1008,13:23:27,5.51,-0.01,519,285969,卖盘
1009,13:23:23,5.52,--,3,1655,买盘
1010,13:23:18,5.52,0.01,21,11592,买盘
1011,13:23:12,5.51,-0.01,211,116261,卖盘
1012,13:23:08,5.52,-0.01,2,1104,卖盘
1013,13:23:03,5.53,--,3,1659,买盘
1014,13:22:48,5.53,0.02,52,28756,买盘
1015,13:22:42,5.51,-0.02,253,139403,卖盘
1016,13:22:38,5.53,--,255,141015,买盘
1017,13:22:33,5.53,--,0,0,买盘
1018,13:22:27,5.53,--,53,29309,买盘
1019,13:22:18,5.53,--,2,1106,买盘
1020,13:22:12,5.53,0.02,254,140462,买盘
1021,13:22:08,5.51,-0.01,291,160341,卖盘
1022,13:21:57,5.52,-0.01,75,41400,卖盘
1023,13:21:48,5.53,--,458,253274,买盘
1024,13:21:42,5.53,0.01,2,1106,买盘
1025,13:21:38,5.52,-0.01,286,157872,卖盘
1026,13:21:33,5.53,--,102,56406,买盘
1027,13:21:23,5.53,--,3,1659,买盘
1028,13:21:18,5.53,0.01,4,2212,买盘
1029,13:21:12,5.52,--,14,7727,卖盘
1030,13:21:08,5.52,--,279,154008,卖盘
1031,13:21:03,5.52,-0.01,210,115919,卖盘
1032,13:20:57,5.53,--,564,311892,买盘
1033,13:20:48,5.53,0.01,2,1106,买盘
1034,13:20:42,5.52,--,208,114815,卖盘
1035,13:20:38,5.52,--,282,155664,卖盘
1036,13:20:33,5.52,--,213,117575,卖盘
1037,13:20:27,5.52,--,97,53543,卖盘
1038,13:20:23,5.52,--,84,46368,卖盘
1039,13:20:18,5.52,--,92,50783,卖盘
1040,13:20:12,5.52,--,90,49679,卖盘
1041,13:20:08,5.52,-0.01,277,152904,卖盘
1042,13:20:03,5.53,0.01,52,28756,买盘
1043,13:19:53,5.52,--,53,29255,卖盘
1044,13:19:48,5.52,--,232,128063,卖盘
1045,13:19:42,5.52,--,738,407375,卖盘
1046,13:19:33,5.52,--,16,8832,卖盘
1047,13:19:23,5.52,-0.01,103,56855,卖盘
1048,13:19:18,5.53,--,80,44240,买盘
1049,13:19:12,5.53,--,4,2212,买盘
1050,13:19:08,5.53,--,38,21014,买盘
1051,13:18:57,5.53,0.01,18,9954,买盘
1052,13:18:53,5.52,-0.01,37,20424,卖盘
1053,13:18:48,5.53,0.01,2,1106,买盘
1054,13:18:38,5.52,-0.01,14,7727,卖盘
1055,13:18:33,5.53,0.01,333,184149,买盘
1056,13:18:27,5.52,--,13,7175,卖盘
1057,13:18:21,5.52,-0.01,4,2208,卖盘
1058,13:18:12,5.53,0.01,806,445718,买盘
1059,13:18:06,5.52,-0.01,1,552,卖盘
1060,13:18:03,5.53,--,11,6083,买盘
1061,13:17:51,5.53,0.01,2,1106,买盘
1062,13:17:48,5.52,-0.01,60,33120,卖盘
1063,13:17:42,5.53,--,2,1106,买盘
1064,13:17:33,5.53,--,2,1106,买盘
1065,13:17:27,5.53,--,300,165900,买盘
1066,13:17:17,5.53,--,25,13825,买盘
1067,13:17:12,5.53,--,54,29862,买盘
1068,13:17:06,5.53,0.01,4,2212,买盘
1069,13:17:02,5.52,-0.01,12,6623,卖盘
1070,13:16:57,5.53,--,3,1659,买盘
1071,13:16:47,5.53,0.01,117,64701,买盘
1072,13:16:36,5.52,-0.01,18,10046,卖盘
1073,13:16:27,5.53,--,2,1106,买盘
1074,13:16:12,5.53,0.01,4,2212,买盘
1075,13:16:06,5.52,-0.01,25,13799,卖盘
1076,13:15:51,5.53,--,229,126637,买盘
1077,13:15:47,5.53,--,429,237237,买盘
1078,13:15:42,5.53,--,2,1106,买盘
1079,13:15:36,5.53,--,73,40369,买盘
1080,13:15:32,5.53,--,2,1106,买盘
1081,13:15:21,5.53,0.01,3,1659,买盘
1082,13:15:12,5.52,-0.01,80,44160,卖盘
1083,13:15:06,5.53,--,36,19908,买盘
1084,13:15:02,5.53,0.01,2,1106,买盘
1085,13:14:57,5.52,--,50,27599,卖盘
1086,13:14:51,5.52,--,82,45264,卖盘
1087,13:14:47,5.52,-0.01,111,61271,卖盘
1088,13:14:42,5.53,0.01,2,1106,买盘
1089,13:14:36,5.52,-0.01,15,8280,卖盘
1090,13:14:21,5.53,--,83,45899,买盘
1091,13:14:12,5.53,0.01,2,1106,买盘
1092,13:14:06,5.52,-0.01,61,33672,卖盘
1093,13:14:02,5.53,--,2,1106,买盘
1094,13:13:51,5.53,0.01,2,1106,买盘
1095,13:13:42,5.52,--,23,12695,卖盘
1096,13:13:32,5.52,-0.01,40,22080,卖盘
1097,13:13:27,5.53,0.01,25,13825,买盘
1098,13:13:21,5.52,-0.01,20,11040,卖盘
1099,13:13:17,5.53,0.01,20,11060,买盘
1100,13:13:12,5.52,-0.01,350,193199,卖盘
1101,13:13:06,5.53,0.01,17,9401,买盘
1102,13:13:02,5.52,-0.01,17,9384,卖盘
1103,13:12:57,5.53,--,2,1106,买盘
1104,13:12:51,5.53,--,130,71890,买盘
1105,13:12:47,5.53,--,33,18249,买盘
1106,13:12:42,5.53,--,83,45899,买盘
1107,13:12:36,5.53,--,1,553,买盘
1108,13:12:32,5.53,0.01,2,1106,买盘
1109,13:12:26,5.52,-0.01,999,551448,卖盘
1110,13:12:21,5.53,--,2,1106,买盘
1111,13:12:12,5.53,0.01,3,1659,买盘
1112,13:12:06,5.52,-0.01,36,19872,卖盘
1113,13:12:02,5.53,--,74,40922,买盘
1114,13:11:56,5.53,0.01,2,1106,买盘
1115,13:11:51,5.52,--,9,4968,卖盘
1116,13:11:47,5.52,--,13,7175,卖盘
1117,13:11:42,5.52,-0.01,120,66240,卖盘
1118,13:11:36,5.53,--,21,11613,买盘
1119,13:11:26,5.53,--,2,1106,买盘
1120,13:11:21,5.53,--,4,2212,买盘
1121,13:11:17,5.53,0.01,3,1659,买盘
1122,13:11:12,5.52,--,29,16007,卖盘
1123,13:11:06,5.52,--,112,61823,卖盘
1124,13:10:57,5.52,-0.01,30,16560,卖盘
1125,13:10:51,5.53,--,557,308021,买盘
1126,13:10:42,5.53,0.01,204,112812,买盘
1127,13:10:35,5.52,--,5,2760,卖盘
1128,13:10:27,5.52,--,6,3311,卖盘
1129,13:10:21,5.52,--,5,2760,卖盘
1130,13:10:11,5.52,--,6,3311,卖盘
1131,13:10:05,5.52,--,1,552,卖盘
1132,13:10:00,5.52,--,991,547032,买盘
1133,13:09:56,5.52,--,37,20424,买盘
1134,13:09:51,5.52,--,14,7727,买盘
1135,13:09:41,5.52,--,434,239567,买盘
1136,13:09:36,5.52,--,63,34776,买盘
1137,13:09:20,5.52,--,5,2760,买盘
1138,13:09:14,5.52,--,46,25391,买盘
1139,13:09:11,5.52,--,244,134688,买盘
1140,13:09:06,5.52,0.01,30,16560,买盘
1141,13:08:59,5.51,--,14,7714,卖盘
1142,13:08:51,5.51,-0.01,25,13775,卖盘
1143,13:08:45,5.52,--,349,192647,买盘
1144,13:08:41,5.52,0.01,22,12143,买盘
1145,13:08:35,5.51,--,23,12673,卖盘
1146,13:08:11,5.51,--,10,5510,卖盘
1147,13:08:05,5.51,-0.01,2,1102,卖盘
1148,13:07:59,5.52,0.01,3,1655,买盘
1149,13:07:56,5.51,-0.01,159,87609,卖盘
1150,13:07:44,5.52,--,21,11592,买盘
1151,13:07:41,5.52,0.01,20,11040,买盘
1152,13:07:35,5.51,--,320,176320,卖盘
1153,13:07:29,5.51,-0.01,1,551,卖盘
1154,13:07:26,5.52,--,8,4416,买盘
1155,13:07:20,5.52,--,20,11040,买盘
1156,13:07:14,5.52,--,277,152904,买盘
1157,13:07:11,5.52,--,5,2760,买盘
1158,13:07:05,5.52,--,46,25391,买盘
1159,13:06:59,5.52,0.01,90,49679,买盘
1160,13:06:56,5.51,--,10,5510,卖盘
1161,13:06:50,5.51,--,19,10469,卖盘
1162,13:06:44,5.51,--,72,39672,卖盘
1163,13:06:35,5.51,--,20,11020,卖盘
1164,13:06:20,5.51,-0.01,60,33060,卖盘
1165,13:06:14,5.52,0.01,22,12143,买盘
1166,13:06:11,5.51,-0.01,78,42978,卖盘
1167,13:06:05,5.52,--,60,33120,买盘
1168,13:05:59,5.52,--,42,23184,买盘
1169,13:05:50,5.52,0.01,2,1104,买盘
1170,13:05:44,5.51,--,459,252909,卖盘
1171,13:05:41,5.51,--,2,1102,卖盘
1172,13:05:35,5.51,--,80,44080,卖盘
1173,13:05:29,5.51,-0.01,10,5510,卖盘
1174,13:05:26,5.52,0.01,47,25943,买盘
1175,13:05:14,5.51,--,20,11020,卖盘
1176,13:05:05,5.51,-0.01,64,35264,卖盘
1177,13:04:59,5.52,0.01,46,25391,买盘
1178,13:04:50,5.51,-0.01,48,26448,卖盘
1179,13:04:44,5.52,--,21,11592,买盘
1180,13:04:41,5.52,0.01,14,7727,买盘
1181,13:04:35,5.51,-0.01,5,2755,卖盘
1182,13:04:29,5.52,0.01,28,15455,买盘
1183,13:04:20,5.51,-0.01,5,2755,卖盘
1184,13:04:14,5.52,0.01,268,147936,买盘
1185,13:04:05,5.51,-0.01,2,1102,卖盘
1186,13:03:44,5.52,0.01,454,250607,买盘
1187,13:03:35,5.51,--,93,51243,卖盘
1188,13:03:29,5.51,-0.01,136,74936,卖盘
1189,13:03:26,5.52,--,11,6071,买盘
1190,13:03:20,5.52,0.01,434,239567,买盘
1191,13:03:14,5.51,--,160,88160,卖盘
1192,13:03:05,5.51,--,1,551,卖盘
1193,13:02:44,5.51,-0.01,80,44080,卖盘
1194,13:02:40,5.52,--,5,2760,买盘
1195,13:02:35,5.52,--,26,14351,买盘
1196,13:02:29,5.52,0.01,14,7727,买盘
1197,13:02:25,5.51,--,80,44080,卖盘
1198,13:02:20,5.51,-0.01,10,5510,卖盘
1199,13:02:14,5.52,0.01,4,2208,买盘
1200,13:02:05,5.51,--,3,1653,卖盘
1201,13:01:50,5.51,--,80,44080,卖盘
1202,13:01:44,5.51,-0.01,45,24795,卖盘
1203,13:01:38,5.52,0.01,45,24839,买盘
1204,13:01:35,5.51,--,13,7163,卖盘
1205,13:01:23,5.51,--,2,1102,卖盘
1206,13:01:08,5.51,-0.01,504,277704,卖盘
1207,13:00:59,5.52,--,11,6071,买盘
1208,13:00:38,5.52,0.01,22,12143,买盘
1209,13:00:23,5.51,--,10,5510,卖盘
1210,13:00:08,5.51,--,3131,1725181,卖盘
1211,13:00:05,5.51,-0.01,563,310213,卖盘
1212,11:30:00,5.52,--,0,0,买盘
1213,11:29:59,5.52,--,0,0,买盘
1214,11:29:59,5.52,--,3,1655,买盘
1215,11:29:55,5.52,0.01,29,16007,买盘
1216,11:29:46,5.51,--,16,8816,卖盘
1217,11:29:40,5.51,--,32,17632,卖盘
1218,11:29:25,5.51,-0.01,1033,569183,卖盘
1219,11:29:16,5.52,--,25,13799,买盘
1220,11:29:10,5.52,0.01,35,19320,买盘
1221,11:29:06,5.51,--,1,551,卖盘
1222,11:29:01,5.51,--,20,11020,卖盘
1223,11:28:55,5.51,--,104,57304,卖盘
1224,11:28:51,5.51,-0.01,10,5510,卖盘
1225,11:28:40,5.52,0.01,52,28703,买盘
1226,11:28:25,5.51,--,35,19285,卖盘
1227,11:28:21,5.51,-0.01,36,20166,卖盘
1228,11:28:16,5.52,--,3,1655,买盘
1229,11:28:09,5.52,0.01,31,17112,买盘
1230,11:28:06,5.51,--,1,551,卖盘
1231,11:28:00,5.51,-0.01,42,23142,卖盘
1232,11:27:40,5.52,--,24,13247,买盘
1233,11:27:36,5.52,0.01,3,1655,买盘
1234,11:27:31,5.51,-0.01,108,59508,卖盘
1235,11:27:24,5.52,--,2,1104,买盘
1236,11:27:21,5.52,0.01,6,3311,买盘
1237,11:27:16,5.51,--,15,8265,卖盘
1238,11:27:06,5.51,-0.01,16,8816,卖盘
1239,11:26:54,5.52,--,20,11040,买盘
1240,11:26:51,5.52,0.01,2,1104,买盘
1241,11:26:45,5.51,-0.01,5,2755,卖盘
1242,11:26:39,5.52,--,46,25391,买盘
1243,11:26:31,5.52,0.01,28,15455,买盘
1244,11:26:25,5.51,-0.01,5,2755,卖盘
1245,11:26:21,5.52,0.01,2,1104,买盘
1246,11:26:16,5.51,--,101,55651,卖盘
1247,11:26:09,5.51,-0.01,34,18734,卖盘
1248,11:26:06,5.52,0.01,5,2760,买盘
1249,11:26:00,5.51,-0.01,171,94221,卖盘
1250,11:25:55,5.52,--,2,1104,买盘
1251,11:25:45,5.52,0.01,42,23184,买盘
1252,11:25:39,5.51,--,96,52896,卖盘
1253,11:25:36,5.51,-0.01,82,45182,卖盘
1254,11:25:24,5.52,--,2,1104,买盘
1255,11:25:20,5.52,--,11,6071,买盘
1256,11:25:15,5.52,--,3,1655,买盘
1257,11:25:09,5.52,0.01,25,13799,买盘
1258,11:25:05,5.51,-0.01,51,28101,卖盘
1259,11:25:00,5.52,--,2,1104,买盘
1260,11:24:54,5.52,--,59,32567,买盘
1261,11:24:50,5.52,0.01,3,1655,买盘
1262,11:24:45,5.51,-0.01,81,44631,卖盘
1263,11:24:39,5.52,0.01,694,383087,买盘
1264,11:24:35,5.51,-0.01,20,11020,卖盘
1265,11:24:30,5.52,0.01,2,1104,买盘
1266,11:24:24,5.51,-0.01,40,22040,卖盘
1267,11:24:20,5.52,0.01,3,1655,买盘
1268,11:24:15,5.51,--,11,6061,卖盘
1269,11:24:09,5.51,--,18,9918,卖盘
1270,11:24:05,5.51,-0.01,3,1653,卖盘
1271,11:23:54,5.52,--,3,1655,买盘
1272,11:23:45,5.52,0.01,566,312432,买盘
1273,11:23:39,5.51,-0.01,108,59508,卖盘
1274,11:23:35,5.52,--,2,1104,买盘
1275,11:23:30,5.52,0.01,2,1104,买盘
1276,11:23:24,5.51,-0.01,12,6612,卖盘
1277,11:23:18,5.52,--,100,55199,买盘
1278,11:23:15,5.52,--,3,1655,买盘
1279,11:23:09,5.52,0.01,29,16007,买盘
1280,11:23:03,5.51,--,3,1653,卖盘
1281,11:22:54,5.51,-0.01,238,131138,卖盘
1282,11:22:48,5.52,0.01,2,1104,买盘
1283,11:22:45,5.51,-0.01,26,14546,卖盘
1284,11:22:39,5.52,0.01,157,86664,买盘
1285,11:22:33,5.51,-0.01,30,16530,卖盘
1286,11:22:30,5.52,0.01,8,4416,买盘
1287,11:22:18,5.51,--,173,95323,卖盘
1288,11:22:15,5.51,-0.01,20,11020,卖盘
1289,11:22:09,5.52,--,526,290352,买盘
1290,11:22:03,5.52,--,4,2208,买盘
1291,11:21:54,5.52,0.01,3,1655,买盘
1292,11:21:48,5.51,-0.01,18,9918,卖盘
1293,11:21:45,5.52,0.01,2,1104,买盘
1294,11:21:39,5.51,-0.01,160,88160,卖盘
1295,11:21:33,5.52,--,5,2760,买盘
1296,11:21:24,5.52,0.01,52,28703,买盘
1297,11:21:18,5.51,-0.01,12,6612,卖盘
1298,11:21:09,5.52,0.01,52,28703,买盘
1299,11:21:03,5.51,-0.01,2,1102,卖盘
1300,11:21:00,5.52,--,3,1655,买盘
1301,11:20:54,5.52,0.01,371,204791,买盘
1302,11:20:48,5.51,--,85,46835,卖盘
1303,11:20:39,5.51,--,1790,986290,卖盘
1304,11:20:33,5.51,--,46,25346,卖盘
1305,11:20:30,5.51,-0.01,25,13775,卖盘
1306,11:20:24,5.52,0.01,178,98255,买盘
1307,11:20:18,5.51,--,25,13775,卖盘
1308,11:20:15,5.51,--,192,105792,卖盘
1309,11:20:03,5.51,-0.01,181,99731,卖盘
1310,11:19:54,5.52,0.01,3,1655,买盘
1311,11:19:48,5.51,-0.01,1,551,卖盘
1312,11:19:45,5.52,--,2,1104,买盘
1313,11:19:39,5.52,0.01,35,19320,买盘
1314,11:19:33,5.51,--,71,39121,买盘
1315,11:19:30,5.51,--,10,5510,买盘
1316,11:19:24,5.51,-0.01,25,13775,卖盘
1317,11:19:18,5.52,0.01,274,151248,买盘
1318,11:19:15,5.51,-0.01,100,55100,卖盘
1319,11:19:09,5.52,--,2003,1105656,买盘
1320,11:19:03,5.52,--,77,42504,买盘
1321,11:19:00,5.52,0.01,2,1104,买盘
1322,11:18:54,5.51,--,658,362558,卖盘
1323,11:18:48,5.51,--,833,458983,卖盘
1324,11:18:39,5.51,--,509,280459,卖盘
1325,11:18:33,5.51,--,2117,1166467,卖盘
1326,11:18:30,5.51,--,8,4408,卖盘
1327,11:18:24,5.51,--,127,69977,卖盘
1328,11:18:18,5.51,--,47,25897,卖盘
1329,11:18:15,5.51,-0.01,2020,1113020,卖盘
1330,11:18:09,5.52,0.01,11,6071,买盘
1331,11:18:03,5.51,--,23,12673,卖盘
1332,11:17:59,5.51,--,1033,569183,卖盘
1333,11:17:54,5.51,--,94,51794,卖盘
1334,11:17:48,5.51,-0.01,108,59508,卖盘
1335,11:17:39,5.52,0.01,157,86664,买盘
1336,11:17:33,5.51,--,1102,607202,卖盘
1337,11:17:29,5.51,--,30,16530,卖盘
1338,11:17:24,5.51,--,19,10469,卖盘
1339,11:17:18,5.51,--,84,46284,卖盘
1340,11:17:09,5.51,--,104,57304,卖盘
1341,11:17:03,5.51,-0.01,6,3306,卖盘
1342,11:16:54,5.52,--,56,30911,买盘
1343,11:16:48,5.52,--,16,8832,买盘
1344,11:16:39,5.52,--,27,14903,买盘
1345,11:16:33,5.52,--,219,120887,买盘
1346,11:16:24,5.52,0.01,2,1104,买盘
1347,11:16:18,5.51,-0.01,152,83752,卖盘
1348,11:16:12,5.52,0.01,668,368736,买盘
1349,11:16:09,5.51,--,18,9918,卖盘
1350,11:16:03,5.51,-0.01,93,51243,卖盘
1351,11:15:54,5.52,0.01,904,499007,买盘
1352,11:15:48,5.51,--,63,34713,卖盘
1353,11:15:42,5.51,--,99,54549,卖盘
1354,11:15:33,5.51,--,224,123424,卖盘
1355,11:15:27,5.51,--,190,104690,卖盘
1356,11:15:24,5.51,--,202,111302,卖盘
1357,11:15:18,5.51,--,55,30305,卖盘
1358,11:15:12,5.51,--,1011,557061,卖盘
1359,11:15:09,5.51,--,29,15979,卖盘
1360,11:15:03,5.51,-0.01,505,278255,卖盘
1361,11:14:57,5.52,0.01,86,47471,买盘
1362,11:14:54,5.51,--,203,111853,卖盘
1363,11:14:48,5.51,--,178,98078,卖盘
1364,11:14:42,5.51,--,209,115159,卖盘
1365,11:14:39,5.51,-0.01,21,11571,卖盘
1366,11:14:33,5.52,--,266,146832,买盘
1367,11:14:27,5.52,--,3,1655,买盘
1368,11:14:24,5.52,--,3,1655,买盘
1369,11:14:18,5.52,--,81,44712,买盘
1370,11:14:12,5.52,0.01,5,2760,买盘
1371,11:14:03,5.51,--,3,1653,卖盘
1372,11:13:57,5.51,-0.01,25,13775,卖盘
1373,11:13:54,5.52,--,3,1655,买盘
1374,11:13:48,5.52,0.01,10,5520,买盘
1375,11:13:42,5.51,--,3,1653,卖盘
1376,11:13:33,5.51,-0.01,20,11020,卖盘
1377,11:13:27,5.52,--,2,1104,买盘
1378,11:13:18,5.52,0.01,44,24287,买盘
1379,11:13:12,5.51,-0.01,21,11571,卖盘
1380,11:13:09,5.52,0.01,2,1104,买盘
1381,11:13:03,5.51,-0.01,11,6061,卖盘
1382,11:12:57,5.52,0.01,29,16007,买盘
1383,11:12:48,5.51,-0.01,21,11571,卖盘
1384,11:12:42,5.52,0.01,4,2208,买盘
1385,11:12:39,5.51,-0.01,110,60610,卖盘
1386,11:12:33,5.52,--,2,1104,买盘
1387,11:12:24,5.52,0.01,3,1655,买盘
1388,11:12:18,5.51,-0.01,20,11020,卖盘
1389,11:12:12,5.52,0.01,2,1104,买盘
1390,11:12:08,5.51,--,255,140505,卖盘
1391,11:12:03,5.51,-0.01,11,6061,卖盘
1392,11:11:57,5.52,--,3,1655,买盘
1393,11:11:53,5.52,--,4,2208,买盘
1394,11:11:48,5.52,0.01,23,12695,买盘
1395,11:11:38,5.51,-0.01,93,51243,卖盘
1396,11:11:27,5.52,0.01,743,410135,买盘
1397,11:11:18,5.51,--,13,7163,卖盘
1398,11:11:03,5.51,-0.01,59,32509,卖盘
1399,11:10:57,5.52,--,103,56855,买盘
1400,11:10:48,5.52,--,289,159528,买盘
1401,11:10:42,5.52,0.01,3,1655,买盘
1402,11:10:36,5.51,-0.01,13,7163,卖盘
1403,11:10:33,5.52,--,2,1104,买盘
1404,11:10:18,5.52,0.01,32,17664,买盘
1405,11:10:12,5.51,-0.01,365,201115,卖盘
1406,11:10:06,5.52,0.01,1100,607200,买盘
1407,11:10:03,5.51,-0.01,6,3306,卖盘
1408,11:09:57,5.52,--,2,1104,买盘
1409,11:09:48,5.52,--,22,12143,买盘
1410,11:09:36,5.52,0.01,3,1655,买盘
1411,11:09:33,5.51,-0.01,160,88160,卖盘
1412,11:09:27,5.52,--,13,7175,买盘
1413,11:09:21,5.52,--,4,2208,买盘
1414,11:09:18,5.52,--,3,1655,买盘
1415,11:09:12,5.52,--,60,33120,买盘
1416,11:09:06,5.52,0.01,22,12143,买盘
1417,11:09:03,5.51,-0.02,217,119567,卖盘
1418,11:08:57,5.53,--,649,358897,买盘
1419,11:08:51,5.53,0.01,90,49770,买盘
1420,11:08:42,5.52,--,3,1655,买盘
1421,11:08:36,5.52,0.01,168,92736,买盘
1422,11:08:33,5.51,--,76,42250,卖盘
1423,11:08:27,5.51,-0.01,270,148770,卖盘
1424,11:08:21,5.52,--,253,139656,卖盘
1425,11:08:18,5.52,--,338,186576,卖盘
1426,11:08:12,5.52,--,484,267306,卖盘
1427,11:08:06,5.52,--,66,36432,卖盘
1428,11:07:57,5.52,--,230,126959,卖盘
1429,11:07:51,5.52,--,231,127511,卖盘
1430,11:07:48,5.52,--,14,7727,卖盘
1431,11:07:42,5.52,--,214,118127,卖盘
1432,11:07:36,5.52,--,73,40296,卖盘
1433,11:07:33,5.52,-0.01,13,7175,卖盘
1434,11:07:27,5.53,0.01,28,15484,买盘
1435,11:07:21,5.52,--,34,18768,卖盘
1436,11:07:18,5.52,--,324,178848,卖盘
1437,11:07:12,5.52,--,112,61823,卖盘
1438,11:07:06,5.52,--,201,110951,卖盘
1439,11:07:02,5.52,-0.01,56,30911,卖盘
1440,11:06:57,5.53,0.01,81,44793,买盘
1441,11:06:48,5.52,-0.01,67,36984,卖盘
1442,11:06:42,5.53,0.01,90,49770,买盘
1443,11:06:36,5.52,-0.01,61,33672,卖盘
1444,11:06:32,5.53,0.01,514,284242,买盘
1445,11:06:27,5.52,-0.01,134,73968,卖盘
1446,11:06:12,5.53,0.01,23,12719,买盘
1447,11:06:06,5.52,-0.01,1,552,卖盘
1448,11:05:51,5.53,0.01,61,33733,买盘
1449,11:05:42,5.52,--,100,55199,卖盘
1450,11:05:36,5.52,--,24,13247,卖盘
1451,11:05:32,5.52,-0.01,13,7175,卖盘
1452,11:05:27,5.53,0.01,65,35945,买盘
1453,11:05:21,5.52,--,245,135240,卖盘
1454,11:05:17,5.52,--,12,6623,卖盘
1455,11:05:12,5.52,--,62,34224,卖盘
1456,11:05:06,5.52,--,1,552,卖盘
1457,11:05:02,5.52,--,15,8556,卖盘
1458,11:04:51,5.52,--,27,15207,卖盘
1459,11:04:42,5.52,--,14,7727,卖盘
1460,11:04:36,5.52,-0.01,10,5520,卖盘
1461,11:04:21,5.53,--,14,7742,买盘
1462,11:04:12,5.53,0.01,38,21014,买盘
1463,11:04:06,5.52,--,51,28151,卖盘
1464,11:03:57,5.52,--,20,11040,卖盘
1465,11:03:51,5.52,-0.01,213,117575,卖盘
1466,11:03:42,5.53,0.01,14,7742,买盘
1467,11:03:36,5.52,--,389,214727,卖盘
1468,11:03:30,5.52,--,77,42504,卖盘
1469,11:03:27,5.52,-0.01,50,27599,卖盘
1470,11:03:21,5.53,--,109,60277,买盘
1471,11:03:15,5.53,0.01,5,2765,买盘
1472,11:03:12,5.52,--,240,132480,卖盘
1473,11:03:06,5.52,--,337,186024,卖盘
1474,11:03:00,5.52,--,140,77280,卖盘
1475,11:02:57,5.52,--,294,162288,卖盘
1476,11:02:51,5.52,--,31,17112,卖盘
1477,11:02:45,5.52,--,80,44160,卖盘
1478,11:02:42,5.52,-0.01,118,65135,卖盘
1479,11:02:36,5.53,0.01,2,1106,买盘
1480,11:02:30,5.52,--,54,29807,卖盘
1481,11:02:21,5.52,--,102,56414,卖盘
1482,11:02:15,5.52,--,12,6623,卖盘
1483,11:02:12,5.52,--,12,6623,卖盘
1484,11:02:06,5.52,-0.01,1,552,卖盘
1485,11:01:57,5.53,--,8,4424,买盘
1486,11:01:51,5.53,--,224,123872,买盘
1487,11:01:45,5.53,0.01,14,7742,买盘
1488,11:01:42,5.52,--,14,7727,卖盘
1489,11:01:36,5.52,--,13,7175,卖盘
1490,11:01:30,5.52,-0.01,4,2208,卖盘
1491,11:01:21,5.53,--,2,1106,买盘
1492,11:01:12,5.53,--,16,8848,买盘
1493,11:01:06,5.53,--,100,55300,买盘
1494,11:01:00,5.53,--,10,5530,买盘
1495,11:00:57,5.53,--,2,1106,买盘
1496,11:00:51,5.53,--,96,53088,买盘
1497,11:00:45,5.53,--,3,1659,买盘
1498,11:00:42,5.53,0.01,82,45346,买盘
1499,11:00:36,5.52,-0.01,48,26495,卖盘
1500,11:00:21,5.53,--,38,21014,买盘
1501,11:00:15,5.53,0.01,74,40922,买盘
1502,11:00:06,5.52,-0.01,2,1104,卖盘
1503,11:00:00,5.53,--,8,4424,买盘
1504,10:59:51,5.53,0.01,98,54194,买盘
1505,10:59:45,5.52,-0.01,24,13247,卖盘
1506,10:59:41,5.53,0.01,2,1106,买盘
1507,10:59:36,5.52,-0.01,13,7175,卖盘
1508,10:59:30,5.53,0.01,23,12719,买盘
1509,10:59:26,5.52,--,10,5520,卖盘
1510,10:59:21,5.52,-0.01,112,61823,卖盘
1511,10:59:15,5.53,0.01,22,12166,买盘
1512,10:59:11,5.52,-0.01,12,6623,卖盘
1513,10:59:06,5.53,0.01,42,23226,买盘
1514,10:59:00,5.52,-0.01,13,7175,卖盘
1515,10:58:56,5.53,0.01,81,44793,买盘
1516,10:58:51,5.52,-0.01,262,144624,卖盘
1517,10:58:36,5.53,--,3,1659,买盘
1518,10:58:30,5.53,--,5,2765,买盘
1519,10:58:21,5.53,--,2,1106,买盘
1520,10:58:15,5.53,--,22,12166,买盘
1521,10:58:11,5.53,--,80,44240,买盘
1522,10:58:06,5.53,--,108,59724,买盘
1523,10:58:00,5.53,--,3,1659,买盘
1524,10:57:51,5.53,0.01,97,53641,买盘
1525,10:57:45,5.52,--,452,249503,卖盘
1526,10:57:41,5.52,--,102,56303,卖盘
1527,10:57:36,5.52,-0.01,15,8280,卖盘
1528,10:57:30,5.53,0.01,5,2765,买盘
1529,10:57:21,5.52,--,14,7727,卖盘
1530,10:57:15,5.52,--,16,8832,卖盘
1531,10:57:11,5.52,-0.01,12,6623,卖盘
1532,10:57:06,5.53,--,4,2212,买盘
1533,10:57:00,5.53,--,966,534198,买盘
1534,10:56:56,5.53,0.01,2,1106,买盘
1535,10:56:51,5.52,--,95,52439,卖盘
1536,10:56:45,5.52,--,15,8280,卖盘
1537,10:56:36,5.52,-0.01,15,8280,卖盘
1538,10:56:21,5.53,--,22,12166,买盘
1539,10:56:09,5.53,0.01,14,7742,买盘
1540,10:56:06,5.52,-0.01,68,37536,卖盘
1541,10:56:00,5.53,--,100,55300,买盘
1542,10:55:51,5.53,0.01,2,1106,买盘
1543,10:55:45,5.52,-0.01,37,20424,卖盘
1544,10:55:36,5.53,0.01,23,12719,买盘
1545,10:55:30,5.52,-0.01,16,8832,卖盘
1546,10:55:21,5.53,--,157,86821,买盘
1547,10:55:15,5.53,0.01,31,17143,买盘
1548,10:55:09,5.52,--,12,6623,卖盘
1549,10:55:06,5.52,-0.01,3,1655,卖盘
1550,10:55:00,5.53,--,611,337883,买盘
1551,10:54:54,5.53,0.01,2,1106,买盘
1552,10:54:50,5.52,--,115,63479,卖盘
1553,10:54:45,5.52,--,66,36432,卖盘
1554,10:54:35,5.52,-0.01,15,8280,卖盘
1555,10:54:30,5.53,--,16,8848,买盘
1556,10:54:21,5.53,--,63,34839,买盘
1557,10:54:09,5.53,0.01,571,315763,买盘
1558,10:54:06,5.52,-0.01,89,49127,卖盘
1559,10:54:00,5.53,--,3,1659,买盘
1560,10:53:51,5.53,--,2,1106,买盘
1561,10:53:45,5.53,--,1113,615489,买盘
1562,10:53:39,5.53,--,165,91245,买盘
1563,10:53:30,5.53,0.01,152,84056,买盘
1564,10:53:24,5.52,--,2461,1358472,买盘
1565,10:53:15,5.52,0.01,107,59063,买盘
1566,10:53:09,5.51,--,20,11020,卖盘
1567,10:53:06,5.51,-0.01,193,106343,卖盘
1568,10:52:54,5.52,--,13,7175,买盘
1569,10:52:45,5.52,--,2,1104,买盘
1570,10:52:39,5.52,--,5,2760,买盘
1571,10:52:30,5.52,0.01,49,27047,买盘
1572,10:52:24,5.51,-0.01,5,2755,卖盘
1573,10:52:20,5.52,0.01,41,22632,买盘
1574,10:52:09,5.51,--,232,127832,卖盘
1575,10:52:05,5.51,-0.02,1,551,卖盘
1576,10:52:00,5.53,0.02,2,1106,买盘
1577,10:51:54,5.51,-0.01,420,231420,卖盘
1578,10:51:50,5.52,-0.01,105,57959,卖盘
1579,10:51:45,5.53,0.01,15,8295,买盘
1580,10:51:39,5.52,--,29,16007,卖盘
1581,10:51:35,5.52,--,118,65135,卖盘
1582,10:51:30,5.52,-0.01,42,23184,卖盘
1583,10:51:24,5.53,0.01,302,167006,买盘
1584,10:51:15,5.52,--,162,89424,卖盘
1585,10:51:09,5.52,--,80,44160,卖盘
1586,10:51:05,5.52,-0.01,135,74520,卖盘
1587,10:51:00,5.53,--,146,80738,买盘
1588,10:50:54,5.53,0.01,263,145439,买盘
1589,10:50:50,5.52,--,352,194303,卖盘
1590,10:50:45,5.52,-0.01,874,482447,卖盘
1591,10:50:39,5.53,--,446,246638,买盘
1592,10:50:35,5.53,0.01,105,58065,买盘
1593,10:50:30,5.52,--,52,28703,卖盘
1594,10:50:24,5.52,--,380,209759,卖盘
1595,10:50:20,5.52,-0.01,90,49679,卖盘
1596,10:50:15,5.53,0.01,181,100093,买盘
1597,10:50:09,5.52,--,88,48575,卖盘
1598,10:50:05,5.52,--,18,9936,卖盘
1599,10:50:00,5.52,--,23,12695,卖盘
1600,10:49:54,5.52,--,170,93840,卖盘
1601,10:49:50,5.52,-0.01,9,4968,卖盘
1602,10:49:45,5.53,--,3,1659,买盘
1603,10:49:39,5.53,--,21,11613,买盘
1604,10:49:35,5.53,0.01,6,3318,买盘
1605,10:49:30,5.52,-0.01,16,8832,卖盘
1606,10:49:24,5.53,--,2,1106,买盘
1607,10:49:20,5.53,--,4,2212,买盘
1608,10:49:15,5.53,0.01,3,1659,买盘
1609,10:49:09,5.52,--,11,6071,卖盘
1610,10:49:05,5.52,-0.01,11,6071,卖盘
1611,10:49:00,5.53,--,72,39816,买盘
1612,10:48:54,5.53,--,110,60830,买盘
1613,10:48:48,5.53,--,153,84609,买盘
1614,10:48:39,5.53,0.01,18,9954,买盘
1615,10:48:33,5.52,-0.01,15,8280,卖盘
1616,10:48:30,5.53,--,7,3871,买盘
1617,10:48:24,5.53,0.01,68,37604,买盘
1618,10:48:18,5.52,--,52,28703,卖盘
1619,10:48:09,5.52,--,79,43608,卖盘
1620,10:48:03,5.52,-0.01,51,28151,卖盘
1621,10:48:00,5.53,--,2,1106,买盘
1622,10:47:54,5.53,0.01,18,9954,买盘
1623,10:47:48,5.52,-0.01,95,52439,卖盘
1624,10:47:45,5.53,0.01,2,1106,买盘
1625,10:47:39,5.52,-0.01,112,61823,卖盘
1626,10:47:33,5.53,--,402,222306,买盘
1627,10:47:29,5.53,--,32,17696,买盘
1628,10:47:24,5.53,0.01,47,25991,买盘
1629,10:47:18,5.52,-0.01,41,22632,卖盘
1630,10:47:14,5.53,0.01,66,36498,买盘
1631,10:47:09,5.52,--,101,55751,卖盘
1632,10:47:03,5.52,-0.01,236,130271,卖盘
1633,10:46:59,5.53,--,23,12719,买盘
1634,10:46:54,5.53,--,57,31521,买盘
1635,10:46:48,5.53,0.01,119,65807,买盘
1636,10:46:44,5.52,-0.01,20,11040,卖盘
1637,10:46:39,5.53,0.01,3,1659,买盘
1638,10:46:33,5.52,-0.01,48,26495,卖盘
1639,10:46:29,5.53,--,6,3318,买盘
1640,10:46:24,5.53,--,1021,564613,买盘
1641,10:46:18,5.53,0.01,2,1106,买盘
1642,10:46:14,5.52,--,100,55199,卖盘
1643,10:46:09,5.52,--,217,119783,卖盘
1644,10:46:03,5.52,-0.01,256,141312,卖盘
1645,10:45:54,5.53,0.01,311,171983,买盘
1646,10:45:48,5.52,-0.01,407,224663,卖盘
1647,10:45:44,5.53,0.01,2,1106,买盘
1648,10:45:39,5.52,--,353,194855,卖盘
1649,10:45:33,5.52,--,92,50783,卖盘
1650,10:45:29,5.52,--,74,40848,卖盘
1651,10:45:24,5.52,--,162,89424,卖盘
1652,10:45:18,5.52,--,74,40848,卖盘
1653,10:45:09,5.52,--,226,124751,卖盘
1654,10:45:03,5.52,-0.01,161,88872,卖盘
1655,10:44:59,5.53,--,3,1659,买盘
1656,10:44:54,5.53,--,65,35945,买盘
1657,10:44:48,5.53,--,57,31521,买盘
1658,10:44:39,5.53,--,25,13825,买盘
1659,10:44:29,5.53,0.01,2,1106,买盘
1660,10:44:24,5.52,-0.01,72,39744,卖盘
1661,10:44:18,5.53,--,119,65807,买盘
1662,10:44:14,5.53,--,39,21843,买盘
1663,10:44:09,5.53,0.01,45,24885,买盘
1664,10:44:03,5.52,--,18,9936,卖盘
1665,10:43:54,5.52,-0.01,37,20424,卖盘
1666,10:43:48,5.53,--,36,19908,买盘
1667,10:43:44,5.53,--,2,1106,买盘
1668,10:43:39,5.53,0.01,165,91245,买盘
1669,10:43:33,5.52,-0.01,8,4416,卖盘
1670,10:43:24,5.53,--,160,88480,买盘
1671,10:43:18,5.53,--,12,6636,买盘
1672,10:43:14,5.53,0.01,68,37604,买盘
1673,10:43:09,5.52,--,931,513911,卖盘
1674,10:43:03,5.52,-0.01,321,177192,卖盘
1675,10:42:59,5.53,0.01,7,3871,买盘
1676,10:42:54,5.52,--,7,3863,卖盘
1677,10:42:48,5.52,-0.01,114,62927,卖盘
1678,10:42:39,5.53,0.01,2,1106,买盘
1679,10:42:33,5.52,-0.01,15,8280,卖盘
1680,10:42:29,5.53,0.01,33,18249,买盘
1681,10:42:18,5.52,-0.01,24,13247,卖盘
1682,10:42:14,5.53,--,11,6083,买盘
1683,10:42:09,5.53,0.01,90,49770,买盘
1684,10:42:03,5.52,-0.01,74,40848,卖盘
1685,10:41:57,5.53,0.01,12,6636,买盘
1686,10:41:54,5.52,--,183,101015,卖盘
1687,10:41:48,5.52,-0.01,54,29807,卖盘
1688,10:41:39,5.53,--,100,55300,买盘
1689,10:41:33,5.53,--,56,30968,买盘
1690,10:41:27,5.53,0.01,15,8295,买盘
1691,10:41:18,5.52,--,65,35880,卖盘
1692,10:41:09,5.52,--,1784,984767,卖盘
1693,10:41:03,5.52,--,203,112055,卖盘
1694,10:40:54,5.52,--,469,258887,卖盘
1695,10:40:48,5.52,--,7101,3919751,买盘
1696,10:40:42,5.52,0.01,1,552,买盘
1697,10:40:38,5.51,-0.01,985,542735,卖盘
1698,10:40:33,5.52,--,329,181608,买盘
1699,10:40:27,5.52,--,4,2208,买盘
1700,10:40:23,5.52,--,1020,563040,买盘
1701,10:40:12,5.52,--,57,31463,买盘
1702,10:40:08,5.52,0.01,212,117023,买盘
1703,10:40:03,5.51,-0.01,151,83201,卖盘
1704,10:39:57,5.52,0.01,6,3311,买盘
1705,10:39:53,5.51,-0.01,147,80997,卖盘
1706,10:39:48,5.52,--,50,27599,买盘
1707,10:39:42,5.52,--,70,38640,买盘
1708,10:39:38,5.52,0.01,100,55199,买盘
1709,10:39:33,5.51,--,33,18183,卖盘
1710,10:39:27,5.51,-0.01,210,115710,卖盘
1711,10:39:23,5.52,0.01,403,222455,买盘
1712,10:39:18,5.51,--,93,51243,卖盘
1713,10:39:11,5.51,--,174,96166,卖盘
1714,10:39:03,5.51,--,36,19836,卖盘
1715,10:38:42,5.51,-0.01,20,11020,卖盘
1716,10:38:18,5.52,0.01,188,103775,买盘
1717,10:38:12,5.51,-0.01,275,151525,卖盘
1718,10:38:08,5.52,0.01,150,82800,买盘
1719,10:38:03,5.51,--,194,106894,卖盘
1720,10:37:27,5.51,--,50,27550,卖盘
1721,10:37:23,5.51,-0.01,22,12122,卖盘
1722,10:37:12,5.52,--,20,11040,买盘
1723,10:37:08,5.52,0.01,178,98255,买盘
1724,10:37:02,5.51,-0.01,30,16530,卖盘
1725,10:36:57,5.52,--,28,15455,买盘
1726,10:36:53,5.52,0.01,20,11040,买盘
1727,10:36:48,5.51,--,1,551,卖盘
1728,10:36:42,5.51,--,203,111853,卖盘
1729,10:36:33,5.51,--,79,43529,卖盘
1730,10:36:27,5.51,-0.01,26,14326,卖盘
1731,10:36:17,5.52,--,110,60719,买盘
1732,10:36:11,5.52,0.01,254,140208,买盘
1733,10:36:03,5.51,--,101,55651,卖盘
1734,10:35:56,5.51,-0.01,82,45182,卖盘
1735,10:35:48,5.52,0.01,25,13799,买盘
1736,10:35:42,5.51,--,41,22591,卖盘
1737,10:35:33,5.51,-0.01,154,84854,卖盘
1738,10:35:26,5.52,0.01,200,110399,买盘
1739,10:35:23,5.51,--,1,551,卖盘
1740,10:35:18,5.51,--,10017,5519367,卖盘
1741,10:35:11,5.51,--,10,5510,卖盘
1742,10:35:08,5.51,--,1,551,卖盘
1743,10:35:02,5.51,-0.01,121,66671,卖盘
1744,10:34:57,5.52,0.01,42,23184,买盘
1745,10:34:47,5.51,-0.01,220,121220,卖盘
1746,10:34:41,5.52,--,97,53543,买盘
1747,10:34:36,5.52,0.01,10,5520,买盘
1748,10:34:32,5.51,-0.01,212,116812,卖盘
1749,10:34:27,5.52,--,393,216935,买盘
1750,10:34:20,5.52,0.01,38,20976,买盘
1751,10:34:17,5.51,--,10,5510,卖盘
1752,10:34:11,5.51,-0.01,10,5510,卖盘
1753,10:34:05,5.52,--,1700,938399,买盘
1754,10:34:02,5.52,0.01,239,131928,买盘
1755,10:33:56,5.51,-0.01,18,9918,卖盘
1756,10:33:50,5.52,0.01,567,312984,买盘
1757,10:33:47,5.51,--,143,78793,卖盘
1758,10:33:41,5.51,--,100,55100,卖盘
1759,10:33:35,5.51,--,200,110200,卖盘
1760,10:33:32,5.51,-0.01,134,73834,卖盘
1761,10:33:20,5.52,0.01,5,2760,买盘
1762,10:33:17,5.51,--,77,42427,卖盘
1763,10:33:11,5.51,--,229,126179,卖盘
1764,10:33:02,5.51,--,24,13224,卖盘
1765,10:32:56,5.51,--,199,109649,卖盘
1766,10:32:50,5.51,-0.01,20,11020,卖盘
1767,10:32:47,5.52,--,10,5520,买盘
1768,10:32:41,5.52,0.01,1,552,买盘
1769,10:32:35,5.51,--,22,12122,卖盘
1770,10:32:26,5.51,-0.01,16,8816,卖盘
1771,10:32:20,5.52,0.01,132,72864,买盘
1772,10:32:17,5.51,--,61,33611,卖盘
1773,10:32:11,5.51,-0.01,10,5510,卖盘
1774,10:32:05,5.52,0.01,31,17112,买盘
1775,10:31:56,5.51,-0.01,288,158688,卖盘
1776,10:31:50,5.52,--,610,336720,买盘
1777,10:31:47,5.52,--,6,3311,买盘
1778,10:31:41,5.52,--,13,7175,买盘
1779,10:31:35,5.52,0.01,9,4968,买盘
1780,10:31:26,5.51,-0.01,45,24795,卖盘
1781,10:31:20,5.52,0.01,38,20976,买盘
1782,10:31:05,5.51,--,1,551,卖盘
1783,10:30:56,5.51,--,200,110200,卖盘
1784,10:30:50,5.51,--,60,33060,卖盘
1785,10:30:47,5.51,--,80,44080,卖盘
1786,10:30:41,5.51,--,10,5510,卖盘
1787,10:30:35,5.51,--,125,68875,卖盘
1788,10:30:26,5.51,-0.01,2969,1635919,卖盘
1789,10:30:20,5.52,--,96,52991,买盘
1790,10:30:17,5.52,0.01,8,4416,买盘
1791,10:30:11,5.51,--,216,119016,卖盘
1792,10:30:05,5.51,-0.01,102,56202,卖盘
1793,10:30:02,5.52,0.01,39,21528,买盘
1794,10:29:56,5.51,-0.01,15,8265,卖盘
1795,10:29:50,5.52,--,1232,680064,买盘
1796,10:29:41,5.52,0.01,161,88872,买盘
1797,10:29:35,5.51,-0.01,10756,5926556,卖盘
1798,10:29:32,5.52,0.01,110,60719,买盘
1799,10:29:26,5.51,-0.01,45,24795,卖盘
1800,10:29:20,5.52,--,52,28703,买盘
1801,10:29:17,5.52,--,15,8280,买盘
1802,10:29:05,5.52,--,25,13799,买盘
1803,10:29:02,5.52,--,60,33120,买盘
1804,10:28:56,5.52,0.01,60,33120,买盘
1805,10:28:50,5.51,-0.01,16,8816,卖盘
1806,10:28:41,5.52,--,44,24287,买盘
1807,10:28:35,5.52,--,94,51887,买盘
1808,10:28:31,5.52,--,6,3311,买盘
1809,10:28:26,5.52,--,64,35328,买盘
1810,10:28:20,5.52,--,5,2760,买盘
1811,10:28:17,5.52,--,13,7175,买盘
1812,10:28:11,5.52,--,352,194303,买盘
1813,10:28:05,5.52,--,112,61823,买盘
1814,10:27:59,5.52,--,20,11040,买盘
1815,10:27:56,5.52,--,232,128063,买盘
1816,10:27:50,5.52,0.01,1,552,买盘
1817,10:27:44,5.51,--,450,247950,卖盘
1818,10:27:41,5.51,-0.01,120,66120,卖盘
1819,10:27:35,5.52,0.01,156,86112,买盘
1820,10:27:29,5.51,-0.01,1,551,卖盘
1821,10:27:26,5.52,--,20,11040,买盘
1822,10:27:20,5.52,0.01,181,99911,买盘
1823,10:27:11,5.51,-0.01,975,537225,卖盘
1824,10:27:05,5.52,--,37,20424,买盘
1825,10:26:59,5.52,--,344,189887,买盘
1826,10:26:56,5.52,--,2,1104,买盘
1827,10:26:50,5.52,--,1484,819167,买盘
1828,10:26:44,5.52,--,29,16007,买盘
1829,10:26:41,5.52,0.01,254,140208,买盘
1830,10:26:35,5.51,-0.01,14,7714,卖盘
1831,10:26:29,5.52,--,1,552,买盘
1832,10:26:26,5.52,--,101,55751,买盘
1833,10:26:20,5.52,--,110,60719,买盘
1834,10:26:14,5.52,--,10,5520,买盘
1835,10:26:11,5.52,0.01,5,2760,买盘
1836,10:26:05,5.51,-0.01,1,551,卖盘
1837,10:25:59,5.52,--,35,19320,买盘
1838,10:25:56,5.52,--,25,13799,买盘
1839,10:25:50,5.52,0.01,127,70104,买盘
1840,10:25:44,5.51,-0.01,29,15979,卖盘
1841,10:25:41,5.52,--,1,552,买盘
1842,10:25:35,5.52,0.01,238,131376,买盘
1843,10:25:29,5.51,--,2,1102,卖盘
1844,10:25:26,5.51,-0.01,3,1653,卖盘
1845,10:25:20,5.52,0.01,29,16007,买盘
1846,10:25:14,5.51,-0.01,80,44080,卖盘
1847,10:25:11,5.52,0.01,19,10488,买盘
1848,10:25:05,5.51,--,333,183483,卖盘
1849,10:24:59,5.51,-0.01,368,202768,卖盘
1850,10:24:56,5.52,0.01,22,12143,买盘
1851,10:24:44,5.51,-0.01,203,111853,卖盘
1852,10:24:41,5.52,--,228,125855,买盘
1853,10:24:35,5.52,0.01,573,316296,买盘
1854,10:24:29,5.51,-0.01,147,80997,卖盘
1855,10:24:20,5.52,--,151,83352,买盘
1856,10:24:14,5.52,--,109,60167,买盘
1857,10:24:05,5.52,--,90,49679,买盘
1858,10:23:59,5.52,0.01,178,98255,买盘
1859,10:23:50,5.51,--,12,6612,卖盘
1860,10:23:35,5.51,--,2299,1266749,卖盘
1861,10:23:29,5.51,--,8,4408,卖盘
1862,10:23:20,5.51,-0.01,10,5510,卖盘
1863,10:23:14,5.52,--,38,20976,买盘
1864,10:23:05,5.52,0.01,6,3311,买盘
1865,10:22:56,5.51,-0.01,110,60610,卖盘
1866,10:22:50,5.52,0.01,1,552,买盘
1867,10:22:35,5.51,-0.01,293,161443,卖盘
1868,10:22:29,5.52,--,17,9384,买盘
1869,10:22:26,5.52,--,1,552,买盘
1870,10:22:20,5.52,0.01,113,62375,买盘
1871,10:22:14,5.51,--,200,110200,卖盘
1872,10:22:05,5.51,--,1,551,卖盘
1873,10:21:59,5.51,-0.01,307,169157,卖盘
1874,10:21:50,5.52,--,1879,1037207,买盘
1875,10:21:44,5.52,--,178,98255,买盘
1876,10:21:35,5.52,0.01,406,224111,买盘
1877,10:21:25,5.51,--,45,24795,卖盘
1878,10:21:20,5.51,-0.01,126,69426,卖盘
1879,10:21:14,5.52,0.01,199,109847,买盘
1880,10:21:05,5.51,-0.01,229,126179,卖盘
1881,10:20:59,5.52,--,720,397439,买盘
1882,10:20:55,5.52,--,50,27599,买盘
1883,10:20:50,5.52,--,133,73416,买盘
1884,10:20:44,5.52,--,228,125855,买盘
1885,10:20:39,5.52,--,20,11040,买盘
1886,10:20:35,5.52,-0.01,893,492935,买盘
1887,10:20:29,5.53,0.01,933,515949,买盘
1888,10:20:23,5.52,--,25,13799,卖盘
1889,10:20:20,5.52,-0.01,46,25391,卖盘
1890,10:20:14,5.53,--,0,0,买盘
1891,10:20:05,5.53,0.02,2254,1246462,买盘
1892,10:19:59,5.51,-0.01,215,118465,卖盘
1893,10:19:53,5.52,0.01,30,16560,买盘
1894,10:19:44,5.51,-0.01,10,5510,卖盘
1895,10:19:38,5.52,0.01,4,2208,买盘
1896,10:19:35,5.51,--,298,164198,卖盘
1897,10:19:20,5.51,--,481,265031,卖盘
1898,10:19:14,5.51,--,281,154831,卖盘
1899,10:19:08,5.51,-0.01,514,283214,卖盘
1900,10:19:05,5.52,0.01,92,50783,买盘
1901,10:18:59,5.51,-0.01,68,37468,卖盘
1902,10:18:53,5.52,0.01,691,381431,买盘
1903,10:18:50,5.51,--,198,109098,卖盘
1904,10:18:44,5.51,--,534,294234,卖盘
1905,10:18:38,5.51,--,270,148770,卖盘
1906,10:18:35,5.51,--,703,387353,卖盘
1907,10:18:29,5.51,--,20,11020,卖盘
1908,10:18:23,5.51,--,200,110200,卖盘
1909,10:18:14,5.51,--,92,50692,卖盘
1910,10:18:08,5.51,--,461,254011,卖盘
1911,10:17:59,5.51,--,261,143811,卖盘
1912,10:17:53,5.51,--,145,79895,卖盘
1913,10:17:50,5.51,--,1,551,卖盘
1914,10:17:44,5.51,--,256,141056,卖盘
1915,10:17:38,5.51,--,122,67222,卖盘
1916,10:17:29,5.51,--,41,22591,卖盘
1917,10:17:23,5.51,-0.01,197,108547,卖盘
1918,10:17:14,5.52,0.01,192,105983,买盘
1919,10:17:08,5.51,-0.01,542,298642,卖盘
1920,10:17:05,5.52,0.01,386,213071,买盘
1921,10:16:59,5.51,-0.01,60,33060,卖盘
1922,10:16:53,5.52,--,16,8832,买盘
1923,10:16:50,5.52,--,202,111503,买盘
1924,10:16:44,5.52,0.01,26,14351,买盘
1925,10:16:38,5.51,--,774,426474,卖盘
1926,10:16:35,5.51,-0.01,274,150974,卖盘
1927,10:16:29,5.52,0.01,3,1655,买盘
1928,10:16:23,5.51,--,109,60059,卖盘
1929,10:16:20,5.51,-0.01,14,7714,卖盘
1930,10:16:14,5.52,0.01,2803,1547255,买盘
1931,10:16:08,5.51,--,112,61712,卖盘
1932,10:15:59,5.51,--,829,456779,卖盘
1933,10:15:53,5.51,--,735,404985,卖盘
1934,10:15:50,5.51,--,4735,2608985,卖盘
1935,10:15:44,5.51,--,127,69977,卖盘
1936,10:15:38,5.51,--,295,162545,卖盘
1937,10:15:35,5.51,--,107,58957,卖盘
1938,10:15:29,5.51,--,64,35264,卖盘
1939,10:15:23,5.51,-0.01,13,7163,卖盘
1940,10:15:14,5.52,0.01,62,34224,买盘
1941,10:15:08,5.51,--,105,57855,卖盘
1942,10:15:04,5.51,--,21,11571,卖盘
1943,10:14:59,5.51,--,1793,987943,卖盘
1944,10:14:53,5.51,-0.01,102,56202,卖盘
1945,10:14:38,5.52,0.01,78,43056,买盘
1946,10:14:34,5.51,--,110,60610,卖盘
1947,10:14:29,5.51,--,175,96425,卖盘
1948,10:14:23,5.51,--,175,96425,卖盘
1949,10:14:19,5.51,-0.01,1112,612712,卖盘
1950,10:14:14,5.52,0.01,120,66240,买盘
1951,10:14:08,5.51,--,1,551,卖盘
1952,10:14:02,5.51,-0.01,60,33060,卖盘
1953,10:13:59,5.52,0.01,53,29255,买盘
1954,10:13:53,5.51,-0.01,50,27550,卖盘
1955,10:13:44,5.52,--,425,234599,买盘
1956,10:13:38,5.52,--,57,31463,买盘
1957,10:13:29,5.52,--,25,13799,买盘
1958,10:13:23,5.52,--,42,23184,买盘
1959,10:13:14,5.52,--,77,42504,买盘
1960,10:13:08,5.52,--,12,6623,买盘
1961,10:13:02,5.52,0.01,25,13799,买盘
1962,10:12:59,5.51,-0.01,28,15428,卖盘
1963,10:12:47,5.52,--,28,15455,买盘
1964,10:12:44,5.52,0.01,330,182160,买盘
1965,10:12:38,5.51,-0.01,6,3306,卖盘
1966,10:12:32,5.52,--,1795,990839,买盘
1967,10:12:29,5.52,--,40,22080,买盘
1968,10:12:23,5.52,--,10,5520,买盘
1969,10:12:17,5.52,--,2,1104,买盘
1970,10:12:14,5.52,--,127,70104,买盘
1971,10:12:08,5.52,--,16,8832,买盘
1972,10:12:02,5.52,--,80,44160,买盘
1973,10:11:59,5.52,--,1,552,买盘
1974,10:11:53,5.52,--,5,2760,买盘
1975,10:11:47,5.52,--,40,22080,买盘
1976,10:11:44,5.52,--,38,20976,买盘
1977,10:11:38,5.52,0.01,77,42504,买盘
1978,10:11:32,5.51,--,57,31407,卖盘
1979,10:11:29,5.51,--,1,551,卖盘
1980,10:11:23,5.51,-0.01,19,10469,卖盘
1981,10:11:17,5.52,0.01,5,2760,买盘
1982,10:11:14,5.51,--,8,4408,卖盘
1983,10:11:08,5.51,-0.01,151,83201,卖盘
1984,10:11:02,5.52,0.01,349,192647,买盘
1985,10:10:53,5.51,-0.01,14,7714,卖盘
1986,10:10:47,5.52,0.01,44,24343,买盘
1987,10:10:38,5.51,--,55,30305,卖盘
1988,10:10:32,5.51,--,45,24795,卖盘
1989,10:10:29,5.51,-0.01,36,19836,卖盘
1990,10:10:23,5.52,0.01,537,296424,买盘
1991,10:10:17,5.51,-0.01,29,15979,卖盘
1992,10:10:13,5.52,0.01,532,293664,买盘
1993,10:10:08,5.51,-0.01,1,551,卖盘
1994,10:10:02,5.52,--,3,1655,买盘
1995,10:09:58,5.52,--,50,27599,买盘
1996,10:09:53,5.52,--,30,16560,买盘
1997,10:09:47,5.52,0.01,571,315192,买盘
1998,10:09:43,5.51,-0.01,20,11020,卖盘
1999,10:09:38,5.52,--,182,100463,买盘
2000,10:09:32,5.52,0.01,238,131376,买盘
2001,10:09:23,5.51,--,21,11571,卖盘
2002,10:09:13,5.51,--,13,7163,卖盘
2003,10:09:08,5.51,--,12,6612,卖盘
2004,10:09:02,5.51,--,20,11020,卖盘
2005,10:08:58,5.51,-0.01,466,256766,卖盘
2006,10:08:53,5.52,0.01,36,19872,买盘
2007,10:08:47,5.51,--,10,5510,卖盘
2008,10:08:43,5.51,--,21,11571,卖盘
2009,10:08:32,5.51,--,20,11020,卖盘
2010,10:08:28,5.51,-0.01,118,65018,卖盘
2011,10:08:17,5.52,--,150,82800,买盘
2012,10:08:13,5.52,--,15,8280,买盘
2013,10:08:08,5.52,0.01,241,133032,买盘
2014,10:08:02,5.51,-0.01,81,44631,卖盘
2015,10:07:58,5.52,0.01,5,2760,买盘
2016,10:07:53,5.51,-0.01,102,56202,卖盘
2017,10:07:47,5.52,--,2,1104,买盘
2018,10:07:43,5.52,--,100,55199,买盘
2019,10:07:38,5.52,--,116,64031,买盘
2020,10:07:32,5.52,--,149,82248,买盘
2021,10:07:28,5.52,--,17,9384,买盘
2022,10:07:23,5.52,--,124,68448,卖盘
2023,10:07:17,5.52,--,45,24839,卖盘
2024,10:07:13,5.52,0.01,295,162840,买盘
2025,10:07:08,5.51,-0.01,122,67222,卖盘
2026,10:07:02,5.52,--,531,293112,卖盘
2027,10:06:58,5.52,--,659,363768,卖盘
2028,10:06:53,5.52,--,113,62375,卖盘
2029,10:06:47,5.52,--,565,311880,卖盘
2030,10:06:41,5.52,--,105,57959,卖盘
2031,10:06:38,5.52,--,252,139104,卖盘
2032,10:06:32,5.52,-0.01,702,387503,卖盘
2033,10:06:17,5.53,0.01,101,55853,买盘
2034,10:06:11,5.52,--,25,13799,卖盘
2035,10:06:08,5.52,--,7,3863,卖盘
2036,10:06:02,5.52,--,541,298632,卖盘
2037,10:05:56,5.52,--,30,16560,卖盘
2038,10:05:53,5.52,--,128,70656,卖盘
2039,10:05:47,5.52,--,167,92184,卖盘
2040,10:05:41,5.52,--,20,11040,卖盘
2041,10:05:38,5.52,--,132,72864,卖盘
2042,10:05:32,5.52,--,238,131376,卖盘
2043,10:05:23,5.52,--,4,2208,卖盘
2044,10:05:17,5.52,--,60,33120,卖盘
2045,10:05:11,5.52,-0.01,121,66792,卖盘
2046,10:05:08,5.53,0.01,60,33180,买盘
2047,10:05:02,5.52,--,274,151248,卖盘
2048,10:04:56,5.52,--,103,56855,卖盘
2049,10:04:53,5.52,--,50,27599,卖盘
2050,10:04:47,5.52,--,22,12143,卖盘
2051,10:04:41,5.52,--,83,45816,卖盘
2052,10:04:38,5.52,--,3,1655,卖盘
2053,10:04:32,5.52,--,84,46368,卖盘
2054,10:04:26,5.52,--,96,52991,卖盘
2055,10:04:17,5.52,--,31,17112,卖盘
2056,10:04:11,5.52,--,200,110399,卖盘
2057,10:04:08,5.52,--,70,38640,卖盘
2058,10:04:02,5.52,--,50,27599,卖盘
2059,10:03:56,5.52,--,225,124199,买盘
2060,10:03:52,5.52,--,25,13799,买盘
2061,10:03:47,5.52,--,148,81696,买盘
2062,10:03:41,5.52,-0.01,35,19320,卖盘
2063,10:03:37,5.53,0.01,14,7742,买盘
2064,10:03:32,5.52,-0.01,26,14351,卖盘
2065,10:03:26,5.53,0.01,136,75208,买盘
2066,10:03:22,5.52,--,5,2760,买盘
2067,10:03:17,5.52,0.01,90,49679,卖盘
2068,10:03:11,5.51,--,248,136648,卖盘
2069,10:03:07,5.51,-0.01,184,101384,卖盘
2070,10:03:02,5.52,--,175,96599,卖盘
2071,10:02:56,5.52,--,133,73416,卖盘
2072,10:02:47,5.52,-0.01,308,170016,卖盘
2073,10:02:41,5.53,0.01,453,250509,买盘
2074,10:02:32,5.52,--,553,305256,卖盘
2075,10:02:26,5.52,--,56,30911,卖盘
2076,10:02:22,5.52,-0.01,2582,1425264,卖盘
2077,10:02:17,5.53,0.01,6,3318,买盘
2078,10:02:11,5.52,-0.01,233,128615,卖盘
2079,10:02:07,5.53,0.01,864,477792,买盘
2080,10:02:02,5.52,--,80,44160,卖盘
2081,10:01:56,5.52,--,413,227975,卖盘
2082,10:01:52,5.52,--,122,67344,卖盘
2083,10:01:47,5.52,--,235,129719,卖盘
2084,10:01:41,5.52,--,166,91632,卖盘
2085,10:01:32,5.52,--,63,34776,卖盘
2086,10:01:26,5.52,-0.01,84,46368,卖盘
2087,10:01:07,5.53,0.01,4,2212,买盘
2088,10:01:02,5.52,--,68,37536,卖盘
2089,10:00:56,5.52,--,6,3311,卖盘
2090,10:00:47,5.52,--,250,138000,卖盘
2091,10:00:37,5.52,-0.01,57,31463,卖盘
2092,10:00:32,5.53,0.01,11,6083,买盘
2093,10:00:26,5.52,-0.01,167,92184,卖盘
2094,10:00:22,5.53,--,40,22120,买盘
2095,10:00:17,5.53,0.01,80,44240,买盘
2096,10:00:11,5.52,--,54,29807,卖盘
2097,10:00:07,5.52,-0.01,446,246191,卖盘
2098,09:59:56,5.53,0.01,94,51982,买盘
2099,09:59:52,5.52,--,20,11040,卖盘
2100,09:59:41,5.52,--,28,15455,卖盘
2101,09:59:35,5.52,--,4,2208,卖盘
2102,09:59:26,5.52,--,3237,1786823,买盘
2103,09:59:20,5.52,--,160,88320,买盘
2104,09:59:17,5.52,--,80,44160,买盘
2105,09:59:11,5.52,0.01,274,151248,买盘
2106,09:59:05,5.51,-0.01,1,551,卖盘
2107,09:58:56,5.52,--,622,343344,买盘
2108,09:58:50,5.52,0.01,272,150144,买盘
2109,09:58:47,5.51,--,441,242991,卖盘
2110,09:58:41,5.51,-0.01,40,22040,卖盘
2111,09:58:32,5.52,--,207,114263,买盘
2112,09:58:26,5.52,--,270,149040,买盘
2113,09:58:20,5.52,--,2,1104,买盘
2114,09:58:17,5.52,--,3,1655,买盘
2115,09:58:11,5.52,0.01,10,5520,买盘
2116,09:58:05,5.51,--,45,24795,卖盘
2117,09:58:02,5.51,-0.01,10,5510,卖盘
2118,09:57:56,5.52,--,45,24839,买盘
2119,09:57:50,5.52,0.01,313,172776,买盘
2120,09:57:41,5.51,--,40,22040,卖盘
2121,09:57:35,5.51,--,60,33060,卖盘
2122,09:57:26,5.51,--,46,25346,卖盘
2123,09:57:20,5.51,--,83,45733,卖盘
2124,09:57:16,5.51,--,1013,558163,卖盘
2125,09:57:11,5.51,-0.01,133,73283,卖盘
2126,09:57:05,5.52,0.01,51,28151,买盘
2127,09:57:01,5.51,--,20,11020,卖盘
2128,09:56:56,5.51,-0.01,47,25897,卖盘
2129,09:56:46,5.52,--,30,16560,买盘
2130,09:56:41,5.52,--,24,13247,买盘
2131,09:56:35,5.52,--,29,16007,买盘
2132,09:56:31,5.52,--,150,82800,买盘
2133,09:56:26,5.52,--,50,27599,买盘
2134,09:56:20,5.52,0.01,14,7727,买盘
2135,09:56:16,5.51,-0.01,350,192850,卖盘
2136,09:56:11,5.52,0.01,130,71760,买盘
2137,09:56:05,5.51,--,143,78793,卖盘
2138,09:56:01,5.51,--,50,27550,卖盘
2139,09:55:56,5.51,-0.01,635,349885,卖盘
2140,09:55:50,5.52,--,40,22080,买盘
2141,09:55:46,5.52,--,100,55199,买盘
2142,09:55:41,5.52,0.01,83,45816,买盘
2143,09:55:35,5.51,-0.02,1013,558163,卖盘
2144,09:55:31,5.53,0.01,148,81844,买盘
2145,09:55:26,5.52,0.01,34,18768,买盘
2146,09:55:20,5.51,-0.01,348,191748,卖盘
2147,09:55:16,5.52,--,154,85008,卖盘
2148,09:55:11,5.52,--,50,27599,卖盘
2149,09:55:05,5.52,0.01,282,155664,买盘
2150,09:55:01,5.51,--,700,385700,卖盘
2151,09:54:56,5.51,-0.02,120,66120,卖盘
2152,09:54:50,5.53,0.01,191,105623,买盘
2153,09:54:46,5.52,--,1036,571927,买盘
2154,09:54:41,5.52,0.01,700,386399,买盘
2155,09:54:35,5.51,-0.01,175,96425,卖盘
2156,09:54:31,5.52,0.01,260,143520,买盘
2157,09:54:26,5.51,-0.01,178,98078,卖盘
2158,09:54:20,5.52,--,120,66240,买盘
2159,09:54:16,5.52,--,2,1104,买盘
2160,09:54:11,5.52,0.01,197,108743,买盘
2161,09:54:05,5.51,--,10,5510,卖盘
2162,09:54:01,5.51,--,100,55100,卖盘
2163,09:53:56,5.51,--,9,4959,卖盘
2164,09:53:50,5.51,--,173,95323,卖盘
2165,09:53:46,5.51,-0.01,27,14877,卖盘
2166,09:53:41,5.52,0.01,2390,1319280,买盘
2167,09:53:35,5.51,--,340,187340,卖盘
2168,09:53:26,5.51,-0.01,55,30305,卖盘
2169,09:53:20,5.52,--,108,59615,买盘
2170,09:53:11,5.52,--,78,43056,买盘
2171,09:53:05,5.52,--,155,85560,买盘
2172,09:53:01,5.52,0.01,32,17664,买盘
2173,09:52:56,5.51,0.01,107,58957,中性盘
2174,09:52:50,5.5,-0.02,253,139150,卖盘
2175,09:52:44,5.52,0.01,233,128615,买盘
2176,09:52:41,5.51,--,6,3306,卖盘
2177,09:52:35,5.51,0.01,339,186789,买盘
2178,09:52:26,5.5,--,39,21450,买盘
2179,09:52:20,5.5,0.01,117,64350,买盘
2180,09:52:14,5.49,-0.01,1405,771345,卖盘
2181,09:52:11,5.5,0.01,3084,1696200,买盘
2182,09:52:05,5.49,--,5392,2960208,买盘
2183,09:51:59,5.49,--,1243,682407,买盘
2184,09:51:56,5.49,--,2433,1335870,买盘
2185,09:51:50,5.49,-0.02,20470,11238425,卖盘
2186,09:51:44,5.51,0.01,960,528960,买盘
2187,09:51:40,5.5,-0.01,199,109450,卖盘
2188,09:51:35,5.51,--,1159,638609,买盘
2189,09:51:29,5.51,--,54,29754,买盘
2190,09:51:26,5.51,--,979,539429,买盘
2191,09:51:20,5.51,--,846,466146,买盘
2192,09:51:14,5.51,--,427,235277,买盘
2193,09:51:10,5.51,--,256,141056,买盘
2194,09:51:05,5.51,0.01,697,384047,买盘
2195,09:50:59,5.5,-0.01,14349,7892335,卖盘
2196,09:50:55,5.51,--,101,55651,卖盘
2197,09:50:50,5.51,--,7405,4080155,卖盘
2198,09:50:44,5.51,-0.01,11773,6486923,卖盘
2199,09:50:40,5.52,0.01,5,2760,买盘
2200,09:50:35,5.51,-0.01,639,352089,卖盘
2201,09:50:29,5.52,--,127,70104,买盘
2202,09:50:25,5.52,0.01,173,95495,买盘
2203,09:50:20,5.51,-0.01,6165,3396915,卖盘
2204,09:50:14,5.52,--,18611,10273272,卖盘
2205,09:50:10,5.52,--,927,511703,卖盘
2206,09:50:05,5.52,--,1394,769487,卖盘
2207,09:49:59,5.52,-0.01,996,549792,卖盘
2208,09:49:55,5.53,0.01,157,86821,买盘
2209,09:49:50,5.52,-0.01,1229,678408,卖盘
2210,09:49:44,5.53,--,75,41475,买盘
2211,09:49:40,5.53,0.01,121,66913,买盘
2212,09:49:35,5.52,--,2,1104,卖盘
2213,09:49:29,5.52,--,197,108743,卖盘
2214,09:49:25,5.52,-0.01,93,51335,卖盘
2215,09:49:20,5.53,--,71,39263,买盘
2216,09:49:14,5.53,0.01,100,55300,买盘
2217,09:49:10,5.52,-0.01,20,11040,卖盘
2218,09:49:05,5.53,--,228,126084,买盘
2219,09:48:59,5.53,0.01,244,134932,买盘
2220,09:48:55,5.52,-0.01,9,4968,卖盘
2221,09:48:50,5.53,--,132,72996,买盘
2222,09:48:44,5.53,--,98,54194,买盘
2223,09:48:40,5.53,0.01,5,2765,买盘
2224,09:48:35,5.52,-0.01,369,203687,卖盘
2225,09:48:29,5.53,0.02,62,34286,买盘
2226,09:48:25,5.51,-0.02,5000,2755000,卖盘
2227,09:48:20,5.53,--,112,61936,买盘
2228,09:48:14,5.53,--,105,58065,买盘
2229,09:48:10,5.53,--,1118,618254,买盘
2230,09:48:05,5.53,-0.01,10312,5702536,卖盘
2231,09:47:59,5.54,0.01,10071,5579334,买盘
2232,09:47:55,5.53,--,1645,909685,卖盘
2233,09:47:50,5.53,-0.01,88,48664,卖盘
2234,09:47:44,5.54,0.01,81,44874,买盘
2235,09:47:35,5.53,-0.01,98,54194,卖盘
2236,09:47:29,5.54,0.01,16,8864,买盘
2237,09:47:20,5.53,-0.01,74,40922,卖盘
2238,09:47:14,5.54,0.01,379,209966,买盘
2239,09:47:10,5.53,--,93,51705,卖盘
2240,09:47:05,5.53,--,239,132167,卖盘
2241,09:46:59,5.53,-0.01,625,345625,卖盘
2242,09:46:55,5.54,--,41,22714,买盘
2243,09:46:50,5.54,0.01,108,59832,买盘
2244,09:46:44,5.53,--,238,131614,卖盘
2245,09:46:40,5.53,--,667,368851,卖盘
2246,09:46:35,5.53,--,70,38710,卖盘
2247,09:46:20,5.53,--,1,553,卖盘
2248,09:46:14,5.53,--,62,34286,卖盘
2249,09:46:04,5.53,--,203,112259,卖盘
2250,09:45:59,5.53,--,53,29309,卖盘
2251,09:45:55,5.53,-0.01,16,8848,卖盘
2252,09:45:50,5.54,0.01,78,43212,买盘
2253,09:45:44,5.53,--,100,55300,卖盘
2254,09:45:35,5.53,--,92,50876,卖盘
2255,09:45:29,5.53,--,140,77420,卖盘
2256,09:45:20,5.53,-0.01,15,8295,卖盘
2257,09:45:14,5.54,--,30,16620,买盘
2258,09:45:08,5.54,0.01,303,167862,买盘
2259,09:45:05,5.53,--,16,8848,卖盘
2260,09:44:53,5.53,--,10,5530,卖盘
2261,09:44:49,5.53,-0.01,20,11060,卖盘
2262,09:44:44,5.54,0.01,40,22160,买盘
2263,09:44:38,5.53,--,168,92904,卖盘
2264,09:44:34,5.53,-0.01,12,6636,卖盘
2265,09:44:29,5.54,0.01,55,30470,买盘
2266,09:44:23,5.53,-0.01,166,91798,卖盘
2267,09:44:19,5.54,--,888,491952,买盘
2268,09:44:14,5.54,--,234,129636,买盘
2269,09:44:08,5.54,--,121,67034,买盘
2270,09:44:04,5.54,0.01,20,11080,买盘
2271,09:43:59,5.53,-0.02,607,335671,卖盘
2272,09:43:53,5.55,0.01,123,68265,买盘
2273,09:43:49,5.54,-0.01,9180,5085720,卖盘
2274,09:43:44,5.55,0.01,186,103230,买盘
2275,09:43:38,5.54,--,531,294174,卖盘
2276,09:43:28,5.54,--,808,447632,卖盘
2277,09:43:19,5.54,--,358,198332,卖盘
2278,09:43:13,5.54,--,262,145148,卖盘
2279,09:43:08,5.54,-0.01,1061,587794,卖盘
2280,09:43:04,5.55,0.01,41,22755,买盘
2281,09:42:53,5.54,--,79,43766,卖盘
2282,09:42:43,5.54,--,237,131298,卖盘
2283,09:42:38,5.54,--,112,62048,卖盘
2284,09:42:28,5.54,--,5,2770,卖盘
2285,09:42:23,5.54,--,8,4432,卖盘
2286,09:42:19,5.54,-0.01,80,44320,卖盘
2287,09:42:13,5.55,0.01,20,11100,买盘
2288,09:42:08,5.54,-0.01,2,1108,卖盘
2289,09:42:04,5.55,0.01,43,23865,买盘
2290,09:41:58,5.54,-0.01,178,98612,卖盘
2291,09:41:53,5.55,--,22,12210,买盘
2292,09:41:49,5.55,0.01,186,103230,买盘
2293,09:41:38,5.54,-0.01,100,55400,卖盘
2294,09:41:34,5.55,0.01,24,13320,买盘
2295,09:41:28,5.54,-0.01,244,135176,卖盘
2296,09:41:23,5.55,--,140,77700,买盘
2297,09:41:19,5.55,0.01,17,9435,买盘
2298,09:41:13,5.54,-0.01,707,391678,卖盘
2299,09:41:08,5.55,--,85,47175,买盘
2300,09:40:58,5.55,--,15,8325,买盘
2301,09:40:53,5.55,0.01,724,401820,买盘
2302,09:40:43,5.54,-0.01,295,163430,卖盘
2303,09:40:38,5.55,0.01,44,24420,买盘
2304,09:40:34,5.54,--,8,4432,卖盘
2305,09:40:28,5.54,-0.01,174,96396,卖盘
2306,09:40:23,5.55,0.01,371,205905,买盘
2307,09:40:13,5.54,--,940,520760,卖盘
2308,09:40:08,5.54,-0.01,9,4986,卖盘
2309,09:40:04,5.55,--,8336,4626480,买盘
2310,09:39:58,5.55,--,1,555,买盘
2311,09:39:53,5.55,0.01,122,67710,买盘
2312,09:39:49,5.54,-0.01,607,336278,卖盘
2313,09:39:43,5.55,0.01,8,4440,买盘
2314,09:39:38,5.54,--,108,59832,卖盘
2315,09:39:34,5.54,-0.01,37,20498,卖盘
2316,09:39:28,5.55,--,10,5550,买盘
2317,09:39:23,5.55,--,307,170385,买盘
2318,09:39:19,5.55,--,80,44400,买盘
2319,09:39:13,5.55,0.01,285,158175,买盘
2320,09:39:08,5.54,-0.01,147,81438,卖盘
2321,09:39:04,5.55,0.01,4,2220,买盘
2322,09:38:58,5.54,-0.01,279,154566,卖盘
2323,09:38:53,5.55,--,20,11100,买盘
2324,09:38:47,5.55,--,33,18315,买盘
2325,09:38:43,5.55,--,10,5550,买盘
2326,09:38:38,5.55,--,10,5550,买盘
2327,09:38:32,5.55,--,10,5550,买盘
2328,09:38:28,5.55,--,1289,715395,买盘
2329,09:38:23,5.55,--,215,119325,买盘
2330,09:38:17,5.55,0.01,5,2775,买盘
2331,09:38:13,5.54,-0.01,173,95842,卖盘
2332,09:38:08,5.55,0.01,272,150960,买盘
2333,09:38:02,5.54,--,4,2216,卖盘
2334,09:37:58,5.54,-0.01,1,554,卖盘
2335,09:37:53,5.55,--,78,43290,买盘
2336,09:37:43,5.55,0.01,7,3885,买盘
2337,09:37:38,5.54,-0.01,28,15512,卖盘
2338,09:37:28,5.55,0.01,324,179820,买盘
2339,09:37:23,5.54,--,59,32686,卖盘
2340,09:37:17,5.54,-0.01,5,2770,卖盘
2341,09:37:13,5.55,0.01,10,5550,买盘
2342,09:37:08,5.54,--,134,74236,卖盘
2343,09:37:02,5.54,--,120,66480,卖盘
2344,09:36:58,5.54,--,80,44320,卖盘
2345,09:36:52,5.54,-0.01,190,105260,卖盘
2346,09:36:47,5.55,0.01,182,101010,买盘
2347,09:36:43,5.54,--,16,8864,卖盘
2348,09:36:37,5.54,--,25,13850,卖盘
2349,09:36:32,5.54,--,100,55400,卖盘
2350,09:36:28,5.54,--,43,23822,卖盘
2351,09:36:22,5.54,--,5,2770,卖盘
2352,09:36:13,5.54,--,50,27700,卖盘
2353,09:36:07,5.54,--,1,554,卖盘
2354,09:36:02,5.54,--,232,128528,卖盘
2355,09:35:58,5.54,--,209,115786,卖盘
2356,09:35:47,5.54,-0.01,130,72020,卖盘
2357,09:35:43,5.55,--,10,5550,买盘
2358,09:35:37,5.55,0.01,563,312465,买盘
2359,09:35:32,5.54,--,164,90856,卖盘
2360,09:35:22,5.54,--,60,33240,卖盘
2361,09:35:17,5.54,--,664,367856,卖盘
2362,09:35:13,5.54,-0.01,10,5540,卖盘
2363,09:35:07,5.55,0.01,40,22200,买盘
2364,09:35:02,5.54,--,289,160106,卖盘
2365,09:34:58,5.54,-0.01,1,554,卖盘
2366,09:34:52,5.55,0.01,292,162104,买盘
2367,09:34:47,5.54,--,421,233234,卖盘
2368,09:34:43,5.54,--,2,1108,卖盘
2369,09:34:37,5.54,--,126,69804,卖盘
2370,09:34:32,5.54,-0.01,29,16066,卖盘
2371,09:34:22,5.55,0.01,1102,611610,买盘
2372,09:34:17,5.54,--,169,93626,卖盘
2373,09:34:13,5.54,--,80,44320,卖盘
2374,09:34:07,5.54,--,81,44874,卖盘
2375,09:34:02,5.54,--,80,44320,卖盘
2376,09:33:58,5.54,--,80,44320,卖盘
2377,09:33:52,5.54,--,80,44320,卖盘
2378,09:33:47,5.54,--,260,144040,卖盘
2379,09:33:43,5.54,--,134,74236,卖盘
2380,09:33:37,5.54,--,160,88640,卖盘
2381,09:33:32,5.54,-0.01,57,31578,卖盘
2382,09:33:28,5.55,0.01,70,38850,买盘
2383,09:33:22,5.54,--,133,73682,卖盘
2384,09:33:17,5.54,-0.01,268,148472,卖盘
2385,09:33:12,5.55,0.01,5,2775,买盘
2386,09:33:07,5.54,--,369,204426,卖盘
2387,09:33:02,5.54,--,329,182266,卖盘
2388,09:32:58,5.54,--,80,44320,卖盘
2389,09:32:52,5.54,--,272,150688,卖盘
2390,09:32:47,5.54,--,160,88640,卖盘
2391,09:32:42,5.54,--,120,66480,卖盘
2392,09:32:37,5.54,--,92,50968,卖盘
2393,09:32:32,5.54,-0.01,2,1108,卖盘
2394,09:32:27,5.55,0.01,4131,2292705,买盘
2395,09:32:22,5.54,--,778,431012,卖盘
2396,09:32:07,5.54,--,1,554,卖盘
2397,09:32:02,5.54,-0.01,100,55400,卖盘
2398,09:31:57,5.55,0.01,188,104340,买盘
2399,09:31:52,5.54,-0.01,10,5540,卖盘
2400,09:31:42,5.55,--,148,82140,买盘
2401,09:31:37,5.55,0.01,258,143190,买盘
2402,09:31:32,5.54,--,226,125204,卖盘
2403,09:31:26,5.54,--,37,20498,卖盘
2404,09:31:22,5.54,-0.01,300,166200,卖盘
2405,09:31:17,5.55,--,443,245865,买盘
2406,09:31:11,5.55,0.01,58,32190,买盘
2407,09:31:07,5.54,--,199,110246,卖盘
2408,09:31:02,5.54,--,695,385030,卖盘
2409,09:30:52,5.54,-0.01,70,38780,卖盘
2410,09:30:41,5.55,--,41,22755,买盘
2411,09:30:32,5.55,0.01,61,33855,买盘
2412,09:30:22,5.54,--,80,44320,卖盘
2413,09:30:16,5.54,--,165,91410,卖盘
2414,09:30:11,5.54,-0.01,161,89194,卖盘
2415,09:30:07,5.55,--,1164,646020,卖盘
2416,09:30:01,5.55,--,330,183150,卖盘
2417,09:28:53,5.55,--,0,0,卖盘
2418,09:25:04,5.55,5.55,3239,1797645,买盘
