,time,price,change,volume,amount,type
0,15:00:00,17.42,--,0,0,卖盘
1,15:00:00,17.42,-0.01,0,0,卖盘
2,14:59:53,17.43,--,30,52290,买盘
3,14:59:43,17.43,0.01,7,12201,买盘
4,14:59:38,17.42,--,1,1742,卖盘
5,14:59:28,17.42,0.01,49,85358,买盘
6,14:59:13,17.41,--,4,6964,卖盘
7,14:59:08,17.41,--,27,47007,卖盘
8,14:59:02,17.41,0.01,39,67916,买盘
9,14:58:58,17.4,-0.01,23,40020,卖盘
10,14:58:53,17.41,--,5,8705,买盘
11,14:58:43,17.41,--,11,19151,买盘
12,14:58:32,17.41,--,5,8705,买盘
13,14:58:23,17.41,0.02,7,12187,买盘
14,14:58:17,17.39,-0.01,6,10434,卖盘
15,14:58:13,17.4,--,22,38280,买盘
16,14:58:08,17.4,-0.01,1,1739,买盘
17,14:57:58,17.41,--,0,0,买盘
18,14:57:47,17.41,0.02,10,17410,买盘
19,14:57:43,17.39,-0.01,41,71299,卖盘
20,14:57:28,17.4,0.01,28,48719,买盘
21,14:57:17,17.39,--,3,5217,卖盘
22,14:57:13,17.39,--,29,50431,卖盘
23,14:57:08,17.39,--,44,76516,卖盘
24,14:56:58,17.39,0.01,15,26085,买盘
25,14:56:53,17.38,--,0,0,卖盘
26,14:56:38,17.38,--,28,48664,卖盘
27,14:56:28,17.38,--,1,1738,卖盘
28,14:56:23,17.38,0.01,3,5214,买盘
29,14:56:13,17.37,--,1,1737,卖盘
30,14:56:08,17.37,--,108,187596,买盘
31,14:55:58,17.37,0.04,73,127634,买盘
32,14:55:53,17.33,-0.04,48,83183,卖盘
33,14:55:47,17.37,--,2,3474,买盘
34,14:55:43,17.37,0.01,57,99009,买盘
35,14:55:38,17.36,-0.01,3,5208,卖盘
36,14:55:32,17.37,-0.01,48,83376,卖盘
37,14:55:28,17.38,--,7,12166,买盘
38,14:55:23,17.38,--,20,34760,买盘
39,14:55:13,17.38,--,3,5214,买盘
40,14:55:07,17.38,--,79,137302,卖盘
41,14:54:43,17.38,-0.01,1,1738,卖盘
42,14:54:38,17.39,0.01,6,10434,买盘
43,14:54:32,17.38,--,64,111232,买盘
44,14:54:28,17.38,--,20,34760,买盘
45,14:54:23,17.38,--,14,24332,买盘
46,14:54:17,17.38,--,16,27808,卖盘
47,14:54:12,17.38,--,2,3476,卖盘
48,14:53:53,17.38,-0.02,28,48664,卖盘
49,14:53:47,17.4,--,91,158340,买盘
50,14:53:38,17.4,--,5,8700,买盘
51,14:53:02,17.4,-0.01,30,52199,买盘
52,14:52:47,17.41,--,0,0,买盘
53,14:52:32,17.41,--,0,0,买盘
54,14:52:26,17.41,0.01,21,38284,买盘
55,14:52:22,17.4,--,2,3479,卖盘
56,14:52:11,17.4,0.01,13,22637,买盘
57,14:52:07,17.39,--,10,17390,卖盘
58,14:52:01,17.39,--,34,59126,卖盘
59,14:51:56,17.39,--,17,29563,卖盘
60,14:51:52,17.39,--,112,194768,卖盘
61,14:51:46,17.39,-0.01,66,114774,卖盘
62,14:51:41,17.4,0.01,14,24359,买盘
63,14:51:32,17.39,--,25,43475,卖盘
64,14:51:11,17.39,0.02,20,34780,卖盘
65,14:51:07,17.37,-0.02,5,8685,卖盘
66,14:51:02,17.39,0.01,2,3478,买盘
67,14:50:56,17.38,0.02,14,24332,卖盘
68,14:50:41,17.36,--,0,0,卖盘
69,14:50:26,17.36,--,0,0,卖盘
70,14:50:22,17.36,-0.04,30,52080,卖盘
71,14:50:16,17.4,--,0,0,买盘
72,14:50:07,17.4,0.04,14,24359,买盘
73,14:49:52,17.36,--,0,0,卖盘
74,14:49:46,17.36,-0.03,28,48608,卖盘
75,14:49:41,17.39,--,0,0,中性盘
76,14:49:31,17.39,-0.01,5,8695,卖盘
77,14:49:16,17.4,--,0,0,买盘
78,14:49:01,17.4,--,11,19140,卖盘
79,14:48:52,17.4,--,3,5220,卖盘
80,14:48:46,17.4,--,8,13919,卖盘
81,14:48:31,17.4,0.01,350,609000,买盘
82,14:47:56,17.39,--,3,5217,买盘
83,14:47:31,17.39,--,1,1739,卖盘
84,14:47:11,17.39,0.03,3,5217,买盘
85,14:47:01,17.36,-0.04,2,3472,卖盘
86,14:46:56,17.4,--,100,174000,买盘
87,14:46:46,17.4,0.04,10,17400,买盘
88,14:46:41,17.36,-0.04,20,34720,卖盘
89,14:46:31,17.4,0.01,20,34800,买盘
90,14:46:25,17.39,--,0,0,中性盘
91,14:46:20,17.39,--,5,8695,卖盘
92,14:46:16,17.39,-0.01,3,5217,卖盘
93,14:46:05,17.4,0.01,22,38280,买盘
94,14:46:01,17.39,-0.01,30,52170,买盘
95,14:45:50,17.4,--,0,0,买盘
96,14:45:46,17.4,0.01,33,57419,买盘
97,14:45:40,17.39,-0.01,22,38258,买盘
98,14:45:20,17.4,--,0,0,买盘
99,14:45:10,17.4,0.01,2,3479,买盘
100,14:44:46,17.39,--,16,27824,买盘
101,14:44:40,17.39,0.01,18,31302,买盘
102,14:44:35,17.38,-0.01,1,1738,买盘
103,14:44:25,17.39,--,0,0,买盘
104,14:44:16,17.39,--,50,86950,买盘
105,14:44:05,17.39,0.03,121,210419,买盘
106,14:43:35,17.36,--,1,1736,卖盘
107,14:43:31,17.36,0.01,40,69926,买盘
108,14:43:25,17.35,--,2,3470,买盘
109,14:43:05,17.35,--,0,0,买盘
110,14:43:01,17.35,0.03,4,6940,买盘
111,14:42:55,17.32,--,118,204376,卖盘
112,14:42:50,17.32,--,1,1732,卖盘
113,14:41:46,17.32,-0.03,5,8660,卖盘
114,14:41:40,17.35,--,3,5205,卖盘
115,14:41:35,17.35,--,23,39905,卖盘
116,14:41:30,17.35,--,3,5205,卖盘
117,14:41:10,17.35,--,1,1735,买盘
118,14:41:00,17.35,--,10,17350,买盘
119,14:40:55,17.35,--,2,3470,买盘
120,14:40:50,17.35,--,10,17350,买盘
121,14:40:15,17.35,0.03,117,202995,买盘
122,14:39:49,17.32,-0.03,10,17320,卖盘
123,14:39:40,17.35,0.01,10,17350,买盘
124,14:39:25,17.34,--,0,0,卖盘
125,14:39:19,17.34,--,0,0,中性盘
126,14:39:10,17.34,0.01,105,182070,买盘
127,14:39:04,17.33,--,3,5198,买盘
128,14:38:59,17.33,--,5,8665,买盘
129,14:38:55,17.33,-0.01,4,6931,卖盘
130,14:38:49,17.34,0.01,3,5202,买盘
131,14:38:34,17.33,--,22,38125,卖盘
132,14:38:19,17.33,--,1,1732,卖盘
133,14:38:14,17.33,0.01,5,8665,买盘
134,14:38:04,17.32,--,10,17320,卖盘
135,14:37:55,17.32,--,7,12124,卖盘
136,14:37:40,17.32,--,122,211304,买盘
137,14:37:34,17.32,--,2,3464,买盘
138,14:36:40,17.32,0.02,5,8660,买盘
139,14:36:25,17.3,-0.01,7,12110,卖盘
140,14:36:19,17.31,0.01,16,27695,买盘
141,14:36:04,17.3,--,331,572630,买盘
142,14:35:49,17.3,--,29,50170,买盘
143,14:35:44,17.3,0.01,6,10380,买盘
144,14:35:34,17.29,-0.01,7,12103,卖盘
145,14:35:25,17.3,--,40,69200,买盘
146,14:35:19,17.3,--,82,141860,卖盘
147,14:34:54,17.3,--,2,3460,卖盘
148,14:34:49,17.3,--,7,12110,卖盘
149,14:34:39,17.3,--,117,202410,卖盘
150,14:34:34,17.3,--,6,10380,卖盘
151,14:34:24,17.3,--,55,95150,买盘
152,14:34:19,17.3,0.01,7,12110,买盘
153,14:34:14,17.29,-0.01,3,5187,卖盘
154,14:34:09,17.3,--,20,34600,买盘
155,14:34:04,17.3,--,21,36330,买盘
156,14:33:54,17.3,--,50,86500,买盘
157,14:33:49,17.3,0.01,4,6920,买盘
158,14:33:43,17.29,--,23,39767,买盘
159,14:33:39,17.29,--,45,77805,买盘
160,14:33:34,17.29,--,11,19019,买盘
161,14:33:28,17.29,--,80,138320,买盘
162,14:33:19,17.29,0.01,29,50141,买盘
163,14:33:13,17.28,--,2,3456,买盘
164,14:33:04,17.28,--,0,0,买盘
165,14:32:58,17.28,0.03,2,3456,买盘
166,14:32:53,17.25,--,2,3450,买盘
167,14:32:49,17.25,--,347,598575,买盘
168,14:32:43,17.25,0.01,3,5175,买盘
169,14:32:34,17.24,--,9,15515,卖盘
170,14:32:23,17.24,--,20,34480,卖盘
171,14:32:19,17.24,--,55,94819,买盘
172,14:32:13,17.24,--,3,5171,买盘
173,14:31:43,17.24,--,14,24135,买盘
174,14:31:23,17.24,-0.01,31,53443,卖盘
175,14:31:19,17.25,0.01,14,24150,买盘
176,14:31:13,17.24,-0.01,19,32755,卖盘
177,14:30:49,17.25,--,16,27600,买盘
178,14:30:43,17.25,--,73,125925,买盘
179,14:30:19,17.25,-0.03,88,151800,卖盘
180,14:30:13,17.28,--,15,25920,卖盘
181,14:29:58,17.28,--,8,13824,卖盘
182,14:29:53,17.28,0.03,10,17280,买盘
183,14:29:23,17.25,--,19,32775,买盘
184,14:29:13,17.25,--,4,6900,买盘
185,14:29:08,17.25,--,13,22425,买盘
186,14:29:03,17.25,--,21,36225,买盘
187,14:28:58,17.25,--,3,5175,买盘
188,14:28:43,17.25,--,20,34500,买盘
189,14:28:38,17.25,--,10,17250,买盘
190,14:28:33,17.25,--,23,39675,买盘
191,14:28:28,17.25,--,20,34500,买盘
192,14:28:13,17.25,-0.05,56,96600,卖盘
193,14:27:58,17.3,--,1,1730,买盘
194,14:27:48,17.3,0.06,10,17300,买盘
195,14:27:38,17.24,--,23,40513,卖盘
196,14:27:33,17.24,-0.01,30,51719,卖盘
197,14:27:28,17.25,--,4,6900,买盘
198,14:27:07,17.25,0.01,13,22425,买盘
199,14:26:58,17.24,--,1,2585,买盘
200,14:26:52,17.24,--,32,55167,买盘
201,14:26:33,17.24,0.01,1,1723,买盘
202,14:26:28,17.23,--,4,6892,买盘
203,14:26:22,17.23,--,19,32737,买盘
204,14:26:18,17.23,--,10,17230,买盘
205,14:26:03,17.23,0.01,2,3446,中性盘
206,14:25:58,17.22,-0.02,30,51660,卖盘
207,14:25:52,17.24,--,23,39652,买盘
208,14:25:48,17.24,--,5,8620,买盘
209,14:25:43,17.24,--,2,3447,买盘
210,14:25:37,17.24,--,14,24135,买盘
211,14:25:28,17.24,--,20,34480,买盘
212,14:25:13,17.24,--,7,12067,买盘
213,14:24:58,17.24,--,0,0,买盘
214,14:24:52,17.24,0.02,8,13791,买盘
215,14:24:32,17.22,--,5,8610,卖盘
216,14:24:28,17.22,0.02,23,39606,卖盘
217,14:24:22,17.2,--,0,0,卖盘
218,14:24:17,17.2,--,0,0,卖盘
219,14:24:13,17.2,-0.02,573,985560,卖盘
220,14:24:07,17.22,-0.02,22,37884,卖盘
221,14:23:57,17.24,0.01,2,3447,买盘
222,14:23:37,17.23,0.01,2,3446,买盘
223,14:23:22,17.22,-0.01,13,23247,卖盘
224,14:23:17,17.23,--,26,45659,买盘
225,14:23:13,17.23,--,7,12922,卖盘
226,14:23:07,17.23,-0.01,5,8615,卖盘
227,14:23:02,17.24,0.01,2,3447,买盘
228,14:22:58,17.23,--,52,89596,卖盘
229,14:22:52,17.23,-0.01,2,3446,卖盘
230,14:22:42,17.24,0.01,5,8620,买盘
231,14:22:37,17.23,-0.01,170,292910,卖盘
232,14:22:22,17.24,--,16,27583,卖盘
233,14:22:17,17.24,--,10,17240,卖盘
234,14:22:12,17.24,--,12,20687,卖盘
235,14:22:07,17.24,0.01,6,10343,卖盘
236,14:21:57,17.23,--,0,0,卖盘
237,14:21:42,17.23,-0.01,33,56859,卖盘
238,14:21:37,17.24,--,51,87923,卖盘
239,14:21:22,17.24,--,10,17240,卖盘
240,14:21:17,17.24,0.01,8,13791,买盘
241,14:21:01,17.23,--,1,1723,卖盘
242,14:20:52,17.23,--,7,12061,卖盘
243,14:20:46,17.23,--,8,13784,卖盘
244,14:20:42,17.23,--,1,1723,卖盘
245,14:20:37,17.23,--,0,0,卖盘
246,14:20:27,17.23,-0.02,3,5169,卖盘
247,14:20:22,17.25,0.02,209,360525,买盘
248,14:20:16,17.23,--,6,10338,卖盘
249,14:20:12,17.23,-0.01,353,609080,卖盘
250,14:20:07,17.24,--,7,12067,卖盘
251,14:20:01,17.24,--,4,6895,卖盘
252,14:19:52,17.24,-0.01,3,5171,卖盘
253,14:19:46,17.25,0.01,20,34500,买盘
254,14:19:42,17.24,-0.02,268,462031,卖盘
255,14:19:37,17.26,--,3,5178,卖盘
256,14:19:31,17.26,--,4,6904,卖盘
257,14:19:27,17.26,--,2,3452,卖盘
258,14:19:16,17.26,--,2,3452,卖盘
259,14:19:01,17.26,--,0,0,卖盘
260,14:18:46,17.26,--,5,8630,卖盘
261,14:18:42,17.26,--,2,3452,卖盘
262,14:18:37,17.26,--,1,1726,卖盘
263,14:18:22,17.26,--,80,138080,买盘
264,14:18:16,17.26,-0.04,50,86300,卖盘
265,14:17:46,17.3,0.05,2,3460,买盘
266,14:17:36,17.25,--,2,3450,卖盘
267,14:17:31,17.25,--,97,167325,买盘
268,14:17:21,17.25,--,5,8625,买盘
269,14:17:16,17.25,--,3,5175,买盘
270,14:17:11,17.25,--,5,8625,买盘
271,14:17:06,17.25,-0.04,587,1012575,卖盘
272,14:16:46,17.29,--,5,8645,买盘
273,14:16:36,17.29,--,9,15561,买盘
274,14:16:31,17.29,--,8,13832,买盘
275,14:16:21,17.29,0.01,50,86450,买盘
276,14:16:16,17.28,-0.01,2,3456,卖盘
277,14:16:06,17.29,--,13,22477,买盘
278,14:16:01,17.29,--,13,22477,买盘
279,14:15:51,17.29,--,3,5187,买盘
280,14:15:46,17.29,-0.03,64,110656,卖盘
281,14:15:36,17.32,--,40,69280,买盘
282,14:15:10,17.32,--,0,0,买盘
283,14:14:51,17.32,0.04,5,8660,买盘
284,14:14:36,17.28,--,0,0,中性盘
285,14:14:31,17.28,--,12,20736,买盘
286,14:14:25,17.28,--,89,153792,买盘
287,14:14:06,17.28,--,5,8640,买盘
288,14:14:01,17.28,--,14,24192,卖盘
289,14:13:40,17.28,--,2,3456,买盘
290,14:13:36,17.28,--,132,228096,买盘
291,14:13:31,17.28,-0.01,5,8640,卖盘
292,14:13:01,17.29,--,5,8645,买盘
293,14:12:36,17.29,0.01,10,17290,买盘
294,14:12:31,17.28,--,12,20736,卖盘
295,14:12:16,17.28,--,0,0,中性盘
296,14:12:01,17.28,--,10,17280,买盘
297,14:11:55,17.28,--,0,0,中性盘
298,14:11:46,17.28,-0.01,19,32832,卖盘
299,14:11:25,17.29,--,22,38038,买盘
300,14:11:21,17.29,--,5,8645,买盘
301,14:11:01,17.29,--,74,127946,卖盘
302,14:10:46,17.29,-0.05,2,3458,卖盘
303,14:10:35,17.34,--,0,0,买盘
304,14:10:25,17.34,--,36,62424,买盘
305,14:10:05,17.34,--,90,156060,卖盘
306,14:10:00,17.34,--,20,34680,卖盘
307,14:09:55,17.34,0.04,118,204612,买盘
308,14:09:45,17.3,-0.05,18,31140,卖盘
309,14:09:20,17.35,--,0,0,买盘
310,14:09:15,17.35,0.01,20,34700,买盘
311,14:09:00,17.34,--,0,0,买盘
312,14:08:55,17.34,0.05,21,36414,买盘
313,14:08:40,17.29,--,22,38038,卖盘
314,14:08:25,17.29,--,41,70889,卖盘
315,14:08:15,17.29,--,2,3458,卖盘
316,14:07:55,17.29,--,0,0,卖盘
317,14:07:45,17.29,-0.07,3,5187,卖盘
318,14:07:25,17.36,--,0,0,买盘
319,14:07:10,17.36,--,2,4340,卖盘
320,14:06:55,17.36,--,24,41664,卖盘
321,14:06:49,17.36,0.07,178,309876,买盘
322,14:06:45,17.29,--,90,155610,卖盘
323,14:06:40,17.29,--,10,17290,卖盘
324,14:06:30,17.29,0.01,30,51870,买盘
325,14:06:25,17.28,-0.01,2,3456,卖盘
326,14:06:15,17.29,-0.01,19,32851,卖盘
327,14:06:10,17.3,0.01,3,5190,买盘
328,14:06:04,17.29,--,2,3458,卖盘
329,14:06:00,17.29,-0.01,1,1729,卖盘
330,14:05:40,17.3,--,28,48440,卖盘
331,14:05:30,17.3,--,0,0,卖盘
332,14:05:25,17.3,--,0,0,卖盘
333,14:05:19,17.3,-0.05,4,6920,卖盘
334,14:04:24,17.35,0.06,8,13880,买盘
335,14:04:18,17.29,--,1,1729,卖盘
336,14:04:15,17.29,-0.01,2,3458,卖盘
337,14:03:55,17.3,--,115,198950,买盘
338,14:03:34,17.3,--,16,27680,买盘
339,14:03:04,17.3,--,1,1730,买盘
340,14:02:54,17.3,--,5,8650,买盘
341,14:02:49,17.3,--,18,31140,买盘
342,14:02:28,17.3,0.01,29,50170,买盘
343,14:02:19,17.29,--,7,12103,买盘
344,14:01:39,17.29,--,2,3458,买盘
345,14:01:04,17.29,-0.01,1,1729,卖盘
346,14:00:39,17.3,-0.05,92,159160,卖盘
347,14:00:33,17.35,-0.01,19,32965,卖盘
348,14:00:19,17.36,-0.03,30,52080,卖盘
349,13:59:27,17.39,-0.01,30,52170,卖盘
350,13:59:24,17.4,0.01,37,64379,买盘
351,13:59:18,17.39,--,2,3478,卖盘
352,13:59:12,17.39,0.01,79,137381,买盘
353,13:59:09,17.38,0.02,23,39974,买盘
354,13:58:54,17.36,-0.03,5,8680,卖盘
355,13:58:09,17.39,--,2,3478,卖盘
356,13:57:54,17.39,0.03,22,38258,买盘
357,13:57:48,17.36,0.01,7,12152,卖盘
358,13:57:42,17.35,--,0,0,卖盘
359,13:57:03,17.35,-0.03,24,41640,卖盘
360,13:56:57,17.38,0.03,2,3476,买盘
361,13:56:38,17.35,-0.03,10,17350,卖盘
362,13:56:33,17.38,0.03,1,1738,买盘
363,13:56:27,17.35,--,1,1735,卖盘
364,13:56:23,17.35,--,5,8675,卖盘
365,13:56:18,17.35,--,0,0,卖盘
366,13:55:42,17.35,--,10,17350,卖盘
367,13:55:33,17.35,--,2,3470,卖盘
368,13:54:57,17.35,--,0,0,卖盘
369,13:54:42,17.35,-0.01,33,57255,卖盘
370,13:54:33,17.36,--,1,1736,卖盘
371,13:54:27,17.36,0.01,7,12152,买盘
372,13:54:21,17.35,-0.01,12,20820,卖盘
373,13:54:12,17.36,0.01,2,3472,买盘
374,13:53:42,17.35,-0.01,1,1735,卖盘
375,13:53:36,17.36,--,20,34720,买盘
376,13:53:27,17.36,-0.04,1,1736,买盘
377,13:53:21,17.4,--,0,0,买盘
378,13:53:18,17.4,--,25,43500,买盘
379,13:53:12,17.4,0.02,225,391499,买盘
380,13:53:06,17.38,0.05,250,434500,买盘
381,13:53:03,17.33,-0.01,23,39858,卖盘
382,13:52:42,17.34,-0.02,3,5202,卖盘
383,13:52:33,17.36,--,5,8680,卖盘
384,13:52:21,17.36,--,2,3472,卖盘
385,13:52:18,17.36,--,13,22568,卖盘
386,13:52:06,17.36,-0.02,5,8680,卖盘
387,13:52:03,17.38,--,0,0,买盘
388,13:51:48,17.38,--,17,29546,卖盘
389,13:51:42,17.38,--,42,72996,卖盘
390,13:51:27,17.38,--,2,3476,卖盘
391,13:51:21,17.38,--,11,19118,买盘
392,13:51:12,17.38,--,0,0,买盘
393,13:51:02,17.38,--,10,17380,买盘
394,13:50:57,17.38,--,0,0,买盘
395,13:50:32,17.38,--,4,6952,买盘
396,13:50:21,17.38,0.02,90,156420,买盘
397,13:49:57,17.36,--,64,111104,买盘
398,13:49:51,17.36,0.04,300,520800,买盘
399,13:49:47,17.32,--,13,22516,卖盘
400,13:49:42,17.32,--,1,1732,卖盘
401,13:49:32,17.32,--,2,3464,卖盘
402,13:49:27,17.32,--,1,1732,买盘
403,13:49:00,17.32,--,0,0,中性盘
404,13:48:51,17.32,0.02,7,12124,买盘
405,13:48:21,17.3,0.03,9,15570,卖盘
406,13:48:15,17.27,0.01,1,1727,买盘
407,13:48:12,17.26,--,0,0,卖盘
408,13:48:06,17.26,-0.04,2,3452,卖盘
409,13:47:30,17.3,--,0,0,中性盘
410,13:47:21,17.3,-0.01,20,34600,卖盘
411,13:47:12,17.31,--,0,0,卖盘
412,13:46:36,17.31,--,2,3461,卖盘
413,13:46:21,17.31,-0.01,5,8655,卖盘
414,13:45:42,17.32,--,5,8660,卖盘
415,13:45:30,17.32,--,0,0,卖盘
416,13:45:27,17.32,-0.03,1,1732,卖盘
417,13:45:12,17.35,--,10,17350,买盘
418,13:45:06,17.35,--,18,31230,卖盘
419,13:45:00,17.35,--,2,3470,卖盘
420,13:44:57,17.35,--,24,41640,卖盘
421,13:44:51,17.35,--,9,15615,卖盘
422,13:44:36,17.35,--,2,3470,卖盘
423,13:44:26,17.35,0.01,247,428545,买盘
424,13:44:11,17.34,--,13,22542,卖盘
425,13:44:06,17.34,--,8,13872,卖盘
426,13:43:57,17.34,--,10,17340,卖盘
427,13:43:51,17.34,-0.01,8,13872,卖盘
428,13:43:45,17.35,0.01,22,38170,买盘
429,13:43:41,17.34,--,29,50286,卖盘
430,13:43:36,17.34,--,7,12138,卖盘
431,13:43:26,17.34,--,45,78030,卖盘
432,13:43:21,17.34,--,3,5202,卖盘
433,13:43:06,17.34,-0.01,11,19074,卖盘
434,13:42:56,17.35,0.01,5,8675,买盘
435,13:42:51,17.34,--,6,10404,卖盘
436,13:42:45,17.34,-0.01,10,17340,卖盘
437,13:42:41,17.35,0.01,1,1735,买盘
438,13:42:36,17.34,-0.01,59,102306,卖盘
439,13:42:30,17.35,--,74,128390,买盘
440,13:42:11,17.35,--,5,8675,买盘
441,13:42:06,17.35,0.01,9,15615,买盘
442,13:41:54,17.34,--,10,17340,卖盘
443,13:41:51,17.34,0.02,5,8670,买盘
444,13:41:24,17.32,-0.02,4,6928,卖盘
445,13:41:21,17.34,--,20,34680,买盘
446,13:41:15,17.34,--,16,27744,买盘
447,13:41:09,17.34,0.02,78,135252,买盘
448,13:41:06,17.32,--,21,36372,卖盘
449,13:41:00,17.32,--,0,0,卖盘
450,13:40:36,17.32,-0.02,8,13856,中性盘
451,13:40:30,17.34,0.02,29,50286,买盘
452,13:40:24,17.32,0.01,24,41568,买盘
453,13:40:21,17.31,-0.01,250,432749,卖盘
454,13:40:15,17.32,0.01,8,13856,买盘
455,13:39:51,17.31,0.04,83,143673,买盘
456,13:39:39,17.27,-0.03,3,5181,卖盘
457,13:39:36,17.3,--,21,36330,买盘
458,13:39:09,17.3,-0.02,24,41520,卖盘
459,13:39:06,17.32,--,0,0,买盘
460,13:38:39,17.32,--,19,32908,卖盘
461,13:38:30,17.32,-0.02,2,3464,卖盘
462,13:38:24,17.34,0.02,2,3468,买盘
463,13:38:21,17.32,--,22,38104,买盘
464,13:37:39,17.32,--,0,0,买盘
465,13:37:35,17.32,0.04,69,119508,买盘
466,13:37:30,17.28,--,16,27648,买盘
467,13:37:20,17.28,--,11,19008,买盘
468,13:37:00,17.28,0.01,4,6912,买盘
469,13:36:54,17.27,--,9,15543,买盘
470,13:36:50,17.27,--,25,43175,买盘
471,13:36:45,17.27,--,10,17270,买盘
472,13:36:39,17.27,--,1,1727,买盘
473,13:36:30,17.27,--,5,8635,买盘
474,13:36:24,17.27,0.01,10,17270,买盘
475,13:36:20,17.26,-0.01,2,3452,卖盘
476,13:36:15,17.27,--,0,0,买盘
477,13:36:09,17.27,-0.01,19,32813,卖盘
478,13:36:05,17.28,--,10,17280,买盘
479,13:36:00,17.28,--,50,86400,买盘
480,13:35:54,17.28,--,17,29376,买盘
481,13:35:39,17.28,--,0,0,买盘
482,13:35:35,17.28,--,10,17280,买盘
483,13:35:24,17.28,--,6,10368,买盘
484,13:35:20,17.28,0.04,10,17280,买盘
485,13:35:15,17.24,--,0,0,卖盘
486,13:35:05,17.24,-0.04,1,1723,卖盘
487,13:35:00,17.28,0.05,22,38016,买盘
488,13:34:49,17.23,--,1,1723,买盘
489,13:34:30,17.23,0.01,5,8615,买盘
490,13:34:18,17.22,--,40,68880,卖盘
491,13:34:15,17.22,--,0,0,卖盘
492,13:34:09,17.22,--,225,387450,买盘
493,13:34:00,17.22,--,113,194586,买盘
494,13:33:48,17.22,--,5,8610,买盘
495,13:33:45,17.22,--,10,17220,买盘
496,13:33:39,17.22,0.01,1,1722,买盘
497,13:33:33,17.21,-0.01,12,20652,卖盘
498,13:33:30,17.22,--,20,34440,买盘
499,13:33:24,17.22,0.01,539,928157,买盘
500,13:33:09,17.21,--,2,3442,卖盘
501,13:32:48,17.21,--,5,8605,卖盘
502,13:32:45,17.21,--,76,130796,卖盘
503,13:32:33,17.21,-0.01,7,12047,卖盘
504,13:32:24,17.22,0.01,81,139482,买盘
505,13:32:09,17.21,-0.01,36,61956,卖盘
506,13:31:39,17.22,0.01,4,6888,买盘
507,13:31:33,17.21,--,2,3442,卖盘
508,13:31:30,17.21,--,24,41304,卖盘
509,13:30:54,17.21,-0.01,61,104981,卖盘
510,13:30:44,17.22,0.01,2,3444,买盘
511,13:29:54,17.21,-0.01,5,8605,卖盘
512,13:29:39,17.22,0.01,2,3444,买盘
513,13:29:29,17.21,--,20,34420,卖盘
514,13:29:14,17.21,--,4,6884,卖盘
515,13:29:09,17.21,-0.01,13,22373,卖盘
516,13:28:59,17.22,0.01,1,1722,买盘
517,13:28:54,17.21,-0.01,1,1721,卖盘
518,13:28:09,17.22,0.01,4,6888,买盘
519,13:28:03,17.21,-0.01,18,30978,卖盘
520,13:27:54,17.22,0.01,10,17220,买盘
521,13:27:39,17.21,-0.01,74,127354,卖盘
522,13:27:29,17.22,0.01,10,17220,买盘
523,13:27:03,17.21,-0.01,110,189310,卖盘
524,13:26:59,17.22,0.01,3,5166,买盘
525,13:26:54,17.21,--,3,5163,卖盘
526,13:26:48,17.21,--,2,3442,卖盘
527,13:26:44,17.21,0.01,20,34420,买盘
528,13:26:39,17.2,--,1,1720,卖盘
529,13:26:33,17.2,--,8,13760,卖盘
530,13:26:27,17.2,-0.02,40,68800,卖盘
531,13:26:24,17.22,0.01,9,15497,买盘
532,13:26:18,17.21,--,10,17210,卖盘
533,13:26:08,17.21,-0.01,30,51716,卖盘
534,13:25:48,17.22,0.01,3,5166,买盘
535,13:25:42,17.21,-0.01,128,220288,卖盘
536,13:25:33,17.22,0.01,1,1722,买盘
537,13:25:23,17.21,-0.01,4,6884,卖盘
538,13:24:53,17.22,0.01,100,172200,买盘
539,13:24:48,17.21,--,2,3442,买盘
540,13:24:27,17.21,-0.01,46,79166,卖盘
541,13:24:23,17.22,--,2,3444,卖盘
542,13:24:18,17.22,--,18,30995,卖盘
543,13:24:08,17.22,-0.02,13,22386,卖盘
544,13:24:03,17.24,-0.01,14,24135,卖盘
545,13:23:57,17.25,0.01,125,215625,买盘
546,13:23:48,17.24,0.02,100,172399,买盘
547,13:23:38,17.22,-0.02,6,10332,卖盘
548,13:23:33,17.24,-0.01,47,81027,卖盘
549,13:23:18,17.25,--,111,191475,买盘
550,13:23:08,17.25,--,10,17250,买盘
551,13:22:42,17.25,--,11,18975,买盘
552,13:22:33,17.25,0.01,50,86250,买盘
553,13:22:27,17.24,-0.01,1,1723,卖盘
554,13:22:23,17.25,--,1,1725,买盘
555,13:22:08,17.25,-0.03,75,129375,卖盘
556,13:22:03,17.28,--,0,0,买盘
557,13:21:57,17.28,--,0,0,买盘
558,13:21:53,17.28,--,174,300672,卖盘
559,13:21:38,17.28,--,10,17280,卖盘
560,13:21:33,17.28,0.03,41,70848,买盘
561,13:21:03,17.25,--,15,25875,卖盘
562,13:20:57,17.25,-0.01,2,3450,卖盘
563,13:20:53,17.26,--,55,94930,买盘
564,13:20:18,17.26,--,2,3452,买盘
565,13:20:12,17.26,--,3,5178,买盘
566,13:20:08,17.26,0.01,2,3452,买盘
567,13:20:03,17.25,--,0,0,卖盘
568,13:19:57,17.25,-0.01,12,20700,卖盘
569,13:19:48,17.26,--,0,0,卖盘
570,13:19:33,17.26,--,2,3452,卖盘
571,13:19:18,17.26,--,2,3452,卖盘
572,13:19:12,17.26,-0.03,3,5178,卖盘
573,13:18:57,17.29,0.03,2,3458,买盘
574,13:18:48,17.26,-0.04,3,5178,卖盘
575,13:18:38,17.3,--,8,13840,卖盘
576,13:18:27,17.3,--,4,6920,买盘
577,13:18:21,17.3,--,15,25950,买盘
578,13:18:18,17.3,--,0,0,买盘
579,13:18:12,17.3,--,21,36330,买盘
580,13:18:03,17.3,-0.01,35,60550,买盘
581,13:17:42,17.31,0.01,16,27695,买盘
582,13:17:17,17.3,0.01,44,76120,买盘
583,13:17:02,17.29,--,4,6916,买盘
584,13:16:42,17.29,--,3,5187,买盘
585,13:16:32,17.29,--,0,0,买盘
586,13:16:17,17.29,0.04,25,43225,买盘
587,13:15:57,17.25,-0.05,1,1725,中性盘
588,13:15:51,17.3,0.06,1,1730,买盘
589,13:15:41,17.24,-0.01,2,3447,卖盘
590,13:15:17,17.25,-0.09,10,17250,买盘
591,13:15:06,17.34,--,0,0,买盘
592,13:15:02,17.34,0.08,163,282642,买盘
593,13:14:47,17.26,0.01,20,34520,买盘
594,13:14:42,17.25,-0.01,5,8625,卖盘
595,13:14:36,17.26,0.01,14,24164,买盘
596,13:14:32,17.25,--,6,10350,买盘
597,13:14:17,17.25,-0.01,2,3450,买盘
598,13:14:12,17.26,--,0,0,买盘
599,13:14:06,17.26,0.01,2,3452,买盘
600,13:14:02,17.25,0.02,7,12075,买盘
601,13:13:57,17.23,--,1,1723,卖盘
602,13:13:47,17.23,--,1,1723,卖盘
603,13:13:17,17.23,-0.03,2,3446,卖盘
604,13:13:06,17.26,--,0,0,买盘
605,13:13:02,17.26,0.03,52,89752,买盘
606,13:12:51,17.23,--,149,256727,买盘
607,13:12:32,17.23,--,0,0,买盘
608,13:12:12,17.23,0.01,10,17230,买盘
609,13:11:47,17.22,--,1,1722,卖盘
610,13:11:36,17.22,-0.01,2,3444,卖盘
611,13:11:12,17.23,--,5,8615,买盘
612,13:11:05,17.23,--,0,0,买盘
613,13:10:57,17.23,0.01,2,3446,买盘
614,13:10:50,17.22,-0.01,1,1722,买盘
615,13:10:14,17.23,--,0,0,买盘
616,13:09:56,17.23,0.03,48,82704,买盘
617,13:09:51,17.2,--,0,0,中性盘
618,13:09:45,17.2,0.01,11,18920,买盘
619,13:09:36,17.19,-0.01,7,12033,卖盘
620,13:09:26,17.2,--,0,0,中性盘
621,13:09:14,17.2,--,0,0,买盘
622,13:09:05,17.2,--,80,137600,买盘
623,13:08:56,17.2,0.01,8,13760,买盘
624,13:08:50,17.19,--,2,3438,卖盘
625,13:08:45,17.19,--,1,1719,卖盘
626,13:08:35,17.19,-0.01,1,1719,卖盘
627,13:08:26,17.2,--,4,6880,买盘
628,13:08:05,17.2,--,245,421400,买盘
629,13:07:56,17.2,--,2,3440,买盘
630,13:07:41,17.2,--,1,1720,买盘
631,13:07:26,17.2,0.01,3,5160,买盘
632,13:07:11,17.19,--,19,32661,买盘
633,13:06:56,17.19,--,5,8595,买盘
634,13:06:50,17.19,--,4,6876,买盘
635,13:06:41,17.19,--,10,17190,买盘
636,13:06:29,17.19,--,2,3438,买盘
637,13:06:26,17.19,--,9,15471,买盘
638,13:06:20,17.19,-0.01,12,20628,卖盘
639,13:06:11,17.2,--,0,0,买盘
640,13:05:59,17.2,0.02,11,18920,买盘
641,13:05:50,17.18,--,2,3436,卖盘
642,13:05:44,17.18,--,1,1718,卖盘
643,13:05:35,17.18,--,55,94490,买盘
644,13:05:26,17.18,--,1,1718,买盘
645,13:05:20,17.18,0.01,52,89336,买盘
646,13:05:11,17.17,-0.01,3,5151,卖盘
647,13:04:56,17.18,--,4,6872,买盘
648,13:04:50,17.18,--,5,8590,买盘
649,13:04:44,17.18,--,3,5154,买盘
650,13:04:35,17.18,0.01,14,24052,买盘
651,13:04:29,17.17,-0.01,22,37774,卖盘
652,13:04:14,17.18,0.01,5,8590,买盘
653,13:04:11,17.17,--,1,1717,卖盘
654,13:03:59,17.17,-0.01,5,8585,卖盘
655,13:03:56,17.18,0.01,61,104798,买盘
656,13:03:44,17.17,--,1,1717,卖盘
657,13:03:41,17.17,-0.01,3,5151,卖盘
658,13:03:35,17.18,--,10,17180,买盘
659,13:03:26,17.18,--,4,6872,买盘
660,13:03:20,17.18,-0.01,247,424346,卖盘
661,13:03:14,17.19,--,3,5157,买盘
662,13:02:59,17.19,0.01,4,6876,买盘
663,13:02:44,17.18,--,1,1718,卖盘
664,13:02:20,17.18,--,2,3436,卖盘
665,13:02:14,17.18,--,84,144312,卖盘
666,13:01:59,17.18,--,1,1718,卖盘
667,13:01:53,17.18,--,35,60130,卖盘
668,13:01:44,17.18,--,1,1718,卖盘
669,13:01:23,17.18,0.01,66,113388,买盘
670,13:01:20,17.17,-0.01,2,3434,卖盘
671,13:01:14,17.18,--,2,3436,买盘
672,13:00:59,17.18,--,5,8590,买盘
673,13:00:50,17.18,0.01,8,13744,买盘
674,13:00:44,17.17,-0.01,12,20604,卖盘
675,13:00:38,17.18,--,1,1718,买盘
676,13:00:35,17.18,--,9,15462,买盘
677,13:00:29,17.18,--,23,39514,买盘
678,13:00:05,17.18,0.01,108,185544,卖盘
679,11:30:00,17.17,--,0,0,卖盘
680,11:29:59,17.17,--,0,0,卖盘
681,11:29:59,17.17,--,0,0,卖盘
682,11:29:51,17.17,-0.01,100,171700,卖盘
683,11:29:46,17.18,--,3,5154,卖盘
684,11:29:31,17.18,-0.01,10,17180,卖盘
685,11:29:21,17.19,--,0,0,买盘
686,11:29:16,17.19,0.02,4,6876,买盘
687,11:29:09,17.17,-0.02,60,103020,卖盘
688,11:29:06,17.19,--,0,0,买盘
689,11:29:01,17.19,--,5,8595,买盘
690,11:28:46,17.19,0.01,32,55008,买盘
691,11:28:36,17.18,--,7,12026,买盘
692,11:28:25,17.18,--,10,17180,买盘
693,11:28:21,17.18,--,0,0,中性盘
694,11:28:16,17.18,--,1,1718,买盘
695,11:28:00,17.18,--,5,8590,买盘
696,11:27:51,17.18,0.01,3,5154,买盘
697,11:27:45,17.17,-0.01,29,49793,卖盘
698,11:27:39,17.18,0.01,50,85900,买盘
699,11:27:36,17.17,-0.01,103,176851,卖盘
700,11:27:31,17.18,0.01,34,58412,买盘
701,11:27:24,17.17,-0.01,10,17170,卖盘
702,11:27:21,17.18,--,5,8590,买盘
703,11:27:06,17.18,--,60,103080,买盘
704,11:27:00,17.18,-0.02,155,266290,卖盘
705,11:26:54,17.2,0.01,2,3440,买盘
706,11:26:51,17.19,--,13,22347,卖盘
707,11:26:45,17.19,-0.01,34,58446,卖盘
708,11:26:39,17.2,0.01,5,8600,买盘
709,11:26:36,17.19,--,47,80793,卖盘
710,11:26:31,17.19,--,51,87669,卖盘
711,11:26:25,17.19,--,71,122049,卖盘
712,11:26:06,17.19,--,30,51570,卖盘
713,11:25:55,17.19,-0.01,5,8595,卖盘
714,11:25:45,17.2,0.01,33,56760,买盘
715,11:25:30,17.19,-0.01,13,22347,卖盘
716,11:25:24,17.2,--,88,151360,买盘
717,11:25:15,17.2,-0.02,370,637948,卖盘
718,11:25:09,17.22,--,30,51660,卖盘
719,11:25:00,17.22,-0.01,19,32717,卖盘
720,11:24:54,17.23,--,32,55136,买盘
721,11:24:50,17.23,--,18,31014,买盘
722,11:24:45,17.23,0.01,120,206760,买盘
723,11:24:39,17.22,--,19,32717,卖盘
724,11:24:35,17.22,-0.01,17,29273,卖盘
725,11:24:30,17.23,0.01,20,34460,买盘
726,11:24:24,17.22,-0.02,52,89544,卖盘
727,11:24:20,17.24,--,17,29307,卖盘
728,11:24:15,17.24,0.01,19,32755,中性盘
729,11:24:09,17.23,--,1,1723,卖盘
730,11:24:05,17.23,--,38,65474,卖盘
731,11:24:00,17.23,--,37,63751,卖盘
732,11:23:54,17.23,--,0,0,卖盘
733,11:23:45,17.23,--,2,3446,卖盘
734,11:23:39,17.23,--,18,31014,卖盘
735,11:23:35,17.23,-0.01,17,29291,卖盘
736,11:23:24,17.24,--,3,5171,买盘
737,11:23:15,17.24,--,12,20687,卖盘
738,11:23:09,17.24,0.01,2,3447,卖盘
739,11:23:03,17.23,--,28,48244,卖盘
740,11:22:54,17.23,--,0,0,卖盘
741,11:22:48,17.23,--,0,0,卖盘
742,11:22:45,17.23,--,10,17230,卖盘
743,11:22:39,17.23,-0.01,1,1723,卖盘
744,11:22:30,17.24,--,1,1723,卖盘
745,11:22:18,17.24,-0.01,26,44823,卖盘
746,11:22:15,17.25,--,2,3450,买盘
747,11:21:54,17.25,--,20,34500,买盘
748,11:21:45,17.25,--,5,8625,买盘
749,11:21:39,17.25,0.03,14,24150,买盘
750,11:21:33,17.22,-0.03,28,48216,卖盘
751,11:21:30,17.25,0.03,5,8625,买盘
752,11:21:18,17.22,--,3,5166,卖盘
753,11:21:15,17.22,--,20,34612,买盘
754,11:21:09,17.22,--,5,8610,买盘
755,11:21:00,17.22,--,1,1722,买盘
756,11:20:54,17.22,--,4,6888,买盘
757,11:20:48,17.22,-0.02,231,399331,卖盘
758,11:20:45,17.24,--,11,18964,卖盘
759,11:20:39,17.24,-0.01,1,1723,卖盘
760,11:20:33,17.25,0.01,2,3450,买盘
761,11:20:18,17.24,0.02,1,1723,中性盘
762,11:20:15,17.22,-0.03,51,87822,卖盘
763,11:20:09,17.25,0.03,100,172500,买盘
764,11:20:03,17.22,-0.03,27,46494,卖盘
765,11:20:00,17.25,--,22,37950,买盘
766,11:19:54,17.25,0.01,14,24150,中性盘
767,11:19:45,17.24,-0.02,1,1723,卖盘
768,11:19:30,17.26,0.02,359,619634,买盘
769,11:19:24,17.24,0.01,14,24135,卖盘
770,11:19:18,17.23,-0.02,1,1723,买盘
771,11:19:15,17.25,--,0,0,买盘
772,11:19:09,17.25,--,79,136275,买盘
773,11:19:03,17.25,0.03,1,1725,买盘
774,11:19:00,17.22,-0.03,18,30995,卖盘
775,11:18:48,17.25,--,258,445050,卖盘
776,11:18:45,17.25,--,8,13800,卖盘
777,11:18:39,17.25,--,44,76072,买盘
778,11:18:33,17.25,0.01,10,17250,买盘
779,11:18:30,17.24,0.01,2,3447,买盘
780,11:18:24,17.23,--,30,51690,卖盘
781,11:18:18,17.23,--,1,1723,卖盘
782,11:18:03,17.23,--,1,1723,卖盘
783,11:17:59,17.23,--,44,75812,买盘
784,11:17:54,17.23,--,24,41352,卖盘
785,11:17:48,17.23,--,25,43075,卖盘
786,11:17:44,17.23,--,3,5169,卖盘
787,11:17:39,17.23,--,79,136117,买盘
788,11:17:33,17.23,--,2,3446,买盘
789,11:17:24,17.23,--,25,43075,卖盘
790,11:17:18,17.23,--,1,1723,卖盘
791,11:17:14,17.23,-0.01,17,29291,卖盘
792,11:17:09,17.24,-0.01,2,3447,卖盘
793,11:17:03,17.25,--,5,8625,买盘
794,11:16:57,17.25,--,10,17250,买盘
795,11:16:54,17.25,--,18,32602,卖盘
796,11:16:48,17.25,--,32,55200,卖盘
797,11:16:39,17.25,--,21,36225,卖盘
798,11:16:33,17.25,--,52,89700,卖盘
799,11:16:27,17.25,--,10,17250,卖盘
800,11:16:24,17.25,--,10,17250,卖盘
801,11:16:18,17.25,-0.01,2,3450,卖盘
802,11:16:12,17.26,--,93,160518,卖盘
803,11:16:09,17.26,-0.01,30,51780,卖盘
804,11:15:48,17.27,--,26,44902,卖盘
805,11:15:33,17.27,--,37,63899,买盘
806,11:15:27,17.27,-0.01,12,20724,卖盘
807,11:15:18,17.28,-0.03,4,6912,卖盘
808,11:15:12,17.31,--,10,17310,买盘
809,11:15:09,17.31,--,12,20772,买盘
810,11:15:03,17.31,--,13,22503,买盘
811,11:14:57,17.31,-0.01,20,34620,卖盘
812,11:14:54,17.32,0.01,6,10392,买盘
813,11:14:48,17.31,--,1,1730,卖盘
814,11:14:33,17.31,--,3,5193,卖盘
815,11:14:27,17.31,--,5,8655,买盘
816,11:14:23,17.31,--,14,24234,买盘
817,11:14:12,17.31,0.01,6,10386,买盘
818,11:14:09,17.3,--,1,1730,卖盘
819,11:14:03,17.3,--,5,8650,卖盘
820,11:13:57,17.3,0.01,22,38060,买盘
821,11:13:48,17.29,--,1,1729,卖盘
822,11:13:38,17.29,--,0,0,中性盘
823,11:13:33,17.29,0.01,3,5187,买盘
824,11:13:23,17.28,--,33,57024,卖盘
825,11:13:18,17.28,--,1,1728,卖盘
826,11:13:12,17.28,--,0,0,卖盘
827,11:12:53,17.28,--,0,0,卖盘
828,11:12:48,17.28,--,1,1728,卖盘
829,11:12:39,17.28,0.01,51,88128,买盘
830,11:12:33,17.27,--,7,12089,卖盘
831,11:12:18,17.27,--,1,1727,卖盘
832,11:12:08,17.27,--,0,0,中性盘
833,11:12:03,17.27,--,1,1727,买盘
834,11:11:57,17.27,0.01,6,10362,买盘
835,11:11:53,17.26,--,5,8630,卖盘
836,11:11:48,17.26,-0.01,9,15534,卖盘
837,11:11:42,17.27,0.01,9,15543,买盘
838,11:11:38,17.26,-0.01,1,1726,卖盘
839,11:11:33,17.27,0.01,4,6908,买盘
840,11:11:27,17.26,--,10,17260,卖盘
841,11:11:18,17.26,0.01,43,74218,买盘
842,11:11:12,17.25,-0.02,2,3450,卖盘
843,11:11:07,17.27,0.01,51,88077,买盘
844,11:11:03,17.26,-0.01,17,29342,卖盘
845,11:10:57,17.27,--,2,3454,买盘
846,11:10:42,17.27,--,10,17270,买盘
847,11:10:36,17.27,--,6,10362,买盘
848,11:10:27,17.27,-0.01,67,115709,卖盘
849,11:10:12,17.28,--,0,0,买盘
850,11:10:03,17.28,--,0,0,中性盘
851,11:09:57,17.28,--,28,48384,卖盘
852,11:09:48,17.28,--,3,5184,卖盘
853,11:09:42,17.28,0.03,2,3456,卖盘
854,11:09:33,17.25,--,26,44850,卖盘
855,11:09:27,17.25,--,0,0,卖盘
856,11:09:18,17.25,--,3,5175,卖盘
857,11:09:12,17.25,-0.06,710,1224750,卖盘
858,11:09:06,17.31,0.01,3,5193,买盘
859,11:08:48,17.3,--,1,1730,卖盘
860,11:08:27,17.3,--,15,25950,卖盘
861,11:08:18,17.3,--,1,1730,卖盘
862,11:08:06,17.3,-0.01,4,6920,卖盘
863,11:08:02,17.31,-0.01,56,96936,卖盘
864,11:07:57,17.32,0.01,4,6928,买盘
865,11:07:48,17.31,--,1,1730,卖盘
866,11:07:42,17.31,--,0,0,卖盘
867,11:07:36,17.31,-0.01,17,29426,卖盘
868,11:07:21,17.32,-0.01,2,3464,卖盘
869,11:07:17,17.33,0.01,34,58921,买盘
870,11:07:12,17.32,-0.01,6,10392,卖盘
871,11:06:57,17.33,0.01,14,24261,买盘
872,11:06:51,17.32,--,2,3464,卖盘
873,11:06:47,17.32,--,1,1732,卖盘
874,11:06:42,17.32,0.01,12,20957,买盘
875,11:06:36,17.31,--,15,25964,卖盘
876,11:06:32,17.31,-0.01,44,76164,卖盘
877,11:06:27,17.32,--,3,6754,卖盘
878,11:06:18,17.32,--,1,1732,卖盘
879,11:06:12,17.32,0.01,26,45205,买盘
880,11:05:57,17.31,-0.01,11,19041,卖盘
881,11:05:42,17.32,--,8,13856,买盘
882,11:05:32,17.32,0.01,1,1732,买盘
883,11:05:27,17.31,-0.01,3,5193,卖盘
884,11:05:12,17.32,0.01,1,1732,买盘
885,11:05:02,17.31,--,26,45006,卖盘
886,11:04:51,17.31,--,1,1730,卖盘
887,11:04:47,17.31,--,7,12117,卖盘
888,11:04:42,17.31,--,7,12117,卖盘
889,11:04:36,17.31,--,1,1730,卖盘
890,11:04:21,17.31,--,5,8655,卖盘
891,11:04:17,17.31,--,2,3461,卖盘
892,11:03:51,17.31,-0.01,4,6923,卖盘
893,11:03:42,17.32,--,85,148778,卖盘
894,11:03:21,17.32,--,3,5196,卖盘
895,11:03:15,17.32,--,9,15588,卖盘
896,11:03:12,17.32,--,27,46764,卖盘
897,11:03:06,17.32,-0.01,4,6928,卖盘
898,11:03:00,17.33,--,6,10397,买盘
899,11:02:51,17.33,--,6,10397,买盘
900,11:02:42,17.33,--,10,17330,卖盘
901,11:02:36,17.33,--,1,1732,卖盘
902,11:02:30,17.33,--,2,3465,卖盘
903,11:02:21,17.33,--,14,24261,卖盘
904,11:02:15,17.33,--,11,19062,卖盘
905,11:02:12,17.33,--,2,3465,卖盘
906,11:01:51,17.33,-0.01,15,25994,卖盘
907,11:01:36,17.34,--,5,8670,买盘
908,11:01:27,17.34,--,30,52020,买盘
909,11:01:12,17.34,0.01,20,34680,买盘
910,11:01:06,17.33,-0.01,1,1732,卖盘
911,11:01:00,17.34,--,2,3468,买盘
912,11:00:51,17.34,0.01,19,32946,买盘
913,11:00:45,17.33,--,1,1732,卖盘
914,11:00:36,17.33,-0.01,10,17330,卖盘
915,11:00:30,17.34,--,14,24276,卖盘
916,11:00:15,17.34,0.01,1,1734,中性盘
917,11:00:11,17.33,--,8,13863,卖盘
918,11:00:06,17.33,-0.01,53,91848,卖盘
919,10:59:56,17.34,--,2,3468,买盘
920,10:59:51,17.34,0.01,10,17340,买盘
921,10:59:45,17.33,--,1,1732,卖盘
922,10:59:26,17.33,--,8,13863,卖盘
923,10:59:21,17.33,--,1,1732,卖盘
924,10:59:15,17.33,--,1,1732,卖盘
925,10:58:56,17.33,--,9,15596,卖盘
926,10:58:45,17.33,--,1,1732,卖盘
927,10:58:36,17.33,--,1,1732,卖盘
928,10:58:15,17.33,--,1,1732,卖盘
929,10:58:06,17.33,--,8,13863,卖盘
930,10:58:00,17.33,--,1,1732,卖盘
931,10:57:45,17.33,--,1,1732,卖盘
932,10:57:30,17.33,--,29,50256,买盘
933,10:57:26,17.33,--,13,22528,买盘
934,10:57:15,17.33,0.01,12,20795,买盘
935,10:56:56,17.32,--,10,17320,卖盘
936,10:56:45,17.32,-0.01,4,6928,卖盘
937,10:56:41,17.33,0.01,115,199294,买盘
938,10:56:36,17.32,-0.01,2,3464,卖盘
939,10:56:30,17.33,0.01,1,1732,买盘
940,10:56:15,17.32,--,1,1732,卖盘
941,10:56:09,17.32,-0.01,1,1732,卖盘
942,10:56:06,17.33,--,20,34833,买盘
943,10:56:00,17.33,--,16,27727,买盘
944,10:55:51,17.33,--,3,5198,买盘
945,10:55:39,17.33,0.01,5,8665,买盘
946,10:55:36,17.32,--,1,1732,卖盘
947,10:55:30,17.32,-0.01,1,1732,卖盘
948,10:55:21,17.33,--,2,3465,买盘
949,10:54:39,17.33,--,1,1732,买盘
950,10:54:30,17.33,0.01,2,3465,买盘
951,10:54:24,17.32,--,17,29444,买盘
952,10:54:20,17.32,--,17,29444,买盘
953,10:54:15,17.32,0.01,4,6928,买盘
954,10:54:06,17.31,-0.01,8,13847,卖盘
955,10:54:00,17.32,--,2,3464,买盘
956,10:53:51,17.32,0.01,17,29444,买盘
957,10:53:45,17.31,--,38,65778,卖盘
958,10:53:36,17.31,-0.01,1,1730,卖盘
959,10:53:30,17.32,--,26,45032,卖盘
960,10:53:20,17.32,--,2,3464,卖盘
961,10:53:15,17.32,--,1,1732,卖盘
962,10:52:50,17.32,--,8,13856,卖盘
963,10:52:45,17.32,--,1,1732,卖盘
964,10:52:30,17.32,--,29,50228,买盘
965,10:52:15,17.32,0.01,4,6928,买盘
966,10:52:09,17.31,--,1,1730,卖盘
967,10:52:05,17.31,-0.01,14,24234,卖盘
968,10:51:50,17.32,--,40,69280,卖盘
969,10:51:45,17.32,--,1,1732,卖盘
970,10:51:35,17.32,--,2,3464,卖盘
971,10:51:30,17.32,-0.01,1,1732,卖盘
972,10:51:20,17.33,--,31,53722,卖盘
973,10:51:00,17.33,--,2,3465,卖盘
974,10:50:50,17.33,--,8,13863,卖盘
975,10:50:45,17.33,-0.02,34,58921,卖盘
976,10:50:20,17.35,0.01,30,52050,买盘
977,10:50:15,17.34,--,2,3468,卖盘
978,10:50:09,17.34,--,1,1734,卖盘
979,10:50:00,17.34,--,6,10404,卖盘
980,10:49:45,17.34,--,58,100572,卖盘
981,10:49:38,17.34,--,13,22542,卖盘
982,10:49:35,17.34,-0.01,1,1734,卖盘
983,10:49:30,17.35,0.01,19,32965,买盘
984,10:49:24,17.34,0.01,38,65892,买盘
985,10:49:15,17.33,-0.01,20,34660,卖盘
986,10:48:54,17.34,0.01,2,3468,买盘
987,10:48:48,17.33,-0.01,1,1732,卖盘
988,10:48:30,17.34,--,7,12138,买盘
989,10:48:24,17.34,-0.01,22,38148,卖盘
990,10:47:44,17.35,--,18,31230,买盘
991,10:47:39,17.35,-0.03,55,95425,卖盘
992,10:47:29,17.38,0.02,1,1738,买盘
993,10:47:24,17.36,-0.02,1,1736,卖盘
994,10:47:14,17.38,0.02,8,13904,买盘
995,10:47:09,17.36,-0.02,26,45136,卖盘
996,10:46:59,17.38,--,7,12166,买盘
997,10:46:54,17.38,0.03,21,36498,买盘
998,10:46:48,17.35,-0.02,15,26025,卖盘
999,10:46:44,17.37,0.01,54,93798,买盘
1000,10:46:39,17.36,-0.01,5,8680,卖盘
1001,10:46:29,17.37,0.01,2,3474,买盘
1002,10:46:24,17.36,-0.01,7,12152,卖盘
1003,10:46:18,17.37,--,0,0,买盘
1004,10:46:14,17.37,-0.01,2,3474,中性盘
1005,10:46:09,17.38,0.01,7,12166,中性盘
1006,10:46:03,17.37,-0.02,5,8685,卖盘
1007,10:45:59,17.39,0.02,49,85211,买盘
1008,10:45:54,17.37,--,133,231021,卖盘
1009,10:45:48,17.37,--,13,22581,卖盘
1010,10:45:44,17.37,-0.02,22,38214,卖盘
1011,10:45:39,17.39,--,3,5217,买盘
1012,10:45:24,17.39,0.02,12,20868,买盘
1013,10:45:18,17.37,--,1,1737,卖盘
1014,10:45:14,17.37,-0.02,4,6948,卖盘
1015,10:45:09,17.39,0.01,4,6956,买盘
1016,10:45:03,17.38,0.01,2,3476,买盘
1017,10:44:59,17.37,-0.02,13,22581,卖盘
1018,10:44:54,17.39,0.02,6,10434,买盘
1019,10:44:48,17.37,-0.01,14,24318,卖盘
1020,10:44:44,17.38,0.01,5,8690,买盘
1021,10:44:33,17.37,-0.01,2,3474,卖盘
1022,10:44:29,17.38,0.01,6,10428,买盘
1023,10:44:24,17.37,--,18,31266,买盘
1024,10:44:09,17.37,--,4,6948,买盘
1025,10:43:59,17.37,0.01,16,27792,买盘
1026,10:43:54,17.36,--,15,26040,买盘
1027,10:43:48,17.36,0.01,1,1736,买盘
1028,10:43:44,17.35,-0.01,6,10410,卖盘
1029,10:43:39,17.36,0.01,4,6944,买盘
1030,10:43:33,17.35,--,0,0,卖盘
1031,10:43:29,17.35,-0.01,12,20820,卖盘
1032,10:43:24,17.36,0.01,1,1736,买盘
1033,10:43:18,17.35,-0.01,1,1735,卖盘
1034,10:43:03,17.36,--,1,1736,买盘
1035,10:42:54,17.36,--,1,1736,买盘
1036,10:42:48,17.36,--,3,5208,买盘
1037,10:42:43,17.36,--,6,10416,买盘
1038,10:42:39,17.36,0.01,13,22568,中性盘
1039,10:42:33,17.35,-0.02,11,19085,卖盘
1040,10:42:18,17.37,--,1,1737,买盘
1041,10:42:14,17.37,--,0,0,买盘
1042,10:42:09,17.37,0.01,8,13896,买盘
1043,10:42:03,17.36,--,18,31248,卖盘
1044,10:41:57,17.36,-0.01,2,3472,卖盘
1045,10:41:54,17.37,--,2,3474,买盘
1046,10:41:39,17.37,0.01,5,8685,买盘
1047,10:41:33,17.36,-0.02,12,20832,买盘
1048,10:41:24,17.38,--,0,0,买盘
1049,10:41:12,17.38,--,0,0,买盘
1050,10:40:33,17.38,--,0,0,买盘
1051,10:40:23,17.38,0.04,6,10428,买盘
1052,10:40:17,17.34,-0.01,19,32946,卖盘
1053,10:40:08,17.35,0.01,3,5205,买盘
1054,10:40:03,17.34,-0.01,4,6936,卖盘
1055,10:39:53,17.35,--,8,13880,买盘
1056,10:39:48,17.35,--,25,43375,买盘
1057,10:39:38,17.35,--,0,0,买盘
1058,10:39:23,17.35,0.01,5,8675,买盘
1059,10:39:18,17.34,-0.01,5,8670,卖盘
1060,10:39:11,17.35,--,5,8675,买盘
1061,10:39:08,17.35,--,2,3470,买盘
1062,10:39:02,17.35,--,2,3470,买盘
1063,10:38:48,17.35,0.02,10,17350,买盘
1064,10:38:38,17.33,-0.02,1,1732,卖盘
1065,10:38:33,17.35,--,20,34700,卖盘
1066,10:38:23,17.35,--,1,1735,卖盘
1067,10:37:47,17.35,0.02,6,10410,买盘
1068,10:37:38,17.33,--,1,1732,卖盘
1069,10:37:32,17.33,--,3,5198,卖盘
1070,10:37:23,17.33,--,13,22528,买盘
1071,10:37:17,17.33,--,3,5198,买盘
1072,10:37:08,17.33,0.03,1,1732,买盘
1073,10:36:53,17.3,--,60,103800,买盘
1074,10:36:48,17.3,0.01,123,212790,买盘
1075,10:36:38,17.29,--,80,138320,卖盘
1076,10:36:26,17.29,--,1,1729,卖盘
1077,10:36:23,17.29,-0.01,1,1729,卖盘
1078,10:36:17,17.3,--,10,17300,买盘
1079,10:36:11,17.3,0.01,56,96880,买盘
1080,10:36:03,17.29,--,1,1729,卖盘
1081,10:35:56,17.29,--,23,39767,买盘
1082,10:35:48,17.29,--,10,17290,买盘
1083,10:35:41,17.29,-0.01,41,70889,卖盘
1084,10:35:26,17.3,0.02,2,3460,买盘
1085,10:35:07,17.28,-0.01,21,36288,卖盘
1086,10:34:57,17.29,0.01,3,5187,买盘
1087,10:34:47,17.28,--,20,34560,卖盘
1088,10:34:41,17.28,-0.02,20,34560,卖盘
1089,10:34:32,17.3,--,10,17300,买盘
1090,10:34:27,17.3,--,15,25950,卖盘
1091,10:34:20,17.3,--,40,69200,卖盘
1092,10:34:17,17.3,--,5,8650,卖盘
1093,10:34:11,17.3,-0.01,1,1730,卖盘
1094,10:33:56,17.31,0.01,1,1730,卖盘
1095,10:33:50,17.3,--,0,0,卖盘
1096,10:33:47,17.3,-0.02,20,34600,卖盘
1097,10:33:41,17.32,--,2,3464,卖盘
1098,10:33:35,17.32,-0.01,5,8660,卖盘
1099,10:33:32,17.33,0.01,189,327536,买盘
1100,10:33:11,17.32,--,10,17320,卖盘
1101,10:33:02,17.32,--,18,31176,卖盘
1102,10:32:26,17.32,--,4,6928,卖盘
1103,10:32:20,17.32,-0.01,10,17320,卖盘
1104,10:32:02,17.33,--,12,20795,买盘
1105,10:31:56,17.33,--,11,19062,卖盘
1106,10:31:47,17.33,--,32,55455,卖盘
1107,10:31:41,17.33,-0.01,102,176765,卖盘
1108,10:31:32,17.34,--,20,34680,买盘
1109,10:31:26,17.34,--,13,22542,买盘
1110,10:31:17,17.34,--,3,5202,卖盘
1111,10:31:05,17.34,-0.01,2,3468,卖盘
1112,10:31:02,17.35,-0.01,9,15615,卖盘
1113,10:30:56,17.36,0.01,10,17360,买盘
1114,10:30:41,17.35,0.01,2,3470,卖盘
1115,10:30:35,17.34,--,0,0,卖盘
1116,10:30:32,17.34,-0.02,30,52020,卖盘
1117,10:30:20,17.36,0.02,19,32984,买盘
1118,10:30:17,17.34,-0.01,2,3468,卖盘
1119,10:30:11,17.35,0.01,3,5205,中性盘
1120,10:30:05,17.34,-0.01,38,65892,卖盘
1121,10:30:02,17.35,--,1,1735,卖盘
1122,10:29:56,17.35,0.01,15,26025,买盘
1123,10:29:50,17.34,-0.01,13,22542,卖盘
1124,10:29:26,17.35,0.01,3,5205,买盘
1125,10:29:17,17.34,-0.01,1,1734,卖盘
1126,10:29:11,17.35,-0.01,15,26025,卖盘
1127,10:29:05,17.36,0.01,3,5208,买盘
1128,10:28:47,17.35,--,1,1735,卖盘
1129,10:28:41,17.35,-0.01,28,48580,买盘
1130,10:28:26,17.36,--,0,0,买盘
1131,10:28:11,17.36,0.02,4,6944,买盘
1132,10:28:05,17.34,-0.01,40,69360,卖盘
1133,10:27:59,17.35,--,1,1735,买盘
1134,10:27:50,17.35,--,4,6940,买盘
1135,10:27:41,17.35,0.01,14,24290,买盘
1136,10:27:35,17.34,-0.01,10,17340,卖盘
1137,10:27:29,17.35,--,5,8675,买盘
1138,10:27:26,17.35,--,3,5205,买盘
1139,10:27:14,17.35,--,3,5205,买盘
1140,10:27:11,17.35,-0.01,24,41640,中性盘
1141,10:27:05,17.36,--,38,65968,买盘
1142,10:26:56,17.36,0.01,2,3472,买盘
1143,10:26:50,17.35,--,1,1735,卖盘
1144,10:26:41,17.35,-0.01,19,32965,买盘
1145,10:26:26,17.36,0.01,104,180544,买盘
1146,10:26:20,17.35,--,38,65930,买盘
1147,10:26:14,17.35,--,3,5205,买盘
1148,10:26:11,17.35,--,37,64195,卖盘
1149,10:26:05,17.35,-0.01,21,36435,卖盘
1150,10:25:56,17.36,0.01,7,12152,买盘
1151,10:25:50,17.35,--,10,17350,卖盘
1152,10:25:44,17.35,-0.01,1,1735,卖盘
1153,10:25:41,17.36,-0.01,32,55552,卖盘
1154,10:25:35,17.37,0.02,1,1737,买盘
1155,10:25:29,17.35,-0.02,101,175235,卖盘
1156,10:25:20,17.37,0.01,18,31266,买盘
1157,10:25:14,17.36,--,0,0,卖盘
1158,10:25:05,17.36,--,4,6944,卖盘
1159,10:24:56,17.36,--,65,112840,买盘
1160,10:24:44,17.36,--,30,52080,买盘
1161,10:24:41,17.36,--,2,3472,买盘
1162,10:24:35,17.36,--,5,8680,买盘
1163,10:24:29,17.36,0.01,102,177072,买盘
1164,10:24:11,17.35,--,5,8675,买盘
1165,10:23:56,17.35,0.01,3,5205,买盘
1166,10:23:50,17.34,--,14,24276,卖盘
1167,10:23:44,17.34,-0.01,5,8670,卖盘
1168,10:23:41,17.35,--,44,76340,卖盘
1169,10:23:35,17.35,--,1,1735,卖盘
1170,10:23:11,17.35,--,15,26025,买盘
1171,10:23:05,17.35,--,32,55520,买盘
1172,10:22:56,17.35,--,8,13880,卖盘
1173,10:22:50,17.35,-0.01,1,1735,卖盘
1174,10:22:44,17.36,0.01,156,270816,买盘
1175,10:22:40,17.35,-0.01,3,5205,卖盘
1176,10:22:35,17.36,--,5,8680,买盘
1177,10:22:20,17.36,0.01,5,8680,买盘
1178,10:22:14,17.35,--,1,1735,卖盘
1179,10:22:10,17.35,-0.01,7,12145,卖盘
1180,10:21:59,17.36,0.02,6,10416,买盘
1181,10:21:50,17.34,-0.02,1,1734,卖盘
1182,10:21:44,17.36,0.01,22,38192,买盘
1183,10:21:40,17.35,0.01,1,1735,买盘
1184,10:21:35,17.34,-0.01,5,8670,卖盘
1185,10:21:29,17.35,--,57,98895,卖盘
1186,10:21:25,17.35,-0.01,20,34700,卖盘
1187,10:21:14,17.36,0.01,35,60760,买盘
1188,10:21:08,17.35,--,19,32965,卖盘
1189,10:21:05,17.35,--,40,69400,卖盘
1190,10:20:59,17.35,-0.01,2,3470,卖盘
1191,10:20:44,17.36,-0.01,45,78120,卖盘
1192,10:20:35,17.37,0.01,20,34740,买盘
1193,10:20:20,17.36,--,11,19096,买盘
1194,10:20:14,17.36,--,9,15624,卖盘
1195,10:20:05,17.36,--,0,0,中性盘
1196,10:19:50,17.36,--,1,1736,买盘
1197,10:19:38,17.36,--,2,3472,买盘
1198,10:19:35,17.36,--,51,88536,买盘
1199,10:19:29,17.36,--,2,3472,买盘
1200,10:19:20,17.36,0.01,1,1736,买盘
1201,10:19:14,17.35,--,0,0,中性盘
1202,10:19:08,17.35,--,7,12145,买盘
1203,10:19:05,17.35,0.02,4,6940,买盘
1204,10:18:53,17.33,-0.02,1,1732,卖盘
1205,10:18:50,17.35,0.02,30,52050,买盘
1206,10:18:44,17.33,--,10,17330,卖盘
1207,10:18:35,17.33,-0.02,29,50256,卖盘
1208,10:18:23,17.35,--,0,0,买盘
1209,10:18:20,17.35,0.02,9,15615,买盘
1210,10:18:14,17.33,-0.03,15,25994,卖盘
1211,10:18:05,17.36,0.03,3,5208,买盘
1212,10:17:59,17.33,-0.02,14,24261,卖盘
1213,10:17:53,17.35,--,10,17350,卖盘
1214,10:17:50,17.35,--,52,90220,买盘
1215,10:17:38,17.35,-0.01,2,3470,卖盘
1216,10:17:35,17.36,--,115,199640,买盘
1217,10:17:29,17.36,0.01,18,31248,买盘
1218,10:17:23,17.35,--,6,10410,卖盘
1219,10:17:14,17.35,-0.01,39,67665,卖盘
1220,10:17:08,17.36,--,1,1736,卖盘
1221,10:17:05,17.36,--,25,43400,卖盘
1222,10:16:59,17.36,-0.01,1,1736,卖盘
1223,10:16:53,17.37,--,5,8685,买盘
1224,10:16:50,17.37,0.01,7,12159,中性盘
1225,10:16:44,17.36,-0.02,68,118048,卖盘
1226,10:16:38,17.38,-0.01,11,19118,卖盘
1227,10:16:35,17.39,0.01,3,5217,买盘
1228,10:16:29,17.38,-0.01,1,1738,卖盘
1229,10:16:23,17.39,--,14,24346,买盘
1230,10:16:19,17.39,--,10,17390,买盘
1231,10:16:14,17.39,--,3,5217,卖盘
1232,10:16:08,17.39,--,5,8695,卖盘
1233,10:16:05,17.39,--,27,46953,卖盘
1234,10:15:59,17.39,--,2,3478,卖盘
1235,10:15:53,17.39,--,4,6956,卖盘
1236,10:15:44,17.39,--,3,5217,卖盘
1237,10:15:38,17.39,-0.01,30,52170,卖盘
1238,10:15:34,17.4,--,4,6959,卖盘
1239,10:15:29,17.4,--,16,27839,卖盘
1240,10:15:23,17.4,--,26,45239,买盘
1241,10:14:59,17.4,--,53,92219,卖盘
1242,10:14:53,17.4,--,3,5220,卖盘
1243,10:14:49,17.4,--,120,208799,卖盘
1244,10:14:44,17.4,-0.01,4,6959,卖盘
1245,10:14:34,17.41,--,10,17410,买盘
1246,10:14:29,17.41,-0.01,50,87050,卖盘
1247,10:14:14,17.42,--,7,12194,卖盘
1248,10:14:02,17.42,-0.01,4,6968,卖盘
1249,10:13:53,17.43,0.01,7,12201,买盘
1250,10:13:47,17.42,--,6,10452,卖盘
1251,10:13:32,17.42,--,20,34840,卖盘
1252,10:13:29,17.42,--,1,1742,买盘
1253,10:13:14,17.42,--,2,3484,买盘
1254,10:12:59,17.42,--,47,81874,卖盘
1255,10:12:47,17.42,-0.01,4,6968,卖盘
1256,10:12:38,17.43,0.01,1,1743,买盘
1257,10:11:59,17.42,--,3,5226,卖盘
1258,10:11:53,17.42,--,1,1742,卖盘
1259,10:11:38,17.42,0.01,15,26130,卖盘
1260,10:11:32,17.41,-0.01,47,81827,卖盘
1261,10:11:28,17.42,--,5,8710,卖盘
1262,10:11:23,17.42,-0.01,16,27872,卖盘
1263,10:11:17,17.43,0.01,17,29631,买盘
1264,10:11:14,17.42,--,2,3484,卖盘
1265,10:11:08,17.42,--,18,31356,买盘
1266,10:11:02,17.42,--,17,29614,买盘
1267,10:10:53,17.42,0.02,1,1742,买盘
1268,10:10:47,17.4,-0.02,11,19140,卖盘
1269,10:10:38,17.42,0.02,2,3484,买盘
1270,10:10:28,17.4,--,1,1739,卖盘
1271,10:10:17,17.4,--,5,8700,卖盘
1272,10:10:13,17.4,--,12,20880,卖盘
1273,10:10:08,17.4,--,9,15659,买盘
1274,10:09:53,17.4,0.01,7,12179,买盘
1275,10:09:47,17.39,-0.01,1,1739,卖盘
1276,10:09:38,17.4,0.01,38,66120,买盘
1277,10:09:32,17.39,-0.01,15,26085,卖盘
1278,10:09:28,17.4,0.01,2,3479,买盘
1279,10:09:23,17.39,-0.01,55,95645,卖盘
1280,10:09:17,17.4,-0.02,7,12179,卖盘
1281,10:09:13,17.42,0.02,10,17420,买盘
1282,10:08:58,17.4,-0.02,250,434999,卖盘
1283,10:08:43,17.42,--,1,1742,买盘
1284,10:08:38,17.42,--,44,76648,卖盘
1285,10:08:32,17.42,--,3,5226,卖盘
1286,10:08:23,17.42,-0.01,1,1742,卖盘
1287,10:07:32,17.43,0.01,12,20916,买盘
1288,10:07:23,17.42,--,42,73164,卖盘
1289,10:07:17,17.42,--,12,20904,卖盘
1290,10:07:11,17.42,--,3,5226,卖盘
1291,10:07:08,17.42,--,15,26130,卖盘
1292,10:07:02,17.42,--,18,31356,卖盘
1293,10:06:53,17.42,-0.01,14,24388,卖盘
1294,10:06:47,17.43,0.01,5,8715,买盘
1295,10:06:41,17.42,--,5,8710,卖盘
1296,10:06:38,17.42,--,3,5226,中性盘
1297,10:06:32,17.42,--,3,5226,卖盘
1298,10:06:26,17.42,--,9,15678,卖盘
1299,10:06:23,17.42,-0.01,4,6968,卖盘
1300,10:06:17,17.43,0.01,4,6972,买盘
1301,10:06:08,17.42,--,9,15678,卖盘
1302,10:06:02,17.42,--,180,313560,卖盘
1303,10:05:47,17.42,-0.01,1,1742,卖盘
1304,10:05:41,17.43,--,83,146394,卖盘
1305,10:05:32,17.43,-0.02,1,1743,卖盘
1306,10:05:26,17.45,--,0,0,买盘
1307,10:05:23,17.45,--,7,12215,买盘
1308,10:04:53,17.45,0.02,1,1745,买盘
1309,10:04:47,17.43,-0.01,61,106323,卖盘
1310,10:04:38,17.44,--,27,47088,卖盘
1311,10:04:26,17.44,--,18,31392,卖盘
1312,10:04:23,17.44,--,12,20928,卖盘
1313,10:04:17,17.44,--,16,27904,卖盘
1314,10:04:07,17.44,-0.01,30,52320,卖盘
1315,10:04:02,17.45,0.01,77,134365,买盘
1316,10:03:52,17.44,-0.01,2,3488,卖盘
1317,10:03:32,17.45,--,1,1745,买盘
1318,10:03:17,17.45,-0.01,135,235575,卖盘
1319,10:03:11,17.46,0.01,5,8730,买盘
1320,10:03:07,17.45,--,2,3490,卖盘
1321,10:03:02,17.45,--,6,10470,卖盘
1322,10:02:56,17.45,--,6,10470,卖盘
1323,10:02:52,17.45,--,36,62820,卖盘
1324,10:02:47,17.45,--,22,38390,卖盘
1325,10:02:41,17.45,--,6,10470,卖盘
1326,10:02:32,17.45,-0.01,11,19195,卖盘
1327,10:02:26,17.46,0.01,6,10476,买盘
1328,10:02:22,17.45,-0.01,9,15705,卖盘
1329,10:02:17,17.46,0.01,13,22698,买盘
1330,10:02:11,17.45,--,8,13960,卖盘
1331,10:02:07,17.45,--,5,8725,卖盘
1332,10:02:02,17.45,0.01,29,50605,买盘
1333,10:01:56,17.44,--,6,10464,卖盘
1334,10:01:52,17.44,--,4,6976,卖盘
1335,10:01:47,17.44,--,15,26160,卖盘
1336,10:01:41,17.44,--,0,0,卖盘
1337,10:01:37,17.44,--,12,20928,卖盘
1338,10:01:32,17.44,--,6,10464,卖盘
1339,10:01:26,17.44,-0.01,2,3488,卖盘
1340,10:01:22,17.45,--,11,19195,买盘
1341,10:01:17,17.45,--,38,66310,卖盘
1342,10:01:11,17.45,-0.01,6,10470,中性盘
1343,10:01:02,17.46,0.01,7,12222,买盘
1344,10:00:56,17.45,0.01,21,36645,买盘
1345,10:00:41,17.44,--,8,13952,卖盘
1346,10:00:32,17.44,--,9,15696,卖盘
1347,10:00:20,17.44,--,3,5232,卖盘
1348,10:00:17,17.44,--,8,13952,卖盘
1349,10:00:11,17.44,--,16,27904,卖盘
1350,10:00:02,17.44,--,1,1744,卖盘
1351,09:59:56,17.44,--,36,62784,卖盘
1352,09:59:41,17.44,-0.01,7,12208,卖盘
1353,09:59:32,17.45,0.01,15,26175,买盘
1354,09:59:26,17.44,--,2,3488,卖盘
1355,09:59:11,17.44,-0.01,3,5232,买盘
1356,09:58:41,17.45,--,0,0,买盘
1357,09:58:01,17.45,--,18,31410,买盘
1358,09:57:41,17.45,0.02,12,20940,买盘
1359,09:57:31,17.43,-0.02,130,226590,卖盘
1360,09:57:20,17.45,--,5,8725,卖盘
1361,09:57:16,17.45,--,6,10470,卖盘
1362,09:57:11,17.45,--,30,52350,卖盘
1363,09:56:56,17.45,0.01,3,5235,买盘
1364,09:56:41,17.44,--,4,6976,买盘
1365,09:56:16,17.44,--,46,80224,卖盘
1366,09:56:11,17.44,--,6,10464,卖盘
1367,09:56:05,17.44,--,1,1744,卖盘
1368,09:55:56,17.44,0.01,2,3488,卖盘
1369,09:55:50,17.43,--,0,0,卖盘
1370,09:55:46,17.43,--,6,10458,卖盘
1371,09:55:41,17.43,-0.02,6,10458,卖盘
1372,09:55:35,17.45,--,8,13960,卖盘
1373,09:55:31,17.45,-0.01,7,12215,卖盘
1374,09:55:26,17.46,--,4,6984,买盘
1375,09:55:20,17.46,0.03,2,3492,买盘
1376,09:55:16,17.43,--,8,13944,卖盘
1377,09:55:11,17.43,0.01,79,137714,买盘
1378,09:55:05,17.42,--,7,12194,卖盘
1379,09:55:01,17.42,-0.01,29,50518,卖盘
1380,09:54:56,17.43,--,3,5229,买盘
1381,09:54:46,17.43,--,29,50547,买盘
1382,09:54:41,17.43,--,14,24402,买盘
1383,09:54:35,17.43,--,50,87150,买盘
1384,09:54:31,17.43,--,183,318969,买盘
1385,09:54:26,17.43,0.02,13,22659,买盘
1386,09:54:20,17.41,--,7,12187,卖盘
1387,09:54:16,17.41,-0.02,2,3482,卖盘
1388,09:54:11,17.43,0.01,124,216132,买盘
1389,09:54:05,17.42,--,34,59228,卖盘
1390,09:54:01,17.42,--,5,8710,卖盘
1391,09:53:56,17.42,-0.01,13,22646,卖盘
1392,09:53:50,17.43,--,18,31374,买盘
1393,09:53:41,17.43,0.01,21,36603,买盘
1394,09:53:35,17.42,-0.02,136,238636,卖盘
1395,09:53:26,17.44,0.01,10,17457,买盘
1396,09:53:20,17.43,-0.01,32,55776,卖盘
1397,09:53:14,17.44,0.01,10,17440,买盘
1398,09:53:11,17.43,--,10,17430,卖盘
1399,09:53:05,17.43,-0.01,16,27888,卖盘
1400,09:52:56,17.44,--,16,27904,买盘
1401,09:52:50,17.44,0.01,13,22672,买盘
1402,09:52:44,17.43,-0.03,9,17412,卖盘
1403,09:52:41,17.46,0.02,11,19206,买盘
1404,09:52:35,17.44,-0.01,49,85456,卖盘
1405,09:52:29,17.45,0.01,16,27920,中性盘
1406,09:52:26,17.44,--,5,8720,卖盘
1407,09:52:20,17.44,--,6,10464,卖盘
1408,09:52:11,17.44,--,11,19184,卖盘
1409,09:52:05,17.44,-0.02,131,228464,卖盘
1410,09:51:59,17.46,--,8,13968,卖盘
1411,09:51:50,17.46,--,46,80316,卖盘
1412,09:51:40,17.46,--,3,5238,卖盘
1413,09:51:25,17.46,--,20,34920,卖盘
1414,09:51:20,17.46,-0.03,30,52380,卖盘
1415,09:51:10,17.49,0.02,27,47222,买盘
1416,09:51:05,17.47,0.01,5,8735,中性盘
1417,09:50:59,17.46,--,6,10476,卖盘
1418,09:50:50,17.46,-0.03,21,36666,卖盘
1419,09:50:44,17.49,--,20,34980,卖盘
1420,09:50:40,17.49,--,5,8745,卖盘
1421,09:50:25,17.49,0.02,18,31481,买盘
1422,09:50:14,17.47,0.01,4,6988,卖盘
1423,09:50:10,17.46,-0.03,68,118728,卖盘
1424,09:50:05,17.49,--,12,20987,卖盘
1425,09:49:59,17.49,--,4,6995,卖盘
1426,09:49:55,17.49,0.01,169,295581,买盘
1427,09:49:50,17.48,--,0,0,卖盘
1428,09:49:40,17.48,--,20,34960,卖盘
1429,09:49:34,17.48,-0.01,4,6992,卖盘
1430,09:49:29,17.49,--,11,19239,卖盘
1431,09:48:55,17.49,--,0,0,卖盘
1432,09:48:44,17.49,-0.02,10,17490,卖盘
1433,09:48:25,17.51,--,100,175100,买盘
1434,09:48:20,17.51,0.04,2,3502,买盘
1435,09:48:14,17.47,-0.04,34,59397,卖盘
1436,09:48:10,17.51,0.04,24,42024,买盘
1437,09:47:59,17.47,--,1,1747,卖盘
1438,09:47:40,17.47,-0.04,189,330183,卖盘
1439,09:47:35,17.51,--,32,56032,买盘
1440,09:47:29,17.51,--,5,8755,买盘
1441,09:47:14,17.51,--,64,112064,卖盘
1442,09:47:10,17.51,-0.01,12,21012,卖盘
1443,09:47:05,17.52,--,5,8760,买盘
1444,09:46:59,17.52,--,10,17520,买盘
1445,09:46:44,17.52,-0.01,2,3504,买盘
1446,09:46:14,17.53,--,0,0,买盘
1447,09:45:59,17.53,0.02,5,8765,买盘
1448,09:45:53,17.51,-0.01,16,28016,卖盘
1449,09:45:34,17.52,--,6,10512,买盘
1450,09:45:23,17.52,0.01,4,7008,买盘
1451,09:45:19,17.51,--,3,5253,卖盘
1452,09:45:14,17.51,--,0,0,卖盘
1453,09:45:05,17.51,-0.02,4,7004,卖盘
1454,09:44:49,17.53,--,2,3506,买盘
1455,09:44:23,17.53,--,135,236655,卖盘
1456,09:44:19,17.53,--,10,17530,卖盘
1457,09:44:04,17.53,--,20,35060,卖盘
1458,09:43:49,17.53,--,1,1753,卖盘
1459,09:43:43,17.53,0.02,54,94662,买盘
1460,09:43:28,17.51,--,2,3502,卖盘
1461,09:43:19,17.51,0.01,6,10506,买盘
1462,09:42:53,17.5,-0.01,10,17500,卖盘
1463,09:42:38,17.51,0.01,25,43775,买盘
1464,09:42:13,17.5,--,5,8750,卖盘
1465,09:42:04,17.5,-0.01,2,3500,卖盘
1466,09:41:49,17.51,--,38,66538,买盘
1467,09:41:43,17.51,--,50,87550,买盘
1468,09:41:28,17.51,-0.03,4,7004,卖盘
1469,09:41:19,17.54,--,46,80684,买盘
1470,09:41:13,17.54,-0.01,7,12278,中性盘
1471,09:40:58,17.55,--,16,28080,卖盘
1472,09:40:53,17.55,-0.01,5,8775,卖盘
1473,09:40:49,17.56,0.01,14,24584,买盘
1474,09:40:43,17.55,--,25,43875,卖盘
1475,09:40:38,17.55,0.05,66,115830,买盘
1476,09:40:34,17.5,--,48,84000,卖盘
1477,09:40:28,17.5,-0.05,110,192500,卖盘
1478,09:40:19,17.55,0.05,3,5265,买盘
1479,09:40:13,17.5,0.01,25,43750,中性盘
1480,09:40:08,17.49,--,25,43724,卖盘
1481,09:39:58,17.49,0.01,28,48971,卖盘
1482,09:39:53,17.48,-0.05,40,69920,卖盘
1483,09:39:49,17.53,0.04,42,73626,买盘
1484,09:39:43,17.49,-0.01,1,1748,卖盘
1485,09:39:38,17.5,0.01,10,17500,买盘
1486,09:39:23,17.49,--,3,5246,卖盘
1487,09:38:58,17.49,--,21,36729,买盘
1488,09:38:38,17.49,0.01,7,12242,买盘
1489,09:38:13,17.48,0.01,23,40204,卖盘
1490,09:38:08,17.47,-0.01,10,17470,卖盘
1491,09:37:58,17.48,--,2,3496,买盘
1492,09:37:47,17.48,--,5,8740,买盘
1493,09:37:38,17.48,--,17,29716,买盘
1494,09:37:32,17.48,-0.01,10,17480,卖盘
1495,09:37:28,17.49,--,14,24485,买盘
1496,09:37:22,17.49,0.02,45,78705,买盘
1497,09:37:13,17.47,--,0,0,卖盘
1498,09:37:07,17.47,-0.02,52,90844,卖盘
1499,09:37:02,17.49,--,6,10493,买盘
1500,09:36:52,17.49,0.02,23,40227,买盘
1501,09:36:47,17.47,--,1,1747,卖盘
1502,09:36:43,17.47,--,16,27952,卖盘
1503,09:36:32,17.47,0.01,14,24458,卖盘
1504,09:36:28,17.46,--,0,0,卖盘
1505,09:36:22,17.46,--,11,19206,卖盘
1506,09:36:07,17.46,-0.03,38,66348,卖盘
1507,09:35:58,17.49,--,0,0,买盘
1508,09:35:47,17.49,0.03,6,10493,买盘
1509,09:35:43,17.46,-0.03,1,1746,卖盘
1510,09:35:37,17.49,0.03,12,20987,买盘
1511,09:35:28,17.46,--,0,0,卖盘
1512,09:35:22,17.46,--,21,36666,卖盘
1513,09:35:13,17.46,0.01,59,103014,买盘
1514,09:35:07,17.45,--,3,5235,买盘
1515,09:35:02,17.45,-0.01,5,8725,卖盘
1516,09:34:58,17.46,0.02,11,19206,买盘
1517,09:34:52,17.44,--,0,0,卖盘
1518,09:34:43,17.44,-0.02,44,76736,卖盘
1519,09:34:37,17.46,0.02,8,13968,买盘
1520,09:34:32,17.44,--,3,5232,卖盘
1521,09:34:28,17.44,-0.05,10,17440,卖盘
1522,09:34:22,17.49,--,9,15740,买盘
1523,09:34:17,17.49,0.04,20,34980,买盘
1524,09:34:13,17.45,-0.01,15,26175,卖盘
1525,09:34:07,17.46,--,2,3492,卖盘
1526,09:33:58,17.46,--,2,3492,卖盘
1527,09:33:52,17.46,--,4,6984,卖盘
1528,09:33:37,17.46,--,38,66348,买盘
1529,09:33:28,17.46,-0.03,4,6984,卖盘
1530,09:33:22,17.49,0.03,29,50720,买盘
1531,09:33:17,17.46,--,1,1746,卖盘
1532,09:33:07,17.46,0.02,2,3492,卖盘
1533,09:33:02,17.44,--,0,0,卖盘
1534,09:32:58,17.44,-0.01,40,69760,卖盘
1535,09:32:52,17.45,0.01,12,20940,买盘
1536,09:32:42,17.44,--,6,10481,买盘
1537,09:32:37,17.44,0.01,5,8720,买盘
1538,09:32:32,17.43,-0.02,28,50529,卖盘
1539,09:32:27,17.45,--,9,15705,买盘
1540,09:32:22,17.45,0.01,16,27920,买盘
1541,09:32:17,17.44,--,5,8737,卖盘
1542,09:32:12,17.44,0.01,34,59296,中性盘
1543,09:31:47,17.43,--,12,20916,卖盘
1544,09:31:37,17.43,--,41,71463,卖盘
1545,09:31:32,17.43,-0.02,5,8715,卖盘
1546,09:31:26,17.45,--,2,3490,买盘
1547,09:31:22,17.45,-0.01,53,92485,卖盘
1548,09:31:17,17.46,0.01,1,1746,买盘
1549,09:31:11,17.45,-0.01,24,41880,卖盘
1550,09:31:07,17.46,0.01,8,13968,买盘
1551,09:31:01,17.45,--,5,8725,卖盘
1552,09:30:56,17.45,-0.01,23,40135,卖盘
1553,09:30:46,17.46,0.01,2,3492,买盘
1554,09:30:41,17.45,-0.01,2,3490,卖盘
1555,09:30:37,17.46,--,19,33174,卖盘
1556,09:30:31,17.46,-0.03,8,13968,卖盘
1557,09:30:26,17.49,0.03,3,5246,买盘
1558,09:30:22,17.46,-0.01,5,8730,卖盘
1559,09:30:16,17.47,--,35,61144,卖盘
1560,09:30:07,17.47,-0.02,80,139760,卖盘
1561,09:28:44,17.49,--,0,0,卖盘
1562,09:25:04,17.49,17.49,55,96194,买盘
