,time,price,change,volume,amount,type
0,15:00:00,9.86,--,0,0,买盘
1,15:00:00,9.86,--,30,29580,买盘
2,14:59:58,9.86,0.01,84,82824,买盘
3,14:59:53,9.85,-0.01,5,4925,卖盘
4,14:59:47,9.86,--,22,21692,买盘
5,14:59:43,9.86,0.01,1,986,买盘
6,14:59:38,9.85,-0.01,26,25974,卖盘
7,14:59:32,9.86,0.01,10,9860,买盘
8,14:59:28,9.85,-0.01,84,82740,卖盘
9,14:59:23,9.86,--,150,147900,买盘
10,14:59:17,9.86,--,16,15776,买盘
11,14:59:13,9.86,--,452,445672,卖盘
12,14:59:08,9.86,-0.01,128,126208,卖盘
13,14:59:02,9.87,--,12,11843,买盘
14,14:58:58,9.87,--,463,456980,买盘
15,14:58:53,9.87,--,488,481655,买盘
16,14:58:43,9.87,0.01,113,111530,买盘
17,14:58:37,9.86,--,28,27608,卖盘
18,14:58:32,9.86,-0.01,172,169592,卖盘
19,14:58:28,9.87,0.01,30,29609,买盘
20,14:58:23,9.86,--,81,79866,卖盘
21,14:58:17,9.86,-0.01,25,24650,卖盘
22,14:58:13,9.87,0.01,57,56258,买盘
23,14:58:02,9.86,0.01,23,22678,卖盘
24,14:57:58,9.85,--,41,40385,卖盘
25,14:57:53,9.85,--,175,172375,卖盘
26,14:57:47,9.85,-0.01,10,9850,卖盘
27,14:57:43,9.86,--,102,100572,买盘
28,14:57:38,9.86,--,313,308618,买盘
29,14:57:32,9.86,--,153,150858,买盘
30,14:57:28,9.86,--,78,76908,买盘
31,14:57:23,9.86,--,193,190298,买盘
32,14:57:17,9.86,--,74,72964,买盘
33,14:57:13,9.86,--,97,95642,买盘
34,14:57:07,9.86,0.01,158,155788,买盘
35,14:57:02,9.85,-0.01,5,4925,卖盘
36,14:56:58,9.86,0.01,45,44370,买盘
37,14:56:43,9.85,-0.01,10,9850,卖盘
38,14:56:38,9.86,0.01,158,155788,买盘
39,14:56:28,9.85,--,21,20685,卖盘
40,14:56:23,9.85,--,509,501365,买盘
41,14:56:17,9.85,--,104,102440,买盘
42,14:56:13,9.85,--,15,14775,买盘
43,14:56:07,9.85,--,56,55160,买盘
44,14:56:02,9.85,--,5,4925,买盘
45,14:55:58,9.85,--,18,17730,买盘
46,14:55:52,9.85,--,70,68950,买盘
47,14:55:43,9.85,0.01,64,63040,买盘
48,14:55:38,9.84,--,1,984,卖盘
49,14:55:32,9.84,--,3,2952,卖盘
50,14:55:28,9.84,--,20,19680,卖盘
51,14:55:23,9.84,--,6,5904,卖盘
52,14:55:17,9.84,0.01,11,10824,买盘
53,14:55:13,9.83,-0.01,34,33422,卖盘
54,14:55:07,9.84,--,515,506760,买盘
55,14:54:58,9.84,--,10,9840,买盘
56,14:54:53,9.84,--,37,36408,买盘
57,14:54:47,9.84,--,14,13776,卖盘
58,14:54:41,9.84,--,26,25584,卖盘
59,14:54:38,9.84,--,49,48216,卖盘
60,14:54:32,9.84,--,34,33456,卖盘
61,14:54:26,9.84,--,31,30504,卖盘
62,14:54:22,9.84,-0.01,31,30504,卖盘
63,14:54:17,9.85,0.01,31,30535,买盘
64,14:54:07,9.84,--,10,9840,卖盘
65,14:54:02,9.84,--,20,19680,卖盘
66,14:53:52,9.84,--,8,7872,买盘
67,14:53:47,9.84,--,145,142680,买盘
68,14:53:41,9.84,--,71,69864,买盘
69,14:53:37,9.84,--,30,29520,买盘
70,14:53:32,9.84,--,1,984,买盘
71,14:53:26,9.84,--,52,51168,卖盘
72,14:53:22,9.84,-0.01,20,19680,卖盘
73,14:53:17,9.85,0.01,25,24625,买盘
74,14:53:07,9.84,--,51,50184,买盘
75,14:53:02,9.84,--,120,118080,卖盘
76,14:52:56,9.84,--,5,4920,卖盘
77,14:52:52,9.84,-0.01,60,59040,卖盘
78,14:52:46,9.85,0.01,97,95545,买盘
79,14:52:37,9.84,-0.01,13,12792,卖盘
80,14:52:32,9.85,0.01,126,124110,买盘
81,14:52:16,9.84,--,20,19680,买盘
82,14:52:07,9.84,-0.01,40,39360,卖盘
83,14:52:01,9.85,--,10,9850,买盘
84,14:51:56,9.85,--,18,17730,买盘
85,14:51:52,9.85,0.01,35,34475,买盘
86,14:51:41,9.84,-0.01,10,9840,卖盘
87,14:51:31,9.85,0.01,131,129035,买盘
88,14:51:22,9.84,-0.01,39,38376,卖盘
89,14:51:16,9.85,--,45,44325,买盘
90,14:51:07,9.85,0.01,68,66980,买盘
91,14:51:02,9.84,-0.01,28,27552,卖盘
92,14:50:56,9.85,0.01,15,14775,买盘
93,14:50:52,9.84,--,5,4920,卖盘
94,14:50:46,9.84,-0.01,20,19680,卖盘
95,14:50:41,9.85,0.01,165,162525,买盘
96,14:50:37,9.84,-0.01,105,103320,卖盘
97,14:50:31,9.85,--,12,11820,买盘
98,14:50:26,9.85,0.01,50,49250,买盘
99,14:50:22,9.84,--,15,14760,卖盘
100,14:50:16,9.84,--,19,18696,卖盘
101,14:50:11,9.84,-0.01,100,98400,卖盘
102,14:50:07,9.85,0.01,37,36445,买盘
103,14:50:01,9.84,-0.01,15,14760,卖盘
104,14:49:56,9.85,-0.01,2,1970,中性盘
105,14:49:52,9.86,--,11,10846,买盘
106,14:49:41,9.86,0.02,429,422994,买盘
107,14:49:36,9.84,-0.01,15,14760,卖盘
108,14:49:31,9.85,--,5,4925,卖盘
109,14:49:26,9.85,0.01,9,8865,买盘
110,14:49:22,9.84,-0.01,112,110208,卖盘
111,14:49:16,9.85,--,11,10835,买盘
112,14:49:07,9.85,--,19,18715,买盘
113,14:49:01,9.85,--,28,27580,买盘
114,14:48:56,9.85,--,100,98500,买盘
115,14:48:51,9.85,--,21,20685,买盘
116,14:48:46,9.85,--,40,39400,买盘
117,14:48:41,9.85,--,18,17730,买盘
118,14:48:36,9.85,--,33,32505,买盘
119,14:48:21,9.85,--,4,3940,买盘
120,14:48:16,9.85,--,10,9850,买盘
121,14:48:11,9.85,--,10,9850,买盘
122,14:48:06,9.85,0.01,36,35460,买盘
123,14:48:01,9.84,-0.02,10,9840,卖盘
124,14:47:56,9.86,0.02,1012,997832,买盘
125,14:47:46,9.84,-0.01,50,49200,卖盘
126,14:47:35,9.85,--,13,12805,买盘
127,14:47:31,9.85,0.01,42,41370,买盘
128,14:47:26,9.84,--,3,2952,卖盘
129,14:47:20,9.84,-0.01,5,4920,卖盘
130,14:47:16,9.85,--,377,371345,买盘
131,14:47:11,9.85,0.01,2,1970,买盘
132,14:47:05,9.84,--,11,10824,卖盘
133,14:47:01,9.84,--,144,141696,买盘
134,14:46:56,9.84,--,59,58056,买盘
135,14:46:50,9.84,--,50,49200,买盘
136,14:46:46,9.84,--,33,32472,买盘
137,14:46:40,9.84,--,17,16728,买盘
138,14:46:35,9.84,--,20,19680,买盘
139,14:46:31,9.84,0.01,136,133824,买盘
140,14:46:25,9.83,-0.01,35,34405,卖盘
141,14:46:16,9.84,--,20,19680,买盘
142,14:46:10,9.84,0.01,11,10824,买盘
143,14:46:01,9.83,--,25,24575,卖盘
144,14:45:55,9.83,--,240,235920,买盘
145,14:45:46,9.83,--,38,37354,买盘
146,14:45:40,9.83,--,9,8847,买盘
147,14:45:31,9.83,--,50,49150,买盘
148,14:45:25,9.83,--,16,15728,买盘
149,14:45:20,9.83,--,50,49150,买盘
150,14:45:16,9.83,--,3,2949,买盘
151,14:45:10,9.83,--,71,69793,买盘
152,14:45:05,9.83,0.01,23,22609,买盘
153,14:45:01,9.82,--,5,4910,卖盘
154,14:44:46,9.82,--,51,50082,卖盘
155,14:44:40,9.82,-0.01,21,20622,卖盘
156,14:44:35,9.83,--,37,36371,买盘
157,14:44:25,9.83,--,6,5898,买盘
158,14:44:20,9.83,0.01,68,66844,买盘
159,14:44:10,9.82,-0.01,42,41244,卖盘
160,14:44:01,9.83,--,80,78640,买盘
161,14:43:55,9.83,--,10,9830,买盘
162,14:43:20,9.83,--,6,5898,买盘
163,14:43:16,9.83,--,17,16711,卖盘
164,14:43:10,9.83,--,10,9830,卖盘
165,14:43:01,9.83,0.01,48,47184,买盘
166,14:42:55,9.82,-0.01,5,4910,卖盘
167,14:42:40,9.83,0.01,63,61929,买盘
168,14:42:31,9.82,-0.01,20,19640,卖盘
169,14:42:25,9.83,0.01,14,13762,买盘
170,14:42:20,9.82,-0.01,50,49100,卖盘
171,14:42:16,9.83,--,57,56031,买盘
172,14:42:10,9.83,--,36,35388,买盘
173,14:42:05,9.83,0.01,30,29490,买盘
174,14:42:00,9.82,-0.01,60,58920,卖盘
175,14:41:45,9.83,--,16,15728,买盘
176,14:41:40,9.83,--,10,9830,买盘
177,14:41:35,9.83,--,51,50133,买盘
178,14:41:15,9.83,--,51,50133,买盘
179,14:41:10,9.83,--,34,33422,买盘
180,14:40:55,9.83,--,0,0,买盘
181,14:40:50,9.83,0.01,71,69793,买盘
182,14:40:40,9.82,-0.01,3,2946,卖盘
183,14:40:34,9.83,0.01,58,57014,买盘
184,14:40:25,9.82,-0.01,11,10802,卖盘
185,14:40:19,9.83,--,105,103215,买盘
186,14:40:14,9.83,--,20,19660,买盘
187,14:40:10,9.83,--,10,9830,买盘
188,14:39:59,9.83,--,2,1966,买盘
189,14:39:55,9.83,--,7,6881,买盘
190,14:39:49,9.83,--,12,11796,买盘
191,14:39:44,9.83,0.01,10,9830,买盘
192,14:39:40,9.82,-0.01,76,74632,卖盘
193,14:39:34,9.83,--,20,19660,卖盘
194,14:39:29,9.83,0.01,9,8847,买盘
195,14:39:25,9.82,-0.01,21,20622,卖盘
196,14:39:19,9.83,--,6,5898,买盘
197,14:39:14,9.83,--,10,9830,买盘
198,14:39:10,9.83,0.01,45,44235,买盘
199,14:39:04,9.82,-0.01,20,19640,卖盘
200,14:38:59,9.83,--,29,28507,买盘
201,14:38:55,9.83,--,7,6881,买盘
202,14:38:49,9.83,--,6,5898,卖盘
203,14:38:44,9.83,--,23,22609,卖盘
204,14:38:40,9.83,-0.01,30,29490,卖盘
205,14:38:34,9.84,0.01,7,6888,买盘
206,14:38:25,9.83,-0.01,33,32439,卖盘
207,14:38:19,9.84,0.01,10,9840,买盘
208,14:38:14,9.83,-0.01,20,19660,卖盘
209,14:38:10,9.84,--,235,231240,卖盘
210,14:38:04,9.84,--,25,24600,卖盘
211,14:37:59,9.84,--,5,4920,卖盘
212,14:37:55,9.84,-0.01,59,58056,卖盘
213,14:37:49,9.85,0.01,5,4925,买盘
214,14:37:44,9.84,-0.01,4,3936,卖盘
215,14:37:40,9.85,--,111,109335,买盘
216,14:37:34,9.85,0.01,272,267920,买盘
217,14:37:29,9.84,--,13,12792,卖盘
218,14:37:25,9.84,-0.01,51,50184,卖盘
219,14:37:19,9.85,0.01,101,99485,买盘
220,14:37:14,9.84,--,33,32472,卖盘
221,14:37:10,9.84,-0.01,81,79704,卖盘
222,14:37:04,9.85,0.01,10,9850,买盘
223,14:36:59,9.84,--,5,4920,买盘
224,14:36:55,9.84,--,22,21648,卖盘
225,14:36:49,9.84,-0.01,75,73800,买盘
226,14:36:44,9.85,--,100,98500,买盘
227,14:36:40,9.85,--,118,116230,买盘
228,14:36:34,9.85,--,5,4925,买盘
229,14:36:29,9.85,0.01,8,7880,买盘
230,14:36:25,9.84,--,113,111192,卖盘
231,14:36:19,9.84,-0.02,60,59040,卖盘
232,14:36:14,9.86,0.01,20,19720,买盘
233,14:36:09,9.85,--,598,589030,卖盘
234,14:36:04,9.85,--,20,19700,卖盘
235,14:35:59,9.85,--,13,12805,卖盘
236,14:35:54,9.85,0.01,348,342780,买盘
237,14:35:49,9.84,-0.01,41,40344,卖盘
238,14:35:44,9.85,0.01,30,29550,买盘
239,14:35:39,9.84,--,48,47232,卖盘
240,14:35:34,9.84,-0.01,15,14760,卖盘
241,14:35:29,9.85,0.01,310,305350,买盘
242,14:35:24,9.84,--,118,116112,买盘
243,14:35:19,9.84,--,0,0,买盘
244,14:35:14,9.84,0.03,4,3936,买盘
245,14:35:09,9.81,--,0,0,卖盘
246,14:35:04,9.81,-0.03,50,49050,卖盘
247,14:34:59,9.84,0.02,202,198768,买盘
248,14:34:54,9.82,0.01,72,70704,买盘
249,14:34:49,9.81,-0.01,308,302148,卖盘
250,14:34:44,9.82,0.01,1,982,买盘
251,14:34:39,9.81,--,294,288414,买盘
252,14:34:34,9.81,0.01,8,7848,买盘
253,14:34:29,9.8,0.01,117,114660,买盘
254,14:34:24,9.79,-0.01,310,303490,卖盘
255,14:34:19,9.8,0.01,150,147000,买盘
256,14:34:13,9.79,--,70,68530,卖盘
257,14:34:09,9.79,--,810,792989,买盘
258,14:34:04,9.79,0.01,839,821380,买盘
259,14:33:58,9.78,0.01,139,136166,买盘
260,14:33:54,9.77,-0.01,83,81091,卖盘
261,14:33:43,9.78,--,50,48900,买盘
262,14:33:38,9.78,--,10,9780,买盘
263,14:33:34,9.78,--,110,107580,买盘
264,14:33:28,9.78,0.01,5,4890,买盘
265,14:33:19,9.77,-0.01,1,977,卖盘
266,14:33:13,9.78,--,72,70416,买盘
267,14:33:08,9.78,--,1,977,买盘
268,14:32:53,9.78,0.01,50,48900,买盘
269,14:32:43,9.77,0.01,99,96723,卖盘
270,14:32:34,9.76,-0.01,134,130784,卖盘
271,14:32:28,9.77,--,25,24425,买盘
272,14:32:23,9.77,--,10,9770,买盘
273,14:32:13,9.77,-0.01,255,249135,卖盘
274,14:32:08,9.78,0.01,2,1955,买盘
275,14:31:49,9.77,--,3,2931,卖盘
276,14:31:43,9.77,--,3,2931,卖盘
277,14:31:38,9.77,-0.01,1,977,卖盘
278,14:31:34,9.78,--,10,9780,买盘
279,14:31:28,9.78,--,212,207336,买盘
280,14:31:13,9.78,--,15,14669,买盘
281,14:31:08,9.78,0.01,119,116381,买盘
282,14:31:04,9.77,--,10,9770,卖盘
283,14:30:58,9.77,-0.01,40,39080,中性盘
284,14:30:53,9.78,0.02,60,58679,买盘
285,14:30:49,9.76,-0.01,50,48800,卖盘
286,14:30:43,9.77,--,17,16609,买盘
287,14:30:38,9.77,--,3,2931,买盘
288,14:30:34,9.77,--,11,10747,买盘
289,14:30:19,9.77,-0.01,3,2931,买盘
290,14:30:13,9.78,--,0,0,买盘
291,14:30:08,9.78,--,15,14669,买盘
292,14:30:04,9.78,--,30,29339,买盘
293,14:29:58,9.78,--,118,115403,买盘
294,14:29:53,9.78,--,6,5868,买盘
295,14:29:49,9.78,--,14,13692,买盘
296,14:29:43,9.78,--,5,4890,买盘
297,14:29:33,9.78,--,26,25428,买盘
298,14:29:28,9.78,--,10,9780,买盘
299,14:29:23,9.78,0.01,10,9780,买盘
300,14:29:03,9.77,--,10,9770,卖盘
301,14:28:58,9.77,-0.01,75,73275,卖盘
302,14:28:48,9.78,0.01,100,97800,买盘
303,14:28:43,9.77,-0.01,35,34195,卖盘
304,14:28:33,9.78,0.01,5,4890,买盘
305,14:28:28,9.77,--,41,40057,卖盘
306,14:28:13,9.77,--,104,101608,买盘
307,14:28:08,9.77,--,30,29310,买盘
308,14:28:03,9.77,--,60,58620,买盘
309,14:27:58,9.77,--,66,64482,买盘
310,14:27:37,9.77,0.01,10,9770,买盘
311,14:27:28,9.76,--,7,6832,卖盘
312,14:26:47,9.76,0.01,5,4880,买盘
313,14:26:43,9.75,--,99,96525,卖盘
314,14:26:37,9.75,-0.01,2,1950,卖盘
315,14:26:28,9.76,0.01,97,94672,买盘
316,14:26:22,9.75,-0.01,200,195000,卖盘
317,14:26:17,9.76,--,87,84912,买盘
318,14:26:07,9.76,--,5,4880,买盘
319,14:26:02,9.76,--,13,12688,买盘
320,14:25:58,9.76,--,54,52704,买盘
321,14:25:52,9.76,0.01,9,8784,买盘
322,14:25:37,9.75,-0.01,40,39000,卖盘
323,14:25:28,9.76,0.01,9,8784,买盘
324,14:25:22,9.75,-0.01,77,75075,卖盘
325,14:25:17,9.76,--,10,9760,买盘
326,14:25:12,9.76,0.01,2,1952,买盘
327,14:24:43,9.75,--,72,70931,买盘
328,14:24:37,9.75,--,41,39975,买盘
329,14:24:27,9.75,--,80,78000,买盘
330,14:24:13,9.75,--,44,43143,卖盘
331,14:24:07,9.75,--,15,14625,卖盘
332,14:24:02,9.75,--,54,52650,卖盘
333,14:23:57,9.75,--,17,17306,买盘
334,14:23:52,9.75,--,89,87018,卖盘
335,14:23:42,9.75,--,18,18281,买盘
336,14:23:37,9.75,--,5,4875,买盘
337,14:23:32,9.75,--,9,8775,买盘
338,14:23:22,9.75,--,99,96525,卖盘
339,14:23:17,9.75,--,60,58500,卖盘
340,14:23:13,9.75,--,106,103350,卖盘
341,14:22:58,9.75,--,82,79950,卖盘
342,14:22:52,9.75,--,35,34125,卖盘
343,14:22:32,9.75,--,2,1950,卖盘
344,14:22:27,9.75,--,10,9750,卖盘
345,14:22:12,9.75,--,30,29250,卖盘
346,14:22:07,9.75,--,8,7800,卖盘
347,14:22:02,9.75,--,12,11700,卖盘
348,14:21:57,9.75,--,173,168675,卖盘
349,14:21:42,9.75,--,40,39000,卖盘
350,14:21:31,9.75,--,26,25350,卖盘
351,14:21:27,9.75,--,5,4875,卖盘
352,14:21:21,9.75,--,148,144300,卖盘
353,14:21:16,9.75,--,50,48750,卖盘
354,14:21:12,9.75,--,1,975,卖盘
355,14:20:57,9.75,--,10,9750,卖盘
356,14:20:52,9.75,--,26,25350,卖盘
357,14:20:42,9.75,-0.01,30,29250,卖盘
358,14:20:22,9.76,--,5,4880,买盘
359,14:20:16,9.76,--,78,76128,卖盘
360,14:20:12,9.76,-0.01,7,6832,卖盘
361,14:19:46,9.77,0.01,30,29310,买盘
362,14:19:42,9.76,--,10,9760,卖盘
363,14:19:37,9.76,-0.01,5,4880,卖盘
364,14:19:22,9.77,--,13,12701,买盘
365,14:19:07,9.77,-0.01,51,49827,卖盘
366,14:19:00,9.78,--,58,56723,买盘
367,14:18:37,9.78,--,0,0,买盘
368,14:18:31,9.78,0.01,58,56723,买盘
369,14:18:16,9.77,--,156,152412,买盘
370,14:18:06,9.77,0.01,10,9770,买盘
371,14:17:36,9.76,--,0,0,中性盘
372,14:17:31,9.76,--,120,117120,买盘
373,14:17:21,9.76,--,100,97600,买盘
374,14:17:00,9.76,0.01,95,92720,买盘
375,14:16:56,9.75,--,10,9750,卖盘
376,14:16:41,9.75,-0.01,11,10725,卖盘
377,14:16:31,9.76,--,2,1952,买盘
378,14:16:01,9.76,--,5,4880,买盘
379,14:15:51,9.76,--,761,742736,卖盘
380,14:15:21,9.76,-0.01,30,29280,卖盘
381,14:15:16,9.77,0.01,3,2931,买盘
382,14:15:06,9.76,-0.01,9,8784,卖盘
383,14:15:01,9.77,0.01,3,2931,买盘
384,14:14:51,9.76,-0.01,402,392352,卖盘
385,14:14:40,9.77,0.01,20,19540,买盘
386,14:14:36,9.76,-0.01,10,9760,卖盘
387,14:14:31,9.77,--,20,19540,买盘
388,14:14:21,9.77,0.01,1,977,买盘
389,14:14:15,9.76,-0.01,8,7808,卖盘
390,14:14:10,9.77,0.01,5,4885,买盘
391,14:14:06,9.76,-0.01,2,1952,卖盘
392,14:13:51,9.77,--,100,97700,买盘
393,14:13:36,9.77,--,19,18563,买盘
394,14:13:30,9.77,--,11,10747,买盘
395,14:13:24,9.77,0.01,100,97700,买盘
396,14:13:16,9.76,--,2,1952,卖盘
397,14:13:06,9.76,-0.01,164,160064,卖盘
398,14:13:01,9.77,0.01,10,9770,买盘
399,14:12:51,9.76,--,8,7808,卖盘
400,14:12:25,9.76,-0.01,8,7808,卖盘
401,14:12:16,9.77,--,0,0,中性盘
402,14:12:09,9.77,--,25,24425,卖盘
403,14:12:06,9.77,--,10,9770,卖盘
404,14:11:54,9.77,--,9,8793,卖盘
405,14:11:46,9.77,--,22,21494,买盘
406,14:11:39,9.77,--,50,48850,买盘
407,14:11:35,9.77,-0.01,102,99654,卖盘
408,14:11:30,9.78,--,15,14669,买盘
409,14:11:25,9.78,0.01,2,1955,买盘
410,14:11:15,9.77,-0.01,5,4885,卖盘
411,14:11:09,9.78,0.01,13,12714,买盘
412,14:11:05,9.77,-0.01,19,18563,卖盘
413,14:11:01,9.78,--,0,0,买盘
414,14:10:55,9.78,0.02,159,155502,买盘
415,14:10:50,9.76,-0.01,139,135664,卖盘
416,14:10:45,9.77,0.01,150,146550,买盘
417,14:10:40,9.76,-0.01,20,19520,卖盘
418,14:10:35,9.77,0.05,31,30287,买盘
419,14:10:30,9.72,--,0,0,卖盘
420,14:10:24,9.72,--,0,0,卖盘
421,14:10:20,9.72,-0.03,1000,972000,卖盘
422,14:10:15,9.75,0.01,777,757575,买盘
423,14:10:09,9.74,0.01,20,19480,买盘
424,14:10:05,9.73,--,40,38920,卖盘
425,14:10:00,9.73,--,20,19460,卖盘
426,14:09:55,9.73,--,23,22379,卖盘
427,14:09:35,9.73,--,20,20364,买盘
428,14:09:30,9.73,--,57,55461,买盘
429,14:09:10,9.73,0.01,2,1946,买盘
430,14:09:05,9.72,--,2,1944,卖盘
431,14:09:00,9.72,--,183,177876,卖盘
432,14:08:55,9.72,--,13,12636,卖盘
433,14:08:40,9.72,-0.01,19,18468,卖盘
434,14:08:30,9.73,0.01,5,4865,买盘
435,14:08:25,9.72,--,3,2916,卖盘
436,14:08:19,9.72,-0.01,10,9720,卖盘
437,14:08:15,9.73,--,6,5838,买盘
438,14:08:10,9.73,0.01,4,3892,买盘
439,14:08:00,9.72,--,38,37334,买盘
440,14:07:55,9.72,--,40,38880,买盘
441,14:07:39,9.72,--,17,16524,买盘
442,14:07:34,9.72,--,30,29160,买盘
443,14:07:25,9.72,--,20,19440,买盘
444,14:07:15,9.72,--,302,293544,卖盘
445,14:07:10,9.72,--,10,9720,卖盘
446,14:07:00,9.72,--,41,39852,卖盘
447,14:06:54,9.72,--,29,28188,卖盘
448,14:06:49,9.72,--,46,44712,卖盘
449,14:06:40,9.72,--,10,9720,卖盘
450,14:06:25,9.72,--,21,20412,卖盘
451,14:06:15,9.72,-0.01,62,60264,卖盘
452,14:05:54,9.73,0.01,64,62272,买盘
453,14:05:49,9.72,--,2,1944,买盘
454,14:05:44,9.72,--,10,9720,买盘
455,14:05:39,9.72,--,27,26244,买盘
456,14:05:29,9.72,--,20,19440,买盘
457,14:05:25,9.72,--,10,9720,买盘
458,14:05:18,9.72,--,5,4860,买盘
459,14:05:09,9.72,-0.01,40,38880,卖盘
460,14:04:49,9.73,0.01,24,23352,买盘
461,14:04:44,9.72,-0.01,281,273132,卖盘
462,14:04:40,9.73,0.01,10,9730,买盘
463,14:04:33,9.72,--,20,19440,卖盘
464,14:04:24,9.72,--,40,38880,卖盘
465,14:04:18,9.72,--,7,6804,卖盘
466,14:04:14,9.72,-0.01,156,151632,卖盘
467,14:04:09,9.73,--,45,43785,买盘
468,14:04:03,9.73,--,3,2919,买盘
469,14:03:54,9.73,-0.01,556,541562,卖盘
470,14:03:44,9.74,0.01,2,1948,买盘
471,14:03:34,9.73,-0.01,8,7784,卖盘
472,14:03:24,9.74,--,18,17532,买盘
473,14:03:09,9.74,--,2,1948,买盘
474,14:03:03,9.74,-0.01,325,316550,卖盘
475,14:02:54,9.75,--,17,16575,买盘
476,14:02:33,9.75,0.01,1,975,买盘
477,14:02:09,9.74,--,2,1948,卖盘
478,14:02:04,9.74,-0.01,14,13636,卖盘
479,14:01:58,9.75,0.01,12,11700,买盘
480,14:01:54,9.74,--,22,21428,卖盘
481,14:01:48,9.74,--,21,20454,卖盘
482,14:01:33,9.74,--,25,24350,卖盘
483,14:01:24,9.74,--,23,22402,卖盘
484,14:01:18,9.74,-0.02,20,19480,卖盘
485,14:01:12,9.76,0.02,24,23424,买盘
486,14:01:04,9.74,--,22,21428,卖盘
487,14:00:57,9.74,--,30,29220,卖盘
488,14:00:54,9.74,--,26,25324,买盘
489,14:00:39,9.74,--,21,20454,卖盘
490,14:00:27,9.74,-0.03,24,23376,卖盘
491,14:00:18,9.77,0.04,70,68390,买盘
492,14:00:09,9.73,-0.01,21,20433,卖盘
493,14:00:04,9.74,--,0,399,买盘
494,13:59:57,9.74,--,272,264928,买盘
495,13:59:48,9.74,--,521,508028,卖盘
496,13:59:39,9.74,--,13,12662,卖盘
497,13:59:33,9.74,-0.01,21,20454,卖盘
498,13:59:27,9.75,--,0,0,买盘
499,13:59:23,9.75,0.01,40,39000,买盘
500,13:59:18,9.74,--,0,0,卖盘
501,13:59:12,9.74,--,25,24350,卖盘
502,13:59:03,9.74,-0.03,32,31168,卖盘
503,13:58:54,9.77,--,58,56666,买盘
504,13:58:49,9.77,0.03,13,12701,买盘
505,13:58:42,9.74,--,0,0,卖盘
506,13:58:39,9.74,-0.01,25,24350,卖盘
507,13:58:33,9.75,0.01,11,10764,买盘
508,13:58:27,9.74,-0.01,24,23376,卖盘
509,13:58:18,9.75,--,29,28275,买盘
510,13:58:12,9.75,--,907,885261,卖盘
511,13:58:08,9.75,-0.01,23,22425,卖盘
512,13:58:03,9.76,0.01,5,4880,买盘
513,13:57:57,9.75,--,0,0,卖盘
514,13:57:53,9.75,--,24,23400,卖盘
515,13:57:48,9.75,-0.02,43,41925,卖盘
516,13:57:42,9.77,--,0,0,买盘
517,13:57:33,9.77,--,30,29310,买盘
518,13:57:27,9.77,0.02,1,977,买盘
519,13:57:23,9.75,-0.01,25,24375,卖盘
520,13:57:12,9.76,-0.01,38,37088,卖盘
521,13:57:08,9.77,0.02,15,14655,买盘
522,13:57:03,9.75,--,23,22425,卖盘
523,13:56:53,9.75,--,0,0,卖盘
524,13:56:48,9.75,--,26,25350,卖盘
525,13:56:42,9.75,-0.02,23,22425,卖盘
526,13:56:27,9.77,0.02,25,24425,买盘
527,13:56:18,9.75,--,28,27300,卖盘
528,13:56:12,9.75,--,0,0,卖盘
529,13:56:03,9.75,-0.03,21,20475,卖盘
530,13:55:57,9.78,0.02,160,156480,买盘
531,13:55:51,9.76,0.01,20,19520,买盘
532,13:55:42,9.75,-0.01,41,39975,卖盘
533,13:55:36,9.76,--,12,11712,买盘
534,13:55:33,9.76,--,32,31232,买盘
535,13:55:27,9.76,0.01,10,9760,买盘
536,13:55:21,9.75,-0.01,25,24375,卖盘
537,13:55:18,9.76,--,2,1952,买盘
538,13:55:12,9.76,--,27,26517,卖盘
539,13:55:03,9.76,-0.01,26,25376,卖盘
540,13:54:57,9.77,0.01,2,1954,中性盘
541,13:54:48,9.76,--,22,21472,卖盘
542,13:54:36,9.76,--,24,23424,卖盘
543,13:54:27,9.76,--,43,41968,卖盘
544,13:54:18,9.76,--,21,20496,卖盘
545,13:54:12,9.76,--,8,7808,卖盘
546,13:54:06,9.76,--,25,24400,卖盘
547,13:54:03,9.76,--,1,976,卖盘
548,13:53:57,9.76,-0.01,24,23424,卖盘
549,13:53:48,9.77,0.01,1,977,买盘
550,13:53:42,9.76,--,25,24400,卖盘
551,13:53:33,9.76,--,23,22448,卖盘
552,13:53:18,9.76,--,43,41968,卖盘
553,13:53:12,9.76,-0.01,61,59536,卖盘
554,13:53:03,9.77,0.01,10,9770,买盘
555,13:52:57,9.76,--,26,25376,卖盘
556,13:52:48,9.76,--,103,100528,卖盘
557,13:52:36,9.76,-0.01,22,21472,卖盘
558,13:52:33,9.77,--,4,3908,买盘
559,13:52:27,9.77,--,283,276491,卖盘
560,13:52:18,9.77,--,24,23448,卖盘
561,13:52:06,9.77,0.01,57,55689,买盘
562,13:52:03,9.76,-0.01,39,38064,卖盘
563,13:51:57,9.77,0.01,68,66436,买盘
564,13:51:51,9.76,--,24,23424,卖盘
565,13:51:47,9.76,-0.01,169,165754,卖盘
566,13:51:42,9.77,0.01,49,47873,买盘
567,13:51:33,9.76,--,22,21472,卖盘
568,13:51:17,9.76,--,101,98576,卖盘
569,13:51:12,9.76,--,5,4880,卖盘
570,13:51:06,9.76,-0.01,22,21472,卖盘
571,13:51:02,9.77,0.01,13,12701,买盘
572,13:50:57,9.76,--,26,25376,卖盘
573,13:50:47,9.76,-0.02,24,23424,卖盘
574,13:50:42,9.78,--,0,0,买盘
575,13:50:36,9.78,0.02,4,3911,买盘
576,13:50:32,9.76,--,25,24400,卖盘
577,13:50:27,9.76,--,25,24400,卖盘
578,13:50:21,9.76,--,0,0,卖盘
579,13:50:12,9.76,--,23,22448,卖盘
580,13:50:06,9.76,--,22,21472,卖盘
581,13:50:02,9.76,-0.02,3,2928,卖盘
582,13:49:57,9.78,--,5,4890,买盘
583,13:49:51,9.78,0.02,49,47922,买盘
584,13:49:45,9.76,--,82,80032,卖盘
585,13:49:42,9.76,--,23,22448,卖盘
586,13:49:36,9.76,--,22,21472,卖盘
587,13:49:30,9.76,-0.01,21,20496,卖盘
588,13:49:21,9.77,0.01,35,34195,买盘
589,13:49:12,9.76,--,0,0,卖盘
590,13:49:06,9.76,-0.02,24,23424,卖盘
591,13:48:57,9.78,0.01,26,25428,买盘
592,13:48:51,9.77,-0.01,16,15632,卖盘
593,13:48:45,9.78,0.01,44,43032,买盘
594,13:48:36,9.77,--,30,29310,卖盘
595,13:48:27,9.77,--,32,31264,卖盘
596,13:48:21,9.77,-0.01,5,4885,卖盘
597,13:48:15,9.78,0.01,2,1955,买盘
598,13:48:12,9.77,-0.01,21,20517,中性盘
599,13:48:06,9.78,0.02,10,9780,买盘
600,13:48:00,9.76,-0.02,22,21472,卖盘
601,13:47:57,9.78,--,0,0,买盘
602,13:47:51,9.78,0.02,30,29339,买盘
603,13:47:42,9.76,-0.01,25,24400,卖盘
604,13:47:30,9.77,0.01,76,74252,买盘
605,13:47:27,9.76,-0.01,32,31232,卖盘
606,13:47:21,9.77,0.01,47,45919,买盘
607,13:47:06,9.76,-0.01,24,23424,卖盘
608,13:46:57,9.77,-0.01,115,112355,卖盘
609,13:46:45,9.78,--,36,35208,买盘
610,13:46:42,9.78,0.01,11,10758,买盘
611,13:46:36,9.77,-0.01,22,21494,卖盘
612,13:46:30,9.78,0.01,10,9780,买盘
613,13:46:21,9.77,-0.01,62,60574,卖盘
614,13:46:12,9.78,0.01,45,44010,买盘
615,13:46:06,9.77,--,30,29310,卖盘
616,13:46:00,9.77,--,22,21494,卖盘
617,13:45:51,9.77,--,25,24425,卖盘
618,13:45:36,9.77,--,273,266721,卖盘
619,13:45:27,9.77,-0.01,30,29310,卖盘
620,13:45:21,9.78,--,14,13692,买盘
621,13:45:15,9.78,--,79,77262,买盘
622,13:45:11,9.78,--,5,4890,买盘
623,13:45:06,9.78,--,45,44010,买盘
624,13:45:00,9.78,0.01,29,28361,买盘
625,13:44:56,9.77,--,29,28333,卖盘
626,13:44:41,9.77,-0.01,30,29310,卖盘
627,13:44:36,9.78,0.01,4,3911,买盘
628,13:44:30,9.77,--,25,24425,卖盘
629,13:44:26,9.77,--,2,1954,卖盘
630,13:44:21,9.77,-0.01,24,23448,卖盘
631,13:44:15,9.78,--,2,1955,买盘
632,13:44:11,9.78,0.01,31,30317,买盘
633,13:44:00,9.77,--,22,21494,卖盘
634,13:43:56,9.77,--,50,48850,卖盘
635,13:43:51,9.77,--,24,23448,卖盘
636,13:43:36,9.77,--,24,23448,卖盘
637,13:43:26,9.77,--,23,22471,卖盘
638,13:43:15,9.77,--,25,24425,卖盘
639,13:43:06,9.77,--,23,22471,卖盘
640,13:43:00,9.77,--,0,0,卖盘
641,13:42:56,9.77,-0.01,48,46896,卖盘
642,13:42:45,9.78,-0.01,178,174084,卖盘
643,13:42:30,9.79,0.01,10,9790,买盘
644,13:42:21,9.78,-0.01,1,977,卖盘
645,13:42:15,9.79,--,11,10768,买盘
646,13:42:00,9.79,--,52,50907,买盘
647,13:41:51,9.79,--,10,9790,买盘
648,13:41:30,9.79,--,91,89088,买盘
649,13:41:24,9.79,--,80,78320,卖盘
650,13:41:21,9.79,--,6,5873,卖盘
651,13:41:06,9.79,--,20,19580,卖盘
652,13:41:00,9.79,-0.01,7,6852,卖盘
653,13:40:51,9.8,0.01,2,1960,买盘
654,13:40:39,9.79,--,2,1957,卖盘
655,13:40:30,9.79,--,20,19580,卖盘
656,13:40:21,9.79,0.01,73,71467,买盘
657,13:40:15,9.78,-0.01,1,977,卖盘
658,13:40:06,9.79,--,27,26432,买盘
659,13:39:54,9.79,--,36,35244,买盘
660,13:39:39,9.79,--,4,3915,买盘
661,13:39:35,9.79,0.01,10,9790,买盘
662,13:39:30,9.78,--,8,7823,卖盘
663,13:39:21,9.78,--,105,102690,卖盘
664,13:38:51,9.78,--,1,977,卖盘
665,13:38:39,9.78,--,10,9780,卖盘
666,13:38:30,9.78,--,15,14669,买盘
667,13:38:24,9.78,--,9,8802,买盘
668,13:38:21,9.78,--,15,14669,买盘
669,13:38:15,9.78,--,16,15647,买盘
670,13:38:09,9.78,--,1,977,买盘
671,13:38:05,9.78,--,144,140832,卖盘
672,13:38:00,9.78,--,20,19560,卖盘
673,13:37:54,9.78,0.01,301,294378,买盘
674,13:37:45,9.77,-0.01,2,1954,卖盘
675,13:37:30,9.78,0.01,16,15647,买盘
676,13:37:09,9.77,--,5,4885,卖盘
677,13:36:50,9.77,--,19,18563,买盘
678,13:36:45,9.77,--,5,4885,卖盘
679,13:36:35,9.77,--,2,1954,卖盘
680,13:36:30,9.77,--,13,12701,卖盘
681,13:36:09,9.77,--,10,9770,卖盘
682,13:36:00,9.77,--,0,0,中性盘
683,13:35:54,9.77,0.01,3,2931,买盘
684,13:35:45,9.76,--,15,14640,卖盘
685,13:35:30,9.76,--,31,30256,卖盘
686,13:35:09,9.76,--,11,10736,买盘
687,13:35:03,9.76,--,72,70272,买盘
688,13:35:00,9.76,--,10,9760,买盘
689,13:34:45,9.76,-0.01,107,104432,卖盘
690,13:34:30,9.77,--,47,45919,卖盘
691,13:34:23,9.77,--,1,977,卖盘
692,13:34:15,9.77,--,20,19540,卖盘
693,13:34:09,9.77,0.01,27,26379,买盘
694,13:34:00,9.76,--,22,21472,卖盘
695,13:33:44,9.76,-0.02,110,107360,卖盘
696,13:33:30,9.78,0.02,8,7823,买盘
697,13:33:24,9.76,--,11,10736,卖盘
698,13:33:18,9.76,--,1,976,卖盘
699,13:33:15,9.76,--,5,4880,卖盘
700,13:33:00,9.76,0.01,9,8784,卖盘
701,13:32:54,9.75,--,0,0,卖盘
702,13:32:48,9.75,--,22,21450,卖盘
703,13:32:39,9.75,--,24,23400,卖盘
704,13:32:30,9.75,-0.01,25,24375,卖盘
705,13:32:18,9.76,--,221,215696,卖盘
706,13:32:15,9.76,--,1,976,卖盘
707,13:32:09,9.76,--,23,22448,卖盘
708,13:31:59,9.76,-0.02,24,23424,卖盘
709,13:31:45,9.78,0.02,36,35208,买盘
710,13:31:39,9.76,--,207,202032,卖盘
711,13:31:33,9.76,--,25,24400,卖盘
712,13:31:24,9.76,--,22,21472,卖盘
713,13:31:14,9.76,--,25,24400,卖盘
714,13:31:09,9.76,--,1,976,卖盘
715,13:30:59,9.76,--,25,24400,卖盘
716,13:30:54,9.76,-0.02,23,22448,卖盘
717,13:30:44,9.78,0.02,76,74328,买盘
718,13:30:38,9.76,--,44,42944,卖盘
719,13:30:33,9.76,--,0,0,卖盘
720,13:30:29,9.76,-0.01,24,23424,卖盘
721,13:30:24,9.77,0.01,5,4885,买盘
722,13:30:18,9.76,-0.01,24,23424,卖盘
723,13:30:14,9.77,0.01,15,14655,买盘
724,13:30:09,9.76,--,21,20496,卖盘
725,13:29:59,9.76,--,1,976,卖盘
726,13:29:54,9.76,--,23,22448,卖盘
727,13:29:47,9.76,--,0,0,卖盘
728,13:29:44,9.76,--,23,22448,卖盘
729,13:29:39,9.76,--,20,19520,卖盘
730,13:29:33,9.76,--,23,22448,卖盘
731,13:29:24,9.76,--,26,25376,卖盘
732,13:29:14,9.76,-0.02,69,67344,卖盘
733,13:28:59,9.78,0.01,33,32273,买盘
734,13:28:54,9.77,--,1,977,卖盘
735,13:28:48,9.77,--,22,21494,卖盘
736,13:28:39,9.77,--,33,32241,卖盘
737,13:28:29,9.77,--,24,23448,卖盘
738,13:28:14,9.77,--,27,26379,卖盘
739,13:28:09,9.77,-0.01,24,23448,卖盘
740,13:27:59,9.78,0.01,6,5868,买盘
741,13:27:53,9.77,--,22,21494,卖盘
742,13:27:48,9.77,--,21,20517,卖盘
743,13:27:44,9.77,-0.02,22,21494,卖盘
744,13:27:39,9.79,0.02,5,4895,买盘
745,13:27:33,9.77,-0.01,25,24425,卖盘
746,13:27:29,9.78,--,15,14669,买盘
747,13:27:23,9.78,--,53,51834,卖盘
748,13:27:18,9.78,--,5,4890,买盘
749,13:27:12,9.78,0.01,34,33252,买盘
750,13:27:03,9.77,-0.01,28,27356,卖盘
751,13:26:54,9.78,0.01,5,4890,买盘
752,13:26:48,9.77,--,28,27356,卖盘
753,13:26:42,9.77,--,1,977,卖盘
754,13:26:39,9.77,-0.02,22,21494,卖盘
755,13:26:32,9.79,0.02,43,42096,买盘
756,13:26:27,9.77,-0.01,23,22471,卖盘
757,13:26:23,9.78,--,15,14669,卖盘
758,13:26:18,9.78,-0.01,227,222006,卖盘
759,13:26:08,9.79,--,34,33286,买盘
760,13:25:57,9.79,0.01,10,9790,买盘
761,13:25:53,9.78,--,23,22494,卖盘
762,13:25:42,9.78,-0.01,22,21516,中性盘
763,13:25:38,9.79,0.02,26,25453,买盘
764,13:25:32,9.77,--,23,22471,卖盘
765,13:25:23,9.77,0.01,44,42988,卖盘
766,13:25:18,9.76,--,0,0,卖盘
767,13:25:08,9.76,--,24,23424,卖盘
768,13:25:03,9.76,--,22,21472,卖盘
769,13:24:53,9.76,--,0,0,卖盘
770,13:24:47,9.76,--,43,41968,卖盘
771,13:24:38,9.76,--,24,23424,卖盘
772,13:24:33,9.76,--,1,976,卖盘
773,13:24:26,9.76,-0.02,25,24400,卖盘
774,13:24:18,9.78,--,41,40098,买盘
775,13:24:08,9.78,0.01,13,12714,买盘
776,13:24:02,9.77,0.01,24,23448,中性盘
777,13:23:53,9.76,-0.01,56,54656,卖盘
778,13:23:47,9.77,--,200,195400,卖盘
779,13:23:42,9.77,--,24,23448,卖盘
780,13:23:33,9.77,--,22,21494,卖盘
781,13:23:23,9.77,--,1,977,卖盘
782,13:23:17,9.77,--,26,25402,卖盘
783,13:23:11,9.77,--,20,19540,卖盘
784,13:23:08,9.77,--,24,23448,卖盘
785,13:22:57,9.77,--,23,22471,卖盘
786,13:22:53,9.77,-0.01,30,29310,卖盘
787,13:22:47,9.78,0.01,99,96822,买盘
788,13:22:38,9.77,--,47,45919,卖盘
789,13:22:23,9.77,--,29,28333,卖盘
790,13:22:12,9.77,--,34,33218,卖盘
791,13:22:08,9.77,--,21,20517,卖盘
792,13:22:02,9.77,--,25,24425,卖盘
793,13:21:53,9.77,-0.01,35,34195,卖盘
794,13:21:48,9.78,--,10,9780,买盘
795,13:21:42,9.78,--,35,34230,买盘
796,13:21:33,9.78,--,163,159414,卖盘
797,13:21:18,9.78,--,56,54768,卖盘
798,13:21:12,9.78,-0.01,11,10758,卖盘
799,13:21:08,9.79,--,143,139997,买盘
800,13:21:02,9.79,0.01,6,5873,买盘
801,13:20:56,9.78,-0.01,34,33252,卖盘
802,13:20:48,9.79,--,58,56781,买盘
803,13:20:41,9.79,-0.01,5,4895,中性盘
804,13:20:37,9.8,0.01,180,176400,买盘
805,13:20:33,9.79,--,5,4895,卖盘
806,13:20:27,9.79,--,22,21537,卖盘
807,13:20:22,9.79,--,73,71467,卖盘
808,13:20:17,9.79,--,20,19580,卖盘
809,13:20:11,9.79,--,151,147829,买盘
810,13:20:08,9.79,0.01,5,4895,买盘
811,13:20:02,9.78,--,33,32273,卖盘
812,13:19:53,9.78,--,26,25428,卖盘
813,13:19:38,9.78,--,21,20538,卖盘
814,13:19:33,9.78,--,25,24450,卖盘
815,13:19:23,9.78,--,10,9780,卖盘
816,13:19:17,9.78,--,23,22494,卖盘
817,13:19:05,9.78,-0.01,26,25428,卖盘
818,13:19:03,9.79,--,12,11747,买盘
819,13:18:57,9.79,0.01,89,87130,买盘
820,13:18:50,9.78,--,1,977,卖盘
821,13:18:48,9.78,-0.01,28,27384,卖盘
822,13:18:42,9.79,--,26,25453,买盘
823,13:18:35,9.79,0.01,55,53844,买盘
824,13:18:33,9.78,-0.01,24,23472,卖盘
825,13:18:20,9.79,-0.01,24,23495,卖盘
826,13:18:18,9.8,0.01,10,9800,买盘
827,13:18:12,9.79,--,69,67551,卖盘
828,13:17:57,9.79,--,23,22516,卖盘
829,13:17:47,9.79,-0.01,22,21537,卖盘
830,13:17:42,9.8,0.01,20,19600,买盘
831,13:17:35,9.79,--,93,91046,卖盘
832,13:17:32,9.79,--,10,9790,卖盘
833,13:17:26,9.79,--,24,23495,卖盘
834,13:17:21,9.79,--,10,9790,卖盘
835,13:17:17,9.79,0.01,22,21537,中性盘
836,13:17:12,9.78,--,112,109888,卖盘
837,13:17:02,9.78,--,101,98778,卖盘
838,13:16:57,9.78,--,23,22494,卖盘
839,13:16:47,9.78,--,0,0,卖盘
840,13:16:42,9.78,--,30,29339,卖盘
841,13:16:35,9.78,--,1,977,卖盘
842,13:16:32,9.78,-0.01,48,46944,卖盘
843,13:16:27,9.79,0.01,7,6852,中性盘
844,13:16:20,9.78,-0.01,34,33252,卖盘
845,13:16:17,9.79,--,5,4895,卖盘
846,13:16:11,9.79,-0.01,37,36223,卖盘
847,13:16:05,9.8,--,91,89180,买盘
848,13:16:02,9.8,0.01,60,58800,买盘
849,13:15:56,9.79,--,21,20559,卖盘
850,13:15:47,9.79,-0.01,41,40139,卖盘
851,13:15:41,9.8,0.02,16,15680,买盘
852,13:15:36,9.78,-0.01,24,23472,卖盘
853,13:15:32,9.79,-0.01,1,978,卖盘
854,13:15:26,9.8,--,29,28420,买盘
855,13:15:21,9.8,0.01,5,4900,买盘
856,13:15:17,9.79,--,62,60697,卖盘
857,13:15:11,9.79,--,40,39160,卖盘
858,13:15:02,9.79,-0.01,52,50907,卖盘
859,13:14:56,9.8,0.01,57,55860,买盘
860,13:14:50,9.79,--,23,22516,卖盘
861,13:14:42,9.79,--,41,40139,买盘
862,13:14:36,9.79,--,11,10768,买盘
863,13:14:32,9.79,--,33,32306,买盘
864,13:14:27,9.79,--,28,27411,买盘
865,13:14:20,9.79,0.01,2,1957,买盘
866,13:14:17,9.78,-0.01,40,39120,卖盘
867,13:14:12,9.79,--,23,22516,买盘
868,13:14:05,9.79,-0.01,34,33286,卖盘
869,13:14:02,9.8,0.01,236,231280,买盘
870,13:13:47,9.79,--,50,48949,买盘
871,13:13:36,9.79,--,9,8811,买盘
872,13:13:32,9.79,--,10,9790,买盘
873,13:13:17,9.79,--,64,62655,买盘
874,13:13:11,9.79,0.01,1,978,买盘
875,13:13:05,9.78,-0.01,5,4890,卖盘
876,13:13:02,9.79,--,20,19580,买盘
877,13:12:57,9.79,--,42,41118,买盘
878,13:12:47,9.79,0.01,40,39160,买盘
879,13:12:41,9.78,-0.01,200,195600,卖盘
880,13:12:32,9.79,0.01,50,48949,买盘
881,13:12:11,9.78,--,1,977,卖盘
882,13:12:01,9.78,0.01,11,10758,买盘
883,13:11:56,9.77,-0.01,62,60574,卖盘
884,13:11:50,9.78,--,100,97800,买盘
885,13:11:46,9.78,--,2,1955,买盘
886,13:11:41,9.78,0.01,23,22494,买盘
887,13:11:35,9.77,-0.01,30,29310,卖盘
888,13:11:31,9.78,--,16,15647,买盘
889,13:11:26,9.78,--,61,59657,买盘
890,13:11:21,9.78,0.01,12,11736,买盘
891,13:11:16,9.77,-0.01,9,8793,卖盘
892,13:11:11,9.78,--,40,39120,买盘
893,13:11:05,9.78,0.01,6,5868,买盘
894,13:11:00,9.77,-0.01,1,977,卖盘
895,13:10:56,9.78,--,20,19560,买盘
896,13:10:41,9.78,--,2,1955,买盘
897,13:10:29,9.78,0.01,70,68460,买盘
898,13:10:27,9.77,--,3,2931,卖盘
899,13:10:05,9.77,--,9,8793,卖盘
900,13:09:59,9.77,-0.01,14,13678,卖盘
901,13:09:56,9.78,--,5,4890,买盘
902,13:09:50,9.78,--,1,977,买盘
903,13:09:41,9.78,--,10,9780,买盘
904,13:09:35,9.78,0.01,22,21516,买盘
905,13:09:05,9.77,--,30,29310,卖盘
906,13:08:56,9.77,-0.01,3,2931,卖盘
907,13:08:44,9.78,0.01,11,10758,买盘
908,13:08:41,9.77,-0.01,153,149481,卖盘
909,13:08:35,9.78,0.01,5,4890,买盘
910,13:08:20,9.77,--,10,9770,卖盘
911,13:08:14,9.77,--,22,21533,买盘
912,13:08:11,9.77,--,2,1954,买盘
913,13:07:59,9.77,-0.01,5,5822,卖盘
914,13:07:56,9.78,0.01,110,107619,买盘
915,13:07:35,9.77,--,1,977,卖盘
916,13:07:26,9.77,--,0,0,中性盘
917,13:07:20,9.77,--,70,68390,买盘
918,13:07:14,9.77,--,102,99654,买盘
919,13:06:59,9.77,--,3,2931,买盘
920,13:06:56,9.77,--,5,4885,中性盘
921,13:06:50,9.77,0.01,12,11724,买盘
922,13:06:44,9.76,--,42,40992,买盘
923,13:06:35,9.76,--,48,46848,卖盘
924,13:06:29,9.76,-0.01,21,20496,卖盘
925,13:06:26,9.77,-0.01,10,9770,买盘
926,13:06:20,9.78,--,0,0,买盘
927,13:06:14,9.78,--,15,14669,买盘
928,13:06:11,9.78,0.02,15,14669,买盘
929,13:06:05,9.76,-0.02,11,10736,卖盘
930,13:05:59,9.78,--,0,0,买盘
931,13:05:56,9.78,0.03,31,30317,买盘
932,13:05:50,9.75,--,0,0,卖盘
933,13:05:41,9.75,-0.03,41,39975,卖盘
934,13:05:35,9.78,0.01,62,60635,买盘
935,13:05:26,9.77,--,21,20517,卖盘
936,13:05:20,9.77,--,33,32241,卖盘
937,13:05:10,9.77,--,24,23448,卖盘
938,13:05:05,9.77,0.02,86,84022,买盘
939,13:04:59,9.75,--,23,22425,卖盘
940,13:04:55,9.75,-0.02,15,14625,卖盘
941,13:04:50,9.77,--,62,60574,买盘
942,13:04:44,9.77,0.02,2,1954,买盘
943,13:04:40,9.75,--,25,24375,卖盘
944,13:04:29,9.75,--,9,8775,卖盘
945,13:04:26,9.75,--,29,28275,卖盘
946,13:04:20,9.75,--,1,975,卖盘
947,13:04:14,9.75,--,23,22425,卖盘
948,13:04:05,9.75,-0.02,21,20475,卖盘
949,13:03:59,9.77,0.01,2,1954,买盘
950,13:03:55,9.76,-0.01,23,22448,卖盘
951,13:03:50,9.77,-0.01,128,125056,卖盘
952,13:03:44,9.78,--,6,5868,卖盘
953,13:03:40,9.78,--,49,47922,卖盘
954,13:03:35,9.78,--,106,103668,卖盘
955,13:03:29,9.78,--,26,25428,卖盘
956,13:03:20,9.78,--,22,21516,卖盘
957,13:03:10,9.78,-0.01,231,225917,买盘
958,13:03:05,9.79,0.02,3,2936,买盘
959,13:02:59,9.77,-0.02,32,31264,卖盘
960,13:02:50,9.79,--,51,49928,买盘
961,13:02:44,9.79,--,52,50907,卖盘
962,13:02:38,9.79,--,74,72446,卖盘
963,13:02:35,9.79,--,10,9790,卖盘
964,13:02:29,9.79,--,106,103773,买盘
965,13:02:23,9.79,--,13,12726,买盘
966,13:02:20,9.79,--,70,68530,买盘
967,13:02:14,9.79,--,39,38181,买盘
968,13:02:08,9.79,0.01,10,9790,买盘
969,13:02:05,9.78,-0.01,33,32273,卖盘
970,13:01:53,9.79,0.01,29,28390,买盘
971,13:01:50,9.78,-0.01,90,88020,卖盘
972,13:01:44,9.79,--,228,223211,买盘
973,13:01:35,9.79,0.01,4,3915,买盘
974,13:01:29,9.78,--,26,25428,卖盘
975,13:01:20,9.78,--,321,313938,买盘
976,13:01:14,9.78,0.01,44,43032,买盘
977,13:01:08,9.77,-0.01,24,23448,卖盘
978,13:01:05,9.78,0.01,4,3911,买盘
979,13:00:59,9.77,--,40,39080,买盘
980,13:00:53,9.77,0.01,160,156320,买盘
981,13:00:50,9.76,--,30,29280,卖盘
982,13:00:44,9.76,0.01,440,429440,买盘
983,13:00:35,9.75,--,44,42900,卖盘
984,13:00:29,9.75,--,30,29250,卖盘
985,13:00:23,9.75,--,102,99450,买盘
986,13:00:20,9.75,0.01,6,5850,买盘
987,13:00:14,9.74,-0.01,23,22402,卖盘
988,13:00:08,9.75,0.01,10,9750,买盘
989,13:00:05,9.74,0.02,447,435738,买盘
990,11:30:00,9.72,--,0,0,卖盘
991,11:29:59,9.72,--,0,0,卖盘
992,11:29:59,9.72,-0.02,1,972,卖盘
993,11:29:54,9.74,0.02,5,4870,买盘
994,11:29:51,9.72,-0.02,249,242028,卖盘
995,11:29:45,9.74,--,105,102270,买盘
996,11:29:36,9.74,0.01,32,31168,买盘
997,11:29:30,9.73,0.01,22,21406,卖盘
998,11:29:21,9.72,-0.02,25,24300,卖盘
999,11:29:15,9.74,0.02,82,80364,买盘
1000,11:29:06,9.72,-0.01,38,36936,卖盘
1001,11:29:00,9.73,--,45,43785,买盘
1002,11:28:50,9.73,0.01,40,38920,买盘
1003,11:28:45,9.72,--,42,40824,卖盘
1004,11:28:39,9.72,--,3,2916,卖盘
1005,11:28:36,9.72,--,124,120528,卖盘
1006,11:28:30,9.72,--,123,119556,卖盘
1007,11:28:24,9.72,0.01,23,22356,中性盘
1008,11:28:21,9.71,-0.01,272,264112,卖盘
1009,11:28:16,9.72,0.01,81,78732,买盘
1010,11:28:06,9.71,--,291,282561,买盘
1011,11:28:00,9.71,0.01,60,58260,买盘
1012,11:27:51,9.7,--,21,20370,卖盘
1013,11:27:45,9.7,0.01,230,223099,买盘
1014,11:27:39,9.69,-0.01,83,80427,卖盘
1015,11:27:36,9.7,--,10,9700,买盘
1016,11:27:30,9.7,0.01,41,39770,买盘
1017,11:27:21,9.69,--,24,23256,卖盘
1018,11:27:16,9.69,--,0,0,卖盘
1019,11:27:06,9.69,--,22,21318,卖盘
1020,11:26:54,9.69,--,22,21318,卖盘
1021,11:26:50,9.69,-0.02,3,2907,卖盘
1022,11:26:45,9.71,0.02,25,24275,买盘
1023,11:26:36,9.69,-0.02,25,24225,卖盘
1024,11:26:25,9.71,0.02,5,4855,买盘
1025,11:26:20,9.69,--,22,21318,卖盘
1026,11:26:15,9.69,-0.02,24,23256,卖盘
1027,11:26:05,9.71,0.02,5,4855,买盘
1028,11:26:00,9.69,--,45,43605,卖盘
1029,11:25:50,9.69,--,22,21318,卖盘
1030,11:25:39,9.69,--,23,22287,卖盘
1031,11:25:30,9.69,--,21,20349,卖盘
1032,11:25:20,9.69,--,24,23256,卖盘
1033,11:25:09,9.69,-0.02,23,22287,卖盘
1034,11:25:05,9.71,0.01,23,22333,买盘
1035,11:25:00,9.7,0.01,3,2910,买盘
1036,11:24:54,9.69,-0.01,23,22287,卖盘
1037,11:24:50,9.7,--,20,19400,买盘
1038,11:24:45,9.7,0.01,54,52379,买盘
1039,11:24:35,9.69,-0.01,21,20349,卖盘
1040,11:24:30,9.7,0.01,6,5820,买盘
1041,11:24:24,9.69,-0.02,22,21318,卖盘
1042,11:24:20,9.71,--,0,0,买盘
1043,11:24:15,9.71,0.01,33,32043,买盘
1044,11:24:00,9.7,--,53,51409,买盘
1045,11:23:54,9.7,0.01,9,8730,买盘
1046,11:23:48,9.69,-0.01,42,40698,卖盘
1047,11:23:45,9.7,0.01,9,8730,中性盘
1048,11:23:39,9.69,--,25,24225,卖盘
1049,11:23:30,9.69,-0.01,44,42636,卖盘
1050,11:23:24,9.7,--,11,10670,卖盘
1051,11:23:15,9.7,0.01,30,29099,买盘
1052,11:23:09,9.69,-0.01,24,23256,卖盘
1053,11:23:03,9.7,0.01,3,2910,买盘
1054,11:23:00,9.69,--,1,969,卖盘
1055,11:22:54,9.69,--,23,22287,卖盘
1056,11:22:45,9.69,--,34,32946,卖盘
1057,11:22:39,9.69,-0.01,101,97869,卖盘
1058,11:22:33,9.7,0.01,5,4850,买盘
1059,11:22:30,9.69,--,23,22287,卖盘
1060,11:22:24,9.69,-0.01,31,30039,卖盘
1061,11:22:09,9.7,--,23,22310,卖盘
1062,11:22:03,9.7,0.01,7,6789,买盘
1063,11:22:00,9.69,--,21,20349,卖盘
1064,11:21:54,9.69,--,47,45543,卖盘
1065,11:21:48,9.69,--,26,25194,卖盘
1066,11:21:39,9.69,--,21,20349,卖盘
1067,11:21:30,9.69,-0.01,120,116280,卖盘
1068,11:21:18,9.7,--,3,2910,卖盘
1069,11:21:15,9.7,0.01,34,32980,买盘
1070,11:21:03,9.69,--,23,22287,卖盘
1071,11:21:00,9.69,--,6,5814,卖盘
1072,11:20:54,9.69,--,24,23256,卖盘
1073,11:20:45,9.69,-0.01,27,26163,卖盘
1074,11:20:39,9.7,--,24,23280,卖盘
1075,11:20:33,9.7,0.01,3,2910,买盘
1076,11:20:30,9.69,--,30,29070,卖盘
1077,11:20:18,9.69,--,22,21318,卖盘
1078,11:20:09,9.69,-0.01,21,20349,卖盘
1079,11:20:00,9.7,--,26,25219,卖盘
1080,11:19:44,9.7,0.01,166,161020,买盘
1081,11:19:39,9.69,-0.01,24,23256,卖盘
1082,11:19:24,9.7,--,86,83420,买盘
1083,11:19:14,9.7,0.01,162,157140,买盘
1084,11:19:09,9.69,-0.01,51,49419,卖盘
1085,11:18:59,9.7,--,2,1939,买盘
1086,11:18:54,9.7,0.01,252,244439,买盘
1087,11:18:44,9.69,--,35,33915,卖盘
1088,11:18:39,9.69,-0.01,23,22287,卖盘
1089,11:18:33,9.7,0.01,30,29099,买盘
1090,11:18:18,9.69,--,23,22287,卖盘
1091,11:18:09,9.69,-0.01,23,22287,卖盘
1092,11:18:03,9.7,0.01,9,8730,买盘
1093,11:17:59,9.69,--,23,22287,卖盘
1094,11:17:48,9.69,--,22,21318,卖盘
1095,11:17:33,9.69,-0.01,75,72675,卖盘
1096,11:17:27,9.7,--,42,40740,卖盘
1097,11:17:24,9.7,--,52,50439,卖盘
1098,11:17:12,9.7,--,21,20370,卖盘
1099,11:17:03,9.7,0.01,11,10670,买盘
1100,11:16:57,9.69,--,31,30039,卖盘
1101,11:16:54,9.69,-0.01,247,239343,卖盘
1102,11:16:48,9.7,0.01,21,20370,买盘
1103,11:16:33,9.69,--,13,12597,卖盘
1104,11:16:12,9.69,-0.01,9,8721,卖盘
1105,11:16:09,9.7,0.01,5,4850,买盘
1106,11:16:03,9.69,--,48,46512,卖盘
1107,11:15:57,9.69,--,0,0,卖盘
1108,11:15:54,9.69,-0.01,30,29070,卖盘
1109,11:15:48,9.7,--,5,4850,卖盘
1110,11:15:42,9.7,--,323,313989,卖盘
1111,11:15:39,9.7,--,2,1939,卖盘
1112,11:15:33,9.7,--,3,2910,卖盘
1113,11:15:24,9.7,--,30,29099,卖盘
1114,11:15:18,9.7,--,12,11640,卖盘
1115,11:15:12,9.7,-0.01,24,23280,卖盘
1116,11:15:03,9.71,0.01,20,19420,买盘
1117,11:14:57,9.7,--,4,3879,卖盘
1118,11:14:48,9.7,--,10,9700,卖盘
1119,11:14:39,9.7,-0.01,4,3879,卖盘
1120,11:14:33,9.71,0.01,22,21362,买盘
1121,11:14:23,9.7,--,4,3879,卖盘
1122,11:14:09,9.7,--,26,25219,卖盘
1123,11:14:03,9.7,--,4,3879,卖盘
1124,11:13:48,9.7,-0.01,50,48500,卖盘
1125,11:13:38,9.71,0.01,20,19420,买盘
1126,11:13:12,9.7,--,1,969,卖盘
1127,11:13:03,9.7,--,63,61109,买盘
1128,11:12:48,9.7,--,0,0,中性盘
1129,11:12:38,9.7,--,140,135800,买盘
1130,11:12:33,9.7,--,28,27159,买盘
1131,11:12:18,9.7,--,85,82925,卖盘
1132,11:12:08,9.7,-0.01,20,19400,卖盘
1133,11:12:03,9.71,0.01,84,81564,买盘
1134,11:11:57,9.7,--,1,969,卖盘
1135,11:11:48,9.7,--,50,48500,卖盘
1136,11:11:27,9.7,--,22,21340,卖盘
1137,11:11:18,9.7,-0.01,400,388000,卖盘
1138,11:11:12,9.71,0.01,4,3884,买盘
1139,11:10:51,9.7,--,4,3879,卖盘
1140,11:10:48,9.7,-0.01,2,1939,卖盘
1141,11:10:33,9.71,--,2,1942,买盘
1142,11:10:18,9.71,0.01,17,16507,买盘
1143,11:10:12,9.7,-0.01,20,19400,卖盘
1144,11:10:06,9.71,0.01,96,93216,卖盘
1145,11:10:03,9.7,--,0,0,卖盘
1146,11:09:57,9.7,--,53,51409,卖盘
1147,11:09:42,9.7,--,0,0,卖盘
1148,11:09:33,9.7,-0.01,317,307490,卖盘
1149,11:09:27,9.71,--,23,22333,买盘
1150,11:09:03,9.71,--,10,9710,买盘
1151,11:08:57,9.71,--,80,77680,卖盘
1152,11:08:48,9.71,--,40,38840,卖盘
1153,11:08:42,9.71,--,17,16507,卖盘
1154,11:08:36,9.71,--,10,9710,卖盘
1155,11:08:27,9.71,--,6,5826,卖盘
1156,11:08:21,9.71,--,1,971,卖盘
1157,11:08:18,9.71,--,6,5826,卖盘
1158,11:08:12,9.71,--,14,13594,卖盘
1159,11:08:02,9.71,--,49,47579,卖盘
1160,11:07:42,9.71,--,7,6797,卖盘
1161,11:07:36,9.71,0.01,30,29130,买盘
1162,11:07:32,9.7,--,7,6789,卖盘
1163,11:07:27,9.7,--,7,6789,卖盘
1164,11:07:21,9.7,--,11,10670,卖盘
1165,11:07:17,9.7,-0.01,105,101849,卖盘
1166,11:07:12,9.71,--,12,11652,买盘
1167,11:07:02,9.71,--,50,48550,买盘
1168,11:06:57,9.71,--,18,17478,买盘
1169,11:06:47,9.71,--,20,19420,卖盘
1170,11:06:32,9.71,--,0,0,中性盘
1171,11:06:27,9.71,--,150,145650,买盘
1172,11:06:12,9.71,0.01,5,4855,买盘
1173,11:06:06,9.7,--,7,6789,卖盘
1174,11:06:02,9.7,--,1,969,卖盘
1175,11:05:57,9.7,-0.01,210,204194,卖盘
1176,11:05:47,9.71,--,23,22333,买盘
1177,11:05:36,9.71,--,10,9710,买盘
1178,11:05:32,9.71,0.01,20,19420,买盘
1179,11:04:57,9.7,-0.01,26,25219,卖盘
1180,11:04:47,9.71,--,2,1942,买盘
1181,11:04:36,9.71,--,62,60202,卖盘
1182,11:04:27,9.71,--,1,971,卖盘
1183,11:04:21,9.71,0.01,2,1942,买盘
1184,11:04:12,9.7,-0.01,20,19400,卖盘
1185,11:04:06,9.71,0.01,20,19420,买盘
1186,11:04:00,9.7,-0.01,24,23280,卖盘
1187,11:03:57,9.71,0.01,10,9710,买盘
1188,11:03:51,9.7,--,22,21340,卖盘
1189,11:03:42,9.7,--,6,5820,卖盘
1190,11:03:35,9.7,--,26,25219,卖盘
1191,11:03:27,9.7,--,28,27159,卖盘
1192,11:03:21,9.7,--,20,19400,卖盘
1193,11:03:15,9.7,--,22,21340,卖盘
1194,11:03:06,9.7,-0.01,38,36860,卖盘
1195,11:02:57,9.71,--,26,25246,卖盘
1196,11:02:42,9.71,--,31,30101,卖盘
1197,11:02:30,9.71,--,48,46608,卖盘
1198,11:02:21,9.71,--,24,23304,卖盘
1199,11:02:15,9.71,--,11,10681,卖盘
1200,11:02:12,9.71,--,53,51463,卖盘
1201,11:02:00,9.71,--,23,22333,卖盘
1202,11:01:51,9.71,-0.01,26,25246,卖盘
1203,11:01:41,9.72,0.01,41,39852,买盘
1204,11:01:36,9.71,0.01,16,15536,买盘
1205,11:01:27,9.7,--,21,20370,卖盘
1206,11:01:21,9.7,--,1,969,卖盘
1207,11:01:15,9.7,-0.01,24,23280,卖盘
1208,11:01:12,9.71,-0.01,21,20391,卖盘
1209,11:01:06,9.72,--,0,0,买盘
1210,11:00:57,9.72,0.02,26,25272,买盘
1211,11:00:45,9.7,-0.01,22,21340,卖盘
1212,11:00:36,9.71,--,136,132056,卖盘
1213,11:00:21,9.71,--,22,21362,卖盘
1214,11:00:11,9.71,--,37,35927,卖盘
1215,11:00:06,9.71,--,4,3884,卖盘
1216,11:00:00,9.71,0.01,22,21362,中性盘
1217,10:59:51,9.7,--,25,24250,卖盘
1218,10:59:41,9.7,--,32,31039,卖盘
1219,10:59:36,9.7,--,57,55289,卖盘
1220,10:59:26,9.7,-0.02,24,23280,卖盘
1221,10:59:21,9.72,0.01,20,19440,买盘
1222,10:59:15,9.71,0.01,25,24275,卖盘
1223,10:59:06,9.7,--,36,34920,卖盘
1224,10:58:56,9.7,--,23,22310,卖盘
1225,10:58:51,9.7,--,0,0,卖盘
1226,10:58:45,9.7,--,25,24250,卖盘
1227,10:58:30,9.7,--,30,29099,卖盘
1228,10:58:26,9.7,--,3,2910,卖盘
1229,10:58:21,9.7,-0.02,28,27159,卖盘
1230,10:58:15,9.72,--,10,9720,买盘
1231,10:58:11,9.72,0.02,71,69012,买盘
1232,10:58:06,9.7,--,15,14549,卖盘
1233,10:58:00,9.7,--,2,1939,卖盘
1234,10:57:56,9.7,-0.02,128,124159,卖盘
1235,10:57:51,9.72,--,43,41796,买盘
1236,10:57:40,9.72,0.02,10,9720,买盘
1237,10:57:36,9.7,--,21,20370,卖盘
1238,10:57:26,9.7,-0.02,25,24250,卖盘
1239,10:57:21,9.72,0.02,5,4860,买盘
1240,10:57:15,9.7,--,23,22310,卖盘
1241,10:57:06,9.7,--,23,22310,卖盘
1242,10:56:54,9.7,--,24,23280,卖盘
1243,10:56:45,9.7,--,122,118339,卖盘
1244,10:56:36,9.7,-0.01,6,5820,卖盘
1245,10:56:30,9.71,--,25,24275,中性盘
1246,10:56:24,9.71,--,5,4855,买盘
1247,10:56:21,9.71,--,31,30101,买盘
1248,10:56:15,9.71,0.01,10,9710,买盘
1249,10:56:09,9.7,-0.01,23,22310,卖盘
1250,10:56:06,9.71,0.01,20,19420,买盘
1251,10:56:00,9.7,-0.01,30,29099,卖盘
1252,10:55:51,9.71,--,29,28159,卖盘
1253,10:55:36,9.71,--,23,22333,卖盘
1254,10:55:24,9.71,0.01,25,24275,卖盘
1255,10:55:15,9.7,-0.02,22,21340,卖盘
1256,10:55:06,9.72,0.01,63,61236,买盘
1257,10:55:00,9.71,0.01,15,14565,中性盘
1258,10:54:50,9.7,--,24,23280,卖盘
1259,10:54:39,9.7,--,24,23280,卖盘
1260,10:54:35,9.7,--,26,25219,卖盘
1261,10:54:30,9.7,--,29,28129,卖盘
1262,10:54:20,9.7,--,24,23280,卖盘
1263,10:54:06,9.7,--,25,24250,卖盘
1264,10:53:54,9.7,--,24,23280,卖盘
1265,10:53:51,9.7,--,0,0,卖盘
1266,10:53:45,9.7,-0.01,22,21340,卖盘
1267,10:53:39,9.71,0.01,6,5826,买盘
1268,10:53:36,9.7,--,24,23280,卖盘
1269,10:53:30,9.7,--,46,44620,卖盘
1270,10:53:20,9.7,--,24,23280,卖盘
1271,10:53:15,9.7,-0.01,21,20370,卖盘
1272,10:53:09,9.71,--,6,5826,卖盘
1273,10:53:00,9.71,0.01,24,23304,中性盘
1274,10:52:50,9.7,-0.01,37,35890,卖盘
1275,10:52:45,9.71,0.01,4,3884,买盘
1276,10:52:39,9.7,-0.01,21,20370,卖盘
1277,10:52:35,9.71,0.01,2,1942,买盘
1278,10:52:30,9.7,-0.01,23,22310,卖盘
1279,10:52:24,9.71,0.01,5,4855,买盘
1280,10:52:20,9.7,--,25,24250,卖盘
1281,10:52:09,9.7,--,11,10670,卖盘
1282,10:52:05,9.7,--,26,25219,卖盘
1283,10:52:00,9.7,--,71,68870,卖盘
1284,10:51:54,9.7,-0.01,25,24250,卖盘
1285,10:51:50,9.71,0.01,186,180606,买盘
1286,10:51:45,9.7,-0.01,22,21340,卖盘
1287,10:51:39,9.71,--,4,3884,卖盘
1288,10:51:35,9.71,--,26,25246,卖盘
1289,10:51:20,9.71,--,45,43695,卖盘
1290,10:51:15,9.71,--,108,104868,卖盘
1291,10:51:09,9.71,--,135,131085,卖盘
1292,10:51:05,9.71,--,0,0,卖盘
1293,10:51:00,9.71,--,35,33985,卖盘
1294,10:50:50,9.71,-0.02,38,36898,卖盘
1295,10:50:45,9.73,0.02,30,29190,买盘
1296,10:50:39,9.71,-0.02,21,20391,卖盘
1297,10:50:35,9.73,--,26,25298,卖盘
1298,10:50:30,9.73,--,38,36974,卖盘
1299,10:50:15,9.73,--,23,22379,卖盘
1300,10:50:09,9.73,--,2,1946,卖盘
1301,10:50:05,9.73,--,168,163464,买盘
1302,10:50:00,9.73,0.02,120,116760,买盘
1303,10:49:54,9.71,--,24,23304,卖盘
1304,10:49:45,9.71,-0.01,22,21362,卖盘
1305,10:49:33,9.72,0.01,25,24300,买盘
1306,10:49:24,9.71,--,45,43695,卖盘
1307,10:49:14,9.71,--,1,971,卖盘
1308,10:49:08,9.71,--,34,33014,卖盘
1309,10:49:00,9.71,--,31,30101,卖盘
1310,10:48:48,9.71,--,23,22333,卖盘
1311,10:48:38,9.71,--,41,39811,卖盘
1312,10:48:30,9.71,--,28,27188,卖盘
1313,10:48:24,9.71,--,16,15536,卖盘
1314,10:48:14,9.71,--,23,22333,卖盘
1315,10:48:03,9.71,-0.02,35,33985,卖盘
1316,10:47:59,9.73,--,42,40866,卖盘
1317,10:47:54,9.73,--,31,30163,卖盘
1318,10:47:48,9.73,0.01,2,1946,卖盘
1319,10:47:44,9.72,-0.01,22,21384,卖盘
1320,10:47:29,9.73,0.02,139,135247,买盘
1321,10:47:24,9.71,--,23,22333,卖盘
1322,10:47:14,9.71,--,15,14565,卖盘
1323,10:47:08,9.71,--,25,24275,卖盘
1324,10:46:59,9.71,-0.03,24,23304,卖盘
1325,10:46:54,9.74,0.03,6,5844,买盘
1326,10:46:47,9.71,0.01,26,25246,卖盘
1327,10:46:44,9.7,--,0,0,卖盘
1328,10:46:39,9.7,-0.01,30,29099,卖盘
1329,10:46:29,9.71,0.01,4,3884,买盘
1330,10:46:24,9.7,-0.04,80,77600,卖盘
1331,10:46:18,9.74,--,0,0,买盘
1332,10:46:14,9.74,0.03,27,26298,买盘
1333,10:46:02,9.71,--,24,23304,卖盘
1334,10:45:59,9.71,--,31,30101,卖盘
1335,10:45:53,9.71,--,33,32043,卖盘
1336,10:45:44,9.71,-0.02,74,71854,卖盘
1337,10:45:39,9.73,-0.01,1,973,卖盘
1338,10:45:33,9.74,--,0,0,买盘
1339,10:45:29,9.74,0.03,47,45778,买盘
1340,10:45:24,9.71,-0.01,26,25246,卖盘
1341,10:45:18,9.72,--,70,68040,卖盘
1342,10:45:14,9.72,--,1,972,卖盘
1343,10:45:03,9.72,-0.01,10,9720,卖盘
1344,10:44:53,9.73,0.01,6,5838,买盘
1345,10:44:47,9.72,-0.01,24,23328,卖盘
1346,10:44:38,9.73,0.01,20,19460,买盘
1347,10:44:29,9.72,-0.01,7,6804,中性盘
1348,10:44:23,9.73,0.01,5,4865,买盘
1349,10:44:14,9.72,-0.01,6,5832,卖盘
1350,10:44:09,9.73,0.01,14,13622,买盘
1351,10:43:44,9.72,--,1,972,卖盘
1352,10:43:32,9.72,0.01,2,1944,中性盘
1353,10:43:29,9.71,--,22,21362,卖盘
1354,10:43:13,9.71,--,1,971,卖盘
1355,10:42:58,9.71,-0.02,5,4855,卖盘
1356,10:42:54,9.73,--,5,4865,买盘
1357,10:42:42,9.73,0.02,9,8757,买盘
1358,10:42:27,9.71,-0.02,1,971,卖盘
1359,10:42:23,9.73,-0.01,24,23352,卖盘
1360,10:42:12,9.74,--,12,11688,买盘
1361,10:42:09,9.74,--,30,29220,买盘
1362,10:42:03,9.74,--,5,4870,买盘
1363,10:41:53,9.74,0.01,21,20454,买盘
1364,10:41:48,9.73,-0.01,1,973,卖盘
1365,10:41:42,9.74,0.01,8,7792,买盘
1366,10:41:32,9.73,-0.01,21,20433,卖盘
1367,10:41:27,9.74,0.01,20,19480,买盘
1368,10:41:17,9.73,--,26,25298,卖盘
1369,10:41:11,9.73,--,1,973,卖盘
1370,10:41:08,9.73,--,13,12649,卖盘
1371,10:41:02,9.73,-0.01,15,14595,卖盘
1372,10:40:53,9.74,0.01,2,1948,买盘
1373,10:40:38,9.73,--,3,2919,卖盘
1374,10:40:32,9.73,--,37,36001,卖盘
1375,10:40:27,9.73,-0.01,1,973,卖盘
1376,10:40:23,9.74,--,61,59414,买盘
1377,10:40:17,9.74,0.01,35,34090,买盘
1378,10:40:12,9.73,-0.01,412,400876,卖盘
1379,10:40:08,9.74,0.01,20,19480,买盘
1380,10:40:02,9.73,--,21,20433,卖盘
1381,10:39:53,9.73,-0.01,25,24325,卖盘
1382,10:39:47,9.74,0.01,51,49674,买盘
1383,10:39:41,9.73,--,22,21406,卖盘
1384,10:39:32,9.73,0.02,155,150815,买盘
1385,10:39:26,9.71,--,22,21362,卖盘
1386,10:39:23,9.71,-0.02,23,22333,卖盘
1387,10:39:18,9.73,0.02,16,15568,买盘
1388,10:39:08,9.71,-0.01,119,115549,卖盘
1389,10:39:02,9.72,0.02,6,5832,买盘
1390,10:38:57,9.7,-0.02,31,30069,卖盘
1391,10:38:53,9.72,0.01,14,13608,买盘
1392,10:38:48,9.71,--,68,66028,卖盘
1393,10:38:38,9.71,0.01,25,24275,卖盘
1394,10:38:33,9.7,--,0,0,卖盘
1395,10:38:27,9.7,--,26,25219,卖盘
1396,10:38:12,9.7,-0.01,30,29099,卖盘
1397,10:38:08,9.71,0.02,30,29130,买盘
1398,10:38:03,9.69,-0.01,26,25194,卖盘
1399,10:37:53,9.7,-0.02,35,33950,卖盘
1400,10:37:47,9.72,--,23,22356,买盘
1401,10:37:41,9.72,0.02,33,32076,买盘
1402,10:37:38,9.7,--,0,0,卖盘
1403,10:37:32,9.7,--,35,33950,卖盘
1404,10:37:17,9.7,-0.01,136,131920,卖盘
1405,10:37:11,9.71,0.01,9,8739,买盘
1406,10:37:08,9.7,-0.01,24,23280,卖盘
1407,10:37:02,9.71,--,4,4719,买盘
1408,10:36:57,9.71,0.01,69,66999,买盘
1409,10:36:53,9.7,--,49,47530,卖盘
1410,10:36:48,9.7,--,35,33950,卖盘
1411,10:36:37,9.7,0.01,49,47530,买盘
1412,10:36:26,9.69,--,1,969,卖盘
1413,10:36:23,9.69,--,21,20349,卖盘
1414,10:36:17,9.69,--,24,23256,卖盘
1415,10:36:02,9.69,--,27,26163,买盘
1416,10:35:56,9.69,--,50,48450,买盘
1417,10:35:53,9.69,--,323,312987,买盘
1418,10:35:47,9.69,--,130,125970,买盘
1419,10:35:41,9.69,--,49,47481,买盘
1420,10:35:36,9.69,--,74,71706,卖盘
1421,10:35:33,9.69,--,24,23256,卖盘
1422,10:35:20,9.69,0.01,20,19380,买盘
1423,10:35:17,9.68,-0.01,46,44528,卖盘
1424,10:35:11,9.69,--,10,9690,买盘
1425,10:35:05,9.69,--,24,23256,买盘
1426,10:35:02,9.69,--,198,191862,卖盘
1427,10:34:56,9.69,-0.01,41,39729,卖盘
1428,10:34:47,9.7,0.01,27,26189,买盘
1429,10:34:32,9.69,0.01,45,43605,中性盘
1430,10:34:20,9.68,--,107,103837,卖盘
1431,10:34:11,9.68,--,95,91960,卖盘
1432,10:34:02,9.68,-0.01,23,22264,卖盘
1433,10:33:56,9.69,--,58,56909,卖盘
1434,10:33:50,9.69,--,145,141086,卖盘
1435,10:33:41,9.69,--,97,94642,买盘
1436,10:33:32,9.69,--,25,24225,买盘
1437,10:33:26,9.69,-0.01,525,509044,卖盘
1438,10:33:17,9.7,--,58,56259,买盘
1439,10:33:11,9.7,0.01,43,41710,买盘
1440,10:33:05,9.69,-0.01,25,24225,卖盘
1441,10:33:02,9.7,--,134,129979,买盘
1442,10:32:56,9.7,0.01,77,74690,买盘
1443,10:32:50,9.69,--,5,4845,卖盘
1444,10:32:47,9.69,-0.01,37,35853,卖盘
1445,10:32:41,9.7,0.01,8,7759,买盘
1446,10:32:32,9.69,-0.01,36,34884,卖盘
1447,10:32:26,9.7,0.01,110,106699,买盘
1448,10:32:20,9.69,--,25,24225,卖盘
1449,10:32:17,9.69,--,21,20349,卖盘
1450,10:32:11,9.69,--,59,57171,卖盘
1451,10:32:02,9.69,-0.01,22,21318,卖盘
1452,10:31:56,9.7,0.01,15,14549,买盘
1453,10:31:50,9.69,--,1,969,卖盘
1454,10:31:47,9.69,-0.01,22,21318,卖盘
1455,10:31:41,9.7,--,49,47530,买盘
1456,10:31:35,9.7,-0.01,10,10088,卖盘
1457,10:31:32,9.71,0.01,215,208765,买盘
1458,10:31:26,9.7,--,56,54319,卖盘
1459,10:31:20,9.7,-0.01,24,23280,卖盘
1460,10:31:17,9.71,0.01,10,9710,买盘
1461,10:31:05,9.7,--,25,24250,卖盘
1462,10:30:56,9.7,-0.01,37,35890,卖盘
1463,10:30:50,9.71,0.01,19,18449,买盘
1464,10:30:47,9.7,--,7,6789,卖盘
1465,10:30:41,9.7,--,53,51409,卖盘
1466,10:30:32,9.7,-0.01,34,32980,卖盘
1467,10:30:26,9.71,0.01,15,14565,买盘
1468,10:30:20,9.7,--,22,21340,卖盘
1469,10:30:17,9.7,--,20,19400,卖盘
1470,10:30:11,9.7,--,100,97184,买盘
1471,10:30:05,9.7,--,50,48500,买盘
1472,10:29:56,9.7,--,66,64019,卖盘
1473,10:29:46,9.7,0.01,42,40740,买盘
1474,10:29:35,9.69,-0.01,23,22287,卖盘
1475,10:29:26,9.7,0.01,40,38800,中性盘
1476,10:29:17,9.69,-0.01,193,187017,卖盘
1477,10:29:11,9.7,--,114,110579,卖盘
1478,10:29:05,9.7,0.01,11,10670,买盘
1479,10:29:02,9.69,-0.01,26,25194,卖盘
1480,10:28:56,9.7,0.01,11,10670,中性盘
1481,10:28:50,9.69,-0.01,42,40698,卖盘
1482,10:28:44,9.7,0.01,10,9700,中性盘
1483,10:28:41,9.69,-0.01,448,434112,卖盘
1484,10:28:35,9.7,--,24,23280,卖盘
1485,10:28:29,9.7,--,5,4850,卖盘
1486,10:28:20,9.7,--,26,25219,卖盘
1487,10:28:11,9.7,-0.01,26,25219,卖盘
1488,10:28:05,9.71,0.01,2,1942,买盘
1489,10:27:59,9.7,-0.01,1421,1378370,卖盘
1490,10:27:56,9.71,-0.01,24,23304,卖盘
1491,10:27:50,9.72,--,137,133164,买盘
1492,10:27:41,9.72,0.01,10,9720,买盘
1493,10:27:35,9.71,--,28,27188,卖盘
1494,10:27:29,9.71,--,7,6797,卖盘
1495,10:27:26,9.71,--,87,84477,卖盘
1496,10:27:11,9.71,-0.01,46,44666,卖盘
1497,10:27:05,9.72,0.01,38,36936,买盘
1498,10:26:56,9.71,--,3,2913,卖盘
1499,10:26:50,9.71,-0.01,54,52434,卖盘
1500,10:26:41,9.72,0.01,34,33048,买盘
1501,10:26:29,9.71,-0.01,22,21362,卖盘
1502,10:26:26,9.72,0.01,155,150660,买盘
1503,10:26:20,9.71,-0.01,58,56318,卖盘
1504,10:26:11,9.72,--,95,92340,买盘
1505,10:26:05,9.72,--,124,120528,买盘
1506,10:25:59,9.72,0.01,10,9720,买盘
1507,10:25:56,9.71,-0.01,55,53405,卖盘
1508,10:25:50,9.72,0.01,89,86508,买盘
1509,10:25:44,9.71,--,44,42724,卖盘
1510,10:25:41,9.71,--,10,9710,卖盘
1511,10:25:35,9.71,-0.01,72,69912,卖盘
1512,10:25:29,9.72,0.01,5,4860,买盘
1513,10:25:26,9.71,--,25,24275,卖盘
1514,10:25:20,9.71,-0.01,60,58260,卖盘
1515,10:25:14,9.72,--,20,19440,买盘
1516,10:25:11,9.72,--,97,94284,买盘
1517,10:25:05,9.72,0.01,44,42768,买盘
1518,10:24:59,9.71,-0.01,26,25246,卖盘
1519,10:24:56,9.72,--,15,14580,卖盘
1520,10:24:50,9.72,-0.01,36,34992,卖盘
1521,10:24:44,9.73,0.01,3,2919,买盘
1522,10:24:41,9.72,-0.01,24,23328,卖盘
1523,10:24:35,9.73,--,91,88543,买盘
1524,10:24:29,9.73,0.01,21,20433,买盘
1525,10:24:26,9.72,--,42,40824,卖盘
1526,10:24:20,9.72,--,51,49572,卖盘
1527,10:24:05,9.72,--,22,21384,卖盘
1528,10:23:59,9.72,0.01,11,10692,买盘
1529,10:23:56,9.71,--,28,27188,卖盘
1530,10:23:50,9.71,--,14,13594,卖盘
1531,10:23:44,9.71,--,25,24275,卖盘
1532,10:23:41,9.71,--,40,38840,买盘
1533,10:23:35,9.71,--,39,37869,买盘
1534,10:23:29,9.71,--,85,82535,买盘
1535,10:23:26,9.71,-0.01,135,131085,卖盘
1536,10:23:20,9.72,0.01,134,130248,买盘
1537,10:23:14,9.71,--,5,4855,卖盘
1538,10:23:11,9.71,-0.01,35,33985,卖盘
1539,10:23:05,9.72,0.01,7,6804,买盘
1540,10:22:59,9.71,--,21,20391,卖盘
1541,10:22:50,9.71,-0.01,31,30101,卖盘
1542,10:22:44,9.72,--,45,43740,买盘
1543,10:22:40,9.72,0.01,96,93312,买盘
1544,10:22:35,9.71,--,45,43695,卖盘
1545,10:22:29,9.71,--,20,19420,卖盘
1546,10:22:25,9.71,--,85,82535,卖盘
1547,10:22:20,9.71,0.01,27,26217,买盘
1548,10:22:14,9.7,-0.01,24,23280,卖盘
1549,10:22:10,9.71,--,74,71854,买盘
1550,10:22:05,9.71,--,57,55347,买盘
1551,10:21:59,9.71,0.01,9,8739,买盘
1552,10:21:53,9.7,-0.01,24,23280,卖盘
1553,10:21:50,9.71,0.01,50,48550,买盘
1554,10:21:44,9.7,--,155,150350,卖盘
1555,10:21:38,9.7,--,7,6789,卖盘
1556,10:21:35,9.7,--,22,21340,卖盘
1557,10:21:29,9.7,--,5,4850,卖盘
1558,10:21:23,9.7,--,41,39770,卖盘
1559,10:21:20,9.7,--,13,12609,买盘
1560,10:21:14,9.7,0.01,60,58199,买盘
1561,10:21:08,9.69,-0.01,4,3876,卖盘
1562,10:21:05,9.7,0.01,183,177510,买盘
1563,10:20:59,9.69,--,20,19380,卖盘
1564,10:20:50,9.69,-0.01,20,19380,卖盘
1565,10:20:44,9.7,0.01,20,19400,买盘
1566,10:20:35,9.69,--,233,225854,买盘
1567,10:20:29,9.69,--,18,17442,买盘
1568,10:20:23,9.69,--,10,9690,买盘
1569,10:20:20,9.69,--,18,17442,买盘
1570,10:20:14,9.69,--,76,73644,买盘
1571,10:20:08,9.69,--,145,141396,卖盘
1572,10:19:59,9.69,-0.01,5,4845,卖盘
1573,10:19:53,9.7,0.02,14,13579,买盘
1574,10:19:50,9.68,--,100,96877,买盘
1575,10:19:44,9.68,-0.01,399,387122,卖盘
1576,10:19:38,9.69,0.01,1,969,卖盘
1577,10:19:35,9.68,-0.01,92,89259,卖盘
1578,10:19:29,9.69,0.01,41,39729,买盘
1579,10:19:23,9.68,-0.01,1,968,卖盘
1580,10:19:20,9.69,0.01,109,105621,买盘
1581,10:19:14,9.68,--,308,298144,卖盘
1582,10:19:08,9.68,-0.01,109,105512,卖盘
1583,10:19:05,9.69,0.01,30,29070,买盘
1584,10:18:59,9.68,--,24,23232,卖盘
1585,10:18:53,9.68,--,54,53114,买盘
1586,10:18:50,9.68,--,34,32912,买盘
1587,10:18:44,9.68,--,85,82280,买盘
1588,10:18:38,9.68,--,2,1936,买盘
1589,10:18:35,9.68,--,165,159720,买盘
1590,10:18:29,9.68,-0.01,176,170493,卖盘
1591,10:18:23,9.69,0.01,53,51357,买盘
1592,10:18:20,9.68,--,19,18392,卖盘
1593,10:18:14,9.68,0.01,389,376552,买盘
1594,10:18:08,9.67,-0.01,450,435991,卖盘
1595,10:18:05,9.68,0.01,165,159720,买盘
1596,10:17:59,9.67,-0.01,49,47383,卖盘
1597,10:17:53,9.68,0.01,44,42592,买盘
1598,10:17:50,9.67,--,71,68657,卖盘
1599,10:17:44,9.67,--,60,58020,买盘
1600,10:17:38,9.67,-0.01,38,36746,中性盘
1601,10:17:34,9.68,0.01,213,206184,买盘
1602,10:17:29,9.67,--,149,144083,卖盘
1603,10:17:23,9.67,--,285,275595,卖盘
1604,10:17:20,9.67,-0.01,66,63822,卖盘
1605,10:17:14,9.68,0.01,8,7744,买盘
1606,10:17:08,9.67,-0.01,1,967,卖盘
1607,10:17:05,9.68,--,171,165528,卖盘
1608,10:16:59,9.68,--,37,35816,卖盘
1609,10:16:53,9.68,-0.01,214,207152,卖盘
1610,10:16:50,9.69,0.01,49,47481,买盘
1611,10:16:44,9.68,--,130,125840,卖盘
1612,10:16:38,9.68,--,36,34848,卖盘
1613,10:16:34,9.68,-0.01,50,48400,卖盘
1614,10:16:29,9.69,0.01,180,174420,买盘
1615,10:16:23,9.68,-0.01,2,1936,卖盘
1616,10:16:19,9.69,--,110,106590,买盘
1617,10:16:14,9.69,0.01,27,26163,买盘
1618,10:16:04,9.68,-0.01,54,52939,卖盘
1619,10:15:59,9.69,--,37,35853,卖盘
1620,10:15:53,9.69,--,33,31977,卖盘
1621,10:15:49,9.69,--,1,969,卖盘
1622,10:15:44,9.69,-0.01,452,437988,卖盘
1623,10:15:38,9.7,--,76,74311,卖盘
1624,10:15:34,9.7,--,413,400609,卖盘
1625,10:15:29,9.7,--,56,54319,卖盘
1626,10:15:23,9.7,-0.01,20,19400,卖盘
1627,10:15:19,9.71,0.01,227,220417,买盘
1628,10:15:14,9.7,--,113,109609,卖盘
1629,10:15:04,9.7,--,32,31039,卖盘
1630,10:14:59,9.7,--,9,8730,卖盘
1631,10:14:53,9.7,-0.01,8,7759,卖盘
1632,10:14:47,9.71,0.01,5,4855,买盘
1633,10:14:44,9.7,--,17,16490,卖盘
1634,10:14:38,9.7,-0.01,190,184300,卖盘
1635,10:14:29,9.71,0.01,75,72825,买盘
1636,10:14:23,9.7,-0.01,1,969,卖盘
1637,10:14:14,9.71,--,130,126230,买盘
1638,10:14:08,9.71,0.01,28,27188,买盘
1639,10:14:02,9.7,-0.01,2,1939,卖盘
1640,10:13:59,9.71,0.01,14,13594,买盘
1641,10:13:53,9.7,--,250,242499,卖盘
1642,10:13:44,9.7,--,100,97000,卖盘
1643,10:13:38,9.7,--,27,26189,卖盘
1644,10:13:32,9.7,-0.01,110,106699,卖盘
1645,10:13:29,9.71,--,88,86127,买盘
1646,10:13:23,9.71,--,25,24275,买盘
1647,10:13:17,9.71,-0.01,156,151767,卖盘
1648,10:13:14,9.72,--,14,13608,买盘
1649,10:13:08,9.72,0.01,101,98172,买盘
1650,10:13:02,9.71,--,22,21362,卖盘
1651,10:12:53,9.71,--,332,322372,卖盘
1652,10:12:44,9.71,--,22,21362,卖盘
1653,10:12:38,9.71,--,53,51463,卖盘
1654,10:12:32,9.71,--,10,9710,卖盘
1655,10:12:23,9.71,--,56,54376,卖盘
1656,10:12:14,9.71,--,819,795928,卖盘
1657,10:12:08,9.71,-0.01,62,60202,卖盘
1658,10:12:02,9.72,0.01,2,1944,买盘
1659,10:11:59,9.71,-0.01,110,106810,卖盘
1660,10:11:53,9.72,0.01,15,14580,买盘
1661,10:11:44,9.71,--,111,107781,卖盘
1662,10:11:38,9.71,-0.01,51,49521,卖盘
1663,10:11:28,9.72,0.01,17,16524,买盘
1664,10:11:23,9.71,--,66,64086,卖盘
1665,10:11:13,9.71,-0.01,30,29130,卖盘
1666,10:11:08,9.72,--,123,119556,买盘
1667,10:11:02,9.72,--,11,10692,买盘
1668,10:10:58,9.72,0.01,40,38880,买盘
1669,10:10:53,9.71,-0.01,112,108752,卖盘
1670,10:10:43,9.72,--,40,38880,卖盘
1671,10:10:38,9.72,--,6,5832,卖盘
1672,10:10:32,9.72,--,61,59292,卖盘
1673,10:10:28,9.72,--,30,29160,卖盘
1674,10:10:23,9.72,--,68,66096,卖盘
1675,10:10:13,9.72,-0.01,13,12636,卖盘
1676,10:10:08,9.73,0.01,7,6811,买盘
1677,10:10:02,9.72,-0.01,103,100116,卖盘
1678,10:09:58,9.73,0.01,83,80759,买盘
1679,10:09:53,9.72,-0.01,120,116640,卖盘
1680,10:09:43,9.73,0.01,4,3892,买盘
1681,10:09:38,9.72,--,105,102060,卖盘
1682,10:09:28,9.72,--,31,30132,卖盘
1683,10:09:23,9.72,--,138,134136,卖盘
1684,10:09:17,9.72,-0.01,5,4860,卖盘
1685,10:09:13,9.73,0.01,327,318171,买盘
1686,10:09:08,9.72,--,36,34992,卖盘
1687,10:08:53,9.72,-0.01,67,65221,卖盘
1688,10:08:43,9.73,--,372,361956,卖盘
1689,10:08:38,9.73,--,35,34055,卖盘
1690,10:08:28,9.73,--,62,60326,卖盘
1691,10:08:23,9.73,--,46,44758,卖盘
1692,10:08:08,9.73,--,1,973,卖盘
1693,10:08:02,9.73,-0.01,206,200438,卖盘
1694,10:07:56,9.74,--,17,16558,买盘
1695,10:07:47,9.74,0.01,1,974,买盘
1696,10:07:38,9.73,--,1,973,卖盘
1697,10:07:32,9.73,--,15,14595,卖盘
1698,10:07:26,9.73,-0.01,15,14595,卖盘
1699,10:07:23,9.74,0.01,5,4870,买盘
1700,10:07:11,9.73,--,8,7784,卖盘
1701,10:07:08,9.73,--,127,123765,卖盘
1702,10:06:56,9.73,-0.01,18,17514,卖盘
1703,10:06:53,9.74,--,121,118438,买盘
1704,10:06:26,9.74,--,5,4870,买盘
1705,10:06:23,9.74,--,18,17532,买盘
1706,10:06:08,9.74,--,6,5844,买盘
1707,10:06:02,9.74,--,79,77822,卖盘
1708,10:05:53,9.74,--,54,53180,卖盘
1709,10:05:47,9.74,-0.01,54,53180,卖盘
1710,10:05:38,9.75,0.01,158,154050,买盘
1711,10:05:32,9.74,--,84,81816,卖盘
1712,10:05:23,9.74,--,8,7792,卖盘
1713,10:05:17,9.74,-0.01,15,14610,卖盘
1714,10:05:08,9.75,0.01,78,76050,买盘
1715,10:05:02,9.74,--,1,974,卖盘
1716,10:04:53,9.74,-0.01,25,24350,卖盘
1717,10:04:47,9.75,--,21,20475,买盘
1718,10:04:37,9.75,0.01,62,60450,买盘
1719,10:04:32,9.74,--,40,38960,卖盘
1720,10:04:26,9.74,--,20,20356,买盘
1721,10:04:22,9.74,--,36,35064,买盘
1722,10:04:17,9.74,--,5,4870,买盘
1723,10:04:07,9.74,--,6,5844,买盘
1724,10:04:02,9.74,--,86,83861,卖盘
1725,10:03:52,9.74,--,58,56492,卖盘
1726,10:03:47,9.74,--,26,25324,卖盘
1727,10:03:41,9.74,--,10,9740,卖盘
1728,10:03:37,9.74,--,2,1948,卖盘
1729,10:03:26,9.74,--,8,7792,卖盘
1730,10:03:22,9.74,--,9,8766,卖盘
1731,10:03:17,9.74,--,17,16558,卖盘
1732,10:03:11,9.74,--,133,130029,买盘
1733,10:03:07,9.74,--,231,224994,买盘
1734,10:03:02,9.74,0.01,5,4870,买盘
1735,10:02:56,9.73,--,38,36974,卖盘
1736,10:02:52,9.73,--,8,7784,卖盘
1737,10:02:47,9.73,--,48,46704,卖盘
1738,10:02:41,9.73,--,15,14595,卖盘
1739,10:02:37,9.73,-0.01,145,141668,卖盘
1740,10:02:32,9.74,0.01,4,3896,买盘
1741,10:02:22,9.73,--,81,79396,卖盘
1742,10:02:17,9.73,--,66,64218,卖盘
1743,10:02:11,9.73,-0.01,74,72585,卖盘
1744,10:02:07,9.74,--,94,92140,买盘
1745,10:02:02,9.74,--,84,82400,买盘
1746,10:01:56,9.74,--,10,9740,买盘
1747,10:01:52,9.74,--,91,88828,卖盘
1748,10:01:47,9.74,--,45,44609,买盘
1749,10:01:41,9.74,--,9,9545,卖盘
1750,10:01:32,9.74,--,10,9934,买盘
1751,10:01:26,9.74,--,49,48115,卖盘
1752,10:01:22,9.74,--,101,98374,卖盘
1753,10:01:16,9.74,--,64,62920,卖盘
1754,10:01:02,9.74,--,53,51622,卖盘
1755,10:00:56,9.74,--,3,2922,卖盘
1756,10:00:47,9.74,--,5,4870,卖盘
1757,10:00:41,9.74,-0.01,1,974,卖盘
1758,10:00:35,9.75,--,10,9750,买盘
1759,10:00:32,9.75,0.01,28,27300,买盘
1760,10:00:26,9.74,-0.01,25,24350,卖盘
1761,10:00:20,9.75,0.01,6,5850,买盘
1762,10:00:17,9.74,-0.01,94,91556,卖盘
1763,10:00:05,9.75,--,27,26325,买盘
1764,10:00:02,9.75,--,38,37050,买盘
1765,09:59:47,9.75,0.01,5,4875,买盘
1766,09:59:41,9.74,-0.01,2,1948,卖盘
1767,09:59:32,9.75,0.01,21,20475,买盘
1768,09:59:26,9.74,--,43,41882,卖盘
1769,09:59:20,9.74,--,53,51622,卖盘
1770,09:59:11,9.74,0.01,104,101296,买盘
1771,09:59:05,9.73,-0.01,13,12649,卖盘
1772,09:59:02,9.74,0.01,9,8766,买盘
1773,09:58:56,9.73,-0.01,6,5838,卖盘
1774,09:58:50,9.74,0.01,19,18506,买盘
1775,09:58:47,9.73,-0.01,213,207735,卖盘
1776,09:58:41,9.74,0.01,34,33116,买盘
1777,09:58:35,9.73,--,273,265629,卖盘
1778,09:58:31,9.73,-0.01,2,1946,卖盘
1779,09:58:26,9.74,--,5,4870,买盘
1780,09:58:20,9.74,0.01,59,57466,买盘
1781,09:58:17,9.73,--,82,79786,卖盘
1782,09:58:11,9.73,--,81,78813,卖盘
1783,09:58:01,9.73,-0.01,40,38920,卖盘
1784,09:57:56,9.74,0.01,11,10714,买盘
1785,09:57:50,9.73,--,22,21406,卖盘
1786,09:57:46,9.73,-0.01,26,25298,卖盘
1787,09:57:41,9.74,--,9,8766,买盘
1788,09:57:35,9.74,--,2,1948,买盘
1789,09:57:31,9.74,0.01,14,13636,买盘
1790,09:57:26,9.73,--,11,10703,卖盘
1791,09:57:20,9.73,-0.01,1,973,卖盘
1792,09:57:16,9.74,0.01,10,9740,买盘
1793,09:57:11,9.73,-0.01,319,310387,卖盘
1794,09:57:01,9.74,0.01,25,24350,买盘
1795,09:56:56,9.73,-0.01,6,5838,卖盘
1796,09:56:46,9.74,--,133,129542,买盘
1797,09:56:41,9.74,0.01,40,38960,买盘
1798,09:56:35,9.73,--,61,59353,卖盘
1799,09:56:31,9.73,-0.01,14,13622,卖盘
1800,09:56:26,9.74,--,87,84738,买盘
1801,09:56:20,9.74,--,1,974,买盘
1802,09:56:16,9.74,0.01,216,210384,买盘
1803,09:56:11,9.73,-0.01,154,149842,卖盘
1804,09:56:05,9.74,--,5,4870,买盘
1805,09:56:01,9.74,--,50,48700,买盘
1806,09:55:56,9.74,--,17,16558,买盘
1807,09:55:50,9.74,--,6,5844,买盘
1808,09:55:46,9.74,-0.01,247,240821,卖盘
1809,09:55:41,9.75,0.01,20,19500,买盘
1810,09:55:35,9.74,--,50,48700,卖盘
1811,09:55:31,9.74,--,1,974,卖盘
1812,09:55:26,9.74,-0.01,5,4870,卖盘
1813,09:55:16,9.75,0.01,10,9750,买盘
1814,09:55:11,9.74,0.01,64,63066,买盘
1815,09:55:05,9.73,-0.01,1,973,卖盘
1816,09:55:01,9.74,--,61,59414,买盘
1817,09:54:56,9.74,0.01,2,1948,买盘
1818,09:54:50,9.73,-0.02,100,97300,卖盘
1819,09:54:46,9.75,0.01,45,43875,买盘
1820,09:54:31,9.74,--,30,29220,卖盘
1821,09:54:26,9.74,--,33,32142,买盘
1822,09:54:20,9.74,0.01,59,57466,买盘
1823,09:54:16,9.73,-0.01,25,24325,卖盘
1824,09:54:11,9.74,--,10,9740,买盘
1825,09:54:05,9.74,--,62,60388,买盘
1826,09:53:56,9.74,--,30,29220,买盘
1827,09:53:50,9.74,0.01,143,139282,买盘
1828,09:53:41,9.73,--,48,46704,卖盘
1829,09:53:35,9.73,--,21,20433,卖盘
1830,09:53:26,9.73,--,101,98273,卖盘
1831,09:53:20,9.73,--,55,53515,卖盘
1832,09:53:14,9.73,--,8,7784,卖盘
1833,09:53:11,9.73,--,9,8757,卖盘
1834,09:53:05,9.73,-0.01,1,973,卖盘
1835,09:52:59,9.74,0.01,141,137334,买盘
1836,09:52:56,9.73,--,90,87570,卖盘
1837,09:52:50,9.73,-0.01,172,167356,卖盘
1838,09:52:44,9.74,0.01,23,22402,买盘
1839,09:52:40,9.73,--,122,118706,卖盘
1840,09:52:25,9.73,-0.01,95,92435,卖盘
1841,09:52:20,9.74,--,86,83764,卖盘
1842,09:52:14,9.74,--,161,156814,卖盘
1843,09:52:10,9.74,--,22,21428,卖盘
1844,09:52:05,9.74,--,139,135386,卖盘
1845,09:51:59,9.74,--,11,10714,卖盘
1846,09:51:55,9.74,--,99,96426,卖盘
1847,09:51:50,9.74,-0.01,45,43830,卖盘
1848,09:51:44,9.75,0.01,2,1950,买盘
1849,09:51:40,9.74,-0.01,37,36038,卖盘
1850,09:51:35,9.75,--,42,40950,买盘
1851,09:51:29,9.75,--,12,11943,卖盘
1852,09:51:25,9.75,--,162,157950,卖盘
1853,09:51:20,9.75,--,87,85653,卖盘
1854,09:51:14,9.75,--,19,18525,卖盘
1855,09:51:10,9.75,--,219,213525,卖盘
1856,09:51:05,9.75,--,45,43875,卖盘
1857,09:50:59,9.75,--,241,235852,卖盘
1858,09:50:55,9.75,--,11,10725,卖盘
1859,09:50:50,9.75,--,313,305175,卖盘
1860,09:50:44,9.75,--,133,129675,卖盘
1861,09:50:40,9.75,-0.01,21,20475,卖盘
1862,09:50:35,9.76,--,5,4880,买盘
1863,09:50:29,9.76,--,375,366000,卖盘
1864,09:50:25,9.76,--,42,40992,卖盘
1865,09:50:20,9.76,--,123,120048,卖盘
1866,09:50:10,9.76,-0.01,87,84912,卖盘
1867,09:49:59,9.77,--,11,10747,卖盘
1868,09:49:55,9.77,--,15,14655,卖盘
1869,09:49:50,9.77,--,1,977,卖盘
1870,09:49:40,9.77,--,3,2931,卖盘
1871,09:49:34,9.77,0.01,424,414248,买盘
1872,09:49:25,9.76,-0.01,9,8784,卖盘
1873,09:49:20,9.77,0.01,1,977,买盘
1874,09:49:14,9.76,--,1,976,卖盘
1875,09:49:10,9.76,--,29,28304,卖盘
1876,09:48:55,9.76,-0.01,6,5856,卖盘
1877,09:48:50,9.77,--,32,31264,卖盘
1878,09:48:44,9.77,--,4,3908,卖盘
1879,09:48:35,9.77,--,5,4885,卖盘
1880,09:48:29,9.77,--,3,2931,卖盘
1881,09:48:25,9.77,--,1,977,卖盘
1882,09:48:19,9.77,--,60,58620,卖盘
1883,09:48:14,9.77,-0.01,75,73275,卖盘
1884,09:48:10,9.78,0.01,3,2934,买盘
1885,09:48:04,9.77,--,104,101608,卖盘
1886,09:47:55,9.77,-0.01,36,35172,卖盘
1887,09:47:49,9.78,--,5,4890,买盘
1888,09:47:40,9.78,--,35,34230,买盘
1889,09:47:34,9.78,0.01,61,59657,买盘
1890,09:47:29,9.77,--,57,55689,卖盘
1891,09:47:25,9.77,-0.01,89,86953,卖盘
1892,09:47:14,9.78,0.01,126,123227,买盘
1893,09:47:10,9.77,--,25,24425,卖盘
1894,09:47:05,9.77,-0.01,12,11724,卖盘
1895,09:46:59,9.78,0.01,10,9780,买盘
1896,09:46:49,9.77,--,120,117240,卖盘
1897,09:46:44,9.77,--,10,9770,卖盘
1898,09:46:34,9.77,-0.01,71,69367,卖盘
1899,09:46:29,9.78,0.01,8,7823,买盘
1900,09:46:23,9.77,--,110,107470,卖盘
1901,09:46:20,9.77,-0.01,8,7816,卖盘
1902,09:46:14,9.78,0.01,24,23472,买盘
1903,09:46:08,9.77,--,2,1954,卖盘
1904,09:46:04,9.77,--,13,12701,卖盘
1905,09:45:59,9.77,-0.01,20,19540,卖盘
1906,09:45:53,9.78,--,11,10758,买盘
1907,09:45:44,9.78,--,144,140832,卖盘
1908,09:45:34,9.78,--,108,105624,卖盘
1909,09:45:29,9.78,--,27,26406,卖盘
1910,09:45:23,9.78,-0.01,493,482153,卖盘
1911,09:45:19,9.79,--,12,11747,买盘
1912,09:45:14,9.79,0.01,37,36223,买盘
1913,09:45:04,9.78,-0.01,14,13692,卖盘
1914,09:44:49,9.79,0.01,27,26432,买盘
1915,09:44:44,9.78,-0.01,17,16626,卖盘
1916,09:44:29,9.79,0.01,2,1957,买盘
1917,09:44:23,9.78,--,48,46944,卖盘
1918,09:44:19,9.78,--,2,1955,卖盘
1919,09:44:13,9.78,--,10,9780,卖盘
1920,09:44:08,9.78,--,19,18582,卖盘
1921,09:44:04,9.78,-0.01,37,36186,卖盘
1922,09:43:59,9.79,0.01,20,19580,买盘
1923,09:43:53,9.78,--,10,9780,卖盘
1924,09:43:49,9.78,-0.01,101,98778,卖盘
1925,09:43:43,9.79,--,3,2936,买盘
1926,09:43:38,9.79,--,26,25453,买盘
1927,09:43:34,9.79,--,10,9790,买盘
1928,09:43:28,9.79,--,107,104752,卖盘
1929,09:43:23,9.79,--,10,9790,卖盘
1930,09:43:19,9.79,-0.01,25,24474,买盘
1931,09:43:13,9.8,0.01,100,98000,买盘
1932,09:43:08,9.79,-0.01,38,37202,卖盘
1933,09:42:58,9.8,--,599,587020,买盘
1934,09:42:53,9.8,--,34,33320,卖盘
1935,09:42:49,9.8,--,30,29400,卖盘
1936,09:42:43,9.8,-0.01,22,21560,卖盘
1937,09:42:38,9.81,--,15,14715,买盘
1938,09:42:34,9.81,--,60,58860,卖盘
1939,09:42:28,9.81,-0.01,51,50031,卖盘
1940,09:42:19,9.82,0.01,1,982,买盘
1941,09:42:13,9.81,-0.01,3,2943,卖盘
1942,09:42:08,9.82,--,14,13748,卖盘
1943,09:42:04,9.82,0.01,46,45172,买盘
1944,09:41:58,9.81,0.01,4,3924,中性盘
1945,09:41:53,9.8,--,102,99960,卖盘
1946,09:41:49,9.8,-0.01,123,120540,卖盘
1947,09:41:43,9.81,--,7,6867,买盘
1948,09:41:38,9.81,--,4,3924,买盘
1949,09:41:34,9.81,0.01,84,82404,买盘
1950,09:41:28,9.8,--,12,11760,卖盘
1951,09:41:19,9.8,--,29,28420,卖盘
1952,09:41:13,9.8,0.02,271,265580,买盘
1953,09:41:03,9.78,--,21,20538,卖盘
1954,09:40:58,9.78,0.01,46,44988,买盘
1955,09:40:53,9.77,--,4,3908,卖盘
1956,09:40:49,9.77,--,102,99654,卖盘
1957,09:40:43,9.77,-0.01,7,6839,卖盘
1958,09:40:38,9.78,0.01,10,9780,买盘
1959,09:40:28,9.77,--,225,219825,卖盘
1960,09:40:23,9.77,--,58,56666,买盘
1961,09:40:19,9.77,0.01,41,40057,买盘
1962,09:40:13,9.76,--,93,90768,卖盘
1963,09:40:08,9.76,-0.01,245,239120,卖盘
1964,09:39:58,9.77,0.01,25,24425,买盘
1965,09:39:53,9.76,-0.01,22,21472,卖盘
1966,09:39:47,9.77,--,10,9770,买盘
1967,09:39:43,9.77,--,84,82068,买盘
1968,09:39:38,9.77,--,8,7816,买盘
1969,09:39:32,9.77,-0.01,159,155343,卖盘
1970,09:39:28,9.78,--,339,331542,买盘
1971,09:39:23,9.78,0.01,138,134964,买盘
1972,09:39:13,9.77,--,17,16609,卖盘
1973,09:39:08,9.77,--,19,18563,卖盘
1974,09:39:02,9.77,--,5,4885,卖盘
1975,09:38:58,9.77,--,23,22471,卖盘
1976,09:38:53,9.77,0.01,25,24425,卖盘
1977,09:38:47,9.76,--,0,0,卖盘
1978,09:38:43,9.76,--,134,130784,卖盘
1979,09:38:38,9.76,--,9,8784,卖盘
1980,09:38:28,9.76,--,11,10736,卖盘
1981,09:38:23,9.76,--,0,0,卖盘
1982,09:38:17,9.76,-0.01,162,158112,卖盘
1983,09:38:13,9.77,0.01,5,4885,买盘
1984,09:38:02,9.76,--,13,12688,卖盘
1985,09:37:58,9.76,--,28,27328,卖盘
1986,09:37:52,9.76,-0.01,150,146400,卖盘
1987,09:37:47,9.77,--,20,19540,买盘
1988,09:37:43,9.77,0.01,10,9770,中性盘
1989,09:37:32,9.76,-0.01,25,24400,卖盘
1990,09:37:22,9.77,0.01,19,18563,买盘
1991,09:37:17,9.76,-0.01,40,39040,卖盘
1992,09:37:13,9.77,--,2,1954,买盘
1993,09:37:07,9.77,--,32,31264,买盘
1994,09:37:02,9.77,0.01,57,55689,买盘
1995,09:36:58,9.76,-0.01,2,1952,卖盘
1996,09:36:52,9.77,0.01,3,2931,买盘
1997,09:36:47,9.76,-0.01,17,16592,卖盘
1998,09:36:43,9.77,--,5,4885,买盘
1999,09:36:37,9.77,--,10,9770,买盘
2000,09:36:28,9.77,--,23,22471,买盘
2001,09:36:22,9.77,--,65,63505,买盘
2002,09:36:17,9.77,--,21,20517,卖盘
2003,09:36:13,9.77,0.01,50,48850,买盘
2004,09:36:07,9.76,--,650,634400,卖盘
2005,09:35:58,9.76,-0.03,30,29280,卖盘
2006,09:35:52,9.79,0.02,521,510058,买盘
2007,09:35:47,9.77,--,1,977,买盘
2008,09:35:32,9.77,-0.01,20,19540,卖盘
2009,09:35:28,9.78,0.01,1,977,买盘
2010,09:35:22,9.77,-0.01,3,2931,卖盘
2011,09:35:17,9.78,--,40,39120,买盘
2012,09:35:13,9.78,--,4,3911,买盘
2013,09:35:07,9.78,--,2,1955,买盘
2014,09:35:02,9.78,--,21,20538,买盘
2015,09:34:58,9.78,0.01,40,39120,买盘
2016,09:34:52,9.77,-0.01,30,29310,卖盘
2017,09:34:47,9.78,0.01,26,25428,买盘
2018,09:34:37,9.77,--,4,3908,卖盘
2019,09:34:32,9.77,0.01,14,13678,买盘
2020,09:34:28,9.76,--,5,4880,卖盘
2021,09:34:22,9.76,--,72,70272,卖盘
2022,09:34:17,9.76,--,8,7808,卖盘
2023,09:34:13,9.76,--,2,1952,卖盘
2024,09:34:07,9.76,--,13,12688,卖盘
2025,09:33:57,9.76,--,38,37088,买盘
2026,09:33:52,9.76,--,85,82960,买盘
2027,09:33:42,9.76,--,2,1952,买盘
2028,09:33:37,9.76,0.01,30,29280,买盘
2029,09:33:32,9.75,--,11,10725,卖盘
2030,09:33:27,9.75,--,2,1950,买盘
2031,09:33:22,9.75,--,8,7800,买盘
2032,09:33:17,9.75,--,5,4875,买盘
2033,09:33:12,9.75,--,77,75075,买盘
2034,09:33:07,9.75,--,217,211575,卖盘
2035,09:33:02,9.75,--,18,17550,卖盘
2036,09:32:58,9.75,--,43,41925,买盘
2037,09:32:52,9.75,--,70,68250,买盘
2038,09:32:47,9.75,--,16,15600,买盘
2039,09:32:41,9.75,--,77,75075,卖盘
2040,09:32:37,9.75,--,6,5850,卖盘
2041,09:32:32,9.75,-0.01,272,265200,卖盘
2042,09:32:26,9.76,0.01,30,29280,买盘
2043,09:32:17,9.75,--,23,22425,卖盘
2044,09:32:11,9.75,--,21,20475,买盘
2045,09:32:07,9.75,--,52,50700,卖盘
2046,09:32:02,9.75,--,128,124800,买盘
2047,09:31:56,9.75,--,8,7800,买盘
2048,09:31:52,9.75,0.01,69,67275,买盘
2049,09:31:46,9.74,-0.01,140,136360,卖盘
2050,09:31:37,9.75,--,11,10725,卖盘
2051,09:31:31,9.75,--,381,371475,买盘
2052,09:31:26,9.75,0.01,46,44850,买盘
2053,09:31:22,9.74,-0.01,52,50648,卖盘
2054,09:31:16,9.75,-0.01,22,21450,买盘
2055,09:31:07,9.76,0.01,160,156160,买盘
2056,09:31:01,9.75,--,173,168675,卖盘
2057,09:30:56,9.75,--,49,47775,卖盘
2058,09:30:52,9.75,-0.01,14,13650,卖盘
2059,09:30:46,9.76,--,37,36112,买盘
2060,09:30:31,9.76,-0.01,72,70272,卖盘
2061,09:30:26,9.77,0.01,12,11724,买盘
2062,09:30:22,9.76,-0.01,74,72224,卖盘
2063,09:30:11,9.77,--,20,19540,买盘
2064,09:30:07,9.77,0.01,124,121148,中性盘
2065,09:30:01,9.76,-0.02,68,66368,卖盘
2066,09:28:44,9.78,--,0,0,买盘
2067,09:25:04,9.78,9.78,485,474329,买盘
