,time,price,change,volume,amount,type
0,15:00:00,244.92,-0.08,0,0,卖盘
1,15:00:00,245.0,--,0,0,卖盘
2,14:59:58,245.0,0.11,70,1722840,买盘
3,14:59:53,244.89,--,5,122445,卖盘
4,14:59:47,244.89,-0.01,106,2595834,卖盘
5,14:59:43,244.9,-0.01,15,367350,中性盘
6,14:59:38,244.91,--,28,690156,买盘
7,14:59:32,244.91,0.01,14,342874,买盘
8,14:59:28,244.9,-0.01,19,465310,卖盘
9,14:59:23,244.91,0.01,18,440838,买盘
10,14:59:17,244.9,-0.01,2,48980,卖盘
11,14:59:13,244.91,0.01,53,1298023,买盘
12,14:59:08,244.9,-0.01,53,1297970,卖盘
13,14:59:02,244.91,--,12,293892,买盘
14,14:58:58,244.91,--,17,416347,卖盘
15,14:58:53,244.91,-0.03,8,208173,卖盘
16,14:58:47,244.94,--,9,220446,买盘
17,14:58:43,244.94,-0.02,7,171458,中性盘
18,14:58:38,244.96,--,22,538912,买盘
19,14:58:32,244.96,--,5,122480,买盘
20,14:58:28,244.96,--,8,208216,买盘
21,14:58:23,244.96,0.02,9,220464,买盘
22,14:58:17,244.94,-0.02,4,97976,卖盘
23,14:58:13,244.96,--,7,171472,买盘
24,14:58:08,244.96,--,37,906352,买盘
25,14:58:02,244.96,-0.01,20,489920,卖盘
26,14:57:58,244.97,-0.01,103,2523191,中性盘
27,14:57:53,244.98,0.02,21,514458,买盘
28,14:57:47,244.96,--,2,48992,卖盘
29,14:57:43,244.96,0.01,6,146976,买盘
30,14:57:38,244.95,--,70,1714650,卖盘
31,14:57:32,244.95,--,6,146970,卖盘
32,14:57:28,244.95,0.05,55,1367310,买盘
33,14:57:23,244.9,--,14,342860,卖盘
34,14:57:17,244.9,--,4,97960,买盘
35,14:57:13,244.9,-0.03,10,244900,卖盘
36,14:57:07,244.93,0.04,6,146958,买盘
37,14:57:02,244.89,-0.01,14,342846,卖盘
38,14:56:58,244.9,--,2,61225,卖盘
39,14:56:53,244.9,0.03,12,293880,买盘
40,14:56:47,244.87,0.01,10,244870,买盘
41,14:56:43,244.86,-0.02,13,318318,卖盘
42,14:56:38,244.88,0.01,15,367320,买盘
43,14:56:32,244.87,0.01,2,48974,中性盘
44,14:56:28,244.86,-0.01,10,244860,卖盘
45,14:56:23,244.87,0.01,7,171409,卖盘
46,14:56:17,244.86,0.01,3,73458,中性盘
47,14:56:13,244.85,0.01,39,954915,卖盘
48,14:56:07,244.84,0.01,1,24484,中性盘
49,14:56:02,244.83,--,8,195864,卖盘
50,14:55:58,244.83,--,15,367245,卖盘
51,14:55:52,244.83,0.01,18,440694,买盘
52,14:55:47,244.82,0.01,2,48964,买盘
53,14:55:43,244.81,0.02,13,318253,买盘
54,14:55:38,244.79,--,10,244790,卖盘
55,14:55:32,244.79,-0.01,3,88124,卖盘
56,14:55:28,244.8,0.01,1,24480,买盘
57,14:55:23,244.79,--,5,122395,卖盘
58,14:55:17,244.79,0.09,6,146874,买盘
59,14:55:13,244.7,0.13,104,2544880,买盘
60,14:55:07,244.57,--,9,220113,买盘
61,14:55:02,244.57,--,5,122285,买盘
62,14:54:58,244.57,0.01,7,171199,买盘
63,14:54:53,244.56,0.01,18,440208,买盘
64,14:54:47,244.55,--,2,48910,买盘
65,14:54:41,244.55,0.02,5,122275,买盘
66,14:54:38,244.53,-0.01,2,48906,卖盘
67,14:54:32,244.54,-0.01,9,220086,卖盘
68,14:54:26,244.55,0.01,1,24455,买盘
69,14:54:22,244.54,--,3,73362,卖盘
70,14:54:17,244.54,0.04,18,440172,买盘
71,14:54:08,244.5,0.01,9,220050,买盘
72,14:54:02,244.49,-0.01,11,268939,卖盘
73,14:53:56,244.5,--,1,24450,买盘
74,14:53:52,244.5,0.02,3,73350,买盘
75,14:53:47,244.48,--,0,0,卖盘
76,14:53:32,244.48,--,5,122240,卖盘
77,14:53:22,244.48,--,14,342272,卖盘
78,14:53:17,244.48,-0.02,10,244480,卖盘
79,14:53:11,244.5,0.02,4,97800,买盘
80,14:53:07,244.48,--,14,342272,中性盘
81,14:53:02,244.48,0.01,6,146688,买盘
82,14:52:56,244.47,-0.01,2,48894,卖盘
83,14:52:52,244.48,--,11,268928,买盘
84,14:52:46,244.48,--,4,97792,买盘
85,14:52:41,244.48,0.01,2,48896,买盘
86,14:52:37,244.47,-0.01,3,73341,卖盘
87,14:52:32,244.48,0.01,2,48896,买盘
88,14:52:26,244.47,-0.01,2,48894,卖盘
89,14:52:22,244.48,--,3,73344,买盘
90,14:52:16,244.48,0.02,2,48896,买盘
91,14:52:11,244.46,-0.01,2,48892,卖盘
92,14:52:01,244.47,0.01,4,97788,买盘
93,14:51:56,244.46,--,14,342244,买盘
94,14:51:52,244.46,0.01,6,146676,买盘
95,14:51:46,244.45,-0.01,2,51334,卖盘
96,14:51:37,244.46,0.01,11,268906,买盘
97,14:51:31,244.45,-0.01,3,73335,中性盘
98,14:51:26,244.46,0.02,6,146676,买盘
99,14:51:22,244.44,-0.02,4,97776,卖盘
100,14:51:16,244.46,0.03,10,244460,买盘
101,14:51:11,244.43,--,3,73329,卖盘
102,14:51:07,244.43,-0.03,4,97772,卖盘
103,14:51:02,244.46,0.03,17,415582,买盘
104,14:50:56,244.43,-0.02,1,24443,卖盘
105,14:50:52,244.45,0.04,3,73335,买盘
106,14:50:41,244.41,-0.02,3,73323,卖盘
107,14:50:37,244.43,0.13,13,317759,买盘
108,14:50:31,244.3,--,12,293160,卖盘
109,14:50:26,244.3,-0.09,1,24430,卖盘
110,14:50:16,244.39,0.09,2,48878,买盘
111,14:50:11,244.3,-0.13,3,73290,卖盘
112,14:50:07,244.43,0.1,11,268873,买盘
113,14:50:01,244.33,--,0,0,卖盘
114,14:49:56,244.33,-0.1,10,244330,卖盘
115,14:49:52,244.43,--,31,757733,卖盘
116,14:49:41,244.43,--,4,97772,卖盘
117,14:49:31,244.43,-0.01,1,24443,卖盘
118,14:49:26,244.44,--,0,0,中性盘
119,14:49:22,244.44,--,5,122220,卖盘
120,14:49:16,244.44,0.01,13,317772,买盘
121,14:49:11,244.43,--,3,73329,卖盘
122,14:49:07,244.43,-0.01,7,171101,买盘
123,14:49:01,244.44,0.01,2,48888,买盘
124,14:48:56,244.43,-0.01,16,391088,卖盘
125,14:48:51,244.44,--,5,122220,卖盘
126,14:48:46,244.44,0.01,16,391104,买盘
127,14:48:41,244.43,--,4,97772,卖盘
128,14:48:36,244.43,--,5,122215,卖盘
129,14:48:31,244.43,--,2,48886,卖盘
130,14:48:16,244.43,--,4,97772,卖盘
131,14:48:11,244.43,-0.01,3,73329,卖盘
132,14:48:06,244.44,--,2,48888,卖盘
133,14:48:01,244.44,-0.01,17,415548,卖盘
134,14:47:56,244.45,0.01,5,122225,买盘
135,14:47:41,244.44,-0.01,15,366660,卖盘
136,14:47:35,244.45,0.01,1,24445,买盘
137,14:47:31,244.44,--,1,24444,卖盘
138,14:47:26,244.44,-0.01,3,73332,卖盘
139,14:47:16,244.45,-0.01,1,24445,中性盘
140,14:47:11,244.46,0.01,22,537812,买盘
141,14:47:05,244.45,--,3,73335,卖盘
142,14:47:01,244.45,--,9,220005,卖盘
143,14:46:56,244.45,--,5,122225,卖盘
144,14:46:46,244.45,--,8,195560,卖盘
145,14:46:40,244.45,-0.01,1,24445,卖盘
146,14:46:35,244.46,-0.01,1,24446,买盘
147,14:46:31,244.47,--,6,146682,中性盘
148,14:46:25,244.47,0.01,7,171129,买盘
149,14:46:20,244.46,0.01,1,24446,买盘
150,14:46:16,244.45,-0.01,20,488900,卖盘
151,14:46:10,244.46,--,4,97784,卖盘
152,14:46:01,244.46,-0.01,2,48892,卖盘
153,14:45:55,244.47,0.01,4,97788,买盘
154,14:45:50,244.46,0.01,5,122230,买盘
155,14:45:46,244.45,0.01,3,73335,中性盘
156,14:45:35,244.44,-0.03,1,24444,卖盘
157,14:45:31,244.47,-0.01,1,24447,中性盘
158,14:45:25,244.48,0.01,13,317824,买盘
159,14:45:20,244.47,-0.01,1,24447,中性盘
160,14:45:16,244.48,--,42,1026816,买盘
161,14:45:10,244.48,0.09,11,268928,买盘
162,14:45:05,244.39,-0.09,2,48878,卖盘
163,14:45:01,244.48,--,11,268928,买盘
164,14:44:50,244.48,--,2,48896,买盘
165,14:44:46,244.48,--,19,464512,买盘
166,14:44:40,244.48,0.1,2,48896,买盘
167,14:44:31,244.38,--,0,0,中性盘
168,14:44:25,244.38,0.1,1,24438,中性盘
169,14:44:20,244.28,--,5,122140,卖盘
170,14:44:10,244.28,--,4,97712,买盘
171,14:44:05,244.28,0.09,2,48856,买盘
172,14:43:55,244.19,--,4,97676,买盘
173,14:43:50,244.19,-0.01,1,24419,买盘
174,14:43:46,244.2,--,0,0,中性盘
175,14:43:35,244.2,--,0,0,中性盘
176,14:43:31,244.2,--,2,48840,买盘
177,14:43:16,244.2,--,1,24420,买盘
178,14:43:10,244.2,-0.02,1,24420,买盘
179,14:43:05,244.22,0.09,1,24422,买盘
180,14:43:01,244.13,-0.3,114,2783082,卖盘
181,14:42:55,244.43,--,0,0,买盘
182,14:42:50,244.43,0.23,23,562189,买盘
183,14:42:46,244.2,-0.08,1,24420,卖盘
184,14:42:31,244.28,-0.04,54,1319112,卖盘
185,14:42:25,244.32,-0.08,54,1319328,卖盘
186,14:42:16,244.4,-0.08,20,488800,卖盘
187,14:42:10,244.48,0.05,3,73344,买盘
188,14:42:05,244.43,--,2,48886,卖盘
189,14:42:00,244.43,0.03,4,97772,卖盘
190,14:41:55,244.4,-0.01,9,219960,卖盘
191,14:41:50,244.41,0.01,5,122205,中性盘
192,14:41:45,244.4,--,4,97760,卖盘
193,14:41:40,244.4,-0.09,20,488800,卖盘
194,14:41:35,244.49,0.09,1,24449,中性盘
195,14:41:30,244.4,-0.01,4,97760,卖盘
196,14:41:25,244.41,-0.01,4,97764,卖盘
197,14:41:20,244.42,--,0,0,卖盘
198,14:41:15,244.42,-0.08,2,48884,卖盘
199,14:41:10,244.5,0.02,5,122250,买盘
200,14:41:05,244.48,-0.03,40,977920,卖盘
201,14:41:00,244.51,-0.01,3,73353,卖盘
202,14:40:55,244.52,0.02,2,48904,买盘
203,14:40:50,244.5,--,2,48900,卖盘
204,14:40:44,244.5,--,2,48900,卖盘
205,14:40:40,244.5,-0.02,14,342300,卖盘
206,14:40:34,244.52,0.02,3,73356,中性盘
207,14:40:29,244.5,--,0,0,卖盘
208,14:40:19,244.5,-0.04,12,293400,卖盘
209,14:40:14,244.54,0.04,1,24454,买盘
210,14:40:10,244.5,--,0,0,卖盘
211,14:40:04,244.5,0.01,3,73350,买盘
212,14:39:55,244.49,-0.01,9,220041,卖盘
213,14:39:49,244.5,0.01,2,48900,买盘
214,14:39:44,244.49,0.07,1,24449,买盘
215,14:39:40,244.42,--,5,122210,买盘
216,14:39:34,244.42,0.01,3,73326,卖盘
217,14:39:19,244.41,-0.09,4,97764,卖盘
218,14:39:10,244.5,--,8,195600,买盘
219,14:39:04,244.5,--,1,24450,买盘
220,14:38:55,244.5,--,0,0,买盘
221,14:38:49,244.5,0.1,1,24450,买盘
222,14:38:40,244.4,-0.17,22,537680,卖盘
223,14:38:34,244.57,-0.01,25,611425,卖盘
224,14:38:29,244.58,-0.01,6,146748,卖盘
225,14:38:25,244.59,0.01,9,220131,买盘
226,14:38:19,244.58,--,3,73374,卖盘
227,14:38:14,244.58,-0.01,1,24458,卖盘
228,14:38:10,244.59,0.01,4,100281,买盘
229,14:38:04,244.58,-0.01,1,24458,卖盘
230,14:37:59,244.59,0.01,6,146754,买盘
231,14:37:55,244.58,-0.01,10,244580,卖盘
232,14:37:44,244.59,--,1,24459,卖盘
233,14:37:40,244.59,-0.06,4,97836,卖盘
234,14:37:29,244.65,--,0,0,买盘
235,14:37:25,244.65,0.02,8,195720,买盘
236,14:37:19,244.63,-0.03,2,48926,卖盘
237,14:37:14,244.66,--,0,0,买盘
238,14:37:10,244.66,0.01,12,293592,买盘
239,14:37:04,244.65,0.02,4,97860,卖盘
240,14:36:59,244.63,-0.02,10,244630,卖盘
241,14:36:55,244.65,--,6,146790,中性盘
242,14:36:49,244.65,-0.02,5,122325,卖盘
243,14:36:40,244.67,--,23,562741,卖盘
244,14:36:34,244.67,--,8,195736,卖盘
245,14:36:29,244.67,--,1,24467,卖盘
246,14:36:25,244.67,--,5,122335,卖盘
247,14:36:19,244.67,--,5,122335,卖盘
248,14:36:14,244.67,--,6,146802,卖盘
249,14:36:04,244.67,--,4,97868,卖盘
250,14:35:54,244.67,0.07,26,636142,买盘
251,14:35:49,244.6,--,2,48920,卖盘
252,14:35:39,244.6,0.03,78,1907880,买盘
253,14:35:34,244.57,-0.01,13,317941,卖盘
254,14:35:29,244.58,--,6,146748,买盘
255,14:35:24,244.58,--,6,146748,买盘
256,14:35:19,244.58,0.01,6,146748,买盘
257,14:35:14,244.57,-0.01,1,24457,卖盘
258,14:35:09,244.58,--,3,73374,买盘
259,14:35:04,244.58,0.01,2,48916,买盘
260,14:34:59,244.57,-0.01,2,48914,卖盘
261,14:34:54,244.58,0.01,5,122290,买盘
262,14:34:49,244.57,-0.01,2,48914,中性盘
263,14:34:44,244.58,0.01,11,269038,买盘
264,14:34:39,244.57,-0.01,4,97828,买盘
265,14:34:34,244.58,0.08,8,195664,买盘
266,14:34:29,244.5,--,0,0,卖盘
267,14:34:24,244.5,-0.08,4,97800,卖盘
268,14:34:19,244.58,0.01,10,244580,买盘
269,14:34:13,244.57,-0.01,4,97828,买盘
270,14:34:09,244.58,0.01,15,366870,买盘
271,14:34:04,244.57,0.07,7,171199,买盘
272,14:33:58,244.5,-0.06,1,24450,卖盘
273,14:33:54,244.56,0.1,2,48912,买盘
274,14:33:49,244.46,--,26,635596,买盘
275,14:33:38,244.46,--,8,195568,卖盘
276,14:33:34,244.46,--,7,171122,卖盘
277,14:33:19,244.46,--,31,757826,买盘
278,14:33:13,244.46,0.06,25,611150,买盘
279,14:33:08,244.4,0.08,5,122200,买盘
280,14:32:58,244.32,-0.08,26,635232,卖盘
281,14:32:49,244.4,0.03,3,73320,买盘
282,14:32:43,244.37,--,4,97748,买盘
283,14:32:34,244.37,--,2,48874,买盘
284,14:32:28,244.37,-0.03,19,464303,卖盘
285,14:32:19,244.4,--,11,268840,买盘
286,14:32:13,244.4,-0.01,27,659880,卖盘
287,14:32:08,244.41,--,2,48882,卖盘
288,14:31:58,244.41,-0.05,50,1222050,卖盘
289,14:31:49,244.46,0.05,2,48892,卖盘
290,14:31:43,244.41,-0.16,2,48882,卖盘
291,14:31:38,244.57,0.11,4,97828,买盘
292,14:31:34,244.46,--,5,122230,买盘
293,14:31:28,244.46,0.01,7,171122,买盘
294,14:31:19,244.45,--,2,48890,中性盘
295,14:31:13,244.45,--,2,48890,买盘
296,14:31:08,244.45,0.04,1,24445,买盘
297,14:31:04,244.41,--,0,0,卖盘
298,14:30:49,244.41,-0.04,21,513261,卖盘
299,14:30:43,244.45,-0.01,2,48890,卖盘
300,14:30:38,244.46,0.03,1,24446,卖盘
301,14:30:34,244.43,0.02,2,48886,买盘
302,14:30:28,244.41,-0.01,106,2590746,卖盘
303,14:30:23,244.42,0.01,1,24442,买盘
304,14:30:19,244.41,0.01,9,219969,中性盘
305,14:30:13,244.4,--,7,171080,卖盘
306,14:30:08,244.4,-0.01,1,24440,卖盘
307,14:30:04,244.41,0.01,2,48882,买盘
308,14:29:58,244.4,-0.01,1,24440,卖盘
309,14:29:53,244.41,-0.02,10,244410,卖盘
310,14:29:49,244.43,0.01,2,48886,买盘
311,14:29:43,244.42,-0.03,3,73326,卖盘
312,14:29:38,244.45,0.02,1,24445,买盘
313,14:29:34,244.43,0.03,2,48886,买盘
314,14:29:28,244.4,--,9,219960,卖盘
315,14:29:23,244.4,--,1,24440,卖盘
316,14:29:19,244.4,-0.03,1,24440,卖盘
317,14:29:13,244.43,0.03,3,73329,买盘
318,14:29:08,244.4,--,1,24440,卖盘
319,14:29:03,244.4,0.04,17,415480,买盘
320,14:28:48,244.36,0.04,2,48872,卖盘
321,14:28:43,244.32,-0.04,22,537504,卖盘
322,14:28:38,244.36,0.04,1,24436,卖盘
323,14:28:33,244.32,--,0,0,卖盘
324,14:28:28,244.32,-0.05,4,97728,卖盘
325,14:28:23,244.37,--,1,24437,买盘
326,14:28:13,244.37,0.05,14,342118,买盘
327,14:28:03,244.32,-0.05,18,442219,卖盘
328,14:27:58,244.37,--,1,24437,买盘
329,14:27:52,244.37,--,3,73311,买盘
330,14:27:48,244.37,--,2,48874,买盘
331,14:27:43,244.37,-0.05,39,953043,买盘
332,14:27:37,244.42,--,0,0,中性盘
333,14:27:33,244.42,-0.01,1,24442,买盘
334,14:27:28,244.43,0.13,1,24443,买盘
335,14:27:22,244.3,-0.01,2,48860,卖盘
336,14:27:18,244.31,-0.06,17,415327,卖盘
337,14:27:13,244.37,0.08,6,146622,买盘
338,14:27:03,244.29,0.01,3,73287,买盘
339,14:26:58,244.28,0.01,11,268708,买盘
340,14:26:52,244.27,--,2,48854,买盘
341,14:26:47,244.27,--,21,512967,买盘
342,14:26:43,244.27,-0.02,10,244270,卖盘
343,14:26:37,244.29,0.01,1,24429,买盘
344,14:26:33,244.28,--,1,24428,中性盘
345,14:26:28,244.28,0.11,2,48856,中性盘
346,14:26:22,244.17,--,2,48834,卖盘
347,14:26:17,244.17,--,5,122085,卖盘
348,14:26:07,244.17,-0.11,2,48834,卖盘
349,14:26:02,244.28,0.01,2,48856,买盘
350,14:25:58,244.27,0.1,2,48854,买盘
351,14:25:52,244.17,--,4,97668,卖盘
352,14:25:43,244.17,-0.1,2,48834,卖盘
353,14:25:37,244.27,0.11,5,122135,买盘
354,14:25:17,244.16,-0.11,5,122080,中性盘
355,14:25:12,244.27,0.11,7,170989,买盘
356,14:25:07,244.16,--,20,488320,卖盘
357,14:25:02,244.16,--,12,292992,卖盘
358,14:24:57,244.16,-0.01,3,75689,卖盘
359,14:24:43,244.17,-0.1,11,268587,卖盘
360,14:24:37,244.27,0.05,10,244270,买盘
361,14:24:32,244.22,0.02,5,122110,买盘
362,14:24:22,244.2,-0.02,13,339438,卖盘
363,14:24:17,244.22,--,1,24422,卖盘
364,14:24:13,244.22,0.02,5,122110,买盘
365,14:24:07,244.2,--,19,463980,卖盘
366,14:24:02,244.2,--,4,97680,卖盘
367,14:23:57,244.2,--,17,415140,卖盘
368,14:23:52,244.2,--,34,830280,卖盘
369,14:23:47,244.2,-0.02,1,24420,卖盘
370,14:23:42,244.22,--,5,122110,买盘
371,14:23:37,244.22,--,4,97688,卖盘
372,14:23:32,244.22,--,2,48844,卖盘
373,14:23:27,244.22,--,6,146532,卖盘
374,14:23:22,244.22,--,3,73266,卖盘
375,14:23:17,244.22,--,2,48844,卖盘
376,14:23:13,244.22,-0.01,6,146532,卖盘
377,14:23:07,244.23,--,2,48846,买盘
378,14:23:02,244.23,--,0,0,中性盘
379,14:22:58,244.23,--,2,48846,卖盘
380,14:22:52,244.23,--,2,48846,卖盘
381,14:22:47,244.23,-0.06,2,48846,卖盘
382,14:22:42,244.29,0.06,4,97716,买盘
383,14:22:32,244.23,--,1,24423,卖盘
384,14:22:27,244.23,-0.07,2,48846,卖盘
385,14:22:12,244.3,--,0,0,中性盘
386,14:22:07,244.3,0.07,3,73290,买盘
387,14:21:57,244.23,0.03,1,24423,卖盘
388,14:21:52,244.2,--,1,26862,卖盘
389,14:21:47,244.2,--,2,48840,卖盘
390,14:21:42,244.2,0.01,3,73260,卖盘
391,14:21:37,244.19,0.01,59,1440721,买盘
392,14:21:31,244.18,--,3,73254,卖盘
393,14:21:21,244.18,-0.01,2,48836,卖盘
394,14:21:16,244.19,0.01,4,97676,买盘
395,14:21:07,244.18,--,4,97672,卖盘
396,14:21:01,244.18,-0.01,28,683704,卖盘
397,14:20:57,244.19,--,2,48838,卖盘
398,14:20:46,244.19,--,2,48838,卖盘
399,14:20:42,244.19,--,2,48838,卖盘
400,14:20:37,244.19,--,1,24419,卖盘
401,14:20:27,244.19,--,0,0,卖盘
402,14:20:22,244.19,-0.25,3,73257,卖盘
403,14:20:16,244.44,0.26,1,24444,买盘
404,14:20:12,244.18,--,0,0,卖盘
405,14:20:07,244.18,--,5,122090,卖盘
406,14:20:01,244.18,-0.01,5,122090,卖盘
407,14:19:57,244.19,--,6,146514,卖盘
408,14:19:52,244.19,0.01,11,268609,买盘
409,14:19:46,244.18,--,2,48836,卖盘
410,14:19:42,244.18,--,2,48836,卖盘
411,14:19:37,244.18,--,6,146508,卖盘
412,14:19:31,244.18,-0.31,10,244180,卖盘
413,14:19:22,244.49,-0.01,5,144249,卖盘
414,14:19:16,244.5,0.01,1,24450,中性盘
415,14:19:11,244.49,-0.01,14,342286,卖盘
416,14:19:07,244.5,--,13,317850,卖盘
417,14:19:01,244.5,--,1,24450,卖盘
418,14:18:56,244.5,--,9,220050,卖盘
419,14:18:52,244.5,0.1,58,1420545,买盘
420,14:18:46,244.4,--,1,24440,卖盘
421,14:18:37,244.4,--,2,48880,卖盘
422,14:18:31,244.4,--,4,97760,卖盘
423,14:18:22,244.4,--,2,48880,卖盘
424,14:18:16,244.4,--,7,171080,卖盘
425,14:18:11,244.4,-0.08,2,48880,卖盘
426,14:18:01,244.48,-0.02,4,97792,中性盘
427,14:17:46,244.5,--,0,0,买盘
428,14:17:31,244.5,--,1,24450,买盘
429,14:17:26,244.5,--,1,24450,买盘
430,14:17:21,244.5,--,26,635700,卖盘
431,14:17:16,244.5,--,1,24450,卖盘
432,14:17:06,244.5,-0.02,2,48900,卖盘
433,14:17:01,244.52,0.02,1,24452,买盘
434,14:16:51,244.5,-0.08,6,146700,卖盘
435,14:16:46,244.58,0.06,3,73374,买盘
436,14:16:41,244.52,0.02,5,122260,卖盘
437,14:16:36,244.5,--,0,0,卖盘
438,14:16:31,244.5,-0.08,3,73350,卖盘
439,14:16:26,244.58,--,1,24458,买盘
440,14:16:21,244.58,-0.11,8,195664,卖盘
441,14:16:16,244.69,0.11,1,24469,买盘
442,14:16:11,244.58,-0.12,9,220122,卖盘
443,14:16:01,244.7,0.15,7,171290,买盘
444,14:15:56,244.55,--,0,0,卖盘
445,14:15:51,244.55,-0.15,5,122275,卖盘
446,14:15:46,244.7,--,24,587280,中性盘
447,14:15:41,244.7,0.17,9,220230,买盘
448,14:15:36,244.53,0.03,2,48906,中性盘
449,14:15:31,244.5,--,10,244500,卖盘
450,14:15:21,244.5,--,23,562350,卖盘
451,14:15:16,244.5,--,7,171150,卖盘
452,14:15:10,244.5,0.31,48,1173600,买盘
453,14:15:06,244.19,0.01,32,781408,买盘
454,14:15:01,244.18,--,1,24418,卖盘
455,14:14:55,244.18,-0.01,4,97672,卖盘
456,14:14:51,244.19,0.01,3,73257,买盘
457,14:14:46,244.18,--,3,73254,卖盘
458,14:14:40,244.18,--,1,24418,卖盘
459,14:14:36,244.18,--,1,24418,卖盘
460,14:14:31,244.18,--,5,122090,卖盘
461,14:14:25,244.18,--,10,244180,卖盘
462,14:14:21,244.18,--,12,293016,卖盘
463,14:14:10,244.18,-0.01,1,24418,卖盘
464,14:14:01,244.19,0.01,2,48838,买盘
465,14:13:55,244.18,-0.01,1,24418,卖盘
466,14:13:51,244.19,0.01,2,48838,买盘
467,14:13:46,244.18,--,2,48836,卖盘
468,14:13:40,244.18,--,2,48836,卖盘
469,14:13:36,244.18,--,4,97672,买盘
470,14:13:30,244.18,--,0,0,买盘
471,14:13:25,244.18,--,1,24418,买盘
472,14:13:21,244.18,0.03,3,73254,买盘
473,14:13:16,244.15,--,9,219735,卖盘
474,14:13:10,244.15,--,32,781280,卖盘
475,14:13:06,244.15,0.02,2,48830,买盘
476,14:12:51,244.13,-0.02,1,24413,卖盘
477,14:12:46,244.15,0.02,5,122075,买盘
478,14:12:36,244.13,-0.02,4,97652,卖盘
479,14:12:30,244.15,0.04,1,24415,买盘
480,14:12:25,244.11,-0.04,1,24411,中性盘
481,14:12:10,244.15,--,1,24415,买盘
482,14:12:06,244.15,--,1,24415,买盘
483,14:11:54,244.15,--,0,0,买盘
484,14:11:50,244.15,0.14,2,48830,买盘
485,14:11:39,244.01,--,3,73203,卖盘
486,14:11:35,244.01,--,3,73203,买盘
487,14:11:30,244.01,--,16,390416,买盘
488,14:11:20,244.01,0.01,7,170807,买盘
489,14:11:16,244.0,-0.01,2,48800,卖盘
490,14:11:09,244.01,--,25,610025,买盘
491,14:11:01,244.01,--,6,146406,买盘
492,14:10:55,244.01,--,2,48802,买盘
493,14:10:50,244.01,0.01,7,170807,买盘
494,14:10:45,244.0,0.02,7,171288,买盘
495,14:10:40,243.98,-0.02,17,414766,卖盘
496,14:10:30,244.0,--,4,97600,买盘
497,14:10:24,244.0,--,1,24400,买盘
498,14:10:15,244.0,0.02,1,24400,买盘
499,14:10:10,243.98,-0.02,3,73194,卖盘
500,14:10:00,244.0,0.01,10,244000,买盘
501,14:09:55,243.99,0.01,11,268389,买盘
502,14:09:40,243.98,0.08,1,24398,买盘
503,14:09:35,243.9,--,3,73170,卖盘
504,14:09:30,243.9,0.24,25,625359,买盘
505,14:09:25,243.66,--,27,670065,买盘
506,14:09:20,243.66,0.01,1,24366,买盘
507,14:09:15,243.65,--,0,0,中性盘
508,14:09:10,243.65,--,38,925870,卖盘
509,14:09:05,243.65,--,1,24365,卖盘
510,14:09:00,243.65,-0.01,13,316745,卖盘
511,14:08:45,243.66,0.07,1,24366,买盘
512,14:08:40,243.59,-0.09,4,97436,卖盘
513,14:08:34,243.68,0.02,1,24368,买盘
514,14:08:30,243.66,-0.02,3,73098,卖盘
515,14:08:25,243.68,-0.02,4,97472,卖盘
516,14:08:10,243.7,-0.05,4,97480,卖盘
517,14:08:04,243.75,--,0,0,买盘
518,14:08:00,243.75,-0.05,19,463125,卖盘
519,14:07:55,243.8,0.03,6,146280,买盘
520,14:07:49,243.77,--,1,24377,卖盘
521,14:07:45,243.77,-0.03,4,97508,卖盘
522,14:07:34,243.8,0.02,2,48760,买盘
523,14:07:30,243.78,-0.02,3,73134,卖盘
524,14:07:19,243.8,0.02,1,24380,买盘
525,14:07:15,243.78,-0.02,0,12189,卖盘
526,14:07:10,243.8,--,2,48760,买盘
527,14:07:04,243.8,--,4,97520,卖盘
528,14:07:00,243.8,-0.01,4,97520,卖盘
529,14:06:55,243.81,--,1,24381,买盘
530,14:06:45,243.81,-0.02,6,146286,卖盘
531,14:06:40,243.83,0.01,6,146298,买盘
532,14:06:30,243.82,-0.01,16,390112,卖盘
533,14:06:25,243.83,--,15,365745,卖盘
534,14:06:19,243.83,--,7,170681,卖盘
535,14:06:15,243.83,--,3,73149,卖盘
536,14:06:10,243.83,--,9,219447,卖盘
537,14:06:03,243.83,-0.02,20,487660,卖盘
538,14:06:00,243.85,-0.15,1,24385,卖盘
539,14:05:55,244.0,0.15,16,390400,买盘
540,14:05:49,243.85,-0.15,15,365775,卖盘
541,14:05:44,244.0,--,91,2234308,卖盘
542,14:05:40,244.0,--,34,840092,卖盘
543,14:05:33,244.0,--,13,317200,卖盘
544,14:05:29,244.0,--,5,122000,卖盘
545,14:05:25,244.0,--,26,634400,卖盘
546,14:05:19,244.0,--,24,585600,卖盘
547,14:05:15,244.0,--,7,170800,卖盘
548,14:05:09,244.0,--,20,488000,卖盘
549,14:04:59,244.0,-0.01,10,244000,卖盘
550,14:04:55,244.01,-0.01,67,1634867,卖盘
551,14:04:49,244.02,--,2,48804,买盘
552,14:04:44,244.02,--,25,610050,卖盘
553,14:04:40,244.02,--,14,341628,卖盘
554,14:04:33,244.02,--,12,292824,卖盘
555,14:04:18,244.02,-0.14,15,366030,卖盘
556,14:04:09,244.16,0.13,4,97664,买盘
557,14:04:03,244.03,--,0,0,中性盘
558,14:03:59,244.03,-0.12,35,854105,卖盘
559,14:03:54,244.15,0.13,1,24415,买盘
560,14:03:49,244.02,--,0,0,卖盘
561,14:03:39,244.02,--,23,561246,买盘
562,14:03:34,244.02,-0.07,27,658854,卖盘
563,14:03:24,244.09,--,0,0,卖盘
564,14:03:19,244.09,--,3,73227,买盘
565,14:03:09,244.09,--,9,219681,买盘
566,14:03:03,244.09,--,5,122045,买盘
567,14:02:59,244.09,--,4,97636,买盘
568,14:02:54,244.09,-0.14,37,903133,卖盘
569,14:02:48,244.23,0.14,3,73269,买盘
570,14:02:39,244.09,--,5,122045,卖盘
571,14:02:27,244.09,-0.01,27,659043,卖盘
572,14:02:24,244.1,--,0,0,卖盘
573,14:02:18,244.1,-0.1,15,366150,卖盘
574,14:01:54,244.2,0.11,4,97680,买盘
575,14:01:48,244.09,-0.01,1,24409,卖盘
576,14:01:43,244.1,0.01,1,24410,买盘
577,14:01:33,244.09,--,1,24409,卖盘
578,14:01:27,244.09,--,4,97636,卖盘
579,14:01:24,244.09,--,0,0,卖盘
580,14:01:12,244.09,--,0,0,卖盘
581,14:01:09,244.09,-0.14,2,48818,卖盘
582,14:01:04,244.23,0.14,3,73269,买盘
583,14:00:54,244.09,0.08,28,683452,买盘
584,14:00:48,244.01,--,11,268411,卖盘
585,14:00:42,244.01,--,1,24401,卖盘
586,14:00:39,244.01,--,104,2537704,卖盘
587,14:00:24,244.01,-0.11,5,122005,卖盘
588,14:00:18,244.12,0.03,4,97648,买盘
589,14:00:12,244.09,-0.15,1,24409,卖盘
590,14:00:09,244.24,0.15,12,293088,买盘
591,14:00:04,244.09,0.09,4,97636,中性盘
592,13:59:57,244.0,--,4,97600,卖盘
593,13:59:54,244.0,--,12,292800,卖盘
594,13:59:48,244.0,-0.28,10,244000,卖盘
595,13:59:42,244.28,0.28,10,244280,买盘
596,13:59:33,244.0,-0.3,6,146400,卖盘
597,13:59:23,244.3,0.02,11,268730,买盘
598,13:59:18,244.28,--,0,0,中性盘
599,13:59:12,244.28,0.19,7,170996,买盘
600,13:59:09,244.09,-0.21,1,24409,卖盘
601,13:59:03,244.3,--,0,0,买盘
602,13:58:54,244.3,--,19,464170,买盘
603,13:58:49,244.3,--,9,219870,卖盘
604,13:58:42,244.3,-0.1,2,48860,卖盘
605,13:58:39,244.4,0.01,1,24440,买盘
606,13:58:33,244.39,-0.01,7,171073,中性盘
607,13:58:27,244.4,--,0,0,中性盘
608,13:58:23,244.4,-0.02,101,2468440,卖盘
609,13:58:18,244.42,-0.03,1,24442,卖盘
610,13:58:08,244.45,-0.05,21,513345,卖盘
611,13:58:03,244.5,-0.01,6,146700,卖盘
612,13:57:57,244.51,--,1,24451,买盘
613,13:57:53,244.51,-0.05,14,342314,卖盘
614,13:57:48,244.56,--,1,24456,买盘
615,13:57:38,244.56,--,4,102226,卖盘
616,13:57:33,244.56,--,3,73368,卖盘
617,13:57:23,244.56,--,0,0,卖盘
618,13:57:18,244.56,-0.04,1,24456,卖盘
619,13:57:12,244.6,0.02,1,24460,买盘
620,13:57:08,244.58,--,4,97832,卖盘
621,13:57:03,244.58,-0.02,2,68971,中性盘
622,13:56:57,244.6,0.08,7,171220,买盘
623,13:56:53,244.52,--,2,48904,卖盘
624,13:56:48,244.52,--,4,97808,卖盘
625,13:56:42,244.52,--,0,0,卖盘
626,13:56:33,244.52,-0.08,34,851418,卖盘
627,13:56:27,244.6,0.02,4,113494,中性盘
628,13:56:23,244.58,--,17,415786,卖盘
629,13:56:18,244.58,0.03,5,122290,买盘
630,13:56:12,244.55,-0.03,16,391280,卖盘
631,13:55:57,244.58,0.03,10,244580,买盘
632,13:55:51,244.55,--,1,24455,卖盘
633,13:55:48,244.55,--,0,0,卖盘
634,13:55:33,244.55,0.02,1,24455,中性盘
635,13:55:18,244.53,-0.02,1,24453,卖盘
636,13:55:12,244.55,0.03,2,48910,买盘
637,13:55:03,244.52,-0.01,1,24452,卖盘
638,13:54:57,244.53,0.01,5,122265,卖盘
639,13:54:51,244.52,--,0,0,卖盘
640,13:54:48,244.52,--,4,97808,卖盘
641,13:54:33,244.52,-0.01,2,48904,卖盘
642,13:54:27,244.53,--,5,122265,卖盘
643,13:54:18,244.53,--,4,97812,卖盘
644,13:54:12,244.53,-0.06,3,73359,卖盘
645,13:54:03,244.59,--,0,0,中性盘
646,13:53:57,244.59,-0.11,8,195672,卖盘
647,13:53:51,244.7,--,2,48940,买盘
648,13:53:48,244.7,-0.06,2,48940,卖盘
649,13:53:42,244.76,0.06,1,24476,买盘
650,13:53:33,244.7,0.01,16,391520,卖盘
651,13:53:27,244.69,0.15,10,244690,中性盘
652,13:53:21,244.54,-0.06,5,122270,卖盘
653,13:53:18,244.6,-0.05,2,48920,买盘
654,13:53:12,244.65,--,0,0,中性盘
655,13:53:06,244.65,0.11,12,293580,买盘
656,13:53:03,244.54,-0.06,3,73362,卖盘
657,13:52:57,244.6,-0.01,28,684880,卖盘
658,13:52:51,244.61,0.01,1,24461,买盘
659,13:52:48,244.6,--,2,48920,卖盘
660,13:52:42,244.6,-0.01,3,73380,卖盘
661,13:52:36,244.61,-0.07,2,48922,卖盘
662,13:52:33,244.68,--,2,48936,卖盘
663,13:52:27,244.68,-0.14,13,318084,卖盘
664,13:52:21,244.82,--,2,48964,卖盘
665,13:52:18,244.82,0.04,9,220338,中性盘
666,13:52:12,244.78,-0.04,4,97912,卖盘
667,13:52:06,244.82,--,2,48964,卖盘
668,13:52:03,244.82,-0.06,13,318266,卖盘
669,13:51:57,244.88,-0.01,9,220392,卖盘
670,13:51:51,244.89,0.01,7,171423,买盘
671,13:51:47,244.88,--,6,146928,买盘
672,13:51:42,244.88,0.06,6,146928,买盘
673,13:51:33,244.82,--,1,24482,卖盘
674,13:51:27,244.82,0.05,5,124613,买盘
675,13:51:21,244.77,-0.01,1,24477,中性盘
676,13:51:17,244.78,0.03,1,24478,买盘
677,13:51:12,244.75,-0.02,2,48950,卖盘
678,13:51:06,244.77,--,1,24477,买盘
679,13:51:02,244.77,0.06,10,244770,买盘
680,13:50:57,244.71,-0.04,22,538362,卖盘
681,13:50:42,244.75,-0.02,11,269225,卖盘
682,13:50:36,244.77,--,2,48954,买盘
683,13:50:32,244.77,-0.21,11,269247,卖盘
684,13:50:27,244.98,0.23,35,857430,买盘
685,13:50:21,244.75,-0.02,20,489500,卖盘
686,13:50:12,244.77,0.02,1,24477,买盘
687,13:50:06,244.75,-0.05,1,24475,卖盘
688,13:50:02,244.8,0.03,15,367200,买盘
689,13:49:57,244.77,0.02,16,391632,买盘
690,13:49:45,244.75,0.07,34,832150,买盘
691,13:49:42,244.68,0.13,42,1027656,买盘
692,13:49:36,244.55,0.02,8,195640,买盘
693,13:49:27,244.53,--,2,48906,卖盘
694,13:49:21,244.53,--,16,391248,买盘
695,13:49:15,244.53,--,0,0,买盘
696,13:49:12,244.53,0.03,8,195624,买盘
697,13:49:06,244.5,--,1,24450,卖盘
698,13:48:57,244.5,--,24,586800,买盘
699,13:48:51,244.5,--,5,122250,买盘
700,13:48:42,244.5,--,0,0,买盘
701,13:48:36,244.5,0.08,1,24450,买盘
702,13:48:30,244.42,--,0,0,中性盘
703,13:48:27,244.42,-0.02,7,171094,卖盘
704,13:48:15,244.44,-0.06,1,24444,中性盘
705,13:48:12,244.5,0.03,33,806850,买盘
706,13:48:06,244.47,--,7,171129,买盘
707,13:47:57,244.47,--,2,48894,买盘
708,13:47:45,244.47,--,1,24447,买盘
709,13:47:42,244.47,-0.03,3,93387,卖盘
710,13:47:36,244.5,0.05,4,102201,买盘
711,13:47:30,244.45,-0.05,13,337829,卖盘
712,13:47:27,244.5,--,6,151101,买盘
713,13:47:21,244.5,0.03,4,97800,买盘
714,13:47:12,244.47,--,0,0,中性盘
715,13:46:57,244.47,--,1,24447,买盘
716,13:46:51,244.47,-0.03,20,488940,卖盘
717,13:46:42,244.5,--,2,48900,买盘
718,13:46:36,244.5,--,2,48900,买盘
719,13:46:27,244.5,--,3,73350,买盘
720,13:46:21,244.5,--,0,0,买盘
721,13:46:15,244.5,0.02,11,268950,买盘
722,13:46:12,244.48,0.01,1,24448,买盘
723,13:46:06,244.47,-0.01,2,48894,卖盘
724,13:45:57,244.48,--,5,134708,卖盘
725,13:45:51,244.48,--,3,73344,卖盘
726,13:45:45,244.48,--,0,0,卖盘
727,13:45:42,244.48,--,13,317824,卖盘
728,13:45:27,244.48,0.01,6,158667,买盘
729,13:45:21,244.47,--,3,73341,买盘
730,13:45:12,244.47,-0.01,5,122235,卖盘
731,13:45:06,244.48,0.01,1,24448,买盘
732,13:44:56,244.47,--,4,97788,卖盘
733,13:44:41,244.47,--,6,146682,卖盘
734,13:44:36,244.47,-0.01,2,48894,中性盘
735,13:44:21,244.48,--,1,24448,买盘
736,13:44:15,244.48,--,1,24448,买盘
737,13:44:11,244.48,--,2,48896,买盘
738,13:44:06,244.48,0.03,4,97792,买盘
739,13:43:56,244.45,-0.03,1,24445,卖盘
740,13:43:51,244.48,--,0,0,买盘
741,13:43:30,244.48,0.04,3,73344,买盘
742,13:43:26,244.44,--,0,0,中性盘
743,13:43:21,244.44,-0.01,3,76020,中性盘
744,13:43:11,244.45,--,2,48890,买盘
745,13:43:06,244.45,-0.04,1,24445,中性盘
746,13:42:56,244.49,0.04,1,24449,买盘
747,13:42:51,244.45,--,1,24445,卖盘
748,13:42:45,244.45,-0.01,5,122225,卖盘
749,13:42:39,244.46,-0.03,2,48892,卖盘
750,13:42:36,244.49,--,12,293388,卖盘
751,13:42:24,244.49,0.04,3,73347,买盘
752,13:42:21,244.45,--,4,97780,卖盘
753,13:42:09,244.45,--,1,24445,卖盘
754,13:42:06,244.45,--,1,24445,卖盘
755,13:42:00,244.45,--,7,171115,卖盘
756,13:41:54,244.45,--,1,24445,卖盘
757,13:41:51,244.45,-0.05,1,24445,卖盘
758,13:41:36,244.5,-0.03,2,48900,卖盘
759,13:41:30,244.53,0.03,2,48906,买盘
760,13:41:24,244.5,-0.03,1,24450,卖盘
761,13:41:15,244.53,--,4,97812,买盘
762,13:41:09,244.53,--,2,48906,卖盘
763,13:41:06,244.53,-0.02,6,146718,卖盘
764,13:41:00,244.55,0.02,4,97820,买盘
765,13:40:51,244.53,0.08,24,586872,买盘
766,13:40:45,244.45,-0.05,2,48890,卖盘
767,13:40:39,244.5,0.04,5,122250,买盘
768,13:40:30,244.46,-0.07,10,244460,卖盘
769,13:40:24,244.53,0.07,22,537966,买盘
770,13:40:21,244.46,-0.04,2,48892,卖盘
771,13:40:15,244.5,-0.03,3,73350,中性盘
772,13:40:09,244.53,0.03,44,1075932,买盘
773,13:40:06,244.5,-0.03,8,195600,卖盘
774,13:40:00,244.53,0.03,3,73359,买盘
775,13:39:54,244.5,-0.03,21,513450,卖盘
776,13:39:45,244.53,--,4,97812,卖盘
777,13:39:35,244.53,-0.02,3,73359,卖盘
778,13:39:30,244.55,--,1,24455,买盘
779,13:39:24,244.55,-0.02,1,24455,买盘
780,13:39:21,244.57,--,2,48914,买盘
781,13:39:15,244.57,--,9,220113,买盘
782,13:39:09,244.57,--,0,0,买盘
783,13:39:06,244.57,0.01,6,146742,买盘
784,13:39:00,244.56,--,12,293472,卖盘
785,13:38:54,244.56,-0.01,1,24456,卖盘
786,13:38:51,244.57,--,2,48914,买盘
787,13:38:45,244.57,--,17,415769,卖盘
788,13:38:39,244.57,--,1,24457,卖盘
789,13:38:35,244.57,-0.01,10,244570,卖盘
790,13:38:30,244.58,-0.01,3,73374,中性盘
791,13:38:24,244.59,0.01,4,97836,买盘
792,13:38:21,244.58,-0.01,1,24458,中性盘
793,13:38:15,244.59,--,9,220131,买盘
794,13:38:09,244.59,-0.01,4,97836,卖盘
795,13:38:05,244.6,--,6,146760,买盘
796,13:38:00,244.6,0.02,9,220140,买盘
797,13:37:50,244.58,-0.01,3,73374,买盘
798,13:37:39,244.59,--,0,0,中性盘
799,13:37:35,244.59,0.02,73,1785507,卖盘
800,13:37:30,244.57,-0.01,24,586968,卖盘
801,13:37:24,244.58,-0.01,2,48916,卖盘
802,13:37:20,244.59,0.01,11,269049,买盘
803,13:37:09,244.58,0.02,0,12229,买盘
804,13:37:05,244.56,0.09,43,1051608,买盘
805,13:37:00,244.47,0.02,3,73341,买盘
806,13:36:54,244.45,--,0,0,卖盘
807,13:36:50,244.45,-0.02,7,171115,卖盘
808,13:36:45,244.47,0.02,6,146682,买盘
809,13:36:39,244.45,--,1,24445,卖盘
810,13:36:35,244.45,--,13,317785,卖盘
811,13:36:30,244.45,0.02,4,97780,买盘
812,13:36:24,244.43,-0.02,1,24443,买盘
813,13:36:20,244.45,--,0,0,买盘
814,13:36:15,244.45,0.05,3,73335,买盘
815,13:36:09,244.4,--,4,97760,买盘
816,13:36:05,244.4,0.01,7,171080,中性盘
817,13:36:00,244.39,-0.01,13,317707,卖盘
818,13:35:54,244.4,0.01,1,24440,买盘
819,13:35:50,244.39,0.04,2,48878,中性盘
820,13:35:45,244.35,-0.05,3,73305,卖盘
821,13:35:39,244.4,0.01,11,268840,买盘
822,13:35:35,244.39,0.06,1,24439,买盘
823,13:35:30,244.33,-0.06,1,24433,中性盘
824,13:35:24,244.39,0.01,4,97756,买盘
825,13:35:18,244.38,0.08,5,122190,买盘
826,13:35:15,244.3,--,21,513030,卖盘
827,13:35:09,244.3,--,21,513030,买盘
828,13:35:03,244.3,--,8,195440,买盘
829,13:35:00,244.3,--,7,171010,买盘
830,13:34:45,244.3,--,9,219870,买盘
831,13:34:39,244.3,--,6,146580,买盘
832,13:34:30,244.3,0.16,2,48860,买盘
833,13:34:18,244.14,--,1,24414,卖盘
834,13:34:15,244.14,-0.16,1,24414,卖盘
835,13:34:09,244.3,0.16,10,244300,买盘
836,13:34:03,244.14,0.03,1,24414,卖盘
837,13:34:00,244.11,0.07,33,805563,买盘
838,13:33:54,244.04,-0.01,12,292848,卖盘
839,13:33:44,244.05,--,3,73215,买盘
840,13:33:33,244.05,--,1,24405,买盘
841,13:33:30,244.05,--,21,512505,买盘
842,13:33:24,244.05,--,5,122025,买盘
843,13:33:15,244.05,-0.02,37,902985,卖盘
844,13:33:09,244.07,-0.01,1,24407,卖盘
845,13:33:03,244.08,--,0,0,买盘
846,13:33:00,244.08,0.02,8,195264,买盘
847,13:32:54,244.06,-0.02,24,585744,卖盘
848,13:32:48,244.08,--,0,0,买盘
849,13:32:45,244.08,-0.02,51,1244808,卖盘
850,13:32:39,244.1,0.02,4,97640,买盘
851,13:32:33,244.08,-0.03,8,195264,卖盘
852,13:32:30,244.11,--,0,0,中性盘
853,13:32:24,244.11,--,4,97644,卖盘
854,13:32:18,244.11,--,0,0,卖盘
855,13:32:15,244.11,-0.06,3,73233,卖盘
856,13:32:03,244.17,--,0,0,卖盘
857,13:31:59,244.17,-0.11,2,48834,卖盘
858,13:31:54,244.28,0.07,5,122140,买盘
859,13:31:48,244.21,-0.09,1,24421,中性盘
860,13:31:45,244.3,--,0,0,买盘
861,13:31:39,244.3,--,2,48860,买盘
862,13:31:33,244.3,--,1,24430,卖盘
863,13:31:30,244.3,--,4,97720,买盘
864,13:31:24,244.3,--,8,195440,卖盘
865,13:31:18,244.3,--,2,48860,卖盘
866,13:31:14,244.3,--,8,195440,卖盘
867,13:30:59,244.3,0.01,1,24430,买盘
868,13:30:48,244.29,0.2,2,48858,买盘
869,13:30:44,244.09,-0.27,2,48818,卖盘
870,13:30:38,244.36,0.27,5,122180,买盘
871,13:30:24,244.09,0.03,2,48818,卖盘
872,13:30:14,244.06,--,0,0,卖盘
873,13:30:09,244.06,0.04,46,1122676,买盘
874,13:30:03,244.02,--,10,244020,卖盘
875,13:29:59,244.02,--,0,0,卖盘
876,13:29:54,244.02,-0.04,24,585648,卖盘
877,13:29:47,244.06,--,0,0,买盘
878,13:29:44,244.06,0.04,7,170842,买盘
879,13:29:39,244.02,--,0,0,卖盘
880,13:29:33,244.02,-0.02,10,244020,卖盘
881,13:29:29,244.04,--,5,122020,买盘
882,13:29:24,244.04,0.02,2,48808,买盘
883,13:29:18,244.02,-0.02,10,244020,卖盘
884,13:29:14,244.04,--,3,85414,买盘
885,13:29:09,244.04,0.01,1,24404,买盘
886,13:29:02,244.03,--,1,24403,卖盘
887,13:28:59,244.03,-0.01,2,48806,卖盘
888,13:28:44,244.04,0.01,3,73212,中性盘
889,13:28:39,244.03,-0.03,5,122015,卖盘
890,13:28:33,244.06,--,0,0,买盘
891,13:28:29,244.06,--,9,219654,买盘
892,13:28:24,244.06,0.01,5,122030,买盘
893,13:28:18,244.05,-0.01,27,658935,卖盘
894,13:28:14,244.06,--,2,48812,买盘
895,13:28:03,244.06,--,18,439308,卖盘
896,13:27:59,244.06,-0.11,2,48812,卖盘
897,13:27:54,244.17,-0.03,2,48834,买盘
898,13:27:44,244.2,0.02,3,73260,买盘
899,13:27:39,244.18,0.13,6,146508,中性盘
900,13:27:18,244.05,-0.14,2,48810,卖盘
901,13:27:09,244.19,-0.01,1,24419,买盘
902,13:27:03,244.2,--,0,0,卖盘
903,13:26:54,244.2,--,1,24420,卖盘
904,13:26:42,244.2,--,0,0,中性盘
905,13:26:39,244.2,-0.2,4,97680,卖盘
906,13:26:32,244.4,0.2,6,146640,中性盘
907,13:26:27,244.2,-0.26,1,24420,卖盘
908,13:26:18,244.46,--,0,0,买盘
909,13:26:08,244.46,-0.03,6,146676,买盘
910,13:26:03,244.49,-0.01,2,48898,卖盘
911,13:25:57,244.5,0.47,1,24450,买盘
912,13:25:53,244.03,-0.47,38,927314,卖盘
913,13:25:48,244.5,--,9,220050,卖盘
914,13:25:42,244.5,-0.06,2,48900,卖盘
915,13:25:38,244.56,--,11,269016,卖盘
916,13:25:33,244.56,-0.03,43,1051608,卖盘
917,13:25:27,244.59,-0.02,6,146754,卖盘
918,13:25:23,244.61,0.02,7,171227,买盘
919,13:25:18,244.59,-0.02,15,366885,卖盘
920,13:25:08,244.61,0.01,1,24461,买盘
921,13:25:03,244.6,0.01,7,171220,中性盘
922,13:24:57,244.59,--,3,73377,卖盘
923,13:24:53,244.59,-0.03,14,342426,卖盘
924,13:24:47,244.62,0.03,15,366930,买盘
925,13:24:38,244.59,--,0,0,卖盘
926,13:24:33,244.59,-0.03,3,73377,买盘
927,13:24:27,244.62,0.02,2,48924,买盘
928,13:24:23,244.6,--,3,73380,中性盘
929,13:24:18,244.6,0.02,4,97840,中性盘
930,13:24:12,244.58,-0.02,16,391328,卖盘
931,13:24:08,244.6,--,1,24460,买盘
932,13:24:03,244.6,0.02,6,146760,买盘
933,13:23:57,244.58,0.02,1,24458,买盘
934,13:23:53,244.56,--,1,24456,卖盘
935,13:23:48,244.56,--,1,24456,买盘
936,13:23:42,244.56,0.07,2,48912,买盘
937,13:23:38,244.49,--,0,0,卖盘
938,13:23:33,244.49,--,5,122245,卖盘
939,13:23:27,244.49,--,1,24449,卖盘
940,13:23:23,244.49,0.04,3,73347,卖盘
941,13:23:18,244.45,-0.04,2,48890,卖盘
942,13:23:11,244.49,0.04,2,61122,买盘
943,13:23:08,244.45,-0.04,5,122225,卖盘
944,13:23:03,244.49,--,2,48898,买盘
945,13:22:57,244.49,0.09,1,24449,买盘
946,13:22:53,244.4,-0.09,1,24440,卖盘
947,13:22:42,244.49,0.09,3,73347,买盘
948,13:22:38,244.4,0.01,1,24440,买盘
949,13:22:32,244.39,0.04,1,24439,买盘
950,13:22:27,244.35,--,1,24435,中性盘
951,13:22:23,244.35,0.06,2,48870,买盘
952,13:22:18,244.29,-0.06,10,244290,卖盘
953,13:22:12,244.35,0.06,2,48870,买盘
954,13:22:08,244.29,0.03,3,73287,卖盘
955,13:21:56,244.26,--,7,170982,卖盘
956,13:21:53,244.26,--,5,122130,买盘
957,13:21:48,244.26,--,2,48852,买盘
958,13:21:38,244.26,--,8,195408,卖盘
959,13:21:33,244.26,-0.03,2,48852,卖盘
960,13:21:27,244.29,--,1,24429,卖盘
961,13:21:23,244.29,--,0,0,中性盘
962,13:21:18,244.29,-0.1,5,122145,卖盘
963,13:21:12,244.39,0.1,11,268829,买盘
964,13:21:08,244.29,--,0,0,卖盘
965,13:21:02,244.29,-0.15,2,48858,卖盘
966,13:20:57,244.44,--,0,0,中性盘
967,13:20:53,244.44,0.04,12,293328,买盘
968,13:20:48,244.4,0.09,8,195520,买盘
969,13:20:42,244.31,--,1,24431,卖盘
970,13:20:37,244.31,-0.08,2,48862,卖盘
971,13:20:33,244.39,--,4,97756,卖盘
972,13:20:27,244.39,-0.1,2,48878,卖盘
973,13:20:22,244.49,-0.01,20,488980,买盘
974,13:20:11,244.5,-0.1,14,354525,卖盘
975,13:20:08,244.6,--,2,48920,买盘
976,13:19:57,244.6,-0.08,4,110070,卖盘
977,13:19:53,244.68,--,18,440424,卖盘
978,13:19:48,244.68,0.05,9,220212,买盘
979,13:19:38,244.63,-0.03,9,232398,卖盘
980,13:19:33,244.66,-0.03,14,342524,卖盘
981,13:19:27,244.69,0.06,12,293628,买盘
982,13:19:23,244.63,-0.03,3,73389,卖盘
983,13:19:17,244.66,0.01,3,73398,买盘
984,13:19:12,244.65,-0.01,13,330277,卖盘
985,13:19:06,244.66,--,1,24466,卖盘
986,13:19:03,244.66,0.06,5,134563,卖盘
987,13:18:57,244.6,--,8,195680,卖盘
988,13:18:50,244.6,--,5,122300,卖盘
989,13:18:48,244.6,-0.06,8,195680,卖盘
990,13:18:42,244.66,-0.04,13,318058,中性盘
991,13:18:35,244.7,0.07,1,24470,买盘
992,13:18:33,244.63,-0.07,24,587112,卖盘
993,13:18:27,244.7,0.1,78,1908660,买盘
994,13:18:21,244.6,-0.03,26,635960,中性盘
995,13:18:18,244.63,0.03,21,513723,买盘
996,13:18:12,244.6,--,65,1589900,卖盘
997,13:18:06,244.6,--,1,24460,卖盘
998,13:18:02,244.6,--,7,171220,卖盘
999,13:17:57,244.6,0.08,20,489200,买盘
1000,13:17:51,244.52,--,13,317876,买盘
1001,13:17:47,244.52,-0.08,32,782464,卖盘
1002,13:17:42,244.6,0.03,6,146760,买盘
1003,13:17:35,244.57,-0.05,23,562511,卖盘
1004,13:17:32,244.62,0.03,14,342468,买盘
1005,13:17:27,244.59,0.02,8,195672,中性盘
1006,13:17:21,244.57,--,1,24457,卖盘
1007,13:17:17,244.57,--,31,758167,卖盘
1008,13:17:12,244.57,0.05,61,1511687,买盘
1009,13:17:06,244.52,-0.05,1,24452,卖盘
1010,13:17:02,244.57,0.07,64,1565248,买盘
1011,13:16:57,244.5,0.19,75,1845975,买盘
1012,13:16:51,244.31,-0.14,37,903947,卖盘
1013,13:16:47,244.45,0.09,13,317785,买盘
1014,13:16:42,244.36,0.06,45,1099620,买盘
1015,13:16:32,244.3,0.1,17,415310,买盘
1016,13:16:27,244.2,0.1,1,24420,买盘
1017,13:16:21,244.1,-0.1,1,24410,卖盘
1018,13:16:17,244.2,--,0,0,买盘
1019,13:16:11,244.2,0.2,70,1709400,买盘
1020,13:16:05,244.0,0.02,5,122000,买盘
1021,13:15:57,243.98,0.13,18,439164,买盘
1022,13:15:47,243.85,0.01,3,73155,买盘
1023,13:15:36,243.84,0.02,1,24384,买盘
1024,13:15:32,243.82,0.01,1,24382,买盘
1025,13:15:21,243.81,0.01,1,24381,买盘
1026,13:15:17,243.8,0.05,60,1462800,买盘
1027,13:15:12,243.75,-0.01,8,195000,卖盘
1028,13:15:06,243.76,--,0,0,中性盘
1029,13:15:02,243.76,0.01,3,73128,买盘
1030,13:14:56,243.75,0.01,9,219375,买盘
1031,13:14:51,243.74,--,1,24374,卖盘
1032,13:14:47,243.74,-0.01,6,146244,卖盘
1033,13:14:42,243.75,--,30,731250,买盘
1034,13:14:36,243.75,--,2,48750,买盘
1035,13:14:27,243.75,--,2,48750,买盘
1036,13:14:20,243.75,0.03,2,48750,买盘
1037,13:14:17,243.72,--,8,194976,卖盘
1038,13:14:12,243.72,0.02,19,474766,买盘
1039,13:14:05,243.7,--,0,0,中性盘
1040,13:14:02,243.7,0.11,1,24370,买盘
1041,13:13:57,243.59,-0.13,7,170513,卖盘
1042,13:13:51,243.72,--,0,0,买盘
1043,13:13:47,243.72,--,0,0,买盘
1044,13:13:42,243.72,0.12,136,3327265,买盘
1045,13:13:32,243.6,-0.05,16,401452,卖盘
1046,13:13:27,243.65,0.02,1,24365,买盘
1047,13:13:17,243.63,--,1,24363,买盘
1048,13:13:11,243.63,-0.05,1,24363,中性盘
1049,13:13:05,243.68,--,2,48736,买盘
1050,13:13:02,243.68,--,30,731040,买盘
1051,13:12:57,243.68,--,2,48736,买盘
1052,13:12:50,243.68,--,3,73104,买盘
1053,13:12:47,243.68,-0.02,18,438624,卖盘
1054,13:12:41,243.7,--,3,73110,买盘
1055,13:12:32,243.7,--,5,121850,买盘
1056,13:12:26,243.7,--,15,365550,买盘
1057,13:12:21,243.7,--,1,24370,买盘
1058,13:12:17,243.7,0.02,89,2168930,买盘
1059,13:12:12,243.68,0.08,100,2436800,买盘
1060,13:12:06,243.6,--,12,292320,买盘
1061,13:12:02,243.6,0.01,3,73080,买盘
1062,13:11:56,243.59,--,1,24359,买盘
1063,13:11:31,243.59,--,0,0,买盘
1064,13:11:16,243.59,0.09,3,73077,买盘
1065,13:11:12,243.5,--,4,97400,卖盘
1066,13:11:00,243.5,--,5,121750,卖盘
1067,13:10:57,243.5,--,0,0,中性盘
1068,13:10:44,243.5,--,1,24350,买盘
1069,13:10:41,243.5,0.02,1,24350,买盘
1070,13:10:29,243.48,--,6,146088,卖盘
1071,13:10:27,243.48,0.03,7,170436,买盘
1072,13:10:21,243.45,-0.02,10,243450,卖盘
1073,13:10:11,243.47,0.02,2,48694,买盘
1074,13:10:05,243.45,--,0,0,卖盘
1075,13:09:59,243.45,--,0,0,卖盘
1076,13:09:50,243.45,-0.03,58,1412010,卖盘
1077,13:09:41,243.48,0.02,3,73044,买盘
1078,13:09:29,243.46,--,2,48692,卖盘
1079,13:09:14,243.46,--,5,121730,卖盘
1080,13:09:11,243.46,0.01,2,48692,卖盘
1081,13:09:05,243.45,-0.01,45,1095525,卖盘
1082,13:08:50,243.46,-0.02,1,24346,卖盘
1083,13:08:41,243.48,--,4,99826,买盘
1084,13:08:26,243.48,--,1,24348,买盘
1085,13:08:11,243.48,0.02,1,24348,买盘
1086,13:08:05,243.46,-0.02,1,24346,买盘
1087,13:07:50,243.48,--,0,0,买盘
1088,13:07:44,243.48,0.07,23,560004,买盘
1089,13:07:41,243.41,-0.07,3,73023,卖盘
1090,13:07:35,243.48,--,51,1241748,买盘
1091,13:07:29,243.48,--,6,146088,买盘
1092,13:07:11,243.48,0.02,22,535656,买盘
1093,13:07:05,243.46,--,5,121730,买盘
1094,13:06:56,243.46,--,13,316498,买盘
1095,13:06:50,243.46,0.05,1,24346,买盘
1096,13:06:41,243.41,--,2,48682,卖盘
1097,13:06:35,243.41,--,3,73023,卖盘
1098,13:06:20,243.41,--,7,170387,卖盘
1099,13:06:11,243.41,-0.05,1,24341,卖盘
1100,13:06:05,243.46,0.03,21,511266,买盘
1101,13:05:50,243.43,--,0,0,中性盘
1102,13:05:44,243.43,--,11,267773,买盘
1103,13:05:41,243.43,--,12,292116,卖盘
1104,13:05:26,243.43,0.04,14,340802,卖盘
1105,13:05:20,243.39,-0.07,2,48678,卖盘
1106,13:05:14,243.46,--,19,462574,买盘
1107,13:05:10,243.46,0.06,17,413882,买盘
1108,13:05:05,243.4,--,3,73020,买盘
1109,13:04:55,243.4,--,10,243400,买盘
1110,13:04:50,243.4,0.02,5,121700,买盘
1111,13:04:40,243.38,-0.01,6,146028,卖盘
1112,13:04:35,243.39,--,0,0,中性盘
1113,13:04:29,243.39,0.01,5,121695,买盘
1114,13:04:20,243.38,--,5,121690,买盘
1115,13:04:05,243.38,0.07,12,292056,买盘
1116,13:03:55,243.31,--,0,0,卖盘
1117,13:03:50,243.31,--,0,0,卖盘
1118,13:03:44,243.31,--,1,24331,卖盘
1119,13:03:40,243.31,-0.09,10,243310,卖盘
1120,13:03:29,243.4,--,0,0,买盘
1121,13:03:10,243.4,--,2,48680,买盘
1122,13:03:05,243.4,--,36,876240,卖盘
1123,13:02:59,243.4,--,2,48680,买盘
1124,13:02:50,243.4,--,0,0,买盘
1125,13:02:44,243.4,0.09,3,73020,买盘
1126,13:02:29,243.31,--,0,0,卖盘
1127,13:02:23,243.31,-0.09,2,48662,卖盘
1128,13:02:05,243.4,--,8,194720,买盘
1129,13:01:53,243.4,0.09,1,24340,买盘
1130,13:01:50,243.31,-0.09,2,48662,卖盘
1131,13:01:44,243.4,--,1,24340,买盘
1132,13:01:38,243.4,-0.01,9,219060,卖盘
1133,13:01:20,243.41,--,0,0,中性盘
1134,13:01:14,243.41,0.01,2,48682,中性盘
1135,13:01:08,243.4,-0.01,77,1874180,卖盘
1136,13:00:59,243.41,-0.04,1,24341,卖盘
1137,13:00:38,243.45,-0.01,14,340830,卖盘
1138,13:00:35,243.46,0.02,11,267806,买盘
1139,13:00:29,243.44,-0.03,1,24344,卖盘
1140,13:00:23,243.47,--,0,0,买盘
1141,13:00:14,243.47,--,5,121735,买盘
1142,13:00:08,243.47,--,4,97388,买盘
1143,13:00:05,243.47,--,72,1752984,买盘
1144,11:30:00,243.47,--,0,0,买盘
1145,11:29:59,243.47,--,0,0,买盘
1146,11:29:51,243.47,0.01,6,146082,买盘
1147,11:29:31,243.46,--,3,73038,卖盘
1148,11:29:24,243.46,--,2,48692,买盘
1149,11:29:09,243.46,0.01,1,24346,买盘
1150,11:29:01,243.45,--,3,73035,卖盘
1151,11:28:55,243.45,0.05,2,48690,卖盘
1152,11:28:50,243.4,--,0,0,卖盘
1153,11:28:30,243.4,0.1,3,73020,买盘
1154,11:28:16,243.3,--,0,0,卖盘
1155,11:28:09,243.3,--,0,0,卖盘
1156,11:28:06,243.3,-0.1,3,72990,卖盘
1157,11:28:00,243.4,-0.01,1,24340,买盘
1158,11:27:51,243.41,--,0,0,中性盘
1159,11:27:39,243.41,0.01,1,24341,买盘
1160,11:27:21,243.4,-0.07,4,97360,买盘
1161,11:27:16,243.47,--,0,0,买盘
1162,11:27:09,243.47,--,0,0,买盘
1163,11:26:36,243.47,0.4,2,48694,买盘
1164,11:26:30,243.07,--,0,0,卖盘
1165,11:26:09,243.07,--,0,0,卖盘
1166,11:26:00,243.07,-0.35,9,218763,卖盘
1167,11:25:55,243.42,-0.08,1,24342,卖盘
1168,11:25:45,243.5,0.08,1,24350,买盘
1169,11:25:39,243.42,--,3,73026,卖盘
1170,11:25:35,243.42,--,2,48684,卖盘
1171,11:25:30,243.42,-0.08,4,97368,卖盘
1172,11:25:24,243.5,-0.01,1,24350,买盘
1173,11:25:09,243.51,--,6,146106,卖盘
1174,11:25:05,243.51,--,0,0,中性盘
1175,11:25:00,243.51,0.09,2,48702,中性盘
1176,11:24:24,243.42,-0.07,10,243420,卖盘
1177,11:24:20,243.49,0.07,7,170443,中性盘
1178,11:24:15,243.42,-0.08,1,24342,卖盘
1179,11:24:09,243.5,--,7,170450,买盘
1180,11:24:00,243.5,0.08,1,24350,买盘
1181,11:23:54,243.42,--,6,146052,卖盘
1182,11:23:45,243.42,-0.08,1,24342,卖盘
1183,11:23:39,243.5,--,1,24350,买盘
1184,11:23:33,243.5,0.2,1,24350,买盘
1185,11:23:30,243.3,--,4,97320,卖盘
1186,11:23:24,243.3,--,5,121650,卖盘
1187,11:23:18,243.3,-0.12,25,608250,卖盘
1188,11:23:09,243.42,0.12,33,803286,买盘
1189,11:23:00,243.3,-0.12,4,97320,卖盘
1190,11:22:48,243.42,0.12,20,486840,买盘
1191,11:22:45,243.3,--,0,0,卖盘
1192,11:22:39,243.3,--,1,24330,卖盘
1193,11:22:24,243.3,-0.12,6,145980,卖盘
1194,11:22:15,243.42,--,4,97368,卖盘
1195,11:22:00,243.42,0.12,5,124387,买盘
1196,11:21:45,243.3,--,1,24330,卖盘
1197,11:21:30,243.3,--,6,145980,卖盘
1198,11:21:03,243.3,--,2,48660,卖盘
1199,11:21:00,243.3,--,1,24330,卖盘
1200,11:20:54,243.3,-0.02,4,97320,卖盘
1201,11:20:48,243.32,--,1,24332,买盘
1202,11:20:45,243.32,--,3,72996,卖盘
1203,11:20:39,243.32,--,13,316316,卖盘
1204,11:20:30,243.32,-0.03,4,97328,卖盘
1205,11:20:24,243.35,--,0,0,买盘
1206,11:20:09,243.35,--,3,73005,买盘
1207,11:20:00,243.35,--,0,0,买盘
1208,11:19:54,243.35,0.05,5,121675,买盘
1209,11:19:44,243.3,--,6,145980,卖盘
1210,11:19:39,243.3,--,2,48660,卖盘
1211,11:19:30,243.3,--,1,24330,卖盘
1212,11:19:24,243.3,-0.04,5,121650,卖盘
1213,11:19:18,243.34,0.31,1,24334,买盘
1214,11:19:14,243.03,--,0,0,卖盘
1215,11:19:09,243.03,-0.31,2,48606,卖盘
1216,11:18:59,243.34,--,1,24334,中性盘
1217,11:18:54,243.34,0.21,8,194672,买盘
1218,11:18:48,243.13,--,2,48626,卖盘
1219,11:18:44,243.13,-0.17,1,24313,卖盘
1220,11:18:39,243.3,0.17,1,24330,买盘
1221,11:18:33,243.13,--,5,121565,卖盘
1222,11:18:24,243.13,--,4,97252,卖盘
1223,11:18:18,243.13,-0.02,8,194504,卖盘
1224,11:18:09,243.15,--,3,72945,中性盘
1225,11:18:03,243.15,0.05,1,24315,买盘
1226,11:17:54,243.1,-0.05,13,316030,卖盘
1227,11:17:48,243.15,0.02,3,72945,买盘
1228,11:17:39,243.13,0.12,7,170191,买盘
1229,11:17:33,243.01,--,0,0,卖盘
1230,11:17:24,243.01,-0.09,23,558923,买盘
1231,11:17:18,243.1,-0.04,1,24310,买盘
1232,11:17:12,243.14,0.13,3,72942,买盘
1233,11:17:09,243.01,--,0,0,中性盘
1234,11:17:03,243.01,--,2,48602,卖盘
1235,11:16:54,243.01,-0.09,7,170107,卖盘
1236,11:16:39,243.1,--,7,170170,卖盘
1237,11:16:33,243.1,0.1,2,48620,卖盘
1238,11:16:24,243.0,--,4,97200,卖盘
1239,11:16:18,243.0,-0.1,5,121500,卖盘
1240,11:16:12,243.1,0.1,1,24310,买盘
1241,11:16:09,243.0,--,2,48600,卖盘
1242,11:16:03,243.0,--,7,172044,卖盘
1243,11:15:54,243.0,--,6,145800,卖盘
1244,11:15:48,243.0,-0.02,2,48600,卖盘
1245,11:15:42,243.02,-0.08,1,46659,卖盘
1246,11:15:39,243.1,-0.1,10,243100,卖盘
1247,11:15:33,243.2,0.1,1,24320,中性盘
1248,11:15:27,243.1,-0.1,2,48620,卖盘
1249,11:15:24,243.2,--,13,333184,卖盘
1250,11:15:18,243.2,0.1,1,24320,中性盘
1251,11:15:12,243.1,--,10,243100,卖盘
1252,11:15:09,243.1,-0.08,8,194480,卖盘
1253,11:15:03,243.18,-0.17,8,194544,卖盘
1254,11:14:54,243.35,--,10,243350,卖盘
1255,11:14:48,243.35,-0.16,5,121675,卖盘
1256,11:14:42,243.51,-0.09,2,48702,卖盘
1257,11:14:33,243.6,0.1,2,48720,买盘
1258,11:14:23,243.5,-0.1,5,121750,卖盘
1259,11:14:18,243.6,--,8,194880,卖盘
1260,11:14:03,243.6,-0.02,3,73080,卖盘
1261,11:13:54,243.62,-0.06,4,97448,卖盘
1262,11:13:48,243.68,--,3,73104,卖盘
1263,11:13:33,243.68,-0.01,1,24368,卖盘
1264,11:13:23,243.69,0.03,6,146214,买盘
1265,11:13:18,243.66,-0.02,11,268026,卖盘
1266,11:13:08,243.68,0.02,2,48736,买盘
1267,11:13:03,243.66,--,1,24366,卖盘
1268,11:12:57,243.66,--,0,0,卖盘
1269,11:12:53,243.66,-0.03,4,97464,卖盘
1270,11:12:48,243.69,--,0,0,中性盘
1271,11:12:38,243.69,0.09,1,24369,买盘
1272,11:12:33,243.6,-0.09,2,48720,卖盘
1273,11:12:23,243.69,0.07,7,170583,买盘
1274,11:12:18,243.62,0.02,3,73086,买盘
1275,11:12:12,243.6,--,1,24360,卖盘
1276,11:12:03,243.6,--,2,48720,卖盘
1277,11:11:53,243.6,--,10,243600,买盘
1278,11:11:42,243.6,--,4,97440,买盘
1279,11:11:12,243.6,-0.04,18,438480,卖盘
1280,11:11:03,243.64,-0.06,5,121820,卖盘
1281,11:10:57,243.7,--,0,0,买盘
1282,11:10:51,243.7,0.1,40,974800,买盘
1283,11:10:42,243.6,--,1,24360,卖盘
1284,11:10:36,243.6,0.25,14,341040,买盘
1285,11:10:33,243.35,0.01,1,24335,卖盘
1286,11:10:27,243.34,--,0,0,卖盘
1287,11:10:18,243.34,-0.36,1,24334,卖盘
1288,11:10:06,243.7,--,0,0,买盘
1289,11:10:03,243.7,0.38,21,511770,买盘
1290,11:09:42,243.32,0.01,2,48664,卖盘
1291,11:09:33,243.31,-0.37,4,97324,卖盘
1292,11:09:27,243.68,--,0,0,买盘
1293,11:09:12,243.68,--,0,0,买盘
1294,11:09:03,243.68,0.38,2,48736,中性盘
1295,11:08:57,243.3,-0.39,2,48660,卖盘
1296,11:08:51,243.69,--,0,0,买盘
1297,11:08:48,243.69,-0.01,4,97476,卖盘
1298,11:08:42,243.7,0.01,5,121850,买盘
1299,11:08:36,243.69,--,1,24369,卖盘
1300,11:08:33,243.69,0.37,12,292428,买盘
1301,11:08:27,243.32,-0.28,10,243320,卖盘
1302,11:08:18,243.6,-0.01,6,146160,卖盘
1303,11:08:12,243.61,-0.08,7,170527,卖盘
1304,11:08:06,243.69,--,10,243690,卖盘
1305,11:08:02,243.69,--,6,146214,卖盘
1306,11:07:57,243.69,-0.01,2,48738,卖盘
1307,11:07:51,243.7,0.01,2,48740,买盘
1308,11:07:36,243.69,-0.01,1,24369,卖盘
1309,11:07:27,243.7,--,3,73110,买盘
1310,11:07:21,243.7,--,6,146220,买盘
1311,11:07:17,243.7,--,3,73110,买盘
1312,11:07:12,243.7,0.01,1,24370,买盘
1313,11:07:06,243.69,0.01,1,24369,卖盘
1314,11:07:02,243.68,--,6,146208,卖盘
1315,11:06:57,243.68,--,5,121840,卖盘
1316,11:06:47,243.68,-0.01,3,73104,卖盘
1317,11:06:42,243.69,-0.01,3,73107,买盘
1318,11:06:32,243.7,--,4,97480,买盘
1319,11:06:27,243.7,--,4,97480,买盘
1320,11:06:12,243.7,0.09,39,950430,买盘
1321,11:05:57,243.61,0.01,1,24361,卖盘
1322,11:05:47,243.6,--,0,0,卖盘
1323,11:05:36,243.6,--,1,24360,卖盘
1324,11:05:32,243.6,--,1,24360,买盘
1325,11:05:21,243.6,--,0,0,买盘
1326,11:05:17,243.6,--,1,24360,买盘
1327,11:05:02,243.6,0.25,4,97440,买盘
1328,11:04:42,243.35,-0.25,2,48670,卖盘
1329,11:04:36,243.6,--,0,0,买盘
1330,11:04:21,243.6,--,1,24360,买盘
1331,11:04:15,243.6,-0.1,4,97440,中性盘
1332,11:04:12,243.7,--,0,0,买盘
1333,11:04:00,243.7,--,1,24370,买盘
1334,11:03:57,243.7,--,0,0,买盘
1335,11:03:42,243.7,--,1,24370,买盘
1336,11:03:30,243.7,-0.1,1,24370,买盘
1337,11:03:21,243.8,0.58,14,341320,买盘
1338,11:03:12,243.22,-0.63,8,194576,卖盘
1339,11:03:06,243.85,0.01,8,195080,买盘
1340,11:03:00,243.84,0.09,3,73152,买盘
1341,11:02:57,243.75,-0.09,7,170625,卖盘
1342,11:02:51,243.84,0.09,6,146304,买盘
1343,11:02:45,243.75,-0.05,2,48750,卖盘
1344,11:02:42,243.8,0.05,2,48760,中性盘
1345,11:02:36,243.75,-0.05,12,292500,卖盘
1346,11:02:27,243.8,--,2,48760,买盘
1347,11:02:15,243.8,--,0,0,买盘
1348,11:02:12,243.8,0.1,14,341320,买盘
1349,11:02:06,243.7,0.25,1,24370,卖盘
1350,11:01:57,243.45,--,0,0,卖盘
1351,11:01:51,243.45,-0.25,3,73035,卖盘
1352,11:01:45,243.7,--,4,97480,卖盘
1353,11:01:41,243.7,0.28,54,1315980,买盘
1354,11:01:36,243.42,--,1,24342,买盘
1355,11:01:27,243.42,--,8,194736,卖盘
1356,11:01:12,243.42,--,2,48684,卖盘
1357,11:01:00,243.42,--,3,73026,卖盘
1358,11:00:57,243.42,0.02,1,24342,卖盘
1359,11:00:51,243.4,-0.04,5,121700,卖盘
1360,11:00:45,243.44,0.04,2,48688,买盘
1361,11:00:41,243.4,--,2,48680,卖盘
1362,11:00:30,243.4,--,1,24340,卖盘
1363,10:59:56,243.4,0.02,83,2028982,买盘
1364,10:59:29,243.38,0.16,1,24338,买盘
1365,10:59:26,243.22,0.02,1,24322,卖盘
1366,10:58:56,243.2,--,2,48640,卖盘
1367,10:58:51,243.2,-0.2,8,207692,卖盘
1368,10:58:45,243.4,0.15,0,11196,卖盘
1369,10:58:41,243.25,--,101,2456825,卖盘
1370,10:58:36,243.25,--,0,0,卖盘
1371,10:58:30,243.25,-0.15,0,19703,卖盘
1372,10:58:26,243.4,0.2,1,24340,买盘
1373,10:58:21,243.2,--,0,0,卖盘
1374,10:58:15,243.2,--,0,0,卖盘
1375,10:58:11,243.2,-0.25,1,42803,卖盘
1376,10:58:06,243.45,0.25,1,24345,买盘
1377,10:57:56,243.2,-0.25,2,68582,卖盘
1378,10:57:51,243.45,0.25,1,24345,买盘
1379,10:57:41,243.2,--,4,115763,卖盘
1380,10:57:36,243.2,0.09,191,4658009,买盘
1381,10:57:26,243.11,--,8,194488,买盘
1382,10:57:21,243.11,--,5,142219,卖盘
1383,10:57:15,243.11,-0.09,1,42787,卖盘
1384,10:57:06,243.2,0.09,17,413440,买盘
1385,10:57:00,243.11,-0.08,1,26498,卖盘
1386,10:56:51,243.19,0.08,5,121595,买盘
1387,10:56:45,243.11,--,3,79983,卖盘
1388,10:56:39,243.11,--,2,48622,卖盘
1389,10:56:36,243.11,0.09,2,48865,买盘
1390,10:56:30,243.02,-0.09,1,48360,卖盘
1391,10:56:21,243.11,0.03,19,462152,买盘
1392,10:56:15,243.08,--,1,24308,卖盘
1393,10:56:09,243.08,--,3,72924,卖盘
1394,10:56:06,243.08,-0.03,2,48616,卖盘
1395,10:56:00,243.11,0.03,7,170177,买盘
1396,10:55:51,243.08,-0.02,2,48616,卖盘
1397,10:55:45,243.1,-0.01,12,291720,卖盘
1398,10:55:39,243.11,--,2,48622,卖盘
1399,10:55:36,243.11,-0.01,18,437598,卖盘
1400,10:55:30,243.12,--,1,24312,买盘
1401,10:55:24,243.12,--,3,72936,买盘
1402,10:55:20,243.12,--,2,48624,买盘
1403,10:55:09,243.12,--,1,24312,买盘
1404,10:55:00,243.12,--,14,340368,买盘
1405,10:54:54,243.12,--,6,145872,卖盘
1406,10:54:50,243.12,-0.08,2,48624,卖盘
1407,10:54:45,243.2,0.08,4,97280,买盘
1408,10:54:30,243.12,-0.08,1,24312,卖盘
1409,10:54:24,243.2,0.09,25,608000,买盘
1410,10:54:09,243.11,-0.01,30,729330,卖盘
1411,10:54:06,243.12,--,9,218808,卖盘
1412,10:53:51,243.12,--,21,511767,买盘
1413,10:53:45,243.12,--,17,413304,买盘
1414,10:53:39,243.12,0.01,5,121560,买盘
1415,10:53:36,243.11,-0.01,5,121555,卖盘
1416,10:53:30,243.12,--,10,243120,买盘
1417,10:53:24,243.12,--,5,121560,买盘
1418,10:53:15,243.12,-0.01,30,729360,卖盘
1419,10:53:09,243.13,--,1,24313,买盘
1420,10:53:05,243.13,0.01,5,121565,买盘
1421,10:53:00,243.12,-0.01,4,97248,卖盘
1422,10:52:39,243.13,--,1,24313,买盘
1423,10:52:15,243.13,0.02,14,340382,卖盘
1424,10:52:00,243.11,--,0,0,卖盘
1425,10:51:45,243.11,--,0,0,卖盘
1426,10:51:39,243.11,--,1,24311,卖盘
1427,10:51:35,243.11,-0.03,2,48622,卖盘
1428,10:51:30,243.14,0.01,1,24314,买盘
1429,10:51:24,243.13,--,1,24313,买盘
1430,10:51:20,243.13,0.02,3,72939,买盘
1431,10:51:15,243.11,--,8,194488,卖盘
1432,10:51:05,243.11,--,7,170177,卖盘
1433,10:50:50,243.11,-0.04,2,48622,卖盘
1434,10:50:45,243.15,--,6,145890,卖盘
1435,10:50:39,243.15,--,3,72945,卖盘
1436,10:50:35,243.15,--,23,579426,买盘
1437,10:50:30,243.15,0.02,3,72945,买盘
1438,10:50:24,243.13,-0.02,6,145878,卖盘
1439,10:50:20,243.15,--,7,170205,买盘
1440,10:50:09,243.15,--,1,24315,买盘
1441,10:50:05,243.15,-0.35,12,291780,卖盘
1442,10:50:00,243.5,-0.05,15,365250,卖盘
1443,10:49:30,243.55,-0.05,11,267905,卖盘
1444,10:49:24,243.6,-0.1,5,121800,卖盘
1445,10:49:18,243.7,0.03,1,24370,买盘
1446,10:49:14,243.67,--,32,779744,中性盘
1447,10:49:03,243.67,-0.03,35,852845,卖盘
1448,10:49:00,243.7,0.03,3,73110,买盘
1449,10:48:45,243.67,0.09,34,828478,买盘
1450,10:48:38,243.58,--,31,755098,卖盘
1451,10:48:32,243.58,--,30,730740,卖盘
1452,10:48:30,243.58,0.03,12,304475,买盘
1453,10:48:14,243.55,--,0,0,中性盘
1454,10:48:03,243.55,0.15,2,48710,买盘
1455,10:47:59,243.4,-0.15,1,24340,卖盘
1456,10:47:44,243.55,-0.03,6,146130,买盘
1457,10:47:38,243.58,0.03,1,24358,买盘
1458,10:47:29,243.55,-0.03,1,24355,卖盘
1459,10:47:14,243.58,--,12,292296,卖盘
1460,10:47:08,243.58,--,5,121790,卖盘
1461,10:47:02,243.58,--,2,48716,卖盘
1462,10:46:59,243.58,0.08,46,1120468,买盘
1463,10:46:54,243.5,-0.02,5,121750,卖盘
1464,10:46:44,243.52,--,3,73056,卖盘
1465,10:46:39,243.52,--,6,146112,卖盘
1466,10:46:32,243.52,-0.03,2,48704,卖盘
1467,10:46:29,243.55,0.03,1,24355,买盘
1468,10:46:18,243.52,-0.01,3,73056,买盘
1469,10:46:14,243.53,0.16,5,121765,买盘
1470,10:46:09,243.37,-0.02,6,146022,卖盘
1471,10:45:59,243.39,-0.16,5,121695,卖盘
1472,10:45:53,243.55,0.01,6,146130,买盘
1473,10:45:48,243.54,0.15,2,48708,买盘
1474,10:45:44,243.39,--,4,97356,卖盘
1475,10:45:39,243.39,-0.19,10,243390,卖盘
1476,10:45:33,243.58,0.03,2,48716,买盘
1477,10:45:29,243.55,0.01,3,73065,卖盘
1478,10:45:24,243.54,-0.04,4,97416,卖盘
1479,10:45:18,243.58,--,0,0,买盘
1480,10:45:14,243.58,--,0,0,中性盘
1481,10:45:09,243.58,--,5,121790,卖盘
1482,10:45:03,243.58,--,2,48716,卖盘
1483,10:44:59,243.58,0.04,3,73074,中性盘
1484,10:44:53,243.54,0.15,69,1680426,买盘
1485,10:44:48,243.39,-0.2,60,1460340,卖盘
1486,10:44:38,243.59,--,0,0,买盘
1487,10:44:32,243.59,0.05,8,194872,买盘
1488,10:44:29,243.54,--,14,340956,卖盘
1489,10:44:24,243.54,--,0,0,卖盘
1490,10:44:17,243.54,--,0,0,卖盘
1491,10:44:14,243.54,0.04,1,24354,卖盘
1492,10:44:09,243.5,--,0,0,卖盘
1493,10:43:58,243.5,--,1,24350,卖盘
1494,10:43:54,243.5,--,1,24350,卖盘
1495,10:43:38,243.5,--,2,48700,卖盘
1496,10:43:32,243.5,0.38,16,389600,买盘
1497,10:43:24,243.12,--,0,0,卖盘
1498,10:43:17,243.12,-0.27,1,24312,卖盘
1499,10:43:13,243.39,0.27,1,24339,买盘
1500,10:43:09,243.12,--,0,0,卖盘
1501,10:42:59,243.12,-0.28,1,24312,卖盘
1502,10:42:54,243.4,-0.1,2,48680,买盘
1503,10:42:39,243.5,--,24,584400,买盘
1504,10:42:33,243.5,--,0,0,买盘
1505,10:42:27,243.5,0.01,1,24350,买盘
1506,10:42:24,243.49,-0.01,1,24349,中性盘
1507,10:42:18,243.5,--,1,24350,买盘
1508,10:42:12,243.5,--,1,24350,买盘
1509,10:42:09,243.5,-0.1,1,24350,买盘
1510,10:42:03,243.6,--,0,0,买盘
1511,10:41:53,243.6,--,28,682080,买盘
1512,10:41:48,243.6,--,1,24360,买盘
1513,10:41:27,243.6,--,14,353220,卖盘
1514,10:41:17,243.6,-0.08,0,12180,卖盘
1515,10:41:08,243.68,0.09,11,268048,买盘
1516,10:41:02,243.59,--,2,48718,卖盘
1517,10:40:56,243.59,--,3,73077,卖盘
1518,10:40:53,243.59,-0.01,12,292308,卖盘
1519,10:40:48,243.6,0.01,6,146160,买盘
1520,10:40:38,243.59,0.08,3,75512,买盘
1521,10:40:33,243.51,--,0,0,卖盘
1522,10:40:27,243.51,-0.08,1,24351,卖盘
1523,10:40:23,243.59,0.09,5,121795,买盘
1524,10:40:08,243.5,--,0,0,中性盘
1525,10:40:02,243.5,0.1,9,219150,买盘
1526,10:39:53,243.4,-0.1,5,121700,卖盘
1527,10:39:42,243.5,0.1,2,48700,中性盘
1528,10:39:32,243.4,-0.1,1,24340,卖盘
1529,10:39:23,243.5,0.1,8,194800,买盘
1530,10:39:08,243.4,--,10,243400,卖盘
1531,10:39:02,243.4,--,24,584160,买盘
1532,10:38:57,243.4,--,0,0,买盘
1533,10:38:48,243.4,--,0,0,买盘
1534,10:38:41,243.4,--,18,438120,买盘
1535,10:38:38,243.4,0.1,116,2823440,买盘
1536,10:38:33,243.3,--,0,0,卖盘
1537,10:38:23,243.3,--,8,194640,买盘
1538,10:38:18,243.3,--,22,535260,买盘
1539,10:38:12,243.3,--,2,48660,买盘
1540,10:38:08,243.3,0.1,6,145980,买盘
1541,10:37:47,243.2,-0.1,2,48640,卖盘
1542,10:37:27,243.3,-0.2,5,121650,卖盘
1543,10:37:23,243.5,--,1,24350,买盘
1544,10:37:17,243.5,--,3,73050,买盘
1545,10:37:08,243.5,-0.09,14,340900,卖盘
1546,10:37:02,243.59,0.08,11,267949,买盘
1547,10:36:53,243.51,--,1,24351,买盘
1548,10:36:48,243.51,--,0,0,中性盘
1549,10:36:42,243.51,--,2,48702,卖盘
1550,10:36:37,243.51,--,16,389616,卖盘
1551,10:36:33,243.51,0.03,2,48702,卖盘
1552,10:36:23,243.48,--,0,0,卖盘
1553,10:36:17,243.48,0.01,7,170436,中性盘
1554,10:36:11,243.47,-0.02,3,73041,中性盘
1555,10:36:08,243.49,--,14,340886,买盘
1556,10:35:53,243.49,0.19,5,121745,买盘
1557,10:35:41,243.3,--,0,0,卖盘
1558,10:35:36,243.3,--,1,24330,卖盘
1559,10:35:33,243.3,0.07,32,778560,买盘
1560,10:35:26,243.23,0.01,1,24323,卖盘
1561,10:35:17,243.22,0.14,2,49373,买盘
1562,10:35:11,243.08,-0.12,9,218772,卖盘
1563,10:35:05,243.2,--,12,291840,买盘
1564,10:34:56,243.2,0.13,5,121600,买盘
1565,10:34:47,243.07,-0.13,1,24307,卖盘
1566,10:34:41,243.2,--,11,267520,买盘
1567,10:34:32,243.2,0.14,4,97280,买盘
1568,10:34:27,243.06,0.13,2,48612,买盘
1569,10:34:17,242.93,-0.05,15,364395,中性盘
1570,10:34:11,242.98,0.1,4,97192,买盘
1571,10:33:56,242.88,--,6,148156,卖盘
1572,10:33:50,242.88,-0.01,16,388608,卖盘
1573,10:33:47,242.89,0.01,2,48578,买盘
1574,10:33:41,242.88,-0.01,1,24288,卖盘
1575,10:33:35,242.89,--,0,0,中性盘
1576,10:33:32,242.89,-0.01,11,267179,中性盘
1577,10:33:26,242.9,0.01,19,461510,中性盘
1578,10:33:17,242.89,--,17,412913,卖盘
1579,10:33:05,242.89,-0.09,23,558647,卖盘
1580,10:33:02,242.98,-0.02,1,24298,卖盘
1581,10:32:56,243.0,-0.06,20,486000,卖盘
1582,10:32:50,243.06,0.04,2,48612,买盘
1583,10:32:47,243.02,-0.18,6,145812,卖盘
1584,10:32:35,243.2,0.03,2,48640,买盘
1585,10:32:32,243.17,-0.03,1,24317,卖盘
1586,10:32:26,243.2,--,9,218880,卖盘
1587,10:32:20,243.2,--,3,72960,卖盘
1588,10:32:17,243.2,--,4,97280,卖盘
1589,10:32:11,243.2,-0.02,9,218880,卖盘
1590,10:32:02,243.22,-0.06,14,364100,卖盘
1591,10:31:56,243.28,--,0,0,中性盘
1592,10:31:50,243.28,-0.02,2,48656,卖盘
1593,10:31:41,243.3,--,1,24330,买盘
1594,10:31:35,243.3,--,1,24330,卖盘
1595,10:31:32,243.3,-0.02,2,48660,卖盘
1596,10:31:26,243.32,--,0,0,买盘
1597,10:31:20,243.32,0.02,1,24332,买盘
1598,10:31:17,243.3,-0.12,6,145980,卖盘
1599,10:31:11,243.42,0.11,1,24342,买盘
1600,10:31:05,243.31,-0.01,6,145986,卖盘
1601,10:31:02,243.32,--,2,48664,卖盘
1602,10:30:56,243.32,--,0,0,卖盘
1603,10:30:47,243.32,-0.18,3,72996,卖盘
1604,10:30:41,243.5,--,15,365250,卖盘
1605,10:30:35,243.5,--,2,48700,卖盘
1606,10:30:32,243.5,--,2,48700,卖盘
1607,10:30:26,243.5,--,6,146100,卖盘
1608,10:30:20,243.5,--,0,0,卖盘
1609,10:30:17,243.5,-0.01,7,170450,卖盘
1610,10:30:11,243.51,-0.01,25,608775,卖盘
1611,10:30:05,243.52,--,2,48704,买盘
1612,10:30:01,243.52,-0.07,6,146112,卖盘
1613,10:29:56,243.59,0.01,13,316667,买盘
1614,10:29:50,243.58,0.06,1,24358,买盘
1615,10:29:46,243.52,--,0,0,卖盘
1616,10:29:41,243.52,-0.06,1,24352,卖盘
1617,10:29:35,243.58,--,0,0,中性盘
1618,10:29:31,243.58,0.06,1,24358,中性盘
1619,10:29:26,243.52,-0.06,3,73056,卖盘
1620,10:29:17,243.58,0.06,7,170506,买盘
1621,10:29:05,243.52,--,4,97408,买盘
1622,10:29:02,243.52,0.01,2,48704,买盘
1623,10:28:56,243.51,-0.01,7,170457,卖盘
1624,10:28:44,243.52,0.01,2,48704,买盘
1625,10:28:35,243.51,--,8,194808,卖盘
1626,10:28:26,243.51,-0.09,29,706179,卖盘
1627,10:28:20,243.6,0.08,3,73080,买盘
1628,10:28:14,243.52,--,5,121760,卖盘
1629,10:28:11,243.52,--,3,73056,卖盘
1630,10:28:05,243.52,-0.08,2,48704,卖盘
1631,10:27:50,243.6,0.09,5,121800,买盘
1632,10:27:41,243.51,--,5,121755,卖盘
1633,10:27:35,243.51,--,12,292212,卖盘
1634,10:27:26,243.51,--,3,73053,卖盘
1635,10:27:20,243.51,--,2,48702,卖盘
1636,10:27:11,243.51,--,4,97404,卖盘
1637,10:27:05,243.51,0.01,3,73053,买盘
1638,10:26:59,243.5,--,5,121750,卖盘
1639,10:26:56,243.5,--,2,48700,卖盘
1640,10:26:50,243.5,-0.08,5,121750,卖盘
1641,10:26:44,243.58,0.08,16,389728,买盘
1642,10:26:41,243.5,--,1,24350,卖盘
1643,10:26:35,243.5,-0.01,21,511350,卖盘
1644,10:26:29,243.51,--,3,73053,卖盘
1645,10:26:26,243.51,0.01,1,24351,卖盘
1646,10:26:20,243.5,--,7,170450,卖盘
1647,10:26:14,243.5,-0.12,3,73050,卖盘
1648,10:26:11,243.62,0.12,13,316706,买盘
1649,10:26:05,243.5,--,4,97400,卖盘
1650,10:25:56,243.5,-0.05,77,1874950,卖盘
1651,10:25:50,243.55,--,3,73065,买盘
1652,10:25:44,243.55,-0.1,55,1339525,卖盘
1653,10:25:41,243.65,-0.01,1,24365,买盘
1654,10:25:35,243.66,0.01,3,73098,卖盘
1655,10:25:29,243.65,--,7,170555,卖盘
1656,10:25:26,243.65,--,4,97460,卖盘
1657,10:25:20,243.65,--,2,48730,卖盘
1658,10:25:14,243.65,-0.05,4,97460,卖盘
1659,10:25:05,243.7,0.05,6,146220,买盘
1660,10:24:59,243.65,-0.03,5,121825,卖盘
1661,10:24:56,243.68,--,2,48736,卖盘
1662,10:24:50,243.68,0.01,2,48736,卖盘
1663,10:24:44,243.67,-0.03,3,73101,卖盘
1664,10:24:41,243.7,0.05,4,97480,买盘
1665,10:24:35,243.65,--,10,243650,卖盘
1666,10:24:29,243.65,--,16,389840,卖盘
1667,10:24:26,243.65,--,57,1388805,买盘
1668,10:24:20,243.65,--,3,73095,买盘
1669,10:24:14,243.65,--,13,316745,买盘
1670,10:24:11,243.65,--,10,243650,买盘
1671,10:24:05,243.65,0.05,5,121825,买盘
1672,10:23:59,243.6,-0.1,5,121800,卖盘
1673,10:23:56,243.7,0.1,5,121850,买盘
1674,10:23:50,243.6,-0.05,16,389760,卖盘
1675,10:23:41,243.65,0.15,11,268015,买盘
1676,10:23:35,243.5,--,1,24350,卖盘
1677,10:23:29,243.5,--,2,48700,卖盘
1678,10:23:26,243.5,0.2,55,1339250,买盘
1679,10:23:20,243.3,--,30,729900,买盘
1680,10:23:14,243.3,--,1,24330,买盘
1681,10:23:05,243.3,--,26,632580,卖盘
1682,10:22:59,243.3,--,2,48660,卖盘
1683,10:22:55,243.3,0.08,5,121650,买盘
1684,10:22:50,243.22,--,7,170983,卖盘
1685,10:22:40,243.22,-0.06,2,48644,卖盘
1686,10:22:35,243.28,0.06,28,681184,买盘
1687,10:22:29,243.22,--,5,121610,卖盘
1688,10:22:25,243.22,0.02,16,389152,买盘
1689,10:22:20,243.2,0.03,2,48640,买盘
1690,10:22:14,243.17,0.06,1,24317,卖盘
1691,10:22:10,243.11,--,2,48622,卖盘
1692,10:22:05,243.11,-0.09,2,48622,中性盘
1693,10:21:59,243.2,--,9,218880,买盘
1694,10:21:53,243.2,0.11,11,267520,买盘
1695,10:21:50,243.09,-0.01,5,121545,卖盘
1696,10:21:44,243.1,0.05,25,607750,买盘
1697,10:21:35,243.05,--,0,0,卖盘
1698,10:21:29,243.05,-0.02,5,121525,卖盘
1699,10:21:20,243.07,0.02,3,72921,买盘
1700,10:21:14,243.05,0.05,13,315965,买盘
1701,10:21:08,243.0,--,10,243000,卖盘
1702,10:21:05,243.0,--,1,24300,卖盘
1703,10:20:59,243.0,--,14,340200,买盘
1704,10:20:53,243.0,--,15,364500,买盘
1705,10:20:50,243.0,0.11,9,218700,买盘
1706,10:20:44,242.89,-0.11,23,558647,卖盘
1707,10:20:38,243.0,0.02,3,72900,买盘
1708,10:20:35,242.98,0.09,16,388768,买盘
1709,10:20:29,242.89,0.01,2,48578,买盘
1710,10:20:23,242.88,-0.01,2,48576,卖盘
1711,10:20:20,242.89,0.08,2,48578,买盘
1712,10:20:08,242.81,0.06,11,267091,买盘
1713,10:20:05,242.75,0.15,18,444232,买盘
1714,10:19:59,242.6,-0.1,1,24260,买盘
1715,10:19:53,242.7,--,0,0,买盘
1716,10:19:50,242.7,0.18,58,1407660,买盘
1717,10:19:44,242.52,-0.08,1,24252,卖盘
1718,10:19:38,242.6,--,3,89762,卖盘
1719,10:19:35,242.6,0.07,17,419698,买盘
1720,10:19:29,242.53,0.01,1,24253,中性盘
1721,10:19:23,242.52,0.02,2,48504,中性盘
1722,10:19:20,242.5,-0.1,24,582000,卖盘
1723,10:19:14,242.6,0.1,5,121300,买盘
1724,10:19:05,242.5,0.15,10,244925,买盘
1725,10:18:59,242.35,--,0,0,中性盘
1726,10:18:50,242.35,--,1,24235,买盘
1727,10:18:44,242.35,-0.15,7,169645,卖盘
1728,10:18:38,242.5,0.21,1,24250,买盘
1729,10:18:35,242.29,-0.21,2,48458,卖盘
1730,10:18:29,242.5,0.25,1,24250,买盘
1731,10:18:23,242.25,-0.15,1,24225,卖盘
1732,10:18:20,242.4,-0.12,13,315120,卖盘
1733,10:18:14,242.52,0.23,10,242520,买盘
1734,10:18:05,242.29,-0.21,5,121145,卖盘
1735,10:17:59,242.5,0.21,7,169750,买盘
1736,10:17:50,242.29,0.06,2,48458,买盘
1737,10:17:44,242.23,0.01,4,96892,中性盘
1738,10:17:38,242.22,-0.03,18,435996,卖盘
1739,10:17:34,242.25,0.03,6,145350,买盘
1740,10:17:29,242.22,--,0,0,卖盘
1741,10:17:23,242.22,-0.03,2,48444,卖盘
1742,10:17:20,242.25,-0.24,57,1380825,卖盘
1743,10:17:14,242.49,0.19,63,1527687,买盘
1744,10:17:08,242.3,0.08,1,24230,买盘
1745,10:17:05,242.22,--,3,72666,卖盘
1746,10:16:53,242.22,-0.03,20,484440,卖盘
1747,10:16:50,242.25,--,4,96900,卖盘
1748,10:16:44,242.25,0.05,15,363375,买盘
1749,10:16:38,242.2,-0.02,20,484400,卖盘
1750,10:16:34,242.22,--,6,145332,卖盘
1751,10:16:29,242.22,0.01,12,290664,买盘
1752,10:16:23,242.21,--,4,96884,卖盘
1753,10:16:19,242.21,0.01,2,48442,中性盘
1754,10:16:14,242.2,--,15,363300,卖盘
1755,10:16:08,242.2,--,7,169540,卖盘
1756,10:16:04,242.2,--,18,435960,卖盘
1757,10:15:59,242.2,--,0,0,卖盘
1758,10:15:53,242.2,-0.02,16,387520,卖盘
1759,10:15:49,242.22,--,3,72666,卖盘
1760,10:15:44,242.22,-0.28,17,411774,卖盘
1761,10:15:34,242.5,-0.1,32,792975,卖盘
1762,10:15:29,242.6,--,5,121300,卖盘
1763,10:15:23,242.6,--,2,48520,卖盘
1764,10:15:19,242.6,-0.11,3,72780,卖盘
1765,10:15:14,242.71,0.11,38,922298,买盘
1766,10:15:08,242.6,--,2,48520,卖盘
1767,10:15:04,242.6,--,6,145560,卖盘
1768,10:14:59,242.6,-0.1,15,363900,卖盘
1769,10:14:53,242.7,-0.05,15,364050,卖盘
1770,10:14:44,242.75,-0.06,2,48550,买盘
1771,10:14:38,242.81,0.1,5,121405,买盘
1772,10:14:29,242.71,-0.09,3,72813,卖盘
1773,10:14:23,242.8,0.05,13,315640,中性盘
1774,10:14:17,242.75,-0.06,2,48550,卖盘
1775,10:14:14,242.81,--,0,0,买盘
1776,10:14:08,242.81,0.06,18,437058,买盘
1777,10:13:59,242.75,-0.02,2,48550,卖盘
1778,10:13:53,242.77,0.02,2,48554,买盘
1779,10:13:47,242.75,--,5,121375,卖盘
1780,10:13:44,242.75,--,42,1019550,卖盘
1781,10:13:38,242.75,0.05,13,315575,买盘
1782,10:13:32,242.7,--,0,0,卖盘
1783,10:13:23,242.7,--,1,24270,卖盘
1784,10:13:17,242.7,--,0,0,卖盘
1785,10:13:14,242.7,0.1,4,97080,买盘
1786,10:13:08,242.6,--,41,1001938,卖盘
1787,10:12:59,242.6,--,5,121300,卖盘
1788,10:12:53,242.6,--,36,873360,买盘
1789,10:12:47,242.6,--,15,363900,买盘
1790,10:12:44,242.6,--,1,24260,买盘
1791,10:12:38,242.6,0.16,34,824840,买盘
1792,10:12:32,242.44,--,13,315172,卖盘
1793,10:12:29,242.44,-0.16,12,290928,卖盘
1794,10:12:23,242.6,0.16,10,242600,买盘
1795,10:12:17,242.44,-0.16,12,290928,卖盘
1796,10:12:14,242.6,--,5,121300,买盘
1797,10:12:08,242.6,0.4,105,2547300,买盘
1798,10:12:02,242.2,-0.4,4,96880,中性盘
1799,10:11:59,242.6,0.18,150,3639000,买盘
1800,10:11:53,242.42,-0.02,1,24242,中性盘
1801,10:11:47,242.44,0.31,1,24244,买盘
1802,10:11:44,242.13,-0.47,126,3050838,卖盘
1803,10:11:28,242.6,0.1,10,242600,买盘
1804,10:11:23,242.5,-0.1,10,242500,卖盘
1805,10:11:13,242.6,0.01,4,97040,买盘
1806,10:11:08,242.59,-0.14,25,606475,卖盘
1807,10:11:02,242.73,-0.02,3,72819,卖盘
1808,10:10:58,242.75,--,2,48550,买盘
1809,10:10:53,242.75,--,0,0,买盘
1810,10:10:47,242.75,-0.05,6,145650,卖盘
1811,10:10:32,242.8,--,38,922640,卖盘
1812,10:10:28,242.8,-0.01,1,24280,卖盘
1813,10:10:23,242.81,--,4,97124,卖盘
1814,10:10:17,242.81,--,0,0,卖盘
1815,10:10:13,242.81,-0.06,24,582744,卖盘
1816,10:10:08,242.87,0.07,3,72861,买盘
1817,10:10:02,242.8,--,1,24280,卖盘
1818,10:09:58,242.8,--,17,412760,卖盘
1819,10:09:53,242.8,--,23,558440,卖盘
1820,10:09:38,242.8,-0.01,1,24280,卖盘
1821,10:09:23,242.81,--,3,72843,卖盘
1822,10:09:13,242.81,--,1,24281,卖盘
1823,10:09:08,242.81,--,54,1311174,卖盘
1824,10:09:02,242.81,-0.06,2,48562,卖盘
1825,10:08:53,242.87,-0.01,1,24287,买盘
1826,10:08:47,242.88,--,0,0,买盘
1827,10:08:43,242.88,--,11,267168,买盘
1828,10:08:38,242.88,--,22,534336,卖盘
1829,10:08:32,242.88,--,0,0,卖盘
1830,10:08:28,242.88,-0.12,20,485760,卖盘
1831,10:08:23,243.0,--,9,218700,买盘
1832,10:08:13,243.0,--,2,48600,卖盘
1833,10:08:08,243.0,--,3,72900,卖盘
1834,10:08:02,243.0,-0.1,3,72900,卖盘
1835,10:07:56,243.1,0.1,2,48620,买盘
1836,10:07:53,243.0,0.11,5,121500,卖盘
1837,10:07:38,242.89,-0.11,13,315757,卖盘
1838,10:07:32,243.0,--,3,72900,买盘
1839,10:07:26,243.0,--,0,0,买盘
1840,10:07:23,243.0,--,1,24300,买盘
1841,10:07:17,243.0,--,28,680400,卖盘
1842,10:07:11,243.0,-0.08,8,194400,卖盘
1843,10:07:02,243.08,-0.12,10,243080,卖盘
1844,10:06:56,243.2,--,11,267520,买盘
1845,10:06:53,243.2,0.08,9,218880,买盘
1846,10:06:47,243.12,0.02,4,97248,中性盘
1847,10:06:41,243.1,--,0,0,卖盘
1848,10:06:38,243.1,--,5,121550,卖盘
1849,10:06:32,243.1,--,1,24310,卖盘
1850,10:06:26,243.1,--,2,48620,卖盘
1851,10:06:23,243.1,0.02,5,123981,买盘
1852,10:06:17,243.08,--,2,48616,卖盘
1853,10:06:08,243.08,0.1,12,291696,买盘
1854,10:06:02,242.98,--,2,48596,卖盘
1855,10:05:56,242.98,-0.1,1,24298,卖盘
1856,10:05:53,243.08,0.2,1,24308,买盘
1857,10:05:41,242.88,-0.12,30,728640,卖盘
1858,10:05:38,243.0,0.12,5,121500,买盘
1859,10:05:32,242.88,-0.1,22,534336,卖盘
1860,10:05:26,242.98,0.18,2,48596,买盘
1861,10:05:23,242.8,-0.08,8,194240,卖盘
1862,10:05:08,242.88,0.08,8,194304,买盘
1863,10:05:02,242.8,0.05,2,48560,买盘
1864,10:04:56,242.75,0.04,10,242750,卖盘
1865,10:04:53,242.71,0.01,1,24271,卖盘
1866,10:04:47,242.7,--,0,0,卖盘
1867,10:04:41,242.7,0.02,3,72810,卖盘
1868,10:04:37,242.68,--,10,242680,卖盘
1869,10:04:32,242.68,-0.02,10,242680,卖盘
1870,10:04:17,242.7,-0.1,24,582480,卖盘
1871,10:04:11,242.8,--,0,0,中性盘
1872,10:04:07,242.8,0.01,1,24280,买盘
1873,10:04:02,242.79,0.09,17,412743,卖盘
1874,10:03:52,242.7,-0.09,9,218430,卖盘
1875,10:03:47,242.79,0.09,4,97116,中性盘
1876,10:03:37,242.7,-0.2,3,72810,卖盘
1877,10:03:32,242.9,--,5,121450,买盘
1878,10:03:26,242.9,--,0,0,买盘
1879,10:03:22,242.9,0.3,3,72870,买盘
1880,10:03:17,242.6,-0.28,102,2474520,卖盘
1881,10:03:07,242.88,--,8,194304,卖盘
1882,10:03:02,242.88,0.06,2,48576,买盘
1883,10:02:56,242.82,-0.06,2,48564,卖盘
1884,10:02:47,242.88,-0.12,1,24288,中性盘
1885,10:02:41,243.0,--,25,607500,买盘
1886,10:02:37,243.0,--,9,218700,买盘
1887,10:02:32,243.0,--,17,413100,卖盘
1888,10:02:26,243.0,--,1,24300,卖盘
1889,10:02:22,243.0,-0.05,7,170100,卖盘
1890,10:02:17,243.05,--,1,24305,买盘
1891,10:02:11,243.05,--,2,48610,卖盘
1892,10:02:07,243.05,-0.08,2,48610,卖盘
1893,10:02:02,243.13,-0.2,3,72939,买盘
1894,10:01:56,243.33,0.2,6,145998,买盘
1895,10:01:52,243.13,-0.2,9,218817,卖盘
1896,10:01:47,243.33,--,4,97332,卖盘
1897,10:01:41,243.33,--,1,24333,卖盘
1898,10:01:37,243.33,0.13,14,340662,买盘
1899,10:01:32,243.2,0.08,34,829312,买盘
1900,10:01:26,243.12,-0.08,2,48624,卖盘
1901,10:01:22,243.2,-0.12,8,194560,卖盘
1902,10:01:17,243.32,0.12,4,97328,中性盘
1903,10:01:11,243.2,--,5,121600,卖盘
1904,10:01:07,243.2,--,5,121600,卖盘
1905,10:01:02,243.2,0.15,10,243200,买盘
1906,10:00:50,243.05,--,0,0,卖盘
1907,10:00:47,243.05,-0.02,18,437490,卖盘
1908,10:00:41,243.07,--,5,121535,买盘
1909,10:00:35,243.07,-0.11,7,170149,买盘
1910,10:00:32,243.18,0.11,11,267498,买盘
1911,10:00:26,243.07,--,2,48614,卖盘
1912,10:00:20,243.07,0.07,1,24307,卖盘
1913,10:00:17,243.0,--,0,0,卖盘
1914,10:00:11,243.0,--,27,656100,买盘
1915,10:00:05,243.0,--,1,24300,买盘
1916,10:00:02,243.0,--,6,145800,买盘
1917,09:59:56,243.0,--,18,437400,卖盘
1918,09:59:50,243.0,--,2,48600,卖盘
1919,09:59:47,243.0,0.18,7,170100,买盘
1920,09:59:41,242.82,--,1,24282,卖盘
1921,09:59:35,242.82,--,1,24282,买盘
1922,09:59:32,242.82,0.3,3,72846,买盘
1923,09:59:26,242.52,--,17,414709,卖盘
1924,09:59:20,242.52,-0.07,3,72756,卖盘
1925,09:59:16,242.59,0.22,3,72777,买盘
1926,09:59:11,242.37,-0.03,22,533214,卖盘
1927,09:59:02,242.4,0.15,0,2424,买盘
1928,09:58:56,242.25,--,19,460275,卖盘
1929,09:58:47,242.25,0.06,4,96900,卖盘
1930,09:58:41,242.19,0.03,4,96876,买盘
1931,09:58:35,242.16,--,1,24216,中性盘
1932,09:58:31,242.16,--,2,48432,买盘
1933,09:58:26,242.16,-0.24,21,508536,卖盘
1934,09:58:20,242.4,0.27,131,3175440,买盘
1935,09:58:17,242.13,-0.07,100,2421300,卖盘
1936,09:58:11,242.2,0.03,3,72660,买盘
1937,09:58:05,242.17,-0.01,35,847595,卖盘
1938,09:58:01,242.18,0.01,34,823412,买盘
1939,09:57:56,242.17,--,58,1404586,买盘
1940,09:57:50,242.17,-0.01,11,266387,卖盘
1941,09:57:46,242.18,--,7,169526,买盘
1942,09:57:41,242.18,--,8,193744,买盘
1943,09:57:31,242.18,--,7,169526,买盘
1944,09:57:26,242.18,--,16,387488,买盘
1945,09:57:20,242.18,--,1,24218,买盘
1946,09:57:16,242.18,-0.01,40,968720,卖盘
1947,09:57:11,242.19,-0.01,11,266409,卖盘
1948,09:57:05,242.2,--,1,24220,卖盘
1949,09:57:01,242.2,-0.19,14,339080,中性盘
1950,09:56:56,242.39,--,1,24239,买盘
1951,09:56:50,242.39,0.2,4,96956,买盘
1952,09:56:46,242.19,0.01,2,48438,中性盘
1953,09:56:41,242.18,-0.22,1,24218,卖盘
1954,09:56:35,242.4,--,8,193920,买盘
1955,09:56:31,242.4,0.22,14,339360,买盘
1956,09:56:26,242.18,0.01,3,72654,买盘
1957,09:56:20,242.17,-0.01,2,48434,卖盘
1958,09:56:16,242.18,--,11,266398,卖盘
1959,09:56:11,242.18,-0.12,10,242180,卖盘
1960,09:56:05,242.3,0.11,46,1114580,买盘
1961,09:56:01,242.19,-0.01,9,217971,卖盘
1962,09:55:56,242.2,-0.19,22,532840,卖盘
1963,09:55:50,242.39,0.07,1,24239,买盘
1964,09:55:46,242.32,0.02,11,266552,卖盘
1965,09:55:41,242.3,--,7,169610,买盘
1966,09:55:35,242.3,0.01,1,24230,买盘
1967,09:55:31,242.29,-0.02,53,1284137,卖盘
1968,09:55:26,242.31,-0.08,9,218079,中性盘
1969,09:55:20,242.39,-0.01,1,24239,中性盘
1970,09:55:16,242.4,--,215,5211600,买盘
1971,09:55:11,242.4,0.09,1,24240,买盘
1972,09:55:05,242.31,-0.09,8,193848,卖盘
1973,09:55:01,242.4,--,11,266640,买盘
1974,09:54:56,242.4,0.09,15,363600,买盘
1975,09:54:50,242.31,--,28,678468,卖盘
1976,09:54:46,242.31,-0.01,33,799623,卖盘
1977,09:54:41,242.32,--,6,145392,卖盘
1978,09:54:35,242.32,-0.08,2,48464,卖盘
1979,09:54:31,242.4,--,15,363600,买盘
1980,09:54:26,242.4,-0.46,61,1478640,卖盘
1981,09:54:20,242.86,0.36,1,24286,买盘
1982,09:54:16,242.5,-0.36,25,606250,卖盘
1983,09:54:11,242.86,0.31,2,48572,买盘
1984,09:54:05,242.55,-0.12,3,72765,卖盘
1985,09:53:59,242.67,0.17,4,97068,买盘
1986,09:53:56,242.5,-0.05,17,412250,卖盘
1987,09:53:50,242.55,0.05,2,48510,买盘
1988,09:53:41,242.5,0.02,3,72750,买盘
1989,09:53:35,242.48,-0.02,8,193984,卖盘
1990,09:53:29,242.5,0.02,1,24250,买盘
1991,09:53:26,242.48,0.04,1,24248,中性盘
1992,09:53:20,242.44,-0.01,3,72732,卖盘
1993,09:53:14,242.45,0.01,1,24245,买盘
1994,09:53:11,242.44,0.04,21,509124,中性盘
1995,09:53:05,242.4,--,5,121200,买盘
1996,09:52:59,242.4,--,8,193920,买盘
1997,09:52:56,242.4,0.04,3,72720,买盘
1998,09:52:50,242.36,0.05,4,96944,买盘
1999,09:52:44,242.31,0.01,6,145386,中性盘
2000,09:52:40,242.3,0.14,3,72690,买盘
2001,09:52:35,242.16,-0.14,14,339024,卖盘
2002,09:52:29,242.3,0.14,4,96920,买盘
2003,09:52:25,242.16,-0.14,5,121080,卖盘
2004,09:52:20,242.3,--,9,218070,买盘
2005,09:52:14,242.3,--,15,363450,买盘
2006,09:52:10,242.3,-0.01,18,436140,卖盘
2007,09:52:05,242.31,0.01,4,96924,买盘
2008,09:51:59,242.3,--,14,339220,卖盘
2009,09:51:55,242.3,--,7,169610,买盘
2010,09:51:50,242.3,0.08,56,1356880,买盘
2011,09:51:44,242.22,-0.08,2,48444,中性盘
2012,09:51:40,242.3,0.16,8,193840,买盘
2013,09:51:35,242.14,-0.01,18,435852,卖盘
2014,09:51:29,242.15,--,4,101218,买盘
2015,09:51:25,242.15,--,83,2009845,卖盘
2016,09:51:20,242.15,--,3,72645,卖盘
2017,09:51:14,242.15,-0.04,8,193720,卖盘
2018,09:51:10,242.19,-0.06,10,242190,中性盘
2019,09:51:05,242.25,0.12,75,1837466,买盘
2020,09:50:59,242.13,-0.02,19,460047,卖盘
2021,09:50:55,242.15,-0.05,258,6247954,卖盘
2022,09:50:50,242.2,-0.05,12,290640,卖盘
2023,09:50:44,242.25,0.03,3,72675,卖盘
2024,09:50:40,242.22,0.02,6,145332,买盘
2025,09:50:35,242.2,--,25,605500,买盘
2026,09:50:29,242.2,-0.02,17,411740,卖盘
2027,09:50:25,242.22,0.02,43,1041546,中性盘
2028,09:50:20,242.2,--,40,968800,卖盘
2029,09:50:14,242.2,--,9,217980,卖盘
2030,09:50:10,242.2,0.07,60,1453200,买盘
2031,09:50:04,242.13,--,46,1113798,卖盘
2032,09:49:59,242.13,-0.01,44,1065372,卖盘
2033,09:49:55,242.14,-0.06,50,1210700,卖盘
2034,09:49:50,242.2,0.07,52,1259440,中性盘
2035,09:49:44,242.13,-0.03,18,435834,卖盘
2036,09:49:40,242.16,-0.02,10,242160,中性盘
2037,09:49:34,242.18,-0.19,19,460142,中性盘
2038,09:49:29,242.37,0.25,12,290844,买盘
2039,09:49:25,242.12,-0.25,27,653724,中性盘
2040,09:49:20,242.37,-0.1,17,412029,中性盘
2041,09:49:14,242.47,-0.03,1,24247,买盘
2042,09:49:10,242.5,-0.05,101,2449250,卖盘
2043,09:49:05,242.55,-0.11,29,703395,卖盘
2044,09:48:59,242.66,-0.04,18,436788,卖盘
2045,09:48:55,242.7,0.03,4,97080,中性盘
2046,09:48:50,242.67,-0.21,17,412539,卖盘
2047,09:48:44,242.88,-0.12,2,48576,卖盘
2048,09:48:40,243.0,-0.05,172,4195395,卖盘
2049,09:48:35,243.05,-0.06,31,753455,卖盘
2050,09:48:29,243.11,0.01,2,48622,买盘
2051,09:48:25,243.1,-0.01,8,194480,卖盘
2052,09:48:20,243.11,-0.19,180,4375980,卖盘
2053,09:48:14,243.3,0.12,5,121650,买盘
2054,09:48:10,243.18,-0.22,158,3842244,卖盘
2055,09:48:05,243.4,0.06,3,73020,买盘
2056,09:47:59,243.34,-0.06,4,97336,卖盘
2057,09:47:55,243.4,--,5,121700,买盘
2058,09:47:50,243.4,--,11,267740,买盘
2059,09:47:44,243.4,-0.04,37,900580,卖盘
2060,09:47:40,243.44,-0.05,5,121720,卖盘
2061,09:47:34,243.49,-0.01,2,48698,中性盘
2062,09:47:29,243.5,-0.08,21,511350,卖盘
2063,09:47:25,243.58,-0.02,2,48716,卖盘
2064,09:47:19,243.6,-0.01,17,414120,买盘
2065,09:47:14,243.61,0.01,4,97444,买盘
2066,09:47:10,243.6,-0.09,6,146160,卖盘
2067,09:47:05,243.69,--,14,341166,中性盘
2068,09:46:59,243.69,-0.01,3,73107,中性盘
2069,09:46:53,243.7,0.01,31,755470,买盘
2070,09:46:50,243.69,-0.02,6,146214,卖盘
2071,09:46:44,243.71,0.01,10,243710,买盘
2072,09:46:38,243.7,-0.01,5,121850,卖盘
2073,09:46:35,243.71,--,4,97484,买盘
2074,09:46:29,243.71,0.01,2,48742,买盘
2075,09:46:23,243.7,--,2,48740,中性盘
2076,09:46:20,243.7,-0.01,3,73110,中性盘
2077,09:46:14,243.71,--,4,97484,卖盘
2078,09:46:08,243.71,0.01,1,24371,卖盘
2079,09:46:04,243.7,--,0,0,卖盘
2080,09:45:59,243.7,-0.05,4,97480,卖盘
2081,09:45:50,243.75,-0.05,7,170625,卖盘
2082,09:45:44,243.8,0.05,2,48760,中性盘
2083,09:45:34,243.75,-0.05,3,73125,卖盘
2084,09:45:29,243.8,-0.08,7,170660,中性盘
2085,09:45:23,243.88,--,5,121940,卖盘
2086,09:45:19,243.88,--,3,73164,卖盘
2087,09:45:14,243.88,--,2,48776,卖盘
2088,09:45:08,243.88,--,0,0,卖盘
2089,09:45:04,243.88,-0.12,19,463372,卖盘
2090,09:44:59,244.0,-0.01,9,219600,卖盘
2091,09:44:53,244.01,--,14,341614,卖盘
2092,09:44:49,244.01,--,16,390416,卖盘
2093,09:44:44,244.01,0.01,2,48802,卖盘
2094,09:44:38,244.0,-0.1,4,97600,卖盘
2095,09:44:34,244.1,-0.03,6,146460,卖盘
2096,09:44:29,244.13,-0.1,1,24413,中性盘
2097,09:44:23,244.23,-0.04,3,73269,买盘
2098,09:44:19,244.27,-0.08,26,635102,卖盘
2099,09:44:13,244.35,-0.03,49,1197315,卖盘
2100,09:44:08,244.38,--,1,24438,买盘
2101,09:44:04,244.38,--,17,415446,卖盘
2102,09:43:59,244.38,-0.01,11,268818,卖盘
2103,09:43:53,244.39,0.01,1,24439,买盘
2104,09:43:49,244.38,-0.01,36,879768,卖盘
2105,09:43:43,244.39,--,8,195512,卖盘
2106,09:43:38,244.39,--,0,0,卖盘
2107,09:43:34,244.39,-0.01,26,635414,卖盘
2108,09:43:28,244.4,--,14,342160,卖盘
2109,09:43:19,244.4,-0.08,4,97760,卖盘
2110,09:43:13,244.48,0.06,8,195584,买盘
2111,09:43:08,244.42,-0.06,2,48884,卖盘
2112,09:43:04,244.48,0.05,12,293376,买盘
2113,09:42:59,244.43,0.01,3,73329,中性盘
2114,09:42:53,244.42,-0.01,1,24442,卖盘
2115,09:42:49,244.43,-0.02,21,513303,卖盘
2116,09:42:43,244.45,-0.02,4,97780,卖盘
2117,09:42:38,244.47,--,3,73341,卖盘
2118,09:42:34,244.47,0.02,7,171129,买盘
2119,09:42:28,244.45,0.05,9,225138,买盘
2120,09:42:23,244.4,-0.01,1,24440,卖盘
2121,09:42:19,244.41,0.01,6,146646,买盘
2122,09:42:13,244.4,--,2,48880,买盘
2123,09:42:08,244.4,--,2,48880,买盘
2124,09:42:04,244.4,-0.05,14,342160,买盘
2125,09:41:58,244.45,0.05,7,171115,买盘
2126,09:41:53,244.4,--,6,146640,卖盘
2127,09:41:49,244.4,-0.02,11,268840,卖盘
2128,09:41:43,244.42,0.02,10,244420,中性盘
2129,09:41:38,244.4,--,3,73320,卖盘
2130,09:41:34,244.4,--,6,146640,卖盘
2131,09:41:28,244.4,0.01,8,195520,买盘
2132,09:41:23,244.39,-0.01,7,171073,卖盘
2133,09:41:19,244.4,0.01,11,268840,买盘
2134,09:41:13,244.39,-0.01,7,171073,卖盘
2135,09:41:04,244.4,-0.05,9,219960,卖盘
2136,09:40:58,244.45,0.03,4,97780,中性盘
2137,09:40:53,244.42,-0.03,7,171094,卖盘
2138,09:40:49,244.45,--,5,122225,买盘
2139,09:40:43,244.45,-0.05,7,171115,卖盘
2140,09:40:38,244.5,--,6,146700,卖盘
2141,09:40:34,244.5,--,5,122250,卖盘
2142,09:40:28,244.5,0.02,36,880200,买盘
2143,09:40:23,244.48,--,2,48896,中性盘
2144,09:40:19,244.48,-0.02,3,73344,卖盘
2145,09:40:13,244.5,0.11,4,97800,卖盘
2146,09:40:08,244.39,--,0,0,卖盘
2147,09:40:02,244.39,-0.15,1,24439,卖盘
2148,09:39:58,244.54,--,8,195632,买盘
2149,09:39:53,244.54,0.06,11,268994,买盘
2150,09:39:47,244.48,-0.02,4,97792,中性盘
2151,09:39:43,244.5,--,6,146700,中性盘
2152,09:39:38,244.5,-0.01,15,366750,买盘
2153,09:39:32,244.51,0.01,33,806883,买盘
2154,09:39:28,244.5,-0.04,48,1173600,卖盘
2155,09:39:23,244.54,-0.01,14,342356,卖盘
2156,09:39:17,244.55,--,11,269005,买盘
2157,09:39:13,244.55,0.17,1,24455,中性盘
2158,09:39:08,244.38,-0.16,214,5229732,卖盘
2159,09:39:02,244.54,0.1,9,220086,买盘
2160,09:38:58,244.44,-0.06,19,464436,卖盘
2161,09:38:53,244.5,-0.07,16,391200,中性盘
2162,09:38:47,244.57,0.02,125,3057125,买盘
2163,09:38:43,244.55,0.05,9,220095,买盘
2164,09:38:38,244.5,-0.07,56,1369200,卖盘
2165,09:38:32,244.57,--,8,195656,买盘
2166,09:38:28,244.57,--,22,538054,买盘
2167,09:38:23,244.57,-0.03,22,538054,卖盘
2168,09:38:17,244.6,0.01,2,48920,买盘
2169,09:38:13,244.59,0.02,2,48918,中性盘
2170,09:38:07,244.57,0.13,8,195656,买盘
2171,09:38:02,244.44,0.11,12,293328,买盘
2172,09:37:58,244.33,-0.02,12,293196,卖盘
2173,09:37:52,244.35,0.02,12,293220,买盘
2174,09:37:47,244.33,--,6,146598,买盘
2175,09:37:43,244.33,--,15,366495,买盘
2176,09:37:37,244.33,--,0,0,买盘
2177,09:37:32,244.33,0.03,21,513093,买盘
2178,09:37:28,244.3,0.2,6,146580,买盘
2179,09:37:22,244.1,-0.2,7,170870,卖盘
2180,09:37:17,244.3,0.3,2,48860,买盘
2181,09:37:13,244.0,--,1,24400,卖盘
2182,09:37:07,244.0,--,4,97600,卖盘
2183,09:37:02,244.0,--,4,97600,买盘
2184,09:36:58,244.0,0.1,26,634400,买盘
2185,09:36:52,243.9,--,38,926820,买盘
2186,09:36:47,243.9,--,1,24390,买盘
2187,09:36:43,243.9,0.17,2,48780,买盘
2188,09:36:37,243.73,0.02,1,24373,卖盘
2189,09:36:32,243.71,-0.09,2,48742,中性盘
2190,09:36:28,243.8,0.08,2,48760,买盘
2191,09:36:22,243.72,0.04,7,170604,买盘
2192,09:36:17,243.68,0.08,2,48736,买盘
2193,09:36:13,243.6,-0.08,6,146160,卖盘
2194,09:36:07,243.68,0.08,7,170576,买盘
2195,09:36:02,243.6,--,1,24360,卖盘
2196,09:35:58,243.6,--,66,1612144,买盘
2197,09:35:52,243.6,--,100,2436000,买盘
2198,09:35:47,243.6,--,16,389760,买盘
2199,09:35:43,243.6,--,40,974400,买盘
2200,09:35:37,243.6,--,94,2289840,买盘
2201,09:35:32,243.6,--,17,414120,买盘
2202,09:35:28,243.6,0.02,147,3580920,买盘
2203,09:35:22,243.58,--,2,48716,卖盘
2204,09:35:17,243.58,-0.01,3,73074,卖盘
2205,09:35:13,243.59,--,51,1262283,买盘
2206,09:35:07,243.59,0.09,21,511539,买盘
2207,09:35:02,243.5,-0.07,6,146100,卖盘
2208,09:34:58,243.57,-0.01,21,511497,中性盘
2209,09:34:52,243.58,0.08,12,296680,买盘
2210,09:34:47,243.5,--,0,0,卖盘
2211,09:34:43,243.5,0.01,8,194800,卖盘
2212,09:34:37,243.49,0.07,5,121745,买盘
2213,09:34:32,243.42,-0.08,8,194736,卖盘
2214,09:34:28,243.5,--,0,0,中性盘
2215,09:34:22,243.5,0.14,4,97400,买盘
2216,09:34:17,243.36,-0.04,4,97344,卖盘
2217,09:34:13,243.4,0.05,10,252162,买盘
2218,09:34:07,243.35,-0.05,8,194680,卖盘
2219,09:34:02,243.4,0.05,3,73020,买盘
2220,09:33:57,243.35,-0.05,5,121675,卖盘
2221,09:33:52,243.4,--,17,413780,卖盘
2222,09:33:47,243.4,--,14,340760,卖盘
2223,09:33:42,243.4,--,17,413780,卖盘
2224,09:33:37,243.4,0.06,20,486800,买盘
2225,09:33:32,243.34,--,2,48668,买盘
2226,09:33:27,243.34,--,3,73002,买盘
2227,09:33:22,243.34,0.02,20,486680,中性盘
2228,09:33:17,243.32,-0.12,4,97328,卖盘
2229,09:33:12,243.44,-0.02,11,267784,中性盘
2230,09:33:07,243.46,0.14,3,73038,买盘
2231,09:33:02,243.32,--,0,0,卖盘
2232,09:32:58,243.32,-0.1,36,875952,卖盘
2233,09:32:52,243.42,0.1,15,365130,中性盘
2234,09:32:47,243.32,--,13,316316,卖盘
2235,09:32:41,243.32,-0.12,3,72996,卖盘
2236,09:32:37,243.44,0.12,6,146064,买盘
2237,09:32:32,243.32,0.1,2,48664,买盘
2238,09:32:26,243.22,0.11,6,145932,中性盘
2239,09:32:22,243.11,-0.21,112,2722832,卖盘
2240,09:32:17,243.32,0.21,4,97328,买盘
2241,09:32:11,243.11,-0.21,19,461909,卖盘
2242,09:32:07,243.32,0.12,4,97328,买盘
2243,09:32:02,243.2,0.17,9,218880,买盘
2244,09:31:52,243.03,-0.1,128,3110784,卖盘
2245,09:31:46,243.13,0.03,23,567708,买盘
2246,09:31:41,243.1,0.08,5,121550,买盘
2247,09:31:37,243.02,-0.09,31,753362,卖盘
2248,09:31:31,243.11,--,86,2090746,买盘
2249,09:31:22,243.11,--,7,170177,卖盘
2250,09:31:16,243.11,-0.05,109,2649899,卖盘
2251,09:31:11,243.16,-0.34,1,24316,中性盘
2252,09:31:07,243.5,0.28,56,1363600,买盘
2253,09:31:01,243.22,-0.1,12,291864,卖盘
2254,09:30:56,243.32,-0.18,3,72996,中性盘
2255,09:30:52,243.5,0.18,65,1582750,买盘
2256,09:30:46,243.32,0.02,7,170324,买盘
2257,09:30:37,243.3,0.17,3,72990,中性盘
2258,09:30:31,243.13,--,31,753703,卖盘
2259,09:30:26,243.13,--,2,48626,卖盘
2260,09:30:22,243.13,--,30,729390,卖盘
2261,09:30:16,243.13,0.03,26,632138,中性盘
2262,09:30:11,243.1,-0.5,1,24310,卖盘
2263,09:30:07,243.6,0.03,211,5139960,买盘
2264,09:30:01,243.57,-0.13,56,1363992,卖盘
2265,09:28:44,243.7,--,0,0,买盘
2266,09:25:04,243.7,243.7,113,2753810,买盘
