,time,price,change,volume,amount,type
0,15:00:00,3.74,--,0,0,卖盘
1,15:00:00,3.74,-0.01,0,0,卖盘
2,14:59:58,3.75,--,108,40500,买盘
3,14:59:52,3.75,0.01,218,81750,买盘
4,14:59:46,3.74,--,326,121924,卖盘
5,14:59:43,3.74,--,197,73678,卖盘
6,14:59:37,3.74,-0.01,249,93126,卖盘
7,14:59:31,3.75,0.01,314,117750,买盘
8,14:59:28,3.74,--,54,20196,卖盘
9,14:59:13,3.74,--,22,8228,卖盘
10,14:59:01,3.74,--,607,227018,卖盘
11,14:58:53,3.74,-0.01,54,20196,卖盘
12,14:58:46,3.75,--,56,21000,买盘
13,14:58:43,3.75,0.01,223,83625,买盘
14,14:58:37,3.74,-0.01,44,16456,卖盘
15,14:58:28,3.75,0.01,120,45000,买盘
16,14:58:23,3.74,-0.01,31,11594,卖盘
17,14:58:16,3.75,--,4,1500,买盘
18,14:58:13,3.75,0.01,2,750,买盘
19,14:58:07,3.74,--,150,56100,卖盘
20,14:58:02,3.74,--,525,196350,卖盘
21,14:57:58,3.74,--,2,748,卖盘
22,14:57:52,3.74,--,105,39270,卖盘
23,14:57:47,3.74,--,85,31790,卖盘
24,14:57:43,3.74,--,140,52360,卖盘
25,14:57:37,3.74,--,54,20196,卖盘
26,14:57:32,3.74,--,80,29920,卖盘
27,14:57:10,3.74,--,100,37400,卖盘
28,14:57:07,3.74,-0.01,30,11220,卖盘
29,14:57:01,3.75,0.01,317,118875,买盘
30,14:56:52,3.74,--,17,6358,卖盘
31,14:56:46,3.74,-0.01,530,198220,卖盘
32,14:56:41,3.75,0.01,104,39000,买盘
33,14:56:37,3.74,--,250,93500,卖盘
34,14:56:27,3.74,--,155,57970,卖盘
35,14:56:22,3.74,--,160,59840,卖盘
36,14:56:16,3.74,-0.01,4,1496,卖盘
37,14:56:07,3.75,0.01,320,120000,买盘
38,14:56:01,3.74,--,100,37400,卖盘
39,14:55:52,3.74,-0.01,1,374,卖盘
40,14:55:46,3.75,0.01,85,31875,买盘
41,14:55:41,3.74,--,5,1870,卖盘
42,14:55:37,3.74,-0.01,1173,438889,卖盘
43,14:55:31,3.75,--,248,93000,买盘
44,14:55:23,3.75,0.01,246,92250,买盘
45,14:55:10,3.74,-0.01,30,11220,卖盘
46,14:55:07,3.75,--,6,2250,买盘
47,14:54:52,3.75,0.01,17,6375,买盘
48,14:54:46,3.74,-0.01,511,191114,卖盘
49,14:54:38,3.75,0.01,246,92250,买盘
50,14:54:31,3.74,--,22,8228,卖盘
51,14:54:25,3.74,-0.01,79,29546,卖盘
52,14:54:22,3.75,--,254,95250,买盘
53,14:54:07,3.75,0.01,315,118125,买盘
54,14:54:02,3.74,--,259,96866,卖盘
55,14:53:55,3.74,--,91,34034,卖盘
56,14:53:52,3.74,-0.01,43,16082,卖盘
57,14:53:46,3.75,--,246,92250,买盘
58,14:53:37,3.75,--,5,1875,买盘
59,14:53:31,3.75,--,535,200625,买盘
60,14:53:25,3.75,0.01,266,99750,买盘
61,14:53:22,3.74,-0.01,72,26928,卖盘
62,14:53:16,3.75,--,246,92250,买盘
63,14:53:10,3.75,--,1,375,买盘
64,14:53:07,3.75,--,248,93000,买盘
65,14:52:55,3.75,0.01,510,191250,买盘
66,14:52:52,3.74,-0.01,27,10098,卖盘
67,14:52:46,3.75,0.01,253,94875,买盘
68,14:52:37,3.74,--,25,9350,卖盘
69,14:52:31,3.74,-0.01,16,5984,卖盘
70,14:52:25,3.75,--,246,92250,买盘
71,14:52:22,3.75,0.01,72,27000,买盘
72,14:52:16,3.74,--,7,2618,卖盘
73,14:52:07,3.74,--,276,103224,卖盘
74,14:52:01,3.74,-0.01,20,7480,卖盘
75,14:51:52,3.75,0.01,746,279750,买盘
76,14:51:46,3.74,--,100,37400,卖盘
77,14:51:40,3.74,-0.01,10,3740,卖盘
78,14:51:37,3.75,0.01,270,101250,买盘
79,14:51:31,3.74,-0.01,50,18700,卖盘
80,14:51:25,3.75,--,164,61500,买盘
81,14:51:16,3.75,0.01,649,243375,买盘
82,14:51:10,3.74,-0.01,24,8976,卖盘
83,14:51:07,3.75,--,223,83625,买盘
84,14:51:01,3.75,--,397,148875,买盘
85,14:50:40,3.75,--,51,19125,买盘
86,14:50:37,3.75,0.01,218,81750,买盘
87,14:50:31,3.74,--,2176,813824,卖盘
88,14:50:25,3.74,--,8,2992,卖盘
89,14:50:21,3.74,-0.01,100,37400,卖盘
90,14:50:16,3.75,0.01,115,43125,买盘
91,14:50:10,3.74,-0.01,569,212806,卖盘
92,14:50:06,3.75,0.01,200,75000,买盘
93,14:50:01,3.74,--,62,23188,卖盘
94,14:49:55,3.74,--,229,85646,卖盘
95,14:49:40,3.74,--,67,25058,卖盘
96,14:49:36,3.74,-0.01,46,17204,卖盘
97,14:49:31,3.75,0.01,60,22500,买盘
98,14:49:19,3.74,--,470,175780,卖盘
99,14:49:16,3.74,--,108,40392,卖盘
100,14:49:10,3.74,--,26,9724,卖盘
101,14:49:06,3.74,--,212,79288,卖盘
102,14:48:46,3.74,-0.01,2750,1028500,卖盘
103,14:48:40,3.75,--,43,16125,买盘
104,14:48:25,3.75,0.01,65,24375,买盘
105,14:48:20,3.74,--,10,3740,卖盘
106,14:48:16,3.74,--,42,15708,卖盘
107,14:48:10,3.74,-0.01,13,4862,卖盘
108,14:48:01,3.75,0.01,25,9375,买盘
109,14:47:46,3.74,--,4,1496,卖盘
110,14:47:40,3.74,-0.01,20,7480,卖盘
111,14:47:34,3.75,0.01,110,41250,买盘
112,14:47:31,3.74,-0.01,1,374,卖盘
113,14:47:25,3.75,0.01,3,1125,买盘
114,14:47:10,3.74,--,32,11968,卖盘
115,14:47:04,3.74,--,42,15708,卖盘
116,14:47:01,3.74,-0.01,26,9724,卖盘
117,14:46:55,3.75,--,14,5250,买盘
118,14:46:49,3.75,0.01,23,8625,买盘
119,14:46:46,3.74,--,9,3366,卖盘
120,14:46:40,3.74,--,7,2618,卖盘
121,14:46:34,3.74,--,50,18700,卖盘
122,14:46:31,3.74,-0.01,3,1122,卖盘
123,14:46:25,3.75,--,8,3000,买盘
124,14:46:19,3.75,0.01,23,8625,买盘
125,14:46:16,3.74,--,25,9350,卖盘
126,14:46:10,3.74,--,5,1870,卖盘
127,14:46:01,3.74,-0.01,3,1122,卖盘
128,14:45:55,3.75,0.01,27,10125,买盘
129,14:45:49,3.74,--,96,35904,卖盘
130,14:45:46,3.74,--,23,8602,卖盘
131,14:45:40,3.74,--,57,21318,卖盘
132,14:45:34,3.74,--,100,37400,卖盘
133,14:45:31,3.74,--,2,748,卖盘
134,14:45:25,3.74,--,69,25806,卖盘
135,14:45:19,3.74,--,41,15334,卖盘
136,14:45:10,3.74,-0.01,3,1122,卖盘
137,14:45:01,3.75,--,311,116625,买盘
138,14:44:55,3.75,0.01,3256,1221000,买盘
139,14:44:49,3.74,-0.01,3,1122,卖盘
140,14:44:46,3.75,0.01,323,121125,买盘
141,14:44:40,3.74,--,2,748,卖盘
142,14:44:34,3.74,--,19,7106,卖盘
143,14:44:31,3.74,-0.01,3,1122,卖盘
144,14:44:25,3.75,--,732,274500,买盘
145,14:44:19,3.75,0.01,24,9000,买盘
146,14:44:10,3.74,-0.01,6,2244,卖盘
147,14:44:04,3.75,0.01,510,191250,买盘
148,14:44:01,3.74,--,47,17578,卖盘
149,14:43:55,3.74,--,385,143990,卖盘
150,14:43:49,3.74,--,22,8228,卖盘
151,14:43:46,3.74,--,1,374,卖盘
152,14:43:40,3.74,--,3,1122,卖盘
153,14:43:34,3.74,-0.01,703,262922,卖盘
154,14:43:25,3.75,--,66,24750,买盘
155,14:43:19,3.75,--,27,10125,买盘
156,14:43:10,3.75,0.01,6,2250,买盘
157,14:43:04,3.74,--,3,1122,卖盘
158,14:42:55,3.74,--,2,748,卖盘
159,14:42:49,3.74,-0.01,28,10472,卖盘
160,14:42:45,3.75,0.01,104,39000,买盘
161,14:42:40,3.74,--,2,748,卖盘
162,14:42:34,3.74,--,3,1122,卖盘
163,14:42:19,3.74,--,13,4862,卖盘
164,14:42:15,3.74,--,34,12716,卖盘
165,14:42:10,3.74,-0.01,17,6358,卖盘
166,14:42:04,3.75,0.01,178,66750,买盘
167,14:41:55,3.74,--,110,41140,卖盘
168,14:41:49,3.74,-0.01,110,41140,卖盘
169,14:41:43,3.75,0.01,55,20625,买盘
170,14:41:40,3.74,--,543,203082,卖盘
171,14:41:34,3.74,-0.01,101,37774,卖盘
172,14:41:30,3.75,0.01,208,78000,买盘
173,14:41:25,3.74,--,59,22066,卖盘
174,14:41:19,3.74,--,108,40392,卖盘
175,14:41:10,3.74,-0.01,32,11968,卖盘
176,14:41:04,3.75,0.01,17,6375,买盘
177,14:40:55,3.74,--,14,5236,卖盘
178,14:40:49,3.74,-0.01,57,21318,卖盘
179,14:40:40,3.75,0.01,9,3375,买盘
180,14:40:34,3.74,--,89,33286,卖盘
181,14:40:19,3.74,-0.01,51,19074,卖盘
182,14:40:13,3.75,0.01,24,9000,买盘
183,14:40:10,3.74,-0.01,3,1122,卖盘
184,14:40:04,3.75,0.01,4,1500,买盘
185,14:39:54,3.74,--,556,207944,卖盘
186,14:39:49,3.74,--,92,34408,卖盘
187,14:39:43,3.74,--,4,1496,卖盘
188,14:39:40,3.74,--,90,33660,卖盘
189,14:39:34,3.74,--,5,1870,卖盘
190,14:39:28,3.74,--,564,210936,卖盘
191,14:39:19,3.74,-0.01,3,1122,卖盘
192,14:39:13,3.75,0.01,23,8625,买盘
193,14:39:10,3.74,-0.01,3,1122,卖盘
194,14:39:04,3.75,0.01,596,223500,买盘
195,14:38:49,3.74,-0.01,67,25058,卖盘
196,14:38:40,3.75,0.01,100,37500,买盘
197,14:38:34,3.74,--,3,1122,卖盘
198,14:38:28,3.74,--,62,23345,卖盘
199,14:38:25,3.74,--,105,39457,卖盘
200,14:38:19,3.74,--,13,4862,卖盘
201,14:38:13,3.74,--,5,1870,卖盘
202,14:38:10,3.74,--,2,748,卖盘
203,14:38:04,3.74,-0.01,3,1122,卖盘
204,14:37:58,3.75,--,2,750,买盘
205,14:37:54,3.75,0.01,386,144750,买盘
206,14:37:49,3.74,--,89,33286,卖盘
207,14:37:40,3.74,--,164,61336,卖盘
208,14:37:34,3.74,--,3,1122,卖盘
209,14:37:25,3.74,--,86,32164,卖盘
210,14:37:19,3.74,--,3,1122,卖盘
211,14:37:13,3.74,--,50,18700,卖盘
212,14:37:10,3.74,-0.01,12,4488,卖盘
213,14:37:04,3.75,0.01,7,2625,买盘
214,14:36:58,3.74,-0.01,51,19074,卖盘
215,14:36:55,3.75,0.01,148,55500,买盘
216,14:36:49,3.74,-0.01,103,38522,卖盘
217,14:36:43,3.75,--,513,192375,买盘
218,14:36:34,3.75,0.01,2282,855750,买盘
219,14:36:28,3.74,--,234,87516,卖盘
220,14:36:19,3.74,-0.01,57,21318,卖盘
221,14:36:13,3.75,0.01,71,26625,买盘
222,14:36:04,3.74,--,111,41514,卖盘
223,14:35:49,3.74,-0.01,3,1122,卖盘
224,14:35:43,3.75,0.01,621,232875,买盘
225,14:35:39,3.74,-0.01,100,37400,卖盘
226,14:35:34,3.75,0.01,6,2250,买盘
227,14:35:28,3.74,--,11,4114,卖盘
228,14:35:19,3.74,--,27,10098,卖盘
229,14:35:13,3.74,--,3,1122,卖盘
230,14:35:04,3.74,--,3,1122,卖盘
231,14:34:58,3.74,--,435,162690,卖盘
232,14:34:52,3.74,--,300,112200,卖盘
233,14:34:49,3.74,-0.01,8,2992,卖盘
234,14:34:43,3.75,0.01,854,320250,买盘
235,14:34:37,3.74,--,1,374,卖盘
236,14:34:34,3.74,--,20,7480,卖盘
237,14:34:28,3.74,--,88,32912,卖盘
238,14:34:19,3.74,--,74,27676,卖盘
239,14:34:13,3.74,-0.01,30,11220,卖盘
240,14:34:09,3.75,--,41,15375,买盘
241,14:34:04,3.75,--,51,19125,买盘
242,14:33:58,3.75,--,53,19875,买盘
243,14:33:54,3.75,0.01,130,48750,买盘
244,14:33:49,3.74,-0.01,5,1870,卖盘
245,14:33:43,3.75,--,97,36375,买盘
246,14:33:37,3.75,--,54,20250,买盘
247,14:33:34,3.75,--,398,149250,买盘
248,14:33:28,3.75,0.01,661,247875,买盘
249,14:33:22,3.74,--,73,27302,买盘
250,14:33:19,3.74,-0.01,908,339592,卖盘
251,14:33:13,3.75,0.01,3266,1224750,买盘
252,14:33:06,3.74,--,235,87890,买盘
253,14:33:04,3.74,--,283,105842,买盘
254,14:32:51,3.74,0.01,1,374,买盘
255,14:32:49,3.73,-0.01,155,57815,卖盘
256,14:32:43,3.74,0.01,61,22814,买盘
257,14:32:34,3.73,-0.01,22,8206,卖盘
258,14:32:28,3.74,--,41,15334,买盘
259,14:32:22,3.74,0.01,41,15334,买盘
260,14:32:19,3.73,--,537,200301,卖盘
261,14:32:13,3.73,--,3,1119,卖盘
262,14:32:07,3.73,-0.01,7,2611,卖盘
263,14:32:04,3.74,0.01,111,41514,买盘
264,14:31:48,3.73,-0.01,105,39165,卖盘
265,14:31:43,3.74,--,243,90882,买盘
266,14:31:34,3.74,0.01,14,5236,买盘
267,14:31:28,3.73,--,53,19769,卖盘
268,14:31:19,3.73,-0.01,3,1119,卖盘
269,14:31:13,3.74,0.01,26,9724,买盘
270,14:31:04,3.73,--,3,1119,卖盘
271,14:30:58,3.73,-0.01,53,19769,卖盘
272,14:30:52,3.74,0.01,2,748,买盘
273,14:30:49,3.73,-0.01,6,2238,卖盘
274,14:30:43,3.74,--,5,1870,买盘
275,14:30:36,3.74,--,1,374,买盘
276,14:30:33,3.74,0.01,2,748,买盘
277,14:30:28,3.73,-0.01,27,10071,卖盘
278,14:30:22,3.74,0.01,17,6358,买盘
279,14:30:19,3.73,--,3,1119,卖盘
280,14:30:13,3.73,-0.01,63,23499,卖盘
281,14:30:06,3.74,0.01,24,8976,买盘
282,14:30:04,3.73,--,96,35808,卖盘
283,14:29:58,3.73,-0.01,17,6341,卖盘
284,14:29:48,3.74,--,47,17578,买盘
285,14:29:43,3.74,--,68,25432,买盘
286,14:29:37,3.74,0.01,89,33286,买盘
287,14:29:28,3.73,--,206,76838,卖盘
288,14:29:22,3.73,-0.01,3,1119,卖盘
289,14:29:18,3.74,--,510,190740,买盘
290,14:29:13,3.74,--,587,219538,买盘
291,14:29:03,3.74,0.01,2106,787644,买盘
292,14:28:58,3.73,--,3,1119,卖盘
293,14:28:52,3.73,--,25,9440,卖盘
294,14:28:48,3.73,--,240,89520,卖盘
295,14:28:43,3.73,-0.01,3,1119,卖盘
296,14:28:37,3.74,0.01,24,8976,买盘
297,14:28:28,3.73,--,3,1119,卖盘
298,14:28:22,3.73,-0.01,149,55577,卖盘
299,14:28:18,3.74,--,4,1496,买盘
300,14:28:12,3.74,--,513,191862,买盘
301,14:28:07,3.74,--,124,46376,买盘
302,14:28:01,3.74,0.01,14,5236,买盘
303,14:27:58,3.73,--,3,1119,卖盘
304,14:27:51,3.73,-0.01,3,1119,卖盘
305,14:27:46,3.74,0.01,77,28798,买盘
306,14:27:43,3.73,--,203,75719,卖盘
307,14:27:37,3.73,-0.01,232,86536,卖盘
308,14:27:33,3.74,0.01,510,190740,买盘
309,14:27:28,3.73,-0.01,2,746,卖盘
310,14:27:22,3.74,0.01,1522,569228,买盘
311,14:27:13,3.73,--,27,10071,卖盘
312,14:27:07,3.73,--,47,17531,卖盘
313,14:26:58,3.73,--,3,1119,卖盘
314,14:26:52,3.73,--,17,6341,卖盘
315,14:26:43,3.73,-0.01,2,746,卖盘
316,14:26:37,3.74,0.01,539,201586,买盘
317,14:26:28,3.73,--,668,249164,卖盘
318,14:26:22,3.73,-0.01,9,3357,卖盘
319,14:26:13,3.74,0.01,536,200464,买盘
320,14:26:07,3.73,--,201,74973,卖盘
321,14:25:58,3.73,--,403,150319,卖盘
322,14:25:52,3.73,-0.01,346,129058,卖盘
323,14:25:43,3.74,--,16,5984,买盘
324,14:25:37,3.74,0.01,24,8976,买盘
325,14:25:28,3.73,--,396,147708,卖盘
326,14:25:21,3.73,--,5,1865,卖盘
327,14:25:16,3.73,--,107,39911,卖盘
328,14:25:12,3.73,--,3,1119,卖盘
329,14:24:57,3.73,--,2,746,卖盘
330,14:24:51,3.73,--,525,195825,卖盘
331,14:24:46,3.73,-0.01,29,10817,卖盘
332,14:24:43,3.74,--,363,135762,买盘
333,14:24:36,3.74,--,52,19448,买盘
334,14:24:30,3.74,0.01,1,374,买盘
335,14:24:27,3.73,-0.01,32,11936,卖盘
336,14:24:21,3.74,--,129,48246,买盘
337,14:24:16,3.74,0.01,34,12716,买盘
338,14:24:13,3.73,--,503,187619,卖盘
339,14:24:07,3.73,--,421,157033,卖盘
340,14:24:01,3.73,-0.01,21,7833,卖盘
341,14:23:57,3.74,0.01,345,129030,买盘
342,14:23:52,3.73,--,3,1119,卖盘
343,14:23:42,3.73,--,3,1119,卖盘
344,14:23:37,3.73,-0.01,24,8952,卖盘
345,14:23:31,3.74,0.01,387,144738,买盘
346,14:23:27,3.73,--,13,4849,卖盘
347,14:23:21,3.73,--,60,22380,卖盘
348,14:23:15,3.73,-0.01,10,3730,卖盘
349,14:23:13,3.74,--,51,19074,买盘
350,14:23:06,3.74,0.01,544,203456,买盘
351,14:23:01,3.73,--,1646,613958,卖盘
352,14:22:58,3.73,--,3,1119,卖盘
353,14:22:51,3.73,-0.01,48,17904,卖盘
354,14:22:46,3.74,0.01,45,16830,买盘
355,14:22:42,3.73,--,13,4849,卖盘
356,14:22:37,3.73,--,75,27975,卖盘
357,14:22:27,3.73,--,12,4476,卖盘
358,14:22:22,3.73,--,93,34689,卖盘
359,14:22:16,3.73,--,42,15666,卖盘
360,14:22:12,3.73,--,18,6714,卖盘
361,14:22:07,3.73,--,69,25737,卖盘
362,14:22:01,3.73,--,65,24245,卖盘
363,14:21:57,3.73,--,100,37300,卖盘
364,14:21:52,3.73,--,2,746,卖盘
365,14:21:45,3.73,--,54,20142,卖盘
366,14:21:42,3.73,--,33,12309,卖盘
367,14:21:37,3.73,--,11,4103,卖盘
368,14:21:31,3.73,-0.01,403,150319,卖盘
369,14:21:21,3.74,0.01,42,15708,买盘
370,14:21:11,3.73,--,2,746,卖盘
371,14:21:06,3.73,--,108,40284,卖盘
372,14:21:01,3.73,-0.01,680,253640,卖盘
373,14:20:54,3.74,--,56,20944,买盘
374,14:20:52,3.74,0.01,911,340714,买盘
375,14:20:46,3.73,--,69,25737,卖盘
376,14:20:39,3.73,--,136,50728,卖盘
377,14:20:37,3.73,-0.01,322,120106,卖盘
378,14:20:31,3.74,0.01,4,1496,买盘
379,14:20:27,3.73,--,4,1492,卖盘
380,14:20:22,3.73,-0.01,103,38419,卖盘
381,14:20:16,3.74,0.01,30,11220,买盘
382,14:20:10,3.73,--,617,230141,卖盘
383,14:20:07,3.73,--,226,84298,卖盘
384,14:20:00,3.73,--,108,40284,卖盘
385,14:19:57,3.73,--,54,20142,卖盘
386,14:19:52,3.73,--,273,101829,卖盘
387,14:19:46,3.73,--,142,52966,卖盘
388,14:19:42,3.73,--,566,211118,卖盘
389,14:19:36,3.73,-0.01,133,49609,卖盘
390,14:19:31,3.74,0.01,470,175780,买盘
391,14:19:22,3.73,--,57,21261,卖盘
392,14:19:16,3.73,-0.01,154,57442,卖盘
393,14:19:09,3.74,0.01,462,172903,买盘
394,14:19:07,3.73,-0.01,54,20142,卖盘
395,14:19:00,3.74,0.01,87,32538,买盘
396,14:18:54,3.73,--,94,35062,卖盘
397,14:18:52,3.73,--,3,1119,卖盘
398,14:18:39,3.73,--,2,746,卖盘
399,14:18:36,3.73,--,218,81314,卖盘
400,14:18:30,3.73,-0.01,57,21261,卖盘
401,14:18:25,3.74,--,14,5236,买盘
402,14:18:21,3.74,--,17,6358,买盘
403,14:18:09,3.74,0.01,40,14960,买盘
404,14:18:06,3.73,--,34,12682,卖盘
405,14:18:00,3.73,--,57,21261,卖盘
406,14:17:51,3.73,-0.01,2,746,卖盘
407,14:17:45,3.74,0.01,17,6358,买盘
408,14:17:39,3.73,--,3,1119,卖盘
409,14:17:30,3.73,--,3,1119,卖盘
410,14:17:21,3.73,--,88,32824,卖盘
411,14:17:09,3.73,-0.01,2,746,卖盘
412,14:17:00,3.74,--,165,61710,买盘
413,14:16:51,3.74,0.01,132,49368,买盘
414,14:16:36,3.73,-0.01,49,18277,卖盘
415,14:16:30,3.74,0.01,55,20570,买盘
416,14:16:21,3.73,-0.01,2,746,卖盘
417,14:16:15,3.74,0.01,31,11594,买盘
418,14:16:09,3.73,--,3,1119,卖盘
419,14:16:06,3.73,--,50,18650,卖盘
420,14:16:00,3.73,--,3,1119,卖盘
421,14:15:51,3.73,-0.01,73,27229,卖盘
422,14:15:45,3.74,0.01,46,17204,买盘
423,14:15:36,3.73,--,3,1119,卖盘
424,14:15:30,3.73,-0.01,12,4476,卖盘
425,14:15:21,3.74,--,62,23188,买盘
426,14:15:16,3.74,0.01,5,1870,买盘
427,14:15:10,3.73,--,4,1492,卖盘
428,14:15:06,3.73,--,3,1119,卖盘
429,14:15:01,3.73,-0.01,3,1119,卖盘
430,14:14:54,3.74,0.01,87,32538,买盘
431,14:14:50,3.73,--,2,746,卖盘
432,14:14:45,3.73,--,200,74600,卖盘
433,14:14:39,3.73,--,573,213729,卖盘
434,14:14:34,3.73,-0.01,7,2611,卖盘
435,14:14:31,3.74,0.01,18,6732,买盘
436,14:14:25,3.73,--,54,20142,卖盘
437,14:14:21,3.73,--,3,1119,卖盘
438,14:14:09,3.73,-0.01,82,30586,卖盘
439,14:14:01,3.74,0.01,21,7854,买盘
440,14:13:49,3.73,-0.01,3,1119,卖盘
441,14:13:39,3.74,0.01,1409,526966,买盘
442,14:13:30,3.73,-0.01,3,1119,卖盘
443,14:13:24,3.74,0.01,20,7480,买盘
444,14:13:18,3.73,-0.01,2,746,卖盘
445,14:13:10,3.74,0.01,19,7106,买盘
446,14:13:00,3.73,--,3,1119,卖盘
447,14:12:49,3.73,--,3,1119,卖盘
448,14:12:45,3.73,--,58,21634,卖盘
449,14:12:40,3.73,-0.01,123,45879,卖盘
450,14:12:34,3.74,0.01,12,4488,买盘
451,14:12:30,3.73,--,3,1119,卖盘
452,14:12:24,3.73,-0.01,513,191349,卖盘
453,14:12:20,3.74,--,513,191862,买盘
454,14:12:15,3.74,0.01,810,302940,买盘
455,14:12:09,3.73,--,3,1119,卖盘
456,14:12:01,3.73,--,17,6341,卖盘
457,14:11:54,3.73,--,100,37300,卖盘
458,14:11:49,3.73,--,4,1492,卖盘
459,14:11:39,3.73,-0.01,13,4849,卖盘
460,14:11:34,3.74,0.01,1,374,买盘
461,14:11:30,3.73,--,3,1119,卖盘
462,14:11:25,3.73,--,10,3730,卖盘
463,14:11:19,3.73,-0.01,2,746,卖盘
464,14:11:15,3.74,0.01,42,15708,买盘
465,14:11:09,3.73,-0.01,44,16412,卖盘
466,14:11:04,3.74,0.01,379,141746,买盘
467,14:11:00,3.73,-0.01,3,1119,卖盘
468,14:10:54,3.74,--,343,128282,买盘
469,14:10:48,3.74,0.01,61,22814,买盘
470,14:10:45,3.73,-0.01,364,135772,卖盘
471,14:10:39,3.74,0.01,38,14212,买盘
472,14:10:30,3.73,--,3,1119,卖盘
473,14:10:18,3.73,--,2,746,卖盘
474,14:10:15,3.73,--,4,1492,卖盘
475,14:10:09,3.73,--,4,1492,卖盘
476,14:10:03,3.73,--,76,28348,卖盘
477,14:10:00,3.73,--,38,14174,卖盘
478,14:09:49,3.73,-0.01,3,1119,卖盘
479,14:09:45,3.74,0.01,68,25432,买盘
480,14:09:40,3.73,--,3,1119,卖盘
481,14:09:33,3.73,--,450,167850,卖盘
482,14:09:30,3.73,--,86,32193,卖盘
483,14:09:18,3.73,--,303,113019,卖盘
484,14:09:09,3.73,--,14,5222,卖盘
485,14:09:03,3.73,-0.01,137,51101,卖盘
486,14:09:00,3.74,--,512,191488,买盘
487,14:08:55,3.74,0.01,34,12716,买盘
488,14:08:48,3.73,--,3,1119,卖盘
489,14:08:39,3.73,--,24,8952,卖盘
490,14:08:30,3.73,--,282,105186,卖盘
491,14:08:24,3.73,-0.01,53,19769,卖盘
492,14:08:18,3.74,0.01,109,40766,买盘
493,14:08:15,3.73,--,200,74600,卖盘
494,14:08:10,3.73,--,3,1119,卖盘
495,14:08:04,3.73,--,1,373,卖盘
496,14:08:00,3.73,--,3,1119,卖盘
497,14:07:54,3.73,--,41,15293,卖盘
498,14:07:49,3.73,-0.01,13,4849,卖盘
499,14:07:45,3.74,0.01,18,6732,买盘
500,14:07:39,3.73,--,3,1119,卖盘
501,14:07:33,3.73,--,179,66767,卖盘
502,14:07:30,3.73,-0.01,63,23499,卖盘
503,14:07:24,3.74,0.01,60,22440,买盘
504,14:07:18,3.73,--,3,1119,卖盘
505,14:07:09,3.73,-0.01,4,1492,卖盘
506,14:07:04,3.74,0.01,14,5236,买盘
507,14:07:00,3.73,--,4,1492,卖盘
508,14:06:54,3.73,--,20,7460,卖盘
509,14:06:48,3.73,-0.01,157,58561,卖盘
510,14:06:44,3.74,0.01,57,21318,买盘
511,14:06:39,3.73,-0.01,3,1119,卖盘
512,14:06:33,3.74,0.01,282,105468,买盘
513,14:06:30,3.73,--,277,103321,卖盘
514,14:06:18,3.73,--,3,1119,卖盘
515,14:06:12,3.73,--,87,32451,卖盘
516,14:06:09,3.73,--,231,86163,卖盘
517,14:06:03,3.73,--,507,189111,卖盘
518,14:05:58,3.73,--,699,260727,卖盘
519,14:05:54,3.73,--,198,73854,卖盘
520,14:05:48,3.73,--,307,114511,卖盘
521,14:05:42,3.73,--,144,53712,卖盘
522,14:05:39,3.73,--,129,48117,卖盘
523,14:05:33,3.73,--,241,89893,卖盘
524,14:05:28,3.73,--,57,21261,卖盘
525,14:05:24,3.73,--,82,30586,卖盘
526,14:05:18,3.73,-0.01,75,27975,卖盘
527,14:05:12,3.74,0.01,139,51986,买盘
528,14:05:09,3.73,--,58,21634,卖盘
529,14:05:03,3.73,--,47,17531,卖盘
530,14:04:57,3.73,--,30,11190,卖盘
531,14:04:48,3.73,--,19,7087,卖盘
532,14:04:40,3.73,--,90,33570,卖盘
533,14:04:33,3.73,--,45,16785,卖盘
534,14:04:27,3.73,-0.01,3,1119,卖盘
535,14:04:24,3.74,0.01,14,5236,买盘
536,14:04:18,3.73,--,3,1119,卖盘
537,14:04:12,3.73,-0.01,11,4103,卖盘
538,14:04:09,3.74,--,296,110704,买盘
539,14:04:03,3.74,--,1,374,买盘
540,14:03:57,3.74,--,5,1870,买盘
541,14:03:54,3.74,0.01,1,374,买盘
542,14:03:48,3.73,--,4,1492,卖盘
543,14:03:39,3.73,--,2,746,卖盘
544,14:03:27,3.73,-0.01,3,1119,卖盘
545,14:03:24,3.74,0.01,100,37400,买盘
546,14:03:18,3.73,-0.01,30,11190,卖盘
547,14:03:09,3.74,--,44,16456,买盘
548,14:03:03,3.74,--,31,11594,买盘
549,14:02:39,3.74,--,1,374,买盘
550,14:02:33,3.74,--,17,6358,买盘
551,14:02:27,3.74,-0.01,391,146574,卖盘
552,14:02:09,3.75,0.01,16,6000,买盘
553,14:02:03,3.74,--,160,59840,卖盘
554,14:01:54,3.74,--,41,15334,卖盘
555,14:01:42,3.74,-0.01,426,159324,卖盘
556,14:01:39,3.75,0.01,30,11250,买盘
557,14:01:27,3.74,--,50,18700,卖盘
558,14:01:24,3.74,-0.01,15,5610,卖盘
559,14:01:18,3.75,0.01,13,4875,买盘
560,14:01:09,3.74,--,11,4114,卖盘
561,14:01:03,3.74,-0.01,101,37774,卖盘
562,14:00:54,3.75,0.01,538,201750,买盘
563,14:00:48,3.74,--,830,310420,卖盘
564,14:00:33,3.74,--,16,5984,卖盘
565,14:00:27,3.74,--,3920,1466080,卖盘
566,14:00:24,3.74,--,109,40766,卖盘
567,14:00:18,3.74,--,82,30668,卖盘
568,14:00:12,3.74,--,38,14212,卖盘
569,14:00:08,3.74,--,54,20196,卖盘
570,14:00:03,3.74,--,170,63580,卖盘
571,13:59:57,3.74,--,661,247214,卖盘
572,13:59:54,3.74,-0.01,321,120169,卖盘
573,13:59:48,3.75,0.01,1215,455625,买盘
574,13:59:33,3.74,--,145,54230,卖盘
575,13:59:27,3.74,--,1225,458150,卖盘
576,13:59:23,3.74,--,216,80784,卖盘
577,13:59:06,3.74,-0.01,1,374,卖盘
578,13:59:03,3.75,0.01,65,24375,买盘
579,13:58:57,3.74,-0.01,216,80784,卖盘
580,13:58:49,3.75,0.01,14,5250,买盘
581,13:58:27,3.74,-0.01,2,748,卖盘
582,13:58:18,3.75,0.01,4,1500,买盘
583,13:58:12,3.74,-0.01,54,20196,卖盘
584,13:58:08,3.75,--,11,4125,买盘
585,13:57:53,3.75,0.01,1,375,买盘
586,13:57:42,3.74,--,227,84898,卖盘
587,13:57:36,3.74,-0.01,4,1496,卖盘
588,13:57:33,3.75,0.01,68,25500,买盘
589,13:57:18,3.74,--,5,1870,卖盘
590,13:57:12,3.74,--,528,197472,卖盘
591,13:57:06,3.74,--,1,374,卖盘
592,13:57:03,3.74,-0.01,66,24829,卖盘
593,13:56:42,3.75,0.01,99,37125,买盘
594,13:56:36,3.74,--,20,7480,卖盘
595,13:56:33,3.74,--,1135,424635,卖盘
596,13:56:27,3.74,--,112,42179,卖盘
597,13:56:21,3.74,-0.01,56,20944,卖盘
598,13:56:18,3.75,--,472,177000,买盘
599,13:56:12,3.75,0.01,15,5625,买盘
600,13:56:06,3.74,--,1,374,卖盘
601,13:56:03,3.74,-0.01,31,11594,卖盘
602,13:55:51,3.75,0.01,11,4125,买盘
603,13:55:48,3.74,--,535,200090,卖盘
604,13:55:42,3.74,--,592,221408,卖盘
605,13:55:36,3.74,--,4,1496,卖盘
606,13:55:33,3.74,-0.01,66,24684,卖盘
607,13:55:27,3.75,0.01,6,2250,买盘
608,13:55:18,3.74,--,28,10472,卖盘
609,13:54:57,3.74,--,170,63580,卖盘
610,13:54:33,3.74,--,10,3740,卖盘
611,13:54:18,3.74,--,54,20196,卖盘
612,13:54:12,3.74,-0.01,224,83776,卖盘
613,13:54:06,3.75,0.01,269,100875,买盘
614,13:54:03,3.74,--,2234,835516,卖盘
615,13:53:57,3.74,-0.01,168,62832,卖盘
616,13:53:48,3.75,--,1,375,买盘
617,13:53:42,3.75,0.01,15,5625,买盘
618,13:53:36,3.74,-0.01,5,1870,卖盘
619,13:53:33,3.75,--,84,31500,买盘
620,13:53:27,3.75,0.01,151,56625,买盘
621,13:53:21,3.74,--,264,98736,卖盘
622,13:53:17,3.74,-0.01,2097,784278,卖盘
623,13:53:12,3.75,0.01,1,375,买盘
624,13:53:06,3.74,--,55,20570,卖盘
625,13:52:57,3.74,--,151,56474,卖盘
626,13:52:51,3.74,--,64,23936,卖盘
627,13:52:48,3.74,--,108,40392,卖盘
628,13:52:42,3.74,--,54,20196,卖盘
629,13:52:36,3.74,--,141,52734,卖盘
630,13:52:33,3.74,--,54,20196,卖盘
631,13:52:27,3.74,-0.01,270,100980,卖盘
632,13:52:21,3.75,0.01,250,93750,买盘
633,13:52:16,3.74,--,608,227392,卖盘
634,13:52:12,3.74,--,56,20944,卖盘
635,13:52:06,3.74,--,378,141372,卖盘
636,13:51:57,3.74,--,159,59466,卖盘
637,13:51:42,3.74,--,54,20196,卖盘
638,13:51:17,3.74,-0.01,20,7480,卖盘
639,13:51:12,3.75,0.01,65,24375,买盘
640,13:51:06,3.74,-0.01,1,374,卖盘
641,13:51:00,3.75,0.01,100,37500,买盘
642,13:50:57,3.74,--,78,29172,卖盘
643,13:50:51,3.74,-0.01,115,43010,卖盘
644,13:50:36,3.75,--,224,84000,买盘
645,13:50:27,3.75,--,100,37500,买盘
646,13:50:15,3.75,0.01,3,1125,买盘
647,13:50:12,3.74,--,21,7969,卖盘
648,13:50:06,3.74,-0.01,1,374,卖盘
649,13:50:00,3.75,--,150,56250,买盘
650,13:49:51,3.75,--,20,7500,买盘
651,13:49:36,3.75,0.01,1,375,买盘
652,13:49:30,3.74,-0.01,500,187000,卖盘
653,13:49:27,3.75,--,200,75000,买盘
654,13:49:06,3.75,--,103,38625,买盘
655,13:48:42,3.75,--,153,57375,买盘
656,13:48:36,3.75,--,118,44250,买盘
657,13:48:27,3.75,--,112,42000,买盘
658,13:48:21,3.75,--,103,38625,买盘
659,13:48:12,3.75,0.01,114,42750,买盘
660,13:48:06,3.74,-0.01,21,7854,卖盘
661,13:48:00,3.75,--,103,38625,买盘
662,13:47:51,3.75,--,102,38250,买盘
663,13:47:42,3.75,0.01,105,39375,买盘
664,13:47:27,3.74,-0.01,10,3740,卖盘
665,13:47:21,3.75,--,103,38625,买盘
666,13:47:12,3.75,0.01,103,38625,买盘
667,13:47:06,3.74,-0.01,1037,387838,卖盘
668,13:46:59,3.75,--,51,19125,买盘
669,13:46:51,3.75,--,51,19125,买盘
670,13:46:41,3.75,--,107,40125,买盘
671,13:46:36,3.75,--,50,18750,买盘
672,13:46:27,3.75,0.01,103,38625,买盘
673,13:46:21,3.74,-0.01,10,3740,卖盘
674,13:46:15,3.75,--,103,38625,买盘
675,13:46:10,3.75,--,15,5625,买盘
676,13:46:06,3.75,0.01,103,38625,买盘
677,13:46:00,3.74,-0.01,11,4114,卖盘
678,13:45:57,3.75,0.01,25,9375,买盘
679,13:45:51,3.74,-0.01,100,37400,卖盘
680,13:45:45,3.75,0.01,63,23625,买盘
681,13:45:41,3.74,-0.01,41,15334,卖盘
682,13:45:36,3.75,--,9,3375,买盘
683,13:45:30,3.75,0.01,51,19125,买盘
684,13:45:21,3.74,-0.01,13,4862,卖盘
685,13:45:15,3.75,--,64,24000,买盘
686,13:45:11,3.75,0.01,8,3000,买盘
687,13:45:06,3.74,-0.01,11,4114,卖盘
688,13:45:00,3.75,--,8,3000,买盘
689,13:44:51,3.75,0.01,24,9000,买盘
690,13:44:45,3.74,-0.01,81,30294,卖盘
691,13:44:36,3.75,--,19,7125,买盘
692,13:44:29,3.75,0.01,8,3000,买盘
693,13:44:24,3.74,-0.01,3,1122,卖盘
694,13:44:21,3.75,--,10,3750,买盘
695,13:44:15,3.75,--,60,22500,买盘
696,13:44:05,3.75,0.01,9,3375,买盘
697,13:44:00,3.74,-0.01,102,38148,卖盘
698,13:43:51,3.75,--,60,22500,买盘
699,13:43:45,3.75,--,23,8625,买盘
700,13:43:41,3.75,--,3,1125,买盘
701,13:43:36,3.75,--,52,19500,买盘
702,13:43:30,3.75,--,7,2625,买盘
703,13:43:21,3.75,--,9,3375,买盘
704,13:43:15,3.75,--,51,19125,买盘
705,13:43:09,3.75,0.01,9,3375,买盘
706,13:43:06,3.74,-0.01,238,89344,卖盘
707,13:43:00,3.75,--,8,3000,买盘
708,13:42:54,3.75,--,63,23625,买盘
709,13:42:45,3.75,--,8,3000,买盘
710,13:42:39,3.75,--,106,39750,买盘
711,13:42:36,3.75,--,8,3000,买盘
712,13:42:30,3.75,--,52,19500,买盘
713,13:42:23,3.75,--,10,3750,买盘
714,13:42:21,3.75,--,69,25875,买盘
715,13:42:15,3.75,0.01,59,22125,买盘
716,13:42:06,3.74,-0.01,10,3740,卖盘
717,13:42:00,3.75,0.01,52,19500,买盘
718,13:41:54,3.74,-0.01,54,20196,卖盘
719,13:41:51,3.75,--,8,3000,买盘
720,13:41:45,3.75,--,9,3375,买盘
721,13:41:36,3.75,--,51,19125,买盘
722,13:41:30,3.75,0.01,9,3375,买盘
723,13:41:23,3.74,-0.01,549,205591,卖盘
724,13:41:21,3.75,--,19,7125,买盘
725,13:41:15,3.75,--,67,25125,买盘
726,13:41:09,3.75,--,8,3000,买盘
727,13:41:00,3.75,0.01,62,23250,买盘
728,13:40:51,3.74,-0.01,71,26554,卖盘
729,13:40:44,3.75,0.01,11,4125,买盘
730,13:40:39,3.74,-0.01,3,1122,卖盘
731,13:40:36,3.75,0.01,61,22875,买盘
732,13:40:30,3.74,-0.01,21,7969,卖盘
733,13:40:24,3.75,--,2407,902625,买盘
734,13:40:21,3.75,--,51,19125,买盘
735,13:40:15,3.75,--,102,38250,买盘
736,13:40:06,3.75,0.01,65,24375,买盘
737,13:39:54,3.74,-0.01,28,10472,卖盘
738,13:39:50,3.75,0.01,9,3375,买盘
739,13:39:39,3.74,-0.01,284,106474,卖盘
740,13:39:30,3.75,--,9,3375,买盘
741,13:39:20,3.75,--,8,3000,买盘
742,13:39:06,3.75,--,10,3750,买盘
743,13:38:59,3.75,0.01,481,180375,买盘
744,13:38:54,3.74,--,509,190706,卖盘
745,13:38:50,3.74,-0.01,5,1870,卖盘
746,13:38:45,3.75,--,9,3375,买盘
747,13:38:38,3.75,--,106,39750,买盘
748,13:38:35,3.75,--,38,14250,买盘
749,13:38:30,3.75,--,17,6375,买盘
750,13:38:24,3.75,--,8,3000,买盘
751,13:38:15,3.75,0.01,53,19875,买盘
752,13:38:09,3.74,-0.01,49,18326,卖盘
753,13:38:00,3.75,--,37,13875,买盘
754,13:37:48,3.75,0.01,109,40875,买盘
755,13:37:45,3.74,-0.01,380,142120,卖盘
756,13:37:39,3.75,--,109,40875,买盘
757,13:37:30,3.75,--,118,44250,买盘
758,13:37:24,3.75,--,2694,1010250,买盘
759,13:37:15,3.75,--,18,6750,买盘
760,13:37:09,3.75,0.01,38,14250,买盘
761,13:37:00,3.74,-0.01,108,40392,卖盘
762,13:36:54,3.75,--,8,3000,买盘
763,13:36:45,3.75,--,9,3375,买盘
764,13:36:39,3.75,--,168,63000,买盘
765,13:36:33,3.75,0.01,7,2625,买盘
766,13:36:29,3.74,-0.01,694,259870,卖盘
767,13:36:24,3.75,--,8,3000,买盘
768,13:36:15,3.75,0.01,100,37500,买盘
769,13:36:09,3.74,--,169,63206,卖盘
770,13:36:03,3.74,--,2,748,卖盘
771,13:36:00,3.74,--,163,60962,买盘
772,13:35:48,3.74,--,25,9350,买盘
773,13:35:45,3.74,--,141,52734,买盘
774,13:35:39,3.74,--,108,40392,买盘
775,13:35:33,3.74,--,512,191488,买盘
776,13:35:30,3.74,--,153,57222,买盘
777,13:35:24,3.74,--,581,217578,买盘
778,13:35:15,3.74,--,284,106216,买盘
779,13:35:09,3.74,0.01,495,185130,买盘
780,13:34:54,3.73,-0.01,20,7460,卖盘
781,13:34:45,3.74,--,108,40392,买盘
782,13:34:39,3.74,--,26,9724,买盘
783,13:34:32,3.74,--,20,7480,买盘
784,13:34:30,3.74,--,8,2992,买盘
785,13:34:23,3.74,--,131,48994,买盘
786,13:34:17,3.74,0.01,16,5984,买盘
787,13:34:15,3.73,-0.01,268,100217,卖盘
788,13:34:09,3.74,--,396,148104,买盘
789,13:34:00,3.74,--,253,94622,买盘
790,13:33:54,3.74,--,118,44132,买盘
791,13:33:48,3.74,--,8,2992,买盘
792,13:33:39,3.74,--,58,21692,买盘
793,13:33:30,3.74,--,494,184756,买盘
794,13:33:23,3.74,--,69,25806,买盘
795,13:33:18,3.74,--,3,1122,买盘
796,13:33:14,3.74,0.01,537,201182,买盘
797,13:33:08,3.73,-0.01,1,373,卖盘
798,13:33:03,3.74,--,7,2618,买盘
799,13:32:54,3.74,--,9,3366,买盘
800,13:32:47,3.74,--,10,3740,买盘
801,13:32:44,3.74,--,7,2618,买盘
802,13:32:39,3.74,--,158,59092,买盘
803,13:32:30,3.74,--,122,45628,买盘
804,13:32:18,3.74,0.01,8,2992,买盘
805,13:32:15,3.73,-0.01,30,11190,卖盘
806,13:32:08,3.74,--,8,2992,买盘
807,13:31:59,3.74,--,9,3366,买盘
808,13:31:47,3.74,--,8,2992,买盘
809,13:31:45,3.74,--,128,47872,买盘
810,13:31:39,3.74,0.01,9,3366,买盘
811,13:31:32,3.73,-0.01,300,111900,卖盘
812,13:31:29,3.74,--,1,374,买盘
813,13:31:24,3.74,--,47,17578,买盘
814,13:31:14,3.74,0.01,110,41140,买盘
815,13:31:09,3.73,-0.01,21,7833,卖盘
816,13:31:03,3.74,0.01,265,99383,买盘
817,13:30:59,3.73,-0.01,200,74600,卖盘
818,13:30:54,3.74,--,60,22555,买盘
819,13:30:44,3.74,--,8,2992,买盘
820,13:30:38,3.74,0.01,174,65076,买盘
821,13:30:33,3.73,-0.01,308,114884,卖盘
822,13:30:24,3.74,--,45,16830,买盘
823,13:30:17,3.74,0.01,9,3366,买盘
824,13:30:12,3.73,-0.01,220,82060,卖盘
825,13:30:09,3.74,0.01,9,3366,买盘
826,13:29:56,3.73,--,17,6341,卖盘
827,13:29:47,3.73,-0.01,343,127939,卖盘
828,13:29:38,3.74,0.01,9,3366,买盘
829,13:29:33,3.73,--,529,197641,卖盘
830,13:29:23,3.73,--,243,90639,卖盘
831,13:29:17,3.73,-0.01,125,46625,卖盘
832,13:29:14,3.74,--,17,6358,买盘
833,13:29:08,3.74,--,63,23562,买盘
834,13:29:02,3.74,--,8,2992,买盘
835,13:28:54,3.74,--,194,72556,买盘
836,13:28:41,3.74,--,89,33286,买盘
837,13:28:38,3.74,--,8,2992,买盘
838,13:28:32,3.74,0.01,23,8602,买盘
839,13:28:26,3.73,-0.01,10,3730,卖盘
840,13:28:17,3.74,0.01,217,81158,买盘
841,13:28:13,3.73,-0.01,290,108509,卖盘
842,13:28:09,3.74,0.01,9,3366,买盘
843,13:27:57,3.73,-0.01,30,11190,卖盘
844,13:27:53,3.74,--,11,4114,买盘
845,13:27:47,3.74,--,22,8228,买盘
846,13:27:41,3.74,--,550,205700,买盘
847,13:27:38,3.74,--,222,83028,买盘
848,13:27:32,3.74,--,8,2992,买盘
849,13:27:23,3.74,--,10,3740,买盘
850,13:27:17,3.74,--,10,3740,买盘
851,13:27:11,3.74,--,9,3366,买盘
852,13:27:02,3.74,--,133,49742,买盘
853,13:26:53,3.74,--,7,2618,买盘
854,13:26:47,3.74,--,140,52360,买盘
855,13:26:38,3.74,0.01,537,201096,买盘
856,13:26:32,3.73,-0.01,254,94742,卖盘
857,13:26:26,3.74,0.01,9,3366,买盘
858,13:26:23,3.73,-0.01,114,42522,卖盘
859,13:26:18,3.74,0.01,87,32538,买盘
860,13:26:08,3.73,-0.01,148,55204,卖盘
861,13:26:02,3.74,0.01,104,38896,买盘
862,13:25:53,3.73,-0.01,62,23126,卖盘
863,13:25:47,3.74,0.01,9,3366,买盘
864,13:25:38,3.73,--,59,22007,卖盘
865,13:25:32,3.73,-0.01,45,16785,卖盘
866,13:25:23,3.74,--,9,3366,买盘
867,13:25:11,3.74,0.01,8,2992,买盘
868,13:25:08,3.73,-0.02,417,155869,卖盘
869,13:25:02,3.75,0.01,8,3000,买盘
870,13:24:53,3.74,--,13,4862,买盘
871,13:24:47,3.74,--,8,2992,买盘
872,13:24:41,3.74,--,204,76296,卖盘
873,13:24:38,3.74,--,26,9724,买盘
874,13:24:26,3.74,--,9,3366,买盘
875,13:24:17,3.74,--,108,40392,买盘
876,13:24:02,3.74,--,8,2992,买盘
877,13:23:56,3.74,--,11,4114,买盘
878,13:23:53,3.74,--,9,3366,买盘
879,13:23:47,3.74,--,14,5236,买盘
880,13:23:41,3.74,--,58,21692,卖盘
881,13:23:37,3.74,--,1216,454784,买盘
882,13:23:32,3.74,--,481,180163,买盘
883,13:23:23,3.74,--,8,2992,买盘
884,13:23:17,3.74,--,1,374,买盘
885,13:23:08,3.74,--,10,3740,买盘
886,13:23:02,3.74,--,54,20196,买盘
887,13:22:56,3.74,--,8,2992,买盘
888,13:22:47,3.74,0.01,61,22814,买盘
889,13:22:42,3.73,-0.01,224,83552,卖盘
890,13:22:38,3.74,--,100,37400,买盘
891,13:22:26,3.74,0.01,9,3366,买盘
892,13:22:22,3.73,-0.01,1,373,卖盘
893,13:22:17,3.74,--,9,3366,买盘
894,13:22:11,3.74,0.01,281,105094,买盘
895,13:22:08,3.73,-0.01,1,373,卖盘
896,13:22:02,3.74,--,25,9350,买盘
897,13:21:53,3.74,0.01,9,3366,买盘
898,13:21:47,3.73,-0.01,107,39911,卖盘
899,13:21:41,3.74,--,35,13090,买盘
900,13:21:33,3.74,--,8,2992,买盘
901,13:21:27,3.74,--,111,41514,买盘
902,13:21:17,3.74,0.01,293,109769,买盘
903,13:21:11,3.73,-0.01,28,10559,卖盘
904,13:21:02,3.74,-0.01,68,25432,卖盘
905,13:20:56,3.75,0.01,8,3000,买盘
906,13:20:50,3.74,-0.01,5,1870,卖盘
907,13:20:48,3.75,0.02,8,3000,买盘
908,13:20:41,3.73,--,513,191386,卖盘
909,13:20:32,3.73,--,54,20142,卖盘
910,13:20:26,3.73,--,54,20142,卖盘
911,13:20:21,3.73,--,266,99218,卖盘
912,13:20:17,3.73,-0.01,68,25364,卖盘
913,13:20:11,3.74,--,67,25058,买盘
914,13:20:07,3.74,--,6,2244,买盘
915,13:20:02,3.74,--,64,23936,买盘
916,13:19:51,3.74,--,254,95254,卖盘
917,13:19:48,3.74,-0.01,382,142868,卖盘
918,13:19:41,3.75,--,8,3000,买盘
919,13:19:32,3.75,0.01,8,3000,买盘
920,13:19:23,3.74,-0.01,4,1496,卖盘
921,13:19:17,3.75,--,68,25500,买盘
922,13:19:11,3.75,0.01,9,3375,买盘
923,13:19:05,3.74,--,1,374,卖盘
924,13:19:02,3.74,--,270,101095,卖盘
925,13:18:56,3.74,-0.01,608,227392,卖盘
926,13:18:47,3.75,0.01,9,3375,买盘
927,13:18:41,3.74,-0.01,21,7854,卖盘
928,13:18:32,3.75,--,226,84750,买盘
929,13:18:26,3.75,0.01,9,3375,买盘
930,13:18:05,3.74,-0.01,13,4862,卖盘
931,13:18:02,3.75,0.01,1,375,买盘
932,13:17:47,3.74,--,250,93500,卖盘
933,13:17:32,3.74,--,91,34034,卖盘
934,13:17:26,3.74,--,1017,380466,卖盘
935,13:17:05,3.74,--,1,374,卖盘
936,13:16:56,3.74,--,517,193358,卖盘
937,13:16:47,3.74,--,300,112200,卖盘
938,13:16:41,3.74,--,7,2618,卖盘
939,13:16:35,3.74,0.01,277,103762,买盘
940,13:16:26,3.73,-0.01,7,2611,卖盘
941,13:16:20,3.74,--,20,7480,买盘
942,13:16:17,3.74,--,11,4114,买盘
943,13:16:02,3.74,--,2,748,买盘
944,13:15:56,3.74,0.01,353,132022,买盘
945,13:15:47,3.73,--,250,93250,卖盘
946,13:15:41,3.73,-0.01,285,106327,卖盘
947,13:15:35,3.74,--,254,94996,买盘
948,13:15:32,3.74,--,14,5236,买盘
949,13:15:21,3.74,--,50,18700,买盘
950,13:15:17,3.74,0.01,3,1122,买盘
951,13:15:11,3.73,--,54,20142,卖盘
952,13:15:05,3.73,-0.01,1,373,卖盘
953,13:15:02,3.74,--,90,33660,买盘
954,13:14:56,3.74,0.01,134,50116,买盘
955,13:14:50,3.73,--,154,57442,卖盘
956,13:14:46,3.73,-0.01,54,20142,卖盘
957,13:14:41,3.74,--,1,374,买盘
958,13:14:32,3.74,--,1,374,买盘
959,13:14:26,3.74,--,21,7854,买盘
960,13:14:20,3.74,0.01,68,25432,买盘
961,13:14:12,3.73,-0.01,502,187447,卖盘
962,13:14:05,3.74,--,481,180103,卖盘
963,13:13:46,3.74,--,300,112200,卖盘
964,13:13:14,3.74,--,655,245134,买盘
965,13:13:11,3.74,--,34,12716,买盘
966,13:13:05,3.74,--,32,11968,买盘
967,13:12:56,3.74,--,1002,374748,买盘
968,13:12:50,3.74,0.01,109,40766,买盘
969,13:12:44,3.73,--,290,108520,卖盘
970,13:12:41,3.73,--,103,38419,卖盘
971,13:12:35,3.73,-0.01,476,177548,卖盘
972,13:12:26,3.74,--,3,1122,买盘
973,13:12:20,3.74,--,10,3740,买盘
974,13:12:11,3.74,0.01,21,7854,买盘
975,13:12:05,3.73,-0.01,1,373,卖盘
976,13:12:00,3.74,0.01,5,1870,买盘
977,13:11:56,3.73,-0.01,496,185254,卖盘
978,13:11:41,3.74,--,30,11220,买盘
979,13:11:35,3.74,0.01,260,97240,买盘
980,13:11:29,3.73,-0.01,21,7948,卖盘
981,13:11:26,3.74,--,11,4114,买盘
982,13:11:20,3.74,--,14,5236,买盘
983,13:11:16,3.74,0.01,394,147356,买盘
984,13:11:05,3.73,-0.01,60,22380,卖盘
985,13:10:58,3.74,0.01,50,18700,买盘
986,13:10:50,3.73,-0.01,28,10444,卖盘
987,13:10:41,3.74,--,10,3740,买盘
988,13:10:35,3.74,0.01,260,97240,买盘
989,13:10:11,3.73,-0.01,277,103615,卖盘
990,13:10:05,3.74,--,173,64702,买盘
991,13:09:44,3.74,--,55,20570,买盘
992,13:09:41,3.74,--,85,31790,买盘
993,13:09:35,3.74,--,274,102476,买盘
994,13:09:20,3.74,--,60,22440,买盘
995,13:09:10,3.74,0.01,10,3740,买盘
996,13:09:05,3.73,--,1,373,卖盘
997,13:08:44,3.73,-0.01,509,190159,卖盘
998,13:08:41,3.74,--,259,96866,买盘
999,13:08:26,3.74,0.01,41,15334,买盘
1000,13:08:05,3.73,-0.01,163,60799,卖盘
1001,13:07:56,3.74,--,66,24684,买盘
1002,13:07:50,3.74,0.01,5,1870,买盘
1003,13:07:44,3.73,--,331,123463,卖盘
1004,13:07:41,3.73,-0.01,2,746,卖盘
1005,13:07:26,3.74,--,89,33286,买盘
1006,13:07:20,3.74,--,59,22066,买盘
1007,13:07:14,3.74,--,15,5610,买盘
1008,13:07:10,3.74,--,100,37400,买盘
1009,13:06:50,3.74,0.01,60,22440,买盘
1010,13:06:44,3.73,-0.01,548,204538,卖盘
1011,13:06:41,3.74,0.01,1,374,买盘
1012,13:06:35,3.73,-0.01,250,93250,卖盘
1013,13:06:29,3.74,--,229,85855,卖盘
1014,13:06:26,3.74,--,1,374,卖盘
1015,13:06:20,3.74,--,43,16246,买盘
1016,13:06:14,3.74,--,162,60797,卖盘
1017,13:06:05,3.74,-0.01,4,1496,卖盘
1018,13:05:53,3.75,0.01,8,3000,买盘
1019,13:05:50,3.74,-0.01,20,7480,卖盘
1020,13:05:44,3.75,--,307,115125,买盘
1021,13:05:35,3.75,--,523,196215,买盘
1022,13:05:29,3.75,0.01,8,3000,买盘
1023,13:05:20,3.74,-0.01,162,60588,卖盘
1024,13:05:08,3.75,0.01,9,3375,买盘
1025,13:05:05,3.74,--,16,5984,卖盘
1026,13:04:59,3.74,-0.01,93,34782,卖盘
1027,13:04:50,3.75,0.01,8,3000,买盘
1028,13:04:44,3.74,--,250,93500,卖盘
1029,13:04:35,3.74,--,259,96866,卖盘
1030,13:04:29,3.74,-0.01,35,13090,卖盘
1031,13:04:23,3.75,--,7,2625,买盘
1032,13:04:14,3.75,--,9,3375,买盘
1033,13:04:09,3.75,--,2,750,买盘
1034,13:04:05,3.75,--,9,3375,买盘
1035,13:03:59,3.75,--,238,89591,买盘
1036,13:03:50,3.75,--,23,8625,买盘
1037,13:03:44,3.75,--,8,3000,买盘
1038,13:03:38,3.75,0.01,64,24000,买盘
1039,13:03:35,3.74,--,216,80784,卖盘
1040,13:03:29,3.74,--,124,46376,卖盘
1041,13:03:20,3.74,--,31,11594,卖盘
1042,13:03:13,3.74,-0.01,235,87890,卖盘
1043,13:03:10,3.75,0.01,8,3000,买盘
1044,13:03:05,3.74,-0.01,1,374,卖盘
1045,13:02:59,3.75,0.01,7,2625,买盘
1046,13:02:50,3.74,--,61,22814,卖盘
1047,13:02:44,3.74,--,926,346582,卖盘
1048,13:02:38,3.74,--,4,1496,卖盘
1049,13:02:35,3.74,--,274,102476,卖盘
1050,13:02:29,3.74,-0.01,60,22440,卖盘
1051,13:02:23,3.75,0.01,62,23250,买盘
1052,13:02:20,3.74,--,5,1870,卖盘
1053,13:02:14,3.74,-0.01,40,14960,卖盘
1054,13:02:05,3.75,--,29,10875,买盘
1055,13:01:50,3.75,--,84,31616,买盘
1056,13:01:44,3.75,--,9,3375,买盘
1057,13:01:38,3.75,--,271,101625,买盘
1058,13:01:29,3.75,--,8,3000,买盘
1059,13:01:19,3.75,--,8,3000,买盘
1060,13:01:05,3.75,--,10,3750,买盘
1061,13:00:59,3.75,0.01,29,10875,买盘
1062,13:00:50,3.74,-0.01,100,37400,卖盘
1063,13:00:43,3.75,--,9,3375,买盘
1064,13:00:34,3.75,0.01,24,9000,买盘
1065,13:00:29,3.74,-0.01,289,108160,卖盘
1066,13:00:23,3.75,0.01,8,3000,买盘
1067,13:00:20,3.74,--,220,82280,卖盘
1068,13:00:14,3.74,--,20,7480,卖盘
1069,13:00:08,3.74,--,320,119680,卖盘
1070,13:00:05,3.74,-0.01,1334,499207,卖盘
1071,11:30:00,3.75,--,0,0,买盘
1072,11:29:59,3.75,--,0,0,买盘
1073,11:29:59,3.75,--,8,3000,买盘
1074,11:29:51,3.75,0.01,9,3375,买盘
1075,11:29:45,3.74,-0.01,35,13090,卖盘
1076,11:29:39,3.75,0.01,276,103500,买盘
1077,11:29:30,3.74,--,507,189767,卖盘
1078,11:29:21,3.74,-0.01,37,13838,卖盘
1079,11:29:15,3.75,--,10,3750,买盘
1080,11:29:08,3.75,--,1078,404250,买盘
1081,11:28:54,3.75,--,36,13500,买盘
1082,11:28:44,3.75,--,9,3375,买盘
1083,11:28:39,3.75,--,269,100875,买盘
1084,11:28:33,3.75,--,8,3000,买盘
1085,11:28:24,3.75,0.01,8,3000,买盘
1086,11:28:21,3.74,--,220,82280,卖盘
1087,11:28:16,3.74,-0.01,97,36278,卖盘
1088,11:28:09,3.75,0.01,73,27375,买盘
1089,11:28:03,3.74,-0.01,32,11968,卖盘
1090,11:27:59,3.75,0.01,9,3375,买盘
1091,11:27:53,3.74,-0.01,269,100624,卖盘
1092,11:27:48,3.75,--,8,3000,买盘
1093,11:27:39,3.75,--,278,104250,买盘
1094,11:27:30,3.75,0.01,9,3375,买盘
1095,11:27:21,3.74,--,32,11968,卖盘
1096,11:27:15,3.74,--,285,106590,卖盘
1097,11:27:09,3.74,-0.01,1,374,卖盘
1098,11:27:03,3.75,--,8,3000,买盘
1099,11:27:00,3.75,--,35,13125,买盘
1100,11:26:54,3.75,--,21,7875,买盘
1101,11:26:45,3.75,--,9,3375,买盘
1102,11:26:30,3.75,0.01,14,5250,买盘
1103,11:26:24,3.74,--,16,5984,卖盘
1104,11:26:15,3.74,-0.01,813,304267,卖盘
1105,11:26:09,3.75,0.01,229,85875,买盘
1106,11:26:00,3.74,--,118,44132,卖盘
1107,11:25:54,3.74,-0.01,368,137632,卖盘
1108,11:25:48,3.75,0.01,8,3000,买盘
1109,11:25:45,3.74,--,250,93500,卖盘
1110,11:25:39,3.74,--,63,23562,卖盘
1111,11:25:33,3.74,-0.01,546,204204,卖盘
1112,11:25:24,3.75,0.01,10,3750,买盘
1113,11:25:15,3.74,-0.01,40,14960,卖盘
1114,11:25:09,3.75,0.01,512,192000,买盘
1115,11:25:03,3.74,--,19,7106,卖盘
1116,11:25:00,3.74,-0.01,110,41140,卖盘
1117,11:24:54,3.75,--,7,2625,买盘
1118,11:24:48,3.75,0.01,492,184500,买盘
1119,11:24:45,3.74,--,259,96866,卖盘
1120,11:24:39,3.74,--,250,93500,卖盘
1121,11:24:30,3.74,-0.01,771,288709,卖盘
1122,11:24:18,3.75,0.01,8,3000,买盘
1123,11:24:15,3.74,--,226,84524,卖盘
1124,11:24:09,3.74,--,231,86394,卖盘
1125,11:24:03,3.74,--,1,374,卖盘
1126,11:24:00,3.74,--,21,8153,卖盘
1127,11:23:54,3.74,-0.01,992,371008,卖盘
1128,11:23:45,3.75,--,8,3000,买盘
1129,11:23:39,3.75,0.01,277,103875,买盘
1130,11:23:30,3.74,-0.01,903,337722,卖盘
1131,11:23:24,3.75,0.01,29,10875,买盘
1132,11:23:15,3.74,-0.01,578,216415,卖盘
1133,11:23:09,3.75,0.01,511,191625,买盘
1134,11:23:02,3.74,--,32,11968,卖盘
1135,11:23:00,3.74,-0.01,100,37400,卖盘
1136,11:22:54,3.75,0.01,775,290625,买盘
1137,11:22:48,3.74,-0.01,500,187000,卖盘
1138,11:22:44,3.75,--,492,184500,买盘
1139,11:22:39,3.75,0.01,28,10500,买盘
1140,11:22:33,3.74,-0.01,48,17952,卖盘
1141,11:22:30,3.75,--,14,5250,买盘
1142,11:22:24,3.75,--,1,375,买盘
1143,11:22:18,3.75,0.01,229,85875,买盘
1144,11:22:14,3.74,--,60,22440,卖盘
1145,11:22:09,3.74,--,384,143731,卖盘
1146,11:22:03,3.74,-0.01,494,184756,卖盘
1147,11:22:00,3.75,0.01,108,40500,买盘
1148,11:21:54,3.74,--,100,37400,卖盘
1149,11:21:48,3.74,--,361,135014,卖盘
1150,11:21:39,3.74,-0.01,801,299906,卖盘
1151,11:21:33,3.75,--,10,3750,买盘
1152,11:21:24,3.75,0.01,58,21750,买盘
1153,11:21:18,3.74,-0.01,12,4488,卖盘
1154,11:21:14,3.75,0.01,16,6000,买盘
1155,11:21:09,3.74,--,1509,564366,卖盘
1156,11:21:03,3.74,--,10,3740,卖盘
1157,11:21:00,3.74,--,104,38896,卖盘
1158,11:20:54,3.74,--,258,96492,卖盘
1159,11:20:48,3.74,--,250,93500,卖盘
1160,11:20:45,3.74,--,496,185769,卖盘
1161,11:20:39,3.74,--,2163,808962,卖盘
1162,11:20:33,3.74,--,100,37400,卖盘
1163,11:20:28,3.74,--,20,7480,卖盘
1164,11:20:24,3.74,--,262,97988,买盘
1165,11:20:18,3.74,--,136,50864,买盘
1166,11:20:14,3.74,0.01,176,65824,买盘
1167,11:20:09,3.73,-0.01,112,41776,卖盘
1168,11:20:03,3.74,--,236,88264,买盘
1169,11:19:54,3.74,0.01,136,50864,买盘
1170,11:19:48,3.73,-0.01,22,8206,卖盘
1171,11:19:44,3.74,--,40,14960,买盘
1172,11:19:39,3.74,--,689,257686,买盘
1173,11:19:33,3.74,--,38,14212,买盘
1174,11:19:24,3.74,--,8,2992,买盘
1175,11:19:18,3.74,--,698,261052,买盘
1176,11:19:09,3.74,0.01,129,48246,买盘
1177,11:19:03,3.73,--,48,17904,卖盘
1178,11:18:59,3.73,-0.01,267,99784,卖盘
1179,11:18:54,3.74,--,431,161194,买盘
1180,11:18:48,3.74,--,71,26554,买盘
1181,11:18:39,3.74,--,210,78569,买盘
1182,11:18:27,3.74,0.01,39,14586,买盘
1183,11:18:18,3.73,-0.01,31,11563,卖盘
1184,11:18:09,3.74,0.01,8,2992,买盘
1185,11:18:03,3.73,-0.01,43,16039,卖盘
1186,11:17:54,3.74,--,9,3366,买盘
1187,11:17:42,3.74,--,9,3366,买盘
1188,11:17:39,3.74,--,1015,379954,卖盘
1189,11:17:33,3.74,--,158,59092,卖盘
1190,11:17:27,3.74,--,46,17204,卖盘
1191,11:17:24,3.74,-0.01,13,4862,卖盘
1192,11:17:18,3.75,0.01,446,167250,买盘
1193,11:17:12,3.74,--,520,194509,卖盘
1194,11:17:09,3.74,-0.01,115,43010,卖盘
1195,11:17:03,3.75,--,9,3375,买盘
1196,11:16:48,3.75,0.01,12,4500,买盘
1197,11:16:42,3.74,-0.01,165,61710,卖盘
1198,11:16:39,3.75,0.01,530,198750,买盘
1199,11:16:33,3.74,0.01,6073,2271302,买盘
1200,11:16:27,3.73,-0.01,67,24991,卖盘
1201,11:16:24,3.74,--,30,11220,买盘
1202,11:16:18,3.74,--,13,4862,买盘
1203,11:16:08,3.74,0.01,74,27676,买盘
1204,11:16:03,3.73,-0.01,39,14547,卖盘
1205,11:15:54,3.74,0.01,8,2992,买盘
1206,11:15:48,3.73,--,20,7460,卖盘
1207,11:15:42,3.73,-0.01,285,106305,卖盘
1208,11:15:39,3.74,0.01,19,7106,买盘
1209,11:15:33,3.73,--,708,264084,卖盘
1210,11:15:27,3.73,--,354,132042,卖盘
1211,11:15:24,3.73,--,250,93250,卖盘
1212,11:15:18,3.73,--,1022,381493,卖盘
1213,11:15:12,3.73,--,737,274901,卖盘
1214,11:15:08,3.73,--,91,33943,卖盘
1215,11:15:03,3.73,-0.01,233,86909,卖盘
1216,11:14:57,3.74,0.01,630,235930,买盘
1217,11:14:53,3.73,--,87,32451,卖盘
1218,11:14:48,3.73,--,313,116749,卖盘
1219,11:14:42,3.73,--,162,60426,卖盘
1220,11:14:38,3.73,--,408,152184,卖盘
1221,11:14:33,3.73,-0.01,7,2611,卖盘
1222,11:14:27,3.74,--,8,2992,买盘
1223,11:14:18,3.74,--,13,4862,买盘
1224,11:14:12,3.74,0.01,45,16830,买盘
1225,11:14:03,3.73,-0.01,10,3730,卖盘
1226,11:13:53,3.74,0.01,9,3366,买盘
1227,11:13:48,3.73,-0.01,380,141740,卖盘
1228,11:13:42,3.74,--,18,6732,买盘
1229,11:13:33,3.74,--,9,3366,买盘
1230,11:13:18,3.74,0.01,230,86020,买盘
1231,11:13:12,3.73,-0.01,221,82433,卖盘
1232,11:13:07,3.74,0.01,8,2992,买盘
1233,11:13:03,3.73,-0.01,2,746,卖盘
1234,11:12:57,3.74,0.01,8,2992,买盘
1235,11:12:53,3.73,--,250,93250,卖盘
1236,11:12:48,3.73,-0.01,410,152930,卖盘
1237,11:12:42,3.74,0.01,21,7854,买盘
1238,11:12:36,3.73,--,408,152184,卖盘
1239,11:12:33,3.73,--,21,7948,卖盘
1240,11:12:27,3.73,-0.01,9,3357,卖盘
1241,11:12:18,3.74,--,7,2618,买盘
1242,11:12:12,3.74,--,317,118651,买盘
1243,11:12:03,3.74,--,40,14960,买盘
1244,11:11:57,3.74,0.01,12,4488,买盘
1245,11:11:51,3.73,--,42,15666,卖盘
1246,11:11:42,3.73,-0.01,545,203415,卖盘
1247,11:11:36,3.74,--,19,7106,买盘
1248,11:11:33,3.74,0.01,13,4862,买盘
1249,11:11:27,3.73,--,21,7833,卖盘
1250,11:11:21,3.73,--,20,7460,卖盘
1251,11:11:17,3.73,--,234,87282,卖盘
1252,11:11:11,3.73,-0.01,221,82433,卖盘
1253,11:11:06,3.74,0.01,27,10098,买盘
1254,11:11:03,3.73,-0.01,20,7460,卖盘
1255,11:10:57,3.74,--,24,8976,买盘
1256,11:10:51,3.74,0.01,510,190740,买盘
1257,11:10:48,3.73,--,339,126447,卖盘
1258,11:10:36,3.73,-0.01,270,100710,卖盘
1259,11:10:32,3.74,--,108,40392,买盘
1260,11:10:27,3.74,--,8,2992,买盘
1261,11:10:18,3.74,--,53,19822,买盘
1262,11:10:11,3.74,--,8,2992,买盘
1263,11:10:06,3.74,0.01,32,11968,买盘
1264,11:10:03,3.73,-0.01,28,10444,卖盘
1265,11:09:57,3.74,--,2,748,买盘
1266,11:09:48,3.74,--,8,2992,买盘
1267,11:09:41,3.74,--,8,2992,买盘
1268,11:09:36,3.74,0.01,19,7106,买盘
1269,11:09:33,3.73,--,108,40284,卖盘
1270,11:09:26,3.73,--,72,26856,卖盘
1271,11:09:17,3.73,--,231,86163,卖盘
1272,11:09:12,3.73,-0.01,20,7460,卖盘
1273,11:09:06,3.74,0.01,60,22440,买盘
1274,11:08:57,3.73,--,619,231088,卖盘
1275,11:08:48,3.73,--,258,96234,卖盘
1276,11:08:42,3.73,--,328,122344,卖盘
1277,11:08:33,3.73,--,186,69378,卖盘
1278,11:08:27,3.73,--,162,60426,卖盘
1279,11:08:20,3.73,--,845,315207,卖盘
1280,11:08:17,3.73,--,236,88028,卖盘
1281,11:08:11,3.73,--,149,55577,卖盘
1282,11:08:06,3.73,-0.01,1,373,卖盘
1283,11:08:01,3.74,0.01,33,12342,买盘
1284,11:07:56,3.73,--,58,21634,卖盘
1285,11:07:51,3.73,--,75,27975,卖盘
1286,11:07:47,3.73,--,360,134280,卖盘
1287,11:07:41,3.73,--,337,125701,卖盘
1288,11:07:35,3.73,--,250,93250,卖盘
1289,11:07:31,3.73,-0.01,255,95115,卖盘
1290,11:07:27,3.74,--,100,37400,买盘
1291,11:07:21,3.74,0.01,231,86394,买盘
1292,11:07:16,3.73,--,33,12309,卖盘
1293,11:07:05,3.73,--,1,373,卖盘
1294,11:07:01,3.73,--,36,13428,卖盘
1295,11:06:57,3.73,--,154,57442,卖盘
1296,11:06:46,3.73,-0.01,547,204031,卖盘
1297,11:06:41,3.74,--,4,1496,买盘
1298,11:06:36,3.74,0.01,141,52734,买盘
1299,11:06:32,3.73,-0.01,279,104384,卖盘
1300,11:06:27,3.74,--,1048,392045,卖盘
1301,11:06:21,3.74,--,221,82654,卖盘
1302,11:06:06,3.74,--,6,2244,卖盘
1303,11:06:02,3.74,--,110,41140,卖盘
1304,11:05:50,3.74,--,429,160446,卖盘
1305,11:05:47,3.74,--,250,93500,卖盘
1306,11:05:41,3.74,--,256,95744,卖盘
1307,11:05:35,3.74,--,1254,469276,卖盘
1308,11:05:27,3.74,--,96,35904,卖盘
1309,11:05:21,3.74,--,221,82654,卖盘
1310,11:05:06,3.74,--,535,200090,卖盘
1311,11:05:00,3.74,--,50,18700,卖盘
1312,11:04:57,3.74,--,828,309672,买盘
1313,11:04:51,3.74,--,50,18700,买盘
1314,11:04:45,3.74,--,20,7480,买盘
1315,11:04:42,3.74,--,7,2618,买盘
1316,11:04:36,3.74,--,157,58718,卖盘
1317,11:04:30,3.74,0.01,60,22440,买盘
1318,11:04:21,3.73,--,221,82433,卖盘
1319,11:04:11,3.73,--,0,0,卖盘
1320,11:04:06,3.73,--,2,746,卖盘
1321,11:04:00,3.73,-0.01,50,18650,卖盘
1322,11:03:57,3.74,--,119,44506,卖盘
1323,11:03:51,3.74,--,1881,703494,买盘
1324,11:03:41,3.74,--,33,12342,买盘
1325,11:03:35,3.74,0.01,243,90882,买盘
1326,11:03:30,3.73,--,96,35808,卖盘
1327,11:03:21,3.73,-0.01,54,20142,卖盘
1328,11:03:15,3.74,--,408,152592,卖盘
1329,11:03:12,3.74,0.01,313,117062,买盘
1330,11:03:06,3.73,--,385,143687,卖盘
1331,11:03:00,3.73,--,54,20142,卖盘
1332,11:02:57,3.73,--,199,74227,卖盘
1333,11:02:51,3.73,--,534,199297,卖盘
1334,11:02:45,3.73,--,54,20142,卖盘
1335,11:02:41,3.73,--,292,108916,卖盘
1336,11:02:35,3.73,--,0,0,卖盘
1337,11:02:29,3.73,--,36,13428,卖盘
1338,11:02:20,3.73,--,221,82433,卖盘
1339,11:02:05,3.73,-0.01,565,210886,卖盘
1340,11:01:57,3.74,--,0,0,卖盘
1341,11:01:51,3.74,--,644,240856,卖盘
1342,11:01:41,3.74,--,508,189992,卖盘
1343,11:01:35,3.74,--,1,374,卖盘
1344,11:01:27,3.74,--,567,212058,买盘
1345,11:01:11,3.74,--,494,184763,买盘
1346,11:01:06,3.74,--,1005,376236,卖盘
1347,11:00:57,3.74,--,121,45254,卖盘
1348,11:00:50,3.74,--,252,94248,卖盘
1349,11:00:45,3.74,-0.01,10,3740,卖盘
1350,11:00:41,3.75,0.01,5,1875,买盘
1351,11:00:29,3.74,--,292,109361,卖盘
1352,11:00:26,3.74,--,262,97988,卖盘
1353,11:00:21,3.74,--,221,82654,卖盘
1354,11:00:05,3.74,--,3,1122,卖盘
1355,10:59:50,3.74,--,141,52734,卖盘
1356,10:59:45,3.74,--,251,93874,卖盘
1357,10:59:36,3.74,-0.01,10,3740,卖盘
1358,10:59:25,3.75,0.01,6,2250,买盘
1359,10:59:20,3.74,--,230,86020,卖盘
1360,10:59:06,3.74,--,81,30294,卖盘
1361,10:58:54,3.74,--,295,110330,卖盘
1362,10:58:50,3.74,--,744,278327,卖盘
1363,10:58:44,3.74,--,251,93874,卖盘
1364,10:58:24,3.74,--,4,1496,卖盘
1365,10:58:21,3.74,--,221,82654,卖盘
1366,10:58:10,3.74,--,221,82654,卖盘
1367,10:58:05,3.74,--,141,52734,卖盘
1368,10:57:50,3.74,-0.01,161,60214,卖盘
1369,10:57:44,3.75,0.01,278,104250,买盘
1370,10:57:35,3.74,--,252,94248,卖盘
1371,10:57:23,3.74,--,222,83383,卖盘
1372,10:57:21,3.74,-0.01,35,13090,卖盘
1373,10:57:14,3.75,--,30,11250,买盘
1374,10:57:05,3.75,--,21,7875,买盘
1375,10:57:00,3.75,--,1477,553875,买盘
1376,10:56:36,3.75,--,273,102375,买盘
1377,10:56:30,3.75,--,66,24750,买盘
1378,10:56:24,3.75,0.01,59,22125,买盘
1379,10:56:21,3.74,--,976,365024,卖盘
1380,10:56:14,3.74,--,10,3740,卖盘
1381,10:56:05,3.74,--,22,8228,卖盘
1382,10:55:59,3.74,--,874,327119,卖盘
1383,10:55:53,3.74,--,5,1870,卖盘
1384,10:55:50,3.74,-0.01,11,4114,卖盘
1385,10:55:35,3.75,0.01,19,7125,买盘
1386,10:55:20,3.74,--,490,183260,卖盘
1387,10:55:08,3.74,-0.01,221,82654,卖盘
1388,10:55:05,3.75,0.01,19,7125,买盘
1389,10:54:59,3.74,--,305,114070,卖盘
1390,10:54:53,3.74,--,242,90508,卖盘
1391,10:54:50,3.74,--,141,52734,卖盘
1392,10:54:44,3.74,--,263,98362,卖盘
1393,10:54:35,3.74,--,256,95744,卖盘
1394,10:54:30,3.74,--,273,102102,卖盘
1395,10:54:14,3.74,-0.01,30,11220,卖盘
1396,10:54:09,3.75,0.01,2,750,买盘
1397,10:54:05,3.74,-0.01,506,189247,卖盘
1398,10:53:50,3.75,0.01,108,40500,买盘
1399,10:53:44,3.74,-0.01,899,336226,卖盘
1400,10:53:39,3.75,--,87,32625,买盘
1401,10:53:30,3.75,--,263,98625,买盘
1402,10:53:24,3.75,0.01,87,32625,买盘
1403,10:53:20,3.74,-0.01,490,183260,卖盘
1404,10:53:15,3.75,0.01,527,197846,买盘
1405,10:53:09,3.74,--,21,7969,卖盘
1406,10:53:05,3.74,--,6,2244,卖盘
1407,10:53:00,3.74,--,85,31790,卖盘
1408,10:52:53,3.74,--,50,18700,卖盘
1409,10:52:50,3.74,--,141,52734,卖盘
1410,10:52:44,3.74,--,257,96118,卖盘
1411,10:52:38,3.74,-0.01,100,37400,卖盘
1412,10:52:30,3.75,0.01,100,37500,买盘
1413,10:52:20,3.74,--,490,183260,卖盘
1414,10:52:15,3.74,--,200,74800,卖盘
1415,10:52:09,3.74,--,31,11594,卖盘
1416,10:52:05,3.74,-0.01,1,374,卖盘
1417,10:51:59,3.75,0.01,2,750,买盘
1418,10:51:53,3.74,--,474,177276,卖盘
1419,10:51:50,3.74,--,143,53482,卖盘
1420,10:51:44,3.74,--,261,97614,卖盘
1421,10:51:38,3.74,--,33,12342,卖盘
1422,10:51:32,3.74,--,58,21692,卖盘
1423,10:51:29,3.74,--,164,61336,卖盘
1424,10:51:24,3.74,--,50,18700,卖盘
1425,10:51:17,3.74,--,969,362406,卖盘
1426,10:51:09,3.74,--,338,126412,卖盘
1427,10:51:04,3.74,--,104,38896,卖盘
1428,10:50:59,3.74,--,150,56100,卖盘
1429,10:50:53,3.74,--,218,81532,卖盘
1430,10:50:49,3.74,--,355,132770,卖盘
1431,10:50:44,3.74,--,732,273820,卖盘
1432,10:50:38,3.74,--,270,100980,卖盘
1433,10:50:35,3.74,--,113,42512,卖盘
1434,10:50:30,3.74,--,98,36652,卖盘
1435,10:50:23,3.74,--,464,173536,卖盘
1436,10:50:19,3.74,--,269,100606,卖盘
1437,10:50:15,3.74,--,9,3366,卖盘
1438,10:50:08,3.74,--,104,38896,卖盘
1439,10:50:04,3.74,--,80,29920,卖盘
1440,10:50:00,3.74,-0.01,561,209986,卖盘
1441,10:49:54,3.75,0.01,23,8625,买盘
1442,10:49:49,3.74,--,305,114070,卖盘
1443,10:49:44,3.74,--,251,93874,卖盘
1444,10:49:30,3.74,-0.01,268,100232,卖盘
1445,10:49:17,3.75,--,3,1125,买盘
1446,10:49:14,3.75,--,66,24750,买盘
1447,10:49:08,3.75,0.01,2,750,买盘
1448,10:49:02,3.74,--,141,52734,卖盘
1449,10:49:00,3.74,-0.01,13,4862,卖盘
1450,10:48:53,3.75,0.01,1,375,买盘
1451,10:48:47,3.74,-0.01,392,146608,卖盘
1452,10:48:44,3.75,0.01,18,6750,买盘
1453,10:48:38,3.74,--,87,32538,卖盘
1454,10:48:32,3.74,-0.01,3,1122,卖盘
1455,10:48:23,3.75,--,347,130391,买盘
1456,10:48:14,3.75,0.01,112,42000,买盘
1457,10:48:02,3.74,--,10,3740,卖盘
1458,10:47:59,3.74,--,167,62458,卖盘
1459,10:47:53,3.74,-0.01,13,4862,卖盘
1460,10:47:47,3.75,--,1090,408750,买盘
1461,10:47:44,3.75,0.01,9,3375,买盘
1462,10:47:32,3.74,-0.01,48,17952,卖盘
1463,10:47:29,3.75,--,8,3000,买盘
1464,10:47:23,3.75,--,322,120750,买盘
1465,10:47:17,3.75,0.01,18,6750,买盘
1466,10:47:14,3.74,-0.01,10,3740,卖盘
1467,10:47:08,3.75,--,18,6750,买盘
1468,10:46:59,3.75,--,14,5250,买盘
1469,10:46:54,3.75,0.01,37,13875,买盘
1470,10:46:47,3.74,-0.01,468,175364,卖盘
1471,10:46:44,3.75,0.01,8,3000,买盘
1472,10:46:39,3.74,-0.01,93,34782,卖盘
1473,10:46:32,3.75,0.01,8,3000,买盘
1474,10:46:29,3.74,--,52,19448,卖盘
1475,10:46:23,3.74,--,162,60588,卖盘
1476,10:46:17,3.74,--,8,2992,卖盘
1477,10:46:14,3.74,-0.01,62,23188,卖盘
1478,10:46:08,3.75,0.01,312,117000,买盘
1479,10:46:02,3.74,--,262,97988,卖盘
1480,10:45:53,3.74,--,453,169422,卖盘
1481,10:45:47,3.74,--,358,133892,卖盘
1482,10:45:43,3.74,--,10,3740,卖盘
1483,10:45:38,3.74,--,366,136884,卖盘
1484,10:45:32,3.74,--,376,140706,卖盘
1485,10:45:28,3.74,--,116,43384,卖盘
1486,10:45:24,3.74,--,108,40392,卖盘
1487,10:45:17,3.74,--,83,31042,卖盘
1488,10:45:09,3.74,--,257,96118,卖盘
1489,10:45:02,3.74,-0.01,250,93500,卖盘
1490,10:44:59,3.75,--,2,750,买盘
1491,10:44:53,3.75,0.01,94,35250,买盘
1492,10:44:47,3.74,--,508,189992,卖盘
1493,10:44:32,3.74,-0.01,68,25432,卖盘
1494,10:44:23,3.75,--,8,3000,买盘
1495,10:44:17,3.75,0.01,40,15000,买盘
1496,10:44:13,3.74,--,27,10098,卖盘
1497,10:44:08,3.74,-0.01,890,332860,卖盘
1498,10:44:02,3.75,--,7,2625,买盘
1499,10:43:47,3.75,--,517,194017,买盘
1500,10:43:38,3.75,0.01,46,17250,买盘
1501,10:43:32,3.74,-0.01,330,123535,卖盘
1502,10:43:28,3.75,0.01,8,3000,买盘
1503,10:43:23,3.74,-0.01,18,6732,卖盘
1504,10:43:16,3.75,0.01,8,3000,买盘
1505,10:43:11,3.74,--,93,34782,卖盘
1506,10:43:08,3.74,--,662,247588,卖盘
1507,10:43:02,3.74,-0.01,49,18326,卖盘
1508,10:42:56,3.75,--,109,40875,买盘
1509,10:42:53,3.75,--,59,22125,买盘
1510,10:42:47,3.75,--,10,3750,买盘
1511,10:42:41,3.75,--,18,6750,买盘
1512,10:42:32,3.75,--,20,7500,买盘
1513,10:42:23,3.75,0.01,10,3750,买盘
1514,10:42:17,3.74,-0.01,100,37400,卖盘
1515,10:42:08,3.75,0.01,146,54750,买盘
1516,10:42:02,3.74,--,83,31042,卖盘
1517,10:41:56,3.74,--,5,1870,卖盘
1518,10:41:53,3.74,-0.01,428,160120,卖盘
1519,10:41:48,3.75,--,46,17250,买盘
1520,10:41:42,3.75,--,30,11250,买盘
1521,10:41:38,3.75,0.01,758,284250,买盘
1522,10:41:27,3.74,--,221,82654,卖盘
1523,10:41:17,3.74,--,678,253747,卖盘
1524,10:41:11,3.74,--,10,3740,卖盘
1525,10:41:08,3.74,-0.01,2154,805596,卖盘
1526,10:41:02,3.75,--,72,27000,买盘
1527,10:40:53,3.75,0.01,311,116625,买盘
1528,10:40:48,3.74,-0.01,50,18700,卖盘
1529,10:40:41,3.75,0.01,9,3375,买盘
1530,10:40:38,3.74,-0.01,212,79288,卖盘
1531,10:40:32,3.75,0.01,8,3000,买盘
1532,10:40:23,3.74,-0.01,28,10472,卖盘
1533,10:40:17,3.75,--,637,238875,买盘
1534,10:40:08,3.75,0.01,507,190125,买盘
1535,10:40:02,3.74,-0.01,1,374,卖盘
1536,10:39:56,3.75,--,8,3000,买盘
1537,10:39:47,3.75,0.01,38,14250,买盘
1538,10:39:41,3.74,-0.01,366,136884,卖盘
1539,10:39:38,3.75,--,9,3375,买盘
1540,10:39:26,3.75,--,8,3000,买盘
1541,10:39:23,3.75,--,567,212625,买盘
1542,10:39:17,3.75,0.01,10,3750,买盘
1543,10:39:02,3.74,--,275,102939,卖盘
1544,10:38:56,3.74,-0.01,205,76670,卖盘
1545,10:38:52,3.75,0.01,8,3000,买盘
1546,10:38:41,3.74,-0.01,28,10472,卖盘
1547,10:38:32,3.75,--,14,5250,买盘
1548,10:38:26,3.75,--,93,34875,买盘
1549,10:38:22,3.75,--,64,24000,买盘
1550,10:38:18,3.75,0.01,116,43500,买盘
1551,10:38:11,3.74,--,246,92004,卖盘
1552,10:38:02,3.74,--,525,196484,卖盘
1553,10:37:56,3.74,-0.01,175,65450,卖盘
1554,10:37:47,3.75,0.01,39,14625,买盘
1555,10:37:41,3.74,-0.01,134,50116,卖盘
1556,10:37:32,3.75,--,9,3375,买盘
1557,10:37:26,3.75,--,8,3000,买盘
1558,10:37:22,3.75,--,5,1875,买盘
1559,10:37:17,3.75,--,4,1500,买盘
1560,10:37:11,3.75,--,8,3000,买盘
1561,10:37:05,3.75,0.01,176,66000,买盘
1562,10:37:02,3.74,--,273,102102,卖盘
1563,10:36:56,3.74,-0.01,25,9350,卖盘
1564,10:36:53,3.75,0.01,264,99000,买盘
1565,10:36:47,3.74,--,15,5610,卖盘
1566,10:36:41,3.74,-0.01,324,121176,卖盘
1567,10:36:32,3.75,--,209,78375,买盘
1568,10:36:26,3.75,--,255,95625,买盘
1569,10:36:17,3.75,--,428,160740,买盘
1570,10:36:11,3.75,--,350,131250,买盘
1571,10:36:08,3.75,0.01,109,40875,买盘
1572,10:36:02,3.74,--,17,6358,卖盘
1573,10:35:56,3.74,--,53,19822,卖盘
1574,10:35:53,3.74,--,3,1122,卖盘
1575,10:35:47,3.74,--,108,40392,卖盘
1576,10:35:41,3.74,--,10,3740,卖盘
1577,10:35:33,3.74,--,38,14212,卖盘
1578,10:35:26,3.74,-0.01,10,3740,卖盘
1579,10:35:20,3.75,--,8,3000,买盘
1580,10:35:17,3.75,--,2924,1096687,买盘
1581,10:35:11,3.75,0.01,8,3000,买盘
1582,10:35:05,3.74,-0.01,660,246840,卖盘
1583,10:35:02,3.75,0.01,9,3375,买盘
1584,10:34:56,3.74,-0.01,20,7480,卖盘
1585,10:34:47,3.75,0.01,185,69375,买盘
1586,10:34:41,3.74,--,506,189603,卖盘
1587,10:34:26,3.74,-0.01,221,82654,卖盘
1588,10:34:16,3.75,--,9,3375,买盘
1589,10:34:11,3.75,--,268,100500,买盘
1590,10:34:05,3.75,0.01,2119,794625,买盘
1591,10:34:02,3.74,-0.01,11,4114,卖盘
1592,10:33:56,3.75,--,9,3375,买盘
1593,10:33:50,3.75,--,220,82616,买盘
1594,10:33:47,3.75,--,211,79125,买盘
1595,10:33:41,3.75,0.01,19,7125,买盘
1596,10:33:32,3.74,--,42,15708,卖盘
1597,10:33:20,3.74,-0.01,208,77792,卖盘
1598,10:33:11,3.75,0.01,264,99000,买盘
1599,10:33:02,3.74,--,508,189992,卖盘
1600,10:32:56,3.74,-0.01,317,118909,卖盘
1601,10:32:47,3.75,--,208,78000,买盘
1602,10:32:35,3.75,0.01,8,3000,买盘
1603,10:32:32,3.74,--,114,42938,卖盘
1604,10:32:26,3.74,-0.01,64,23936,卖盘
1605,10:32:17,3.75,0.01,7,2625,买盘
1606,10:32:11,3.74,--,10,3740,卖盘
1607,10:32:05,3.74,--,489,183132,卖盘
1608,10:32:02,3.74,-0.01,54,20196,卖盘
1609,10:31:56,3.75,0.01,9,3375,买盘
1610,10:31:50,3.74,--,100,37400,卖盘
1611,10:31:47,3.74,-0.01,379,141746,卖盘
1612,10:31:41,3.75,--,7,2625,买盘
1613,10:31:31,3.75,0.01,8,3000,买盘
1614,10:31:26,3.74,-0.01,60,22440,卖盘
1615,10:31:20,3.75,--,58,21750,买盘
1616,10:31:11,3.75,0.01,9,3375,买盘
1617,10:31:05,3.74,--,201,75174,卖盘
1618,10:31:01,3.74,-0.01,10,3740,卖盘
1619,10:30:56,3.75,0.01,188,70500,买盘
1620,10:30:50,3.74,--,29,10846,卖盘
1621,10:30:46,3.74,--,54,20196,卖盘
1622,10:30:35,3.74,--,319,119306,卖盘
1623,10:30:26,3.74,--,169,63206,卖盘
1624,10:30:20,3.74,--,54,20196,卖盘
1625,10:30:16,3.74,--,100,37400,卖盘
1626,10:30:11,3.74,--,62,23188,卖盘
1627,10:30:05,3.74,-0.01,63,23562,卖盘
1628,10:29:50,3.75,0.01,10,3750,买盘
1629,10:29:45,3.74,-0.01,307,115068,卖盘
1630,10:29:41,3.75,--,7,2625,买盘
1631,10:29:29,3.75,--,9,3375,买盘
1632,10:29:20,3.75,--,30,11250,买盘
1633,10:29:11,3.75,--,38,14250,买盘
1634,10:29:05,3.75,0.01,4,1500,买盘
1635,10:28:59,3.74,-0.01,479,179493,卖盘
1636,10:28:56,3.75,--,9,3375,买盘
1637,10:28:44,3.75,--,18,6750,买盘
1638,10:28:35,3.75,0.01,36,13500,买盘
1639,10:28:26,3.74,-0.01,67,25058,卖盘
1640,10:28:20,3.75,--,1,375,买盘
1641,10:28:11,3.75,0.01,8,3000,买盘
1642,10:28:05,3.74,--,10,3740,卖盘
1643,10:27:59,3.74,-0.01,61,22814,卖盘
1644,10:27:50,3.75,--,8,3000,买盘
1645,10:27:41,3.75,--,9,3375,买盘
1646,10:27:29,3.75,0.01,8,3000,买盘
1647,10:27:26,3.74,-0.01,296,110704,卖盘
1648,10:27:20,3.75,--,9,3375,买盘
1649,10:27:11,3.75,--,10,3750,买盘
1650,10:26:59,3.75,--,3,1125,买盘
1651,10:26:56,3.75,--,9,3375,买盘
1652,10:26:44,3.75,--,8,3000,买盘
1653,10:26:41,3.75,0.01,10,3750,买盘
1654,10:26:35,3.74,--,242,90777,卖盘
1655,10:26:29,3.74,--,17,6358,卖盘
1656,10:26:26,3.74,-0.01,623,233331,卖盘
1657,10:26:20,3.75,--,19,7125,买盘
1658,10:26:11,3.75,0.01,8,3000,买盘
1659,10:26:05,3.74,-0.01,1,374,卖盘
1660,10:25:59,3.75,0.01,8,3000,买盘
1661,10:25:50,3.74,-0.01,138,51612,卖盘
1662,10:25:41,3.75,0.01,264,99000,买盘
1663,10:25:35,3.74,-0.01,1,374,卖盘
1664,10:25:26,3.75,0.01,8,3000,买盘
1665,10:25:20,3.74,-0.01,101,37774,卖盘
1666,10:25:14,3.75,--,8,3000,买盘
1667,10:25:05,3.75,0.01,10,3750,买盘
1668,10:24:59,3.74,-0.01,177,66198,卖盘
1669,10:24:56,3.75,0.01,8,3000,买盘
1670,10:24:44,3.74,--,492,184008,卖盘
1671,10:24:35,3.74,-0.01,17,6358,卖盘
1672,10:24:29,3.75,0.01,11,4125,买盘
1673,10:24:25,3.74,-0.01,100,37400,卖盘
1674,10:24:20,3.75,--,9,3375,买盘
1675,10:24:14,3.75,--,42,15750,买盘
1676,10:24:10,3.75,0.01,29,10991,买盘
1677,10:24:05,3.74,-0.01,670,250826,卖盘
1678,10:23:59,3.75,0.01,184,69000,买盘
1679,10:23:54,3.74,--,10,3740,卖盘
1680,10:23:50,3.74,--,79,29546,卖盘
1681,10:23:40,3.74,--,19,7106,卖盘
1682,10:23:35,3.74,-0.01,2273,850102,卖盘
1683,10:23:29,3.75,0.01,39,14625,买盘
1684,10:23:23,3.74,--,180,67320,卖盘
1685,10:23:20,3.74,-0.01,200,74800,卖盘
1686,10:23:14,3.75,0.01,9,3375,买盘
1687,10:23:05,3.74,--,9,3366,卖盘
1688,10:22:59,3.74,-0.01,39,14586,卖盘
1689,10:22:54,3.75,0.01,8,3000,买盘
1690,10:22:50,3.74,-0.01,7,2618,卖盘
1691,10:22:44,3.75,0.01,308,115500,买盘
1692,10:22:35,3.74,--,713,267013,卖盘
1693,10:22:25,3.74,-0.01,55,20570,卖盘
1694,10:22:20,3.75,0.01,9,3375,买盘
1695,10:22:14,3.74,-0.01,9,3366,卖盘
1696,10:22:08,3.75,0.01,30,11250,买盘
1697,10:22:05,3.74,--,21,7854,卖盘
1698,10:21:59,3.74,--,10,3740,卖盘
1699,10:21:53,3.74,-0.01,12,4488,卖盘
1700,10:21:50,3.75,--,2115,793125,买盘
1701,10:21:44,3.75,0.01,263,98625,买盘
1702,10:21:38,3.74,-0.01,155,57970,卖盘
1703,10:21:35,3.75,--,203,76125,买盘
1704,10:21:29,3.75,0.02,8,3000,买盘
1705,10:21:20,3.73,-0.02,369,137946,卖盘
1706,10:21:14,3.75,0.01,184,69000,买盘
1707,10:21:08,3.74,-0.01,50,18700,卖盘
1708,10:21:05,3.75,0.01,363,136125,买盘
1709,10:20:59,3.74,--,6471,2420154,卖盘
1710,10:20:50,3.74,--,151,56474,卖盘
1711,10:20:44,3.74,--,300,112200,卖盘
1712,10:20:35,3.74,-0.01,231,86394,卖盘
1713,10:20:29,3.75,--,97,36375,买盘
1714,10:20:20,3.75,0.01,637,239163,买盘
1715,10:20:14,3.74,-0.01,4,1496,卖盘
1716,10:20:08,3.75,--,0,0,买盘
1717,10:20:05,3.75,0.01,2298,861750,买盘
1718,10:19:59,3.74,--,281,105094,买盘
1719,10:19:53,3.74,--,3,1122,买盘
1720,10:19:50,3.74,--,328,122672,买盘
1721,10:19:44,3.74,--,653,244222,卖盘
1722,10:19:38,3.74,0.01,2221,830654,买盘
1723,10:19:35,3.73,--,363,135399,卖盘
1724,10:19:29,3.73,--,14,5222,卖盘
1725,10:19:23,3.73,-0.01,100,37300,卖盘
1726,10:19:20,3.74,--,1535,574090,买盘
1727,10:19:14,3.74,--,233,87142,买盘
1728,10:19:08,3.74,--,176,65824,买盘
1729,10:19:05,3.74,--,28,10472,买盘
1730,10:18:59,3.74,0.01,28,10472,买盘
1731,10:18:53,3.73,-0.01,2,746,卖盘
1732,10:18:50,3.74,--,176,65824,买盘
1733,10:18:44,3.74,--,287,107338,买盘
1734,10:18:38,3.74,--,56,20944,买盘
1735,10:18:34,3.74,--,29,10846,买盘
1736,10:18:14,3.74,--,13,4862,买盘
1737,10:18:08,3.74,0.01,177,66198,买盘
1738,10:18:05,3.73,-0.01,22,8206,卖盘
1739,10:17:53,3.74,0.01,188,70312,买盘
1740,10:17:44,3.73,-0.01,8,2984,卖盘
1741,10:17:38,3.74,--,13,4862,买盘
1742,10:17:34,3.74,--,16,5984,买盘
1743,10:17:23,3.74,--,3292,1231208,卖盘
1744,10:17:19,3.74,--,23,8602,卖盘
1745,10:17:14,3.74,--,375,140250,卖盘
1746,10:17:08,3.74,--,869,325006,卖盘
1747,10:17:05,3.74,--,10,3740,卖盘
1748,10:16:59,3.74,--,113,42262,卖盘
1749,10:16:49,3.74,--,1,374,卖盘
1750,10:16:44,3.74,--,143,53482,卖盘
1751,10:16:38,3.74,--,220,82280,卖盘
1752,10:16:34,3.74,--,119,44506,卖盘
1753,10:16:29,3.74,--,12,4488,卖盘
1754,10:16:23,3.74,--,20,7480,卖盘
1755,10:16:14,3.74,-0.01,477,178398,卖盘
1756,10:15:59,3.75,0.01,46,17250,买盘
1757,10:15:53,3.74,--,717,268158,卖盘
1758,10:15:44,3.74,-0.01,305,114070,卖盘
1759,10:15:38,3.75,0.01,205,76875,买盘
1760,10:15:34,3.74,--,72,26928,卖盘
1761,10:15:29,3.74,-0.01,144,53856,卖盘
1762,10:15:19,3.75,0.01,9,3375,买盘
1763,10:15:14,3.74,--,84,31416,卖盘
1764,10:15:08,3.74,--,155,57970,卖盘
1765,10:14:59,3.74,--,2149,803726,卖盘
1766,10:14:52,3.74,--,101,37774,卖盘
1767,10:14:43,3.74,-0.01,75,28050,卖盘
1768,10:14:38,3.75,0.01,55,20625,买盘
1769,10:14:28,3.74,--,231,86509,卖盘
1770,10:14:23,3.74,-0.01,18,6732,卖盘
1771,10:14:17,3.75,--,9,3375,买盘
1772,10:14:08,3.75,0.01,10,3750,买盘
1773,10:14:02,3.74,-0.01,10,3740,卖盘
1774,10:13:58,3.75,--,7,2625,买盘
1775,10:13:53,3.75,0.01,1,375,买盘
1776,10:13:47,3.74,--,2,748,卖盘
1777,10:13:44,3.74,-0.01,105,39270,卖盘
1778,10:13:38,3.75,0.01,8,3000,买盘
1779,10:13:29,3.74,-0.01,12,4488,卖盘
1780,10:13:23,3.75,0.01,138,51750,买盘
1781,10:13:16,3.74,-0.01,10,3740,卖盘
1782,10:13:13,3.75,0.01,9,3375,买盘
1783,10:13:08,3.74,-0.01,77,28798,卖盘
1784,10:13:02,3.75,--,1,375,买盘
1785,10:12:59,3.75,--,314,117896,买盘
1786,10:12:53,3.75,--,220,82500,买盘
1787,10:12:47,3.75,0.01,16,6000,买盘
1788,10:12:44,3.74,-0.01,10,3740,卖盘
1789,10:12:38,3.75,--,69,25875,买盘
1790,10:12:32,3.75,0.01,2100,787500,买盘
1791,10:12:29,3.74,-0.01,128,47872,卖盘
1792,10:12:17,3.75,--,8,3000,买盘
1793,10:12:08,3.75,--,10,3750,买盘
1794,10:12:02,3.75,0.01,2,750,买盘
1795,10:11:59,3.74,--,557,208396,卖盘
1796,10:11:53,3.74,--,24,8976,卖盘
1797,10:11:47,3.74,-0.01,10,3740,卖盘
1798,10:11:44,3.75,0.01,9,3375,买盘
1799,10:11:38,3.74,-0.01,59,22066,卖盘
1800,10:11:31,3.75,--,316,118826,买盘
1801,10:11:23,3.75,0.01,8,3000,买盘
1802,10:11:17,3.74,0.01,63,23562,卖盘
1803,10:11:13,3.73,--,0,0,卖盘
1804,10:11:07,3.73,-0.02,1,373,卖盘
1805,10:11:01,3.75,--,8,3000,买盘
1806,10:10:58,3.75,0.02,510,191250,买盘
1807,10:10:52,3.73,-0.01,29,10817,卖盘
1808,10:10:38,3.74,0.01,308,115192,买盘
1809,10:10:32,3.73,-0.01,756,281988,卖盘
1810,10:10:28,3.74,0.01,199,74426,买盘
1811,10:10:22,3.73,-0.01,1027,383071,卖盘
1812,10:10:16,3.74,--,41,15334,卖盘
1813,10:10:08,3.74,--,130,48620,卖盘
1814,10:10:01,3.74,--,69,25806,卖盘
1815,10:09:53,3.74,-0.01,71,26554,卖盘
1816,10:09:47,3.75,0.01,226,84750,买盘
1817,10:09:41,3.74,--,479,179419,卖盘
1818,10:09:37,3.74,--,6,2244,卖盘
1819,10:09:31,3.74,-0.01,108,40392,卖盘
1820,10:09:22,3.75,--,126,47250,买盘
1821,10:09:17,3.75,0.01,3116,1168500,买盘
1822,10:09:11,3.74,--,10,3740,买盘
1823,10:09:08,3.74,--,33,12342,买盘
1824,10:09:01,3.74,--,8,2992,买盘
1825,10:08:53,3.74,--,22,8228,卖盘
1826,10:08:47,3.74,0.01,2236,836264,买盘
1827,10:08:38,3.73,--,65,24245,卖盘
1828,10:08:32,3.73,-0.01,26,9698,卖盘
1829,10:08:26,3.74,0.01,209,78166,买盘
1830,10:08:17,3.73,-0.01,1475,550175,卖盘
1831,10:08:08,3.74,--,2,748,买盘
1832,10:08:02,3.74,0.01,208,77792,买盘
1833,10:07:53,3.73,-0.01,143,53376,卖盘
1834,10:07:47,3.74,--,3,1122,买盘
1835,10:07:41,3.74,--,9,3366,买盘
1836,10:07:38,3.74,--,1231,460394,买盘
1837,10:07:32,3.74,--,1564,584936,买盘
1838,10:07:26,3.74,--,15,5610,买盘
1839,10:07:23,3.74,--,2142,801108,卖盘
1840,10:07:17,3.74,--,37,13838,卖盘
1841,10:07:11,3.74,-0.01,171,63954,卖盘
1842,10:07:07,3.75,0.02,180,67500,买盘
1843,10:07:02,3.73,-0.02,1945,725485,卖盘
1844,10:06:55,3.75,0.01,461,172875,买盘
1845,10:06:53,3.74,--,113,42262,卖盘
1846,10:06:47,3.74,--,244,91256,卖盘
1847,10:06:41,3.74,--,113,42262,卖盘
1848,10:06:37,3.74,--,768,287232,卖盘
1849,10:06:31,3.74,-0.01,177,66198,卖盘
1850,10:06:22,3.75,0.01,8,3000,买盘
1851,10:06:17,3.74,--,44,16456,卖盘
1852,10:06:08,3.74,-0.01,51,19074,卖盘
1853,10:06:02,3.75,0.01,245,91875,买盘
1854,10:05:55,3.74,--,18,6732,卖盘
1855,10:05:53,3.74,0.01,1194,446556,卖盘
1856,10:05:47,3.73,-0.01,4684,1747132,卖盘
1857,10:05:41,3.74,--,58,21692,买盘
1858,10:05:38,3.74,--,33,12342,买盘
1859,10:05:32,3.74,--,181,67694,买盘
1860,10:05:23,3.74,--,1120,418880,买盘
1861,10:05:17,3.74,--,1976,739024,买盘
1862,10:05:08,3.74,0.01,585,218790,买盘
1863,10:05:01,3.73,-0.01,112,41776,卖盘
1864,10:04:55,3.74,--,9,3366,买盘
1865,10:04:53,3.74,--,112,41888,买盘
1866,10:04:46,3.74,0.01,28,10472,买盘
1867,10:04:41,3.73,-0.01,1002,373746,卖盘
1868,10:04:34,3.74,0.01,8,2992,买盘
1869,10:04:32,3.73,-0.01,282,105186,卖盘
1870,10:04:26,3.74,0.01,8,2992,买盘
1871,10:04:22,3.73,--,100,37300,卖盘
1872,10:04:17,3.73,-0.01,70,26110,卖盘
1873,10:04:11,3.74,--,119,44506,买盘
1874,10:04:07,3.74,--,2730,1021020,买盘
1875,10:04:01,3.74,--,519,194106,买盘
1876,10:03:52,3.74,--,104,38896,买盘
1877,10:03:47,3.74,--,115,43010,买盘
1878,10:03:41,3.74,--,9,3366,买盘
1879,10:03:32,3.74,--,9,3366,买盘
1880,10:03:25,3.74,--,573,214302,买盘
1881,10:03:22,3.74,--,30,11220,买盘
1882,10:03:17,3.74,0.01,138,51612,买盘
1883,10:03:11,3.73,-0.01,208,77584,卖盘
1884,10:03:07,3.74,0.01,45,16830,买盘
1885,10:03:02,3.73,-0.01,65,24245,卖盘
1886,10:02:56,3.74,--,8,2992,买盘
1887,10:02:52,3.74,0.01,20,7480,买盘
1888,10:02:47,3.73,--,53,19769,卖盘
1889,10:02:40,3.73,-0.01,108,40284,卖盘
1890,10:02:35,3.74,--,4,1496,买盘
1891,10:02:32,3.74,--,713,266662,买盘
1892,10:02:26,3.74,0.01,178,66572,买盘
1893,10:02:16,3.73,-0.01,20,7460,卖盘
1894,10:02:11,3.74,--,24,8976,买盘
1895,10:02:07,3.74,--,4,1496,买盘
1896,10:02:02,3.74,0.01,411,153714,买盘
1897,10:01:55,3.73,--,173,64529,卖盘
1898,10:01:51,3.73,-0.01,567,211491,卖盘
1899,10:01:41,3.74,--,316,118184,买盘
1900,10:01:37,3.74,--,5,1870,买盘
1901,10:01:32,3.74,--,17,6358,买盘
1902,10:01:25,3.74,0.01,136,50864,买盘
1903,10:01:19,3.73,-0.01,54,20142,卖盘
1904,10:01:16,3.74,0.01,437,163438,买盘
1905,10:01:10,3.73,-0.01,489,182397,卖盘
1906,10:01:04,3.74,--,8,2992,买盘
1907,10:01:01,3.74,--,1060,396440,买盘
1908,10:00:56,3.74,0.01,9,3366,买盘
1909,10:00:49,3.73,--,488,182024,卖盘
1910,10:00:47,3.73,--,147,54831,卖盘
1911,10:00:41,3.73,-0.01,1,373,卖盘
1912,10:00:34,3.74,--,194,72556,买盘
1913,10:00:32,3.74,0.01,110,41140,买盘
1914,10:00:26,3.73,-0.01,282,105186,卖盘
1915,10:00:20,3.74,--,8,2992,买盘
1916,10:00:17,3.74,0.01,174,65076,买盘
1917,10:00:11,3.73,--,317,118241,卖盘
1918,10:00:05,3.73,--,1,373,卖盘
1919,10:00:01,3.73,-0.01,41,15293,卖盘
1920,09:59:56,3.74,0.01,538,201212,买盘
1921,09:59:50,3.73,-0.01,1,373,卖盘
1922,09:59:46,3.74,--,8,2992,买盘
1923,09:59:41,3.74,--,109,40766,买盘
1924,09:59:26,3.74,--,58,21692,买盘
1925,09:59:16,3.74,0.01,29,10846,买盘
1926,09:59:10,3.73,-0.01,466,173818,卖盘
1927,09:59:05,3.74,--,8,2992,买盘
1928,09:59:02,3.74,--,512,191488,买盘
1929,09:58:56,3.74,0.01,184,68816,买盘
1930,09:58:47,3.73,-0.01,50,18650,卖盘
1931,09:58:40,3.74,--,8,2992,买盘
1932,09:58:34,3.74,--,21,7854,买盘
1933,09:58:31,3.74,0.01,9,3366,买盘
1934,09:58:25,3.73,-0.01,288,107424,卖盘
1935,09:58:19,3.74,--,24,8976,买盘
1936,09:58:17,3.74,--,56,20944,买盘
1937,09:58:10,3.74,0.01,81,30294,买盘
1938,09:58:04,3.73,-0.01,1,373,卖盘
1939,09:58:01,3.74,0.01,123,46002,买盘
1940,09:57:55,3.73,-0.01,179,66875,卖盘
1941,09:57:49,3.74,--,462,172900,买盘
1942,09:57:40,3.74,--,20,7480,买盘
1943,09:57:34,3.74,0.01,290,108460,买盘
1944,09:57:31,3.73,--,30,11190,卖盘
1945,09:57:25,3.73,--,15,5595,卖盘
1946,09:57:19,3.73,-0.01,1154,430442,卖盘
1947,09:57:15,3.74,0.01,9,3366,买盘
1948,09:57:10,3.73,-0.01,354,132042,卖盘
1949,09:57:04,3.74,0.01,16,5984,买盘
1950,09:56:56,3.73,-0.01,93,34689,卖盘
1951,09:56:50,3.74,0.01,3,1122,买盘
1952,09:56:46,3.73,-0.01,22,8206,卖盘
1953,09:56:40,3.74,0.01,18,6732,买盘
1954,09:56:35,3.73,-0.01,109,40657,卖盘
1955,09:56:26,3.74,--,1,374,买盘
1956,09:56:19,3.74,0.01,108,40392,买盘
1957,09:56:16,3.73,--,319,118987,卖盘
1958,09:56:11,3.73,--,63,23499,卖盘
1959,09:56:04,3.73,--,125,46625,卖盘
1960,09:56:01,3.73,--,48,17904,卖盘
1961,09:55:56,3.73,--,222,82806,卖盘
1962,09:55:49,3.73,--,31,11563,卖盘
1963,09:55:46,3.73,--,372,138756,卖盘
1964,09:55:40,3.73,-0.01,257,95861,卖盘
1965,09:55:35,3.74,--,556,207944,买盘
1966,09:55:30,3.74,0.01,10,3740,买盘
1967,09:55:25,3.73,--,650,242450,卖盘
1968,09:55:19,3.73,--,234,87282,卖盘
1969,09:55:15,3.73,-0.01,19,7087,卖盘
1970,09:55:10,3.74,--,181,67694,买盘
1971,09:55:04,3.74,--,98,36652,买盘
1972,09:55:01,3.74,--,176,65824,买盘
1973,09:54:55,3.74,--,10,3740,买盘
1974,09:54:50,3.74,0.01,100,37400,买盘
1975,09:54:46,3.73,-0.01,112,41776,卖盘
1976,09:54:40,3.74,0.01,24,8976,买盘
1977,09:54:34,3.73,--,92,34316,卖盘
1978,09:54:30,3.73,-0.01,758,282734,卖盘
1979,09:54:25,3.74,--,545,203830,买盘
1980,09:54:20,3.74,--,320,119680,买盘
1981,09:54:14,3.74,0.01,5,1870,买盘
1982,09:54:11,3.73,-0.01,549,204777,卖盘
1983,09:54:04,3.74,--,223,83402,买盘
1984,09:53:58,3.74,--,20,7480,买盘
1985,09:53:55,3.74,0.01,29,10846,买盘
1986,09:53:49,3.73,-0.01,1996,744508,卖盘
1987,09:53:44,3.74,0.01,14,5236,买盘
1988,09:53:41,3.73,-0.01,28,10444,卖盘
1989,09:53:35,3.74,0.01,8,2992,买盘
1990,09:53:28,3.73,-0.01,10,3730,卖盘
1991,09:53:26,3.74,0.01,36,13464,买盘
1992,09:53:19,3.73,-0.01,9,3357,卖盘
1993,09:53:10,3.74,0.01,310,115940,买盘
1994,09:53:05,3.73,-0.01,10,3730,卖盘
1995,09:52:58,3.74,--,87,32538,买盘
1996,09:52:55,3.74,--,64,23936,买盘
1997,09:52:50,3.74,--,85,31790,买盘
1998,09:52:40,3.74,0.01,109,40766,买盘
1999,09:52:34,3.73,-0.01,44,16412,卖盘
2000,09:52:28,3.74,0.01,9,3366,买盘
2001,09:52:20,3.73,--,84,31332,卖盘
2002,09:52:13,3.73,--,2,746,卖盘
2003,09:52:10,3.73,-0.01,601,224173,卖盘
2004,09:52:04,3.74,0.01,1170,437580,买盘
2005,09:51:58,3.73,-0.01,36,13428,卖盘
2006,09:51:55,3.74,--,267,99858,买盘
2007,09:51:49,3.74,--,1862,696388,买盘
2008,09:51:43,3.74,--,10,3740,买盘
2009,09:51:40,3.74,0.01,40,14960,买盘
2010,09:51:35,3.73,--,1296,483408,卖盘
2011,09:51:25,3.73,--,454,169342,卖盘
2012,09:51:20,3.73,-0.01,958,357572,卖盘
2013,09:51:14,3.74,--,173,64702,卖盘
2014,09:51:10,3.74,--,271,101354,卖盘
2015,09:51:04,3.74,--,2529,945846,卖盘
2016,09:50:58,3.74,--,291,108834,卖盘
2017,09:50:55,3.74,--,114,42636,卖盘
2018,09:50:49,3.74,--,322,120428,卖盘
2019,09:50:43,3.74,--,6,2244,卖盘
2020,09:50:40,3.74,--,340,127160,卖盘
2021,09:50:34,3.74,--,263,98362,卖盘
2022,09:50:28,3.74,--,679,254316,卖盘
2023,09:50:25,3.74,--,11,4114,卖盘
2024,09:50:19,3.74,--,2041,763334,卖盘
2025,09:50:13,3.74,--,1567,586061,卖盘
2026,09:50:10,3.74,--,745,278630,卖盘
2027,09:50:04,3.74,--,1256,469744,卖盘
2028,09:49:59,3.74,--,1105,413270,卖盘
2029,09:49:55,3.74,--,121,45254,卖盘
2030,09:49:50,3.74,-0.01,1159,433466,卖盘
2031,09:49:43,3.75,0.01,8,3000,买盘
2032,09:49:40,3.74,-0.01,158,59092,卖盘
2033,09:49:34,3.75,--,108,40500,买盘
2034,09:49:20,3.75,0.01,159,59625,买盘
2035,09:49:13,3.74,--,59,22066,卖盘
2036,09:49:10,3.74,--,100,37400,卖盘
2037,09:49:04,3.74,-0.01,566,211684,卖盘
2038,09:48:58,3.75,0.01,8,3000,买盘
2039,09:48:50,3.74,--,109,40766,卖盘
2040,09:48:39,3.74,--,159,59466,卖盘
2041,09:48:34,3.74,--,1,374,卖盘
2042,09:48:28,3.74,--,94,35156,卖盘
2043,09:48:19,3.74,-0.01,382,142868,卖盘
2044,09:48:13,3.75,0.01,538,201750,买盘
2045,09:48:07,3.74,-0.01,100,37400,卖盘
2046,09:48:04,3.75,0.01,374,140250,买盘
2047,09:47:58,3.74,--,280,104720,卖盘
2048,09:47:52,3.74,--,12,4488,卖盘
2049,09:47:49,3.74,--,542,202708,卖盘
2050,09:47:43,3.74,--,126,47124,卖盘
2051,09:47:34,3.74,-0.01,40,14960,卖盘
2052,09:47:28,3.75,0.01,159,59625,买盘
2053,09:47:24,3.74,--,2,748,卖盘
2054,09:47:19,3.74,-0.01,482,180268,卖盘
2055,09:47:13,3.75,--,28,10500,买盘
2056,09:47:07,3.75,0.01,9,3375,买盘
2057,09:47:05,3.74,--,218,81532,卖盘
2058,09:46:58,3.74,-0.01,731,273394,卖盘
2059,09:46:52,3.75,0.01,274,102750,买盘
2060,09:46:49,3.74,--,109,40766,卖盘
2061,09:46:43,3.74,--,4,1496,卖盘
2062,09:46:37,3.74,--,3,1122,卖盘
2063,09:46:34,3.74,-0.01,87,32538,卖盘
2064,09:46:28,3.75,0.01,262,98250,买盘
2065,09:46:22,3.74,--,37,13838,卖盘
2066,09:46:19,3.74,--,226,84524,卖盘
2067,09:46:13,3.74,--,515,192610,卖盘
2068,09:46:07,3.74,--,689,257686,卖盘
2069,09:46:04,3.74,--,53,19822,卖盘
2070,09:45:58,3.74,--,101,37774,卖盘
2071,09:45:49,3.74,--,75,28050,卖盘
2072,09:45:43,3.74,--,561,209814,卖盘
2073,09:45:37,3.74,--,2,748,卖盘
2074,09:45:34,3.74,--,1048,391952,卖盘
2075,09:45:28,3.74,--,100,37400,卖盘
2076,09:45:13,3.74,-0.01,195,72930,卖盘
2077,09:45:07,3.75,0.01,1,375,买盘
2078,09:45:04,3.74,--,20,7480,卖盘
2079,09:44:58,3.74,-0.01,143,53482,卖盘
2080,09:44:52,3.75,0.01,517,193875,买盘
2081,09:44:49,3.74,--,2011,752114,卖盘
2082,09:44:43,3.74,--,200,74800,卖盘
2083,09:44:28,3.74,--,215,80410,卖盘
2084,09:44:19,3.74,--,121,45254,卖盘
2085,09:44:13,3.74,--,980,366520,卖盘
2086,09:44:07,3.74,--,35,13090,卖盘
2087,09:44:04,3.74,--,188,70312,卖盘
2088,09:43:58,3.74,--,221,82654,卖盘
2089,09:43:49,3.74,--,110,41140,卖盘
2090,09:43:43,3.74,--,100,37400,卖盘
2091,09:43:37,3.74,--,19,7106,卖盘
2092,09:43:28,3.74,--,194,72556,卖盘
2093,09:43:23,3.74,-0.01,120,44880,卖盘
2094,09:43:19,3.75,0.01,79,29625,买盘
2095,09:43:13,3.74,--,218,81532,卖盘
2096,09:43:07,3.74,-0.01,151,56474,卖盘
2097,09:43:04,3.75,0.01,2,750,买盘
2098,09:42:52,3.74,-0.01,111,41514,卖盘
2099,09:42:43,3.75,--,102,38250,买盘
2100,09:42:37,3.75,--,233,87375,买盘
2101,09:42:34,3.75,0.01,79,29625,买盘
2102,09:42:28,3.74,-0.01,14,5236,卖盘
2103,09:42:18,3.75,0.01,100,37500,买盘
2104,09:42:13,3.74,-0.01,289,108086,卖盘
2105,09:42:07,3.75,--,5,1875,买盘
2106,09:41:58,3.75,--,603,226125,买盘
2107,09:41:52,3.75,0.01,36,13500,买盘
2108,09:41:43,3.74,-0.01,634,237116,卖盘
2109,09:41:33,3.75,0.01,3,1125,买盘
2110,09:41:28,3.74,--,40,14960,卖盘
2111,09:41:22,3.74,--,162,60588,卖盘
2112,09:41:13,3.74,--,18,6732,卖盘
2113,09:41:07,3.74,-0.01,3,1122,卖盘
2114,09:41:01,3.75,0.01,510,191250,买盘
2115,09:40:58,3.74,--,1362,509388,卖盘
2116,09:40:52,3.74,-0.01,280,104720,卖盘
2117,09:40:46,3.75,0.01,200,75000,买盘
2118,09:40:43,3.74,--,105,39270,卖盘
2119,09:40:28,3.74,--,50,18700,卖盘
2120,09:40:22,3.74,--,372,139128,卖盘
2121,09:40:13,3.74,-0.01,165,61710,卖盘
2122,09:40:07,3.75,--,173,64875,买盘
2123,09:39:45,3.75,0.01,11,4125,买盘
2124,09:39:43,3.74,--,282,105468,卖盘
2125,09:39:37,3.74,--,87,32538,卖盘
2126,09:39:31,3.74,-0.01,177,66198,卖盘
2127,09:39:28,3.75,0.01,64,24000,买盘
2128,09:39:22,3.74,--,192,71808,卖盘
2129,09:39:13,3.74,--,165,61710,卖盘
2130,09:39:01,3.74,-0.01,60,22440,卖盘
2131,09:38:57,3.75,0.01,20,7500,买盘
2132,09:38:52,3.74,-0.01,2,748,卖盘
2133,09:38:43,3.75,--,19,7125,买盘
2134,09:38:22,3.75,0.01,10,3750,买盘
2135,09:38:13,3.74,--,877,327998,卖盘
2136,09:38:07,3.74,-0.01,251,93874,卖盘
2137,09:38:01,3.75,0.01,5,1875,买盘
2138,09:37:58,3.74,-0.01,18,6732,卖盘
2139,09:37:52,3.75,--,30,11250,买盘
2140,09:37:46,3.75,0.01,5,1875,买盘
2141,09:37:37,3.74,-0.01,61,22814,卖盘
2142,09:37:31,3.75,--,434,162750,买盘
2143,09:37:28,3.75,--,563,211125,买盘
2144,09:37:22,3.75,0.01,525,196875,买盘
2145,09:37:07,3.74,--,202,75548,卖盘
2146,09:36:58,3.74,--,55,20570,卖盘
2147,09:36:52,3.74,-0.01,26,9724,卖盘
2148,09:36:46,3.75,--,356,133500,买盘
2149,09:36:37,3.75,0.01,20,7500,买盘
2150,09:36:28,3.74,--,100,37400,卖盘
2151,09:36:16,3.74,-0.01,1072,400928,卖盘
2152,09:36:12,3.75,0.01,17,6375,买盘
2153,09:36:07,3.74,-0.01,8,2992,卖盘
2154,09:36:01,3.75,0.01,239,89625,买盘
2155,09:35:57,3.74,--,262,97988,卖盘
2156,09:35:52,3.74,-0.01,12,4488,卖盘
2157,09:35:46,3.75,0.01,400,150000,买盘
2158,09:35:42,3.74,--,186,69564,卖盘
2159,09:35:37,3.74,--,476,178024,卖盘
2160,09:35:31,3.74,-0.01,6,2244,卖盘
2161,09:35:27,3.75,--,107,40125,买盘
2162,09:35:22,3.75,--,276,103500,买盘
2163,09:35:16,3.75,--,30,11250,买盘
2164,09:35:13,3.75,--,101,37875,买盘
2165,09:35:07,3.75,0.01,61,22875,买盘
2166,09:35:01,3.74,--,14,5236,卖盘
2167,09:34:57,3.74,--,100,37400,卖盘
2168,09:34:52,3.74,--,164,61470,卖盘
2169,09:34:46,3.74,-0.01,315,117810,卖盘
2170,09:34:43,3.75,--,252,94500,买盘
2171,09:34:37,3.75,--,192,72000,买盘
2172,09:34:31,3.75,0.01,61,22875,买盘
2173,09:34:25,3.74,-0.01,280,104720,卖盘
2174,09:34:22,3.75,0.01,199,74625,买盘
2175,09:34:15,3.74,-0.01,2103,786522,卖盘
2176,09:34:07,3.75,--,297,111375,卖盘
2177,09:34:01,3.75,0.01,132,49500,买盘
2178,09:33:57,3.74,-0.01,154,57596,卖盘
2179,09:33:52,3.75,--,485,181875,买盘
2180,09:33:46,3.75,0.01,59,22125,买盘
2181,09:33:42,3.74,-0.01,90,33660,卖盘
2182,09:33:37,3.75,-0.01,259,97125,卖盘
2183,09:33:31,3.76,0.01,312,117312,买盘
2184,09:33:27,3.75,-0.01,140,52500,卖盘
2185,09:33:22,3.76,0.01,271,101896,买盘
2186,09:33:16,3.75,--,54,20250,卖盘
2187,09:33:11,3.75,--,150,56250,卖盘
2188,09:33:07,3.75,-0.01,345,129375,卖盘
2189,09:33:01,3.76,0.01,10,3760,买盘
2190,09:32:56,3.75,--,80,30000,卖盘
2191,09:32:51,3.75,--,74,27750,卖盘
2192,09:32:46,3.75,-0.01,117,43875,卖盘
2193,09:32:40,3.76,0.01,331,124456,买盘
2194,09:32:37,3.75,--,56,21000,卖盘
2195,09:32:31,3.75,-0.01,52,19500,卖盘
2196,09:32:25,3.76,0.01,59,22184,买盘
2197,09:32:22,3.75,-0.01,2,750,卖盘
2198,09:32:16,3.76,--,59,22184,买盘
2199,09:32:10,3.76,0.01,209,78584,买盘
2200,09:32:07,3.75,--,105,39375,卖盘
2201,09:32:01,3.75,--,15,5625,卖盘
2202,09:31:55,3.75,-0.01,186,69750,卖盘
2203,09:31:52,3.76,--,16,6016,买盘
2204,09:31:40,3.76,--,169,63544,买盘
2205,09:31:37,3.76,--,182,68432,买盘
2206,09:31:31,3.76,--,416,156416,买盘
2207,09:31:22,3.76,0.01,758,285008,买盘
2208,09:31:16,3.75,--,64,24000,卖盘
2209,09:31:06,3.75,--,61,22875,买盘
2210,09:30:55,3.75,--,30,11250,买盘
2211,09:30:52,3.75,--,22,8250,买盘
2212,09:30:37,3.75,0.01,2,750,卖盘
2213,09:30:21,3.74,--,69,25806,卖盘
2214,09:30:16,3.74,-0.01,149,55726,卖盘
2215,09:30:10,3.75,--,43,16125,卖盘
2216,09:30:07,3.75,--,1301,487875,卖盘
2217,09:30:01,3.75,-0.01,14,5250,卖盘
2218,09:28:58,3.76,--,0,0,买盘
2219,09:25:03,3.76,3.76,671,252296,买盘
