,time,price,change,volume,amount,type
0,15:00:00,10.24,--,0,0,买盘
1,15:00:00,10.24,0.01,10,10240,买盘
2,14:59:58,10.23,-0.01,22,22506,卖盘
3,14:59:53,10.24,--,30,30720,买盘
4,14:59:47,10.24,--,294,301056,买盘
5,14:59:43,10.24,--,170,174080,买盘
6,14:59:38,10.24,--,146,149504,买盘
7,14:59:32,10.24,--,113,115712,买盘
8,14:59:28,10.24,--,112,114688,买盘
9,14:59:23,10.24,--,903,924672,卖盘
10,14:59:17,10.24,-0.01,281,287744,卖盘
11,14:59:13,10.25,0.01,670,686750,买盘
12,14:59:08,10.24,--,127,130048,买盘
13,14:59:02,10.24,0.01,496,507904,买盘
14,14:58:58,10.23,-0.01,209,213807,卖盘
15,14:58:53,10.24,--,130,133120,买盘
16,14:58:47,10.24,--,108,110592,买盘
17,14:58:43,10.24,--,34,34816,买盘
18,14:58:38,10.24,--,464,475136,卖盘
19,14:58:32,10.24,0.01,418,428032,中性盘
20,14:58:28,10.23,-0.02,390,398970,卖盘
21,14:58:23,10.25,0.02,1011,1036275,买盘
22,14:58:17,10.23,-0.01,206,210738,卖盘
23,14:58:13,10.24,0.01,381,390656,买盘
24,14:58:08,10.23,--,318,325314,卖盘
25,14:58:02,10.23,--,136,139128,卖盘
26,14:57:58,10.23,-0.01,225,230175,卖盘
27,14:57:53,10.24,-0.01,129,132096,买盘
28,14:57:47,10.25,0.02,124,127100,买盘
29,14:57:43,10.23,-0.01,1834,1876182,卖盘
30,14:57:38,10.24,--,377,386048,卖盘
31,14:57:32,10.24,--,173,177152,卖盘
32,14:57:28,10.24,--,233,238592,卖盘
33,14:57:23,10.24,0.01,124,126976,买盘
34,14:57:17,10.23,-0.01,803,821469,卖盘
35,14:57:13,10.24,0.01,109,111616,买盘
36,14:57:08,10.23,--,299,305877,卖盘
37,14:57:02,10.23,-0.01,164,167772,卖盘
38,14:56:58,10.24,--,170,174080,买盘
39,14:56:53,10.24,--,221,226304,买盘
40,14:56:47,10.24,0.01,428,438272,买盘
41,14:56:43,10.23,--,412,421476,卖盘
42,14:56:38,10.23,-0.01,121,123783,卖盘
43,14:56:32,10.24,--,87,89088,买盘
44,14:56:28,10.24,--,133,136192,买盘
45,14:56:23,10.24,0.02,521,533504,买盘
46,14:56:17,10.22,-0.02,160,163520,卖盘
47,14:56:13,10.24,--,407,416768,卖盘
48,14:56:08,10.24,0.03,181,185344,买盘
49,14:56:02,10.21,-0.03,2635,2690335,卖盘
50,14:55:58,10.24,0.02,596,610304,买盘
51,14:55:53,10.22,-0.02,7,7154,中性盘
52,14:55:47,10.24,0.02,676,692224,买盘
53,14:55:43,10.22,0.01,502,513044,买盘
54,14:55:38,10.21,--,15,15315,买盘
55,14:55:32,10.21,-0.02,990,1010790,卖盘
56,14:55:28,10.23,0.01,64,65472,买盘
57,14:55:23,10.22,-0.01,78,79716,卖盘
58,14:55:17,10.23,0.01,21,21483,买盘
59,14:55:13,10.22,--,91,93002,卖盘
60,14:55:07,10.22,--,10,10220,买盘
61,14:55:02,10.22,--,14,14308,买盘
62,14:54:58,10.22,--,74,75628,买盘
63,14:54:53,10.22,--,28,28616,卖盘
64,14:54:47,10.22,--,370,378140,卖盘
65,14:54:43,10.22,-0.01,685,700070,卖盘
66,14:54:38,10.23,0.01,461,471603,买盘
67,14:54:32,10.22,--,59,60298,卖盘
68,14:54:28,10.22,--,12,12264,卖盘
69,14:54:23,10.22,--,122,124684,卖盘
70,14:54:17,10.22,0.02,937,957614,买盘
71,14:54:13,10.2,-0.01,142,144840,卖盘
72,14:54:08,10.21,-0.01,17,17357,卖盘
73,14:54:02,10.22,0.01,102,104244,买盘
74,14:53:57,10.21,-0.01,32,32672,卖盘
75,14:53:53,10.22,--,637,651014,卖盘
76,14:53:47,10.22,--,163,166586,买盘
77,14:53:43,10.22,--,127,129794,买盘
78,14:53:38,10.22,0.01,78,79716,买盘
79,14:53:32,10.21,-0.01,23,23483,卖盘
80,14:53:26,10.22,-0.01,308,314776,卖盘
81,14:53:22,10.23,0.01,329,336567,买盘
82,14:53:17,10.22,--,64,65408,卖盘
83,14:53:11,10.22,-0.01,425,434350,卖盘
84,14:53:08,10.23,0.01,581,594363,买盘
85,14:53:02,10.22,--,201,205422,卖盘
86,14:52:56,10.22,--,63,64386,卖盘
87,14:52:52,10.22,-0.01,165,168630,中性盘
88,14:52:47,10.23,0.01,1063,1087449,买盘
89,14:52:37,10.22,--,27,27594,卖盘
90,14:52:32,10.22,0.01,145,148190,买盘
91,14:52:26,10.21,-0.01,62,63302,卖盘
92,14:52:22,10.22,0.01,755,771610,买盘
93,14:52:17,10.21,--,205,209305,卖盘
94,14:52:11,10.21,--,360,367560,卖盘
95,14:52:07,10.21,--,11,11231,卖盘
96,14:52:02,10.21,--,33,33693,卖盘
97,14:51:56,10.21,0.01,181,184801,买盘
98,14:51:52,10.2,-0.01,526,536520,卖盘
99,14:51:46,10.21,0.01,115,117415,买盘
100,14:51:41,10.2,--,5,5100,卖盘
101,14:51:37,10.2,0.01,134,136680,买盘
102,14:51:26,10.19,--,1309,1333871,买盘
103,14:51:22,10.19,0.02,10,10190,买盘
104,14:51:16,10.17,--,1,1017,卖盘
105,14:51:11,10.17,--,8,8136,卖盘
106,14:51:02,10.17,0.01,24,24408,中性盘
107,14:50:56,10.16,-0.01,64,65024,卖盘
108,14:50:52,10.17,0.01,30,30510,买盘
109,14:50:41,10.16,--,28,28448,卖盘
110,14:50:37,10.16,--,1887,1917192,卖盘
111,14:50:32,10.16,--,78,79248,买盘
112,14:50:26,10.16,--,18,18288,买盘
113,14:50:22,10.16,-0.04,54,54864,买盘
114,14:50:11,10.2,0.04,2398,2445960,买盘
115,14:50:07,10.16,-0.01,12,12192,卖盘
116,14:50:01,10.17,--,1,1017,买盘
117,14:49:56,10.17,--,103,104751,买盘
118,14:49:52,10.17,--,101,102717,买盘
119,14:49:41,10.17,--,5,5085,买盘
120,14:49:37,10.17,0.01,15,15255,买盘
121,14:49:31,10.16,--,100,101600,卖盘
122,14:49:26,10.16,--,10,10160,卖盘
123,14:49:22,10.16,-0.01,36,36576,卖盘
124,14:49:16,10.17,0.02,14,14238,买盘
125,14:49:11,10.15,-0.01,20,20300,卖盘
126,14:49:07,10.16,0.01,200,203200,卖盘
127,14:49:01,10.15,-0.02,1,1015,卖盘
128,14:48:56,10.17,0.01,365,371205,买盘
129,14:48:52,10.16,0.01,34,34544,中性盘
130,14:48:46,10.15,0.01,16,16240,买盘
131,14:48:41,10.14,-0.02,47,47658,卖盘
132,14:48:37,10.16,0.01,160,162560,买盘
133,14:48:31,10.15,--,7,7105,买盘
134,14:48:26,10.15,--,19,19285,买盘
135,14:48:22,10.15,-0.01,228,231420,卖盘
136,14:48:16,10.16,--,50,50800,买盘
137,14:48:11,10.16,--,215,218440,买盘
138,14:48:07,10.16,0.01,113,114808,买盘
139,14:47:56,10.15,-0.01,30,30450,卖盘
140,14:47:52,10.16,-0.01,359,364744,卖盘
141,14:47:46,10.17,--,16,16272,买盘
142,14:47:41,10.17,-0.01,74,75258,卖盘
143,14:47:36,10.18,--,6,6108,买盘
144,14:47:26,10.18,--,105,106890,卖盘
145,14:47:22,10.18,-0.01,484,492712,卖盘
146,14:47:16,10.19,--,76,77444,买盘
147,14:47:11,10.19,-0.01,55,56045,卖盘
148,14:47:01,10.2,--,268,273360,买盘
149,14:46:56,10.2,--,221,225419,卖盘
150,14:46:52,10.2,-0.01,527,537540,卖盘
151,14:46:41,10.21,0.03,661,674881,买盘
152,14:46:36,10.18,-0.01,114,116052,卖盘
153,14:46:26,10.19,--,51,51969,买盘
154,14:46:20,10.19,--,537,547203,买盘
155,14:46:16,10.19,--,1,1019,买盘
156,14:46:11,10.19,-0.01,459,467721,卖盘
157,14:46:05,10.2,--,22,22440,买盘
158,14:46:01,10.2,--,386,393720,卖盘
159,14:45:56,10.2,0.01,164,167280,中性盘
160,14:45:50,10.19,--,11,11209,卖盘
161,14:45:46,10.19,-0.02,22,22418,卖盘
162,14:45:41,10.21,0.02,409,417589,买盘
163,14:45:35,10.19,-0.01,41,41779,买盘
164,14:45:31,10.2,0.01,500,509999,买盘
165,14:45:20,10.19,0.02,17,17323,买盘
166,14:45:16,10.17,-0.03,334,339678,卖盘
167,14:45:10,10.2,--,41,41820,买盘
168,14:45:05,10.2,-0.01,153,156060,卖盘
169,14:45:01,10.21,0.01,351,358371,买盘
170,14:44:55,10.2,0.03,444,452879,买盘
171,14:44:50,10.17,-0.03,1175,1195554,卖盘
172,14:44:46,10.2,-0.01,291,297187,卖盘
173,14:44:40,10.21,0.01,102,104213,买盘
174,14:44:35,10.2,--,79,80722,卖盘
175,14:44:31,10.2,--,85,86700,卖盘
176,14:44:25,10.2,-0.01,755,770100,卖盘
177,14:44:20,10.21,--,166,169486,买盘
178,14:44:16,10.21,--,382,390022,卖盘
179,14:44:10,10.21,-0.01,45,45945,卖盘
180,14:44:05,10.22,0.01,30,30660,中性盘
181,14:44:01,10.21,-0.01,35,35735,卖盘
182,14:43:55,10.22,--,3,3066,卖盘
183,14:43:50,10.22,0.02,82,83804,买盘
184,14:43:46,10.2,-0.01,874,891479,卖盘
185,14:43:40,10.21,--,1303,1330802,买盘
186,14:43:35,10.21,0.01,110,112310,买盘
187,14:43:31,10.2,--,100,102000,卖盘
188,14:43:25,10.2,-0.01,33,33660,卖盘
189,14:43:20,10.21,0.02,94,95974,买盘
190,14:43:16,10.19,-0.01,287,292453,卖盘
191,14:43:10,10.2,-0.02,121,123929,卖盘
192,14:43:05,10.22,--,42,42924,买盘
193,14:43:01,10.22,0.02,116,119063,买盘
194,14:42:55,10.2,--,5,5100,买盘
195,14:42:50,10.2,-0.02,862,879749,卖盘
196,14:42:46,10.22,-0.01,366,374052,卖盘
197,14:42:40,10.23,0.01,165,168795,买盘
198,14:42:35,10.22,-0.01,62,63364,卖盘
199,14:42:31,10.23,-0.02,32,32736,卖盘
200,14:42:25,10.25,0.02,238,243950,买盘
201,14:42:20,10.23,-0.02,242,247566,卖盘
202,14:42:16,10.25,-0.03,1321,1354025,卖盘
203,14:42:10,10.28,0.01,154,158312,买盘
204,14:42:05,10.27,--,390,400530,卖盘
205,14:42:01,10.27,--,141,144807,卖盘
206,14:41:55,10.27,--,85,87295,卖盘
207,14:41:50,10.27,--,1630,1674010,买盘
208,14:41:46,10.27,0.01,588,603876,买盘
209,14:41:40,10.26,-0.02,51,52326,卖盘
210,14:41:35,10.28,0.02,360,370080,买盘
211,14:41:31,10.26,-0.01,4,4104,卖盘
212,14:41:25,10.27,0.02,307,315289,买盘
213,14:41:20,10.25,--,266,272650,卖盘
214,14:41:16,10.25,0.03,2137,2190599,买盘
215,14:41:10,10.22,-0.01,119,121618,卖盘
216,14:41:05,10.23,--,62,63426,买盘
217,14:41:01,10.23,0.02,286,292578,买盘
218,14:40:55,10.21,-0.01,615,627915,卖盘
219,14:40:50,10.22,--,82,83804,买盘
220,14:40:46,10.22,0.02,318,324996,买盘
221,14:40:40,10.2,-0.01,130,132600,卖盘
222,14:40:35,10.21,0.01,17,17357,买盘
223,14:40:30,10.2,-0.01,44,44880,卖盘
224,14:40:25,10.21,0.01,97,99037,买盘
225,14:40:20,10.2,--,69,70380,卖盘
226,14:40:15,10.2,0.01,442,451349,买盘
227,14:40:10,10.19,-0.01,50,50950,卖盘
228,14:40:05,10.2,0.01,347,353940,买盘
229,14:40:00,10.19,--,36,36684,卖盘
230,14:39:50,10.19,--,458,467140,买盘
231,14:39:45,10.19,0.01,30,30570,买盘
232,14:39:40,10.18,-0.01,66,67188,卖盘
233,14:39:35,10.19,0.01,254,258826,买盘
234,14:39:30,10.18,0.01,88,89584,买盘
235,14:39:25,10.17,--,163,165771,卖盘
236,14:39:19,10.17,-0.01,24,24408,卖盘
237,14:39:14,10.18,--,92,93656,买盘
238,14:39:04,10.18,--,2,2036,买盘
239,14:38:59,10.18,0.02,290,295220,买盘
240,14:38:55,10.16,-0.01,1,1016,卖盘
241,14:38:49,10.17,0.01,9,9153,中性盘
242,14:38:44,10.16,-0.02,24,24384,卖盘
243,14:38:40,10.18,-0.01,4,4072,中性盘
244,14:38:34,10.19,0.03,254,258826,买盘
245,14:38:29,10.16,-0.02,101,102616,卖盘
246,14:38:25,10.18,-0.01,86,87548,买盘
247,14:38:19,10.19,0.02,61,62159,买盘
248,14:38:14,10.17,-0.01,90,91530,卖盘
249,14:38:10,10.18,-0.01,7,7126,中性盘
250,14:38:04,10.19,--,4,4076,买盘
251,14:37:59,10.19,0.01,310,315890,买盘
252,14:37:55,10.18,-0.01,101,102818,卖盘
253,14:37:49,10.19,0.01,10,10190,买盘
254,14:37:44,10.18,-0.01,8,8144,买盘
255,14:37:40,10.19,--,9,9171,买盘
256,14:37:34,10.19,0.01,265,270035,买盘
257,14:37:29,10.18,--,153,155754,卖盘
258,14:37:25,10.18,--,149,151682,卖盘
259,14:37:19,10.18,--,51,51918,买盘
260,14:37:14,10.18,--,105,106890,买盘
261,14:37:10,10.18,--,20,20360,买盘
262,14:37:04,10.18,--,48,48864,买盘
263,14:36:59,10.18,--,413,420434,卖盘
264,14:36:55,10.18,-0.01,14,14252,卖盘
265,14:36:49,10.19,--,1,1019,买盘
266,14:36:44,10.19,--,167,170173,买盘
267,14:36:40,10.19,--,1322,1347698,卖盘
268,14:36:34,10.19,-0.01,375,382125,卖盘
269,14:36:29,10.2,--,252,257039,卖盘
270,14:36:25,10.2,--,121,123419,买盘
271,14:36:19,10.2,--,113,115259,买盘
272,14:36:14,10.2,-0.01,263,268260,买盘
273,14:36:10,10.21,0.01,279,284859,买盘
274,14:36:04,10.2,-0.01,289,294780,卖盘
275,14:35:59,10.21,--,26,26546,买盘
276,14:35:55,10.21,--,149,152129,卖盘
277,14:35:49,10.21,--,37,37777,卖盘
278,14:35:44,10.21,-0.01,426,434946,卖盘
279,14:35:40,10.22,0.02,528,539616,买盘
280,14:35:34,10.2,0.01,302,308040,卖盘
281,14:35:29,10.19,-0.01,784,798896,卖盘
282,14:35:25,10.2,--,270,275400,卖盘
283,14:35:19,10.2,--,95,96900,卖盘
284,14:35:14,10.2,--,1318,1344798,买盘
285,14:35:09,10.2,0.02,181,184620,买盘
286,14:35:04,10.18,-0.02,122,124196,中性盘
287,14:34:59,10.2,0.01,496,506501,买盘
288,14:34:55,10.19,0.01,639,651141,买盘
289,14:34:49,10.18,0.02,2374,2417169,买盘
290,14:34:44,10.16,-0.01,574,583184,卖盘
291,14:34:39,10.17,--,275,279675,买盘
292,14:34:34,10.17,0.02,358,364086,买盘
293,14:34:29,10.15,-0.01,819,831285,卖盘
294,14:34:24,10.16,0.01,1034,1050544,买盘
295,14:34:19,10.15,-0.01,11,11165,卖盘
296,14:34:14,10.16,0.01,954,969264,买盘
297,14:34:09,10.15,--,56,56840,卖盘
298,14:34:04,10.15,--,54,54810,买盘
299,14:33:59,10.15,--,578,587258,买盘
300,14:33:54,10.15,--,865,877975,买盘
301,14:33:49,10.15,0.02,34,34510,买盘
302,14:33:44,10.13,-0.01,372,376836,卖盘
303,14:33:39,10.14,-0.01,741,751374,卖盘
304,14:33:34,10.15,--,53,53795,买盘
305,14:33:29,10.15,--,379,384685,买盘
306,14:33:24,10.15,--,280,284200,买盘
307,14:33:14,10.15,--,368,373520,买盘
308,14:33:09,10.15,--,135,137025,买盘
309,14:33:04,10.15,--,221,224315,买盘
310,14:32:58,10.15,0.02,173,175595,买盘
311,14:32:54,10.13,-0.01,78,79014,卖盘
312,14:32:49,10.14,0.03,15,15210,买盘
313,14:32:43,10.11,--,0,0,卖盘
314,14:32:39,10.11,-0.04,262,264882,卖盘
315,14:32:34,10.15,--,208,211120,买盘
316,14:32:28,10.15,--,46,46690,买盘
317,14:32:23,10.15,0.04,1500,1522500,买盘
318,14:32:19,10.11,-0.01,247,249717,卖盘
319,14:32:13,10.12,--,2,2023,买盘
320,14:32:08,10.12,-0.01,20,20240,中性盘
321,14:32:04,10.13,0.01,204,206652,买盘
322,14:31:58,10.12,--,112,113343,买盘
323,14:31:53,10.12,0.01,1,1011,买盘
324,14:31:49,10.11,-0.02,14,14154,卖盘
325,14:31:43,10.13,0.02,21,21273,买盘
326,14:31:34,10.11,--,221,223431,卖盘
327,14:31:28,10.11,--,53,53583,卖盘
328,14:31:23,10.11,-0.01,42,42462,卖盘
329,14:31:19,10.12,--,21,21252,卖盘
330,14:31:13,10.12,0.01,19,19228,卖盘
331,14:31:08,10.11,--,0,0,卖盘
332,14:31:04,10.11,-0.01,280,283080,卖盘
333,14:30:58,10.12,--,8,8095,买盘
334,14:30:53,10.12,--,115,116379,买盘
335,14:30:49,10.12,0.01,10,10120,买盘
336,14:30:38,10.11,--,39,39429,卖盘
337,14:30:34,10.11,--,217,219387,卖盘
338,14:30:28,10.11,--,57,57627,卖盘
339,14:30:23,10.11,0.01,106,107166,买盘
340,14:30:19,10.1,-0.02,141,142410,卖盘
341,14:30:08,10.12,0.02,53,53635,买盘
342,14:30:04,10.1,-0.01,643,649430,卖盘
343,14:29:58,10.11,0.01,161,162771,中性盘
344,14:29:53,10.1,-0.01,171,172710,卖盘
345,14:29:49,10.11,--,124,125364,卖盘
346,14:29:43,10.11,--,0,0,卖盘
347,14:29:34,10.11,0.01,636,642996,中性盘
348,14:29:28,10.1,--,63,63630,卖盘
349,14:29:23,10.1,-0.02,185,186850,卖盘
350,14:29:19,10.12,-0.01,25,25299,卖盘
351,14:29:13,10.13,--,72,72936,买盘
352,14:29:08,10.13,-0.01,75,75975,中性盘
353,14:29:04,10.14,0.01,1155,1171170,买盘
354,14:28:53,10.13,0.01,150,151950,买盘
355,14:28:48,10.12,--,74,74888,买盘
356,14:28:43,10.12,-0.01,144,145728,买盘
357,14:28:38,10.13,0.01,914,925882,买盘
358,14:28:33,10.12,0.01,76,77418,中性盘
359,14:28:28,10.11,-0.01,11,11121,卖盘
360,14:28:23,10.12,-0.01,25,25299,中性盘
361,14:28:19,10.13,0.03,3074,3113962,买盘
362,14:28:08,10.1,--,72,72720,卖盘
363,14:27:58,10.1,--,351,355045,买盘
364,14:27:53,10.1,0.01,90,90900,买盘
365,14:27:48,10.09,--,6,6054,卖盘
366,14:27:43,10.09,--,19,19171,卖盘
367,14:27:38,10.09,--,25,25225,卖盘
368,14:27:33,10.09,0.02,11,11099,买盘
369,14:27:23,10.07,-0.02,25,25175,卖盘
370,14:27:18,10.09,0.02,100,100900,买盘
371,14:27:08,10.07,0.01,2,2014,中性盘
372,14:27:03,10.06,-0.03,30,30180,卖盘
373,14:26:53,10.09,0.03,15,15135,买盘
374,14:26:48,10.06,-0.01,104,104624,中性盘
375,14:26:43,10.07,0.02,60,60420,买盘
376,14:26:37,10.05,-0.02,39,39195,卖盘
377,14:26:33,10.07,--,1,1007,买盘
378,14:26:28,10.07,0.02,20,20140,买盘
379,14:26:22,10.05,--,1,1005,卖盘
380,14:26:18,10.05,-0.01,135,135675,卖盘
381,14:26:13,10.06,0.01,5,5030,买盘
382,14:26:07,10.05,--,10,10050,卖盘
383,14:26:03,10.05,--,63,63315,卖盘
384,14:25:58,10.05,0.01,2,2010,卖盘
385,14:25:52,10.04,-0.01,140,140560,卖盘
386,14:25:48,10.05,0.01,402,404010,买盘
387,14:25:43,10.04,-0.01,10,10040,卖盘
388,14:25:33,10.05,--,15,15075,买盘
389,14:25:28,10.05,0.01,10,10050,买盘
390,14:25:22,10.04,--,1,1003,卖盘
391,14:25:13,10.04,--,85,85340,卖盘
392,14:25:07,10.04,-0.01,3,3011,卖盘
393,14:25:02,10.05,0.02,7,7035,买盘
394,14:24:58,10.03,--,46,46138,卖盘
395,14:24:52,10.03,-0.02,200,200600,卖盘
396,14:24:47,10.05,0.02,319,320595,买盘
397,14:24:43,10.03,-0.02,21,21063,卖盘
398,14:24:37,10.05,0.02,34,34170,买盘
399,14:24:32,10.03,--,0,0,卖盘
400,14:24:28,10.03,--,38,38114,卖盘
401,14:24:22,10.03,-0.02,2000,2005999,卖盘
402,14:24:17,10.05,--,60,60300,卖盘
403,14:24:13,10.05,0.01,163,163815,买盘
404,14:24:07,10.04,--,55,55219,卖盘
405,14:24:02,10.04,--,33,33132,卖盘
406,14:23:58,10.04,--,170,170680,卖盘
407,14:23:52,10.04,--,148,148592,买盘
408,14:23:47,10.04,0.01,35,35140,买盘
409,14:23:42,10.03,--,81,81243,卖盘
410,14:23:37,10.03,--,37,37111,卖盘
411,14:23:32,10.03,--,47,47141,卖盘
412,14:23:28,10.03,-0.02,49,49147,卖盘
413,14:23:22,10.05,0.02,499,501495,买盘
414,14:23:17,10.03,--,172,172516,卖盘
415,14:23:07,10.03,--,80,80240,卖盘
416,14:23:02,10.03,--,162,162486,卖盘
417,14:22:58,10.03,--,41,41123,卖盘
418,14:22:52,10.03,--,8,8023,卖盘
419,14:22:47,10.03,-0.01,14,14042,卖盘
420,14:22:43,10.04,0.01,50,50199,买盘
421,14:22:32,10.03,--,38,38114,卖盘
422,14:22:27,10.03,-0.01,74,74222,卖盘
423,14:22:17,10.04,--,134,134536,卖盘
424,14:22:12,10.04,0.01,248,248991,买盘
425,14:22:07,10.03,--,19,19057,卖盘
426,14:22:02,10.03,-0.01,161,161483,卖盘
427,14:21:52,10.04,-0.01,165,165660,卖盘
428,14:21:47,10.05,--,194,194970,买盘
429,14:21:42,10.05,0.01,96,96480,买盘
430,14:21:37,10.04,-0.01,145,145580,卖盘
431,14:21:32,10.05,--,79,79395,卖盘
432,14:21:27,10.05,--,343,344715,卖盘
433,14:21:22,10.05,--,9,9045,卖盘
434,14:21:17,10.05,--,273,274365,卖盘
435,14:21:07,10.05,--,112,112560,卖盘
436,14:21:02,10.05,--,572,574860,买盘
437,14:20:57,10.05,0.01,485,487425,买盘
438,14:20:52,10.04,--,8,8031,卖盘
439,14:20:47,10.04,--,301,302204,卖盘
440,14:20:42,10.04,--,397,398587,卖盘
441,14:20:32,10.04,-0.01,68,68272,卖盘
442,14:20:27,10.05,--,1526,1533630,卖盘
443,14:20:22,10.05,--,132,132660,卖盘
444,14:20:16,10.05,--,15,15075,卖盘
445,14:20:12,10.05,--,417,419085,卖盘
446,14:20:07,10.05,--,10,10050,卖盘
447,14:20:01,10.05,-0.01,6,6030,卖盘
448,14:19:57,10.06,--,109,109654,卖盘
449,14:19:52,10.06,--,298,299788,卖盘
450,14:19:42,10.06,-0.01,43,43258,卖盘
451,14:19:37,10.07,0.01,238,239666,买盘
452,14:19:31,10.06,--,10,10060,卖盘
453,14:19:27,10.06,-0.01,17,17102,卖盘
454,14:19:22,10.07,0.01,129,129903,买盘
455,14:19:16,10.06,--,105,105630,卖盘
456,14:19:12,10.06,--,7,7042,卖盘
457,14:19:07,10.06,--,70,70420,卖盘
458,14:19:01,10.06,-0.01,5,5030,卖盘
459,14:18:57,10.07,--,27,27189,买盘
460,14:18:52,10.07,--,126,126882,卖盘
461,14:18:42,10.07,-0.01,3,3021,卖盘
462,14:18:37,10.08,0.01,8,8064,买盘
463,14:18:27,10.07,--,11,11077,卖盘
464,14:18:22,10.07,-0.01,10,10070,卖盘
465,14:18:16,10.08,0.01,3,3024,买盘
466,14:18:11,10.07,--,17,17119,卖盘
467,14:18:01,10.07,--,1,1007,卖盘
468,14:17:57,10.07,0.01,49,49343,买盘
469,14:17:52,10.06,--,22,22132,卖盘
470,14:17:41,10.06,--,8,8048,卖盘
471,14:17:37,10.06,-0.01,96,96576,卖盘
472,14:17:31,10.07,--,5,5035,买盘
473,14:17:26,10.07,--,43,43301,买盘
474,14:17:22,10.07,--,206,207442,买盘
475,14:17:16,10.07,0.01,187,188309,买盘
476,14:17:07,10.06,-0.02,219,220314,卖盘
477,14:16:56,10.08,--,46,46368,买盘
478,14:16:51,10.08,--,5,5040,买盘
479,14:16:46,10.08,0.01,14,14112,买盘
480,14:16:41,10.07,-0.01,31,31217,卖盘
481,14:16:36,10.08,0.01,35,35280,买盘
482,14:16:31,10.07,-0.01,3,3021,卖盘
483,14:16:26,10.08,--,15,15120,买盘
484,14:16:21,10.08,0.01,23,23184,买盘
485,14:16:11,10.07,--,18,18126,卖盘
486,14:16:06,10.07,--,0,0,卖盘
487,14:15:56,10.07,0.01,1,1007,卖盘
488,14:15:51,10.06,--,52,52312,卖盘
489,14:15:41,10.06,-0.03,8,8048,卖盘
490,14:15:26,10.09,0.03,118,119062,买盘
491,14:15:06,10.06,--,6,6036,卖盘
492,14:14:51,10.06,--,1,1006,卖盘
493,14:14:41,10.06,0.01,17,17102,买盘
494,14:14:31,10.05,--,7,7035,卖盘
495,14:14:21,10.05,-0.01,38,38190,卖盘
496,14:14:11,10.06,0.02,44,44264,中性盘
497,14:14:06,10.04,-0.02,200,200799,卖盘
498,14:14:01,10.06,--,24,24144,卖盘
499,14:13:55,10.06,0.01,32,32996,买盘
500,14:13:51,10.05,--,219,220296,卖盘
501,14:13:46,10.05,-0.01,138,138690,卖盘
502,14:13:40,10.06,0.01,10,10060,买盘
503,14:13:36,10.05,--,10,10050,卖盘
504,14:13:31,10.05,--,202,203010,卖盘
505,14:13:25,10.05,-0.01,33,33165,卖盘
506,14:13:21,10.06,-0.02,20,20120,买盘
507,14:13:16,10.08,--,10,10080,卖盘
508,14:13:10,10.08,--,38,38304,买盘
509,14:13:06,10.08,-0.02,12,12096,买盘
510,14:13:01,10.1,0.01,206,208060,买盘
511,14:12:55,10.09,0.02,4,4036,买盘
512,14:12:51,10.07,-0.01,25,25175,卖盘
513,14:12:46,10.08,--,40,40320,卖盘
514,14:12:40,10.08,--,12,12096,卖盘
515,14:12:36,10.08,0.02,166,167328,买盘
516,14:12:31,10.06,--,2,2012,卖盘
517,14:12:25,10.06,0.01,35,35210,卖盘
518,14:12:21,10.05,--,41,41205,卖盘
519,14:12:16,10.05,--,18,18090,卖盘
520,14:12:06,10.05,--,158,159594,卖盘
521,14:12:01,10.05,--,1,1005,卖盘
522,14:11:55,10.05,--,44,44220,买盘
523,14:11:51,10.05,--,608,611040,卖盘
524,14:11:46,10.05,--,78,78390,卖盘
525,14:11:36,10.05,--,9,9045,卖盘
526,14:11:25,10.05,0.02,44,44220,买盘
527,14:11:16,10.03,--,38,38114,卖盘
528,14:11:10,10.03,-0.01,24,24072,卖盘
529,14:11:06,10.04,--,21,21084,卖盘
530,14:11:01,10.04,--,14,14055,卖盘
531,14:10:51,10.04,--,253,254011,买盘
532,14:10:46,10.04,--,13,13051,卖盘
533,14:10:40,10.04,--,75,75300,卖盘
534,14:10:36,10.04,--,55,55219,卖盘
535,14:10:31,10.04,-0.01,72,72288,中性盘
536,14:10:25,10.05,0.03,41,41205,买盘
537,14:10:20,10.02,--,0,0,卖盘
538,14:10:16,10.02,-0.02,503,504006,卖盘
539,14:10:10,10.04,0.02,20,20080,买盘
540,14:10:05,10.02,-0.04,359,360188,卖盘
541,14:09:55,10.06,0.01,17,17102,卖盘
542,14:09:50,10.05,-0.02,29,29145,卖盘
543,14:09:46,10.07,0.01,287,289009,买盘
544,14:09:40,10.06,0.01,11,11066,买盘
545,14:09:35,10.05,-0.01,65,65325,卖盘
546,14:09:30,10.06,0.01,16,16629,买盘
547,14:09:20,10.05,-0.01,36,36180,卖盘
548,14:09:15,10.06,0.05,235,236410,买盘
549,14:09:10,10.01,-0.02,197,197197,卖盘
550,14:09:05,10.03,-0.02,100,100300,卖盘
551,14:09:00,10.05,0.02,97,97485,买盘
552,14:08:55,10.03,--,271,271813,买盘
553,14:08:50,10.03,--,27,27081,卖盘
554,14:08:45,10.03,--,130,130389,买盘
555,14:08:40,10.03,0.01,11,11033,中性盘
556,14:08:35,10.02,-0.01,49,49098,卖盘
557,14:08:30,10.03,-0.01,48,48144,卖盘
558,14:08:25,10.04,--,7,7027,买盘
559,14:08:20,10.04,0.01,252,253007,买盘
560,14:08:15,10.03,--,49,49147,买盘
561,14:08:10,10.03,0.01,12,12036,卖盘
562,14:08:05,10.02,-0.01,222,222444,卖盘
563,14:08:00,10.03,--,11,11033,中性盘
564,14:07:55,10.03,0.01,27,27081,卖盘
565,14:07:50,10.02,-0.02,50,50100,卖盘
566,14:07:45,10.04,0.01,114,114455,买盘
567,14:07:40,10.03,-0.01,9,9027,中性盘
568,14:07:34,10.04,0.02,2,2007,买盘
569,14:07:30,10.02,-0.02,130,130260,卖盘
570,14:07:25,10.04,0.02,16,16063,买盘
571,14:07:19,10.02,--,0,0,卖盘
572,14:07:15,10.02,-0.02,69,69138,卖盘
573,14:07:10,10.04,--,93,93371,卖盘
574,14:07:00,10.04,-0.03,57,57227,卖盘
575,14:06:55,10.07,0.01,475,478325,买盘
576,14:06:49,10.06,-0.01,19,19114,卖盘
577,14:06:45,10.07,-0.01,43,43301,买盘
578,14:06:40,10.08,0.01,295,297360,买盘
579,14:06:34,10.07,--,43,43301,卖盘
580,14:06:30,10.07,-0.01,86,86602,卖盘
581,14:06:25,10.08,--,19,19152,卖盘
582,14:06:15,10.08,-0.02,97,97776,卖盘
583,14:06:10,10.1,--,14,14140,卖盘
584,14:06:04,10.1,-0.01,68,68680,卖盘
585,14:05:55,10.11,0.02,164,165804,买盘
586,14:05:49,10.09,--,125,126125,卖盘
587,14:05:45,10.09,-0.02,5,5045,卖盘
588,14:05:40,10.11,0.02,22,22242,买盘
589,14:05:34,10.09,-0.01,335,338015,卖盘
590,14:05:30,10.1,--,6,6060,卖盘
591,14:05:25,10.1,--,4,4040,卖盘
592,14:05:19,10.1,-0.01,28,28280,卖盘
593,14:05:10,10.11,-0.01,41,41451,卖盘
594,14:05:04,10.12,--,0,0,买盘
595,14:05:00,10.12,0.01,46,46552,买盘
596,14:04:55,10.11,-0.01,4,4044,卖盘
597,14:04:49,10.12,0.01,135,136620,买盘
598,14:04:45,10.11,0.01,54,54594,买盘
599,14:04:40,10.1,-0.02,61,61610,卖盘
600,14:04:34,10.12,0.02,46,46552,买盘
601,14:04:24,10.1,--,11,11110,卖盘
602,14:04:15,10.1,--,15,15150,卖盘
603,14:04:10,10.1,-0.01,27,27270,卖盘
604,14:04:04,10.11,-0.01,42,42462,中性盘
605,14:03:55,10.12,0.02,55,55659,买盘
606,14:03:45,10.1,--,0,0,卖盘
607,14:03:40,10.1,-0.02,138,139380,卖盘
608,14:03:34,10.12,--,3,3035,卖盘
609,14:03:30,10.12,--,29,29347,卖盘
610,14:03:24,10.12,--,723,731676,卖盘
611,14:03:19,10.12,0.01,1,1011,卖盘
612,14:03:10,10.11,-0.01,110,111210,卖盘
613,14:03:04,10.12,0.01,7,7083,买盘
614,14:02:55,10.11,-0.01,46,46506,卖盘
615,14:02:44,10.12,0.01,83,83996,买盘
616,14:02:39,10.11,--,1,1011,卖盘
617,14:02:34,10.11,--,27,27297,卖盘
618,14:02:29,10.11,--,73,73803,卖盘
619,14:02:24,10.11,0.01,92,93012,买盘
620,14:02:19,10.1,--,141,142410,卖盘
621,14:02:14,10.1,-0.01,43,43430,卖盘
622,14:02:09,10.11,0.01,4,4044,买盘
623,14:02:04,10.1,--,19,19190,卖盘
624,14:01:59,10.1,--,27,27270,卖盘
625,14:01:54,10.1,--,60,60600,卖盘
626,14:01:49,10.1,-0.01,30,30300,卖盘
627,14:01:39,10.11,--,7,7077,买盘
628,14:01:28,10.11,--,191,193101,卖盘
629,14:01:19,10.11,--,12,12132,卖盘
630,14:01:13,10.11,--,1,1011,卖盘
631,14:01:09,10.11,-0.01,6,6066,卖盘
632,14:01:04,10.12,--,19,19228,卖盘
633,14:00:58,10.12,--,39,39468,卖盘
634,14:00:54,10.12,--,14,14167,卖盘
635,14:00:48,10.12,--,43,43516,卖盘
636,14:00:39,10.12,--,4,4047,卖盘
637,14:00:33,10.12,-0.01,57,57683,卖盘
638,14:00:24,10.13,--,217,219821,卖盘
639,14:00:19,10.13,--,67,67871,卖盘
640,14:00:13,10.13,--,145,146885,卖盘
641,14:00:09,10.13,--,168,170184,卖盘
642,14:00:04,10.13,-0.01,196,198548,卖盘
643,13:59:57,10.14,0.01,8,8112,买盘
644,13:59:54,10.13,--,100,101300,卖盘
645,13:59:49,10.13,--,167,169171,卖盘
646,13:59:39,10.13,--,114,115482,卖盘
647,13:59:34,10.13,0.01,22,22286,买盘
648,13:59:27,10.12,-0.01,5,5060,卖盘
649,13:59:24,10.13,--,12,12156,买盘
650,13:59:18,10.13,0.01,13,13169,买盘
651,13:59:12,10.12,-0.01,7,7083,卖盘
652,13:59:09,10.13,--,22,22286,买盘
653,13:59:04,10.13,0.01,12,12156,中性盘
654,13:58:54,10.12,-0.01,42,42504,卖盘
655,13:58:49,10.13,-0.01,21,21273,中性盘
656,13:58:39,10.14,--,95,96330,买盘
657,13:58:34,10.14,0.02,63,63882,买盘
658,13:58:24,10.12,--,1,1011,卖盘
659,13:58:18,10.12,-0.02,3,3035,卖盘
660,13:58:12,10.14,0.02,83,84162,买盘
661,13:58:09,10.12,-0.02,29,29347,卖盘
662,13:58:03,10.14,0.02,3,3042,买盘
663,13:57:57,10.12,-0.02,59,59707,卖盘
664,13:57:54,10.14,0.02,22,22308,买盘
665,13:57:48,10.12,-0.02,113,114355,卖盘
666,13:57:39,10.14,0.01,214,216996,买盘
667,13:57:33,10.13,0.01,10,10130,中性盘
668,13:57:27,10.12,-0.01,77,77924,卖盘
669,13:57:24,10.13,-0.01,83,84079,卖盘
670,13:57:18,10.14,0.01,83,84162,买盘
671,13:57:09,10.13,--,387,392031,卖盘
672,13:57:03,10.13,--,128,129664,卖盘
673,13:56:54,10.13,-0.01,5,5065,卖盘
674,13:56:48,10.14,0.02,67,67938,买盘
675,13:56:42,10.12,--,6,6071,卖盘
676,13:56:38,10.12,--,0,0,卖盘
677,13:56:33,10.12,-0.02,33,33396,卖盘
678,13:56:27,10.14,--,17,17238,买盘
679,13:56:23,10.14,0.02,26,26364,买盘
680,13:56:18,10.12,-0.02,15,15179,卖盘
681,13:56:12,10.14,0.02,6,6084,买盘
682,13:56:08,10.12,-0.01,102,103223,卖盘
683,13:56:03,10.13,0.01,5,5065,中性盘
684,13:55:57,10.12,--,31,31371,卖盘
685,13:55:53,10.12,--,11,11132,卖盘
686,13:55:48,10.12,--,4,4047,卖盘
687,13:55:42,10.12,-0.02,167,169004,卖盘
688,13:55:38,10.14,0.01,32,32448,买盘
689,13:55:33,10.13,--,7,7091,卖盘
690,13:55:27,10.13,0.01,8,8104,中性盘
691,13:55:22,10.12,--,40,40480,卖盘
692,13:55:18,10.12,--,15,15179,卖盘
693,13:55:12,10.12,-0.02,23,23276,卖盘
694,13:55:08,10.14,0.02,104,105456,买盘
695,13:55:03,10.12,-0.02,55,55659,卖盘
696,13:54:57,10.14,--,10,10140,买盘
697,13:54:53,10.14,--,137,138918,买盘
698,13:54:48,10.14,--,66,66924,买盘
699,13:54:42,10.14,0.02,103,104442,买盘
700,13:54:36,10.12,-0.02,1,1011,卖盘
701,13:54:33,10.14,--,49,49686,买盘
702,13:54:27,10.14,0.02,21,21294,买盘
703,13:54:18,10.12,-0.03,215,217579,卖盘
704,13:54:12,10.15,0.05,15,15225,买盘
705,13:54:06,10.1,-0.05,45,45450,卖盘
706,13:54:03,10.15,0.04,6,6090,买盘
707,13:53:57,10.11,-0.04,270,272970,卖盘
708,13:53:51,10.15,0.01,32,32480,买盘
709,13:53:48,10.14,-0.01,300,304200,卖盘
710,13:53:42,10.15,0.01,1027,1042405,买盘
711,13:53:36,10.14,--,85,86190,卖盘
712,13:53:33,10.14,0.01,59,59826,卖盘
713,13:53:27,10.13,0.01,3348,3391534,买盘
714,13:53:21,10.12,--,205,207459,买盘
715,13:53:12,10.12,-0.01,26,26311,卖盘
716,13:53:06,10.13,0.03,266,269458,买盘
717,13:53:03,10.1,--,293,295930,卖盘
718,13:52:57,10.1,--,0,0,卖盘
719,13:52:51,10.1,-0.03,26,26260,卖盘
720,13:52:48,10.13,0.02,1819,1842647,买盘
721,13:52:42,10.11,-0.01,35,35385,卖盘
722,13:52:33,10.12,0.02,51,51611,买盘
723,13:52:27,10.1,-0.02,123,124230,卖盘
724,13:52:21,10.12,--,10,10120,买盘
725,13:52:18,10.12,0.01,39,39468,买盘
726,13:52:12,10.11,--,30,30330,卖盘
727,13:52:06,10.11,--,22,22242,卖盘
728,13:52:03,10.11,--,1,1011,卖盘
729,13:51:57,10.11,-0.02,31,31341,卖盘
730,13:51:48,10.13,--,147,148911,买盘
731,13:51:33,10.13,--,202,204626,买盘
732,13:51:27,10.13,0.01,648,656424,买盘
733,13:51:21,10.12,-0.01,10,10120,卖盘
734,13:51:18,10.13,0.01,748,757724,买盘
735,13:51:12,10.12,-0.01,116,117391,卖盘
736,13:51:06,10.13,0.01,22,22286,买盘
737,13:51:03,10.12,-0.01,48,48575,卖盘
738,13:50:57,10.13,--,33,33429,买盘
739,13:50:48,10.13,--,497,503461,买盘
740,13:50:42,10.13,--,312,316056,买盘
741,13:50:36,10.13,--,10,10130,买盘
742,13:50:33,10.13,0.01,78,79014,买盘
743,13:50:27,10.12,-0.01,54,54647,卖盘
744,13:50:18,10.13,--,82,83066,买盘
745,13:50:12,10.13,--,288,291744,买盘
746,13:50:06,10.13,--,60,60780,买盘
747,13:50:02,10.13,0.01,7,7091,买盘
748,13:49:57,10.12,-0.01,31,31371,卖盘
749,13:49:51,10.13,--,200,202600,买盘
750,13:49:47,10.13,0.01,148,149924,买盘
751,13:49:42,10.12,--,80,80960,卖盘
752,13:49:32,10.12,-0.01,102,103223,卖盘
753,13:49:27,10.13,0.01,83,84079,买盘
754,13:49:21,10.12,-0.01,13,13155,卖盘
755,13:49:17,10.13,0.01,254,257302,买盘
756,13:49:12,10.12,--,37,37444,卖盘
757,13:49:02,10.12,--,87,88044,卖盘
758,13:48:57,10.12,--,241,243891,买盘
759,13:48:51,10.12,0.01,10,10120,买盘
760,13:48:46,10.11,--,35,35385,卖盘
761,13:48:42,10.11,0.01,20,20220,买盘
762,13:48:36,10.1,-0.02,49,49490,卖盘
763,13:48:30,10.12,--,27,27323,买盘
764,13:48:27,10.12,--,180,182160,买盘
765,13:48:21,10.12,--,143,144716,买盘
766,13:48:15,10.12,--,180,182160,买盘
767,13:48:12,10.12,--,5,5060,买盘
768,13:48:06,10.12,0.01,8,8095,买盘
769,13:47:57,10.11,--,30,30330,卖盘
770,13:47:45,10.11,--,10,10110,卖盘
771,13:47:42,10.11,-0.01,22,22242,卖盘
772,13:47:27,10.12,0.01,5,5060,买盘
773,13:47:21,10.11,-0.01,7,7077,卖盘
774,13:47:12,10.12,0.01,5,5060,买盘
775,13:46:57,10.11,-0.02,39,39429,卖盘
776,13:46:51,10.13,0.02,1,1013,买盘
777,13:46:45,10.11,-0.01,107,108177,卖盘
778,13:46:42,10.12,--,1,1011,卖盘
779,13:46:36,10.12,--,17,17204,卖盘
780,13:46:30,10.12,--,1,1011,卖盘
781,13:46:27,10.12,--,43,43516,卖盘
782,13:46:12,10.12,-0.01,45,45540,卖盘
783,13:46:06,10.13,0.01,30,30390,买盘
784,13:45:57,10.12,--,5,5060,卖盘
785,13:45:51,10.12,--,8,8095,卖盘
786,13:45:45,10.12,--,30,30359,卖盘
787,13:45:42,10.12,-0.01,2,2023,卖盘
788,13:45:36,10.13,0.01,26,26338,买盘
789,13:45:30,10.12,--,5,5060,卖盘
790,13:45:27,10.12,0.01,4,4047,买盘
791,13:45:21,10.11,--,12,12132,卖盘
792,13:45:12,10.11,-0.02,34,34374,卖盘
793,13:45:06,10.13,0.02,2,2026,买盘
794,13:45:00,10.11,--,21,21231,卖盘
795,13:44:57,10.11,-0.02,24,24264,卖盘
796,13:44:51,10.13,0.02,50,50650,买盘
797,13:44:45,10.11,-0.02,42,42462,卖盘
798,13:44:42,10.13,--,0,0,买盘
799,13:44:36,10.13,--,148,149924,买盘
800,13:44:30,10.13,0.01,10,10130,卖盘
801,13:44:26,10.12,-0.03,10,10120,卖盘
802,13:44:21,10.15,0.04,198,200970,买盘
803,13:44:12,10.11,--,3,3033,卖盘
804,13:44:06,10.11,--,62,62682,卖盘
805,13:44:00,10.11,--,5,5055,卖盘
806,13:43:51,10.11,-0.02,15,15165,卖盘
807,13:43:41,10.13,--,28,28364,买盘
808,13:43:36,10.13,--,101,102313,卖盘
809,13:43:26,10.13,--,30,30390,卖盘
810,13:43:21,10.13,--,76,76988,买盘
811,13:43:15,10.13,--,1,1013,买盘
812,13:43:11,10.13,--,117,118521,买盘
813,13:43:06,10.13,--,82,83066,买盘
814,13:43:00,10.13,--,92,93196,卖盘
815,13:42:56,10.13,--,38,38494,卖盘
816,13:42:51,10.13,--,4,4052,卖盘
817,13:42:45,10.13,-0.02,143,144859,卖盘
818,13:42:41,10.15,0.02,195,197925,买盘
819,13:42:36,10.13,--,22,22286,卖盘
820,13:42:30,10.13,--,100,101300,卖盘
821,13:42:26,10.13,--,605,612865,卖盘
822,13:42:21,10.13,--,41,41533,卖盘
823,13:42:11,10.13,--,95,96235,卖盘
824,13:42:06,10.13,--,0,0,卖盘
825,13:42:00,10.13,-0.02,140,141820,卖盘
826,13:41:56,10.15,--,50,50750,买盘
827,13:41:51,10.15,--,166,168490,卖盘
828,13:41:45,10.15,--,45,45675,买盘
829,13:41:40,10.15,--,244,247660,卖盘
830,13:41:36,10.15,-0.01,51,51765,买盘
831,13:41:30,10.16,0.01,87,88392,买盘
832,13:41:24,10.15,--,37,37555,买盘
833,13:41:21,10.15,-0.01,100,102078,卖盘
834,13:41:15,10.16,--,506,514096,卖盘
835,13:41:09,10.16,0.02,181,184332,买盘
836,13:41:06,10.14,-0.01,29,29406,卖盘
837,13:41:00,10.15,0.01,23,23345,中性盘
838,13:40:54,10.14,-0.02,16,16224,卖盘
839,13:40:51,10.16,--,22,22352,买盘
840,13:40:45,10.16,0.01,134,136144,买盘
841,13:40:39,10.15,--,47,47705,卖盘
842,13:40:36,10.15,--,60,60900,卖盘
843,13:40:30,10.15,--,59,59885,买盘
844,13:40:24,10.15,0.01,101,102515,买盘
845,13:40:21,10.14,-0.01,60,60840,卖盘
846,13:40:15,10.15,0.01,6,6090,买盘
847,13:40:09,10.14,-0.01,37,37518,卖盘
848,13:40:06,10.15,--,55,55825,买盘
849,13:40:00,10.15,-0.01,25,25375,中性盘
850,13:39:54,10.16,0.03,30,30480,买盘
851,13:39:51,10.13,-0.03,56,56728,卖盘
852,13:39:45,10.16,--,14,14224,买盘
853,13:39:39,10.16,0.03,1,1016,买盘
854,13:39:36,10.13,-0.01,300,303900,卖盘
855,13:39:30,10.14,0.01,11,11154,买盘
856,13:39:24,10.13,-0.03,20,20260,中性盘
857,13:39:21,10.16,0.02,2560,2600960,买盘
858,13:39:15,10.14,--,57,57798,买盘
859,13:39:09,10.14,0.01,2,2028,买盘
860,13:39:06,10.13,-0.01,14,14182,卖盘
861,13:39:00,10.14,0.01,30,30420,买盘
862,13:38:54,10.13,--,7,7091,卖盘
863,13:38:51,10.13,--,29,29377,卖盘
864,13:38:45,10.13,--,54,54702,卖盘
865,13:38:39,10.13,--,40,40520,卖盘
866,13:38:30,10.13,--,12,12156,卖盘
867,13:38:21,10.13,--,32,32416,卖盘
868,13:38:15,10.13,0.01,17,17221,买盘
869,13:38:09,10.12,-0.01,12,12143,卖盘
870,13:38:06,10.13,--,70,70910,买盘
871,13:38:00,10.13,-0.01,54,54702,卖盘
872,13:37:51,10.14,--,11,11154,买盘
873,13:37:45,10.14,0.02,6,6084,买盘
874,13:37:39,10.12,--,0,0,卖盘
875,13:37:36,10.12,-0.01,267,270204,卖盘
876,13:37:30,10.13,--,25,25325,卖盘
877,13:37:24,10.13,-0.01,1,1013,卖盘
878,13:37:21,10.14,0.02,392,397488,买盘
879,13:37:15,10.12,--,50,50599,卖盘
880,13:37:06,10.12,-0.01,5,5060,卖盘
881,13:37:00,10.13,--,65,65845,买盘
882,13:36:54,10.13,0.01,4,4052,买盘
883,13:36:50,10.12,--,65,65780,买盘
884,13:36:45,10.12,0.01,32,32383,买盘
885,13:36:35,10.11,0.02,91,92001,中性盘
886,13:36:30,10.09,-0.02,11,11099,卖盘
887,13:36:24,10.11,--,5,5055,卖盘
888,13:36:20,10.11,--,87,87957,买盘
889,13:36:15,10.11,0.03,57,57627,买盘
890,13:36:09,10.08,-0.03,19,19152,卖盘
891,13:36:05,10.11,0.01,297,300267,买盘
892,13:36:00,10.1,--,23,23230,卖盘
893,13:35:54,10.1,0.01,77,77770,买盘
894,13:35:50,10.09,--,20,20180,卖盘
895,13:35:45,10.09,--,30,30270,卖盘
896,13:35:39,10.09,-0.01,2,2018,卖盘
897,13:35:35,10.1,--,0,0,买盘
898,13:35:30,10.1,0.02,58,58580,买盘
899,13:35:24,10.08,--,9,9072,卖盘
900,13:35:15,10.08,--,16,16128,卖盘
901,13:35:05,10.08,--,27,27216,卖盘
902,13:35:00,10.08,--,36,36288,买盘
903,13:34:54,10.08,--,95,95760,买盘
904,13:34:45,10.08,0.01,19,19152,买盘
905,13:34:39,10.07,-0.01,156,157092,卖盘
906,13:34:33,10.08,-0.01,208,209664,卖盘
907,13:34:30,10.09,--,27,27243,买盘
908,13:34:24,10.09,--,42,42378,买盘
909,13:34:18,10.09,--,7,7063,买盘
910,13:34:15,10.09,0.01,1,1009,买盘
911,13:34:09,10.08,--,1,1008,卖盘
912,13:34:00,10.08,--,29,29232,卖盘
913,13:33:54,10.08,0.01,11,11088,买盘
914,13:33:45,10.07,--,8,8056,卖盘
915,13:33:39,10.07,0.01,17,17119,买盘
916,13:33:33,10.06,-0.01,5,5030,卖盘
917,13:33:24,10.07,0.01,12,12084,买盘
918,13:33:15,10.06,--,23,23138,卖盘
919,13:33:09,10.06,-0.01,8,8048,卖盘
920,13:33:03,10.07,--,12,12084,买盘
921,13:33:00,10.07,-0.01,95,95665,卖盘
922,13:32:54,10.08,--,30,30240,卖盘
923,13:32:39,10.08,0.02,75,75600,买盘
924,13:32:30,10.06,--,45,45270,卖盘
925,13:32:15,10.06,-0.01,20,20120,卖盘
926,13:32:03,10.07,--,24,24168,卖盘
927,13:31:54,10.07,--,19,19133,卖盘
928,13:31:45,10.07,-0.02,57,57399,卖盘
929,13:31:39,10.09,0.01,6,6054,买盘
930,13:31:33,10.08,-0.01,21,21168,卖盘
931,13:31:30,10.09,-0.01,64,64576,卖盘
932,13:31:24,10.1,0.01,15,15150,买盘
933,13:31:18,10.09,--,64,64576,卖盘
934,13:31:09,10.09,-0.01,75,75675,卖盘
935,13:31:03,10.1,-0.01,55,55752,卖盘
936,13:31:00,10.11,0.01,10,10110,买盘
937,13:30:54,10.1,--,1,1010,卖盘
938,13:30:48,10.1,-0.01,500,505000,卖盘
939,13:30:39,10.11,--,23,23253,买盘
940,13:30:33,10.11,--,5,5055,买盘
941,13:30:30,10.11,--,30,30330,卖盘
942,13:30:24,10.11,-0.01,46,46506,卖盘
943,13:30:14,10.12,0.01,22,22264,买盘
944,13:30:09,10.11,--,5,5055,卖盘
945,13:30:03,10.11,-0.01,11,11121,卖盘
946,13:29:59,10.12,0.01,19,19228,买盘
947,13:29:54,10.11,-0.01,7,7077,卖盘
948,13:29:44,10.12,--,42,42504,卖盘
949,13:29:39,10.12,--,12,12143,卖盘
950,13:29:33,10.12,--,16,16191,卖盘
951,13:29:29,10.12,--,60,60719,卖盘
952,13:29:14,10.12,-0.01,7,7083,卖盘
953,13:29:09,10.13,--,40,40520,买盘
954,13:28:59,10.13,--,41,41533,买盘
955,13:28:54,10.13,--,12,12156,买盘
956,13:28:44,10.13,--,20,20260,买盘
957,13:28:39,10.13,--,11,11143,买盘
958,13:28:33,10.13,0.01,118,119534,买盘
959,13:28:29,10.12,-0.01,1,1011,卖盘
960,13:28:24,10.13,0.01,3,3039,买盘
961,13:28:18,10.12,-0.01,59,59707,卖盘
962,13:28:09,10.13,--,7,7091,卖盘
963,13:28:03,10.13,--,56,56728,买盘
964,13:27:59,10.13,0.02,51,51663,买盘
965,13:27:54,10.11,--,30,30330,卖盘
966,13:27:48,10.11,-0.02,21,21231,卖盘
967,13:27:39,10.13,--,7,7091,买盘
968,13:27:33,10.13,0.02,10,10130,买盘
969,13:27:24,10.11,--,1,1011,卖盘
970,13:27:18,10.11,-0.02,72,72792,卖盘
971,13:27:14,10.13,--,105,106365,卖盘
972,13:27:09,10.13,0.02,44,44572,买盘
973,13:27:03,10.11,-0.01,121,122331,卖盘
974,13:26:59,10.12,--,26,26311,卖盘
975,13:26:54,10.12,-0.01,5,5060,卖盘
976,13:26:48,10.13,--,50,50650,卖盘
977,13:26:44,10.13,--,7,7091,卖盘
978,13:26:39,10.13,--,19,19247,买盘
979,13:26:33,10.13,-0.01,74,74962,卖盘
980,13:26:29,10.14,0.01,18,18252,买盘
981,13:26:18,10.13,-0.01,1,1013,卖盘
982,13:26:09,10.14,--,131,132834,卖盘
983,13:26:03,10.14,--,10,10140,卖盘
984,13:25:57,10.14,--,16,16224,卖盘
985,13:25:54,10.14,0.01,15,15210,中性盘
986,13:25:48,10.13,--,800,810400,卖盘
987,13:25:42,10.13,--,7,7091,卖盘
988,13:25:39,10.13,-0.02,2,2026,卖盘
989,13:25:33,10.15,--,105,106575,买盘
990,13:25:27,10.15,0.01,62,62930,买盘
991,13:25:24,10.14,-0.01,39,39546,卖盘
992,13:25:18,10.15,0.01,169,171535,买盘
993,13:25:12,10.14,0.01,30,30420,中性盘
994,13:25:09,10.13,-0.02,200,202600,卖盘
995,13:25:03,10.15,--,14,14210,买盘
996,13:24:57,10.15,0.01,53,53795,买盘
997,13:24:53,10.14,--,3,3042,买盘
998,13:24:48,10.14,-0.01,92,93288,卖盘
999,13:24:42,10.15,0.01,52,52780,买盘
1000,13:24:38,10.14,--,200,202800,卖盘
1001,13:24:33,10.14,0.01,113,114582,买盘
1002,13:24:27,10.13,-0.01,31,31403,卖盘
1003,13:24:23,10.14,0.01,45,45630,买盘
1004,13:24:18,10.13,-0.01,12,12156,卖盘
1005,13:24:12,10.14,0.01,24,24336,买盘
1006,13:24:08,10.13,-0.01,171,173223,卖盘
1007,13:24:03,10.14,--,19,19266,买盘
1008,13:23:57,10.14,--,37,38450,卖盘
1009,13:23:53,10.14,-0.01,28,28392,卖盘
1010,13:23:48,10.15,--,5,5075,买盘
1011,13:23:42,10.15,0.01,64,64960,买盘
1012,13:23:38,10.14,-0.01,32,32448,卖盘
1013,13:23:33,10.15,0.01,237,240636,买盘
1014,13:23:27,10.14,--,1,1014,买盘
1015,13:23:23,10.14,--,12,12168,买盘
1016,13:23:18,10.14,0.01,177,179478,买盘
1017,13:23:12,10.13,-0.01,5,5065,卖盘
1018,13:23:08,10.14,--,19,19266,买盘
1019,13:23:03,10.14,0.02,7,7098,买盘
1020,13:22:57,10.12,-0.01,50,50599,卖盘
1021,13:22:53,10.13,--,26,26338,买盘
1022,13:22:48,10.13,--,86,87118,买盘
1023,13:22:42,10.13,--,33,33429,买盘
1024,13:22:38,10.13,-0.01,43,43559,卖盘
1025,13:22:33,10.14,0.01,7,7098,买盘
1026,13:22:27,10.13,--,5,5065,卖盘
1027,13:22:23,10.13,0.02,47,47611,买盘
1028,13:22:12,10.11,--,26,26286,买盘
1029,13:22:08,10.11,-0.02,55,55605,卖盘
1030,13:22:03,10.13,0.02,11,11143,中性盘
1031,13:21:57,10.11,-0.01,59,59649,卖盘
1032,13:21:53,10.12,--,206,208471,卖盘
1033,13:21:48,10.12,--,47,47563,买盘
1034,13:21:42,10.12,0.01,8,8095,买盘
1035,13:21:38,10.11,-0.02,31,31341,卖盘
1036,13:21:33,10.13,0.01,57,57741,买盘
1037,13:21:27,10.12,--,30,30359,卖盘
1038,13:21:23,10.12,--,3,3035,卖盘
1039,13:21:18,10.12,--,248,250975,卖盘
1040,13:21:12,10.12,-0.01,48,48575,卖盘
1041,13:21:08,10.13,-0.01,40,40520,卖盘
1042,13:21:03,10.14,--,2,2028,买盘
1043,13:20:57,10.14,--,37,37518,买盘
1044,13:20:53,10.14,--,12,12168,卖盘
1045,13:20:48,10.14,-0.01,8,8112,卖盘
1046,13:20:42,10.15,--,26,26390,买盘
1047,13:20:38,10.15,--,56,56840,卖盘
1048,13:20:33,10.15,-0.01,444,450660,卖盘
1049,13:20:27,10.16,--,20,20320,买盘
1050,13:20:18,10.16,-0.03,834,847344,卖盘
1051,13:20:12,10.19,0.01,587,598153,买盘
1052,13:20:08,10.18,--,5,5090,卖盘
1053,13:20:03,10.18,--,49,49882,卖盘
1054,13:19:57,10.18,0.01,439,446902,买盘
1055,13:19:53,10.17,--,264,268488,买盘
1056,13:19:48,10.17,0.01,1219,1239723,中性盘
1057,13:19:42,10.16,--,21,21336,卖盘
1058,13:19:38,10.16,-0.01,163,165608,卖盘
1059,13:19:33,10.17,0.01,44,44748,买盘
1060,13:19:27,10.16,-0.01,307,311912,卖盘
1061,13:19:23,10.17,0.01,8,8136,买盘
1062,13:19:18,10.16,--,98,99568,卖盘
1063,13:19:12,10.16,--,93,94488,卖盘
1064,13:19:08,10.16,0.01,93,94488,买盘
1065,13:19:03,10.15,--,12,12180,买盘
1066,13:18:57,10.15,0.01,106,107590,买盘
1067,13:18:48,10.14,-0.02,8,8112,卖盘
1068,13:18:42,10.16,0.02,110,111760,买盘
1069,13:18:38,10.14,-0.01,105,106470,卖盘
1070,13:18:33,10.15,--,74,75110,买盘
1071,13:18:27,10.15,--,126,127890,买盘
1072,13:18:21,10.15,0.01,51,51765,买盘
1073,13:18:18,10.14,0.01,29,29406,中性盘
1074,13:18:12,10.13,--,52,52676,买盘
1075,13:18:06,10.13,-0.02,213,215769,卖盘
1076,13:18:03,10.15,0.02,1,1015,买盘
1077,13:17:57,10.13,--,247,250211,买盘
1078,13:17:48,10.13,--,1518,1537734,买盘
1079,13:17:42,10.13,0.01,59,59767,买盘
1080,13:17:33,10.12,-0.01,61,61731,卖盘
1081,13:17:27,10.13,--,1250,1266250,买盘
1082,13:17:21,10.13,--,11,11143,买盘
1083,13:17:18,10.13,--,104,105352,买盘
1084,13:17:12,10.13,0.01,40,40520,买盘
1085,13:17:06,10.12,--,45,45540,卖盘
1086,13:17:03,10.12,--,102,103223,卖盘
1087,13:16:57,10.12,-0.01,333,336996,卖盘
1088,13:16:48,10.13,-0.02,117,118521,卖盘
1089,13:16:42,10.15,0.02,55,55825,买盘
1090,13:16:36,10.13,-0.02,7,7091,卖盘
1091,13:16:32,10.15,-0.01,10,10150,买盘
1092,13:16:27,10.16,--,371,376936,买盘
1093,13:16:21,10.16,--,3,3048,买盘
1094,13:16:17,10.16,-0.01,110,111760,卖盘
1095,13:16:12,10.17,-0.01,62,63054,买盘
1096,13:16:06,10.18,--,175,178150,买盘
1097,13:16:02,10.18,--,428,435704,买盘
1098,13:15:57,10.18,0.01,84,85512,买盘
1099,13:15:51,10.17,-0.01,24,24408,卖盘
1100,13:15:47,10.18,0.02,311,316598,买盘
1101,13:15:42,10.16,-0.02,337,342392,卖盘
1102,13:15:36,10.18,0.02,20,20360,买盘
1103,13:15:32,10.16,--,134,136144,买盘
1104,13:15:27,10.16,-0.02,207,210312,卖盘
1105,13:15:21,10.18,0.02,96,97728,买盘
1106,13:15:17,10.16,-0.03,81,82296,卖盘
1107,13:15:12,10.19,0.01,121,123299,买盘
1108,13:15:06,10.18,0.02,266,270788,买盘
1109,13:15:02,10.16,--,641,651438,卖盘
1110,13:14:57,10.16,--,507,515620,卖盘
1111,13:14:47,10.16,0.03,791,803981,买盘
1112,13:14:42,10.13,-0.03,265,268445,卖盘
1113,13:14:36,10.16,0.01,125,127000,买盘
1114,13:14:32,10.15,0.01,55,55825,中性盘
1115,13:14:27,10.14,0.01,699,708786,买盘
1116,13:14:21,10.13,--,98,99274,卖盘
1117,13:14:17,10.13,--,3,3039,卖盘
1118,13:14:12,10.13,-0.01,279,282627,卖盘
1119,13:14:06,10.14,0.01,55,55770,买盘
1120,13:14:02,10.13,--,10,10130,卖盘
1121,13:13:57,10.13,--,135,136755,卖盘
1122,13:13:51,10.13,--,125,126625,买盘
1123,13:13:47,10.13,--,124,125612,买盘
1124,13:13:42,10.13,0.02,197,199561,买盘
1125,13:13:36,10.11,-0.01,320,323520,卖盘
1126,13:13:27,10.12,--,83,83996,买盘
1127,13:13:21,10.12,--,24,24287,买盘
1128,13:13:17,10.12,0.02,100,101199,买盘
1129,13:13:12,10.1,--,26,26260,卖盘
1130,13:13:06,10.1,0.01,406,410868,买盘
1131,13:12:57,10.09,--,167,168503,买盘
1132,13:12:47,10.09,--,0,0,买盘
1133,13:12:42,10.09,0.01,249,251241,买盘
1134,13:12:36,10.08,0.01,100,100800,买盘
1135,13:12:26,10.07,0.01,55,55385,买盘
1136,13:12:21,10.06,--,25,25150,买盘
1137,13:12:12,10.06,--,27,27162,买盘
1138,13:12:06,10.06,0.03,24,24144,买盘
1139,13:12:02,10.03,--,0,0,卖盘
1140,13:11:56,10.03,-0.01,85,85255,卖盘
1141,13:11:51,10.04,0.01,7,7027,买盘
1142,13:11:47,10.03,-0.01,10,10030,卖盘
1143,13:11:42,10.04,0.02,18,18072,买盘
1144,13:11:26,10.02,--,94,94188,卖盘
1145,13:11:21,10.02,--,0,0,中性盘
1146,13:11:17,10.02,--,46,46092,买盘
1147,13:11:12,10.02,--,27,27054,买盘
1148,13:11:06,10.02,-0.01,18,18036,卖盘
1149,13:10:57,10.03,0.01,35,35105,买盘
1150,13:10:51,10.02,-0.01,11,11022,卖盘
1151,13:10:42,10.03,--,70,70210,买盘
1152,13:10:27,10.03,--,90,90270,买盘
1153,13:10:21,10.03,-0.02,110,110330,卖盘
1154,13:10:14,10.05,--,22,22110,买盘
1155,13:10:00,10.05,--,1,1005,卖盘
1156,13:09:56,10.05,--,90,90450,卖盘
1157,13:09:51,10.05,-0.01,15,15075,卖盘
1158,13:09:36,10.06,--,13,13078,卖盘
1159,13:09:29,10.06,-0.01,7,7042,卖盘
1160,13:09:26,10.07,--,3,3021,买盘
1161,13:09:11,10.07,--,29,29203,卖盘
1162,13:09:06,10.07,-0.01,5,5035,卖盘
1163,13:08:56,10.08,--,4,4032,买盘
1164,13:08:45,10.08,--,37,37296,卖盘
1165,13:08:41,10.08,--,193,194544,卖盘
1166,13:08:20,10.08,--,73,73584,卖盘
1167,13:08:14,10.08,--,46,46368,买盘
1168,13:08:11,10.08,--,35,35280,买盘
1169,13:08:05,10.08,--,191,192528,买盘
1170,13:07:59,10.08,-0.01,9,9072,中性盘
1171,13:07:56,10.09,0.01,150,151350,买盘
1172,13:07:50,10.08,0.01,50,50400,买盘
1173,13:07:44,10.07,--,0,0,买盘
1174,13:07:41,10.07,-0.02,10,10070,买盘
1175,13:07:35,10.09,--,1,1009,买盘
1176,13:07:26,10.09,0.05,598,603382,买盘
1177,13:07:20,10.04,--,7,7027,卖盘
1178,13:07:14,10.04,0.01,3,3011,中性盘
1179,13:07:11,10.03,--,0,0,中性盘
1180,13:07:05,10.03,--,14,14042,买盘
1181,13:06:59,10.03,--,2,2005,买盘
1182,13:06:50,10.03,--,20,20060,买盘
1183,13:06:44,10.03,0.01,57,57170,买盘
1184,13:06:29,10.02,-0.01,14,14028,卖盘
1185,13:06:26,10.03,--,7,7021,买盘
1186,13:06:20,10.03,-0.03,22,22066,卖盘
1187,13:06:05,10.06,--,278,279668,卖盘
1188,13:05:59,10.06,--,5,5030,卖盘
1189,13:05:56,10.06,--,32,32192,买盘
1190,13:05:50,10.06,--,5,5030,买盘
1191,13:05:44,10.06,--,24,24144,买盘
1192,13:05:35,10.06,--,61,61366,中性盘
1193,13:05:29,10.06,-0.01,11,11066,中性盘
1194,13:05:26,10.07,0.01,106,106742,买盘
1195,13:05:20,10.06,-0.01,10,10060,卖盘
1196,13:05:11,10.07,0.03,265,266855,买盘
1197,13:05:05,10.04,--,0,0,卖盘
1198,13:04:59,10.04,--,1,1003,卖盘
1199,13:04:56,10.04,--,1,1003,卖盘
1200,13:04:50,10.04,--,27,27107,卖盘
1201,13:04:44,10.04,-0.02,9,9036,卖盘
1202,13:04:35,10.06,0.02,21,21126,买盘
1203,13:04:29,10.04,--,178,178711,卖盘
1204,13:04:20,10.04,--,9,9036,卖盘
1205,13:04:14,10.04,--,42,42168,卖盘
1206,13:04:11,10.04,--,0,0,卖盘
1207,13:04:05,10.04,--,607,609428,卖盘
1208,13:03:59,10.04,--,120,120479,卖盘
1209,13:03:56,10.04,0.01,1,1003,卖盘
1210,13:03:50,10.03,--,29,29086,买盘
1211,13:03:44,10.03,--,32,32095,买盘
1212,13:03:41,10.03,--,3,3009,买盘
1213,13:03:35,10.03,-0.04,6,6018,卖盘
1214,13:03:29,10.07,--,0,0,买盘
1215,13:03:26,10.07,--,0,0,买盘
1216,13:03:20,10.07,0.03,300,302100,买盘
1217,13:03:14,10.04,0.02,90,90359,买盘
1218,13:03:05,10.02,0.01,174,174348,买盘
1219,13:02:59,10.01,--,7,7007,卖盘
1220,13:02:50,10.01,--,32,32032,卖盘
1221,13:02:44,10.01,0.05,778,778778,买盘
1222,13:02:20,9.96,--,0,0,卖盘
1223,13:02:14,9.96,-0.01,65,64740,卖盘
1224,13:01:59,9.97,--,25,24925,卖盘
1225,13:01:53,9.97,-0.01,1,997,卖盘
1226,13:01:50,9.98,0.01,1,998,买盘
1227,13:01:38,9.97,--,81,80757,买盘
1228,13:01:35,9.97,0.01,6,5982,买盘
1229,13:01:29,9.96,-0.01,1,996,卖盘
1230,13:01:23,9.97,0.01,10,9970,买盘
1231,13:01:20,9.96,-0.01,7,6972,卖盘
1232,13:01:14,9.97,--,22,21934,卖盘
1233,13:01:08,9.97,0.01,62,61814,卖盘
1234,13:00:59,9.96,--,0,0,卖盘
1235,13:00:53,9.96,--,30,29880,卖盘
1236,13:00:38,9.96,-0.01,2,1992,卖盘
1237,13:00:23,9.97,-0.01,2,1994,卖盘
1238,13:00:14,9.98,--,0,0,买盘
1239,13:00:08,9.98,0.01,364,363272,买盘
1240,13:00:05,9.97,--,272,271184,卖盘
1241,11:30:00,9.97,--,0,0,卖盘
1242,11:29:59,9.97,--,0,0,卖盘
1243,11:29:59,9.97,--,73,72781,买盘
1244,11:29:51,9.97,--,24,23928,买盘
1245,11:29:46,9.97,--,77,76769,买盘
1246,11:29:40,9.97,--,1,997,买盘
1247,11:29:36,9.97,-0.01,41,40877,卖盘
1248,11:29:31,9.98,0.01,10,9980,买盘
1249,11:29:21,9.97,-0.01,1,997,卖盘
1250,11:29:01,9.98,0.01,65,64870,买盘
1251,11:28:51,9.97,--,40,39880,买盘
1252,11:28:46,9.97,--,200,199400,买盘
1253,11:28:25,9.97,--,7,6979,买盘
1254,11:28:21,9.97,0.01,119,118643,买盘
1255,11:28:16,9.96,--,1,996,卖盘
1256,11:28:10,9.96,0.01,108,107568,买盘
1257,11:28:06,9.95,--,24,23880,卖盘
1258,11:27:51,9.95,-0.01,40,39800,卖盘
1259,11:27:46,9.96,--,4,3984,买盘
1260,11:27:36,9.96,0.01,304,302784,买盘
1261,11:27:31,9.95,--,5,4975,卖盘
1262,11:27:24,9.95,0.01,8,7959,买盘
1263,11:27:09,9.94,--,1,994,卖盘
1264,11:27:06,9.94,--,23,22862,卖盘
1265,11:27:00,9.94,-0.01,63,62622,卖盘
1266,11:26:51,9.95,0.01,8,7959,买盘
1267,11:26:39,9.94,-0.01,14,13916,卖盘
1268,11:26:36,9.95,0.01,3,2985,买盘
1269,11:26:31,9.94,-0.01,18,17892,卖盘
1270,11:26:21,9.95,--,74,73630,买盘
1271,11:26:16,9.95,0.01,100,99500,买盘
1272,11:26:06,9.94,-0.01,1,994,卖盘
1273,11:26:00,9.95,--,1,994,买盘
1274,11:25:51,9.95,--,238,236809,买盘
1275,11:25:45,9.95,--,119,118404,买盘
1276,11:25:39,9.95,--,16,15919,买盘
1277,11:25:36,9.95,0.01,10,9950,买盘
1278,11:25:24,9.94,--,24,23856,卖盘
1279,11:25:20,9.94,--,19,18886,卖盘
1280,11:25:15,9.94,--,576,572544,买盘
1281,11:25:05,9.94,--,2,1988,买盘
1282,11:25:00,9.94,0.01,105,104370,买盘
1283,11:24:54,9.93,-0.01,2,1986,卖盘
1284,11:24:51,9.94,--,53,52682,卖盘
1285,11:24:45,9.94,--,22,21868,买盘
1286,11:24:35,9.94,--,5,4970,买盘
1287,11:24:30,9.94,0.01,4,3976,卖盘
1288,11:24:05,9.93,--,127,126557,买盘
1289,11:24:00,9.93,--,10,9930,买盘
1290,11:23:50,9.93,-0.01,229,227397,卖盘
1291,11:23:45,9.94,0.01,137,136178,买盘
1292,11:23:39,9.93,--,6,5958,卖盘
1293,11:23:35,9.93,-0.01,52,51636,卖盘
1294,11:23:30,9.94,-0.01,6,5964,卖盘
1295,11:23:19,9.95,--,3,2985,买盘
1296,11:23:15,9.95,0.01,20,19900,买盘
1297,11:23:05,9.94,--,5,4970,买盘
1298,11:23:00,9.94,--,181,179914,买盘
1299,11:22:50,9.94,--,107,106358,买盘
1300,11:22:45,9.94,--,34,33796,买盘
1301,11:22:39,9.94,--,124,123256,买盘
1302,11:22:33,9.94,--,32,31808,买盘
1303,11:22:30,9.94,--,87,86478,买盘
1304,11:22:24,9.94,--,200,198800,买盘
1305,11:22:18,9.94,--,20,19880,买盘
1306,11:22:15,9.94,--,27,26838,买盘
1307,11:22:09,9.94,--,233,231602,卖盘
1308,11:22:00,9.94,--,43,42742,卖盘
1309,11:21:54,9.94,--,21,20874,买盘
1310,11:21:48,9.94,0.01,5,4970,买盘
1311,11:21:39,9.93,-0.01,26,25818,卖盘
1312,11:21:33,9.94,--,2,1988,买盘
1313,11:21:30,9.94,0.01,14,13916,买盘
1314,11:21:24,9.93,-0.01,1,993,卖盘
1315,11:21:18,9.94,0.01,2,1988,买盘
1316,11:21:09,9.93,--,342,339606,买盘
1317,11:21:00,9.93,0.01,31,30783,买盘
1318,11:20:54,9.92,--,8,7936,卖盘
1319,11:20:48,9.92,--,13,12896,卖盘
1320,11:20:39,9.92,--,36,35712,买盘
1321,11:20:33,9.92,--,10,9920,买盘
1322,11:20:24,9.92,0.01,24,23808,买盘
1323,11:20:18,9.91,-0.01,1,991,卖盘
1324,11:20:15,9.92,--,10,9920,买盘
1325,11:20:09,9.92,--,3,2976,买盘
1326,11:20:03,9.92,--,13,12896,买盘
1327,11:20:00,9.92,-0.01,167,165664,卖盘
1328,11:19:54,9.93,--,6,5958,买盘
1329,11:19:48,9.93,--,2,1986,买盘
1330,11:19:45,9.93,--,13,12909,买盘
1331,11:19:39,9.93,-0.01,3,2979,卖盘
1332,11:19:33,9.94,--,16,15904,买盘
1333,11:19:30,9.94,--,6,5964,买盘
1334,11:19:24,9.94,-0.01,20,19880,卖盘
1335,11:19:18,9.95,0.01,3,2985,中性盘
1336,11:19:15,9.94,--,58,57652,卖盘
1337,11:19:09,9.94,--,10,9940,卖盘
1338,11:19:03,9.94,--,86,85484,卖盘
1339,11:18:54,9.94,--,17,16898,卖盘
1340,11:18:45,9.94,--,62,61628,卖盘
1341,11:18:39,9.94,--,88,87472,买盘
1342,11:18:33,9.94,0.02,10,9940,买盘
1343,11:18:24,9.92,-0.02,3,2976,卖盘
1344,11:18:18,9.94,--,4,3976,买盘
1345,11:18:15,9.94,0.02,20,19880,买盘
1346,11:18:09,9.92,-0.02,1,992,卖盘
1347,11:18:03,9.94,--,1,994,买盘
1348,11:17:54,9.94,0.02,28,27832,买盘
1349,11:17:48,9.92,0.01,10,9920,中性盘
1350,11:17:44,9.91,--,126,124866,卖盘
1351,11:17:39,9.91,-0.01,166,164506,卖盘
1352,11:17:33,9.92,0.01,43,42656,买盘
1353,11:17:29,9.91,-0.01,16,15856,卖盘
1354,11:17:24,9.92,0.01,5,4960,买盘
1355,11:17:18,9.91,0.01,101,100091,卖盘
1356,11:17:14,9.9,--,0,0,卖盘
1357,11:17:09,9.9,--,50,49500,卖盘
1358,11:17:03,9.9,--,0,0,卖盘
1359,11:16:59,9.9,-0.02,328,324720,卖盘
1360,11:16:54,9.92,0.02,5,4960,买盘
1361,11:16:44,9.9,0.02,26,25740,买盘
1362,11:16:39,9.88,-0.01,44,43472,卖盘
1363,11:16:33,9.89,0.01,162,160218,买盘
1364,11:16:27,9.88,-0.01,482,476216,中性盘
1365,11:16:24,9.89,--,65,64285,买盘
1366,11:16:18,9.89,0.02,21,20769,中性盘
1367,11:16:12,9.87,-0.03,516,509291,卖盘
1368,11:16:09,9.9,-0.02,8,7920,买盘
1369,11:16:03,9.92,0.02,501,496992,中性盘
1370,11:15:57,9.9,--,1,990,卖盘
1371,11:15:54,9.9,--,40,39600,卖盘
1372,11:15:48,9.9,--,0,0,卖盘
1373,11:15:42,9.9,-0.04,2719,2691819,卖盘
1374,11:15:33,9.94,--,9,8946,卖盘
1375,11:15:27,9.94,-0.03,411,408534,卖盘
1376,11:15:24,9.97,--,70,69790,买盘
1377,11:15:18,9.97,0.01,15,14955,买盘
1378,11:15:09,9.96,-0.01,5,4980,卖盘
1379,11:15:03,9.97,--,1,997,买盘
1380,11:14:57,9.97,0.01,21,20937,买盘
1381,11:14:54,9.96,--,6,5976,卖盘
1382,11:14:48,9.96,-0.01,31,30876,中性盘
1383,11:14:42,9.97,--,16,15952,买盘
1384,11:14:27,9.97,--,1,997,买盘
1385,11:14:24,9.97,-0.01,5,4985,买盘
1386,11:14:18,9.98,0.02,70,69860,买盘
1387,11:14:12,9.96,-0.02,100,99600,卖盘
1388,11:14:03,9.98,--,0,0,买盘
1389,11:13:57,9.98,--,5,4990,买盘
1390,11:13:54,9.98,--,6,5988,买盘
1391,11:13:48,9.98,-0.01,157,157234,卖盘
1392,11:13:33,9.99,--,11,11978,卖盘
1393,11:13:27,9.99,--,14,13986,卖盘
1394,11:13:24,9.99,-0.01,0,9,卖盘
1395,11:13:12,10.0,--,10,10000,买盘
1396,11:13:09,10.0,--,20,20000,买盘
1397,11:12:53,10.0,--,4,4000,买盘
1398,11:12:39,10.0,0.01,1,1000,买盘
1399,11:12:33,9.99,-0.01,60,59940,卖盘
1400,11:12:27,10.0,0.01,3,3000,买盘
1401,11:12:24,9.99,0.01,30,29970,中性盘
1402,11:11:53,9.98,--,18,18413,买盘
1403,11:11:48,9.98,--,22,21956,买盘
1404,11:11:42,9.98,-0.01,259,259030,卖盘
1405,11:11:38,9.99,0.01,6,5994,买盘
1406,11:11:33,9.98,-0.01,6,5988,卖盘
1407,11:11:27,9.99,0.01,313,312687,买盘
1408,11:11:18,9.98,--,9,9431,卖盘
1409,11:11:08,9.98,--,290,289420,买盘
1410,11:10:53,9.98,0.01,5,4990,买盘
1411,11:10:48,9.97,0.01,60,59820,卖盘
1412,11:10:33,9.96,--,137,136452,卖盘
1413,11:10:27,9.96,--,0,0,卖盘
1414,11:10:18,9.96,0.01,10,9960,中性盘
1415,11:10:12,9.95,--,14,13929,卖盘
1416,11:10:03,9.95,--,15,14924,卖盘
1417,11:09:57,9.95,--,10,9950,卖盘
1418,11:09:51,9.95,--,9,8955,卖盘
1419,11:09:48,9.95,--,33,32835,卖盘
1420,11:09:42,9.95,--,9,8955,卖盘
1421,11:09:36,9.95,--,2,1989,卖盘
1422,11:09:33,9.95,--,51,50745,卖盘
1423,11:09:27,9.95,--,32,31839,卖盘
1424,11:09:18,9.95,--,50,49750,卖盘
1425,11:09:12,9.95,--,71,70645,卖盘
1426,11:09:06,9.95,-0.01,1,994,卖盘
1427,11:09:03,9.96,--,1,996,买盘
1428,11:08:57,9.96,0.01,4,3984,买盘
1429,11:08:51,9.95,-0.01,4,3979,卖盘
1430,11:08:48,9.96,--,140,139440,买盘
1431,11:08:33,9.96,--,1,996,买盘
1432,11:08:27,9.96,--,288,286848,卖盘
1433,11:08:18,9.96,--,1,996,卖盘
1434,11:08:06,9.96,--,0,0,卖盘
1435,11:08:03,9.96,-0.02,1,996,卖盘
1436,11:07:57,9.98,--,24,23952,买盘
1437,11:07:42,9.98,--,79,78842,买盘
1438,11:07:33,9.98,--,42,41916,买盘
1439,11:07:27,9.98,0.01,3,2994,买盘
1440,11:07:21,9.97,-0.01,5,4985,卖盘
1441,11:07:18,9.98,0.01,3,2994,买盘
1442,11:07:12,9.97,-0.01,99,98703,卖盘
1443,11:07:03,9.98,-0.01,9,8982,卖盘
1444,11:06:57,9.99,0.01,4,3996,买盘
1445,11:06:51,9.98,--,67,66866,卖盘
1446,11:06:48,9.98,--,2,1996,卖盘
1447,11:06:42,9.98,-0.01,4,3992,卖盘
1448,11:06:32,9.99,--,41,40959,卖盘
1449,11:06:27,9.99,0.01,553,552447,买盘
1450,11:06:12,9.98,0.01,15,14970,买盘
1451,11:06:06,9.97,-0.01,30,29910,卖盘
1452,11:05:57,9.98,--,44,43912,买盘
1453,11:05:51,9.98,--,2,1996,买盘
1454,11:05:47,9.98,--,5,4990,买盘
1455,11:05:42,9.98,--,17,16966,卖盘
1456,11:05:36,9.98,--,2,1996,买盘
1457,11:05:32,9.98,--,10,9980,买盘
1458,11:05:27,9.98,--,14,13972,买盘
1459,11:05:17,9.98,--,15,14970,买盘
1460,11:05:06,9.98,0.01,5,4990,买盘
1461,11:04:47,9.97,-0.01,6,5982,卖盘
1462,11:04:42,9.98,0.01,11,10978,买盘
1463,11:04:32,9.97,-0.01,39,38883,卖盘
1464,11:04:27,9.98,--,30,29940,买盘
1465,11:04:21,9.98,--,20,19960,买盘
1466,11:04:17,9.98,--,160,159680,卖盘
1467,11:04:12,9.98,-0.01,44,43912,卖盘
1468,11:03:51,9.99,--,0,0,中性盘
1469,11:03:45,9.99,--,4,3996,卖盘
1470,11:03:42,9.99,-0.01,141,140859,卖盘
1471,11:03:36,10.0,0.01,5,5000,买盘
1472,11:03:31,9.99,--,28,27972,卖盘
1473,11:03:21,9.99,--,5,4995,卖盘
1474,11:03:16,9.99,--,1,999,卖盘
1475,11:03:12,9.99,--,4,3996,卖盘
1476,11:02:57,9.99,--,25,24975,卖盘
1477,11:02:45,9.99,-0.01,10,9990,卖盘
1478,11:02:42,10.0,0.01,55,55000,买盘
1479,11:02:36,9.99,--,10,9990,卖盘
1480,11:02:27,9.99,-0.01,79,78921,卖盘
1481,11:02:21,10.0,0.01,150,150000,买盘
1482,11:02:12,9.99,0.01,1,999,中性盘
1483,11:02:06,9.98,-0.01,6,5988,卖盘
1484,11:01:57,9.99,-0.01,117,116883,卖盘
1485,11:01:51,10.0,0.01,1,1000,买盘
1486,11:01:42,9.99,--,60,59940,卖盘
1487,11:01:36,9.99,--,40,39960,卖盘
1488,11:01:15,9.99,--,6,5994,卖盘
1489,11:01:06,9.99,-0.01,1,999,卖盘
1490,11:00:57,10.0,0.01,2,2000,买盘
1491,11:00:51,9.99,--,5,4995,卖盘
1492,11:00:42,9.99,--,6,5994,卖盘
1493,11:00:21,9.99,--,20,19980,买盘
1494,11:00:15,9.99,--,195,194805,买盘
1495,11:00:06,9.99,0.01,2,1998,买盘
1496,11:00:00,9.98,-0.01,1,998,卖盘
1497,10:59:51,9.99,--,1,999,买盘
1498,10:59:36,9.99,-0.01,20,19980,卖盘
1499,10:59:30,10.0,0.01,16,16000,买盘
1500,10:59:06,9.99,--,4,3996,卖盘
1501,10:58:56,9.99,--,7,6993,买盘
1502,10:58:45,9.99,--,0,0,中性盘
1503,10:58:41,9.99,--,0,0,中性盘
1504,10:58:36,9.99,--,14,13986,买盘
1505,10:58:26,9.99,--,10,9990,买盘
1506,10:58:15,9.99,0.04,2,1998,买盘
1507,10:58:06,9.95,--,0,0,卖盘
1508,10:58:00,9.95,--,0,0,卖盘
1509,10:57:56,9.95,-0.01,74,73630,卖盘
1510,10:57:45,9.96,--,1,996,卖盘
1511,10:57:41,9.96,--,158,157368,买盘
1512,10:57:36,9.96,--,110,109560,买盘
1513,10:57:30,9.96,--,22,21912,买盘
1514,10:57:26,9.96,--,123,122508,买盘
1515,10:57:21,9.96,--,13,12948,买盘
1516,10:57:11,9.96,-0.01,255,253980,卖盘
1517,10:57:06,9.97,-0.02,123,122631,卖盘
1518,10:56:51,9.99,--,29,28971,卖盘
1519,10:56:45,9.99,-0.01,10,9990,卖盘
1520,10:56:41,10.0,0.01,43,43000,买盘
1521,10:56:36,9.99,--,11,10989,卖盘
1522,10:56:30,9.99,--,2,1998,卖盘
1523,10:56:21,9.99,-0.01,25,24975,卖盘
1524,10:56:15,10.0,--,3,3000,买盘
1525,10:56:06,10.0,--,15,15000,买盘
1526,10:55:54,10.0,--,14,14000,买盘
1527,10:55:40,10.0,--,5,5000,买盘
1528,10:55:36,10.0,--,2,2000,买盘
1529,10:55:30,10.0,0.03,11,11000,买盘
1530,10:55:24,9.97,-0.03,1,997,卖盘
1531,10:54:54,10.0,--,0,0,买盘
1532,10:54:51,10.0,0.01,154,154000,买盘
1533,10:54:45,9.99,-0.01,17,16983,中性盘
1534,10:54:39,10.0,0.06,33,33000,买盘
1535,10:54:30,9.94,-0.05,62,61628,卖盘
1536,10:54:21,9.99,-0.01,1010,1008990,卖盘
1537,10:54:15,10.0,0.01,92,92000,买盘
1538,10:54:09,9.99,--,10,9990,卖盘
1539,10:54:06,9.99,-0.01,2,1998,中性盘
1540,10:54:00,10.0,0.01,47,47000,买盘
1541,10:53:45,9.99,0.02,8,7992,卖盘
1542,10:53:39,9.97,--,0,0,卖盘
1543,10:53:36,9.97,--,0,0,卖盘
1544,10:53:21,9.97,--,40,39880,卖盘
1545,10:53:06,9.97,-0.02,907,904279,卖盘
1546,10:53:00,9.99,--,1,999,卖盘
1547,10:52:51,9.99,--,5,4995,卖盘
1548,10:52:45,9.99,--,6,5994,买盘
1549,10:52:35,9.99,0.01,40,39960,买盘
1550,10:52:30,9.98,-0.01,4,3992,卖盘
1551,10:52:15,9.99,0.01,1,999,买盘
1552,10:52:09,9.98,--,19,18962,卖盘
1553,10:51:54,9.98,--,1,998,卖盘
1554,10:51:39,9.98,-0.01,2,1996,卖盘
1555,10:51:35,9.99,-0.01,87,86913,卖盘
1556,10:51:20,10.0,--,1,1000,买盘
1557,10:51:09,10.0,--,31,31000,买盘
1558,10:51:05,10.0,0.01,1,1000,买盘
1559,10:50:50,9.99,-0.01,1,999,卖盘
1560,10:50:45,10.0,-0.01,9,9000,卖盘
1561,10:50:39,10.01,0.01,5,5005,买盘
1562,10:50:30,10.0,-0.01,209,209000,卖盘
1563,10:50:15,10.01,0.01,5,5005,买盘
1564,10:50:09,10.0,--,47,47000,卖盘
1565,10:50:05,10.0,--,16,16000,卖盘
1566,10:50:00,10.0,--,34,34000,卖盘
1567,10:49:50,10.0,-0.01,30,30000,卖盘
1568,10:49:45,10.01,0.01,11,11011,买盘
1569,10:49:35,10.0,--,6,6000,卖盘
1570,10:49:30,10.0,-0.01,4,4000,卖盘
1571,10:49:24,10.01,--,8,8008,买盘
1572,10:49:15,10.01,--,1,1001,买盘
1573,10:49:09,10.01,0.01,10,10010,买盘
1574,10:49:05,10.0,--,22,22000,卖盘
1575,10:48:54,10.0,--,2,2000,卖盘
1576,10:48:39,10.0,--,260,260000,卖盘
1577,10:48:30,10.0,-0.01,5,5000,卖盘
1578,10:48:24,10.01,0.01,35,35035,买盘
1579,10:48:15,10.0,--,60,60000,卖盘
1580,10:48:09,10.0,--,226,226000,卖盘
1581,10:48:00,10.0,--,51,51000,卖盘
1582,10:47:33,10.0,--,1,1000,卖盘
1583,10:47:29,10.0,-0.01,2,2000,卖盘
1584,10:47:09,10.01,--,11,11011,买盘
1585,10:47:03,10.01,--,20,20020,买盘
1586,10:46:59,10.01,-0.01,189,189189,卖盘
1587,10:46:54,10.02,0.01,105,105210,买盘
1588,10:46:39,10.01,--,106,106106,卖盘
1589,10:46:24,10.01,--,64,64064,卖盘
1590,10:46:18,10.01,--,16,16016,卖盘
1591,10:46:14,10.01,0.01,3,3003,中性盘
1592,10:46:09,10.0,--,12,12000,卖盘
1593,10:46:03,10.0,--,0,0,卖盘
1594,10:45:59,10.0,--,230,230000,卖盘
1595,10:45:54,10.0,-0.02,177,177000,卖盘
1596,10:45:48,10.02,--,131,131262,卖盘
1597,10:45:44,10.02,-0.01,61,61122,卖盘
1598,10:45:39,10.03,0.01,11,11033,买盘
1599,10:45:29,10.02,--,10,10020,卖盘
1600,10:45:24,10.02,0.02,139,139278,买盘
1601,10:45:14,10.0,--,82,82000,卖盘
1602,10:45:03,10.0,-0.02,11,11000,卖盘
1603,10:44:48,10.02,--,6,6012,买盘
1604,10:44:39,10.02,0.02,16,16032,买盘
1605,10:44:29,10.0,-0.02,2,2000,卖盘
1606,10:44:09,10.02,0.02,270,270540,买盘
1607,10:43:59,10.0,-0.02,15,15000,卖盘
1608,10:43:54,10.02,--,1,1002,买盘
1609,10:43:48,10.02,--,2,2004,卖盘
1610,10:43:44,10.02,--,2,2004,卖盘
1611,10:43:39,10.02,0.03,2,2004,卖盘
1612,10:43:33,9.99,--,0,0,卖盘
1613,10:43:29,9.99,-0.04,135,134865,卖盘
1614,10:43:24,10.03,0.03,50,50150,买盘
1615,10:43:18,10.0,-0.03,4,4000,卖盘
1616,10:43:14,10.03,--,0,0,买盘
1617,10:43:09,10.03,--,62,62185,买盘
1618,10:43:03,10.03,0.03,4,4011,买盘
1619,10:42:54,10.0,--,51,51000,卖盘
1620,10:42:44,10.0,--,8,8000,卖盘
1621,10:42:24,10.0,--,0,0,中性盘
1622,10:42:18,10.0,--,0,0,买盘
1623,10:42:14,10.0,--,1,1000,买盘
1624,10:42:09,10.0,--,60,60000,买盘
1625,10:42:03,10.0,--,40,40000,买盘
1626,10:41:54,10.0,--,97,97000,买盘
1627,10:41:48,10.0,--,10,10000,买盘
1628,10:41:39,10.0,-0.03,143,143000,卖盘
1629,10:41:33,10.03,0.03,3,3009,买盘
1630,10:41:29,10.0,-0.03,2287,2287000,卖盘
1631,10:41:09,10.03,--,38,38114,买盘
1632,10:40:57,10.03,-0.01,49,49147,卖盘
1633,10:40:54,10.04,-0.01,40,40160,卖盘
1634,10:40:48,10.05,0.01,85,85425,买盘
1635,10:40:42,10.04,--,27,27107,买盘
1636,10:40:39,10.04,--,40,40160,买盘
1637,10:40:33,10.04,--,25,25099,卖盘
1638,10:40:27,10.04,-0.01,26,26103,卖盘
1639,10:40:18,10.05,0.01,11,11055,买盘
1640,10:40:12,10.04,--,15,15059,买盘
1641,10:40:08,10.04,-0.01,58,58231,卖盘
1642,10:40:03,10.05,0.02,10,10050,买盘
1643,10:39:53,10.03,--,67,67201,买盘
1644,10:39:48,10.03,--,110,110330,买盘
1645,10:39:42,10.03,--,35,35105,买盘
1646,10:39:38,10.03,0.01,58,58173,买盘
1647,10:39:33,10.02,-0.01,1,1002,卖盘
1648,10:39:27,10.03,--,40,40120,买盘
1649,10:39:23,10.03,--,53,53159,买盘
1650,10:39:18,10.03,0.01,79,79237,买盘
1651,10:39:03,10.02,--,113,113226,买盘
1652,10:38:57,10.02,--,10,10020,买盘
1653,10:38:53,10.02,0.01,10,10020,买盘
1654,10:38:48,10.01,-0.01,111,111111,卖盘
1655,10:38:42,10.02,0.01,32,32064,买盘
1656,10:38:38,10.01,--,4,4004,卖盘
1657,10:38:27,10.01,--,104,104104,买盘
1658,10:38:23,10.01,--,6,6006,买盘
1659,10:38:18,10.01,0.01,20,20020,买盘
1660,10:38:12,10.0,0.01,33,33000,卖盘
1661,10:38:03,9.99,-0.02,4,3996,卖盘
1662,10:37:57,10.01,0.02,5,5005,买盘
1663,10:37:41,9.99,--,8,7992,卖盘
1664,10:37:33,9.99,--,36,35964,买盘
1665,10:37:27,9.99,--,22,21978,卖盘
1666,10:37:23,9.99,--,0,0,中性盘
1667,10:37:18,9.99,--,20,19980,卖盘
1668,10:37:08,9.99,-0.02,1,999,卖盘
1669,10:37:02,10.01,0.02,20,20020,买盘
1670,10:36:57,9.99,-0.02,27,26982,卖盘
1671,10:36:42,10.01,--,31,31031,买盘
1672,10:36:33,10.01,0.02,6,6006,买盘
1673,10:36:23,9.99,-0.01,943,942057,卖盘
1674,10:36:18,10.0,--,50,50000,买盘
1675,10:36:11,10.0,0.01,5,5000,买盘
1676,10:36:03,9.99,-0.01,1,999,卖盘
1677,10:35:56,10.0,0.01,4,4000,买盘
1678,10:35:48,9.99,--,8,7992,卖盘
1679,10:35:42,9.99,--,5,4995,卖盘
1680,10:35:33,9.99,--,2,1998,卖盘
1681,10:35:26,9.99,0.01,117,116883,买盘
1682,10:35:18,9.98,-0.01,3,2994,卖盘
1683,10:35:11,9.99,--,33,32967,买盘
1684,10:35:08,9.99,0.01,100,99900,买盘
1685,10:34:57,9.98,--,36,35937,买盘
1686,10:34:53,9.98,--,1,998,买盘
1687,10:34:47,9.98,--,17,16966,买盘
1688,10:34:41,9.98,0.02,25,24950,买盘
1689,10:34:27,9.96,--,0,0,卖盘
1690,10:34:17,9.96,--,20,19920,卖盘
1691,10:34:02,9.96,--,9,8964,卖盘
1692,10:33:56,9.96,0.01,5,4980,买盘
1693,10:33:47,9.95,-0.01,63,62684,卖盘
1694,10:33:41,9.96,--,5,4980,卖盘
1695,10:33:32,9.96,0.01,7,6972,买盘
1696,10:33:26,9.95,-0.04,3,2985,卖盘
1697,10:33:17,9.99,--,0,0,买盘
1698,10:33:11,9.99,0.01,76,75924,买盘
1699,10:33:05,9.98,--,14,13972,卖盘
1700,10:33:02,9.98,-0.01,2,1996,卖盘
1701,10:32:50,9.99,--,3,2997,买盘
1702,10:32:47,9.99,--,14,13986,卖盘
1703,10:32:41,9.99,0.04,19,18981,买盘
1704,10:32:35,9.95,--,3,2985,卖盘
1705,10:32:32,9.95,-0.02,62,61689,卖盘
1706,10:32:26,9.97,0.02,230,229310,买盘
1707,10:32:20,9.95,--,20,19900,卖盘
1708,10:32:11,9.95,--,14,13929,卖盘
1709,10:32:05,9.95,-0.04,1835,1825824,卖盘
1710,10:32:02,9.99,-0.01,90,89910,卖盘
1711,10:31:56,10.0,--,9,9000,买盘
1712,10:31:47,10.0,--,141,141000,买盘
1713,10:31:35,10.0,0.01,251,251000,买盘
1714,10:31:32,9.99,-0.01,3,2997,卖盘
1715,10:31:26,10.0,0.01,70,70000,买盘
1716,10:31:20,9.99,-0.01,6,5994,卖盘
1717,10:31:17,10.0,--,1,1000,买盘
1718,10:31:11,10.0,-0.01,385,385000,卖盘
1719,10:31:05,10.01,-0.01,107,107107,卖盘
1720,10:31:02,10.02,0.01,55,55110,买盘
1721,10:30:56,10.01,--,7,7007,卖盘
1722,10:30:50,10.01,--,2,2002,卖盘
1723,10:30:47,10.01,--,111,111111,卖盘
1724,10:30:41,10.01,--,24,24024,卖盘
1725,10:30:35,10.01,--,5,5005,卖盘
1726,10:30:32,10.01,--,6,6006,卖盘
1727,10:30:26,10.01,-0.01,1,1001,中性盘
1728,10:30:20,10.02,0.01,81,81162,买盘
1729,10:30:17,10.01,--,4,4004,买盘
1730,10:30:11,10.01,0.01,13,13013,买盘
1731,10:30:05,10.0,--,29,29000,卖盘
1732,10:29:56,10.0,--,12,12000,卖盘
1733,10:29:50,10.0,-0.01,41,41000,卖盘
1734,10:29:47,10.01,--,0,0,买盘
1735,10:29:41,10.01,0.01,119,119119,买盘
1736,10:29:35,10.0,0.01,22,22000,买盘
1737,10:29:26,9.99,--,82,81918,卖盘
1738,10:29:20,9.99,--,2,1998,卖盘
1739,10:29:11,9.99,0.03,702,701337,买盘
1740,10:29:05,9.96,-0.02,507,504972,卖盘
1741,10:28:50,9.98,0.02,8,7984,买盘
1742,10:28:47,9.96,-0.02,82,81672,卖盘
1743,10:28:41,9.98,0.02,40,39920,买盘
1744,10:28:31,9.96,--,14,13944,卖盘
1745,10:28:26,9.96,--,5,4980,卖盘
1746,10:28:20,9.96,-0.03,50,49800,卖盘
1747,10:28:11,9.99,0.03,85,84915,买盘
1748,10:28:05,9.96,-0.03,4,3984,卖盘
1749,10:28:01,9.99,--,30,29970,买盘
1750,10:27:56,9.99,--,10,9990,买盘
1751,10:27:50,9.99,--,20,19980,买盘
1752,10:27:41,9.99,--,116,115884,买盘
1753,10:27:35,9.99,--,160,159840,买盘
1754,10:27:29,9.99,--,0,0,买盘
1755,10:27:20,9.99,--,147,146853,卖盘
1756,10:27:11,9.99,0.03,446,445554,买盘
1757,10:26:59,9.96,-0.03,30,29880,卖盘
1758,10:26:56,9.99,--,21,20979,买盘
1759,10:26:50,9.99,--,10,9990,买盘
1760,10:26:41,9.99,--,89,88911,卖盘
1761,10:26:29,9.99,0.04,184,183816,买盘
1762,10:26:26,9.95,--,147,146265,买盘
1763,10:26:20,9.95,--,66,65670,买盘
1764,10:26:14,9.95,--,208,206959,卖盘
1765,10:26:11,9.95,0.01,130,129349,卖盘
1766,10:26:05,9.94,-0.01,139,138712,卖盘
1767,10:25:59,9.95,0.01,12,11940,买盘
1768,10:25:56,9.94,-0.01,101,100394,卖盘
1769,10:25:50,9.95,--,1,994,买盘
1770,10:25:44,9.95,-0.02,145,144722,卖盘
1771,10:25:41,9.97,0.02,11,10967,买盘
1772,10:25:35,9.95,-0.02,629,625855,卖盘
1773,10:25:26,9.97,--,120,119640,卖盘
1774,10:25:20,9.97,-0.01,5,4985,卖盘
1775,10:25:14,9.98,0.01,91,90818,买盘
1776,10:25:05,9.97,-0.01,60,59820,卖盘
1777,10:24:50,9.98,--,7,6986,买盘
1778,10:24:44,9.98,-0.01,386,385228,卖盘
1779,10:24:35,9.99,--,48,47952,卖盘
1780,10:24:29,9.99,--,13,12987,卖盘
1781,10:24:26,9.99,-0.01,101,100899,卖盘
1782,10:24:20,10.0,--,1,1000,买盘
1783,10:24:14,10.0,-0.02,372,372000,卖盘
1784,10:24:05,10.02,0.03,151,151302,买盘
1785,10:23:59,9.99,-0.02,39,38961,卖盘
1786,10:23:50,10.01,0.02,586,586586,买盘
1787,10:23:44,9.99,--,99,98901,卖盘
1788,10:23:35,9.99,-0.01,38,37962,卖盘
1789,10:23:29,10.0,--,8,8000,买盘
1790,10:23:26,10.0,--,48,48000,买盘
1791,10:23:20,10.0,--,29,29000,买盘
1792,10:23:14,10.0,--,90,90000,买盘
1793,10:23:11,10.0,0.01,37,37000,买盘
1794,10:23:05,9.99,--,65,64935,卖盘
1795,10:22:50,9.99,0.01,2,1998,中性盘
1796,10:22:44,9.98,0.01,267,266466,中性盘
1797,10:22:35,9.97,-0.02,32,31904,卖盘
1798,10:22:29,9.99,0.02,10,9990,买盘
1799,10:22:20,9.97,-0.01,8,7976,卖盘
1800,10:22:14,9.98,0.01,226,225548,买盘
1801,10:22:11,9.97,--,65,64805,买盘
1802,10:22:05,9.97,0.01,50,49850,买盘
1803,10:21:56,9.96,--,20,19920,买盘
1804,10:21:50,9.96,0.01,20,19920,买盘
1805,10:21:44,9.95,--,92,91540,卖盘
1806,10:21:35,9.95,0.01,68,68207,买盘
1807,10:21:29,9.94,--,67,66598,卖盘
1808,10:21:25,9.94,-0.01,18,17892,卖盘
1809,10:21:20,9.95,--,30,29849,买盘
1810,10:21:14,9.95,--,103,102484,买盘
1811,10:21:10,9.95,--,58,57709,买盘
1812,10:21:05,9.95,--,192,191040,买盘
1813,10:20:59,9.95,0.01,36,35820,买盘
1814,10:20:55,9.94,--,80,79520,卖盘
1815,10:20:50,9.94,--,51,50694,卖盘
1816,10:20:44,9.94,-0.01,70,69580,中性盘
1817,10:20:39,9.95,0.01,53,52734,买盘
1818,10:20:35,9.94,0.01,8,7952,买盘
1819,10:20:29,9.93,-0.02,71,70503,卖盘
1820,10:20:23,9.95,0.02,365,363175,买盘
1821,10:20:20,9.93,-0.01,4,3972,卖盘
1822,10:20:14,9.94,-0.01,94,93436,卖盘
1823,10:20:08,9.95,0.01,343,341285,买盘
1824,10:20:05,9.94,-0.01,3,2982,卖盘
1825,10:19:59,9.95,--,0,0,买盘
1826,10:19:53,9.95,0.02,160,159200,买盘
1827,10:19:50,9.93,-0.01,9,8937,卖盘
1828,10:19:44,9.94,-0.02,596,592424,卖盘
1829,10:19:38,9.96,0.02,311,309756,买盘
1830,10:19:29,9.94,--,5,4970,卖盘
1831,10:19:23,9.94,--,28,27832,卖盘
1832,10:19:14,9.94,-0.02,137,136178,卖盘
1833,10:19:08,9.96,0.02,105,104580,买盘
1834,10:19:05,9.94,0.01,5,4970,中性盘
1835,10:18:59,9.93,-0.03,51,50643,卖盘
1836,10:18:53,9.96,0.02,61,60756,买盘
1837,10:18:50,9.94,--,9,8946,买盘
1838,10:18:44,9.94,-0.02,125,124250,卖盘
1839,10:18:38,9.96,0.02,67,66732,买盘
1840,10:18:35,9.94,--,9,8946,卖盘
1841,10:18:29,9.94,--,39,38766,买盘
1842,10:18:23,9.94,--,54,53676,买盘
1843,10:18:20,9.94,--,6,5964,买盘
1844,10:18:14,9.94,--,33,32802,买盘
1845,10:18:08,9.94,--,172,170968,买盘
1846,10:18:05,9.94,-0.01,338,335972,卖盘
1847,10:17:59,9.95,0.01,26,25869,中性盘
1848,10:17:53,9.94,--,101,100394,卖盘
1849,10:17:44,9.94,--,138,137172,卖盘
1850,10:17:38,9.94,0.01,21,20874,买盘
1851,10:17:35,9.93,0.01,22,21846,买盘
1852,10:17:29,9.92,-0.01,13,12896,卖盘
1853,10:17:23,9.93,-0.01,39,38727,卖盘
1854,10:17:20,9.94,0.02,5,4970,买盘
1855,10:17:14,9.92,--,3,2976,卖盘
1856,10:17:08,9.92,-0.01,208,206336,卖盘
1857,10:17:05,9.93,0.01,34,33762,买盘
1858,10:16:59,9.92,-0.02,62,61504,中性盘
1859,10:16:53,9.94,0.03,53,52682,买盘
1860,10:16:44,9.91,--,1,991,卖盘
1861,10:16:38,9.91,0.01,47,46577,买盘
1862,10:16:35,9.9,0.02,56,55539,买盘
1863,10:16:29,9.88,--,170,167960,卖盘
1864,10:16:23,9.88,--,639,631332,买盘
1865,10:16:20,9.88,--,163,161044,买盘
1866,10:16:14,9.88,--,15,14820,买盘
1867,10:16:08,9.88,-0.05,1285,1269580,卖盘
1868,10:16:05,9.93,--,37,36741,买盘
1869,10:15:59,9.93,0.03,328,325704,买盘
1870,10:15:53,9.9,-0.07,4419,4374810,卖盘
1871,10:15:50,9.97,0.02,378,376866,买盘
1872,10:15:44,9.95,-0.02,1660,1651699,卖盘
1873,10:15:38,9.97,--,89,88733,买盘
1874,10:15:35,9.97,0.01,48,47856,中性盘
1875,10:15:29,9.96,-0.02,28,27888,卖盘
1876,10:15:23,9.98,0.02,1,998,买盘
1877,10:15:19,9.96,--,0,0,卖盘
1878,10:15:14,9.96,-0.02,24,23904,卖盘
1879,10:15:08,9.98,0.01,74,73852,买盘
1880,10:15:04,9.97,--,2,1994,买盘
1881,10:14:59,9.97,--,237,237186,卖盘
1882,10:14:53,9.97,-0.01,5,4985,卖盘
1883,10:14:44,9.98,-0.01,727,725546,卖盘
1884,10:14:38,9.99,-0.01,173,172827,卖盘
1885,10:14:34,10.0,0.01,50,50000,买盘
1886,10:14:29,9.99,--,51,50949,卖盘
1887,10:14:23,9.99,-0.01,24,23976,卖盘
1888,10:14:14,10.0,--,34,34000,买盘
1889,10:14:08,10.0,0.01,173,173000,买盘
1890,10:14:04,9.99,-0.01,300,299700,卖盘
1891,10:13:59,10.0,--,200,200000,买盘
1892,10:13:53,10.0,--,40,40000,买盘
1893,10:13:49,10.0,0.01,8,8000,买盘
1894,10:13:44,9.99,-0.01,20,19980,卖盘
1895,10:13:38,10.0,--,131,131000,卖盘
1896,10:13:34,10.0,--,4,4000,卖盘
1897,10:13:29,10.0,--,88,88000,买盘
1898,10:13:23,10.0,--,254,254000,买盘
1899,10:13:17,10.0,--,26,26000,买盘
1900,10:13:14,10.0,--,1,1000,买盘
1901,10:13:08,10.0,--,202,202000,卖盘
1902,10:13:02,10.0,--,234,234000,卖盘
1903,10:12:59,10.0,--,157,157000,买盘
1904,10:12:53,10.0,--,354,354000,买盘
1905,10:12:47,10.0,--,110,110000,买盘
1906,10:12:44,10.0,--,24,24000,买盘
1907,10:12:38,10.0,--,325,325000,卖盘
1908,10:12:32,10.0,--,21,21000,卖盘
1909,10:12:29,10.0,--,10,10000,卖盘
1910,10:12:17,10.0,--,42,42000,买盘
1911,10:12:14,10.0,--,216,216000,买盘
1912,10:12:08,10.0,--,75,75000,买盘
1913,10:12:02,10.0,--,6,6000,买盘
1914,10:11:53,10.0,--,23,23000,卖盘
1915,10:11:47,10.0,--,54,54000,卖盘
1916,10:11:44,10.0,-0.01,5,5000,卖盘
1917,10:11:38,10.01,0.01,67,67067,买盘
1918,10:11:29,10.0,0.01,4,4000,中性盘
1919,10:11:23,9.99,--,210,209790,卖盘
1920,10:11:17,9.99,-0.01,167,166833,卖盘
1921,10:11:14,10.0,--,104,104000,买盘
1922,10:11:08,10.0,--,120,120000,买盘
1923,10:11:02,10.0,0.01,20,20000,买盘
1924,10:10:53,9.99,-0.01,25,24975,卖盘
1925,10:10:47,10.0,0.01,161,161000,买盘
1926,10:10:44,9.99,--,645,644355,买盘
1927,10:10:38,9.99,0.01,82,81918,买盘
1928,10:10:32,9.98,--,89,88822,卖盘
1929,10:10:29,9.98,-0.01,12,11976,卖盘
1930,10:10:23,9.99,0.01,114,113886,买盘
1931,10:10:17,9.98,--,43,42914,卖盘
1932,10:10:13,9.98,-0.01,2,1996,卖盘
1933,10:10:08,9.99,0.01,57,56943,买盘
1934,10:10:02,9.98,--,8,7984,卖盘
1935,10:09:58,9.98,-0.01,37,36926,卖盘
1936,10:09:53,9.99,--,178,177822,买盘
1937,10:09:47,9.99,--,5,4995,买盘
1938,10:09:38,9.99,--,526,525474,卖盘
1939,10:09:32,9.99,--,982,981018,卖盘
1940,10:09:28,9.99,-0.01,23,22977,卖盘
1941,10:09:23,10.0,0.01,17,17000,买盘
1942,10:09:17,9.99,--,112,111888,买盘
1943,10:09:13,9.99,--,3,2997,买盘
1944,10:09:08,9.99,--,69,68931,买盘
1945,10:09:02,9.99,--,193,192807,卖盘
1946,10:08:58,9.99,-0.01,5,4995,卖盘
1947,10:08:53,10.0,--,17,17000,买盘
1948,10:08:47,10.0,0.01,46,46000,买盘
1949,10:08:43,9.99,-0.01,54,53946,卖盘
1950,10:08:38,10.0,0.01,147,147000,买盘
1951,10:08:28,9.99,-0.01,42,41958,卖盘
1952,10:08:23,10.0,0.01,73,73000,买盘
1953,10:08:17,9.99,-0.01,75,74925,卖盘
1954,10:08:13,10.0,--,22,22000,买盘
1955,10:08:08,10.0,--,90,90000,买盘
1956,10:08:02,10.0,-0.01,21,21000,卖盘
1957,10:07:58,10.01,0.01,8,8008,买盘
1958,10:07:53,10.0,-0.01,9,9000,卖盘
1959,10:07:47,10.01,0.01,118,118118,买盘
1960,10:07:43,10.0,-0.01,113,113000,卖盘
1961,10:07:38,10.01,--,57,57057,买盘
1962,10:07:32,10.01,0.01,48,48048,买盘
1963,10:07:28,10.0,--,238,238000,卖盘
1964,10:07:23,10.0,--,66,66000,卖盘
1965,10:07:17,10.0,--,16,16000,卖盘
1966,10:07:13,10.0,-0.01,16,16000,卖盘
1967,10:07:08,10.01,0.01,176,176176,买盘
1968,10:07:02,10.0,--,37,37000,卖盘
1969,10:06:58,10.0,-0.01,69,69000,中性盘
1970,10:06:47,10.01,0.01,82,82082,买盘
1971,10:06:41,10.0,--,5,5000,买盘
1972,10:06:38,10.0,--,90,90000,买盘
1973,10:06:32,10.0,--,21,21000,卖盘
1974,10:06:26,10.0,--,95,95000,卖盘
1975,10:06:23,10.0,--,175,175000,买盘
1976,10:06:17,10.0,-0.02,58,58000,卖盘
1977,10:06:11,10.02,0.02,14,14028,买盘
1978,10:06:08,10.0,--,104,104000,卖盘
1979,10:06:02,10.0,--,19,19000,卖盘
1980,10:05:56,10.0,--,33,33000,卖盘
1981,10:05:53,10.0,--,5,5000,卖盘
1982,10:05:47,10.0,--,162,162000,买盘
1983,10:05:41,10.0,--,310,310000,买盘
1984,10:05:38,10.0,--,86,86000,买盘
1985,10:05:32,10.0,-0.01,226,226000,卖盘
1986,10:05:26,10.01,0.01,12,12012,卖盘
1987,10:05:17,10.0,--,0,0,卖盘
1988,10:05:11,10.0,--,69,69000,卖盘
1989,10:05:08,10.0,-0.01,99,99000,卖盘
1990,10:05:02,10.01,0.01,300,300300,买盘
1991,10:04:56,10.0,--,0,0,卖盘
1992,10:04:53,10.0,--,4,4000,卖盘
1993,10:04:47,10.0,--,33,33000,买盘
1994,10:04:41,10.0,0.02,44,44000,买盘
1995,10:04:38,9.98,--,21,20958,卖盘
1996,10:04:32,9.98,-0.02,196,195608,卖盘
1997,10:04:26,10.0,--,225,225000,买盘
1998,10:04:17,10.0,0.02,51,51000,买盘
1999,10:04:08,9.98,--,160,159929,买盘
2000,10:04:02,9.98,0.01,12,11976,买盘
2001,10:03:56,9.97,-0.01,20,19940,卖盘
2002,10:03:53,9.98,0.01,132,131736,买盘
2003,10:03:47,9.97,--,1,997,卖盘
2004,10:03:41,9.97,--,77,76868,买盘
2005,10:03:37,9.97,0.01,8,7976,买盘
2006,10:03:32,9.96,-0.01,25,24900,卖盘
2007,10:03:26,9.97,--,1,997,买盘
2008,10:03:22,9.97,--,47,46859,买盘
2009,10:03:17,9.97,--,89,88733,买盘
2010,10:03:11,9.97,--,168,168393,卖盘
2011,10:03:07,9.97,-0.01,2,1994,卖盘
2012,10:03:02,9.98,0.01,63,62973,买盘
2013,10:02:56,9.97,-0.01,149,148553,卖盘
2014,10:02:52,9.98,--,80,79840,买盘
2015,10:02:47,9.98,0.01,6,5988,买盘
2016,10:02:41,9.97,-0.01,228,227316,卖盘
2017,10:02:37,9.98,-0.01,1272,1270204,卖盘
2018,10:02:32,9.99,-0.01,12,11988,卖盘
2019,10:02:26,10.0,-0.03,672,672000,卖盘
2020,10:02:17,10.03,--,1186,1189558,卖盘
2021,10:02:11,10.03,--,54,54162,卖盘
2022,10:02:07,10.03,0.01,39,39117,买盘
2023,10:02:02,10.02,--,1,1002,卖盘
2024,10:01:56,10.02,--,65,65130,卖盘
2025,10:01:52,10.02,0.02,471,471942,买盘
2026,10:01:47,10.0,-0.01,100,100000,卖盘
2027,10:01:41,10.01,--,24,24024,买盘
2028,10:01:37,10.01,0.01,54,54054,买盘
2029,10:01:32,10.0,-0.01,20,20000,卖盘
2030,10:01:26,10.01,0.01,143,143143,买盘
2031,10:01:22,10.0,--,28,28000,卖盘
2032,10:01:17,10.0,--,4,4000,卖盘
2033,10:01:11,10.0,--,0,0,卖盘
2034,10:01:07,10.0,--,218,218000,卖盘
2035,10:01:02,10.0,--,19,19000,卖盘
2036,10:00:56,10.0,--,84,84000,卖盘
2037,10:00:52,10.0,--,34,34000,买盘
2038,10:00:47,10.0,--,55,55000,买盘
2039,10:00:41,10.0,--,31,31000,买盘
2040,10:00:37,10.0,--,10,10000,买盘
2041,10:00:32,10.0,-0.02,664,664000,卖盘
2042,10:00:26,10.02,--,15,15030,买盘
2043,10:00:22,10.02,0.01,133,133266,买盘
2044,10:00:11,10.01,-0.01,123,123123,卖盘
2045,10:00:07,10.02,0.01,20,20040,买盘
2046,09:59:56,10.01,--,146,146146,买盘
2047,09:59:52,10.01,--,143,143143,买盘
2048,09:59:47,10.01,0.01,64,64064,买盘
2049,09:59:41,10.0,--,7,7000,卖盘
2050,09:59:35,10.0,--,35,35000,卖盘
2051,09:59:26,10.0,-0.01,29,29000,卖盘
2052,09:59:20,10.01,--,12,12012,卖盘
2053,09:59:17,10.01,0.01,26,26026,买盘
2054,09:59:11,10.0,-0.01,23,23250,买盘
2055,09:59:05,10.01,0.02,36,36036,买盘
2056,09:58:56,9.99,-0.01,12,11988,卖盘
2057,09:58:50,10.0,-0.01,49,49000,买盘
2058,09:58:47,10.01,0.01,75,75075,买盘
2059,09:58:41,10.0,--,55,55000,买盘
2060,09:58:35,10.0,--,73,73900,卖盘
2061,09:58:26,10.0,-0.01,100,100000,卖盘
2062,09:58:20,10.01,-0.01,40,40040,卖盘
2063,09:58:17,10.02,0.01,56,56112,买盘
2064,09:58:11,10.01,--,207,207207,卖盘
2065,09:58:05,10.01,-0.01,68,68068,卖盘
2066,09:57:56,10.02,--,25,25050,买盘
2067,09:57:50,10.02,--,78,78156,买盘
2068,09:57:46,10.02,--,62,62124,买盘
2069,09:57:41,10.02,--,50,50100,买盘
2070,09:57:35,10.02,-0.01,177,177354,卖盘
2071,09:57:31,10.03,0.01,8,8023,买盘
2072,09:57:26,10.02,-0.01,271,271542,卖盘
2073,09:57:20,10.03,--,244,244731,买盘
2074,09:57:16,10.03,0.01,69,69207,买盘
2075,09:57:11,10.02,-0.01,16,16032,卖盘
2076,09:57:05,10.03,0.01,26,26078,买盘
2077,09:56:56,10.02,--,10,10020,卖盘
2078,09:56:50,10.02,-0.01,152,152304,卖盘
2079,09:56:46,10.03,0.02,34,34102,买盘
2080,09:56:41,10.01,--,16,16016,买盘
2081,09:56:35,10.01,--,4,4004,买盘
2082,09:56:31,10.01,--,19,19019,卖盘
2083,09:56:26,10.01,--,0,0,卖盘
2084,09:56:20,10.01,--,291,291291,买盘
2085,09:56:16,10.01,--,30,30030,买盘
2086,09:56:11,10.01,--,69,69069,卖盘
2087,09:56:05,10.01,-0.02,22,22022,卖盘
2088,09:56:01,10.03,0.02,2,2005,中性盘
2089,09:55:50,10.01,-0.02,63,63063,卖盘
2090,09:55:46,10.03,0.01,50,50150,买盘
2091,09:55:41,10.02,0.01,102,102204,买盘
2092,09:55:35,10.01,--,54,54054,买盘
2093,09:55:31,10.01,--,238,238238,买盘
2094,09:55:20,10.01,--,271,271271,买盘
2095,09:55:16,10.01,0.01,73,73073,买盘
2096,09:55:11,10.0,-0.01,35,35000,卖盘
2097,09:55:05,10.01,0.01,11,11011,中性盘
2098,09:55:01,10.0,-0.02,10,10000,卖盘
2099,09:54:56,10.02,0.02,60,60120,买盘
2100,09:54:50,10.0,--,54,54000,卖盘
2101,09:54:46,10.0,--,74,74100,买盘
2102,09:54:41,10.0,--,152,152900,卖盘
2103,09:54:35,10.0,--,329,329100,买盘
2104,09:54:31,10.0,--,123,123000,买盘
2105,09:54:26,10.0,0.01,17,17000,买盘
2106,09:54:20,9.99,-0.01,229,228771,卖盘
2107,09:54:16,10.0,--,216,216000,买盘
2108,09:54:11,10.0,--,150,150000,买盘
2109,09:54:05,10.0,--,214,214000,买盘
2110,09:54:01,10.0,--,400,400000,买盘
2111,09:53:56,10.0,0.01,10,10000,买盘
2112,09:53:50,9.99,--,74,73926,买盘
2113,09:53:46,9.99,--,147,146853,买盘
2114,09:53:41,9.99,-0.01,3,2997,卖盘
2115,09:53:35,10.0,--,36,36000,买盘
2116,09:53:31,10.0,-0.04,647,647000,卖盘
2117,09:53:20,10.04,0.01,331,332324,中性盘
2118,09:53:16,10.03,0.02,171,171513,卖盘
2119,09:53:11,10.01,--,0,0,卖盘
2120,09:53:05,10.01,-0.02,192,192192,卖盘
2121,09:53:01,10.03,0.02,88,88264,买盘
2122,09:52:50,10.01,0.01,60,60060,中性盘
2123,09:52:44,10.0,--,82,82000,卖盘
2124,09:52:35,10.0,--,86,86000,卖盘
2125,09:52:29,10.0,--,82,82000,卖盘
2126,09:52:26,10.0,0.01,9,9000,卖盘
2127,09:52:20,9.99,--,233,232767,卖盘
2128,09:52:14,9.99,--,77,76923,卖盘
2129,09:52:05,9.99,-0.01,405,404595,中性盘
2130,09:51:59,10.0,--,1166,1166000,买盘
2131,09:51:56,10.0,--,0,0,买盘
2132,09:51:50,10.0,0.01,343,343000,买盘
2133,09:51:44,9.99,-0.01,153,152847,卖盘
2134,09:51:41,10.0,--,31,31000,买盘
2135,09:51:35,10.0,0.02,31,31000,买盘
2136,09:51:29,9.98,-0.02,151,151526,卖盘
2137,09:51:26,10.0,0.02,2,2000,买盘
2138,09:51:20,9.98,0.02,698,697212,买盘
2139,09:51:14,9.96,--,253,251988,卖盘
2140,09:51:10,9.96,--,33,32868,卖盘
2141,09:51:05,9.96,--,122,121512,卖盘
2142,09:50:59,9.96,--,1826,1818696,买盘
2143,09:50:55,9.96,--,154,153384,买盘
2144,09:50:50,9.96,0.01,109,108564,卖盘
2145,09:50:44,9.95,-0.02,500,497499,卖盘
2146,09:50:40,9.97,0.01,8,7976,买盘
2147,09:50:35,9.96,-0.03,271,269916,卖盘
2148,09:50:29,9.99,--,447,446553,买盘
2149,09:50:25,9.99,--,19,18981,买盘
2150,09:50:20,9.99,--,347,346653,卖盘
2151,09:50:14,9.99,--,170,169830,卖盘
2152,09:50:10,9.99,-0.01,138,137862,卖盘
2153,09:50:05,10.0,--,509,509000,卖盘
2154,09:49:59,10.0,-0.01,634,634000,卖盘
2155,09:49:55,10.01,--,463,463463,中性盘
2156,09:49:50,10.01,-0.01,17,17017,买盘
2157,09:49:44,10.02,-0.01,306,306612,中性盘
2158,09:49:40,10.03,0.02,685,687055,买盘
2159,09:49:35,10.01,-0.03,2120,2122120,卖盘
2160,09:49:29,10.04,--,276,277104,买盘
2161,09:49:25,10.04,-0.01,174,174695,卖盘
2162,09:49:20,10.05,--,10,10050,买盘
2163,09:49:14,10.05,--,74,74370,买盘
2164,09:49:10,10.05,--,50,50250,买盘
2165,09:49:05,10.05,-0.02,926,930630,卖盘
2166,09:48:59,10.07,--,77,77539,买盘
2167,09:48:55,10.07,--,80,80560,买盘
2168,09:48:50,10.07,--,5,5035,买盘
2169,09:48:44,10.07,-0.01,93,93651,卖盘
2170,09:48:40,10.08,-0.01,519,523152,中性盘
2171,09:48:35,10.09,0.02,9,9081,买盘
2172,09:48:29,10.07,-0.02,60,60420,卖盘
2173,09:48:25,10.09,--,12,12108,卖盘
2174,09:48:20,10.09,--,40,40360,卖盘
2175,09:48:14,10.09,-0.01,244,246196,卖盘
2176,09:48:10,10.1,0.01,176,177760,买盘
2177,09:48:05,10.09,--,8,8072,卖盘
2178,09:47:59,10.09,--,30,30270,卖盘
2179,09:47:55,10.09,-0.01,82,82738,卖盘
2180,09:47:50,10.1,--,100,101000,买盘
2181,09:47:44,10.1,--,304,307040,买盘
2182,09:47:40,10.1,--,439,444299,买盘
2183,09:47:35,10.1,0.01,85,85850,买盘
2184,09:47:29,10.09,--,68,68612,卖盘
2185,09:47:25,10.09,--,8,8072,卖盘
2186,09:47:20,10.09,0.02,206,207954,买盘
2187,09:47:14,10.07,-0.01,64,64448,卖盘
2188,09:47:10,10.08,--,149,150192,中性盘
2189,09:47:05,10.08,--,26,26208,买盘
2190,09:46:59,10.08,0.01,20,20160,买盘
2191,09:46:50,10.07,--,9,9063,卖盘
2192,09:46:44,10.07,--,24,24168,买盘
2193,09:46:40,10.07,0.01,110,110770,买盘
2194,09:46:35,10.06,--,7,7042,卖盘
2195,09:46:29,10.06,--,75,75450,买盘
2196,09:46:25,10.06,0.01,377,379262,买盘
2197,09:46:20,10.05,-0.01,12,12060,卖盘
2198,09:46:14,10.06,--,96,96576,买盘
2199,09:46:10,10.06,-0.01,112,112672,卖盘
2200,09:46:04,10.07,--,0,0,买盘
2201,09:45:59,10.07,0.02,137,137959,买盘
2202,09:45:55,10.05,-0.02,62,62310,卖盘
2203,09:45:50,10.07,0.01,5,5035,买盘
2204,09:45:44,10.06,--,31,31186,卖盘
2205,09:45:38,10.06,0.02,1237,1244522,买盘
2206,09:45:35,10.04,0.01,19,19076,中性盘
2207,09:45:29,10.03,-0.01,242,242725,卖盘
2208,09:45:23,10.04,0.01,25,25099,中性盘
2209,09:45:20,10.03,-0.01,49,49147,卖盘
2210,09:45:14,10.04,-0.01,59,59235,中性盘
2211,09:45:08,10.05,--,155,155775,买盘
2212,09:45:05,10.05,--,4,4020,买盘
2213,09:44:59,10.05,-0.02,706,709530,卖盘
2214,09:44:53,10.07,--,109,109763,卖盘
2215,09:44:50,10.07,--,1,1007,卖盘
2216,09:44:44,10.07,-0.01,231,232617,卖盘
2217,09:44:38,10.08,0.01,126,127008,买盘
2218,09:44:34,10.07,0.01,1,1007,买盘
2219,09:44:29,10.06,--,59,59354,卖盘
2220,09:44:23,10.06,-0.01,32,32192,卖盘
2221,09:44:19,10.07,--,36,36252,卖盘
2222,09:44:14,10.07,-0.01,76,76532,卖盘
2223,09:44:08,10.08,--,124,124992,买盘
2224,09:44:04,10.08,--,11,11088,买盘
2225,09:43:59,10.08,-0.03,2570,2590560,卖盘
2226,09:43:53,10.11,-0.02,34,34374,卖盘
2227,09:43:49,10.13,0.01,50,50650,买盘
2228,09:43:44,10.12,-0.01,86,88033,卖盘
2229,09:43:38,10.13,--,130,131690,买盘
2230,09:43:34,10.13,--,55,55715,买盘
2231,09:43:29,10.13,--,170,172210,买盘
2232,09:43:23,10.13,--,65,65845,买盘
2233,09:43:19,10.13,-0.02,600,607800,卖盘
2234,09:43:13,10.15,-0.01,1,1015,中性盘
2235,09:43:08,10.16,0.03,207,210312,买盘
2236,09:42:59,10.13,-0.03,11,11143,卖盘
2237,09:42:53,10.16,--,135,137160,买盘
2238,09:42:49,10.16,--,0,0,买盘
2239,09:42:43,10.16,--,50,50800,买盘
2240,09:42:38,10.16,0.03,84,85344,买盘
2241,09:42:34,10.13,-0.03,5,5065,卖盘
2242,09:42:28,10.16,0.04,15,15240,买盘
2243,09:42:23,10.12,--,188,190266,卖盘
2244,09:42:19,10.12,-0.03,24,24287,卖盘
2245,09:42:13,10.15,--,56,56840,买盘
2246,09:42:08,10.15,0.02,95,96425,买盘
2247,09:42:04,10.13,-0.02,74,74962,卖盘
2248,09:41:58,10.15,--,28,28420,买盘
2249,09:41:53,10.15,0.07,4,4060,买盘
2250,09:41:49,10.08,-0.01,639,644112,卖盘
2251,09:41:43,10.09,-0.04,115,116035,卖盘
2252,09:41:38,10.13,0.02,638,646294,买盘
2253,09:41:34,10.11,--,57,57627,买盘
2254,09:41:28,10.11,-0.01,50,50550,买盘
2255,09:41:23,10.12,0.02,13,13155,买盘
2256,09:41:19,10.1,-0.01,377,380770,卖盘
2257,09:41:13,10.11,-0.02,32,32352,卖盘
2258,09:41:08,10.13,--,87,88131,买盘
2259,09:41:04,10.13,--,19,19247,买盘
2260,09:40:58,10.13,-0.02,47,47611,卖盘
2261,09:40:53,10.15,--,113,114695,买盘
2262,09:40:49,10.15,--,15,15225,买盘
2263,09:40:43,10.15,-0.01,8,8120,买盘
2264,09:40:38,10.16,0.01,89,90424,买盘
2265,09:40:34,10.15,-0.01,89,90335,卖盘
2266,09:40:28,10.16,--,23,23368,买盘
2267,09:40:23,10.16,--,46,46736,卖盘
2268,09:40:19,10.16,-0.01,265,269240,卖盘
2269,09:40:13,10.17,--,63,64071,买盘
2270,09:40:08,10.17,0.01,111,112887,买盘
2271,09:40:04,10.16,--,30,30480,买盘
2272,09:39:58,10.16,-0.01,122,123952,卖盘
2273,09:39:53,10.17,--,159,161703,买盘
2274,09:39:49,10.17,--,40,40680,买盘
2275,09:39:43,10.17,--,22,22374,买盘
2276,09:39:38,10.17,--,108,109836,买盘
2277,09:39:34,10.17,0.01,71,72207,卖盘
2278,09:39:28,10.16,--,0,0,卖盘
2279,09:39:23,10.16,--,50,50800,卖盘
2280,09:39:13,10.16,--,1,1016,卖盘
2281,09:39:08,10.16,--,154,156464,买盘
2282,09:39:04,10.16,--,299,303784,买盘
2283,09:38:58,10.16,--,133,135128,买盘
2284,09:38:53,10.16,--,43,43688,买盘
2285,09:38:47,10.16,0.01,98,99568,买盘
2286,09:38:43,10.15,-0.01,14,14210,卖盘
2287,09:38:38,10.16,0.01,445,452120,买盘
2288,09:38:32,10.15,-0.01,9,9135,卖盘
2289,09:38:28,10.16,--,10,10160,买盘
2290,09:38:23,10.16,-0.04,533,541528,卖盘
2291,09:38:17,10.2,-0.02,166,169320,卖盘
2292,09:38:13,10.22,--,326,333172,买盘
2293,09:38:08,10.22,--,198,202356,买盘
2294,09:38:02,10.22,-0.01,1483,1515626,卖盘
2295,09:37:58,10.23,--,23,23529,买盘
2296,09:37:53,10.23,-0.01,361,369303,卖盘
2297,09:37:47,10.24,0.01,5,5120,中性盘
2298,09:37:43,10.23,0.02,14,14322,卖盘
2299,09:37:38,10.21,--,1840,1878640,卖盘
2300,09:37:32,10.21,--,42,42882,卖盘
2301,09:37:28,10.21,--,2,2042,卖盘
2302,09:37:23,10.21,0.01,103,105163,买盘
2303,09:37:17,10.2,-0.01,123,125459,卖盘
2304,09:37:13,10.21,--,0,0,买盘
2305,09:37:08,10.21,0.02,503,513563,买盘
2306,09:37:02,10.19,--,125,127375,卖盘
2307,09:36:58,10.19,0.01,144,146736,买盘
2308,09:36:47,10.18,--,55,55990,卖盘
2309,09:36:43,10.18,0.01,663,674934,买盘
2310,09:36:37,10.17,0.01,174,176958,买盘
2311,09:36:32,10.16,-0.01,5,5080,买盘
2312,09:36:28,10.17,--,18,18306,卖盘
2313,09:36:22,10.17,0.02,242,246114,买盘
2314,09:36:17,10.15,0.01,34,34510,买盘
2315,09:36:13,10.14,--,16,16224,卖盘
2316,09:36:07,10.14,0.01,15,15210,买盘
2317,09:36:02,10.13,--,78,79014,买盘
2318,09:35:58,10.13,--,66,66858,买盘
2319,09:35:52,10.13,0.03,20,20260,买盘
2320,09:35:47,10.1,--,53,53530,卖盘
2321,09:35:43,10.1,-0.03,13,13130,卖盘
2322,09:35:32,10.13,0.07,15,15195,买盘
2323,09:35:28,10.06,-0.04,455,457730,卖盘
2324,09:35:22,10.1,--,82,82820,卖盘
2325,09:35:17,10.1,0.01,718,725180,买盘
2326,09:35:13,10.09,-0.01,45,45405,中性盘
2327,09:35:07,10.1,0.02,182,183820,买盘
2328,09:35:02,10.08,--,80,80640,卖盘
2329,09:34:58,10.08,-0.02,559,563472,卖盘
2330,09:34:52,10.1,0.03,200,202000,买盘
2331,09:34:47,10.07,-0.01,210,211470,中性盘
2332,09:34:43,10.08,0.01,143,144144,买盘
2333,09:34:37,10.07,-0.01,111,111777,卖盘
2334,09:34:32,10.08,--,22,22176,买盘
2335,09:34:28,10.08,-0.01,128,129024,卖盘
2336,09:34:22,10.09,--,30,30270,卖盘
2337,09:34:17,10.09,0.01,16,16144,买盘
2338,09:34:07,10.08,-0.01,62,62496,卖盘
2339,09:34:02,10.09,0.01,73,73657,中性盘
2340,09:33:58,10.08,-0.01,60,60480,卖盘
2341,09:33:52,10.09,-0.01,33,33297,卖盘
2342,09:33:47,10.1,0.01,246,248460,买盘
2343,09:33:43,10.09,-0.01,70,70630,卖盘
2344,09:33:37,10.1,--,149,150490,买盘
2345,09:33:32,10.1,-0.02,263,265630,卖盘
2346,09:33:28,10.12,--,105,106259,卖盘
2347,09:33:22,10.12,--,50,50599,卖盘
2348,09:33:17,10.12,0.01,78,78936,中性盘
2349,09:33:13,10.11,--,59,59649,卖盘
2350,09:33:07,10.11,--,152,153672,卖盘
2351,09:33:02,10.11,-0.02,52,52572,卖盘
2352,09:32:58,10.13,--,37,37481,买盘
2353,09:32:52,10.13,0.01,8,8104,买盘
2354,09:32:47,10.12,-0.01,316,319792,卖盘
2355,09:32:42,10.13,-0.01,75,75975,卖盘
2356,09:32:37,10.14,-0.02,127,128778,卖盘
2357,09:32:32,10.16,0.02,2,2032,买盘
2358,09:32:27,10.14,-0.02,23,23322,卖盘
2359,09:32:22,10.16,0.03,2,2032,买盘
2360,09:32:17,10.13,-0.04,81,82053,卖盘
2361,09:32:12,10.17,--,10,10170,买盘
2362,09:32:07,10.17,--,103,104751,买盘
2363,09:32:02,10.17,-0.01,138,140346,中性盘
2364,09:31:57,10.18,0.01,480,488640,买盘
2365,09:31:52,10.17,-0.01,829,843093,卖盘
2366,09:31:47,10.18,0.01,68,69224,买盘
2367,09:31:42,10.17,-0.01,61,62037,中性盘
2368,09:31:37,10.18,--,138,140484,买盘
2369,09:31:32,10.18,--,62,63116,买盘
2370,09:31:26,10.18,0.02,210,213780,买盘
2371,09:31:22,10.16,-0.02,33,33528,卖盘
2372,09:31:17,10.18,--,32,32576,卖盘
2373,09:31:11,10.18,0.02,60,61080,中性盘
2374,09:31:07,10.16,-0.02,138,140208,中性盘
2375,09:31:02,10.18,0.03,33,33594,买盘
2376,09:30:56,10.15,--,399,404985,卖盘
2377,09:30:52,10.15,--,105,106575,买盘
2378,09:30:47,10.15,0.06,109,110635,买盘
2379,09:30:41,10.09,--,11,11099,卖盘
2380,09:30:37,10.09,-0.06,5,5045,卖盘
2381,09:30:32,10.15,0.07,280,284200,买盘
2382,09:30:26,10.08,--,51,51408,卖盘
2383,09:30:22,10.08,--,112,112896,卖盘
2384,09:30:16,10.08,--,2,2016,卖盘
2385,09:30:11,10.08,--,39,39312,卖盘
2386,09:30:07,10.08,-0.12,1677,1690416,卖盘
2387,09:28:53,10.2,--,0,0,买盘
2388,09:25:04,10.2,10.2,2702,2756040,买盘
