,time,price,change,volume,amount,type
0,15:00:00,4.57,--,0,0,卖盘
1,15:00:00,4.57,-0.02,0,0,卖盘
2,15:00:00,4.59,0.01,80,36720,买盘
3,14:59:59,4.58,-0.01,314,143812,卖盘
4,14:59:53,4.59,0.01,284,130356,买盘
5,14:59:47,4.58,-0.01,478,218924,中性盘
6,14:59:44,4.59,0.01,117,53703,买盘
7,14:59:38,4.58,--,555,254190,买盘
8,14:59:32,4.58,-0.01,204,93432,卖盘
9,14:59:29,4.59,0.01,169,77571,买盘
10,14:59:23,4.58,--,1484,679672,卖盘
11,14:59:17,4.58,0.01,316,144732,买盘
12,14:59:14,4.57,-0.01,837,382961,卖盘
13,14:59:08,4.58,--,152,69616,买盘
14,14:59:02,4.58,--,35,16030,买盘
15,14:58:59,4.58,--,437,200146,买盘
16,14:58:53,4.58,-0.01,291,133278,卖盘
17,14:58:47,4.59,0.01,598,274482,买盘
18,14:58:43,4.58,--,442,202436,买盘
19,14:58:38,4.58,-0.01,748,342584,卖盘
20,14:58:32,4.59,--,365,167535,买盘
21,14:58:28,4.59,--,62,28458,买盘
22,14:58:23,4.59,--,1124,515916,买盘
23,14:58:17,4.59,--,100,45900,买盘
24,14:58:13,4.59,--,186,85374,买盘
25,14:58:08,4.59,0.01,458,210222,买盘
26,14:58:02,4.58,-0.01,1,458,卖盘
27,14:57:58,4.59,-0.01,4,1836,中性盘
28,14:57:53,4.6,0.01,46,21160,买盘
29,14:57:47,4.59,--,28,12852,卖盘
30,14:57:43,4.59,--,369,169371,卖盘
31,14:57:38,4.59,0.01,281,128979,买盘
32,14:57:32,4.58,--,4,1832,卖盘
33,14:57:28,4.58,-0.01,147,67326,卖盘
34,14:57:23,4.59,--,1452,666468,买盘
35,14:57:17,4.59,0.01,12,5508,买盘
36,14:57:13,4.58,-0.01,957,438306,中性盘
37,14:57:08,4.59,--,145,66555,买盘
38,14:56:58,4.59,0.02,7,3213,买盘
39,14:56:53,4.57,0.01,473,216165,买盘
40,14:56:47,4.56,--,373,170087,买盘
41,14:56:43,4.56,--,296,134976,买盘
42,14:56:38,4.56,-0.04,2321,1058376,卖盘
43,14:56:32,4.6,0.01,112,51519,买盘
44,14:56:28,4.59,--,2312,1061208,卖盘
45,14:56:23,4.59,-0.01,60,27540,卖盘
46,14:56:17,4.6,0.01,74,34040,买盘
47,14:56:13,4.59,--,325,149175,卖盘
48,14:56:08,4.59,--,2054,942786,买盘
49,14:56:02,4.59,0.01,84,38556,买盘
50,14:55:58,4.58,-0.01,232,106256,卖盘
51,14:55:53,4.59,--,1733,795447,买盘
52,14:55:47,4.59,--,29,13311,买盘
53,14:55:43,4.59,--,221,101439,买盘
54,14:55:38,4.59,-0.01,292,134028,卖盘
55,14:55:32,4.6,0.02,489,224939,买盘
56,14:55:28,4.58,-0.01,281,128698,卖盘
57,14:55:23,4.59,-0.01,112,51408,中性盘
58,14:55:17,4.6,--,118,54279,买盘
59,14:55:13,4.6,--,627,288420,买盘
60,14:55:07,4.6,--,289,132940,买盘
61,14:55:02,4.6,--,72,33120,买盘
62,14:54:58,4.6,-0.01,1551,713460,中性盘
63,14:54:53,4.61,0.01,938,432418,买盘
64,14:54:47,4.6,--,392,180320,买盘
65,14:54:43,4.6,-0.01,689,316940,中性盘
66,14:54:38,4.61,0.01,1318,607598,买盘
67,14:54:32,4.6,--,805,370332,卖盘
68,14:54:28,4.6,--,554,254839,卖盘
69,14:54:17,4.6,0.04,9258,4259107,买盘
70,14:54:13,4.56,-0.02,13,5927,买盘
71,14:54:08,4.58,0.03,10000,4580000,买盘
72,14:54:02,4.55,-0.01,6,2730,卖盘
73,14:53:53,4.56,--,31,14135,买盘
74,14:53:43,4.56,--,4,1823,买盘
75,14:53:38,4.56,0.01,80,36480,买盘
76,14:53:32,4.55,--,10,4550,卖盘
77,14:53:28,4.55,--,10,4550,卖盘
78,14:53:17,4.55,-0.01,268,121940,卖盘
79,14:53:12,4.56,0.01,9,4104,买盘
80,14:53:02,4.55,--,56,25480,卖盘
81,14:52:57,4.55,--,1286,585130,买盘
82,14:52:53,4.55,--,482,219310,买盘
83,14:52:47,4.55,--,44,20020,买盘
84,14:52:43,4.55,--,4,1820,买盘
85,14:52:37,4.55,0.01,573,260715,买盘
86,14:52:32,4.54,--,8,3632,卖盘
87,14:52:28,4.54,-0.01,66,29964,卖盘
88,14:52:22,4.55,--,100,45500,买盘
89,14:52:17,4.55,0.01,343,156065,买盘
90,14:52:11,4.54,-0.01,29,13166,卖盘
91,14:52:07,4.55,--,90,40950,买盘
92,14:52:02,4.55,--,8,3640,买盘
93,14:51:56,4.55,--,260,118300,买盘
94,14:51:47,4.55,--,172,78260,买盘
95,14:51:41,4.55,--,12,5460,买盘
96,14:51:32,4.55,0.01,39,17745,买盘
97,14:51:26,4.54,-0.01,29,13166,卖盘
98,14:51:22,4.55,--,50,22750,买盘
99,14:51:07,4.55,0.01,5,2275,买盘
100,14:51:02,4.54,-0.01,59,26786,卖盘
101,14:50:56,4.55,0.01,4,1820,买盘
102,14:50:52,4.54,--,50,22700,卖盘
103,14:50:37,4.54,--,14,6356,买盘
104,14:50:32,4.54,--,69,31326,买盘
105,14:50:26,4.54,--,40,18160,买盘
106,14:50:22,4.54,--,3,1362,买盘
107,14:50:16,4.54,0.01,13,5902,买盘
108,14:50:11,4.53,-0.01,190,86070,卖盘
109,14:50:07,4.54,--,4,1816,买盘
110,14:50:02,4.54,--,9,4086,买盘
111,14:49:56,4.54,0.01,50,22700,买盘
112,14:49:46,4.53,-0.01,1,453,卖盘
113,14:49:31,4.54,--,747,339138,卖盘
114,14:49:26,4.54,--,9,4086,卖盘
115,14:49:22,4.54,--,5,2270,卖盘
116,14:49:16,4.54,--,7,3178,卖盘
117,14:49:07,4.54,--,24,10896,卖盘
118,14:49:01,4.54,-0.01,69,31326,卖盘
119,14:48:56,4.55,--,301,136955,买盘
120,14:48:46,4.55,-0.01,14,6370,卖盘
121,14:48:31,4.56,--,468,213407,买盘
122,14:48:16,4.56,0.03,105,47879,买盘
123,14:48:07,4.53,--,0,0,卖盘
124,14:48:01,4.53,-0.02,2001,906453,卖盘
125,14:47:52,4.55,-0.01,42,19110,卖盘
126,14:47:46,4.56,0.01,11,5016,买盘
127,14:47:41,4.55,-0.01,882,401310,卖盘
128,14:47:26,4.56,0.01,1,455,买盘
129,14:47:16,4.55,-0.01,2,910,卖盘
130,14:47:11,4.56,--,300,136800,买盘
131,14:46:56,4.56,--,359,163704,卖盘
132,14:46:52,4.56,-0.01,12,5471,卖盘
133,14:46:46,4.57,0.01,19,8683,买盘
134,14:46:41,4.56,--,28,12767,卖盘
135,14:46:31,4.56,--,47,21431,卖盘
136,14:46:26,4.56,--,124,56543,卖盘
137,14:46:21,4.56,--,65,29639,卖盘
138,14:46:16,4.56,-0.01,5,2280,卖盘
139,14:46:11,4.57,0.01,106,48442,买盘
140,14:46:06,4.56,--,5,2280,卖盘
141,14:46:01,4.56,--,10,4560,卖盘
142,14:45:56,4.56,--,49,22343,卖盘
143,14:45:51,4.56,--,36,16416,卖盘
144,14:45:46,4.56,--,95,43319,买盘
145,14:45:41,4.56,--,18,8208,卖盘
146,14:45:36,4.56,--,12,5471,买盘
147,14:45:31,4.56,--,248,113087,卖盘
148,14:45:26,4.56,--,31,14135,买盘
149,14:45:21,4.56,--,1,455,买盘
150,14:45:11,4.56,0.01,20,9120,中性盘
151,14:45:01,4.55,-0.01,422,192010,卖盘
152,14:44:56,4.56,--,36,16416,买盘
153,14:44:50,4.56,0.01,5,2280,买盘
154,14:44:46,4.55,-0.01,42,19110,卖盘
155,14:44:41,4.56,--,40,18240,买盘
156,14:44:35,4.56,--,140,63839,买盘
157,14:44:25,4.56,0.01,135,61559,买盘
158,14:44:20,4.55,-0.01,1,455,卖盘
159,14:44:16,4.56,--,88,40128,买盘
160,14:44:10,4.56,--,68,31007,买盘
161,14:44:05,4.56,--,37,17031,卖盘
162,14:44:01,4.56,--,62,28568,买盘
163,14:43:55,4.56,--,138,63087,卖盘
164,14:43:50,4.56,--,14,6680,买盘
165,14:43:46,4.56,--,102,46511,买盘
166,14:43:40,4.56,--,125,56999,买盘
167,14:43:31,4.56,0.01,92,41952,买盘
168,14:43:25,4.55,-0.01,72,32760,卖盘
169,14:43:20,4.56,0.01,10,4560,买盘
170,14:43:16,4.55,-0.01,50,22750,卖盘
171,14:43:10,4.56,-0.01,547,249477,卖盘
172,14:43:05,4.57,0.01,13,5941,买盘
173,14:43:01,4.56,--,391,178706,买盘
174,14:42:55,4.56,--,411,187593,买盘
175,14:42:50,4.56,-0.01,39,18230,卖盘
176,14:42:46,4.57,--,1051,480709,买盘
177,14:42:40,4.57,--,660,302022,买盘
178,14:42:31,4.57,--,415,190057,买盘
179,14:42:25,4.57,--,755,345437,买盘
180,14:42:20,4.57,0.01,4,1828,买盘
181,14:42:16,4.56,-0.02,195,88919,卖盘
182,14:42:10,4.58,0.01,466,213519,买盘
183,14:42:05,4.57,--,10,4570,卖盘
184,14:42:01,4.57,--,69,31533,卖盘
185,14:41:55,4.57,--,32,14852,卖盘
186,14:41:50,4.57,-0.01,21,9597,卖盘
187,14:41:46,4.58,--,80,36640,买盘
188,14:41:40,4.58,0.01,322,147476,买盘
189,14:41:35,4.57,-0.01,431,196967,中性盘
190,14:41:31,4.58,0.01,1225,561050,买盘
191,14:41:25,4.57,-0.01,132,60324,中性盘
192,14:41:20,4.58,0.02,645,295410,买盘
193,14:41:16,4.56,-0.01,1179,537624,卖盘
194,14:41:10,4.57,0.01,2,914,买盘
195,14:41:05,4.56,--,22,10032,卖盘
196,14:41:01,4.56,-0.01,108,49475,卖盘
197,14:40:55,4.57,--,10,4570,买盘
198,14:40:50,4.57,0.01,7,3199,买盘
199,14:40:46,4.56,-0.01,27,12311,卖盘
200,14:40:40,4.57,0.01,115,52555,买盘
201,14:40:35,4.56,-0.01,208,94847,卖盘
202,14:40:31,4.57,0.01,102,46614,买盘
203,14:40:25,4.56,--,231,105335,卖盘
204,14:40:15,4.56,-0.01,59,26903,卖盘
205,14:40:10,4.57,--,22,10054,买盘
206,14:40:05,4.57,0.01,131,59867,买盘
207,14:39:55,4.56,-0.01,10,4560,卖盘
208,14:39:50,4.57,0.01,4,1828,买盘
209,14:39:40,4.56,-0.01,11,5016,卖盘
210,14:39:35,4.57,--,351,160407,卖盘
211,14:39:30,4.57,--,31,14167,卖盘
212,14:39:25,4.57,0.01,274,125218,买盘
213,14:39:20,4.56,-0.01,155,70680,卖盘
214,14:39:15,4.57,--,23,10511,买盘
215,14:39:10,4.57,--,120,54840,买盘
216,14:39:05,4.57,--,65,29705,卖盘
217,14:39:00,4.57,--,150,68550,卖盘
218,14:38:55,4.57,--,86,39302,卖盘
219,14:38:50,4.57,--,631,288367,买盘
220,14:38:45,4.57,0.01,7,3199,买盘
221,14:38:40,4.56,-0.01,700,319200,卖盘
222,14:38:35,4.57,--,56,25592,买盘
223,14:38:25,4.57,--,80,36560,买盘
224,14:38:20,4.57,--,270,123390,卖盘
225,14:38:15,4.57,--,100,45700,卖盘
226,14:38:10,4.57,--,54,24678,卖盘
227,14:38:04,4.57,--,209,95513,买盘
228,14:37:59,4.57,--,50,22850,买盘
229,14:37:55,4.57,-0.01,541,247237,买盘
230,14:37:49,4.58,0.02,8,3664,买盘
231,14:37:44,4.56,-0.02,24,10943,卖盘
232,14:37:40,4.58,0.01,818,374644,买盘
233,14:37:34,4.57,-0.01,3549,1622121,卖盘
234,14:37:29,4.58,0.01,12,5496,买盘
235,14:37:25,4.57,--,954,436206,卖盘
236,14:37:19,4.57,--,134,61238,卖盘
237,14:37:14,4.57,--,215,98255,卖盘
238,14:37:10,4.57,0.01,10453,4777021,买盘
239,14:37:04,4.56,--,417,190151,卖盘
240,14:36:59,4.56,--,47,21431,卖盘
241,14:36:55,4.56,--,725,330600,卖盘
242,14:36:49,4.56,--,46,20976,卖盘
243,14:36:40,4.56,--,181,82536,卖盘
244,14:36:34,4.56,--,50,22799,卖盘
245,14:36:29,4.56,--,1671,761975,卖盘
246,14:36:25,4.56,--,171,77976,卖盘
247,14:36:19,4.56,-0.01,56,25535,卖盘
248,14:36:14,4.57,0.01,25,11425,买盘
249,14:36:10,4.56,0.01,1158,528048,买盘
250,14:36:04,4.55,-0.01,39,17745,卖盘
251,14:35:55,4.56,--,25,11399,买盘
252,14:35:49,4.56,--,529,241223,买盘
253,14:35:44,4.56,--,12,5471,买盘
254,14:35:34,4.56,--,652,297312,买盘
255,14:35:29,4.56,--,18,8208,买盘
256,14:35:25,4.56,--,44,20064,买盘
257,14:35:19,4.56,0.01,10,4560,买盘
258,14:35:14,4.55,-0.01,148,67340,卖盘
259,14:35:10,4.56,--,57,25991,卖盘
260,14:35:04,4.56,--,211,96215,卖盘
261,14:34:59,4.56,--,297,135432,卖盘
262,14:34:55,4.56,--,133,60647,卖盘
263,14:34:49,4.56,0.01,4452,2030111,买盘
264,14:34:44,4.55,--,10,4550,卖盘
265,14:34:34,4.55,--,288,131040,卖盘
266,14:34:29,4.55,-0.01,221,100555,卖盘
267,14:34:25,4.56,--,103,46967,买盘
268,14:34:14,4.56,--,503,229367,买盘
269,14:34:04,4.56,0.01,438,199727,买盘
270,14:33:59,4.55,--,50,22750,卖盘
271,14:33:54,4.55,--,754,343070,买盘
272,14:33:49,4.55,--,1311,596505,买盘
273,14:33:44,4.55,--,1034,470470,买盘
274,14:33:39,4.55,0.01,137,62335,买盘
275,14:33:34,4.54,-0.01,444,201576,卖盘
276,14:33:24,4.55,0.01,141,64155,买盘
277,14:33:19,4.54,--,62,28148,卖盘
278,14:33:09,4.54,0.01,700,317881,买盘
279,14:33:04,4.53,--,1730,783690,卖盘
280,14:32:59,4.53,--,42,19252,卖盘
281,14:32:54,4.53,--,3,1359,卖盘
282,14:32:49,4.53,--,9,4077,卖盘
283,14:32:44,4.53,--,80,36240,卖盘
284,14:32:39,4.53,--,81,36693,卖盘
285,14:32:34,4.53,--,206,93318,买盘
286,14:32:29,4.53,0.01,1062,481086,买盘
287,14:32:04,4.52,--,45,20339,卖盘
288,14:31:58,4.52,--,1,451,卖盘
289,14:31:54,4.52,-0.01,20,9040,卖盘
290,14:31:49,4.53,--,54,24462,买盘
291,14:31:43,4.53,--,33,14949,买盘
292,14:31:39,4.53,--,5,2265,买盘
293,14:31:13,4.53,0.01,40,18120,买盘
294,14:31:04,4.52,--,125,56499,买盘
295,14:30:58,4.52,--,122,55143,买盘
296,14:30:54,4.52,-0.01,2,903,买盘
297,14:30:49,4.53,--,0,0,买盘
298,14:30:34,4.53,--,65,29445,买盘
299,14:30:28,4.53,0.02,18,8154,买盘
300,14:30:13,4.51,-0.02,7,3157,卖盘
301,14:30:04,4.53,--,401,181653,买盘
302,14:29:58,4.53,--,13,5889,买盘
303,14:29:53,4.53,--,20,9060,买盘
304,14:29:49,4.53,--,1,453,买盘
305,14:29:43,4.53,--,113,51189,买盘
306,14:29:28,4.53,0.02,59,26727,买盘
307,14:29:23,4.51,-0.02,28,12628,卖盘
308,14:29:19,4.53,--,356,161268,买盘
309,14:29:13,4.53,--,40,18120,买盘
310,14:29:08,4.53,0.02,630,285390,买盘
311,14:29:04,4.51,-0.01,124,55924,卖盘
312,14:28:53,4.52,--,30,13559,买盘
313,14:28:49,4.52,--,0,0,买盘
314,14:28:43,4.52,0.01,100,45199,买盘
315,14:28:33,4.51,--,40,18040,买盘
316,14:28:28,4.51,--,100,45100,买盘
317,14:28:23,4.51,--,53,23903,买盘
318,14:28:19,4.51,--,10,4510,买盘
319,14:28:13,4.51,-0.01,112,50512,卖盘
320,14:28:04,4.52,0.01,21,9492,买盘
321,14:27:58,4.51,--,10,4510,卖盘
322,14:27:48,4.51,--,228,102828,买盘
323,14:27:43,4.51,--,112,50512,买盘
324,14:27:38,4.51,--,61,27511,买盘
325,14:27:34,4.51,-0.01,61,27511,卖盘
326,14:27:28,4.52,--,8,3615,买盘
327,14:27:13,4.52,0.01,6,2711,买盘
328,14:27:08,4.51,-0.01,10,4510,卖盘
329,14:26:58,4.52,0.02,43,19435,买盘
330,14:26:48,4.5,-0.02,328,147600,卖盘
331,14:26:43,4.52,--,0,0,买盘
332,14:26:33,4.52,0.02,163,73676,买盘
333,14:26:23,4.5,-0.01,33,14850,卖盘
334,14:26:13,4.51,--,22,9922,买盘
335,14:26:08,4.51,0.01,2,902,买盘
336,14:26:03,4.5,--,19,8550,卖盘
337,14:25:43,4.5,--,20,9000,卖盘
338,14:25:33,4.5,--,32,14400,卖盘
339,14:25:28,4.5,--,81,36751,买盘
340,14:25:22,4.5,--,10,4500,买盘
341,14:25:18,4.5,0.01,12,5400,买盘
342,14:25:13,4.49,--,3,1347,卖盘
343,14:25:03,4.49,--,50,22450,卖盘
344,14:24:52,4.49,--,20,8980,卖盘
345,14:24:48,4.49,--,464,208336,买盘
346,14:24:43,4.49,--,519,233031,买盘
347,14:24:37,4.49,0.01,152,68248,买盘
348,14:24:33,4.48,-0.01,338,151424,卖盘
349,14:24:22,4.49,0.01,58,26042,买盘
350,14:24:18,4.48,-0.01,52,23296,卖盘
351,14:24:13,4.49,0.01,30,13470,买盘
352,14:24:07,4.48,-0.02,174,77952,卖盘
353,14:24:03,4.5,0.01,748,336600,买盘
354,14:23:58,4.49,--,59,26491,买盘
355,14:23:47,4.49,--,100,44900,买盘
356,14:23:43,4.49,-0.01,499,224199,卖盘
357,14:23:37,4.5,--,71,31950,买盘
358,14:23:28,4.5,--,30,13500,买盘
359,14:23:22,4.5,--,500,225000,买盘
360,14:23:07,4.5,--,77,34650,买盘
361,14:22:58,4.5,--,105,47250,买盘
362,14:22:52,4.5,--,11,4950,买盘
363,14:22:47,4.5,0.01,26,11700,买盘
364,14:22:43,4.49,--,80,35920,卖盘
365,14:22:37,4.49,-0.01,456,204744,卖盘
366,14:22:32,4.5,0.01,46,20700,买盘
367,14:22:27,4.49,--,120,53880,卖盘
368,14:22:17,4.49,--,74,33226,卖盘
369,14:22:12,4.49,-0.01,115,51635,卖盘
370,14:22:07,4.5,0.01,3,1350,买盘
371,14:22:02,4.49,-0.01,1,449,卖盘
372,14:21:57,4.5,0.01,23,10350,买盘
373,14:21:52,4.49,--,324,145476,卖盘
374,14:21:47,4.49,-0.01,600,269400,卖盘
375,14:21:42,4.5,--,6,2700,买盘
376,14:21:37,4.5,--,1,450,买盘
377,14:21:22,4.5,--,51,22950,卖盘
378,14:21:17,4.5,--,622,279900,卖盘
379,14:21:12,4.5,--,50,22500,卖盘
380,14:21:07,4.5,--,24,10800,卖盘
381,14:21:02,4.5,--,29,13050,卖盘
382,14:20:57,4.5,--,7,3150,卖盘
383,14:20:47,4.5,--,44,19800,卖盘
384,14:20:42,4.5,-0.01,17,7875,卖盘
385,14:20:37,4.51,--,12,5412,卖盘
386,14:20:17,4.51,--,11,4961,卖盘
387,14:20:12,4.51,--,200,90200,卖盘
388,14:20:07,4.51,-0.01,14,6314,卖盘
389,14:20:02,4.52,--,1,451,买盘
390,14:19:57,4.52,0.01,11,4971,买盘
391,14:19:52,4.51,--,35,15785,卖盘
392,14:19:47,4.51,--,2,902,卖盘
393,14:19:42,4.51,--,15,6765,卖盘
394,14:19:37,4.51,-0.01,314,141614,卖盘
395,14:19:31,4.52,--,35,15819,卖盘
396,14:19:27,4.52,--,7,3163,卖盘
397,14:19:22,4.52,0.01,14,6327,买盘
398,14:19:17,4.51,--,29,13079,卖盘
399,14:19:12,4.51,-0.02,49,22099,卖盘
400,14:19:07,4.53,0.01,10,4530,买盘
401,14:18:57,4.52,--,25,11299,买盘
402,14:18:52,4.52,--,347,156843,卖盘
403,14:18:37,4.52,-0.01,100,45199,卖盘
404,14:18:31,4.53,--,70,31710,买盘
405,14:18:27,4.53,0.01,3,1359,买盘
406,14:18:22,4.52,--,65,29379,卖盘
407,14:18:01,4.52,--,7,3163,卖盘
408,14:17:57,4.52,-0.01,15,6779,卖盘
409,14:17:46,4.53,--,69,31257,买盘
410,14:17:42,4.53,0.01,6,2718,买盘
411,14:17:31,4.52,--,1,451,卖盘
412,14:17:22,4.52,-0.01,20,9040,卖盘
413,14:17:16,4.53,--,50,22650,买盘
414,14:17:12,4.53,--,51,23103,买盘
415,14:17:01,4.53,--,21,9513,买盘
416,14:16:52,4.53,0.01,6,2718,买盘
417,14:16:46,4.52,-0.01,3,1355,卖盘
418,14:16:26,4.53,-0.01,219,99207,卖盘
419,14:16:22,4.54,--,47,21338,买盘
420,14:16:16,4.54,--,30,13620,买盘
421,14:16:06,4.54,--,105,47670,买盘
422,14:16:01,4.54,0.01,80,36320,买盘
423,14:15:51,4.53,-0.01,3,1359,卖盘
424,14:15:46,4.54,--,41,18614,买盘
425,14:15:41,4.54,0.01,8,3632,买盘
426,14:15:36,4.53,-0.01,17,7701,卖盘
427,14:15:31,4.54,--,1,454,买盘
428,14:15:16,4.54,--,718,325972,买盘
429,14:15:06,4.54,--,42,19068,买盘
430,14:15:01,4.54,0.02,388,176152,买盘
431,14:14:56,4.52,-0.01,553,249955,卖盘
432,14:14:51,4.53,--,101,45753,买盘
433,14:14:46,4.53,--,370,167610,买盘
434,14:14:36,4.53,--,610,276330,买盘
435,14:14:31,4.53,0.01,235,106455,买盘
436,14:14:21,4.52,-0.01,375,169499,卖盘
437,14:14:16,4.53,--,0,0,买盘
438,14:14:11,4.53,0.01,359,162627,买盘
439,14:14:06,4.52,-0.01,9,4067,卖盘
440,14:14:01,4.53,0.02,366,165798,买盘
441,14:13:56,4.51,--,0,0,卖盘
442,14:13:51,4.51,-0.02,533,240383,卖盘
443,14:13:46,4.53,0.01,8,3624,买盘
444,14:13:41,4.52,--,155,70286,买盘
445,14:13:36,4.52,--,55,24859,买盘
446,14:13:31,4.52,--,358,161815,买盘
447,14:13:16,4.52,--,52,23503,买盘
448,14:13:06,4.52,0.01,7,3163,买盘
449,14:13:01,4.51,-0.01,10,4510,卖盘
450,14:12:55,4.52,--,18,8135,买盘
451,14:12:51,4.52,--,10,4520,买盘
452,14:12:46,4.52,0.01,42,18984,买盘
453,14:12:40,4.51,-0.01,3,1353,卖盘
454,14:12:36,4.52,--,10,4520,买盘
455,14:12:31,4.52,0.01,7,3163,买盘
456,14:12:21,4.51,--,22,9922,买盘
457,14:12:16,4.51,--,126,56826,买盘
458,14:12:10,4.51,--,35,15785,买盘
459,14:12:06,4.51,--,157,70807,买盘
460,14:11:51,4.51,--,9,4059,买盘
461,14:11:46,4.51,--,46,20746,买盘
462,14:11:36,4.51,--,44,19844,买盘
463,14:11:31,4.51,--,33,14883,买盘
464,14:11:21,4.51,--,24,10824,买盘
465,14:11:16,4.51,-0.01,122,55022,卖盘
466,14:11:10,4.52,0.01,24,10847,买盘
467,14:11:06,4.51,--,1,451,买盘
468,14:10:55,4.51,-0.01,1246,561946,卖盘
469,14:10:46,4.52,--,200,90399,卖盘
470,14:10:40,4.52,--,699,315947,买盘
471,14:10:21,4.52,--,103,46555,买盘
472,14:10:16,4.52,--,25,11299,买盘
473,14:10:10,4.52,0.01,85,38420,买盘
474,14:09:55,4.51,--,43,19393,买盘
475,14:09:50,4.51,--,88,39688,买盘
476,14:09:40,4.51,0.01,21,9471,买盘
477,14:09:31,4.5,--,250,112500,卖盘
478,14:09:25,4.5,--,55,24750,卖盘
479,14:09:20,4.5,--,11,4950,卖盘
480,14:09:16,4.5,--,42,18900,卖盘
481,14:09:10,4.5,--,9,4050,卖盘
482,14:09:01,4.5,--,234,105300,买盘
483,14:08:55,4.5,--,1,450,买盘
484,14:08:50,4.5,--,61,27450,买盘
485,14:08:45,4.5,--,22,9900,买盘
486,14:08:40,4.5,--,21,9450,买盘
487,14:08:30,4.5,--,58,26100,买盘
488,14:08:25,4.5,--,65,29250,买盘
489,14:08:20,4.5,0.01,5,2250,买盘
490,14:08:15,4.49,-0.01,30,13470,卖盘
491,14:08:10,4.5,--,83,37350,买盘
492,14:08:05,4.5,--,12,5400,买盘
493,14:08:00,4.5,0.01,30,13500,买盘
494,14:07:50,4.49,--,25,11225,卖盘
495,14:07:45,4.49,-0.01,128,57472,卖盘
496,14:07:40,4.5,--,104,46800,买盘
497,14:07:35,4.5,--,7,3150,买盘
498,14:07:30,4.5,0.01,24,10800,买盘
499,14:07:25,4.49,-0.01,2250,1010250,卖盘
500,14:07:20,4.5,--,1,450,卖盘
501,14:07:15,4.5,-0.01,501,225450,卖盘
502,14:07:10,4.51,-0.01,232,104632,卖盘
503,14:07:05,4.52,0.01,121,54691,买盘
504,14:07:00,4.51,--,2782,1254682,卖盘
505,14:06:55,4.51,--,5,2255,卖盘
506,14:06:45,4.51,-0.01,7,3157,卖盘
507,14:06:40,4.52,-0.01,641,289732,卖盘
508,14:06:35,4.53,0.01,7,3171,买盘
509,14:06:30,4.52,--,251,113451,卖盘
510,14:06:25,4.52,--,134,60567,卖盘
511,14:06:19,4.52,--,43,19435,卖盘
512,14:06:15,4.52,--,14,6327,卖盘
513,14:06:10,4.52,-0.01,26,11751,卖盘
514,14:06:04,4.53,--,12,5436,买盘
515,14:06:00,4.53,-0.01,1719,778707,卖盘
516,14:05:55,4.54,0.01,414,187956,买盘
517,14:05:49,4.53,--,35,15855,卖盘
518,14:05:45,4.53,0.01,881,399093,买盘
519,14:05:40,4.52,-0.01,171,77291,卖盘
520,14:05:34,4.53,0.01,21,9513,买盘
521,14:05:30,4.52,-0.01,16,7231,卖盘
522,14:05:25,4.53,0.01,151,68403,买盘
523,14:05:19,4.52,-0.01,11,4971,卖盘
524,14:05:15,4.53,--,71,32163,买盘
525,14:05:10,4.53,--,126,57078,买盘
526,14:05:04,4.53,--,56,25368,买盘
527,14:04:34,4.53,0.01,22,9966,买盘
528,14:04:30,4.52,--,7,3163,卖盘
529,14:04:24,4.52,-0.01,400,180799,卖盘
530,14:04:10,4.53,--,78,35334,买盘
531,14:04:04,4.53,-0.01,1291,584823,卖盘
532,14:04:00,4.54,--,2,908,买盘
533,14:03:55,4.54,--,66,29964,买盘
534,14:03:49,4.54,--,1,454,买盘
535,14:03:40,4.54,--,2,908,买盘
536,14:03:34,4.54,0.01,67,30418,买盘
537,14:03:30,4.53,-0.01,102,46206,卖盘
538,14:03:24,4.54,0.01,2,908,买盘
539,14:03:19,4.53,-0.01,150,67950,卖盘
540,14:03:10,4.54,--,46,20884,买盘
541,14:03:04,4.54,--,23,10442,买盘
542,14:03:00,4.54,--,1,454,买盘
543,14:02:55,4.54,0.01,36,16344,买盘
544,14:02:45,4.53,-0.01,8,3624,卖盘
545,14:02:40,4.54,--,574,260596,买盘
546,14:02:34,4.54,0.01,20,9080,买盘
547,14:02:24,4.53,-0.01,50,22650,卖盘
548,14:02:19,4.54,--,131,59474,买盘
549,14:02:14,4.54,--,1,454,买盘
550,14:02:04,4.54,--,320,145280,买盘
551,14:01:55,4.54,0.01,46,20884,买盘
552,14:01:49,4.53,-0.01,100,45300,卖盘
553,14:01:34,4.54,0.01,21,9534,买盘
554,14:01:04,4.53,-0.01,5,2265,中性盘
555,14:00:59,4.54,0.01,1500,681000,买盘
556,14:00:54,4.53,--,45,20385,买盘
557,14:00:48,4.53,--,1,453,买盘
558,14:00:39,4.53,-0.01,286,129558,卖盘
559,14:00:34,4.54,0.01,53,24062,买盘
560,14:00:24,4.53,--,16,7248,卖盘
561,14:00:19,4.53,-0.01,66,29898,卖盘
562,14:00:14,4.54,0.01,1,454,买盘
563,14:00:09,4.53,--,213,96489,卖盘
564,14:00:04,4.53,--,28,12684,卖盘
565,13:59:57,4.53,--,15,6795,卖盘
566,13:59:54,4.53,--,139,62967,卖盘
567,13:59:49,4.53,-0.01,21,9513,卖盘
568,13:59:34,4.54,0.01,22,9988,买盘
569,13:59:24,4.53,--,302,136806,买盘
570,13:59:19,4.53,--,165,74745,买盘
571,13:59:09,4.53,--,31,14043,买盘
572,13:59:04,4.53,0.01,24,10872,买盘
573,13:58:54,4.52,-0.01,29,13107,卖盘
574,13:58:49,4.53,0.01,105,47565,买盘
575,13:58:34,4.52,-0.01,50,22599,卖盘
576,13:58:18,4.53,--,14,6342,买盘
577,13:58:12,4.53,0.01,70,31710,买盘
578,13:58:09,4.52,-0.01,107,48363,卖盘
579,13:58:03,4.53,--,26,11778,买盘
580,13:57:57,4.53,--,2,906,买盘
581,13:57:54,4.53,--,126,57078,买盘
582,13:57:48,4.53,--,9,4077,买盘
583,13:57:42,4.53,--,1,453,买盘
584,13:57:39,4.53,--,775,351075,卖盘
585,13:57:33,4.53,--,7,3171,卖盘
586,13:57:27,4.53,--,338,153114,买盘
587,13:57:24,4.53,--,100,45300,买盘
588,13:57:18,4.53,--,6,2718,买盘
589,13:57:12,4.53,-0.01,26,11778,卖盘
590,13:57:09,4.54,--,7,3178,买盘
591,13:57:03,4.54,0.01,2610,1184940,买盘
592,13:56:57,4.53,-0.01,60,27180,卖盘
593,13:56:42,4.54,--,145,65830,买盘
594,13:56:33,4.54,--,31,14074,买盘
595,13:56:27,4.54,0.01,30,13620,买盘
596,13:56:12,4.53,-0.01,50,22650,卖盘
597,13:56:09,4.54,--,1,454,买盘
598,13:56:03,4.54,--,22,9988,买盘
599,13:55:42,4.54,--,32,14528,买盘
600,13:55:33,4.54,--,19,8626,买盘
601,13:55:23,4.54,--,70,31780,买盘
602,13:55:12,4.54,--,330,149933,卖盘
603,13:55:08,4.54,--,1,454,卖盘
604,13:55:03,4.54,--,10,4540,卖盘
605,13:54:57,4.54,--,206,93864,买盘
606,13:54:53,4.54,0.01,1,454,买盘
607,13:54:48,4.53,-0.01,1,453,卖盘
608,13:54:42,4.54,--,1,454,买盘
609,13:54:38,4.54,--,1,454,买盘
610,13:54:33,4.54,--,188,85465,卖盘
611,13:54:27,4.54,--,13,5902,卖盘
612,13:54:23,4.54,--,10,4540,卖盘
613,13:54:18,4.54,--,7,3178,卖盘
614,13:54:12,4.54,--,240,109300,买盘
615,13:54:03,4.54,0.01,125,56750,买盘
616,13:53:57,4.53,-0.01,124,56172,卖盘
617,13:53:53,4.54,--,1,454,买盘
618,13:53:48,4.54,-0.01,464,210769,卖盘
619,13:53:42,4.55,--,2,910,买盘
620,13:53:33,4.55,0.01,29,13195,买盘
621,13:53:27,4.54,--,57,25878,卖盘
622,13:53:21,4.54,--,46,20884,卖盘
623,13:53:18,4.54,0.01,316,143804,买盘
624,13:53:03,4.53,-0.01,30,13590,卖盘
625,13:52:57,4.54,--,637,289311,卖盘
626,13:52:48,4.54,--,498,226092,卖盘
627,13:52:42,4.54,--,21,9534,卖盘
628,13:52:33,4.54,--,36,16344,卖盘
629,13:52:27,4.54,--,36,16344,卖盘
630,13:52:21,4.54,-0.01,7,3178,卖盘
631,13:52:18,4.55,--,444,202020,卖盘
632,13:52:12,4.55,--,32,14560,卖盘
633,13:52:06,4.55,--,7,3185,卖盘
634,13:52:03,4.55,-0.01,1098,499590,卖盘
635,13:51:57,4.56,--,129,58823,买盘
636,13:51:48,4.56,--,139,63383,买盘
637,13:51:42,4.56,--,28,12767,买盘
638,13:51:36,4.56,--,170,77520,买盘
639,13:51:33,4.56,0.01,21,9576,买盘
640,13:51:27,4.55,-0.01,57,25935,卖盘
641,13:51:21,4.56,--,69,31463,买盘
642,13:51:18,4.56,--,7,3191,买盘
643,13:51:12,4.56,--,12,5471,买盘
644,13:51:06,4.56,0.01,1,455,买盘
645,13:51:03,4.55,-0.01,63,28665,卖盘
646,13:50:57,4.56,--,10,4560,买盘
647,13:50:48,4.56,0.01,546,248975,买盘
648,13:50:42,4.55,-0.01,2,910,卖盘
649,13:50:36,4.56,0.01,1,455,买盘
650,13:50:33,4.55,-0.01,158,71890,卖盘
651,13:50:27,4.56,--,7,3191,买盘
652,13:50:18,4.56,--,7,3191,买盘
653,13:50:12,4.56,0.01,2,911,买盘
654,13:50:06,4.55,--,90,40950,买盘
655,13:50:02,4.55,--,16,7280,买盘
656,13:49:57,4.55,--,10,4550,买盘
657,13:49:51,4.55,--,10,4550,买盘
658,13:49:47,4.55,--,7,3185,买盘
659,13:49:42,4.55,--,161,73255,卖盘
660,13:49:33,4.55,--,40,18200,卖盘
661,13:49:27,4.55,--,1529,695695,买盘
662,13:49:21,4.55,--,79,35945,买盘
663,13:49:12,4.55,0.01,50,22750,买盘
664,13:49:06,4.54,-0.01,12,5448,卖盘
665,13:49:02,4.55,--,14,6370,买盘
666,13:48:57,4.55,--,7,3185,买盘
667,13:48:47,4.55,0.01,8,3640,买盘
668,13:48:36,4.54,-0.01,10,4540,卖盘
669,13:48:32,4.55,--,13,5915,买盘
670,13:48:27,4.55,--,96,43680,买盘
671,13:48:21,4.55,--,32,14560,买盘
672,13:48:17,4.55,--,3,1365,买盘
673,13:48:02,4.55,--,71,32305,买盘
674,13:47:57,4.55,--,8,3640,买盘
675,13:47:51,4.55,0.01,7,3185,买盘
676,13:47:45,4.54,-0.01,10,4540,卖盘
677,13:47:30,4.55,-0.01,19,8645,卖盘
678,13:47:27,4.56,0.01,36,16416,买盘
679,13:47:21,4.55,-0.01,36,16380,卖盘
680,13:47:12,4.56,0.01,1,455,买盘
681,13:47:06,4.55,-0.01,124,56420,卖盘
682,13:47:00,4.56,--,69,31463,买盘
683,13:46:57,4.56,0.01,1,455,买盘
684,13:46:51,4.55,--,30,13650,卖盘
685,13:46:45,4.55,--,15,6825,卖盘
686,13:46:42,4.55,--,430,195650,买盘
687,13:46:36,4.55,--,18,8190,买盘
688,13:46:30,4.55,--,473,215215,买盘
689,13:46:27,4.55,0.01,28,12740,买盘
690,13:46:21,4.54,-0.01,58,26332,卖盘
691,13:46:15,4.55,0.01,472,214760,买盘
692,13:46:12,4.54,--,4,1816,卖盘
693,13:46:06,4.54,-0.01,2,908,卖盘
694,13:46:00,4.55,--,15,6825,买盘
695,13:45:57,4.55,0.01,33,15015,买盘
696,13:45:51,4.54,-0.01,2,908,卖盘
697,13:45:45,4.55,--,207,94185,买盘
698,13:45:42,4.55,--,1,455,买盘
699,13:45:36,4.55,--,10,4550,买盘
700,13:45:30,4.55,--,314,142870,买盘
701,13:45:27,4.55,--,24,10920,买盘
702,13:45:21,4.55,--,11,5005,买盘
703,13:45:15,4.55,--,500,227500,卖盘
704,13:45:06,4.55,--,21,9555,卖盘
705,13:45:00,4.55,-0.01,8,3640,卖盘
706,13:44:57,4.56,0.01,51,23255,买盘
707,13:44:51,4.55,-0.01,10,4550,卖盘
708,13:44:45,4.56,0.01,114,51983,买盘
709,13:44:42,4.55,--,16,7280,卖盘
710,13:44:36,4.55,--,56,25480,买盘
711,13:44:30,4.55,--,19,8645,买盘
712,13:44:27,4.55,--,63,28665,买盘
713,13:44:21,4.55,--,67,30485,买盘
714,13:44:12,4.55,--,1,455,买盘
715,13:44:06,4.55,-0.01,233,106015,卖盘
716,13:44:00,4.56,--,335,152760,买盘
717,13:43:57,4.56,--,13,5927,买盘
718,13:43:51,4.56,--,8,3647,买盘
719,13:43:42,4.56,0.01,30,13679,买盘
720,13:43:36,4.55,--,314,142870,卖盘
721,13:43:30,4.55,-0.01,20,9100,卖盘
722,13:43:27,4.56,--,1115,508439,买盘
723,13:43:21,4.56,--,29,13223,买盘
724,13:43:15,4.56,0.01,5,2280,买盘
725,13:43:11,4.55,--,13,5915,卖盘
726,13:43:06,4.55,-0.01,50,22750,卖盘
727,13:42:57,4.56,0.01,33,15047,买盘
728,13:42:51,4.55,-0.01,55,25025,卖盘
729,13:42:45,4.56,--,8,3647,买盘
730,13:42:41,4.56,--,12,5471,买盘
731,13:42:36,4.56,--,30,13679,买盘
732,13:42:26,4.56,0.01,31,14135,买盘
733,13:42:21,4.55,-0.01,7,3185,卖盘
734,13:42:15,4.56,--,607,276792,买盘
735,13:42:11,4.56,--,1,455,买盘
736,13:42:06,4.56,--,28,12767,买盘
737,13:42:00,4.56,--,121,55175,买盘
738,13:41:56,4.56,--,7,3191,买盘
739,13:41:45,4.56,--,9,4104,买盘
740,13:41:41,4.56,--,10,4560,买盘
741,13:41:36,4.56,--,211,96215,买盘
742,13:41:30,4.56,--,338,154128,买盘
743,13:41:24,4.56,--,12,5471,买盘
744,13:41:21,4.56,0.01,240,109439,买盘
745,13:41:15,4.55,-0.01,415,188825,卖盘
746,13:41:00,4.56,--,264,120383,买盘
747,13:40:56,4.56,--,20,9120,买盘
748,13:40:51,4.56,0.01,113,51527,买盘
749,13:40:45,4.55,-0.01,43,19565,卖盘
750,13:40:39,4.56,--,493,224807,买盘
751,13:40:36,4.56,0.01,295,134520,买盘
752,13:40:30,4.55,-0.01,983,447265,卖盘
753,13:40:26,4.56,--,65,29639,买盘
754,13:40:21,4.56,--,1017,463751,买盘
755,13:40:15,4.56,0.01,113,51527,买盘
756,13:40:10,4.55,--,6,2730,卖盘
757,13:40:00,4.55,-0.01,13,5915,卖盘
758,13:39:54,4.56,--,23,10488,买盘
759,13:39:45,4.56,0.01,37,16872,买盘
760,13:39:39,4.55,-0.01,66,30030,卖盘
761,13:39:36,4.56,0.01,1,455,买盘
762,13:39:30,4.55,-0.01,76,34580,卖盘
763,13:39:24,4.56,--,12,5471,买盘
764,13:39:21,4.56,--,14,6383,买盘
765,13:39:15,4.56,--,114,51983,买盘
766,13:39:06,4.56,--,11,5016,买盘
767,13:39:00,4.56,--,75,34200,买盘
768,13:38:54,4.56,--,33,15047,买盘
769,13:38:51,4.56,--,15,6839,买盘
770,13:38:45,4.56,0.01,12,5471,买盘
771,13:38:36,4.55,-0.01,69,31395,卖盘
772,13:38:30,4.56,--,43,19608,买盘
773,13:38:24,4.56,0.01,23,10488,买盘
774,13:38:21,4.55,-0.01,5,2275,卖盘
775,13:38:15,4.56,--,33,15047,买盘
776,13:38:09,4.56,0.01,13,5927,买盘
777,13:38:06,4.55,--,1,455,卖盘
778,13:38:00,4.55,--,203,92365,买盘
779,13:37:54,4.55,--,68,30940,买盘
780,13:37:51,4.55,--,426,193830,买盘
781,13:37:45,4.55,--,1364,620620,卖盘
782,13:37:36,4.55,--,37,16835,卖盘
783,13:37:30,4.55,-0.01,318,144690,卖盘
784,13:37:24,4.56,0.01,62,28271,买盘
785,13:37:21,4.55,--,35,15925,卖盘
786,13:37:15,4.55,0.01,440,200200,买盘
787,13:37:06,4.54,--,257,116678,卖盘
788,13:37:00,4.54,-0.01,81,36774,卖盘
789,13:36:54,4.55,0.01,19,8645,买盘
790,13:36:50,4.54,-0.01,89,40406,卖盘
791,13:36:45,4.55,--,7,3185,买盘
792,13:36:39,4.55,--,502,228410,买盘
793,13:36:35,4.55,--,30,13650,买盘
794,13:36:30,4.55,--,758,344890,买盘
795,13:36:24,4.55,--,66,30030,买盘
796,13:36:20,4.55,0.01,35,15925,买盘
797,13:36:15,4.54,-0.01,20,9080,卖盘
798,13:36:09,4.55,--,127,57785,卖盘
799,13:36:05,4.55,--,227,103285,卖盘
800,13:35:54,4.55,--,1,455,卖盘
801,13:35:50,4.55,0.01,766,348530,买盘
802,13:35:45,4.54,-0.01,961,436294,卖盘
803,13:35:39,4.55,--,5,2275,买盘
804,13:35:30,4.55,-0.01,673,306215,卖盘
805,13:35:24,4.56,0.01,35,15959,买盘
806,13:35:20,4.55,--,754,343070,卖盘
807,13:35:15,4.55,-0.01,35,15925,卖盘
808,13:35:00,4.56,--,848,386687,买盘
809,13:34:54,4.56,--,32,14591,买盘
810,13:34:50,4.56,--,240,109439,买盘
811,13:34:45,4.56,0.01,60,27359,买盘
812,13:34:39,4.55,--,61,27755,买盘
813,13:34:35,4.55,-0.01,4,1820,卖盘
814,13:34:30,4.56,0.01,93,42408,买盘
815,13:34:24,4.55,--,132,60060,卖盘
816,13:34:20,4.55,--,10,4550,卖盘
817,13:34:15,4.55,--,218,99190,卖盘
818,13:34:09,4.55,-0.01,49,22295,买盘
819,13:34:05,4.56,0.01,149,67944,买盘
820,13:34:00,4.55,-0.01,72,32760,卖盘
821,13:33:54,4.56,0.01,85,38760,买盘
822,13:33:50,4.55,-0.01,49,22295,卖盘
823,13:33:45,4.56,0.01,567,258551,买盘
824,13:33:39,4.55,-0.01,110,50050,卖盘
825,13:33:24,4.56,--,58,26447,买盘
826,13:33:20,4.56,--,1,455,买盘
827,13:33:15,4.56,0.01,41,18696,买盘
828,13:33:09,4.55,0.01,1228,558740,买盘
829,13:33:00,4.54,-0.01,48,21792,卖盘
830,13:32:54,4.55,--,211,96005,买盘
831,13:32:45,4.55,--,178,80990,买盘
832,13:32:35,4.55,0.01,31,14105,买盘
833,13:32:30,4.54,-0.01,2,908,卖盘
834,13:32:24,4.55,0.01,45,20475,买盘
835,13:32:15,4.54,-0.01,8,3632,卖盘
836,13:32:09,4.55,0.01,29,13195,买盘
837,13:31:59,4.54,-0.01,81,36774,卖盘
838,13:31:54,4.55,--,167,75985,买盘
839,13:31:45,4.55,--,27,12285,买盘
840,13:31:39,4.55,0.01,225,102375,买盘
841,13:31:33,4.54,-0.01,10,4540,卖盘
842,13:31:24,4.55,--,102,46410,买盘
843,13:31:15,4.55,--,119,54145,买盘
844,13:31:09,4.55,--,6,2730,买盘
845,13:31:00,4.55,--,20,9100,买盘
846,13:30:54,4.55,--,205,93275,卖盘
847,13:30:48,4.55,--,9,4095,卖盘
848,13:30:45,4.55,--,118,53690,卖盘
849,13:30:39,4.55,--,408,185640,卖盘
850,13:30:33,4.55,--,2,910,卖盘
851,13:30:30,4.55,--,896,407680,买盘
852,13:30:24,4.55,-0.01,252,114660,卖盘
853,13:30:18,4.56,--,113,51527,买盘
854,13:30:14,4.56,0.01,10,4560,买盘
855,13:30:09,4.55,-0.01,877,399035,卖盘
856,13:30:03,4.56,--,38,17328,买盘
857,13:29:59,4.56,0.01,763,347927,买盘
858,13:29:54,4.55,-0.01,57,25935,卖盘
859,13:29:48,4.56,--,39,17784,买盘
860,13:29:45,4.56,--,610,278160,买盘
861,13:29:39,4.56,0.01,26,11855,买盘
862,13:29:33,4.55,-0.01,868,394940,卖盘
863,13:29:29,4.56,--,174,79344,买盘
864,13:29:24,4.56,--,35,15959,买盘
865,13:29:18,4.56,--,2,911,买盘
866,13:29:14,4.56,--,17,7751,买盘
867,13:29:09,4.56,--,55,25079,买盘
868,13:29:03,4.56,--,13,5927,买盘
869,13:28:59,4.56,--,46,20976,买盘
870,13:28:54,4.56,0.01,60,27359,买盘
871,13:28:48,4.55,--,32,14560,卖盘
872,13:28:45,4.55,--,41,18655,买盘
873,13:28:39,4.55,--,190,86450,买盘
874,13:28:33,4.55,--,203,92365,买盘
875,13:28:29,4.55,--,192,87360,买盘
876,13:28:24,4.55,--,553,251956,买盘
877,13:28:18,4.55,--,126,57330,买盘
878,13:28:14,4.55,--,257,116935,买盘
879,13:28:09,4.55,0.01,79,35945,买盘
880,13:27:59,4.54,--,119,54026,卖盘
881,13:27:54,4.54,-0.01,135,61290,卖盘
882,13:27:48,4.55,--,214,97370,买盘
883,13:27:44,4.55,--,38,17290,买盘
884,13:27:39,4.55,0.01,1,455,买盘
885,13:27:33,4.54,-0.01,2,908,卖盘
886,13:27:29,4.55,--,36,16380,买盘
887,13:27:24,4.55,--,177,80535,买盘
888,13:27:18,4.55,-0.01,124,56420,卖盘
889,13:27:14,4.56,0.01,281,128135,买盘
890,13:27:09,4.55,-0.01,375,170625,卖盘
891,13:27:03,4.56,--,76,34656,买盘
892,13:26:59,4.56,--,627,285912,买盘
893,13:26:54,4.56,--,145,66120,买盘
894,13:26:48,4.56,--,100,45599,买盘
895,13:26:44,4.56,--,121,55175,买盘
896,13:26:39,4.56,0.01,133,60647,买盘
897,13:26:33,4.55,-0.01,202,91910,卖盘
898,13:26:29,4.56,--,25,11399,买盘
899,13:26:24,4.56,-0.01,377,171911,卖盘
900,13:26:18,4.57,0.01,879,401703,买盘
901,13:26:14,4.56,--,162,73872,卖盘
902,13:26:09,4.56,--,130,59279,卖盘
903,13:26:03,4.56,-0.01,417,190151,卖盘
904,13:25:59,4.57,0.02,102,46614,买盘
905,13:25:54,4.55,-0.02,426,193830,卖盘
906,13:25:48,4.57,--,686,313502,买盘
907,13:25:44,4.57,--,43,19651,买盘
908,13:25:39,4.57,--,83,37931,买盘
909,13:25:33,4.57,--,519,237183,买盘
910,13:25:29,4.57,0.01,255,116535,买盘
911,13:25:24,4.56,-0.01,557,253991,卖盘
912,13:25:18,4.57,0.01,1570,717490,买盘
913,13:25:14,4.56,-0.01,821,374375,卖盘
914,13:25:09,4.57,0.01,248,113336,买盘
915,13:25:03,4.56,--,1678,765167,卖盘
916,13:24:57,4.56,--,10,4560,卖盘
917,13:24:54,4.56,-0.01,402,183311,卖盘
918,13:24:48,4.57,0.02,1006,459742,买盘
919,13:24:42,4.55,-0.01,188,85540,卖盘
920,13:24:38,4.56,0.01,2050,934799,买盘
921,13:24:33,4.55,-0.01,1192,542360,卖盘
922,13:24:28,4.56,0.01,63,28727,买盘
923,13:24:24,4.55,--,312,141960,卖盘
924,13:24:18,4.55,--,783,356265,卖盘
925,13:24:12,4.55,--,109,49595,买盘
926,13:24:09,4.55,--,132,60060,买盘
927,13:24:03,4.55,0.01,553,251615,中性盘
928,13:23:57,4.54,-0.01,982,445828,卖盘
929,13:23:53,4.55,--,975,443625,买盘
930,13:23:48,4.55,--,1004,456820,买盘
931,13:23:42,4.55,--,416,189280,买盘
932,13:23:38,4.55,--,393,178815,买盘
933,13:23:33,4.55,0.01,982,446810,买盘
934,13:23:27,4.54,--,85,38590,买盘
935,13:23:23,4.54,--,891,404514,买盘
936,13:23:18,4.54,0.01,28,12712,买盘
937,13:23:12,4.53,--,25,11325,卖盘
938,13:23:08,4.53,0.01,1746,790938,买盘
939,13:23:03,4.52,0.01,100,45199,卖盘
940,13:22:57,4.51,--,0,0,卖盘
941,13:22:53,4.51,-0.02,460,207460,卖盘
942,13:22:48,4.53,0.02,10044,4549932,买盘
943,13:22:38,4.51,--,6,2706,卖盘
944,13:22:33,4.51,--,1437,648087,买盘
945,13:22:27,4.51,--,40,18040,买盘
946,13:22:23,4.51,--,368,165968,买盘
947,13:22:18,4.51,--,15,6765,买盘
948,13:22:12,4.51,--,7,3157,买盘
949,13:22:08,4.51,0.01,718,323818,买盘
950,13:22:03,4.5,--,2738,1232100,卖盘
951,13:21:57,4.5,-0.01,30,13500,卖盘
952,13:21:53,4.51,--,8,3608,买盘
953,13:21:48,4.51,0.01,77,34727,买盘
954,13:21:38,4.5,--,212,95400,买盘
955,13:21:33,4.5,--,203,91350,买盘
956,13:21:23,4.5,--,7,3150,买盘
957,13:21:18,4.5,--,57,25650,买盘
958,13:21:08,4.5,0.01,14,6300,买盘
959,13:21:03,4.49,--,38,17062,卖盘
960,13:20:53,4.49,-0.01,24,10776,卖盘
961,13:20:48,4.5,0.01,45,20250,买盘
962,13:20:38,4.49,-0.01,21,9429,卖盘
963,13:20:33,4.5,0.01,167,75150,买盘
964,13:20:23,4.49,-0.01,514,230875,卖盘
965,13:20:18,4.5,0.01,55,24750,买盘
966,13:20:12,4.49,-0.01,17,7633,卖盘
967,13:20:08,4.5,0.01,80,36000,买盘
968,13:19:53,4.49,-0.01,7,3143,卖盘
969,13:19:48,4.5,--,34,15300,买盘
970,13:19:42,4.5,-0.01,71,32310,卖盘
971,13:19:38,4.51,--,8,3608,买盘
972,13:19:33,4.51,0.01,23,10373,买盘
973,13:19:27,4.5,--,550,247500,卖盘
974,13:19:23,4.5,-0.01,17,7740,卖盘
975,13:19:18,4.51,--,64,28864,买盘
976,13:19:08,4.51,--,9,4059,买盘
977,13:19:03,4.51,0.01,77,34727,买盘
978,13:18:53,4.5,--,97,43650,卖盘
979,13:18:48,4.5,--,534,240300,卖盘
980,13:18:42,4.5,-0.01,11,4950,卖盘
981,13:18:38,4.51,0.01,107,48257,买盘
982,13:18:33,4.5,-0.01,354,159300,卖盘
983,13:18:27,4.51,--,4,1804,买盘
984,13:18:18,4.51,0.01,35,15785,买盘
985,13:18:12,4.5,-0.01,1,450,卖盘
986,13:18:08,4.51,--,8,3608,买盘
987,13:17:57,4.51,--,26,11726,买盘
988,13:17:53,4.51,--,1,451,买盘
989,13:17:48,4.51,--,43,19393,买盘
990,13:17:42,4.51,-0.01,513,231363,卖盘
991,13:17:38,4.52,--,8,3615,买盘
992,13:17:33,4.52,0.01,127,57403,买盘
993,13:17:27,4.51,--,60,27060,卖盘
994,13:17:23,4.51,-0.01,43,19393,卖盘
995,13:17:18,4.52,0.01,164,74128,买盘
996,13:17:12,4.51,--,271,122221,卖盘
997,13:17:07,4.51,--,90,40590,买盘
998,13:17:03,4.51,--,10,4510,买盘
999,13:16:57,4.51,--,167,75317,买盘
1000,13:16:51,4.51,--,200,90200,买盘
1001,13:16:48,4.51,--,254,114554,买盘
1002,13:16:42,4.51,--,90,40590,买盘
1003,13:16:37,4.51,0.01,61,27511,买盘
1004,13:16:33,4.5,--,100,45000,卖盘
1005,13:16:27,4.5,--,44,19800,买盘
1006,13:16:21,4.5,--,40,18000,买盘
1007,13:16:18,4.5,--,111,49950,买盘
1008,13:16:12,4.5,--,1118,503100,买盘
1009,13:16:06,4.5,--,1757,790650,买盘
1010,13:16:03,4.5,--,72,32400,买盘
1011,13:15:51,4.5,--,50,22500,买盘
1012,13:15:47,4.5,--,40,18000,买盘
1013,13:15:42,4.5,--,52,23400,买盘
1014,13:15:36,4.5,--,24,10800,买盘
1015,13:15:32,4.5,--,31,13950,买盘
1016,13:15:21,4.5,--,12,5400,买盘
1017,13:15:17,4.5,--,34,15300,买盘
1018,13:15:12,4.5,--,9,4050,买盘
1019,13:15:06,4.5,0.01,8,3600,买盘
1020,13:14:57,4.49,--,166,74534,卖盘
1021,13:14:51,4.49,--,7,3143,卖盘
1022,13:14:47,4.49,--,67,30294,买盘
1023,13:14:42,4.49,--,500,224500,买盘
1024,13:14:36,4.49,--,7,3143,买盘
1025,13:14:32,4.49,--,27,12123,买盘
1026,13:14:21,4.49,--,20,8980,买盘
1027,13:14:17,4.49,--,40,17960,买盘
1028,13:14:12,4.49,--,1,449,买盘
1029,13:14:06,4.49,0.01,286,128414,买盘
1030,13:14:02,4.48,--,265,118720,卖盘
1031,13:13:57,4.48,-0.01,1,448,卖盘
1032,13:13:51,4.49,--,303,136047,买盘
1033,13:13:47,4.49,--,35,15715,买盘
1034,13:13:42,4.49,--,192,86208,买盘
1035,13:13:36,4.49,--,8,3592,买盘
1036,13:13:27,4.49,--,5,2245,买盘
1037,13:13:17,4.49,--,74,33226,买盘
1038,13:13:06,4.49,--,9,4041,买盘
1039,13:12:57,4.49,0.01,50,22450,买盘
1040,13:12:51,4.48,-0.01,7,3136,卖盘
1041,13:12:47,4.49,--,145,65105,买盘
1042,13:12:36,4.49,--,7,3143,买盘
1043,13:12:32,4.49,0.01,1,449,买盘
1044,13:12:26,4.48,-0.01,16,7168,卖盘
1045,13:12:21,4.49,--,1,449,买盘
1046,13:12:17,4.49,--,34,15266,买盘
1047,13:12:12,4.49,--,10,4490,买盘
1048,13:12:02,4.49,--,8,3592,买盘
1049,13:11:47,4.49,--,36,16164,买盘
1050,13:11:42,4.49,--,51,22899,买盘
1051,13:11:32,4.49,0.01,7,3143,买盘
1052,13:11:26,4.48,--,172,77468,买盘
1053,13:11:17,4.48,--,35,15680,买盘
1054,13:11:02,4.48,--,90,40320,买盘
1055,13:10:47,4.48,--,35,15680,买盘
1056,13:10:42,4.48,--,1,448,买盘
1057,13:10:35,4.48,0.01,7,3136,买盘
1058,13:10:27,4.47,-0.01,51,22797,卖盘
1059,13:10:21,4.48,--,10,4480,买盘
1060,13:10:17,4.48,--,23,10304,买盘
1061,13:10:05,4.48,0.01,7,3136,买盘
1062,13:09:56,4.47,--,145,64815,卖盘
1063,13:09:51,4.47,-0.01,22,9834,卖盘
1064,13:09:47,4.48,--,37,16576,买盘
1065,13:09:36,4.48,--,15,6720,买盘
1066,13:09:20,4.48,--,15,6720,买盘
1067,13:09:17,4.48,--,18,8064,买盘
1068,13:09:06,4.48,--,35,15680,买盘
1069,13:08:51,4.48,--,27,12096,买盘
1070,13:08:46,4.48,0.01,26,11648,买盘
1071,13:08:41,4.47,--,20,8940,卖盘
1072,13:08:35,4.47,-0.01,28,12516,卖盘
1073,13:08:14,4.48,0.01,36,16128,买盘
1074,13:08:11,4.47,-0.01,2,894,卖盘
1075,13:08:05,4.48,--,7,3136,买盘
1076,13:07:59,4.48,--,0,0,买盘
1077,13:07:50,4.48,--,36,16128,买盘
1078,13:07:44,4.48,0.01,29,12992,买盘
1079,13:07:41,4.47,-0.01,0,75,卖盘
1080,13:07:35,4.48,0.01,7,3136,买盘
1081,13:07:29,4.47,--,14,6258,卖盘
1082,13:07:20,4.47,--,0,371,卖盘
1083,13:07:14,4.47,-0.01,52,23244,卖盘
1084,13:06:59,4.48,--,8,3584,买盘
1085,13:06:44,4.48,--,36,16128,买盘
1086,13:06:35,4.48,0.02,7,3136,买盘
1087,13:06:14,4.46,--,60,26760,卖盘
1088,13:06:11,4.46,-0.01,81,36126,卖盘
1089,13:05:59,4.47,--,8,3576,买盘
1090,13:05:56,4.47,--,170,75990,买盘
1091,13:05:50,4.47,--,49,21903,买盘
1092,13:05:44,4.47,--,65,29055,买盘
1093,13:05:41,4.47,--,7,3129,买盘
1094,13:05:29,4.47,0.01,8,3576,买盘
1095,13:05:26,4.46,-0.01,5,2230,卖盘
1096,13:05:14,4.47,--,36,16092,买盘
1097,13:04:59,4.47,--,7,3129,买盘
1098,13:04:50,4.47,--,1,447,买盘
1099,13:04:44,4.47,--,24,10728,买盘
1100,13:04:41,4.47,-0.01,1436,641892,卖盘
1101,13:04:29,4.48,--,7,3136,买盘
1102,13:04:14,4.48,--,23,10304,买盘
1103,13:04:11,4.48,--,73,32704,买盘
1104,13:04:05,4.48,--,10,4480,买盘
1105,13:03:59,4.48,--,8,3584,买盘
1106,13:03:44,4.48,--,12,5376,买盘
1107,13:03:41,4.48,0.01,30,13440,买盘
1108,13:03:35,4.47,-0.01,28,12516,卖盘
1109,13:03:29,4.48,0.01,27,12096,买盘
1110,13:03:20,4.47,-0.01,27,12069,卖盘
1111,13:03:14,4.48,--,6,2688,买盘
1112,13:03:11,4.48,--,89,39872,买盘
1113,13:02:59,4.48,--,7,3136,买盘
1114,13:02:44,4.48,--,45,20160,买盘
1115,13:02:29,4.48,0.01,8,3584,买盘
1116,13:02:26,4.47,-0.01,7,3129,卖盘
1117,13:02:14,4.48,--,35,15680,买盘
1118,13:01:59,4.48,0.01,7,3136,买盘
1119,13:01:50,4.47,-0.01,7,3129,卖盘
1120,13:01:44,4.48,--,35,15680,买盘
1121,13:01:35,4.48,-0.01,538,241024,卖盘
1122,13:01:29,4.49,--,30,13470,买盘
1123,13:00:50,4.49,--,3,1347,买盘
1124,13:00:35,4.49,0.01,2,898,买盘
1125,13:00:09,4.48,--,5,2240,卖盘
1126,13:00:05,4.48,--,538,241024,买盘
1127,11:30:00,4.48,--,0,0,买盘
1128,11:29:59,4.48,--,0,0,买盘
1129,11:29:59,4.48,--,18,8064,买盘
1130,11:29:51,4.48,--,677,303296,卖盘
1131,11:29:46,4.48,-0.01,148,66304,卖盘
1132,11:29:41,4.49,0.01,18,8082,买盘
1133,11:29:36,4.48,--,30,13440,卖盘
1134,11:29:31,4.48,--,1189,532672,买盘
1135,11:29:16,4.48,--,22,9856,买盘
1136,11:29:11,4.48,--,223,99904,买盘
1137,11:29:01,4.48,--,7,3136,买盘
1138,11:28:51,4.48,--,350,156800,买盘
1139,11:28:46,4.48,--,17,7616,买盘
1140,11:28:40,4.48,--,18,8064,买盘
1141,11:28:31,4.48,--,8,3584,买盘
1142,11:28:16,4.48,--,52,23296,买盘
1143,11:28:10,4.48,--,12,5376,买盘
1144,11:28:06,4.48,--,1,448,买盘
1145,11:27:54,4.48,--,8,3584,买盘
1146,11:27:46,4.48,--,8,3584,买盘
1147,11:27:40,4.48,--,25,11200,买盘
1148,11:27:36,4.48,--,1,448,买盘
1149,11:27:25,4.48,0.01,7,3136,买盘
1150,11:27:21,4.47,--,31,13857,卖盘
1151,11:27:16,4.47,-0.01,1,447,卖盘
1152,11:27:09,4.48,0.01,37,16576,买盘
1153,11:27:06,4.47,-0.01,27,12069,卖盘
1154,11:27:01,4.48,--,33,14784,买盘
1155,11:26:55,4.48,--,7,3136,买盘
1156,11:26:51,4.48,--,41,18368,买盘
1157,11:26:45,4.48,--,5,2240,买盘
1158,11:26:39,4.48,--,30,13440,买盘
1159,11:26:36,4.48,--,10,4480,买盘
1160,11:26:31,4.48,--,1,448,买盘
1161,11:26:25,4.48,--,8,3584,买盘
1162,11:26:21,4.48,0.01,1,448,买盘
1163,11:26:16,4.47,-0.01,7,3129,卖盘
1164,11:26:09,4.48,0.01,33,14784,买盘
1165,11:26:06,4.47,--,15,6705,卖盘
1166,11:26:00,4.47,-0.01,23,10281,卖盘
1167,11:25:55,4.48,--,7,3136,买盘
1168,11:25:46,4.48,--,8,3584,买盘
1169,11:25:39,4.48,--,30,13440,买盘
1170,11:25:36,4.48,--,14,6272,买盘
1171,11:25:24,4.48,0.01,127,56896,买盘
1172,11:25:20,4.47,-0.01,10,4470,卖盘
1173,11:25:15,4.48,--,9,4032,买盘
1174,11:25:09,4.48,--,27,12096,买盘
1175,11:25:00,4.48,0.01,21,9408,买盘
1176,11:24:54,4.47,-0.01,99,44253,卖盘
1177,11:24:39,4.48,--,42,18816,买盘
1178,11:24:30,4.48,-0.01,145,64960,卖盘
1179,11:24:24,4.49,--,7,3143,买盘
1180,11:24:20,4.49,0.01,5,2245,买盘
1181,11:24:15,4.48,-0.01,53,23744,卖盘
1182,11:24:09,4.49,--,61,27389,买盘
1183,11:24:00,4.49,--,2,898,买盘
1184,11:23:54,4.49,--,8,3592,买盘
1185,11:23:45,4.49,--,69,30981,买盘
1186,11:23:39,4.49,--,47,21103,买盘
1187,11:23:24,4.49,--,33,14817,买盘
1188,11:23:20,4.49,--,69,30981,买盘
1189,11:23:15,4.49,--,19,8531,买盘
1190,11:23:09,4.49,0.01,108,48492,买盘
1191,11:23:00,4.48,-0.01,34,15232,卖盘
1192,11:22:54,4.49,--,11,4939,买盘
1193,11:22:45,4.49,--,5,2245,买盘
1194,11:22:39,4.49,--,29,13021,买盘
1195,11:22:30,4.49,--,1,449,买盘
1196,11:22:24,4.49,0.01,8,3592,买盘
1197,11:22:20,4.48,-0.01,10,4480,卖盘
1198,11:22:15,4.49,--,5,2245,买盘
1199,11:22:09,4.49,0.01,38,17062,买盘
1200,11:22:03,4.48,--,7,3136,卖盘
1201,11:22:00,4.48,-0.01,27,12096,卖盘
1202,11:21:54,4.49,--,8,3592,买盘
1203,11:21:48,4.49,--,2,898,买盘
1204,11:21:45,4.49,--,17,7633,买盘
1205,11:21:39,4.49,0.01,22,9878,买盘
1206,11:21:30,4.48,-0.01,1,448,卖盘
1207,11:21:24,4.49,--,18,8082,买盘
1208,11:21:18,4.49,0.01,5,2245,买盘
1209,11:21:15,4.48,-0.01,20,8960,卖盘
1210,11:21:09,4.49,0.01,67,30083,买盘
1211,11:21:00,4.48,--,1,448,卖盘
1212,11:20:54,4.48,--,10,4480,买盘
1213,11:20:48,4.48,--,1,448,买盘
1214,11:20:39,4.48,-0.01,41,18368,中性盘
1215,11:20:24,4.49,--,8,3592,买盘
1216,11:20:15,4.49,0.01,762,342138,买盘
1217,11:20:09,4.48,0.01,26,11648,买盘
1218,11:20:00,4.47,--,97,43680,买盘
1219,11:19:54,4.47,--,8,3576,买盘
1220,11:19:48,4.47,--,99,44253,买盘
1221,11:19:45,4.47,--,3,1341,买盘
1222,11:19:39,4.47,--,156,69732,买盘
1223,11:19:30,4.47,0.01,1,447,买盘
1224,11:19:24,4.46,--,9,4014,卖盘
1225,11:19:15,4.46,-0.01,58,25868,卖盘
1226,11:19:09,4.47,0.01,24,10728,买盘
1227,11:19:03,4.46,-0.01,3,1338,卖盘
1228,11:19:00,4.47,0.01,1,447,买盘
1229,11:18:54,4.46,--,70,31220,卖盘
1230,11:18:48,4.46,--,153,68238,买盘
1231,11:18:39,4.46,--,49,21854,买盘
1232,11:18:30,4.46,--,5,2230,买盘
1233,11:18:24,4.46,--,8,3568,买盘
1234,11:18:15,4.46,--,1,446,买盘
1235,11:18:09,4.46,--,33,14718,买盘
1236,11:17:54,4.46,--,103,45938,买盘
1237,11:17:44,4.46,--,6,2676,买盘
1238,11:17:39,4.46,--,40,17840,买盘
1239,11:17:33,4.46,--,27,12042,卖盘
1240,11:17:29,4.46,--,65,28990,卖盘
1241,11:17:24,4.46,--,57,25422,卖盘
1242,11:17:18,4.46,--,31,13826,卖盘
1243,11:17:14,4.46,-0.01,104,46384,卖盘
1244,11:17:09,4.47,--,82,36654,买盘
1245,11:17:03,4.47,0.01,13,5811,买盘
1246,11:16:59,4.46,--,2,892,卖盘
1247,11:16:54,4.46,--,92,41032,卖盘
1248,11:16:48,4.46,--,70,31220,卖盘
1249,11:16:39,4.46,-0.01,101,45046,卖盘
1250,11:16:33,4.47,0.01,8,3576,买盘
1251,11:16:29,4.46,-0.01,100,44600,卖盘
1252,11:16:24,4.47,0.01,8,3576,买盘
1253,11:16:18,4.46,-0.01,156,69576,卖盘
1254,11:16:09,4.47,--,535,239145,买盘
1255,11:16:03,4.47,--,37,16539,买盘
1256,11:15:59,4.47,-0.01,154,68963,卖盘
1257,11:15:54,4.48,0.01,9,4032,买盘
1258,11:15:48,4.47,-0.01,500,223500,卖盘
1259,11:15:39,4.48,0.01,35,15680,买盘
1260,11:15:33,4.47,--,113,50511,卖盘
1261,11:15:24,4.47,-0.01,28,12516,卖盘
1262,11:15:18,4.48,0.01,3,1344,买盘
1263,11:15:12,4.47,--,22,9834,卖盘
1264,11:15:09,4.47,--,57,25479,卖盘
1265,11:15:03,4.47,-0.01,29,12963,卖盘
1266,11:14:54,4.48,--,10,4480,买盘
1267,11:14:48,4.48,0.01,121,54208,买盘
1268,11:14:42,4.47,-0.01,7,3129,卖盘
1269,11:14:39,4.48,--,26,11648,买盘
1270,11:14:33,4.48,--,51,22848,买盘
1271,11:14:24,4.48,--,10,4480,买盘
1272,11:14:18,4.48,0.01,108,48384,买盘
1273,11:14:09,4.47,-0.01,30,13410,卖盘
1274,11:14:03,4.48,--,9,4032,买盘
1275,11:13:48,4.48,--,7,3136,买盘
1276,11:13:39,4.48,0.01,27,12096,买盘
1277,11:13:33,4.47,-0.01,81,36207,卖盘
1278,11:13:18,4.48,--,11,4928,买盘
1279,11:13:09,4.48,--,28,12544,买盘
1280,11:13:03,4.48,--,8,3584,买盘
1281,11:12:48,4.48,--,8,3584,买盘
1282,11:12:42,4.48,--,1,448,买盘
1283,11:12:39,4.48,--,32,14336,卖盘
1284,11:12:33,4.48,--,11,4928,卖盘
1285,11:12:27,4.48,--,3,1344,买盘
1286,11:12:24,4.48,--,17,7616,卖盘
1287,11:12:18,4.48,--,60,26880,买盘
1288,11:12:12,4.48,--,11,4928,买盘
1289,11:12:09,4.48,--,29,12992,买盘
1290,11:12:03,4.48,0.01,60,26880,买盘
1291,11:11:54,4.47,-0.01,100,44700,卖盘
1292,11:11:48,4.48,-0.01,8,3584,买盘
1293,11:11:42,4.49,--,0,0,买盘
1294,11:11:38,4.49,0.01,28,12572,买盘
1295,11:11:33,4.48,--,96,43008,卖盘
1296,11:11:27,4.48,--,72,32256,卖盘
1297,11:11:18,4.48,--,57,25536,卖盘
1298,11:11:09,4.48,--,78,34944,卖盘
1299,11:11:03,4.48,-0.01,9,4032,卖盘
1300,11:10:57,4.49,--,1,449,买盘
1301,11:10:53,4.49,--,366,164334,买盘
1302,11:10:48,4.49,--,7,3143,买盘
1303,11:10:38,4.49,--,26,11674,买盘
1304,11:10:33,4.49,0.01,7,3143,买盘
1305,11:10:23,4.48,--,7,3136,买盘
1306,11:10:18,4.48,--,8,3584,买盘
1307,11:10:12,4.48,-0.01,28,12544,卖盘
1308,11:10:08,4.49,--,0,0,买盘
1309,11:10:03,4.49,0.01,8,3592,买盘
1310,11:09:57,4.48,--,0,0,中性盘
1311,11:09:48,4.48,--,63,28224,卖盘
1312,11:09:42,4.48,--,50,22400,卖盘
1313,11:09:36,4.48,-0.01,10,4480,卖盘
1314,11:09:33,4.49,0.01,25,11225,买盘
1315,11:09:27,4.48,--,63,28224,卖盘
1316,11:09:22,4.48,-0.01,108,48384,卖盘
1317,11:09:18,4.49,0.01,144,64656,买盘
1318,11:09:12,4.48,--,100,44800,卖盘
1319,11:09:08,4.48,--,77,34496,卖盘
1320,11:09:03,4.48,--,17,7616,卖盘
1321,11:08:57,4.48,--,661,296128,卖盘
1322,11:08:51,4.48,-0.01,111,49728,卖盘
1323,11:08:48,4.49,--,39,17511,买盘
1324,11:08:42,4.49,--,1,449,买盘
1325,11:08:36,4.49,0.01,26,11674,买盘
1326,11:08:33,4.48,--,26,11648,卖盘
1327,11:08:27,4.48,-0.01,71,31808,卖盘
1328,11:08:18,4.49,0.01,14,6286,买盘
1329,11:08:12,4.48,-0.01,11,4928,卖盘
1330,11:08:06,4.49,--,27,12123,买盘
1331,11:08:03,4.49,0.01,8,3592,买盘
1332,11:07:57,4.48,-0.01,7,3136,卖盘
1333,11:07:48,4.49,--,48,21552,买盘
1334,11:07:36,4.49,--,26,11674,买盘
1335,11:07:33,4.49,--,7,3143,买盘
1336,11:07:27,4.49,--,1,449,买盘
1337,11:07:18,4.49,--,7,3143,买盘
1338,11:07:06,4.49,--,28,12572,买盘
1339,11:07:03,4.49,0.01,8,3592,买盘
1340,11:06:57,4.48,-0.01,7,3136,卖盘
1341,11:06:48,4.49,--,13,5837,买盘
1342,11:06:36,4.49,--,27,12123,买盘
1343,11:06:33,4.49,0.01,242,108658,买盘
1344,11:06:27,4.48,-0.01,21,9408,卖盘
1345,11:06:21,4.49,--,3,1347,买盘
1346,11:06:18,4.49,--,7,3143,买盘
1347,11:06:06,4.49,--,27,12123,买盘
1348,11:06:03,4.49,--,8,3592,买盘
1349,11:05:57,4.49,--,34,15266,买盘
1350,11:05:48,4.49,--,331,148619,买盘
1351,11:05:36,4.49,--,32,14368,买盘
1352,11:05:33,4.49,0.01,20,8980,买盘
1353,11:05:17,4.48,-0.01,19,8512,卖盘
1354,11:05:12,4.49,--,10,4490,买盘
1355,11:05:06,4.49,--,26,11674,买盘
1356,11:05:02,4.49,--,7,3143,买盘
1357,11:04:57,4.49,--,1,449,买盘
1358,11:04:47,4.49,--,7,3143,买盘
1359,11:04:42,4.49,--,162,72738,买盘
1360,11:04:36,4.49,--,28,12572,买盘
1361,11:04:32,4.49,0.01,28,12572,买盘
1362,11:04:27,4.48,-0.01,2,896,卖盘
1363,11:04:17,4.49,--,8,3592,买盘
1364,11:04:06,4.49,--,26,11674,买盘
1365,11:03:57,4.49,--,7,3143,买盘
1366,11:03:47,4.49,--,7,3143,买盘
1367,11:03:36,4.49,--,37,16613,买盘
1368,11:03:32,4.49,0.01,7,3143,买盘
1369,11:03:27,4.48,--,5,2240,卖盘
1370,11:03:21,4.48,-0.01,7,3136,卖盘
1371,11:03:17,4.49,0.01,8,3592,买盘
1372,11:03:12,4.48,-0.01,21,9408,卖盘
1373,11:03:06,4.49,0.01,50,22450,买盘
1374,11:03:02,4.48,-0.01,7,3136,卖盘
1375,11:02:57,4.49,0.01,32,14368,买盘
1376,11:02:47,4.48,-0.01,14,6272,卖盘
1377,11:02:36,4.49,--,26,11674,买盘
1378,11:02:27,4.49,--,8,3592,买盘
1379,11:02:21,4.49,--,4,1796,买盘
1380,11:02:17,4.49,0.01,8,3592,买盘
1381,11:02:06,4.48,-0.01,29,12992,卖盘
1382,11:01:57,4.49,--,8,3592,买盘
1383,11:01:46,4.49,--,15,6735,买盘
1384,11:01:42,4.49,--,8,3592,买盘
1385,11:01:36,4.49,--,36,16164,买盘
1386,11:01:27,4.49,--,7,3143,买盘
1387,11:01:21,4.49,--,1,449,买盘
1388,11:01:15,4.49,--,7,3143,买盘
1389,11:01:12,4.49,-0.01,9,4049,卖盘
1390,11:01:06,4.5,--,27,12150,买盘
1391,11:00:57,4.5,--,7,3150,买盘
1392,11:00:51,4.5,--,8,3600,买盘
1393,11:00:45,4.5,0.01,1,450,买盘
1394,11:00:36,4.49,0.01,32,14808,买盘
1395,11:00:30,4.48,-0.01,47,21056,卖盘
1396,11:00:27,4.49,--,8,3592,买盘
1397,11:00:12,4.49,--,8,3592,买盘
1398,11:00:06,4.49,--,97,43553,买盘
1399,11:00:00,4.49,--,1,449,买盘
1400,10:59:56,4.49,--,107,48043,买盘
1401,10:59:51,4.49,--,19,8531,买盘
1402,10:59:45,4.49,--,10,4490,买盘
1403,10:59:41,4.49,--,7,3143,买盘
1404,10:59:36,4.49,--,46,20654,买盘
1405,10:59:26,4.49,0.01,9,4041,买盘
1406,10:59:21,4.48,-0.01,27,12096,卖盘
1407,10:59:11,4.49,--,8,3592,买盘
1408,10:59:06,4.49,--,27,12123,买盘
1409,10:58:56,4.49,0.01,1015,455735,买盘
1410,10:58:51,4.48,-0.01,15,6720,卖盘
1411,10:58:41,4.49,--,23,10327,买盘
1412,10:58:36,4.49,0.01,46,20654,买盘
1413,10:58:30,4.48,-0.01,73,32704,卖盘
1414,10:58:26,4.49,0.01,30,13470,买盘
1415,10:58:15,4.48,-0.01,2,896,卖盘
1416,10:58:11,4.49,--,8,3592,买盘
1417,10:58:06,4.49,--,30,13470,买盘
1418,10:57:56,4.49,--,7,3143,买盘
1419,10:57:41,4.49,--,9,4041,买盘
1420,10:57:36,4.49,--,26,11674,买盘
1421,10:57:26,4.49,--,8,3592,买盘
1422,10:57:21,4.49,--,1,449,买盘
1423,10:57:11,4.49,--,8,3592,买盘
1424,10:57:06,4.49,--,29,13021,买盘
1425,10:56:56,4.49,--,7,3143,买盘
1426,10:56:41,4.49,--,9,4041,买盘
1427,10:56:36,4.49,0.02,27,12123,买盘
1428,10:56:30,4.47,--,42,18774,卖盘
1429,10:56:26,4.47,-0.01,15,6705,卖盘
1430,10:56:21,4.48,--,1,448,买盘
1431,10:56:15,4.48,--,4,1792,买盘
1432,10:56:11,4.48,-0.01,11,4928,卖盘
1433,10:56:06,4.49,--,189,84861,买盘
1434,10:55:56,4.49,--,7,3143,买盘
1435,10:55:51,4.49,--,8,3592,买盘
1436,10:55:45,4.49,--,5,2245,买盘
1437,10:55:41,4.49,--,8,3592,买盘
1438,10:55:36,4.49,--,28,12572,买盘
1439,10:55:26,4.49,--,8,3592,买盘
1440,10:55:21,4.49,--,60,26940,买盘
1441,10:55:15,4.49,0.01,8,3592,买盘
1442,10:55:11,4.48,--,64,28672,卖盘
1443,10:55:00,4.48,--,15,6720,买盘
1444,10:54:56,4.48,--,47,21056,买盘
1445,10:54:41,4.48,--,7,3136,买盘
1446,10:54:36,4.48,--,28,12544,买盘
1447,10:54:30,4.48,--,12,5376,买盘
1448,10:54:25,4.48,--,7,3136,买盘
1449,10:54:15,4.48,--,10,4480,买盘
1450,10:54:10,4.48,0.01,7,3136,买盘
1451,10:54:06,4.47,-0.01,32,14304,卖盘
1452,10:54:00,4.48,--,1,448,买盘
1453,10:53:54,4.48,--,8,3584,买盘
1454,10:53:39,4.48,--,8,3584,买盘
1455,10:53:36,4.48,0.01,28,12544,买盘
1456,10:53:30,4.47,--,26,11622,卖盘
1457,10:53:24,4.47,-0.01,9,4023,卖盘
1458,10:53:09,4.48,0.01,7,3136,买盘
1459,10:53:06,4.47,--,29,12963,卖盘
1460,10:52:54,4.47,-0.01,8,3576,卖盘
1461,10:52:51,4.48,0.01,64,28672,买盘
1462,10:52:45,4.47,-0.01,2,894,卖盘
1463,10:52:39,4.48,0.01,7,3136,买盘
1464,10:52:35,4.47,-0.01,27,12069,卖盘
1465,10:52:24,4.48,--,8,3584,买盘
1466,10:52:09,4.48,--,8,3584,买盘
1467,10:52:05,4.48,--,28,12544,买盘
1468,10:51:50,4.48,0.01,9,4032,买盘
1469,10:51:45,4.47,-0.01,1,447,卖盘
1470,10:51:39,4.48,--,7,3136,买盘
1471,10:51:35,4.48,0.01,34,15232,买盘
1472,10:51:30,4.47,-0.01,42,18774,卖盘
1473,10:51:24,4.48,--,9,4032,买盘
1474,10:51:09,4.48,0.01,8,3584,买盘
1475,10:51:05,4.47,-0.01,82,36654,卖盘
1476,10:50:50,4.48,0.01,15,6720,买盘
1477,10:50:45,4.47,-0.01,25,11175,卖盘
1478,10:50:39,4.48,--,23,10304,买盘
1479,10:50:35,4.48,--,129,57792,卖盘
1480,10:50:30,4.48,-0.01,2,896,卖盘
1481,10:50:20,4.49,--,18,8082,买盘
1482,10:50:15,4.49,--,0,0,买盘
1483,10:50:09,4.49,--,7,3143,买盘
1484,10:50:05,4.49,0.01,25,11225,买盘
1485,10:50:00,4.48,-0.01,2,896,卖盘
1486,10:49:50,4.49,--,7,3143,买盘
1487,10:49:39,4.49,--,7,3143,买盘
1488,10:49:35,4.49,--,8,3592,买盘
1489,10:49:30,4.49,0.02,20,8980,买盘
1490,10:49:24,4.47,-0.02,1,447,卖盘
1491,10:49:20,4.49,0.02,8,3592,买盘
1492,10:49:15,4.47,-0.02,42,18774,卖盘
1493,10:49:09,4.49,0.01,8,3592,买盘
1494,10:49:05,4.48,-0.01,31,13888,卖盘
1495,10:49:00,4.49,--,13,5837,买盘
1496,10:48:54,4.49,0.01,7,3143,买盘
1497,10:48:45,4.48,0.01,20,8960,卖盘
1498,10:48:39,4.47,-0.01,109,48723,卖盘
1499,10:48:35,4.48,--,794,355712,买盘
1500,10:48:30,4.48,--,81,36288,买盘
1501,10:48:24,4.48,--,8,3584,买盘
1502,10:48:15,4.48,--,101,45248,买盘
1503,10:48:09,4.48,-0.01,116,51968,卖盘
1504,10:48:00,4.49,--,27,12123,买盘
1505,10:47:54,4.49,--,7,3143,买盘
1506,10:47:50,4.49,--,30,13470,买盘
1507,10:47:45,4.49,--,501,224949,买盘
1508,10:47:39,4.49,--,1113,499737,买盘
1509,10:47:35,4.49,--,8,3592,买盘
1510,10:47:30,4.49,--,25,11225,买盘
1511,10:47:24,4.49,0.01,27,12123,买盘
1512,10:47:18,4.48,-0.01,10,4480,卖盘
1513,10:47:15,4.49,--,5,2245,买盘
1514,10:47:09,4.49,--,7,3143,买盘
1515,10:47:03,4.49,--,63,28287,买盘
1516,10:47:00,4.49,0.01,78,35022,买盘
1517,10:46:54,4.48,--,13,5824,卖盘
1518,10:46:48,4.48,-0.01,4,1792,卖盘
1519,10:46:39,4.49,0.01,9,4041,买盘
1520,10:46:33,4.48,-0.01,20,8960,卖盘
1521,10:46:29,4.49,0.01,28,12572,买盘
1522,10:46:24,4.48,-0.01,23,10304,卖盘
1523,10:46:18,4.49,0.02,500,224500,买盘
1524,10:46:09,4.47,--,52,23244,卖盘
1525,10:46:03,4.47,-0.02,224,100128,卖盘
1526,10:45:59,4.49,--,383,171967,买盘
1527,10:45:54,4.49,0.01,321,144129,买盘
1528,10:45:48,4.48,-0.01,6,2688,卖盘
1529,10:45:44,4.49,--,277,124373,买盘
1530,10:45:39,4.49,--,747,335403,买盘
1531,10:45:33,4.49,--,12,5388,买盘
1532,10:45:29,4.49,0.01,16,7184,买盘
1533,10:45:24,4.48,-0.01,42,18816,卖盘
1534,10:45:18,4.49,--,2,898,买盘
1535,10:45:09,4.49,0.01,30,13470,买盘
1536,10:44:59,4.48,-0.01,859,384832,卖盘
1537,10:44:48,4.49,0.01,8,3592,买盘
1538,10:44:39,4.48,-0.01,726,325248,卖盘
1539,10:44:29,4.49,0.01,386,173314,买盘
1540,10:44:18,4.48,--,320,143682,买盘
1541,10:44:14,4.48,--,3,1344,买盘
1542,10:44:09,4.48,-0.01,235,105405,卖盘
1543,10:44:03,4.49,--,18,8082,买盘
1544,10:43:59,4.49,--,10,4490,买盘
1545,10:43:48,4.49,--,7,3143,买盘
1546,10:43:44,4.49,--,110,49390,买盘
1547,10:43:39,4.49,--,78,35022,买盘
1548,10:43:33,4.49,--,2,898,买盘
1549,10:43:29,4.49,--,30,13470,买盘
1550,10:43:18,4.49,--,8,3592,买盘
1551,10:43:14,4.49,--,24,10776,买盘
1552,10:43:09,4.49,0.01,7,3143,买盘
1553,10:42:59,4.48,-0.01,32,14336,卖盘
1554,10:42:48,4.49,--,7,3143,买盘
1555,10:42:44,4.49,--,15,6735,买盘
1556,10:42:39,4.49,--,8,3592,买盘
1557,10:42:29,4.49,--,30,13470,买盘
1558,10:42:18,4.49,--,57,25593,买盘
1559,10:42:14,4.49,0.01,31,13919,买盘
1560,10:42:09,4.48,-0.01,129,57792,卖盘
1561,10:41:59,4.49,0.01,34,15266,买盘
1562,10:41:54,4.48,-0.01,30,13440,卖盘
1563,10:41:48,4.49,0.01,9,4041,买盘
1564,10:41:44,4.48,-0.01,110,49280,卖盘
1565,10:41:39,4.49,--,8,3592,买盘
1566,10:41:33,4.49,--,34,15266,买盘
1567,10:41:24,4.49,--,169,75881,买盘
1568,10:41:18,4.49,--,78,35022,买盘
1569,10:41:14,4.49,--,12,5388,买盘
1570,10:41:09,4.49,--,218,97882,买盘
1571,10:41:03,4.49,--,71,31879,买盘
1572,10:40:48,4.49,--,44,19756,买盘
1573,10:40:39,4.49,--,45,20205,买盘
1574,10:40:33,4.49,--,35,15715,买盘
1575,10:40:29,4.49,--,100,44900,买盘
1576,10:40:24,4.49,-0.01,496,222704,卖盘
1577,10:40:18,4.5,--,75,33750,买盘
1578,10:40:09,4.5,--,3,1350,买盘
1579,10:40:03,4.5,0.01,147,66150,买盘
1580,10:39:53,4.49,-0.01,108,48492,卖盘
1581,10:39:48,4.5,0.01,7,3150,买盘
1582,10:39:39,4.49,--,208,93392,买盘
1583,10:39:33,4.49,0.01,36,16164,买盘
1584,10:39:23,4.48,-0.01,54,24192,卖盘
1585,10:39:18,4.49,--,18,8082,买盘
1586,10:39:11,4.49,--,1000,449000,买盘
1587,10:39:08,4.49,--,167,74983,买盘
1588,10:39:03,4.49,--,53,23797,买盘
1589,10:38:48,4.49,0.01,1,449,买盘
1590,10:38:42,4.48,0.01,1766,791490,买盘
1591,10:38:38,4.47,-0.01,1,447,卖盘
1592,10:38:33,4.48,0.01,263,117824,买盘
1593,10:38:23,4.47,-0.01,7,3129,卖盘
1594,10:38:18,4.48,0.01,8,3584,买盘
1595,10:38:03,4.47,--,708,316476,买盘
1596,10:37:53,4.47,--,100,44700,买盘
1597,10:37:48,4.47,--,57,25479,买盘
1598,10:37:41,4.47,0.01,1208,539976,买盘
1599,10:37:33,4.46,--,419,186874,买盘
1600,10:37:27,4.46,--,4,1784,买盘
1601,10:37:23,4.46,--,43,19178,买盘
1602,10:37:18,4.46,0.01,8,3568,买盘
1603,10:37:08,4.45,-0.01,100,44500,卖盘
1604,10:37:02,4.46,--,165,73590,买盘
1605,10:36:57,4.46,--,8,3568,买盘
1606,10:36:48,4.46,--,111,49506,买盘
1607,10:36:42,4.46,--,100,44600,买盘
1608,10:36:33,4.46,--,22,9812,买盘
1609,10:36:27,4.46,0.01,14,6244,买盘
1610,10:36:23,4.45,-0.01,1,445,卖盘
1611,10:36:18,4.46,--,7,3122,买盘
1612,10:36:03,4.46,--,109,48614,买盘
1613,10:35:56,4.46,0.01,2,892,买盘
1614,10:35:53,4.45,-0.01,65,28925,卖盘
1615,10:35:48,4.46,--,8,3568,买盘
1616,10:35:42,4.46,-0.01,1475,657850,卖盘
1617,10:35:33,4.47,--,34,15198,买盘
1618,10:35:23,4.47,0.01,5,2235,买盘
1619,10:35:18,4.46,-0.01,10,4460,卖盘
1620,10:35:11,4.47,0.01,1,447,买盘
1621,10:35:08,4.46,-0.01,1,446,卖盘
1622,10:35:02,4.47,--,19,8493,买盘
1623,10:34:57,4.47,--,53,23691,买盘
1624,10:34:47,4.47,--,7,3129,买盘
1625,10:34:41,4.47,--,10,4470,买盘
1626,10:34:32,4.47,--,79,35313,买盘
1627,10:34:27,4.47,0.01,16,7152,买盘
1628,10:34:17,4.46,--,220,98120,卖盘
1629,10:34:11,4.46,--,52,23192,卖盘
1630,10:34:08,4.46,-0.01,1,446,卖盘
1631,10:34:02,4.47,--,30,13410,买盘
1632,10:33:56,4.47,--,6,2682,买盘
1633,10:33:52,4.47,--,25,11175,买盘
1634,10:33:47,4.47,--,7,3129,买盘
1635,10:33:38,4.47,0.01,223,99681,买盘
1636,10:33:32,4.46,-0.01,54,24084,卖盘
1637,10:33:26,4.47,0.01,16,7152,买盘
1638,10:33:22,4.46,-0.01,22,9812,卖盘
1639,10:33:17,4.47,0.01,8,3576,买盘
1640,10:33:11,4.46,-0.01,3,1338,卖盘
1641,10:33:07,4.47,--,13,5811,买盘
1642,10:33:02,4.47,--,21,9387,买盘
1643,10:32:56,4.47,0.01,129,57663,买盘
1644,10:32:50,4.46,--,6,2676,卖盘
1645,10:32:47,4.46,--,317,141382,卖盘
1646,10:32:32,4.46,-0.01,78,34788,卖盘
1647,10:32:26,4.47,--,28,12516,买盘
1648,10:32:17,4.47,--,8,3576,买盘
1649,10:32:02,4.47,--,28,12516,买盘
1650,10:31:56,4.47,0.01,71,31737,买盘
1651,10:31:47,4.46,-0.01,2,892,卖盘
1652,10:31:41,4.47,0.01,7,3129,买盘
1653,10:31:35,4.46,--,31,13826,卖盘
1654,10:31:32,4.46,-0.01,28,12488,卖盘
1655,10:31:26,4.47,0.01,312,139464,买盘
1656,10:31:17,4.46,-0.01,6,2676,卖盘
1657,10:31:11,4.47,--,8,3576,买盘
1658,10:31:02,4.47,--,23,10281,买盘
1659,10:30:56,4.47,0.01,59,26373,买盘
1660,10:30:47,4.46,-0.01,8,3568,卖盘
1661,10:30:41,4.47,0.01,27,12069,买盘
1662,10:30:32,4.46,-0.01,22,9812,卖盘
1663,10:30:26,4.47,0.01,29,12963,买盘
1664,10:30:20,4.46,--,8,3568,卖盘
1665,10:30:17,4.46,--,18,8028,卖盘
1666,10:30:11,4.46,--,185,82510,卖盘
1667,10:30:05,4.46,-0.01,12,5352,卖盘
1668,10:30:02,4.47,--,24,10728,买盘
1669,10:29:56,4.47,0.01,18,8046,买盘
1670,10:29:50,4.46,-0.01,1,446,卖盘
1671,10:29:41,4.47,--,8,3576,买盘
1672,10:29:32,4.47,--,22,9834,买盘
1673,10:29:26,4.47,--,28,12516,买盘
1674,10:29:17,4.47,--,32,14304,买盘
1675,10:29:11,4.47,--,200,89400,买盘
1676,10:29:02,4.47,--,15,6705,买盘
1677,10:28:56,4.47,0.01,22,9834,买盘
1678,10:28:50,4.46,-0.01,73,32558,卖盘
1679,10:28:47,4.47,--,210,93870,买盘
1680,10:28:41,4.47,--,125,55875,买盘
1681,10:28:32,4.47,--,7,3129,买盘
1682,10:28:26,4.47,0.01,36,16092,买盘
1683,10:28:17,4.46,-0.01,70,31220,卖盘
1684,10:28:11,4.47,0.01,8,3576,买盘
1685,10:28:05,4.46,--,30,13380,卖盘
1686,10:27:56,4.46,--,6,2676,卖盘
1687,10:27:50,4.46,--,99,44154,买盘
1688,10:27:41,4.46,--,27,12042,买盘
1689,10:27:26,4.46,-0.01,34,15164,买盘
1690,10:27:20,4.47,--,0,0,买盘
1691,10:27:11,4.47,--,35,15645,买盘
1692,10:26:56,4.47,--,37,16539,买盘
1693,10:26:50,4.47,--,1,447,买盘
1694,10:26:41,4.47,--,7,3129,买盘
1695,10:26:31,4.47,--,28,12516,买盘
1696,10:26:26,4.47,--,26,11622,买盘
1697,10:26:11,4.47,0.01,14,6258,买盘
1698,10:25:56,4.46,--,29,12934,买盘
1699,10:25:41,4.46,--,8,3568,买盘
1700,10:25:35,4.46,0.01,30,13380,买盘
1701,10:25:26,4.45,--,1,445,买盘
1702,10:25:20,4.45,--,30,13350,买盘
1703,10:25:11,4.45,--,48,21360,买盘
1704,10:25:05,4.45,-0.01,245,109025,卖盘
1705,10:24:56,4.46,-0.01,335,149410,中性盘
1706,10:24:50,4.47,0.02,730,326310,买盘
1707,10:24:41,4.45,0.01,218,97010,买盘
1708,10:24:29,4.44,-0.01,238,105672,卖盘
1709,10:24:26,4.45,--,184,81880,买盘
1710,10:24:20,4.45,--,69,30705,买盘
1711,10:24:14,4.45,--,25,11125,买盘
1712,10:24:11,4.45,0.01,100,44500,买盘
1713,10:24:05,4.44,-0.01,1107,491508,卖盘
1714,10:23:59,4.45,--,121,53845,买盘
1715,10:23:56,4.45,--,34,15130,买盘
1716,10:23:50,4.45,--,223,99235,买盘
1717,10:23:41,4.45,--,35,15575,买盘
1718,10:23:26,4.45,--,37,16465,买盘
1719,10:23:20,4.45,--,112,49840,买盘
1720,10:23:11,4.45,--,187,83215,买盘
1721,10:23:05,4.45,--,35,15575,买盘
1722,10:22:56,4.45,0.01,735,327075,买盘
1723,10:22:50,4.44,-0.01,23,10212,卖盘
1724,10:22:41,4.45,--,8,3560,买盘
1725,10:22:29,4.45,--,100,44500,买盘
1726,10:22:26,4.45,0.01,49,21805,买盘
1727,10:22:20,4.44,-0.01,11,4884,卖盘
1728,10:22:11,4.45,0.01,7,3115,买盘
1729,10:21:59,4.44,--,50,22200,卖盘
1730,10:21:56,4.44,--,86,38184,买盘
1731,10:21:50,4.44,--,30,13320,买盘
1732,10:21:44,4.44,--,10,4440,买盘
1733,10:21:41,4.44,--,77,34188,买盘
1734,10:21:35,4.44,--,5,2220,买盘
1735,10:21:25,4.44,--,35,15540,买盘
1736,10:21:20,4.44,--,164,72816,卖盘
1737,10:21:11,4.44,--,18,7992,卖盘
1738,10:21:05,4.44,-0.01,48,21312,卖盘
1739,10:20:59,4.45,--,156,69420,买盘
1740,10:20:55,4.45,0.01,16,7120,买盘
1741,10:20:50,4.44,--,617,273948,卖盘
1742,10:20:44,4.44,--,111,49284,卖盘
1743,10:20:40,4.44,--,21,9324,卖盘
1744,10:20:35,4.44,-0.01,4,1776,卖盘
1745,10:20:29,4.45,--,73,32485,买盘
1746,10:20:25,4.45,0.01,10,4450,买盘
1747,10:20:20,4.44,-0.01,20,8880,卖盘
1748,10:20:14,4.45,--,224,99680,买盘
1749,10:20:10,4.45,--,8,3560,买盘
1750,10:20:05,4.45,--,10,4450,买盘
1751,10:19:59,4.45,--,16,7120,买盘
1752,10:19:55,4.45,0.01,20,8900,买盘
1753,10:19:50,4.44,-0.01,21,9324,卖盘
1754,10:19:40,4.45,--,7,3115,买盘
1755,10:19:29,4.45,--,326,145070,买盘
1756,10:19:23,4.45,--,10,4450,买盘
1757,10:19:20,4.45,--,172,76540,卖盘
1758,10:19:14,4.45,-0.01,163,72535,卖盘
1759,10:19:08,4.46,0.01,7,3122,买盘
1760,10:19:05,4.45,--,54,24030,卖盘
1761,10:18:59,4.45,-0.01,41,18245,卖盘
1762,10:18:53,4.46,0.01,73,32558,买盘
1763,10:18:50,4.45,--,70,31150,卖盘
1764,10:18:44,4.45,-0.01,10,4450,卖盘
1765,10:18:38,4.46,--,62,27652,买盘
1766,10:18:35,4.46,0.01,147,65562,买盘
1767,10:18:29,4.45,-0.01,36,16020,卖盘
1768,10:18:23,4.46,0.01,26,11596,买盘
1769,10:18:20,4.45,--,158,70310,卖盘
1770,10:18:14,4.45,-0.01,403,179335,卖盘
1771,10:18:05,4.46,--,7,3122,买盘
1772,10:17:59,4.46,--,62,27652,买盘
1773,10:17:53,4.46,--,34,15164,买盘
1774,10:17:50,4.46,--,883,393818,卖盘
1775,10:17:44,4.46,-0.01,41,18286,卖盘
1776,10:17:35,4.47,0.01,28,12516,买盘
1777,10:17:29,4.46,--,18,8028,卖盘
1778,10:17:20,4.46,0.01,257,114622,买盘
1779,10:17:14,4.45,-0.01,10,4450,卖盘
1780,10:17:05,4.46,0.01,8,3568,买盘
1781,10:16:59,4.45,--,52,23140,卖盘
1782,10:16:53,4.45,--,45,20025,卖盘
1783,10:16:50,4.45,-0.01,14,6230,卖盘
1784,10:16:44,4.46,0.01,264,117744,买盘
1785,10:16:38,4.45,-0.01,74,32930,卖盘
1786,10:16:35,4.46,--,7,3122,买盘
1787,10:16:23,4.46,0.01,34,15164,买盘
1788,10:16:20,4.45,--,94,41830,卖盘
1789,10:16:14,4.45,-0.01,147,65415,卖盘
1790,10:16:05,4.46,--,59,26314,买盘
1791,10:15:59,4.46,--,30,13380,买盘
1792,10:15:53,4.46,--,2535,1130610,卖盘
1793,10:15:50,4.46,--,38,16948,卖盘
1794,10:15:44,4.46,--,11,4906,卖盘
1795,10:15:35,4.46,--,182,81172,卖盘
1796,10:15:29,4.46,-0.01,4,1784,卖盘
1797,10:15:23,4.47,--,35,15645,买盘
1798,10:15:19,4.47,0.01,63,28161,买盘
1799,10:15:14,4.46,--,3,1338,卖盘
1800,10:15:08,4.46,-0.01,7,3122,卖盘
1801,10:15:05,4.47,0.01,8,3576,买盘
1802,10:14:59,4.46,-0.01,7,3122,卖盘
1803,10:14:53,4.47,--,35,15645,买盘
1804,10:14:34,4.47,0.01,14,6258,买盘
1805,10:14:29,4.46,-0.01,24,10704,卖盘
1806,10:14:23,4.47,--,29,12963,买盘
1807,10:14:14,4.47,--,1071,478737,卖盘
1808,10:14:04,4.47,--,10,4470,卖盘
1809,10:13:59,4.47,--,49,21903,买盘
1810,10:13:53,4.47,--,42,18774,卖盘
1811,10:13:49,4.47,--,2,894,买盘
1812,10:13:44,4.47,-0.01,98,43806,卖盘
1813,10:13:38,4.48,0.01,27,12096,买盘
1814,10:13:29,4.47,-0.01,2,894,卖盘
1815,10:13:23,4.48,0.01,34,15232,买盘
1816,10:13:14,4.47,--,100,44700,卖盘
1817,10:13:08,4.47,-0.01,118,52746,卖盘
1818,10:12:59,4.48,--,19,8512,买盘
1819,10:12:53,4.48,--,36,16128,买盘
1820,10:12:49,4.48,--,16,7168,买盘
1821,10:12:38,4.48,--,1,448,买盘
1822,10:12:34,4.48,0.01,7,3136,买盘
1823,10:12:29,4.47,-0.01,5,2235,卖盘
1824,10:12:23,4.48,0.01,34,15232,买盘
1825,10:12:14,4.47,-0.01,76,33972,卖盘
1826,10:12:02,4.48,--,8,3584,买盘
1827,10:11:53,4.48,0.01,7,3136,买盘
1828,10:11:47,4.47,--,46,20562,买盘
1829,10:11:44,4.47,--,14,6258,卖盘
1830,10:11:38,4.47,-0.01,24,10728,卖盘
1831,10:11:32,4.48,0.01,22,9856,买盘
1832,10:11:29,4.47,-0.01,300,134100,卖盘
1833,10:11:23,4.48,0.01,34,15232,买盘
1834,10:11:14,4.47,--,205,91635,卖盘
1835,10:11:08,4.47,-0.01,73,32631,卖盘
1836,10:11:02,4.48,--,137,61376,买盘
1837,10:10:59,4.48,0.01,20,8960,买盘
1838,10:10:53,4.47,-0.01,69,30843,卖盘
1839,10:10:44,4.48,0.01,10,4480,买盘
1840,10:10:38,4.47,--,50,22350,卖盘
1841,10:10:32,4.47,--,36,16092,卖盘
1842,10:10:23,4.47,--,50,22350,卖盘
1843,10:10:13,4.47,-0.01,32,14304,卖盘
1844,10:10:02,4.48,0.01,7,3136,买盘
1845,10:09:58,4.47,--,200,89400,卖盘
1846,10:09:53,4.47,--,72,32184,卖盘
1847,10:09:38,4.47,--,754,337038,买盘
1848,10:09:32,4.47,--,7,3129,买盘
1849,10:09:23,4.47,--,35,15645,买盘
1850,10:09:13,4.47,--,402,179694,买盘
1851,10:09:02,4.47,--,8,3576,买盘
1852,10:08:58,4.47,--,120,53640,买盘
1853,10:08:53,4.47,0.01,36,16092,买盘
1854,10:08:38,4.46,-0.01,79,35234,卖盘
1855,10:08:32,4.47,--,7,3129,买盘
1856,10:08:23,4.47,--,36,16092,买盘
1857,10:08:02,4.47,0.01,7,3129,买盘
1858,10:07:53,4.46,-0.01,35,15610,卖盘
1859,10:07:38,4.47,0.01,9,4023,买盘
1860,10:07:32,4.46,--,17,7582,卖盘
1861,10:07:28,4.46,-0.01,7,3122,卖盘
1862,10:07:23,4.47,0.01,44,19668,买盘
1863,10:07:13,4.46,--,0,0,卖盘
1864,10:07:08,4.46,--,20,8920,卖盘
1865,10:07:02,4.46,-0.02,43,19178,卖盘
1866,10:06:53,4.48,0.02,49,21952,买盘
1867,10:06:47,4.46,-0.02,20,8920,卖盘
1868,10:06:43,4.48,0.02,22,9856,买盘
1869,10:06:38,4.46,-0.01,37,16502,卖盘
1870,10:06:32,4.47,-0.01,34,15198,卖盘
1871,10:06:23,4.48,--,243,108864,买盘
1872,10:06:17,4.48,0.01,113,50624,买盘
1873,10:06:08,4.47,--,31,13857,卖盘
1874,10:06:02,4.47,-0.01,15,6705,卖盘
1875,10:05:58,4.48,--,42,18816,买盘
1876,10:05:53,4.48,--,77,34496,买盘
1877,10:05:47,4.48,--,54,24192,买盘
1878,10:05:38,4.48,--,70,31360,买盘
1879,10:05:32,4.48,--,38,17024,买盘
1880,10:05:28,4.48,--,30,13440,买盘
1881,10:05:23,4.48,--,25,11200,买盘
1882,10:05:17,4.48,--,7,3136,买盘
1883,10:05:08,4.48,--,0,0,买盘
1884,10:05:02,4.48,--,67,30016,买盘
1885,10:04:53,4.48,--,153,68544,买盘
1886,10:04:47,4.48,0.01,7,3136,买盘
1887,10:04:38,4.47,--,40,17880,卖盘
1888,10:04:32,4.47,--,73,32631,买盘
1889,10:04:23,4.47,--,26,11622,买盘
1890,10:04:17,4.47,--,30,13410,买盘
1891,10:04:02,4.47,--,8,3576,买盘
1892,10:03:53,4.47,--,26,11622,买盘
1893,10:03:47,4.47,0.01,7,3129,买盘
1894,10:03:38,4.46,-0.01,23,10258,卖盘
1895,10:03:32,4.47,--,7,3129,买盘
1896,10:03:26,4.47,--,13,5811,买盘
1897,10:03:23,4.47,--,28,12516,买盘
1898,10:03:17,4.47,--,7,3129,买盘
1899,10:03:11,4.47,0.01,4,1788,买盘
1900,10:03:07,4.46,--,33,14718,卖盘
1901,10:03:02,4.46,-0.01,24,10704,卖盘
1902,10:02:52,4.47,--,27,12069,买盘
1903,10:02:47,4.47,0.01,52,23244,买盘
1904,10:02:41,4.46,-0.01,14,6244,卖盘
1905,10:02:32,4.47,0.01,7,3129,买盘
1906,10:02:22,4.46,-0.01,33,14718,卖盘
1907,10:02:17,4.47,0.01,68,30396,买盘
1908,10:02:02,4.46,--,15,6690,卖盘
1909,10:01:52,4.46,--,47,20962,卖盘
1910,10:01:47,4.46,--,17,7582,卖盘
1911,10:01:37,4.46,-0.01,8,3568,卖盘
1912,10:01:32,4.47,--,7,3129,买盘
1913,10:01:26,4.47,0.01,13,5811,买盘
1914,10:01:22,4.46,-0.01,31,13826,卖盘
1915,10:01:17,4.47,--,44,19668,买盘
1916,10:01:02,4.47,0.01,7,3129,买盘
1917,10:00:52,4.46,--,34,15164,卖盘
1918,10:00:47,4.46,-0.01,46,20516,卖盘
1919,10:00:41,4.47,0.01,18,8046,买盘
1920,10:00:37,4.46,-0.01,85,37910,卖盘
1921,10:00:32,4.47,--,34,15198,买盘
1922,10:00:22,4.47,--,28,12516,买盘
1923,10:00:17,4.47,0.01,16,7152,买盘
1924,10:00:11,4.46,--,6,2676,买盘
1925,10:00:07,4.46,0.01,394,175724,买盘
1926,10:00:02,4.45,-0.01,85,37825,卖盘
1927,09:59:52,4.46,--,27,12042,买盘
1928,09:59:47,4.46,--,18,8028,买盘
1929,09:59:41,4.46,0.01,40,17840,买盘
1930,09:59:37,4.45,--,25,11125,卖盘
1931,09:59:32,4.45,-0.01,63,28035,卖盘
1932,09:59:26,4.46,--,7,3122,买盘
1933,09:59:22,4.46,--,27,12042,买盘
1934,09:59:17,4.46,0.01,7,3122,买盘
1935,09:59:02,4.45,-0.01,1,445,卖盘
1936,09:58:56,4.46,--,18,8028,买盘
1937,09:58:52,4.46,0.01,27,12042,买盘
1938,09:58:47,4.45,-0.01,98,43610,卖盘
1939,09:58:32,4.46,--,20,8920,买盘
1940,09:58:26,4.46,--,7,3122,买盘
1941,09:58:20,4.46,0.01,76,33896,买盘
1942,09:58:17,4.45,-0.01,26,11570,卖盘
1943,09:58:11,4.46,0.01,10,4460,买盘
1944,09:58:02,4.45,-0.01,3,1335,卖盘
1945,09:57:56,4.46,--,8,3568,买盘
1946,09:57:50,4.46,--,28,12488,买盘
1947,09:57:47,4.46,0.01,7,3122,买盘
1948,09:57:41,4.45,--,1,445,卖盘
1949,09:57:31,4.45,-0.01,10,4450,卖盘
1950,09:57:26,4.46,--,7,3122,买盘
1951,09:57:20,4.46,--,27,12042,买盘
1952,09:57:16,4.46,0.01,8,3568,买盘
1953,09:57:05,4.45,--,1,445,卖盘
1954,09:57:01,4.45,-0.01,8,3560,卖盘
1955,09:56:56,4.46,--,9,4014,买盘
1956,09:56:50,4.46,--,27,12042,买盘
1957,09:56:46,4.46,0.01,8,3568,买盘
1958,09:56:26,4.45,-0.01,67,29815,卖盘
1959,09:56:20,4.46,0.01,26,11596,买盘
1960,09:56:16,4.45,--,42,18690,卖盘
1961,09:56:11,4.45,0.01,796,354220,买盘
1962,09:56:01,4.44,--,39,17316,卖盘
1963,09:55:56,4.44,-0.01,12,5328,卖盘
1964,09:55:50,4.45,0.01,71,31595,买盘
1965,09:55:46,4.44,--,10,4440,卖盘
1966,09:55:31,4.44,--,30,13320,卖盘
1967,09:55:26,4.44,-0.01,146,64824,卖盘
1968,09:55:20,4.45,0.01,39,17355,买盘
1969,09:55:16,4.44,--,21,9324,卖盘
1970,09:55:11,4.44,--,27,11988,卖盘
1971,09:55:05,4.44,-0.01,109,48396,卖盘
1972,09:55:01,4.45,0.01,21,9345,买盘
1973,09:54:50,4.44,-0.01,142,63048,卖盘
1974,09:54:46,4.45,--,129,57405,买盘
1975,09:54:41,4.45,--,7,3115,买盘
1976,09:54:31,4.45,0.01,20,8900,买盘
1977,09:54:20,4.44,-0.01,1230,546120,卖盘
1978,09:54:16,4.45,0.01,747,332415,买盘
1979,09:54:11,4.44,-0.01,62,27528,卖盘
1980,09:54:01,4.45,--,1,445,买盘
1981,09:53:56,4.45,--,130,57850,买盘
1982,09:53:50,4.45,0.01,27,12015,买盘
1983,09:53:46,4.44,--,851,377844,卖盘
1984,09:53:41,4.44,--,99,43956,卖盘
1985,09:53:35,4.44,--,396,175824,卖盘
1986,09:53:31,4.44,--,200,88800,卖盘
1987,09:53:26,4.44,-0.01,17,7548,卖盘
1988,09:53:20,4.45,0.01,27,12015,买盘
1989,09:53:11,4.44,--,31,13764,卖盘
1990,09:53:05,4.44,-0.01,28,12432,卖盘
1991,09:53:01,4.45,0.01,195,86775,买盘
1992,09:52:56,4.44,-0.01,4,1776,卖盘
1993,09:52:50,4.45,--,67,29815,买盘
1994,09:52:46,4.45,0.01,3,1335,买盘
1995,09:52:41,4.44,-0.01,10,4440,卖盘
1996,09:52:35,4.45,0.01,40,17800,买盘
1997,09:52:31,4.44,--,198,88005,卖盘
1998,09:52:26,4.44,-0.01,241,107004,卖盘
1999,09:52:20,4.45,0.01,27,12015,买盘
2000,09:52:16,4.44,--,2,888,卖盘
2001,09:52:11,4.44,--,171,75924,卖盘
2002,09:52:05,4.44,-0.01,14,6216,卖盘
2003,09:52:01,4.45,0.01,10,4450,买盘
2004,09:51:56,4.44,-0.01,440,195360,卖盘
2005,09:51:50,4.45,--,672,299040,买盘
2006,09:51:45,4.45,--,310,137950,卖盘
2007,09:51:41,4.45,-0.01,290,129050,卖盘
2008,09:51:35,4.46,0.01,372,165912,买盘
2009,09:51:26,4.45,-0.01,116,51620,卖盘
2010,09:51:20,4.46,0.01,31,13826,买盘
2011,09:51:14,4.45,--,2,890,卖盘
2012,09:51:11,4.45,-0.01,31,13795,卖盘
2013,09:50:59,4.46,0.01,38,16948,买盘
2014,09:50:56,4.45,--,56,24920,卖盘
2015,09:50:50,4.45,--,1270,565150,卖盘
2016,09:50:40,4.45,--,40,17800,卖盘
2017,09:50:35,4.45,--,113,50285,卖盘
2018,09:50:29,4.45,--,80,35600,卖盘
2019,09:50:25,4.45,--,434,193130,卖盘
2020,09:50:20,4.45,--,14,6230,卖盘
2021,09:50:10,4.45,--,12,5340,卖盘
2022,09:50:05,4.45,--,57,25365,卖盘
2023,09:49:59,4.45,--,160,71200,卖盘
2024,09:49:55,4.45,--,15,6675,卖盘
2025,09:49:50,4.45,--,14,6230,卖盘
2026,09:49:44,4.45,-0.01,62,27590,卖盘
2027,09:49:40,4.46,--,8,3568,卖盘
2028,09:49:29,4.46,--,23,10258,卖盘
2029,09:49:25,4.46,0.01,436,194456,卖盘
2030,09:49:20,4.45,-0.01,127,56515,卖盘
2031,09:49:14,4.46,--,20,8920,卖盘
2032,09:49:10,4.46,--,4,1784,买盘
2033,09:49:05,4.46,--,187,83402,买盘
2034,09:48:59,4.46,--,55,24530,买盘
2035,09:48:55,4.46,--,106,47276,买盘
2036,09:48:50,4.46,--,236,105256,买盘
2037,09:48:44,4.46,0.01,9,4014,买盘
2038,09:48:35,4.45,--,247,109915,卖盘
2039,09:48:29,4.45,--,411,182895,卖盘
2040,09:48:25,4.45,0.01,17,7565,买盘
2041,09:48:20,4.44,-0.01,26,11544,卖盘
2042,09:48:14,4.45,--,7,3115,买盘
2043,09:48:05,4.45,--,21,9345,买盘
2044,09:47:59,4.45,0.01,100,44500,买盘
2045,09:47:55,4.44,--,278,123432,卖盘
2046,09:47:50,4.44,-0.01,133,59052,卖盘
2047,09:47:40,4.45,--,10,4450,买盘
2048,09:47:35,4.45,--,1119,497955,卖盘
2049,09:47:29,4.45,-0.01,300,133500,卖盘
2050,09:47:25,4.46,--,91,40586,买盘
2051,09:47:14,4.46,--,6,2676,买盘
2052,09:46:59,4.46,--,50,22300,买盘
2053,09:46:55,4.46,-0.02,64,28807,卖盘
2054,09:46:50,4.48,0.01,316,141568,买盘
2055,09:46:44,4.47,0.01,1047,468192,买盘
2056,09:46:40,4.46,--,52,23192,卖盘
2057,09:46:35,4.46,--,100,44600,卖盘
2058,09:46:29,4.46,--,1000,446000,卖盘
2059,09:46:25,4.46,-0.01,50,22300,卖盘
2060,09:46:20,4.47,0.01,100,44700,买盘
2061,09:46:04,4.46,--,32,14272,卖盘
2062,09:45:59,4.46,--,22,9812,卖盘
2063,09:45:50,4.46,--,40,17840,卖盘
2064,09:45:44,4.46,--,101,45046,卖盘
2065,09:45:40,4.46,--,9,4014,卖盘
2066,09:45:35,4.46,-0.01,7,3122,卖盘
2067,09:45:25,4.47,0.01,12,5364,买盘
2068,09:45:20,4.46,-0.01,1010,450460,卖盘
2069,09:45:10,4.47,--,67,29949,买盘
2070,09:45:05,4.47,--,2,894,买盘
2071,09:44:59,4.47,--,111,49880,卖盘
2072,09:44:50,4.47,--,100,44700,卖盘
2073,09:44:40,4.47,--,20,8940,卖盘
2074,09:44:34,4.47,--,10,4470,卖盘
2075,09:44:29,4.47,-0.01,21,9387,卖盘
2076,09:44:23,4.48,0.01,16,7168,买盘
2077,09:44:14,4.47,--,14,6258,卖盘
2078,09:44:08,4.47,--,1,447,卖盘
2079,09:44:04,4.47,--,7,3129,卖盘
2080,09:43:59,4.47,--,34,15198,卖盘
2081,09:43:49,4.47,--,286,128025,买盘
2082,09:43:38,4.47,--,430,192473,卖盘
2083,09:43:34,4.47,0.01,573,256314,买盘
2084,09:43:23,4.46,--,15,6690,卖盘
2085,09:43:19,4.46,--,12,5352,卖盘
2086,09:43:14,4.46,--,14,6244,卖盘
2087,09:43:08,4.46,--,40,17840,卖盘
2088,09:42:59,4.46,-0.01,60,26760,卖盘
2089,09:42:53,4.47,--,5,2235,买盘
2090,09:42:44,4.47,--,104,46488,买盘
2091,09:42:34,4.47,0.01,67,29949,买盘
2092,09:42:29,4.46,-0.01,78,34788,卖盘
2093,09:42:23,4.47,--,50,22613,卖盘
2094,09:42:19,4.47,--,289,129366,买盘
2095,09:42:04,4.47,--,202,90294,买盘
2096,09:41:58,4.47,--,80,35760,买盘
2097,09:41:53,4.47,--,11,4917,买盘
2098,09:41:49,4.47,-0.01,262,117377,卖盘
2099,09:41:43,4.48,0.01,2,896,买盘
2100,09:41:38,4.47,--,347,155109,卖盘
2101,09:41:34,4.47,--,3,1341,卖盘
2102,09:41:28,4.47,--,50,22350,卖盘
2103,09:41:19,4.47,--,1384,618648,卖盘
2104,09:41:13,4.47,-0.01,3,1341,卖盘
2105,09:41:08,4.48,--,10,4480,买盘
2106,09:40:58,4.48,--,3,1344,买盘
2107,09:40:53,4.48,--,5,2240,买盘
2108,09:40:49,4.48,--,2,896,买盘
2109,09:40:38,4.48,--,60,26880,买盘
2110,09:40:34,4.48,--,4,1792,买盘
2111,09:40:28,4.48,--,26,11648,买盘
2112,09:40:23,4.48,--,14,6272,买盘
2113,09:40:19,4.48,0.01,179,80192,买盘
2114,09:40:08,4.47,--,5,2235,卖盘
2115,09:40:04,4.47,-0.01,67,29949,卖盘
2116,09:39:58,4.48,--,23,10304,买盘
2117,09:39:49,4.48,0.01,118,52864,买盘
2118,09:39:43,4.47,--,182,81354,卖盘
2119,09:39:38,4.47,--,4,1788,卖盘
2120,09:39:34,4.47,-0.01,143,63921,卖盘
2121,09:39:28,4.48,0.01,12,5376,买盘
2122,09:39:19,4.47,-0.01,48,21456,卖盘
2123,09:39:13,4.48,0.01,10,4480,买盘
2124,09:39:04,4.47,-0.01,1,447,卖盘
2125,09:38:58,4.48,0.01,2,896,买盘
2126,09:38:43,4.47,-0.01,40,17880,卖盘
2127,09:38:38,4.48,--,12,5376,买盘
2128,09:38:28,4.48,--,48,21504,卖盘
2129,09:38:23,4.48,--,19,8512,买盘
2130,09:38:08,4.48,--,30,13440,卖盘
2131,09:38:03,4.48,--,55,24640,卖盘
2132,09:37:58,4.48,--,3,1344,卖盘
2133,09:37:53,4.48,0.01,1,448,卖盘
2134,09:37:43,4.47,-0.01,550,245850,卖盘
2135,09:37:23,4.48,--,68,30464,买盘
2136,09:37:17,4.48,0.01,20,8960,买盘
2137,09:37:13,4.47,-0.01,12,5364,卖盘
2138,09:37:08,4.48,0.01,118,52864,买盘
2139,09:37:02,4.47,-0.01,34,15198,卖盘
2140,09:36:53,4.48,0.01,12,5376,买盘
2141,09:36:43,4.47,-0.01,3,1341,卖盘
2142,09:36:28,4.48,0.01,144,64512,买盘
2143,09:36:23,4.47,--,150,67050,卖盘
2144,09:36:13,4.47,--,55,24585,卖盘
2145,09:36:08,4.47,-0.01,1,447,卖盘
2146,09:36:02,4.48,0.01,16,7351,买盘
2147,09:35:58,4.47,--,992,443687,卖盘
2148,09:35:53,4.47,--,67,29949,卖盘
2149,09:35:37,4.47,-0.01,106,47382,卖盘
2150,09:35:28,4.48,0.01,3,1344,买盘
2151,09:35:22,4.47,-0.01,40,17880,卖盘
2152,09:35:13,4.48,0.01,1,448,买盘
2153,09:35:07,4.47,-0.01,2353,1051791,卖盘
2154,09:35:02,4.48,--,43,19264,买盘
2155,09:34:58,4.48,--,203,90944,买盘
2156,09:34:52,4.48,--,417,186816,卖盘
2157,09:34:47,4.48,-0.01,30,13440,卖盘
2158,09:34:43,4.49,0.01,59,26491,买盘
2159,09:34:37,4.48,-0.01,720,322560,卖盘
2160,09:34:32,4.49,0.01,5,2245,买盘
2161,09:34:28,4.48,--,248,111104,卖盘
2162,09:34:22,4.48,--,181,81088,卖盘
2163,09:34:13,4.48,--,27,12096,卖盘
2164,09:34:07,4.48,--,157,70336,卖盘
2165,09:34:02,4.48,0.01,49,21952,买盘
2166,09:33:58,4.47,-0.01,261,116667,卖盘
2167,09:33:52,4.48,0.01,35,15680,买盘
2168,09:33:47,4.47,--,7,3129,卖盘
2169,09:33:43,4.47,-0.01,241,107727,卖盘
2170,09:33:37,4.48,--,20,8960,买盘
2171,09:33:28,4.48,--,8,3584,买盘
2172,09:33:22,4.48,0.01,15,6720,买盘
2173,09:33:17,4.47,--,34,15198,卖盘
2174,09:33:07,4.47,--,97,43359,卖盘
2175,09:32:58,4.47,--,57,25479,卖盘
2176,09:32:52,4.47,--,57,25479,卖盘
2177,09:32:47,4.47,-0.01,7,3129,卖盘
2178,09:32:43,4.48,--,36,16128,买盘
2179,09:32:37,4.48,0.01,107,47936,买盘
2180,09:32:28,4.47,--,61,27267,卖盘
2181,09:32:17,4.47,--,136,60792,卖盘
2182,09:32:13,4.47,-0.01,238,106386,卖盘
2183,09:32:07,4.48,0.01,98,43904,买盘
2184,09:31:57,4.47,--,7,3129,卖盘
2185,09:31:47,4.47,--,3,1341,卖盘
2186,09:31:42,4.47,0.01,423,189264,买盘
2187,09:31:37,4.46,--,103,45938,卖盘
2188,09:31:32,4.46,--,53,23638,卖盘
2189,09:31:17,4.46,-0.01,133,59318,卖盘
2190,09:31:07,4.47,-0.01,39,17696,卖盘
2191,09:31:02,4.48,0.01,5,2240,买盘
2192,09:30:57,4.47,--,53,23691,卖盘
2193,09:30:52,4.47,--,50,22350,卖盘
2194,09:30:37,4.47,-0.01,10,4470,卖盘
2195,09:30:32,4.48,0.01,229,102592,买盘
2196,09:30:22,4.47,--,7,3129,卖盘
2197,09:30:17,4.47,-0.01,286,127842,卖盘
2198,09:30:12,4.48,0.01,2,896,买盘
2199,09:30:07,4.47,--,976,436455,卖盘
2200,09:28:58,4.47,--,0,0,卖盘
2201,09:25:09,4.47,4.47,499,223053,买盘
