,time,price,change,volume,amount,type
0,15:00:00,10.22,--,0,0,买盘
1,15:00:00,10.22,--,0,0,买盘
2,15:00:00,10.22,--,1,1022,买盘
3,14:59:58,10.22,--,10,10220,买盘
4,14:59:53,10.22,--,21,21462,买盘
5,14:59:47,10.22,0.01,148,151256,买盘
6,14:59:43,10.21,--,176,179696,卖盘
7,14:59:38,10.21,--,82,83722,卖盘
8,14:59:32,10.21,--,18,18378,卖盘
9,14:59:28,10.21,-0.01,18,18378,卖盘
10,14:59:17,10.22,--,100,102200,买盘
11,14:59:13,10.22,0.01,14,14308,买盘
12,14:59:02,10.21,-0.01,28,28588,卖盘
13,14:58:58,10.22,--,5,5110,买盘
14,14:58:53,10.22,0.01,5,5110,买盘
15,14:58:43,10.21,--,17,17357,卖盘
16,14:58:28,10.21,-0.02,15,15315,卖盘
17,14:58:23,10.23,0.01,156,159833,买盘
18,14:58:13,10.22,0.01,15,15330,买盘
19,14:58:08,10.21,-0.01,26,26546,卖盘
20,14:58:02,10.22,--,1,1022,买盘
21,14:57:58,10.22,0.01,30,30660,买盘
22,14:57:53,10.21,-0.01,65,67140,卖盘
23,14:57:38,10.22,-0.01,21,21462,卖盘
24,14:57:32,10.23,0.01,1,1023,买盘
25,14:57:17,10.22,--,252,257544,卖盘
26,14:57:13,10.22,--,12,12264,卖盘
27,14:57:07,10.22,-0.01,33,33726,卖盘
28,14:56:52,10.23,--,1,1023,买盘
29,14:56:47,10.23,--,5,5115,买盘
30,14:56:43,10.23,0.01,1,1023,买盘
31,14:56:32,10.22,--,2,2044,卖盘
32,14:56:13,10.22,--,4,4088,卖盘
33,14:56:07,10.22,--,1,1022,卖盘
34,14:56:02,10.22,--,30,30660,卖盘
35,14:55:52,10.22,--,66,67860,卖盘
36,14:55:47,10.22,-0.01,36,36792,卖盘
37,14:55:43,10.23,0.01,2,2046,买盘
38,14:55:32,10.22,--,95,97090,卖盘
39,14:55:28,10.22,--,4,4128,卖盘
40,14:55:23,10.22,0.01,97,99951,买盘
41,14:55:07,10.21,-0.01,50,51050,卖盘
42,14:55:02,10.22,--,56,57232,买盘
43,14:54:53,10.22,--,14,14308,买盘
44,14:54:47,10.22,--,7,7154,卖盘
45,14:54:41,10.22,--,5,5110,卖盘
46,14:54:38,10.22,--,81,82782,买盘
47,14:54:22,10.22,-0.01,90,91980,买盘
48,14:54:11,10.23,--,0,0,买盘
49,14:54:07,10.23,0.02,93,95139,买盘
50,14:54:02,10.21,-0.01,465,474765,卖盘
51,14:53:47,10.22,--,99,101178,卖盘
52,14:53:41,10.22,-0.01,20,20440,中性盘
53,14:53:37,10.23,0.02,3,3069,买盘
54,14:53:32,10.21,-0.01,203,207263,卖盘
55,14:53:26,10.22,--,90,91980,买盘
56,14:53:22,10.22,--,48,49056,买盘
57,14:53:17,10.22,0.01,190,194180,买盘
58,14:53:07,10.21,--,100,102100,卖盘
59,14:52:52,10.21,-0.01,86,87806,卖盘
60,14:52:46,10.22,--,99,101924,买盘
61,14:52:26,10.22,0.01,90,91980,买盘
62,14:52:22,10.21,-0.01,5,5105,卖盘
63,14:52:11,10.22,--,50,51100,买盘
64,14:52:07,10.22,0.01,90,91980,买盘
65,14:51:56,10.21,--,30,30630,卖盘
66,14:51:52,10.21,-0.01,130,132730,卖盘
67,14:51:46,10.22,--,30,30660,买盘
68,14:51:37,10.22,--,100,102608,买盘
69,14:51:31,10.22,--,4,4088,买盘
70,14:51:26,10.22,--,66,67452,买盘
71,14:51:22,10.22,--,44,44968,买盘
72,14:51:07,10.22,--,106,108332,买盘
73,14:51:02,10.22,0.01,1,1022,买盘
74,14:50:52,10.21,--,9,9189,卖盘
75,14:50:37,10.21,-0.01,1,1021,卖盘
76,14:50:26,10.22,--,9,9198,买盘
77,14:50:22,10.22,0.01,49,50078,买盘
78,14:50:11,10.21,-0.01,18,18378,卖盘
79,14:50:01,10.22,0.01,43,43946,买盘
80,14:49:56,10.21,-0.01,72,73512,卖盘
81,14:49:46,10.22,0.01,31,31682,买盘
82,14:49:41,10.21,--,13,13273,卖盘
83,14:49:16,10.21,-0.01,18,18378,卖盘
84,14:49:11,10.22,0.01,13,13286,买盘
85,14:49:07,10.21,-0.01,62,63302,卖盘
86,14:48:56,10.22,--,22,22484,买盘
87,14:48:41,10.22,0.01,3,3066,买盘
88,14:48:36,10.21,-0.01,30,30630,卖盘
89,14:48:31,10.22,--,23,23710,买盘
90,14:48:16,10.22,--,10,10220,买盘
91,14:48:11,10.22,--,3,3066,买盘
92,14:48:06,10.22,--,10,10220,买盘
93,14:48:01,10.22,--,1,1022,买盘
94,14:47:56,10.22,0.01,5,5110,买盘
95,14:47:46,10.21,-0.01,1,1021,卖盘
96,14:47:41,10.22,0.01,1,1022,买盘
97,14:47:26,10.21,-0.01,2,2042,卖盘
98,14:47:16,10.22,--,7,7154,买盘
99,14:47:11,10.22,0.01,4,4088,买盘
100,14:47:05,10.21,--,2,2042,卖盘
101,14:47:01,10.21,-0.01,8,8168,卖盘
102,14:46:50,10.22,0.01,19,19418,买盘
103,14:46:40,10.21,--,2,2042,卖盘
104,14:46:31,10.21,--,1,1021,卖盘
105,14:46:25,10.21,-0.01,45,45945,卖盘
106,14:46:20,10.22,0.01,9,9198,买盘
107,14:46:10,10.21,--,24,24504,卖盘
108,14:46:01,10.21,--,6,6126,卖盘
109,14:45:55,10.21,--,229,234595,买盘
110,14:45:50,10.21,--,24,24504,买盘
111,14:45:46,10.21,0.01,34,34714,买盘
112,14:45:40,10.2,-0.01,1,1019,卖盘
113,14:45:35,10.21,0.01,5,5105,买盘
114,14:45:31,10.2,-0.01,1,1019,卖盘
115,14:45:25,10.21,0.01,17,17357,买盘
116,14:45:20,10.2,--,1,1019,卖盘
117,14:45:10,10.2,-0.01,301,307020,卖盘
118,14:45:01,10.21,--,37,37777,买盘
119,14:44:55,10.21,0.01,53,54113,买盘
120,14:44:50,10.2,--,163,166504,卖盘
121,14:44:46,10.2,--,77,78540,卖盘
122,14:44:40,10.2,--,1,1019,卖盘
123,14:44:35,10.2,--,20,20400,卖盘
124,14:44:31,10.2,-0.01,1,1019,卖盘
125,14:44:25,10.21,--,54,55134,买盘
126,14:44:20,10.21,--,139,141919,买盘
127,14:44:16,10.21,0.01,20,20420,买盘
128,14:44:05,10.2,--,0,163,卖盘
129,14:44:01,10.2,--,12,12240,卖盘
130,14:43:55,10.2,--,379,386580,卖盘
131,14:43:50,10.2,--,2,2039,卖盘
132,14:43:40,10.2,--,1,1019,卖盘
133,14:43:35,10.2,--,1,1019,卖盘
134,14:43:25,10.2,-0.01,15,15299,卖盘
135,14:43:20,10.21,0.01,10,10210,买盘
136,14:43:10,10.2,-0.01,1,1019,卖盘
137,14:43:05,10.21,0.01,6,6126,买盘
138,14:42:50,10.2,--,1,1019,卖盘
139,14:42:40,10.2,-0.01,3,3060,卖盘
140,14:42:35,10.21,--,50,51050,买盘
141,14:42:25,10.21,0.01,6,6126,买盘
142,14:42:20,10.2,--,1,1019,卖盘
143,14:42:16,10.2,--,2,2039,卖盘
144,14:42:10,10.2,--,16,16319,卖盘
145,14:42:05,10.2,-0.01,37,37740,卖盘
146,14:42:00,10.21,-0.01,216,220770,卖盘
147,14:41:55,10.22,0.01,1,1022,买盘
148,14:41:50,10.21,--,55,56155,卖盘
149,14:41:45,10.21,--,18,18378,卖盘
150,14:41:40,10.21,--,180,183780,卖盘
151,14:41:35,10.21,--,13,13273,卖盘
152,14:41:30,10.21,--,36,36756,卖盘
153,14:41:25,10.21,--,18,18378,卖盘
154,14:41:20,10.21,--,19,19399,卖盘
155,14:41:10,10.21,--,1,1021,卖盘
156,14:41:05,10.21,-0.01,1,1021,卖盘
157,14:41:00,10.22,0.01,1,1022,买盘
158,14:40:50,10.21,--,18,18378,卖盘
159,14:40:44,10.21,--,6,6126,卖盘
160,14:40:40,10.21,--,89,90869,卖盘
161,14:40:34,10.21,-0.01,24,24504,卖盘
162,14:40:29,10.22,0.01,2,2044,买盘
163,14:40:19,10.21,-0.01,1,1021,卖盘
164,14:40:14,10.22,0.01,9,9198,买盘
165,14:40:10,10.21,-0.01,8,8168,卖盘
166,14:39:59,10.22,0.01,9,9198,买盘
167,14:39:55,10.21,--,44,44924,卖盘
168,14:39:49,10.21,-0.01,17,18143,卖盘
169,14:39:44,10.22,0.01,10,10220,买盘
170,14:39:40,10.21,--,31,31651,卖盘
171,14:39:34,10.21,--,2,2042,卖盘
172,14:39:25,10.21,--,49,50029,卖盘
173,14:39:19,10.21,-0.01,2,2042,卖盘
174,14:39:14,10.22,--,9,9198,买盘
175,14:39:04,10.22,--,200,204400,买盘
176,14:38:59,10.22,0.01,52,53144,买盘
177,14:38:49,10.21,-0.01,305,311405,卖盘
178,14:38:44,10.22,--,9,9198,买盘
179,14:38:40,10.22,0.01,24,24528,买盘
180,14:38:34,10.21,-0.01,41,41861,卖盘
181,14:38:29,10.22,--,6,6132,买盘
182,14:38:25,10.22,0.01,28,28616,买盘
183,14:38:10,10.21,-0.01,231,236626,卖盘
184,14:38:04,10.22,-0.01,1,1022,卖盘
185,14:37:59,10.23,--,1,1023,买盘
186,14:37:54,10.23,0.01,50,51150,买盘
187,14:37:49,10.22,--,4,4088,卖盘
188,14:37:44,10.22,--,2,2044,卖盘
189,14:37:40,10.22,-0.01,3,3066,卖盘
190,14:37:29,10.23,0.01,5,5115,买盘
191,14:37:19,10.22,0.01,301,307867,买盘
192,14:37:10,10.21,--,1,1021,卖盘
193,14:37:04,10.21,--,1,1021,卖盘
194,14:36:49,10.21,--,1,1021,卖盘
195,14:36:44,10.21,--,34,34714,卖盘
196,14:36:39,10.21,--,10,10210,卖盘
197,14:36:34,10.21,--,55,56155,卖盘
198,14:36:19,10.21,--,19,19399,卖盘
199,14:36:14,10.21,--,19,19399,卖盘
200,14:36:04,10.21,-0.01,37,37777,卖盘
201,14:35:49,10.22,0.01,36,36792,买盘
202,14:35:44,10.21,--,2,2042,卖盘
203,14:35:34,10.21,-0.01,1,1021,卖盘
204,14:35:29,10.22,--,3,3066,买盘
205,14:35:19,10.22,--,37,37814,买盘
206,14:35:14,10.22,--,53,54166,买盘
207,14:34:59,10.22,--,9,9198,买盘
208,14:34:49,10.22,0.01,55,56210,买盘
209,14:34:44,10.21,--,1,1021,卖盘
210,14:34:39,10.21,--,1,1021,卖盘
211,14:34:34,10.21,--,122,124562,买盘
212,14:34:29,10.21,--,40,40840,买盘
213,14:34:24,10.21,0.01,265,270565,买盘
214,14:34:19,10.2,-0.02,429,437579,卖盘
215,14:34:13,10.22,--,87,88914,买盘
216,14:34:04,10.22,0.01,15,15330,买盘
217,14:33:58,10.21,-0.01,20,20420,卖盘
218,14:33:54,10.22,0.01,10,10220,买盘
219,14:33:49,10.21,-0.01,62,63302,卖盘
220,14:33:43,10.22,--,2,2044,买盘
221,14:33:38,10.22,0.01,60,61320,买盘
222,14:33:34,10.21,--,2,2042,买盘
223,14:33:28,10.21,-0.01,62,63302,中性盘
224,14:33:19,10.22,0.01,88,89936,买盘
225,14:33:13,10.21,-0.01,43,43903,卖盘
226,14:33:04,10.22,--,35,35770,买盘
227,14:32:58,10.22,--,84,85848,买盘
228,14:32:53,10.22,0.02,9,9198,买盘
229,14:32:49,10.2,-0.01,44,44880,卖盘
230,14:32:43,10.21,0.01,7,7147,买盘
231,14:32:28,10.2,-0.01,7,7139,卖盘
232,14:32:23,10.21,0.01,5,5105,买盘
233,14:32:19,10.2,--,11,11220,卖盘
234,14:32:13,10.2,-0.01,1,1019,卖盘
235,14:32:08,10.21,--,6,6126,买盘
236,14:32:04,10.21,0.01,57,58197,买盘
237,14:31:58,10.2,--,66,67320,卖盘
238,14:31:48,10.2,-0.01,6,6120,卖盘
239,14:31:43,10.21,--,15,15315,买盘
240,14:31:38,10.21,--,999,1020754,卖盘
241,14:31:28,10.21,--,11,11231,卖盘
242,14:31:19,10.21,--,172,175612,卖盘
243,14:31:13,10.21,0.01,945,965090,买盘
244,14:31:08,10.2,-0.01,50,51000,卖盘
245,14:31:04,10.21,0.01,6,6126,买盘
246,14:30:58,10.2,--,51,52020,卖盘
247,14:30:53,10.2,--,3,3060,卖盘
248,14:30:49,10.2,--,1,1019,卖盘
249,14:30:43,10.2,--,4,4079,卖盘
250,14:30:38,10.2,--,3,3060,卖盘
251,14:30:33,10.2,--,1,1019,卖盘
252,14:30:28,10.2,--,34,34680,卖盘
253,14:30:23,10.2,--,3,3060,卖盘
254,14:30:19,10.2,--,77,78540,卖盘
255,14:30:13,10.2,-0.01,76,77520,卖盘
256,14:30:08,10.21,--,5,5105,买盘
257,14:30:04,10.21,0.01,5,5105,买盘
258,14:29:48,10.2,-0.01,16,16319,卖盘
259,14:29:43,10.21,0.01,136,138856,买盘
260,14:29:33,10.2,--,128,130559,卖盘
261,14:29:28,10.2,--,1,1019,卖盘
262,14:29:23,10.2,-0.01,6,6120,卖盘
263,14:29:13,10.21,--,38,38798,买盘
264,14:29:08,10.21,0.01,2,2042,买盘
265,14:29:03,10.2,--,117,119339,卖盘
266,14:28:58,10.2,--,61,62219,卖盘
267,14:28:53,10.2,--,1,1019,卖盘
268,14:28:43,10.2,-0.01,8,8159,卖盘
269,14:28:38,10.21,--,45,45945,买盘
270,14:28:33,10.21,0.01,55,56155,买盘
271,14:28:28,10.2,-0.01,1,1019,卖盘
272,14:28:23,10.21,0.01,44,44924,买盘
273,14:28:13,10.2,-0.01,1,1019,卖盘
274,14:28:08,10.21,0.01,9,9189,买盘
275,14:27:58,10.2,--,71,72420,卖盘
276,14:27:52,10.2,--,1,1019,卖盘
277,14:27:48,10.2,0.01,710,724200,买盘
278,14:27:43,10.19,-0.01,2,2038,卖盘
279,14:27:37,10.2,--,9,9180,买盘
280,14:27:22,10.2,--,568,579360,买盘
281,14:27:17,10.2,--,5,5100,买盘
282,14:27:13,10.2,--,4,4079,买盘
283,14:27:07,10.2,--,59,60179,买盘
284,14:27:03,10.2,0.01,3,3060,买盘
285,14:26:58,10.19,-0.01,17,18138,卖盘
286,14:26:52,10.2,--,23,23460,买盘
287,14:26:43,10.2,0.01,10,10200,买盘
288,14:26:33,10.19,--,10,10913,卖盘
289,14:26:28,10.19,--,240,244560,卖盘
290,14:26:22,10.19,-0.01,11,11209,卖盘
291,14:26:13,10.2,0.01,10,10200,买盘
292,14:26:02,10.19,--,0,0,卖盘
293,14:25:58,10.19,-0.02,125,127375,卖盘
294,14:25:52,10.21,0.01,124,126604,买盘
295,14:25:43,10.2,0.01,17,17340,中性盘
296,14:25:37,10.19,--,18,18342,卖盘
297,14:25:28,10.19,-0.02,125,127375,卖盘
298,14:25:22,10.21,0.02,106,108226,买盘
299,14:25:12,10.19,-0.01,6,6114,卖盘
300,14:25:07,10.2,--,25,25500,买盘
301,14:24:57,10.2,--,6,6120,买盘
302,14:24:52,10.2,--,7,7139,卖盘
303,14:24:43,10.2,0.01,1,1019,卖盘
304,14:24:37,10.19,--,95,96805,卖盘
305,14:24:27,10.19,-0.02,1,1019,卖盘
306,14:24:22,10.21,0.02,142,144982,买盘
307,14:24:17,10.19,--,30,30570,卖盘
308,14:24:13,10.19,-0.02,1,1019,卖盘
309,14:24:07,10.21,--,153,156213,买盘
310,14:23:57,10.21,0.01,125,127625,买盘
311,14:23:52,10.2,-0.01,1,1019,卖盘
312,14:23:42,10.21,0.01,2,2042,买盘
313,14:23:37,10.2,-0.01,44,44880,卖盘
314,14:23:32,10.21,--,132,134772,买盘
315,14:23:27,10.21,0.02,14,14294,买盘
316,14:23:22,10.19,-0.01,38,38722,卖盘
317,14:23:13,10.2,--,14,14279,买盘
318,14:23:07,10.2,0.01,12,12240,买盘
319,14:22:58,10.19,--,67,68273,卖盘
320,14:22:52,10.19,--,29,29551,卖盘
321,14:22:47,10.19,-0.01,21,21399,卖盘
322,14:22:42,10.2,0.01,136,138720,买盘
323,14:22:37,10.19,-0.01,18,18342,卖盘
324,14:22:27,10.2,--,10,10200,买盘
325,14:22:22,10.2,-0.01,218,223135,卖盘
326,14:22:17,10.21,0.01,17,17357,买盘
327,14:22:12,10.2,--,201,205020,卖盘
328,14:22:07,10.2,--,25,25500,卖盘
329,14:22:02,10.2,-0.01,11,11220,卖盘
330,14:21:57,10.21,0.01,1,1021,买盘
331,14:21:52,10.2,-0.01,103,105059,卖盘
332,14:21:31,10.21,0.01,413,422009,买盘
333,14:21:21,10.2,--,192,195840,卖盘
334,14:21:16,10.2,--,10,10200,卖盘
335,14:21:12,10.2,--,92,93840,卖盘
336,14:21:07,10.2,--,58,59159,卖盘
337,14:21:01,10.2,--,94,95880,卖盘
338,14:20:57,10.2,--,18,18360,卖盘
339,14:20:52,10.2,--,293,298860,卖盘
340,14:20:46,10.2,--,68,69360,卖盘
341,14:20:42,10.2,--,19,19380,卖盘
342,14:20:37,10.2,--,1,1019,卖盘
343,14:20:31,10.2,--,19,19380,卖盘
344,14:20:27,10.2,--,70,71400,卖盘
345,14:20:22,10.2,--,1,1019,卖盘
346,14:20:16,10.2,--,31,31619,卖盘
347,14:20:12,10.2,--,240,244799,卖盘
348,14:20:07,10.2,--,148,150960,卖盘
349,14:20:00,10.2,--,54,55079,卖盘
350,14:19:57,10.2,-0.01,19,19380,卖盘
351,14:19:52,10.21,--,180,183780,买盘
352,14:19:46,10.21,--,52,53092,买盘
353,14:19:42,10.21,0.01,88,89848,买盘
354,14:19:36,10.2,--,37,37740,卖盘
355,14:19:31,10.2,--,198,201960,卖盘
356,14:19:22,10.2,--,4,4079,卖盘
357,14:19:16,10.2,--,39,39780,卖盘
358,14:19:11,10.2,--,91,92820,卖盘
359,14:19:07,10.2,--,37,37740,卖盘
360,14:19:00,10.2,--,1,1019,卖盘
361,14:18:56,10.2,--,30,30599,卖盘
362,14:18:52,10.2,--,2,2039,卖盘
363,14:18:46,10.2,-0.01,10,10200,卖盘
364,14:18:41,10.21,--,61,62281,买盘
365,14:18:37,10.21,0.01,11,11231,买盘
366,14:18:31,10.2,--,19,19380,卖盘
367,14:18:26,10.2,-0.01,43,43860,卖盘
368,14:18:22,10.21,0.01,280,285880,买盘
369,14:18:16,10.2,-0.01,2,2039,卖盘
370,14:18:11,10.21,0.01,14,14294,买盘
371,14:18:06,10.2,--,20,20400,卖盘
372,14:18:00,10.2,-0.01,19,19380,卖盘
373,14:17:51,10.21,0.01,8,8168,买盘
374,14:17:41,10.2,-0.01,1,1019,卖盘
375,14:17:36,10.21,--,5,5105,买盘
376,14:17:21,10.21,--,2,2042,买盘
377,14:17:16,10.21,0.01,1,1021,买盘
378,14:17:11,10.2,--,1,1019,卖盘
379,14:17:00,10.2,-0.01,2,2039,卖盘
380,14:16:46,10.21,--,5,5105,买盘
381,14:16:41,10.21,0.01,13,13273,买盘
382,14:16:36,10.2,--,20,20400,卖盘
383,14:16:30,10.2,--,1,1019,卖盘
384,14:16:21,10.2,-0.01,1,1019,卖盘
385,14:16:16,10.21,0.01,18,18378,买盘
386,14:16:11,10.2,-0.01,1,1019,卖盘
387,14:16:01,10.21,--,2,2042,买盘
388,14:15:46,10.21,--,14,14294,买盘
389,14:15:41,10.21,0.01,1,1021,买盘
390,14:15:36,10.2,--,2,2039,卖盘
391,14:15:31,10.2,-0.01,1,1019,卖盘
392,14:15:21,10.21,--,22,22462,买盘
393,14:15:16,10.21,--,1,1021,买盘
394,14:15:06,10.21,--,62,63302,买盘
395,14:15:01,10.21,--,44,44924,买盘
396,14:14:55,10.21,0.01,34,34714,买盘
397,14:14:51,10.2,--,1,1019,卖盘
398,14:14:45,10.2,--,500,509999,卖盘
399,14:14:40,10.2,--,1,1019,卖盘
400,14:14:31,10.2,--,1,1019,卖盘
401,14:14:25,10.2,-0.01,69,70380,卖盘
402,14:14:15,10.21,0.01,15,15315,买盘
403,14:14:10,10.2,-0.01,45,45900,卖盘
404,14:14:01,10.21,0.01,2,2042,买盘
405,14:13:55,10.2,--,52,53039,卖盘
406,14:13:51,10.2,--,1,1019,卖盘
407,14:13:39,10.2,--,20,20400,卖盘
408,14:13:36,10.2,-0.01,28,28559,卖盘
409,14:13:30,10.21,0.01,14,14294,买盘
410,14:13:21,10.2,-0.01,501,511019,卖盘
411,14:13:16,10.21,0.01,11,11955,买盘
412,14:13:10,10.2,--,1,1019,卖盘
413,14:13:00,10.2,--,1,1019,卖盘
414,14:12:54,10.2,--,41,41820,卖盘
415,14:12:51,10.2,--,1,1019,卖盘
416,14:12:45,10.2,--,19,19380,卖盘
417,14:12:30,10.2,-0.01,2,2039,卖盘
418,14:12:25,10.21,0.01,88,89848,买盘
419,14:12:21,10.2,--,1,1019,卖盘
420,14:12:16,10.2,--,0,0,卖盘
421,14:12:09,10.2,-0.01,3,3060,卖盘
422,14:12:06,10.21,-0.01,41,41861,卖盘
423,14:12:01,10.22,--,2,2044,买盘
424,14:11:39,10.22,0.02,16,16352,买盘
425,14:11:30,10.2,-0.02,1,1019,卖盘
426,14:11:25,10.22,0.02,23,23506,买盘
427,14:11:20,10.2,--,2,2244,卖盘
428,14:11:09,10.2,-0.02,1,1019,卖盘
429,14:11:05,10.22,--,136,138992,买盘
430,14:11:01,10.22,--,48,49056,买盘
431,14:10:54,10.22,--,124,126728,买盘
432,14:10:50,10.22,--,3,3066,买盘
433,14:10:45,10.22,0.02,674,688828,买盘
434,14:10:39,10.2,-0.01,19,19380,卖盘
435,14:10:30,10.21,0.01,6,6126,中性盘
436,14:10:24,10.2,-0.02,600,612000,卖盘
437,14:10:20,10.22,--,89,90958,买盘
438,14:10:15,10.22,0.01,50,51100,买盘
439,14:10:00,10.21,-0.01,35,35735,卖盘
440,14:09:54,10.22,--,171,174762,买盘
441,14:09:50,10.22,0.01,115,117530,买盘
442,14:09:45,10.21,--,32,32672,卖盘
443,14:09:40,10.21,--,1,1021,卖盘
444,14:09:30,10.21,--,1,1021,卖盘
445,14:09:24,10.21,0.01,73,74533,买盘
446,14:09:20,10.2,-0.01,6,6120,卖盘
447,14:09:15,10.21,0.01,84,85764,买盘
448,14:09:10,10.2,--,2,2039,卖盘
449,14:09:05,10.2,--,23,23460,买盘
450,14:09:00,10.2,0.01,4,4079,中性盘
451,14:08:55,10.19,-0.01,20,20380,卖盘
452,14:08:50,10.2,--,117,119339,买盘
453,14:08:45,10.2,-0.01,6,6120,卖盘
454,14:08:40,10.21,--,110,112310,买盘
455,14:08:25,10.21,0.01,5,5105,买盘
456,14:08:19,10.2,-0.01,13,13259,买盘
457,14:08:10,10.21,0.02,8,8168,买盘
458,14:08:00,10.19,--,1,1019,卖盘
459,14:07:55,10.19,-0.02,230,235297,卖盘
460,14:07:49,10.21,--,2,2042,买盘
461,14:07:45,10.21,--,148,151108,买盘
462,14:07:39,10.21,--,553,564613,卖盘
463,14:07:34,10.21,0.02,54,55134,买盘
464,14:07:30,10.19,-0.01,39,39741,卖盘
465,14:07:25,10.2,--,23,23460,卖盘
466,14:07:19,10.2,-0.01,85,86700,卖盘
467,14:07:15,10.21,--,1,1021,买盘
468,14:07:10,10.21,0.01,82,83722,买盘
469,14:06:54,10.2,--,1225,1249500,卖盘
470,14:06:48,10.2,--,3,3060,卖盘
471,14:06:44,10.2,--,109,111179,卖盘
472,14:06:40,10.2,--,1,1019,卖盘
473,14:06:34,10.2,-0.01,18,18360,卖盘
474,14:06:30,10.21,0.01,2,2042,买盘
475,14:06:25,10.2,--,600,612000,卖盘
476,14:06:19,10.2,--,11,11220,卖盘
477,14:06:15,10.2,--,41,41820,卖盘
478,14:06:09,10.2,--,125,127499,卖盘
479,14:06:03,10.2,--,46,46920,卖盘
480,14:06:00,10.2,--,220,224399,卖盘
481,14:05:54,10.2,--,39,39780,卖盘
482,14:05:49,10.2,--,97,98940,卖盘
483,14:05:44,10.2,--,48,48960,卖盘
484,14:05:39,10.2,--,43,43860,卖盘
485,14:05:33,10.2,--,72,73440,卖盘
486,14:05:29,10.2,--,1,1019,卖盘
487,14:05:24,10.2,--,27,27539,卖盘
488,14:05:18,10.2,-0.02,24,24480,卖盘
489,14:05:15,10.22,--,31,31682,买盘
490,14:05:09,10.22,0.02,21,21462,买盘
491,14:05:03,10.2,--,0,0,卖盘
492,14:04:59,10.2,-0.01,510,520199,卖盘
493,14:04:55,10.21,-0.01,1,1021,卖盘
494,14:04:49,10.22,--,11,11242,买盘
495,14:04:40,10.22,0.01,131,133882,买盘
496,14:04:33,10.21,-0.01,15,15315,卖盘
497,14:04:29,10.22,0.01,1,1022,买盘
498,14:04:24,10.21,--,47,47987,卖盘
499,14:04:18,10.21,--,119,122315,卖盘
500,14:04:09,10.21,--,1,1021,卖盘
501,14:03:59,10.21,-0.01,1,1021,卖盘
502,14:03:54,10.22,0.01,1,1022,买盘
503,14:03:49,10.21,-0.01,1,1021,卖盘
504,14:03:39,10.22,--,84,85848,买盘
505,14:03:34,10.22,0.01,1,1022,买盘
506,14:03:29,10.21,--,1,1021,卖盘
507,14:03:18,10.21,--,2,2042,卖盘
508,14:03:14,10.21,--,22,22462,卖盘
509,14:03:09,10.21,--,1,1021,卖盘
510,14:03:03,10.21,--,178,181738,卖盘
511,14:02:48,10.21,-0.01,9,9189,卖盘
512,14:02:39,10.22,--,6,6132,买盘
513,14:02:18,10.22,0.01,1,1022,买盘
514,14:02:09,10.21,--,2,2042,卖盘
515,14:02:04,10.21,0.01,45,45945,买盘
516,14:01:54,10.2,--,5,5100,卖盘
517,14:01:48,10.2,--,70,71410,卖盘
518,14:01:43,10.2,-0.02,93,94860,卖盘
519,14:01:39,10.22,--,20,20440,买盘
520,14:01:18,10.22,--,3,3066,买盘
521,14:01:12,10.22,--,84,85848,买盘
522,14:00:57,10.22,--,1,1022,买盘
523,14:00:39,10.22,0.01,2033,2077726,买盘
524,14:00:33,10.21,--,6,6126,卖盘
525,14:00:27,10.21,--,9,9189,卖盘
526,14:00:24,10.21,--,36,36756,卖盘
527,14:00:18,10.21,0.01,97,99853,买盘
528,14:00:12,10.2,--,9,9180,卖盘
529,14:00:09,10.2,--,39,39780,卖盘
530,14:00:04,10.2,--,18,18360,卖盘
531,13:59:57,10.2,--,51,52020,卖盘
532,13:59:54,10.2,-0.01,10,10924,卖盘
533,13:59:48,10.21,--,139,141919,买盘
534,13:59:42,10.21,0.01,5,5105,买盘
535,13:59:33,10.2,--,29,29579,卖盘
536,13:59:27,10.2,--,145,147900,卖盘
537,13:59:09,10.2,-0.01,1,1019,卖盘
538,13:59:03,10.21,-0.01,30,30834,卖盘
539,13:58:57,10.22,0.01,122,124684,买盘
540,13:58:39,10.21,--,18,18378,卖盘
541,13:58:23,10.21,--,1,1021,卖盘
542,13:58:12,10.21,--,18,18378,卖盘
543,13:58:08,10.21,--,44,44924,卖盘
544,13:58:03,10.21,-0.01,20,20420,卖盘
545,13:57:57,10.22,0.01,1,1022,买盘
546,13:57:48,10.21,-0.01,1,1021,卖盘
547,13:57:33,10.22,0.01,24,24528,中性盘
548,13:57:27,10.21,--,20,21236,买盘
549,13:57:18,10.21,0.01,2,2042,买盘
550,13:57:12,10.2,-0.01,33,33864,卖盘
551,13:57:08,10.21,--,19,19399,卖盘
552,13:57:03,10.21,-0.02,19,20215,卖盘
553,13:56:48,10.23,--,2,2046,买盘
554,13:56:42,10.23,0.03,1,1023,买盘
555,13:56:38,10.2,--,0,0,卖盘
556,13:56:33,10.2,-0.01,1239,1264596,卖盘
557,13:56:27,10.21,--,37,38389,卖盘
558,13:56:23,10.21,-0.03,18,18378,卖盘
559,13:56:18,10.24,0.03,161,164864,买盘
560,13:56:03,10.21,-0.02,1,1021,卖盘
561,13:55:57,10.23,0.02,10,10230,买盘
562,13:55:48,10.21,-0.02,45,45945,卖盘
563,13:55:42,10.23,0.02,166,169818,买盘
564,13:55:36,10.21,--,18,18378,卖盘
565,13:55:27,10.21,-0.01,2,2042,卖盘
566,13:55:21,10.22,0.01,1,1022,买盘
567,13:55:18,10.21,-0.01,9,9189,卖盘
568,13:55:03,10.22,0.01,1,1022,买盘
569,13:54:57,10.21,-0.01,18,18378,卖盘
570,13:54:42,10.22,--,6,6132,买盘
571,13:54:36,10.22,0.01,13,13286,买盘
572,13:54:33,10.21,-0.01,1,1021,卖盘
573,13:54:27,10.22,--,1,1022,买盘
574,13:54:18,10.22,0.01,19,19418,买盘
575,13:54:12,10.21,--,38,38798,卖盘
576,13:54:06,10.21,--,21,21441,卖盘
577,13:54:03,10.21,--,18,18378,卖盘
578,13:53:57,10.21,-0.02,56,57176,卖盘
579,13:53:42,10.23,0.01,12,12480,买盘
580,13:53:36,10.22,--,92,94024,卖盘
581,13:53:33,10.22,--,24,24528,卖盘
582,13:53:21,10.22,--,88,89936,卖盘
583,13:53:06,10.22,-0.01,18,18396,卖盘
584,13:52:57,10.23,0.01,19,19437,买盘
585,13:52:48,10.22,--,36,36792,卖盘
586,13:52:42,10.22,-0.01,37,37814,卖盘
587,13:52:36,10.23,0.01,65,66495,买盘
588,13:52:33,10.22,--,18,18396,卖盘
589,13:52:27,10.22,--,91,93002,卖盘
590,13:52:21,10.22,--,19,19418,卖盘
591,13:52:17,10.22,--,36,36792,卖盘
592,13:52:12,10.22,--,19,19418,卖盘
593,13:52:06,10.22,--,127,129794,卖盘
594,13:51:57,10.22,--,18,18396,卖盘
595,13:51:47,10.22,-0.01,1,1022,卖盘
596,13:51:42,10.23,--,221,226083,买盘
597,13:51:21,10.23,0.01,1,1023,中性盘
598,13:51:12,10.22,--,2,2044,卖盘
599,13:51:06,10.22,-0.02,19,19418,卖盘
600,13:50:57,10.24,--,1,1024,买盘
601,13:50:51,10.24,0.02,25,25600,买盘
602,13:50:42,10.22,-0.02,4,4118,卖盘
603,13:50:36,10.24,0.01,82,83968,买盘
604,13:50:27,10.23,0.01,11,11253,买盘
605,13:50:06,10.22,--,2,2044,卖盘
606,13:50:02,10.22,--,1,1022,卖盘
607,13:49:57,10.22,-0.01,16,16352,卖盘
608,13:49:42,10.23,0.01,21,21483,买盘
609,13:49:36,10.22,--,18,18396,卖盘
610,13:49:27,10.22,-0.01,1,1022,卖盘
611,13:49:21,10.23,--,6,6138,买盘
612,13:49:12,10.23,--,1,1023,买盘
613,13:49:06,10.23,--,37,37851,买盘
614,13:48:45,10.23,--,1,1023,买盘
615,13:48:42,10.23,--,61,63395,卖盘
616,13:48:36,10.23,--,14,14352,买盘
617,13:48:27,10.23,--,39,39897,买盘
618,13:48:21,10.23,0.01,407,416361,买盘
619,13:48:12,10.22,--,81,82782,卖盘
620,13:48:06,10.22,-0.01,24,24528,卖盘
621,13:48:00,10.23,--,153,156519,买盘
622,13:47:51,10.23,--,54,55242,买盘
623,13:47:45,10.23,--,2,2046,买盘
624,13:47:42,10.23,--,38,38874,买盘
625,13:47:21,10.23,--,49,50127,买盘
626,13:47:12,10.23,--,37,37851,买盘
627,13:47:00,10.23,--,19,19437,买盘
628,13:46:57,10.23,--,1,1023,买盘
629,13:46:51,10.23,--,91,93093,买盘
630,13:46:45,10.23,--,1,1023,买盘
631,13:46:42,10.23,0.02,38,38874,买盘
632,13:46:36,10.21,-0.01,82,83722,卖盘
633,13:46:30,10.22,--,10,10945,卖盘
634,13:46:27,10.22,-0.01,58,59276,卖盘
635,13:46:15,10.23,--,38,38874,买盘
636,13:46:06,10.23,--,37,37851,买盘
637,13:46:00,10.23,--,52,53196,买盘
638,13:45:45,10.23,--,19,19437,买盘
639,13:45:41,10.23,0.01,1,1023,买盘
640,13:45:26,10.22,--,87,89067,买盘
641,13:45:15,10.22,--,153,156366,买盘
642,13:45:11,10.22,0.01,9,9198,买盘
643,13:45:06,10.21,-0.01,20,20420,卖盘
644,13:45:00,10.22,--,1,1022,买盘
645,13:44:51,10.22,--,2,2044,买盘
646,13:44:45,10.22,--,19,19418,买盘
647,13:44:41,10.22,--,2,2044,买盘
648,13:44:36,10.22,-0.01,223,228774,卖盘
649,13:44:26,10.23,--,1,1023,买盘
650,13:44:15,10.23,--,19,19437,买盘
651,13:44:00,10.23,--,19,19437,买盘
652,13:43:56,10.23,0.01,14,14322,买盘
653,13:43:51,10.22,-0.01,27,27594,卖盘
654,13:43:41,10.23,0.01,24,24552,买盘
655,13:43:36,10.22,-0.01,37,37814,卖盘
656,13:43:15,10.23,--,20,20460,买盘
657,13:43:06,10.23,0.01,1,1023,买盘
658,13:43:00,10.22,--,1,1430,卖盘
659,13:42:56,10.22,--,66,67452,卖盘
660,13:42:45,10.22,--,3,3066,卖盘
661,13:42:39,10.22,-0.01,40,41299,卖盘
662,13:42:30,10.23,0.01,19,19437,买盘
663,13:42:24,10.22,-0.01,34,34748,卖盘
664,13:42:21,10.23,--,19,19437,买盘
665,13:42:15,10.23,0.01,20,20460,买盘
666,13:42:06,10.22,-0.01,19,19418,卖盘
667,13:42:00,10.23,0.01,20,20460,买盘
668,13:41:54,10.22,--,18,18396,卖盘
669,13:41:51,10.22,--,6,6132,卖盘
670,13:41:39,10.22,-0.01,9,9545,卖盘
671,13:41:36,10.23,--,20,20460,买盘
672,13:41:15,10.23,0.01,22,22506,买盘
673,13:41:09,10.22,-0.01,10,10220,卖盘
674,13:41:05,10.23,--,2,2046,买盘
675,13:41:00,10.23,--,20,20460,买盘
676,13:40:51,10.23,--,24,24552,买盘
677,13:40:45,10.23,0.01,1,1023,买盘
678,13:40:36,10.22,--,37,37814,卖盘
679,13:40:21,10.22,0.01,17,17987,买盘
680,13:40:15,10.21,-0.01,52,53939,卖盘
681,13:40:06,10.22,--,19,19418,买盘
682,13:40:00,10.22,--,1,1022,买盘
683,13:39:35,10.22,0.01,1,1022,买盘
684,13:39:20,10.21,-0.01,1,1021,卖盘
685,13:39:15,10.22,0.01,1,1022,买盘
686,13:39:09,10.21,--,1,1021,卖盘
687,13:39:06,10.21,--,20,20420,卖盘
688,13:38:39,10.21,--,9,10128,卖盘
689,13:38:30,10.21,--,2,2042,卖盘
690,13:38:15,10.21,-0.01,50,51050,卖盘
691,13:38:05,10.22,0.01,4,4088,买盘
692,13:38:00,10.21,--,2,2042,卖盘
693,13:37:39,10.21,-0.01,18,18378,卖盘
694,13:37:24,10.22,--,2,2044,买盘
695,13:37:15,10.22,--,6,6132,买盘
696,13:37:09,10.22,0.01,14,14737,买盘
697,13:37:05,10.21,--,35,35735,买盘
698,13:37:00,10.21,-0.01,15,15315,卖盘
699,13:36:54,10.22,-0.01,1,1022,买盘
700,13:36:45,10.23,--,0,0,买盘
701,13:36:39,10.23,--,25,25575,买盘
702,13:36:30,10.23,0.03,143,146289,买盘
703,13:36:24,10.2,-0.03,267,272340,卖盘
704,13:36:15,10.23,0.03,30,30690,买盘
705,13:36:09,10.2,-0.03,20,20400,卖盘
706,13:36:00,10.23,0.03,100,102300,买盘
707,13:35:50,10.2,-0.03,8,8496,卖盘
708,13:35:45,10.23,--,14,14322,买盘
709,13:35:39,10.23,0.03,100,102300,买盘
710,13:35:24,10.2,0.01,43,44625,买盘
711,13:35:18,10.19,-0.01,31,31589,卖盘
712,13:35:15,10.2,--,100,102000,买盘
713,13:35:00,10.2,--,4,4079,买盘
714,13:34:48,10.2,-0.01,479,488834,卖盘
715,13:34:45,10.21,0.01,91,92911,买盘
716,13:34:39,10.2,--,18,18360,卖盘
717,13:34:15,10.2,-0.01,35,35700,卖盘
718,13:34:09,10.21,-0.02,312,319103,卖盘
719,13:34:00,10.23,0.02,82,83886,买盘
720,13:33:54,10.21,--,0,0,卖盘
721,13:33:44,10.21,--,1,1021,卖盘
722,13:33:39,10.21,-0.02,5,5574,卖盘
723,13:33:33,10.23,--,5,5115,买盘
724,13:33:30,10.23,0.03,167,170841,买盘
725,13:33:18,10.2,--,41,42585,卖盘
726,13:33:15,10.2,--,59,60904,卖盘
727,13:33:09,10.2,--,1,1019,卖盘
728,13:33:03,10.2,-0.02,19,19380,卖盘
729,13:32:54,10.22,--,0,0,买盘
730,13:32:48,10.22,0.02,12,12560,买盘
731,13:32:45,10.2,-0.02,550,561000,卖盘
732,13:32:39,10.22,0.02,37,37814,买盘
733,13:32:30,10.2,-0.01,28,28559,卖盘
734,13:32:24,10.21,--,695,709850,卖盘
735,13:32:15,10.21,-0.01,60,61260,卖盘
736,13:32:09,10.22,0.01,18,18396,买盘
737,13:31:59,10.21,--,30,30630,卖盘
738,13:31:54,10.21,--,23,24248,买盘
739,13:31:47,10.21,--,5,5105,买盘
740,13:31:45,10.21,--,1,1276,卖盘
741,13:31:39,10.21,--,418,426778,卖盘
742,13:31:14,10.21,--,158,161614,卖盘
743,13:31:09,10.21,-0.01,1,1021,卖盘
744,13:30:59,10.22,--,24,25161,卖盘
745,13:30:54,10.22,--,2,2044,卖盘
746,13:30:48,10.22,-0.01,105,107310,卖盘
747,13:30:38,10.23,0.01,60,61380,买盘
748,13:30:29,10.22,--,1,1022,卖盘
749,13:30:14,10.22,0.01,855,874198,买盘
750,13:30:09,10.21,--,19,19399,卖盘
751,13:29:59,10.21,--,9,9658,卖盘
752,13:29:38,10.21,-0.01,500,510500,卖盘
753,13:29:23,10.22,0.01,21,21462,买盘
754,13:29:17,10.21,--,15,15315,卖盘
755,13:29:14,10.21,-0.01,368,375728,卖盘
756,13:28:54,10.22,0.01,64,65408,买盘
757,13:28:44,10.21,--,45,45945,卖盘
758,13:28:39,10.21,-0.01,18,18378,卖盘
759,13:28:33,10.22,0.01,4,4088,买盘
760,13:28:09,10.21,-0.01,549,560529,买盘
761,13:27:53,10.22,--,0,0,买盘
762,13:27:48,10.22,--,1,1022,买盘
763,13:27:44,10.22,0.01,43,44457,买盘
764,13:27:39,10.21,-0.01,533,544193,卖盘
765,13:27:33,10.22,0.01,1,1022,买盘
766,13:27:23,10.21,-0.01,54,55174,卖盘
767,13:27:12,10.22,0.01,6,6132,买盘
768,13:27:09,10.21,--,22,22462,卖盘
769,13:26:56,10.21,-0.01,9,9913,卖盘
770,13:26:53,10.22,0.01,1,1022,买盘
771,13:26:32,10.21,--,19,19399,卖盘
772,13:26:23,10.21,-0.01,18,18378,卖盘
773,13:26:18,10.22,0.01,13,13286,买盘
774,13:26:08,10.21,--,93,94953,卖盘
775,13:26:03,10.21,-0.01,2,2042,卖盘
776,13:25:57,10.22,0.01,1,1022,买盘
777,13:25:53,10.21,-0.01,77,78617,卖盘
778,13:25:47,10.22,0.01,2,2044,买盘
779,13:25:38,10.21,-0.01,36,36756,卖盘
780,13:25:32,10.22,0.01,14,15074,买盘
781,13:25:26,10.21,--,4,4339,卖盘
782,13:25:18,10.21,-0.01,34,34714,卖盘
783,13:25:12,10.22,--,1,1022,买盘
784,13:25:03,10.22,0.01,1,1022,买盘
785,13:24:56,10.21,--,900,918900,卖盘
786,13:24:53,10.21,-0.01,13,13844,卖盘
787,13:24:47,10.22,--,5,5110,买盘
788,13:24:42,10.22,--,53,54166,买盘
789,13:24:38,10.22,--,1,1022,买盘
790,13:24:18,10.22,0.01,1,1022,买盘
791,13:24:08,10.21,-0.01,20,20420,卖盘
792,13:23:57,10.22,--,1,1022,买盘
793,13:23:53,10.22,--,6,6132,买盘
794,13:23:47,10.22,0.01,6,6132,买盘
795,13:23:33,10.21,--,2,2042,卖盘
796,13:23:26,10.21,--,5,5105,卖盘
797,13:23:23,10.21,--,6,6126,卖盘
798,13:23:17,10.21,-0.01,9,9382,卖盘
799,13:23:08,10.22,--,6,6132,买盘
800,13:23:02,10.22,0.01,37,37814,买盘
801,13:22:47,10.21,-0.01,700,714700,卖盘
802,13:22:42,10.22,0.01,33,33726,买盘
803,13:22:38,10.21,-0.01,18,18378,卖盘
804,13:22:27,10.22,0.01,1,1022,买盘
805,13:22:22,10.21,--,2,2042,卖盘
806,13:22:18,10.21,-0.01,22,22462,卖盘
807,13:22:12,10.22,0.01,553,565166,买盘
808,13:22:08,10.21,--,1,1021,卖盘
809,13:21:56,10.21,-0.01,59,60239,卖盘
810,13:21:48,10.22,--,74,75628,买盘
811,13:21:42,10.22,--,1,1022,买盘
812,13:21:22,10.22,0.01,1,1022,买盘
813,13:21:18,10.21,--,509,520648,卖盘
814,13:21:12,10.21,--,2,2042,卖盘
815,13:21:08,10.21,--,19,19399,卖盘
816,13:21:02,10.21,--,29,30436,卖盘
817,13:20:41,10.21,-0.01,2,2042,卖盘
818,13:20:33,10.22,0.01,31,31682,买盘
819,13:20:26,10.21,--,19,19399,卖盘
820,13:20:22,10.21,--,18,18378,卖盘
821,13:20:17,10.21,--,32,32672,卖盘
822,13:20:11,10.21,--,38,39522,买盘
823,13:20:08,10.21,0.01,5,5105,买盘
824,13:20:02,10.2,-0.01,44,44880,卖盘
825,13:19:53,10.21,--,484,494164,卖盘
826,13:19:48,10.21,-0.01,18,18378,卖盘
827,13:19:42,10.22,0.01,11,11242,买盘
828,13:19:38,10.21,--,18,18378,卖盘
829,13:19:27,10.21,-0.01,1,1021,卖盘
830,13:19:23,10.22,--,11,11242,买盘
831,13:19:12,10.22,-0.01,491,501924,卖盘
832,13:18:57,10.23,--,48,49104,买盘
833,13:18:50,10.23,--,30,30690,买盘
834,13:18:48,10.23,--,1,1023,买盘
835,13:18:32,10.23,--,78,80694,买盘
836,13:18:26,10.23,--,34,34782,买盘
837,13:18:18,10.23,0.01,1076,1100880,买盘
838,13:18:12,10.22,0.01,79,80738,买盘
839,13:18:05,10.21,-0.01,21,21441,卖盘
840,13:18:02,10.22,--,11,11242,买盘
841,13:17:57,10.22,--,3,3066,买盘
842,13:17:47,10.22,--,12,12264,买盘
843,13:17:42,10.22,--,16,17241,买盘
844,13:17:35,10.22,--,20,20440,买盘
845,13:17:32,10.22,--,13,13286,买盘
846,13:17:26,10.22,--,34,34748,买盘
847,13:17:12,10.22,--,167,170674,买盘
848,13:17:06,10.22,--,502,513044,买盘
849,13:16:47,10.22,--,21,21462,买盘
850,13:16:42,10.22,0.01,183,187026,买盘
851,13:16:35,10.21,-0.01,9,9291,卖盘
852,13:16:32,10.22,--,401,409822,买盘
853,13:16:26,10.22,--,34,34748,买盘
854,13:16:17,10.22,--,103,105266,买盘
855,13:16:11,10.22,--,30,30660,买盘
856,13:16:05,10.22,--,60,61320,买盘
857,13:15:56,10.22,--,17,17374,买盘
858,13:15:51,10.22,--,51,52122,买盘
859,13:15:47,10.22,--,16,16352,买盘
860,13:15:41,10.22,0.01,56,57232,买盘
861,13:15:35,10.21,--,40,40840,卖盘
862,13:15:32,10.21,--,67,68407,卖盘
863,13:15:26,10.21,-0.01,92,93932,卖盘
864,13:15:17,10.22,--,11,11844,买盘
865,13:15:11,10.22,--,26,26572,买盘
866,13:15:05,10.22,--,20,20440,买盘
867,13:15:02,10.22,0.01,8,8176,买盘
868,13:14:50,10.21,--,25,25525,卖盘
869,13:14:47,10.21,-0.01,18,18378,卖盘
870,13:14:42,10.22,--,1,1022,买盘
871,13:14:36,10.22,0.01,1,1022,买盘
872,13:14:20,10.21,--,18,18378,卖盘
873,13:14:12,10.21,--,10,10373,卖盘
874,13:14:02,10.21,--,5,5105,卖盘
875,13:13:56,10.21,-0.01,8,8168,卖盘
876,13:13:50,10.22,0.01,1,1022,买盘
877,13:13:41,10.21,--,36,36756,卖盘
878,13:13:35,10.21,--,18,18378,卖盘
879,13:13:21,10.21,-0.01,30,30630,卖盘
880,13:13:17,10.22,0.01,1,1022,买盘
881,13:13:05,10.21,--,1,1021,卖盘
882,13:12:57,10.21,--,15,16213,卖盘
883,13:12:50,10.21,--,18,18378,卖盘
884,13:12:41,10.21,--,45,45945,卖盘
885,13:12:35,10.21,-0.01,36,36756,卖盘
886,13:12:20,10.22,0.01,21,21462,买盘
887,13:12:11,10.21,--,290,296090,卖盘
888,13:12:05,10.21,--,19,19399,卖盘
889,13:12:01,10.21,-0.01,56,57992,卖盘
890,13:11:56,10.22,0.01,8,8176,买盘
891,13:11:46,10.21,-0.01,30,30630,卖盘
892,13:11:41,10.22,--,19,19418,买盘
893,13:11:35,10.22,0.01,176,180352,买盘
894,13:11:26,10.21,--,101,103121,卖盘
895,13:11:21,10.21,0.01,20,20420,卖盘
896,13:11:16,10.2,-0.02,35,35700,卖盘
897,13:11:00,10.22,0.01,130,133769,买盘
898,13:10:56,10.21,--,200,204200,买盘
899,13:10:50,10.21,--,301,307433,卖盘
900,13:10:41,10.21,-0.01,126,128646,卖盘
901,13:10:35,10.22,0.01,114,116508,买盘
902,13:10:27,10.21,--,100,102100,卖盘
903,13:10:11,10.21,--,2,2042,卖盘
904,13:10:05,10.21,--,23,23789,卖盘
905,13:09:59,10.21,--,10,10210,卖盘
906,13:09:44,10.21,-0.01,35,35735,卖盘
907,13:09:41,10.22,0.01,42,42924,买盘
908,13:09:20,10.21,-0.01,28,28588,卖盘
909,13:09:11,10.22,0.01,90,91980,买盘
910,13:09:05,10.21,-0.01,20,20420,卖盘
911,13:08:44,10.22,0.01,5,5110,买盘
912,13:08:41,10.21,--,35,35735,卖盘
913,13:08:26,10.21,-0.01,20,20420,卖盘
914,13:08:11,10.22,0.01,10,10679,买盘
915,13:07:41,10.21,--,35,35735,卖盘
916,13:07:35,10.21,-0.01,18,18378,卖盘
917,13:07:26,10.22,0.01,10,10220,买盘
918,13:06:59,10.21,-0.01,5,5247,卖盘
919,13:06:50,10.22,0.01,21,21462,买盘
920,13:06:41,10.21,--,41,41861,卖盘
921,13:06:35,10.21,-0.01,45,46669,卖盘
922,13:06:14,10.22,0.01,34,34748,买盘
923,13:06:05,10.21,-0.01,30,30630,卖盘
924,13:05:44,10.22,--,111,114065,买盘
925,13:05:35,10.22,0.01,12,12264,买盘
926,13:05:29,10.21,--,5,5105,卖盘
927,13:05:20,10.21,--,59,60239,卖盘
928,13:04:55,10.21,-0.01,1,1021,卖盘
929,13:04:50,10.22,0.01,10,10220,买盘
930,13:04:44,10.21,--,36,36756,卖盘
931,13:04:35,10.21,-0.01,18,18378,卖盘
932,13:04:14,10.22,0.01,87,88914,买盘
933,13:04:05,10.21,--,2,2042,卖盘
934,13:03:50,10.21,--,128,130688,卖盘
935,13:03:44,10.21,--,36,36756,卖盘
936,13:03:35,10.21,--,94,96464,卖盘
937,13:03:29,10.21,0.01,161,164585,买盘
938,13:03:25,10.2,-0.01,70,71400,卖盘
939,13:03:20,10.21,-0.01,297,304053,卖盘
940,13:03:14,10.22,0.01,87,88914,买盘
941,13:03:10,10.21,--,43,43903,卖盘
942,13:03:05,10.21,--,519,529899,卖盘
943,13:02:50,10.21,--,28,28588,卖盘
944,13:02:44,10.21,--,64,65344,卖盘
945,13:02:29,10.21,--,9,9464,卖盘
946,13:02:23,10.21,--,18,18378,卖盘
947,13:02:05,10.21,-0.01,10,10210,卖盘
948,13:01:59,10.22,0.01,8,8176,买盘
949,13:01:53,10.21,-0.01,18,18378,卖盘
950,13:01:50,10.22,0.01,200,204400,买盘
951,13:01:44,10.21,--,36,36756,卖盘
952,13:01:38,10.21,--,10,10210,卖盘
953,13:01:35,10.21,--,26,26546,卖盘
954,13:01:23,10.21,--,5,5105,卖盘
955,13:01:14,10.21,--,1,1021,卖盘
956,13:00:44,10.21,--,36,36756,卖盘
957,13:00:20,10.21,--,30,30630,卖盘
958,13:00:14,10.21,--,4,5002,卖盘
959,13:00:08,10.21,-0.01,31,31651,卖盘
960,13:00:05,10.22,0.01,831,849282,买盘
961,11:30:00,10.21,--,0,0,卖盘
962,11:29:59,10.21,--,0,0,卖盘
963,11:29:59,10.21,--,1,1021,卖盘
964,11:29:54,10.21,-0.01,10,11077,卖盘
965,11:29:45,10.22,--,34,34748,买盘
966,11:29:15,10.22,--,152,155344,买盘
967,11:29:00,10.22,0.01,1,1022,买盘
968,11:28:54,10.21,-0.01,65,66365,卖盘
969,11:28:45,10.22,0.01,38,38836,买盘
970,11:28:39,10.21,--,1,1021,卖盘
971,11:28:36,10.21,-0.01,19,19399,卖盘
972,11:28:24,10.22,0.01,1,1022,买盘
973,11:28:16,10.21,--,32,32672,卖盘
974,11:28:06,10.21,-0.01,10,10210,卖盘
975,11:27:54,10.22,0.01,6,6132,买盘
976,11:27:45,10.21,--,40,40982,卖盘
977,11:27:39,10.21,--,0,0,卖盘
978,11:27:36,10.21,--,36,36756,卖盘
979,11:27:15,10.21,--,32,32672,卖盘
980,11:27:09,10.21,--,38,38798,卖盘
981,11:27:06,10.21,-0.02,18,18378,卖盘
982,11:26:50,10.23,--,1,1023,买盘
983,11:26:30,10.23,--,1,1023,买盘
984,11:26:15,10.23,--,1,1023,买盘
985,11:26:09,10.23,0.01,33,33759,买盘
986,11:26:05,10.22,--,9,9821,卖盘
987,11:26:00,10.22,-0.01,36,36792,卖盘
988,11:25:55,10.23,0.02,49,50127,买盘
989,11:25:45,10.21,--,2,2481,卖盘
990,11:25:39,10.21,-0.01,81,82701,卖盘
991,11:25:35,10.22,-0.01,214,219290,卖盘
992,11:25:24,10.23,0.01,1,1023,买盘
993,11:25:15,10.22,-0.01,1,1594,卖盘
994,11:25:09,10.23,0.01,182,186186,买盘
995,11:25:05,10.22,-0.01,1,1022,卖盘
996,11:25:00,10.23,--,1,1023,买盘
997,11:24:54,10.23,--,1,1023,买盘
998,11:24:50,10.23,0.01,180,184140,买盘
999,11:24:45,10.22,--,40,41748,卖盘
1000,11:24:39,10.22,--,1,1022,卖盘
1001,11:24:35,10.22,--,36,36792,卖盘
1002,11:24:30,10.22,--,71,72582,买盘
1003,11:24:09,10.22,--,43,43946,买盘
1004,11:24:05,10.22,-0.01,12,13265,卖盘
1005,11:23:54,10.23,--,181,185163,买盘
1006,11:23:48,10.23,0.01,1,1023,买盘
1007,11:23:45,10.22,--,8,9095,卖盘
1008,11:23:39,10.22,-0.01,30,30660,卖盘
1009,11:23:33,10.23,0.01,1,1023,买盘
1010,11:23:30,10.22,--,192,196224,卖盘
1011,11:23:24,10.22,--,30,30660,卖盘
1012,11:23:15,10.22,-0.01,10,10945,卖盘
1013,11:23:09,10.23,0.01,181,185163,买盘
1014,11:23:00,10.22,--,5,5110,卖盘
1015,11:22:54,10.22,-0.01,232,237104,卖盘
1016,11:22:48,10.23,0.01,1,1023,买盘
1017,11:22:45,10.22,--,81,82782,买盘
1018,11:22:39,10.22,0.01,101,103222,买盘
1019,11:22:33,10.21,-0.01,19,19399,卖盘
1020,11:22:24,10.22,--,5,5110,买盘
1021,11:22:18,10.22,--,16,16352,卖盘
1022,11:22:15,10.22,--,5,5110,卖盘
1023,11:22:09,10.22,--,10,10220,卖盘
1024,11:22:03,10.22,--,155,158829,买盘
1025,11:21:54,10.22,0.01,31,31682,买盘
1026,11:21:39,10.21,--,181,184801,卖盘
1027,11:21:33,10.21,--,69,70449,卖盘
1028,11:21:15,10.21,-0.01,31,31651,卖盘
1029,11:21:09,10.22,0.02,66,67452,买盘
1030,11:21:03,10.2,-0.01,20,20400,卖盘
1031,11:21:00,10.21,--,1,1021,买盘
1032,11:20:48,10.21,0.01,10,10210,买盘
1033,11:20:39,10.2,-0.02,19,19380,卖盘
1034,11:20:33,10.22,--,0,0,买盘
1035,11:20:24,10.22,0.01,243,248346,买盘
1036,11:20:18,10.21,-0.01,6,6126,卖盘
1037,11:20:14,10.22,--,20,20440,买盘
1038,11:20:09,10.22,0.01,62,63364,买盘
1039,11:20:03,10.21,-0.01,8,8515,卖盘
1040,11:19:59,10.22,--,62,63364,买盘
1041,11:19:54,10.22,0.02,5,5110,买盘
1042,11:19:48,10.2,--,0,0,卖盘
1043,11:19:44,10.2,-0.01,36,36720,卖盘
1044,11:19:39,10.21,0.01,162,165402,买盘
1045,11:19:33,10.2,-0.01,20,20400,卖盘
1046,11:19:24,10.21,-0.01,6,6126,卖盘
1047,11:19:18,10.22,0.01,26,26572,买盘
1048,11:19:14,10.21,--,36,36756,买盘
1049,11:19:09,10.21,--,11,11231,买盘
1050,11:19:03,10.21,0.01,35,35735,买盘
1051,11:18:59,10.2,-0.01,5,5293,卖盘
1052,11:18:54,10.21,0.01,467,477787,买盘
1053,11:18:48,10.2,--,11,11220,买盘
1054,11:18:39,10.2,--,1,1019,买盘
1055,11:18:29,10.2,--,10,10200,买盘
1056,11:18:18,10.2,0.01,1,1019,买盘
1057,11:18:14,10.19,--,32,32608,卖盘
1058,11:18:03,10.19,-0.01,34,34646,卖盘
1059,11:17:59,10.2,--,80,81600,买盘
1060,11:17:54,10.2,0.01,1,1019,买盘
1061,11:17:48,10.19,--,15,15896,卖盘
1062,11:17:42,10.19,-0.01,43,43817,卖盘
1063,11:17:39,10.2,0.01,64,65851,买盘
1064,11:17:33,10.19,-0.01,36,36684,卖盘
1065,11:17:18,10.2,0.01,22,22440,买盘
1066,11:17:12,10.19,--,54,55026,卖盘
1067,11:17:09,10.19,--,100,101900,卖盘
1068,11:16:57,10.19,-0.01,21,21399,卖盘
1069,11:16:54,10.2,--,4,4079,买盘
1070,11:16:42,10.2,--,8,8159,买盘
1071,11:16:33,10.2,--,50,51000,买盘
1072,11:16:24,10.2,--,256,261119,买盘
1073,11:16:18,10.2,--,542,552880,卖盘
1074,11:16:12,10.2,--,35,35700,卖盘
1075,11:16:09,10.2,--,50,51000,卖盘
1076,11:16:03,10.2,-0.01,67,68340,卖盘
1077,11:15:54,10.21,0.02,164,168424,买盘
1078,11:15:48,10.19,-0.01,6,6114,卖盘
1079,11:15:42,10.2,--,99,101020,卖盘
1080,11:15:39,10.2,--,202,206040,卖盘
1081,11:15:33,10.2,--,105,107099,卖盘
1082,11:15:27,10.2,--,404,412080,卖盘
1083,11:15:24,10.2,--,62,63239,卖盘
1084,11:15:18,10.2,--,266,272023,卖盘
1085,11:15:12,10.2,--,193,196860,卖盘
1086,11:15:08,10.2,--,49,49980,卖盘
1087,11:15:03,10.2,-0.01,351,358152,卖盘
1088,11:14:57,10.21,--,93,94953,卖盘
1089,11:14:53,10.21,--,46,46966,卖盘
1090,11:14:48,10.21,--,69,70449,卖盘
1091,11:14:42,10.21,--,94,95974,卖盘
1092,11:14:33,10.21,-0.01,169,172549,卖盘
1093,11:14:23,10.22,0.01,1,1022,买盘
1094,11:14:18,10.21,--,42,42882,卖盘
1095,11:14:12,10.21,-0.01,10,10210,卖盘
1096,11:14:03,10.22,0.01,10,10281,买盘
1097,11:13:48,10.21,--,17,17357,卖盘
1098,11:13:42,10.21,0.01,164,168271,买盘
1099,11:13:33,10.2,-0.01,143,145860,卖盘
1100,11:13:27,10.21,0.01,3,3063,买盘
1101,11:13:23,10.2,--,8,8159,卖盘
1102,11:13:12,10.2,--,32,32639,卖盘
1103,11:13:08,10.2,-0.01,33,33660,卖盘
1104,11:12:48,10.21,0.01,5,5105,买盘
1105,11:12:42,10.2,--,58,59159,卖盘
1106,11:12:33,10.2,--,30,30599,卖盘
1107,11:12:27,10.2,-0.01,5,5100,卖盘
1108,11:12:23,10.21,--,1,1021,买盘
1109,11:12:12,10.21,--,14,14294,买盘
1110,11:12:08,10.21,0.01,2,2042,买盘
1111,11:12:03,10.2,-0.01,24,24612,卖盘
1112,11:11:48,10.21,0.01,37,37777,买盘
1113,11:11:42,10.2,--,33,34292,卖盘
1114,11:11:33,10.2,-0.01,42,42840,卖盘
1115,11:11:27,10.21,0.01,11,11231,买盘
1116,11:11:18,10.2,-0.01,53,54059,卖盘
1117,11:11:12,10.21,0.01,4,4084,买盘
1118,11:11:06,10.2,-0.01,32,32639,卖盘
1119,11:10:57,10.21,0.01,1,1021,买盘
1120,11:10:48,10.2,--,31,31619,卖盘
1121,11:10:42,10.2,--,39,39780,卖盘
1122,11:10:33,10.2,-0.01,57,58139,卖盘
1123,11:10:27,10.21,0.01,4,4084,买盘
1124,11:10:18,10.2,-0.01,1,1019,卖盘
1125,11:10:12,10.21,0.01,4,4084,买盘
1126,11:10:06,10.2,--,32,32639,卖盘
1127,11:10:03,10.2,-0.01,306,312120,卖盘
1128,11:09:57,10.21,0.01,1,1021,买盘
1129,11:09:51,10.2,--,10,10924,卖盘
1130,11:09:48,10.2,-0.01,131,133620,卖盘
1131,11:09:42,10.21,--,3,3063,买盘
1132,11:09:36,10.21,0.01,1,1021,买盘
1133,11:09:33,10.2,--,161,164383,卖盘
1134,11:09:27,10.2,-0.01,10,10200,卖盘
1135,11:09:17,10.21,--,1,1021,买盘
1136,11:09:12,10.21,0.01,99,101079,买盘
1137,11:09:03,10.2,--,120,122399,卖盘
1138,11:08:57,10.2,--,18,18360,卖盘
1139,11:08:51,10.2,--,21,21420,卖盘
1140,11:08:42,10.2,--,41,41820,卖盘
1141,11:08:33,10.2,--,196,199920,卖盘
1142,11:08:27,10.2,--,108,110159,卖盘
1143,11:08:21,10.2,--,227,232141,卖盘
1144,11:08:17,10.2,--,318,324360,卖盘
1145,11:08:12,10.2,-0.01,82,83640,卖盘
1146,11:08:06,10.21,--,101,103121,买盘
1147,11:08:02,10.21,0.01,11,11231,买盘
1148,11:07:57,10.2,-0.01,29,29579,卖盘
1149,11:07:51,10.21,0.01,60,61260,买盘
1150,11:07:42,10.2,--,67,68340,卖盘
1151,11:07:36,10.2,--,92,93840,卖盘
1152,11:07:27,10.2,--,36,36720,卖盘
1153,11:07:21,10.2,--,1,1224,卖盘
1154,11:07:17,10.2,--,32,32639,卖盘
1155,11:07:06,10.2,--,19,19380,卖盘
1156,11:07:02,10.2,--,12,12240,卖盘
1157,11:06:57,10.2,-0.01,18,18360,卖盘
1158,11:06:51,10.21,0.01,5,5105,买盘
1159,11:06:47,10.2,-0.01,12,12240,卖盘
1160,11:06:36,10.21,--,7,7147,买盘
1161,11:06:32,10.21,--,307,313886,卖盘
1162,11:06:27,10.21,--,30,30630,卖盘
1163,11:06:21,10.21,--,4,5023,卖盘
1164,11:06:17,10.21,--,32,32672,卖盘
1165,11:06:06,10.21,--,18,18378,卖盘
1166,11:05:51,10.21,--,42,42882,卖盘
1167,11:05:47,10.21,--,37,37777,卖盘
1168,11:05:41,10.21,--,36,36756,卖盘
1169,11:05:36,10.21,--,36,36756,卖盘
1170,11:05:27,10.21,--,112,114352,卖盘
1171,11:05:21,10.21,--,8,9015,卖盘
1172,11:05:17,10.21,--,32,32672,卖盘
1173,11:05:12,10.21,--,42,42882,卖盘
1174,11:04:46,10.21,--,38,38798,卖盘
1175,11:04:42,10.21,--,51,52071,卖盘
1176,11:04:36,10.21,--,114,116394,卖盘
1177,11:04:15,10.21,--,32,32672,卖盘
1178,11:04:06,10.21,--,32,32672,卖盘
1179,11:03:42,10.21,--,39,39819,卖盘
1180,11:03:35,10.21,0.01,116,119273,买盘
1181,11:03:30,10.2,-0.01,55,56099,卖盘
1182,11:03:21,10.21,--,442,451751,卖盘
1183,11:03:15,10.21,-0.01,50,51050,卖盘
1184,11:03:12,10.22,0.01,176,179872,买盘
1185,11:03:06,10.21,-0.01,104,106184,卖盘
1186,11:03:00,10.22,--,21,21462,买盘
1187,11:02:57,10.22,-0.01,278,284892,卖盘
1188,11:02:51,10.23,0.01,73,74679,买盘
1189,11:02:45,10.22,--,54,55188,卖盘
1190,11:02:42,10.22,--,15,15330,卖盘
1191,11:02:36,10.22,--,118,120596,卖盘
1192,11:02:30,10.22,--,16,16965,卖盘
1193,11:02:27,10.22,-0.01,10,10700,卖盘
1194,11:02:12,10.23,0.01,3,3069,买盘
1195,11:02:06,10.22,-0.01,38,38836,卖盘
1196,11:01:57,10.23,0.01,1,1023,买盘
1197,11:01:51,10.22,--,49,50078,卖盘
1198,11:01:45,10.22,-0.01,36,36792,卖盘
1199,11:01:41,10.23,0.01,3,3069,买盘
1200,11:01:36,10.22,--,92,94024,卖盘
1201,11:01:27,10.22,--,1,1022,卖盘
1202,11:01:21,10.22,-0.01,11,11242,卖盘
1203,11:01:12,10.23,--,3,3069,买盘
1204,11:01:06,10.23,--,33,33759,买盘
1205,11:00:51,10.23,--,104,106392,买盘
1206,11:00:45,10.23,--,1,1023,买盘
1207,11:00:41,10.23,--,46,47058,买盘
1208,11:00:21,10.23,--,1,1023,买盘
1209,11:00:15,10.23,--,1,1023,买盘
1210,11:00:11,10.23,0.01,4,4092,买盘
1211,11:00:05,10.22,-0.01,18,18396,卖盘
1212,11:00:00,10.23,0.01,12,12276,买盘
1213,10:59:51,10.22,--,94,96660,卖盘
1214,10:59:45,10.22,-0.01,36,36792,卖盘
1215,10:59:41,10.23,0.01,3,3069,买盘
1216,10:59:36,10.22,-0.01,1,1022,卖盘
1217,10:59:29,10.23,0.01,1,1023,买盘
1218,10:59:26,10.22,-0.01,3,3066,卖盘
1219,10:59:21,10.23,0.01,25,25575,买盘
1220,10:59:15,10.22,--,41,42075,卖盘
1221,10:59:11,10.22,-0.01,30,30660,卖盘
1222,10:59:06,10.23,0.01,33,33759,买盘
1223,10:58:56,10.22,--,62,63364,卖盘
1224,10:58:51,10.22,--,108,110376,卖盘
1225,10:58:45,10.22,--,36,36792,卖盘
1226,10:58:36,10.22,-0.01,25,25550,卖盘
1227,10:58:15,10.23,--,1,1023,买盘
1228,10:58:11,10.23,0.01,1,1023,买盘
1229,10:58:06,10.22,--,4,4088,卖盘
1230,10:58:00,10.22,-0.01,1,1022,卖盘
1231,10:57:50,10.23,--,53,54219,买盘
1232,10:57:45,10.23,0.01,37,37851,买盘
1233,10:57:36,10.22,-0.01,2,2044,卖盘
1234,10:57:30,10.23,--,1,1023,买盘
1235,10:57:21,10.23,--,10,10230,买盘
1236,10:57:15,10.23,0.01,72,74668,买盘
1237,10:57:11,10.22,--,52,53144,卖盘
1238,10:57:05,10.22,-0.01,51,52122,卖盘
1239,10:57:00,10.23,0.01,18,18414,买盘
1240,10:56:54,10.22,--,1,1022,卖盘
1241,10:56:51,10.22,-0.01,75,76650,卖盘
1242,10:56:45,10.23,0.01,100,102300,买盘
1243,10:56:36,10.22,--,4,4088,卖盘
1244,10:56:30,10.22,-0.01,25,26275,卖盘
1245,10:56:24,10.23,0.01,21,21483,买盘
1246,10:56:14,10.22,-0.01,17,17374,卖盘
1247,10:56:09,10.23,0.01,1,1023,买盘
1248,10:56:05,10.22,--,32,32704,卖盘
1249,10:56:00,10.22,-0.01,8,8952,卖盘
1250,10:55:51,10.23,--,53,54219,买盘
1251,10:55:45,10.23,0.01,40,40920,买盘
1252,10:55:36,10.22,--,19,19418,卖盘
1253,10:55:30,10.22,-0.01,39,39858,卖盘
1254,10:55:24,10.23,--,1,1023,买盘
1255,10:55:20,10.23,--,85,86955,买盘
1256,10:55:09,10.23,0.01,3,3069,买盘
1257,10:55:06,10.22,--,36,36792,卖盘
1258,10:55:00,10.22,--,222,226884,卖盘
1259,10:54:54,10.22,--,10,10220,卖盘
1260,10:54:45,10.22,-0.01,109,111398,卖盘
1261,10:54:39,10.23,0.01,3,3069,买盘
1262,10:54:35,10.22,-0.01,115,117530,卖盘
1263,10:54:30,10.23,0.01,39,39897,买盘
1264,10:54:24,10.22,--,3,4047,卖盘
1265,10:54:20,10.22,-0.01,40,40880,卖盘
1266,10:54:09,10.23,0.01,5,5115,买盘
1267,10:54:06,10.22,--,43,43946,卖盘
1268,10:54:00,10.22,0.01,26,26572,买盘
1269,10:53:51,10.21,-0.01,226,230746,卖盘
1270,10:53:45,10.22,--,218,222796,买盘
1271,10:53:39,10.22,0.01,131,133882,买盘
1272,10:53:36,10.21,-0.01,38,38798,卖盘
1273,10:53:30,10.22,--,28,28616,买盘
1274,10:53:24,10.22,0.01,29,29638,买盘
1275,10:53:20,10.21,--,38,38798,卖盘
1276,10:53:15,10.21,-0.01,9,9995,卖盘
1277,10:53:09,10.22,0.01,35,35770,买盘
1278,10:53:05,10.21,-0.01,145,148045,卖盘
1279,10:52:54,10.22,0.01,1,1022,买盘
1280,10:52:45,10.21,-0.01,36,36756,卖盘
1281,10:52:39,10.22,0.01,3,3066,买盘
1282,10:52:35,10.21,-0.01,55,56155,卖盘
1283,10:52:30,10.22,--,40,40880,买盘
1284,10:52:24,10.22,--,27,27594,买盘
1285,10:52:09,10.22,0.01,43,43946,买盘
1286,10:52:00,10.21,--,38,38798,卖盘
1287,10:51:54,10.21,--,1,1021,卖盘
1288,10:51:50,10.21,-0.01,226,230746,卖盘
1289,10:51:45,10.22,--,1,1022,买盘
1290,10:51:39,10.22,0.01,5,5110,买盘
1291,10:51:35,10.21,--,18,18378,卖盘
1292,10:51:30,10.21,--,21,21441,卖盘
1293,10:51:24,10.21,--,1,1021,卖盘
1294,10:51:20,10.21,--,38,38798,卖盘
1295,10:51:15,10.21,-0.01,19,19399,卖盘
1296,10:51:09,10.22,0.01,21,21462,买盘
1297,10:51:05,10.21,--,138,140898,卖盘
1298,10:51:00,10.21,--,54,55134,卖盘
1299,10:50:53,10.21,--,240,245040,卖盘
1300,10:50:50,10.21,--,71,72491,卖盘
1301,10:50:45,10.21,--,90,91971,卖盘
1302,10:50:39,10.21,--,98,100058,卖盘
1303,10:50:35,10.21,-0.01,43,43903,卖盘
1304,10:50:30,10.22,0.01,3,3066,买盘
1305,10:50:24,10.21,--,94,96658,卖盘
1306,10:50:20,10.21,--,67,68407,卖盘
1307,10:50:15,10.21,--,29,29609,卖盘
1308,10:50:09,10.21,--,27,27567,卖盘
1309,10:50:05,10.21,--,51,52071,卖盘
1310,10:50:00,10.21,--,12,12252,卖盘
1311,10:49:54,10.21,--,65,66365,卖盘
1312,10:49:45,10.21,-0.01,24,24504,卖盘
1313,10:49:33,10.22,--,62,63364,买盘
1314,10:49:30,10.22,--,22,22484,卖盘
1315,10:49:14,10.22,--,16,16352,卖盘
1316,10:49:08,10.22,--,3,3066,卖盘
1317,10:49:03,10.22,-0.01,3,3066,卖盘
1318,10:49:00,10.23,--,1,1023,买盘
1319,10:48:48,10.23,--,5,5115,买盘
1320,10:48:38,10.23,--,2,2250,买盘
1321,10:48:32,10.23,0.01,6,6138,买盘
1322,10:48:30,10.22,-0.01,2,2044,卖盘
1323,10:48:24,10.23,--,5,5115,买盘
1324,10:48:17,10.23,0.01,1,1023,买盘
1325,10:48:09,10.22,--,3,3066,卖盘
1326,10:48:03,10.22,--,18,18396,卖盘
1327,10:47:59,10.22,-0.01,31,31978,卖盘
1328,10:47:53,10.23,0.01,25,25575,买盘
1329,10:47:48,10.22,--,53,54370,卖盘
1330,10:47:38,10.22,-0.01,40,40880,卖盘
1331,10:47:32,10.23,0.01,1,1023,买盘
1332,10:47:29,10.22,--,203,207466,卖盘
1333,10:47:24,10.22,--,15,15330,卖盘
1334,10:47:18,10.22,--,3,3066,卖盘
1335,10:47:14,10.22,-0.01,21,21462,卖盘
1336,10:47:08,10.23,0.01,1,1023,买盘
1337,10:47:02,10.22,--,94,96068,卖盘
1338,10:46:59,10.22,-0.01,10,10690,卖盘
1339,10:46:54,10.23,0.01,13,13299,买盘
1340,10:46:47,10.22,-0.01,52,53144,卖盘
1341,10:46:44,10.23,--,21,21483,卖盘
1342,10:46:39,10.23,0.01,105,107415,买盘
1343,10:46:32,10.22,-0.01,37,37814,卖盘
1344,10:46:24,10.23,0.01,51,52173,买盘
1345,10:46:18,10.22,-0.01,50,51100,卖盘
1346,10:46:08,10.23,--,93,95139,买盘
1347,10:46:02,10.23,0.01,59,60357,买盘
1348,10:45:53,10.22,--,79,80738,卖盘
1349,10:45:48,10.22,--,111,113442,卖盘
1350,10:45:44,10.22,--,29,29638,卖盘
1351,10:45:39,10.22,-0.02,124,126728,卖盘
1352,10:45:32,10.24,0.01,54,55296,买盘
1353,10:45:29,10.23,0.01,51,52173,买盘
1354,10:45:24,10.22,--,37,37814,卖盘
1355,10:45:18,10.22,--,28,28616,卖盘
1356,10:45:09,10.22,-0.01,45,45990,卖盘
1357,10:45:03,10.23,--,107,109461,卖盘
1358,10:44:59,10.23,--,4,4716,卖盘
1359,10:44:53,10.23,--,13,13299,卖盘
1360,10:44:47,10.23,-0.01,158,161634,卖盘
1361,10:44:38,10.24,0.01,1,1024,买盘
1362,10:44:32,10.23,--,77,78771,卖盘
1363,10:44:23,10.23,-0.01,9,9350,卖盘
1364,10:44:17,10.24,--,1,1024,买盘
1365,10:44:09,10.24,0.01,100,102400,买盘
1366,10:44:03,10.23,-0.01,1,1023,卖盘
1367,10:43:54,10.24,0.01,152,155648,买盘
1368,10:43:48,10.23,-0.01,5,5115,卖盘
1369,10:43:44,10.24,--,1,1024,买盘
1370,10:43:38,10.24,0.01,17,17408,买盘
1371,10:43:32,10.23,--,109,111507,卖盘
1372,10:43:23,10.23,--,10,10230,卖盘
1373,10:43:13,10.23,-0.01,44,45738,卖盘
1374,10:43:03,10.24,--,10,10240,买盘
1375,10:42:58,10.24,0.01,1,1024,买盘
1376,10:42:48,10.23,-0.01,10,10230,卖盘
1377,10:42:38,10.24,--,10,10240,买盘
1378,10:42:32,10.24,--,71,72704,买盘
1379,10:42:23,10.24,--,1,1024,买盘
1380,10:42:08,10.24,0.01,16,16384,买盘
1381,10:42:03,10.23,0.01,46,47058,卖盘
1382,10:41:53,10.22,-0.02,72,73584,卖盘
1383,10:41:48,10.24,0.02,13,13312,买盘
1384,10:41:42,10.22,--,5,5518,卖盘
1385,10:41:38,10.22,-0.02,52,53144,卖盘
1386,10:41:17,10.24,0.02,57,58726,买盘
1387,10:41:08,10.22,--,18,18396,卖盘
1388,10:41:02,10.22,-0.01,68,69496,卖盘
1389,10:40:53,10.23,--,105,107415,卖盘
1390,10:40:38,10.23,--,3,3069,卖盘
1391,10:40:32,10.23,--,20,20460,卖盘
1392,10:40:23,10.23,--,31,31713,卖盘
1393,10:40:17,10.23,--,36,36828,卖盘
1394,10:40:08,10.23,--,60,61380,卖盘
1395,10:40:02,10.23,--,101,103323,卖盘
1396,10:39:56,10.23,--,2,2046,卖盘
1397,10:39:23,10.23,-0.01,15,15345,卖盘
1398,10:39:11,10.24,0.01,94,96256,买盘
1399,10:39:08,10.23,--,3,3069,卖盘
1400,10:39:02,10.23,-0.01,231,236313,卖盘
1401,10:38:47,10.24,0.01,5,5120,买盘
1402,10:38:41,10.23,-0.01,100,102525,卖盘
1403,10:38:32,10.24,--,22,23070,买盘
1404,10:38:27,10.24,0.01,32,32768,买盘
1405,10:38:18,10.23,--,4,4092,卖盘
1406,10:38:12,10.23,--,3,3069,卖盘
1407,10:38:02,10.23,-0.01,190,194370,卖盘
1408,10:37:56,10.24,--,11,11264,买盘
1409,10:37:53,10.24,--,1,1024,买盘
1410,10:37:47,10.24,--,16,16384,买盘
1411,10:37:41,10.24,0.01,101,103424,买盘
1412,10:37:32,10.23,--,120,122760,卖盘
1413,10:37:27,10.23,--,45,46035,卖盘
1414,10:37:23,10.23,0.01,173,176979,买盘
1415,10:37:11,10.22,-0.01,0,163,卖盘
1416,10:37:02,10.23,--,62,63426,买盘
1417,10:36:57,10.23,--,10,10230,买盘
1418,10:36:53,10.23,0.01,1,1023,买盘
1419,10:36:41,10.22,-0.01,4,4088,卖盘
1420,10:36:17,10.23,0.01,1,1023,买盘
1421,10:36:08,10.22,--,5,5110,卖盘
1422,10:36:02,10.22,--,23,24497,卖盘
1423,10:35:53,10.22,--,2,2044,卖盘
1424,10:35:41,10.22,-0.01,11,11242,卖盘
1425,10:35:33,10.23,--,1,1023,买盘
1426,10:35:17,10.23,0.01,16,16368,买盘
1427,10:35:11,10.22,--,103,106063,卖盘
1428,10:35:02,10.22,-0.01,51,52122,卖盘
1429,10:34:56,10.23,0.01,13,13299,买盘
1430,10:34:50,10.22,--,103,105266,卖盘
1431,10:34:32,10.22,--,19,19418,卖盘
1432,10:34:26,10.22,0.01,45,46490,买盘
1433,10:34:17,10.21,--,4,4084,卖盘
1434,10:34:11,10.21,--,200,204200,卖盘
1435,10:34:02,10.21,--,1,1021,卖盘
1436,10:33:50,10.21,--,74,75554,卖盘
1437,10:33:41,10.21,-0.01,4,4084,卖盘
1438,10:33:26,10.22,--,648,662777,卖盘
1439,10:33:20,10.22,--,70,71540,卖盘
1440,10:33:17,10.22,-0.01,4,4977,卖盘
1441,10:33:11,10.23,0.01,1,1023,买盘
1442,10:33:02,10.22,--,98,100156,卖盘
1443,10:32:56,10.22,--,309,315798,卖盘
1444,10:32:41,10.22,--,8,8176,卖盘
1445,10:32:26,10.22,--,17,17374,卖盘
1446,10:32:17,10.22,--,240,245280,卖盘
1447,10:32:11,10.22,--,3,3066,卖盘
1448,10:31:56,10.22,--,18,18396,卖盘
1449,10:31:50,10.22,--,8,9075,卖盘
1450,10:31:35,10.22,--,19,19418,卖盘
1451,10:31:32,10.22,-0.01,50,51100,卖盘
1452,10:31:20,10.23,0.01,4,4092,买盘
1453,10:31:17,10.22,--,1,1226,卖盘
1454,10:31:05,10.22,--,1,1022,卖盘
1455,10:30:56,10.22,--,3,3066,卖盘
1456,10:30:47,10.22,--,18,18396,卖盘
1457,10:30:41,10.22,--,20,20440,卖盘
1458,10:30:26,10.22,--,88,90303,卖盘
1459,10:30:20,10.22,--,50,51100,卖盘
1460,10:30:17,10.22,--,30,30660,卖盘
1461,10:30:11,10.22,--,53,54166,卖盘
1462,10:30:05,10.22,--,36,36792,卖盘
1463,10:30:01,10.22,0.01,479,489721,买盘
1464,10:29:50,10.21,-0.01,10,10934,卖盘
1465,10:29:46,10.22,--,3000,3066000,买盘
1466,10:29:41,10.22,--,3,3066,买盘
1467,10:29:35,10.22,--,9,9198,买盘
1468,10:29:11,10.22,--,12,12264,买盘
1469,10:28:41,10.22,0.01,12,12264,买盘
1470,10:28:35,10.21,--,55,56553,卖盘
1471,10:28:05,10.21,--,182,185822,卖盘
1472,10:27:50,10.21,--,15,15315,卖盘
1473,10:27:41,10.21,-0.01,560,571760,卖盘
1474,10:27:26,10.22,0.01,26,26572,买盘
1475,10:27:20,10.21,--,25,25525,卖盘
1476,10:27:05,10.21,--,19,19399,卖盘
1477,10:26:50,10.21,-0.01,4,4104,卖盘
1478,10:26:29,10.22,--,20,20440,买盘
1479,10:26:14,10.22,0.01,33,33726,买盘
1480,10:26:05,10.21,--,1,1021,卖盘
1481,10:25:59,10.21,--,10,10210,卖盘
1482,10:25:56,10.21,--,285,290985,卖盘
1483,10:25:44,10.21,--,9,9934,卖盘
1484,10:25:35,10.21,--,19,19399,卖盘
1485,10:25:26,10.21,-0.01,157,160297,卖盘
1486,10:25:20,10.22,0.01,123,125706,买盘
1487,10:25:05,10.21,-0.01,158,161318,卖盘
1488,10:24:59,10.22,--,62,63364,买盘
1489,10:24:44,10.22,0.01,147,150234,买盘
1490,10:24:29,10.21,-0.01,143,146003,卖盘
1491,10:24:26,10.22,--,14,14308,买盘
1492,10:24:14,10.22,--,21,21462,买盘
1493,10:24:11,10.22,--,19,20256,卖盘
1494,10:24:05,10.22,--,18,18396,卖盘
1495,10:23:59,10.22,--,24,24711,买盘
1496,10:23:44,10.22,-0.01,18,18396,中性盘
1497,10:23:41,10.23,0.01,5,5115,买盘
1498,10:23:29,10.22,-0.01,11,11242,中性盘
1499,10:23:14,10.23,0.01,90,92070,买盘
1500,10:23:11,10.22,0.01,80,81760,买盘
1501,10:23:05,10.21,-0.01,2,2042,卖盘
1502,10:22:59,10.22,0.01,6,6132,买盘
1503,10:22:44,10.21,--,8,8749,卖盘
1504,10:22:40,10.21,-0.01,19,19399,卖盘
1505,10:22:35,10.22,0.01,62,63364,买盘
1506,10:22:25,10.21,--,20,20420,卖盘
1507,10:22:20,10.21,--,80,81680,卖盘
1508,10:22:14,10.21,--,120,122520,卖盘
1509,10:22:10,10.21,--,6,6126,卖盘
1510,10:22:05,10.21,0.01,6,6126,买盘
1511,10:21:50,10.2,-0.01,71,72420,卖盘
1512,10:21:44,10.21,-0.01,185,188885,卖盘
1513,10:21:35,10.22,0.02,50,51100,中性盘
1514,10:21:20,10.2,-0.02,514,524279,卖盘
1515,10:21:14,10.22,0.02,102,104244,买盘
1516,10:21:05,10.2,-0.01,147,150929,卖盘
1517,10:20:53,10.21,0.01,129,131709,买盘
1518,10:20:50,10.2,--,136,138720,卖盘
1519,10:20:38,10.2,-0.01,116,118319,卖盘
1520,10:20:35,10.21,--,11,11231,买盘
1521,10:20:29,10.21,--,33,33693,买盘
1522,10:20:20,10.21,0.01,126,129442,买盘
1523,10:20:14,10.2,-0.01,35,35700,卖盘
1524,10:20:08,10.21,--,62,63302,买盘
1525,10:20:05,10.21,--,72,73512,买盘
1526,10:19:59,10.21,0.01,82,83722,买盘
1527,10:19:50,10.2,--,136,138720,卖盘
1528,10:19:44,10.2,-0.01,3,3060,卖盘
1529,10:19:38,10.21,0.01,20,20420,买盘
1530,10:19:35,10.2,--,27,27539,卖盘
1531,10:19:29,10.2,--,14,14279,卖盘
1532,10:19:23,10.2,--,279,284580,卖盘
1533,10:19:14,10.2,--,101,103132,买盘
1534,10:19:05,10.2,0.01,76,77520,买盘
1535,10:18:59,10.19,-0.01,140,142660,卖盘
1536,10:18:53,10.2,--,87,88740,买盘
1537,10:18:44,10.2,--,94,95880,买盘
1538,10:18:38,10.2,--,169,172380,买盘
1539,10:18:35,10.2,0.01,14,14279,买盘
1540,10:18:20,10.19,--,5,5095,卖盘
1541,10:18:14,10.19,-0.01,571,582399,卖盘
1542,10:18:08,10.2,0.01,62,63239,买盘
1543,10:18:05,10.19,-0.01,197,200743,卖盘
1544,10:17:59,10.2,--,89,90780,买盘
1545,10:17:53,10.2,--,28,28559,买盘
1546,10:17:44,10.2,0.01,12,12240,买盘
1547,10:17:38,10.19,-0.01,547,557393,卖盘
1548,10:17:34,10.2,0.01,6,6120,买盘
1549,10:17:29,10.19,--,11,11209,卖盘
1550,10:17:23,10.19,-0.01,125,127375,卖盘
1551,10:17:20,10.2,0.01,12,12240,买盘
1552,10:17:14,10.19,--,18,18342,卖盘
1553,10:17:08,10.19,--,54,55026,卖盘
1554,10:17:05,10.19,-0.01,255,259845,卖盘
1555,10:16:59,10.2,0.01,5,5100,买盘
1556,10:16:44,10.19,-0.01,10,10190,卖盘
1557,10:16:38,10.2,0.01,25,25500,买盘
1558,10:16:34,10.19,-0.01,19,19361,卖盘
1559,10:16:23,10.2,--,1273,1298664,卖盘
1560,10:16:14,10.2,--,147,149940,卖盘
1561,10:16:08,10.2,--,7,7139,卖盘
1562,10:15:59,10.2,--,179,182580,卖盘
1563,10:15:53,10.2,--,227,231539,卖盘
1564,10:15:49,10.2,--,30,30599,卖盘
1565,10:15:44,10.2,--,58,59159,卖盘
1566,10:15:38,10.2,--,211,215219,卖盘
1567,10:15:34,10.2,--,34,34680,卖盘
1568,10:15:29,10.2,-0.01,123,125459,卖盘
1569,10:15:19,10.21,--,598,611027,卖盘
1570,10:15:08,10.21,--,18,18378,卖盘
1571,10:15:04,10.21,--,36,36756,卖盘
1572,10:14:59,10.21,--,18,18378,卖盘
1573,10:14:53,10.21,--,47,47987,卖盘
1574,10:14:38,10.21,--,10,10210,卖盘
1575,10:14:32,10.21,--,62,63302,卖盘
1576,10:14:29,10.21,--,142,144982,卖盘
1577,10:14:23,10.21,--,6,6126,卖盘
1578,10:14:17,10.21,--,20,20420,卖盘
1579,10:14:08,10.21,--,10,10210,卖盘
1580,10:13:59,10.21,--,120,122520,卖盘
1581,10:13:47,10.21,--,5,5105,卖盘
1582,10:13:38,10.21,--,52,53367,卖盘
1583,10:13:32,10.21,--,19,19399,卖盘
1584,10:13:14,10.21,--,4,4084,卖盘
1585,10:13:08,10.21,-0.01,52,53092,卖盘
1586,10:12:59,10.22,0.01,80,81760,买盘
1587,10:12:53,10.21,-0.01,28,28588,卖盘
1588,10:12:47,10.22,0.01,8,8176,买盘
1589,10:12:44,10.21,-0.01,109,111289,卖盘
1590,10:12:38,10.22,0.01,7,7154,买盘
1591,10:12:32,10.21,-0.01,43,43903,卖盘
1592,10:12:29,10.22,0.01,4,4088,买盘
1593,10:12:08,10.21,--,23,23483,卖盘
1594,10:11:59,10.21,-0.01,13,13763,卖盘
1595,10:11:44,10.22,--,50,51100,买盘
1596,10:11:38,10.22,0.01,400,408800,买盘
1597,10:11:32,10.21,--,5,5105,卖盘
1598,10:11:23,10.21,--,233,238699,买盘
1599,10:11:17,10.21,--,138,140898,买盘
1600,10:10:53,10.21,0.01,85,86785,买盘
1601,10:10:43,10.2,--,3,3671,卖盘
1602,10:10:38,10.2,--,6,6120,卖盘
1603,10:10:32,10.2,-0.01,276,281520,卖盘
1604,10:10:28,10.21,--,2,2042,买盘
1605,10:10:17,10.21,--,1,1021,买盘
1606,10:10:13,10.21,0.01,10,10210,买盘
1607,10:10:08,10.2,-0.01,8,9139,卖盘
1608,10:09:58,10.21,--,22,22462,买盘
1609,10:09:53,10.21,0.01,20,20420,买盘
1610,10:09:43,10.2,-0.01,47,47940,卖盘
1611,10:09:32,10.21,--,101,103121,卖盘
1612,10:09:28,10.21,--,25,25525,卖盘
1613,10:09:23,10.21,--,1,1021,卖盘
1614,10:09:08,10.21,--,50,51050,卖盘
1615,10:09:02,10.21,--,18,18378,卖盘
1616,10:08:53,10.21,--,47,47987,卖盘
1617,10:08:47,10.21,--,20,20420,卖盘
1618,10:08:38,10.21,--,23,23483,卖盘
1619,10:08:32,10.21,--,15,15315,卖盘
1620,10:08:08,10.21,-0.01,1,1021,卖盘
1621,10:07:56,10.22,--,92,94024,卖盘
1622,10:07:47,10.22,--,122,124684,卖盘
1623,10:07:41,10.22,--,30,30660,卖盘
1624,10:07:38,10.22,--,20,20440,卖盘
1625,10:07:32,10.22,--,169,172718,卖盘
1626,10:07:26,10.22,--,282,288204,卖盘
1627,10:07:23,10.22,--,18,18396,卖盘
1628,10:07:17,10.22,--,133,135926,卖盘
1629,10:07:08,10.22,--,118,120596,卖盘
1630,10:07:02,10.22,--,122,124684,卖盘
1631,10:06:56,10.22,--,165,168630,卖盘
1632,10:06:53,10.22,--,116,118552,卖盘
1633,10:06:47,10.22,--,103,105266,卖盘
1634,10:06:41,10.22,--,24,24528,卖盘
1635,10:06:37,10.22,--,156,159432,卖盘
1636,10:06:32,10.22,--,94,96068,卖盘
1637,10:06:23,10.22,--,1,1022,卖盘
1638,10:06:17,10.22,-0.01,12,12264,卖盘
1639,10:06:11,10.23,0.01,3,3069,买盘
1640,10:06:08,10.22,--,18,18396,卖盘
1641,10:06:02,10.22,--,99,101178,卖盘
1642,10:05:56,10.22,--,103,105266,卖盘
1643,10:05:53,10.22,--,6,6132,卖盘
1644,10:05:47,10.22,-0.01,36,36792,卖盘
1645,10:05:11,10.23,0.01,262,268026,买盘
1646,10:05:08,10.22,--,24,24528,卖盘
1647,10:05:02,10.22,--,222,226884,卖盘
1648,10:04:56,10.22,--,272,277984,卖盘
1649,10:04:53,10.22,-0.01,7,7154,卖盘
1650,10:04:47,10.23,--,6,6138,买盘
1651,10:04:32,10.23,0.01,45,46035,买盘
1652,10:04:26,10.22,--,272,277984,卖盘
1653,10:04:11,10.22,--,272,277984,卖盘
1654,10:04:07,10.22,-0.01,1,1022,卖盘
1655,10:04:02,10.23,0.01,1,1023,买盘
1656,10:03:47,10.22,-0.01,42,42924,卖盘
1657,10:03:37,10.23,0.01,7,7161,买盘
1658,10:03:26,10.22,0.01,272,277984,卖盘
1659,10:03:22,10.21,--,0,0,卖盘
1660,10:03:11,10.21,--,86,87806,卖盘
1661,10:03:07,10.21,--,38,38798,卖盘
1662,10:03:02,10.21,--,18,18378,卖盘
1663,10:02:56,10.21,--,63,64323,卖盘
1664,10:02:47,10.21,--,12,12252,卖盘
1665,10:02:41,10.21,-0.01,85,86785,卖盘
1666,10:02:37,10.22,0.01,4,4088,买盘
1667,10:02:32,10.21,--,193,197053,卖盘
1668,10:02:26,10.21,-0.02,12,12252,卖盘
1669,10:02:22,10.23,--,0,0,买盘
1670,10:02:17,10.23,0.01,364,372985,买盘
1671,10:02:11,10.22,--,26,26572,卖盘
1672,10:02:02,10.22,--,18,18396,卖盘
1673,10:01:56,10.22,--,42,42924,卖盘
1674,10:01:52,10.22,--,48,49056,卖盘
1675,10:01:41,10.22,--,72,73584,卖盘
1676,10:01:37,10.22,--,18,18396,卖盘
1677,10:01:26,10.22,--,313,319886,卖盘
1678,10:01:16,10.22,--,272,277984,卖盘
1679,10:01:11,10.22,--,18,18396,卖盘
1680,10:01:02,10.22,-0.01,10,10220,卖盘
1681,10:00:56,10.23,--,2,2046,买盘
1682,10:00:50,10.23,0.01,44,45012,买盘
1683,10:00:35,10.22,--,362,369964,卖盘
1684,10:00:11,10.22,--,25,25754,卖盘
1685,10:00:05,10.22,--,12,12264,卖盘
1686,10:00:02,10.22,--,78,79920,买盘
1687,09:59:56,10.22,--,5,5110,买盘
1688,09:59:41,10.22,0.01,334,341348,买盘
1689,09:59:32,10.21,-0.01,25,25525,卖盘
1690,09:59:26,10.22,--,8,8176,买盘
1691,09:59:16,10.22,0.01,422,431284,买盘
1692,09:59:11,10.21,-0.01,50,51050,卖盘
1693,09:59:05,10.22,--,63,64386,买盘
1694,09:58:56,10.22,--,57,58254,买盘
1695,09:58:47,10.22,--,23,23506,买盘
1696,09:58:41,10.22,0.01,323,330106,买盘
1697,09:58:35,10.21,-0.01,77,78617,卖盘
1698,09:58:31,10.22,0.01,100,102200,买盘
1699,09:58:26,10.21,--,30,30630,卖盘
1700,09:58:01,10.21,-0.01,157,160297,卖盘
1701,09:57:56,10.22,--,75,77038,买盘
1702,09:57:50,10.22,--,114,116702,卖盘
1703,09:57:46,10.22,--,283,289226,卖盘
1704,09:57:41,10.22,--,71,73430,卖盘
1705,09:57:35,10.22,--,10,10220,卖盘
1706,09:57:20,10.22,--,106,108332,卖盘
1707,09:57:16,10.22,--,34,34748,卖盘
1708,09:57:11,10.22,--,28,28616,卖盘
1709,09:57:05,10.22,--,292,298424,卖盘
1710,09:56:50,10.22,--,37,37814,卖盘
1711,09:56:46,10.22,--,26,26572,卖盘
1712,09:56:41,10.22,--,17,17374,卖盘
1713,09:56:35,10.22,--,65,66430,卖盘
1714,09:56:20,10.22,--,5,5110,卖盘
1715,09:56:16,10.22,--,112,114464,卖盘
1716,09:56:11,10.22,--,118,120596,卖盘
1717,09:56:05,10.22,--,18,18396,卖盘
1718,09:56:01,10.22,--,70,71540,卖盘
1719,09:55:56,10.22,--,77,78694,卖盘
1720,09:55:50,10.22,--,309,316779,卖盘
1721,09:55:35,10.22,--,3,3066,卖盘
1722,09:55:31,10.22,--,186,190092,卖盘
1723,09:55:26,10.22,--,1,1022,卖盘
1724,09:55:20,10.22,--,60,61320,卖盘
1725,09:55:11,10.22,--,356,363832,卖盘
1726,09:55:05,10.22,-0.01,12,12264,卖盘
1727,09:55:01,10.23,0.01,87,89001,买盘
1728,09:54:56,10.22,--,158,161476,卖盘
1729,09:54:50,10.22,--,113,115486,卖盘
1730,09:54:46,10.22,--,5,5110,卖盘
1731,09:54:35,10.22,--,114,116508,卖盘
1732,09:54:31,10.22,--,170,173740,卖盘
1733,09:54:25,10.22,0.01,272,277984,卖盘
1734,09:54:20,10.21,-0.01,5,5105,卖盘
1735,09:54:16,10.22,0.01,148,151256,买盘
1736,09:54:11,10.21,--,93,94953,卖盘
1737,09:54:05,10.21,-0.01,1,1021,卖盘
1738,09:53:59,10.22,0.01,8,8176,买盘
1739,09:53:56,10.21,--,30,30630,卖盘
1740,09:53:50,10.21,--,239,244019,买盘
1741,09:53:44,10.21,--,3,3063,买盘
1742,09:53:41,10.21,0.01,10,10210,买盘
1743,09:53:35,10.2,-0.01,276,281520,卖盘
1744,09:53:29,10.21,--,56,57176,卖盘
1745,09:53:20,10.21,--,2,2042,卖盘
1746,09:53:14,10.21,--,20,20420,卖盘
1747,09:53:11,10.21,--,301,307321,卖盘
1748,09:53:05,10.21,--,451,460716,买盘
1749,09:52:59,10.21,--,28,28588,买盘
1750,09:52:56,10.21,--,39,39819,买盘
1751,09:52:50,10.21,0.01,66,67386,买盘
1752,09:52:40,10.2,--,8,8159,卖盘
1753,09:52:25,10.2,--,71,72420,买盘
1754,09:52:10,10.2,--,195,198900,买盘
1755,09:52:05,10.2,0.01,9,9180,买盘
1756,09:51:59,10.19,--,50,50950,卖盘
1757,09:51:55,10.19,-0.02,18,18342,卖盘
1758,09:51:50,10.21,0.01,240,245040,买盘
1759,09:51:44,10.2,--,61,62219,卖盘
1760,09:51:40,10.2,--,668,681655,卖盘
1761,09:51:29,10.2,--,100,102000,卖盘
1762,09:51:25,10.2,-0.01,687,700740,卖盘
1763,09:51:20,10.21,--,41,41861,卖盘
1764,09:51:14,10.21,--,31,31651,卖盘
1765,09:51:10,10.21,--,724,739204,卖盘
1766,09:51:05,10.21,--,18,18378,卖盘
1767,09:50:59,10.21,--,84,85764,卖盘
1768,09:50:55,10.21,--,10,10210,卖盘
1769,09:50:50,10.21,-0.01,447,456856,卖盘
1770,09:50:44,10.22,--,96,98112,卖盘
1771,09:50:35,10.22,--,77,78694,卖盘
1772,09:50:29,10.22,--,89,91969,卖盘
1773,09:50:20,10.22,--,350,357700,卖盘
1774,09:50:14,10.22,--,586,598892,卖盘
1775,09:50:10,10.22,--,197,201334,卖盘
1776,09:50:04,10.22,-0.02,1177,1202894,卖盘
1777,09:49:59,10.24,--,1067,1092608,买盘
1778,09:49:50,10.24,0.01,1142,1169408,买盘
1779,09:49:44,10.23,--,18,18414,卖盘
1780,09:49:40,10.23,--,48,49104,卖盘
1781,09:49:34,10.23,0.01,5,5115,买盘
1782,09:49:29,10.22,--,558,570276,卖盘
1783,09:49:25,10.22,--,0,0,卖盘
1784,09:49:04,10.22,--,93,95046,卖盘
1785,09:48:55,10.22,-0.01,64,65408,卖盘
1786,09:48:44,10.23,--,122,124806,买盘
1787,09:48:40,10.23,0.01,30,30690,买盘
1788,09:48:35,10.22,--,107,109354,卖盘
1789,09:48:19,10.22,--,11,11242,卖盘
1790,09:48:14,10.22,--,279,285138,卖盘
1791,09:48:10,10.22,--,272,277984,卖盘
1792,09:48:04,10.22,-0.01,27,27594,卖盘
1793,09:47:59,10.23,0.01,7,7161,买盘
1794,09:47:44,10.22,-0.01,117,119574,卖盘
1795,09:47:34,10.23,--,32,32736,买盘
1796,09:47:25,10.23,--,40,40920,买盘
1797,09:47:19,10.23,--,28,28644,买盘
1798,09:47:14,10.23,--,73,74679,买盘
1799,09:46:59,10.23,--,19,19437,买盘
1800,09:46:53,10.23,--,28,28644,买盘
1801,09:46:49,10.23,--,1,1023,买盘
1802,09:46:44,10.23,--,4,4092,买盘
1803,09:46:34,10.23,--,35,35805,买盘
1804,09:46:29,10.23,--,20,20460,买盘
1805,09:46:23,10.23,--,112,114576,买盘
1806,09:46:08,10.23,0.01,5,5115,买盘
1807,09:45:44,10.22,0.01,1954,1997550,买盘
1808,09:45:34,10.21,-0.01,100,102100,卖盘
1809,09:45:29,10.22,--,15,15330,买盘
1810,09:44:59,10.22,-0.03,3891,3977061,卖盘
1811,09:44:53,10.25,0.01,5,5125,买盘
1812,09:44:44,10.24,--,20,20480,卖盘
1813,09:44:34,10.24,-0.01,125,128000,卖盘
1814,09:44:29,10.25,0.01,216,221400,买盘
1815,09:44:13,10.24,-0.01,268,274432,卖盘
1816,09:44:04,10.25,--,18,18450,卖盘
1817,09:43:58,10.25,--,228,233700,卖盘
1818,09:43:49,10.25,--,144,147600,卖盘
1819,09:43:43,10.25,--,274,280850,买盘
1820,09:43:28,10.25,--,20,20500,买盘
1821,09:43:23,10.25,--,762,781050,卖盘
1822,09:43:19,10.25,--,40,41000,卖盘
1823,09:43:13,10.25,--,459,470475,卖盘
1824,09:43:08,10.25,--,76,77900,卖盘
1825,09:42:58,10.25,--,10,10250,卖盘
1826,09:42:53,10.25,--,107,109675,卖盘
1827,09:42:43,10.25,--,3,3075,卖盘
1828,09:42:38,10.25,--,1,1025,卖盘
1829,09:42:34,10.25,--,113,115825,卖盘
1830,09:42:23,10.25,-0.01,118,120950,卖盘
1831,09:42:13,10.26,0.01,6,6156,买盘
1832,09:42:08,10.25,--,1,1025,卖盘
1833,09:42:04,10.25,--,7,7175,卖盘
1834,09:41:58,10.25,--,475,486875,卖盘
1835,09:41:53,10.25,--,518,530950,卖盘
1836,09:41:49,10.25,--,52,53300,卖盘
1837,09:41:43,10.25,--,65,66625,卖盘
1838,09:41:38,10.25,--,100,102500,卖盘
1839,09:41:23,10.25,--,60,61500,卖盘
1840,09:41:19,10.25,--,4,4100,买盘
1841,09:41:13,10.25,0.01,7,7175,中性盘
1842,09:41:08,10.24,--,1,1024,卖盘
1843,09:40:58,10.24,--,60,61440,卖盘
1844,09:40:53,10.24,-0.01,490,501760,卖盘
1845,09:40:43,10.25,--,12,12300,卖盘
1846,09:40:38,10.25,--,12,12300,卖盘
1847,09:40:28,10.25,--,16,16400,卖盘
1848,09:40:23,10.25,--,65,66625,卖盘
1849,09:40:13,10.25,--,149,152725,卖盘
1850,09:40:08,10.25,--,60,61500,卖盘
1851,09:39:53,10.25,--,212,217300,卖盘
1852,09:39:47,10.25,0.01,43,44075,买盘
1853,09:39:43,10.24,--,60,61450,卖盘
1854,09:39:38,10.24,-0.01,12,12288,卖盘
1855,09:39:32,10.25,--,106,108650,卖盘
1856,09:39:28,10.25,--,560,574000,卖盘
1857,09:39:23,10.25,--,110,112750,卖盘
1858,09:39:13,10.25,--,83,85075,卖盘
1859,09:38:58,10.25,--,39,39975,卖盘
1860,09:38:53,10.25,--,92,94300,买盘
1861,09:38:43,10.25,--,71,72775,买盘
1862,09:38:38,10.25,--,553,566825,买盘
1863,09:37:58,10.25,--,205,210125,买盘
1864,09:37:52,10.25,--,0,0,买盘
1865,09:37:37,10.25,0.02,10,10250,买盘
1866,09:37:32,10.23,--,5,5115,卖盘
1867,09:37:28,10.23,-0.02,30,30690,卖盘
1868,09:37:13,10.25,0.02,100,102500,买盘
1869,09:37:07,10.23,--,80,81840,卖盘
1870,09:36:58,10.23,--,0,0,卖盘
1871,09:36:47,10.23,--,140,143220,卖盘
1872,09:36:43,10.23,--,130,132990,卖盘
1873,09:36:37,10.23,-0.02,38,38874,卖盘
1874,09:36:17,10.25,0.02,74,75850,买盘
1875,09:36:07,10.23,-0.02,1,1023,卖盘
1876,09:36:02,10.25,0.02,74,75850,买盘
1877,09:35:58,10.23,--,134,137082,卖盘
1878,09:35:52,10.23,-0.02,40,40920,卖盘
1879,09:35:47,10.25,0.02,134,137350,买盘
1880,09:35:37,10.23,-0.01,164,167772,卖盘
1881,09:35:32,10.24,--,39,39936,卖盘
1882,09:35:28,10.24,-0.01,63,64512,卖盘
1883,09:35:22,10.25,0.01,325,333125,买盘
1884,09:35:17,10.24,0.01,105,107520,买盘
1885,09:35:02,10.23,-0.01,128,130944,卖盘
1886,09:34:52,10.24,0.01,10,10240,卖盘
1887,09:34:47,10.23,-0.02,94,96305,卖盘
1888,09:34:43,10.25,0.02,105,107625,买盘
1889,09:34:37,10.23,--,0,0,卖盘
1890,09:34:28,10.23,--,40,40920,卖盘
1891,09:34:22,10.23,--,80,81840,卖盘
1892,09:34:17,10.23,--,31,31713,卖盘
1893,09:34:07,10.23,--,19,19437,卖盘
1894,09:34:02,10.23,-0.02,36,36828,卖盘
1895,09:33:52,10.25,0.02,123,126075,买盘
1896,09:33:47,10.23,--,18,18414,卖盘
1897,09:33:42,10.23,--,30,30690,卖盘
1898,09:33:37,10.23,-0.02,36,36828,卖盘
1899,09:33:32,10.25,--,74,75850,买盘
1900,09:33:22,10.25,0.02,98,100450,买盘
1901,09:33:17,10.23,--,18,18414,卖盘
1902,09:33:07,10.23,--,67,68541,卖盘
1903,09:33:02,10.23,--,0,0,卖盘
1904,09:32:58,10.23,-0.01,53,54219,卖盘
1905,09:32:52,10.24,--,44,45056,卖盘
1906,09:32:47,10.24,-0.01,46,47104,卖盘
1907,09:32:41,10.25,0.01,24,24600,买盘
1908,09:32:37,10.24,--,18,18432,卖盘
1909,09:32:32,10.24,--,54,55296,卖盘
1910,09:32:26,10.24,-0.02,58,59392,卖盘
1911,09:32:22,10.26,--,37,37962,买盘
1912,09:32:17,10.26,--,0,0,买盘
1913,09:32:11,10.26,0.01,74,75924,买盘
1914,09:32:07,10.25,--,7,7175,买盘
1915,09:31:52,10.25,--,62,63550,买盘
1916,09:31:46,10.25,--,56,57400,买盘
1917,09:31:41,10.25,--,38,38950,买盘
1918,09:31:37,10.25,-0.01,62,63550,中性盘
1919,09:31:31,10.26,0.02,154,158004,买盘
1920,09:31:16,10.24,0.01,19,19456,买盘
1921,09:31:07,10.23,-0.01,24,24552,卖盘
1922,09:31:01,10.24,--,21,21504,买盘
1923,09:30:52,10.24,0.01,7,7168,买盘
1924,09:30:46,10.23,-0.01,58,59334,卖盘
1925,09:30:31,10.24,0.01,1,1024,买盘
1926,09:30:22,10.23,--,20,20869,卖盘
1927,09:30:16,10.23,--,50,51150,卖盘
1928,09:30:11,10.23,--,35,35805,卖盘
1929,09:30:07,10.23,-0.01,97,99231,卖盘
1930,09:30:01,10.24,-0.01,1,1024,卖盘
1931,09:28:59,10.25,--,0,0,买盘
1932,09:25:07,10.25,10.25,147,150675,买盘
