,time,price,change,volume,amount,type
0,15:00:00,28.84,--,0,0,卖盘
1,15:00:00,28.84,--,0,0,卖盘
2,14:59:53,28.84,--,8,23072,卖盘
3,14:59:47,28.84,0.02,13,37492,买盘
4,14:59:43,28.82,-0.01,2,5764,卖盘
5,14:59:38,28.83,-0.01,10,28830,卖盘
6,14:59:32,28.84,--,12,34608,买盘
7,14:59:28,28.84,--,23,66332,买盘
8,14:59:23,28.84,--,7,20188,卖盘
9,14:59:17,28.84,-0.01,3,8652,卖盘
10,14:59:13,28.85,--,3,8655,买盘
11,14:59:02,28.85,--,8,23080,买盘
12,14:58:58,28.85,0.01,10,28850,买盘
13,14:58:47,28.84,--,12,34608,卖盘
14,14:58:38,28.84,0.01,9,25956,买盘
15,14:58:32,28.83,--,116,334428,卖盘
16,14:58:28,28.83,-0.01,21,60543,卖盘
17,14:58:23,28.84,0.01,30,86520,买盘
18,14:58:17,28.83,-0.01,10,28830,卖盘
19,14:58:13,28.84,--,25,72100,买盘
20,14:58:02,28.84,0.01,5,14420,买盘
21,14:57:58,28.83,-0.01,6,17298,卖盘
22,14:57:38,28.84,--,13,37492,买盘
23,14:57:28,28.84,0.01,4,11536,买盘
24,14:57:17,28.83,--,24,69192,卖盘
25,14:57:13,28.83,--,1,2883,卖盘
26,14:57:08,28.83,--,3,8649,卖盘
27,14:57:02,28.83,--,14,40362,买盘
28,14:56:53,28.83,0.01,7,20181,买盘
29,14:56:47,28.82,-0.01,6,17292,卖盘
30,14:56:43,28.83,--,18,51894,买盘
31,14:56:32,28.83,--,20,57660,买盘
32,14:56:28,28.83,--,113,325779,买盘
33,14:56:13,28.83,--,7,20181,买盘
34,14:56:08,28.83,--,1,2883,买盘
35,14:56:02,28.83,--,4,11532,买盘
36,14:55:53,28.83,--,5,14415,买盘
37,14:55:47,28.83,0.01,1,2883,买盘
38,14:55:43,28.82,-0.01,2,5764,卖盘
39,14:55:38,28.83,--,2,5766,买盘
40,14:55:32,28.83,--,2,5766,买盘
41,14:55:28,28.83,--,5,14415,买盘
42,14:55:17,28.83,--,10,28830,买盘
43,14:55:13,28.83,-0.01,64,184512,卖盘
44,14:55:02,28.84,0.01,40,115360,买盘
45,14:54:58,28.83,-0.01,22,63425,卖盘
46,14:54:43,28.84,0.01,6,17304,买盘
47,14:54:38,28.83,--,16,46128,买盘
48,14:54:32,28.83,0.01,19,54777,买盘
49,14:54:28,28.82,-0.01,5,14410,卖盘
50,14:54:17,28.83,--,1,2883,买盘
51,14:54:02,28.83,0.01,11,31712,买盘
52,14:53:57,28.82,0.01,73,210386,买盘
53,14:53:53,28.81,-0.01,33,95073,卖盘
54,14:53:47,28.82,0.01,6,17292,买盘
55,14:53:43,28.81,-0.01,8,23048,卖盘
56,14:53:26,28.82,--,3,8646,买盘
57,14:53:17,28.82,--,5,14410,买盘
58,14:53:11,28.82,--,6,17292,买盘
59,14:53:02,28.82,0.01,1,2882,买盘
60,14:52:56,28.81,--,8,23048,卖盘
61,14:52:41,28.81,--,3,8643,卖盘
62,14:52:32,28.81,--,5,14405,卖盘
63,14:52:26,28.81,-0.01,1,2881,卖盘
64,14:52:11,28.82,--,10,28820,买盘
65,14:52:02,28.82,0.01,5,14410,买盘
66,14:51:56,28.81,--,27,77787,卖盘
67,14:51:52,28.81,-0.01,31,89311,卖盘
68,14:51:37,28.82,--,1,2882,买盘
69,14:51:32,28.82,--,8,23056,买盘
70,14:51:11,28.82,--,0,0,中性盘
71,14:51:07,28.82,-0.01,12,34584,卖盘
72,14:50:56,28.83,--,8,23064,买盘
73,14:50:37,28.83,0.01,11,31712,买盘
74,14:50:26,28.82,-0.01,112,322784,卖盘
75,14:50:16,28.83,0.01,7,20181,买盘
76,14:50:11,28.82,--,2,5764,卖盘
77,14:50:01,28.82,--,2,5764,卖盘
78,14:49:56,28.82,-0.01,7,20174,中性盘
79,14:49:22,28.83,--,9,25947,卖盘
80,14:49:11,28.83,--,21,60543,卖盘
81,14:49:07,28.83,--,7,20181,卖盘
82,14:49:01,28.83,--,10,28830,卖盘
83,14:48:56,28.83,0.01,3,8649,卖盘
84,14:48:41,28.82,-0.01,33,95106,卖盘
85,14:48:16,28.83,--,2,5766,买盘
86,14:48:06,28.83,--,10,28830,买盘
87,14:47:52,28.83,0.01,66,190278,买盘
88,14:47:31,28.82,--,5,14410,卖盘
89,14:47:26,28.82,--,38,109516,卖盘
90,14:47:06,28.82,--,0,0,中性盘
91,14:46:20,28.82,--,15,43230,买盘
92,14:46:11,28.82,--,1,2882,买盘
93,14:46:01,28.82,--,3,8646,买盘
94,14:45:56,28.82,--,4,11528,买盘
95,14:45:50,28.82,--,1,2882,买盘
96,14:45:41,28.82,--,1,2882,买盘
97,14:45:35,28.82,-0.01,4,11528,卖盘
98,14:45:20,28.83,--,1,2883,买盘
99,14:45:16,28.83,--,3,8649,买盘
100,14:45:05,28.83,--,1,2883,买盘
101,14:45:01,28.83,--,33,95139,买盘
102,14:44:55,28.83,--,3,8649,买盘
103,14:44:50,28.83,--,11,31712,买盘
104,14:44:46,28.83,0.01,8,23064,买盘
105,14:44:35,28.82,--,11,31702,卖盘
106,14:44:25,28.82,-0.01,2,5764,卖盘
107,14:44:20,28.83,0.01,5,14415,买盘
108,14:44:16,28.82,--,20,57640,卖盘
109,14:44:01,28.82,--,5,14410,卖盘
110,14:43:46,28.82,-0.01,3,8646,买盘
111,14:43:25,28.83,--,0,0,买盘
112,14:43:16,28.83,0.01,3,8649,买盘
113,14:43:05,28.82,--,3,8646,卖盘
114,14:42:55,28.82,--,3,8646,买盘
115,14:42:35,28.82,--,0,0,中性盘
116,14:42:31,28.82,0.01,1,2882,买盘
117,14:42:20,28.81,-0.01,100,288100,卖盘
118,14:42:10,28.82,--,6,17292,卖盘
119,14:42:05,28.82,0.01,5,14410,买盘
120,14:41:55,28.81,--,24,69144,卖盘
121,14:41:50,28.81,--,3,8643,卖盘
122,14:41:46,28.81,-0.01,2,5762,卖盘
123,14:41:40,28.82,0.01,11,31702,买盘
124,14:41:35,28.81,--,3,8643,卖盘
125,14:41:31,28.81,--,2,5762,卖盘
126,14:41:25,28.81,--,1,2881,卖盘
127,14:41:15,28.81,--,8,23048,卖盘
128,14:41:10,28.81,0.01,2,5762,买盘
129,14:41:05,28.8,--,1,2880,卖盘
130,14:41:00,28.8,--,2,5760,卖盘
131,14:40:50,28.8,--,0,0,卖盘
132,14:40:45,28.8,-0.01,2,5760,卖盘
133,14:40:35,28.81,-0.01,1,2881,卖盘
134,14:40:25,28.82,--,2,5764,买盘
135,14:40:20,28.82,--,0,0,买盘
136,14:40:15,28.82,--,2,5764,买盘
137,14:39:59,28.82,--,3,8646,卖盘
138,14:39:50,28.82,0.02,2,5764,卖盘
139,14:39:45,28.8,-0.01,3,8640,卖盘
140,14:39:19,28.81,--,1,2881,买盘
141,14:39:10,28.81,--,1,2881,卖盘
142,14:38:59,28.81,-0.02,3,8643,卖盘
143,14:38:44,28.83,--,1,2883,买盘
144,14:38:40,28.83,--,4,11532,买盘
145,14:38:25,28.83,--,2,5766,买盘
146,14:38:14,28.83,0.03,8,23064,买盘
147,14:38:04,28.8,-0.03,5,14400,卖盘
148,14:37:49,28.83,--,1,2883,卖盘
149,14:37:44,28.83,--,1,2883,卖盘
150,14:37:25,28.83,-0.01,20,57660,卖盘
151,14:37:14,28.84,--,33,95172,卖盘
152,14:37:04,28.84,-0.01,73,210532,卖盘
153,14:36:55,28.85,0.01,12,34620,买盘
154,14:36:49,28.84,--,65,187460,卖盘
155,14:36:40,28.84,--,6,17304,卖盘
156,14:36:34,28.84,-0.01,3,8652,卖盘
157,14:36:29,28.85,0.01,4,11540,买盘
158,14:36:19,28.84,-0.01,4,11536,卖盘
159,14:36:14,28.85,--,17,49045,买盘
160,14:36:10,28.85,0.01,12,34620,买盘
161,14:36:04,28.84,--,2,5768,卖盘
162,14:35:59,28.84,-0.01,1,2884,卖盘
163,14:35:49,28.85,0.01,12,34620,买盘
164,14:35:40,28.84,--,10,28840,买盘
165,14:35:19,28.84,--,20,57680,买盘
166,14:35:09,28.84,0.01,5,14420,买盘
167,14:35:04,28.83,--,5,14415,卖盘
168,14:34:54,28.83,-0.01,21,60543,卖盘
169,14:34:49,28.84,--,1,2884,买盘
170,14:34:44,28.84,0.01,14,40376,买盘
171,14:34:39,28.83,--,12,34596,买盘
172,14:34:29,28.83,--,17,49011,卖盘
173,14:34:24,28.83,--,2,5766,卖盘
174,14:34:14,28.83,--,6,17298,卖盘
175,14:33:54,28.83,--,21,60543,买盘
176,14:33:44,28.83,--,5,14415,买盘
177,14:33:39,28.83,--,0,0,买盘
178,14:33:19,28.83,0.03,1,2883,买盘
179,14:33:14,28.8,--,23,66240,买盘
180,14:33:09,28.8,--,5,14400,买盘
181,14:32:53,28.8,0.05,5,14400,买盘
182,14:32:49,28.75,-0.05,2,5750,卖盘
183,14:32:43,28.8,0.03,2,5760,买盘
184,14:32:23,28.77,-0.03,4,11508,卖盘
185,14:32:13,28.8,0.03,1,2880,买盘
186,14:31:53,28.77,--,1,2877,买盘
187,14:31:49,28.77,--,1,2877,买盘
188,14:31:38,28.77,--,2,5754,买盘
189,14:31:23,28.77,-0.07,27,77679,卖盘
190,14:31:19,28.84,0.01,1,2884,买盘
191,14:31:13,28.83,0.03,40,115320,买盘
192,14:31:08,28.8,-0.01,13,37440,卖盘
193,14:31:04,28.81,-0.02,3,8643,买盘
194,14:30:49,28.83,--,0,0,买盘
195,14:30:28,28.83,0.03,67,193161,买盘
196,14:30:19,28.8,-0.02,1,2880,卖盘
197,14:30:08,28.82,-0.01,2,5764,买盘
198,14:29:53,28.83,0.01,2,5766,买盘
199,14:29:38,28.82,--,28,80696,卖盘
200,14:29:23,28.82,0.02,14,40348,买盘
201,14:29:19,28.8,-0.02,20,57600,卖盘
202,14:29:08,28.82,0.02,2,5764,买盘
203,14:28:53,28.8,--,10,28800,卖盘
204,14:28:48,28.8,--,4,11520,买盘
205,14:28:38,28.8,--,1,2880,买盘
206,14:28:33,28.8,--,1,2880,买盘
207,14:28:23,28.8,--,8,23040,卖盘
208,14:28:18,28.8,--,6,17280,卖盘
209,14:28:13,28.8,-0.01,5,14400,卖盘
210,14:28:08,28.81,0.01,1,2881,买盘
211,14:28:04,28.8,--,1,2880,卖盘
212,14:27:58,28.8,--,2,5760,卖盘
213,14:27:38,28.8,--,3,8640,买盘
214,14:27:33,28.8,--,2,5760,买盘
215,14:27:13,28.8,--,0,0,买盘
216,14:27:08,28.8,0.03,1,2880,买盘
217,14:27:03,28.77,--,0,0,买盘
218,14:26:58,28.77,--,0,0,买盘
219,14:26:53,28.77,--,6,17262,买盘
220,14:26:48,28.77,0.03,7,20139,买盘
221,14:26:43,28.74,-0.02,2,5748,卖盘
222,14:26:37,28.76,--,0,0,中性盘
223,14:26:33,28.76,-0.01,8,23008,买盘
224,14:26:28,28.77,0.03,136,391272,买盘
225,14:26:18,28.74,0.01,7,20118,买盘
226,14:26:03,28.73,0.01,9,26402,买盘
227,14:25:48,28.72,--,3,8616,买盘
228,14:25:37,28.72,--,1,2872,买盘
229,14:25:33,28.72,--,2,5744,买盘
230,14:25:28,28.72,--,1,2872,买盘
231,14:25:02,28.72,0.02,10,28720,买盘
232,14:24:58,28.7,0.01,2,5740,卖盘
233,14:24:47,28.69,--,0,0,卖盘
234,14:24:32,28.69,--,0,0,卖盘
235,14:24:22,28.69,--,0,0,中性盘
236,14:24:13,28.69,0.01,52,149188,买盘
237,14:23:52,28.68,--,5,14340,卖盘
238,14:23:32,28.68,--,4,11472,卖盘
239,14:23:22,28.68,-0.01,1,2868,卖盘
240,14:23:13,28.69,--,1,2869,买盘
241,14:23:02,28.69,--,32,91808,卖盘
242,14:22:37,28.69,-0.01,5,14345,卖盘
243,14:22:32,28.7,-0.02,5,14350,中性盘
244,14:22:27,28.72,0.03,10,28720,买盘
245,14:22:02,28.69,--,0,0,卖盘
246,14:21:47,28.69,--,0,0,卖盘
247,14:21:42,28.69,--,2,5738,卖盘
248,14:21:12,28.69,--,21,60249,卖盘
249,14:21:02,28.69,--,2,5738,卖盘
250,14:20:57,28.69,-0.04,1,2869,卖盘
251,14:20:47,28.73,0.03,2,5746,买盘
252,14:20:42,28.7,--,8,22960,买盘
253,14:20:27,28.7,--,9,25830,卖盘
254,14:20:22,28.7,-0.03,9,25830,卖盘
255,14:20:07,28.73,--,23,66079,卖盘
256,14:19:57,28.73,--,2,5746,卖盘
257,14:19:52,28.73,-0.01,5,14365,卖盘
258,14:19:46,28.74,--,2,5748,卖盘
259,14:19:42,28.74,--,1,2874,卖盘
260,14:19:37,28.74,--,13,37362,卖盘
261,14:19:31,28.74,-0.01,4,11496,卖盘
262,14:19:22,28.75,--,1,2875,卖盘
263,14:19:16,28.75,--,1,2875,卖盘
264,14:19:12,28.75,--,9,25875,卖盘
265,14:18:57,28.75,-0.01,89,255875,卖盘
266,14:18:26,28.76,-0.01,1,2876,卖盘
267,14:18:07,28.77,0.01,2,5754,买盘
268,14:18:01,28.76,-0.01,2,5752,卖盘
269,14:17:46,28.77,--,0,0,买盘
270,14:17:41,28.77,--,10,28770,买盘
271,14:17:21,28.77,0.02,1,2877,买盘
272,14:17:01,28.75,-0.02,2,5750,卖盘
273,14:16:41,28.77,--,5,14385,买盘
274,14:16:36,28.77,--,20,57540,买盘
275,14:16:26,28.77,--,24,69048,卖盘
276,14:16:11,28.77,--,0,0,卖盘
277,14:15:51,28.77,0.01,15,43155,买盘
278,14:15:46,28.76,-0.01,4,11504,卖盘
279,14:15:41,28.77,0.01,4,11508,买盘
280,14:15:36,28.76,-0.01,30,86280,卖盘
281,14:15:06,28.77,--,8,23016,卖盘
282,14:14:56,28.77,-0.01,2,5754,卖盘
283,14:14:36,28.78,--,4,11512,买盘
284,14:14:31,28.78,-0.02,23,66194,卖盘
285,14:14:25,28.8,0.02,3,8640,买盘
286,14:14:21,28.78,-0.01,1,2878,卖盘
287,14:14:16,28.79,--,0,0,中性盘
288,14:14:10,28.79,--,3,8637,卖盘
289,14:14:06,28.79,--,2,5758,买盘
290,14:14:01,28.79,--,1,2879,买盘
291,14:13:46,28.79,--,20,57580,卖盘
292,14:13:40,28.79,-0.01,1,2879,卖盘
293,14:13:36,28.8,--,9,25920,买盘
294,14:13:31,28.8,0.01,15,43200,买盘
295,14:13:21,28.79,--,2,5758,卖盘
296,14:13:16,28.79,-0.01,1,2879,卖盘
297,14:13:06,28.8,0.01,4,11520,买盘
298,14:13:01,28.79,--,20,57580,卖盘
299,14:12:46,28.79,-0.01,8,23032,中性盘
300,14:12:36,28.8,0.01,17,48960,买盘
301,14:12:01,28.79,--,14,40306,卖盘
302,14:11:46,28.79,--,3,8637,卖盘
303,14:11:36,28.79,--,46,132434,买盘
304,14:11:16,28.79,0.01,7,20153,买盘
305,14:11:06,28.78,0.01,9,25902,买盘
306,14:11:01,28.77,--,5,14385,买盘
307,14:10:55,28.77,--,15,43155,买盘
308,14:10:50,28.77,--,20,57540,买盘
309,14:10:31,28.77,--,26,74802,买盘
310,14:10:16,28.77,0.01,2,5754,买盘
311,14:09:50,28.76,--,10,28760,卖盘
312,14:09:40,28.76,--,0,0,中性盘
313,14:09:35,28.76,0.02,1,2876,买盘
314,14:09:20,28.74,0.01,10,28740,买盘
315,14:09:05,28.73,--,12,34476,买盘
316,14:08:45,28.73,-0.02,5,14365,卖盘
317,14:08:20,28.75,--,0,0,买盘
318,14:08:10,28.75,-0.02,2,5750,卖盘
319,14:07:49,28.77,-0.01,1,2877,卖盘
320,14:07:45,28.78,--,4,11512,买盘
321,14:07:34,28.78,--,2,5756,买盘
322,14:07:10,28.78,-0.02,31,90944,卖盘
323,14:07:04,28.8,--,0,0,买盘
324,14:07:00,28.8,0.02,4,11520,中性盘
325,14:06:45,28.78,--,1,2878,卖盘
326,14:06:40,28.78,--,4,11512,卖盘
327,14:06:30,28.78,-0.02,1,2878,卖盘
328,14:06:15,28.8,--,8,23040,卖盘
329,14:06:00,28.8,--,59,171072,卖盘
330,14:05:55,28.8,--,24,69120,卖盘
331,14:05:49,28.8,-0.01,4,11520,卖盘
332,14:05:45,28.81,--,22,63382,卖盘
333,14:05:40,28.81,--,1,2881,卖盘
334,14:05:34,28.81,--,2,5762,卖盘
335,14:05:30,28.81,-0.01,3,8643,卖盘
336,14:05:25,28.82,--,2,5764,卖盘
337,14:05:15,28.82,--,14,40348,卖盘
338,14:05:10,28.82,-0.01,1,2882,卖盘
339,14:05:00,28.83,--,0,0,买盘
340,14:04:34,28.83,0.02,3,8649,买盘
341,14:04:30,28.81,--,1,2881,卖盘
342,14:04:24,28.81,--,29,83549,卖盘
343,14:04:18,28.81,--,5,14405,卖盘
344,14:04:15,28.81,--,0,0,卖盘
345,14:03:55,28.81,-0.02,6,17286,卖盘
346,14:03:34,28.83,--,1,2883,买盘
347,14:03:29,28.83,--,1,2883,买盘
348,14:03:24,28.83,--,2,5766,买盘
349,14:03:14,28.83,--,3,8649,买盘
350,14:02:59,28.83,0.01,4,11532,买盘
351,14:02:34,28.82,0.01,1,2882,买盘
352,14:02:09,28.81,--,0,0,卖盘
353,14:01:49,28.81,-0.02,3,8643,中性盘
354,14:01:27,28.83,0.03,2,5766,买盘
355,14:01:24,28.8,--,25,72000,卖盘
356,14:01:13,28.8,--,1,2880,卖盘
357,14:01:04,28.8,--,1,2880,卖盘
358,14:00:58,28.8,--,1,2880,卖盘
359,14:00:54,28.8,--,8,23040,卖盘
360,14:00:39,28.8,--,1,2880,卖盘
361,14:00:24,28.8,-0.03,8,23040,卖盘
362,14:00:19,28.83,0.03,2,5766,买盘
363,14:00:09,28.8,-0.03,24,69120,卖盘
364,14:00:04,28.83,--,1,2883,卖盘
365,13:59:54,28.83,--,1,2883,卖盘
366,13:59:49,28.83,-0.02,3,8649,卖盘
367,13:59:42,28.85,0.02,2,5770,买盘
368,13:59:34,28.83,--,3,8649,卖盘
369,13:59:27,28.83,--,1,2883,卖盘
370,13:59:24,28.83,-0.02,4,11532,卖盘
371,13:59:18,28.85,--,1,2885,卖盘
372,13:59:04,28.85,--,2,5770,卖盘
373,13:58:57,28.85,--,0,0,中性盘
374,13:58:54,28.85,--,4,11540,卖盘
375,13:58:42,28.85,--,7,20195,卖盘
376,13:58:39,28.85,--,19,54815,卖盘
377,13:58:24,28.85,-0.01,16,46160,卖盘
378,13:58:18,28.86,--,22,63492,卖盘
379,13:58:09,28.86,-0.03,1,2886,卖盘
380,13:57:57,28.89,--,96,277632,卖盘
381,13:57:54,28.89,--,70,202230,卖盘
382,13:57:48,28.89,--,61,176229,卖盘
383,13:57:42,28.89,--,62,179118,卖盘
384,13:57:39,28.89,--,40,115560,卖盘
385,13:57:33,28.89,--,34,98226,卖盘
386,13:57:24,28.89,--,5,14445,卖盘
387,13:57:18,28.89,--,15,45935,卖盘
388,13:57:12,28.89,--,35,101115,卖盘
389,13:56:57,28.89,--,1,2889,卖盘
390,13:56:54,28.89,--,34,98226,卖盘
391,13:56:48,28.89,--,27,78003,卖盘
392,13:56:38,28.89,--,5,14445,卖盘
393,13:56:27,28.89,-0.01,30,86670,卖盘
394,13:56:23,28.9,--,5,14450,买盘
395,13:56:18,28.9,--,22,63580,买盘
396,13:56:03,28.9,--,2,5780,买盘
397,13:55:53,28.9,0.01,1,2890,买盘
398,13:55:48,28.89,--,2,5778,卖盘
399,13:55:38,28.89,--,1,2889,卖盘
400,13:55:33,28.89,--,24,69336,卖盘
401,13:55:27,28.89,--,79,228231,卖盘
402,13:55:21,28.89,--,2,5778,卖盘
403,13:55:18,28.89,--,27,78003,卖盘
404,13:55:12,28.89,--,1,2889,卖盘
405,13:54:57,28.89,-0.01,1,2889,卖盘
406,13:54:48,28.9,0.01,12,34680,买盘
407,13:54:42,28.89,--,1,2889,卖盘
408,13:54:36,28.89,-0.01,1,2889,卖盘
409,13:54:33,28.9,--,13,37570,卖盘
410,13:54:21,28.9,--,10,28900,卖盘
411,13:54:18,28.9,-0.02,7,20230,卖盘
412,13:54:12,28.92,--,35,101220,买盘
413,13:54:03,28.92,--,11,31812,买盘
414,13:53:57,28.92,0.01,26,75192,买盘
415,13:53:48,28.91,0.01,112,323792,中性盘
416,13:53:42,28.9,-0.01,10,28900,卖盘
417,13:53:36,28.91,--,1,2891,卖盘
418,13:53:33,28.91,--,1,2891,卖盘
419,13:53:27,28.91,0.01,16,46256,买盘
420,13:53:21,28.9,--,7,20230,买盘
421,13:53:18,28.9,--,11,31790,买盘
422,13:53:12,28.9,0.01,40,115600,买盘
423,13:53:06,28.89,--,1,2889,卖盘
424,13:53:03,28.89,0.04,100,288900,买盘
425,13:52:57,28.85,-0.02,1,2885,卖盘
426,13:52:51,28.87,--,0,0,买盘
427,13:52:48,28.87,0.01,8,23096,买盘
428,13:52:42,28.86,0.01,8,23088,买盘
429,13:52:36,28.85,--,10,28850,买盘
430,13:52:33,28.85,0.01,11,31735,买盘
431,13:52:27,28.84,0.03,5,14420,中性盘
432,13:52:21,28.81,--,1,2881,卖盘
433,13:52:18,28.81,--,4,11524,卖盘
434,13:52:12,28.81,--,8,23048,卖盘
435,13:52:06,28.81,0.02,290,835490,买盘
436,13:52:03,28.79,-0.01,9,25911,卖盘
437,13:51:57,28.8,--,15,43200,买盘
438,13:51:48,28.8,0.01,67,192960,买盘
439,13:51:42,28.79,-0.01,2,5758,卖盘
440,13:51:36,28.8,0.01,7,20160,买盘
441,13:51:33,28.79,0.02,104,299416,买盘
442,13:51:27,28.77,--,2,5754,买盘
443,13:51:18,28.77,--,1,2877,买盘
444,13:51:06,28.77,--,1,2877,买盘
445,13:51:03,28.77,0.01,3,8631,买盘
446,13:50:57,28.76,--,1,2876,买盘
447,13:50:48,28.76,--,3,8628,买盘
448,13:50:36,28.76,--,1,2876,买盘
449,13:50:27,28.76,0.01,1,2876,买盘
450,13:50:17,28.75,--,2,5750,卖盘
451,13:50:12,28.75,--,38,109250,买盘
452,13:49:57,28.75,--,1,2875,买盘
453,13:49:51,28.75,0.01,3,8625,买盘
454,13:49:36,28.74,-0.01,2,5748,卖盘
455,13:49:32,28.75,0.02,17,48875,买盘
456,13:49:17,28.73,--,9,25857,卖盘
457,13:48:45,28.73,--,4,11492,卖盘
458,13:48:15,28.73,-0.01,2,5746,卖盘
459,13:47:57,28.74,0.01,6,17244,买盘
460,13:47:06,28.73,-0.01,4,11492,卖盘
461,13:46:36,28.74,0.01,1,2874,买盘
462,13:46:21,28.73,--,5,14365,卖盘
463,13:46:15,28.73,--,2,5746,卖盘
464,13:45:42,28.73,--,2,5746,卖盘
465,13:44:51,28.73,--,6,17238,卖盘
466,13:44:36,28.73,--,1,2873,卖盘
467,13:44:15,28.73,-0.01,1,2873,卖盘
468,13:43:57,28.74,--,1,2874,买盘
469,13:43:41,28.74,--,1,2874,买盘
470,13:43:36,28.74,--,14,40236,买盘
471,13:42:56,28.74,0.01,1,2874,买盘
472,13:42:51,28.73,-0.01,1,2873,卖盘
473,13:42:45,28.74,0.01,1,2874,买盘
474,13:42:41,28.73,--,1,2873,卖盘
475,13:42:30,28.73,--,4,11492,卖盘
476,13:42:21,28.73,--,2,5746,卖盘
477,13:42:15,28.73,--,12,34476,卖盘
478,13:42:06,28.73,--,2,5746,卖盘
479,13:42:00,28.73,-0.02,1,2873,卖盘
480,13:41:00,28.75,0.04,12,34500,买盘
481,13:40:30,28.71,--,0,0,买盘
482,13:40:24,28.71,0.01,9,25839,买盘
483,13:40:21,28.7,0.01,1,2870,买盘
484,13:40:15,28.69,-0.01,2,5738,卖盘
485,13:40:06,28.7,--,11,31570,买盘
486,13:40:00,28.7,0.01,7,20090,买盘
487,13:39:30,28.69,-0.01,5,14345,卖盘
488,13:39:24,28.7,0.01,1,2870,买盘
489,13:39:15,28.69,-0.01,3,8607,卖盘
490,13:39:09,28.7,--,15,43050,买盘
491,13:39:06,28.7,--,1,2870,买盘
492,13:39:00,28.7,0.01,1,2870,买盘
493,13:38:24,28.69,0.01,6,17214,买盘
494,13:38:21,28.68,-0.02,1,2868,卖盘
495,13:37:30,28.7,--,0,0,买盘
496,13:37:24,28.7,--,1,2870,买盘
497,13:37:21,28.7,0.02,3,8610,买盘
498,13:36:30,28.68,0.01,2,5736,买盘
499,13:36:15,28.67,-0.01,14,40138,卖盘
500,13:36:09,28.68,--,1,2868,买盘
501,13:35:54,28.68,0.01,7,20076,买盘
502,13:35:50,28.67,--,0,716,买盘
503,13:35:09,28.67,--,10,28670,买盘
504,13:35:05,28.67,0.01,1,2867,买盘
505,13:34:33,28.66,--,6,17196,卖盘
506,13:34:09,28.66,--,19,54454,卖盘
507,13:33:54,28.66,--,4,11464,卖盘
508,13:33:24,28.66,-0.01,1,2866,卖盘
509,13:33:00,28.67,--,11,31537,买盘
510,13:32:18,28.67,-0.01,1,5017,卖盘
511,13:31:59,28.68,--,1,2868,买盘
512,13:30:48,28.68,0.01,6,17208,买盘
513,13:30:18,28.67,-0.01,2,5734,卖盘
514,13:29:44,28.68,--,198,568581,买盘
515,13:29:03,28.68,--,30,86040,买盘
516,13:28:59,28.68,--,1,2868,买盘
517,13:28:48,28.68,--,4,11472,买盘
518,13:28:39,28.68,--,171,490428,卖盘
519,13:28:29,28.68,--,10,28680,卖盘
520,13:28:24,28.68,-0.01,5,14340,卖盘
521,13:28:14,28.69,0.01,6,17214,买盘
522,13:28:09,28.68,-0.01,1,2868,卖盘
523,13:27:54,28.69,0.01,1,2869,买盘
524,13:27:39,28.68,--,8,22944,卖盘
525,13:27:09,28.68,-0.01,9,25812,卖盘
526,13:27:03,28.69,-0.01,1,5020,卖盘
527,13:26:54,28.7,0.01,1,2870,买盘
528,13:26:39,28.69,--,19,54511,卖盘
529,13:26:33,28.69,-0.01,1,2869,卖盘
530,13:26:18,28.7,--,5,14350,买盘
531,13:25:57,28.7,0.01,1,2870,买盘
532,13:25:54,28.69,--,5,14345,卖盘
533,13:25:38,28.69,--,9,25821,卖盘
534,13:25:18,28.69,--,0,0,卖盘
535,13:25:08,28.69,-0.02,8,22952,卖盘
536,13:24:53,28.71,0.01,1,2871,买盘
537,13:24:38,28.7,--,9,25830,卖盘
538,13:24:08,28.7,-0.01,9,25830,卖盘
539,13:23:57,28.71,0.01,4,11484,买盘
540,13:23:48,28.7,-0.01,8,22960,卖盘
541,13:23:38,28.71,0.01,9,25839,买盘
542,13:23:23,28.7,--,5,14350,卖盘
543,13:23:18,28.7,-0.01,90,258300,卖盘
544,13:23:08,28.71,0.01,21,60291,买盘
545,13:22:38,28.7,-0.01,10,28700,卖盘
546,13:22:23,28.71,--,4,11484,买盘
547,13:22:18,28.71,-0.04,1,2871,卖盘
548,13:22:08,28.75,--,3,8625,买盘
549,13:21:57,28.75,0.05,1,2875,买盘
550,13:21:33,28.7,--,0,0,卖盘
551,13:21:08,28.7,--,6,17220,卖盘
552,13:20:38,28.7,--,9,25830,卖盘
553,13:20:33,28.7,--,3,8610,卖盘
554,13:20:27,28.7,-0.01,1,2870,卖盘
555,13:20:23,28.71,--,0,0,中性盘
556,13:20:18,28.71,--,1,2871,卖盘
557,13:20:12,28.71,--,1,2871,卖盘
558,13:20:08,28.71,-0.05,8,22968,卖盘
559,13:19:57,28.76,0.06,1,2876,买盘
560,13:19:48,28.7,--,1,2870,卖盘
561,13:19:38,28.7,-0.04,8,22960,卖盘
562,13:19:08,28.74,-0.02,9,25866,卖盘
563,13:18:57,28.76,0.01,10,28760,卖盘
564,13:18:48,28.75,--,0,0,卖盘
565,13:18:38,28.75,-0.01,8,23000,卖盘
566,13:18:33,28.76,--,0,0,中性盘
567,13:18:18,28.76,--,1,2876,买盘
568,13:18:12,28.76,--,3,8628,卖盘
569,13:18:06,28.76,-0.01,12,34512,卖盘
570,13:17:42,28.77,--,0,0,卖盘
571,13:17:36,28.77,--,3,8631,买盘
572,13:17:06,28.77,--,5,14385,买盘
573,13:17:02,28.77,--,4,11508,买盘
574,13:16:57,28.77,--,1,2877,买盘
575,13:16:47,28.77,0.01,19,54663,买盘
576,13:16:42,28.76,0.01,1,2876,买盘
577,13:16:32,28.75,--,6,17250,卖盘
578,13:16:27,28.75,--,77,223531,买盘
579,13:16:17,28.75,0.01,10,28750,买盘
580,13:16:12,28.74,-0.01,3,8622,卖盘
581,13:16:06,28.75,0.01,1,2875,买盘
582,13:16:02,28.74,--,9,25866,卖盘
583,13:15:47,28.74,--,1,2874,卖盘
584,13:15:32,28.74,--,8,22992,卖盘
585,13:15:17,28.74,-0.01,1,2874,卖盘
586,13:15:12,28.75,0.01,3,8625,买盘
587,13:15:06,28.74,--,11,31614,卖盘
588,13:14:51,28.74,--,18,51732,卖盘
589,13:14:47,28.74,--,2,5748,卖盘
590,13:14:36,28.74,--,8,22992,卖盘
591,13:14:27,28.74,0.01,23,66102,买盘
592,13:14:21,28.73,0.03,2,5746,买盘
593,13:14:06,28.7,-0.03,8,22960,卖盘
594,13:13:57,28.73,--,4,11492,卖盘
595,13:13:47,28.73,--,1,2873,卖盘
596,13:13:36,28.73,--,10,28730,卖盘
597,13:13:06,28.73,--,6,17238,卖盘
598,13:13:02,28.73,--,0,0,中性盘
599,13:12:51,28.73,-0.01,2,5746,卖盘
600,13:12:36,28.74,0.01,1,2874,买盘
601,13:12:32,28.73,--,8,22984,买盘
602,13:12:26,28.73,0.01,1,2873,买盘
603,13:12:02,28.72,-0.01,1,2872,买盘
604,13:11:56,28.73,--,0,0,买盘
605,13:11:42,28.73,0.03,1,2873,买盘
606,13:11:06,28.7,-0.03,1,2870,卖盘
607,13:10:47,28.73,0.03,2,5746,买盘
608,13:10:42,28.7,--,0,717,买盘
609,13:10:14,28.7,--,3,10762,卖盘
610,13:10:11,28.7,--,1,3587,买盘
611,13:09:56,28.7,--,1,2870,买盘
612,13:09:51,28.7,--,0,2152,卖盘
613,13:09:41,28.7,--,1,2870,卖盘
614,13:09:36,28.7,--,1,2870,卖盘
615,13:08:50,28.7,-0.03,4,11480,卖盘
616,13:08:45,28.73,--,0,0,中性盘
617,13:08:26,28.73,-0.02,2,5746,卖盘
618,13:08:20,28.75,0.01,5,14375,买盘
619,13:08:05,28.74,--,1,2874,买盘
620,13:07:59,28.74,--,12,34488,买盘
621,13:07:29,28.74,0.04,6,17244,买盘
622,13:07:20,28.7,--,1,2870,卖盘
623,13:07:11,28.7,--,5,14350,卖盘
624,13:07:05,28.7,--,0,0,卖盘
625,13:06:44,28.7,--,1,2870,卖盘
626,13:06:29,28.7,-0.04,3,8610,卖盘
627,13:06:05,28.74,--,2,5748,买盘
628,13:05:44,28.74,0.04,12,34488,买盘
629,13:05:35,28.7,--,1,3587,买盘
630,13:05:14,28.7,-0.04,48,139912,卖盘
631,13:05:11,28.74,--,8,22992,卖盘
632,13:04:50,28.74,--,1,2874,卖盘
633,13:04:44,28.74,--,1,2874,卖盘
634,13:04:35,28.74,-0.01,30,86220,卖盘
635,13:04:05,28.75,0.01,98,281750,买盘
636,13:03:59,28.74,--,14,40236,卖盘
637,13:03:56,28.74,--,5,14370,卖盘
638,13:03:44,28.74,--,2,5748,卖盘
639,13:03:20,28.74,--,5,14370,买盘
640,13:03:05,28.74,0.04,8,22992,买盘
641,13:02:44,28.7,--,2,5740,卖盘
642,13:02:40,28.7,--,0,0,卖盘
643,13:02:25,28.7,-0.04,1,2870,卖盘
644,13:02:05,28.74,--,17,48858,买盘
645,13:01:59,28.74,--,3,8622,买盘
646,13:01:38,28.74,--,3,8622,买盘
647,13:01:29,28.74,--,0,0,中性盘
648,13:01:08,28.74,--,47,135078,买盘
649,13:00:38,28.74,0.01,25,71850,买盘
650,13:00:14,28.73,0.01,20,57460,买盘
651,13:00:08,28.72,0.02,19,54568,买盘
652,13:00:05,28.7,-0.03,14,40180,卖盘
653,11:30:00,28.73,--,0,0,买盘
654,11:29:59,28.73,--,0,0,买盘
655,11:29:25,28.73,--,0,0,买盘
656,11:29:06,28.73,--,14,40222,买盘
657,11:28:51,28.73,--,1,2873,买盘
658,11:28:46,28.73,0.01,6,17238,买盘
659,11:28:21,28.72,-0.01,11,31592,买盘
660,11:28:16,28.73,0.01,35,100555,买盘
661,11:27:51,28.72,--,0,0,卖盘
662,11:27:46,28.72,--,3,8616,卖盘
663,11:27:36,28.72,--,1,2872,卖盘
664,11:27:31,28.72,-0.01,3,8616,卖盘
665,11:27:21,28.73,0.01,15,43095,买盘
666,11:27:16,28.72,--,1,2872,卖盘
667,11:27:09,28.72,--,1,2872,卖盘
668,11:26:51,28.72,-0.01,1,2872,卖盘
669,11:26:36,28.73,-0.01,45,129285,卖盘
670,11:26:00,28.74,-0.01,37,106338,卖盘
671,11:25:55,28.75,0.01,20,57500,买盘
672,11:25:51,28.74,--,3,8622,卖盘
673,11:25:45,28.74,--,1,2874,卖盘
674,11:25:39,28.74,-0.01,1,2874,卖盘
675,11:25:36,28.75,0.02,24,69000,买盘
676,11:25:30,28.73,-0.01,10,28730,卖盘
677,11:25:15,28.74,0.01,30,86220,买盘
678,11:25:09,28.73,-0.01,1,2873,卖盘
679,11:25:00,28.74,-0.01,28,80472,卖盘
680,11:24:50,28.75,0.01,31,89125,买盘
681,11:24:30,28.74,-0.01,43,123582,卖盘
682,11:24:09,28.75,0.01,8,23000,买盘
683,11:24:05,28.74,-0.01,19,54606,卖盘
684,11:23:54,28.75,0.01,1,2875,买盘
685,11:23:50,28.74,--,7,20118,买盘
686,11:23:45,28.74,--,0,0,中性盘
687,11:23:35,28.74,--,12,34488,卖盘
688,11:23:30,28.74,--,18,51732,买盘
689,11:23:18,28.74,-0.01,19,54606,中性盘
690,11:23:15,28.75,--,8,23000,买盘
691,11:23:09,28.75,--,36,103500,买盘
692,11:23:03,28.75,0.01,5,14375,买盘
693,11:22:45,28.74,--,31,89094,卖盘
694,11:22:33,28.74,0.01,11,31614,买盘
695,11:22:15,28.73,--,1,2873,卖盘
696,11:22:03,28.73,0.01,8,22984,买盘
697,11:21:48,28.72,--,1,2872,卖盘
698,11:21:45,28.72,--,1,2872,卖盘
699,11:21:39,28.72,--,13,37336,买盘
700,11:21:33,28.72,0.01,14,40208,买盘
701,11:21:15,28.71,--,1,2871,卖盘
702,11:21:03,28.71,--,10,28710,卖盘
703,11:21:00,28.71,0.01,5,14355,买盘
704,11:20:54,28.7,--,5,14350,卖盘
705,11:20:48,28.7,--,19,54530,卖盘
706,11:20:45,28.7,0.01,85,244667,买盘
707,11:20:39,28.69,-0.01,1,2869,卖盘
708,11:20:30,28.7,--,1,2870,买盘
709,11:20:24,28.7,--,37,106190,买盘
710,11:20:03,28.7,0.01,5,14350,买盘
711,11:20:00,28.69,--,13,37297,卖盘
712,11:19:54,28.69,--,22,63118,卖盘
713,11:19:45,28.69,--,1,2869,卖盘
714,11:19:39,28.69,0.01,17,48773,买盘
715,11:19:30,28.68,-0.01,4,11472,卖盘
716,11:19:24,28.69,0.01,7,20083,买盘
717,11:19:15,28.68,--,37,106116,卖盘
718,11:19:03,28.68,0.01,2,5736,买盘
719,11:18:45,28.67,--,22,63074,卖盘
720,11:18:39,28.67,--,5,14335,卖盘
721,11:18:33,28.67,--,13,37271,卖盘
722,11:18:30,28.67,--,5,14335,卖盘
723,11:18:18,28.67,--,28,80276,卖盘
724,11:18:15,28.67,--,1,2867,卖盘
725,11:18:09,28.67,--,10,28670,卖盘
726,11:17:54,28.67,--,12,34404,卖盘
727,11:17:48,28.67,--,11,31537,卖盘
728,11:17:44,28.67,--,3,8601,卖盘
729,11:17:39,28.67,--,2,5734,卖盘
730,11:17:18,28.67,--,1,2867,卖盘
731,11:17:14,28.67,--,1,2867,卖盘
732,11:17:09,28.67,--,1,2867,卖盘
733,11:16:43,28.67,--,1,2867,卖盘
734,11:16:33,28.67,--,70,200690,卖盘
735,11:16:27,28.67,-0.01,1,2867,卖盘
736,11:16:12,28.68,0.01,1,2868,买盘
737,11:16:09,28.67,--,1,2867,卖盘
738,11:15:54,28.67,-0.01,17,48739,卖盘
739,11:15:48,28.68,--,52,149136,卖盘
740,11:15:39,28.68,--,1,2868,卖盘
741,11:15:33,28.68,-0.01,32,91776,卖盘
742,11:15:27,28.69,--,1,2869,卖盘
743,11:15:24,28.69,--,9,25821,卖盘
744,11:15:18,28.69,--,11,31559,卖盘
745,11:15:12,28.69,--,2,5738,卖盘
746,11:15:09,28.69,--,15,43035,卖盘
747,11:15:03,28.69,--,2,5738,卖盘
748,11:14:57,28.69,--,12,34428,卖盘
749,11:14:54,28.69,--,1,2869,卖盘
750,11:14:48,28.69,-0.01,1,2869,卖盘
751,11:14:42,28.7,--,9,25830,卖盘
752,11:14:33,28.7,--,20,57400,买盘
753,11:14:27,28.7,0.01,21,60270,买盘
754,11:14:24,28.69,-0.01,2,5738,卖盘
755,11:14:18,28.7,--,2,5740,买盘
756,11:13:48,28.7,0.01,11,31570,买盘
757,11:13:18,28.69,--,1,2869,卖盘
758,11:13:03,28.69,0.01,10,28690,买盘
759,11:12:48,28.68,--,1,2868,卖盘
760,11:12:33,28.68,--,8,22944,买盘
761,11:12:24,28.68,0.01,1,2868,买盘
762,11:12:18,28.67,--,1,2867,卖盘
763,11:12:08,28.67,0.01,6,17202,买盘
764,11:12:03,28.66,-0.02,25,71650,卖盘
765,11:11:03,28.68,--,0,0,买盘
766,11:10:57,28.68,0.02,9,25812,买盘
767,11:10:48,28.66,0.02,15,42990,买盘
768,11:10:27,28.64,--,0,0,卖盘
769,11:10:18,28.64,--,1,2864,卖盘
770,11:09:48,28.64,--,51,146064,卖盘
771,11:09:36,28.64,--,1,2864,卖盘
772,11:09:33,28.64,--,28,80192,卖盘
773,11:09:18,28.64,--,1,2864,卖盘
774,11:09:12,28.64,--,1,2864,卖盘
775,11:09:06,28.64,--,15,42960,卖盘
776,11:08:57,28.64,0.03,1,2864,中性盘
777,11:08:51,28.61,-0.07,10,28610,卖盘
778,11:08:48,28.68,--,1,2868,买盘
779,11:08:42,28.68,--,25,71700,卖盘
780,11:08:33,28.68,--,63,180684,卖盘
781,11:08:27,28.68,--,6,17208,卖盘
782,11:08:18,28.68,-0.02,33,94644,卖盘
783,11:08:12,28.7,0.01,9,25830,买盘
784,11:08:03,28.69,0.01,6,17214,买盘
785,11:07:57,28.68,--,27,77436,卖盘
786,11:07:48,28.68,-0.01,1,2868,卖盘
787,11:07:42,28.69,0.01,11,31559,买盘
788,11:07:36,28.68,0.08,186,533448,买盘
789,11:07:33,28.6,--,3,8580,卖盘
790,11:07:27,28.6,-0.01,2,5720,买盘
791,11:07:18,28.61,--,0,0,中性盘
792,11:07:02,28.61,0.03,4,11444,买盘
793,11:06:57,28.58,--,1,2858,卖盘
794,11:06:48,28.58,--,2,5716,卖盘
795,11:06:42,28.58,--,12,34296,买盘
796,11:06:36,28.58,--,2,5716,买盘
797,11:06:32,28.58,-0.02,157,448706,卖盘
798,11:06:27,28.6,--,3,8580,卖盘
799,11:06:21,28.6,--,3,8580,卖盘
800,11:06:18,28.6,0.01,2,5720,买盘
801,11:05:51,28.59,--,3,8577,卖盘
802,11:05:47,28.59,--,2,5718,卖盘
803,11:05:42,28.59,--,1,2859,卖盘
804,11:05:36,28.59,--,36,102924,卖盘
805,11:05:32,28.59,--,3,8577,卖盘
806,11:05:17,28.59,--,5,14295,卖盘
807,11:05:12,28.59,--,1,2859,卖盘
808,11:04:47,28.59,--,2,5718,卖盘
809,11:04:42,28.59,--,1,2859,卖盘
810,11:04:36,28.59,-0.01,3,8577,卖盘
811,11:04:27,28.6,-0.01,58,165880,卖盘
812,11:04:06,28.61,--,2,5722,买盘
813,11:03:45,28.61,--,5,14305,买盘
814,11:03:42,28.61,--,0,0,中性盘
815,11:03:36,28.61,--,1,2861,卖盘
816,11:03:30,28.61,--,2,5722,卖盘
817,11:03:21,28.61,--,1,2861,卖盘
818,11:03:15,28.61,--,1,2861,卖盘
819,11:03:12,28.61,--,3,8583,卖盘
820,11:03:06,28.61,--,4,11444,卖盘
821,11:03:00,28.61,--,1,2861,卖盘
822,11:02:57,28.61,--,5,14305,卖盘
823,11:02:51,28.61,--,2,5722,卖盘
824,11:02:45,28.61,--,1,2861,卖盘
825,11:02:42,28.61,--,3,8583,卖盘
826,11:02:36,28.61,--,1,2861,卖盘
827,11:02:30,28.61,-0.04,2,5722,卖盘
828,11:02:15,28.65,--,0,0,中性盘
829,11:02:06,28.65,--,0,0,卖盘
830,11:01:57,28.65,-0.01,4,11460,卖盘
831,11:01:51,28.66,--,10,28660,买盘
832,11:01:36,28.66,--,23,65918,卖盘
833,11:01:21,28.66,--,4,11464,卖盘
834,11:01:15,28.66,--,1,2866,卖盘
835,11:01:12,28.66,--,1,2866,卖盘
836,11:00:51,28.66,--,5,14330,卖盘
837,11:00:45,28.66,--,1,2866,卖盘
838,11:00:42,28.66,--,9,25794,卖盘
839,11:00:36,28.66,--,2,5732,买盘
840,11:00:30,28.66,-0.01,3,8598,卖盘
841,11:00:21,28.67,--,22,63074,买盘
842,10:59:41,28.67,--,1,2867,卖盘
843,10:59:36,28.67,0.01,1,2867,买盘
844,10:59:30,28.66,--,3,8598,卖盘
845,10:59:26,28.66,-0.01,1,2866,卖盘
846,10:59:15,28.67,--,0,0,中性盘
847,10:59:06,28.67,--,0,0,卖盘
848,10:58:56,28.67,0.01,10,28670,买盘
849,10:58:51,28.66,--,12,34392,卖盘
850,10:58:45,28.66,--,1,2866,卖盘
851,10:58:36,28.66,--,1,2866,卖盘
852,10:58:26,28.66,-0.01,1,2866,卖盘
853,10:58:06,28.67,--,21,60207,买盘
854,10:57:41,28.67,--,1,2867,买盘
855,10:57:21,28.67,0.01,21,60207,买盘
856,10:57:15,28.66,0.05,1,2866,卖盘
857,10:57:00,28.61,--,0,0,卖盘
858,10:56:56,28.61,-0.04,26,74386,卖盘
859,10:56:51,28.65,--,14,40110,买盘
860,10:56:30,28.65,0.03,1,2865,买盘
861,10:56:21,28.62,--,0,0,卖盘
862,10:56:15,28.62,0.01,1,2862,卖盘
863,10:55:51,28.61,--,0,0,卖盘
864,10:55:45,28.61,--,2,5722,卖盘
865,10:55:21,28.61,--,2,5722,卖盘
866,10:55:15,28.61,0.01,1,2861,中性盘
867,10:55:00,28.6,--,8,22880,买盘
868,10:54:54,28.6,--,2,5720,买盘
869,10:54:45,28.6,--,10,28600,买盘
870,10:54:24,28.6,0.01,1,2860,买盘
871,10:54:21,28.59,--,6,17154,卖盘
872,10:54:15,28.59,--,1,2859,卖盘
873,10:53:51,28.59,0.01,6,17154,买盘
874,10:53:45,28.58,--,2,5716,卖盘
875,10:53:39,28.58,-0.01,2,5716,卖盘
876,10:53:30,28.59,--,21,60039,买盘
877,10:53:15,28.59,--,21,60039,买盘
878,10:52:51,28.59,0.01,1,2859,买盘
879,10:52:45,28.58,--,8,22864,卖盘
880,10:52:20,28.58,--,2,5716,卖盘
881,10:52:15,28.58,-0.01,4,11432,卖盘
882,10:51:50,28.59,-0.01,28,80052,卖盘
883,10:51:45,28.6,--,2,5720,卖盘
884,10:51:35,28.6,--,1,2860,卖盘
885,10:51:24,28.6,--,13,37180,卖盘
886,10:51:20,28.6,--,3,8580,卖盘
887,10:51:15,28.6,0.01,1,2860,中性盘
888,10:51:09,28.59,--,0,0,卖盘
889,10:51:05,28.59,-0.01,3,8577,卖盘
890,10:51:00,28.6,--,1,2860,卖盘
891,10:50:54,28.6,--,1,2860,卖盘
892,10:50:45,28.6,0.01,25,71500,买盘
893,10:50:39,28.59,--,2,5718,卖盘
894,10:50:30,28.59,--,2,5718,卖盘
895,10:50:24,28.59,--,5,14295,卖盘
896,10:50:15,28.59,-0.01,20,57180,卖盘
897,10:50:09,28.6,--,7,20020,买盘
898,10:50:00,28.6,--,1,2860,买盘
899,10:49:54,28.6,-0.02,86,245960,卖盘
900,10:49:50,28.62,--,0,0,卖盘
901,10:49:45,28.62,--,3,8586,卖盘
902,10:49:39,28.62,0.01,2,5724,卖盘
903,10:49:35,28.61,--,0,0,中性盘
904,10:49:30,28.61,-0.01,1,2861,卖盘
905,10:49:20,28.62,--,0,0,中性盘
906,10:49:05,28.62,-0.05,10,28620,卖盘
907,10:48:54,28.67,0.06,10,28670,买盘
908,10:48:48,28.61,-0.07,1,2861,卖盘
909,10:47:39,28.68,0.07,1,2868,买盘
910,10:47:24,28.61,0.01,4,11444,卖盘
911,10:47:14,28.6,--,0,0,卖盘
912,10:46:33,28.6,--,1,2860,买盘
913,10:46:24,28.6,--,8,22880,买盘
914,10:46:14,28.6,--,39,111540,卖盘
915,10:46:09,28.6,-0.04,3,8580,卖盘
916,10:45:59,28.64,--,131,375184,卖盘
917,10:45:54,28.64,--,4,11456,卖盘
918,10:45:48,28.64,--,4,11456,卖盘
919,10:45:44,28.64,-0.03,8,22912,卖盘
920,10:45:24,28.67,0.04,3,8601,买盘
921,10:45:18,28.63,--,1,2863,卖盘
922,10:45:09,28.63,--,2,5726,卖盘
923,10:44:59,28.63,--,12,34356,卖盘
924,10:44:33,28.63,--,2,5726,卖盘
925,10:44:29,28.63,--,0,0,中性盘
926,10:44:03,28.63,--,0,0,中性盘
927,10:43:59,28.63,-0.04,65,186095,卖盘
928,10:43:39,28.67,--,25,71675,卖盘
929,10:43:33,28.67,--,1,2867,卖盘
930,10:43:14,28.67,0.01,5,14335,买盘
931,10:43:09,28.66,--,19,54454,买盘
932,10:42:48,28.66,--,0,0,买盘
933,10:42:33,28.66,--,0,0,买盘
934,10:42:29,28.66,0.06,1,2866,买盘
935,10:41:54,28.6,--,0,0,买盘
936,10:41:48,28.6,--,0,0,买盘
937,10:41:39,28.6,--,0,0,中性盘
938,10:41:33,28.6,--,23,65780,买盘
939,10:41:24,28.6,0.02,11,31460,买盘
940,10:41:09,28.58,-0.01,1,2858,卖盘
941,10:41:03,28.59,0.01,1,2859,中性盘
942,10:40:54,28.58,--,6,17148,卖盘
943,10:40:38,28.58,-0.02,1,2858,卖盘
944,10:40:27,28.6,--,20,57200,买盘
945,10:40:23,28.6,-0.04,54,154440,卖盘
946,10:40:03,28.64,--,0,0,卖盘
947,10:39:48,28.64,-0.01,19,54416,卖盘
948,10:39:23,28.65,--,0,0,卖盘
949,10:39:18,28.65,--,12,34380,卖盘
950,10:39:08,28.65,-0.03,1,2865,卖盘
951,10:39:03,28.68,--,0,0,买盘
952,10:38:53,28.68,0.01,5,14340,买盘
953,10:38:38,28.67,0.02,3,8601,买盘
954,10:38:18,28.65,0.01,1,2865,买盘
955,10:38:12,28.64,-0.01,4,11456,卖盘
956,10:38:03,28.65,0.02,2,5730,买盘
957,10:37:27,28.63,-0.01,8,22904,卖盘
958,10:37:17,28.64,0.01,15,42960,买盘
959,10:37:12,28.63,--,5,14315,买盘
960,10:36:38,28.63,--,10,28630,买盘
961,10:36:17,28.63,0.01,2,5726,买盘
962,10:36:08,28.62,--,5,14310,卖盘
963,10:36:03,28.62,0.01,10,28620,买盘
964,10:35:18,28.61,0.03,20,57220,买盘
965,10:35:11,28.58,0.01,13,37154,中性盘
966,10:34:47,28.57,-0.04,30,85710,卖盘
967,10:34:27,28.61,0.04,1,2861,买盘
968,10:34:17,28.57,--,1,2857,买盘
969,10:34:11,28.57,--,35,99995,买盘
970,10:33:56,28.57,0.01,1,2857,买盘
971,10:33:50,28.56,--,10,28560,卖盘
972,10:33:32,28.56,--,2,5712,买盘
973,10:33:20,28.56,--,1,2856,买盘
974,10:33:11,28.56,--,38,108528,卖盘
975,10:33:05,28.56,-0.02,5,14280,卖盘
976,10:33:02,28.58,-0.03,56,160048,卖盘
977,10:32:26,28.61,--,16,45776,卖盘
978,10:31:56,28.61,-0.02,3,8583,卖盘
979,10:31:35,28.63,--,1,2863,买盘
980,10:31:20,28.63,0.03,6,17178,买盘
981,10:31:17,28.6,-0.01,21,60060,卖盘
982,10:31:11,28.61,0.01,7,20027,中性盘
983,10:31:05,28.6,-0.03,66,188760,卖盘
984,10:30:56,28.63,0.03,1,2863,买盘
985,10:30:47,28.6,-0.03,1,2860,卖盘
986,10:30:41,28.63,--,1,2863,买盘
987,10:30:35,28.63,0.03,14,40082,买盘
988,10:30:26,28.6,--,7,20020,卖盘
989,10:30:20,28.6,-0.04,1,2860,卖盘
990,10:30:17,28.64,--,3,8592,买盘
991,10:30:05,28.64,--,20,57280,买盘
992,10:30:02,28.64,0.06,30,85920,卖盘
993,10:29:35,28.58,--,0,0,卖盘
994,10:28:50,28.58,-0.02,35,100030,卖盘
995,10:28:20,28.6,--,0,0,中性盘
996,10:28:17,28.6,-0.08,40,114400,卖盘
997,10:27:59,28.68,0.07,37,106116,卖盘
998,10:27:56,28.61,-0.07,75,214575,卖盘
999,10:27:50,28.68,--,5,14340,卖盘
1000,10:27:41,28.68,--,3,8604,卖盘
1001,10:27:20,28.68,-0.01,2,5736,卖盘
1002,10:26:14,28.69,--,0,0,买盘
1003,10:26:11,28.69,-0.01,19,54511,卖盘
1004,10:25:59,28.7,--,1,2870,买盘
1005,10:25:41,28.7,--,0,0,买盘
1006,10:25:35,28.7,--,0,0,买盘
1007,10:25:29,28.7,0.01,21,60270,买盘
1008,10:25:26,28.69,--,2,5738,卖盘
1009,10:25:14,28.69,0.01,14,40166,买盘
1010,10:25:05,28.68,0.01,10,28680,买盘
1011,10:24:59,28.67,-0.01,1,2867,中性盘
1012,10:24:56,28.68,--,2,5736,买盘
1013,10:24:50,28.68,--,0,0,买盘
1014,10:24:35,28.68,--,0,0,买盘
1015,10:24:29,28.68,0.01,33,94644,买盘
1016,10:24:20,28.67,0.04,10,28670,买盘
1017,10:24:14,28.63,0.01,4,11452,卖盘
1018,10:24:05,28.62,--,0,0,卖盘
1019,10:23:59,28.62,0.01,3,8586,卖盘
1020,10:23:50,28.61,--,0,0,卖盘
1021,10:23:44,28.61,--,16,45776,卖盘
1022,10:23:35,28.61,--,3,8583,卖盘
1023,10:23:29,28.61,-0.04,5,14305,卖盘
1024,10:21:59,28.65,--,2,5730,卖盘
1025,10:21:44,28.65,-0.02,6,17190,卖盘
1026,10:21:40,28.67,--,28,80276,卖盘
1027,10:21:35,28.67,--,6,17202,卖盘
1028,10:21:29,28.67,0.01,7,20069,买盘
1029,10:21:10,28.66,--,4,11464,卖盘
1030,10:21:05,28.66,--,3,8598,卖盘
1031,10:20:50,28.66,--,6,17196,买盘
1032,10:20:39,28.66,--,0,0,买盘
1033,10:20:29,28.66,0.07,5,14330,买盘
1034,10:20:20,28.59,--,0,0,中性盘
1035,10:20:14,28.59,-0.07,37,105783,卖盘
1036,10:20:08,28.66,--,2,5732,卖盘
1037,10:20:05,28.66,0.08,6,17196,买盘
1038,10:19:59,28.58,--,2,5716,卖盘
1039,10:19:53,28.58,--,21,60018,卖盘
1040,10:19:50,28.58,--,3,8574,卖盘
1041,10:19:38,28.58,-0.01,1,2858,卖盘
1042,10:19:29,28.59,-0.01,4,11436,卖盘
1043,10:19:23,28.6,-0.01,23,65780,卖盘
1044,10:19:20,28.61,--,0,0,买盘
1045,10:19:14,28.61,0.03,3,8583,买盘
1046,10:19:08,28.58,-0.02,28,80024,卖盘
1047,10:19:05,28.6,--,5,14300,买盘
1048,10:18:59,28.6,--,5,14300,买盘
1049,10:18:44,28.6,--,21,60060,买盘
1050,10:18:38,28.6,-0.01,28,80080,卖盘
1051,10:18:35,28.61,--,2,5722,买盘
1052,10:18:29,28.61,0.01,21,60081,买盘
1053,10:18:23,28.6,-0.01,2,5720,卖盘
1054,10:18:20,28.61,0.01,9,25749,买盘
1055,10:18:14,28.6,-0.01,10,28600,卖盘
1056,10:17:59,28.61,--,4,11444,卖盘
1057,10:17:53,28.61,--,2,5722,卖盘
1058,10:17:50,28.61,--,20,57220,卖盘
1059,10:17:44,28.61,--,21,60081,卖盘
1060,10:17:23,28.61,-0.05,13,37193,卖盘
1061,10:17:14,28.66,0.05,3,8598,买盘
1062,10:17:08,28.61,-0.05,118,337598,卖盘
1063,10:16:59,28.66,--,36,103176,卖盘
1064,10:16:44,28.66,-0.02,2,5732,卖盘
1065,10:16:38,28.68,--,19,54492,卖盘
1066,10:16:35,28.68,--,28,80304,卖盘
1067,10:16:29,28.68,--,83,238044,卖盘
1068,10:16:23,28.68,--,5,14340,卖盘
1069,10:16:20,28.68,-0.01,4,11472,卖盘
1070,10:15:53,28.69,--,47,134843,卖盘
1071,10:15:50,28.69,-0.01,2,5738,卖盘
1072,10:15:44,28.7,0.01,7,20090,买盘
1073,10:15:38,28.69,--,6,17214,卖盘
1074,10:15:35,28.69,--,3,8607,卖盘
1075,10:15:29,28.69,-0.01,3,8607,卖盘
1076,10:15:23,28.7,--,26,74620,卖盘
1077,10:15:14,28.7,--,4,11480,卖盘
1078,10:15:08,28.7,--,12,34440,卖盘
1079,10:14:59,28.7,--,1,2870,卖盘
1080,10:14:34,28.7,-0.01,50,143500,卖盘
1081,10:14:29,28.71,--,1,2871,卖盘
1082,10:14:23,28.71,-0.01,1,2871,卖盘
1083,10:14:19,28.72,-0.01,29,83288,卖盘
1084,10:14:08,28.73,0.01,7,20111,买盘
1085,10:13:32,28.72,--,20,57440,卖盘
1086,10:13:17,28.72,--,2,5744,卖盘
1087,10:13:08,28.72,-0.01,3,8616,卖盘
1088,10:13:02,28.73,0.01,15,43095,买盘
1089,10:12:47,28.72,0.01,6,17232,买盘
1090,10:12:44,28.71,--,10,28710,卖盘
1091,10:12:17,28.71,-0.01,4,11484,卖盘
1092,10:12:08,28.72,0.01,6,17232,买盘
1093,10:11:59,28.71,-0.01,4,11484,卖盘
1094,10:11:29,28.72,--,8,22976,卖盘
1095,10:11:17,28.72,--,6,17232,卖盘
1096,10:11:14,28.72,-0.01,1,2872,卖盘
1097,10:11:02,28.73,--,21,60333,买盘
1098,10:10:59,28.73,0.01,11,31603,买盘
1099,10:10:38,28.72,--,1,2872,卖盘
1100,10:10:32,28.72,--,2,5744,买盘
1101,10:10:08,28.72,0.01,17,48824,买盘
1102,10:10:02,28.71,-0.01,5,14355,卖盘
1103,10:09:58,28.72,0.01,2,5744,买盘
1104,10:09:38,28.71,--,1,2871,卖盘
1105,10:09:02,28.71,--,6,17226,卖盘
1106,10:08:02,28.71,--,1,2871,卖盘
1107,10:07:58,28.71,0.01,6,17226,买盘
1108,10:07:53,28.7,--,10,28700,卖盘
1109,10:07:47,28.7,--,30,87535,卖盘
1110,10:07:43,28.7,--,3,8610,卖盘
1111,10:07:32,28.7,--,1,2870,卖盘
1112,10:07:08,28.7,--,3,8610,卖盘
1113,10:07:02,28.7,--,6,17220,卖盘
1114,10:06:58,28.7,--,3,8610,卖盘
1115,10:06:53,28.7,--,2,5740,卖盘
1116,10:06:47,28.7,--,2,5740,卖盘
1117,10:06:41,28.7,-0.01,5,14350,卖盘
1118,10:06:32,28.71,--,16,45936,卖盘
1119,10:06:23,28.71,--,1,2871,卖盘
1120,10:06:17,28.71,0.01,3,8613,买盘
1121,10:06:02,28.7,-0.01,1,2870,卖盘
1122,10:05:53,28.71,--,26,74646,卖盘
1123,10:05:47,28.71,-0.01,1,2871,卖盘
1124,10:05:41,28.72,--,0,0,买盘
1125,10:05:26,28.72,-0.01,21,61748,卖盘
1126,10:05:23,28.73,0.01,3,8619,买盘
1127,10:05:11,28.72,--,21,60312,卖盘
1128,10:04:47,28.72,--,5,14360,卖盘
1129,10:04:32,28.72,--,5,14360,卖盘
1130,10:04:17,28.72,-0.01,14,41644,卖盘
1131,10:03:17,28.73,0.01,3,8619,买盘
1132,10:03:11,28.72,--,2,5744,卖盘
1133,10:03:07,28.72,--,50,143600,卖盘
1134,10:03:02,28.72,--,30,86160,卖盘
1135,10:02:47,28.72,--,8,22976,卖盘
1136,10:02:41,28.72,--,7,20104,卖盘
1137,10:02:32,28.72,-0.01,4,11488,卖盘
1138,10:02:26,28.73,0.01,10,28730,买盘
1139,10:02:11,28.72,-0.01,1,2872,卖盘
1140,10:01:56,28.73,--,34,97682,卖盘
1141,10:01:52,28.73,--,1,2873,卖盘
1142,10:01:47,28.73,-0.01,2,5746,卖盘
1143,10:01:37,28.74,0.01,21,60354,买盘
1144,10:01:26,28.73,-0.01,1,2873,卖盘
1145,10:01:11,28.74,--,3,8622,买盘
1146,10:01:07,28.74,--,5,14370,买盘
1147,10:00:52,28.74,0.01,4,11496,买盘
1148,10:00:11,28.73,-0.01,3,8619,卖盘
1149,10:00:07,28.74,0.01,2,5748,买盘
1150,09:59:35,28.73,--,9,25857,买盘
1151,09:59:32,28.73,--,22,63206,卖盘
1152,09:59:26,28.73,-0.01,1,2873,卖盘
1153,09:59:20,28.74,0.01,18,51732,买盘
1154,09:59:11,28.73,0.01,5,14365,买盘
1155,09:59:05,28.72,--,1,2872,卖盘
1156,09:58:41,28.72,-0.01,4,11488,卖盘
1157,09:58:35,28.73,0.01,3,8619,买盘
1158,09:58:26,28.72,0.01,27,77544,买盘
1159,09:58:20,28.71,-0.01,3,8613,卖盘
1160,09:58:02,28.72,--,3,8616,卖盘
1161,09:57:56,28.72,--,31,89032,卖盘
1162,09:57:46,28.72,-0.01,15,43080,卖盘
1163,09:57:41,28.73,--,3,8619,卖盘
1164,09:57:35,28.73,--,10,28730,卖盘
1165,09:57:31,28.73,--,12,34476,卖盘
1166,09:57:26,28.73,--,34,97682,卖盘
1167,09:57:20,28.73,--,26,74698,卖盘
1168,09:57:16,28.73,-0.01,2,5746,卖盘
1169,09:57:11,28.74,--,1,2874,买盘
1170,09:57:05,28.74,--,5,14370,买盘
1171,09:56:56,28.74,--,1,2874,买盘
1172,09:56:46,28.74,--,3,8622,买盘
1173,09:56:41,28.74,0.01,10,28740,买盘
1174,09:56:16,28.73,--,4,11492,卖盘
1175,09:56:11,28.73,--,1,2873,卖盘
1176,09:56:05,28.73,--,22,63206,卖盘
1177,09:55:31,28.73,--,29,83317,卖盘
1178,09:55:26,28.73,-0.01,19,54587,卖盘
1179,09:55:20,28.74,--,4,11496,买盘
1180,09:55:16,28.74,0.01,4,11496,买盘
1181,09:55:11,28.73,-0.01,6,17238,卖盘
1182,09:55:01,28.74,0.01,3,8622,买盘
1183,09:54:50,28.73,--,2,5746,卖盘
1184,09:54:35,28.73,--,1,2873,卖盘
1185,09:54:31,28.73,--,5,14365,卖盘
1186,09:54:20,28.73,--,16,45968,卖盘
1187,09:54:16,28.73,-0.01,4,11492,卖盘
1188,09:54:11,28.74,--,9,25866,买盘
1189,09:54:01,28.74,--,2,5748,买盘
1190,09:53:50,28.74,-0.01,1,2874,中性盘
1191,09:53:46,28.75,0.03,5,14375,买盘
1192,09:53:35,28.72,-0.02,8,22976,卖盘
1193,09:53:20,28.74,--,0,0,买盘
1194,09:53:05,28.74,-0.01,29,83346,卖盘
1195,09:53:01,28.75,0.01,16,46000,卖盘
1196,09:52:50,28.74,--,4,11496,卖盘
1197,09:52:44,28.74,--,18,51732,卖盘
1198,09:52:35,28.74,-0.02,2,5748,卖盘
1199,09:52:14,28.76,-0.01,15,43140,卖盘
1200,09:52:05,28.77,--,0,0,中性盘
1201,09:51:56,28.77,-0.03,8,23016,卖盘
1202,09:51:50,28.8,--,0,0,买盘
1203,09:51:40,28.8,0.04,5,14400,买盘
1204,09:51:35,28.76,--,1,2876,卖盘
1205,09:51:20,28.76,0.01,17,48892,中性盘
1206,09:51:14,28.75,--,2,5750,卖盘
1207,09:51:10,28.75,--,21,60375,卖盘
1208,09:51:05,28.75,--,4,11500,卖盘
1209,09:50:59,28.75,--,5,14375,卖盘
1210,09:50:55,28.75,0.01,1,2875,卖盘
1211,09:50:44,28.74,0.02,7,20118,中性盘
1212,09:50:40,28.72,-0.02,7,20104,卖盘
1213,09:50:35,28.74,--,2,5748,卖盘
1214,09:50:29,28.74,--,6,17244,卖盘
1215,09:50:20,28.74,--,1,2874,卖盘
1216,09:50:05,28.74,-0.08,48,137952,卖盘
1217,09:49:59,28.82,0.01,26,74932,买盘
1218,09:49:55,28.81,--,1,2881,卖盘
1219,09:49:50,28.81,--,3,8643,卖盘
1220,09:49:44,28.81,--,1,2881,卖盘
1221,09:49:40,28.81,0.02,35,100835,买盘
1222,09:49:35,28.79,--,9,25911,卖盘
1223,09:49:29,28.79,-0.01,17,48943,卖盘
1224,09:49:25,28.8,--,8,23040,中性盘
1225,09:49:10,28.8,--,0,0,卖盘
1226,09:49:05,28.8,0.01,15,43200,中性盘
1227,09:48:40,28.79,0.02,1,2879,买盘
1228,09:48:29,28.77,--,0,0,卖盘
1229,09:48:14,28.77,--,13,37401,卖盘
1230,09:48:10,28.77,--,3,8631,卖盘
1231,09:47:44,28.77,-0.01,1,2877,卖盘
1232,09:47:40,28.78,--,5,14390,买盘
1233,09:47:29,28.78,--,2,5756,买盘
1234,09:47:25,28.78,-0.04,10,28780,卖盘
1235,09:47:05,28.82,--,13,37466,买盘
1236,09:46:59,28.82,--,10,28820,卖盘
1237,09:46:55,28.82,--,0,0,中性盘
1238,09:46:50,28.82,--,0,0,卖盘
1239,09:46:40,28.82,-0.01,12,34584,卖盘
1240,09:46:04,28.83,--,5,14415,买盘
1241,09:45:55,28.83,0.01,4,11532,中性盘
1242,09:45:50,28.82,-0.01,8,23056,卖盘
1243,09:45:44,28.83,--,21,60543,卖盘
1244,09:45:29,28.83,--,1,2883,卖盘
1245,09:45:20,28.83,--,0,0,卖盘
1246,09:45:14,28.83,--,84,242172,卖盘
1247,09:45:08,28.83,--,8,23064,卖盘
1248,09:45:05,28.83,-0.02,4,11532,卖盘
1249,09:44:53,28.85,--,0,0,中性盘
1250,09:44:44,28.85,-0.02,1,2885,卖盘
1251,09:44:29,28.87,0.02,1,2887,买盘
1252,09:44:23,28.85,--,11,31735,卖盘
1253,09:44:14,28.85,0.03,18,51930,买盘
1254,09:44:08,28.82,--,0,0,卖盘
1255,09:44:04,28.82,-0.01,1,2882,卖盘
1256,09:43:59,28.83,--,21,60543,卖盘
1257,09:43:53,28.83,--,0,0,中性盘
1258,09:43:49,28.83,--,1,2883,卖盘
1259,09:43:38,28.83,-0.02,20,57660,卖盘
1260,09:43:34,28.85,-0.02,4,11540,买盘
1261,09:43:23,28.87,0.02,9,25983,买盘
1262,09:43:19,28.85,-0.02,17,49045,卖盘
1263,09:43:13,28.87,--,5,14435,卖盘
1264,09:43:08,28.87,0.01,3,8661,中性盘
1265,09:43:04,28.86,--,5,14430,买盘
1266,09:42:38,28.86,-0.04,2,5772,中性盘
1267,09:42:34,28.9,0.03,170,491300,买盘
1268,09:42:23,28.87,--,3,8661,买盘
1269,09:42:19,28.87,--,0,0,买盘
1270,09:42:13,28.87,--,0,0,买盘
1271,09:42:04,28.87,0.05,5,14435,买盘
1272,09:41:58,28.82,--,19,54758,卖盘
1273,09:41:49,28.82,--,0,0,卖盘
1274,09:41:43,28.82,0.01,2,5764,买盘
1275,09:41:38,28.81,0.04,12,34572,买盘
1276,09:41:34,28.77,--,0,0,卖盘
1277,09:41:28,28.77,--,0,0,卖盘
1278,09:41:23,28.77,--,0,0,卖盘
1279,09:41:19,28.77,--,46,132342,买盘
1280,09:41:13,28.77,--,21,60417,买盘
1281,09:41:08,28.77,0.01,7,20139,买盘
1282,09:40:53,28.76,--,44,126544,卖盘
1283,09:40:49,28.76,-0.01,12,34512,卖盘
1284,09:40:38,28.77,0.01,10,28770,买盘
1285,09:40:34,28.76,--,13,37388,卖盘
1286,09:40:28,28.76,-0.01,118,339368,卖盘
1287,09:40:13,28.77,--,3,8631,买盘
1288,09:40:08,28.77,--,10,28770,买盘
1289,09:40:04,28.77,0.01,7,20139,买盘
1290,09:39:53,28.76,--,25,71900,卖盘
1291,09:39:49,28.76,--,4,11504,卖盘
1292,09:39:38,28.76,0.01,88,253088,买盘
1293,09:39:23,28.75,-0.01,38,109250,卖盘
1294,09:39:13,28.76,--,19,54644,买盘
1295,09:39:04,28.76,--,14,40264,买盘
1296,09:38:58,28.76,--,39,112164,买盘
1297,09:38:47,28.76,0.01,8,23008,买盘
1298,09:38:43,28.75,--,5,14375,卖盘
1299,09:38:38,28.75,--,26,74750,卖盘
1300,09:38:32,28.75,0.01,4,11500,买盘
1301,09:38:28,28.74,0.02,18,51732,买盘
1302,09:38:13,28.72,--,4,11488,买盘
1303,09:38:08,28.72,--,31,89032,买盘
1304,09:38:02,28.72,0.02,12,34464,买盘
1305,09:37:53,28.7,--,41,117670,买盘
1306,09:37:47,28.7,0.01,18,51660,买盘
1307,09:37:38,28.69,0.01,65,186485,买盘
1308,09:37:32,28.68,0.02,11,31548,买盘
1309,09:37:28,28.66,-0.02,6,17196,卖盘
1310,09:37:23,28.68,-0.01,3,8604,买盘
1311,09:37:17,28.69,0.01,5,14345,买盘
1312,09:37:13,28.68,-0.01,9,25812,卖盘
1313,09:37:08,28.69,0.01,24,68856,买盘
1314,09:37:02,28.68,-0.01,13,37284,卖盘
1315,09:36:52,28.69,--,9,25821,买盘
1316,09:36:43,28.69,--,3,8607,卖盘
1317,09:36:22,28.69,--,5,14345,卖盘
1318,09:36:17,28.69,-0.01,1,2869,卖盘
1319,09:36:13,28.7,--,13,37310,买盘
1320,09:36:07,28.7,--,12,34440,买盘
1321,09:35:58,28.7,-0.02,31,88970,卖盘
1322,09:35:43,28.72,--,5,14360,买盘
1323,09:35:32,28.72,--,7,20104,卖盘
1324,09:35:13,28.72,-0.01,1,2872,卖盘
1325,09:35:02,28.73,--,7,20111,买盘
1326,09:34:58,28.73,--,26,74698,卖盘
1327,09:34:47,28.73,-0.01,3,8619,卖盘
1328,09:34:43,28.74,--,4,11496,买盘
1329,09:34:28,28.74,--,2,5748,买盘
1330,09:34:13,28.74,--,11,31614,卖盘
1331,09:34:07,28.74,--,1,2874,卖盘
1332,09:34:02,28.74,--,1,2874,卖盘
1333,09:33:58,28.74,--,18,51732,卖盘
1334,09:33:47,28.74,--,5,14370,卖盘
1335,09:33:43,28.74,--,2,5748,卖盘
1336,09:33:37,28.74,-0.03,1,2874,卖盘
1337,09:33:32,28.77,0.03,8,23016,买盘
1338,09:33:28,28.74,--,27,77598,卖盘
1339,09:33:17,28.74,--,6,17244,卖盘
1340,09:33:12,28.74,--,1,2874,卖盘
1341,09:33:07,28.74,--,1,2874,卖盘
1342,09:32:58,28.74,--,2,5748,卖盘
1343,09:32:47,28.74,0.01,2,5748,卖盘
1344,09:32:42,28.73,--,1,2873,卖盘
1345,09:32:37,28.73,--,1,2873,卖盘
1346,09:32:27,28.73,-0.04,7,20111,卖盘
1347,09:32:22,28.77,--,0,0,买盘
1348,09:32:07,28.77,0.04,1,2877,卖盘
1349,09:32:02,28.73,--,0,0,中性盘
1350,09:31:57,28.73,-0.05,19,54587,卖盘
1351,09:31:47,28.78,0.01,25,71950,买盘
1352,09:31:17,28.77,--,1,2877,卖盘
1353,09:31:11,28.77,--,12,34524,卖盘
1354,09:31:07,28.77,--,3,8631,卖盘
1355,09:30:52,28.77,-0.01,2,5754,卖盘
1356,09:30:41,28.78,--,3,8634,买盘
1357,09:30:32,28.78,--,18,51804,卖盘
1358,09:30:26,28.78,--,1,2878,卖盘
1359,09:30:22,28.78,0.01,49,141022,买盘
1360,09:30:16,28.77,-0.03,1,2877,卖盘
1361,09:30:11,28.8,0.03,9,25920,买盘
1362,09:30:07,28.77,-0.03,52,149604,卖盘
1363,09:28:53,28.8,--,0,0,买盘
1364,09:25:04,28.8,28.8,32,92160,买盘
