,time,price,change,volume,amount,type
0,15:00:00,3.16,--,0,0,卖盘
1,15:00:00,3.16,--,0,0,卖盘
2,14:59:59,3.16,--,71,22436,卖盘
3,14:59:53,3.16,--,1150,363400,卖盘
4,14:59:47,3.16,--,544,171904,卖盘
5,14:59:43,3.16,-0.01,492,155472,卖盘
6,14:59:38,3.17,--,1542,488814,买盘
7,14:59:32,3.17,0.01,150,47550,买盘
8,14:59:28,3.16,-0.01,210,66360,卖盘
9,14:59:23,3.17,0.01,190,60230,买盘
10,14:59:17,3.16,--,1,316,卖盘
11,14:59:13,3.16,--,212,66992,卖盘
12,14:59:08,3.16,--,29,9164,卖盘
13,14:59:02,3.16,--,198,62568,卖盘
14,14:58:53,3.16,--,130,41080,卖盘
15,14:58:47,3.16,-0.01,60,18960,卖盘
16,14:58:43,3.17,0.01,29,9193,买盘
17,14:58:32,3.16,--,5,1580,卖盘
18,14:58:17,3.16,--,15,4740,卖盘
19,14:58:13,3.16,--,1,316,卖盘
20,14:58:08,3.16,-0.01,50,15800,卖盘
21,14:58:02,3.17,0.01,6005,1903585,买盘
22,14:57:58,3.16,--,100,31600,卖盘
23,14:57:53,3.16,-0.01,106,33496,卖盘
24,14:57:43,3.17,0.01,186,58962,买盘
25,14:57:38,3.16,-0.01,10,3160,卖盘
26,14:57:32,3.17,--,36,11412,买盘
27,14:57:28,3.17,--,19,6023,买盘
28,14:57:23,3.17,--,55,17435,买盘
29,14:57:13,3.17,--,292,92564,买盘
30,14:57:08,3.17,--,4,1268,买盘
31,14:57:02,3.17,0.01,494,156598,买盘
32,14:56:58,3.16,-0.01,23,7268,卖盘
33,14:56:53,3.17,--,26,8242,买盘
34,14:56:47,3.17,0.01,8,2536,买盘
35,14:56:43,3.16,-0.01,1,316,卖盘
36,14:56:38,3.17,--,10,3170,买盘
37,14:56:28,3.17,--,24,7608,买盘
38,14:56:23,3.17,0.01,1,317,买盘
39,14:56:13,3.16,-0.01,132,41712,卖盘
40,14:56:08,3.17,0.01,110,34870,买盘
41,14:56:02,3.16,--,4,1264,卖盘
42,14:55:58,3.16,-0.01,107,33812,卖盘
43,14:55:47,3.17,0.01,197,62449,买盘
44,14:55:43,3.16,--,13,4108,卖盘
45,14:55:38,3.16,--,934,295144,卖盘
46,14:55:28,3.16,-0.01,600,189600,卖盘
47,14:55:23,3.17,--,7630,2418710,买盘
48,14:55:17,3.17,0.01,6,1902,买盘
49,14:55:13,3.16,--,6187,1955092,卖盘
50,14:55:07,3.16,-0.01,78,24648,卖盘
51,14:55:02,3.17,0.01,17,5389,买盘
52,14:54:58,3.16,-0.01,1,316,卖盘
53,14:54:53,3.17,0.01,2,634,买盘
54,14:54:47,3.16,-0.01,2,632,卖盘
55,14:54:38,3.17,0.01,317,100489,买盘
56,14:54:28,3.16,--,169,53404,卖盘
57,14:54:23,3.16,-0.01,386,121976,卖盘
58,14:54:08,3.17,0.01,288,91296,买盘
59,14:54:02,3.16,-0.01,4,1264,卖盘
60,14:53:57,3.17,0.01,298,94466,买盘
61,14:53:53,3.16,-0.01,149,47084,卖盘
62,14:53:47,3.17,0.01,300,95100,买盘
63,14:53:43,3.16,-0.01,38,12008,卖盘
64,14:53:38,3.17,--,634,200978,买盘
65,14:53:32,3.17,--,1282,406394,买盘
66,14:53:27,3.17,--,1306,414002,买盘
67,14:53:23,3.17,--,656,207952,买盘
68,14:53:17,3.17,--,992,314464,买盘
69,14:53:12,3.17,--,6112,1937504,买盘
70,14:53:08,3.17,--,363,115071,买盘
71,14:53:02,3.17,0.01,845,267865,买盘
72,14:52:56,3.16,-0.01,757,239212,卖盘
73,14:52:52,3.17,--,30,9510,买盘
74,14:52:47,3.17,--,388,122996,买盘
75,14:52:32,3.17,--,8,2536,买盘
76,14:52:26,3.17,0.01,288,91296,买盘
77,14:52:22,3.16,--,4,1264,卖盘
78,14:52:11,3.16,--,1,316,卖盘
79,14:52:07,3.16,--,299,94484,卖盘
80,14:52:02,3.16,--,109,34444,卖盘
81,14:51:56,3.16,--,1001,316316,卖盘
82,14:51:52,3.16,--,300,94800,卖盘
83,14:51:47,3.16,-0.01,949,299884,卖盘
84,14:51:37,3.17,--,3441,1090797,买盘
85,14:51:32,3.17,0.01,193,61181,买盘
86,14:51:22,3.16,-0.01,45,14220,卖盘
87,14:51:16,3.17,--,928,294176,买盘
88,14:51:07,3.17,0.01,192,60864,买盘
89,14:51:02,3.16,-0.01,969,306204,卖盘
90,14:50:41,3.17,--,130,41210,买盘
91,14:50:37,3.17,--,683,216511,买盘
92,14:50:32,3.17,0.01,747,236799,买盘
93,14:50:22,3.16,--,20,6320,卖盘
94,14:50:16,3.16,--,615,194340,卖盘
95,14:50:11,3.16,--,734,231944,卖盘
96,14:50:07,3.16,--,43,13588,卖盘
97,14:50:02,3.16,--,108,34128,卖盘
98,14:49:56,3.16,--,579,182964,卖盘
99,14:49:52,3.16,--,391,123556,卖盘
100,14:49:46,3.16,--,115,36340,卖盘
101,14:49:41,3.16,-0.01,155,48980,卖盘
102,14:49:37,3.17,0.01,27,8559,买盘
103,14:49:31,3.16,--,400,126400,卖盘
104,14:49:26,3.16,--,52,16432,卖盘
105,14:49:22,3.16,--,62,19592,卖盘
106,14:49:16,3.16,--,345,109020,卖盘
107,14:49:11,3.16,-0.01,51,16116,卖盘
108,14:49:07,3.17,0.01,424,134408,买盘
109,14:49:01,3.16,--,81,25596,卖盘
110,14:48:52,3.16,--,50,15800,卖盘
111,14:48:46,3.16,-0.01,53,16748,卖盘
112,14:48:41,3.17,--,60,19020,买盘
113,14:48:37,3.17,--,52,16484,买盘
114,14:48:31,3.17,0.01,156,49452,买盘
115,14:48:22,3.16,--,50,15800,卖盘
116,14:48:16,3.16,--,51,16116,卖盘
117,14:48:11,3.16,--,50,15800,卖盘
118,14:48:07,3.16,--,64,20224,卖盘
119,14:48:01,3.16,--,84,26544,卖盘
120,14:47:52,3.16,-0.01,2000,632000,卖盘
121,14:47:41,3.17,0.01,14,4438,买盘
122,14:47:36,3.16,-0.01,74,23384,卖盘
123,14:47:31,3.17,--,249,78933,买盘
124,14:47:26,3.17,0.01,17,5389,买盘
125,14:47:22,3.16,-0.01,28,8848,卖盘
126,14:47:16,3.17,--,18,5706,买盘
127,14:47:07,3.17,0.01,32,10144,买盘
128,14:47:01,3.16,-0.01,11,3476,卖盘
129,14:46:46,3.17,0.01,4,1268,买盘
130,14:46:41,3.16,--,18,5688,卖盘
131,14:46:31,3.16,--,24,7584,卖盘
132,14:46:20,3.16,--,1,316,卖盘
133,14:46:11,3.16,--,24,7584,卖盘
134,14:46:01,3.16,-0.01,229,72364,卖盘
135,14:45:56,3.17,--,54,17118,买盘
136,14:45:50,3.17,0.01,296,93832,买盘
137,14:45:46,3.16,--,160,50560,卖盘
138,14:45:41,3.16,--,2,632,卖盘
139,14:45:31,3.16,-0.01,1,316,卖盘
140,14:45:26,3.17,--,69,21873,买盘
141,14:45:16,3.17,0.01,14,4438,买盘
142,14:45:11,3.16,--,11,3476,卖盘
143,14:45:05,3.16,--,36,11376,卖盘
144,14:45:01,3.16,-0.01,15,4740,卖盘
145,14:44:55,3.17,0.01,1919,608323,买盘
146,14:44:46,3.16,--,482,152312,卖盘
147,14:44:40,3.16,--,2,632,卖盘
148,14:44:31,3.16,--,166,52456,卖盘
149,14:44:25,3.16,--,31,9796,卖盘
150,14:44:10,3.16,-0.01,163,51508,卖盘
151,14:44:05,3.17,0.01,6,1902,买盘
152,14:44:01,3.16,--,1,316,卖盘
153,14:43:55,3.16,-0.01,1,316,卖盘
154,14:43:46,3.17,0.01,260,82420,买盘
155,14:43:40,3.16,--,34,10744,卖盘
156,14:43:31,3.16,-0.01,1,316,卖盘
157,14:43:25,3.17,--,295,93515,买盘
158,14:43:16,3.17,0.01,5,1585,买盘
159,14:43:10,3.16,-0.01,202,63832,卖盘
160,14:43:05,3.17,0.01,24,7608,买盘
161,14:43:01,3.16,--,17,5372,卖盘
162,14:42:55,3.16,-0.01,2,632,卖盘
163,14:42:50,3.17,0.01,9,2853,买盘
164,14:42:46,3.16,--,9,2844,卖盘
165,14:42:40,3.16,--,15,4740,卖盘
166,14:42:31,3.16,--,2,632,卖盘
167,14:42:25,3.16,--,97,30652,卖盘
168,14:42:20,3.16,--,54,17064,卖盘
169,14:42:16,3.16,--,10,3160,卖盘
170,14:42:10,3.16,--,151,47716,卖盘
171,14:42:01,3.16,--,555,175380,卖盘
172,14:41:55,3.16,--,134,42344,卖盘
173,14:41:50,3.16,-0.01,144,45504,卖盘
174,14:41:46,3.17,0.01,1085,343945,买盘
175,14:41:40,3.16,--,1451,458516,卖盘
176,14:41:35,3.16,--,175,55300,卖盘
177,14:41:31,3.16,--,340,107440,卖盘
178,14:41:25,3.16,-0.01,141,44556,卖盘
179,14:41:20,3.17,0.01,150,47550,买盘
180,14:41:16,3.16,--,280,88480,卖盘
181,14:41:10,3.16,--,27,8532,卖盘
182,14:41:05,3.16,--,727,229732,卖盘
183,14:41:01,3.16,-0.01,974,307784,卖盘
184,14:40:55,3.17,0.01,7,2219,买盘
185,14:40:50,3.16,--,34,10744,卖盘
186,14:40:46,3.16,--,413,130508,卖盘
187,14:40:40,3.16,--,12,3792,卖盘
188,14:40:35,3.16,--,157,49612,卖盘
189,14:40:30,3.16,--,1,316,卖盘
190,14:40:25,3.16,-0.01,4,1264,卖盘
191,14:40:20,3.17,0.01,5,1585,买盘
192,14:40:10,3.16,--,570,180120,卖盘
193,14:40:00,3.16,-0.01,182,57512,卖盘
194,14:39:55,3.17,--,7,2219,买盘
195,14:39:45,3.17,0.01,355,112535,买盘
196,14:39:40,3.16,--,225,71100,卖盘
197,14:39:30,3.16,--,35,11060,卖盘
198,14:39:25,3.16,--,10,3160,卖盘
199,14:39:20,3.16,--,7,2212,卖盘
200,14:39:14,3.16,--,1,316,卖盘
201,14:39:10,3.16,-0.01,37,11692,卖盘
202,14:39:05,3.17,--,34,10778,买盘
203,14:38:59,3.17,0.01,652,206684,买盘
204,14:38:55,3.16,--,1,316,卖盘
205,14:38:49,3.16,-0.01,3,948,卖盘
206,14:38:45,3.17,--,35,11095,买盘
207,14:38:40,3.17,--,51,16167,买盘
208,14:38:34,3.17,--,17,5389,买盘
209,14:38:25,3.17,0.01,233,73861,买盘
210,14:38:19,3.16,--,1,316,卖盘
211,14:38:14,3.16,--,2,632,卖盘
212,14:38:10,3.16,-0.01,2,632,卖盘
213,14:38:04,3.17,0.01,6,1902,买盘
214,14:37:59,3.16,--,1,316,卖盘
215,14:37:55,3.16,-0.01,644,203504,卖盘
216,14:37:49,3.17,--,278,88126,买盘
217,14:37:44,3.17,0.01,35,11095,买盘
218,14:37:40,3.16,--,2,632,卖盘
219,14:37:34,3.16,--,1,316,卖盘
220,14:37:25,3.16,--,156,49296,卖盘
221,14:37:19,3.16,--,102,32232,卖盘
222,14:37:10,3.16,--,3,948,卖盘
223,14:37:04,3.16,--,2,632,卖盘
224,14:36:59,3.16,--,1,316,卖盘
225,14:36:49,3.16,--,128,40448,卖盘
226,14:36:40,3.16,--,714,225624,卖盘
227,14:36:34,3.16,--,430,135880,卖盘
228,14:36:25,3.16,--,48,15168,卖盘
229,14:36:19,3.16,--,156,49296,卖盘
230,14:36:14,3.16,--,130,41080,卖盘
231,14:36:10,3.16,-0.01,1,316,卖盘
232,14:36:04,3.17,--,268,84956,买盘
233,14:35:59,3.17,0.01,148,46916,买盘
234,14:35:55,3.16,--,61,19276,卖盘
235,14:35:49,3.16,--,1,316,卖盘
236,14:35:40,3.16,--,3,948,卖盘
237,14:35:34,3.16,-0.01,211,66676,卖盘
238,14:35:25,3.17,0.01,34,10778,买盘
239,14:35:19,3.16,--,3,948,卖盘
240,14:35:14,3.16,--,31,9796,卖盘
241,14:35:09,3.16,--,205,64780,卖盘
242,14:35:04,3.16,--,1,316,卖盘
243,14:34:49,3.16,--,654,206664,卖盘
244,14:34:44,3.16,--,160,50560,卖盘
245,14:34:39,3.16,--,444,140304,卖盘
246,14:34:34,3.16,-0.01,1,316,卖盘
247,14:34:24,3.17,0.01,80,25360,买盘
248,14:34:19,3.16,-0.01,359,113444,卖盘
249,14:34:09,3.17,--,1152,365184,买盘
250,14:34:04,3.17,0.01,37,11729,买盘
251,14:33:54,3.16,--,20,6320,卖盘
252,14:33:49,3.16,-0.01,86,27176,卖盘
253,14:33:44,3.17,0.01,11,3487,买盘
254,14:33:39,3.16,-0.01,52,16432,卖盘
255,14:33:34,3.17,--,320,101440,买盘
256,14:33:29,3.17,0.01,1,317,买盘
257,14:33:24,3.16,--,73,23068,卖盘
258,14:33:19,3.16,-0.01,1347,425652,卖盘
259,14:33:14,3.17,--,52,16484,买盘
260,14:33:09,3.17,--,797,252649,买盘
261,14:33:04,3.17,0.01,295,93515,买盘
262,14:32:59,3.16,0.01,319,100804,买盘
263,14:32:54,3.15,--,321,101115,卖盘
264,14:32:49,3.15,-0.01,273,85995,卖盘
265,14:32:43,3.16,--,49,15484,买盘
266,14:32:39,3.16,0.01,125,39500,买盘
267,14:32:34,3.15,-0.01,1,315,卖盘
268,14:32:28,3.16,--,604,190864,买盘
269,14:32:24,3.16,0.01,675,213300,买盘
270,14:32:19,3.15,--,5052,1591380,卖盘
271,14:32:08,3.15,-0.01,14,4410,卖盘
272,14:32:04,3.16,--,71,22436,买盘
273,14:31:53,3.16,0.01,20,6320,买盘
274,14:31:49,3.15,--,101,31815,卖盘
275,14:31:43,3.15,--,1,315,卖盘
276,14:31:38,3.15,-0.01,1,315,卖盘
277,14:31:34,3.16,0.01,46,14536,买盘
278,14:31:28,3.15,--,11,3465,卖盘
279,14:31:19,3.15,-0.01,6,1890,卖盘
280,14:31:13,3.16,0.01,82,25912,买盘
281,14:31:04,3.15,-0.01,3,945,卖盘
282,14:30:53,3.16,0.01,55,17380,买盘
283,14:30:49,3.15,--,522,164430,卖盘
284,14:30:43,3.15,--,2,630,卖盘
285,14:30:34,3.15,-0.01,2,630,卖盘
286,14:30:28,3.16,--,26,8216,买盘
287,14:30:23,3.16,--,45,14220,买盘
288,14:30:19,3.16,0.01,130,41080,买盘
289,14:30:13,3.15,--,155,48825,卖盘
290,14:30:08,3.15,-0.01,55,17325,卖盘
291,14:30:04,3.16,0.01,36,11376,买盘
292,14:29:58,3.15,-0.01,2,630,卖盘
293,14:29:53,3.16,0.01,148,46768,买盘
294,14:29:49,3.15,-0.01,137,43155,卖盘
295,14:29:43,3.16,--,82,25912,买盘
296,14:29:38,3.16,--,9,2844,买盘
297,14:29:34,3.16,0.01,56,17696,买盘
298,14:29:19,3.15,-0.01,84,26460,卖盘
299,14:29:13,3.16,--,41,12956,买盘
300,14:29:04,3.16,--,850,268600,买盘
301,14:28:58,3.16,--,21,6636,买盘
302,14:28:53,3.16,0.01,5,1580,买盘
303,14:28:49,3.15,-0.01,786,247590,卖盘
304,14:28:43,3.16,--,272,85952,买盘
305,14:28:38,3.16,--,13,4108,买盘
306,14:28:33,3.16,--,42,13272,买盘
307,14:28:28,3.16,--,130,41080,买盘
308,14:28:23,3.16,0.01,4,1264,买盘
309,14:28:19,3.15,--,689,217035,卖盘
310,14:28:13,3.15,-0.01,72,22680,卖盘
311,14:28:08,3.16,0.01,50,15800,买盘
312,14:28:04,3.15,-0.01,2,630,卖盘
313,14:27:58,3.16,0.01,150,47400,买盘
314,14:27:48,3.15,-0.01,82,25830,卖盘
315,14:27:43,3.16,--,33,10428,买盘
316,14:27:38,3.16,--,100,31600,买盘
317,14:27:33,3.16,--,54,17064,买盘
318,14:27:28,3.16,--,371,117236,买盘
319,14:27:18,3.16,--,972,307152,买盘
320,14:27:13,3.16,--,35,11060,买盘
321,14:27:08,3.16,0.01,30,9480,买盘
322,14:27:03,3.15,--,1,315,卖盘
323,14:26:48,3.15,--,2,630,卖盘
324,14:26:43,3.15,-0.01,2,630,卖盘
325,14:26:33,3.16,--,121,38236,买盘
326,14:26:28,3.16,0.01,13,4108,买盘
327,14:26:18,3.15,--,346,108990,卖盘
328,14:26:13,3.15,-0.01,636,200340,卖盘
329,14:26:03,3.16,0.01,11,3476,买盘
330,14:25:48,3.15,--,2,630,卖盘
331,14:25:43,3.15,-0.01,1,315,卖盘
332,14:25:33,3.16,--,2,632,买盘
333,14:25:28,3.16,0.01,42,13272,买盘
334,14:25:22,3.15,--,3,945,卖盘
335,14:25:18,3.15,-0.01,52,16380,卖盘
336,14:25:13,3.16,0.01,101,31916,买盘
337,14:25:07,3.15,--,1,315,卖盘
338,14:25:03,3.15,--,43,13545,卖盘
339,14:24:58,3.15,--,6,1890,卖盘
340,14:24:47,3.15,--,45,14175,卖盘
341,14:24:43,3.15,-0.01,1,315,卖盘
342,14:24:37,3.16,0.01,5,1580,买盘
343,14:24:32,3.15,-0.01,17,5355,卖盘
344,14:24:28,3.16,0.01,14,4424,买盘
345,14:24:22,3.15,-0.01,4,1260,卖盘
346,14:24:17,3.16,0.01,3,948,买盘
347,14:24:13,3.15,-0.01,10,3150,卖盘
348,14:24:07,3.16,0.01,3,948,买盘
349,14:24:02,3.15,--,1,315,卖盘
350,14:23:58,3.15,-0.01,19,5985,卖盘
351,14:23:52,3.16,--,141,44556,买盘
352,14:23:47,3.16,--,3,948,买盘
353,14:23:43,3.16,--,134,42344,买盘
354,14:23:37,3.16,--,324,102384,买盘
355,14:23:32,3.16,--,898,283894,卖盘
356,14:23:28,3.16,--,221,69836,卖盘
357,14:23:22,3.16,--,210,66360,卖盘
358,14:23:17,3.16,--,70,22120,卖盘
359,14:23:13,3.16,--,154,48664,卖盘
360,14:23:07,3.16,--,51,16116,卖盘
361,14:23:02,3.16,--,1921,607036,卖盘
362,14:22:58,3.16,--,93,29388,卖盘
363,14:22:52,3.16,-0.01,271,85636,卖盘
364,14:22:47,3.17,0.01,875,277375,买盘
365,14:22:43,3.16,-0.01,1,316,卖盘
366,14:22:37,3.17,--,185,58645,买盘
367,14:22:32,3.17,0.01,227,71959,买盘
368,14:22:27,3.16,--,162,51192,卖盘
369,14:22:22,3.16,-0.01,51,16116,卖盘
370,14:22:17,3.17,0.01,56,17752,买盘
371,14:22:12,3.16,--,2,632,卖盘
372,14:22:07,3.16,--,129,40764,卖盘
373,14:22:02,3.16,--,10,3160,卖盘
374,14:21:57,3.16,--,745,235420,卖盘
375,14:21:52,3.16,-0.01,190,60040,卖盘
376,14:21:47,3.17,--,10,3170,买盘
377,14:21:42,3.17,0.01,102,32334,买盘
378,14:21:37,3.16,--,628,198448,卖盘
379,14:21:32,3.16,--,53,16748,卖盘
380,14:21:27,3.16,-0.01,27,8532,卖盘
381,14:21:22,3.17,0.01,75,23775,买盘
382,14:21:12,3.16,--,354,111864,卖盘
383,14:21:07,3.16,--,3551,1122116,卖盘
384,14:21:02,3.16,-0.01,598,188968,卖盘
385,14:20:57,3.17,0.01,184,58328,买盘
386,14:20:52,3.16,--,262,82792,卖盘
387,14:20:47,3.16,--,403,127348,卖盘
388,14:20:42,3.16,--,690,218040,卖盘
389,14:20:37,3.16,--,187,59092,卖盘
390,14:20:27,3.16,--,808,255328,卖盘
391,14:20:22,3.16,-0.01,1408,444928,卖盘
392,14:20:16,3.17,--,3,951,买盘
393,14:20:12,3.17,0.01,3847,1219499,买盘
394,14:20:07,3.16,--,564,178224,卖盘
395,14:20:02,3.16,--,118,37288,卖盘
396,14:19:57,3.16,-0.01,389,122924,卖盘
397,14:19:52,3.17,0.01,792,251064,买盘
398,14:19:46,3.16,--,130,41080,卖盘
399,14:19:42,3.16,-0.01,251,79316,卖盘
400,14:19:37,3.17,0.01,1685,534145,买盘
401,14:19:31,3.16,--,427,134932,卖盘
402,14:19:27,3.16,-0.01,628,198448,卖盘
403,14:19:22,3.17,0.01,183,58011,买盘
404,14:19:16,3.16,--,131,41396,卖盘
405,14:19:12,3.16,--,923,291668,卖盘
406,14:19:07,3.16,-0.01,86,27176,卖盘
407,14:18:57,3.17,0.01,137,43429,买盘
408,14:18:52,3.16,-0.01,4,1264,卖盘
409,14:18:46,3.17,0.01,3,951,买盘
410,14:18:42,3.16,-0.01,125,39500,卖盘
411,14:18:37,3.17,0.01,1284,407028,买盘
412,14:18:27,3.16,-0.01,678,214248,卖盘
413,14:18:22,3.17,0.01,46,14582,买盘
414,14:18:16,3.16,-0.01,198,62568,卖盘
415,14:18:12,3.17,--,139,44063,买盘
416,14:18:07,3.17,0.01,3,951,买盘
417,14:18:01,3.16,--,130,41080,卖盘
418,14:17:57,3.16,-0.01,24,7584,卖盘
419,14:17:52,3.17,--,4,1268,买盘
420,14:17:41,3.17,0.01,5,1585,买盘
421,14:17:31,3.16,--,33,10428,卖盘
422,14:17:27,3.16,--,29,9164,卖盘
423,14:17:22,3.16,-0.01,106,33496,卖盘
424,14:17:11,3.17,0.01,45,14265,买盘
425,14:17:01,3.16,--,10,3160,卖盘
426,14:16:52,3.16,-0.01,311,98276,卖盘
427,14:16:46,3.17,0.01,207,65619,买盘
428,14:16:41,3.16,--,2,632,卖盘
429,14:16:36,3.16,--,33,10428,卖盘
430,14:16:31,3.16,-0.01,161,50876,卖盘
431,14:16:26,3.17,0.01,4,1268,买盘
432,14:16:21,3.16,-0.01,44,13904,卖盘
433,14:16:16,3.17,0.01,20,6340,买盘
434,14:16:11,3.16,--,2,632,卖盘
435,14:16:06,3.16,-0.01,22,6952,卖盘
436,14:16:01,3.17,--,88,27896,买盘
437,14:15:51,3.17,--,5,1585,买盘
438,14:15:46,3.17,--,36,11412,买盘
439,14:15:41,3.17,--,3,951,买盘
440,14:15:31,3.17,--,43,13631,买盘
441,14:15:26,3.17,0.01,604,191468,买盘
442,14:15:21,3.16,-0.01,1680,530880,卖盘
443,14:15:16,3.17,0.01,252,79884,买盘
444,14:15:11,3.16,-0.01,2,632,卖盘
445,14:15:06,3.17,0.01,8,2536,买盘
446,14:15:01,3.16,--,2,632,卖盘
447,14:14:56,3.16,-0.01,110,34760,卖盘
448,14:14:51,3.17,--,199,63083,买盘
449,14:14:46,3.17,0.01,454,143918,买盘
450,14:14:41,3.16,--,1,316,卖盘
451,14:14:36,3.16,--,53,16748,卖盘
452,14:14:31,3.16,--,5,1580,卖盘
453,14:14:26,3.16,-0.01,851,268916,卖盘
454,14:14:21,3.17,--,193,61181,买盘
455,14:14:16,3.17,0.01,3,951,买盘
456,14:14:11,3.16,--,40,12640,卖盘
457,14:14:06,3.16,--,109,34444,卖盘
458,14:14:01,3.16,-0.01,41,12956,卖盘
459,14:13:51,3.17,--,4,1268,买盘
460,14:13:46,3.17,0.01,34,10778,买盘
461,14:13:40,3.16,--,234,73944,卖盘
462,14:13:31,3.16,--,9,2844,卖盘
463,14:13:21,3.16,-0.01,53,16748,卖盘
464,14:13:16,3.17,0.01,627,198759,买盘
465,14:13:10,3.16,--,601,189916,卖盘
466,14:13:06,3.16,--,1511,477476,卖盘
467,14:13:01,3.16,-0.01,1,316,卖盘
468,14:12:55,3.17,0.01,503,159451,买盘
469,14:12:51,3.16,--,2,632,卖盘
470,14:12:46,3.16,--,133,42028,卖盘
471,14:12:36,3.16,-0.01,127,40132,卖盘
472,14:12:31,3.17,--,366,116022,买盘
473,14:12:25,3.17,0.01,850,269450,买盘
474,14:12:21,3.16,--,652,206032,卖盘
475,14:12:16,3.16,-0.01,906,286296,卖盘
476,14:12:10,3.17,0.01,4,1268,买盘
477,14:12:06,3.16,-0.01,26,8216,卖盘
478,14:12:01,3.17,--,66,20922,买盘
479,14:11:51,3.17,0.01,4,1268,买盘
480,14:11:46,3.16,--,550,173800,卖盘
481,14:11:40,3.16,-0.01,561,177276,卖盘
482,14:11:36,3.17,0.01,3,951,买盘
483,14:11:31,3.16,-0.01,4,1264,卖盘
484,14:11:25,3.17,0.01,103,32651,买盘
485,14:11:21,3.16,--,1257,397212,卖盘
486,14:11:16,3.16,--,118,37288,卖盘
487,14:11:10,3.16,-0.01,502,158632,卖盘
488,14:11:06,3.17,--,20,6340,买盘
489,14:11:01,3.17,--,1060,336020,买盘
490,14:10:55,3.17,0.01,3,951,买盘
491,14:10:51,3.16,-0.01,1,316,卖盘
492,14:10:46,3.17,0.01,607,192419,买盘
493,14:10:40,3.16,--,6000,1896000,卖盘
494,14:10:36,3.16,-0.01,2,632,卖盘
495,14:10:31,3.17,--,134,42478,买盘
496,14:10:25,3.17,0.01,1,317,买盘
497,14:10:20,3.16,--,14,4424,卖盘
498,14:10:16,3.16,--,156,49296,卖盘
499,14:10:10,3.16,--,53,16748,卖盘
500,14:10:06,3.16,--,41,12956,卖盘
501,14:10:01,3.16,--,5,1580,卖盘
502,14:09:55,3.16,--,31,9796,卖盘
503,14:09:50,3.16,--,23,7268,卖盘
504,14:09:46,3.16,--,201,63516,卖盘
505,14:09:40,3.16,--,4,1264,卖盘
506,14:09:35,3.16,--,4,1264,卖盘
507,14:09:30,3.16,-0.01,835,263860,卖盘
508,14:09:25,3.17,0.01,904,286568,买盘
509,14:09:20,3.16,-0.01,260,82160,卖盘
510,14:09:15,3.17,0.01,284,90028,买盘
511,14:09:10,3.16,-0.01,97,30652,卖盘
512,14:09:05,3.17,--,19,6023,买盘
513,14:09:01,3.17,--,652,206684,买盘
514,14:08:55,3.17,0.01,127,40259,买盘
515,14:08:50,3.16,--,1,316,卖盘
516,14:08:45,3.16,--,24,7584,卖盘
517,14:08:40,3.16,--,127,40132,卖盘
518,14:08:30,3.16,--,82,25912,卖盘
519,14:08:25,3.16,-0.01,50,15800,卖盘
520,14:08:20,3.17,--,4,1268,买盘
521,14:08:15,3.17,--,1,317,买盘
522,14:08:10,3.17,0.01,354,112218,买盘
523,14:08:05,3.16,--,18,5688,卖盘
524,14:08:00,3.16,-0.01,204,64464,卖盘
525,14:07:55,3.17,0.01,324,102708,买盘
526,14:07:50,3.16,--,3319,1048804,卖盘
527,14:07:45,3.16,--,912,288192,卖盘
528,14:07:40,3.16,--,253,79948,卖盘
529,14:07:34,3.16,--,284,89744,卖盘
530,14:07:30,3.16,--,1,316,卖盘
531,14:07:25,3.16,--,64,20224,卖盘
532,14:07:20,3.16,-0.01,192,60672,卖盘
533,14:07:15,3.17,0.01,9348,2963506,买盘
534,14:07:10,3.16,--,10294,3252904,卖盘
535,14:07:00,3.16,--,654,206664,卖盘
536,14:06:55,3.16,--,74,23384,卖盘
537,14:06:49,3.16,--,10280,3248480,卖盘
538,14:06:45,3.16,-0.01,775,244900,卖盘
539,14:06:40,3.17,0.01,2912,923104,买盘
540,14:06:34,3.16,--,41,12956,卖盘
541,14:06:30,3.16,--,1023,323268,卖盘
542,14:06:19,3.16,--,10,3160,卖盘
543,14:06:15,3.16,--,458,144728,卖盘
544,14:06:10,3.16,--,325,102700,卖盘
545,14:06:04,3.16,--,30,9480,卖盘
546,14:06:00,3.16,-0.01,568,179488,卖盘
547,14:05:55,3.17,0.01,514,162938,买盘
548,14:05:49,3.16,-0.01,651,205716,卖盘
549,14:05:45,3.17,0.01,439,139163,买盘
550,14:05:40,3.16,--,907,286612,卖盘
551,14:05:34,3.16,--,451,142516,卖盘
552,14:05:30,3.16,-0.01,263,83108,卖盘
553,14:05:25,3.17,0.01,199,63083,买盘
554,14:05:19,3.16,--,457,144412,卖盘
555,14:05:15,3.16,--,37,11692,卖盘
556,14:05:10,3.16,--,134,42344,卖盘
557,14:05:00,3.16,-0.01,915,289140,卖盘
558,14:04:55,3.17,--,41,12997,买盘
559,14:04:49,3.17,--,4,1268,买盘
560,14:04:40,3.17,0.01,479,151843,买盘
561,14:04:30,3.16,-0.01,109,34444,卖盘
562,14:04:18,3.17,--,6,1902,买盘
563,14:04:15,3.17,--,298,94466,买盘
564,14:04:10,3.17,0.01,540,171180,买盘
565,14:04:00,3.16,-0.01,13,4108,卖盘
566,14:03:55,3.17,0.01,4,1268,买盘
567,14:03:49,3.16,--,22,6952,卖盘
568,14:03:45,3.16,-0.01,16,5056,卖盘
569,14:03:40,3.17,--,273,86541,买盘
570,14:03:34,3.17,--,3,951,买盘
571,14:03:30,3.17,0.01,4,1268,买盘
572,14:03:24,3.16,-0.01,33,10428,卖盘
573,14:03:19,3.17,--,22,6974,买盘
574,14:03:14,3.17,0.01,4,1268,买盘
575,14:03:10,3.16,-0.01,2,632,卖盘
576,14:03:04,3.17,--,36,11412,买盘
577,14:02:59,3.17,--,37,11729,买盘
578,14:02:55,3.17,--,176,55792,买盘
579,14:02:49,3.17,0.01,12,3804,买盘
580,14:02:39,3.16,-0.01,6,1896,卖盘
581,14:02:29,3.17,--,4,1268,买盘
582,14:02:24,3.17,0.01,5,1585,买盘
583,14:02:19,3.16,--,4,1264,卖盘
584,14:02:14,3.16,--,4,1264,卖盘
585,14:02:09,3.16,-0.01,3,948,卖盘
586,14:02:04,3.17,--,373,118241,买盘
587,14:01:59,3.17,--,15,4755,买盘
588,14:01:54,3.17,--,2,634,买盘
589,14:01:49,3.17,--,101,32017,买盘
590,14:01:44,3.17,--,273,86541,买盘
591,14:01:39,3.17,0.01,501,158817,买盘
592,14:01:34,3.16,-0.01,1016,321056,卖盘
593,14:01:19,3.17,--,12,3804,买盘
594,14:01:13,3.17,--,306,97002,买盘
595,14:01:09,3.17,0.01,10,3170,买盘
596,14:01:04,3.16,-0.01,1,316,卖盘
597,14:00:58,3.17,--,3,951,买盘
598,14:00:48,3.17,--,4,1268,买盘
599,14:00:39,3.17,--,36,11412,买盘
600,14:00:27,3.17,--,645,204465,买盘
601,14:00:24,3.17,--,331,104927,买盘
602,14:00:19,3.17,0.01,335,106195,买盘
603,14:00:13,3.16,-0.01,67,21172,卖盘
604,14:00:09,3.17,0.01,137,43429,买盘
605,14:00:04,3.16,--,130,41080,卖盘
606,13:59:57,3.16,--,199,62884,卖盘
607,13:59:54,3.16,-0.01,151,47716,卖盘
608,13:59:49,3.17,--,660,209220,买盘
609,13:59:39,3.17,0.01,16,5072,买盘
610,13:59:34,3.16,-0.01,198,62568,卖盘
611,13:59:27,3.17,0.01,34,10778,买盘
612,13:59:24,3.16,--,1430,451880,卖盘
613,13:59:09,3.16,-0.01,3,948,卖盘
614,13:59:04,3.17,0.01,141,44697,买盘
615,13:58:54,3.16,-0.01,520,164320,卖盘
616,13:58:49,3.17,--,8,2536,买盘
617,13:58:43,3.17,--,98,31066,买盘
618,13:58:12,3.17,0.01,34,10778,买盘
619,13:58:09,3.16,-0.01,212,66992,卖盘
620,13:57:57,3.17,--,504,159768,买盘
621,13:57:54,3.17,--,5,1585,买盘
622,13:57:48,3.17,--,7,2219,买盘
623,13:57:33,3.17,--,135,42795,买盘
624,13:57:24,3.17,--,5,1585,买盘
625,13:57:18,3.17,--,85,26945,买盘
626,13:57:12,3.17,0.01,3,951,买盘
627,13:57:09,3.16,-0.01,352,111232,卖盘
628,13:57:03,3.17,--,173,54904,买盘
629,13:56:54,3.17,--,8,2536,买盘
630,13:56:48,3.17,--,190,60230,买盘
631,13:56:38,3.17,0.01,608,192736,买盘
632,13:56:33,3.16,--,4691,1482416,卖盘
633,13:56:27,3.16,--,274,86704,卖盘
634,13:56:24,3.16,-0.01,1186,374776,卖盘
635,13:56:18,3.17,0.01,5,1585,买盘
636,13:56:12,3.16,-0.01,44,13904,卖盘
637,13:56:08,3.17,0.01,225,71325,买盘
638,13:55:57,3.16,-0.01,8,2528,卖盘
639,13:55:53,3.17,0.01,34,10778,买盘
640,13:55:48,3.16,-0.01,181,57196,卖盘
641,13:55:42,3.17,--,1016,322072,买盘
642,13:55:38,3.17,--,3,951,买盘
643,13:55:33,3.17,--,7,2219,买盘
644,13:55:27,3.17,--,4,1268,买盘
645,13:55:23,3.17,0.01,1,317,买盘
646,13:55:18,3.16,-0.01,68,21488,卖盘
647,13:55:12,3.17,0.01,3,951,买盘
648,13:55:08,3.16,-0.01,2,632,卖盘
649,13:55:03,3.17,0.01,623,197491,买盘
650,13:54:57,3.16,-0.01,314,99382,卖盘
651,13:54:48,3.17,--,4,1268,买盘
652,13:54:42,3.17,--,5,1585,买盘
653,13:54:36,3.17,--,35,11095,买盘
654,13:54:33,3.17,--,1,317,买盘
655,13:54:27,3.17,--,3,951,买盘
656,13:54:18,3.17,0.01,135,42795,买盘
657,13:54:12,3.16,--,198,62568,卖盘
658,13:54:06,3.16,--,9,2844,卖盘
659,13:54:03,3.16,--,130,41080,卖盘
660,13:53:57,3.16,-0.01,354,111864,卖盘
661,13:53:42,3.17,--,39,12363,买盘
662,13:53:33,3.17,--,179,56743,买盘
663,13:53:27,3.17,0.01,170,53890,买盘
664,13:53:21,3.16,--,420,132720,卖盘
665,13:53:18,3.16,-0.01,813,256908,卖盘
666,13:53:12,3.17,0.01,504,159768,买盘
667,13:53:06,3.16,--,2,632,卖盘
668,13:53:03,3.16,--,134,42344,卖盘
669,13:52:57,3.16,--,131,41396,卖盘
670,13:52:51,3.16,-0.01,130,41080,卖盘
671,13:52:48,3.17,0.01,159,50403,买盘
672,13:52:42,3.16,--,263,83108,卖盘
673,13:52:36,3.16,--,198,62568,卖盘
674,13:52:33,3.16,--,260,82160,卖盘
675,13:52:27,3.16,--,655,206980,卖盘
676,13:52:21,3.16,--,133,42028,卖盘
677,13:52:18,3.16,--,665,210140,卖盘
678,13:52:12,3.16,--,770,243320,卖盘
679,13:52:06,3.16,-0.01,133,42028,卖盘
680,13:52:03,3.17,--,784,248528,买盘
681,13:51:57,3.17,0.01,133,42161,买盘
682,13:51:48,3.16,--,23,7268,卖盘
683,13:51:42,3.16,-0.01,130,41080,卖盘
684,13:51:33,3.17,--,4,1268,买盘
685,13:51:27,3.17,--,110,34870,买盘
686,13:51:21,3.17,--,4,1268,买盘
687,13:51:12,3.17,0.01,64,20288,买盘
688,13:51:06,3.16,-0.01,2,632,卖盘
689,13:51:03,3.17,--,601,190517,买盘
690,13:50:57,3.17,--,60,19020,买盘
691,13:50:51,3.17,--,344,109048,买盘
692,13:50:48,3.17,0.01,55,17435,买盘
693,13:50:42,3.16,-0.01,266,84056,卖盘
694,13:50:36,3.17,--,3,951,买盘
695,13:50:27,3.17,--,4,1268,买盘
696,13:50:18,3.17,--,4,1268,买盘
697,13:50:12,3.17,0.01,15,4755,买盘
698,13:50:06,3.16,-0.01,2,632,卖盘
699,13:50:02,3.17,--,3,951,买盘
700,13:49:57,3.17,--,4,1268,买盘
701,13:49:47,3.17,--,40,12680,买盘
702,13:49:42,3.17,--,46,14582,买盘
703,13:49:32,3.17,--,19,6023,买盘
704,13:49:21,3.17,--,9,2853,买盘
705,13:49:17,3.17,--,3,951,买盘
706,13:49:12,3.17,0.01,6,1902,买盘
707,13:49:06,3.16,-0.01,2,632,卖盘
708,13:49:02,3.17,0.01,302,95734,买盘
709,13:48:57,3.16,--,283,89428,卖盘
710,13:48:51,3.16,--,1,316,卖盘
711,13:48:47,3.16,-0.01,8,2528,卖盘
712,13:48:42,3.17,--,100,31700,买盘
713,13:48:36,3.17,--,75,23775,买盘
714,13:48:30,3.17,0.01,5,1585,买盘
715,13:48:27,3.16,--,5,1580,卖盘
716,13:48:21,3.16,-0.01,1,316,卖盘
717,13:48:15,3.17,0.01,4,1268,买盘
718,13:48:06,3.16,--,25,7900,卖盘
719,13:47:57,3.16,--,204,64464,卖盘
720,13:47:51,3.16,-0.01,21,6636,卖盘
721,13:47:42,3.17,0.01,7,2219,买盘
722,13:47:36,3.16,-0.01,201,63516,卖盘
723,13:47:30,3.17,--,3,951,买盘
724,13:47:27,3.17,--,75,23775,买盘
725,13:47:21,3.17,--,4,1268,买盘
726,13:47:12,3.17,0.01,182,57694,买盘
727,13:47:06,3.16,--,50,15800,卖盘
728,13:47:00,3.16,-0.01,103,32548,卖盘
729,13:46:57,3.17,0.01,4,1268,买盘
730,13:46:51,3.16,-0.01,113,35708,卖盘
731,13:46:45,3.17,--,4,1268,买盘
732,13:46:36,3.17,--,21,6657,买盘
733,13:46:27,3.17,--,3,951,买盘
734,13:46:15,3.17,--,9,2853,买盘
735,13:46:12,3.17,0.01,36,11412,买盘
736,13:46:06,3.16,--,5,1580,卖盘
737,13:45:57,3.16,-0.01,1,316,卖盘
738,13:45:51,3.17,--,70,22190,买盘
739,13:45:42,3.17,0.01,18,5706,买盘
740,13:45:36,3.16,-0.01,2,632,卖盘
741,13:45:30,3.17,--,4,1268,买盘
742,13:45:21,3.17,0.01,118,37406,买盘
743,13:45:06,3.16,-0.01,21,6636,卖盘
744,13:44:57,3.17,--,39,12363,买盘
745,13:44:45,3.17,--,4,1268,买盘
746,13:44:42,3.17,0.01,25,7925,买盘
747,13:44:36,3.16,-0.01,5,1580,卖盘
748,13:44:30,3.17,--,2,634,买盘
749,13:44:26,3.17,0.01,5,1585,买盘
750,13:44:21,3.16,--,5,1580,卖盘
751,13:44:15,3.16,-0.01,2,632,卖盘
752,13:44:12,3.17,0.01,4,1268,买盘
753,13:44:06,3.16,--,82,25912,卖盘
754,13:44:00,3.16,-0.01,4,1264,卖盘
755,13:43:51,3.17,--,4,1268,买盘
756,13:43:41,3.17,--,144,45648,买盘
757,13:43:26,3.17,--,4,1268,买盘
758,13:43:21,3.17,--,4,1268,买盘
759,13:43:15,3.17,0.01,42,13314,买盘
760,13:43:06,3.16,-0.01,6,1896,卖盘
761,13:43:00,3.17,--,5,1585,买盘
762,13:42:57,3.17,--,51,16167,买盘
763,13:42:41,3.17,--,249,78933,买盘
764,13:42:36,3.17,--,4,1268,买盘
765,13:42:26,3.17,--,36,11412,买盘
766,13:42:21,3.17,--,134,42478,买盘
767,13:42:11,3.17,0.01,6,1902,买盘
768,13:42:06,3.16,--,35,11060,卖盘
769,13:42:00,3.16,--,4,1264,卖盘
770,13:41:56,3.16,-0.01,130,41080,卖盘
771,13:41:51,3.17,--,9,2853,买盘
772,13:41:45,3.17,--,10,3170,买盘
773,13:41:41,3.17,--,100,31700,买盘
774,13:41:36,3.17,0.01,4,1268,买盘
775,13:41:30,3.16,-0.01,20,6320,卖盘
776,13:41:24,3.17,--,26,8242,买盘
777,13:41:21,3.17,--,35,11095,买盘
778,13:41:15,3.17,0.01,4,1268,买盘
779,13:41:09,3.16,--,1,316,卖盘
780,13:41:06,3.16,-0.01,40,12640,卖盘
781,13:40:54,3.17,--,1,317,买盘
782,13:40:51,3.17,--,28,8876,买盘
783,13:40:45,3.17,--,6,1902,买盘
784,13:40:39,3.17,--,100,31700,买盘
785,13:40:36,3.17,--,64,20288,买盘
786,13:40:30,3.17,0.01,608,192736,买盘
787,13:40:24,3.16,-0.01,1430,451880,卖盘
788,13:40:21,3.17,--,4,1268,买盘
789,13:40:15,3.17,--,157,49769,买盘
790,13:40:09,3.17,0.01,12,3804,买盘
791,13:40:06,3.16,-0.01,455,143780,卖盘
792,13:40:00,3.17,--,4,1268,买盘
793,13:39:51,3.17,--,4,1268,买盘
794,13:39:45,3.17,--,34,10778,买盘
795,13:39:39,3.17,--,100,31700,买盘
796,13:39:36,3.17,--,4,1268,买盘
797,13:39:30,3.17,--,80,25360,买盘
798,13:39:24,3.17,0.01,3,951,买盘
799,13:39:21,3.16,-0.01,7,2212,卖盘
800,13:39:15,3.17,0.01,4,1268,买盘
801,13:39:06,3.16,-0.01,82,25912,卖盘
802,13:39:00,3.17,--,121,38357,买盘
803,13:38:54,3.17,0.01,35,11095,买盘
804,13:38:51,3.16,-0.01,1,316,卖盘
805,13:38:39,3.17,--,105,33285,买盘
806,13:38:36,3.17,--,274,86858,买盘
807,13:38:30,3.17,--,100,31700,买盘
808,13:38:21,3.17,--,351,111267,买盘
809,13:38:15,3.17,--,38,12046,买盘
810,13:38:09,3.17,0.01,10,3170,买盘
811,13:38:06,3.16,-0.01,102,32232,卖盘
812,13:38:00,3.17,--,100,31700,买盘
813,13:37:51,3.17,--,229,72593,买盘
814,13:37:45,3.17,--,135,42795,买盘
815,13:37:39,3.17,--,100,31700,买盘
816,13:37:30,3.17,0.01,100,31700,买盘
817,13:37:21,3.16,-0.01,141,44556,卖盘
818,13:37:15,3.17,--,25,7925,买盘
819,13:37:09,3.17,0.01,67,21239,买盘
820,13:37:06,3.16,-0.01,8,2528,卖盘
821,13:37:00,3.17,0.01,100,31700,买盘
822,13:36:54,3.16,-0.01,2,632,卖盘
823,13:36:50,3.17,--,14,4438,买盘
824,13:36:45,3.17,--,542,171814,买盘
825,13:36:39,3.17,0.01,363,115071,买盘
826,13:36:35,3.16,--,26,8216,卖盘
827,13:36:30,3.16,-0.01,1188,375408,卖盘
828,13:36:15,3.17,0.01,186,58962,买盘
829,13:36:05,3.16,--,2,632,卖盘
830,13:36:00,3.16,--,526,166216,卖盘
831,13:35:50,3.16,--,482,152312,卖盘
832,13:35:45,3.16,-0.01,299,94484,卖盘
833,13:35:39,3.17,--,100,31700,买盘
834,13:35:35,3.17,0.01,604,191468,买盘
835,13:35:30,3.16,--,399,126084,卖盘
836,13:35:20,3.16,--,217,68572,卖盘
837,13:35:15,3.16,--,1535,485060,卖盘
838,13:35:05,3.16,--,2,632,卖盘
839,13:35:00,3.16,--,1,316,卖盘
840,13:34:50,3.16,-0.01,216,68256,卖盘
841,13:34:45,3.17,--,3265,1035005,买盘
842,13:34:39,3.17,0.01,5,1585,买盘
843,13:34:35,3.16,--,135,42660,卖盘
844,13:34:15,3.16,-0.01,278,87848,卖盘
845,13:34:09,3.17,0.01,698,221266,买盘
846,13:34:05,3.16,--,36,11376,卖盘
847,13:34:00,3.16,--,892,281872,卖盘
848,13:33:48,3.16,--,76,24016,卖盘
849,13:33:45,3.16,--,200,63200,卖盘
850,13:33:33,3.16,-0.01,1,316,卖盘
851,13:33:30,3.17,0.01,1001,317317,买盘
852,13:33:24,3.16,--,145,45820,卖盘
853,13:33:15,3.16,--,25,7900,卖盘
854,13:33:09,3.16,--,15,4740,卖盘
855,13:33:03,3.16,--,1,316,卖盘
856,13:32:54,3.16,--,56,17854,卖盘
857,13:32:45,3.16,-0.01,13,4108,卖盘
858,13:32:39,3.17,--,263,83371,买盘
859,13:32:30,3.17,--,205,64985,买盘
860,13:32:24,3.17,0.01,19,6023,买盘
861,13:32:18,3.16,--,6,1896,卖盘
862,13:32:09,3.16,-0.01,3,948,卖盘
863,13:31:48,3.17,--,35,11095,买盘
864,13:31:45,3.17,--,443,140431,买盘
865,13:31:30,3.17,--,178,56426,买盘
866,13:31:18,3.17,--,15,4755,买盘
867,13:31:15,3.17,0.01,144,45648,买盘
868,13:31:09,3.16,--,2,632,卖盘
869,13:30:54,3.16,-0.01,26,8216,卖盘
870,13:30:39,3.17,0.01,434,137578,买盘
871,13:30:33,3.16,-0.01,10,3160,卖盘
872,13:30:30,3.17,--,3,951,买盘
873,13:30:24,3.17,--,39,12363,买盘
874,13:30:14,3.17,0.01,47,14899,买盘
875,13:30:09,3.16,--,242,76472,卖盘
876,13:30:03,3.16,--,110,34760,卖盘
877,13:29:59,3.16,--,1,316,卖盘
878,13:29:54,3.16,--,1,316,卖盘
879,13:29:45,3.16,-0.01,22,6952,卖盘
880,13:29:39,3.17,--,41,12997,买盘
881,13:29:33,3.17,--,99,31383,买盘
882,13:29:24,3.17,0.01,4,1268,买盘
883,13:29:14,3.16,-0.01,23,7268,卖盘
884,13:29:09,3.17,--,636,201612,买盘
885,13:29:03,3.17,0.01,632,200344,买盘
886,13:28:59,3.16,-0.01,105,33180,卖盘
887,13:28:54,3.17,--,1072,339824,买盘
888,13:28:44,3.17,--,22015,6978755,买盘
889,13:28:39,3.17,--,118,37406,买盘
890,13:28:29,3.17,--,4,1268,买盘
891,13:28:24,3.17,--,5,1585,买盘
892,13:28:18,3.17,--,3,951,买盘
893,13:28:09,3.17,--,7,2219,买盘
894,13:27:59,3.17,--,43,13631,买盘
895,13:27:54,3.17,--,1,317,买盘
896,13:27:48,3.17,0.01,4,1268,买盘
897,13:27:44,3.16,--,406,128296,卖盘
898,13:27:39,3.16,-0.01,427,134932,卖盘
899,13:27:24,3.17,0.01,400,126800,买盘
900,13:27:14,3.16,-0.01,400,126400,卖盘
901,13:27:09,3.17,--,25,7925,买盘
902,13:27:03,3.17,--,8,2536,买盘
903,13:26:59,3.17,--,1,317,买盘
904,13:26:54,3.17,0.01,4,1268,买盘
905,13:26:48,3.16,-0.01,50,15800,卖盘
906,13:26:44,3.17,0.01,39,12363,买盘
907,13:26:39,3.16,--,240,75840,卖盘
908,13:26:33,3.16,-0.01,130,41080,卖盘
909,13:26:29,3.17,0.01,150,47550,买盘
910,13:26:24,3.16,-0.01,132,41712,卖盘
911,13:26:18,3.17,0.01,1003,317951,买盘
912,13:26:14,3.16,--,90,28440,卖盘
913,13:26:09,3.16,-0.01,387,122292,卖盘
914,13:25:59,3.17,0.01,134,42478,买盘
915,13:25:54,3.16,-0.01,1,316,卖盘
916,13:25:48,3.17,0.01,608,192736,买盘
917,13:25:39,3.16,-0.01,378,119448,卖盘
918,13:25:33,3.17,--,407,129019,买盘
919,13:25:24,3.17,--,5,1585,买盘
920,13:25:12,3.17,0.01,4,1268,买盘
921,13:25:09,3.16,--,214,67624,卖盘
922,13:25:03,3.16,--,5,1580,卖盘
923,13:24:54,3.16,-0.01,7,2212,卖盘
924,13:24:48,3.17,--,65,20605,买盘
925,13:24:42,3.17,--,433,137261,买盘
926,13:24:38,3.17,--,212,67204,买盘
927,13:24:33,3.17,0.01,35,11095,买盘
928,13:24:23,3.16,-0.01,3,948,卖盘
929,13:24:18,3.17,0.01,407,129019,买盘
930,13:24:12,3.16,--,802,253432,卖盘
931,13:24:08,3.16,--,5,1580,卖盘
932,13:24:03,3.16,-0.01,1,316,卖盘
933,13:23:57,3.17,0.01,8,2536,买盘
934,13:23:53,3.16,--,189,59724,卖盘
935,13:23:48,3.16,-0.01,442,139672,卖盘
936,13:23:42,3.17,--,100,31700,买盘
937,13:23:38,3.17,0.01,3,951,买盘
938,13:23:33,3.16,-0.01,5,1580,卖盘
939,13:23:23,3.17,--,4,1268,买盘
940,13:23:12,3.17,0.01,3,951,买盘
941,13:23:08,3.16,--,37,11692,卖盘
942,13:23:03,3.16,-0.01,318,100488,卖盘
943,13:22:48,3.17,--,4,1268,买盘
944,13:22:42,3.17,--,100,31700,买盘
945,13:22:38,3.17,0.01,206,65302,买盘
946,13:22:33,3.16,-0.01,35,11060,卖盘
947,13:22:27,3.17,0.01,4,1268,买盘
948,13:22:23,3.16,-0.01,416,131456,卖盘
949,13:22:18,3.17,0.01,393,124581,买盘
950,13:22:08,3.16,-0.01,213,67308,卖盘
951,13:22:03,3.17,0.01,5,1585,买盘
952,13:21:57,3.16,-0.01,431,136196,卖盘
953,13:21:53,3.17,--,3,951,买盘
954,13:21:48,3.17,--,218,69106,买盘
955,13:21:42,3.17,--,4,1268,买盘
956,13:21:38,3.17,--,233,73861,买盘
957,13:21:33,3.17,--,21,6657,买盘
958,13:21:23,3.17,0.01,5,1585,买盘
959,13:21:18,3.16,-0.01,15,4740,卖盘
960,13:21:12,3.17,0.01,4,1268,买盘
961,13:21:08,3.16,--,208,65728,卖盘
962,13:21:03,3.16,-0.01,142,44872,卖盘
963,13:20:57,3.17,0.01,604,191468,买盘
964,13:20:53,3.16,--,804,254064,卖盘
965,13:20:48,3.16,--,7,2212,卖盘
966,13:20:42,3.16,-0.01,1,316,卖盘
967,13:20:38,3.17,0.01,259,82103,买盘
968,13:20:33,3.16,-0.01,440,139040,卖盘
969,13:20:27,3.17,0.01,3,951,买盘
970,13:20:23,3.16,--,130,41080,卖盘
971,13:20:18,3.16,--,134,42344,卖盘
972,13:20:12,3.16,--,130,41080,卖盘
973,13:20:08,3.16,-0.01,27,8532,卖盘
974,13:20:03,3.17,--,15,4755,买盘
975,13:19:53,3.17,--,174,55158,买盘
976,13:19:48,3.17,--,3,951,买盘
977,13:19:42,3.17,--,3,951,买盘
978,13:19:38,3.17,0.01,54,17118,买盘
979,13:19:33,3.16,-0.01,5,1580,卖盘
980,13:19:23,3.17,--,4,1268,买盘
981,13:19:12,3.17,--,4,1268,买盘
982,13:19:08,3.17,--,57,18069,买盘
983,13:19:03,3.17,--,29,9193,买盘
984,13:18:48,3.17,0.01,3,951,买盘
985,13:18:38,3.16,--,61,19276,卖盘
986,13:18:33,3.16,-0.01,560,176960,卖盘
987,13:18:23,3.17,0.01,4,1268,买盘
988,13:18:18,3.16,--,68,21488,卖盘
989,13:18:12,3.16,--,1,316,卖盘
990,13:18:08,3.16,-0.01,37,11692,卖盘
991,13:18:03,3.17,0.01,24,7608,买盘
992,13:17:57,3.16,--,3,948,卖盘
993,13:17:52,3.16,-0.01,27,8532,卖盘
994,13:17:42,3.17,--,19,6023,买盘
995,13:17:33,3.17,0.01,4,1268,买盘
996,13:17:27,3.16,-0.01,1,316,卖盘
997,13:17:18,3.17,--,5,1585,买盘
998,13:17:12,3.17,0.01,44,13948,买盘
999,13:17:06,3.16,--,207,65412,卖盘
1000,13:17:03,3.16,-0.01,51,16116,卖盘
1001,13:16:57,3.17,--,4,1268,买盘
1002,13:16:48,3.17,0.01,156,49452,买盘
1003,13:16:42,3.16,-0.01,204,64464,卖盘
1004,13:16:36,3.17,--,4,1268,买盘
1005,13:16:27,3.17,0.01,3,951,买盘
1006,13:16:18,3.16,-0.01,5,1580,卖盘
1007,13:16:12,3.17,0.01,14,4438,买盘
1008,13:16:06,3.16,-0.01,2,632,卖盘
1009,13:16:02,3.17,0.01,34,10778,买盘
1010,13:15:57,3.16,-0.01,5,1580,卖盘
1011,13:15:51,3.17,--,38,12046,买盘
1012,13:15:47,3.17,--,178,56426,买盘
1013,13:15:42,3.17,0.01,4,1268,买盘
1014,13:15:36,3.16,--,44,13904,卖盘
1015,13:15:32,3.16,-0.01,24,7584,卖盘
1016,13:15:17,3.17,--,4,1268,买盘
1017,13:15:12,3.17,0.01,148,46916,买盘
1018,13:15:06,3.16,-0.01,22,6952,卖盘
1019,13:14:57,3.17,0.01,5,1585,买盘
1020,13:14:51,3.16,-0.01,131,41396,卖盘
1021,13:14:47,3.17,--,166,52622,买盘
1022,13:14:42,3.17,--,4,1268,买盘
1023,13:14:32,3.17,0.01,19,6023,买盘
1024,13:14:21,3.16,--,361,114076,卖盘
1025,13:14:17,3.16,-0.01,130,41080,卖盘
1026,13:14:12,3.17,0.01,4,1268,买盘
1027,13:14:06,3.16,-0.01,2,632,卖盘
1028,13:14:02,3.17,--,29,9193,买盘
1029,13:13:57,3.17,0.01,599,189883,买盘
1030,13:13:51,3.16,--,13,4108,卖盘
1031,13:13:47,3.16,--,44,13904,卖盘
1032,13:13:42,3.16,--,8,2528,卖盘
1033,13:13:32,3.16,-0.01,42,13272,卖盘
1034,13:13:27,3.17,--,4,1268,买盘
1035,13:13:17,3.17,0.01,4,1268,买盘
1036,13:13:06,3.16,-0.01,2,632,卖盘
1037,13:13:02,3.17,--,4,1268,买盘
1038,13:12:57,3.17,0.01,3,951,买盘
1039,13:12:51,3.16,--,145,45820,卖盘
1040,13:12:47,3.16,--,48,15168,卖盘
1041,13:12:42,3.16,-0.01,40,12640,卖盘
1042,13:12:32,3.17,--,21,6657,买盘
1043,13:12:21,3.17,--,4,1268,买盘
1044,13:12:12,3.17,0.01,50,15850,买盘
1045,13:12:06,3.16,--,3,948,卖盘
1046,13:12:02,3.16,-0.01,159,50244,卖盘
1047,13:11:56,3.17,--,5,1585,买盘
1048,13:11:47,3.17,0.01,73,23141,买盘
1049,13:11:42,3.16,-0.01,44,13904,卖盘
1050,13:11:36,3.17,0.01,3,951,买盘
1051,13:11:32,3.16,--,150,47400,卖盘
1052,13:11:26,3.16,-0.01,5,1580,卖盘
1053,13:11:17,3.17,--,4,1268,买盘
1054,13:11:12,3.17,0.01,5,1585,买盘
1055,13:11:06,3.16,-0.01,36,11376,卖盘
1056,13:11:02,3.17,--,4,1268,买盘
1057,13:10:57,3.17,--,609,193053,买盘
1058,13:10:51,3.17,--,970,307490,买盘
1059,13:10:47,3.17,--,4,1268,买盘
1060,13:10:32,3.17,0.01,1,317,买盘
1061,13:10:27,3.16,--,50,15800,卖盘
1062,13:10:21,3.16,--,70,22120,卖盘
1063,13:10:17,3.16,--,3,948,卖盘
1064,13:10:05,3.16,-0.01,2,632,卖盘
1065,13:09:56,3.17,0.01,20,6340,买盘
1066,13:09:51,3.16,-0.01,1,316,卖盘
1067,13:09:47,3.17,0.01,93,29481,买盘
1068,13:09:41,3.16,--,36,11376,卖盘
1069,13:09:20,3.16,-0.01,35,11060,卖盘
1070,13:09:14,3.17,0.01,221,70057,买盘
1071,13:09:06,3.16,-0.01,2,632,卖盘
1072,13:08:59,3.17,0.01,1,317,买盘
1073,13:08:45,3.16,--,44,13904,卖盘
1074,13:08:35,3.16,--,42,13272,卖盘
1075,13:08:26,3.16,--,200,63200,卖盘
1076,13:08:11,3.16,--,1,316,卖盘
1077,13:08:05,3.16,--,703,222148,卖盘
1078,13:07:59,3.16,--,21,6636,卖盘
1079,13:07:50,3.16,--,1,316,卖盘
1080,13:07:44,3.16,--,59,18644,卖盘
1081,13:07:35,3.16,-0.01,388,122608,卖盘
1082,13:07:20,3.17,0.01,52,16484,买盘
1083,13:07:11,3.16,--,27,8532,卖盘
1084,13:07:05,3.16,--,4,1264,卖盘
1085,13:06:59,3.16,--,1,316,卖盘
1086,13:06:56,3.16,--,2,632,卖盘
1087,13:06:50,3.16,--,26,8216,卖盘
1088,13:06:44,3.16,--,44,13904,卖盘
1089,13:06:41,3.16,--,1,316,卖盘
1090,13:06:35,3.16,--,44,13904,卖盘
1091,13:06:11,3.16,-0.01,16,5056,卖盘
1092,13:06:05,3.17,--,38,12046,买盘
1093,13:05:44,3.17,--,719,227923,买盘
1094,13:05:41,3.17,0.01,5,1585,买盘
1095,13:05:35,3.16,-0.01,39,12324,卖盘
1096,13:05:26,3.17,0.01,1,317,买盘
1097,13:05:14,3.16,--,1,316,卖盘
1098,13:05:05,3.16,-0.01,2,632,卖盘
1099,13:04:56,3.17,0.01,45,14265,买盘
1100,13:04:50,3.16,--,10,3160,卖盘
1101,13:04:44,3.16,--,44,13904,卖盘
1102,13:04:26,3.16,--,20,6320,卖盘
1103,13:04:11,3.16,--,1,316,卖盘
1104,13:04:05,3.16,-0.01,2,632,卖盘
1105,13:03:59,3.17,0.01,50,15850,买盘
1106,13:03:56,3.16,--,26,8216,卖盘
1107,13:03:50,3.16,--,10,3160,卖盘
1108,13:03:44,3.16,-0.01,45,14220,卖盘
1109,13:03:41,3.17,0.01,82,25994,买盘
1110,13:03:35,3.16,-0.01,165,52140,卖盘
1111,13:03:20,3.17,--,727,230459,买盘
1112,13:03:11,3.17,0.01,15,4755,买盘
1113,13:03:05,3.16,--,171,54036,卖盘
1114,13:02:59,3.16,--,614,194024,卖盘
1115,13:02:50,3.16,--,55,17380,卖盘
1116,13:02:44,3.16,-0.01,130,41080,卖盘
1117,13:02:40,3.17,--,49,15533,买盘
1118,13:02:35,3.17,0.01,46,14582,买盘
1119,13:02:25,3.16,--,130,41080,卖盘
1120,13:02:05,3.16,--,3,948,卖盘
1121,13:01:59,3.16,-0.01,6,1896,卖盘
1122,13:01:55,3.17,0.01,41,12997,买盘
1123,13:01:50,3.16,--,130,41080,卖盘
1124,13:01:40,3.16,--,70,22120,卖盘
1125,13:01:35,3.16,--,7,2212,卖盘
1126,13:01:05,3.16,--,17,5372,卖盘
1127,13:00:59,3.16,-0.01,1,316,卖盘
1128,13:00:35,3.17,0.01,35,11095,买盘
1129,13:00:20,3.16,--,643,203188,卖盘
1130,13:00:14,3.16,--,2,632,卖盘
1131,13:00:08,3.16,-0.01,15,4740,卖盘
1132,13:00:05,3.17,--,2526,800742,买盘
1133,11:30:00,3.17,--,0,0,买盘
1134,11:29:59,3.17,--,0,0,买盘
1135,11:29:41,3.17,0.01,5,1585,买盘
1136,11:29:21,3.16,--,67,21172,卖盘
1137,11:29:16,3.16,--,17,5372,卖盘
1138,11:29:06,3.16,--,2,632,卖盘
1139,11:29:01,3.16,-0.01,5,1580,卖盘
1140,11:28:55,3.17,0.01,16,5072,买盘
1141,11:28:46,3.16,--,45,14220,卖盘
1142,11:28:40,3.16,-0.01,64,20224,卖盘
1143,11:28:31,3.17,0.01,5,1585,买盘
1144,11:28:21,3.16,--,41,12956,卖盘
1145,11:28:16,3.16,-0.01,2,632,卖盘
1146,11:28:10,3.17,0.01,10,3170,买盘
1147,11:28:06,3.16,--,102,32232,卖盘
1148,11:28:01,3.16,-0.01,68,21488,卖盘
1149,11:27:46,3.17,0.01,47,14899,买盘
1150,11:27:36,3.16,--,50,15800,卖盘
1151,11:27:31,3.16,-0.01,18,5688,卖盘
1152,11:27:25,3.17,0.01,3,951,买盘
1153,11:27:21,3.16,--,39,12324,卖盘
1154,11:27:16,3.16,--,12,3792,卖盘
1155,11:27:09,3.16,--,10,3160,卖盘
1156,11:27:06,3.16,-0.01,7,2212,卖盘
1157,11:26:55,3.17,--,28,8876,买盘
1158,11:26:51,3.17,--,4,1268,买盘
1159,11:26:39,3.17,--,9,2853,买盘
1160,11:26:31,3.17,0.01,3,951,买盘
1161,11:26:21,3.16,--,106,33496,卖盘
1162,11:26:16,3.16,--,540,170640,卖盘
1163,11:26:09,3.16,-0.01,140,44240,卖盘
1164,11:26:06,3.17,0.01,6,1902,买盘
1165,11:26:00,3.16,-0.01,264,83424,卖盘
1166,11:25:55,3.17,0.01,384,121728,买盘
1167,11:25:51,3.16,--,200,63200,卖盘
1168,11:25:45,3.16,--,50,15800,卖盘
1169,11:25:39,3.16,-0.01,734,231944,卖盘
1170,11:25:36,3.17,0.01,1011,320487,买盘
1171,11:25:24,3.16,-0.01,9,2844,卖盘
1172,11:25:20,3.17,--,604,191468,买盘
1173,11:25:15,3.17,0.01,579,183543,买盘
1174,11:25:09,3.16,--,2039,644324,卖盘
1175,11:25:05,3.16,-0.01,2,632,卖盘
1176,11:25:00,3.17,--,4,1268,买盘
1177,11:24:51,3.17,0.01,642,203514,买盘
1178,11:24:45,3.16,--,46,14536,卖盘
1179,11:24:39,3.16,-0.01,38,12008,卖盘
1180,11:24:35,3.17,0.01,15,4755,买盘
1181,11:24:30,3.16,--,596,188336,卖盘
1182,11:24:24,3.16,-0.01,33,10428,卖盘
1183,11:24:20,3.17,0.01,9,2853,买盘
1184,11:24:15,3.16,-0.01,179,56564,卖盘
1185,11:24:09,3.17,--,38,12046,买盘
1186,11:23:54,3.17,0.01,580,183860,买盘
1187,11:23:50,3.16,-0.01,100,31600,卖盘
1188,11:23:45,3.17,--,4,1268,买盘
1189,11:23:39,3.17,--,223,70691,买盘
1190,11:23:35,3.17,--,611,193687,买盘
1191,11:23:30,3.17,0.01,677,214609,买盘
1192,11:23:24,3.16,--,314,99224,卖盘
1193,11:23:20,3.16,--,39,12324,卖盘
1194,11:23:15,3.16,-0.01,44,13904,卖盘
1195,11:23:09,3.17,--,691,219047,买盘
1196,11:23:05,3.17,0.01,604,191468,买盘
1197,11:23:00,3.16,--,38,12008,卖盘
1198,11:22:54,3.16,-0.01,829,261964,卖盘
1199,11:22:50,3.17,--,4,1268,买盘
1200,11:22:45,3.17,--,576,182592,买盘
1201,11:22:39,3.17,0.01,79,25043,买盘
1202,11:22:30,3.16,-0.01,32,10112,卖盘
1203,11:22:24,3.17,--,75,23775,买盘
1204,11:22:18,3.17,--,3,951,买盘
1205,11:22:09,3.17,0.01,49,15533,买盘
1206,11:22:03,3.16,--,579,182964,卖盘
1207,11:22:00,3.16,-0.01,80,25280,卖盘
1208,11:21:54,3.17,--,14,4438,买盘
1209,11:21:45,3.17,--,4,1268,买盘
1210,11:21:39,3.17,0.01,581,184177,买盘
1211,11:21:33,3.16,-0.01,340,107440,卖盘
1212,11:21:30,3.17,0.01,11,3487,买盘
1213,11:21:24,3.16,-0.01,8,2528,卖盘
1214,11:21:09,3.17,--,666,211122,买盘
1215,11:21:00,3.17,0.01,4,1268,买盘
1216,11:20:54,3.16,-0.01,32,10112,卖盘
1217,11:20:48,3.17,0.01,4,1268,买盘
1218,11:20:45,3.16,--,46,14536,卖盘
1219,11:20:39,3.16,-0.01,895,282820,卖盘
1220,11:20:33,3.17,0.01,604,191468,买盘
1221,11:20:30,3.16,-0.01,31,9796,卖盘
1222,11:20:24,3.17,0.01,615,194955,买盘
1223,11:20:18,3.16,-0.01,50,15800,卖盘
1224,11:20:15,3.17,0.01,53,16801,买盘
1225,11:20:09,3.16,-0.01,75,23700,卖盘
1226,11:20:03,3.17,--,4,1268,买盘
1227,11:20:00,3.17,--,54,17118,买盘
1228,11:19:54,3.17,--,9,2853,买盘
1229,11:19:45,3.17,--,3,951,买盘
1230,11:19:39,3.17,0.01,576,182592,买盘
1231,11:19:33,3.16,-0.01,61,19276,卖盘
1232,11:19:30,3.17,--,6,1902,买盘
1233,11:19:24,3.17,--,804,254868,买盘
1234,11:19:18,3.17,--,38,12046,买盘
1235,11:19:15,3.17,--,39,12363,买盘
1236,11:19:09,3.17,0.01,47,14899,买盘
1237,11:19:00,3.16,-0.01,53,16748,卖盘
1238,11:18:54,3.17,--,237,75129,买盘
1239,11:18:48,3.17,--,4,1268,买盘
1240,11:18:45,3.17,0.01,57,18069,买盘
1241,11:18:39,3.16,--,109,34444,卖盘
1242,11:18:30,3.16,-0.01,107,33812,卖盘
1243,11:18:24,3.17,--,5,1585,买盘
1244,11:18:15,3.17,0.01,206,65302,买盘
1245,11:18:09,3.16,-0.01,2,632,卖盘
1246,11:18:03,3.17,0.01,4,1268,买盘
1247,11:18:00,3.16,--,50,15800,卖盘
1248,11:17:54,3.16,-0.01,4,1264,卖盘
1249,11:17:44,3.17,0.01,4,1268,买盘
1250,11:17:39,3.16,-0.01,230,72680,卖盘
1251,11:17:33,3.17,0.01,24,7608,买盘
1252,11:17:29,3.16,--,49,15484,卖盘
1253,11:17:24,3.16,-0.01,60,18960,卖盘
1254,11:17:18,3.17,0.01,92,29164,买盘
1255,11:17:14,3.16,--,35,11060,卖盘
1256,11:17:09,3.16,--,66,20856,卖盘
1257,11:17:03,3.16,--,1086,343176,卖盘
1258,11:16:59,3.16,--,24,7584,卖盘
1259,11:16:48,3.16,--,164,51824,卖盘
1260,11:16:44,3.16,--,1,316,卖盘
1261,11:16:39,3.16,-0.01,51,16116,卖盘
1262,11:16:33,3.17,0.01,1,317,买盘
1263,11:16:29,3.16,-0.01,12,3792,卖盘
1264,11:16:24,3.17,0.01,4,1268,买盘
1265,11:16:18,3.16,-0.01,12,3792,卖盘
1266,11:16:12,3.17,0.01,3,951,买盘
1267,11:16:09,3.16,-0.01,446,140936,卖盘
1268,11:16:03,3.17,0.01,4,1268,买盘
1269,11:15:57,3.16,--,52,16432,卖盘
1270,11:15:54,3.16,-0.01,209,66044,卖盘
1271,11:15:48,3.17,0.01,6,1902,买盘
1272,11:15:42,3.16,-0.01,4,1264,卖盘
1273,11:15:39,3.17,0.01,3,951,买盘
1274,11:15:33,3.16,--,539,170324,卖盘
1275,11:15:27,3.16,--,1074,339384,卖盘
1276,11:15:24,3.16,-0.01,481,151996,卖盘
1277,11:15:18,3.17,0.01,249,78933,买盘
1278,11:15:12,3.16,--,3705,1170780,卖盘
1279,11:15:09,3.16,--,1256,396896,卖盘
1280,11:15:03,3.16,--,571,180436,卖盘
1281,11:14:57,3.16,--,4,1264,卖盘
1282,11:14:54,3.16,--,1020,322320,卖盘
1283,11:14:48,3.16,--,438,138408,卖盘
1284,11:14:42,3.16,--,226,71416,卖盘
1285,11:14:39,3.16,-0.01,117,36972,卖盘
1286,11:14:33,3.17,--,246,77982,买盘
1287,11:14:27,3.17,--,1,317,买盘
1288,11:14:24,3.17,0.01,6,1902,买盘
1289,11:14:18,3.16,--,39,12324,卖盘
1290,11:14:12,3.16,--,21,6636,卖盘
1291,11:14:09,3.16,--,41,12956,卖盘
1292,11:14:03,3.16,--,54,17064,卖盘
1293,11:13:57,3.16,--,23,7268,卖盘
1294,11:13:54,3.16,-0.01,7,2212,卖盘
1295,11:13:42,3.17,--,1,317,买盘
1296,11:13:39,3.17,--,9,2853,买盘
1297,11:13:27,3.17,0.01,33,10461,买盘
1298,11:13:24,3.16,-0.01,1,316,卖盘
1299,11:13:18,3.17,--,4,1268,买盘
1300,11:13:09,3.17,--,11,3487,买盘
1301,11:13:03,3.17,0.01,15,4755,买盘
1302,11:12:57,3.16,-0.01,1500,474000,卖盘
1303,11:12:53,3.17,0.01,4,1268,买盘
1304,11:12:48,3.16,--,75,23700,卖盘
1305,11:12:42,3.16,--,2,632,卖盘
1306,11:12:39,3.16,-0.01,73,23068,卖盘
1307,11:12:33,3.17,--,5,1629,买盘
1308,11:12:24,3.17,0.01,4,1268,买盘
1309,11:12:18,3.16,--,53,16748,卖盘
1310,11:12:12,3.16,-0.01,1018,321688,卖盘
1311,11:12:09,3.17,0.01,47,14899,买盘
1312,11:12:03,3.16,--,64,20224,卖盘
1313,11:11:57,3.16,-0.01,40,12640,卖盘
1314,11:11:48,3.17,--,4,1268,买盘
1315,11:11:38,3.17,0.01,49,15533,买盘
1316,11:11:33,3.16,-0.01,1,316,卖盘
1317,11:11:27,3.17,0.01,4,1268,买盘
1318,11:11:18,3.16,-0.01,479,151364,卖盘
1319,11:11:08,3.17,0.01,6,1902,买盘
1320,11:11:03,3.16,-0.01,373,117868,卖盘
1321,11:10:53,3.17,0.01,235,74495,买盘
1322,11:10:48,3.16,-0.01,488,154208,卖盘
1323,11:10:42,3.17,--,5,1585,买盘
1324,11:10:38,3.17,--,161,51037,买盘
1325,11:10:33,3.17,0.01,14,4438,买盘
1326,11:10:27,3.16,-0.01,42,13272,卖盘
1327,11:10:21,3.17,0.01,4,1268,买盘
1328,11:10:18,3.16,-0.01,1563,493908,卖盘
1329,11:10:08,3.17,0.01,728,230776,买盘
1330,11:10:03,3.16,--,36,11376,卖盘
1331,11:09:57,3.16,--,79,25011,卖盘
1332,11:09:53,3.16,-0.01,3140,992240,卖盘
1333,11:09:48,3.17,--,4,1268,买盘
1334,11:09:42,3.17,--,27,8559,买盘
1335,11:09:36,3.17,0.01,543,172131,买盘
1336,11:09:33,3.16,-0.01,260,82160,卖盘
1337,11:09:27,3.17,0.01,56,17752,买盘
1338,11:09:18,3.16,-0.01,472,149152,卖盘
1339,11:09:12,3.17,0.01,9,2853,买盘
1340,11:09:06,3.16,-0.01,603,190548,卖盘
1341,11:09:03,3.17,0.01,4,1268,买盘
1342,11:08:57,3.16,-0.01,887,280292,卖盘
1343,11:08:51,3.17,0.01,3089,979213,买盘
1344,11:08:48,3.16,--,49,15484,卖盘
1345,11:08:42,3.16,--,218,68888,卖盘
1346,11:08:36,3.16,--,102,32232,卖盘
1347,11:08:33,3.16,--,1743,550788,卖盘
1348,11:08:27,3.16,--,391,123556,卖盘
1349,11:08:21,3.16,--,104,32864,卖盘
1350,11:08:18,3.16,--,607,191812,卖盘
1351,11:08:12,3.16,--,674,212984,卖盘
1352,11:08:06,3.16,--,6,1896,卖盘
1353,11:08:03,3.16,--,52,16432,卖盘
1354,11:07:57,3.16,--,109,34444,卖盘
1355,11:07:51,3.16,--,96,30336,卖盘
1356,11:07:48,3.16,--,216,68256,卖盘
1357,11:07:42,3.16,--,156,49296,卖盘
1358,11:07:33,3.16,--,5,1580,卖盘
1359,11:07:18,3.16,--,40,12640,卖盘
1360,11:07:06,3.16,-0.01,3,948,卖盘
1361,11:07:03,3.17,0.01,108,34236,买盘
1362,11:06:57,3.16,--,141,44556,卖盘
1363,11:06:48,3.16,-0.01,229,72364,卖盘
1364,11:06:42,3.17,0.01,696,220632,买盘
1365,11:06:36,3.16,--,90,28440,卖盘
1366,11:06:33,3.16,--,45,14220,卖盘
1367,11:06:27,3.16,--,217,68572,卖盘
1368,11:06:21,3.16,--,30,9480,卖盘
1369,11:06:18,3.16,--,40,12640,卖盘
1370,11:06:06,3.16,--,14,4424,卖盘
1371,11:05:57,3.16,-0.01,10,3160,卖盘
1372,11:05:51,3.17,0.01,1069,338873,买盘
1373,11:05:47,3.16,-0.01,2,632,卖盘
1374,11:05:36,3.17,--,15,4755,买盘
1375,11:05:27,3.17,0.01,9,2853,买盘
1376,11:05:21,3.16,--,150,47400,卖盘
1377,11:05:17,3.16,--,40,12640,卖盘
1378,11:05:06,3.16,--,2,632,卖盘
1379,11:04:47,3.16,--,167,52772,卖盘
1380,11:04:42,3.16,--,146,46136,卖盘
1381,11:04:27,3.16,--,608,192128,卖盘
1382,11:04:17,3.16,--,45,14220,卖盘
1383,11:04:12,3.16,--,40,12640,卖盘
1384,11:04:06,3.16,--,2,632,卖盘
1385,11:03:57,3.16,--,5,1580,卖盘
1386,11:03:47,3.16,--,97,30652,卖盘
1387,11:03:42,3.16,--,46,14536,卖盘
1388,11:03:27,3.16,--,1480,467680,卖盘
1389,11:03:17,3.16,-0.01,234,73944,卖盘
1390,11:03:12,3.17,0.01,692,219364,买盘
1391,11:03:06,3.16,--,133,42028,卖盘
1392,11:03:02,3.16,--,393,124188,卖盘
1393,11:02:57,3.16,--,803,253748,卖盘
1394,11:02:51,3.16,-0.01,145,45820,卖盘
1395,11:02:45,3.17,0.01,223,70691,买盘
1396,11:02:42,3.16,--,46,14536,卖盘
1397,11:02:36,3.16,--,2,632,卖盘
1398,11:02:30,3.16,--,93,29388,卖盘
1399,11:02:27,3.16,--,16,5056,卖盘
1400,11:02:21,3.16,--,42,13272,卖盘
1401,11:02:06,3.16,-0.01,3,948,卖盘
1402,11:01:57,3.17,--,1,317,买盘
1403,11:01:51,3.17,0.01,294,93198,买盘
1404,11:01:42,3.16,--,46,14536,卖盘
1405,11:01:36,3.16,-0.01,3,948,卖盘
1406,11:01:27,3.17,0.01,10,3170,买盘
1407,11:01:21,3.16,--,45,14220,卖盘
1408,11:01:15,3.16,-0.01,2,632,卖盘
1409,11:01:12,3.17,0.01,3,951,买盘
1410,11:01:06,3.16,--,167,52772,卖盘
1411,11:00:57,3.16,-0.01,55,17380,卖盘
1412,11:00:51,3.17,0.01,3,951,买盘
1413,11:00:45,3.16,--,45,14220,卖盘
1414,11:00:42,3.16,-0.01,6,1896,卖盘
1415,11:00:36,3.17,--,4,1268,买盘
1416,11:00:30,3.17,0.01,10,3170,买盘
1417,11:00:27,3.16,-0.01,5,1580,卖盘
1418,11:00:21,3.17,--,70,22190,买盘
1419,11:00:15,3.17,0.01,15,4755,买盘
1420,11:00:12,3.16,--,84,26544,卖盘
1421,11:00:06,3.16,-0.01,2,632,卖盘
1422,11:00:00,3.17,--,3,951,买盘
1423,10:59:51,3.17,0.01,170,53890,买盘
1424,10:59:45,3.16,--,45,14220,卖盘
1425,10:59:41,3.16,--,12,3792,卖盘
1426,10:59:36,3.16,--,157,49612,卖盘
1427,10:59:30,3.16,-0.01,20,6320,卖盘
1428,10:59:26,3.17,0.01,24,7608,买盘
1429,10:59:21,3.16,--,50,15800,卖盘
1430,10:59:11,3.16,-0.01,41,12956,卖盘
1431,10:59:06,3.17,--,29,9193,买盘
1432,10:58:56,3.17,0.01,135,42795,买盘
1433,10:58:51,3.16,--,260,82160,卖盘
1434,10:58:45,3.16,--,49,15484,卖盘
1435,10:58:41,3.16,-0.01,45,14220,卖盘
1436,10:58:36,3.17,--,4,1268,买盘
1437,10:58:26,3.17,--,39,12363,买盘
1438,10:58:21,3.17,--,5,1585,买盘
1439,10:58:11,3.17,0.01,4,1268,买盘
1440,10:58:06,3.16,-0.01,2,632,卖盘
1441,10:58:00,3.17,--,18,5706,买盘
1442,10:57:56,3.17,--,54,17118,买盘
1443,10:57:51,3.17,0.01,170,53890,买盘
1444,10:57:45,3.16,-0.01,1,316,卖盘
1445,10:57:41,3.17,0.01,3,951,买盘
1446,10:57:30,3.16,--,24,7584,卖盘
1447,10:57:26,3.16,-0.01,21,6636,卖盘
1448,10:57:21,3.17,0.01,43,13631,买盘
1449,10:57:11,3.16,-0.01,47,14852,卖盘
1450,10:57:06,3.17,--,7,2219,买盘
1451,10:56:56,3.17,0.01,505,160085,买盘
1452,10:56:51,3.16,--,165,52140,卖盘
1453,10:56:45,3.16,--,49,15484,卖盘
1454,10:56:41,3.16,--,1,316,卖盘
1455,10:56:36,3.16,-0.01,49,15484,卖盘
1456,10:56:30,3.17,0.01,281,89077,买盘
1457,10:56:26,3.16,-0.01,385,121660,卖盘
1458,10:56:21,3.17,--,3,951,买盘
1459,10:56:11,3.17,0.01,44,13948,买盘
1460,10:56:06,3.16,--,2,632,卖盘
1461,10:56:00,3.16,--,28,8848,卖盘
1462,10:55:51,3.16,-0.01,169,53404,卖盘
1463,10:55:41,3.17,0.01,6,1902,买盘
1464,10:55:36,3.16,--,50,15800,卖盘
1465,10:55:30,3.16,-0.01,52,16432,卖盘
1466,10:55:15,3.17,--,4,1268,买盘
1467,10:55:09,3.17,--,41,12997,买盘
1468,10:55:06,3.17,--,286,90662,买盘
1469,10:55:00,3.17,0.01,722,228874,买盘
1470,10:54:54,3.16,-0.01,5,1580,卖盘
1471,10:54:51,3.17,--,269,85273,买盘
1472,10:54:45,3.17,0.01,3,951,买盘
1473,10:54:35,3.16,--,49,15484,卖盘
1474,10:54:30,3.16,-0.01,72,22752,卖盘
1475,10:54:21,3.17,0.01,4,1268,买盘
1476,10:54:15,3.16,--,26,8216,卖盘
1477,10:54:09,3.16,-0.01,43,13588,卖盘
1478,10:54:06,3.17,--,185,58645,买盘
1479,10:54:00,3.17,--,104,32968,买盘
1480,10:53:51,3.17,--,641,203197,买盘
1481,10:53:45,3.17,--,1530,485010,买盘
1482,10:53:39,3.17,0.01,198,62766,买盘
1483,10:53:36,3.16,--,717,226572,卖盘
1484,10:53:30,3.16,-0.01,695,219620,卖盘
1485,10:53:24,3.17,--,202,64034,买盘
1486,10:53:15,3.17,0.01,9,2853,买盘
1487,10:53:06,3.16,--,6,1896,卖盘
1488,10:53:00,3.16,-0.01,25,7900,卖盘
1489,10:52:54,3.17,--,6,1902,买盘
1490,10:52:51,3.17,--,19,6023,买盘
1491,10:52:45,3.17,--,94,29798,买盘
1492,10:52:35,3.17,--,4,1268,买盘
1493,10:52:30,3.17,0.01,4,1268,买盘
1494,10:52:24,3.16,--,20,6320,卖盘
1495,10:52:21,3.16,--,98,30968,卖盘
1496,10:52:15,3.16,--,4,1264,卖盘
1497,10:52:09,3.16,--,319,100804,卖盘
1498,10:52:05,3.16,-0.01,174,54984,卖盘
1499,10:52:00,3.17,0.01,54,17118,买盘
1500,10:51:50,3.16,--,201,63516,卖盘
1501,10:51:45,3.16,--,168,53088,卖盘
1502,10:51:35,3.16,--,209,66044,卖盘
1503,10:51:30,3.16,-0.01,517,163372,卖盘
1504,10:51:24,3.17,0.01,74,23458,买盘
1505,10:51:20,3.16,--,89,28124,卖盘
1506,10:51:15,3.16,--,272,85952,卖盘
1507,10:51:09,3.16,--,90,28440,卖盘
1508,10:51:05,3.16,--,482,152312,卖盘
1509,10:51:00,3.16,-0.01,339,107124,卖盘
1510,10:50:50,3.17,0.01,413,130921,买盘
1511,10:50:45,3.16,-0.01,347,109652,卖盘
1512,10:50:39,3.17,0.01,295,93515,买盘
1513,10:50:35,3.16,--,198,62568,卖盘
1514,10:50:30,3.16,--,242,76472,卖盘
1515,10:50:24,3.16,--,396,125136,卖盘
1516,10:50:20,3.16,--,440,139040,卖盘
1517,10:50:15,3.16,--,2,632,卖盘
1518,10:50:09,3.16,-0.01,149,47084,卖盘
1519,10:50:05,3.17,0.01,242,76714,买盘
1520,10:50:00,3.16,--,34,10744,卖盘
1521,10:49:50,3.16,--,30,9480,卖盘
1522,10:49:45,3.16,--,201,63516,卖盘
1523,10:49:39,3.16,-0.01,96,30336,卖盘
1524,10:49:35,3.17,0.01,7,2219,买盘
1525,10:49:30,3.16,-0.01,48,15168,卖盘
1526,10:49:24,3.17,--,4,1268,买盘
1527,10:49:20,3.17,0.01,281,89077,买盘
1528,10:49:15,3.16,-0.01,14,4424,卖盘
1529,10:49:05,3.17,--,4,1268,买盘
1530,10:49:00,3.17,--,3,951,买盘
1531,10:48:50,3.17,0.01,216,68472,买盘
1532,10:48:45,3.16,-0.01,2,632,卖盘
1533,10:48:39,3.17,0.01,42,13314,买盘
1534,10:48:34,3.16,--,58,18328,卖盘
1535,10:48:30,3.16,-0.01,28,8848,卖盘
1536,10:48:18,3.17,--,3,951,买盘
1537,10:48:09,3.17,0.01,6,1902,买盘
1538,10:48:03,3.16,--,5,1580,卖盘
1539,10:48:00,3.16,--,229,72364,卖盘
1540,10:47:54,3.16,--,9,2844,卖盘
1541,10:47:48,3.16,-0.01,165,52140,卖盘
1542,10:47:45,3.17,0.01,9,2853,买盘
1543,10:47:39,3.16,-0.01,60,18960,卖盘
1544,10:47:33,3.17,0.01,4,1268,买盘
1545,10:47:30,3.16,--,17,5372,卖盘
1546,10:47:24,3.16,--,51,16116,卖盘
1547,10:47:15,3.16,--,21,6636,卖盘
1548,10:47:09,3.16,-0.01,3,948,卖盘
1549,10:47:03,3.17,0.01,30,9510,买盘
1550,10:47:00,3.16,-0.01,97,30652,卖盘
1551,10:46:54,3.17,0.01,79,25043,买盘
1552,10:46:48,3.16,-0.01,168,53088,卖盘
1553,10:46:39,3.17,0.01,190,60230,买盘
1554,10:46:29,3.16,-0.01,210,66360,卖盘
1555,10:46:24,3.17,--,442,140114,买盘
1556,10:46:18,3.17,0.01,4,1268,买盘
1557,10:46:09,3.16,-0.01,649,205084,卖盘
1558,10:46:03,3.17,0.01,4,1268,买盘
1559,10:45:59,3.16,-0.01,353,111548,卖盘
1560,10:45:54,3.17,0.01,394,124898,买盘
1561,10:45:48,3.16,--,1,316,卖盘
1562,10:45:44,3.16,-0.01,675,213300,卖盘
1563,10:45:39,3.17,0.01,595,188615,买盘
1564,10:45:33,3.16,--,33,10428,卖盘
1565,10:45:29,3.16,--,107,33812,卖盘
1566,10:45:24,3.16,--,265,83740,卖盘
1567,10:45:18,3.16,-0.01,217,68572,卖盘
1568,10:45:14,3.17,0.01,1,317,买盘
1569,10:45:09,3.16,-0.01,482,152312,卖盘
1570,10:45:03,3.17,0.01,140,44380,买盘
1571,10:44:59,3.16,--,279,88164,卖盘
1572,10:44:54,3.16,--,89,28124,卖盘
1573,10:44:48,3.16,--,170,53720,卖盘
1574,10:44:44,3.16,--,58,18328,卖盘
1575,10:44:39,3.16,-0.01,129,40764,卖盘
1576,10:44:33,3.17,--,1,317,买盘
1577,10:44:29,3.17,0.01,3,951,买盘
1578,10:44:24,3.16,-0.01,1,316,卖盘
1579,10:44:18,3.17,--,7,2219,买盘
1580,10:44:14,3.17,0.01,173,54841,买盘
1581,10:44:09,3.16,--,15,4740,卖盘
1582,10:43:59,3.16,--,24,7584,卖盘
1583,10:43:54,3.16,--,57,18012,卖盘
1584,10:43:48,3.16,-0.01,166,52456,卖盘
1585,10:43:44,3.17,0.01,4,1268,买盘
1586,10:43:39,3.16,--,101,31916,卖盘
1587,10:43:33,3.16,-0.01,55,17380,卖盘
1588,10:43:29,3.17,0.01,9,2853,买盘
1589,10:43:24,3.16,-0.01,427,134932,卖盘
1590,10:43:18,3.17,--,5,1585,买盘
1591,10:43:14,3.17,--,92,29164,买盘
1592,10:43:09,3.17,0.01,195,61815,买盘
1593,10:42:59,3.16,--,574,181384,卖盘
1594,10:42:54,3.16,--,18,5688,卖盘
1595,10:42:48,3.16,-0.01,165,52140,卖盘
1596,10:42:44,3.17,--,4,1268,买盘
1597,10:42:39,3.17,0.01,18,5706,买盘
1598,10:42:33,3.16,-0.01,25,7900,卖盘
1599,10:42:29,3.17,--,10,3170,买盘
1600,10:42:24,3.17,0.01,66,20922,买盘
1601,10:42:14,3.16,-0.01,19,6004,卖盘
1602,10:42:09,3.17,--,82,25994,买盘
1603,10:42:03,3.17,--,519,164523,买盘
1604,10:41:59,3.17,--,1188,376596,买盘
1605,10:41:54,3.17,--,56,17752,买盘
1606,10:41:44,3.17,0.01,92,29164,买盘
1607,10:41:39,3.16,-0.01,40,12640,卖盘
1608,10:41:29,3.17,0.01,2,634,买盘
1609,10:41:24,3.16,-0.01,2,632,卖盘
1610,10:41:18,3.17,--,284,90028,买盘
1611,10:41:09,3.17,--,909,288153,买盘
1612,10:41:03,3.17,0.01,181,57377,买盘
1613,10:40:59,3.16,--,287,90692,卖盘
1614,10:40:54,3.16,--,744,235104,卖盘
1615,10:40:43,3.16,--,19,6004,卖盘
1616,10:40:39,3.16,-0.01,40,12640,卖盘
1617,10:40:33,3.17,--,1,317,买盘
1618,10:40:27,3.17,--,1,317,买盘
1619,10:40:24,3.17,--,3,951,买盘
1620,10:40:18,3.17,0.01,3,951,买盘
1621,10:40:09,3.16,-0.01,7,2212,卖盘
1622,10:39:53,3.17,--,17,5389,买盘
1623,10:39:48,3.17,--,78,24726,买盘
1624,10:39:42,3.17,--,108,34236,买盘
1625,10:39:38,3.17,--,333,105561,买盘
1626,10:39:33,3.17,0.01,34,10778,买盘
1627,10:39:27,3.16,-0.01,1000,316000,卖盘
1628,10:39:23,3.17,--,281,89077,买盘
1629,10:39:18,3.17,--,200,63400,买盘
1630,10:39:11,3.17,--,30,9510,买盘
1631,10:39:08,3.17,--,22,6974,买盘
1632,10:39:03,3.17,0.01,199,63083,买盘
1633,10:38:53,3.16,-0.01,101,31916,卖盘
1634,10:38:48,3.17,0.01,15,4755,买盘
1635,10:38:42,3.16,--,20,6320,卖盘
1636,10:38:38,3.16,-0.01,140,44240,卖盘
1637,10:38:23,3.17,--,161,51037,买盘
1638,10:38:18,3.17,--,227,71959,买盘
1639,10:38:12,3.17,--,257,81469,买盘
1640,10:38:08,3.17,0.01,345,109365,买盘
1641,10:38:03,3.16,-0.01,34,10744,卖盘
1642,10:37:53,3.17,0.01,2,634,买盘
1643,10:37:48,3.16,--,200,63200,卖盘
1644,10:37:41,3.16,-0.01,32,10112,卖盘
1645,10:37:38,3.17,--,1,317,买盘
1646,10:37:33,3.17,0.01,18,5706,买盘
1647,10:37:27,3.16,-0.01,1,316,卖盘
1648,10:37:23,3.17,--,9,2853,买盘
1649,10:37:18,3.17,--,33,10461,买盘
1650,10:37:12,3.17,0.01,113,35821,买盘
1651,10:37:08,3.16,-0.01,3,948,卖盘
1652,10:37:02,3.17,--,67,21239,买盘
1653,10:36:53,3.17,0.01,437,138529,买盘
1654,10:36:48,3.16,-0.01,26,8216,卖盘
1655,10:36:38,3.17,0.01,400,126800,买盘
1656,10:36:33,3.16,-0.01,80,25280,卖盘
1657,10:36:27,3.17,--,382,121094,买盘
1658,10:36:18,3.17,--,516,163572,买盘
1659,10:36:11,3.17,--,79,25043,买盘
1660,10:36:08,3.17,--,112,35504,买盘
1661,10:35:53,3.17,0.01,36,11412,买盘
1662,10:35:42,3.16,--,18,5688,卖盘
1663,10:35:38,3.16,-0.01,56,17696,卖盘
1664,10:35:33,3.17,--,5,1585,买盘
1665,10:35:23,3.17,0.01,20,6340,买盘
1666,10:35:18,3.16,--,2,632,卖盘
1667,10:35:08,3.16,-0.01,52,16432,卖盘
1668,10:35:02,3.17,--,39,12363,买盘
1669,10:34:57,3.17,--,1,317,买盘
1670,10:34:47,3.17,0.01,39,12363,买盘
1671,10:34:41,3.16,--,2,632,卖盘
1672,10:34:37,3.16,-0.01,640,202240,卖盘
1673,10:34:27,3.17,0.01,247,78299,买盘
1674,10:34:17,3.16,-0.01,408,128931,卖盘
1675,10:34:06,3.17,--,719,227923,买盘
1676,10:34:02,3.17,0.01,1,317,买盘
1677,10:33:56,3.16,--,2,632,卖盘
1678,10:33:52,3.16,--,862,272392,卖盘
1679,10:33:47,3.16,--,5043,1593588,卖盘
1680,10:33:41,3.16,--,5,1580,卖盘
1681,10:33:35,3.16,--,2,632,卖盘
1682,10:33:32,3.16,-0.01,195,61620,卖盘
1683,10:33:26,3.17,0.01,2,634,买盘
1684,10:33:20,3.16,-0.01,1,316,卖盘
1685,10:33:11,3.17,0.01,31,9827,买盘
1686,10:33:05,3.16,--,2,632,卖盘
1687,10:33:02,3.16,-0.01,26,8216,卖盘
1688,10:32:50,3.17,--,2,634,买盘
1689,10:32:47,3.17,0.01,36,11412,买盘
1690,10:32:41,3.16,-0.01,15,4740,卖盘
1691,10:32:26,3.17,0.01,1,317,买盘
1692,10:32:17,3.16,-0.01,90,28440,卖盘
1693,10:32:05,3.17,0.01,137,43429,买盘
1694,10:32:02,3.16,--,154,48664,卖盘
1695,10:31:50,3.16,--,13,4108,卖盘
1696,10:31:47,3.16,--,173,54668,卖盘
1697,10:31:41,3.16,-0.01,23,7268,卖盘
1698,10:31:32,3.17,--,1,317,买盘
1699,10:31:20,3.17,0.01,83,26311,买盘
1700,10:31:17,3.16,--,3,948,卖盘
1701,10:31:11,3.16,--,2,632,卖盘
1702,10:31:05,3.16,--,2,632,卖盘
1703,10:30:56,3.16,--,630,199080,卖盘
1704,10:30:50,3.16,--,44,13904,卖盘
1705,10:30:47,3.16,--,152,48032,卖盘
1706,10:30:35,3.16,-0.01,136,42976,卖盘
1707,10:30:32,3.17,0.01,236,74812,买盘
1708,10:30:26,3.16,-0.01,121,38236,卖盘
1709,10:30:20,3.17,0.01,381,120777,买盘
1710,10:30:17,3.16,--,354,111864,卖盘
1711,10:30:11,3.16,--,337,106492,卖盘
1712,10:30:05,3.16,--,2,632,卖盘
1713,10:30:02,3.16,--,10,3160,卖盘
1714,10:29:50,3.16,-0.01,20,6320,卖盘
1715,10:29:47,3.17,0.01,30,9510,买盘
1716,10:29:41,3.16,--,106,33496,卖盘
1717,10:29:20,3.16,--,1,316,卖盘
1718,10:29:17,3.16,--,20,6320,卖盘
1719,10:29:11,3.16,--,41,12956,卖盘
1720,10:29:05,3.16,--,2,632,卖盘
1721,10:28:56,3.16,--,50,15800,卖盘
1722,10:28:50,3.16,-0.01,3,948,卖盘
1723,10:28:47,3.17,--,2,634,买盘
1724,10:28:41,3.17,--,385,122045,买盘
1725,10:28:35,3.17,0.01,4274,1354858,买盘
1726,10:28:32,3.16,--,302,95432,卖盘
1727,10:28:17,3.16,-0.01,258,81528,卖盘
1728,10:28:11,3.17,0.01,28,8876,买盘
1729,10:28:05,3.16,--,2,632,卖盘
1730,10:28:02,3.16,--,88,27808,卖盘
1731,10:27:56,3.16,-0.01,137,43292,卖盘
1732,10:27:50,3.17,--,15,4755,买盘
1733,10:27:47,3.17,--,52,16484,买盘
1734,10:27:41,3.17,0.01,5,1585,买盘
1735,10:27:35,3.16,--,31,9796,卖盘
1736,10:27:15,3.16,--,65,20540,卖盘
1737,10:27:05,3.16,--,1680,530880,卖盘
1738,10:26:59,3.16,--,1,316,卖盘
1739,10:26:56,3.16,--,170,53720,卖盘
1740,10:26:50,3.16,--,384,121344,卖盘
1741,10:26:44,3.16,--,2,632,卖盘
1742,10:26:41,3.16,--,1754,554264,卖盘
1743,10:26:35,3.16,--,110,34760,卖盘
1744,10:26:20,3.16,--,713,225308,卖盘
1745,10:26:11,3.16,--,33,10428,卖盘
1746,10:26:05,3.16,--,808,255328,卖盘
1747,10:25:59,3.16,-0.01,500,158000,卖盘
1748,10:25:56,3.17,--,100,31700,买盘
1749,10:25:44,3.17,0.01,381,120777,买盘
1750,10:25:41,3.16,-0.01,1334,421544,卖盘
1751,10:25:35,3.17,--,38,12046,买盘
1752,10:25:29,3.17,0.01,30,9510,买盘
1753,10:25:26,3.16,--,11,3476,卖盘
1754,10:25:20,3.16,--,152,48032,卖盘
1755,10:25:14,3.16,--,63,19908,卖盘
1756,10:25:11,3.16,--,1,316,卖盘
1757,10:25:05,3.16,-0.01,24,7584,卖盘
1758,10:24:56,3.17,--,39,12363,买盘
1759,10:24:41,3.17,--,109,34553,买盘
1760,10:24:29,3.17,0.01,178,56426,买盘
1761,10:24:20,3.16,--,29,9164,卖盘
1762,10:24:05,3.16,--,3,948,卖盘
1763,10:23:59,3.16,-0.01,513,162108,卖盘
1764,10:23:56,3.17,--,184,58328,买盘
1765,10:23:50,3.17,0.01,1,317,买盘
1766,10:23:41,3.16,-0.01,151,47716,卖盘
1767,10:23:35,3.17,--,768,243456,买盘
1768,10:23:29,3.17,0.01,1144,362648,买盘
1769,10:23:26,3.16,--,12,3792,卖盘
1770,10:23:20,3.16,-0.01,125,39500,卖盘
1771,10:23:14,3.17,--,33,10461,买盘
1772,10:23:11,3.17,0.01,112,35504,买盘
1773,10:23:05,3.16,-0.01,2,632,卖盘
1774,10:22:59,3.17,0.01,1,317,买盘
1775,10:22:56,3.16,-0.01,1,316,卖盘
1776,10:22:41,3.17,--,25,7925,买盘
1777,10:22:35,3.17,0.01,46,14582,买盘
1778,10:22:26,3.16,--,21,6636,卖盘
1779,10:22:20,3.16,--,213,67308,卖盘
1780,10:22:14,3.16,--,1,316,卖盘
1781,10:22:11,3.16,--,108,34128,卖盘
1782,10:22:05,3.16,-0.01,13,4108,卖盘
1783,10:21:50,3.17,--,740,234580,买盘
1784,10:21:44,3.17,--,40,12680,买盘
1785,10:21:35,3.17,--,39,12363,买盘
1786,10:21:20,3.17,0.01,242,76714,买盘
1787,10:21:14,3.16,--,200,63200,卖盘
1788,10:21:11,3.16,--,107,33812,卖盘
1789,10:21:05,3.16,-0.01,6535,2065060,卖盘
1790,10:20:59,3.17,0.01,225,71325,买盘
1791,10:20:55,3.16,-0.01,10029,3169164,卖盘
1792,10:20:50,3.17,0.01,1135,359795,买盘
1793,10:20:40,3.16,--,28,8848,卖盘
1794,10:20:35,3.16,-0.01,50,15800,卖盘
1795,10:20:29,3.17,0.01,235,74495,买盘
1796,10:20:25,3.16,-0.01,1221,385836,卖盘
1797,10:20:20,3.17,--,1215,385155,买盘
1798,10:20:14,3.17,0.01,39,12363,买盘
1799,10:20:10,3.16,--,718,226888,卖盘
1800,10:20:05,3.16,--,131,41396,卖盘
1801,10:19:59,3.16,-0.01,20,6320,卖盘
1802,10:19:55,3.17,0.01,2,634,买盘
1803,10:19:50,3.16,--,34,10744,卖盘
1804,10:19:44,3.16,--,167,52772,卖盘
1805,10:19:38,3.16,--,50,15800,卖盘
1806,10:19:35,3.16,--,500,158000,卖盘
1807,10:19:29,3.16,--,4,1264,卖盘
1808,10:19:23,3.16,-0.01,684,216144,卖盘
1809,10:19:20,3.17,0.01,101,32017,买盘
1810,10:19:14,3.16,--,277,87532,卖盘
1811,10:19:08,3.16,--,61,19276,卖盘
1812,10:19:05,3.16,--,52,16432,卖盘
1813,10:18:59,3.16,--,125,39500,卖盘
1814,10:18:53,3.16,--,8,2528,卖盘
1815,10:18:50,3.16,-0.01,825,260700,卖盘
1816,10:18:44,3.17,0.01,65,20605,买盘
1817,10:18:35,3.16,--,41,12956,卖盘
1818,10:18:14,3.16,-0.01,793,250588,卖盘
1819,10:18:05,3.17,0.01,79,25043,买盘
1820,10:17:59,3.16,--,569,179804,卖盘
1821,10:17:53,3.16,-0.01,200,63200,卖盘
1822,10:17:50,3.17,0.01,132,41844,买盘
1823,10:17:44,3.16,--,100,31600,卖盘
1824,10:17:38,3.16,--,1,316,卖盘
1825,10:17:35,3.16,-0.01,630,199080,卖盘
1826,10:17:29,3.17,0.01,654,207318,买盘
1827,10:17:23,3.16,--,1070,338120,卖盘
1828,10:17:20,3.16,--,1,316,卖盘
1829,10:17:14,3.16,--,238,75208,卖盘
1830,10:17:08,3.16,--,944,298304,卖盘
1831,10:17:05,3.16,--,13,4108,卖盘
1832,10:16:59,3.16,-0.01,132,41712,卖盘
1833,10:16:53,3.17,0.01,6,1902,买盘
1834,10:16:50,3.16,--,448,141568,卖盘
1835,10:16:44,3.16,--,102,32232,卖盘
1836,10:16:35,3.16,--,55,17380,卖盘
1837,10:16:29,3.16,--,52,16432,卖盘
1838,10:16:20,3.16,--,11,3476,卖盘
1839,10:16:14,3.16,--,110,34760,卖盘
1840,10:16:05,3.16,--,665,210140,卖盘
1841,10:15:59,3.16,--,3,948,卖盘
1842,10:15:53,3.16,-0.01,633,200028,卖盘
1843,10:15:50,3.17,0.01,510,161670,买盘
1844,10:15:44,3.16,--,788,249008,卖盘
1845,10:15:38,3.16,--,199,62884,卖盘
1846,10:15:35,3.16,--,385,121660,卖盘
1847,10:15:29,3.16,-0.01,164,51824,卖盘
1848,10:15:23,3.17,0.01,604,191468,买盘
1849,10:15:19,3.16,--,620,195920,卖盘
1850,10:15:14,3.16,--,2,632,卖盘
1851,10:15:08,3.16,--,182,57512,卖盘
1852,10:15:04,3.16,--,3,948,卖盘
1853,10:14:59,3.16,--,847,267652,卖盘
1854,10:14:53,3.16,--,162,51192,卖盘
1855,10:14:49,3.16,--,38,12008,卖盘
1856,10:14:34,3.16,--,136,42976,卖盘
1857,10:14:29,3.16,--,305,96380,卖盘
1858,10:14:23,3.16,--,44,13904,卖盘
1859,10:14:19,3.16,-0.01,23,7268,卖盘
1860,10:14:14,3.17,0.01,92,29164,买盘
1861,10:14:08,3.16,--,4,1264,卖盘
1862,10:14:04,3.16,--,612,193392,卖盘
1863,10:13:59,3.16,-0.01,3328,1051648,卖盘
1864,10:13:53,3.17,0.01,100,31700,买盘
1865,10:13:49,3.16,--,219,69204,卖盘
1866,10:13:44,3.16,-0.01,67,21172,卖盘
1867,10:13:38,3.17,--,15,4755,买盘
1868,10:13:34,3.17,--,30,9510,买盘
1869,10:13:29,3.17,--,605,191785,买盘
1870,10:13:23,3.17,--,1,317,买盘
1871,10:13:19,3.17,0.01,605,191785,买盘
1872,10:13:14,3.16,--,1018,321688,卖盘
1873,10:13:08,3.16,--,1,316,卖盘
1874,10:13:03,3.16,-0.01,3,948,卖盘
1875,10:12:59,3.17,0.01,129,40893,买盘
1876,10:12:53,3.16,-0.01,920,290720,卖盘
1877,10:12:47,3.17,0.01,44,13948,买盘
1878,10:12:44,3.16,-0.01,1,316,卖盘
1879,10:12:32,3.17,--,717,227289,买盘
1880,10:12:29,3.17,--,6,1902,买盘
1881,10:12:14,3.17,0.01,20,6340,买盘
1882,10:12:08,3.16,-0.01,107,33812,卖盘
1883,10:11:59,3.17,--,646,204782,买盘
1884,10:11:53,3.17,0.01,1761,558237,买盘
1885,10:11:44,3.16,--,147,46452,卖盘
1886,10:11:38,3.16,--,181,57196,卖盘
1887,10:11:29,3.16,-0.01,50,15800,卖盘
1888,10:11:17,3.17,--,55,17435,买盘
1889,10:11:14,3.17,0.01,804,254868,买盘
1890,10:11:08,3.16,--,16,5056,卖盘
1891,10:10:59,3.16,--,405,127980,卖盘
1892,10:10:53,3.16,-0.01,714,225624,卖盘
1893,10:10:47,3.17,0.01,604,191468,买盘
1894,10:10:44,3.16,--,3602,1138535,卖盘
1895,10:10:38,3.16,-0.01,1809,571644,卖盘
1896,10:10:32,3.17,--,20,6340,买盘
1897,10:10:29,3.17,0.01,1568,497056,买盘
1898,10:10:23,3.16,--,14,4424,卖盘
1899,10:10:13,3.16,--,110,34760,卖盘
1900,10:10:08,3.16,--,219,69204,卖盘
1901,10:09:58,3.16,-0.01,28,8848,卖盘
1902,10:09:53,3.17,0.01,11,3487,买盘
1903,10:09:47,3.16,--,105,33180,卖盘
1904,10:09:43,3.16,--,428,135248,卖盘
1905,10:09:38,3.16,-0.01,1,316,卖盘
1906,10:09:32,3.17,0.01,5,1585,买盘
1907,10:09:23,3.16,--,3,948,卖盘
1908,10:09:13,3.16,--,28,8848,卖盘
1909,10:09:08,3.16,--,2,632,卖盘
1910,10:09:02,3.16,--,17,5372,卖盘
1911,10:08:58,3.16,--,20,6320,卖盘
1912,10:08:53,3.16,--,1,316,卖盘
1913,10:08:47,3.16,-0.01,5,1580,卖盘
1914,10:08:38,3.17,--,52,16484,买盘
1915,10:08:28,3.17,0.01,20,6340,买盘
1916,10:08:23,3.16,-0.01,353,111548,卖盘
1917,10:08:17,3.17,0.01,21,6657,买盘
1918,10:08:13,3.16,--,1,316,卖盘
1919,10:08:08,3.16,--,3,948,卖盘
1920,10:07:53,3.16,--,5,1580,卖盘
1921,10:07:47,3.16,--,2,632,卖盘
1922,10:07:43,3.16,--,3,948,卖盘
1923,10:07:32,3.16,--,68,21488,卖盘
1924,10:07:28,3.16,--,224,70784,卖盘
1925,10:07:23,3.16,--,640,202240,卖盘
1926,10:07:17,3.16,--,11,3476,卖盘
1927,10:07:13,3.16,-0.01,603,190548,卖盘
1928,10:07:08,3.17,0.01,831,263427,买盘
1929,10:07:02,3.16,--,532,168112,卖盘
1930,10:06:58,3.16,--,710,224360,卖盘
1931,10:06:53,3.16,--,445,140620,卖盘
1932,10:06:47,3.16,--,1038,328008,卖盘
1933,10:06:42,3.16,-0.01,398,125768,卖盘
1934,10:06:38,3.17,0.01,465,147405,买盘
1935,10:06:32,3.16,--,120,37920,卖盘
1936,10:06:28,3.16,--,15,4740,卖盘
1937,10:06:23,3.16,-0.01,1,316,卖盘
1938,10:06:17,3.17,0.01,6,1902,买盘
1939,10:06:12,3.16,--,101,31916,卖盘
1940,10:06:08,3.16,--,154,48664,卖盘
1941,10:06:02,3.16,--,1199,378884,卖盘
1942,10:05:56,3.16,--,43,13588,卖盘
1943,10:05:47,3.16,--,462,145992,卖盘
1944,10:05:41,3.16,--,100,31600,卖盘
1945,10:05:32,3.16,--,150,47400,卖盘
1946,10:05:23,3.16,-0.01,9,2844,卖盘
1947,10:05:11,3.17,0.01,62,19654,买盘
1948,10:05:08,3.16,--,2,632,卖盘
1949,10:05:02,3.16,-0.01,135,42660,卖盘
1950,10:04:56,3.17,--,1,317,买盘
1951,10:04:53,3.17,--,17,5389,买盘
1952,10:04:47,3.17,0.01,2,634,买盘
1953,10:04:41,3.16,-0.01,1,316,卖盘
1954,10:04:32,3.17,--,761,241237,买盘
1955,10:04:26,3.17,--,20,6340,买盘
1956,10:04:23,3.17,--,14,4438,买盘
1957,10:04:17,3.17,0.01,16,5072,买盘
1958,10:04:11,3.16,-0.01,1,316,卖盘
1959,10:04:08,3.17,--,37,11729,买盘
1960,10:04:02,3.17,--,7,2219,买盘
1961,10:03:56,3.17,0.01,5,1585,买盘
1962,10:03:53,3.16,-0.01,7,2212,卖盘
1963,10:03:47,3.17,--,616,195272,买盘
1964,10:03:41,3.17,--,345,109365,买盘
1965,10:03:38,3.17,0.01,5,1585,买盘
1966,10:03:32,3.16,--,3,948,卖盘
1967,10:03:23,3.16,-0.01,223,70468,卖盘
1968,10:03:17,3.17,--,20,6340,买盘
1969,10:03:11,3.17,0.01,5,1585,买盘
1970,10:03:07,3.16,--,612,193392,卖盘
1971,10:03:02,3.16,--,43,13588,卖盘
1972,10:02:56,3.16,--,2,632,卖盘
1973,10:02:47,3.16,--,88,27808,卖盘
1974,10:02:41,3.16,-0.01,1334,421544,卖盘
1975,10:02:37,3.17,0.01,11,3487,买盘
1976,10:02:32,3.16,--,870,274920,卖盘
1977,10:02:26,3.16,--,1,316,卖盘
1978,10:02:22,3.16,--,505,159580,卖盘
1979,10:02:17,3.16,--,22,6952,卖盘
1980,10:02:07,3.16,--,178,56248,卖盘
1981,10:02:02,3.16,--,136,42976,卖盘
1982,10:01:56,3.16,--,41,12956,卖盘
1983,10:01:52,3.16,--,490,154840,卖盘
1984,10:01:47,3.16,-0.01,109,34444,卖盘
1985,10:01:41,3.17,--,10,3170,买盘
1986,10:01:32,3.17,0.01,881,279277,买盘
1987,10:01:26,3.16,--,153,48348,卖盘
1988,10:01:22,3.16,--,54,17064,卖盘
1989,10:01:07,3.16,--,2,632,卖盘
1990,10:01:02,3.16,--,12,3792,卖盘
1991,10:00:56,3.16,-0.01,38,12008,卖盘
1992,10:00:52,3.17,--,4,1268,买盘
1993,10:00:47,3.17,0.01,20,6340,买盘
1994,10:00:37,3.16,-0.01,1,316,卖盘
1995,10:00:32,3.17,0.01,608,192736,买盘
1996,10:00:26,3.16,-0.01,1,316,卖盘
1997,10:00:22,3.17,0.01,320,101440,买盘
1998,10:00:17,3.16,-0.01,633,200028,卖盘
1999,10:00:07,3.17,--,262,83054,买盘
2000,10:00:02,3.17,--,605,191785,买盘
2001,09:59:56,3.17,0.01,15,4755,买盘
2002,09:59:52,3.16,--,2543,803588,卖盘
2003,09:59:41,3.16,-0.01,20,6320,卖盘
2004,09:59:22,3.17,0.01,25,7925,买盘
2005,09:59:17,3.16,-0.01,1,316,卖盘
2006,09:59:07,3.17,0.01,44,13948,买盘
2007,09:59:02,3.16,-0.01,53,16748,卖盘
2008,09:58:56,3.17,0.01,39,12363,买盘
2009,09:58:50,3.16,--,3,948,卖盘
2010,09:58:47,3.16,--,25,7900,卖盘
2011,09:58:41,3.16,--,50,15800,卖盘
2012,09:58:35,3.16,--,26,8216,卖盘
2013,09:58:26,3.16,--,606,191496,卖盘
2014,09:58:17,3.16,-0.01,124,39184,卖盘
2015,09:58:11,3.17,--,71,22507,买盘
2016,09:58:05,3.17,--,3,951,买盘
2017,09:58:02,3.17,0.01,20,6340,买盘
2018,09:57:56,3.16,--,383,121287,卖盘
2019,09:57:50,3.16,--,5,1580,卖盘
2020,09:57:47,3.16,--,513,162370,卖盘
2021,09:57:41,3.16,-0.01,13,4108,卖盘
2022,09:57:35,3.17,0.01,35,11095,买盘
2023,09:57:31,3.16,--,44,13904,卖盘
2024,09:57:26,3.16,--,9,2844,卖盘
2025,09:57:20,3.16,--,130,41080,卖盘
2026,09:57:16,3.16,--,209,66044,卖盘
2027,09:57:05,3.16,--,9,2844,卖盘
2028,09:57:01,3.16,--,20,6320,卖盘
2029,09:56:31,3.16,--,83,26228,卖盘
2030,09:56:26,3.16,--,3,948,卖盘
2031,09:56:16,3.16,--,548,173168,卖盘
2032,09:56:11,3.16,-0.01,248,78368,卖盘
2033,09:56:05,3.17,0.01,608,192736,买盘
2034,09:56:01,3.16,--,545,172220,卖盘
2035,09:55:56,3.16,--,173,54668,卖盘
2036,09:55:50,3.16,--,100,31600,卖盘
2037,09:55:46,3.16,--,32,10112,卖盘
2038,09:55:41,3.16,--,14,4424,卖盘
2039,09:55:31,3.16,-0.01,2,632,卖盘
2040,09:55:26,3.17,0.01,98,31066,买盘
2041,09:55:20,3.16,--,10,3160,卖盘
2042,09:55:16,3.16,-0.01,344,108704,卖盘
2043,09:55:11,3.17,0.01,40,12680,买盘
2044,09:55:05,3.16,--,216,68256,卖盘
2045,09:55:01,3.16,-0.01,140,44240,卖盘
2046,09:54:56,3.17,0.01,186,58962,买盘
2047,09:54:50,3.16,--,11,3476,卖盘
2048,09:54:46,3.16,--,4,1264,卖盘
2049,09:54:41,3.16,-0.01,100,31600,卖盘
2050,09:54:35,3.17,0.01,10,3170,买盘
2051,09:54:31,3.16,-0.01,221,69836,卖盘
2052,09:54:26,3.17,0.01,100,31700,买盘
2053,09:54:16,3.16,-0.01,629,198764,卖盘
2054,09:54:05,3.17,0.01,63,19971,买盘
2055,09:54:01,3.16,--,110,34760,卖盘
2056,09:53:56,3.16,--,30,9480,卖盘
2057,09:53:50,3.16,-0.01,100,31600,卖盘
2058,09:53:41,3.17,0.01,3,951,买盘
2059,09:53:35,3.16,--,1,316,卖盘
2060,09:53:26,3.16,--,23,7268,卖盘
2061,09:53:16,3.16,--,31,9796,卖盘
2062,09:53:05,3.16,--,40,12640,卖盘
2063,09:53:01,3.16,-0.01,300,94800,卖盘
2064,09:52:56,3.17,0.01,169,53573,买盘
2065,09:52:50,3.16,--,100,31600,卖盘
2066,09:52:41,3.16,--,1560,492960,卖盘
2067,09:52:35,3.16,--,1,316,卖盘
2068,09:52:31,3.16,-0.01,117,36972,卖盘
2069,09:52:26,3.17,0.01,31,9827,买盘
2070,09:52:15,3.16,--,39,12324,卖盘
2071,09:52:11,3.16,--,104,32864,卖盘
2072,09:52:05,3.16,-0.01,224,70784,卖盘
2073,09:51:59,3.17,0.01,191,60547,买盘
2074,09:51:56,3.16,-0.01,388,122608,卖盘
2075,09:51:50,3.17,0.01,171,54207,买盘
2076,09:51:44,3.16,--,55,17380,卖盘
2077,09:51:41,3.16,-0.01,40,12640,卖盘
2078,09:51:29,3.17,0.01,604,191468,买盘
2079,09:51:26,3.16,--,544,171904,卖盘
2080,09:51:20,3.16,--,44,13904,卖盘
2081,09:51:14,3.16,--,513,162108,卖盘
2082,09:51:11,3.16,--,223,70468,卖盘
2083,09:51:05,3.16,--,642,202872,卖盘
2084,09:50:59,3.16,--,406,128296,卖盘
2085,09:50:56,3.16,--,349,110284,卖盘
2086,09:50:50,3.16,-0.01,106,33496,卖盘
2087,09:50:44,3.17,0.01,4,1268,买盘
2088,09:50:40,3.16,--,274,86584,卖盘
2089,09:50:35,3.16,--,508,160528,卖盘
2090,09:50:29,3.16,--,192,60984,卖盘
2091,09:50:25,3.16,--,192,60672,卖盘
2092,09:50:20,3.16,--,260,82160,卖盘
2093,09:50:14,3.16,--,2124,671187,卖盘
2094,09:50:10,3.16,--,922,291352,卖盘
2095,09:50:05,3.16,--,2198,694568,卖盘
2096,09:49:59,3.16,--,1015,320740,卖盘
2097,09:49:55,3.16,--,344,108704,卖盘
2098,09:49:50,3.16,--,2071,654436,卖盘
2099,09:49:40,3.16,--,130,41080,卖盘
2100,09:49:35,3.16,--,30,9480,卖盘
2101,09:49:29,3.16,-0.01,110,34760,卖盘
2102,09:49:25,3.17,--,2,634,买盘
2103,09:49:20,3.17,0.01,150,47550,买盘
2104,09:49:10,3.16,--,4,1264,卖盘
2105,09:49:05,3.16,--,303,95748,卖盘
2106,09:48:59,3.16,-0.01,800,252800,卖盘
2107,09:48:55,3.17,0.01,2,634,买盘
2108,09:48:50,3.16,--,72,22752,卖盘
2109,09:48:40,3.16,--,31,9796,卖盘
2110,09:48:35,3.16,--,18,5688,卖盘
2111,09:48:29,3.16,--,1,316,卖盘
2112,09:48:25,3.16,-0.01,82,25912,卖盘
2113,09:48:20,3.17,0.01,41,12997,买盘
2114,09:48:14,3.16,--,18,5688,卖盘
2115,09:48:10,3.16,-0.01,687,217092,卖盘
2116,09:48:05,3.17,0.01,55,17435,买盘
2117,09:47:55,3.16,-0.01,33,10428,卖盘
2118,09:47:50,3.17,--,43,13631,买盘
2119,09:47:44,3.17,--,51,16167,买盘
2120,09:47:40,3.17,0.01,449,142333,买盘
2121,09:47:35,3.16,--,67,21172,卖盘
2122,09:47:29,3.16,--,50,15800,卖盘
2123,09:47:25,3.16,--,1,316,卖盘
2124,09:47:20,3.16,-0.01,53,16748,卖盘
2125,09:47:14,3.17,0.01,1503,476451,买盘
2126,09:47:10,3.16,--,4,1264,卖盘
2127,09:47:05,3.16,-0.01,3,948,卖盘
2128,09:46:59,3.17,--,135,42795,买盘
2129,09:46:55,3.17,0.01,642,203514,买盘
2130,09:46:50,3.16,--,5,1580,卖盘
2131,09:46:29,3.16,-0.01,3,948,卖盘
2132,09:46:25,3.17,0.01,1,317,买盘
2133,09:46:20,3.16,-0.01,4,1264,卖盘
2134,09:46:10,3.17,0.01,50,15850,买盘
2135,09:46:04,3.16,--,42,13272,卖盘
2136,09:45:55,3.16,--,16,5056,卖盘
2137,09:45:50,3.16,--,1,316,卖盘
2138,09:45:44,3.16,--,2,632,卖盘
2139,09:45:39,3.16,--,51,16116,卖盘
2140,09:45:29,3.16,--,32,10112,卖盘
2141,09:45:20,3.16,-0.01,210,66360,卖盘
2142,09:45:14,3.17,0.01,1,317,买盘
2143,09:45:10,3.16,--,4136,1306976,卖盘
2144,09:45:05,3.16,-0.01,9,2844,卖盘
2145,09:44:59,3.17,--,1,317,买盘
2146,09:44:29,3.17,--,1319,418123,卖盘
2147,09:44:23,3.17,--,1,317,卖盘
2148,09:44:19,3.17,--,88,27896,卖盘
2149,09:44:14,3.17,--,1260,399420,卖盘
2150,09:44:08,3.17,--,11,3487,卖盘
2151,09:44:04,3.17,--,200,63400,卖盘
2152,09:43:59,3.17,-0.01,212,67204,卖盘
2153,09:43:53,3.18,0.01,1,318,买盘
2154,09:43:49,3.17,--,312,98904,卖盘
2155,09:43:34,3.17,--,192,60864,卖盘
2156,09:43:19,3.17,--,130,41210,卖盘
2157,09:43:13,3.17,--,361,114437,卖盘
2158,09:43:08,3.17,--,149,47233,卖盘
2159,09:43:04,3.17,--,12,3804,卖盘
2160,09:42:49,3.17,--,150,47550,卖盘
2161,09:42:28,3.17,-0.01,42,13314,卖盘
2162,09:42:23,3.18,0.01,21,6678,买盘
2163,09:42:19,3.17,--,11,3487,卖盘
2164,09:42:13,3.17,-0.01,26,8242,卖盘
2165,09:42:04,3.18,0.01,16,5088,买盘
2166,09:41:58,3.17,-0.01,721,228557,卖盘
2167,09:41:49,3.18,0.01,9,2862,买盘
2168,09:41:43,3.17,-0.01,218,69106,卖盘
2169,09:41:34,3.18,0.01,178,56604,买盘
2170,09:41:23,3.17,--,193,61181,卖盘
2171,09:41:19,3.17,--,30,9510,卖盘
2172,09:41:13,3.17,--,78,24726,卖盘
2173,09:41:04,3.17,-0.01,194,61498,卖盘
2174,09:40:58,3.18,0.01,1436,456648,买盘
2175,09:40:53,3.17,--,242,76714,卖盘
2176,09:40:49,3.17,--,17,5389,卖盘
2177,09:40:43,3.17,--,117,37089,卖盘
2178,09:40:38,3.17,--,346,109682,卖盘
2179,09:40:34,3.17,--,35,11095,卖盘
2180,09:40:28,3.17,0.01,1,317,卖盘
2181,09:40:23,3.16,-0.02,192,60672,卖盘
2182,09:40:19,3.18,0.01,15,4770,买盘
2183,09:40:13,3.17,--,290,91930,中性盘
2184,09:40:08,3.17,0.01,114,36138,中性盘
2185,09:40:04,3.16,-0.01,286,90376,卖盘
2186,09:39:58,3.17,--,61,19337,买盘
2187,09:39:53,3.17,0.01,126,39942,买盘
2188,09:39:49,3.16,-0.01,31,9796,卖盘
2189,09:39:43,3.17,--,339,107463,买盘
2190,09:39:38,3.17,0.01,201,63717,买盘
2191,09:39:34,3.16,-0.01,300,94800,卖盘
2192,09:39:28,3.17,--,2777,880309,卖盘
2193,09:39:23,3.17,--,918,291006,卖盘
2194,09:39:13,3.17,-0.01,192,60864,卖盘
2195,09:39:04,3.18,0.01,143,45474,买盘
2196,09:38:58,3.17,-0.01,180,57060,卖盘
2197,09:38:53,3.18,--,1,318,买盘
2198,09:38:48,3.18,--,1,318,买盘
2199,09:38:43,3.18,0.01,35,11130,买盘
2200,09:38:38,3.17,-0.01,5,1585,卖盘
2201,09:38:32,3.18,0.01,34,10812,买盘
2202,09:38:28,3.17,--,70,22190,卖盘
2203,09:38:19,3.17,--,1185,375645,卖盘
2204,09:38:13,3.17,--,40,12680,卖盘
2205,09:38:08,3.17,--,22,6974,卖盘
2206,09:37:58,3.17,--,523,165791,买盘
2207,09:37:53,3.17,0.01,60,19020,买盘
2208,09:37:47,3.16,-0.01,161,50876,卖盘
2209,09:37:43,3.17,--,200,63400,买盘
2210,09:37:38,3.17,--,54,17118,买盘
2211,09:37:32,3.17,--,270,85590,卖盘
2212,09:37:28,3.17,--,46,14582,买盘
2213,09:37:23,3.17,--,497,157549,买盘
2214,09:37:13,3.17,-0.01,52,16484,买盘
2215,09:37:08,3.18,0.01,218,69324,买盘
2216,09:37:02,3.17,--,48,15216,卖盘
2217,09:36:58,3.17,0.01,83,26311,买盘
2218,09:36:52,3.16,--,137,43292,卖盘
2219,09:36:47,3.16,-0.01,1,316,卖盘
2220,09:36:43,3.17,0.01,39,12363,买盘
2221,09:36:37,3.16,-0.01,31,9796,卖盘
2222,09:36:32,3.17,--,14,4438,买盘
2223,09:36:28,3.17,--,108,34236,卖盘
2224,09:36:23,3.17,--,99,31383,买盘
2225,09:36:13,3.17,0.01,257,81469,买盘
2226,09:36:07,3.16,-0.01,38,12008,卖盘
2227,09:35:58,3.17,--,468,148356,买盘
2228,09:35:52,3.17,0.01,354,112218,买盘
2229,09:35:43,3.16,--,230,72680,卖盘
2230,09:35:37,3.16,-0.01,486,153576,卖盘
2231,09:35:32,3.17,--,46,14582,买盘
2232,09:35:28,3.17,0.01,260,82420,买盘
2233,09:35:22,3.16,-0.01,4,1264,卖盘
2234,09:35:17,3.17,--,1,317,买盘
2235,09:35:13,3.17,0.01,20,6340,买盘
2236,09:35:07,3.16,-0.01,65,20540,卖盘
2237,09:35:02,3.17,--,41,12997,买盘
2238,09:34:58,3.17,0.01,73,23141,买盘
2239,09:34:52,3.16,--,399,126260,卖盘
2240,09:34:47,3.16,--,50,15800,卖盘
2241,09:34:43,3.16,-0.01,530,167480,卖盘
2242,09:34:37,3.17,--,13,4121,买盘
2243,09:34:32,3.17,0.01,51,16167,买盘
2244,09:34:28,3.16,-0.01,3,948,卖盘
2245,09:34:22,3.17,0.01,282,89394,买盘
2246,09:34:17,3.16,--,11,3476,卖盘
2247,09:34:13,3.16,--,352,111232,卖盘
2248,09:34:07,3.16,--,293,92588,卖盘
2249,09:34:02,3.16,--,42,13272,卖盘
2250,09:33:58,3.16,-0.01,281,88796,卖盘
2251,09:33:52,3.17,0.01,543,172131,买盘
2252,09:33:47,3.16,--,147,46452,卖盘
2253,09:33:43,3.16,--,216,68256,卖盘
2254,09:33:37,3.16,-0.02,264,83424,卖盘
2255,09:33:32,3.18,--,44,13992,买盘
2256,09:33:28,3.18,--,284,90312,买盘
2257,09:33:22,3.18,0.02,406,129108,买盘
2258,09:33:17,3.16,-0.01,230,72680,卖盘
2259,09:33:13,3.17,0.01,193,61181,买盘
2260,09:33:07,3.16,--,182,57512,卖盘
2261,09:32:58,3.16,-0.01,131,41396,卖盘
2262,09:32:52,3.17,0.01,341,108097,买盘
2263,09:32:47,3.16,--,131,41396,卖盘
2264,09:32:42,3.16,--,302,95432,卖盘
2265,09:32:37,3.16,-0.01,150,47400,卖盘
2266,09:32:32,3.17,--,600,190200,买盘
2267,09:32:28,3.17,--,242,76714,买盘
2268,09:32:22,3.17,--,11,3487,买盘
2269,09:32:17,3.17,0.01,8,2536,买盘
2270,09:32:13,3.16,--,729,230364,卖盘
2271,09:32:07,3.16,-0.01,3,948,卖盘
2272,09:32:02,3.17,0.01,2543,806131,买盘
2273,09:31:57,3.16,-0.01,223,70468,卖盘
2274,09:31:47,3.17,--,73,23141,买盘
2275,09:31:42,3.17,--,1175,372475,买盘
2276,09:31:37,3.17,--,139,44063,买盘
2277,09:31:32,3.17,--,511,161987,买盘
2278,09:31:26,3.17,--,4866,1542522,买盘
2279,09:31:22,3.17,--,2034,644778,买盘
2280,09:31:17,3.17,0.01,208,65936,买盘
2281,09:31:07,3.16,--,26,8216,卖盘
2282,09:30:56,3.16,-0.01,134,42344,卖盘
2283,09:30:52,3.17,--,960,304320,买盘
2284,09:30:47,3.17,--,1000,317000,买盘
2285,09:30:42,3.17,--,50,15850,买盘
2286,09:30:37,3.17,--,953,302101,买盘
2287,09:30:32,3.17,--,1274,403858,买盘
2288,09:30:22,3.17,0.01,868,275156,买盘
2289,09:30:17,3.16,-0.01,329,103964,卖盘
2290,09:30:11,3.17,--,259,82103,买盘
2291,09:30:07,3.17,0.01,7193,2280181,买盘
2292,09:30:01,3.16,-0.01,5,1580,卖盘
2293,09:28:44,3.17,--,0,0,买盘
2294,09:25:09,3.17,3.17,4092,1297164,买盘
