,time,price,change,volume,amount,type
0,15:00:22,8.56,0.02,6540,5598240,卖盘
1,14:57:49,8.54,--,0,0,买盘
2,14:57:01,8.54,-0.04,120,102992,卖盘
3,14:56:58,8.58,0.05,1808,1551607,买盘
4,14:56:55,8.53,-0.01,113,96389,卖盘
5,14:56:52,8.54,0.01,131,111873,买盘
6,14:56:49,8.53,--,474,404321,卖盘
7,14:56:46,8.53,-0.01,693,591129,卖盘
8,14:56:43,8.54,0.01,170,145180,买盘
9,14:56:37,8.53,--,82,69946,卖盘
10,14:56:34,8.53,--,125,106624,卖盘
11,14:56:31,8.53,0.01,272,232015,买盘
12,14:56:25,8.52,--,25,21300,买盘
13,14:56:22,8.52,0.01,60,51120,卖盘
14,14:56:19,8.51,--,617,525067,卖盘
15,14:56:13,8.51,-0.01,80,68080,卖盘
16,14:56:10,8.52,--,380,323760,买盘
17,14:56:04,8.52,0.01,657,559764,买盘
18,14:55:58,8.51,--,13,11063,买盘
19,14:55:55,8.51,0.01,108,91908,买盘
20,14:55:46,8.5,0.01,1326,1127304,买盘
21,14:55:43,8.49,-0.01,330,280170,卖盘
22,14:55:40,8.5,--,593,504050,买盘
23,14:55:37,8.5,0.01,2131,1811350,买盘
24,14:55:34,8.49,-0.01,10,8490,卖盘
25,14:55:28,8.5,--,46,39100,买盘
26,14:55:25,8.5,--,10,8500,买盘
27,14:55:22,8.5,0.01,27,22950,买盘
28,14:55:19,8.49,--,219,185931,买盘
29,14:55:16,8.49,--,347,294603,卖盘
30,14:55:13,8.49,--,108,91692,买盘
31,14:55:10,8.49,--,252,213948,买盘
32,14:55:07,8.49,--,1272,1079928,买盘
33,14:55:04,8.49,--,113,95937,买盘
34,14:54:52,8.49,0.01,9,7641,买盘
35,14:54:49,8.48,--,65,55120,卖盘
36,14:54:43,8.48,--,1066,903968,买盘
37,14:54:40,8.48,0.01,22,18656,买盘
38,14:54:37,8.47,-0.01,21,17787,卖盘
39,14:54:31,8.48,--,18,15264,买盘
40,14:54:25,8.48,--,10,8480,买盘
41,14:54:22,8.48,--,60,50880,买盘
42,14:54:19,8.48,0.01,29,24592,买盘
43,14:54:16,8.47,--,10,8470,卖盘
44,14:54:13,8.47,-0.01,268,226996,卖盘
45,14:54:10,8.48,--,103,87344,买盘
46,14:54:07,8.48,--,30,25440,买盘
47,14:54:04,8.48,0.01,25,21200,买盘
48,14:54:01,8.47,-0.01,95,80465,卖盘
49,14:53:58,8.48,--,60,50880,买盘
50,14:53:55,8.48,0.01,26,22048,买盘
51,14:53:52,8.47,-0.01,10,8470,卖盘
52,14:53:43,8.48,--,20,16960,买盘
53,14:53:40,8.48,0.01,50,42400,买盘
54,14:53:37,8.47,--,50,42350,卖盘
55,14:53:31,8.47,-0.01,8,6776,卖盘
56,14:53:28,8.48,--,56,47488,买盘
57,14:53:22,8.48,0.01,137,116176,买盘
58,14:53:16,8.47,--,77,65219,买盘
59,14:53:13,8.47,--,37,31339,买盘
60,14:53:10,8.47,0.01,260,220220,买盘
61,14:53:07,8.46,-0.01,29,24534,卖盘
62,14:53:01,8.47,--,5,4235,买盘
63,14:52:58,8.47,--,297,251559,买盘
64,14:52:55,8.47,-0.01,116,98252,买盘
65,14:52:52,8.48,0.01,144,122112,买盘
66,14:52:49,8.47,-0.01,10,8470,中性盘
67,14:52:46,8.48,0.02,50,42400,买盘
68,14:52:31,8.46,-0.01,760,642960,卖盘
69,14:52:25,8.47,--,26,22022,卖盘
70,14:52:22,8.47,--,308,260876,买盘
71,14:52:13,8.47,--,120,101640,买盘
72,14:52:10,8.47,0.01,60,50820,买盘
73,14:52:01,8.46,--,163,137898,卖盘
74,14:51:55,8.46,-0.01,120,101520,卖盘
75,14:51:52,8.47,--,165,139755,买盘
76,14:51:46,8.47,--,92,77924,买盘
77,14:51:43,8.47,0.01,70,59290,买盘
78,14:51:37,8.46,-0.01,10,8460,卖盘
79,14:51:34,8.47,--,205,173635,卖盘
80,14:51:28,8.47,0.01,260,220220,买盘
81,14:51:25,8.46,-0.01,5,4230,卖盘
82,14:51:22,8.47,0.01,281,238007,买盘
83,14:51:19,8.46,--,11,9306,卖盘
84,14:51:07,8.46,-0.01,15,12690,卖盘
85,14:51:04,8.47,--,275,232925,买盘
86,14:50:58,8.47,0.01,29,24563,买盘
87,14:50:49,8.46,--,21,17766,卖盘
88,14:50:46,8.46,-0.01,44,37224,卖盘
89,14:50:43,8.47,--,1,847,买盘
90,14:50:34,8.47,--,10,8470,买盘
91,14:50:31,8.47,--,31,26257,买盘
92,14:50:28,8.47,0.01,49,41503,买盘
93,14:50:16,8.46,-0.01,4,3384,卖盘
94,14:50:13,8.47,--,5,4235,买盘
95,14:50:01,8.47,0.01,40,33880,买盘
96,14:49:55,8.46,--,23,19458,卖盘
97,14:49:52,8.46,--,18,15228,卖盘
98,14:49:49,8.46,--,72,60912,卖盘
99,14:49:46,8.46,-0.01,5,4230,卖盘
100,14:49:34,8.47,--,3,2541,买盘
101,14:49:25,8.47,--,79,66913,卖盘
102,14:49:04,8.47,-0.01,100,84700,卖盘
103,14:48:55,8.48,--,53,44944,买盘
104,14:48:49,8.48,--,30,25440,买盘
105,14:48:40,8.48,0.01,50,42400,买盘
106,14:48:37,8.47,--,112,94864,卖盘
107,14:48:34,8.47,-0.01,251,212597,卖盘
108,14:48:25,8.48,--,109,92432,买盘
109,14:48:22,8.48,0.01,77,65296,买盘
110,14:48:19,8.47,-0.01,280,237160,卖盘
111,14:48:16,8.48,--,30,25440,买盘
112,14:48:13,8.48,--,23,19504,买盘
113,14:48:10,8.48,--,6,5088,买盘
114,14:48:07,8.48,--,35,29680,买盘
115,14:47:58,8.48,--,5,4240,买盘
116,14:47:55,8.48,--,16,13568,买盘
117,14:47:49,8.48,--,47,39856,卖盘
118,14:47:43,8.48,--,869,736912,买盘
119,14:47:37,8.48,--,20,16960,买盘
120,14:47:31,8.48,--,30,25440,买盘
121,14:47:25,8.48,--,69,58512,卖盘
122,14:47:16,8.48,--,54,45792,卖盘
123,14:47:13,8.48,--,100,84800,卖盘
124,14:47:10,8.48,--,111,94128,卖盘
125,14:46:58,8.48,--,605,513040,买盘
126,14:46:52,8.48,--,82,69536,买盘
127,14:46:43,8.48,--,28,23744,买盘
128,14:46:40,8.48,0.01,42,35616,买盘
129,14:46:34,8.47,-0.01,12,10164,卖盘
130,14:46:28,8.48,0.01,50,42400,买盘
131,14:46:25,8.47,0.01,38,32186,买盘
132,14:46:22,8.46,-0.01,55,46530,卖盘
133,14:46:19,8.47,--,1,847,买盘
134,14:46:10,8.47,--,261,221067,买盘
135,14:46:07,8.47,--,130,110110,买盘
136,14:45:58,8.47,--,11,9317,买盘
137,14:45:52,8.47,--,5,4235,买盘
138,14:45:49,8.47,-0.01,200,169400,卖盘
139,14:45:43,8.48,0.01,33,27984,买盘
140,14:45:40,8.47,-0.01,20,16940,卖盘
141,14:45:37,8.48,0.01,30,25440,买盘
142,14:45:31,8.47,-0.01,3,2541,卖盘
143,14:45:28,8.48,--,4,3392,买盘
144,14:45:25,8.48,--,18,15264,买盘
145,14:44:58,8.48,0.01,28,23744,买盘
146,14:44:55,8.47,-0.01,105,88935,卖盘
147,14:44:49,8.48,0.01,4,3392,买盘
148,14:44:43,8.47,--,16,13552,卖盘
149,14:44:40,8.47,-0.01,50,42350,卖盘
150,14:44:22,8.48,0.01,20,16960,买盘
151,14:44:13,8.47,--,45,38115,卖盘
152,14:44:07,8.47,--,113,95711,卖盘
153,14:44:04,8.47,-0.01,50,42350,卖盘
154,14:44:01,8.48,0.01,1,848,买盘
155,14:43:58,8.47,-0.01,10,8470,卖盘
156,14:43:46,8.48,--,115,97520,买盘
157,14:43:37,8.48,--,2,1696,买盘
158,14:43:31,8.48,--,46,39008,卖盘
159,14:43:25,8.48,-0.01,100,84800,卖盘
160,14:43:22,8.49,0.01,10,8490,买盘
161,14:43:16,8.48,--,141,119568,买盘
162,14:43:10,8.48,--,12,10176,买盘
163,14:43:07,8.48,--,28,23744,买盘
164,14:42:58,8.48,--,54,45792,卖盘
165,14:42:55,8.48,--,93,78864,卖盘
166,14:42:52,8.48,--,5,4240,卖盘
167,14:42:46,8.48,--,53,44944,卖盘
168,14:42:37,8.48,-0.01,5,4240,卖盘
169,14:42:28,8.49,--,123,104427,买盘
170,14:42:22,8.49,0.01,141,119709,买盘
171,14:42:15,8.48,-0.01,19,16112,卖盘
172,14:42:12,8.49,--,261,221589,买盘
173,14:42:03,8.49,--,35,29715,买盘
174,14:42:00,8.49,--,480,407520,买盘
175,14:41:57,8.49,0.01,188,159612,买盘
176,14:41:54,8.48,-0.01,4,3392,卖盘
177,14:41:51,8.49,--,15,12735,买盘
178,14:41:48,8.49,--,10,8490,买盘
179,14:41:45,8.49,--,109,92541,买盘
180,14:41:42,8.49,--,542,460158,卖盘
181,14:41:39,8.49,--,7,5943,卖盘
182,14:41:36,8.49,--,50,42450,卖盘
183,14:41:33,8.49,--,20,16980,卖盘
184,14:41:30,8.49,--,24,20376,卖盘
185,14:41:24,8.49,--,17,14433,卖盘
186,14:41:21,8.49,--,282,239418,买盘
187,14:41:18,8.49,0.01,5,4245,买盘
188,14:41:15,8.48,--,3,2544,卖盘
189,14:41:12,8.48,-0.01,180,152640,卖盘
190,14:41:06,8.49,0.01,257,218193,买盘
191,14:41:03,8.48,-0.01,6,5088,卖盘
192,14:41:00,8.49,0.01,300,254700,买盘
193,14:40:57,8.48,--,10,8480,卖盘
194,14:40:54,8.48,-0.01,9,7632,卖盘
195,14:40:51,8.49,0.01,65,55185,买盘
196,14:40:45,8.48,-0.01,20,16960,卖盘
197,14:40:39,8.49,--,11,9339,买盘
198,14:40:36,8.49,--,46,39054,买盘
199,14:40:33,8.49,0.01,11,9339,买盘
200,14:40:27,8.48,-0.01,2,1696,卖盘
201,14:40:24,8.49,--,100,84900,买盘
202,14:40:21,8.49,--,13,11037,买盘
203,14:40:18,8.49,--,3,2547,买盘
204,14:40:12,8.49,--,286,242814,买盘
205,14:40:09,8.49,0.01,2,1698,买盘
206,14:39:57,8.48,-0.01,20,16960,卖盘
207,14:39:54,8.49,--,111,94239,买盘
208,14:39:51,8.49,0.01,120,101880,买盘
209,14:39:48,8.48,-0.01,91,77168,卖盘
210,14:39:45,8.49,0.01,20,16980,买盘
211,14:39:36,8.48,--,10,8480,卖盘
212,14:39:33,8.48,--,451,382448,买盘
213,14:39:24,8.48,--,290,245920,买盘
214,14:39:21,8.48,0.01,50,42400,买盘
215,14:39:18,8.47,-0.01,12,10164,卖盘
216,14:39:15,8.48,0.01,4,3392,买盘
217,14:39:06,8.47,--,128,108416,买盘
218,14:39:03,8.47,--,98,83006,买盘
219,14:39:00,8.47,--,9,7623,买盘
220,14:38:57,8.47,--,60,50820,买盘
221,14:38:48,8.47,0.01,14,11858,买盘
222,14:38:45,8.46,--,12,10152,买盘
223,14:38:39,8.46,--,62,52452,买盘
224,14:38:36,8.46,--,60,50760,买盘
225,14:38:33,8.46,--,13,10998,买盘
226,14:38:27,8.46,0.01,230,194580,买盘
227,14:38:21,8.45,-0.01,10,8450,卖盘
228,14:38:18,8.46,0.01,2,1692,买盘
229,14:38:09,8.45,-0.01,14,11829,卖盘
230,14:38:03,8.46,--,89,75294,卖盘
231,14:38:00,8.46,--,100,84600,卖盘
232,14:37:54,8.46,--,21,17766,卖盘
233,14:37:51,8.46,--,8,6768,卖盘
234,14:37:39,8.46,--,10,8460,卖盘
235,14:37:36,8.46,--,13,10998,买盘
236,14:37:30,8.46,--,27,22842,卖盘
237,14:37:21,8.46,-0.01,10,8460,卖盘
238,14:37:18,8.47,0.01,15,12705,买盘
239,14:37:15,8.46,--,50,42300,卖盘
240,14:37:12,8.46,-0.01,100,84600,卖盘
241,14:37:09,8.47,--,27,22869,买盘
242,14:37:06,8.47,0.01,131,110957,买盘
243,14:37:03,8.46,--,25,21150,卖盘
244,14:37:00,8.46,-0.01,60,50760,卖盘
245,14:36:48,8.47,--,8,6776,买盘
246,14:36:45,8.47,-0.01,30,25410,买盘
247,14:36:42,8.48,0.01,73,61904,买盘
248,14:36:27,8.47,-0.01,2,1694,卖盘
249,14:36:24,8.48,0.01,19,16112,买盘
250,14:36:18,8.47,--,12,10164,卖盘
251,14:36:15,8.47,--,87,73689,买盘
252,14:36:12,8.47,0.01,90,76230,买盘
253,14:36:06,8.46,-0.01,3,2538,卖盘
254,14:36:03,8.47,-0.01,4,3388,买盘
255,14:36:00,8.48,--,33,27984,买盘
256,14:35:48,8.48,--,89,75472,买盘
257,14:35:39,8.48,0.03,20,16960,买盘
258,14:35:36,8.45,--,19,16054,买盘
259,14:35:33,8.45,-0.04,106,89569,卖盘
260,14:35:30,8.49,0.01,20,16980,买盘
261,14:35:27,8.48,-0.01,7,5936,卖盘
262,14:35:21,8.49,0.04,641,544217,买盘
263,14:35:18,8.45,--,1252,1057940,卖盘
264,14:35:15,8.45,-0.02,550,464749,卖盘
265,14:35:12,8.47,-0.01,562,476014,卖盘
266,14:35:09,8.48,--,566,479968,买盘
267,14:35:06,8.48,0.01,94,79712,买盘
268,14:35:03,8.47,--,6,5082,卖盘
269,14:34:57,8.47,--,30,25410,卖盘
270,14:34:54,8.47,0.02,225,190575,买盘
271,14:34:42,8.45,--,1338,1130610,买盘
272,14:34:39,8.45,--,179,151255,买盘
273,14:34:36,8.45,--,5,4225,买盘
274,14:34:30,8.45,--,70,59149,买盘
275,14:34:27,8.45,0.01,200,169000,买盘
276,14:34:24,8.44,-0.01,2,1688,中性盘
277,14:34:09,8.45,0.01,403,340535,买盘
278,14:34:06,8.44,0.01,68,57392,买盘
279,14:34:03,8.43,--,30,25728,买盘
280,14:34:00,8.43,0.02,1,843,买盘
281,14:33:57,8.41,-0.02,7,5887,卖盘
282,14:33:51,8.43,0.01,295,248685,买盘
283,14:33:45,8.42,--,36,30312,买盘
284,14:33:42,8.42,0.01,9,7578,买盘
285,14:33:33,8.41,--,50,42050,卖盘
286,14:33:30,8.41,--,54,45414,买盘
287,14:33:27,8.41,--,46,38686,买盘
288,14:33:21,8.41,--,7,5887,买盘
289,14:33:18,8.41,--,79,66439,买盘
290,14:33:09,8.41,--,12,10092,买盘
291,14:33:03,8.41,0.01,35,29435,买盘
292,14:33:00,8.4,-0.01,1,840,卖盘
293,14:32:51,8.41,--,5,4205,买盘
294,14:32:45,8.41,0.01,20,16820,买盘
295,14:32:39,8.4,-0.01,60,50400,卖盘
296,14:32:30,8.41,0.01,33,27753,买盘
297,14:32:27,8.4,--,10,8400,卖盘
298,14:32:24,8.4,--,23,19320,买盘
299,14:32:18,8.4,--,5,4200,卖盘
300,14:32:15,8.4,--,6,5040,买盘
301,14:32:00,8.4,0.01,13,10920,买盘
302,14:31:54,8.39,--,10,8390,卖盘
303,14:31:51,8.39,-0.01,85,71315,卖盘
304,14:31:48,8.4,0.01,14,11760,买盘
305,14:31:45,8.39,-0.01,9,7551,卖盘
306,14:31:36,8.4,--,3,2520,买盘
307,14:31:30,8.4,--,15,12600,买盘
308,14:31:24,8.4,--,25,21000,买盘
309,14:31:18,8.4,--,20,16800,买盘
310,14:31:12,8.4,--,28,23520,卖盘
311,14:31:06,8.4,-0.01,100,84000,卖盘
312,14:31:03,8.41,--,20,16820,买盘
313,14:30:42,8.41,--,8,6728,买盘
314,14:30:24,8.41,--,27,22707,买盘
315,14:30:18,8.41,--,32,26912,买盘
316,14:30:15,8.41,--,100,84100,买盘
317,14:30:09,8.41,--,11,9251,买盘
318,14:30:00,8.41,0.01,1,841,买盘
319,14:29:57,8.4,-0.02,2,1680,卖盘
320,14:29:54,8.42,0.02,156,131352,买盘
321,14:29:45,8.4,0.01,50,42000,卖盘
322,14:29:33,8.39,-0.02,20,16780,卖盘
323,14:29:30,8.41,--,20,16820,卖盘
324,14:29:27,8.41,0.01,38,31958,买盘
325,14:29:24,8.4,--,64,53760,买盘
326,14:29:18,8.4,0.01,18,15120,买盘
327,14:29:15,8.39,-0.01,545,457255,卖盘
328,14:29:09,8.4,--,50,42000,买盘
329,14:29:06,8.4,0.01,100,84000,买盘
330,14:29:03,8.39,--,1,839,卖盘
331,14:29:00,8.39,--,44,36916,卖盘
332,14:28:57,8.39,--,50,41950,卖盘
333,14:28:54,8.39,--,235,197165,买盘
334,14:28:45,8.39,0.01,189,158571,买盘
335,14:28:42,8.38,--,6,5028,卖盘
336,14:28:33,8.38,-0.01,76,63688,卖盘
337,14:28:27,8.39,--,8,6712,买盘
338,14:28:12,8.39,0.01,36,30204,买盘
339,14:27:57,8.38,--,4,3352,卖盘
340,14:27:48,8.38,--,12,10056,卖盘
341,14:27:42,8.38,-0.01,6,5028,卖盘
342,14:27:30,8.39,0.01,3,2517,买盘
343,14:27:21,8.38,-0.01,10,8380,卖盘
344,14:27:15,8.39,--,20,16780,买盘
345,14:27:03,8.39,0.01,4,3356,买盘
346,14:27:00,8.38,-0.01,20,16760,卖盘
347,14:26:51,8.39,0.01,2,1678,买盘
348,14:26:39,8.38,--,8,6704,买盘
349,14:26:33,8.38,0.01,147,123186,买盘
350,14:26:24,8.37,--,100,83699,卖盘
351,14:26:21,8.37,--,1,836,卖盘
352,14:26:15,8.37,--,465,389204,买盘
353,14:26:12,8.37,--,50,41849,买盘
354,14:26:06,8.37,--,78,65285,买盘
355,14:26:03,8.37,--,10,8370,买盘
356,14:25:57,8.37,--,29,24272,买盘
357,14:25:54,8.37,--,21,17577,买盘
358,14:25:48,8.37,--,5,4185,买盘
359,14:25:45,8.37,--,30,25109,买盘
360,14:25:42,8.37,0.01,41,34317,买盘
361,14:25:21,8.36,--,5,4180,卖盘
362,14:25:15,8.36,--,10,8360,卖盘
363,14:25:09,8.36,--,14,11704,买盘
364,14:25:06,8.36,0.01,219,183084,买盘
365,14:25:03,8.35,-0.01,59,49265,卖盘
366,14:24:57,8.36,0.01,14,11704,买盘
367,14:24:54,8.35,-0.01,28,23380,卖盘
368,14:24:48,8.36,--,110,91960,买盘
369,14:24:45,8.36,--,15,12540,买盘
370,14:24:42,8.36,--,160,133760,买盘
371,14:24:36,8.36,--,10,8360,买盘
372,14:24:33,8.36,--,62,51832,买盘
373,14:24:30,8.36,--,10,8360,买盘
374,14:24:27,8.36,--,21,17556,买盘
375,14:24:24,8.36,0.01,41,34276,买盘
376,14:24:21,8.35,-0.01,20,16700,卖盘
377,14:24:15,8.36,0.01,42,35112,买盘
378,14:24:09,8.35,-0.01,1,835,卖盘
379,14:24:06,8.36,0.01,11,9196,买盘
380,14:23:47,8.35,--,577,481795,买盘
381,14:23:44,8.35,--,15,12525,买盘
382,14:23:41,8.35,--,315,263025,卖盘
383,14:23:35,8.35,--,68,56780,买盘
384,14:23:32,8.35,0.01,12,10020,买盘
385,14:23:29,8.34,-0.01,45,37530,卖盘
386,14:23:23,8.35,0.01,6,5010,买盘
387,14:23:17,8.34,-0.01,21,17514,卖盘
388,14:23:14,8.35,0.01,20,16700,买盘
389,14:23:08,8.34,-0.01,10,8340,卖盘
390,14:23:02,8.35,0.01,4,3340,买盘
391,14:22:59,8.34,--,7,5838,卖盘
392,14:22:56,8.34,--,70,58380,卖盘
393,14:22:53,8.34,-0.01,224,186816,卖盘
394,14:22:47,8.35,0.02,20,16700,买盘
395,14:22:44,8.33,-0.02,71,59143,卖盘
396,14:22:38,8.35,--,519,433365,买盘
397,14:22:35,8.35,--,122,101870,买盘
398,14:22:32,8.35,--,60,50100,买盘
399,14:22:29,8.35,--,240,200400,买盘
400,14:22:26,8.35,--,10,8350,买盘
401,14:22:23,8.35,--,52,43420,卖盘
402,14:22:17,8.35,--,50,41750,卖盘
403,14:22:14,8.35,--,104,86840,卖盘
404,14:22:11,8.35,--,109,91015,卖盘
405,14:22:02,8.35,--,11,9185,卖盘
406,14:21:59,8.35,--,26,21710,卖盘
407,14:21:56,8.35,-0.01,9,7515,卖盘
408,14:21:53,8.36,0.01,210,175560,买盘
409,14:21:50,8.35,-0.01,114,95190,卖盘
410,14:21:44,8.36,--,5,4180,买盘
411,14:21:41,8.36,--,310,259159,卖盘
412,14:21:35,8.36,--,55,45980,卖盘
413,14:21:23,8.36,--,10,8360,卖盘
414,14:21:20,8.36,-0.01,68,56847,卖盘
415,14:21:17,8.37,--,37,30968,买盘
416,14:21:14,8.37,--,60,50219,买盘
417,14:21:05,8.37,-0.01,10,8370,卖盘
418,14:21:02,8.38,--,106,88828,买盘
419,14:20:59,8.38,--,15,12570,买盘
420,14:20:53,8.38,-0.01,5,4190,买盘
421,14:20:50,8.39,0.01,146,122494,买盘
422,14:20:44,8.38,--,58,48604,卖盘
423,14:20:41,8.38,--,2,1676,卖盘
424,14:20:32,8.38,--,140,117320,卖盘
425,14:20:26,8.38,-0.01,15,12570,卖盘
426,14:20:17,8.39,--,156,130884,卖盘
427,14:20:14,8.39,-0.01,54,45306,卖盘
428,14:20:05,8.4,--,123,103320,买盘
429,14:19:59,8.4,-0.01,251,210840,卖盘
430,14:19:53,8.41,--,297,249777,卖盘
431,14:19:44,8.41,0.01,102,85782,买盘
432,14:19:41,8.4,--,4,3360,卖盘
433,14:19:32,8.4,-0.01,4,3360,卖盘
434,14:19:29,8.41,--,97,81577,卖盘
435,14:19:26,8.41,--,2,1682,卖盘
436,14:19:20,8.41,--,1,841,卖盘
437,14:19:17,8.41,--,179,150539,卖盘
438,14:19:05,8.41,-0.01,1,841,卖盘
439,14:18:59,8.42,--,10,8420,买盘
440,14:18:47,8.42,0.01,11,9262,买盘
441,14:18:44,8.41,-0.01,10,8410,卖盘
442,14:18:17,8.42,-0.01,84,70728,卖盘
443,14:18:08,8.43,0.01,20,16860,买盘
444,14:17:59,8.42,-0.01,30,25260,卖盘
445,14:17:56,8.43,0.01,100,84300,买盘
446,14:17:53,8.42,-0.01,9,7578,卖盘
447,14:17:35,8.43,--,125,105375,卖盘
448,14:17:29,8.43,--,5,4215,卖盘
449,14:17:26,8.43,--,47,39621,买盘
450,14:17:14,8.43,--,10,8430,买盘
451,14:17:08,8.43,0.01,10,8430,买盘
452,14:17:05,8.42,-0.01,1,842,卖盘
453,14:16:59,8.43,--,3,2529,买盘
454,14:16:44,8.43,0.01,7,5901,买盘
455,14:16:41,8.42,-0.01,12,10104,卖盘
456,14:16:35,8.43,0.01,14,11802,买盘
457,14:16:26,8.42,--,1,842,买盘
458,14:16:20,8.42,--,7,5894,买盘
459,14:15:53,8.42,0.01,1,842,买盘
460,14:15:38,8.41,--,1,841,卖盘
461,14:15:35,8.41,--,666,560106,买盘
462,14:15:29,8.41,0.01,50,42050,买盘
463,14:15:26,8.4,-0.01,10,8400,卖盘
464,14:15:23,8.41,0.01,30,25230,买盘
465,14:15:17,8.4,--,3,2520,卖盘
466,14:15:11,8.4,--,51,42840,卖盘
467,14:14:56,8.4,--,10,8400,买盘
468,14:14:53,8.4,0.01,5,4200,买盘
469,14:14:35,8.39,--,36,30204,买盘
470,14:14:32,8.39,0.01,10,8390,买盘
471,14:14:29,8.38,--,17,14706,卖盘
472,14:14:23,8.38,--,1,838,卖盘
473,14:14:20,8.38,--,53,44682,买盘
474,14:14:17,8.38,--,5,4190,买盘
475,14:14:08,8.38,-0.02,78,65933,卖盘
476,14:14:05,8.4,0.01,164,137760,中性盘
477,14:13:56,8.39,-0.01,287,240793,卖盘
478,14:13:53,8.4,0.01,40,33600,买盘
479,14:13:47,8.39,--,105,88363,卖盘
480,14:13:32,8.39,-0.01,11,9229,买盘
481,14:13:17,8.4,0.01,29,24360,卖盘
482,14:13:14,8.39,--,21,17619,买盘
483,14:13:11,8.39,-0.01,182,152698,卖盘
484,14:12:56,8.4,--,9,7560,买盘
485,14:12:47,8.4,--,20,16800,买盘
486,14:12:38,8.4,--,2,1680,卖盘
487,14:12:32,8.4,--,11,9240,卖盘
488,14:12:05,8.4,-0.01,5,4200,卖盘
489,14:12:02,8.41,0.01,20,16820,买盘
490,14:11:53,8.4,0.01,20,16800,买盘
491,14:11:50,8.39,-0.01,76,63764,卖盘
492,14:11:47,8.4,--,31,26040,卖盘
493,14:11:44,8.4,-0.01,16,13440,中性盘
494,14:11:23,8.41,0.02,40,33640,买盘
495,14:11:14,8.39,-0.01,49,41111,卖盘
496,14:10:59,8.4,--,5,4200,卖盘
497,14:10:56,8.4,-0.01,9,7560,卖盘
498,14:10:53,8.41,--,5,4205,买盘
499,14:10:47,8.41,0.01,11,9251,买盘
500,14:10:44,8.4,-0.01,2,1680,卖盘
501,14:10:38,8.41,-0.01,30,25230,卖盘
502,14:10:32,8.42,0.01,17,14314,买盘
503,14:10:11,8.41,--,5,4205,中性盘
504,14:09:56,8.41,--,41,34481,买盘
505,14:09:50,8.41,0.01,3,2523,买盘
506,14:09:20,8.4,0.01,69,57960,买盘
507,14:09:17,8.39,-0.01,10,8390,卖盘
508,14:09:11,8.4,0.01,100,84000,买盘
509,14:09:05,8.39,-0.01,31,26009,卖盘
510,14:08:59,8.4,--,58,48720,买盘
511,14:08:56,8.4,0.01,5,4200,买盘
512,14:08:38,8.39,--,9,7551,卖盘
513,14:08:29,8.39,--,10,8390,卖盘
514,14:08:20,8.39,--,2,1678,卖盘
515,14:08:17,8.39,--,10,8390,卖盘
516,14:08:11,8.39,--,20,16780,卖盘
517,14:08:08,8.39,--,1,839,卖盘
518,14:08:05,8.39,--,3,2517,卖盘
519,14:08:02,8.39,--,261,218979,买盘
520,14:07:59,8.39,--,34,28526,买盘
521,14:07:53,8.39,--,10,8390,买盘
522,14:07:50,8.39,0.02,53,44467,买盘
523,14:07:47,8.37,-0.01,134,112157,卖盘
524,14:07:44,8.38,-0.01,57,47766,卖盘
525,14:07:38,8.39,0.01,19,15941,买盘
526,14:07:35,8.38,-0.02,100,83800,卖盘
527,14:07:26,8.4,--,120,100800,买盘
528,14:07:14,8.4,-0.01,88,73920,卖盘
529,14:07:11,8.41,0.01,17,14297,买盘
530,14:07:08,8.4,--,235,197400,卖盘
531,14:07:05,8.4,-0.01,121,101640,卖盘
532,14:07:02,8.41,0.01,24,20184,买盘
533,14:06:59,8.4,-0.01,32,26880,卖盘
534,14:06:56,8.41,--,1,841,买盘
535,14:06:47,8.41,--,654,550014,卖盘
536,14:06:44,8.41,--,100,84100,卖盘
537,14:06:38,8.41,-0.01,260,218660,卖盘
538,14:06:35,8.42,0.01,2,1684,买盘
539,14:06:29,8.41,--,110,92510,卖盘
540,14:06:26,8.41,--,29,24389,卖盘
541,14:06:23,8.41,--,62,52142,卖盘
542,14:06:20,8.41,--,300,252300,卖盘
543,14:06:17,8.41,--,6,5046,卖盘
544,14:06:14,8.41,--,502,422182,卖盘
545,14:06:11,8.41,-0.01,10,8410,卖盘
546,14:06:05,8.42,0.01,2,1684,买盘
547,14:06:02,8.41,--,110,92510,卖盘
548,14:05:59,8.41,--,12,10092,卖盘
549,14:05:56,8.41,--,50,42050,卖盘
550,14:05:53,8.41,--,90,75690,卖盘
551,14:05:47,8.41,-0.01,100,84100,卖盘
552,14:05:38,8.42,--,127,106934,卖盘
553,14:05:35,8.42,--,5,4210,卖盘
554,14:05:32,8.42,-0.01,45,37890,卖盘
555,14:05:20,8.43,--,48,40464,买盘
556,14:05:13,8.43,--,13,10959,卖盘
557,14:05:10,8.43,--,6,5058,卖盘
558,14:04:52,8.43,--,5,4215,卖盘
559,14:04:43,8.43,--,30,25290,卖盘
560,14:04:37,8.43,-0.01,50,42150,卖盘
561,14:04:34,8.44,0.01,6,5064,买盘
562,14:04:31,8.43,--,7,5901,卖盘
563,14:04:07,8.43,--,38,32034,买盘
564,14:04:04,8.43,--,41,34563,买盘
565,14:03:58,8.43,--,117,98631,买盘
566,14:03:55,8.43,--,35,29505,买盘
567,14:03:40,8.43,--,10,8430,买盘
568,14:03:37,8.43,--,15,12645,买盘
569,14:03:07,8.43,--,9,7587,买盘
570,14:03:01,8.43,--,6,5058,买盘
571,14:02:58,8.43,0.01,182,153426,买盘
572,14:02:55,8.42,--,98,82516,卖盘
573,14:02:46,8.42,-0.01,5,4210,卖盘
574,14:02:43,8.43,--,20,16860,买盘
575,14:02:40,8.43,--,4,3372,买盘
576,14:02:28,8.43,0.01,40,33720,买盘
577,14:02:19,8.42,-0.01,4,3368,卖盘
578,14:02:10,8.43,--,10,8430,买盘
579,14:02:04,8.43,--,10,8430,买盘
580,14:01:58,8.43,0.01,62,52266,买盘
581,14:01:40,8.42,--,7,5894,卖盘
582,14:01:34,8.42,--,30,25260,卖盘
583,14:01:31,8.42,--,20,16840,卖盘
584,14:01:16,8.42,-0.02,50,42100,卖盘
585,14:01:04,8.44,0.02,15,12660,买盘
586,14:00:58,8.42,--,86,72412,卖盘
587,14:00:52,8.42,-0.01,2,1684,卖盘
588,14:00:34,8.43,0.01,30,25290,中性盘
589,14:00:25,8.42,-0.02,23,19366,卖盘
590,14:00:16,8.44,0.02,8,6752,中性盘
591,14:00:07,8.42,-0.02,234,197028,卖盘
592,13:59:40,8.44,-0.02,600,506399,卖盘
593,13:59:31,8.46,-0.01,60,50760,卖盘
594,13:59:28,8.47,0.01,8,6776,买盘
595,13:59:19,8.46,-0.01,48,40608,卖盘
596,13:59:16,8.47,--,41,34727,卖盘
597,13:59:13,8.47,--,18,15246,卖盘
598,13:59:10,8.47,--,3,2541,卖盘
599,13:58:58,8.47,--,133,112651,卖盘
600,13:58:52,8.47,--,100,84700,卖盘
601,13:58:46,8.47,--,500,423500,卖盘
602,13:58:40,8.47,0.01,205,173635,买盘
603,13:58:22,8.46,-0.01,7,5922,卖盘
604,13:58:16,8.47,--,26,22022,买盘
605,13:57:49,8.47,--,32,27104,买盘
606,13:57:43,8.47,--,9,7623,买盘
607,13:57:37,8.47,--,206,174482,卖盘
608,13:57:28,8.47,--,20,16940,卖盘
609,13:57:25,8.47,--,30,25410,卖盘
610,13:57:22,8.47,--,5,4235,卖盘
611,13:56:58,8.47,--,130,110110,卖盘
612,13:56:55,8.47,--,44,37268,卖盘
613,13:56:49,8.47,--,5,4235,卖盘
614,13:56:25,8.47,-0.01,85,71995,卖盘
615,13:56:07,8.48,--,115,97520,买盘
616,13:55:58,8.48,0.01,1,848,买盘
617,13:55:55,8.47,-0.01,5,4235,卖盘
618,13:55:52,8.48,0.01,5,4240,买盘
619,13:55:46,8.47,--,4,3388,卖盘
620,13:55:37,8.47,0.01,12,10164,买盘
621,13:55:31,8.46,--,1,846,卖盘
622,13:55:28,8.46,--,20,16920,卖盘
623,13:55:25,8.46,-0.01,5,4230,中性盘
624,13:55:19,8.47,0.01,3,2541,买盘
625,13:55:16,8.46,--,151,127746,买盘
626,13:55:01,8.46,0.01,10,8460,买盘
627,13:54:55,8.45,--,25,21125,卖盘
628,13:54:40,8.45,-0.01,73,61684,卖盘
629,13:54:37,8.46,--,493,417078,买盘
630,13:54:31,8.46,--,48,40608,卖盘
631,13:54:22,8.46,-0.02,50,42300,卖盘
632,13:54:07,8.48,0.01,302,256096,买盘
633,13:54:04,8.47,--,15,12705,买盘
634,13:53:58,8.47,--,87,73689,卖盘
635,13:53:55,8.47,--,8,6776,卖盘
636,13:53:52,8.47,-0.01,102,86394,卖盘
637,13:53:40,8.48,--,127,107696,卖盘
638,13:53:37,8.48,--,50,42400,卖盘
639,13:53:28,8.48,--,34,28832,卖盘
640,13:53:25,8.48,--,32,27136,卖盘
641,13:53:22,8.48,--,19,16112,卖盘
642,13:53:19,8.48,--,20,16960,卖盘
643,13:53:16,8.48,--,6,5088,卖盘
644,13:53:10,8.48,--,10,8480,卖盘
645,13:53:07,8.48,-0.01,50,42400,卖盘
646,13:53:04,8.49,--,20,16980,买盘
647,13:52:55,8.49,--,189,160461,卖盘
648,13:52:52,8.49,--,29,24621,卖盘
649,13:52:49,8.49,--,35,29715,卖盘
650,13:52:46,8.49,--,20,16980,卖盘
651,13:52:43,8.49,--,188,159612,买盘
652,13:52:31,8.49,-0.01,7,5943,买盘
653,13:52:28,8.5,0.01,361,306850,买盘
654,13:52:25,8.49,--,60,50940,卖盘
655,13:52:22,8.49,--,50,42450,卖盘
656,13:52:19,8.49,--,31,26319,卖盘
657,13:52:16,8.49,--,29,24621,卖盘
658,13:52:07,8.49,-0.01,6,5094,卖盘
659,13:52:01,8.5,--,15,12750,买盘
660,13:51:49,8.5,0.01,22,18700,买盘
661,13:51:31,8.49,--,10,8490,卖盘
662,13:51:25,8.49,--,12,10188,卖盘
663,13:51:19,8.49,--,15,12735,卖盘
664,13:51:16,8.49,--,3,2547,买盘
665,13:51:10,8.49,--,4,3396,买盘
666,13:51:07,8.49,--,57,48393,买盘
667,13:51:04,8.49,--,90,76410,买盘
668,13:50:52,8.49,--,156,132444,买盘
669,13:50:49,8.49,--,668,567132,买盘
670,13:50:43,8.49,0.01,40,33960,买盘
671,13:50:37,8.48,--,57,48336,卖盘
672,13:50:28,8.48,--,15,12720,卖盘
673,13:50:07,8.48,--,20,16960,卖盘
674,13:50:04,8.48,--,107,90736,买盘
675,13:50:01,8.48,0.01,109,92432,买盘
676,13:49:31,8.47,--,50,42350,卖盘
677,13:49:28,8.47,--,1,847,卖盘
678,13:49:25,8.47,--,35,29645,卖盘
679,13:49:13,8.47,--,26,22022,买盘
680,13:49:04,8.47,-0.01,39,33033,卖盘
681,13:48:55,8.48,0.01,197,167056,买盘
682,13:48:37,8.47,0.01,51,43197,买盘
683,13:48:34,8.46,-0.02,7,5922,卖盘
684,13:48:31,8.48,0.01,3,2544,买盘
685,13:48:22,8.47,--,8,6776,卖盘
686,13:48:19,8.47,--,10,8470,卖盘
687,13:48:16,8.47,-0.01,43,36421,卖盘
688,13:48:01,8.48,0.01,1,848,买盘
689,13:47:58,8.47,--,7,5929,卖盘
690,13:47:55,8.47,-0.01,36,30492,卖盘
691,13:47:52,8.48,--,1,848,买盘
692,13:47:49,8.48,0.01,2,1696,买盘
693,13:47:43,8.47,--,58,49126,卖盘
694,13:47:40,8.47,--,85,71995,卖盘
695,13:47:31,8.47,--,10,8470,卖盘
696,13:47:25,8.47,-0.01,83,70301,卖盘
697,13:47:07,8.48,--,10,8480,买盘
698,13:46:46,8.48,0.01,21,17808,买盘
699,13:46:31,8.47,--,8,6776,卖盘
700,13:46:25,8.47,--,30,25410,卖盘
701,13:46:01,8.47,-0.01,22,18634,卖盘
702,13:45:58,8.48,0.01,10,8480,买盘
703,13:45:27,8.47,--,7,5929,卖盘
704,13:45:24,8.47,-0.01,118,99946,卖盘
705,13:45:18,8.48,--,10,8480,买盘
706,13:45:06,8.48,--,2,1696,买盘
707,13:45:00,8.48,--,228,193344,卖盘
708,13:44:51,8.48,--,5,4240,卖盘
709,13:44:48,8.48,--,24,20352,卖盘
710,13:44:42,8.48,--,10,8480,卖盘
711,13:44:27,8.48,--,100,84800,卖盘
712,13:44:12,8.48,0.01,66,55968,买盘
713,13:44:09,8.47,--,120,101640,卖盘
714,13:44:03,8.47,--,30,25410,卖盘
715,13:43:57,8.47,--,50,42350,卖盘
716,13:43:48,8.47,--,7,5929,卖盘
717,13:43:39,8.47,-0.01,100,84700,卖盘
718,13:43:24,8.48,--,59,50032,买盘
719,13:43:18,8.48,--,138,117024,卖盘
720,13:43:15,8.48,--,10,8480,卖盘
721,13:43:09,8.48,--,61,51728,卖盘
722,13:43:06,8.48,-0.01,1,848,卖盘
723,13:42:51,8.49,0.01,82,69618,买盘
724,13:42:45,8.48,-0.01,3,2544,卖盘
725,13:42:39,8.49,0.01,80,67920,买盘
726,13:42:36,8.48,-0.01,497,421456,卖盘
727,13:42:33,8.49,0.01,7,5943,买盘
728,13:42:30,8.48,--,5,4240,卖盘
729,13:42:27,8.48,--,8,6784,卖盘
730,13:42:18,8.48,-0.01,20,16960,卖盘
731,13:42:15,8.49,-0.01,31,26319,中性盘
732,13:42:03,8.5,0.01,88,74800,买盘
733,13:41:51,8.49,--,20,16980,卖盘
734,13:41:45,8.49,-0.01,1,849,卖盘
735,13:41:39,8.5,0.01,47,39950,买盘
736,13:41:33,8.49,--,1,849,卖盘
737,13:41:30,8.49,--,5,4245,卖盘
738,13:41:24,8.49,-0.01,1,849,卖盘
739,13:41:21,8.5,0.01,120,102000,买盘
740,13:41:18,8.49,--,2,1698,买盘
741,13:41:15,8.49,0.01,38,32262,中性盘
742,13:41:09,8.48,--,12,10176,买盘
743,13:41:06,8.48,-0.02,342,290016,卖盘
744,13:41:03,8.5,--,40,34000,买盘
745,13:40:57,8.5,0.01,81,68850,买盘
746,13:40:54,8.49,-0.01,32,27168,卖盘
747,13:40:51,8.5,0.01,30,25500,买盘
748,13:40:48,8.49,--,20,16980,卖盘
749,13:40:42,8.49,--,6,5094,卖盘
750,13:40:39,8.49,--,3,2547,买盘
751,13:40:36,8.49,0.01,175,148575,买盘
752,13:40:30,8.48,-0.01,27,22896,卖盘
753,13:40:24,8.49,--,20,16980,买盘
754,13:40:18,8.49,--,268,227532,买盘
755,13:40:15,8.49,--,38,32262,买盘
756,13:40:12,8.49,0.01,5,4245,买盘
757,13:40:09,8.48,-0.01,200,169600,卖盘
758,13:40:06,8.49,0.01,1,849,买盘
759,13:40:00,8.48,--,52,44096,卖盘
760,13:39:57,8.48,--,3,2544,买盘
761,13:39:54,8.48,0.01,21,17808,买盘
762,13:39:48,8.47,-0.01,76,64372,卖盘
763,13:39:48,8.48,--,172,145856,买盘
764,13:39:45,8.48,--,26,22048,买盘
765,13:39:39,8.48,--,122,103456,买盘
766,13:39:36,8.48,--,367,311216,买盘
767,13:39:33,8.48,--,13,11024,买盘
768,13:39:18,8.48,--,18,15264,买盘
769,13:39:15,8.48,0.01,12,10176,买盘
770,13:39:12,8.47,-0.01,53,44891,卖盘
771,13:39:09,8.48,0.01,101,85648,买盘
772,13:38:54,8.47,--,62,52514,卖盘
773,13:38:48,8.47,--,60,50820,卖盘
774,13:38:45,8.47,--,118,99946,卖盘
775,13:38:42,8.47,0.01,174,147742,买盘
776,13:38:39,8.46,--,4,3384,卖盘
777,13:38:30,8.46,-0.01,184,155664,卖盘
778,13:38:27,8.47,--,60,50820,买盘
779,13:38:24,8.47,0.01,45,38115,买盘
780,13:38:06,8.46,--,79,66834,买盘
781,13:37:57,8.46,0.01,200,169200,买盘
782,13:37:54,8.45,--,15,12674,卖盘
783,13:37:51,8.45,--,20,16900,卖盘
784,13:37:45,8.45,-0.01,34,28729,卖盘
785,13:37:42,8.46,--,45,38070,买盘
786,13:37:39,8.46,--,5,4230,买盘
787,13:37:36,8.46,0.01,311,263106,买盘
788,13:37:33,8.45,-0.01,3,2535,卖盘
789,13:37:18,8.46,0.01,52,43992,买盘
790,13:37:15,8.45,--,50,42250,买盘
791,13:37:12,8.45,--,25,21125,买盘
792,13:37:09,8.45,--,10,8450,买盘
793,13:37:00,8.45,-0.01,201,169845,卖盘
794,13:36:48,8.46,--,20,16920,买盘
795,13:36:36,8.46,--,20,16920,买盘
796,13:36:24,8.46,0.01,21,17766,买盘
797,13:36:15,8.45,0.01,1,844,卖盘
798,13:36:12,8.44,-0.01,7,5908,卖盘
799,13:36:06,8.45,--,30,25349,买盘
800,13:36:00,8.45,--,33,27884,买盘
801,13:35:57,8.45,--,50,42250,买盘
802,13:35:51,8.45,--,50,42250,买盘
803,13:35:33,8.45,--,100,84500,买盘
804,13:35:27,8.45,--,20,16900,买盘
805,13:35:24,8.45,0.01,42,35490,买盘
806,13:35:18,8.44,--,10,8440,卖盘
807,13:35:12,8.44,-0.01,43,36292,卖盘
808,13:35:06,8.45,--,10,8450,买盘
809,13:35:03,8.45,--,20,16900,买盘
810,13:34:45,8.45,--,105,88724,买盘
811,13:34:39,8.45,--,10,8450,买盘
812,13:34:36,8.45,0.01,45,38025,买盘
813,13:34:33,8.44,--,20,16880,卖盘
814,13:34:24,8.44,--,45,37980,卖盘
815,13:34:03,8.44,0.01,21,17724,买盘
816,13:34:00,8.43,-0.01,43,36249,卖盘
817,13:33:51,8.44,--,5,4220,卖盘
818,13:33:48,8.44,--,25,21100,卖盘
819,13:33:45,8.44,-0.01,195,164580,卖盘
820,13:33:42,8.45,0.01,1,844,买盘
821,13:33:36,8.44,-0.01,1,844,卖盘
822,13:33:30,8.45,0.01,20,16900,买盘
823,13:33:27,8.44,-0.01,10,8440,卖盘
824,13:33:21,8.45,--,6,5070,卖盘
825,13:33:18,8.45,--,17,14364,卖盘
826,13:33:12,8.45,--,164,138580,卖盘
827,13:33:06,8.45,-0.01,2,1689,卖盘
828,13:32:48,8.46,--,2,1692,卖盘
829,13:32:42,8.46,--,5,4230,卖盘
830,13:32:39,8.46,--,67,56682,卖盘
831,13:32:36,8.46,--,8,6768,卖盘
832,13:32:33,8.46,--,10,8460,卖盘
833,13:32:30,8.46,0.01,8,6768,买盘
834,13:32:24,8.45,--,10,8450,卖盘
835,13:32:21,8.45,--,5,4225,卖盘
836,13:32:18,8.45,--,110,92949,卖盘
837,13:32:12,8.45,-0.01,2,1689,卖盘
838,13:32:06,8.46,--,18,15228,买盘
839,13:31:51,8.46,--,11,9306,买盘
840,13:31:45,8.46,--,116,98136,买盘
841,13:31:36,8.46,-0.01,162,137052,卖盘
842,13:31:30,8.47,--,74,62678,买盘
843,13:31:27,8.47,0.01,20,16940,买盘
844,13:31:24,8.46,--,61,51606,卖盘
845,13:31:21,8.46,-0.01,1,846,卖盘
846,13:31:18,8.47,--,14,11858,买盘
847,13:31:06,8.47,0.01,154,130438,买盘
848,13:30:57,8.46,--,50,42300,卖盘
849,13:30:51,8.46,--,74,62604,买盘
850,13:30:48,8.46,--,233,197118,买盘
851,13:30:42,8.46,--,7,5922,买盘
852,13:30:36,8.46,--,121,102366,买盘
853,13:30:27,8.46,0.01,2,1692,买盘
854,13:30:09,8.45,--,90,76050,卖盘
855,13:29:54,8.45,-0.01,30,25349,卖盘
856,13:29:36,8.46,0.01,14,11844,买盘
857,13:29:33,8.45,--,104,87879,卖盘
858,13:29:27,8.45,--,5,4225,卖盘
859,13:29:18,8.45,--,110,92949,卖盘
860,13:29:12,8.45,--,26,21969,卖盘
861,13:29:09,8.45,--,21,17745,卖盘
862,13:29:00,8.45,--,40,33800,卖盘
863,13:28:54,8.45,--,90,76050,卖盘
864,13:28:51,8.45,--,2,1689,卖盘
865,13:28:42,8.45,--,30,25349,卖盘
866,13:28:33,8.45,--,1,844,卖盘
867,13:28:27,8.45,--,50,42250,卖盘
868,13:28:15,8.45,--,20,16900,卖盘
869,13:28:12,8.45,--,2,1689,卖盘
870,13:28:00,8.45,--,40,33800,卖盘
871,13:27:51,8.45,--,211,178294,卖盘
872,13:27:42,8.45,--,6,5070,卖盘
873,13:27:39,8.45,0.01,3,2535,中性盘
874,13:27:36,8.44,-0.01,227,191588,卖盘
875,13:27:12,8.45,-0.01,93,78585,卖盘
876,13:27:09,8.46,--,107,90522,买盘
877,13:27:00,8.46,--,35,29610,买盘
878,13:26:57,8.46,-0.02,116,98136,卖盘
879,13:26:50,8.48,0.01,236,200128,买盘
880,13:26:44,8.47,--,75,63525,卖盘
881,13:26:41,8.47,--,99,83853,卖盘
882,13:26:38,8.47,--,93,78771,卖盘
883,13:26:35,8.47,--,140,118580,卖盘
884,13:26:32,8.47,0.01,106,89782,买盘
885,13:26:29,8.46,-0.01,12,10152,卖盘
886,13:26:26,8.47,0.01,144,121968,买盘
887,13:26:23,8.46,-0.01,50,42300,卖盘
888,13:26:20,8.47,0.01,10,8470,买盘
889,13:26:17,8.46,-0.01,40,33840,卖盘
890,13:26:11,8.47,0.01,21,17787,买盘
891,13:26:08,8.46,--,20,16920,卖盘
892,13:26:05,8.46,--,37,31302,卖盘
893,13:26:02,8.46,--,1,846,卖盘
894,13:25:53,8.46,-0.01,10,8460,卖盘
895,13:25:50,8.47,--,89,75383,买盘
896,13:25:47,8.47,--,20,16940,买盘
897,13:25:44,8.47,--,100,84700,买盘
898,13:25:41,8.47,--,9,7623,买盘
899,13:25:38,8.47,--,128,108416,买盘
900,13:25:35,8.47,--,20,16940,买盘
901,13:25:32,8.47,--,257,217679,买盘
902,13:25:29,8.47,--,17,14399,买盘
903,13:25:26,8.47,-0.01,161,136367,卖盘
904,13:25:23,8.48,0.01,81,68688,买盘
905,13:25:20,8.47,--,50,42350,卖盘
906,13:25:08,8.47,--,127,107569,买盘
907,13:25:02,8.47,--,11,9317,买盘
908,13:24:59,8.47,0.01,107,90629,买盘
909,13:24:56,8.46,-0.01,20,16920,卖盘
910,13:24:53,8.47,0.01,295,249865,买盘
911,13:24:47,8.46,--,20,16920,卖盘
912,13:24:44,8.46,-0.01,47,39762,卖盘
913,13:24:41,8.47,0.01,215,182105,买盘
914,13:24:26,8.46,0.01,462,390852,买盘
915,13:24:23,8.45,0.01,119,100554,买盘
916,13:24:20,8.44,--,62,52328,卖盘
917,13:24:14,8.44,-0.01,100,84400,卖盘
918,13:24:11,8.45,0.01,10,8450,买盘
919,13:24:02,8.44,--,121,102664,买盘
920,13:23:53,8.44,0.01,153,129131,买盘
921,13:23:47,8.43,--,22,18546,卖盘
922,13:23:32,8.43,--,20,16860,买盘
923,13:23:26,8.43,--,4,3372,卖盘
924,13:23:20,8.43,--,26,21918,买盘
925,13:23:17,8.43,--,26,21918,买盘
926,13:23:08,8.43,--,26,21918,卖盘
927,13:22:59,8.43,--,10,8430,卖盘
928,13:22:53,8.43,0.01,27,22761,中性盘
929,13:22:35,8.42,--,504,424368,卖盘
930,13:22:32,8.42,--,20,16840,卖盘
931,13:22:26,8.42,--,20,16840,卖盘
932,13:22:17,8.42,--,14,11788,卖盘
933,13:22:02,8.42,--,37,31154,卖盘
934,13:21:56,8.42,--,1,842,卖盘
935,13:21:50,8.42,--,10,8420,卖盘
936,13:21:44,8.42,--,20,16840,卖盘
937,13:21:29,8.42,--,36,30312,卖盘
938,13:21:26,8.42,--,5,4210,卖盘
939,13:21:23,8.42,--,3,2526,卖盘
940,13:21:20,8.42,--,10,8420,卖盘
941,13:21:17,8.42,-0.01,3,2526,卖盘
942,13:21:11,8.43,--,15,12645,买盘
943,13:21:08,8.43,--,9,7587,买盘
944,13:20:50,8.43,-0.01,55,46365,卖盘
945,13:20:47,8.44,0.01,12,10128,买盘
946,13:20:41,8.43,--,304,256272,卖盘
947,13:20:38,8.43,-0.01,21,17703,卖盘
948,13:20:26,8.44,--,5,4220,买盘
949,13:20:20,8.44,--,42,35448,买盘
950,13:20:08,8.44,--,92,77648,买盘
951,13:20:05,8.44,--,16,13504,买盘
952,13:20:02,8.44,--,16,13504,买盘
953,13:19:47,8.44,--,10,8440,买盘
954,13:19:41,8.44,--,23,19412,买盘
955,13:19:38,8.44,--,2,1688,买盘
956,13:19:35,8.44,0.01,20,16880,买盘
957,13:19:32,8.43,--,1,843,卖盘
958,13:19:08,8.43,--,55,46365,买盘
959,13:19:05,8.43,--,40,33720,买盘
960,13:18:59,8.43,--,50,42150,买盘
961,13:18:56,8.43,--,50,42150,买盘
962,13:18:53,8.43,0.01,5,4215,买盘
963,13:18:47,8.42,--,1,842,卖盘
964,13:18:41,8.42,--,5,4210,卖盘
965,13:18:38,8.42,--,119,100198,买盘
966,13:18:35,8.42,0.01,50,42100,买盘
967,13:18:26,8.41,--,30,25230,卖盘
968,13:18:05,8.41,-0.01,50,42050,卖盘
969,13:18:02,8.42,0.01,50,42100,买盘
970,13:17:56,8.41,-0.01,2,1682,卖盘
971,13:17:50,8.42,--,50,42100,买盘
972,13:17:35,8.42,0.01,20,16840,买盘
973,13:17:29,8.41,-0.01,5,4205,卖盘
974,13:17:20,8.42,--,1,842,买盘
975,13:17:05,8.42,--,98,82516,买盘
976,13:16:59,8.42,-0.01,212,178504,卖盘
977,13:16:56,8.43,--,10,8430,买盘
978,13:16:53,8.43,--,19,16017,买盘
979,13:16:47,8.43,--,30,25290,买盘
980,13:16:44,8.43,--,6,5058,买盘
981,13:16:38,8.43,--,71,59853,买盘
982,13:16:35,8.43,0.01,3,2529,买盘
983,13:16:32,8.42,-0.01,20,16840,卖盘
984,13:16:26,8.43,--,18,15174,买盘
985,13:16:20,8.43,--,139,117177,卖盘
986,13:16:17,8.43,--,86,72498,买盘
987,13:16:11,8.43,--,34,28662,卖盘
988,13:16:05,8.43,--,128,107904,买盘
989,13:16:02,8.43,--,138,116334,买盘
990,13:15:59,8.43,--,25,21075,买盘
991,13:15:56,8.43,0.01,10,8430,买盘
992,13:15:47,8.42,-0.01,5,4210,卖盘
993,13:15:44,8.43,--,49,41307,卖盘
994,13:15:38,8.43,--,2,1686,卖盘
995,13:15:35,8.43,0.01,349,294207,买盘
996,13:15:29,8.42,--,100,84200,买盘
997,13:15:26,8.42,--,100,84200,买盘
998,13:15:23,8.42,--,61,51362,卖盘
999,13:15:17,8.42,--,177,149034,买盘
1000,13:15:14,8.42,--,5,4210,买盘
1001,13:15:11,8.42,--,126,106092,买盘
1002,13:15:08,8.42,--,1,842,买盘
1003,13:15:02,8.42,0.01,10,8420,买盘
1004,13:14:59,8.41,-0.01,24,20184,卖盘
1005,13:14:56,8.42,--,15,12630,买盘
1006,13:14:53,8.42,0.01,12,10104,买盘
1007,13:14:50,8.41,--,96,80794,买盘
1008,13:14:38,8.41,--,26,22648,卖盘
1009,13:14:26,8.41,--,9,7569,卖盘
1010,13:14:23,8.41,0.03,186,156484,买盘
1011,13:13:50,8.38,-0.03,243,203634,卖盘
1012,13:13:44,8.41,-0.01,10,8410,卖盘
1013,13:13:41,8.42,-0.01,243,204606,卖盘
1014,13:13:32,8.43,--,10,8430,买盘
1015,13:13:20,8.43,0.01,23,19389,买盘
1016,13:13:17,8.42,0.01,157,132194,买盘
1017,13:13:14,8.41,-0.01,10,8410,卖盘
1018,13:13:11,8.42,0.01,70,58940,买盘
1019,13:13:08,8.41,--,1,841,卖盘
1020,13:13:05,8.41,-0.01,52,43732,卖盘
1021,13:13:02,8.42,--,231,194502,买盘
1022,13:12:56,8.42,0.01,91,76622,买盘
1023,13:12:50,8.41,--,50,42050,卖盘
1024,13:12:44,8.41,--,309,259869,买盘
1025,13:12:38,8.41,--,20,16820,买盘
1026,13:12:32,8.41,0.01,11,9251,买盘
1027,13:12:20,8.4,--,20,16800,卖盘
1028,13:12:14,8.4,-0.01,100,84000,卖盘
1029,13:12:05,8.41,--,15,12615,买盘
1030,13:12:02,8.41,--,5,4205,买盘
1031,13:11:59,8.41,--,101,84941,买盘
1032,13:11:53,8.41,--,13,10933,买盘
1033,13:11:41,8.41,--,70,58870,卖盘
1034,13:11:32,8.41,--,15,12615,卖盘
1035,13:11:26,8.41,--,20,16820,卖盘
1036,13:11:17,8.41,0.01,105,88305,买盘
1037,13:11:14,8.4,--,1,840,卖盘
1038,13:11:05,8.4,0.01,332,278880,买盘
1039,13:10:56,8.39,--,11,9229,买盘
1040,13:10:50,8.39,--,2,1678,买盘
1041,13:10:47,8.39,--,5,4195,买盘
1042,13:10:41,8.39,0.02,30,25170,中性盘
1043,13:09:32,8.37,--,9,7532,卖盘
1044,13:09:29,8.37,-0.03,1,836,卖盘
1045,13:09:17,8.4,0.02,119,99960,买盘
1046,13:09:05,8.38,0.01,26,21788,买盘
1047,13:08:53,8.37,-0.01,33,27620,卖盘
1048,13:08:47,8.38,--,3,2514,买盘
1049,13:08:41,8.38,--,35,29330,买盘
1050,13:08:23,8.38,--,4,3352,买盘
1051,13:08:13,8.38,--,2,1676,买盘
1052,13:08:10,8.38,--,2,1676,买盘
1053,13:07:43,8.38,0.02,20,16760,买盘
1054,13:07:34,8.36,--,28,23408,卖盘
1055,13:07:19,8.36,-0.01,1,836,卖盘
1056,13:07:16,8.37,0.01,1,836,买盘
1057,13:07:01,8.36,--,63,52668,买盘
1058,13:06:58,8.36,--,4,3344,买盘
1059,13:06:52,8.36,0.01,5,4180,买盘
1060,13:06:22,8.35,--,58,48430,买盘
1061,13:06:16,8.35,--,3,2505,买盘
1062,13:06:07,8.35,-0.01,20,16700,卖盘
1063,13:06:04,8.36,--,4,3344,买盘
1064,13:05:58,8.36,0.02,19,15883,买盘
1065,13:05:55,8.34,-0.02,488,406992,卖盘
1066,13:05:46,8.36,--,8,6688,买盘
1067,13:05:37,8.36,--,2,1672,买盘
1068,13:05:31,8.36,--,9,7523,买盘
1069,13:05:19,8.36,--,96,80256,卖盘
1070,13:05:07,8.36,-0.01,10,8360,卖盘
1071,13:04:55,8.37,0.01,4,3347,买盘
1072,13:04:49,8.36,--,1,836,卖盘
1073,13:04:40,8.36,--,69,57683,买盘
1074,13:04:25,8.36,--,11,9196,卖盘
1075,13:04:16,8.36,--,10,8360,卖盘
1076,13:03:49,8.36,--,26,21736,卖盘
1077,13:03:46,8.36,--,50,41800,卖盘
1078,13:03:40,8.36,-0.01,93,77748,卖盘
1079,13:03:37,8.37,0.01,10,8370,买盘
1080,13:03:22,8.36,-0.01,1,836,卖盘
1081,13:03:04,8.37,0.01,98,82025,中性盘
1082,13:02:52,8.36,-0.02,357,298452,卖盘
1083,13:02:43,8.38,--,10,8380,买盘
1084,13:02:40,8.38,-0.01,6,5028,卖盘
1085,13:02:37,8.39,0.01,26,21814,买盘
1086,13:02:13,8.38,--,2,1676,中性盘
1087,13:01:40,8.38,--,30,25140,卖盘
1088,13:01:34,8.38,-0.01,60,50280,卖盘
1089,13:01:25,8.39,0.01,10,8390,买盘
1090,13:01:22,8.38,--,1,838,卖盘
1091,13:01:19,8.38,-0.01,20,16760,卖盘
1092,13:00:58,8.39,--,20,16780,买盘
1093,13:00:40,8.39,0.01,18,15102,买盘
1094,13:00:04,8.38,0.01,485,406430,买盘
1095,11:29:51,8.37,--,31,25946,卖盘
1096,11:29:42,8.37,-0.01,19,15902,卖盘
1097,11:29:17,8.38,--,30,25140,买盘
1098,11:29:14,8.38,--,50,41900,买盘
1099,11:28:35,8.38,--,5,4190,买盘
1100,11:28:20,8.38,--,100,83800,卖盘
1101,11:28:17,8.38,--,1,838,卖盘
1102,11:28:08,8.38,-0.01,30,25140,卖盘
1103,11:28:05,8.39,--,6,5034,买盘
1104,11:27:50,8.39,0.01,14,11746,买盘
1105,11:27:44,8.38,--,10,8380,卖盘
1106,11:27:14,8.38,--,100,83800,卖盘
1107,11:27:08,8.38,-0.01,54,45252,卖盘
1108,11:27:05,8.39,0.01,52,43628,买盘
1109,11:26:44,8.38,--,5,4190,卖盘
1110,11:26:35,8.38,--,30,25140,卖盘
1111,11:26:29,8.38,--,151,126538,买盘
1112,11:26:14,8.38,0.01,5,4190,买盘
1113,11:26:11,8.37,-0.01,62,51893,卖盘
1114,11:26:05,8.38,--,1,838,买盘
1115,11:25:59,8.38,--,10,8380,买盘
1116,11:25:50,8.38,0.01,40,33520,买盘
1117,11:25:29,8.37,--,11,9207,卖盘
1118,11:25:26,8.37,--,101,84536,卖盘
1119,11:25:20,8.37,--,7,5858,卖盘
1120,11:24:59,8.37,--,8,6695,卖盘
1121,11:24:50,8.37,--,70,58589,卖盘
1122,11:24:17,8.37,--,9,7532,买盘
1123,11:24:11,8.37,--,100,83699,买盘
1124,11:24:05,8.37,--,14,11717,买盘
1125,11:23:50,8.37,0.01,39,32642,买盘
1126,11:23:44,8.36,--,22,18392,卖盘
1127,11:23:41,8.36,--,17,14211,卖盘
1128,11:23:38,8.36,-0.01,5,4180,卖盘
1129,11:23:29,8.37,0.01,4,3347,买盘
1130,11:23:11,8.36,-0.01,100,83600,卖盘
1131,11:22:56,8.37,--,20,16740,买盘
1132,11:22:53,8.37,0.01,20,16740,买盘
1133,11:22:50,8.36,-0.01,105,87780,卖盘
1134,11:22:38,8.37,-0.01,1,836,中性盘
1135,11:22:29,8.38,--,1,838,买盘
1136,11:22:23,8.38,--,69,57822,买盘
1137,11:22:14,8.38,0.02,80,67040,买盘
1138,11:22:05,8.36,-0.01,30,25080,卖盘
1139,11:21:56,8.37,-0.01,2,1673,卖盘
1140,11:21:53,8.38,0.02,89,74582,买盘
1141,11:21:50,8.36,--,5,4180,买盘
1142,11:21:47,8.36,-0.01,821,686356,卖盘
1143,11:21:41,8.37,--,9,7532,卖盘
1144,11:21:35,8.37,--,2,1673,卖盘
1145,11:21:32,8.37,--,21,17577,买盘
1146,11:21:29,8.37,0.01,20,16740,买盘
1147,11:21:26,8.36,-0.01,20,16720,卖盘
1148,11:21:17,8.37,--,10,8370,买盘
1149,11:21:14,8.37,--,60,50219,买盘
1150,11:21:11,8.37,--,21,17577,买盘
1151,11:21:08,8.37,0.01,22,18414,买盘
1152,11:20:56,8.36,-0.01,24,20064,卖盘
1153,11:20:53,8.37,--,2,1673,买盘
1154,11:20:50,8.37,--,234,195857,买盘
1155,11:20:44,8.37,--,76,63611,卖盘
1156,11:20:41,8.37,--,3,2510,卖盘
1157,11:20:26,8.37,--,50,41849,卖盘
1158,11:20:14,8.37,--,126,105461,买盘
1159,11:20:11,8.37,--,1,836,买盘
1160,11:20:02,8.37,--,30,25109,买盘
1161,11:19:59,8.37,--,200,167399,买盘
1162,11:19:50,8.37,0.01,5,4185,买盘
1163,11:19:47,8.36,--,5,4180,卖盘
1164,11:19:44,8.36,-0.01,3,2508,卖盘
1165,11:19:41,8.37,0.01,106,88721,买盘
1166,11:19:23,8.36,--,1,836,卖盘
1167,11:19:17,8.36,--,137,114531,买盘
1168,11:19:11,8.36,--,2,1672,买盘
1169,11:19:08,8.36,0.01,3,2508,买盘
1170,11:18:56,8.35,-0.01,100,83500,卖盘
1171,11:18:47,8.36,0.01,32,26752,买盘
1172,11:18:41,8.35,0.01,100,83500,中性盘
1173,11:18:29,8.34,-0.01,596,497064,卖盘
1174,11:18:26,8.35,--,323,269705,买盘
1175,11:18:23,8.35,--,16,13360,买盘
1176,11:18:20,8.35,--,2,1670,买盘
1177,11:18:14,8.35,--,57,47595,买盘
1178,11:18:11,8.35,--,5,4175,买盘
1179,11:18:08,8.35,--,21,17535,买盘
1180,11:18:05,8.35,--,35,29225,买盘
1181,11:18:02,8.35,--,10,8350,买盘
1182,11:17:50,8.35,-0.01,23,19205,中性盘
1183,11:17:44,8.36,0.02,148,123727,买盘
1184,11:17:41,8.34,--,682,568788,卖盘
1185,11:17:32,8.34,-0.02,10,8340,卖盘
1186,11:17:29,8.36,0.01,487,407132,买盘
1187,11:17:23,8.35,--,10,8350,卖盘
1188,11:17:17,8.35,0.01,110,91850,买盘
1189,11:17:08,8.34,--,5,4170,卖盘
1190,11:17:05,8.34,--,15,12510,卖盘
1191,11:17:02,8.34,0.01,308,256872,买盘
1192,11:16:59,8.33,-0.01,27,22491,卖盘
1193,11:16:56,8.34,--,10,8340,买盘
1194,11:16:50,8.34,--,100,83400,买盘
1195,11:16:47,8.34,-0.02,113,94242,卖盘
1196,11:16:41,8.36,--,10,8360,卖盘
1197,11:16:38,8.36,0.01,731,611116,买盘
1198,11:16:35,8.35,-0.01,10,8350,卖盘
1199,11:16:29,8.36,0.01,52,43472,买盘
1200,11:16:23,8.35,--,500,417500,卖盘
1201,11:16:20,8.35,--,170,141950,卖盘
1202,11:16:17,8.35,-0.01,42,35070,卖盘
1203,11:16:14,8.36,0.01,1,836,买盘
1204,11:16:11,8.35,-0.01,13,10855,卖盘
1205,11:16:02,8.36,-0.01,957,800052,卖盘
1206,11:15:59,8.37,--,31,25946,卖盘
1207,11:15:56,8.37,--,172,143964,卖盘
1208,11:15:50,8.37,--,1,836,卖盘
1209,11:15:41,8.37,--,100,83699,卖盘
1210,11:15:38,8.37,--,18,15065,卖盘
1211,11:15:35,8.37,--,10,8370,卖盘
1212,11:15:26,8.37,-0.01,494,413477,卖盘
1213,11:15:23,8.38,-0.01,3,2514,卖盘
1214,11:15:11,8.39,--,24,20136,卖盘
1215,11:15:05,8.39,--,9,7551,卖盘
1216,11:15:02,8.39,--,1,839,卖盘
1217,11:14:59,8.39,--,100,83900,卖盘
1218,11:14:56,8.39,--,119,99841,卖盘
1219,11:14:53,8.39,-0.01,72,60408,卖盘
1220,11:14:38,8.4,--,60,50400,买盘
1221,11:14:35,8.4,--,2,1680,买盘
1222,11:14:29,8.4,--,115,96600,卖盘
1223,11:14:23,8.4,--,5,4200,卖盘
1224,11:13:59,8.4,--,2,1680,中性盘
1225,11:13:50,8.4,0.01,100,84000,买盘
1226,11:13:44,8.39,-0.02,150,125850,卖盘
1227,11:13:26,8.41,0.01,171,143811,买盘
1228,11:13:23,8.4,0.01,7,5880,买盘
1229,11:13:17,8.39,--,100,83900,卖盘
1230,11:13:08,8.39,-0.01,587,492493,卖盘
1231,11:13:02,8.4,--,1,840,买盘
1232,11:12:44,8.4,--,100,84000,买盘
1233,11:12:23,8.4,0.01,100,84000,买盘
1234,11:12:17,8.39,-0.01,20,16780,卖盘
1235,11:12:02,8.4,--,65,54600,买盘
1236,11:11:59,8.4,0.01,9,7560,买盘
1237,11:11:47,8.39,-0.01,135,113265,卖盘
1238,11:11:38,8.4,--,4,3360,买盘
1239,11:11:35,8.4,0.01,56,47040,买盘
1240,11:11:23,8.39,--,430,360770,买盘
1241,11:11:20,8.39,--,5,4195,买盘
1242,11:11:17,8.39,0.01,5,4195,买盘
1243,11:11:11,8.38,-0.01,8,6704,卖盘
1244,11:11:08,8.39,--,43,36077,买盘
1245,11:11:02,8.39,--,5,4195,买盘
1246,11:10:56,8.39,--,5,4195,买盘
1247,11:10:50,8.39,0.01,10,8390,买盘
1248,11:10:44,8.38,-0.01,5,4190,卖盘
1249,11:10:26,8.39,--,3,2517,卖盘
1250,11:10:23,8.39,--,20,16780,卖盘
1251,11:10:20,8.39,--,185,155215,卖盘
1252,11:10:14,8.39,--,50,41950,卖盘
1253,11:10:10,8.39,-0.01,10,8390,卖盘
1254,11:10:01,8.4,0.01,10,8400,买盘
1255,11:09:46,8.39,--,100,83900,卖盘
1256,11:09:34,8.39,--,13,10907,卖盘
1257,11:09:25,8.39,--,1,839,卖盘
1258,11:09:22,8.39,0.01,30,25170,中性盘
1259,11:09:13,8.38,-0.01,20,16760,卖盘
1260,11:09:10,8.39,--,5,4195,卖盘
1261,11:09:07,8.39,0.01,65,54535,买盘
1262,11:08:52,8.38,-0.01,140,117320,卖盘
1263,11:08:49,8.39,0.01,11,9229,买盘
1264,11:08:46,8.38,-0.01,189,158382,卖盘
1265,11:08:37,8.39,--,57,47823,买盘
1266,11:08:28,8.39,--,10,8390,买盘
1267,11:08:25,8.39,--,10,8390,买盘
1268,11:08:10,8.39,--,168,140952,卖盘
1269,11:07:28,8.39,--,20,16780,卖盘
1270,11:07:25,8.39,--,18,15102,买盘
1271,11:07:07,8.39,--,2,1678,买盘
1272,11:07:01,8.39,0.01,10,8390,买盘
1273,11:06:52,8.38,-0.01,135,113130,卖盘
1274,11:06:49,8.39,0.01,2,1678,中性盘
1275,11:06:43,8.38,-0.02,15,12570,卖盘
1276,11:06:37,8.4,0.02,10,8400,买盘
1277,11:06:22,8.38,--,10,8380,卖盘
1278,11:06:13,8.38,--,7,5866,买盘
1279,11:06:07,8.38,--,2,1676,买盘
1280,11:06:04,8.38,--,19,15922,买盘
1281,11:05:58,8.38,--,13,10894,买盘
1282,11:05:52,8.38,--,10,8380,卖盘
1283,11:05:49,8.38,0.01,50,41900,中性盘
1284,11:05:13,8.37,-0.01,132,110483,卖盘
1285,11:05:04,8.38,-0.01,72,60336,卖盘
1286,11:05:01,8.39,--,162,135918,买盘
1287,11:04:46,8.39,--,3,2517,卖盘
1288,11:04:37,8.39,-0.01,13,10907,卖盘
1289,11:04:31,8.4,0.01,60,50400,买盘
1290,11:04:28,8.39,--,180,151020,卖盘
1291,11:04:25,8.39,--,31,26009,卖盘
1292,11:04:19,8.39,--,145,121655,卖盘
1293,11:04:10,8.39,--,27,22653,卖盘
1294,11:04:01,8.39,-0.01,30,25170,卖盘
1295,11:03:55,8.4,--,28,23520,卖盘
1296,11:03:37,8.4,-0.02,31,26040,卖盘
1297,11:03:28,8.42,0.01,3,2526,买盘
1298,11:03:13,8.41,--,2,1682,卖盘
1299,11:03:07,8.41,--,4,3364,卖盘
1300,11:02:58,8.41,--,4,3364,卖盘
1301,11:02:43,8.41,--,2,1682,卖盘
1302,11:02:31,8.41,--,5,4205,卖盘
1303,11:02:25,8.41,-0.01,9,7569,卖盘
1304,11:02:22,8.42,--,5,4210,买盘
1305,11:02:07,8.42,--,72,60624,卖盘
1306,11:01:58,8.42,-0.01,195,164190,卖盘
1307,11:01:49,8.43,--,1,843,买盘
1308,11:01:16,8.43,--,18,15174,卖盘
1309,11:00:28,8.43,--,21,17703,买盘
1310,11:00:13,8.43,--,6,5058,买盘
1311,11:00:10,8.43,--,34,28662,卖盘
1312,11:00:04,8.43,--,25,21075,买盘
1313,10:59:52,8.43,0.01,14,11802,买盘
1314,10:59:28,8.42,--,20,16840,卖盘
1315,10:58:55,8.42,-0.01,11,9262,卖盘
1316,10:58:22,8.43,--,12,10116,卖盘
1317,10:58:19,8.43,--,25,21075,卖盘
1318,10:58:13,8.43,--,93,78399,买盘
1319,10:58:04,8.43,--,70,59010,买盘
1320,10:57:49,8.43,0.01,10,8430,买盘
1321,10:57:34,8.42,--,4,3368,卖盘
1322,10:57:25,8.42,-0.01,14,11788,卖盘
1323,10:57:22,8.43,--,20,16860,买盘
1324,10:57:07,8.43,--,1,843,买盘
1325,10:57:01,8.43,--,46,38778,卖盘
1326,10:56:55,8.43,--,38,32034,卖盘
1327,10:56:52,8.43,--,10,8430,买盘
1328,10:56:49,8.43,--,40,33720,卖盘
1329,10:56:25,8.43,--,60,50580,买盘
1330,10:56:13,8.43,--,5,4215,买盘
1331,10:56:07,8.43,--,10,8430,买盘
1332,10:56:04,8.43,--,100,84300,买盘
1333,10:56:01,8.43,-0.01,25,21075,卖盘
1334,10:55:37,8.44,0.01,30,25320,买盘
1335,10:55:25,8.43,0.01,40,33720,买盘
1336,10:55:22,8.42,--,102,85884,卖盘
1337,10:55:10,8.42,--,10,8420,卖盘
1338,10:55:07,8.42,-0.01,5,4210,卖盘
1339,10:55:04,8.43,0.02,150,126450,买盘
1340,10:54:40,8.41,0.01,63,52983,卖盘
1341,10:54:28,8.4,-0.01,59,49560,卖盘
1342,10:54:16,8.41,--,2,1682,卖盘
1343,10:54:07,8.41,-0.02,10,8410,卖盘
1344,10:54:04,8.43,0.01,2,1686,买盘
1345,10:54:01,8.42,0.01,8,6736,买盘
1346,10:53:58,8.41,-0.01,11,9251,卖盘
1347,10:53:40,8.42,0.02,20,16840,买盘
1348,10:53:28,8.4,--,100,84000,卖盘
1349,10:53:19,8.4,--,20,16800,卖盘
1350,10:53:16,8.4,--,12,10080,卖盘
1351,10:52:58,8.4,--,2,1680,卖盘
1352,10:52:43,8.4,--,10,8400,卖盘
1353,10:52:37,8.4,--,1,840,卖盘
1354,10:52:31,8.4,--,17,14280,卖盘
1355,10:52:22,8.4,--,5,4200,卖盘
1356,10:52:19,8.4,-0.01,60,50400,卖盘
1357,10:52:16,8.41,--,63,52983,买盘
1358,10:51:58,8.41,--,8,6728,买盘
1359,10:51:55,8.41,-0.01,383,322885,卖盘
1360,10:51:40,8.42,-0.01,46,38732,卖盘
1361,10:51:22,8.43,0.02,26,21918,买盘
1362,10:51:19,8.41,-0.02,517,434855,卖盘
1363,10:51:16,8.43,--,70,59010,卖盘
1364,10:51:10,8.43,--,6,5058,卖盘
1365,10:51:07,8.43,--,16,13488,卖盘
1366,10:51:01,8.43,0.01,191,161013,买盘
1367,10:50:52,8.42,--,100,84200,卖盘
1368,10:50:40,8.42,-0.01,2,1684,卖盘
1369,10:50:37,8.43,0.01,15,12645,买盘
1370,10:50:22,8.42,-0.01,23,19366,卖盘
1371,10:50:13,8.43,--,27,22761,卖盘
1372,10:50:07,8.43,--,6,5058,卖盘
1373,10:50:01,8.43,--,10,8430,卖盘
1374,10:49:48,8.43,0.01,19,16017,买盘
1375,10:49:45,8.42,-0.01,19,15998,卖盘
1376,10:49:36,8.43,0.01,25,21075,买盘
1377,10:49:33,8.42,-0.01,25,21050,卖盘
1378,10:49:24,8.43,0.02,11,9273,买盘
1379,10:48:57,8.41,-0.01,20,16820,卖盘
1380,10:48:48,8.42,0.01,15,12630,买盘
1381,10:48:21,8.41,-0.01,21,17661,卖盘
1382,10:48:12,8.42,--,4,3368,买盘
1383,10:48:09,8.42,--,6,5052,买盘
1384,10:47:54,8.42,--,20,16840,买盘
1385,10:47:48,8.42,-0.01,21,17682,卖盘
1386,10:47:30,8.43,0.01,2,1686,买盘
1387,10:47:27,8.42,--,4,3368,卖盘
1388,10:47:15,8.42,--,5,4210,中性盘
1389,10:47:09,8.42,0.01,10,8420,中性盘
1390,10:46:51,8.41,-0.03,51,42891,卖盘
1391,10:46:45,8.44,0.03,600,506399,买盘
1392,10:46:42,8.41,--,55,46255,卖盘
1393,10:46:39,8.41,-0.01,35,29435,卖盘
1394,10:46:33,8.42,0.01,1,842,买盘
1395,10:46:30,8.41,-0.02,10,8410,卖盘
1396,10:46:18,8.43,0.03,23,19389,买盘
1397,10:46:03,8.4,-0.01,200,168000,卖盘
1398,10:45:57,8.41,-0.02,153,128673,卖盘
1399,10:45:54,8.43,0.01,50,42150,买盘
1400,10:45:51,8.42,--,3,2526,卖盘
1401,10:45:45,8.42,-0.01,80,67360,卖盘
1402,10:45:39,8.43,-0.01,1,843,卖盘
1403,10:45:33,8.44,--,30,25320,买盘
1404,10:45:30,8.44,--,50,42200,买盘
1405,10:45:18,8.44,0.01,410,346040,买盘
1406,10:45:12,8.43,--,212,178716,卖盘
1407,10:45:03,8.43,--,5,4215,买盘
1408,10:44:51,8.43,0.01,50,42150,买盘
1409,10:44:45,8.42,-0.01,1,842,卖盘
1410,10:44:30,8.43,--,119,100317,买盘
1411,10:44:24,8.43,--,2,1686,买盘
1412,10:44:21,8.43,--,40,33720,买盘
1413,10:44:15,8.43,0.01,16,13488,买盘
1414,10:44:03,8.42,--,4,3368,卖盘
1415,10:43:54,8.42,--,83,69886,买盘
1416,10:43:51,8.42,--,49,41258,卖盘
1417,10:43:48,8.42,--,6,5052,卖盘
1418,10:43:36,8.42,--,50,42100,卖盘
1419,10:43:30,8.42,--,1,842,卖盘
1420,10:43:24,8.42,0.01,17,14314,买盘
1421,10:43:21,8.41,--,181,152221,卖盘
1422,10:43:09,8.41,-0.01,36,30276,卖盘
1423,10:43:06,8.42,--,179,150718,买盘
1424,10:43:03,8.42,--,5,4210,买盘
1425,10:42:51,8.42,0.01,15,12630,买盘
1426,10:42:45,8.41,-0.01,3,2523,卖盘
1427,10:42:39,8.42,0.01,1,842,买盘
1428,10:42:21,8.41,--,6,5046,卖盘
1429,10:42:18,8.41,-0.01,30,25230,卖盘
1430,10:42:09,8.42,--,11,9262,买盘
1431,10:42:06,8.42,--,5,4210,买盘
1432,10:41:57,8.42,--,1,842,买盘
1433,10:41:51,8.42,-0.01,50,42100,卖盘
1434,10:41:45,8.43,0.01,51,42993,买盘
1435,10:41:33,8.42,-0.01,104,87568,卖盘
1436,10:41:30,8.43,--,17,14331,卖盘
1437,10:41:15,8.43,--,5,4215,卖盘
1438,10:41:12,8.43,--,33,27819,买盘
1439,10:41:09,8.43,-0.01,10,8430,卖盘
1440,10:41:03,8.44,--,28,23632,买盘
1441,10:40:57,8.44,--,4,3376,买盘
1442,10:40:51,8.44,--,6,5064,买盘
1443,10:40:45,8.44,0.01,855,721620,买盘
1444,10:40:36,8.43,-0.01,46,38778,卖盘
1445,10:40:33,8.44,--,14,11816,买盘
1446,10:40:30,8.44,0.01,14,11816,买盘
1447,10:40:24,8.43,--,21,17703,卖盘
1448,10:40:21,8.43,-0.01,5,4215,卖盘
1449,10:40:18,8.44,--,1,844,买盘
1450,10:40:12,8.44,--,20,16880,买盘
1451,10:40:03,8.44,--,4,3376,买盘
1452,10:39:39,8.44,--,5,4220,买盘
1453,10:39:27,8.44,--,5,4220,买盘
1454,10:39:21,8.44,--,86,72887,卖盘
1455,10:39:18,8.44,-0.01,20,16880,卖盘
1456,10:39:15,8.45,0.01,13,10984,买盘
1457,10:39:12,8.44,--,90,75960,卖盘
1458,10:39:09,8.44,--,263,221972,卖盘
1459,10:39:03,8.44,-0.01,25,21100,卖盘
1460,10:39:00,8.45,0.01,52,43939,买盘
1461,10:38:57,8.44,-0.01,30,25320,卖盘
1462,10:38:48,8.45,--,10,8450,买盘
1463,10:38:45,8.45,--,46,38870,买盘
1464,10:38:39,8.45,--,201,169845,买盘
1465,10:38:27,8.45,--,30,25349,买盘
1466,10:38:18,8.45,0.01,50,42250,买盘
1467,10:38:06,8.44,0.01,97,82408,买盘
1468,10:37:51,8.43,0.01,377,317811,买盘
1469,10:37:48,8.42,-0.01,172,144824,卖盘
1470,10:37:45,8.43,0.01,62,52266,买盘
1471,10:37:36,8.42,-0.01,50,42100,卖盘
1472,10:37:33,8.43,--,192,161856,买盘
1473,10:37:21,8.43,0.02,37,31191,买盘
1474,10:37:06,8.41,-0.02,10,8410,卖盘
1475,10:37:00,8.43,--,40,33720,买盘
1476,10:36:57,8.43,--,10,8430,买盘
1477,10:36:48,8.43,--,3,2529,买盘
1478,10:36:45,8.43,--,2,1686,买盘
1479,10:36:36,8.43,0.02,10,8430,买盘
1480,10:36:30,8.41,-0.02,39,32799,卖盘
1481,10:36:24,8.43,0.02,10,8430,买盘
1482,10:36:18,8.41,-0.03,10,8410,卖盘
1483,10:36:15,8.44,--,41,34604,买盘
1484,10:35:57,8.44,0.02,606,511463,买盘
1485,10:35:45,8.42,0.02,60,50520,买盘
1486,10:35:33,8.4,-0.01,7,5880,卖盘
1487,10:35:24,8.41,--,40,33640,买盘
1488,10:35:21,8.41,--,10,8410,买盘
1489,10:35:12,8.41,--,60,50460,买盘
1490,10:35:09,8.41,0.01,113,95033,买盘
1491,10:35:06,8.4,-0.02,25,21000,卖盘
1492,10:35:03,8.42,0.02,104,87568,买盘
1493,10:34:57,8.4,-0.01,11,9240,卖盘
1494,10:34:51,8.41,0.01,12,10092,买盘
1495,10:34:39,8.4,--,94,78960,卖盘
1496,10:34:27,8.4,0.01,771,647824,买盘
1497,10:34:15,8.39,--,5,4195,买盘
1498,10:34:12,8.39,0.01,9,7551,买盘
1499,10:33:51,8.38,--,198,165924,买盘
1500,10:33:33,8.38,--,114,95532,卖盘
1501,10:33:27,8.38,--,18,15084,卖盘
1502,10:33:24,8.38,0.01,368,308384,买盘
1503,10:33:15,8.37,--,11,9207,卖盘
1504,10:33:12,8.37,--,66,55241,买盘
1505,10:33:09,8.37,0.01,260,217619,买盘
1506,10:33:06,8.36,-0.01,10,8360,卖盘
1507,10:33:03,8.37,0.01,27,22598,买盘
1508,10:33:00,8.36,-0.01,8,6688,卖盘
1509,10:32:48,8.37,--,7,5858,买盘
1510,10:32:45,8.37,--,31,25946,卖盘
1511,10:32:42,8.37,-0.01,3,2510,卖盘
1512,10:32:39,8.38,0.01,38,31844,买盘
1513,10:32:33,8.37,--,180,150660,卖盘
1514,10:32:27,8.37,-0.01,3,2510,卖盘
1515,10:32:18,8.38,--,42,35196,买盘
1516,10:32:03,8.38,0.01,220,184360,买盘
1517,10:31:57,8.37,-0.01,9,7532,卖盘
1518,10:31:39,8.38,--,8,6704,买盘
1519,10:31:35,8.38,0.01,30,25140,买盘
1520,10:31:32,8.37,--,13,10880,卖盘
1521,10:31:23,8.37,-0.01,5,4185,卖盘
1522,10:31:20,8.38,--,95,79610,买盘
1523,10:31:14,8.38,--,50,41900,买盘
1524,10:31:02,8.38,-0.01,172,144136,卖盘
1525,10:30:50,8.39,--,15,12585,卖盘
1526,10:30:47,8.39,0.01,11,9229,买盘
1527,10:30:44,8.38,--,10,8380,卖盘
1528,10:30:41,8.38,--,2,1676,卖盘
1529,10:30:32,8.38,-0.01,104,87152,卖盘
1530,10:30:29,8.39,--,5,4195,卖盘
1531,10:30:23,8.39,--,11,9229,买盘
1532,10:30:20,8.39,--,104,87256,买盘
1533,10:30:08,8.39,0.01,13,10907,买盘
1534,10:30:02,8.38,-0.01,25,20950,卖盘
1535,10:29:56,8.39,--,20,16780,买盘
1536,10:29:50,8.39,--,15,12585,卖盘
1537,10:29:41,8.39,--,3,2517,卖盘
1538,10:29:29,8.39,-0.01,20,16780,卖盘
1539,10:29:26,8.4,0.01,5,4200,买盘
1540,10:29:23,8.39,--,22,18458,卖盘
1541,10:29:20,8.39,--,16,13424,卖盘
1542,10:29:17,8.39,-0.01,30,25170,卖盘
1543,10:29:02,8.4,--,44,36960,买盘
1544,10:28:56,8.4,0.01,15,12600,买盘
1545,10:28:50,8.39,-0.01,1,839,卖盘
1546,10:28:47,8.4,--,25,21000,买盘
1547,10:28:44,8.4,0.01,50,42000,买盘
1548,10:28:41,8.39,--,10,8390,买盘
1549,10:28:38,8.39,-0.01,26,21839,卖盘
1550,10:28:35,8.4,0.01,4,3360,买盘
1551,10:28:29,8.39,--,23,19297,卖盘
1552,10:28:26,8.39,--,12,10068,卖盘
1553,10:28:14,8.39,--,29,24331,卖盘
1554,10:28:08,8.39,--,5,4195,卖盘
1555,10:28:05,8.39,--,5,4195,卖盘
1556,10:28:02,8.39,--,20,16780,卖盘
1557,10:27:56,8.39,--,30,25170,卖盘
1558,10:27:50,8.39,-0.01,20,16780,卖盘
1559,10:27:47,8.4,--,203,170520,买盘
1560,10:27:41,8.4,--,30,25200,买盘
1561,10:27:38,8.4,--,231,194040,卖盘
1562,10:27:32,8.4,--,3,2520,卖盘
1563,10:27:29,8.4,--,5,4200,卖盘
1564,10:27:23,8.4,--,304,255360,卖盘
1565,10:27:17,8.4,0.01,10,8400,中性盘
1566,10:27:14,8.39,-0.02,27,23466,卖盘
1567,10:27:11,8.41,0.02,270,227070,买盘
1568,10:27:08,8.39,--,5,4195,卖盘
1569,10:27:02,8.39,-0.01,7,5873,卖盘
1570,10:26:59,8.4,--,11,9240,买盘
1571,10:26:53,8.4,--,120,100800,买盘
1572,10:26:44,8.4,0.01,3,2520,买盘
1573,10:26:29,8.39,--,22,18458,卖盘
1574,10:26:26,8.39,--,26,21814,卖盘
1575,10:26:17,8.39,--,11,9229,买盘
1576,10:26:11,8.39,--,24,20136,买盘
1577,10:26:05,8.39,--,403,338117,买盘
1578,10:25:56,8.39,--,5,4195,买盘
1579,10:25:50,8.39,0.01,100,83900,买盘
1580,10:25:47,8.38,0.01,335,280730,买盘
1581,10:25:38,8.37,--,5,4185,卖盘
1582,10:25:35,8.37,--,144,120527,买盘
1583,10:25:29,8.37,--,10,8370,买盘
1584,10:25:23,8.37,--,52,43523,买盘
1585,10:25:20,8.37,--,20,16740,买盘
1586,10:25:17,8.37,0.01,20,16740,买盘
1587,10:25:14,8.36,-0.01,46,38456,卖盘
1588,10:25:11,8.37,--,50,41849,买盘
1589,10:25:08,8.37,--,20,16740,买盘
1590,10:25:05,8.37,--,57,47708,买盘
1591,10:25:02,8.37,--,301,251936,买盘
1592,10:24:56,8.37,--,34,28457,买盘
1593,10:24:50,8.37,--,54,45197,买盘
1594,10:24:44,8.37,-0.01,10,8370,中性盘
1595,10:24:20,8.38,0.01,5,4190,买盘
1596,10:24:17,8.37,0.01,29,24272,中性盘
1597,10:24:02,8.36,--,88,73568,买盘
1598,10:23:59,8.36,-0.01,12,10032,卖盘
1599,10:23:56,8.37,--,2,1673,买盘
1600,10:23:53,8.37,0.01,219,183302,买盘
1601,10:23:47,8.36,--,100,83600,卖盘
1602,10:23:44,8.36,-0.01,50,41800,卖盘
1603,10:23:38,8.37,--,3,2510,买盘
1604,10:23:32,8.37,--,40,33480,卖盘
1605,10:23:17,8.37,--,60,50219,买盘
1606,10:23:08,8.37,--,81,67797,买盘
1607,10:23:02,8.37,--,10,8370,买盘
1608,10:22:56,8.37,--,226,189161,卖盘
1609,10:22:53,8.37,-0.01,10,8370,卖盘
1610,10:22:50,8.38,0.01,6,5028,买盘
1611,10:22:41,8.37,-0.01,42,35154,卖盘
1612,10:22:35,8.38,--,23,19274,买盘
1613,10:22:29,8.38,--,114,95532,买盘
1614,10:22:20,8.38,--,75,62850,买盘
1615,10:22:11,8.38,--,1,838,买盘
1616,10:22:08,8.38,--,72,60336,买盘
1617,10:22:05,8.38,--,47,39386,买盘
1618,10:22:02,8.38,0.01,5,4190,买盘
1619,10:21:59,8.37,--,4,3347,卖盘
1620,10:21:53,8.37,--,61,51056,卖盘
1621,10:21:50,8.37,--,10,8370,卖盘
1622,10:21:44,8.37,--,10,8370,卖盘
1623,10:21:38,8.37,0.02,254,212597,买盘
1624,10:21:35,8.35,-0.01,28,23380,卖盘
1625,10:21:32,8.36,--,1,836,买盘
1626,10:21:29,8.36,--,46,38456,买盘
1627,10:21:26,8.36,0.01,13,10868,买盘
1628,10:21:14,8.35,-0.01,120,100200,卖盘
1629,10:21:08,8.36,0.01,14,11704,买盘
1630,10:21:02,8.35,--,45,37575,卖盘
1631,10:20:56,8.35,-0.01,8,6680,卖盘
1632,10:20:53,8.36,--,3,2508,买盘
1633,10:20:50,8.36,--,95,79420,买盘
1634,10:20:47,8.36,0.01,137,114531,买盘
1635,10:20:35,8.35,--,1031,860885,买盘
1636,10:20:29,8.35,--,62,51770,买盘
1637,10:20:26,8.35,--,7,5845,买盘
1638,10:20:23,8.35,0.01,55,45925,买盘
1639,10:20:20,8.34,-0.01,5,4170,卖盘
1640,10:20:17,8.35,--,21,17535,买盘
1641,10:20:14,8.35,--,60,50100,买盘
1642,10:20:11,8.35,--,33,27555,买盘
1643,10:20:08,8.35,--,12,10020,买盘
1644,10:20:02,8.35,--,42,35070,买盘
1645,10:19:59,8.35,--,55,45925,买盘
1646,10:19:53,8.35,0.01,43,35905,买盘
1647,10:19:44,8.34,-0.01,82,68388,中性盘
1648,10:19:41,8.35,0.01,307,256345,买盘
1649,10:19:38,8.34,--,96,80064,卖盘
1650,10:19:35,8.34,0.01,43,35862,中性盘
1651,10:19:32,8.33,-0.02,71,59143,卖盘
1652,10:19:29,8.35,0.01,1,835,买盘
1653,10:19:26,8.34,--,89,74226,卖盘
1654,10:19:23,8.34,0.01,6,5004,买盘
1655,10:19:20,8.33,-0.02,20,16660,卖盘
1656,10:19:17,8.35,--,10,8350,买盘
1657,10:19:14,8.35,0.02,15,12525,买盘
1658,10:19:11,8.33,--,13,10829,中性盘
1659,10:19:05,8.33,-0.02,55,45815,卖盘
1660,10:18:59,8.35,0.02,2,1670,买盘
1661,10:18:53,8.33,-0.02,22,18326,中性盘
1662,10:18:50,8.35,-0.01,60,50100,卖盘
1663,10:18:41,8.36,0.06,100,83600,买盘
1664,10:18:38,8.3,-0.01,717,595110,卖盘
1665,10:18:35,8.31,-0.02,1539,1278909,卖盘
1666,10:18:32,8.33,-0.03,1520,1266160,卖盘
1667,10:18:26,8.36,0.01,2,1672,买盘
1668,10:18:20,8.35,--,142,118570,卖盘
1669,10:18:17,8.35,--,163,136272,卖盘
1670,10:18:14,8.35,--,140,116900,买盘
1671,10:18:08,8.35,--,60,50100,买盘
1672,10:18:05,8.35,-0.01,208,173680,卖盘
1673,10:18:02,8.36,--,55,45980,买盘
1674,10:17:59,8.36,0.01,178,148808,买盘
1675,10:17:56,8.35,--,37,30895,卖盘
1676,10:17:50,8.35,--,647,540245,卖盘
1677,10:17:44,8.35,-0.01,181,151135,卖盘
1678,10:17:41,8.36,0.01,83,69388,买盘
1679,10:17:35,8.35,-0.01,46,38410,卖盘
1680,10:17:32,8.36,-0.01,10,8360,卖盘
1681,10:17:29,8.37,--,100,83699,买盘
1682,10:17:26,8.37,0.01,56,46871,买盘
1683,10:17:23,8.36,--,1236,1033295,卖盘
1684,10:17:20,8.36,--,8,6688,卖盘
1685,10:17:17,8.36,--,78,65207,卖盘
1686,10:17:14,8.36,--,152,127071,卖盘
1687,10:17:11,8.36,--,23,19228,卖盘
1688,10:17:08,8.36,--,199,166364,卖盘
1689,10:17:05,8.36,-0.01,357,298452,卖盘
1690,10:16:56,8.37,0.01,8,6695,买盘
1691,10:16:53,8.36,-0.01,25,20900,卖盘
1692,10:16:50,8.37,--,347,290439,卖盘
1693,10:16:47,8.37,--,699,585063,卖盘
1694,10:16:35,8.37,--,100,83699,卖盘
1695,10:16:29,8.37,-0.01,1500,1255499,卖盘
1696,10:16:23,8.38,--,222,186036,卖盘
1697,10:16:20,8.38,--,3,2514,卖盘
1698,10:16:17,8.38,--,5,4190,卖盘
1699,10:16:14,8.38,-0.01,48,40224,卖盘
1700,10:16:11,8.39,0.01,25,20975,买盘
1701,10:16:08,8.38,--,121,101398,卖盘
1702,10:16:05,8.38,-0.01,234,196092,卖盘
1703,10:16:02,8.39,--,20,16780,买盘
1704,10:15:56,8.39,--,8,7383,卖盘
1705,10:15:53,8.39,-0.01,379,317981,卖盘
1706,10:15:44,8.4,-0.01,113,94920,卖盘
1707,10:15:41,8.41,0.01,3,2523,买盘
1708,10:15:38,8.4,-0.01,31,26040,卖盘
1709,10:15:35,8.41,0.01,37,31117,买盘
1710,10:15:32,8.4,-0.02,4,3360,中性盘
1711,10:15:26,8.42,0.03,2,1684,买盘
1712,10:15:20,8.39,-0.03,157,131723,卖盘
1713,10:15:17,8.42,--,400,336825,卖盘
1714,10:15:14,8.42,--,166,139772,卖盘
1715,10:15:11,8.42,--,150,126300,卖盘
1716,10:15:08,8.42,--,5,4210,卖盘
1717,10:14:53,8.42,--,387,326670,买盘
1718,10:14:47,8.42,0.03,400,336800,买盘
1719,10:14:41,8.39,-0.01,80,67120,卖盘
1720,10:14:38,8.4,--,68,57120,买盘
1721,10:14:35,8.4,--,20,16800,买盘
1722,10:14:32,8.4,--,26,21840,买盘
1723,10:14:29,8.4,--,1,840,买盘
1724,10:14:26,8.4,--,21,17640,卖盘
1725,10:14:23,8.4,-0.01,171,143640,卖盘
1726,10:14:17,8.41,0.01,3,2523,买盘
1727,10:14:08,8.4,-0.01,82,68880,卖盘
1728,10:13:56,8.41,--,20,16820,买盘
1729,10:13:53,8.41,0.01,10,8410,买盘
1730,10:13:41,8.4,--,29,24360,卖盘
1731,10:13:29,8.4,--,28,23520,卖盘
1732,10:13:26,8.4,--,8,6720,卖盘
1733,10:13:23,8.4,--,25,21000,卖盘
1734,10:13:17,8.4,--,308,258720,买盘
1735,10:13:14,8.4,--,18,15120,买盘
1736,10:13:10,8.4,--,12,10080,买盘
1737,10:12:58,8.4,0.01,5,4200,买盘
1738,10:12:52,8.39,-0.01,60,50340,卖盘
1739,10:12:49,8.4,--,20,16800,买盘
1740,10:12:46,8.4,0.01,10,8400,买盘
1741,10:12:43,8.39,--,79,66281,卖盘
1742,10:12:31,8.39,--,5,4195,卖盘
1743,10:12:22,8.39,-0.01,5,4195,卖盘
1744,10:12:19,8.4,0.01,175,147000,买盘
1745,10:11:40,8.39,--,6,5034,卖盘
1746,10:11:37,8.39,--,5,4195,卖盘
1747,10:11:34,8.39,-0.01,42,35405,卖盘
1748,10:11:25,8.4,--,10,8400,买盘
1749,10:11:22,8.4,--,10,8400,买盘
1750,10:11:19,8.4,--,72,60480,买盘
1751,10:11:16,8.4,0.01,405,340200,买盘
1752,10:11:13,8.39,-0.01,20,16780,卖盘
1753,10:11:04,8.4,0.01,30,25200,买盘
1754,10:10:55,8.39,--,11,9229,买盘
1755,10:10:52,8.39,--,32,26848,买盘
1756,10:10:49,8.39,0.01,52,43628,买盘
1757,10:10:46,8.38,-0.01,96,80448,卖盘
1758,10:10:40,8.39,--,75,62925,买盘
1759,10:10:37,8.39,--,17,14263,买盘
1760,10:10:34,8.39,0.01,17,14263,买盘
1761,10:10:31,8.38,-0.01,10,8380,卖盘
1762,10:10:16,8.39,0.01,34,28526,买盘
1763,10:10:13,8.38,--,1,838,卖盘
1764,10:10:07,8.38,-0.01,122,102236,卖盘
1765,10:10:01,8.39,0.01,23,19297,买盘
1766,10:09:58,8.38,--,38,31844,卖盘
1767,10:09:52,8.38,-0.01,234,196092,卖盘
1768,10:09:49,8.39,0.01,53,44467,买盘
1769,10:09:40,8.38,-0.01,17,14246,卖盘
1770,10:09:34,8.39,0.01,10,8390,买盘
1771,10:09:31,8.38,-0.01,2,1676,卖盘
1772,10:09:28,8.39,0.01,10,8390,买盘
1773,10:09:22,8.38,-0.01,2,1676,卖盘
1774,10:09:16,8.39,0.01,5,4195,买盘
1775,10:09:13,8.38,-0.01,210,175980,卖盘
1776,10:09:07,8.39,0.01,295,247505,买盘
1777,10:08:58,8.38,--,10,8380,卖盘
1778,10:08:52,8.38,--,297,248886,卖盘
1779,10:08:49,8.38,--,28,23464,卖盘
1780,10:08:43,8.38,--,35,29330,卖盘
1781,10:08:40,8.38,-0.01,208,174304,卖盘
1782,10:08:25,8.39,0.01,55,46145,买盘
1783,10:08:22,8.38,-0.01,315,263970,卖盘
1784,10:08:19,8.39,--,2,1678,买盘
1785,10:08:13,8.39,--,22,18458,卖盘
1786,10:08:10,8.39,--,18,15102,买盘
1787,10:08:04,8.39,--,382,320498,卖盘
1788,10:08:01,8.39,--,15,12585,卖盘
1789,10:07:58,8.39,--,114,95646,卖盘
1790,10:07:55,8.39,--,229,192131,卖盘
1791,10:07:52,8.39,--,7,5873,卖盘
1792,10:07:49,8.39,--,30,25170,卖盘
1793,10:07:46,8.39,--,5,4195,卖盘
1794,10:07:43,8.39,-0.01,80,67120,卖盘
1795,10:07:31,8.4,--,105,88200,卖盘
1796,10:07:25,8.4,--,5,4200,卖盘
1797,10:07:19,8.4,--,177,148680,卖盘
1798,10:07:10,8.4,--,10,8400,卖盘
1799,10:07:07,8.4,--,3,2520,卖盘
1800,10:07:01,8.4,--,40,33600,卖盘
1801,10:06:55,8.4,--,13,10920,卖盘
1802,10:06:49,8.4,--,69,57960,卖盘
1803,10:06:46,8.4,--,50,42000,卖盘
1804,10:06:43,8.4,--,30,25200,中性盘
1805,10:06:31,8.4,0.01,12,10080,买盘
1806,10:06:28,8.39,-0.01,2,1678,卖盘
1807,10:06:25,8.4,-0.01,13,10920,卖盘
1808,10:06:22,8.41,--,4,3364,买盘
1809,10:06:07,8.41,--,10,8410,买盘
1810,10:06:04,8.41,0.01,200,168200,买盘
1811,10:06:01,8.4,--,55,46200,买盘
1812,10:05:58,8.4,-0.01,17,14280,中性盘
1813,10:05:55,8.41,--,503,423023,买盘
1814,10:05:49,8.41,--,28,23548,买盘
1815,10:05:46,8.41,0.01,40,33640,买盘
1816,10:05:43,8.4,-0.01,193,162120,卖盘
1817,10:05:40,8.41,--,20,16820,买盘
1818,10:05:37,8.41,0.01,50,42050,买盘
1819,10:05:34,8.4,-0.01,30,25200,卖盘
1820,10:05:25,8.41,--,70,58870,买盘
1821,10:05:16,8.41,--,5,4205,买盘
1822,10:05:13,8.41,--,118,99910,卖盘
1823,10:05:01,8.41,-0.01,93,78213,卖盘
1824,10:04:58,8.42,--,5,4210,买盘
1825,10:04:55,8.42,0.01,10,8420,买盘
1826,10:04:52,8.41,--,40,33640,卖盘
1827,10:04:49,8.41,-0.01,10,8410,卖盘
1828,10:04:40,8.42,--,25,21050,买盘
1829,10:04:37,8.42,0.01,2,1684,买盘
1830,10:04:34,8.41,--,1,841,卖盘
1831,10:04:28,8.41,-0.01,3,2523,卖盘
1832,10:04:25,8.42,0.01,7,5894,买盘
1833,10:04:16,8.41,--,113,95033,卖盘
1834,10:04:13,8.41,--,100,84100,卖盘
1835,10:04:10,8.41,--,50,42050,卖盘
1836,10:04:07,8.41,--,10,8410,卖盘
1837,10:03:58,8.41,--,8,6728,卖盘
1838,10:03:52,8.41,-0.01,6,5046,卖盘
1839,10:03:49,8.42,0.01,13,10946,买盘
1840,10:03:46,8.41,--,30,25230,卖盘
1841,10:03:43,8.41,-0.01,7,5887,卖盘
1842,10:03:37,8.42,--,20,16840,买盘
1843,10:03:34,8.42,0.01,22,18524,买盘
1844,10:03:31,8.41,-0.01,51,42891,卖盘
1845,10:03:19,8.42,--,26,21892,卖盘
1846,10:03:16,8.42,--,4,3368,买盘
1847,10:03:13,8.42,0.01,10,8420,买盘
1848,10:03:07,8.41,-0.01,50,42050,卖盘
1849,10:02:52,8.42,--,9,7578,卖盘
1850,10:02:49,8.42,-0.01,1,842,卖盘
1851,10:02:43,8.43,--,27,22761,买盘
1852,10:02:40,8.43,0.01,142,119706,买盘
1853,10:02:31,8.42,-0.01,4,3368,卖盘
1854,10:02:28,8.43,--,17,14331,买盘
1855,10:02:19,8.43,--,2,1686,买盘
1856,10:02:16,8.43,--,83,69969,卖盘
1857,10:02:07,8.43,--,9,7587,卖盘
1858,10:02:04,8.43,0.01,26,21918,买盘
1859,10:01:52,8.42,--,1,842,卖盘
1860,10:01:49,8.42,--,8,6736,卖盘
1861,10:01:46,8.42,-0.02,173,145666,卖盘
1862,10:01:40,8.44,0.01,32,27008,买盘
1863,10:01:34,8.43,--,13,10959,卖盘
1864,10:01:25,8.43,--,10,8430,卖盘
1865,10:01:22,8.43,0.01,18,15174,中性盘
1866,10:01:19,8.42,-0.02,75,63150,卖盘
1867,10:01:16,8.44,0.01,10,8440,买盘
1868,10:01:13,8.43,--,13,10959,卖盘
1869,10:01:10,8.43,--,4,3372,卖盘
1870,10:01:04,8.43,--,27,22761,买盘
1871,10:01:01,8.43,--,9,7587,卖盘
1872,10:00:52,8.43,0.01,47,39621,买盘
1873,10:00:49,8.42,--,68,57256,卖盘
1874,10:00:43,8.42,-0.01,26,21892,卖盘
1875,10:00:40,8.43,--,5,4215,买盘
1876,10:00:34,8.43,-0.01,9,7587,中性盘
1877,10:00:31,8.44,0.01,57,48108,买盘
1878,10:00:28,8.43,0.01,10,8430,买盘
1879,10:00:19,8.42,-0.01,279,234918,卖盘
1880,10:00:16,8.43,--,18,15174,买盘
1881,10:00:13,8.43,--,29,24447,买盘
1882,10:00:04,8.43,0.02,90,75870,买盘
1883,09:59:55,8.41,--,1,841,卖盘
1884,09:59:52,8.41,--,172,144820,买盘
1885,09:59:49,8.41,0.01,40,33640,买盘
1886,09:59:31,8.4,--,59,49560,买盘
1887,09:59:28,8.4,--,5,4200,买盘
1888,09:59:25,8.4,--,36,30240,卖盘
1889,09:59:16,8.4,0.01,329,276360,买盘
1890,09:59:07,8.39,--,78,65442,卖盘
1891,09:58:55,8.39,--,377,316303,买盘
1892,09:58:52,8.39,--,3,2517,买盘
1893,09:58:49,8.39,--,80,67120,买盘
1894,09:58:46,8.39,0.01,50,41950,卖盘
1895,09:58:43,8.38,-0.01,50,41900,卖盘
1896,09:58:40,8.39,--,30,25170,卖盘
1897,09:58:34,8.39,--,5,4195,卖盘
1898,09:58:31,8.39,0.01,99,83061,买盘
1899,09:58:28,8.38,0.01,811,679618,买盘
1900,09:58:25,8.37,-0.01,34,28457,卖盘
1901,09:58:22,8.38,--,102,85476,买盘
1902,09:58:19,8.38,--,5,4190,买盘
1903,09:58:16,8.38,--,20,16760,买盘
1904,09:58:13,8.38,--,5,4190,买盘
1905,09:58:07,8.38,--,67,56146,买盘
1906,09:58:04,8.38,-0.01,373,312574,卖盘
1907,09:58:01,8.39,--,37,31043,买盘
1908,09:57:58,8.39,--,50,41950,买盘
1909,09:57:55,8.39,--,613,514307,买盘
1910,09:57:52,8.39,--,28,23492,买盘
1911,09:57:49,8.39,--,32,26848,买盘
1912,09:57:43,8.39,--,33,27687,买盘
1913,09:57:40,8.39,0.01,68,57052,中性盘
1914,09:57:31,8.38,-0.01,125,104750,卖盘
1915,09:57:28,8.39,--,114,95646,卖盘
1916,09:57:25,8.39,-0.01,83,69637,卖盘
1917,09:57:22,8.4,--,17,14280,买盘
1918,09:57:19,8.4,0.01,409,343560,买盘
1919,09:57:13,8.39,-0.01,17,14263,卖盘
1920,09:57:10,8.4,--,67,56280,买盘
1921,09:57:07,8.4,-0.01,12,10080,卖盘
1922,09:57:04,8.41,0.01,50,42050,买盘
1923,09:56:58,8.4,--,5,4200,买盘
1924,09:56:52,8.4,--,23,19320,卖盘
1925,09:56:46,8.4,--,383,321720,卖盘
1926,09:56:43,8.4,--,10,8400,卖盘
1927,09:56:40,8.4,--,79,66360,卖盘
1928,09:56:37,8.4,--,1,840,卖盘
1929,09:56:34,8.4,--,7,5880,卖盘
1930,09:56:31,8.4,-0.01,10,8400,卖盘
1931,09:56:25,8.41,--,1,841,买盘
1932,09:56:22,8.41,--,106,89146,买盘
1933,09:56:19,8.41,--,7,5887,买盘
1934,09:56:16,8.41,0.01,53,44573,买盘
1935,09:56:10,8.4,-0.01,41,34440,卖盘
1936,09:56:01,8.41,--,20,16820,买盘
1937,09:55:52,8.41,--,9,7569,买盘
1938,09:55:46,8.41,0.01,27,22707,买盘
1939,09:55:43,8.4,-0.01,787,661080,卖盘
1940,09:55:40,8.41,0.01,200,168200,买盘
1941,09:55:37,8.4,-0.01,30,25200,卖盘
1942,09:55:34,8.41,--,42,35322,卖盘
1943,09:55:28,8.41,--,301,253141,买盘
1944,09:55:22,8.41,--,30,25230,买盘
1945,09:55:16,8.41,--,176,148016,买盘
1946,09:55:07,8.41,--,110,92510,卖盘
1947,09:55:04,8.41,-0.01,10,8410,卖盘
1948,09:55:01,8.42,--,505,425210,买盘
1949,09:54:55,8.42,0.01,10,8420,买盘
1950,09:54:52,8.41,--,37,31117,卖盘
1951,09:54:37,8.41,--,81,68121,买盘
1952,09:54:31,8.41,--,7,5887,买盘
1953,09:54:28,8.41,--,28,23548,买盘
1954,09:54:16,8.41,0.02,140,117740,买盘
1955,09:54:09,8.39,-0.01,100,83900,卖盘
1956,09:54:03,8.4,--,71,59640,买盘
1957,09:54:00,8.4,0.01,9,7560,买盘
1958,09:53:57,8.39,-0.01,4,3356,卖盘
1959,09:53:51,8.4,--,3,2520,买盘
1960,09:53:48,8.4,--,56,47040,买盘
1961,09:53:42,8.4,0.01,14,11760,买盘
1962,09:53:39,8.39,--,6,5034,卖盘
1963,09:53:33,8.39,-0.01,51,42789,卖盘
1964,09:53:30,8.4,--,50,42000,买盘
1965,09:53:27,8.4,--,4,3360,买盘
1966,09:53:21,8.4,0.02,20,16800,买盘
1967,09:53:18,8.38,-0.02,60,50280,卖盘
1968,09:53:12,8.4,0.01,38,31920,买盘
1969,09:53:09,8.39,-0.01,100,83900,卖盘
1970,09:53:06,8.4,--,7,5880,买盘
1971,09:53:03,8.4,0.02,97,81480,买盘
1972,09:53:00,8.38,--,628,526264,卖盘
1973,09:52:54,8.38,-0.02,125,104750,卖盘
1974,09:52:51,8.4,0.01,25,21000,买盘
1975,09:52:48,8.39,--,158,132562,买盘
1976,09:52:45,8.39,0.01,13,10907,买盘
1977,09:52:42,8.38,--,22,18436,卖盘
1978,09:52:39,8.38,--,40,33520,卖盘
1979,09:52:33,8.38,--,65,54470,卖盘
1980,09:52:30,8.38,--,58,48604,卖盘
1981,09:52:24,8.38,0.01,63,52794,买盘
1982,09:52:21,8.37,--,335,280395,卖盘
1983,09:52:18,8.37,--,8,6695,卖盘
1984,09:52:12,8.37,--,19,15902,卖盘
1985,09:52:09,8.37,--,15,12554,卖盘
1986,09:52:06,8.37,--,624,522287,买盘
1987,09:52:03,8.37,--,115,96254,买盘
1988,09:52:00,8.37,--,50,41849,买盘
1989,09:51:57,8.37,--,221,184976,卖盘
1990,09:51:54,8.37,--,33,27620,卖盘
1991,09:51:51,8.37,--,9,7532,卖盘
1992,09:51:48,8.37,--,44,36828,卖盘
1993,09:51:45,8.37,--,54,45197,卖盘
1994,09:51:42,8.37,-0.01,150,125549,卖盘
1995,09:51:39,8.38,0.01,186,155868,买盘
1996,09:51:36,8.37,--,82,68634,卖盘
1997,09:51:33,8.37,-0.01,81,67797,卖盘
1998,09:51:27,8.38,--,380,318440,买盘
1999,09:51:21,8.38,--,25,20950,买盘
2000,09:51:15,8.38,--,22,18436,买盘
2001,09:51:12,8.38,-0.01,16,13408,卖盘
2002,09:51:09,8.39,--,325,272675,买盘
2003,09:51:06,8.39,--,7,5873,买盘
2004,09:51:03,8.39,--,70,58730,买盘
2005,09:51:00,8.39,--,3,2517,买盘
2006,09:50:57,8.39,-0.01,302,253378,中性盘
2007,09:50:51,8.4,0.01,50,42000,买盘
2008,09:50:48,8.39,-0.01,69,57891,卖盘
2009,09:50:45,8.4,0.01,163,136920,买盘
2010,09:50:42,8.39,-0.01,4,3356,卖盘
2011,09:50:39,8.4,-0.01,1226,1029840,卖盘
2012,09:50:36,8.41,0.01,31,26071,买盘
2013,09:50:33,8.4,-0.01,650,546000,卖盘
2014,09:50:30,8.41,--,17,14297,卖盘
2015,09:50:27,8.41,-0.01,105,88305,卖盘
2016,09:50:24,8.42,0.01,103,86726,买盘
2017,09:50:21,8.41,--,176,148016,卖盘
2018,09:50:18,8.41,--,206,173246,卖盘
2019,09:50:15,8.41,-0.01,78,65598,卖盘
2020,09:50:12,8.42,0.01,48,40416,买盘
2021,09:50:06,8.41,-0.01,100,84100,卖盘
2022,09:50:03,8.42,--,1321,1112282,卖盘
2023,09:50:00,8.42,--,7,5894,卖盘
2024,09:49:57,8.42,--,8,6736,卖盘
2025,09:49:54,8.42,-0.01,283,238286,卖盘
2026,09:49:51,8.43,-0.01,49,41307,卖盘
2027,09:49:48,8.44,0.01,27,22788,买盘
2028,09:49:45,8.43,--,77,64911,卖盘
2029,09:49:42,8.43,-0.01,723,609489,卖盘
2030,09:49:36,8.44,0.01,13,10972,买盘
2031,09:49:33,8.43,--,101,85143,卖盘
2032,09:49:30,8.43,--,3,2529,卖盘
2033,09:49:27,8.43,--,20,16860,卖盘
2034,09:49:24,8.43,-0.01,133,112119,卖盘
2035,09:49:18,8.44,0.01,5,4220,买盘
2036,09:49:15,8.43,-0.01,446,375978,卖盘
2037,09:49:09,8.44,--,7,5908,买盘
2038,09:49:06,8.44,-0.01,1311,1106484,卖盘
2039,09:49:03,8.45,--,23,19435,买盘
2040,09:48:57,8.45,0.01,141,119144,买盘
2041,09:48:54,8.44,-0.01,5,4220,卖盘
2042,09:48:51,8.45,--,25,21125,买盘
2043,09:48:45,8.45,0.01,3,2535,中性盘
2044,09:48:39,8.44,-0.01,50,42200,卖盘
2045,09:48:36,8.45,--,169,142805,买盘
2046,09:48:33,8.45,0.01,18,15209,买盘
2047,09:48:30,8.44,--,10,8440,卖盘
2048,09:48:27,8.44,--,46,38824,卖盘
2049,09:48:21,8.44,--,20,16880,卖盘
2050,09:48:18,8.44,0.01,16,13504,买盘
2051,09:48:15,8.43,-0.01,18,15174,卖盘
2052,09:48:12,8.44,--,120,101280,买盘
2053,09:48:09,8.44,--,50,42200,买盘
2054,09:48:06,8.44,--,2,1688,买盘
2055,09:48:03,8.44,0.01,10,8440,买盘
2056,09:47:57,8.43,-0.01,136,114648,卖盘
2057,09:47:48,8.44,0.01,150,126599,买盘
2058,09:47:45,8.43,0.01,4,3372,买盘
2059,09:47:42,8.42,-0.01,40,33680,卖盘
2060,09:47:39,8.43,0.02,20,16860,买盘
2061,09:47:36,8.41,--,13,10933,卖盘
2062,09:47:33,8.41,-0.01,131,110171,卖盘
2063,09:47:30,8.42,0.01,30,25260,中性盘
2064,09:47:27,8.41,--,37,31117,卖盘
2065,09:47:24,8.41,-0.02,196,164836,卖盘
2066,09:47:21,8.43,0.01,77,64911,买盘
2067,09:47:18,8.42,--,183,154086,卖盘
2068,09:47:15,8.42,--,22,18524,买盘
2069,09:47:12,8.42,0.01,20,16840,买盘
2070,09:47:09,8.41,-0.01,107,89987,卖盘
2071,09:47:06,8.42,-0.01,58,48836,卖盘
2072,09:47:03,8.43,0.01,10,8430,买盘
2073,09:47:00,8.42,0.02,38,31996,卖盘
2074,09:46:57,8.4,-0.02,1152,967680,卖盘
2075,09:46:54,8.42,--,118,99356,买盘
2076,09:46:51,8.42,-0.01,8,6736,买盘
2077,09:46:48,8.43,--,176,148368,买盘
2078,09:46:39,8.43,0.01,558,470394,卖盘
2079,09:46:36,8.42,-0.02,27,22734,卖盘
2080,09:46:33,8.44,0.02,10,8440,买盘
2081,09:46:30,8.42,-0.02,30,25260,卖盘
2082,09:46:27,8.44,--,30,25320,买盘
2083,09:46:24,8.44,--,25,21100,买盘
2084,09:46:21,8.44,0.02,33,27852,卖盘
2085,09:46:18,8.42,-0.03,3359,2828278,卖盘
2086,09:46:15,8.45,--,103,87034,买盘
2087,09:46:12,8.45,--,215,181674,卖盘
2088,09:46:09,8.45,--,153,129284,买盘
2089,09:46:06,8.45,--,281,237444,卖盘
2090,09:45:57,8.45,--,5,4225,卖盘
2091,09:45:54,8.45,--,75,63374,买盘
2092,09:45:51,8.45,0.01,109,92104,买盘
2093,09:45:48,8.44,-0.01,28,23632,卖盘
2094,09:45:45,8.45,--,6,5070,买盘
2095,09:45:42,8.45,0.01,38,32109,买盘
2096,09:45:39,8.44,--,133,112252,卖盘
2097,09:45:33,8.44,--,31,26164,买盘
2098,09:45:30,8.44,0.01,7,5908,卖盘
2099,09:45:27,8.43,--,6,5058,卖盘
2100,09:45:24,8.43,-0.02,109,91887,卖盘
2101,09:45:21,8.45,0.01,39,32955,买盘
2102,09:45:18,8.44,--,52,43888,卖盘
2103,09:45:15,8.44,--,82,69208,卖盘
2104,09:45:12,8.44,-0.01,3,2532,卖盘
2105,09:45:09,8.45,0.01,149,125904,买盘
2106,09:45:06,8.44,--,522,440568,卖盘
2107,09:45:03,8.44,--,187,157828,卖盘
2108,09:45:00,8.44,--,34,28696,卖盘
2109,09:44:57,8.44,--,20,16880,卖盘
2110,09:44:54,8.44,-0.01,331,279364,卖盘
2111,09:44:51,8.45,--,21,17745,买盘
2112,09:44:48,8.45,--,30,25349,买盘
2113,09:44:45,8.45,--,174,147030,卖盘
2114,09:44:42,8.45,--,72,60839,卖盘
2115,09:44:36,8.45,--,130,109849,卖盘
2116,09:44:24,8.45,-0.02,1050,887249,卖盘
2117,09:44:21,8.47,--,198,167706,卖盘
2118,09:44:18,8.47,--,150,127050,卖盘
2119,09:44:15,8.47,-0.01,9,7623,卖盘
2120,09:44:12,8.48,--,50,42400,买盘
2121,09:44:06,8.48,--,335,284283,卖盘
2122,09:43:54,8.48,--,111,94128,卖盘
2123,09:43:45,8.48,--,22,18656,卖盘
2124,09:43:42,8.48,--,5,4240,卖盘
2125,09:43:39,8.48,--,29,24592,卖盘
2126,09:43:36,8.48,--,38,32224,卖盘
2127,09:43:33,8.48,-0.01,32,27136,卖盘
2128,09:43:30,8.49,0.01,10,8490,买盘
2129,09:43:27,8.48,-0.01,32,27136,卖盘
2130,09:43:24,8.49,--,4,3396,卖盘
2131,09:43:21,8.49,--,50,42450,卖盘
2132,09:43:15,8.49,--,72,61128,卖盘
2133,09:43:06,8.49,-0.01,158,134142,卖盘
2134,09:43:03,8.5,--,6,5100,买盘
2135,09:43:00,8.5,--,3,2550,买盘
2136,09:42:57,8.5,--,40,34000,买盘
2137,09:42:51,8.5,-0.01,101,85850,卖盘
2138,09:42:45,8.51,0.01,14,11914,买盘
2139,09:42:42,8.5,-0.01,7,5950,卖盘
2140,09:42:36,8.51,0.01,50,42550,买盘
2141,09:42:33,8.5,-0.01,16,13600,卖盘
2142,09:42:24,8.51,0.02,72,61272,买盘
2143,09:42:18,8.49,-0.02,22,18678,卖盘
2144,09:42:15,8.51,0.02,167,142117,买盘
2145,09:42:03,8.49,0.01,10,8490,买盘
2146,09:42:00,8.48,-0.01,124,105152,卖盘
2147,09:41:57,8.49,--,22,18678,买盘
2148,09:41:54,8.49,-0.02,355,301395,卖盘
2149,09:41:48,8.51,0.01,9,7659,买盘
2150,09:41:45,8.5,0.01,419,356150,买盘
2151,09:41:42,8.49,--,48,40752,卖盘
2152,09:41:39,8.49,-0.01,530,449970,卖盘
2153,09:41:36,8.5,0.01,3,2550,买盘
2154,09:41:30,8.49,--,80,67920,卖盘
2155,09:41:24,8.49,-0.01,172,146028,卖盘
2156,09:41:21,8.5,--,5,4250,买盘
2157,09:41:15,8.5,--,31,26350,买盘
2158,09:41:12,8.5,0.01,1,850,买盘
2159,09:41:09,8.49,--,74,62826,卖盘
2160,09:41:03,8.49,-0.01,100,84900,卖盘
2161,09:40:57,8.5,--,23,19550,买盘
2162,09:40:54,8.5,0.01,17,14450,买盘
2163,09:40:51,8.49,-0.01,137,116313,卖盘
2164,09:40:42,8.5,--,3,2550,买盘
2165,09:40:39,8.5,-0.01,37,31450,买盘
2166,09:40:36,8.51,0.01,33,28083,中性盘
2167,09:40:33,8.5,-0.01,500,425000,卖盘
2168,09:40:27,8.51,--,145,123395,买盘
2169,09:40:24,8.51,0.01,2,1702,买盘
2170,09:40:21,8.5,-0.01,2,1700,卖盘
2171,09:40:15,8.51,--,30,25530,买盘
2172,09:40:12,8.51,--,92,78292,卖盘
2173,09:40:03,8.51,--,10,8510,卖盘
2174,09:39:57,8.51,0.02,244,207644,买盘
2175,09:39:54,8.49,--,30,25470,卖盘
2176,09:39:48,8.49,-0.02,202,171498,卖盘
2177,09:39:45,8.51,--,36,30636,买盘
2178,09:39:33,8.51,0.01,52,44252,买盘
2179,09:39:27,8.5,-0.01,266,226100,卖盘
2180,09:39:24,8.51,-0.01,209,177859,卖盘
2181,09:39:21,8.52,0.01,101,86052,买盘
2182,09:39:12,8.51,0.02,30,25530,买盘
2183,09:39:09,8.49,-0.02,100,84900,卖盘
2184,09:39:06,8.51,--,2,1702,买盘
2185,09:39:03,8.51,0.02,1,851,买盘
2186,09:38:51,8.49,0.01,1,849,卖盘
2187,09:38:48,8.48,-0.01,340,288320,卖盘
2188,09:38:42,8.49,0.01,53,45642,买盘
2189,09:38:39,8.48,-0.01,11,9328,卖盘
2190,09:38:36,8.49,--,97,82353,买盘
2191,09:38:33,8.49,-0.02,349,296504,卖盘
2192,09:38:30,8.51,--,4,3404,卖盘
2193,09:38:27,8.51,0.01,200,170846,买盘
2194,09:38:24,8.5,--,24,20400,买盘
2195,09:38:21,8.5,--,70,59704,卖盘
2196,09:38:12,8.5,--,88,75446,买盘
2197,09:38:09,8.5,--,22,18700,买盘
2198,09:38:06,8.5,--,50,42500,买盘
2199,09:38:03,8.5,0.01,8,6800,买盘
2200,09:38:00,8.49,--,10,8490,卖盘
2201,09:37:54,8.49,--,1,849,卖盘
2202,09:37:51,8.49,--,10,8490,卖盘
2203,09:37:42,8.49,--,94,79806,买盘
2204,09:37:33,8.49,--,8,6792,买盘
2205,09:37:30,8.49,0.01,20,16980,买盘
2206,09:37:27,8.48,--,187,158576,卖盘
2207,09:37:24,8.48,-0.01,300,254400,卖盘
2208,09:37:21,8.49,--,54,45846,买盘
2209,09:37:15,8.49,--,15,12735,买盘
2210,09:37:12,8.49,0.01,3,2547,买盘
2211,09:37:09,8.48,--,56,47488,卖盘
2212,09:37:03,8.48,--,70,59360,卖盘
2213,09:36:57,8.48,--,147,124656,买盘
2214,09:36:54,8.48,0.01,31,26288,买盘
2215,09:36:51,8.47,-0.01,173,146531,卖盘
2216,09:36:48,8.48,--,13,11024,买盘
2217,09:36:42,8.48,--,4,3392,买盘
2218,09:36:39,8.48,--,25,21200,买盘
2219,09:36:36,8.48,--,15,12720,买盘
2220,09:36:30,8.48,--,2,1696,买盘
2221,09:36:27,8.48,--,166,140768,卖盘
2222,09:36:21,8.48,0.01,1,848,卖盘
2223,09:36:12,8.47,--,71,60137,买盘
2224,09:36:09,8.47,-0.01,23,19481,买盘
2225,09:36:06,8.48,--,6,5088,卖盘
2226,09:36:03,8.48,--,975,826800,卖盘
2227,09:36:00,8.48,--,8,6784,卖盘
2228,09:35:54,8.48,--,163,138224,买盘
2229,09:35:48,8.48,0.01,119,100912,买盘
2230,09:35:45,8.47,--,97,82159,卖盘
2231,09:35:42,8.47,-0.01,5,4235,卖盘
2232,09:35:39,8.48,--,103,87344,买盘
2233,09:35:36,8.48,0.01,15,12720,买盘
2234,09:35:33,8.47,--,3,2541,卖盘
2235,09:35:30,8.47,-0.01,66,55902,卖盘
2236,09:35:27,8.48,--,206,174688,卖盘
2237,09:35:24,8.48,--,41,34768,卖盘
2238,09:35:21,8.48,0.01,11,9328,卖盘
2239,09:35:15,8.47,-0.01,40,33880,卖盘
2240,09:35:12,8.48,--,56,47488,买盘
2241,09:35:06,8.48,--,143,121264,买盘
2242,09:35:03,8.48,--,251,212848,买盘
2243,09:34:56,8.48,--,50,42400,买盘
2244,09:34:53,8.48,0.01,37,31376,买盘
2245,09:34:50,8.47,--,2,1694,卖盘
2246,09:34:47,8.47,-0.01,168,142296,卖盘
2247,09:34:44,8.48,0.01,15,12720,买盘
2248,09:34:41,8.47,-0.01,4,3388,卖盘
2249,09:34:38,8.48,-0.01,368,312064,卖盘
2250,09:34:35,8.49,0.01,21,17829,买盘
2251,09:34:32,8.48,-0.01,80,67840,卖盘
2252,09:34:29,8.49,0.01,6,5094,中性盘
2253,09:34:23,8.48,--,20,16960,卖盘
2254,09:34:17,8.48,-0.02,1,848,卖盘
2255,09:34:14,8.5,--,150,127500,卖盘
2256,09:34:05,8.5,--,13,11050,卖盘
2257,09:34:02,8.5,0.01,594,504900,买盘
2258,09:33:59,8.49,-0.01,2,1698,卖盘
2259,09:33:56,8.5,--,93,79050,买盘
2260,09:33:53,8.5,0.01,112,95200,买盘
2261,09:33:50,8.49,-0.01,15,12735,卖盘
2262,09:33:44,8.5,--,90,76500,买盘
2263,09:33:41,8.5,--,6,5100,买盘
2264,09:33:38,8.5,-0.01,18,15300,卖盘
2265,09:33:35,8.51,0.01,2,1702,买盘
2266,09:33:29,8.5,-0.01,542,460700,卖盘
2267,09:33:26,8.51,--,67,57017,买盘
2268,09:33:23,8.51,--,96,81696,买盘
2269,09:33:20,8.51,0.01,5,4255,买盘
2270,09:33:17,8.5,--,33,28050,卖盘
2271,09:33:14,8.5,--,1,850,卖盘
2272,09:33:11,8.5,--,28,23800,卖盘
2273,09:33:08,8.5,--,5,4250,卖盘
2274,09:33:05,8.5,--,30,25500,卖盘
2275,09:33:02,8.5,--,4,3400,买盘
2276,09:32:53,8.5,-0.01,45,38250,卖盘
2277,09:32:50,8.51,--,6,5106,卖盘
2278,09:32:47,8.51,--,34,28934,卖盘
2279,09:32:44,8.51,--,78,66378,卖盘
2280,09:32:41,8.51,0.01,197,167647,买盘
2281,09:32:38,8.5,-0.01,367,311950,卖盘
2282,09:32:35,8.51,0.01,26,22126,买盘
2283,09:32:26,8.5,--,5,4250,卖盘
2284,09:32:20,8.5,--,2,1700,卖盘
2285,09:32:17,8.5,--,16,13600,买盘
2286,09:32:14,8.5,0.01,15,12750,买盘
2287,09:32:11,8.49,--,1,849,卖盘
2288,09:32:08,8.49,0.01,31,26319,卖盘
2289,09:31:59,8.48,-0.02,26,22048,卖盘
2290,09:31:56,8.5,0.02,114,96900,买盘
2291,09:31:53,8.48,--,135,114480,买盘
2292,09:31:47,8.48,--,32,27136,买盘
2293,09:31:44,8.48,--,32,27136,买盘
2294,09:31:41,8.48,-0.01,38,32224,卖盘
2295,09:31:38,8.49,--,87,73863,卖盘
2296,09:31:35,8.49,0.01,10,8490,买盘
2297,09:31:32,8.48,--,115,97520,卖盘
2298,09:31:26,8.48,-0.02,80,68009,卖盘
2299,09:31:23,8.5,0.02,97,82450,买盘
2300,09:31:20,8.48,-0.02,13,11024,卖盘
2301,09:31:17,8.5,--,6,5100,买盘
2302,09:31:14,8.5,0.02,30,25500,买盘
2303,09:31:11,8.48,-0.01,137,116854,卖盘
2304,09:31:05,8.49,-0.01,5,4245,卖盘
2305,09:31:02,8.5,0.01,102,86700,买盘
2306,09:30:59,8.49,-0.01,4,3396,卖盘
2307,09:30:53,8.5,--,62,52700,买盘
2308,09:30:50,8.5,--,160,136000,卖盘
2309,09:30:38,8.5,--,31,26350,卖盘
2310,09:30:35,8.5,--,10,8500,卖盘
2311,09:30:26,8.5,--,41,34850,卖盘
2312,09:30:23,8.5,--,3,2550,卖盘
2313,09:30:17,8.5,--,1,850,卖盘
2314,09:30:14,8.5,--,2,1700,卖盘
2315,09:30:08,8.5,--,63,53550,卖盘
2316,09:30:05,8.5,0.02,681,578850,买盘
2317,09:30:02,8.48,-0.02,2006,1701088,卖盘
2318,09:25:35,8.5,--,0,0,卖盘
2319,09:25:05,8.5,8.5,837,711450,买盘
