,time,price,change,volume,amount,type
0,15:00:22,27.2,0.01,1164,3168256,卖盘
1,14:57:49,27.19,--,0,0,买盘
2,14:57:01,27.19,--,19,51661,卖盘
3,14:56:58,27.19,-0.01,46,125074,卖盘
4,14:56:55,27.2,--,52,141440,买盘
5,14:56:52,27.2,--,10,27200,买盘
6,14:56:49,27.2,0.01,7,19040,买盘
7,14:56:46,27.19,--,24,65256,卖盘
8,14:56:43,27.19,-0.01,8,21752,卖盘
9,14:56:37,27.2,0.02,25,68000,买盘
10,14:56:34,27.18,-0.01,13,35334,卖盘
11,14:56:31,27.19,-0.01,5,13595,卖盘
12,14:56:25,27.2,--,45,122400,买盘
13,14:56:19,27.2,--,82,223040,买盘
14,14:56:10,27.2,--,124,337280,买盘
15,14:56:07,27.2,0.01,26,70720,买盘
16,14:56:04,27.19,-0.01,15,40785,卖盘
17,14:55:55,27.2,0.01,15,40800,买盘
18,14:55:52,27.19,--,18,48942,买盘
19,14:55:46,27.19,--,10,27190,买盘
20,14:55:43,27.19,--,12,32628,卖盘
21,14:55:40,27.19,--,2,5438,卖盘
22,14:55:34,27.19,0.01,61,165859,卖盘
23,14:55:31,27.18,-0.01,20,54360,卖盘
24,14:55:28,27.19,--,7,19033,卖盘
25,14:55:25,27.19,-0.01,23,62537,中性盘
26,14:55:19,27.2,0.02,50,136000,买盘
27,14:55:16,27.18,--,9,24462,卖盘
28,14:55:13,27.18,-0.01,20,54360,中性盘
29,14:55:04,27.19,0.01,32,87008,买盘
30,14:54:58,27.18,--,2,5436,买盘
31,14:54:55,27.18,--,6,16308,买盘
32,14:54:49,27.18,--,9,24462,买盘
33,14:54:43,27.18,-0.01,25,67950,卖盘
34,14:54:37,27.19,-0.01,42,114198,卖盘
35,14:54:31,27.2,0.01,8,21760,买盘
36,14:54:28,27.19,--,25,67975,卖盘
37,14:54:25,27.19,-0.01,96,261024,卖盘
38,14:54:22,27.2,0.01,25,68000,买盘
39,14:54:19,27.19,--,1,2719,卖盘
40,14:54:16,27.19,-0.01,6,16314,卖盘
41,14:54:13,27.2,0.01,11,29920,买盘
42,14:54:10,27.19,-0.01,5,13595,卖盘
43,14:54:07,27.2,0.01,2,5440,买盘
44,14:54:04,27.19,-0.01,5,13595,卖盘
45,14:54:01,27.2,0.01,3,8160,买盘
46,14:53:58,27.19,--,14,38066,卖盘
47,14:53:52,27.19,--,4,10876,卖盘
48,14:53:49,27.19,-0.01,3,8157,卖盘
49,14:53:46,27.2,0.01,6,16320,买盘
50,14:53:43,27.19,-0.01,60,163140,中性盘
51,14:53:40,27.2,0.03,24,65280,买盘
52,14:53:37,27.17,-0.03,8,21736,卖盘
53,14:53:34,27.2,0.02,988,2687360,买盘
54,14:53:31,27.18,-0.01,20,54360,卖盘
55,14:53:28,27.19,-0.01,1,2719,中性盘
56,14:53:22,27.2,--,10,27200,买盘
57,14:53:16,27.2,0.03,4,10880,买盘
58,14:53:13,27.17,-0.03,201,546117,卖盘
59,14:53:10,27.2,-0.01,11,29920,买盘
60,14:53:07,27.21,0.03,32,87072,买盘
61,14:53:01,27.18,-0.03,217,589806,卖盘
62,14:52:58,27.21,--,1,2721,买盘
63,14:52:55,27.21,0.03,23,62583,买盘
64,14:52:52,27.18,-0.02,201,546318,卖盘
65,14:52:49,27.2,--,115,312800,卖盘
66,14:52:43,27.2,--,10,27200,卖盘
67,14:52:40,27.2,--,2,5440,卖盘
68,14:52:37,27.2,--,16,43520,卖盘
69,14:52:34,27.2,--,1,2720,卖盘
70,14:52:31,27.2,-0.01,78,212160,卖盘
71,14:52:28,27.21,0.01,5,13605,买盘
72,14:52:25,27.2,-0.01,58,157760,卖盘
73,14:52:19,27.21,0.01,14,38094,买盘
74,14:52:16,27.2,--,63,172720,买盘
75,14:52:10,27.2,--,4,10880,买盘
76,14:52:07,27.2,--,7,19040,卖盘
77,14:52:04,27.2,0.01,4,10880,卖盘
78,14:52:01,27.19,--,160,435040,卖盘
79,14:51:55,27.19,-0.01,16,43504,卖盘
80,14:51:52,27.2,--,7,19040,买盘
81,14:51:46,27.2,--,291,791520,卖盘
82,14:51:43,27.2,-0.01,16,43520,卖盘
83,14:51:37,27.21,--,1,2721,买盘
84,14:51:28,27.21,0.01,10,27210,买盘
85,14:51:22,27.2,-0.01,2,5440,卖盘
86,14:51:19,27.21,--,1,2721,买盘
87,14:51:16,27.21,--,7,19047,买盘
88,14:51:10,27.21,--,1,2721,买盘
89,14:51:07,27.21,0.01,5,13605,买盘
90,14:51:04,27.2,--,116,315520,卖盘
91,14:50:58,27.2,-0.01,9,24480,卖盘
92,14:50:52,27.21,0.01,15,40815,中性盘
93,14:50:49,27.2,-0.02,1,2720,卖盘
94,14:50:46,27.22,0.01,101,275466,买盘
95,14:50:43,27.21,--,178,484338,卖盘
96,14:50:34,27.21,-0.01,14,38094,卖盘
97,14:50:31,27.22,0.01,255,694110,买盘
98,14:50:25,27.21,-0.01,124,337404,卖盘
99,14:50:19,27.22,--,7,19054,买盘
100,14:50:16,27.22,0.01,10,27220,买盘
101,14:50:13,27.21,--,66,179586,卖盘
102,14:50:07,27.21,-0.01,27,73467,卖盘
103,14:50:01,27.22,--,29,78938,买盘
104,14:49:55,27.22,0.01,31,84382,买盘
105,14:49:49,27.21,-0.01,30,81630,卖盘
106,14:49:46,27.22,0.01,56,152432,买盘
107,14:49:43,27.21,--,16,43536,卖盘
108,14:49:40,27.21,--,61,165981,卖盘
109,14:49:37,27.21,--,23,62583,卖盘
110,14:49:31,27.21,--,75,206251,买盘
111,14:49:25,27.21,--,221,601341,买盘
112,14:49:16,27.21,0.01,10,27210,买盘
113,14:49:13,27.2,--,54,146880,卖盘
114,14:49:07,27.2,--,3,8160,卖盘
115,14:49:04,27.2,--,30,81600,卖盘
116,14:48:58,27.2,--,86,233920,卖盘
117,14:48:55,27.2,0.01,250,680000,买盘
118,14:48:49,27.19,--,6,16314,买盘
119,14:48:46,27.19,--,3,8157,买盘
120,14:48:40,27.19,--,1,2719,买盘
121,14:48:34,27.19,--,30,81570,中性盘
122,14:48:31,27.19,--,4,10876,买盘
123,14:48:25,27.19,--,17,46223,买盘
124,14:48:22,27.19,--,62,168578,买盘
125,14:48:04,27.19,--,3,8157,买盘
126,14:48:01,27.19,--,29,78851,买盘
127,14:47:58,27.19,-0.01,44,119636,卖盘
128,14:47:49,27.2,--,3,8160,买盘
129,14:47:46,27.2,0.01,10,27200,买盘
130,14:47:43,27.19,-0.01,4,10876,卖盘
131,14:47:37,27.2,--,45,122400,卖盘
132,14:47:31,27.2,--,13,35360,卖盘
133,14:47:28,27.2,--,2,5440,卖盘
134,14:47:25,27.2,--,5,13600,卖盘
135,14:47:22,27.2,--,11,29920,卖盘
136,14:47:19,27.2,--,8,21760,卖盘
137,14:47:16,27.2,--,11,29920,买盘
138,14:47:10,27.2,0.01,218,592960,买盘
139,14:47:01,27.19,--,1,2719,卖盘
140,14:46:58,27.19,--,11,29909,卖盘
141,14:46:52,27.19,-0.01,365,992435,卖盘
142,14:46:43,27.2,--,13,35360,买盘
143,14:46:40,27.2,0.01,33,89760,买盘
144,14:46:34,27.19,-0.01,12,32628,卖盘
145,14:46:25,27.2,0.01,34,92480,买盘
146,14:46:22,27.19,-0.01,3,8157,卖盘
147,14:46:19,27.2,--,5,13600,卖盘
148,14:46:16,27.2,0.01,136,369920,买盘
149,14:46:10,27.19,-0.01,6,16314,卖盘
150,14:46:04,27.2,--,16,43520,买盘
151,14:45:58,27.2,0.01,4,10880,买盘
152,14:45:52,27.19,--,20,54380,卖盘
153,14:45:49,27.19,-0.01,7,19033,卖盘
154,14:45:46,27.2,--,18,48960,买盘
155,14:45:43,27.2,0.02,8,21760,买盘
156,14:45:40,27.18,-0.02,9,24462,卖盘
157,14:45:31,27.2,0.01,182,495040,买盘
158,14:45:28,27.19,-0.01,9,24471,卖盘
159,14:45:25,27.2,--,23,62560,买盘
160,14:45:22,27.2,--,40,108800,买盘
161,14:45:16,27.2,--,7,19040,买盘
162,14:45:13,27.2,0.01,122,331840,买盘
163,14:45:10,27.19,-0.01,1,2719,中性盘
164,14:45:04,27.2,0.02,65,176800,买盘
165,14:45:01,27.18,--,1,2718,卖盘
166,14:44:58,27.18,-0.01,90,244620,卖盘
167,14:44:55,27.19,--,20,54380,买盘
168,14:44:52,27.19,0.01,3,8157,买盘
169,14:44:49,27.18,-0.01,3,8154,卖盘
170,14:44:43,27.19,0.01,10,27190,买盘
171,14:44:40,27.18,-0.02,3,8154,卖盘
172,14:44:22,27.2,--,6,16320,买盘
173,14:44:19,27.2,--,2,5440,买盘
174,14:44:16,27.2,0.02,12,32640,买盘
175,14:44:13,27.18,-0.02,5,13590,卖盘
176,14:44:10,27.2,0.01,62,168640,买盘
177,14:44:07,27.19,-0.01,36,97884,卖盘
178,14:44:04,27.2,--,17,46240,卖盘
179,14:44:01,27.2,--,59,160480,卖盘
180,14:43:58,27.2,--,82,223040,卖盘
181,14:43:55,27.2,--,42,114240,卖盘
182,14:43:52,27.2,--,81,220320,卖盘
183,14:43:46,27.2,--,151,410720,卖盘
184,14:43:43,27.2,-0.01,1,2720,卖盘
185,14:43:40,27.21,0.01,6,16326,买盘
186,14:43:37,27.2,--,5,13600,卖盘
187,14:43:31,27.2,--,25,68000,买盘
188,14:43:28,27.2,0.02,20,54400,买盘
189,14:43:25,27.18,-0.02,31,84258,卖盘
190,14:43:22,27.2,0.02,8,21760,买盘
191,14:43:19,27.18,-0.02,50,135900,卖盘
192,14:43:16,27.2,--,57,155040,卖盘
193,14:43:13,27.2,-0.01,20,54400,卖盘
194,14:43:04,27.21,-0.01,11,29931,买盘
195,14:42:58,27.22,0.02,20,54440,买盘
196,14:42:55,27.2,-0.02,10,27200,卖盘
197,14:42:52,27.22,--,577,1570594,买盘
198,14:42:49,27.22,0.01,114,310308,买盘
199,14:42:46,27.21,-0.01,1,2721,卖盘
200,14:42:43,27.22,--,1,2722,买盘
201,14:42:40,27.22,--,48,130656,买盘
202,14:42:37,27.22,--,136,370192,卖盘
203,14:42:34,27.22,-0.01,265,721330,卖盘
204,14:42:25,27.23,--,45,122535,买盘
205,14:42:22,27.23,--,5,13615,买盘
206,14:42:18,27.23,0.01,10,27230,买盘
207,14:42:15,27.22,-0.01,21,57162,卖盘
208,14:42:12,27.23,0.01,16,43568,买盘
209,14:42:09,27.22,-0.01,21,57162,卖盘
210,14:42:06,27.23,--,9,24507,卖盘
211,14:42:03,27.23,0.01,140,381220,买盘
212,14:42:00,27.22,--,18,48996,卖盘
213,14:41:57,27.22,--,27,73494,卖盘
214,14:41:54,27.22,--,113,307586,卖盘
215,14:41:51,27.22,0.01,16,43552,买盘
216,14:41:48,27.21,--,209,568689,卖盘
217,14:41:45,27.21,--,134,364614,卖盘
218,14:41:42,27.21,--,55,149655,卖盘
219,14:41:39,27.21,--,70,190470,卖盘
220,14:41:36,27.21,0.01,147,399987,买盘
221,14:41:33,27.2,--,2,5440,卖盘
222,14:41:30,27.2,--,41,111520,卖盘
223,14:41:27,27.2,0.01,459,1249350,买盘
224,14:41:24,27.19,--,139,377941,卖盘
225,14:41:21,27.19,--,2,5438,卖盘
226,14:41:15,27.19,--,11,29909,卖盘
227,14:41:12,27.19,--,251,682469,卖盘
228,14:41:09,27.19,-0.01,45,122355,卖盘
229,14:41:06,27.2,0.02,22,59840,买盘
230,14:41:03,27.18,0.01,16,43488,中性盘
231,14:41:00,27.17,-0.01,555,1507935,卖盘
232,14:40:57,27.18,0.01,1,2718,买盘
233,14:40:54,27.17,-0.01,6,16302,卖盘
234,14:40:51,27.18,0.01,1,2718,买盘
235,14:40:48,27.17,--,20,54340,卖盘
236,14:40:45,27.17,--,14,39722,买盘
237,14:40:39,27.17,0.02,22,59774,买盘
238,14:40:36,27.15,--,8,21720,卖盘
239,14:40:24,27.15,--,10,27150,卖盘
240,14:40:21,27.15,-0.02,12,32580,卖盘
241,14:40:18,27.17,0.02,405,1100385,买盘
242,14:40:15,27.15,0.01,1,2715,买盘
243,14:40:12,27.14,-0.01,15,40710,卖盘
244,14:40:06,27.15,--,4,10860,买盘
245,14:40:03,27.15,--,5,13575,买盘
246,14:40:00,27.15,--,20,54300,买盘
247,14:39:57,27.15,--,5,13575,买盘
248,14:39:54,27.15,0.01,8,21720,买盘
249,14:39:48,27.14,-0.01,48,131873,卖盘
250,14:39:45,27.15,--,3,8145,买盘
251,14:39:42,27.15,0.02,267,724905,买盘
252,14:39:33,27.13,0.01,99,268587,买盘
253,14:39:24,27.12,--,211,573588,买盘
254,14:39:21,27.12,--,38,103056,买盘
255,14:39:18,27.12,--,5,13560,买盘
256,14:39:12,27.12,--,3,8136,买盘
257,14:39:09,27.12,0.01,52,141024,买盘
258,14:39:03,27.11,-0.01,4,10844,卖盘
259,14:38:51,27.12,0.01,21,56952,买盘
260,14:38:48,27.11,-0.01,14,37954,中性盘
261,14:38:45,27.12,--,15,40680,买盘
262,14:38:39,27.12,0.01,48,130176,买盘
263,14:38:33,27.11,--,2,5422,买盘
264,14:38:27,27.11,--,5,13555,买盘
265,14:38:18,27.11,--,4,10844,卖盘
266,14:38:12,27.11,--,38,103018,卖盘
267,14:38:09,27.11,--,4,10844,卖盘
268,14:38:06,27.11,--,7,18977,卖盘
269,14:38:03,27.11,--,100,271100,卖盘
270,14:37:36,27.11,-0.01,51,138261,卖盘
271,14:37:33,27.12,--,5,13560,买盘
272,14:37:27,27.12,0.01,43,116616,买盘
273,14:37:21,27.11,--,46,124706,卖盘
274,14:37:18,27.11,-0.01,1,2711,卖盘
275,14:37:15,27.12,0.01,10,27120,买盘
276,14:37:09,27.11,-0.01,6,16266,卖盘
277,14:37:06,27.12,--,39,105768,买盘
278,14:37:03,27.12,--,62,169500,卖盘
279,14:37:00,27.12,--,5,13560,卖盘
280,14:36:57,27.12,--,6,16272,卖盘
281,14:36:54,27.12,--,20,54240,卖盘
282,14:36:51,27.12,--,5,13560,卖盘
283,14:36:45,27.12,0.01,166,451548,买盘
284,14:36:39,27.11,--,44,119284,买盘
285,14:36:36,27.11,--,156,422916,卖盘
286,14:36:30,27.11,--,22,59642,卖盘
287,14:36:27,27.11,-0.01,6,16266,卖盘
288,14:36:18,27.12,--,13,35256,买盘
289,14:36:09,27.12,0.01,4,10848,中性盘
290,14:36:03,27.11,-0.01,9,24399,卖盘
291,14:36:00,27.12,--,59,160008,买盘
292,14:35:54,27.12,--,15,40680,买盘
293,14:35:51,27.12,--,5,13560,买盘
294,14:35:39,27.12,--,8,21696,买盘
295,14:35:21,27.12,--,46,124752,买盘
296,14:35:15,27.12,0.01,3,8136,买盘
297,14:35:12,27.11,--,49,132839,买盘
298,14:35:09,27.11,--,16,43376,买盘
299,14:35:06,27.11,0.01,14,37954,买盘
300,14:35:00,27.1,-0.01,1,2710,卖盘
301,14:34:57,27.11,0.01,2,5422,买盘
302,14:34:54,27.1,--,6,16260,买盘
303,14:34:51,27.1,--,53,143630,买盘
304,14:34:48,27.1,--,50,135500,买盘
305,14:34:45,27.1,--,1,2710,买盘
306,14:34:42,27.1,--,58,157180,买盘
307,14:34:39,27.1,--,1,2710,买盘
308,14:34:36,27.1,--,243,658530,买盘
309,14:34:33,27.1,--,11,29810,买盘
310,14:34:30,27.1,--,15,40650,买盘
311,14:34:24,27.1,--,25,67750,买盘
312,14:34:18,27.1,0.01,106,287260,买盘
313,14:34:15,27.09,--,1,2709,卖盘
314,14:34:09,27.09,-0.01,6,16254,卖盘
315,14:34:03,27.1,--,5,13550,买盘
316,14:34:00,27.1,0.01,71,192410,买盘
317,14:33:54,27.09,0.01,9,24381,买盘
318,14:33:51,27.08,-0.01,4,10832,卖盘
319,14:33:45,27.09,-0.01,34,92106,卖盘
320,14:33:42,27.1,0.03,18,48780,买盘
321,14:33:33,27.07,-0.03,6,16242,卖盘
322,14:33:27,27.1,--,29,78590,买盘
323,14:33:24,27.1,--,3,8130,买盘
324,14:33:21,27.1,0.01,53,143630,买盘
325,14:33:18,27.09,0.01,68,184212,买盘
326,14:33:12,27.08,--,12,32495,买盘
327,14:33:09,27.08,-0.01,5,13540,卖盘
328,14:33:06,27.09,--,15,40635,买盘
329,14:33:03,27.09,--,11,29799,买盘
330,14:32:54,27.09,--,51,138159,买盘
331,14:32:51,27.09,--,3,8127,买盘
332,14:32:48,27.09,--,3,8127,买盘
333,14:32:45,27.09,--,5,13545,买盘
334,14:32:42,27.09,--,57,154413,买盘
335,14:32:36,27.09,--,1,2709,买盘
336,14:32:27,27.09,--,37,100233,买盘
337,14:32:21,27.09,0.01,17,46053,买盘
338,14:32:18,27.08,-0.01,7,18956,卖盘
339,14:32:06,27.09,--,3,8127,买盘
340,14:32:03,27.09,0.02,4,10836,买盘
341,14:32:00,27.07,--,58,157006,卖盘
342,14:31:57,27.07,--,2,5414,卖盘
343,14:31:51,27.07,-0.01,41,110987,卖盘
344,14:31:48,27.08,0.01,1,2708,买盘
345,14:31:45,27.07,0.01,4,10828,卖盘
346,14:31:42,27.06,-0.02,14,37884,卖盘
347,14:31:39,27.08,0.01,14,37912,买盘
348,14:31:33,27.07,0.01,3,8121,中性盘
349,14:31:27,27.06,-0.02,13,35178,卖盘
350,14:31:24,27.08,-0.01,7,18956,中性盘
351,14:31:21,27.09,0.01,123,333207,买盘
352,14:31:18,27.08,0.02,1,2708,中性盘
353,14:31:03,27.06,--,1,2706,卖盘
354,14:30:48,27.06,-0.03,12,32472,中性盘
355,14:30:39,27.09,0.04,56,151704,买盘
356,14:30:36,27.05,--,48,129840,卖盘
357,14:30:33,27.05,-0.04,6,16230,卖盘
358,14:30:30,27.09,0.04,1,2709,买盘
359,14:30:21,27.05,--,1,2705,卖盘
360,14:30:15,27.05,-0.04,6,16230,卖盘
361,14:30:09,27.09,0.04,14,37926,买盘
362,14:30:06,27.05,-0.04,31,83855,卖盘
363,14:30:03,27.09,0.04,58,157122,买盘
364,14:29:48,27.05,-0.02,3,8115,卖盘
365,14:29:45,27.07,0.02,6,16242,买盘
366,14:29:39,27.05,-0.02,50,135250,卖盘
367,14:29:33,27.07,0.02,3,8121,买盘
368,14:29:21,27.05,0.01,74,200170,卖盘
369,14:29:12,27.04,-0.03,17,45968,卖盘
370,14:29:09,27.07,0.02,60,162420,买盘
371,14:29:06,27.05,--,13,35165,买盘
372,14:29:03,27.05,--,98,265090,买盘
373,14:28:57,27.05,--,33,89265,买盘
374,14:28:51,27.05,--,4,10820,买盘
375,14:28:45,27.05,--,40,108200,买盘
376,14:28:39,27.05,--,3,8115,买盘
377,14:28:36,27.05,--,72,194760,卖盘
378,14:28:33,27.05,-0.02,12,32460,卖盘
379,14:28:27,27.07,--,37,100159,买盘
380,14:28:21,27.07,0.02,61,165127,买盘
381,14:28:18,27.05,-0.01,5,13525,卖盘
382,14:28:15,27.06,0.01,7,18942,买盘
383,14:28:12,27.05,-0.01,3,8115,卖盘
384,14:28:06,27.06,--,3,8118,买盘
385,14:28:03,27.06,--,2,5412,买盘
386,14:28:00,27.06,0.01,59,159654,买盘
387,14:27:57,27.05,--,1,2705,买盘
388,14:27:51,27.05,-0.01,2,5410,中性盘
389,14:27:48,27.06,--,13,35178,买盘
390,14:27:42,27.06,0.03,4,10824,买盘
391,14:27:39,27.03,--,19,51357,买盘
392,14:27:36,27.03,-0.03,117,316251,卖盘
393,14:27:27,27.06,--,96,259776,卖盘
394,14:27:21,27.06,--,11,29766,买盘
395,14:27:18,27.06,0.03,101,273306,买盘
396,14:27:15,27.03,-0.03,1,2703,卖盘
397,14:27:12,27.06,--,7,18942,买盘
398,14:27:09,27.06,--,1,2706,买盘
399,14:27:03,27.06,--,3,8118,买盘
400,14:27:00,27.06,0.03,2,5412,买盘
401,14:26:57,27.03,-0.01,30,81090,卖盘
402,14:26:54,27.04,0.01,24,64896,买盘
403,14:26:51,27.03,--,31,83793,买盘
404,14:26:48,27.03,0.01,57,154071,买盘
405,14:26:45,27.02,-0.01,10,27020,卖盘
406,14:26:39,27.03,--,13,35139,买盘
407,14:26:33,27.03,--,5,15055,买盘
408,14:26:30,27.03,--,10,27030,买盘
409,14:26:27,27.03,--,2,5406,买盘
410,14:26:18,27.03,--,84,227052,买盘
411,14:26:15,27.03,--,217,586551,买盘
412,14:26:12,27.03,0.01,7,18921,买盘
413,14:26:09,27.02,--,15,40530,卖盘
414,14:26:06,27.02,-0.01,1,2702,中性盘
415,14:25:57,27.03,--,5,13515,买盘
416,14:25:54,27.03,--,10,27030,买盘
417,14:25:51,27.03,--,3,8109,买盘
418,14:25:48,27.03,-0.01,35,94605,卖盘
419,14:25:45,27.04,0.01,17,45968,买盘
420,14:25:42,27.03,--,72,194616,卖盘
421,14:25:33,27.03,--,10,27030,卖盘
422,14:25:27,27.03,-0.02,7,18921,卖盘
423,14:25:21,27.05,0.02,64,173120,买盘
424,14:25:18,27.03,--,1,2703,卖盘
425,14:25:12,27.03,-0.01,200,540600,卖盘
426,14:25:03,27.04,--,1,2704,中性盘
427,14:25:00,27.04,--,5,13520,卖盘
428,14:24:57,27.04,0.01,5,13520,中性盘
429,14:24:54,27.03,-0.01,30,81090,卖盘
430,14:24:51,27.04,--,11,29744,卖盘
431,14:24:45,27.04,0.01,13,35152,买盘
432,14:24:42,27.03,--,1,2703,卖盘
433,14:24:39,27.03,--,2,5406,卖盘
434,14:24:36,27.03,--,49,132447,买盘
435,14:24:33,27.03,--,2,5406,买盘
436,14:24:30,27.03,0.03,5,13515,买盘
437,14:24:27,27.0,-0.03,156,421200,卖盘
438,14:24:24,27.03,--,80,218105,买盘
439,14:24:21,27.03,--,70,189210,买盘
440,14:24:18,27.03,0.03,1,2703,中性盘
441,14:24:15,27.0,-0.03,2235,6035580,卖盘
442,14:24:12,27.03,--,55,148665,卖盘
443,14:24:09,27.03,--,42,113526,卖盘
444,14:24:03,27.03,--,133,360039,卖盘
445,14:24:00,27.03,--,37,101876,卖盘
446,14:23:53,27.03,--,4,10812,卖盘
447,14:23:50,27.03,-0.01,20,54060,卖盘
448,14:23:38,27.04,0.01,26,71656,买盘
449,14:23:35,27.03,--,1,2703,卖盘
450,14:23:32,27.03,-0.01,5,13515,卖盘
451,14:23:29,27.04,0.01,10,27040,买盘
452,14:23:26,27.03,0.01,92,249757,买盘
453,14:23:23,27.02,--,107,289114,卖盘
454,14:23:11,27.02,-0.01,33,89166,卖盘
455,14:23:08,27.03,--,20,54060,买盘
456,14:23:05,27.03,--,19,51357,买盘
457,14:23:02,27.03,--,14,37842,卖盘
458,14:22:53,27.03,--,35,94605,卖盘
459,14:22:44,27.03,--,6,16218,买盘
460,14:22:41,27.03,0.01,29,78387,买盘
461,14:22:38,27.02,-0.01,8,21616,卖盘
462,14:22:35,27.03,0.01,502,1356906,买盘
463,14:22:32,27.02,-0.01,14,37828,卖盘
464,14:22:29,27.03,-0.01,3,8109,买盘
465,14:22:26,27.04,0.01,51,137904,买盘
466,14:22:23,27.03,--,8,21624,买盘
467,14:22:20,27.03,-0.01,192,520597,卖盘
468,14:22:17,27.04,0.01,14,37856,买盘
469,14:22:14,27.03,--,5,13515,卖盘
470,14:22:11,27.03,--,2,5406,卖盘
471,14:22:08,27.03,-0.01,10,27030,卖盘
472,14:22:05,27.04,0.01,10,27040,买盘
473,14:22:02,27.03,--,42,114607,卖盘
474,14:21:56,27.03,--,13,35139,卖盘
475,14:21:53,27.03,--,2,5406,卖盘
476,14:21:47,27.03,--,50,135150,卖盘
477,14:21:41,27.03,--,26,70278,卖盘
478,14:21:38,27.03,--,10,27030,卖盘
479,14:21:35,27.03,-0.01,10,27030,卖盘
480,14:21:26,27.04,--,115,310960,卖盘
481,14:21:23,27.04,-0.01,12,32448,卖盘
482,14:21:20,27.05,--,77,208285,买盘
483,14:21:14,27.05,--,4,10820,买盘
484,14:21:05,27.05,--,20,54100,买盘
485,14:21:02,27.05,--,23,62215,卖盘
486,14:20:59,27.05,--,12,32460,卖盘
487,14:20:47,27.05,-0.01,49,132545,卖盘
488,14:20:44,27.06,--,6,16236,卖盘
489,14:20:38,27.06,--,6,16236,卖盘
490,14:20:35,27.06,--,7,18942,卖盘
491,14:20:32,27.06,0.01,7,18942,中性盘
492,14:20:29,27.05,--,10,27050,卖盘
493,14:20:20,27.05,-0.01,366,990030,卖盘
494,14:20:17,27.06,--,60,162360,卖盘
495,14:20:14,27.06,--,4,10824,卖盘
496,14:20:11,27.06,--,64,173184,卖盘
497,14:20:08,27.06,--,6,16236,卖盘
498,14:20:05,27.06,--,59,161927,卖盘
499,14:19:59,27.06,--,3,8118,卖盘
500,14:19:56,27.06,--,20,54120,卖盘
501,14:19:50,27.06,-0.01,18,48708,卖盘
502,14:19:47,27.07,--,24,64968,卖盘
503,14:19:44,27.07,--,25,67675,卖盘
504,14:19:41,27.07,-0.01,13,35191,卖盘
505,14:19:35,27.08,--,1,2708,买盘
506,14:19:29,27.08,0.01,8,21664,买盘
507,14:19:26,27.07,-0.01,24,64968,卖盘
508,14:19:23,27.08,--,195,530226,卖盘
509,14:19:20,27.08,-0.02,20,54160,卖盘
510,14:19:17,27.1,0.02,87,235770,买盘
511,14:19:08,27.08,--,6,16247,卖盘
512,14:19:05,27.08,--,31,83948,卖盘
513,14:19:02,27.08,--,143,387785,卖盘
514,14:18:56,27.08,0.01,37,100196,买盘
515,14:18:47,27.07,--,4,10828,卖盘
516,14:18:44,27.07,--,12,32484,卖盘
517,14:18:32,27.07,--,6,16242,卖盘
518,14:18:26,27.07,--,3,8121,卖盘
519,14:18:20,27.07,-0.03,12,32484,卖盘
520,14:18:17,27.1,--,67,181570,买盘
521,14:18:14,27.1,0.03,12,32520,买盘
522,14:18:08,27.07,--,55,148885,买盘
523,14:18:05,27.07,--,20,54140,买盘
524,14:18:02,27.07,--,102,277900,卖盘
525,14:17:47,27.07,--,60,162420,卖盘
526,14:17:44,27.07,--,55,149805,买盘
527,14:17:41,27.07,--,1,2707,买盘
528,14:17:38,27.07,--,120,324840,买盘
529,14:17:32,27.07,--,10,27070,买盘
530,14:17:29,27.07,--,11,29777,买盘
531,14:17:26,27.07,--,3,8121,买盘
532,14:17:23,27.07,--,40,108280,买盘
533,14:17:20,27.07,0.01,91,246337,买盘
534,14:17:17,27.06,-0.01,17,46002,卖盘
535,14:17:11,27.07,--,30,81210,买盘
536,14:17:05,27.07,--,19,51433,买盘
537,14:17:02,27.07,--,3,8121,买盘
538,14:16:59,27.07,-0.05,617,1672005,卖盘
539,14:16:56,27.12,0.01,1,2712,买盘
540,14:16:53,27.11,0.01,46,125031,买盘
541,14:16:50,27.1,--,43,116584,卖盘
542,14:16:41,27.1,--,10,27100,卖盘
543,14:16:35,27.1,--,9,24390,买盘
544,14:16:29,27.1,-0.01,1,2710,卖盘
545,14:16:23,27.11,--,5,13555,买盘
546,14:16:20,27.11,0.02,86,233146,买盘
547,14:16:11,27.09,--,1,2709,卖盘
548,14:16:02,27.09,--,207,561304,买盘
549,14:15:59,27.09,--,5,13545,买盘
550,14:15:56,27.09,-0.01,3,8127,卖盘
551,14:15:50,27.1,--,1,2710,买盘
552,14:15:44,27.1,--,5,13550,买盘
553,14:15:35,27.1,0.01,146,395660,买盘
554,14:15:32,27.09,0.02,85,231890,买盘
555,14:15:29,27.07,-0.01,13,35191,卖盘
556,14:15:26,27.08,--,134,362872,买盘
557,14:15:23,27.08,-0.02,273,740367,卖盘
558,14:15:20,27.1,0.01,89,241190,买盘
559,14:15:17,27.09,0.01,17,46053,买盘
560,14:15:14,27.08,--,50,135400,卖盘
561,14:15:11,27.08,-0.01,2,5416,卖盘
562,14:15:05,27.09,0.01,19,51471,中性盘
563,14:14:59,27.08,--,12,32495,卖盘
564,14:14:53,27.08,-0.02,11,29787,卖盘
565,14:14:50,27.1,0.02,1,2710,买盘
566,14:14:44,27.08,-0.03,167,452236,卖盘
567,14:14:32,27.11,0.03,1,2711,买盘
568,14:14:26,27.08,--,5,13540,卖盘
569,14:14:23,27.08,-0.03,12,32495,卖盘
570,14:14:20,27.11,0.03,70,189770,买盘
571,14:14:11,27.08,-0.01,40,109944,卖盘
572,14:14:08,27.09,--,33,89397,买盘
573,14:14:05,27.09,--,99,268191,卖盘
574,14:13:59,27.09,--,4,10836,卖盘
575,14:13:53,27.09,--,6,16254,卖盘
576,14:13:47,27.09,--,1,2709,卖盘
577,14:13:44,27.09,--,1,2709,卖盘
578,14:13:35,27.09,--,6,16254,中性盘
579,14:13:32,27.09,--,5,13545,卖盘
580,14:13:26,27.09,-0.03,18,48762,卖盘
581,14:13:20,27.12,0.01,69,187128,买盘
582,14:13:14,27.11,--,2,5422,买盘
583,14:13:05,27.11,--,107,290077,卖盘
584,14:12:59,27.11,--,2,5422,卖盘
585,14:12:56,27.11,--,5,13555,卖盘
586,14:12:53,27.11,--,24,65064,卖盘
587,14:12:50,27.11,0.04,6,16266,买盘
588,14:12:47,27.07,-0.01,255,690285,卖盘
589,14:12:41,27.08,-0.03,46,124567,卖盘
590,14:12:32,27.11,--,181,490691,买盘
591,14:12:26,27.11,0.03,101,273811,买盘
592,14:12:20,27.08,-0.03,72,194976,卖盘
593,14:12:11,27.11,--,1,2711,买盘
594,14:12:08,27.11,0.03,81,221109,买盘
595,14:12:05,27.08,--,39,106803,卖盘
596,14:12:02,27.08,-0.02,73,199200,卖盘
597,14:11:59,27.1,0.02,133,360430,买盘
598,14:11:50,27.08,-0.01,30,81240,卖盘
599,14:11:47,27.09,0.01,1,2709,买盘
600,14:11:44,27.08,-0.02,4,10832,中性盘
601,14:11:20,27.1,0.03,71,192410,买盘
602,14:11:17,27.07,-0.02,60,162420,卖盘
603,14:11:14,27.09,--,3,8127,买盘
604,14:11:08,27.09,--,12,32508,买盘
605,14:11:05,27.09,0.02,56,151704,买盘
606,14:11:02,27.07,-0.02,38,104977,卖盘
607,14:10:56,27.09,--,5,13545,买盘
608,14:10:53,27.09,--,32,86688,卖盘
609,14:10:50,27.09,-0.01,2,5418,卖盘
610,14:10:47,27.1,0.01,5,13550,买盘
611,14:10:38,27.09,--,30,81270,卖盘
612,14:10:26,27.09,--,53,143577,卖盘
613,14:10:17,27.09,0.02,16,43344,买盘
614,14:10:14,27.07,0.01,11,30128,买盘
615,14:10:11,27.06,--,5,15694,买盘
616,14:10:08,27.06,--,2,5412,买盘
617,14:10:05,27.06,-0.01,72,196185,卖盘
618,14:09:56,27.07,0.01,12,33837,买盘
619,14:09:50,27.06,-0.01,55,148830,卖盘
620,14:09:47,27.07,0.01,12,32484,买盘
621,14:09:44,27.06,--,7,18942,卖盘
622,14:09:38,27.06,--,17,46002,买盘
623,14:09:35,27.06,--,7,18942,买盘
624,14:09:32,27.06,0.01,5,13530,买盘
625,14:09:26,27.05,-0.01,1,2705,卖盘
626,14:09:23,27.06,--,3,8118,买盘
627,14:09:20,27.06,0.01,78,211068,买盘
628,14:09:14,27.05,--,3,8115,卖盘
629,14:09:08,27.05,-0.01,33,89265,卖盘
630,14:09:05,27.06,0.01,31,83886,买盘
631,14:09:02,27.05,--,49,132977,卖盘
632,14:08:59,27.05,--,2,5410,卖盘
633,14:08:56,27.05,--,18,48690,卖盘
634,14:08:53,27.05,-0.01,16,43280,卖盘
635,14:08:41,27.06,0.03,16,43296,买盘
636,14:08:29,27.03,-0.02,11,29733,卖盘
637,14:08:23,27.05,--,30,81150,卖盘
638,14:08:20,27.05,0.03,71,192920,买盘
639,14:08:11,27.02,--,12,32424,卖盘
640,14:08:05,27.02,--,125,338290,卖盘
641,14:07:59,27.02,--,2,6998,卖盘
642,14:07:53,27.02,--,21,56742,卖盘
643,14:07:50,27.02,-0.01,4,10808,卖盘
644,14:07:47,27.03,0.01,6,16218,买盘
645,14:07:44,27.02,--,10,27020,卖盘
646,14:07:41,27.02,--,30,81060,卖盘
647,14:07:32,27.02,--,27,72954,卖盘
648,14:07:29,27.02,--,19,51338,卖盘
649,14:07:26,27.02,-0.01,23,62146,卖盘
650,14:07:23,27.03,--,1,2703,买盘
651,14:07:20,27.03,--,72,194616,买盘
652,14:07:17,27.03,0.01,2,5406,买盘
653,14:07:14,27.02,-0.01,39,105378,卖盘
654,14:07:11,27.03,--,5,13515,买盘
655,14:07:08,27.03,--,11,29733,买盘
656,14:07:05,27.03,0.01,19,51357,中性盘
657,14:07:02,27.02,-0.01,104,281008,卖盘
658,14:06:59,27.03,--,10,27030,卖盘
659,14:06:50,27.03,--,38,102714,卖盘
660,14:06:47,27.03,--,28,75684,卖盘
661,14:06:41,27.03,-0.01,9,24327,卖盘
662,14:06:38,27.04,--,45,121680,买盘
663,14:06:35,27.04,--,52,140608,卖盘
664,14:06:32,27.04,--,1,2704,卖盘
665,14:06:29,27.04,--,38,102752,卖盘
666,14:06:26,27.04,-0.01,6,16224,卖盘
667,14:06:20,27.05,--,77,208285,买盘
668,14:06:17,27.05,0.01,105,284025,买盘
669,14:06:14,27.04,--,6,16224,卖盘
670,14:06:11,27.04,-0.01,26,70304,卖盘
671,14:06:08,27.05,0.01,29,78445,买盘
672,14:06:05,27.04,-0.01,57,154128,卖盘
673,14:06:02,27.05,--,111,301905,卖盘
674,14:05:59,27.05,--,49,132545,卖盘
675,14:05:56,27.05,-0.01,52,140660,卖盘
676,14:05:50,27.06,--,45,121770,卖盘
677,14:05:47,27.06,--,18,48708,卖盘
678,14:05:41,27.06,0.01,38,102828,中性盘
679,14:05:38,27.05,-0.01,20,54100,卖盘
680,14:05:35,27.06,--,18,48708,卖盘
681,14:05:32,27.06,--,55,148830,卖盘
682,14:05:29,27.06,0.01,1,2706,卖盘
683,14:05:26,27.05,-0.01,6,16230,卖盘
684,14:05:23,27.06,0.01,10,27060,中性盘
685,14:05:20,27.05,--,204,551820,卖盘
686,14:05:16,27.05,--,37,100085,卖盘
687,14:05:07,27.05,-0.01,38,102790,卖盘
688,14:05:04,27.06,--,15,40590,买盘
689,14:05:01,27.06,0.01,40,108240,中性盘
690,14:04:58,27.05,-0.02,48,129840,卖盘
691,14:04:55,27.07,0.01,10,27070,买盘
692,14:04:49,27.06,--,50,135300,卖盘
693,14:04:46,27.06,-0.01,40,108240,卖盘
694,14:04:43,27.07,0.01,100,270700,买盘
695,14:04:37,27.06,--,39,105534,卖盘
696,14:04:31,27.06,--,6,16236,卖盘
697,14:04:25,27.06,--,1,2706,卖盘
698,14:04:22,27.06,-0.01,43,116358,卖盘
699,14:04:19,27.07,0.01,201,544107,买盘
700,14:04:13,27.06,--,5,13530,卖盘
701,14:04:10,27.06,--,44,119064,卖盘
702,14:04:01,27.06,--,223,604358,卖盘
703,14:03:55,27.06,--,4,10824,卖盘
704,14:03:49,27.06,-0.01,98,265188,卖盘
705,14:03:43,27.07,0.01,1,2707,买盘
706,14:03:40,27.06,-0.01,40,108240,卖盘
707,14:03:28,27.07,--,142,384394,买盘
708,14:03:19,27.07,0.01,73,197611,买盘
709,14:03:16,27.06,--,5,13530,卖盘
710,14:03:13,27.06,--,62,167772,卖盘
711,14:03:10,27.06,--,10,27060,卖盘
712,14:03:04,27.06,-0.01,38,102828,卖盘
713,14:03:01,27.07,--,58,158521,买盘
714,14:02:52,27.07,--,40,108280,买盘
715,14:02:46,27.07,--,2,5414,买盘
716,14:02:43,27.07,0.01,74,200318,买盘
717,14:02:40,27.06,-0.02,248,671466,卖盘
718,14:02:37,27.08,--,1,2708,买盘
719,14:02:34,27.08,0.01,1,2708,买盘
720,14:02:31,27.07,-0.01,50,135350,卖盘
721,14:02:28,27.08,--,2,5416,买盘
722,14:02:25,27.08,--,1,2708,买盘
723,14:02:22,27.08,0.01,74,200392,买盘
724,14:02:16,27.07,-0.01,42,113694,卖盘
725,14:02:10,27.08,--,2,5416,买盘
726,14:02:07,27.08,0.01,43,116443,买盘
727,14:02:04,27.07,-0.01,62,167834,卖盘
728,14:02:01,27.08,--,22,61823,卖盘
729,14:01:58,27.08,--,7,18956,卖盘
730,14:01:55,27.08,--,36,97488,卖盘
731,14:01:52,27.08,--,10,27080,卖盘
732,14:01:46,27.08,--,38,102904,卖盘
733,14:01:34,27.08,--,45,121859,卖盘
734,14:01:31,27.08,--,10,27080,卖盘
735,14:01:28,27.08,0.01,123,333544,买盘
736,14:01:25,27.07,-0.01,48,129936,卖盘
737,14:01:22,27.08,--,90,243719,买盘
738,14:01:16,27.08,--,73,197684,买盘
739,14:01:16,27.08,-0.01,90,245967,卖盘
740,14:01:07,27.09,0.01,1,2709,买盘
741,14:01:04,27.08,--,3,8123,卖盘
742,14:01:01,27.08,-0.02,105,284610,卖盘
743,14:00:58,27.1,--,68,184280,买盘
744,14:00:52,27.1,0.02,21,56910,买盘
745,14:00:49,27.08,-0.02,50,135400,卖盘
746,14:00:40,27.1,0.02,3,8130,中性盘
747,14:00:37,27.08,-0.02,39,105612,卖盘
748,14:00:34,27.1,-0.01,20,54200,中性盘
749,14:00:28,27.11,--,45,121995,买盘
750,14:00:25,27.11,--,207,561177,买盘
751,14:00:22,27.11,0.03,87,235857,买盘
752,14:00:16,27.08,-0.01,46,124567,卖盘
753,14:00:07,27.09,--,45,121905,卖盘
754,14:00:04,27.09,-0.01,248,674270,卖盘
755,13:59:58,27.1,--,10,27100,卖盘
756,13:59:55,27.1,--,5,13550,卖盘
757,13:59:52,27.1,--,57,154470,卖盘
758,13:59:49,27.1,--,8,23224,卖盘
759,13:59:43,27.1,--,18,48780,卖盘
760,13:59:40,27.1,--,96,260160,卖盘
761,13:59:31,27.1,--,15,40650,卖盘
762,13:59:28,27.1,--,43,116530,卖盘
763,13:59:25,27.1,--,20,54200,卖盘
764,13:59:22,27.1,-0.01,19,51490,卖盘
765,13:59:19,27.11,0.01,118,319898,买盘
766,13:59:16,27.1,-0.01,11,29810,卖盘
767,13:59:10,27.11,--,46,124706,买盘
768,13:59:04,27.11,--,57,156695,买盘
769,13:58:58,27.11,0.01,46,124706,买盘
770,13:58:52,27.1,-0.01,24,65040,卖盘
771,13:58:46,27.11,0.01,22,59642,买盘
772,13:58:43,27.1,-0.01,43,116530,卖盘
773,13:58:34,27.11,-0.01,441,1197530,卖盘
774,13:58:28,27.12,--,16,43392,买盘
775,13:58:25,27.12,0.01,1,2712,买盘
776,13:58:22,27.11,--,119,322609,卖盘
777,13:58:10,27.11,-0.01,40,108440,卖盘
778,13:58:07,27.12,--,3,8136,买盘
779,13:58:04,27.12,0.01,26,70512,中性盘
780,13:58:01,27.11,-0.01,40,108440,卖盘
781,13:57:58,27.12,--,7,18984,卖盘
782,13:57:55,27.12,--,7,18984,卖盘
783,13:57:49,27.12,--,42,113904,卖盘
784,13:57:37,27.12,-0.01,43,116616,卖盘
785,13:57:34,27.13,--,43,117879,卖盘
786,13:57:31,27.13,--,6,16278,卖盘
787,13:57:25,27.13,--,45,122085,卖盘
788,13:57:22,27.13,-0.03,7,18991,卖盘
789,13:57:19,27.16,0.03,75,203700,买盘
790,13:57:16,27.13,--,43,116659,卖盘
791,13:57:13,27.13,--,96,260448,卖盘
792,13:57:04,27.13,--,42,113946,卖盘
793,13:57:01,27.13,-0.03,175,476267,卖盘
794,13:56:58,27.16,0.03,21,57036,买盘
795,13:56:55,27.13,-0.03,54,146502,卖盘
796,13:56:43,27.16,0.02,86,233576,买盘
797,13:56:40,27.14,-0.02,1,2714,卖盘
798,13:56:37,27.16,0.01,10,27160,买盘
799,13:56:31,27.15,0.02,4,10860,买盘
800,13:56:28,27.13,-0.03,40,108520,卖盘
801,13:56:19,27.16,--,168,456288,买盘
802,13:56:13,27.16,0.01,45,122220,买盘
803,13:56:10,27.15,0.01,1,2715,卖盘
804,13:56:07,27.14,-0.02,139,377246,卖盘
805,13:56:04,27.16,0.01,1,2716,买盘
806,13:56:01,27.15,--,237,645382,卖盘
807,13:55:58,27.15,--,68,184620,卖盘
808,13:55:55,27.15,0.01,109,295935,买盘
809,13:55:46,27.14,-0.01,99,268686,卖盘
810,13:55:40,27.15,0.01,63,171045,买盘
811,13:55:37,27.14,-0.01,41,111274,卖盘
812,13:55:34,27.15,-0.01,252,684180,卖盘
813,13:55:28,27.16,0.01,51,138516,买盘
814,13:55:22,27.15,0.01,166,450690,买盘
815,13:55:19,27.14,--,104,282256,卖盘
816,13:55:10,27.14,-0.01,40,108560,卖盘
817,13:55:07,27.15,--,27,73305,买盘
818,13:55:04,27.15,0.01,13,35295,买盘
819,13:55:01,27.14,--,212,576887,卖盘
820,13:54:55,27.14,-0.01,20,54280,卖盘
821,13:54:52,27.15,0.01,1,2715,买盘
822,13:54:49,27.14,0.03,42,113988,中性盘
823,13:54:37,27.11,--,51,138261,卖盘
824,13:54:31,27.11,-0.05,40,108440,卖盘
825,13:54:22,27.16,0.05,84,228144,买盘
826,13:54:19,27.11,-0.03,6,16266,卖盘
827,13:54:13,27.14,-0.02,21,58025,卖盘
828,13:54:04,27.16,0.06,297,808335,买盘
829,13:54:01,27.1,-0.01,158,430348,卖盘
830,13:53:58,27.11,--,5,13555,买盘
831,13:53:55,27.11,0.01,13,35243,买盘
832,13:53:52,27.1,-0.01,37,100270,卖盘
833,13:53:46,27.11,--,17,46087,买盘
834,13:53:40,27.11,-0.03,12,32532,卖盘
835,13:53:37,27.14,--,25,67850,卖盘
836,13:53:34,27.14,--,1,2714,卖盘
837,13:53:31,27.14,--,38,103132,卖盘
838,13:53:28,27.14,--,23,62422,卖盘
839,13:53:22,27.14,0.04,12,32568,中性盘
840,13:53:19,27.1,-0.02,127,344170,卖盘
841,13:53:16,27.12,0.01,105,284760,买盘
842,13:53:13,27.11,0.01,1,2711,买盘
843,13:53:10,27.1,-0.01,47,127370,卖盘
844,13:53:04,27.11,--,19,51509,买盘
845,13:53:01,27.11,--,28,75908,卖盘
846,13:52:55,27.11,-0.01,52,140972,卖盘
847,13:52:49,27.12,0.01,1,2712,买盘
848,13:52:46,27.11,-0.01,43,116573,中性盘
849,13:52:40,27.12,0.02,1,2712,买盘
850,13:52:37,27.1,--,8,21951,买盘
851,13:52:34,27.1,--,29,81029,卖盘
852,13:52:28,27.1,-0.01,24,65040,卖盘
853,13:52:25,27.11,0.02,41,111422,买盘
854,13:52:22,27.09,-0.02,43,116487,卖盘
855,13:52:19,27.11,--,86,233146,买盘
856,13:52:16,27.11,0.02,23,62353,买盘
857,13:52:13,27.09,-0.01,51,138159,卖盘
858,13:52:10,27.1,-0.01,7,18970,卖盘
859,13:52:07,27.11,--,119,322609,买盘
860,13:52:04,27.11,0.01,23,62353,中性盘
861,13:52:01,27.1,-0.01,248,672080,卖盘
862,13:51:55,27.11,-0.01,12,32532,卖盘
863,13:51:52,27.12,0.02,18,48816,买盘
864,13:51:49,27.1,-0.01,42,113820,卖盘
865,13:51:46,27.11,-0.01,4,10844,卖盘
866,13:51:43,27.12,--,10,27120,买盘
867,13:51:40,27.12,0.02,22,59664,买盘
868,13:51:37,27.1,-0.01,38,102980,卖盘
869,13:51:34,27.11,0.01,8,21688,买盘
870,13:51:31,27.1,--,26,70460,卖盘
871,13:51:25,27.1,--,178,483924,买盘
872,13:51:19,27.1,0.01,76,205960,买盘
873,13:51:16,27.09,-0.01,42,113778,卖盘
874,13:51:13,27.1,0.01,6,16260,买盘
875,13:51:10,27.09,-0.01,1,2709,卖盘
876,13:51:07,27.1,0.01,206,558260,买盘
877,13:51:04,27.09,--,210,571409,买盘
878,13:51:01,27.09,--,76,205884,买盘
879,13:50:58,27.09,0.01,209,566181,买盘
880,13:50:55,27.08,--,41,111028,卖盘
881,13:50:49,27.08,--,15,40620,卖盘
882,13:50:46,27.08,--,110,297880,卖盘
883,13:50:43,27.08,--,1,2708,卖盘
884,13:50:40,27.08,-0.01,42,113736,卖盘
885,13:50:37,27.09,--,1,2709,买盘
886,13:50:34,27.09,--,2,5418,买盘
887,13:50:31,27.09,0.01,5,13545,买盘
888,13:50:28,27.08,-0.01,43,116443,卖盘
889,13:50:19,27.09,--,114,308826,买盘
890,13:50:16,27.09,--,20,54180,买盘
891,13:50:13,27.09,--,23,62307,买盘
892,13:50:10,27.09,0.01,28,75852,买盘
893,13:50:07,27.08,--,44,119151,卖盘
894,13:50:04,27.08,-0.01,169,457733,卖盘
895,13:49:58,27.09,--,47,127323,买盘
896,13:49:49,27.09,0.01,7,18963,买盘
897,13:49:46,27.08,-0.01,43,116443,卖盘
898,13:49:40,27.09,--,19,51471,买盘
899,13:49:34,27.09,0.01,43,116487,买盘
900,13:49:28,27.08,-0.01,4,10832,卖盘
901,13:49:25,27.09,0.01,2,5418,买盘
902,13:49:22,27.08,-0.01,59,159772,卖盘
903,13:49:19,27.09,0.01,76,205884,买盘
904,13:49:10,27.08,--,48,129983,卖盘
905,13:49:07,27.08,--,27,73738,买盘
906,13:49:04,27.08,--,147,400540,卖盘
907,13:49:01,27.08,--,40,108320,卖盘
908,13:48:49,27.08,--,40,108320,卖盘
909,13:48:40,27.08,-0.01,44,119151,卖盘
910,13:48:37,27.09,0.01,15,40635,买盘
911,13:48:25,27.08,--,42,113736,卖盘
912,13:48:19,27.08,--,147,398076,卖盘
913,13:48:16,27.08,-0.01,52,140816,卖盘
914,13:48:13,27.09,--,3,8127,买盘
915,13:48:10,27.09,--,3,8127,买盘
916,13:48:04,27.09,--,60,162540,买盘
917,13:48:01,27.09,--,129,351276,卖盘
918,13:47:55,27.09,-0.01,38,102942,卖盘
919,13:47:52,27.1,--,109,295390,买盘
920,13:47:49,27.1,--,10,27100,买盘
921,13:47:46,27.1,0.01,8,21680,买盘
922,13:47:43,27.09,--,45,121905,卖盘
923,13:47:37,27.09,-0.01,58,157122,卖盘
924,13:47:31,27.1,--,3,8130,买盘
925,13:47:19,27.1,0.01,118,319780,买盘
926,13:47:13,27.09,-0.01,1,2709,卖盘
927,13:47:10,27.1,0.01,5,13550,买盘
928,13:47:07,27.09,-0.01,65,176085,卖盘
929,13:47:01,27.1,0.01,446,1209554,买盘
930,13:46:55,27.09,-0.01,57,154413,卖盘
931,13:46:52,27.1,--,3,8130,买盘
932,13:46:49,27.1,0.02,13,35230,买盘
933,13:46:46,27.08,-0.01,44,119151,卖盘
934,13:46:43,27.09,-0.01,43,116487,卖盘
935,13:46:40,27.1,--,8,21680,买盘
936,13:46:34,27.1,--,87,235770,卖盘
937,13:46:31,27.1,--,2,5420,卖盘
938,13:46:28,27.1,-0.01,5,13550,卖盘
939,13:46:25,27.11,-0.01,45,121995,中性盘
940,13:46:22,27.12,0.02,76,206112,买盘
941,13:46:13,27.1,-0.01,1,2710,中性盘
942,13:46:10,27.11,0.02,122,331419,买盘
943,13:46:07,27.09,-0.01,1,2709,卖盘
944,13:46:04,27.1,0.01,19,51490,中性盘
945,13:45:58,27.09,-0.02,42,113778,卖盘
946,13:45:51,27.11,-0.01,3,8133,买盘
947,13:45:48,27.12,0.03,48,130176,买盘
948,13:45:36,27.09,-0.03,39,105651,卖盘
949,13:45:30,27.12,0.03,1,2712,买盘
950,13:45:24,27.09,-0.02,45,121905,卖盘
951,13:45:21,27.11,0.01,66,178926,买盘
952,13:45:18,27.1,0.01,4,10840,买盘
953,13:45:12,27.09,--,182,494067,买盘
954,13:45:03,27.09,0.01,24,65016,买盘
955,13:45:00,27.08,-0.01,405,1097444,卖盘
956,13:44:51,27.09,-0.01,42,113778,卖盘
957,13:44:42,27.1,0.01,3,8130,买盘
958,13:44:39,27.09,-0.01,40,108360,卖盘
959,13:44:36,27.1,0.01,2,5420,买盘
960,13:44:33,27.09,--,0,2275,卖盘
961,13:44:30,27.09,0.01,335,909953,买盘
962,13:44:27,27.08,-0.01,252,682416,卖盘
963,13:44:21,27.09,--,78,211302,买盘
964,13:44:18,27.09,--,137,371133,买盘
965,13:44:15,27.09,--,1,2709,买盘
966,13:44:12,27.09,--,288,780462,卖盘
967,13:44:06,27.09,--,67,181503,卖盘
968,13:44:03,27.09,-0.02,93,254375,卖盘
969,13:43:54,27.11,0.03,40,108440,买盘
970,13:43:45,27.08,--,41,111028,卖盘
971,13:43:33,27.08,--,349,946337,买盘
972,13:43:30,27.08,0.01,254,687832,买盘
973,13:43:27,27.07,-0.01,3,8121,卖盘
974,13:43:24,27.08,--,42,113736,买盘
975,13:43:18,27.08,--,117,316836,买盘
976,13:43:15,27.08,-0.03,368,996543,卖盘
977,13:43:12,27.11,0.02,96,260256,买盘
978,13:43:09,27.09,-0.01,44,119196,卖盘
979,13:43:06,27.1,0.01,192,521675,买盘
980,13:43:00,27.09,--,46,124614,卖盘
981,13:42:57,27.09,--,1,2709,卖盘
982,13:42:51,27.09,0.01,15,40635,买盘
983,13:42:45,27.08,--,39,105612,卖盘
984,13:42:36,27.08,-0.01,36,97488,卖盘
985,13:42:33,27.09,--,44,119196,卖盘
986,13:42:30,27.09,0.01,127,344043,卖盘
987,13:42:24,27.08,-0.01,72,194976,卖盘
988,13:42:21,27.09,--,13,36571,买盘
989,13:42:18,27.09,--,90,243810,买盘
990,13:42:15,27.09,--,55,148995,买盘
991,13:42:09,27.09,--,1,2709,买盘
992,13:42:06,27.09,--,31,83979,买盘
993,13:42:03,27.09,-0.01,223,604107,卖盘
994,13:41:57,27.1,0.02,1,2710,买盘
995,13:41:51,27.08,-0.02,42,113736,卖盘
996,13:41:48,27.1,--,11,29810,卖盘
997,13:41:45,27.1,--,20,54200,卖盘
998,13:41:42,27.1,-0.01,88,238480,卖盘
999,13:41:39,27.11,--,1,2711,买盘
1000,13:41:33,27.11,0.01,35,94885,买盘
1001,13:41:30,27.1,--,4,10840,卖盘
1002,13:41:27,27.1,-0.01,39,105690,中性盘
1003,13:41:18,27.11,0.05,84,227724,买盘
1004,13:41:15,27.06,--,37,100122,卖盘
1005,13:41:12,27.06,-0.04,5,13530,卖盘
1006,13:41:09,27.1,0.04,3,8130,买盘
1007,13:41:06,27.06,-0.02,410,1109460,卖盘
1008,13:41:03,27.08,0.02,500,1355326,买盘
1009,13:40:54,27.06,--,141,381546,买盘
1010,13:40:51,27.06,--,20,54120,买盘
1011,13:40:48,27.06,0.01,300,811800,买盘
1012,13:40:45,27.05,--,37,100085,卖盘
1013,13:40:39,27.05,--,35,94675,买盘
1014,13:40:36,27.05,--,16,43280,买盘
1015,13:40:30,27.05,0.02,344,930520,买盘
1016,13:40:24,27.03,--,578,1562334,卖盘
1017,13:40:21,27.03,-0.02,41,110823,卖盘
1018,13:40:18,27.05,--,167,451735,买盘
1019,13:40:12,27.05,0.02,3,8115,买盘
1020,13:40:09,27.03,--,37,100011,卖盘
1021,13:40:00,27.03,--,187,506731,买盘
1022,13:39:57,27.03,--,478,1292034,买盘
1023,13:39:54,27.03,--,17,45951,买盘
1024,13:39:48,27.03,0.01,3,8109,买盘
1025,13:39:48,27.02,-0.01,36,97272,卖盘
1026,13:39:45,27.03,0.01,459,1240677,买盘
1027,13:39:36,27.02,-0.01,40,108080,卖盘
1028,13:39:27,27.03,0.01,50,135150,买盘
1029,13:39:24,27.02,-0.01,41,110782,卖盘
1030,13:39:18,27.03,0.01,78,210834,买盘
1031,13:39:15,27.02,-0.01,3,8106,卖盘
1032,13:39:12,27.03,0.01,59,159477,买盘
1033,13:39:09,27.02,-0.01,53,143206,卖盘
1034,13:39:03,27.03,0.01,2,5406,买盘
1035,13:39:00,27.02,-0.01,331,895226,卖盘
1036,13:38:54,27.03,0.01,139,375717,买盘
1037,13:38:51,27.02,--,37,99974,卖盘
1038,13:38:45,27.02,--,30,81060,卖盘
1039,13:38:42,27.02,--,30,81060,卖盘
1040,13:38:39,27.02,-0.01,37,99974,卖盘
1041,13:38:36,27.03,--,5,13515,买盘
1042,13:38:33,27.03,0.01,2,5406,买盘
1043,13:38:30,27.02,-0.01,215,580930,卖盘
1044,13:38:27,27.03,--,22,59466,买盘
1045,13:38:24,27.03,--,292,789276,买盘
1046,13:38:21,27.03,0.01,87,235161,买盘
1047,13:38:18,27.02,-0.01,47,126994,卖盘
1048,13:38:15,27.03,--,50,135177,买盘
1049,13:38:09,27.03,0.01,31,83793,买盘
1050,13:38:06,27.02,--,55,148610,卖盘
1051,13:38:03,27.02,--,50,135100,卖盘
1052,13:38:00,27.02,-0.01,116,315026,卖盘
1053,13:37:57,27.03,0.01,2,5406,买盘
1054,13:37:54,27.02,-0.01,39,105378,卖盘
1055,13:37:51,27.03,0.01,6,16218,买盘
1056,13:37:45,27.02,-0.01,12,32424,卖盘
1057,13:37:42,27.03,--,50,135150,买盘
1058,13:37:39,27.03,--,4,10812,买盘
1059,13:37:33,27.03,0.01,3,8109,买盘
1060,13:37:30,27.02,-0.01,37,99974,卖盘
1061,13:37:27,27.03,--,26,70278,买盘
1062,13:37:24,27.03,-0.02,53,143259,卖盘
1063,13:37:21,27.05,--,115,311075,买盘
1064,13:37:18,27.05,--,3,8115,买盘
1065,13:37:15,27.05,--,7,18935,买盘
1066,13:37:12,27.05,--,163,440915,买盘
1067,13:37:09,27.05,--,52,140660,买盘
1068,13:37:06,27.05,--,19,51395,买盘
1069,13:37:00,27.05,--,46,126918,卖盘
1070,13:36:54,27.05,-0.01,42,113610,卖盘
1071,13:36:51,27.06,0.01,10,27060,中性盘
1072,13:36:45,27.05,-0.01,115,311183,卖盘
1073,13:36:42,27.06,0.01,5,13530,买盘
1074,13:36:39,27.05,--,1,2705,卖盘
1075,13:36:33,27.05,0.03,747,2020743,买盘
1076,13:36:30,27.02,--,52,140504,买盘
1077,13:36:27,27.02,--,54,145908,买盘
1078,13:36:24,27.02,--,50,135100,买盘
1079,13:36:21,27.02,0.02,86,232372,买盘
1080,13:36:12,27.0,-0.02,270,729000,卖盘
1081,13:36:09,27.02,0.01,40,108080,买盘
1082,13:36:06,27.01,--,27,75303,买盘
1083,13:36:03,27.01,-0.01,166,448366,卖盘
1084,13:35:57,27.02,--,33,89166,买盘
1085,13:35:48,27.02,0.01,59,159418,买盘
1086,13:35:45,27.01,-0.01,6,16206,卖盘
1087,13:35:42,27.02,--,4,10808,买盘
1088,13:35:39,27.02,0.01,78,210756,买盘
1089,13:35:36,27.01,-0.01,8,21608,卖盘
1090,13:35:33,27.02,0.01,7,18914,买盘
1091,13:35:27,27.01,--,45,121545,买盘
1092,13:35:24,27.01,--,31,83731,买盘
1093,13:35:21,27.01,0.01,89,240389,买盘
1094,13:35:15,27.0,-0.01,39,105300,卖盘
1095,13:35:12,27.01,--,152,410552,买盘
1096,13:35:09,27.01,--,23,64769,买盘
1097,13:35:06,27.01,0.01,45,121545,买盘
1098,13:35:03,27.0,-0.01,315,851634,卖盘
1099,13:34:57,27.01,0.01,3,8103,买盘
1100,13:34:54,27.0,-0.01,52,140400,卖盘
1101,13:34:48,27.01,--,4,10804,买盘
1102,13:34:42,27.01,--,62,167462,买盘
1103,13:34:39,27.01,0.01,29,78329,买盘
1104,13:34:36,27.0,-0.01,2,5400,卖盘
1105,13:34:33,27.01,0.01,3,8103,买盘
1106,13:34:30,27.0,-0.01,44,118800,卖盘
1107,13:34:27,27.01,--,8,21608,买盘
1108,13:34:24,27.01,--,20,54020,买盘
1109,13:34:21,27.01,--,90,243090,买盘
1110,13:34:18,27.01,--,127,343027,买盘
1111,13:34:15,27.01,--,37,99937,买盘
1112,13:34:12,27.01,--,16,43216,买盘
1113,13:34:09,27.01,--,65,175565,买盘
1114,13:34:03,27.01,0.01,383,1034780,买盘
1115,13:34:00,27.0,-0.01,92,248400,卖盘
1116,13:33:54,27.01,0.01,9,24309,中性盘
1117,13:33:45,27.0,--,160,432000,卖盘
1118,13:33:33,27.0,-0.03,36,97200,卖盘
1119,13:33:30,27.03,0.02,54,145962,买盘
1120,13:33:27,27.01,--,3,8103,买盘
1121,13:33:24,27.01,-0.01,483,1307175,卖盘
1122,13:33:21,27.02,-0.01,41,110782,卖盘
1123,13:33:18,27.03,0.02,93,251379,买盘
1124,13:33:12,27.01,-0.01,39,106878,卖盘
1125,13:33:09,27.02,--,2,5404,卖盘
1126,13:33:06,27.02,-0.02,6,16212,中性盘
1127,13:33:00,27.04,--,42,113568,买盘
1128,13:32:54,27.04,-0.01,1010,2731040,买盘
1129,13:32:48,27.05,--,7,18935,卖盘
1130,13:32:39,27.05,--,43,116315,卖盘
1131,13:32:24,27.05,-0.03,91,246155,卖盘
1132,13:32:18,27.08,0.05,31,83948,买盘
1133,13:32:15,27.03,--,43,116229,卖盘
1134,13:32:06,27.03,--,196,529788,卖盘
1135,13:32:03,27.03,-0.01,38,102714,卖盘
1136,13:32:00,27.04,0.01,29,78416,买盘
1137,13:31:54,27.03,-0.01,20,54060,卖盘
1138,13:31:48,27.04,0.01,8,21632,卖盘
1139,13:31:42,27.03,--,57,154071,卖盘
1140,13:31:30,27.03,-0.06,41,110823,卖盘
1141,13:31:24,27.09,0.01,220,595980,买盘
1142,13:31:18,27.08,0.05,122,330376,买盘
1143,13:31:06,27.03,-0.04,42,113526,卖盘
1144,13:31:03,27.07,--,41,110987,卖盘
1145,13:30:57,27.07,0.04,14,37898,买盘
1146,13:30:54,27.03,-0.01,52,142988,卖盘
1147,13:30:51,27.04,-0.03,2,5408,卖盘
1148,13:30:48,27.07,0.04,12,32484,买盘
1149,13:30:45,27.03,--,41,110823,卖盘
1150,13:30:39,27.03,-0.05,200,540600,卖盘
1151,13:30:36,27.08,0.04,19,51452,买盘
1152,13:30:33,27.04,0.01,36,97344,中性盘
1153,13:30:24,27.03,-0.05,39,105417,卖盘
1154,13:30:21,27.08,0.04,78,211224,买盘
1155,13:30:18,27.04,--,31,83824,卖盘
1156,13:30:09,27.04,-0.01,68,183872,卖盘
1157,13:30:06,27.05,0.02,1,2705,中性盘
1158,13:30:00,27.03,-0.05,38,102714,卖盘
1159,13:29:54,27.08,0.05,220,595760,买盘
1160,13:29:48,27.03,-0.02,40,108120,卖盘
1161,13:29:45,27.05,0.02,1,2705,买盘
1162,13:29:39,27.03,-0.01,44,118932,卖盘
1163,13:29:33,27.04,--,31,83824,买盘
1164,13:29:27,27.04,-0.02,11,29744,卖盘
1165,13:29:21,27.06,0.02,79,213774,买盘
1166,13:29:15,27.04,-0.01,44,118976,卖盘
1167,13:29:12,27.05,--,3,8115,买盘
1168,13:29:09,27.05,-0.02,19,51395,卖盘
1169,13:29:06,27.07,0.02,42,113694,买盘
1170,13:29:00,27.05,--,10,27050,卖盘
1171,13:28:54,27.05,0.01,1,2705,卖盘
1172,13:28:51,27.04,-0.02,57,154128,卖盘
1173,13:28:48,27.06,--,2,5412,买盘
1174,13:28:42,27.06,--,45,121770,买盘
1175,13:28:39,27.06,0.02,3,8118,买盘
1176,13:28:36,27.04,--,2,5408,卖盘
1177,13:28:33,27.04,--,2,5408,卖盘
1178,13:28:30,27.04,-0.04,43,116272,卖盘
1179,13:28:21,27.08,0.04,117,316836,买盘
1180,13:28:15,27.04,-0.01,2,5408,卖盘
1181,13:28:12,27.05,0.01,31,83855,卖盘
1182,13:28:09,27.04,--,51,137904,卖盘
1183,13:27:57,27.04,0.01,42,113568,卖盘
1184,13:27:42,27.03,-0.04,42,113526,卖盘
1185,13:27:39,27.07,--,24,64968,买盘
1186,13:27:36,27.07,0.03,1,2707,买盘
1187,13:27:33,27.04,-0.03,42,113568,卖盘
1188,13:27:24,27.07,0.01,243,657801,买盘
1189,13:27:21,27.06,0.02,79,213774,买盘
1190,13:27:12,27.04,--,44,118976,卖盘
1191,13:27:06,27.04,--,4,10816,卖盘
1192,13:27:03,27.04,--,1,2704,卖盘
1193,13:27:00,27.04,-0.03,40,108160,卖盘
1194,13:26:50,27.07,0.02,51,138057,买盘
1195,13:26:38,27.05,0.01,1,2705,买盘
1196,13:26:35,27.04,-0.03,42,113568,卖盘
1197,13:26:32,27.07,0.03,3,8121,中性盘
1198,13:26:23,27.04,-0.04,43,116272,卖盘
1199,13:26:20,27.08,--,7,18956,买盘
1200,13:26:17,27.08,0.03,79,213932,买盘
1201,13:26:14,27.05,-0.01,37,100085,卖盘
1202,13:26:08,27.06,0.01,1,2706,中性盘
1203,13:26:02,27.05,0.01,41,110905,中性盘
1204,13:25:53,27.04,-0.03,37,100048,卖盘
1205,13:25:50,27.07,0.03,5,13535,买盘
1206,13:25:41,27.04,-0.03,38,102752,卖盘
1207,13:25:38,27.07,--,1,2707,买盘
1208,13:25:32,27.07,0.03,2,5414,买盘
1209,13:25:26,27.04,--,83,224432,卖盘
1210,13:25:20,27.04,-0.05,6,16224,卖盘
1211,13:25:17,27.09,0.04,117,316953,买盘
1212,13:25:05,27.05,--,37,100085,卖盘
1213,13:24:56,27.05,0.01,47,127135,卖盘
1214,13:24:44,27.04,-0.01,56,151424,卖盘
1215,13:24:41,27.05,0.01,2,5410,中性盘
1216,13:24:32,27.04,-0.04,39,105456,卖盘
1217,13:24:29,27.08,0.04,1,2708,买盘
1218,13:24:20,27.04,-0.04,37,100048,卖盘
1219,13:24:17,27.08,0.04,79,213932,买盘
1220,13:24:08,27.04,--,42,113568,卖盘
1221,13:23:59,27.04,--,41,110864,卖盘
1222,13:23:47,27.04,-0.03,39,105456,卖盘
1223,13:23:41,27.07,0.03,4,10828,买盘
1224,13:23:38,27.04,--,41,110864,卖盘
1225,13:23:26,27.04,-0.03,50,135200,卖盘
1226,13:23:23,27.07,--,1,2707,买盘
1227,13:23:20,27.07,0.01,79,213853,买盘
1228,13:23:14,27.06,0.02,1,2706,买盘
1229,13:23:11,27.04,--,43,116272,卖盘
1230,13:23:02,27.04,-0.02,39,105456,卖盘
1231,13:22:59,27.06,0.01,6,17778,买盘
1232,13:22:53,27.05,-0.01,33,90428,卖盘
1233,13:22:44,27.06,-0.01,20,54120,卖盘
1234,13:22:41,27.07,0.01,11,29777,买盘
1235,13:22:38,27.06,0.01,43,116358,中性盘
1236,13:22:29,27.05,-0.02,40,108200,卖盘
1237,13:22:26,27.07,-0.01,1,2707,买盘
1238,13:22:20,27.08,0.03,79,213932,买盘
1239,13:22:17,27.05,-0.03,40,108200,卖盘
1240,13:22:14,27.08,0.03,17,46036,买盘
1241,13:22:05,27.05,--,43,116315,卖盘
1242,13:21:53,27.05,-0.03,43,116315,卖盘
1243,13:21:44,27.08,0.02,38,102904,买盘
1244,13:21:41,27.06,-0.02,5,13530,卖盘
1245,13:21:38,27.08,--,29,78532,卖盘
1246,13:21:32,27.08,--,44,119151,卖盘
1247,13:21:29,27.08,--,5,13540,卖盘
1248,13:21:23,27.08,0.03,1,2708,中性盘
1249,13:21:20,27.05,--,145,392225,卖盘
1250,13:21:17,27.05,-0.03,3,8115,卖盘
1251,13:21:11,27.08,0.03,40,108320,买盘
1252,13:21:08,27.05,--,20,54100,卖盘
1253,13:21:05,27.05,--,7,18935,卖盘
1254,13:21:02,27.05,--,5,13525,卖盘
1255,13:20:56,27.05,--,38,102790,卖盘
1256,13:20:50,27.05,--,6,16230,卖盘
1257,13:20:44,27.05,-0.04,42,113610,卖盘
1258,13:20:41,27.09,0.04,1,2709,买盘
1259,13:20:35,27.05,-0.05,39,105495,卖盘
1260,13:20:32,27.1,0.05,74,200540,买盘
1261,13:20:26,27.05,-0.04,6,16230,卖盘
1262,13:20:23,27.09,--,37,100233,卖盘
1263,13:20:20,27.09,0.04,49,134285,买盘
1264,13:20:17,27.05,--,6,16230,卖盘
1265,13:20:08,27.05,-0.02,59,159595,卖盘
1266,13:20:05,27.07,--,19,51433,买盘
1267,13:20:02,27.07,-0.02,15,41769,卖盘
1268,13:19:59,27.09,0.02,10,27090,买盘
1269,13:19:53,27.07,--,2,6956,卖盘
1270,13:19:47,27.07,0.03,45,121815,卖盘
1271,13:19:38,27.04,-0.05,43,116272,卖盘
1272,13:19:26,27.09,--,49,132741,买盘
1273,13:19:20,27.09,0.02,79,214011,买盘
1274,13:19:17,27.07,--,45,121815,买盘
1275,13:19:14,27.07,0.03,1,2707,买盘
1276,13:19:05,27.04,-0.05,39,105456,卖盘
1277,13:18:59,27.09,0.05,5,13545,买盘
1278,13:18:53,27.04,--,39,105456,卖盘
1279,13:18:44,27.04,-0.06,44,118976,卖盘
1280,13:18:32,27.1,0.05,24,65040,买盘
1281,13:18:26,27.05,0.01,45,121725,买盘
1282,13:18:23,27.04,--,4,10816,买盘
1283,13:18:20,27.04,-0.06,39,105456,卖盘
1284,13:18:17,27.1,0.06,236,639560,买盘
1285,13:18:08,27.04,--,42,113568,卖盘
1286,13:18:05,27.04,-0.05,6,16224,卖盘
1287,13:18:02,27.09,0.05,1,2709,买盘
1288,13:17:56,27.04,-0.01,51,137904,卖盘
1289,13:17:50,27.05,--,27,73035,买盘
1290,13:17:47,27.05,0.01,10,27050,中性盘
1291,13:17:35,27.04,--,45,121680,卖盘
1292,13:17:23,27.04,-0.06,38,102752,卖盘
1293,13:17:17,27.1,0.06,79,214090,买盘
1294,13:17:11,27.04,-0.04,41,110864,卖盘
1295,13:17:08,27.08,0.06,36,97488,买盘
1296,13:17:02,27.02,-0.06,37,99974,卖盘
1297,13:16:59,27.08,0.02,142,384536,买盘
1298,13:16:56,27.06,0.03,41,112109,买盘
1299,13:16:53,27.03,-0.02,126,341956,卖盘
1300,13:16:47,27.05,--,379,1026520,买盘
1301,13:16:38,27.05,0.02,59,159595,买盘
1302,13:16:35,27.03,--,12,32436,买盘
1303,13:16:32,27.03,--,10,27030,买盘
1304,13:16:29,27.03,-0.02,21,56763,卖盘
1305,13:16:26,27.05,--,29,78445,买盘
1306,13:16:17,27.05,--,148,400340,买盘
1307,13:16:11,27.05,--,5,13525,买盘
1308,13:16:08,27.05,--,100,270500,买盘
1309,13:16:05,27.05,--,47,127135,买盘
1310,13:16:02,27.05,0.02,1,2705,买盘
1311,13:15:56,27.03,--,56,151368,卖盘
1312,13:15:53,27.03,-0.02,43,116229,卖盘
1313,13:15:47,27.05,0.02,5,13525,买盘
1314,13:15:44,27.03,--,38,102714,卖盘
1315,13:15:38,27.03,--,8,21624,卖盘
1316,13:15:35,27.03,--,3,8109,卖盘
1317,13:15:32,27.03,--,43,116229,卖盘
1318,13:15:20,27.03,-0.02,116,313548,卖盘
1319,13:15:17,27.05,--,1,2705,买盘
1320,13:15:11,27.05,0.03,11,29755,买盘
1321,13:15:08,27.02,-0.01,41,110782,卖盘
1322,13:15:05,27.03,-0.02,6,16218,卖盘
1323,13:14:56,27.05,--,50,135250,买盘
1324,13:14:53,27.05,--,1,2705,买盘
1325,13:14:47,27.05,0.02,4,10820,买盘
1326,13:14:41,27.03,-0.02,100,270300,卖盘
1327,13:14:38,27.05,0.03,3,8115,买盘
1328,13:14:32,27.02,--,101,272902,卖盘
1329,13:14:23,27.02,-0.01,42,113484,卖盘
1330,13:14:20,27.03,--,82,221646,卖盘
1331,13:14:14,27.03,--,37,100011,卖盘
1332,13:14:11,27.03,--,10,27030,卖盘
1333,13:14:08,27.03,0.01,1,2703,中性盘
1334,13:13:59,27.02,-0.01,43,116186,卖盘
1335,13:13:56,27.03,--,6,16218,卖盘
1336,13:13:53,27.03,--,10,27030,卖盘
1337,13:13:50,27.03,--,12,32436,买盘
1338,13:13:44,27.03,--,5,13515,买盘
1339,13:13:41,27.03,0.01,2,5406,买盘
1340,13:13:38,27.02,--,56,151312,卖盘
1341,13:13:35,27.02,-0.01,6,16212,卖盘
1342,13:13:32,27.03,0.01,2,5406,买盘
1343,13:13:26,27.02,--,43,116186,卖盘
1344,13:13:23,27.02,-0.03,8,21616,卖盘
1345,13:13:20,27.05,0.03,80,216400,买盘
1346,13:13:17,27.02,-0.03,44,118888,卖盘
1347,13:13:11,27.05,0.03,3,8115,买盘
1348,13:13:05,27.02,-0.02,40,108080,卖盘
1349,13:12:59,27.04,--,29,78416,买盘
1350,13:12:53,27.04,0.02,40,108160,买盘
1351,13:12:50,27.02,-0.02,27,72954,卖盘
1352,13:12:41,27.04,-0.01,9,24336,卖盘
1353,13:12:38,27.05,0.03,47,127135,卖盘
1354,13:12:29,27.02,-0.02,37,99974,卖盘
1355,13:12:26,27.04,-0.02,2,5408,中性盘
1356,13:12:23,27.06,0.02,32,86592,买盘
1357,13:12:20,27.04,0.03,117,316368,买盘
1358,13:12:14,27.01,-0.03,50,135050,卖盘
1359,13:12:11,27.04,--,8,21632,买盘
1360,13:12:08,27.04,--,119,321776,买盘
1361,13:12:02,27.04,--,9,24336,买盘
1362,13:11:59,27.04,0.02,3,8112,买盘
1363,13:11:56,27.02,-0.02,42,113484,卖盘
1364,13:11:53,27.04,--,10,27040,买盘
1365,13:11:50,27.04,--,3,8112,买盘
1366,13:11:44,27.04,--,45,121680,买盘
1367,13:11:41,27.04,0.01,40,108160,买盘
1368,13:11:38,27.03,--,8,21624,卖盘
1369,13:11:35,27.03,0.01,11,29733,买盘
1370,13:11:32,27.02,-0.02,40,108080,卖盘
1371,13:11:23,27.04,--,40,108160,买盘
1372,13:11:20,27.04,0.02,90,243360,买盘
1373,13:11:17,27.02,--,92,248584,买盘
1374,13:11:14,27.02,--,64,172928,买盘
1375,13:11:05,27.02,--,4,10808,买盘
1376,13:11:02,27.02,0.01,11,29722,买盘
1377,13:10:59,27.01,-0.01,43,116143,卖盘
1378,13:10:56,27.02,--,5,13510,买盘
1379,13:10:53,27.02,--,10,27020,买盘
1380,13:10:50,27.02,-0.02,38,102676,卖盘
1381,13:10:47,27.04,0.02,1,2704,买盘
1382,13:10:44,27.02,0.01,9,24318,中性盘
1383,13:10:38,27.01,--,43,116143,卖盘
1384,13:10:23,27.01,-0.04,48,129648,卖盘
1385,13:10:20,27.05,0.04,80,216400,买盘
1386,13:10:14,27.01,-0.04,37,99937,卖盘
1387,13:10:11,27.05,0.01,1,2705,买盘
1388,13:10:08,27.04,--,5,13520,卖盘
1389,13:10:02,27.04,--,41,110864,卖盘
1390,13:09:59,27.04,0.03,11,29744,卖盘
1391,13:09:53,27.01,-0.04,41,110741,卖盘
1392,13:09:50,27.05,--,1,2705,买盘
1393,13:09:44,27.05,0.04,6,16230,买盘
1394,13:09:41,27.01,-0.04,37,99937,卖盘
1395,13:09:32,27.05,0.04,42,113610,买盘
1396,13:09:26,27.01,-0.04,1,2701,卖盘
1397,13:09:17,27.05,0.04,134,362470,买盘
1398,13:09:05,27.01,0.01,41,110741,卖盘
1399,13:08:56,27.0,--,38,102600,卖盘
1400,13:08:47,27.0,--,15,40500,卖盘
1401,13:08:44,27.0,--,39,105300,卖盘
1402,13:08:41,27.0,-0.05,8,21600,卖盘
1403,13:08:38,27.05,0.05,4,10820,买盘
1404,13:08:35,27.0,--,58,156600,卖盘
1405,13:08:29,27.0,--,2,5400,卖盘
1406,13:08:23,27.0,-0.05,42,113400,卖盘
1407,13:08:16,27.05,0.05,80,216400,买盘
1408,13:08:13,27.0,-0.02,392,1058400,卖盘
1409,13:08:10,27.02,--,17,45934,卖盘
1410,13:08:07,27.02,--,41,110782,卖盘
1411,13:07:58,27.02,0.01,37,99974,卖盘
1412,13:07:49,27.01,-0.01,39,105339,卖盘
1413,13:07:40,27.02,-0.01,8,21616,卖盘
1414,13:07:37,27.03,0.02,38,102714,买盘
1415,13:07:25,27.01,-0.04,44,118844,卖盘
1416,13:07:19,27.05,0.04,81,219105,买盘
1417,13:07:13,27.01,-0.01,40,108040,卖盘
1418,13:07:07,27.02,--,14,39368,买盘
1419,13:07:04,27.02,--,1,2702,买盘
1420,13:07:01,27.02,-0.01,22,60605,卖盘
1421,13:06:58,27.03,-0.02,6,16218,卖盘
1422,13:06:55,27.05,0.02,71,192055,买盘
1423,13:06:52,27.03,0.01,0,1540,买盘
1424,13:06:49,27.02,-0.01,37,99974,中性盘
1425,13:06:40,27.03,0.02,48,129744,中性盘
1426,13:06:28,27.01,-0.04,46,124246,卖盘
1427,13:06:22,27.05,0.04,80,216400,买盘
1428,13:06:13,27.01,--,40,108040,卖盘
1429,13:06:10,27.01,--,33,90213,买盘
1430,13:06:07,27.01,-0.01,4,12424,卖盘
1431,13:05:52,27.02,-0.03,38,102676,卖盘
1432,13:05:49,27.05,0.01,2,5410,买盘
1433,13:05:46,27.04,0.02,83,225513,买盘
1434,13:05:37,27.02,--,9,24318,卖盘
1435,13:05:31,27.02,0.02,46,124292,中性盘
1436,13:05:19,27.0,-0.01,123,332100,卖盘
1437,13:05:10,27.01,--,54,145854,买盘
1438,13:05:07,27.01,--,601,1623301,买盘
1439,13:05:04,27.01,--,2,5402,买盘
1440,13:05:01,27.01,0.01,6,16206,买盘
1441,13:04:58,27.0,--,43,116100,卖盘
1442,13:04:49,27.0,--,266,718200,卖盘
1443,13:04:40,27.0,-0.01,46,124200,卖盘
1444,13:04:37,27.01,0.01,10,27010,中性盘
1445,13:04:34,27.0,-0.01,38,102600,卖盘
1446,13:04:28,27.01,--,12,32412,卖盘
1447,13:04:22,27.01,-0.03,42,113442,卖盘
1448,13:04:19,27.04,0.04,83,224432,买盘
1449,13:04:16,27.0,--,24,64800,卖盘
1450,13:04:13,27.0,--,57,153900,卖盘
1451,13:04:10,27.0,--,8,21600,卖盘
1452,13:04:04,27.0,--,5,13500,卖盘
1453,13:04:01,27.0,--,50,135000,卖盘
1454,13:03:55,27.0,0.01,91,245700,买盘
1455,13:03:52,26.99,0.02,1,2699,中性盘
1456,13:03:49,26.97,-0.02,43,115971,卖盘
1457,13:03:37,26.99,0.01,51,137649,卖盘
1458,13:03:28,26.98,--,5,13490,买盘
1459,13:03:25,26.98,-0.02,40,107920,卖盘
1460,13:03:22,27.0,-0.04,6,16200,卖盘
1461,13:03:19,27.04,0.03,127,345030,买盘
1462,13:03:16,27.01,--,10,27010,卖盘
1463,13:03:13,27.01,0.01,43,116143,中性盘
1464,13:03:07,27.0,--,17,45900,卖盘
1465,13:03:04,27.0,--,45,121500,卖盘
1466,13:03:01,27.0,-0.01,431,1163700,卖盘
1467,13:02:58,27.01,-0.01,6,16206,卖盘
1468,13:02:55,27.02,0.01,7,18914,买盘
1469,13:02:52,27.01,--,39,105339,卖盘
1470,13:02:43,27.01,--,42,113442,卖盘
1471,13:02:40,27.01,--,8,21608,卖盘
1472,13:02:37,27.01,0.01,3,8103,中性盘
1473,13:02:28,27.0,-0.01,41,110700,卖盘
1474,13:02:25,27.01,--,131,353831,卖盘
1475,13:02:19,27.01,-0.04,46,124246,卖盘
1476,13:02:16,27.05,0.01,80,216400,买盘
1477,13:02:13,27.04,0.03,2,5408,买盘
1478,13:02:10,27.01,-0.03,6,16206,卖盘
1479,13:02:07,27.04,0.03,40,108160,买盘
1480,13:02:04,27.01,--,6,16206,卖盘
1481,13:01:55,27.01,--,40,108040,卖盘
1482,13:01:46,27.01,--,36,97236,卖盘
1483,13:01:40,27.01,-0.04,16,44296,卖盘
1484,13:01:34,27.05,--,46,124430,买盘
1485,13:01:31,27.05,0.05,7,18935,中性盘
1486,13:01:25,27.0,-0.06,40,108000,卖盘
1487,13:01:16,27.06,0.05,81,219186,买盘
1488,13:01:10,27.01,-0.04,42,113442,卖盘
1489,13:01:01,27.05,0.05,7,18935,买盘
1490,13:00:58,27.0,-0.05,38,102600,卖盘
1491,13:00:52,27.05,0.07,61,165005,买盘
1492,13:00:40,26.98,--,110,296780,卖盘
1493,13:00:28,26.98,--,40,107920,卖盘
1494,13:00:19,26.98,-0.01,68,183464,卖盘
1495,13:00:16,26.99,-0.01,37,99863,卖盘
1496,13:00:07,27.0,-0.05,237,641736,卖盘
1497,13:00:04,27.05,0.01,4152,11231160,买盘
1498,13:00:01,27.04,--,192,519168,中性盘
1499,11:30:00,27.04,--,3,8112,买盘
1500,11:29:57,27.04,--,11,29744,买盘
1501,11:29:54,27.04,0.02,1,2704,买盘
1502,11:29:48,27.02,--,42,113484,卖盘
1503,11:29:39,27.02,--,8,21616,卖盘
1504,11:29:36,27.02,--,38,102676,卖盘
1505,11:29:32,27.02,-0.01,8,21616,卖盘
1506,11:29:29,27.03,0.01,2,5406,买盘
1507,11:29:26,27.02,--,3,8106,卖盘
1508,11:29:23,27.02,--,37,99974,卖盘
1509,11:29:20,27.02,--,120,324240,卖盘
1510,11:29:11,27.02,--,57,154014,卖盘
1511,11:29:08,27.02,-0.01,682,1842764,卖盘
1512,11:29:05,27.03,0.01,2,5406,中性盘
1513,11:28:59,27.02,-0.03,43,116186,卖盘
1514,11:28:50,27.05,--,45,121725,买盘
1515,11:28:44,27.05,0.02,33,89265,买盘
1516,11:28:41,27.03,0.01,1,2703,买盘
1517,11:28:38,27.02,-0.01,43,116186,卖盘
1518,11:28:35,27.03,-0.03,4,10812,卖盘
1519,11:28:32,27.06,0.04,2,5412,买盘
1520,11:28:29,27.02,--,105,283710,卖盘
1521,11:28:26,27.02,-0.04,38,102676,卖盘
1522,11:28:20,27.06,0.04,81,219186,买盘
1523,11:28:17,27.02,-0.01,42,113484,卖盘
1524,11:28:11,27.03,0.01,7,18921,卖盘
1525,11:28:02,27.02,-0.04,38,102676,卖盘
1526,11:27:59,27.06,0.04,1,2706,买盘
1527,11:27:56,27.02,--,5,13510,卖盘
1528,11:27:53,27.02,-0.03,42,113484,卖盘
1529,11:27:50,27.05,0.02,6,16230,买盘
1530,11:27:44,27.03,--,8,21624,卖盘
1531,11:27:41,27.03,-0.01,39,105417,卖盘
1532,11:27:38,27.04,0.01,15,40560,卖盘
1533,11:27:35,27.03,--,2,5406,卖盘
1534,11:27:32,27.03,-0.01,38,102714,卖盘
1535,11:27:29,27.04,0.02,7,18928,卖盘
1536,11:27:20,27.02,-0.01,123,332346,卖盘
1537,11:27:11,27.03,--,7,18921,卖盘
1538,11:27:08,27.03,-0.02,43,116229,卖盘
1539,11:27:05,27.05,0.02,10,27050,卖盘
1540,11:26:56,27.03,-0.04,43,116229,卖盘
1541,11:26:50,27.07,0.01,13,35191,买盘
1542,11:26:47,27.06,0.02,3,8118,买盘
1543,11:26:44,27.04,-0.02,38,102752,卖盘
1544,11:26:38,27.06,--,8,21648,卖盘
1545,11:26:35,27.06,0.03,5,13530,卖盘
1546,11:26:32,27.03,-0.01,39,105417,卖盘
1547,11:26:29,27.04,0.01,11,29744,卖盘
1548,11:26:23,27.03,-0.04,42,113526,卖盘
1549,11:26:17,27.07,0.04,82,221974,买盘
1550,11:26:11,27.03,-0.03,48,129744,卖盘
1551,11:26:08,27.06,0.02,37,100122,买盘
1552,11:26:05,27.04,0.01,11,29744,中性盘
1553,11:26:02,27.03,-0.01,64,172992,卖盘
1554,11:25:59,27.04,--,2,5408,中性盘
1555,11:25:56,27.04,0.01,18,48672,买盘
1556,11:25:53,27.03,--,70,189210,卖盘
1557,11:25:47,27.03,-0.01,39,105417,卖盘
1558,11:25:44,27.04,0.01,6,16224,中性盘
1559,11:25:38,27.03,--,63,170289,卖盘
1560,11:25:32,27.03,-0.01,7,18921,卖盘
1561,11:25:29,27.04,0.01,21,56784,买盘
1562,11:25:26,27.03,--,37,100011,卖盘
1563,11:25:23,27.03,-0.01,7,18921,卖盘
1564,11:25:20,27.04,-0.03,7,18928,中性盘
1565,11:25:17,27.07,0.04,126,341082,买盘
1566,11:25:11,27.03,--,23,62169,卖盘
1567,11:25:08,27.03,-0.04,7,18921,卖盘
1568,11:25:05,27.07,0.04,53,143471,买盘
1569,11:25:02,27.03,-0.02,17,45951,卖盘
1570,11:24:59,27.05,--,3,8115,买盘
1571,11:24:56,27.05,0.02,2,5410,买盘
1572,11:24:53,27.03,-0.01,45,121635,卖盘
1573,11:24:44,27.04,-0.04,38,102752,卖盘
1574,11:24:38,27.08,0.03,13,35204,买盘
1575,11:24:32,27.05,0.01,24,64920,中性盘
1576,11:24:29,27.04,--,82,221728,卖盘
1577,11:24:20,27.04,-0.04,41,110864,卖盘
1578,11:24:17,27.08,0.03,81,219348,买盘
1579,11:24:11,27.05,0.01,1,2705,买盘
1580,11:24:08,27.04,--,51,137904,卖盘
1581,11:23:56,27.04,0.01,37,100048,中性盘
1582,11:23:47,27.03,-0.05,38,102714,卖盘
1583,11:23:44,27.08,0.04,33,89364,买盘
1584,11:23:41,27.04,-0.04,140,378560,卖盘
1585,11:23:35,27.08,0.04,1,2708,买盘
1586,11:23:29,27.04,--,2,5408,卖盘
1587,11:23:26,27.04,0.01,23,62192,中性盘
1588,11:23:23,27.03,-0.02,43,116229,卖盘
1589,11:23:20,27.05,-0.04,1,2705,买盘
1590,11:23:17,27.09,0.05,81,219429,买盘
1591,11:23:11,27.04,-0.02,46,125925,卖盘
1592,11:23:08,27.06,-0.02,7,18942,中性盘
1593,11:23:05,27.08,--,4,10832,买盘
1594,11:23:02,27.08,0.05,19,51452,中性盘
1595,11:22:59,27.03,-0.05,46,124338,卖盘
1596,11:22:53,27.08,0.05,16,45575,买盘
1597,11:22:50,27.03,-0.01,37,100011,卖盘
1598,11:22:44,27.04,-0.01,9,24336,卖盘
1599,11:22:41,27.05,0.02,9,24345,中性盘
1600,11:22:38,27.03,--,42,113526,卖盘
1601,11:22:29,27.03,-0.02,40,108120,卖盘
1602,11:22:26,27.05,0.02,25,67625,中性盘
1603,11:22:20,27.03,-0.05,103,278409,卖盘
1604,11:22:17,27.08,0.03,81,219348,买盘
1605,11:22:14,27.05,--,44,119020,卖盘
1606,11:22:11,27.05,--,2,5410,卖盘
1607,11:22:08,27.05,--,7,18935,卖盘
1608,11:22:05,27.05,0.01,43,116315,卖盘
1609,11:21:59,27.04,--,3,8112,买盘
1610,11:21:53,27.04,-0.01,54,146016,卖盘
1611,11:21:50,27.05,0.01,1,2705,中性盘
1612,11:21:41,27.04,-0.01,37,100048,卖盘
1613,11:21:38,27.05,-0.02,8,21640,卖盘
1614,11:21:35,27.07,0.02,5,13535,买盘
1615,11:21:32,27.05,-0.02,56,151480,卖盘
1616,11:21:29,27.07,0.02,7,18949,买盘
1617,11:21:26,27.05,-0.02,3,8115,卖盘
1618,11:21:23,27.07,0.02,31,83917,买盘
1619,11:21:20,27.05,--,122,330010,卖盘
1620,11:21:17,27.05,--,17,45985,卖盘
1621,11:21:11,27.05,--,2,5410,卖盘
1622,11:21:05,27.05,--,75,202875,卖盘
1623,11:21:02,27.05,-0.03,1,2705,卖盘
1624,11:20:59,27.08,0.03,30,81240,买盘
1625,11:20:56,27.05,-0.03,42,113610,卖盘
1626,11:20:53,27.08,0.03,7,18956,买盘
1627,11:20:44,27.05,--,38,102790,卖盘
1628,11:20:38,27.05,0.01,119,321895,买盘
1629,11:20:35,27.04,-0.01,47,127088,卖盘
1630,11:20:32,27.05,--,4,10820,买盘
1631,11:20:29,27.05,0.02,7,18935,买盘
1632,11:20:26,27.03,--,2,5406,卖盘
1633,11:20:23,27.03,-0.02,43,116229,卖盘
1634,11:20:20,27.05,--,81,219105,买盘
1635,11:20:17,27.05,--,19,51395,买盘
1636,11:20:14,27.05,0.02,45,121725,买盘
1637,11:20:11,27.03,-0.02,44,118932,卖盘
1638,11:20:08,27.05,0.01,2,5410,买盘
1639,11:20:02,27.04,--,15,40560,买盘
1640,11:19:59,27.04,--,52,140608,买盘
1641,11:19:56,27.04,--,2,5408,卖盘
1642,11:19:53,27.04,-0.01,12,32448,卖盘
1643,11:19:50,27.05,0.02,1,2705,买盘
1644,11:19:47,27.03,-0.01,37,100011,卖盘
1645,11:19:41,27.04,--,6,16224,卖盘
1646,11:19:38,27.04,-0.03,47,127088,卖盘
1647,11:19:35,27.07,0.02,13,35191,买盘
1648,11:19:32,27.05,--,10,27050,卖盘
1649,11:19:29,27.05,--,15,40575,卖盘
1650,11:19:26,27.05,-0.03,46,124430,中性盘
1651,11:19:23,27.08,0.01,36,97488,买盘
1652,11:19:20,27.07,--,82,221974,买盘
1653,11:19:17,27.07,0.03,7,18949,买盘
1654,11:19:14,27.04,--,58,156832,卖盘
1655,11:19:11,27.04,--,9,24336,卖盘
1656,11:19:08,27.04,--,3,8112,买盘
1657,11:19:05,27.04,--,47,127088,买盘
1658,11:19:02,27.04,--,1,2704,买盘
1659,11:18:53,27.04,--,33,89232,卖盘
1660,11:18:47,27.04,0.01,11,29744,中性盘
1661,11:18:38,27.03,-0.05,68,183804,卖盘
1662,11:18:35,27.08,0.05,14,37912,买盘
1663,11:18:29,27.03,--,76,205428,卖盘
1664,11:18:23,27.03,0.01,3,8109,中性盘
1665,11:18:20,27.02,-0.04,18,48636,卖盘
1666,11:18:17,27.06,0.02,112,303072,买盘
1667,11:18:14,27.04,0.02,1,2704,买盘
1668,11:18:11,27.02,--,7,18914,卖盘
1669,11:18:08,27.02,--,60,162120,卖盘
1670,11:18:05,27.02,--,23,63091,卖盘
1671,11:18:02,27.02,--,7,18914,卖盘
1672,11:17:59,27.02,--,1,2702,卖盘
1673,11:17:56,27.02,0.01,170,459340,买盘
1674,11:17:53,27.01,--,41,110741,卖盘
1675,11:17:50,27.01,--,5,13505,卖盘
1676,11:17:44,27.01,--,22,59422,卖盘
1677,11:17:41,27.01,-0.01,62,167462,卖盘
1678,11:17:38,27.02,0.01,50,135100,买盘
1679,11:17:35,27.01,--,7,18907,卖盘
1680,11:17:32,27.01,--,52,141991,卖盘
1681,11:17:29,27.01,-0.01,8,21608,卖盘
1682,11:17:26,27.02,--,5,13510,买盘
1683,11:17:23,27.02,-0.01,486,1313172,卖盘
1684,11:17:17,27.03,0.01,82,221646,买盘
1685,11:17:14,27.02,-0.01,27,72954,卖盘
1686,11:17:11,27.03,0.01,79,213537,买盘
1687,11:17:08,27.02,-0.01,50,135100,卖盘
1688,11:17:05,27.03,0.01,21,56763,买盘
1689,11:17:02,27.02,-0.02,589,1593234,卖盘
1690,11:16:59,27.04,--,99,267696,买盘
1691,11:16:50,27.04,0.01,7,18928,买盘
1692,11:16:47,27.03,-0.01,55,148665,卖盘
1693,11:16:44,27.04,0.01,3,8112,买盘
1694,11:16:41,27.03,-0.02,118,318954,卖盘
1695,11:16:35,27.05,0.01,52,140660,买盘
1696,11:16:32,27.04,-0.01,49,132496,卖盘
1697,11:16:29,27.05,--,30,81150,卖盘
1698,11:16:23,27.05,-0.02,42,113610,卖盘
1699,11:16:17,27.07,0.02,84,227388,买盘
1700,11:16:11,27.05,-0.02,158,427390,卖盘
1701,11:16:05,27.07,--,10,27070,买盘
1702,11:16:02,27.07,0.01,91,246337,买盘
1703,11:15:56,27.06,--,8,21648,卖盘
1704,11:15:53,27.06,-0.01,11,29766,卖盘
1705,11:15:50,27.07,0.01,44,119108,买盘
1706,11:15:47,27.06,-0.01,10,27060,卖盘
1707,11:15:41,27.07,0.01,57,154299,买盘
1708,11:15:38,27.06,--,1,2706,卖盘
1709,11:15:35,27.06,--,162,438372,卖盘
1710,11:15:32,27.06,--,13,35178,卖盘
1711,11:15:26,27.06,-0.01,112,303072,卖盘
1712,11:15:20,27.07,--,23,62261,卖盘
1713,11:15:17,27.07,--,166,449362,卖盘
1714,11:15:11,27.07,-0.01,58,157006,卖盘
1715,11:15:08,27.08,--,17,46036,卖盘
1716,11:15:05,27.08,--,59,159772,卖盘
1717,11:14:56,27.08,--,10,27080,卖盘
1718,11:14:53,27.08,--,39,105612,卖盘
1719,11:14:50,27.08,--,7,18956,卖盘
1720,11:14:44,27.08,-0.03,79,213932,卖盘
1721,11:14:35,27.11,0.03,24,65064,买盘
1722,11:14:32,27.08,0.01,42,113736,卖盘
1723,11:14:17,27.07,-0.04,123,332961,卖盘
1724,11:14:14,27.11,--,18,48798,卖盘
1725,11:14:08,27.11,--,66,178926,卖盘
1726,11:14:02,27.11,--,3,8133,卖盘
1727,11:13:56,27.11,--,37,100307,卖盘
1728,11:13:47,27.11,0.04,33,89463,买盘
1729,11:13:44,27.07,--,41,110987,卖盘
1730,11:13:35,27.07,-0.04,37,100159,卖盘
1731,11:13:29,27.11,--,2,5422,卖盘
1732,11:13:23,27.11,--,38,103018,卖盘
1733,11:13:20,27.11,0.05,32,86752,买盘
1734,11:13:14,27.06,-0.01,42,113652,卖盘
1735,11:13:08,27.07,-0.01,6,16242,卖盘
1736,11:13:02,27.08,0.01,14,37912,买盘
1737,11:12:59,27.07,-0.04,28,75796,卖盘
1738,11:12:53,27.11,0.03,1,2711,买盘
1739,11:12:47,27.08,0.01,38,102904,卖盘
1740,11:12:44,27.07,--,5,13535,卖盘
1741,11:12:38,27.07,-0.01,49,132643,卖盘
1742,11:12:35,27.08,0.01,5,13540,卖盘
1743,11:12:32,27.07,0.01,1,2707,中性盘
1744,11:12:26,27.06,-0.01,37,100122,卖盘
1745,11:12:20,27.07,-0.03,109,295063,卖盘
1746,11:12:17,27.1,0.03,44,119240,买盘
1747,11:12:11,27.07,0.01,7,18949,卖盘
1748,11:12:05,27.06,-0.01,40,108240,卖盘
1749,11:11:59,27.07,--,4,10828,买盘
1750,11:11:56,27.07,--,10,27070,买盘
1751,11:11:53,27.07,--,46,124522,买盘
1752,11:11:47,27.07,0.01,15,40605,买盘
1753,11:11:41,27.06,-0.01,37,100122,卖盘
1754,11:11:32,27.07,-0.03,24,64968,卖盘
1755,11:11:26,27.1,0.04,1,2710,中性盘
1756,11:11:20,27.06,--,119,322014,卖盘
1757,11:11:14,27.06,--,15,40590,卖盘
1758,11:11:11,27.06,--,7,18942,卖盘
1759,11:11:08,27.06,--,41,110946,卖盘
1760,11:10:59,27.06,-0.04,41,110946,卖盘
1761,11:10:56,27.1,--,4,10840,卖盘
1762,11:10:50,27.1,0.04,19,51490,卖盘
1763,11:10:47,27.06,--,34,92004,买盘
1764,11:10:44,27.06,-0.06,3,8118,卖盘
1765,11:10:41,27.12,0.06,25,67800,中性盘
1766,11:10:32,27.06,-0.04,41,110946,卖盘
1767,11:10:29,27.1,--,11,29810,卖盘
1768,11:10:26,27.1,--,20,54200,卖盘
1769,11:10:23,27.1,--,37,100270,卖盘
1770,11:10:17,27.1,0.04,10,27100,买盘
1771,11:10:14,27.06,--,1,2706,买盘
1772,11:10:10,27.06,0.01,48,129888,中性盘
1773,11:10:07,27.05,--,57,154185,卖盘
1774,11:10:04,27.05,--,50,135250,卖盘
1775,11:10:01,27.05,--,60,162300,卖盘
1776,11:09:55,27.05,--,6,16230,卖盘
1777,11:09:49,27.05,-0.02,43,116315,卖盘
1778,11:09:46,27.07,--,2,5414,买盘
1779,11:09:40,27.07,0.02,18,48726,买盘
1780,11:09:34,27.05,-0.01,39,105495,卖盘
1781,11:09:28,27.06,--,194,524964,卖盘
1782,11:09:25,27.06,-0.01,37,100122,卖盘
1783,11:09:22,27.07,-0.01,28,75796,卖盘
1784,11:09:16,27.08,0.01,86,232887,买盘
1785,11:09:13,27.07,--,50,135350,卖盘
1786,11:09:10,27.07,-0.01,7,18949,卖盘
1787,11:09:07,27.08,0.01,31,83948,买盘
1788,11:09:04,27.07,-0.01,37,100159,卖盘
1789,11:09:01,27.08,--,30,82729,卖盘
1790,11:08:55,27.08,--,16,43328,卖盘
1791,11:08:52,27.08,--,63,170604,卖盘
1792,11:08:49,27.08,--,25,67700,卖盘
1793,11:08:46,27.08,--,32,86656,卖盘
1794,11:08:37,27.08,--,42,113736,卖盘
1795,11:08:31,27.08,--,49,132692,卖盘
1796,11:08:28,27.08,-0.01,44,119151,卖盘
1797,11:08:25,27.09,--,12,32508,卖盘
1798,11:08:22,27.09,--,17,46053,卖盘
1799,11:08:16,27.09,--,132,357588,卖盘
1800,11:08:13,27.09,-0.01,8,21672,卖盘
1801,11:08:10,27.1,0.01,19,51490,卖盘
1802,11:08:07,27.09,-0.01,40,108360,卖盘
1803,11:08:01,27.1,0.01,5,13550,卖盘
1804,11:07:58,27.09,-0.02,5,13545,卖盘
1805,11:07:55,27.11,--,44,119284,买盘
1806,11:07:52,27.11,--,18,48798,卖盘
1807,11:07:49,27.11,0.01,15,40665,卖盘
1808,11:07:46,27.1,-0.01,179,485090,卖盘
1809,11:07:40,27.11,--,16,43376,卖盘
1810,11:07:37,27.11,-0.03,88,238568,卖盘
1811,11:07:31,27.14,0.03,2,5428,买盘
1812,11:07:19,27.11,-0.05,39,105729,卖盘
1813,11:07:16,27.16,0.01,82,222712,买盘
1814,11:07:13,27.15,0.04,7,19005,买盘
1815,11:07:10,27.11,--,40,108440,卖盘
1816,11:07:07,27.11,--,17,46087,卖盘
1817,11:07:04,27.11,--,50,135550,卖盘
1818,11:07:01,27.11,--,18,48798,卖盘
1819,11:06:58,27.11,--,38,103018,卖盘
1820,11:06:52,27.11,--,10,27110,卖盘
1821,11:06:49,27.11,--,42,113862,卖盘
1822,11:06:46,27.11,--,6,16266,卖盘
1823,11:06:43,27.11,--,8,21688,卖盘
1824,11:06:40,27.11,--,8,21688,卖盘
1825,11:06:37,27.11,--,42,113862,卖盘
1826,11:06:34,27.11,0.02,24,65064,买盘
1827,11:06:31,27.09,--,8,21672,卖盘
1828,11:06:25,27.09,-0.02,52,140868,卖盘
1829,11:06:19,27.11,0.02,81,219591,买盘
1830,11:06:13,27.09,-0.01,41,111069,卖盘
1831,11:06:07,27.1,0.01,7,18970,中性盘
1832,11:06:01,27.09,-0.02,44,119196,卖盘
1833,11:05:58,27.11,0.01,2,5422,买盘
1834,11:05:55,27.1,--,15,40650,买盘
1835,11:05:52,27.1,--,59,159890,卖盘
1836,11:05:46,27.1,--,6,16260,买盘
1837,11:05:40,27.1,-0.01,50,135500,卖盘
1838,11:05:31,27.11,--,51,138261,卖盘
1839,11:05:19,27.11,0.02,125,338875,中性盘
1840,11:05:13,27.09,--,5,13545,卖盘
1841,11:05:10,27.09,--,50,135450,卖盘
1842,11:04:55,27.09,-0.06,40,108360,卖盘
1843,11:04:46,27.15,0.05,3,8145,买盘
1844,11:04:43,27.1,--,42,113820,卖盘
1845,11:04:40,27.1,0.01,16,43360,卖盘
1846,11:04:37,27.09,-0.01,42,113778,卖盘
1847,11:04:31,27.1,--,8,21680,卖盘
1848,11:04:22,27.1,-0.06,49,132790,卖盘
1849,11:04:19,27.16,0.05,81,219996,买盘
1850,11:04:16,27.11,-0.04,5,13555,卖盘
1851,11:04:13,27.15,--,49,133035,买盘
1852,11:04:01,27.15,0.05,42,114030,买盘
1853,11:03:52,27.1,-0.05,176,476960,卖盘
1854,11:03:49,27.15,0.04,1,2715,买盘
1855,11:03:43,27.11,--,46,124706,卖盘
1856,11:03:37,27.11,-0.04,43,116573,卖盘
1857,11:03:34,27.15,--,1,2715,买盘
1858,11:03:31,27.15,--,35,95025,买盘
1859,11:03:28,27.15,0.05,1,2715,买盘
1860,11:03:25,27.1,-0.06,39,105690,卖盘
1861,11:03:19,27.16,0.06,127,344932,买盘
1862,11:03:10,27.1,--,31,84010,卖盘
1863,11:03:04,27.1,--,50,135500,卖盘
1864,11:02:58,27.1,--,17,46070,卖盘
1865,11:02:55,27.1,--,41,111110,卖盘
1866,11:02:52,27.1,-0.01,12,32520,卖盘
1867,11:02:46,27.11,--,7,18977,卖盘
1868,11:02:43,27.11,-0.05,9,24399,卖盘
1869,11:02:40,27.16,0.03,46,124936,买盘
1870,11:02:37,27.13,-0.03,14,37982,卖盘
1871,11:02:34,27.16,0.06,1,2716,买盘
1872,11:02:31,27.1,-0.06,41,111110,卖盘
1873,11:02:25,27.16,--,4,10864,卖盘
1874,11:02:22,27.16,--,6,16296,卖盘
1875,11:02:19,27.16,0.05,65,176540,买盘
1876,11:02:13,27.11,0.01,14,37954,买盘
1877,11:02:07,27.1,--,67,181570,卖盘
1878,11:02:01,27.1,--,6,16260,卖盘
1879,11:01:58,27.1,-0.01,41,111110,卖盘
1880,11:01:49,27.11,-0.02,17,46087,卖盘
1881,11:01:37,27.13,0.03,8,21704,中性盘
1882,11:01:31,27.1,-0.06,50,135500,卖盘
1883,11:01:28,27.16,0.06,1,2716,中性盘
1884,11:01:22,27.1,-0.07,46,124660,卖盘
1885,11:01:19,27.17,0.01,7,19019,买盘
1886,11:01:16,27.16,0.05,52,142046,买盘
1887,11:01:10,27.11,0.01,36,97596,卖盘
1888,11:01:01,27.1,-0.05,38,102980,卖盘
1889,11:00:52,27.15,0.05,131,355665,买盘
1890,11:00:49,27.1,-0.01,36,97560,卖盘
1891,11:00:40,27.11,0.01,44,119284,卖盘
1892,11:00:25,27.1,-0.03,36,97560,卖盘
1893,11:00:22,27.13,--,1,2713,买盘
1894,11:00:16,27.13,0.04,81,219753,买盘
1895,11:00:13,27.09,-0.02,44,119196,卖盘
1896,11:00:10,27.11,--,69,187059,买盘
1897,11:00:07,27.11,0.01,12,32532,买盘
1898,11:00:04,27.1,--,39,105690,卖盘
1899,10:59:52,27.1,--,38,102980,卖盘
1900,10:59:46,27.1,--,2,5420,卖盘
1901,10:59:43,27.1,--,38,102980,卖盘
1902,10:59:37,27.1,-0.02,14,37940,卖盘
1903,10:59:34,27.12,0.02,1,2712,买盘
1904,10:59:31,27.1,0.02,41,111110,卖盘
1905,10:59:22,27.08,-0.05,41,111028,卖盘
1906,10:59:16,27.13,0.03,93,252309,买盘
1907,10:59:13,27.1,0.01,10,27100,买盘
1908,10:59:10,27.09,-0.01,1,2709,卖盘
1909,10:59:07,27.1,--,64,173440,买盘
1910,10:59:04,27.1,--,20,54200,买盘
1911,10:58:58,27.1,-0.02,13,35230,卖盘
1912,10:58:52,27.12,-0.01,12,32544,卖盘
1913,10:58:49,27.13,0.01,110,298430,买盘
1914,10:58:46,27.12,--,40,108480,卖盘
1915,10:58:43,27.12,--,1,2712,卖盘
1916,10:58:40,27.12,--,8,21696,卖盘
1917,10:58:37,27.12,0.01,72,195264,中性盘
1918,10:58:34,27.11,-0.02,12,32532,卖盘
1919,10:58:31,27.13,--,10,27130,买盘
1920,10:58:25,27.13,--,1,2713,买盘
1921,10:58:19,27.13,0.01,82,222466,买盘
1922,10:58:16,27.12,--,10,27120,买盘
1923,10:58:13,27.12,0.01,48,130176,买盘
1924,10:58:07,27.11,--,7,18977,卖盘
1925,10:58:04,27.11,0.02,21,56931,买盘
1926,10:58:01,27.09,-0.02,40,108360,卖盘
1927,10:57:55,27.11,--,1,2711,卖盘
1928,10:57:52,27.11,--,3,8133,卖盘
1929,10:57:49,27.11,--,47,127417,卖盘
1930,10:57:40,27.11,0.01,48,130128,买盘
1931,10:57:28,27.1,-0.01,38,102980,卖盘
1932,10:57:25,27.11,-0.02,3,8133,卖盘
1933,10:57:22,27.13,--,10,27130,买盘
1934,10:57:19,27.13,0.03,83,225179,买盘
1935,10:57:16,27.1,-0.01,38,102980,卖盘
1936,10:57:13,27.11,--,6,16266,买盘
1937,10:57:10,27.11,0.01,21,56931,买盘
1938,10:57:07,27.1,-0.01,5,13550,卖盘
1939,10:56:58,27.11,--,12,32532,卖盘
1940,10:56:52,27.11,-0.04,41,111151,卖盘
1941,10:56:49,27.15,0.03,20,54300,买盘
1942,10:56:43,27.12,-0.01,39,105768,卖盘
1943,10:56:40,27.13,0.03,8,21704,中性盘
1944,10:56:31,27.1,-0.03,39,107234,卖盘
1945,10:56:28,27.13,--,39,105807,卖盘
1946,10:56:22,27.13,0.01,40,108520,卖盘
1947,10:56:19,27.12,--,6,16272,买盘
1948,10:56:16,27.12,0.02,9,24408,买盘
1949,10:56:10,27.1,-0.02,40,108400,中性盘
1950,10:56:01,27.12,0.02,30,81360,买盘
1951,10:55:58,27.1,-0.03,20,54200,卖盘
1952,10:55:52,27.13,--,2,5426,买盘
1953,10:55:49,27.13,--,5,13565,买盘
1954,10:55:46,27.13,-0.01,22,59686,卖盘
1955,10:55:37,27.14,--,52,141128,卖盘
1956,10:55:28,27.14,-0.02,18,48852,卖盘
1957,10:55:25,27.16,0.02,12,32592,买盘
1958,10:55:22,27.14,--,44,119416,卖盘
1959,10:55:19,27.14,-0.01,90,244260,卖盘
1960,10:55:13,27.15,0.01,98,266070,买盘
1961,10:55:10,27.14,-0.01,8,21712,卖盘
1962,10:55:07,27.15,0.01,1,2715,买盘
1963,10:55:01,27.14,0.03,61,165554,买盘
1964,10:54:58,27.11,--,11,29821,卖盘
1965,10:54:52,27.11,--,38,103018,卖盘
1966,10:54:40,27.11,--,28,75935,卖盘
1967,10:54:37,27.11,--,56,151816,卖盘
1968,10:54:28,27.11,--,70,189770,卖盘
1969,10:54:25,27.11,--,7,18977,卖盘
1970,10:54:19,27.11,--,83,225013,卖盘
1971,10:54:16,27.11,-0.03,38,103045,中性盘
1972,10:54:13,27.14,0.04,40,108560,买盘
1973,10:54:10,27.1,-0.01,10,27100,卖盘
1974,10:54:07,27.11,--,48,130128,买盘
1975,10:54:04,27.11,0.02,1,2711,买盘
1976,10:54:01,27.09,-0.05,12,32508,卖盘
1977,10:53:58,27.14,0.04,9,24426,买盘
1978,10:53:55,27.1,0.01,33,89430,卖盘
1979,10:53:49,27.09,-0.01,39,105651,卖盘
1980,10:53:40,27.1,0.01,8,21680,中性盘
1981,10:53:31,27.09,--,44,119196,卖盘
1982,10:53:28,27.09,--,17,46053,卖盘
1983,10:53:22,27.09,-0.01,1,2709,卖盘
1984,10:53:19,27.1,--,99,269861,卖盘
1985,10:53:13,27.1,0.01,5,13550,买盘
1986,10:53:10,27.09,-0.01,53,143577,卖盘
1987,10:53:04,27.1,0.01,1,2710,买盘
1988,10:53:01,27.09,--,17,46053,卖盘
1989,10:52:58,27.09,-0.02,42,113778,卖盘
1990,10:52:49,27.11,-0.01,42,113862,中性盘
1991,10:52:43,27.12,--,5,13560,买盘
1992,10:52:40,27.12,0.03,17,46104,买盘
1993,10:52:37,27.09,-0.03,33,89397,卖盘
1994,10:52:34,27.12,0.01,21,56952,买盘
1995,10:52:31,27.11,--,10,27110,卖盘
1996,10:52:25,27.11,-0.03,45,121995,卖盘
1997,10:52:22,27.14,--,10,27140,买盘
1998,10:52:19,27.14,0.01,39,105846,买盘
1999,10:52:16,27.13,0.03,82,222466,中性盘
2000,10:52:13,27.1,--,39,105690,卖盘
2001,10:52:10,27.1,--,8,21680,卖盘
2002,10:52:04,27.1,-0.04,39,105690,卖盘
2003,10:51:58,27.14,0.04,1,2714,买盘
2004,10:51:49,27.1,--,42,113820,卖盘
2005,10:51:43,27.1,--,45,121950,卖盘
2006,10:51:40,27.1,--,9,24390,卖盘
2007,10:51:37,27.1,--,1,2710,卖盘
2008,10:51:34,27.1,--,44,119240,卖盘
2009,10:51:28,27.1,-0.01,12,32520,卖盘
2010,10:51:22,27.11,0.01,2,5422,中性盘
2011,10:51:16,27.1,-0.01,119,322490,卖盘
2012,10:51:13,27.11,--,14,37954,卖盘
2013,10:51:10,27.11,0.01,8,21688,卖盘
2014,10:51:07,27.1,--,43,116530,卖盘
2015,10:51:04,27.1,-0.01,41,111110,卖盘
2016,10:51:01,27.11,0.01,17,46087,中性盘
2017,10:50:55,27.1,--,40,108400,卖盘
2018,10:50:52,27.1,--,7,18970,卖盘
2019,10:50:49,27.1,--,5,13550,卖盘
2020,10:50:46,27.1,-0.02,76,205960,卖盘
2021,10:50:40,27.12,0.01,17,46104,中性盘
2022,10:50:34,27.11,-0.01,52,140972,卖盘
2023,10:50:31,27.12,0.01,1,2712,卖盘
2024,10:50:28,27.11,--,44,119284,卖盘
2025,10:50:22,27.11,--,19,51509,卖盘
2026,10:50:19,27.11,--,97,262967,卖盘
2027,10:50:13,27.11,-0.01,46,124706,卖盘
2028,10:50:07,27.12,--,3,8136,买盘
2029,10:50:04,27.12,--,3,8136,卖盘
2030,10:50:01,27.12,--,12,32544,卖盘
2031,10:49:58,27.12,--,37,100344,卖盘
2032,10:49:48,27.12,-0.05,42,113904,卖盘
2033,10:49:45,27.17,--,9,24453,买盘
2034,10:49:39,27.17,0.05,10,27170,买盘
2035,10:49:36,27.12,-0.05,40,108480,卖盘
2036,10:49:33,27.17,0.04,139,377663,买盘
2037,10:49:24,27.13,--,6,16278,卖盘
2038,10:49:18,27.13,0.01,93,252309,中性盘
2039,10:49:15,27.12,--,43,116616,卖盘
2040,10:49:06,27.12,-0.01,38,103056,卖盘
2041,10:48:57,27.13,0.01,12,32556,买盘
2042,10:48:54,27.12,-0.01,10,27120,卖盘
2043,10:48:51,27.13,--,40,108520,卖盘
2044,10:48:48,27.13,0.01,6,16278,中性盘
2045,10:48:45,27.12,--,30,81360,卖盘
2046,10:48:42,27.12,--,78,211536,卖盘
2047,10:48:39,27.12,--,10,27120,卖盘
2048,10:48:36,27.12,--,18,48816,卖盘
2049,10:48:33,27.12,--,44,119328,卖盘
2050,10:48:27,27.12,--,19,51528,卖盘
2051,10:48:18,27.12,-0.01,124,336288,卖盘
2052,10:48:15,27.13,--,4,10852,卖盘
2053,10:48:09,27.13,-0.02,39,105807,卖盘
2054,10:48:06,27.15,0.02,3,8145,买盘
2055,10:48:03,27.13,--,3,8139,买盘
2056,10:47:57,27.13,--,58,157354,卖盘
2057,10:47:48,27.13,0.01,9,24417,中性盘
2058,10:47:45,27.12,-0.01,44,119328,卖盘
2059,10:47:36,27.13,--,1,2713,卖盘
2060,10:47:33,27.13,-0.02,41,111233,卖盘
2061,10:47:30,27.15,0.02,1,2715,买盘
2062,10:47:27,27.13,--,2,5426,买盘
2063,10:47:24,27.13,-0.05,37,100381,卖盘
2064,10:47:18,27.18,0.05,82,222876,买盘
2065,10:47:12,27.13,-0.04,54,146502,卖盘
2066,10:47:09,27.17,--,38,103246,卖盘
2067,10:47:03,27.17,0.02,119,323323,买盘
2068,10:47:00,27.15,0.02,5,13575,中性盘
2069,10:46:57,27.13,--,24,65112,卖盘
2070,10:46:51,27.13,0.01,40,108520,中性盘
2071,10:46:39,27.12,-0.03,40,108480,卖盘
2072,10:46:36,27.15,0.02,1,2715,买盘
2073,10:46:30,27.13,--,5,13565,卖盘
2074,10:46:27,27.13,--,60,162780,卖盘
2075,10:46:24,27.13,-0.02,8,21704,卖盘
2076,10:46:21,27.15,-0.04,1,2715,卖盘
2077,10:46:18,27.19,0.05,120,326280,买盘
2078,10:46:09,27.14,0.01,6,16284,中性盘
2079,10:46:06,27.13,-0.06,51,138363,卖盘
2080,10:46:03,27.19,0.06,50,135950,买盘
2081,10:46:00,27.13,--,8,21704,卖盘
2082,10:45:57,27.13,--,18,48834,卖盘
2083,10:45:54,27.13,--,109,295717,卖盘
2084,10:45:48,27.13,--,8,21704,卖盘
2085,10:45:45,27.13,-0.02,192,520896,卖盘
2086,10:45:42,27.15,-0.04,9,24435,卖盘
2087,10:45:39,27.19,--,27,73413,买盘
2088,10:45:30,27.19,0.04,1,2719,买盘
2089,10:45:27,27.15,-0.04,5,13575,卖盘
2090,10:45:24,27.19,0.04,4,10876,中性盘
2091,10:45:21,27.15,-0.04,42,114030,卖盘
2092,10:45:18,27.19,0.04,53,144107,买盘
2093,10:45:09,27.15,-0.01,44,119460,卖盘
2094,10:45:03,27.16,-0.02,69,187404,卖盘
2095,10:44:57,27.18,--,18,48924,卖盘
2096,10:44:54,27.18,--,2,5436,卖盘
2097,10:44:48,27.18,0.02,62,168516,买盘
2098,10:44:42,27.16,0.01,26,70616,买盘
2099,10:44:39,27.15,--,37,100455,卖盘
2100,10:44:36,27.15,-0.01,5,13575,卖盘
2101,10:44:30,27.16,-0.02,23,62468,卖盘
2102,10:44:15,27.18,--,127,345186,买盘
2103,10:44:06,27.18,0.03,1,2718,买盘
2104,10:44:03,27.15,--,45,122175,卖盘
2105,10:43:57,27.15,-0.03,17,46155,卖盘
2106,10:43:54,27.18,--,46,125028,买盘
2107,10:43:48,27.18,--,5,13590,买盘
2108,10:43:45,27.18,--,44,119592,卖盘
2109,10:43:42,27.18,--,40,108720,卖盘
2110,10:43:39,27.18,--,10,27180,卖盘
2111,10:43:30,27.18,--,51,138618,买盘
2112,10:43:27,27.18,0.02,3,8154,买盘
2113,10:43:24,27.16,-0.02,2,5432,中性盘
2114,10:43:21,27.18,-0.02,50,135900,卖盘
2115,10:43:18,27.2,0.05,107,291040,买盘
2116,10:43:06,27.15,-0.01,134,363810,卖盘
2117,10:43:03,27.16,0.01,5,13580,卖盘
2118,10:42:57,27.15,-0.02,43,116745,卖盘
2119,10:42:54,27.17,--,12,32604,买盘
2120,10:42:51,27.17,--,2,5434,买盘
2121,10:42:45,27.17,-0.03,19,54312,卖盘
2122,10:42:42,27.2,0.03,2,5440,买盘
2123,10:42:36,27.17,-0.01,43,116831,卖盘
2124,10:42:30,27.18,-0.02,1,2718,中性盘
2125,10:42:27,27.2,--,39,106080,买盘
2126,10:42:21,27.2,-0.01,36,97920,中性盘
2127,10:42:18,27.21,0.01,82,223122,买盘
2128,10:42:15,27.2,0.02,39,106080,买盘
2129,10:42:09,27.18,--,7,19026,卖盘
2130,10:42:03,27.18,--,8,21744,卖盘
2131,10:42:00,27.18,-0.02,44,119592,卖盘
2132,10:41:57,27.2,0.02,1,2720,中性盘
2133,10:41:51,27.18,-0.02,53,144054,卖盘
2134,10:41:45,27.2,--,69,187707,买盘
2135,10:41:42,27.2,0.02,10,27200,买盘
2136,10:41:39,27.18,--,45,122310,卖盘
2137,10:41:33,27.18,-0.02,12,32616,卖盘
2138,10:41:30,27.2,0.01,45,122400,买盘
2139,10:41:27,27.19,-0.01,13,35347,中性盘
2140,10:41:24,27.2,0.02,106,288320,买盘
2141,10:41:21,27.18,--,12,32616,卖盘
2142,10:41:18,27.18,--,124,337032,卖盘
2143,10:41:12,27.18,-0.02,49,133182,卖盘
2144,10:41:09,27.2,--,151,410720,买盘
2145,10:41:06,27.2,0.01,189,514080,买盘
2146,10:41:03,27.19,0.01,38,103322,买盘
2147,10:41:00,27.18,--,31,84258,卖盘
2148,10:40:54,27.18,-0.01,108,293544,卖盘
2149,10:40:51,27.19,--,56,152264,卖盘
2150,10:40:45,27.19,0.01,42,114198,卖盘
2151,10:40:42,27.18,--,50,135900,卖盘
2152,10:40:39,27.18,-0.01,115,312570,卖盘
2153,10:40:36,27.19,0.01,122,331718,买盘
2154,10:40:33,27.18,--,137,372366,卖盘
2155,10:40:30,27.18,0.01,126,342468,中性盘
2156,10:40:24,27.17,-0.03,44,119548,卖盘
2157,10:40:21,27.2,--,100,272000,买盘
2158,10:40:18,27.2,0.02,188,511360,买盘
2159,10:40:15,27.18,--,6,16308,卖盘
2160,10:40:12,27.18,-0.01,145,394110,中性盘
2161,10:40:03,27.19,0.02,107,291476,买盘
2162,10:40:03,27.17,--,49,133133,卖盘
2163,10:39:57,27.17,-0.01,103,279851,卖盘
2164,10:39:54,27.18,0.01,156,424008,买盘
2165,10:39:39,27.17,--,58,157586,卖盘
2166,10:39:36,27.17,--,283,771492,买盘
2167,10:39:33,27.17,0.01,100,271700,买盘
2168,10:39:30,27.16,0.04,100,271600,买盘
2169,10:39:27,27.12,-0.01,54,146448,卖盘
2170,10:39:21,27.13,--,5,13565,买盘
2171,10:39:18,27.13,-0.02,494,1340222,卖盘
2172,10:39:15,27.15,--,36,97740,卖盘
2173,10:39:12,27.15,-0.02,6,16290,卖盘
2174,10:39:09,27.17,0.02,12,32604,买盘
2175,10:39:06,27.15,-0.01,43,116745,卖盘
2176,10:39:03,27.16,0.01,5,13580,买盘
2177,10:39:00,27.15,--,11,29865,卖盘
2178,10:38:57,27.15,-0.02,37,100455,卖盘
2179,10:38:54,27.17,0.02,1,2717,买盘
2180,10:38:45,27.15,-0.02,44,119460,卖盘
2181,10:38:42,27.17,--,5,13585,买盘
2182,10:38:39,27.17,--,17,46189,买盘
2183,10:38:33,27.17,0.02,10,27170,买盘
2184,10:38:30,27.15,--,43,116745,卖盘
2185,10:38:21,27.15,-0.02,42,114030,卖盘
2186,10:38:18,27.17,0.02,127,345059,买盘
2187,10:38:12,27.15,--,58,157470,卖盘
2188,10:38:06,27.15,0.03,424,1151160,买盘
2189,10:38:03,27.12,0.01,2,5424,买盘
2190,10:38:00,27.11,-0.01,45,121995,卖盘
2191,10:37:57,27.12,0.01,12,32544,买盘
2192,10:37:51,27.11,0.01,3,8133,卖盘
2193,10:37:48,27.1,-0.01,42,113820,卖盘
2194,10:37:45,27.11,--,1,2711,卖盘
2195,10:37:42,27.11,--,1,2711,卖盘
2196,10:37:39,27.11,--,37,100307,卖盘
2197,10:37:36,27.11,0.01,23,62353,买盘
2198,10:37:30,27.1,--,20,54200,卖盘
2199,10:37:24,27.1,--,39,105690,卖盘
2200,10:37:21,27.1,--,112,303520,卖盘
2201,10:37:15,27.1,-0.02,38,102980,卖盘
2202,10:37:09,27.12,--,12,32544,买盘
2203,10:37:03,27.12,0.02,51,138312,买盘
2204,10:36:57,27.1,-0.02,9,24390,卖盘
2205,10:36:54,27.12,--,40,108480,买盘
2206,10:36:51,27.12,--,1,2712,买盘
2207,10:36:48,27.12,0.02,1,2712,买盘
2208,10:36:45,27.1,--,24,65040,卖盘
2209,10:36:42,27.1,--,40,108400,卖盘
2210,10:36:36,27.1,-0.02,4,10840,卖盘
2211,10:36:33,27.12,0.02,38,103056,买盘
2212,10:36:30,27.1,--,400,1084000,卖盘
2213,10:36:18,27.1,--,126,341460,卖盘
2214,10:36:15,27.1,--,5,13550,卖盘
2215,10:36:12,27.1,--,19,51490,卖盘
2216,10:36:09,27.1,0.05,262,711564,买盘
2217,10:35:57,27.05,-0.01,40,108200,卖盘
2218,10:35:54,27.06,0.01,15,40590,卖盘
2219,10:35:48,27.05,-0.05,44,119020,卖盘
2220,10:35:42,27.1,--,5,13550,买盘
2221,10:35:36,27.1,--,235,638015,卖盘
2222,10:35:33,27.1,--,167,452570,卖盘
2223,10:35:27,27.1,--,37,100270,卖盘
2224,10:35:24,27.1,0.05,682,1849764,买盘
2225,10:35:21,27.05,--,1,2705,买盘
2226,10:35:18,27.05,-0.01,85,229925,中性盘
2227,10:35:15,27.06,0.01,48,129888,买盘
2228,10:35:09,27.05,0.01,10,27050,卖盘
2229,10:35:06,27.04,--,3,8112,卖盘
2230,10:35:03,27.04,-0.01,41,110864,卖盘
2231,10:34:57,27.05,--,6,16230,买盘
2232,10:34:54,27.05,--,29,78445,买盘
2233,10:34:51,27.05,0.01,93,251565,买盘
2234,10:34:48,27.04,--,4,10816,卖盘
2235,10:34:45,27.04,-0.01,2,5408,卖盘
2236,10:34:42,27.05,0.01,45,121725,中性盘
2237,10:34:36,27.04,--,20,54080,卖盘
2238,10:34:30,27.04,--,41,110864,卖盘
2239,10:34:21,27.04,-0.03,38,102752,卖盘
2240,10:34:18,27.07,0.03,83,224681,买盘
2241,10:34:15,27.04,0.01,10,27040,中性盘
2242,10:34:12,27.03,-0.01,159,429777,卖盘
2243,10:34:03,27.04,0.01,2,5408,买盘
2244,10:34:00,27.03,-0.01,1,2703,卖盘
2245,10:33:57,27.04,0.01,2,5408,买盘
2246,10:33:54,27.03,-0.01,39,105417,卖盘
2247,10:33:51,27.04,--,20,54080,买盘
2248,10:33:48,27.04,--,2,5408,买盘
2249,10:33:45,27.04,-0.01,55,148720,卖盘
2250,10:33:42,27.05,--,10,27050,卖盘
2251,10:33:39,27.05,-0.01,8,21640,卖盘
2252,10:33:36,27.06,0.02,409,1106754,买盘
2253,10:33:33,27.04,-0.01,47,127088,卖盘
2254,10:33:30,27.05,-0.01,28,75740,中性盘
2255,10:33:27,27.06,0.02,3,8118,买盘
2256,10:33:24,27.04,--,129,350168,卖盘
2257,10:33:21,27.04,-0.01,49,132496,卖盘
2258,10:33:18,27.05,0.01,88,238040,中性盘
2259,10:33:12,27.04,-0.01,77,208208,卖盘
2260,10:33:09,27.05,-0.01,8,21640,卖盘
2261,10:33:06,27.06,0.02,52,140712,买盘
2262,10:33:03,27.04,--,43,116272,卖盘
2263,10:32:57,27.04,-0.02,260,703040,卖盘
2264,10:32:51,27.06,0.01,1,2706,中性盘
2265,10:32:48,27.05,-0.01,150,406913,卖盘
2266,10:32:42,27.06,-0.01,1,2706,卖盘
2267,10:32:39,27.07,0.01,44,119108,买盘
2268,10:32:36,27.06,--,9,24354,卖盘
2269,10:32:27,27.06,-0.01,43,116358,卖盘
2270,10:32:24,27.07,0.01,5,13535,中性盘
2271,10:32:21,27.06,-0.02,2,5412,卖盘
2272,10:32:18,27.08,0.01,121,327668,买盘
2273,10:32:12,27.07,--,4,10828,买盘
2274,10:32:09,27.07,0.01,44,119108,买盘
2275,10:32:03,27.06,--,1,2706,卖盘
2276,10:32:00,27.06,-0.02,38,102828,卖盘
2277,10:31:57,27.08,0.01,59,159772,买盘
2278,10:31:51,27.07,--,16,43312,卖盘
2279,10:31:45,27.07,0.01,24,66510,买盘
2280,10:31:42,27.06,-0.01,46,124476,卖盘
2281,10:31:39,27.07,-0.01,126,342246,卖盘
2282,10:31:35,27.08,--,2,5416,买盘
2283,10:31:32,27.08,0.01,41,111028,买盘
2284,10:31:26,27.07,--,2,5414,卖盘
2285,10:31:20,27.07,-0.02,127,343789,卖盘
2286,10:31:14,27.09,0.01,3,8127,买盘
2287,10:31:11,27.08,--,39,105612,卖盘
2288,10:31:08,27.08,0.01,1,2708,买盘
2289,10:30:59,27.07,-0.01,45,121815,卖盘
2290,10:30:56,27.08,0.01,1,2708,中性盘
2291,10:30:50,27.07,--,39,105573,卖盘
2292,10:30:47,27.07,-0.02,13,35191,卖盘
2293,10:30:41,27.09,0.02,10,27090,买盘
2294,10:30:35,27.07,-0.01,49,132643,卖盘
2295,10:30:32,27.08,0.01,20,54160,买盘
2296,10:30:29,27.07,--,46,124522,卖盘
2297,10:30:20,27.07,--,95,257165,卖盘
2298,10:30:14,27.07,-0.01,43,116401,卖盘
2299,10:30:11,27.08,--,19,51452,卖盘
2300,10:30:08,27.08,--,120,324960,卖盘
2301,10:30:05,27.08,-0.01,43,116443,卖盘
2302,10:30:02,27.09,-0.01,6,16254,中性盘
2303,10:29:56,27.1,0.02,2,5420,买盘
2304,10:29:53,27.08,-0.02,50,135400,卖盘
2305,10:29:50,27.1,0.01,42,115364,买盘
2306,10:29:47,27.09,--,2,5418,卖盘
2307,10:29:44,27.09,-0.01,38,102942,卖盘
2308,10:29:41,27.1,0.01,1,2710,买盘
2309,10:29:38,27.09,0.01,9,24381,中性盘
2310,10:29:32,27.08,-0.01,43,116443,卖盘
2311,10:29:23,27.09,0.01,2,5418,卖盘
2312,10:29:20,27.08,--,44,119151,卖盘
2313,10:29:17,27.08,-0.01,123,333084,卖盘
2314,10:29:14,27.09,--,1,2709,买盘
2315,10:29:11,27.09,0.01,16,43344,买盘
2316,10:29:08,27.08,-0.01,45,121859,卖盘
2317,10:29:02,27.09,--,41,111069,买盘
2318,10:28:56,27.09,0.01,100,270900,买盘
2319,10:28:50,27.08,-0.01,3,8123,卖盘
2320,10:28:47,27.09,--,42,113778,买盘
2321,10:28:44,27.09,0.01,10,27090,买盘
2322,10:28:38,27.08,-0.01,43,116443,卖盘
2323,10:28:35,27.09,--,15,40635,买盘
2324,10:28:29,27.09,--,20,54180,买盘
2325,10:28:26,27.09,0.01,57,154413,中性盘
2326,10:28:17,27.08,-0.02,98,265384,卖盘
2327,10:28:14,27.1,--,98,265580,买盘
2328,10:28:11,27.1,--,6,16260,买盘
2329,10:28:08,27.1,--,1,2710,买盘
2330,10:28:05,27.1,--,28,75880,卖盘
2331,10:28:02,27.1,-0.03,43,116530,卖盘
2332,10:27:56,27.13,0.03,48,130224,买盘
2333,10:27:44,27.1,0.01,3,8130,买盘
2334,10:27:41,27.09,-0.01,40,108360,卖盘
2335,10:27:35,27.1,-0.03,1,2710,买盘
2336,10:27:32,27.13,0.02,61,165493,买盘
2337,10:27:29,27.11,0.01,1,2711,中性盘
2338,10:27:20,27.1,--,119,322490,卖盘
2339,10:27:08,27.1,-0.01,40,108400,卖盘
2340,10:27:05,27.11,0.01,2,5422,卖盘
2341,10:26:59,27.1,-0.02,45,121950,卖盘
2342,10:26:53,27.12,--,2,5424,卖盘
2343,10:26:50,27.12,0.02,31,84072,中性盘
2344,10:26:47,27.1,-0.04,37,100270,卖盘
2345,10:26:44,27.14,0.02,2,5428,买盘
2346,10:26:41,27.12,--,6,16272,卖盘
2347,10:26:38,27.12,--,41,111192,买盘
2348,10:26:32,27.12,--,4,10848,买盘
2349,10:26:29,27.12,--,2,5424,卖盘
2350,10:26:26,27.12,--,41,111192,买盘
2351,10:26:23,27.12,--,2,5424,买盘
2352,10:26:20,27.12,-0.02,3,8136,卖盘
2353,10:26:17,27.14,0.04,86,233404,买盘
2354,10:26:14,27.1,--,37,100270,卖盘
2355,10:26:11,27.1,--,10,27100,卖盘
2356,10:26:08,27.1,-0.02,11,29810,卖盘
2357,10:26:05,27.12,0.02,44,119328,买盘
2358,10:25:56,27.1,0.01,210,570265,买盘
2359,10:25:50,27.09,-0.01,44,119196,卖盘
2360,10:25:41,27.1,--,43,116530,买盘
2361,10:25:35,27.1,--,200,542000,买盘
2362,10:25:32,27.1,--,2,5420,买盘
2363,10:25:29,27.1,--,102,278588,卖盘
2364,10:25:20,27.1,-0.03,42,113820,卖盘
2365,10:25:17,27.13,0.02,57,154641,买盘
2366,10:25:14,27.11,0.01,1,2711,买盘
2367,10:25:08,27.1,--,37,100270,卖盘
2368,10:25:05,27.1,--,1,2710,卖盘
2369,10:25:02,27.1,--,39,105690,卖盘
2370,10:24:56,27.1,0.01,192,520862,买盘
2371,10:24:50,27.09,0.01,8,21672,买盘
2372,10:24:44,27.08,-0.01,42,113736,卖盘
2373,10:24:38,27.09,--,17,46053,卖盘
2374,10:24:35,27.09,--,39,105651,卖盘
2375,10:24:32,27.09,--,1,2709,卖盘
2376,10:24:23,27.09,-0.01,62,167958,卖盘
2377,10:24:17,27.1,0.02,83,224930,买盘
2378,10:24:14,27.08,-0.01,42,113736,卖盘
2379,10:24:11,27.09,0.01,5,13545,买盘
2380,10:24:05,27.08,--,1,2708,卖盘
2381,10:24:02,27.08,--,63,170604,买盘
2382,10:23:59,27.08,--,3,8123,买盘
2383,10:23:56,27.08,0.01,19,51452,买盘
2384,10:23:53,27.07,-0.01,44,119108,卖盘
2385,10:23:47,27.08,--,1,2708,买盘
2386,10:23:38,27.08,-0.02,27,73116,卖盘
2387,10:23:35,27.1,--,119,322490,买盘
2388,10:23:32,27.1,0.02,4,10840,买盘
2389,10:23:29,27.08,-0.02,40,108320,卖盘
2390,10:23:26,27.1,0.01,1,2710,买盘
2391,10:23:23,27.09,-0.01,23,62307,中性盘
2392,10:23:17,27.1,0.01,126,341460,买盘
2393,10:23:11,27.09,0.01,6,16254,买盘
2394,10:23:08,27.08,--,38,102904,卖盘
2395,10:23:02,27.08,--,20,54160,卖盘
2396,10:22:56,27.08,0.01,39,105612,买盘
2397,10:22:53,27.07,--,10,27070,卖盘
2398,10:22:50,27.07,0.01,354,958278,卖盘
2399,10:22:32,27.06,-0.04,42,113652,卖盘
2400,10:22:29,27.1,0.04,2,5420,买盘
2401,10:22:23,27.06,-0.04,36,97416,卖盘
2402,10:22:17,27.1,0.02,94,254740,买盘
2403,10:22:14,27.08,0.02,10,27080,买盘
2404,10:22:11,27.06,-0.02,49,132594,卖盘
2405,10:22:05,27.08,0.01,33,89364,中性盘
2406,10:22:02,27.07,--,7,18949,卖盘
2407,10:21:59,27.07,--,43,116401,卖盘
2408,10:21:56,27.07,-0.03,83,224681,卖盘
2409,10:21:53,27.1,0.03,91,246610,买盘
2410,10:21:50,27.07,--,36,97452,卖盘
2411,10:21:44,27.07,-0.02,43,116401,卖盘
2412,10:21:38,27.09,0.02,5,13545,买盘
2413,10:21:35,27.07,--,38,102866,卖盘
2414,10:21:32,27.07,--,2,5414,卖盘
2415,10:21:29,27.07,--,59,159713,买盘
2416,10:21:23,27.07,-0.02,69,186783,卖盘
2417,10:21:17,27.09,0.03,268,726012,买盘
2418,10:21:14,27.06,-0.01,67,181302,卖盘
2419,10:21:08,27.07,0.01,8,21656,中性盘
2420,10:21:05,27.06,-0.03,69,186714,卖盘
2421,10:21:02,27.09,0.02,16,43344,买盘
2422,10:20:59,27.07,0.01,3,8121,买盘
2423,10:20:53,27.06,-0.03,39,105534,卖盘
2424,10:20:50,27.09,0.04,5,13545,买盘
2425,10:20:44,27.05,-0.01,36,97380,卖盘
2426,10:20:41,27.06,-0.03,53,143418,卖盘
2427,10:20:35,27.09,-0.01,91,246519,中性盘
2428,10:20:29,27.1,0.03,4,10840,买盘
2429,10:20:26,27.07,--,8,21656,卖盘
2430,10:20:23,27.07,-0.02,41,110987,卖盘
2431,10:20:17,27.09,0.01,101,273609,买盘
2432,10:20:11,27.08,0.03,6,16247,中性盘
2433,10:20:08,27.05,-0.01,125,338125,卖盘
2434,10:20:05,27.06,--,1,2706,卖盘
2435,10:20:02,27.06,0.01,1,2706,中性盘
2436,10:19:59,27.05,--,53,143365,卖盘
2437,10:19:56,27.05,--,7,18935,卖盘
2438,10:19:53,27.05,0.01,26,70600,中性盘
2439,10:19:47,27.04,-0.01,70,189280,卖盘
2440,10:19:41,27.05,0.01,3,8115,买盘
2441,10:19:38,27.04,--,36,97344,卖盘
2442,10:19:35,27.04,-0.05,40,108160,卖盘
2443,10:19:32,27.09,0.04,102,276318,买盘
2444,10:19:29,27.05,0.01,6,16230,中性盘
2445,10:19:26,27.04,-0.01,44,118976,卖盘
2446,10:19:23,27.05,-0.04,27,73035,卖盘
2447,10:19:20,27.09,0.04,93,251937,买盘
2448,10:19:17,27.05,--,46,124430,卖盘
2449,10:19:14,27.05,-0.02,6,16230,卖盘
2450,10:19:08,27.07,0.02,30,81210,中性盘
2451,10:19:05,27.05,-0.01,312,843960,卖盘
2452,10:19:02,27.06,-0.02,40,108240,卖盘
2453,10:18:56,27.08,0.02,24,64991,买盘
2454,10:18:53,27.06,--,63,170478,买盘
2455,10:18:50,27.06,--,2,5412,买盘
2456,10:18:47,27.06,--,20,54120,买盘
2457,10:18:44,27.06,--,11,29766,买盘
2458,10:18:41,27.06,-0.01,92,248952,卖盘
2459,10:18:38,27.07,0.01,1,2707,中性盘
2460,10:18:35,27.06,--,96,259776,卖盘
2461,10:18:32,27.06,-0.01,40,108240,卖盘
2462,10:18:29,27.07,--,11,29777,卖盘
2463,10:18:26,27.07,--,25,67675,卖盘
2464,10:18:23,27.07,0.01,1,2707,中性盘
2465,10:18:20,27.06,-0.01,122,330132,卖盘
2466,10:18:17,27.07,0.01,115,311305,买盘
2467,10:18:14,27.06,-0.01,82,221892,卖盘
2468,10:18:08,27.07,0.01,44,119108,买盘
2469,10:18:05,27.06,-0.01,15,40590,卖盘
2470,10:17:59,27.07,--,121,327547,买盘
2471,10:17:56,27.07,0.01,55,148885,买盘
2472,10:17:53,27.06,--,34,92004,卖盘
2473,10:17:50,27.06,-0.01,90,243540,卖盘
2474,10:17:41,27.07,--,12,32484,卖盘
2475,10:17:38,27.07,0.01,5,13535,中性盘
2476,10:17:35,27.06,-0.01,45,121770,卖盘
2477,10:17:32,27.07,--,547,1480729,卖盘
2478,10:17:23,27.07,0.01,44,119108,中性盘
2479,10:17:20,27.06,-0.04,48,129888,卖盘
2480,10:17:17,27.1,0.04,82,222220,买盘
2481,10:17:14,27.06,-0.04,58,156948,卖盘
2482,10:17:11,27.1,0.04,7,18970,买盘
2483,10:17:08,27.06,--,73,199567,买盘
2484,10:17:05,27.06,--,6,16236,买盘
2485,10:17:02,27.06,--,4,10824,买盘
2486,10:16:59,27.06,-0.04,71,192802,卖盘
2487,10:16:56,27.1,0.04,3,8130,中性盘
2488,10:16:50,27.06,--,46,124476,卖盘
2489,10:16:44,27.06,-0.04,1938,5246041,卖盘
2490,10:16:41,27.1,-0.02,53,143630,卖盘
2491,10:16:38,27.12,--,3,8136,买盘
2492,10:16:35,27.12,0.02,55,149160,买盘
2493,10:16:29,27.1,-0.01,165,447339,卖盘
2494,10:16:23,27.11,--,11,29821,卖盘
2495,10:16:20,27.11,-0.01,50,135550,买盘
2496,10:16:17,27.12,0.02,86,233232,买盘
2497,10:16:11,27.1,--,8,21680,卖盘
2498,10:16:08,27.1,-0.01,89,241190,卖盘
2499,10:16:05,27.11,--,41,111151,卖盘
2500,10:16:02,27.11,--,8,21688,卖盘
2501,10:15:59,27.11,--,41,111151,卖盘
2502,10:15:56,27.11,--,6,16266,卖盘
2503,10:15:53,27.11,--,129,349719,卖盘
2504,10:15:41,27.11,--,6,16266,卖盘
2505,10:15:35,27.11,--,45,121995,卖盘
2506,10:15:32,27.11,--,14,37954,卖盘
2507,10:15:29,27.11,-0.04,92,250740,卖盘
2508,10:15:26,27.15,-0.02,52,141180,中性盘
2509,10:15:17,27.17,0.05,83,225511,买盘
2510,10:15:14,27.12,-0.03,43,116616,卖盘
2511,10:15:11,27.15,--,149,404535,买盘
2512,10:15:08,27.15,--,19,51585,买盘
2513,10:15:05,27.15,--,3,8145,卖盘
2514,10:15:02,27.15,--,134,363810,卖盘
2515,10:14:59,27.15,--,32,86880,卖盘
2516,10:14:53,27.15,--,41,111315,卖盘
2517,10:14:47,27.15,-0.01,3,8145,卖盘
2518,10:14:44,27.16,0.01,28,76048,买盘
2519,10:14:41,27.15,-0.01,44,119460,卖盘
2520,10:14:38,27.16,--,4,10864,买盘
2521,10:14:32,27.16,0.01,5,13580,买盘
2522,10:14:29,27.15,--,38,103170,卖盘
2523,10:14:26,27.15,--,18,48870,卖盘
2524,10:14:23,27.15,-0.01,2,5430,卖盘
2525,10:14:20,27.16,0.01,5,13580,买盘
2526,10:14:17,27.15,--,118,320370,卖盘
2527,10:14:14,27.15,--,7,19005,卖盘
2528,10:14:08,27.15,-0.01,39,105885,卖盘
2529,10:14:02,27.16,0.01,16,43456,买盘
2530,10:13:56,27.15,--,42,114030,卖盘
2531,10:13:50,27.15,-0.01,92,249780,卖盘
2532,10:13:41,27.16,0.01,2,5432,买盘
2533,10:13:35,27.15,-0.01,49,133035,卖盘
2534,10:13:23,27.16,-0.01,16,43456,卖盘
2535,10:13:20,27.17,-0.01,4,10868,卖盘
2536,10:13:14,27.18,0.01,83,225594,买盘
2537,10:13:10,27.17,--,41,111397,卖盘
2538,10:13:07,27.17,--,6,16302,卖盘
2539,10:13:04,27.17,0.01,7,19019,卖盘
2540,10:13:01,27.16,0.01,459,1246644,买盘
2541,10:12:58,27.15,-0.01,20,54300,卖盘
2542,10:12:55,27.16,0.01,1,2716,买盘
2543,10:12:49,27.15,-0.04,42,114030,卖盘
2544,10:12:43,27.19,--,44,119636,买盘
2545,10:12:37,27.19,--,12,32628,买盘
2546,10:12:34,27.19,0.04,93,252867,买盘
2547,10:12:28,27.15,-0.01,46,124890,卖盘
2548,10:12:22,27.16,-0.03,3,8148,卖盘
2549,10:12:19,27.19,0.01,124,337156,买盘
2550,10:12:13,27.18,--,7,19026,买盘
2551,10:12:10,27.18,0.02,5,13590,买盘
2552,10:12:04,27.16,-0.02,41,111356,卖盘
2553,10:12:01,27.18,0.02,57,154926,买盘
2554,10:11:55,27.16,-0.02,38,103208,卖盘
2555,10:11:52,27.18,--,7,19026,买盘
2556,10:11:49,27.18,0.02,9,24462,买盘
2557,10:11:43,27.16,--,44,119504,卖盘
2558,10:11:37,27.16,-0.02,40,108640,卖盘
2559,10:11:34,27.18,--,52,141336,买盘
2560,10:11:25,27.18,0.03,8,21744,买盘
2561,10:11:22,27.15,-0.03,38,103170,卖盘
2562,10:11:19,27.18,0.03,82,222876,买盘
2563,10:11:13,27.15,-0.02,58,157470,卖盘
2564,10:11:10,27.17,--,2,8123,卖盘
2565,10:11:04,27.17,--,0,27,卖盘
2566,10:11:01,27.17,--,13,35321,买盘
2567,10:10:58,27.17,--,45,122265,买盘
2568,10:10:52,27.17,--,12,32604,买盘
2569,10:10:49,27.17,0.02,40,108680,买盘
2570,10:10:46,27.15,--,7,19005,卖盘
2571,10:10:37,27.15,-0.02,37,100455,卖盘
2572,10:10:34,27.17,--,3,8151,买盘
2573,10:10:31,27.17,-0.01,2,5434,卖盘
2574,10:10:28,27.18,0.01,4,10872,买盘
2575,10:10:25,27.17,--,48,130416,卖盘
2576,10:10:22,27.17,0.04,44,119548,买盘
2577,10:10:16,27.13,--,39,105807,卖盘
2578,10:10:07,27.13,--,37,100381,卖盘
2579,10:10:04,27.13,--,30,82773,买盘
2580,10:10:01,27.13,--,5,13565,买盘
2581,10:09:55,27.13,--,5,13565,买盘
2582,10:09:49,27.13,--,85,230605,买盘
2583,10:09:46,27.13,0.01,210,569730,买盘
2584,10:09:43,27.12,--,38,103056,卖盘
2585,10:09:40,27.12,-0.01,4,10848,卖盘
2586,10:09:37,27.13,0.01,10,27130,买盘
2587,10:09:31,27.12,-0.01,37,100344,卖盘
2588,10:09:28,27.13,0.01,15,40695,买盘
2589,10:09:25,27.12,-0.01,1,2712,卖盘
2590,10:09:22,27.13,0.01,10,27130,买盘
2591,10:09:19,27.12,--,131,355272,卖盘
2592,10:09:13,27.12,-0.01,6,16272,卖盘
2593,10:09:10,27.13,-0.02,151,410992,卖盘
2594,10:09:04,27.15,-0.01,1,2715,卖盘
2595,10:09:01,27.16,-0.01,43,116788,卖盘
2596,10:08:58,27.17,-0.01,5,13585,买盘
2597,10:08:55,27.18,0.02,2,5436,买盘
2598,10:08:49,27.16,-0.02,92,249872,卖盘
2599,10:08:43,27.18,0.02,3,8154,买盘
2600,10:08:37,27.16,--,3,8148,卖盘
2601,10:08:34,27.16,--,40,108640,卖盘
2602,10:08:25,27.16,--,38,103208,卖盘
2603,10:08:22,27.16,-0.02,41,111356,买盘
2604,10:08:16,27.18,0.03,125,339750,买盘
2605,10:08:13,27.15,-0.01,9,24435,卖盘
2606,10:08:10,27.16,0.01,80,217280,买盘
2607,10:08:04,27.15,-0.01,42,114030,卖盘
2608,10:07:58,27.16,0.01,3,8148,中性盘
2609,10:07:52,27.15,--,37,100455,卖盘
2610,10:07:46,27.15,--,10,27150,卖盘
2611,10:07:40,27.15,-0.01,80,217200,卖盘
2612,10:07:34,27.16,0.01,16,43456,中性盘
2613,10:07:28,27.15,--,128,347520,卖盘
2614,10:07:25,27.15,--,2,5430,卖盘
2615,10:07:22,27.15,--,18,48870,卖盘
2616,10:07:19,27.15,-0.04,41,111315,卖盘
2617,10:07:16,27.19,0.04,83,225677,买盘
2618,10:07:13,27.15,-0.03,2,5430,卖盘
2619,10:07:10,27.18,0.03,10,27180,买盘
2620,10:07:07,27.15,--,44,119460,卖盘
2621,10:07:01,27.15,--,14,38010,卖盘
2622,10:06:58,27.15,-0.03,90,244350,卖盘
2623,10:06:55,27.18,0.03,28,76104,买盘
2624,10:06:49,27.15,-0.01,9,24435,卖盘
2625,10:06:46,27.16,-0.02,56,152096,卖盘
2626,10:06:43,27.18,--,15,40770,卖盘
2627,10:06:37,27.18,--,55,149490,卖盘
2628,10:06:31,27.18,--,26,70668,卖盘
2629,10:06:28,27.18,0.02,7,19026,中性盘
2630,10:06:22,27.16,-0.04,38,103208,卖盘
2631,10:06:16,27.2,0.04,83,225760,买盘
2632,10:06:13,27.16,-0.01,61,165676,卖盘
2633,10:06:10,27.17,0.01,7,19019,中性盘
2634,10:06:01,27.16,-0.01,44,119504,卖盘
2635,10:05:55,27.17,--,12,32604,卖盘
2636,10:05:52,27.17,-0.01,42,114114,卖盘
2637,10:05:49,27.18,0.01,22,59796,买盘
2638,10:05:46,27.17,-0.01,11,29887,卖盘
2639,10:05:43,27.18,0.01,5,13590,买盘
2640,10:05:40,27.17,-0.01,47,127699,卖盘
2641,10:05:34,27.18,--,1,2718,买盘
2642,10:05:31,27.18,--,17,46206,卖盘
2643,10:05:28,27.18,--,3,8154,卖盘
2644,10:05:16,27.18,0.01,130,353340,中性盘
2645,10:05:07,27.17,--,37,100529,卖盘
2646,10:05:01,27.17,-0.01,16,43472,卖盘
2647,10:04:58,27.18,0.01,2,5436,中性盘
2648,10:04:55,27.17,-0.02,43,116831,卖盘
2649,10:04:49,27.19,0.01,207,562833,买盘
2650,10:04:46,27.18,-0.01,56,152208,卖盘
2651,10:04:43,27.19,0.01,17,46223,买盘
2652,10:04:40,27.18,--,4,10872,卖盘
2653,10:04:34,27.18,--,43,116874,卖盘
2654,10:04:31,27.18,--,2,5436,卖盘
2655,10:04:25,27.18,--,41,111438,卖盘
2656,10:04:22,27.18,0.01,13,35334,买盘
2657,10:04:19,27.17,-0.01,87,236379,卖盘
2658,10:04:13,27.18,0.01,1,2718,买盘
2659,10:04:10,27.17,--,42,114114,卖盘
2660,10:04:01,27.17,--,50,135850,卖盘
2661,10:03:58,27.17,0.01,44,119548,买盘
2662,10:03:55,27.16,--,4,10864,卖盘
2663,10:03:52,27.16,--,1,2716,卖盘
2664,10:03:49,27.16,--,38,103208,卖盘
2665,10:03:46,27.16,0.01,85,232218,买盘
2666,10:03:43,27.15,-0.01,3,8145,卖盘
2667,10:03:40,27.16,--,47,127652,买盘
2668,10:03:37,27.16,-0.02,20,54320,买盘
2669,10:03:31,27.18,0.03,10,27180,买盘
2670,10:03:28,27.15,-0.02,42,114030,卖盘
2671,10:03:25,27.17,--,1,2717,卖盘
2672,10:03:22,27.17,--,3,8151,卖盘
2673,10:03:19,27.17,--,122,331474,卖盘
2674,10:03:13,27.17,0.02,73,198341,买盘
2675,10:03:07,27.15,--,42,114030,卖盘
2676,10:03:01,27.15,--,61,165615,卖盘
2677,10:02:58,27.15,-0.01,6,16290,卖盘
2678,10:02:55,27.16,--,40,108640,卖盘
2679,10:02:52,27.16,-0.01,0,27,卖盘
2680,10:02:49,27.17,--,5,13585,买盘
2681,10:02:46,27.17,0.01,4,10868,买盘
2682,10:02:43,27.16,--,49,133084,卖盘
2683,10:02:40,27.16,-0.01,21,57036,卖盘
2684,10:02:34,27.17,0.01,50,135850,中性盘
2685,10:02:28,27.16,--,3,8148,卖盘
2686,10:02:25,27.16,0.01,10,27160,中性盘
2687,10:02:22,27.15,-0.03,46,124890,卖盘
2688,10:02:19,27.18,0.02,83,225594,买盘
2689,10:02:16,27.16,0.01,2,5432,中性盘
2690,10:02:13,27.15,--,38,103170,卖盘
2691,10:02:10,27.15,-0.02,5,13575,卖盘
2692,10:02:04,27.17,0.02,51,138567,买盘
2693,10:01:55,27.15,--,2,5430,卖盘
2694,10:01:52,27.15,-0.01,7,19005,卖盘
2695,10:01:49,27.16,--,60,162960,买盘
2696,10:01:46,27.16,--,11,29876,卖盘
2697,10:01:43,27.16,-0.01,50,135800,卖盘
2698,10:01:40,27.17,--,4,10868,买盘
2699,10:01:37,27.17,--,45,122265,买盘
2700,10:01:34,27.17,0.01,12,32604,买盘
2701,10:01:31,27.16,0.01,27,73332,买盘
2702,10:01:28,27.15,--,49,133035,卖盘
2703,10:01:25,27.15,--,7,19005,卖盘
2704,10:01:22,27.15,-0.02,34,92310,卖盘
2705,10:01:19,27.17,--,678,1842126,买盘
2706,10:01:16,27.17,0.02,64,173888,买盘
2707,10:01:07,27.15,-0.02,38,103170,卖盘
2708,10:01:04,27.17,--,5,13585,买盘
2709,10:01:01,27.17,0.02,10,27170,买盘
2710,10:00:55,27.15,--,49,133035,卖盘
2711,10:00:52,27.15,-0.03,11,29865,卖盘
2712,10:00:43,27.18,0.01,40,108720,买盘
2713,10:00:37,27.17,0.02,8,21736,卖盘
2714,10:00:34,27.15,0.03,8,21720,中性盘
2715,10:00:31,27.12,-0.03,43,116616,卖盘
2716,10:00:28,27.15,--,2,5430,卖盘
2717,10:00:22,27.15,--,43,116745,卖盘
2718,10:00:19,27.15,-0.03,11,29865,卖盘
2719,10:00:13,27.18,0.02,87,236466,买盘
2720,10:00:10,27.16,0.01,44,119504,买盘
2721,10:00:07,27.15,--,12,32580,卖盘
2722,10:00:04,27.15,--,5,13575,卖盘
2723,10:00:01,27.15,-0.02,38,103170,卖盘
2724,09:59:55,27.17,0.01,3,8151,买盘
2725,09:59:52,27.16,--,10,27160,买盘
2726,09:59:49,27.16,-0.01,40,108640,中性盘
2727,09:59:43,27.17,0.02,4,10868,买盘
2728,09:59:37,27.15,--,46,124890,卖盘
2729,09:59:25,27.15,-0.02,42,114030,卖盘
2730,09:59:22,27.17,--,3,8151,买盘
2731,09:59:16,27.17,0.06,123,334191,买盘
2732,09:59:04,27.11,-0.01,39,105729,卖盘
2733,09:59:01,27.12,0.01,3,8136,中性盘
2734,09:58:55,27.11,-0.05,72,195192,卖盘
2735,09:58:46,27.16,--,1,2716,买盘
2736,09:58:43,27.16,0.05,59,160244,买盘
2737,09:58:37,27.11,--,4,10844,卖盘
2738,09:58:34,27.11,--,43,116573,卖盘
2739,09:58:19,27.11,-0.07,38,103018,卖盘
2740,09:58:16,27.18,0.07,83,225594,买盘
2741,09:58:13,27.11,0.01,2,5422,卖盘
2742,09:58:10,27.1,-0.01,40,108400,卖盘
2743,09:58:04,27.11,--,20,54220,买盘
2744,09:57:58,27.11,-0.06,23,62353,卖盘
2745,09:57:52,27.17,0.07,1,2717,买盘
2746,09:57:46,27.1,--,37,100270,卖盘
2747,09:57:43,27.1,--,6,16260,卖盘
2748,09:57:40,27.1,--,24,65040,卖盘
2749,09:57:37,27.1,-0.08,40,108400,卖盘
2750,09:57:34,27.18,--,27,73386,买盘
2751,09:57:31,27.18,0.08,5,13590,买盘
2752,09:57:28,27.1,--,4,10840,卖盘
2753,09:57:25,27.1,--,40,108400,卖盘
2754,09:57:19,27.1,-0.08,2,5420,卖盘
2755,09:57:16,27.18,0.08,83,225594,买盘
2756,09:57:13,27.1,--,37,100270,卖盘
2757,09:57:10,27.1,--,99,268290,买盘
2758,09:57:07,27.1,--,6,16260,买盘
2759,09:57:04,27.1,-0.03,339,918690,卖盘
2760,09:57:01,27.13,0.02,1,2713,中性盘
2761,09:56:52,27.11,-0.01,41,111151,卖盘
2762,09:56:49,27.12,--,5,13560,买盘
2763,09:56:46,27.12,--,35,94920,买盘
2764,09:56:43,27.12,--,43,116616,买盘
2765,09:56:40,27.12,0.01,14,37968,买盘
2766,09:56:37,27.11,-0.01,13,35243,卖盘
2767,09:56:31,27.12,-0.03,34,92208,卖盘
2768,09:56:25,27.15,0.03,3,8145,中性盘
2769,09:56:19,27.12,--,122,330864,卖盘
