,time,price,change,volume,amount,type
0,15:00:28,13.43,-0.01,931,1251138,卖盘
1,14:57:49,13.44,--,0,0,买盘
2,14:57:01,13.44,0.01,113,151872,买盘
3,14:56:58,13.43,--,22,29546,卖盘
4,14:56:55,13.43,--,71,95353,卖盘
5,14:56:46,13.43,--,22,29546,卖盘
6,14:56:43,13.43,--,57,76551,卖盘
7,14:56:34,13.43,--,21,28203,卖盘
8,14:56:31,13.43,-0.01,46,61778,卖盘
9,14:56:22,13.44,--,10,13440,买盘
10,14:56:19,13.44,0.01,18,24192,卖盘
11,14:56:10,13.43,--,7,9401,卖盘
12,14:56:04,13.43,--,184,247112,卖盘
13,14:55:58,13.43,0.01,1,1343,中性盘
14,14:55:55,13.42,-0.02,50,67100,卖盘
15,14:55:52,13.44,0.02,30,40320,买盘
16,14:55:37,13.42,--,20,26840,买盘
17,14:55:34,13.42,-0.03,990,1328580,卖盘
18,14:55:31,13.45,0.02,102,137190,买盘
19,14:55:28,13.43,--,677,909211,卖盘
20,14:55:19,13.43,-0.01,2,2686,卖盘
21,14:55:04,13.44,0.01,1,1344,买盘
22,14:54:58,13.43,--,277,372011,买盘
23,14:54:52,13.43,--,1,1343,买盘
24,14:54:49,13.43,0.01,60,80580,买盘
25,14:54:43,13.42,-0.01,24,32208,卖盘
26,14:54:40,13.43,--,29,38947,买盘
27,14:54:37,13.43,0.01,10,13430,买盘
28,14:54:28,13.42,--,35,46970,卖盘
29,14:54:25,13.42,--,109,146278,卖盘
30,14:54:19,13.42,-0.01,10,13420,卖盘
31,14:54:10,13.43,0.01,165,221595,买盘
32,14:54:07,13.42,--,38,50996,卖盘
33,14:54:04,13.42,--,10,13420,卖盘
34,14:53:55,13.42,--,20,26840,卖盘
35,14:53:49,13.42,--,11,14762,买盘
36,14:53:43,13.42,--,1,1342,买盘
37,14:53:40,13.42,-0.01,12,16104,卖盘
38,14:53:37,13.43,--,48,64464,买盘
39,14:53:25,13.43,--,5,6715,卖盘
40,14:53:19,13.43,--,5,6715,卖盘
41,14:53:10,13.43,--,10,13430,卖盘
42,14:53:01,13.43,-0.01,32,42976,卖盘
43,14:52:58,13.44,0.01,10,13440,买盘
44,14:52:49,13.43,-0.01,70,94010,卖盘
45,14:52:40,13.44,--,1,1344,买盘
46,14:52:28,13.44,0.02,802,1077888,买盘
47,14:52:25,13.42,-0.01,17,22814,卖盘
48,14:52:22,13.43,0.01,21,28203,买盘
49,14:52:07,13.42,-0.01,10,13420,卖盘
50,14:52:04,13.43,0.01,63,84609,买盘
51,14:52:01,13.42,--,24,32208,卖盘
52,14:51:55,13.42,--,3,4026,卖盘
53,14:51:46,13.42,-0.01,2,2684,卖盘
54,14:51:43,13.43,--,9,12087,买盘
55,14:51:37,13.43,--,745,1001099,买盘
56,14:51:34,13.43,0.01,1,1343,买盘
57,14:51:31,13.42,--,3,4026,卖盘
58,14:51:25,13.42,--,50,67100,中性盘
59,14:51:19,13.42,-0.01,90,120780,卖盘
60,14:51:10,13.43,0.01,8,10744,买盘
61,14:51:07,13.42,--,1,1342,卖盘
62,14:51:01,13.42,--,19,25498,卖盘
63,14:50:58,13.42,--,21,28182,买盘
64,14:50:52,13.42,0.01,8,10736,买盘
65,14:50:49,13.41,-0.01,50,67050,卖盘
66,14:50:43,13.42,--,10,13420,买盘
67,14:50:37,13.42,--,1,1342,买盘
68,14:50:34,13.42,--,101,135542,买盘
69,14:50:31,13.42,--,5,6710,卖盘
70,14:50:28,13.42,--,13,17446,卖盘
71,14:50:19,13.42,--,14,18788,卖盘
72,14:50:13,13.42,-0.01,33,44286,卖盘
73,14:50:07,13.43,--,33,44319,卖盘
74,14:50:04,13.43,--,17,22831,卖盘
75,14:50:01,13.43,-0.01,37,49691,卖盘
76,14:49:55,13.44,0.01,34,45696,买盘
77,14:49:46,13.43,--,127,170561,卖盘
78,14:49:43,13.43,-0.01,134,179962,卖盘
79,14:49:40,13.44,0.01,8,10752,买盘
80,14:49:34,13.43,--,50,67150,卖盘
81,14:49:28,13.43,--,13,17633,卖盘
82,14:49:19,13.43,0.02,235,316773,买盘
83,14:49:13,13.41,-0.02,16,21456,卖盘
84,14:49:07,13.43,0.02,2,2686,买盘
85,14:49:04,13.41,-0.01,21,28161,卖盘
86,14:48:58,13.42,-0.01,1,1342,卖盘
87,14:48:55,13.43,0.01,10,13430,买盘
88,14:48:46,13.42,0.01,129,173386,买盘
89,14:48:37,13.41,--,46,61686,卖盘
90,14:48:10,13.41,--,19,25479,卖盘
91,14:48:07,13.41,--,10,13410,卖盘
92,14:47:52,13.41,--,7,9387,卖盘
93,14:47:49,13.41,--,20,26820,卖盘
94,14:47:37,13.41,--,8,10728,卖盘
95,14:47:22,13.41,-0.01,1,1341,卖盘
96,14:47:16,13.42,--,1,1342,买盘
97,14:47:13,13.42,--,7,9394,买盘
98,14:47:10,13.42,0.01,1,1342,买盘
99,14:47:04,13.41,-0.01,2,2682,卖盘
100,14:46:58,13.42,--,2,3757,卖盘
101,14:46:52,13.42,-0.01,63,84546,卖盘
102,14:46:46,13.43,--,6,8058,买盘
103,14:46:40,13.43,0.01,78,104754,买盘
104,14:46:34,13.42,--,1,1342,卖盘
105,14:46:31,13.42,--,10,13420,卖盘
106,14:46:28,13.42,--,18,24424,卖盘
107,14:46:22,13.42,--,55,73810,卖盘
108,14:46:19,13.42,--,13,17446,卖盘
109,14:46:16,13.42,0.01,45,60390,买盘
110,14:46:10,13.41,-0.01,3,4023,卖盘
111,14:46:01,13.42,--,4,5368,买盘
112,14:45:58,13.42,--,60,80520,买盘
113,14:45:49,13.42,--,26,34892,买盘
114,14:45:37,13.42,0.01,1,1342,中性盘
115,14:45:28,13.41,-0.02,17,22797,卖盘
116,14:45:25,13.43,0.01,7,9401,买盘
117,14:45:22,13.42,-0.01,5,6710,中性盘
118,14:45:01,13.43,--,6,8058,买盘
119,14:44:55,13.43,0.03,4,5372,买盘
120,14:44:52,13.4,--,1151,1542340,卖盘
121,14:44:43,13.4,-0.01,25,33500,卖盘
122,14:44:34,13.41,--,319,427779,卖盘
123,14:44:28,13.41,-0.01,10,13410,卖盘
124,14:44:22,13.42,--,31,41602,买盘
125,14:44:16,13.42,0.01,164,220088,买盘
126,14:44:13,13.41,-0.01,1,1341,卖盘
127,14:44:10,13.42,0.01,10,13420,买盘
128,14:43:46,13.41,--,9,12069,卖盘
129,14:43:40,13.41,-0.01,31,41571,卖盘
130,14:43:37,13.42,-0.01,116,155672,卖盘
131,14:43:31,13.43,0.01,2,2686,买盘
132,14:43:25,13.42,--,22,29524,卖盘
133,14:43:16,13.42,--,5,6710,卖盘
134,14:43:07,13.42,0.01,40,53680,买盘
135,14:43:04,13.41,--,1,1341,卖盘
136,14:42:55,13.41,--,26,34866,卖盘
137,14:42:40,13.41,0.01,77,103257,买盘
138,14:42:37,13.4,--,24,32160,卖盘
139,14:42:31,13.4,--,1,1340,卖盘
140,14:42:25,13.4,--,260,348400,卖盘
141,14:42:22,13.4,--,110,147400,卖盘
142,14:42:15,13.4,-0.01,36,49338,卖盘
143,14:42:09,13.41,0.01,5,6705,买盘
144,14:42:03,13.4,--,32,42880,卖盘
145,14:42:00,13.4,--,37,49580,卖盘
146,14:41:57,13.4,--,25,33500,卖盘
147,14:41:51,13.4,--,4,5360,卖盘
148,14:41:48,13.4,--,13,17420,卖盘
149,14:41:42,13.4,--,30,40200,卖盘
150,14:41:36,13.4,--,103,138020,卖盘
151,14:41:33,13.4,-0.01,30,40200,卖盘
152,14:41:27,13.41,-0.01,23,30843,卖盘
153,14:41:24,13.42,0.02,3,4026,买盘
154,14:41:21,13.4,--,1,1340,卖盘
155,14:41:18,13.4,--,73,97820,卖盘
156,14:41:15,13.4,--,7,9380,卖盘
157,14:41:09,13.4,--,30,40200,卖盘
158,14:41:06,13.4,--,23,30820,卖盘
159,14:41:03,13.4,--,7,9380,卖盘
160,14:41:00,13.4,-0.01,34,45560,卖盘
161,14:40:57,13.41,--,53,71073,卖盘
162,14:40:51,13.41,-0.01,23,30843,卖盘
163,14:40:48,13.42,0.01,10,13420,买盘
164,14:40:45,13.41,--,1,1341,卖盘
165,14:40:33,13.41,-0.01,37,49858,卖盘
166,14:40:30,13.42,--,47,64174,卖盘
167,14:40:21,13.42,--,1,1342,卖盘
168,14:40:18,13.42,-0.01,10,13420,中性盘
169,14:40:12,13.43,0.02,2,2686,买盘
170,14:40:09,13.41,--,5,6705,卖盘
171,14:39:57,13.41,--,19,25479,卖盘
172,14:39:54,13.41,--,13,17433,买盘
173,14:39:51,13.41,--,44,59245,买盘
174,14:39:48,13.41,0.01,6,8046,买盘
175,14:39:42,13.4,-0.01,18,24120,卖盘
176,14:39:39,13.41,-0.01,38,50958,卖盘
177,14:39:33,13.42,0.01,7,9394,中性盘
178,14:39:24,13.41,-0.03,13,17433,卖盘
179,14:39:18,13.44,--,1,1344,买盘
180,14:39:15,13.44,--,4,5376,买盘
181,14:39:06,13.44,0.03,6,8064,买盘
182,14:39:00,13.41,-0.01,182,244062,卖盘
183,14:38:54,13.42,-0.02,5,6710,买盘
184,14:38:51,13.44,0.01,91,122304,买盘
185,14:38:48,13.43,--,11,14773,买盘
186,14:38:45,13.43,--,87,116841,买盘
187,14:38:39,13.43,--,29,38947,买盘
188,14:38:36,13.43,--,8,10744,买盘
189,14:38:33,13.43,0.01,69,92667,买盘
190,14:38:27,13.42,0.01,9,12078,中性盘
191,14:38:21,13.41,-0.02,29,38889,卖盘
192,14:38:12,13.43,0.02,13,17459,买盘
193,14:38:03,13.41,--,2,2682,卖盘
194,14:37:54,13.41,--,15,20115,卖盘
195,14:37:51,13.41,--,24,32184,卖盘
196,14:37:48,13.41,--,36,48276,卖盘
197,14:37:36,13.41,--,300,402300,卖盘
198,14:37:33,13.41,--,10,13410,卖盘
199,14:37:30,13.41,--,41,54981,卖盘
200,14:37:18,13.41,--,0,536,卖盘
201,14:37:15,13.41,-0.02,13,17433,卖盘
202,14:37:12,13.43,0.02,157,210851,买盘
203,14:37:06,13.41,-0.02,7,9387,卖盘
204,14:36:42,13.43,0.02,150,201450,买盘
205,14:36:39,13.41,--,1,1341,卖盘
206,14:36:33,13.41,-0.01,7,9387,卖盘
207,14:36:30,13.42,--,23,30866,卖盘
208,14:36:27,13.42,--,7,9394,卖盘
209,14:36:24,13.42,-0.01,48,64416,卖盘
210,14:36:18,13.43,--,10,13430,买盘
211,14:36:15,13.43,--,121,162503,卖盘
212,14:36:09,13.43,--,23,30889,卖盘
213,14:36:03,13.43,--,18,24174,卖盘
214,14:35:57,13.43,--,14,18802,卖盘
215,14:35:51,13.43,--,14,18802,卖盘
216,14:35:42,13.43,-0.01,23,30889,卖盘
217,14:35:39,13.44,0.01,156,209664,买盘
218,14:35:33,13.43,--,33,44319,卖盘
219,14:35:30,13.43,--,6,8058,卖盘
220,14:35:21,13.43,-0.01,1,1343,卖盘
221,14:35:15,13.44,0.02,193,259392,买盘
222,14:35:09,13.42,0.01,5,6710,中性盘
223,14:34:54,13.41,-0.01,39,52299,卖盘
224,14:34:48,13.42,-0.01,10,13420,卖盘
225,14:34:45,13.43,-0.01,24,32232,买盘
226,14:34:39,13.44,0.02,22,29568,买盘
227,14:34:33,13.42,-0.02,3,4026,卖盘
228,14:34:24,13.44,0.01,185,248640,买盘
229,14:34:15,13.43,--,37,49691,买盘
230,14:34:09,13.43,--,10,13430,买盘
231,14:34:06,13.43,--,7,9401,买盘
232,14:34:03,13.43,0.01,24,32232,买盘
233,14:34:00,13.42,0.01,20,26840,中性盘
234,14:33:51,13.41,0.01,5,6705,中性盘
235,14:33:48,13.4,-0.01,47,62980,卖盘
236,14:33:45,13.41,0.01,40,53640,买盘
237,14:33:36,13.4,-0.02,49,65660,卖盘
238,14:33:27,13.42,0.03,33,44286,买盘
239,14:33:24,13.39,-0.02,73,97747,卖盘
240,14:33:18,13.41,0.01,148,199125,买盘
241,14:33:12,13.4,0.01,24,32160,买盘
242,14:33:09,13.39,--,2,2678,卖盘
243,14:33:06,13.39,--,15,20085,买盘
244,14:33:03,13.39,-0.01,58,77662,中性盘
245,14:33:00,13.4,--,8,10720,买盘
246,14:32:57,13.4,--,23,30820,买盘
247,14:32:54,13.4,0.02,246,329640,买盘
248,14:32:51,13.38,-0.02,69,92322,卖盘
249,14:32:45,13.4,--,38,50920,买盘
250,14:32:42,13.4,--,3,4020,买盘
251,14:32:39,13.4,0.02,26,34840,买盘
252,14:32:36,13.38,-0.02,1,1605,卖盘
253,14:32:24,13.4,0.02,13,17420,买盘
254,14:32:21,13.38,-0.01,6,8028,卖盘
255,14:32:15,13.39,0.01,4,5356,买盘
256,14:32:12,13.38,--,48,64224,卖盘
257,14:32:09,13.38,0.01,35,46830,买盘
258,14:32:06,13.37,--,28,37436,卖盘
259,14:32:00,13.37,-0.01,18,24066,卖盘
260,14:31:48,13.38,--,5,6690,买盘
261,14:31:39,13.38,--,15,20070,买盘
262,14:31:30,13.38,0.01,28,37464,买盘
263,14:31:24,13.37,-0.01,11,14707,卖盘
264,14:31:18,13.38,--,25,33450,卖盘
265,14:31:00,13.38,--,3,4014,卖盘
266,14:30:51,13.38,-0.01,1,1338,卖盘
267,14:30:48,13.39,0.01,60,80340,买盘
268,14:30:36,13.38,--,4,5352,卖盘
269,14:30:33,13.38,-0.01,7,9366,卖盘
270,14:30:30,13.39,0.01,49,65611,买盘
271,14:30:27,13.38,--,33,44154,卖盘
272,14:30:24,13.38,--,30,40140,卖盘
273,14:30:18,13.38,--,11,14718,卖盘
274,14:30:15,13.38,-0.01,7,9366,卖盘
275,14:30:09,13.39,--,20,26780,买盘
276,14:30:06,13.39,0.02,40,53560,买盘
277,14:29:54,13.37,-0.02,30,40110,卖盘
278,14:29:45,13.39,0.02,12,16068,买盘
279,14:29:42,13.37,-0.01,20,26740,卖盘
280,14:29:39,13.38,-0.01,1,1338,中性盘
281,14:29:33,13.39,--,4,5356,中性盘
282,14:29:15,13.39,0.01,13,17407,买盘
283,14:29:12,13.38,-0.01,99,132462,卖盘
284,14:29:09,13.39,0.01,13,17407,买盘
285,14:29:00,13.38,-0.01,15,20070,卖盘
286,14:28:57,13.39,--,33,44187,买盘
287,14:28:45,13.39,--,3,4017,买盘
288,14:28:42,13.39,--,5,6695,买盘
289,14:28:36,13.39,--,4,5356,买盘
290,14:28:30,13.39,0.01,34,45526,买盘
291,14:28:27,13.38,-0.01,50,66900,卖盘
292,14:28:18,13.39,--,10,13390,买盘
293,14:28:09,13.39,--,4,5356,买盘
294,14:28:06,13.39,--,90,121661,卖盘
295,14:28:00,13.39,--,1,1339,卖盘
296,14:27:57,13.39,-0.01,20,26780,卖盘
297,14:27:45,13.4,--,12,16080,买盘
298,14:27:42,13.4,--,60,80400,买盘
299,14:27:33,13.4,0.01,8,10720,买盘
300,14:27:30,13.39,--,42,56238,卖盘
301,14:27:27,13.39,--,50,66950,卖盘
302,14:27:21,13.39,-0.01,6,8034,卖盘
303,14:27:18,13.4,--,1,1340,买盘
304,14:27:09,13.4,--,15,20100,买盘
305,14:27:06,13.4,0.01,33,44220,买盘
306,14:27:03,13.39,0.01,34,45713,买盘
307,14:26:57,13.38,--,8,10704,卖盘
308,14:26:51,13.38,-0.01,1,1338,卖盘
309,14:26:33,13.39,-0.01,4,5356,中性盘
310,14:26:27,13.4,0.01,94,125960,买盘
311,14:26:24,13.39,-0.01,1,1339,卖盘
312,14:26:21,13.4,0.01,2,2680,买盘
313,14:26:18,13.39,-0.01,61,81679,卖盘
314,14:26:12,13.4,0.01,23,30820,买盘
315,14:26:09,13.39,-0.01,28,37492,中性盘
316,14:26:00,13.4,0.01,23,30820,买盘
317,14:25:54,13.39,0.02,50,66950,买盘
318,14:25:51,13.37,-0.02,20,26740,卖盘
319,14:25:45,13.39,0.01,250,334750,买盘
320,14:25:42,13.38,--,36,48168,买盘
321,14:25:33,13.38,0.01,5,6690,买盘
322,14:25:30,13.37,-0.01,15,20055,卖盘
323,14:25:21,13.38,--,50,66900,买盘
324,14:25:18,13.38,--,19,25422,买盘
325,14:25:15,13.38,0.02,1,1338,买盘
326,14:25:12,13.36,--,8,10688,卖盘
327,14:25:00,13.36,-0.02,31,41416,卖盘
328,14:24:57,13.38,0.01,23,30774,买盘
329,14:24:54,13.37,--,42,56154,卖盘
330,14:24:48,13.37,--,37,49469,卖盘
331,14:24:45,13.37,-0.01,300,401100,卖盘
332,14:24:36,13.38,0.01,1,1338,买盘
333,14:24:30,13.37,-0.02,7,9359,卖盘
334,14:24:21,13.39,--,132,176748,买盘
335,14:24:18,13.39,0.01,16,21424,买盘
336,14:24:12,13.38,--,49,65562,卖盘
337,14:24:09,13.38,--,170,227460,卖盘
338,14:24:03,13.38,0.01,293,392515,买盘
339,14:24:00,13.37,-0.01,2,2674,卖盘
340,14:23:53,13.38,--,1,1338,买盘
341,14:23:50,13.38,0.02,259,346542,买盘
342,14:23:44,13.36,-0.01,156,208416,卖盘
343,14:23:38,13.37,--,10,13370,买盘
344,14:23:35,13.37,--,3,4010,买盘
345,14:23:32,13.37,-0.01,6,8021,卖盘
346,14:23:29,13.38,0.02,126,168588,买盘
347,14:23:23,13.36,-0.01,9,12024,卖盘
348,14:23:11,13.37,-0.01,6,8021,卖盘
349,14:23:08,13.38,--,23,30774,买盘
350,14:23:05,13.38,0.01,273,365274,买盘
351,14:23:02,13.37,--,9,12033,买盘
352,14:22:59,13.37,--,32,42784,买盘
353,14:22:56,13.37,--,2,2674,买盘
354,14:22:53,13.37,--,3,4010,买盘
355,14:22:47,13.37,0.01,18,24066,买盘
356,14:22:44,13.36,-0.01,91,122431,卖盘
357,14:22:41,13.37,--,15,20055,卖盘
358,14:22:38,13.37,--,30,40110,卖盘
359,14:22:32,13.37,--,100,133700,卖盘
360,14:22:23,13.37,--,37,49469,卖盘
361,14:22:20,13.37,-0.01,5,6685,卖盘
362,14:22:17,13.38,0.01,2,2676,买盘
363,14:22:14,13.37,--,41,54817,卖盘
364,14:22:11,13.37,-0.02,1,1337,卖盘
365,14:22:08,13.39,0.02,10,13390,买盘
366,14:22:02,13.37,-0.01,361,482657,卖盘
367,14:21:59,13.38,-0.01,3,4014,卖盘
368,14:21:53,13.39,0.01,1,1339,买盘
369,14:21:44,13.38,0.01,4,5352,中性盘
370,14:21:38,13.37,-0.02,26,34762,卖盘
371,14:21:35,13.39,--,1,1339,买盘
372,14:21:32,13.39,0.02,14,18746,买盘
373,14:21:29,13.37,--,21,28077,卖盘
374,14:21:26,13.37,-0.01,100,133700,卖盘
375,14:21:23,13.38,0.01,4,5352,中性盘
376,14:21:05,13.37,--,20,26740,卖盘
377,14:20:56,13.37,--,15,20055,卖盘
378,14:20:53,13.37,-0.02,8,10696,卖盘
379,14:20:50,13.39,0.01,67,89713,买盘
380,14:20:47,13.38,0.01,37,49506,买盘
381,14:20:44,13.37,--,15,20055,卖盘
382,14:20:41,13.37,--,12,16043,卖盘
383,14:20:38,13.37,-0.02,18,24066,卖盘
384,14:20:35,13.39,0.02,8,10712,买盘
385,14:20:32,13.37,--,18,24066,卖盘
386,14:20:23,13.37,--,48,64175,卖盘
387,14:20:20,13.37,--,66,88242,卖盘
388,14:20:17,13.37,--,11,14707,卖盘
389,14:20:11,13.37,--,33,44121,卖盘
390,14:20:08,13.37,-0.02,22,29414,卖盘
391,14:20:05,13.39,0.02,246,329394,买盘
392,14:19:59,13.37,--,555,742035,卖盘
393,14:19:53,13.37,--,89,118993,卖盘
394,14:19:47,13.37,--,1,1337,卖盘
395,14:19:44,13.37,--,28,37436,卖盘
396,14:19:41,13.37,--,71,94927,卖盘
397,14:19:35,13.37,--,7,9359,卖盘
398,14:19:32,13.37,-0.01,34,45458,卖盘
399,14:19:29,13.38,--,6,8028,卖盘
400,14:19:26,13.38,--,51,68238,卖盘
401,14:19:23,13.38,--,7,9366,卖盘
402,14:19:20,13.38,--,23,30774,卖盘
403,14:19:17,13.38,--,7,9366,卖盘
404,14:19:11,13.38,--,23,30774,卖盘
405,14:19:08,13.38,--,43,57534,卖盘
406,14:19:05,13.38,--,7,9366,卖盘
407,14:19:02,13.38,--,23,30774,卖盘
408,14:18:56,13.38,-0.01,22,29436,卖盘
409,14:18:53,13.39,--,1,1339,卖盘
410,14:18:50,13.39,0.01,1,1339,买盘
411,14:18:44,13.38,-0.01,18,24084,卖盘
412,14:18:41,13.39,--,34,45526,卖盘
413,14:18:35,13.39,--,55,73645,卖盘
414,14:18:29,13.39,--,107,143273,卖盘
415,14:18:26,13.39,--,34,45526,卖盘
416,14:18:20,13.39,-0.01,7,9373,卖盘
417,14:18:17,13.4,--,48,64320,买盘
418,14:18:14,13.4,--,1,1340,买盘
419,14:18:11,13.4,--,21,28140,买盘
420,14:18:05,13.4,0.01,1,1340,买盘
421,14:17:59,13.39,--,24,32136,卖盘
422,14:17:26,13.39,--,1,1339,卖盘
423,14:17:23,13.39,--,23,30797,卖盘
424,14:17:20,13.39,--,15,20085,卖盘
425,14:17:14,13.39,-0.01,30,40170,卖盘
426,14:17:08,13.4,--,1,1340,买盘
427,14:17:05,13.4,0.02,350,469000,买盘
428,14:16:50,13.38,-0.01,8,10704,卖盘
429,14:16:35,13.39,0.01,9,12051,买盘
430,14:16:17,13.38,-0.01,22,29436,卖盘
431,14:16:11,13.39,--,12,16068,买盘
432,14:16:05,13.39,--,6,8034,买盘
433,14:15:53,13.39,-0.01,3,4017,卖盘
434,14:15:50,13.4,--,1,1340,买盘
435,14:15:44,13.4,0.01,9,12060,买盘
436,14:15:38,13.39,-0.01,5,6695,中性盘
437,14:15:20,13.4,--,16,21440,买盘
438,14:15:11,13.4,--,29,38860,买盘
439,14:15:05,13.4,--,23,30820,买盘
440,14:14:56,13.4,--,23,30820,买盘
441,14:14:47,13.4,--,11,14740,买盘
442,14:14:44,13.4,0.03,1,1340,买盘
443,14:14:29,13.37,-0.01,1,1337,卖盘
444,14:14:17,13.38,-0.01,299,400062,中性盘
445,14:14:11,13.39,0.01,16,21424,买盘
446,14:14:08,13.38,--,2,2676,卖盘
447,14:13:56,13.38,0.01,1,1338,卖盘
448,14:13:50,13.37,--,44,58828,卖盘
449,14:13:44,13.37,--,23,30751,卖盘
450,14:13:41,13.37,-0.02,0,294,卖盘
451,14:13:38,13.39,--,12,16068,买盘
452,14:13:26,13.39,0.01,15,20085,买盘
453,14:13:20,13.38,--,1,1338,卖盘
454,14:13:14,13.38,--,12,16243,卖盘
455,14:13:05,13.38,--,6,8028,卖盘
456,14:12:59,13.38,--,5,6690,卖盘
457,14:12:50,13.38,--,21,28098,卖盘
458,14:12:47,13.38,-0.01,252,337176,卖盘
459,14:12:41,13.39,0.01,10,13390,买盘
460,14:12:17,13.38,-0.01,27,36126,卖盘
461,14:12:11,13.39,0.01,1,1339,买盘
462,14:12:08,13.38,-0.01,1,1338,卖盘
463,14:12:05,13.39,0.01,1,1339,买盘
464,14:12:02,13.38,-0.01,50,66900,卖盘
465,14:11:53,13.39,0.01,3,4017,买盘
466,14:11:50,13.38,-0.01,10,13380,卖盘
467,14:11:41,13.39,0.01,13,17407,买盘
468,14:11:38,13.38,-0.01,1,1338,卖盘
469,14:11:35,13.39,--,77,103103,买盘
470,14:11:26,13.39,0.01,13,17407,买盘
471,14:11:23,13.38,--,1,1338,卖盘
472,14:11:14,13.38,-0.01,23,30774,卖盘
473,14:11:05,13.39,0.01,1,1339,买盘
474,14:11:02,13.38,0.01,17,22746,买盘
475,14:10:59,13.37,-0.01,1,1337,卖盘
476,14:10:56,13.38,--,50,66900,买盘
477,14:10:53,13.38,--,22,29436,买盘
478,14:10:50,13.38,0.01,6,8028,买盘
479,14:10:47,13.37,--,8,10696,卖盘
480,14:10:41,13.37,--,14,18718,卖盘
481,14:10:32,13.37,-0.01,10,13370,卖盘
482,14:10:29,13.38,--,69,92322,买盘
483,14:10:26,13.38,--,2,2676,买盘
484,14:10:17,13.38,--,20,26760,买盘
485,14:10:14,13.38,--,36,48168,买盘
486,14:09:56,13.38,0.01,12,16056,买盘
487,14:09:56,13.37,-0.03,29,38773,卖盘
488,14:09:50,13.4,0.01,161,215740,买盘
489,14:09:47,13.39,--,18,24102,买盘
490,14:09:41,13.39,-0.01,6,8034,卖盘
491,14:09:26,13.4,--,10,13400,买盘
492,14:09:17,13.4,--,6,8040,卖盘
493,14:09:14,13.4,--,30,40200,卖盘
494,14:09:05,13.4,-0.01,57,76380,中性盘
495,14:09:02,13.41,0.02,46,61686,买盘
496,14:08:59,13.39,-0.01,165,220935,卖盘
497,14:08:56,13.4,--,23,30820,买盘
498,14:08:50,13.4,0.01,52,69680,买盘
499,14:08:47,13.39,--,116,155324,买盘
500,14:08:41,13.39,0.02,4,5356,买盘
501,14:08:38,13.37,--,1,1337,卖盘
502,14:08:35,13.37,-0.02,28,37436,卖盘
503,14:08:32,13.39,0.02,1,1339,买盘
504,14:08:29,13.37,--,105,140385,卖盘
505,14:08:23,13.37,--,5,6685,买盘
506,14:08:17,13.37,0.01,42,56154,买盘
507,14:08:08,13.36,--,31,41416,卖盘
508,14:07:56,13.36,-0.01,8,10688,卖盘
509,14:07:53,13.37,0.01,1,1337,买盘
510,14:07:50,13.36,-0.01,78,104208,卖盘
511,14:07:47,13.37,0.01,50,66850,买盘
512,14:07:44,13.36,--,40,53440,卖盘
513,14:07:41,13.36,-0.01,10,13360,卖盘
514,14:07:38,13.37,--,16,21392,卖盘
515,14:07:29,13.37,0.01,1,1337,中性盘
516,14:07:26,13.36,-0.01,79,106385,卖盘
517,14:07:08,13.37,0.01,21,28077,买盘
518,14:07:02,13.36,--,1,1336,卖盘
519,14:06:56,13.36,-0.01,178,237808,卖盘
520,14:06:44,13.37,0.01,41,54817,买盘
521,14:06:41,13.36,-0.02,12,16032,卖盘
522,14:06:35,13.38,--,10,13380,买盘
523,14:06:32,13.38,0.01,147,196686,买盘
524,14:06:29,13.37,--,114,152418,卖盘
525,14:06:26,13.37,--,7,9359,卖盘
526,14:06:20,13.37,--,206,275435,卖盘
527,14:06:17,13.37,--,9,12033,卖盘
528,14:06:14,13.37,--,131,175147,卖盘
529,14:06:11,13.37,-0.01,15,20055,卖盘
530,14:06:08,13.38,0.01,1,1338,买盘
531,14:06:05,13.37,-0.01,10,13370,卖盘
532,14:05:56,13.38,--,249,333162,卖盘
533,14:05:53,13.38,--,49,65562,卖盘
534,14:05:50,13.38,--,23,30774,卖盘
535,14:05:47,13.38,--,15,20070,卖盘
536,14:05:44,13.38,--,21,28098,卖盘
537,14:05:41,13.38,--,8,10704,卖盘
538,14:05:38,13.38,-0.01,144,192672,卖盘
539,14:05:35,13.39,--,16,21424,卖盘
540,14:05:32,13.39,0.01,52,69628,买盘
541,14:05:26,13.38,--,7,9366,卖盘
542,14:05:20,13.38,-0.01,17,22746,卖盘
543,14:05:16,13.39,--,15,20085,卖盘
544,14:05:13,13.39,-0.02,10,13390,买盘
545,14:05:01,13.41,--,1,1341,买盘
546,14:04:58,13.41,0.02,125,167625,买盘
547,14:04:43,13.39,--,32,42848,卖盘
548,14:04:37,13.39,-0.02,1,1339,卖盘
549,14:04:31,13.41,--,17,22797,卖盘
550,14:04:25,13.41,0.02,17,22797,买盘
551,14:04:13,13.39,0.02,22,30448,买盘
552,14:04:10,13.37,-0.02,501,669837,卖盘
553,14:04:07,13.39,--,26,34814,买盘
554,14:03:55,13.39,--,24,32136,买盘
555,14:03:40,13.39,--,1,1339,买盘
556,14:03:34,13.39,--,20,26780,买盘
557,14:03:28,13.39,0.01,13,17407,买盘
558,14:03:25,13.38,-0.01,1,1338,卖盘
559,14:03:22,13.39,--,50,66950,买盘
560,14:03:19,13.39,-0.01,49,65959,卖盘
561,14:03:10,13.4,--,75,100500,买盘
562,14:03:07,13.4,--,1,1340,买盘
563,14:03:04,13.4,--,16,21440,买盘
564,14:02:58,13.4,0.01,408,547524,买盘
565,14:02:55,13.39,--,41,54899,卖盘
566,14:02:46,13.39,--,119,159528,买盘
567,14:02:37,13.39,--,1,1339,买盘
568,14:02:25,13.39,0.01,10,13390,买盘
569,14:02:19,13.38,-0.01,4,5352,卖盘
570,14:02:16,13.39,--,10,13390,买盘
571,14:02:10,13.39,0.01,10,13390,买盘
572,14:02:07,13.38,--,71,94998,卖盘
573,14:01:58,13.38,--,7,9366,卖盘
574,14:01:52,13.38,-0.01,24,32112,卖盘
575,14:01:49,13.39,--,8,10712,买盘
576,14:01:40,13.39,--,3,4017,买盘
577,14:01:37,13.39,0.01,5,6695,买盘
578,14:01:25,13.38,-0.01,27,36126,卖盘
579,14:01:16,13.39,--,1,1339,买盘
580,14:01:16,13.39,0.01,22,29458,买盘
581,14:01:07,13.38,-0.01,6,8028,卖盘
582,14:01:04,13.39,--,1,1339,买盘
583,14:00:55,13.39,--,3,4017,买盘
584,14:00:52,13.39,--,114,153797,卖盘
585,14:00:49,13.39,--,30,40170,卖盘
586,14:00:37,13.39,--,2,2678,卖盘
587,14:00:34,13.39,--,45,60255,卖盘
588,14:00:28,13.39,--,37,49543,卖盘
589,14:00:25,13.39,--,10,13577,买盘
590,14:00:22,13.39,-0.01,67,90864,卖盘
591,14:00:16,13.4,0.01,9,12060,买盘
592,14:00:04,13.39,--,7,9373,卖盘
593,14:00:01,13.39,--,7,9373,卖盘
594,13:59:58,13.39,--,33,44187,卖盘
595,13:59:52,13.39,--,7,9373,卖盘
596,13:59:49,13.39,-0.01,16,21611,卖盘
597,13:59:46,13.4,--,281,376540,买盘
598,13:59:40,13.4,--,277,372506,卖盘
599,13:59:37,13.4,--,5,6700,卖盘
600,13:59:28,13.4,--,13,17420,卖盘
601,13:59:25,13.4,--,27,36180,卖盘
602,13:59:19,13.4,--,104,139360,卖盘
603,13:59:16,13.4,-0.01,10,13400,卖盘
604,13:59:13,13.41,0.01,70,93870,买盘
605,13:59:01,13.4,--,11,14740,卖盘
606,13:58:52,13.4,-0.01,28,37520,卖盘
607,13:58:46,13.41,--,8,10728,买盘
608,13:58:37,13.41,--,20,26820,买盘
609,13:58:25,13.41,--,48,64368,买盘
610,13:58:22,13.41,--,292,391572,卖盘
611,13:58:13,13.41,--,66,88506,卖盘
612,13:58:07,13.41,--,12,16092,卖盘
613,13:58:04,13.41,-0.01,7,9387,卖盘
614,13:58:01,13.42,--,47,63074,买盘
615,13:57:55,13.42,0.01,60,80520,买盘
616,13:57:31,13.41,--,30,40230,卖盘
617,13:57:22,13.41,--,7,9387,卖盘
618,13:57:19,13.41,-0.01,7,9387,卖盘
619,13:57:13,13.42,0.01,2,2684,买盘
620,13:57:10,13.41,-0.01,96,128736,卖盘
621,13:57:07,13.42,--,6,8052,买盘
622,13:57:04,13.42,--,1,1342,买盘
623,13:56:58,13.42,--,2,2684,卖盘
624,13:56:55,13.42,--,7,9394,卖盘
625,13:56:49,13.42,--,19,25498,卖盘
626,13:56:40,13.42,--,62,83204,卖盘
627,13:56:31,13.42,-0.02,3,4026,卖盘
628,13:56:19,13.44,0.01,65,87360,买盘
629,13:56:07,13.43,0.01,1,1343,买盘
630,13:56:01,13.42,-0.01,170,228140,卖盘
631,13:55:55,13.43,--,1,1343,买盘
632,13:55:52,13.43,0.01,3,4029,买盘
633,13:55:49,13.42,-0.01,11,14762,卖盘
634,13:55:46,13.43,--,2,2686,买盘
635,13:55:37,13.43,0.01,60,80580,买盘
636,13:55:34,13.42,-0.01,67,89914,卖盘
637,13:55:31,13.43,--,5,6715,买盘
638,13:55:22,13.43,-0.01,137,183991,卖盘
639,13:55:16,13.44,--,10,13440,买盘
640,13:55:13,13.44,0.01,1,1344,买盘
641,13:55:01,13.43,--,1,1343,卖盘
642,13:54:58,13.43,0.01,23,30889,买盘
643,13:54:40,13.42,--,5,6710,卖盘
644,13:54:37,13.42,-0.01,7,9394,卖盘
645,13:54:22,13.43,-0.01,1,1343,卖盘
646,13:54:16,13.44,0.01,9,12096,买盘
647,13:54:13,13.43,--,24,32232,卖盘
648,13:54:07,13.43,--,63,84609,卖盘
649,13:54:01,13.43,--,11,14773,卖盘
650,13:53:55,13.43,-0.01,14,18802,卖盘
651,13:53:43,13.44,0.01,13,17472,买盘
652,13:53:34,13.43,--,4,5372,卖盘
653,13:53:31,13.43,-0.01,45,60435,卖盘
654,13:53:28,13.44,--,23,30912,卖盘
655,13:53:22,13.44,--,4,5376,卖盘
656,13:53:19,13.44,--,55,73920,卖盘
657,13:53:16,13.44,-0.01,223,299712,卖盘
658,13:53:10,13.45,0.01,26,34970,买盘
659,13:53:07,13.44,--,53,71232,卖盘
660,13:52:55,13.44,--,14,18816,卖盘
661,13:52:49,13.44,--,23,30912,卖盘
662,13:52:46,13.44,-0.01,20,26880,卖盘
663,13:52:43,13.45,--,30,40350,卖盘
664,13:52:40,13.45,--,33,44385,卖盘
665,13:52:37,13.45,--,67,90115,卖盘
666,13:52:34,13.45,--,2,2690,卖盘
667,13:52:31,13.45,--,161,216545,卖盘
668,13:52:28,13.45,-0.01,44,59180,卖盘
669,13:52:25,13.46,0.01,5,6730,买盘
670,13:52:22,13.45,--,23,30935,卖盘
671,13:52:19,13.45,-0.01,35,47075,卖盘
672,13:52:16,13.46,0.01,2,2692,买盘
673,13:52:10,13.45,--,14,18830,卖盘
674,13:52:07,13.45,--,7,9415,卖盘
675,13:52:04,13.45,--,86,115670,卖盘
676,13:52:01,13.45,--,42,56490,卖盘
677,13:51:58,13.45,--,30,40350,卖盘
678,13:51:55,13.45,--,17,22865,卖盘
679,13:51:52,13.45,--,31,41695,卖盘
680,13:51:49,13.45,--,50,67250,卖盘
681,13:51:43,13.45,--,30,40350,卖盘
682,13:51:37,13.45,--,28,37660,卖盘
683,13:51:34,13.45,--,7,9415,卖盘
684,13:51:31,13.45,--,23,30935,卖盘
685,13:51:25,13.45,-0.01,24,32280,卖盘
686,13:51:19,13.46,--,20,26920,买盘
687,13:51:16,13.46,0.01,160,215360,买盘
688,13:51:13,13.45,-0.01,62,83390,卖盘
689,13:51:10,13.46,0.01,93,125178,买盘
690,13:51:04,13.45,-0.01,7,9415,卖盘
691,13:50:55,13.46,0.01,15,20190,买盘
692,13:50:52,13.45,--,10,13450,卖盘
693,13:50:46,13.45,-0.01,2,2690,卖盘
694,13:50:40,13.46,0.01,62,83452,买盘
695,13:50:37,13.45,--,135,181575,卖盘
696,13:50:34,13.45,--,51,68595,卖盘
697,13:50:31,13.45,--,50,67250,卖盘
698,13:50:28,13.45,--,23,30935,卖盘
699,13:50:25,13.45,--,32,43040,卖盘
700,13:50:19,13.45,--,6,8070,卖盘
701,13:50:13,13.45,--,29,39005,卖盘
702,13:50:07,13.45,--,20,26900,卖盘
703,13:50:04,13.45,-0.01,2,2690,中性盘
704,13:50:01,13.46,--,5,6730,买盘
705,13:49:55,13.46,0.02,353,475138,买盘
706,13:49:46,13.44,--,129,173376,买盘
707,13:49:40,13.44,--,10,13440,买盘
708,13:49:31,13.44,--,1,1344,买盘
709,13:49:28,13.44,-0.01,4,5376,中性盘
710,13:49:13,13.45,0.03,150,201750,买盘
711,13:49:10,13.42,-0.02,29,38918,卖盘
712,13:49:04,13.44,-0.01,10,13440,中性盘
713,13:49:01,13.45,0.03,16,21520,买盘
714,13:48:55,13.42,-0.02,40,53680,卖盘
715,13:48:52,13.44,-0.01,1,1344,中性盘
716,13:48:46,13.45,0.01,12,16140,买盘
717,13:48:43,13.44,-0.01,9,12096,卖盘
718,13:48:40,13.45,0.01,28,37660,买盘
719,13:48:37,13.44,--,2,2688,卖盘
720,13:48:34,13.44,--,19,25536,买盘
721,13:48:28,13.44,--,100,134400,买盘
722,13:48:25,13.44,0.02,28,37632,买盘
723,13:48:16,13.42,-0.01,11,14762,卖盘
724,13:48:13,13.43,--,15,20145,卖盘
725,13:48:10,13.43,--,9,13416,买盘
726,13:48:07,13.43,--,26,34918,买盘
727,13:48:04,13.43,--,23,30889,买盘
728,13:48:01,13.43,--,28,37604,买盘
729,13:47:52,13.43,--,28,37604,买盘
730,13:47:46,13.43,0.01,62,83266,买盘
731,13:47:43,13.42,-0.01,33,44286,卖盘
732,13:47:34,13.43,--,10,13430,买盘
733,13:47:31,13.43,--,1,1343,买盘
734,13:47:28,13.43,0.01,5,6715,买盘
735,13:47:22,13.42,0.01,28,38636,买盘
736,13:47:13,13.41,-0.01,41,54981,卖盘
737,13:47:10,13.42,--,45,60390,买盘
738,13:47:07,13.42,-0.01,133,178767,卖盘
739,13:47:01,13.43,0.01,141,189363,买盘
740,13:46:58,13.42,-0.01,17,22814,卖盘
741,13:46:52,13.43,0.01,14,18802,买盘
742,13:46:46,13.42,-0.01,50,67100,卖盘
743,13:46:43,13.43,--,3,4029,买盘
744,13:46:40,13.43,--,29,38947,买盘
745,13:46:34,13.43,--,18,24362,买盘
746,13:46:31,13.43,--,2,2686,买盘
747,13:46:25,13.43,--,29,38947,买盘
748,13:46:13,13.43,--,28,37604,买盘
749,13:46:07,13.43,0.01,29,38947,买盘
750,13:46:04,13.42,--,7,9394,卖盘
751,13:45:58,13.42,0.01,91,122994,买盘
752,13:45:51,13.41,--,39,52299,卖盘
753,13:45:45,13.41,-0.01,52,69732,卖盘
754,13:45:42,13.42,--,15,20130,买盘
755,13:45:30,13.42,0.01,14,18788,买盘
756,13:45:12,13.41,-0.01,27,36207,卖盘
757,13:44:54,13.42,0.01,2,2684,买盘
758,13:44:51,13.41,--,9,12069,买盘
759,13:44:48,13.41,--,30,40230,买盘
760,13:44:45,13.41,--,35,46935,买盘
761,13:44:36,13.41,--,45,60345,买盘
762,13:44:33,13.41,--,105,140805,买盘
763,13:44:21,13.41,--,13,17433,买盘
764,13:44:15,13.41,--,24,32184,买盘
765,13:44:12,13.41,--,20,26820,买盘
766,13:44:03,13.41,0.01,8,10728,买盘
767,13:43:57,13.4,-0.01,25,33500,卖盘
768,13:43:48,13.41,--,21,28161,买盘
769,13:43:45,13.41,--,1,1341,买盘
770,13:43:39,13.41,--,34,45594,买盘
771,13:43:33,13.41,--,14,18774,买盘
772,13:43:30,13.41,0.01,100,134100,买盘
773,13:43:24,13.4,--,38,50920,卖盘
774,13:43:15,13.4,--,20,26800,卖盘
775,13:42:57,13.4,--,6,8053,买盘
776,13:42:51,13.4,-0.01,40,54926,卖盘
777,13:42:42,13.41,--,1,1341,买盘
778,13:42:39,13.41,--,15,20115,买盘
779,13:42:33,13.41,0.01,160,214560,买盘
780,13:42:30,13.4,-0.01,5,6700,卖盘
781,13:42:27,13.41,--,214,286974,买盘
782,13:42:21,13.41,0.01,10,13410,买盘
783,13:42:18,13.4,-0.01,23,30820,卖盘
784,13:42:15,13.41,0.01,14,18774,买盘
785,13:42:09,13.4,-0.01,40,53600,卖盘
786,13:42:03,13.41,--,61,81801,买盘
787,13:41:57,13.41,--,44,59004,买盘
788,13:41:48,13.41,--,13,17433,买盘
789,13:41:45,13.41,--,133,178353,卖盘
790,13:41:42,13.41,--,38,50958,卖盘
791,13:41:39,13.41,--,88,118021,买盘
792,13:41:30,13.41,--,76,101916,买盘
793,13:41:27,13.41,--,57,76437,买盘
794,13:41:12,13.41,--,15,20115,买盘
795,13:41:03,13.41,--,21,28161,买盘
796,13:41:00,13.41,--,24,32184,买盘
797,13:40:54,13.41,--,30,40230,买盘
798,13:40:48,13.41,--,21,28161,买盘
799,13:40:45,13.41,-0.01,20,26820,卖盘
800,13:40:30,13.42,--,66,88572,买盘
801,13:40:24,13.42,--,39,52338,买盘
802,13:40:21,13.42,--,14,18788,买盘
803,13:40:12,13.42,0.01,29,38918,买盘
804,13:40:09,13.41,--,14,18774,买盘
805,13:40:00,13.41,--,14,18774,买盘
806,13:39:57,13.41,0.01,1,1341,买盘
807,13:39:54,13.4,-0.01,10,13400,卖盘
808,13:39:36,13.41,--,20,26820,买盘
809,13:39:24,13.41,--,53,71073,买盘
810,13:39:03,13.41,--,1,1341,买盘
811,13:39:00,13.41,0.01,2,2682,买盘
812,13:38:42,13.4,--,20,26800,卖盘
813,13:38:27,13.4,--,3,4020,卖盘
814,13:38:15,13.4,-0.01,1,1340,卖盘
815,13:38:12,13.41,--,12,16092,买盘
816,13:38:09,13.41,0.01,1,1341,买盘
817,13:38:00,13.4,-0.01,3,4020,卖盘
818,13:37:51,13.41,--,1,1341,买盘
819,13:37:42,13.41,--,10,13410,买盘
820,13:37:21,13.41,--,6,8046,买盘
821,13:37:09,13.41,--,60,80460,买盘
822,13:37:03,13.41,0.02,10,13410,买盘
823,13:36:57,13.39,-0.02,23,30797,卖盘
824,13:36:42,13.41,--,25,33525,买盘
825,13:36:27,13.41,--,61,81801,买盘
826,13:36:21,13.41,--,46,61686,买盘
827,13:36:15,13.41,0.02,23,30843,买盘
828,13:36:12,13.39,-0.02,15,20085,卖盘
829,13:36:06,13.41,0.02,93,124713,买盘
830,13:35:54,13.39,0.01,15,20085,买盘
831,13:35:45,13.38,-0.04,41,54858,卖盘
832,13:35:39,13.42,0.01,68,91256,买盘
833,13:35:36,13.41,--,17,22797,卖盘
834,13:35:33,13.41,--,1,1341,卖盘
835,13:35:24,13.41,-0.01,2,2682,中性盘
836,13:35:21,13.42,0.02,31,42340,买盘
837,13:34:57,13.4,0.02,618,828723,买盘
838,13:34:54,13.38,--,23,30774,买盘
839,13:34:39,13.38,--,33,44154,买盘
840,13:34:33,13.38,--,2,2676,买盘
841,13:34:30,13.38,0.01,9,12577,买盘
842,13:34:27,13.37,--,55,74337,卖盘
843,13:34:21,13.37,-0.01,90,120330,卖盘
844,13:34:15,13.38,0.01,42,56196,买盘
845,13:34:12,13.37,--,1,1337,卖盘
846,13:34:09,13.37,-0.01,10,13370,卖盘
847,13:34:00,13.38,--,30,40140,买盘
848,13:33:51,13.38,0.01,25,33450,买盘
849,13:33:48,13.37,0.01,16,21926,买盘
850,13:33:45,13.36,--,9,12024,卖盘
851,13:33:39,13.36,-0.01,61,81496,卖盘
852,13:33:33,13.37,--,20,26740,买盘
853,13:33:30,13.37,--,61,81557,买盘
854,13:33:27,13.37,--,17,22729,买盘
855,13:33:18,13.37,0.01,95,127014,买盘
856,13:33:12,13.36,--,78,104395,卖盘
857,13:33:09,13.36,--,50,66800,卖盘
858,13:33:06,13.36,--,49,65464,卖盘
859,13:33:00,13.36,-0.01,32,42752,卖盘
860,13:32:54,13.37,--,1,1337,买盘
861,13:32:48,13.37,0.01,7,9359,买盘
862,13:32:42,13.36,-0.01,6,8016,卖盘
863,13:32:39,13.37,--,8,10696,买盘
864,13:32:33,13.37,-0.01,170,228092,卖盘
865,13:32:24,13.38,0.01,20,26760,买盘
866,13:32:21,13.37,--,61,81557,卖盘
867,13:31:51,13.37,-0.01,64,85568,卖盘
868,13:31:39,13.38,--,1,1338,买盘
869,13:31:36,13.38,--,99,132462,卖盘
870,13:31:33,13.38,-0.02,20,26760,卖盘
871,13:31:30,13.4,0.02,51,68340,买盘
872,13:31:12,13.38,--,12,16056,卖盘
873,13:30:57,13.38,0.01,10,13380,买盘
874,13:30:51,13.37,-0.01,63,84231,卖盘
875,13:30:48,13.38,-0.02,31,41478,卖盘
876,13:30:36,13.4,0.02,50,67000,买盘
877,13:30:15,13.38,-0.02,30,40140,卖盘
878,13:30:09,13.4,--,56,75040,买盘
879,13:30:06,13.4,0.02,3,4020,买盘
880,13:30:03,13.38,-0.01,44,58872,卖盘
881,13:30:00,13.39,--,94,125866,买盘
882,13:29:51,13.39,--,13,17942,买盘
883,13:29:45,13.39,--,10,13390,买盘
884,13:29:39,13.39,--,1,1339,买盘
885,13:29:21,13.39,--,17,22763,买盘
886,13:28:51,13.39,--,23,30797,买盘
887,13:28:42,13.39,0.01,26,34814,买盘
888,13:28:15,13.38,--,42,56196,卖盘
889,13:28:09,13.38,-0.01,26,34788,卖盘
890,13:28:03,13.39,0.01,24,32136,买盘
891,13:28:00,13.38,--,2,2676,卖盘
892,13:27:54,13.38,--,26,34788,卖盘
893,13:27:48,13.38,-0.01,36,48168,卖盘
894,13:27:42,13.39,0.01,6,8034,买盘
895,13:27:39,13.38,-0.01,41,54858,卖盘
896,13:27:24,13.39,0.01,5,6695,中性盘
897,13:27:18,13.38,-0.01,2,2676,卖盘
898,13:27:12,13.39,0.01,23,30797,买盘
899,13:27:09,13.38,--,29,38802,卖盘
900,13:27:06,13.38,-0.02,5,6690,卖盘
901,13:27:03,13.4,--,96,128640,买盘
902,13:27:00,13.4,--,61,81740,买盘
903,13:26:54,13.4,0.02,51,68340,买盘
904,13:26:50,13.38,-0.01,39,52182,卖盘
905,13:26:44,13.39,--,1,1339,买盘
906,13:26:41,13.39,-0.01,20,26780,卖盘
907,13:26:23,13.4,--,1074,1439897,卖盘
908,13:26:20,13.4,--,67,89780,卖盘
909,13:26:17,13.4,--,110,147400,卖盘
910,13:26:14,13.4,--,4,5360,卖盘
911,13:26:11,13.4,--,4,5360,卖盘
912,13:26:08,13.4,--,464,621760,卖盘
913,13:26:05,13.4,-0.01,822,1101480,卖盘
914,13:26:02,13.41,0.01,1,1341,买盘
915,13:25:59,13.4,-0.01,205,274700,卖盘
916,13:25:56,13.41,--,24,32184,买盘
917,13:25:50,13.41,0.01,2,2682,买盘
918,13:25:44,13.4,--,56,75040,卖盘
919,13:25:38,13.4,--,23,30820,卖盘
920,13:25:32,13.4,-0.01,148,198320,卖盘
921,13:25:26,13.41,0.01,40,53640,买盘
922,13:25:23,13.4,-0.01,7,9380,卖盘
923,13:25:20,13.41,--,33,44253,买盘
924,13:25:17,13.41,--,10,13410,买盘
925,13:25:14,13.41,--,3,4023,买盘
926,13:25:02,13.41,0.01,1,1341,买盘
927,13:24:56,13.4,-0.01,45,60300,卖盘
928,13:24:44,13.41,0.01,19,25479,买盘
929,13:24:41,13.4,-0.01,9,12060,卖盘
930,13:24:38,13.41,--,4,5364,买盘
931,13:24:35,13.41,0.01,93,124713,买盘
932,13:24:32,13.4,-0.01,1,1340,卖盘
933,13:24:17,13.41,--,2,2682,买盘
934,13:24:14,13.41,--,22,29502,买盘
935,13:24:05,13.41,0.01,1,1341,买盘
936,13:23:59,13.4,-0.01,1,1340,卖盘
937,13:23:56,13.41,0.01,3,4023,买盘
938,13:23:38,13.4,--,100,134000,卖盘
939,13:23:35,13.4,-0.01,48,64588,卖盘
940,13:23:32,13.41,0.01,52,69732,买盘
941,13:23:17,13.4,-0.01,299,400660,卖盘
942,13:22:59,13.41,--,1,1341,买盘
943,13:22:53,13.41,--,3,4023,买盘
944,13:22:47,13.41,--,2,2682,买盘
945,13:22:41,13.41,--,11,14751,买盘
946,13:22:35,13.41,0.01,1,1341,买盘
947,13:22:32,13.4,--,8,11256,卖盘
948,13:22:20,13.4,-0.01,31,41540,卖盘
949,13:22:14,13.41,--,27,36207,买盘
950,13:22:08,13.41,0.01,1,1341,买盘
951,13:21:53,13.4,-0.01,86,115240,卖盘
952,13:21:47,13.41,0.01,1,1341,买盘
953,13:21:41,13.4,-0.01,94,125960,卖盘
954,13:21:17,13.41,0.01,100,134100,买盘
955,13:21:14,13.4,-0.01,20,26800,卖盘
956,13:21:08,13.41,--,1,1341,买盘
957,13:21:05,13.41,0.01,52,69732,买盘
958,13:20:59,13.4,--,350,469000,卖盘
959,13:20:53,13.4,--,137,183580,卖盘
960,13:20:44,13.4,--,30,40200,卖盘
961,13:20:35,13.4,-0.01,5,6700,卖盘
962,13:20:32,13.41,0.01,41,54981,买盘
963,13:20:26,13.4,--,8,10720,卖盘
964,13:20:20,13.4,--,10,13400,卖盘
965,13:20:17,13.4,-0.02,7,9380,卖盘
966,13:20:14,13.42,--,21,28182,买盘
967,13:20:08,13.42,0.01,3142,4216657,买盘
968,13:20:05,13.41,-0.01,11,14751,卖盘
969,13:20:02,13.42,0.01,11,14762,买盘
970,13:19:53,13.41,--,8,10915,卖盘
971,13:19:50,13.41,-0.01,7,9387,卖盘
972,13:19:47,13.42,0.01,103,138226,买盘
973,13:19:44,13.41,--,13,17433,卖盘
974,13:19:23,13.41,-0.01,69,92529,卖盘
975,13:19:20,13.42,--,1,1342,买盘
976,13:19:14,13.42,0.01,47,63074,买盘
977,13:19:08,13.41,-0.01,10,13410,卖盘
978,13:19:02,13.42,0.01,115,154330,买盘
979,13:18:56,13.41,--,37,49617,卖盘
980,13:18:53,13.41,-0.01,5,6705,卖盘
981,13:18:44,13.42,--,24,32208,买盘
982,13:18:41,13.42,--,2,2684,买盘
983,13:18:35,13.42,0.01,71,95282,买盘
984,13:18:32,13.41,-0.01,35,46935,卖盘
985,13:18:17,13.42,0.01,16,21472,买盘
986,13:18:11,13.41,-0.01,101,135441,卖盘
987,13:18:08,13.42,0.01,8,10736,买盘
988,13:18:05,13.41,--,7,9387,卖盘
989,13:18:02,13.41,-0.01,20,26820,卖盘
990,13:17:44,13.42,--,1,1342,买盘
991,13:17:32,13.42,--,5,6710,买盘
992,13:17:20,13.42,--,1,1342,买盘
993,13:17:11,13.42,0.01,3,4026,买盘
994,13:16:56,13.41,--,3,4023,卖盘
995,13:16:53,13.41,--,6,8046,卖盘
996,13:16:47,13.41,--,20,26820,卖盘
997,13:16:38,13.41,0.01,133,178353,买盘
998,13:16:32,13.4,-0.01,12,16080,卖盘
999,13:16:29,13.41,--,1,1341,买盘
1000,13:16:26,13.41,--,1,1341,买盘
1001,13:16:20,13.41,--,1,1341,买盘
1002,13:16:17,13.41,--,57,76437,买盘
1003,13:16:05,13.41,--,6,8046,买盘
1004,13:15:56,13.41,0.01,9,12069,买盘
1005,13:15:47,13.4,-0.01,89,119260,卖盘
1006,13:15:44,13.41,--,5,6705,买盘
1007,13:15:41,13.41,--,137,183717,卖盘
1008,13:15:38,13.41,--,15,20115,卖盘
1009,13:15:35,13.41,--,31,41571,买盘
1010,13:15:29,13.41,--,1,1341,买盘
1011,13:15:23,13.41,0.01,1,1341,中性盘
1012,13:15:14,13.4,--,146,195640,卖盘
1013,13:15:08,13.4,--,7,9380,卖盘
1014,13:15:05,13.4,-0.02,63,84420,卖盘
1015,13:14:41,13.42,0.02,4,5368,买盘
1016,13:14:38,13.4,-0.01,16,21440,卖盘
1017,13:14:32,13.41,0.01,15,20115,中性盘
1018,13:14:26,13.4,-0.01,23,30820,卖盘
1019,13:14:23,13.41,--,1,1341,买盘
1020,13:14:17,13.41,--,11,14751,买盘
1021,13:14:11,13.41,--,5,6705,买盘
1022,13:14:02,13.41,0.01,7,9387,买盘
1023,13:13:59,13.4,--,7,9380,卖盘
1024,13:13:53,13.4,-0.01,7,9380,卖盘
1025,13:13:44,13.41,--,21,28161,买盘
1026,13:13:38,13.41,0.01,4,5364,买盘
1027,13:13:35,13.4,-0.01,7,9380,卖盘
1028,13:13:29,13.41,-0.01,3,4023,卖盘
1029,13:13:26,13.42,0.02,1,1342,买盘
1030,13:13:23,13.4,-0.01,20,26800,卖盘
1031,13:13:08,13.41,-0.02,14,18774,卖盘
1032,13:13:05,13.43,0.02,48,64464,买盘
1033,13:12:59,13.41,-0.01,33,44253,中性盘
1034,13:12:56,13.42,0.02,5,6710,买盘
1035,13:12:53,13.4,-0.01,80,107200,卖盘
1036,13:12:44,13.41,--,4,6222,买盘
1037,13:12:41,13.41,--,35,46935,买盘
1038,13:12:38,13.41,--,20,26820,买盘
1039,13:12:32,13.41,--,61,81801,买盘
1040,13:12:29,13.41,--,10,13410,买盘
1041,13:12:23,13.41,--,5,6705,买盘
1042,13:12:17,13.41,--,7,9387,买盘
1043,13:12:11,13.41,--,300,402300,买盘
1044,13:12:08,13.41,--,3,4023,买盘
1045,13:12:02,13.41,--,6,8046,买盘
1046,13:11:59,13.41,--,76,101916,买盘
1047,13:11:56,13.41,--,2,2682,买盘
1048,13:11:50,13.41,--,12,16092,买盘
1049,13:11:47,13.41,--,6,8046,买盘
1050,13:11:44,13.41,0.01,9,12069,买盘
1051,13:11:41,13.4,-0.01,16,21440,卖盘
1052,13:11:38,13.41,0.01,118,158238,买盘
1053,13:11:32,13.4,--,16,21440,卖盘
1054,13:11:23,13.4,-0.01,8,10720,卖盘
1055,13:11:20,13.41,--,52,69732,买盘
1056,13:11:17,13.41,--,2,2682,买盘
1057,13:11:14,13.41,--,10,13410,买盘
1058,13:11:08,13.41,--,4,5364,买盘
1059,13:11:02,13.41,--,16,21456,买盘
1060,13:10:53,13.41,0.01,7,9387,买盘
1061,13:10:47,13.4,--,610,817400,卖盘
1062,13:10:44,13.4,-0.01,18,24120,卖盘
1063,13:10:38,13.41,--,50,67050,买盘
1064,13:10:35,13.41,--,38,50958,买盘
1065,13:10:29,13.41,--,3,4023,买盘
1066,13:10:26,13.41,-0.01,293,392913,卖盘
1067,13:10:23,13.42,--,30,40260,买盘
1068,13:10:14,13.42,--,5,6710,买盘
1069,13:10:05,13.42,0.01,8,10736,买盘
1070,13:09:50,13.41,--,57,76437,买盘
1071,13:09:44,13.41,--,6,8046,买盘
1072,13:09:41,13.41,--,18,24138,买盘
1073,13:09:35,13.41,--,105,140805,买盘
1074,13:09:32,13.41,--,7,9387,买盘
1075,13:09:29,13.41,--,39,52299,买盘
1076,13:09:26,13.41,--,5,6705,买盘
1077,13:09:20,13.41,0.01,266,356706,买盘
1078,13:09:17,13.4,-0.01,13,17420,卖盘
1079,13:09:11,13.41,--,55,73755,买盘
1080,13:09:02,13.41,0.01,1,1341,买盘
1081,13:08:59,13.4,-0.02,2,2680,卖盘
1082,13:08:56,13.42,--,136,182512,买盘
1083,13:08:41,13.42,0.04,2,2684,买盘
1084,13:08:38,13.38,-0.04,35,46830,卖盘
1085,13:08:35,13.42,--,19,25498,卖盘
1086,13:08:29,13.42,-0.01,10,13420,卖盘
1087,13:08:26,13.43,--,25,33575,买盘
1088,13:08:16,13.43,--,30,40290,买盘
1089,13:08:10,13.43,--,75,100725,买盘
1090,13:08:04,13.43,0.01,20,26860,买盘
1091,13:07:55,13.42,--,20,26840,卖盘
1092,13:07:52,13.42,--,40,53680,买盘
1093,13:07:49,13.42,0.01,130,174460,买盘
1094,13:07:43,13.41,-0.01,20,26820,卖盘
1095,13:07:40,13.42,0.01,80,107360,买盘
1096,13:07:37,13.41,--,36,48276,卖盘
1097,13:07:25,13.41,--,91,122218,买盘
1098,13:07:22,13.41,--,50,67050,买盘
1099,13:07:16,13.41,--,1,1341,买盘
1100,13:07:13,13.41,0.01,30,40230,买盘
1101,13:07:10,13.4,--,42,56280,卖盘
1102,13:07:04,13.4,--,1476,1978711,买盘
1103,13:07:01,13.4,0.01,10,13400,买盘
1104,13:06:58,13.39,-0.01,19,25441,卖盘
1105,13:06:55,13.4,--,5,6700,买盘
1106,13:06:52,13.4,--,296,397109,卖盘
1107,13:06:49,13.4,-0.01,100,134000,卖盘
1108,13:06:43,13.41,--,7,9387,买盘
1109,13:06:40,13.41,--,24,33337,卖盘
1110,13:06:31,13.41,-0.01,8,10915,卖盘
1111,13:06:22,13.42,--,1,1342,买盘
1112,13:06:13,13.42,0.02,20,26840,买盘
1113,13:06:10,13.4,--,150,201000,卖盘
1114,13:06:07,13.4,-0.01,27,36180,卖盘
1115,13:06:04,13.41,0.01,20,26820,买盘
1116,13:06:01,13.4,--,54,72360,卖盘
1117,13:05:58,13.4,--,228,306391,买盘
1118,13:05:55,13.4,--,55,73700,买盘
1119,13:05:52,13.4,--,10,13400,买盘
1120,13:05:49,13.4,--,23,30820,买盘
1121,13:05:46,13.4,--,114,152760,买盘
1122,13:05:31,13.4,0.01,146,195640,买盘
1123,13:05:22,13.39,--,6,8034,买盘
1124,13:05:13,13.39,-0.01,32,42848,卖盘
1125,13:05:10,13.4,--,27,36180,买盘
1126,13:05:04,13.4,--,2,2680,买盘
1127,13:04:55,13.4,0.01,36,48240,买盘
1128,13:04:46,13.39,--,8,10712,买盘
1129,13:04:40,13.39,--,2,2678,买盘
1130,13:04:37,13.39,--,25,33475,买盘
1131,13:04:34,13.39,0.01,1,1339,买盘
1132,13:04:25,13.38,-0.01,50,66900,卖盘
1133,13:04:22,13.39,0.01,10,13390,买盘
1134,13:04:19,13.38,-0.01,28,37464,卖盘
1135,13:04:16,13.39,0.01,1,1339,买盘
1136,13:04:10,13.38,--,909,1216242,买盘
1137,13:04:07,13.38,0.01,1,1338,买盘
1138,13:04:04,13.37,--,65,86905,卖盘
1139,13:04:01,13.37,--,43,57491,卖盘
1140,13:03:40,13.37,--,16,21392,卖盘
1141,13:03:37,13.37,--,9,12033,卖盘
1142,13:03:28,13.37,0.02,432,577891,买盘
1143,13:03:25,13.35,-0.01,682,910470,卖盘
1144,13:03:22,13.36,--,9,12024,买盘
1145,13:03:10,13.36,--,155,207080,卖盘
1146,13:03:07,13.36,--,50,66800,卖盘
1147,13:02:58,13.36,--,1,1336,卖盘
1148,13:02:46,13.36,0.01,1,1336,卖盘
1149,13:02:43,13.35,-0.01,63,84105,卖盘
1150,13:02:40,13.36,--,16,21376,卖盘
1151,13:02:25,13.36,-0.01,30,40080,卖盘
1152,13:02:19,13.37,0.01,54,72198,买盘
1153,13:02:16,13.36,--,1,1336,卖盘
1154,13:02:13,13.36,--,7,9352,卖盘
1155,13:02:10,13.36,--,2,2672,卖盘
1156,13:02:04,13.36,--,27,36072,卖盘
1157,13:02:01,13.36,--,15,21215,买盘
1158,13:01:58,13.36,--,11,14696,买盘
1159,13:01:52,13.36,0.01,20,26720,买盘
1160,13:01:43,13.35,-0.01,23,30705,卖盘
1161,13:01:34,13.36,--,232,309952,卖盘
1162,13:01:31,13.36,--,16,21376,卖盘
1163,13:01:28,13.36,-0.01,17,22712,卖盘
1164,13:01:25,13.37,--,10,13370,买盘
1165,13:01:10,13.37,--,110,147070,买盘
1166,13:00:43,13.37,--,1,1337,买盘
1167,13:00:34,13.37,--,2,2674,买盘
1168,13:00:28,13.37,0.01,33,44121,买盘
1169,13:00:10,13.36,--,24,32064,买盘
1170,13:00:07,13.36,-0.01,217,290446,卖盘
1171,13:00:04,13.37,0.01,128,171136,买盘
1172,11:30:00,13.36,-0.01,10,13360,中性盘
1173,11:29:54,13.37,0.01,52,69524,买盘
1174,11:29:51,13.36,0.01,1,1336,买盘
1175,11:29:45,13.35,--,31,41385,卖盘
1176,11:29:39,13.35,-0.01,11,14685,卖盘
1177,11:29:32,13.36,--,13,17368,买盘
1178,11:29:29,13.36,--,5,6680,买盘
1179,11:29:26,13.36,--,10,13360,买盘
1180,11:29:23,13.36,--,53,70808,买盘
1181,11:29:20,13.36,0.01,59,78824,买盘
1182,11:29:17,13.35,-0.01,16,21360,卖盘
1183,11:29:08,13.36,--,30,40080,买盘
1184,11:29:05,13.36,--,1,1336,买盘
1185,11:28:59,13.36,--,210,280560,买盘
1186,11:28:53,13.36,--,2,2672,买盘
1187,11:28:50,13.36,--,5,6680,买盘
1188,11:28:47,13.36,--,24,32064,卖盘
1189,11:28:41,13.36,--,16,21376,卖盘
1190,11:28:35,13.36,--,3,4008,卖盘
1191,11:28:26,13.36,--,17,22712,买盘
1192,11:28:20,13.36,--,17,22712,卖盘
1193,11:28:11,13.36,--,27,36072,买盘
1194,11:28:08,13.36,0.01,5,6680,买盘
1195,11:28:02,13.35,--,100,133500,卖盘
1196,11:27:56,13.35,0.01,3,4005,买盘
1197,11:27:53,13.34,-0.01,62,82708,卖盘
1198,11:27:50,13.35,--,16,21360,买盘
1199,11:27:47,13.35,--,502,670170,买盘
1200,11:27:44,13.35,--,30,40050,买盘
1201,11:27:41,13.35,--,10,13350,买盘
1202,11:27:38,13.35,--,15,20025,买盘
1203,11:27:35,13.35,--,19,25365,买盘
1204,11:27:32,13.35,0.01,20,26700,买盘
1205,11:27:29,13.34,-0.01,15,20010,卖盘
1206,11:27:23,13.35,--,663,885291,买盘
1207,11:27:20,13.35,--,9,12015,买盘
1208,11:27:08,13.35,--,489,653963,卖盘
1209,11:27:05,13.35,--,14,18690,卖盘
1210,11:26:59,13.35,-0.02,160,213600,卖盘
1211,11:26:56,13.37,--,1,1337,买盘
1212,11:26:53,13.37,0.01,59,78883,买盘
1213,11:26:50,13.36,--,1,1336,买盘
1214,11:26:44,13.36,--,12,16032,中性盘
1215,11:26:29,13.36,0.01,1,1336,中性盘
1216,11:26:14,13.35,-0.01,100,133500,卖盘
1217,11:26:11,13.36,-0.01,10,13360,卖盘
1218,11:26:05,13.37,--,29,38773,买盘
1219,11:25:59,13.37,--,120,160440,买盘
1220,11:25:56,13.37,0.01,1,1337,买盘
1221,11:25:53,13.36,--,15,20040,卖盘
1222,11:25:47,13.36,--,51,68136,卖盘
1223,11:25:41,13.36,--,49,65464,卖盘
1224,11:25:38,13.36,-0.01,16,21376,卖盘
1225,11:25:35,13.37,0.01,13,17381,买盘
1226,11:25:32,13.36,-0.01,79,105544,卖盘
1227,11:25:23,13.37,0.01,27,36099,买盘
1228,11:25:20,13.36,--,7,9352,卖盘
1229,11:25:11,13.36,--,14,18704,卖盘
1230,11:25:02,13.36,-0.01,14,18704,卖盘
1231,11:24:59,13.37,--,1,1337,买盘
1232,11:24:56,13.37,0.01,44,58828,买盘
1233,11:24:53,13.36,--,32,42752,买盘
1234,11:24:50,13.36,--,22,29392,买盘
1235,11:24:44,13.36,--,1,1336,买盘
1236,11:24:38,13.36,--,37,49432,买盘
1237,11:24:29,13.36,--,35,47788,卖盘
1238,11:24:17,13.36,--,257,343352,卖盘
1239,11:24:11,13.36,-0.01,5,6680,卖盘
1240,11:24:08,13.37,--,23,30751,买盘
1241,11:24:02,13.37,--,10,13370,买盘
1242,11:23:59,13.37,--,73,97601,买盘
1243,11:23:53,13.37,--,3,4010,买盘
1244,11:23:47,13.37,--,20,26740,买盘
1245,11:23:44,13.37,0.01,5,6685,中性盘
1246,11:23:41,13.36,-0.01,36,48096,卖盘
1247,11:23:38,13.37,0.01,41,55659,买盘
1248,11:23:32,13.36,--,7,9352,卖盘
1249,11:23:23,13.36,--,434,580625,买盘
1250,11:23:20,13.36,--,60,80160,买盘
1251,11:23:17,13.36,0.01,51,68136,买盘
1252,11:23:14,13.35,-0.01,140,187086,卖盘
1253,11:23:11,13.36,--,26,34736,买盘
1254,11:23:08,13.36,--,1,1336,买盘
1255,11:23:02,13.36,0.01,317,423512,买盘
1256,11:22:56,13.35,-0.01,2,2670,卖盘
1257,11:22:50,13.36,0.01,6,8016,买盘
1258,11:22:38,13.35,-0.01,16,21360,卖盘
1259,11:22:35,13.36,--,123,164328,买盘
1260,11:22:23,13.36,--,16,21376,买盘
1261,11:22:17,13.36,--,20,26720,卖盘
1262,11:22:08,13.36,--,10,13360,卖盘
1263,11:22:05,13.36,-0.01,1,1336,中性盘
1264,11:22:02,13.37,0.02,28,37436,买盘
1265,11:21:59,13.35,--,47,62745,买盘
1266,11:21:56,13.35,--,656,875760,买盘
1267,11:21:53,13.35,-0.02,171,228511,卖盘
1268,11:21:47,13.37,0.01,112,149744,买盘
1269,11:21:41,13.36,-0.01,17,22712,卖盘
1270,11:21:35,13.37,0.02,1,1337,买盘
1271,11:21:32,13.35,--,32,43828,买盘
1272,11:21:29,13.35,--,606,810078,卖盘
1273,11:21:23,13.35,-0.01,33,44322,卖盘
1274,11:21:20,13.36,--,30,40080,买盘
1275,11:21:17,13.36,--,10,13360,买盘
1276,11:21:14,13.36,--,214,285904,买盘
1277,11:21:08,13.36,--,158,211088,买盘
1278,11:21:05,13.36,--,58,77488,买盘
1279,11:20:59,13.36,--,64,85504,买盘
1280,11:20:56,13.36,--,10,13360,买盘
1281,11:20:53,13.36,0.01,29,38744,买盘
1282,11:20:44,13.35,-0.01,4,5340,卖盘
1283,11:20:41,13.36,--,10,13360,买盘
1284,11:20:38,13.36,--,3,4008,买盘
1285,11:20:35,13.36,--,7,9352,买盘
1286,11:20:23,13.36,0.01,20,26720,买盘
1287,11:20:11,13.35,-0.01,14,18690,卖盘
1288,11:20:05,13.36,0.01,23,30728,买盘
1289,11:20:02,13.35,--,145,193575,卖盘
1290,11:19:59,13.35,--,12,16020,卖盘
1291,11:19:56,13.35,-0.01,67,89445,卖盘
1292,11:19:53,13.36,0.01,128,171008,买盘
1293,11:19:50,13.35,--,26,34710,卖盘
1294,11:19:41,13.35,--,16,21360,卖盘
1295,11:19:38,13.35,--,1,1335,卖盘
1296,11:19:29,13.35,--,14,18690,买盘
1297,11:19:17,13.35,--,486,648810,卖盘
1298,11:19:14,13.35,-0.01,12,16020,卖盘
1299,11:19:11,13.36,--,18,24048,买盘
1300,11:19:08,13.36,--,10,13360,买盘
1301,11:19:05,13.36,--,30,40080,买盘
1302,11:19:02,13.36,--,13,17368,买盘
1303,11:18:59,13.36,--,29,38744,买盘
1304,11:18:56,13.36,--,36,48096,买盘
1305,11:18:53,13.36,-0.01,61,81496,卖盘
1306,11:18:47,13.37,--,8,10696,买盘
1307,11:18:44,13.37,0.01,23,30751,买盘
1308,11:18:41,13.36,-0.01,16,21376,中性盘
1309,11:18:35,13.37,0.02,51,68187,买盘
1310,11:18:29,13.35,-0.02,78,104130,卖盘
1311,11:18:26,13.37,--,17,22729,买盘
1312,11:18:23,13.37,--,28,37436,买盘
1313,11:18:17,13.37,--,1,1337,买盘
1314,11:18:11,13.37,0.02,181,241997,买盘
1315,11:18:05,13.35,--,27,36045,卖盘
1316,11:18:02,13.35,--,55,73425,买盘
1317,11:17:59,13.35,--,37,49395,买盘
1318,11:17:56,13.35,--,16,21360,买盘
1319,11:17:53,13.35,--,57,76095,买盘
1320,11:17:50,13.35,0.01,91,121485,买盘
1321,11:17:44,13.34,-0.01,52,69368,卖盘
1322,11:17:41,13.35,--,103,137505,买盘
1323,11:17:38,13.35,--,103,137505,买盘
1324,11:17:35,13.35,0.01,20,26700,买盘
1325,11:17:32,13.34,-0.01,23,30682,卖盘
1326,11:17:29,13.35,--,10,13350,买盘
1327,11:17:26,13.35,--,15,20025,买盘
1328,11:17:23,13.35,--,18,24030,买盘
1329,11:17:17,13.35,--,30,40050,买盘
1330,11:17:14,13.35,--,13,17355,买盘
1331,11:17:11,13.35,--,179,238965,买盘
1332,11:17:08,13.35,0.01,20,26700,买盘
1333,11:17:05,13.34,-0.01,39,52026,卖盘
1334,11:17:02,13.35,0.01,46,61410,买盘
1335,11:16:56,13.34,-0.01,5,6670,卖盘
1336,11:16:53,13.35,--,13,17355,买盘
1337,11:16:50,13.35,0.01,16,21360,买盘
1338,11:16:47,13.34,-0.01,106,141404,卖盘
1339,11:16:44,13.35,--,115,153525,买盘
1340,11:16:41,13.35,--,62,82770,买盘
1341,11:16:38,13.35,--,17,22695,买盘
1342,11:16:35,13.35,--,21,28035,买盘
1343,11:16:32,13.35,-0.01,12,16020,中性盘
1344,11:16:29,13.36,0.01,124,165664,买盘
1345,11:16:26,13.35,-0.01,10,13350,卖盘
1346,11:16:20,13.36,--,120,160320,买盘
1347,11:16:17,13.36,--,2,2672,买盘
1348,11:16:14,13.36,--,14,18704,买盘
1349,11:16:11,13.36,0.01,160,213760,卖盘
1350,11:16:05,13.35,-0.02,7,9345,卖盘
1351,11:15:59,13.37,0.01,1010,1350370,买盘
1352,11:15:56,13.36,-0.01,5,6680,卖盘
1353,11:15:53,13.37,--,123,164451,买盘
1354,11:15:47,13.37,--,222,296814,卖盘
1355,11:15:38,13.37,--,49,65512,卖盘
1356,11:15:32,13.37,-0.01,91,121667,卖盘
1357,11:15:29,13.38,0.01,10,13380,买盘
1358,11:15:26,13.37,--,45,60165,卖盘
1359,11:15:20,13.37,-0.01,11,14707,卖盘
1360,11:15:17,13.38,--,721,965447,卖盘
1361,11:15:11,13.38,-0.01,24,32112,卖盘
1362,11:15:08,13.39,--,4,5356,中性盘
1363,11:15:05,13.39,--,56,74984,卖盘
1364,11:15:02,13.39,--,46,61594,卖盘
1365,11:14:59,13.39,--,46,61594,卖盘
1366,11:14:56,13.39,--,4,5356,卖盘
1367,11:14:53,13.39,--,130,174070,卖盘
1368,11:14:50,13.39,--,137,183443,卖盘
1369,11:14:44,13.39,-0.01,118,158002,卖盘
1370,11:14:38,13.4,--,14,18760,买盘
1371,11:14:32,13.4,0.01,3,4020,买盘
1372,11:14:29,13.39,--,17,22763,卖盘
1373,11:14:26,13.39,-0.01,102,136578,卖盘
1374,11:14:23,13.4,0.01,1,1340,买盘
1375,11:14:17,13.39,-0.01,11,14729,卖盘
1376,11:14:11,13.4,--,1,1340,买盘
1377,11:13:59,13.4,--,16,21440,买盘
1378,11:13:56,13.4,--,37,49580,买盘
1379,11:13:53,13.4,0.01,3,4020,买盘
1380,11:13:47,13.39,-0.01,5,6695,卖盘
1381,11:13:38,13.4,--,2,2680,买盘
1382,11:13:26,13.4,0.01,1,1340,买盘
1383,11:13:11,13.39,--,17,22763,卖盘
1384,11:13:08,13.39,--,2,2678,卖盘
1385,11:13:02,13.39,--,14,18746,卖盘
1386,11:12:56,13.39,--,20,26780,卖盘
1387,11:12:47,13.39,-0.01,72,96408,卖盘
1388,11:12:44,13.4,--,17,22780,买盘
1389,11:12:38,13.4,0.01,37,49580,买盘
1390,11:12:32,13.39,--,16,21424,卖盘
1391,11:12:29,13.39,-0.01,12,16068,卖盘
1392,11:12:20,13.4,--,2,2680,买盘
1393,11:12:11,13.4,--,12,16080,买盘
1394,11:11:59,13.4,--,11,14740,买盘
1395,11:11:56,13.4,--,57,76380,买盘
1396,11:11:53,13.4,--,32,43349,卖盘
1397,11:11:50,13.4,--,63,84420,卖盘
1398,11:11:47,13.4,-0.03,5,6700,卖盘
1399,11:11:41,13.43,0.03,13,17459,买盘
1400,11:11:38,13.4,-0.03,11,14740,卖盘
1401,11:11:32,13.43,0.03,1,1343,买盘
1402,11:11:23,13.4,0.01,420,563671,买盘
1403,11:11:20,13.39,-0.01,1,1339,卖盘
1404,11:11:14,13.4,0.01,18,24120,买盘
1405,11:11:08,13.39,0.01,14,18746,卖盘
1406,11:11:02,13.38,-0.02,414,553932,卖盘
1407,11:10:56,13.4,--,2,2680,买盘
1408,11:10:50,13.4,--,8,10720,买盘
1409,11:10:47,13.4,--,3,4020,买盘
1410,11:10:44,13.4,--,9,12060,买盘
1411,11:10:41,13.4,--,12,16080,买盘
1412,11:10:32,13.4,--,59,79060,买盘
1413,11:10:29,13.4,0.01,12,16080,买盘
1414,11:10:26,13.39,-0.01,6,8034,卖盘
1415,11:10:23,13.4,0.01,10,13400,买盘
1416,11:10:17,13.39,-0.01,1,1339,卖盘
1417,11:10:14,13.4,0.01,15,20100,买盘
1418,11:10:10,13.39,-0.01,3,4017,卖盘
1419,11:10:07,13.4,--,5,6700,买盘
1420,11:10:04,13.4,--,10,13400,买盘
1421,11:09:52,13.4,0.01,8,10720,买盘
1422,11:09:49,13.39,--,8,10899,卖盘
1423,11:09:46,13.39,--,1,1339,卖盘
1424,11:09:43,13.39,-0.01,3,4017,卖盘
1425,11:09:40,13.4,0.01,261,349740,买盘
1426,11:09:31,13.39,0.01,149,199511,中性盘
1427,11:09:22,13.38,-0.01,62,82956,卖盘
1428,11:09:16,13.39,-0.01,30,40170,卖盘
1429,11:09:13,13.4,0.02,25,33500,买盘
1430,11:09:10,13.38,--,81,108378,卖盘
1431,11:09:07,13.38,-0.01,19,25422,卖盘
1432,11:09:04,13.39,-0.01,194,259766,卖盘
1433,11:09:01,13.4,0.01,1,1340,买盘
1434,11:08:55,13.39,--,48,64272,卖盘
1435,11:08:46,13.39,--,47,62933,买盘
1436,11:08:37,13.39,-0.01,127,170053,中性盘
1437,11:08:31,13.4,0.01,173,231820,买盘
1438,11:08:28,13.39,0.01,28,37492,中性盘
1439,11:08:25,13.38,-0.01,46,61548,卖盘
1440,11:08:22,13.39,-0.01,16,21424,卖盘
1441,11:08:19,13.4,--,10,13400,买盘
1442,11:08:16,13.4,0.01,467,625887,买盘
1443,11:08:13,13.39,--,13,17407,卖盘
1444,11:08:10,13.39,-0.01,24,33006,卖盘
1445,11:08:07,13.4,--,36,48240,买盘
1446,11:08:04,13.4,--,31,41540,买盘
1447,11:08:01,13.4,--,106,142040,卖盘
1448,11:07:58,13.4,0.01,3,4020,卖盘
1449,11:07:55,13.39,-0.01,100,133900,卖盘
1450,11:07:49,13.4,-0.03,205,274700,卖盘
1451,11:07:46,13.43,--,1,1343,买盘
1452,11:07:40,13.43,0.03,12,16116,买盘
1453,11:07:37,13.4,--,119,160076,买盘
1454,11:07:31,13.4,--,21,28756,买盘
1455,11:07:28,13.4,--,20,26800,买盘
1456,11:07:25,13.4,--,49,65660,买盘
1457,11:07:13,13.4,0.01,54,72360,买盘
1458,11:07:10,13.39,-0.01,33,45057,卖盘
1459,11:07:07,13.4,--,10,13400,买盘
1460,11:07:01,13.4,-0.03,4848,6497043,卖盘
1461,11:06:58,13.43,0.01,7,9401,买盘
1462,11:06:52,13.42,-0.01,10,13420,卖盘
1463,11:06:49,13.43,0.01,10,13430,买盘
1464,11:06:46,13.42,-0.01,34,45628,卖盘
1465,11:06:43,13.43,--,3,4754,卖盘
1466,11:06:37,13.43,--,2,2686,卖盘
1467,11:06:31,13.43,-0.01,78,104754,卖盘
1468,11:06:28,13.44,0.01,28,37632,买盘
1469,11:06:22,13.43,--,27,36261,卖盘
1470,11:06:16,13.43,--,10,13430,卖盘
1471,11:06:10,13.43,--,24,33064,卖盘
1472,11:06:01,13.43,-0.01,14,18802,卖盘
1473,11:05:58,13.44,-0.01,1,1344,中性盘
1474,11:05:31,13.45,--,57,76665,买盘
1475,11:05:19,13.45,0.02,2,2690,买盘
1476,11:05:10,13.43,--,10,14262,卖盘
1477,11:05:04,13.43,-0.02,40,53720,卖盘
1478,11:05:01,13.45,--,6,8070,买盘
1479,11:04:49,13.45,0.02,5,6725,买盘
1480,11:04:43,13.43,--,17,22831,卖盘
1481,11:04:40,13.43,--,16,21488,卖盘
1482,11:04:31,13.43,--,16,21488,卖盘
1483,11:04:10,13.43,-0.02,27,37066,卖盘
1484,11:03:52,13.45,0.02,10,13450,买盘
1485,11:03:43,13.43,--,17,22831,卖盘
1486,11:03:40,13.43,--,29,38947,卖盘
1487,11:03:31,13.43,-0.01,40,53720,卖盘
1488,11:03:28,13.44,0.01,3,4032,买盘
1489,11:03:19,13.43,-0.01,40,53720,卖盘
1490,11:03:13,13.44,0.01,50,67200,买盘
1491,11:03:10,13.43,-0.01,107,144533,卖盘
1492,11:03:01,13.44,0.01,8,10752,买盘
1493,11:02:55,13.43,-0.01,81,109306,卖盘
1494,11:02:52,13.44,--,23,30912,卖盘
1495,11:02:49,13.44,--,14,18816,卖盘
1496,11:02:46,13.44,--,7,9408,卖盘
1497,11:02:43,13.44,--,504,677376,卖盘
1498,11:02:40,13.44,--,47,63168,卖盘
1499,11:02:37,13.44,--,9,12096,卖盘
1500,11:02:31,13.44,-0.01,30,40320,卖盘
1501,11:02:22,13.45,0.01,7,9415,中性盘
1502,11:02:16,13.44,-0.01,74,99456,卖盘
1503,11:02:13,13.45,0.01,54,72630,买盘
1504,11:02:10,13.44,--,10,14259,卖盘
1505,11:02:07,13.44,-0.01,46,61824,卖盘
1506,11:02:01,13.45,--,17,22865,买盘
1507,11:01:49,13.45,--,9,13423,卖盘
1508,11:01:43,13.45,--,17,22865,卖盘
1509,11:01:40,13.45,--,34,45730,卖盘
1510,11:01:34,13.45,--,17,22865,卖盘
1511,11:01:25,13.45,--,56,75320,卖盘
1512,11:01:19,13.45,0.01,39,52481,买盘
1513,11:01:16,13.44,-0.01,26,34944,卖盘
1514,11:01:13,13.45,--,5,6725,买盘
1515,11:01:10,13.45,--,12,16140,买盘
1516,11:01:07,13.45,--,17,23914,卖盘
1517,11:00:58,13.45,-0.02,12,16140,卖盘
1518,11:00:52,13.47,--,59,79473,买盘
1519,11:00:49,13.47,0.02,10,13470,买盘
1520,11:00:40,13.45,--,35,47075,卖盘
1521,11:00:37,13.45,-0.02,12,16140,卖盘
1522,11:00:34,13.47,0.02,1,1347,买盘
1523,11:00:31,13.45,-0.02,23,30935,卖盘
1524,11:00:16,13.47,0.01,87,117189,买盘
1525,11:00:13,13.46,--,10,13460,买盘
1526,11:00:10,13.46,--,12,16152,买盘
1527,11:00:07,13.46,-0.01,3,4038,卖盘
1528,10:59:55,13.47,--,16,21552,买盘
1529,10:59:49,13.47,-0.01,9,13200,卖盘
1530,10:59:43,13.48,0.01,22,29656,买盘
1531,10:59:40,13.47,--,17,22899,卖盘
1532,10:59:25,13.47,--,22,29634,卖盘
1533,10:59:13,13.47,-0.01,59,79473,卖盘
1534,10:59:10,13.48,0.01,27,36396,买盘
1535,10:59:07,13.47,--,279,376082,买盘
1536,10:59:04,13.47,0.02,58,78126,买盘
1537,10:58:49,13.45,--,59,79355,卖盘
1538,10:58:40,13.45,--,16,21520,卖盘
1539,10:58:37,13.45,--,7,9415,卖盘
1540,10:58:34,13.45,--,7,9415,卖盘
1541,10:58:31,13.45,-0.01,17,22865,卖盘
1542,10:58:22,13.46,--,1,1346,买盘
1543,10:58:13,13.46,0.01,28,37688,买盘
1544,10:58:07,13.45,--,10,14270,卖盘
1545,10:58:01,13.45,--,14,18830,卖盘
1546,10:57:55,13.45,-0.02,2,2690,卖盘
1547,10:57:40,13.47,--,1,1347,买盘
1548,10:57:34,13.47,--,1,1347,买盘
1549,10:57:22,13.47,--,38,51186,买盘
1550,10:57:13,13.47,0.02,9,12123,买盘
1551,10:57:07,13.45,-0.02,10,14270,中性盘
1552,10:57:01,13.47,0.03,1,1347,买盘
1553,10:56:58,13.44,-0.01,12,16128,卖盘
1554,10:56:52,13.45,--,65,87613,买盘
1555,10:56:49,13.45,--,57,76665,买盘
1556,10:56:43,13.45,0.01,2,2690,买盘
1557,10:56:40,13.44,--,16,21504,卖盘
1558,10:56:37,13.44,--,22,29568,卖盘
1559,10:56:31,13.44,-0.01,1,1344,卖盘
1560,10:56:28,13.45,-0.02,5,6725,卖盘
1561,10:56:25,13.47,0.03,16,21552,买盘
1562,10:56:13,13.44,-0.01,15,20160,卖盘
1563,10:56:10,13.45,0.01,10,14270,卖盘
1564,10:55:58,13.44,-0.01,76,102144,卖盘
1565,10:55:49,13.45,--,24,32280,卖盘
1566,10:55:40,13.45,--,27,36315,买盘
1567,10:55:37,13.45,0.01,7,9415,中性盘
1568,10:55:25,13.44,-0.03,39,52416,卖盘
1569,10:55:16,13.47,--,2,2694,买盘
1570,10:55:10,13.47,--,36,48492,买盘
1571,10:55:07,13.47,--,48,64656,卖盘
1572,10:55:04,13.47,--,3,4041,卖盘
1573,10:55:01,13.47,--,17,22899,买盘
1574,10:54:55,13.47,--,50,67350,买盘
1575,10:54:52,13.47,--,10,13470,买盘
1576,10:54:43,13.47,--,1,1347,买盘
1577,10:54:40,13.47,-0.01,31,41757,卖盘
1578,10:54:37,13.48,0.01,95,128060,买盘
1579,10:54:31,13.47,--,17,22899,卖盘
1580,10:54:19,13.47,-0.01,10,13470,卖盘
1581,10:54:13,13.48,0.01,46,62008,买盘
1582,10:54:10,13.47,0.04,68,92417,买盘
1583,10:54:07,13.43,-0.02,41,55063,卖盘
1584,10:54:04,13.45,0.02,5,6725,买盘
1585,10:54:01,13.43,-0.02,2,2686,卖盘
1586,10:53:52,13.45,-0.02,82,110290,买盘
1587,10:53:49,13.47,-0.01,24,32328,中性盘
1588,10:53:43,13.48,0.01,204,274992,买盘
1589,10:53:40,13.47,0.02,173,233031,买盘
1590,10:53:37,13.45,--,23,30935,买盘
1591,10:53:34,13.45,--,3,4035,卖盘
1592,10:53:31,13.45,-0.01,10,13450,卖盘
1593,10:53:28,13.46,--,73,98258,买盘
1594,10:53:22,13.46,0.03,46,61916,买盘
1595,10:53:19,13.43,-0.02,39,52377,卖盘
1596,10:53:13,13.45,0.02,57,76665,买盘
1597,10:53:10,13.43,--,39,53209,卖盘
1598,10:53:04,13.43,--,46,61778,卖盘
1599,10:53:01,13.43,--,11,14773,卖盘
1600,10:52:55,13.43,-0.01,10,13430,卖盘
1601,10:52:52,13.44,0.01,1,1344,买盘
1602,10:52:49,13.43,--,51,68493,卖盘
1603,10:52:43,13.43,--,39,52377,卖盘
1604,10:52:31,13.43,0.01,83,111469,买盘
1605,10:52:28,13.42,-0.01,17,22814,卖盘
1606,10:52:19,13.43,--,2,2686,买盘
1607,10:52:10,13.43,--,13,17459,买盘
1608,10:52:07,13.43,0.01,15,20991,买盘
1609,10:52:04,13.42,-0.01,42,56364,卖盘
1610,10:51:58,13.43,--,1,1343,买盘
1611,10:51:49,13.43,-0.01,24,32232,卖盘
1612,10:51:43,13.44,0.01,49,65856,买盘
1613,10:51:40,13.43,--,16,21488,卖盘
1614,10:51:34,13.43,0.01,72,96696,买盘
1615,10:51:25,13.42,-0.01,31,41602,卖盘
1616,10:51:22,13.43,--,12,16116,买盘
1617,10:51:13,13.43,0.01,10,13430,买盘
1618,10:51:10,13.42,--,27,36234,卖盘
1619,10:51:07,13.42,--,33,45131,卖盘
1620,10:51:04,13.42,-0.01,57,76494,卖盘
1621,10:51:01,13.43,0.01,1,1343,买盘
1622,10:50:58,13.42,-0.01,31,41602,卖盘
1623,10:50:55,13.43,--,29,38947,卖盘
1624,10:50:52,13.43,--,7,9401,卖盘
1625,10:50:49,13.43,--,36,48348,卖盘
1626,10:50:46,13.43,--,11,14773,卖盘
1627,10:50:43,13.43,--,5,6715,卖盘
1628,10:50:40,13.43,-0.01,41,55063,卖盘
1629,10:50:37,13.44,0.01,30,40320,买盘
1630,10:50:34,13.43,--,10,13430,卖盘
1631,10:50:31,13.43,--,17,22831,卖盘
1632,10:50:28,13.43,--,14,18802,卖盘
1633,10:50:22,13.43,--,17,22831,卖盘
1634,10:50:16,13.43,-0.02,33,44842,卖盘
1635,10:50:10,13.45,0.01,59,79355,买盘
1636,10:50:07,13.44,--,8,10752,卖盘
1637,10:50:04,13.44,--,19,26355,中性盘
1638,10:50:01,13.44,--,14,18816,卖盘
1639,10:49:58,13.44,--,63,84672,卖盘
1640,10:49:51,13.44,-0.01,11,14784,卖盘
1641,10:49:48,13.45,--,23,30935,买盘
1642,10:49:39,13.45,--,2,2690,卖盘
1643,10:49:33,13.45,--,16,21520,卖盘
1644,10:49:18,13.45,--,39,52455,卖盘
1645,10:49:12,13.45,-0.01,1,1345,卖盘
1646,10:49:00,13.46,--,1,1346,买盘
1647,10:48:54,13.46,0.01,51,68646,买盘
1648,10:48:48,13.45,--,11,14795,卖盘
1649,10:48:42,13.45,--,1,1345,卖盘
1650,10:48:39,13.45,-0.01,11,14795,卖盘
1651,10:48:33,13.46,--,22,29612,买盘
1652,10:48:12,13.46,--,4,5384,买盘
1653,10:48:06,13.46,0.01,43,57878,买盘
1654,10:48:03,13.45,-0.01,51,68595,卖盘
1655,10:47:57,13.46,0.01,29,39034,买盘
1656,10:47:54,13.45,-0.01,54,72630,卖盘
1657,10:47:45,13.46,-0.01,8,10768,卖盘
1658,10:47:42,13.47,0.01,56,75432,买盘
1659,10:47:39,13.46,--,9,12114,卖盘
1660,10:47:33,13.46,-0.01,2,2692,卖盘
1661,10:47:27,13.47,0.01,20,26940,买盘
1662,10:47:24,13.46,--,4,5384,卖盘
1663,10:47:18,13.46,--,10,13460,卖盘
1664,10:47:15,13.46,--,17,22882,买盘
1665,10:47:12,13.46,0.01,3,4038,买盘
1666,10:47:03,13.45,--,136,182920,卖盘
1667,10:47:00,13.45,--,58,78010,卖盘
1668,10:46:54,13.45,--,19,25555,卖盘
1669,10:46:51,13.45,--,11,14795,卖盘
1670,10:46:45,13.45,--,51,68595,卖盘
1671,10:46:36,13.45,--,15,20175,卖盘
1672,10:46:30,13.45,-0.01,29,39005,卖盘
1673,10:46:27,13.46,-0.01,70,94220,卖盘
1674,10:46:24,13.47,0.01,6,8082,买盘
1675,10:46:21,13.46,--,7,9422,卖盘
1676,10:46:18,13.46,-0.01,48,64608,卖盘
1677,10:46:15,13.47,0.01,1,1347,买盘
1678,10:46:12,13.46,0.01,9,12114,买盘
1679,10:46:09,13.45,--,11,14795,卖盘
1680,10:46:06,13.45,--,517,695365,卖盘
1681,10:45:57,13.45,--,23,30935,卖盘
1682,10:45:54,13.45,-0.01,96,129120,卖盘
1683,10:45:51,13.46,--,30,40380,卖盘
1684,10:45:48,13.46,--,33,44418,卖盘
1685,10:45:45,13.46,-0.01,38,51148,卖盘
1686,10:45:42,13.47,--,140,188580,卖盘
1687,10:45:36,13.47,--,77,103719,卖盘
1688,10:45:30,13.47,--,56,75432,卖盘
1689,10:45:27,13.47,--,3,4041,卖盘
1690,10:45:24,13.47,-0.01,39,52533,卖盘
1691,10:45:21,13.48,0.01,2,2696,买盘
1692,10:45:18,13.47,--,47,63309,卖盘
1693,10:45:15,13.47,--,17,22899,卖盘
1694,10:45:09,13.47,0.01,186,250730,买盘
1695,10:45:06,13.46,--,9,12114,卖盘
1696,10:45:03,13.46,-0.01,103,138638,卖盘
1697,10:44:54,13.47,0.01,10,13470,买盘
1698,10:44:48,13.46,--,51,68646,卖盘
1699,10:44:45,13.46,-0.01,5,6730,卖盘
1700,10:44:42,13.47,0.01,371,499737,买盘
1701,10:44:36,13.46,--,68,91528,卖盘
1702,10:44:33,13.46,-0.01,18,24228,卖盘
1703,10:44:30,13.47,0.01,100,134700,买盘
1704,10:44:15,13.46,-0.01,7,9422,卖盘
1705,10:44:12,13.47,0.01,24,32328,买盘
1706,10:44:06,13.46,--,23,30958,卖盘
1707,10:43:57,13.46,--,12,16152,卖盘
1708,10:43:54,13.46,--,1,1346,卖盘
1709,10:43:48,13.46,--,61,82106,卖盘
1710,10:43:45,13.46,--,19,25574,卖盘
1711,10:43:36,13.46,--,82,110372,卖盘
1712,10:43:21,13.46,--,2,2692,卖盘
1713,10:43:15,13.46,-0.01,30,40380,卖盘
1714,10:43:12,13.47,--,19,25593,买盘
1715,10:43:09,13.47,--,27,36369,卖盘
1716,10:43:03,13.47,--,2,2694,卖盘
1717,10:42:57,13.47,-0.01,3,4041,中性盘
1718,10:42:51,13.48,0.01,73,98404,买盘
1719,10:42:45,13.47,0.01,1,1347,买盘
1720,10:42:42,13.46,-0.02,2,2692,卖盘
1721,10:42:33,13.48,0.01,26,35048,买盘
1722,10:42:27,13.47,0.01,59,79473,买盘
1723,10:42:15,13.46,--,1,1346,卖盘
1724,10:42:03,13.46,--,5,6730,卖盘
1725,10:41:57,13.46,0.01,60,80760,买盘
1726,10:41:36,13.45,--,19,25555,卖盘
1727,10:41:24,13.45,-0.03,41,55145,卖盘
1728,10:41:21,13.48,0.02,89,119972,买盘
1729,10:41:18,13.46,--,183,246775,买盘
1730,10:41:15,13.46,--,30,40380,买盘
1731,10:41:06,13.46,0.01,33,44418,买盘
1732,10:41:03,13.45,-0.01,1,1345,卖盘
1733,10:40:57,13.46,--,5,6730,买盘
1734,10:40:54,13.46,0.01,6,8076,买盘
1735,10:40:51,13.45,--,55,73975,卖盘
1736,10:40:45,13.45,--,5,6725,卖盘
1737,10:40:39,13.45,-0.01,23,30935,卖盘
1738,10:40:36,13.46,--,2,2692,买盘
1739,10:40:33,13.46,0.01,300,403800,买盘
1740,10:40:30,13.45,--,37,49765,卖盘
1741,10:40:15,13.45,-0.01,24,32280,卖盘
1742,10:40:03,13.46,0.01,186,250356,买盘
1743,10:39:54,13.45,--,7,9415,卖盘
1744,10:39:48,13.45,--,66,88770,卖盘
1745,10:39:42,13.45,-0.01,25,33625,卖盘
1746,10:39:39,13.46,--,4,5384,买盘
1747,10:39:36,13.46,0.01,30,40380,买盘
1748,10:39:33,13.45,-0.01,46,61870,卖盘
1749,10:39:27,13.46,0.01,32,43072,买盘
1750,10:39:21,13.45,--,19,25555,卖盘
1751,10:39:18,13.45,-0.01,33,44385,卖盘
1752,10:39:09,13.46,--,38,51148,买盘
1753,10:39:06,13.46,-0.01,276,372384,卖盘
1754,10:39:03,13.47,-0.01,218,293646,卖盘
1755,10:38:45,13.48,-0.01,1,1348,卖盘
1756,10:38:39,13.49,--,50,67450,买盘
1757,10:38:33,13.49,0.01,15,20235,买盘
1758,10:38:27,13.48,--,1,1348,卖盘
1759,10:38:27,13.48,0.01,55,74140,买盘
1760,10:38:18,13.47,0.01,10,13470,买盘
1761,10:38:15,13.46,-0.02,225,302850,卖盘
1762,10:38:12,13.48,0.01,440,593578,买盘
1763,10:38:06,13.47,--,1,1347,买盘
1764,10:38:03,13.47,--,155,208785,买盘
1765,10:38:00,13.47,--,47,63309,买盘
1766,10:37:54,13.47,0.01,8,10776,买盘
1767,10:37:48,13.46,-0.01,46,61916,卖盘
1768,10:37:45,13.47,--,59,79473,买盘
1769,10:37:42,13.47,0.01,103,138741,买盘
1770,10:37:30,13.46,--,6,8076,卖盘
1771,10:37:15,13.46,--,5,6730,卖盘
1772,10:37:12,13.46,--,74,99604,买盘
1773,10:37:09,13.46,--,23,30958,买盘
1774,10:37:03,13.46,0.01,35,47110,买盘
1775,10:36:57,13.45,-0.01,12,16140,卖盘
1776,10:36:51,13.46,0.01,93,125178,买盘
1777,10:36:39,13.45,0.01,7,9415,中性盘
1778,10:36:18,13.44,-0.02,1,1344,中性盘
1779,10:36:00,13.46,0.03,40,53840,买盘
1780,10:35:57,13.43,--,5,6715,卖盘
1781,10:35:36,13.43,--,10,13430,卖盘
1782,10:35:09,13.43,0.02,137,183991,中性盘
1783,10:34:57,13.41,-0.05,20,26820,卖盘
1784,10:34:51,13.46,0.01,52,69992,买盘
1785,10:34:30,13.45,--,23,30935,买盘
1786,10:34:27,13.45,--,6,8070,买盘
1787,10:34:24,13.45,--,49,65905,买盘
1788,10:34:21,13.45,0.01,58,78010,买盘
1789,10:34:18,13.44,--,80,107520,买盘
1790,10:34:12,13.44,0.03,23,30912,买盘
1791,10:33:54,13.41,-0.03,74,99609,卖盘
1792,10:33:51,13.44,0.03,2,3924,买盘
1793,10:33:42,13.41,-0.03,100,134100,卖盘
1794,10:33:36,13.44,--,23,30912,买盘
1795,10:33:33,13.44,--,76,102144,买盘
1796,10:33:30,13.44,0.02,95,127680,买盘
1797,10:33:27,13.42,--,46,61732,买盘
1798,10:33:24,13.42,--,29,38918,买盘
1799,10:33:21,13.42,--,100,134200,买盘
1800,10:33:03,13.42,--,7,9394,买盘
1801,10:33:00,13.42,--,205,275110,卖盘
1802,10:32:57,13.42,--,10,13420,卖盘
1803,10:32:48,13.42,--,1,1342,卖盘
1804,10:32:45,13.42,--,10,13420,卖盘
1805,10:32:42,13.42,-0.01,5,6710,卖盘
1806,10:32:39,13.43,--,22,29653,卖盘
1807,10:32:36,13.43,0.01,123,166424,买盘
1808,10:32:27,13.42,--,60,80520,卖盘
1809,10:32:24,13.42,--,14,18788,卖盘
1810,10:32:09,13.42,-0.02,113,151753,卖盘
1811,10:32:00,13.44,0.01,59,79296,买盘
1812,10:31:57,13.43,--,7,9401,卖盘
1813,10:31:51,13.43,--,19,25517,卖盘
1814,10:31:48,13.43,--,9,12087,卖盘
1815,10:31:42,13.43,--,10,13430,卖盘
1816,10:31:39,13.43,--,1,1343,卖盘
1817,10:31:29,13.43,--,27,36261,卖盘
1818,10:31:26,13.43,-0.01,70,94010,卖盘
1819,10:31:23,13.44,--,30,40320,卖盘
1820,10:31:20,13.44,--,24,32256,卖盘
1821,10:31:14,13.44,--,105,141120,卖盘
1822,10:31:02,13.44,--,45,60480,卖盘
1823,10:30:59,13.44,-0.01,10,13440,卖盘
1824,10:30:50,13.45,0.01,43,57835,买盘
1825,10:30:47,13.44,--,2,2688,卖盘
1826,10:30:35,13.44,-0.01,19,25536,卖盘
1827,10:30:29,13.45,0.01,34,45730,买盘
1828,10:30:23,13.44,--,10,13440,卖盘
1829,10:30:20,13.44,--,175,235200,卖盘
1830,10:30:14,13.44,-0.02,34,45696,卖盘
1831,10:30:11,13.46,0.01,75,100950,买盘
1832,10:30:08,13.45,--,17,22865,买盘
1833,10:30:05,13.45,--,24,33436,卖盘
1834,10:30:02,13.45,--,2,2690,卖盘
1835,10:29:53,13.45,--,10,13450,卖盘
1836,10:29:50,13.45,--,8,10948,卖盘
1837,10:29:35,13.45,--,10,13450,卖盘
1838,10:29:29,13.45,-0.01,10,13450,买盘
1839,10:29:26,13.46,0.01,10,13460,买盘
1840,10:29:20,13.45,-0.01,1,1345,中性盘
1841,10:29:05,13.46,--,5,6730,买盘
1842,10:29:02,13.46,--,87,117102,买盘
1843,10:28:56,13.46,--,21,28266,买盘
1844,10:28:50,13.46,0.01,10,13460,买盘
1845,10:28:47,13.45,--,1,1345,卖盘
1846,10:28:35,13.45,--,20,26900,卖盘
1847,10:28:32,13.45,--,26,35508,买盘
1848,10:28:23,13.45,--,17,23672,卖盘
1849,10:28:20,13.45,--,10,13450,卖盘
1850,10:28:11,13.45,0.02,55,74513,买盘
1851,10:28:08,13.43,-0.02,47,63121,卖盘
1852,10:28:05,13.45,0.01,80,108837,买盘
1853,10:27:59,13.44,-0.01,9,12096,卖盘
1854,10:27:47,13.45,--,65,87425,卖盘
1855,10:27:44,13.45,--,23,30935,卖盘
1856,10:27:41,13.45,--,47,63215,卖盘
1857,10:27:35,13.45,--,7,9415,卖盘
1858,10:27:32,13.45,--,20,26900,卖盘
1859,10:27:29,13.45,0.01,640,860800,买盘
1860,10:27:23,13.44,0.01,10,13440,买盘
1861,10:27:20,13.43,-0.01,100,134300,卖盘
1862,10:27:14,13.44,--,1,1344,买盘
1863,10:27:02,13.44,--,50,67200,买盘
1864,10:26:59,13.44,0.01,32,43008,买盘
1865,10:26:50,13.43,-0.01,52,69836,卖盘
1866,10:26:44,13.44,0.01,15,20160,买盘
1867,10:26:41,13.43,-0.01,50,67150,卖盘
1868,10:26:29,13.44,0.01,18,24192,买盘
1869,10:26:26,13.43,--,20,26860,卖盘
1870,10:26:20,13.43,--,2,2686,卖盘
1871,10:26:14,13.43,--,11,14773,卖盘
1872,10:26:11,13.43,-0.01,10,13430,卖盘
1873,10:26:08,13.44,0.01,19,25536,买盘
1874,10:25:50,13.43,-0.01,12,16116,卖盘
1875,10:25:47,13.44,--,53,71232,买盘
1876,10:25:44,13.44,0.01,10,13440,买盘
1877,10:25:41,13.43,--,55,73865,卖盘
1878,10:25:35,13.43,--,40,53720,卖盘
1879,10:25:32,13.43,--,6,8058,卖盘
1880,10:25:26,13.43,0.01,19,25517,中性盘
1881,10:25:20,13.42,--,45,60390,卖盘
1882,10:25:08,13.42,-0.02,22,29524,卖盘
1883,10:25:05,13.44,0.02,50,67200,买盘
1884,10:25:02,13.42,-0.02,246,330132,卖盘
1885,10:24:50,13.44,0.02,136,182784,买盘
1886,10:24:47,13.42,--,18,24156,卖盘
1887,10:24:41,13.42,0.01,5,6710,买盘
1888,10:24:32,13.41,--,29,38889,卖盘
1889,10:24:29,13.41,--,21,28161,卖盘
1890,10:24:26,13.41,-0.01,7,9387,卖盘
1891,10:24:23,13.42,--,21,28182,买盘
1892,10:24:20,13.42,--,26,34892,买盘
1893,10:24:11,13.42,0.01,97,130174,买盘
1894,10:24:05,13.41,0.01,9,12069,中性盘
1895,10:23:56,13.4,-0.02,127,170180,卖盘
1896,10:23:53,13.42,0.01,8,10736,买盘
1897,10:23:47,13.41,--,9,12069,卖盘
1898,10:23:44,13.41,--,112,150192,卖盘
1899,10:23:41,13.41,--,7,9387,卖盘
1900,10:23:38,13.41,--,26,34866,卖盘
1901,10:23:32,13.41,-0.01,3,4023,卖盘
1902,10:23:29,13.42,--,9,12078,买盘
1903,10:23:26,13.42,--,82,110044,买盘
1904,10:23:20,13.42,0.01,59,79178,买盘
1905,10:23:14,13.41,--,100,134100,卖盘
1906,10:23:08,13.41,--,4,5364,卖盘
1907,10:23:05,13.41,-0.01,12,16092,卖盘
1908,10:23:02,13.42,--,6,8052,买盘
1909,10:22:56,13.42,--,1,1342,买盘
1910,10:22:50,13.42,--,42,57437,卖盘
1911,10:22:44,13.42,--,15,20130,卖盘
1912,10:22:41,13.42,--,4,5368,卖盘
1913,10:22:35,13.42,-0.01,48,64416,卖盘
1914,10:22:23,13.43,--,9,12087,买盘
1915,10:22:14,13.43,0.01,100,134300,买盘
1916,10:22:08,13.42,-0.01,5,6710,卖盘
1917,10:22:05,13.43,0.01,8,10744,中性盘
1918,10:21:44,13.42,-0.02,12,16104,卖盘
1919,10:21:38,13.44,0.02,148,198912,买盘
1920,10:21:35,13.42,0.01,1,1342,卖盘
1921,10:21:29,13.41,--,99,133027,买盘
1922,10:21:26,13.41,--,42,56322,买盘
1923,10:21:23,13.41,-0.03,33,45325,卖盘
1924,10:21:14,13.44,0.01,270,362880,买盘
1925,10:21:08,13.43,0.01,100,134300,买盘
1926,10:21:05,13.42,0.01,33,44286,买盘
1927,10:21:02,13.41,-0.02,4,5364,卖盘
1928,10:20:50,13.43,0.02,138,185334,买盘
1929,10:20:41,13.41,--,104,139732,买盘
1930,10:20:35,13.41,--,13,17433,买盘
1931,10:20:29,13.41,--,103,138123,买盘
1932,10:20:26,13.41,--,9,12069,买盘
1933,10:20:20,13.41,0.01,100,134100,买盘
1934,10:20:17,13.4,-0.01,77,103180,卖盘
1935,10:20:11,13.41,--,15,20115,买盘
1936,10:20:05,13.41,--,107,143487,买盘
1937,10:19:56,13.41,0.01,10,13410,买盘
1938,10:19:53,13.4,-0.01,117,157852,卖盘
1939,10:19:47,13.41,--,5,6705,卖盘
1940,10:19:44,13.41,-0.02,1,1341,卖盘
1941,10:19:20,13.43,0.02,90,120870,买盘
1942,10:19:17,13.41,-0.02,33,44253,卖盘
1943,10:19:14,13.43,0.01,7,9401,买盘
1944,10:19:08,13.42,--,13,17446,卖盘
1945,10:19:05,13.42,--,36,48580,买盘
1946,10:19:02,13.42,0.01,6,8052,买盘
1947,10:18:53,13.41,--,120,160920,卖盘
1948,10:18:47,13.41,--,19,25479,卖盘
1949,10:18:44,13.41,--,147,197127,卖盘
1950,10:18:41,13.41,--,34,45594,卖盘
1951,10:18:38,13.41,-0.01,7,9387,中性盘
1952,10:18:35,13.42,0.01,141,189222,买盘
1953,10:18:32,13.41,--,8,10728,买盘
1954,10:18:29,13.41,--,46,61686,买盘
1955,10:18:26,13.41,--,96,128736,买盘
1956,10:18:23,13.41,0.02,51,68391,买盘
1957,10:18:17,13.39,-0.01,21,28119,卖盘
1958,10:18:14,13.4,-0.01,1,1340,中性盘
1959,10:18:08,13.41,--,43,57663,买盘
1960,10:18:02,13.41,--,23,30843,买盘
1961,10:17:56,13.41,0.02,23,30843,买盘
1962,10:17:50,13.39,-0.01,16,21424,卖盘
1963,10:17:50,13.4,-0.01,20,26800,卖盘
1964,10:17:44,13.41,0.01,53,71073,买盘
1965,10:17:41,13.4,--,47,62980,买盘
1966,10:17:38,13.4,--,44,59388,卖盘
1967,10:17:35,13.4,-0.01,4,5360,卖盘
1968,10:17:32,13.41,0.01,15,21026,买盘
1969,10:17:29,13.4,--,388,520348,卖盘
1970,10:17:23,13.4,--,64,85760,卖盘
1971,10:17:20,13.4,--,28,37520,卖盘
1972,10:17:17,13.4,--,147,196980,卖盘
1973,10:17:14,13.4,--,285,381900,卖盘
1974,10:17:11,13.4,--,14,18760,卖盘
1975,10:17:08,13.4,--,133,178220,卖盘
1976,10:17:05,13.4,--,14,18760,卖盘
1977,10:17:02,13.4,--,210,281400,卖盘
1978,10:16:59,13.4,--,57,76380,卖盘
1979,10:16:56,13.4,--,53,71020,卖盘
1980,10:16:53,13.4,--,73,97820,卖盘
1981,10:16:50,13.4,--,48,64320,卖盘
1982,10:16:47,13.4,--,261,349740,卖盘
1983,10:16:44,13.4,--,13,17420,卖盘
1984,10:16:38,13.4,--,524,702160,卖盘
1985,10:16:35,13.4,--,74,99160,卖盘
1986,10:16:32,13.4,--,64,85760,卖盘
1987,10:16:29,13.4,-0.01,15,20287,卖盘
1988,10:16:23,13.41,--,128,171648,买盘
1989,10:16:14,13.41,0.01,25,33525,买盘
1990,10:16:11,13.4,-0.01,44,58960,卖盘
1991,10:16:08,13.41,--,690,926523,卖盘
1992,10:16:05,13.41,--,100,134100,卖盘
1993,10:16:02,13.41,--,9,12069,卖盘
1994,10:15:59,13.41,--,30,40230,卖盘
1995,10:15:56,13.41,--,190,254790,卖盘
1996,10:15:53,13.41,--,122,163602,卖盘
1997,10:15:44,13.41,--,9,12069,卖盘
1998,10:15:41,13.41,--,570,764370,卖盘
1999,10:15:38,13.41,-0.01,137,183717,卖盘
2000,10:15:35,13.42,0.01,47,63074,买盘
2001,10:15:29,13.41,--,12,16092,卖盘
2002,10:15:26,13.41,-0.01,16,21456,卖盘
2003,10:15:17,13.42,0.01,1,1342,买盘
2004,10:15:14,13.41,-0.01,69,92529,卖盘
2005,10:15:11,13.42,--,10,13420,买盘
2006,10:15:08,13.42,--,137,184927,卖盘
2007,10:15:05,13.42,--,50,67100,卖盘
2008,10:15:02,13.42,--,8,10736,卖盘
2009,10:14:59,13.42,--,14,18788,卖盘
2010,10:14:53,13.42,--,37,49654,卖盘
2011,10:14:47,13.42,--,225,302218,卖盘
2012,10:14:35,13.42,--,1,1342,卖盘
2013,10:14:32,13.42,--,64,85888,卖盘
2014,10:14:29,13.42,--,7,9394,卖盘
2015,10:14:26,13.42,--,24,32208,卖盘
2016,10:14:20,13.42,--,2,2684,卖盘
2017,10:14:17,13.42,--,5,6710,卖盘
2018,10:14:08,13.42,-0.02,47,63074,卖盘
2019,10:14:02,13.44,0.01,20,26880,买盘
2020,10:13:44,13.43,-0.01,1,1343,中性盘
2021,10:13:32,13.44,0.02,37,49728,买盘
2022,10:13:29,13.42,--,40,53680,卖盘
2023,10:13:23,13.42,-0.02,31,41602,卖盘
2024,10:13:14,13.44,0.02,34,45696,买盘
2025,10:13:04,13.42,--,30,40260,卖盘
2026,10:12:55,13.42,--,5,6710,卖盘
2027,10:12:52,13.42,-0.02,100,134200,卖盘
2028,10:12:46,13.44,--,28,37632,买盘
2029,10:12:43,13.44,0.02,1,1344,买盘
2030,10:12:34,13.42,-0.01,3,4026,卖盘
2031,10:12:31,13.43,0.01,61,81923,买盘
2032,10:12:25,13.42,0.01,26,34892,买盘
2033,10:12:19,13.41,--,50,67050,卖盘
2034,10:12:10,13.41,-0.01,43,57663,卖盘
2035,10:11:55,13.42,--,1,1342,买盘
2036,10:11:49,13.42,--,480,644160,卖盘
2037,10:11:37,13.42,-0.01,501,672342,卖盘
2038,10:11:34,13.43,--,6,8058,买盘
2039,10:11:19,13.43,0.01,1,1343,买盘
2040,10:11:13,13.42,-0.01,30,40260,中性盘
2041,10:11:07,13.43,--,6,8058,买盘
2042,10:11:01,13.43,--,64,85952,买盘
2043,10:10:55,13.43,0.01,26,34918,买盘
2044,10:10:49,13.42,--,13,17446,卖盘
2045,10:10:46,13.42,--,170,228140,卖盘
2046,10:10:22,13.42,--,24,32208,买盘
2047,10:10:16,13.42,0.01,10,13420,买盘
2048,10:10:10,13.41,-0.01,137,183717,卖盘
2049,10:10:07,13.42,--,23,30866,卖盘
2050,10:10:01,13.42,--,3,4026,买盘
2051,10:09:58,13.42,0.01,2,2684,买盘
2052,10:09:55,13.41,-0.01,2,2682,卖盘
2053,10:09:49,13.42,0.01,5,6710,买盘
2054,10:09:46,13.41,-0.02,31,41571,卖盘
2055,10:09:40,13.43,--,44,59092,买盘
2056,10:09:34,13.43,0.02,46,61778,买盘
2057,10:09:31,13.41,-0.01,4,5364,卖盘
2058,10:09:25,13.42,--,19,25498,卖盘
2059,10:09:19,13.42,0.01,63,84546,买盘
2060,10:09:13,13.41,-0.01,36,48276,卖盘
2061,10:09:10,13.42,--,70,93940,买盘
2062,10:09:07,13.42,--,2,2684,买盘
2063,10:09:04,13.42,--,1,1342,买盘
2064,10:08:52,13.42,-0.01,76,101992,卖盘
2065,10:08:40,13.43,0.01,47,63121,买盘
2066,10:08:37,13.42,-0.01,5,6710,卖盘
2067,10:08:28,13.43,0.01,10,13430,买盘
2068,10:08:25,13.42,-0.01,17,22814,卖盘
2069,10:08:16,13.43,0.01,45,60435,买盘
2070,10:08:10,13.42,--,35,46970,卖盘
2071,10:08:04,13.42,--,30,40260,卖盘
2072,10:08:01,13.42,0.01,56,75152,买盘
2073,10:07:58,13.41,--,53,71073,卖盘
2074,10:07:55,13.41,--,13,17433,卖盘
2075,10:07:49,13.41,--,1,1341,卖盘
2076,10:07:43,13.41,-0.01,24,32184,卖盘
2077,10:07:40,13.42,--,57,76494,买盘
2078,10:07:34,13.42,--,10,13420,买盘
2079,10:07:28,13.42,0.01,29,38918,买盘
2080,10:07:22,13.41,--,16,21456,卖盘
2081,10:07:19,13.41,--,5,6705,卖盘
2082,10:07:16,13.41,--,2,2682,卖盘
2083,10:07:07,13.41,--,21,28161,卖盘
2084,10:07:01,13.41,-0.01,68,91188,卖盘
2085,10:06:58,13.42,--,16,21472,卖盘
2086,10:06:55,13.42,--,14,18788,卖盘
2087,10:06:52,13.42,--,40,53680,卖盘
2088,10:06:49,13.42,--,54,72468,卖盘
2089,10:06:46,13.42,--,16,21472,卖盘
2090,10:06:43,13.42,--,53,71126,卖盘
2091,10:06:37,13.42,-0.01,34,45628,卖盘
2092,10:06:31,13.43,-0.01,6,8058,卖盘
2093,10:06:28,13.44,--,1,1344,买盘
2094,10:06:19,13.44,0.01,20,26880,买盘
2095,10:06:13,13.43,--,34,45662,卖盘
2096,10:06:10,13.43,--,7,9401,卖盘
2097,10:06:04,13.43,--,22,29546,卖盘
2098,10:06:01,13.43,--,15,20145,卖盘
2099,10:05:58,13.43,--,61,81923,卖盘
2100,10:05:55,13.43,--,8,10744,卖盘
2101,10:05:46,13.43,-0.01,17,22831,卖盘
2102,10:05:34,13.44,--,5,6720,买盘
2103,10:05:31,13.44,0.01,20,26880,买盘
2104,10:05:28,13.43,-0.01,3,4029,卖盘
2105,10:05:19,13.44,0.02,8,10752,买盘
2106,10:05:10,13.42,-0.02,40,53787,卖盘
2107,10:05:07,13.44,0.02,100,134400,买盘
2108,10:05:01,13.42,-0.02,7,9394,卖盘
2109,10:04:55,13.44,--,1,1344,买盘
2110,10:04:46,13.44,0.02,50,67200,买盘
2111,10:04:43,13.42,--,1,1342,买盘
2112,10:04:40,13.42,--,5,6710,卖盘
2113,10:04:34,13.42,--,86,115412,卖盘
2114,10:04:25,13.42,--,49,65758,卖盘
2115,10:04:22,13.42,--,9,12078,买盘
2116,10:04:16,13.42,--,6,8052,买盘
2117,10:04:13,13.42,0.01,1,1342,中性盘
2118,10:04:04,13.41,--,203,272223,卖盘
2119,10:03:46,13.41,-0.01,11,14751,卖盘
2120,10:03:43,13.42,--,6,8052,买盘
2121,10:03:40,13.42,--,20,26840,买盘
2122,10:03:37,13.42,--,8,10736,买盘
2123,10:03:34,13.42,-0.02,22,29524,卖盘
2124,10:03:28,13.44,0.02,88,118272,买盘
2125,10:03:22,13.42,--,1,1342,中性盘
2126,10:03:16,13.42,--,10,13420,买盘
2127,10:03:13,13.42,--,1,1342,买盘
2128,10:03:10,13.42,--,12,16104,卖盘
2129,10:03:07,13.42,-0.02,116,155672,卖盘
2130,10:03:01,13.44,0.02,248,333312,买盘
2131,10:02:58,13.42,--,17,22814,卖盘
2132,10:02:55,13.42,--,8,10736,买盘
2133,10:02:43,13.42,-0.01,2,2684,卖盘
2134,10:02:40,13.43,-0.01,19,25517,中性盘
2135,10:02:31,13.44,0.01,252,338688,买盘
2136,10:02:25,13.43,--,7,9401,卖盘
2137,10:02:22,13.43,-0.01,7,9401,卖盘
2138,10:02:16,13.44,-0.01,13,18547,卖盘
2139,10:02:13,13.45,0.01,1,1345,买盘
2140,10:02:10,13.44,--,40,54028,卖盘
2141,10:02:07,13.44,0.02,140,188160,买盘
2142,10:02:04,13.42,--,56,75152,卖盘
2143,10:01:58,13.42,--,9,12078,卖盘
2144,10:01:55,13.42,-0.01,5,6710,卖盘
2145,10:01:52,13.43,--,12,16116,卖盘
2146,10:01:49,13.43,--,27,36261,卖盘
2147,10:01:46,13.43,-0.01,23,30889,中性盘
2148,10:01:40,13.44,0.02,44,59136,买盘
2149,10:01:31,13.42,-0.01,37,49654,卖盘
2150,10:01:28,13.43,0.01,2,2686,买盘
2151,10:01:25,13.42,-0.01,7,9394,卖盘
2152,10:01:19,13.43,--,5,6715,买盘
2153,10:01:13,13.43,--,143,192049,买盘
2154,10:01:10,13.43,--,37,49691,买盘
2155,10:01:07,13.43,0.01,16,21488,买盘
2156,10:00:55,13.42,--,1,1342,卖盘
2157,10:00:52,13.42,--,2,2684,买盘
2158,10:00:49,13.42,--,282,378444,买盘
2159,10:00:37,13.42,--,10,13420,买盘
2160,10:00:31,13.42,0.01,75,100650,买盘
2161,10:00:28,13.41,--,18,24138,卖盘
2162,10:00:22,13.41,--,40,53640,卖盘
2163,10:00:19,13.41,--,4,5364,卖盘
2164,10:00:07,13.41,--,12,16092,卖盘
2165,10:00:01,13.41,--,26,34866,卖盘
2166,09:59:52,13.41,--,138,185058,买盘
2167,09:59:49,13.41,--,137,183717,买盘
2168,09:59:43,13.41,--,10,13410,买盘
2169,09:59:40,13.41,--,166,222606,买盘
2170,09:59:37,13.41,-0.01,797,1068777,卖盘
2171,09:59:28,13.42,0.01,15,20130,买盘
2172,09:59:25,13.41,--,10,13410,卖盘
2173,09:59:16,13.41,-0.01,49,65709,卖盘
2174,09:59:13,13.42,--,2,2684,买盘
2175,09:59:10,13.42,--,5,6710,买盘
2176,09:59:07,13.42,--,30,40260,买盘
2177,09:59:04,13.42,--,36,48312,买盘
2178,09:58:52,13.42,--,74,99308,卖盘
2179,09:58:49,13.42,--,30,40260,卖盘
2180,09:58:46,13.42,--,50,67100,卖盘
2181,09:58:40,13.42,-0.01,84,112728,卖盘
2182,09:58:34,13.43,0.01,246,330378,买盘
2183,09:58:31,13.42,-0.01,1,1342,卖盘
2184,09:58:28,13.43,--,100,134300,买盘
2185,09:58:22,13.43,--,10,13430,买盘
2186,09:58:19,13.43,0.01,7,9401,买盘
2187,09:58:16,13.42,-0.01,4,5368,卖盘
2188,09:58:07,13.43,0.01,23,30889,买盘
2189,09:58:04,13.42,-0.01,1017,1364814,卖盘
2190,09:58:01,13.43,0.01,17,22831,买盘
2191,09:57:58,13.42,--,20,26840,卖盘
2192,09:57:55,13.42,--,75,100650,卖盘
2193,09:57:49,13.42,--,5,6710,卖盘
2194,09:57:46,13.42,-0.01,70,93940,卖盘
2195,09:57:43,13.43,0.01,57,76551,买盘
2196,09:57:37,13.42,--,16,21472,卖盘
2197,09:57:31,13.42,--,50,67100,卖盘
2198,09:57:16,13.42,--,3,4026,卖盘
2199,09:57:04,13.42,-0.01,3,4026,卖盘
2200,09:56:58,13.43,--,7,9401,买盘
2201,09:56:52,13.43,--,120,161160,买盘
2202,09:56:46,13.43,0.01,6,8058,买盘
2203,09:56:40,13.42,-0.01,14,18788,卖盘
2204,09:56:37,13.43,--,20,26860,买盘
2205,09:56:34,13.43,--,40,53720,买盘
2206,09:56:22,13.43,-0.02,20,26860,买盘
2207,09:56:19,13.45,0.03,48,64560,买盘
2208,09:56:16,13.42,--,14,18788,卖盘
2209,09:56:13,13.42,-0.01,37,49654,卖盘
2210,09:56:10,13.43,--,7,9401,卖盘
2211,09:56:07,13.43,0.01,80,107440,买盘
2212,09:56:01,13.42,-0.01,33,44286,卖盘
2213,09:55:58,13.43,--,57,76551,买盘
2214,09:55:49,13.43,0.01,194,260542,买盘
2215,09:55:46,13.42,-0.01,3,4026,卖盘
2216,09:55:43,13.43,0.01,5,6715,买盘
2217,09:55:37,13.42,-0.01,92,123464,卖盘
2218,09:55:34,13.43,0.01,1,1343,买盘
2219,09:55:28,13.42,--,99,132858,卖盘
2220,09:55:22,13.42,--,14,18788,卖盘
2221,09:55:19,13.42,--,30,40260,卖盘
2222,09:55:16,13.42,-0.01,22,29524,卖盘
2223,09:55:07,13.43,--,4,5372,卖盘
2224,09:55:04,13.43,0.01,45,60435,买盘
2225,09:54:58,13.42,--,19,25498,卖盘
2226,09:54:55,13.42,-0.01,27,36234,卖盘
2227,09:54:46,13.43,0.01,10,13430,买盘
2228,09:54:40,13.42,-0.01,34,45628,卖盘
2229,09:54:31,13.43,--,44,59092,卖盘
2230,09:54:19,13.43,--,62,83266,买盘
2231,09:54:16,13.43,0.01,49,65807,买盘
2232,09:54:09,13.42,-0.01,11,14762,中性盘
2233,09:54:06,13.43,0.01,10,13430,买盘
2234,09:54:00,13.42,--,19,25498,买盘
2235,09:53:57,13.42,-0.01,20,26840,中性盘
2236,09:53:48,13.43,--,7,9401,买盘
2237,09:53:45,13.43,0.02,1,1343,买盘
2238,09:53:42,13.41,-0.02,200,268200,卖盘
2239,09:53:36,13.43,0.02,97,130271,买盘
2240,09:53:27,13.41,--,123,164943,卖盘
2241,09:53:21,13.41,-0.01,103,138123,卖盘
2242,09:53:18,13.42,--,4,5368,买盘
2243,09:53:15,13.42,--,79,106018,买盘
2244,09:53:12,13.42,--,116,155672,买盘
2245,09:53:09,13.42,--,5,6710,买盘
2246,09:53:06,13.42,0.01,146,195932,买盘
2247,09:53:03,13.41,-0.01,57,76437,卖盘
2248,09:52:54,13.42,0.01,23,30866,买盘
2249,09:52:51,13.41,-0.01,3,4023,中性盘
2250,09:52:48,13.42,0.01,28,37576,买盘
2251,09:52:45,13.41,0.01,96,128736,买盘
2252,09:52:42,13.4,-0.01,102,136680,卖盘
2253,09:52:39,13.41,0.01,16,21456,中性盘
2254,09:52:36,13.4,-0.01,263,352420,卖盘
2255,09:52:33,13.41,0.01,8,10728,卖盘
2256,09:52:30,13.4,-0.01,40,53600,卖盘
2257,09:52:27,13.41,0.01,113,152257,买盘
2258,09:52:21,13.4,-0.01,18,24120,卖盘
2259,09:52:18,13.41,--,43,57663,买盘
2260,09:52:12,13.41,0.01,15,20115,买盘
2261,09:52:06,13.4,-0.02,210,282016,卖盘
2262,09:52:03,13.42,0.01,30,40260,买盘
2263,09:52:00,13.41,--,5,6705,卖盘
2264,09:51:57,13.41,-0.01,54,72414,卖盘
2265,09:51:54,13.42,0.01,20,26840,买盘
2266,09:51:51,13.41,--,49,65709,卖盘
2267,09:51:48,13.41,--,17,23105,卖盘
2268,09:51:45,13.41,--,42,56322,卖盘
2269,09:51:42,13.41,--,170,227970,卖盘
2270,09:51:39,13.41,--,10,13410,卖盘
2271,09:51:36,13.41,--,11,14751,卖盘
2272,09:51:33,13.41,--,85,113985,卖盘
2273,09:51:27,13.41,--,38,50958,卖盘
2274,09:51:21,13.41,--,139,186399,卖盘
2275,09:51:15,13.41,--,27,36207,卖盘
2276,09:51:12,13.41,0.01,285,382600,买盘
2277,09:51:09,13.4,-0.01,43,57620,卖盘
2278,09:51:06,13.41,0.01,46,61686,买盘
2279,09:51:03,13.4,-0.01,26,35764,卖盘
2280,09:51:00,13.41,-0.01,342,458622,卖盘
2281,09:50:57,13.42,0.01,67,89914,买盘
2282,09:50:54,13.41,--,149,200224,卖盘
2283,09:50:51,13.41,--,134,179694,卖盘
2284,09:50:48,13.41,-0.01,76,101916,卖盘
2285,09:50:45,13.42,0.01,69,92598,买盘
2286,09:50:42,13.41,--,13,17433,卖盘
2287,09:50:39,13.41,-0.01,10,13410,卖盘
2288,09:50:36,13.42,--,317,425414,买盘
2289,09:50:33,13.42,0.01,45,60390,买盘
2290,09:50:30,13.41,-0.01,38,50958,卖盘
2291,09:50:27,13.42,--,10,13420,买盘
2292,09:50:24,13.42,--,41,55022,卖盘
2293,09:50:21,13.42,--,117,157014,卖盘
2294,09:50:18,13.42,--,7,9394,卖盘
2295,09:50:15,13.42,--,412,552904,卖盘
2296,09:50:12,13.42,--,114,152988,卖盘
2297,09:50:06,13.42,-0.01,37,49654,卖盘
2298,09:50:03,13.43,--,121,162503,买盘
2299,09:50:00,13.43,--,401,539469,卖盘
2300,09:49:57,13.43,--,30,40290,卖盘
2301,09:49:54,13.43,--,8,10744,卖盘
2302,09:49:51,13.43,--,7,9401,卖盘
2303,09:49:48,13.43,--,143,192049,卖盘
2304,09:49:45,13.43,-0.02,89,119527,卖盘
2305,09:49:42,13.45,0.01,54,72630,买盘
2306,09:49:39,13.44,--,42,56448,卖盘
2307,09:49:36,13.44,--,7,9408,卖盘
2308,09:49:33,13.44,--,130,174720,卖盘
2309,09:49:30,13.44,--,23,30912,卖盘
2310,09:49:27,13.44,-0.02,119,159936,卖盘
2311,09:49:15,13.46,0.01,23,30958,买盘
2312,09:49:09,13.45,--,208,279760,买盘
2313,09:49:06,13.45,0.01,10,13450,买盘
2314,09:48:54,13.44,--,52,69888,卖盘
2315,09:48:48,13.44,-0.01,46,61824,卖盘
2316,09:48:42,13.45,0.01,18,24210,买盘
2317,09:48:39,13.44,-0.01,33,44352,卖盘
2318,09:48:36,13.45,0.01,10,13450,买盘
2319,09:48:24,13.44,--,5,6720,卖盘
2320,09:48:18,13.44,--,1,1344,卖盘
2321,09:48:09,13.44,-0.01,99,133056,卖盘
2322,09:48:06,13.45,--,148,199060,卖盘
2323,09:48:03,13.45,-0.01,17,24196,中性盘
2324,09:47:45,13.46,0.03,62,83452,买盘
2325,09:47:42,13.43,-0.03,314,421702,卖盘
2326,09:47:36,13.46,--,23,30958,买盘
2327,09:47:30,13.46,0.03,67,90182,买盘
2328,09:47:27,13.43,--,114,153102,卖盘
2329,09:47:24,13.43,--,18,24174,卖盘
2330,09:47:21,13.43,-0.01,21,28203,卖盘
2331,09:47:18,13.44,--,20,26880,买盘
2332,09:47:15,13.44,--,30,40320,买盘
2333,09:47:12,13.44,--,22,29568,买盘
2334,09:47:09,13.44,--,20,26880,买盘
2335,09:47:06,13.44,0.01,5,6720,买盘
2336,09:47:03,13.43,-0.01,125,167875,卖盘
2337,09:47:00,13.44,0.01,60,80640,买盘
2338,09:46:51,13.43,-0.01,12,16545,卖盘
2339,09:46:45,13.44,--,3,4032,买盘
2340,09:46:42,13.44,--,1,1344,买盘
2341,09:46:39,13.44,--,43,57792,买盘
2342,09:46:36,13.44,-0.01,422,568202,卖盘
2343,09:46:33,13.45,-0.01,197,266014,卖盘
2344,09:46:30,13.46,0.01,130,174980,买盘
2345,09:46:27,13.45,--,42,56490,卖盘
2346,09:46:24,13.45,--,10,13450,卖盘
2347,09:46:18,13.45,--,92,123740,卖盘
2348,09:46:15,13.45,-0.01,5,6725,卖盘
2349,09:46:09,13.46,--,1,1346,买盘
2350,09:46:00,13.46,0.01,22,29612,买盘
2351,09:45:57,13.45,--,40,53800,卖盘
2352,09:45:54,13.45,--,10,13450,卖盘
2353,09:45:51,13.45,--,1,1345,卖盘
2354,09:45:48,13.45,-0.01,20,26900,卖盘
2355,09:45:45,13.46,0.01,11,14806,买盘
2356,09:45:36,13.45,--,10,13450,卖盘
2357,09:45:30,13.45,--,49,65905,卖盘
2358,09:45:27,13.45,--,113,151985,卖盘
2359,09:45:15,13.45,-0.01,20,26900,卖盘
2360,09:45:12,13.46,0.01,9,12114,中性盘
2361,09:44:57,13.45,-0.02,89,119705,卖盘
2362,09:44:54,13.47,0.01,12,16164,买盘
2363,09:44:51,13.46,--,30,40380,卖盘
2364,09:44:45,13.46,--,45,60570,卖盘
2365,09:44:42,13.46,--,50,67300,卖盘
2366,09:44:36,13.46,--,12,16152,卖盘
2367,09:44:33,13.46,--,80,107680,卖盘
2368,09:44:30,13.46,--,10,13460,卖盘
2369,09:44:15,13.46,--,10,13460,卖盘
2370,09:44:12,13.46,--,23,30958,卖盘
2371,09:44:09,13.46,0.01,54,72684,买盘
2372,09:44:06,13.45,--,43,58440,卖盘
2373,09:44:00,13.45,--,21,28245,卖盘
2374,09:43:57,13.45,--,10,13450,卖盘
2375,09:43:54,13.45,-0.01,30,41089,卖盘
2376,09:43:48,13.46,0.01,191,257691,买盘
2377,09:43:45,13.45,--,57,76665,卖盘
2378,09:43:42,13.45,-0.01,57,76665,卖盘
2379,09:43:39,13.46,0.01,5,6730,买盘
2380,09:43:36,13.45,-0.01,5,6725,卖盘
2381,09:43:33,13.46,0.01,5,6730,买盘
2382,09:43:27,13.45,-0.01,177,238065,卖盘
2383,09:43:24,13.46,--,9,12114,卖盘
2384,09:43:21,13.46,--,3,4038,卖盘
2385,09:43:15,13.46,0.02,6,8076,中性盘
2386,09:43:09,13.44,-0.03,14,18816,卖盘
2387,09:43:03,13.47,0.01,9,12123,买盘
2388,09:43:00,13.46,0.02,38,51148,卖盘
2389,09:42:57,13.44,-0.03,1156,1553664,卖盘
2390,09:42:54,13.47,--,8,10776,买盘
2391,09:42:51,13.47,0.01,53,71391,买盘
2392,09:42:48,13.46,--,119,160174,卖盘
2393,09:42:45,13.46,-0.01,268,360728,卖盘
2394,09:42:42,13.47,0.01,20,26940,买盘
2395,09:42:36,13.46,--,32,43072,卖盘
2396,09:42:33,13.46,-0.01,34,45764,卖盘
2397,09:42:30,13.47,0.01,2,2694,买盘
2398,09:42:24,13.46,--,16,21536,卖盘
2399,09:42:21,13.46,--,47,63262,卖盘
2400,09:42:18,13.46,-0.01,12,16152,卖盘
2401,09:42:15,13.47,0.01,126,169722,买盘
2402,09:42:06,13.46,--,28,37688,卖盘
2403,09:42:03,13.46,--,178,239588,买盘
2404,09:42:00,13.46,--,2,2692,买盘
2405,09:41:57,13.46,0.01,229,308234,买盘
2406,09:41:54,13.45,-0.01,3,4035,卖盘
2407,09:41:51,13.46,--,15,20190,买盘
2408,09:41:48,13.46,--,182,244972,卖盘
2409,09:41:45,13.46,-0.01,52,69992,卖盘
2410,09:41:42,13.47,--,145,195315,买盘
2411,09:41:36,13.47,0.01,8,10776,买盘
2412,09:41:33,13.46,-0.01,2,2692,卖盘
2413,09:41:30,13.47,--,20,26940,买盘
2414,09:41:27,13.47,--,14,18858,买盘
2415,09:41:24,13.47,0.01,163,219561,买盘
2416,09:41:21,13.46,-0.01,10,13460,卖盘
2417,09:41:15,13.47,--,31,41757,买盘
2418,09:41:12,13.47,--,10,13470,买盘
2419,09:41:06,13.47,--,51,68697,买盘
2420,09:41:03,13.47,--,3,4041,买盘
2421,09:40:57,13.47,--,15,20205,买盘
2422,09:40:54,13.47,--,4,5388,卖盘
2423,09:40:51,13.47,--,178,239766,卖盘
2424,09:40:42,13.47,--,203,273441,卖盘
2425,09:40:39,13.47,--,20,26940,卖盘
2426,09:40:33,13.47,--,23,30981,卖盘
2427,09:40:30,13.47,--,46,61962,卖盘
2428,09:40:27,13.47,-0.01,31,41757,卖盘
2429,09:40:24,13.48,--,28,37744,买盘
2430,09:40:21,13.48,--,44,59312,买盘
2431,09:40:12,13.48,--,49,66052,买盘
2432,09:40:06,13.48,--,15,20220,买盘
2433,09:40:03,13.48,--,28,37744,买盘
2434,09:40:00,13.48,-0.01,143,192764,卖盘
2435,09:39:54,13.49,--,10,13490,买盘
2436,09:39:42,13.49,0.01,7,9443,卖盘
2437,09:39:39,13.48,-0.01,59,79532,卖盘
2438,09:39:36,13.49,--,4,5396,卖盘
2439,09:39:33,13.49,--,114,153786,买盘
2440,09:39:27,13.49,--,45,60705,买盘
2441,09:39:24,13.49,--,18,24282,买盘
2442,09:39:21,13.49,--,40,53960,买盘
2443,09:39:18,13.49,--,32,43168,买盘
2444,09:39:15,13.49,0.01,13,17537,买盘
2445,09:39:12,13.48,--,23,31004,卖盘
2446,09:39:09,13.48,-0.01,28,37744,卖盘
2447,09:39:06,13.49,--,74,99826,买盘
2448,09:39:03,13.49,0.01,5,6745,买盘
2449,09:39:00,13.48,--,50,67400,卖盘
2450,09:38:57,13.48,-0.01,56,75488,卖盘
2451,09:38:54,13.49,--,12,16188,买盘
2452,09:38:51,13.49,0.01,10,13490,买盘
2453,09:38:48,13.48,-0.01,38,51224,卖盘
2454,09:38:42,13.49,--,16,21584,买盘
2455,09:38:33,13.49,0.01,102,137598,买盘
2456,09:38:30,13.48,--,174,234552,卖盘
2457,09:38:27,13.48,--,50,67400,卖盘
2458,09:38:18,13.48,--,8,10784,卖盘
2459,09:38:15,13.48,-0.01,4,5392,卖盘
2460,09:38:09,13.49,0.02,133,179417,买盘
2461,09:38:06,13.47,-0.01,5,6735,卖盘
2462,09:38:03,13.48,0.01,110,148280,买盘
2463,09:38:00,13.47,-0.01,14,18858,卖盘
2464,09:37:51,13.48,0.01,30,40440,买盘
2465,09:37:48,13.47,--,8,10776,卖盘
2466,09:37:45,13.47,--,22,29634,卖盘
2467,09:37:33,13.47,0.01,280,377160,买盘
2468,09:37:30,13.46,-0.01,14,18844,卖盘
2469,09:37:27,13.47,-0.01,49,66003,买盘
2470,09:37:21,13.48,0.01,159,214332,买盘
2471,09:37:15,13.47,-0.01,27,36369,卖盘
2472,09:37:09,13.48,0.01,33,44484,买盘
2473,09:37:06,13.47,-0.01,10,13470,卖盘
2474,09:37:00,13.48,0.01,24,32621,买盘
2475,09:36:54,13.47,0.01,3,4041,卖盘
2476,09:36:51,13.46,--,3,4038,卖盘
2477,09:36:48,13.46,-0.01,47,63262,卖盘
2478,09:36:45,13.47,0.01,155,208785,买盘
2479,09:36:39,13.46,--,2,3230,卖盘
2480,09:36:36,13.46,-0.01,20,26920,卖盘
2481,09:36:30,13.47,-0.01,10,13470,中性盘
2482,09:36:27,13.48,0.01,43,57964,买盘
2483,09:36:21,13.47,--,64,86208,买盘
2484,09:36:18,13.47,0.01,3,4041,买盘
2485,09:36:15,13.46,--,31,41726,卖盘
2486,09:36:12,13.46,--,15,20190,卖盘
2487,09:36:09,13.46,--,28,37688,卖盘
2488,09:36:06,13.46,--,29,39572,买盘
2489,09:36:03,13.46,0.01,77,103642,买盘
2490,09:35:57,13.45,--,59,79355,卖盘
2491,09:35:51,13.45,--,48,64560,卖盘
2492,09:35:48,13.45,--,64,86080,卖盘
2493,09:35:45,13.45,-0.01,13,17485,卖盘
2494,09:35:39,13.46,0.01,23,30958,买盘
2495,09:35:36,13.45,-0.01,15,20175,卖盘
2496,09:35:33,13.46,-0.01,26,35803,卖盘
2497,09:35:30,13.47,0.01,25,33675,买盘
2498,09:35:24,13.46,--,37,49802,卖盘
2499,09:35:15,13.46,--,8,10768,卖盘
2500,09:35:06,13.46,--,71,95566,卖盘
2501,09:35:03,13.46,-0.02,23,30958,卖盘
2502,09:34:56,13.48,0.01,80,107840,买盘
2503,09:34:53,13.47,-0.01,8,10776,中性盘
2504,09:34:47,13.48,0.02,31,41788,买盘
2505,09:34:44,13.46,-0.02,28,37688,卖盘
2506,09:34:41,13.48,0.02,63,84924,中性盘
2507,09:34:38,13.46,-0.02,12,16690,卖盘
2508,09:34:35,13.48,--,26,35048,卖盘
2509,09:34:29,13.48,--,8,10784,买盘
2510,09:34:20,13.48,0.02,67,90316,买盘
2511,09:34:17,13.46,--,20,26920,卖盘
2512,09:34:14,13.46,-0.02,7,9422,卖盘
2513,09:34:11,13.48,0.02,9,12132,买盘
2514,09:34:05,13.46,--,12,16152,卖盘
2515,09:33:59,13.46,--,30,40380,卖盘
2516,09:33:56,13.46,-0.02,30,40380,卖盘
2517,09:33:53,13.48,0.02,37,49876,买盘
2518,09:33:50,13.46,--,17,22882,卖盘
2519,09:33:44,13.46,--,55,74030,卖盘
2520,09:33:41,13.46,--,21,28266,卖盘
2521,09:33:38,13.46,--,7,9422,卖盘
2522,09:33:35,13.46,-0.02,7,9422,卖盘
2523,09:33:32,13.48,0.02,11,14828,买盘
2524,09:33:29,13.46,--,100,134600,卖盘
2525,09:33:26,13.46,-0.01,113,152098,卖盘
2526,09:33:23,13.47,-0.03,11,14817,卖盘
2527,09:33:20,13.5,0.03,14,18900,买盘
2528,09:33:17,13.47,--,38,51186,卖盘
2529,09:33:11,13.47,-0.01,7,9429,卖盘
2530,09:33:08,13.48,-0.01,7,9436,卖盘
2531,09:33:05,13.49,-0.01,104,140296,卖盘
2532,09:32:56,13.5,--,29,39150,卖盘
2533,09:32:53,13.5,--,120,162000,卖盘
2534,09:32:50,13.5,--,94,126900,卖盘
2535,09:32:47,13.5,--,39,52650,卖盘
2536,09:32:44,13.5,0.03,388,523800,买盘
2537,09:32:41,13.47,--,7,9429,卖盘
2538,09:32:38,13.47,--,7,9429,卖盘
2539,09:32:35,13.47,-0.02,9,12123,卖盘
2540,09:32:29,13.49,0.03,50,67450,买盘
2541,09:32:26,13.46,-0.04,7,9422,卖盘
2542,09:32:20,13.5,--,9,12150,买盘
2543,09:32:17,13.5,--,9,12150,买盘
2544,09:32:14,13.5,--,10,13500,买盘
2545,09:32:05,13.5,0.04,2,2700,买盘
2546,09:31:53,13.46,--,100,134600,卖盘
2547,09:31:44,13.46,--,77,103642,卖盘
2548,09:31:41,13.46,-0.04,113,152098,卖盘
2549,09:31:38,13.5,0.01,120,162000,买盘
2550,09:31:35,13.49,--,46,62054,买盘
2551,09:31:32,13.49,--,24,32376,买盘
2552,09:31:29,13.49,0.01,62,83638,买盘
2553,09:31:26,13.48,--,23,31004,买盘
2554,09:31:20,13.48,0.03,23,31004,买盘
2555,09:31:17,13.45,-0.01,22,29590,卖盘
2556,09:31:14,13.46,--,32,43072,买盘
2557,09:31:11,13.46,0.01,5,6730,中性盘
2558,09:31:05,13.45,-0.03,135,181575,卖盘
2559,09:31:02,13.48,0.03,2,2696,买盘
2560,09:30:56,13.45,-0.03,85,114325,卖盘
2561,09:30:53,13.48,--,6,8088,买盘
2562,09:30:50,13.48,0.01,65,87620,买盘
2563,09:30:38,13.47,0.02,23,30981,买盘
2564,09:30:35,13.45,--,30,40350,卖盘
2565,09:30:23,13.45,--,63,84735,卖盘
2566,09:30:20,13.45,--,12,16140,卖盘
2567,09:30:17,13.45,--,11,14795,卖盘
2568,09:30:14,13.45,--,42,56490,卖盘
2569,09:30:08,13.45,-0.03,2,2690,卖盘
2570,09:30:05,13.48,--,167,225116,买盘
2571,09:30:02,13.48,-0.02,72,97056,卖盘
2572,09:25:35,13.5,--,0,0,买盘
2573,09:25:05,13.5,13.5,626,845100,买盘
