,time,price,change,volume,amount,type
0,15:00:22,24.87,0.03,941,2342455,买盘
1,14:57:49,24.84,--,0,0,买盘
2,14:57:01,24.84,-0.01,35,86940,卖盘
3,14:56:58,24.85,--,14,34790,买盘
4,14:56:55,24.85,--,26,64610,买盘
5,14:56:52,24.85,0.01,13,32305,买盘
6,14:56:49,24.84,--,23,57132,卖盘
7,14:56:46,24.84,-0.01,55,136620,卖盘
8,14:56:43,24.85,--,29,72065,买盘
9,14:56:37,24.85,--,6,14910,买盘
10,14:56:34,24.85,--,5,12425,买盘
11,14:56:31,24.85,--,10,24850,买盘
12,14:56:22,24.85,0.02,46,114310,买盘
13,14:56:19,24.83,-0.02,52,129115,卖盘
14,14:56:13,24.85,--,5,12425,买盘
15,14:56:10,24.85,--,5,12425,买盘
16,14:56:07,24.85,0.02,16,39760,买盘
17,14:56:04,24.83,-0.01,126,312858,卖盘
18,14:55:58,24.84,0.01,19,47196,中性盘
19,14:55:52,24.83,-0.01,83,206089,卖盘
20,14:55:49,24.84,--,53,131652,买盘
21,14:55:46,24.84,--,50,124200,买盘
22,14:55:43,24.84,0.01,44,109296,买盘
23,14:55:40,24.83,-0.01,52,129115,卖盘
24,14:55:37,24.84,0.01,3,7452,买盘
25,14:55:34,24.83,-0.01,8,19864,卖盘
26,14:55:31,24.84,0.04,80,198720,买盘
27,14:55:28,24.8,-0.04,8,19840,卖盘
28,14:55:25,24.84,0.04,20,49680,买盘
29,14:55:22,24.8,--,10,24800,卖盘
30,14:55:19,24.8,0.01,10,24800,卖盘
31,14:55:13,24.79,-0.01,341,845339,卖盘
32,14:55:10,24.8,--,36,89280,买盘
33,14:55:07,24.8,--,50,124000,买盘
34,14:55:04,24.8,--,92,228160,买盘
35,14:54:58,24.8,0.01,20,49600,买盘
36,14:54:55,24.79,--,53,131387,卖盘
37,14:54:52,24.79,-0.01,1,2479,卖盘
38,14:54:49,24.8,--,56,138880,卖盘
39,14:54:43,24.8,0.01,278,689440,买盘
40,14:54:40,24.79,--,28,69412,卖盘
41,14:54:37,24.79,-0.01,93,230547,卖盘
42,14:54:31,24.8,0.02,152,376960,买盘
43,14:54:28,24.78,-0.01,20,49560,卖盘
44,14:54:25,24.79,0.01,26,64454,买盘
45,14:54:22,24.78,-0.01,22,54516,卖盘
46,14:54:19,24.79,--,10,24790,买盘
47,14:54:16,24.79,--,44,109076,买盘
48,14:54:13,24.79,--,19,47101,买盘
49,14:54:10,24.79,--,13,32227,买盘
50,14:54:04,24.79,--,9,22311,买盘
51,14:54:01,24.79,-0.01,118,292522,卖盘
52,14:53:58,24.8,--,38,94240,买盘
53,14:53:55,24.8,--,77,190960,买盘
54,14:53:52,24.8,--,30,74400,买盘
55,14:53:49,24.8,--,16,39680,买盘
56,14:53:46,24.8,--,23,57040,买盘
57,14:53:43,24.8,0.01,57,141360,买盘
58,14:53:40,24.79,-0.01,67,166093,卖盘
59,14:53:37,24.8,--,101,250480,买盘
60,14:53:34,24.8,--,27,66960,买盘
61,14:53:31,24.8,--,64,158720,买盘
62,14:53:28,24.8,--,39,96720,买盘
63,14:53:25,24.8,--,18,44640,买盘
64,14:53:22,24.8,-0.01,90,223200,卖盘
65,14:53:19,24.81,--,39,96759,卖盘
66,14:53:16,24.81,--,9,22329,卖盘
67,14:53:13,24.81,0.01,12,29772,买盘
68,14:53:10,24.8,-0.01,150,372000,卖盘
69,14:53:04,24.81,-0.01,1,2481,中性盘
70,14:53:01,24.82,--,41,101762,买盘
71,14:52:55,24.82,0.02,103,255646,买盘
72,14:52:52,24.8,--,25,62000,卖盘
73,14:52:49,24.8,--,45,111600,买盘
74,14:52:46,24.8,--,177,438960,卖盘
75,14:52:43,24.8,--,1,2480,卖盘
76,14:52:37,24.8,-0.01,30,74400,卖盘
77,14:52:34,24.81,--,5,12405,买盘
78,14:52:31,24.81,--,31,76911,买盘
79,14:52:28,24.81,--,41,101721,卖盘
80,14:52:25,24.81,-0.01,102,253062,卖盘
81,14:52:22,24.82,--,14,34748,买盘
82,14:52:19,24.82,--,31,76942,买盘
83,14:52:16,24.82,--,24,59568,买盘
84,14:52:13,24.82,-0.01,35,86870,卖盘
85,14:52:10,24.83,--,75,186225,卖盘
86,14:52:07,24.83,0.01,63,156429,买盘
87,14:52:04,24.82,-0.01,32,79424,卖盘
88,14:52:01,24.83,--,56,139048,买盘
89,14:51:55,24.83,--,19,47177,买盘
90,14:51:46,24.83,--,1,2483,买盘
91,14:51:43,24.83,-0.01,75,186225,卖盘
92,14:51:40,24.84,--,22,54648,卖盘
93,14:51:37,24.84,--,4,9936,买盘
94,14:51:34,24.84,0.01,14,34776,买盘
95,14:51:31,24.83,--,162,402246,卖盘
96,14:51:28,24.83,-0.01,19,47177,卖盘
97,14:51:25,24.84,--,50,124200,买盘
98,14:51:22,24.84,--,12,29808,买盘
99,14:51:16,24.84,0.01,5,12420,买盘
100,14:51:13,24.83,--,1,2483,卖盘
101,14:51:07,24.83,-0.01,3,7448,卖盘
102,14:50:58,24.84,0.01,3,7452,买盘
103,14:50:52,24.83,-0.01,4,9932,卖盘
104,14:50:49,24.84,--,78,193752,卖盘
105,14:50:46,24.84,-0.01,18,44712,卖盘
106,14:50:37,24.85,--,5,12425,买盘
107,14:50:34,24.85,--,24,59640,卖盘
108,14:50:28,24.85,-0.02,49,121765,卖盘
109,14:50:25,24.87,0.02,10,24870,买盘
110,14:50:19,24.85,-0.02,5,12425,卖盘
111,14:50:16,24.87,-0.01,5,12435,卖盘
112,14:50:13,24.88,--,33,82402,买盘
113,14:50:07,24.88,0.01,20,49760,买盘
114,14:50:04,24.87,--,2,4974,卖盘
115,14:50:01,24.87,--,74,186226,买盘
116,14:49:55,24.87,0.01,4,9948,买盘
117,14:49:52,24.86,-0.01,20,49720,卖盘
118,14:49:49,24.87,--,9,22383,买盘
119,14:49:43,24.87,--,3,7461,买盘
120,14:49:40,24.87,0.01,31,77097,买盘
121,14:49:34,24.86,-0.01,7,17402,卖盘
122,14:49:28,24.87,--,4,9948,买盘
123,14:49:25,24.87,--,81,201447,卖盘
124,14:49:16,24.87,-0.01,15,37305,卖盘
125,14:49:13,24.88,--,8,19904,买盘
126,14:49:07,24.88,--,6,14928,买盘
127,14:49:04,24.88,-0.01,172,427936,卖盘
128,14:48:58,24.89,0.01,16,39824,买盘
129,14:48:55,24.88,-0.01,25,62200,卖盘
130,14:48:46,24.89,--,30,74670,买盘
131,14:48:43,24.89,0.01,1,2489,买盘
132,14:48:40,24.88,-0.01,14,34832,卖盘
133,14:48:37,24.89,0.01,77,191653,买盘
134,14:48:34,24.88,-0.01,8,19904,卖盘
135,14:48:31,24.89,0.01,10,24890,买盘
136,14:48:28,24.88,--,27,67176,卖盘
137,14:48:25,24.88,--,53,131864,卖盘
138,14:48:13,24.88,-0.01,14,34832,卖盘
139,14:48:10,24.89,--,19,47291,买盘
140,14:48:04,24.89,--,61,151829,买盘
141,14:48:01,24.89,0.01,1,2489,买盘
142,14:47:58,24.88,-0.01,39,97032,卖盘
143,14:47:55,24.89,--,44,109516,买盘
144,14:47:52,24.89,--,65,161785,买盘
145,14:47:49,24.89,--,32,79648,买盘
146,14:47:46,24.89,--,70,174230,买盘
147,14:47:43,24.89,--,35,87115,买盘
148,14:47:34,24.89,--,13,32357,买盘
149,14:47:31,24.89,--,51,126939,卖盘
150,14:47:28,24.89,-0.01,13,32357,卖盘
151,14:47:22,24.9,0.01,26,64739,买盘
152,14:47:16,24.89,-0.01,46,114494,卖盘
153,14:47:10,24.9,0.01,28,69720,买盘
154,14:46:58,24.89,--,8,19912,卖盘
155,14:46:52,24.89,--,2,4978,卖盘
156,14:46:46,24.89,0.01,2,4978,买盘
157,14:46:43,24.88,-0.01,14,34832,卖盘
158,14:46:40,24.89,0.01,13,32357,买盘
159,14:46:34,24.88,--,40,99520,卖盘
160,14:46:16,24.88,--,16,39808,买盘
161,14:46:10,24.88,--,1,2488,买盘
162,14:46:07,24.88,0.01,13,32344,买盘
163,14:46:01,24.87,-0.01,54,134298,买盘
164,14:45:58,24.88,0.02,3,7464,买盘
165,14:45:55,24.86,-0.02,20,49720,卖盘
166,14:45:52,24.88,0.01,60,149280,买盘
167,14:45:46,24.87,-0.01,10,24870,卖盘
168,14:45:43,24.88,0.01,40,99520,买盘
169,14:45:40,24.87,--,1,2487,卖盘
170,14:45:37,24.87,--,25,62175,卖盘
171,14:45:34,24.87,0.02,10,24870,买盘
172,14:45:25,24.85,-0.02,10,24850,卖盘
173,14:45:22,24.87,0.02,55,136785,买盘
174,14:45:16,24.85,0.01,139,345415,买盘
175,14:45:13,24.84,-0.01,57,141588,卖盘
176,14:45:10,24.85,--,7,17395,买盘
177,14:45:07,24.85,--,10,24850,买盘
178,14:45:01,24.85,-0.01,17,42245,卖盘
179,14:44:58,24.86,0.02,56,139216,买盘
180,14:44:52,24.84,--,2,4968,卖盘
181,14:44:49,24.84,-0.01,6,14904,卖盘
182,14:44:46,24.85,0.01,48,119280,买盘
183,14:44:43,24.84,-0.01,3,7452,卖盘
184,14:44:40,24.85,--,117,290745,卖盘
185,14:44:34,24.85,--,6,14910,卖盘
186,14:44:28,24.85,-0.01,102,253470,卖盘
187,14:44:25,24.86,--,9,22374,卖盘
188,14:44:22,24.86,-0.01,15,37290,卖盘
189,14:44:10,24.87,--,10,24870,卖盘
190,14:44:04,24.87,--,10,24870,卖盘
191,14:44:01,24.87,0.01,2,4974,买盘
192,14:43:46,24.86,-0.01,1,2486,卖盘
193,14:43:43,24.87,--,5,12435,卖盘
194,14:43:40,24.87,0.01,20,49740,买盘
195,14:43:37,24.86,--,5,12430,买盘
196,14:43:28,24.86,--,5,12430,买盘
197,14:43:25,24.86,0.01,1,2486,买盘
198,14:43:19,24.85,--,18,44730,买盘
199,14:43:16,24.85,--,7,17395,买盘
200,14:43:13,24.85,--,37,91945,卖盘
201,14:43:10,24.85,--,6,14910,卖盘
202,14:43:07,24.85,-0.02,1,2485,卖盘
203,14:42:58,24.87,0.02,2,4974,买盘
204,14:42:52,24.85,-0.03,10,24850,卖盘
205,14:42:40,24.88,0.03,3,7464,买盘
206,14:42:34,24.85,--,34,84490,买盘
207,14:42:31,24.85,-0.03,35,86975,卖盘
208,14:42:28,24.88,--,10,24880,买盘
209,14:42:09,24.88,0.01,10,24880,买盘
210,14:42:06,24.87,0.03,15,37305,买盘
211,14:42:03,24.84,--,22,54648,买盘
212,14:42:00,24.84,--,2,4968,买盘
213,14:41:51,24.84,-0.03,153,380052,卖盘
214,14:41:48,24.87,-0.01,5,12435,中性盘
215,14:41:42,24.88,--,4,9952,买盘
216,14:41:39,24.88,--,113,281144,买盘
217,14:41:36,24.88,0.04,10,24880,买盘
218,14:41:33,24.84,-0.03,16,39744,卖盘
219,14:41:30,24.87,-0.02,1,2487,卖盘
220,14:41:24,24.89,-0.01,64,159296,中性盘
221,14:41:21,24.9,0.01,78,194220,买盘
222,14:41:18,24.89,--,3,7467,买盘
223,14:41:15,24.89,--,37,92093,买盘
224,14:41:12,24.89,-0.01,164,408196,卖盘
225,14:41:09,24.9,0.01,2,4980,买盘
226,14:41:06,24.89,--,10,24890,卖盘
227,14:41:03,24.89,-0.01,12,29868,卖盘
228,14:40:54,24.9,0.02,50,124500,买盘
229,14:40:48,24.88,-0.01,5,12440,卖盘
230,14:40:45,24.89,0.02,17,42313,买盘
231,14:40:39,24.87,-0.01,75,186525,卖盘
232,14:40:33,24.88,--,6,14928,买盘
233,14:40:30,24.88,--,10,24880,买盘
234,14:40:27,24.88,0.01,6,14928,买盘
235,14:40:21,24.87,--,5,12435,卖盘
236,14:40:15,24.87,--,27,67149,卖盘
237,14:40:12,24.87,0.07,42,104454,买盘
238,14:40:09,24.8,--,85,210800,卖盘
239,14:40:03,24.8,--,11,27280,卖盘
240,14:39:57,24.8,--,48,121272,买盘
241,14:39:54,24.8,--,10,24800,买盘
242,14:39:51,24.8,--,100,248000,买盘
243,14:39:48,24.8,--,32,79360,买盘
244,14:39:42,24.8,--,20,49600,买盘
245,14:39:39,24.8,--,1,2480,买盘
246,14:39:36,24.8,--,33,81840,买盘
247,14:39:33,24.8,-0.05,264,654968,卖盘
248,14:39:27,24.85,--,51,128971,买盘
249,14:39:24,24.85,--,164,407540,买盘
250,14:39:18,24.85,0.01,11,27335,买盘
251,14:39:12,24.84,--,22,54648,卖盘
252,14:39:06,24.84,--,7,17388,买盘
253,14:39:03,24.84,0.02,28,69552,买盘
254,14:39:00,24.82,--,13,32266,买盘
255,14:38:57,24.82,--,2,4964,买盘
256,14:38:54,24.82,-0.02,43,106726,卖盘
257,14:38:51,24.84,0.01,21,52164,买盘
258,14:38:45,24.83,--,71,176293,买盘
259,14:38:39,24.83,0.01,20,49660,买盘
260,14:38:36,24.82,--,2,4964,卖盘
261,14:38:33,24.82,--,1,2482,买盘
262,14:38:30,24.82,--,102,253164,买盘
263,14:38:27,24.82,0.01,17,42194,买盘
264,14:38:21,24.81,-0.01,0,248,卖盘
265,14:38:18,24.82,0.01,4,9928,中性盘
266,14:38:09,24.81,-0.02,1,2481,卖盘
267,14:38:06,24.83,0.01,19,47177,买盘
268,14:38:03,24.82,0.01,2,4964,买盘
269,14:37:57,24.81,--,10,24810,卖盘
270,14:37:51,24.81,--,8,19848,卖盘
271,14:37:48,24.81,-0.02,72,178632,中性盘
272,14:37:39,24.83,0.02,100,248299,买盘
273,14:37:36,24.81,--,38,94278,买盘
274,14:37:33,24.81,--,4,9924,买盘
275,14:37:30,24.81,0.01,6,14886,买盘
276,14:37:27,24.8,-0.01,50,124000,卖盘
277,14:37:21,24.81,--,10,24810,买盘
278,14:37:18,24.81,--,9,22329,卖盘
279,14:37:15,24.81,-0.01,6,14886,卖盘
280,14:37:12,24.82,--,4,9928,买盘
281,14:37:09,24.82,--,5,12410,买盘
282,14:37:06,24.82,-0.01,31,76942,卖盘
283,14:37:03,24.83,--,1,2483,买盘
284,14:37:00,24.83,--,10,24830,买盘
285,14:36:57,24.83,--,29,72007,买盘
286,14:36:54,24.83,0.01,1,2483,买盘
287,14:36:45,24.82,-0.01,20,49640,卖盘
288,14:36:42,24.83,0.01,37,91871,买盘
289,14:36:36,24.82,--,23,57086,卖盘
290,14:36:24,24.82,--,60,148920,卖盘
291,14:36:18,24.82,-0.02,7,17374,卖盘
292,14:36:15,24.84,0.05,10,24840,买盘
293,14:36:09,24.79,-0.05,50,123950,卖盘
294,14:36:06,24.84,0.04,21,52164,买盘
295,14:35:57,24.8,0.01,6,14880,卖盘
296,14:35:54,24.79,--,47,116513,买盘
297,14:35:51,24.79,--,210,520590,买盘
298,14:35:48,24.79,--,14,34706,买盘
299,14:35:39,24.79,--,17,42143,买盘
300,14:35:36,24.79,0.02,64,158656,买盘
301,14:35:30,24.77,-0.02,33,81741,卖盘
302,14:35:27,24.79,0.01,50,123950,买盘
303,14:35:24,24.78,-0.01,1,2478,卖盘
304,14:35:21,24.79,--,45,111555,买盘
305,14:35:15,24.79,--,54,133866,买盘
306,14:35:12,24.79,--,11,27269,买盘
307,14:35:09,24.79,-0.05,527,1306433,卖盘
308,14:35:06,24.84,-0.01,1,2484,卖盘
309,14:35:03,24.85,--,50,124250,买盘
310,14:35:00,24.85,--,2,4970,买盘
311,14:34:57,24.85,0.01,100,248500,买盘
312,14:34:51,24.84,0.01,4,9936,买盘
313,14:34:42,24.83,0.03,156,387348,买盘
314,14:34:39,24.8,-0.01,172,426560,卖盘
315,14:34:36,24.81,0.01,1,2481,卖盘
316,14:34:30,24.8,--,9,22320,卖盘
317,14:34:27,24.8,--,308,763840,卖盘
318,14:34:24,24.8,--,24,59520,卖盘
319,14:34:15,24.8,--,11,27280,买盘
320,14:34:09,24.8,0.01,142,352160,买盘
321,14:34:06,24.79,--,4,9916,买盘
322,14:34:03,24.79,--,13,32227,买盘
323,14:34:00,24.79,--,215,532985,买盘
324,14:33:57,24.79,0.02,18,44622,中性盘
325,14:33:54,24.77,0.01,27,67176,中性盘
326,14:33:45,24.76,-0.03,58,143608,卖盘
327,14:33:42,24.79,0.03,418,1036222,买盘
328,14:33:39,24.76,--,12,29712,买盘
329,14:33:36,24.76,0.01,79,195604,买盘
330,14:33:33,24.75,-0.01,6,14850,中性盘
331,14:33:21,24.76,0.01,90,222840,买盘
332,14:33:18,24.75,--,25,61875,买盘
333,14:33:12,24.75,-0.01,22,54450,中性盘
334,14:33:09,24.76,--,5,12380,买盘
335,14:33:06,24.76,--,75,185700,买盘
336,14:33:00,24.76,--,1,2476,买盘
337,14:32:57,24.76,0.02,44,108944,买盘
338,14:32:51,24.74,--,7,17318,卖盘
339,14:32:42,24.74,-0.02,11,27214,卖盘
340,14:32:39,24.76,0.02,7,17332,买盘
341,14:32:27,24.74,-0.01,50,123699,卖盘
342,14:32:24,24.75,0.01,24,59400,买盘
343,14:32:12,24.74,--,1,2474,买盘
344,14:32:09,24.74,0.02,1,2474,中性盘
345,14:32:00,24.72,--,8,19776,卖盘
346,14:31:54,24.72,-0.05,39,96408,卖盘
347,14:31:51,24.77,--,1,2477,买盘
348,14:31:45,24.77,0.03,1,2477,买盘
349,14:31:36,24.74,--,1,2474,卖盘
350,14:31:33,24.74,--,1,2474,卖盘
351,14:31:30,24.74,--,1,2474,卖盘
352,14:31:27,24.74,0.03,7,17318,卖盘
353,14:31:24,24.71,-0.02,78,192738,卖盘
354,14:31:21,24.73,--,85,210205,卖盘
355,14:31:18,24.73,--,3,7419,卖盘
356,14:31:12,24.73,--,29,71717,卖盘
357,14:31:09,24.73,--,82,202786,卖盘
358,14:31:00,24.73,--,5,12365,卖盘
359,14:30:54,24.73,-0.01,10,24730,卖盘
360,14:30:48,24.74,0.01,14,34636,买盘
361,14:30:42,24.73,--,18,44514,卖盘
362,14:30:33,24.73,--,10,24730,卖盘
363,14:30:27,24.73,0.01,2,4946,中性盘
364,14:30:21,24.72,--,13,32136,卖盘
365,14:30:18,24.72,-0.01,2,4944,卖盘
366,14:30:15,24.73,--,5,12365,中性盘
367,14:30:12,24.73,0.01,10,24730,买盘
368,14:30:03,24.72,--,4,9888,卖盘
369,14:30:00,24.72,-0.02,10,24720,卖盘
370,14:29:51,24.74,0.02,138,341412,买盘
371,14:29:45,24.72,--,20,49440,卖盘
372,14:29:42,24.72,--,13,32136,卖盘
373,14:29:36,24.72,-0.01,17,42024,卖盘
374,14:29:33,24.73,-0.01,2,4946,中性盘
375,14:29:24,24.74,--,21,51954,买盘
376,14:29:21,24.74,0.01,16,39584,买盘
377,14:29:15,24.73,--,2,4946,卖盘
378,14:29:00,24.73,-0.01,4,9892,卖盘
379,14:28:57,24.74,-0.03,69,170706,卖盘
380,14:28:54,24.77,-0.01,7,17339,中性盘
381,14:28:51,24.78,--,13,32214,买盘
382,14:28:42,24.78,--,50,123900,买盘
383,14:28:39,24.78,--,55,136290,买盘
384,14:28:36,24.78,--,50,123900,买盘
385,14:28:27,24.78,-0.01,18,44604,卖盘
386,14:28:18,24.79,--,10,24790,卖盘
387,14:28:15,24.79,0.01,4,9916,买盘
388,14:28:12,24.78,-0.01,30,74340,卖盘
389,14:28:03,24.79,0.02,20,49580,买盘
390,14:27:57,24.77,--,16,39632,卖盘
391,14:27:51,24.77,--,33,81741,卖盘
392,14:27:39,24.77,--,5,12385,卖盘
393,14:27:33,24.77,--,33,81741,卖盘
394,14:27:30,24.77,--,26,64402,卖盘
395,14:27:27,24.77,--,38,94126,买盘
396,14:27:18,24.77,--,5,12385,买盘
397,14:27:15,24.77,--,1,2477,买盘
398,14:27:09,24.77,--,12,29724,卖盘
399,14:27:06,24.77,0.04,29,71833,买盘
400,14:27:03,24.73,-0.01,7,17311,卖盘
401,14:26:57,24.74,0.02,9,22266,买盘
402,14:26:51,24.72,-0.02,21,51912,卖盘
403,14:26:48,24.74,0.02,1,2474,买盘
404,14:26:42,24.72,--,50,123600,卖盘
405,14:26:39,24.72,-0.01,11,27192,卖盘
406,14:26:33,24.73,0.01,198,489654,买盘
407,14:26:30,24.72,--,1,2472,卖盘
408,14:26:21,24.72,--,140,346080,买盘
409,14:26:18,24.72,0.01,2,4944,买盘
410,14:26:15,24.71,--,2,4942,中性盘
411,14:26:12,24.71,0.01,17,42007,中性盘
412,14:26:09,24.7,-0.02,44,108680,卖盘
413,14:26:06,24.72,0.02,14,34608,买盘
414,14:26:00,24.7,-0.01,10,24700,卖盘
415,14:25:57,24.71,-0.01,3,7413,卖盘
416,14:25:54,24.72,--,5,12360,买盘
417,14:25:51,24.72,0.02,2,4944,买盘
418,14:25:42,24.7,-0.01,407,1005290,卖盘
419,14:25:33,24.71,--,4,9884,买盘
420,14:25:30,24.71,0.01,7,17297,买盘
421,14:25:27,24.7,--,35,86450,卖盘
422,14:25:21,24.7,-0.01,24,59280,卖盘
423,14:25:15,24.71,0.01,54,133434,买盘
424,14:25:12,24.7,--,15,37050,卖盘
425,14:25:09,24.7,--,32,79040,买盘
426,14:25:06,24.7,-0.01,13,32110,卖盘
427,14:25:03,24.71,0.01,5,12355,买盘
428,14:24:54,24.7,0.02,138,340860,买盘
429,14:24:51,24.68,--,3,7404,买盘
430,14:24:48,24.68,--,31,76508,买盘
431,14:24:45,24.68,--,14,34552,买盘
432,14:24:42,24.68,-0.02,19,46892,卖盘
433,14:24:39,24.7,--,34,83980,买盘
434,14:24:36,24.7,0.04,11,27170,买盘
435,14:24:33,24.66,-0.03,378,932148,卖盘
436,14:24:27,24.69,--,15,37035,买盘
437,14:24:21,24.69,0.02,71,175299,买盘
438,14:24:18,24.67,-0.02,46,113482,卖盘
439,14:24:15,24.69,0.01,35,86415,买盘
440,14:24:12,24.68,0.01,24,59232,中性盘
441,14:24:03,24.67,0.01,22,54274,中性盘
442,14:24:00,24.66,-0.01,2,4932,卖盘
443,14:23:56,24.67,--,3,7401,卖盘
444,14:23:53,24.67,--,7,17269,买盘
445,14:23:50,24.67,--,17,41939,买盘
446,14:23:47,24.67,--,20,49340,买盘
447,14:23:44,24.67,0.02,8,19736,买盘
448,14:23:41,24.65,-0.02,78,192270,卖盘
449,14:23:38,24.67,--,10,24670,卖盘
450,14:23:35,24.67,0.02,2,4934,中性盘
451,14:23:32,24.65,-0.05,330,813450,卖盘
452,14:23:29,24.7,0.02,41,101270,买盘
453,14:23:23,24.68,--,280,691262,卖盘
454,14:23:17,24.68,-0.02,200,493600,卖盘
455,14:23:14,24.7,--,35,88697,买盘
456,14:23:11,24.7,-0.01,546,1348842,卖盘
457,14:23:08,24.71,0.01,33,83346,买盘
458,14:23:05,24.7,-0.01,2,4940,卖盘
459,14:22:59,24.71,--,36,88956,买盘
460,14:22:56,24.71,0.01,10,24710,买盘
461,14:22:53,24.7,--,44,108680,卖盘
462,14:22:47,24.7,-0.01,123,303810,卖盘
463,14:22:44,24.71,0.01,39,96369,买盘
464,14:22:41,24.7,-0.01,144,355680,卖盘
465,14:22:38,24.71,0.01,71,175441,买盘
466,14:22:35,24.7,--,109,269254,卖盘
467,14:22:32,24.7,--,39,96330,卖盘
468,14:22:29,24.7,-0.01,2,4940,卖盘
469,14:22:26,24.71,0.01,299,738829,买盘
470,14:22:23,24.7,-0.01,212,523640,卖盘
471,14:22:20,24.71,--,13,32123,买盘
472,14:22:17,24.71,--,53,130963,卖盘
473,14:22:14,24.71,0.01,23,56833,卖盘
474,14:22:11,24.7,-0.01,160,395200,卖盘
475,14:22:05,24.71,-0.01,43,108699,卖盘
476,14:21:59,24.72,-0.01,174,430128,卖盘
477,14:21:56,24.73,0.01,1,2473,中性盘
478,14:21:50,24.72,-0.01,60,148320,卖盘
479,14:21:44,24.73,--,15,37095,卖盘
480,14:21:38,24.73,-0.01,34,84082,卖盘
481,14:21:35,24.74,--,10,24740,卖盘
482,14:21:32,24.74,--,6,14843,卖盘
483,14:21:29,24.74,--,2,4948,卖盘
484,14:21:26,24.74,--,1,2474,卖盘
485,14:21:23,24.74,-0.01,5,12370,卖盘
486,14:21:20,24.75,--,1,2475,卖盘
487,14:21:17,24.75,--,51,126225,卖盘
488,14:21:14,24.75,--,24,59400,卖盘
489,14:21:11,24.75,--,121,299475,卖盘
490,14:21:02,24.75,--,12,29700,卖盘
491,14:20:59,24.75,-0.01,237,586575,卖盘
492,14:20:53,24.76,-0.04,20,49520,卖盘
493,14:20:50,24.8,0.03,3,7440,买盘
494,14:20:41,24.77,-0.03,40,99080,卖盘
495,14:20:35,24.8,--,51,126480,卖盘
496,14:20:32,24.8,--,157,389360,卖盘
497,14:20:29,24.8,-0.01,6,14880,卖盘
498,14:20:26,24.81,0.01,80,198480,买盘
499,14:20:23,24.8,-0.01,17,42160,卖盘
500,14:20:20,24.81,--,10,24810,买盘
501,14:20:17,24.81,--,57,141417,卖盘
502,14:20:14,24.81,-0.01,122,302682,卖盘
503,14:20:11,24.82,--,40,99280,买盘
504,14:20:05,24.82,--,57,141474,卖盘
505,14:19:59,24.82,0.01,5,12410,卖盘
506,14:19:47,24.81,-0.02,3,7443,卖盘
507,14:19:41,24.83,0.02,10,24830,买盘
508,14:19:32,24.81,-0.01,10,24810,卖盘
509,14:19:29,24.82,0.01,5,12410,买盘
510,14:19:23,24.81,-0.01,7,17367,卖盘
511,14:19:17,24.82,-0.03,17,42194,卖盘
512,14:19:08,24.85,0.02,9,22365,买盘
513,14:18:50,24.83,-0.02,39,96837,卖盘
514,14:18:47,24.85,0.03,60,149100,买盘
515,14:18:44,24.82,--,5,12410,买盘
516,14:18:41,24.82,0.01,20,49640,中性盘
517,14:18:35,24.81,-0.02,94,233214,卖盘
518,14:18:29,24.83,--,1,2483,买盘
519,14:18:26,24.83,--,30,74490,买盘
520,14:18:20,24.83,-0.02,33,81939,卖盘
521,14:18:14,24.85,0.01,30,74550,买盘
522,14:18:11,24.84,-0.01,1,2484,中性盘
523,14:18:02,24.85,--,52,129220,买盘
524,14:17:56,24.85,0.02,8,19880,买盘
525,14:17:53,24.83,-0.01,30,74490,卖盘
526,14:17:50,24.84,--,1,2484,卖盘
527,14:17:44,24.84,--,11,27324,卖盘
528,14:17:41,24.84,0.01,2,4968,中性盘
529,14:17:32,24.83,-0.01,6,14897,卖盘
530,14:17:29,24.84,--,9,22356,买盘
531,14:17:26,24.84,0.01,3,7452,买盘
532,14:17:23,24.83,--,4,9932,卖盘
533,14:17:11,24.83,0.01,5,12415,买盘
534,14:17:02,24.82,0.01,12,29784,买盘
535,14:16:56,24.81,--,3,7443,卖盘
536,14:16:53,24.81,--,2,4962,卖盘
537,14:16:50,24.81,--,18,44658,买盘
538,14:16:41,24.81,0.01,2,4962,买盘
539,14:16:38,24.8,--,5,12400,卖盘
540,14:16:35,24.8,--,230,570400,买盘
541,14:16:29,24.8,0.02,6,14880,买盘
542,14:16:26,24.78,-0.02,10,24780,卖盘
543,14:16:23,24.8,--,10,24800,买盘
544,14:16:20,24.8,--,3,7440,买盘
545,14:16:17,24.8,--,190,471200,买盘
546,14:16:14,24.8,--,43,106640,买盘
547,14:16:11,24.8,0.03,16,39680,买盘
548,14:15:59,24.77,-0.03,10,24770,卖盘
549,14:15:56,24.8,--,3,7440,买盘
550,14:15:50,24.8,--,50,124000,买盘
551,14:15:47,24.8,--,5,12400,买盘
552,14:15:41,24.8,0.03,60,148800,买盘
553,14:15:38,24.77,-0.03,6,14862,卖盘
554,14:15:35,24.8,--,3,7440,买盘
555,14:15:29,24.8,0.04,3,7440,买盘
556,14:15:26,24.76,--,3,7428,卖盘
557,14:15:23,24.76,0.01,5,12380,中性盘
558,14:15:17,24.75,--,6,14850,卖盘
559,14:15:11,24.75,--,10,24750,卖盘
560,14:15:02,24.75,0.01,85,210375,买盘
561,14:14:56,24.74,-0.01,71,175654,卖盘
562,14:14:53,24.75,--,73,180675,买盘
563,14:14:50,24.75,0.01,2,4950,买盘
564,14:14:44,24.74,--,31,76694,卖盘
565,14:14:41,24.74,-0.01,1,2474,卖盘
566,14:14:35,24.75,--,2,4950,买盘
567,14:14:32,24.75,--,1,2475,买盘
568,14:14:29,24.75,--,1,2475,买盘
569,14:14:26,24.75,--,1,2475,买盘
570,14:14:23,24.75,--,20,49500,卖盘
571,14:14:20,24.75,-0.02,7,17325,卖盘
572,14:14:17,24.77,--,11,27247,卖盘
573,14:14:11,24.77,--,6,14862,卖盘
574,14:14:05,24.77,--,1,2477,买盘
575,14:13:59,24.77,--,1,2477,买盘
576,14:13:56,24.77,0.01,1,2477,买盘
577,14:13:53,24.76,-0.01,3,7428,卖盘
578,14:13:47,24.77,--,10,24770,买盘
579,14:13:41,24.77,--,5,12385,买盘
580,14:13:38,24.77,--,11,27247,买盘
581,14:13:35,24.77,-0.01,22,54494,卖盘
582,14:13:26,24.78,0.01,13,32214,买盘
583,14:13:23,24.77,--,2,4954,中性盘
584,14:13:14,24.77,--,101,250177,卖盘
585,14:13:05,24.77,--,14,34678,卖盘
586,14:12:56,24.77,--,3,7431,卖盘
587,14:12:53,24.77,-0.01,6,14862,卖盘
588,14:12:50,24.78,0.01,3,7434,买盘
589,14:12:47,24.77,-0.01,24,59448,卖盘
590,14:12:38,24.78,--,12,29736,买盘
591,14:12:32,24.78,--,7,17346,卖盘
592,14:12:26,24.78,-0.01,31,76818,卖盘
593,14:12:20,24.79,0.01,6,14874,买盘
594,14:12:17,24.78,-0.01,5,12390,中性盘
595,14:12:11,24.79,--,1,2479,买盘
596,14:12:05,24.79,-0.01,3,7437,卖盘
597,14:12:02,24.8,--,1,2480,买盘
598,14:11:56,24.8,--,6,14880,买盘
599,14:11:53,24.8,--,1,2480,买盘
600,14:11:50,24.8,--,6,14880,买盘
601,14:11:38,24.8,--,1,2480,买盘
602,14:11:35,24.8,--,153,379440,买盘
603,14:11:32,24.8,--,10,24800,买盘
604,14:11:20,24.8,0.01,53,131440,买盘
605,14:11:14,24.79,-0.01,40,99160,卖盘
606,14:11:08,24.8,0.01,10,24800,买盘
607,14:10:59,24.79,--,3,7437,买盘
608,14:10:53,24.79,0.01,5,12395,买盘
609,14:10:50,24.78,-0.01,1,2478,卖盘
610,14:10:47,24.79,0.01,6,14874,买盘
611,14:10:44,24.78,-0.01,2,4956,卖盘
612,14:10:41,24.79,0.01,1,2479,买盘
613,14:10:38,24.78,--,1,2478,卖盘
614,14:10:32,24.78,-0.01,2,4956,卖盘
615,14:10:29,24.79,0.01,13,32227,买盘
616,14:10:26,24.78,-0.01,2,4956,卖盘
617,14:10:20,24.79,0.01,21,52059,中性盘
618,14:10:05,24.78,--,30,74340,卖盘
619,14:09:56,24.78,0.02,47,116466,买盘
620,14:09:50,24.76,--,12,29712,卖盘
621,14:09:47,24.76,--,10,24760,卖盘
622,14:09:44,24.76,--,8,19808,卖盘
623,14:09:41,24.76,-0.02,15,37140,卖盘
624,14:09:38,24.78,0.02,10,24780,买盘
625,14:09:32,24.76,-0.01,11,27236,卖盘
626,14:09:29,24.77,0.01,7,17339,买盘
627,14:09:26,24.76,--,46,113896,卖盘
628,14:09:17,24.76,--,8,19808,卖盘
629,14:09:11,24.76,--,9,22284,买盘
630,14:09:08,24.76,--,15,37140,买盘
631,14:09:05,24.76,0.01,74,183224,买盘
632,14:09:02,24.75,--,4,9900,卖盘
633,14:08:59,24.75,--,12,29700,买盘
634,14:08:56,24.75,--,13,32175,卖盘
635,14:08:53,24.75,0.01,7,17325,中性盘
636,14:08:44,24.74,--,4,9896,中性盘
637,14:08:41,24.74,0.01,40,98960,中性盘
638,14:08:38,24.73,--,27,66771,卖盘
639,14:08:35,24.73,--,10,24730,卖盘
640,14:08:32,24.73,-0.01,16,39568,卖盘
641,14:08:29,24.74,--,16,39584,中性盘
642,14:08:23,24.74,-0.01,10,24740,卖盘
643,14:08:20,24.75,0.01,10,24750,买盘
644,14:08:17,24.74,--,19,47006,卖盘
645,14:08:11,24.74,--,12,29687,卖盘
646,14:08:08,24.74,0.01,3,7421,中性盘
647,14:07:59,24.73,-0.02,30,74190,卖盘
648,14:07:56,24.75,-0.01,5,12375,中性盘
649,14:07:47,24.76,--,62,153512,买盘
650,14:07:41,24.76,0.01,25,61900,买盘
651,14:07:38,24.75,-0.01,59,146025,卖盘
652,14:07:35,24.76,--,70,173320,买盘
653,14:07:32,24.76,0.01,20,49520,买盘
654,14:07:29,24.75,-0.01,58,143550,卖盘
655,14:07:23,24.76,--,3,7428,卖盘
656,14:07:20,24.76,--,9,22284,卖盘
657,14:07:17,24.76,-0.01,4,9904,卖盘
658,14:07:14,24.77,--,50,123850,买盘
659,14:07:11,24.77,--,23,56971,卖盘
660,14:07:08,24.77,--,6,14862,卖盘
661,14:07:05,24.77,--,10,24770,卖盘
662,14:07:02,24.77,-0.01,8,19816,卖盘
663,14:06:59,24.78,--,2,4956,买盘
664,14:06:53,24.78,--,55,136290,卖盘
665,14:06:44,24.78,-0.01,57,141246,卖盘
666,14:06:41,24.79,-0.01,2,4958,卖盘
667,14:06:38,24.8,-0.02,50,124000,卖盘
668,14:06:35,24.82,0.02,10,24820,买盘
669,14:06:32,24.8,--,105,260400,卖盘
670,14:06:29,24.8,--,13,32240,卖盘
671,14:06:26,24.8,--,2,4960,卖盘
672,14:06:23,24.8,--,8,19840,卖盘
673,14:06:20,24.8,-0.03,16,39680,卖盘
674,14:06:17,24.83,0.03,66,163878,买盘
675,14:06:14,24.8,--,3,7440,卖盘
676,14:06:11,24.8,-0.03,33,81840,卖盘
677,14:06:08,24.83,0.03,21,52143,买盘
678,14:06:05,24.8,--,10,24800,卖盘
679,14:06:02,24.8,--,9,22320,卖盘
680,14:05:59,24.8,-0.04,95,235600,卖盘
681,14:05:56,24.84,--,31,77004,买盘
682,14:05:53,24.84,--,20,49680,买盘
683,14:05:47,24.84,0.04,10,24840,买盘
684,14:05:41,24.8,-0.05,102,252960,卖盘
685,14:05:35,24.85,0.04,50,124250,买盘
686,14:05:23,24.81,0.01,4,9924,中性盘
687,14:05:10,24.8,-0.01,48,119040,卖盘
688,14:04:55,24.81,-0.04,43,106683,卖盘
689,14:04:52,24.85,-0.01,7,17395,买盘
690,14:04:49,24.86,--,9,22374,买盘
691,14:04:46,24.86,0.01,10,24860,买盘
692,14:04:37,24.85,--,18,44730,买盘
693,14:04:34,24.85,--,9,22365,买盘
694,14:04:31,24.85,-0.01,2,4970,卖盘
695,14:04:22,24.86,0.01,5,12430,中性盘
696,14:04:10,24.85,0.01,2,4970,中性盘
697,14:04:04,24.84,-0.01,5,12420,卖盘
698,14:03:55,24.85,0.01,9,22365,买盘
699,14:03:52,24.84,-0.01,11,27324,中性盘
700,14:03:46,24.85,0.01,1,2485,买盘
701,14:03:43,24.84,0.03,21,52164,买盘
702,14:03:37,24.81,-0.03,2,4962,卖盘
703,14:03:34,24.84,0.04,17,42228,买盘
704,14:03:25,24.8,--,15,37200,卖盘
705,14:03:16,24.8,--,9,22320,买盘
706,14:03:10,24.8,--,10,24800,买盘
707,14:03:01,24.8,--,20,49600,买盘
708,14:02:58,24.8,0.02,20,49600,买盘
709,14:02:52,24.78,--,20,49560,卖盘
710,14:02:46,24.78,--,4,9912,卖盘
711,14:02:40,24.78,--,1,2478,卖盘
712,14:02:37,24.78,--,6,14868,买盘
713,14:02:34,24.78,0.01,3,7434,买盘
714,14:02:31,24.77,--,4,9908,卖盘
715,14:02:25,24.77,-0.01,5,12385,卖盘
716,14:02:22,24.78,--,2,4956,买盘
717,14:02:16,24.78,--,5,12390,买盘
718,14:02:13,24.78,0.01,3,7434,买盘
719,14:02:10,24.77,-0.01,5,12385,卖盘
720,14:02:07,24.78,--,60,148680,买盘
721,14:02:04,24.78,--,45,111510,买盘
722,14:02:01,24.78,0.01,3,7434,买盘
723,14:01:58,24.77,--,5,12385,卖盘
724,14:01:52,24.77,-0.01,7,17339,卖盘
725,14:01:49,24.78,--,3,7434,买盘
726,14:01:40,24.78,--,2,4956,买盘
727,14:01:37,24.78,-0.02,34,84252,卖盘
728,14:01:34,24.8,--,5,12400,买盘
729,14:01:31,24.8,0.03,1,2480,买盘
730,14:01:25,24.77,-0.01,34,84218,卖盘
731,14:01:22,24.78,-0.02,3,7434,卖盘
732,14:01:19,24.8,0.03,5,12400,买盘
733,14:01:07,24.77,--,5,12385,卖盘
734,14:01:01,24.77,--,1,2477,卖盘
735,14:00:52,24.77,-0.03,38,94126,卖盘
736,14:00:49,24.8,0.03,13,32240,中性盘
737,14:00:43,24.77,-0.04,54,133758,卖盘
738,14:00:31,24.81,0.04,10,24810,买盘
739,14:00:28,24.77,-0.03,310,767870,卖盘
740,14:00:25,24.8,-0.01,5,12400,卖盘
741,14:00:22,24.81,--,20,49620,买盘
742,14:00:16,24.81,0.01,47,116607,买盘
743,14:00:10,24.8,--,23,57040,卖盘
744,13:59:49,24.8,-0.05,152,376960,卖盘
745,13:59:43,24.85,0.03,17,42245,中性盘
746,13:59:40,24.82,-0.03,63,156366,卖盘
747,13:59:28,24.85,-0.01,7,17395,卖盘
748,13:59:25,24.86,--,12,29832,买盘
749,13:59:22,24.86,--,5,12430,买盘
750,13:59:16,24.86,0.01,4,9944,买盘
751,13:59:13,24.85,-0.01,38,94430,卖盘
752,13:59:10,24.86,-0.01,2,4972,卖盘
753,13:59:07,24.87,--,2,4974,买盘
754,13:58:58,24.87,--,32,79584,买盘
755,13:58:52,24.87,--,40,99480,买盘
756,13:58:43,24.87,0.01,383,952521,买盘
757,13:58:40,24.86,-0.01,20,49720,卖盘
758,13:58:37,24.87,--,21,52227,买盘
759,13:58:34,24.87,--,37,92019,买盘
760,13:58:28,24.87,--,6,14922,买盘
761,13:58:25,24.87,--,7,17409,买盘
762,13:58:22,24.87,--,50,124350,买盘
763,13:58:16,24.87,--,20,49740,买盘
764,13:58:13,24.87,-0.01,11,27357,卖盘
765,13:58:10,24.88,0.01,22,54736,买盘
766,13:58:07,24.87,--,1,2487,卖盘
767,13:58:04,24.87,--,2,4974,卖盘
768,13:58:01,24.87,--,10,24870,卖盘
769,13:57:58,24.87,-0.01,5,12435,卖盘
770,13:57:55,24.88,--,30,74640,买盘
771,13:57:46,24.88,--,5,12440,买盘
772,13:57:37,24.88,--,7,17416,买盘
773,13:57:31,24.88,--,40,99520,卖盘
774,13:57:22,24.88,-0.02,8,19904,卖盘
775,13:57:16,24.9,--,1,2490,买盘
776,13:57:13,24.9,0.01,100,249000,买盘
777,13:57:10,24.89,-0.01,1,2489,卖盘
778,13:57:07,24.9,--,2,4980,买盘
779,13:56:55,24.9,-0.01,42,104580,卖盘
780,13:56:46,24.91,--,16,39856,买盘
781,13:56:40,24.91,-0.01,5,12455,买盘
782,13:56:37,24.92,-0.01,33,82236,卖盘
783,13:56:31,24.93,--,2,4986,卖盘
784,13:56:28,24.93,--,4,9972,卖盘
785,13:56:25,24.93,--,1,2493,卖盘
786,13:56:19,24.93,--,1,2493,卖盘
787,13:56:16,24.93,--,5,12465,卖盘
788,13:56:10,24.93,--,24,59832,卖盘
789,13:56:07,24.93,0.02,36,89748,买盘
790,13:55:58,24.91,0.01,1,2491,买盘
791,13:55:34,24.9,-0.01,1,2490,卖盘
792,13:55:31,24.91,--,1,2491,卖盘
793,13:55:19,24.91,0.03,9,22419,买盘
794,13:54:55,24.88,0.01,40,99520,买盘
795,13:54:46,24.87,-0.03,14,34818,卖盘
796,13:54:43,24.9,--,50,124500,买盘
797,13:54:40,24.9,0.03,30,74700,买盘
798,13:54:37,24.87,0.01,4,9948,卖盘
799,13:54:34,24.86,-0.01,20,49720,卖盘
800,13:54:25,24.87,--,2,4974,买盘
801,13:54:22,24.87,-0.03,3,7461,卖盘
802,13:54:16,24.9,0.03,10,24900,买盘
803,13:54:13,24.87,-0.01,42,104454,卖盘
804,13:54:10,24.88,-0.02,9,22392,中性盘
805,13:54:07,24.9,--,18,44820,买盘
806,13:54:04,24.9,--,10,24900,买盘
807,13:53:52,24.9,--,5,12450,买盘
808,13:53:46,24.9,0.02,41,102090,买盘
809,13:53:43,24.88,-0.02,1,2488,卖盘
810,13:53:37,24.9,--,38,94620,买盘
811,13:53:34,24.9,--,24,59760,卖盘
812,13:53:31,24.9,-0.01,16,39840,卖盘
813,13:53:28,24.91,--,29,72239,卖盘
814,13:53:19,24.91,--,1,2491,卖盘
815,13:53:16,24.91,-0.01,13,32383,卖盘
816,13:53:13,24.92,--,4,9968,中性盘
817,13:53:01,24.92,-0.01,65,161980,卖盘
818,13:52:58,24.93,--,1,2493,买盘
819,13:52:52,24.93,-0.02,6,14958,买盘
820,13:52:49,24.95,0.02,43,107285,买盘
821,13:52:46,24.93,--,39,97227,卖盘
822,13:52:40,24.93,-0.03,3,7479,中性盘
823,13:52:31,24.96,0.01,15,37440,买盘
824,13:52:28,24.95,-0.01,3,7485,卖盘
825,13:52:22,24.96,0.01,2,4992,买盘
826,13:52:19,24.95,-0.02,2,4990,卖盘
827,13:52:16,24.97,0.01,4,9988,买盘
828,13:52:13,24.96,--,26,64896,卖盘
829,13:52:10,24.96,--,17,42432,卖盘
830,13:52:07,24.96,-0.01,3,7488,卖盘
831,13:52:04,24.97,--,2,4994,买盘
832,13:51:55,24.97,--,26,64922,买盘
833,13:51:52,24.97,--,8,19976,买盘
834,13:51:49,24.97,--,3,7491,买盘
835,13:51:46,24.97,--,13,32461,卖盘
836,13:51:43,24.97,-0.01,1,2497,卖盘
837,13:51:40,24.98,0.01,5,12490,买盘
838,13:51:37,24.97,0.01,49,122353,卖盘
839,13:51:34,24.96,-0.02,3,7488,卖盘
840,13:51:31,24.98,0.02,50,124900,买盘
841,13:51:28,24.96,--,10,24960,卖盘
842,13:51:25,24.96,--,47,117312,买盘
843,13:51:19,24.96,--,74,184704,买盘
844,13:51:16,24.96,0.01,7,17472,买盘
845,13:51:13,24.95,-0.01,4,9980,卖盘
846,13:51:01,24.96,0.03,30,74880,买盘
847,13:50:58,24.93,-0.02,1,2493,卖盘
848,13:50:49,24.95,0.02,20,49900,买盘
849,13:50:46,24.93,0.01,2,4986,买盘
850,13:50:37,24.92,0.01,55,137060,买盘
851,13:50:31,24.91,--,8,19928,买盘
852,13:50:28,24.91,0.01,13,32383,买盘
853,13:50:25,24.9,-0.01,1,2490,卖盘
854,13:50:19,24.91,0.01,1,2491,买盘
855,13:50:16,24.9,--,10,24900,卖盘
856,13:50:07,24.9,0.03,97,241530,买盘
857,13:50:04,24.87,--,1,2487,卖盘
858,13:50:01,24.87,--,10,24870,卖盘
859,13:49:52,24.87,--,6,14922,买盘
860,13:49:49,24.87,0.01,20,49740,买盘
861,13:49:43,24.86,-0.01,0,2237,卖盘
862,13:49:40,24.87,--,2,4974,买盘
863,13:49:31,24.87,0.01,4,9948,买盘
864,13:49:28,24.86,-0.01,2,4972,卖盘
865,13:49:25,24.87,--,10,24870,买盘
866,13:49:22,24.87,-0.01,3,7461,中性盘
867,13:49:19,24.88,-0.01,65,161720,卖盘
868,13:49:16,24.89,0.01,2,4978,买盘
869,13:49:07,24.88,--,1,2488,卖盘
870,13:48:55,24.88,--,64,161421,买盘
871,13:48:49,24.88,--,2,4976,买盘
872,13:48:46,24.88,--,68,169184,买盘
873,13:48:31,24.88,--,1,2488,买盘
874,13:48:28,24.88,-0.01,20,49760,卖盘
875,13:48:19,24.89,0.02,10,24890,买盘
876,13:48:10,24.87,-0.02,3,7461,卖盘
877,13:48:07,24.89,0.02,1,2489,买盘
878,13:48:01,24.87,--,32,79584,卖盘
879,13:47:58,24.87,-0.01,2,4974,卖盘
880,13:47:52,24.88,-0.01,13,32344,中性盘
881,13:47:49,24.89,--,3,7467,买盘
882,13:47:43,24.89,--,8,19912,买盘
883,13:47:40,24.89,0.02,26,64714,卖盘
884,13:47:34,24.87,-0.02,11,27357,卖盘
885,13:47:31,24.89,--,4,9956,买盘
886,13:47:13,24.89,0.02,12,29868,中性盘
887,13:47:07,24.87,0.02,1,4725,买盘
888,13:47:01,24.85,-0.02,35,86975,卖盘
889,13:46:55,24.87,-0.02,29,72371,卖盘
890,13:46:49,24.89,0.01,4,9956,买盘
891,13:46:46,24.88,--,2,4976,买盘
892,13:46:43,24.88,--,6,14928,卖盘
893,13:46:40,24.88,--,14,34832,买盘
894,13:46:34,24.88,--,11,27368,卖盘
895,13:46:28,24.88,-0.01,4,9952,卖盘
896,13:46:25,24.89,0.01,5,12445,买盘
897,13:46:22,24.88,-0.01,4,9952,卖盘
898,13:46:19,24.89,0.01,24,59736,买盘
899,13:46:10,24.88,-0.01,8,19904,卖盘
900,13:46:04,24.89,--,4,9956,买盘
901,13:45:51,24.89,--,1,2489,买盘
902,13:45:45,24.89,0.01,20,49780,买盘
903,13:45:36,24.88,--,10,24880,买盘
904,13:45:33,24.88,--,13,32344,买盘
905,13:45:24,24.88,0.01,5,12440,买盘
906,13:45:21,24.87,--,11,27357,卖盘
907,13:45:12,24.87,-0.01,10,27108,卖盘
908,13:45:00,24.88,0.01,12,29856,买盘
909,13:44:54,24.87,-0.01,11,27357,卖盘
910,13:44:45,24.88,--,7,17416,买盘
911,13:44:39,24.88,0.01,17,42296,买盘
912,13:44:36,24.87,-0.01,2,4974,卖盘
913,13:44:33,24.88,0.02,50,124400,买盘
914,13:44:30,24.86,-0.01,1,2486,卖盘
915,13:44:21,24.87,-0.01,3,7461,卖盘
916,13:44:18,24.88,0.01,5,12440,买盘
917,13:44:15,24.87,--,3,7461,买盘
918,13:44:12,24.87,--,6,14922,买盘
919,13:44:06,24.87,--,4,9948,卖盘
920,13:44:03,24.87,-0.01,7,17409,卖盘
921,13:43:54,24.88,--,2,4976,买盘
922,13:43:45,24.88,0.02,2,4976,买盘
923,13:43:27,24.86,-0.02,3,7458,卖盘
924,13:43:18,24.88,-0.01,1,2488,买盘
925,13:43:09,24.89,--,8,19912,买盘
926,13:43:00,24.89,0.03,4,9956,买盘
927,13:42:57,24.86,-0.02,16,39776,卖盘
928,13:42:51,24.88,0.03,9,22392,买盘
929,13:42:45,24.85,-0.03,1,2485,卖盘
930,13:42:42,24.88,--,6,14928,买盘
931,13:42:36,24.88,0.03,11,27368,买盘
932,13:42:30,24.85,-0.03,50,124250,卖盘
933,13:42:27,24.88,-0.01,13,32344,卖盘
934,13:42:24,24.89,--,1,2489,卖盘
935,13:42:21,24.89,--,5,12445,卖盘
936,13:42:15,24.89,0.01,39,97071,买盘
937,13:42:09,24.88,-0.01,5,12440,卖盘
938,13:42:03,24.89,--,5,12445,买盘
939,13:41:57,24.89,--,37,92093,买盘
940,13:41:45,24.89,--,18,44802,卖盘
941,13:41:39,24.89,-0.01,1,2489,卖盘
942,13:41:33,24.9,--,4,9960,买盘
943,13:41:30,24.9,--,10,24900,买盘
944,13:41:27,24.9,--,43,107070,买盘
945,13:41:24,24.9,0.01,8,19920,买盘
946,13:41:21,24.89,--,2,4978,卖盘
947,13:41:18,24.89,-0.01,5,12445,卖盘
948,13:41:15,24.9,--,33,82170,买盘
949,13:41:12,24.9,--,5,12450,买盘
950,13:41:00,24.9,--,2,4980,买盘
951,13:40:57,24.9,--,30,74700,买盘
952,13:40:51,24.9,0.01,46,114540,买盘
953,13:40:45,24.89,0.01,52,129428,买盘
954,13:40:39,24.88,--,18,44784,买盘
955,13:40:30,24.88,0.02,16,39808,买盘
956,13:40:24,24.86,-0.02,9,22374,卖盘
957,13:40:21,24.88,--,16,39808,买盘
958,13:40:18,24.88,-0.01,18,44784,卖盘
959,13:40:15,24.89,0.01,1,2489,买盘
960,13:40:06,24.88,--,8,19904,买盘
961,13:40:03,24.88,--,20,49760,买盘
962,13:40:00,24.88,0.01,3,7464,买盘
963,13:39:54,24.87,--,3,7461,中性盘
964,13:39:48,24.87,-0.01,10,24870,卖盘
965,13:39:48,24.88,0.01,26,64688,买盘
966,13:39:36,24.87,--,8,19896,买盘
967,13:39:27,24.87,0.02,2,4974,买盘
968,13:39:24,24.85,--,57,141645,卖盘
969,13:39:18,24.85,-0.02,1,2485,卖盘
970,13:39:12,24.87,0.04,26,64662,买盘
971,13:39:03,24.83,-0.02,56,139048,卖盘
972,13:39:00,24.85,--,3,7455,卖盘
973,13:38:51,24.85,--,3,7455,卖盘
974,13:38:45,24.85,--,2,4970,卖盘
975,13:38:30,24.85,-0.01,2,4970,卖盘
976,13:38:24,24.86,--,19,47234,卖盘
977,13:38:18,24.86,--,2,4972,卖盘
978,13:38:15,24.86,-0.01,4,9944,卖盘
979,13:38:09,24.87,--,2,4974,买盘
980,13:37:54,24.87,0.03,10,24870,买盘
981,13:37:51,24.84,-0.03,3,7452,中性盘
982,13:37:36,24.87,--,10,24870,买盘
983,13:37:33,24.87,--,1,2487,买盘
984,13:37:30,24.87,--,2,4974,买盘
985,13:37:27,24.87,--,2,4974,买盘
986,13:37:21,24.87,--,9,22383,买盘
987,13:37:18,24.87,--,4,9948,买盘
988,13:37:15,24.87,--,7,17409,买盘
989,13:37:12,24.87,--,5,12435,买盘
990,13:37:09,24.87,--,8,19896,买盘
991,13:37:03,24.87,--,2,4974,卖盘
992,13:37:00,24.87,--,8,19896,卖盘
993,13:36:45,24.87,0.04,25,62175,买盘
994,13:36:36,24.83,--,3,7448,买盘
995,13:36:33,24.83,--,13,32278,买盘
996,13:36:27,24.83,--,10,24830,买盘
997,13:36:24,24.83,0.01,6,14897,买盘
998,13:36:18,24.82,--,2,4964,中性盘
999,13:36:09,24.82,0.02,5,12410,买盘
1000,13:36:06,24.8,--,3,7440,卖盘
1001,13:36:03,24.8,0.03,67,166160,买盘
1002,13:35:51,24.77,--,5,12385,卖盘
1003,13:35:48,24.77,-0.03,21,52017,卖盘
1004,13:35:45,24.8,0.02,10,24800,买盘
1005,13:35:39,24.78,--,5,12390,买盘
1006,13:35:36,24.78,--,1,2478,买盘
1007,13:35:33,24.78,--,20,49560,买盘
1008,13:35:30,24.78,-0.02,9,22302,卖盘
1009,13:35:27,24.8,0.01,12,29760,买盘
1010,13:35:24,24.79,0.01,1,2479,买盘
1011,13:35:18,24.78,--,1,2478,卖盘
1012,13:35:09,24.78,0.01,16,39648,买盘
1013,13:35:03,24.77,--,1,2477,卖盘
1014,13:34:57,24.77,--,4,9908,买盘
1015,13:34:54,24.77,--,18,44586,买盘
1016,13:34:42,24.77,--,5,12385,买盘
1017,13:34:39,24.77,--,27,66879,买盘
1018,13:34:33,24.77,--,175,433475,买盘
1019,13:34:30,24.77,--,4,9908,买盘
1020,13:34:27,24.77,--,7,17339,买盘
1021,13:34:24,24.77,0.01,20,49540,买盘
1022,13:34:15,24.76,-0.01,1,2476,卖盘
1023,13:34:12,24.77,0.01,2,4954,买盘
1024,13:34:09,24.76,0.01,7,17332,买盘
1025,13:34:03,24.75,-0.02,10,24750,卖盘
1026,13:34:00,24.77,0.01,18,44586,买盘
1027,13:33:54,24.76,--,3,7428,买盘
1028,13:33:51,24.76,--,20,49544,买盘
1029,13:33:48,24.76,-0.01,80,198723,卖盘
1030,13:33:42,24.77,-0.01,1,2477,卖盘
1031,13:33:33,24.78,0.01,1,2478,买盘
1032,13:33:24,24.77,-0.01,1,2477,卖盘
1033,13:33:18,24.78,--,8,19824,卖盘
1034,13:33:12,24.78,--,1,2478,卖盘
1035,13:33:06,24.78,--,32,79296,卖盘
1036,13:33:00,24.78,0.01,9,22302,买盘
1037,13:32:54,24.77,-0.01,9,22293,中性盘
1038,13:32:48,24.78,0.02,24,59472,买盘
1039,13:32:36,24.76,--,4,9904,卖盘
1040,13:32:33,24.76,--,23,58780,卖盘
1041,13:32:27,24.76,-0.01,16,39616,卖盘
1042,13:32:24,24.77,0.01,2,4954,买盘
1043,13:32:21,24.76,-0.01,10,24760,卖盘
1044,13:32:15,24.77,--,5,12385,买盘
1045,13:32:09,24.77,0.01,3,7431,买盘
1046,13:32:06,24.76,-0.01,10,24760,卖盘
1047,13:32:03,24.77,--,28,70000,卖盘
1048,13:31:57,24.77,--,2,4954,卖盘
1049,13:31:48,24.77,-0.01,80,198160,卖盘
1050,13:31:36,24.78,--,3,7434,卖盘
1051,13:31:30,24.78,-0.01,2,4956,中性盘
1052,13:31:18,24.79,--,192,475968,卖盘
1053,13:31:12,24.79,--,2,4958,卖盘
1054,13:31:09,24.79,--,1,2479,卖盘
1055,13:31:03,24.79,--,67,166093,买盘
1056,13:30:57,24.79,0.01,1,2479,买盘
1057,13:30:54,24.78,--,4,9912,卖盘
1058,13:30:51,24.78,-0.01,20,49560,卖盘
1059,13:30:48,24.79,0.01,5,12395,买盘
1060,13:30:39,24.78,-0.02,8,19824,卖盘
1061,13:30:36,24.8,--,10,24800,买盘
1062,13:30:33,24.8,0.01,51,126480,买盘
1063,13:30:30,24.79,-0.01,10,24790,卖盘
1064,13:30:21,24.8,--,42,104160,卖盘
1065,13:30:09,24.8,--,3,7440,卖盘
1066,13:30:06,24.8,--,4,9920,卖盘
1067,13:29:51,24.8,--,6,14880,卖盘
1068,13:29:48,24.8,--,20,49600,买盘
1069,13:29:45,24.8,--,20,49600,买盘
1070,13:29:42,24.8,--,20,49600,买盘
1071,13:29:39,24.8,-0.03,10,24800,买盘
1072,13:29:30,24.83,0.03,10,24830,买盘
1073,13:29:21,24.8,--,21,52080,卖盘
1074,13:29:18,24.8,--,20,49600,卖盘
1075,13:29:15,24.8,--,5,12400,卖盘
1076,13:29:12,24.8,--,3,7440,卖盘
1077,13:29:06,24.8,--,6,14880,卖盘
1078,13:28:48,24.8,--,15,37200,卖盘
1079,13:28:42,24.8,0.01,4,9920,买盘
1080,13:28:39,24.79,--,36,89244,卖盘
1081,13:28:33,24.79,-0.01,2,4958,卖盘
1082,13:28:30,24.8,--,10,24800,买盘
1083,13:28:27,24.8,--,5,12400,买盘
1084,13:28:09,24.8,0.01,11,27280,中性盘
1085,13:28:00,24.79,--,1,2479,卖盘
1086,13:27:57,24.79,-0.02,19,47101,卖盘
1087,13:27:48,24.81,-0.01,5,12405,卖盘
1088,13:27:42,24.82,0.01,7,17374,买盘
1089,13:27:39,24.81,0.01,22,54582,买盘
1090,13:27:36,24.8,-0.01,13,32240,中性盘
1091,13:27:33,24.81,--,21,52101,买盘
1092,13:27:30,24.81,0.01,10,24810,买盘
1093,13:27:24,24.8,-0.01,20,49600,卖盘
1094,13:27:12,24.81,0.01,12,29772,买盘
1095,13:27:09,24.8,--,25,62000,卖盘
1096,13:27:06,24.8,-0.01,15,37200,卖盘
1097,13:27:00,24.81,0.01,211,523491,买盘
1098,13:26:50,24.8,-0.02,5,12400,卖盘
1099,13:26:47,24.82,0.02,3,7446,买盘
1100,13:26:41,24.8,-0.01,36,89280,卖盘
1101,13:26:35,24.81,-0.01,2,4962,卖盘
1102,13:26:32,24.82,0.01,5,12410,买盘
1103,13:26:29,24.81,--,11,27291,卖盘
1104,13:26:14,24.81,--,10,24810,卖盘
1105,13:26:05,24.81,--,5,12405,卖盘
1106,13:25:59,24.81,--,8,19848,卖盘
1107,13:25:50,24.81,-0.02,5,12405,卖盘
1108,13:25:47,24.83,0.02,80,198640,买盘
1109,13:25:41,24.81,-0.02,2,4962,卖盘
1110,13:25:26,24.83,--,4,9932,买盘
1111,13:25:23,24.83,0.03,17,42211,买盘
1112,13:25:20,24.8,-0.01,2,4960,卖盘
1113,13:25:14,24.81,--,8,19848,卖盘
1114,13:25:11,24.81,--,20,49620,卖盘
1115,13:25:08,24.81,--,4,9924,买盘
1116,13:25:05,24.81,--,3,7443,买盘
1117,13:25:02,24.81,--,1,2481,买盘
1118,13:24:53,24.81,--,3,7443,买盘
1119,13:24:47,24.81,-0.02,3,7443,卖盘
1120,13:24:38,24.83,--,2,4966,买盘
1121,13:24:35,24.83,0.02,4,9932,买盘
1122,13:24:20,24.81,--,2,4962,卖盘
1123,13:24:11,24.81,-0.03,100,248100,卖盘
1124,13:24:08,24.84,--,7,17388,买盘
1125,13:24:05,24.84,--,1,2484,买盘
1126,13:23:53,24.84,-0.01,10,24840,卖盘
1127,13:23:35,24.85,0.01,3,7455,买盘
1128,13:23:32,24.84,--,9,22356,卖盘
1129,13:23:26,24.84,--,2,4968,卖盘
1130,13:23:05,24.84,--,1,2484,卖盘
1131,13:23:02,24.84,0.01,13,32292,买盘
1132,13:22:59,24.83,--,2,4966,卖盘
1133,13:22:53,24.83,--,52,129115,卖盘
1134,13:22:47,24.83,--,10,24830,卖盘
1135,13:22:41,24.83,--,2,4966,卖盘
1136,13:22:35,24.83,-0.01,3,7448,卖盘
1137,13:22:29,24.84,--,1,2484,买盘
1138,13:22:17,24.84,--,12,29808,卖盘
1139,13:22:14,24.84,-0.01,5,12420,卖盘
1140,13:22:02,24.85,0.01,1,2485,中性盘
1141,13:21:44,24.84,-0.01,55,136620,卖盘
1142,13:21:41,24.85,--,20,49700,卖盘
1143,13:21:29,24.85,--,51,126735,卖盘
1144,13:21:26,24.85,--,2,4970,卖盘
1145,13:21:20,24.85,-0.02,2,4970,卖盘
1146,13:21:08,24.87,0.01,15,37305,买盘
1147,13:21:05,24.86,--,1,2486,买盘
1148,13:20:53,24.86,--,10,24860,买盘
1149,13:20:50,24.86,0.01,10,24860,中性盘
1150,13:20:35,24.85,-0.02,3,7455,卖盘
1151,13:20:32,24.87,-0.01,1,2487,中性盘
1152,13:20:26,24.88,--,16,39808,买盘
1153,13:20:14,24.88,--,9,22392,卖盘
1154,13:20:08,24.88,--,5,12440,卖盘
1155,13:20:02,24.88,--,4,9952,卖盘
1156,13:19:59,24.88,-0.01,105,261240,卖盘
1157,13:19:56,24.89,0.01,10,24890,买盘
1158,13:19:38,24.88,-0.01,1,2488,卖盘
1159,13:19:32,24.89,--,4,9956,卖盘
1160,13:19:26,24.89,--,21,52269,买盘
1161,13:19:20,24.89,0.01,9,22401,买盘
1162,13:19:08,24.88,-0.01,9,22392,卖盘
1163,13:19:05,24.89,--,5,12445,买盘
1164,13:19:02,24.89,--,12,29868,卖盘
1165,13:18:59,24.89,--,20,49780,卖盘
1166,13:18:50,24.89,0.02,3,7467,中性盘
1167,13:18:44,24.87,-0.02,100,248700,卖盘
1168,13:18:38,24.89,--,17,42313,卖盘
1169,13:18:35,24.89,--,20,49780,卖盘
1170,13:18:26,24.89,--,34,84626,买盘
1171,13:18:20,24.89,0.01,46,114494,买盘
1172,13:18:17,24.88,-0.01,10,24880,卖盘
1173,13:18:11,24.89,0.01,2,4978,买盘
1174,13:18:02,24.88,--,27,67176,卖盘
1175,13:17:56,24.88,-0.01,7,17416,卖盘
1176,13:17:50,24.89,0.01,5,12445,买盘
1177,13:17:38,24.88,--,22,54736,卖盘
1178,13:17:32,24.88,--,10,24880,卖盘
1179,13:17:20,24.88,--,1,2488,卖盘
1180,13:17:14,24.88,--,42,104496,卖盘
1181,13:17:11,24.88,0.01,58,144304,买盘
1182,13:17:05,24.87,-0.01,7,17409,卖盘
1183,13:16:56,24.88,--,13,32344,买盘
1184,13:16:47,24.88,0.02,10,24880,买盘
1185,13:16:44,24.86,--,5,12430,卖盘
1186,13:16:41,24.86,--,20,49720,卖盘
1187,13:16:38,24.86,--,2,4972,卖盘
1188,13:16:17,24.86,-0.02,4,9944,卖盘
1189,13:16:08,24.88,--,14,34832,买盘
1190,13:15:59,24.88,0.01,10,24880,买盘
1191,13:15:56,24.87,-0.01,16,39792,卖盘
1192,13:15:50,24.88,0.01,5,12440,买盘
1193,13:15:47,24.87,--,10,24870,卖盘
1194,13:15:38,24.87,--,2,4974,卖盘
1195,13:15:32,24.87,0.01,22,54714,买盘
1196,13:15:17,24.86,--,1,2486,买盘
1197,13:15:08,24.86,--,4,9944,买盘
1198,13:15:05,24.86,-0.01,18,44748,卖盘
1199,13:14:56,24.87,-0.01,2,4974,买盘
1200,13:14:50,24.88,0.02,13,32344,中性盘
1201,13:14:41,24.86,--,18,44748,中性盘
1202,13:14:29,24.86,0.01,1,2486,买盘
1203,13:14:26,24.85,-0.01,1,2485,卖盘
1204,13:14:23,24.86,-0.01,9,22374,卖盘
1205,13:14:20,24.87,0.01,8,19896,买盘
1206,13:14:17,24.86,-0.01,6,14916,卖盘
1207,13:14:14,24.87,--,30,74610,买盘
1208,13:14:11,24.87,--,10,24870,买盘
1209,13:13:59,24.87,0.01,1,2487,买盘
1210,13:13:53,24.86,-0.01,1,2486,卖盘
1211,13:13:44,24.87,--,27,67149,买盘
1212,13:13:38,24.87,-0.01,9,22383,卖盘
1213,13:13:35,24.88,0.01,2,4976,买盘
1214,13:13:29,24.87,-0.01,4,9948,卖盘
1215,13:13:26,24.88,0.01,9,22392,买盘
1216,13:13:11,24.87,--,5,12435,卖盘
1217,13:13:05,24.87,0.02,2,4974,买盘
1218,13:12:59,24.85,--,30,74550,卖盘
1219,13:12:44,24.85,--,3,7455,买盘
1220,13:12:41,24.85,--,4,9940,买盘
1221,13:12:38,24.85,0.01,3,7455,买盘
1222,13:12:23,24.84,0.01,10,24840,买盘
1223,13:12:08,24.83,--,5,12415,卖盘
1224,13:11:59,24.83,0.02,44,109251,买盘
1225,13:11:56,24.81,0.01,1,2481,中性盘
1226,13:11:17,24.8,-0.03,5,12400,卖盘
1227,13:11:14,24.83,--,4,9932,卖盘
1228,13:11:08,24.83,0.03,9,23439,买盘
1229,13:11:05,24.8,--,1,2480,买盘
1230,13:11:02,24.8,--,10,24800,买盘
1231,13:10:53,24.8,--,26,65868,卖盘
1232,13:10:50,24.8,0.01,9,23411,买盘
1233,13:10:44,24.79,--,42,104118,卖盘
1234,13:10:35,24.79,-0.01,2,4958,卖盘
1235,13:10:26,24.8,--,22,54560,买盘
1236,13:10:20,24.8,--,1,2480,买盘
1237,13:10:17,24.8,--,1,2480,买盘
1238,13:10:14,24.8,-0.04,80,199788,卖盘
1239,13:10:11,24.84,0.04,205,509220,买盘
1240,13:09:50,24.8,-0.03,12,29760,卖盘
1241,13:09:47,24.83,0.03,10,24830,中性盘
1242,13:09:44,24.8,--,23,57040,卖盘
1243,13:09:38,24.8,-0.03,50,124000,卖盘
1244,13:09:35,24.83,0.03,2,4966,买盘
1245,13:09:29,24.8,--,2,4960,卖盘
1246,13:09:26,24.8,-0.03,8,20931,中性盘
1247,13:09:11,24.83,--,3,7448,买盘
1248,13:09:08,24.83,0.04,15,37245,买盘
1249,13:08:44,24.79,--,4,9916,卖盘
1250,13:08:41,24.79,-0.02,31,76849,卖盘
1251,13:08:29,24.81,0.02,1,2481,买盘
1252,13:08:19,24.79,--,5,12395,卖盘
1253,13:08:13,24.79,-0.04,5,12395,卖盘
1254,13:08:10,24.83,--,2,4966,买盘
1255,13:08:07,24.83,--,24,59591,买盘
1256,13:07:43,24.83,--,1,2483,买盘
1257,13:07:25,24.83,--,12,29795,买盘
1258,13:07:22,24.83,--,4,9932,买盘
1259,13:07:04,24.83,--,12,29795,卖盘
1260,13:06:43,24.83,0.04,1,2483,买盘
1261,13:06:34,24.79,--,6,14874,卖盘
1262,13:06:28,24.79,--,5,12395,卖盘
1263,13:06:25,24.79,--,4,9916,卖盘
1264,13:06:07,24.79,-0.04,2,4958,中性盘
1265,13:06:01,24.83,0.05,2,4966,中性盘
1266,13:05:49,24.78,-0.09,20,49560,卖盘
1267,13:05:46,24.87,0.04,56,139272,买盘
1268,13:05:40,24.83,0.05,6,14897,买盘
1269,13:05:37,24.78,--,106,262668,卖盘
1270,13:05:22,24.78,-0.01,15,37170,卖盘
1271,13:04:55,24.79,-0.03,25,61975,卖盘
1272,13:04:25,24.82,-0.01,4,9928,卖盘
1273,13:04:22,24.83,0.01,2,4966,买盘
1274,13:04:19,24.82,-0.01,5,12410,卖盘
1275,13:04:13,24.83,0.01,1,2483,买盘
1276,13:04:10,24.82,--,23,57086,卖盘
1277,13:04:07,24.82,--,1,2482,卖盘
1278,13:03:46,24.82,--,15,37230,卖盘
1279,13:03:43,24.82,--,4,9928,卖盘
1280,13:03:37,24.82,0.03,8,19856,买盘
1281,13:03:34,24.79,0.01,3,7437,中性盘
1282,13:03:04,24.78,-0.04,1,2478,卖盘
1283,13:02:58,24.82,0.02,2,4964,买盘
1284,13:02:55,24.8,0.02,1,2480,中性盘
1285,13:02:43,24.78,--,200,495600,卖盘
1286,13:02:37,24.78,-0.05,12,29736,卖盘
1287,13:02:25,24.83,0.05,1,2483,中性盘
1288,13:02:19,24.78,--,1,2478,卖盘
1289,13:02:16,24.78,--,7,17346,卖盘
1290,13:02:13,24.78,--,1,2478,卖盘
1291,13:02:07,24.78,--,10,24780,卖盘
1292,13:01:52,24.78,-0.09,142,351876,卖盘
1293,13:01:40,24.87,-0.01,5,12435,中性盘
1294,13:01:25,24.88,0.03,5,12440,买盘
1295,13:01:22,24.85,-0.03,1,2485,卖盘
1296,13:01:16,24.88,0.01,8,19904,买盘
1297,13:01:13,24.87,-0.01,1,2487,卖盘
1298,13:00:58,24.88,--,10,24880,卖盘
1299,13:00:52,24.88,0.01,90,223920,买盘
1300,13:00:34,24.87,0.02,56,139272,买盘
1301,13:00:25,24.85,0.02,4,9940,买盘
1302,13:00:19,24.83,--,36,89388,卖盘
1303,13:00:16,24.83,--,5,12415,卖盘
1304,13:00:07,24.83,0.04,2,4966,卖盘
1305,13:00:04,24.79,-0.04,146,363570,卖盘
1306,13:00:01,24.83,0.01,796,1976467,买盘
1307,11:29:54,24.82,0.01,127,315214,买盘
1308,11:29:48,24.81,--,5,12405,买盘
1309,11:29:45,24.81,--,2,4962,中性盘
1310,11:29:39,24.81,-0.01,5,12405,卖盘
1311,11:29:29,24.82,0.01,2,4964,买盘
1312,11:29:26,24.81,-0.01,15,37215,中性盘
1313,11:29:20,24.82,0.01,30,74460,买盘
1314,11:29:14,24.81,-0.01,2,4962,中性盘
1315,11:29:08,24.82,--,9,22338,买盘
1316,11:29:05,24.82,--,10,24820,买盘
1317,11:29:02,24.82,--,2,4964,买盘
1318,11:28:47,24.82,--,5,12410,买盘
1319,11:28:41,24.82,--,5,12410,买盘
1320,11:28:38,24.82,0.02,1,2482,买盘
1321,11:28:35,24.8,-0.02,2,4960,卖盘
1322,11:28:29,24.82,0.03,4,9928,买盘
1323,11:28:26,24.79,-0.01,12,29748,卖盘
1324,11:28:23,24.8,-0.02,5,12400,卖盘
1325,11:28:17,24.82,0.02,13,32266,买盘
1326,11:28:14,24.8,0.01,34,84320,买盘
1327,11:28:11,24.79,-0.01,35,86765,卖盘
1328,11:28:08,24.8,--,7,17360,买盘
1329,11:27:56,24.8,--,3,7440,卖盘
1330,11:27:53,24.8,-0.02,2,4960,卖盘
1331,11:27:50,24.82,--,3,7446,买盘
1332,11:27:41,24.82,--,2,4964,买盘
1333,11:27:35,24.82,--,1,2482,买盘
1334,11:27:29,24.82,-0.01,5,12410,中性盘
1335,11:27:23,24.83,0.02,55,136565,买盘
1336,11:27:14,24.81,-0.02,7,17367,卖盘
1337,11:27:11,24.83,--,4,9932,买盘
1338,11:27:05,24.83,0.02,4,9932,买盘
1339,11:26:59,24.81,0.02,51,126531,买盘
1340,11:26:56,24.79,--,15,37185,买盘
1341,11:26:50,24.79,--,3,7437,买盘
1342,11:26:47,24.79,--,10,24790,买盘
1343,11:26:44,24.79,-0.01,118,292522,卖盘
1344,11:26:38,24.8,-0.01,1,2480,卖盘
1345,11:26:35,24.81,0.01,5,12405,买盘
1346,11:26:23,24.8,--,1,2480,卖盘
1347,11:26:20,24.8,--,25,62000,买盘
1348,11:26:17,24.8,--,4,9920,买盘
1349,11:26:14,24.8,--,11,27280,买盘
1350,11:26:05,24.8,0.01,2,4960,买盘
1351,11:25:47,24.79,--,16,39664,买盘
1352,11:25:44,24.79,--,29,71891,买盘
1353,11:25:38,24.79,--,7,17353,买盘
1354,11:25:32,24.79,-0.01,26,64454,卖盘
1355,11:25:29,24.8,--,15,37200,买盘
1356,11:25:26,24.8,0.01,1,2480,买盘
1357,11:25:14,24.79,-0.01,39,96681,中性盘
1358,11:25:08,24.8,0.01,2,4960,买盘
1359,11:25:05,24.79,--,3,7437,买盘
1360,11:25:02,24.79,0.01,5,12395,买盘
1361,11:24:50,24.78,--,11,27258,卖盘
1362,11:24:47,24.78,0.01,89,220740,买盘
1363,11:24:44,24.77,--,6,14862,卖盘
1364,11:24:35,24.77,-0.01,1,2477,卖盘
1365,11:24:32,24.78,0.01,8,19824,买盘
1366,11:24:26,24.77,-0.01,10,24770,卖盘
1367,11:24:08,24.78,0.01,1,2478,买盘
1368,11:24:02,24.77,--,1,2477,卖盘
1369,11:23:56,24.77,0.02,9,22293,买盘
1370,11:23:53,24.75,--,10,24750,卖盘
1371,11:23:47,24.75,-0.02,3,7425,卖盘
1372,11:23:44,24.77,--,12,29724,买盘
1373,11:23:38,24.77,--,5,12385,买盘
1374,11:23:35,24.77,--,40,99080,买盘
1375,11:23:32,24.77,--,61,151097,买盘
1376,11:23:26,24.77,0.01,10,24770,买盘
1377,11:23:20,24.76,-0.01,1,2476,中性盘
1378,11:23:08,24.77,--,2,4954,买盘
1379,11:22:59,24.77,--,2,4954,买盘
1380,11:22:56,24.77,-0.01,5,12385,卖盘
1381,11:22:50,24.78,0.01,1,2478,买盘
1382,11:22:44,24.77,--,1,2477,卖盘
1383,11:22:41,24.77,0.02,1,2477,中性盘
1384,11:22:38,24.75,-0.02,54,133650,卖盘
1385,11:22:35,24.77,0.01,37,91649,买盘
1386,11:22:29,24.76,-0.01,3,7428,卖盘
1387,11:22:26,24.77,--,10,24770,买盘
1388,11:22:23,24.77,--,6,14862,买盘
1389,11:22:14,24.77,--,24,59448,买盘
1390,11:22:02,24.77,--,3,7431,买盘
1391,11:21:59,24.77,--,18,44586,买盘
1392,11:21:56,24.77,--,4,9908,中性盘
1393,11:21:50,24.77,--,1,2477,买盘
1394,11:21:47,24.77,--,25,61925,卖盘
1395,11:21:41,24.77,-0.01,5,12385,中性盘
1396,11:21:38,24.78,0.01,23,56994,买盘
1397,11:21:32,24.77,--,25,61925,卖盘
1398,11:21:29,24.77,--,24,59992,买盘
1399,11:21:26,24.77,--,75,185775,买盘
1400,11:21:20,24.77,--,4,9908,买盘
1401,11:21:17,24.77,--,3,7431,买盘
1402,11:21:14,24.77,-0.01,2,4954,中性盘
1403,11:21:11,24.78,0.01,29,71862,买盘
1404,11:21:05,24.77,-0.01,6,17140,卖盘
1405,11:20:59,24.78,0.01,3,7434,买盘
1406,11:20:56,24.77,--,12,29724,卖盘
1407,11:20:53,24.77,--,7,17537,买盘
1408,11:20:50,24.77,-0.01,7,19617,卖盘
1409,11:20:47,24.78,0.01,21,52038,买盘
1410,11:20:41,24.77,--,86,213022,卖盘
1411,11:20:38,24.77,--,4,9908,卖盘
1412,11:20:35,24.77,-0.01,25,61925,卖盘
1413,11:20:32,24.78,0.01,26,64428,买盘
1414,11:20:26,24.77,--,11,27247,卖盘
1415,11:20:23,24.77,--,32,79462,卖盘
1416,11:20:20,24.77,-0.03,8,19816,卖盘
1417,11:20:17,24.8,0.01,22,54560,买盘
1418,11:20:14,24.79,--,4,9916,买盘
1419,11:20:11,24.79,0.02,19,47101,买盘
1420,11:20:08,24.77,0.02,2,4954,买盘
1421,11:20:05,24.75,-0.02,11,27225,卖盘
1422,11:20:02,24.77,-0.02,32,79264,卖盘
1423,11:19:59,24.79,0.02,17,42143,买盘
1424,11:19:56,24.77,--,8,19816,买盘
1425,11:19:53,24.77,--,5,12385,买盘
1426,11:19:47,24.77,0.02,6,14862,买盘
1427,11:19:44,24.75,--,19,47025,买盘
1428,11:19:38,24.75,--,14,34650,买盘
1429,11:19:32,24.75,-0.02,16,39600,买盘
1430,11:19:29,24.77,0.04,2,4954,买盘
1431,11:19:26,24.73,--,5,12365,卖盘
1432,11:19:17,24.73,0.01,2,4946,买盘
1433,11:19:14,24.72,--,11,27192,卖盘
1434,11:19:08,24.72,--,19,46968,买盘
1435,11:19:05,24.72,0.02,1,2472,买盘
1436,11:19:02,24.7,--,36,88920,卖盘
1437,11:18:56,24.7,--,18,44460,卖盘
1438,11:18:53,24.7,0.02,112,277059,买盘
1439,11:18:47,24.68,--,42,105704,卖盘
1440,11:18:44,24.68,--,79,195391,卖盘
1441,11:18:41,24.68,-0.01,16,39488,卖盘
1442,11:18:35,24.69,0.01,104,256776,买盘
1443,11:18:29,24.68,0.02,19,46892,买盘
1444,11:18:20,24.66,-0.01,74,182484,卖盘
1445,11:18:17,24.67,-0.01,12,29604,卖盘
1446,11:18:14,24.68,0.01,2,4936,买盘
1447,11:18:11,24.67,--,30,75342,买盘
1448,11:18:08,24.67,0.01,8,19736,买盘
1449,11:18:05,24.66,--,19,46854,卖盘
1450,11:18:02,24.66,-0.01,15,36990,卖盘
1451,11:17:56,24.67,0.01,39,96213,买盘
1452,11:17:53,24.66,--,73,180018,买盘
1453,11:17:50,24.66,--,75,184950,买盘
1454,11:17:44,24.66,-0.01,143,352638,卖盘
1455,11:17:41,24.67,0.02,10,24670,卖盘
1456,11:17:38,24.65,-0.02,162,399330,卖盘
1457,11:17:32,24.67,--,3,7401,卖盘
1458,11:17:26,24.67,--,2,4934,卖盘
1459,11:17:23,24.67,0.01,135,333045,买盘
1460,11:17:11,24.66,-0.04,31,76446,卖盘
1461,11:17:08,24.7,0.01,50,123500,买盘
1462,11:17:05,24.69,--,27,66663,买盘
1463,11:17:02,24.69,0.01,4,9876,中性盘
1464,11:16:59,24.68,-0.02,30,74040,卖盘
1465,11:16:56,24.7,--,40,98800,买盘
1466,11:16:53,24.7,--,29,71630,卖盘
1467,11:16:50,24.7,-0.01,129,318630,卖盘
1468,11:16:47,24.71,0.01,6,14826,中性盘
1469,11:16:44,24.7,--,17,41990,卖盘
1470,11:16:41,24.7,-0.06,80,197600,卖盘
1471,11:16:38,24.76,0.01,10,24760,买盘
1472,11:16:35,24.75,0.05,8,19800,中性盘
1473,11:16:32,24.7,-0.06,200,494000,卖盘
1474,11:16:29,24.76,--,21,51996,卖盘
1475,11:16:26,24.76,-0.01,103,255028,卖盘
1476,11:16:20,24.77,--,7,17339,买盘
1477,11:16:17,24.77,--,2,4954,买盘
1478,11:16:14,24.77,-0.01,24,59448,卖盘
1479,11:16:11,24.78,-0.02,82,203196,卖盘
1480,11:16:05,24.8,0.02,98,243040,买盘
1481,11:16:02,24.78,--,2,4956,卖盘
1482,11:15:59,24.78,-0.02,117,289926,卖盘
1483,11:15:56,24.8,--,4,9920,买盘
1484,11:15:53,24.8,--,2,4960,买盘
1485,11:15:50,24.8,--,4,9920,买盘
1486,11:15:47,24.8,-0.02,20,49600,中性盘
1487,11:15:44,24.82,0.02,523,1298086,买盘
1488,11:15:41,24.8,--,57,141360,卖盘
1489,11:15:38,24.8,--,138,342240,卖盘
1490,11:15:35,24.8,-0.01,105,260400,卖盘
1491,11:15:32,24.81,0.01,2,4962,买盘
1492,11:15:29,24.8,-0.01,33,81840,卖盘
1493,11:15:26,24.81,--,182,451542,卖盘
1494,11:15:23,24.81,--,51,126531,卖盘
1495,11:15:17,24.81,-0.01,74,183594,卖盘
1496,11:15:11,24.82,--,19,49218,卖盘
1497,11:15:08,24.82,--,11,27302,卖盘
1498,11:15:05,24.82,-0.01,121,300322,卖盘
1499,11:15:02,24.83,--,3,7448,买盘
1500,11:14:56,24.83,--,5,12415,买盘
1501,11:14:53,24.83,--,5,12415,买盘
1502,11:14:50,24.83,--,40,99320,买盘
1503,11:14:44,24.83,0.01,12,29795,买盘
1504,11:14:38,24.82,-0.01,12,29784,卖盘
1505,11:14:35,24.83,--,11,27312,买盘
1506,11:14:32,24.83,--,2,4966,买盘
1507,11:14:29,24.83,--,14,34762,买盘
1508,11:14:26,24.83,--,5,12415,买盘
1509,11:14:23,24.83,0.01,10,24830,买盘
1510,11:14:17,24.82,-0.01,92,228344,卖盘
1511,11:14:14,24.83,--,70,173810,买盘
1512,11:14:11,24.83,--,62,153946,买盘
1513,11:14:08,24.83,--,7,17381,买盘
1514,11:14:05,24.83,--,32,79456,买盘
1515,11:13:59,24.83,-0.01,104,258231,卖盘
1516,11:13:56,24.84,--,2,4968,卖盘
1517,11:13:53,24.84,0.01,9,22356,买盘
1518,11:13:44,24.83,-0.01,11,27312,卖盘
1519,11:13:35,24.84,0.02,6,14904,买盘
1520,11:13:32,24.82,-0.01,181,449242,卖盘
1521,11:13:29,24.83,--,26,64557,卖盘
1522,11:13:23,24.83,--,4,10354,买盘
1523,11:13:20,24.83,--,35,86905,买盘
1524,11:13:17,24.83,--,5,12415,买盘
1525,11:13:14,24.83,--,103,255748,买盘
1526,11:13:11,24.83,--,31,76973,买盘
1527,11:13:08,24.83,--,11,27312,买盘
1528,11:13:02,24.83,--,6,14897,买盘
1529,11:12:59,24.83,--,2,4966,买盘
1530,11:12:53,24.83,--,12,29795,买盘
1531,11:12:50,24.83,--,3,7448,买盘
1532,11:12:44,24.83,--,50,124149,买盘
1533,11:12:35,24.83,--,9,22347,买盘
1534,11:12:32,24.83,--,1,2483,买盘
1535,11:12:29,24.83,--,17,42211,买盘
1536,11:12:26,24.83,--,5,12415,买盘
1537,11:12:23,24.83,--,10,24830,买盘
1538,11:12:20,24.83,--,4,9932,买盘
1539,11:12:17,24.83,0.01,9,22347,买盘
1540,11:12:14,24.82,-0.01,4,9928,卖盘
1541,11:12:11,24.83,--,42,104286,买盘
1542,11:12:08,24.83,--,45,111734,买盘
1543,11:12:05,24.83,--,2,4966,买盘
1544,11:11:59,24.83,-0.03,40,101380,卖盘
1545,11:11:56,24.86,0.03,503,1250458,买盘
1546,11:11:47,24.83,-0.02,440,1092520,卖盘
1547,11:11:44,24.85,-0.01,1,2485,卖盘
1548,11:11:41,24.86,--,11,27346,买盘
1549,11:11:38,24.86,--,6,14916,买盘
1550,11:11:35,24.86,0.02,2,4972,买盘
1551,11:11:23,24.84,-0.02,40,99360,卖盘
1552,11:11:14,24.86,0.02,9,22374,买盘
1553,11:11:11,24.84,-0.01,20,49680,卖盘
1554,11:11:08,24.85,--,13,32305,买盘
1555,11:11:02,24.85,0.01,6,14910,中性盘
1556,11:10:59,24.84,-0.01,17,42228,卖盘
1557,11:10:56,24.85,--,33,82427,买盘
1558,11:10:53,24.85,0.01,2,4970,买盘
1559,11:10:50,24.84,-0.01,2,4968,卖盘
1560,11:10:35,24.85,--,51,127803,卖盘
1561,11:10:32,24.85,--,11,27335,卖盘
1562,11:10:29,24.85,-0.01,10,24850,卖盘
1563,11:10:26,24.86,--,85,211310,买盘
1564,11:10:17,24.86,0.01,4,9944,买盘
1565,11:10:14,24.85,-0.01,10,24850,卖盘
1566,11:10:04,24.86,--,2,4972,买盘
1567,11:10:01,24.86,-0.01,95,237313,卖盘
1568,11:09:58,24.87,0.01,28,69636,买盘
1569,11:09:55,24.86,--,20,49720,卖盘
1570,11:09:52,24.86,--,4,9944,卖盘
1571,11:09:46,24.86,--,13,32318,卖盘
1572,11:09:40,24.86,-0.01,23,57178,卖盘
1573,11:09:28,24.87,--,5,12435,买盘
1574,11:09:16,24.87,--,2,4974,买盘
1575,11:09:10,24.87,-0.01,83,208360,卖盘
1576,11:09:07,24.88,--,11,27368,卖盘
1577,11:09:04,24.88,--,16,39808,卖盘
1578,11:09:01,24.88,--,42,104496,卖盘
1579,11:08:58,24.88,--,2,4976,卖盘
1580,11:08:55,24.88,-0.01,1,2488,卖盘
1581,11:08:49,24.89,0.01,8,19912,买盘
1582,11:08:46,24.88,-0.01,12,29856,卖盘
1583,11:08:28,24.89,0.01,9,22401,买盘
1584,11:08:25,24.88,-0.01,5,12440,卖盘
1585,11:08:19,24.89,0.01,8,19912,买盘
1586,11:08:13,24.88,-0.01,4,9952,卖盘
1587,11:08:07,24.89,--,30,74670,买盘
1588,11:07:55,24.89,0.01,9,22401,中性盘
1589,11:07:46,24.88,-0.01,66,164208,卖盘
1590,11:07:37,24.89,-0.01,14,34846,卖盘
1591,11:07:31,24.9,0.02,3,7470,买盘
1592,11:07:25,24.88,--,2,4976,卖盘
1593,11:07:19,24.88,--,20,49760,卖盘
1594,11:07:16,24.88,-0.02,30,74640,卖盘
1595,11:07:10,24.9,0.02,9,22410,买盘
1596,11:07:07,24.88,-0.01,10,24880,卖盘
1597,11:07:04,24.89,-0.01,2,4978,卖盘
1598,11:07:01,24.9,0.01,1,2490,买盘
1599,11:06:49,24.89,--,14,34846,卖盘
1600,11:06:43,24.89,-0.01,25,62225,卖盘
1601,11:06:37,24.9,--,13,32369,买盘
1602,11:06:25,24.9,0.01,1,2490,买盘
1603,11:06:19,24.89,-0.01,2,4978,卖盘
1604,11:06:16,24.9,--,20,49800,买盘
1605,11:06:13,24.9,0.01,10,24900,买盘
1606,11:06:10,24.89,-0.01,7,17423,卖盘
1607,11:06:07,24.9,0.01,1,2490,买盘
1608,11:06:01,24.89,--,31,77159,卖盘
1609,11:05:58,24.89,--,1,2489,卖盘
1610,11:05:49,24.89,--,15,39151,卖盘
1611,11:05:37,24.89,--,15,37335,卖盘
1612,11:05:28,24.89,-0.01,4,9956,卖盘
1613,11:05:25,24.9,0.01,1,2490,买盘
1614,11:05:22,24.89,--,21,52269,卖盘
1615,11:05:19,24.89,--,6,14934,卖盘
1616,11:05:13,24.89,--,6,16153,卖盘
1617,11:05:04,24.89,-0.01,41,102049,卖盘
1618,11:05:01,24.9,--,10,24900,买盘
1619,11:04:52,24.9,0.01,5,12450,买盘
1620,11:04:49,24.89,-0.01,8,19912,卖盘
1621,11:04:43,24.9,0.01,23,57270,买盘
1622,11:04:37,24.89,-0.01,16,39824,卖盘
1623,11:04:31,24.9,--,3,7470,买盘
1624,11:04:22,24.9,0.01,6,14940,买盘
1625,11:04:19,24.89,-0.01,5,12445,卖盘
1626,11:04:13,24.9,0.01,9,22410,买盘
1627,11:04:10,24.89,-0.01,3,7467,卖盘
1628,11:04:04,24.9,--,10,24900,买盘
1629,11:04:01,24.9,--,2,4980,买盘
1630,11:03:58,24.9,--,58,144420,卖盘
1631,11:03:55,24.9,-0.01,10,24900,卖盘
1632,11:03:49,24.91,0.01,8,19928,买盘
1633,11:03:43,24.9,--,28,69720,卖盘
1634,11:03:31,24.9,-0.01,6,14940,卖盘
1635,11:03:25,24.91,0.01,2,4982,买盘
1636,11:03:22,24.9,-0.01,6,14940,卖盘
1637,11:03:13,24.91,--,7,17437,买盘
1638,11:03:07,24.91,--,12,31162,卖盘
1639,11:03:04,24.91,--,8,19928,卖盘
1640,11:02:58,24.91,-0.01,2,4982,卖盘
1641,11:02:55,24.92,0.01,50,125821,买盘
1642,11:02:52,24.91,--,2,4982,卖盘
1643,11:02:49,24.91,-0.01,5,12455,卖盘
1644,11:02:43,24.92,0.01,2,4984,买盘
1645,11:02:40,24.91,-0.01,2,4982,卖盘
1646,11:02:37,24.92,0.01,8,19936,买盘
1647,11:02:34,24.91,--,3,7473,卖盘
1648,11:02:31,24.91,-0.01,10,24910,卖盘
1649,11:02:25,24.92,0.01,2,4984,买盘
1650,11:02:22,24.91,--,1,2491,卖盘
1651,11:02:10,24.91,--,2,4982,卖盘
1652,11:02:07,24.91,-0.01,4,9964,卖盘
1653,11:01:58,24.92,--,5,12460,买盘
1654,11:01:55,24.92,--,10,24920,买盘
1655,11:01:49,24.92,--,7,17444,买盘
1656,11:01:43,24.92,--,2,4984,买盘
1657,11:01:40,24.92,--,5,12460,买盘
1658,11:01:37,24.92,-0.01,60,149520,卖盘
1659,11:01:28,24.93,--,3,7479,买盘
1660,11:01:25,24.93,--,4,9972,买盘
1661,11:01:22,24.93,--,12,29916,卖盘
1662,11:01:19,24.93,-0.01,8,19944,卖盘
1663,11:01:16,24.94,--,1,2494,买盘
1664,11:01:13,24.94,--,1,2494,买盘
1665,11:01:07,24.94,0.01,2,4988,买盘
1666,11:01:01,24.93,-0.01,10,24930,卖盘
1667,11:00:58,24.94,--,3,7482,买盘
1668,11:00:52,24.94,--,30,74820,买盘
1669,11:00:43,24.94,0.01,10,24940,买盘
1670,11:00:40,24.93,-0.01,2,4986,卖盘
1671,11:00:37,24.94,0.01,10,24940,买盘
1672,11:00:34,24.93,--,1,2493,卖盘
1673,11:00:28,24.93,--,4,9972,卖盘
1674,11:00:19,24.93,--,15,37395,卖盘
1675,11:00:04,24.93,--,10,24930,买盘
1676,10:59:55,24.93,--,5,12465,买盘
1677,10:59:43,24.93,--,2,4986,买盘
1678,10:59:34,24.93,-0.01,13,32409,卖盘
1679,10:59:31,24.94,-0.01,10,24940,卖盘
1680,10:59:28,24.95,--,23,57385,买盘
1681,10:59:22,24.95,--,40,99800,买盘
1682,10:59:16,24.95,--,20,49900,买盘
1683,10:59:10,24.95,--,2,4990,买盘
1684,10:59:07,24.95,--,4,9980,买盘
1685,10:59:04,24.95,--,6,14970,买盘
1686,10:58:58,24.95,0.03,2,4990,买盘
1687,10:58:37,24.92,0.01,2,4984,卖盘
1688,10:58:31,24.91,0.01,1,2491,中性盘
1689,10:58:25,24.9,--,78,194220,卖盘
1690,10:58:13,24.9,-0.01,6,14940,卖盘
1691,10:58:07,24.91,--,13,32383,买盘
1692,10:58:04,24.91,0.01,10,24910,中性盘
1693,10:57:40,24.9,-0.01,50,124500,卖盘
1694,10:57:34,24.91,--,30,74730,卖盘
1695,10:57:28,24.91,--,15,37365,买盘
1696,10:57:22,24.91,--,20,49820,买盘
1697,10:57:16,24.91,--,98,244118,买盘
1698,10:57:13,24.91,--,6,14946,买盘
1699,10:57:07,24.91,0.01,15,37365,买盘
1700,10:57:01,24.9,-0.01,30,74700,卖盘
1701,10:56:55,24.91,0.01,10,24910,买盘
1702,10:56:52,24.9,-0.01,10,24900,卖盘
1703,10:56:49,24.91,0.01,6,14946,买盘
1704,10:56:43,24.9,-0.01,1,2490,卖盘
1705,10:56:40,24.91,--,7,17437,买盘
1706,10:56:37,24.91,--,7,17437,买盘
1707,10:56:28,24.91,--,3,7473,买盘
1708,10:56:25,24.91,-0.03,64,159424,卖盘
1709,10:56:13,24.94,--,6,14964,买盘
1710,10:56:04,24.94,--,6,14964,卖盘
1711,10:55:58,24.94,0.01,4,9976,卖盘
1712,10:55:52,24.93,-0.01,11,27423,买盘
1713,10:55:46,24.94,0.03,15,37410,买盘
1714,10:55:40,24.91,-0.03,3,7473,卖盘
1715,10:55:37,24.94,0.03,11,27434,买盘
1716,10:55:22,24.91,--,1,2491,买盘
1717,10:55:13,24.91,0.03,5,12455,中性盘
1718,10:54:52,24.88,--,1,2488,卖盘
1719,10:54:49,24.88,-0.03,155,385640,卖盘
1720,10:54:46,24.91,--,2,4982,卖盘
1721,10:54:43,24.91,0.01,12,29892,卖盘
1722,10:54:37,24.9,0.01,13,32369,卖盘
1723,10:54:31,24.89,--,24,60258,卖盘
1724,10:54:28,24.89,-0.01,15,37335,卖盘
1725,10:54:25,24.9,0.01,8,19920,买盘
1726,10:54:19,24.89,--,3,7467,中性盘
1727,10:54:13,24.89,--,5,12445,买盘
1728,10:54:10,24.89,--,7,17423,买盘
1729,10:54:07,24.89,--,7,17423,买盘
1730,10:54:04,24.89,-0.01,13,32357,中性盘
1731,10:54:01,24.9,0.01,29,72210,买盘
1732,10:53:58,24.89,-0.01,23,57247,卖盘
1733,10:53:55,24.9,0.01,30,74700,买盘
1734,10:53:52,24.89,-0.01,4,9956,中性盘
1735,10:53:49,24.9,0.03,10,24900,买盘
1736,10:53:43,24.87,--,5,12435,买盘
1737,10:53:40,24.87,--,20,49740,买盘
1738,10:53:37,24.87,0.01,29,72123,买盘
1739,10:53:34,24.86,--,14,34804,卖盘
1740,10:53:28,24.86,-0.01,55,136730,卖盘
1741,10:53:25,24.87,--,13,33673,买盘
1742,10:53:19,24.87,0.01,10,24870,买盘
1743,10:53:16,24.86,-0.01,3,7458,卖盘
1744,10:52:58,24.87,--,10,24870,买盘
1745,10:52:52,24.87,0.01,25,62175,买盘
1746,10:52:49,24.86,0.01,3,7458,卖盘
1747,10:52:43,24.85,--,5,12425,卖盘
1748,10:52:40,24.85,--,30,74550,卖盘
1749,10:52:28,24.85,-0.02,200,497000,卖盘
1750,10:52:25,24.87,0.02,2,4974,买盘
1751,10:52:13,24.85,-0.02,20,49700,卖盘
1752,10:52:07,24.87,0.02,5,12435,买盘
1753,10:52:01,24.85,-0.02,14,34790,卖盘
1754,10:51:55,24.87,0.02,27,67149,买盘
1755,10:51:49,24.85,-0.01,34,84490,卖盘
1756,10:51:46,24.86,0.01,39,96954,中性盘
1757,10:51:37,24.85,--,4,9940,卖盘
1758,10:51:34,24.85,-0.01,40,99400,卖盘
1759,10:51:28,24.86,-0.01,59,148712,卖盘
1760,10:51:25,24.87,--,61,151707,买盘
1761,10:51:19,24.87,0.01,12,29844,买盘
1762,10:51:16,24.86,-0.01,2,4972,卖盘
1763,10:51:10,24.87,--,1,2487,买盘
1764,10:51:04,24.87,--,3,7461,买盘
1765,10:51:01,24.87,--,50,124350,卖盘
1766,10:50:58,24.87,-0.02,23,57201,卖盘
1767,10:50:55,24.89,--,2,4978,买盘
1768,10:50:52,24.89,0.02,5,12445,买盘
1769,10:50:40,24.87,-0.01,27,67149,卖盘
1770,10:50:28,24.88,--,18,44784,卖盘
1771,10:50:22,24.88,-0.01,63,156744,卖盘
1772,10:50:19,24.89,--,5,12445,买盘
1773,10:50:07,24.89,--,1,2489,买盘
1774,10:50:04,24.89,--,1,2489,买盘
1775,10:50:01,24.89,-0.01,11,27379,卖盘
1776,10:49:58,24.9,--,7,17430,买盘
1777,10:49:51,24.9,--,5,12450,买盘
1778,10:49:45,24.9,0.01,5,12450,买盘
1779,10:49:36,24.89,-0.01,2,4978,卖盘
1780,10:49:33,24.9,0.01,22,54780,买盘
1781,10:49:24,24.89,0.01,21,52269,中性盘
1782,10:49:21,24.88,-0.01,255,634440,卖盘
1783,10:49:18,24.89,--,5,12445,卖盘
1784,10:49:15,24.89,--,14,34846,买盘
1785,10:49:09,24.89,--,14,34846,卖盘
1786,10:49:06,24.89,--,10,24890,卖盘
1787,10:48:57,24.89,--,22,54758,卖盘
1788,10:48:54,24.89,-0.01,1,2489,卖盘
1789,10:48:51,24.9,0.01,10,24900,买盘
1790,10:48:48,24.89,-0.01,13,32357,卖盘
1791,10:48:42,24.9,--,11,27390,买盘
1792,10:48:33,24.9,--,13,32369,买盘
1793,10:48:18,24.9,--,30,74700,买盘
1794,10:48:12,24.9,--,4,9960,卖盘
1795,10:48:03,24.9,-0.01,17,42330,卖盘
1796,10:48:00,24.91,0.01,2,4982,买盘
1797,10:47:54,24.9,-0.01,13,32369,中性盘
1798,10:47:51,24.91,0.01,9,22419,买盘
1799,10:47:45,24.9,--,40,100745,卖盘
1800,10:47:33,24.9,0.01,24,61104,买盘
1801,10:47:27,24.89,--,2,4978,卖盘
1802,10:47:24,24.89,-0.01,77,191653,卖盘
1803,10:47:09,24.9,0.01,15,37350,买盘
1804,10:47:06,24.89,--,11,27379,卖盘
1805,10:47:00,24.89,-0.01,64,159296,卖盘
1806,10:46:57,24.9,--,12,29880,卖盘
1807,10:46:54,24.9,--,12,29880,卖盘
1808,10:46:48,24.9,--,1,2490,卖盘
1809,10:46:42,24.9,--,5,12450,卖盘
1810,10:46:39,24.9,--,3,7470,卖盘
1811,10:46:30,24.9,-0.01,10,24900,卖盘
1812,10:46:27,24.91,--,5,12455,买盘
1813,10:46:18,24.91,--,12,29892,卖盘
1814,10:46:06,24.91,-0.04,39,97149,卖盘
1815,10:46:00,24.95,0.02,6,14970,买盘
1816,10:45:57,24.93,-0.02,260,649326,卖盘
1817,10:45:48,24.95,--,78,194610,卖盘
1818,10:45:45,24.95,--,50,124750,卖盘
1819,10:45:42,24.95,--,25,62375,卖盘
1820,10:45:39,24.95,--,22,54890,卖盘
1821,10:45:33,24.95,--,13,32435,卖盘
1822,10:45:27,24.95,--,14,34930,卖盘
1823,10:45:24,24.95,--,3,7485,卖盘
1824,10:45:21,24.95,--,10,24950,卖盘
1825,10:45:18,24.95,--,30,74850,卖盘
1826,10:45:15,24.95,0.01,74,184630,买盘
1827,10:45:12,24.94,-0.01,13,32422,卖盘
1828,10:45:09,24.95,--,60,151047,买盘
1829,10:45:03,24.95,--,3,7485,买盘
1830,10:44:57,24.95,--,5,12475,买盘
1831,10:44:54,24.95,0.01,11,27445,买盘
1832,10:44:51,24.94,-0.01,3,7482,卖盘
1833,10:44:36,24.95,0.01,2,4990,买盘
1834,10:44:30,24.94,-0.01,66,164604,卖盘
1835,10:44:15,24.95,--,59,147205,买盘
1836,10:44:12,24.95,--,35,87325,卖盘
1837,10:44:03,24.95,--,49,122255,买盘
1838,10:43:57,24.95,--,7,17465,买盘
1839,10:43:54,24.95,0.01,2,4990,买盘
1840,10:43:48,24.94,-0.01,10,24940,卖盘
1841,10:43:39,24.95,0.01,44,109780,买盘
1842,10:43:36,24.94,--,5,12470,买盘
1843,10:43:24,24.94,0.01,3,7482,买盘
1844,10:43:21,24.93,-0.01,15,37395,卖盘
1845,10:43:18,24.94,0.01,7,17458,买盘
1846,10:43:06,24.93,--,53,132129,买盘
1847,10:43:03,24.93,0.01,10,24930,买盘
1848,10:42:51,24.92,-0.01,301,750092,中性盘
1849,10:42:39,24.93,0.02,43,107199,买盘
1850,10:42:36,24.91,-0.01,11,27401,卖盘
1851,10:42:33,24.92,-0.01,15,37380,卖盘
1852,10:42:27,24.93,--,1,2493,买盘
1853,10:42:21,24.93,--,21,52353,买盘
1854,10:42:18,24.93,--,4,9972,买盘
1855,10:42:09,24.93,--,5,12465,买盘
1856,10:41:57,24.93,--,2,4986,买盘
1857,10:41:48,24.93,-0.01,32,79776,卖盘
1858,10:41:27,24.94,-0.01,40,99760,卖盘
1859,10:41:24,24.95,--,3,7485,买盘
1860,10:41:12,24.95,--,10,24950,买盘
1861,10:41:00,24.95,--,2,4990,买盘
1862,10:40:57,24.95,--,3,7485,买盘
1863,10:40:48,24.95,0.04,46,114770,买盘
1864,10:40:45,24.91,-0.04,12,29892,中性盘
1865,10:40:42,24.95,--,9,22455,买盘
1866,10:40:30,24.95,-0.01,12,29940,卖盘
1867,10:40:21,24.96,--,2,4992,买盘
1868,10:40:18,24.96,0.06,4,9984,买盘
1869,10:40:15,24.9,-0.05,500,1245000,卖盘
1870,10:40:06,24.95,--,5,12475,卖盘
1871,10:40:03,24.95,--,16,39920,卖盘
1872,10:39:57,24.95,0.03,119,296905,买盘
1873,10:39:54,24.92,--,11,27412,买盘
1874,10:39:48,24.92,-0.03,68,169456,卖盘
1875,10:39:45,24.95,0.02,34,84830,买盘
1876,10:39:42,24.93,--,25,62325,买盘
1877,10:39:39,24.93,-0.01,20,49860,卖盘
1878,10:39:21,24.94,0.01,10,24940,买盘
1879,10:39:18,24.93,--,23,57339,卖盘
1880,10:39:12,24.93,--,12,29916,卖盘
1881,10:39:09,24.93,--,1,2493,卖盘
1882,10:39:06,24.93,--,10,24930,买盘
1883,10:39:03,24.93,0.01,2,4986,中性盘
1884,10:38:51,24.92,--,16,39872,卖盘
1885,10:38:39,24.92,--,45,112140,买盘
1886,10:38:33,24.92,0.01,6,14952,买盘
1887,10:38:30,24.91,-0.01,8,19928,卖盘
1888,10:38:27,24.92,0.01,21,52332,买盘
1889,10:38:21,24.91,-0.01,8,19928,卖盘
1890,10:38:03,24.92,--,71,176932,买盘
1891,10:37:54,24.92,--,14,34888,买盘
1892,10:37:48,24.92,--,17,42364,卖盘
1893,10:37:45,24.92,--,2,4984,卖盘
1894,10:37:42,24.92,--,12,29904,卖盘
1895,10:37:39,24.92,--,10,24920,买盘
1896,10:37:36,24.92,--,4,9968,买盘
1897,10:37:30,24.92,--,20,49840,买盘
1898,10:37:27,24.92,--,7,17444,卖盘
1899,10:37:24,24.92,--,12,29904,卖盘
1900,10:37:21,24.92,--,13,32396,卖盘
1901,10:37:09,24.92,--,12,29904,买盘
1902,10:37:00,24.92,0.02,2,4984,中性盘
1903,10:36:45,24.9,-0.05,6,14940,卖盘
1904,10:36:42,24.95,0.05,47,117265,买盘
1905,10:36:36,24.9,-0.02,3,7470,卖盘
1906,10:36:33,24.92,0.02,2,4984,买盘
1907,10:36:24,24.9,--,9,22410,卖盘
1908,10:36:18,24.9,--,28,69720,买盘
1909,10:36:15,24.9,--,11,27390,买盘
1910,10:36:12,24.9,0.01,3,7470,买盘
1911,10:36:09,24.89,-0.01,18,44802,卖盘
1912,10:36:06,24.9,--,33,82170,买盘
1913,10:36:03,24.9,0.01,20,49800,买盘
1914,10:35:57,24.89,-0.01,10,24890,卖盘
1915,10:35:54,24.9,0.02,10,24900,买盘
1916,10:35:45,24.88,--,3,7464,买盘
1917,10:35:42,24.88,--,5,12440,卖盘
1918,10:35:27,24.88,--,16,39808,买盘
1919,10:35:24,24.88,0.01,5,12440,买盘
1920,10:35:15,24.87,-0.01,2,4974,卖盘
1921,10:35:12,24.88,0.02,8,19904,买盘
1922,10:35:09,24.86,--,148,368375,卖盘
1923,10:35:03,24.86,-0.01,12,29832,卖盘
1924,10:34:57,24.87,--,40,99480,买盘
1925,10:34:48,24.87,--,44,109428,买盘
1926,10:34:45,24.87,0.01,6,14922,买盘
1927,10:34:36,24.86,-0.01,17,42262,卖盘
1928,10:34:30,24.87,0.01,108,268596,买盘
1929,10:34:27,24.86,--,15,37290,卖盘
1930,10:34:21,24.86,0.01,12,29832,卖盘
1931,10:34:15,24.85,-0.01,35,86975,卖盘
1932,10:34:12,24.86,--,70,175437,买盘
1933,10:34:06,24.86,--,10,24860,买盘
1934,10:34:03,24.86,0.01,2,4972,买盘
1935,10:34:00,24.85,-0.01,15,37275,卖盘
1936,10:33:57,24.86,--,1,2486,买盘
1937,10:33:54,24.86,0.01,1,2486,买盘
1938,10:33:51,24.85,-0.01,101,250985,卖盘
1939,10:33:48,24.86,--,20,49720,买盘
1940,10:33:39,24.86,--,1,2486,买盘
1941,10:33:36,24.86,--,123,306846,卖盘
1942,10:33:33,24.86,--,5,12430,卖盘
1943,10:33:24,24.86,--,20,49720,卖盘
1944,10:33:21,24.86,-0.01,255,633930,卖盘
1945,10:33:12,24.87,--,7,17409,买盘
1946,10:33:09,24.87,-0.01,29,72123,卖盘
1947,10:33:06,24.88,--,20,49760,买盘
1948,10:33:03,24.88,--,3,7464,买盘
1949,10:33:00,24.88,--,7,17416,买盘
1950,10:32:57,24.88,--,4,9952,买盘
1951,10:32:51,24.88,-0.04,400,995200,卖盘
1952,10:32:48,24.92,0.03,41,102172,买盘
1953,10:32:42,24.89,--,19,47291,买盘
1954,10:32:39,24.89,--,9,22401,买盘
1955,10:32:30,24.89,--,2,4978,买盘
1956,10:32:27,24.89,--,1,2489,买盘
1957,10:32:24,24.89,0.01,56,139384,买盘
1958,10:32:18,24.88,-0.01,15,37320,卖盘
1959,10:32:12,24.89,--,19,47291,卖盘
1960,10:32:09,24.89,--,46,114494,卖盘
1961,10:32:03,24.89,--,12,29868,卖盘
1962,10:32:00,24.89,--,13,32357,卖盘
1963,10:31:57,24.89,--,3,7467,卖盘
1964,10:31:54,24.89,0.01,21,52269,买盘
1965,10:31:51,24.88,--,21,52248,卖盘
1966,10:31:48,24.88,--,12,29856,卖盘
1967,10:31:45,24.88,--,19,47272,卖盘
1968,10:31:42,24.88,--,27,67176,卖盘
1969,10:31:35,24.88,--,24,59712,卖盘
1970,10:31:32,24.88,0.02,17,42296,买盘
1971,10:31:29,24.86,-0.01,10,24860,卖盘
1972,10:31:26,24.87,--,8,19896,卖盘
1973,10:31:20,24.87,--,34,85975,买盘
1974,10:31:14,24.87,--,5,12435,买盘
1975,10:31:08,24.87,--,59,146733,买盘
1976,10:31:05,24.87,--,72,180133,卖盘
1977,10:31:02,24.87,--,1,2487,卖盘
1978,10:30:56,24.87,-0.01,1,2487,卖盘
1979,10:30:53,24.88,--,5,12440,买盘
1980,10:30:50,24.88,--,8,19904,买盘
1981,10:30:47,24.88,--,111,276168,卖盘
1982,10:30:44,24.88,-0.01,12,29856,卖盘
1983,10:30:41,24.89,-0.01,4,9956,买盘
1984,10:30:38,24.9,--,2,4980,买盘
1985,10:30:35,24.9,--,2,4980,买盘
1986,10:30:32,24.9,--,220,547800,买盘
1987,10:30:29,24.9,-0.01,25,63669,卖盘
1988,10:30:23,24.91,--,29,72239,买盘
1989,10:30:20,24.91,-0.01,29,72239,卖盘
1990,10:30:14,24.92,--,1,2492,买盘
1991,10:30:11,24.92,0.01,16,39872,买盘
1992,10:30:08,24.91,-0.01,3,7473,卖盘
1993,10:30:05,24.92,--,3,7476,买盘
1994,10:29:59,24.92,-0.03,7,17444,卖盘
1995,10:29:56,24.95,--,11,27445,买盘
1996,10:29:44,24.95,0.01,45,112275,买盘
1997,10:29:41,24.94,--,26,64844,买盘
1998,10:29:38,24.94,--,2,4988,卖盘
1999,10:29:35,24.94,--,13,32422,卖盘
2000,10:29:32,24.94,-0.01,5,12470,中性盘
2001,10:29:29,24.95,0.01,25,62375,买盘
2002,10:29:23,24.94,-0.01,1,2494,中性盘
2003,10:29:17,24.95,0.01,15,37425,买盘
2004,10:29:14,24.94,-0.01,2,4988,卖盘
2005,10:29:11,24.95,--,5,12475,买盘
2006,10:29:08,24.95,--,1,2495,买盘
2007,10:29:05,24.95,--,2,4990,卖盘
2008,10:29:02,24.95,0.04,9,22455,买盘
2009,10:28:50,24.91,-0.04,5,12455,卖盘
2010,10:28:44,24.95,0.04,20,49900,买盘
2011,10:28:41,24.91,0.02,2,4982,买盘
2012,10:28:29,24.89,-0.01,11,27379,卖盘
2013,10:28:23,24.9,0.01,5,12450,买盘
2014,10:28:20,24.89,--,15,37335,卖盘
2015,10:28:17,24.89,0.01,25,62225,中性盘
2016,10:28:05,24.88,-0.01,11,27368,卖盘
2017,10:28:02,24.89,0.01,33,82137,买盘
2018,10:27:56,24.88,--,6,14928,卖盘
2019,10:27:50,24.88,--,20,49760,卖盘
2020,10:27:47,24.88,-0.01,5,12440,卖盘
2021,10:27:41,24.89,--,10,24890,买盘
2022,10:27:35,24.89,--,1,2489,买盘
2023,10:27:32,24.89,--,1,2489,买盘
2024,10:27:26,24.89,0.01,4,9956,买盘
2025,10:27:23,24.88,-0.01,5,12440,卖盘
2026,10:27:20,24.89,0.01,27,67203,买盘
2027,10:27:17,24.88,--,6,14928,买盘
2028,10:27:14,24.88,--,4,9952,买盘
2029,10:27:08,24.88,--,9,22392,卖盘
2030,10:27:05,24.88,--,10,24880,卖盘
2031,10:27:02,24.88,--,10,24880,买盘
2032,10:26:59,24.88,--,5,12440,卖盘
2033,10:26:50,24.88,-0.02,3,7464,中性盘
2034,10:26:47,24.9,0.02,10,24900,买盘
2035,10:26:44,24.88,-0.02,3,7464,卖盘
2036,10:26:41,24.9,0.02,21,52290,买盘
2037,10:26:38,24.88,--,107,266216,卖盘
2038,10:26:20,24.88,-0.02,39,97032,卖盘
2039,10:26:17,24.9,--,1,2490,买盘
2040,10:26:14,24.9,-0.01,60,149400,卖盘
2041,10:26:11,24.91,--,2,4982,买盘
2042,10:26:05,24.91,--,7,17437,买盘
2043,10:26:02,24.91,-0.01,146,365728,卖盘
2044,10:25:59,24.92,0.01,7,17444,买盘
2045,10:25:53,24.91,-0.01,15,37365,卖盘
2046,10:25:47,24.92,--,1,2492,买盘
2047,10:25:44,24.92,--,24,59808,卖盘
2048,10:25:41,24.92,--,7,17444,买盘
2049,10:25:38,24.92,--,12,29904,卖盘
2050,10:25:35,24.92,-0.01,7,17444,卖盘
2051,10:25:32,24.93,0.01,6,14958,中性盘
2052,10:25:29,24.92,--,10,24920,卖盘
2053,10:25:23,24.92,--,7,17444,卖盘
2054,10:25:20,24.92,-0.01,4,9968,卖盘
2055,10:25:11,24.93,--,24,59832,卖盘
2056,10:25:08,24.93,--,2,4986,中性盘
2057,10:25:05,24.93,--,80,199440,买盘
2058,10:25:02,24.93,--,1,2493,买盘
2059,10:24:50,24.93,-0.02,6,14958,中性盘
2060,10:24:47,24.95,0.03,2,4990,买盘
2061,10:24:41,24.92,-0.03,30,74760,卖盘
2062,10:24:35,24.95,0.02,5,12475,买盘
2063,10:24:32,24.93,--,2,4986,买盘
2064,10:24:29,24.93,0.01,5,12465,买盘
2065,10:24:26,24.92,-0.03,18,44856,卖盘
2066,10:24:14,24.95,0.03,20,49900,买盘
2067,10:24:11,24.92,--,2,4984,卖盘
2068,10:24:02,24.92,-0.03,20,49840,卖盘
2069,10:23:59,24.95,0.03,1,2495,买盘
2070,10:23:56,24.92,--,20,49840,卖盘
2071,10:23:44,24.92,--,17,42364,卖盘
2072,10:23:38,24.92,--,14,35336,买盘
2073,10:23:35,24.92,--,14,34888,买盘
2074,10:23:32,24.92,--,15,37380,买盘
2075,10:23:29,24.92,--,2,4984,买盘
2076,10:23:26,24.92,--,2,4984,买盘
2077,10:23:23,24.92,0.01,2,4984,买盘
2078,10:23:20,24.91,--,1,2491,卖盘
2079,10:23:17,24.91,--,9,22419,卖盘
2080,10:23:14,24.91,0.01,59,146969,买盘
2081,10:23:11,24.9,--,5,12450,卖盘
2082,10:23:05,24.9,--,2,4980,卖盘
2083,10:23:02,24.9,0.04,156,388440,买盘
2084,10:22:59,24.86,-0.02,21,52206,卖盘
2085,10:22:56,24.88,--,25,62200,买盘
2086,10:22:53,24.88,-0.01,90,223920,卖盘
2087,10:22:50,24.89,0.01,81,201609,买盘
2088,10:22:35,24.88,--,30,74640,卖盘
2089,10:22:29,24.88,--,2,4976,卖盘
2090,10:22:26,24.88,--,29,72152,卖盘
2091,10:22:23,24.88,-0.01,20,49760,卖盘
2092,10:22:17,24.89,0.01,10,24890,买盘
2093,10:22:14,24.88,0.02,5,12440,买盘
2094,10:22:08,24.86,-0.02,4,9944,卖盘
2095,10:22:05,24.88,--,13,32344,卖盘
2096,10:22:02,24.88,0.02,7,17416,买盘
2097,10:21:56,24.86,-0.02,20,49720,卖盘
2098,10:21:53,24.88,0.03,3,7464,买盘
2099,10:21:50,24.85,--,7,17395,卖盘
2100,10:21:47,24.85,-0.03,10,24850,卖盘
2101,10:21:44,24.88,0.02,15,37320,买盘
2102,10:21:38,24.86,--,2,4972,买盘
2103,10:21:35,24.86,-0.02,12,29832,卖盘
2104,10:21:32,24.88,--,22,54736,买盘
2105,10:21:29,24.88,--,30,74640,买盘
2106,10:21:26,24.88,--,4,9952,买盘
2107,10:21:23,24.88,--,5,12440,买盘
2108,10:21:17,24.88,--,177,440376,卖盘
2109,10:21:14,24.88,--,5,12440,卖盘
2110,10:21:08,24.88,--,17,42296,卖盘
2111,10:21:05,24.88,-0.02,30,74640,卖盘
2112,10:21:02,24.9,--,2,4980,买盘
2113,10:20:59,24.9,0.02,10,24900,买盘
2114,10:20:56,24.88,-0.02,23,57224,卖盘
2115,10:20:53,24.9,--,7,17430,买盘
2116,10:20:47,24.9,--,1,2490,买盘
2117,10:20:44,24.9,--,221,550290,买盘
2118,10:20:38,24.9,0.01,21,52290,买盘
2119,10:20:35,24.89,-0.01,52,129428,卖盘
2120,10:20:29,24.9,--,10,24900,买盘
2121,10:20:26,24.9,--,28,69720,买盘
2122,10:20:23,24.9,0.01,21,52290,买盘
2123,10:20:20,24.89,-0.01,2,4978,卖盘
2124,10:20:17,24.9,0.01,15,37350,买盘
2125,10:20:14,24.89,-0.01,15,37335,卖盘
2126,10:20:11,24.9,--,6,14940,买盘
2127,10:20:08,24.9,0.01,9,22410,买盘
2128,10:20:05,24.89,--,4,9956,卖盘
2129,10:19:59,24.89,--,7,17423,中性盘
2130,10:19:53,24.89,0.01,3,7467,买盘
2131,10:19:47,24.88,--,53,131864,卖盘
2132,10:19:44,24.88,--,100,248800,卖盘
2133,10:19:38,24.88,--,101,253029,买盘
2134,10:19:35,24.88,--,18,44784,买盘
2135,10:19:32,24.88,--,5,12440,买盘
2136,10:19:29,24.88,0.02,3,7464,买盘
2137,10:19:26,24.86,-0.02,6,14916,中性盘
2138,10:19:17,24.88,0.02,17,43042,买盘
2139,10:19:14,24.86,-0.02,15,37290,卖盘
2140,10:19:11,24.88,0.03,12,31597,买盘
2141,10:19:02,24.85,0.02,11,27335,买盘
2142,10:18:59,24.83,--,67,166361,买盘
2143,10:18:56,24.83,-0.02,78,193674,卖盘
2144,10:18:53,24.85,0.02,7,17395,买盘
2145,10:18:50,24.83,-0.03,52,129115,卖盘
2146,10:18:47,24.86,0.03,27,67122,买盘
2147,10:18:44,24.83,-0.02,5,12415,卖盘
2148,10:18:38,24.85,0.01,2,4970,买盘
2149,10:18:32,24.84,0.01,7,17388,中性盘
2150,10:18:29,24.83,--,12,29795,卖盘
2151,10:18:26,24.83,0.01,10,24830,买盘
2152,10:18:23,24.82,--,29,71978,卖盘
2153,10:18:20,24.82,-0.01,32,79424,卖盘
2154,10:18:17,24.83,0.01,55,136565,中性盘
2155,10:18:14,24.82,--,48,119136,卖盘
2156,10:18:08,24.82,0.01,36,89352,买盘
2157,10:18:05,24.81,-0.01,86,213366,卖盘
2158,10:18:02,24.82,0.01,12,29784,买盘
2159,10:17:59,24.81,-0.02,57,141417,卖盘
2160,10:17:56,24.83,--,66,163878,买盘
2161,10:17:53,24.83,0.01,96,238367,买盘
2162,10:17:50,24.82,-0.01,132,327624,卖盘
2163,10:17:44,24.83,--,5,12415,买盘
2164,10:17:41,24.83,--,24,59591,买盘
2165,10:17:38,24.83,--,46,114217,卖盘
2166,10:17:35,24.83,-0.02,20,49660,卖盘
2167,10:17:32,24.85,0.02,40,99400,买盘
2168,10:17:29,24.83,--,2,4966,卖盘
2169,10:17:20,24.83,-0.02,107,265681,卖盘
2170,10:17:14,24.85,-0.01,30,74550,卖盘
2171,10:17:11,24.86,--,10,24860,买盘
2172,10:17:08,24.86,-0.02,83,206338,卖盘
2173,10:17:02,24.88,--,178,442864,卖盘
2174,10:16:59,24.88,--,10,24880,卖盘
2175,10:16:56,24.88,-0.01,60,149280,卖盘
2176,10:16:53,24.89,0.01,4,9956,中性盘
2177,10:16:47,24.88,-0.03,6,14928,卖盘
2178,10:16:44,24.91,--,63,156933,买盘
2179,10:16:38,24.91,0.01,210,523110,买盘
2180,10:16:35,24.9,--,33,82170,卖盘
2181,10:16:32,24.9,-0.01,30,74700,卖盘
2182,10:16:29,24.91,0.01,6,14946,买盘
2183,10:16:26,24.9,--,3,7470,卖盘
2184,10:16:23,24.9,--,34,84660,卖盘
2185,10:16:20,24.9,--,66,164340,卖盘
2186,10:16:14,24.9,--,253,629970,卖盘
2187,10:16:08,24.9,--,7,17430,卖盘
2188,10:16:05,24.9,-0.02,111,276390,卖盘
2189,10:16:02,24.92,--,500,1246000,买盘
2190,10:15:59,24.92,-0.01,31,77252,卖盘
2191,10:15:56,24.93,0.01,8,19944,买盘
2192,10:15:53,24.92,-0.01,158,393736,卖盘
2193,10:15:44,24.93,-0.01,300,747900,卖盘
2194,10:15:41,24.94,-0.01,31,79359,卖盘
2195,10:15:38,24.95,--,59,147205,卖盘
2196,10:15:35,24.95,--,28,69860,卖盘
2197,10:15:32,24.95,-0.01,6,14970,卖盘
2198,10:15:26,24.96,-0.01,205,511680,卖盘
2199,10:15:11,24.97,-0.01,37,92389,卖盘
2200,10:15:05,24.98,--,11,27478,买盘
2201,10:15:02,24.98,--,1,2498,买盘
2202,10:14:59,24.98,--,8,19984,买盘
2203,10:14:56,24.98,--,28,69944,卖盘
2204,10:14:53,24.98,--,7,17486,卖盘
2205,10:14:50,24.98,--,13,32474,卖盘
2206,10:14:47,24.98,--,4,9992,卖盘
2207,10:14:44,24.98,--,10,24980,买盘
2208,10:14:41,24.98,--,111,277278,卖盘
2209,10:14:38,24.98,--,2,4996,卖盘
2210,10:14:35,24.98,--,5,12490,卖盘
2211,10:14:32,24.98,--,6,14988,卖盘
2212,10:14:29,24.98,--,2,4996,卖盘
2213,10:14:23,24.98,--,41,102418,买盘
2214,10:14:17,24.98,--,41,102418,买盘
2215,10:14:14,24.98,--,10,24980,买盘
2216,10:14:02,24.98,--,30,74940,买盘
2217,10:13:56,24.98,--,2,4996,买盘
2218,10:13:53,24.98,--,10,24980,买盘
2219,10:13:50,24.98,-0.01,60,149880,卖盘
2220,10:13:41,24.99,0.01,2,4998,买盘
2221,10:13:38,24.98,--,10,24980,卖盘
2222,10:13:35,24.98,-0.01,20,49960,卖盘
2223,10:13:32,24.99,--,3,7496,卖盘
2224,10:13:26,24.99,0.01,33,82467,买盘
2225,10:13:23,24.98,-0.01,40,99920,卖盘
2226,10:13:20,24.99,0.01,10,24990,买盘
2227,10:13:10,24.98,-0.01,55,137390,卖盘
2228,10:13:07,24.99,--,41,102459,买盘
2229,10:12:58,24.99,0.01,1,2499,买盘
2230,10:12:52,24.98,--,3,7494,卖盘
2231,10:12:46,24.98,-0.01,4,9992,卖盘
2232,10:12:43,24.99,--,10,24990,买盘
2233,10:12:34,24.99,--,120,299880,买盘
2234,10:12:31,24.99,--,10,24990,买盘
2235,10:12:22,24.99,--,1,2499,买盘
2236,10:12:13,24.99,--,20,49980,买盘
2237,10:12:07,24.99,--,10,24990,买盘
2238,10:12:04,24.99,0.01,11,27489,买盘
2239,10:12:01,24.98,-0.01,10,24980,卖盘
2240,10:11:55,24.99,--,46,114954,买盘
2241,10:11:52,24.99,0.01,6,14993,买盘
2242,10:11:49,24.98,--,25,62450,卖盘
2243,10:11:34,24.98,-0.01,7,17486,买盘
2244,10:11:25,24.99,--,6,14993,买盘
2245,10:11:22,24.99,--,1,2499,买盘
2246,10:11:13,24.99,--,1,2499,买盘
2247,10:11:10,24.99,--,1,2499,买盘
2248,10:10:55,24.99,0.02,3,7496,买盘
2249,10:10:52,24.97,--,51,127347,卖盘
2250,10:10:49,24.97,--,2,4994,卖盘
2251,10:10:46,24.97,--,12,29964,买盘
2252,10:10:40,24.97,0.01,28,69916,买盘
2253,10:10:31,24.96,--,2,4992,卖盘
2254,10:10:28,24.96,--,51,127296,卖盘
2255,10:10:22,24.96,-0.03,13,32448,卖盘
2256,10:10:16,24.99,0.03,48,119951,买盘
2257,10:10:13,24.96,-0.01,7,17472,买盘
2258,10:10:07,24.97,0.01,3,7491,卖盘
2259,10:10:04,24.96,--,4,9984,买盘
2260,10:10:01,24.96,--,50,124800,买盘
2261,10:09:58,24.96,-0.01,173,431808,卖盘
2262,10:09:55,24.97,--,60,149820,买盘
2263,10:09:52,24.97,--,5,12485,买盘
2264,10:09:49,24.97,--,8,19976,买盘
2265,10:09:46,24.97,--,21,52437,买盘
2266,10:09:40,24.97,-0.04,212,529364,卖盘
2267,10:09:34,25.01,0.01,40,100040,买盘
2268,10:09:31,25.0,--,10,25000,买盘
2269,10:09:22,25.0,--,4,10000,买盘
2270,10:09:19,25.0,--,233,582950,卖盘
2271,10:09:16,25.0,--,1,2500,卖盘
2272,10:09:13,25.0,--,15,39550,卖盘
2273,10:09:10,25.0,--,12,30000,卖盘
2274,10:09:07,25.0,--,9,22500,卖盘
2275,10:09:04,25.0,--,4,10000,卖盘
2276,10:09:01,25.0,--,29,72500,买盘
2277,10:08:58,25.0,--,5,12500,卖盘
2278,10:08:49,25.0,-0.01,5,12500,卖盘
2279,10:08:43,25.01,0.01,122,305122,中性盘
2280,10:08:37,25.0,--,3,7500,卖盘
2281,10:08:31,25.0,--,10,25000,卖盘
2282,10:08:28,25.0,0.02,7,17500,中性盘
2283,10:08:10,24.98,-0.1,92,232239,卖盘
2284,10:08:07,25.08,0.01,70,175560,买盘
2285,10:08:04,25.07,--,7,17549,卖盘
2286,10:08:01,25.07,--,35,87745,卖盘
2287,10:07:58,25.07,--,22,55154,卖盘
2288,10:07:55,25.07,--,1,2507,卖盘
2289,10:07:52,25.07,0.08,340,852455,买盘
2290,10:07:49,24.99,-0.01,5,12495,卖盘
2291,10:07:46,25.0,-0.05,202,505000,卖盘
2292,10:07:43,25.05,0.04,112,280560,买盘
2293,10:07:40,25.01,--,4,10004,卖盘
2294,10:07:31,25.01,-0.03,11,27511,卖盘
2295,10:07:28,25.04,-0.01,101,252904,卖盘
2296,10:07:19,25.05,--,3,7515,卖盘
2297,10:07:16,25.05,-0.02,25,62625,卖盘
2298,10:07:13,25.07,--,2,5014,买盘
2299,10:07:10,25.07,--,1,2507,买盘
2300,10:07:04,25.07,--,56,140392,卖盘
2301,10:07:01,25.07,--,43,107801,卖盘
2302,10:06:55,25.07,--,16,40112,卖盘
2303,10:06:49,25.07,-0.01,20,50140,卖盘
2304,10:06:43,25.08,-0.02,3,7523,中性盘
2305,10:06:31,25.1,0.02,94,235940,买盘
2306,10:06:28,25.08,-0.01,2,5016,卖盘
2307,10:06:25,25.09,0.01,4,10036,买盘
2308,10:06:16,25.08,--,8,20064,卖盘
2309,10:06:10,25.08,--,26,65207,卖盘
2310,10:06:04,25.08,0.01,5,12540,买盘
2311,10:06:01,25.07,--,2,5014,卖盘
2312,10:05:49,25.07,--,5,12535,卖盘
2313,10:05:40,25.07,--,15,37605,卖盘
2314,10:05:37,25.07,0.03,10,25070,买盘
2315,10:05:34,25.04,-0.03,25,62600,卖盘
2316,10:05:31,25.07,0.02,17,42619,买盘
2317,10:05:25,25.05,--,10,25050,卖盘
2318,10:05:19,25.05,--,2,5010,卖盘
2319,10:05:16,25.05,--,6,15030,卖盘
2320,10:05:13,25.05,--,25,64729,买盘
2321,10:05:10,25.05,0.01,2,5010,买盘
2322,10:05:07,25.04,--,56,140224,卖盘
2323,10:04:55,25.04,--,25,62600,中性盘
2324,10:04:31,25.04,0.01,11,27544,买盘
2325,10:04:28,25.03,--,10,25030,卖盘
2326,10:04:25,25.03,0.01,6,15018,中性盘
2327,10:04:19,25.02,--,35,87570,卖盘
2328,10:04:16,25.02,--,1,2502,卖盘
2329,10:04:13,25.02,--,5,12510,卖盘
2330,10:04:07,25.02,0.02,6,15012,买盘
2331,10:04:04,25.0,--,63,157500,卖盘
2332,10:04:01,25.0,--,4,10000,卖盘
2333,10:03:58,25.0,-0.02,9,22500,卖盘
2334,10:03:52,25.02,-0.02,5,12510,买盘
2335,10:03:49,25.04,0.04,50,125200,买盘
2336,10:03:46,25.0,-0.02,150,375000,卖盘
2337,10:03:40,25.02,-0.02,9,22518,卖盘
2338,10:03:37,25.04,0.04,1,2504,买盘
2339,10:03:34,25.0,-0.01,4,10000,卖盘
2340,10:03:25,25.01,-0.01,34,85034,卖盘
2341,10:03:22,25.02,-0.03,9,22518,卖盘
2342,10:03:19,25.05,--,15,37975,卖盘
2343,10:03:16,25.05,--,40,100200,卖盘
2344,10:03:10,25.05,-0.01,29,72645,卖盘
2345,10:03:07,25.06,--,90,227645,买盘
2346,10:02:58,25.06,--,10,25060,买盘
2347,10:02:52,25.06,--,1,2506,买盘
2348,10:02:49,25.06,-0.03,19,47614,卖盘
2349,10:02:46,25.09,--,13,32617,买盘
2350,10:02:40,25.09,--,39,97851,卖盘
2351,10:02:31,25.09,--,20,50180,卖盘
2352,10:02:28,25.09,-0.01,8,20072,卖盘
2353,10:02:25,25.1,0.01,40,100400,买盘
2354,10:02:22,25.09,--,48,120432,卖盘
2355,10:02:10,25.09,-0.01,5,12545,卖盘
2356,10:02:07,25.1,0.02,1,2510,中性盘
2357,10:02:04,25.08,-0.01,211,529188,中性盘
2358,10:01:58,25.09,--,15,37635,买盘
2359,10:01:52,25.09,0.03,13,32617,买盘
2360,10:01:49,25.06,-0.04,2,5012,卖盘
2361,10:01:46,25.1,0.04,7,17570,买盘
2362,10:01:43,25.06,0.01,50,125300,卖盘
2363,10:01:34,25.05,-0.05,46,115230,卖盘
2364,10:01:28,25.1,0.02,8,20080,买盘
2365,10:01:22,25.08,0.03,9,22572,买盘
2366,10:01:19,25.05,--,20,50100,卖盘
2367,10:01:16,25.05,0.04,64,160320,买盘
2368,10:01:13,25.01,-0.01,10,25010,卖盘
2369,10:01:10,25.02,--,13,32526,买盘
2370,10:01:07,25.02,--,4,10008,买盘
2371,10:01:04,25.02,--,1,2502,买盘
2372,10:01:01,25.02,--,7,17514,买盘
2373,10:00:58,25.02,--,6,15012,买盘
2374,10:00:52,25.02,--,22,55044,买盘
2375,10:00:49,25.02,0.01,49,122598,买盘
2376,10:00:40,25.01,--,30,75030,卖盘
2377,10:00:37,25.01,--,11,27511,卖盘
2378,10:00:34,25.01,--,9,22509,卖盘
2379,10:00:31,25.01,0.01,9,22509,买盘
2380,10:00:28,25.0,--,10,25000,卖盘
2381,10:00:22,25.0,-0.01,1,2500,卖盘
2382,10:00:19,25.01,0.01,7,17507,买盘
2383,10:00:13,25.0,--,10,25000,卖盘
2384,10:00:10,25.0,--,20,50000,卖盘
2385,10:00:04,25.0,--,12,30000,买盘
2386,10:00:01,25.0,--,62,155000,买盘
2387,09:59:55,25.0,--,25,62500,买盘
2388,09:59:52,25.0,0.02,43,107500,买盘
2389,09:59:49,24.98,--,2,4996,卖盘
2390,09:59:40,24.98,--,17,42466,买盘
2391,09:59:37,24.98,--,43,107414,买盘
2392,09:59:31,24.98,0.01,10,24980,买盘
2393,09:59:28,24.97,-0.01,6,14982,卖盘
2394,09:59:25,24.98,0.01,2,4996,买盘
2395,09:59:22,24.97,--,7,17479,卖盘
2396,09:59:19,24.97,0.02,76,189772,买盘
2397,09:59:16,24.95,-0.01,8,19960,卖盘
2398,09:59:13,24.96,0.01,70,174720,买盘
2399,09:59:10,24.95,-0.01,71,177145,卖盘
2400,09:59:04,24.96,-0.01,1,2496,卖盘
2401,09:59:01,24.97,0.01,42,104874,买盘
2402,09:58:58,24.96,-0.01,5,12480,卖盘
2403,09:58:55,24.97,0.01,7,17479,买盘
2404,09:58:52,24.96,--,16,39936,卖盘
2405,09:58:49,24.96,-0.01,36,89856,卖盘
2406,09:58:46,24.97,0.01,10,24970,买盘
2407,09:58:40,24.96,-0.01,4,9984,卖盘
2408,09:58:37,24.97,--,12,29964,买盘
2409,09:58:34,24.97,--,13,32461,买盘
2410,09:58:31,24.97,--,11,27467,买盘
2411,09:58:28,24.97,0.01,25,62425,买盘
2412,09:58:25,24.96,-0.01,11,27456,卖盘
2413,09:58:22,24.97,--,2,4994,买盘
2414,09:58:19,24.97,--,26,64922,买盘
2415,09:58:16,24.97,--,75,187275,买盘
2416,09:58:10,24.97,--,1,2497,买盘
2417,09:58:04,24.97,-0.01,132,329604,卖盘
2418,09:58:01,24.98,--,48,119904,买盘
2419,09:57:55,24.98,0.01,7,17486,买盘
2420,09:57:52,24.97,--,10,24970,卖盘
2421,09:57:49,24.97,--,92,229724,卖盘
2422,09:57:46,24.97,--,6,14982,卖盘
2423,09:57:43,24.97,-0.01,6,14982,卖盘
2424,09:57:40,24.98,0.01,8,19984,买盘
2425,09:57:37,24.97,-0.01,1,2497,卖盘
2426,09:57:31,24.98,0.01,54,134892,买盘
2427,09:57:28,24.97,0.01,7,17479,中性盘
2428,09:57:22,24.96,-0.01,3,7488,卖盘
2429,09:57:19,24.97,--,10,24970,买盘
2430,09:57:16,24.97,--,35,87395,买盘
2431,09:57:13,24.97,0.01,10,24970,买盘
2432,09:57:10,24.96,-0.01,67,167232,卖盘
2433,09:57:07,24.97,0.01,31,77407,中性盘
2434,09:57:04,24.96,-0.01,132,329472,卖盘
2435,09:57:01,24.97,--,6,14982,买盘
2436,09:56:58,24.97,-0.01,10,24970,卖盘
2437,09:56:55,24.98,--,5,12490,买盘
2438,09:56:46,24.98,0.01,8,19984,买盘
2439,09:56:43,24.97,-0.01,19,47443,中性盘
2440,09:56:40,24.98,--,34,84932,买盘
2441,09:56:37,24.98,0.01,38,94924,买盘
2442,09:56:34,24.97,--,27,67419,买盘
2443,09:56:31,24.97,-0.01,15,37455,买盘
2444,09:56:25,24.98,--,70,174860,买盘
2445,09:56:22,24.98,--,8,19984,买盘
2446,09:56:19,24.98,0.01,8,19984,买盘
2447,09:56:16,24.97,--,11,27916,卖盘
2448,09:56:13,24.97,-0.01,45,112365,卖盘
2449,09:56:10,24.98,--,6,14988,卖盘
2450,09:55:58,24.98,-0.02,26,64948,买盘
2451,09:55:55,25.0,0.02,14,35000,买盘
2452,09:55:52,24.98,--,1,2498,买盘
2453,09:55:49,24.98,-0.02,4,9992,卖盘
2454,09:55:46,25.0,--,12,30000,买盘
2455,09:55:40,25.0,0.03,31,77500,中性盘
2456,09:55:37,24.97,-0.04,16,39952,卖盘
2457,09:55:34,25.01,0.01,36,90036,买盘
2458,09:55:31,25.0,--,9,22500,买盘
2459,09:55:28,25.0,--,5,12500,买盘
2460,09:55:22,25.0,-0.01,18,45000,卖盘
2461,09:55:19,25.01,0.05,12,30012,卖盘
2462,09:55:16,24.96,-0.04,23,57408,卖盘
2463,09:55:10,25.0,-0.01,16,40000,卖盘
2464,09:55:07,25.01,0.01,13,32513,卖盘
2465,09:55:04,25.0,0.02,203,507500,买盘
2466,09:55:01,24.98,-0.02,20,49960,卖盘
2467,09:54:58,25.0,--,3,7500,卖盘
2468,09:54:52,25.0,--,18,45000,买盘
2469,09:54:49,25.0,--,11,27500,买盘
2470,09:54:46,25.0,--,58,145000,买盘
2471,09:54:43,25.0,--,37,92500,买盘
2472,09:54:37,25.0,--,20,50000,买盘
2473,09:54:31,25.0,--,334,835000,买盘
2474,09:54:28,25.0,0.01,7,17500,买盘
2475,09:54:22,24.99,0.01,47,117452,买盘
2476,09:54:19,24.98,-0.01,18,44964,卖盘
2477,09:54:16,24.99,-0.01,28,69972,中性盘
2478,09:54:09,25.0,--,28,70000,买盘
2479,09:54:06,25.0,--,173,432500,买盘
2480,09:54:03,25.0,0.02,41,102500,买盘
2481,09:54:00,24.98,-0.02,22,54956,卖盘
2482,09:53:57,25.0,--,2,5000,买盘
2483,09:53:54,25.0,0.02,3,7500,买盘
2484,09:53:51,24.98,0.01,1,2498,中性盘
2485,09:53:48,24.97,--,47,117359,卖盘
2486,09:53:45,24.97,0.01,13,32461,卖盘
2487,09:53:42,24.96,-0.01,176,439296,卖盘
2488,09:53:39,24.97,-0.01,27,67419,卖盘
2489,09:53:36,24.98,0.01,11,27478,买盘
2490,09:53:33,24.97,-0.01,1,2497,卖盘
2491,09:53:30,24.98,0.02,46,114908,买盘
2492,09:53:27,24.96,--,24,59904,卖盘
2493,09:53:21,24.96,-0.01,7,17472,卖盘
2494,09:53:18,24.97,0.01,14,34958,买盘
2495,09:53:15,24.96,0.02,101,252096,买盘
2496,09:53:12,24.94,0.01,2,4988,中性盘
2497,09:53:09,24.93,-0.01,43,107199,卖盘
2498,09:53:06,24.94,-0.01,20,49880,卖盘
2499,09:53:03,24.95,0.02,73,182135,买盘
2500,09:53:00,24.93,-0.01,40,99720,卖盘
2501,09:52:57,24.94,0.02,40,99760,买盘
2502,09:52:54,24.92,--,31,77426,卖盘
2503,09:52:51,24.92,--,101,251692,卖盘
2504,09:52:48,24.92,--,36,89712,买盘
2505,09:52:45,24.92,--,38,94696,买盘
2506,09:52:42,24.92,--,75,186900,买盘
2507,09:52:39,24.92,--,5,12460,买盘
2508,09:52:36,24.92,--,32,79744,买盘
2509,09:52:33,24.92,0.01,101,251692,买盘
2510,09:52:30,24.91,--,79,196789,卖盘
2511,09:52:27,24.91,--,34,84694,卖盘
2512,09:52:24,24.91,--,71,176861,卖盘
2513,09:52:21,24.91,0.03,58,144478,卖盘
2514,09:52:18,24.88,-0.02,50,124400,卖盘
2515,09:52:12,24.9,--,205,510449,买盘
2516,09:52:09,24.9,--,39,97110,买盘
2517,09:52:06,24.9,--,117,291330,卖盘
2518,09:52:03,24.9,-0.04,53,131970,卖盘
2519,09:52:00,24.94,0.03,100,249400,买盘
2520,09:51:57,24.91,-0.03,96,239136,卖盘
2521,09:51:54,24.94,0.02,38,94772,买盘
2522,09:51:51,24.92,--,5,12460,卖盘
2523,09:51:48,24.92,-0.02,63,156996,卖盘
2524,09:51:45,24.94,-0.04,208,518752,卖盘
2525,09:51:42,24.98,-0.01,20,49960,卖盘
2526,09:51:39,24.99,0.01,11,27489,买盘
2527,09:51:36,24.98,-0.02,15,37470,卖盘
2528,09:51:33,25.0,0.01,81,202500,买盘
2529,09:51:27,24.99,-0.01,134,334866,卖盘
2530,09:51:21,25.0,--,103,257500,卖盘
2531,09:51:18,25.0,--,62,155000,卖盘
2532,09:51:15,25.0,--,135,337500,卖盘
2533,09:51:12,25.0,--,172,430000,卖盘
2534,09:51:09,25.0,-0.01,243,607500,卖盘
2535,09:51:03,25.01,--,31,77531,买盘
2536,09:51:00,25.01,-0.01,74,185074,中性盘
2537,09:50:57,25.02,--,351,878202,买盘
2538,09:50:54,25.02,--,5,12510,买盘
2539,09:50:51,25.02,--,331,828162,卖盘
2540,09:50:48,25.02,--,126,315252,卖盘
2541,09:50:45,25.02,-0.01,6,15012,卖盘
2542,09:50:42,25.03,0.01,24,60072,买盘
2543,09:50:39,25.02,--,105,262710,卖盘
2544,09:50:36,25.02,-0.03,48,120096,卖盘
2545,09:50:33,25.05,0.02,2119,5308095,买盘
2546,09:50:30,25.03,-0.02,25,62575,卖盘
2547,09:50:27,25.05,--,101,253005,卖盘
2548,09:50:24,25.05,--,216,541080,卖盘
2549,09:50:21,25.05,--,56,140280,卖盘
2550,09:50:18,25.05,-0.01,322,806610,卖盘
2551,09:50:15,25.06,--,31,77686,买盘
2552,09:50:12,25.06,0.01,51,127806,买盘
2553,09:50:09,25.05,-0.01,348,871740,卖盘
2554,09:50:06,25.06,--,27,67662,卖盘
2555,09:50:03,25.06,--,28,70168,卖盘
2556,09:50:00,25.06,--,120,300720,卖盘
2557,09:49:54,25.06,--,12,30072,卖盘
2558,09:49:51,25.06,-0.05,134,335804,卖盘
2559,09:49:48,25.11,--,2,5022,买盘
2560,09:49:45,25.11,0.01,7,17577,买盘
2561,09:49:42,25.1,-0.01,125,313750,卖盘
2562,09:49:36,25.11,--,15,37665,卖盘
2563,09:49:33,25.11,-0.01,15,37665,中性盘
2564,09:49:30,25.12,0.02,21,52752,买盘
2565,09:49:27,25.1,-0.01,13,32630,卖盘
2566,09:49:24,25.11,--,55,138105,卖盘
2567,09:49:18,25.11,0.01,40,100440,买盘
2568,09:49:15,25.1,--,59,148090,中性盘
2569,09:49:06,25.1,0.02,10,25100,买盘
2570,09:49:03,25.08,--,9,22572,卖盘
2571,09:49:00,25.08,--,60,150480,卖盘
2572,09:48:57,25.08,0.01,18,45144,买盘
2573,09:48:51,25.07,--,34,85238,卖盘
2574,09:48:45,25.07,--,1,2507,买盘
2575,09:48:42,25.07,0.01,4,10028,买盘
2576,09:48:39,25.06,--,6,15036,卖盘
2577,09:48:36,25.06,--,2,5012,卖盘
2578,09:48:33,25.06,--,45,112770,卖盘
2579,09:48:30,25.06,0.01,31,77686,买盘
2580,09:48:27,25.05,--,51,127755,卖盘
2581,09:48:21,25.05,0.03,224,561120,买盘
2582,09:48:18,25.02,--,17,42534,卖盘
2583,09:48:15,25.02,0.01,61,152622,卖盘
2584,09:48:12,25.01,--,3,7503,卖盘
2585,09:48:09,25.01,-0.01,181,452681,卖盘
2586,09:48:06,25.02,--,7,17514,买盘
2587,09:48:03,25.02,--,3,7506,买盘
2588,09:48:00,25.02,--,103,257706,卖盘
2589,09:47:57,25.02,-0.01,1,2502,卖盘
2590,09:47:54,25.03,--,65,162695,买盘
2591,09:47:51,25.03,--,25,62575,买盘
2592,09:47:48,25.03,--,4,10012,买盘
2593,09:47:45,25.03,--,65,162695,买盘
2594,09:47:39,25.03,-0.02,325,813475,卖盘
2595,09:47:36,25.05,--,66,165330,买盘
2596,09:47:33,25.05,0.02,6,15030,买盘
2597,09:47:30,25.03,--,146,365438,卖盘
2598,09:47:24,25.03,--,23,57569,卖盘
2599,09:47:21,25.03,--,95,237785,买盘
2600,09:47:18,25.03,--,12,30036,买盘
2601,09:47:15,25.03,0.01,7,17521,买盘
2602,09:47:12,25.02,-0.01,36,90072,卖盘
2603,09:47:09,25.03,-0.04,105,262815,卖盘
2604,09:47:06,25.07,0.02,43,107801,卖盘
2605,09:47:03,25.05,-0.01,107,268035,卖盘
2606,09:47:00,25.06,--,18,45108,买盘
2607,09:46:57,25.06,--,12,30072,买盘
2608,09:46:54,25.06,0.01,26,65156,中性盘
2609,09:46:51,25.05,-0.02,16,40080,卖盘
2610,09:46:48,25.07,-0.03,17,42619,卖盘
2611,09:46:45,25.1,0.03,16,40160,买盘
2612,09:46:42,25.07,0.02,25,62675,买盘
2613,09:46:39,25.05,--,10,25050,买盘
2614,09:46:36,25.05,-0.03,98,245490,卖盘
2615,09:46:30,25.08,0.03,19,47652,中性盘
2616,09:46:24,25.05,-0.03,105,263025,卖盘
2617,09:46:21,25.08,--,16,40128,买盘
2618,09:46:18,25.08,-0.01,46,115367,中性盘
2619,09:46:15,25.09,0.01,49,122941,买盘
2620,09:46:12,25.08,--,20,50160,卖盘
2621,09:46:09,25.08,--,46,115367,卖盘
2622,09:46:06,25.08,--,16,40128,卖盘
2623,09:46:03,25.08,--,4,10032,卖盘
2624,09:45:57,25.08,-0.01,48,120383,卖盘
2625,09:45:51,25.09,-0.02,88,220792,卖盘
2626,09:45:48,25.11,0.01,20,50220,买盘
2627,09:45:45,25.1,--,198,496980,卖盘
2628,09:45:42,25.1,--,232,582320,卖盘
2629,09:45:39,25.1,-0.01,80,200800,卖盘
2630,09:45:36,25.11,--,40,100440,买盘
2631,09:45:33,25.11,--,78,195858,买盘
2632,09:45:27,25.11,-0.01,16,42511,卖盘
2633,09:45:21,25.12,--,10,25120,卖盘
2634,09:45:18,25.12,0.01,8,20096,中性盘
2635,09:45:15,25.11,--,9,22599,卖盘
2636,09:45:12,25.11,--,6,15066,卖盘
2637,09:45:09,25.11,-0.03,127,318897,卖盘
2638,09:45:06,25.14,0.02,379,952806,买盘
2639,09:45:03,25.12,0.01,1,2512,买盘
2640,09:45:00,25.11,-0.01,106,266166,卖盘
2641,09:44:57,25.12,--,5,12560,买盘
2642,09:44:54,25.12,--,40,100480,买盘
2643,09:44:51,25.12,--,31,77872,卖盘
2644,09:44:48,25.12,-0.02,14,35168,卖盘
2645,09:44:45,25.14,0.02,15,37710,买盘
2646,09:44:42,25.12,-0.02,121,303952,卖盘
2647,09:44:36,25.14,0.02,13,32682,买盘
2648,09:44:30,25.12,0.01,10,25120,卖盘
2649,09:44:27,25.11,-0.02,50,125550,卖盘
2650,09:44:24,25.13,--,14,35357,买盘
2651,09:44:21,25.13,--,17,42721,买盘
2652,09:44:12,25.13,0.01,33,82929,买盘
2653,09:44:09,25.12,-0.01,88,221056,卖盘
2654,09:44:06,25.13,0.01,46,115598,买盘
2655,09:44:00,25.12,--,25,62800,卖盘
2656,09:43:57,25.12,-0.01,8,20096,卖盘
2657,09:43:54,25.13,-0.01,107,268891,卖盘
2658,09:43:48,25.14,--,12,30168,买盘
2659,09:43:42,25.14,--,18,45252,卖盘
2660,09:43:39,25.14,-0.03,20,50280,卖盘
2661,09:43:36,25.17,0.02,32,80544,买盘
2662,09:43:30,25.15,--,5,12575,买盘
2663,09:43:27,25.15,-0.02,250,628750,卖盘
2664,09:43:24,25.17,--,10,25170,卖盘
2665,09:43:21,25.17,-0.02,58,145986,卖盘
2666,09:43:18,25.19,--,283,712877,卖盘
2667,09:43:15,25.19,0.01,53,133507,买盘
2668,09:43:09,25.18,--,50,125900,买盘
2669,09:43:03,25.18,--,4,10072,买盘
2670,09:42:57,25.18,-0.01,30,75540,卖盘
2671,09:42:51,25.19,--,1,2519,买盘
2672,09:42:48,25.19,--,9,22671,卖盘
2673,09:42:45,25.19,-0.01,18,45342,卖盘
2674,09:42:42,25.2,--,14,35280,买盘
2675,09:42:39,25.2,--,23,57960,买盘
2676,09:42:36,25.2,--,11,27720,买盘
2677,09:42:33,25.2,--,10,25200,买盘
2678,09:42:30,25.2,-0.01,81,204120,卖盘
2679,09:42:27,25.21,--,24,60504,买盘
2680,09:42:24,25.21,--,4,10084,买盘
2681,09:42:21,25.21,0.01,7,17647,买盘
2682,09:42:15,25.2,--,91,229320,卖盘
2683,09:42:06,25.2,--,20,50400,卖盘
2684,09:42:03,25.2,--,100,252000,卖盘
2685,09:42:00,25.2,-0.02,23,57960,卖盘
2686,09:41:54,25.22,--,4,10088,买盘
2687,09:41:51,25.22,0.02,6,15132,中性盘
2688,09:41:45,25.2,-0.02,104,262080,卖盘
2689,09:41:42,25.22,--,5,12610,卖盘
2690,09:41:36,25.22,0.01,70,176540,中性盘
2691,09:41:33,25.21,-0.02,8,20168,卖盘
2692,09:41:30,25.23,0.01,25,63075,买盘
2693,09:41:27,25.22,0.01,38,95836,卖盘
2694,09:41:24,25.21,--,8,20168,卖盘
2695,09:41:21,25.21,0.01,120,302520,卖盘
2696,09:41:15,25.2,-0.03,54,136080,卖盘
2697,09:41:09,25.23,--,11,27753,买盘
2698,09:41:06,25.23,0.02,77,194271,买盘
2699,09:41:03,25.21,--,2,5042,买盘
2700,09:41:00,25.21,-0.02,21,52941,中性盘
2701,09:40:57,25.23,0.03,5,12615,买盘
2702,09:40:54,25.2,-0.03,66,166320,卖盘
2703,09:40:51,25.23,--,24,60552,买盘
2704,09:40:45,25.23,--,20,50460,买盘
2705,09:40:42,25.23,0.03,14,35322,买盘
2706,09:40:39,25.2,-0.03,47,118440,卖盘
2707,09:40:36,25.23,--,10,25230,买盘
2708,09:40:33,25.23,--,210,529830,卖盘
2709,09:40:30,25.23,--,18,45414,买盘
2710,09:40:27,25.23,-0.01,6,15138,卖盘
2711,09:40:24,25.24,--,15,37860,卖盘
2712,09:40:21,25.24,--,37,93388,买盘
2713,09:40:15,25.24,--,9,22716,买盘
2714,09:40:12,25.24,0.01,10,25240,买盘
2715,09:40:09,25.23,--,9,22707,卖盘
2716,09:40:03,25.23,0.01,2,5046,中性盘
2717,09:40:00,25.22,-0.03,8,20176,卖盘
2718,09:39:57,25.25,--,5,12625,买盘
2719,09:39:54,25.25,0.02,41,103525,买盘
2720,09:39:51,25.23,-0.02,75,189225,中性盘
2721,09:39:48,25.25,--,2,5050,买盘
2722,09:39:45,25.25,0.05,1,2525,买盘
2723,09:39:39,25.2,-0.02,99,249480,卖盘
2724,09:39:33,25.22,-0.03,8,20176,中性盘
2725,09:39:27,25.25,--,295,744875,买盘
2726,09:39:24,25.25,--,13,32825,买盘
2727,09:39:21,25.25,--,40,101000,卖盘
2728,09:39:12,25.25,--,29,73225,买盘
2729,09:39:06,25.25,--,2,5050,买盘
2730,09:39:00,25.25,0.01,11,27775,买盘
2731,09:38:54,25.24,--,31,78244,买盘
2732,09:38:51,25.24,0.01,12,30287,买盘
2733,09:38:48,25.23,0.01,23,58029,买盘
2734,09:38:42,25.22,0.01,15,37830,买盘
2735,09:38:39,25.21,-0.03,25,63025,卖盘
2736,09:38:36,25.24,0.02,8,20192,买盘
2737,09:38:30,25.22,-0.01,8,20176,卖盘
2738,09:38:27,25.23,0.01,25,63075,买盘
2739,09:38:24,25.22,--,4,10088,买盘
2740,09:38:18,25.22,0.02,3,7566,买盘
2741,09:38:15,25.2,-0.01,62,156240,卖盘
2742,09:38:12,25.21,0.01,5,12605,买盘
2743,09:38:09,25.2,0.01,6,15120,买盘
2744,09:38:06,25.19,--,10,25190,卖盘
2745,09:38:00,25.19,0.01,5,12595,买盘
2746,09:37:54,25.18,--,3,7554,卖盘
2747,09:37:48,25.18,0.01,8,20144,买盘
2748,09:37:45,25.17,--,5,12585,卖盘
2749,09:37:39,25.17,0.01,10,25170,买盘
2750,09:37:36,25.16,--,32,80512,卖盘
2751,09:37:33,25.16,0.01,4,10064,买盘
2752,09:37:30,25.15,-0.01,12,30180,卖盘
2753,09:37:27,25.16,0.01,5,12580,买盘
2754,09:37:15,25.15,0.01,46,115690,买盘
2755,09:37:12,25.14,-0.01,2,5028,卖盘
2756,09:37:09,25.15,0.02,47,118205,买盘
2757,09:37:06,25.13,-0.02,18,45234,卖盘
2758,09:37:03,25.15,0.01,16,40240,买盘
2759,09:37:00,25.14,-0.01,18,45252,卖盘
2760,09:36:57,25.15,0.01,30,75450,买盘
2761,09:36:54,25.14,-0.01,49,123186,卖盘
2762,09:36:51,25.15,--,10,25150,买盘
2763,09:36:48,25.15,--,47,118205,买盘
2764,09:36:45,25.15,--,17,42755,买盘
2765,09:36:42,25.15,--,13,32694,买盘
2766,09:36:39,25.15,-0.02,40,100600,卖盘
2767,09:36:36,25.17,0.03,2,5034,买盘
2768,09:36:30,25.14,-0.03,4,10056,卖盘
2769,09:36:27,25.17,0.05,83,208911,买盘
2770,09:36:21,25.12,-0.06,65,163280,卖盘
2771,09:36:15,25.18,0.02,10,25180,买盘
2772,09:36:12,25.16,--,2,5032,买盘
2773,09:36:09,25.16,0.03,4,10064,中性盘
2774,09:36:06,25.13,-0.02,16,40208,卖盘
2775,09:36:03,25.15,--,1,2515,卖盘
2776,09:36:00,25.15,-0.01,22,55330,卖盘
2777,09:35:57,25.16,0.04,69,174736,买盘
2778,09:35:54,25.12,-0.03,200,502400,卖盘
2779,09:35:51,25.15,--,16,40240,卖盘
2780,09:35:48,25.15,0.02,53,133295,买盘
2781,09:35:45,25.13,--,18,45234,卖盘
2782,09:35:42,25.13,-0.02,50,125650,卖盘
2783,09:35:39,25.15,--,33,82995,买盘
2784,09:35:36,25.15,--,6,15090,买盘
2785,09:35:30,25.15,--,17,42755,买盘
2786,09:35:27,25.15,--,20,50300,买盘
2787,09:35:24,25.15,0.02,5,12575,买盘
2788,09:35:21,25.13,-0.02,62,155806,卖盘
2789,09:35:15,25.15,--,12,30180,买盘
2790,09:35:12,25.15,0.02,10,25150,买盘
2791,09:35:06,25.13,--,15,37695,卖盘
2792,09:35:03,25.13,-0.02,67,168371,卖盘
2793,09:34:56,25.15,0.02,14,35210,买盘
2794,09:34:53,25.13,--,3,7539,卖盘
2795,09:34:50,25.13,--,44,110572,卖盘
2796,09:34:47,25.13,-0.03,20,50260,卖盘
2797,09:34:44,25.16,0.03,41,103156,买盘
2798,09:34:41,25.13,--,3,7539,卖盘
2799,09:34:38,25.13,--,4,10052,卖盘
2800,09:34:35,25.13,--,11,27643,买盘
2801,09:34:32,25.13,0.01,4,10052,买盘
2802,09:34:29,25.12,-0.01,2,5024,卖盘
2803,09:34:26,25.13,-0.01,4,10052,买盘
2804,09:34:23,25.14,-0.02,11,27654,中性盘
2805,09:34:20,25.16,--,48,120768,买盘
2806,09:34:17,25.16,--,5,12580,买盘
2807,09:34:14,25.16,0.03,14,35224,买盘
2808,09:34:11,25.13,-0.05,176,443670,卖盘
2809,09:34:08,25.18,0.02,7,17626,买盘
2810,09:34:05,25.16,-0.02,13,32708,卖盘
2811,09:34:02,25.18,0.02,4,10072,买盘
2812,09:33:56,25.16,-0.02,50,125800,卖盘
2813,09:33:53,25.18,0.02,17,42806,买盘
2814,09:33:50,25.16,-0.02,30,75480,卖盘
2815,09:33:44,25.18,0.02,2,5036,买盘
2816,09:33:41,25.16,--,26,65416,卖盘
2817,09:33:38,25.16,0.01,411,1035208,买盘
2818,09:33:35,25.15,-0.01,36,90540,卖盘
2819,09:33:32,25.16,--,42,105672,买盘
2820,09:33:29,25.16,--,41,103156,买盘
2821,09:33:26,25.16,0.01,29,72964,买盘
