,time,price,change,volume,amount,type
0,15:00:28,5.14,--,5877,3020778,卖盘
1,14:57:49,5.14,--,0,0,买盘
2,14:57:04,5.14,-0.01,70,35980,卖盘
3,14:57:01,5.15,--,5,2575,买盘
4,14:56:58,5.15,0.01,333,171495,买盘
5,14:56:55,5.14,0.01,10,5140,买盘
6,14:56:52,5.13,--,87,44631,卖盘
7,14:56:43,5.13,--,25,12825,卖盘
8,14:56:37,5.13,-0.01,12,6156,卖盘
9,14:56:34,5.14,0.01,1125,578250,买盘
10,14:56:31,5.13,0.01,660,338580,买盘
11,14:56:22,5.12,--,1,512,卖盘
12,14:56:19,5.12,--,837,428544,买盘
13,14:56:10,5.12,--,50,25600,买盘
14,14:56:07,5.12,--,55,28160,买盘
15,14:56:04,5.12,--,1030,527360,买盘
16,14:55:58,5.12,--,52,26624,买盘
17,14:55:55,5.12,--,18,9216,买盘
18,14:55:52,5.12,0.01,145,74240,买盘
19,14:55:46,5.11,-0.01,48,24528,卖盘
20,14:55:43,5.12,--,50,25600,买盘
21,14:55:34,5.12,--,7,3584,买盘
22,14:55:31,5.12,--,6,3072,买盘
23,14:55:22,5.12,--,51,26112,买盘
24,14:55:16,5.12,0.01,30,15360,买盘
25,14:55:13,5.11,-0.01,59,30149,卖盘
26,14:55:10,5.12,0.01,16,8192,买盘
27,14:55:07,5.11,-0.01,155,79205,卖盘
28,14:55:04,5.12,0.01,40,20480,买盘
29,14:54:55,5.11,-0.01,15,7665,卖盘
30,14:54:52,5.12,--,30,15360,买盘
31,14:54:43,5.12,0.01,20,10240,买盘
32,14:54:40,5.11,--,5,2555,卖盘
33,14:54:37,5.11,-0.01,190,97090,卖盘
34,14:54:28,5.12,0.01,20,10240,买盘
35,14:54:25,5.11,--,220,112420,卖盘
36,14:54:19,5.11,--,15,7665,卖盘
37,14:54:13,5.11,--,32,16352,卖盘
38,14:54:10,5.11,--,62,31682,卖盘
39,14:54:04,5.11,--,21,10731,卖盘
40,14:53:40,5.11,-0.01,50,25550,卖盘
41,14:53:37,5.12,0.01,200,102400,买盘
42,14:53:34,5.11,--,10,5110,卖盘
43,14:53:16,5.11,-0.01,1,511,卖盘
44,14:53:07,5.12,--,20,10240,买盘
45,14:52:55,5.12,0.01,10,5120,买盘
46,14:52:52,5.11,--,9,4599,卖盘
47,14:52:49,5.11,--,101,51611,买盘
48,14:52:43,5.11,-0.01,123,62853,卖盘
49,14:52:40,5.12,--,10,5120,买盘
50,14:52:37,5.12,0.01,8,4096,买盘
51,14:52:34,5.11,--,32,16352,卖盘
52,14:52:22,5.11,-0.01,50,25550,卖盘
53,14:52:19,5.12,--,15,7680,买盘
54,14:52:16,5.12,--,30,15360,买盘
55,14:52:07,5.12,0.01,100,51200,买盘
56,14:52:01,5.11,0.01,337,172207,买盘
57,14:51:52,5.1,--,319,162690,卖盘
58,14:51:46,5.1,-0.01,37,18870,卖盘
59,14:51:43,5.11,0.01,4,2044,买盘
60,14:51:34,5.1,--,3,1530,卖盘
61,14:51:25,5.1,--,150,76500,卖盘
62,14:51:22,5.1,--,10,5100,卖盘
63,14:51:04,5.1,--,10,5100,卖盘
64,14:51:01,5.1,-0.01,31,15809,卖盘
65,14:50:58,5.11,--,445,227395,买盘
66,14:50:52,5.11,--,2,1022,买盘
67,14:50:49,5.11,0.01,132,67452,买盘
68,14:50:43,5.1,--,10,5100,卖盘
69,14:50:37,5.1,--,13,6629,卖盘
70,14:50:25,5.1,0.01,166,84660,买盘
71,14:50:16,5.09,-0.01,50,25450,卖盘
72,14:50:13,5.1,0.01,1,509,买盘
73,14:50:01,5.09,--,201,102309,卖盘
74,14:49:49,5.09,--,10,5090,卖盘
75,14:49:40,5.09,--,20,10180,卖盘
76,14:49:31,5.09,--,29,14761,买盘
77,14:49:28,5.09,--,2,1018,买盘
78,14:49:13,5.09,--,451,229559,卖盘
79,14:49:07,5.09,--,2,1018,卖盘
80,14:48:58,5.09,-0.01,10,5090,卖盘
81,14:48:40,5.1,0.01,200,102000,买盘
82,14:48:34,5.09,--,60,30540,卖盘
83,14:48:31,5.09,--,80,40720,买盘
84,14:48:16,5.09,0.01,16,8144,买盘
85,14:47:58,5.08,-0.01,1,508,卖盘
86,14:47:52,5.09,--,37,18833,买盘
87,14:47:49,5.09,--,415,211235,卖盘
88,14:47:46,5.09,-0.01,6,3054,卖盘
89,14:47:31,5.1,-0.01,4,2039,中性盘
90,14:47:13,5.11,0.01,319,163009,买盘
91,14:47:10,5.1,--,48,24480,卖盘
92,14:47:01,5.1,--,5,2550,卖盘
93,14:46:58,5.1,--,15,7649,卖盘
94,14:46:55,5.1,-0.01,13,6629,卖盘
95,14:46:52,5.11,0.01,7,3577,买盘
96,14:46:40,5.1,--,51,26010,卖盘
97,14:46:22,5.1,-0.01,10,5100,卖盘
98,14:46:16,5.11,0.01,27,13797,买盘
99,14:46:04,5.1,-0.01,53,27029,卖盘
100,14:45:49,5.11,--,119,60809,买盘
101,14:45:43,5.11,--,158,80738,卖盘
102,14:45:40,5.11,-0.01,10,5110,卖盘
103,14:45:19,5.12,0.02,140,71680,买盘
104,14:45:10,5.1,-0.01,325,165750,卖盘
105,14:45:07,5.11,0.01,658,336238,买盘
106,14:44:52,5.1,--,13,6629,卖盘
107,14:44:49,5.1,--,15,7649,卖盘
108,14:44:40,5.1,-0.01,10,5100,卖盘
109,14:44:28,5.11,0.01,211,107821,买盘
110,14:44:25,5.1,--,310,158100,卖盘
111,14:44:19,5.1,--,27,13769,卖盘
112,14:44:16,5.1,-0.01,5,2550,卖盘
113,14:44:07,5.11,0.01,8,4088,买盘
114,14:43:58,5.1,--,400,204000,卖盘
115,14:43:46,5.1,--,57,29069,卖盘
116,14:43:43,5.1,--,228,116279,卖盘
117,14:43:37,5.1,--,763,389130,买盘
118,14:43:31,5.1,0.01,374,190740,买盘
119,14:43:25,5.09,--,5,2545,卖盘
120,14:43:22,5.09,--,30,15270,卖盘
121,14:43:13,5.09,-0.01,101,51882,卖盘
122,14:43:10,5.1,0.01,123,62729,买盘
123,14:42:58,5.09,--,11,5599,卖盘
124,14:42:55,5.09,0.01,942,479478,买盘
125,14:42:46,5.08,--,15,7620,卖盘
126,14:42:25,5.08,--,30,15240,卖盘
127,14:42:22,5.08,--,1,508,卖盘
128,14:42:18,5.08,0.01,1839,934212,买盘
129,14:42:12,5.07,-0.01,2,1014,卖盘
130,14:42:03,5.08,--,1,508,买盘
131,14:41:57,5.08,--,472,239776,卖盘
132,14:41:51,5.08,-0.01,6,3048,卖盘
133,14:41:48,5.09,0.01,26,13234,买盘
134,14:41:39,5.08,--,10,5080,买盘
135,14:41:33,5.08,-0.01,30,15240,中性盘
136,14:41:30,5.09,0.01,103,52427,买盘
137,14:41:27,5.08,-0.01,177,89916,卖盘
138,14:41:18,5.09,--,5,2545,买盘
139,14:41:09,5.09,--,20,10180,买盘
140,14:41:00,5.09,--,33,16797,买盘
141,14:40:57,5.09,--,27,13743,卖盘
142,14:40:45,5.09,--,1,509,中性盘
143,14:40:39,5.09,-0.01,10,5090,中性盘
144,14:40:33,5.1,--,20,10200,买盘
145,14:40:18,5.1,0.01,800,408000,买盘
146,14:40:15,5.09,--,1,509,买盘
147,14:40:09,5.09,--,2,1018,买盘
148,14:40:00,5.09,--,100,50900,买盘
149,14:39:54,5.09,-0.01,60,30540,中性盘
150,14:39:42,5.1,0.01,71,36210,买盘
151,14:39:39,5.09,0.01,30,15270,买盘
152,14:39:27,5.08,-0.01,9,4572,卖盘
153,14:39:21,5.09,--,100,50900,买盘
154,14:38:48,5.09,--,3,1527,买盘
155,14:38:45,5.09,--,15,7635,买盘
156,14:38:36,5.09,0.01,5,2545,买盘
157,14:38:33,5.08,-0.01,10,5080,卖盘
158,14:38:27,5.09,0.01,650,330850,买盘
159,14:38:18,5.08,0.01,258,131064,买盘
160,14:37:57,5.07,-0.01,11,5577,卖盘
161,14:37:30,5.08,-0.01,120,60960,卖盘
162,14:37:21,5.09,0.01,8,4072,买盘
163,14:37:15,5.08,-0.01,240,121920,卖盘
164,14:37:09,5.09,0.01,10,5090,买盘
165,14:36:54,5.08,--,500,254000,卖盘
166,14:36:33,5.08,--,20,10160,卖盘
167,14:36:12,5.08,--,678,344424,买盘
168,14:36:03,5.08,--,75,38100,买盘
169,14:35:48,5.08,--,10,5080,买盘
170,14:35:42,5.08,--,3,1524,买盘
171,14:35:39,5.08,0.01,241,122428,买盘
172,14:35:30,5.07,--,3,1521,卖盘
173,14:35:27,5.07,--,79,40053,卖盘
174,14:35:12,5.07,--,13,6591,买盘
175,14:35:09,5.07,0.01,111,56277,买盘
176,14:34:48,5.06,-0.01,10,5060,卖盘
177,14:34:45,5.07,--,16,8112,买盘
178,14:34:36,5.07,--,29,14703,买盘
179,14:34:30,5.07,--,40,20280,买盘
180,14:34:24,5.07,--,5,2535,买盘
181,14:34:12,5.07,0.01,116,58812,买盘
182,14:34:00,5.06,-0.01,5,2530,卖盘
183,14:33:57,5.07,0.01,103,52221,买盘
184,14:33:54,5.06,--,2,1011,卖盘
185,14:33:27,5.06,--,46,23276,卖盘
186,14:33:09,5.06,-0.01,20,10120,卖盘
187,14:33:06,5.07,0.01,5,2535,买盘
188,14:33:00,5.06,--,5,2530,卖盘
189,14:32:57,5.06,--,9,4554,卖盘
190,14:32:48,5.06,--,4,2023,卖盘
191,14:32:45,5.06,--,4,2023,卖盘
192,14:32:36,5.06,--,409,206953,买盘
193,14:32:27,5.06,--,1,505,买盘
194,14:32:18,5.06,--,225,113849,卖盘
195,14:32:03,5.06,-0.01,11,5566,卖盘
196,14:32:00,5.07,--,10,5070,买盘
197,14:31:51,5.07,--,10,5070,买盘
198,14:31:48,5.07,--,1,507,买盘
199,14:31:45,5.07,--,108,54756,卖盘
200,14:31:39,5.07,--,112,56784,买盘
201,14:31:36,5.07,0.01,10,5070,买盘
202,14:31:30,5.06,-0.01,20,10120,卖盘
203,14:31:21,5.07,0.01,202,102414,买盘
204,14:31:18,5.06,--,40,20240,卖盘
205,14:31:12,5.06,-0.01,49,24793,卖盘
206,14:31:03,5.07,--,40,20280,买盘
207,14:31:00,5.07,0.01,40,20280,买盘
208,14:30:54,5.06,--,116,58695,买盘
209,14:30:48,5.06,--,32,16191,买盘
210,14:30:30,5.06,0.01,114,57683,买盘
211,14:30:09,5.05,--,10,5050,卖盘
212,14:29:51,5.05,--,6,3030,卖盘
213,14:29:36,5.05,--,53,26765,买盘
214,14:29:27,5.05,0.01,50,25250,买盘
215,14:29:24,5.04,-0.01,1,504,卖盘
216,14:29:15,5.05,--,60,30300,买盘
217,14:29:09,5.05,0.01,3,1515,买盘
218,14:29:03,5.04,-0.01,11,5544,卖盘
219,14:28:51,5.05,0.01,1,505,买盘
220,14:28:48,5.04,-0.01,50,25200,卖盘
221,14:28:39,5.05,--,6,3030,买盘
222,14:28:33,5.05,--,8,4040,买盘
223,14:28:06,5.05,0.01,18,9090,买盘
224,14:27:57,5.04,--,1,504,卖盘
225,14:27:54,5.04,--,20,10080,卖盘
226,14:27:42,5.04,--,10,5040,买盘
227,14:27:36,5.04,--,50,25200,买盘
228,14:27:30,5.04,--,20,10080,买盘
229,14:27:12,5.04,--,41,20664,卖盘
230,14:27:00,5.04,-0.01,135,68040,卖盘
231,14:26:57,5.05,0.01,30,15150,买盘
232,14:26:45,5.04,--,100,50400,卖盘
233,14:26:33,5.04,-0.01,1,504,卖盘
234,14:26:30,5.05,--,19,9595,买盘
235,14:26:21,5.05,-0.01,322,162610,卖盘
236,14:26:18,5.06,--,66,33396,买盘
237,14:26:15,5.06,--,21,10626,买盘
238,14:25:54,5.06,0.02,60,30359,买盘
239,14:25:36,5.04,--,47,23688,卖盘
240,14:25:30,5.04,--,41,20664,买盘
241,14:25:27,5.04,0.01,27,13608,买盘
242,14:25:18,5.03,--,420,211260,卖盘
243,14:25:15,5.03,--,2,1006,卖盘
244,14:25:03,5.03,--,81,40743,买盘
245,14:24:57,5.03,--,242,121726,买盘
246,14:24:51,5.03,--,7,3521,买盘
247,14:24:48,5.03,--,10,5030,买盘
248,14:24:42,5.03,0.01,1381,694643,买盘
249,14:24:39,5.02,-0.01,6,3011,卖盘
250,14:24:30,5.03,--,206,103618,买盘
251,14:24:27,5.03,--,24,12072,买盘
252,14:24:24,5.03,0.01,85,42755,买盘
253,14:24:15,5.02,-0.01,2,1003,卖盘
254,14:24:12,5.03,0.01,121,60863,买盘
255,14:24:09,5.02,--,19,9538,卖盘
256,14:24:06,5.02,--,200,100399,卖盘
257,14:23:56,5.02,--,2,1003,卖盘
258,14:23:44,5.02,--,1,501,卖盘
259,14:23:41,5.02,--,20,10040,卖盘
260,14:23:35,5.02,--,168,84336,卖盘
261,14:23:32,5.02,-0.01,1,501,卖盘
262,14:23:26,5.03,--,35,17605,买盘
263,14:23:17,5.03,--,461,231883,卖盘
264,14:22:56,5.03,--,30,15090,卖盘
265,14:22:53,5.03,--,10,5030,卖盘
266,14:22:41,5.03,--,10,5030,卖盘
267,14:22:35,5.03,--,182,91546,卖盘
268,14:22:08,5.03,-0.01,5,2515,卖盘
269,14:22:05,5.04,0.01,2,1008,买盘
270,14:21:56,5.03,--,191,96073,卖盘
271,14:21:53,5.03,--,8,4024,卖盘
272,14:21:50,5.03,--,50,25150,卖盘
273,14:21:38,5.03,-0.01,5,2515,卖盘
274,14:21:35,5.04,0.01,69,34776,买盘
275,14:21:20,5.03,--,5,2515,卖盘
276,14:20:59,5.03,--,52,26156,卖盘
277,14:20:29,5.03,-0.03,504,253512,卖盘
278,14:20:26,5.06,0.02,179,90574,买盘
279,14:20:17,5.04,-0.01,883,445032,卖盘
280,14:20:14,5.05,--,46,23230,卖盘
281,14:20:11,5.05,-0.01,6,3030,卖盘
282,14:19:59,5.06,--,20,10120,买盘
283,14:19:56,5.06,--,24,12143,卖盘
284,14:19:53,5.06,0.02,7,3541,中性盘
285,14:19:17,5.04,-0.02,1000,504000,卖盘
286,14:19:08,5.06,0.01,6,3035,买盘
287,14:19:02,5.05,-0.01,30,15150,卖盘
288,14:18:44,5.06,-0.01,24,12143,卖盘
289,14:18:41,5.07,0.01,5,2535,买盘
290,14:18:35,5.06,--,200,101199,卖盘
291,14:18:26,5.06,-0.01,5,2530,卖盘
292,14:18:02,5.07,--,1,507,买盘
293,14:17:59,5.07,0.01,403,204321,买盘
294,14:17:38,5.06,--,30,15179,卖盘
295,14:17:32,5.06,0.02,46,23276,中性盘
296,14:16:20,5.04,-0.01,926,466704,卖盘
297,14:16:11,5.05,--,3,1515,卖盘
298,14:15:56,5.05,--,194,97970,买盘
299,14:15:53,5.05,--,57,28785,买盘
300,14:15:47,5.05,--,200,101000,买盘
301,14:15:44,5.05,--,80,40400,买盘
302,14:15:38,5.05,--,1,505,买盘
303,14:15:32,5.05,-0.02,394,198970,卖盘
304,14:15:11,5.07,--,27,13689,买盘
305,14:14:59,5.07,0.02,27,13689,买盘
306,14:14:56,5.05,-0.01,796,401980,卖盘
307,14:14:53,5.06,--,101,51105,卖盘
308,14:14:38,5.06,--,3,1517,卖盘
309,14:14:35,5.06,--,200,101199,卖盘
310,14:14:32,5.06,--,10,5060,卖盘
311,14:14:08,5.06,-0.01,6,3035,卖盘
312,14:14:05,5.07,--,2,1014,买盘
313,14:13:26,5.07,--,8,4056,卖盘
314,14:13:17,5.07,--,13,6591,卖盘
315,14:12:53,5.07,--,19,9633,买盘
316,14:12:41,5.07,--,16,8112,卖盘
317,14:12:26,5.07,-0.01,200,101400,卖盘
318,14:12:23,5.08,0.01,55,27940,买盘
319,14:11:14,5.07,-0.01,24,12168,卖盘
320,14:10:56,5.08,--,30,15240,买盘
321,14:10:35,5.08,-0.01,216,109728,卖盘
322,14:10:20,5.09,--,55,27995,买盘
323,14:10:08,5.09,0.01,40,20360,买盘
324,14:10:05,5.08,--,1,508,卖盘
325,14:09:56,5.08,--,67,34036,买盘
326,14:09:50,5.08,0.01,54,27432,买盘
327,14:09:11,5.07,-0.01,30,15210,卖盘
328,14:09:02,5.08,0.01,36,18288,买盘
329,14:08:53,5.07,-0.01,4,2028,卖盘
330,14:08:50,5.08,--,55,27940,买盘
331,14:08:47,5.08,0.02,1,508,买盘
332,14:08:44,5.06,-0.01,1816,918895,卖盘
333,14:08:41,5.07,-0.01,15,7605,卖盘
334,14:08:23,5.08,--,790,401320,买盘
335,14:08:20,5.08,0.01,55,27940,买盘
336,14:08:17,5.07,--,4,2028,卖盘
337,14:07:59,5.07,--,12,6084,买盘
338,14:07:41,5.07,--,3,1521,卖盘
339,14:07:29,5.07,--,338,171366,卖盘
340,14:07:26,5.07,--,100,50700,卖盘
341,14:07:17,5.07,--,101,51207,卖盘
342,14:07:14,5.07,--,40,20280,卖盘
343,14:07:08,5.07,--,300,152100,卖盘
344,14:07:05,5.07,--,130,65910,买盘
345,14:07:02,5.07,0.01,12,6084,买盘
346,14:06:53,5.06,-0.01,20,10120,卖盘
347,14:06:47,5.07,--,394,199758,卖盘
348,14:06:44,5.07,--,45,22815,卖盘
349,14:06:41,5.07,--,17,8619,卖盘
350,14:06:35,5.07,-0.01,15,7605,卖盘
351,14:06:32,5.08,--,5,2540,买盘
352,14:06:17,5.08,--,38,19304,卖盘
353,14:06:11,5.08,--,18,9144,卖盘
354,14:06:05,5.08,--,20,10160,卖盘
355,14:06:02,5.08,--,120,60960,卖盘
356,14:05:53,5.08,--,103,52324,卖盘
357,14:05:10,5.08,--,10,5080,卖盘
358,14:05:01,5.08,--,303,153924,卖盘
359,14:04:25,5.08,-0.02,6,3048,卖盘
360,14:04:04,5.1,--,6,3060,买盘
361,14:03:52,5.1,0.01,58,29579,买盘
362,14:03:34,5.09,0.01,1,509,中性盘
363,14:03:04,5.08,--,10,5080,卖盘
364,14:02:43,5.08,-0.02,20,10160,卖盘
365,14:02:28,5.1,--,50,25500,卖盘
366,14:02:25,5.1,--,38,19380,卖盘
367,14:02:13,5.1,0.04,416,212159,买盘
368,14:02:01,5.06,-0.02,2075,1049950,卖盘
369,14:01:55,5.08,--,10,5080,卖盘
370,14:01:49,5.08,--,50,25400,卖盘
371,14:01:40,5.08,--,50,25400,卖盘
372,14:01:31,5.08,-0.01,9,4572,卖盘
373,14:01:10,5.09,0.01,100,50900,买盘
374,14:01:04,5.08,-0.01,20,10160,卖盘
375,14:00:55,5.09,--,19,9671,卖盘
376,14:00:49,5.09,-0.01,21,10689,卖盘
377,14:00:43,5.1,0.01,1,509,买盘
378,14:00:37,5.09,--,100,50900,卖盘
379,14:00:22,5.09,--,20,10180,卖盘
380,14:00:07,5.09,-0.02,100,50900,卖盘
381,13:59:58,5.11,--,2103,1074633,卖盘
382,13:59:55,5.11,--,74,37814,卖盘
383,13:59:46,5.11,--,255,130305,卖盘
384,13:59:37,5.11,--,105,53655,卖盘
385,13:59:22,5.11,--,3,1533,卖盘
386,13:59:13,5.11,--,50,25550,卖盘
387,13:59:04,5.11,--,6,3066,卖盘
388,13:58:58,5.11,--,62,31682,卖盘
389,13:58:37,5.11,0.01,792,404712,买盘
390,13:58:28,5.1,--,10,5100,卖盘
391,13:58:04,5.1,-0.01,6,3060,卖盘
392,13:57:10,5.11,--,1,511,买盘
393,13:56:49,5.11,0.01,13,6643,买盘
394,13:56:16,5.1,--,20,10200,卖盘
395,13:56:10,5.1,--,7,3569,卖盘
396,13:56:04,5.1,--,4,2039,卖盘
397,13:56:01,5.1,--,1,509,卖盘
398,13:55:49,5.1,--,5,2550,卖盘
399,13:55:46,5.1,--,2,1019,卖盘
400,13:55:37,5.1,--,20,10200,卖盘
401,13:55:28,5.1,--,510,260099,卖盘
402,13:55:22,5.1,--,6,3060,卖盘
403,13:55:19,5.1,--,27,13769,卖盘
404,13:55:07,5.1,--,16,8159,卖盘
405,13:55:01,5.1,-0.01,5,2550,卖盘
406,13:54:34,5.11,--,5,2555,买盘
407,13:54:31,5.11,--,1,511,卖盘
408,13:54:04,5.11,-0.01,6,3066,卖盘
409,13:53:49,5.12,--,13,6656,卖盘
410,13:53:43,5.12,--,8,4096,卖盘
411,13:53:10,5.12,--,10,5120,卖盘
412,13:53:07,5.12,--,15,7680,卖盘
413,13:53:04,5.12,--,1158,592896,买盘
414,13:52:55,5.12,0.01,1000,512000,买盘
415,13:52:37,5.11,--,164,83804,卖盘
416,13:52:31,5.11,--,8,4088,卖盘
417,13:52:28,5.11,--,31,15841,卖盘
418,13:52:10,5.11,--,300,153300,卖盘
419,13:52:04,5.11,--,20,10220,卖盘
420,13:51:55,5.11,--,300,153300,卖盘
421,13:51:49,5.11,--,50,25550,卖盘
422,13:51:46,5.11,--,3,1533,卖盘
423,13:51:25,5.11,-0.01,1,511,卖盘
424,13:51:04,5.12,0.01,25,12800,买盘
425,13:50:58,5.11,-0.01,9,4599,卖盘
426,13:50:52,5.12,--,19,9728,买盘
427,13:50:40,5.12,--,121,61952,买盘
428,13:50:37,5.12,--,1171,599552,买盘
429,13:50:25,5.12,0.01,1193,610816,买盘
430,13:50:16,5.11,-0.01,65,33215,卖盘
431,13:49:58,5.12,-0.01,28,14336,卖盘
432,13:49:49,5.13,0.01,10,5130,买盘
433,13:49:46,5.12,--,5,2560,卖盘
434,13:49:40,5.12,--,117,59904,买盘
435,13:49:31,5.12,--,1,512,买盘
436,13:49:28,5.12,--,16,8192,买盘
437,13:49:22,5.12,0.01,120,61440,买盘
438,13:49:10,5.11,0.01,36,18396,买盘
439,13:48:43,5.1,--,1,509,卖盘
440,13:48:25,5.1,-0.01,15,7649,卖盘
441,13:48:19,5.11,0.01,166,84826,买盘
442,13:48:13,5.1,-0.01,5,2550,卖盘
443,13:48:01,5.11,--,256,130816,卖盘
444,13:47:55,5.11,-0.01,19,9709,卖盘
445,13:47:34,5.12,--,290,148480,卖盘
446,13:47:13,5.12,0.01,177,90624,买盘
447,13:47:10,5.11,-0.01,10,5110,卖盘
448,13:46:31,5.12,--,352,180224,卖盘
449,13:46:22,5.12,--,1,512,卖盘
450,13:46:16,5.12,--,54,27648,卖盘
451,13:45:54,5.12,--,20,10240,卖盘
452,13:45:45,5.12,--,68,34816,卖盘
453,13:45:30,5.12,--,492,251904,买盘
454,13:45:24,5.12,--,465,238080,买盘
455,13:45:21,5.12,--,30,15360,买盘
456,13:45:18,5.12,0.01,3,1536,买盘
457,13:45:12,5.11,-0.01,6,3066,卖盘
458,13:45:00,5.12,--,320,163840,买盘
459,13:44:42,5.12,--,198,101376,卖盘
460,13:44:36,5.12,--,80,40960,卖盘
461,13:44:33,5.12,-0.01,10,5120,卖盘
462,13:44:27,5.13,0.01,200,102600,买盘
463,13:44:21,5.12,-0.01,60,30720,卖盘
464,13:44:15,5.13,--,8,4104,买盘
465,13:44:09,5.13,0.01,301,154413,买盘
466,13:44:06,5.12,--,9,4608,买盘
467,13:44:03,5.12,-0.02,110,56320,中性盘
468,13:43:54,5.14,0.02,48,24672,买盘
469,13:43:48,5.12,-0.01,20,10240,卖盘
470,13:43:45,5.13,0.01,689,353457,买盘
471,13:43:33,5.12,--,3,1536,卖盘
472,13:43:30,5.12,--,179,91648,买盘
473,13:43:12,5.12,--,452,231424,买盘
474,13:43:00,5.12,0.02,882,451584,买盘
475,13:42:57,5.1,-0.01,6,3060,卖盘
476,13:42:45,5.11,--,404,206444,买盘
477,13:42:39,5.11,0.01,300,153300,买盘
478,13:42:18,5.1,--,155,79050,买盘
479,13:42:15,5.1,-0.01,39,19890,卖盘
480,13:42:09,5.11,--,3,1533,买盘
481,13:42:03,5.11,0.01,540,275940,买盘
482,13:41:57,5.1,-0.01,6,3060,卖盘
483,13:41:51,5.11,--,371,189581,买盘
484,13:41:45,5.11,0.01,475,242725,买盘
485,13:41:39,5.1,-0.01,102,52020,卖盘
486,13:41:24,5.11,--,4,2044,买盘
487,13:41:12,5.11,0.01,225,114975,买盘
488,13:41:00,5.1,--,19,9690,卖盘
489,13:40:57,5.1,--,216,110159,买盘
490,13:40:42,5.1,--,80,40800,买盘
491,13:40:36,5.1,--,10,5100,买盘
492,13:40:27,5.1,--,155,79050,买盘
493,13:40:21,5.1,0.01,10,5100,买盘
494,13:40:15,5.09,-0.01,5,2545,卖盘
495,13:40:12,5.1,--,2,1019,买盘
496,13:39:45,5.1,--,5,2550,买盘
497,13:39:36,5.1,--,274,139740,买盘
498,13:39:33,5.1,--,14,7139,买盘
499,13:39:18,5.1,--,100,51000,买盘
500,13:38:51,5.1,--,158,80580,买盘
501,13:38:48,5.1,--,20,10200,买盘
502,13:38:42,5.1,--,1,509,买盘
503,13:38:39,5.1,--,27,13769,买盘
504,13:38:12,5.1,0.01,1,509,买盘
505,13:37:51,5.09,--,264,134376,买盘
506,13:37:36,5.09,0.01,33,16797,买盘
507,13:37:15,5.08,--,300,152400,卖盘
508,13:36:33,5.08,--,4,2032,买盘
509,13:36:30,5.08,--,62,31496,买盘
510,13:36:15,5.08,--,5,2540,买盘
511,13:36:09,5.08,--,2,1016,买盘
512,13:35:57,5.08,--,110,55880,买盘
513,13:35:48,5.08,0.01,10,5080,买盘
514,13:35:27,5.07,-0.01,15,7605,卖盘
515,13:35:03,5.08,0.01,4,2032,买盘
516,13:34:42,5.07,-0.01,81,41067,卖盘
517,13:34:39,5.08,0.01,3,1524,买盘
518,13:34:15,5.07,-0.01,2,1014,卖盘
519,13:34:12,5.08,--,1,508,买盘
520,13:34:09,5.08,--,3,1524,买盘
521,13:34:00,5.08,--,10,5080,买盘
522,13:33:51,5.08,-0.01,107,54356,卖盘
523,13:33:42,5.09,--,161,81949,卖盘
524,13:33:36,5.09,--,4,2036,卖盘
525,13:33:33,5.09,--,106,53954,卖盘
526,13:33:30,5.09,--,10,5090,卖盘
527,13:33:12,5.09,--,63,32067,卖盘
528,13:33:06,5.09,--,50,25450,卖盘
529,13:33:00,5.09,-0.01,30,15270,卖盘
530,13:32:27,5.1,--,3,1530,买盘
531,13:32:03,5.1,--,19,9690,买盘
532,13:32:00,5.1,0.01,1,509,买盘
533,13:31:57,5.09,-0.01,22,11198,卖盘
534,13:31:42,5.1,--,10,5100,买盘
535,13:31:06,5.1,--,100,51000,买盘
536,13:31:03,5.1,0.01,2,1019,买盘
537,13:30:57,5.09,-0.01,30,15270,卖盘
538,13:30:54,5.1,0.01,5,2550,买盘
539,13:30:36,5.09,--,5,2545,卖盘
540,13:30:33,5.09,--,1,509,卖盘
541,13:30:30,5.09,-0.01,20,10180,卖盘
542,13:30:21,5.1,0.02,130,66300,买盘
543,13:29:54,5.08,-0.01,100,50800,卖盘
544,13:29:27,5.09,--,23,11707,买盘
545,13:28:51,5.09,--,32,16288,买盘
546,13:28:36,5.09,--,20,10180,买盘
547,13:28:27,5.09,-0.01,16,8144,卖盘
548,13:28:24,5.1,-0.01,54,27539,卖盘
549,13:28:21,5.11,0.01,448,228928,买盘
550,13:28:12,5.1,-0.01,300,153000,卖盘
551,13:28:09,5.11,0.01,2,1022,买盘
552,13:27:54,5.1,--,20,10200,卖盘
553,13:27:24,5.1,--,172,87720,卖盘
554,13:27:21,5.1,--,30,15299,卖盘
555,13:27:15,5.1,-0.01,282,143820,卖盘
556,13:27:09,5.11,0.01,74,37814,买盘
557,13:27:03,5.1,--,2,1019,卖盘
558,13:27:00,5.1,0.01,298,151980,买盘
559,13:26:57,5.09,-0.01,1,509,中性盘
560,13:26:47,5.1,--,200,102000,买盘
561,13:26:44,5.1,--,10,5100,买盘
562,13:26:23,5.1,0.01,1,509,买盘
563,13:26:20,5.09,-0.01,98,49882,卖盘
564,13:26:14,5.1,0.01,800,408000,买盘
565,13:26:08,5.09,-0.01,30,15270,卖盘
566,13:26:02,5.1,0.01,50,25500,买盘
567,13:25:56,5.09,--,30,15270,卖盘
568,13:25:50,5.09,--,4,2036,卖盘
569,13:25:41,5.09,--,50,25450,卖盘
570,13:25:23,5.09,0.01,555,282495,买盘
571,13:25:20,5.08,--,10,5080,买盘
572,13:25:17,5.08,--,16,8128,买盘
573,13:25:14,5.08,-0.01,1,508,中性盘
574,13:24:53,5.09,0.01,271,137939,买盘
575,13:24:44,5.08,-0.01,6,3048,中性盘
576,13:24:32,5.09,0.01,1,509,买盘
577,13:24:23,5.08,0.01,780,396240,买盘
578,13:24:17,5.07,-0.01,250,126750,卖盘
579,13:24:05,5.08,0.01,10,5080,买盘
580,13:24:02,5.07,-0.01,250,126750,卖盘
581,13:23:53,5.08,--,5,2540,买盘
582,13:23:38,5.08,--,100,50800,买盘
583,13:23:02,5.08,--,195,99060,买盘
584,13:22:53,5.08,0.01,116,58928,买盘
585,13:22:41,5.07,--,2,1014,卖盘
586,13:22:26,5.07,--,1,507,卖盘
587,13:21:50,5.07,--,2,1014,买盘
588,13:21:44,5.07,--,40,20280,买盘
589,13:21:17,5.07,0.01,200,101400,买盘
590,13:21:05,5.06,-0.01,54,27323,卖盘
591,13:20:41,5.07,0.01,70,35490,买盘
592,13:20:38,5.06,-0.01,100,50599,卖盘
593,13:20:23,5.07,--,49,24843,买盘
594,13:20:20,5.07,0.01,1,507,买盘
595,13:20:17,5.06,-0.01,30,15179,卖盘
596,13:20:08,5.07,--,1,507,买盘
597,13:20:02,5.07,--,100,50700,买盘
598,13:19:53,5.07,--,1,507,买盘
599,13:19:32,5.07,0.01,10,5070,买盘
600,13:19:26,5.06,--,20,10120,卖盘
601,13:19:23,5.06,-0.01,19,9614,卖盘
602,13:18:50,5.07,--,38,19266,买盘
603,13:18:41,5.07,--,6,3042,买盘
604,13:18:11,5.07,--,8,4056,卖盘
605,13:17:38,5.07,--,3,1521,卖盘
606,13:17:32,5.07,-0.01,70,35490,卖盘
607,13:17:20,5.08,--,1,508,买盘
608,13:16:53,5.08,--,71,36068,买盘
609,13:16:35,5.08,0.01,15,7620,买盘
610,13:16:29,5.07,--,41,20787,买盘
611,13:16:23,5.07,--,11,5577,买盘
612,13:16:20,5.07,--,10,5070,买盘
613,13:16:05,5.07,0.01,290,147030,买盘
614,13:15:59,5.06,--,28,14167,卖盘
615,13:15:56,5.06,-0.01,100,50599,卖盘
616,13:15:14,5.07,--,16,8112,买盘
617,13:15:08,5.07,--,3,1521,买盘
618,13:14:56,5.07,--,5,2535,买盘
619,13:14:53,5.07,--,50,25350,买盘
620,13:14:41,5.07,-0.01,158,80106,卖盘
621,13:14:38,5.08,0.01,1,508,买盘
622,13:14:11,5.07,-0.01,50,25350,卖盘
623,13:14:02,5.08,--,100,50800,买盘
624,13:13:44,5.08,0.01,60,30480,买盘
625,13:13:35,5.07,--,8,4056,卖盘
626,13:13:32,5.07,--,52,26364,买盘
627,13:13:26,5.07,--,76,38532,买盘
628,13:13:11,5.07,--,20,10140,买盘
629,13:12:53,5.07,0.01,1128,571896,买盘
630,13:12:14,5.06,--,1,505,买盘
631,13:12:05,5.06,0.01,5,2530,买盘
632,13:11:56,5.05,--,410,207050,卖盘
633,13:11:05,5.05,--,30,15150,卖盘
634,13:10:56,5.05,--,213,107565,买盘
635,13:10:53,5.05,--,101,51005,买盘
636,13:10:29,5.05,--,1,505,买盘
637,13:10:20,5.05,--,10,5050,买盘
638,13:09:32,5.05,--,5,2525,买盘
639,13:09:20,5.05,--,349,176245,买盘
640,13:09:05,5.05,--,92,46460,买盘
641,13:08:59,5.05,--,200,101000,买盘
642,13:08:44,5.05,--,100,50500,买盘
643,13:08:13,5.05,0.01,2,1010,买盘
644,13:07:55,5.04,-0.01,2,1008,卖盘
645,13:07:40,5.05,--,1,505,买盘
646,13:06:49,5.05,0.01,1,505,买盘
647,13:05:55,5.04,--,5,2520,卖盘
648,13:05:31,5.04,--,20,10080,卖盘
649,13:05:25,5.04,-0.01,20,10080,卖盘
650,13:04:58,5.05,--,1,505,买盘
651,13:04:46,5.05,-0.01,1,505,中性盘
652,13:04:13,5.06,--,54,27323,买盘
653,13:03:46,5.06,--,1,505,买盘
654,13:03:34,5.06,0.01,48,24287,买盘
655,13:03:13,5.05,0.01,6,3030,买盘
656,13:02:52,5.04,--,362,182448,卖盘
657,13:02:37,5.04,-0.01,1,504,卖盘
658,13:02:01,5.05,--,5,2525,买盘
659,13:01:52,5.05,--,11,5555,卖盘
660,13:01:07,5.05,-0.01,3,1515,卖盘
661,13:00:43,5.06,--,102,51611,买盘
662,13:00:04,5.06,--,16,8095,卖盘
663,13:00:01,5.06,--,104,52623,卖盘
664,11:30:00,5.06,--,15,7589,卖盘
665,11:29:45,5.06,--,126,63755,买盘
666,11:29:32,5.06,--,1,505,买盘
667,11:29:26,5.06,--,4,2023,卖盘
668,11:29:02,5.06,--,12,6071,卖盘
669,11:28:44,5.06,--,30,15179,卖盘
670,11:28:23,5.06,--,70,35420,卖盘
671,11:28:11,5.06,0.01,184,93104,买盘
672,11:27:50,5.05,--,24,12120,卖盘
673,11:27:05,5.05,--,10,5050,卖盘
674,11:26:59,5.05,--,1,505,卖盘
675,11:26:53,5.05,--,49,24745,卖盘
676,11:26:32,5.05,--,8,4231,卖盘
677,11:26:29,5.05,--,1,505,卖盘
678,11:26:26,5.05,--,100,50500,卖盘
679,11:26:23,5.05,--,4,2020,卖盘
680,11:26:02,5.05,--,9,4545,卖盘
681,11:25:56,5.05,--,1,505,卖盘
682,11:25:53,5.05,--,100,50500,卖盘
683,11:25:50,5.05,-0.01,18,9090,卖盘
684,11:25:47,5.06,0.01,26,13155,买盘
685,11:25:26,5.05,-0.01,290,146450,卖盘
686,11:25:02,5.06,0.01,1,505,买盘
687,11:24:56,5.05,-0.01,110,55550,卖盘
688,11:24:29,5.06,--,10,5060,卖盘
689,11:24:17,5.06,--,3,1517,卖盘
690,11:23:59,5.06,--,1,505,卖盘
691,11:23:56,5.06,--,2,1011,卖盘
692,11:23:26,5.06,--,1,505,卖盘
693,11:23:23,5.06,-0.01,200,101199,卖盘
694,11:23:11,5.07,0.01,100,50700,买盘
695,11:22:56,5.06,--,103,52117,卖盘
696,11:22:23,5.06,--,1,505,卖盘
697,11:22:11,5.06,--,1,505,卖盘
698,11:22:05,5.06,0.01,4,2023,买盘
699,11:21:56,5.05,--,1,505,卖盘
700,11:21:38,5.05,--,200,101000,卖盘
701,11:21:26,5.05,--,17,8585,卖盘
702,11:21:23,5.05,--,1,505,卖盘
703,11:21:17,5.05,-0.01,20,10100,卖盘
704,11:21:14,5.06,--,25,12649,买盘
705,11:21:11,5.06,0.01,6,3035,买盘
706,11:20:59,5.05,--,4,2020,卖盘
707,11:20:53,5.05,--,1,505,卖盘
708,11:20:50,5.05,--,200,101000,卖盘
709,11:20:14,5.05,--,13,6565,买盘
710,11:20:11,5.05,0.01,38,19190,买盘
711,11:20:05,5.04,--,100,50400,卖盘
712,11:19:56,5.04,--,2,1008,卖盘
713,11:19:29,5.04,--,20,10080,卖盘
714,11:19:05,5.04,0.01,1,504,买盘
715,11:18:53,5.03,--,4,2012,卖盘
716,11:18:35,5.03,--,98,49294,买盘
717,11:18:26,5.03,--,29,14587,买盘
718,11:18:23,5.03,--,26,13078,买盘
719,11:18:20,5.03,--,10,5030,买盘
720,11:18:17,5.03,--,5,2515,买盘
721,11:18:11,5.03,--,40,20120,买盘
722,11:18:08,5.03,--,10,5030,买盘
723,11:17:59,5.03,--,11,5533,买盘
724,11:17:56,5.03,0.01,27,13581,买盘
725,11:17:50,5.02,--,11,5521,卖盘
726,11:17:44,5.02,-0.01,101,50701,卖盘
727,11:17:29,5.03,--,795,399885,买盘
728,11:17:26,5.03,0.01,68,34204,买盘
729,11:17:14,5.02,--,12,6023,卖盘
730,11:16:50,5.02,-0.02,600,301200,卖盘
731,11:16:41,5.04,--,175,88200,卖盘
732,11:16:17,5.04,0.01,5,2520,卖盘
733,11:15:50,5.03,--,17,8551,卖盘
734,11:15:35,5.03,-0.03,283,142349,卖盘
735,11:15:32,5.06,0.03,1,505,中性盘
736,11:15:26,5.03,-0.03,829,416987,卖盘
737,11:15:23,5.06,-0.01,5,2530,卖盘
738,11:15:20,5.07,0.01,20,10140,买盘
739,11:15:08,5.06,-0.01,105,53129,卖盘
740,11:14:23,5.07,--,3,1521,卖盘
741,11:13:53,5.07,0.01,2,1014,中性盘
742,11:12:35,5.06,--,55,27829,卖盘
743,11:12:32,5.06,--,15,7589,卖盘
744,11:11:59,5.06,-0.01,198,100187,卖盘
745,11:11:53,5.07,--,7,3549,卖盘
746,11:11:44,5.07,--,8,4056,卖盘
747,11:11:23,5.07,-0.01,61,30927,卖盘
748,11:11:20,5.08,0.01,68,34544,买盘
749,11:11:14,5.07,--,5,2535,卖盘
750,11:11:08,5.07,--,8,4056,卖盘
751,11:10:53,5.07,--,20,10140,卖盘
752,11:10:44,5.07,--,31,15717,卖盘
753,11:10:32,5.07,--,6,3042,卖盘
754,11:10:20,5.07,0.01,297,150579,买盘
755,11:10:14,5.06,--,2,1011,卖盘
756,11:09:43,5.06,--,1,505,卖盘
757,11:09:40,5.06,0.01,57,28841,买盘
758,11:09:34,5.05,--,30,15150,卖盘
759,11:09:07,5.05,--,20,10100,卖盘
760,11:09:04,5.05,-0.01,10,5050,卖盘
761,11:08:25,5.06,--,6,3035,买盘
762,11:08:10,5.06,--,3,1517,买盘
763,11:07:19,5.06,--,20,10120,卖盘
764,11:06:58,5.06,--,19,9614,卖盘
765,11:06:52,5.06,--,10,5060,卖盘
766,11:06:46,5.06,--,5,2530,卖盘
767,11:06:40,5.06,--,25,12649,卖盘
768,11:06:04,5.06,0.01,126,63755,买盘
769,11:05:49,5.05,--,12,6060,卖盘
770,11:04:25,5.05,-0.01,100,50500,卖盘
771,11:03:31,5.06,--,397,200881,卖盘
772,11:03:19,5.06,-0.01,1,505,卖盘
773,11:03:10,5.07,--,20,10140,买盘
774,11:02:55,5.07,--,36,18252,买盘
775,11:02:25,5.07,--,158,80106,买盘
776,11:02:13,5.07,--,2,1014,卖盘
777,11:02:07,5.07,--,8,4056,卖盘
778,11:01:40,5.07,--,5,2535,买盘
779,11:01:31,5.07,--,3,1521,买盘
780,11:01:25,5.07,--,492,249444,卖盘
781,11:01:16,5.07,--,25,12675,卖盘
782,11:00:19,5.07,--,20,10140,卖盘
783,11:00:13,5.07,--,10,5070,卖盘
784,11:00:04,5.07,--,253,128271,买盘
785,11:00:01,5.07,0.01,4,2028,买盘
786,10:59:58,5.06,-0.01,41,20746,卖盘
787,10:59:07,5.07,--,1,507,买盘
788,10:58:19,5.07,--,24,12168,买盘
789,10:58:13,5.07,--,139,70473,买盘
790,10:57:40,5.07,0.01,60,30420,买盘
791,10:56:55,5.06,-0.01,10,5060,卖盘
792,10:56:43,5.07,0.01,167,84669,买盘
793,10:56:34,5.06,-0.01,22,11132,卖盘
794,10:56:31,5.07,0.01,20,10140,买盘
795,10:56:10,5.06,--,250,126499,买盘
796,10:56:01,5.06,0.01,143,72358,买盘
797,10:55:49,5.05,-0.01,8,4040,卖盘
798,10:55:37,5.06,--,139,70334,买盘
799,10:55:25,5.06,--,10,5060,买盘
800,10:55:22,5.06,--,27,13661,买盘
801,10:55:19,5.06,--,54,27323,买盘
802,10:55:01,5.06,0.01,55,27829,买盘
803,10:54:49,5.05,--,2,1010,买盘
804,10:54:46,5.05,-0.01,3,1515,中性盘
805,10:54:31,5.06,--,1,505,买盘
806,10:54:16,5.06,0.02,300,151800,中性盘
807,10:53:10,5.04,-0.02,1057,532728,卖盘
808,10:52:49,5.06,-0.01,1,505,卖盘
809,10:52:22,5.07,0.01,100,50700,买盘
810,10:51:58,5.06,--,12,6071,卖盘
811,10:51:46,5.06,--,65,32890,卖盘
812,10:51:37,5.06,--,15,7589,卖盘
813,10:51:10,5.06,--,2,1011,卖盘
814,10:51:07,5.06,--,34,17204,卖盘
815,10:51:04,5.06,--,5,2530,卖盘
816,10:50:55,5.06,-0.01,10,5060,卖盘
817,10:50:52,5.07,--,1,507,买盘
818,10:50:49,5.07,0.01,12,6084,买盘
819,10:50:43,5.06,-0.01,1,505,卖盘
820,10:50:10,5.07,--,100,50700,买盘
821,10:50:04,5.07,--,25,12675,卖盘
822,10:49:51,5.07,--,31,15717,买盘
823,10:49:39,5.07,--,200,101400,买盘
824,10:49:33,5.07,0.01,42,21294,买盘
825,10:49:12,5.06,--,30,15179,卖盘
826,10:49:00,5.06,--,10,5060,卖盘
827,10:48:18,5.06,--,3,1517,卖盘
828,10:48:15,5.06,--,33,16698,卖盘
829,10:48:12,5.06,--,25,12649,卖盘
830,10:48:00,5.06,-0.01,3,1517,卖盘
831,10:47:51,5.07,0.01,197,99879,买盘
832,10:47:42,5.06,-0.01,40,20240,卖盘
833,10:47:33,5.07,--,13,6591,买盘
834,10:47:24,5.07,--,9,4563,买盘
835,10:47:12,5.07,--,152,77064,卖盘
836,10:47:03,5.07,--,21,10647,卖盘
837,10:46:42,5.07,-0.01,5,2535,卖盘
838,10:46:09,5.08,0.01,2,1016,买盘
839,10:46:06,5.07,0.01,192,97344,中性盘
840,10:46:00,5.06,--,249,125993,卖盘
841,10:45:54,5.06,-0.02,2,1011,卖盘
842,10:45:42,5.08,0.01,50,25400,买盘
843,10:45:21,5.07,--,10,5070,买盘
844,10:45:12,5.07,--,55,27885,卖盘
845,10:44:54,5.07,--,9,4563,卖盘
846,10:44:48,5.07,--,6,3042,卖盘
847,10:44:36,5.07,--,2,1014,卖盘
848,10:44:30,5.07,--,100,50700,卖盘
849,10:44:21,5.07,-0.01,50,25350,卖盘
850,10:44:15,5.08,0.01,5,2540,买盘
851,10:43:39,5.07,-0.01,10,5070,卖盘
852,10:43:15,5.08,--,134,68072,卖盘
853,10:42:54,5.08,--,58,29464,卖盘
854,10:42:51,5.08,-0.02,10,5080,卖盘
855,10:41:27,5.1,0.02,53,27029,买盘
856,10:41:15,5.08,-0.01,25,12700,卖盘
857,10:40:51,5.09,--,10,5090,卖盘
858,10:40:45,5.09,-0.01,20,10180,卖盘
859,10:40:36,5.1,--,20,10200,买盘
860,10:40:30,5.1,--,483,246329,卖盘
861,10:40:21,5.1,--,10,5100,卖盘
862,10:40:15,5.1,--,50,25500,卖盘
863,10:40:12,5.1,--,4,2039,卖盘
864,10:40:03,5.1,--,501,255509,卖盘
865,10:39:57,5.1,-0.01,531,270810,卖盘
866,10:39:54,5.11,--,70,35770,买盘
867,10:39:36,5.11,--,30,15330,买盘
868,10:39:30,5.11,--,5,2555,买盘
869,10:39:27,5.11,--,8,4088,卖盘
870,10:39:21,5.11,--,10,5110,卖盘
871,10:39:18,5.11,--,282,144102,买盘
872,10:39:12,5.11,--,150,76650,买盘
873,10:39:09,5.11,--,59,30149,买盘
874,10:38:57,5.11,0.01,431,220241,买盘
875,10:38:54,5.1,--,10,5100,卖盘
876,10:38:42,5.1,0.01,127,64769,买盘
877,10:38:39,5.09,--,1005,511545,卖盘
878,10:38:30,5.09,--,162,82458,卖盘
879,10:38:21,5.09,--,6,3054,中性盘
880,10:38:18,5.09,0.01,570,290130,买盘
881,10:38:12,5.08,--,215,109220,买盘
882,10:38:03,5.08,--,56,28448,买盘
883,10:38:00,5.08,--,251,127508,买盘
884,10:37:54,5.08,--,4,2032,买盘
885,10:37:39,5.08,0.01,1000,508000,买盘
886,10:37:27,5.07,--,109,55263,买盘
887,10:37:21,5.07,0.01,650,329550,买盘
888,10:37:15,5.06,--,6,3035,卖盘
889,10:37:06,5.06,--,66,33396,买盘
890,10:37:00,5.06,--,4,2023,买盘
891,10:36:36,5.06,0.01,20,10120,买盘
892,10:36:15,5.05,--,7,3535,卖盘
893,10:36:09,5.05,--,100,50500,卖盘
894,10:35:45,5.05,-0.01,37,18685,卖盘
895,10:34:54,5.06,0.01,500,252999,买盘
896,10:34:45,5.05,--,5,2525,卖盘
897,10:34:42,5.05,-0.01,12,6060,卖盘
898,10:34:39,5.06,0.01,164,82984,买盘
899,10:34:33,5.05,-0.01,1,505,卖盘
900,10:34:30,5.06,0.01,55,27829,买盘
901,10:34:12,5.05,--,10,5050,卖盘
902,10:34:00,5.05,--,100,50500,卖盘
903,10:33:57,5.05,--,127,64135,买盘
904,10:33:42,5.05,--,5,2525,卖盘
905,10:33:33,5.05,--,1,505,卖盘
906,10:33:27,5.05,--,2,1010,卖盘
907,10:33:06,5.05,--,41,20705,卖盘
908,10:33:03,5.05,--,18,9090,卖盘
909,10:32:57,5.05,--,4,2020,卖盘
910,10:32:42,5.05,--,28,14140,卖盘
911,10:32:39,5.05,--,2,1010,卖盘
912,10:32:30,5.05,--,30,15150,卖盘
913,10:32:24,5.05,--,33,16665,卖盘
914,10:32:21,5.05,-0.01,259,130795,卖盘
915,10:32:09,5.06,0.01,200,101199,买盘
916,10:32:03,5.05,--,362,182810,卖盘
917,10:31:14,5.05,-0.01,5,2525,卖盘
918,10:30:44,5.06,0.01,30,15179,买盘
919,10:30:41,5.05,--,196,98980,卖盘
920,10:30:32,5.05,--,3,1515,卖盘
921,10:30:29,5.05,--,16,8080,卖盘
922,10:30:20,5.05,--,100,50500,卖盘
923,10:30:05,5.05,-0.01,42,21210,卖盘
924,10:30:02,5.06,0.01,6,3035,买盘
925,10:29:50,5.05,-0.01,11,5555,卖盘
926,10:29:35,5.06,--,10,5060,买盘
927,10:29:20,5.06,0.01,6,3035,买盘
928,10:29:14,5.05,-0.01,21,10605,卖盘
929,10:29:11,5.06,--,18,9108,买盘
930,10:29:08,5.06,--,335,169510,买盘
931,10:29:02,5.06,0.01,173,87538,买盘
932,10:28:56,5.05,-0.01,5,2525,卖盘
933,10:28:44,5.06,--,16,8095,卖盘
934,10:28:35,5.06,--,86,43516,买盘
935,10:28:29,5.06,--,100,50599,买盘
936,10:28:20,5.06,--,5,2530,买盘
937,10:27:47,5.06,-0.01,157,79442,卖盘
938,10:27:41,5.07,--,13,6591,买盘
939,10:27:38,5.07,0.01,159,80613,买盘
940,10:27:35,5.06,--,100,50599,卖盘
941,10:27:32,5.06,--,5,2530,卖盘
942,10:27:23,5.06,--,6,3035,卖盘
943,10:27:17,5.06,0.01,240,121439,买盘
944,10:27:02,5.05,0.01,319,161095,买盘
945,10:26:44,5.04,--,20,10080,卖盘
946,10:26:32,5.04,--,50,25200,卖盘
947,10:26:08,5.04,--,61,30744,卖盘
948,10:25:59,5.04,--,10,5040,卖盘
949,10:25:47,5.04,--,134,67536,买盘
950,10:25:44,5.04,--,6,3024,买盘
951,10:25:35,5.04,--,182,91728,卖盘
952,10:25:29,5.04,--,20,10080,卖盘
953,10:24:38,5.04,--,13,6552,买盘
954,10:24:23,5.04,0.01,500,252000,买盘
955,10:24:02,5.03,--,4,2012,卖盘
956,10:23:53,5.03,-0.01,60,30180,卖盘
957,10:23:44,5.04,0.01,8,4032,买盘
958,10:23:29,5.03,--,20,10060,卖盘
959,10:23:26,5.03,--,5,2515,卖盘
960,10:23:05,5.03,--,15,7545,卖盘
961,10:22:56,5.03,-0.01,2,1006,卖盘
962,10:22:50,5.04,0.01,5,2520,买盘
963,10:22:32,5.03,-0.01,1,503,卖盘
964,10:22:26,5.04,0.01,50,25200,买盘
965,10:22:17,5.03,--,20,10060,卖盘
966,10:22:05,5.03,--,8,4024,卖盘
967,10:21:47,5.03,-0.01,26,13078,卖盘
968,10:21:29,5.04,0.01,49,24696,买盘
969,10:21:08,5.03,-0.01,416,209248,卖盘
970,10:21:05,5.04,0.01,12,6048,买盘
971,10:20:56,5.03,--,26,13078,卖盘
972,10:20:41,5.03,-0.01,22,11066,卖盘
973,10:20:29,5.04,--,9,4536,买盘
974,10:20:08,5.04,--,10,5040,买盘
975,10:19:59,5.04,-0.01,5,2520,卖盘
976,10:19:56,5.05,--,317,160085,卖盘
977,10:19:47,5.05,--,18,9090,卖盘
978,10:19:44,5.05,--,111,56055,卖盘
979,10:19:35,5.05,--,20,10100,卖盘
980,10:19:29,5.05,--,138,69690,卖盘
981,10:19:26,5.05,--,92,46460,卖盘
982,10:19:23,5.05,0.02,365,184325,买盘
983,10:19:11,5.03,--,198,99594,卖盘
984,10:18:59,5.03,0.01,61,30683,买盘
985,10:18:56,5.02,-0.01,30,15059,卖盘
986,10:18:53,5.03,0.01,73,36719,买盘
987,10:18:41,5.02,0.01,657,329814,买盘
988,10:18:38,5.01,0.01,55,27555,买盘
989,10:18:35,5.0,--,17,8500,卖盘
990,10:18:20,5.0,--,10,5000,卖盘
991,10:18:14,5.0,--,148,74345,买盘
992,10:18:02,5.0,--,10,5000,买盘
993,10:17:59,5.0,--,153,76655,卖盘
994,10:17:56,5.0,--,220,110000,卖盘
995,10:17:50,5.0,--,1,500,卖盘
996,10:17:44,5.0,-0.01,13,6500,卖盘
997,10:17:41,5.01,0.01,1,501,买盘
998,10:17:29,5.0,--,54,27000,卖盘
999,10:17:23,5.0,--,20,10000,卖盘
1000,10:17:20,5.0,--,10,5000,卖盘
1001,10:17:17,5.0,--,378,189000,卖盘
1002,10:17:14,5.0,--,70,35000,卖盘
1003,10:17:08,5.0,--,39,19845,买盘
1004,10:17:05,5.0,--,255,127655,卖盘
1005,10:17:02,5.0,--,33,16500,卖盘
1006,10:16:59,5.0,-0.01,338,169000,卖盘
1007,10:16:56,5.01,0.01,214,107214,买盘
1008,10:16:53,5.0,--,5,2500,卖盘
1009,10:16:47,5.0,-0.01,40,20000,卖盘
1010,10:16:41,5.01,--,1,501,买盘
1011,10:16:35,5.01,0.01,20,10020,中性盘
1012,10:16:26,5.0,--,1268,634290,卖盘
1013,10:16:20,5.0,-0.02,2061,1030500,卖盘
1014,10:16:02,5.02,--,198,99395,卖盘
1015,10:15:56,5.02,--,21,10542,卖盘
1016,10:15:53,5.02,--,20,10040,卖盘
1017,10:15:44,5.02,--,125,62749,卖盘
1018,10:15:32,5.02,--,44,22087,卖盘
1019,10:15:14,5.02,--,10,5020,卖盘
1020,10:15:08,5.02,--,14,7027,卖盘
1021,10:14:59,5.02,-0.01,50,25099,卖盘
1022,10:14:38,5.03,0.01,20,10060,买盘
1023,10:14:32,5.02,--,8,4015,卖盘
1024,10:14:23,5.02,--,30,15059,卖盘
1025,10:14:20,5.02,-0.01,43,21585,卖盘
1026,10:14:17,5.03,--,1,503,买盘
1027,10:14:14,5.03,--,190,95570,买盘
1028,10:13:56,5.03,--,4,2012,卖盘
1029,10:13:53,5.03,0.01,1,503,买盘
1030,10:13:50,5.02,-0.01,41,20582,卖盘
1031,10:13:44,5.03,0.01,10,5030,买盘
1032,10:13:35,5.02,-0.01,88,44175,卖盘
1033,10:13:26,5.03,0.01,10,5030,买盘
1034,10:13:23,5.02,--,14,7027,卖盘
1035,10:13:17,5.02,--,305,153110,卖盘
1036,10:12:52,5.02,-0.01,504,253007,卖盘
1037,10:12:49,5.03,0.01,61,30683,买盘
1038,10:12:13,5.02,-0.01,54,27107,卖盘
1039,10:12:07,5.03,0.01,200,100600,买盘
1040,10:12:01,5.02,-0.01,78,39156,卖盘
1041,10:11:52,5.03,0.01,38,19114,买盘
1042,10:11:49,5.02,-0.01,35,17570,卖盘
1043,10:11:43,5.03,0.01,126,63378,买盘
1044,10:11:40,5.02,--,48,24095,卖盘
1045,10:11:22,5.02,--,15,7529,卖盘
1046,10:11:10,5.02,-0.01,37,18574,卖盘
1047,10:10:46,5.03,--,50,25150,买盘
1048,10:10:37,5.03,0.01,29,14587,买盘
1049,10:10:34,5.02,--,39,19578,卖盘
1050,10:10:31,5.02,-0.01,10,5020,卖盘
1051,10:10:13,5.03,0.02,1,503,买盘
1052,10:10:10,5.01,-0.01,30,15030,卖盘
1053,10:10:04,5.02,-0.01,52,26103,卖盘
1054,10:09:58,5.03,0.01,10,5030,买盘
1055,10:09:55,5.02,--,494,247987,买盘
1056,10:09:46,5.02,--,6,3011,买盘
1057,10:09:43,5.02,--,25,12549,买盘
1058,10:09:37,5.02,0.01,1,501,买盘
1059,10:09:34,5.01,--,48,24048,卖盘
1060,10:09:28,5.01,-0.02,10,5010,卖盘
1061,10:09:25,5.03,0.02,9,4527,买盘
1062,10:09:22,5.01,--,1,501,卖盘
1063,10:09:19,5.01,--,5,2505,卖盘
1064,10:09:16,5.01,--,0,50,卖盘
1065,10:09:07,5.01,-0.01,48,24048,卖盘
1066,10:09:04,5.02,0.01,5,2510,中性盘
1067,10:08:37,5.01,0.01,168,84168,中性盘
1068,10:08:10,5.0,-0.03,2010,1005000,卖盘
1069,10:08:01,5.03,--,50,25150,卖盘
1070,10:07:58,5.03,--,1,503,卖盘
1071,10:07:55,5.03,--,5,2515,卖盘
1072,10:07:49,5.03,--,151,75953,卖盘
1073,10:07:43,5.03,--,59,29682,卖盘
1074,10:07:40,5.03,--,10,5030,卖盘
1075,10:07:31,5.03,--,8,4024,卖盘
1076,10:07:28,5.03,-0.01,236,118708,卖盘
1077,10:07:07,5.04,--,324,163296,卖盘
1078,10:07:04,5.04,-0.01,300,151200,卖盘
1079,10:06:37,5.05,0.01,60,30300,中性盘
1080,10:06:31,5.04,--,1,504,卖盘
1081,10:06:16,5.04,-0.02,475,239400,卖盘
1082,10:06:13,5.06,0.01,13,6577,买盘
1083,10:06:10,5.05,--,5,2525,卖盘
1084,10:05:55,5.05,--,10,5050,卖盘
1085,10:05:52,5.05,-0.01,10,5050,卖盘
1086,10:05:49,5.06,0.01,1,505,买盘
1087,10:05:46,5.05,--,18,9090,卖盘
1088,10:05:43,5.05,--,56,28280,买盘
1089,10:05:40,5.05,--,143,72215,卖盘
1090,10:05:19,5.05,--,98,49490,卖盘
1091,10:04:55,5.05,-0.01,280,141400,卖盘
1092,10:04:49,5.06,--,9,4554,买盘
1093,10:04:43,5.06,--,11,5566,买盘
1094,10:04:40,5.06,0.01,10,5060,买盘
1095,10:04:37,5.05,--,50,25250,卖盘
1096,10:04:31,5.05,-0.01,23,11615,卖盘
1097,10:04:19,5.06,0.01,29,14673,买盘
1098,10:04:16,5.05,-0.01,88,44440,卖盘
1099,10:04:10,5.06,--,32,16191,买盘
1100,10:03:55,5.06,-0.01,11,5566,卖盘
1101,10:03:52,5.07,--,50,25350,买盘
1102,10:03:37,5.07,--,1,507,买盘
1103,10:03:31,5.07,--,10,5070,卖盘
1104,10:03:25,5.07,--,190,96330,买盘
1105,10:03:22,5.07,--,30,15210,卖盘
1106,10:03:19,5.07,--,230,116610,卖盘
1107,10:03:13,5.07,0.02,293,148551,买盘
1108,10:03:10,5.05,-0.01,35,17675,卖盘
1109,10:03:07,5.06,--,3,1517,买盘
1110,10:02:58,5.06,0.01,115,58189,买盘
1111,10:02:52,5.05,--,2,1010,卖盘
1112,10:02:49,5.05,--,14,7070,卖盘
1113,10:02:46,5.05,--,10,5050,卖盘
1114,10:02:34,5.05,--,301,152005,买盘
1115,10:02:31,5.05,0.01,100,50500,买盘
1116,10:02:22,5.04,-0.01,203,102312,卖盘
1117,10:02:10,5.05,0.01,134,67670,买盘
1118,10:02:04,5.04,0.01,159,80136,买盘
1119,10:01:58,5.03,-0.01,2,1006,卖盘
1120,10:01:25,5.04,--,5,2520,买盘
1121,10:01:19,5.04,--,1,504,买盘
1122,10:01:16,5.04,--,1,504,买盘
1123,10:01:04,5.04,0.01,25,12600,买盘
1124,10:00:52,5.03,--,264,132792,卖盘
1125,10:00:28,5.03,0.01,68,34204,买盘
1126,10:00:19,5.02,--,1,501,卖盘
1127,10:00:13,5.02,--,16,8031,卖盘
1128,10:00:04,5.02,--,1,501,卖盘
1129,09:59:43,5.02,--,100,50199,卖盘
1130,09:59:37,5.02,--,2,1003,卖盘
1131,09:59:28,5.02,--,7,3513,卖盘
1132,09:59:22,5.02,--,27,13553,买盘
1133,09:59:19,5.02,0.01,64,32127,买盘
1134,09:59:13,5.01,-0.01,63,31563,卖盘
1135,09:59:07,5.02,--,26,13051,买盘
1136,09:58:52,5.02,--,15,7529,买盘
1137,09:58:49,5.02,--,37,18574,卖盘
1138,09:58:40,5.02,-0.02,251,126001,卖盘
1139,09:58:34,5.04,0.01,20,10080,买盘
1140,09:58:31,5.03,0.01,30,15090,买盘
1141,09:58:28,5.02,--,7,3513,卖盘
1142,09:58:25,5.02,-0.01,10,5020,卖盘
1143,09:58:19,5.03,0.01,5,2515,买盘
1144,09:58:10,5.02,--,10,5020,卖盘
1145,09:58:07,5.02,--,107,53713,卖盘
1146,09:57:55,5.02,--,113,56725,卖盘
1147,09:57:34,5.02,0.01,1,501,中性盘
1148,09:57:28,5.01,-0.03,10,5010,卖盘
1149,09:57:25,5.04,--,40,20160,买盘
1150,09:57:10,5.04,0.03,40,20160,买盘
1151,09:57:07,5.01,-0.03,265,132765,卖盘
1152,09:57:01,5.04,--,37,18648,买盘
1153,09:56:58,5.04,0.01,3040,1532160,买盘
1154,09:56:55,5.03,--,59,29677,卖盘
1155,09:56:43,5.03,-0.01,1,503,卖盘
1156,09:56:40,5.04,0.01,79,39816,买盘
1157,09:56:34,5.03,-0.01,75,37725,卖盘
1158,09:56:31,5.04,--,4,2016,买盘
1159,09:56:25,5.04,--,58,29232,买盘
1160,09:56:22,5.04,0.01,30,15120,买盘
1161,09:56:19,5.03,-0.01,137,68911,卖盘
1162,09:56:10,5.04,0.01,26,13104,买盘
1163,09:56:01,5.03,--,20,10060,卖盘
1164,09:55:58,5.03,--,5,2515,卖盘
1165,09:55:55,5.03,--,17,8551,买盘
1166,09:55:52,5.03,0.01,3,1509,中性盘
1167,09:55:49,5.02,-0.02,200,100399,卖盘
1168,09:55:43,5.04,0.01,50,25200,买盘
1169,09:55:40,5.03,-0.01,40,20120,卖盘
1170,09:55:37,5.04,--,25,12600,买盘
1171,09:55:34,5.04,0.01,8,4032,买盘
1172,09:55:22,5.03,-0.01,40,20120,卖盘
1173,09:55:19,5.04,--,8,4032,买盘
1174,09:55:16,5.04,0.01,276,139104,买盘
1175,09:55:10,5.03,--,39,19617,卖盘
1176,09:55:07,5.03,0.01,19,9557,卖盘
1177,09:54:46,5.02,--,210,105419,卖盘
1178,09:54:34,5.02,-0.01,7,3513,卖盘
1179,09:54:31,5.03,0.01,3,1509,买盘
1180,09:54:28,5.02,--,17,8534,卖盘
1181,09:54:22,5.02,--,5,2510,卖盘
1182,09:54:19,5.02,--,4,2007,卖盘
1183,09:54:06,5.02,0.01,130,65259,中性盘
1184,09:54:00,5.01,-0.01,37,18537,卖盘
1185,09:53:57,5.02,0.01,3,1505,中性盘
1186,09:53:54,5.01,-0.01,10,5010,卖盘
1187,09:53:51,5.02,--,10,5020,中性盘
1188,09:53:48,5.02,0.01,30,15059,中性盘
1189,09:53:39,5.01,-0.02,110,55110,卖盘
1190,09:53:36,5.03,0.02,21,10563,买盘
1191,09:53:30,5.01,-0.02,19,9519,卖盘
1192,09:53:27,5.03,--,15,7545,买盘
1193,09:53:18,5.03,0.02,10,5030,买盘
1194,09:53:15,5.01,-0.02,30,15030,卖盘
1195,09:53:06,5.03,0.03,1,503,中性盘
1196,09:53:00,5.0,--,12,6000,卖盘
1197,09:52:57,5.0,--,42,21000,卖盘
1198,09:52:51,5.0,0.01,10,5000,卖盘
1199,09:52:45,4.99,--,144,71856,卖盘
1200,09:52:42,4.99,--,28,13972,卖盘
1201,09:52:33,4.99,--,10,4990,卖盘
1202,09:52:30,4.99,-0.01,82,40918,卖盘
1203,09:52:27,5.0,0.01,2,1000,买盘
1204,09:52:24,4.99,-0.01,100,49900,卖盘
1205,09:52:21,5.0,--,271,135500,买盘
1206,09:52:18,5.0,--,11,5500,买盘
1207,09:52:09,5.0,--,826,413000,卖盘
1208,09:52:06,5.0,-0.01,77,38500,卖盘
1209,09:52:00,5.01,-0.01,98,49098,卖盘
1210,09:51:57,5.02,--,4,2007,卖盘
1211,09:51:51,5.02,--,72,36144,卖盘
1212,09:51:48,5.02,--,5,2510,卖盘
1213,09:51:45,5.02,--,34,17068,卖盘
1214,09:51:42,5.02,0.01,1124,564248,买盘
1215,09:51:36,5.01,0.01,7,3507,卖盘
1216,09:51:33,5.0,-0.01,1065,532500,卖盘
1217,09:51:27,5.01,-0.01,102,51102,卖盘
1218,09:51:21,5.02,0.01,58,29115,买盘
1219,09:51:18,5.01,-0.01,40,20040,卖盘
1220,09:51:15,5.02,--,13,6525,买盘
1221,09:51:09,5.02,0.01,142,71284,买盘
1222,09:51:06,5.01,-0.02,1934,968934,卖盘
1223,09:51:03,5.03,0.01,210,105630,买盘
1224,09:51:00,5.02,-0.01,20,10040,卖盘
1225,09:50:54,5.03,--,20,10060,买盘
1226,09:50:51,5.03,-0.01,615,309345,卖盘
1227,09:50:48,5.04,-0.01,30,15120,卖盘
1228,09:50:45,5.05,0.01,54,27270,买盘
1229,09:50:42,5.04,--,50,25200,卖盘
1230,09:50:39,5.04,--,11,5544,卖盘
1231,09:50:36,5.04,--,342,172368,卖盘
1232,09:50:30,5.04,--,14,7056,卖盘
1233,09:50:27,5.04,--,1,504,卖盘
1234,09:50:24,5.04,--,10,5040,卖盘
1235,09:50:18,5.04,--,110,55440,卖盘
1236,09:50:15,5.04,--,30,15120,卖盘
1237,09:50:12,5.04,0.02,14,7056,买盘
1238,09:50:09,5.02,-0.01,1126,565252,卖盘
1239,09:50:06,5.03,-0.01,4,2012,卖盘
1240,09:50:03,5.04,--,1,504,买盘
1241,09:50:00,5.04,-0.01,5,2520,中性盘
1242,09:49:57,5.05,0.02,20,10100,买盘
1243,09:49:54,5.03,0.01,51,25653,卖盘
1244,09:49:42,5.02,-0.04,1200,602400,卖盘
1245,09:49:39,5.06,--,1,505,买盘
1246,09:49:36,5.06,0.03,48,24287,买盘
1247,09:49:33,5.03,-0.03,190,95570,卖盘
1248,09:49:30,5.06,0.01,10,5060,中性盘
1249,09:49:27,5.05,-0.01,19,9595,卖盘
1250,09:49:24,5.06,--,2,1011,卖盘
1251,09:49:15,5.06,--,25,12649,卖盘
1252,09:49:03,5.06,0.03,23,11638,中性盘
1253,09:48:57,5.03,-0.03,3500,1760500,卖盘
1254,09:48:45,5.06,-0.01,39,19734,卖盘
1255,09:48:39,5.07,0.01,7,3549,买盘
1256,09:48:24,5.06,--,29,14673,卖盘
1257,09:48:21,5.06,--,5,2530,卖盘
1258,09:48:18,5.06,--,80,40480,卖盘
1259,09:48:12,5.06,-0.01,22,11132,卖盘
1260,09:48:09,5.07,--,16,8112,卖盘
1261,09:48:00,5.07,--,5,2535,卖盘
1262,09:47:54,5.07,--,13,6591,卖盘
1263,09:47:45,5.07,0.01,98,49686,买盘
1264,09:47:39,5.06,-0.02,40,20240,卖盘
1265,09:47:27,5.08,0.02,188,95504,买盘
1266,09:47:12,5.06,-0.01,2,1011,卖盘
1267,09:47:09,5.07,0.02,205,103935,买盘
1268,09:46:54,5.05,--,3,1515,卖盘
1269,09:46:45,5.05,--,7,3535,买盘
1270,09:46:42,5.05,--,625,315625,买盘
1271,09:46:39,5.05,0.01,200,101000,买盘
1272,09:46:36,5.04,-0.01,51,25704,卖盘
1273,09:46:33,5.05,0.01,484,244420,买盘
1274,09:46:30,5.04,-0.01,40,20160,卖盘
1275,09:46:27,5.05,0.01,10,5050,买盘
1276,09:46:24,5.04,--,20,10080,卖盘
1277,09:46:21,5.04,-0.01,1,504,卖盘
1278,09:46:18,5.05,0.01,50,25250,买盘
1279,09:46:15,5.04,--,70,35280,卖盘
1280,09:46:12,5.04,-0.01,220,110880,卖盘
1281,09:46:09,5.05,0.01,51,25755,买盘
1282,09:46:03,5.04,-0.01,94,47376,卖盘
1283,09:46:00,5.05,0.01,20,10100,买盘
1284,09:45:54,5.04,--,40,20160,卖盘
1285,09:45:51,5.04,--,133,67032,卖盘
1286,09:45:45,5.04,0.01,22,11088,卖盘
1287,09:45:42,5.03,-0.01,1130,568390,卖盘
1288,09:45:39,5.04,0.01,29,14616,卖盘
1289,09:45:36,5.03,-0.01,100,50300,卖盘
1290,09:45:33,5.04,-0.01,181,91224,卖盘
1291,09:45:30,5.05,0.01,193,97465,买盘
1292,09:45:27,5.04,--,10,5040,买盘
1293,09:45:24,5.04,-0.01,133,67032,卖盘
1294,09:45:21,5.05,0.01,10,5050,买盘
1295,09:45:18,5.04,-0.01,80,40320,卖盘
1296,09:45:15,5.05,0.01,163,82315,中性盘
1297,09:45:12,5.04,--,438,220752,买盘
1298,09:45:09,5.04,-0.02,1167,588168,卖盘
1299,09:45:06,5.06,--,63,31877,卖盘
1300,09:45:03,5.06,--,393,198857,卖盘
1301,09:45:00,5.06,-0.01,100,50599,卖盘
1302,09:44:57,5.07,--,25,12675,买盘
1303,09:44:54,5.07,--,5,2535,买盘
1304,09:44:51,5.07,--,47,23829,卖盘
1305,09:44:48,5.07,--,5,2535,卖盘
1306,09:44:45,5.07,--,10,5070,卖盘
1307,09:44:42,5.07,--,59,29913,卖盘
1308,09:44:36,5.07,--,41,20787,卖盘
1309,09:44:33,5.07,--,55,27885,卖盘
1310,09:44:24,5.07,--,3,1521,卖盘
1311,09:44:18,5.07,--,1,507,卖盘
1312,09:44:15,5.07,--,58,29406,卖盘
1313,09:44:12,5.07,--,105,53235,卖盘
1314,09:44:09,5.07,--,48,24336,卖盘
1315,09:44:06,5.07,--,75,38025,卖盘
1316,09:44:00,5.07,--,10,5070,卖盘
1317,09:43:57,5.07,-0.01,29,14703,卖盘
1318,09:43:54,5.08,--,55,27940,买盘
1319,09:43:42,5.08,--,10,5080,买盘
1320,09:43:39,5.08,--,721,366268,卖盘
1321,09:43:36,5.08,--,4,2032,卖盘
1322,09:43:33,5.08,--,24,12192,卖盘
1323,09:43:27,5.08,-0.01,20,10160,卖盘
1324,09:43:24,5.09,0.01,12,6108,买盘
1325,09:43:18,5.08,-0.01,10,5080,卖盘
1326,09:43:15,5.09,--,5,2545,买盘
1327,09:43:03,5.09,-0.01,61,31049,卖盘
1328,09:42:57,5.1,0.01,200,102000,买盘
1329,09:42:42,5.09,-0.01,300,152700,卖盘
1330,09:42:33,5.1,--,3,1530,买盘
1331,09:42:30,5.1,0.01,11,5610,买盘
1332,09:42:24,5.09,-0.02,282,143538,卖盘
1333,09:42:15,5.11,--,68,34748,买盘
1334,09:42:06,5.11,--,710,362810,买盘
1335,09:42:03,5.11,0.01,45,22995,买盘
1336,09:42:00,5.1,-0.01,49,24990,卖盘
1337,09:41:54,5.11,0.01,15,7665,买盘
1338,09:41:51,5.1,--,2,1019,卖盘
1339,09:41:48,5.1,--,1,509,卖盘
1340,09:41:45,5.1,--,9,4590,卖盘
1341,09:41:42,5.1,--,40,20400,卖盘
1342,09:41:39,5.1,--,6,3060,卖盘
1343,09:41:33,5.1,-0.01,4,2039,卖盘
1344,09:41:24,5.11,0.01,10,5110,买盘
1345,09:41:21,5.1,--,15,7649,卖盘
1346,09:41:15,5.1,-0.01,52,26519,卖盘
1347,09:41:12,5.11,0.01,143,73073,买盘
1348,09:41:09,5.1,0.01,1019,519689,买盘
1349,09:41:03,5.09,-0.01,29,14761,卖盘
1350,09:41:00,5.1,0.01,578,294780,买盘
1351,09:40:54,5.09,--,50,25450,卖盘
1352,09:40:45,5.09,--,11,5599,卖盘
1353,09:40:36,5.09,-0.01,25,12725,卖盘
1354,09:40:33,5.1,0.01,116,59159,买盘
1355,09:40:30,5.09,-0.01,5,2545,卖盘
1356,09:40:27,5.1,--,1,509,买盘
1357,09:40:15,5.1,--,108,55079,买盘
1358,09:40:12,5.1,0.01,15,7649,买盘
1359,09:40:00,5.09,-0.01,60,30540,卖盘
1360,09:39:54,5.1,--,1,509,卖盘
1361,09:39:51,5.1,-0.01,7,3569,中性盘
1362,09:39:48,5.11,0.02,180,91980,买盘
1363,09:39:45,5.09,--,208,105872,卖盘
1364,09:39:36,5.09,-0.01,66,33594,卖盘
1365,09:39:33,5.1,--,70,35700,买盘
1366,09:39:27,5.1,-0.01,200,102000,中性盘
1367,09:39:24,5.11,0.01,1005,513555,买盘
1368,09:39:21,5.1,0.01,57,29069,买盘
1369,09:39:18,5.09,-0.01,15,7635,卖盘
1370,09:39:15,5.1,--,20,10200,买盘
1371,09:39:09,5.1,-0.01,74,37740,卖盘
1372,09:39:00,5.11,0.01,20,10220,买盘
1373,09:38:51,5.1,-0.01,118,60179,卖盘
1374,09:38:48,5.11,0.01,802,409822,买盘
1375,09:38:36,5.1,--,1,509,卖盘
1376,09:38:33,5.1,-0.01,15,7649,卖盘
1377,09:38:30,5.11,0.01,6,3066,买盘
1378,09:38:27,5.1,--,18,9180,买盘
1379,09:38:24,5.1,--,92,46920,卖盘
1380,09:38:21,5.1,--,16,8159,卖盘
1381,09:38:18,5.1,--,188,95880,买盘
1382,09:38:09,5.1,-0.01,101,51510,卖盘
1383,09:38:03,5.11,0.01,303,154833,买盘
1384,09:37:48,5.1,--,23,11730,卖盘
1385,09:37:45,5.1,--,59,30089,卖盘
1386,09:37:39,5.1,--,9,4590,卖盘
1387,09:37:36,5.1,--,10,5100,卖盘
1388,09:37:30,5.1,-0.01,108,55079,卖盘
1389,09:37:27,5.11,0.01,100,51100,买盘
1390,09:37:21,5.1,--,70,35700,卖盘
1391,09:37:12,5.1,-0.01,77,39270,卖盘
1392,09:37:09,5.11,0.01,110,56210,买盘
1393,09:37:06,5.1,--,8,4079,卖盘
1394,09:37:03,5.1,--,9,4590,卖盘
1395,09:37:00,5.1,--,17,8670,卖盘
1396,09:36:57,5.1,--,5,2550,卖盘
1397,09:36:51,5.1,-0.01,18,9180,卖盘
1398,09:36:48,5.11,0.01,35,17885,买盘
1399,09:36:45,5.1,--,30,15299,卖盘
1400,09:36:36,5.1,--,330,168300,卖盘
1401,09:36:27,5.1,0.01,28,14279,中性盘
1402,09:36:21,5.09,--,10,5090,卖盘
1403,09:36:18,5.09,--,5,2545,卖盘
1404,09:36:15,5.09,-0.01,29,14761,卖盘
1405,09:36:12,5.1,--,158,80580,卖盘
1406,09:36:09,5.1,--,540,275400,买盘
1407,09:36:06,5.1,--,17,8670,买盘
1408,09:36:03,5.1,--,19,9690,买盘
1409,09:36:00,5.1,--,100,51000,买盘
1410,09:35:57,5.1,0.01,30,15299,买盘
1411,09:35:54,5.09,-0.01,77,39193,卖盘
1412,09:35:51,5.1,--,2,1019,买盘
1413,09:35:42,5.1,0.01,50,25500,买盘
1414,09:35:39,5.09,--,33,16797,买盘
1415,09:35:30,5.09,--,302,153718,卖盘
1416,09:35:27,5.09,-0.01,12,6108,卖盘
1417,09:35:21,5.1,0.01,59,30089,买盘
1418,09:35:15,5.09,--,188,95692,卖盘
1419,09:35:12,5.09,--,46,23414,卖盘
1420,09:35:06,5.09,--,49,24941,卖盘
1421,09:35:03,5.09,--,1,509,卖盘
1422,09:34:56,5.09,--,56,28504,卖盘
1423,09:34:53,5.09,--,40,20360,卖盘
1424,09:34:47,5.09,--,143,72787,卖盘
1425,09:34:44,5.09,--,553,281477,买盘
1426,09:34:41,5.09,--,10,5090,买盘
1427,09:34:38,5.09,--,40,20360,买盘
1428,09:34:32,5.09,--,174,88566,卖盘
1429,09:34:29,5.09,--,347,176623,卖盘
1430,09:34:23,5.09,--,40,20360,买盘
1431,09:34:20,5.09,-0.01,10,5090,中性盘
1432,09:34:17,5.1,0.01,858,437579,买盘
1433,09:34:14,5.09,-0.01,233,118597,卖盘
1434,09:34:11,5.1,--,16,8159,买盘
1435,09:34:08,5.1,0.01,24,12240,买盘
1436,09:34:05,5.09,--,589,299801,卖盘
1437,09:34:02,5.09,--,36,18324,卖盘
1438,09:33:59,5.09,--,83,42247,卖盘
1439,09:33:56,5.09,-0.01,5,2545,卖盘
1440,09:33:50,5.1,0.02,12,6120,买盘
1441,09:33:44,5.08,--,123,62484,卖盘
1442,09:33:38,5.08,-0.01,5,2540,卖盘
1443,09:33:32,5.09,--,38,19342,买盘
1444,09:33:29,5.09,-0.02,511,260099,卖盘
1445,09:33:26,5.11,--,12,6132,卖盘
1446,09:33:23,5.11,--,73,37303,卖盘
1447,09:33:20,5.11,--,55,28105,卖盘
1448,09:33:14,5.11,--,201,102711,买盘
1449,09:33:11,5.11,0.01,55,28105,买盘
1450,09:33:08,5.1,--,68,34680,卖盘
1451,09:33:05,5.1,--,15,7649,卖盘
1452,09:33:02,5.1,-0.02,5,2550,卖盘
1453,09:32:59,5.12,0.01,521,266752,买盘
1454,09:32:56,5.11,--,2,1022,卖盘
1455,09:32:53,5.11,--,17,8687,卖盘
1456,09:32:50,5.11,--,28,14308,卖盘
1457,09:32:47,5.11,-0.01,90,45990,卖盘
1458,09:32:41,5.12,--,171,87552,卖盘
1459,09:32:38,5.12,--,65,33280,卖盘
1460,09:32:35,5.12,--,163,83456,卖盘
1461,09:32:29,5.12,--,76,38912,卖盘
1462,09:32:26,5.12,--,12,6144,卖盘
1463,09:32:23,5.12,-0.01,1,512,卖盘
1464,09:32:17,5.13,0.01,11,5643,买盘
1465,09:32:14,5.12,--,12,6144,卖盘
1466,09:32:05,5.12,--,7,3584,卖盘
1467,09:31:53,5.12,--,25,12800,卖盘
1468,09:31:50,5.12,--,3,1536,卖盘
1469,09:31:47,5.12,--,356,182272,卖盘
1470,09:31:44,5.12,--,136,69632,卖盘
1471,09:31:38,5.12,--,70,35840,卖盘
1472,09:31:35,5.12,--,9,4608,卖盘
1473,09:31:32,5.12,-0.01,21,10752,卖盘
1474,09:31:29,5.13,0.01,20,10260,买盘
1475,09:31:26,5.12,--,20,10240,卖盘
1476,09:31:23,5.12,--,4,2048,卖盘
1477,09:31:20,5.12,--,9,4608,卖盘
1478,09:31:17,5.12,--,11,5632,卖盘
1479,09:31:11,5.12,--,67,34304,卖盘
1480,09:30:59,5.12,--,30,15360,卖盘
1481,09:30:50,5.12,-0.01,40,20480,卖盘
1482,09:30:41,5.13,--,196,100548,买盘
1483,09:30:29,5.13,--,105,53865,买盘
1484,09:30:20,5.13,--,5,2565,买盘
1485,09:30:17,5.13,0.01,5,2565,买盘
1486,09:30:08,5.12,--,60,30720,卖盘
1487,09:30:05,5.12,-0.03,576,294912,卖盘
1488,09:25:35,5.15,--,0,0,买盘
1489,09:25:05,5.15,5.15,823,423845,买盘
