,time,price,change,volume,amount,type
0,15:00:22,36.7,-0.01,156,572520,卖盘
1,14:57:49,36.71,--,0,0,买盘
2,14:57:01,36.71,--,2,7342,卖盘
3,14:56:52,36.71,-0.01,41,151502,买盘
4,14:56:37,36.72,0.01,11,40392,买盘
5,14:56:19,36.71,-0.01,3,11013,卖盘
6,14:56:10,36.72,--,15,55080,买盘
7,14:55:52,36.72,--,2,7344,卖盘
8,14:55:49,36.72,--,3,11016,卖盘
9,14:55:34,36.72,--,5,18360,买盘
10,14:55:19,36.72,--,2,7344,买盘
11,14:55:16,36.72,0.01,1,3672,买盘
12,14:55:10,36.71,--,3,11013,卖盘
13,14:55:07,36.71,--,1,3671,卖盘
14,14:54:58,36.71,-0.01,2,7342,卖盘
15,14:54:49,36.72,--,1,3672,买盘
16,14:54:43,36.72,--,1,3672,买盘
17,14:54:37,36.72,--,8,29376,卖盘
18,14:54:31,36.72,-0.03,2,7344,中性盘
19,14:54:07,36.75,0.04,1,3675,买盘
20,14:54:04,36.71,--,8,29368,卖盘
21,14:53:43,36.71,--,10,36710,卖盘
22,14:53:34,36.71,-0.01,5,18355,卖盘
23,14:53:28,36.72,0.01,1,3672,买盘
24,14:53:25,36.71,--,3,11013,卖盘
25,14:53:10,36.71,0.03,10,36710,中性盘
26,14:52:25,36.68,-0.04,2,7336,卖盘
27,14:52:13,36.72,-0.03,3,11016,卖盘
28,14:52:04,36.75,--,5,18375,买盘
29,14:52:01,36.75,--,5,18375,卖盘
30,14:51:49,36.75,-0.02,1,3675,卖盘
31,14:51:43,36.77,0.02,2,7354,买盘
32,14:51:31,36.75,--,4,14700,卖盘
33,14:51:16,36.75,-0.02,2,7350,卖盘
34,14:51:07,36.77,--,21,77217,买盘
35,14:50:58,36.77,--,16,58832,卖盘
36,14:50:52,36.77,--,10,36770,卖盘
37,14:50:43,36.77,-0.01,3,11031,卖盘
38,14:50:37,36.78,--,3,11034,买盘
39,14:50:34,36.78,-0.02,15,55170,卖盘
40,14:50:25,36.8,--,1,3679,卖盘
41,14:50:13,36.8,--,14,51519,买盘
42,14:49:46,36.8,--,6,22080,买盘
43,14:49:28,36.8,-0.04,12,44160,卖盘
44,14:49:25,36.84,--,5,18420,卖盘
45,14:49:19,36.84,0.05,10,36840,买盘
46,14:49:07,36.79,-0.01,3,11037,买盘
47,14:49:01,36.8,--,2,7359,卖盘
48,14:48:55,36.8,--,7,25759,卖盘
49,14:48:49,36.8,--,2,7359,卖盘
50,14:48:34,36.8,0.02,57,209759,买盘
51,14:48:31,36.78,--,5,18390,卖盘
52,14:48:28,36.78,0.01,15,55170,买盘
53,14:48:19,36.77,0.02,10,36770,买盘
54,14:48:04,36.75,--,1,3675,卖盘
55,14:47:58,36.75,--,5,18375,卖盘
56,14:47:55,36.75,0.03,20,73500,买盘
57,14:47:52,36.72,--,2,7344,卖盘
58,14:47:49,36.72,--,5,18360,卖盘
59,14:47:43,36.72,--,4,14688,买盘
60,14:47:37,36.72,--,1,3672,买盘
61,14:47:22,36.72,0.02,5,18360,买盘
62,14:47:19,36.7,-0.02,3,11010,卖盘
63,14:47:16,36.72,0.02,11,40392,买盘
64,14:47:07,36.7,0.02,1,3670,买盘
65,14:46:55,36.68,0.01,6,22008,买盘
66,14:46:43,36.67,0.07,9,33846,买盘
67,14:46:16,36.6,-0.07,3,10980,中性盘
68,14:46:07,36.67,0.08,10,36670,买盘
69,14:46:04,36.59,-0.01,30,109770,卖盘
70,14:46:01,36.6,--,16,58560,买盘
71,14:45:55,36.6,--,4,14640,买盘
72,14:45:43,36.6,0.01,10,36600,买盘
73,14:45:40,36.59,0.04,11,40249,买盘
74,14:45:28,36.55,--,12,43860,买盘
75,14:45:19,36.55,0.02,3,10965,买盘
76,14:44:55,36.53,0.02,19,69407,买盘
77,14:44:28,36.51,0.01,73,266523,买盘
78,14:44:22,36.5,-0.01,4,14600,卖盘
79,14:44:01,36.51,--,1,3651,买盘
80,14:43:37,36.51,--,20,73020,买盘
81,14:43:22,36.51,-0.02,6,21906,卖盘
82,14:43:19,36.53,--,9,32877,买盘
83,14:43:16,36.53,--,6,21918,买盘
84,14:43:04,36.53,--,2,7306,买盘
85,14:41:57,36.53,0.04,3,10959,买盘
86,14:41:48,36.49,--,18,65682,卖盘
87,14:41:39,36.49,--,1,3649,卖盘
88,14:41:30,36.49,-0.03,6,21894,卖盘
89,14:41:27,36.52,0.03,12,45321,买盘
90,14:41:15,36.49,--,3,10947,卖盘
91,14:40:45,36.49,--,3,10947,卖盘
92,14:40:33,36.49,-0.03,7,25543,卖盘
93,14:40:30,36.52,0.03,2,7304,买盘
94,14:39:57,36.49,-0.03,28,102172,卖盘
95,14:39:51,36.52,0.03,2,7304,买盘
96,14:39:06,36.49,--,3,10947,卖盘
97,14:38:39,36.49,0.01,1,3649,中性盘
98,14:38:18,36.48,--,6,21887,卖盘
99,14:37:51,36.48,-0.04,9,32832,卖盘
100,14:37:33,36.52,0.04,5,18260,买盘
101,14:37:12,36.48,0.01,17,62015,买盘
102,14:36:57,36.47,0.04,5,18235,买盘
103,14:36:36,36.43,--,1,3643,买盘
104,14:36:27,36.43,--,1,3643,买盘
105,14:36:24,36.43,--,2,7286,卖盘
106,14:36:18,36.43,0.01,7,25501,中性盘
107,14:36:00,36.42,--,3,10926,卖盘
108,14:35:57,36.42,-0.05,2,7284,中性盘
109,14:35:51,36.47,0.06,14,51058,中性盘
110,14:35:36,36.41,-0.01,80,291280,卖盘
111,14:35:30,36.42,--,1,3642,买盘
112,14:35:27,36.42,0.01,4,14568,中性盘
113,14:35:09,36.41,--,20,72820,卖盘
114,14:35:03,36.41,-0.01,5,18205,卖盘
115,14:34:51,36.42,0.01,1,3642,中性盘
116,14:34:42,36.41,--,7,25486,卖盘
117,14:34:30,36.41,-0.11,1,3640,卖盘
118,14:34:18,36.52,0.1,2,7304,买盘
119,14:34:03,36.42,-0.06,8,29136,卖盘
120,14:33:54,36.48,--,1,3647,卖盘
121,14:33:51,36.48,--,1,3647,卖盘
122,14:33:48,36.48,0.07,7,25535,买盘
123,14:33:42,36.41,--,1,3640,卖盘
124,14:33:33,36.41,--,1,3640,卖盘
125,14:33:21,36.41,-0.02,8,29127,卖盘
126,14:32:57,36.43,0.02,1,3643,卖盘
127,14:32:48,36.41,--,1,3640,卖盘
128,14:32:36,36.41,-0.07,1,3640,卖盘
129,14:32:30,36.48,--,2,7295,卖盘
130,14:32:27,36.48,--,1,3647,卖盘
131,14:32:15,36.48,--,1,3647,卖盘
132,14:32:06,36.48,-0.04,1,3647,卖盘
133,14:32:00,36.52,--,0,2154,卖盘
134,14:31:42,36.52,--,1,3652,卖盘
135,14:31:30,36.52,--,1,3652,卖盘
136,14:31:21,36.52,0.01,18,67233,买盘
137,14:31:18,36.51,--,2,7302,卖盘
138,14:31:09,36.51,--,1,3651,卖盘
139,14:31:00,36.51,-0.01,1,3651,卖盘
140,14:30:51,36.52,0.01,2,7304,买盘
141,14:30:48,36.51,--,1,3651,卖盘
142,14:30:39,36.51,0.1,5,18255,买盘
143,14:30:36,36.41,--,1,3640,卖盘
144,14:30:15,36.41,--,1,3640,卖盘
145,14:30:09,36.41,--,3,10922,卖盘
146,14:30:03,36.41,--,1,3640,卖盘
147,14:29:54,36.41,--,1,3640,卖盘
148,14:29:42,36.41,--,1,3640,卖盘
149,14:29:30,36.41,--,1,3640,卖盘
150,14:29:18,36.41,--,1,3640,卖盘
151,14:29:09,36.41,0.01,1,3640,中性盘
152,14:28:57,36.4,--,1,3640,卖盘
153,14:28:36,36.4,--,1,3640,卖盘
154,14:28:27,36.4,--,1,3640,卖盘
155,14:28:12,36.4,--,1,3640,卖盘
156,14:28:03,36.4,--,1,3640,卖盘
157,14:27:51,36.4,--,1,3640,卖盘
158,14:27:42,36.4,--,1,3640,卖盘
159,14:27:30,36.4,--,1,3640,卖盘
160,14:27:21,36.4,--,1,3640,卖盘
161,14:27:06,36.4,-0.12,1,3640,中性盘
162,14:26:54,36.52,0.12,15,54780,买盘
163,14:26:48,36.4,0.01,1,3640,买盘
164,14:26:18,36.39,--,3,10917,买盘
165,14:26:00,36.39,--,3,10917,卖盘
166,14:25:48,36.39,-0.01,2,7278,卖盘
167,14:25:30,36.4,--,0,1092,卖盘
168,14:25:27,36.4,--,10,36400,卖盘
169,14:24:54,36.4,--,5,18200,卖盘
170,14:24:27,36.4,--,5,18200,卖盘
171,14:24:21,36.4,--,6,21840,卖盘
172,14:24:09,36.4,--,3,10920,卖盘
173,14:24:03,36.4,--,12,43680,卖盘
174,14:24:00,36.4,--,20,72800,卖盘
175,14:23:44,36.4,--,20,72800,卖盘
176,14:23:29,36.4,--,5,18200,卖盘
177,14:23:26,36.4,--,10,36400,卖盘
178,14:23:17,36.4,--,4,14560,卖盘
179,14:23:05,36.4,--,1,3640,卖盘
180,14:23:02,36.4,--,12,43680,卖盘
181,14:22:53,36.4,--,1,3640,卖盘
182,14:22:44,36.4,--,1,3640,卖盘
183,14:22:41,36.4,--,4,14560,卖盘
184,14:22:29,36.4,--,1,3640,卖盘
185,14:22:20,36.4,--,1,3640,卖盘
186,14:22:08,36.4,--,1,3640,卖盘
187,14:21:56,36.4,-0.13,52,189280,卖盘
188,14:21:50,36.53,0.05,1,3653,买盘
189,14:21:47,36.48,--,1,3647,卖盘
190,14:21:44,36.48,--,4,14591,卖盘
191,14:21:26,36.48,--,3,10943,卖盘
192,14:21:23,36.48,--,1,3647,卖盘
193,14:21:20,36.48,--,10,36480,卖盘
194,14:21:14,36.48,--,1,3647,卖盘
195,14:21:02,36.48,--,1,3647,卖盘
196,14:20:59,36.48,--,100,364799,卖盘
197,14:20:53,36.48,-0.06,1,3647,卖盘
198,14:20:50,36.54,0.06,1,3654,买盘
199,14:20:44,36.48,--,3,10943,卖盘
200,14:20:41,36.48,--,1,3647,卖盘
201,14:20:32,36.48,--,2,7295,卖盘
202,14:20:17,36.48,--,1,3647,卖盘
203,14:19:56,36.48,--,1,3647,卖盘
204,14:19:47,36.48,--,1,3647,卖盘
205,14:19:35,36.48,--,1,3647,卖盘
206,14:19:32,36.48,--,10,36480,卖盘
207,14:19:26,36.48,--,2,7295,卖盘
208,14:19:17,36.48,0.06,1,3647,中性盘
209,14:19:02,36.42,0.01,1,3642,中性盘
210,14:18:50,36.41,--,1,3640,卖盘
211,14:18:29,36.41,--,1,3640,卖盘
212,14:18:20,36.41,--,1,3640,卖盘
213,14:18:08,36.41,0.01,2,7281,买盘
214,14:17:56,36.4,--,1,3640,卖盘
215,14:17:44,36.4,-0.01,1,3640,卖盘
216,14:17:41,36.41,0.01,1,3640,买盘
217,14:17:35,36.4,--,1,3640,卖盘
218,14:17:23,36.4,--,1,3640,卖盘
219,14:17:14,36.4,--,1,3640,卖盘
220,14:17:11,36.4,--,5,18200,卖盘
221,14:16:50,36.4,--,4,14560,卖盘
222,14:16:38,36.4,--,1,3640,卖盘
223,14:16:35,36.4,--,126,461188,卖盘
224,14:16:29,36.4,-0.01,1,3640,卖盘
225,14:16:20,36.41,--,6,21845,买盘
226,14:16:17,36.41,0.01,2,7281,买盘
227,14:16:05,36.4,-0.01,1,3640,卖盘
228,14:16:02,36.41,--,1,3640,买盘
229,14:15:59,36.41,0.01,5,18205,买盘
230,14:15:56,36.4,-0.01,1,3640,卖盘
231,14:15:53,36.41,--,25,91024,买盘
232,14:15:38,36.41,0.01,20,72820,买盘
233,14:15:32,36.4,--,1,3640,卖盘
234,14:15:20,36.4,--,1,3640,卖盘
235,14:15:11,36.4,-0.01,17,61880,卖盘
236,14:15:05,36.41,-0.19,3,10922,卖盘
237,14:14:59,36.6,0.19,53,193980,买盘
238,14:14:50,36.41,--,1,3640,卖盘
239,14:14:26,36.41,--,1,3640,卖盘
240,14:14:23,36.41,--,1,3640,卖盘
241,14:14:17,36.41,--,1,3640,卖盘
242,14:14:05,36.41,-0.01,1,3640,卖盘
243,14:13:53,36.42,0.01,1,3642,中性盘
244,14:13:44,36.41,-0.09,1,3640,卖盘
245,14:13:35,36.5,0.09,39,142350,买盘
246,14:13:32,36.41,--,1,3640,卖盘
247,14:13:29,36.41,--,4,14563,卖盘
248,14:13:17,36.41,-0.09,1,3640,卖盘
249,14:13:05,36.5,0.09,25,91250,买盘
250,14:12:56,36.41,-0.06,1,3640,卖盘
251,14:12:50,36.47,0.06,3,10941,买盘
252,14:12:47,36.41,--,1,3640,卖盘
253,14:12:35,36.41,--,1,3640,卖盘
254,14:12:26,36.41,--,1,3640,卖盘
255,14:12:17,36.41,-0.06,1,3640,卖盘
256,14:12:08,36.47,0.06,1,3647,买盘
257,14:12:02,36.41,--,1,3640,卖盘
258,14:11:56,36.41,--,27,98306,卖盘
259,14:11:53,36.41,--,1,3640,卖盘
260,14:11:32,36.41,--,1,3640,卖盘
261,14:11:20,36.41,-0.06,1,3640,卖盘
262,14:11:17,36.47,--,9,32823,卖盘
263,14:11:08,36.47,--,1,3647,卖盘
264,14:10:56,36.47,--,1,3647,卖盘
265,14:10:47,36.47,0.06,10,36470,买盘
266,14:10:44,36.41,--,1,3640,卖盘
267,14:10:35,36.41,-0.06,1,3640,中性盘
268,14:10:26,36.47,0.07,11,40117,买盘
269,14:10:11,36.4,--,1,3640,卖盘
270,14:10:05,36.4,--,1,3640,卖盘
271,14:09:59,36.4,--,3,10920,卖盘
272,14:09:50,36.4,--,1,3640,卖盘
273,14:09:44,36.4,--,4,14560,卖盘
274,14:09:38,36.4,--,6,21840,卖盘
275,14:09:29,36.4,--,1,3640,卖盘
276,14:09:26,36.4,-0.01,20,72800,卖盘
277,14:09:17,36.41,--,2,7281,卖盘
278,14:09:08,36.41,--,1,3640,卖盘
279,14:09:02,36.41,--,1,3640,卖盘
280,14:08:59,36.41,0.01,30,109229,买盘
281,14:08:56,36.4,--,16,58240,卖盘
282,14:08:44,36.4,-0.01,1,3640,卖盘
283,14:08:23,36.41,--,1,3640,卖盘
284,14:08:20,36.41,--,4,14563,卖盘
285,14:08:11,36.41,--,4,14563,卖盘
286,14:08:08,36.41,--,1,3640,卖盘
287,14:08:05,36.41,--,2,7281,买盘
288,14:08:02,36.41,0.01,11,40050,买盘
289,14:07:59,36.4,--,35,127400,卖盘
290,14:07:53,36.4,--,2,7280,卖盘
291,14:07:50,36.4,--,1,3640,卖盘
292,14:07:44,36.4,--,5,18200,卖盘
293,14:07:41,36.4,-0.01,1,3640,卖盘
294,14:07:32,36.41,0.01,1,3640,买盘
295,14:07:26,36.4,--,1,3640,卖盘
296,14:07:23,36.4,--,26,94640,卖盘
297,14:07:17,36.4,-0.1,1,3640,卖盘
298,14:07:14,36.5,0.09,33,120450,买盘
299,14:07:11,36.41,--,2,7281,卖盘
300,14:07:08,36.41,-0.09,40,145640,卖盘
301,14:06:59,36.5,0.09,30,109500,买盘
302,14:06:56,36.41,--,1,3640,卖盘
303,14:06:44,36.41,--,1,3640,卖盘
304,14:06:35,36.41,-0.01,1,3640,卖盘
305,14:06:26,36.42,--,2,7284,卖盘
306,14:06:23,36.42,--,1,3642,卖盘
307,14:06:20,36.42,--,1,3642,卖盘
308,14:06:14,36.42,--,26,94692,卖盘
309,14:06:11,36.42,--,5,18210,卖盘
310,14:05:59,36.42,--,1,3642,卖盘
311,14:05:50,36.42,--,1,3642,卖盘
312,14:05:38,36.42,--,1,3642,卖盘
313,14:05:35,36.42,--,19,69198,卖盘
314,14:05:16,36.42,-0.03,10,36420,卖盘
315,14:05:13,36.45,--,1,3645,卖盘
316,14:05:04,36.45,0.04,1,3645,中性盘
317,14:04:55,36.41,--,14,50973,卖盘
318,14:04:52,36.41,--,1,3640,卖盘
319,14:04:43,36.41,--,1,3640,卖盘
320,14:04:31,36.41,--,1,3640,卖盘
321,14:04:22,36.41,--,1,3640,卖盘
322,14:04:13,36.41,--,1,3640,卖盘
323,14:04:07,36.41,--,1,3640,卖盘
324,14:04:04,36.41,--,4,14563,卖盘
325,14:03:58,36.41,--,1,3640,卖盘
326,14:03:55,36.41,--,43,156562,卖盘
327,14:03:46,36.41,--,1,3640,卖盘
328,14:03:31,36.41,--,8,29127,卖盘
329,14:03:25,36.41,--,7,25486,卖盘
330,14:03:16,36.41,--,1,3640,卖盘
331,14:03:07,36.41,--,7,25486,卖盘
332,14:03:04,36.41,--,1,3640,卖盘
333,14:02:52,36.41,--,1,3640,卖盘
334,14:02:46,36.41,-0.01,10,36410,卖盘
335,14:02:43,36.42,0.01,1,3642,买盘
336,14:02:40,36.41,-0.01,1,3640,卖盘
337,14:02:37,36.42,0.01,2,7284,买盘
338,14:02:28,36.41,--,1,3640,卖盘
339,14:02:22,36.41,--,2,7281,卖盘
340,14:02:19,36.41,-0.01,1,3640,卖盘
341,14:02:10,36.42,0.01,8,29136,买盘
342,14:01:58,36.41,-0.01,1,3640,卖盘
343,14:01:46,36.42,0.01,2,7284,中性盘
344,14:01:34,36.41,--,1,3640,卖盘
345,14:01:31,36.41,--,112,407791,卖盘
346,14:01:22,36.41,--,1,3640,卖盘
347,14:01:19,36.41,--,10,36410,卖盘
348,14:01:16,36.41,--,1,3640,卖盘
349,14:01:04,36.41,-0.01,1,3640,卖盘
350,14:00:37,36.42,--,1,3642,卖盘
351,14:00:28,36.42,-0.08,1,3642,中性盘
352,14:00:22,36.5,0.09,7,25550,买盘
353,14:00:16,36.41,-0.01,2,7281,卖盘
354,14:00:07,36.42,--,1,3642,卖盘
355,13:59:58,36.42,0.01,2,7284,买盘
356,13:59:55,36.41,-0.01,1,3640,卖盘
357,13:59:46,36.42,0.01,11,40062,买盘
358,13:59:31,36.41,--,1,3640,卖盘
359,13:59:22,36.41,-0.01,1,3640,卖盘
360,13:59:04,36.42,0.01,5,18210,买盘
361,13:58:58,36.41,--,16,58255,卖盘
362,13:58:52,36.41,--,1,3640,卖盘
363,13:58:40,36.41,--,1,3640,卖盘
364,13:58:34,36.41,--,5,18205,卖盘
365,13:58:28,36.41,-0.01,1,3640,卖盘
366,13:58:16,36.42,--,5,18210,卖盘
367,13:58:04,36.42,0.01,1,3642,中性盘
368,13:57:55,36.41,--,4,14563,卖盘
369,13:57:34,36.41,-0.02,21,76461,卖盘
370,13:57:22,36.43,--,1,3643,卖盘
371,13:57:10,36.43,--,1,3643,卖盘
372,13:56:58,36.43,--,1,3643,卖盘
373,13:56:49,36.43,--,1,3643,卖盘
374,13:56:46,36.43,0.02,277,1009111,买盘
375,13:56:37,36.41,--,1,3640,卖盘
376,13:56:28,36.41,--,1,3640,卖盘
377,13:56:25,36.41,--,55,200254,卖盘
378,13:56:16,36.41,--,1,3640,卖盘
379,13:55:52,36.41,--,1,3640,卖盘
380,13:55:43,36.41,--,1,3640,卖盘
381,13:55:31,36.41,--,1,3640,卖盘
382,13:55:22,36.41,--,6,21845,卖盘
383,13:55:10,36.41,--,1,3640,卖盘
384,13:55:01,36.41,--,8,29127,卖盘
385,13:54:46,36.41,--,1,3640,卖盘
386,13:54:40,36.41,--,17,61896,卖盘
387,13:54:37,36.41,--,1,3640,卖盘
388,13:54:22,36.41,--,1,3640,卖盘
389,13:54:16,36.41,-0.01,1,3640,卖盘
390,13:54:13,36.42,0.01,2,7284,买盘
391,13:54:04,36.41,--,1,3640,卖盘
392,13:53:55,36.41,--,1,3640,卖盘
393,13:53:40,36.41,--,4,14563,卖盘
394,13:53:31,36.41,--,31,112870,卖盘
395,13:53:19,36.41,-0.01,1,3640,卖盘
396,13:53:10,36.42,--,9,32778,买盘
397,13:53:01,36.42,0.01,6,21852,买盘
398,13:52:58,36.41,-0.01,4,14563,卖盘
399,13:52:49,36.42,--,1,3642,买盘
400,13:52:37,36.42,0.01,7,25494,买盘
401,13:52:25,36.41,--,1,3640,卖盘
402,13:52:16,36.41,--,6,21845,卖盘
403,13:52:13,36.41,-0.01,1,3640,卖盘
404,13:52:07,36.42,0.01,2,7284,买盘
405,13:52:04,36.41,--,30,109229,卖盘
406,13:52:01,36.41,-0.01,1,3640,卖盘
407,13:51:58,36.42,0.01,16,58272,买盘
408,13:51:52,36.41,-0.01,25,91024,卖盘
409,13:51:49,36.42,--,1,3642,买盘
410,13:51:46,36.42,0.01,3,10926,买盘
411,13:51:43,36.41,-0.01,1,3640,卖盘
412,13:51:34,36.42,--,36,131112,买盘
413,13:51:28,36.42,--,12,43704,买盘
414,13:51:25,36.42,0.01,36,131112,买盘
415,13:51:16,36.41,-0.01,1,3640,卖盘
416,13:51:10,36.42,0.01,37,134754,买盘
417,13:51:07,36.41,-0.01,1,3640,卖盘
418,13:50:58,36.42,0.01,4,14568,买盘
419,13:50:52,36.41,--,2,7281,卖盘
420,13:50:46,36.41,-0.01,15,54614,卖盘
421,13:50:43,36.42,0.01,3,10926,买盘
422,13:50:34,36.41,-0.01,4,14563,卖盘
423,13:50:28,36.42,0.01,1,3642,买盘
424,13:50:25,36.41,-0.01,9,32769,卖盘
425,13:50:13,36.42,--,78,284076,卖盘
426,13:50:10,36.42,--,1,3642,卖盘
427,13:50:01,36.42,-0.01,1,3642,卖盘
428,13:49:52,36.43,--,1,3643,买盘
429,13:49:49,36.43,--,65,236795,卖盘
430,13:49:40,36.43,--,1,3643,卖盘
431,13:49:28,36.43,--,3,10929,卖盘
432,13:49:19,36.43,-0.02,41,149363,卖盘
433,13:49:04,36.45,--,1,3645,卖盘
434,13:48:55,36.45,--,1,3645,卖盘
435,13:48:34,36.45,--,1,3645,卖盘
436,13:48:22,36.45,--,1,3645,卖盘
437,13:48:19,36.45,--,9,32805,卖盘
438,13:48:13,36.45,-0.05,1,3645,卖盘
439,13:48:07,36.5,0.05,1,3650,买盘
440,13:48:01,36.45,--,1,3645,卖盘
441,13:47:49,36.45,--,1,3645,卖盘
442,13:47:37,36.45,--,1,3645,卖盘
443,13:47:28,36.45,--,1,3645,卖盘
444,13:47:16,36.45,--,1,3645,卖盘
445,13:47:10,36.45,--,10,36450,卖盘
446,13:46:55,36.45,--,1,3645,卖盘
447,13:46:43,36.45,--,1,3645,卖盘
448,13:46:31,36.45,--,1,3645,卖盘
449,13:46:22,36.45,--,3,10935,中性盘
450,13:46:10,36.45,0.02,1,3645,中性盘
451,13:45:48,36.43,--,1,3643,卖盘
452,13:45:39,36.43,--,1,3643,卖盘
453,13:45:24,36.43,--,1,3643,卖盘
454,13:45:12,36.43,--,1,3643,卖盘
455,13:45:06,36.43,0.01,10,36430,买盘
456,13:45:03,36.42,--,1,3642,卖盘
457,13:45:00,36.42,--,1,3642,卖盘
458,13:44:54,36.42,--,1,3642,卖盘
459,13:44:39,36.42,-0.02,100,364200,卖盘
460,13:44:33,36.44,--,1,3644,卖盘
461,13:44:21,36.44,--,4,14576,卖盘
462,13:44:18,36.44,--,1,3644,卖盘
463,13:44:09,36.44,--,1,3644,卖盘
464,13:43:57,36.44,-0.05,1,3644,中性盘
465,13:43:48,36.49,0.06,1,3649,中性盘
466,13:43:36,36.43,-0.07,1,3643,卖盘
467,13:43:15,36.5,0.07,100,365000,买盘
468,13:43:12,36.43,-0.06,1,3643,卖盘
469,13:43:06,36.49,0.07,5,18245,买盘
470,13:42:51,36.42,-0.01,1,3642,卖盘
471,13:42:39,36.43,-0.07,204,743172,卖盘
472,13:42:36,36.5,--,15,54750,卖盘
473,13:42:30,36.5,0.01,81,295650,买盘
474,13:42:21,36.49,-0.06,1,3649,卖盘
475,13:42:06,36.55,0.06,1,3654,买盘
476,13:41:57,36.49,-0.01,1,3649,卖盘
477,13:41:45,36.5,0.01,1,3650,卖盘
478,13:41:39,36.49,--,9,32841,卖盘
479,13:41:33,36.49,--,1,3649,卖盘
480,13:41:24,36.49,--,1,3649,卖盘
481,13:41:12,36.49,-0.01,1,3649,卖盘
482,13:41:06,36.5,0.01,1,3650,买盘
483,13:41:03,36.49,-0.01,1,3649,卖盘
484,13:41:00,36.5,0.01,15,54750,买盘
485,13:40:48,36.49,-0.01,1,3649,卖盘
486,13:40:30,36.5,0.01,5,18250,买盘
487,13:40:27,36.49,--,1,3649,卖盘
488,13:40:18,36.49,--,1,3649,卖盘
489,13:40:06,36.49,-0.01,1,3649,卖盘
490,13:40:03,36.5,--,5,18250,买盘
491,13:40:00,36.5,0.01,1,3650,买盘
492,13:39:57,36.49,-0.01,1,3649,卖盘
493,13:39:54,36.5,0.01,1,3650,买盘
494,13:39:45,36.49,-0.01,1,3649,卖盘
495,13:39:39,36.5,0.01,20,73000,买盘
496,13:39:33,36.49,-0.01,1,3649,卖盘
497,13:39:12,36.5,-0.05,153,558450,卖盘
498,13:39:09,36.55,0.04,15,54824,买盘
499,13:39:03,36.51,0.01,2,7302,买盘
500,13:39:00,36.5,--,1,3650,卖盘
501,13:38:51,36.5,0.01,1,3650,中性盘
502,13:38:36,36.49,--,1,3649,卖盘
503,13:38:27,36.49,0.01,1,3649,中性盘
504,13:38:15,36.48,--,1,3647,卖盘
505,13:38:12,36.48,0.03,2,7295,卖盘
506,13:38:06,36.45,--,1,3645,卖盘
507,13:37:45,36.45,0.01,1,3645,中性盘
508,13:37:30,36.44,--,2,7288,卖盘
509,13:37:21,36.44,--,1,3644,卖盘
510,13:37:12,36.44,--,7,25508,卖盘
511,13:37:09,36.44,0.01,1,3644,中性盘
512,13:37:00,36.43,--,6,21858,卖盘
513,13:36:39,36.43,--,1,3643,卖盘
514,13:36:27,36.43,--,1,3643,卖盘
515,13:36:15,36.43,--,1,3643,卖盘
516,13:36:03,36.43,--,1,3643,卖盘
517,13:35:54,36.43,-0.07,1,3643,卖盘
518,13:35:45,36.5,0.07,2,7300,买盘
519,13:35:42,36.43,-0.07,1,3643,卖盘
520,13:35:36,36.5,--,5,18250,买盘
521,13:35:30,36.5,0.05,5,18250,买盘
522,13:35:21,36.45,--,22,80190,卖盘
523,13:35:09,36.45,--,1,3645,卖盘
524,13:34:57,36.45,0.02,4,14580,买盘
525,13:34:54,36.43,--,17,61931,卖盘
526,13:34:48,36.43,--,1,3643,卖盘
527,13:34:39,36.43,--,4,14572,卖盘
528,13:34:36,36.43,-0.02,1,3643,卖盘
529,13:34:30,36.45,--,5,18225,卖盘
530,13:34:27,36.45,--,1,3645,卖盘
531,13:34:24,36.45,--,3,10935,卖盘
532,13:34:03,36.45,--,1,3645,卖盘
533,13:33:51,36.45,--,1,3645,卖盘
534,13:33:42,36.45,--,1,3645,卖盘
535,13:33:30,36.45,--,1,3645,卖盘
536,13:33:21,36.45,--,1,3645,卖盘
537,13:33:09,36.45,-0.01,1,3645,卖盘
538,13:32:54,36.46,--,8,29168,卖盘
539,13:32:48,36.46,--,1,3646,卖盘
540,13:32:36,36.46,--,1,3646,卖盘
541,13:32:24,36.46,--,1,3646,卖盘
542,13:32:21,36.46,--,2,7292,卖盘
543,13:32:15,36.46,--,1,3646,卖盘
544,13:32:09,36.46,-0.01,17,61982,卖盘
545,13:32:03,36.47,--,1,3647,卖盘
546,13:31:54,36.47,--,1,3647,卖盘
547,13:31:51,36.47,--,1,3647,卖盘
548,13:31:45,36.47,--,6,21882,卖盘
549,13:31:27,36.47,--,1,3647,卖盘
550,13:31:24,36.47,--,11,40117,卖盘
551,13:31:18,36.47,--,1,3647,卖盘
552,13:31:06,36.47,--,1,3647,卖盘
553,13:30:57,36.47,-0.02,1,3647,卖盘
554,13:30:54,36.49,0.02,3,10947,买盘
555,13:30:45,36.47,--,1,3647,卖盘
556,13:30:33,36.47,--,1,3647,卖盘
557,13:30:24,36.47,--,1,3647,卖盘
558,13:30:12,36.47,-0.02,15,54705,卖盘
559,13:30:00,36.49,0.02,10,36490,买盘
560,13:29:12,36.47,-0.02,6,21882,卖盘
561,13:29:03,36.49,0.01,1,3649,买盘
562,13:28:48,36.48,-0.01,2,7295,卖盘
563,13:28:33,36.49,-0.01,4,14596,卖盘
564,13:28:09,36.5,0.01,10,36500,买盘
565,13:26:47,36.49,-0.01,1,3649,卖盘
566,13:26:44,36.5,--,1,3650,买盘
567,13:26:38,36.5,0.01,1,3650,买盘
568,13:26:29,36.49,-0.01,4,14596,卖盘
569,13:26:05,36.5,--,5,18250,买盘
570,13:25:47,36.5,0.01,1,3650,买盘
571,13:25:23,36.49,-0.01,3,10947,中性盘
572,13:24:38,36.5,--,10,36500,买盘
573,13:23:26,36.5,0.01,1,3650,买盘
574,13:23:23,36.49,0.03,21,76629,买盘
575,13:23:17,36.46,-0.03,5,18230,卖盘
576,13:23:11,36.49,--,5,18245,买盘
577,13:22:59,36.49,--,5,18245,卖盘
578,13:22:32,36.49,--,2,7298,卖盘
579,13:22:17,36.49,0.03,3,10947,买盘
580,13:22:11,36.46,-0.02,5,18230,卖盘
581,13:21:44,36.48,-0.02,3,10943,卖盘
582,13:21:29,36.5,--,20,73000,卖盘
583,13:21:14,36.5,--,2,7300,卖盘
584,13:20:35,36.5,--,1,3650,卖盘
585,13:20:29,36.5,--,10,36500,买盘
586,13:20:20,36.5,--,40,146000,买盘
587,13:19:53,36.5,--,100,365000,买盘
588,13:19:35,36.5,--,3,10950,买盘
589,13:19:26,36.5,--,44,160600,买盘
590,13:19:23,36.5,--,1,3650,买盘
591,13:19:14,36.5,--,2,7300,买盘
592,13:19:11,36.5,--,1,3650,买盘
593,13:19:08,36.5,--,5,18250,买盘
594,13:18:41,36.5,-0.01,195,711750,卖盘
595,13:17:38,36.51,0.01,7,25557,中性盘
596,13:17:32,36.5,--,20,73000,卖盘
597,13:17:29,36.5,--,56,204400,买盘
598,13:17:11,36.5,--,1,3650,买盘
599,13:16:47,36.5,--,51,186150,买盘
600,13:16:29,36.5,--,1,3650,卖盘
601,13:15:50,36.5,--,5,18250,中性盘
602,13:15:32,36.5,--,1,3650,买盘
603,13:15:23,36.5,--,2,7300,买盘
604,13:15:20,36.5,--,1,3650,买盘
605,13:15:02,36.5,--,8,29200,买盘
606,13:14:59,36.5,--,2,7300,买盘
607,13:14:53,36.5,--,1,3650,买盘
608,13:14:44,36.5,-0.05,30,109500,买盘
609,13:14:41,36.55,-0.18,35,127924,卖盘
610,13:14:29,36.73,0.01,15,55094,买盘
611,13:14:17,36.72,--,4,14688,买盘
612,13:13:59,36.72,0.12,2,7344,中性盘
613,13:12:56,36.6,0.01,7,25620,买盘
614,13:12:53,36.59,--,2,7318,买盘
615,13:12:41,36.59,-0.01,1,3659,中性盘
616,13:12:26,36.6,0.03,15,54900,买盘
617,13:12:08,36.57,0.07,30,109710,买盘
618,13:11:23,36.5,--,1,3650,卖盘
619,13:11:14,36.5,-0.05,1,3650,卖盘
620,13:09:29,36.55,-0.01,1,3654,卖盘
621,13:09:17,36.56,0.01,2,7312,买盘
622,13:09:11,36.55,--,3,10965,卖盘
623,13:08:19,36.55,--,4,14619,买盘
624,13:08:13,36.55,0.01,1,3654,中性盘
625,13:07:37,36.54,-0.02,1,3654,中性盘
626,13:07:07,36.56,0.03,33,120648,买盘
627,13:07:01,36.53,0.03,8,29224,买盘
628,13:06:55,36.5,0.18,12,43800,买盘
629,13:06:01,36.32,--,6,21792,买盘
630,13:05:52,36.32,--,3,10896,买盘
631,13:05:37,36.32,--,8,29056,卖盘
632,13:05:31,36.32,--,5,18160,中性盘
633,13:05:16,36.32,-0.16,3,10896,中性盘
634,13:04:58,36.48,--,2,7295,卖盘
635,13:04:46,36.48,--,2,7295,卖盘
636,13:04:40,36.48,--,28,102143,买盘
637,13:04:25,36.48,--,31,113087,买盘
638,13:04:16,36.48,0.01,32,116735,买盘
639,13:04:07,36.47,--,13,47411,卖盘
640,13:03:55,36.47,0.16,22,80234,买盘
641,13:03:46,36.31,--,5,18155,卖盘
642,13:03:34,36.31,-0.17,10,36310,卖盘
643,13:03:25,36.48,--,15,54719,卖盘
644,13:03:13,36.48,0.16,16,58367,买盘
645,13:03:07,36.32,0.02,1,3632,中性盘
646,13:01:55,36.3,-0.15,550,1996499,卖盘
647,13:00:13,36.45,-0.03,2,7290,卖盘
648,13:00:07,36.48,--,2,7295,卖盘
649,13:00:04,36.48,0.03,14,51071,买盘
650,11:30:00,36.45,--,1,3645,卖盘
651,11:29:54,36.45,--,8,29160,买盘
652,11:29:14,36.45,--,3,10935,买盘
653,11:29:08,36.45,--,2,7290,买盘
654,11:28:41,36.45,0.01,7,25515,中性盘
655,11:27:08,36.44,--,5,18220,卖盘
656,11:27:05,36.44,--,3,10932,卖盘
657,11:26:29,36.44,-0.01,8,29152,卖盘
658,11:26:02,36.45,-0.03,5,18225,卖盘
659,11:25:59,36.48,0.03,5,18240,买盘
660,11:24:53,36.45,-0.03,1,3645,卖盘
661,11:24:47,36.48,--,10,36480,买盘
662,11:23:02,36.48,--,5,18240,买盘
663,11:22:41,36.48,--,1,3647,中性盘
664,11:22:14,36.48,--,2,7295,买盘
665,11:21:35,36.48,--,1,3647,卖盘
666,11:20:56,36.48,--,9,32832,买盘
667,11:20:50,36.48,0.03,1,3647,买盘
668,11:20:05,36.45,--,1,3645,卖盘
669,11:20:02,36.45,0.01,3,10935,买盘
670,11:19:41,36.44,0.03,4,14576,买盘
671,11:19:17,36.41,--,50,182049,卖盘
672,11:19:14,36.41,--,3,10922,卖盘
673,11:18:47,36.41,--,2,7281,卖盘
674,11:18:38,36.41,--,9,32769,卖盘
675,11:18:26,36.41,--,11,40050,卖盘
676,11:18:11,36.41,--,5,18205,卖盘
677,11:17:59,36.41,--,30,109229,卖盘
678,11:17:50,36.41,--,12,43691,卖盘
679,11:17:44,36.41,--,110,400509,卖盘
680,11:17:17,36.41,--,50,182049,卖盘
681,11:17:11,36.41,--,20,72820,卖盘
682,11:17:08,36.41,--,7,25486,卖盘
683,11:17:05,36.41,--,3,10922,卖盘
684,11:16:11,36.41,--,44,160203,卖盘
685,11:16:02,36.41,--,1,3640,卖盘
686,11:15:59,36.41,--,1,3640,卖盘
687,11:15:35,36.41,--,2,7281,卖盘
688,11:15:32,36.41,--,5,18205,卖盘
689,11:15:26,36.41,-0.05,115,418714,卖盘
690,11:15:11,36.46,0.01,1,3646,买盘
691,11:14:56,36.45,--,1,3645,卖盘
692,11:14:50,36.45,--,32,116640,买盘
693,11:14:17,36.45,--,3,10935,买盘
694,11:14:11,36.45,-0.05,5,18225,卖盘
695,11:13:50,36.5,--,4,14600,买盘
696,11:12:50,36.5,--,96,350400,买盘
697,11:12:44,36.5,--,1,3650,买盘
698,11:12:38,36.5,--,4,14600,买盘
699,11:12:26,36.5,--,64,233600,买盘
700,11:10:47,36.5,--,50,182500,买盘
701,11:10:41,36.5,--,5,18250,买盘
702,11:10:07,36.5,0.01,3,10950,买盘
703,11:09:58,36.49,--,5,18245,卖盘
704,11:09:49,36.49,--,3,14085,卖盘
705,11:09:28,36.49,0.08,48,175152,买盘
706,11:09:22,36.41,-0.02,168,612743,卖盘
707,11:08:28,36.43,-0.01,5,18215,卖盘
708,11:07:25,36.44,0.01,4,14576,买盘
709,11:06:49,36.43,-0.01,6,21858,卖盘
710,11:06:28,36.44,--,1,3644,买盘
711,11:06:13,36.44,--,14,51016,买盘
712,11:06:07,36.44,--,1,3644,买盘
713,11:05:55,36.44,-0.01,12,43728,卖盘
714,11:05:34,36.45,-0.03,24,87480,卖盘
715,11:05:13,36.48,0.04,1,3647,中性盘
716,11:02:58,36.44,-0.05,2,7288,卖盘
717,11:02:55,36.49,0.05,49,178801,买盘
718,11:02:43,36.44,--,1,3644,卖盘
719,11:02:25,36.44,--,2,7288,卖盘
720,11:01:49,36.44,--,1,3644,买盘
721,11:01:34,36.44,0.01,3,10932,买盘
722,11:01:28,36.43,-0.01,2,7286,卖盘
723,11:01:16,36.44,--,3,10932,买盘
724,11:01:04,36.44,0.01,2,7288,买盘
725,11:00:58,36.43,--,6,21858,卖盘
726,10:59:04,36.43,--,7,25501,卖盘
727,10:58:34,36.43,-0.02,6,21858,卖盘
728,10:58:28,36.45,--,3,10935,买盘
729,10:58:16,36.45,--,1,3645,买盘
730,10:57:55,36.45,--,5,18225,买盘
731,10:57:49,36.45,--,2,7290,买盘
732,10:57:28,36.45,--,10,36450,买盘
733,10:56:52,36.45,0.03,1,3645,买盘
734,10:56:10,36.42,-0.01,31,112902,卖盘
735,10:56:04,36.43,--,2,7286,买盘
736,10:55:49,36.43,--,10,36430,买盘
737,10:55:43,36.43,--,3,10929,买盘
738,10:55:40,36.43,0.01,1,3643,买盘
739,10:55:37,36.42,-0.01,5,18210,卖盘
740,10:55:28,36.43,0.01,3,10929,买盘
741,10:54:37,36.42,0.01,1,3642,买盘
742,10:54:31,36.41,--,2,7281,卖盘
743,10:54:19,36.41,-0.01,38,138358,卖盘
744,10:54:10,36.42,-0.01,2,7284,卖盘
745,10:54:04,36.43,0.02,1,3643,买盘
746,10:52:55,36.41,-0.02,38,138358,卖盘
747,10:52:37,36.43,0.02,1,3643,买盘
748,10:52:34,36.41,-0.02,25,91024,卖盘
749,10:52:16,36.43,0.02,2,7286,买盘
750,10:52:04,36.41,--,47,171126,卖盘
751,10:51:49,36.41,--,3,10922,卖盘
752,10:51:37,36.41,-0.02,25,91024,卖盘
753,10:51:34,36.43,0.02,2,7286,买盘
754,10:51:25,36.41,-0.02,40,145640,卖盘
755,10:51:22,36.43,0.02,2,7286,买盘
756,10:51:07,36.41,--,1,3640,卖盘
757,10:50:46,36.41,--,15,54614,卖盘
758,10:50:40,36.41,--,1,3640,卖盘
759,10:49:21,36.41,--,5,18205,卖盘
760,10:49:09,36.41,--,3,10922,卖盘
761,10:49:06,36.41,--,2,7281,卖盘
762,10:48:51,36.41,--,1,3640,卖盘
763,10:48:33,36.41,-0.02,51,185690,卖盘
764,10:48:06,36.43,--,10,36430,卖盘
765,10:47:33,36.43,--,5,18215,卖盘
766,10:47:27,36.43,--,1,3643,买盘
767,10:47:12,36.43,-0.02,1,3643,中性盘
768,10:46:30,36.45,0.04,1,3645,买盘
769,10:46:27,36.41,--,60,218459,卖盘
770,10:46:24,36.41,--,1,3640,卖盘
771,10:46:21,36.41,--,1,3640,卖盘
772,10:46:12,36.41,--,1,3640,卖盘
773,10:46:00,36.41,--,2,7281,卖盘
774,10:45:57,36.41,--,2,7281,卖盘
775,10:45:42,36.41,-0.04,11,40050,卖盘
776,10:45:36,36.45,--,3,10935,买盘
777,10:45:27,36.45,--,11,40095,买盘
778,10:45:15,36.45,0.04,6,21870,买盘
779,10:44:42,36.41,--,12,43691,卖盘
780,10:44:33,36.41,--,7,25486,卖盘
781,10:43:51,36.41,--,9,32769,卖盘
782,10:43:48,36.41,--,6,21845,卖盘
783,10:43:39,36.41,-0.04,10,36410,卖盘
784,10:43:36,36.45,0.04,3,10935,买盘
785,10:43:30,36.41,--,2,7281,卖盘
786,10:43:12,36.41,--,6,21845,卖盘
787,10:42:54,36.41,-0.03,50,182049,卖盘
788,10:42:30,36.44,0.03,3,10932,买盘
789,10:42:21,36.41,0.06,10,36410,中性盘
790,10:40:30,36.35,-0.1,62,225370,卖盘
791,10:40:21,36.45,0.06,30,109350,买盘
792,10:39:18,36.39,-0.01,4,14556,卖盘
793,10:38:39,36.4,--,9,32760,卖盘
794,10:37:54,36.4,--,4,14560,买盘
795,10:37:51,36.4,--,2,7280,买盘
796,10:37:33,36.4,--,2,7280,买盘
797,10:37:21,36.4,--,3,10920,卖盘
798,10:37:00,36.4,--,2,7280,买盘
799,10:36:57,36.4,--,1,3640,买盘
800,10:36:51,36.4,--,1,3640,买盘
801,10:36:45,36.4,--,1,3640,买盘
802,10:36:39,36.4,0.01,1,3640,买盘
803,10:36:30,36.39,--,1,3639,买盘
804,10:36:21,36.39,--,1,3639,买盘
805,10:36:15,36.39,-0.01,1,3639,中性盘
806,10:36:09,36.4,--,2,7280,买盘
807,10:36:06,36.4,0.07,1,3640,买盘
808,10:35:54,36.33,-0.07,1,3633,卖盘
809,10:35:39,36.4,--,1,3640,买盘
810,10:35:33,36.4,--,1,3640,买盘
811,10:35:27,36.4,--,1,3640,买盘
812,10:35:21,36.4,--,1,3640,买盘
813,10:35:15,36.4,--,1,3640,买盘
814,10:35:09,36.4,--,1,3640,买盘
815,10:35:06,36.4,--,2,7280,买盘
816,10:35:03,36.4,--,1,3640,买盘
817,10:34:33,36.4,0.01,14,50960,买盘
818,10:33:51,36.39,-0.01,5,18195,中性盘
819,10:33:21,36.4,0.08,11,40040,买盘
820,10:32:57,36.32,--,18,65376,卖盘
821,10:32:39,36.32,-0.01,1,3632,卖盘
822,10:31:57,36.33,--,3,10899,买盘
823,10:31:54,36.33,--,1,3633,买盘
824,10:31:45,36.33,--,1,3633,买盘
825,10:31:35,36.33,0.01,3,10899,买盘
826,10:31:29,36.32,--,2,7264,卖盘
827,10:31:11,36.32,--,2,7264,卖盘
828,10:31:05,36.32,-0.07,1,3632,卖盘
829,10:31:02,36.39,0.07,1,3639,中性盘
830,10:30:59,36.32,-0.01,2,7264,卖盘
831,10:30:41,36.33,-0.07,1,3633,卖盘
832,10:30:35,36.4,--,5,18200,买盘
833,10:30:32,36.4,0.07,1,3640,买盘
834,10:30:23,36.33,-0.07,3,10899,卖盘
835,10:30:02,36.4,--,3,10920,买盘
836,10:29:59,36.4,0.08,2,7280,买盘
837,10:29:32,36.32,--,11,39952,买盘
838,10:29:11,36.32,--,3,10896,买盘
839,10:29:05,36.32,0.01,3,10896,买盘
840,10:28:47,36.31,-0.01,5,18155,卖盘
841,10:28:29,36.32,--,3,10896,买盘
842,10:28:05,36.32,--,6,21792,买盘
843,10:27:47,36.32,--,5,18160,卖盘
844,10:27:32,36.32,--,4,14528,买盘
845,10:27:20,36.32,-0.08,1,3632,卖盘
846,10:26:59,36.4,0.09,5,18200,买盘
847,10:26:29,36.31,-0.09,1,3631,卖盘
848,10:26:11,36.4,0.1,10,36400,买盘
849,10:26:02,36.3,--,2,7259,卖盘
850,10:25:44,36.3,-0.01,20,72600,卖盘
851,10:25:29,36.31,-0.08,48,174288,卖盘
852,10:25:08,36.39,--,2,7278,卖盘
853,10:25:02,36.39,0.06,13,47307,中性盘
854,10:23:53,36.33,0.03,2,7266,中性盘
855,10:23:26,36.3,-0.03,17,61709,卖盘
856,10:23:20,36.33,0.03,4,14532,中性盘
857,10:22:23,36.3,-0.03,14,50819,卖盘
858,10:22:14,36.33,--,1,3633,买盘
859,10:22:08,36.33,0.03,4,14532,中性盘
860,10:21:44,36.3,-0.07,128,464639,卖盘
861,10:21:38,36.37,--,24,87288,卖盘
862,10:21:23,36.37,0.04,104,378793,买盘
863,10:21:14,36.33,0.03,14,50862,买盘
864,10:20:59,36.3,--,69,250941,买盘
865,10:20:44,36.3,--,6,21780,买盘
866,10:20:38,36.3,--,131,478688,卖盘
867,10:20:35,36.3,--,7,25409,卖盘
868,10:20:29,36.3,--,5,18150,卖盘
869,10:20:26,36.3,-0.02,133,486347,卖盘
870,10:20:23,36.32,0.02,2,7264,买盘
871,10:20:17,36.3,--,101,366630,卖盘
872,10:19:59,36.3,-0.02,7,25409,卖盘
873,10:19:38,36.32,--,1,3632,买盘
874,10:19:32,36.32,0.02,1,3632,买盘
875,10:19:26,36.3,--,5,18150,卖盘
876,10:19:23,36.3,-0.03,10,36300,卖盘
877,10:19:17,36.33,0.01,4,14532,买盘
878,10:19:11,36.32,-0.01,2,7264,卖盘
879,10:19:08,36.33,0.01,741,2692706,买盘
880,10:19:05,36.32,-0.01,13,47216,卖盘
881,10:19:02,36.33,0.01,3,10899,中性盘
882,10:18:32,36.32,-0.01,10,36320,卖盘
883,10:18:29,36.33,-0.04,2,7266,中性盘
884,10:18:17,36.37,0.05,7,25459,买盘
885,10:17:50,36.32,--,9,32688,卖盘
886,10:17:20,36.32,--,4,14528,卖盘
887,10:17:17,36.32,-0.05,2,7264,卖盘
888,10:17:14,36.37,0.05,12,43644,买盘
889,10:16:56,36.32,-0.06,10,36320,卖盘
890,10:16:35,36.38,--,35,128203,卖盘
891,10:16:32,36.38,--,15,54570,卖盘
892,10:16:29,36.38,--,1,3638,卖盘
893,10:16:20,36.38,0.06,18,68248,买盘
894,10:16:05,36.32,--,2,7264,卖盘
895,10:15:59,36.32,--,4,14528,卖盘
896,10:15:56,36.32,--,2,7264,卖盘
897,10:15:53,36.32,-0.06,7,25424,卖盘
898,10:15:44,36.38,0.05,170,618460,买盘
899,10:15:41,36.33,--,83,301539,卖盘
900,10:15:32,36.33,-0.05,1,3633,卖盘
901,10:15:05,36.38,-0.02,2,7276,买盘
902,10:14:56,36.4,--,18,66393,卖盘
903,10:14:44,36.4,--,2,7280,卖盘
904,10:14:38,36.4,--,1,3640,卖盘
905,10:14:35,36.4,--,3,10920,卖盘
906,10:14:29,36.4,--,1,3640,卖盘
907,10:14:23,36.4,--,112,407680,卖盘
908,10:13:53,36.4,--,2,7280,卖盘
909,10:13:50,36.4,--,7,25480,卖盘
910,10:13:35,36.4,--,3,10920,卖盘
911,10:13:26,36.4,-0.02,1,3640,卖盘
912,10:13:23,36.42,--,1,3642,买盘
913,10:13:17,36.42,--,1,3642,买盘
914,10:13:04,36.42,--,6,21852,卖盘
915,10:13:01,36.42,-0.02,10,36420,卖盘
916,10:12:52,36.44,0.02,8,29152,买盘
917,10:12:43,36.42,-0.02,3,10926,卖盘
918,10:12:34,36.44,--,15,54660,买盘
919,10:12:19,36.44,-0.01,3,10932,卖盘
920,10:12:16,36.45,0.01,14,51030,买盘
921,10:12:01,36.44,--,7,25508,卖盘
922,10:11:13,36.44,--,3,10932,买盘
923,10:11:01,36.44,--,5,18220,买盘
924,10:10:55,36.44,-0.01,2,7288,买盘
925,10:10:46,36.45,--,2,7290,买盘
926,10:10:40,36.45,0.01,5,18225,买盘
927,10:10:22,36.44,--,1,3644,卖盘
928,10:10:16,36.44,--,2,7288,卖盘
929,10:10:10,36.44,0.02,5,18220,卖盘
930,10:10:07,36.42,0.02,12,43704,买盘
931,10:10:04,36.4,--,6,21840,卖盘
932,10:10:01,36.4,--,20,72800,卖盘
933,10:09:55,36.4,--,7,28246,卖盘
934,10:09:49,36.4,--,10,36400,卖盘
935,10:09:46,36.4,--,4,14560,买盘
936,10:09:40,36.4,0.07,300,1092000,买盘
937,10:09:34,36.33,--,101,366933,卖盘
938,10:09:16,36.33,-0.01,1,3633,卖盘
939,10:09:13,36.34,--,3,10902,卖盘
940,10:09:04,36.34,--,2,7268,卖盘
941,10:09:01,36.34,0.01,5,18170,卖盘
942,10:08:58,36.33,--,11,39963,卖盘
943,10:08:52,36.33,--,59,214347,卖盘
944,10:08:49,36.33,--,6,21798,买盘
945,10:08:13,36.33,0.01,3,10899,中性盘
946,10:07:52,36.32,-0.01,3,10896,卖盘
947,10:07:46,36.33,-0.05,11,39963,卖盘
948,10:07:34,36.38,0.05,3,10914,买盘
949,10:07:31,36.33,-0.05,1,3633,卖盘
950,10:07:22,36.38,--,5,18190,卖盘
951,10:07:10,36.38,0.05,10,36380,中性盘
952,10:06:55,36.33,-0.05,5,18165,卖盘
953,10:06:28,36.38,-0.02,1,3638,卖盘
954,10:06:25,36.4,--,8,29120,卖盘
955,10:06:13,36.4,--,1,3640,卖盘
956,10:05:34,36.4,--,1,3640,卖盘
957,10:05:13,36.4,--,2,7280,买盘
958,10:04:37,36.4,-0.02,167,607880,卖盘
959,10:04:25,36.42,0.01,2,7284,买盘
960,10:04:16,36.41,-0.01,11,40050,卖盘
961,10:04:13,36.42,--,5,18210,买盘
962,10:04:07,36.42,--,1,3642,买盘
963,10:04:01,36.42,--,1,3642,卖盘
964,10:03:52,36.42,-0.03,2,7284,中性盘
965,10:03:31,36.45,--,29,105705,买盘
966,10:03:10,36.45,0.05,3,10935,买盘
967,10:03:07,36.4,-0.01,13,47320,卖盘
968,10:02:55,36.41,0.01,10,36410,买盘
969,10:02:46,36.4,-0.04,1,3640,卖盘
970,10:02:43,36.44,--,1,3644,卖盘
971,10:02:40,36.44,0.04,1,3644,中性盘
972,10:02:28,36.4,--,2,7280,卖盘
973,10:02:25,36.4,-0.05,48,174720,卖盘
974,10:02:16,36.45,0.01,150,546750,买盘
975,10:01:52,36.44,--,20,72880,买盘
976,10:01:34,36.44,0.02,4,14576,买盘
977,10:01:22,36.42,-0.03,2,7284,卖盘
978,10:01:01,36.45,0.04,10,36450,买盘
979,10:00:52,36.41,-0.04,5,18205,卖盘
980,10:00:43,36.45,0.05,7,25515,买盘
981,10:00:34,36.4,--,5,18200,卖盘
982,10:00:22,36.4,--,5,18200,买盘
983,10:00:07,36.4,0.1,5,18200,买盘
984,09:59:31,36.3,-0.01,117,428231,卖盘
985,09:59:28,36.31,0.01,16,58096,买盘
986,09:59:19,36.3,--,2,7259,买盘
987,09:59:16,36.3,--,6,21780,买盘
988,09:58:52,36.3,--,49,177870,买盘
989,09:58:49,36.3,--,5,18150,买盘
990,09:58:46,36.3,--,30,108899,买盘
991,09:58:43,36.3,--,10,36300,买盘
992,09:58:40,36.3,0.01,2,7259,买盘
993,09:58:28,36.29,-0.01,7,26600,中性盘
994,09:58:25,36.3,0.01,15,54449,买盘
995,09:58:22,36.29,--,7,25403,卖盘
996,09:58:19,36.29,--,2,7258,卖盘
997,09:58:13,36.29,0.02,11,39919,买盘
998,09:57:55,36.27,-0.01,32,116064,卖盘
999,09:57:52,36.28,--,4,14512,买盘
1000,09:57:49,36.28,0.01,4,14512,买盘
1001,09:57:46,36.27,-0.01,5,18135,卖盘
1002,09:57:43,36.28,--,10,36280,买盘
1003,09:57:40,36.28,--,2,7256,买盘
1004,09:57:34,36.28,-0.01,133,482524,卖盘
1005,09:57:31,36.29,0.01,80,290320,买盘
1006,09:57:28,36.28,--,23,83444,卖盘
1007,09:57:25,36.28,-0.01,100,362800,卖盘
1008,09:57:19,36.29,--,1,3629,买盘
1009,09:57:13,36.29,--,1,3629,买盘
1010,09:56:58,36.29,-0.01,8,29032,卖盘
1011,09:56:40,36.3,--,1,3629,买盘
1012,09:56:37,36.3,-0.01,57,206909,卖盘
1013,09:56:31,36.31,0.01,9,32679,中性盘
1014,09:56:22,36.3,-0.1,114,413819,卖盘
1015,09:56:19,36.4,0.05,5,18200,买盘
1016,09:56:04,36.35,-0.05,4,14540,卖盘
1017,09:55:49,36.4,--,21,78878,卖盘
1018,09:55:37,36.4,--,9,32760,卖盘
1019,09:55:28,36.4,-0.05,5,18200,卖盘
1020,09:55:22,36.45,0.05,2,7290,买盘
1021,09:55:19,36.4,-0.01,60,218400,卖盘
1022,09:55:16,36.41,0.01,1,3640,卖盘
1023,09:55:10,36.4,--,1,3640,卖盘
1024,09:54:52,36.4,0.01,2,7280,卖盘
1025,09:54:43,36.39,-0.09,168,612552,卖盘
1026,09:54:40,36.48,0.08,21,76608,买盘
1027,09:54:37,36.4,--,10,36400,买盘
1028,09:54:31,36.4,--,2,7280,买盘
1029,09:54:28,36.4,--,22,80080,买盘
1030,09:54:22,36.4,0.01,3,10920,买盘
1031,09:54:19,36.39,--,30,109170,卖盘
1032,09:54:06,36.39,0.11,20,72780,买盘
1033,09:54:03,36.28,0.01,8,29024,买盘
1034,09:54:00,36.27,-0.05,1,3627,中性盘
1035,09:53:57,36.32,0.06,2,7264,卖盘
1036,09:53:54,36.26,0.01,22,79772,中性盘
1037,09:53:39,36.25,--,9,32625,卖盘
1038,09:53:36,36.25,--,5,18125,卖盘
1039,09:53:33,36.25,--,9,32625,卖盘
1040,09:53:30,36.25,--,6,21750,卖盘
1041,09:53:27,36.25,--,62,224750,买盘
1042,09:53:21,36.25,--,4,14500,买盘
1043,09:53:18,36.25,--,1,3625,买盘
1044,09:53:15,36.25,--,5,18125,买盘
1045,09:53:09,36.25,0.01,12,43500,买盘
1046,09:53:03,36.24,--,9,32616,买盘
1047,09:53:00,36.24,-0.01,45,163080,买盘
1048,09:52:54,36.25,--,29,105125,买盘
1049,09:52:51,36.25,0.01,15,54375,买盘
1050,09:52:48,36.24,--,25,90600,卖盘
1051,09:52:45,36.24,-0.01,1,3624,卖盘
1052,09:52:36,36.25,--,3,10875,买盘
1053,09:52:30,36.25,--,12,43500,买盘
1054,09:52:21,36.25,--,8,29000,买盘
1055,09:52:18,36.25,-0.05,16,58000,卖盘
1056,09:52:12,36.3,0.05,3,10890,买盘
1057,09:52:09,36.25,-0.05,1,3625,卖盘
1058,09:52:03,36.3,-0.05,2,7259,卖盘
1059,09:52:00,36.35,-0.03,23,83605,卖盘
1060,09:51:57,36.38,-0.02,4,14552,卖盘
1061,09:51:54,36.4,0.01,3,10920,买盘
1062,09:51:51,36.39,-0.01,3,10917,卖盘
1063,09:51:48,36.4,--,2,7280,买盘
1064,09:51:42,36.4,-0.01,94,342160,卖盘
1065,09:51:36,36.41,--,4,14563,卖盘
1066,09:51:33,36.41,-0.09,2,7281,卖盘
1067,09:51:27,36.5,--,9,32850,买盘
1068,09:51:21,36.5,--,2,7300,买盘
1069,09:51:15,36.5,-0.05,173,631450,卖盘
1070,09:51:12,36.55,0.05,5,18275,买盘
1071,09:51:06,36.5,-0.05,109,397850,卖盘
1072,09:51:00,36.55,-0.01,1,3654,中性盘
1073,09:50:57,36.56,--,25,91400,买盘
1074,09:50:54,36.56,-0.01,7,25592,卖盘
1075,09:50:48,36.57,--,3,10971,卖盘
1076,09:50:39,36.57,-0.03,2,7314,卖盘
1077,09:50:36,36.6,--,2,7320,卖盘
1078,09:50:30,36.6,-0.04,26,95160,卖盘
1079,09:50:24,36.64,-0.01,2,7328,卖盘
1080,09:50:21,36.65,-0.05,19,72457,卖盘
1081,09:50:15,36.7,--,50,183500,卖盘
1082,09:50:06,36.7,-0.05,2,7340,卖盘
1083,09:50:00,36.75,-0.01,1,3675,中性盘
1084,09:49:51,36.76,-0.04,1,3676,卖盘
1085,09:49:45,36.8,--,36,132480,卖盘
1086,09:49:42,36.8,-0.01,10,36800,卖盘
1087,09:49:33,36.81,0.01,7,25767,买盘
1088,09:49:24,36.8,--,2,7359,卖盘
1089,09:49:15,36.8,0.04,8,29439,买盘
1090,09:49:09,36.76,0.01,1,3676,买盘
1091,09:48:51,36.75,0.03,1,3675,买盘
1092,09:48:45,36.72,--,6,22032,卖盘
1093,09:48:39,36.72,--,8,29376,买盘
1094,09:48:30,36.72,0.05,9,33048,买盘
1095,09:48:15,36.67,0.01,1,3667,买盘
1096,09:48:12,36.66,--,4,14663,卖盘
1097,09:48:00,36.66,0.01,11,40325,中性盘
1098,09:47:54,36.65,-0.01,13,47645,卖盘
1099,09:47:51,36.66,0.01,1,3665,买盘
1100,09:47:48,36.65,-0.01,23,85137,卖盘
1101,09:47:36,36.66,0.01,1,3665,买盘
1102,09:47:33,36.65,-0.01,60,219900,卖盘
1103,09:47:24,36.66,0.01,5,18330,买盘
1104,09:47:21,36.65,--,24,87960,卖盘
1105,09:47:18,36.65,-0.02,4,14660,卖盘
1106,09:47:09,36.67,--,5,18335,买盘
1107,09:47:06,36.67,--,5,18335,买盘
1108,09:47:03,36.67,0.02,9,33003,买盘
1109,09:46:48,36.65,-0.03,6,21990,卖盘
1110,09:46:27,36.68,--,2,7336,卖盘
1111,09:46:09,36.68,-0.04,5,18340,卖盘
1112,09:45:51,36.72,--,2,7344,卖盘
1113,09:45:48,36.72,-0.01,10,36720,卖盘
1114,09:45:42,36.73,-0.01,3,11018,买盘
1115,09:45:36,36.74,--,5,18370,卖盘
1116,09:45:33,36.74,--,6,22044,卖盘
1117,09:45:30,36.74,0.01,13,47762,买盘
1118,09:45:24,36.73,-0.01,13,47748,卖盘
1119,09:45:21,36.74,0.01,3,11022,买盘
1120,09:45:18,36.73,-0.01,5,18365,卖盘
1121,09:45:15,36.74,--,5,18370,买盘
1122,09:45:09,36.74,--,5,18370,买盘
1123,09:45:03,36.74,--,1,3674,买盘
1124,09:44:57,36.74,--,2,7348,买盘
1125,09:44:54,36.74,--,5,18370,卖盘
1126,09:44:42,36.74,-0.01,9,33066,卖盘
1127,09:44:33,36.75,--,4,14700,卖盘
1128,09:44:24,36.75,-0.01,13,47775,卖盘
1129,09:44:21,36.76,--,22,80872,买盘
1130,09:44:15,36.76,--,4,14704,买盘
1131,09:44:12,36.76,--,29,106604,卖盘
1132,09:44:06,36.76,--,11,40436,卖盘
1133,09:43:54,36.76,0.01,2,7352,买盘
1134,09:43:45,36.75,-0.01,1,3675,中性盘
1135,09:43:42,36.76,--,2,7352,买盘
1136,09:43:39,36.76,--,1,3676,买盘
1137,09:43:36,36.76,--,1,3676,卖盘
1138,09:43:27,36.76,--,1,3676,卖盘
1139,09:43:15,36.76,-0.05,6,22056,卖盘
1140,09:42:51,36.81,0.01,30,110430,买盘
1141,09:42:45,36.8,-0.01,1,3679,卖盘
1142,09:42:42,36.81,0.01,7,25767,买盘
1143,09:42:33,36.8,--,4,14719,卖盘
1144,09:42:30,36.8,-0.01,6,22080,卖盘
1145,09:42:24,36.81,--,3,11043,买盘
1146,09:42:18,36.81,-0.03,110,404910,卖盘
1147,09:42:09,36.84,-0.01,4,14736,卖盘
1148,09:41:54,36.85,-0.01,15,55275,卖盘
1149,09:41:51,36.86,0.01,19,70034,中性盘
1150,09:41:24,36.85,--,3,11055,卖盘
1151,09:41:15,36.85,--,11,40535,卖盘
1152,09:40:51,36.85,-0.14,1,3685,卖盘
1153,09:40:45,36.99,0.14,1,3699,买盘
1154,09:40:42,36.85,0.02,4,14740,中性盘
1155,09:40:21,36.83,--,1,3683,卖盘
1156,09:40:15,36.83,--,8,29464,卖盘
1157,09:40:12,36.83,-0.01,4,14732,卖盘
1158,09:40:09,36.84,-0.01,10,36840,卖盘
1159,09:40:06,36.85,-0.01,7,25795,卖盘
1160,09:40:03,36.86,--,1,3686,卖盘
1161,09:40:00,36.86,-0.04,3,11058,卖盘
1162,09:39:57,36.9,-0.07,13,47970,卖盘
1163,09:39:54,36.97,0.02,6,22182,中性盘
1164,09:39:48,36.95,-0.06,12,44340,卖盘
1165,09:39:36,37.01,0.02,23,85123,买盘
1166,09:39:27,36.99,--,1,3699,买盘
1167,09:39:24,36.99,--,15,55485,买盘
1168,09:39:18,36.99,0.02,13,48087,买盘
1169,09:38:57,36.97,-0.02,2,7394,卖盘
1170,09:38:54,36.99,0.02,5,18495,买盘
1171,09:38:48,36.97,--,3,11091,买盘
1172,09:38:06,36.97,0.08,1,3697,买盘
1173,09:38:03,36.89,-0.08,5,18445,卖盘
1174,09:38:00,36.97,0.08,1,3697,买盘
1175,09:37:48,36.89,--,14,51646,买盘
1176,09:37:36,36.89,0.03,2,7378,买盘
1177,09:37:33,36.86,-0.03,1,3686,中性盘
1178,09:37:06,36.89,0.04,3,11067,买盘
1179,09:37:03,36.85,-0.04,5,18425,卖盘
1180,09:36:36,36.89,--,2,7378,买盘
1181,09:36:27,36.89,-0.01,15,55335,买盘
1182,09:35:57,36.9,-0.08,84,309960,卖盘
1183,09:35:51,36.98,0.08,2,7395,买盘
1184,09:35:27,36.9,--,3,11070,卖盘
1185,09:35:24,36.9,--,18,66420,卖盘
1186,09:34:44,36.9,0.05,1,3690,中性盘
1187,09:34:23,36.85,-0.13,2,7370,卖盘
1188,09:34:17,36.98,0.13,8,29583,买盘
1189,09:34:11,36.85,-0.13,2,7370,卖盘
1190,09:34:08,36.98,0.15,3,11093,买盘
1191,09:33:35,36.83,0.01,6,22098,买盘
1192,09:33:20,36.82,--,3,11046,卖盘
1193,09:33:17,36.82,-0.01,6,22092,卖盘
1194,09:32:56,36.83,--,1,3683,买盘
1195,09:32:50,36.83,0.01,2,7366,卖盘
1196,09:32:38,36.82,--,2,7364,卖盘
1197,09:32:35,36.82,--,1,3682,买盘
1198,09:32:29,36.82,0.01,5,18410,买盘
1199,09:32:26,36.81,--,10,36810,卖盘
1200,09:32:20,36.81,--,1,3681,卖盘
1201,09:32:17,36.81,-0.01,7,25767,卖盘
1202,09:32:08,36.82,-0.16,2,7364,卖盘
1203,09:31:50,36.98,0.17,6,22187,买盘
1204,09:31:29,36.81,--,11,40491,卖盘
1205,09:31:26,36.81,-0.17,6,22086,卖盘
1206,09:31:20,36.98,0.17,3,11093,买盘
1207,09:31:02,36.81,--,1,3681,卖盘
1208,09:30:59,36.81,--,2,7362,卖盘
1209,09:30:56,36.81,-0.18,5,18405,卖盘
1210,09:30:35,36.99,0.18,30,110970,买盘
1211,09:30:32,36.81,--,1,3681,卖盘
1212,09:30:26,36.81,-0.01,1,3681,卖盘
1213,09:30:23,36.82,0.01,2,7364,中性盘
1214,09:30:08,36.81,--,2,7362,卖盘
1215,09:30:05,36.81,0.18,51,187731,卖盘
1216,09:30:02,36.63,-0.17,19,69597,卖盘
1217,09:25:35,36.8,--,0,0,卖盘
1218,09:25:05,36.8,36.8,19,69920,买盘
