,time,price,change,volume,amount,type
0,15:00:22,5.15,0.01,3696,1903440,卖盘
1,14:57:49,5.14,--,0,0,买盘
2,14:57:01,5.14,--,59,30325,卖盘
3,14:56:58,5.14,0.01,137,70418,买盘
4,14:56:49,5.13,-0.01,843,432459,卖盘
5,14:56:43,5.14,--,9,4626,买盘
6,14:56:37,5.14,--,157,80698,买盘
7,14:56:31,5.14,0.01,28,14392,买盘
8,14:56:25,5.13,-0.01,11,5643,卖盘
9,14:56:22,5.14,--,50,25700,买盘
10,14:56:19,5.14,--,85,43690,买盘
11,14:56:10,5.14,--,521,267794,买盘
12,14:56:07,5.14,--,267,137238,买盘
13,14:56:04,5.14,--,38,19532,买盘
14,14:55:58,5.14,--,202,103828,买盘
15,14:55:55,5.14,--,30,15419,买盘
16,14:55:52,5.14,--,32,16448,买盘
17,14:55:49,5.14,--,1,514,买盘
18,14:55:46,5.14,0.01,27,13878,买盘
19,14:55:40,5.13,-0.01,12,6156,卖盘
20,14:55:37,5.14,--,10,5140,买盘
21,14:55:34,5.14,--,111,57054,买盘
22,14:55:31,5.14,0.01,50,25700,买盘
23,14:55:28,5.13,--,20,10260,卖盘
24,14:55:25,5.13,-0.01,11,5643,卖盘
25,14:55:22,5.14,--,10,5140,买盘
26,14:55:19,5.14,--,16,8224,买盘
27,14:55:16,5.14,0.01,10,5140,买盘
28,14:55:07,5.13,--,125,64125,卖盘
29,14:55:04,5.13,-0.01,77,39501,卖盘
30,14:54:58,5.14,0.01,3,1542,买盘
31,14:54:55,5.13,-0.01,47,24111,卖盘
32,14:54:52,5.14,--,2,1028,买盘
33,14:54:49,5.14,--,91,46774,买盘
34,14:54:43,5.14,0.01,27,13878,买盘
35,14:54:37,5.13,--,87,44631,卖盘
36,14:54:31,5.13,--,14,7182,卖盘
37,14:54:28,5.13,-0.01,18,9234,卖盘
38,14:54:25,5.14,0.01,10,5140,买盘
39,14:54:22,5.13,-0.01,33,16929,卖盘
40,14:54:19,5.14,--,43,22102,买盘
41,14:54:16,5.14,0.01,6,3084,买盘
42,14:54:10,5.13,-0.01,450,230850,卖盘
43,14:54:04,5.14,--,10,5140,买盘
44,14:54:01,5.14,0.01,150,77100,买盘
45,14:53:58,5.13,--,20,10260,卖盘
46,14:53:52,5.13,--,47,24111,卖盘
47,14:53:49,5.13,--,122,62586,卖盘
48,14:53:46,5.13,-0.01,23,11799,卖盘
49,14:53:43,5.14,--,83,42662,买盘
50,14:53:40,5.14,0.01,2,1028,买盘
51,14:53:37,5.13,-0.01,100,51300,卖盘
52,14:53:34,5.14,0.01,3,1542,买盘
53,14:53:28,5.13,-0.01,12,6156,卖盘
54,14:53:19,5.14,0.01,5,2570,买盘
55,14:53:16,5.13,--,50,25650,卖盘
56,14:53:10,5.13,-0.01,22,11286,卖盘
57,14:53:07,5.14,--,18,9252,买盘
58,14:53:04,5.14,0.01,4,2056,买盘
59,14:52:58,5.13,--,44,22572,卖盘
60,14:52:52,5.13,--,10,5130,卖盘
61,14:52:49,5.13,--,106,54378,卖盘
62,14:52:43,5.13,-0.01,49,25137,卖盘
63,14:52:40,5.14,0.01,166,85324,买盘
64,14:52:37,5.13,--,144,73872,卖盘
65,14:52:34,5.13,--,310,159030,卖盘
66,14:52:31,5.13,--,50,25650,卖盘
67,14:52:28,5.13,--,12,6156,卖盘
68,14:52:25,5.13,--,56,28728,卖盘
69,14:52:22,5.13,--,4,2052,卖盘
70,14:52:16,5.13,-0.01,6,3078,卖盘
71,14:52:10,5.14,--,2,1028,买盘
72,14:52:07,5.14,--,12,6168,买盘
73,14:52:04,5.14,0.01,234,120275,买盘
74,14:51:55,5.13,--,8,4104,卖盘
75,14:51:52,5.13,--,52,26676,卖盘
76,14:51:49,5.13,-0.01,10,5130,卖盘
77,14:51:43,5.14,0.01,222,114108,买盘
78,14:51:37,5.13,-0.01,26,13338,卖盘
79,14:51:31,5.14,0.01,15,7709,买盘
80,14:51:28,5.13,-0.01,46,23598,卖盘
81,14:51:25,5.14,0.01,52,26728,买盘
82,14:51:19,5.13,--,34,17442,卖盘
83,14:51:16,5.13,--,12,6156,卖盘
84,14:51:13,5.13,--,4,2052,卖盘
85,14:51:10,5.13,-0.01,50,25650,卖盘
86,14:50:58,5.14,0.01,45,23130,买盘
87,14:50:52,5.13,-0.01,45,23085,卖盘
88,14:50:49,5.14,0.01,10,5140,买盘
89,14:50:46,5.13,--,177,90801,卖盘
90,14:50:43,5.13,--,12,6156,卖盘
91,14:50:31,5.13,--,354,181602,卖盘
92,14:50:25,5.13,--,28,14364,卖盘
93,14:50:19,5.13,--,29,14877,卖盘
94,14:50:13,5.13,--,2,1026,卖盘
95,14:50:07,5.13,--,7,3591,卖盘
96,14:50:04,5.13,--,49,25137,卖盘
97,14:50:01,5.13,-0.01,19,9747,卖盘
98,14:49:52,5.14,0.01,110,56540,买盘
99,14:49:49,5.13,--,21,10773,卖盘
100,14:49:46,5.13,--,101,51813,卖盘
101,14:49:43,5.13,-0.01,16,8208,卖盘
102,14:49:40,5.14,0.01,30,15419,买盘
103,14:49:37,5.13,-0.01,9,4617,卖盘
104,14:49:34,5.14,0.01,500,256999,买盘
105,14:49:31,5.13,-0.01,1,513,卖盘
106,14:49:28,5.14,0.01,96,49344,买盘
107,14:49:13,5.13,-0.01,14,7182,卖盘
108,14:48:58,5.14,0.01,181,93034,买盘
109,14:48:55,5.13,-0.01,51,26163,卖盘
110,14:48:46,5.14,--,8,4112,买盘
111,14:48:40,5.14,--,30,15419,买盘
112,14:48:34,5.14,--,10,5140,买盘
113,14:48:31,5.14,--,3,1542,买盘
114,14:48:28,5.14,--,43,22102,买盘
115,14:48:25,5.14,--,11,5654,买盘
116,14:48:16,5.14,--,2,1028,买盘
117,14:48:13,5.14,0.01,15,7709,买盘
118,14:48:07,5.13,--,38,19494,卖盘
119,14:47:58,5.13,-0.01,80,41040,卖盘
120,14:47:55,5.14,--,128,65792,买盘
121,14:47:49,5.14,--,510,262139,买盘
122,14:47:46,5.14,--,3,1542,买盘
123,14:47:43,5.14,--,68,34952,买盘
124,14:47:37,5.14,--,2000,1027999,买盘
125,14:47:28,5.14,--,1,514,买盘
126,14:47:22,5.14,0.01,30,15419,买盘
127,14:47:19,5.13,-0.01,84,43092,卖盘
128,14:47:16,5.14,--,10,5140,买盘
129,14:47:10,5.14,--,10,5140,买盘
130,14:47:07,5.14,0.01,10,5140,买盘
131,14:46:58,5.13,-0.01,7,3591,卖盘
132,14:46:52,5.14,0.01,127,65277,买盘
133,14:46:43,5.13,--,100,51300,卖盘
134,14:46:40,5.13,-0.01,13,6669,卖盘
135,14:46:34,5.14,0.01,9,4626,买盘
136,14:46:28,5.13,--,56,28728,卖盘
137,14:46:16,5.13,--,22,11286,卖盘
138,14:46:10,5.13,--,723,370899,买盘
139,14:46:07,5.13,--,54,27702,买盘
140,14:46:04,5.13,--,99,50787,买盘
141,14:46:01,5.13,--,16,8208,买盘
142,14:45:58,5.13,--,20,10260,买盘
143,14:45:52,5.13,--,218,111834,卖盘
144,14:45:49,5.13,--,13,6669,卖盘
145,14:45:40,5.13,-0.01,2,1026,中性盘
146,14:45:37,5.14,0.02,10,5140,买盘
147,14:45:34,5.12,-0.01,60,30720,卖盘
148,14:45:31,5.13,--,70,35910,买盘
149,14:45:25,5.13,--,10,5130,买盘
150,14:45:22,5.13,--,10,5130,买盘
151,14:45:19,5.13,--,24,12312,卖盘
152,14:45:16,5.13,--,39,20007,卖盘
153,14:45:13,5.13,--,52,26676,卖盘
154,14:45:10,5.13,--,409,209817,卖盘
155,14:45:07,5.13,--,5,2565,卖盘
156,14:44:52,5.13,--,10,5130,卖盘
157,14:44:43,5.13,--,2,1026,卖盘
158,14:44:28,5.13,--,57,29241,买盘
159,14:44:25,5.13,--,10,5130,买盘
160,14:44:22,5.13,0.01,40,20520,买盘
161,14:44:19,5.12,-0.01,1,512,卖盘
162,14:44:16,5.13,--,100,51300,买盘
163,14:44:10,5.13,--,40,20520,买盘
164,14:44:04,5.13,--,67,34371,买盘
165,14:44:01,5.13,0.01,46,23598,买盘
166,14:43:58,5.12,-0.01,100,51200,卖盘
167,14:43:55,5.13,--,77,39501,买盘
168,14:43:52,5.13,--,100,51300,买盘
169,14:43:46,5.13,--,190,97470,买盘
170,14:43:40,5.13,--,43,22059,买盘
171,14:43:37,5.13,--,1,513,买盘
172,14:43:31,5.13,--,6,3078,买盘
173,14:43:28,5.13,--,39,20007,买盘
174,14:43:25,5.13,--,16,8208,买盘
175,14:43:16,5.13,--,19,9747,买盘
176,14:43:13,5.13,-0.01,676,346788,卖盘
177,14:43:10,5.14,0.01,797,409658,买盘
178,14:43:04,5.13,--,220,112860,卖盘
179,14:42:52,5.13,--,30,15390,卖盘
180,14:42:46,5.13,--,4,2052,卖盘
181,14:42:43,5.13,-0.01,180,92340,卖盘
182,14:42:37,5.14,0.01,13,6682,买盘
183,14:42:34,5.13,-0.01,61,31293,卖盘
184,14:42:25,5.14,0.01,5,2570,买盘
185,14:42:22,5.13,-0.01,294,150822,卖盘
186,14:42:18,5.14,--,3,1542,买盘
187,14:42:15,5.14,--,46,23644,买盘
188,14:42:12,5.14,--,63,32381,买盘
189,14:42:06,5.14,--,37,19018,买盘
190,14:42:03,5.14,--,50,25700,买盘
191,14:41:57,5.14,--,5,2570,买盘
192,14:41:51,5.14,--,2,1028,买盘
193,14:41:48,5.14,0.01,100,51400,买盘
194,14:41:45,5.13,--,67,34371,卖盘
195,14:41:39,5.13,-0.01,2,1026,卖盘
196,14:41:36,5.14,0.01,30,15419,买盘
197,14:41:27,5.13,-0.01,1,513,卖盘
198,14:41:24,5.14,--,7,3598,买盘
199,14:41:15,5.14,0.01,100,51400,买盘
200,14:41:09,5.13,--,26,13338,卖盘
201,14:41:03,5.13,-0.01,20,10260,卖盘
202,14:41:00,5.14,--,111,57054,买盘
203,14:40:54,5.14,0.01,42,21588,买盘
204,14:40:51,5.13,-0.01,1,513,卖盘
205,14:40:45,5.14,--,90,46260,买盘
206,14:40:39,5.14,0.01,230,118219,买盘
207,14:40:36,5.13,--,10,5130,卖盘
208,14:40:33,5.13,--,136,69768,卖盘
209,14:40:30,5.13,--,15,7695,卖盘
210,14:40:24,5.13,--,36,18468,卖盘
211,14:40:21,5.13,-0.01,2,1026,卖盘
212,14:40:15,5.14,0.01,6,3084,买盘
213,14:40:12,5.13,--,1,513,买盘
214,14:40:06,5.13,--,5,2565,买盘
215,14:40:03,5.13,--,3,1539,买盘
216,14:40:00,5.13,0.01,40,20520,买盘
217,14:39:57,5.12,-0.01,1,512,卖盘
218,14:39:54,5.13,--,10,5130,买盘
219,14:39:51,5.13,--,176,90288,卖盘
220,14:39:48,5.13,--,6,3078,卖盘
221,14:39:45,5.13,--,170,87210,买盘
222,14:39:42,5.13,--,98,50274,买盘
223,14:39:33,5.13,--,180,92340,买盘
224,14:39:27,5.13,0.01,50,25650,买盘
225,14:39:24,5.12,--,37,18944,卖盘
226,14:39:21,5.12,-0.01,10,5120,卖盘
227,14:39:15,5.13,--,23,11799,买盘
228,14:39:12,5.13,0.01,262,134406,买盘
229,14:39:09,5.12,--,42,21504,卖盘
230,14:39:06,5.12,--,4,2048,卖盘
231,14:39:03,5.12,--,30,15360,卖盘
232,14:38:57,5.12,--,5,2560,卖盘
233,14:38:51,5.12,--,795,407040,买盘
234,14:38:48,5.12,0.01,61,31232,买盘
235,14:38:45,5.11,--,475,242725,卖盘
236,14:38:39,5.11,--,41,20951,卖盘
237,14:38:33,5.11,--,1,511,卖盘
238,14:38:18,5.11,-0.01,59,30149,卖盘
239,14:38:09,5.12,0.01,10,5120,买盘
240,14:38:06,5.11,-0.01,18,9198,卖盘
241,14:38:03,5.12,--,16,8192,买盘
242,14:37:57,5.12,--,25,12800,买盘
243,14:37:54,5.12,0.01,2,1024,买盘
244,14:37:45,5.11,-0.01,19,9709,卖盘
245,14:37:39,5.12,--,10,5120,买盘
246,14:37:36,5.12,0.01,3,1536,买盘
247,14:37:33,5.11,-0.01,14,7154,卖盘
248,14:37:21,5.12,0.01,44,22528,买盘
249,14:37:18,5.11,-0.01,11,5621,卖盘
250,14:37:15,5.12,--,11,5632,买盘
251,14:37:09,5.12,--,11,5632,买盘
252,14:37:06,5.12,--,13,6656,买盘
253,14:37:03,5.12,--,704,360448,卖盘
254,14:37:00,5.12,-0.01,30,15360,卖盘
255,14:36:57,5.13,0.01,3,1539,买盘
256,14:36:54,5.12,-0.01,2,1024,卖盘
257,14:36:51,5.13,--,47,24111,买盘
258,14:36:48,5.13,--,1,513,买盘
259,14:36:36,5.13,0.01,6,3078,买盘
260,14:36:27,5.12,-0.01,20,10240,卖盘
261,14:36:24,5.13,--,106,54378,买盘
262,14:36:15,5.13,0.01,108,55404,买盘
263,14:36:12,5.12,-0.01,1,512,卖盘
264,14:36:09,5.13,--,2,1026,买盘
265,14:36:06,5.13,--,1452,744876,买盘
266,14:36:03,5.13,--,1,513,买盘
267,14:36:00,5.13,--,103,52839,买盘
268,14:35:57,5.13,--,47,24111,买盘
269,14:35:48,5.13,0.01,26,13338,买盘
270,14:35:33,5.12,-0.01,67,34304,卖盘
271,14:35:30,5.13,0.01,20,10260,买盘
272,14:35:27,5.12,--,16,8192,卖盘
273,14:35:00,5.12,--,16,8192,卖盘
274,14:34:54,5.12,--,73,37376,买盘
275,14:34:51,5.12,0.01,343,175616,买盘
276,14:34:48,5.11,-0.01,1,511,卖盘
277,14:34:45,5.12,--,21,10752,买盘
278,14:34:42,5.12,--,50,25600,买盘
279,14:34:39,5.12,--,800,409600,买盘
280,14:34:36,5.12,0.01,64,32768,买盘
281,14:34:33,5.11,--,2,1022,卖盘
282,14:34:15,5.11,--,58,29638,买盘
283,14:34:12,5.11,--,20,10220,买盘
284,14:34:09,5.11,--,265,135415,买盘
285,14:34:06,5.11,0.01,10,5110,买盘
286,14:34:00,5.1,--,2,1019,卖盘
287,14:33:54,5.1,--,6,3060,卖盘
288,14:33:48,5.1,--,3,1530,卖盘
289,14:33:45,5.1,--,431,220197,买盘
290,14:33:42,5.1,--,141,71910,买盘
291,14:33:39,5.1,--,121,61709,买盘
292,14:33:36,5.1,--,64,32639,买盘
293,14:33:30,5.1,--,208,106079,买盘
294,14:33:27,5.1,--,10,5100,买盘
295,14:33:24,5.1,--,20,10200,买盘
296,14:33:21,5.1,--,70,35700,买盘
297,14:33:18,5.1,--,6,3060,买盘
298,14:33:12,5.1,--,108,55079,买盘
299,14:33:06,5.1,0.01,139,70890,买盘
300,14:33:03,5.09,--,5,2545,卖盘
301,14:32:57,5.09,-0.01,94,47846,卖盘
302,14:32:54,5.1,0.01,20,10200,买盘
303,14:32:51,5.09,-0.01,41,20869,卖盘
304,14:32:45,5.1,--,10,5100,买盘
305,14:32:42,5.1,--,110,56099,买盘
306,14:32:39,5.1,--,30,15299,买盘
307,14:32:33,5.1,0.01,20,10200,买盘
308,14:32:30,5.09,-0.01,20,10180,卖盘
309,14:32:24,5.1,--,6,3060,买盘
310,14:32:21,5.1,--,11,5610,买盘
311,14:32:18,5.1,0.01,5,2550,买盘
312,14:32:12,5.09,--,50,25450,卖盘
313,14:32:03,5.09,--,453,230577,卖盘
314,14:32:00,5.09,--,30,15270,卖盘
315,14:31:54,5.09,-0.01,10,5090,卖盘
316,14:31:51,5.1,--,11,5610,买盘
317,14:31:48,5.1,--,1,509,买盘
318,14:31:45,5.1,--,4,2039,买盘
319,14:31:42,5.1,--,5,2550,买盘
320,14:31:36,5.1,--,209,106589,买盘
321,14:31:33,5.1,--,10,5100,买盘
322,14:31:27,5.1,--,31,15809,买盘
323,14:31:21,5.1,--,10,5100,买盘
324,14:31:12,5.1,--,2,1019,买盘
325,14:31:06,5.1,--,1,509,买盘
326,14:31:03,5.1,--,7,3569,买盘
327,14:31:00,5.1,--,15,7649,买盘
328,14:30:54,5.1,--,20,10200,买盘
329,14:30:48,5.1,--,12,6120,买盘
330,14:30:42,5.1,--,1,509,买盘
331,14:30:39,5.1,--,10,5100,买盘
332,14:30:36,5.1,--,308,157202,卖盘
333,14:30:33,5.1,-0.01,69,35190,卖盘
334,14:30:30,5.11,0.01,113,57743,买盘
335,14:30:27,5.1,--,10,5100,卖盘
336,14:30:24,5.1,--,6,3060,卖盘
337,14:30:15,5.1,--,83,42330,卖盘
338,14:30:12,5.1,--,35,17850,卖盘
339,14:30:09,5.1,--,469,239577,买盘
340,14:30:06,5.1,--,663,338130,买盘
341,14:30:00,5.1,--,56,28559,买盘
342,14:29:57,5.1,--,2,1019,买盘
343,14:29:48,5.1,--,3,1530,买盘
344,14:29:45,5.1,--,2,1019,买盘
345,14:29:39,5.1,--,82,41820,买盘
346,14:29:33,5.1,--,202,103020,买盘
347,14:29:27,5.1,--,53,27029,买盘
348,14:29:24,5.1,--,160,81600,买盘
349,14:29:21,5.1,0.01,18,9180,买盘
350,14:29:18,5.09,-0.01,129,65661,卖盘
351,14:29:12,5.1,--,10,5100,买盘
352,14:29:09,5.1,--,21,10710,买盘
353,14:29:06,5.1,--,567,289170,买盘
354,14:29:03,5.1,--,726,370260,买盘
355,14:29:00,5.1,--,116,59282,卖盘
356,14:28:57,5.1,-0.01,5,2550,卖盘
357,14:28:48,5.11,0.01,4,2044,买盘
358,14:28:45,5.1,--,88,44880,卖盘
359,14:28:39,5.1,--,29,14789,卖盘
360,14:28:36,5.1,-0.01,162,83007,卖盘
361,14:28:33,5.11,0.01,1043,532973,买盘
362,14:28:30,5.1,-0.01,8,4079,卖盘
363,14:28:27,5.11,--,56,28616,买盘
364,14:28:21,5.11,0.01,48,24528,买盘
365,14:28:18,5.1,-0.01,37,18870,卖盘
366,14:28:12,5.11,0.01,3,1533,买盘
367,14:28:09,5.1,-0.01,107,54569,卖盘
368,14:28:06,5.11,--,20,10220,买盘
369,14:28:03,5.11,0.01,1,511,买盘
370,14:28:00,5.1,--,1,509,卖盘
371,14:27:57,5.1,--,60,30599,卖盘
372,14:27:54,5.1,--,130,66300,卖盘
373,14:27:45,5.1,-0.01,33,16830,卖盘
374,14:27:42,5.11,0.01,50,25550,买盘
375,14:27:39,5.1,-0.01,32,16319,卖盘
376,14:27:27,5.11,0.01,13,6643,买盘
377,14:27:15,5.1,--,24,12240,卖盘
378,14:27:12,5.1,--,128,65279,买盘
379,14:27:09,5.1,--,26,13259,买盘
380,14:27:06,5.1,--,26,13259,买盘
381,14:27:03,5.1,--,25,12750,买盘
382,14:27:00,5.1,--,100,51000,买盘
383,14:26:57,5.1,--,54,27539,买盘
384,14:26:54,5.1,--,20,10200,买盘
385,14:26:51,5.1,--,5,2550,买盘
386,14:26:48,5.1,--,43,21930,买盘
387,14:26:45,5.1,--,35,17850,买盘
388,14:26:42,5.1,--,20,10200,买盘
389,14:26:39,5.1,0.01,133,67830,买盘
390,14:26:33,5.09,--,838,426542,卖盘
391,14:26:30,5.09,-0.01,29,14761,卖盘
392,14:26:27,5.1,--,9,4590,买盘
393,14:26:21,5.1,--,630,321300,买盘
394,14:26:18,5.1,0.01,1,509,买盘
395,14:26:15,5.09,--,56,28504,卖盘
396,14:26:12,5.09,-0.01,10,5090,卖盘
397,14:26:09,5.1,--,20,10200,买盘
398,14:26:06,5.1,--,9,4590,买盘
399,14:26:03,5.1,0.01,2,1019,买盘
400,14:26:00,5.09,-0.01,40,20360,卖盘
401,14:25:54,5.1,0.01,18,9180,买盘
402,14:25:48,5.09,-0.01,3,1527,卖盘
403,14:25:45,5.1,0.01,19,9690,买盘
404,14:25:42,5.09,-0.01,79,40211,卖盘
405,14:25:36,5.1,--,101,51510,买盘
406,14:25:33,5.1,0.01,16,8159,买盘
407,14:25:30,5.09,-0.01,3,1527,卖盘
408,14:25:27,5.1,0.01,96,48960,买盘
409,14:25:21,5.09,--,60,30540,卖盘
410,14:25:12,5.09,--,5,2545,卖盘
411,14:25:09,5.09,--,95,48355,卖盘
412,14:25:06,5.09,--,140,71260,卖盘
413,14:25:03,5.09,--,34,17306,卖盘
414,14:25:00,5.09,-0.01,50,25450,卖盘
415,14:24:57,5.1,0.01,156,79560,买盘
416,14:24:54,5.09,-0.01,171,87039,卖盘
417,14:24:51,5.1,0.01,3,1530,买盘
418,14:24:45,5.09,--,75,38175,卖盘
419,14:24:42,5.09,--,30,15270,卖盘
420,14:24:39,5.09,--,283,144311,买盘
421,14:24:36,5.09,--,6,3054,买盘
422,14:24:33,5.09,--,35,17815,买盘
423,14:24:27,5.09,0.01,204,103836,买盘
424,14:24:24,5.08,--,20,10160,卖盘
425,14:24:21,5.08,-0.01,128,65024,卖盘
426,14:24:18,5.09,--,17,8653,买盘
427,14:24:15,5.09,--,13,6617,买盘
428,14:24:12,5.09,0.01,5,2545,买盘
429,14:24:09,5.08,-0.01,1,508,卖盘
430,14:24:03,5.09,--,26,13234,买盘
431,14:24:00,5.09,0.01,700,356300,买盘
432,14:23:56,5.08,-0.01,76,38608,卖盘
433,14:23:50,5.09,0.01,5,2545,买盘
434,14:23:47,5.08,-0.01,51,25908,卖盘
435,14:23:44,5.09,--,37,18833,买盘
436,14:23:41,5.09,--,310,157790,买盘
437,14:23:38,5.09,--,15,7635,买盘
438,14:23:35,5.09,--,5,2545,买盘
439,14:23:32,5.09,--,1081,550229,买盘
440,14:23:29,5.09,--,106,53954,买盘
441,14:23:26,5.09,0.01,20,10180,买盘
442,14:23:23,5.08,-0.01,33,16764,卖盘
443,14:23:14,5.09,0.01,3,1527,买盘
444,14:23:11,5.08,-0.01,937,475996,卖盘
445,14:23:08,5.09,--,348,177132,卖盘
446,14:23:05,5.09,--,76,38684,卖盘
447,14:23:02,5.09,--,20,10180,卖盘
448,14:22:59,5.09,--,93,47337,卖盘
449,14:22:53,5.09,--,71,36139,买盘
450,14:22:47,5.09,--,9,4581,买盘
451,14:22:44,5.09,--,59,30031,卖盘
452,14:22:38,5.09,0.01,154,78386,卖盘
453,14:22:35,5.08,-0.01,160,81280,卖盘
454,14:22:32,5.09,--,26,13234,卖盘
455,14:22:29,5.09,--,423,215307,买盘
456,14:22:26,5.09,0.01,2,1018,买盘
457,14:22:23,5.08,--,1,508,卖盘
458,14:22:20,5.08,-0.01,60,30480,卖盘
459,14:22:17,5.09,0.01,147,74823,买盘
460,14:22:14,5.08,-0.01,210,106680,卖盘
461,14:22:08,5.09,0.01,31,15779,买盘
462,14:22:05,5.08,--,50,25400,卖盘
463,14:22:02,5.08,-0.01,101,51308,卖盘
464,14:21:59,5.09,0.01,140,71260,买盘
465,14:21:56,5.08,--,13,6604,卖盘
466,14:21:53,5.08,--,63,32004,卖盘
467,14:21:47,5.08,-0.01,90,45720,卖盘
468,14:21:44,5.09,--,100,50900,卖盘
469,14:21:41,5.09,--,179,91111,卖盘
470,14:21:38,5.09,-0.01,79,40211,卖盘
471,14:21:35,5.1,--,23,11730,买盘
472,14:21:29,5.1,--,166,84660,买盘
473,14:21:26,5.1,0.01,592,301920,买盘
474,14:21:20,5.09,-0.01,2005,1020545,卖盘
475,14:21:14,5.1,0.01,6,3060,买盘
476,14:21:11,5.09,-0.01,100,50900,卖盘
477,14:21:08,5.1,--,4,2039,买盘
478,14:21:05,5.1,--,138,70624,卖盘
479,14:20:59,5.1,--,895,456449,卖盘
480,14:20:56,5.1,--,103,52529,卖盘
481,14:20:53,5.1,--,38,19380,卖盘
482,14:20:50,5.1,--,1,509,卖盘
483,14:20:44,5.1,--,30,15299,卖盘
484,14:20:38,5.1,-0.01,72,36720,卖盘
485,14:20:35,5.11,--,49,25039,买盘
486,14:20:32,5.11,0.01,45,22995,买盘
487,14:20:29,5.1,-0.01,20,10200,卖盘
488,14:20:23,5.11,--,6,3066,买盘
489,14:20:20,5.11,0.01,56,28616,买盘
490,14:20:14,5.1,-0.01,1000,509999,卖盘
491,14:20:11,5.11,--,50,25550,买盘
492,14:20:05,5.11,--,12,6132,买盘
493,14:19:59,5.11,-0.01,68,34870,卖盘
494,14:19:56,5.12,0.01,1396,714752,买盘
495,14:19:53,5.11,-0.01,35,17885,卖盘
496,14:19:47,5.12,0.01,29,14848,买盘
497,14:19:44,5.11,--,526,268786,卖盘
498,14:19:41,5.11,--,50,25938,卖盘
499,14:19:26,5.11,-0.01,100,51100,卖盘
500,14:19:20,5.12,0.01,5,2560,买盘
501,14:19:11,5.11,--,15,7665,卖盘
502,14:18:59,5.11,-0.01,15,7665,卖盘
503,14:18:53,5.12,--,5,2560,买盘
504,14:18:50,5.12,0.01,4,2048,买盘
505,14:18:41,5.11,--,102,52122,卖盘
506,14:18:32,5.11,--,76,38836,卖盘
507,14:18:20,5.11,-0.01,12,6132,卖盘
508,14:18:17,5.12,0.01,3,1536,买盘
509,14:18:14,5.11,--,8,4088,卖盘
510,14:18:02,5.11,--,60,30660,卖盘
511,14:17:56,5.11,--,10,5110,卖盘
512,14:17:47,5.11,--,150,76650,卖盘
513,14:17:44,5.11,--,17,8687,卖盘
514,14:17:38,5.11,-0.01,1,511,卖盘
515,14:17:35,5.12,0.01,70,35840,买盘
516,14:17:32,5.11,--,7,3577,卖盘
517,14:17:20,5.11,-0.01,70,35770,卖盘
518,14:17:17,5.12,0.01,158,80896,买盘
519,14:17:08,5.11,--,5,2555,卖盘
520,14:17:05,5.11,-0.01,77,39347,卖盘
521,14:16:56,5.12,--,1,512,买盘
522,14:16:44,5.12,0.01,2,1024,买盘
523,14:16:38,5.11,-0.01,23,11753,卖盘
524,14:16:35,5.12,--,10,5120,买盘
525,14:16:29,5.12,0.01,50,25600,买盘
526,14:16:26,5.11,--,3,1533,卖盘
527,14:16:17,5.11,--,3,1533,卖盘
528,14:16:11,5.11,0.01,27,13797,买盘
529,14:16:02,5.1,-0.01,0,10,卖盘
530,14:15:59,5.11,--,62,31682,买盘
531,14:15:56,5.11,--,20,10220,买盘
532,14:15:50,5.11,--,18,9198,买盘
533,14:15:47,5.11,--,123,62853,买盘
534,14:15:44,5.11,--,50,25550,买盘
535,14:15:41,5.11,--,273,139503,买盘
536,14:15:38,5.11,--,30,15330,买盘
537,14:15:35,5.11,--,37,18907,买盘
538,14:15:29,5.11,--,200,102200,买盘
539,14:15:26,5.11,--,11,5621,买盘
540,14:15:17,5.11,0.01,1,511,买盘
541,14:15:14,5.1,-0.01,10,5100,卖盘
542,14:15:11,5.11,--,50,25550,买盘
543,14:15:05,5.11,0.01,7,3577,买盘
544,14:14:59,5.1,-0.01,50,25500,卖盘
545,14:14:53,5.11,--,200,102200,买盘
546,14:14:50,5.11,--,11,5621,买盘
547,14:14:47,5.11,--,6,3066,买盘
548,14:14:44,5.11,--,137,70007,卖盘
549,14:14:38,5.11,0.01,121,61831,买盘
550,14:14:35,5.1,-0.01,20,10200,卖盘
551,14:14:32,5.11,--,30,15330,买盘
552,14:14:29,5.11,0.01,27,13797,买盘
553,14:14:20,5.1,-0.01,213,108629,卖盘
554,14:14:17,5.11,0.01,50,25550,买盘
555,14:13:59,5.1,--,27,13769,卖盘
556,14:13:56,5.1,-0.01,10,5100,卖盘
557,14:13:53,5.11,--,19,9709,买盘
558,14:13:47,5.11,0.01,20,10220,买盘
559,14:13:38,5.1,--,10,5100,卖盘
560,14:13:35,5.1,-0.01,50,25500,卖盘
561,14:13:26,5.11,--,10,5110,买盘
562,14:13:14,5.11,--,75,38325,买盘
563,14:13:08,5.11,0.01,20,10220,买盘
564,14:13:05,5.1,--,73,37230,卖盘
565,14:12:59,5.1,-0.01,55,28049,卖盘
566,14:12:53,5.11,--,1,511,买盘
567,14:12:50,5.11,0.01,5,2555,买盘
568,14:12:44,5.1,-0.02,1500,765000,卖盘
569,14:12:35,5.12,--,3,1536,买盘
570,14:12:26,5.12,0.01,5,2560,买盘
571,14:12:23,5.11,-0.01,4,2044,卖盘
572,14:12:20,5.12,0.01,25,12800,买盘
573,14:12:17,5.11,-0.01,56,28616,卖盘
574,14:12:08,5.12,--,1,512,买盘
575,14:12:05,5.12,--,1,512,买盘
576,14:11:59,5.12,0.01,80,40960,买盘
577,14:11:50,5.11,--,12,6132,卖盘
578,14:11:47,5.11,--,6,3066,卖盘
579,14:11:41,5.11,-0.01,11,5621,卖盘
580,14:11:35,5.12,0.01,4,2048,买盘
581,14:11:32,5.11,--,3,1533,卖盘
582,14:11:23,5.11,--,6,3066,卖盘
583,14:11:20,5.11,--,27,13797,卖盘
584,14:11:17,5.11,--,50,25550,卖盘
585,14:11:14,5.11,--,8,4088,买盘
586,14:11:05,5.11,0.01,40,20440,买盘
587,14:11:02,5.1,-0.01,112,57119,卖盘
588,14:10:59,5.11,--,61,31171,买盘
589,14:10:56,5.11,--,59,30149,买盘
590,14:10:53,5.11,0.01,11,5621,买盘
591,14:10:50,5.1,--,15,7649,卖盘
592,14:10:47,5.1,-0.01,31,15809,卖盘
593,14:10:41,5.11,--,31,15841,买盘
594,14:10:38,5.11,--,21,10731,买盘
595,14:10:35,5.11,--,1,511,买盘
596,14:10:32,5.11,0.01,35,17885,买盘
597,14:10:29,5.1,-0.01,42,21420,卖盘
598,14:10:26,5.11,--,59,30149,买盘
599,14:10:17,5.11,0.01,9,4599,买盘
600,14:10:14,5.1,-0.01,259,132090,卖盘
601,14:10:08,5.11,--,189,96579,卖盘
602,14:10:05,5.11,0.01,21,10731,卖盘
603,14:09:59,5.1,--,66,33660,卖盘
604,14:09:56,5.1,-0.01,16,8159,卖盘
605,14:09:50,5.11,--,13,6643,买盘
606,14:09:47,5.11,0.01,23,11753,买盘
607,14:09:44,5.1,-0.01,55,28049,卖盘
608,14:09:41,5.11,--,21,10731,买盘
609,14:09:38,5.11,--,21,10731,买盘
610,14:09:32,5.11,0.01,16,8176,买盘
611,14:09:29,5.1,-0.01,29,14789,卖盘
612,14:09:26,5.11,--,1,511,买盘
613,14:09:23,5.11,--,68,34748,买盘
614,14:09:20,5.11,--,12,6132,买盘
615,14:09:17,5.11,0.01,1,511,买盘
616,14:09:14,5.1,--,111,56609,卖盘
617,14:09:05,5.1,-0.01,5,2550,卖盘
618,14:08:59,5.11,0.01,2,1022,买盘
619,14:08:56,5.1,--,50,25500,卖盘
620,14:08:53,5.1,--,50,25500,卖盘
621,14:08:50,5.1,--,5,2550,卖盘
622,14:08:47,5.1,--,91,46665,买盘
623,14:08:44,5.1,--,49,24990,买盘
624,14:08:41,5.1,--,76,38760,买盘
625,14:08:38,5.1,--,40,20400,买盘
626,14:08:35,5.1,--,27,14024,卖盘
627,14:08:29,5.1,--,697,355725,买盘
628,14:08:20,5.1,0.01,3,1530,买盘
629,14:08:17,5.09,-0.01,6,3054,卖盘
630,14:08:11,5.1,--,60,30599,买盘
631,14:08:05,5.1,--,13,6629,买盘
632,14:07:59,5.1,--,162,82620,买盘
633,14:07:56,5.1,--,5,2550,买盘
634,14:07:53,5.1,0.01,53,27029,买盘
635,14:07:50,5.09,--,104,52936,卖盘
636,14:07:47,5.09,--,432,219888,卖盘
637,14:07:44,5.09,--,22,11198,卖盘
638,14:07:41,5.09,-0.01,236,120124,卖盘
639,14:07:38,5.1,0.01,27,13769,买盘
640,14:07:35,5.09,-0.01,402,204618,卖盘
641,14:07:32,5.1,--,84,42840,买盘
642,14:07:29,5.1,--,130,66300,买盘
643,14:07:26,5.1,--,152,77520,买盘
644,14:07:23,5.1,--,68,34680,买盘
645,14:07:20,5.1,--,10,5100,买盘
646,14:07:14,5.1,--,641,327165,卖盘
647,14:07:11,5.1,--,155,79050,卖盘
648,14:07:08,5.1,--,172,87720,卖盘
649,14:07:05,5.1,--,20,10200,卖盘
650,14:06:59,5.1,-0.01,3103,1582530,卖盘
651,14:06:56,5.11,0.01,11,5621,中性盘
652,14:06:50,5.1,-0.01,3000,1530000,卖盘
653,14:06:47,5.11,--,7,3577,卖盘
654,14:06:44,5.11,--,792,404967,买盘
655,14:06:41,5.11,0.01,1,511,买盘
656,14:06:38,5.1,-0.01,294,149940,卖盘
657,14:06:35,5.11,--,1,511,买盘
658,14:06:32,5.11,--,5,2555,买盘
659,14:06:29,5.11,--,557,284882,卖盘
660,14:06:26,5.11,-0.01,20,10220,卖盘
661,14:06:23,5.12,0.01,14,7168,买盘
662,14:06:20,5.11,-0.01,103,52633,卖盘
663,14:06:17,5.12,0.01,56,28672,买盘
664,14:06:14,5.11,--,100,51100,卖盘
665,14:06:11,5.11,--,217,110887,卖盘
666,14:06:08,5.11,--,126,64386,卖盘
667,14:06:02,5.11,--,28,14308,卖盘
668,14:05:59,5.11,--,28,14308,卖盘
669,14:05:50,5.11,-0.01,1,511,卖盘
670,14:05:38,5.12,0.01,37,18944,中性盘
671,14:05:32,5.11,-0.02,5000,2555000,卖盘
672,14:05:29,5.13,--,8,4104,买盘
673,14:05:23,5.13,--,3,1539,买盘
674,14:05:20,5.13,0.01,23,11799,买盘
675,14:05:10,5.12,--,200,102400,卖盘
676,14:05:04,5.12,-0.01,301,154112,卖盘
677,14:04:58,5.13,--,8,4104,买盘
678,14:04:46,5.13,--,3,1539,买盘
679,14:04:43,5.13,0.01,5,2565,买盘
680,14:04:37,5.12,-0.01,173,88576,卖盘
681,14:04:31,5.13,--,24,12312,买盘
682,14:04:25,5.13,--,6,3078,买盘
683,14:04:19,5.13,0.01,10,5130,买盘
684,14:04:16,5.12,-0.01,9,4608,卖盘
685,14:04:07,5.13,--,5,2565,买盘
686,14:04:04,5.13,0.01,50,25650,买盘
687,14:04:01,5.12,--,15,7680,卖盘
688,14:03:58,5.12,-0.01,73,37376,卖盘
689,14:03:55,5.13,0.01,6,3078,买盘
690,14:03:52,5.12,--,7,3584,卖盘
691,14:03:43,5.12,--,118,60416,卖盘
692,14:03:40,5.12,-0.01,65,33280,卖盘
693,14:03:37,5.13,--,20,10260,买盘
694,14:03:31,5.13,0.01,11,5643,买盘
695,14:03:28,5.12,--,3,1536,卖盘
696,14:03:16,5.12,--,64,32768,卖盘
697,14:03:13,5.12,-0.01,20,10240,卖盘
698,14:03:04,5.13,--,17,8721,买盘
699,14:02:58,5.13,--,22,11286,买盘
700,14:02:55,5.13,0.01,20,10260,买盘
701,14:02:52,5.12,-0.01,1031,527872,卖盘
702,14:02:43,5.13,--,193,99009,买盘
703,14:02:40,5.13,--,15,7695,买盘
704,14:02:34,5.13,0.01,24,12312,买盘
705,14:02:31,5.12,--,32,16384,卖盘
706,14:02:22,5.12,--,25,12800,卖盘
707,14:02:07,5.12,--,8,4096,卖盘
708,14:02:04,5.12,-0.01,12,6144,卖盘
709,14:01:58,5.13,--,5,2565,买盘
710,14:01:55,5.13,--,5,2565,买盘
711,14:01:49,5.13,0.01,3,1539,买盘
712,14:01:46,5.12,--,50,25600,卖盘
713,14:01:43,5.12,--,5,2560,卖盘
714,14:01:37,5.12,--,8,4096,卖盘
715,14:01:28,5.12,--,1,512,卖盘
716,14:01:25,5.12,-0.01,2,1024,卖盘
717,14:01:22,5.13,0.01,30,15390,买盘
718,14:01:19,5.12,--,104,53248,卖盘
719,14:01:16,5.12,--,2,1024,卖盘
720,14:01:07,5.12,-0.01,2,1024,卖盘
721,14:00:58,5.13,--,186,95418,卖盘
722,14:00:52,5.13,-0.01,2008,1030104,卖盘
723,14:00:43,5.14,0.01,1,514,买盘
724,14:00:34,5.13,-0.01,50,25650,卖盘
725,14:00:31,5.14,0.01,10,5140,买盘
726,14:00:28,5.13,--,5,2565,卖盘
727,14:00:25,5.13,-0.01,308,158004,卖盘
728,14:00:22,5.14,--,50,25700,买盘
729,14:00:10,5.14,--,10,5140,买盘
730,14:00:07,5.14,--,299,153686,卖盘
731,14:00:04,5.14,--,100,51400,卖盘
732,13:59:55,5.14,--,3,1542,卖盘
733,13:59:43,5.14,--,10,5140,卖盘
734,13:59:37,5.14,--,30,15419,卖盘
735,13:59:19,5.14,-0.01,20,10280,卖盘
736,13:59:16,5.15,0.01,11,5665,买盘
737,13:59:07,5.14,-0.01,17,8738,卖盘
738,13:59:04,5.15,0.01,15,7725,买盘
739,13:58:58,5.14,--,62,31867,卖盘
740,13:58:52,5.14,--,12,6168,卖盘
741,13:58:43,5.14,--,1,514,卖盘
742,13:58:40,5.14,--,3,1542,卖盘
743,13:58:34,5.14,--,26,13364,卖盘
744,13:58:28,5.14,--,150,77100,卖盘
745,13:58:22,5.14,--,12,6168,卖盘
746,13:58:16,5.14,--,200,102800,卖盘
747,13:58:13,5.14,--,2,1028,卖盘
748,13:57:55,5.14,--,50,25700,卖盘
749,13:57:37,5.14,--,70,35980,卖盘
750,13:57:31,5.14,-0.01,200,102800,中性盘
751,13:57:16,5.15,0.01,8,4120,买盘
752,13:57:10,5.14,-0.01,55,28270,卖盘
753,13:57:07,5.15,--,15,7725,买盘
754,13:56:58,5.15,--,11,5665,买盘
755,13:56:55,5.15,0.01,43,22145,买盘
756,13:56:49,5.14,-0.01,4,2056,卖盘
757,13:56:40,5.15,0.01,110,56650,买盘
758,13:56:31,5.14,--,24,12336,卖盘
759,13:56:28,5.14,--,168,86352,卖盘
760,13:56:25,5.14,--,54,27756,卖盘
761,13:56:04,5.14,--,100,51400,卖盘
762,13:55:58,5.14,--,17,8738,卖盘
763,13:55:55,5.14,--,28,14392,买盘
764,13:55:46,5.14,--,20,10280,买盘
765,13:55:43,5.14,--,16,8224,卖盘
766,13:55:40,5.14,--,37,19018,卖盘
767,13:55:37,5.14,-0.01,4,2056,卖盘
768,13:55:31,5.15,0.01,30,15450,买盘
769,13:55:28,5.14,--,452,232328,卖盘
770,13:55:22,5.14,--,60,30839,卖盘
771,13:55:19,5.14,-0.01,140,71960,卖盘
772,13:55:16,5.15,0.01,9,4635,买盘
773,13:55:13,5.14,-0.01,5,2570,卖盘
774,13:55:10,5.15,0.01,3,1545,买盘
775,13:55:07,5.14,--,55,28270,卖盘
776,13:55:01,5.14,--,5,2570,卖盘
777,13:54:52,5.14,-0.01,12,6168,卖盘
778,13:54:49,5.15,0.01,20,10300,买盘
779,13:54:43,5.14,--,54,27756,卖盘
780,13:54:34,5.14,-0.01,68,34952,卖盘
781,13:54:31,5.15,0.01,2,1030,买盘
782,13:54:19,5.14,-0.01,3,1542,卖盘
783,13:54:13,5.15,0.01,20,10300,买盘
784,13:54:10,5.14,--,628,322792,卖盘
785,13:54:07,5.14,-0.01,269,138266,卖盘
786,13:53:52,5.15,--,39,20085,买盘
787,13:53:49,5.15,0.01,17,8755,买盘
788,13:53:40,5.14,-0.01,2,1028,卖盘
789,13:53:34,5.15,--,5,2575,买盘
790,13:53:28,5.15,--,2,1030,买盘
791,13:53:16,5.15,--,69,35535,买盘
792,13:53:10,5.15,--,14,7210,买盘
793,13:52:52,5.15,--,12,6180,买盘
794,13:52:49,5.15,--,12,6180,买盘
795,13:52:31,5.15,--,59,30385,买盘
796,13:52:28,5.15,0.01,31,15965,买盘
797,13:52:25,5.14,-0.01,2,1028,卖盘
798,13:52:19,5.15,0.01,63,32445,买盘
799,13:52:13,5.14,-0.01,71,36494,卖盘
800,13:52:07,5.15,--,3,1545,买盘
801,13:52:04,5.15,0.01,4,2060,买盘
802,13:51:46,5.14,-0.01,349,179386,卖盘
803,13:51:43,5.15,--,3,1545,买盘
804,13:51:37,5.15,0.01,2,1030,买盘
805,13:51:34,5.14,-0.01,12,6168,卖盘
806,13:51:31,5.15,0.01,22,11330,买盘
807,13:51:28,5.14,-0.01,20,10280,卖盘
808,13:51:25,5.15,0.01,5,2575,买盘
809,13:51:16,5.14,-0.01,2,1028,卖盘
810,13:51:13,5.15,--,68,35020,买盘
811,13:51:10,5.15,--,20,10300,买盘
812,13:51:07,5.15,--,30,15450,买盘
813,13:51:04,5.15,--,26,13390,买盘
814,13:51:01,5.15,--,783,403275,卖盘
815,13:50:58,5.15,--,14,7210,卖盘
816,13:50:31,5.15,--,1,515,卖盘
817,13:50:28,5.15,-0.01,10,5150,卖盘
818,13:50:25,5.16,0.01,456,235296,买盘
819,13:50:16,5.15,-0.01,11,5665,卖盘
820,13:50:13,5.16,0.01,10,5160,买盘
821,13:50:10,5.15,-0.01,10,5150,卖盘
822,13:50:07,5.16,0.01,20,10320,买盘
823,13:50:01,5.15,--,30,15450,卖盘
824,13:49:58,5.15,--,5,2575,卖盘
825,13:49:49,5.15,--,60,30900,卖盘
826,13:49:40,5.15,--,73,37595,卖盘
827,13:49:31,5.15,--,1,515,卖盘
828,13:49:25,5.15,--,90,46834,买盘
829,13:49:13,5.15,--,201,103515,买盘
830,13:49:10,5.15,--,1,515,买盘
831,13:49:01,5.15,--,67,34505,买盘
832,13:48:58,5.15,--,30,15450,买盘
833,13:48:55,5.15,0.01,43,22145,买盘
834,13:48:46,5.14,-0.01,5,2570,卖盘
835,13:48:43,5.15,0.01,3,1545,买盘
836,13:48:40,5.14,--,8,4112,卖盘
837,13:48:37,5.14,--,115,59109,卖盘
838,13:48:28,5.14,--,75,38550,卖盘
839,13:48:25,5.14,-0.01,4,2056,卖盘
840,13:48:22,5.15,--,96,49440,买盘
841,13:48:16,5.15,--,2,1030,买盘
842,13:48:10,5.15,--,105,54075,买盘
843,13:47:58,5.15,--,6,3090,买盘
844,13:47:49,5.15,--,11,5665,买盘
845,13:47:46,5.15,--,7,3605,买盘
846,13:47:37,5.15,--,102,52530,买盘
847,13:47:34,5.15,--,4,2060,买盘
848,13:47:31,5.15,--,85,43775,买盘
849,13:47:28,5.15,--,10,5150,买盘
850,13:47:22,5.15,--,24,12360,买盘
851,13:47:16,5.15,--,20,10300,买盘
852,13:47:10,5.15,--,5,2575,买盘
853,13:47:07,5.15,--,188,96850,卖盘
854,13:47:01,5.15,--,6,3090,卖盘
855,13:46:55,5.15,-0.01,9,4635,卖盘
856,13:46:52,5.16,0.01,60,31445,买盘
857,13:46:49,5.15,--,18,9270,买盘
858,13:46:46,5.15,--,13,6695,买盘
859,13:46:40,5.15,--,8,4120,买盘
860,13:46:34,5.15,--,864,444960,买盘
861,13:46:22,5.15,--,11,5665,买盘
862,13:46:19,5.15,--,1,515,买盘
863,13:46:04,5.15,0.01,2,1030,买盘
864,13:46:01,5.14,-0.01,1,514,卖盘
865,13:45:58,5.15,--,50,25750,买盘
866,13:45:51,5.15,0.01,200,103000,买盘
867,13:45:48,5.14,-0.01,1,514,卖盘
868,13:45:36,5.15,--,24,12360,买盘
869,13:45:12,5.15,--,1,515,买盘
870,13:45:00,5.15,--,40,20600,买盘
871,13:44:54,5.15,0.01,50,25750,买盘
872,13:44:51,5.14,-0.01,147,75558,卖盘
873,13:44:48,5.15,--,2,1030,买盘
874,13:44:27,5.15,0.01,11,5665,买盘
875,13:44:21,5.14,--,4,2056,卖盘
876,13:44:18,5.14,--,3,1542,卖盘
877,13:44:12,5.14,-0.01,3,1542,卖盘
878,13:44:03,5.15,0.01,101,52015,买盘
879,13:43:45,5.14,-0.01,506,260083,卖盘
880,13:43:39,5.15,--,50,25750,买盘
881,13:43:36,5.15,0.01,3,1545,买盘
882,13:43:24,5.14,-0.01,30,15419,卖盘
883,13:43:18,5.15,0.01,530,272950,买盘
884,13:43:06,5.14,--,110,56540,卖盘
885,13:42:51,5.14,-0.01,47,24158,卖盘
886,13:42:39,5.15,--,125,64375,买盘
887,13:42:18,5.15,0.01,2,1030,买盘
888,13:42:15,5.14,--,14,7196,卖盘
889,13:42:09,5.14,-0.01,1,514,卖盘
890,13:42:03,5.15,0.01,10,5150,买盘
891,13:41:45,5.14,-0.01,10,5140,卖盘
892,13:41:42,5.15,--,10,5150,买盘
893,13:41:30,5.15,--,8,4120,买盘
894,13:41:21,5.15,--,30,15450,买盘
895,13:41:06,5.15,--,1,515,买盘
896,13:41:00,5.15,--,100,51500,买盘
897,13:40:57,5.15,0.01,19,9785,买盘
898,13:40:54,5.14,-0.01,12,6168,卖盘
899,13:40:48,5.15,0.01,24,12360,买盘
900,13:40:42,5.14,-0.01,5,2570,卖盘
901,13:40:36,5.15,0.01,65,33475,买盘
902,13:40:27,5.14,-0.01,4,2056,卖盘
903,13:40:12,5.15,0.01,1,515,买盘
904,13:40:00,5.14,--,165,84810,买盘
905,13:39:57,5.14,--,50,25700,买盘
906,13:39:54,5.14,--,146,75044,买盘
907,13:39:48,5.14,0.01,487,250317,买盘
908,13:39:45,5.13,-0.01,30,15390,卖盘
909,13:39:39,5.14,--,31,15933,买盘
910,13:39:36,5.14,0.01,6,3084,买盘
911,13:39:33,5.13,--,157,80541,卖盘
912,13:39:27,5.13,-0.01,53,27189,卖盘
913,13:39:24,5.14,--,10,5140,买盘
914,13:39:18,5.14,--,145,74530,买盘
915,13:39:15,5.14,--,100,51400,买盘
916,13:39:09,5.14,0.01,41,21074,买盘
917,13:39:03,5.13,--,14,7182,卖盘
918,13:39:00,5.13,-0.01,38,19494,卖盘
919,13:38:54,5.14,--,220,113080,买盘
920,13:38:51,5.14,--,120,61679,买盘
921,13:38:48,5.14,--,49,25186,买盘
922,13:38:45,5.14,--,7,3598,买盘
923,13:38:42,5.14,--,50,25700,买盘
924,13:38:39,5.14,--,20,10280,买盘
925,13:38:36,5.14,--,3,1542,买盘
926,13:38:33,5.14,--,17,8738,买盘
927,13:38:30,5.14,--,20,10280,买盘
928,13:38:21,5.14,--,31,15933,买盘
929,13:38:18,5.14,--,10,5140,买盘
930,13:38:15,5.14,--,1,514,买盘
931,13:38:09,5.14,--,10,5140,买盘
932,13:38:03,5.14,--,4,2056,买盘
933,13:37:57,5.14,--,50,25700,买盘
934,13:37:54,5.14,--,12,6168,买盘
935,13:37:48,5.14,--,30,15419,买盘
936,13:37:39,5.14,--,80,41120,买盘
937,13:37:30,5.14,0.01,10,5140,买盘
938,13:37:24,5.13,--,5,2565,卖盘
939,13:37:12,5.13,-0.01,10,5130,卖盘
940,13:37:06,5.14,--,91,46774,买盘
941,13:37:00,5.14,0.01,4,2056,买盘
942,13:36:57,5.13,-0.01,100,51300,卖盘
943,13:36:54,5.14,--,48,24672,买盘
944,13:36:51,5.14,--,6,3084,买盘
945,13:36:48,5.14,--,22,11308,买盘
946,13:36:33,5.14,--,10,5140,买盘
947,13:36:27,5.14,0.01,6,3084,买盘
948,13:36:24,5.13,--,50,25650,卖盘
949,13:36:21,5.13,-0.01,100,51300,卖盘
950,13:36:15,5.14,0.01,22,11308,买盘
951,13:36:09,5.13,--,1,513,卖盘
952,13:36:03,5.13,0.01,33,16929,买盘
953,13:36:00,5.12,-0.01,35,17920,卖盘
954,13:35:57,5.13,--,81,41553,买盘
955,13:35:51,5.13,--,10,5130,买盘
956,13:35:48,5.13,0.01,102,52326,买盘
957,13:35:45,5.12,-0.01,21,10752,卖盘
958,13:35:42,5.13,--,2,1026,买盘
959,13:35:39,5.13,0.01,4,2052,买盘
960,13:35:33,5.12,-0.01,20,10240,卖盘
961,13:35:30,5.13,--,215,110295,买盘
962,13:35:24,5.13,0.01,1,513,买盘
963,13:35:21,5.12,-0.01,7,3584,卖盘
964,13:35:09,5.13,--,16,8208,买盘
965,13:35:06,5.13,0.01,80,41040,买盘
966,13:35:03,5.12,--,20,10240,卖盘
967,13:34:57,5.12,--,9,4608,卖盘
968,13:34:54,5.12,-0.01,16,8192,卖盘
969,13:34:48,5.13,--,59,30267,买盘
970,13:34:42,5.13,--,100,51300,买盘
971,13:34:33,5.13,--,34,17442,买盘
972,13:34:30,5.13,0.01,4,2052,买盘
973,13:34:27,5.12,-0.01,55,28160,卖盘
974,13:34:24,5.13,--,94,48222,买盘
975,13:34:21,5.13,--,10,5130,买盘
976,13:34:18,5.13,0.01,5,2565,买盘
977,13:34:15,5.12,-0.01,1,512,卖盘
978,13:34:09,5.13,0.01,1,513,买盘
979,13:34:00,5.12,-0.01,334,171008,卖盘
980,13:33:54,5.13,--,5,2565,买盘
981,13:33:51,5.13,0.01,20,10260,买盘
982,13:33:48,5.12,-0.01,3,1536,卖盘
983,13:33:45,5.13,--,123,63099,买盘
984,13:33:42,5.13,0.01,22,11286,买盘
985,13:33:39,5.12,--,100,51200,卖盘
986,13:33:30,5.12,-0.01,4,2048,卖盘
987,13:33:21,5.13,0.01,3,1539,买盘
988,13:33:18,5.12,--,7,3584,卖盘
989,13:33:09,5.12,-0.01,16,8192,卖盘
990,13:33:00,5.13,0.01,7,3591,买盘
991,13:32:54,5.12,-0.01,105,53760,卖盘
992,13:32:48,5.13,0.01,30,15390,买盘
993,13:32:39,5.12,--,6,3072,卖盘
994,13:32:33,5.12,--,1500,768000,卖盘
995,13:32:21,5.12,-0.01,16,8192,卖盘
996,13:32:15,5.13,0.01,48,24624,买盘
997,13:32:12,5.12,--,2,1024,卖盘
998,13:32:03,5.12,-0.01,4,2048,卖盘
999,13:31:57,5.13,--,1,513,买盘
1000,13:31:51,5.13,0.01,1,513,买盘
1001,13:31:45,5.12,--,3,1536,卖盘
1002,13:31:39,5.12,--,19,9728,卖盘
1003,13:31:36,5.12,-0.01,5,2560,卖盘
1004,13:31:30,5.13,0.01,5,2565,买盘
1005,13:31:24,5.12,--,19,9728,卖盘
1006,13:31:18,5.12,--,473,242176,卖盘
1007,13:31:06,5.12,--,11,5632,卖盘
1008,13:31:03,5.12,-0.01,4,2048,卖盘
1009,13:30:54,5.13,0.01,4,2052,买盘
1010,13:30:51,5.12,--,103,52736,卖盘
1011,13:30:42,5.12,-0.01,4,2048,卖盘
1012,13:30:39,5.13,--,1,513,买盘
1013,13:30:36,5.13,0.01,10,5130,买盘
1014,13:30:33,5.12,-0.01,20,10240,卖盘
1015,13:30:30,5.13,--,100,51300,买盘
1016,13:30:21,5.13,--,19,9747,买盘
1017,13:30:18,5.13,--,6,3078,买盘
1018,13:30:09,5.13,-0.01,313,160569,卖盘
1019,13:30:03,5.14,0.01,11,5654,买盘
1020,13:30:00,5.13,--,10,5130,卖盘
1021,13:29:51,5.13,--,6,3078,卖盘
1022,13:29:48,5.13,--,15,7695,卖盘
1023,13:29:45,5.13,--,61,31293,卖盘
1024,13:29:36,5.13,--,130,66690,卖盘
1025,13:29:30,5.13,--,10,5130,卖盘
1026,13:29:21,5.13,--,2,1026,卖盘
1027,13:29:12,5.13,--,48,24624,卖盘
1028,13:29:06,5.13,--,54,27702,卖盘
1029,13:28:54,5.13,--,35,17955,卖盘
1030,13:28:42,5.13,--,301,154413,卖盘
1031,13:28:39,5.13,--,42,21546,卖盘
1032,13:28:36,5.13,-0.01,326,167238,卖盘
1033,13:28:33,5.14,0.01,10,5140,买盘
1034,13:28:30,5.13,--,376,192888,卖盘
1035,13:28:15,5.13,--,6,3078,卖盘
1036,13:28:12,5.13,-0.01,78,40014,卖盘
1037,13:28:09,5.14,0.01,307,157798,买盘
1038,13:28:03,5.13,--,387,198531,卖盘
1039,13:28:00,5.13,--,431,221103,卖盘
1040,13:27:54,5.13,--,1,513,卖盘
1041,13:27:39,5.13,--,55,28215,卖盘
1042,13:27:33,5.13,-0.01,78,40014,卖盘
1043,13:27:24,5.14,0.01,16,8224,买盘
1044,13:27:15,5.13,--,162,83106,卖盘
1045,13:27:12,5.13,--,4,2052,卖盘
1046,13:27:09,5.13,--,9,4617,卖盘
1047,13:27:03,5.13,-0.01,120,61560,卖盘
1048,13:27:00,5.14,--,104,53456,买盘
1049,13:26:50,5.14,--,5,2570,买盘
1050,13:26:47,5.14,--,10,5140,买盘
1051,13:26:38,5.14,0.01,107,54998,买盘
1052,13:26:29,5.13,-0.01,1,513,卖盘
1053,13:26:20,5.14,0.01,5,2570,买盘
1054,13:26:17,5.13,--,10,5130,卖盘
1055,13:26:14,5.13,--,20,10260,卖盘
1056,13:26:08,5.13,--,20,10260,卖盘
1057,13:26:05,5.13,-0.01,50,25650,卖盘
1058,13:25:56,5.14,--,4,2056,买盘
1059,13:25:47,5.14,--,10,5140,买盘
1060,13:25:44,5.14,0.01,1,514,买盘
1061,13:25:23,5.13,--,100,51300,卖盘
1062,13:24:56,5.13,--,20,10260,卖盘
1063,13:24:53,5.13,-0.01,14,7182,卖盘
1064,13:24:44,5.14,--,30,15419,买盘
1065,13:24:41,5.14,--,15,7709,买盘
1066,13:24:35,5.14,--,19,9766,买盘
1067,13:24:32,5.14,--,3,1542,买盘
1068,13:24:23,5.14,0.01,33,16962,买盘
1069,13:24:20,5.13,--,5,2565,卖盘
1070,13:24:11,5.13,-0.01,6,3078,卖盘
1071,13:24:08,5.14,--,63,32381,买盘
1072,13:23:56,5.14,0.01,9,4626,买盘
1073,13:23:53,5.13,-0.01,11,5643,卖盘
1074,13:23:47,5.14,0.01,2,1028,中性盘
1075,13:23:38,5.13,-0.01,33,16929,卖盘
1076,13:23:35,5.14,0.01,66,33924,买盘
1077,13:23:26,5.13,--,4,2052,卖盘
1078,13:23:20,5.13,-0.01,8,4104,卖盘
1079,13:23:14,5.14,0.01,19,9766,买盘
1080,13:23:11,5.13,--,21,10773,卖盘
1081,13:23:08,5.13,--,31,15903,卖盘
1082,13:23:02,5.13,--,100,51300,卖盘
1083,13:22:53,5.13,-0.01,6,3078,卖盘
1084,13:22:41,5.14,0.01,2,1028,买盘
1085,13:22:38,5.13,-0.01,30,15390,卖盘
1086,13:22:35,5.14,0.01,2,1028,买盘
1087,13:22:32,5.13,--,2,1026,卖盘
1088,13:22:29,5.13,-0.01,3,1539,卖盘
1089,13:22:26,5.14,0.01,40,20560,买盘
1090,13:22:20,5.13,-0.01,31,15903,卖盘
1091,13:22:17,5.14,0.01,75,38550,买盘
1092,13:22:14,5.13,--,30,15390,卖盘
1093,13:22:11,5.13,--,5,2565,卖盘
1094,13:21:59,5.13,--,100,51300,卖盘
1095,13:21:56,5.13,--,18,9234,卖盘
1096,13:21:38,5.13,--,2,1026,卖盘
1097,13:21:32,5.13,-0.01,1,513,卖盘
1098,13:21:20,5.14,--,42,21588,买盘
1099,13:21:11,5.14,--,20,10280,卖盘
1100,13:21:05,5.14,--,210,107940,卖盘
1101,13:20:53,5.14,--,65,33410,卖盘
1102,13:20:47,5.14,--,14,7196,卖盘
1103,13:20:44,5.14,--,1,514,卖盘
1104,13:20:35,5.14,-0.01,5,2570,卖盘
1105,13:20:32,5.15,--,19,9785,买盘
1106,13:20:29,5.15,--,17,8755,买盘
1107,13:20:23,5.15,0.01,59,30385,买盘
1108,13:20:08,5.14,--,154,79156,卖盘
1109,13:20:02,5.14,--,20,10280,卖盘
1110,13:19:53,5.14,--,41,21074,卖盘
1111,13:19:47,5.14,--,20,10280,卖盘
1112,13:19:38,5.14,-0.01,40,20560,卖盘
1113,13:19:35,5.15,0.01,6,3090,买盘
1114,13:19:26,5.14,--,11,5654,卖盘
1115,13:19:23,5.14,--,1000,513999,卖盘
1116,13:19:17,5.14,-0.01,6,3084,卖盘
1117,13:19:14,5.15,--,10,5150,买盘
1118,13:19:11,5.15,--,5,2575,买盘
1119,13:19:08,5.15,--,1,515,买盘
1120,13:18:56,5.15,0.01,5,2575,买盘
1121,13:18:53,5.14,--,9,4626,卖盘
1122,13:18:50,5.14,--,120,61679,卖盘
1123,13:18:38,5.14,--,5,2570,卖盘
1124,13:18:26,5.14,--,19,9766,卖盘
1125,13:18:23,5.14,--,76,39064,卖盘
1126,13:18:20,5.14,-0.01,1,514,卖盘
1127,13:18:17,5.15,0.01,20,10300,买盘
1128,13:18:11,5.14,-0.01,80,41120,卖盘
1129,13:18:08,5.15,--,20,10300,买盘
1130,13:18:05,5.15,0.01,1,515,买盘
1131,13:17:53,5.14,-0.01,7,3598,卖盘
1132,13:17:50,5.15,--,100,51500,买盘
1133,13:17:47,5.15,0.01,1,515,买盘
1134,13:17:41,5.14,--,10,5140,卖盘
1135,13:17:35,5.14,-0.01,10,5140,卖盘
1136,13:17:26,5.15,0.01,24,12360,买盘
1137,13:17:11,5.14,--,13,6682,卖盘
1138,13:17:08,5.14,--,2,1028,卖盘
1139,13:16:56,5.14,-0.01,7,3598,卖盘
1140,13:16:53,5.15,--,1,515,买盘
1141,13:16:47,5.15,0.01,10,5150,买盘
1142,13:16:44,5.14,-0.01,20,10280,卖盘
1143,13:16:41,5.15,0.01,10,5150,买盘
1144,13:16:38,5.14,--,24,12336,卖盘
1145,13:16:29,5.14,-0.01,3,1542,卖盘
1146,13:16:08,5.15,--,20,10300,买盘
1147,13:16:05,5.15,--,100,51500,买盘
1148,13:15:53,5.15,--,20,10300,买盘
1149,13:15:35,5.15,--,178,91670,买盘
1150,13:15:32,5.15,--,8,4120,买盘
1151,13:15:29,5.15,--,20,10300,买盘
1152,13:15:23,5.15,--,500,257500,买盘
1153,13:15:11,5.15,--,37,19055,买盘
1154,13:15:05,5.15,--,50,25750,买盘
1155,13:14:53,5.15,0.01,23,11845,买盘
1156,13:14:47,5.14,-0.01,24,12336,卖盘
1157,13:14:41,5.15,--,20,10300,买盘
1158,13:14:38,5.15,0.01,215,110725,买盘
1159,13:14:35,5.14,--,1,514,卖盘
1160,13:14:32,5.14,-0.01,60,30839,卖盘
1161,13:14:23,5.15,0.01,37,19055,买盘
1162,13:14:20,5.14,--,9,4626,卖盘
1163,13:14:17,5.14,-0.01,12,6168,卖盘
1164,13:14:11,5.15,0.01,423,217845,买盘
1165,13:13:50,5.14,--,1,514,卖盘
1166,13:13:44,5.14,--,41,21074,卖盘
1167,13:13:41,5.14,--,21,10794,卖盘
1168,13:13:35,5.14,--,5,2570,卖盘
1169,13:13:26,5.14,0.01,422,216908,买盘
1170,13:13:20,5.13,--,6,3078,卖盘
1171,13:13:17,5.13,-0.01,3,1539,卖盘
1172,13:13:14,5.14,0.01,207,106398,买盘
1173,13:13:11,5.13,-0.01,4,2052,卖盘
1174,13:13:08,5.14,--,35,17990,买盘
1175,13:13:05,5.14,0.01,45,23130,买盘
1176,13:12:59,5.13,-0.01,2,1026,卖盘
1177,13:12:53,5.14,0.01,13,6682,买盘
1178,13:12:47,5.13,-0.01,1,513,卖盘
1179,13:12:44,5.14,--,33,16962,买盘
1180,13:12:41,5.14,--,50,25700,买盘
1181,13:12:38,5.14,--,138,70932,买盘
1182,13:12:32,5.14,--,2,1028,买盘
1183,13:12:29,5.14,--,2,1028,买盘
1184,13:12:23,5.14,0.01,10,5140,买盘
1185,13:12:20,5.13,-0.01,10,5130,卖盘
1186,13:12:17,5.14,--,1,514,买盘
1187,13:12:08,5.14,--,1,514,买盘
1188,13:12:05,5.14,--,31,15933,买盘
1189,13:12:02,5.14,--,5,2570,买盘
1190,13:11:59,5.14,--,20,10280,买盘
1191,13:11:56,5.14,--,56,28784,买盘
1192,13:11:53,5.14,--,29,14905,买盘
1193,13:11:50,5.14,--,13,6682,买盘
1194,13:11:35,5.14,0.01,240,123359,买盘
1195,13:11:26,5.13,-0.01,800,410400,卖盘
1196,13:11:23,5.14,--,150,77100,买盘
1197,13:11:20,5.14,--,2,1028,买盘
1198,13:11:14,5.14,0.01,1,514,买盘
1199,13:11:08,5.13,--,182,93366,卖盘
1200,13:11:02,5.13,--,4,2052,卖盘
1201,13:10:56,5.13,-0.01,8,4104,卖盘
1202,13:10:53,5.14,--,42,21588,买盘
1203,13:10:50,5.14,--,10,5140,买盘
1204,13:10:35,5.14,0.01,20,10280,买盘
1205,13:10:23,5.13,-0.01,1,513,卖盘
1206,13:10:20,5.14,--,1,514,买盘
1207,13:10:14,5.14,--,48,24672,买盘
1208,13:10:11,5.14,0.01,110,56540,买盘
1209,13:10:08,5.13,-0.01,40,20520,卖盘
1210,13:09:59,5.14,--,1,514,买盘
1211,13:09:53,5.14,--,10,5140,买盘
1212,13:09:50,5.14,--,1,514,买盘
1213,13:09:47,5.14,0.01,9,4626,买盘
1214,13:09:44,5.13,--,1,513,卖盘
1215,13:09:38,5.13,-0.01,20,10260,卖盘
1216,13:09:35,5.14,0.01,110,56540,买盘
1217,13:09:32,5.13,--,1,513,卖盘
1218,13:09:26,5.13,--,2,1026,卖盘
1219,13:09:11,5.13,-0.01,300,153900,卖盘
1220,13:09:08,5.14,0.01,28,14392,买盘
1221,13:09:05,5.13,--,14,7182,卖盘
1222,13:09:02,5.13,--,10,5130,卖盘
1223,13:08:53,5.13,--,62,31806,卖盘
1224,13:08:47,5.13,-0.01,1,513,卖盘
1225,13:08:44,5.14,--,4,2056,买盘
1226,13:08:38,5.14,--,2,1028,买盘
1227,13:08:29,5.14,0.01,24,12336,买盘
1228,13:08:26,5.13,--,37,18981,卖盘
1229,13:08:13,5.13,-0.01,5,2565,卖盘
1230,13:08:01,5.14,--,50,25700,买盘
1231,13:07:58,5.14,0.01,10,5140,买盘
1232,13:07:49,5.13,--,75,38475,卖盘
1233,13:07:43,5.13,-0.01,3,1539,卖盘
1234,13:07:40,5.14,0.01,4,2056,买盘
1235,13:07:37,5.13,--,1,513,卖盘
1236,13:07:25,5.13,--,10,5130,卖盘
1237,13:07:22,5.13,--,6,3078,卖盘
1238,13:07:16,5.13,--,66,33858,卖盘
1239,13:07:07,5.13,--,21,10773,卖盘
1240,13:06:58,5.13,-0.01,12,6156,卖盘
1241,13:06:55,5.14,0.01,80,41120,买盘
1242,13:06:52,5.13,-0.01,2,1026,卖盘
1243,13:06:49,5.14,0.01,10,5140,买盘
1244,13:06:40,5.13,--,9,4617,卖盘
1245,13:06:34,5.13,--,1,513,卖盘
1246,13:06:28,5.13,--,50,25650,卖盘
1247,13:06:22,5.13,-0.01,13,6669,卖盘
1248,13:06:10,5.14,--,4,2056,买盘
1249,13:05:49,5.14,0.01,3,1542,买盘
1250,13:05:46,5.13,--,12,6156,卖盘
1251,13:05:40,5.13,-0.01,66,33858,卖盘
1252,13:05:31,5.14,--,1,514,买盘
1253,13:05:25,5.14,0.01,14,7196,买盘
1254,13:05:22,5.13,--,12,6156,卖盘
1255,13:05:19,5.13,--,20,10260,卖盘
1256,13:05:13,5.13,--,29,14877,卖盘
1257,13:05:10,5.13,--,15,7695,卖盘
1258,13:05:04,5.13,-0.01,12,6156,卖盘
1259,13:04:40,5.14,0.01,19,9766,买盘
1260,13:04:28,5.13,--,44,22572,卖盘
1261,13:04:22,5.13,--,80,41040,卖盘
1262,13:04:19,5.13,--,21,10773,卖盘
1263,13:04:16,5.13,--,20,10260,卖盘
1264,13:04:04,5.13,--,200,102600,卖盘
1265,13:03:46,5.13,--,17,8721,卖盘
1266,13:03:34,5.13,--,62,31806,卖盘
1267,13:03:28,5.13,--,9,4617,卖盘
1268,13:03:25,5.13,-0.01,32,16416,卖盘
1269,13:03:22,5.14,0.01,10,5140,买盘
1270,13:03:19,5.13,--,5,2565,卖盘
1271,13:03:10,5.13,-0.01,16,8208,卖盘
1272,13:03:07,5.14,0.01,40,20560,买盘
1273,13:02:58,5.13,-0.01,80,41040,卖盘
1274,13:02:40,5.14,0.01,9,4626,买盘
1275,13:02:37,5.13,-0.01,10,5130,卖盘
1276,13:02:19,5.14,0.01,65,33410,买盘
1277,13:02:13,5.13,--,50,25650,卖盘
1278,13:02:01,5.13,--,4,2052,卖盘
1279,13:01:55,5.13,-0.01,10,5130,卖盘
1280,13:01:46,5.14,0.01,3,1542,买盘
1281,13:01:37,5.13,-0.01,24,12312,卖盘
1282,13:01:34,5.14,--,10,5140,买盘
1283,13:01:04,5.14,0.01,19,9766,买盘
1284,13:00:55,5.13,-0.01,16,8208,卖盘
1285,13:00:43,5.14,--,30,15419,买盘
1286,13:00:34,5.14,0.01,13,6682,买盘
1287,13:00:25,5.13,--,53,27189,卖盘
1288,13:00:19,5.13,-0.01,3,1539,卖盘
1289,13:00:16,5.14,0.01,200,102800,买盘
1290,13:00:10,5.13,--,350,179550,卖盘
1291,13:00:07,5.13,-0.01,258,132354,卖盘
1292,13:00:04,5.14,0.01,346,177844,买盘
1293,13:00:01,5.13,-0.01,218,111834,卖盘
1294,11:30:00,5.14,--,50,25700,买盘
1295,11:29:48,5.14,--,4,2056,买盘
1296,11:29:26,5.14,--,5,2570,买盘
1297,11:29:11,5.14,-0.01,388,199483,卖盘
1298,11:28:59,5.15,0.01,2,1030,买盘
1299,11:28:56,5.14,-0.01,20,10280,卖盘
1300,11:28:50,5.15,--,3,1545,买盘
1301,11:28:35,5.15,--,10,5150,买盘
1302,11:28:32,5.15,0.01,3,1545,买盘
1303,11:28:29,5.14,-0.01,92,47288,卖盘
1304,11:28:26,5.15,0.01,1004,517060,买盘
1305,11:28:20,5.14,-0.01,100,51400,卖盘
1306,11:28:11,5.15,0.01,300,154500,买盘
1307,11:28:05,5.14,-0.01,100,51400,卖盘
1308,11:27:59,5.15,--,1,515,买盘
1309,11:27:53,5.15,--,100,51500,买盘
1310,11:27:47,5.15,0.01,3,1545,买盘
1311,11:27:44,5.14,-0.01,15,7709,卖盘
1312,11:27:41,5.15,--,107,55105,买盘
1313,11:27:38,5.15,0.01,6,3090,买盘
1314,11:27:32,5.14,-0.01,3,1542,卖盘
1315,11:27:29,5.15,--,84,43260,买盘
1316,11:27:08,5.15,--,2,1030,买盘
1317,11:27:05,5.15,--,2,1030,买盘
1318,11:26:56,5.15,--,4,2060,买盘
1319,11:26:50,5.15,0.01,19,9785,买盘
1320,11:26:47,5.14,--,2,1028,卖盘
1321,11:26:41,5.14,-0.01,8,4112,卖盘
1322,11:26:26,5.15,0.01,10,5150,买盘
1323,11:26:23,5.14,-0.01,40,20560,卖盘
1324,11:26:17,5.15,--,7,3666,买盘
1325,11:26:14,5.15,0.01,1005,517575,买盘
1326,11:26:08,5.14,-0.01,1,514,卖盘
1327,11:26:02,5.15,0.01,8,4120,买盘
1328,11:25:56,5.14,--,20,10280,卖盘
1329,11:25:53,5.14,--,47,24158,卖盘
1330,11:25:47,5.14,--,1,514,卖盘
1331,11:25:41,5.14,-0.01,10,5140,卖盘
1332,11:25:35,5.15,0.01,8,4120,买盘
1333,11:25:29,5.14,--,100,51400,卖盘
1334,11:25:26,5.14,--,37,19018,卖盘
1335,11:25:23,5.14,-0.01,10,5140,卖盘
1336,11:25:17,5.15,0.01,2,1030,买盘
1337,11:25:14,5.14,--,20,10280,卖盘
1338,11:25:08,5.14,--,6,3084,卖盘
1339,11:25:02,5.14,--,1,514,卖盘
1340,11:24:53,5.14,--,32,16448,卖盘
1341,11:24:47,5.14,--,13,6682,卖盘
1342,11:24:44,5.14,--,6,3084,卖盘
1343,11:24:35,5.14,--,56,28784,卖盘
1344,11:24:32,5.14,0.01,1673,860281,买盘
1345,11:24:26,5.13,--,2,1026,卖盘
1346,11:24:17,5.13,--,1,625,卖盘
1347,11:24:08,5.13,0.01,413,212310,买盘
1348,11:24:02,5.12,--,12,6144,卖盘
1349,11:23:59,5.12,--,10,5120,卖盘
1350,11:23:53,5.12,--,11,5632,卖盘
1351,11:23:50,5.12,-0.01,1103,564736,卖盘
1352,11:23:47,5.13,0.01,10,5130,买盘
1353,11:23:44,5.12,--,20,10240,卖盘
1354,11:23:38,5.12,--,24,12288,卖盘
1355,11:23:35,5.12,-0.01,102,52224,卖盘
1356,11:23:29,5.13,--,29,14877,买盘
1357,11:23:26,5.13,--,10,5140,买盘
1358,11:23:23,5.13,--,246,126198,买盘
1359,11:23:17,5.13,0.01,1,513,买盘
1360,11:23:14,5.12,--,252,129024,卖盘
1361,11:23:11,5.12,-0.01,3,1536,卖盘
1362,11:23:08,5.13,--,23,11799,买盘
1363,11:23:05,5.13,0.01,10,5130,买盘
1364,11:23:02,5.12,-0.01,1,512,卖盘
1365,11:22:59,5.13,--,60,30780,买盘
1366,11:22:56,5.13,0.01,20,10260,买盘
1367,11:22:50,5.12,--,30,15360,卖盘
1368,11:22:44,5.12,--,9,4608,卖盘
1369,11:22:41,5.12,-0.01,40,20480,卖盘
1370,11:22:38,5.13,0.01,65,33345,买盘
1371,11:22:35,5.12,--,155,79360,卖盘
1372,11:22:17,5.12,-0.01,18,9216,卖盘
1373,11:22:14,5.13,0.01,1,513,买盘
1374,11:22:11,5.12,--,100,51200,卖盘
1375,11:22:08,5.12,--,10,5120,卖盘
1376,11:22:05,5.12,--,119,60928,卖盘
1377,11:22:02,5.12,0.01,238,121896,买盘
1378,11:21:59,5.11,--,75,38325,卖盘
1379,11:21:56,5.11,-0.01,176,89936,卖盘
1380,11:21:53,5.12,--,21,10752,买盘
1381,11:21:50,5.12,--,32,16384,买盘
1382,11:21:47,5.12,--,10,5120,买盘
1383,11:21:41,5.12,--,149,76288,买盘
1384,11:21:35,5.12,--,123,62976,买盘
1385,11:21:29,5.12,--,20,10240,买盘
1386,11:21:26,5.12,-0.01,1388,711147,卖盘
1387,11:21:20,5.13,--,129,66177,买盘
1388,11:21:08,5.13,--,2,1026,买盘
1389,11:21:05,5.13,--,4,2052,买盘
1390,11:20:56,5.13,--,55,28215,买盘
1391,11:20:53,5.13,0.01,7,3591,买盘
1392,11:20:50,5.12,--,12,6144,卖盘
1393,11:20:47,5.12,-0.01,15,7680,卖盘
1394,11:20:41,5.13,0.01,40,20520,买盘
1395,11:20:35,5.12,-0.01,5,2560,卖盘
1396,11:20:32,5.13,--,77,39501,买盘
1397,11:20:26,5.13,0.01,21,10773,买盘
1398,11:20:23,5.12,--,50,25600,卖盘
1399,11:20:11,5.12,--,4,2048,卖盘
1400,11:20:02,5.12,--,2,1024,卖盘
1401,11:19:50,5.12,-0.01,20,10240,卖盘
1402,11:19:47,5.13,0.01,16,8208,买盘
1403,11:19:41,5.12,-0.01,36,18432,卖盘
1404,11:19:38,5.13,--,65,33345,买盘
1405,11:19:35,5.13,--,23,11799,买盘
1406,11:19:29,5.13,0.01,40,20520,买盘
1407,11:19:23,5.12,--,3,1536,卖盘
1408,11:19:17,5.12,-0.01,0,307,卖盘
1409,11:19:14,5.13,0.01,1,513,买盘
1410,11:19:11,5.12,-0.01,179,92154,卖盘
1411,11:19:08,5.13,0.01,1,513,买盘
1412,11:19:02,5.12,--,32,16384,卖盘
1413,11:18:59,5.12,--,5,2560,卖盘
1414,11:18:53,5.12,-0.01,10,5120,卖盘
1415,11:18:47,5.13,0.01,517,265221,买盘
1416,11:18:44,5.12,-0.01,22,11264,卖盘
1417,11:18:38,5.13,0.01,20,10260,买盘
1418,11:18:35,5.12,--,84,43008,卖盘
1419,11:18:29,5.12,-0.01,2,1024,卖盘
1420,11:18:26,5.13,0.01,31,15903,买盘
1421,11:18:23,5.12,-0.01,0,235,卖盘
1422,11:18:20,5.13,0.01,142,72846,买盘
1423,11:18:17,5.12,--,88,45056,买盘
1424,11:18:14,5.12,--,83,42496,卖盘
1425,11:18:08,5.12,-0.01,30,15360,卖盘
1426,11:18:05,5.13,0.01,15,7695,买盘
1427,11:17:56,5.12,--,11,5632,卖盘
1428,11:17:53,5.12,--,38,19456,卖盘
1429,11:17:50,5.12,--,24,12288,卖盘
1430,11:17:44,5.12,--,58,29696,卖盘
1431,11:17:41,5.12,-0.01,44,22528,卖盘
1432,11:17:38,5.13,0.01,2,1026,买盘
1433,11:17:35,5.12,--,101,51712,卖盘
1434,11:17:29,5.12,--,12,6144,卖盘
1435,11:17:26,5.12,--,454,232448,买盘
1436,11:17:23,5.12,0.01,135,69120,买盘
1437,11:17:17,5.11,--,40,20440,卖盘
1438,11:17:14,5.11,-0.01,380,194180,卖盘
1439,11:17:11,5.12,0.01,20,10240,买盘
1440,11:17:08,5.11,-0.01,4,2044,卖盘
1441,11:17:05,5.12,0.01,414,211968,买盘
1442,11:17:02,5.11,-0.01,121,61831,卖盘
1443,11:16:59,5.12,0.01,75,38400,买盘
1444,11:16:56,5.11,-0.01,2,1022,卖盘
1445,11:16:53,5.12,0.01,30,15360,买盘
1446,11:16:50,5.11,--,167,85337,卖盘
1447,11:16:47,5.11,--,2,1022,卖盘
1448,11:16:41,5.11,-0.01,109,55699,卖盘
1449,11:16:35,5.12,--,31,15872,买盘
1450,11:16:32,5.12,0.01,1139,583168,买盘
1451,11:16:29,5.11,--,64,32704,卖盘
1452,11:16:26,5.11,--,30,15330,卖盘
1453,11:16:23,5.11,--,400,204400,卖盘
1454,11:16:20,5.11,-0.01,233,119063,卖盘
1455,11:16:17,5.12,--,32,16384,卖盘
1456,11:16:14,5.12,0.01,776,397312,买盘
1457,11:16:11,5.11,--,92,47012,卖盘
1458,11:16:05,5.11,--,378,193158,卖盘
1459,11:16:02,5.11,--,26,13286,卖盘
1460,11:15:59,5.11,--,111,56721,卖盘
1461,11:15:56,5.11,--,1000,511000,卖盘
1462,11:15:53,5.11,--,30,15330,卖盘
1463,11:15:50,5.11,-0.01,962,491776,卖盘
1464,11:15:47,5.12,0.01,2,1024,买盘
1465,11:15:41,5.11,--,130,66430,卖盘
1466,11:15:38,5.11,-0.01,20,10220,卖盘
1467,11:15:35,5.12,0.01,356,182272,买盘
1468,11:15:32,5.11,-0.02,112,57232,卖盘
1469,11:15:26,5.13,0.02,25,12825,买盘
1470,11:15:23,5.11,-0.01,3040,1553440,卖盘
1471,11:15:20,5.12,--,57,29184,卖盘
1472,11:15:17,5.12,-0.01,851,435712,卖盘
1473,11:15:08,5.13,--,69,35473,卖盘
1474,11:15:02,5.13,-0.01,1694,869022,卖盘
1475,11:14:59,5.14,--,1,514,买盘
1476,11:14:56,5.14,--,1002,515027,买盘
1477,11:14:53,5.14,0.01,101,51914,买盘
1478,11:14:50,5.13,-0.01,5,2565,卖盘
1479,11:14:44,5.14,--,216,111024,买盘
1480,11:14:38,5.14,0.01,88,45232,买盘
1481,11:14:35,5.13,--,20,10260,卖盘
1482,11:14:32,5.13,--,300,153900,卖盘
1483,11:14:29,5.13,--,10,5130,卖盘
1484,11:14:23,5.13,-0.01,21,10773,卖盘
1485,11:14:14,5.14,--,1,514,买盘
1486,11:14:11,5.14,0.01,8,4112,买盘
1487,11:14:08,5.13,-0.01,25,12825,卖盘
1488,11:13:53,5.14,0.01,28,14392,买盘
1489,11:13:50,5.13,-0.01,58,29754,卖盘
1490,11:13:47,5.14,0.01,4,2056,买盘
1491,11:13:44,5.13,-0.01,13,6669,卖盘
1492,11:13:35,5.14,--,68,34952,买盘
1493,11:13:32,5.14,--,12,6168,买盘
1494,11:13:29,5.14,--,32,16766,卖盘
1495,11:13:17,5.14,--,8,4307,买盘
1496,11:13:14,5.14,--,4,2056,买盘
1497,11:13:08,5.14,0.01,60,30839,买盘
1498,11:13:02,5.13,-0.01,40,20520,卖盘
1499,11:12:56,5.14,--,152,78128,买盘
1500,11:12:53,5.14,--,30,15419,买盘
1501,11:12:50,5.14,0.01,4,2056,买盘
1502,11:12:47,5.13,-0.01,5,2565,卖盘
1503,11:12:44,5.14,--,38,19532,买盘
1504,11:12:38,5.14,--,86,44589,卖盘
1505,11:12:32,5.14,--,37,19018,卖盘
1506,11:12:29,5.14,--,7,3726,买盘
1507,11:12:26,5.14,--,10,5140,买盘
1508,11:12:23,5.14,0.01,89,45746,买盘
1509,11:12:20,5.13,-0.01,35,17955,卖盘
1510,11:12:14,5.14,--,97,49858,买盘
1511,11:12:08,5.14,--,12,6168,买盘
1512,11:12:05,5.14,--,28,14392,买盘
1513,11:11:59,5.14,--,20,10280,买盘
1514,11:11:56,5.14,--,12,6168,买盘
1515,11:11:53,5.14,--,8,4112,买盘
1516,11:11:44,5.14,--,5,2570,买盘
1517,11:11:41,5.14,0.01,30,15419,买盘
1518,11:11:32,5.13,-0.01,13,6669,卖盘
1519,11:11:26,5.14,--,2,1028,买盘
1520,11:11:23,5.14,--,2,1028,买盘
1521,11:11:17,5.14,--,9,4626,买盘
1522,11:11:11,5.14,--,71,36643,卖盘
1523,11:11:08,5.14,--,82,42492,卖盘
1524,11:10:41,5.14,--,48,25114,买盘
1525,11:10:35,5.14,--,205,105370,买盘
1526,11:10:26,5.14,0.01,51,26214,买盘
1527,11:10:23,5.13,-0.01,14,7182,卖盘
1528,11:10:20,5.14,0.01,10,5140,买盘
1529,11:10:17,5.13,--,3,1539,卖盘
1530,11:10:10,5.13,-0.01,3,1539,卖盘
1531,11:10:07,5.14,--,6,3084,买盘
1532,11:10:04,5.14,--,10,5140,买盘
1533,11:10:01,5.14,0.01,120,61679,买盘
1534,11:09:58,5.13,--,10,5130,卖盘
1535,11:09:55,5.13,-0.01,417,213921,卖盘
1536,11:09:52,5.14,--,10,5140,买盘
1537,11:09:49,5.14,0.01,61,31353,买盘
1538,11:09:40,5.13,-0.01,80,41040,卖盘
1539,11:09:31,5.14,--,9,4626,买盘
1540,11:09:28,5.14,0.01,23,11822,买盘
1541,11:09:25,5.13,--,232,119016,卖盘
1542,11:09:22,5.13,--,217,111321,卖盘
1543,11:09:16,5.13,--,81,41553,卖盘
1544,11:09:13,5.13,--,1,528,卖盘
1545,11:09:04,5.13,-0.01,8,4104,卖盘
1546,11:08:58,5.14,--,10,5140,买盘
1547,11:08:55,5.14,--,20,10280,买盘
1548,11:08:49,5.14,0.01,12,6168,买盘
1549,11:08:46,5.13,-0.01,4,2052,卖盘
1550,11:08:37,5.14,--,89,45746,买盘
1551,11:08:28,5.14,-0.01,2424,1245936,卖盘
1552,11:08:13,5.15,0.01,1,515,买盘
1553,11:08:07,5.14,-0.01,32,16448,卖盘
1554,11:07:55,5.15,0.01,5,2575,买盘
1555,11:07:49,5.14,-0.01,590,303260,卖盘
1556,11:07:40,5.15,0.01,2,1030,买盘
1557,11:07:37,5.14,-0.01,2,1028,卖盘
1558,11:07:31,5.15,--,1,515,买盘
1559,11:07:25,5.15,0.01,22,11330,买盘
1560,11:07:19,5.14,-0.01,2,1028,卖盘
1561,11:07:07,5.15,0.01,71,36565,买盘
1562,11:07:04,5.14,-0.01,5,2570,卖盘
1563,11:06:58,5.15,--,55,28325,买盘
1564,11:06:55,5.15,--,3,1545,买盘
1565,11:06:49,5.15,--,11,5665,买盘
1566,11:06:43,5.15,0.01,5,2575,买盘
1567,11:06:37,5.14,-0.01,18,9252,卖盘
1568,11:06:31,5.15,--,102,52530,卖盘
1569,11:06:25,5.15,--,18,9270,卖盘
1570,11:06:22,5.15,--,121,62315,买盘
1571,11:06:07,5.15,0.01,20,10300,买盘
1572,11:06:01,5.14,-0.01,106,54484,卖盘
1573,11:05:58,5.15,--,55,28325,买盘
1574,11:05:55,5.15,--,202,104030,买盘
1575,11:05:52,5.15,0.01,5,2575,买盘
1576,11:05:49,5.14,-0.01,1,514,卖盘
1577,11:05:37,5.15,0.01,51,26265,买盘
1578,11:05:34,5.14,-0.01,90,46260,卖盘
1579,11:05:28,5.15,--,110,56650,买盘
1580,11:05:25,5.15,--,4,2060,买盘
1581,11:05:19,5.15,0.01,509,262135,买盘
1582,11:05:13,5.14,--,1,514,卖盘
1583,11:05:10,5.14,-0.01,20,10280,卖盘
1584,11:05:01,5.15,0.01,10,5150,买盘
1585,11:04:55,5.14,-0.01,3,1542,卖盘
1586,11:04:52,5.15,--,3,1545,买盘
1587,11:04:37,5.15,0.01,22,11330,买盘
1588,11:04:22,5.14,-0.01,20,10280,卖盘
1589,11:04:19,5.15,--,4,2060,买盘
1590,11:04:13,5.15,0.01,101,52015,买盘
1591,11:04:04,5.14,-0.01,11,5654,卖盘
1592,11:03:55,5.15,0.01,20,10300,买盘
1593,11:03:52,5.14,--,4,2056,卖盘
1594,11:03:49,5.14,--,90,46260,卖盘
1595,11:03:34,5.14,-0.01,220,113080,卖盘
1596,11:03:28,5.15,--,10,5150,买盘
1597,11:03:22,5.15,0.01,10,5150,买盘
1598,11:03:19,5.14,--,16,8224,卖盘
1599,11:03:13,5.14,-0.01,9,4626,卖盘
1600,11:03:04,5.15,--,2,1030,买盘
1601,11:02:52,5.15,0.01,100,51500,买盘
1602,11:02:46,5.14,--,10,5140,卖盘
1603,11:02:43,5.14,-0.01,11,5654,卖盘
1604,11:02:34,5.15,--,101,52015,买盘
1605,11:02:22,5.15,0.01,11,5665,买盘
1606,11:02:19,5.14,-0.01,19,9766,卖盘
1607,11:02:13,5.15,0.01,3,1545,买盘
1608,11:02:07,5.14,-0.01,24,12336,卖盘
1609,11:02:01,5.15,--,39,20085,买盘
1610,11:01:58,5.15,--,103,53045,买盘
1611,11:01:55,5.15,--,30,15450,买盘
1612,11:01:43,5.15,0.01,50,25750,买盘
1613,11:01:37,5.14,-0.01,81,41634,卖盘
1614,11:01:31,5.15,--,50,25750,买盘
1615,11:01:19,5.15,--,178,92045,卖盘
1616,11:01:10,5.15,--,1000,515000,卖盘
1617,11:01:04,5.15,--,1,515,卖盘
1618,11:00:55,5.15,--,93,48034,买盘
1619,11:00:52,5.15,0.01,10,5150,买盘
1620,11:00:49,5.14,-0.01,17,8738,卖盘
1621,11:00:43,5.15,--,36,18540,买盘
1622,11:00:37,5.15,--,1,515,买盘
1623,11:00:28,5.15,--,86,44290,买盘
1624,11:00:25,5.15,--,37,19055,买盘
1625,11:00:19,5.15,--,75,38625,买盘
1626,11:00:16,5.15,--,100,51500,买盘
1627,11:00:13,5.15,--,143,73645,买盘
1628,11:00:10,5.15,--,12,6180,买盘
1629,11:00:07,5.15,--,14,7210,买盘
1630,11:00:01,5.15,--,50,25750,买盘
1631,10:59:58,5.15,--,20,10300,买盘
1632,10:59:49,5.15,--,107,55105,买盘
1633,10:59:46,5.15,--,5,2575,买盘
1634,10:59:43,5.15,--,10,5150,买盘
1635,10:59:37,5.15,--,10,5150,买盘
1636,10:59:34,5.15,--,30,15450,买盘
1637,10:59:31,5.15,0.01,7,3605,买盘
1638,10:59:28,5.14,--,80,41120,卖盘
1639,10:59:22,5.14,-0.01,2,1028,卖盘
1640,10:59:16,5.15,0.01,20,10300,买盘
1641,10:59:10,5.14,--,1,514,卖盘
1642,10:59:04,5.14,-0.01,1,514,卖盘
1643,10:58:58,5.15,--,4,2060,买盘
1644,10:58:55,5.15,--,5,2575,买盘
1645,10:58:52,5.15,--,30,15450,买盘
1646,10:58:49,5.15,--,7,3605,买盘
1647,10:58:46,5.15,--,20,10300,买盘
1648,10:58:40,5.15,--,493,254188,卖盘
1649,10:58:37,5.15,--,1,566,卖盘
1650,10:58:22,5.15,--,57,29355,卖盘
1651,10:58:19,5.15,--,84,43260,卖盘
1652,10:58:16,5.15,--,8,4120,卖盘
1653,10:58:13,5.15,0.01,479,246854,买盘
1654,10:58:07,5.14,-0.01,65,33410,卖盘
1655,10:58:01,5.15,--,8,4120,买盘
1656,10:57:58,5.15,--,63,32445,买盘
1657,10:57:55,5.15,0.01,60,30900,买盘
1658,10:57:52,5.14,-0.01,6,3084,卖盘
1659,10:57:49,5.15,0.01,43,22145,买盘
1660,10:57:43,5.14,-0.01,50,25700,卖盘
1661,10:57:40,5.15,--,23,11845,买盘
1662,10:57:34,5.15,--,28,14420,买盘
1663,10:57:28,5.15,--,3,1545,买盘
1664,10:57:22,5.15,0.01,14,7210,买盘
1665,10:57:19,5.14,-0.01,23,11822,卖盘
1666,10:57:16,5.15,--,20,10300,买盘
1667,10:57:13,5.15,0.01,50,25750,买盘
1668,10:57:10,5.14,-0.01,11,5654,卖盘
1669,10:57:07,5.15,--,60,30900,买盘
1670,10:57:01,5.15,--,30,15450,买盘
1671,10:56:52,5.15,--,103,53045,买盘
1672,10:56:49,5.15,--,41,21115,买盘
1673,10:56:40,5.15,--,261,134760,卖盘
1674,10:56:37,5.15,--,1,515,卖盘
1675,10:56:34,5.15,--,3,1545,卖盘
1676,10:56:28,5.15,-0.01,1,515,卖盘
1677,10:56:19,5.16,--,3,1548,买盘
1678,10:56:16,5.16,--,81,41796,买盘
1679,10:56:10,5.16,--,203,104748,买盘
1680,10:56:04,5.16,0.01,1,516,买盘
1681,10:56:01,5.15,-0.01,5,2575,卖盘
1682,10:55:46,5.16,--,1,516,买盘
1683,10:55:37,5.16,--,20,10320,买盘
1684,10:55:31,5.16,0.01,18,9288,买盘
1685,10:55:19,5.15,--,13,6695,卖盘
1686,10:55:16,5.15,--,3,1545,卖盘
1687,10:55:13,5.15,--,8,4120,卖盘
1688,10:55:10,5.15,--,10,5150,卖盘
1689,10:55:04,5.15,--,12,6349,买盘
1690,10:55:01,5.15,--,10,5150,买盘
1691,10:54:55,5.15,--,27,13905,买盘
1692,10:54:52,5.15,0.01,5,2575,买盘
1693,10:54:49,5.14,--,102,52428,卖盘
1694,10:54:43,5.14,-0.01,10,5140,卖盘
1695,10:54:40,5.15,--,40,20600,买盘
1696,10:54:37,5.15,--,242,124630,买盘
1697,10:54:31,5.15,--,7,3605,买盘
1698,10:54:28,5.15,--,11,5665,买盘
1699,10:54:19,5.15,--,1,515,买盘
1700,10:54:16,5.15,--,10,5150,买盘
1701,10:54:10,5.15,--,154,79310,买盘
1702,10:54:04,5.15,--,14,7210,买盘
1703,10:53:58,5.15,0.01,26,13390,买盘
1704,10:53:52,5.14,--,4,2056,卖盘
1705,10:53:49,5.14,--,98,50372,卖盘
1706,10:53:19,5.14,--,7,3598,卖盘
1707,10:53:13,5.14,--,22,11308,卖盘
1708,10:53:10,5.14,--,200,102800,卖盘
1709,10:52:58,5.14,-0.01,2,1028,卖盘
1710,10:52:55,5.15,--,102,52530,买盘
1711,10:52:43,5.15,0.01,6,3090,买盘
1712,10:52:37,5.14,-0.01,1,514,卖盘
1713,10:52:34,5.15,0.01,63,32445,买盘
1714,10:52:31,5.14,-0.01,60,30839,卖盘
1715,10:52:22,5.15,0.01,21,10815,买盘
1716,10:52:19,5.14,-0.01,124,63735,卖盘
1717,10:52:16,5.15,--,11,5665,买盘
1718,10:52:13,5.15,--,18,9270,买盘
1719,10:52:10,5.15,--,240,123600,买盘
1720,10:52:07,5.15,0.01,3,1545,买盘
1721,10:52:01,5.14,--,200,102800,卖盘
1722,10:51:58,5.14,--,71,36494,卖盘
1723,10:51:49,5.14,-0.01,100,51400,卖盘
1724,10:51:46,5.15,--,10,5150,买盘
1725,10:51:37,5.15,--,3,1545,买盘
1726,10:51:34,5.15,--,339,174930,卖盘
1727,10:51:28,5.15,--,2,1030,卖盘
1728,10:51:22,5.15,-0.01,8,4120,卖盘
1729,10:51:16,5.16,0.01,9,4644,买盘
1730,10:51:07,5.15,--,17,8755,卖盘
1731,10:51:04,5.15,-0.01,58,29870,卖盘
1732,10:50:58,5.16,0.01,1,516,买盘
1733,10:50:55,5.15,-0.01,9,4635,卖盘
1734,10:50:43,5.16,0.01,2,1032,买盘
1735,10:50:34,5.15,--,2,1030,卖盘
1736,10:50:28,5.15,-0.01,2,1030,卖盘
1737,10:50:22,5.16,0.01,5,2580,买盘
1738,10:50:13,5.15,--,58,29870,卖盘
1739,10:50:04,5.15,--,18,9439,卖盘
1740,10:50:01,5.15,--,30,15450,卖盘
1741,10:49:58,5.15,-0.01,62,31930,卖盘
1742,10:49:48,5.16,0.01,1,516,买盘
1743,10:49:45,5.15,--,35,18025,卖盘
1744,10:49:36,5.15,--,10,5150,卖盘
1745,10:49:33,5.15,--,42,21630,卖盘
1746,10:49:21,5.15,--,20,10300,卖盘
1747,10:49:12,5.15,--,679,349685,买盘
1748,10:49:09,5.15,--,16,8240,买盘
1749,10:49:06,5.15,0.01,53,27295,买盘
1750,10:48:54,5.14,--,8,4112,卖盘
1751,10:48:45,5.14,--,14,7196,卖盘
1752,10:48:36,5.14,-0.01,100,51400,卖盘
1753,10:48:33,5.15,--,43,22145,买盘
1754,10:48:24,5.15,--,2,1030,买盘
1755,10:48:18,5.15,--,70,36050,买盘
1756,10:48:12,5.15,0.01,61,31415,买盘
1757,10:48:06,5.14,--,20,10280,卖盘
1758,10:48:00,5.14,--,2,1028,卖盘
1759,10:47:54,5.14,--,120,61679,卖盘
1760,10:47:45,5.14,--,893,459002,买盘
1761,10:47:42,5.14,--,10,5140,买盘
1762,10:47:36,5.14,--,3,1542,买盘
1763,10:47:33,5.14,--,4,2056,买盘
1764,10:47:30,5.14,0.01,71,36494,买盘
1765,10:47:27,5.13,--,42,21546,卖盘
1766,10:47:21,5.13,-0.01,10,5130,卖盘
1767,10:47:18,5.14,--,38,19532,买盘
1768,10:47:15,5.14,--,14,7196,买盘
1769,10:47:12,5.14,--,61,31353,买盘
1770,10:47:09,5.14,-0.01,1226,630164,卖盘
1771,10:47:06,5.15,0.01,90,46350,买盘
1772,10:47:00,5.14,-0.01,28,14392,卖盘
1773,10:46:57,5.15,--,4,2060,买盘
1774,10:46:51,5.15,--,4,2060,买盘
1775,10:46:48,5.15,--,10,5150,买盘
1776,10:46:39,5.15,--,5,2575,买盘
1777,10:46:36,5.15,-0.01,2506,1290590,卖盘
1778,10:46:24,5.16,0.01,50,25800,买盘
1779,10:46:18,5.15,--,50,25750,卖盘
1780,10:46:12,5.15,-0.01,74,38110,卖盘
1781,10:46:09,5.16,--,10,5160,买盘
1782,10:46:00,5.16,--,2,1032,买盘
1783,10:45:51,5.16,--,1,516,买盘
1784,10:45:45,5.16,-0.01,247,127452,卖盘
1785,10:45:42,5.17,--,62,32054,买盘
1786,10:45:39,5.17,--,51,26367,买盘
1787,10:45:27,5.17,0.01,9,4653,买盘
1788,10:45:24,5.16,--,4,2064,卖盘
1789,10:45:21,5.16,--,327,168732,卖盘
1790,10:45:18,5.16,-0.01,56,28896,卖盘
1791,10:45:12,5.17,0.01,538,278146,买盘
1792,10:45:09,5.16,--,25,12900,卖盘
1793,10:45:03,5.16,-0.01,42,21672,卖盘
1794,10:44:57,5.17,--,10,5170,买盘
1795,10:44:51,5.17,--,10,5170,买盘
1796,10:44:45,5.17,0.01,26,13442,买盘
1797,10:44:42,5.16,-0.01,50,25800,卖盘
1798,10:44:39,5.17,0.01,10,5170,买盘
1799,10:44:33,5.16,--,20,10320,卖盘
1800,10:44:15,5.16,--,46,23736,卖盘
1801,10:44:12,5.16,--,25,12900,卖盘
1802,10:44:06,5.16,--,4,2064,买盘
1803,10:44:03,5.16,--,1,516,买盘
1804,10:44:00,5.16,--,58,29928,卖盘
1805,10:43:57,5.16,--,21,10836,卖盘
1806,10:43:42,5.16,--,18,9288,卖盘
1807,10:43:36,5.16,--,54,27864,买盘
1808,10:43:27,5.16,--,35,18060,买盘
1809,10:43:24,5.16,0.01,85,43860,买盘
1810,10:43:21,5.15,-0.01,13,6695,卖盘
1811,10:43:18,5.16,--,100,51600,买盘
1812,10:43:06,5.16,--,10,5160,买盘
1813,10:43:03,5.16,--,53,27348,买盘
1814,10:42:54,5.16,0.01,29,14964,买盘
1815,10:42:51,5.15,--,131,67465,卖盘
1816,10:42:45,5.15,--,4,2060,卖盘
1817,10:42:42,5.15,-0.01,161,82915,卖盘
1818,10:42:36,5.16,--,407,210012,买盘
1819,10:42:30,5.16,--,10,5160,买盘
1820,10:42:27,5.16,--,4,2064,买盘
1821,10:42:18,5.16,--,680,350880,卖盘
1822,10:42:15,5.16,--,113,58308,卖盘
1823,10:42:09,5.16,--,5,2580,卖盘
1824,10:41:51,5.16,--,2,1032,卖盘
1825,10:41:48,5.16,--,34,17544,卖盘
1826,10:41:45,5.16,--,8,4128,卖盘
1827,10:41:36,5.16,--,104,53664,卖盘
1828,10:41:30,5.16,--,30,15480,卖盘
1829,10:41:24,5.16,--,1,516,卖盘
1830,10:41:15,5.16,-0.01,290,149640,卖盘
1831,10:41:09,5.17,--,1,517,买盘
1832,10:41:06,5.17,0.01,14,7238,买盘
1833,10:41:03,5.16,-0.01,62,31992,卖盘
1834,10:40:48,5.17,--,20,10340,买盘
1835,10:40:45,5.17,0.01,23,11891,买盘
1836,10:40:42,5.16,--,50,25800,卖盘
1837,10:40:39,5.16,-0.01,11,5676,卖盘
1838,10:40:36,5.17,--,18,9306,买盘
1839,10:40:33,5.17,--,5,2585,买盘
1840,10:40:30,5.17,--,41,21197,买盘
1841,10:40:24,5.17,--,5,2585,买盘
1842,10:40:21,5.17,--,1,517,买盘
1843,10:40:18,5.17,--,1,517,买盘
1844,10:40:15,5.17,0.01,3,1551,买盘
1845,10:40:12,5.16,-0.01,25,12900,卖盘
1846,10:40:06,5.17,--,75,38775,买盘
1847,10:39:57,5.17,--,14,7238,买盘
1848,10:39:54,5.17,--,47,24299,买盘
1849,10:39:39,5.17,0.01,600,310200,买盘
1850,10:39:33,5.16,--,4,2064,卖盘
1851,10:39:30,5.16,-0.01,4,2064,卖盘
1852,10:39:21,5.17,0.01,144,74448,买盘
1853,10:39:12,5.16,--,6,3096,卖盘
1854,10:39:06,5.16,--,121,62436,买盘
1855,10:39:03,5.16,--,177,91332,买盘
1856,10:39:00,5.16,--,9,4644,买盘
1857,10:38:57,5.16,--,15,7740,买盘
1858,10:38:54,5.16,--,161,83076,买盘
1859,10:38:48,5.16,--,518,267288,买盘
1860,10:38:45,5.16,0.01,20,10320,买盘
1861,10:38:39,5.15,--,437,225055,卖盘
1862,10:38:33,5.15,--,10,5150,卖盘
1863,10:38:30,5.15,--,10,5150,卖盘
1864,10:38:21,5.15,--,3,1545,卖盘
1865,10:38:15,5.15,0.01,420,216300,买盘
1866,10:38:12,5.14,-0.01,601,308914,卖盘
1867,10:38:06,5.15,--,36,18540,买盘
1868,10:38:03,5.15,--,108,55620,买盘
1869,10:37:57,5.15,0.01,18,9270,买盘
1870,10:37:54,5.14,--,21,10794,卖盘
1871,10:37:51,5.14,-0.01,300,154200,卖盘
1872,10:37:48,5.15,--,77,39655,买盘
1873,10:37:45,5.15,--,66,33990,买盘
1874,10:37:42,5.15,--,2,1030,买盘
1875,10:37:39,5.15,--,14,7210,买盘
1876,10:37:36,5.15,--,108,55620,买盘
1877,10:37:27,5.15,--,112,57680,买盘
1878,10:37:24,5.15,--,2,1030,买盘
1879,10:37:21,5.15,--,252,129780,买盘
1880,10:37:12,5.15,--,37,19055,买盘
1881,10:37:09,5.15,0.01,5,2575,买盘
1882,10:37:06,5.14,-0.01,40,20560,卖盘
1883,10:37:03,5.15,--,100,51500,买盘
1884,10:37:00,5.15,--,10,5150,买盘
1885,10:36:57,5.15,--,30,15450,买盘
1886,10:36:54,5.15,--,363,186945,买盘
1887,10:36:48,5.15,0.01,708,364620,买盘
1888,10:36:45,5.14,-0.01,11,5654,卖盘
1889,10:36:42,5.15,--,1,515,买盘
1890,10:36:39,5.15,--,3,1545,买盘
1891,10:36:36,5.15,0.01,13,6695,买盘
1892,10:36:33,5.14,-0.01,13,6682,卖盘
1893,10:36:30,5.15,0.01,103,53045,买盘
1894,10:36:24,5.14,--,34,17476,卖盘
1895,10:36:15,5.14,--,1,514,卖盘
1896,10:36:12,5.14,--,20,10280,卖盘
1897,10:36:09,5.14,--,14,7196,卖盘
1898,10:36:06,5.14,-0.01,20,10280,卖盘
1899,10:36:00,5.15,0.01,186,95790,买盘
1900,10:35:57,5.14,--,14,7196,卖盘
1901,10:35:54,5.14,-0.01,131,67334,卖盘
1902,10:35:48,5.15,0.01,11,5665,买盘
1903,10:35:45,5.14,-0.01,2,1028,卖盘
1904,10:35:42,5.15,--,36,18540,买盘
1905,10:35:39,5.15,--,77,39655,买盘
1906,10:35:36,5.15,--,15,7725,买盘
1907,10:35:33,5.15,--,562,289430,买盘
1908,10:35:27,5.15,--,31,15965,买盘
1909,10:35:24,5.15,0.01,6,3090,买盘
1910,10:35:21,5.14,--,33,16962,卖盘
1911,10:35:18,5.14,--,9,4626,卖盘
1912,10:35:09,5.14,-0.01,70,35980,卖盘
1913,10:35:06,5.15,--,210,108150,买盘
1914,10:35:03,5.15,--,701,361015,买盘
1915,10:34:57,5.15,--,500,257500,买盘
1916,10:34:54,5.15,--,32,16480,买盘
1917,10:34:51,5.15,0.01,110,56650,买盘
1918,10:34:48,5.14,-0.01,13,6682,卖盘
1919,10:34:45,5.15,--,2,1030,买盘
1920,10:34:42,5.15,0.01,43,22145,买盘
1921,10:34:39,5.14,-0.01,317,162938,卖盘
1922,10:34:33,5.15,0.01,11,5665,买盘
1923,10:34:27,5.14,--,41,21074,卖盘
1924,10:34:24,5.14,-0.01,19,9766,卖盘
1925,10:34:21,5.15,--,37,19055,买盘
1926,10:34:18,5.15,0.01,6,3090,买盘
1927,10:34:12,5.14,--,10,5140,卖盘
1928,10:34:03,5.14,-0.01,2,1028,卖盘
1929,10:34:00,5.15,0.01,13,6695,买盘
1930,10:33:57,5.14,-0.01,52,26728,卖盘
1931,10:33:54,5.15,0.01,17,8755,买盘
1932,10:33:51,5.14,--,24,12336,卖盘
1933,10:33:45,5.14,--,52,26728,卖盘
1934,10:33:42,5.14,-0.01,38,19532,卖盘
1935,10:33:39,5.15,0.01,68,35020,买盘
1936,10:33:36,5.14,--,54,27756,卖盘
1937,10:33:33,5.14,--,68,34952,卖盘
1938,10:33:30,5.14,--,70,35980,卖盘
1939,10:33:27,5.14,-0.01,55,28270,卖盘
1940,10:33:24,5.15,--,100,51500,买盘
1941,10:33:21,5.15,--,29,14935,买盘
1942,10:33:18,5.15,0.01,3,1545,买盘
1943,10:33:15,5.14,--,9,4626,卖盘
1944,10:33:12,5.14,--,40,20560,卖盘
1945,10:33:09,5.14,-0.01,100,51400,卖盘
1946,10:33:06,5.15,--,21,10815,买盘
1947,10:33:03,5.15,0.01,25,12875,买盘
1948,10:32:57,5.14,-0.01,2,1028,卖盘
1949,10:32:48,5.15,--,10,5150,买盘
1950,10:32:42,5.15,--,1008,519120,卖盘
1951,10:32:39,5.15,--,100,51500,卖盘
1952,10:32:33,5.15,--,11,5665,卖盘
1953,10:32:30,5.15,--,55,28325,卖盘
1954,10:32:27,5.15,-0.01,58,29870,卖盘
1955,10:32:21,5.16,0.01,405,208980,买盘
1956,10:32:18,5.15,--,33,16995,卖盘
1957,10:32:12,5.15,--,23,11845,卖盘
1958,10:32:09,5.15,--,56,28840,卖盘
1959,10:32:00,5.15,--,5,2575,卖盘
1960,10:31:57,5.15,-0.01,10,5150,卖盘
1961,10:31:54,5.16,--,10,5160,买盘
1962,10:31:42,5.16,0.01,40,20640,买盘
1963,10:31:39,5.15,--,43,22145,卖盘
1964,10:31:35,5.15,--,20,10300,卖盘
1965,10:31:32,5.15,--,17,8755,卖盘
1966,10:31:26,5.15,--,1,515,卖盘
1967,10:31:20,5.15,--,349,179735,卖盘
1968,10:31:14,5.15,-0.01,300,154500,卖盘
1969,10:31:11,5.16,0.01,1,516,买盘
1970,10:30:59,5.15,-0.01,35,18025,卖盘
1971,10:30:56,5.16,--,30,15480,买盘
1972,10:30:50,5.16,0.01,20,10320,买盘
1973,10:30:44,5.15,-0.01,7,3605,卖盘
1974,10:30:41,5.16,--,184,94944,卖盘
1975,10:30:32,5.16,--,66,34056,卖盘
1976,10:30:29,5.16,--,263,135708,卖盘
1977,10:30:14,5.16,-0.01,39,20124,卖盘
1978,10:30:02,5.17,--,17,8789,买盘
1979,10:29:59,5.17,--,7,3619,买盘
1980,10:29:50,5.17,--,17,8789,买盘
1981,10:29:44,5.17,0.01,318,164406,买盘
1982,10:29:41,5.16,-0.01,40,20640,卖盘
1983,10:29:38,5.17,0.01,24,12408,买盘
1984,10:29:35,5.16,--,33,17028,卖盘
1985,10:29:32,5.16,--,30,15480,卖盘
1986,10:29:23,5.16,--,80,41280,卖盘
1987,10:29:17,5.16,--,15,7740,卖盘
1988,10:29:11,5.16,--,44,22704,卖盘
1989,10:29:08,5.16,--,4,2064,卖盘
1990,10:29:05,5.16,0.01,497,256452,买盘
1991,10:29:02,5.15,-0.01,15,7725,卖盘
1992,10:28:56,5.16,--,50,25800,买盘
1993,10:28:47,5.16,0.01,37,19092,买盘
1994,10:28:44,5.15,--,5,2575,卖盘
1995,10:28:41,5.15,-0.01,40,20600,卖盘
1996,10:28:38,5.16,0.01,39,20124,买盘
1997,10:28:35,5.15,-0.01,8,4120,卖盘
1998,10:28:32,5.16,--,10,5160,买盘
1999,10:28:29,5.16,--,47,24252,卖盘
2000,10:28:26,5.16,--,51,26316,买盘
2001,10:28:17,5.16,0.01,1,516,买盘
2002,10:28:14,5.15,-0.01,21,10815,卖盘
2003,10:28:11,5.16,--,10,5160,买盘
2004,10:28:05,5.16,0.01,406,209496,买盘
2005,10:28:02,5.15,-0.01,3,1545,卖盘
2006,10:27:59,5.16,0.01,109,56244,买盘
2007,10:27:56,5.15,-0.01,1,515,卖盘
2008,10:27:44,5.16,--,9,4644,买盘
2009,10:27:41,5.16,0.01,20,10320,买盘
2010,10:27:38,5.15,--,14,7210,卖盘
2011,10:27:32,5.15,-0.01,6,3090,卖盘
2012,10:27:29,5.16,0.01,23,11868,买盘
2013,10:27:26,5.15,-0.01,37,19055,卖盘
2014,10:27:23,5.16,0.01,212,109392,买盘
2015,10:27:17,5.15,--,49,25235,卖盘
2016,10:27:14,5.15,--,95,48925,卖盘
2017,10:27:08,5.15,--,41,21115,卖盘
2018,10:27:05,5.15,-0.01,1,515,卖盘
2019,10:26:59,5.16,--,21,10836,买盘
2020,10:26:50,5.16,0.01,15,7740,买盘
2021,10:26:47,5.15,--,11,5665,卖盘
2022,10:26:44,5.15,--,121,62315,卖盘
2023,10:26:41,5.15,--,24,12360,卖盘
2024,10:26:38,5.15,-0.01,298,153470,卖盘
2025,10:26:32,5.16,0.01,80,41280,买盘
2026,10:26:29,5.15,--,12,6180,买盘
2027,10:26:26,5.15,--,89,45835,买盘
2028,10:26:23,5.15,--,51,26265,卖盘
2029,10:26:20,5.15,--,22,11330,卖盘
2030,10:26:17,5.15,0.01,24,12360,卖盘
2031,10:26:14,5.14,-0.01,23,11822,卖盘
2032,10:26:11,5.15,--,18,9270,卖盘
2033,10:26:08,5.15,--,30,15450,卖盘
2034,10:26:05,5.15,-0.01,48,24720,卖盘
2035,10:25:59,5.16,0.01,128,66048,买盘
2036,10:25:56,5.15,--,21,10815,买盘
2037,10:25:53,5.15,--,25,12875,买盘
2038,10:25:47,5.15,--,40,20600,买盘
2039,10:25:44,5.15,--,110,56650,卖盘
2040,10:25:41,5.15,--,40,20600,卖盘
2041,10:25:35,5.15,--,106,54590,卖盘
2042,10:25:29,5.15,--,123,63345,卖盘
2043,10:25:26,5.15,--,150,77250,卖盘
2044,10:25:23,5.15,--,193,99395,卖盘
2045,10:25:20,5.15,--,81,41715,卖盘
2046,10:25:17,5.15,--,100,51500,卖盘
2047,10:25:14,5.15,--,1133,583495,卖盘
2048,10:25:02,5.15,-0.01,5,2575,卖盘
2049,10:24:56,5.16,--,70,36120,买盘
2050,10:24:50,5.16,--,252,130032,买盘
2051,10:24:47,5.16,--,134,69144,买盘
2052,10:24:44,5.16,0.01,39,20124,买盘
2053,10:24:41,5.15,-0.01,16,8240,卖盘
2054,10:24:38,5.16,--,50,25800,买盘
2055,10:24:32,5.16,0.01,2,1032,买盘
2056,10:24:23,5.15,-0.01,259,133385,卖盘
2057,10:24:20,5.16,--,8,4128,买盘
2058,10:24:17,5.16,--,20,10320,卖盘
2059,10:24:14,5.16,--,127,65532,卖盘
2060,10:24:11,5.16,--,56,28896,卖盘
2061,10:24:05,5.16,--,20,10320,卖盘
2062,10:24:02,5.16,--,78,40248,买盘
2063,10:23:59,5.16,--,78,40248,买盘
2064,10:23:56,5.16,--,5,2580,买盘
2065,10:23:53,5.16,0.01,28,14448,买盘
2066,10:23:47,5.15,-0.01,20,10300,卖盘
2067,10:23:41,5.16,--,4,2064,买盘
2068,10:23:38,5.16,--,43,22188,买盘
2069,10:23:35,5.16,--,71,36636,买盘
2070,10:23:29,5.16,0.01,259,133644,买盘
2071,10:23:26,5.15,-0.01,24,12360,卖盘
2072,10:23:17,5.16,--,40,20640,买盘
2073,10:23:14,5.16,0.01,10,5160,买盘
2074,10:23:11,5.15,--,7,3605,卖盘
2075,10:23:08,5.15,--,22,11330,卖盘
2076,10:22:59,5.15,--,5,2575,卖盘
2077,10:22:56,5.15,--,70,36050,卖盘
2078,10:22:50,5.15,-0.01,21,10815,卖盘
2079,10:22:41,5.16,--,96,49536,买盘
2080,10:22:38,5.16,--,286,147576,买盘
2081,10:22:32,5.16,--,11,5676,买盘
2082,10:22:29,5.16,0.01,404,208464,买盘
2083,10:22:26,5.15,--,12,6180,卖盘
2084,10:22:23,5.15,-0.01,17,8755,卖盘
2085,10:22:14,5.16,--,50,25800,买盘
2086,10:22:11,5.16,--,10,5160,买盘
2087,10:22:08,5.16,--,25,12900,买盘
2088,10:22:05,5.16,--,500,258000,买盘
2089,10:21:59,5.16,-0.01,14,7224,卖盘
2090,10:21:56,5.17,--,20,10340,买盘
2091,10:21:53,5.17,0.01,12,6204,买盘
2092,10:21:50,5.16,--,72,37152,卖盘
2093,10:21:47,5.16,--,1,516,卖盘
2094,10:21:44,5.16,--,66,34056,卖盘
2095,10:21:35,5.16,--,150,77400,买盘
2096,10:21:32,5.16,0.01,52,26832,买盘
2097,10:21:29,5.15,--,30,15450,卖盘
2098,10:21:23,5.15,-0.01,120,61800,卖盘
2099,10:21:17,5.16,--,118,60888,买盘
2100,10:21:14,5.16,0.01,14,7224,买盘
2101,10:21:08,5.15,-0.01,237,122055,卖盘
2102,10:21:05,5.16,--,28,14448,买盘
2103,10:21:02,5.16,0.01,151,77916,买盘
2104,10:20:59,5.15,-0.01,18,9270,卖盘
2105,10:20:53,5.16,0.01,16,8256,买盘
2106,10:20:50,5.15,-0.01,20,10300,卖盘
2107,10:20:47,5.16,--,2,1032,买盘
2108,10:20:44,5.16,--,50,25800,买盘
2109,10:20:41,5.16,--,35,18060,买盘
2110,10:20:38,5.16,0.01,20,10320,买盘
2111,10:20:35,5.15,--,107,55105,卖盘
2112,10:20:29,5.15,--,171,88065,卖盘
2113,10:20:23,5.15,--,50,25750,卖盘
2114,10:20:14,5.15,-0.01,350,180250,卖盘
2115,10:20:11,5.16,--,7,3612,买盘
2116,10:20:08,5.16,0.01,50,25800,买盘
2117,10:20:02,5.15,--,2,1030,卖盘
2118,10:19:59,5.15,-0.01,63,32445,卖盘
2119,10:19:56,5.16,--,106,54696,买盘
2120,10:19:53,5.16,0.01,146,75336,买盘
2121,10:19:41,5.15,-0.01,35,18025,卖盘
2122,10:19:35,5.16,0.01,550,283800,买盘
2123,10:19:32,5.15,--,53,27295,卖盘
2124,10:19:29,5.15,--,11,5665,卖盘
2125,10:19:26,5.15,--,1,515,卖盘
2126,10:19:23,5.15,-0.01,3,1545,卖盘
2127,10:19:20,5.16,0.01,450,232200,买盘
2128,10:19:17,5.15,--,11,5665,卖盘
2129,10:19:14,5.15,--,8,4120,卖盘
2130,10:19:08,5.15,--,6,3090,卖盘
2131,10:19:02,5.15,--,28,14420,卖盘
2132,10:18:59,5.15,--,25,12875,卖盘
2133,10:18:56,5.15,--,4,2060,卖盘
2134,10:18:53,5.15,0.01,879,452685,买盘
2135,10:18:50,5.14,-0.01,728,374192,卖盘
2136,10:18:47,5.15,--,65,33475,买盘
2137,10:18:44,5.15,--,100,51500,买盘
2138,10:18:41,5.15,0.01,432,222480,买盘
2139,10:18:38,5.14,--,57,29297,卖盘
2140,10:18:35,5.14,--,354,181956,卖盘
2141,10:18:29,5.14,-0.01,50,25700,卖盘
2142,10:18:26,5.15,--,230,118450,买盘
2143,10:18:23,5.15,0.01,179,92185,买盘
2144,10:18:20,5.14,-0.01,1,514,卖盘
2145,10:18:17,5.15,0.01,40,20600,买盘
2146,10:18:14,5.14,-0.01,36,18504,卖盘
2147,10:18:08,5.15,0.01,146,75190,买盘
2148,10:17:56,5.14,-0.01,14,7196,卖盘
2149,10:17:53,5.15,--,44,22660,买盘
2150,10:17:50,5.15,0.01,34,17510,买盘
2151,10:17:44,5.14,--,368,189152,卖盘
2152,10:17:41,5.14,--,171,87894,卖盘
2153,10:17:38,5.14,-0.01,163,83782,卖盘
2154,10:17:35,5.15,--,45,23175,买盘
2155,10:17:32,5.15,0.01,36,18540,买盘
2156,10:17:29,5.14,-0.01,181,93203,卖盘
2157,10:17:26,5.15,0.01,11,5665,买盘
2158,10:17:23,5.14,--,369,189666,卖盘
2159,10:17:17,5.14,-0.01,10,5140,卖盘
2160,10:17:14,5.15,0.01,2,1030,买盘
2161,10:17:11,5.14,--,123,63221,买盘
2162,10:17:08,5.14,--,52,26728,卖盘
2163,10:17:05,5.14,--,28,14392,卖盘
2164,10:17:02,5.14,--,624,320736,卖盘
2165,10:16:59,5.14,0.01,263,135182,中性盘
2166,10:16:56,5.13,--,44,22572,卖盘
2167,10:16:50,5.13,--,84,43092,卖盘
2168,10:16:47,5.13,-0.01,1763,904419,卖盘
2169,10:16:44,5.14,--,34,17476,买盘
2170,10:16:38,5.14,--,90,46260,买盘
2171,10:16:35,5.14,--,15,7709,买盘
2172,10:16:32,5.14,--,142,72988,卖盘
2173,10:16:29,5.14,--,134,68876,卖盘
2174,10:16:26,5.14,--,31,15933,卖盘
2175,10:16:23,5.14,--,411,211254,卖盘
2176,10:16:20,5.14,--,661,339754,卖盘
2177,10:16:17,5.14,-0.01,97,49858,卖盘
2178,10:16:14,5.15,0.01,45,23175,买盘
2179,10:16:11,5.14,--,72,37008,卖盘
2180,10:16:08,5.14,-0.01,31,15933,卖盘
2181,10:16:02,5.15,--,20,10300,买盘
2182,10:15:59,5.15,-0.01,4396,2263940,卖盘
2183,10:15:56,5.16,0.01,29,14964,卖盘
2184,10:15:53,5.15,--,159,81885,卖盘
2185,10:15:41,5.15,-0.02,120,61800,卖盘
2186,10:15:38,5.17,0.01,12,6204,买盘
2187,10:15:35,5.16,--,13,6708,买盘
2188,10:15:32,5.16,-0.01,4336,2237479,卖盘
2189,10:15:29,5.17,--,87,44979,卖盘
2190,10:15:26,5.17,--,284,146828,卖盘
2191,10:15:17,5.17,--,42,21714,卖盘
2192,10:15:14,5.17,--,140,72380,卖盘
2193,10:15:11,5.17,--,25,12925,卖盘
2194,10:15:08,5.17,-0.01,487,251779,卖盘
2195,10:15:05,5.18,0.01,8,4144,买盘
2196,10:14:59,5.17,-0.01,360,186120,卖盘
2197,10:14:56,5.18,0.01,5,2590,买盘
2198,10:14:53,5.17,--,420,217140,卖盘
2199,10:14:50,5.17,-0.01,30,15510,卖盘
2200,10:14:47,5.18,0.01,3,1554,买盘
2201,10:14:44,5.17,-0.01,151,78067,卖盘
2202,10:14:41,5.18,0.01,47,24346,买盘
2203,10:14:29,5.17,-0.01,20,10340,卖盘
2204,10:14:17,5.18,0.01,50,25900,买盘
2205,10:14:14,5.17,-0.01,20,10340,卖盘
2206,10:14:08,5.18,0.01,43,22274,买盘
2207,10:14:02,5.17,--,1,517,卖盘
2208,10:13:50,5.17,--,22,11374,卖盘
2209,10:13:44,5.17,--,137,70829,卖盘
2210,10:13:41,5.17,-0.01,58,29986,卖盘
2211,10:13:38,5.18,0.01,2,1036,买盘
2212,10:13:32,5.17,-0.01,71,36707,卖盘
2213,10:13:29,5.18,--,37,19166,买盘
2214,10:13:23,5.18,0.01,122,63196,买盘
2215,10:13:20,5.17,-0.01,6,3102,卖盘
2216,10:13:17,5.18,0.01,1,518,买盘
2217,10:13:14,5.17,-0.01,8,4136,卖盘
2218,10:13:10,5.18,0.01,20,10360,买盘
2219,10:13:07,5.17,--,1,517,卖盘
2220,10:12:58,5.17,--,94,48598,卖盘
2221,10:12:55,5.17,--,17,8789,卖盘
2222,10:12:52,5.17,-0.01,18,9306,卖盘
2223,10:12:49,5.18,--,11,5698,买盘
2224,10:12:46,5.18,0.01,621,321678,买盘
2225,10:12:43,5.17,-0.01,11,5687,卖盘
2226,10:12:37,5.18,0.01,2,1036,买盘
2227,10:12:34,5.17,--,77,39809,卖盘
2228,10:12:31,5.17,--,27,13959,卖盘
2229,10:12:28,5.17,-0.01,54,27918,卖盘
2230,10:12:25,5.18,0.01,2,1036,买盘
2231,10:12:22,5.17,-0.01,21,10857,卖盘
2232,10:12:19,5.18,0.01,50,25900,买盘
2233,10:12:13,5.17,-0.01,49,25333,卖盘
2234,10:12:10,5.18,--,123,63714,买盘
2235,10:12:04,5.18,--,5,2590,买盘
2236,10:12:01,5.18,--,5,2590,买盘
2237,10:11:55,5.18,--,10,5180,买盘
2238,10:11:49,5.18,--,92,47656,买盘
2239,10:11:43,5.18,0.01,10,5180,买盘
2240,10:11:40,5.17,--,83,42911,卖盘
2241,10:11:34,5.17,--,50,25850,卖盘
2242,10:11:28,5.17,--,325,168025,卖盘
2243,10:11:25,5.17,-0.01,89,46013,卖盘
2244,10:11:22,5.18,0.01,20,10360,买盘
2245,10:11:19,5.17,--,6,3102,卖盘
2246,10:11:16,5.17,--,77,39809,卖盘
2247,10:11:13,5.17,--,5,2585,卖盘
2248,10:11:10,5.17,--,32,16544,卖盘
2249,10:11:04,5.17,--,15,7755,卖盘
2250,10:11:01,5.17,--,1,517,卖盘
2251,10:10:58,5.17,--,22,11374,卖盘
2252,10:10:55,5.17,--,10,5170,卖盘
2253,10:10:52,5.17,--,10,5170,卖盘
2254,10:10:49,5.17,--,10,5170,卖盘
2255,10:10:46,5.17,--,218,112706,买盘
2256,10:10:40,5.17,--,130,67210,卖盘
2257,10:10:37,5.17,--,32,16544,卖盘
2258,10:10:34,5.17,--,42,21714,卖盘
2259,10:10:31,5.17,0.01,7,3619,买盘
2260,10:10:28,5.16,-0.01,13,6708,卖盘
2261,10:10:25,5.17,--,197,101849,卖盘
2262,10:10:22,5.17,--,40,20680,买盘
2263,10:10:16,5.17,--,6,3102,买盘
2264,10:10:13,5.17,--,111,57387,买盘
2265,10:10:10,5.17,--,61,31537,卖盘
2266,10:10:07,5.17,0.01,39,20163,买盘
2267,10:10:04,5.16,-0.01,217,111972,卖盘
2268,10:10:01,5.17,--,103,53251,卖盘
2269,10:09:55,5.17,0.01,13,6721,卖盘
2270,10:09:52,5.16,-0.01,79,40764,卖盘
2271,10:09:49,5.17,-0.01,33,17061,卖盘
2272,10:09:46,5.18,0.01,325,168712,买盘
2273,10:09:43,5.17,--,5,2585,买盘
2274,10:09:40,5.17,0.01,523,270442,买盘
2275,10:09:37,5.16,-0.01,57,29412,卖盘
2276,10:09:34,5.17,--,1,517,买盘
2277,10:09:31,5.17,--,22,11374,买盘
2278,10:09:25,5.17,--,26,13442,买盘
2279,10:09:22,5.17,--,30,15510,买盘
2280,10:09:19,5.17,--,24,12408,买盘
2281,10:09:16,5.17,--,236,122167,卖盘
2282,10:09:13,5.17,--,284,147189,卖盘
2283,10:09:10,5.17,-0.01,267,138039,卖盘
2284,10:09:04,5.18,0.01,38,19684,买盘
2285,10:09:01,5.17,--,80,41360,卖盘
2286,10:08:55,5.17,--,1000,517000,卖盘
2287,10:08:49,5.17,-0.01,43,22231,卖盘
2288,10:08:40,5.18,--,200,103600,买盘
2289,10:08:34,5.18,--,37,19166,买盘
2290,10:08:28,5.18,-0.01,1414,732452,卖盘
2291,10:08:25,5.19,0.01,53,27507,买盘
2292,10:08:22,5.18,-0.01,296,153328,卖盘
2293,10:08:19,5.19,0.01,400,207600,买盘
2294,10:08:16,5.18,--,60,31080,卖盘
2295,10:08:13,5.18,--,4,2072,卖盘
2296,10:08:10,5.18,--,121,62678,卖盘
2297,10:08:07,5.18,--,54,27972,卖盘
2298,10:07:55,5.18,--,2,1036,卖盘
2299,10:07:52,5.18,--,344,178192,卖盘
2300,10:07:49,5.18,-0.01,85,44030,卖盘
2301,10:07:46,5.19,0.01,53,27507,买盘
2302,10:07:34,5.18,-0.01,43,22274,卖盘
2303,10:07:31,5.19,--,206,106914,买盘
2304,10:07:28,5.19,0.01,10,5190,买盘
2305,10:07:25,5.18,-0.01,21,10878,卖盘
2306,10:07:16,5.19,0.01,100,51900,买盘
2307,10:07:13,5.18,-0.01,91,47138,卖盘
2308,10:07:10,5.19,0.01,253,131307,买盘
2309,10:07:07,5.18,-0.01,34,17612,卖盘
2310,10:07:04,5.19,0.01,41,21279,买盘
2311,10:06:58,5.18,-0.01,310,160580,卖盘
2312,10:06:55,5.19,--,90,46710,买盘
2313,10:06:52,5.19,--,187,97208,卖盘
2314,10:06:49,5.19,-0.01,78,40482,卖盘
2315,10:06:46,5.2,0.01,95,49400,买盘
2316,10:06:43,5.19,--,50,25950,卖盘
2317,10:06:37,5.19,--,315,163485,卖盘
2318,10:06:31,5.19,--,80,41520,卖盘
2319,10:06:28,5.19,--,239,124041,卖盘
2320,10:06:22,5.19,--,130,67470,卖盘
2321,10:06:19,5.19,--,1,519,卖盘
2322,10:06:16,5.19,--,2,1038,卖盘
2323,10:06:13,5.19,--,71,36849,卖盘
2324,10:06:07,5.19,--,65,33735,卖盘
2325,10:06:01,5.19,--,29,15051,卖盘
2326,10:05:58,5.19,--,272,141168,卖盘
2327,10:05:55,5.19,--,2,1038,卖盘
2328,10:05:52,5.19,-0.01,10,5190,卖盘
2329,10:05:46,5.2,0.01,21,10920,买盘
2330,10:05:43,5.19,--,66,34254,卖盘
2331,10:05:40,5.19,--,48,24912,卖盘
2332,10:05:37,5.19,--,40,20760,卖盘
2333,10:05:34,5.19,--,5,2595,卖盘
2334,10:05:31,5.19,--,1,519,卖盘
2335,10:05:28,5.19,-0.01,74,38406,卖盘
2336,10:05:16,5.2,0.01,50,26000,买盘
2337,10:05:10,5.19,--,103,53457,卖盘
2338,10:05:07,5.19,-0.01,2,1038,卖盘
2339,10:05:01,5.2,0.01,22,11440,买盘
2340,10:04:58,5.19,--,94,48786,卖盘
2341,10:04:55,5.19,-0.01,91,47229,卖盘
2342,10:04:49,5.2,0.01,1,520,买盘
2343,10:04:46,5.19,-0.01,25,12975,卖盘
2344,10:04:43,5.2,--,43,22360,买盘
2345,10:04:37,5.2,0.01,1,520,买盘
2346,10:04:34,5.19,--,6,3114,卖盘
2347,10:04:25,5.19,-0.01,266,138054,卖盘
2348,10:04:22,5.2,0.01,8,4160,买盘
2349,10:04:10,5.19,--,16,8304,卖盘
2350,10:04:07,5.19,--,29,15051,卖盘
2351,10:04:04,5.19,-0.01,10,5190,卖盘
2352,10:03:55,5.2,0.01,1,520,买盘
2353,10:03:52,5.19,--,57,29583,卖盘
2354,10:03:46,5.19,-0.01,52,26988,卖盘
2355,10:03:43,5.2,--,15,7800,买盘
2356,10:03:40,5.2,--,1,520,买盘
2357,10:03:34,5.2,0.01,19,9880,买盘
2358,10:03:31,5.19,-0.01,7,3633,卖盘
2359,10:03:25,5.2,--,5,2600,买盘
2360,10:03:19,5.2,0.01,10,5200,买盘
2361,10:03:16,5.19,--,29,15051,卖盘
2362,10:03:13,5.19,-0.01,77,39963,卖盘
2363,10:03:10,5.2,0.01,76,39520,买盘
2364,10:03:07,5.19,--,15,7785,卖盘
2365,10:02:58,5.19,--,1,519,卖盘
2366,10:02:55,5.19,--,30,15570,卖盘
2367,10:02:49,5.19,-0.01,30,15570,卖盘
2368,10:02:43,5.2,0.01,300,156000,买盘
2369,10:02:40,5.19,-0.01,30,15570,卖盘
2370,10:02:34,5.2,--,20,10400,买盘
2371,10:02:25,5.2,--,60,31200,买盘
2372,10:02:16,5.2,--,211,109720,卖盘
2373,10:02:13,5.2,--,28,14560,卖盘
2374,10:02:10,5.2,--,63,32760,买盘
2375,10:02:07,5.2,-0.01,169,87880,卖盘
2376,10:02:04,5.21,--,40,20840,买盘
2377,10:01:55,5.21,0.01,104,54184,买盘
2378,10:01:52,5.2,--,20,10400,卖盘
2379,10:01:49,5.2,--,30,15600,卖盘
2380,10:01:46,5.2,--,4,2080,卖盘
2381,10:01:43,5.2,--,1,520,卖盘
2382,10:01:40,5.2,-0.01,7,3640,卖盘
2383,10:01:34,5.21,0.01,2,1042,买盘
2384,10:01:28,5.2,--,1,520,卖盘
2385,10:01:25,5.2,--,4,2080,卖盘
2386,10:01:19,5.2,--,210,109200,买盘
2387,10:01:13,5.2,0.01,2,1040,买盘
2388,10:01:07,5.19,--,6,3114,卖盘
2389,10:01:04,5.19,-0.01,6,3114,卖盘
2390,10:00:55,5.2,--,23,11960,买盘
2391,10:00:49,5.2,--,350,182000,买盘
2392,10:00:43,5.2,--,30,15600,买盘
2393,10:00:37,5.2,0.01,205,106600,买盘
2394,10:00:34,5.19,--,30,15570,卖盘
2395,10:00:31,5.19,-0.01,5,2595,卖盘
2396,10:00:28,5.2,--,5,2600,买盘
2397,10:00:22,5.2,0.01,225,117000,买盘
2398,10:00:19,5.19,-0.01,10,5190,卖盘
2399,10:00:16,5.2,--,31,16120,买盘
2400,10:00:13,5.2,0.01,26,13520,买盘
2401,10:00:10,5.19,-0.01,391,203292,卖盘
2402,10:00:07,5.2,0.01,88,45760,买盘
2403,10:00:04,5.19,--,115,59685,卖盘
2404,10:00:01,5.19,--,15,7785,卖盘
2405,09:59:55,5.19,--,198,102762,买盘
2406,09:59:49,5.19,0.01,359,186321,买盘
2407,09:59:43,5.18,--,230,119140,买盘
2408,09:59:37,5.18,--,116,60088,买盘
2409,09:59:31,5.18,0.01,320,165760,买盘
2410,09:59:28,5.17,--,78,40326,卖盘
2411,09:59:25,5.17,-0.01,29,14993,卖盘
2412,09:59:22,5.18,0.01,514,266252,买盘
2413,09:59:19,5.17,--,1,517,卖盘
2414,09:59:16,5.17,--,10,5170,卖盘
2415,09:59:13,5.17,-0.01,50,25850,卖盘
2416,09:59:10,5.18,0.01,51,26418,买盘
2417,09:59:07,5.17,-0.01,156,80652,卖盘
2418,09:59:04,5.18,0.01,23,11914,买盘
2419,09:59:01,5.17,-0.01,1,517,卖盘
2420,09:58:58,5.18,--,1135,587930,买盘
2421,09:58:55,5.18,0.01,205,106190,买盘
2422,09:58:49,5.17,-0.01,69,35673,卖盘
2423,09:58:46,5.18,0.01,40,20720,买盘
2424,09:58:43,5.17,--,90,46530,卖盘
2425,09:58:40,5.17,-0.01,139,71863,卖盘
2426,09:58:37,5.18,--,10,5180,买盘
2427,09:58:34,5.18,--,11,5698,买盘
2428,09:58:28,5.18,--,72,37296,买盘
2429,09:58:25,5.18,--,47,24346,买盘
2430,09:58:22,5.18,--,522,270396,卖盘
2431,09:58:19,5.18,-0.01,140,72520,卖盘
2432,09:58:16,5.19,--,537,278703,买盘
2433,09:58:13,5.19,0.01,91,47229,买盘
2434,09:58:10,5.18,--,1,518,卖盘
2435,09:58:07,5.18,--,10,5180,卖盘
2436,09:58:04,5.18,--,10,5180,卖盘
2437,09:58:01,5.18,--,4,2072,卖盘
2438,09:57:58,5.18,-0.01,5,2590,卖盘
2439,09:57:55,5.19,0.01,87,45153,买盘
2440,09:57:52,5.18,--,100,51800,卖盘
2441,09:57:49,5.18,--,110,56980,卖盘
2442,09:57:46,5.18,--,60,31080,卖盘
2443,09:57:43,5.18,--,49,25382,卖盘
2444,09:57:40,5.18,--,48,24864,卖盘
2445,09:57:37,5.18,--,1,518,卖盘
2446,09:57:34,5.18,--,30,15540,卖盘
2447,09:57:31,5.18,--,134,69412,卖盘
2448,09:57:28,5.18,-0.01,264,136752,卖盘
2449,09:57:25,5.19,0.01,90,46710,买盘
2450,09:57:19,5.18,--,193,99974,卖盘
2451,09:57:16,5.18,-0.01,432,223776,卖盘
2452,09:57:13,5.19,0.01,65,33735,买盘
2453,09:57:10,5.18,--,262,135716,卖盘
2454,09:57:07,5.18,--,36,18648,卖盘
2455,09:57:04,5.18,--,40,20720,卖盘
2456,09:56:58,5.18,--,16,8288,卖盘
2457,09:56:55,5.18,--,5,2590,卖盘
2458,09:56:52,5.18,--,134,69412,卖盘
2459,09:56:49,5.18,--,60,31080,卖盘
2460,09:56:46,5.18,--,6,3108,卖盘
2461,09:56:43,5.18,--,35,18130,卖盘
2462,09:56:40,5.18,--,90,46620,卖盘
2463,09:56:37,5.18,--,46,23828,卖盘
2464,09:56:34,5.18,-0.01,20,10360,卖盘
2465,09:56:31,5.19,0.01,30,15570,买盘
2466,09:56:25,5.18,-0.01,198,102564,卖盘
2467,09:56:22,5.19,--,250,129750,买盘
2468,09:56:19,5.19,0.01,288,149472,买盘
2469,09:56:16,5.18,-0.01,15,7770,卖盘
2470,09:56:10,5.19,0.01,47,24393,买盘
2471,09:56:07,5.18,--,401,207718,卖盘
2472,09:56:04,5.18,--,3,1554,卖盘
2473,09:56:01,5.18,--,125,64750,卖盘
2474,09:55:58,5.18,--,20,10360,卖盘
2475,09:55:52,5.18,--,20,10360,卖盘
2476,09:55:49,5.18,--,42,21756,卖盘
2477,09:55:46,5.18,-0.01,30,15540,卖盘
2478,09:55:43,5.19,--,1109,575571,买盘
2479,09:55:40,5.19,0.01,51,26469,买盘
2480,09:55:37,5.18,--,9,4662,卖盘
2481,09:55:34,5.18,--,66,34188,卖盘
2482,09:55:31,5.18,-0.01,113,58896,卖盘
2483,09:55:28,5.19,--,72,37523,买盘
2484,09:55:22,5.19,0.01,18,9342,买盘
2485,09:55:19,5.18,--,38,19684,卖盘
2486,09:55:16,5.18,--,53,27454,卖盘
2487,09:55:10,5.18,-0.01,60,31080,卖盘
2488,09:55:07,5.19,--,10,5190,买盘
2489,09:55:01,5.19,--,231,119889,买盘
2490,09:54:58,5.19,--,39,20241,买盘
2491,09:54:55,5.19,--,91,47229,买盘
2492,09:54:52,5.19,--,191,99129,买盘
2493,09:54:49,5.19,--,150,77850,买盘
2494,09:54:46,5.19,--,45,23355,买盘
2495,09:54:43,5.19,0.01,11,5709,买盘
2496,09:54:40,5.18,-0.01,39,20202,卖盘
2497,09:54:37,5.19,--,17,8823,买盘
2498,09:54:34,5.19,0.01,104,53976,买盘
2499,09:54:31,5.18,-0.01,9,4662,卖盘
2500,09:54:28,5.19,--,81,42039,买盘
2501,09:54:22,5.19,--,20,10380,买盘
2502,09:54:19,5.19,0.01,127,65913,买盘
2503,09:54:16,5.18,--,47,24346,卖盘
2504,09:54:09,5.18,--,7,3626,卖盘
2505,09:54:03,5.18,--,211,109298,买盘
2506,09:54:00,5.18,--,86,44548,买盘
2507,09:53:57,5.18,--,88,45584,买盘
2508,09:53:51,5.18,--,91,47138,买盘
2509,09:53:48,5.18,0.01,80,41440,买盘
2510,09:53:45,5.17,--,76,39292,卖盘
2511,09:53:42,5.17,-0.01,313,161821,卖盘
2512,09:53:39,5.18,--,69,35742,买盘
2513,09:53:36,5.18,0.01,183,94794,买盘
2514,09:53:33,5.17,-0.01,7,3619,卖盘
2515,09:53:30,5.18,--,199,103082,买盘
2516,09:53:27,5.18,--,227,117586,买盘
2517,09:53:21,5.18,--,87,45066,买盘
2518,09:53:18,5.18,--,43,22274,买盘
2519,09:53:15,5.18,0.01,79,40922,买盘
2520,09:53:12,5.17,--,30,15510,卖盘
2521,09:53:09,5.17,--,145,74965,卖盘
2522,09:53:06,5.17,-0.01,146,75482,卖盘
2523,09:53:03,5.18,0.01,91,47138,买盘
2524,09:53:00,5.17,--,123,63591,卖盘
2525,09:52:57,5.17,--,171,88407,卖盘
2526,09:52:54,5.17,--,120,62040,卖盘
2527,09:52:51,5.17,--,92,47564,卖盘
2528,09:52:48,5.17,-0.01,20,10340,卖盘
2529,09:52:42,5.18,0.01,182,94276,买盘
2530,09:52:39,5.17,0.01,412,213004,买盘
2531,09:52:36,5.16,-0.01,322,166152,卖盘
2532,09:52:33,5.17,--,82,42394,买盘
2533,09:52:30,5.17,--,41,21197,买盘
2534,09:52:27,5.17,--,60,31020,买盘
2535,09:52:24,5.17,--,166,85822,买盘
2536,09:52:21,5.17,--,585,302445,卖盘
2537,09:52:18,5.17,--,24,12408,卖盘
2538,09:52:12,5.17,-0.01,80,41360,卖盘
2539,09:52:09,5.18,0.01,103,53354,买盘
2540,09:52:06,5.17,--,38,19646,卖盘
2541,09:52:03,5.17,-0.01,525,271425,卖盘
2542,09:52:00,5.18,--,423,219114,买盘
2543,09:51:57,5.18,--,65,33670,买盘
2544,09:51:54,5.18,--,1212,627816,买盘
2545,09:51:51,5.18,0.01,131,67858,买盘
2546,09:51:48,5.17,-0.01,594,307098,卖盘
2547,09:51:45,5.18,--,58,30044,买盘
2548,09:51:42,5.18,--,183,94794,买盘
2549,09:51:36,5.18,--,400,207200,买盘
2550,09:51:33,5.18,--,347,179746,卖盘
2551,09:51:27,5.18,--,192,99456,买盘
2552,09:51:21,5.18,--,192,99456,卖盘
2553,09:51:18,5.18,--,210,108780,卖盘
2554,09:51:15,5.18,--,731,378658,卖盘
2555,09:51:12,5.18,--,1,518,卖盘
2556,09:51:09,5.18,--,569,294742,卖盘
2557,09:51:06,5.18,-0.01,86,44548,卖盘
2558,09:51:03,5.19,0.01,2,1038,买盘
2559,09:51:00,5.18,--,15,7770,卖盘
2560,09:50:57,5.18,-0.02,944,488992,卖盘
2561,09:50:54,5.2,0.01,61,31720,买盘
2562,09:50:51,5.19,-0.01,161,83559,卖盘
2563,09:50:48,5.2,--,33,17160,买盘
2564,09:50:45,5.2,--,31,16120,买盘
2565,09:50:42,5.2,--,65,33800,买盘
2566,09:50:39,5.2,--,1691,879320,卖盘
2567,09:50:36,5.2,--,148,76960,卖盘
2568,09:50:33,5.2,-0.01,445,231400,卖盘
2569,09:50:27,5.21,--,6,3126,买盘
2570,09:50:18,5.21,-0.01,4065,2118177,卖盘
2571,09:50:15,5.22,0.01,115,60030,买盘
2572,09:50:12,5.21,--,100,52100,卖盘
2573,09:50:09,5.21,--,115,59915,卖盘
2574,09:50:06,5.21,--,20,10420,卖盘
2575,09:50:03,5.21,--,196,102116,卖盘
2576,09:50:00,5.21,-0.01,3,1563,卖盘
2577,09:49:57,5.22,0.01,23,12006,买盘
2578,09:49:54,5.21,--,160,83360,卖盘
2579,09:49:51,5.21,-0.01,91,47411,卖盘
2580,09:49:48,5.22,--,130,67860,买盘
2581,09:49:45,5.22,0.01,5,2610,买盘
2582,09:49:42,5.21,--,11,5731,卖盘
2583,09:49:39,5.21,--,23,11983,卖盘
2584,09:49:36,5.21,--,83,43243,卖盘
2585,09:49:33,5.21,--,250,130250,卖盘
2586,09:49:30,5.21,-0.01,8,4168,卖盘
2587,09:49:27,5.22,--,31,16182,买盘
2588,09:49:18,5.22,0.01,24,12528,买盘
2589,09:49:15,5.21,-0.01,119,61999,卖盘
2590,09:49:09,5.22,0.01,33,17226,买盘
2591,09:49:06,5.21,--,70,36470,卖盘
2592,09:49:03,5.21,-0.01,51,26571,卖盘
2593,09:49:00,5.22,0.01,52,27144,买盘
2594,09:48:57,5.21,--,24,12504,卖盘
2595,09:48:54,5.21,--,42,21882,卖盘
2596,09:48:51,5.21,--,42,21882,卖盘
2597,09:48:48,5.21,-0.01,21,10941,卖盘
2598,09:48:45,5.22,--,117,61074,买盘
2599,09:48:42,5.22,--,364,190216,买盘
2600,09:48:39,5.22,0.01,277,144594,买盘
2601,09:48:36,5.21,--,55,28655,卖盘
2602,09:48:33,5.21,--,41,21361,卖盘
2603,09:48:30,5.21,--,15,7815,卖盘
2604,09:48:24,5.21,-0.01,7,3647,卖盘
2605,09:48:21,5.22,0.01,3,1566,买盘
2606,09:48:18,5.21,-0.01,23,11983,卖盘
2607,09:48:15,5.22,0.01,89,46458,买盘
2608,09:48:09,5.21,-0.01,5,2605,卖盘
2609,09:48:06,5.22,0.01,116,60552,买盘
2610,09:48:03,5.21,-0.01,51,26571,卖盘
2611,09:48:00,5.22,--,5,2610,买盘
2612,09:47:57,5.22,--,3,1566,买盘
2613,09:47:54,5.22,0.01,5,2610,买盘
2614,09:47:51,5.21,-0.01,10,5210,卖盘
2615,09:47:45,5.22,--,14,7308,买盘
2616,09:47:42,5.22,--,42,21924,买盘
2617,09:47:39,5.22,0.01,13,6786,买盘
2618,09:47:36,5.21,--,14,7294,卖盘
2619,09:47:33,5.21,--,1,521,卖盘
2620,09:47:30,5.21,-0.01,10,5210,卖盘
2621,09:47:27,5.22,--,10,5220,买盘
2622,09:47:24,5.22,-0.01,10,5220,买盘
2623,09:47:21,5.23,0.01,365,190895,买盘
2624,09:47:18,5.22,--,42,21924,卖盘
2625,09:47:15,5.22,--,5,2610,卖盘
2626,09:47:12,5.22,--,127,66294,卖盘
2627,09:47:09,5.22,--,30,15660,卖盘
2628,09:47:06,5.22,--,104,54288,卖盘
2629,09:47:00,5.22,0.01,421,219762,买盘
2630,09:46:57,5.21,-0.01,50,26050,卖盘
2631,09:46:54,5.22,--,91,47502,买盘
2632,09:46:51,5.22,--,16,8352,买盘
2633,09:46:45,5.22,--,50,26100,买盘
2634,09:46:42,5.22,--,1671,872262,卖盘
2635,09:46:39,5.22,-0.01,29,15138,卖盘
2636,09:46:36,5.23,0.01,72,37656,买盘
2637,09:46:33,5.22,--,114,59508,卖盘
2638,09:46:30,5.22,--,57,29754,卖盘
2639,09:46:27,5.22,--,85,44370,卖盘
2640,09:46:24,5.22,-0.01,4,2088,卖盘
2641,09:46:21,5.23,0.01,19,9937,买盘
2642,09:46:18,5.22,--,25,13050,卖盘
2643,09:46:15,5.22,--,30,15660,卖盘
2644,09:46:12,5.22,-0.01,23,12006,卖盘
2645,09:46:09,5.23,--,5,2615,买盘
2646,09:46:03,5.23,--,206,107738,买盘
2647,09:46:00,5.23,--,64,33472,卖盘
2648,09:45:57,5.23,--,10,5230,卖盘
2649,09:45:51,5.23,--,2,1046,卖盘
2650,09:45:48,5.23,--,112,58576,卖盘
2651,09:45:45,5.23,--,558,291834,卖盘
2652,09:45:42,5.23,--,85,44455,卖盘
2653,09:45:39,5.23,--,111,58053,卖盘
2654,09:45:36,5.23,--,119,62237,卖盘
2655,09:45:33,5.23,--,63,32949,卖盘
2656,09:45:30,5.23,--,8,4184,卖盘
2657,09:45:27,5.23,--,200,104600,卖盘
2658,09:45:24,5.23,--,41,21443,卖盘
2659,09:45:18,5.23,--,45,23535,卖盘
2660,09:45:15,5.23,--,10,5230,卖盘
2661,09:45:12,5.23,--,23,12029,卖盘
2662,09:45:09,5.23,--,20,10460,卖盘
2663,09:45:06,5.23,--,15,7845,卖盘
2664,09:45:03,5.23,--,31,16213,卖盘
2665,09:44:57,5.23,--,9,4707,卖盘
2666,09:44:54,5.23,-0.01,98,51254,卖盘
2667,09:44:51,5.24,0.01,7,3668,买盘
2668,09:44:48,5.23,--,14,7322,卖盘
2669,09:44:39,5.23,--,3,1569,卖盘
2670,09:44:36,5.23,-0.01,124,64852,卖盘
2671,09:44:33,5.24,0.01,22,11528,买盘
2672,09:44:27,5.23,-0.01,50,26150,卖盘
2673,09:44:21,5.24,0.01,1,524,买盘
2674,09:44:18,5.23,--,117,61191,卖盘
2675,09:44:15,5.23,--,4,2092,卖盘
2676,09:44:12,5.23,--,3,1569,卖盘
2677,09:44:09,5.23,--,306,160038,卖盘
2678,09:44:06,5.23,--,95,49685,卖盘
2679,09:44:00,5.23,--,2,1046,卖盘
2680,09:43:57,5.23,--,42,21966,卖盘
2681,09:43:54,5.23,--,31,16213,卖盘
2682,09:43:48,5.23,-0.01,219,114537,卖盘
2683,09:43:45,5.24,0.01,47,24628,买盘
2684,09:43:42,5.23,--,21,10983,卖盘
2685,09:43:39,5.23,-0.01,10,5230,卖盘
2686,09:43:33,5.24,0.01,13,6812,买盘
2687,09:43:30,5.23,-0.01,170,88910,卖盘
2688,09:43:24,5.24,--,36,18864,买盘
2689,09:43:21,5.24,--,48,25152,买盘
2690,09:43:15,5.24,0.01,23,12052,买盘
2691,09:43:09,5.23,--,14,7322,卖盘
2692,09:43:06,5.23,-0.01,60,31380,卖盘
2693,09:43:03,5.24,0.01,19,9956,买盘
2694,09:43:00,5.23,--,51,26673,卖盘
2695,09:42:54,5.23,--,102,53346,卖盘
2696,09:42:48,5.23,-0.01,222,116106,卖盘
2697,09:42:42,5.24,0.01,494,258856,买盘
2698,09:42:39,5.23,--,121,63283,卖盘
2699,09:42:36,5.23,-0.01,7,3661,卖盘
2700,09:42:33,5.24,--,5,2620,买盘
2701,09:42:30,5.24,0.01,328,171872,买盘
2702,09:42:24,5.23,-0.01,2,1046,卖盘
2703,09:42:21,5.24,0.01,23,12052,买盘
2704,09:42:18,5.23,-0.01,31,16213,卖盘
2705,09:42:15,5.24,0.01,27,14148,买盘
2706,09:42:09,5.23,-0.01,9,4707,卖盘
2707,09:42:06,5.24,--,122,63928,买盘
2708,09:42:03,5.24,--,5,2620,买盘
2709,09:42:00,5.24,--,181,94844,买盘
2710,09:41:54,5.24,--,20,10480,买盘
2711,09:41:51,5.24,--,31,16244,买盘
2712,09:41:48,5.24,--,114,59736,买盘
2713,09:41:45,5.24,--,30,15720,买盘
2714,09:41:42,5.24,--,215,112660,买盘
2715,09:41:39,5.24,--,15,7860,买盘
2716,09:41:36,5.24,--,46,24104,买盘
2717,09:41:33,5.24,--,13,6812,买盘
2718,09:41:30,5.24,-0.01,716,375184,卖盘
2719,09:41:27,5.25,0.01,26,13650,买盘
2720,09:41:12,5.24,--,9,4716,卖盘
2721,09:41:09,5.24,--,343,179732,买盘
2722,09:41:06,5.24,--,5,2620,买盘
2723,09:41:03,5.24,--,40,20960,买盘
2724,09:41:00,5.24,--,351,183924,买盘
2725,09:40:57,5.24,--,45,23580,买盘
2726,09:40:51,5.24,--,105,55020,买盘
2727,09:40:45,5.24,--,9,4716,买盘
2728,09:40:42,5.24,-0.01,336,176064,卖盘
2729,09:40:39,5.25,--,20,10500,买盘
2730,09:40:33,5.25,--,16,8400,买盘
2731,09:40:30,5.25,--,1,525,买盘
2732,09:40:27,5.25,--,225,118125,买盘
2733,09:40:24,5.25,--,110,57750,买盘
2734,09:40:21,5.25,--,82,43050,买盘
2735,09:40:15,5.25,0.01,100,52500,买盘
2736,09:40:12,5.24,-0.01,30,15720,卖盘
2737,09:40:06,5.25,0.01,25,13125,买盘
2738,09:40:03,5.24,--,214,112136,卖盘
2739,09:40:00,5.24,--,7,3668,卖盘
2740,09:39:54,5.24,--,41,21484,卖盘
2741,09:39:51,5.24,--,78,40872,卖盘
2742,09:39:48,5.24,0.01,18,9432,卖盘
2743,09:39:45,5.23,-0.02,10,5230,卖盘
2744,09:39:42,5.25,0.01,139,72975,买盘
2745,09:39:39,5.24,--,7,3668,买盘
2746,09:39:36,5.24,0.01,75,39300,买盘
2747,09:39:33,5.23,--,14,7322,卖盘
2748,09:39:27,5.23,-0.01,206,107738,卖盘
2749,09:39:24,5.24,-0.01,427,223779,卖盘
2750,09:39:21,5.25,0.01,143,75075,买盘
2751,09:39:18,5.24,--,121,63404,卖盘
2752,09:39:15,5.24,-0.01,19,9956,卖盘
2753,09:39:12,5.25,0.01,2,1050,买盘
2754,09:39:09,5.24,--,36,18864,卖盘
2755,09:39:06,5.24,--,15,7860,卖盘
2756,09:39:00,5.24,--,127,67040,买盘
2757,09:38:57,5.24,0.01,127,66548,买盘
2758,09:38:54,5.23,--,11,5753,卖盘
2759,09:38:51,5.23,-0.01,182,95186,卖盘
2760,09:38:48,5.24,0.01,102,53448,买盘
2761,09:38:42,5.23,-0.01,12,6276,卖盘
2762,09:38:39,5.24,--,21,11004,买盘
2763,09:38:36,5.24,--,48,25152,买盘
2764,09:38:33,5.24,--,68,35632,买盘
2765,09:38:30,5.24,--,752,394048,买盘
2766,09:38:27,5.24,0.01,62,32488,买盘
2767,09:38:21,5.23,-0.02,10,5230,卖盘
2768,09:38:18,5.25,0.01,124,65100,买盘
2769,09:38:12,5.24,--,3,1572,卖盘
2770,09:38:09,5.24,--,10,5240,卖盘
2771,09:38:06,5.24,--,38,19912,买盘
2772,09:38:03,5.24,--,50,26200,买盘
2773,09:38:00,5.24,0.01,42,22008,买盘
2774,09:37:57,5.23,-0.01,170,88910,卖盘
2775,09:37:51,5.24,--,40,20960,买盘
2776,09:37:42,5.24,--,8,4192,买盘
2777,09:37:39,5.24,0.01,10,5240,买盘
2778,09:37:36,5.23,--,139,72697,卖盘
2779,09:37:33,5.23,-0.01,196,102508,卖盘
2780,09:37:30,5.24,--,154,80696,买盘
2781,09:37:24,5.24,--,15,7860,买盘
2782,09:37:21,5.24,--,69,36156,买盘
2783,09:37:15,5.24,--,10,5240,买盘
2784,09:37:09,5.24,0.01,50,26200,买盘
2785,09:37:06,5.23,--,98,51254,卖盘
2786,09:37:00,5.23,--,39,20397,买盘
2787,09:36:57,5.23,-0.01,32,16736,卖盘
2788,09:36:54,5.24,0.01,40,20960,买盘
2789,09:36:51,5.23,--,210,109830,卖盘
2790,09:36:42,5.23,--,42,21966,买盘
2791,09:36:39,5.23,--,2,1046,买盘
2792,09:36:36,5.23,--,53,27719,买盘
2793,09:36:30,5.23,0.01,6,3138,买盘
2794,09:36:27,5.22,--,64,33408,卖盘
2795,09:36:21,5.22,--,41,21402,卖盘
2796,09:36:18,5.22,-0.01,41,21402,卖盘
2797,09:36:15,5.23,--,10,5230,买盘
2798,09:36:12,5.23,0.01,31,16213,买盘
2799,09:36:09,5.22,--,112,58464,卖盘
2800,09:36:06,5.22,-0.01,55,28710,卖盘
2801,09:36:03,5.23,0.01,10,5230,买盘
2802,09:36:00,5.22,--,33,17226,卖盘
2803,09:35:57,5.22,-0.01,33,17226,卖盘
2804,09:35:54,5.23,--,438,229074,买盘
2805,09:35:51,5.23,--,10,5230,买盘
2806,09:35:48,5.23,0.01,3,1569,买盘
2807,09:35:45,5.22,--,17,8874,卖盘
2808,09:35:42,5.22,--,66,34452,卖盘
2809,09:35:39,5.22,-0.01,9,4698,卖盘
2810,09:35:33,5.23,--,54,28242,买盘
2811,09:35:30,5.23,0.01,127,66421,买盘
2812,09:35:27,5.22,--,30,15660,卖盘
2813,09:35:24,5.22,-0.01,204,106488,卖盘
2814,09:35:21,5.23,--,120,62760,买盘
2815,09:35:15,5.23,--,11,5753,买盘
2816,09:35:12,5.23,0.01,74,38702,买盘
2817,09:35:06,5.22,--,27,14094,卖盘
2818,09:35:03,5.22,--,133,69426,卖盘
2819,09:34:56,5.22,--,45,23490,卖盘
2820,09:34:53,5.22,--,166,86652,卖盘
2821,09:34:47,5.22,--,70,36540,卖盘
2822,09:34:44,5.22,--,10,5220,卖盘
2823,09:34:41,5.22,-0.01,14,7308,卖盘
2824,09:34:38,5.23,0.01,107,55961,买盘
2825,09:34:35,5.22,--,2,1044,卖盘
2826,09:34:29,5.22,-0.01,638,333036,卖盘
2827,09:34:23,5.23,--,33,17259,买盘
2828,09:34:20,5.23,0.01,5,2615,买盘
2829,09:34:17,5.22,--,5,2610,卖盘
2830,09:34:14,5.22,-0.01,79,41238,卖盘
2831,09:34:11,5.23,--,19,9937,买盘
2832,09:34:08,5.23,0.01,40,20920,买盘
2833,09:34:02,5.22,--,100,52200,卖盘
2834,09:33:59,5.22,-0.01,223,116406,卖盘
2835,09:33:56,5.23,--,20,10460,买盘
2836,09:33:53,5.23,0.01,30,15690,买盘
2837,09:33:50,5.22,-0.01,50,26100,卖盘
2838,09:33:44,5.23,--,216,112968,买盘
2839,09:33:41,5.23,--,10,5230,买盘
2840,09:33:38,5.23,-0.01,49,25627,卖盘
2841,09:33:35,5.24,--,11,5764,买盘
2842,09:33:32,5.24,0.01,29,15196,买盘
2843,09:33:29,5.23,--,8,4184,卖盘
2844,09:33:23,5.23,0.01,16,8368,中性盘
2845,09:33:20,5.22,-0.01,519,270918,卖盘
2846,09:33:14,5.23,--,20,10460,卖盘
2847,09:33:11,5.23,--,19,9937,卖盘
2848,09:33:08,5.23,0.01,565,295495,买盘
2849,09:33:05,5.22,-0.01,97,50634,卖盘
2850,09:33:02,5.23,--,72,37656,买盘
2851,09:32:59,5.23,0.01,33,17259,买盘
2852,09:32:56,5.22,-0.01,4,2088,卖盘
2853,09:32:53,5.23,--,384,200832,买盘
2854,09:32:50,5.23,--,225,117675,买盘
2855,09:32:47,5.23,0.01,35,18305,买盘
2856,09:32:44,5.22,-0.01,43,22446,卖盘
2857,09:32:41,5.23,0.01,20,10460,买盘
2858,09:32:35,5.22,--,85,44370,卖盘
2859,09:32:29,5.22,--,18,9396,卖盘
2860,09:32:26,5.22,--,105,54810,卖盘
2861,09:32:23,5.22,-0.01,1,522,卖盘
2862,09:32:20,5.23,--,51,26673,买盘
2863,09:32:17,5.23,0.01,17,8891,买盘
2864,09:32:14,5.22,--,41,21402,卖盘
2865,09:32:08,5.22,--,91,47502,卖盘
2866,09:32:05,5.22,-0.01,99,51678,卖盘
2867,09:31:59,5.23,0.01,97,50731,买盘
2868,09:31:56,5.22,--,107,55854,卖盘
2869,09:31:53,5.22,--,41,21402,卖盘
2870,09:31:50,5.22,--,132,68904,卖盘
2871,09:31:44,5.22,--,56,29232,卖盘
2872,09:31:41,5.22,--,14,7308,卖盘
2873,09:31:35,5.22,--,20,10440,卖盘
2874,09:31:32,5.22,--,22,11484,卖盘
2875,09:31:29,5.22,--,15,7830,卖盘
2876,09:31:26,5.22,--,54,28188,买盘
2877,09:31:23,5.22,0.01,202,105444,买盘
2878,09:31:20,5.21,-0.01,165,85965,卖盘
2879,09:31:17,5.22,--,342,178524,买盘
2880,09:31:14,5.22,0.01,220,114840,买盘
2881,09:31:11,5.21,--,150,78150,卖盘
2882,09:31:05,5.21,-0.01,88,45848,卖盘
2883,09:30:59,5.22,--,15,7830,买盘
2884,09:30:56,5.22,0.01,70,36540,买盘
2885,09:30:53,5.21,--,90,46890,卖盘
2886,09:30:50,5.21,-0.01,116,60436,卖盘
2887,09:30:44,5.22,0.01,45,23490,买盘
2888,09:30:41,5.21,-0.01,119,61999,卖盘
2889,09:30:38,5.22,--,3,1566,买盘
2890,09:30:35,5.22,0.01,50,26100,买盘
2891,09:30:32,5.21,--,28,14588,卖盘
2892,09:30:29,5.21,--,50,26050,卖盘
2893,09:30:23,5.21,-0.01,280,145880,卖盘
2894,09:30:20,5.22,0.01,16,8352,买盘
2895,09:30:17,5.21,-0.01,65,33865,卖盘
2896,09:30:11,5.22,--,17,8874,买盘
2897,09:30:08,5.22,--,62,32364,买盘
2898,09:30:05,5.22,-0.01,399,208278,卖盘
2899,09:30:02,5.23,--,46,24058,卖盘
2900,09:25:35,5.23,--,0,0,卖盘
2901,09:25:05,5.23,5.23,1077,563271,买盘
