,time,price,change,volume,amount,type
0,15:00:22,6.65,0.02,1767,1175321,买盘
1,14:57:49,6.63,--,0,0,买盘
2,14:57:01,6.63,-0.01,2,1326,卖盘
3,14:56:58,6.64,--,128,84992,买盘
4,14:56:55,6.64,--,56,37184,买盘
5,14:56:52,6.64,0.01,50,33200,买盘
6,14:56:49,6.63,--,21,13923,卖盘
7,14:56:43,6.63,--,20,13260,卖盘
8,14:56:34,6.63,--,633,419679,买盘
9,14:56:31,6.63,--,30,19890,买盘
10,14:56:22,6.63,--,13,8619,买盘
11,14:56:19,6.63,0.01,3,1989,买盘
12,14:56:13,6.62,-0.01,20,13240,卖盘
13,14:56:07,6.63,--,20,13260,买盘
14,14:56:04,6.63,0.01,15,9945,买盘
15,14:55:52,6.62,-0.01,3,1986,卖盘
16,14:55:43,6.63,--,13,8619,买盘
17,14:55:34,6.63,--,85,56355,买盘
18,14:55:31,6.63,0.01,425,281775,买盘
19,14:55:28,6.62,--,119,78778,卖盘
20,14:55:22,6.62,-0.01,30,19860,卖盘
21,14:55:10,6.63,--,2,1326,买盘
22,14:55:04,6.63,0.01,15,9945,买盘
23,14:54:55,6.62,-0.01,30,19860,卖盘
24,14:54:43,6.63,0.01,10,6630,买盘
25,14:54:40,6.62,--,47,31114,买盘
26,14:54:16,6.62,--,8,5296,买盘
27,14:54:13,6.62,0.01,1,662,买盘
28,14:54:10,6.61,--,60,39660,卖盘
29,14:54:07,6.61,-0.01,10,6610,卖盘
30,14:53:58,6.62,--,30,19860,买盘
31,14:53:37,6.62,--,190,125780,买盘
32,14:53:31,6.62,--,24,15888,买盘
33,14:53:28,6.62,--,5,3310,买盘
34,14:53:19,6.62,--,37,24494,买盘
35,14:53:16,6.62,-0.01,243,160866,卖盘
36,14:53:13,6.63,--,34,22542,买盘
37,14:53:04,6.63,--,10,6630,买盘
38,14:53:01,6.63,--,30,19890,买盘
39,14:52:58,6.63,0.01,1,663,买盘
40,14:52:55,6.62,-0.01,3,1986,卖盘
41,14:52:52,6.63,--,20,13260,买盘
42,14:52:31,6.63,0.01,129,85527,买盘
43,14:52:28,6.62,0.01,5,3310,买盘
44,14:52:25,6.61,-0.01,14,9254,卖盘
45,14:52:10,6.62,--,2,1324,买盘
46,14:52:07,6.62,--,129,85398,卖盘
47,14:52:01,6.62,--,71,47002,买盘
48,14:51:55,6.62,0.01,30,19860,买盘
49,14:51:46,6.61,--,21,13881,卖盘
50,14:51:31,6.61,-0.01,11,7271,卖盘
51,14:51:25,6.62,--,21,13902,买盘
52,14:51:10,6.62,--,1,662,买盘
53,14:50:58,6.62,0.01,10,6620,中性盘
54,14:50:46,6.61,-0.01,20,13220,卖盘
55,14:50:37,6.62,--,11,7282,卖盘
56,14:50:34,6.62,--,45,30121,买盘
57,14:50:13,6.62,0.01,150,99300,买盘
58,14:50:07,6.61,--,156,103446,卖盘
59,14:50:04,6.61,--,155,102455,卖盘
60,14:50:01,6.61,--,10,6610,卖盘
61,14:49:55,6.61,-0.01,37,24457,卖盘
62,14:49:52,6.62,0.01,336,222432,买盘
63,14:49:46,6.61,--,0,330,卖盘
64,14:49:43,6.61,-0.01,21,13881,卖盘
65,14:49:40,6.62,0.01,20,13240,买盘
66,14:49:37,6.61,--,1,661,卖盘
67,14:49:25,6.61,--,10,6610,卖盘
68,14:48:58,6.61,-0.01,570,376770,卖盘
69,14:48:55,6.62,0.01,10,6620,买盘
70,14:48:34,6.61,-0.01,20,13220,卖盘
71,14:48:25,6.62,0.01,173,114526,买盘
72,14:48:22,6.61,-0.01,35,23135,卖盘
73,14:48:10,6.62,0.01,15,9930,买盘
74,14:47:58,6.61,-0.01,100,66100,卖盘
75,14:47:55,6.62,--,4,2648,买盘
76,14:47:49,6.62,0.01,7,4634,买盘
77,14:47:43,6.61,--,135,89235,卖盘
78,14:47:28,6.61,-0.01,34,22474,卖盘
79,14:47:19,6.62,--,183,121146,买盘
80,14:47:13,6.62,--,22,14564,买盘
81,14:46:52,6.62,--,512,338944,买盘
82,14:46:46,6.62,--,1,662,买盘
83,14:46:34,6.62,--,108,71496,买盘
84,14:46:16,6.62,0.01,35,23170,买盘
85,14:45:58,6.61,-0.01,2,1322,卖盘
86,14:45:55,6.62,--,20,13240,买盘
87,14:45:43,6.62,0.01,45,29790,买盘
88,14:45:22,6.61,-0.01,9,5949,卖盘
89,14:45:10,6.62,--,4,2648,买盘
90,14:45:04,6.62,0.01,130,86060,买盘
91,14:45:01,6.61,-0.01,1,661,卖盘
92,14:44:58,6.62,0.01,2,1324,买盘
93,14:44:49,6.61,-0.01,40,26440,卖盘
94,14:44:43,6.62,0.01,240,158880,买盘
95,14:44:31,6.61,--,14,9254,卖盘
96,14:44:25,6.61,-0.01,10,6610,卖盘
97,14:44:22,6.62,--,10,6620,买盘
98,14:44:19,6.62,--,50,33100,买盘
99,14:43:28,6.62,0.01,105,69510,买盘
100,14:42:31,6.61,--,30,19830,买盘
101,14:42:18,6.61,--,11,7271,卖盘
102,14:41:57,6.61,--,30,19830,卖盘
103,14:41:42,6.61,--,16,10576,买盘
104,14:41:39,6.61,-0.01,16,10576,卖盘
105,14:41:30,6.62,0.01,20,13240,买盘
106,14:41:27,6.61,--,9,5949,买盘
107,14:41:24,6.61,--,11,7271,卖盘
108,14:41:18,6.61,--,10,6610,卖盘
109,14:41:06,6.61,--,20,13220,卖盘
110,14:40:54,6.61,--,18,11898,卖盘
111,14:40:51,6.61,-0.01,3,1983,卖盘
112,14:40:48,6.62,0.01,3,1986,买盘
113,14:40:33,6.61,--,40,26440,卖盘
114,14:40:24,6.61,--,54,35694,买盘
115,14:40:21,6.61,--,27,17847,买盘
116,14:40:15,6.61,--,1,661,买盘
117,14:40:00,6.61,--,3,1983,买盘
118,14:39:57,6.61,--,20,13220,买盘
119,14:39:45,6.61,--,25,16525,买盘
120,14:39:36,6.61,0.01,6,3966,买盘
121,14:39:24,6.6,-0.01,9,5940,卖盘
122,14:39:15,6.61,--,16,10576,买盘
123,14:39:03,6.61,--,591,390651,买盘
124,14:38:39,6.61,0.01,36,23796,买盘
125,14:38:36,6.6,0.01,507,335068,买盘
126,14:38:27,6.59,-0.01,5,3295,卖盘
127,14:37:42,6.6,--,10,6600,买盘
128,14:37:27,6.6,--,3,1980,买盘
129,14:37:00,6.6,--,59,39151,卖盘
130,14:36:42,6.6,--,15,9900,卖盘
131,14:36:24,6.6,--,1,660,卖盘
132,14:36:18,6.6,-0.01,20,13200,卖盘
133,14:36:12,6.61,--,13,8593,卖盘
134,14:36:09,6.61,--,3,1983,买盘
135,14:36:00,6.61,0.01,7,4627,中性盘
136,14:35:48,6.6,-0.01,26,17160,卖盘
137,14:35:42,6.61,--,25,16974,买盘
138,14:35:39,6.61,--,7,4627,买盘
139,14:35:24,6.61,--,12,8143,卖盘
140,14:35:18,6.61,--,10,6610,卖盘
141,14:35:06,6.61,--,1,839,卖盘
142,14:35:03,6.61,--,86,57117,买盘
143,14:34:30,6.61,--,14,9254,买盘
144,14:34:18,6.61,--,50,33050,买盘
145,14:34:12,6.61,0.01,18,11898,买盘
146,14:34:00,6.6,--,14,9629,卖盘
147,14:33:54,6.6,--,23,15450,买盘
148,14:33:51,6.6,--,30,19800,买盘
149,14:33:33,6.6,--,20,13200,买盘
150,14:33:30,6.6,--,137,90420,买盘
151,14:33:27,6.6,--,18,11880,买盘
152,14:33:21,6.6,--,70,46200,买盘
153,14:33:09,6.6,0.01,2,1320,买盘
154,14:33:06,6.59,-0.01,15,9885,卖盘
155,14:33:03,6.6,--,50,33000,买盘
156,14:33:00,6.6,--,50,33000,买盘
157,14:32:54,6.6,--,3,1980,买盘
158,14:32:42,6.6,--,4,2640,买盘
159,14:31:54,6.6,--,88,58080,买盘
160,14:31:24,6.6,--,127,83820,买盘
161,14:30:48,6.6,--,5,3300,买盘
162,14:30:33,6.6,--,88,58080,买盘
163,14:30:30,6.6,0.01,1,660,买盘
164,14:30:21,6.59,-0.01,20,13180,卖盘
165,14:30:18,6.6,0.01,71,46860,买盘
166,14:29:54,6.59,--,12,7908,卖盘
167,14:29:51,6.59,--,1,659,卖盘
168,14:29:30,6.59,-0.01,10,6590,卖盘
169,14:29:24,6.6,0.01,114,75240,买盘
170,14:29:18,6.59,--,1,659,卖盘
171,14:29:09,6.59,--,8,5272,买盘
172,14:28:54,6.59,--,12,7908,卖盘
173,14:28:51,6.59,0.01,88,57992,买盘
174,14:28:48,6.58,-0.01,16,10528,卖盘
175,14:28:45,6.59,--,14,9226,卖盘
176,14:28:39,6.59,--,18,11862,卖盘
177,14:28:21,6.59,-0.01,34,22406,中性盘
178,14:28:18,6.6,0.02,2,1320,买盘
179,14:28:06,6.58,--,9,5922,卖盘
180,14:27:57,6.58,-0.02,25,16450,卖盘
181,14:27:15,6.6,--,30,19800,买盘
182,14:27:06,6.6,0.02,4,2640,买盘
183,14:27:00,6.58,-0.02,33,21714,卖盘
184,14:26:39,6.6,--,5,3300,买盘
185,14:26:09,6.6,0.01,7,4620,买盘
186,14:25:54,6.59,--,1,659,买盘
187,14:25:36,6.59,--,27,17793,卖盘
188,14:25:09,6.59,-0.01,20,13180,卖盘
189,14:25:03,6.6,0.01,20,13200,买盘
190,14:24:42,6.59,0.01,30,19770,买盘
191,14:24:33,6.58,--,2,1316,卖盘
192,14:24:21,6.58,0.01,32,21056,买盘
193,14:24:15,6.57,-0.01,25,16425,卖盘
194,14:24:12,6.58,--,20,13160,买盘
195,14:23:50,6.58,--,49,32242,卖盘
196,14:23:23,6.58,--,49,32242,卖盘
197,14:23:17,6.58,-0.01,52,34216,卖盘
198,14:23:14,6.59,0.01,105,69195,买盘
199,14:23:08,6.58,--,342,225036,卖盘
200,14:23:05,6.58,-0.01,56,36848,卖盘
201,14:23:02,6.59,0.01,13,8567,买盘
202,14:22:56,6.58,--,252,165816,卖盘
203,14:22:53,6.58,--,20,13160,卖盘
204,14:22:35,6.58,--,50,32900,卖盘
205,14:22:23,6.58,-0.02,1,658,卖盘
206,14:22:11,6.6,0.02,308,203280,买盘
207,14:22:08,6.58,-0.01,6,3948,卖盘
208,14:22:02,6.59,--,6,3954,卖盘
209,14:21:47,6.59,-0.01,40,26360,中性盘
210,14:21:29,6.6,-0.01,93,61769,卖盘
211,14:21:26,6.61,0.01,38,25118,买盘
212,14:21:20,6.6,--,40,26400,卖盘
213,14:21:17,6.6,--,100,66000,卖盘
214,14:21:14,6.6,--,100,66000,卖盘
215,14:21:11,6.6,--,3,1980,卖盘
216,14:21:08,6.6,--,239,158142,卖盘
217,14:21:05,6.6,--,13,8580,卖盘
218,14:21:02,6.6,--,75,49500,卖盘
219,14:20:44,6.6,--,12,7920,卖盘
220,14:20:29,6.6,0.03,50,33528,买盘
221,14:20:17,6.57,-0.01,31,20367,卖盘
222,14:20:08,6.58,-0.02,5,3290,卖盘
223,14:20:05,6.6,--,135,89232,卖盘
224,14:19:59,6.6,--,30,19800,卖盘
225,14:19:56,6.6,--,31,20460,卖盘
226,14:19:50,6.6,--,18,11880,卖盘
227,14:19:47,6.6,--,30,19800,卖盘
228,14:19:35,6.6,--,68,44880,卖盘
229,14:19:29,6.6,--,4,3168,卖盘
230,14:19:11,6.6,--,1,660,卖盘
231,14:19:08,6.6,--,14,9240,卖盘
232,14:19:05,6.6,--,1,660,卖盘
233,14:19:02,6.6,--,30,19800,卖盘
234,14:18:50,6.6,--,1,660,卖盘
235,14:18:44,6.6,--,18,11880,卖盘
236,14:18:41,6.6,0.03,25,16500,买盘
237,14:18:26,6.57,-0.01,78,51246,卖盘
238,14:18:05,6.58,-0.02,1,658,卖盘
239,14:17:47,6.6,0.02,56,36960,买盘
240,14:17:23,6.58,-0.02,30,19740,卖盘
241,14:17:11,6.6,0.02,73,48180,买盘
242,14:17:05,6.58,--,51,33558,买盘
243,14:16:59,6.58,--,53,34874,卖盘
244,14:16:53,6.58,--,12,7896,卖盘
245,14:16:50,6.58,-0.02,134,88172,卖盘
246,14:16:11,6.6,--,2,1320,卖盘
247,14:16:05,6.6,0.01,151,99660,买盘
248,14:15:59,6.59,--,5,3295,买盘
249,14:15:50,6.59,0.01,9,5931,中性盘
250,14:14:56,6.58,-0.02,326,214508,卖盘
251,14:14:53,6.6,--,450,297000,买盘
252,14:14:20,6.6,--,19,12540,卖盘
253,14:14:05,6.6,0.01,103,67980,买盘
254,14:13:53,6.59,--,1,659,卖盘
255,14:13:29,6.59,-0.01,1,659,卖盘
256,14:13:05,6.6,-0.01,27,17820,卖盘
257,14:12:35,6.61,--,33,21813,卖盘
258,14:12:32,6.61,--,5,3305,卖盘
259,14:12:26,6.61,0.01,262,173182,中性盘
260,14:12:02,6.6,--,30,19800,卖盘
261,14:11:53,6.6,-0.01,294,194040,卖盘
262,14:11:50,6.61,-0.01,5,3305,卖盘
263,14:11:47,6.62,0.01,315,208530,买盘
264,14:11:35,6.61,--,25,16525,卖盘
265,14:11:32,6.61,0.01,246,162606,买盘
266,14:11:08,6.6,-0.01,10,6600,卖盘
267,14:10:47,6.61,0.01,5,3305,买盘
268,14:10:44,6.6,-0.01,20,13200,卖盘
269,14:10:35,6.61,0.01,10,6610,买盘
270,14:10:20,6.6,-0.01,1,660,卖盘
271,14:10:17,6.61,0.01,6,3966,买盘
272,14:10:08,6.6,--,10,6600,卖盘
273,14:10:05,6.6,--,25,16500,卖盘
274,14:09:56,6.6,--,10,6600,卖盘
275,14:09:41,6.6,--,1,660,卖盘
276,14:09:23,6.6,--,11,7260,卖盘
277,14:09:20,6.6,--,25,16500,卖盘
278,14:09:17,6.6,--,116,76560,买盘
279,14:09:05,6.6,--,10,6600,买盘
280,14:08:53,6.6,-0.01,51,33660,中性盘
281,14:08:29,6.61,0.04,146,96506,买盘
282,14:08:20,6.57,-0.03,154,101178,卖盘
283,14:07:59,6.6,0.03,267,176220,买盘
284,14:07:20,6.57,-0.01,200,131400,卖盘
285,14:07:17,6.58,--,21,13818,卖盘
286,14:07:11,6.58,--,6,3948,卖盘
287,14:07:05,6.58,--,40,26320,卖盘
288,14:07:02,6.58,-0.02,100,65800,卖盘
289,14:06:56,6.6,0.02,211,139260,买盘
290,14:06:53,6.58,-0.01,1,658,卖盘
291,14:06:35,6.59,--,10,6590,买盘
292,14:06:20,6.59,--,68,44812,卖盘
293,14:06:14,6.59,-0.01,20,13180,卖盘
294,14:06:11,6.6,0.01,18,11880,买盘
295,14:06:05,6.59,-0.01,36,23724,卖盘
296,14:05:59,6.6,0.01,122,80520,买盘
297,14:05:56,6.59,--,19,12521,卖盘
298,14:05:53,6.59,-0.01,65,42835,卖盘
299,14:05:47,6.6,--,28,18480,卖盘
300,14:05:44,6.6,--,7,4620,卖盘
301,14:05:41,6.6,--,78,51480,卖盘
302,14:05:32,6.6,0.01,125,82500,买盘
303,14:05:26,6.59,--,1,659,卖盘
304,14:05:23,6.59,--,36,23724,卖盘
305,14:05:16,6.59,--,15,9885,卖盘
306,14:05:13,6.59,--,1,659,卖盘
307,14:05:04,6.59,-0.01,234,154206,卖盘
308,14:04:43,6.6,--,51,33660,卖盘
309,14:04:37,6.6,--,36,23760,卖盘
310,14:04:31,6.6,--,86,56760,卖盘
311,14:04:16,6.6,--,9,5940,卖盘
312,14:04:13,6.6,--,10,6600,卖盘
313,14:04:10,6.6,--,5,3300,卖盘
314,14:03:49,6.6,--,15,9900,卖盘
315,14:03:46,6.6,--,200,132000,卖盘
316,14:02:46,6.6,--,16,10560,买盘
317,14:02:34,6.6,0.01,10,6600,中性盘
318,14:01:58,6.59,--,15,9885,卖盘
319,14:01:49,6.59,--,10,6590,卖盘
320,14:01:43,6.59,-0.01,15,9885,卖盘
321,14:01:40,6.6,--,189,124740,买盘
322,14:01:37,6.6,--,126,83160,买盘
323,14:01:07,6.6,--,10,6600,买盘
324,14:01:01,6.6,--,19,12540,卖盘
325,14:00:55,6.6,--,27,17820,卖盘
326,14:00:49,6.6,--,200,132000,卖盘
327,14:00:37,6.6,--,213,140580,买盘
328,14:00:34,6.6,0.01,309,203940,买盘
329,14:00:31,6.59,--,6,3954,卖盘
330,14:00:28,6.59,--,100,65900,卖盘
331,14:00:22,6.59,-0.01,10,6590,卖盘
332,14:00:10,6.6,--,30,19800,买盘
333,13:59:43,6.6,--,248,163680,卖盘
334,13:59:19,6.6,-0.01,100,66000,卖盘
335,13:59:10,6.61,0.01,17,11237,买盘
336,13:58:58,6.6,-0.01,21,13860,卖盘
337,13:58:46,6.61,--,5,3305,买盘
338,13:58:01,6.61,--,1,661,买盘
339,13:57:04,6.61,0.01,50,33050,买盘
340,13:56:49,6.6,--,30,19800,卖盘
341,13:56:28,6.6,-0.01,10,6600,卖盘
342,13:56:07,6.61,0.01,30,19830,买盘
343,13:55:49,6.6,--,5,3300,卖盘
344,13:55:40,6.6,-0.01,10,6600,卖盘
345,13:55:19,6.61,--,20,13220,买盘
346,13:55:01,6.61,--,10,6610,买盘
347,13:54:52,6.61,--,48,31728,卖盘
348,13:54:34,6.61,--,7,4627,卖盘
349,13:54:31,6.61,--,30,19830,卖盘
350,13:54:25,6.61,--,20,13220,卖盘
351,13:54:19,6.61,-0.01,1,661,卖盘
352,13:54:16,6.62,0.01,2,1324,买盘
353,13:54:13,6.61,--,36,23796,卖盘
354,13:54:10,6.61,-0.01,10,6610,卖盘
355,13:54:07,6.62,--,2,1324,买盘
356,13:53:43,6.62,--,1,662,买盘
357,13:53:28,6.62,--,27,17874,卖盘
358,13:53:22,6.62,--,33,21846,卖盘
359,13:53:19,6.62,-0.01,140,92680,卖盘
360,13:53:16,6.63,--,150,99450,买盘
361,13:53:01,6.63,--,40,26520,买盘
362,13:52:52,6.63,--,1,663,买盘
363,13:52:43,6.63,-0.01,8,5304,卖盘
364,13:52:40,6.64,--,130,86320,买盘
365,13:52:37,6.64,--,13,8632,买盘
366,13:52:34,6.64,0.02,20,13280,买盘
367,13:52:28,6.62,-0.02,5,3310,卖盘
368,13:52:25,6.64,--,100,66400,买盘
369,13:52:13,6.64,0.01,100,66400,买盘
370,13:52:10,6.63,--,18,11934,买盘
371,13:52:07,6.63,--,16,10608,买盘
372,13:52:01,6.63,0.01,10,6630,买盘
373,13:51:58,6.62,--,99,65538,卖盘
374,13:51:43,6.62,--,50,33100,卖盘
375,13:51:34,6.62,--,171,113202,买盘
376,13:51:28,6.62,0.01,14,9268,买盘
377,13:51:25,6.61,-0.01,5,3305,卖盘
378,13:51:19,6.62,0.01,114,75468,买盘
379,13:51:10,6.61,-0.01,62,40982,卖盘
380,13:51:07,6.62,--,10,6620,买盘
381,13:51:04,6.62,0.01,110,72820,买盘
382,13:50:49,6.61,--,11,7271,买盘
383,13:50:37,6.61,0.01,128,84608,买盘
384,13:50:34,6.6,--,15,9900,买盘
385,13:50:31,6.6,--,153,100980,买盘
386,13:50:28,6.6,--,20,13200,买盘
387,13:50:16,6.6,--,12,7920,卖盘
388,13:50:04,6.6,0.02,8,5280,买盘
389,13:49:22,6.58,-0.02,99,65142,卖盘
390,13:49:13,6.6,--,42,27720,卖盘
391,13:49:07,6.6,--,30,19800,卖盘
392,13:48:55,6.6,--,206,135960,买盘
393,13:48:52,6.6,0.01,457,301620,买盘
394,13:48:43,6.59,--,30,19770,买盘
395,13:48:01,6.59,0.01,1,659,买盘
396,13:47:46,6.58,--,10,6580,卖盘
397,13:47:34,6.58,--,216,142128,买盘
398,13:46:46,6.58,0.01,10,6580,买盘
399,13:46:31,6.57,-0.01,5,3285,卖盘
400,13:46:28,6.58,0.01,15,9870,买盘
401,13:46:16,6.57,--,50,32850,卖盘
402,13:45:18,6.57,-0.01,12,8041,卖盘
403,13:45:03,6.58,--,8,5264,买盘
404,13:43:24,6.58,--,10,6580,买盘
405,13:43:18,6.58,--,4,2632,买盘
406,13:43:06,6.58,--,28,18424,卖盘
407,13:43:00,6.58,--,7,4606,卖盘
408,13:42:51,6.58,--,91,59878,卖盘
409,13:42:45,6.58,--,10,6580,卖盘
410,13:42:33,6.58,--,150,98700,卖盘
411,13:42:15,6.58,--,1,658,卖盘
412,13:42:09,6.58,--,23,15134,卖盘
413,13:41:57,6.58,--,107,70406,卖盘
414,13:41:21,6.58,-0.01,20,13160,卖盘
415,13:40:39,6.59,--,36,23724,卖盘
416,13:40:27,6.59,-0.01,50,32950,卖盘
417,13:40:24,6.6,--,36,23760,买盘
418,13:39:57,6.6,0.01,4,2640,买盘
419,13:39:48,6.59,--,24,15816,买盘
420,13:39:48,6.59,-0.01,20,13180,卖盘
421,13:39:09,6.6,0.01,20,13200,买盘
422,13:39:00,6.59,--,101,66559,卖盘
423,13:38:48,6.59,--,111,73149,买盘
424,13:38:21,6.59,--,15,9885,买盘
425,13:37:39,6.59,--,30,19770,买盘
426,13:37:36,6.59,0.01,18,11862,买盘
427,13:37:30,6.58,-0.01,10,6580,卖盘
428,13:37:27,6.59,--,7,4613,买盘
429,13:37:24,6.59,--,18,11862,买盘
430,13:37:06,6.59,--,59,38881,买盘
431,13:36:42,6.59,0.01,1,659,买盘
432,13:36:39,6.58,--,20,13160,卖盘
433,13:36:33,6.58,--,14,9212,买盘
434,13:36:30,6.58,--,1,658,卖盘
435,13:36:21,6.58,--,9,5922,买盘
436,13:36:15,6.58,--,20,13160,买盘
437,13:36:09,6.58,--,25,16450,买盘
438,13:35:51,6.58,--,10,6580,买盘
439,13:35:48,6.58,--,163,107254,卖盘
440,13:35:39,6.58,--,6,3948,买盘
441,13:35:21,6.58,0.01,100,65800,买盘
442,13:35:18,6.57,--,10,6570,卖盘
443,13:35:12,6.57,--,11,7227,卖盘
444,13:35:03,6.57,0.02,894,587417,买盘
445,13:34:54,6.55,-0.01,10,6550,卖盘
446,13:34:45,6.56,0.01,17,11152,买盘
447,13:34:15,6.55,-0.01,2,1310,卖盘
448,13:33:45,6.56,0.01,16,10496,买盘
449,13:32:27,6.55,--,56,36680,卖盘
450,13:32:09,6.55,-0.01,88,57640,卖盘
451,13:31:54,6.56,0.01,66,43296,买盘
452,13:31:51,6.55,-0.01,5,3275,卖盘
453,13:30:42,6.56,--,13,9124,卖盘
454,13:30:39,6.56,--,56,36736,卖盘
455,13:30:36,6.56,--,1,656,卖盘
456,13:29:39,6.56,-0.01,1,656,卖盘
457,13:29:33,6.57,0.01,83,54531,买盘
458,13:29:00,6.56,--,5,3280,卖盘
459,13:28:45,6.56,0.01,170,111579,买盘
460,13:27:54,6.55,--,189,123912,买盘
461,13:27:51,6.55,0.01,251,164405,买盘
462,13:27:33,6.54,-0.01,3,1962,卖盘
463,13:27:18,6.55,--,41,27392,卖盘
464,13:27:09,6.55,-0.01,114,74670,卖盘
465,13:27:00,6.56,--,0,596,卖盘
466,13:26:54,6.56,0.01,61,40075,买盘
467,13:26:32,6.55,--,24,15720,卖盘
468,13:26:23,6.55,--,10,6550,卖盘
469,13:26:02,6.55,--,1,655,卖盘
470,13:25:53,6.55,-0.01,10,6550,卖盘
471,13:25:35,6.56,--,90,59636,卖盘
472,13:25:29,6.56,--,28,18368,卖盘
473,13:25:23,6.56,--,10,6560,卖盘
474,13:25:14,6.56,--,58,38048,卖盘
475,13:24:59,6.56,0.01,241,158155,买盘
476,13:24:53,6.55,--,50,32750,卖盘
477,13:24:44,6.55,--,7,4716,卖盘
478,13:24:14,6.55,--,30,20291,买盘
479,13:24:02,6.55,--,61,39955,卖盘
480,13:23:35,6.55,--,14,9170,卖盘
481,13:23:26,6.55,--,10,6550,卖盘
482,13:22:59,6.55,-0.01,8,5240,中性盘
483,13:22:47,6.56,0.01,5,3280,买盘
484,13:22:44,6.55,--,34,22866,卖盘
485,13:22:35,6.55,--,88,58124,卖盘
486,13:22:14,6.55,--,10,6550,卖盘
487,13:22:08,6.55,--,64,41920,卖盘
488,13:21:56,6.55,--,20,13100,卖盘
489,13:21:38,6.55,0.02,35,23154,买盘
490,13:21:14,6.53,-0.02,10,6530,卖盘
491,13:20:56,6.55,0.01,253,165715,买盘
492,13:20:32,6.54,--,1,654,卖盘
493,13:20:29,6.54,--,1,654,卖盘
494,13:20:08,6.54,-0.01,150,98100,卖盘
495,13:19:38,6.55,--,10,6550,买盘
496,13:19:23,6.55,--,10,6550,买盘
497,13:18:38,6.55,--,118,77290,卖盘
498,13:18:35,6.55,--,40,26200,卖盘
499,13:18:17,6.55,0.02,95,62225,买盘
500,13:18:08,6.53,--,10,6530,卖盘
501,13:17:53,6.53,--,123,80319,卖盘
502,13:17:38,6.53,-0.02,321,209613,卖盘
503,13:17:35,6.55,0.02,526,344530,买盘
504,13:17:32,6.53,--,4,2612,卖盘
505,13:16:59,6.53,-0.01,1,653,卖盘
506,13:16:38,6.54,-0.01,244,159576,卖盘
507,13:16:08,6.55,--,161,105455,卖盘
508,13:15:53,6.55,--,30,19650,卖盘
509,13:15:50,6.55,--,60,39300,卖盘
510,13:15:44,6.55,--,2,1310,买盘
511,13:15:32,6.55,--,48,31440,卖盘
512,13:15:02,6.55,--,10,6550,卖盘
513,13:14:32,6.55,--,198,129690,卖盘
514,13:14:26,6.55,--,1,655,卖盘
515,13:14:23,6.55,--,14,9170,卖盘
516,13:13:17,6.55,--,20,13100,卖盘
517,13:12:38,6.55,--,2,1310,买盘
518,13:12:08,6.55,--,12,7860,卖盘
519,13:12:02,6.55,--,4,2620,卖盘
520,13:11:59,6.55,--,70,45850,卖盘
521,13:11:56,6.55,--,1,655,卖盘
522,13:11:44,6.55,--,200,131000,卖盘
523,13:11:41,6.55,--,4,2620,卖盘
524,13:11:35,6.55,--,20,13100,卖盘
525,13:11:26,6.55,--,10,6550,卖盘
526,13:11:08,6.55,-0.01,43,28165,卖盘
527,13:11:05,6.56,0.01,5,3280,买盘
528,13:10:56,6.55,--,5,3275,卖盘
529,13:10:53,6.55,--,10,6550,卖盘
530,13:10:05,6.55,--,175,114625,买盘
531,13:09:14,6.55,--,7,4585,卖盘
532,13:09:08,6.55,--,5,3275,卖盘
533,13:08:59,6.55,-0.01,30,19650,卖盘
534,13:08:56,6.56,--,22,14432,买盘
535,13:08:53,6.56,0.01,16,10496,买盘
536,13:08:35,6.55,--,17,11135,卖盘
537,13:08:29,6.55,-0.01,100,65500,卖盘
538,13:08:26,6.56,0.01,5,3280,买盘
539,13:08:13,6.55,--,3,1965,卖盘
540,13:08:10,6.55,-0.01,25,16375,卖盘
541,13:08:07,6.56,0.01,16,10496,买盘
542,13:08:04,6.55,--,265,173575,买盘
543,13:07:04,6.55,--,8,5240,卖盘
544,13:06:55,6.55,--,10,6550,卖盘
545,13:06:43,6.55,--,20,13100,卖盘
546,13:06:40,6.55,--,84,55020,买盘
547,13:05:46,6.55,0.05,42,27510,买盘
548,13:05:37,6.5,-0.05,20,13000,卖盘
549,13:05:31,6.55,0.05,521,341255,买盘
550,13:04:55,6.5,--,10,6500,卖盘
551,13:04:37,6.5,--,16,10400,卖盘
552,13:04:07,6.5,-0.01,1,650,卖盘
553,13:04:04,6.51,--,10,6510,买盘
554,13:03:43,6.51,-0.04,1,651,卖盘
555,13:03:34,6.55,0.04,451,295405,买盘
556,13:03:16,6.51,--,18,11718,买盘
557,13:03:13,6.51,-0.02,12,7812,中性盘
558,13:02:58,6.53,0.01,153,99909,买盘
559,13:02:55,6.52,0.04,361,235371,买盘
560,13:02:43,6.48,--,1,648,卖盘
561,13:02:37,6.48,0.01,18,11664,买盘
562,13:01:40,6.47,-0.01,56,36232,卖盘
563,13:01:25,6.48,--,50,32400,买盘
564,13:01:19,6.48,--,1,648,买盘
565,13:00:43,6.48,--,1,648,买盘
566,13:00:19,6.48,--,10,6480,买盘
567,13:00:07,6.48,0.01,146,94608,买盘
568,13:00:04,6.47,-0.01,412,266564,卖盘
569,11:29:32,6.48,--,182,117936,卖盘
570,11:28:08,6.48,-0.01,97,62856,卖盘
571,11:28:02,6.49,--,81,52569,卖盘
572,11:27:47,6.49,--,43,27907,买盘
573,11:27:14,6.49,--,125,81125,卖盘
574,11:26:41,6.49,--,20,12980,卖盘
575,11:26:29,6.49,-0.02,1,649,卖盘
576,11:25:53,6.51,0.02,1,651,买盘
577,11:25:29,6.49,--,1,649,卖盘
578,11:24:59,6.49,--,13,8437,卖盘
579,11:24:44,6.49,--,3,1947,卖盘
580,11:24:29,6.49,-0.02,1,649,卖盘
581,11:23:59,6.51,0.02,12,7812,买盘
582,11:23:56,6.49,--,1,649,卖盘
583,11:23:38,6.49,--,5,3245,卖盘
584,11:23:29,6.49,-0.02,101,65549,卖盘
585,11:22:59,6.51,0.02,30,19530,买盘
586,11:22:56,6.49,--,1,649,卖盘
587,11:22:26,6.49,--,1,649,卖盘
588,11:21:53,6.49,--,37,24013,卖盘
589,11:21:47,6.49,-0.01,9,5841,卖盘
590,11:21:35,6.5,0.01,1,650,买盘
591,11:21:26,6.49,--,1,649,卖盘
592,11:21:14,6.49,--,3,1947,卖盘
593,11:20:53,6.49,-0.01,1,649,卖盘
594,11:20:20,6.5,0.01,1,650,买盘
595,11:19:44,6.49,0.02,40,25960,买盘
596,11:19:32,6.47,-0.02,303,196041,卖盘
597,11:19:26,6.49,0.01,10,6490,买盘
598,11:19:11,6.48,--,100,64800,卖盘
599,11:18:53,6.48,--,12,7776,买盘
600,11:18:47,6.48,0.01,100,64800,买盘
601,11:18:44,6.47,--,20,12940,卖盘
602,11:18:38,6.47,--,10,6470,卖盘
603,11:18:29,6.47,--,20,12940,卖盘
604,11:18:17,6.47,-0.01,490,317030,卖盘
605,11:18:11,6.48,0.01,9,5832,买盘
606,11:18:08,6.47,-0.01,34,21998,卖盘
607,11:17:59,6.48,--,10,6480,买盘
608,11:17:56,6.48,--,74,47952,卖盘
609,11:17:14,6.48,--,497,322056,卖盘
610,11:17:02,6.48,--,20,12960,卖盘
611,11:16:50,6.48,--,6,3888,卖盘
612,11:16:47,6.48,--,2,1296,卖盘
613,11:16:32,6.48,--,17,11016,卖盘
614,11:16:26,6.48,-0.01,30,19440,卖盘
615,11:16:17,6.49,0.01,5,3245,中性盘
616,11:16:11,6.48,-0.01,144,93312,卖盘
617,11:16:05,6.49,--,80,51920,卖盘
618,11:15:56,6.49,--,20,12980,卖盘
619,11:15:50,6.49,--,30,19470,卖盘
620,11:15:26,6.49,-0.01,1,649,卖盘
621,11:15:20,6.5,--,132,85800,卖盘
622,11:15:17,6.5,-0.02,6,3900,卖盘
623,11:14:17,6.52,0.02,115,74980,买盘
624,11:14:11,6.5,-0.02,1,650,卖盘
625,11:13:44,6.52,0.02,9,5868,买盘
626,11:12:56,6.5,--,20,13000,卖盘
627,11:11:53,6.5,--,20,13000,卖盘
628,11:10:41,6.5,--,103,66950,卖盘
629,11:10:14,6.5,--,10,6500,买盘
630,11:10:07,6.5,--,41,26650,卖盘
631,11:09:49,6.5,--,10,6500,卖盘
632,11:09:28,6.5,--,39,25350,买盘
633,11:09:07,6.5,-0.01,36,23400,卖盘
634,11:09:01,6.51,0.01,2,1302,买盘
635,11:08:49,6.5,--,50,32500,卖盘
636,11:08:37,6.5,--,201,130650,卖盘
637,11:08:25,6.5,--,8,5200,卖盘
638,11:08:22,6.5,--,10,6500,卖盘
639,11:08:19,6.5,--,1,650,卖盘
640,11:08:16,6.5,--,5,3250,卖盘
641,11:08:04,6.5,--,7,4550,卖盘
642,11:07:58,6.5,--,20,13000,卖盘
643,11:07:55,6.5,--,4,2600,卖盘
644,11:07:46,6.5,--,15,9750,卖盘
645,11:07:40,6.5,--,2,1300,卖盘
646,11:07:31,6.5,0.01,2,1300,卖盘
647,11:07:28,6.49,--,1,649,卖盘
648,11:07:25,6.49,--,2,1298,卖盘
649,11:07:16,6.49,-0.01,1,649,卖盘
650,11:06:16,6.5,--,75,48919,卖盘
651,11:06:04,6.5,--,2,1300,卖盘
652,11:05:40,6.5,-0.01,95,61750,卖盘
653,11:05:34,6.51,--,10,6510,买盘
654,11:05:10,6.51,--,57,37107,卖盘
655,11:05:07,6.51,--,16,10416,卖盘
656,11:04:55,6.51,--,20,13020,卖盘
657,11:03:58,6.51,--,20,13020,卖盘
658,11:03:49,6.51,--,20,13020,卖盘
659,11:03:43,6.51,--,50,32550,卖盘
660,11:03:40,6.51,--,10,6510,卖盘
661,11:03:22,6.51,--,20,13020,卖盘
662,11:03:04,6.51,--,20,13020,卖盘
663,11:02:52,6.51,--,2,1302,卖盘
664,11:02:43,6.51,--,10,6510,卖盘
665,11:02:34,6.51,--,36,23436,买盘
666,11:02:13,6.51,--,14,9114,卖盘
667,11:02:10,6.51,--,10,6510,卖盘
668,11:02:01,6.51,--,5,3255,卖盘
669,11:01:55,6.51,--,12,7812,卖盘
670,11:01:40,6.51,--,53,34503,卖盘
671,11:01:07,6.51,--,12,7812,卖盘
672,11:00:52,6.51,--,1,651,卖盘
673,11:00:22,6.51,--,1,651,卖盘
674,10:59:46,6.51,0.01,90,58590,买盘
675,10:58:22,6.5,--,30,19500,卖盘
676,10:58:19,6.5,--,1,650,卖盘
677,10:57:37,6.5,-0.01,2,1300,卖盘
678,10:57:04,6.51,--,30,19530,买盘
679,10:57:01,6.51,--,9,5859,卖盘
680,10:56:52,6.51,--,10,6510,卖盘
681,10:56:43,6.51,-0.01,25,16275,卖盘
682,10:56:10,6.52,--,16,10432,买盘
683,10:55:58,6.52,0.01,10,6520,买盘
684,10:55:37,6.51,--,18,11718,买盘
685,10:55:01,6.51,--,1,651,买盘
686,10:54:43,6.51,0.01,71,46702,买盘
687,10:54:31,6.5,--,5,3250,买盘
688,10:54:25,6.5,--,10,6500,买盘
689,10:54:16,6.5,0.01,22,14300,买盘
690,10:54:13,6.49,-0.01,4,2596,中性盘
691,10:54:04,6.5,0.01,39,25350,买盘
692,10:53:52,6.49,--,18,11682,买盘
693,10:53:16,6.49,--,10,6490,买盘
694,10:52:31,6.49,0.01,1,649,买盘
695,10:52:19,6.48,-0.01,2,1296,卖盘
696,10:51:58,6.49,0.02,8,5192,买盘
697,10:51:49,6.47,-0.02,9,5823,卖盘
698,10:51:40,6.49,0.01,59,38459,卖盘
699,10:51:13,6.48,--,54,35471,买盘
700,10:51:04,6.48,--,117,75984,卖盘
701,10:50:58,6.48,-0.01,20,12960,卖盘
702,10:50:46,6.49,0.01,10,6490,买盘
703,10:50:43,6.48,--,21,13608,卖盘
704,10:50:37,6.48,-0.01,559,362232,卖盘
705,10:50:31,6.49,--,10,6490,买盘
706,10:49:58,6.49,--,110,71390,买盘
707,10:49:36,6.49,-0.01,29,18821,卖盘
708,10:49:33,6.5,0.01,2,1300,买盘
709,10:49:00,6.49,--,43,27907,卖盘
710,10:48:45,6.49,-0.01,10,6490,卖盘
711,10:47:54,6.5,0.01,8,5200,买盘
712,10:47:39,6.49,0.01,5,3245,卖盘
713,10:46:06,6.48,-0.01,149,96552,卖盘
714,10:45:57,6.49,--,193,125257,卖盘
715,10:45:48,6.49,-0.01,19,12331,卖盘
716,10:45:42,6.5,--,18,11700,卖盘
717,10:45:30,6.5,--,170,110630,买盘
718,10:45:24,6.5,--,2,1300,买盘
719,10:45:18,6.5,--,13,8450,买盘
720,10:45:15,6.5,0.01,40,26000,买盘
721,10:45:09,6.49,-0.01,18,11682,卖盘
722,10:44:57,6.5,--,30,19500,买盘
723,10:44:54,6.5,--,10,6500,买盘
724,10:44:30,6.5,--,10,6500,买盘
725,10:44:09,6.5,0.01,20,13000,买盘
726,10:44:03,6.49,-0.01,1,649,卖盘
727,10:43:51,6.5,--,32,20800,买盘
728,10:43:30,6.5,--,10,6500,买盘
729,10:43:21,6.5,--,42,27300,买盘
730,10:43:15,6.5,--,10,6500,买盘
731,10:42:45,6.5,--,35,22750,买盘
732,10:42:42,6.5,--,9,5850,买盘
733,10:42:15,6.5,0.01,33,21450,买盘
734,10:42:06,6.49,--,56,36344,卖盘
735,10:42:00,6.49,--,2,1298,卖盘
736,10:41:48,6.49,-0.01,1,649,卖盘
737,10:41:03,6.5,--,1,650,买盘
738,10:40:24,6.5,--,50,32500,买盘
739,10:39:57,6.5,--,3,1950,买盘
740,10:39:54,6.5,--,8,5200,买盘
741,10:39:39,6.5,0.01,127,82550,买盘
742,10:39:36,6.49,-0.01,14,9086,卖盘
743,10:39:33,6.5,0.01,53,34450,买盘
744,10:38:57,6.49,--,5,3245,卖盘
745,10:38:42,6.49,--,2,1298,买盘
746,10:38:33,6.49,--,225,146025,买盘
747,10:38:30,6.49,0.01,4,2596,买盘
748,10:38:27,6.48,-0.01,11,7128,卖盘
749,10:38:18,6.49,--,100,64900,买盘
750,10:38:15,6.49,--,21,13629,买盘
751,10:38:06,6.49,--,9,5841,买盘
752,10:38:00,6.49,0.01,116,75284,买盘
753,10:37:51,6.48,-0.01,20,12960,卖盘
754,10:37:36,6.49,--,3,1947,买盘
755,10:37:27,6.49,--,10,6490,买盘
756,10:37:00,6.49,--,24,15576,买盘
757,10:36:54,6.49,0.01,20,12980,买盘
758,10:36:45,6.48,-0.01,55,35640,卖盘
759,10:36:42,6.49,--,115,74635,买盘
760,10:36:39,6.49,--,20,12980,买盘
761,10:36:36,6.49,0.01,20,12980,买盘
762,10:36:30,6.48,--,64,41472,卖盘
763,10:36:06,6.48,--,10,6480,卖盘
764,10:35:54,6.48,--,10,6480,卖盘
765,10:35:27,6.48,-0.01,21,13608,卖盘
766,10:35:09,6.49,--,22,14278,买盘
767,10:34:30,6.49,--,20,12980,买盘
768,10:34:18,6.49,--,1,649,买盘
769,10:34:15,6.49,--,21,13629,买盘
770,10:34:06,6.49,0.01,32,20768,买盘
771,10:34:00,6.48,-0.01,247,160405,卖盘
772,10:33:54,6.49,0.01,20,12980,买盘
773,10:33:36,6.48,--,20,12960,卖盘
774,10:33:15,6.48,--,60,38880,卖盘
775,10:33:09,6.48,--,3,1944,卖盘
776,10:33:00,6.48,--,127,82296,买盘
777,10:32:57,6.48,--,1,648,买盘
778,10:32:45,6.48,0.01,50,32400,买盘
779,10:32:36,6.47,--,323,209336,卖盘
780,10:32:27,6.47,-0.01,10,6470,卖盘
781,10:32:24,6.48,0.01,20,12960,买盘
782,10:32:09,6.47,-0.01,276,178572,卖盘
783,10:32:00,6.48,--,4,2592,卖盘
784,10:31:42,6.48,--,1,648,卖盘
785,10:31:35,6.48,--,90,58320,卖盘
786,10:31:29,6.48,-0.01,29,18792,卖盘
787,10:31:23,6.49,0.01,6,3894,买盘
788,10:31:20,6.48,--,550,356400,卖盘
789,10:31:14,6.48,-0.01,39,25272,卖盘
790,10:30:59,6.49,0.01,1,649,买盘
791,10:30:50,6.48,--,1,648,卖盘
792,10:30:35,6.48,-0.01,77,49896,卖盘
793,10:30:32,6.49,--,1,649,卖盘
794,10:30:23,6.49,--,29,18821,卖盘
795,10:30:20,6.49,--,3,1947,卖盘
796,10:30:08,6.49,--,30,19470,卖盘
797,10:29:44,6.49,--,42,27258,买盘
798,10:29:38,6.49,--,10,6490,买盘
799,10:29:17,6.49,--,5,3245,买盘
800,10:29:11,6.49,--,67,43483,卖盘
801,10:29:05,6.49,--,285,184965,卖盘
802,10:28:56,6.49,-0.01,17,11033,卖盘
803,10:28:38,6.5,0.01,20,13000,中性盘
804,10:28:32,6.49,-0.01,297,192753,卖盘
805,10:28:20,6.5,--,2,1300,卖盘
806,10:28:14,6.5,--,2,1300,卖盘
807,10:27:59,6.5,0.01,16,10400,中性盘
808,10:27:32,6.49,-0.01,6,3894,卖盘
809,10:27:20,6.5,--,48,31200,买盘
810,10:27:08,6.5,--,1,650,买盘
811,10:26:59,6.5,--,4,2600,买盘
812,10:26:41,6.5,--,27,17550,卖盘
813,10:26:38,6.5,--,40,26000,卖盘
814,10:26:11,6.5,--,9,5850,卖盘
815,10:25:26,6.5,--,8,5200,卖盘
816,10:25:23,6.5,-0.01,3,1950,卖盘
817,10:24:56,6.51,--,8,5208,买盘
818,10:24:50,6.51,0.01,22,14322,买盘
819,10:24:47,6.5,-0.01,1,650,卖盘
820,10:24:41,6.51,0.01,10,6510,买盘
821,10:24:32,6.5,-0.01,35,22750,卖盘
822,10:24:26,6.51,--,6,3906,买盘
823,10:24:20,6.51,--,8,5208,买盘
824,10:24:05,6.51,--,6,3906,卖盘
825,10:23:59,6.51,--,17,11067,卖盘
826,10:23:53,6.51,--,40,26040,卖盘
827,10:23:32,6.51,0.01,56,36456,买盘
828,10:23:20,6.5,--,13,8450,买盘
829,10:23:17,6.5,--,8,5200,买盘
830,10:23:08,6.5,--,50,32500,买盘
831,10:22:53,6.5,--,9,5850,买盘
832,10:22:41,6.5,0.01,27,17550,买盘
833,10:22:23,6.49,--,110,71390,卖盘
834,10:21:38,6.49,--,91,59059,买盘
835,10:21:29,6.49,--,8,5192,买盘
836,10:21:02,6.49,--,280,181720,买盘
837,10:20:53,6.49,--,7,4543,买盘
838,10:20:50,6.49,0.01,23,14927,买盘
839,10:20:44,6.48,--,40,25920,卖盘
840,10:20:29,6.48,-0.01,8,5184,卖盘
841,10:20:23,6.49,--,1,649,买盘
842,10:20:17,6.49,0.01,115,74635,买盘
843,10:20:11,6.48,-0.01,26,16848,卖盘
844,10:20:08,6.49,0.01,12,7788,买盘
845,10:20:05,6.48,-0.01,18,11664,卖盘
846,10:19:56,6.49,--,8,5192,买盘
847,10:19:53,6.49,-0.01,5,3245,中性盘
848,10:18:56,6.5,--,9,5850,买盘
849,10:18:35,6.5,0.03,23,14950,买盘
850,10:18:17,6.47,-0.01,70,45290,卖盘
851,10:18:08,6.48,--,50,32400,卖盘
852,10:18:05,6.48,--,28,18144,卖盘
853,10:17:56,6.48,--,116,75168,卖盘
854,10:17:53,6.48,-0.02,4,2592,卖盘
855,10:17:50,6.5,0.03,12,7800,买盘
856,10:17:29,6.47,--,100,64700,卖盘
857,10:17:23,6.47,--,94,61283,卖盘
858,10:17:20,6.47,--,51,32997,卖盘
859,10:17:17,6.47,--,20,12940,卖盘
860,10:17:11,6.47,--,0,25,买盘
861,10:17:05,6.47,--,78,50466,买盘
862,10:16:53,6.47,-0.01,631,408878,卖盘
863,10:16:50,6.48,0.01,38,24624,中性盘
864,10:16:35,6.47,-0.01,400,258800,卖盘
865,10:16:29,6.48,--,4,2592,卖盘
866,10:16:26,6.48,--,246,159408,买盘
867,10:16:20,6.48,0.01,3,1944,买盘
868,10:16:17,6.47,-0.01,30,19410,卖盘
869,10:15:59,6.48,-0.01,253,163944,卖盘
870,10:15:53,6.49,--,280,181720,买盘
871,10:15:41,6.49,--,510,331171,卖盘
872,10:15:38,6.49,--,136,88264,卖盘
873,10:15:32,6.49,--,25,16225,卖盘
874,10:14:47,6.49,-0.01,67,44093,卖盘
875,10:14:44,6.5,--,2,1300,买盘
876,10:14:29,6.5,--,22,14300,买盘
877,10:14:02,6.5,0.01,5,3250,买盘
878,10:13:56,6.49,--,200,129800,卖盘
879,10:13:41,6.49,-0.01,100,64900,卖盘
880,10:13:14,6.5,--,10,6500,买盘
881,10:12:55,6.5,-0.01,108,70200,卖盘
882,10:12:52,6.51,0.01,4,2604,买盘
883,10:12:46,6.5,-0.01,80,52000,卖盘
884,10:12:43,6.51,0.01,5,3255,买盘
885,10:12:34,6.5,-0.01,50,32500,卖盘
886,10:12:28,6.51,0.01,20,13020,买盘
887,10:12:19,6.5,--,1,650,卖盘
888,10:12:13,6.5,--,6,3900,买盘
889,10:12:07,6.5,--,49,31850,买盘
890,10:12:04,6.5,--,6,3900,买盘
891,10:12:01,6.5,--,10,6500,买盘
892,10:11:52,6.5,--,72,46800,卖盘
893,10:11:40,6.5,--,30,19500,卖盘
894,10:11:28,6.5,--,63,40950,买盘
895,10:11:22,6.5,--,7,4550,买盘
896,10:11:16,6.5,--,28,18200,买盘
897,10:10:55,6.5,--,33,21450,卖盘
898,10:10:49,6.5,--,50,32500,卖盘
899,10:10:31,6.5,--,21,13650,卖盘
900,10:10:22,6.5,0.01,6,3900,中性盘
901,10:09:43,6.49,-0.01,115,74635,卖盘
902,10:09:40,6.5,--,7,4550,卖盘
903,10:09:34,6.5,--,50,32500,卖盘
904,10:09:28,6.5,--,8,5200,卖盘
905,10:09:22,6.5,0.01,298,194207,买盘
906,10:09:10,6.49,--,2,1298,卖盘
907,10:09:01,6.49,--,80,51920,卖盘
908,10:08:55,6.49,--,10,6490,中性盘
909,10:08:43,6.49,--,100,64900,卖盘
910,10:08:40,6.49,0.01,100,64900,中性盘
911,10:08:28,6.48,-0.02,33,21384,卖盘
912,10:08:25,6.5,0.01,1,650,买盘
913,10:08:16,6.49,--,52,33748,买盘
914,10:08:10,6.49,--,32,20768,卖盘
915,10:08:07,6.49,--,10,6490,卖盘
916,10:07:49,6.49,--,1,649,卖盘
917,10:07:43,6.49,-0.01,1,649,卖盘
918,10:07:40,6.5,0.01,50,32500,买盘
919,10:07:31,6.49,-0.01,35,22715,卖盘
920,10:07:19,6.5,--,2,1300,买盘
921,10:07:07,6.5,--,711,462293,卖盘
922,10:07:01,6.5,--,100,65000,卖盘
923,10:06:58,6.5,-0.01,2,1300,卖盘
924,10:06:55,6.51,0.01,20,13020,中性盘
925,10:06:43,6.5,--,109,71350,卖盘
926,10:06:37,6.5,-0.01,1,650,卖盘
927,10:06:22,6.51,0.01,100,65100,买盘
928,10:06:19,6.5,--,1,650,卖盘
929,10:06:10,6.5,--,37,24050,卖盘
930,10:06:01,6.5,--,66,42900,卖盘
931,10:05:52,6.5,-0.01,20,13000,卖盘
932,10:05:46,6.51,--,23,14973,买盘
933,10:05:43,6.51,--,30,19530,买盘
934,10:05:40,6.51,--,10,6510,买盘
935,10:05:37,6.51,--,40,26040,买盘
936,10:05:25,6.51,--,9,5859,买盘
937,10:05:22,6.51,--,88,57288,卖盘
938,10:05:07,6.51,-0.01,31,20181,卖盘
939,10:04:49,6.52,0.02,1,652,买盘
940,10:04:43,6.5,-0.01,350,227500,卖盘
941,10:04:19,6.51,--,17,11067,卖盘
942,10:04:16,6.51,--,10,6510,卖盘
943,10:03:52,6.51,-0.01,150,97650,卖盘
944,10:03:22,6.52,--,114,74328,买盘
945,10:03:16,6.52,--,33,21516,买盘
946,10:03:13,6.52,--,75,48900,卖盘
947,10:03:07,6.52,--,10,6520,卖盘
948,10:02:43,6.52,0.01,39,25428,买盘
949,10:02:31,6.51,--,1,651,卖盘
950,10:02:28,6.51,-0.01,21,13671,卖盘
951,10:02:22,6.52,--,120,78240,卖盘
952,10:02:16,6.52,--,43,28035,卖盘
953,10:02:13,6.52,-0.01,22,14343,卖盘
954,10:02:10,6.53,0.01,1,653,买盘
955,10:01:37,6.52,--,7,4564,买盘
956,10:01:22,6.52,-0.01,13,8476,卖盘
957,10:01:19,6.53,0.01,6,3918,买盘
958,10:01:04,6.52,--,17,11084,买盘
959,10:00:49,6.52,--,63,41076,卖盘
960,10:00:28,6.52,--,1,652,卖盘
961,09:59:37,6.52,--,10,6520,卖盘
962,09:59:28,6.52,0.01,19,12388,买盘
963,09:59:22,6.51,--,20,13020,卖盘
964,09:59:19,6.51,-0.01,10,6510,卖盘
965,09:58:52,6.52,0.01,5,3260,买盘
966,09:58:49,6.51,-0.01,62,40362,卖盘
967,09:58:46,6.52,0.01,20,13040,买盘
968,09:58:43,6.51,-0.01,14,9114,卖盘
969,09:58:40,6.52,0.01,70,45640,买盘
970,09:58:34,6.51,--,6,3906,卖盘
971,09:58:22,6.51,--,20,13020,卖盘
972,09:58:19,6.51,--,5,3255,卖盘
973,09:58:13,6.51,--,71,46227,买盘
974,09:58:10,6.51,--,171,111321,买盘
975,09:57:58,6.51,--,196,128240,卖盘
976,09:57:46,6.51,--,7,4557,卖盘
977,09:57:43,6.51,--,66,42966,卖盘
978,09:57:19,6.51,-0.01,75,48825,卖盘
979,09:57:16,6.52,0.01,215,140180,买盘
980,09:57:13,6.51,--,0,6,卖盘
981,09:57:10,6.51,--,20,13020,卖盘
982,09:57:07,6.51,--,23,14973,卖盘
983,09:57:04,6.51,-0.01,23,14973,卖盘
984,09:57:01,6.52,0.01,32,20864,买盘
985,09:56:46,6.51,--,12,7812,卖盘
986,09:56:40,6.51,--,87,56637,卖盘
987,09:56:34,6.51,--,13,8463,卖盘
988,09:56:31,6.51,--,54,35154,卖盘
989,09:56:22,6.51,--,1,651,卖盘
990,09:56:16,6.51,-0.01,20,13020,卖盘
991,09:56:04,6.52,--,12,7823,买盘
992,09:55:52,6.52,--,15,9780,买盘
993,09:55:43,6.52,--,5,3260,买盘
994,09:55:40,6.52,--,70,45640,卖盘
995,09:55:31,6.52,-0.01,9,5868,卖盘
996,09:55:28,6.53,0.01,8,5224,买盘
997,09:55:07,6.52,--,35,22820,卖盘
998,09:55:04,6.52,--,32,20864,买盘
999,09:54:58,6.52,--,10,6520,买盘
1000,09:54:49,6.52,0.01,5,3260,买盘
1001,09:54:46,6.51,--,2,1302,卖盘
1002,09:54:31,6.51,0.01,15,9765,买盘
1003,09:54:19,6.5,--,21,13650,中性盘
1004,09:54:16,6.5,0.01,5,3250,买盘
1005,09:54:03,6.49,--,5,3245,卖盘
1006,09:53:54,6.49,0.02,30,19470,中性盘
1007,09:53:45,6.47,-0.03,346,223862,卖盘
1008,09:53:42,6.5,0.01,143,92976,买盘
1009,09:53:39,6.49,0.01,7,4543,买盘
1010,09:53:33,6.48,-0.01,34,22032,卖盘
1011,09:53:30,6.49,--,10,6490,买盘
1012,09:53:27,6.49,--,10,6490,买盘
1013,09:53:18,6.49,-0.01,5,3245,卖盘
1014,09:53:06,6.5,--,50,32500,买盘
1015,09:53:03,6.5,--,464,302224,卖盘
1016,09:53:00,6.5,-0.01,10,6526,卖盘
1017,09:52:57,6.51,--,100,65100,买盘
1018,09:52:54,6.51,--,29,18879,买盘
1019,09:52:48,6.51,--,139,90489,买盘
1020,09:52:45,6.51,-0.01,422,274722,卖盘
1021,09:52:33,6.52,-0.01,370,241239,卖盘
1022,09:52:18,6.53,--,5,3265,买盘
1023,09:51:57,6.53,--,27,17631,卖盘
1024,09:51:54,6.53,--,53,34609,卖盘
1025,09:51:51,6.53,--,1,653,卖盘
1026,09:51:42,6.53,-0.01,2,1306,卖盘
1027,09:51:36,6.54,0.01,20,13080,买盘
1028,09:51:33,6.53,--,80,52240,卖盘
1029,09:51:21,6.53,--,8,5224,卖盘
1030,09:51:06,6.53,--,39,25467,卖盘
1031,09:51:00,6.53,--,93,60729,买盘
1032,09:50:57,6.53,--,20,13060,买盘
1033,09:50:54,6.53,0.01,10,6530,买盘
1034,09:50:51,6.52,-0.01,16,10432,卖盘
1035,09:50:48,6.53,--,5,3265,买盘
1036,09:50:42,6.53,--,100,65300,买盘
1037,09:50:36,6.53,--,4,2612,卖盘
1038,09:50:30,6.53,--,80,52240,卖盘
1039,09:50:27,6.53,--,50,32650,卖盘
1040,09:50:21,6.53,--,22,14366,卖盘
1041,09:50:12,6.53,--,100,65300,卖盘
1042,09:50:03,6.53,--,80,52240,卖盘
1043,09:50:00,6.53,-0.01,300,195900,卖盘
1044,09:49:54,6.54,--,139,90906,卖盘
1045,09:49:48,6.54,--,40,26160,卖盘
1046,09:49:45,6.54,--,1,654,卖盘
1047,09:49:36,6.54,--,134,87636,卖盘
1048,09:49:33,6.54,--,147,96138,卖盘
1049,09:49:27,6.54,-0.01,34,22236,卖盘
1050,09:49:15,6.55,--,50,32750,卖盘
1051,09:48:54,6.55,--,20,13100,卖盘
1052,09:48:51,6.55,--,30,19650,卖盘
1053,09:48:48,6.55,--,10,6550,卖盘
1054,09:48:39,6.55,-0.01,5,3275,卖盘
1055,09:48:36,6.56,0.01,10,6560,买盘
1056,09:48:33,6.55,--,10,6550,卖盘
1057,09:48:18,6.55,--,100,65500,卖盘
1058,09:48:15,6.55,--,3,1965,卖盘
1059,09:48:12,6.55,--,34,22270,卖盘
1060,09:48:03,6.55,--,5,3275,卖盘
1061,09:48:00,6.55,--,52,34060,卖盘
1062,09:47:54,6.55,-0.01,83,54365,卖盘
1063,09:47:36,6.56,0.01,85,55760,买盘
1064,09:47:30,6.55,-0.01,1,655,卖盘
1065,09:47:24,6.56,0.01,19,12464,中性盘
1066,09:47:09,6.55,-0.01,2,1310,卖盘
1067,09:47:06,6.56,--,34,22304,买盘
1068,09:46:33,6.56,--,1,656,卖盘
1069,09:46:30,6.56,-0.01,10,6560,卖盘
1070,09:46:24,6.57,0.01,210,137970,买盘
1071,09:46:18,6.56,--,19,12988,卖盘
1072,09:46:15,6.56,--,102,66912,卖盘
1073,09:46:09,6.56,--,5,3280,卖盘
1074,09:46:03,6.56,--,50,32800,卖盘
1075,09:46:00,6.56,0.01,221,145107,买盘
1076,09:45:57,6.55,-0.01,250,163750,中性盘
1077,09:45:21,6.56,--,6,3935,买盘
1078,09:45:06,6.56,--,3,2492,卖盘
1079,09:44:48,6.56,0.01,10,6560,卖盘
1080,09:44:33,6.55,--,6,4061,买盘
1081,09:44:30,6.55,-0.01,793,519939,卖盘
1082,09:44:24,6.56,--,14,9184,卖盘
1083,09:44:18,6.56,--,1,787,卖盘
1084,09:44:15,6.56,--,10,6560,卖盘
1085,09:43:57,6.56,--,10,6560,卖盘
1086,09:43:42,6.56,--,49,32143,买盘
1087,09:43:21,6.56,--,7,4592,卖盘
1088,09:43:06,6.56,0.01,18,11808,买盘
1089,09:43:03,6.55,-0.01,50,32750,卖盘
1090,09:43:00,6.56,0.01,2,1312,买盘
1091,09:42:54,6.55,-0.01,37,24235,卖盘
1092,09:42:24,6.56,--,20,13120,买盘
1093,09:42:15,6.56,-0.02,197,129231,卖盘
1094,09:42:09,6.58,--,25,16450,买盘
1095,09:41:48,6.58,0.01,26,17108,买盘
1096,09:41:45,6.57,--,2,1314,卖盘
1097,09:41:36,6.57,--,1,657,卖盘
1098,09:41:33,6.57,--,50,32850,卖盘
1099,09:41:30,6.57,--,9,5913,卖盘
1100,09:41:12,6.57,-0.01,30,19710,卖盘
1101,09:41:09,6.58,--,2,1316,买盘
1102,09:41:00,6.58,--,4,2632,买盘
1103,09:40:54,6.58,0.01,25,16450,买盘
1104,09:40:45,6.57,--,1,657,卖盘
1105,09:40:36,6.57,--,3,1971,卖盘
1106,09:40:33,6.57,0.01,50,32850,中性盘
1107,09:40:24,6.56,-0.02,7,4592,卖盘
1108,09:40:21,6.58,0.01,52,34216,买盘
1109,09:40:15,6.57,--,122,80305,卖盘
1110,09:40:06,6.57,--,14,9198,卖盘
1111,09:40:03,6.57,--,21,13797,卖盘
1112,09:40:00,6.57,--,7,4599,卖盘
1113,09:39:57,6.57,-0.02,56,36792,卖盘
1114,09:39:54,6.59,0.01,10,6590,买盘
1115,09:39:51,6.58,--,65,42770,卖盘
1116,09:39:39,6.58,--,51,33558,卖盘
1117,09:39:33,6.58,--,30,19740,卖盘
1118,09:39:21,6.58,-0.01,30,19740,卖盘
1119,09:39:18,6.59,0.01,1,659,买盘
1120,09:39:06,6.58,--,30,19740,卖盘
1121,09:38:57,6.58,0.01,23,15134,买盘
1122,09:38:51,6.57,-0.01,3,1971,卖盘
1123,09:38:48,6.58,0.01,51,33558,买盘
1124,09:38:09,6.57,0.01,15,10360,买盘
1125,09:37:39,6.56,-0.01,140,91840,卖盘
1126,09:37:24,6.57,0.01,71,46647,买盘
1127,09:37:21,6.56,-0.01,1,656,卖盘
1128,09:37:15,6.57,0.01,10,6570,买盘
1129,09:36:57,6.56,--,30,19680,卖盘
1130,09:36:54,6.56,--,62,40672,买盘
1131,09:36:51,6.56,0.01,1,656,买盘
1132,09:36:48,6.55,--,15,9825,卖盘
1133,09:36:45,6.55,--,13,8515,卖盘
1134,09:36:39,6.55,--,10,6550,卖盘
1135,09:36:27,6.55,-0.01,15,9825,卖盘
1136,09:36:06,6.56,0.01,8,5248,中性盘
1137,09:35:30,6.55,--,15,9825,卖盘
1138,09:35:24,6.55,-0.02,51,33405,卖盘
1139,09:35:21,6.57,0.01,68,44676,买盘
1140,09:35:06,6.56,-0.01,10,6560,卖盘
1141,09:35:03,6.57,0.01,3,1971,买盘
1142,09:34:53,6.56,--,340,223040,卖盘
1143,09:34:41,6.56,-0.01,4,2624,卖盘
1144,09:34:38,6.57,0.01,10,6570,买盘
1145,09:34:29,6.56,--,1,656,卖盘
1146,09:34:26,6.56,0.01,109,71504,买盘
1147,09:34:08,6.55,--,10,6550,卖盘
1148,09:34:02,6.55,--,11,7205,中性盘
1149,09:33:44,6.55,0.01,50,32750,中性盘
1150,09:33:23,6.54,-0.02,1,654,卖盘
1151,09:32:53,6.56,0.01,8,5248,买盘
1152,09:32:50,6.55,--,3,1965,买盘
1153,09:32:44,6.55,-0.01,324,212220,卖盘
1154,09:32:38,6.56,--,73,47888,卖盘
1155,09:32:29,6.56,-0.01,10,6560,卖盘
1156,09:32:26,6.57,--,10,6570,卖盘
1157,09:32:20,6.57,--,51,33507,卖盘
1158,09:32:11,6.57,--,60,39420,卖盘
1159,09:32:08,6.57,--,7,4599,买盘
1160,09:31:59,6.57,0.01,20,13140,买盘
1161,09:31:50,6.56,--,40,26240,卖盘
1162,09:31:44,6.56,--,1,656,卖盘
1163,09:31:41,6.56,-0.01,2,1312,卖盘
1164,09:31:38,6.57,--,3,1971,买盘
1165,09:31:14,6.57,0.02,10,6570,中性盘
1166,09:30:59,6.55,-0.01,20,13100,卖盘
1167,09:30:53,6.56,--,1,656,卖盘
1168,09:30:50,6.56,--,7,4592,买盘
1169,09:30:41,6.56,0.01,60,39360,买盘
1170,09:30:32,6.55,--,30,19650,卖盘
1171,09:30:23,6.55,--,6,3930,买盘
1172,09:30:08,6.55,--,148,96940,买盘
1173,09:30:05,6.55,--,582,381210,买盘
1174,09:30:02,6.55,--,227,148685,卖盘
1175,09:25:35,6.55,--,0,0,卖盘
1176,09:25:05,6.55,6.55,160,104800,买盘
