,time,price,change,volume,amount,type
0,15:00:22,23.72,0.01,300,711600,卖盘
1,14:57:49,23.71,--,0,0,买盘
2,14:57:01,23.71,--,5,11855,卖盘
3,14:56:58,23.71,-0.04,8,18968,卖盘
4,14:56:52,23.75,0.04,389,923875,买盘
5,14:56:49,23.71,-0.04,2,4742,卖盘
6,14:56:46,23.75,0.04,415,985625,买盘
7,14:56:43,23.71,--,3,7113,卖盘
8,14:56:37,23.71,--,2,4742,卖盘
9,14:56:34,23.71,-0.03,16,37936,卖盘
10,14:56:22,23.74,0.03,25,59349,买盘
11,14:56:19,23.71,--,33,78243,卖盘
12,14:56:10,23.71,-0.03,3,7113,卖盘
13,14:56:07,23.74,0.03,2,4771,中性盘
14,14:56:04,23.71,--,5,11855,卖盘
15,14:55:58,23.71,-0.03,5,11855,卖盘
16,14:55:55,23.74,0.03,4,9496,买盘
17,14:55:49,23.71,-0.03,25,59275,卖盘
18,14:55:43,23.74,-0.02,3,7121,中性盘
19,14:55:31,23.76,--,33,78408,卖盘
20,14:55:28,23.76,--,258,613008,买盘
21,14:55:25,23.76,0.05,311,738936,买盘
22,14:55:10,23.71,0.01,20,47420,中性盘
23,14:55:07,23.7,-0.05,310,734700,卖盘
24,14:55:04,23.75,0.01,139,330125,买盘
25,14:54:58,23.74,0.02,168,398832,买盘
26,14:54:55,23.72,0.02,94,222968,买盘
27,14:54:49,23.7,--,5,11850,卖盘
28,14:54:43,23.7,-0.01,13,30810,卖盘
29,14:54:40,23.71,--,1,2371,买盘
30,14:54:31,23.71,0.01,3,7113,买盘
31,14:54:28,23.7,-0.01,3,7110,卖盘
32,14:54:25,23.71,0.01,10,23710,买盘
33,14:54:22,23.7,--,25,59250,卖盘
34,14:54:19,23.7,-0.01,2,4740,卖盘
35,14:54:07,23.71,0.01,14,33194,买盘
36,14:53:58,23.7,--,2,4740,卖盘
37,14:53:55,23.7,--,28,66360,买盘
38,14:53:46,23.7,--,100,237000,买盘
39,14:53:43,23.7,--,14,33180,买盘
40,14:53:40,23.7,--,10,23700,买盘
41,14:53:37,23.7,0.01,8,18960,买盘
42,14:53:34,23.69,0.01,40,94760,中性盘
43,14:53:25,23.68,-0.01,11,26048,卖盘
44,14:53:22,23.69,-0.01,2,4738,买盘
45,14:53:19,23.7,0.02,16,37920,买盘
46,14:53:16,23.68,--,420,994560,卖盘
47,14:53:10,23.68,-0.01,6,14208,卖盘
48,14:53:01,23.69,--,10,23690,买盘
49,14:52:58,23.69,--,14,33166,卖盘
50,14:52:49,23.69,--,1,2369,卖盘
51,14:52:40,23.69,-0.01,1,2369,卖盘
52,14:52:37,23.7,0.01,3,7110,买盘
53,14:52:34,23.69,--,9,21321,卖盘
54,14:52:31,23.69,--,1,2369,卖盘
55,14:52:28,23.69,--,20,47380,买盘
56,14:52:25,23.69,--,2,4738,买盘
57,14:52:22,23.69,0.01,1,2369,买盘
58,14:52:19,23.68,--,30,71040,卖盘
59,14:52:13,23.68,0.06,84,198912,买盘
60,14:51:55,23.62,0.01,20,47240,中性盘
61,14:51:49,23.61,--,5,11805,卖盘
62,14:51:31,23.61,--,7,16527,买盘
63,14:51:22,23.61,--,5,11805,买盘
64,14:51:19,23.61,--,10,23610,买盘
65,14:51:16,23.61,--,10,23610,买盘
66,14:51:13,23.61,-0.07,20,47220,卖盘
67,14:51:10,23.68,--,3,7104,买盘
68,14:51:01,23.68,--,1,2368,买盘
69,14:50:58,23.68,--,5,11840,买盘
70,14:50:43,23.68,--,12,28416,买盘
71,14:50:34,23.68,--,2,4736,卖盘
72,14:50:28,23.68,--,3,7104,卖盘
73,14:50:25,23.68,--,10,23680,买盘
74,14:50:07,23.68,-0.01,51,120768,买盘
75,14:50:04,23.69,0.15,7,16583,买盘
76,14:50:01,23.54,-0.15,2,4708,中性盘
77,14:49:55,23.69,0.16,13,30797,中性盘
78,14:49:49,23.53,--,2,4706,卖盘
79,14:49:46,23.53,-0.17,890,2094170,卖盘
80,14:49:31,23.7,--,5,12537,卖盘
81,14:49:28,23.7,-0.01,10,23700,卖盘
82,14:49:25,23.71,0.01,2,4742,买盘
83,14:49:13,23.7,-0.01,156,370336,卖盘
84,14:49:04,23.71,--,7,16597,卖盘
85,14:49:01,23.71,0.01,34,81680,买盘
86,14:48:58,23.7,--,2,4740,卖盘
87,14:48:55,23.7,-0.01,2,4740,卖盘
88,14:48:43,23.71,0.01,27,64017,买盘
89,14:48:40,23.7,--,13,30810,卖盘
90,14:48:31,23.7,--,2,4740,卖盘
91,14:48:22,23.7,-0.01,3,7110,卖盘
92,14:48:07,23.71,0.01,7,16597,买盘
93,14:48:04,23.7,-0.01,2,4740,卖盘
94,14:47:58,23.71,0.01,21,49791,买盘
95,14:47:49,23.7,--,3,7110,卖盘
96,14:47:46,23.7,-0.01,21,49770,卖盘
97,14:47:43,23.71,--,29,68759,买盘
98,14:47:34,23.71,0.01,20,47420,买盘
99,14:47:22,23.7,--,2,4740,卖盘
100,14:47:19,23.7,-0.01,1,2370,卖盘
101,14:47:13,23.71,0.01,9,21339,买盘
102,14:47:04,23.7,--,1,2370,卖盘
103,14:46:43,23.7,--,20,47400,卖盘
104,14:46:40,23.7,--,19,45030,卖盘
105,14:46:34,23.7,--,10,23700,卖盘
106,14:46:31,23.7,--,5,11850,卖盘
107,14:46:28,23.7,--,107,253590,买盘
108,14:46:25,23.7,--,4,9480,买盘
109,14:46:04,23.7,-0.01,25,59250,卖盘
110,14:46:01,23.71,0.01,15,35565,买盘
111,14:45:58,23.7,--,20,47400,卖盘
112,14:45:55,23.7,--,9,21330,卖盘
113,14:45:49,23.7,-0.01,7,16590,卖盘
114,14:45:46,23.71,0.01,3,7113,买盘
115,14:45:43,23.7,--,72,170640,卖盘
116,14:45:37,23.7,--,18,42660,卖盘
117,14:45:34,23.7,--,10,23700,卖盘
118,14:45:31,23.7,-0.01,15,35550,卖盘
119,14:45:22,23.71,0.01,3,7113,买盘
120,14:45:07,23.7,-0.01,10,23700,卖盘
121,14:45:04,23.71,--,8,18968,买盘
122,14:44:49,23.71,--,1,2371,买盘
123,14:44:46,23.71,--,1,2371,卖盘
124,14:44:43,23.71,--,7,16597,卖盘
125,14:44:40,23.71,--,18,42678,买盘
126,14:44:34,23.71,--,6,14226,买盘
127,14:44:28,23.71,-0.01,17,40307,卖盘
128,14:44:22,23.72,0.01,23,54556,买盘
129,14:44:13,23.71,--,10,23710,卖盘
130,14:44:10,23.71,--,5,11855,卖盘
131,14:43:52,23.71,--,3,7113,买盘
132,14:43:46,23.71,--,15,35565,买盘
133,14:43:43,23.71,--,11,26081,买盘
134,14:43:37,23.71,0.01,11,26081,买盘
135,14:43:25,23.7,-0.01,45,106650,卖盘
136,14:43:22,23.71,0.01,10,23710,买盘
137,14:43:07,23.7,--,6,14220,买盘
138,14:42:55,23.7,--,3,7110,买盘
139,14:42:46,23.7,0.02,100,237000,买盘
140,14:42:18,23.68,0.01,9,21312,买盘
141,14:42:03,23.67,-0.03,3,7101,卖盘
142,14:42:00,23.7,0.02,100,237000,买盘
143,14:41:57,23.68,--,9,21312,卖盘
144,14:41:45,23.68,--,2,4736,卖盘
145,14:41:42,23.68,0.01,2,4736,中性盘
146,14:41:36,23.67,-0.01,24,56808,卖盘
147,14:41:33,23.68,0.01,4,9472,中性盘
148,14:41:30,23.67,-0.02,48,113616,卖盘
149,14:41:27,23.69,0.02,59,139771,买盘
150,14:41:18,23.67,--,2,4734,卖盘
151,14:41:15,23.67,--,12,28404,卖盘
152,14:41:12,23.67,-0.01,2,4734,卖盘
153,14:41:09,23.68,0.01,44,104192,买盘
154,14:41:03,23.67,-0.01,2,4734,卖盘
155,14:41:00,23.68,--,2,4736,卖盘
156,14:40:57,23.68,--,2,4736,卖盘
157,14:40:54,23.68,--,2,4736,卖盘
158,14:40:39,23.68,0.01,5,11840,买盘
159,14:40:33,23.67,-0.01,4,9468,卖盘
160,14:40:27,23.68,--,10,23680,买盘
161,14:40:18,23.68,--,7,16576,买盘
162,14:40:15,23.68,-0.01,9,21312,卖盘
163,14:40:12,23.69,--,13,30797,买盘
164,14:40:00,23.69,0.02,3,7107,买盘
165,14:39:57,23.67,-0.01,2,4734,卖盘
166,14:39:54,23.68,--,16,37888,买盘
167,14:39:51,23.68,--,8,19157,买盘
168,14:39:45,23.68,0.01,1,2368,买盘
169,14:39:42,23.67,-0.01,5,11835,卖盘
170,14:39:39,23.68,-0.01,65,153920,卖盘
171,14:39:24,23.69,-0.01,8,18952,卖盘
172,14:39:21,23.7,0.01,1,2370,买盘
173,14:39:18,23.69,0.01,2,4738,中性盘
174,14:39:12,23.68,-0.02,9,21312,卖盘
175,14:39:09,23.7,0.02,106,251220,买盘
176,14:39:03,23.68,--,5,11840,卖盘
177,14:38:57,23.68,-0.01,30,71040,卖盘
178,14:38:48,23.69,0.01,1,2369,买盘
179,14:38:45,23.68,--,53,125504,买盘
180,14:38:36,23.68,--,3,7104,买盘
181,14:38:21,23.68,0.01,7,16576,买盘
182,14:38:18,23.67,-0.01,9,21303,卖盘
183,14:38:12,23.68,--,5,11840,买盘
184,14:38:03,23.68,-0.01,45,106560,买盘
185,14:37:51,23.69,0.02,3,7107,买盘
186,14:37:48,23.67,-0.02,2,4734,卖盘
187,14:37:45,23.69,0.01,50,118450,买盘
188,14:37:42,23.68,--,4,9472,买盘
189,14:37:36,23.68,-0.01,1,2368,卖盘
190,14:37:27,23.69,0.01,6,14214,买盘
191,14:37:09,23.68,-0.01,17,40256,卖盘
192,14:37:03,23.69,0.01,3,7107,买盘
193,14:37:00,23.68,--,3,7932,买盘
194,14:36:57,23.68,--,17,40256,买盘
195,14:36:54,23.68,--,10,23680,买盘
196,14:36:51,23.68,-0.01,1,3907,卖盘
197,14:36:36,23.69,--,1,2369,买盘
198,14:36:33,23.69,0.01,2,4738,买盘
199,14:36:27,23.68,--,2,4736,卖盘
200,14:36:24,23.68,--,2,5564,买盘
201,14:36:18,23.68,--,7,18115,卖盘
202,14:36:00,23.68,--,4,9472,卖盘
203,14:35:57,23.68,--,2,4736,卖盘
204,14:35:54,23.68,-0.01,5,11840,卖盘
205,14:35:51,23.69,-0.01,2,4738,卖盘
206,14:35:42,23.7,--,1,2370,买盘
207,14:35:39,23.7,--,34,80580,买盘
208,14:35:36,23.7,0.01,13,30810,买盘
209,14:35:33,23.69,--,6,15043,卖盘
210,14:35:30,23.69,--,9,21321,卖盘
211,14:35:21,23.69,--,11,26059,卖盘
212,14:35:18,23.69,--,9,21321,买盘
213,14:35:15,23.69,0.02,1,2369,买盘
214,14:34:54,23.67,-0.01,20,47340,卖盘
215,14:34:45,23.68,0.01,17,40256,买盘
216,14:34:42,23.67,0.01,27,63909,买盘
217,14:34:36,23.66,0.01,2,4732,卖盘
218,14:34:33,23.65,--,2,4730,中性盘
219,14:34:30,23.65,--,10,23650,卖盘
220,14:34:24,23.65,-0.02,53,125344,卖盘
221,14:34:18,23.67,0.01,108,255636,买盘
222,14:34:15,23.66,0.01,1,2366,买盘
223,14:34:09,23.65,--,41,96965,卖盘
224,14:34:03,23.65,--,35,82775,买盘
225,14:33:51,23.65,0.02,2,4730,买盘
226,14:33:48,23.63,--,34,80342,买盘
227,14:33:45,23.63,0.01,167,394621,买盘
228,14:33:33,23.62,--,55,129910,买盘
229,14:33:30,23.62,0.01,10,23620,买盘
230,14:33:21,23.61,-0.01,10,23610,卖盘
231,14:33:18,23.62,0.01,1,2362,买盘
232,14:33:09,23.61,--,52,122772,买盘
233,14:32:48,23.61,--,1,2361,买盘
234,14:32:42,23.61,0.01,5,11805,中性盘
235,14:32:33,23.6,--,5,11800,卖盘
236,14:32:21,23.6,-0.01,69,162840,卖盘
237,14:32:18,23.61,--,14,33054,买盘
238,14:32:15,23.61,0.01,1,2361,买盘
239,14:32:12,23.6,--,16,37760,卖盘
240,14:32:06,23.6,--,4,9440,卖盘
241,14:32:03,23.6,--,1,2360,卖盘
242,14:32:00,23.6,-0.01,34,80240,卖盘
243,14:31:57,23.61,0.01,3,7083,买盘
244,14:31:54,23.6,-0.01,4,9440,卖盘
245,14:31:51,23.61,0.01,1,2361,买盘
246,14:31:48,23.6,--,11,25960,卖盘
247,14:31:27,23.6,-0.01,18,42480,卖盘
248,14:31:24,23.61,--,6,14166,卖盘
249,14:31:21,23.61,--,2,4722,卖盘
250,14:31:18,23.61,--,18,42498,卖盘
251,14:31:06,23.61,--,1,2361,卖盘
252,14:31:03,23.61,0.01,33,77913,买盘
253,14:30:39,23.6,--,11,25960,卖盘
254,14:30:36,23.6,-0.01,2,4720,卖盘
255,14:30:30,23.61,--,5,11805,买盘
256,14:30:15,23.61,--,4,9444,卖盘
257,14:30:09,23.61,--,3,7083,卖盘
258,14:30:06,23.61,--,1,2361,卖盘
259,14:30:03,23.61,--,2,4722,卖盘
260,14:29:57,23.61,-0.01,2,4722,卖盘
261,14:29:54,23.62,--,4,9448,买盘
262,14:29:45,23.62,0.01,10,23620,买盘
263,14:29:39,23.61,-0.01,10,23610,卖盘
264,14:29:36,23.62,--,1,2362,买盘
265,14:29:18,23.62,0.01,34,80308,买盘
266,14:29:06,23.61,--,5,11805,买盘
267,14:28:57,23.61,0.01,27,63747,买盘
268,14:28:54,23.6,--,16,37760,卖盘
269,14:28:51,23.6,-0.01,4,9440,卖盘
270,14:28:39,23.61,0.02,1,2361,买盘
271,14:28:33,23.59,--,2,4718,卖盘
272,14:28:30,23.59,--,6,14696,卖盘
273,14:28:27,23.59,--,25,58975,卖盘
274,14:28:12,23.59,--,15,35385,卖盘
275,14:28:09,23.59,-0.01,1,2359,卖盘
276,14:28:06,23.6,--,1,2360,买盘
277,14:28:00,23.6,0.01,13,30680,买盘
278,14:27:57,23.59,-0.01,1,2359,卖盘
279,14:27:36,23.6,0.01,14,33040,买盘
280,14:27:30,23.59,-0.01,4,9436,卖盘
281,14:27:06,23.6,0.01,1,2360,买盘
282,14:27:03,23.59,-0.01,6,15333,卖盘
283,14:26:54,23.6,0.02,24,56640,买盘
284,14:26:45,23.58,--,2,4881,买盘
285,14:26:42,23.58,--,1,2358,买盘
286,14:26:39,23.58,--,24,58784,卖盘
287,14:26:33,23.58,--,3,7239,卖盘
288,14:26:27,23.58,-0.01,2,4716,卖盘
289,14:26:15,23.59,--,10,23590,买盘
290,14:26:12,23.59,--,9,21231,买盘
291,14:26:09,23.59,--,2,4718,买盘
292,14:26:06,23.59,--,26,61334,买盘
293,14:25:45,23.59,0.01,90,212310,买盘
294,14:25:42,23.58,--,2,4716,买盘
295,14:25:36,23.58,--,1,2358,买盘
296,14:25:33,23.58,0.01,1,2358,买盘
297,14:25:27,23.57,--,11,25927,卖盘
298,14:25:18,23.57,0.01,5,11785,买盘
299,14:25:12,23.56,--,10,23560,卖盘
300,14:24:39,23.56,--,10,23560,卖盘
301,14:24:33,23.56,--,11,25916,卖盘
302,14:24:24,23.56,--,1,2356,卖盘
303,14:24:21,23.56,--,36,84816,买盘
304,14:24:18,23.56,--,10,23560,买盘
305,14:24:15,23.56,0.01,24,56544,买盘
306,14:24:06,23.55,-0.01,13,30615,卖盘
307,14:24:03,23.56,0.01,30,70680,买盘
308,14:23:56,23.55,--,4,9420,卖盘
309,14:23:50,23.55,--,2,4710,卖盘
310,14:23:44,23.55,--,16,37680,卖盘
311,14:23:41,23.55,--,32,75360,卖盘
312,14:23:38,23.55,--,50,117750,卖盘
313,14:23:26,23.55,-0.01,10,23550,卖盘
314,14:23:23,23.56,-0.01,12,28272,卖盘
315,14:23:17,23.57,--,60,141420,买盘
316,14:23:11,23.57,0.01,5,11785,买盘
317,14:23:05,23.56,--,76,179056,卖盘
318,14:22:53,23.56,--,27,63612,卖盘
319,14:22:44,23.56,-0.01,4,9424,卖盘
320,14:22:29,23.57,--,13,30641,买盘
321,14:22:26,23.57,0.01,7,16499,买盘
322,14:22:23,23.56,--,110,259160,卖盘
323,14:22:17,23.56,-0.01,7,16492,卖盘
324,14:22:05,23.57,--,11,25927,卖盘
325,14:22:02,23.57,--,5,11785,卖盘
326,14:21:59,23.57,--,30,70710,卖盘
327,14:21:56,23.57,--,63,148491,卖盘
328,14:21:53,23.57,-0.01,95,223915,卖盘
329,14:21:50,23.58,0.01,61,143838,买盘
330,14:21:47,23.57,--,20,47140,卖盘
331,14:21:41,23.57,--,1,2357,卖盘
332,14:21:38,23.57,--,10,23570,卖盘
333,14:21:26,23.57,-0.01,1,2357,卖盘
334,14:21:23,23.58,0.01,14,33012,买盘
335,14:21:20,23.57,--,30,70710,卖盘
336,14:21:14,23.57,-0.01,7,16499,卖盘
337,14:21:08,23.58,--,37,87246,卖盘
338,14:21:02,23.58,--,20,47160,卖盘
339,14:20:59,23.58,--,14,33012,卖盘
340,14:20:53,23.58,--,134,315972,卖盘
341,14:20:47,23.58,--,2,4716,卖盘
342,14:20:44,23.58,--,2,4716,卖盘
343,14:20:38,23.58,--,2,4716,卖盘
344,14:20:35,23.58,-0.01,2,4716,卖盘
345,14:20:32,23.59,--,3,7077,卖盘
346,14:20:26,23.59,-0.01,200,471800,卖盘
347,14:20:14,23.6,--,39,93574,卖盘
348,14:20:11,23.6,--,20,47200,卖盘
349,14:20:05,23.6,-0.01,185,437426,卖盘
350,14:19:59,23.61,0.01,7,16527,买盘
351,14:19:50,23.6,-0.01,2,4720,卖盘
352,14:19:47,23.61,0.01,11,25971,买盘
353,14:19:44,23.6,-0.01,93,219480,卖盘
354,14:19:41,23.61,-0.01,11,25971,卖盘
355,14:19:35,23.62,--,106,250372,买盘
356,14:19:32,23.62,0.01,5,11810,买盘
357,14:19:29,23.61,--,152,358872,卖盘
358,14:19:23,23.61,-0.01,15,35415,卖盘
359,14:19:17,23.62,--,16,37792,卖盘
360,14:19:05,23.62,-0.01,12,28344,卖盘
361,14:19:02,23.63,0.01,10,23630,买盘
362,14:18:56,23.62,--,2,4724,卖盘
363,14:18:53,23.62,0.01,12,28344,买盘
364,14:18:44,23.61,--,2,4722,卖盘
365,14:18:41,23.61,--,22,51942,卖盘
366,14:18:32,23.61,--,2,4722,卖盘
367,14:18:26,23.61,--,2,4722,卖盘
368,14:17:56,23.61,-0.01,51,120411,卖盘
369,14:17:44,23.62,-0.01,2,4724,卖盘
370,14:17:41,23.63,0.01,2,4726,买盘
371,14:17:29,23.62,--,1,2362,卖盘
372,14:17:23,23.62,-0.01,28,66136,卖盘
373,14:17:17,23.63,0.01,5,11815,买盘
374,14:17:14,23.62,--,1,2362,卖盘
375,14:17:08,23.62,--,13,30706,卖盘
376,14:16:59,23.62,--,1,2362,卖盘
377,14:16:53,23.62,--,2,4724,卖盘
378,14:16:41,23.62,-0.01,2,4724,卖盘
379,14:16:38,23.63,0.01,12,28356,买盘
380,14:16:35,23.62,-0.01,10,23620,卖盘
381,14:16:20,23.63,0.01,1,2363,买盘
382,14:16:17,23.62,-0.01,5,11810,卖盘
383,14:16:14,23.63,--,5,11815,买盘
384,14:15:59,23.63,0.01,2,4726,买盘
385,14:15:56,23.62,-0.01,40,94480,卖盘
386,14:15:50,23.63,0.01,15,35445,买盘
387,14:15:44,23.62,-0.01,51,120462,卖盘
388,14:15:41,23.63,0.01,1,2363,买盘
389,14:15:38,23.62,-0.01,5,11810,卖盘
390,14:15:26,23.63,0.01,1,2363,买盘
391,14:15:17,23.62,-0.01,1,2362,卖盘
392,14:15:05,23.63,--,9,21267,买盘
393,14:15:02,23.63,--,2,4726,卖盘
394,14:14:53,23.63,0.01,8,18904,买盘
395,14:14:38,23.62,-0.01,3,7086,卖盘
396,14:14:32,23.63,0.01,1,2363,买盘
397,14:14:29,23.62,-0.01,7,16534,卖盘
398,14:14:26,23.63,0.01,10,23630,买盘
399,14:14:20,23.62,--,6,14172,卖盘
400,14:14:17,23.62,--,15,35430,卖盘
401,14:14:11,23.62,-0.01,5,11810,卖盘
402,14:13:47,23.63,0.01,2,4726,买盘
403,14:13:35,23.62,-0.01,5,11810,卖盘
404,14:13:26,23.63,0.01,9,21267,买盘
405,14:13:20,23.62,-0.01,2,4724,卖盘
406,14:13:14,23.63,0.01,10,23630,买盘
407,14:13:11,23.62,--,3,7251,卖盘
408,14:13:05,23.62,--,53,125186,卖盘
409,14:12:59,23.62,-0.01,5,11810,卖盘
410,14:12:53,23.63,--,4,9452,中性盘
411,14:12:44,23.63,--,2,4726,买盘
412,14:12:38,23.63,--,10,23630,买盘
413,14:12:29,23.63,-0.02,15,35445,卖盘
414,14:12:17,23.65,--,10,23650,买盘
415,14:12:08,23.65,--,14,33110,买盘
416,14:11:50,23.65,0.02,10,23650,中性盘
417,14:11:41,23.63,-0.02,17,40171,卖盘
418,14:11:35,23.65,0.02,79,188868,买盘
419,14:11:32,23.63,-0.02,16,37808,卖盘
420,14:11:17,23.65,0.02,1,2365,买盘
421,14:11:02,23.63,--,2,4726,卖盘
422,14:10:56,23.63,-0.02,5,11815,卖盘
423,14:10:35,23.65,--,1,2365,买盘
424,14:10:32,23.65,0.01,10,23650,买盘
425,14:10:26,23.64,-0.01,16,38698,中性盘
426,14:10:05,23.65,0.02,2,4730,买盘
427,14:09:59,23.63,--,97,229211,买盘
428,14:09:56,23.63,--,10,23630,买盘
429,14:09:47,23.63,0.01,1,2363,买盘
430,14:09:44,23.62,-0.01,85,200770,卖盘
431,14:09:41,23.63,--,7,16541,买盘
432,14:09:35,23.63,0.01,5,11815,买盘
433,14:09:20,23.62,--,10,23620,卖盘
434,14:09:14,23.62,-0.01,12,28344,卖盘
435,14:09:05,23.63,0.01,10,23630,买盘
436,14:08:59,23.62,--,5,11810,卖盘
437,14:08:56,23.62,--,1,2362,卖盘
438,14:08:53,23.62,--,21,49602,卖盘
439,14:08:50,23.62,--,16,37792,卖盘
440,14:08:44,23.62,-0.01,4,9448,卖盘
441,14:08:38,23.63,--,1,2363,买盘
442,14:08:35,23.63,--,1,2363,买盘
443,14:08:29,23.63,--,1,2363,买盘
444,14:08:20,23.63,0.01,12,28356,买盘
445,14:08:17,23.62,--,9,21258,卖盘
446,14:08:11,23.62,--,5,11810,卖盘
447,14:08:08,23.62,--,2,4724,卖盘
448,14:07:59,23.62,--,22,51964,卖盘
449,14:07:50,23.62,--,2,4724,卖盘
450,14:07:44,23.62,--,15,36469,卖盘
451,14:07:41,23.62,--,7,16534,卖盘
452,14:07:35,23.62,--,3,7086,卖盘
453,14:07:32,23.62,--,9,21258,卖盘
454,14:07:29,23.62,--,40,94480,卖盘
455,14:07:23,23.62,-0.02,3,7086,卖盘
456,14:07:14,23.64,0.02,8,18912,买盘
457,14:07:05,23.62,--,7,16534,卖盘
458,14:06:56,23.62,0.01,4,9448,中性盘
459,14:06:50,23.61,--,30,70830,卖盘
460,14:06:47,23.61,--,20,47220,卖盘
461,14:06:44,23.61,--,2,4722,卖盘
462,14:06:41,23.61,--,4,9444,卖盘
463,14:06:38,23.61,--,2,4722,卖盘
464,14:06:26,23.61,--,7,16527,卖盘
465,14:06:17,23.61,-0.04,6,14166,卖盘
466,14:06:11,23.65,0.05,10,23650,中性盘
467,14:05:56,23.6,--,4,9440,卖盘
468,14:05:50,23.6,--,4,9440,卖盘
469,14:05:44,23.6,--,6,14160,卖盘
470,14:05:38,23.6,--,6,14160,卖盘
471,14:05:35,23.6,--,6,14160,卖盘
472,14:05:32,23.6,-0.01,4,9440,卖盘
473,14:05:26,23.61,--,22,51942,卖盘
474,14:05:20,23.61,--,5,11805,卖盘
475,14:05:16,23.61,-0.05,12,28332,卖盘
476,14:05:07,23.66,0.01,20,47320,买盘
477,14:05:01,23.65,--,61,144265,卖盘
478,14:04:58,23.65,--,2,4730,卖盘
479,14:04:34,23.65,--,1,2365,卖盘
480,14:04:31,23.65,--,7,16555,卖盘
481,14:04:22,23.65,0.05,1,2365,买盘
482,14:04:16,23.6,-0.03,230,542800,卖盘
483,14:03:55,23.63,--,3,7089,卖盘
484,14:03:46,23.63,--,6,14178,卖盘
485,14:03:25,23.63,-0.02,5,11815,卖盘
486,14:03:22,23.65,--,9,21285,买盘
487,14:03:19,23.65,--,3,7095,买盘
488,14:03:16,23.65,--,2,4730,买盘
489,14:03:04,23.65,-0.01,1,2365,买盘
490,14:02:52,23.66,0.01,1,2366,买盘
491,14:02:43,23.65,0.02,21,49665,买盘
492,14:02:37,23.63,--,2,4726,卖盘
493,14:02:34,23.63,0.01,2,4726,买盘
494,14:02:31,23.62,0.01,5,11810,卖盘
495,14:01:52,23.61,-0.02,20,47220,卖盘
496,14:01:25,23.63,--,10,23630,卖盘
497,14:01:22,23.63,--,26,61438,卖盘
498,14:01:16,23.63,-0.02,30,70890,卖盘
499,14:00:55,23.65,-0.01,74,177209,卖盘
500,14:00:52,23.66,0.01,10,23660,买盘
501,14:00:49,23.65,--,1,2365,卖盘
502,14:00:40,23.65,--,10,23650,卖盘
503,14:00:37,23.65,--,4,9460,卖盘
504,14:00:34,23.65,-0.01,53,125344,卖盘
505,14:00:22,23.66,0.01,11,26026,买盘
506,14:00:16,23.65,--,5,11825,卖盘
507,14:00:04,23.65,--,2,4730,卖盘
508,14:00:01,23.65,--,4,9460,卖盘
509,13:59:58,23.65,--,4,9460,卖盘
510,13:59:55,23.65,--,10,23650,卖盘
511,13:59:52,23.65,--,22,52030,卖盘
512,13:59:49,23.65,--,47,111320,卖盘
513,13:59:43,23.65,-0.01,6,14190,卖盘
514,13:59:40,23.66,--,2,4732,买盘
515,13:59:28,23.66,-0.01,58,137228,卖盘
516,13:59:25,23.67,--,3,7101,卖盘
517,13:59:22,23.67,0.01,6,14202,中性盘
518,13:59:19,23.66,-0.02,10,23660,卖盘
519,13:59:10,23.68,0.01,50,118400,买盘
520,13:58:52,23.67,--,4,9468,卖盘
521,13:58:52,23.67,--,28,66276,卖盘
522,13:58:46,23.67,-0.01,2,4734,卖盘
523,13:58:40,23.68,--,1,2368,买盘
524,13:58:37,23.68,--,6,14208,卖盘
525,13:58:22,23.68,--,5,11840,卖盘
526,13:58:16,23.68,-0.02,10,23680,卖盘
527,13:58:04,23.7,0.02,16,37920,买盘
528,13:58:01,23.68,-0.02,2,4736,卖盘
529,13:57:58,23.7,-0.01,33,78210,卖盘
530,13:57:55,23.71,0.01,13,30823,买盘
531,13:57:40,23.7,--,3,7110,卖盘
532,13:57:22,23.7,--,2,4740,卖盘
533,13:57:10,23.7,--,10,23700,卖盘
534,13:56:55,23.7,--,2,4740,卖盘
535,13:56:49,23.7,--,18,42660,卖盘
536,13:56:43,23.7,-0.01,10,23700,卖盘
537,13:56:40,23.71,--,13,30823,买盘
538,13:56:34,23.71,0.01,4,9484,买盘
539,13:56:31,23.7,-0.01,1,2370,卖盘
540,13:56:25,23.71,-0.02,5,11855,卖盘
541,13:56:19,23.73,0.02,6,14238,买盘
542,13:56:16,23.71,--,10,23710,卖盘
543,13:55:55,23.71,--,6,14226,卖盘
544,13:55:46,23.71,--,9,21339,卖盘
545,13:55:28,23.71,--,6,14226,卖盘
546,13:55:19,23.71,--,6,14226,买盘
547,13:55:16,23.71,0.01,3,7113,买盘
548,13:55:01,23.7,-0.01,23,54510,买盘
549,13:54:52,23.71,0.01,1,2371,买盘
550,13:54:49,23.7,0.02,1,2370,买盘
551,13:54:46,23.68,-0.02,5,11840,卖盘
552,13:54:40,23.7,0.02,10,23700,买盘
553,13:54:37,23.68,-0.02,2,4736,卖盘
554,13:54:16,23.7,--,3,7110,买盘
555,13:54:13,23.7,-0.07,2,4740,中性盘
556,13:53:55,23.77,0.07,284,675068,买盘
557,13:53:52,23.7,-0.05,11,26070,卖盘
558,13:53:49,23.75,0.05,70,166250,买盘
559,13:53:46,23.7,-0.05,10,23700,卖盘
560,13:53:40,23.75,0.07,150,356250,买盘
561,13:53:19,23.68,-0.04,4,9472,卖盘
562,13:53:13,23.72,0.04,20,47440,买盘
563,13:53:07,23.68,-0.02,2,4736,卖盘
564,13:53:04,23.7,--,10,23700,卖盘
565,13:52:58,23.7,--,2,4740,卖盘
566,13:52:55,23.7,--,2,4740,卖盘
567,13:52:46,23.7,-0.02,1,2370,卖盘
568,13:52:37,23.72,0.02,1,2372,买盘
569,13:52:31,23.7,--,2,4740,卖盘
570,13:52:28,23.7,-0.02,6,14220,卖盘
571,13:52:25,23.72,--,2,4744,买盘
572,13:52:22,23.72,0.02,2,4744,买盘
573,13:52:19,23.7,--,2,4740,卖盘
574,13:52:10,23.7,--,4,9480,卖盘
575,13:52:07,23.7,-0.02,5,11850,卖盘
576,13:52:01,23.72,0.02,62,147064,买盘
577,13:51:58,23.7,--,2,4740,卖盘
578,13:51:55,23.7,--,2,4740,卖盘
579,13:51:52,23.7,--,4,9480,卖盘
580,13:51:43,23.7,--,4,9480,卖盘
581,13:51:40,23.7,--,2,4740,卖盘
582,13:51:37,23.7,--,2,4740,卖盘
583,13:51:34,23.7,--,2,4740,卖盘
584,13:51:31,23.7,--,2,4740,卖盘
585,13:51:25,23.7,--,14,33180,买盘
586,13:51:19,23.7,--,18,42660,买盘
587,13:51:04,23.7,--,32,75840,买盘
588,13:51:01,23.7,--,1,2370,买盘
589,13:50:52,23.7,--,18,42660,买盘
590,13:50:28,23.7,--,1,2370,买盘
591,13:50:25,23.7,0.01,3,7110,买盘
592,13:50:19,23.69,-0.01,1,2369,卖盘
593,13:49:46,23.7,--,5,11850,买盘
594,13:49:25,23.7,0.01,1,2370,买盘
595,13:49:22,23.69,-0.01,19,45011,卖盘
596,13:49:19,23.7,--,20,47400,买盘
597,13:49:10,23.7,--,11,26070,买盘
598,13:49:01,23.7,--,1,2370,买盘
599,13:48:58,23.7,--,21,49770,买盘
600,13:48:34,23.7,-0.02,25,59250,卖盘
601,13:48:25,23.72,0.02,26,61672,中性盘
602,13:48:16,23.7,-0.01,41,97170,卖盘
603,13:48:13,23.71,-0.01,47,111437,卖盘
604,13:48:01,23.72,-0.01,1,2372,卖盘
605,13:47:37,23.73,-0.01,1,2373,卖盘
606,13:47:34,23.74,0.01,4,9496,买盘
607,13:47:31,23.73,-0.01,3,7119,卖盘
608,13:47:25,23.74,--,1,2374,买盘
609,13:47:16,23.74,--,32,78175,卖盘
610,13:47:13,23.74,--,100,237399,卖盘
611,13:47:07,23.74,--,111,263514,卖盘
612,13:47:01,23.74,--,11,26114,卖盘
613,13:46:52,23.74,0.01,112,265888,买盘
614,13:46:49,23.73,-0.01,12,28476,卖盘
615,13:46:46,23.74,--,1,2374,买盘
616,13:46:43,23.74,--,20,47480,买盘
617,13:46:40,23.74,--,20,47480,买盘
618,13:46:34,23.74,0.01,4,9496,买盘
619,13:46:31,23.73,--,11,26269,卖盘
620,13:46:28,23.73,--,1,2373,卖盘
621,13:46:22,23.73,0.02,15,35595,买盘
622,13:46:10,23.71,0.01,17,40307,买盘
623,13:46:07,23.7,0.02,3,7110,卖盘
624,13:46:01,23.68,-0.02,20,47360,卖盘
625,13:45:58,23.7,0.01,282,668340,买盘
626,13:45:51,23.69,--,30,71070,买盘
627,13:45:33,23.69,--,1,2369,买盘
628,13:45:30,23.69,0.02,20,47380,买盘
629,13:45:12,23.67,-0.02,1,2367,中性盘
630,13:45:06,23.69,0.03,50,118450,买盘
631,13:45:03,23.66,--,1,2366,卖盘
632,13:44:21,23.66,-0.03,13,30758,卖盘
633,13:44:15,23.69,0.03,200,473800,买盘
634,13:44:06,23.66,--,2,4732,卖盘
635,13:44:03,23.66,-0.01,1,2366,卖盘
636,13:43:36,23.67,0.01,14,33138,买盘
637,13:43:24,23.66,-0.01,6,14196,卖盘
638,13:43:06,23.67,--,71,168057,卖盘
639,13:42:57,23.67,--,20,47340,卖盘
640,13:42:51,23.67,--,78,184626,卖盘
641,13:42:45,23.67,-0.01,1,2367,卖盘
642,13:42:42,23.68,0.01,7,16576,买盘
643,13:42:39,23.67,-0.01,2,4734,卖盘
644,13:42:36,23.68,--,15,35520,买盘
645,13:42:27,23.68,--,30,71040,买盘
646,13:42:18,23.68,0.01,5,11840,买盘
647,13:42:15,23.67,-0.01,1,2367,卖盘
648,13:42:03,23.68,--,20,47360,卖盘
649,13:41:57,23.68,0.01,1,2368,买盘
650,13:41:45,23.67,-0.01,61,144387,卖盘
651,13:41:33,23.68,0.01,30,71040,买盘
652,13:41:30,23.67,0.01,79,186993,买盘
653,13:41:24,23.66,-0.01,10,23660,卖盘
654,13:41:18,23.67,--,3,7101,买盘
655,13:41:09,23.67,--,9,21303,中性盘
656,13:40:54,23.67,--,5,11835,买盘
657,13:40:48,23.67,--,20,47340,买盘
658,13:40:42,23.67,--,9,21303,买盘
659,13:40:30,23.67,0.01,1,2367,买盘
660,13:40:27,23.66,-0.01,20,47320,中性盘
661,13:40:24,23.67,--,14,33138,买盘
662,13:40:21,23.67,--,21,49707,买盘
663,13:40:18,23.67,--,206,487602,买盘
664,13:40:15,23.67,--,4,9468,买盘
665,13:40:12,23.67,--,15,35505,买盘
666,13:40:09,23.67,0.01,5,11835,买盘
667,13:40:06,23.66,-0.01,10,23660,卖盘
668,13:39:57,23.67,--,10,23670,买盘
669,13:39:48,23.67,--,7,16569,买盘
670,13:39:45,23.67,0.02,10,23670,中性盘
671,13:39:33,23.65,--,3,7095,卖盘
672,13:39:27,23.65,--,3,7095,买盘
673,13:39:21,23.65,--,22,52030,买盘
674,13:39:09,23.65,0.01,1,2365,买盘
675,13:39:00,23.64,0.01,77,182028,买盘
676,13:38:45,23.63,-0.01,2,4726,卖盘
677,13:38:36,23.64,0.01,10,23640,买盘
678,13:38:33,23.63,-0.01,5,11815,卖盘
679,13:38:27,23.64,0.01,2,4728,买盘
680,13:38:24,23.63,-0.01,10,23630,卖盘
681,13:38:21,23.64,--,11,26004,买盘
682,13:38:18,23.64,0.01,4,9456,买盘
683,13:38:03,23.63,--,11,25993,买盘
684,13:37:48,23.63,0.01,5,11815,买盘
685,13:37:45,23.62,0.01,30,70860,买盘
686,13:37:42,23.61,--,1,2361,卖盘
687,13:37:30,23.61,--,20,47220,买盘
688,13:37:27,23.61,0.01,10,23610,买盘
689,13:37:09,23.6,--,18,42480,买盘
690,13:37:06,23.6,0.01,209,493240,买盘
691,13:36:54,23.59,0.01,51,120309,买盘
692,13:36:39,23.58,--,9,21222,卖盘
693,13:36:24,23.58,--,10,23580,买盘
694,13:36:21,23.58,0.01,6,14147,买盘
695,13:36:12,23.57,--,39,91923,买盘
696,13:36:00,23.57,--,3,7071,买盘
697,13:35:42,23.57,--,10,23570,买盘
698,13:35:33,23.57,--,5,11785,买盘
699,13:35:09,23.57,-0.01,34,80138,卖盘
700,13:35:06,23.58,0.01,5,11790,买盘
701,13:35:03,23.57,0.02,2,4714,买盘
702,13:34:54,23.55,-0.02,15,35325,卖盘
703,13:34:48,23.57,--,30,70710,买盘
704,13:34:33,23.57,0.02,5,11785,买盘
705,13:34:27,23.55,-0.02,5,11775,卖盘
706,13:34:18,23.57,--,80,188560,买盘
707,13:34:09,23.57,--,22,51854,买盘
708,13:33:54,23.57,0.02,4,9428,买盘
709,13:33:42,23.55,-0.02,60,141300,卖盘
710,13:33:24,23.57,0.02,10,23570,买盘
711,13:33:18,23.55,--,5,11939,卖盘
712,13:33:06,23.55,--,2,4710,卖盘
713,13:32:54,23.55,--,10,23550,卖盘
714,13:32:42,23.55,--,1,2355,卖盘
715,13:32:21,23.55,0.02,5,11775,中性盘
716,13:32:09,23.53,-0.05,56,131768,卖盘
717,13:32:00,23.58,--,2,4716,买盘
718,13:31:54,23.58,0.02,5,11790,买盘
719,13:31:51,23.56,-0.03,4,9424,卖盘
720,13:31:21,23.59,--,2,4718,买盘
721,13:31:18,23.59,0.02,20,47180,买盘
722,13:31:09,23.57,-0.03,22,51854,卖盘
723,13:30:54,23.6,--,5,11800,买盘
724,13:30:51,23.6,--,40,95108,卖盘
725,13:30:42,23.6,--,118,280132,买盘
726,13:30:33,23.6,--,115,272108,卖盘
727,13:30:30,23.6,--,200,472000,卖盘
728,13:30:21,23.6,--,691,1632412,买盘
729,13:30:06,23.6,-0.01,141,333468,卖盘
730,13:30:03,23.61,--,1,2361,卖盘
731,13:30:00,23.61,--,1,2361,中性盘
732,13:29:54,23.61,0.01,10,23610,买盘
733,13:29:51,23.6,--,5,11800,卖盘
734,13:29:48,23.6,--,29,68440,卖盘
735,13:29:42,23.6,-0.01,102,240720,卖盘
736,13:29:33,23.61,-0.01,2,4722,中性盘
737,13:29:24,23.62,0.02,4,9448,买盘
738,13:29:21,23.6,-0.01,42,99120,卖盘
739,13:29:18,23.61,0.01,30,70830,买盘
740,13:29:15,23.6,--,30,70800,卖盘
741,13:29:09,23.6,-0.01,4,9440,卖盘
742,13:28:51,23.61,-0.01,1,2361,卖盘
743,13:28:48,23.62,0.01,20,47240,中性盘
744,13:28:24,23.61,0.01,2,4722,中性盘
745,13:28:09,23.6,--,20,47200,卖盘
746,13:27:57,23.6,--,131,309160,卖盘
747,13:27:48,23.6,0.09,23,55932,买盘
748,13:27:18,23.51,-0.03,635,1494789,卖盘
749,13:27:12,23.54,-0.05,5,11770,中性盘
750,13:27:00,23.59,0.05,50,117950,买盘
751,13:26:57,23.54,-0.04,130,306020,卖盘
752,13:26:50,23.58,-0.01,9,21222,卖盘
753,13:26:44,23.59,--,45,106155,买盘
754,13:26:41,23.59,--,5,11795,买盘
755,13:26:32,23.59,0.01,1,2359,买盘
756,13:26:29,23.58,--,5,11790,卖盘
757,13:26:26,23.58,-0.01,3,7073,卖盘
758,13:26:23,23.59,--,5,11795,买盘
759,13:25:56,23.59,--,1,2359,买盘
760,13:25:53,23.59,-0.01,3,7077,卖盘
761,13:25:50,23.6,0.01,318,750480,买盘
762,13:25:35,23.59,--,1,2359,卖盘
763,13:25:29,23.59,--,59,139181,卖盘
764,13:25:26,23.59,--,1,2359,卖盘
765,13:25:23,23.59,--,2,4718,卖盘
766,13:25:17,23.59,0.01,20,47180,买盘
767,13:24:53,23.58,--,10,23580,买盘
768,13:24:47,23.58,--,20,47160,卖盘
769,13:24:44,23.58,-0.01,50,117899,卖盘
770,13:24:41,23.59,--,4,9436,买盘
771,13:24:26,23.59,0.01,1,2359,买盘
772,13:24:11,23.58,-0.01,1,2358,卖盘
773,13:23:59,23.59,0.01,21,49539,买盘
774,13:23:35,23.58,-0.02,10,23580,中性盘
775,13:23:14,23.6,--,42,99120,买盘
776,13:22:56,23.6,--,2,4720,买盘
777,13:22:41,23.6,0.05,1400,3304000,买盘
778,13:22:38,23.55,-0.02,64,150720,卖盘
779,13:22:26,23.57,0.02,3,7071,买盘
780,13:22:17,23.55,-0.02,1,2355,卖盘
781,13:22:05,23.57,0.02,11,25927,买盘
782,13:21:44,23.55,--,7,16485,卖盘
783,13:21:29,23.55,--,6,14130,卖盘
784,13:21:20,23.55,0.01,90,211950,买盘
785,13:21:11,23.54,--,71,167134,卖盘
786,13:21:02,23.54,-0.01,32,75328,卖盘
787,13:20:53,23.55,--,17,40035,买盘
788,13:20:29,23.55,--,4,9420,卖盘
789,13:20:26,23.55,--,2,4710,中性盘
790,13:20:20,23.55,0.01,8,18840,买盘
791,13:20:17,23.54,-0.01,17,40018,卖盘
792,13:20:14,23.55,--,54,129360,卖盘
793,13:20:08,23.55,-0.02,5,11775,卖盘
794,13:20:05,23.57,0.02,7,16499,买盘
795,13:19:53,23.55,--,3,7229,卖盘
796,13:19:47,23.55,-0.02,2,4710,卖盘
797,13:19:35,23.57,0.02,1,2357,买盘
798,13:19:32,23.55,--,10,23550,卖盘
799,13:19:26,23.55,--,1,2355,卖盘
800,13:19:17,23.55,--,1,2355,买盘
801,13:19:05,23.55,--,35,82425,买盘
802,13:18:59,23.55,-0.01,103,242565,卖盘
803,13:18:56,23.56,0.01,10,23560,买盘
804,13:18:50,23.55,-0.01,50,117750,卖盘
805,13:18:47,23.56,--,13,30628,卖盘
806,13:18:26,23.56,-0.01,5,11780,卖盘
807,13:18:11,23.57,0.01,1,2357,买盘
808,13:18:05,23.56,--,15,35340,卖盘
809,13:18:02,23.56,-0.01,2,4712,卖盘
810,13:17:53,23.57,-0.01,9,21213,买盘
811,13:17:44,23.58,0.01,3,7073,买盘
812,13:17:41,23.57,0.02,3,7071,买盘
813,13:17:08,23.55,-0.02,4,9420,卖盘
814,13:16:53,23.57,0.02,25,58925,买盘
815,13:16:41,23.55,-0.02,138,324990,卖盘
816,13:16:32,23.57,0.02,5,11785,买盘
817,13:16:20,23.55,--,5,11775,买盘
818,13:16:08,23.55,--,3,7065,买盘
819,13:16:05,23.55,-0.02,50,117750,卖盘
820,13:15:53,23.57,--,2,4714,买盘
821,13:15:47,23.57,0.02,5,11785,买盘
822,13:15:38,23.55,0.01,1,2355,卖盘
823,13:15:11,23.54,-0.01,100,235400,卖盘
824,13:15:08,23.55,0.01,8,18840,中性盘
825,13:14:38,23.54,--,1,2354,卖盘
826,13:14:29,23.54,-0.01,39,91806,卖盘
827,13:14:23,23.55,--,10,23550,买盘
828,13:14:20,23.55,0.01,7,16485,买盘
829,13:13:59,23.54,-0.01,2,4708,卖盘
830,13:13:56,23.55,--,1,2355,买盘
831,13:13:53,23.55,--,9,21195,买盘
832,13:13:50,23.55,-0.02,43,101265,卖盘
833,13:13:35,23.57,--,26,61282,买盘
834,13:13:29,23.57,--,5,11785,买盘
835,13:13:14,23.57,-0.01,1,2357,买盘
836,13:13:08,23.58,0.01,20,47160,买盘
837,13:13:05,23.57,--,1,2357,买盘
838,13:12:59,23.57,--,44,103708,卖盘
839,13:12:44,23.57,--,3,7071,买盘
840,13:12:23,23.57,0.03,24,56568,买盘
841,13:12:11,23.54,-0.03,3,7062,卖盘
842,13:12:05,23.57,0.04,81,190917,买盘
843,13:11:56,23.53,-0.02,3,7059,卖盘
844,13:11:53,23.55,--,10,23550,买盘
845,13:11:47,23.55,--,4,9420,卖盘
846,13:11:38,23.55,--,1,2355,买盘
847,13:11:26,23.55,--,12,28260,买盘
848,13:11:23,23.55,-0.02,68,160140,卖盘
849,13:11:14,23.57,0.01,73,172061,买盘
850,13:11:08,23.56,--,6,14136,买盘
851,13:10:47,23.56,0.01,1,2356,买盘
852,13:10:38,23.55,--,1,2355,卖盘
853,13:10:35,23.55,--,7,16485,买盘
854,13:10:14,23.55,0.01,4,9420,买盘
855,13:10:11,23.54,--,10,23540,买盘
856,13:09:53,23.54,-0.01,1,2354,卖盘
857,13:09:44,23.55,0.01,2,4710,买盘
858,13:09:38,23.54,--,3,7062,买盘
859,13:09:32,23.54,0.02,2,4708,买盘
860,13:09:29,23.52,-0.02,1,2352,卖盘
861,13:09:08,23.54,--,3,7062,买盘
862,13:09:05,23.54,-0.01,3,7062,中性盘
863,13:08:47,23.55,0.02,7,16485,买盘
864,13:08:44,23.53,-0.02,15,35295,卖盘
865,13:08:41,23.55,--,1,2355,买盘
866,13:08:35,23.55,--,4,9420,买盘
867,13:08:19,23.55,0.01,90,211950,买盘
868,13:08:13,23.54,-0.01,14,32956,中性盘
869,13:08:07,23.55,--,26,61230,买盘
870,13:08:04,23.55,0.01,40,94200,买盘
871,13:07:55,23.54,0.01,1,2354,卖盘
872,13:07:49,23.53,--,56,131768,卖盘
873,13:07:37,23.53,--,14,32942,买盘
874,13:07:34,23.53,0.01,10,23530,买盘
875,13:07:25,23.52,--,8,18816,卖盘
876,13:07:22,23.52,0.02,13,30576,买盘
877,13:07:13,23.5,--,1,2350,卖盘
878,13:07:10,23.5,0.02,85,199914,买盘
879,13:07:01,23.48,-0.02,20,46960,卖盘
880,13:06:55,23.5,0.03,82,192700,买盘
881,13:06:49,23.47,-0.01,12,28164,卖盘
882,13:06:31,23.48,--,1,2348,卖盘
883,13:06:10,23.48,-0.02,3,7044,卖盘
884,13:06:07,23.5,0.01,4,9400,买盘
885,13:05:52,23.49,-0.01,1,2349,卖盘
886,13:05:46,23.5,0.01,11,25850,买盘
887,13:05:40,23.49,-0.01,1,2349,卖盘
888,13:05:37,23.5,0.01,11,25850,买盘
889,13:05:22,23.49,0.01,5,11745,买盘
890,13:05:19,23.48,-0.01,2,4696,卖盘
891,13:05:07,23.49,0.01,5,11745,买盘
892,13:04:55,23.48,-0.01,2,4696,卖盘
893,13:04:22,23.49,--,6,14093,卖盘
894,13:04:13,23.49,--,2,4698,卖盘
895,13:04:01,23.49,-0.01,3,7046,卖盘
896,13:03:52,23.5,0.02,3,7050,买盘
897,13:03:46,23.48,-0.01,7,16436,卖盘
898,13:03:40,23.49,-0.01,2,4698,中性盘
899,13:03:34,23.5,0.01,10,23500,买盘
900,13:03:25,23.49,--,1,2349,买盘
901,13:03:22,23.49,--,5,11745,买盘
902,13:03:13,23.49,--,20,46980,买盘
903,13:03:10,23.49,--,1,2349,买盘
904,13:02:55,23.49,0.01,1,2349,买盘
905,13:02:37,23.48,0.01,2,4696,买盘
906,13:02:25,23.47,--,6,14082,卖盘
907,13:02:19,23.47,-0.01,4,9388,卖盘
908,13:02:16,23.48,--,4,9392,卖盘
909,13:02:10,23.48,--,2,4696,卖盘
910,13:02:04,23.48,--,2,4696,卖盘
911,13:01:52,23.48,0.01,4,9392,买盘
912,13:01:46,23.47,--,7,16429,卖盘
913,13:01:37,23.47,--,1,2347,卖盘
914,13:01:28,23.47,-0.01,12,28164,卖盘
915,13:01:25,23.48,0.01,2,4696,买盘
916,13:01:10,23.47,-0.01,2,4694,卖盘
917,13:01:01,23.48,--,1,2348,买盘
918,13:00:52,23.48,--,12,28176,买盘
919,13:00:34,23.48,--,3,7044,买盘
920,13:00:19,23.48,--,4,9392,买盘
921,13:00:16,23.48,--,2,4696,买盘
922,13:00:13,23.48,0.03,2,4696,买盘
923,13:00:10,23.45,-0.02,100,235320,卖盘
924,13:00:07,23.47,--,77,182737,买盘
925,13:00:01,23.47,0.02,136,319192,买盘
926,11:30:00,23.45,-0.02,8,18760,卖盘
927,11:29:42,23.47,0.02,2,4694,买盘
928,11:29:39,23.45,0.01,1,2345,卖盘
929,11:29:29,23.44,--,81,189864,卖盘
930,11:29:23,23.44,-0.03,19,44536,卖盘
931,11:29:17,23.47,0.02,10,23470,买盘
932,11:29:11,23.45,--,15,35175,买盘
933,11:29:05,23.45,--,1,2345,买盘
934,11:29:02,23.45,--,5,11725,买盘
935,11:28:59,23.45,--,7,16415,买盘
936,11:28:53,23.45,--,47,110215,买盘
937,11:28:50,23.45,--,3,7035,买盘
938,11:28:44,23.45,--,2,4690,买盘
939,11:28:41,23.45,0.01,144,337680,买盘
940,11:28:38,23.44,-0.01,1,2344,卖盘
941,11:28:35,23.45,--,17,39865,买盘
942,11:28:32,23.45,0.01,100,234500,买盘
943,11:28:29,23.44,-0.01,1,2344,卖盘
944,11:28:23,23.45,--,3,7035,买盘
945,11:28:20,23.45,--,2,4690,买盘
946,11:28:17,23.45,0.02,1,2345,买盘
947,11:28:11,23.43,-0.02,77,180411,卖盘
948,11:28:08,23.45,--,8,18760,买盘
949,11:28:05,23.45,0.01,8,18760,买盘
950,11:27:56,23.44,-0.01,15,35160,卖盘
951,11:27:53,23.45,--,40,93800,买盘
952,11:27:50,23.45,--,31,72695,买盘
953,11:27:44,23.45,--,4,9380,买盘
954,11:27:38,23.45,--,6,14070,买盘
955,11:27:35,23.45,-0.01,72,169168,卖盘
956,11:27:32,23.46,0.01,2,4692,买盘
957,11:27:29,23.45,--,2,4690,卖盘
958,11:27:20,23.45,--,130,304850,卖盘
959,11:27:17,23.45,-0.01,54,126630,卖盘
960,11:27:14,23.46,0.01,2,4692,买盘
961,11:27:11,23.45,--,10,25466,卖盘
962,11:27:08,23.45,--,11,25795,卖盘
963,11:27:05,23.45,--,79,185255,买盘
964,11:26:59,23.45,0.01,10,23450,买盘
965,11:26:53,23.44,-0.01,13,30472,卖盘
966,11:26:47,23.45,0.01,7,16415,买盘
967,11:26:44,23.44,-0.01,22,51568,卖盘
968,11:26:41,23.45,--,4,9380,买盘
969,11:26:38,23.45,--,1,2345,买盘
970,11:26:35,23.45,--,11,25795,买盘
971,11:26:26,23.45,0.01,6,14070,中性盘
972,11:26:23,23.44,-0.03,89,208616,卖盘
973,11:26:20,23.47,--,6,14082,卖盘
974,11:26:17,23.47,--,11,25817,卖盘
975,11:26:08,23.47,0.02,3,7041,中性盘
976,11:26:02,23.45,-0.03,14,32830,卖盘
977,11:25:56,23.48,0.02,29,68092,买盘
978,11:25:53,23.46,--,6,14076,买盘
979,11:25:47,23.46,-0.02,41,96186,卖盘
980,11:25:44,23.48,0.02,2,4696,买盘
981,11:25:35,23.46,--,1,2346,卖盘
982,11:25:32,23.46,--,15,35190,卖盘
983,11:25:29,23.46,--,1,2346,卖盘
984,11:25:23,23.46,--,2,4692,卖盘
985,11:25:20,23.46,-0.01,26,60996,卖盘
986,11:25:17,23.47,--,1,2347,买盘
987,11:25:14,23.47,-0.01,3,7041,卖盘
988,11:25:08,23.48,--,2,4696,买盘
989,11:24:59,23.48,--,27,63396,买盘
990,11:24:56,23.48,--,2,4696,卖盘
991,11:24:53,23.48,--,2,4696,买盘
992,11:24:35,23.48,-0.01,23,54332,卖盘
993,11:24:17,23.49,--,2,4698,买盘
994,11:24:08,23.49,-0.01,1,2349,卖盘
995,11:24:05,23.5,--,3,7050,买盘
996,11:23:59,23.5,0.01,21,49350,买盘
997,11:23:56,23.49,-0.01,31,72819,卖盘
998,11:23:53,23.5,0.01,1,2350,买盘
999,11:23:50,23.49,--,14,32886,卖盘
1000,11:23:44,23.49,--,12,28187,卖盘
1001,11:23:41,23.49,0.01,6,14093,买盘
1002,11:23:38,23.48,--,6,14088,卖盘
1003,11:23:17,23.48,-0.01,3,7044,卖盘
1004,11:23:14,23.49,0.01,1,2349,买盘
1005,11:23:11,23.48,--,5,11904,卖盘
1006,11:23:08,23.48,--,1,2348,卖盘
1007,11:23:02,23.48,--,20,46960,卖盘
1008,11:22:56,23.48,-0.01,3,7044,卖盘
1009,11:22:50,23.49,0.01,20,46980,买盘
1010,11:22:44,23.48,-0.01,5,11740,卖盘
1011,11:22:41,23.49,0.01,2,4698,买盘
1012,11:22:38,23.48,--,21,49308,卖盘
1013,11:22:29,23.48,-0.01,11,25828,卖盘
1014,11:22:23,23.49,--,5,11745,买盘
1015,11:22:11,23.49,--,10,23490,买盘
1016,11:22:08,23.49,--,10,23490,买盘
1017,11:22:05,23.49,--,18,42282,卖盘
1018,11:21:53,23.49,--,2,4698,买盘
1019,11:21:47,23.49,--,1,2349,买盘
1020,11:21:41,23.49,--,22,51678,买盘
1021,11:21:38,23.49,-0.01,25,58724,卖盘
1022,11:21:35,23.5,--,50,117500,买盘
1023,11:21:32,23.5,--,8,18800,买盘
1024,11:21:29,23.5,0.01,95,223250,买盘
1025,11:21:20,23.49,--,2,4698,卖盘
1026,11:21:11,23.49,--,1,2349,卖盘
1027,11:21:05,23.49,--,1,2349,买盘
1028,11:20:56,23.49,-0.01,5,11745,中性盘
1029,11:20:53,23.5,0.01,27,63450,买盘
1030,11:20:50,23.49,--,69,162081,买盘
1031,11:20:47,23.49,0.01,12,28187,中性盘
1032,11:20:44,23.48,-0.02,13,30524,卖盘
1033,11:20:41,23.5,0.01,5,11750,买盘
1034,11:20:38,23.49,--,13,30536,卖盘
1035,11:20:32,23.49,--,28,65772,卖盘
1036,11:20:26,23.49,--,10,23490,卖盘
1037,11:20:23,23.49,0.01,4,9396,中性盘
1038,11:20:11,23.48,-0.02,1,2348,卖盘
1039,11:20:05,23.5,0.02,10,23500,买盘
1040,11:19:59,23.48,--,2,4696,卖盘
1041,11:19:44,23.48,--,32,76990,买盘
1042,11:19:38,23.48,0.01,3,7044,买盘
1043,11:19:35,23.47,--,6,14082,卖盘
1044,11:19:32,23.47,--,8,18776,买盘
1045,11:19:29,23.47,--,14,32858,卖盘
1046,11:19:17,23.47,0.02,3,7041,中性盘
1047,11:19:14,23.45,-0.03,25,58625,中性盘
1048,11:18:44,23.48,0.01,7,16436,买盘
1049,11:18:41,23.47,0.01,13,30511,买盘
1050,11:18:38,23.46,--,8,18768,卖盘
1051,11:18:35,23.46,-0.01,60,140760,卖盘
1052,11:18:26,23.47,-0.01,14,32858,卖盘
1053,11:18:23,23.48,--,10,23480,买盘
1054,11:18:17,23.48,0.01,2,4696,买盘
1055,11:18:14,23.47,--,76,178372,卖盘
1056,11:18:11,23.47,0.01,2,4694,中性盘
1057,11:18:08,23.46,--,18,42228,卖盘
1058,11:17:44,23.46,--,17,39882,卖盘
1059,11:17:38,23.46,--,20,46920,卖盘
1060,11:17:35,23.46,--,34,79764,买盘
1061,11:17:32,23.46,--,2,4692,买盘
1062,11:17:29,23.46,--,97,227562,买盘
1063,11:17:26,23.46,0.01,1,2346,买盘
1064,11:17:23,23.45,0.01,13,30485,买盘
1065,11:17:14,23.44,--,1,2344,买盘
1066,11:17:11,23.44,--,5,11720,买盘
1067,11:17:08,23.44,--,88,206272,卖盘
1068,11:17:05,23.44,--,41,96104,卖盘
1069,11:17:02,23.44,-0.01,36,84384,卖盘
1070,11:16:59,23.45,--,93,218085,卖盘
1071,11:16:56,23.45,--,7,16415,卖盘
1072,11:16:53,23.45,-0.01,16,37520,卖盘
1073,11:16:47,23.46,0.01,10,23460,买盘
1074,11:16:44,23.45,-0.01,4,9380,卖盘
1075,11:16:41,23.46,0.01,1,2346,买盘
1076,11:16:35,23.45,--,31,72695,卖盘
1077,11:16:29,23.45,-0.01,180,422100,卖盘
1078,11:16:23,23.46,--,1,2346,中性盘
1079,11:16:20,23.46,0.01,5,11730,卖盘
1080,11:16:14,23.45,-0.02,101,236845,卖盘
1081,11:16:11,23.47,0.01,10,23470,买盘
1082,11:16:05,23.46,-0.01,2,4692,卖盘
1083,11:16:02,23.47,-0.01,134,314498,卖盘
1084,11:15:47,23.48,-0.01,487,1143969,卖盘
1085,11:15:41,23.49,--,24,58607,卖盘
1086,11:15:38,23.49,-0.01,3,7046,卖盘
1087,11:15:35,23.5,0.01,6,14100,卖盘
1088,11:15:26,23.49,--,4,9396,卖盘
1089,11:15:23,23.49,-0.02,3,7046,卖盘
1090,11:15:20,23.51,0.01,12,28212,中性盘
1091,11:15:17,23.5,0.01,11,25850,中性盘
1092,11:15:11,23.49,-0.02,298,701810,卖盘
1093,11:15:08,23.51,--,5,11755,卖盘
1094,11:15:05,23.51,--,10,23510,卖盘
1095,11:14:53,23.51,-0.01,2,4702,卖盘
1096,11:14:50,23.52,0.01,11,25872,买盘
1097,11:14:44,23.51,-0.01,62,145762,卖盘
1098,11:14:38,23.52,--,64,150528,卖盘
1099,11:14:29,23.52,-0.01,6,14112,卖盘
1100,11:14:11,23.53,0.01,15,35295,买盘
1101,11:14:08,23.52,--,1,2352,卖盘
1102,11:14:05,23.52,--,2,4704,卖盘
1103,11:13:59,23.52,--,3,7056,卖盘
1104,11:13:56,23.52,--,10,23520,卖盘
1105,11:13:38,23.52,--,2,4704,卖盘
1106,11:13:35,23.52,--,1,2352,卖盘
1107,11:13:14,23.52,-0.01,9,21168,卖盘
1108,11:13:11,23.53,--,17,40001,买盘
1109,11:13:08,23.53,--,4,9412,卖盘
1110,11:12:59,23.53,--,1,2353,卖盘
1111,11:12:56,23.53,-0.01,5,11765,卖盘
1112,11:12:53,23.54,0.02,5,11770,买盘
1113,11:12:50,23.52,--,1,2352,买盘
1114,11:12:44,23.52,--,1,2352,卖盘
1115,11:12:38,23.52,--,2,4704,卖盘
1116,11:12:35,23.52,--,6,14112,买盘
1117,11:12:26,23.52,0.01,16,37632,买盘
1118,11:12:23,23.51,0.01,1,2351,买盘
1119,11:12:14,23.5,-0.01,1,2350,卖盘
1120,11:12:11,23.51,0.01,3,7053,买盘
1121,11:12:05,23.5,--,37,86950,买盘
1122,11:12:02,23.5,--,4,9400,买盘
1123,11:11:59,23.5,--,143,336050,买盘
1124,11:11:56,23.5,--,18,42300,买盘
1125,11:11:50,23.5,--,10,23500,买盘
1126,11:11:47,23.5,0.01,113,265550,买盘
1127,11:11:44,23.49,--,5,11745,卖盘
1128,11:11:38,23.49,--,2,4698,卖盘
1129,11:11:35,23.49,--,636,1494128,买盘
1130,11:11:17,23.49,0.01,43,101007,买盘
1131,11:11:14,23.48,--,30,70440,买盘
1132,11:11:11,23.48,--,55,129140,买盘
1133,11:11:08,23.48,--,120,281760,买盘
1134,11:10:59,23.48,--,1,2348,买盘
1135,11:10:56,23.48,--,51,119748,买盘
1136,11:10:47,23.48,--,10,23480,买盘
1137,11:10:44,23.48,0.01,10,23480,买盘
1138,11:10:41,23.47,--,28,65716,卖盘
1139,11:10:35,23.47,--,33,77451,卖盘
1140,11:10:32,23.47,--,66,154902,卖盘
1141,11:10:29,23.47,--,2,4694,卖盘
1142,11:10:23,23.47,--,17,39899,卖盘
1143,11:10:17,23.47,--,30,70410,卖盘
1144,11:10:14,23.47,-0.01,5,11735,卖盘
1145,11:10:10,23.48,--,15,35220,买盘
1146,11:10:07,23.48,--,2,4696,买盘
1147,11:10:04,23.48,--,10,23480,卖盘
1148,11:10:01,23.48,-0.01,1,2348,卖盘
1149,11:09:58,23.49,0.01,56,131544,买盘
1150,11:09:55,23.48,-0.01,70,164360,卖盘
1151,11:09:49,23.49,--,9,21141,买盘
1152,11:09:46,23.49,-0.01,11,25839,卖盘
1153,11:09:43,23.5,--,6,14100,买盘
1154,11:09:40,23.5,--,2,4700,买盘
1155,11:09:34,23.5,--,14,32900,买盘
1156,11:09:28,23.5,-0.01,165,387750,卖盘
1157,11:09:25,23.51,0.01,5,11755,买盘
1158,11:09:22,23.5,--,372,874200,卖盘
1159,11:09:10,23.5,-0.01,305,716750,卖盘
1160,11:09:04,23.51,-0.02,50,117550,卖盘
1161,11:09:01,23.53,0.02,7,16471,中性盘
1162,11:08:55,23.51,-0.03,12,28212,卖盘
1163,11:08:52,23.54,-0.01,923,2172742,卖盘
1164,11:08:49,23.55,--,31,73005,买盘
1165,11:08:46,23.55,0.01,11,25905,买盘
1166,11:08:37,23.54,--,4,9416,卖盘
1167,11:08:31,23.54,--,2,4708,卖盘
1168,11:08:28,23.54,--,2,4708,卖盘
1169,11:08:25,23.54,0.01,13,30602,买盘
1170,11:08:22,23.53,--,6,14118,卖盘
1171,11:08:16,23.53,--,5,11765,卖盘
1172,11:08:13,23.53,-0.01,8,18824,卖盘
1173,11:08:10,23.54,0.01,3,7062,买盘
1174,11:08:07,23.53,-0.01,2,4706,卖盘
1175,11:08:01,23.54,--,14,32956,买盘
1176,11:07:58,23.54,0.01,4,9416,买盘
1177,11:07:55,23.53,--,15,35295,卖盘
1178,11:07:49,23.53,--,4,9412,卖盘
1179,11:07:40,23.53,--,6,14118,卖盘
1180,11:07:37,23.53,--,9,21177,卖盘
1181,11:07:28,23.53,--,13,30589,卖盘
1182,11:07:25,23.53,-0.01,28,65884,卖盘
1183,11:07:19,23.54,0.01,10,23540,买盘
1184,11:07:16,23.53,-0.01,35,82355,卖盘
1185,11:07:13,23.54,--,20,47080,买盘
1186,11:07:07,23.54,--,20,47080,买盘
1187,11:07:04,23.54,-0.01,465,1094610,卖盘
1188,11:07:01,23.55,--,25,58875,买盘
1189,11:06:58,23.55,--,76,178980,卖盘
1190,11:06:52,23.55,--,4,9420,卖盘
1191,11:06:49,23.55,--,20,47100,卖盘
1192,11:06:46,23.55,--,17,40035,卖盘
1193,11:06:40,23.55,--,3,7065,卖盘
1194,11:06:34,23.55,--,12,28260,卖盘
1195,11:06:31,23.55,-0.01,1,2355,卖盘
1196,11:06:25,23.56,0.01,6,14136,买盘
1197,11:06:22,23.55,-0.01,4,9420,卖盘
1198,11:06:19,23.56,--,3,7068,买盘
1199,11:05:55,23.56,-0.01,11,26033,卖盘
1200,11:05:46,23.57,0.01,2,4714,买盘
1201,11:05:40,23.56,--,2,4712,卖盘
1202,11:05:37,23.56,--,15,35340,卖盘
1203,11:05:31,23.56,--,38,89528,卖盘
1204,11:05:13,23.56,-0.01,5,11780,卖盘
1205,11:05:10,23.57,0.01,19,44783,买盘
1206,11:05:07,23.56,--,1,2356,卖盘
1207,11:04:46,23.56,-0.01,12,28272,卖盘
1208,11:04:40,23.57,--,77,181489,卖盘
1209,11:04:37,23.57,--,2,4714,卖盘
1210,11:04:31,23.57,--,20,47140,卖盘
1211,11:04:25,23.57,--,34,80138,卖盘
1212,11:04:19,23.57,0.01,2,4714,中性盘
1213,11:04:04,23.56,-0.01,39,91884,卖盘
1214,11:03:58,23.57,0.01,2,4714,买盘
1215,11:03:52,23.56,--,5,14018,卖盘
1216,11:03:40,23.56,--,2,4712,卖盘
1217,11:03:37,23.56,--,102,240312,卖盘
1218,11:03:28,23.56,-0.01,23,54188,卖盘
1219,11:03:25,23.57,--,7,17041,卖盘
1220,11:03:19,23.57,--,2,4714,卖盘
1221,11:03:10,23.57,--,6,14142,卖盘
1222,11:03:01,23.57,--,3,7071,卖盘
1223,11:02:55,23.57,-0.01,6,14142,卖盘
1224,11:02:52,23.58,--,5,11790,卖盘
1225,11:02:46,23.58,--,2,4716,卖盘
1226,11:02:40,23.58,--,2,4716,卖盘
1227,11:02:37,23.58,--,27,63665,卖盘
1228,11:02:31,23.58,--,162,382161,买盘
1229,11:02:25,23.58,0.01,8,18864,买盘
1230,11:02:22,23.57,--,4,9428,卖盘
1231,11:02:10,23.57,--,16,39361,买盘
1232,11:02:07,23.57,0.01,8,18856,买盘
1233,11:02:01,23.56,-0.01,4,9424,卖盘
1234,11:01:49,23.57,--,1,2357,买盘
1235,11:01:40,23.57,--,1,3064,卖盘
1236,11:01:37,23.57,-0.01,4,9428,卖盘
1237,11:01:34,23.58,0.01,30,70740,买盘
1238,11:01:31,23.57,-0.01,7,18148,卖盘
1239,11:01:16,23.58,--,1,2358,买盘
1240,11:00:55,23.58,--,0,2192,卖盘
1241,11:00:52,23.58,0.01,4,9597,买盘
1242,11:00:43,23.57,-0.01,10,23570,卖盘
1243,11:00:37,23.58,0.01,7,16506,买盘
1244,11:00:28,23.57,-0.02,72,171896,卖盘
1245,11:00:13,23.59,0.01,1,2359,买盘
1246,11:00:10,23.58,-0.01,2,4716,卖盘
1247,11:00:04,23.59,0.01,6,14154,买盘
1248,11:00:01,23.58,--,3,7073,卖盘
1249,10:59:58,23.58,-0.01,30,70740,卖盘
1250,10:59:46,23.59,--,2,4718,买盘
1251,10:59:37,23.59,--,2,4718,买盘
1252,10:59:31,23.59,-0.01,17,40220,卖盘
1253,10:59:28,23.6,0.01,4,9440,买盘
1254,10:59:22,23.59,--,50,117950,卖盘
1255,10:59:16,23.59,-0.01,1,4600,卖盘
1256,10:59:13,23.6,0.01,2,4720,买盘
1257,10:59:07,23.59,--,3,7077,卖盘
1258,10:59:01,23.59,-0.01,5,11795,卖盘
1259,10:58:58,23.6,0.01,2,4720,买盘
1260,10:58:49,23.59,--,2,4718,卖盘
1261,10:58:46,23.59,--,10,23590,卖盘
1262,10:58:43,23.59,0.01,5,11795,买盘
1263,10:58:40,23.58,--,5,11790,卖盘
1264,10:58:37,23.58,--,2,4716,卖盘
1265,10:58:34,23.58,-0.02,2,4716,卖盘
1266,10:58:28,23.6,0.02,5,11800,买盘
1267,10:58:25,23.58,-0.01,2,4716,卖盘
1268,10:58:16,23.59,-0.01,30,70770,卖盘
1269,10:58:07,23.6,--,5,11800,买盘
1270,10:58:04,23.6,--,38,89680,买盘
1271,10:58:01,23.6,--,20,47200,买盘
1272,10:57:58,23.6,--,2,4720,买盘
1273,10:57:40,23.6,0.01,1,2360,买盘
1274,10:57:34,23.59,-0.01,305,719495,卖盘
1275,10:57:22,23.6,0.01,1,2360,买盘
1276,10:57:19,23.59,-0.01,50,117950,卖盘
1277,10:57:13,23.6,0.01,11,25960,买盘
1278,10:57:07,23.59,--,2,4718,卖盘
1279,10:56:58,23.59,--,10,23590,卖盘
1280,10:56:52,23.59,--,16,37744,买盘
1281,10:56:49,23.59,0.01,4,9436,买盘
1282,10:56:40,23.58,--,1,2358,卖盘
1283,10:56:37,23.58,--,4,9432,卖盘
1284,10:56:34,23.58,--,2,4716,卖盘
1285,10:56:31,23.58,-0.02,21,49683,卖盘
1286,10:56:25,23.6,--,2,4720,买盘
1287,10:56:10,23.6,0.02,20,47200,买盘
1288,10:56:07,23.58,0.01,3,7073,卖盘
1289,10:55:58,23.57,-0.03,123,289911,卖盘
1290,10:55:43,23.6,0.03,175,413000,买盘
1291,10:55:31,23.57,-0.03,10,23570,卖盘
1292,10:55:25,23.6,--,7,16520,买盘
1293,10:55:22,23.6,0.03,5,11800,买盘
1294,10:55:19,23.57,-0.01,11,25927,卖盘
1295,10:55:13,23.58,-0.01,19,44802,卖盘
1296,10:55:10,23.59,--,2,4718,卖盘
1297,10:55:04,23.59,0.02,30,70770,买盘
1298,10:54:58,23.57,-0.01,16,37712,卖盘
1299,10:54:55,23.58,0.02,1,2358,买盘
1300,10:54:37,23.56,--,19,44764,买盘
1301,10:54:31,23.56,0.01,45,106020,买盘
1302,10:54:19,23.55,--,2,4710,卖盘
1303,10:54:16,23.55,--,111,261405,买盘
1304,10:54:13,23.55,--,20,47100,买盘
1305,10:54:10,23.55,--,7,16485,买盘
1306,10:54:07,23.55,--,328,772440,买盘
1307,10:54:04,23.55,--,5,11775,买盘
1308,10:53:58,23.55,--,10,23550,买盘
1309,10:53:52,23.55,--,10,23550,买盘
1310,10:53:49,23.55,--,5,11775,买盘
1311,10:53:43,23.55,0.01,20,47100,买盘
1312,10:53:40,23.54,--,5,11770,卖盘
1313,10:53:37,23.54,--,2,4708,卖盘
1314,10:53:34,23.54,0.01,14,32956,卖盘
1315,10:53:31,23.53,--,2,4706,卖盘
1316,10:53:28,23.53,-0.01,23,54119,卖盘
1317,10:53:22,23.54,0.01,5,11770,买盘
1318,10:53:19,23.53,-0.01,1,2353,卖盘
1319,10:53:13,23.54,0.01,4,9416,买盘
1320,10:53:10,23.53,--,16,37648,卖盘
1321,10:53:01,23.53,-0.01,9,21177,卖盘
1322,10:52:58,23.54,--,25,58850,买盘
1323,10:52:55,23.54,--,10,23540,买盘
1324,10:52:40,23.54,0.01,3,7062,买盘
1325,10:52:37,23.53,--,2,4706,卖盘
1326,10:52:31,23.53,--,207,487071,买盘
1327,10:52:28,23.53,--,3,7059,卖盘
1328,10:52:25,23.53,--,3,7059,卖盘
1329,10:52:19,23.53,--,1,2353,卖盘
1330,10:52:16,23.53,0.01,3,7059,中性盘
1331,10:52:10,23.52,--,2,4704,卖盘
1332,10:52:07,23.52,--,11,25872,卖盘
1333,10:52:01,23.52,--,2,4704,卖盘
1334,10:51:58,23.52,--,1,2352,卖盘
1335,10:51:43,23.52,-0.02,203,477456,卖盘
1336,10:51:40,23.54,--,1,2354,卖盘
1337,10:51:37,23.54,--,2,4708,卖盘
1338,10:51:34,23.54,--,11,25894,卖盘
1339,10:51:28,23.54,-0.01,7,16478,卖盘
1340,10:51:25,23.55,0.02,3,7065,买盘
1341,10:51:19,23.53,-0.02,15,35295,卖盘
1342,10:51:07,23.55,--,192,452160,卖盘
1343,10:51:04,23.55,--,4,9420,卖盘
1344,10:51:01,23.55,-0.01,4,9420,卖盘
1345,10:50:58,23.56,-0.01,126,296856,卖盘
1346,10:50:52,23.57,--,5,11785,卖盘
1347,10:50:49,23.57,-0.01,24,56568,卖盘
1348,10:50:46,23.58,--,29,68382,卖盘
1349,10:50:43,23.58,--,4,9432,卖盘
1350,10:50:40,23.58,--,33,77814,卖盘
1351,10:50:31,23.58,--,3,7073,卖盘
1352,10:50:28,23.58,-0.01,36,84888,卖盘
1353,10:50:22,23.59,--,13,30667,卖盘
1354,10:50:19,23.59,--,8,18872,卖盘
1355,10:50:16,23.59,-0.01,2,4718,卖盘
1356,10:50:07,23.6,0.01,1,2360,买盘
1357,10:50:01,23.59,-0.01,15,35385,卖盘
1358,10:49:58,23.6,-0.03,90,212400,卖盘
1359,10:49:45,23.63,--,10,23630,买盘
1360,10:49:33,23.63,0.03,169,399347,买盘
1361,10:49:15,23.6,-0.01,7,16520,卖盘
1362,10:49:03,23.61,--,32,75552,卖盘
1363,10:48:57,23.61,--,9,21249,卖盘
1364,10:48:48,23.61,--,1,2361,卖盘
1365,10:48:42,23.61,0.01,12,28332,买盘
1366,10:48:39,23.6,--,42,99120,卖盘
1367,10:48:33,23.6,--,3,7080,卖盘
1368,10:48:27,23.6,--,10,23600,卖盘
1369,10:48:18,23.6,--,10,23600,卖盘
1370,10:47:57,23.6,-0.01,10,23600,卖盘
1371,10:47:48,23.61,--,15,35415,买盘
1372,10:47:45,23.61,--,6,14166,卖盘
1373,10:47:42,23.61,--,20,47220,卖盘
1374,10:47:39,23.61,--,3,7083,买盘
1375,10:47:36,23.61,--,5,11805,买盘
1376,10:47:33,23.61,--,22,51942,买盘
1377,10:47:27,23.61,-0.01,74,174714,卖盘
1378,10:47:24,23.62,--,2,4724,卖盘
1379,10:47:21,23.62,--,8,18896,卖盘
1380,10:47:18,23.62,--,4,9448,卖盘
1381,10:47:15,23.62,--,17,40154,卖盘
1382,10:46:57,23.62,-0.01,18,42516,卖盘
1383,10:46:48,23.63,--,5,11815,买盘
1384,10:46:42,23.63,0.01,30,70890,买盘
1385,10:46:39,23.62,-0.01,1,2362,卖盘
1386,10:46:36,23.63,--,66,156666,卖盘
1387,10:46:33,23.63,-0.01,102,241026,卖盘
1388,10:46:30,23.64,0.01,2,4728,买盘
1389,10:46:27,23.63,--,15,35445,卖盘
1390,10:46:24,23.63,-0.01,4,9452,卖盘
1391,10:46:15,23.64,--,4,9574,卖盘
1392,10:46:09,23.64,--,4,9456,卖盘
1393,10:46:06,23.64,--,65,155740,卖盘
1394,10:46:00,23.64,--,1,2364,卖盘
1395,10:45:57,23.64,--,13,30732,卖盘
1396,10:45:54,23.64,--,13,30732,卖盘
1397,10:45:48,23.64,--,2,4728,卖盘
1398,10:45:45,23.64,--,2,4728,卖盘
1399,10:45:42,23.64,--,13,30732,卖盘
1400,10:45:39,23.64,--,9,21276,卖盘
1401,10:45:36,23.64,--,62,146568,卖盘
1402,10:45:30,23.64,--,5,11820,卖盘
1403,10:45:27,23.64,--,9,21276,卖盘
1404,10:45:24,23.64,--,11,26004,卖盘
1405,10:45:21,23.64,--,5,11820,卖盘
1406,10:45:18,23.64,--,4,9456,卖盘
1407,10:45:09,23.64,--,6,14184,卖盘
1408,10:45:06,23.64,--,4,9456,卖盘
1409,10:45:03,23.64,--,27,63828,卖盘
1410,10:44:57,23.64,-0.02,10,23640,卖盘
1411,10:44:48,23.66,0.02,4,9464,买盘
1412,10:44:42,23.64,--,3,7092,卖盘
1413,10:44:33,23.64,-0.02,2,4728,卖盘
1414,10:44:30,23.66,0.02,40,94640,买盘
1415,10:44:15,23.64,-0.01,14,33096,卖盘
1416,10:44:09,23.65,--,6,14190,中性盘
1417,10:44:03,23.65,--,5,11825,买盘
1418,10:43:57,23.65,-0.01,5,11825,中性盘
1419,10:43:45,23.66,--,11,26026,买盘
1420,10:43:33,23.66,0.02,4,9464,买盘
1421,10:43:21,23.64,--,11,26004,卖盘
1422,10:43:18,23.64,--,2,4728,卖盘
1423,10:43:12,23.64,-0.01,3,7257,卖盘
1424,10:43:09,23.65,--,10,23650,买盘
1425,10:43:06,23.65,0.02,42,99330,买盘
1426,10:43:03,23.63,-0.01,24,56712,卖盘
1427,10:42:57,23.64,--,49,115836,买盘
1428,10:42:54,23.64,--,10,23640,买盘
1429,10:42:51,23.64,0.01,5,11820,买盘
1430,10:42:42,23.63,--,10,23630,卖盘
1431,10:42:30,23.63,-0.01,20,47260,卖盘
1432,10:42:27,23.64,0.01,1,2364,买盘
1433,10:42:18,23.63,-0.02,2,4726,卖盘
1434,10:42:15,23.65,0.01,64,151360,买盘
1435,10:42:09,23.64,-0.01,5,11820,卖盘
1436,10:42:06,23.65,0.01,1,2365,买盘
1437,10:42:03,23.64,--,4,9456,卖盘
1438,10:42:00,23.64,-0.01,6,14184,卖盘
1439,10:41:57,23.65,0.01,27,65510,买盘
1440,10:41:51,23.64,0.01,6,14184,买盘
1441,10:41:45,23.63,--,8,18904,卖盘
1442,10:41:39,23.63,-0.02,1,2363,卖盘
1443,10:41:27,23.65,--,1,2365,买盘
1444,10:41:18,23.65,--,32,75680,卖盘
1445,10:41:09,23.65,-0.02,5,11825,卖盘
1446,10:41:06,23.67,--,15,35505,卖盘
1447,10:41:03,23.67,--,5,11835,卖盘
1448,10:41:00,23.67,0.02,8,18936,买盘
1449,10:40:54,23.65,-0.01,12,28380,卖盘
1450,10:40:48,23.66,0.01,4,9464,买盘
1451,10:40:42,23.65,0.04,3,7095,买盘
1452,10:40:30,23.61,-0.04,1,2361,卖盘
1453,10:40:21,23.65,0.04,5,11825,买盘
1454,10:40:15,23.61,--,4,9444,中性盘
1455,10:40:03,23.61,0.01,5,11805,买盘
1456,10:39:57,23.6,--,98,231280,买盘
1457,10:39:54,23.6,--,33,77880,买盘
1458,10:39:48,23.6,--,21,49560,买盘
1459,10:39:45,23.6,--,171,403560,买盘
1460,10:39:42,23.6,--,14,33040,买盘
1461,10:39:39,23.6,--,1,2360,买盘
1462,10:39:33,23.6,--,5,11800,买盘
1463,10:39:30,23.6,--,32,75520,买盘
1464,10:39:27,23.6,-0.05,640,1510400,卖盘
1465,10:39:18,23.65,0.05,10,23650,买盘
1466,10:38:42,23.6,--,22,51920,买盘
1467,10:38:39,23.6,--,47,110920,买盘
1468,10:38:33,23.6,--,120,283200,买盘
1469,10:38:30,23.6,--,12,28320,买盘
1470,10:38:27,23.6,--,24,56640,买盘
1471,10:38:21,23.6,--,84,198240,买盘
1472,10:38:18,23.6,--,196,462560,卖盘
1473,10:38:12,23.6,--,1,2360,卖盘
1474,10:38:06,23.6,--,326,769360,买盘
1475,10:38:03,23.6,--,5,11800,买盘
1476,10:37:57,23.6,--,27,63720,买盘
1477,10:37:45,23.6,--,19,44840,买盘
1478,10:37:33,23.6,--,36,84960,买盘
1479,10:37:30,23.6,--,1,2360,买盘
1480,10:37:27,23.6,--,20,47200,买盘
1481,10:37:24,23.6,--,33,77880,买盘
1482,10:37:21,23.6,--,14,33040,买盘
1483,10:37:09,23.6,--,20,47200,买盘
1484,10:37:06,23.6,--,10,23600,买盘
1485,10:36:57,23.6,0.04,8,18880,中性盘
1486,10:36:45,23.56,-0.14,1,2356,卖盘
1487,10:36:42,23.7,0.15,34,80580,买盘
1488,10:36:39,23.55,--,20,47100,买盘
1489,10:36:33,23.55,--,23,54165,买盘
1490,10:36:30,23.55,-0.15,214,503970,卖盘
1491,10:36:24,23.7,0.15,1018,2412825,买盘
1492,10:36:21,23.55,--,1,2355,卖盘
1493,10:36:15,23.55,--,32,75360,卖盘
1494,10:36:09,23.55,-0.02,2,4710,卖盘
1495,10:36:00,23.57,0.02,1,2357,买盘
1496,10:35:57,23.55,--,2,4710,卖盘
1497,10:35:48,23.55,0.02,96,226080,买盘
1498,10:35:42,23.53,0.01,108,254124,中性盘
1499,10:35:39,23.52,-0.03,200,470400,卖盘
1500,10:35:36,23.55,--,3,7065,卖盘
1501,10:35:24,23.55,--,110,259050,买盘
1502,10:35:18,23.55,--,21,49455,买盘
1503,10:35:15,23.55,--,5,11775,买盘
1504,10:35:12,23.55,--,27,63585,买盘
1505,10:35:09,23.55,--,9,21195,买盘
1506,10:35:06,23.55,-0.01,6,14130,卖盘
1507,10:35:03,23.56,--,23,54188,买盘
1508,10:34:57,23.56,--,3,7068,买盘
1509,10:34:51,23.56,0.02,10,23560,买盘
1510,10:34:48,23.54,-0.02,100,235400,卖盘
1511,10:34:42,23.56,--,15,35340,买盘
1512,10:34:33,23.56,--,12,28272,买盘
1513,10:34:24,23.56,0.01,3,7068,买盘
1514,10:34:21,23.55,-0.01,1,2355,卖盘
1515,10:34:18,23.56,--,306,720936,买盘
1516,10:34:15,23.56,0.01,5,11780,买盘
1517,10:34:12,23.55,0.01,1,2355,中性盘
1518,10:34:06,23.54,-0.04,6,14124,卖盘
1519,10:33:57,23.58,0.04,20,47160,买盘
1520,10:33:54,23.54,-0.04,300,706200,卖盘
1521,10:33:51,23.58,0.02,7,16506,买盘
1522,10:33:45,23.56,-0.02,14,32984,卖盘
1523,10:33:33,23.58,0.02,4,9432,买盘
1524,10:33:24,23.56,-0.02,1,2356,卖盘
1525,10:33:12,23.58,--,9,21222,卖盘
1526,10:33:06,23.58,-0.01,2,4716,卖盘
1527,10:32:57,23.59,0.03,10,23590,买盘
1528,10:32:39,23.56,0.01,16,37696,买盘
1529,10:32:36,23.55,-0.01,10,23550,卖盘
1530,10:32:27,23.56,-0.02,103,242668,卖盘
1531,10:32:18,23.58,-0.01,20,47160,卖盘
1532,10:32:09,23.59,--,10,23590,卖盘
1533,10:32:00,23.59,-0.01,19,44821,卖盘
1534,10:31:57,23.6,0.01,1,2360,买盘
1535,10:31:54,23.59,-0.01,2,4718,卖盘
1536,10:31:45,23.6,--,30,70800,买盘
1537,10:31:35,23.6,0.01,20,47200,买盘
1538,10:31:29,23.59,-0.01,10,23590,卖盘
1539,10:31:23,23.6,--,10,23600,买盘
1540,10:31:20,23.6,--,6,14160,买盘
1541,10:31:11,23.6,--,19,44840,买盘
1542,10:30:47,23.6,--,5,11800,买盘
1543,10:30:44,23.6,--,13,32874,卖盘
1544,10:30:41,23.6,--,18,42480,卖盘
1545,10:30:38,23.6,-0.01,44,104005,卖盘
1546,10:30:35,23.61,--,7,16527,买盘
1547,10:30:32,23.61,0.01,4,9444,买盘
1548,10:30:29,23.6,--,2,4720,卖盘
1549,10:30:23,23.6,-0.01,6,14160,卖盘
1550,10:30:20,23.61,--,27,65942,卖盘
1551,10:30:14,23.61,--,7,16527,卖盘
1552,10:30:08,23.61,--,2,4722,卖盘
1553,10:30:05,23.61,-0.01,9,21249,卖盘
1554,10:29:59,23.62,0.01,1,2527,买盘
1555,10:29:50,23.61,--,3,7083,中性盘
1556,10:29:44,23.61,--,5,11805,卖盘
1557,10:29:35,23.61,0.01,6,14166,中性盘
1558,10:29:29,23.6,-0.01,5,11800,卖盘
1559,10:29:26,23.61,--,10,23610,卖盘
1560,10:29:23,23.61,0.01,4,9444,买盘
1561,10:29:20,23.6,--,10,23600,卖盘
1562,10:29:02,23.6,--,11,25960,卖盘
1563,10:28:56,23.6,--,13,30680,卖盘
1564,10:28:35,23.6,-0.03,100,236000,卖盘
1565,10:28:26,23.63,--,10,23630,买盘
1566,10:28:20,23.63,-0.01,310,734727,卖盘
1567,10:28:17,23.64,--,5,11820,买盘
1568,10:28:05,23.64,--,37,87468,卖盘
1569,10:28:02,23.64,--,3,7092,卖盘
1570,10:27:47,23.64,0.01,15,35460,中性盘
1571,10:27:35,23.63,-0.01,30,70890,卖盘
1572,10:27:32,23.64,--,17,40188,卖盘
1573,10:27:26,23.64,--,10,23805,买盘
1574,10:27:23,23.64,--,31,73284,买盘
1575,10:27:20,23.64,--,2,4728,买盘
1576,10:27:02,23.64,--,2,4728,买盘
1577,10:26:59,23.64,-0.02,16,40022,卖盘
1578,10:26:53,23.66,--,2,4732,买盘
1579,10:26:47,23.66,--,2,4732,买盘
1580,10:26:38,23.66,0.01,2,4732,买盘
1581,10:26:29,23.65,-0.01,12,28380,卖盘
1582,10:26:26,23.66,--,9,21294,买盘
1583,10:26:20,23.66,--,2,4732,买盘
1584,10:26:17,23.66,-0.01,3,7098,卖盘
1585,10:26:14,23.67,--,19,44973,买盘
1586,10:25:59,23.67,0.01,50,118350,买盘
1587,10:25:56,23.66,-0.01,18,42588,卖盘
1588,10:25:53,23.67,0.01,10,23670,买盘
1589,10:25:50,23.66,--,10,23660,卖盘
1590,10:25:47,23.66,-0.01,14,33124,卖盘
1591,10:25:44,23.67,--,2,4734,买盘
1592,10:25:38,23.67,0.01,20,47340,买盘
1593,10:25:35,23.66,--,5,11830,卖盘
1594,10:25:29,23.66,-0.03,74,175084,卖盘
1595,10:25:23,23.69,0.03,10,23690,买盘
1596,10:25:20,23.66,--,42,99372,卖盘
1597,10:25:14,23.66,-0.03,15,35490,卖盘
1598,10:25:11,23.69,0.04,47,111343,买盘
1599,10:25:05,23.65,--,4,9625,买盘
1600,10:24:56,23.65,--,2,6929,卖盘
1601,10:24:50,23.65,0.01,3,7260,买盘
1602,10:24:44,23.64,-0.01,5,11820,卖盘
1603,10:24:38,23.65,0.01,2,4730,买盘
1604,10:24:23,23.64,0.01,10,23640,买盘
1605,10:24:20,23.63,--,28,66164,买盘
1606,10:24:17,23.63,0.02,3,7089,买盘
1607,10:24:11,23.61,-0.02,3,7083,卖盘
1608,10:24:08,23.63,--,6,14178,买盘
1609,10:24:05,23.63,0.02,10,23630,买盘
1610,10:23:47,23.61,0.01,2,4722,中性盘
1611,10:23:35,23.6,--,2,4720,卖盘
1612,10:23:32,23.6,--,341,804760,买盘
1613,10:23:29,23.6,--,5,11800,买盘
1614,10:23:20,23.6,--,50,118000,买盘
1615,10:23:17,23.6,--,3,7080,买盘
1616,10:23:08,23.6,-0.02,105,247800,卖盘
1617,10:23:05,23.62,0.02,6,14172,中性盘
1618,10:22:38,23.6,--,30,70800,买盘
1619,10:22:32,23.6,--,400,944000,买盘
1620,10:22:29,23.6,--,31,73160,买盘
1621,10:22:20,23.6,--,5,11800,买盘
1622,10:22:14,23.6,--,2,4720,买盘
1623,10:22:08,23.6,-0.03,62,146320,卖盘
1624,10:22:02,23.63,0.03,6,14178,买盘
1625,10:21:59,23.6,-0.03,2,4720,卖盘
1626,10:21:53,23.63,--,5,11815,买盘
1627,10:21:50,23.63,-0.01,4,9452,卖盘
1628,10:21:44,23.64,0.01,1,2364,买盘
1629,10:21:38,23.63,--,10,23630,卖盘
1630,10:21:35,23.63,0.03,17,40171,买盘
1631,10:21:32,23.6,0.01,60,141600,买盘
1632,10:21:29,23.59,-0.01,5,11795,卖盘
1633,10:21:26,23.6,--,10,23600,买盘
1634,10:21:23,23.6,--,7,16520,买盘
1635,10:21:17,23.6,--,8,18880,买盘
1636,10:21:14,23.6,--,50,118000,买盘
1637,10:21:11,23.6,--,87,205320,买盘
1638,10:21:02,23.6,--,12,28320,买盘
1639,10:20:59,23.6,--,102,240720,买盘
1640,10:20:56,23.6,--,74,174640,买盘
1641,10:20:53,23.6,--,20,47200,买盘
1642,10:20:50,23.6,0.01,344,811840,买盘
1643,10:20:47,23.59,-0.01,1,2359,卖盘
1644,10:20:44,23.6,0.01,2,4720,买盘
1645,10:20:38,23.59,--,4,9436,卖盘
1646,10:20:35,23.59,-0.01,11,25949,卖盘
1647,10:20:29,23.6,0.01,3,7080,买盘
1648,10:20:26,23.59,--,18,42462,卖盘
1649,10:20:17,23.59,0.01,44,103796,买盘
1650,10:20:14,23.58,--,5,11790,卖盘
1651,10:20:11,23.58,--,1,2358,卖盘
1652,10:20:08,23.58,--,5,11790,卖盘
1653,10:20:05,23.58,0.01,16,37728,买盘
1654,10:19:59,23.57,--,2,4714,卖盘
1655,10:19:56,23.57,--,11,25927,卖盘
1656,10:19:53,23.57,-0.01,4,9428,卖盘
1657,10:19:47,23.58,--,10,23580,买盘
1658,10:19:41,23.58,--,10,23580,买盘
1659,10:19:38,23.58,0.05,12,28295,买盘
1660,10:19:35,23.53,-0.05,430,1011790,卖盘
1661,10:19:32,23.58,--,1,2358,买盘
1662,10:19:26,23.58,-0.02,8,18864,中性盘
1663,10:19:20,23.6,--,10,23600,买盘
1664,10:19:17,23.6,0.02,5,11800,买盘
1665,10:19:14,23.58,-0.02,22,51875,卖盘
1666,10:19:08,23.6,0.05,5,11800,买盘
1667,10:19:05,23.55,-0.05,200,471000,卖盘
1668,10:19:02,23.6,0.02,8,18880,买盘
1669,10:18:59,23.58,--,4,9432,卖盘
1670,10:18:50,23.58,0.04,3,7073,卖盘
1671,10:18:41,23.54,-0.06,300,706200,卖盘
1672,10:18:38,23.6,0.04,6,14160,买盘
1673,10:18:35,23.56,-0.04,8,18848,中性盘
1674,10:18:32,23.6,0.02,11,25960,买盘
1675,10:18:23,23.58,0.03,27,63665,买盘
1676,10:18:20,23.55,-0.05,10,23550,卖盘
1677,10:18:14,23.6,0.06,3,7080,买盘
1678,10:18:08,23.54,-0.06,300,706200,卖盘
1679,10:17:53,23.6,0.02,15,35400,买盘
1680,10:17:44,23.58,0.04,3,7073,中性盘
1681,10:17:41,23.54,-0.05,100,235400,卖盘
1682,10:17:38,23.59,0.04,48,113232,买盘
1683,10:17:35,23.55,--,49,115395,买盘
1684,10:17:32,23.55,--,13,30615,买盘
1685,10:17:29,23.55,-0.03,21,49455,卖盘
1686,10:17:20,23.58,--,20,47160,买盘
1687,10:17:17,23.58,--,34,80172,卖盘
1688,10:17:14,23.58,--,120,282960,买盘
1689,10:17:11,23.58,--,34,80172,买盘
1690,10:17:08,23.58,--,8,18864,买盘
1691,10:17:05,23.58,-0.02,84,198072,卖盘
1692,10:17:02,23.6,0.01,7,16520,买盘
1693,10:16:59,23.59,0.01,10,23590,买盘
1694,10:16:56,23.58,-0.02,36,84888,卖盘
1695,10:16:53,23.6,0.01,52,122720,买盘
1696,10:16:50,23.59,-0.01,10,23590,卖盘
1697,10:16:38,23.6,--,13,30680,买盘
1698,10:16:35,23.6,--,32,75520,买盘
1699,10:16:32,23.6,-0.05,493,1163480,卖盘
1700,10:16:23,23.65,--,34,80410,卖盘
1701,10:16:14,23.65,--,4,9460,卖盘
1702,10:16:11,23.65,-0.01,2,4730,卖盘
1703,10:16:05,23.66,0.01,2,4732,买盘
1704,10:15:59,23.65,-0.01,205,485108,卖盘
1705,10:15:56,23.66,--,8,18928,卖盘
1706,10:15:53,23.66,-0.01,82,196094,卖盘
1707,10:15:41,23.67,--,49,115983,卖盘
1708,10:15:38,23.67,--,218,516006,卖盘
1709,10:15:32,23.67,--,4,9468,卖盘
1710,10:15:29,23.67,--,1,2367,卖盘
1711,10:15:26,23.67,-0.01,25,59175,买盘
1712,10:15:20,23.68,0.01,20,47360,买盘
1713,10:15:17,23.67,--,6,14202,买盘
1714,10:15:14,23.67,--,69,163323,卖盘
1715,10:15:11,23.67,-0.01,3,7101,卖盘
1716,10:15:08,23.68,0.01,30,71040,买盘
1717,10:15:02,23.67,--,58,137286,卖盘
1718,10:14:59,23.67,-0.01,4,9468,卖盘
1719,10:14:56,23.68,-0.01,313,741184,卖盘
1720,10:14:50,23.69,--,2,4738,买盘
1721,10:14:47,23.69,-0.01,115,272719,卖盘
1722,10:14:41,23.7,--,2,4740,买盘
1723,10:14:38,23.7,-0.02,284,673080,卖盘
1724,10:14:32,23.72,--,24,56928,卖盘
1725,10:14:29,23.72,0.01,50,118600,买盘
1726,10:14:23,23.71,--,2,4742,卖盘
1727,10:14:14,23.71,--,2,4742,卖盘
1728,10:14:02,23.71,--,3,7113,卖盘
1729,10:13:50,23.71,--,57,135147,买盘
1730,10:13:38,23.71,--,10,23710,买盘
1731,10:13:35,23.71,-0.01,96,227616,卖盘
1732,10:13:32,23.72,--,30,71160,买盘
1733,10:13:14,23.72,--,10,23720,买盘
1734,10:13:10,23.72,--,10,23720,买盘
1735,10:13:07,23.72,--,37,87764,卖盘
1736,10:13:04,23.72,-0.02,7,16604,卖盘
1737,10:13:01,23.74,0.02,3,7121,买盘
1738,10:12:58,23.72,--,6,14232,卖盘
1739,10:12:55,23.72,--,100,237200,卖盘
1740,10:12:43,23.72,--,8,18976,卖盘
1741,10:12:37,23.72,--,5,11860,卖盘
1742,10:12:31,23.72,--,3,7116,卖盘
1743,10:12:25,23.72,0.01,4,9488,买盘
1744,10:12:13,23.71,--,50,118550,卖盘
1745,10:12:01,23.71,--,2,4742,卖盘
1746,10:11:55,23.71,--,12,28452,卖盘
1747,10:11:49,23.71,0.01,10,23710,中性盘
1748,10:11:10,23.7,--,2,4740,卖盘
1749,10:11:07,23.7,-0.01,6,14220,卖盘
1750,10:10:52,23.71,0.01,10,23710,买盘
1751,10:10:49,23.7,-0.06,2,4740,卖盘
1752,10:10:40,23.76,0.05,35,83160,买盘
1753,10:10:37,23.71,0.02,2,4742,中性盘
1754,10:10:25,23.69,-0.08,47,111343,卖盘
1755,10:10:22,23.77,0.07,20,47540,买盘
1756,10:10:16,23.7,-0.05,100,237000,卖盘
1757,10:10:13,23.75,-0.01,5,11875,卖盘
1758,10:10:07,23.76,0.01,9,21384,买盘
1759,10:10:01,23.75,--,10,23750,卖盘
1760,10:09:58,23.75,0.03,241,574465,买盘
1761,10:09:49,23.72,0.01,18,42696,买盘
1762,10:09:46,23.71,--,10,23710,卖盘
1763,10:09:28,23.71,--,10,23710,卖盘
1764,10:09:13,23.71,-0.01,2,4742,卖盘
1765,10:09:07,23.72,-0.01,11,26092,卖盘
1766,10:09:01,23.73,--,5,11865,买盘
1767,10:08:49,23.73,--,20,47460,买盘
1768,10:08:43,23.73,-0.02,42,99666,卖盘
1769,10:08:37,23.75,0.01,7,16625,买盘
1770,10:08:34,23.74,--,4,9496,卖盘
1771,10:08:25,23.74,--,18,42732,卖盘
1772,10:08:22,23.74,--,24,56975,卖盘
1773,10:08:19,23.74,-0.01,15,35610,卖盘
1774,10:08:16,23.75,0.01,70,166250,买盘
1775,10:08:04,23.74,-0.01,2,4748,卖盘
1776,10:08:01,23.75,--,3,7125,买盘
1777,10:07:58,23.75,--,60,142785,卖盘
1778,10:07:55,23.75,--,62,149340,买盘
1779,10:07:46,23.75,0.01,10,23750,买盘
1780,10:07:40,23.74,-0.01,4,9496,卖盘
1781,10:07:34,23.75,--,5,11875,买盘
1782,10:07:28,23.75,--,60,142500,买盘
1783,10:07:22,23.75,--,12,28785,卖盘
1784,10:07:13,23.75,--,17,40375,卖盘
1785,10:07:07,23.75,-0.01,9,21375,卖盘
1786,10:07:01,23.76,0.01,21,49896,买盘
1787,10:06:58,23.75,--,2,4750,卖盘
1788,10:06:55,23.75,--,6,14250,卖盘
1789,10:06:52,23.75,--,3,7125,卖盘
1790,10:06:46,23.75,--,8,19000,卖盘
1791,10:06:43,23.75,--,7,16625,卖盘
1792,10:06:37,23.75,--,4,9500,卖盘
1793,10:06:31,23.75,--,26,61750,卖盘
1794,10:06:28,23.75,-0.01,15,35625,卖盘
1795,10:06:25,23.76,0.01,5,11880,买盘
1796,10:06:13,23.75,--,4,9500,卖盘
1797,10:06:10,23.75,-0.01,2,4750,卖盘
1798,10:06:07,23.76,--,15,35640,卖盘
1799,10:05:55,23.76,-0.01,14,33264,卖盘
1800,10:05:49,23.77,0.01,8,19016,买盘
1801,10:05:43,23.76,--,50,118800,卖盘
1802,10:05:40,23.76,--,5,11880,卖盘
1803,10:05:31,23.76,--,4,9504,卖盘
1804,10:05:28,23.76,--,3,7128,卖盘
1805,10:05:22,23.76,--,1,2376,卖盘
1806,10:05:10,23.76,--,13,30888,卖盘
1807,10:05:07,23.76,--,32,76032,卖盘
1808,10:05:01,23.76,-0.01,1,2376,卖盘
1809,10:04:55,23.77,0.01,2,4754,买盘
1810,10:04:49,23.76,-0.01,1,2376,卖盘
1811,10:04:40,23.77,--,16,38032,买盘
1812,10:04:37,23.77,0.01,10,23770,买盘
1813,10:04:34,23.76,--,18,42768,卖盘
1814,10:04:28,23.76,-0.01,6,14256,卖盘
1815,10:04:13,23.77,-0.01,116,275732,卖盘
1816,10:04:07,23.78,--,5,11890,卖盘
1817,10:04:04,23.78,0.01,13,30914,买盘
1818,10:03:49,23.77,--,10,23770,卖盘
1819,10:03:43,23.77,0.01,6,14262,买盘
1820,10:03:40,23.76,-0.01,128,304128,卖盘
1821,10:03:31,23.77,0.01,4,9508,买盘
1822,10:03:22,23.76,0.01,2,4752,中性盘
1823,10:03:19,23.75,-0.01,1,2375,卖盘
1824,10:03:07,23.76,0.01,21,49896,中性盘
1825,10:03:01,23.75,-0.01,19,45125,卖盘
1826,10:02:58,23.76,--,11,26136,卖盘
1827,10:02:46,23.76,--,6,14256,卖盘
1828,10:02:43,23.76,--,14,33264,卖盘
1829,10:02:40,23.76,--,17,40582,卖盘
1830,10:02:34,23.76,0.01,25,61300,买盘
1831,10:02:31,23.75,--,7,16625,卖盘
1832,10:02:28,23.75,--,10,23750,卖盘
1833,10:02:25,23.75,--,3,7125,卖盘
1834,10:02:22,23.75,--,6,14250,卖盘
1835,10:02:19,23.75,0.01,30,71250,中性盘
1836,10:02:10,23.74,-0.02,4,9496,卖盘
1837,10:02:07,23.76,--,30,71280,买盘
1838,10:01:58,23.76,0.01,10,23760,买盘
1839,10:01:55,23.75,--,0,475,卖盘
1840,10:01:52,23.75,--,2,4750,卖盘
1841,10:01:49,23.75,--,12,28500,卖盘
1842,10:01:46,23.75,--,8,19000,卖盘
1843,10:01:40,23.75,--,13,30875,卖盘
1844,10:01:37,23.75,--,5,11875,卖盘
1845,10:01:34,23.75,-0.01,3,7125,卖盘
1846,10:01:31,23.76,0.01,11,26136,买盘
1847,10:01:25,23.75,--,10,23750,卖盘
1848,10:01:16,23.75,--,11,26125,卖盘
1849,10:01:10,23.75,--,13,32775,买盘
1850,10:01:07,23.75,--,23,54625,买盘
1851,10:01:01,23.75,--,19,45125,买盘
1852,10:00:58,23.75,0.01,21,49875,买盘
1853,10:00:52,23.74,0.01,23,54602,卖盘
1854,10:00:49,23.73,-0.01,102,242046,卖盘
1855,10:00:40,23.74,0.01,12,28487,买盘
1856,10:00:34,23.73,--,3,7119,卖盘
1857,10:00:28,23.73,0.01,6,14238,买盘
1858,10:00:07,23.72,--,6,14232,卖盘
1859,10:00:01,23.72,0.01,32,75904,买盘
1860,09:59:55,23.71,-0.01,3,7113,卖盘
1861,09:59:52,23.72,0.01,10,23720,买盘
1862,09:59:49,23.71,--,10,23710,买盘
1863,09:59:43,23.71,0.01,31,73501,买盘
1864,09:59:40,23.7,-0.01,106,251220,卖盘
1865,09:59:37,23.71,--,23,54533,卖盘
1866,09:59:31,23.71,-0.01,5,11855,卖盘
1867,09:59:28,23.72,--,5,11860,买盘
1868,09:59:25,23.72,0.01,10,23720,买盘
1869,09:59:16,23.71,--,3,7113,卖盘
1870,09:59:13,23.71,--,1,2371,卖盘
1871,09:59:10,23.71,--,16,37936,买盘
1872,09:59:07,23.71,--,3,7113,买盘
1873,09:59:04,23.71,--,36,85356,买盘
1874,09:58:55,23.71,-0.01,90,213390,卖盘
1875,09:58:52,23.72,--,4,9488,卖盘
1876,09:58:37,23.72,-0.02,50,118600,卖盘
1877,09:58:31,23.74,0.01,10,23740,买盘
1878,09:58:22,23.73,--,4,9492,卖盘
1879,09:58:19,23.73,--,6,14238,卖盘
1880,09:58:13,23.73,0.01,7,16611,中性盘
1881,09:57:43,23.72,-0.03,2,4744,中性盘
1882,09:57:25,23.75,0.03,20,47500,买盘
1883,09:57:22,23.72,-0.03,96,228186,卖盘
1884,09:57:19,23.75,--,10,23750,卖盘
1885,09:57:16,23.75,--,5,11875,卖盘
1886,09:57:13,23.75,--,10,23750,卖盘
1887,09:57:10,23.75,-0.01,9,21375,卖盘
1888,09:57:04,23.76,0.03,2,4752,买盘
1889,09:56:43,23.73,-0.02,100,237300,卖盘
1890,09:56:37,23.75,--,7,16625,卖盘
1891,09:56:25,23.75,-0.01,31,73625,卖盘
1892,09:56:16,23.76,0.01,9,21384,买盘
1893,09:56:10,23.75,-0.01,8,19000,卖盘
1894,09:56:07,23.76,--,10,23760,买盘
1895,09:56:04,23.76,--,101,239976,卖盘
1896,09:56:01,23.76,--,6,14256,卖盘
1897,09:55:58,23.76,--,12,28512,卖盘
1898,09:55:49,23.76,--,3,7128,买盘
1899,09:55:46,23.76,--,30,71280,卖盘
1900,09:55:37,23.76,--,31,73656,卖盘
1901,09:55:34,23.76,-0.02,2,4752,卖盘
1902,09:55:28,23.78,0.01,59,140302,买盘
1903,09:55:22,23.77,--,3,7131,卖盘
1904,09:55:16,23.77,-0.03,8,19016,卖盘
1905,09:55:10,23.8,0.03,181,430780,买盘
1906,09:55:04,23.77,0.02,2,4754,卖盘
1907,09:54:49,23.75,--,100,237500,卖盘
1908,09:54:40,23.75,-0.02,14,33250,卖盘
1909,09:54:37,23.77,--,1,2377,买盘
1910,09:54:34,23.77,--,10,23770,中性盘
1911,09:54:31,23.77,--,28,66556,卖盘
1912,09:54:28,23.77,0.02,5,11885,中性盘
1913,09:54:03,23.75,-0.03,3,7125,卖盘
1914,09:54:00,23.78,--,9,21402,卖盘
1915,09:53:57,23.78,0.04,41,97498,买盘
1916,09:53:42,23.74,-0.03,24,56975,卖盘
1917,09:53:39,23.77,--,8,19016,卖盘
1918,09:53:36,23.77,--,2,4754,卖盘
1919,09:53:33,23.77,--,3,7131,卖盘
1920,09:53:30,23.77,--,10,23770,买盘
1921,09:53:27,23.77,0.03,204,484908,买盘
1922,09:53:21,23.74,--,10,23740,卖盘
1923,09:53:15,23.74,--,14,33236,卖盘
1924,09:53:12,23.74,--,22,52228,卖盘
1925,09:53:00,23.74,--,4,9496,卖盘
1926,09:52:57,23.74,--,11,26114,卖盘
1927,09:52:45,23.74,0.01,11,26114,买盘
1928,09:52:42,23.73,--,27,64071,卖盘
1929,09:52:39,23.73,--,5,11865,卖盘
1930,09:52:36,23.73,--,9,21357,卖盘
1931,09:52:33,23.73,--,31,73563,卖盘
1932,09:52:21,23.73,--,65,154245,卖盘
1933,09:52:12,23.73,--,2,4746,卖盘
1934,09:52:06,23.73,--,4,9492,卖盘
1935,09:52:03,23.73,--,59,141905,卖盘
1936,09:51:54,23.73,0.07,40,94920,买盘
1937,09:51:51,23.66,-0.04,101,238966,卖盘
1938,09:51:48,23.7,-0.02,12,28440,卖盘
1939,09:51:45,23.72,-0.02,10,23720,中性盘
1940,09:51:33,23.74,--,268,636232,买盘
1941,09:51:27,23.74,0.02,6,14243,买盘
1942,09:51:18,23.72,--,6,14232,卖盘
1943,09:51:15,23.72,--,1,2372,卖盘
1944,09:51:12,23.72,--,6,14232,卖盘
1945,09:51:09,23.72,--,1,2372,卖盘
1946,09:51:03,23.72,--,40,94880,卖盘
1947,09:50:51,23.72,--,57,135204,卖盘
1948,09:50:48,23.72,-0.02,4,9488,卖盘
1949,09:50:45,23.74,--,13,30861,买盘
1950,09:50:42,23.74,--,1,2374,卖盘
1951,09:50:39,23.74,-0.03,27,64097,卖盘
1952,09:50:36,23.77,--,2,4754,买盘
1953,09:50:33,23.77,--,14,33278,卖盘
1954,09:50:30,23.77,--,1,2377,卖盘
1955,09:50:27,23.77,-0.03,7,16639,卖盘
1956,09:50:21,23.8,0.03,273,649835,买盘
1957,09:50:18,23.77,-0.03,3,7131,卖盘
1958,09:50:15,23.8,0.03,10,23800,买盘
1959,09:50:12,23.77,--,2,4754,卖盘
1960,09:50:09,23.77,--,4,9508,卖盘
1961,09:50:03,23.77,--,28,66556,卖盘
1962,09:50:00,23.77,-0.03,38,90326,卖盘
1963,09:49:57,23.8,-0.02,34,80920,卖盘
1964,09:49:54,23.82,-0.05,2,4764,中性盘
1965,09:49:48,23.87,0.07,3,7161,买盘
1966,09:49:42,23.8,-0.05,2,4760,卖盘
1967,09:49:39,23.85,0.03,10,23850,买盘
1968,09:49:36,23.82,0.02,7,16674,买盘
1969,09:49:33,23.8,-0.08,2,4760,卖盘
1970,09:49:24,23.88,0.09,250,597000,买盘
1971,09:49:15,23.79,-0.01,9,21411,卖盘
1972,09:48:57,23.8,-0.01,130,309400,卖盘
1973,09:48:54,23.81,0.01,37,88097,买盘
1974,09:48:51,23.8,--,3,7140,卖盘
1975,09:48:45,23.8,--,25,59500,卖盘
1976,09:48:33,23.8,--,20,47600,卖盘
1977,09:48:30,23.8,-0.01,18,42840,卖盘
1978,09:48:24,23.81,--,10,23810,买盘
1979,09:48:12,23.81,--,5,11905,卖盘
1980,09:48:00,23.81,-0.01,5,11905,卖盘
1981,09:47:57,23.82,0.02,4,9528,买盘
1982,09:47:42,23.8,-0.02,33,78540,卖盘
1983,09:47:39,23.82,--,5,11910,买盘
1984,09:47:30,23.82,0.01,9,21438,买盘
1985,09:47:24,23.81,--,6,14286,卖盘
1986,09:47:18,23.81,-0.01,10,23810,卖盘
1987,09:47:12,23.82,--,3,7146,买盘
1988,09:47:06,23.82,--,10,23820,买盘
1989,09:47:03,23.82,0.01,15,35730,买盘
1990,09:46:54,23.81,-0.01,6,14286,卖盘
1991,09:46:51,23.82,0.01,4,9528,买盘
1992,09:46:48,23.81,-0.01,19,45239,卖盘
1993,09:46:39,23.82,--,1,2382,买盘
1994,09:46:36,23.82,--,15,35730,卖盘
1995,09:46:30,23.82,-0.01,10,23820,卖盘
1996,09:46:27,23.83,--,7,16681,买盘
1997,09:46:21,23.83,--,36,85788,卖盘
1998,09:46:12,23.83,-0.01,1,2383,卖盘
1999,09:46:06,23.84,0.03,5,11920,中性盘
2000,09:45:51,23.81,-0.04,31,73811,卖盘
2001,09:45:45,23.85,-0.02,3,7155,买盘
2002,09:45:36,23.87,0.02,30,71610,买盘
2003,09:45:33,23.85,--,67,159795,卖盘
2004,09:45:30,23.85,--,39,93015,卖盘
2005,09:45:27,23.85,--,34,81090,卖盘
2006,09:45:24,23.85,--,100,238500,卖盘
2007,09:45:21,23.85,--,5,11925,卖盘
2008,09:45:09,23.85,0.05,95,226575,买盘
2009,09:45:00,23.8,0.01,148,353334,买盘
2010,09:44:57,23.79,-0.01,86,204594,卖盘
2011,09:44:48,23.8,--,1,2380,买盘
2012,09:44:45,23.8,-0.03,200,477285,卖盘
2013,09:44:42,23.83,0.01,51,121532,买盘
2014,09:44:36,23.82,--,3,7146,卖盘
2015,09:44:30,23.82,--,12,28584,卖盘
2016,09:44:27,23.82,--,5,11910,卖盘
2017,09:44:24,23.82,0.02,143,341721,买盘
2018,09:44:21,23.8,-0.01,1,3665,卖盘
2019,09:44:18,23.81,0.01,21,50024,买盘
2020,09:44:06,23.8,--,12,29631,买盘
2021,09:44:00,23.8,--,6,15589,卖盘
2022,09:43:57,23.8,--,2,4760,卖盘
2023,09:43:54,23.8,--,10,23800,卖盘
2024,09:43:48,23.8,--,2,4760,卖盘
2025,09:43:42,23.8,-0.01,54,129591,卖盘
2026,09:43:36,23.81,0.01,9,21429,买盘
2027,09:43:33,23.8,-0.01,4,9520,卖盘
2028,09:43:30,23.81,--,6,14286,买盘
2029,09:43:27,23.81,--,14,33334,买盘
2030,09:43:15,23.81,0.01,20,47620,买盘
2031,09:43:06,23.8,--,13,30940,卖盘
2032,09:43:00,23.8,--,1,2380,卖盘
2033,09:42:57,23.8,--,2,4760,卖盘
2034,09:42:54,23.8,--,16,38080,卖盘
2035,09:42:42,23.8,--,2,4760,卖盘
2036,09:42:39,23.8,0.01,3,7140,买盘
2037,09:42:33,23.79,--,1,2379,卖盘
2038,09:42:27,23.79,0.01,84,199836,买盘
2039,09:42:21,23.78,0.02,23,54694,卖盘
2040,09:42:15,23.76,--,141,335681,买盘
2041,09:42:06,23.76,--,5,11880,买盘
2042,09:42:00,23.76,--,1,2376,买盘
2043,09:41:48,23.76,--,5,11880,买盘
2044,09:41:42,23.76,-0.03,115,275473,卖盘
2045,09:41:39,23.79,-0.01,21,49959,买盘
2046,09:41:33,23.8,0.02,9,21420,买盘
2047,09:41:30,23.78,-0.02,64,152192,卖盘
2048,09:41:27,23.8,--,1,2380,买盘
2049,09:41:24,23.8,--,1,2380,卖盘
2050,09:41:21,23.8,--,100,238000,卖盘
2051,09:41:15,23.8,--,15,35700,卖盘
2052,09:41:12,23.8,--,3,7140,卖盘
2053,09:41:09,23.8,--,1,2380,卖盘
2054,09:41:03,23.8,--,3,7140,卖盘
2055,09:41:00,23.8,-0.02,7,16660,卖盘
2056,09:40:57,23.82,-0.01,3,7146,中性盘
2057,09:40:45,23.83,-0.01,3,7148,中性盘
2058,09:40:30,23.84,--,16,38144,中性盘
2059,09:40:21,23.84,--,20,47680,买盘
2060,09:40:15,23.84,0.01,132,315331,买盘
2061,09:40:12,23.83,--,47,112000,卖盘
2062,09:40:09,23.83,-0.01,20,47660,卖盘
2063,09:40:06,23.84,0.01,70,166880,买盘
2064,09:40:00,23.83,--,1,4122,买盘
2065,09:39:57,23.83,--,10,23830,买盘
2066,09:39:54,23.83,--,10,23830,买盘
2067,09:39:48,23.83,0.06,1,2383,买盘
2068,09:39:45,23.77,-0.06,20,47540,卖盘
2069,09:39:39,23.83,0.01,59,140597,买盘
2070,09:39:36,23.82,0.01,2,4764,卖盘
2071,09:39:33,23.81,0.04,2,4762,卖盘
2072,09:39:27,23.77,-0.04,122,290136,卖盘
2073,09:39:24,23.81,-0.02,3,7143,卖盘
2074,09:39:21,23.83,--,2,4766,买盘
2075,09:39:18,23.83,0.05,6,14297,买盘
2076,09:39:12,23.78,-0.05,31,73718,卖盘
2077,09:39:09,23.83,0.02,20,47660,买盘
2078,09:39:06,23.81,0.03,22,52382,买盘
2079,09:39:03,23.78,-0.02,13,30914,卖盘
2080,09:39:00,23.8,-0.01,4,9520,卖盘
2081,09:38:57,23.81,--,6,14286,买盘
2082,09:38:54,23.81,0.03,8,19048,买盘
2083,09:38:51,23.78,-0.02,112,266336,卖盘
2084,09:38:48,23.8,--,32,76160,卖盘
2085,09:38:42,23.8,0.02,271,644980,买盘
2086,09:38:39,23.78,--,108,256824,卖盘
2087,09:38:36,23.78,-0.02,14,33292,卖盘
2088,09:38:30,23.8,--,2,4760,买盘
2089,09:38:24,23.8,0.02,8,19040,买盘
2090,09:38:21,23.78,0.01,5,11890,中性盘
2091,09:38:18,23.77,-0.01,35,83195,卖盘
2092,09:38:15,23.78,-0.02,3,7134,卖盘
2093,09:38:12,23.8,0.02,27,64260,买盘
2094,09:38:09,23.78,0.01,12,28536,买盘
2095,09:38:06,23.77,-0.01,16,38032,卖盘
2096,09:38:03,23.78,--,10,23780,买盘
2097,09:38:00,23.78,0.01,41,97498,卖盘
2098,09:37:57,23.77,-0.01,17,40409,卖盘
2099,09:37:54,23.78,--,7,16646,卖盘
2100,09:37:51,23.78,--,7,16646,卖盘
2101,09:37:48,23.78,0.01,56,133168,买盘
2102,09:37:45,23.77,-0.01,11,26147,卖盘
2103,09:37:42,23.78,--,35,83230,买盘
2104,09:37:36,23.78,-0.02,39,92742,卖盘
2105,09:37:24,23.8,--,3,7140,买盘
2106,09:37:21,23.8,0.02,24,57120,买盘
2107,09:37:06,23.78,--,1,2378,卖盘
2108,09:36:57,23.78,--,3,7134,卖盘
2109,09:36:48,23.78,--,17,40426,卖盘
2110,09:36:39,23.78,-0.02,18,42804,卖盘
2111,09:36:27,23.8,0.02,209,497420,买盘
2112,09:36:15,23.78,-0.01,16,38048,卖盘
2113,09:36:12,23.79,-0.01,8,19032,卖盘
2114,09:36:00,23.8,--,247,587860,卖盘
2115,09:35:54,23.8,--,5,11900,卖盘
2116,09:35:48,23.8,-0.01,17,40460,卖盘
2117,09:35:42,23.81,--,43,102383,买盘
2118,09:35:39,23.81,0.01,64,152384,买盘
2119,09:35:36,23.8,-0.01,20,47600,卖盘
2120,09:35:33,23.81,0.01,2,4762,买盘
2121,09:35:30,23.8,-0.01,100,238000,卖盘
2122,09:35:27,23.81,-0.02,33,78573,中性盘
2123,09:35:21,23.83,--,37,88171,买盘
2124,09:34:56,23.83,0.03,4,9532,买盘
2125,09:34:50,23.8,--,11,26180,卖盘
2126,09:34:47,23.8,--,31,73780,卖盘
2127,09:34:44,23.8,-0.02,18,42840,卖盘
2128,09:34:41,23.82,0.01,23,54786,买盘
2129,09:34:32,23.81,0.01,23,54763,买盘
2130,09:34:29,23.8,-0.01,90,214200,卖盘
2131,09:34:23,23.81,--,1,2381,买盘
2132,09:34:20,23.81,0.01,2,4762,买盘
2133,09:34:17,23.8,-0.02,27,64260,卖盘
2134,09:34:14,23.82,0.01,41,97662,买盘
2135,09:34:11,23.81,0.01,25,59525,买盘
2136,09:34:08,23.8,-0.02,2,4760,卖盘
2137,09:33:59,23.82,0.01,12,28584,买盘
2138,09:33:56,23.81,0.01,2,4762,中性盘
2139,09:33:50,23.8,--,2,4760,卖盘
2140,09:33:44,23.8,--,21,49980,卖盘
2141,09:33:41,23.8,--,4,9520,卖盘
2142,09:33:38,23.8,--,2,4760,卖盘
2143,09:33:35,23.8,--,8,19040,卖盘
2144,09:33:32,23.8,-0.02,37,88060,卖盘
2145,09:33:23,23.82,0.02,7,16674,卖盘
2146,09:33:20,23.8,-0.01,7,16660,卖盘
2147,09:33:17,23.81,-0.04,20,47620,中性盘
2148,09:33:14,23.85,0.02,20,47700,买盘
2149,09:33:11,23.83,0.01,4,9532,买盘
2150,09:33:08,23.82,-0.01,13,30966,买盘
2151,09:33:05,23.83,0.01,21,50043,买盘
2152,09:32:56,23.82,0.02,2,4764,中性盘
2153,09:32:50,23.8,--,7,16660,卖盘
2154,09:32:47,23.8,-0.03,33,78540,卖盘
2155,09:32:44,23.83,0.03,13,30978,买盘
2156,09:32:41,23.8,--,5,11900,卖盘
2157,09:32:38,23.8,--,2,4760,卖盘
2158,09:32:35,23.8,-0.01,2,4760,卖盘
2159,09:32:29,23.81,0.01,11,26191,买盘
2160,09:32:26,23.8,--,6,14280,卖盘
2161,09:32:20,23.8,--,6,14280,卖盘
2162,09:32:17,23.8,0.02,41,97580,买盘
2163,09:32:08,23.78,-0.02,5,11890,卖盘
2164,09:32:05,23.8,0.04,11,26180,买盘
2165,09:31:47,23.76,-0.02,6,14256,卖盘
2166,09:31:44,23.78,-0.02,17,40426,卖盘
2167,09:31:32,23.8,0.04,8,19040,买盘
2168,09:31:26,23.76,-0.04,8,19008,卖盘
2169,09:31:23,23.8,0.07,10,23800,买盘
2170,09:31:17,23.73,-0.03,32,75936,卖盘
2171,09:31:14,23.76,--,5,11880,买盘
2172,09:31:11,23.76,0.05,7,16632,中性盘
2173,09:30:53,23.71,--,17,40307,卖盘
2174,09:30:50,23.71,-0.05,26,61646,卖盘
2175,09:30:41,23.76,0.05,5,11880,买盘
2176,09:30:26,23.71,-0.05,2,4742,卖盘
2177,09:30:23,23.76,0.05,1,2376,买盘
2178,09:30:20,23.71,--,2,4742,卖盘
2179,09:30:17,23.71,--,10,23710,卖盘
2180,09:30:14,23.71,-0.04,27,64017,卖盘
2181,09:30:11,23.75,--,3,7125,卖盘
2182,09:30:08,23.75,0.03,7,16625,卖盘
2183,09:30:05,23.72,0.01,138,327359,买盘
2184,09:30:02,23.71,-0.15,81,192051,卖盘
2185,09:25:35,23.86,--,0,0,买盘
2186,09:25:05,23.86,23.86,107,255302,买盘
