,time,price,change,volume,amount,type
0,15:00:22,10.67,0.01,1684,1797702,卖盘
1,14:57:49,10.66,--,0,0,买盘
2,14:57:01,10.66,--,38,40508,卖盘
3,14:56:58,10.66,-0.01,83,88478,卖盘
4,14:56:55,10.67,--,3051,3255417,买盘
5,14:56:52,10.67,--,47,50149,买盘
6,14:56:49,10.67,--,199,212333,买盘
7,14:56:46,10.67,0.01,85,90695,买盘
8,14:56:43,10.66,--,34,36244,卖盘
9,14:56:37,10.66,--,69,73554,卖盘
10,14:56:31,10.66,-0.01,11,11726,卖盘
11,14:56:19,10.67,0.01,163,173921,买盘
12,14:56:13,10.66,-0.01,130,138580,卖盘
13,14:56:10,10.67,0.01,17,18139,买盘
14,14:56:07,10.66,--,19,20254,卖盘
15,14:56:04,10.66,-0.01,49,52234,卖盘
16,14:55:55,10.67,--,81,86427,买盘
17,14:55:52,10.67,0.01,23,24541,买盘
18,14:55:49,10.66,--,141,150306,卖盘
19,14:55:46,10.66,--,79,84214,卖盘
20,14:55:40,10.66,--,6,6396,卖盘
21,14:55:37,10.66,--,50,53300,卖盘
22,14:55:34,10.66,-0.01,145,154570,卖盘
23,14:55:31,10.67,0.01,29,30943,买盘
24,14:55:28,10.66,--,28,29848,卖盘
25,14:55:25,10.66,--,27,28782,卖盘
26,14:55:22,10.66,--,706,753619,买盘
27,14:55:16,10.66,--,4,4264,买盘
28,14:55:13,10.66,--,296,315578,卖盘
29,14:55:10,10.66,--,17,18122,卖盘
30,14:55:04,10.66,--,68,72488,卖盘
31,14:54:58,10.66,--,50,53300,卖盘
32,14:54:55,10.66,--,9,9594,卖盘
33,14:54:52,10.66,0.01,88,94831,买盘
34,14:54:49,10.65,-0.01,36,38340,卖盘
35,14:54:40,10.66,--,5,5330,买盘
36,14:54:37,10.66,--,132,140712,买盘
37,14:54:28,10.66,--,94,100204,买盘
38,14:54:25,10.66,--,20,21320,买盘
39,14:54:22,10.66,--,91,97006,买盘
40,14:54:19,10.66,--,10,10660,买盘
41,14:54:16,10.66,--,31,33046,买盘
42,14:54:13,10.66,--,24,25584,买盘
43,14:54:07,10.66,--,101,107666,买盘
44,14:54:04,10.66,--,1548,1650168,卖盘
45,14:54:01,10.66,-0.01,10,10660,卖盘
46,14:53:55,10.67,0.01,177,188859,买盘
47,14:53:46,10.66,--,97,103402,卖盘
48,14:53:43,10.66,--,10,10660,卖盘
49,14:53:37,10.66,-0.01,77,82082,卖盘
50,14:53:34,10.67,0.01,192,204864,买盘
51,14:53:31,10.66,-0.01,2,2132,卖盘
52,14:53:28,10.67,--,46,49082,买盘
53,14:53:25,10.67,0.01,166,177122,买盘
54,14:53:22,10.66,--,15,15990,买盘
55,14:53:19,10.66,-0.01,10,10660,中性盘
56,14:53:16,10.67,0.01,87,92829,买盘
57,14:53:13,10.66,--,15,15990,买盘
58,14:53:10,10.66,-0.01,156,167106,卖盘
59,14:53:07,10.67,0.01,87,92829,买盘
60,14:53:04,10.66,--,11,11726,卖盘
61,14:52:55,10.66,-0.01,1,1066,卖盘
62,14:52:49,10.67,0.01,8,8792,买盘
63,14:52:46,10.66,0.01,87,92742,买盘
64,14:52:43,10.65,-0.01,25,26625,卖盘
65,14:52:37,10.66,--,3,3198,买盘
66,14:52:34,10.66,--,219,234264,卖盘
67,14:52:31,10.66,-0.01,100,106600,卖盘
68,14:52:28,10.67,--,2,2134,买盘
69,14:52:25,10.67,0.01,87,92829,买盘
70,14:52:22,10.66,--,3,3198,卖盘
71,14:52:16,10.66,--,82,87412,卖盘
72,14:52:10,10.66,--,13,13858,卖盘
73,14:52:07,10.66,--,136,144976,卖盘
74,14:51:55,10.66,--,5,5330,卖盘
75,14:51:49,10.66,--,78,83403,买盘
76,14:51:46,10.66,--,100,106600,买盘
77,14:51:40,10.66,--,327,348582,买盘
78,14:51:37,10.66,--,94,100204,买盘
79,14:51:28,10.66,--,99,105534,买盘
80,14:51:25,10.66,--,2,2132,买盘
81,14:51:19,10.66,--,2,2132,买盘
82,14:51:16,10.66,--,85,90610,买盘
83,14:51:13,10.66,--,176,188426,卖盘
84,14:51:04,10.66,--,189,201729,买盘
85,14:51:01,10.66,--,22,23452,买盘
86,14:50:58,10.66,--,61,65026,买盘
87,14:50:46,10.66,--,26,27716,买盘
88,14:50:43,10.66,--,11,11726,买盘
89,14:50:37,10.66,--,12,12792,买盘
90,14:50:34,10.66,--,31,33046,买盘
91,14:50:31,10.66,--,62,66092,买盘
92,14:50:28,10.66,--,10,10660,买盘
93,14:50:25,10.66,--,4,4264,买盘
94,14:50:19,10.66,0.01,36,38376,买盘
95,14:50:13,10.65,-0.01,22,23430,卖盘
96,14:50:07,10.66,--,4,4264,买盘
97,14:50:04,10.66,0.01,10,10660,买盘
98,14:50:01,10.65,--,27,28755,卖盘
99,14:49:55,10.65,--,57,60705,卖盘
100,14:49:52,10.65,-0.01,29,30885,卖盘
101,14:49:49,10.66,0.01,100,106600,买盘
102,14:49:43,10.65,--,20,21300,卖盘
103,14:49:28,10.65,--,19,20235,卖盘
104,14:49:13,10.65,-0.01,58,61770,卖盘
105,14:49:07,10.66,0.01,2,2132,买盘
106,14:49:04,10.65,--,57,60705,卖盘
107,14:48:58,10.65,--,30,31950,卖盘
108,14:48:55,10.65,--,27,28755,卖盘
109,14:48:43,10.65,-0.01,150,159750,卖盘
110,14:48:34,10.66,0.01,21,22386,买盘
111,14:48:28,10.65,-0.01,2,2130,卖盘
112,14:48:22,10.66,--,6,6396,买盘
113,14:48:13,10.66,0.01,51,54366,买盘
114,14:48:10,10.65,-0.01,110,117150,卖盘
115,14:48:07,10.66,0.01,20,21320,买盘
116,14:48:01,10.65,-0.01,2,2130,卖盘
117,14:47:58,10.66,--,1,1066,买盘
118,14:47:49,10.66,0.01,3,3198,买盘
119,14:47:46,10.65,--,4,4260,卖盘
120,14:47:43,10.65,--,176,187440,卖盘
121,14:47:34,10.65,-0.01,5,5325,卖盘
122,14:47:28,10.66,0.01,10,10660,买盘
123,14:47:25,10.65,-0.01,5,5325,卖盘
124,14:47:19,10.66,0.01,8,8528,买盘
125,14:47:13,10.65,--,234,249210,卖盘
126,14:47:10,10.65,--,3,3195,卖盘
127,14:47:07,10.65,-0.01,24,25560,卖盘
128,14:47:04,10.66,--,27,28782,买盘
129,14:47:01,10.66,--,3,3198,买盘
130,14:46:58,10.66,0.01,5,5330,买盘
131,14:46:55,10.65,-0.01,2021,2152365,卖盘
132,14:46:52,10.66,--,15,15990,买盘
133,14:46:46,10.66,--,245,261170,买盘
134,14:46:43,10.66,0.01,80,85280,买盘
135,14:46:40,10.65,-0.01,821,875046,卖盘
136,14:46:28,10.66,--,2,2132,卖盘
137,14:46:25,10.66,--,6,6396,卖盘
138,14:46:22,10.66,--,38,40508,卖盘
139,14:46:19,10.66,--,2,2132,卖盘
140,14:46:16,10.66,--,153,163098,卖盘
141,14:46:10,10.66,--,11,11726,卖盘
142,14:46:04,10.66,--,1,1066,卖盘
143,14:46:01,10.66,-0.01,11,11726,卖盘
144,14:45:55,10.67,0.01,51,54417,买盘
145,14:45:49,10.66,--,37,39442,卖盘
146,14:45:43,10.66,--,250,266500,卖盘
147,14:45:40,10.66,-0.01,100,106600,卖盘
148,14:45:34,10.67,0.01,22,23474,买盘
149,14:45:28,10.66,-0.01,50,53300,卖盘
150,14:45:25,10.67,--,20,21340,买盘
151,14:45:04,10.67,--,9,9603,买盘
152,14:45:01,10.67,0.01,50,53350,买盘
153,14:44:55,10.66,--,36,38376,卖盘
154,14:44:52,10.66,--,49,52234,卖盘
155,14:44:49,10.66,--,29,30914,卖盘
156,14:44:43,10.66,--,34,36244,卖盘
157,14:44:40,10.66,-0.01,128,136448,卖盘
158,14:44:31,10.67,--,6,6402,买盘
159,14:44:28,10.67,--,4,4268,买盘
160,14:44:25,10.67,--,50,53350,买盘
161,14:44:22,10.67,0.01,39,41613,买盘
162,14:44:19,10.66,--,8,8528,卖盘
163,14:44:13,10.66,--,15,15990,卖盘
164,14:44:10,10.66,--,184,196527,买盘
165,14:44:04,10.66,--,11,11726,买盘
166,14:44:01,10.66,--,16,17056,买盘
167,14:43:55,10.66,--,8,8528,买盘
168,14:43:52,10.66,0.01,49,52234,买盘
169,14:43:46,10.65,-0.01,18,19170,卖盘
170,14:43:43,10.66,--,732,780994,卖盘
171,14:43:40,10.66,--,100,106600,卖盘
172,14:43:37,10.66,-0.01,4,4264,卖盘
173,14:43:28,10.67,0.01,29,30943,买盘
174,14:43:25,10.66,--,20,21320,卖盘
175,14:43:22,10.66,-0.01,37,39442,卖盘
176,14:43:16,10.67,0.01,80,85360,买盘
177,14:43:07,10.66,-0.01,3,3198,卖盘
178,14:43:04,10.67,--,15,16005,买盘
179,14:42:46,10.67,0.01,11,11737,买盘
180,14:42:43,10.66,--,100,106600,卖盘
181,14:42:37,10.66,--,4,4264,卖盘
182,14:42:31,10.66,-0.01,13,13858,卖盘
183,14:42:18,10.67,--,1,1067,买盘
184,14:42:15,10.67,--,1078,1150226,卖盘
185,14:42:12,10.67,--,25,26675,卖盘
186,14:42:09,10.67,--,8,8536,卖盘
187,14:42:00,10.67,--,145,154715,卖盘
188,14:41:57,10.67,--,21,22407,卖盘
189,14:41:48,10.67,--,119,126973,卖盘
190,14:41:45,10.67,--,39,41613,卖盘
191,14:41:42,10.67,--,100,106700,卖盘
192,14:41:39,10.67,--,209,223003,卖盘
193,14:41:36,10.67,--,138,147246,卖盘
194,14:41:33,10.67,-0.01,6,6402,卖盘
195,14:41:27,10.68,0.01,43,45924,买盘
196,14:41:24,10.67,-0.01,1,1067,卖盘
197,14:41:21,10.68,0.01,4,4272,买盘
198,14:41:15,10.67,--,19,20273,卖盘
199,14:41:09,10.67,-0.01,19,20273,卖盘
200,14:41:03,10.68,--,210,224280,买盘
201,14:40:57,10.68,0.02,5,5340,买盘
202,14:40:54,10.66,--,165,175890,卖盘
203,14:40:45,10.66,-0.02,100,106600,卖盘
204,14:40:39,10.68,--,56,59808,买盘
205,14:40:33,10.68,--,40,42720,买盘
206,14:40:12,10.68,--,10,10680,买盘
207,14:40:09,10.68,--,15,16020,买盘
208,14:40:06,10.68,--,10,10680,买盘
209,14:40:00,10.68,0.02,34,36312,买盘
210,14:39:57,10.66,--,41,43706,卖盘
211,14:39:54,10.66,--,15,15990,卖盘
212,14:39:48,10.66,-0.02,29,31297,卖盘
213,14:39:42,10.68,0.02,140,149520,买盘
214,14:39:33,10.66,-0.02,16,17056,卖盘
215,14:39:27,10.68,--,44,46992,买盘
216,14:39:24,10.68,0.01,20,21360,买盘
217,14:39:21,10.67,-0.01,1,1067,中性盘
218,14:39:15,10.68,--,9,9612,买盘
219,14:39:09,10.68,0.01,1263,1348884,买盘
220,14:39:03,10.67,0.01,9,9603,买盘
221,14:39:00,10.66,--,261,278226,卖盘
222,14:38:57,10.66,--,10,10660,卖盘
223,14:38:51,10.66,-0.01,10,10660,卖盘
224,14:38:48,10.67,--,10,10670,买盘
225,14:38:45,10.67,--,75,80025,买盘
226,14:38:39,10.67,--,10,10670,买盘
227,14:38:36,10.67,--,9,9603,买盘
228,14:38:30,10.67,0.01,9,9603,买盘
229,14:38:18,10.66,-0.01,3,3198,卖盘
230,14:38:12,10.67,--,37,39479,买盘
231,14:38:06,10.67,--,1,1067,买盘
232,14:37:57,10.67,--,17,18565,卖盘
233,14:37:54,10.67,--,22,24114,买盘
234,14:37:51,10.67,--,17,18139,买盘
235,14:37:48,10.67,--,18,19206,买盘
236,14:37:45,10.67,-0.01,210,224496,卖盘
237,14:37:42,10.68,0.01,3,3204,买盘
238,14:37:33,10.67,--,15,16005,卖盘
239,14:37:30,10.67,--,35,37345,卖盘
240,14:37:27,10.67,-0.01,697,743699,卖盘
241,14:37:21,10.68,--,5,5340,买盘
242,14:37:18,10.68,0.01,39,41652,买盘
243,14:37:15,10.67,-0.01,65,69355,卖盘
244,14:37:12,10.68,--,51,54468,买盘
245,14:37:09,10.68,--,26,27768,买盘
246,14:37:06,10.68,0.01,2,2136,买盘
247,14:37:03,10.67,-0.01,5,5335,卖盘
248,14:36:57,10.68,--,37,39516,买盘
249,14:36:51,10.68,--,6,6408,买盘
250,14:36:48,10.68,--,92,98256,买盘
251,14:36:45,10.68,--,1,1068,买盘
252,14:36:42,10.68,0.01,82,87576,买盘
253,14:36:39,10.67,-0.01,8,8536,卖盘
254,14:36:36,10.68,--,80,85440,买盘
255,14:36:33,10.68,--,55,58740,买盘
256,14:36:27,10.68,--,46,49128,买盘
257,14:36:24,10.68,--,11,11748,买盘
258,14:36:18,10.68,0.01,97,103596,买盘
259,14:36:15,10.67,-0.01,55,58685,卖盘
260,14:36:12,10.68,--,103,110644,买盘
261,14:36:09,10.68,--,70,74760,买盘
262,14:36:06,10.68,--,300,320400,买盘
263,14:36:03,10.68,0.01,104,111072,买盘
264,14:36:00,10.67,--,281,299827,卖盘
265,14:35:54,10.67,-0.01,65,69355,卖盘
266,14:35:51,10.68,--,16,17088,买盘
267,14:35:48,10.68,--,8,8544,买盘
268,14:35:42,10.68,--,6,6408,买盘
269,14:35:36,10.68,0.01,90,96120,买盘
270,14:35:30,10.67,--,15,16005,卖盘
271,14:35:27,10.67,--,12,12804,买盘
272,14:35:24,10.67,--,41,43747,买盘
273,14:35:18,10.67,--,31,33077,买盘
274,14:35:15,10.67,-0.01,30,32010,卖盘
275,14:35:12,10.68,0.01,2359,2519412,买盘
276,14:35:09,10.67,--,165,176055,卖盘
277,14:35:00,10.67,--,104,110968,买盘
278,14:34:57,10.67,--,10,10670,买盘
279,14:34:54,10.67,--,11,11737,买盘
280,14:34:51,10.67,--,143,152581,卖盘
281,14:34:48,10.67,--,60,64020,卖盘
282,14:34:45,10.67,--,17,18139,卖盘
283,14:34:42,10.67,0.01,29,30943,买盘
284,14:34:39,10.66,--,41,43706,卖盘
285,14:34:33,10.66,-0.01,5,5330,卖盘
286,14:34:27,10.67,--,2,2134,买盘
287,14:34:24,10.67,0.01,23,24541,买盘
288,14:34:18,10.66,-0.01,42,44772,卖盘
289,14:34:15,10.67,--,172,183524,买盘
290,14:34:09,10.67,--,119,126973,买盘
291,14:34:06,10.67,--,341,363847,买盘
292,14:34:03,10.67,--,9,9603,买盘
293,14:34:00,10.67,0.01,9,9603,买盘
294,14:33:54,10.66,-0.01,11,11726,卖盘
295,14:33:51,10.67,0.01,992,1058464,买盘
296,14:33:45,10.66,--,2403,2562237,买盘
297,14:33:39,10.66,--,60,63960,买盘
298,14:33:36,10.66,--,4,4264,买盘
299,14:33:33,10.66,--,5,5330,买盘
300,14:33:24,10.66,--,9,9594,买盘
301,14:33:21,10.66,0.01,18,19188,买盘
302,14:33:18,10.65,0.01,63,67095,买盘
303,14:33:12,10.64,-0.01,19,20216,卖盘
304,14:33:09,10.65,--,955,1017075,买盘
305,14:33:06,10.65,--,67,71355,买盘
306,14:33:03,10.65,--,19,20235,买盘
307,14:32:54,10.65,--,7,7455,买盘
308,14:32:51,10.65,0.01,15,15975,买盘
309,14:32:48,10.64,-0.01,13,13832,卖盘
310,14:32:45,10.65,--,146,155490,买盘
311,14:32:39,10.65,0.01,7,7455,买盘
312,14:32:36,10.64,--,1,1064,卖盘
313,14:32:33,10.64,-0.01,30,31920,卖盘
314,14:32:27,10.65,--,9,9585,买盘
315,14:32:24,10.65,--,10,10650,买盘
316,14:32:15,10.65,--,11,11715,买盘
317,14:32:06,10.65,--,9,9585,买盘
318,14:32:03,10.65,--,59,62835,买盘
319,14:32:00,10.65,0.01,40,42600,买盘
320,14:31:57,10.64,-0.01,51,54264,卖盘
321,14:31:48,10.65,0.01,14,14910,买盘
322,14:31:45,10.64,--,79,84864,买盘
323,14:31:42,10.64,0.01,146,155344,买盘
324,14:31:33,10.63,-0.01,5,5315,卖盘
325,14:31:30,10.64,--,3,3192,买盘
326,14:31:27,10.64,0.01,17,18088,买盘
327,14:31:24,10.63,-0.01,19,20197,卖盘
328,14:31:21,10.64,--,37,39368,买盘
329,14:31:18,10.64,--,10,10640,买盘
330,14:31:09,10.64,--,12,12768,买盘
331,14:31:06,10.64,--,3,3192,买盘
332,14:31:03,10.64,--,220,234080,买盘
333,14:30:48,10.64,0.01,24,25536,买盘
334,14:30:36,10.63,-0.01,12,12756,卖盘
335,14:30:33,10.64,--,30,31920,买盘
336,14:30:30,10.64,--,27,28728,买盘
337,14:30:21,10.64,--,231,245784,买盘
338,14:30:18,10.64,--,242,257743,卖盘
339,14:30:15,10.64,-0.01,19,20216,卖盘
340,14:30:12,10.65,0.01,39,41535,买盘
341,14:30:09,10.64,-0.01,37,39368,卖盘
342,14:30:06,10.65,0.01,355,378075,买盘
343,14:29:57,10.64,-0.01,5,5320,卖盘
344,14:29:54,10.65,0.01,18,19170,买盘
345,14:29:51,10.64,--,1,1064,卖盘
346,14:29:48,10.64,-0.01,50,53200,卖盘
347,14:29:45,10.65,0.01,19,20235,买盘
348,14:29:39,10.64,--,10,10640,卖盘
349,14:29:36,10.64,-0.01,197,209608,卖盘
350,14:29:33,10.65,0.01,110,117150,买盘
351,14:29:30,10.64,-0.01,40,42560,卖盘
352,14:29:24,10.65,0.01,3,3195,买盘
353,14:29:21,10.64,--,35,37240,卖盘
354,14:29:12,10.64,-0.01,106,112784,卖盘
355,14:29:06,10.65,--,10,10650,买盘
356,14:29:03,10.65,0.01,94,100110,买盘
357,14:28:54,10.64,--,213,227440,买盘
358,14:28:45,10.64,--,11,11704,买盘
359,14:28:39,10.64,--,7,7448,买盘
360,14:28:36,10.64,--,17,18088,买盘
361,14:28:30,10.64,-0.01,61,64904,卖盘
362,14:28:27,10.65,0.01,100,106500,买盘
363,14:28:21,10.64,0.01,107,113848,买盘
364,14:28:18,10.63,-0.01,6,6378,卖盘
365,14:28:15,10.64,--,6,6384,买盘
366,14:28:12,10.64,--,10,10640,买盘
367,14:28:06,10.64,--,10,10640,买盘
368,14:28:03,10.64,0.01,30,31920,买盘
369,14:27:57,10.63,-0.01,111,117993,卖盘
370,14:27:45,10.64,--,83,88312,买盘
371,14:27:33,10.64,--,46,48944,买盘
372,14:27:27,10.64,--,46,48944,买盘
373,14:27:21,10.64,--,100,106400,买盘
374,14:27:15,10.64,--,4,4256,买盘
375,14:27:12,10.64,--,50,53200,买盘
376,14:27:09,10.64,--,5,5320,买盘
377,14:27:06,10.64,-0.01,85,90440,卖盘
378,14:27:03,10.65,0.01,20,21300,买盘
379,14:26:51,10.64,--,20,21280,卖盘
380,14:26:48,10.64,--,7,7448,卖盘
381,14:26:45,10.64,--,79,84056,买盘
382,14:26:39,10.64,--,52,55328,买盘
383,14:26:30,10.64,--,55,58817,买盘
384,14:26:27,10.64,--,3,3192,买盘
385,14:26:24,10.64,--,3,3192,买盘
386,14:26:21,10.64,--,100,106400,买盘
387,14:26:18,10.64,--,22,23408,买盘
388,14:26:15,10.64,--,10,10640,买盘
389,14:26:09,10.64,--,15,15960,买盘
390,14:26:06,10.64,0.01,9,9576,买盘
391,14:26:03,10.63,-0.01,16,17008,卖盘
392,14:26:00,10.64,0.01,208,221312,买盘
393,14:25:54,10.63,-0.01,29,30827,卖盘
394,14:25:51,10.64,--,5,5320,买盘
395,14:25:48,10.64,--,10,10640,买盘
396,14:25:42,10.64,-0.01,5,5320,中性盘
397,14:25:36,10.65,0.02,55,58575,买盘
398,14:25:27,10.63,--,2,2126,卖盘
399,14:25:21,10.63,-0.01,110,116930,卖盘
400,14:25:12,10.64,0.01,26,27664,买盘
401,14:25:06,10.63,-0.01,9,9567,卖盘
402,14:24:54,10.64,0.01,5,5320,买盘
403,14:24:48,10.63,-0.01,6,6378,卖盘
404,14:24:45,10.64,0.01,2,2128,卖盘
405,14:24:39,10.63,--,50,53150,卖盘
406,14:24:36,10.63,--,7,7441,卖盘
407,14:24:33,10.63,-0.01,20,21260,卖盘
408,14:24:24,10.64,0.02,1062,1129968,买盘
409,14:24:21,10.62,-0.01,13,13805,卖盘
410,14:24:18,10.63,--,14,14882,买盘
411,14:24:12,10.63,0.01,12,12756,买盘
412,14:24:09,10.62,--,144,152928,卖盘
413,14:24:06,10.62,--,62,65844,卖盘
414,14:24:03,10.62,-0.01,13,13805,卖盘
415,14:23:50,10.63,0.01,15,15945,买盘
416,14:23:47,10.62,-0.01,169,179478,卖盘
417,14:23:44,10.63,0.01,22,23386,买盘
418,14:23:41,10.62,--,446,473651,卖盘
419,14:23:38,10.62,-0.01,3,3185,卖盘
420,14:23:32,10.63,--,11,11693,买盘
421,14:23:29,10.63,--,664,705832,买盘
422,14:23:23,10.63,--,31,32953,买盘
423,14:23:14,10.63,--,50,53150,买盘
424,14:23:11,10.63,--,29,30827,买盘
425,14:23:08,10.63,--,28,29764,买盘
426,14:23:02,10.63,--,14,14882,买盘
427,14:22:59,10.63,--,4,4252,买盘
428,14:22:56,10.63,--,20,21260,买盘
429,14:22:53,10.63,0.01,87,92481,买盘
430,14:22:47,10.62,-0.01,123,130625,卖盘
431,14:22:44,10.63,0.01,8,8504,买盘
432,14:22:41,10.62,--,44,46728,卖盘
433,14:22:38,10.62,--,12,12743,卖盘
434,14:22:35,10.62,-0.01,105,111509,卖盘
435,14:22:29,10.63,--,5,5315,买盘
436,14:22:26,10.63,--,1,1063,买盘
437,14:22:23,10.63,0.01,34,36142,中性盘
438,14:22:20,10.62,--,8,8496,卖盘
439,14:22:17,10.62,-0.01,669,710478,卖盘
440,14:22:14,10.63,--,48,51024,卖盘
441,14:22:11,10.63,-0.01,1,1063,中性盘
442,14:22:05,10.64,0.02,35,37240,买盘
443,14:22:02,10.62,-0.01,404,429047,卖盘
444,14:21:59,10.63,-0.01,6,6378,卖盘
445,14:21:53,10.64,0.01,21,22344,买盘
446,14:21:50,10.63,--,50,53150,卖盘
447,14:21:47,10.63,--,10,10630,卖盘
448,14:21:41,10.63,--,16,17008,卖盘
449,14:21:38,10.63,0.01,90,95670,买盘
450,14:21:35,10.62,-0.01,31,32922,卖盘
451,14:21:32,10.63,--,1,1063,买盘
452,14:21:29,10.63,--,10,10630,买盘
453,14:21:23,10.63,--,57,60591,买盘
454,14:21:20,10.63,--,4128,4388064,卖盘
455,14:21:17,10.63,-0.01,36,38268,卖盘
456,14:21:14,10.64,0.01,8,8512,买盘
457,14:21:11,10.63,--,75,79725,卖盘
458,14:21:08,10.63,--,101,107363,卖盘
459,14:21:05,10.63,-0.01,51,54213,卖盘
460,14:20:59,10.64,0.01,42,44688,买盘
461,14:20:56,10.63,-0.01,36,38268,卖盘
462,14:20:47,10.64,0.01,29,30856,买盘
463,14:20:44,10.63,--,163,173269,卖盘
464,14:20:41,10.63,-0.01,19,20197,卖盘
465,14:20:38,10.64,--,108,114912,买盘
466,14:20:35,10.64,0.01,6,6384,买盘
467,14:20:32,10.63,--,39,41457,卖盘
468,14:20:29,10.63,--,215,228545,卖盘
469,14:20:23,10.63,-0.01,52,55276,卖盘
470,14:20:20,10.64,0.01,200,212800,买盘
471,14:20:11,10.63,-0.01,194,206222,卖盘
472,14:20:08,10.64,--,154,163856,买盘
473,14:20:05,10.64,-0.01,77,81928,卖盘
474,14:19:53,10.65,0.02,5,5325,买盘
475,14:19:50,10.63,-0.01,113,120416,卖盘
476,14:19:47,10.64,0.01,126,134064,买盘
477,14:19:44,10.63,-0.02,1905,2025780,卖盘
478,14:19:41,10.65,0.01,8,8520,买盘
479,14:19:35,10.64,-0.02,79,84056,卖盘
480,14:19:32,10.66,--,40,42640,买盘
481,14:19:29,10.66,0.01,40,42640,买盘
482,14:19:26,10.65,--,76,80940,卖盘
483,14:19:23,10.65,-0.01,19,20235,中性盘
484,14:19:17,10.66,--,24,25584,买盘
485,14:19:08,10.66,0.02,20,21320,买盘
486,14:19:05,10.64,-0.01,95,101080,卖盘
487,14:19:02,10.65,--,19,20235,卖盘
488,14:18:56,10.65,--,38,40470,卖盘
489,14:18:53,10.65,0.01,7,7455,买盘
490,14:18:50,10.64,-0.01,12,12768,卖盘
491,14:18:47,10.65,0.01,188,200220,中性盘
492,14:18:44,10.64,-0.02,38,40432,卖盘
493,14:18:41,10.66,0.01,11,11726,买盘
494,14:18:35,10.65,--,1,1065,买盘
495,14:18:32,10.65,0.01,50,53250,中性盘
496,14:18:26,10.64,--,103,109592,卖盘
497,14:18:20,10.64,-0.01,19,20216,卖盘
498,14:18:14,10.65,--,13,13845,买盘
499,14:18:11,10.65,-0.01,25,26625,买盘
500,14:18:08,10.66,0.01,3,3198,买盘
501,14:18:02,10.65,-0.01,47,51034,卖盘
502,14:17:56,10.66,--,10,10660,买盘
503,14:17:53,10.66,--,1,1066,买盘
504,14:17:50,10.66,0.01,12,12792,买盘
505,14:17:47,10.65,--,7,7540,买盘
506,14:17:44,10.65,--,45,48904,卖盘
507,14:17:26,10.65,--,2,2130,卖盘
508,14:17:23,10.65,-0.01,19,20235,卖盘
509,14:17:17,10.66,0.01,1,1066,买盘
510,14:17:11,10.65,--,30,32035,买盘
511,14:17:05,10.65,--,18,19170,买盘
512,14:17:02,10.65,--,3,3195,买盘
513,14:16:59,10.65,--,3,3195,买盘
514,14:16:56,10.65,--,21,22365,买盘
515,14:16:53,10.65,--,6,6390,买盘
516,14:16:50,10.65,0.01,21,22365,买盘
517,14:16:44,10.64,--,10,10640,卖盘
518,14:16:35,10.64,-0.01,75,79800,卖盘
519,14:16:29,10.65,--,50,53250,买盘
520,14:16:26,10.65,--,1,1065,买盘
521,14:16:20,10.65,--,21,22365,买盘
522,14:16:17,10.65,0.01,20,21300,买盘
523,14:16:14,10.64,--,1,1064,卖盘
524,14:16:05,10.64,-0.01,110,117040,卖盘
525,14:15:59,10.65,--,1,1065,买盘
526,14:15:56,10.65,0.01,201,214065,买盘
527,14:15:50,10.64,-0.01,78,82992,卖盘
528,14:15:44,10.65,--,11,11715,买盘
529,14:15:32,10.65,--,65,69225,买盘
530,14:15:29,10.65,--,201,214065,买盘
531,14:15:17,10.65,--,70,74550,买盘
532,14:15:11,10.65,-0.01,143,153274,卖盘
533,14:15:05,10.66,0.01,1,1066,买盘
534,14:14:59,10.65,--,10,10650,卖盘
535,14:14:56,10.65,--,6,6390,卖盘
536,14:14:53,10.65,0.01,168,179005,买盘
537,14:14:44,10.64,--,3,3192,卖盘
538,14:14:38,10.64,-0.01,9,9576,卖盘
539,14:14:32,10.65,--,1,1065,买盘
540,14:14:29,10.65,0.01,4,4260,买盘
541,14:14:20,10.64,--,2,2128,卖盘
542,14:14:17,10.64,-0.01,19,20216,卖盘
543,14:14:11,10.65,0.01,9,9585,买盘
544,14:14:08,10.64,-0.01,39,41496,卖盘
545,14:14:05,10.65,0.01,100,106500,买盘
546,14:13:59,10.64,--,8,8512,卖盘
547,14:13:56,10.64,-0.01,20,21280,卖盘
548,14:13:47,10.65,0.01,30,31950,买盘
549,14:13:44,10.64,--,29,30856,卖盘
550,14:13:38,10.64,--,91,96824,卖盘
551,14:13:35,10.64,-0.01,45,47880,卖盘
552,14:13:32,10.65,0.01,20,21300,买盘
553,14:13:26,10.64,--,42,44688,卖盘
554,14:13:23,10.64,--,10,10640,卖盘
555,14:13:20,10.64,-0.01,200,212800,卖盘
556,14:13:17,10.65,0.01,1,1065,买盘
557,14:13:11,10.64,--,10,10937,卖盘
558,14:13:05,10.64,-0.01,37,39368,卖盘
559,14:12:59,10.65,0.01,1,1065,买盘
560,14:12:50,10.64,--,9,9576,卖盘
561,14:12:47,10.64,-0.01,19,20216,卖盘
562,14:12:41,10.65,0.01,1,1065,买盘
563,14:12:26,10.64,-0.01,1020,1085280,卖盘
564,14:12:20,10.65,0.01,8,8520,买盘
565,14:12:17,10.64,--,100,106400,卖盘
566,14:12:11,10.64,--,10,10640,卖盘
567,14:12:05,10.64,--,60,63840,卖盘
568,14:11:59,10.64,-0.01,6,6384,卖盘
569,14:11:56,10.65,--,6,6390,买盘
570,14:11:53,10.65,--,201,214065,买盘
571,14:11:50,10.65,--,1,1065,买盘
572,14:11:47,10.65,0.01,207,220455,买盘
573,14:11:32,10.64,-0.01,39,41496,卖盘
574,14:11:26,10.65,0.01,14,14910,买盘
575,14:11:23,10.64,--,12,12768,卖盘
576,14:11:14,10.64,--,31,32984,卖盘
577,14:11:08,10.64,-0.01,1,1064,卖盘
578,14:11:05,10.65,0.01,11,11715,买盘
579,14:11:02,10.64,-0.01,100,106400,卖盘
580,14:10:59,10.65,--,200,213000,买盘
581,14:10:53,10.65,--,1,1065,买盘
582,14:10:44,10.65,0.01,82,87330,买盘
583,14:10:41,10.64,--,1000,1064000,卖盘
584,14:10:38,10.64,-0.01,45,47880,卖盘
585,14:10:35,10.65,--,1,1065,买盘
586,14:10:32,10.65,--,7,7455,买盘
587,14:10:26,10.65,--,45,47925,买盘
588,14:10:20,10.65,--,310,331129,卖盘
589,14:10:17,10.65,--,29,30885,卖盘
590,14:10:14,10.65,--,272,289680,卖盘
591,14:10:05,10.65,-0.01,124,132060,卖盘
592,14:09:59,10.66,0.01,17,18207,买盘
593,14:09:56,10.65,-0.01,10,10650,卖盘
594,14:09:50,10.66,0.01,19,20254,买盘
595,14:09:47,10.65,-0.01,26,27690,卖盘
596,14:09:44,10.66,--,10,10660,买盘
597,14:09:38,10.66,0.01,1,1066,买盘
598,14:09:23,10.65,--,3,3195,卖盘
599,14:09:08,10.65,--,6,6390,卖盘
600,14:09:05,10.65,-0.01,71,75615,卖盘
601,14:09:02,10.66,0.01,4,4264,买盘
602,14:08:59,10.65,-0.01,9,9585,卖盘
603,14:08:53,10.66,--,290,309140,买盘
604,14:08:50,10.66,0.01,12,12792,买盘
605,14:08:44,10.65,-0.01,39,41535,卖盘
606,14:08:41,10.66,0.01,7,7462,买盘
607,14:08:38,10.65,-0.01,3,3195,卖盘
608,14:08:35,10.66,0.01,15,15990,买盘
609,14:08:29,10.65,-0.01,14,14910,卖盘
610,14:08:20,10.66,0.01,101,107666,买盘
611,14:08:17,10.65,--,20,21300,卖盘
612,14:08:11,10.65,--,4,4260,卖盘
613,14:08:05,10.65,--,14,14910,卖盘
614,14:08:02,10.65,0.01,40,42600,买盘
615,14:07:59,10.64,-0.01,4,4256,卖盘
616,14:07:56,10.65,--,200,213000,买盘
617,14:07:53,10.65,--,10,10650,买盘
618,14:07:50,10.65,--,217,231105,买盘
619,14:07:44,10.65,0.01,61,64965,买盘
620,14:07:35,10.64,--,45,47880,卖盘
621,14:07:32,10.64,0.01,80,85120,买盘
622,14:07:29,10.63,-0.01,35,37205,卖盘
623,14:07:26,10.64,--,680,723520,买盘
624,14:07:23,10.64,--,6,6384,买盘
625,14:07:17,10.64,--,74,78736,买盘
626,14:07:14,10.64,--,52,55328,买盘
627,14:07:11,10.64,0.01,425,452200,买盘
628,14:07:08,10.63,--,1,1063,卖盘
629,14:07:05,10.63,-0.01,6,6378,卖盘
630,14:06:56,10.64,0.01,12,12768,中性盘
631,14:06:53,10.63,-0.02,274,291262,卖盘
632,14:06:50,10.65,0.01,1,1065,买盘
633,14:06:47,10.64,--,7,7448,卖盘
634,14:06:44,10.64,--,97,103208,卖盘
635,14:06:41,10.64,--,19,20216,卖盘
636,14:06:38,10.64,--,1,1064,卖盘
637,14:06:35,10.64,--,6,6384,卖盘
638,14:06:32,10.64,-0.01,82,87248,卖盘
639,14:06:29,10.65,0.02,760,809570,买盘
640,14:06:26,10.63,-0.01,79,83977,卖盘
641,14:06:23,10.64,--,31,32984,卖盘
642,14:06:17,10.64,--,100,106400,卖盘
643,14:06:14,10.64,--,191,203224,卖盘
644,14:06:11,10.64,--,83,88312,卖盘
645,14:06:08,10.64,--,46,48944,卖盘
646,14:06:05,10.64,--,62,65968,卖盘
647,14:06:02,10.64,--,100,106400,卖盘
648,14:05:59,10.64,--,162,172368,卖盘
649,14:05:56,10.64,--,41,43624,卖盘
650,14:05:53,10.64,--,81,86184,卖盘
651,14:05:47,10.64,--,38,40432,卖盘
652,14:05:44,10.64,-0.01,59,62776,卖盘
653,14:05:41,10.65,0.01,115,122475,买盘
654,14:05:38,10.64,-0.01,109,115976,卖盘
655,14:05:35,10.65,--,107,113955,买盘
656,14:05:32,10.65,0.01,39,41535,买盘
657,14:05:29,10.64,--,169,179816,卖盘
658,14:05:23,10.64,-0.01,19,20216,卖盘
659,14:05:20,10.65,0.01,607,646455,买盘
660,14:05:16,10.64,--,160,170240,卖盘
661,14:05:13,10.64,--,10,10640,卖盘
662,14:05:10,10.64,--,13,13832,卖盘
663,14:05:07,10.64,--,13,13832,卖盘
664,14:05:04,10.64,-0.01,62,65968,卖盘
665,14:05:01,10.65,0.01,18,19170,买盘
666,14:04:58,10.64,--,32,34048,买盘
667,14:04:55,10.64,--,32,34048,买盘
668,14:04:52,10.64,--,3,3192,买盘
669,14:04:49,10.64,-0.01,141,150024,卖盘
670,14:04:46,10.65,--,170,181050,买盘
671,14:04:43,10.65,0.01,20,21300,买盘
672,14:04:37,10.64,--,5229,5563656,卖盘
673,14:04:34,10.64,-0.01,45,47880,卖盘
674,14:04:31,10.65,--,36,38340,买盘
675,14:04:25,10.65,--,71,75615,买盘
676,14:04:22,10.65,--,100,106500,买盘
677,14:04:19,10.65,--,5,5325,买盘
678,14:04:16,10.65,-0.02,5727,6099681,卖盘
679,14:04:13,10.67,0.01,1,1067,买盘
680,14:04:10,10.66,-0.01,189,201474,卖盘
681,14:04:07,10.67,--,3,3201,买盘
682,14:04:04,10.67,0.01,10,10670,买盘
683,14:03:55,10.66,-0.01,10,10660,卖盘
684,14:03:43,10.67,--,6,6402,买盘
685,14:03:19,10.67,0.02,5,5335,买盘
686,14:03:16,10.65,-0.01,27,28755,卖盘
687,14:03:13,10.66,-0.01,6,6396,买盘
688,14:03:10,10.67,0.01,10,10670,买盘
689,14:03:07,10.66,--,44,47373,卖盘
690,14:03:04,10.66,-0.01,158,168428,卖盘
691,14:02:52,10.67,0.01,1,1067,买盘
692,14:02:43,10.66,--,30,31980,卖盘
693,14:02:34,10.66,--,4,4264,卖盘
694,14:02:28,10.66,--,5,5330,卖盘
695,14:02:22,10.66,-0.01,2,2132,卖盘
696,14:02:04,10.67,0.01,70,74690,买盘
697,14:01:58,10.66,-0.01,24,25584,卖盘
698,14:01:52,10.67,--,11,11737,买盘
699,14:01:46,10.67,--,25,26675,买盘
700,14:01:43,10.67,0.01,20,21340,买盘
701,14:01:40,10.66,--,20,21320,卖盘
702,14:01:37,10.66,--,45,47970,卖盘
703,14:01:34,10.66,-0.01,30,31980,卖盘
704,14:01:31,10.67,0.01,1,1067,买盘
705,14:01:22,10.66,-0.01,12,12792,卖盘
706,14:01:16,10.67,0.01,70,74690,买盘
707,14:01:10,10.66,--,23,25114,买盘
708,14:01:07,10.66,--,226,241385,卖盘
709,14:01:04,10.66,--,1,1066,卖盘
710,14:01:01,10.66,-0.01,294,313404,卖盘
711,14:00:58,10.67,0.01,1,1067,买盘
712,14:00:55,10.66,--,100,106600,卖盘
713,14:00:40,10.66,--,5,5330,卖盘
714,14:00:37,10.66,-0.01,9,9594,卖盘
715,14:00:34,10.67,0.01,8,8536,买盘
716,14:00:31,10.66,--,1,1066,卖盘
717,14:00:25,10.66,--,1,1066,卖盘
718,14:00:22,10.66,-0.01,590,628940,卖盘
719,14:00:16,10.67,--,21,22407,买盘
720,14:00:10,10.67,0.01,56,59752,买盘
721,14:00:07,10.66,-0.01,65,69290,卖盘
722,14:00:01,10.67,0.01,24,25608,买盘
723,13:59:58,10.66,--,65,69290,卖盘
724,13:59:52,10.66,--,1,1066,卖盘
725,13:59:49,10.66,--,29,31212,卖盘
726,13:59:46,10.66,-0.01,77,82082,卖盘
727,13:59:43,10.67,0.01,10,10670,买盘
728,13:59:40,10.66,--,495,527670,卖盘
729,13:59:25,10.66,--,60,63960,卖盘
730,13:59:22,10.66,-0.01,57,60762,卖盘
731,13:59:19,10.67,-0.01,18,19206,卖盘
732,13:59:16,10.68,0.02,1,1068,买盘
733,13:59:04,10.66,-0.01,1402,1494532,卖盘
734,13:58:58,10.67,--,20,21340,卖盘
735,13:58:52,10.67,--,181,193169,卖盘
736,13:58:46,10.67,--,19,20273,卖盘
737,13:58:37,10.67,--,995,1061665,卖盘
738,13:58:34,10.67,--,178,189926,卖盘
739,13:58:16,10.67,--,30,32010,卖盘
740,13:58:13,10.67,--,1,1067,卖盘
741,13:58:07,10.67,--,38,40546,卖盘
742,13:58:01,10.67,--,59,62953,卖盘
743,13:57:58,10.67,--,19,20273,卖盘
744,13:57:55,10.67,--,25,26675,卖盘
745,13:57:49,10.67,--,21,22407,卖盘
746,13:57:43,10.67,-0.01,14,14938,卖盘
747,13:57:37,10.68,0.01,3,3204,买盘
748,13:57:34,10.67,-0.01,46,49082,卖盘
749,13:57:22,10.68,0.01,20,21360,买盘
750,13:57:19,10.67,--,1,1067,卖盘
751,13:57:07,10.67,--,46,49082,卖盘
752,13:57:04,10.67,-0.01,6,6402,卖盘
753,13:57:01,10.68,0.01,11,11748,买盘
754,13:56:55,10.67,--,19,20273,卖盘
755,13:56:49,10.67,-0.01,1,1067,卖盘
756,13:56:43,10.68,--,29,30972,买盘
757,13:56:40,10.68,0.01,1,1068,买盘
758,13:56:31,10.67,-0.01,4,4268,卖盘
759,13:56:25,10.68,--,97,103596,买盘
760,13:56:19,10.68,--,179,191172,买盘
761,13:56:16,10.68,--,51,54468,买盘
762,13:56:10,10.68,--,10,10680,买盘
763,13:55:55,10.68,--,1,1068,买盘
764,13:55:52,10.68,0.01,36,38448,买盘
765,13:55:49,10.67,-0.01,3,3201,卖盘
766,13:55:40,10.68,0.01,176,187968,买盘
767,13:55:37,10.67,-0.01,45,48015,卖盘
768,13:55:34,10.68,0.01,1,1068,买盘
769,13:55:31,10.67,-0.01,7,7469,卖盘
770,13:55:10,10.68,--,1,1068,买盘
771,13:55:07,10.68,--,15,16020,买盘
772,13:55:04,10.68,0.01,132,140976,买盘
773,13:54:58,10.67,-0.01,10,10670,卖盘
774,13:54:55,10.68,--,18,19224,买盘
775,13:54:49,10.68,--,1,1068,买盘
776,13:54:46,10.68,0.01,1,1068,买盘
777,13:54:37,10.67,--,19,20273,卖盘
778,13:54:34,10.67,-0.01,32,34144,卖盘
779,13:54:31,10.68,0.01,1,1068,买盘
780,13:54:25,10.67,--,66,70422,卖盘
781,13:54:16,10.67,--,25,26675,卖盘
782,13:54:04,10.67,-0.01,110,117370,卖盘
783,13:54:01,10.68,0.01,36,38448,买盘
784,13:53:55,10.67,--,178,189926,卖盘
785,13:53:52,10.67,-0.01,5,5335,卖盘
786,13:53:46,10.68,--,114,121752,买盘
787,13:53:43,10.68,--,1,1068,买盘
788,13:53:40,10.68,--,30,32040,买盘
789,13:53:34,10.68,--,64,68352,买盘
790,13:53:31,10.68,0.01,54,57672,买盘
791,13:53:28,10.67,--,3,3201,卖盘
792,13:53:25,10.67,--,1,1067,卖盘
793,13:53:22,10.67,--,254,271018,卖盘
794,13:53:19,10.67,-0.01,14,14938,卖盘
795,13:53:16,10.68,0.01,19,20292,买盘
796,13:53:07,10.67,-0.01,159,169653,卖盘
797,13:53:01,10.68,--,220,234960,买盘
798,13:52:58,10.68,--,3,3204,买盘
799,13:52:55,10.68,--,61,65148,买盘
800,13:52:52,10.68,--,20,21360,买盘
801,13:52:49,10.68,0.01,21,22428,买盘
802,13:52:46,10.67,--,1,1067,卖盘
803,13:52:37,10.67,-0.01,48,51216,卖盘
804,13:52:34,10.68,--,30,32040,买盘
805,13:52:31,10.68,0.01,20,21360,中性盘
806,13:52:28,10.67,-0.01,79,84293,卖盘
807,13:52:25,10.68,--,14,14952,卖盘
808,13:52:19,10.68,0.01,33,35244,买盘
809,13:52:13,10.67,--,38,40546,卖盘
810,13:52:10,10.67,-0.01,19,20273,卖盘
811,13:52:07,10.68,0.01,1,1068,买盘
812,13:52:04,10.67,--,19,20273,卖盘
813,13:51:58,10.67,--,122,130174,卖盘
814,13:51:55,10.67,--,38,40546,卖盘
815,13:51:52,10.67,-0.01,39,41613,卖盘
816,13:51:46,10.68,--,34,36312,买盘
817,13:51:43,10.68,0.01,1,1068,买盘
818,13:51:40,10.67,--,87,92829,卖盘
819,13:51:37,10.67,--,19,20273,卖盘
820,13:51:34,10.67,-0.01,19,20273,卖盘
821,13:51:31,10.68,-0.01,16,17088,卖盘
822,13:51:28,10.69,--,58,62002,买盘
823,13:51:25,10.69,0.02,1,1069,买盘
824,13:51:19,10.67,-0.01,95,101365,卖盘
825,13:51:16,10.68,0.01,2,2136,买盘
826,13:51:07,10.67,-0.02,22,23474,卖盘
827,13:51:01,10.69,0.02,201,214869,买盘
828,13:50:55,10.67,-0.02,19,20273,卖盘
829,13:50:37,10.69,0.02,80,85520,买盘
830,13:50:34,10.67,-0.01,67,71489,卖盘
831,13:50:28,10.68,--,5,5340,卖盘
832,13:50:25,10.68,--,1,1068,买盘
833,13:50:19,10.68,-0.01,1,1068,中性盘
834,13:50:16,10.69,0.01,51,54519,买盘
835,13:50:13,10.68,--,50,53400,买盘
836,13:50:07,10.68,-0.01,108,115344,卖盘
837,13:49:55,10.69,0.01,1,1069,买盘
838,13:49:49,10.68,--,38,40584,卖盘
839,13:49:34,10.68,-0.01,75,80100,卖盘
840,13:49:31,10.69,0.01,1,1069,买盘
841,13:49:22,10.68,--,9,9612,卖盘
842,13:49:10,10.68,--,6,6408,卖盘
843,13:49:07,10.68,--,49,52332,买盘
844,13:49:04,10.68,--,45,48060,买盘
845,13:48:55,10.68,--,50,53400,买盘
846,13:48:52,10.68,-0.01,11,11748,卖盘
847,13:48:49,10.69,--,1,1069,买盘
848,13:48:46,10.69,--,13,13897,买盘
849,13:48:43,10.69,0.01,37,39553,买盘
850,13:48:40,10.68,-0.01,206,220008,卖盘
851,13:48:37,10.69,0.01,55,58795,买盘
852,13:48:31,10.68,-0.01,10,10680,卖盘
853,13:48:28,10.69,--,10,10690,买盘
854,13:48:25,10.69,--,37,39553,买盘
855,13:48:13,10.69,--,36,38484,买盘
856,13:48:10,10.69,0.01,36,38484,买盘
857,13:48:07,10.68,-0.01,36,38448,卖盘
858,13:48:04,10.69,--,1,1069,买盘
859,13:48:01,10.69,--,36,38484,买盘
860,13:47:58,10.69,0.01,5,5345,买盘
861,13:47:55,10.68,-0.01,9,9612,卖盘
862,13:47:52,10.69,--,8,8552,买盘
863,13:47:49,10.69,0.02,500,534500,买盘
864,13:47:43,10.67,-0.01,10,10670,卖盘
865,13:47:40,10.68,--,49,52332,买盘
866,13:47:37,10.68,--,42,44856,买盘
867,13:47:31,10.68,--,1,1068,买盘
868,13:47:28,10.68,--,40,42720,买盘
869,13:47:22,10.68,--,100,106800,买盘
870,13:47:19,10.68,--,336,358848,买盘
871,13:47:16,10.68,0.01,5,5340,买盘
872,13:47:13,10.67,-0.01,9,10627,卖盘
873,13:47:10,10.68,--,40,42720,买盘
874,13:47:07,10.68,--,65,69420,买盘
875,13:47:01,10.68,--,18,19224,买盘
876,13:46:52,10.68,--,18,19224,买盘
877,13:46:46,10.68,--,1,1068,买盘
878,13:46:40,10.68,--,81,86508,买盘
879,13:46:34,10.68,--,14,15251,买盘
880,13:46:28,10.68,--,41,43788,买盘
881,13:46:25,10.68,--,10,10680,买盘
882,13:46:22,10.68,--,8,8544,买盘
883,13:46:19,10.68,-0.01,234,250125,卖盘
884,13:46:13,10.69,--,38,40622,买盘
885,13:46:07,10.69,--,36,38484,买盘
886,13:46:04,10.69,--,20,21380,买盘
887,13:46:01,10.69,--,1,1069,买盘
888,13:45:51,10.69,--,5,5345,买盘
889,13:45:42,10.69,0.01,19,20311,买盘
890,13:45:39,10.68,-0.01,0,811,卖盘
891,13:45:33,10.69,0.01,1,1069,买盘
892,13:45:30,10.68,-0.01,48,51264,卖盘
893,13:45:18,10.69,0.01,1,1069,买盘
894,13:45:12,10.68,0.01,58,61986,买盘
895,13:45:03,10.67,-0.01,46,49082,卖盘
896,13:45:00,10.68,--,15,16020,买盘
897,13:44:54,10.68,--,1,1068,买盘
898,13:44:48,10.68,--,10,10680,买盘
899,13:44:45,10.68,-0.01,123,132389,卖盘
900,13:44:36,10.69,0.01,18,19242,买盘
901,13:44:33,10.68,--,52,55536,卖盘
902,13:44:18,10.68,-0.01,11,11748,卖盘
903,13:44:15,10.69,--,18,19242,买盘
904,13:44:12,10.69,0.01,1,1069,买盘
905,13:44:06,10.68,-0.01,1,1068,卖盘
906,13:43:57,10.69,0.01,18,19242,买盘
907,13:43:54,10.68,--,12,12816,卖盘
908,13:43:48,10.68,--,4,4272,卖盘
909,13:43:45,10.68,0.01,924,986874,买盘
910,13:43:33,10.67,-0.01,63,67221,卖盘
911,13:43:27,10.68,0.01,1,1068,买盘
912,13:43:24,10.67,-0.01,32,34144,卖盘
913,13:43:15,10.68,--,50,53400,买盘
914,13:43:12,10.68,--,32,34176,买盘
915,13:43:06,10.68,--,1,1068,买盘
916,13:43:00,10.68,--,10,10680,买盘
917,13:42:57,10.68,--,39,41652,买盘
918,13:42:51,10.68,0.01,119,127092,买盘
919,13:42:45,10.67,-0.01,14,14938,卖盘
920,13:42:39,10.68,0.01,28,29904,买盘
921,13:42:36,10.67,-0.01,448,478016,卖盘
922,13:42:30,10.68,-0.01,461,493373,卖盘
923,13:42:27,10.69,0.01,50,53450,买盘
924,13:42:24,10.68,--,14,14952,卖盘
925,13:42:21,10.68,--,20,21360,卖盘
926,13:42:15,10.68,-0.01,32,34176,卖盘
927,13:42:09,10.69,0.01,4,4318,买盘
928,13:42:06,10.68,0.01,56,59808,买盘
929,13:42:03,10.67,-0.01,10,10670,卖盘
930,13:41:57,10.68,--,24,25632,买盘
931,13:41:51,10.68,--,50,53400,买盘
932,13:41:48,10.68,--,1,1068,买盘
933,13:41:45,10.68,--,121,130253,卖盘
934,13:41:39,10.68,-0.01,20,21360,卖盘
935,13:41:30,10.69,--,28,29932,买盘
936,13:41:24,10.69,--,52,55588,买盘
937,13:41:21,10.69,--,6,6414,买盘
938,13:41:12,10.69,--,25,26725,买盘
939,13:41:03,10.69,--,1,1069,买盘
940,13:41:00,10.69,0.01,19,20311,买盘
941,13:40:54,10.68,--,4,4272,卖盘
942,13:40:51,10.68,--,10,10722,卖盘
943,13:40:48,10.68,-0.01,25,26700,卖盘
944,13:40:42,10.69,0.01,1,1069,买盘
945,13:40:39,10.68,--,6,6408,卖盘
946,13:40:36,10.68,--,63,67284,卖盘
947,13:40:24,10.68,--,1,1068,卖盘
948,13:40:21,10.68,-0.01,45,48060,卖盘
949,13:40:18,10.69,0.01,54,57939,买盘
950,13:40:15,10.68,--,17,18156,买盘
951,13:40:12,10.68,--,665,710220,买盘
952,13:40:06,10.68,--,999,1066932,买盘
953,13:39:57,10.68,0.01,1,1068,买盘
954,13:39:54,10.67,-0.01,45,48015,卖盘
955,13:39:45,10.68,--,19,20292,买盘
956,13:39:36,10.68,0.01,1,1068,买盘
957,13:39:33,10.67,-0.01,1,1067,卖盘
958,13:39:21,10.68,--,100,106800,买盘
959,13:39:12,10.68,--,1,1068,买盘
960,13:39:09,10.68,0.01,1,1068,买盘
961,13:39:03,10.67,-0.01,46,49082,卖盘
962,13:38:54,10.68,--,105,112140,买盘
963,13:38:45,10.68,0.01,6,6408,买盘
964,13:38:42,10.67,--,78,83226,卖盘
965,13:38:39,10.67,-0.01,6,6402,卖盘
966,13:38:18,10.68,0.01,22,23496,买盘
967,13:38:12,10.67,-0.01,25,26675,卖盘
968,13:38:09,10.68,0.01,7,7476,买盘
969,13:38:06,10.67,-0.01,1,1067,卖盘
970,13:38:03,10.68,--,120,128160,买盘
971,13:37:57,10.68,0.01,3,3204,买盘
972,13:37:36,10.67,--,66,70422,卖盘
973,13:37:30,10.67,-0.01,1,1067,卖盘
974,13:37:21,10.68,0.01,2,2136,买盘
975,13:37:18,10.67,--,9,9603,卖盘
976,13:37:09,10.67,-0.01,7,7469,卖盘
977,13:37:03,10.68,--,594,634392,买盘
978,13:36:57,10.68,--,48,51264,买盘
979,13:36:39,10.68,0.01,37,39516,买盘
980,13:36:36,10.67,--,3,3201,卖盘
981,13:36:27,10.67,--,148,157916,买盘
982,13:36:24,10.67,--,21,22407,买盘
983,13:36:21,10.67,0.01,5,5335,买盘
984,13:36:15,10.66,-0.01,13,13858,卖盘
985,13:36:09,10.67,--,10,10670,买盘
986,13:36:06,10.67,--,8,8536,卖盘
987,13:36:03,10.67,0.01,2,2134,中性盘
988,13:35:51,10.66,--,1,1066,卖盘
989,13:35:42,10.66,-0.02,32,34112,卖盘
990,13:35:39,10.68,0.02,100,106800,买盘
991,13:35:30,10.66,--,300,319800,卖盘
992,13:35:15,10.66,--,34,36244,卖盘
993,13:34:45,10.66,--,4,4264,卖盘
994,13:34:42,10.66,-0.03,11,11726,买盘
995,13:34:39,10.69,0.03,96,102624,买盘
996,13:34:36,10.66,--,8,8528,买盘
997,13:34:33,10.66,-0.02,486,518076,卖盘
998,13:34:30,10.68,--,14,14952,买盘
999,13:34:15,10.68,--,131,139908,买盘
1000,13:34:09,10.68,0.02,610,651480,买盘
1001,13:34:03,10.66,--,88,93808,买盘
1002,13:34:00,10.66,0.01,50,53300,买盘
1003,13:33:54,10.65,--,1,1065,卖盘
1004,13:33:42,10.65,--,4,4260,卖盘
1005,13:33:36,10.65,--,100,106500,卖盘
1006,13:33:33,10.65,-0.02,6,6390,卖盘
1007,13:33:30,10.67,0.02,788,840796,买盘
1008,13:33:27,10.65,-0.01,42,44730,卖盘
1009,13:33:24,10.66,0.01,25,26650,买盘
1010,13:33:21,10.65,-0.01,14,14910,卖盘
1011,13:33:18,10.66,0.01,73,77818,买盘
1012,13:33:12,10.65,--,10,10948,卖盘
1013,13:33:06,10.65,-0.01,675,718875,卖盘
1014,13:33:00,10.66,0.01,1,1066,买盘
1015,13:32:54,10.65,-0.01,20,21300,卖盘
1016,13:32:48,10.66,0.01,13,13858,买盘
1017,13:32:39,10.65,--,8,8520,卖盘
1018,13:32:27,10.65,-0.01,12,12780,卖盘
1019,13:32:21,10.66,--,6,6396,买盘
1020,13:32:18,10.66,--,3,3198,买盘
1021,13:32:09,10.66,0.01,2,2132,买盘
1022,13:32:06,10.65,-0.01,1,1065,卖盘
1023,13:31:48,10.66,0.01,200,213200,买盘
1024,13:31:45,10.65,-0.01,24,25560,卖盘
1025,13:31:36,10.66,0.01,56,59696,买盘
1026,13:31:30,10.65,-0.01,100,106500,卖盘
1027,13:31:24,10.66,--,3,3198,买盘
1028,13:31:18,10.66,--,2,2132,买盘
1029,13:31:12,10.66,0.01,48,51168,买盘
1030,13:31:06,10.65,-0.01,1,1065,卖盘
1031,13:31:03,10.66,0.01,6,6396,买盘
1032,13:30:48,10.65,-0.01,4,4260,卖盘
1033,13:30:45,10.66,--,35,37310,买盘
1034,13:30:36,10.66,0.01,62,66092,买盘
1035,13:30:27,10.65,--,50,53250,卖盘
1036,13:30:21,10.65,--,20,21300,卖盘
1037,13:30:06,10.65,--,46,48990,卖盘
1038,13:30:00,10.65,--,10,10650,卖盘
1039,13:29:54,10.65,-0.01,71,75615,卖盘
1040,13:29:51,10.66,0.01,6,6396,买盘
1041,13:29:42,10.65,-0.01,5,5325,卖盘
1042,13:29:36,10.66,--,9,9594,买盘
1043,13:29:33,10.66,--,82,87412,买盘
1044,13:29:27,10.66,--,1,1066,买盘
1045,13:29:06,10.66,--,1,1066,买盘
1046,13:28:51,10.66,--,87,92742,买盘
1047,13:28:45,10.66,--,7,7462,买盘
1048,13:28:42,10.66,0.01,7,7462,买盘
1049,13:28:36,10.65,--,46,48990,卖盘
1050,13:28:30,10.65,-0.01,1,1065,卖盘
1051,13:28:21,10.66,--,11,11726,买盘
1052,13:28:12,10.66,0.01,70,74620,买盘
1053,13:28:09,10.65,-0.01,18,19170,卖盘
1054,13:28:03,10.66,--,20,21320,买盘
1055,13:28:00,10.66,--,5,5330,买盘
1056,13:27:57,10.66,--,1,1066,买盘
1057,13:27:54,10.66,0.01,47,50102,买盘
1058,13:27:39,10.65,-0.01,86,91590,卖盘
1059,13:27:36,10.66,--,1,1066,买盘
1060,13:27:18,10.66,--,16,17056,买盘
1061,13:27:15,10.66,0.01,1,1066,买盘
1062,13:27:12,10.65,--,3,3195,卖盘
1063,13:27:06,10.65,-0.01,46,48990,卖盘
1064,13:26:57,10.66,--,5,5330,买盘
1065,13:26:54,10.66,--,6,6396,买盘
1066,13:26:50,10.66,-0.01,295,314470,卖盘
1067,13:26:47,10.67,0.01,33,35211,买盘
1068,13:26:41,10.66,-0.01,35,37310,卖盘
1069,13:26:29,10.67,0.01,1,1067,买盘
1070,13:26:23,10.66,--,19,20254,卖盘
1071,13:26:20,10.66,--,21,22386,卖盘
1072,13:26:14,10.66,--,16,17056,卖盘
1073,13:26:11,10.66,--,14,14924,卖盘
1074,13:26:08,10.66,--,63,67158,卖盘
1075,13:26:05,10.66,-0.01,10,10660,卖盘
1076,13:25:59,10.67,--,20,21340,买盘
1077,13:25:47,10.67,--,1,1067,买盘
1078,13:25:38,10.67,0.01,205,218735,买盘
1079,13:25:32,10.66,--,46,49036,卖盘
1080,13:25:26,10.66,--,25,26650,卖盘
1081,13:25:23,10.66,-0.01,19,20254,卖盘
1082,13:25:20,10.67,--,8,8536,买盘
1083,13:25:14,10.67,--,200,213400,买盘
1084,13:25:11,10.67,0.01,1,1067,买盘
1085,13:24:59,10.66,-0.01,77,82082,卖盘
1086,13:24:53,10.67,--,1,1067,买盘
1087,13:24:44,10.67,0.01,101,107767,买盘
1088,13:24:38,10.66,--,139,148174,卖盘
1089,13:24:35,10.66,-0.01,3,3198,卖盘
1090,13:24:29,10.67,0.01,1,1067,买盘
1091,13:24:23,10.66,--,510,543660,卖盘
1092,13:24:20,10.66,-0.01,20,21320,卖盘
1093,13:24:05,10.67,0.01,54,57618,买盘
1094,13:23:56,10.66,-0.01,636,677976,卖盘
1095,13:23:44,10.67,--,1,1067,买盘
1096,13:23:41,10.67,--,265,282755,买盘
1097,13:23:35,10.67,--,5,5335,买盘
1098,13:23:23,10.67,--,1,1067,买盘
1099,13:23:08,10.67,0.01,60,64020,买盘
1100,13:23:02,10.66,-0.01,3,3198,卖盘
1101,13:22:59,10.67,--,1,1067,买盘
1102,13:22:41,10.67,--,34,36278,买盘
1103,13:22:38,10.67,0.01,1,1067,买盘
1104,13:22:35,10.66,--,45,47970,卖盘
1105,13:22:26,10.66,-0.01,2,2132,卖盘
1106,13:22:20,10.67,--,2,2134,买盘
1107,13:22:14,10.67,--,56,59752,买盘
1108,13:22:11,10.67,--,2,2134,买盘
1109,13:22:05,10.67,0.01,1,1067,买盘
1110,13:21:53,10.66,--,88,93808,卖盘
1111,13:21:50,10.66,-0.01,5,5330,卖盘
1112,13:21:44,10.67,--,41,43747,买盘
1113,13:21:41,10.67,0.01,1,1067,买盘
1114,13:21:23,10.66,--,33,35178,卖盘
1115,13:21:08,10.66,--,46,49036,卖盘
1116,13:21:05,10.66,-0.01,21,22386,卖盘
1117,13:20:56,10.67,0.01,1,1067,买盘
1118,13:20:53,10.66,0.01,5,5330,中性盘
1119,13:20:50,10.65,-0.02,19,20235,卖盘
1120,13:20:44,10.67,0.01,25,26675,买盘
1121,13:20:41,10.66,--,36,38376,买盘
1122,13:20:38,10.66,-0.01,1934,2062411,卖盘
1123,13:20:35,10.67,0.01,1,1067,买盘
1124,13:20:26,10.66,--,39,41574,卖盘
1125,13:20:20,10.66,-0.01,35,37310,卖盘
1126,13:20:17,10.67,--,21,22407,买盘
1127,13:20:14,10.67,0.01,1,1067,买盘
1128,13:20:08,10.66,-0.01,38,40508,卖盘
1129,13:20:05,10.67,0.01,130,138710,买盘
1130,13:19:56,10.66,-0.01,10,10660,卖盘
1131,13:19:53,10.67,0.01,11,12035,买盘
1132,13:19:47,10.66,-0.01,29,30914,卖盘
1133,13:19:44,10.67,--,34,36278,买盘
1134,13:19:35,10.67,--,126,134442,买盘
1135,13:19:32,10.67,--,5,5335,买盘
1136,13:19:26,10.67,--,207,220869,买盘
1137,13:19:17,10.67,--,40,42680,买盘
1138,13:19:14,10.67,--,1,1067,买盘
1139,13:19:08,10.67,--,500,533500,买盘
1140,13:18:59,10.67,--,223,237941,买盘
1141,13:18:47,10.67,0.01,1,1067,买盘
1142,13:18:38,10.66,-0.01,10,10660,卖盘
1143,13:18:32,10.67,0.01,178,189926,买盘
1144,13:18:26,10.66,-0.01,14,14924,卖盘
1145,13:18:23,10.67,--,1,1067,买盘
1146,13:18:17,10.67,0.01,6,6402,买盘
1147,13:18:11,10.66,--,73,77818,卖盘
1148,13:18:08,10.66,--,5,5330,卖盘
1149,13:18:05,10.66,-0.01,66,70356,卖盘
1150,13:18:02,10.67,--,1,1067,买盘
1151,13:17:59,10.67,0.01,1187,1266529,买盘
1152,13:17:56,10.66,-0.01,50,53300,卖盘
1153,13:17:50,10.67,0.01,10,10670,买盘
1154,13:17:44,10.66,-0.01,2,2132,卖盘
1155,13:17:17,10.67,--,1,1067,买盘
1156,13:17:08,10.67,--,20,21340,买盘
1157,13:16:59,10.67,--,10,10670,买盘
1158,13:16:56,10.67,0.01,2,2134,买盘
1159,13:16:53,10.66,--,47,50102,卖盘
1160,13:16:47,10.66,--,33,35178,卖盘
1161,13:16:38,10.66,--,65,69290,卖盘
1162,13:16:35,10.66,--,100,106600,卖盘
1163,13:16:32,10.66,-0.01,15,15990,卖盘
1164,13:16:23,10.67,0.01,100,106700,买盘
1165,13:16:17,10.66,-0.01,16,17056,卖盘
1166,13:16:11,10.67,--,112,119504,买盘
1167,13:16:08,10.67,--,19,20273,买盘
1168,13:15:50,10.67,--,17,18139,买盘
1169,13:15:44,10.67,0.01,80,85360,买盘
1170,13:15:38,10.66,-0.01,210,223860,卖盘
1171,13:15:35,10.67,--,50,53350,买盘
1172,13:15:32,10.67,--,19,20273,买盘
1173,13:15:20,10.67,0.01,491,523897,买盘
1174,13:15:14,10.66,-0.01,100,106600,卖盘
1175,13:15:08,10.67,0.01,80,85360,买盘
1176,13:15:05,10.66,-0.01,67,71422,卖盘
1177,13:15:02,10.67,0.01,1000,1067000,买盘
1178,13:14:56,10.66,-0.01,41,43706,卖盘
1179,13:14:53,10.67,--,1,1067,买盘
1180,13:14:50,10.67,0.01,202,215534,买盘
1181,13:14:44,10.66,--,71,75686,卖盘
1182,13:14:41,10.66,--,5,5330,卖盘
1183,13:14:38,10.66,-0.01,20,21320,卖盘
1184,13:14:35,10.67,0.01,1,1067,买盘
1185,13:14:29,10.66,--,15,15990,卖盘
1186,13:14:23,10.66,--,1,1066,卖盘
1187,13:14:20,10.66,-0.01,9,9594,卖盘
1188,13:14:17,10.67,--,6,6402,买盘
1189,13:14:11,10.67,0.01,1,1067,买盘
1190,13:14:08,10.66,-0.01,5,5330,卖盘
1191,13:14:05,10.67,--,10,10670,买盘
1192,13:13:59,10.67,0.01,20,21340,买盘
1193,13:13:56,10.66,--,19,20254,卖盘
1194,13:13:50,10.66,-0.01,19,20254,卖盘
1195,13:13:44,10.67,0.01,7,7469,买盘
1196,13:13:35,10.66,-0.01,64,68224,卖盘
1197,13:13:26,10.67,--,1,1067,买盘
1198,13:13:14,10.67,--,2,2134,买盘
1199,13:13:11,10.67,0.01,4,4268,买盘
1200,13:13:08,10.66,-0.01,20,21320,卖盘
1201,13:13:05,10.67,--,303,323301,买盘
1202,13:12:44,10.67,0.01,1,1067,买盘
1203,13:12:38,10.66,--,95,101270,卖盘
1204,13:12:29,10.66,-0.01,10,10660,卖盘
1205,13:12:20,10.67,0.01,18,19206,买盘
1206,13:12:14,10.66,--,2,2132,卖盘
1207,13:12:11,10.66,--,100,106600,卖盘
1208,13:12:08,10.66,--,5,5330,卖盘
1209,13:12:05,10.66,-0.01,52,55432,卖盘
1210,13:12:02,10.67,--,41,43747,买盘
1211,13:11:59,10.67,0.01,1,1067,买盘
1212,13:11:56,10.66,--,20,21320,卖盘
1213,13:11:38,10.66,-0.01,15,15990,卖盘
1214,13:11:35,10.67,0.01,1,1067,买盘
1215,13:11:32,10.66,--,9,9594,卖盘
1216,13:11:26,10.66,-0.01,22,23452,卖盘
1217,13:11:14,10.67,--,101,107767,买盘
1218,13:11:08,10.67,0.01,20,21340,买盘
1219,13:11:05,10.66,--,56,59696,买盘
1220,13:10:59,10.66,--,25,26650,买盘
1221,13:10:56,10.66,--,44,46904,买盘
1222,13:10:53,10.66,--,1,1066,买盘
1223,13:10:50,10.66,-0.01,459,489294,卖盘
1224,13:10:47,10.67,--,21,22407,买盘
1225,13:10:44,10.67,--,16,17072,买盘
1226,13:10:38,10.67,0.01,130,138710,买盘
1227,13:10:11,10.66,-0.01,10,10660,卖盘
1228,13:09:59,10.67,0.01,15,16005,买盘
1229,13:09:56,10.66,--,5,5330,卖盘
1230,13:09:50,10.66,--,84,89544,卖盘
1231,13:09:44,10.66,-0.01,49,52234,卖盘
1232,13:09:41,10.67,0.01,49,52283,买盘
1233,13:09:38,10.66,--,12,12792,中性盘
1234,13:09:29,10.66,0.01,5,5330,中性盘
1235,13:09:11,10.65,-0.02,105,111825,卖盘
1236,13:09:08,10.67,0.02,7,7469,买盘
1237,13:09:05,10.65,--,399,424935,卖盘
1238,13:09:02,10.65,--,482,514224,卖盘
1239,13:08:59,10.65,-0.01,10,10650,卖盘
1240,13:08:56,10.66,--,10,10660,买盘
1241,13:08:53,10.66,--,10,10660,买盘
1242,13:08:50,10.66,--,10,10660,买盘
1243,13:08:47,10.66,--,200,213200,买盘
1244,13:08:44,10.66,--,20,21320,买盘
1245,13:08:35,10.66,--,35,37310,买盘
1246,13:08:32,10.66,0.01,225,239850,买盘
1247,13:08:29,10.65,-0.01,14,14910,卖盘
1248,13:08:19,10.66,--,178,189748,买盘
1249,13:08:13,10.66,--,8,8528,买盘
1250,13:08:01,10.66,--,6,6396,买盘
1251,13:07:40,10.66,0.01,59,62894,买盘
1252,13:07:34,10.65,-0.01,45,47925,卖盘
1253,13:07:31,10.66,0.01,5,5330,买盘
1254,13:07:22,10.65,--,32,34080,卖盘
1255,13:07:19,10.65,-0.01,10,10650,卖盘
1256,13:07:16,10.66,--,6,6396,买盘
1257,13:07:01,10.66,--,10,10660,买盘
1258,13:06:49,10.66,0.01,47,50102,买盘
1259,13:06:43,10.65,--,1,1065,卖盘
1260,13:06:40,10.65,-0.01,15,15975,卖盘
1261,13:06:34,10.66,0.01,6,6396,买盘
1262,13:06:31,10.65,--,10,10948,卖盘
1263,13:06:28,10.65,--,3,3195,卖盘
1264,13:06:25,10.65,-0.01,100,106500,卖盘
1265,13:06:16,10.66,--,55,58630,买盘
1266,13:06:10,10.66,0.01,7,7462,买盘
1267,13:06:07,10.65,-0.01,46,48990,卖盘
1268,13:06:01,10.66,0.01,10,10660,买盘
1269,13:05:49,10.65,--,10,10650,卖盘
1270,13:05:46,10.65,--,164,174660,卖盘
1271,13:05:37,10.65,-0.01,44,46860,卖盘
1272,13:05:31,10.66,--,18,19188,买盘
1273,13:05:22,10.66,0.01,19,20254,买盘
1274,13:05:16,10.65,--,100,106500,卖盘
1275,13:05:13,10.65,-0.01,61,64965,卖盘
1276,13:05:10,10.66,0.01,7,7462,买盘
1277,13:05:04,10.65,--,500,532500,卖盘
1278,13:05:01,10.65,--,14,14910,卖盘
1279,13:04:58,10.65,--,39,41535,卖盘
1280,13:04:40,10.65,--,30,31950,卖盘
1281,13:04:37,10.65,--,15,15975,卖盘
1282,13:04:34,10.65,--,45,47925,卖盘
1283,13:04:28,10.65,--,15,15975,卖盘
1284,13:04:22,10.65,--,100,106500,卖盘
1285,13:04:16,10.65,--,502,534630,卖盘
1286,13:04:07,10.65,--,1,1065,卖盘
1287,13:03:55,10.65,--,100,106500,卖盘
1288,13:03:52,10.65,--,10,10650,卖盘
1289,13:03:43,10.65,-0.01,11,11715,卖盘
1290,13:03:25,10.66,0.01,8,8528,买盘
1291,13:03:19,10.65,-0.01,438,466470,卖盘
1292,13:03:16,10.66,--,119,126854,买盘
1293,13:03:10,10.66,0.01,5,5330,买盘
1294,13:03:04,10.65,--,56,59640,卖盘
1295,13:03:01,10.65,--,5,5325,卖盘
1296,13:02:40,10.65,--,15,15975,卖盘
1297,13:02:37,10.65,--,105,111825,卖盘
1298,13:02:25,10.65,--,39,41535,卖盘
1299,13:02:19,10.65,--,86,91590,卖盘
1300,13:02:13,10.65,-0.01,2,2130,卖盘
1301,13:02:10,10.66,0.01,69,73554,买盘
1302,13:02:07,10.65,-0.01,19,20235,卖盘
1303,13:02:01,10.66,0.01,120,127920,买盘
1304,13:01:37,10.65,--,60,63900,卖盘
1305,13:01:31,10.65,--,215,228975,卖盘
1306,13:01:28,10.65,--,19,20235,卖盘
1307,13:01:01,10.65,-0.01,12,12780,卖盘
1308,13:00:43,10.66,0.01,38,40508,买盘
1309,13:00:34,10.65,-0.01,305,324825,卖盘
1310,13:00:07,10.66,--,24,25584,买盘
1311,13:00:04,10.66,--,291,310206,买盘
1312,13:00:01,10.66,--,156,166296,卖盘
1313,11:29:48,10.66,-0.01,54,57564,中性盘
1314,11:29:05,10.67,0.01,50,53350,买盘
1315,11:29:02,10.66,--,0,277,卖盘
1316,11:28:59,10.66,--,3,3198,卖盘
1317,11:28:47,10.66,--,4,5052,买盘
1318,11:28:44,10.66,--,106,113273,卖盘
1319,11:28:38,10.66,--,15,15990,卖盘
1320,11:28:35,10.66,--,46,49036,卖盘
1321,11:28:32,10.66,--,35,37310,卖盘
1322,11:28:26,10.66,-0.01,61,65026,卖盘
1323,11:28:20,10.67,0.01,1,1067,买盘
1324,11:28:08,10.66,--,13,13858,卖盘
1325,11:27:59,10.66,--,10,10660,卖盘
1326,11:27:56,10.66,--,64,68224,卖盘
1327,11:27:53,10.66,--,10,10660,卖盘
1328,11:27:50,10.66,-0.01,10,10660,卖盘
1329,11:27:41,10.67,--,200,213400,买盘
1330,11:27:35,10.67,--,1,1067,买盘
1331,11:27:29,10.67,0.01,2,2134,买盘
1332,11:27:23,10.66,--,21,22386,卖盘
1333,11:27:17,10.66,-0.01,201,214266,卖盘
1334,11:27:11,10.67,0.01,1,1067,买盘
1335,11:27:08,10.66,--,13,13858,卖盘
1336,11:27:05,10.66,--,53,56498,卖盘
1337,11:26:56,10.66,-0.01,20,21320,卖盘
1338,11:26:50,10.67,0.01,2,2134,买盘
1339,11:26:44,10.66,--,6,7184,买盘
1340,11:26:38,10.66,--,9,10510,卖盘
1341,11:26:35,10.66,--,1,1066,卖盘
1342,11:26:32,10.66,--,3,3198,卖盘
1343,11:26:29,10.66,--,16,17056,卖盘
1344,11:26:08,10.66,--,13,13858,卖盘
1345,11:26:05,10.66,--,239,254923,卖盘
1346,11:26:02,10.66,--,3,3198,卖盘
1347,11:25:59,10.66,--,13,13858,卖盘
1348,11:25:53,10.66,--,38,40508,卖盘
1349,11:25:47,10.66,--,8,8528,卖盘
1350,11:25:35,10.66,--,46,49036,卖盘
1351,11:25:32,10.66,-0.01,23,24518,卖盘
1352,11:25:23,10.67,0.01,20,21340,买盘
1353,11:25:20,10.66,--,36,38376,卖盘
1354,11:25:14,10.66,--,40,42640,卖盘
1355,11:25:11,10.66,-0.01,20,21320,卖盘
1356,11:24:59,10.67,--,11,11737,买盘
1357,11:24:53,10.67,0.01,150,160050,买盘
1358,11:24:50,10.66,--,19,20254,卖盘
1359,11:24:44,10.66,-0.01,30,31980,卖盘
1360,11:24:38,10.67,0.01,16,17072,买盘
1361,11:24:29,10.66,--,16,17056,卖盘
1362,11:24:26,10.66,-0.01,89,94874,卖盘
1363,11:24:20,10.67,0.01,8,8536,买盘
1364,11:24:17,10.66,--,50,53300,卖盘
1365,11:24:08,10.66,--,66,70356,卖盘
1366,11:24:05,10.66,--,45,47970,卖盘
1367,11:24:02,10.66,--,13,13858,卖盘
1368,11:23:59,10.66,-0.01,15,15990,卖盘
1369,11:23:56,10.67,0.01,1,1067,买盘
1370,11:23:35,10.66,-0.01,25,26650,卖盘
1371,11:23:32,10.67,--,1,1067,买盘
1372,11:23:29,10.67,0.01,3,3201,买盘
1373,11:23:26,10.66,-0.01,20,21320,卖盘
1374,11:23:23,10.67,0.01,1,1067,买盘
1375,11:23:20,10.66,--,0,149,卖盘
1376,11:23:17,10.66,--,10,10660,卖盘
1377,11:23:14,10.66,-0.01,29,31212,卖盘
1378,11:23:02,10.67,--,1,1067,买盘
1379,11:22:56,10.67,0.01,210,224070,买盘
1380,11:22:50,10.66,--,37,39442,买盘
1381,11:22:35,10.66,--,42,44772,卖盘
1382,11:22:20,10.66,-0.01,35,37310,卖盘
1383,11:22:17,10.67,0.01,1,1067,买盘
1384,11:22:08,10.66,--,13,13858,卖盘
1385,11:22:05,10.66,--,21,22386,买盘
1386,11:21:56,10.66,--,40,42640,卖盘
1387,11:21:53,10.66,--,11,11726,卖盘
1388,11:21:47,10.66,0.01,181,192946,买盘
1389,11:21:38,10.65,-0.01,15,15975,卖盘
1390,11:21:32,10.66,--,3,3198,买盘
1391,11:21:29,10.66,--,7,7462,买盘
1392,11:21:23,10.66,0.01,8,8528,买盘
1393,11:21:20,10.65,-0.01,3,3195,卖盘
1394,11:21:14,10.66,--,5,5330,买盘
1395,11:21:11,10.66,--,1,1066,买盘
1396,11:21:08,10.66,0.01,14,14924,买盘
1397,11:21:05,10.65,-0.01,60,63900,卖盘
1398,11:21:02,10.66,0.01,19,20254,买盘
1399,11:20:59,10.65,-0.01,413,439845,卖盘
1400,11:20:53,10.66,0.01,500,533000,买盘
1401,11:20:50,10.65,-0.01,9,9819,卖盘
1402,11:20:44,10.66,0.01,110,117260,买盘
1403,11:20:41,10.65,--,7,7455,卖盘
1404,11:20:38,10.65,--,15,15975,卖盘
1405,11:20:35,10.65,--,30,31950,卖盘
1406,11:20:29,10.65,--,13,13845,卖盘
1407,11:20:23,10.65,--,90,95850,买盘
1408,11:20:20,10.65,0.01,50,53250,买盘
1409,11:20:17,10.64,-0.01,30,31920,卖盘
1410,11:20:05,10.65,--,19,20235,买盘
1411,11:20:02,10.65,0.01,16,17040,买盘
1412,11:19:59,10.64,-0.01,1007,1071448,卖盘
1413,11:19:47,10.65,-0.01,53,56445,卖盘
1414,11:19:41,10.66,0.01,1,1066,买盘
1415,11:19:38,10.65,--,15,15975,卖盘
1416,11:19:35,10.65,--,46,48990,卖盘
1417,11:19:32,10.65,-0.01,17,18105,卖盘
1418,11:19:26,10.66,--,10,10660,买盘
1419,11:19:23,10.66,0.01,1,1066,买盘
1420,11:19:20,10.65,--,73,77745,卖盘
1421,11:19:11,10.65,--,25,26625,卖盘
1422,11:19:08,10.65,--,15,15975,卖盘
1423,11:19:05,10.65,--,2,2130,卖盘
1424,11:18:59,10.65,--,603,642195,买盘
1425,11:18:53,10.65,--,80,85200,买盘
1426,11:18:47,10.65,--,666,709290,卖盘
1427,11:18:35,10.65,-0.01,112,119280,卖盘
1428,11:18:26,10.66,0.01,21,22386,买盘
1429,11:18:23,10.65,--,154,164010,买盘
1430,11:18:20,10.65,--,126,134190,卖盘
1431,11:18:17,10.65,--,8,8520,卖盘
1432,11:18:14,10.65,0.01,163,173595,买盘
1433,11:18:11,10.64,-0.01,23,24472,卖盘
1434,11:18:05,10.65,0.01,584,621960,买盘
1435,11:18:02,10.64,-0.01,57,61690,卖盘
1436,11:17:59,10.65,0.01,1020,1086300,买盘
1437,11:17:56,10.64,-0.01,199,211736,卖盘
1438,11:17:53,10.65,--,200,213000,买盘
1439,11:17:50,10.65,--,20,21300,买盘
1440,11:17:44,10.65,--,20,21300,买盘
1441,11:17:41,10.65,--,1,1065,买盘
1442,11:17:38,10.65,--,2,2130,买盘
1443,11:17:29,10.65,--,25,26625,买盘
1444,11:17:26,10.65,--,50,53250,买盘
1445,11:17:23,10.65,--,646,687990,卖盘
1446,11:17:17,10.65,--,150,159750,卖盘
1447,11:17:14,10.65,--,2,2130,卖盘
1448,11:17:11,10.65,--,161,171465,卖盘
1449,11:17:08,10.65,--,20,21300,卖盘
1450,11:16:59,10.65,-0.01,1,1065,卖盘
1451,11:16:56,10.66,0.01,3,3198,买盘
1452,11:16:53,10.65,--,151,160815,卖盘
1453,11:16:50,10.65,--,20,21300,卖盘
1454,11:16:47,10.65,-0.01,3,3195,卖盘
1455,11:16:44,10.66,0.01,110,117260,买盘
1456,11:16:41,10.65,-0.01,120,127800,卖盘
1457,11:16:38,10.66,--,24,25584,买盘
1458,11:16:35,10.66,0.01,47,50102,买盘
1459,11:16:32,10.65,--,1000,1065000,卖盘
1460,11:16:29,10.65,-0.01,10,10650,卖盘
1461,11:16:23,10.66,0.01,47,50102,买盘
1462,11:16:17,10.65,-0.01,20,21300,卖盘
1463,11:16:14,10.66,0.01,43,45838,买盘
1464,11:16:11,10.65,-0.01,2040,2172600,卖盘
1465,11:16:05,10.66,--,19,20254,卖盘
1466,11:16:02,10.66,--,10,10660,卖盘
1467,11:15:56,10.66,-0.01,67,71422,卖盘
1468,11:15:50,10.67,0.01,6,6402,买盘
1469,11:15:47,10.66,--,68,72488,卖盘
1470,11:15:41,10.66,--,50,53300,卖盘
1471,11:15:38,10.66,--,20,21320,卖盘
1472,11:15:35,10.66,--,197,210002,卖盘
1473,11:15:32,10.66,--,18,19188,卖盘
1474,11:15:29,10.66,--,48,51168,卖盘
1475,11:15:26,10.66,--,46,49036,卖盘
1476,11:15:23,10.66,-0.01,1019,1086254,卖盘
1477,11:15:20,10.67,0.01,61,65087,买盘
1478,11:15:17,10.66,--,132,140712,卖盘
1479,11:15:11,10.66,--,44,46904,卖盘
1480,11:15:08,10.66,--,1367,1457222,卖盘
1481,11:15:05,10.66,--,118,125788,卖盘
1482,11:15:02,10.66,--,14,14924,卖盘
1483,11:14:56,10.66,-0.01,257,274516,卖盘
1484,11:14:53,10.67,-0.01,19,20273,卖盘
1485,11:14:50,10.68,0.01,58,61944,买盘
1486,11:14:44,10.67,--,33,35211,卖盘
1487,11:14:38,10.67,--,61,65087,卖盘
1488,11:14:32,10.67,--,5,5335,卖盘
1489,11:14:29,10.67,-0.01,162,172854,卖盘
1490,11:14:26,10.68,--,59,63012,买盘
1491,11:14:23,10.68,--,1,1068,买盘
1492,11:14:17,10.68,--,42,44856,买盘
1493,11:14:08,10.68,0.01,12,12816,买盘
1494,11:14:05,10.67,-0.01,2,2134,卖盘
1495,11:14:02,10.68,--,1,1068,买盘
1496,11:13:59,10.68,--,40,42720,买盘
1497,11:13:44,10.68,0.01,1,1068,买盘
1498,11:13:38,10.67,--,7,7469,卖盘
1499,11:13:32,10.67,-0.01,96,102432,卖盘
1500,11:13:26,10.68,0.01,20,21360,买盘
1501,11:13:23,10.67,-0.01,12,12804,卖盘
1502,11:13:17,10.68,0.01,1,1068,买盘
1503,11:13:14,10.67,--,10,10670,卖盘
1504,11:13:08,10.67,--,14,14938,卖盘
1505,11:12:59,10.67,-0.01,130,138710,卖盘
1506,11:12:56,10.68,0.01,1,1068,买盘
1507,11:12:38,10.67,--,16,17072,卖盘
1508,11:12:35,10.67,--,10,10670,卖盘
1509,11:12:32,10.67,--,16,17477,卖盘
1510,11:12:23,10.67,--,10,10670,卖盘
1511,11:12:20,10.67,-0.01,7,7469,卖盘
1512,11:12:11,10.68,0.01,1,1068,买盘
1513,11:12:08,10.67,--,14,14938,卖盘
1514,11:12:05,10.67,--,55,58685,卖盘
1515,11:12:02,10.67,-0.01,100,106700,卖盘
1516,11:11:50,10.68,0.01,1,1068,买盘
1517,11:11:44,10.67,-0.01,12,12804,卖盘
1518,11:11:41,10.68,0.01,5,5340,买盘
1519,11:11:38,10.67,-0.01,73,77891,卖盘
1520,11:11:32,10.68,0.01,1,1068,买盘
1521,11:11:20,10.67,-0.01,4,4268,卖盘
1522,11:11:14,10.68,0.01,1,1068,买盘
1523,11:11:08,10.67,--,14,14938,卖盘
1524,11:10:59,10.67,--,21,22407,卖盘
1525,11:10:56,10.67,-0.01,13,13871,卖盘
1526,11:10:53,10.68,0.01,1,1068,买盘
1527,11:10:41,10.67,--,27,28809,卖盘
1528,11:10:35,10.67,-0.01,46,49082,卖盘
1529,11:10:32,10.68,0.01,3,3204,买盘
1530,11:10:29,10.67,--,20,21340,卖盘
1531,11:10:23,10.67,-0.01,1,1067,卖盘
1532,11:10:10,10.68,0.01,15,16020,买盘
1533,11:10:01,10.67,--,292,311564,卖盘
1534,11:09:55,10.67,--,10,10670,卖盘
1535,11:09:49,10.67,-0.01,10,10968,卖盘
1536,11:09:46,10.68,0.01,1,1068,买盘
1537,11:09:40,10.67,--,27,28809,卖盘
1538,11:09:34,10.67,--,24,25608,卖盘
1539,11:09:28,10.67,-0.01,4,4268,卖盘
1540,11:09:25,10.68,0.01,1,1068,买盘
1541,11:09:22,10.67,--,5,5335,卖盘
1542,11:09:10,10.67,-0.01,14,14938,卖盘
1543,11:09:07,10.68,--,111,118548,买盘
1544,11:09:04,10.68,0.01,47,50196,买盘
1545,11:08:52,10.67,--,19,20273,卖盘
1546,11:08:49,10.67,--,13,13871,卖盘
1547,11:08:46,10.67,--,261,278487,卖盘
1548,11:08:37,10.67,-0.01,16,17072,卖盘
1549,11:08:31,10.68,0.01,25,26700,中性盘
1550,11:08:28,10.67,-0.01,230,245410,卖盘
1551,11:08:25,10.68,--,108,115344,卖盘
1552,11:08:22,10.68,--,16,17088,卖盘
1553,11:08:16,10.68,--,169,180492,卖盘
1554,11:08:13,10.68,--,38,40584,卖盘
1555,11:08:10,10.68,--,14,14952,卖盘
1556,11:08:04,10.68,-0.01,1,1068,卖盘
1557,11:08:01,10.69,0.01,34,36346,买盘
1558,11:07:49,10.68,-0.01,325,347100,卖盘
1559,11:07:46,10.69,--,4,4276,买盘
1560,11:07:40,10.69,0.01,50,53450,买盘
1561,11:07:37,10.68,--,71,75828,卖盘
1562,11:07:31,10.68,-0.01,1,1068,卖盘
1563,11:07:25,10.69,0.01,1,1069,买盘
1564,11:07:10,10.68,--,27,28836,卖盘
1565,11:07:07,10.68,-0.01,14,14952,卖盘
1566,11:07:04,10.69,0.01,67,71623,买盘
1567,11:07:01,10.68,--,28,29904,卖盘
1568,11:06:52,10.68,--,35,37380,卖盘
1569,11:06:49,10.68,--,48,51264,卖盘
1570,11:06:40,10.68,--,16,17088,卖盘
1571,11:06:37,10.68,--,16,17088,卖盘
1572,11:06:34,10.68,--,7,7476,卖盘
1573,11:06:31,10.68,--,16,17088,卖盘
1574,11:06:28,10.68,--,15,16020,卖盘
1575,11:06:25,10.68,--,15,16020,卖盘
1576,11:06:22,10.68,--,43,45924,卖盘
1577,11:06:13,10.68,--,0,42,卖盘
1578,11:06:04,10.68,-0.01,45,48060,卖盘
1579,11:05:49,10.69,0.01,44,47036,买盘
1580,11:05:40,10.68,-0.02,16,17088,卖盘
1581,11:05:31,10.7,0.02,88,94160,买盘
1582,11:05:28,10.68,--,15,16020,卖盘
1583,11:05:25,10.68,--,34,36312,卖盘
1584,11:05:22,10.68,-0.01,20,21360,卖盘
1585,11:05:13,10.69,--,15,16035,卖盘
1586,11:05:07,10.69,--,14,14966,卖盘
1587,11:05:01,10.69,--,2,2138,卖盘
1588,11:04:52,10.69,--,6,6414,卖盘
1589,11:04:49,10.69,0.01,69,73761,买盘
1590,11:04:43,10.68,--,19,20292,卖盘
1591,11:04:40,10.68,--,16,17088,卖盘
1592,11:04:37,10.68,--,52,55536,卖盘
1593,11:04:31,10.68,--,16,17088,卖盘
1594,11:04:10,10.68,--,14,14952,卖盘
1595,11:03:43,10.68,--,33,35244,卖盘
1596,11:03:40,10.68,--,16,17088,卖盘
1597,11:03:31,10.68,-0.01,385,411265,卖盘
1598,11:03:28,10.69,0.01,15,16035,买盘
1599,11:03:19,10.68,--,26,27768,卖盘
1600,11:03:07,10.68,--,52,55536,卖盘
1601,11:03:04,10.68,--,45,48060,卖盘
1602,11:03:01,10.68,--,19,20292,卖盘
1603,11:02:58,10.68,--,14,14952,卖盘
1604,11:02:55,10.68,--,52,55536,卖盘
1605,11:02:49,10.68,--,38,40584,卖盘
1606,11:02:46,10.68,--,19,20292,卖盘
1607,11:02:43,10.68,--,33,35244,卖盘
1608,11:02:40,10.68,--,3,3204,卖盘
1609,11:02:37,10.68,-0.01,35,37380,卖盘
1610,11:02:34,10.69,0.01,3,3207,买盘
1611,11:02:31,10.68,--,32,34581,卖盘
1612,11:02:22,10.68,--,25,26700,卖盘
1613,11:02:19,10.68,-0.01,10,10680,卖盘
1614,11:02:01,10.69,0.01,10,10690,买盘
1615,11:01:58,10.68,-0.01,19,20292,卖盘
1616,11:01:43,10.69,--,2,2138,买盘
1617,11:01:40,10.69,--,2,2800,卖盘
1618,11:01:37,10.69,--,16,17104,卖盘
1619,11:01:34,10.69,--,46,49174,卖盘
1620,11:01:31,10.69,--,16,17104,卖盘
1621,11:01:28,10.69,--,53,56657,卖盘
1622,11:01:16,10.69,--,2,2138,卖盘
1623,11:01:10,10.69,--,15,16035,卖盘
1624,11:01:07,10.69,--,50,53450,卖盘
1625,11:01:04,10.69,-0.01,38,40622,卖盘
1626,11:01:01,10.7,0.01,90,96300,买盘
1627,11:00:49,10.69,-0.01,50,53450,卖盘
1628,11:00:46,10.7,0.01,1,1070,买盘
1629,11:00:40,10.69,-0.01,58,62408,卖盘
1630,11:00:37,10.7,--,44,47080,买盘
1631,11:00:31,10.7,0.01,90,96300,买盘
1632,11:00:28,10.69,-0.01,16,17104,卖盘
1633,11:00:25,10.7,--,20,21400,买盘
1634,11:00:13,10.7,--,5,5350,买盘
1635,11:00:10,10.7,--,48,51360,买盘
1636,11:00:07,10.7,--,84,90800,卖盘
1637,11:00:04,10.7,--,48,51360,卖盘
1638,11:00:01,10.7,-0.01,64,68480,卖盘
1639,10:59:58,10.71,--,5,5355,买盘
1640,10:59:52,10.71,0.01,51,54621,买盘
1641,10:59:46,10.7,-0.01,20,21400,卖盘
1642,10:59:43,10.71,0.01,5,5355,买盘
1643,10:59:34,10.7,--,5,5350,卖盘
1644,10:59:31,10.7,--,11,11770,卖盘
1645,10:59:28,10.7,--,14,14979,卖盘
1646,10:59:22,10.7,--,22,23540,卖盘
1647,10:59:16,10.7,-0.01,10,10700,卖盘
1648,10:59:07,10.71,--,1,1071,买盘
1649,10:58:52,10.71,0.01,151,161721,买盘
1650,10:58:49,10.7,-0.01,20,21400,卖盘
1651,10:58:46,10.71,--,15,16065,买盘
1652,10:58:43,10.71,--,111,118881,买盘
1653,10:58:37,10.71,0.01,316,338436,买盘
1654,10:58:34,10.7,--,90,96300,卖盘
1655,10:58:31,10.7,--,19,20330,卖盘
1656,10:58:28,10.7,-0.01,203,217210,卖盘
1657,10:58:22,10.71,0.01,1,1071,买盘
1658,10:58:16,10.7,--,207,221489,卖盘
1659,10:58:13,10.7,--,5,5350,卖盘
1660,10:58:07,10.7,-0.01,10,10700,卖盘
1661,10:58:01,10.71,0.01,1,1071,买盘
1662,10:57:58,10.7,-0.01,41,43870,卖盘
1663,10:57:55,10.71,0.01,50,53550,买盘
1664,10:57:49,10.7,-0.01,5,5350,卖盘
1665,10:57:40,10.71,0.01,17,18207,买盘
1666,10:57:34,10.7,--,110,117699,卖盘
1667,10:57:28,10.7,--,5,5350,卖盘
1668,10:57:25,10.7,--,10,10700,卖盘
1669,10:57:19,10.7,-0.01,405,433350,卖盘
1670,10:57:16,10.71,0.01,1,1071,买盘
1671,10:57:07,10.7,0.01,186,199169,买盘
1672,10:57:04,10.69,--,34,36346,卖盘
1673,10:57:01,10.69,--,14,14966,卖盘
1674,10:56:58,10.69,-0.01,4,4276,卖盘
1675,10:56:55,10.7,-0.01,434,465300,卖盘
1676,10:56:49,10.71,--,410,439110,买盘
1677,10:56:43,10.71,--,1,1071,买盘
1678,10:56:37,10.71,0.01,20,21420,买盘
1679,10:56:34,10.7,-0.01,20,21400,卖盘
1680,10:56:31,10.71,0.01,930,996329,买盘
1681,10:56:28,10.7,--,200,214000,卖盘
1682,10:56:22,10.7,--,3,3210,卖盘
1683,10:56:19,10.7,--,10,10700,卖盘
1684,10:56:16,10.7,--,35,37450,卖盘
1685,10:56:13,10.7,--,32,34240,卖盘
1686,10:56:10,10.7,--,27,28889,卖盘
1687,10:56:04,10.7,--,127,135890,卖盘
1688,10:55:58,10.7,0.02,263,282330,买盘
1689,10:55:55,10.68,--,10,10680,卖盘
1690,10:55:49,10.68,-0.01,923,985764,卖盘
1691,10:55:46,10.69,--,5,5345,买盘
1692,10:55:40,10.69,0.01,1,1069,买盘
1693,10:55:37,10.68,--,62,66216,卖盘
1694,10:55:31,10.68,--,99,105732,卖盘
1695,10:55:28,10.68,-0.01,3,3204,卖盘
1696,10:55:22,10.69,-0.01,202,215938,卖盘
1697,10:55:13,10.7,0.01,1,1070,买盘
1698,10:55:10,10.69,0.01,127,135763,买盘
1699,10:55:07,10.68,--,16,17088,卖盘
1700,10:54:58,10.68,--,255,272340,卖盘
1701,10:54:55,10.68,--,48,51264,卖盘
1702,10:54:49,10.68,-0.01,50,53400,卖盘
1703,10:54:43,10.69,0.01,200,213800,买盘
1704,10:54:37,10.68,-0.01,116,123888,卖盘
1705,10:54:31,10.69,--,132,141108,买盘
1706,10:54:28,10.69,0.01,14,14966,买盘
1707,10:54:22,10.68,--,50,53400,卖盘
1708,10:54:16,10.68,-0.01,20,21360,卖盘
1709,10:54:13,10.69,--,100,106900,买盘
1710,10:54:10,10.69,--,515,550535,买盘
1711,10:54:04,10.69,--,52,55588,买盘
1712,10:54:01,10.69,0.01,1,1069,买盘
1713,10:53:58,10.68,--,105,112140,卖盘
1714,10:53:55,10.68,--,5,5340,卖盘
1715,10:53:49,10.68,-0.01,261,278748,卖盘
1716,10:53:43,10.69,--,145,155005,买盘
1717,10:53:40,10.69,0.01,70,74830,买盘
1718,10:53:37,10.68,-0.01,16,17088,卖盘
1719,10:53:34,10.69,0.01,3,3207,买盘
1720,10:53:31,10.68,--,17,18156,卖盘
1721,10:53:28,10.68,-0.01,157,167676,卖盘
1722,10:53:25,10.69,0.01,1,1069,买盘
1723,10:53:16,10.68,-0.01,0,117,卖盘
1724,10:53:04,10.69,0.01,43,45967,买盘
1725,10:53:01,10.68,--,116,123888,卖盘
1726,10:52:49,10.68,--,56,59808,卖盘
1727,10:52:43,10.68,-0.01,611,652548,卖盘
1728,10:52:40,10.69,0.01,1,1069,买盘
1729,10:52:37,10.68,--,16,17088,卖盘
1730,10:52:34,10.68,--,52,55536,卖盘
1731,10:52:28,10.68,--,88,93984,卖盘
1732,10:52:25,10.68,--,10,10680,卖盘
1733,10:52:19,10.68,--,62,66216,卖盘
1734,10:52:16,10.68,-0.01,1080,1153440,卖盘
1735,10:52:13,10.69,0.01,10,10690,买盘
1736,10:52:10,10.68,-0.01,8,8544,卖盘
1737,10:52:07,10.69,--,50,53450,买盘
1738,10:52:01,10.69,0.01,1,1069,买盘
1739,10:51:52,10.68,--,150,160200,卖盘
1740,10:51:37,10.68,--,28,29904,卖盘
1741,10:51:34,10.68,--,26,27768,卖盘
1742,10:51:28,10.68,--,113,120684,卖盘
1743,10:51:19,10.68,--,17,18156,卖盘
1744,10:51:16,10.68,-0.01,27,28836,卖盘
1745,10:51:13,10.69,0.01,1,1069,买盘
1746,10:51:10,10.68,--,38,40584,卖盘
1747,10:51:07,10.68,--,76,81168,卖盘
1748,10:51:04,10.68,--,78,83304,卖盘
1749,10:51:01,10.68,--,19,20292,卖盘
1750,10:50:58,10.68,-0.01,38,40584,卖盘
1751,10:50:55,10.69,0.01,60,64140,买盘
1752,10:50:52,10.68,--,87,92916,卖盘
1753,10:50:49,10.68,--,10,10680,卖盘
1754,10:50:46,10.68,--,33,35244,卖盘
1755,10:50:43,10.68,--,26,27768,卖盘
1756,10:50:37,10.68,-0.01,16,17088,卖盘
1757,10:50:34,10.69,--,30,32070,买盘
1758,10:50:31,10.69,0.01,98,104762,买盘
1759,10:50:28,10.68,--,122,130296,卖盘
1760,10:50:19,10.68,--,75,80100,卖盘
1761,10:50:16,10.68,--,19,20292,卖盘
1762,10:50:13,10.68,-0.01,4,4272,卖盘
1763,10:50:10,10.69,0.01,1,1069,买盘
1764,10:50:07,10.68,--,226,241368,卖盘
1765,10:50:01,10.68,-0.01,96,102528,卖盘
1766,10:49:58,10.69,-0.01,306,327114,卖盘
1767,10:49:51,10.7,0.01,42,44940,买盘
1768,10:49:48,10.69,--,60,64140,卖盘
1769,10:49:45,10.69,--,561,599933,卖盘
1770,10:49:39,10.69,--,73,78037,卖盘
1771,10:49:36,10.69,--,47,50243,卖盘
1772,10:49:33,10.69,-0.01,35,37415,卖盘
1773,10:49:21,10.7,0.01,1,1070,买盘
1774,10:49:15,10.69,-0.01,32,34208,卖盘
1775,10:49:09,10.7,--,1,1070,买盘
1776,10:49:00,10.7,--,21,22470,买盘
1777,10:48:57,10.7,--,4,4280,买盘
1778,10:48:48,10.7,--,20,21400,买盘
1779,10:48:45,10.7,0.01,30,32099,买盘
1780,10:48:39,10.69,-0.01,11,11759,卖盘
1781,10:48:33,10.7,--,1,1070,买盘
1782,10:48:27,10.7,0.01,97,103790,买盘
1783,10:48:21,10.69,--,4,4276,卖盘
1784,10:48:18,10.69,-0.01,2,2138,卖盘
1785,10:48:15,10.7,--,105,112349,买盘
1786,10:48:12,10.7,--,10,10700,买盘
1787,10:48:06,10.7,0.01,1,1070,买盘
1788,10:48:03,10.69,--,45,48105,卖盘
1789,10:48:00,10.69,--,55,58795,卖盘
1790,10:47:57,10.69,-0.01,98,104762,卖盘
1791,10:47:45,10.7,--,1,1070,买盘
1792,10:47:36,10.7,0.01,35,37450,买盘
1793,10:47:33,10.69,--,2,2138,卖盘
1794,10:47:27,10.69,-0.01,81,86589,卖盘
1795,10:47:24,10.7,--,441,471869,买盘
1796,10:47:09,10.7,0.01,42,44940,买盘
1797,10:47:03,10.69,-0.01,45,48105,卖盘
1798,10:47:00,10.7,0.01,1,1070,买盘
1799,10:46:57,10.69,--,86,91934,卖盘
1800,10:46:48,10.69,--,50,53450,卖盘
1801,10:46:42,10.69,-0.01,49,52381,卖盘
1802,10:46:39,10.7,0.01,1,1070,买盘
1803,10:46:36,10.69,--,81,86589,卖盘
1804,10:46:33,10.69,--,212,226628,卖盘
1805,10:46:30,10.69,--,3,3207,卖盘
1806,10:46:27,10.69,-0.01,118,126142,卖盘
1807,10:46:24,10.7,0.01,435,465449,买盘
1808,10:46:21,10.69,-0.01,1,1069,卖盘
1809,10:46:18,10.7,--,50,53500,买盘
1810,10:46:15,10.7,--,11,11770,买盘
1811,10:46:12,10.7,0.01,12,12840,买盘
1812,10:46:09,10.69,-0.01,115,122935,卖盘
1813,10:46:00,10.7,--,2,2140,买盘
1814,10:45:57,10.7,--,32,34389,卖盘
1815,10:45:54,10.7,--,48,51360,卖盘
1816,10:45:51,10.7,--,285,304950,卖盘
1817,10:45:48,10.7,--,101,108070,卖盘
1818,10:45:45,10.7,--,64,68480,卖盘
1819,10:45:42,10.7,--,18,19260,卖盘
1820,10:45:39,10.7,--,134,143380,卖盘
1821,10:45:36,10.7,--,369,394830,卖盘
1822,10:45:33,10.7,-0.01,39,41730,卖盘
1823,10:45:30,10.71,0.01,29,31059,买盘
1824,10:45:27,10.7,-0.01,177,189390,卖盘
1825,10:45:24,10.71,0.01,201,215271,买盘
1826,10:45:21,10.7,--,30,32099,卖盘
1827,10:45:18,10.7,-0.01,47,50290,卖盘
1828,10:45:12,10.71,0.01,8,8568,买盘
1829,10:45:09,10.7,--,120,128399,卖盘
1830,10:45:06,10.7,--,83,88810,卖盘
1831,10:45:03,10.7,--,81,86670,卖盘
1832,10:44:57,10.7,--,116,124119,卖盘
1833,10:44:51,10.7,--,7,7489,卖盘
1834,10:44:48,10.7,-0.01,755,807850,卖盘
1835,10:44:45,10.71,--,18,19278,买盘
1836,10:44:36,10.71,0.01,40,42840,买盘
1837,10:44:33,10.7,-0.01,20,21400,卖盘
1838,10:44:30,10.71,--,342,366282,买盘
1839,10:44:24,10.71,0.01,11,11781,买盘
1840,10:44:21,10.7,--,20,21400,卖盘
1841,10:44:15,10.7,--,92,98482,卖盘
1842,10:44:09,10.7,--,1022,1093540,卖盘
1843,10:44:06,10.7,-0.01,10,10700,卖盘
1844,10:44:03,10.71,--,1,1071,买盘
1845,10:44:00,10.71,0.01,24,25704,买盘
1846,10:43:57,10.7,--,89,95230,卖盘
1847,10:43:54,10.7,--,51,54570,卖盘
1848,10:43:51,10.7,-0.01,50,53500,卖盘
1849,10:43:45,10.71,0.01,100,107100,买盘
1850,10:43:42,10.7,--,19,20330,卖盘
1851,10:43:39,10.7,--,8,8560,卖盘
1852,10:43:36,10.7,-0.01,10,10700,卖盘
1853,10:43:33,10.71,0.01,47,50337,买盘
1854,10:43:30,10.7,--,3,3210,卖盘
1855,10:43:24,10.7,-0.01,20,21400,卖盘
1856,10:43:21,10.71,--,1,1071,买盘
1857,10:43:12,10.71,--,12,13151,买盘
1858,10:43:09,10.71,0.01,1,1071,买盘
1859,10:43:06,10.7,-0.01,225,240749,卖盘
1860,10:43:03,10.71,--,345,369495,买盘
1861,10:42:57,10.71,--,30,32130,买盘
1862,10:42:54,10.71,0.01,145,155295,买盘
1863,10:42:51,10.7,--,54,57779,卖盘
1864,10:42:36,10.7,--,4,4280,卖盘
1865,10:42:30,10.7,--,40,42800,卖盘
1866,10:42:27,10.7,--,31,33170,卖盘
1867,10:42:18,10.7,-0.01,19,20330,卖盘
1868,10:42:15,10.71,--,10,10710,买盘
1869,10:42:09,10.71,0.01,50,53550,买盘
1870,10:42:06,10.7,--,31,33170,卖盘
1871,10:42:03,10.7,--,170,181900,卖盘
1872,10:42:00,10.7,-0.01,4,4280,卖盘
1873,10:41:57,10.71,0.01,53,56763,买盘
1874,10:41:51,10.7,--,68,72760,卖盘
1875,10:41:45,10.7,-0.01,2,2140,卖盘
1876,10:41:42,10.71,--,2,2142,买盘
1877,10:41:39,10.71,--,68,72828,买盘
1878,10:41:36,10.71,--,1,1071,买盘
1879,10:41:33,10.71,--,10,10710,买盘
1880,10:41:27,10.71,0.01,10,10710,买盘
1881,10:41:24,10.7,--,63,67410,卖盘
1882,10:41:18,10.7,--,845,904727,买盘
1883,10:41:12,10.7,0.01,1,1070,买盘
1884,10:41:06,10.69,--,5,5345,卖盘
1885,10:41:03,10.69,--,120,128280,买盘
1886,10:41:00,10.69,-0.01,4,4276,卖盘
1887,10:40:57,10.7,0.01,480,513599,买盘
1888,10:40:54,10.69,--,90,96701,卖盘
1889,10:40:48,10.69,-0.01,33,35277,卖盘
1890,10:40:45,10.7,--,10,10700,买盘
1891,10:40:39,10.7,0.01,100,107000,买盘
1892,10:40:36,10.69,-0.01,59,63071,卖盘
1893,10:40:33,10.7,0.01,50,53500,买盘
1894,10:40:30,10.69,-0.01,3,3207,卖盘
1895,10:40:24,10.7,-0.01,5,5350,中性盘
1896,10:40:18,10.71,0.02,1011,1082781,买盘
1897,10:40:15,10.69,--,39,41691,卖盘
1898,10:40:12,10.69,-0.01,5,5345,卖盘
1899,10:40:03,10.7,--,156,167497,买盘
1900,10:39:57,10.7,--,63,67410,卖盘
1901,10:39:54,10.7,--,16,17120,卖盘
1902,10:39:48,10.7,--,39,41730,买盘
1903,10:39:45,10.7,-0.01,91,97370,中性盘
1904,10:39:39,10.71,0.01,137,146727,买盘
1905,10:39:30,10.7,--,76,81983,卖盘
1906,10:39:27,10.7,--,82,87740,卖盘
1907,10:39:21,10.7,-0.01,60,64199,卖盘
1908,10:39:18,10.71,0.01,100,107100,买盘
1909,10:39:15,10.7,--,1,1070,卖盘
1910,10:39:06,10.7,--,250,267500,卖盘
1911,10:39:03,10.7,--,145,155150,卖盘
1912,10:39:00,10.7,--,23,24610,卖盘
1913,10:38:57,10.7,--,27,28889,卖盘
1914,10:38:54,10.7,--,10,10700,卖盘
1915,10:38:51,10.7,--,1480,1584006,买盘
1916,10:38:45,10.7,0.01,1000,1070000,买盘
1917,10:38:39,10.69,0.01,236,252284,买盘
1918,10:38:33,10.68,-0.01,178,190104,卖盘
1919,10:38:30,10.69,--,10,10690,买盘
1920,10:38:21,10.69,--,29,31001,买盘
1921,10:38:18,10.69,0.01,194,207386,买盘
1922,10:38:15,10.68,--,9,9612,卖盘
1923,10:38:12,10.68,--,222,237096,买盘
1924,10:38:06,10.68,--,44,46992,买盘
1925,10:38:00,10.68,--,69,73692,买盘
1926,10:37:51,10.68,--,8,8544,买盘
1927,10:37:48,10.68,0.01,100,106800,买盘
1928,10:37:45,10.67,-0.01,157,167519,卖盘
1929,10:37:42,10.68,-0.01,97,103596,卖盘
1930,10:37:39,10.69,0.01,100,106900,买盘
1931,10:37:33,10.68,--,46,49128,卖盘
1932,10:37:27,10.68,--,103,110004,卖盘
1933,10:37:21,10.68,0.01,1612,1721616,买盘
1934,10:37:15,10.67,-0.01,279,297693,卖盘
1935,10:37:09,10.68,--,400,427200,买盘
1936,10:37:00,10.68,--,3,3204,买盘
1937,10:36:51,10.68,0.01,20,21360,买盘
1938,10:36:45,10.67,--,180,192060,卖盘
1939,10:36:39,10.67,-0.01,1,1067,卖盘
1940,10:36:30,10.68,0.01,21,22428,买盘
1941,10:36:24,10.67,--,2,2134,卖盘
1942,10:36:18,10.67,--,1,1067,卖盘
1943,10:36:15,10.67,-0.01,239,255013,卖盘
1944,10:36:12,10.68,--,14,14952,买盘
1945,10:36:09,10.68,0.01,23,24564,买盘
1946,10:36:06,10.67,--,45,48015,卖盘
1947,10:36:00,10.67,--,27,28809,卖盘
1948,10:35:57,10.67,--,20,21340,卖盘
1949,10:35:54,10.67,--,1,1067,卖盘
1950,10:35:42,10.67,-0.01,287,306229,卖盘
1951,10:35:39,10.68,0.01,96,102528,买盘
1952,10:35:33,10.67,--,12,12804,卖盘
1953,10:35:24,10.67,--,3,3201,卖盘
1954,10:35:18,10.67,--,11,11737,卖盘
1955,10:35:15,10.67,--,10,10670,卖盘
1956,10:35:12,10.67,--,21,22407,卖盘
1957,10:35:09,10.67,--,270,288090,卖盘
1958,10:35:03,10.67,--,20,21340,卖盘
1959,10:34:36,10.67,--,600,640200,卖盘
1960,10:34:33,10.67,--,66,70422,卖盘
1961,10:34:30,10.67,-0.01,5,5335,卖盘
1962,10:34:27,10.68,--,66,70488,买盘
1963,10:34:24,10.68,0.01,204,217872,买盘
1964,10:34:21,10.67,--,10,10670,卖盘
1965,10:34:18,10.67,--,239,255013,卖盘
1966,10:34:12,10.67,--,8,8536,卖盘
1967,10:33:54,10.67,-0.01,185,197395,卖盘
1968,10:33:51,10.68,0.01,57,60876,买盘
1969,10:33:48,10.67,-0.01,101,107767,卖盘
1970,10:33:42,10.68,0.01,2,2136,买盘
1971,10:33:39,10.67,-0.01,5,5335,卖盘
1972,10:33:24,10.68,0.01,1,1068,买盘
1973,10:33:21,10.67,--,224,239008,卖盘
1974,10:33:18,10.67,--,20,21340,卖盘
1975,10:33:12,10.67,--,1,1067,卖盘
1976,10:33:09,10.67,--,10,10670,卖盘
1977,10:33:03,10.67,--,56,59752,卖盘
1978,10:33:00,10.67,--,33,35211,卖盘
1979,10:32:57,10.67,-0.01,198,211266,卖盘
1980,10:32:51,10.68,--,120,128160,买盘
1981,10:32:48,10.68,0.01,14,14952,买盘
1982,10:32:42,10.67,--,5,5335,卖盘
1983,10:32:39,10.67,-0.01,35,37345,卖盘
1984,10:32:30,10.68,0.01,20,21360,买盘
1985,10:32:24,10.67,--,26,27742,卖盘
1986,10:32:18,10.67,--,447,476949,卖盘
1987,10:32:00,10.67,--,479,511093,卖盘
1988,10:31:57,10.67,--,53,56551,卖盘
1989,10:31:54,10.67,--,19,20273,卖盘
1990,10:31:45,10.67,--,81,86427,卖盘
1991,10:31:35,10.67,-0.01,226,241142,卖盘
1992,10:31:29,10.68,-0.01,1,1068,中性盘
1993,10:31:20,10.69,0.02,95,101555,买盘
1994,10:31:05,10.67,-0.01,234,249678,卖盘
1995,10:31:02,10.68,--,1,1068,卖盘
1996,10:30:59,10.68,--,14,14952,卖盘
1997,10:30:44,10.68,--,4,4272,卖盘
1998,10:30:38,10.68,--,10,10680,卖盘
1999,10:30:35,10.68,--,10,10680,卖盘
2000,10:30:32,10.68,--,5,5340,卖盘
2001,10:30:29,10.68,--,201,214668,卖盘
2002,10:30:23,10.68,0.01,9,9612,买盘
2003,10:30:20,10.67,-0.01,102,108834,卖盘
2004,10:30:14,10.68,0.01,22,23496,中性盘
2005,10:30:11,10.67,-0.01,21,22407,卖盘
2006,10:30:08,10.68,--,62,66216,卖盘
2007,10:30:02,10.68,--,45,48060,卖盘
2008,10:29:56,10.68,--,180,192240,卖盘
2009,10:29:50,10.68,--,10,10979,卖盘
2010,10:29:47,10.68,--,20,21360,卖盘
2011,10:29:44,10.68,-0.01,20,21360,卖盘
2012,10:29:41,10.69,0.01,50,53450,买盘
2013,10:29:38,10.68,--,210,224974,买盘
2014,10:29:32,10.68,0.01,90,96120,买盘
2015,10:29:26,10.67,-0.01,180,192060,卖盘
2016,10:29:20,10.68,--,80,85440,买盘
2017,10:29:14,10.68,--,36,38448,买盘
2018,10:29:08,10.68,--,16,17088,买盘
2019,10:29:02,10.68,-0.01,252,269509,卖盘
2020,10:28:50,10.69,0.01,20,21380,买盘
2021,10:28:35,10.68,--,3,3204,卖盘
2022,10:28:32,10.68,--,46,49128,卖盘
2023,10:28:29,10.68,-0.01,15,16020,卖盘
2024,10:28:14,10.69,0.01,280,299320,买盘
2025,10:28:08,10.68,-0.01,1,1068,卖盘
2026,10:28:05,10.69,0.01,70,74830,买盘
2027,10:28:02,10.68,--,60,64080,卖盘
2028,10:27:59,10.68,--,7,7476,卖盘
2029,10:27:56,10.68,--,37,39516,卖盘
2030,10:27:50,10.68,--,3,3204,卖盘
2031,10:27:44,10.68,--,268,286224,卖盘
2032,10:27:41,10.68,--,24,26326,卖盘
2033,10:27:38,10.68,--,10,10680,卖盘
2034,10:27:20,10.68,-0.01,37,39516,卖盘
2035,10:27:17,10.69,--,11,11759,买盘
2036,10:27:14,10.69,0.01,143,152867,买盘
2037,10:27:08,10.68,0.01,1,1068,买盘
2038,10:27:05,10.67,-0.02,2,2134,卖盘
2039,10:27:02,10.69,0.01,196,209524,买盘
2040,10:26:59,10.68,0.01,8,8544,中性盘
2041,10:26:47,10.67,--,103,109901,卖盘
2042,10:26:44,10.67,--,10,10670,卖盘
2043,10:26:41,10.67,--,10,10670,卖盘
2044,10:26:29,10.67,-0.02,222,236874,卖盘
2045,10:26:23,10.69,--,2,2138,买盘
2046,10:26:14,10.69,--,100,106900,买盘
2047,10:26:11,10.69,--,5,5345,买盘
2048,10:25:53,10.69,0.01,348,372012,买盘
2049,10:25:50,10.68,-0.01,20,21360,中性盘
2050,10:25:47,10.69,0.02,5,5345,买盘
2051,10:25:35,10.67,0.01,46,49082,卖盘
2052,10:25:26,10.66,-0.02,154,164164,卖盘
2053,10:25:23,10.68,-0.01,2,2136,中性盘
2054,10:25:14,10.69,0.03,100,106900,买盘
2055,10:25:11,10.66,-0.01,226,240916,卖盘
2056,10:25:08,10.67,--,100,106700,卖盘
2057,10:25:05,10.67,--,154,164318,卖盘
2058,10:24:50,10.67,--,20,21340,卖盘
2059,10:24:47,10.67,--,10,10670,卖盘
2060,10:24:38,10.67,0.01,33,35211,买盘
2061,10:24:35,10.66,-0.01,180,191880,卖盘
2062,10:24:32,10.67,--,2,2134,买盘
2063,10:24:29,10.67,--,1,1067,买盘
2064,10:24:26,10.67,--,20,21340,卖盘
2065,10:24:23,10.67,-0.02,299,319033,卖盘
2066,10:24:14,10.69,0.02,100,106900,买盘
2067,10:24:11,10.67,--,1,1067,卖盘
2068,10:24:05,10.67,--,216,230472,卖盘
2069,10:24:02,10.67,-0.01,45,48015,卖盘
2070,10:23:59,10.68,0.01,1,1068,买盘
2071,10:23:44,10.67,-0.02,91,97097,卖盘
2072,10:23:41,10.69,0.03,100,106900,买盘
2073,10:23:29,10.66,-0.01,179,190814,卖盘
2074,10:23:23,10.67,--,86,91762,卖盘
2075,10:23:17,10.67,--,105,112035,卖盘
2076,10:23:08,10.67,--,35,37345,买盘
2077,10:22:59,10.67,-0.01,319,340373,卖盘
2078,10:22:56,10.68,-0.01,30,32040,卖盘
2079,10:22:53,10.69,0.02,64,68416,买盘
2080,10:22:38,10.67,--,46,49082,卖盘
2081,10:22:23,10.67,0.01,27,28809,中性盘
2082,10:22:17,10.66,-0.03,299,318734,卖盘
2083,10:22:14,10.69,0.02,204,218076,买盘
2084,10:22:11,10.67,--,4,4268,卖盘
2085,10:21:47,10.67,0.01,1,1067,卖盘
2086,10:21:44,10.66,-0.01,214,228124,卖盘
2087,10:21:38,10.67,--,16,17072,买盘
2088,10:21:35,10.67,0.01,11,11737,中性盘
2089,10:21:29,10.66,--,10,10660,卖盘
2090,10:21:26,10.66,--,186,198276,卖盘
2091,10:21:23,10.66,-0.03,165,175890,卖盘
2092,10:21:17,10.69,0.01,842,900098,买盘
2093,10:21:14,10.68,0.02,100,106800,买盘
2094,10:21:05,10.66,--,45,47970,卖盘
2095,10:20:56,10.66,--,291,310206,卖盘
2096,10:20:50,10.66,--,9,9594,卖盘
2097,10:20:47,10.66,-0.01,47,50102,卖盘
2098,10:20:41,10.67,0.01,43,45881,买盘
2099,10:20:38,10.66,-0.02,135,143910,卖盘
2100,10:20:35,10.68,--,200,213600,买盘
2101,10:20:26,10.68,--,190,202920,买盘
2102,10:20:20,10.68,--,150,160200,买盘
2103,10:20:14,10.68,0.02,1000,1068000,买盘
2104,10:20:08,10.66,--,15,15990,卖盘
2105,10:20:05,10.66,--,51,54366,卖盘
2106,10:19:56,10.66,0.01,220,234520,卖盘
2107,10:19:53,10.65,-0.01,306,325890,卖盘
2108,10:19:41,10.66,0.01,32,34112,买盘
2109,10:19:38,10.65,-0.01,25,26625,卖盘
2110,10:19:35,10.66,--,17,18122,中性盘
2111,10:19:32,10.66,--,50,53300,卖盘
2112,10:19:29,10.66,--,227,241982,卖盘
2113,10:19:26,10.66,--,7,7462,卖盘
2114,10:19:23,10.66,0.01,963,1026558,买盘
2115,10:19:20,10.65,-0.01,298,317370,卖盘
2116,10:19:17,10.66,--,591,630006,卖盘
2117,10:19:14,10.66,--,408,434928,卖盘
2118,10:19:05,10.66,--,5,5330,卖盘
2119,10:19:02,10.66,--,368,392288,卖盘
2120,10:18:59,10.66,-0.01,42,44772,卖盘
2121,10:18:56,10.67,0.01,69,73623,买盘
2122,10:18:53,10.66,--,740,788840,卖盘
2123,10:18:50,10.66,--,171,182286,卖盘
2124,10:18:47,10.66,--,254,270764,卖盘
2125,10:18:44,10.66,--,6,6396,卖盘
2126,10:18:41,10.66,--,185,197210,卖盘
2127,10:18:35,10.66,-0.01,23,24518,卖盘
2128,10:18:32,10.67,0.01,1,1067,买盘
2129,10:18:29,10.66,--,9,9594,卖盘
2130,10:18:26,10.66,--,28,29848,卖盘
2131,10:18:23,10.66,--,382,407212,卖盘
2132,10:18:20,10.66,--,42,44772,卖盘
2133,10:18:17,10.66,-0.01,25,26650,卖盘
2134,10:18:14,10.67,--,277,295559,买盘
2135,10:18:08,10.67,--,230,245410,买盘
2136,10:18:05,10.67,0.01,385,410795,买盘
2137,10:18:02,10.66,-0.01,173,184418,卖盘
2138,10:17:53,10.67,--,653,697412,卖盘
2139,10:17:50,10.67,--,13,13871,卖盘
2140,10:17:44,10.67,--,200,213400,卖盘
2141,10:17:41,10.67,--,826,881342,卖盘
2142,10:17:38,10.67,--,5,5335,卖盘
2143,10:17:35,10.67,--,40,42680,卖盘
2144,10:17:26,10.67,--,55,58685,卖盘
2145,10:17:23,10.67,--,25,26675,卖盘
2146,10:17:20,10.67,-0.01,2,2134,卖盘
2147,10:17:17,10.68,--,3,3204,买盘
2148,10:17:14,10.68,0.01,245,261660,买盘
2149,10:17:11,10.67,--,180,192060,卖盘
2150,10:17:08,10.67,--,13,13871,卖盘
2151,10:17:05,10.67,--,900,960300,卖盘
2152,10:16:56,10.67,--,50,53350,卖盘
2153,10:16:53,10.67,-0.01,10,10670,卖盘
2154,10:16:50,10.68,--,3,3204,买盘
2155,10:16:47,10.68,0.01,68,72624,买盘
2156,10:16:41,10.67,--,197,210199,卖盘
2157,10:16:35,10.67,--,79,84293,卖盘
2158,10:16:29,10.67,-0.01,47,50447,卖盘
2159,10:16:20,10.68,--,1,1068,买盘
2160,10:16:17,10.68,0.01,100,106800,买盘
2161,10:16:14,10.67,-0.02,60,64020,卖盘
2162,10:16:11,10.69,0.02,463,494947,买盘
2163,10:16:08,10.67,--,195,208065,卖盘
2164,10:16:02,10.67,-0.01,256,273152,卖盘
2165,10:15:56,10.68,--,235,250980,卖盘
2166,10:15:53,10.68,--,503,537204,卖盘
2167,10:15:44,10.68,--,1,1068,卖盘
2168,10:15:41,10.68,-0.01,226,241368,卖盘
2169,10:15:38,10.69,0.01,38,40622,买盘
2170,10:15:35,10.68,--,70,74760,卖盘
2171,10:15:32,10.68,--,128,136704,卖盘
2172,10:15:29,10.68,-0.01,7,7476,卖盘
2173,10:15:26,10.69,--,38,40622,买盘
2174,10:15:20,10.69,0.01,1,1069,买盘
2175,10:15:14,10.68,--,101,107868,卖盘
2176,10:15:11,10.68,-0.01,5,5340,卖盘
2177,10:14:59,10.69,--,162,173178,卖盘
2178,10:14:53,10.69,--,36,38484,卖盘
2179,10:14:44,10.69,--,164,175316,卖盘
2180,10:14:41,10.69,-0.01,1,1069,卖盘
2181,10:14:38,10.7,--,3,3210,买盘
2182,10:14:35,10.7,0.01,20,21400,买盘
2183,10:14:32,10.69,--,10,10690,卖盘
2184,10:14:29,10.69,--,19,20311,卖盘
2185,10:14:26,10.69,--,7,7483,卖盘
2186,10:14:23,10.69,-0.01,6,6414,卖盘
2187,10:14:20,10.7,0.01,58,62059,买盘
2188,10:14:17,10.69,0.01,80,85520,买盘
2189,10:14:14,10.68,--,233,248844,卖盘
2190,10:14:05,10.68,-0.01,667,712356,卖盘
2191,10:14:02,10.69,--,104,111176,卖盘
2192,10:13:56,10.69,--,379,405151,买盘
2193,10:13:50,10.69,--,21,22449,卖盘
2194,10:13:44,10.69,-0.01,16,17104,卖盘
2195,10:13:41,10.7,0.01,3,3210,买盘
2196,10:13:35,10.69,--,54,57726,买盘
2197,10:13:32,10.69,0.01,2,2138,买盘
2198,10:13:29,10.68,--,49,52332,卖盘
2199,10:13:26,10.68,-0.01,11,11748,卖盘
2200,10:13:23,10.69,--,50,53450,卖盘
2201,10:13:20,10.69,--,20,21380,卖盘
2202,10:13:17,10.69,--,926,989894,买盘
2203,10:13:10,10.69,0.01,12,12828,买盘
2204,10:13:07,10.68,--,57,60876,卖盘
2205,10:13:04,10.68,-0.01,1,1068,卖盘
2206,10:12:52,10.69,-0.01,525,561225,卖盘
2207,10:12:46,10.7,0.01,4,4280,买盘
2208,10:12:43,10.69,--,20,21380,卖盘
2209,10:12:34,10.69,--,516,551604,买盘
2210,10:12:31,10.69,--,93,99417,买盘
2211,10:12:25,10.69,--,1,1069,买盘
2212,10:12:22,10.69,0.01,55,58795,买盘
2213,10:12:16,10.68,--,1,1068,卖盘
2214,10:12:13,10.68,--,55,58740,卖盘
2215,10:12:04,10.68,-0.01,45,48060,卖盘
2216,10:11:49,10.69,0.01,201,214869,买盘
2217,10:11:37,10.68,-0.01,13,13884,卖盘
2218,10:11:34,10.69,0.01,1,1069,买盘
2219,10:11:28,10.68,--,1,1068,卖盘
2220,10:11:25,10.68,--,29,30972,卖盘
2221,10:11:19,10.68,-0.02,5,5340,卖盘
2222,10:11:16,10.7,0.01,1863,1993409,买盘
2223,10:11:13,10.69,0.01,137,146453,买盘
2224,10:11:10,10.68,--,7,7476,卖盘
2225,10:11:07,10.68,--,15,16020,卖盘
2226,10:11:04,10.68,--,20,21360,卖盘
2227,10:10:58,10.68,--,10,10680,卖盘
2228,10:10:49,10.68,--,1114,1189752,买盘
2229,10:10:46,10.68,0.01,40,42720,买盘
2230,10:10:34,10.67,--,20,21340,卖盘
2231,10:10:31,10.67,-0.01,46,49082,卖盘
2232,10:10:28,10.68,--,5,5340,买盘
2233,10:10:25,10.68,--,1,1068,买盘
2234,10:10:13,10.68,--,5,5340,卖盘
2235,10:10:07,10.68,--,70,74760,卖盘
2236,10:10:04,10.68,--,582,621576,卖盘
2237,10:10:01,10.68,--,15,16020,卖盘
2238,10:09:52,10.68,--,163,174084,卖盘
2239,10:09:49,10.68,--,44,46992,卖盘
2240,10:09:46,10.68,--,15,16020,卖盘
2241,10:09:37,10.68,--,1012,1080816,卖盘
2242,10:09:28,10.68,--,30,32040,卖盘
2243,10:09:22,10.68,-0.01,6,6408,卖盘
2244,10:09:13,10.69,0.01,714,763266,买盘
2245,10:09:07,10.68,--,50,53400,卖盘
2246,10:09:04,10.68,--,68,72624,卖盘
2247,10:08:58,10.68,--,20,21360,卖盘
2248,10:08:55,10.68,--,46,49128,卖盘
2249,10:08:49,10.68,--,227,242436,卖盘
2250,10:08:43,10.68,--,252,269136,卖盘
2251,10:08:31,10.68,--,41,43788,卖盘
2252,10:08:16,10.68,-0.01,19,20292,卖盘
2253,10:08:13,10.69,0.01,150,160350,买盘
2254,10:08:07,10.68,-0.01,30,32040,卖盘
2255,10:08:04,10.69,0.01,402,429738,买盘
2256,10:08:01,10.68,--,51,54468,卖盘
2257,10:07:49,10.68,--,4,4272,卖盘
2258,10:07:46,10.68,-0.01,27,28836,卖盘
2259,10:07:43,10.69,0.01,22,23518,买盘
2260,10:07:40,10.68,-0.01,149,159132,卖盘
2261,10:07:34,10.69,0.01,166,177454,买盘
2262,10:07:25,10.68,-0.01,39,41652,卖盘
2263,10:07:22,10.69,0.01,8,8552,买盘
2264,10:07:13,10.68,-0.01,10,10680,卖盘
2265,10:07:10,10.69,--,52,55588,买盘
2266,10:07:07,10.69,--,16,17104,买盘
2267,10:07:04,10.69,--,134,143374,卖盘
2268,10:07:01,10.69,--,412,440428,卖盘
2269,10:06:58,10.69,-0.01,81,86589,卖盘
2270,10:06:55,10.7,0.01,258,276060,买盘
2271,10:06:52,10.69,--,110,117590,卖盘
2272,10:06:49,10.69,-0.01,68,72692,卖盘
2273,10:06:43,10.7,--,2043,2186010,买盘
2274,10:06:37,10.7,0.01,57,60989,买盘
2275,10:06:34,10.69,--,23,24587,卖盘
2276,10:06:31,10.69,--,35,37415,卖盘
2277,10:06:22,10.69,-0.01,1,1069,卖盘
2278,10:06:19,10.7,0.01,1,1070,买盘
2279,10:06:16,10.69,--,24,25656,卖盘
2280,10:06:13,10.69,--,63,67347,卖盘
2281,10:06:07,10.69,--,3,3207,卖盘
2282,10:06:04,10.69,--,47,50243,卖盘
2283,10:06:01,10.69,--,111,118659,卖盘
2284,10:05:58,10.69,--,100,106900,卖盘
2285,10:05:52,10.69,-0.01,32,34208,卖盘
2286,10:05:49,10.7,0.01,1,1070,买盘
2287,10:05:46,10.69,--,112,119728,卖盘
2288,10:05:43,10.69,--,15,16035,卖盘
2289,10:05:40,10.69,-0.01,109,116521,卖盘
2290,10:05:37,10.7,--,56,59919,买盘
2291,10:05:34,10.7,0.01,5,5350,买盘
2292,10:05:25,10.69,-0.01,49,52381,卖盘
2293,10:05:22,10.7,0.01,144,154080,买盘
2294,10:05:19,10.69,--,50,53450,卖盘
2295,10:05:16,10.69,-0.01,10,10690,卖盘
2296,10:05:13,10.7,--,10,10700,买盘
2297,10:05:10,10.7,--,150,160500,买盘
2298,10:05:07,10.7,--,28,29959,买盘
2299,10:04:58,10.7,0.01,20,21400,买盘
2300,10:04:55,10.69,--,81,86589,卖盘
2301,10:04:52,10.69,-0.01,177,189213,卖盘
2302,10:04:49,10.7,0.01,50,53500,买盘
2303,10:04:43,10.69,--,23,24587,卖盘
2304,10:04:40,10.69,0.02,70,75770,买盘
2305,10:04:34,10.67,--,46,49082,卖盘
2306,10:04:31,10.67,--,0,106,卖盘
2307,10:04:28,10.67,-0.02,34,36278,卖盘
2308,10:04:25,10.69,--,10,10690,买盘
2309,10:04:16,10.69,-0.01,9,9749,卖盘
2310,10:04:10,10.7,0.01,8,8560,中性盘
2311,10:04:04,10.69,-0.01,198,211662,卖盘
2312,10:04:01,10.7,0.01,2342,2506881,买盘
2313,10:03:58,10.69,0.02,3,3207,买盘
2314,10:03:49,10.67,--,8,8536,卖盘
2315,10:03:46,10.67,0.01,3,3201,中性盘
2316,10:03:43,10.66,--,2534,2701244,卖盘
2317,10:03:31,10.66,-0.01,34,36244,卖盘
2318,10:03:25,10.67,0.01,3,3201,买盘
2319,10:03:19,10.66,--,40,42640,买盘
2320,10:03:16,10.66,--,19,20254,买盘
2321,10:03:13,10.66,--,10,10660,买盘
2322,10:03:07,10.66,--,33,35178,卖盘
2323,10:03:01,10.66,--,60,63960,卖盘
2324,10:02:58,10.66,-0.01,19,20254,卖盘
2325,10:02:52,10.67,0.01,5,5335,买盘
2326,10:02:49,10.66,--,6,6396,卖盘
2327,10:02:46,10.66,--,13,13858,卖盘
2328,10:02:40,10.66,--,51,54366,卖盘
2329,10:02:34,10.66,0.01,107,114062,中性盘
2330,10:02:31,10.65,-0.01,199,211935,卖盘
2331,10:02:25,10.66,--,21,22386,卖盘
2332,10:02:22,10.66,-0.01,71,75686,卖盘
2333,10:02:16,10.67,--,18,19206,买盘
2334,10:02:13,10.67,0.01,66,70422,买盘
2335,10:02:10,10.66,--,10,10660,卖盘
2336,10:02:04,10.66,0.01,7,7462,中性盘
2337,10:01:58,10.65,-0.01,25,26625,卖盘
2338,10:01:55,10.66,--,29,30914,卖盘
2339,10:01:52,10.66,--,53,56498,卖盘
2340,10:01:49,10.66,0.01,67,71422,卖盘
2341,10:01:46,10.65,-0.02,179,190635,卖盘
2342,10:01:40,10.67,0.01,143,152581,买盘
2343,10:01:34,10.66,--,58,61828,卖盘
2344,10:01:19,10.66,--,50,53300,卖盘
2345,10:01:16,10.66,--,75,79950,买盘
2346,10:01:13,10.66,--,73,77818,买盘
2347,10:01:10,10.66,--,205,218530,买盘
2348,10:01:07,10.66,--,29,30914,买盘
2349,10:01:04,10.66,--,94,100204,买盘
2350,10:01:01,10.66,0.01,50,53300,买盘
2351,10:00:58,10.65,-0.01,16,17040,卖盘
2352,10:00:55,10.66,--,5,5330,买盘
2353,10:00:52,10.66,--,34,36244,买盘
2354,10:00:49,10.66,--,10,10660,买盘
2355,10:00:40,10.66,0.01,50,53300,中性盘
2356,10:00:34,10.65,-0.01,1002,1067130,卖盘
2357,10:00:31,10.66,-0.01,35,37310,卖盘
2358,10:00:28,10.67,0.01,23,24541,买盘
2359,10:00:19,10.66,--,7,7462,卖盘
2360,10:00:13,10.66,--,10,10660,卖盘
2361,10:00:07,10.66,--,42,44772,卖盘
2362,10:00:04,10.66,0.01,567,604422,买盘
2363,10:00:01,10.65,--,377,401505,卖盘
2364,09:59:55,10.65,-0.01,10,10650,卖盘
2365,09:59:52,10.66,--,20,21320,买盘
2366,09:59:49,10.66,--,91,97006,买盘
2367,09:59:40,10.66,0.01,338,360308,买盘
2368,09:59:37,10.65,--,2,2130,卖盘
2369,09:59:28,10.65,-0.01,39,41535,卖盘
2370,09:59:25,10.66,--,53,56498,买盘
2371,09:59:22,10.66,0.01,186,198276,买盘
2372,09:59:07,10.65,0.01,563,600202,买盘
2373,09:59:04,10.64,-0.01,40,42560,卖盘
2374,09:58:58,10.65,--,22,23430,买盘
2375,09:58:55,10.65,--,9,9585,买盘
2376,09:58:52,10.65,--,2,2130,买盘
2377,09:58:49,10.65,0.01,136,144840,买盘
2378,09:58:46,10.64,-0.01,34,36176,卖盘
2379,09:58:40,10.65,0.01,93,99045,买盘
2380,09:58:37,10.64,-0.01,49,52136,卖盘
2381,09:58:34,10.65,--,20,21300,买盘
2382,09:58:31,10.65,--,31,33015,买盘
2383,09:58:28,10.65,--,110,117150,买盘
2384,09:58:25,10.65,--,2,2130,买盘
2385,09:58:19,10.65,--,185,197025,买盘
2386,09:58:16,10.65,--,41,43665,买盘
2387,09:58:10,10.65,--,2,2130,买盘
2388,09:58:04,10.65,--,14,14910,买盘
2389,09:58:01,10.65,0.01,21,22365,买盘
2390,09:57:58,10.64,--,10,10640,卖盘
2391,09:57:55,10.64,-0.01,73,77969,卖盘
2392,09:57:52,10.65,0.01,5,5325,买盘
2393,09:57:49,10.64,-0.01,284,302176,卖盘
2394,09:57:46,10.65,--,168,179218,买盘
2395,09:57:43,10.65,0.01,8,8520,买盘
2396,09:57:40,10.64,--,19,20216,卖盘
2397,09:57:37,10.64,-0.01,1045,1111880,卖盘
2398,09:57:34,10.65,0.01,5,5325,买盘
2399,09:57:28,10.64,-0.01,1,1064,卖盘
2400,09:57:25,10.65,0.01,10,10650,买盘
2401,09:57:22,10.64,--,110,117040,卖盘
2402,09:57:19,10.64,--,3,3192,卖盘
2403,09:57:16,10.64,--,444,472416,卖盘
2404,09:57:13,10.64,-0.01,505,537320,卖盘
2405,09:57:10,10.65,--,1,1065,买盘
2406,09:57:07,10.65,--,300,319500,买盘
2407,09:57:01,10.65,0.01,20,21300,买盘
2408,09:56:58,10.64,--,2026,2155664,卖盘
2409,09:56:55,10.64,--,82,87248,卖盘
2410,09:56:52,10.64,-0.01,12,12768,卖盘
2411,09:56:49,10.65,--,100,106500,买盘
2412,09:56:43,10.65,--,12,12780,买盘
2413,09:56:40,10.65,--,20,21300,买盘
2414,09:56:37,10.65,0.01,106,112890,买盘
2415,09:56:34,10.64,-0.01,71,75544,卖盘
2416,09:56:31,10.65,--,1388,1478677,卖盘
2417,09:56:25,10.65,--,30,31950,卖盘
2418,09:56:22,10.65,--,21,22365,卖盘
2419,09:56:19,10.65,--,7,7455,卖盘
2420,09:56:16,10.65,--,75,79875,卖盘
2421,09:56:13,10.65,--,39,41535,卖盘
2422,09:56:10,10.65,-0.01,19,20235,卖盘
2423,09:56:07,10.66,0.01,48,51168,买盘
2424,09:56:04,10.65,--,5,5325,卖盘
2425,09:56:01,10.65,--,126,134190,卖盘
2426,09:55:58,10.65,-0.01,596,634740,卖盘
2427,09:55:52,10.66,0.01,3,3198,买盘
2428,09:55:49,10.65,-0.01,61,64965,卖盘
2429,09:55:46,10.66,0.01,35,37310,买盘
2430,09:55:43,10.65,-0.01,3,3195,卖盘
2431,09:55:40,10.66,--,12,12792,买盘
2432,09:55:37,10.66,0.01,72,76752,买盘
2433,09:55:34,10.65,--,130,138450,卖盘
2434,09:55:31,10.65,-0.01,119,126735,卖盘
2435,09:55:28,10.66,0.01,10,10660,买盘
2436,09:55:22,10.65,--,14,14910,卖盘
2437,09:55:19,10.65,--,42,44730,卖盘
2438,09:55:16,10.65,-0.01,219,233235,卖盘
2439,09:55:10,10.66,0.01,8,8528,买盘
2440,09:55:07,10.65,-0.02,155,165075,卖盘
2441,09:55:04,10.67,0.01,135,144045,买盘
2442,09:54:58,10.66,--,46,49036,卖盘
2443,09:54:52,10.66,--,10,10670,买盘
2444,09:54:49,10.66,0.01,90,95940,卖盘
2445,09:54:40,10.65,-0.01,1210,1288650,卖盘
2446,09:54:34,10.66,-0.01,34,36244,卖盘
2447,09:54:31,10.67,0.01,55,58685,买盘
2448,09:54:28,10.66,--,156,166296,卖盘
2449,09:54:19,10.66,--,229,244710,买盘
2450,09:54:16,10.66,--,278,296348,买盘
2451,09:54:09,10.66,0.01,42,44772,买盘
2452,09:54:06,10.65,-0.01,23,24495,卖盘
2453,09:54:03,10.66,--,1183,1261078,买盘
2454,09:54:00,10.66,0.01,69,73554,买盘
2455,09:53:57,10.65,--,103,109695,卖盘
2456,09:53:54,10.65,--,50,53250,卖盘
2457,09:53:51,10.65,-0.01,15,15975,卖盘
2458,09:53:48,10.66,--,10,10660,买盘
2459,09:53:45,10.66,0.01,33,35178,买盘
2460,09:53:42,10.65,--,279,297135,卖盘
2461,09:53:39,10.65,--,184,195960,卖盘
2462,09:53:33,10.65,--,80,85200,卖盘
2463,09:53:30,10.65,--,142,151230,卖盘
2464,09:53:27,10.65,-0.01,1367,1455855,卖盘
2465,09:53:21,10.66,--,10,10660,买盘
2466,09:53:18,10.66,--,50,53300,买盘
2467,09:53:15,10.66,--,10,10660,买盘
2468,09:53:12,10.66,--,66,70825,卖盘
2469,09:53:09,10.66,--,94,100204,卖盘
2470,09:53:06,10.66,--,27,28782,卖盘
2471,09:53:03,10.66,--,47,50102,卖盘
2472,09:53:00,10.66,--,64,68224,卖盘
2473,09:52:57,10.66,--,9,9594,卖盘
2474,09:52:54,10.66,-0.01,57,60762,卖盘
2475,09:52:51,10.67,--,81,86427,买盘
2476,09:52:48,10.67,0.01,19,20273,买盘
2477,09:52:45,10.66,--,103,109798,卖盘
2478,09:52:42,10.66,--,107,114062,卖盘
2479,09:52:39,10.66,--,201,214266,卖盘
2480,09:52:36,10.66,--,101,107666,卖盘
2481,09:52:33,10.66,--,30,31980,卖盘
2482,09:52:27,10.66,--,230,245180,卖盘
2483,09:52:21,10.66,--,40,42640,卖盘
2484,09:52:18,10.66,--,3,3198,卖盘
2485,09:52:12,10.66,--,589,627874,卖盘
2486,09:52:09,10.66,--,28,29848,卖盘
2487,09:52:06,10.66,--,6,6396,卖盘
2488,09:52:03,10.66,--,6,6396,卖盘
2489,09:51:57,10.66,--,37,39442,卖盘
2490,09:51:54,10.66,--,222,236652,卖盘
2491,09:51:51,10.66,--,21,22386,卖盘
2492,09:51:45,10.66,--,2,2132,卖盘
2493,09:51:42,10.66,--,117,124722,卖盘
2494,09:51:36,10.66,-0.01,21,22386,卖盘
2495,09:51:33,10.67,0.01,667,711689,买盘
2496,09:51:27,10.66,--,234,249444,卖盘
2497,09:51:15,10.66,--,76,81016,卖盘
2498,09:51:12,10.66,--,53,56498,卖盘
2499,09:51:09,10.66,--,2,2132,卖盘
2500,09:51:06,10.66,--,152,162032,卖盘
2501,09:51:03,10.66,--,252,269356,卖盘
2502,09:51:00,10.66,--,62,66092,卖盘
2503,09:50:57,10.66,--,22,23452,卖盘
2504,09:50:54,10.66,--,5,5330,卖盘
2505,09:50:51,10.66,0.01,166,177894,买盘
2506,09:50:48,10.65,-0.01,283,301395,卖盘
2507,09:50:45,10.66,0.01,110,117260,买盘
2508,09:50:39,10.65,--,90,95850,卖盘
2509,09:50:36,10.65,--,20,21300,卖盘
2510,09:50:33,10.65,-0.01,562,598657,卖盘
2511,09:50:30,10.66,--,52,55432,卖盘
2512,09:50:24,10.66,--,34,36244,卖盘
2513,09:50:21,10.66,--,247,263302,卖盘
2514,09:50:18,10.66,--,92,98072,卖盘
2515,09:50:15,10.66,--,57,60762,卖盘
2516,09:50:09,10.66,--,224,238784,卖盘
2517,09:50:06,10.66,--,34,36244,卖盘
2518,09:50:03,10.66,--,59,62894,卖盘
2519,09:50:00,10.66,--,200,213200,卖盘
2520,09:49:57,10.66,-0.01,119,126854,卖盘
2521,09:49:54,10.67,-0.01,11,11737,中性盘
2522,09:49:51,10.68,0.01,1089,1163052,买盘
2523,09:49:48,10.67,--,2121,2263107,卖盘
2524,09:49:42,10.67,--,19,20273,卖盘
2525,09:49:36,10.67,--,38,40546,卖盘
2526,09:49:33,10.67,0.01,23,24541,卖盘
2527,09:49:30,10.66,--,1000,1066000,卖盘
2528,09:49:27,10.66,-0.01,137,146042,卖盘
2529,09:49:24,10.67,0.01,63,67221,买盘
2530,09:49:15,10.66,-0.01,216,230256,卖盘
2531,09:49:09,10.67,0.01,131,139777,中性盘
2532,09:49:06,10.66,-0.01,183,195078,卖盘
2533,09:49:00,10.67,0.01,1,1067,买盘
2534,09:48:57,10.66,--,1,1066,卖盘
2535,09:48:54,10.66,-0.01,62,66092,卖盘
2536,09:48:51,10.67,--,31,33077,买盘
2537,09:48:48,10.67,0.01,69,73623,买盘
2538,09:48:45,10.66,--,13,13858,卖盘
2539,09:48:42,10.66,--,10,10660,卖盘
2540,09:48:36,10.66,-0.01,10,10660,卖盘
2541,09:48:30,10.67,0.01,200,213400,买盘
2542,09:48:24,10.66,-0.01,50,53300,卖盘
2543,09:48:21,10.67,0.01,5,5335,买盘
2544,09:48:18,10.66,--,10,10660,卖盘
2545,09:48:15,10.66,-0.01,38,40508,卖盘
2546,09:48:12,10.67,0.01,162,172854,买盘
2547,09:48:09,10.66,--,60,63960,卖盘
2548,09:47:51,10.66,--,110,118198,买盘
2549,09:47:48,10.66,--,228,243048,卖盘
2550,09:47:45,10.66,--,7,7462,卖盘
2551,09:47:42,10.66,--,10,10660,卖盘
2552,09:47:36,10.66,--,45,47970,买盘
2553,09:47:33,10.66,--,126,134316,买盘
2554,09:47:30,10.66,--,40,42640,买盘
2555,09:47:27,10.66,--,132,140712,卖盘
2556,09:47:24,10.66,--,33,35178,卖盘
2557,09:47:21,10.66,--,89,94874,买盘
2558,09:47:18,10.66,--,90,95940,买盘
2559,09:47:15,10.66,--,44,46904,买盘
2560,09:47:12,10.66,--,59,62894,买盘
2561,09:47:09,10.66,--,8,8528,卖盘
2562,09:47:06,10.66,0.01,26,27716,中性盘
2563,09:47:03,10.65,-0.01,221,235365,卖盘
2564,09:47:00,10.66,--,35,37310,买盘
2565,09:46:57,10.66,--,2,2132,卖盘
2566,09:46:54,10.66,--,150,159900,买盘
2567,09:46:51,10.66,--,61,65026,买盘
2568,09:46:45,10.66,--,76,81016,买盘
2569,09:46:42,10.66,0.01,241,256906,买盘
2570,09:46:39,10.65,-0.01,95,101175,卖盘
2571,09:46:36,10.66,--,25,26650,买盘
2572,09:46:33,10.66,--,20,21320,买盘
2573,09:46:30,10.66,--,46,49036,买盘
2574,09:46:27,10.66,--,117,124722,买盘
2575,09:46:24,10.66,--,154,164164,买盘
2576,09:46:21,10.66,--,10,10660,买盘
2577,09:46:18,10.66,0.01,126,134316,买盘
2578,09:46:15,10.65,--,45,47925,卖盘
2579,09:46:09,10.65,-0.01,293,312045,卖盘
2580,09:46:06,10.66,--,234,249444,买盘
2581,09:46:03,10.66,0.01,21,22386,买盘
2582,09:46:00,10.65,--,42,44730,卖盘
2583,09:45:57,10.65,-0.01,3,3195,卖盘
2584,09:45:54,10.66,--,10,10660,买盘
2585,09:45:51,10.66,0.01,86,91676,买盘
2586,09:45:48,10.65,--,56,59640,卖盘
2587,09:45:45,10.65,-0.01,55,58575,卖盘
2588,09:45:42,10.66,--,23,24518,买盘
2589,09:45:36,10.66,0.01,28,29848,买盘
2590,09:45:33,10.65,-0.01,10,10650,卖盘
2591,09:45:30,10.66,--,15,15990,买盘
2592,09:45:27,10.66,--,2,2132,买盘
2593,09:45:21,10.66,--,10,10660,买盘
2594,09:45:18,10.66,--,16,17056,买盘
2595,09:45:15,10.66,--,270,287820,买盘
2596,09:45:09,10.66,--,1613,1719458,卖盘
2597,09:45:06,10.66,-0.01,410,437060,卖盘
2598,09:45:00,10.67,--,35,37345,买盘
2599,09:44:57,10.67,0.01,10,10670,买盘
2600,09:44:51,10.66,-0.01,233,248378,卖盘
2601,09:44:48,10.67,--,270,288090,买盘
2602,09:44:39,10.67,--,115,122705,买盘
2603,09:44:36,10.67,--,95,101365,买盘
2604,09:44:33,10.67,--,70,74690,买盘
2605,09:44:30,10.67,--,266,283822,卖盘
2606,09:44:24,10.67,--,33,35211,卖盘
2607,09:44:21,10.67,--,415,442805,卖盘
2608,09:44:18,10.67,--,30,32010,卖盘
2609,09:44:15,10.67,--,119,126973,卖盘
2610,09:44:12,10.67,0.01,405,432135,买盘
2611,09:44:09,10.66,-0.01,128,136448,卖盘
2612,09:44:06,10.67,--,179,190993,买盘
2613,09:43:57,10.67,--,1139,1215313,卖盘
2614,09:43:54,10.67,--,15,16005,卖盘
2615,09:43:48,10.67,--,27,28809,卖盘
2616,09:43:45,10.67,--,30,32010,买盘
2617,09:43:42,10.67,--,11,11737,买盘
2618,09:43:39,10.67,--,39,41613,买盘
2619,09:43:36,10.67,-0.01,414,441738,卖盘
2620,09:43:33,10.68,0.01,10,10680,买盘
2621,09:43:30,10.67,--,134,142978,卖盘
2622,09:43:27,10.67,-0.01,54,57618,卖盘
2623,09:43:24,10.68,--,24,25632,买盘
2624,09:43:18,10.68,--,2214,2364552,买盘
2625,09:43:15,10.68,--,114,121752,买盘
2626,09:43:09,10.68,--,81,86508,卖盘
2627,09:43:06,10.68,--,521,556428,卖盘
2628,09:43:03,10.68,-0.01,500,534000,卖盘
2629,09:43:00,10.69,0.01,6,6414,买盘
2630,09:42:57,10.68,--,19,20292,卖盘
2631,09:42:51,10.68,--,2,2136,卖盘
2632,09:42:42,10.68,-0.01,19,20292,卖盘
2633,09:42:39,10.69,--,20,21380,卖盘
2634,09:42:36,10.69,--,54,57726,卖盘
2635,09:42:33,10.69,0.01,46,49174,中性盘
2636,09:42:30,10.68,--,74,79032,卖盘
2637,09:42:27,10.68,--,18,19224,卖盘
2638,09:42:24,10.68,-0.01,794,847992,卖盘
2639,09:42:21,10.69,0.01,157,167833,买盘
2640,09:42:18,10.68,--,31,33108,卖盘
2641,09:42:09,10.68,-0.02,62,66216,卖盘
2642,09:42:06,10.7,0.02,63,67410,买盘
2643,09:42:03,10.68,-0.01,110,117480,卖盘
2644,09:42:00,10.69,--,39,41691,卖盘
2645,09:41:57,10.69,-0.01,264,282216,卖盘
2646,09:41:54,10.7,--,20,21400,买盘
2647,09:41:51,10.7,0.01,100,107000,买盘
2648,09:41:48,10.69,--,96,102624,卖盘
2649,09:41:42,10.69,--,65,69485,卖盘
2650,09:41:36,10.69,--,5,5345,卖盘
2651,09:41:30,10.69,-0.01,88,94072,卖盘
2652,09:41:27,10.7,0.01,26,27819,买盘
2653,09:41:15,10.69,-0.01,54,57726,卖盘
2654,09:41:12,10.7,0.01,47,50290,买盘
2655,09:41:09,10.69,--,7,7483,卖盘
2656,09:41:03,10.69,-0.01,50,53450,卖盘
2657,09:41:00,10.7,--,143,153010,买盘
2658,09:40:57,10.7,0.01,1200,1284000,买盘
2659,09:40:54,10.69,-0.01,411,439359,卖盘
2660,09:40:45,10.7,0.01,7,7489,买盘
2661,09:40:42,10.69,--,73,78037,卖盘
2662,09:40:39,10.69,--,31,33139,卖盘
2663,09:40:36,10.69,-0.01,10,10690,卖盘
2664,09:40:30,10.7,--,200,214000,买盘
2665,09:40:24,10.7,--,12,12840,买盘
2666,09:40:21,10.7,--,103,110209,买盘
2667,09:40:15,10.7,--,10,10700,买盘
2668,09:40:12,10.7,0.01,4,4280,买盘
2669,09:40:09,10.69,--,118,126142,卖盘
2670,09:40:06,10.69,-0.01,1,1069,卖盘
2671,09:40:03,10.7,0.01,49,52430,买盘
2672,09:40:00,10.69,--,144,153936,卖盘
2673,09:39:54,10.69,--,329,351701,卖盘
2674,09:39:51,10.69,-0.01,25,26725,卖盘
2675,09:39:48,10.7,0.01,6,6420,买盘
2676,09:39:45,10.69,--,29,31001,卖盘
2677,09:39:42,10.69,--,10,10690,卖盘
2678,09:39:39,10.69,--,7,7483,卖盘
2679,09:39:33,10.69,--,33,35277,卖盘
2680,09:39:27,10.69,--,65,69485,卖盘
2681,09:39:24,10.69,--,422,451118,卖盘
2682,09:39:18,10.69,-0.01,10,10690,中性盘
2683,09:39:06,10.7,0.02,221,236469,买盘
2684,09:39:03,10.68,--,56,59808,卖盘
2685,09:38:57,10.68,--,10,10680,卖盘
2686,09:38:48,10.68,-0.02,82,87576,卖盘
2687,09:38:39,10.7,0.01,12,12840,买盘
2688,09:38:36,10.69,--,78,83382,卖盘
2689,09:38:27,10.69,--,53,56657,买盘
2690,09:38:24,10.69,--,23,24587,买盘
2691,09:38:21,10.69,0.01,15,16035,买盘
2692,09:38:18,10.68,-0.01,136,145248,卖盘
2693,09:38:15,10.69,--,27,28863,卖盘
2694,09:38:12,10.69,-0.01,3,3207,卖盘
2695,09:38:09,10.7,0.02,36,38520,买盘
2696,09:38:06,10.68,-0.01,52,55536,卖盘
2697,09:38:03,10.69,--,144,153936,卖盘
2698,09:38:00,10.69,--,861,920409,买盘
2699,09:37:57,10.69,--,3,3207,买盘
2700,09:37:54,10.69,--,24,25656,买盘
2701,09:37:51,10.69,0.01,10,10690,买盘
2702,09:37:48,10.68,-0.01,72,76896,卖盘
2703,09:37:45,10.69,--,20,21380,买盘
2704,09:37:36,10.69,--,25,26725,买盘
2705,09:37:30,10.69,0.01,7,7483,买盘
2706,09:37:24,10.68,--,16,17088,卖盘
2707,09:37:21,10.68,--,101,107868,买盘
2708,09:37:12,10.68,--,18,19224,买盘
2709,09:37:09,10.68,--,30,32040,买盘
2710,09:37:06,10.68,--,14,14952,买盘
2711,09:37:03,10.68,0.01,15,16020,卖盘
2712,09:37:00,10.67,-0.01,200,213400,卖盘
2713,09:36:57,10.68,0.01,17,18156,中性盘
2714,09:36:54,10.67,-0.01,119,126973,卖盘
2715,09:36:48,10.68,-0.01,124,132432,卖盘
2716,09:36:36,10.69,-0.01,20,21380,买盘
2717,09:36:27,10.7,0.01,356,380920,买盘
2718,09:36:21,10.69,0.01,6,6414,卖盘
2719,09:36:18,10.68,-0.01,187,199716,卖盘
2720,09:36:15,10.69,-0.01,2,2138,卖盘
2721,09:36:12,10.7,0.02,71,75970,买盘
2722,09:36:09,10.68,--,125,133500,卖盘
2723,09:36:06,10.68,-0.02,41,43788,中性盘
2724,09:36:00,10.7,0.02,178,190460,买盘
2725,09:35:57,10.68,-0.01,241,257388,卖盘
2726,09:35:48,10.69,0.01,142,151798,买盘
2727,09:35:45,10.68,-0.01,269,288274,卖盘
2728,09:35:42,10.69,--,70,74830,卖盘
2729,09:35:39,10.69,--,71,75899,卖盘
2730,09:35:36,10.69,0.02,581,621174,买盘
2731,09:35:33,10.67,--,216,230472,卖盘
2732,09:35:30,10.67,-0.01,59,62953,卖盘
2733,09:35:27,10.68,--,74,79032,买盘
2734,09:35:24,10.68,0.01,10,10680,买盘
2735,09:35:21,10.67,--,72,76824,卖盘
2736,09:35:15,10.67,--,80,85360,卖盘
2737,09:35:06,10.67,-0.01,138,147246,卖盘
2738,09:35:03,10.68,--,41,43788,买盘
2739,09:34:56,10.68,0.01,100,106800,买盘
2740,09:34:53,10.67,-0.01,40,42680,卖盘
2741,09:34:50,10.68,0.01,8,8544,买盘
2742,09:34:47,10.67,-0.01,295,314765,卖盘
2743,09:34:44,10.68,-0.01,37,39516,卖盘
2744,09:34:41,10.69,0.01,162,173178,买盘
2745,09:34:38,10.68,0.01,7,7476,买盘
2746,09:34:29,10.67,--,10,10670,卖盘
2747,09:34:26,10.67,-0.01,103,109901,卖盘
2748,09:34:23,10.68,0.01,32,34176,买盘
2749,09:34:20,10.67,-0.01,156,166452,卖盘
2750,09:34:17,10.68,--,185,198562,卖盘
2751,09:34:14,10.68,--,52,55621,买盘
2752,09:34:08,10.68,0.01,150,160200,买盘
2753,09:34:05,10.67,-0.01,30,32010,卖盘
2754,09:34:02,10.68,--,135,145162,卖盘
2755,09:33:59,10.68,--,30,32040,卖盘
2756,09:33:56,10.68,--,250,267000,卖盘
2757,09:33:53,10.68,--,144,153792,卖盘
2758,09:33:50,10.68,--,30,32040,卖盘
2759,09:33:44,10.68,--,126,134568,卖盘
2760,09:33:41,10.68,--,115,122820,卖盘
2761,09:33:38,10.68,--,57,60876,卖盘
2762,09:33:35,10.68,-0.01,20,21360,卖盘
2763,09:33:32,10.69,--,30,32070,买盘
2764,09:33:29,10.69,0.01,87,93003,买盘
2765,09:33:26,10.68,-0.01,63,67284,卖盘
2766,09:33:23,10.69,0.01,34,36346,买盘
2767,09:33:20,10.68,--,139,148452,卖盘
2768,09:33:17,10.68,--,92,98256,卖盘
2769,09:33:11,10.68,--,67,71556,卖盘
2770,09:33:08,10.68,--,34,36312,卖盘
2771,09:33:02,10.68,--,401,428268,卖盘
2772,09:32:56,10.68,--,62,66216,卖盘
2773,09:32:50,10.68,--,40,42720,卖盘
2774,09:32:47,10.68,--,92,98256,卖盘
2775,09:32:44,10.68,-0.01,50,53400,卖盘
2776,09:32:41,10.69,0.01,9,9621,买盘
2777,09:32:38,10.68,-0.01,60,64080,卖盘
2778,09:32:35,10.69,--,28,29932,卖盘
2779,09:32:26,10.69,--,120,128365,卖盘
2780,09:32:23,10.69,0.01,5,5345,中性盘
2781,09:32:17,10.68,-0.01,100,106800,卖盘
2782,09:32:14,10.69,--,1,1069,买盘
2783,09:32:11,10.69,0.01,73,78037,买盘
2784,09:32:08,10.68,0.01,6,6408,买盘
2785,09:32:05,10.67,-0.01,29,30943,卖盘
2786,09:31:59,10.68,--,30,32040,买盘
2787,09:31:53,10.68,--,15,16020,买盘
2788,09:31:50,10.68,--,133,142044,买盘
2789,09:31:47,10.68,--,100,106800,卖盘
2790,09:31:41,10.68,-0.01,205,218940,卖盘
2791,09:31:35,10.69,-0.01,50,53450,卖盘
2792,09:31:32,10.7,0.02,140,149800,买盘
2793,09:31:29,10.68,--,1503,1605204,卖盘
2794,09:31:26,10.68,-0.01,50,53400,卖盘
2795,09:31:23,10.69,0.01,34,36346,买盘
2796,09:31:20,10.68,--,26,27768,卖盘
2797,09:31:17,10.68,--,82,87576,卖盘
