,time,price,change,volume,amount,type
0,15:00:22,16.52,0.01,5154,8514408,卖盘
1,14:57:49,16.51,--,0,0,买盘
2,14:57:01,16.51,-0.01,35,57785,卖盘
3,14:56:58,16.52,0.01,352,581504,买盘
4,14:56:55,16.51,-0.01,50,82550,卖盘
5,14:56:52,16.52,0.01,200,330400,买盘
6,14:56:49,16.51,-0.01,63,104013,中性盘
7,14:56:46,16.52,0.01,122,201544,买盘
8,14:56:43,16.51,--,697,1150747,买盘
9,14:56:37,16.51,--,996,1645221,卖盘
10,14:56:34,16.51,-0.01,388,640588,卖盘
11,14:56:31,16.52,0.01,668,1103536,买盘
12,14:56:25,16.51,-0.01,79,130429,卖盘
13,14:56:22,16.52,0.01,48,79296,买盘
14,14:56:19,16.51,--,297,491172,卖盘
15,14:56:13,16.51,--,261,430911,卖盘
16,14:56:07,16.51,--,75,125046,买盘
17,14:56:04,16.51,--,185,305435,买盘
18,14:55:58,16.51,--,310,511810,买盘
19,14:55:55,16.51,0.01,178,293878,买盘
20,14:55:52,16.5,--,43,70950,卖盘
21,14:55:49,16.5,--,79,130350,买盘
22,14:55:46,16.5,--,205,338250,买盘
23,14:55:43,16.5,--,182,300300,买盘
24,14:55:40,16.5,--,38,62700,买盘
25,14:55:37,16.5,--,45,74250,买盘
26,14:55:34,16.5,-0.01,156,257400,卖盘
27,14:55:31,16.51,0.01,75,123825,买盘
28,14:55:28,16.5,--,88,145200,卖盘
29,14:55:25,16.5,-0.01,19,31350,卖盘
30,14:55:22,16.51,0.02,100,165100,买盘
31,14:55:19,16.49,-0.01,1042,1719577,卖盘
32,14:55:16,16.5,--,68,112200,卖盘
33,14:55:13,16.5,--,899,1484868,买盘
34,14:55:10,16.5,--,162,267300,买盘
35,14:55:07,16.5,--,605,998250,买盘
36,14:55:04,16.5,0.01,382,630300,买盘
37,14:54:58,16.49,--,30,49469,卖盘
38,14:54:55,16.49,-0.01,609,1004240,卖盘
39,14:54:52,16.5,--,5,8250,买盘
40,14:54:49,16.5,0.01,228,376200,买盘
41,14:54:43,16.49,--,4,6595,卖盘
42,14:54:40,16.49,--,202,333097,卖盘
43,14:54:37,16.49,0.01,176,290685,买盘
44,14:54:31,16.48,-0.01,334,550432,卖盘
45,14:54:28,16.49,0.01,564,930035,买盘
46,14:54:25,16.48,--,179,294992,卖盘
47,14:54:22,16.48,--,43,70864,卖盘
48,14:54:19,16.48,--,92,151616,卖盘
49,14:54:13,16.48,--,393,647664,卖盘
50,14:54:10,16.48,-0.01,17,28016,卖盘
51,14:54:07,16.49,--,1,1648,买盘
52,14:54:04,16.49,0.01,57,93992,买盘
53,14:54:01,16.48,0.02,25,41200,中性盘
54,14:53:58,16.46,-0.02,18,29628,卖盘
55,14:53:55,16.48,--,11,18128,买盘
56,14:53:49,16.48,--,18,29664,买盘
57,14:53:46,16.48,-0.01,36,59328,买盘
58,14:53:43,16.49,--,5,8245,买盘
59,14:53:37,16.49,0.01,206,339693,买盘
60,14:53:34,16.48,--,47,77456,买盘
61,14:53:31,16.48,-0.01,29,47792,卖盘
62,14:53:28,16.49,--,1056,1741343,买盘
63,14:53:25,16.49,0.01,24,39575,买盘
64,14:53:22,16.48,-0.01,70,115360,卖盘
65,14:53:19,16.49,0.01,13,21436,买盘
66,14:53:16,16.48,--,135,222480,卖盘
67,14:53:10,16.48,--,672,1107456,卖盘
68,14:53:07,16.48,--,34,56032,卖盘
69,14:53:04,16.48,-0.01,21,34608,卖盘
70,14:53:01,16.49,--,38,62661,买盘
71,14:52:58,16.49,--,17,28032,买盘
72,14:52:55,16.49,--,26,42873,买盘
73,14:52:52,16.49,--,33,54416,买盘
74,14:52:49,16.49,--,121,199528,买盘
75,14:52:43,16.49,0.01,165,272085,买盘
76,14:52:40,16.48,--,20,32960,卖盘
77,14:52:37,16.48,-0.01,553,911344,卖盘
78,14:52:34,16.49,0.01,160,263840,买盘
79,14:52:31,16.48,--,15,24720,卖盘
80,14:52:28,16.48,-0.01,21,34608,卖盘
81,14:52:25,16.49,0.01,59,97290,买盘
82,14:52:22,16.48,--,73,120304,卖盘
83,14:52:19,16.48,-0.01,560,922880,卖盘
84,14:52:16,16.49,0.01,104,171495,买盘
85,14:52:13,16.48,--,79,130192,卖盘
86,14:52:10,16.48,-0.01,19,31312,卖盘
87,14:52:07,16.49,--,71,117078,买盘
88,14:52:04,16.49,0.01,60,98939,买盘
89,14:52:01,16.48,-0.01,53,87344,卖盘
90,14:51:55,16.49,--,122,201177,买盘
91,14:51:52,16.49,0.02,84,138516,买盘
92,14:51:46,16.47,-0.01,139,228932,卖盘
93,14:51:43,16.48,--,82,135136,卖盘
94,14:51:40,16.48,-0.01,3,4944,卖盘
95,14:51:34,16.49,0.01,107,176442,买盘
96,14:51:31,16.48,--,15,24720,卖盘
97,14:51:28,16.48,--,44,72512,买盘
98,14:51:25,16.48,--,5,8240,买盘
99,14:51:22,16.48,--,72,118656,买盘
100,14:51:13,16.48,0.01,90,148320,买盘
101,14:51:10,16.47,--,49,80703,买盘
102,14:51:07,16.47,0.01,21,34587,买盘
103,14:51:04,16.46,-0.01,2,3292,卖盘
104,14:51:01,16.47,--,84,138348,买盘
105,14:50:58,16.47,--,50,82350,买盘
106,14:50:49,16.47,0.01,5,8235,买盘
107,14:50:46,16.46,--,10,16460,卖盘
108,14:50:43,16.46,-0.01,12,19752,中性盘
109,14:50:37,16.47,0.01,279,459512,买盘
110,14:50:34,16.46,--,58,95468,买盘
111,14:50:31,16.46,--,57,93822,买盘
112,14:50:25,16.46,--,17,27982,买盘
113,14:50:16,16.46,0.01,45,74070,买盘
114,14:50:13,16.45,-0.02,731,1202495,卖盘
115,14:50:07,16.47,-0.01,131,215756,卖盘
116,14:50:04,16.48,--,150,247200,买盘
117,14:50:01,16.48,--,49,80752,卖盘
118,14:49:55,16.48,--,219,360912,卖盘
119,14:49:52,16.48,--,91,149968,卖盘
120,14:49:46,16.48,--,102,168096,卖盘
121,14:49:43,16.48,-0.01,10,16480,卖盘
122,14:49:40,16.49,0.01,115,189634,买盘
123,14:49:37,16.48,-0.01,19,31312,卖盘
124,14:49:34,16.49,--,33,54416,买盘
125,14:49:31,16.49,0.01,21,34629,买盘
126,14:49:28,16.48,-0.01,39,64272,卖盘
127,14:49:25,16.49,--,27,44522,买盘
128,14:49:19,16.49,--,24,39575,买盘
129,14:49:13,16.49,0.01,151,248998,买盘
130,14:49:07,16.48,-0.02,132,217536,卖盘
131,14:49:04,16.5,0.01,114,188100,买盘
132,14:48:58,16.49,-0.01,290,478209,卖盘
133,14:48:55,16.5,0.01,106,174900,买盘
134,14:48:49,16.49,--,30,49469,卖盘
135,14:48:46,16.49,--,279,460070,卖盘
136,14:48:43,16.49,--,57,93992,卖盘
137,14:48:40,16.49,--,5,8245,卖盘
138,14:48:37,16.49,--,41,67609,卖盘
139,14:48:34,16.49,-0.01,9,14840,卖盘
140,14:48:31,16.5,0.01,12,19800,买盘
141,14:48:28,16.49,--,114,187985,卖盘
142,14:48:25,16.49,--,900,1484099,买盘
143,14:48:22,16.49,--,202,333097,卖盘
144,14:48:19,16.49,--,38,62661,卖盘
145,14:48:16,16.49,-0.01,59,97290,卖盘
146,14:48:13,16.5,0.01,77,127050,买盘
147,14:48:10,16.49,--,60,98939,卖盘
148,14:48:04,16.49,-0.01,56,92343,卖盘
149,14:48:01,16.5,0.01,27,44550,买盘
150,14:47:58,16.49,--,20,32980,卖盘
151,14:47:55,16.49,--,9,14840,买盘
152,14:47:52,16.49,--,25,41224,买盘
153,14:47:49,16.49,--,38,62661,买盘
154,14:47:46,16.49,0.01,21,34629,买盘
155,14:47:43,16.48,-0.01,24,39552,卖盘
156,14:47:37,16.49,--,5,8245,买盘
157,14:47:34,16.49,-0.01,1,1648,中性盘
158,14:47:31,16.5,--,433,714582,买盘
159,14:47:28,16.5,0.01,18,29700,买盘
160,14:47:25,16.49,--,3,4946,卖盘
161,14:47:22,16.49,-0.01,207,341342,卖盘
162,14:47:19,16.5,--,67,110550,买盘
163,14:47:13,16.5,--,34,56100,买盘
164,14:47:10,16.5,0.01,76,125400,买盘
165,14:47:07,16.49,-0.01,76,125323,卖盘
166,14:47:04,16.5,--,18,29700,买盘
167,14:47:01,16.5,--,23,37950,买盘
168,14:46:55,16.5,--,15,24750,买盘
169,14:46:52,16.5,0.01,123,202950,买盘
170,14:46:43,16.49,--,147,243920,买盘
171,14:46:40,16.49,--,75,123674,买盘
172,14:46:34,16.49,--,46,75854,买盘
173,14:46:31,16.49,--,57,93992,买盘
174,14:46:28,16.49,--,23,37927,买盘
175,14:46:25,16.49,0.01,250,412249,买盘
176,14:46:22,16.48,-0.01,57,93936,卖盘
177,14:46:19,16.49,--,9,14840,买盘
178,14:46:16,16.49,0.01,17,28032,买盘
179,14:46:07,16.48,-0.01,148,243904,卖盘
180,14:46:01,16.49,0.01,13,21436,买盘
181,14:45:58,16.48,--,103,169744,买盘
182,14:45:55,16.48,-0.01,20,32960,卖盘
183,14:45:52,16.49,0.01,300,494699,买盘
184,14:45:46,16.48,--,7,11536,买盘
185,14:45:40,16.48,--,50,82400,买盘
186,14:45:37,16.48,-0.01,57,93936,卖盘
187,14:45:34,16.49,0.01,57,93992,买盘
188,14:45:31,16.48,--,72,118656,卖盘
189,14:45:28,16.48,--,12,19776,卖盘
190,14:45:25,16.48,-0.01,4,6592,卖盘
191,14:45:22,16.49,0.01,37,61012,买盘
192,14:45:19,16.48,--,87,143376,买盘
193,14:45:13,16.48,--,15,24720,买盘
194,14:45:10,16.48,0.01,20,32960,买盘
195,14:45:07,16.47,-0.01,22,36234,卖盘
196,14:45:04,16.48,--,72,118656,买盘
197,14:45:01,16.48,--,110,181411,卖盘
198,14:44:58,16.48,0.01,110,182796,买盘
199,14:44:55,16.47,-0.01,69,113642,卖盘
200,14:44:52,16.48,--,42,69347,卖盘
201,14:44:49,16.48,--,2,3296,卖盘
202,14:44:46,16.48,0.01,106,176204,买盘
203,14:44:43,16.47,-0.01,10,16470,卖盘
204,14:44:40,16.48,0.01,10,16480,买盘
205,14:44:34,16.47,-0.01,20,32940,卖盘
206,14:44:31,16.48,0.01,18,29664,买盘
207,14:44:28,16.47,--,51,83997,买盘
208,14:44:25,16.47,--,297,489158,卖盘
209,14:44:22,16.47,-0.01,24,39528,卖盘
210,14:44:16,16.48,0.01,25,41200,买盘
211,14:44:13,16.47,-0.01,42,69174,中性盘
212,14:44:10,16.48,--,347,571987,买盘
213,14:44:04,16.48,0.01,17,28016,买盘
214,14:44:01,16.47,--,5,8235,卖盘
215,14:43:58,16.47,0.01,18,31161,买盘
216,14:43:55,16.46,-0.02,36,59387,卖盘
217,14:43:52,16.48,0.01,80,133356,买盘
218,14:43:46,16.47,--,166,273402,买盘
219,14:43:43,16.47,--,10,16470,买盘
220,14:43:40,16.47,--,7,11660,卖盘
221,14:43:37,16.47,--,18,29645,卖盘
222,14:43:28,16.47,0.01,50,83865,买盘
223,14:43:25,16.46,-0.01,21,34566,卖盘
224,14:43:22,16.47,--,28,46116,买盘
225,14:43:19,16.47,--,133,219050,买盘
226,14:43:10,16.47,0.01,4,6588,买盘
227,14:43:07,16.46,-0.01,169,278174,卖盘
228,14:42:58,16.47,--,16,26549,卖盘
229,14:42:55,16.47,--,19,31292,卖盘
230,14:42:49,16.47,--,83,136701,卖盘
231,14:42:46,16.47,--,24,40977,卖盘
232,14:42:43,16.47,-0.01,17,27998,卖盘
233,14:42:40,16.48,--,20,32960,买盘
234,14:42:37,16.48,--,105,173040,买盘
235,14:42:34,16.48,0.01,22,36256,买盘
236,14:42:31,16.47,-0.01,63,103761,卖盘
237,14:42:25,16.48,--,45,74160,买盘
238,14:42:18,16.48,--,28,46144,买盘
239,14:42:15,16.48,--,5,8240,买盘
240,14:42:12,16.48,-0.01,100,164800,卖盘
241,14:42:09,16.49,--,61,100588,买盘
242,14:42:03,16.49,0.01,266,438633,买盘
243,14:42:00,16.48,-0.01,15,24720,卖盘
244,14:41:57,16.49,--,9,14840,买盘
245,14:41:51,16.49,--,210,346289,卖盘
246,14:41:48,16.49,--,53,87396,卖盘
247,14:41:45,16.49,--,65,107184,卖盘
248,14:41:42,16.49,--,259,427090,卖盘
249,14:41:39,16.49,0.02,425,700824,买盘
250,14:41:36,16.47,-0.01,51,83997,卖盘
251,14:41:33,16.48,--,42,69216,买盘
252,14:41:30,16.48,0.01,5,8240,买盘
253,14:41:27,16.47,-0.02,76,125171,卖盘
254,14:41:24,16.49,0.01,635,1047114,买盘
255,14:41:21,16.48,-0.01,50,82400,卖盘
256,14:41:18,16.49,0.01,51,84098,买盘
257,14:41:12,16.48,--,61,100528,卖盘
258,14:41:09,16.48,-0.01,134,220832,卖盘
259,14:41:06,16.49,0.01,31,51118,买盘
260,14:41:03,16.48,--,182,299936,卖盘
261,14:41:00,16.48,--,31,51088,卖盘
262,14:40:57,16.48,--,21,34608,卖盘
263,14:40:54,16.48,--,89,146672,卖盘
264,14:40:51,16.48,--,384,632832,买盘
265,14:40:48,16.48,--,7,11536,买盘
266,14:40:45,16.48,--,44,72512,买盘
267,14:40:36,16.48,0.01,25,41200,买盘
268,14:40:30,16.47,--,80,131760,买盘
269,14:40:27,16.47,--,27,44469,买盘
270,14:40:21,16.47,--,10,16470,买盘
271,14:40:15,16.47,0.01,79,130112,买盘
272,14:40:12,16.46,--,279,460155,买盘
273,14:40:09,16.46,--,31,51026,买盘
274,14:40:06,16.46,--,98,161308,买盘
275,14:40:00,16.46,--,29,47734,买盘
276,14:39:57,16.46,0.01,56,92176,买盘
277,14:39:51,16.45,--,2,3290,卖盘
278,14:39:48,16.45,--,92,151340,卖盘
279,14:39:42,16.45,--,433,712285,买盘
280,14:39:39,16.45,--,4,6580,买盘
281,14:39:36,16.45,--,361,593845,买盘
282,14:39:33,16.45,0.01,6,9870,买盘
283,14:39:24,16.44,--,7,11508,卖盘
284,14:39:21,16.44,--,5,8220,卖盘
285,14:39:18,16.44,0.01,257,422508,买盘
286,14:39:15,16.43,-0.01,678,1113954,卖盘
287,14:39:12,16.44,0.01,30,49320,买盘
288,14:39:09,16.43,-0.01,10,16430,卖盘
289,14:39:06,16.44,--,8,13152,买盘
290,14:39:03,16.44,--,14,23016,买盘
291,14:39:00,16.44,0.01,7,11508,买盘
292,14:38:57,16.43,-0.01,1,1643,卖盘
293,14:38:51,16.44,--,65,106860,买盘
294,14:38:48,16.44,0.01,1,1644,买盘
295,14:38:45,16.43,-0.01,44,72292,卖盘
296,14:38:39,16.44,--,32,52608,卖盘
297,14:38:36,16.44,--,6,9864,买盘
298,14:38:33,16.44,--,92,151248,买盘
299,14:38:30,16.44,--,21,34524,买盘
300,14:38:27,16.44,0.01,33,54252,买盘
301,14:38:21,16.43,-0.02,10,16430,卖盘
302,14:38:18,16.45,0.01,40,65800,买盘
303,14:38:12,16.44,--,28,46032,买盘
304,14:37:54,16.44,--,65,106860,卖盘
305,14:37:51,16.44,--,1,1644,卖盘
306,14:37:48,16.44,0.01,44,72336,买盘
307,14:37:42,16.43,-0.01,592,972656,卖盘
308,14:37:39,16.44,--,18,29592,买盘
309,14:37:36,16.44,-0.01,1,1644,中性盘
310,14:37:27,16.45,0.01,85,139825,买盘
311,14:37:21,16.44,-0.01,34,55896,卖盘
312,14:37:18,16.45,0.01,12,19740,买盘
313,14:37:15,16.44,-0.01,16,26304,卖盘
314,14:37:09,16.45,0.01,15,24675,买盘
315,14:37:06,16.44,-0.01,80,131520,卖盘
316,14:37:03,16.45,0.01,6,9870,买盘
317,14:37:00,16.44,-0.01,26,42744,中性盘
318,14:36:51,16.45,0.02,67,110215,买盘
319,14:36:48,16.43,-0.02,12,19716,卖盘
320,14:36:42,16.45,-0.01,5,8225,中性盘
321,14:36:30,16.46,--,7,11522,买盘
322,14:36:27,16.46,0.03,36,59256,买盘
323,14:36:24,16.43,-0.02,26,42718,卖盘
324,14:36:18,16.45,0.01,52,85540,买盘
325,14:36:15,16.44,-0.01,74,122313,卖盘
326,14:36:12,16.45,--,41,67445,卖盘
327,14:36:09,16.45,0.01,291,479682,买盘
328,14:36:06,16.44,--,51,84501,卖盘
329,14:36:03,16.44,--,24,39456,卖盘
330,14:36:00,16.44,--,30,49320,卖盘
331,14:35:57,16.44,--,10,16440,卖盘
332,14:35:51,16.44,--,36,59184,卖盘
333,14:35:48,16.44,-0.01,36,59184,卖盘
334,14:35:42,16.45,--,22,36190,买盘
335,14:35:39,16.45,0.01,2,3290,买盘
336,14:35:33,16.44,-0.01,145,238380,卖盘
337,14:35:27,16.45,--,21,34545,买盘
338,14:35:24,16.45,--,1,1645,买盘
339,14:35:21,16.45,--,150,246750,买盘
340,14:35:15,16.45,--,55,90475,买盘
341,14:35:12,16.45,--,99,162855,买盘
342,14:35:09,16.45,-0.01,4,6580,中性盘
343,14:35:06,16.46,0.01,82,134972,买盘
344,14:35:03,16.45,-0.01,414,681030,卖盘
345,14:34:57,16.46,--,15,24690,买盘
346,14:34:54,16.46,0.01,6,9876,买盘
347,14:34:51,16.45,-0.01,18,29610,卖盘
348,14:34:48,16.46,0.01,5,8230,买盘
349,14:34:45,16.45,--,15,24675,卖盘
350,14:34:42,16.45,--,524,862967,买盘
351,14:34:39,16.45,0.01,1,1645,买盘
352,14:34:36,16.44,--,158,259752,买盘
353,14:34:33,16.44,0.01,10,16440,买盘
354,14:34:30,16.43,-0.01,64,105152,卖盘
355,14:34:27,16.44,--,2,3288,买盘
356,14:34:24,16.44,--,41,67404,买盘
357,14:34:15,16.44,0.01,45,73980,买盘
358,14:34:12,16.43,0.01,114,187302,买盘
359,14:34:09,16.42,--,90,147780,卖盘
360,14:34:03,16.42,--,43,70606,买盘
361,14:34:00,16.42,--,52,85384,买盘
362,14:33:57,16.42,0.01,34,55828,买盘
363,14:33:51,16.41,--,1,1641,卖盘
364,14:33:48,16.41,--,17,27897,卖盘
365,14:33:45,16.41,--,28,45948,买盘
366,14:33:42,16.41,0.01,45,73845,买盘
367,14:33:39,16.4,-0.01,1,1639,卖盘
368,14:33:36,16.41,0.01,1,1641,买盘
369,14:33:30,16.4,-0.01,55,90199,卖盘
370,14:33:27,16.41,0.01,43,70563,买盘
371,14:33:21,16.4,--,96,157440,买盘
372,14:33:18,16.4,--,73,119719,买盘
373,14:33:09,16.4,--,18,29519,买盘
374,14:33:06,16.4,--,31,50839,买盘
375,14:33:03,16.4,0.01,1,1639,买盘
376,14:33:00,16.39,-0.01,37,60643,卖盘
377,14:32:57,16.4,--,168,275520,买盘
378,14:32:54,16.4,--,48,78720,买盘
379,14:32:51,16.4,--,46,75440,买盘
380,14:32:48,16.4,0.01,34,55759,买盘
381,14:32:45,16.39,-0.01,2,3278,卖盘
382,14:32:42,16.4,--,29,47559,买盘
383,14:32:39,16.4,--,59,96759,买盘
384,14:32:33,16.4,--,64,104959,买盘
385,14:32:30,16.4,0.01,1,1639,买盘
386,14:32:27,16.39,-0.01,49,80311,卖盘
387,14:32:24,16.4,--,14,22959,买盘
388,14:32:21,16.4,0.01,96,157440,买盘
389,14:32:18,16.39,-0.01,8,13112,卖盘
390,14:32:15,16.4,--,55,90199,买盘
391,14:32:12,16.4,--,11,18040,买盘
392,14:32:09,16.4,--,1,1639,买盘
393,14:32:00,16.4,-0.01,240,393599,卖盘
394,14:31:54,16.41,--,4,6564,买盘
395,14:31:48,16.41,0.01,33,54153,买盘
396,14:31:45,16.4,-0.01,29,47559,卖盘
397,14:31:42,16.41,--,5,8205,买盘
398,14:31:33,16.41,0.01,1,1641,买盘
399,14:31:30,16.4,--,2,3279,买盘
400,14:31:24,16.4,0.01,84,137760,买盘
401,14:31:21,16.39,-0.01,6,9834,卖盘
402,14:31:18,16.4,--,63,103319,买盘
403,14:31:12,16.4,-0.01,125,204999,卖盘
404,14:31:09,16.41,--,4,6564,买盘
405,14:31:06,16.41,0.01,38,62358,买盘
406,14:31:03,16.4,--,32,52479,卖盘
407,14:31:00,16.4,--,17,27879,卖盘
408,14:30:51,16.4,-0.01,6,9840,卖盘
409,14:30:48,16.41,0.01,49,80409,买盘
410,14:30:42,16.4,-0.01,2,3279,卖盘
411,14:30:36,16.41,0.01,144,236304,买盘
412,14:30:33,16.4,--,13,21319,卖盘
413,14:30:30,16.4,-0.01,91,149240,卖盘
414,14:30:27,16.41,0.01,29,47589,买盘
415,14:30:21,16.4,--,26,42639,卖盘
416,14:30:18,16.4,-0.01,1,1639,卖盘
417,14:30:15,16.41,--,15,24615,买盘
418,14:30:12,16.41,0.02,12,19692,买盘
419,14:30:09,16.39,-0.02,8,13112,卖盘
420,14:30:06,16.41,0.01,4,6564,买盘
421,14:30:03,16.4,--,6,9840,买盘
422,14:29:57,16.4,--,7,11479,卖盘
423,14:29:54,16.4,-0.01,20,32800,卖盘
424,14:29:51,16.41,--,37,60717,买盘
425,14:29:45,16.41,--,68,111588,买盘
426,14:29:36,16.41,--,39,63999,买盘
427,14:29:33,16.41,0.01,11,18051,买盘
428,14:29:30,16.4,--,2,3279,卖盘
429,14:29:24,16.4,--,142,232879,买盘
430,14:29:21,16.4,--,3,4920,卖盘
431,14:29:18,16.4,--,12,19680,买盘
432,14:29:15,16.4,--,33,54119,卖盘
433,14:29:12,16.4,--,5,8200,买盘
434,14:29:09,16.4,--,46,75440,买盘
435,14:29:06,16.4,--,70,114799,买盘
436,14:29:03,16.4,0.01,7,11479,卖盘
437,14:29:00,16.39,--,15,24585,卖盘
438,14:28:57,16.39,-0.01,201,329439,卖盘
439,14:28:54,16.4,--,25,41000,买盘
440,14:28:51,16.4,--,12,19680,买盘
441,14:28:45,16.4,--,30,49199,卖盘
442,14:28:39,16.4,-0.01,33,54119,卖盘
443,14:28:36,16.41,0.01,64,105024,买盘
444,14:28:27,16.4,--,11,18040,卖盘
445,14:28:15,16.4,--,10,16400,卖盘
446,14:28:12,16.4,--,16,26239,卖盘
447,14:28:09,16.4,--,5,8200,卖盘
448,14:28:06,16.4,0.01,5,8200,中性盘
449,14:28:03,16.39,-0.01,429,703131,卖盘
450,14:28:00,16.4,--,12,19680,买盘
451,14:27:54,16.4,0.01,16,26239,买盘
452,14:27:51,16.39,-0.01,49,80311,卖盘
453,14:27:48,16.4,--,16,26239,买盘
454,14:27:45,16.4,--,59,96759,买盘
455,14:27:42,16.4,--,114,186959,买盘
456,14:27:39,16.4,--,5,8200,买盘
457,14:27:36,16.4,--,72,118079,买盘
458,14:27:33,16.4,--,23,37720,买盘
459,14:27:30,16.4,--,13,21319,买盘
460,14:27:27,16.4,--,5,8200,买盘
461,14:27:21,16.4,0.01,38,62319,买盘
462,14:27:18,16.39,-0.01,329,539231,卖盘
463,14:27:12,16.4,--,12,19680,买盘
464,14:27:09,16.4,--,4,6559,买盘
465,14:27:06,16.4,0.01,31,50839,买盘
466,14:27:03,16.39,-0.01,1,1639,卖盘
467,14:27:00,16.4,0.01,13,21319,买盘
468,14:26:57,16.39,-0.01,40,65560,卖盘
469,14:26:54,16.4,0.01,4,6559,买盘
470,14:26:51,16.39,--,56,91784,卖盘
471,14:26:48,16.39,--,30,49170,卖盘
472,14:26:45,16.39,0.01,30,49170,卖盘
473,14:26:42,16.38,--,40,65519,卖盘
474,14:26:39,16.38,-0.02,351,574938,卖盘
475,14:26:33,16.4,0.01,52,85279,买盘
476,14:26:30,16.39,-0.01,6,9834,卖盘
477,14:26:27,16.4,0.02,15,24599,买盘
478,14:26:21,16.38,-0.01,22,36036,卖盘
479,14:26:18,16.39,--,31,50809,买盘
480,14:26:12,16.39,--,28,45892,买盘
481,14:26:09,16.39,--,35,57365,买盘
482,14:26:06,16.39,--,20,32780,买盘
483,14:26:03,16.39,0.01,4,6556,买盘
484,14:26:00,16.38,--,23,37674,卖盘
485,14:25:51,16.38,--,23,37674,买盘
486,14:25:48,16.38,--,52,85176,买盘
487,14:25:45,16.38,--,20,32759,买盘
488,14:25:42,16.38,--,46,75348,买盘
489,14:25:33,16.38,--,77,126125,买盘
490,14:25:30,16.38,--,11,18018,买盘
491,14:25:27,16.38,--,27,44226,卖盘
492,14:25:21,16.38,-0.01,40,65519,卖盘
493,14:25:18,16.39,--,4,6556,买盘
494,14:25:15,16.39,0.01,55,90145,买盘
495,14:25:09,16.38,0.01,10,16379,卖盘
496,14:25:03,16.37,-0.01,43,70391,卖盘
497,14:25:00,16.38,--,9,14742,买盘
498,14:24:57,16.38,--,39,63881,买盘
499,14:24:54,16.38,--,31,50778,买盘
500,14:24:51,16.38,-0.01,16,26208,买盘
501,14:24:48,16.39,0.01,14,22946,买盘
502,14:24:45,16.38,0.01,51,83538,卖盘
503,14:24:42,16.37,-0.01,15,24555,卖盘
504,14:24:39,16.38,--,78,128484,买盘
505,14:24:36,16.38,--,3,4914,买盘
506,14:24:33,16.38,--,27,44226,买盘
507,14:24:30,16.38,0.01,326,533988,买盘
508,14:24:27,16.37,0.01,100,163700,中性盘
509,14:24:24,16.36,--,51,83436,卖盘
510,14:24:21,16.36,-0.02,49,80164,卖盘
511,14:24:12,16.38,0.03,19,31121,买盘
512,14:24:09,16.35,-0.02,22,36362,卖盘
513,14:24:06,16.37,0.01,191,312667,买盘
514,14:24:03,16.36,--,27,44172,买盘
515,14:24:00,16.36,--,49,80164,买盘
516,14:23:53,16.36,--,148,242128,买盘
517,14:23:50,16.36,--,62,101432,卖盘
518,14:23:47,16.36,--,43,70348,卖盘
519,14:23:44,16.36,0.01,11,17996,卖盘
520,14:23:38,16.35,-0.01,215,351525,卖盘
521,14:23:35,16.36,--,108,176688,买盘
522,14:23:32,16.36,--,12,19632,买盘
523,14:23:29,16.36,--,53,86708,买盘
524,14:23:26,16.36,--,47,77317,卖盘
525,14:23:23,16.36,-0.01,158,259698,卖盘
526,14:23:17,16.37,0.01,72,117864,买盘
527,14:23:14,16.36,--,47,76892,卖盘
528,14:23:11,16.36,--,187,305932,卖盘
529,14:23:08,16.36,--,16,26176,卖盘
530,14:23:05,16.36,--,79,129244,卖盘
531,14:23:02,16.36,--,125,204500,卖盘
532,14:22:59,16.36,--,30,49080,卖盘
533,14:22:56,16.36,--,2,3272,卖盘
534,14:22:53,16.36,--,253,413908,卖盘
535,14:22:44,16.36,--,147,240492,卖盘
536,14:22:41,16.36,--,34,55624,卖盘
537,14:22:38,16.36,--,38,62168,卖盘
538,14:22:35,16.36,-0.01,247,404092,卖盘
539,14:22:32,16.37,--,133,217721,买盘
540,14:22:29,16.37,0.01,40,65480,买盘
541,14:22:23,16.36,-0.01,25,40900,卖盘
542,14:22:20,16.37,--,18,29466,买盘
543,14:22:17,16.37,--,182,297934,卖盘
544,14:22:14,16.37,-0.01,23,37651,卖盘
545,14:22:11,16.38,--,15,24570,买盘
546,14:22:05,16.38,--,1,1638,买盘
547,14:21:59,16.38,--,2104,3446646,卖盘
548,14:21:56,16.38,--,188,307944,卖盘
549,14:21:53,16.38,--,38,62243,卖盘
550,14:21:50,16.38,-0.01,9,14742,卖盘
551,14:21:47,16.39,0.01,14,22946,买盘
552,14:21:44,16.38,-0.02,10,16379,卖盘
553,14:21:38,16.4,0.01,162,265680,买盘
554,14:21:35,16.39,--,46,75394,卖盘
555,14:21:32,16.39,-0.01,878,1439042,卖盘
556,14:21:29,16.4,0.01,5,8200,买盘
557,14:21:26,16.39,-0.01,113,185600,卖盘
558,14:21:23,16.4,--,96,157440,卖盘
559,14:21:20,16.4,--,540,885599,卖盘
560,14:21:17,16.4,-0.01,49,80360,卖盘
561,14:21:14,16.41,0.01,9,14769,买盘
562,14:21:11,16.4,--,46,75440,卖盘
563,14:21:08,16.4,--,10,16400,卖盘
564,14:21:05,16.4,-0.01,10,16400,卖盘
565,14:21:02,16.41,--,326,534966,卖盘
566,14:20:59,16.41,--,261,428301,卖盘
567,14:20:56,16.41,--,13,21333,卖盘
568,14:20:53,16.41,-0.01,13,21333,卖盘
569,14:20:50,16.42,0.01,3,4926,买盘
570,14:20:47,16.41,--,22,36102,卖盘
571,14:20:44,16.41,--,67,109947,卖盘
572,14:20:41,16.41,--,26,42666,卖盘
573,14:20:38,16.41,--,54,88614,卖盘
574,14:20:35,16.41,--,121,198561,卖盘
575,14:20:29,16.41,-0.01,3,4923,卖盘
576,14:20:26,16.42,--,1,1642,买盘
577,14:20:23,16.42,--,122,200324,买盘
578,14:20:20,16.42,0.01,50,82100,买盘
579,14:20:17,16.41,-0.02,1,1641,卖盘
580,14:20:14,16.43,--,44,72292,买盘
581,14:20:08,16.43,0.01,264,433752,买盘
582,14:20:05,16.42,-0.01,41,67322,卖盘
583,14:19:59,16.43,--,425,698275,卖盘
584,14:19:56,16.43,--,65,106795,卖盘
585,14:19:53,16.43,--,5,8215,卖盘
586,14:19:50,16.43,--,85,139655,卖盘
587,14:19:47,16.43,--,38,62434,卖盘
588,14:19:44,16.43,--,30,49290,卖盘
589,14:19:41,16.43,--,1110,1824945,卖盘
590,14:19:32,16.43,--,10,16430,卖盘
591,14:19:29,16.43,--,94,154442,卖盘
592,14:19:26,16.43,--,41,67363,卖盘
593,14:19:23,16.43,--,115,188945,卖盘
594,14:19:17,16.43,--,70,115010,卖盘
595,14:19:11,16.43,--,25,41075,卖盘
596,14:19:05,16.43,--,35,57505,卖盘
597,14:19:02,16.43,--,55,90365,卖盘
598,14:18:59,16.43,--,21,34503,卖盘
599,14:18:56,16.43,-0.01,24,39432,卖盘
600,14:18:53,16.44,0.01,165,271260,买盘
601,14:18:50,16.43,--,9,14787,卖盘
602,14:18:47,16.43,-0.01,47,77221,卖盘
603,14:18:44,16.44,0.01,28,46032,买盘
604,14:18:41,16.43,-0.01,15,24645,卖盘
605,14:18:35,16.44,--,19,31236,买盘
606,14:18:32,16.44,--,72,118368,买盘
607,14:18:29,16.44,--,20,32880,买盘
608,14:18:26,16.44,-0.01,114,187416,中性盘
609,14:18:17,16.45,--,21,34545,买盘
610,14:18:14,16.45,0.02,16,26320,买盘
611,14:17:59,16.43,-0.02,24,39432,卖盘
612,14:17:56,16.45,--,1,1645,买盘
613,14:17:50,16.45,--,22,36190,买盘
614,14:17:47,16.45,--,5,8225,买盘
615,14:17:44,16.45,0.02,13,21385,买盘
616,14:17:38,16.43,-0.02,77,126511,卖盘
617,14:17:29,16.45,0.01,10,16450,买盘
618,14:17:26,16.44,--,26,42744,卖盘
619,14:17:23,16.44,--,45,73980,卖盘
620,14:17:20,16.44,--,1,1644,卖盘
621,14:17:17,16.44,-0.01,7,11508,卖盘
622,14:17:14,16.45,0.01,6,9870,买盘
623,14:17:08,16.44,-0.01,10,16440,卖盘
624,14:17:05,16.45,--,1,1645,买盘
625,14:16:59,16.45,--,8,13160,买盘
626,14:16:56,16.45,0.01,5,8225,买盘
627,14:16:50,16.44,--,19,31236,买盘
628,14:16:50,16.44,--,113,185772,买盘
629,14:16:44,16.44,-0.01,11,18084,买盘
630,14:16:38,16.45,--,20,32900,买盘
631,14:16:35,16.45,--,203,333935,买盘
632,14:16:26,16.45,0.01,77,126665,买盘
633,14:16:20,16.44,-0.01,9,14796,卖盘
634,14:16:17,16.45,0.01,55,90475,买盘
635,14:16:11,16.44,--,24,39456,买盘
636,14:16:05,16.44,0.01,32,52608,买盘
637,14:16:02,16.43,-0.01,41,67363,卖盘
638,14:15:56,16.44,--,13,21372,买盘
639,14:15:50,16.44,--,20,32880,买盘
640,14:15:44,16.44,0.01,45,73980,买盘
641,14:15:38,16.43,-0.01,65,106795,中性盘
642,14:15:29,16.44,0.02,30,49320,买盘
643,14:15:23,16.42,--,2,3284,买盘
644,14:15:20,16.42,--,2,3284,买盘
645,14:15:17,16.42,--,41,67322,买盘
646,14:15:14,16.42,-0.02,58,95236,卖盘
647,14:15:11,16.44,0.02,52,85488,买盘
648,14:15:05,16.42,--,47,77174,买盘
649,14:15:02,16.42,--,134,220060,卖盘
650,14:14:59,16.42,-0.02,63,103446,卖盘
651,14:14:56,16.44,0.02,215,355071,买盘
652,14:14:53,16.42,--,10,16420,卖盘
653,14:14:47,16.42,0.01,10,16420,中性盘
654,14:14:38,16.41,-0.01,50,82050,卖盘
655,14:14:29,16.42,0.01,92,151064,买盘
656,14:14:26,16.41,--,60,98460,卖盘
657,14:14:23,16.41,--,13,21333,卖盘
658,14:14:20,16.41,-0.01,4,6564,卖盘
659,14:14:17,16.42,0.01,80,131360,买盘
660,14:14:11,16.41,-0.01,21,34461,卖盘
661,14:14:08,16.42,--,13,21346,买盘
662,14:14:05,16.42,-0.01,105,172410,卖盘
663,14:13:59,16.43,0.01,10,16430,买盘
664,14:13:56,16.42,--,1,1642,卖盘
665,14:13:53,16.42,--,31,50902,卖盘
666,14:13:50,16.42,--,1,1642,卖盘
667,14:13:47,16.42,--,23,37766,卖盘
668,14:13:44,16.42,--,71,116582,卖盘
669,14:13:41,16.42,-0.01,68,111656,卖盘
670,14:13:35,16.43,0.01,6,9858,买盘
671,14:13:29,16.42,-0.01,3,4926,卖盘
672,14:13:26,16.43,0.01,70,115010,买盘
673,14:13:23,16.42,-0.01,10,16420,卖盘
674,14:13:20,16.43,0.01,33,54219,买盘
675,14:13:17,16.42,-0.01,20,32840,卖盘
676,14:13:14,16.43,--,5,8247,卖盘
677,14:13:11,16.43,--,8,13144,卖盘
678,14:13:05,16.43,--,100,164300,卖盘
679,14:12:59,16.43,--,1,1643,卖盘
680,14:12:56,16.43,--,42,69006,卖盘
681,14:12:47,16.43,--,85,141265,买盘
682,14:12:41,16.43,--,16,26288,买盘
683,14:12:38,16.43,--,61,100223,买盘
684,14:12:35,16.43,0.01,10,16430,买盘
685,14:12:32,16.42,--,60,98520,卖盘
686,14:12:26,16.42,-0.01,3,4926,卖盘
687,14:12:20,16.43,--,3,4929,买盘
688,14:12:17,16.43,0.01,92,151156,买盘
689,14:12:11,16.42,-0.01,6,9852,卖盘
690,14:12:08,16.43,0.01,7,11501,买盘
691,14:12:05,16.42,--,12,19704,卖盘
692,14:12:02,16.42,-0.01,207,339894,卖盘
693,14:11:59,16.43,--,1,1643,买盘
694,14:11:56,16.43,0.01,13,21359,买盘
695,14:11:53,16.42,--,6,9852,卖盘
696,14:11:50,16.42,--,18,29556,卖盘
697,14:11:47,16.42,--,6,9852,卖盘
698,14:11:44,16.42,--,65,106730,卖盘
699,14:11:38,16.42,--,16,26272,卖盘
700,14:11:32,16.42,-0.01,206,338252,卖盘
701,14:11:26,16.43,0.01,5,8215,买盘
702,14:11:14,16.42,--,5,8210,卖盘
703,14:11:08,16.42,--,12,19704,卖盘
704,14:11:02,16.42,--,129,211818,买盘
705,14:10:59,16.42,0.01,47,77174,买盘
706,14:10:56,16.41,-0.01,20,32820,卖盘
707,14:10:53,16.42,--,15,24630,买盘
708,14:10:50,16.42,--,220,361240,买盘
709,14:10:47,16.42,0.01,21,34482,买盘
710,14:10:44,16.41,-0.01,50,82050,卖盘
711,14:10:41,16.42,--,36,59112,买盘
712,14:10:38,16.42,0.01,17,27914,买盘
713,14:10:35,16.41,-0.01,13,21333,中性盘
714,14:10:32,16.42,0.01,37,60754,买盘
715,14:10:29,16.41,--,15,24615,买盘
716,14:10:26,16.41,-0.01,25,41025,卖盘
717,14:10:20,16.42,--,49,80458,买盘
718,14:10:17,16.42,--,18,29556,买盘
719,14:10:14,16.42,--,22,36124,买盘
720,14:10:08,16.42,0.01,60,98520,买盘
721,14:10:05,16.41,-0.01,38,62358,卖盘
722,14:09:56,16.42,0.01,1,1642,买盘
723,14:09:56,16.41,-0.01,43,70563,卖盘
724,14:09:50,16.42,--,44,72248,买盘
725,14:09:47,16.42,--,16,26272,买盘
726,14:09:44,16.42,--,1,1642,买盘
727,14:09:41,16.42,--,35,57470,买盘
728,14:09:35,16.42,0.01,2,3284,买盘
729,14:09:32,16.41,-0.01,65,106665,卖盘
730,14:09:29,16.42,0.02,24,39408,买盘
731,14:09:26,16.4,-0.02,489,801959,卖盘
732,14:09:23,16.42,0.01,160,262720,买盘
733,14:09:20,16.41,-0.02,12,19692,卖盘
734,14:09:14,16.43,0.02,52,85436,买盘
735,14:09:11,16.41,--,5,8205,买盘
736,14:09:08,16.41,--,44,72204,卖盘
737,14:09:05,16.41,-0.02,341,559581,卖盘
738,14:09:02,16.43,0.01,21,34503,买盘
739,14:08:56,16.42,--,29,47618,卖盘
740,14:08:53,16.42,--,79,129718,卖盘
741,14:08:50,16.42,--,19,31198,卖盘
742,14:08:47,16.42,0.01,23,37766,卖盘
743,14:08:44,16.41,--,9,14769,卖盘
744,14:08:41,16.41,--,10,16410,卖盘
745,14:08:35,16.41,-0.02,404,663193,卖盘
746,14:08:32,16.43,0.03,95,156085,买盘
747,14:08:29,16.4,-0.02,128,209919,卖盘
748,14:08:23,16.42,0.02,51,83742,买盘
749,14:08:20,16.4,-0.01,430,705199,卖盘
750,14:08:17,16.41,0.01,22,36102,买盘
751,14:08:11,16.4,-0.01,803,1316920,卖盘
752,14:08:08,16.41,--,28,45948,卖盘
753,14:08:05,16.41,-0.01,59,96819,卖盘
754,14:08:02,16.42,0.01,64,105088,买盘
755,14:07:59,16.41,--,30,49230,卖盘
756,14:07:56,16.41,--,87,142767,卖盘
757,14:07:50,16.41,--,9,14769,卖盘
758,14:07:47,16.41,-0.01,22,36102,卖盘
759,14:07:44,16.42,0.01,82,134644,买盘
760,14:07:41,16.41,-0.01,35,57435,卖盘
761,14:07:38,16.42,--,42,68964,买盘
762,14:07:29,16.42,0.01,10,16420,买盘
763,14:07:26,16.41,--,352,577632,卖盘
764,14:07:23,16.41,-0.01,156,255996,卖盘
765,14:07:20,16.42,--,18,29556,卖盘
766,14:07:17,16.42,--,111,182885,买盘
767,14:07:14,16.42,--,128,211194,卖盘
768,14:07:11,16.42,--,110,180620,卖盘
769,14:07:08,16.42,--,173,284066,卖盘
770,14:07:05,16.42,--,3,4926,卖盘
771,14:07:02,16.42,--,56,91952,卖盘
772,14:06:59,16.42,--,23,37766,卖盘
773,14:06:56,16.42,--,40,65975,卖盘
774,14:06:53,16.42,--,20,32840,卖盘
775,14:06:50,16.42,--,68,111656,卖盘
776,14:06:47,16.42,--,88,144496,卖盘
777,14:06:38,16.42,-0.01,5,8210,卖盘
778,14:06:35,16.43,--,201,330308,卖盘
779,14:06:32,16.43,--,82,134726,卖盘
780,14:06:29,16.43,--,103,169229,卖盘
781,14:06:26,16.43,-0.01,215,353245,卖盘
782,14:06:23,16.44,0.01,30,49320,买盘
783,14:06:20,16.43,-0.01,124,203732,卖盘
784,14:06:17,16.44,--,19,31236,买盘
785,14:06:14,16.44,0.01,6,9864,买盘
786,14:06:11,16.43,-0.01,120,197554,卖盘
787,14:06:08,16.44,-0.01,72,118368,卖盘
788,14:06:02,16.45,--,6,9870,买盘
789,14:05:56,16.45,--,35,57575,买盘
790,14:05:53,16.45,--,29,48066,卖盘
791,14:05:50,16.45,-0.01,24,39480,卖盘
792,14:05:47,16.46,0.01,21,34566,买盘
793,14:05:44,16.45,--,5,8225,卖盘
794,14:05:41,16.45,--,17,27965,卖盘
795,14:05:38,16.45,-0.01,10,16548,卖盘
796,14:05:32,16.46,-0.01,35,57610,卖盘
797,14:05:26,16.47,0.01,10,16470,买盘
798,14:05:23,16.46,-0.01,20,32920,卖盘
799,14:05:20,16.47,0.01,3,4941,买盘
800,14:05:16,16.46,--,60,98760,卖盘
801,14:05:13,16.46,-0.01,3,4938,卖盘
802,14:05:10,16.47,--,101,166347,买盘
803,14:05:01,16.47,0.01,6,9882,买盘
804,14:04:55,16.46,--,320,528267,卖盘
805,14:04:52,16.46,--,10,16460,卖盘
806,14:04:49,16.46,-0.01,21,34566,卖盘
807,14:04:46,16.47,0.01,6,9882,买盘
808,14:04:43,16.46,-0.01,27,44442,卖盘
809,14:04:37,16.47,0.01,13,21411,买盘
810,14:04:31,16.46,-0.01,23,37858,卖盘
811,14:04:22,16.47,--,5,8235,买盘
812,14:04:19,16.47,0.01,5,8235,买盘
813,14:04:16,16.46,-0.01,10,16460,卖盘
814,14:04:13,16.47,0.01,2,3294,买盘
815,14:04:10,16.46,--,9,14814,卖盘
816,14:04:04,16.46,--,15,24690,卖盘
817,14:04:01,16.46,--,1,1646,卖盘
818,14:03:58,16.46,-0.01,13,21398,卖盘
819,14:03:55,16.47,0.01,14,23058,买盘
820,14:03:52,16.46,--,10,16460,卖盘
821,14:03:49,16.46,-0.01,40,65840,卖盘
822,14:03:43,16.47,0.01,12,19764,买盘
823,14:03:40,16.46,0.01,567,933282,买盘
824,14:03:37,16.45,-0.01,347,570815,卖盘
825,14:03:34,16.46,--,34,55964,买盘
826,14:03:31,16.46,--,21,34566,买盘
827,14:03:28,16.46,--,10,16460,买盘
828,14:03:25,16.46,--,6,9876,买盘
829,14:03:22,16.46,0.01,12,19752,买盘
830,14:03:13,16.45,--,1,1645,卖盘
831,14:03:10,16.45,-0.01,38,62510,卖盘
832,14:03:04,16.46,0.01,30,49380,买盘
833,14:02:58,16.45,--,20,32900,卖盘
834,14:02:55,16.45,-0.01,3,4935,卖盘
835,14:02:52,16.46,--,238,391748,买盘
836,14:02:46,16.46,0.01,9,14814,买盘
837,14:02:43,16.45,-0.01,52,85540,卖盘
838,14:02:34,16.46,--,13,21398,买盘
839,14:02:22,16.46,--,18,29628,买盘
840,14:02:19,16.46,--,4,6584,买盘
841,14:02:13,16.46,--,5,8230,买盘
842,14:02:10,16.46,--,4,6584,中性盘
843,14:01:58,16.46,--,31,51026,买盘
844,14:01:55,16.46,--,7,11522,买盘
845,14:01:52,16.46,--,6,9876,买盘
846,14:01:49,16.46,0.01,1,1646,中性盘
847,14:01:46,16.45,-0.02,27,44415,卖盘
848,14:01:43,16.47,--,2,3294,买盘
849,14:01:31,16.47,0.01,100,164700,买盘
850,14:01:28,16.46,--,55,90530,卖盘
851,14:01:25,16.46,--,26,42796,买盘
852,14:01:16,16.46,0.01,51,83946,买盘
853,14:01:16,16.45,--,57,93765,卖盘
854,14:01:10,16.45,--,87,144398,买盘
855,14:01:07,16.45,0.01,81,133245,买盘
856,14:01:01,16.44,--,16,26304,卖盘
857,14:00:55,16.44,--,9,14796,卖盘
858,14:00:49,16.44,-0.01,2,3288,卖盘
859,14:00:40,16.45,0.01,3,4935,买盘
860,14:00:37,16.44,--,217,356748,卖盘
861,14:00:34,16.44,--,32,52608,卖盘
862,14:00:31,16.44,-0.01,83,136452,卖盘
863,14:00:28,16.45,--,183,301035,卖盘
864,14:00:25,16.45,--,84,138180,卖盘
865,14:00:22,16.45,-0.01,60,98700,卖盘
866,14:00:16,16.46,--,7,11522,买盘
867,14:00:10,16.46,--,1,1646,买盘
868,14:00:07,16.46,--,105,172830,卖盘
869,14:00:04,16.46,--,21,34566,卖盘
870,14:00:01,16.46,--,186,306156,卖盘
871,13:59:58,16.46,--,121,199166,卖盘
872,13:59:55,16.46,--,10,16460,卖盘
873,13:59:52,16.46,--,95,156370,卖盘
874,13:59:46,16.46,--,12,19752,卖盘
875,13:59:43,16.46,--,15,24690,卖盘
876,13:59:40,16.46,--,96,158016,卖盘
877,13:59:34,16.46,--,12,19752,卖盘
878,13:59:22,16.46,-0.01,132,217272,卖盘
879,13:59:19,16.47,--,29,47763,卖盘
880,13:59:13,16.47,--,10,16470,卖盘
881,13:59:10,16.47,-0.01,20,32940,卖盘
882,13:59:07,16.48,0.01,10,16480,买盘
883,13:59:04,16.47,-0.01,8,13176,卖盘
884,13:59:01,16.48,0.01,1,1648,买盘
885,13:58:58,16.47,-0.01,18,29645,卖盘
886,13:58:55,16.48,0.01,2,3296,买盘
887,13:58:52,16.47,--,46,75762,卖盘
888,13:58:46,16.47,-0.01,7,11529,卖盘
889,13:58:34,16.48,-0.01,12,19776,卖盘
890,13:58:28,16.49,0.01,10,16490,买盘
891,13:58:25,16.48,--,174,286752,卖盘
892,13:58:22,16.48,--,56,92288,卖盘
893,13:58:16,16.48,--,55,90640,卖盘
894,13:58:13,16.48,--,110,181280,卖盘
895,13:58:10,16.48,--,90,148320,卖盘
896,13:58:07,16.48,--,32,52736,卖盘
897,13:58:01,16.48,--,5,8240,卖盘
898,13:57:58,16.48,--,159,262032,买盘
899,13:57:55,16.48,0.01,1,1648,买盘
900,13:57:40,16.47,--,2,3294,卖盘
901,13:57:28,16.47,-0.01,59,97173,卖盘
902,13:57:25,16.48,-0.01,2,3296,买盘
903,13:57:22,16.49,0.01,6,9893,买盘
904,13:57:13,16.48,0.01,9,14832,买盘
905,13:57:07,16.47,-0.01,6,9882,卖盘
906,13:57:04,16.48,--,30,49440,买盘
907,13:57:01,16.48,--,38,62624,买盘
908,13:56:58,16.48,--,5,8240,买盘
909,13:56:55,16.48,--,42,69216,卖盘
910,13:56:49,16.48,-0.01,13,21424,卖盘
911,13:56:46,16.49,--,54,89045,买盘
912,13:56:40,16.49,--,16,26383,买盘
913,13:56:37,16.49,0.01,100,164899,买盘
914,13:56:31,16.48,-0.01,2,3296,卖盘
915,13:56:19,16.49,--,46,75854,买盘
916,13:56:13,16.49,0.01,10,16490,买盘
917,13:56:10,16.48,--,50,82400,卖盘
918,13:56:04,16.48,-0.01,5,8240,卖盘
919,13:56:01,16.49,0.01,41,67609,买盘
920,13:55:58,16.48,--,3,4944,买盘
921,13:55:55,16.48,-0.01,11,18128,买盘
922,13:55:49,16.49,0.02,20,32980,买盘
923,13:55:46,16.47,-0.02,5,8235,卖盘
924,13:55:43,16.49,--,84,138516,买盘
925,13:55:40,16.49,0.02,54,89045,买盘
926,13:55:37,16.47,--,10,16470,卖盘
927,13:55:34,16.47,-0.02,22,36234,卖盘
928,13:55:28,16.49,0.02,1,1648,买盘
929,13:55:19,16.47,-0.02,12,19764,买盘
930,13:55:10,16.49,0.02,46,75854,买盘
931,13:55:01,16.47,-0.02,16,26352,卖盘
932,13:54:55,16.49,0.03,448,738751,买盘
933,13:54:52,16.46,-0.01,174,286404,卖盘
934,13:54:49,16.47,0.01,7,11529,买盘
935,13:54:46,16.46,-0.01,1,1646,卖盘
936,13:54:43,16.47,--,2,3294,买盘
937,13:54:37,16.47,0.01,24,39528,买盘
938,13:54:34,16.46,-0.02,13,21398,卖盘
939,13:54:31,16.48,0.01,92,151616,买盘
940,13:54:25,16.47,0.01,6,9882,买盘
941,13:54:16,16.46,-0.02,5,8230,卖盘
942,13:54:10,16.48,0.02,66,108768,买盘
943,13:54:07,16.46,-0.01,2,3292,卖盘
944,13:53:58,16.47,0.01,1,1647,中性盘
945,13:53:55,16.46,--,60,98760,卖盘
946,13:53:49,16.46,--,11,18106,卖盘
947,13:53:46,16.46,--,25,41150,卖盘
948,13:53:43,16.46,0.01,8,13168,卖盘
949,13:53:34,16.45,--,33,55502,卖盘
950,13:53:31,16.45,--,1,1645,卖盘
951,13:53:25,16.45,-0.01,21,34545,卖盘
952,13:53:22,16.46,--,14,23044,买盘
953,13:53:16,16.46,--,1,1646,买盘
954,13:53:13,16.46,-0.01,196,323043,卖盘
955,13:53:10,16.47,--,5,8235,卖盘
956,13:53:07,16.47,-0.01,47,77409,卖盘
957,13:53:04,16.48,0.01,60,98880,中性盘
958,13:52:58,16.47,-0.01,10,16470,卖盘
959,13:52:52,16.48,-0.01,74,121952,卖盘
960,13:52:49,16.49,--,25,41224,买盘
961,13:52:43,16.49,--,29,47820,买盘
962,13:52:40,16.49,--,70,115429,买盘
963,13:52:37,16.49,-0.01,106,176311,卖盘
964,13:52:34,16.5,0.01,11,18150,买盘
965,13:52:31,16.49,--,131,216018,卖盘
966,13:52:28,16.49,--,34,56065,卖盘
967,13:52:25,16.49,--,15,24734,卖盘
968,13:52:22,16.49,--,98,161601,卖盘
969,13:52:19,16.49,--,194,320037,买盘
970,13:52:13,16.49,0.01,5,8245,买盘
971,13:52:10,16.48,-0.01,15,24720,卖盘
972,13:52:07,16.49,0.01,58,95641,买盘
973,13:52:04,16.48,-0.01,76,125248,卖盘
974,13:52:01,16.49,0.01,88,145112,买盘
975,13:51:58,16.48,-0.01,15,24720,卖盘
976,13:51:55,16.49,0.01,38,62661,买盘
977,13:51:49,16.48,-0.01,41,67568,卖盘
978,13:51:43,16.49,--,5,8245,买盘
979,13:51:37,16.49,--,40,65960,买盘
980,13:51:34,16.49,--,23,37927,买盘
981,13:51:31,16.49,--,29,47820,买盘
982,13:51:28,16.49,--,51,84098,买盘
983,13:51:25,16.49,--,46,75854,买盘
984,13:51:16,16.49,-0.01,374,616725,卖盘
985,13:51:13,16.5,0.01,129,212850,买盘
986,13:51:07,16.49,--,5,8245,卖盘
987,13:51:01,16.49,--,11,18139,卖盘
988,13:50:58,16.49,--,240,395759,买盘
989,13:50:55,16.49,0.01,12,19787,买盘
990,13:50:52,16.48,-0.01,15,24720,卖盘
991,13:50:49,16.49,--,160,263840,买盘
992,13:50:37,16.49,0.01,223,368617,买盘
993,13:50:34,16.48,--,151,249606,卖盘
994,13:50:31,16.48,--,40,65920,卖盘
995,13:50:28,16.48,--,0,889,卖盘
996,13:50:25,16.48,--,438,721824,买盘
997,13:50:19,16.48,--,60,98880,买盘
998,13:50:16,16.48,--,13,21424,买盘
999,13:50:10,16.48,--,106,174688,买盘
1000,13:50:07,16.48,--,34,56032,买盘
1001,13:50:04,16.48,--,2,3296,买盘
1002,13:50:01,16.48,--,4,6592,买盘
1003,13:49:58,16.48,--,2,3296,买盘
1004,13:49:52,16.48,--,5,8240,买盘
1005,13:49:46,16.48,0.01,5,8240,买盘
1006,13:49:43,16.47,--,165,271755,卖盘
1007,13:49:40,16.47,-0.01,6,10705,卖盘
1008,13:49:34,16.48,0.01,51,84048,买盘
1009,13:49:28,16.47,--,17,27998,买盘
1010,13:49:25,16.47,--,12,19764,买盘
1011,13:49:22,16.47,--,103,169641,买盘
1012,13:49:19,16.47,0.01,14,23058,买盘
1013,13:49:16,16.46,-0.01,54,88884,卖盘
1014,13:49:13,16.47,--,10,16470,买盘
1015,13:49:10,16.47,0.01,33,54350,买盘
1016,13:49:04,16.46,--,7,11522,卖盘
1017,13:49:01,16.46,--,13,21727,买盘
1018,13:48:58,16.46,--,453,745638,买盘
1019,13:48:55,16.46,--,67,110282,买盘
1020,13:48:52,16.46,0.01,3,4938,买盘
1021,13:48:49,16.45,--,30,49350,卖盘
1022,13:48:46,16.45,-0.01,3,4935,卖盘
1023,13:48:43,16.46,--,10,16460,买盘
1024,13:48:40,16.46,--,1,1646,买盘
1025,13:48:37,16.46,--,12,19752,买盘
1026,13:48:16,16.46,--,4,6584,买盘
1027,13:48:13,16.46,--,14,23044,买盘
1028,13:48:07,16.46,--,2,3292,买盘
1029,13:48:04,16.46,--,6,9876,买盘
1030,13:48:01,16.46,--,26,42796,买盘
1031,13:47:58,16.46,0.01,11,18106,买盘
1032,13:47:55,16.45,-0.01,6,9870,卖盘
1033,13:47:46,16.46,0.01,60,98760,买盘
1034,13:47:40,16.45,-0.01,41,67445,卖盘
1035,13:47:34,16.46,--,10,16460,买盘
1036,13:47:25,16.46,0.01,6,9876,买盘
1037,13:47:19,16.45,--,6,9870,买盘
1038,13:47:16,16.45,-0.01,20,32900,中性盘
1039,13:47:13,16.46,0.01,100,164600,买盘
1040,13:47:07,16.45,--,166,273070,卖盘
1041,13:47:01,16.45,--,2,3290,卖盘
1042,13:46:58,16.45,-0.01,10,16450,卖盘
1043,13:46:55,16.46,0.02,1,1646,买盘
1044,13:46:52,16.44,-0.02,150,246600,卖盘
1045,13:46:49,16.46,--,10,16460,买盘
1046,13:46:46,16.46,--,1,1646,买盘
1047,13:46:34,16.46,0.01,95,156370,买盘
1048,13:46:31,16.45,--,50,82250,卖盘
1049,13:46:22,16.45,--,1,1645,卖盘
1050,13:46:19,16.45,--,30,49350,卖盘
1051,13:46:16,16.45,--,42,69090,卖盘
1052,13:46:13,16.45,--,11,18095,卖盘
1053,13:46:10,16.45,-0.01,11,18095,卖盘
1054,13:46:07,16.46,0.01,20,32920,买盘
1055,13:45:58,16.45,-0.01,10,16450,卖盘
1056,13:45:54,16.46,0.01,1,1646,买盘
1057,13:45:45,16.45,--,64,105280,卖盘
1058,13:45:42,16.45,--,3,4935,卖盘
1059,13:45:39,16.45,--,37,60865,卖盘
1060,13:45:36,16.45,-0.01,13,21385,卖盘
1061,13:45:27,16.46,0.01,61,100406,买盘
1062,13:45:21,16.45,--,7,11515,卖盘
1063,13:45:12,16.45,-0.01,4,6580,卖盘
1064,13:45:09,16.46,--,24,40820,卖盘
1065,13:45:03,16.46,--,27,44442,卖盘
1066,13:45:00,16.46,--,32,52672,卖盘
1067,13:44:48,16.46,--,112,184352,卖盘
1068,13:44:45,16.46,--,9,14814,卖盘
1069,13:44:42,16.46,--,24,39504,卖盘
1070,13:44:39,16.46,--,31,51026,卖盘
1071,13:44:33,16.46,--,37,60902,卖盘
1072,13:44:30,16.46,-0.01,20,32920,卖盘
1073,13:44:27,16.47,--,127,209169,买盘
1074,13:44:21,16.47,--,100,164700,买盘
1075,13:44:15,16.47,--,10,16470,买盘
1076,13:44:12,16.47,0.01,1,1647,买盘
1077,13:44:09,16.46,-0.01,1,1646,卖盘
1078,13:44:06,16.47,0.01,12,19764,买盘
1079,13:44:03,16.46,--,3,4938,卖盘
1080,13:43:57,16.46,--,30,49380,卖盘
1081,13:43:54,16.46,--,15,24690,卖盘
1082,13:43:48,16.46,--,19,31274,卖盘
1083,13:43:45,16.46,--,7,11522,卖盘
1084,13:43:33,16.46,--,10,16460,卖盘
1085,13:43:30,16.46,-0.01,10,16460,卖盘
1086,13:43:27,16.47,0.01,175,288225,买盘
1087,13:43:24,16.46,-0.01,2,3292,卖盘
1088,13:43:18,16.47,0.01,6,9882,买盘
1089,13:43:12,16.46,--,2,3292,卖盘
1090,13:43:09,16.46,--,34,55964,卖盘
1091,13:43:06,16.46,--,1,1646,卖盘
1092,13:43:00,16.46,--,2,3292,卖盘
1093,13:42:57,16.46,-0.01,77,126742,卖盘
1094,13:42:51,16.47,--,27,44469,买盘
1095,13:42:45,16.47,--,44,72468,买盘
1096,13:42:42,16.47,--,26,42822,买盘
1097,13:42:39,16.47,--,5,8235,买盘
1098,13:42:33,16.47,0.01,98,161406,买盘
1099,13:42:27,16.46,-0.01,50,82892,卖盘
1100,13:42:24,16.47,--,25,41175,买盘
1101,13:42:21,16.47,--,2,3294,买盘
1102,13:42:18,16.47,0.01,10,16470,买盘
1103,13:42:15,16.46,-0.01,24,39504,卖盘
1104,13:42:09,16.47,0.01,8,13176,买盘
1105,13:42:06,16.46,-0.02,14,23044,卖盘
1106,13:42:03,16.48,0.02,514,847072,买盘
1107,13:41:57,16.46,--,6,9876,卖盘
1108,13:41:51,16.46,-0.01,30,49380,卖盘
1109,13:41:48,16.47,--,30,49410,买盘
1110,13:41:45,16.47,0.01,36,59291,买盘
1111,13:41:42,16.46,--,3,4938,卖盘
1112,13:41:39,16.46,-0.01,160,264742,卖盘
1113,13:41:33,16.47,--,14,23058,买盘
1114,13:41:30,16.47,--,11,18117,买盘
1115,13:41:24,16.47,--,30,49410,买盘
1116,13:41:15,16.47,0.01,53,87291,买盘
1117,13:41:12,16.46,--,1,1646,卖盘
1118,13:41:06,16.46,-0.01,4,6584,卖盘
1119,13:41:03,16.47,0.01,49,80703,买盘
1120,13:41:00,16.46,-0.01,1,1646,卖盘
1121,13:40:51,16.47,--,2,3294,买盘
1122,13:40:48,16.47,--,6,9882,买盘
1123,13:40:42,16.47,0.01,20,32940,买盘
1124,13:40:39,16.46,--,1,1646,卖盘
1125,13:40:30,16.46,0.01,4,6584,中性盘
1126,13:40:27,16.45,-0.02,10,16450,卖盘
1127,13:40:24,16.47,0.01,845,1392571,买盘
1128,13:40:21,16.46,0.01,1,1646,买盘
1129,13:40:15,16.45,-0.01,66,108964,卖盘
1130,13:40:12,16.46,--,21,34566,买盘
1131,13:40:09,16.46,0.01,50,82300,买盘
1132,13:40:06,16.45,-0.01,8,13160,卖盘
1133,13:40:03,16.46,0.01,15,24690,买盘
1134,13:39:54,16.45,--,1,1645,卖盘
1135,13:39:48,16.45,--,19,31255,卖盘
1136,13:39:45,16.45,--,36,59220,卖盘
1137,13:39:36,16.45,--,96,157920,卖盘
1138,13:39:33,16.45,0.01,53,87579,买盘
1139,13:39:27,16.44,-0.01,30,49320,卖盘
1140,13:39:24,16.45,--,9,14805,买盘
1141,13:39:21,16.45,--,99,162855,买盘
1142,13:39:15,16.45,--,15,24675,买盘
1143,13:39:12,16.45,--,95,157525,买盘
1144,13:39:09,16.45,--,23,37835,买盘
1145,13:39:03,16.45,0.01,5,8225,买盘
1146,13:39:00,16.44,-0.01,45,73980,卖盘
1147,13:38:54,16.45,0.01,190,312550,买盘
1148,13:38:51,16.44,-0.01,15,24660,卖盘
1149,13:38:48,16.45,--,20,32900,买盘
1150,13:38:45,16.45,0.02,10,16450,买盘
1151,13:38:42,16.43,--,6,9858,卖盘
1152,13:38:39,16.43,-0.02,1,1643,卖盘
1153,13:38:36,16.45,0.01,144,236880,买盘
1154,13:38:33,16.44,--,5,8220,买盘
1155,13:38:30,16.44,--,45,73980,买盘
1156,13:38:27,16.44,-0.01,162,266328,卖盘
1157,13:38:24,16.45,--,81,133245,买盘
1158,13:38:21,16.45,--,4,6580,买盘
1159,13:38:18,16.45,--,10,16450,买盘
1160,13:38:15,16.45,--,12,19740,买盘
1161,13:38:12,16.45,--,121,199045,买盘
1162,13:38:09,16.45,0.01,20,32900,买盘
1163,13:38:06,16.44,-0.01,1,1644,卖盘
1164,13:38:03,16.45,--,57,93765,买盘
1165,13:37:57,16.45,--,10,16450,买盘
1166,13:37:54,16.45,--,5,8225,买盘
1167,13:37:51,16.45,--,6,9870,买盘
1168,13:37:48,16.45,--,1,1645,买盘
1169,13:37:45,16.45,--,15,24675,买盘
1170,13:37:39,16.45,0.01,106,174370,买盘
1171,13:37:36,16.44,--,30,49320,卖盘
1172,13:37:33,16.44,--,6,9864,卖盘
1173,13:37:30,16.44,-0.01,2,3288,卖盘
1174,13:37:27,16.45,--,1,1645,买盘
1175,13:37:24,16.45,0.01,3,4935,买盘
1176,13:37:21,16.44,--,108,177552,买盘
1177,13:37:18,16.44,0.01,30,49320,买盘
1178,13:37:15,16.43,-0.02,45,75512,卖盘
1179,13:37:12,16.45,0.01,36,59220,买盘
1180,13:37:09,16.44,-0.01,150,246600,卖盘
1181,13:37:06,16.45,--,2,3290,买盘
1182,13:37:03,16.45,--,103,169435,买盘
1183,13:37:00,16.45,--,28,46060,买盘
1184,13:36:57,16.45,--,10,16450,买盘
1185,13:36:54,16.45,--,50,82250,买盘
1186,13:36:48,16.45,--,11,18095,买盘
1187,13:36:45,16.45,--,2,3290,买盘
1188,13:36:42,16.45,--,1,1645,买盘
1189,13:36:39,16.45,0.01,7,11515,买盘
1190,13:36:36,16.44,--,7,11508,买盘
1191,13:36:30,16.44,-0.01,55,90420,中性盘
1192,13:36:27,16.45,0.02,48,78960,买盘
1193,13:36:24,16.43,-0.01,2,3286,卖盘
1194,13:36:21,16.44,0.01,42,69048,买盘
1195,13:36:18,16.43,--,71,116653,卖盘
1196,13:36:15,16.43,--,22,36146,卖盘
1197,13:36:12,16.43,--,38,62434,买盘
1198,13:36:09,16.43,--,63,103509,买盘
1199,13:36:06,16.43,--,16,26288,卖盘
1200,13:36:03,16.43,0.01,4,6572,中性盘
1201,13:35:57,16.42,-0.01,28,45976,卖盘
1202,13:35:54,16.43,--,66,108766,买盘
1203,13:35:51,16.43,0.01,20,32860,买盘
1204,13:35:48,16.42,-0.01,1,1642,卖盘
1205,13:35:39,16.43,--,175,287525,买盘
1206,13:35:36,16.43,--,5,8215,买盘
1207,13:35:33,16.43,0.01,5,8215,买盘
1208,13:35:30,16.42,-0.01,10,16420,卖盘
1209,13:35:27,16.43,0.01,1,1643,买盘
1210,13:35:18,16.42,--,144,236448,卖盘
1211,13:35:15,16.42,--,10,16420,卖盘
1212,13:35:12,16.42,--,8,13136,卖盘
1213,13:35:09,16.42,-0.01,1,1642,卖盘
1214,13:34:57,16.43,0.01,6,9858,买盘
1215,13:34:54,16.42,--,38,62396,卖盘
1216,13:34:48,16.42,-0.01,104,170768,卖盘
1217,13:34:42,16.43,0.01,26,42718,买盘
1218,13:34:36,16.42,0.01,43,70606,中性盘
1219,13:34:24,16.41,--,89,147246,卖盘
1220,13:34:21,16.41,-0.02,25,41025,卖盘
1221,13:34:18,16.43,--,5,8215,买盘
1222,13:34:15,16.43,--,31,50933,买盘
1223,13:34:12,16.43,0.02,23,37789,买盘
1224,13:34:09,16.41,--,83,136203,卖盘
1225,13:34:03,16.41,-0.02,1,1641,卖盘
1226,13:34:00,16.43,0.01,211,346673,买盘
1227,13:33:54,16.42,-0.01,14,22988,卖盘
1228,13:33:42,16.43,--,2,3286,买盘
1229,13:33:36,16.43,--,229,376247,买盘
1230,13:33:33,16.43,0.01,48,78864,买盘
1231,13:33:30,16.42,--,1,1642,买盘
1232,13:33:27,16.42,--,21,34482,买盘
1233,13:33:21,16.42,0.01,3,4926,买盘
1234,13:33:18,16.41,-0.02,10,16410,卖盘
1235,13:33:12,16.43,0.01,89,146637,买盘
1236,13:33:09,16.42,--,5,8210,卖盘
1237,13:33:06,16.42,-0.01,21,34482,卖盘
1238,13:33:00,16.43,0.01,36,59148,买盘
1239,13:32:54,16.42,--,12,19704,卖盘
1240,13:32:48,16.42,-0.01,4,6568,卖盘
1241,13:32:42,16.43,0.01,10,16430,买盘
1242,13:32:36,16.42,-0.01,1,1642,卖盘
1243,13:32:33,16.43,0.01,52,85436,买盘
1244,13:32:27,16.42,--,30,49260,卖盘
1245,13:32:21,16.42,-0.01,10,16420,卖盘
1246,13:32:18,16.43,0.01,20,32860,买盘
1247,13:32:12,16.42,-0.01,1,1642,卖盘
1248,13:32:06,16.43,0.01,2,3286,买盘
1249,13:32:03,16.42,--,9,14778,卖盘
1250,13:32:00,16.42,--,1,1642,卖盘
1251,13:31:54,16.42,--,44,72248,卖盘
1252,13:31:51,16.42,-0.01,8,13136,卖盘
1253,13:31:48,16.43,--,10,16430,买盘
1254,13:31:45,16.43,--,67,110081,买盘
1255,13:31:42,16.43,0.01,60,98580,买盘
1256,13:31:39,16.42,-0.01,220,361240,卖盘
1257,13:31:33,16.43,--,9,14787,买盘
1258,13:31:30,16.43,--,54,88722,买盘
1259,13:31:24,16.43,--,21,34503,买盘
1260,13:31:21,16.43,0.01,4,6572,买盘
1261,13:31:18,16.42,-0.01,16,26272,卖盘
1262,13:31:09,16.43,0.01,6,9858,买盘
1263,13:31:03,16.42,--,34,55828,卖盘
1264,13:30:57,16.42,--,50,83676,卖盘
1265,13:30:54,16.42,-0.01,31,50902,卖盘
1266,13:30:51,16.43,0.01,10,16430,买盘
1267,13:30:42,16.42,--,36,59112,卖盘
1268,13:30:39,16.42,--,50,82100,卖盘
1269,13:30:36,16.42,--,61,100162,卖盘
1270,13:30:33,16.42,--,61,100162,卖盘
1271,13:30:30,16.42,--,37,60754,卖盘
1272,13:30:27,16.42,--,30,49260,卖盘
1273,13:30:24,16.42,--,11,18062,卖盘
1274,13:30:18,16.42,--,179,293918,卖盘
1275,13:30:15,16.42,--,42,68964,卖盘
1276,13:30:12,16.42,-0.01,12,19704,卖盘
1277,13:30:09,16.43,--,30,49290,买盘
1278,13:30:06,16.43,0.01,117,192263,买盘
1279,13:30:03,16.42,--,10,16420,卖盘
1280,13:30:00,16.42,--,6,9852,卖盘
1281,13:29:54,16.42,-0.01,73,119866,卖盘
1282,13:29:51,16.43,0.01,3,4929,买盘
1283,13:29:48,16.42,--,5,8210,卖盘
1284,13:29:45,16.42,--,30,49260,卖盘
1285,13:29:42,16.42,--,181,297202,卖盘
1286,13:29:39,16.42,--,1,1642,卖盘
1287,13:29:36,16.42,--,2,3284,卖盘
1288,13:29:33,16.42,--,10,16420,卖盘
1289,13:29:27,16.42,-0.01,4,6568,卖盘
1290,13:29:24,16.43,--,5,8215,买盘
1291,13:29:21,16.43,--,162,267513,卖盘
1292,13:29:18,16.43,-0.01,5,8215,卖盘
1293,13:29:15,16.44,0.01,11,18084,买盘
1294,13:29:06,16.43,-0.01,1,1643,卖盘
1295,13:29:03,16.44,--,307,505036,卖盘
1296,13:29:00,16.44,--,36,59184,卖盘
1297,13:28:54,16.44,-0.01,20,32880,卖盘
1298,13:28:51,16.45,0.01,20,32900,买盘
1299,13:28:45,16.44,--,40,65760,卖盘
1300,13:28:39,16.44,--,70,115080,卖盘
1301,13:28:33,16.44,--,21,34524,卖盘
1302,13:28:30,16.44,--,112,184128,卖盘
1303,13:28:27,16.44,--,5,8220,卖盘
1304,13:28:24,16.44,--,52,85488,卖盘
1305,13:28:21,16.44,--,13,21372,卖盘
1306,13:28:09,16.44,--,5,8220,卖盘
1307,13:28:00,16.44,--,1,1644,卖盘
1308,13:27:57,16.44,--,20,32880,卖盘
1309,13:27:54,16.44,--,10,16440,卖盘
1310,13:27:48,16.44,--,50,82232,卖盘
1311,13:27:42,16.44,0.01,257,423790,买盘
1312,13:27:30,16.43,-0.01,18,29574,卖盘
1313,13:27:27,16.44,--,17,27948,买盘
1314,13:27:24,16.44,--,20,32880,买盘
1315,13:27:21,16.44,--,108,178275,买盘
1316,13:27:18,16.44,--,79,130385,卖盘
1317,13:27:15,16.44,-0.01,6,9864,卖盘
1318,13:27:12,16.45,0.01,6,9870,买盘
1319,13:27:09,16.44,--,20,32880,卖盘
1320,13:27:06,16.44,-0.01,106,175842,卖盘
1321,13:27:03,16.45,--,1,1645,买盘
1322,13:27:00,16.45,--,10,16450,买盘
1323,13:26:57,16.45,0.01,20,32900,买盘
1324,13:26:54,16.44,-0.01,15,24660,卖盘
1325,13:26:50,16.45,--,106,174370,买盘
1326,13:26:47,16.45,0.01,67,110215,买盘
1327,13:26:44,16.44,-0.01,115,189060,卖盘
1328,13:26:38,16.45,0.01,30,49350,买盘
1329,13:26:32,16.44,-0.01,30,49320,卖盘
1330,13:26:26,16.45,--,64,105280,买盘
1331,13:26:23,16.45,0.01,35,57575,买盘
1332,13:26:20,16.44,-0.01,1,1644,卖盘
1333,13:26:17,16.45,--,5,8225,买盘
1334,13:26:14,16.45,--,214,352934,卖盘
1335,13:26:11,16.45,-0.01,3,4935,卖盘
1336,13:26:08,16.46,--,98,161308,买盘
1337,13:26:05,16.46,--,120,197520,买盘
1338,13:26:02,16.46,0.01,11,18106,买盘
1339,13:25:59,16.45,--,45,74025,卖盘
1340,13:25:56,16.45,--,107,176015,卖盘
1341,13:25:53,16.45,--,35,57575,卖盘
1342,13:25:50,16.45,--,16,26320,卖盘
1343,13:25:47,16.45,--,1,1645,卖盘
1344,13:25:38,16.45,-0.01,70,115150,卖盘
1345,13:25:32,16.46,0.01,46,75716,买盘
1346,13:25:29,16.45,--,54,88830,卖盘
1347,13:25:26,16.45,--,6,9870,卖盘
1348,13:25:23,16.45,-0.01,35,57575,卖盘
1349,13:25:17,16.46,0.01,50,82300,买盘
1350,13:25:11,16.45,--,2,3290,卖盘
1351,13:25:05,16.45,--,34,55930,卖盘
1352,13:24:59,16.45,--,41,68185,买盘
1353,13:24:56,16.45,--,20,32900,买盘
1354,13:24:53,16.45,0.01,7,11515,买盘
1355,13:24:47,16.44,-0.01,23,37812,卖盘
1356,13:24:41,16.45,0.01,16,26320,买盘
1357,13:24:35,16.44,--,1,1644,卖盘
1358,13:24:29,16.44,-0.01,56,92935,卖盘
1359,13:24:23,16.45,0.01,1,1645,买盘
1360,13:24:20,16.44,-0.01,3,5836,卖盘
1361,13:24:14,16.45,-0.01,20,32900,卖盘
1362,13:24:08,16.46,--,21,34566,买盘
1363,13:24:05,16.46,--,110,181060,买盘
1364,13:23:59,16.46,0.01,3,4938,买盘
1365,13:23:56,16.45,--,35,57575,卖盘
1366,13:23:53,16.45,--,10,16450,卖盘
1367,13:23:50,16.45,-0.01,128,211300,卖盘
1368,13:23:47,16.46,0.01,10,16460,买盘
1369,13:23:44,16.45,--,1,1645,卖盘
1370,13:23:38,16.45,--,12,19740,卖盘
1371,13:23:35,16.45,-0.01,3,4935,卖盘
1372,13:23:26,16.46,0.01,72,118512,买盘
1373,13:23:23,16.45,-0.01,1,1645,卖盘
1374,13:23:20,16.46,0.01,99,162954,买盘
1375,13:23:14,16.45,-0.01,1,1645,卖盘
1376,13:23:11,16.46,0.01,6,9876,买盘
1377,13:23:05,16.45,-0.01,1,1645,卖盘
1378,13:22:59,16.46,0.01,1,1646,买盘
1379,13:22:56,16.45,--,1,1645,卖盘
1380,13:22:53,16.45,--,7,11515,卖盘
1381,13:22:47,16.45,-0.01,2,3290,卖盘
1382,13:22:41,16.46,0.01,9,14814,买盘
1383,13:22:38,16.45,-0.01,2,3290,卖盘
1384,13:22:35,16.46,0.01,150,246900,买盘
1385,13:22:29,16.45,--,14,23030,卖盘
1386,13:22:26,16.45,--,3,4935,卖盘
1387,13:22:20,16.45,-0.01,101,166145,卖盘
1388,13:22:17,16.46,--,24,39504,买盘
1389,13:22:14,16.46,0.01,15,24690,买盘
1390,13:22:08,16.45,--,41,67445,卖盘
1391,13:22:02,16.45,-0.01,1,1645,卖盘
1392,13:21:56,16.46,0.01,26,42796,买盘
1393,13:21:53,16.45,--,2,3290,卖盘
1394,13:21:47,16.45,--,7,11515,卖盘
1395,13:21:44,16.45,-0.01,10,16450,卖盘
1396,13:21:41,16.46,0.01,65,107747,买盘
1397,13:21:38,16.45,--,260,427700,卖盘
1398,13:21:32,16.45,--,1,1645,卖盘
1399,13:21:29,16.45,--,8,13160,卖盘
1400,13:21:26,16.45,--,26,42770,卖盘
1401,13:21:20,16.45,--,85,139825,卖盘
1402,13:21:14,16.45,--,4,6580,卖盘
1403,13:21:08,16.45,0.01,103,169435,买盘
1404,13:21:02,16.44,--,1,1644,卖盘
1405,13:20:53,16.44,--,6,9864,卖盘
1406,13:20:50,16.44,--,112,184522,卖盘
1407,13:20:47,16.44,--,5,8220,卖盘
1408,13:20:44,16.44,-0.01,13,21372,卖盘
1409,13:20:38,16.45,--,417,686820,买盘
1410,13:20:32,16.45,0.01,44,72380,买盘
1411,13:20:29,16.44,-0.01,7,11508,卖盘
1412,13:20:26,16.45,--,3,4935,买盘
1413,13:20:17,16.45,--,198,326960,卖盘
1414,13:20:08,16.45,--,92,151340,卖盘
1415,13:20:05,16.45,-0.01,10,16450,卖盘
1416,13:20:02,16.46,0.01,1,1646,买盘
1417,13:19:59,16.45,--,85,139825,卖盘
1418,13:19:56,16.45,-0.01,1,1645,卖盘
1419,13:19:53,16.46,0.01,1,1646,买盘
1420,13:19:47,16.45,--,5,8225,卖盘
1421,13:19:44,16.45,--,1,1645,卖盘
1422,13:19:41,16.45,-0.01,72,118440,卖盘
1423,13:19:38,16.46,0.01,50,82300,买盘
1424,13:19:35,16.45,-0.01,13,21385,卖盘
1425,13:19:26,16.46,--,62,102052,买盘
1426,13:19:23,16.46,--,156,256858,卖盘
1427,13:19:20,16.46,--,2,3292,卖盘
1428,13:19:17,16.46,--,51,83946,卖盘
1429,13:19:14,16.46,--,17,27982,卖盘
1430,13:19:11,16.46,-0.01,93,153078,卖盘
1431,13:19:08,16.47,0.01,29,47763,买盘
1432,13:18:59,16.46,-0.01,46,75716,卖盘
1433,13:18:53,16.47,0.01,8,13176,买盘
1434,13:18:47,16.46,--,1,1646,卖盘
1435,13:18:38,16.46,-0.01,3,4938,卖盘
1436,13:18:35,16.47,--,21,34587,买盘
1437,13:18:32,16.47,0.01,26,42822,买盘
1438,13:18:20,16.46,-0.01,79,130034,卖盘
1439,13:18:17,16.47,--,53,88855,买盘
1440,13:18:11,16.47,--,2,3294,买盘
1441,13:18:05,16.47,0.01,10,16470,买盘
1442,13:17:56,16.46,--,39,64194,卖盘
1443,13:17:53,16.46,--,1,1646,卖盘
1444,13:17:44,16.46,--,1,1646,卖盘
1445,13:17:41,16.46,--,21,34566,卖盘
1446,13:17:38,16.46,--,4,6584,买盘
1447,13:17:35,16.46,-0.01,38,62548,卖盘
1448,13:17:32,16.47,--,18,29645,买盘
1449,13:17:26,16.47,0.02,4,6588,买盘
1450,13:17:23,16.45,-0.01,1,1645,卖盘
1451,13:17:20,16.46,--,11,18106,买盘
1452,13:17:17,16.46,--,89,146543,卖盘
1453,13:17:08,16.46,-0.01,21,34566,卖盘
1454,13:17:05,16.47,--,47,77409,买盘
1455,13:17:02,16.47,--,1,1647,买盘
1456,13:16:59,16.47,0.01,33,54350,买盘
1457,13:16:56,16.46,--,1,1646,卖盘
1458,13:16:53,16.46,--,110,181060,卖盘
1459,13:16:47,16.46,-0.01,34,55964,卖盘
1460,13:16:38,16.47,--,99,163053,买盘
1461,13:16:35,16.47,--,16,26352,买盘
1462,13:16:29,16.47,0.01,2,3294,买盘
1463,13:16:20,16.46,--,2,3292,卖盘
1464,13:16:17,16.46,-0.01,7,11522,卖盘
1465,13:16:11,16.47,0.01,40,65880,买盘
1466,13:16:02,16.46,--,1,1646,卖盘
1467,13:15:56,16.46,-0.01,1,1646,卖盘
1468,13:15:53,16.47,--,9,14822,买盘
1469,13:15:50,16.47,0.01,5,8235,买盘
1470,13:15:44,16.46,--,32,52672,卖盘
1471,13:15:41,16.46,--,11,18106,卖盘
1472,13:15:38,16.46,-0.01,24,39504,卖盘
1473,13:15:35,16.47,0.02,11,18117,买盘
1474,13:15:32,16.45,-0.02,58,96874,卖盘
1475,13:15:26,16.47,--,12,19764,买盘
1476,13:15:23,16.47,--,10,16470,买盘
1477,13:15:20,16.47,--,10,16470,买盘
1478,13:15:17,16.47,--,10,16470,买盘
1479,13:15:14,16.47,0.01,8,13176,买盘
1480,13:15:11,16.46,--,1,1646,卖盘
1481,13:15:08,16.46,-0.01,5,8230,卖盘
1482,13:15:05,16.47,0.01,11,18117,买盘
1483,13:15:02,16.46,-0.01,2,3292,卖盘
1484,13:14:53,16.47,0.02,2,3294,买盘
1485,13:14:50,16.45,--,84,138328,卖盘
1486,13:14:41,16.45,-0.01,38,62510,卖盘
1487,13:14:38,16.46,-0.01,362,595852,卖盘
1488,13:14:32,16.47,0.01,230,378810,买盘
1489,13:14:26,16.46,-0.01,144,237024,卖盘
1490,13:14:20,16.47,0.01,40,65880,买盘
1491,13:14:14,16.46,-0.01,1,1646,卖盘
1492,13:14:08,16.47,0.01,1,1647,买盘
1493,13:14:02,16.46,--,1,1646,卖盘
1494,13:13:59,16.46,--,5,8230,卖盘
1495,13:13:53,16.46,--,7,11522,卖盘
1496,13:13:50,16.46,--,33,54318,买盘
1497,13:13:44,16.46,--,2,3292,买盘
1498,13:13:41,16.46,0.01,1,1646,买盘
1499,13:13:38,16.45,-0.01,3,4935,卖盘
1500,13:13:35,16.46,--,6,9876,买盘
1501,13:13:32,16.46,--,42,69132,买盘
1502,13:13:29,16.46,--,15,24690,买盘
1503,13:13:26,16.46,--,2,3292,买盘
1504,13:13:23,16.46,0.01,88,144848,买盘
1505,13:13:20,16.45,-0.01,2,3290,卖盘
1506,13:13:17,16.46,0.01,1,1646,买盘
1507,13:13:08,16.45,--,4,6580,卖盘
1508,13:13:05,16.45,--,27,44793,买盘
1509,13:12:59,16.45,0.01,71,116795,买盘
1510,13:12:56,16.44,-0.01,11,18084,卖盘
1511,13:12:53,16.45,--,1,1645,买盘
1512,13:12:50,16.45,0.01,15,24675,买盘
1513,13:12:44,16.44,--,15,24660,卖盘
1514,13:12:41,16.44,-0.01,2,3288,卖盘
1515,13:12:38,16.45,0.01,73,120085,买盘
1516,13:12:32,16.44,-0.01,1,1644,卖盘
1517,13:12:29,16.45,--,194,319130,买盘
1518,13:12:26,16.45,0.01,25,41125,买盘
1519,13:12:23,16.44,-0.01,51,84994,卖盘
1520,13:12:20,16.45,0.01,40,65800,买盘
1521,13:12:17,16.44,-0.01,20,32880,卖盘
1522,13:12:11,16.45,--,10,16450,买盘
1523,13:12:08,16.45,0.01,150,246750,买盘
1524,13:12:05,16.44,-0.01,26,42744,卖盘
1525,13:12:02,16.45,--,120,197400,买盘
1526,13:11:59,16.45,--,3,4935,买盘
1527,13:11:56,16.45,--,25,41125,买盘
1528,13:11:50,16.45,--,110,180950,买盘
1529,13:11:47,16.45,0.01,117,192925,买盘
1530,13:11:41,16.44,--,1,1644,卖盘
1531,13:11:38,16.44,-0.01,30,49320,卖盘
1532,13:11:35,16.45,--,3,4935,买盘
1533,13:11:32,16.45,0.01,10,16450,买盘
1534,13:11:26,16.44,--,3,4932,卖盘
1535,13:11:23,16.44,--,38,62472,卖盘
1536,13:11:20,16.44,--,11,18084,卖盘
1537,13:11:14,16.44,--,15,24660,卖盘
1538,13:11:08,16.44,--,6,9864,卖盘
1539,13:11:05,16.44,-0.01,31,50964,卖盘
1540,13:11:02,16.45,--,6,9870,买盘
1541,13:10:59,16.45,--,5,8225,买盘
1542,13:10:56,16.45,0.01,3,4935,买盘
1543,13:10:53,16.44,-0.01,6,9864,卖盘
1544,13:10:50,16.45,0.01,7,11515,买盘
1545,13:10:47,16.44,-0.01,52,85488,卖盘
1546,13:10:44,16.45,0.01,1,1645,买盘
1547,13:10:38,16.44,--,76,124944,卖盘
1548,13:10:35,16.44,0.01,147,241668,买盘
1549,13:10:29,16.43,-0.01,33,54219,卖盘
1550,13:10:26,16.44,--,10,16440,买盘
1551,13:10:20,16.44,--,5,8220,买盘
1552,13:10:14,16.44,--,20,32880,买盘
1553,13:10:08,16.44,--,7,11508,买盘
1554,13:10:05,16.44,0.01,10,16440,买盘
1555,13:09:59,16.43,--,3,4929,卖盘
1556,13:09:56,16.43,-0.01,1,1643,卖盘
1557,13:09:44,16.44,0.01,5,8220,买盘
1558,13:09:41,16.43,--,29,47647,卖盘
1559,13:09:38,16.43,-0.01,3,4929,卖盘
1560,13:09:35,16.44,0.01,22,36168,买盘
1561,13:09:29,16.43,--,47,78436,卖盘
1562,13:09:14,16.43,--,13,21359,卖盘
1563,13:09:05,16.43,--,1,1643,中性盘
1564,13:08:56,16.43,--,20,32860,卖盘
1565,13:08:53,16.43,--,137,225091,卖盘
1566,13:08:47,16.43,--,111,182767,卖盘
1567,13:08:41,16.43,--,33,54219,卖盘
1568,13:08:35,16.43,--,2,3286,卖盘
1569,13:08:32,16.43,--,5,8215,卖盘
1570,13:08:29,16.43,--,11,18073,买盘
1571,13:08:26,16.43,0.01,6,9858,买盘
1572,13:08:23,16.42,-0.01,1,1642,卖盘
1573,13:08:16,16.43,--,32,52576,买盘
1574,13:08:13,16.43,--,21,34503,卖盘
1575,13:08:07,16.43,--,6,9858,卖盘
1576,13:08:01,16.43,-0.01,3,4929,卖盘
1577,13:07:52,16.44,0.01,29,47676,买盘
1578,13:07:49,16.43,-0.01,22,36146,卖盘
1579,13:07:40,16.44,--,27,44388,买盘
1580,13:07:37,16.44,0.02,1,1644,买盘
1581,13:07:34,16.42,-0.01,30,49260,卖盘
1582,13:07:31,16.43,--,7,11501,卖盘
1583,13:07:25,16.43,0.01,1,1643,卖盘
1584,13:07:22,16.42,--,1,1642,卖盘
1585,13:07:13,16.42,-0.02,1,1642,卖盘
1586,13:07:10,16.44,0.02,5,8220,中性盘
1587,13:07:01,16.42,-0.02,97,159454,卖盘
1588,13:06:55,16.44,0.01,13,21372,买盘
1589,13:06:52,16.43,-0.01,13,21359,卖盘
1590,13:06:49,16.44,0.01,6,9864,买盘
1591,13:06:43,16.43,--,139,228377,卖盘
1592,13:06:40,16.43,-0.01,9,14787,卖盘
1593,13:06:34,16.44,--,20,32880,买盘
1594,13:06:31,16.44,0.01,60,98640,买盘
1595,13:06:28,16.43,-0.01,3,4929,卖盘
1596,13:06:25,16.44,--,60,98640,卖盘
1597,13:06:22,16.44,--,11,18084,卖盘
1598,13:06:13,16.44,--,37,60828,买盘
1599,13:06:10,16.44,0.01,10,16440,买盘
1600,13:06:07,16.43,--,1,1643,卖盘
1601,13:06:04,16.43,--,3,4929,卖盘
1602,13:05:58,16.43,-0.01,1,1643,卖盘
1603,13:05:55,16.44,0.01,17,27948,卖盘
1604,13:05:52,16.43,--,10,16430,卖盘
1605,13:05:49,16.43,--,22,36146,卖盘
1606,13:05:46,16.43,--,84,138012,卖盘
1607,13:05:37,16.43,-0.01,1,1643,卖盘
1608,13:05:31,16.44,0.01,26,42744,中性盘
1609,13:05:22,16.43,-0.01,91,150942,卖盘
1610,13:05:16,16.44,-0.01,20,32880,卖盘
1611,13:05:13,16.45,0.01,17,27965,买盘
1612,13:05:01,16.44,-0.01,1,1644,卖盘
1613,13:04:46,16.45,0.01,17,27965,买盘
1614,13:04:40,16.44,-0.01,1,1644,中性盘
1615,13:04:28,16.45,--,6,9870,买盘
1616,13:04:25,16.45,--,14,23030,卖盘
1617,13:04:19,16.45,-0.01,1,1645,卖盘
1618,13:04:13,16.46,0.01,15,24690,买盘
1619,13:04:10,16.45,-0.01,3,4935,卖盘
1620,13:04:07,16.46,--,2,3292,买盘
1621,13:04:04,16.46,--,16,26336,买盘
1622,13:04:01,16.46,--,7,13052,卖盘
1623,13:03:55,16.46,--,17,27982,卖盘
1624,13:03:52,16.46,--,7,11522,卖盘
1625,13:03:49,16.46,--,55,90530,卖盘
1626,13:03:46,16.46,--,10,16460,卖盘
1627,13:03:43,16.46,--,15,24690,卖盘
1628,13:03:40,16.46,--,8,13168,卖盘
1629,13:03:34,16.46,--,35,57610,卖盘
1630,13:03:28,16.46,--,107,176122,卖盘
1631,13:03:25,16.46,--,120,197520,卖盘
1632,13:03:19,16.46,--,40,65840,卖盘
1633,13:03:16,16.46,--,77,128157,卖盘
1634,13:03:13,16.46,--,39,64194,卖盘
1635,13:03:10,16.46,--,18,29628,卖盘
1636,13:03:04,16.46,--,7,11522,卖盘
1637,13:02:58,16.46,--,33,54318,卖盘
1638,13:02:55,16.46,--,20,32920,卖盘
1639,13:02:52,16.46,--,130,213980,卖盘
1640,13:02:46,16.46,--,161,265006,卖盘
1641,13:02:43,16.46,--,82,135169,卖盘
1642,13:02:40,16.46,--,10,16460,卖盘
1643,13:02:37,16.46,-0.01,23,37858,卖盘
1644,13:02:25,16.47,0.01,12,19764,买盘
1645,13:02:19,16.46,--,14,23044,卖盘
1646,13:02:16,16.46,--,10,16460,卖盘
1647,13:02:10,16.46,-0.01,25,41150,卖盘
1648,13:02:07,16.47,0.01,9,14822,买盘
1649,13:02:04,16.46,-0.01,61,100406,卖盘
1650,13:01:58,16.47,--,15,24705,买盘
1651,13:01:52,16.47,--,3,4941,买盘
1652,13:01:49,16.47,0.01,17,27998,买盘
1653,13:01:46,16.46,--,21,34566,卖盘
1654,13:01:43,16.46,--,12,19752,卖盘
1655,13:01:40,16.46,-0.01,2,3292,卖盘
1656,13:01:37,16.47,0.01,14,23058,买盘
1657,13:01:34,16.46,--,16,26336,卖盘
1658,13:01:28,16.46,--,5,8230,卖盘
1659,13:01:25,16.46,--,13,21398,卖盘
1660,13:01:22,16.46,--,8,13168,卖盘
1661,13:01:19,16.46,0.04,564,928492,买盘
1662,13:01:13,16.42,--,1,1642,卖盘
1663,13:01:01,16.42,--,1,1642,卖盘
1664,13:00:58,16.42,--,41,67322,卖盘
1665,13:00:52,16.42,--,65,106730,卖盘
1666,13:00:46,16.42,-0.01,45,73890,卖盘
1667,13:00:40,16.43,0.01,15,24645,买盘
1668,13:00:28,16.42,-0.01,47,78618,卖盘
1669,13:00:25,16.43,--,35,57505,买盘
1670,13:00:13,16.43,--,9,14787,买盘
1671,13:00:10,16.43,--,13,21359,买盘
1672,13:00:07,16.43,--,214,353080,卖盘
1673,13:00:04,16.43,--,303,497993,卖盘
1674,11:29:57,16.43,--,50,82150,卖盘
1675,11:29:54,16.43,--,2,3286,卖盘
1676,11:29:48,16.43,--,57,93651,卖盘
1677,11:29:45,16.43,0.02,240,394320,买盘
1678,11:29:32,16.41,--,5,8205,卖盘
1679,11:29:29,16.41,-0.01,91,149495,卖盘
1680,11:29:26,16.42,--,32,52544,买盘
1681,11:29:23,16.42,--,10,16420,买盘
1682,11:29:20,16.42,--,68,111656,卖盘
1683,11:29:11,16.42,--,37,60754,卖盘
1684,11:29:08,16.42,--,8,13136,买盘
1685,11:29:05,16.42,--,12,19704,买盘
1686,11:28:59,16.42,--,30,49260,买盘
1687,11:28:56,16.42,--,50,82100,买盘
1688,11:28:50,16.42,-0.01,252,413784,卖盘
1689,11:28:47,16.43,0.01,26,42718,买盘
1690,11:28:44,16.42,-0.01,2,3284,卖盘
1691,11:28:41,16.43,0.01,51,83793,买盘
1692,11:28:38,16.42,--,1,1642,卖盘
1693,11:28:35,16.42,-0.01,29,47618,卖盘
1694,11:28:32,16.43,0.01,47,77221,买盘
1695,11:28:29,16.42,-0.01,20,32840,卖盘
1696,11:28:23,16.43,0.01,36,59148,买盘
1697,11:28:20,16.42,--,7,11494,卖盘
1698,11:28:17,16.42,--,1,1642,卖盘
1699,11:28:14,16.42,0.01,5,8210,卖盘
1700,11:28:11,16.41,-0.01,35,57435,卖盘
1701,11:28:08,16.42,--,234,384228,卖盘
1702,11:28:05,16.42,--,3,4926,卖盘
1703,11:28:02,16.42,-0.01,20,32840,卖盘
1704,11:27:59,16.43,0.01,31,50933,买盘
1705,11:27:56,16.42,--,15,24630,卖盘
1706,11:27:50,16.42,--,50,83216,卖盘
1707,11:27:41,16.42,--,1,1642,卖盘
1708,11:27:38,16.42,--,2,3284,卖盘
1709,11:27:32,16.42,-0.01,53,87026,卖盘
1710,11:27:29,16.43,0.01,27,44361,买盘
1711,11:27:20,16.42,-0.02,1,1642,卖盘
1712,11:27:14,16.44,0.01,10,16440,买盘
1713,11:27:11,16.43,-0.01,9,14787,卖盘
1714,11:27:05,16.44,0.01,1,1644,买盘
1715,11:26:59,16.43,--,7,11501,买盘
1716,11:26:50,16.43,0.01,26,42718,买盘
1717,11:26:47,16.42,--,5,8210,卖盘
1718,11:26:41,16.42,--,2,3284,卖盘
1719,11:26:26,16.42,--,5,8210,卖盘
1720,11:26:23,16.42,0.01,93,152706,买盘
1721,11:26:20,16.41,-0.01,75,123075,卖盘
1722,11:26:17,16.42,0.01,37,60754,买盘
1723,11:26:11,16.41,--,28,45948,卖盘
1724,11:26:08,16.41,--,35,57435,卖盘
1725,11:26:05,16.41,--,140,230609,买盘
1726,11:25:56,16.41,--,16,26256,买盘
1727,11:25:47,16.41,0.01,4,6564,买盘
1728,11:25:44,16.4,-0.01,1,1639,卖盘
1729,11:25:41,16.41,0.01,3,4923,买盘
1730,11:25:38,16.4,-0.01,22,36080,卖盘
1731,11:25:35,16.41,--,14,24237,卖盘
1732,11:25:32,16.41,--,7,11487,卖盘
1733,11:25:29,16.41,--,100,164100,卖盘
1734,11:25:20,16.41,--,12,19692,卖盘
1735,11:25:17,16.41,--,10,16410,卖盘
1736,11:25:08,16.41,--,3,4923,卖盘
1737,11:25:02,16.41,-0.01,12,19692,卖盘
1738,11:24:56,16.42,--,2,3284,卖盘
1739,11:24:50,16.42,--,7,11494,卖盘
1740,11:24:47,16.42,-0.01,151,247942,卖盘
1741,11:24:38,16.43,-0.01,11,18073,卖盘
1742,11:24:35,16.44,0.02,23,37812,买盘
1743,11:24:32,16.42,-0.02,50,82559,卖盘
1744,11:24:29,16.44,0.01,41,67404,买盘
1745,11:24:26,16.43,--,23,37789,卖盘
1746,11:24:23,16.43,-0.01,4,6572,卖盘
1747,11:24:08,16.44,-0.01,1,1644,中性盘
1748,11:24:05,16.45,0.01,20,32900,买盘
1749,11:24:02,16.44,-0.01,45,73980,卖盘
1750,11:23:53,16.45,0.01,5,8225,买盘
1751,11:23:50,16.44,-0.01,35,57540,卖盘
1752,11:23:47,16.45,0.01,12,19740,买盘
1753,11:23:44,16.44,-0.01,24,39456,卖盘
1754,11:23:41,16.45,0.01,12,19740,买盘
1755,11:23:38,16.44,--,22,36168,卖盘
1756,11:23:35,16.44,--,74,121656,卖盘
1757,11:23:32,16.44,--,1,1644,卖盘
1758,11:23:29,16.44,0.01,33,54252,买盘
1759,11:23:26,16.43,-0.01,8,13144,卖盘
1760,11:23:23,16.44,0.01,12,19728,买盘
1761,11:23:17,16.43,--,159,262387,卖盘
1762,11:23:14,16.43,-0.01,6,9858,卖盘
1763,11:23:11,16.44,0.01,2,3288,买盘
1764,11:23:02,16.43,-0.01,15,24645,卖盘
1765,11:22:59,16.44,0.01,9,14796,买盘
1766,11:22:56,16.43,-0.01,40,65720,卖盘
1767,11:22:53,16.44,0.01,5,8220,买盘
1768,11:22:50,16.43,-0.01,2,3286,卖盘
1769,11:22:38,16.44,0.01,16,26304,买盘
1770,11:22:35,16.43,-0.01,25,41075,中性盘
1771,11:22:29,16.44,0.01,50,82200,买盘
1772,11:22:26,16.43,--,27,44361,买盘
1773,11:22:20,16.43,--,14,23002,卖盘
1774,11:22:14,16.43,0.01,33,54219,买盘
1775,11:22:11,16.42,--,4,6568,卖盘
1776,11:22:05,16.42,-0.01,16,26272,卖盘
1777,11:22:02,16.43,--,2,3286,买盘
1778,11:21:56,16.43,--,5,8215,买盘
1779,11:21:53,16.43,--,40,65720,买盘
1780,11:21:50,16.43,--,12,19716,买盘
1781,11:21:47,16.43,--,9,14787,买盘
1782,11:21:41,16.43,0.01,3,4929,买盘
1783,11:21:38,16.42,--,46,76730,卖盘
1784,11:21:35,16.42,--,10,16420,卖盘
1785,11:21:29,16.42,0.01,64,105088,买盘
1786,11:21:23,16.41,-0.01,5,8205,卖盘
1787,11:21:20,16.42,0.01,6,9852,买盘
1788,11:21:14,16.41,--,24,39384,卖盘
1789,11:21:11,16.41,-0.01,4,6564,卖盘
1790,11:21:08,16.42,0.01,25,41050,买盘
1791,11:21:02,16.41,--,2,3692,买盘
1792,11:20:59,16.41,--,6,9846,买盘
1793,11:20:56,16.41,--,3,4923,买盘
1794,11:20:47,16.41,0.01,33,54153,买盘
1795,11:20:44,16.4,-0.01,36,59039,卖盘
1796,11:20:41,16.41,-0.01,37,60717,卖盘
1797,11:20:38,16.42,--,60,98520,卖盘
1798,11:20:32,16.42,--,145,238090,买盘
1799,11:20:26,16.42,0.01,102,167484,买盘
1800,11:20:23,16.41,--,1,1641,卖盘
1801,11:20:20,16.41,--,36,59076,买盘
1802,11:20:14,16.41,--,55,90255,买盘
1803,11:20:11,16.41,--,17,27897,买盘
1804,11:20:08,16.41,--,55,90255,买盘
1805,11:20:05,16.41,--,13,21333,买盘
1806,11:20:02,16.41,0.01,32,52512,买盘
1807,11:19:59,16.4,--,5,8200,卖盘
1808,11:19:56,16.4,--,36,59039,卖盘
1809,11:19:53,16.4,--,40,65600,卖盘
1810,11:19:44,16.4,--,30,49199,卖盘
1811,11:19:38,16.4,--,3,4920,卖盘
1812,11:19:35,16.4,--,79,129559,买盘
1813,11:19:32,16.4,--,2,3279,买盘
1814,11:19:29,16.4,0.01,32,52479,买盘
1815,11:19:26,16.39,-0.01,43,70477,卖盘
1816,11:19:20,16.4,--,3,4920,买盘
1817,11:19:17,16.4,--,20,32800,买盘
1818,11:19:14,16.4,0.01,20,32800,买盘
1819,11:19:11,16.39,-0.02,43,70477,卖盘
1820,11:19:08,16.41,0.01,54,88614,买盘
1821,11:19:02,16.4,0.01,5,8200,卖盘
1822,11:18:59,16.39,-0.01,68,112812,卖盘
1823,11:18:56,16.4,0.01,3,4920,买盘
1824,11:18:53,16.39,--,69,113091,卖盘
1825,11:18:47,16.39,-0.01,57,93423,卖盘
1826,11:18:44,16.4,--,1,1639,买盘
1827,11:18:41,16.4,--,42,68880,买盘
1828,11:18:38,16.4,--,628,1029919,卖盘
1829,11:18:35,16.4,--,11,18040,卖盘
1830,11:18:29,16.4,0.01,8,13119,买盘
1831,11:18:23,16.39,-0.01,51,83589,卖盘
1832,11:18:20,16.4,--,97,159080,买盘
1833,11:18:17,16.4,--,29,47559,买盘
1834,11:18:11,16.4,--,112,183679,买盘
1835,11:18:08,16.4,0.01,25,41000,买盘
1836,11:18:05,16.39,--,74,122007,卖盘
1837,11:18:02,16.39,--,40,65560,卖盘
1838,11:17:59,16.39,--,67,109813,卖盘
1839,11:17:53,16.39,--,64,104896,卖盘
1840,11:17:50,16.39,--,73,119647,卖盘
1841,11:17:44,16.39,-0.01,43,70477,卖盘
1842,11:17:41,16.4,0.01,35,57399,买盘
1843,11:17:38,16.39,0.01,39,63921,卖盘
1844,11:17:35,16.38,--,394,645372,卖盘
1845,11:17:32,16.38,-0.01,287,470106,卖盘
1846,11:17:29,16.39,--,90,147510,卖盘
1847,11:17:26,16.39,--,48,79950,买盘
1848,11:17:23,16.39,--,9,14751,买盘
1849,11:17:17,16.39,--,7,11473,中性盘
1850,11:17:14,16.39,0.01,13,21307,中性盘
1851,11:17:11,16.38,-0.02,1023,1675674,卖盘
1852,11:17:08,16.4,0.01,6,9840,买盘
1853,11:17:02,16.39,-0.01,95,155950,卖盘
1854,11:16:59,16.4,-0.01,17,27879,卖盘
1855,11:16:56,16.41,0.01,137,224817,买盘
1856,11:16:53,16.4,--,282,462479,卖盘
1857,11:16:50,16.4,--,377,618280,卖盘
1858,11:16:47,16.4,--,78,127919,卖盘
1859,11:16:44,16.4,--,48,78720,卖盘
1860,11:16:41,16.4,-0.01,122,200079,卖盘
1861,11:16:35,16.41,--,17,27897,买盘
1862,11:16:32,16.41,0.01,24,39384,买盘
1863,11:16:29,16.4,-0.01,44,72160,卖盘
1864,11:16:26,16.41,--,14,22974,卖盘
1865,11:16:23,16.41,--,178,292098,卖盘
1866,11:16:20,16.41,--,8,13128,卖盘
1867,11:16:17,16.41,--,172,282252,卖盘
1868,11:16:11,16.41,--,90,147690,卖盘
1869,11:16:02,16.41,-0.01,63,104301,卖盘
1870,11:15:59,16.42,--,155,254510,卖盘
1871,11:15:56,16.42,--,31,50902,卖盘
1872,11:15:53,16.42,-0.01,100,164200,卖盘
1873,11:15:50,16.43,0.01,1,1643,买盘
1874,11:15:44,16.42,-0.01,170,279140,卖盘
1875,11:15:41,16.43,--,336,552048,卖盘
1876,11:15:38,16.43,--,446,732778,卖盘
1877,11:15:32,16.43,--,572,939796,卖盘
1878,11:15:29,16.43,--,44,73573,卖盘
1879,11:15:26,16.43,-0.01,157,257951,卖盘
1880,11:15:23,16.44,--,30,49320,买盘
1881,11:15:20,16.44,0.01,14,23016,买盘
1882,11:15:17,16.43,-0.01,510,837930,卖盘
1883,11:15:11,16.44,--,16,26304,卖盘
1884,11:15:08,16.44,-0.01,92,151248,卖盘
1885,11:15:02,16.45,0.01,35,57575,买盘
1886,11:14:59,16.44,-0.01,42,69048,卖盘
1887,11:14:56,16.45,0.01,11,18095,买盘
1888,11:14:53,16.44,--,2,3288,卖盘
1889,11:14:50,16.44,--,116,190704,卖盘
1890,11:14:44,16.44,--,27,44388,卖盘
1891,11:14:38,16.44,-0.01,12,19728,卖盘
1892,11:14:35,16.45,--,5,8225,买盘
1893,11:14:32,16.45,--,62,101990,卖盘
1894,11:14:29,16.45,--,7,11515,卖盘
1895,11:14:26,16.45,--,4,6580,卖盘
1896,11:14:23,16.45,--,35,57575,卖盘
1897,11:14:20,16.45,--,15,24675,卖盘
1898,11:14:11,16.45,0.01,98,161210,买盘
1899,11:14:08,16.44,-0.01,11,18084,卖盘
1900,11:14:05,16.45,0.01,43,70735,买盘
1901,11:14:02,16.44,-0.01,93,153220,卖盘
1902,11:13:50,16.45,--,1,1645,买盘
1903,11:13:47,16.45,--,25,41125,买盘
1904,11:13:44,16.45,--,314,516530,卖盘
1905,11:13:35,16.45,-0.01,2,3290,卖盘
1906,11:13:32,16.46,0.01,48,79008,买盘
1907,11:13:26,16.45,-0.01,25,41125,卖盘
1908,11:13:20,16.46,--,3,4938,买盘
1909,11:13:17,16.46,--,2,3292,买盘
1910,11:13:14,16.46,0.01,2,3292,买盘
1911,11:13:11,16.45,-0.01,2,3290,卖盘
1912,11:13:08,16.46,0.01,20,32920,买盘
1913,11:13:02,16.45,--,1,1645,卖盘
1914,11:12:56,16.45,-0.01,56,92120,卖盘
1915,11:12:53,16.46,0.01,3,4938,买盘
1916,11:12:44,16.45,-0.01,34,55930,卖盘
1917,11:12:38,16.46,0.01,1,1646,买盘
1918,11:12:35,16.45,-0.01,1,1645,卖盘
1919,11:12:32,16.46,0.01,7,11522,买盘
1920,11:12:26,16.45,0.01,57,93765,买盘
1921,11:12:23,16.44,--,158,260376,卖盘
1922,11:12:17,16.44,--,66,108504,卖盘
1923,11:12:14,16.44,-0.01,4,6576,卖盘
1924,11:12:11,16.45,0.01,8,13160,买盘
1925,11:12:08,16.44,-0.01,11,18084,卖盘
1926,11:12:05,16.45,0.01,2,3290,买盘
1927,11:12:02,16.44,-0.01,6,9864,卖盘
1928,11:11:59,16.45,--,1,1645,买盘
1929,11:11:56,16.45,0.01,33,54285,买盘
1930,11:11:53,16.44,--,16,26304,卖盘
1931,11:11:47,16.44,-0.01,109,179196,卖盘
1932,11:11:44,16.45,--,12,19740,买盘
1933,11:11:41,16.45,--,152,250040,买盘
1934,11:11:32,16.45,--,11,18095,买盘
1935,11:11:26,16.45,0.01,29,47705,买盘
1936,11:11:23,16.44,-0.01,1,1644,卖盘
1937,11:11:20,16.45,--,20,32900,买盘
1938,11:11:17,16.45,0.01,21,34545,买盘
1939,11:11:14,16.44,--,7,11508,卖盘
1940,11:11:11,16.44,-0.01,44,73026,卖盘
1941,11:11:02,16.45,0.01,26,42770,买盘
1942,11:10:59,16.44,--,99,163742,卖盘
1943,11:10:56,16.44,--,130,213720,卖盘
1944,11:10:53,16.44,--,70,115080,卖盘
1945,11:10:50,16.44,--,52,85488,卖盘
1946,11:10:47,16.44,-0.01,43,70692,卖盘
1947,11:10:44,16.45,0.01,6,9870,买盘
1948,11:10:41,16.44,--,125,205500,卖盘
1949,11:10:35,16.44,--,123,202212,卖盘
1950,11:10:32,16.44,-0.01,37,60828,卖盘
1951,11:10:26,16.45,0.01,119,195755,买盘
1952,11:10:23,16.44,-0.01,100,164400,卖盘
1953,11:10:20,16.45,--,8,13160,买盘
1954,11:10:14,16.45,--,4,6580,买盘
1955,11:10:10,16.45,--,5,8225,买盘
1956,11:10:07,16.45,--,18,29610,买盘
1957,11:10:04,16.45,--,55,91429,卖盘
1958,11:10:01,16.45,-0.01,159,261555,卖盘
1959,11:09:58,16.46,0.01,148,243608,买盘
1960,11:09:55,16.45,--,1,1645,卖盘
1961,11:09:52,16.45,--,2,3290,卖盘
1962,11:09:43,16.45,--,12,19740,卖盘
1963,11:09:40,16.45,--,92,152080,卖盘
1964,11:09:34,16.45,--,139,228655,卖盘
1965,11:09:28,16.45,--,38,62510,卖盘
1966,11:09:22,16.45,--,4,6580,卖盘
1967,11:09:16,16.45,--,70,115150,卖盘
1968,11:09:10,16.45,--,24,40730,卖盘
1969,11:09:04,16.45,-0.01,28,46060,卖盘
1970,11:09:01,16.46,--,1,1646,买盘
1971,11:08:55,16.46,0.01,3,4938,买盘
1972,11:08:52,16.45,-0.01,224,368496,卖盘
1973,11:08:49,16.46,--,57,93822,卖盘
1974,11:08:46,16.46,-0.01,101,166246,卖盘
1975,11:08:37,16.47,--,25,41175,买盘
1976,11:08:31,16.47,-0.01,66,109904,卖盘
1977,11:08:28,16.48,0.01,47,77456,买盘
1978,11:08:25,16.47,--,23,37881,卖盘
1979,11:08:22,16.47,-0.01,118,195218,卖盘
1980,11:08:19,16.48,0.01,23,37904,买盘
1981,11:08:16,16.47,-0.01,39,64232,卖盘
1982,11:08:13,16.48,0.01,49,81971,买盘
1983,11:08:04,16.47,-0.01,1,1647,卖盘
1984,11:08:01,16.48,0.01,5,8240,买盘
1985,11:07:58,16.47,-0.01,36,59291,卖盘
1986,11:07:49,16.48,0.01,53,87344,买盘
1987,11:07:46,16.47,-0.01,81,133407,卖盘
1988,11:07:40,16.48,0.01,96,158208,买盘
1989,11:07:37,16.47,0.01,60,98820,买盘
1990,11:07:31,16.46,-0.01,31,51026,卖盘
1991,11:07:28,16.47,0.01,5,8235,买盘
1992,11:07:25,16.46,-0.01,47,77362,卖盘
1993,11:07:19,16.47,--,3,4941,买盘
1994,11:07:16,16.47,0.01,12,19764,买盘
1995,11:07:13,16.46,--,9,16064,卖盘
1996,11:07:10,16.46,-0.01,2,3292,卖盘
1997,11:07:07,16.47,0.01,5,8235,买盘
1998,11:07:04,16.46,-0.01,21,34566,卖盘
1999,11:06:58,16.47,0.01,73,120230,买盘
2000,11:06:52,16.46,-0.01,6,9876,卖盘
2001,11:06:49,16.47,0.01,63,103761,买盘
2002,11:06:46,16.46,-0.01,118,194228,卖盘
2003,11:06:43,16.47,0.01,1,1647,买盘
2004,11:06:40,16.46,-0.01,5,8230,卖盘
2005,11:06:37,16.47,0.01,5,8235,买盘
2006,11:06:31,16.46,--,2,3292,卖盘
2007,11:06:25,16.46,-0.01,26,42796,卖盘
2008,11:06:19,16.47,--,8,13176,卖盘
2009,11:06:16,16.47,--,5,8235,买盘
2010,11:06:13,16.47,0.01,23,37881,买盘
2011,11:06:10,16.46,--,9,16048,卖盘
2012,11:06:07,16.46,-0.01,366,603588,卖盘
2013,11:06:04,16.47,--,57,93879,买盘
2014,11:06:01,16.47,--,20,32940,买盘
2015,11:05:58,16.47,--,1,1647,买盘
2016,11:05:49,16.47,0.01,31,51057,卖盘
2017,11:05:46,16.46,-0.01,148,244068,卖盘
2018,11:05:40,16.47,--,16,26352,卖盘
2019,11:05:31,16.47,--,8,13176,卖盘
2020,11:05:28,16.47,--,17,27998,卖盘
2021,11:05:22,16.47,--,61,100467,卖盘
2022,11:05:19,16.47,0.01,91,149877,买盘
2023,11:05:13,16.46,--,5,8230,卖盘
2024,11:05:10,16.46,-0.01,10,17694,卖盘
2025,11:05:07,16.47,--,10,16470,买盘
2026,11:05:01,16.47,--,39,64232,买盘
2027,11:04:55,16.47,0.01,21,34587,买盘
2028,11:04:52,16.46,-0.01,19,31274,卖盘
2029,11:04:49,16.47,--,20,32940,卖盘
2030,11:04:40,16.47,--,66,108701,买盘
2031,11:04:37,16.47,0.01,20,32940,买盘
2032,11:04:31,16.46,--,29,47734,卖盘
2033,11:04:25,16.46,--,193,317678,卖盘
2034,11:04:22,16.46,-0.01,4,6584,卖盘
2035,11:04:16,16.47,--,13,21411,买盘
2036,11:04:13,16.47,--,44,72468,中性盘
2037,11:04:10,16.47,--,36,60527,买盘
2038,11:03:58,16.47,--,1,1647,买盘
2039,11:03:55,16.47,0.01,2,3294,买盘
2040,11:03:52,16.46,-0.02,338,557582,卖盘
2041,11:03:49,16.48,--,10,16480,买盘
2042,11:03:43,16.48,--,210,346080,买盘
2043,11:03:40,16.48,--,19,31312,买盘
2044,11:03:31,16.48,0.01,528,870144,买盘
2045,11:03:28,16.47,--,16,26352,卖盘
2046,11:03:25,16.47,-0.01,1,1647,卖盘
2047,11:03:22,16.48,--,8,13184,买盘
2048,11:03:19,16.48,--,759,1252051,卖盘
2049,11:03:13,16.48,-0.01,10,16480,卖盘
2050,11:03:10,16.49,0.01,47,78723,买盘
2051,11:03:07,16.48,--,6,9888,卖盘
2052,11:03:04,16.48,--,100,164800,卖盘
2053,11:03:01,16.48,--,7,11536,卖盘
2054,11:02:58,16.48,--,9,14832,卖盘
2055,11:02:55,16.48,-0.01,69,114008,卖盘
2056,11:02:52,16.49,0.01,53,87396,买盘
2057,11:02:49,16.48,-0.01,5,8240,卖盘
2058,11:02:46,16.49,0.01,1,1648,买盘
2059,11:02:40,16.48,--,18,29664,卖盘
2060,11:02:37,16.48,-0.01,6,9888,卖盘
2061,11:02:34,16.49,0.01,10,16490,买盘
2062,11:02:31,16.48,-0.02,72,118656,卖盘
2063,11:02:22,16.5,--,53,87450,卖盘
2064,11:02:19,16.5,--,30,49500,买盘
2065,11:02:16,16.5,0.01,51,84150,买盘
2066,11:02:13,16.49,-0.01,24,39575,卖盘
2067,11:02:10,16.5,0.01,16,27621,买盘
2068,11:02:07,16.49,0.01,72,118727,买盘
2069,11:02:01,16.48,--,1,1648,卖盘
2070,11:01:58,16.48,--,31,51088,卖盘
2071,11:01:55,16.48,-0.02,95,157878,卖盘
2072,11:01:43,16.5,0.01,13,21450,买盘
2073,11:01:40,16.49,--,124,204475,卖盘
2074,11:01:37,16.49,--,10,16490,卖盘
2075,11:01:34,16.49,--,66,108833,卖盘
2076,11:01:28,16.49,0.01,3,4946,卖盘
2077,11:01:22,16.48,--,21,34608,卖盘
2078,11:01:19,16.48,-0.01,119,196112,卖盘
2079,11:01:10,16.49,0.01,7,11542,买盘
2080,11:01:07,16.48,--,10,17699,卖盘
2081,11:01:04,16.48,--,29,47792,卖盘
2082,11:01:01,16.48,-0.01,2,3296,卖盘
2083,11:00:58,16.49,--,119,196230,买盘
2084,11:00:55,16.49,--,1,1648,买盘
2085,11:00:52,16.49,--,148,244051,买盘
2086,11:00:49,16.49,0.01,19,31330,买盘
2087,11:00:46,16.48,--,25,41200,卖盘
2088,11:00:43,16.48,-0.01,1,1648,卖盘
2089,11:00:40,16.49,--,9,14840,买盘
2090,11:00:37,16.49,0.01,6,9893,买盘
2091,11:00:34,16.48,--,21,34608,卖盘
2092,11:00:28,16.48,-0.01,38,63151,卖盘
2093,11:00:25,16.49,-0.01,20,33408,卖盘
2094,11:00:22,16.5,--,119,196350,买盘
2095,11:00:16,16.5,0.01,28,46200,买盘
2096,11:00:13,16.49,--,16,26383,卖盘
2097,11:00:10,16.49,-0.01,17,29253,卖盘
2098,11:00:01,16.5,-0.01,9,14850,中性盘
2099,10:59:58,16.51,0.01,53,87503,买盘
2100,10:59:55,16.5,--,1,1650,买盘
2101,10:59:52,16.5,-0.01,47,78292,卖盘
2102,10:59:49,16.51,0.01,27,44577,买盘
2103,10:59:46,16.5,-0.01,39,64350,卖盘
2104,10:59:40,16.51,0.01,30,49530,买盘
2105,10:59:34,16.5,--,20,33000,卖盘
2106,10:59:28,16.5,--,7,11550,卖盘
2107,10:59:25,16.5,-0.01,11,18150,卖盘
2108,10:59:22,16.51,--,46,75946,买盘
2109,10:59:16,16.51,0.01,7,11557,买盘
2110,10:59:13,16.5,--,15,24750,卖盘
2111,10:59:10,16.5,-0.01,21,35854,卖盘
2112,10:59:07,16.51,0.01,2,3302,买盘
2113,10:59:04,16.5,-0.01,62,102300,卖盘
2114,10:59:01,16.51,--,11,18161,买盘
2115,10:58:55,16.51,0.01,66,108966,买盘
2116,10:58:52,16.5,-0.01,104,172689,卖盘
2117,10:58:49,16.51,0.01,21,34671,买盘
2118,10:58:46,16.5,-0.01,28,46200,卖盘
2119,10:58:43,16.51,0.01,10,16510,买盘
2120,10:58:40,16.5,--,23,37950,卖盘
2121,10:58:34,16.5,--,35,57750,卖盘
2122,10:58:31,16.5,--,50,82500,卖盘
2123,10:58:28,16.5,--,172,283800,卖盘
2124,10:58:25,16.5,--,21,34650,卖盘
2125,10:58:22,16.5,-0.01,7,11550,卖盘
2126,10:58:19,16.51,0.01,38,62738,买盘
2127,10:58:16,16.5,-0.01,9,14850,卖盘
2128,10:58:13,16.51,0.01,132,219120,买盘
2129,10:58:07,16.5,--,6,9900,卖盘
2130,10:58:04,16.5,-0.01,5,8250,卖盘
2131,10:58:01,16.51,--,1,1651,买盘
2132,10:57:58,16.51,--,10,16510,买盘
2133,10:57:49,16.51,--,3,4953,买盘
2134,10:57:43,16.51,0.01,3,4953,买盘
2135,10:57:40,16.5,-0.01,3,4950,卖盘
2136,10:57:37,16.51,0.01,11,18161,买盘
2137,10:57:34,16.5,-0.01,24,39600,卖盘
2138,10:57:25,16.51,0.01,45,75351,买盘
2139,10:57:22,16.5,-0.01,216,356400,卖盘
2140,10:57:19,16.51,0.01,8,13208,买盘
2141,10:57:16,16.5,--,3,4950,卖盘
2142,10:57:13,16.5,-0.01,22,36300,卖盘
2143,10:57:10,16.51,0.01,44,73849,买盘
2144,10:57:07,16.5,--,79,130350,卖盘
2145,10:57:04,16.5,-0.01,21,34650,卖盘
2146,10:56:58,16.51,--,21,34671,买盘
2147,10:56:55,16.51,--,39,64389,买盘
2148,10:56:52,16.51,--,43,70993,买盘
2149,10:56:49,16.51,--,13,21463,买盘
2150,10:56:43,16.51,--,13,21463,买盘
2151,10:56:37,16.51,0.01,1,1651,买盘
2152,10:56:34,16.5,--,21,34650,卖盘
2153,10:56:31,16.5,--,38,62700,卖盘
2154,10:56:28,16.5,-0.01,2,3300,卖盘
2155,10:56:22,16.51,0.01,126,208587,买盘
2156,10:56:19,16.5,--,57,94050,卖盘
2157,10:56:16,16.5,--,45,74250,卖盘
2158,10:56:07,16.5,-0.01,9,16054,卖盘
2159,10:56:04,16.51,--,6,9906,买盘
2160,10:55:58,16.51,0.01,5,8255,买盘
2161,10:55:49,16.5,0.01,341,562650,买盘
2162,10:55:43,16.49,--,106,174793,卖盘
2163,10:55:40,16.49,-0.01,4,6595,卖盘
2164,10:55:37,16.5,0.02,73,120450,买盘
2165,10:55:28,16.48,-0.01,31,51088,卖盘
2166,10:55:25,16.49,0.01,3,4946,买盘
2167,10:55:22,16.48,--,6,9888,卖盘
2168,10:55:19,16.48,-0.01,16,26368,卖盘
2169,10:55:16,16.49,0.01,10,16490,买盘
2170,10:55:10,16.48,--,8,13184,卖盘
2171,10:55:07,16.48,--,9,16051,卖盘
2172,10:55:04,16.48,--,112,184576,卖盘
2173,10:55:01,16.48,0.01,10,16480,卖盘
2174,10:54:58,16.47,-0.01,15,25116,卖盘
2175,10:54:55,16.48,--,2,3296,买盘
2176,10:54:46,16.48,--,201,331248,买盘
2177,10:54:40,16.48,0.01,9,14832,买盘
2178,10:54:31,16.47,-0.01,81,133407,卖盘
2179,10:54:28,16.48,0.01,220,362560,买盘
2180,10:54:19,16.47,-0.01,1,1647,买盘
2181,10:54:16,16.48,--,5,8240,买盘
2182,10:54:13,16.48,--,71,117008,买盘
2183,10:54:10,16.48,0.01,109,180044,买盘
2184,10:54:07,16.47,--,37,62174,卖盘
2185,10:54:04,16.47,--,4,6588,买盘
2186,10:54:01,16.47,--,97,159759,卖盘
2187,10:53:52,16.47,-0.01,50,82350,卖盘
2188,10:53:49,16.48,0.01,64,105472,买盘
2189,10:53:43,16.47,--,105,172935,买盘
2190,10:53:40,16.47,0.02,214,352458,买盘
2191,10:53:34,16.45,--,2,3290,卖盘
2192,10:53:31,16.45,-0.01,46,75670,卖盘
2193,10:53:28,16.46,--,60,98760,买盘
2194,10:53:25,16.46,0.01,21,34566,买盘
2195,10:53:22,16.45,--,108,178005,卖盘
2196,10:53:19,16.45,--,35,57575,买盘
2197,10:53:10,16.45,--,14,24280,中性盘
2198,10:53:04,16.45,--,1,1645,买盘
2199,10:53:01,16.45,0.01,3,4935,中性盘
2200,10:52:52,16.44,-0.02,1000,1644000,卖盘
2201,10:52:49,16.46,0.01,5,8230,买盘
2202,10:52:43,16.45,-0.01,35,57575,卖盘
2203,10:52:40,16.46,0.01,11,18106,买盘
2204,10:52:37,16.45,--,2,3290,卖盘
2205,10:52:34,16.45,--,115,189175,卖盘
2206,10:52:31,16.45,--,11,18095,卖盘
2207,10:52:22,16.45,-0.01,5,8225,卖盘
2208,10:52:19,16.46,0.01,28,46088,买盘
2209,10:52:16,16.45,--,137,225365,卖盘
2210,10:52:13,16.45,--,16,26320,卖盘
2211,10:52:10,16.45,--,59,98305,卖盘
2212,10:51:58,16.45,--,3,4935,卖盘
2213,10:51:55,16.45,--,3,4935,卖盘
2214,10:51:49,16.45,-0.01,164,269780,卖盘
2215,10:51:46,16.46,0.01,5,8230,买盘
2216,10:51:43,16.45,--,3,4935,卖盘
2217,10:51:40,16.45,--,26,42770,卖盘
2218,10:51:37,16.45,-0.01,11,18095,卖盘
2219,10:51:34,16.46,--,12,19752,买盘
2220,10:51:28,16.46,0.01,10,16460,买盘
2221,10:51:22,16.45,-0.01,50,82694,卖盘
2222,10:51:19,16.46,--,3,4938,卖盘
2223,10:51:16,16.46,--,90,148140,卖盘
2224,10:51:13,16.46,--,76,126297,买盘
2225,10:51:10,16.46,0.01,38,63798,买盘
2226,10:51:07,16.45,--,56,92120,卖盘
2227,10:51:04,16.45,--,51,83895,卖盘
2228,10:51:01,16.45,-0.01,5,8225,卖盘
2229,10:50:58,16.46,--,14,23044,买盘
2230,10:50:52,16.46,0.01,10,16460,买盘
2231,10:50:49,16.45,-0.01,18,30054,卖盘
2232,10:50:46,16.46,--,68,112520,卖盘
2233,10:50:43,16.46,-0.01,74,121804,卖盘
2234,10:50:40,16.47,--,12,19764,买盘
2235,10:50:37,16.47,--,7,11529,买盘
2236,10:50:34,16.47,0.01,28,46116,买盘
2237,10:50:31,16.46,--,11,18106,卖盘
2238,10:50:28,16.46,-0.01,3,4938,卖盘
2239,10:50:22,16.47,0.01,14,23058,买盘
2240,10:50:19,16.46,--,4,6584,卖盘
2241,10:50:16,16.46,--,5,8230,卖盘
2242,10:50:13,16.46,--,16,26336,卖盘
2243,10:50:10,16.46,-0.01,91,150806,卖盘
2244,10:50:07,16.47,0.01,10,17705,买盘
2245,10:50:04,16.46,--,14,23044,卖盘
2246,10:50:01,16.46,--,52,85592,卖盘
2247,10:49:58,16.46,--,21,34566,卖盘
2248,10:49:51,16.46,-0.01,24,39504,卖盘
2249,10:49:48,16.47,0.01,1,1647,买盘
2250,10:49:39,16.46,--,3,4938,卖盘
2251,10:49:36,16.46,--,2,3292,卖盘
2252,10:49:33,16.46,-0.01,9,14814,卖盘
2253,10:49:24,16.47,0.01,105,172935,买盘
2254,10:49:18,16.46,--,15,24690,卖盘
2255,10:49:15,16.46,--,31,51026,卖盘
2256,10:49:09,16.46,-0.01,5,8230,卖盘
2257,10:49:06,16.47,0.01,1,1647,买盘
2258,10:49:03,16.46,-0.01,1,1646,卖盘
2259,10:49:00,16.47,0.01,6,9882,买盘
2260,10:48:51,16.46,-0.01,16,26336,卖盘
2261,10:48:48,16.47,--,20,32940,买盘
2262,10:48:45,16.47,0.01,108,177876,买盘
2263,10:48:42,16.46,-0.01,95,156370,卖盘
2264,10:48:39,16.47,0.01,1,1647,买盘
2265,10:48:27,16.46,--,73,120882,卖盘
2266,10:48:21,16.46,--,6,9876,卖盘
2267,10:48:18,16.46,--,3,5859,买盘
2268,10:48:09,16.46,--,33,54318,买盘
2269,10:48:03,16.46,-0.01,14,23768,卖盘
2270,10:48:00,16.47,0.01,7,11529,买盘
2271,10:47:57,16.46,--,4,6584,卖盘
2272,10:47:51,16.46,-0.01,5,8230,卖盘
2273,10:47:48,16.47,--,9,14822,买盘
2274,10:47:45,16.47,0.01,423,696928,买盘
2275,10:47:42,16.46,--,91,149786,卖盘
2276,10:47:36,16.46,--,3,4938,卖盘
2277,10:47:33,16.46,--,12,19752,卖盘
2278,10:47:30,16.46,--,1,1646,卖盘
2279,10:47:24,16.46,--,426,701196,卖盘
2280,10:47:21,16.46,--,91,150674,卖盘
2281,10:47:18,16.46,-0.01,17,28854,卖盘
2282,10:47:03,16.47,0.01,10,16470,买盘
2283,10:46:57,16.46,-0.01,8,13168,卖盘
2284,10:46:54,16.47,--,21,34587,买盘
2285,10:46:42,16.47,--,11,18891,卖盘
2286,10:46:39,16.47,--,10,16470,卖盘
2287,10:46:36,16.47,--,22,36234,卖盘
2288,10:46:33,16.47,--,53,87291,卖盘
2289,10:46:30,16.47,-0.01,10,16470,卖盘
2290,10:46:27,16.48,--,17,28016,买盘
2291,10:46:21,16.48,0.01,77,126896,买盘
2292,10:46:18,16.47,--,39,64232,卖盘
2293,10:46:06,16.47,--,12,19764,卖盘
2294,10:45:57,16.47,-0.02,122,200934,卖盘
2295,10:45:54,16.49,--,103,170242,卖盘
2296,10:45:51,16.49,--,72,118727,卖盘
2297,10:45:48,16.49,--,52,85747,卖盘
2298,10:45:45,16.49,-0.01,30,49469,卖盘
2299,10:45:42,16.5,0.01,8,13200,买盘
2300,10:45:39,16.49,--,42,69258,卖盘
2301,10:45:36,16.49,-0.01,63,103886,卖盘
2302,10:45:33,16.5,--,177,292710,卖盘
2303,10:45:30,16.5,--,48,79200,卖盘
2304,10:45:27,16.5,--,31,51150,卖盘
2305,10:45:24,16.5,--,227,374550,卖盘
2306,10:45:21,16.5,--,10,16500,卖盘
2307,10:45:15,16.5,--,72,118800,卖盘
2308,10:45:12,16.5,--,465,768240,买盘
2309,10:45:09,16.5,0.01,40,66000,买盘
2310,10:45:03,16.49,-0.01,97,159952,卖盘
2311,10:44:57,16.5,--,2,3300,买盘
2312,10:44:54,16.5,--,58,95700,买盘
2313,10:44:51,16.5,0.01,3,4950,买盘
2314,10:44:48,16.49,--,3,4946,卖盘
2315,10:44:45,16.49,--,43,72160,卖盘
2316,10:44:39,16.49,0.01,1,1648,卖盘
2317,10:44:36,16.48,--,121,199408,卖盘
2318,10:44:33,16.48,--,3,4944,卖盘
2319,10:44:30,16.48,-0.02,33,54384,卖盘
2320,10:44:24,16.5,0.01,131,216150,买盘
2321,10:44:21,16.49,0.01,2,3297,卖盘
2322,10:44:15,16.48,--,121,199770,卖盘
2323,10:44:06,16.48,-0.01,30,49440,卖盘
2324,10:44:03,16.49,--,5,8245,买盘
2325,10:44:00,16.49,0.01,1,1648,买盘
2326,10:43:54,16.48,-0.01,1,1648,卖盘
2327,10:43:51,16.49,--,14,23085,卖盘
2328,10:43:48,16.49,--,4,6595,卖盘
2329,10:43:45,16.49,--,28,46171,卖盘
2330,10:43:42,16.49,-0.01,47,77502,卖盘
2331,10:43:39,16.5,0.01,1,1650,买盘
2332,10:43:30,16.49,0.01,53,87396,买盘
2333,10:43:27,16.48,-0.01,10,16480,卖盘
2334,10:43:24,16.49,--,65,107184,买盘
2335,10:43:21,16.49,0.01,44,72556,买盘
2336,10:43:12,16.48,-0.02,6,9888,卖盘
2337,10:43:09,16.5,0.01,63,103950,买盘
2338,10:43:06,16.49,0.01,169,278681,卖盘
2339,10:43:03,16.48,-0.02,20,32960,卖盘
2340,10:42:51,16.5,0.01,50,82500,买盘
2341,10:42:45,16.49,--,11,19755,卖盘
2342,10:42:42,16.49,--,41,67609,卖盘
2343,10:42:39,16.49,--,23,37927,卖盘
2344,10:42:36,16.49,--,24,39575,卖盘
2345,10:42:33,16.49,-0.01,48,79151,卖盘
2346,10:42:27,16.5,0.01,162,267333,买盘
2347,10:42:21,16.49,--,4,8212,卖盘
2348,10:42:18,16.49,--,56,92376,卖盘
2349,10:42:15,16.49,0.01,144,237455,买盘
2350,10:42:06,16.48,--,651,1072848,卖盘
2351,10:42:03,16.48,-0.02,139,229072,卖盘
2352,10:42:00,16.5,0.01,29,47850,买盘
2353,10:41:57,16.49,-0.01,11,18139,中性盘
2354,10:41:51,16.5,0.02,99,163350,买盘
2355,10:41:48,16.48,--,44,72512,卖盘
2356,10:41:45,16.48,-0.02,38,62624,卖盘
2357,10:41:42,16.5,--,33,54450,买盘
2358,10:41:36,16.5,0.01,15,24750,买盘
2359,10:41:33,16.49,--,29,47820,卖盘
2360,10:41:30,16.49,--,1,1648,卖盘
2361,10:41:27,16.49,-0.01,7,11542,卖盘
2362,10:41:24,16.5,--,63,103950,买盘
2363,10:41:21,16.5,--,15,24750,买盘
2364,10:41:18,16.5,--,186,306900,买盘
2365,10:41:15,16.5,0.01,56,92400,买盘
2366,10:41:12,16.49,-0.01,46,75854,卖盘
2367,10:41:09,16.5,0.01,50,82500,买盘
2368,10:41:06,16.49,0.01,30,49469,中性盘
2369,10:41:03,16.48,-0.01,146,242190,卖盘
2370,10:41:00,16.49,--,5,8245,卖盘
2371,10:40:57,16.49,--,23,37927,卖盘
2372,10:40:54,16.49,0.01,45,74782,买盘
2373,10:40:51,16.48,-0.01,9,14832,卖盘
2374,10:40:48,16.49,--,72,118727,买盘
2375,10:40:45,16.49,--,9,14840,买盘
2376,10:40:42,16.49,0.01,7,11542,买盘
2377,10:40:39,16.48,-0.01,22,36256,卖盘
2378,10:40:36,16.49,0.01,100,164899,买盘
2379,10:40:33,16.48,--,229,377392,卖盘
2380,10:40:24,16.48,--,5,8240,卖盘
2381,10:40:21,16.48,--,60,98880,卖盘
2382,10:40:18,16.48,--,10,16480,卖盘
2383,10:40:15,16.48,--,11,18128,卖盘
2384,10:40:12,16.48,--,80,131840,买盘
2385,10:40:03,16.48,--,16,26368,买盘
2386,10:40:03,16.48,--,114,187872,买盘
2387,10:39:57,16.48,--,97,159856,买盘
2388,10:39:54,16.48,--,75,123600,买盘
2389,10:39:48,16.48,--,15,24720,买盘
2390,10:39:45,16.48,0.01,45,74160,买盘
2391,10:39:42,16.47,-0.01,77,126818,卖盘
2392,10:39:39,16.48,--,37,60976,买盘
2393,10:39:33,16.48,--,37,60976,买盘
2394,10:39:30,16.48,--,165,271920,买盘
2395,10:39:27,16.48,0.01,6,9888,买盘
2396,10:39:18,16.47,-0.01,51,83997,卖盘
2397,10:39:12,16.48,0.01,8,13184,买盘
2398,10:39:09,16.47,--,113,186111,卖盘
2399,10:39:06,16.47,--,55,90585,卖盘
2400,10:39:03,16.47,--,1,1647,卖盘
2401,10:38:57,16.47,--,343,564921,买盘
2402,10:38:54,16.47,--,3,4941,买盘
2403,10:38:51,16.47,--,10,16470,买盘
2404,10:38:48,16.47,0.01,30,49410,买盘
2405,10:38:45,16.46,-0.01,98,161308,卖盘
2406,10:38:42,16.47,--,41,68086,买盘
2407,10:38:39,16.47,--,124,204228,买盘
2408,10:38:33,16.47,0.01,25,41175,买盘
2409,10:38:27,16.46,--,1,1646,卖盘
2410,10:38:21,16.46,--,171,281466,买盘
2411,10:38:18,16.46,0.01,9,14814,买盘
2412,10:38:15,16.45,-0.01,47,77315,卖盘
2413,10:38:12,16.46,--,10,16460,买盘
2414,10:38:06,16.46,--,7,11522,买盘
2415,10:38:03,16.46,--,61,100406,买盘
2416,10:38:00,16.46,--,5,8230,买盘
2417,10:37:57,16.46,--,5,8230,买盘
2418,10:37:54,16.46,0.02,1,1646,买盘
2419,10:37:51,16.44,-0.01,102,168740,卖盘
2420,10:37:48,16.45,--,5,8225,卖盘
2421,10:37:42,16.45,--,18,29610,买盘
2422,10:37:39,16.45,--,61,100345,买盘
2423,10:37:36,16.45,--,2,3290,买盘
2424,10:37:33,16.45,--,1,1645,买盘
2425,10:37:30,16.45,0.01,32,52640,买盘
2426,10:37:27,16.44,--,49,80556,卖盘
2427,10:37:24,16.44,-0.01,7,11508,卖盘
2428,10:37:21,16.45,--,52,85540,买盘
2429,10:37:15,16.45,--,11,18095,买盘
2430,10:37:09,16.45,0.01,57,93765,买盘
2431,10:36:57,16.44,--,19,31236,买盘
2432,10:36:54,16.44,--,28,46032,买盘
2433,10:36:51,16.44,0.01,3,4932,买盘
2434,10:36:48,16.43,-0.01,14,23002,卖盘
2435,10:36:45,16.44,--,22,36168,买盘
2436,10:36:42,16.44,0.01,30,49320,买盘
2437,10:36:39,16.43,--,15,24645,卖盘
2438,10:36:36,16.43,-0.01,9,14787,卖盘
2439,10:36:33,16.44,--,26,42744,买盘
2440,10:36:30,16.44,--,22,36168,买盘
2441,10:36:24,16.44,--,5,8220,买盘
2442,10:36:21,16.44,0.01,22,36168,中性盘
2443,10:36:15,16.43,-0.01,272,446896,卖盘
2444,10:36:12,16.44,--,41,67979,卖盘
2445,10:36:09,16.44,--,8,13152,卖盘
2446,10:36:06,16.44,0.01,41,67404,买盘
2447,10:36:03,16.43,-0.02,25,41075,卖盘
2448,10:36:00,16.45,0.01,10,16450,买盘
2449,10:35:57,16.44,--,1,1644,买盘
2450,10:35:54,16.44,-0.01,209,343596,卖盘
2451,10:35:48,16.45,0.01,136,223720,买盘
2452,10:35:45,16.44,--,46,75624,卖盘
2453,10:35:42,16.44,--,2,3288,卖盘
2454,10:35:39,16.44,--,2,3288,卖盘
2455,10:35:36,16.44,-0.01,32,52608,卖盘
2456,10:35:33,16.45,0.01,25,41125,买盘
2457,10:35:24,16.44,-0.01,18,29592,卖盘
2458,10:35:21,16.45,0.02,35,57575,买盘
2459,10:35:18,16.43,--,282,464476,卖盘
2460,10:35:12,16.43,-0.01,116,190588,卖盘
2461,10:35:09,16.44,--,26,42744,卖盘
2462,10:35:06,16.44,-0.01,50,82200,卖盘
2463,10:35:03,16.45,0.01,2,3290,买盘
2464,10:34:57,16.44,--,246,404424,买盘
2465,10:34:54,16.44,--,13,21372,买盘
2466,10:34:51,16.44,--,149,245991,买盘
2467,10:34:48,16.44,--,27,44388,买盘
2468,10:34:42,16.44,-0.01,102,167688,卖盘
2469,10:34:39,16.45,--,20,32900,买盘
2470,10:34:36,16.45,0.01,145,238525,买盘
2471,10:34:33,16.44,-0.01,6,9864,卖盘
2472,10:34:30,16.45,--,91,149695,买盘
2473,10:34:24,16.45,0.02,53,87185,买盘
2474,10:34:21,16.43,-0.02,31,50933,卖盘
2475,10:34:18,16.45,0.01,91,149695,买盘
2476,10:34:15,16.44,--,3,4932,中性盘
2477,10:34:12,16.44,0.01,24,39456,中性盘
2478,10:34:03,16.43,--,60,98580,卖盘
2479,10:34:00,16.43,-0.01,12,19716,卖盘
2480,10:33:57,16.44,0.01,17,27948,买盘
2481,10:33:54,16.43,-0.01,83,136369,卖盘
2482,10:33:51,16.44,0.01,20,32880,买盘
2483,10:33:48,16.43,-0.01,5,8215,卖盘
2484,10:33:45,16.44,--,23,37812,买盘
2485,10:33:42,16.44,0.01,14,23016,买盘
2486,10:33:36,16.43,--,121,198803,卖盘
2487,10:33:33,16.43,-0.02,63,103509,卖盘
2488,10:33:30,16.45,0.01,85,139825,买盘
2489,10:33:27,16.44,0.01,83,136452,买盘
2490,10:33:24,16.43,-0.01,121,198803,卖盘
2491,10:33:21,16.44,--,10,16440,买盘
2492,10:33:18,16.44,0.01,4,6576,买盘
2493,10:33:15,16.43,--,52,86454,卖盘
2494,10:33:12,16.43,-0.01,5,8215,卖盘
2495,10:33:09,16.44,0.01,5,8220,买盘
2496,10:33:06,16.43,-0.01,1,1643,卖盘
2497,10:33:03,16.44,--,30,49320,买盘
2498,10:33:00,16.44,--,20,32880,买盘
2499,10:32:57,16.44,--,8,13152,卖盘
2500,10:32:51,16.44,--,4,6576,卖盘
2501,10:32:48,16.44,--,20,32880,卖盘
2502,10:32:45,16.44,--,41,67404,卖盘
2503,10:32:42,16.44,--,20,32880,卖盘
2504,10:32:39,16.44,--,24,39456,卖盘
2505,10:32:36,16.44,--,65,106860,卖盘
2506,10:32:33,16.44,0.01,390,641160,买盘
2507,10:32:27,16.43,--,21,34503,卖盘
2508,10:32:24,16.43,--,68,111724,卖盘
2509,10:32:21,16.43,--,26,42718,卖盘
2510,10:32:18,16.43,--,40,65720,卖盘
2511,10:32:12,16.43,--,8,13144,卖盘
2512,10:32:09,16.43,--,65,106795,卖盘
2513,10:32:03,16.43,--,35,57505,卖盘
2514,10:32:00,16.43,--,148,243755,卖盘
2515,10:31:57,16.43,--,19,31217,卖盘
2516,10:31:54,16.43,-0.01,33,54219,卖盘
2517,10:31:51,16.44,0.01,51,83844,买盘
2518,10:31:48,16.43,--,43,70911,卖盘
2519,10:31:45,16.43,--,12,19716,卖盘
2520,10:31:42,16.43,--,96,157728,卖盘
2521,10:31:39,16.43,--,1,1643,卖盘
2522,10:31:35,16.43,-0.01,74,121582,卖盘
2523,10:31:32,16.44,--,6,9864,买盘
2524,10:31:29,16.44,--,46,75624,买盘
2525,10:31:26,16.44,0.01,6,9864,买盘
2526,10:31:23,16.43,-0.01,22,36146,卖盘
2527,10:31:20,16.44,0.01,20,32880,买盘
2528,10:31:14,16.43,--,20,32860,卖盘
2529,10:31:05,16.43,-0.01,1,1643,卖盘
2530,10:31:02,16.44,--,3,4932,买盘
2531,10:30:59,16.44,0.01,2,3288,买盘
2532,10:30:56,16.43,-0.01,291,478113,卖盘
2533,10:30:50,16.44,--,35,57540,卖盘
2534,10:30:47,16.44,0.01,30,49320,中性盘
2535,10:30:44,16.43,-0.01,31,50933,卖盘
2536,10:30:41,16.44,--,11,18084,卖盘
2537,10:30:38,16.44,-0.01,68,111792,买盘
2538,10:30:32,16.45,0.01,81,133245,买盘
2539,10:30:29,16.44,0.01,44,72336,买盘
2540,10:30:23,16.43,--,26,42718,卖盘
2541,10:30:20,16.43,--,110,180730,卖盘
2542,10:30:14,16.43,-0.02,34,55862,卖盘
2543,10:30:08,16.45,0.01,76,125020,买盘
2544,10:30:05,16.44,-0.01,11,18084,中性盘
2545,10:30:02,16.45,0.02,34,55930,买盘
2546,10:29:59,16.43,-0.02,40,65769,卖盘
2547,10:29:56,16.45,0.01,14,23030,买盘
2548,10:29:53,16.44,--,13,21372,卖盘
2549,10:29:47,16.44,0.01,29,47676,中性盘
2550,10:29:41,16.43,-0.01,226,371318,卖盘
2551,10:29:38,16.44,0.01,10,16440,买盘
2552,10:29:35,16.43,-0.01,11,18073,卖盘
2553,10:29:32,16.44,0.01,9,14796,买盘
2554,10:29:29,16.43,--,50,82150,卖盘
2555,10:29:26,16.43,-0.01,16,26288,卖盘
2556,10:29:23,16.44,--,30,49320,买盘
2557,10:29:20,16.44,0.01,1,1644,买盘
2558,10:29:17,16.43,-0.02,327,537261,卖盘
2559,10:29:14,16.45,0.01,21,34545,买盘
2560,10:29:08,16.44,--,10,16440,卖盘
2561,10:29:05,16.44,-0.01,6,9864,中性盘
2562,10:28:56,16.45,0.02,708,1166222,买盘
2563,10:28:50,16.43,--,71,116653,卖盘
2564,10:28:47,16.43,--,13,21359,卖盘
2565,10:28:41,16.43,--,106,174158,卖盘
2566,10:28:38,16.43,-0.01,104,170872,卖盘
2567,10:28:35,16.44,--,4,6576,买盘
2568,10:28:32,16.44,0.01,75,123300,买盘
2569,10:28:29,16.43,--,14,23002,卖盘
2570,10:28:23,16.43,-0.01,5,8215,卖盘
2571,10:28:20,16.44,0.01,35,57540,买盘
2572,10:28:17,16.43,--,42,69006,买盘
2573,10:28:14,16.43,0.01,26,42718,买盘
2574,10:28:11,16.42,--,11,18062,卖盘
2575,10:28:08,16.42,-0.01,13,21346,卖盘
2576,10:28:05,16.43,--,14,23002,买盘
2577,10:28:02,16.43,0.01,24,39432,买盘
2578,10:27:59,16.42,-0.02,4,6568,卖盘
2579,10:27:56,16.44,--,25,41100,买盘
2580,10:27:50,16.44,0.01,60,98640,买盘
2581,10:27:47,16.43,--,83,136369,卖盘
2582,10:27:44,16.43,-0.01,73,119939,卖盘
2583,10:27:41,16.44,--,7,11508,买盘
2584,10:27:35,16.44,--,2,3288,买盘
2585,10:27:32,16.44,--,11,18084,买盘
2586,10:27:29,16.44,--,51,83844,买盘
2587,10:27:23,16.44,0.01,92,151248,买盘
2588,10:27:20,16.43,-0.01,4,6572,卖盘
2589,10:27:17,16.44,--,10,16440,买盘
2590,10:27:14,16.44,0.01,297,488268,买盘
2591,10:27:11,16.43,-0.01,13,21359,卖盘
2592,10:27:08,16.44,0.01,126,207144,买盘
2593,10:27:02,16.43,--,45,73935,卖盘
2594,10:26:59,16.43,--,17,27931,卖盘
2595,10:26:53,16.43,--,11,18073,卖盘
2596,10:26:50,16.43,-0.01,79,131374,卖盘
2597,10:26:47,16.44,--,1,1644,买盘
2598,10:26:41,16.44,0.01,13,21372,买盘
2599,10:26:38,16.43,--,14,23002,卖盘
2600,10:26:32,16.43,-0.01,1,1643,卖盘
2601,10:26:29,16.44,--,5,8220,买盘
2602,10:26:26,16.44,0.01,39,64116,买盘
2603,10:26:23,16.43,--,12,19716,买盘
2604,10:26:20,16.43,-0.01,209,344537,卖盘
2605,10:26:17,16.44,--,31,50964,买盘
2606,10:26:14,16.44,--,150,246600,买盘
2607,10:26:11,16.44,0.01,4,6576,买盘
2608,10:26:08,16.43,-0.01,402,660486,卖盘
2609,10:26:05,16.44,--,20,32880,买盘
2610,10:26:02,16.44,0.01,60,98640,买盘
2611,10:25:59,16.43,-0.01,19,31217,卖盘
2612,10:25:56,16.44,0.01,111,182516,买盘
2613,10:25:53,16.43,-0.01,16,26288,卖盘
2614,10:25:50,16.44,--,10,16440,买盘
2615,10:25:47,16.44,0.01,48,78912,买盘
2616,10:25:44,16.43,--,51,83793,卖盘
2617,10:25:35,16.43,--,406,667058,卖盘
2618,10:25:26,16.43,--,184,302772,买盘
2619,10:25:23,16.43,--,44,72292,买盘
2620,10:25:20,16.43,--,118,193874,买盘
2621,10:25:14,16.43,--,8,13144,买盘
2622,10:25:11,16.43,--,67,110081,买盘
2623,10:25:05,16.43,--,9,14787,买盘
2624,10:25:02,16.43,--,67,110081,买盘
2625,10:24:56,16.43,--,16,26288,买盘
2626,10:24:50,16.43,--,29,47647,买盘
2627,10:24:47,16.43,--,49,81689,卖盘
2628,10:24:44,16.43,-0.01,89,146227,卖盘
2629,10:24:41,16.44,--,12,19728,买盘
2630,10:24:38,16.44,0.01,44,72336,买盘
2631,10:24:35,16.43,-0.01,70,115010,卖盘
2632,10:24:32,16.44,0.01,12,19728,买盘
2633,10:24:29,16.43,-0.01,70,115010,卖盘
2634,10:24:26,16.44,--,27,44388,买盘
2635,10:24:20,16.44,0.01,6,9864,买盘
2636,10:24:17,16.43,-0.01,18,29574,卖盘
2637,10:24:11,16.44,--,3,4932,买盘
2638,10:24:08,16.44,0.01,75,123300,买盘
2639,10:24:05,16.43,--,6,9858,卖盘
2640,10:24:02,16.43,-0.02,24,39432,卖盘
2641,10:23:59,16.45,0.02,20,32900,买盘
2642,10:23:56,16.43,--,1,1643,卖盘
2643,10:23:53,16.43,--,48,78864,卖盘
2644,10:23:47,16.43,-0.01,56,92468,卖盘
2645,10:23:44,16.44,0.01,88,144672,买盘
2646,10:23:41,16.43,-0.01,6,9858,卖盘
2647,10:23:38,16.44,--,1,1644,买盘
2648,10:23:35,16.44,--,31,50964,买盘
2649,10:23:32,16.44,--,106,174264,买盘
2650,10:23:29,16.44,--,22,36168,买盘
2651,10:23:26,16.44,0.01,50,82200,买盘
2652,10:23:23,16.43,--,1,1643,卖盘
2653,10:23:20,16.43,--,48,78864,卖盘
2654,10:23:17,16.43,--,10,16430,卖盘
2655,10:23:11,16.43,-0.01,38,62434,中性盘
2656,10:23:08,16.44,0.01,72,118368,买盘
2657,10:23:05,16.43,0.01,39,64077,买盘
2658,10:23:02,16.42,-0.02,51,83742,卖盘
2659,10:22:59,16.44,--,13,21372,买盘
2660,10:22:56,16.44,--,22,36168,买盘
2661,10:22:53,16.44,0.01,95,156180,买盘
2662,10:22:50,16.43,-0.01,177,291961,卖盘
2663,10:22:44,16.44,--,15,24660,买盘
2664,10:22:41,16.44,0.01,13,21372,买盘
2665,10:22:35,16.43,-0.01,118,193874,卖盘
2666,10:22:32,16.44,0.01,18,29592,买盘
2667,10:22:29,16.43,-0.01,24,39432,卖盘
2668,10:22:26,16.44,--,5,8220,买盘
2669,10:22:23,16.44,--,16,26304,买盘
2670,10:22:20,16.44,0.02,41,67404,买盘
2671,10:22:17,16.42,-0.01,1174,1927708,卖盘
2672,10:22:14,16.43,--,35,57505,卖盘
2673,10:22:05,16.43,--,3,4929,卖盘
2674,10:22:02,16.43,--,61,100223,卖盘
2675,10:21:59,16.43,--,23,37789,买盘
2676,10:21:56,16.43,--,23,37789,买盘
2677,10:21:50,16.43,0.01,391,642413,买盘
2678,10:21:44,16.42,--,397,651874,卖盘
2679,10:21:32,16.42,--,100,165415,买盘
2680,10:21:29,16.42,0.01,292,479464,买盘
2681,10:21:26,16.41,-0.01,64,105024,卖盘
2682,10:21:23,16.42,--,126,206892,买盘
2683,10:21:17,16.42,--,30,49260,买盘
2684,10:21:14,16.42,0.01,13,21346,买盘
2685,10:21:08,16.41,--,12,19692,卖盘
2686,10:21:05,16.41,-0.01,134,221141,卖盘
2687,10:21:02,16.42,0.01,7,11494,买盘
2688,10:20:56,16.41,-0.01,9,14769,卖盘
2689,10:20:53,16.42,--,3,4926,买盘
2690,10:20:47,16.42,0.01,22,36124,买盘
2691,10:20:44,16.41,-0.01,63,103383,卖盘
2692,10:20:41,16.42,0.01,10,16420,买盘
2693,10:20:38,16.41,-0.01,27,44307,卖盘
2694,10:20:35,16.42,0.02,20,32840,买盘
2695,10:20:29,16.4,-0.01,46,75440,卖盘
2696,10:20:26,16.41,--,14,22974,卖盘
2697,10:20:23,16.41,--,74,121434,卖盘
2698,10:20:20,16.41,--,5,8205,卖盘
2699,10:20:14,16.41,0.01,104,170664,买盘
2700,10:20:11,16.4,-0.01,26,42639,卖盘
2701,10:20:08,16.41,--,12,19692,买盘
2702,10:20:05,16.41,0.01,33,54153,买盘
2703,10:20:02,16.4,-0.01,14,22959,卖盘
2704,10:19:59,16.41,--,22,36102,买盘
2705,10:19:56,16.41,0.01,138,226819,买盘
2706,10:19:53,16.4,--,204,334560,卖盘
2707,10:19:47,16.4,--,92,151536,买盘
2708,10:19:44,16.4,--,47,77080,买盘
2709,10:19:41,16.4,0.01,78,127919,买盘
2710,10:19:38,16.39,--,155,254045,卖盘
2711,10:19:35,16.39,--,120,196680,卖盘
2712,10:19:32,16.39,--,62,101618,卖盘
2713,10:19:29,16.39,--,121,198319,卖盘
2714,10:19:26,16.39,-0.01,484,793276,卖盘
2715,10:19:23,16.4,0.01,85,139400,买盘
2716,10:19:20,16.39,--,16,26224,卖盘
2717,10:19:17,16.39,--,35,57365,卖盘
2718,10:19:14,16.39,--,93,152427,卖盘
2719,10:19:11,16.39,--,272,445808,卖盘
2720,10:19:08,16.39,-0.01,26,42614,卖盘
2721,10:19:05,16.4,0.01,89,145960,买盘
2722,10:19:02,16.39,--,103,168817,卖盘
2723,10:18:59,16.39,--,52,85228,卖盘
2724,10:18:56,16.39,--,49,80311,卖盘
2725,10:18:53,16.39,--,72,118008,卖盘
2726,10:18:50,16.39,--,47,77033,卖盘
2727,10:18:47,16.39,--,241,394999,买盘
2728,10:18:44,16.39,--,151,247489,买盘
2729,10:18:38,16.39,--,31,50809,买盘
2730,10:18:35,16.39,--,140,229460,买盘
2731,10:18:32,16.39,--,60,98340,买盘
2732,10:18:29,16.39,--,57,93423,买盘
2733,10:18:26,16.39,--,307,503173,卖盘
2734,10:18:23,16.39,--,68,111452,卖盘
2735,10:18:20,16.39,--,52,85228,卖盘
2736,10:18:17,16.39,--,222,363858,卖盘
2737,10:18:14,16.39,-0.01,232,380248,卖盘
2738,10:18:08,16.4,--,30,49199,买盘
2739,10:18:05,16.4,0.01,98,160720,买盘
2740,10:18:02,16.39,--,56,91784,卖盘
2741,10:17:59,16.39,-0.01,134,219626,卖盘
2742,10:17:56,16.4,--,167,273880,买盘
2743,10:17:50,16.4,--,42,68880,买盘
2744,10:17:50,16.4,0.01,131,214839,买盘
2745,10:17:44,16.39,-0.02,85,140298,卖盘
2746,10:17:41,16.41,0.01,72,118152,买盘
2747,10:17:38,16.4,--,132,216479,卖盘
2748,10:17:35,16.4,--,43,70520,卖盘
2749,10:17:29,16.4,--,53,86919,卖盘
2750,10:17:23,16.4,-0.01,322,528736,卖盘
2751,10:17:20,16.41,--,154,252714,买盘
2752,10:17:17,16.41,--,47,77127,买盘
2753,10:17:14,16.41,-0.01,161,264201,买盘
2754,10:17:11,16.42,0.01,732,1201944,买盘
2755,10:17:08,16.41,-0.01,56,91896,卖盘
2756,10:17:05,16.42,0.01,18,29556,买盘
2757,10:17:02,16.41,--,18,29538,卖盘
2758,10:16:59,16.41,-0.01,40,65640,卖盘
2759,10:16:56,16.42,0.01,28,45976,买盘
2760,10:16:53,16.41,--,33,54153,卖盘
2761,10:16:50,16.41,-0.01,57,93537,卖盘
2762,10:16:47,16.42,--,25,41476,卖盘
2763,10:16:44,16.42,--,617,1013508,卖盘
2764,10:16:41,16.42,--,38,62396,卖盘
2765,10:16:38,16.42,--,5,8210,卖盘
2766,10:16:35,16.42,-0.01,49,80458,卖盘
2767,10:16:32,16.43,--,15,24645,买盘
2768,10:16:29,16.43,--,31,50933,买盘
2769,10:16:26,16.43,--,73,119939,买盘
2770,10:16:20,16.43,--,63,103509,卖盘
2771,10:16:17,16.43,-0.01,363,596409,卖盘
2772,10:16:14,16.44,--,30,49320,买盘
2773,10:16:11,16.44,0.01,6,9864,买盘
2774,10:16:08,16.43,--,103,169229,卖盘
2775,10:16:05,16.43,-0.01,56,92008,卖盘
2776,10:16:02,16.44,0.01,122,200568,买盘
2777,10:15:59,16.43,-0.01,131,215233,卖盘
2778,10:15:56,16.44,--,313,514572,卖盘
2779,10:15:53,16.44,--,469,771036,卖盘
2780,10:15:44,16.44,--,145,238380,卖盘
2781,10:15:41,16.44,--,96,157824,卖盘
2782,10:15:38,16.44,--,233,383052,卖盘
2783,10:15:35,16.44,--,57,93708,卖盘
2784,10:15:32,16.44,-0.01,8,13152,卖盘
2785,10:15:29,16.45,--,6,9870,买盘
2786,10:15:26,16.45,-0.01,759,1248818,卖盘
2787,10:15:17,16.46,--,629,1036716,买盘
2788,10:15:14,16.46,0.01,100,164600,买盘
2789,10:15:11,16.45,-0.01,171,281295,卖盘
2790,10:15:08,16.46,0.01,42,69132,买盘
2791,10:15:05,16.45,--,11,18095,卖盘
2792,10:15:02,16.45,-0.01,13,21385,卖盘
2793,10:14:59,16.46,0.01,20,32920,买盘
2794,10:14:56,16.45,-0.01,1,1645,卖盘
2795,10:14:53,16.46,--,98,162196,卖盘
2796,10:14:50,16.46,-0.01,100,164600,卖盘
2797,10:14:47,16.47,0.01,24,39528,买盘
2798,10:14:44,16.46,--,690,1135740,卖盘
2799,10:14:41,16.46,-0.01,19,31274,卖盘
2800,10:14:38,16.47,0.01,14,23058,买盘
