,time,price,change,volume,amount,type
0,15:00:00,4.33,--,0,0,卖盘
1,14:59:59,4.33,--,0,0,卖盘
2,14:59:53,4.33,--,42,18186,卖盘
3,14:59:47,4.33,-0.01,81,35073,卖盘
4,14:59:38,4.34,--,20,8680,买盘
5,14:59:32,4.34,0.02,101,43834,买盘
6,14:59:27,4.32,-0.02,20,8640,卖盘
7,14:59:23,4.34,0.02,636,276024,买盘
8,14:59:17,4.32,--,28,12096,卖盘
9,14:59:12,4.32,--,10,4320,卖盘
10,14:59:08,4.32,--,2516,1086912,买盘
11,14:59:02,4.32,--,100,43200,买盘
12,14:58:53,4.32,--,23,9936,买盘
13,14:58:47,4.32,--,802,346464,卖盘
14,14:58:42,4.32,--,140,60480,卖盘
15,14:58:38,4.32,--,100,43200,卖盘
16,14:58:27,4.32,--,48,20736,买盘
17,14:58:23,4.32,--,129,55728,买盘
18,14:58:17,4.32,--,6,2592,买盘
19,14:58:02,4.32,--,160,69120,卖盘
20,14:57:53,4.32,--,59,25488,买盘
21,14:57:47,4.32,--,96,41472,卖盘
22,14:57:42,4.32,--,100,43200,卖盘
23,14:57:32,4.32,--,20,8640,卖盘
24,14:57:27,4.32,--,226,97632,卖盘
25,14:57:23,4.32,-0.01,5,2160,卖盘
26,14:57:17,4.33,0.01,92,39836,买盘
27,14:57:12,4.32,--,1500,648000,卖盘
28,14:57:08,4.32,--,80,34560,卖盘
29,14:57:02,4.32,-0.01,3,1296,卖盘
30,14:56:57,4.33,--,11,4763,买盘
31,14:56:53,4.33,0.01,43,18619,买盘
32,14:56:47,4.32,-0.01,419,181008,卖盘
33,14:56:42,4.33,--,100,43300,买盘
34,14:56:38,4.33,--,3,1299,买盘
35,14:56:17,4.33,--,5,2165,买盘
36,14:56:02,4.33,--,1,433,买盘
37,14:55:57,4.33,--,6,2598,买盘
38,14:55:47,4.33,0.01,2,866,买盘
39,14:55:42,4.32,-0.01,62,26784,卖盘
40,14:55:22,4.33,0.01,10,4330,买盘
41,14:55:12,4.32,-0.01,61,26352,卖盘
42,14:55:07,4.33,--,6,2598,买盘
43,14:55:02,4.33,--,40,17320,买盘
44,14:54:57,4.33,--,14,6062,卖盘
45,14:54:47,4.33,--,5,2165,卖盘
46,14:54:42,4.33,--,8,3464,卖盘
47,14:54:36,4.33,--,30,12990,卖盘
48,14:54:32,4.33,--,91,39403,买盘
49,14:54:21,4.33,--,5,2165,买盘
50,14:54:17,4.33,0.01,352,152416,买盘
51,14:54:12,4.32,-0.01,27,11664,卖盘
52,14:54:02,4.33,--,10,4330,买盘
53,14:53:57,4.33,--,1294,560302,卖盘
54,14:53:51,4.33,--,50,21650,卖盘
55,14:53:41,4.33,--,7,3031,卖盘
56,14:53:26,4.33,-0.01,7,3031,卖盘
57,14:53:17,4.34,0.01,6,2604,买盘
58,14:53:11,4.33,-0.01,950,411350,卖盘
59,14:52:47,4.34,--,39,16926,买盘
60,14:52:32,4.34,0.01,21,9114,买盘
61,14:52:26,4.33,-0.01,40,17320,卖盘
62,14:52:17,4.34,0.01,4,1736,买盘
63,14:52:11,4.33,--,4,1732,卖盘
64,14:51:56,4.33,--,10,4330,卖盘
65,14:51:51,4.33,-0.01,15,6495,卖盘
66,14:51:41,4.34,0.01,10,4340,买盘
67,14:51:26,4.33,-0.01,68,29444,卖盘
68,14:51:17,4.34,0.01,13,5642,买盘
69,14:51:11,4.33,--,100,43300,卖盘
70,14:50:47,4.33,--,13,5629,卖盘
71,14:50:41,4.33,-0.01,24,10392,卖盘
72,14:50:36,4.34,0.01,25,10850,买盘
73,14:50:26,4.33,--,1402,607066,卖盘
74,14:50:21,4.33,--,10,4330,卖盘
75,14:50:16,4.33,-0.01,5,2165,卖盘
76,14:50:11,4.34,--,4,1736,买盘
77,14:50:01,4.34,0.01,55,23870,买盘
78,14:49:56,4.33,--,60,25980,卖盘
79,14:49:51,4.33,0.01,38,16454,买盘
80,14:49:46,4.32,-0.01,25,10800,卖盘
81,14:49:36,4.33,0.01,4,1732,买盘
82,14:49:11,4.32,-0.01,31,13392,卖盘
83,14:49:06,4.33,--,28,12124,买盘
84,14:48:36,4.33,-0.01,34,14722,卖盘
85,14:48:26,4.34,0.01,5,2170,买盘
86,14:48:21,4.33,--,600,259800,卖盘
87,14:48:16,4.33,--,25,10825,卖盘
88,14:48:11,4.33,--,2,866,卖盘
89,14:48:06,4.33,--,49,21217,卖盘
90,14:48:00,4.33,--,2,866,卖盘
91,14:47:51,4.33,--,16,6928,卖盘
92,14:47:35,4.33,--,2,866,卖盘
93,14:47:11,4.33,--,44,19052,卖盘
94,14:47:05,4.33,--,28,12124,卖盘
95,14:46:56,4.33,--,14,6062,卖盘
96,14:46:41,4.33,-0.01,21,9093,卖盘
97,14:46:26,4.34,0.01,101,43834,买盘
98,14:46:11,4.33,-0.01,3,1299,卖盘
99,14:46:05,4.34,--,12,5208,买盘
100,14:45:56,4.34,--,50,21700,买盘
101,14:45:15,4.34,0.01,4,1736,买盘
102,14:45:11,4.33,--,8,3464,卖盘
103,14:45:05,4.33,--,187,80971,卖盘
104,14:45:00,4.33,--,43,18619,买盘
105,14:44:50,4.33,--,5,2165,买盘
106,14:44:45,4.33,--,2,866,买盘
107,14:44:30,4.33,--,5,2165,买盘
108,14:44:26,4.33,-0.01,6,2598,买盘
109,14:44:20,4.34,0.01,500,217000,买盘
110,14:44:15,4.33,--,1,433,买盘
111,14:44:10,4.33,--,5,2165,买盘
112,14:44:05,4.33,--,2,866,买盘
113,14:44:00,4.33,--,54,23382,买盘
114,14:43:45,4.33,-0.01,2,866,卖盘
115,14:43:35,4.34,--,116,50344,买盘
116,14:43:30,4.34,--,100,43400,买盘
117,14:43:25,4.34,--,20,8680,买盘
118,14:43:15,4.34,0.01,400,173600,买盘
119,14:43:10,4.33,-0.01,2,866,卖盘
120,14:43:05,4.34,--,10,4340,买盘
121,14:43:00,4.34,--,54,23436,买盘
122,14:42:55,4.34,--,659,286006,买盘
123,14:42:45,4.34,0.01,1014,440076,买盘
124,14:42:35,4.33,--,1201,520033,卖盘
125,14:42:20,4.33,--,58,25114,卖盘
126,14:42:15,4.33,0.01,878,380174,买盘
127,14:42:10,4.32,--,12,5184,卖盘
128,14:42:00,4.32,--,21,9072,卖盘
129,14:41:50,4.32,--,21,9072,卖盘
130,14:41:14,4.32,--,2,864,卖盘
131,14:41:10,4.32,0.01,2,864,卖盘
132,14:41:05,4.31,--,0,0,卖盘
133,14:40:54,4.31,-0.01,7,3016,卖盘
134,14:40:29,4.32,-0.02,7,3024,卖盘
135,14:40:19,4.34,--,200,86800,买盘
136,14:40:14,4.34,--,8,3472,买盘
137,14:40:09,4.34,0.01,210,91140,买盘
138,14:39:50,4.33,--,50,21650,卖盘
139,14:39:44,4.33,--,19,8227,卖盘
140,14:39:39,4.33,--,21,9093,卖盘
141,14:39:34,4.33,--,188,81404,买盘
142,14:39:14,4.33,0.02,2117,916661,买盘
143,14:39:09,4.31,-0.01,3,1292,卖盘
144,14:39:04,4.32,--,200,86400,买盘
145,14:38:59,4.32,-0.01,3,1296,买盘
146,14:38:34,4.33,0.01,50,21650,买盘
147,14:38:29,4.32,--,24,10368,卖盘
148,14:38:24,4.32,--,7,3024,卖盘
149,14:38:19,4.32,--,10,4320,卖盘
150,14:38:09,4.32,--,2,864,卖盘
151,14:37:59,4.32,--,7,3024,卖盘
152,14:37:49,4.32,-0.01,7,3024,卖盘
153,14:37:44,4.33,0.01,10,4330,买盘
154,14:37:34,4.32,--,12,5184,卖盘
155,14:37:29,4.32,--,100,43200,卖盘
156,14:37:19,4.32,--,52,22464,卖盘
157,14:37:09,4.32,-0.01,2,864,卖盘
158,14:36:49,4.33,0.01,274,118642,买盘
159,14:36:39,4.32,0.01,923,398736,买盘
160,14:36:09,4.31,--,2,861,卖盘
161,14:35:59,4.31,--,38,16377,卖盘
162,14:35:49,4.31,--,1,430,卖盘
163,14:35:34,4.31,--,30,12929,卖盘
164,14:35:23,4.31,--,5,2155,卖盘
165,14:35:19,4.31,--,21,9051,卖盘
166,14:35:14,4.31,--,15,6464,卖盘
167,14:35:08,4.31,--,2,861,卖盘
168,14:35:04,4.31,--,315,135765,卖盘
169,14:34:59,4.31,--,260,112064,买盘
170,14:34:53,4.31,0.01,1,430,买盘
171,14:34:49,4.3,--,100,43000,卖盘
172,14:34:38,4.3,-0.01,500,215000,卖盘
173,14:34:19,4.31,--,314,135760,卖盘
174,14:34:14,4.31,--,71,30600,卖盘
175,14:34:08,4.31,--,17,7326,卖盘
176,14:33:59,4.31,--,121,52150,卖盘
177,14:33:38,4.31,--,19,8188,卖盘
178,14:33:28,4.31,-0.01,184,79304,卖盘
179,14:33:23,4.32,--,1001,432432,卖盘
180,14:33:18,4.32,--,10,4320,卖盘
181,14:33:13,4.32,--,116,50112,卖盘
182,14:33:08,4.32,0.01,1009,435888,买盘
183,14:32:43,4.31,--,118,50857,卖盘
184,14:32:38,4.31,--,21,9051,卖盘
185,14:32:28,4.31,--,300,129299,卖盘
186,14:32:08,4.31,-0.01,2,861,卖盘
187,14:31:58,4.32,-0.01,2,864,卖盘
188,14:31:28,4.33,--,202,87466,卖盘
189,14:31:23,4.33,--,200,86600,卖盘
190,14:31:13,4.33,--,179,77507,卖盘
191,14:31:08,4.33,--,3,1299,卖盘
192,14:31:03,4.33,--,250,108250,卖盘
193,14:30:58,4.33,0.02,1173,507909,买盘
194,14:30:53,4.31,--,7,3016,卖盘
195,14:30:43,4.31,--,176,75856,卖盘
196,14:30:38,4.31,--,80,34480,卖盘
197,14:30:28,4.31,--,27,11636,卖盘
198,14:30:23,4.31,--,73,31462,卖盘
199,14:30:18,4.31,--,7,3016,卖盘
200,14:30:13,4.31,-0.01,7,3016,卖盘
201,14:30:08,4.32,--,787,339984,卖盘
202,14:29:58,4.32,--,50,21600,卖盘
203,14:29:48,4.32,--,101,43632,卖盘
204,14:29:43,4.32,--,10,4320,卖盘
205,14:29:38,4.32,-0.01,30,12960,卖盘
206,14:29:13,4.33,--,49,21217,卖盘
207,14:29:08,4.33,--,2216,959528,卖盘
208,14:29:02,4.33,--,207,89631,卖盘
209,14:28:58,4.33,--,100,43300,卖盘
210,14:28:38,4.33,--,500,216500,卖盘
211,14:28:32,4.33,--,4,1732,卖盘
212,14:28:23,4.33,-0.01,54,23382,卖盘
213,14:28:13,4.34,0.01,2,868,买盘
214,14:28:08,4.33,--,2,866,卖盘
215,14:27:53,4.33,--,14,6062,卖盘
216,14:27:38,4.33,--,104,45032,卖盘
217,14:27:32,4.33,--,3,1299,卖盘
218,14:27:17,4.33,0.01,234,101322,买盘
219,14:27:12,4.32,--,56,24192,买盘
220,14:27:02,4.32,--,37,15984,卖盘
221,14:26:57,4.32,--,7,3024,卖盘
222,14:26:17,4.32,--,32,13824,卖盘
223,14:26:02,4.32,--,51,22032,卖盘
224,14:25:37,4.32,-0.01,51,22032,卖盘
225,14:25:32,4.33,0.01,5,2165,买盘
226,14:25:17,4.32,-0.01,2,864,卖盘
227,14:24:57,4.33,--,0,0,中性盘
228,14:24:52,4.33,--,0,0,买盘
229,14:24:47,4.33,--,8,3464,买盘
230,14:24:37,4.33,0.02,16,6928,买盘
231,14:24:27,4.31,--,0,0,卖盘
232,14:24:17,4.31,-0.02,2,861,卖盘
233,14:24:07,4.33,-0.01,48,20784,卖盘
234,14:23:32,4.34,0.01,17,7378,买盘
235,14:23:17,4.33,-0.01,2,866,卖盘
236,14:22:56,4.34,--,511,221774,卖盘
237,14:22:52,4.34,--,53,23002,卖盘
238,14:22:47,4.34,--,42,18228,卖盘
239,14:22:41,4.34,--,31,13454,卖盘
240,14:22:37,4.34,--,551,239134,卖盘
241,14:22:26,4.34,--,200,86800,卖盘
242,14:22:17,4.34,-0.01,112,48608,卖盘
243,14:22:11,4.35,0.01,5,2175,买盘
244,14:22:02,4.34,--,512,222208,买盘
245,14:21:52,4.34,--,16,6944,卖盘
246,14:21:47,4.34,--,20,8680,卖盘
247,14:21:41,4.34,--,605,262570,卖盘
248,14:21:32,4.34,0.02,1359,589806,买盘
249,14:21:26,4.32,0.01,5,2160,买盘
250,14:21:17,4.31,-0.03,2,861,卖盘
251,14:21:06,4.34,--,0,0,买盘
252,14:21:02,4.34,--,0,0,买盘
253,14:20:36,4.34,--,0,0,买盘
254,14:20:17,4.34,-0.01,1631,707854,卖盘
255,14:20:11,4.35,--,210,91349,买盘
256,14:19:56,4.35,0.01,2,869,买盘
257,14:19:51,4.34,--,5,2170,卖盘
258,14:19:46,4.34,--,7,3038,卖盘
259,14:19:41,4.34,--,13,5642,卖盘
260,14:19:36,4.34,0.03,1370,594580,买盘
261,14:19:16,4.31,--,62,26721,卖盘
262,14:19:11,4.31,-0.01,25,10774,卖盘
263,14:18:56,4.32,--,125,54000,买盘
264,14:18:41,4.32,0.01,156,67392,买盘
265,14:18:31,4.31,-0.01,30,12929,卖盘
266,14:18:26,4.32,0.01,300,129600,买盘
267,14:18:16,4.31,--,2,861,卖盘
268,14:18:11,4.31,--,2,861,卖盘
269,14:18:06,4.31,--,52,22411,卖盘
270,14:17:56,4.31,--,10,4310,卖盘
271,14:17:51,4.31,--,0,4,卖盘
272,14:17:41,4.31,--,8,3447,买盘
273,14:17:36,4.31,--,31,13360,买盘
274,14:17:26,4.31,0.01,15,6464,买盘
275,14:17:16,4.3,--,3,1290,卖盘
276,14:17:11,4.3,-0.01,105,45150,卖盘
277,14:17:06,4.31,0.01,11,4741,买盘
278,14:16:56,4.3,--,50,21500,卖盘
279,14:16:46,4.3,--,20,8600,卖盘
280,14:16:31,4.3,-0.01,1000,430000,卖盘
281,14:16:26,4.31,0.01,181,78011,买盘
282,14:16:16,4.3,-0.01,27,11610,卖盘
283,14:16:11,4.31,0.01,111,47840,买盘
284,14:16:01,4.3,--,8,3440,卖盘
285,14:15:50,4.3,--,56,24080,买盘
286,14:15:46,4.3,--,16,6880,买盘
287,14:15:41,4.3,--,112,48160,买盘
288,14:15:31,4.3,--,17,7310,买盘
289,14:15:26,4.3,0.01,13,5590,买盘
290,14:15:20,4.29,--,2,858,卖盘
291,14:15:16,4.29,-0.01,95,40755,卖盘
292,14:15:11,4.3,0.01,100,43000,买盘
293,14:15:05,4.29,-0.01,52,22308,卖盘
294,14:15:01,4.3,--,72,30960,买盘
295,14:14:56,4.3,--,200,86000,买盘
296,14:14:46,4.3,0.01,14,6020,买盘
297,14:14:41,4.29,--,1,429,卖盘
298,14:14:35,4.29,--,2,858,卖盘
299,14:14:20,4.29,-0.01,9,3861,卖盘
300,14:14:05,4.3,--,68,29240,卖盘
301,14:13:56,4.3,--,425,182750,卖盘
302,14:13:50,4.3,-0.01,7,3010,卖盘
303,14:13:35,4.31,--,55,23704,卖盘
304,14:13:25,4.31,--,7,3016,卖盘
305,14:13:20,4.31,--,13,5602,卖盘
306,14:13:10,4.31,--,0,0,卖盘
307,14:13:05,4.31,-0.01,1000,430999,卖盘
308,14:12:55,4.32,--,20,8640,卖盘
309,14:12:50,4.32,--,10,4320,卖盘
310,14:12:35,4.32,--,112,48384,卖盘
311,14:12:30,4.32,--,20,8640,卖盘
312,14:12:20,4.32,-0.01,9,3888,卖盘
313,14:12:15,4.33,--,14,6062,买盘
314,14:12:10,4.33,--,127,54991,卖盘
315,14:12:05,4.33,-0.01,66,28578,卖盘
316,14:11:55,4.34,--,25,10850,卖盘
317,14:11:50,4.34,--,280,121520,卖盘
318,14:11:40,4.34,--,171,74214,卖盘
319,14:11:30,4.34,--,20,8680,卖盘
320,14:11:25,4.34,--,60,26040,卖盘
321,14:11:20,4.34,--,2,868,卖盘
322,14:11:15,4.34,--,105,45570,卖盘
323,14:11:10,4.34,--,35,15190,卖盘
324,14:10:34,4.34,-0.01,52,22568,卖盘
325,14:10:19,4.35,0.01,248,107879,买盘
326,14:09:49,4.34,--,20,8680,卖盘
327,14:09:43,4.34,0.01,242,105028,买盘
328,14:09:34,4.33,--,2,866,卖盘
329,14:09:19,4.33,-0.01,2,866,卖盘
330,14:09:04,4.34,--,262,113708,买盘
331,14:08:34,4.34,--,4,1736,买盘
332,14:08:28,4.34,0.01,1,434,买盘
333,14:08:19,4.33,-0.01,42,18186,卖盘
334,14:08:13,4.34,--,853,370202,卖盘
335,14:07:49,4.34,--,99,42966,卖盘
336,14:07:34,4.34,--,51,22134,卖盘
337,14:07:28,4.34,0.01,221,95914,买盘
338,14:07:19,4.33,-0.01,2,866,卖盘
339,14:07:04,4.34,0.01,1,434,买盘
340,14:06:58,4.33,-0.01,31,13423,卖盘
341,14:06:49,4.34,--,3,1302,买盘
342,14:06:43,4.34,--,32,13888,买盘
343,14:06:28,4.34,0.01,66,28644,买盘
344,14:06:19,4.33,-0.01,2,866,卖盘
345,14:06:04,4.34,--,163,70742,卖盘
346,14:05:58,4.34,--,6,2604,卖盘
347,14:05:49,4.34,0.01,52,22568,买盘
348,14:05:43,4.33,-0.01,22,9526,卖盘
349,14:05:34,4.34,0.01,13,5642,买盘
350,14:05:19,4.33,-0.02,2,866,卖盘
351,14:04:58,4.35,--,0,0,买盘
352,14:04:54,4.35,0.01,405,176175,买盘
353,14:04:49,4.34,--,3,1302,卖盘
354,14:04:43,4.34,--,610,264740,卖盘
355,14:04:39,4.34,--,180,78120,卖盘
356,14:04:34,4.34,-0.01,70,30380,卖盘
357,14:04:19,4.35,0.01,202,87870,买盘
358,14:04:13,4.34,--,3,1302,卖盘
359,14:04:04,4.34,-0.01,43,18662,卖盘
360,14:03:54,4.35,0.01,30,13049,买盘
361,14:03:49,4.34,--,52,22568,卖盘
362,14:03:38,4.34,--,10,4340,卖盘
363,14:03:34,4.34,--,10,4340,卖盘
364,14:03:28,4.34,-0.01,355,154070,卖盘
365,14:03:22,4.35,0.01,350,152250,买盘
366,14:03:19,4.34,-0.01,52,22568,卖盘
367,14:03:13,4.35,0.01,31,13484,买盘
368,14:03:04,4.34,--,115,49910,卖盘
369,14:02:49,4.34,--,269,116746,买盘
370,14:02:43,4.34,--,100,43400,买盘
371,14:02:34,4.34,0.01,1916,831544,买盘
372,14:02:22,4.33,--,400,173200,卖盘
373,14:02:19,4.33,-0.01,30,12990,卖盘
374,14:02:13,4.34,-0.01,100,43400,卖盘
375,14:02:04,4.35,--,10,4350,买盘
376,14:01:58,4.35,0.01,89,38715,买盘
377,14:01:52,4.34,-0.01,50,21700,中性盘
378,14:01:43,4.35,0.02,729,317115,买盘
379,14:01:34,4.33,--,51,22083,卖盘
380,14:01:19,4.33,-0.02,9,3897,卖盘
381,14:01:13,4.35,-0.01,566,246209,卖盘
382,14:01:07,4.36,--,100,43600,卖盘
383,14:00:58,4.36,0.01,55,23980,买盘
384,14:00:52,4.35,--,7,3044,卖盘
385,14:00:49,4.35,-0.02,196,85260,卖盘
386,14:00:43,4.37,0.01,2278,995486,买盘
387,14:00:37,4.36,-0.01,104,45344,卖盘
388,14:00:33,4.37,--,191,83467,卖盘
389,14:00:28,4.37,--,586,256082,卖盘
390,14:00:22,4.37,0.01,620,270940,买盘
391,14:00:19,4.36,-0.02,60,26160,卖盘
392,14:00:13,4.38,--,2693,1179534,买盘
393,14:00:07,4.38,0.01,1601,701238,买盘
394,14:00:03,4.37,-0.01,51,22287,卖盘
395,13:59:58,4.38,0.01,86,37668,买盘
396,13:59:52,4.37,-0.01,147,64239,卖盘
397,13:59:48,4.38,--,446,195348,买盘
398,13:59:37,4.38,0.01,14,6132,买盘
399,13:59:28,4.37,-0.01,177,77349,卖盘
400,13:59:22,4.38,0.01,2379,1042002,买盘
401,13:59:18,4.37,--,107,46759,卖盘
402,13:59:13,4.37,--,60,26220,卖盘
403,13:59:07,4.37,--,233,101821,卖盘
404,13:59:03,4.37,--,263,114931,卖盘
405,13:58:58,4.37,--,2030,887110,卖盘
406,13:58:52,4.37,0.01,1153,503861,买盘
407,13:58:48,4.36,--,200,87200,买盘
408,13:58:43,4.36,--,441,192276,买盘
409,13:58:37,4.36,-0.01,96,41856,卖盘
410,13:58:33,4.37,--,897,391989,买盘
411,13:58:28,4.37,--,1055,461035,买盘
412,13:58:22,4.37,0.01,221,96577,买盘
413,13:58:18,4.36,-0.01,467,203612,卖盘
414,13:58:13,4.37,--,176,76912,买盘
415,13:58:07,4.37,0.02,30,13110,买盘
416,13:58:03,4.35,--,0,0,卖盘
417,13:57:52,4.35,--,89,39115,买盘
418,13:57:43,4.35,--,4403,1915304,买盘
419,13:57:37,4.35,--,487,211844,买盘
420,13:57:32,4.35,--,65,28274,买盘
421,13:57:22,4.35,0.01,135,58724,买盘
422,13:57:18,4.34,0.02,1559,676606,买盘
423,13:57:13,4.32,-0.01,103,44496,卖盘
424,13:57:07,4.33,--,222,96126,买盘
425,13:56:58,4.33,--,140,60620,买盘
426,13:56:37,4.33,--,20,8660,买盘
427,13:56:31,4.33,-0.01,40,17320,中性盘
428,13:56:22,4.34,0.01,1200,520800,买盘
429,13:56:16,4.33,-0.01,131,56723,卖盘
430,13:56:13,4.34,0.01,3,1302,买盘
431,13:56:07,4.33,-0.01,110,47630,卖盘
432,13:56:01,4.34,--,260,112840,买盘
433,13:55:58,4.34,--,147,63798,买盘
434,13:55:52,4.34,0.01,110,47740,买盘
435,13:55:37,4.33,--,376,162985,买盘
436,13:55:31,4.33,--,163,70579,买盘
437,13:55:28,4.33,--,318,137694,买盘
438,13:55:22,4.33,0.01,800,346400,买盘
439,13:55:16,4.32,--,46,19872,卖盘
440,13:55:13,4.32,--,198,85536,买盘
441,13:55:07,4.32,0.01,350,151200,买盘
442,13:54:58,4.31,--,130,56029,买盘
443,13:54:52,4.31,--,5,2155,买盘
444,13:54:46,4.31,--,360,155160,买盘
445,13:54:43,4.31,0.01,40,17240,买盘
446,13:54:37,4.3,--,303,130290,买盘
447,13:54:31,4.3,--,605,260150,买盘
448,13:54:28,4.3,--,398,171140,买盘
449,13:54:22,4.3,0.01,169,72670,买盘
450,13:54:16,4.29,-0.01,734,314886,卖盘
451,13:54:13,4.3,0.01,326,140180,买盘
452,13:54:07,4.29,--,110,47190,卖盘
453,13:54:01,4.29,--,13,5577,买盘
454,13:53:58,4.29,0.01,958,410982,买盘
455,13:53:46,4.28,--,13,5564,卖盘
456,13:53:42,4.28,--,659,282052,买盘
457,13:53:37,4.28,--,119,50932,买盘
458,13:53:27,4.28,0.01,1018,435704,买盘
459,13:53:16,4.27,--,2,853,卖盘
460,13:53:12,4.27,--,60,25619,卖盘
461,13:53:07,4.27,-0.01,10,4270,卖盘
462,13:52:52,4.28,0.01,6,2568,买盘
463,13:52:37,4.27,--,51,21776,卖盘
464,13:52:27,4.27,--,9,3842,卖盘
465,13:52:16,4.27,--,12,5123,卖盘
466,13:52:01,4.27,-0.01,10,4270,卖盘
467,13:51:46,4.28,0.01,50,21400,买盘
468,13:51:16,4.27,--,12,5123,卖盘
469,13:51:07,4.27,-0.01,52,22203,卖盘
470,13:51:01,4.28,--,200,85600,买盘
471,13:50:46,4.28,0.01,18,7704,买盘
472,13:50:42,4.27,-0.01,17,7258,卖盘
473,13:50:31,4.28,0.01,7,2996,买盘
474,13:50:22,4.27,--,4,1707,卖盘
475,13:50:16,4.27,--,21,8967,卖盘
476,13:50:01,4.27,-0.01,70,29889,卖盘
477,13:49:46,4.28,0.01,142,60776,买盘
478,13:49:37,4.27,--,54,23057,卖盘
479,13:49:22,4.27,-0.01,8,3415,卖盘
480,13:49:16,4.28,0.01,11,4708,买盘
481,13:49:06,4.27,--,14,5977,卖盘
482,13:49:01,4.27,-0.01,14,5977,卖盘
483,13:48:46,4.28,0.01,1,428,买盘
484,13:48:31,4.27,--,17,7258,卖盘
485,13:48:16,4.27,--,14,5977,卖盘
486,13:48:07,4.27,--,62,26473,卖盘
487,13:47:52,4.27,-0.01,183,78140,卖盘
488,13:47:21,4.28,0.01,29,12412,买盘
489,13:47:16,4.27,-0.01,4,1707,卖盘
490,13:47:06,4.28,--,10,4280,买盘
491,13:46:36,4.28,0.01,59,25252,买盘
492,13:46:21,4.27,--,5,2135,卖盘
493,13:46:16,4.27,-0.01,49,20922,卖盘
494,13:46:10,4.28,0.01,15,6420,买盘
495,13:46:06,4.27,--,10,4270,卖盘
496,13:45:51,4.27,--,15,6404,卖盘
497,13:45:46,4.27,--,1,426,卖盘
498,13:45:16,4.27,-0.01,22,9393,卖盘
499,13:45:10,4.28,0.01,6,2568,买盘
500,13:45:06,4.27,--,54,23057,卖盘
501,13:44:55,4.27,--,2,853,卖盘
502,13:44:46,4.27,--,292,124769,买盘
503,13:44:36,4.27,--,232,99063,买盘
504,13:44:31,4.27,--,239,102394,卖盘
505,13:44:21,4.27,--,524,223747,卖盘
506,13:44:16,4.27,--,441,188477,卖盘
507,13:44:01,4.27,--,1116,476531,卖盘
508,13:43:51,4.27,--,516,220331,卖盘
509,13:43:46,4.27,--,36,15371,卖盘
510,13:43:40,4.27,--,1,426,卖盘
511,13:43:36,4.27,--,51,21776,卖盘
512,13:43:31,4.27,--,39,16653,卖盘
513,13:43:25,4.27,--,21,8967,卖盘
514,13:43:21,4.27,--,28,11955,卖盘
515,13:43:16,4.27,--,4,1707,卖盘
516,13:43:10,4.27,--,60,25619,卖盘
517,13:43:00,4.27,--,1,426,卖盘
518,13:42:55,4.27,--,1,426,卖盘
519,13:42:51,4.27,--,1,426,卖盘
520,13:42:46,4.27,--,11,4696,卖盘
521,13:42:40,4.27,-0.01,43,18360,卖盘
522,13:42:34,4.28,--,1,428,卖盘
523,13:42:25,4.28,0.01,170,72760,买盘
524,13:42:16,4.27,-0.01,23,9820,卖盘
525,13:42:04,4.28,--,5,2140,买盘
526,13:42:00,4.28,--,214,91592,卖盘
527,13:41:49,4.28,--,20,8560,卖盘
528,13:41:45,4.28,-0.01,1301,556828,卖盘
529,13:41:40,4.29,--,34,14586,买盘
530,13:41:34,4.29,0.01,3,1287,买盘
531,13:41:30,4.28,--,37,15836,卖盘
532,13:41:25,4.28,--,7,2996,卖盘
533,13:41:15,4.28,--,2,856,卖盘
534,13:41:10,4.28,--,7,2996,卖盘
535,13:41:04,4.28,--,7,2996,卖盘
536,13:41:00,4.28,--,17,7276,卖盘
537,13:40:55,4.28,--,30,12840,卖盘
538,13:40:45,4.28,-0.01,357,152796,卖盘
539,13:40:40,4.29,0.01,101,43329,买盘
540,13:40:34,4.28,--,51,21828,卖盘
541,13:40:19,4.28,--,7,2996,卖盘
542,13:40:15,4.28,-0.01,3,1284,卖盘
543,13:40:04,4.29,--,199,85371,买盘
544,13:39:40,4.29,--,21,9009,买盘
545,13:39:34,4.29,0.01,6,2574,买盘
546,13:39:25,4.28,--,8,3424,卖盘
547,13:39:15,4.28,--,2,856,卖盘
548,13:39:04,4.28,--,52,22256,卖盘
549,13:38:49,4.28,-0.01,14,5992,卖盘
550,13:38:34,4.29,0.01,6,2574,买盘
551,13:38:25,4.28,--,185,79180,卖盘
552,13:38:19,4.28,-0.02,10,4280,卖盘
553,13:37:49,4.3,0.01,50,21500,买盘
554,13:37:34,4.29,--,66,28314,买盘
555,13:37:30,4.29,--,51,21879,买盘
556,13:37:19,4.29,0.01,10,4290,买盘
557,13:37:10,4.28,-0.01,600,256800,卖盘
558,13:37:04,4.29,0.01,8,3432,买盘
559,13:36:19,4.28,--,14,5992,卖盘
560,13:36:04,4.28,-0.01,52,22256,卖盘
561,13:35:59,4.29,--,6,2574,买盘
562,13:35:39,4.29,--,9,3861,买盘
563,13:35:34,4.29,0.01,24,10296,买盘
564,13:35:19,4.28,-0.01,30,12840,卖盘
565,13:35:09,4.29,--,60,25740,买盘
566,13:35:04,4.29,--,9,3861,买盘
567,13:34:39,4.29,0.01,21,9009,买盘
568,13:34:34,4.28,-0.01,79,33812,卖盘
569,13:34:19,4.29,--,135,57915,卖盘
570,13:34:04,4.29,--,90,38610,卖盘
571,13:33:58,4.29,--,3,1287,卖盘
572,13:33:54,4.29,--,78,33462,买盘
573,13:33:43,4.29,0.01,12,5148,买盘
574,13:33:39,4.28,--,7,2996,卖盘
575,13:33:34,4.28,--,0,0,卖盘
576,13:33:28,4.28,--,7,2996,卖盘
577,13:33:19,4.28,-0.01,385,164998,卖盘
578,13:33:13,4.29,--,26,11154,买盘
579,13:33:09,4.29,0.01,6,2574,买盘
580,13:33:04,4.28,-0.01,71,30388,卖盘
581,13:32:58,4.29,0.01,3,1287,买盘
582,13:32:54,4.28,-0.01,14,5992,卖盘
583,13:32:28,4.29,--,50,21450,买盘
584,13:32:19,4.29,--,106,45474,买盘
585,13:32:04,4.29,--,780,334830,卖盘
586,13:31:54,4.29,--,1,497,卖盘
587,13:31:49,4.29,-0.01,100,42900,卖盘
588,13:31:39,4.3,0.01,6,2580,买盘
589,13:31:34,4.29,--,51,21879,卖盘
590,13:31:19,4.29,-0.01,2,858,卖盘
591,13:31:09,4.3,--,1,430,买盘
592,13:31:04,4.3,0.01,2,860,买盘
593,13:30:54,4.29,-0.01,22,9438,卖盘
594,13:30:34,4.3,0.01,99,42570,买盘
595,13:30:19,4.29,--,2,858,卖盘
596,13:30:04,4.29,--,52,22308,卖盘
597,13:29:58,4.29,-0.01,10,4290,卖盘
598,13:29:28,4.3,0.01,5,2150,买盘
599,13:29:19,4.29,--,2,858,卖盘
600,13:29:04,4.29,-0.01,55,23595,卖盘
601,13:28:58,4.3,0.01,10,4300,买盘
602,13:28:54,4.29,-0.01,53,22737,卖盘
603,13:28:39,4.3,0.01,10,4300,买盘
604,13:28:34,4.29,-0.01,58,24882,卖盘
605,13:28:28,4.3,0.01,18,7740,买盘
606,13:28:18,4.29,-0.01,329,141141,卖盘
607,13:28:13,4.3,--,105,45150,卖盘
608,13:28:03,4.3,--,43,18490,卖盘
609,13:27:58,4.3,--,2,860,卖盘
610,13:27:18,4.3,--,17,7310,卖盘
611,13:27:03,4.3,--,56,24080,卖盘
612,13:26:52,4.3,--,68,29240,卖盘
613,13:26:43,4.3,--,300,129000,卖盘
614,13:26:33,4.3,-0.01,10,4300,卖盘
615,13:26:28,4.31,--,100,43099,买盘
616,13:26:18,4.31,--,8,3447,买盘
617,13:26:03,4.31,--,402,173261,买盘
618,13:25:58,4.31,0.01,10,4310,买盘
619,13:25:43,4.3,0.01,1665,716289,买盘
620,13:25:33,4.29,--,54,23166,卖盘
621,13:25:18,4.29,-0.01,22,9438,卖盘
622,13:25:03,4.3,--,20,8600,买盘
623,13:24:28,4.3,0.01,6,2580,买盘
624,13:24:18,4.29,-0.01,329,141291,卖盘
625,13:24:13,4.3,0.01,20,8600,买盘
626,13:24:03,4.29,-0.01,52,22308,卖盘
627,13:23:58,4.3,--,307,132010,买盘
628,13:23:52,4.3,--,1,430,买盘
629,13:23:28,4.3,--,30,12900,买盘
630,13:23:22,4.3,0.01,56,24080,买盘
631,13:23:18,4.29,--,2,858,卖盘
632,13:22:37,4.29,--,951,407979,卖盘
633,13:22:22,4.29,--,3,1287,卖盘
634,13:22:17,4.29,--,106,45474,卖盘
635,13:22:13,4.29,-0.01,118,50622,卖盘
636,13:22:02,4.3,--,13,5590,买盘
637,13:21:47,4.3,0.01,30,12900,买盘
638,13:21:16,4.29,--,6,2574,卖盘
639,13:21:12,4.29,0.01,135,57915,买盘
640,13:21:07,4.28,-0.01,52,22256,卖盘
641,13:21:02,4.29,--,931,399399,买盘
642,13:20:57,4.29,--,64,27456,买盘
643,13:20:42,4.29,--,30,12870,买盘
644,13:20:27,4.29,--,15,6435,买盘
645,13:20:21,4.29,0.01,5,2145,买盘
646,13:20:16,4.28,-0.01,2,856,卖盘
647,13:20:12,4.29,0.01,100,42900,买盘
648,13:20:07,4.28,-0.01,30,12840,卖盘
649,13:19:57,4.29,0.01,127,54483,买盘
650,13:19:37,4.28,--,51,21828,卖盘
651,13:19:27,4.28,-0.01,10,4280,卖盘
652,13:19:22,4.29,0.01,8,3432,买盘
653,13:19:16,4.28,-0.01,2,856,卖盘
654,13:19:01,4.29,0.01,3,1287,买盘
655,13:18:30,4.28,-0.01,400,171200,卖盘
656,13:18:27,4.29,--,20,8580,买盘
657,13:18:22,4.29,0.01,10,4290,买盘
658,13:18:15,4.28,-0.01,2,856,卖盘
659,13:18:12,4.29,0.01,5,2145,买盘
660,13:18:06,4.28,--,52,22256,卖盘
661,13:17:15,4.28,--,2,856,卖盘
662,13:16:57,4.28,--,27,11556,卖盘
663,13:16:36,4.28,-0.01,52,22256,卖盘
664,13:16:27,4.29,--,1,429,买盘
665,13:16:21,4.29,0.01,6,2574,买盘
666,13:16:15,4.28,--,2,856,卖盘
667,13:16:00,4.28,-0.01,3,1284,卖盘
668,13:15:51,4.29,--,15,6435,买盘
669,13:15:30,4.29,--,1,429,买盘
670,13:15:21,4.29,0.01,545,233805,买盘
671,13:15:06,4.28,--,67,28676,卖盘
672,13:14:51,4.28,-0.01,15,6420,卖盘
673,13:14:45,4.29,--,6,2574,买盘
674,13:14:42,4.29,--,5,2145,买盘
675,13:14:36,4.29,--,4,1716,买盘
676,13:14:26,4.29,0.01,10,4290,买盘
677,13:14:15,4.28,--,2,856,卖盘
678,13:14:11,4.28,-0.01,2,856,卖盘
679,13:13:51,4.29,--,4,1716,买盘
680,13:13:45,4.29,--,5,2145,买盘
681,13:13:36,4.29,--,72,30888,买盘
682,13:13:30,4.29,--,2,858,买盘
683,13:13:21,4.29,0.01,20,8580,买盘
684,13:13:15,4.28,-0.01,5,2140,卖盘
685,13:13:09,4.29,--,10,4290,买盘
686,13:12:51,4.29,--,20,8580,买盘
687,13:12:36,4.29,--,30,12870,买盘
688,13:12:30,4.29,0.01,7,3003,买盘
689,13:12:15,4.28,--,57,24396,卖盘
690,13:12:06,4.28,--,52,22256,卖盘
691,13:12:00,4.28,--,114,48792,卖盘
692,13:11:54,4.28,-0.01,110,47080,卖盘
693,13:11:36,4.29,--,42,18018,买盘
694,13:11:30,4.29,--,30,12870,买盘
695,13:11:21,4.29,0.01,50,21450,买盘
696,13:11:15,4.28,-0.01,2,856,卖盘
697,13:11:09,4.29,0.01,100,42900,买盘
698,13:11:06,4.28,-0.01,1030,440840,卖盘
699,13:10:51,4.29,0.01,75,32175,买盘
700,13:10:36,4.28,--,52,22256,卖盘
701,13:10:30,4.28,-0.01,600,256800,卖盘
702,13:10:24,4.29,0.01,322,138138,买盘
703,13:10:15,4.28,-0.01,2,856,卖盘
704,13:10:00,4.29,--,5,2145,买盘
705,13:09:39,4.29,--,20,8580,买盘
706,13:09:15,4.29,0.01,38,16302,买盘
707,13:09:06,4.28,-0.01,52,22256,卖盘
708,13:09:00,4.29,0.01,5,2145,买盘
709,13:08:54,4.28,-0.01,85,36380,卖盘
710,13:08:36,4.29,--,48,20592,买盘
711,13:08:30,4.29,--,2,858,买盘
712,13:08:24,4.29,0.01,30,12870,买盘
713,13:08:15,4.28,-0.01,3,1284,卖盘
714,13:08:09,4.29,0.01,16,6864,买盘
715,13:07:51,4.28,--,10,4280,卖盘
716,13:07:35,4.28,--,252,107856,卖盘
717,13:07:15,4.28,--,2,856,卖盘
718,13:07:09,4.28,-0.01,10,4280,卖盘
719,13:06:45,4.29,0.01,594,254826,买盘
720,13:06:39,4.28,-0.01,10,4280,卖盘
721,13:06:35,4.29,0.01,4,1716,买盘
722,13:06:20,4.28,0.01,224,95872,买盘
723,13:06:15,4.27,-0.01,2,853,卖盘
724,13:06:03,4.28,--,333,142524,卖盘
725,13:06:00,4.28,--,22,9416,卖盘
726,13:05:30,4.28,-0.01,30,12840,卖盘
727,13:05:15,4.29,--,6,2574,买盘
728,13:05:09,4.29,--,20,8580,买盘
729,13:05:00,4.29,0.01,305,130845,买盘
730,13:04:54,4.28,--,10,4280,卖盘
731,13:04:48,4.28,--,700,299600,卖盘
732,13:04:45,4.28,--,300,128400,卖盘
733,13:04:33,4.28,--,52,22256,卖盘
734,13:04:15,4.28,-0.01,3,1284,卖盘
735,13:04:03,4.29,0.01,50,21450,买盘
736,13:03:54,4.28,--,19,8132,卖盘
737,13:03:33,4.28,-0.01,1,428,卖盘
738,13:03:24,4.29,0.01,34,14586,买盘
739,13:03:15,4.28,-0.01,23,9844,卖盘
740,13:03:09,4.29,0.01,20,8580,买盘
741,13:03:03,4.28,--,52,22256,卖盘
742,13:02:48,4.28,-0.01,7,2996,卖盘
743,13:02:39,4.29,--,27,11583,买盘
744,13:02:33,4.29,0.01,130,55770,买盘
745,13:02:24,4.28,--,22,9416,卖盘
746,13:02:15,4.28,-0.01,2,856,卖盘
747,13:01:54,4.29,0.01,2,858,买盘
748,13:01:33,4.28,--,52,22256,卖盘
749,13:01:18,4.28,--,2,856,卖盘
750,13:00:54,4.28,-0.01,170,72760,卖盘
751,13:00:44,4.29,--,81,34749,卖盘
752,13:00:33,4.29,--,19,8151,买盘
753,13:00:09,4.29,--,549,235521,买盘
754,13:00:03,4.29,0.01,264,113256,买盘
755,11:30:00,4.28,--,0,0,卖盘
756,11:30:00,4.28,--,0,0,卖盘
757,11:29:55,4.28,-0.01,20,8560,卖盘
758,11:29:40,4.29,--,110,47190,买盘
759,11:29:34,4.29,0.01,10,4290,买盘
760,11:29:25,4.28,--,7,2996,卖盘
761,11:29:19,4.28,--,2,856,卖盘
762,11:29:10,4.28,-0.01,50,21400,卖盘
763,11:29:00,4.29,0.01,5,2145,卖盘
764,11:28:55,4.28,--,0,0,卖盘
765,11:28:34,4.28,--,52,22256,卖盘
766,11:28:15,4.28,-0.02,7,2996,卖盘
767,11:27:55,4.3,0.01,20,8600,买盘
768,11:27:30,4.29,--,14,6006,卖盘
769,11:27:19,4.29,--,2,858,卖盘
770,11:27:15,4.29,0.01,255,109395,买盘
771,11:27:04,4.28,-0.01,52,22256,卖盘
772,11:26:55,4.29,--,30,12870,买盘
773,11:26:34,4.29,0.01,100,42900,买盘
774,11:26:19,4.28,-0.01,2,856,卖盘
775,11:25:34,4.29,--,38,16302,卖盘
776,11:25:25,4.29,--,4,1716,卖盘
777,11:25:19,4.29,-0.01,2,858,卖盘
778,11:25:04,4.3,--,2,860,买盘
779,11:24:25,4.3,--,0,0,买盘
780,11:24:19,4.3,0.01,52,22360,买盘
781,11:24:04,4.29,-0.01,26,11154,卖盘
782,11:23:49,4.3,0.01,9,3870,买盘
783,11:23:34,4.29,--,1,429,买盘
784,11:23:19,4.29,--,2,858,卖盘
785,11:23:13,4.29,--,5,2145,卖盘
786,11:22:34,4.29,--,123,52767,卖盘
787,11:22:28,4.29,--,146,62634,卖盘
788,11:22:24,4.29,--,6,2574,卖盘
789,11:22:19,4.29,-0.01,2,858,卖盘
790,11:22:04,4.3,0.01,1,430,买盘
791,11:21:43,4.29,-0.01,120,51480,卖盘
792,11:21:28,4.3,0.01,227,97610,买盘
793,11:21:19,4.29,-0.01,2,858,卖盘
794,11:21:04,4.3,--,5,2240,卖盘
795,11:20:49,4.3,--,15,6450,卖盘
796,11:20:28,4.3,--,40,17200,卖盘
797,11:20:19,4.3,-0.01,2,860,卖盘
798,11:20:04,4.31,0.01,38,16377,买盘
799,11:19:34,4.3,--,90,38700,卖盘
800,11:19:28,4.3,--,90,38708,卖盘
801,11:19:19,4.3,--,37,15910,卖盘
802,11:19:07,4.3,0.01,181,78161,买盘
803,11:19:04,4.29,-0.01,3,1287,卖盘
804,11:18:58,4.3,--,47,20210,买盘
805,11:18:28,4.3,0.01,38,16340,买盘
806,11:18:19,4.29,--,86,36992,卖盘
807,11:18:04,4.29,-0.01,61,26169,卖盘
808,11:17:52,4.3,--,25,10750,买盘
809,11:17:37,4.3,--,37,15910,买盘
810,11:17:19,4.3,--,18,7740,买盘
811,11:17:04,4.3,0.01,38,16340,买盘
812,11:16:49,4.29,--,575,247005,买盘
813,11:16:43,4.29,--,40,17160,买盘
814,11:16:37,4.29,0.01,151,64779,买盘
815,11:16:33,4.28,--,100,42800,卖盘
816,11:16:18,4.28,-0.01,3,1284,卖盘
817,11:16:13,4.29,--,25,10725,买盘
818,11:15:58,4.29,0.01,39,16731,买盘
819,11:15:48,4.28,-0.01,30,12840,卖盘
820,11:15:37,4.29,0.01,50,21450,买盘
821,11:15:33,4.28,-0.01,163,69764,卖盘
822,11:15:22,4.29,0.01,25,10725,买盘
823,11:15:18,4.28,--,2,856,卖盘
824,11:15:07,4.28,0.01,40,17120,中性盘
825,11:15:03,4.27,-0.01,52,22203,卖盘
826,11:14:58,4.28,--,3,1284,买盘
827,11:14:52,4.28,--,17,7276,买盘
828,11:14:48,4.28,--,24,10272,买盘
829,11:14:43,4.28,--,855,365940,买盘
830,11:14:37,4.28,--,72,30816,买盘
831,11:14:28,4.28,--,2,856,买盘
832,11:14:22,4.28,0.01,14,5992,买盘
833,11:14:18,4.27,-0.01,102,43553,卖盘
834,11:14:13,4.28,--,21,8988,买盘
835,11:13:58,4.28,--,21,8988,买盘
836,11:13:43,4.28,0.01,1,428,买盘
837,11:13:37,4.27,--,52,22203,卖盘
838,11:13:16,4.27,--,2,853,卖盘
839,11:13:13,4.27,--,8,3415,卖盘
840,11:13:07,4.27,--,42,17934,卖盘
841,11:12:43,4.27,--,60,25619,卖盘
842,11:12:28,4.27,--,94,40137,卖盘
843,11:12:16,4.27,-0.01,2,853,卖盘
844,11:12:12,4.28,0.01,3,1284,买盘
845,11:12:07,4.27,-0.01,52,22203,卖盘
846,11:11:58,4.28,--,30,12840,买盘
847,11:11:46,4.28,--,12,5136,买盘
848,11:11:37,4.28,0.01,8,3424,买盘
849,11:11:16,4.27,--,2,853,卖盘
850,11:11:13,4.27,-0.01,5,2135,卖盘
851,11:11:07,4.28,0.01,2,856,买盘
852,11:10:52,4.27,-0.01,11,4696,卖盘
853,11:10:43,4.28,0.01,95,40660,买盘
854,11:10:37,4.27,-0.01,52,22203,卖盘
855,11:10:28,4.28,--,11,4708,买盘
856,11:10:22,4.28,--,24,10272,买盘
857,11:10:16,4.28,--,4,1712,买盘
858,11:10:12,4.28,--,40,17120,买盘
859,11:10:07,4.28,--,50,21400,买盘
860,11:09:52,4.28,--,8,3424,买盘
861,11:09:42,4.28,--,5,2140,买盘
862,11:09:37,4.28,0.01,74,31672,买盘
863,11:09:12,4.27,-0.01,7,2988,卖盘
864,11:09:07,4.28,--,94,40232,买盘
865,11:09:01,4.28,--,200,85600,买盘
866,11:08:57,4.28,--,22,9416,买盘
867,11:08:52,4.28,0.01,40,17120,买盘
868,11:08:31,4.27,--,278,119047,买盘
869,11:08:27,4.27,--,116,49531,买盘
870,11:08:22,4.27,0.01,20,8540,买盘
871,11:08:16,4.26,-0.01,2,852,卖盘
872,11:08:12,4.27,--,18,7685,买盘
873,11:07:57,4.27,--,250,106749,买盘
874,11:07:52,4.27,0.01,12,5123,买盘
875,11:07:37,4.26,--,97,41322,卖盘
876,11:07:31,4.26,--,230,97980,卖盘
877,11:07:27,4.26,-0.01,683,290958,卖盘
878,11:07:22,4.27,0.01,9,3842,买盘
879,11:07:16,4.26,--,10,4260,卖盘
880,11:07:12,4.26,-0.01,143,60956,卖盘
881,11:07:07,4.27,--,20,8540,买盘
882,11:07:01,4.27,--,200,85399,买盘
883,11:06:57,4.27,--,5,2135,买盘
884,11:06:52,4.27,--,10,4270,买盘
885,11:06:46,4.27,--,3,1280,买盘
886,11:06:31,4.27,--,1336,570869,卖盘
887,11:06:22,4.27,--,164,70028,卖盘
888,11:06:16,4.27,-0.01,2,853,卖盘
889,11:06:07,4.28,0.01,76,32528,买盘
890,11:05:56,4.27,--,30,12809,卖盘
891,11:05:52,4.27,--,5,2135,卖盘
892,11:05:46,4.27,--,20,8540,卖盘
893,11:05:37,4.27,-0.01,11,4761,卖盘
894,11:05:31,4.28,0.01,18,7704,买盘
895,11:05:16,4.27,--,2,853,卖盘
896,11:05:07,4.27,-0.01,7,2988,卖盘
897,11:04:51,4.28,--,5,2140,买盘
898,11:04:46,4.28,0.01,10,4280,买盘
899,11:04:36,4.27,-0.01,60,25619,卖盘
900,11:04:31,4.28,--,15,6420,买盘
901,11:04:16,4.28,--,58,24824,买盘
902,11:04:10,4.28,0.01,60,25680,买盘
903,11:04:06,4.27,--,24,10312,卖盘
904,11:04:01,4.27,--,6,2561,卖盘
905,11:03:46,4.27,--,14,5977,卖盘
906,11:03:36,4.27,-0.01,33,14090,卖盘
907,11:03:31,4.28,--,12,5136,买盘
908,11:03:16,4.28,-0.01,206,88557,卖盘
909,11:03:10,4.29,0.01,43,18447,买盘
910,11:03:06,4.28,--,52,22256,卖盘
911,11:02:51,4.28,--,10,4703,卖盘
912,11:02:36,4.28,--,50,21400,卖盘
913,11:02:25,4.28,--,10,4280,卖盘
914,11:02:21,4.28,0.01,635,271822,买盘
915,11:02:16,4.27,--,2,853,卖盘
916,11:02:01,4.27,-0.01,4,1707,卖盘
917,11:01:51,4.28,--,21,8988,买盘
918,11:01:46,4.28,--,10,4280,买盘
919,11:01:36,4.28,--,104,44512,买盘
920,11:01:21,4.28,--,483,207109,卖盘
921,11:01:16,4.28,--,22,9416,卖盘
922,11:00:31,4.28,--,12,5136,卖盘
923,11:00:16,4.28,-0.01,13,5606,卖盘
924,11:00:10,4.29,0.01,32,13728,买盘
925,11:00:06,4.28,-0.01,52,22256,卖盘
926,11:00:01,4.29,--,1,429,买盘
927,10:59:55,4.29,--,73,31317,买盘
928,10:59:40,4.29,--,14,6006,买盘
929,10:59:31,4.29,--,33,14157,买盘
930,10:59:25,4.29,--,8,3432,买盘
931,10:59:21,4.29,0.01,100,42900,买盘
932,10:59:16,4.28,-0.01,112,47936,卖盘
933,10:58:51,4.29,0.01,10,4290,买盘
934,10:58:35,4.28,--,102,43656,卖盘
935,10:58:25,4.28,--,365,156220,买盘
936,10:58:16,4.28,--,134,57352,买盘
937,10:58:10,4.28,--,25,10700,买盘
938,10:58:04,4.28,--,74,31672,买盘
939,10:58:01,4.28,--,159,68052,买盘
940,10:57:55,4.28,--,20,8560,买盘
941,10:57:49,4.28,--,10,4280,买盘
942,10:57:45,4.28,--,17,7276,买盘
943,10:57:40,4.28,--,19,8132,买盘
944,10:57:34,4.28,--,115,49220,买盘
945,10:57:30,4.28,--,10,4280,买盘
946,10:57:25,4.28,--,98,41944,买盘
947,10:57:19,4.28,0.01,16,6848,买盘
948,10:57:15,4.27,-0.01,43,18360,卖盘
949,10:57:10,4.28,--,217,92876,买盘
950,10:57:04,4.28,0.01,120,51360,买盘
951,10:57:00,4.27,--,57,24338,卖盘
952,10:56:55,4.27,-0.01,280,119559,卖盘
953,10:56:49,4.28,--,10,4280,买盘
954,10:56:40,4.28,--,100,42800,买盘
955,10:56:30,4.28,0.01,67,28676,买盘
956,10:56:25,4.27,--,40,17080,卖盘
957,10:56:19,4.27,--,271,115716,卖盘
958,10:56:15,4.27,-0.01,2,853,卖盘
959,10:56:10,4.28,--,245,104860,买盘
960,10:55:55,4.28,--,6,2568,买盘
961,10:55:49,4.28,--,10,4280,买盘
962,10:55:45,4.28,--,235,100580,买盘
963,10:55:40,4.28,0.01,8,3424,买盘
964,10:55:34,4.27,-0.01,52,22203,卖盘
965,10:55:30,4.28,--,18,7704,买盘
966,10:55:25,4.28,0.01,50,21400,买盘
967,10:55:15,4.27,--,12,5123,卖盘
968,10:55:10,4.27,-0.01,14,5977,卖盘
969,10:54:45,4.28,0.01,38,16264,买盘
970,10:54:40,4.27,-0.01,4,1707,卖盘
971,10:54:30,4.28,0.01,131,56068,买盘
972,10:54:15,4.27,--,3,1280,卖盘
973,10:54:04,4.27,--,196,84020,买盘
974,10:54:00,4.27,--,213,90950,买盘
975,10:53:55,4.27,-0.01,548,234094,卖盘
976,10:53:49,4.28,--,3,1284,买盘
977,10:53:45,4.28,0.01,120,51360,买盘
978,10:53:40,4.27,--,32,13663,卖盘
979,10:53:30,4.27,--,47,20068,卖盘
980,10:53:25,4.27,--,107,45688,卖盘
981,10:53:19,4.27,--,812,347052,卖盘
982,10:53:15,4.27,--,17,7258,卖盘
983,10:53:04,4.27,--,5,2135,卖盘
984,10:52:55,4.27,-0.01,35,14944,卖盘
985,10:52:49,4.28,--,22,9416,买盘
986,10:52:45,4.28,--,5,2140,买盘
987,10:52:40,4.28,--,40,17120,买盘
988,10:52:34,4.28,--,975,417300,卖盘
989,10:52:25,4.28,-0.01,104,44512,卖盘
990,10:52:19,4.29,--,28,12110,卖盘
991,10:52:15,4.29,--,300,128700,卖盘
992,10:52:10,4.29,--,279,119691,卖盘
993,10:52:04,4.29,--,10,4290,卖盘
994,10:51:59,4.29,--,44,18876,卖盘
995,10:51:55,4.29,--,94,40656,卖盘
996,10:51:40,4.29,--,6,2574,卖盘
997,10:51:34,4.29,--,130,55770,卖盘
998,10:51:25,4.29,--,105,45045,卖盘
999,10:51:19,4.29,-0.01,2,858,卖盘
1000,10:51:14,4.3,--,25,10750,买盘
1001,10:51:04,4.3,--,4922,2116558,卖盘
1002,10:50:59,4.3,-0.01,10,4300,卖盘
1003,10:50:34,4.31,--,100,43099,买盘
1004,10:50:28,4.31,--,3,1292,买盘
1005,10:50:24,4.31,--,51,22312,买盘
1006,10:50:19,4.31,0.01,11,4741,买盘
1007,10:50:09,4.3,-0.01,15,6450,卖盘
1008,10:50:04,4.31,--,297,128006,买盘
1009,10:49:39,4.31,0.01,30,12929,买盘
1010,10:49:34,4.3,-0.01,52,22360,卖盘
1011,10:49:28,4.31,--,3,1292,买盘
1012,10:49:24,4.31,--,166,71546,买盘
1013,10:49:19,4.31,--,462,199121,买盘
1014,10:49:09,4.31,--,36,15515,买盘
1015,10:48:54,4.31,--,31,13360,买盘
1016,10:48:43,4.31,--,40,17240,买盘
1017,10:48:39,4.31,--,16,6895,买盘
1018,10:48:34,4.31,--,200,86199,买盘
1019,10:48:24,4.31,0.01,25,10774,买盘
1020,10:48:19,4.3,-0.01,710,305639,卖盘
1021,10:48:04,4.31,--,52,22411,卖盘
1022,10:47:49,4.31,-0.01,1,430,卖盘
1023,10:47:39,4.32,--,5,2160,买盘
1024,10:47:34,4.32,--,30,12960,买盘
1025,10:47:24,4.32,0.01,2,864,买盘
1026,10:47:19,4.31,--,2,861,卖盘
1027,10:46:54,4.31,--,65,28105,卖盘
1028,10:46:49,4.31,--,405,174554,卖盘
1029,10:46:39,4.31,--,13,5602,卖盘
1030,10:46:33,4.31,--,52,22411,卖盘
1031,10:46:24,4.31,--,1,430,卖盘
1032,10:46:19,4.31,-0.01,2,861,卖盘
1033,10:46:13,4.32,0.01,100,43200,买盘
1034,10:46:09,4.31,--,40,17240,卖盘
1035,10:45:54,4.31,--,154,66374,卖盘
1036,10:45:49,4.31,--,310,133610,买盘
1037,10:45:43,4.31,0.01,11,4741,买盘
1038,10:45:39,4.3,--,200,86000,卖盘
1039,10:45:33,4.3,--,8,3440,卖盘
1040,10:45:19,4.3,--,2,860,卖盘
1041,10:45:13,4.3,--,13,5590,卖盘
1042,10:45:09,4.3,-0.01,100,43000,卖盘
1043,10:45:04,4.31,-0.01,30,12929,卖盘
1044,10:44:54,4.32,0.02,47,20304,买盘
1045,10:44:48,4.3,--,0,0,卖盘
1046,10:44:42,4.3,-0.02,2546,1094780,卖盘
1047,10:44:28,4.32,--,50,21600,卖盘
1048,10:44:18,4.32,0.01,128,55296,买盘
1049,10:44:12,4.31,-0.01,140,60339,卖盘
1050,10:44:03,4.32,--,16,6912,卖盘
1051,10:43:57,4.32,-0.01,7,3024,卖盘
1052,10:43:52,4.33,--,0,0,买盘
1053,10:43:48,4.33,0.01,102,44166,买盘
1054,10:43:42,4.32,--,600,259238,卖盘
1055,10:43:33,4.32,--,613,264816,卖盘
1056,10:43:18,4.32,-0.01,2,864,卖盘
1057,10:43:03,4.33,0.01,30,12990,买盘
1058,10:42:33,4.32,--,56,24192,卖盘
1059,10:42:27,4.32,--,68,29376,卖盘
1060,10:42:18,4.32,--,11,4752,卖盘
1061,10:42:12,4.32,--,14,6441,卖盘
1062,10:42:03,4.32,-0.01,125,54000,卖盘
1063,10:41:36,4.33,--,261,113229,卖盘
1064,10:41:27,4.33,--,50,21650,卖盘
1065,10:41:18,4.33,-0.01,2,866,卖盘
1066,10:41:12,4.34,0.01,2,868,买盘
1067,10:41:06,4.33,--,100,43300,卖盘
1068,10:41:03,4.33,--,19,8227,卖盘
1069,10:40:57,4.33,--,270,116910,卖盘
1070,10:40:48,4.33,--,32,14250,卖盘
1071,10:40:42,4.33,--,107,46331,卖盘
1072,10:40:33,4.33,--,52,22516,卖盘
1073,10:40:21,4.33,--,50,21650,卖盘
1074,10:40:18,4.33,--,3,1299,卖盘
1075,10:40:06,4.33,-0.01,17,7361,卖盘
1076,10:39:51,4.34,--,50,21700,买盘
1077,10:39:48,4.34,--,2,868,买盘
1078,10:39:42,4.34,--,128,55760,卖盘
1079,10:39:18,4.34,--,2,868,卖盘
1080,10:39:12,4.34,--,151,65534,卖盘
1081,10:39:03,4.34,--,116,50344,卖盘
1082,10:38:57,4.34,0.01,612,265833,买盘
1083,10:38:42,4.33,--,100,43300,卖盘
1084,10:38:33,4.33,--,50,21650,卖盘
1085,10:38:17,4.33,--,10,4330,卖盘
1086,10:38:12,4.33,--,12,5196,卖盘
1087,10:38:06,4.33,--,14,6148,卖盘
1088,10:37:51,4.33,--,50,21650,卖盘
1089,10:37:36,4.33,-0.01,59,25547,卖盘
1090,10:37:27,4.34,--,100,43400,买盘
1091,10:37:21,4.34,0.01,21,9114,买盘
1092,10:37:17,4.33,-0.01,2,866,卖盘
1093,10:37:12,4.34,--,20,8680,买盘
1094,10:37:06,4.34,0.01,5,2170,买盘
1095,10:36:57,4.33,-0.02,39,16887,卖盘
1096,10:36:42,4.35,0.01,65,28274,买盘
1097,10:36:21,4.34,--,22,9548,买盘
1098,10:36:15,4.34,--,80,34720,卖盘
1099,10:36:12,4.34,--,81,35154,卖盘
1100,10:36:06,4.34,--,98,42532,卖盘
1101,10:36:02,4.34,--,7,3038,卖盘
1102,10:35:57,4.34,--,15,6796,卖盘
1103,10:35:51,4.34,--,7,3038,卖盘
1104,10:35:30,4.34,--,7,3038,卖盘
1105,10:35:27,4.34,--,25,10850,卖盘
1106,10:35:15,4.34,--,8,3472,卖盘
1107,10:35:06,4.34,--,7,3038,卖盘
1108,10:34:51,4.34,--,1,434,卖盘
1109,10:34:36,4.34,--,52,22568,卖盘
1110,10:34:15,4.34,-0.01,3,1302,卖盘
1111,10:34:12,4.35,0.01,26,11414,买盘
1112,10:33:51,4.34,--,50,21700,卖盘
1113,10:33:27,4.34,0.01,13,5642,买盘
1114,10:33:21,4.33,--,303,131199,卖盘
1115,10:33:15,4.33,--,2,866,卖盘
1116,10:33:06,4.33,-0.01,52,22516,卖盘
1117,10:32:21,4.34,0.01,20,8680,中性盘
1118,10:32:15,4.33,--,2,866,卖盘
1119,10:32:12,4.33,-0.01,14,6417,卖盘
1120,10:32:06,4.34,--,0,0,买盘
1121,10:31:57,4.34,-0.01,51,22498,卖盘
1122,10:31:42,4.35,0.01,32,13919,买盘
1123,10:31:36,4.34,--,52,22568,卖盘
1124,10:31:21,4.34,0.01,246,106833,买盘
1125,10:31:15,4.33,--,2,866,卖盘
1126,10:31:06,4.33,-0.01,30,12990,卖盘
1127,10:30:56,4.34,0.01,200,86800,买盘
1128,10:30:51,4.33,-0.01,20,8660,卖盘
1129,10:30:45,4.34,0.01,115,49910,买盘
1130,10:30:41,4.33,--,5,2165,卖盘
1131,10:30:36,4.33,--,56,24356,卖盘
1132,10:30:30,4.33,--,16,6928,卖盘
1133,10:30:26,4.33,--,102,44166,卖盘
1134,10:30:15,4.33,-0.01,2,866,卖盘
1135,10:30:06,4.34,--,34,15120,卖盘
1136,10:29:51,4.34,--,15,6579,买盘
1137,10:29:21,4.34,0.01,5,2170,买盘
1138,10:29:15,4.33,-0.01,2,866,卖盘
1139,10:29:09,4.34,--,21,9114,买盘
1140,10:28:45,4.34,--,705,306334,卖盘
1141,10:28:36,4.34,--,52,22568,卖盘
1142,10:28:30,4.34,--,5,2170,卖盘
1143,10:28:21,4.34,--,34,14825,卖盘
1144,10:28:15,4.34,--,12,5208,卖盘
1145,10:28:06,4.34,--,7,3038,卖盘
1146,10:27:21,4.34,--,62,26908,卖盘
1147,10:27:15,4.34,--,48,20832,卖盘
1148,10:27:06,4.34,--,52,22568,卖盘
1149,10:27:00,4.34,-0.01,3,1302,卖盘
1150,10:26:51,4.35,0.01,20,8700,买盘
1151,10:26:45,4.34,--,5,2170,卖盘
1152,10:26:39,4.34,--,100,43400,买盘
1153,10:26:36,4.34,--,200,86800,卖盘
1154,10:26:30,4.34,0.01,61,26474,买盘
1155,10:26:24,4.33,--,28,12262,卖盘
1156,10:26:15,4.33,-0.01,2,866,卖盘
1157,10:26:06,4.34,0.01,3,1302,买盘
1158,10:25:39,4.33,--,12,5196,卖盘
1159,10:25:36,4.33,--,52,22516,卖盘
1160,10:25:30,4.33,-0.01,11,4763,卖盘
1161,10:25:21,4.34,0.01,300,130200,买盘
1162,10:25:15,4.33,-0.01,2,866,卖盘
1163,10:24:50,4.34,--,1,434,买盘
1164,10:24:45,4.34,--,2,868,买盘
1165,10:24:35,4.34,--,83,36022,买盘
1166,10:24:24,4.34,--,50,21700,买盘
1167,10:24:20,4.34,0.01,29,12586,买盘
1168,10:24:15,4.33,--,2,866,卖盘
1169,10:24:05,4.33,-0.01,52,22516,卖盘
1170,10:23:35,4.34,--,140,60760,卖盘
1171,10:23:30,4.34,--,11,4774,卖盘
1172,10:23:20,4.34,--,10,4340,卖盘
1173,10:23:15,4.34,--,22,9548,卖盘
1174,10:23:09,4.34,--,30,13020,卖盘
1175,10:23:00,4.34,--,47,20398,卖盘
1176,10:22:54,4.34,--,60,26040,卖盘
1177,10:22:45,4.34,--,66,28644,卖盘
1178,10:22:35,4.34,--,52,22568,卖盘
1179,10:22:24,4.34,--,50,21700,卖盘
1180,10:22:15,4.34,--,195,84630,卖盘
1181,10:22:09,4.34,--,10,4340,卖盘
1182,10:21:49,4.34,--,83,36022,卖盘
1183,10:21:39,4.34,--,7,3038,卖盘
1184,10:21:24,4.34,--,28,12152,卖盘
1185,10:21:15,4.34,-0.01,3,1302,卖盘
1186,10:21:03,4.35,0.01,54,23489,买盘
1187,10:20:48,4.34,--,10,4340,卖盘
1188,10:20:45,4.34,--,20,8680,卖盘
1189,10:20:39,4.34,--,10,4340,卖盘
1190,10:20:15,4.34,--,52,22568,卖盘
1191,10:20:09,4.34,--,23,9982,卖盘
1192,10:19:45,4.34,--,30,13020,卖盘
1193,10:19:33,4.34,--,52,22568,卖盘
1194,10:19:15,4.34,--,2,868,卖盘
1195,10:19:09,4.34,--,121,52514,卖盘
1196,10:19:03,4.34,--,100,43400,卖盘
1197,10:18:54,4.34,--,111,48174,卖盘
1198,10:18:48,4.34,--,54,23436,卖盘
1199,10:18:44,4.34,--,15,6510,卖盘
1200,10:18:33,4.34,--,6,2604,卖盘
1201,10:18:14,4.34,--,2,868,卖盘
1202,10:18:03,4.34,--,52,22568,卖盘
1203,10:17:59,4.34,-0.01,30,13020,卖盘
1204,10:17:54,4.35,0.01,18,7829,买盘
1205,10:17:44,4.34,--,283,122822,卖盘
1206,10:17:39,4.34,--,3,1302,卖盘
1207,10:17:24,4.34,--,9,3906,卖盘
1208,10:17:14,4.34,-0.01,2,868,卖盘
1209,10:16:59,4.35,0.01,3,1305,买盘
1210,10:16:39,4.34,--,7,3038,卖盘
1211,10:16:33,4.34,--,52,22568,卖盘
1212,10:16:29,4.34,--,46,19964,卖盘
1213,10:16:24,4.34,0.01,648,281232,买盘
1214,10:16:14,4.33,--,70,30310,卖盘
1215,10:16:03,4.33,--,79,34207,买盘
1216,10:15:54,4.33,--,60,25980,买盘
1217,10:15:48,4.33,--,16,6928,买盘
1218,10:15:44,4.33,--,91,39403,卖盘
1219,10:15:18,4.33,--,2,866,卖盘
1220,10:15:09,4.33,--,9,3897,卖盘
1221,10:15:03,4.33,-0.01,63,27279,卖盘
1222,10:14:54,4.34,0.01,3,1302,买盘
1223,10:14:42,4.33,-0.01,5,2165,卖盘
1224,10:14:33,4.34,0.01,32,13888,买盘
1225,10:14:28,4.33,--,5,2165,卖盘
1226,10:14:18,4.33,--,2,866,卖盘
1227,10:13:38,4.33,--,60,25980,卖盘
1228,10:13:33,4.33,--,59,25547,卖盘
1229,10:13:18,4.33,--,12,5196,卖盘
1230,10:13:03,4.33,--,3,1299,卖盘
1231,10:12:42,4.33,--,37,16021,卖盘
1232,10:12:38,4.33,--,80,34640,卖盘
1233,10:12:33,4.33,--,60,25980,卖盘
1234,10:12:23,4.33,-0.01,61,26413,卖盘
1235,10:12:18,4.34,0.01,5,2170,买盘
1236,10:12:03,4.33,-0.01,63,27279,卖盘
1237,10:11:57,4.34,--,2,868,卖盘
1238,10:11:53,4.34,--,51,22134,卖盘
1239,10:11:33,4.34,-0.01,47,20398,卖盘
1240,10:11:23,4.35,--,6,2610,买盘
1241,10:11:18,4.35,0.01,200,87000,买盘
1242,10:11:08,4.34,--,5,2170,卖盘
1243,10:10:38,4.34,--,197,85498,卖盘
1244,10:10:33,4.34,-0.01,52,22568,卖盘
1245,10:10:27,4.35,0.01,1,434,买盘
1246,10:10:18,4.34,--,12,5208,卖盘
1247,10:10:08,4.34,--,23,9982,卖盘
1248,10:10:03,4.34,--,5,2170,卖盘
1249,10:09:57,4.34,--,3,1302,卖盘
1250,10:09:53,4.34,-0.01,1,434,卖盘
1251,10:09:48,4.35,0.01,1,434,买盘
1252,10:09:38,4.34,--,12,5208,卖盘
1253,10:09:08,4.34,--,62,26908,卖盘
1254,10:09:03,4.34,--,52,22568,卖盘
1255,10:08:38,4.34,-0.01,20,8680,卖盘
1256,10:08:27,4.35,0.01,47,20445,买盘
1257,10:08:18,4.34,-0.01,100,43400,卖盘
1258,10:07:48,4.35,0.01,36,15659,买盘
1259,10:07:38,4.34,--,135,58590,卖盘
1260,10:07:33,4.34,--,377,163618,卖盘
1261,10:06:48,4.34,-0.01,20,8680,卖盘
1262,10:06:42,4.35,0.01,10,4350,买盘
1263,10:06:32,4.34,--,12,5208,卖盘
1264,10:06:21,4.34,-0.01,44,19096,卖盘
1265,10:06:17,4.35,0.01,4,1739,买盘
1266,10:06:06,4.34,--,630,273420,卖盘
1267,10:06:02,4.34,--,52,22568,卖盘
1268,10:05:51,4.34,-0.01,5,2170,卖盘
1269,10:05:47,4.35,--,7,3044,买盘
1270,10:05:42,4.35,--,10,4350,买盘
1271,10:05:17,4.35,0.01,12,5220,买盘
1272,10:05:06,4.34,-0.01,10,4340,卖盘
1273,10:04:36,4.35,--,3,1305,买盘
1274,10:04:32,4.35,--,37,16347,卖盘
1275,10:04:17,4.35,--,28,12362,买盘
1276,10:03:57,4.35,--,48,21132,卖盘
1277,10:03:36,4.35,0.01,84,36722,买盘
1278,10:03:32,4.34,-0.01,225,97650,卖盘
1279,10:03:12,4.35,0.01,4,1739,买盘
1280,10:03:02,4.34,--,59,25606,卖盘
1281,10:02:51,4.34,--,39,16926,卖盘
1282,10:02:17,4.34,--,500,217000,卖盘
1283,10:01:57,4.34,--,44,19096,卖盘
1284,10:01:36,4.34,--,52,22568,卖盘
1285,10:01:17,4.34,--,6,2604,卖盘
1286,10:01:12,4.34,--,546,236964,买盘
1287,10:01:06,4.34,--,91,39494,买盘
1288,10:00:57,4.34,0.01,25,10850,买盘
1289,10:00:32,4.33,--,20,8660,卖盘
1290,10:00:27,4.33,-0.01,11,4763,卖盘
1291,10:00:11,4.34,--,5,2170,买盘
1292,10:00:06,4.34,--,6,2604,卖盘
1293,10:00:00,4.34,--,2,868,卖盘
1294,09:59:51,4.34,-0.01,10,4340,卖盘
1295,09:59:36,4.35,--,0,0,买盘
1296,09:59:26,4.35,0.01,100,43500,买盘
1297,09:59:21,4.34,--,440,191211,卖盘
1298,09:59:11,4.34,--,167,72712,卖盘
1299,09:59:00,4.34,--,36,15624,卖盘
1300,09:58:56,4.34,--,10,4340,卖盘
1301,09:58:51,4.34,--,11,4774,卖盘
1302,09:58:45,4.34,--,44,19096,卖盘
1303,09:58:36,4.34,--,10,4340,卖盘
1304,09:58:26,4.34,--,10,4340,卖盘
1305,09:58:06,4.34,0.01,272,118429,买盘
1306,09:57:51,4.33,-0.01,1201,520033,买盘
1307,09:57:41,4.34,--,0,0,买盘
1308,09:57:36,4.34,0.02,12,5208,买盘
1309,09:57:15,4.32,-0.01,92,39744,卖盘
1310,09:57:11,4.33,--,15,6495,卖盘
1311,09:57:06,4.33,--,183,79239,买盘
1312,09:56:41,4.33,--,44,19052,卖盘
1313,09:56:21,4.33,-0.01,6,2598,卖盘
1314,09:56:06,4.34,0.01,6,2604,买盘
1315,09:55:56,4.33,--,70,30310,卖盘
1316,09:55:26,4.33,--,58,25114,卖盘
1317,09:55:21,4.33,0.01,2,866,买盘
1318,09:55:06,4.32,-0.01,20,8640,卖盘
1319,09:54:56,4.33,--,174,75342,买盘
1320,09:54:45,4.33,0.01,5,2165,买盘
1321,09:54:36,4.32,-0.01,3,1296,卖盘
1322,09:54:21,4.33,0.01,11,4763,买盘
1323,09:54:15,4.32,--,27,11664,卖盘
1324,09:54:11,4.32,-0.01,326,140832,卖盘
1325,09:54:06,4.33,0.01,120,51960,买盘
1326,09:53:50,4.32,--,45,19440,卖盘
1327,09:53:45,4.32,--,3,1296,卖盘
1328,09:53:30,4.32,-0.01,80,34560,卖盘
1329,09:53:26,4.33,--,20,8660,买盘
1330,09:53:15,4.33,0.01,209,90497,买盘
1331,09:52:55,4.32,--,69,29808,卖盘
1332,09:52:39,4.32,--,10,4320,卖盘
1333,09:52:15,4.32,-0.01,42,18144,卖盘
1334,09:51:35,4.33,0.01,24,10392,买盘
1335,09:51:30,4.32,-0.01,100,43200,卖盘
1336,09:51:20,4.33,0.01,21,9093,买盘
1337,09:51:05,4.32,--,12,5184,卖盘
1338,09:50:54,4.32,-0.01,7,3024,卖盘
1339,09:50:45,4.33,-0.01,258,111714,卖盘
1340,09:50:39,4.34,--,20,8680,买盘
1341,09:50:24,4.34,--,1,434,买盘
1342,09:50:15,4.34,0.01,43,18662,买盘
1343,09:50:05,4.33,--,110,47630,卖盘
1344,09:49:50,4.33,--,7,3031,卖盘
1345,09:49:44,4.33,-0.01,3,1299,卖盘
1346,09:49:35,4.34,0.01,2,868,买盘
1347,09:49:29,4.33,-0.01,22,9526,卖盘
1348,09:49:24,4.34,0.01,33,14322,买盘
1349,09:49:20,4.33,-0.01,11,4763,卖盘
1350,09:49:14,4.34,--,207,89838,买盘
1351,09:48:59,4.34,0.01,5,2170,买盘
1352,09:48:44,4.33,-0.01,1,433,卖盘
1353,09:48:29,4.34,--,50,21700,买盘
1354,09:48:14,4.34,--,15,6510,卖盘
1355,09:48:05,4.34,--,18,7812,卖盘
1356,09:47:59,4.34,--,7,3038,买盘
1357,09:47:54,4.34,0.01,151,65534,买盘
1358,09:47:44,4.33,--,1,433,卖盘
1359,09:47:39,4.33,--,275,119075,买盘
1360,09:47:34,4.33,--,107,46331,买盘
1361,09:47:29,4.33,--,113,48929,买盘
1362,09:47:24,4.33,--,1016,439928,买盘
1363,09:47:14,4.33,--,733,317389,买盘
1364,09:47:09,4.33,--,8,3464,买盘
1365,09:46:59,4.33,0.01,1984,859072,买盘
1366,09:46:54,4.32,--,30,12960,卖盘
1367,09:46:49,4.32,--,7,3024,卖盘
1368,09:46:39,4.32,-0.01,30,12960,卖盘
1369,09:46:34,4.33,--,2,866,买盘
1370,09:46:19,4.33,0.01,33,14289,买盘
1371,09:46:14,4.32,-0.01,9,3888,卖盘
1372,09:46:04,4.33,0.01,19,8227,买盘
1373,09:45:59,4.32,--,63,27216,卖盘
1374,09:45:54,4.32,-0.01,237,102384,卖盘
1375,09:45:48,4.33,0.01,47,20351,买盘
1376,09:45:29,4.32,--,300,129600,卖盘
1377,09:45:24,4.32,0.01,442,190944,买盘
1378,09:45:18,4.31,-0.01,42,18102,卖盘
1379,09:45:14,4.32,--,31,13392,买盘
1380,09:45:09,4.32,--,69,29808,买盘
1381,09:45:03,4.32,0.01,35,15120,买盘
1382,09:44:44,4.31,-0.01,6,2585,卖盘
1383,09:44:33,4.32,0.01,1,432,买盘
1384,09:44:29,4.31,--,4,1723,卖盘
1385,09:44:24,4.31,-0.01,49,21118,中性盘
1386,09:44:18,4.32,0.01,5,2160,买盘
1387,09:44:14,4.31,--,10,4310,买盘
1388,09:44:09,4.31,-0.01,35,15084,中性盘
1389,09:44:03,4.32,--,5,2160,买盘
1390,09:43:59,4.32,0.01,60,25920,买盘
1391,09:43:54,4.31,--,50,21549,买盘
1392,09:43:48,4.31,--,49,21118,买盘
1393,09:43:44,4.31,-0.01,67,28876,中性盘
1394,09:43:39,4.32,0.01,7,3024,买盘
1395,09:43:33,4.31,--,20,8620,买盘
1396,09:43:29,4.31,--,2,861,买盘
1397,09:43:23,4.31,0.01,30,12929,卖盘
1398,09:43:08,4.3,--,0,0,卖盘
1399,09:42:59,4.3,-0.01,47,20210,卖盘
1400,09:42:53,4.31,--,82,35342,卖盘
1401,09:42:44,4.31,--,440,189639,卖盘
1402,09:42:38,4.31,-0.01,200,86199,卖盘
1403,09:42:29,4.32,0.01,20,8640,买盘
1404,09:42:23,4.31,--,776,334455,卖盘
1405,09:42:14,4.31,-0.01,1,430,卖盘
1406,09:42:08,4.32,0.01,1,432,买盘
1407,09:42:03,4.31,--,38,16377,卖盘
1408,09:41:59,4.31,--,30,12929,卖盘
1409,09:41:53,4.31,--,101,43530,卖盘
1410,09:41:44,4.31,-0.01,123,53012,卖盘
1411,09:41:38,4.32,--,20,8640,买盘
1412,09:41:33,4.32,--,1,432,买盘
1413,09:41:29,4.32,--,25,10800,买盘
1414,09:41:23,4.32,0.01,35,15120,买盘
1415,09:41:18,4.31,-0.01,1,430,卖盘
1416,09:41:03,4.32,--,2,864,买盘
1417,09:40:59,4.32,--,78,33696,卖盘
1418,09:40:53,4.32,-0.01,1418,612576,卖盘
1419,09:40:48,4.33,--,5,2165,买盘
1420,09:40:38,4.33,--,10,4330,买盘
1421,09:40:33,4.33,--,374,161942,卖盘
1422,09:40:29,4.33,--,29,12557,卖盘
1423,09:40:23,4.33,--,10,4330,卖盘
1424,09:40:08,4.33,--,104,45032,卖盘
1425,09:40:03,4.33,--,5,2165,卖盘
1426,09:39:53,4.33,--,2,866,卖盘
1427,09:39:48,4.33,--,6,2598,买盘
1428,09:39:43,4.33,--,40,17320,买盘
1429,09:39:38,4.33,--,23,9959,买盘
1430,09:39:33,4.33,--,20,8660,买盘
1431,09:39:23,4.33,0.01,10,4330,买盘
1432,09:39:18,4.32,--,5,2160,卖盘
1433,09:39:13,4.32,-0.01,100,43200,卖盘
1434,09:39:03,4.33,--,1,433,买盘
1435,09:38:58,4.33,0.01,3,1299,买盘
1436,09:38:53,4.32,-0.01,26,11232,卖盘
1437,09:38:48,4.33,--,217,93961,买盘
1438,09:38:38,4.33,0.01,98,42434,买盘
1439,09:38:28,4.32,-0.01,1,432,卖盘
1440,09:38:23,4.33,0.01,105,45465,买盘
1441,09:38:18,4.32,--,100,43200,卖盘
1442,09:38:12,4.32,--,3,1296,卖盘
1443,09:38:08,4.32,0.02,484,209088,买盘
1444,09:38:03,4.3,--,0,0,卖盘
1445,09:37:57,4.3,-0.01,500,215000,卖盘
1446,09:37:53,4.31,--,10,4310,卖盘
1447,09:37:48,4.31,0.01,231,99560,买盘
1448,09:37:42,4.3,-0.01,52,22360,卖盘
1449,09:37:38,4.31,-0.01,149,64218,卖盘
1450,09:37:33,4.32,0.01,138,59616,卖盘
1451,09:37:27,4.31,-0.01,114,49133,卖盘
1452,09:37:23,4.32,0.01,6,2592,买盘
1453,09:37:18,4.31,-0.01,643,277133,卖盘
1454,09:37:12,4.32,--,100,43200,买盘
1455,09:37:08,4.32,--,396,171072,卖盘
1456,09:37:03,4.32,-0.01,46,19872,卖盘
1457,09:36:57,4.33,0.01,209,90497,买盘
1458,09:36:53,4.32,-0.01,27,11664,卖盘
1459,09:36:47,4.33,--,42,18186,买盘
1460,09:36:42,4.33,0.01,40,17320,买盘
1461,09:36:38,4.32,-0.01,11,4752,卖盘
1462,09:36:32,4.33,-0.01,740,320420,卖盘
1463,09:36:27,4.34,0.01,13,5642,买盘
1464,09:36:17,4.33,-0.01,90,38970,卖盘
1465,09:36:12,4.34,--,1,434,卖盘
1466,09:36:08,4.34,--,106,46004,卖盘
1467,09:36:02,4.34,-0.01,25,10850,卖盘
1468,09:35:53,4.35,--,16,6959,买盘
1469,09:35:47,4.35,-0.01,4705,2046674,卖盘
1470,09:35:42,4.36,--,3,1308,买盘
1471,09:35:37,4.36,--,164,71504,卖盘
1472,09:35:27,4.36,--,1,436,卖盘
1473,09:35:23,4.36,--,42,18312,卖盘
1474,09:35:17,4.36,--,115,50140,买盘
1475,09:35:07,4.36,--,200,87200,买盘
1476,09:35:02,4.36,--,33,14388,买盘
1477,09:34:53,4.36,--,52,22672,卖盘
1478,09:34:47,4.36,--,45,19620,卖盘
1479,09:34:42,4.36,--,5,2180,卖盘
1480,09:34:38,4.36,--,2,872,卖盘
1481,09:34:32,4.36,--,38,16568,卖盘
1482,09:34:27,4.36,0.01,1161,506196,买盘
1483,09:34:22,4.35,--,750,326250,卖盘
1484,09:34:17,4.35,--,163,70905,卖盘
1485,09:34:07,4.35,-0.01,1,434,卖盘
1486,09:34:02,4.36,0.01,60,26160,买盘
1487,09:33:57,4.35,--,12,5220,卖盘
1488,09:33:52,4.35,--,53,23054,卖盘
1489,09:33:47,4.35,--,212,92219,卖盘
1490,09:33:42,4.35,--,98,42630,卖盘
1491,09:33:37,4.35,-0.01,10,4350,卖盘
1492,09:33:32,4.36,--,90,39240,买盘
1493,09:33:27,4.36,--,50,21800,买盘
1494,09:33:17,4.36,0.01,1,436,买盘
1495,09:33:12,4.35,--,57,24794,卖盘
1496,09:33:07,4.35,-0.01,8,3479,卖盘
1497,09:33:02,4.36,--,44,19184,买盘
1498,09:32:57,4.36,0.01,12,5232,买盘
1499,09:32:52,4.35,-0.01,100,43500,卖盘
1500,09:32:47,4.36,--,82,35752,买盘
1501,09:32:42,4.36,--,35,15260,买盘
1502,09:32:32,4.36,--,449,195764,卖盘
1503,09:32:27,4.36,-0.01,50,21800,卖盘
1504,09:32:22,4.37,0.01,34,14858,买盘
1505,09:32:12,4.36,--,119,51884,卖盘
1506,09:32:07,4.36,-0.01,37,16132,卖盘
1507,09:32:02,4.37,0.01,15,6555,买盘
1508,09:31:57,4.36,--,92,40112,卖盘
1509,09:31:42,4.36,-0.01,60,26160,卖盘
1510,09:31:32,4.37,-0.01,201,87837,中性盘
1511,09:31:27,4.38,0.02,273,119574,买盘
1512,09:31:22,4.36,--,3,1308,卖盘
1513,09:31:17,4.36,-0.02,110,47960,卖盘
1514,09:31:12,4.38,0.01,685,300030,买盘
1515,09:31:06,4.37,--,21,9177,买盘
1516,09:31:02,4.37,-0.01,16,6992,中性盘
1517,09:30:57,4.38,--,16,7008,买盘
1518,09:30:51,4.38,--,197,86286,买盘
1519,09:30:47,4.38,--,4,1752,买盘
1520,09:30:41,4.38,--,40,17520,买盘
1521,09:30:36,4.38,-0.01,6,2628,中性盘
1522,09:30:32,4.39,--,15,6584,买盘
1523,09:30:26,4.39,--,24,10536,买盘
1524,09:30:21,4.39,--,86,37754,买盘
1525,09:30:17,4.39,0.03,14,6146,买盘
1526,09:30:11,4.36,--,572,249392,卖盘
1527,09:30:06,4.36,--,263,114668,卖盘
1528,09:30:02,4.36,0.01,19,8284,买盘
1529,09:28:52,4.35,--,0,0,卖盘
1530,09:25:10,4.35,4.35,1070,465449,买盘
