,time,price,change,volume,amount,type
0,15:00:00,5.52,--,0,0,卖盘
1,15:00:00,5.52,--,0,0,卖盘
2,14:59:59,5.52,-0.01,13,7175,卖盘
3,14:59:57,5.53,--,230,127190,买盘
4,14:59:53,5.53,--,547,302491,买盘
5,14:59:47,5.53,0.01,902,498806,买盘
6,14:59:42,5.52,-0.01,193,106535,卖盘
7,14:59:38,5.53,0.01,215,118895,买盘
8,14:59:32,5.52,-0.01,186,102671,卖盘
9,14:59:27,5.53,0.01,470,259910,买盘
10,14:59:23,5.52,-0.01,2449,1351848,卖盘
11,14:59:17,5.53,0.01,424,234472,买盘
12,14:59:12,5.52,--,1577,870503,卖盘
13,14:59:08,5.52,--,871,480791,卖盘
14,14:59:02,5.52,--,117,64583,卖盘
15,14:58:57,5.52,-0.01,111,61271,卖盘
16,14:58:53,5.53,0.01,135,74655,买盘
17,14:58:47,5.52,-0.01,1271,701592,卖盘
18,14:58:42,5.53,--,143,79079,买盘
19,14:58:37,5.53,0.01,103,56959,买盘
20,14:58:32,5.52,--,149,82248,卖盘
21,14:58:27,5.52,-0.01,391,215831,卖盘
22,14:58:23,5.53,0.01,93,51429,买盘
23,14:58:17,5.52,--,77,42504,卖盘
24,14:58:12,5.52,--,44,24287,卖盘
25,14:58:08,5.52,--,14,7727,卖盘
26,14:58:02,5.52,-0.01,33,18216,卖盘
27,14:57:57,5.53,--,308,170324,买盘
28,14:57:47,5.53,0.01,115,63595,买盘
29,14:57:42,5.52,-0.01,196,108191,卖盘
30,14:57:37,5.53,--,62,34286,买盘
31,14:57:32,5.53,--,171,94563,买盘
32,14:57:27,5.53,0.01,13,7189,买盘
33,14:57:22,5.52,--,254,140208,卖盘
34,14:57:17,5.52,--,216,119231,卖盘
35,14:57:12,5.52,--,37,20424,卖盘
36,14:57:02,5.52,--,35,19320,卖盘
37,14:56:57,5.52,--,210,115919,卖盘
38,14:56:52,5.52,-0.01,23,12695,卖盘
39,14:56:47,5.53,0.01,220,121660,买盘
40,14:56:42,5.52,-0.01,42,23184,卖盘
41,14:56:37,5.53,--,115,63595,买盘
42,14:56:32,5.53,0.01,228,126084,买盘
43,14:56:27,5.52,-0.01,91,50231,卖盘
44,14:56:22,5.53,--,500,276500,买盘
45,14:56:17,5.53,--,310,171430,买盘
46,14:56:12,5.53,--,189,104517,买盘
47,14:56:06,5.53,--,186,102858,买盘
48,14:56:02,5.53,--,152,84056,买盘
49,14:55:57,5.53,0.01,235,129955,买盘
50,14:55:51,5.52,-0.01,154,85008,卖盘
51,14:55:47,5.53,0.01,93,51429,买盘
52,14:55:42,5.52,-0.01,276,152352,卖盘
53,14:55:36,5.53,--,177,97881,买盘
54,14:55:32,5.53,0.01,4,2212,买盘
55,14:55:27,5.52,--,798,440495,卖盘
56,14:55:21,5.52,-0.01,600,331200,卖盘
57,14:55:12,5.53,--,104,57512,买盘
58,14:55:06,5.53,0.01,205,113365,买盘
59,14:55:02,5.52,--,79,43608,卖盘
60,14:54:56,5.52,--,64,35328,卖盘
61,14:54:51,5.52,--,645,356040,卖盘
62,14:54:47,5.52,--,1578,871055,卖盘
63,14:54:41,5.52,--,338,186576,卖盘
64,14:54:32,5.52,--,60,33120,卖盘
65,14:54:26,5.52,--,1482,818063,卖盘
66,14:54:21,5.52,--,427,235703,卖盘
67,14:54:17,5.52,--,22,12143,卖盘
68,14:54:11,5.52,--,30,16560,卖盘
69,14:54:06,5.52,--,168,92736,卖盘
70,14:54:02,5.52,--,65,35880,卖盘
71,14:53:56,5.52,-0.01,100,55199,卖盘
72,14:53:51,5.53,0.01,100,55300,买盘
73,14:53:47,5.52,--,638,352176,卖盘
74,14:53:41,5.52,--,430,237635,买盘
75,14:53:36,5.52,--,940,518879,买盘
76,14:53:32,5.52,--,274,151248,买盘
77,14:53:26,5.52,--,372,205343,买盘
78,14:53:21,5.52,--,214,118127,买盘
79,14:53:17,5.52,--,239,131928,买盘
80,14:53:11,5.52,0.01,848,468095,买盘
81,14:53:06,5.51,-0.01,1330,732830,卖盘
82,14:53:02,5.52,--,128,70656,买盘
83,14:52:56,5.52,--,218,120335,买盘
84,14:52:51,5.52,--,339,187128,买盘
85,14:52:47,5.52,--,429,236807,买盘
86,14:52:41,5.52,--,2457,1356540,卖盘
87,14:52:36,5.52,--,305,168360,卖盘
88,14:52:32,5.52,--,61,33672,卖盘
89,14:52:26,5.52,-0.01,390,215279,卖盘
90,14:52:21,5.53,--,57,31521,买盘
91,14:52:11,5.53,0.01,282,155946,买盘
92,14:52:06,5.52,-0.01,15,8280,卖盘
93,14:52:02,5.53,--,103,56959,买盘
94,14:51:56,5.53,0.01,140,77420,买盘
95,14:51:51,5.52,-0.01,121,66792,卖盘
96,14:51:47,5.53,0.01,101,55853,买盘
97,14:51:41,5.52,--,958,528816,卖盘
98,14:51:36,5.52,-0.01,20,11040,卖盘
99,14:51:31,5.53,0.01,177,97881,买盘
100,14:51:26,5.52,--,12,6623,卖盘
101,14:51:21,5.52,--,26,14351,卖盘
102,14:51:17,5.52,--,54,29807,卖盘
103,14:51:11,5.52,--,4184,2309844,买盘
104,14:51:06,5.52,--,2549,1407048,买盘
105,14:51:01,5.52,--,170,93840,买盘
106,14:50:56,5.52,0.01,460,253919,买盘
107,14:50:51,5.51,--,593,326743,卖盘
108,14:50:46,5.51,-0.01,10,5510,卖盘
109,14:50:41,5.52,--,51,28151,买盘
110,14:50:36,5.52,0.01,16,8832,买盘
111,14:50:31,5.51,-0.01,301,165851,卖盘
112,14:50:26,5.52,--,145,80040,买盘
113,14:50:21,5.52,0.01,2469,1362888,买盘
114,14:50:16,5.51,-0.01,14,7714,卖盘
115,14:50:11,5.52,0.01,405,223559,买盘
116,14:50:06,5.51,-0.01,206,113506,卖盘
117,14:50:00,5.52,--,456,251711,买盘
118,14:49:56,5.52,--,98,54095,买盘
119,14:49:41,5.52,--,232,128063,买盘
120,14:49:36,5.52,--,83,45816,买盘
121,14:49:31,5.52,0.01,108,59615,买盘
122,14:49:21,5.51,-0.01,177,97527,卖盘
123,14:49:15,5.52,0.01,1,552,买盘
124,14:49:11,5.51,-0.01,110,60610,卖盘
125,14:49:06,5.52,0.01,213,117575,买盘
126,14:49:00,5.51,-0.01,35,19285,卖盘
127,14:48:56,5.52,0.01,133,73416,买盘
128,14:48:50,5.51,--,34,18734,卖盘
129,14:48:45,5.51,-0.01,30,16530,卖盘
130,14:48:41,5.52,0.01,2,1104,买盘
131,14:48:30,5.51,-0.01,21,11571,卖盘
132,14:48:26,5.52,--,84,46368,买盘
133,14:48:20,5.52,--,100,55199,买盘
134,14:48:15,5.52,0.01,152,83904,买盘
135,14:48:11,5.51,-0.01,56,30856,卖盘
136,14:48:05,5.52,0.01,31,17112,买盘
137,14:48:00,5.51,--,306,168606,卖盘
138,14:47:56,5.51,-0.01,181,99731,卖盘
139,14:47:50,5.52,0.01,212,117327,买盘
140,14:47:45,5.51,-0.01,70,38570,卖盘
141,14:47:41,5.52,0.01,123,67896,买盘
142,14:47:35,5.51,-0.01,134,73834,卖盘
143,14:47:30,5.52,0.01,10,5520,买盘
144,14:47:26,5.51,--,146,80446,卖盘
145,14:47:20,5.51,-0.01,118,65018,卖盘
146,14:47:15,5.52,0.01,10,5520,买盘
147,14:47:11,5.51,--,480,264480,卖盘
148,14:47:05,5.51,-0.01,396,218196,卖盘
149,14:47:00,5.52,0.01,96,52991,买盘
150,14:46:56,5.51,--,180,99180,卖盘
151,14:46:50,5.51,-0.01,2019,1112469,卖盘
152,14:46:45,5.52,0.01,205,113159,买盘
153,14:46:41,5.51,--,178,98078,卖盘
154,14:46:35,5.51,-0.01,79,43529,卖盘
155,14:46:30,5.52,0.01,68,37536,买盘
156,14:46:26,5.51,--,65,35815,卖盘
157,14:46:20,5.51,--,346,190646,卖盘
158,14:46:15,5.51,-0.01,20,11020,卖盘
159,14:46:11,5.52,0.01,44,24287,买盘
160,14:46:05,5.51,-0.01,331,182381,卖盘
161,14:46:00,5.52,--,132,72864,买盘
162,14:45:56,5.52,0.01,121,66792,买盘
163,14:45:50,5.51,--,71,39121,卖盘
164,14:45:45,5.51,-0.01,15,8265,卖盘
165,14:45:41,5.52,0.01,50,27599,买盘
166,14:45:35,5.51,-0.01,2704,1489904,卖盘
167,14:45:30,5.52,0.01,21,11592,买盘
168,14:45:26,5.51,-0.01,51,28101,卖盘
169,14:45:20,5.52,--,117,64583,买盘
170,14:45:15,5.52,--,32,17664,买盘
171,14:45:11,5.52,0.01,1718,948335,买盘
172,14:45:05,5.51,--,136,74936,卖盘
173,14:45:00,5.51,-0.01,100,55100,卖盘
174,14:44:55,5.52,--,100,55199,买盘
175,14:44:50,5.52,--,200,110399,买盘
176,14:44:45,5.52,--,36,19872,买盘
177,14:44:40,5.52,--,196,108191,买盘
178,14:44:35,5.52,--,213,117846,买盘
179,14:44:30,5.52,--,651,359352,买盘
180,14:44:25,5.52,0.01,99,54647,买盘
181,14:44:20,5.51,-0.01,67,36972,卖盘
182,14:44:15,5.52,--,33,18216,买盘
183,14:44:10,5.52,--,30,16637,买盘
184,14:44:05,5.52,0.01,148,81696,买盘
185,14:44:00,5.51,-0.01,201,110751,卖盘
186,14:43:55,5.52,0.01,247,136344,买盘
187,14:43:50,5.51,-0.01,6,3306,卖盘
188,14:43:45,5.52,--,159,87768,买盘
189,14:43:40,5.52,--,183,101015,买盘
190,14:43:35,5.52,0.01,236,130271,买盘
191,14:43:30,5.51,--,123,67773,卖盘
192,14:43:20,5.51,--,51,28101,卖盘
193,14:43:15,5.51,--,362,199462,卖盘
194,14:43:10,5.51,-0.01,251,138301,卖盘
195,14:43:05,5.52,0.01,103,56855,买盘
196,14:42:59,5.51,--,426,234726,卖盘
197,14:42:55,5.51,--,33,18183,卖盘
198,14:42:50,5.51,-0.01,311,171361,卖盘
199,14:42:45,5.52,0.01,121,66792,买盘
200,14:42:40,5.51,--,220,121220,卖盘
201,14:42:35,5.51,--,185,101935,卖盘
202,14:42:29,5.51,--,3,1653,卖盘
203,14:42:24,5.51,--,40,22040,卖盘
204,14:42:20,5.51,--,47,25897,卖盘
205,14:42:14,5.51,--,139,76589,卖盘
206,14:42:09,5.51,--,222,122322,卖盘
207,14:42:05,5.51,--,661,364211,卖盘
208,14:41:59,5.51,-0.01,380,209380,卖盘
209,14:41:54,5.52,0.01,301,166152,买盘
210,14:41:50,5.51,--,70,38570,卖盘
211,14:41:44,5.51,-0.01,3324,1831524,卖盘
212,14:41:39,5.52,--,358,197615,买盘
213,14:41:35,5.52,--,32,17664,买盘
214,14:41:29,5.52,0.01,74,40848,买盘
215,14:41:24,5.51,--,253,139403,卖盘
216,14:41:20,5.51,--,1011,557061,卖盘
217,14:41:14,5.51,-0.01,313,172463,卖盘
218,14:41:09,5.52,0.01,476,262752,买盘
219,14:41:05,5.51,--,649,357599,卖盘
220,14:40:59,5.51,--,577,317927,卖盘
221,14:40:54,5.51,--,757,417107,卖盘
222,14:40:49,5.51,--,275,151525,卖盘
223,14:40:44,5.51,--,900,495900,卖盘
224,14:40:39,5.51,--,255,140505,卖盘
225,14:40:35,5.51,--,46,25346,卖盘
226,14:40:29,5.51,-0.01,145,79895,卖盘
227,14:40:24,5.52,0.01,14,7727,买盘
228,14:40:19,5.51,--,114,62814,卖盘
229,14:40:09,5.51,--,1070,589570,卖盘
230,14:39:59,5.51,-0.01,95,52345,卖盘
231,14:39:54,5.52,0.01,62,34224,买盘
232,14:39:44,5.51,--,34,18734,卖盘
233,14:39:39,5.51,--,183,100833,卖盘
234,14:39:34,5.51,--,76,41876,卖盘
235,14:39:29,5.51,-0.01,18,9918,卖盘
236,14:39:24,5.52,--,2068,1141536,买盘
237,14:39:19,5.52,0.01,90,49679,买盘
238,14:39:14,5.51,--,4,2204,卖盘
239,14:39:09,5.51,--,106,58406,卖盘
240,14:39:04,5.51,-0.01,500,275500,卖盘
241,14:38:59,5.52,--,925,510599,买盘
242,14:38:54,5.52,--,130,71760,买盘
243,14:38:49,5.52,0.01,25,13799,买盘
244,14:38:44,5.51,--,100,55100,卖盘
245,14:38:39,5.51,-0.01,911,501961,卖盘
246,14:38:34,5.52,0.01,110,60719,买盘
247,14:38:29,5.51,--,466,256766,卖盘
248,14:38:24,5.51,--,60,33060,卖盘
249,14:38:19,5.51,-0.01,30,16530,卖盘
250,14:38:14,5.52,--,75,41400,买盘
251,14:38:09,5.52,--,110,60719,买盘
252,14:38:04,5.52,0.01,43,23735,买盘
253,14:37:59,5.51,-0.01,477,262827,卖盘
254,14:37:54,5.52,0.01,130,71760,买盘
255,14:37:49,5.51,-0.01,172,94772,卖盘
256,14:37:44,5.52,--,24,13247,买盘
257,14:37:39,5.52,--,683,377015,买盘
258,14:37:34,5.52,0.01,25,13799,买盘
259,14:37:29,5.51,-0.01,44,24244,卖盘
260,14:37:24,5.52,0.01,633,349416,买盘
261,14:37:19,5.51,--,18,9918,卖盘
262,14:37:14,5.51,-0.01,70,38570,卖盘
263,14:37:09,5.52,0.01,221,121991,买盘
264,14:37:04,5.51,--,4,2204,卖盘
265,14:36:59,5.51,-0.01,473,260623,卖盘
266,14:36:54,5.52,--,13,7175,买盘
267,14:36:49,5.52,0.01,27,14903,买盘
268,14:36:44,5.51,-0.01,43,23693,卖盘
269,14:36:38,5.52,0.01,120,66240,买盘
270,14:36:34,5.51,-0.01,31,17081,卖盘
271,14:36:29,5.52,0.01,123,67896,买盘
272,14:36:23,5.51,--,232,127832,卖盘
273,14:36:19,5.51,-0.01,20,11020,卖盘
274,14:36:14,5.52,--,45,24839,买盘
275,14:36:08,5.52,--,6,3311,买盘
276,14:35:59,5.52,0.01,435,240119,买盘
277,14:35:53,5.51,-0.01,378,208278,卖盘
278,14:35:49,5.52,0.01,47,25943,买盘
279,14:35:44,5.51,--,30,16530,卖盘
280,14:35:38,5.51,--,60,33060,卖盘
281,14:35:33,5.51,--,5,2755,卖盘
282,14:35:29,5.51,--,60,33060,卖盘
283,14:35:23,5.51,--,41,22591,卖盘
284,14:35:18,5.51,--,2563,1412213,卖盘
285,14:35:13,5.51,-0.01,45,24795,卖盘
286,14:35:08,5.52,0.01,53,29255,买盘
287,14:35:03,5.51,-0.01,248,136648,卖盘
288,14:34:58,5.52,0.01,62,34555,买盘
289,14:34:53,5.51,--,426,234726,卖盘
290,14:34:48,5.51,--,176,96976,卖盘
291,14:34:43,5.51,-0.01,273,150423,卖盘
292,14:34:38,5.52,0.01,145,80040,买盘
293,14:34:33,5.51,-0.01,234,128934,卖盘
294,14:34:28,5.52,--,85,46920,买盘
295,14:34:23,5.52,--,42,23305,买盘
296,14:34:18,5.52,0.01,337,186024,买盘
297,14:34:13,5.51,--,136,74936,卖盘
298,14:34:08,5.51,--,193,106343,卖盘
299,14:34:03,5.51,-0.01,61,33611,卖盘
300,14:33:58,5.52,0.01,5,2760,买盘
301,14:33:53,5.51,-0.01,40,22040,卖盘
302,14:33:48,5.52,0.01,375,206999,买盘
303,14:33:43,5.51,--,80,44080,卖盘
304,14:33:38,5.51,--,257,141827,卖盘
305,14:33:33,5.51,--,200,110200,卖盘
306,14:33:28,5.51,--,96,52896,卖盘
307,14:33:23,5.51,-0.01,1559,859009,卖盘
308,14:33:18,5.52,--,476,262752,买盘
309,14:33:13,5.52,0.01,79,43608,买盘
310,14:33:08,5.51,-0.01,67,36917,卖盘
311,14:33:03,5.52,0.01,76,41952,买盘
312,14:32:58,5.51,-0.01,482,265582,卖盘
313,14:32:53,5.52,--,629,347208,买盘
314,14:32:48,5.52,0.01,111,61271,买盘
315,14:32:43,5.51,-0.01,54,29754,卖盘
316,14:32:38,5.52,--,27,14903,买盘
317,14:32:33,5.52,0.01,571,315192,买盘
318,14:32:23,5.51,--,260,143260,卖盘
319,14:32:18,5.51,-0.01,154,84854,卖盘
320,14:32:13,5.52,0.01,100,55199,买盘
321,14:32:08,5.51,--,153,84303,卖盘
322,14:32:03,5.51,-0.01,194,106894,卖盘
323,14:31:53,5.52,0.01,40,22080,买盘
324,14:31:48,5.51,-0.01,243,133893,卖盘
325,14:31:43,5.52,0.01,93,51335,买盘
326,14:31:38,5.51,--,181,99731,卖盘
327,14:31:33,5.51,--,431,237481,卖盘
328,14:31:28,5.51,-0.01,20,11020,卖盘
329,14:31:23,5.52,0.01,34,18768,买盘
330,14:31:18,5.51,--,93,51243,卖盘
331,14:31:13,5.51,--,18,9918,卖盘
332,14:31:08,5.51,-0.01,394,217094,卖盘
333,14:31:03,5.52,--,363,200375,买盘
334,14:30:58,5.52,0.01,101,55751,买盘
335,14:30:53,5.51,--,103,56753,卖盘
336,14:30:48,5.51,--,24,13224,卖盘
337,14:30:43,5.51,--,112,61712,卖盘
338,14:30:38,5.51,--,145,79895,卖盘
339,14:30:33,5.51,--,410,225910,卖盘
340,14:30:28,5.51,-0.01,489,269439,卖盘
341,14:30:23,5.52,0.01,138,76176,买盘
342,14:30:17,5.51,-0.01,210,115710,卖盘
343,14:30:13,5.52,0.01,43,23735,买盘
344,14:30:08,5.51,--,91,50141,卖盘
345,14:30:02,5.51,-0.01,10,5510,卖盘
346,14:29:53,5.52,0.01,20,11040,买盘
347,14:29:47,5.51,-0.01,38,20938,卖盘
348,14:29:43,5.52,--,2,1104,买盘
349,14:29:38,5.52,0.01,9,4968,买盘
350,14:29:32,5.51,-0.01,53,29203,卖盘
351,14:29:28,5.52,--,23,12695,买盘
352,14:29:23,5.52,0.01,87,48023,买盘
353,14:29:17,5.51,--,10,5510,卖盘
354,14:29:13,5.51,--,55,30305,卖盘
355,14:29:08,5.51,--,577,317927,卖盘
356,14:29:02,5.51,-0.01,556,306356,卖盘
357,14:28:57,5.52,0.01,10,5520,买盘
358,14:28:53,5.51,--,128,70528,卖盘
359,14:28:47,5.51,-0.01,20,11020,卖盘
360,14:28:42,5.52,--,18,9936,买盘
361,14:28:38,5.52,--,156,86112,买盘
362,14:28:32,5.52,--,205,113706,买盘
363,14:28:27,5.52,0.01,100,55199,买盘
364,14:28:22,5.51,--,139,76589,卖盘
365,14:28:17,5.51,-0.01,10,5510,卖盘
366,14:28:12,5.52,0.01,226,124751,买盘
367,14:28:07,5.51,-0.01,100,55100,卖盘
368,14:28:02,5.52,0.01,3,1655,买盘
369,14:27:57,5.51,-0.01,43,23781,卖盘
370,14:27:52,5.52,0.01,186,102671,买盘
371,14:27:47,5.51,--,82,45182,卖盘
372,14:27:42,5.51,-0.01,107,59122,卖盘
373,14:27:37,5.52,--,37,20424,买盘
374,14:27:32,5.52,--,22,12143,买盘
375,14:27:17,5.52,--,67,36984,买盘
376,14:27:12,5.52,--,369,203963,卖盘
377,14:27:07,5.52,-0.01,1999,1103448,卖盘
378,14:27:02,5.53,0.01,21,11613,买盘
379,14:26:57,5.52,--,33,18298,卖盘
380,14:26:52,5.52,--,90,49679,卖盘
381,14:26:47,5.52,--,122,67344,卖盘
382,14:26:42,5.52,-0.01,37,20506,卖盘
383,14:26:37,5.53,0.01,10,5530,买盘
384,14:26:32,5.52,--,45,24839,卖盘
385,14:26:27,5.52,--,64,35328,卖盘
386,14:26:17,5.52,--,47,26026,卖盘
387,14:26:12,5.52,--,228,125855,卖盘
388,14:26:07,5.52,-0.01,30,16560,卖盘
389,14:26:02,5.53,0.01,47,25991,买盘
390,14:25:57,5.52,--,40,22162,卖盘
391,14:25:52,5.52,--,392,216383,卖盘
392,14:25:42,5.52,--,59,32650,卖盘
393,14:25:32,5.52,--,18,9936,卖盘
394,14:25:27,5.52,-0.01,39,21528,卖盘
395,14:25:22,5.53,0.01,16,8848,买盘
396,14:25:17,5.52,-0.01,166,91714,卖盘
397,14:25:12,5.53,--,4,2212,买盘
398,14:25:07,5.53,0.01,51,28203,买盘
399,14:25:02,5.52,--,237,130823,卖盘
400,14:24:57,5.52,--,133,73498,卖盘
401,14:24:52,5.52,--,19,10488,卖盘
402,14:24:41,5.52,--,33,18298,卖盘
403,14:24:32,5.52,-0.01,233,128615,卖盘
404,14:24:27,5.53,0.01,46,25438,买盘
405,14:24:22,5.52,--,19,10488,卖盘
406,14:24:17,5.52,--,33,18298,卖盘
407,14:24:02,5.52,--,40,22080,卖盘
408,14:23:56,5.52,-0.01,36,19954,卖盘
409,14:23:52,5.53,0.02,100,55300,买盘
410,14:23:47,5.51,--,543,299193,卖盘
411,14:23:41,5.51,-0.01,281,154913,卖盘
412,14:23:37,5.52,--,30,16560,买盘
413,14:23:32,5.52,--,30,16560,买盘
414,14:23:26,5.52,--,100,55199,买盘
415,14:23:17,5.52,--,12,7159,卖盘
416,14:23:11,5.52,--,20,11040,卖盘
417,14:23:07,5.52,--,22,12160,买盘
418,14:23:02,5.52,--,225,124199,买盘
419,14:22:56,5.52,--,340,187735,卖盘
420,14:22:47,5.52,--,12,6623,卖盘
421,14:22:41,5.52,--,183,101098,卖盘
422,14:22:37,5.52,--,6,3311,卖盘
423,14:22:32,5.52,--,34,19071,卖盘
424,14:22:26,5.52,--,90,49679,卖盘
425,14:22:22,5.52,--,141,77832,卖盘
426,14:22:17,5.52,--,593,327418,卖盘
427,14:22:11,5.52,--,171,94391,卖盘
428,14:22:07,5.52,--,89,49127,卖盘
429,14:22:02,5.52,--,7,3863,卖盘
430,14:21:56,5.52,--,368,203218,卖盘
431,14:21:51,5.52,-0.01,31,17112,卖盘
432,14:21:47,5.53,0.01,126,69678,买盘
433,14:21:41,5.52,-0.01,168,92818,卖盘
434,14:21:36,5.53,0.01,17,9401,买盘
435,14:21:31,5.52,-0.01,7,3863,卖盘
436,14:21:26,5.53,0.01,30,16590,买盘
437,14:21:21,5.52,--,7,3863,卖盘
438,14:21:16,5.52,-0.01,4042,2231266,卖盘
439,14:21:11,5.53,0.01,188,103964,买盘
440,14:21:06,5.52,-0.01,18,9936,卖盘
441,14:21:01,5.53,0.01,518,286454,买盘
442,14:20:56,5.52,--,102,56386,卖盘
443,14:20:51,5.52,--,197,108743,卖盘
444,14:20:41,5.52,--,39,21610,卖盘
445,14:20:36,5.52,--,1334,736533,买盘
446,14:20:31,5.52,0.01,28,15455,买盘
447,14:20:26,5.51,-0.01,69,38019,卖盘
448,14:20:21,5.52,--,69,38170,买盘
449,14:20:16,5.52,--,127,70104,买盘
450,14:20:11,5.52,--,26,14351,买盘
451,14:20:06,5.52,--,307,169464,买盘
452,14:20:01,5.52,0.01,17,9384,买盘
453,14:19:56,5.51,--,45,24877,卖盘
454,14:19:51,5.51,-0.01,122,67222,卖盘
455,14:19:46,5.52,--,8,4416,买盘
456,14:19:41,5.52,--,331,182794,买盘
457,14:19:36,5.52,0.01,96,52991,买盘
458,14:19:31,5.51,-0.01,18,9918,卖盘
459,14:19:26,5.52,--,89,49127,买盘
460,14:19:21,5.52,--,121,66874,买盘
461,14:19:16,5.52,--,20,11040,买盘
462,14:19:11,5.52,0.01,168,92736,买盘
463,14:19:06,5.51,-0.01,50,27550,卖盘
464,14:19:01,5.52,0.01,18,9936,买盘
465,14:18:56,5.51,--,93,51325,卖盘
466,14:18:51,5.51,--,87,47937,卖盘
467,14:18:41,5.51,-0.01,210,115792,卖盘
468,14:18:36,5.52,0.01,57,31463,买盘
469,14:18:31,5.51,--,6,3306,卖盘
470,14:18:26,5.51,-0.01,2,1102,卖盘
471,14:18:21,5.52,0.01,84,46450,买盘
472,14:18:16,5.51,-0.01,20,11020,卖盘
473,14:18:11,5.52,0.01,279,154008,买盘
474,14:18:06,5.51,--,251,138301,卖盘
475,14:18:01,5.51,-0.01,40,22122,卖盘
476,14:17:56,5.52,--,146,80592,买盘
477,14:17:50,5.52,--,235,129719,买盘
478,14:17:46,5.52,--,43,23735,买盘
479,14:17:41,5.52,--,240,132562,买盘
480,14:17:35,5.52,0.01,114,62927,买盘
481,14:17:31,5.51,-0.01,613,337763,卖盘
482,14:17:26,5.52,--,90,49679,买盘
483,14:17:19,5.52,0.01,1082,597346,买盘
484,14:17:11,5.51,--,1261,694811,卖盘
485,14:17:05,5.51,--,44,24244,卖盘
486,14:17:01,5.51,--,182,100364,卖盘
487,14:16:56,5.51,--,1000,551000,卖盘
488,14:16:50,5.51,--,7,3857,卖盘
489,14:16:46,5.51,--,20,11020,卖盘
490,14:16:41,5.51,-0.01,306,168688,卖盘
491,14:16:35,5.52,0.01,120,66240,买盘
492,14:16:31,5.51,--,207,114057,卖盘
493,14:16:26,5.51,--,108,59508,卖盘
494,14:16:20,5.51,--,156,86038,卖盘
495,14:16:16,5.51,--,21,11571,卖盘
496,14:16:11,5.51,--,8,4408,卖盘
497,14:16:05,5.51,--,359,197809,卖盘
498,14:16:01,5.51,-0.01,90,49672,卖盘
499,14:15:56,5.52,0.01,20,11040,买盘
500,14:15:50,5.51,--,53,29203,卖盘
501,14:15:41,5.51,--,195,107527,卖盘
502,14:15:35,5.51,--,106,58406,卖盘
503,14:15:31,5.51,--,87,47937,卖盘
504,14:15:26,5.51,--,49,26999,卖盘
505,14:15:20,5.51,-0.01,29,15979,卖盘
506,14:15:16,5.52,--,297,163944,买盘
507,14:15:11,5.52,0.01,389,214727,买盘
508,14:15:05,5.51,--,88,49011,卖盘
509,14:15:01,5.51,--,341,188397,卖盘
510,14:14:56,5.51,-0.01,184,101384,卖盘
511,14:14:50,5.52,0.01,99,54647,买盘
512,14:14:41,5.51,-0.01,8,4408,卖盘
513,14:14:35,5.52,--,188,103775,买盘
514,14:14:30,5.52,--,25,13799,买盘
515,14:14:26,5.52,--,2902,1601903,卖盘
516,14:14:20,5.52,--,191,105431,卖盘
517,14:14:15,5.52,--,4,2208,卖盘
518,14:14:10,5.52,--,59,32567,卖盘
519,14:14:05,5.52,--,175,96599,卖盘
520,14:14:00,5.52,--,335,184920,卖盘
521,14:13:55,5.52,--,72,39744,卖盘
522,14:13:50,5.52,--,1663,917975,卖盘
523,14:13:40,5.52,-0.01,207,114263,卖盘
524,14:13:34,5.53,0.01,121,66913,买盘
525,14:13:30,5.52,--,87,48023,卖盘
526,14:13:20,5.52,--,21,11592,卖盘
527,14:13:15,5.52,--,140,77280,卖盘
528,14:13:10,5.52,--,16,8832,卖盘
529,14:13:05,5.52,--,3906,2156112,卖盘
530,14:13:00,5.52,-0.01,16,8832,卖盘
531,14:12:50,5.53,0.01,1417,783601,买盘
532,14:12:45,5.52,--,10,5520,卖盘
533,14:12:40,5.52,--,7,3863,卖盘
534,14:12:35,5.52,-0.01,84,46368,卖盘
535,14:12:30,5.53,--,8,4424,买盘
536,14:12:25,5.53,0.01,47,25991,买盘
537,14:12:20,5.52,-0.01,16,8832,卖盘
538,14:12:15,5.53,0.01,5,2765,买盘
539,14:12:10,5.52,--,7,3863,卖盘
540,14:12:05,5.52,--,240,132480,卖盘
541,14:11:58,5.52,-0.01,7,3863,卖盘
542,14:11:55,5.53,0.01,6,3318,买盘
543,14:11:50,5.52,-0.01,8,4416,卖盘
544,14:11:43,5.53,0.01,38,21014,买盘
545,14:11:40,5.52,--,42,23184,卖盘
546,14:11:35,5.52,--,303,167256,卖盘
547,14:11:29,5.52,-0.01,7,3863,卖盘
548,14:11:25,5.53,0.01,29,16037,买盘
549,14:11:20,5.52,--,412,227423,卖盘
550,14:11:13,5.52,--,1121,618792,卖盘
551,14:11:10,5.52,--,7,3863,卖盘
552,14:10:58,5.52,--,24,13247,卖盘
553,14:10:55,5.52,--,1000,552000,卖盘
554,14:10:49,5.52,-0.01,52,28703,卖盘
555,14:10:43,5.53,0.01,226,124978,买盘
556,14:10:40,5.52,-0.01,7,3863,卖盘
557,14:10:34,5.53,0.01,22,12166,买盘
558,14:10:29,5.52,--,7,3863,卖盘
559,14:10:25,5.52,--,2,1104,卖盘
560,14:10:19,5.52,--,7,3863,卖盘
561,14:10:13,5.52,--,4,2208,卖盘
562,14:10:10,5.52,-0.01,7,3863,卖盘
563,14:10:05,5.53,0.01,93,51429,买盘
564,14:09:58,5.52,--,6,3311,卖盘
565,14:09:49,5.52,-0.01,25,13799,卖盘
566,14:09:43,5.53,0.01,27,14931,买盘
567,14:09:40,5.52,--,107,59063,卖盘
568,14:09:34,5.52,--,3,1655,卖盘
569,14:09:28,5.52,--,46,25391,卖盘
570,14:09:19,5.52,--,28,15455,卖盘
571,14:09:10,5.52,-0.01,13,7175,卖盘
572,14:09:04,5.53,0.01,1,553,买盘
573,14:08:58,5.52,--,19,10488,卖盘
574,14:08:49,5.52,-0.01,16,8832,卖盘
575,14:08:43,5.53,0.01,41,22673,买盘
576,14:08:39,5.52,-0.01,212,117023,卖盘
577,14:08:34,5.53,0.01,10,5530,买盘
578,14:08:28,5.52,-0.01,39,21528,卖盘
579,14:08:25,5.53,--,143,79079,买盘
580,14:08:19,5.53,0.01,9,4977,买盘
581,14:08:13,5.52,--,3,1655,卖盘
582,14:08:09,5.52,--,7,3863,卖盘
583,14:08:04,5.52,--,144,79488,卖盘
584,14:07:58,5.52,--,217,119783,卖盘
585,14:07:54,5.52,--,25,13799,卖盘
586,14:07:49,5.52,-0.01,7,3863,卖盘
587,14:07:43,5.53,--,16,8848,买盘
588,14:07:39,5.53,--,40,22120,买盘
589,14:07:34,5.53,0.01,92,50876,买盘
590,14:07:28,5.52,-0.01,60,33120,卖盘
591,14:07:19,5.53,0.01,207,114471,买盘
592,14:07:09,5.52,-0.01,7,3863,卖盘
593,14:07:04,5.53,--,535,295855,买盘
594,14:06:58,5.53,0.01,22,12166,买盘
595,14:06:49,5.52,-0.01,6,3311,卖盘
596,14:06:43,5.53,0.01,100,55300,买盘
597,14:06:39,5.52,-0.01,18,9936,卖盘
598,14:06:34,5.53,0.01,280,154840,买盘
599,14:06:28,5.52,-0.01,38,20976,卖盘
600,14:06:19,5.53,--,20,11060,买盘
601,14:06:13,5.53,0.01,91,50323,买盘
602,14:06:09,5.52,-0.01,7,3863,卖盘
603,14:06:04,5.53,0.01,7,3871,买盘
604,14:05:58,5.52,-0.01,113,62375,卖盘
605,14:05:54,5.53,0.01,606,335118,买盘
606,14:05:49,5.52,-0.01,327,180504,卖盘
607,14:05:43,5.53,--,64,35392,买盘
608,14:05:39,5.53,--,31,17143,买盘
609,14:05:34,5.53,0.01,11,6083,买盘
610,14:05:28,5.52,--,81,44712,卖盘
611,14:05:24,5.52,--,50,27599,卖盘
612,14:05:19,5.52,--,72,39744,卖盘
613,14:05:13,5.52,--,142,78384,卖盘
614,14:05:07,5.52,--,7,3863,卖盘
615,14:04:58,5.52,-0.01,49,27047,卖盘
616,14:04:54,5.53,0.01,267,147651,买盘
617,14:04:49,5.52,-0.01,347,191543,卖盘
618,14:04:43,5.53,0.01,115,63595,买盘
619,14:04:37,5.52,-0.01,10,5520,卖盘
620,14:04:28,5.53,0.01,542,299726,买盘
621,14:04:22,5.52,--,971,535992,卖盘
622,14:04:19,5.52,--,200,110399,卖盘
623,14:04:13,5.52,-0.01,6,3311,卖盘
624,14:04:07,5.53,--,406,224518,买盘
625,14:04:04,5.53,0.01,130,71890,买盘
626,14:03:58,5.52,-0.01,30,16560,卖盘
627,14:03:52,5.53,--,117,64701,买盘
628,14:03:49,5.53,0.01,2,1106,买盘
629,14:03:43,5.52,-0.01,10,5520,卖盘
630,14:03:37,5.53,0.01,15,8295,买盘
631,14:03:34,5.52,--,46,25391,卖盘
632,14:03:28,5.52,-0.01,75,41400,卖盘
633,14:03:22,5.53,0.01,120,66360,买盘
634,14:03:19,5.52,-0.01,500,276000,卖盘
635,14:03:13,5.53,0.01,4,2212,买盘
636,14:03:07,5.52,-0.01,10,5520,卖盘
637,14:03:04,5.53,0.01,100,55300,买盘
638,14:02:58,5.52,-0.01,178,98255,卖盘
639,14:02:52,5.53,0.01,121,66913,买盘
640,14:02:49,5.52,-0.01,7,3863,卖盘
641,14:02:43,5.53,--,27,14931,买盘
642,14:02:37,5.53,0.01,61,33733,买盘
643,14:02:34,5.52,--,45,24839,卖盘
644,14:02:19,5.52,--,3,1655,卖盘
645,14:02:07,5.52,--,182,100463,卖盘
646,14:02:04,5.52,--,102,56303,卖盘
647,14:01:58,5.52,--,87,48023,卖盘
648,14:01:52,5.52,--,103,56855,卖盘
649,14:01:49,5.52,--,10,5520,卖盘
650,14:01:43,5.52,--,100,55199,卖盘
651,14:01:37,5.52,-0.01,187,103223,卖盘
652,14:01:34,5.53,0.01,155,85715,买盘
653,14:01:28,5.52,-0.01,7,3863,卖盘
654,14:01:22,5.53,0.01,820,453460,买盘
655,14:01:19,5.52,--,149,82248,卖盘
656,14:01:13,5.52,--,2,1104,卖盘
657,14:01:07,5.52,--,492,271584,卖盘
658,14:01:03,5.52,-0.01,58,32015,卖盘
659,14:00:58,5.53,--,116,64148,买盘
660,14:00:52,5.53,0.01,402,222306,买盘
661,14:00:48,5.52,--,241,133032,卖盘
662,14:00:43,5.52,--,679,374808,卖盘
663,14:00:37,5.52,--,349,192647,卖盘
664,14:00:33,5.52,-0.01,1671,922640,卖盘
665,14:00:28,5.53,--,2380,1316140,卖盘
666,14:00:22,5.53,--,84,46452,卖盘
667,14:00:13,5.53,--,10,5530,卖盘
668,14:00:03,5.53,--,47,25991,卖盘
669,13:59:52,5.53,--,67,37051,卖盘
670,13:59:37,5.53,-0.01,31,17143,卖盘
671,13:59:22,5.54,0.01,5,2770,买盘
672,13:59:18,5.53,-0.01,9,4977,卖盘
673,13:59:07,5.54,--,2,1108,买盘
674,13:59:03,5.54,--,10,5540,买盘
675,13:58:52,5.54,--,108,59832,买盘
676,13:58:48,5.54,0.01,11,6094,买盘
677,13:58:37,5.53,-0.01,12,6636,卖盘
678,13:58:28,5.54,--,54,29916,买盘
679,13:58:22,5.54,0.01,40,22160,买盘
680,13:58:16,5.53,--,8,4424,卖盘
681,13:57:52,5.53,-0.01,2,1106,卖盘
682,13:57:46,5.54,0.01,10,5540,买盘
683,13:57:31,5.53,-0.01,200,110600,卖盘
684,13:57:22,5.54,0.01,50,27700,买盘
685,13:57:16,5.53,-0.01,608,336224,卖盘
686,13:56:58,5.54,--,19,10526,买盘
687,13:56:46,5.54,0.01,50,27700,买盘
688,13:56:43,5.53,-0.01,6000,3318000,卖盘
689,13:56:37,5.54,0.01,73,40442,买盘
690,13:56:31,5.53,--,30,16590,卖盘
691,13:56:16,5.53,--,121,66913,卖盘
692,13:56:07,5.53,-0.01,6,3318,卖盘
693,13:56:01,5.54,0.01,177,98058,买盘
694,13:55:52,5.53,-0.01,12,6995,卖盘
695,13:55:46,5.54,--,18,9972,买盘
696,13:55:43,5.54,--,21,11634,买盘
697,13:55:37,5.54,--,11,6094,买盘
698,13:55:31,5.54,--,3,1662,买盘
699,13:55:16,5.54,--,4,2216,买盘
700,13:55:07,5.54,0.01,112,62048,买盘
701,13:54:58,5.53,--,41,23115,卖盘
702,13:54:52,5.53,--,171,94563,卖盘
703,13:54:43,5.53,--,607,335671,卖盘
704,13:54:37,5.53,--,2,1106,卖盘
705,13:54:31,5.53,--,12,6636,卖盘
706,13:54:22,5.53,--,7,3871,卖盘
707,13:54:16,5.53,--,24,13272,卖盘
708,13:54:07,5.53,-0.01,7,3871,卖盘
709,13:54:01,5.54,0.01,10,5540,买盘
710,13:53:57,5.53,-0.01,50,27650,卖盘
711,13:53:52,5.54,0.01,31,17174,买盘
712,13:53:46,5.53,-0.01,7,3871,卖盘
713,13:53:37,5.54,--,84,46536,买盘
714,13:53:31,5.54,0.01,33,18282,买盘
715,13:53:27,5.53,--,607,335671,卖盘
716,13:53:22,5.53,--,121,66913,卖盘
717,13:53:16,5.53,--,30,16590,卖盘
718,13:53:12,5.53,-0.01,4,2212,卖盘
719,13:53:07,5.54,--,83,45982,买盘
720,13:53:01,5.54,--,3,1662,买盘
721,13:52:57,5.54,0.01,73,40442,买盘
722,13:52:52,5.53,-0.01,36,19908,卖盘
723,13:52:46,5.54,0.01,42,23268,买盘
724,13:52:37,5.53,--,16,8848,卖盘
725,13:52:27,5.53,--,10,5530,卖盘
726,13:52:22,5.53,--,367,202951,卖盘
727,13:52:16,5.53,--,210,116130,卖盘
728,13:52:12,5.53,--,2,1106,卖盘
729,13:52:07,5.53,--,18,9954,卖盘
730,13:52:01,5.53,--,19,10507,卖盘
731,13:51:52,5.53,-0.01,8,4424,卖盘
732,13:51:46,5.54,0.01,48,26592,买盘
733,13:51:40,5.53,--,20,11060,卖盘
734,13:51:37,5.53,--,7,3871,卖盘
735,13:51:31,5.53,--,203,112259,卖盘
736,13:51:22,5.53,--,6,3318,卖盘
737,13:51:16,5.53,-0.01,7,3871,卖盘
738,13:51:10,5.54,--,1,554,买盘
739,13:51:07,5.54,0.01,93,51522,买盘
740,13:51:01,5.53,--,606,335118,卖盘
741,13:50:52,5.53,-0.01,7,3871,卖盘
742,13:50:46,5.54,0.01,2287,1266998,买盘
743,13:50:36,5.53,--,16,8848,卖盘
744,13:50:25,5.53,--,7,3871,卖盘
745,13:50:22,5.53,--,15,8295,卖盘
746,13:50:16,5.53,-0.01,11,6083,卖盘
747,13:50:10,5.54,0.01,100,55400,买盘
748,13:50:07,5.53,-0.01,7,3871,卖盘
749,13:50:01,5.54,0.01,180,99720,买盘
750,13:49:55,5.53,-0.01,77,42581,卖盘
751,13:49:46,5.54,--,384,212736,买盘
752,13:49:40,5.54,0.01,42,23268,买盘
753,13:49:37,5.53,-0.01,7,3871,卖盘
754,13:49:31,5.54,0.01,5,2770,买盘
755,13:49:25,5.53,--,7,3871,卖盘
756,13:49:22,5.53,--,83,45899,卖盘
757,13:49:16,5.53,--,187,103411,卖盘
758,13:49:10,5.53,-0.01,181,100093,卖盘
759,13:49:06,5.54,--,143,79222,买盘
760,13:49:01,5.54,--,3443,1907422,卖盘
761,13:48:55,5.54,--,86,47644,卖盘
762,13:48:51,5.54,--,10,5540,卖盘
763,13:48:46,5.54,-0.01,27,14958,卖盘
764,13:48:40,5.55,0.01,200,111000,买盘
765,13:48:36,5.54,--,7,3878,卖盘
766,13:48:25,5.54,--,7,3878,卖盘
767,13:48:16,5.54,-0.01,16,8864,卖盘
768,13:48:10,5.55,0.01,528,293040,买盘
769,13:48:07,5.54,-0.01,7,3878,卖盘
770,13:48:01,5.55,0.01,196,108780,买盘
771,13:47:55,5.54,--,7,3878,卖盘
772,13:47:52,5.54,--,17,9418,卖盘
773,13:47:46,5.54,-0.01,12,6648,卖盘
774,13:47:40,5.55,--,163,90465,买盘
775,13:47:36,5.55,0.01,10,5550,买盘
776,13:47:31,5.54,--,54,29916,卖盘
777,13:47:25,5.54,--,95,52630,卖盘
778,13:47:16,5.54,--,14,7756,卖盘
779,13:47:10,5.54,--,179,99166,卖盘
780,13:47:06,5.54,--,677,375058,卖盘
781,13:47:01,5.54,-0.01,15,8310,卖盘
782,13:46:51,5.55,--,55,30525,买盘
783,13:46:46,5.55,--,903,501165,买盘
784,13:46:40,5.55,0.01,231,128205,买盘
785,13:46:36,5.54,-0.01,21,11634,中性盘
786,13:46:31,5.55,0.01,415,230325,买盘
787,13:46:25,5.54,0.01,258,142932,买盘
788,13:46:21,5.53,-0.01,12,6636,卖盘
789,13:46:16,5.54,--,130,72020,买盘
790,13:46:10,5.54,--,135,74790,买盘
791,13:46:06,5.54,--,269,149026,卖盘
792,13:46:01,5.54,-0.01,105,58170,卖盘
793,13:45:55,5.55,0.01,1900,1054500,买盘
794,13:45:51,5.54,--,212,117448,卖盘
795,13:45:46,5.54,--,505,279770,买盘
796,13:45:40,5.54,0.01,182,100828,买盘
797,13:45:31,5.53,--,7,3871,卖盘
798,13:45:25,5.53,--,67,37051,卖盘
799,13:45:21,5.53,--,30,16590,卖盘
800,13:45:16,5.53,--,264,145992,卖盘
801,13:45:10,5.53,-0.01,2,1106,卖盘
802,13:45:06,5.54,0.01,71,39334,买盘
803,13:45:01,5.53,--,7,3871,卖盘
804,13:44:55,5.53,-0.01,10,5530,卖盘
805,13:44:46,5.54,--,37,20498,买盘
806,13:44:40,5.54,0.01,151,83654,买盘
807,13:44:34,5.53,--,176,97328,卖盘
808,13:44:31,5.53,--,79,43687,卖盘
809,13:44:25,5.53,--,6,3318,卖盘
810,13:44:15,5.53,-0.01,16,8848,卖盘
811,13:44:10,5.54,0.01,440,243760,买盘
812,13:44:01,5.53,--,7,3871,卖盘
813,13:43:55,5.53,-0.01,136,75208,卖盘
814,13:43:49,5.54,--,73,40442,买盘
815,13:43:46,5.54,-0.01,1370,758980,卖盘
816,13:43:40,5.55,0.01,125,69375,买盘
817,13:43:34,5.54,--,1015,562310,卖盘
818,13:43:25,5.54,--,115,63710,卖盘
819,13:43:19,5.54,-0.01,410,227140,卖盘
820,13:43:04,5.55,0.01,187,103785,买盘
821,13:42:55,5.54,--,10,5540,卖盘
822,13:42:45,5.54,-0.01,54,29916,卖盘
823,13:42:40,5.55,0.01,2,1110,买盘
824,13:42:34,5.54,--,49,27146,卖盘
825,13:42:30,5.54,-0.01,339,187806,卖盘
826,13:42:25,5.55,--,3483,1933065,买盘
827,13:42:19,5.55,0.01,85,47175,买盘
828,13:42:10,5.54,--,55,30470,卖盘
829,13:42:04,5.54,--,129,71466,卖盘
830,13:42:00,5.54,-0.01,27,14958,卖盘
831,13:41:55,5.55,--,672,372960,买盘
832,13:41:45,5.55,0.01,852,472860,买盘
833,13:41:40,5.54,0.01,385,213290,买盘
834,13:41:34,5.53,-0.01,2018,1116009,卖盘
835,13:41:30,5.54,0.01,19,10526,卖盘
836,13:41:25,5.53,--,87,48111,卖盘
837,13:41:19,5.53,-0.02,12296,6799688,卖盘
838,13:41:15,5.55,0.01,32,17760,买盘
839,13:41:10,5.54,0.01,507,280878,买盘
840,13:41:04,5.53,--,149,82397,卖盘
841,13:41:00,5.53,-0.01,80,44240,卖盘
842,13:40:55,5.54,--,370,204980,买盘
843,13:40:49,5.54,0.01,90,49860,买盘
844,13:40:45,5.53,-0.01,6,3318,卖盘
845,13:40:40,5.54,0.01,230,127420,买盘
846,13:40:34,5.53,--,7,3871,卖盘
847,13:40:25,5.53,-0.01,6,3318,卖盘
848,13:40:19,5.54,0.01,8,4432,买盘
849,13:40:15,5.53,-0.01,7,3871,卖盘
850,13:40:04,5.54,0.01,36,19944,买盘
851,13:40:00,5.53,-0.01,120,66360,卖盘
852,13:39:55,5.54,0.01,88,48752,买盘
853,13:39:45,5.53,--,7,3871,卖盘
854,13:39:40,5.53,--,2,1106,卖盘
855,13:39:34,5.53,--,32,17696,卖盘
856,13:39:25,5.53,--,7,3871,卖盘
857,13:39:19,5.53,-0.01,315,174195,卖盘
858,13:39:15,5.54,0.01,211,116894,买盘
859,13:39:10,5.53,--,500,276500,卖盘
860,13:39:04,5.53,--,7,3871,卖盘
861,13:39:00,5.53,--,50,27650,卖盘
862,13:38:55,5.53,--,10065,5565945,卖盘
863,13:38:49,5.53,-0.01,448,247744,卖盘
864,13:38:45,5.54,--,16,8864,买盘
865,13:38:40,5.54,--,129,71466,买盘
866,13:38:34,5.54,--,174,96396,买盘
867,13:38:25,5.54,--,111,61494,买盘
868,13:38:19,5.54,0.01,256,141824,买盘
869,13:38:15,5.53,-0.01,67,37051,卖盘
870,13:38:10,5.54,0.01,130,72020,买盘
871,13:38:04,5.53,-0.01,7,3871,卖盘
872,13:37:55,5.54,--,9,4986,买盘
873,13:37:49,5.54,--,1264,700256,买盘
874,13:37:45,5.54,-0.02,8309,4603684,卖盘
875,13:37:40,5.56,0.01,584,324704,买盘
876,13:37:34,5.55,--,228,126540,卖盘
877,13:37:25,5.55,--,254,140970,卖盘
878,13:37:19,5.55,--,11,6105,卖盘
879,13:37:13,5.55,--,929,515595,卖盘
880,13:37:10,5.55,--,10107,5609385,卖盘
881,13:37:04,5.55,--,13,7215,卖盘
882,13:36:54,5.55,-0.01,37,20535,卖盘
883,13:36:49,5.56,--,135,75060,买盘
884,13:36:43,5.56,0.01,109,60603,买盘
885,13:36:34,5.55,-0.01,9,4995,卖盘
886,13:36:28,5.56,--,17,9452,买盘
887,13:36:24,5.56,--,11,6116,买盘
888,13:36:19,5.56,0.01,59,32804,买盘
889,13:36:13,5.55,-0.01,10,5550,卖盘
890,13:36:04,5.56,--,16,8896,买盘
891,13:35:58,5.56,--,2,1112,买盘
892,13:35:54,5.56,--,57,31691,买盘
893,13:35:49,5.56,--,102,56711,买盘
894,13:35:43,5.56,--,166,92296,买盘
895,13:35:39,5.56,0.01,142,78952,买盘
896,13:35:34,5.55,-0.01,11,6105,卖盘
897,13:35:28,5.56,--,80,44480,买盘
898,13:35:24,5.56,--,41,22796,买盘
899,13:35:19,5.56,--,230,127879,买盘
900,13:35:13,5.56,--,235,130659,买盘
901,13:35:09,5.56,0.01,893,496507,买盘
902,13:35:04,5.55,-0.01,6,3330,卖盘
903,13:34:58,5.56,0.01,370,205720,买盘
904,13:34:54,5.55,-0.01,7,3885,卖盘
905,13:34:49,5.56,--,11,6116,买盘
906,13:34:43,5.56,--,1499,833443,买盘
907,13:34:39,5.56,--,14,7783,买盘
908,13:34:34,5.56,0.01,1413,785628,买盘
909,13:34:28,5.55,-0.01,457,253635,卖盘
910,13:34:24,5.56,--,35,19460,买盘
911,13:34:19,5.56,0.01,822,457031,买盘
912,13:34:13,5.55,-0.01,9,4995,卖盘
913,13:34:09,5.56,0.01,3793,2108908,买盘
914,13:34:04,5.55,-0.01,52,28860,卖盘
915,13:33:58,5.56,--,55,30579,买盘
916,13:33:54,5.56,--,7,3891,买盘
917,13:33:49,5.56,0.01,10057,5591692,买盘
918,13:33:43,5.55,-0.01,7,3885,卖盘
919,13:33:39,5.56,0.01,25,13899,买盘
920,13:33:34,5.55,-0.01,8,4440,卖盘
921,13:33:28,5.56,0.01,246,136776,买盘
922,13:33:24,5.55,--,127,70485,卖盘
923,13:33:19,5.55,--,22,12210,卖盘
924,13:33:13,5.55,-0.01,235,130425,卖盘
925,13:33:09,5.56,--,10,5560,买盘
926,13:33:04,5.56,0.01,238,132328,买盘
927,13:32:58,5.55,--,92,51060,卖盘
928,13:32:54,5.55,-0.01,237,131535,卖盘
929,13:32:49,5.56,0.01,39,21684,买盘
930,13:32:43,5.55,-0.01,113,62715,卖盘
931,13:32:39,5.56,0.01,18,10008,买盘
932,13:32:34,5.55,--,297,164835,卖盘
933,13:32:28,5.55,--,537,298035,卖盘
934,13:32:24,5.55,--,79,43845,卖盘
935,13:32:19,5.55,--,46,25530,卖盘
936,13:32:13,5.55,--,46,25530,卖盘
937,13:32:09,5.55,--,200,111000,卖盘
938,13:32:04,5.55,--,6,3330,卖盘
939,13:31:58,5.55,--,1,555,卖盘
940,13:31:54,5.55,--,1109,615495,卖盘
941,13:31:49,5.55,0.01,4637,2573590,买盘
942,13:31:43,5.54,-0.01,7,3878,卖盘
943,13:31:39,5.55,--,104,57720,买盘
944,13:31:34,5.55,--,42,23310,买盘
945,13:31:24,5.55,0.01,16,8880,买盘
946,13:31:19,5.54,--,1006,557324,卖盘
947,13:31:13,5.54,--,35,19390,卖盘
948,13:31:04,5.54,-0.01,7,3878,卖盘
949,13:30:58,5.55,0.01,57,31635,买盘
950,13:30:54,5.54,--,6,3324,卖盘
951,13:30:43,5.54,-0.01,67,37118,卖盘
952,13:30:39,5.55,--,616,341880,买盘
953,13:30:34,5.55,--,209,115995,买盘
954,13:30:28,5.55,0.01,44,24420,买盘
955,13:30:24,5.54,-0.01,6,3324,卖盘
956,13:30:19,5.55,--,83,46065,买盘
957,13:30:13,5.55,--,9,4995,买盘
958,13:30:09,5.55,0.01,18,9990,买盘
959,13:30:04,5.54,-0.01,7,3878,卖盘
960,13:29:43,5.55,--,127,70485,买盘
961,13:29:34,5.55,--,406,225330,买盘
962,13:29:28,5.55,0.01,168,93240,买盘
963,13:29:19,5.54,--,10,5540,卖盘
964,13:29:13,5.54,--,1,554,卖盘
965,13:29:03,5.54,--,103,57062,卖盘
966,13:28:58,5.54,--,11,6094,卖盘
967,13:28:52,5.54,--,50,27700,卖盘
968,13:28:48,5.54,-0.01,12,6648,卖盘
969,13:28:43,5.55,0.01,21,11655,买盘
970,13:28:37,5.54,--,600,332400,卖盘
971,13:28:33,5.54,-0.01,103,57062,卖盘
972,13:28:28,5.55,0.01,60,33300,买盘
973,13:28:22,5.54,-0.01,360,199440,卖盘
974,13:28:13,5.55,--,117,64935,买盘
975,13:28:07,5.55,--,20,11100,买盘
976,13:28:03,5.55,--,14,7770,买盘
977,13:27:58,5.55,--,67,37185,买盘
978,13:27:52,5.55,0.01,22,12210,买盘
979,13:27:48,5.54,-0.01,110,60940,卖盘
980,13:27:43,5.55,--,441,244755,买盘
981,13:27:37,5.55,0.01,12,6660,买盘
982,13:27:33,5.54,-0.01,17,9418,卖盘
983,13:27:28,5.55,--,2,1110,买盘
984,13:27:18,5.55,--,17,9435,买盘
985,13:27:13,5.55,--,204,113220,买盘
986,13:27:07,5.55,--,11,6105,买盘
987,13:26:58,5.55,--,17,9435,买盘
988,13:26:48,5.55,--,20,11100,买盘
989,13:26:43,5.55,0.01,104,57720,买盘
990,13:26:37,5.54,-0.01,10,5540,卖盘
991,13:26:22,5.55,--,100,55500,买盘
992,13:26:18,5.55,--,9,4995,买盘
993,13:26:13,5.55,--,6,3330,买盘
994,13:26:07,5.55,--,53,29415,买盘
995,13:26:03,5.55,--,38,21090,买盘
996,13:25:58,5.55,--,80,44400,买盘
997,13:25:52,5.55,0.01,218,120990,买盘
998,13:25:48,5.54,--,11,6094,卖盘
999,13:25:43,5.54,-0.01,464,257056,卖盘
1000,13:25:37,5.55,--,466,258630,买盘
1001,13:25:33,5.55,--,42,23310,买盘
1002,13:25:28,5.55,0.01,891,494505,买盘
1003,13:25:22,5.54,--,2,1108,卖盘
1004,13:25:13,5.54,-0.01,235,130190,卖盘
1005,13:25:07,5.55,--,215,119325,买盘
1006,13:24:58,5.55,--,285,158175,买盘
1007,13:24:52,5.55,--,10,5550,买盘
1008,13:24:43,5.55,0.01,50,27750,买盘
1009,13:24:37,5.54,-0.01,1,554,卖盘
1010,13:24:33,5.55,--,7,3885,买盘
1011,13:24:28,5.55,--,119,66045,买盘
1012,13:24:22,5.55,0.01,20,11100,买盘
1013,13:24:07,5.54,--,3331,1845374,卖盘
1014,13:23:58,5.54,--,443,245422,卖盘
1015,13:23:52,5.54,-0.01,270,149580,卖盘
1016,13:23:43,5.55,--,50,27750,买盘
1017,13:23:37,5.55,0.01,57,31635,买盘
1018,13:23:28,5.54,-0.01,262,145148,卖盘
1019,13:23:22,5.55,0.01,123,68265,买盘
1020,13:23:12,5.54,-0.01,93,51522,卖盘
1021,13:23:07,5.55,0.01,205,113775,买盘
1022,13:22:58,5.54,--,78,43212,卖盘
1023,13:22:48,5.54,-0.01,11,6094,卖盘
1024,13:22:43,5.55,--,80,44400,买盘
1025,13:22:37,5.55,0.01,60,33300,买盘
1026,13:22:27,5.54,--,1791,992214,卖盘
1027,13:22:16,5.54,--,79,43766,卖盘
1028,13:22:13,5.54,-0.01,6,3324,卖盘
1029,13:22:07,5.55,0.01,132,73260,买盘
1030,13:22:01,5.54,-0.01,57,31578,卖盘
1031,13:21:57,5.55,--,12,6660,买盘
1032,13:21:52,5.55,0.01,31,17205,买盘
1033,13:21:46,5.54,-0.01,27,14958,卖盘
1034,13:21:42,5.55,--,1,555,买盘
1035,13:21:37,5.55,--,10,5550,买盘
1036,13:21:31,5.55,--,171,94905,买盘
1037,13:21:27,5.55,0.01,1,555,买盘
1038,13:21:22,5.54,-0.01,10,5540,卖盘
1039,13:21:12,5.55,0.01,144,79920,买盘
1040,13:21:06,5.54,-0.01,17,9418,卖盘
1041,13:21:01,5.55,--,10,5550,买盘
1042,13:20:52,5.55,--,1,555,买盘
1043,13:20:46,5.55,--,504,279720,买盘
1044,13:20:42,5.55,--,10,5550,买盘
1045,13:20:36,5.55,--,484,268620,买盘
1046,13:20:30,5.55,--,125,69375,买盘
1047,13:20:27,5.55,--,18,9990,买盘
1048,13:20:21,5.55,--,201,111555,买盘
1049,13:20:16,5.55,--,180,99900,买盘
1050,13:20:07,5.55,--,5,2775,买盘
1051,13:20:01,5.55,--,258,143190,买盘
1052,13:19:57,5.55,0.01,2,1110,买盘
1053,13:19:46,5.54,--,13,7202,卖盘
1054,13:19:42,5.54,-0.01,101,55954,卖盘
1055,13:19:36,5.55,0.01,342,189810,买盘
1056,13:19:30,5.54,-0.01,143,79222,卖盘
1057,13:19:27,5.55,--,13,7215,买盘
1058,13:19:15,5.55,--,172,95460,买盘
1059,13:19:12,5.55,--,12,6660,买盘
1060,13:19:07,5.55,--,93,51615,买盘
1061,13:19:01,5.55,--,90,49950,买盘
1062,13:18:52,5.55,--,58,32190,买盘
1063,13:18:36,5.55,--,34,18870,买盘
1064,13:18:30,5.55,--,30,16650,买盘
1065,13:18:22,5.55,0.01,11,6105,买盘
1066,13:18:15,5.54,-0.01,34,18836,卖盘
1067,13:18:00,5.55,--,20,11100,买盘
1068,13:17:57,5.55,--,15,8325,买盘
1069,13:17:51,5.55,--,10,5550,买盘
1070,13:17:45,5.55,0.01,8,4440,买盘
1071,13:17:42,5.54,--,55,30470,卖盘
1072,13:17:30,5.54,-0.01,800,443200,卖盘
1073,13:17:21,5.55,0.01,221,122655,买盘
1074,13:17:15,5.54,--,3,1662,卖盘
1075,13:17:12,5.54,--,10,5540,卖盘
1076,13:17:06,5.54,-0.01,48,26592,卖盘
1077,13:17:00,5.55,--,12,6660,买盘
1078,13:16:57,5.55,0.01,100,55500,买盘
1079,13:16:51,5.54,--,656,363424,卖盘
1080,13:16:45,5.54,-0.01,14,7756,卖盘
1081,13:16:42,5.55,0.01,2014,1117770,买盘
1082,13:16:36,5.54,-0.01,20,11080,卖盘
1083,13:16:30,5.55,--,17,9435,买盘
1084,13:16:27,5.55,0.01,10,5550,买盘
1085,13:16:21,5.54,--,3,1662,卖盘
1086,13:16:15,5.54,-0.01,385,213290,卖盘
1087,13:16:06,5.55,0.01,427,236985,买盘
1088,13:16:00,5.54,--,31,17174,卖盘
1089,13:15:57,5.54,--,330,182820,卖盘
1090,13:15:51,5.54,-0.01,21,11634,卖盘
1091,13:15:45,5.55,0.01,91,50505,买盘
1092,13:15:41,5.54,-0.01,10,5540,卖盘
1093,13:15:36,5.55,--,124,68820,买盘
1094,13:15:30,5.55,--,153,84915,买盘
1095,13:15:21,5.55,0.01,362,200910,买盘
1096,13:15:15,5.54,-0.01,11,6094,卖盘
1097,13:15:06,5.55,0.01,10,5550,买盘
1098,13:15:00,5.54,-0.01,308,170632,卖盘
1099,13:14:51,5.55,--,600,333000,买盘
1100,13:14:45,5.55,--,53,29415,买盘
1101,13:14:39,5.55,--,201,111555,买盘
1102,13:14:36,5.55,--,2,1110,买盘
1103,13:14:30,5.55,--,100,55500,买盘
1104,13:14:24,5.55,0.01,37,20535,买盘
1105,13:14:21,5.54,--,3,1662,卖盘
1106,13:14:15,5.54,-0.01,127,70358,卖盘
1107,13:14:09,5.55,0.01,4,2220,买盘
1108,13:14:00,5.54,-0.01,274,151796,卖盘
1109,13:13:54,5.55,0.01,63,34965,买盘
1110,13:13:51,5.54,-0.01,10,5540,卖盘
1111,13:13:30,5.55,--,22,12210,买盘
1112,13:13:24,5.55,0.01,23,12765,买盘
1113,13:13:21,5.54,--,22,12531,卖盘
1114,13:13:15,5.54,--,21,11634,卖盘
1115,13:13:00,5.54,--,20,11080,卖盘
1116,13:12:54,5.54,--,8,4758,卖盘
1117,13:12:30,5.54,-0.01,20,11080,卖盘
1118,13:12:24,5.55,--,10,5550,买盘
1119,13:12:15,5.55,0.01,304,168720,买盘
1120,13:12:09,5.54,--,44,24376,卖盘
1121,13:12:06,5.54,--,4,2216,卖盘
1122,13:11:45,5.54,--,7,3878,卖盘
1123,13:11:24,5.54,--,192,106368,卖盘
1124,13:11:21,5.54,-0.01,127,70358,卖盘
1125,13:11:15,5.55,0.01,265,147075,买盘
1126,13:11:09,5.54,--,50,27700,卖盘
1127,13:11:00,5.54,--,21,11634,卖盘
1128,13:10:54,5.54,-0.01,19,10526,卖盘
1129,13:10:51,5.55,--,123,68265,买盘
1130,13:10:45,5.55,--,418,231990,买盘
1131,13:10:39,5.55,0.01,57,31635,买盘
1132,13:10:24,5.54,--,212,117448,卖盘
1133,13:10:15,5.54,--,286,158444,卖盘
1134,13:10:09,5.54,-0.01,18,9972,卖盘
1135,13:10:00,5.55,--,40,22200,买盘
1136,13:09:54,5.55,0.01,53,29415,买盘
1137,13:09:51,5.54,--,50,27700,卖盘
1138,13:09:45,5.54,--,54,29916,卖盘
1139,13:09:30,5.54,-0.01,16,8864,卖盘
1140,13:09:24,5.55,0.01,16,8880,买盘
1141,13:09:21,5.54,--,10,5540,卖盘
1142,13:09:15,5.54,-0.01,20,11080,卖盘
1143,13:08:54,5.55,--,2,1110,买盘
1144,13:08:39,5.55,--,14,7770,买盘
1145,13:08:15,5.55,0.01,151,83805,买盘
1146,13:08:09,5.54,-0.01,18,9972,卖盘
1147,13:07:54,5.55,0.01,22,12210,买盘
1148,13:07:45,5.54,--,32,17728,卖盘
1149,13:07:39,5.54,-0.01,13,7202,卖盘
1150,13:07:30,5.55,--,4,2220,买盘
1151,13:07:24,5.55,0.01,50,27750,买盘
1152,13:07:18,5.54,-0.01,500,277000,卖盘
1153,13:07:15,5.55,--,4,2220,买盘
1154,13:07:09,5.55,0.01,369,204795,买盘
1155,13:07:03,5.54,--,35,19390,卖盘
1156,13:07:00,5.54,-0.01,135,74790,卖盘
1157,13:06:54,5.55,--,17,9435,买盘
1158,13:06:48,5.55,--,183,101565,买盘
1159,13:06:45,5.55,--,10,5550,买盘
1160,13:06:33,5.55,--,111,61605,买盘
1161,13:06:24,5.55,0.01,364,202020,买盘
1162,13:06:18,5.54,--,124,68696,卖盘
1163,13:06:15,5.54,-0.01,10,5540,卖盘
1164,13:06:03,5.55,--,341,189255,买盘
1165,13:06:00,5.55,0.01,123,68265,买盘
1166,13:05:54,5.54,--,72,39888,卖盘
1167,13:05:48,5.54,-0.01,50,27700,卖盘
1168,13:05:39,5.55,0.01,188,104340,买盘
1169,13:05:24,5.54,--,20,11080,卖盘
1170,13:05:18,5.54,--,3,1662,卖盘
1171,13:05:15,5.54,--,163,90302,卖盘
1172,13:05:09,5.54,--,5,2770,卖盘
1173,13:05:03,5.54,--,15,8310,卖盘
1174,13:05:00,5.54,-0.01,281,155674,卖盘
1175,13:04:54,5.55,0.01,180,99900,买盘
1176,13:04:48,5.54,--,359,198886,卖盘
1177,13:04:39,5.54,--,50,27700,卖盘
1178,13:04:30,5.54,-0.01,94,52076,卖盘
1179,13:04:24,5.55,--,36,19980,买盘
1180,13:04:18,5.55,0.01,45,24975,买盘
1181,13:03:48,5.54,--,10,5540,卖盘
1182,13:03:45,5.54,--,20,11080,卖盘
1183,13:03:33,5.54,-0.01,45,24930,卖盘
1184,13:03:18,5.55,0.01,1,555,买盘
1185,13:03:09,5.54,-0.01,310,171740,卖盘
1186,13:03:00,5.55,0.01,48,26640,买盘
1187,13:02:54,5.54,--,39,21606,卖盘
1188,13:02:48,5.54,-0.01,80,44320,卖盘
1189,13:02:44,5.55,0.01,1,555,买盘
1190,13:02:39,5.54,-0.01,26,14404,卖盘
1191,13:02:30,5.55,--,14,7770,买盘
1192,13:02:24,5.55,0.01,5,2775,买盘
1193,13:02:18,5.54,-0.01,316,175064,卖盘
1194,13:02:09,5.55,--,11,6105,买盘
1195,13:01:59,5.55,--,18,9990,买盘
1196,13:01:54,5.55,0.01,1209,670995,买盘
1197,13:01:44,5.54,--,30,16620,卖盘
1198,13:01:39,5.54,-0.01,500,277000,卖盘
1199,13:01:33,5.55,0.01,21,11655,买盘
1200,13:01:29,5.54,-0.01,593,328522,卖盘
1201,13:01:14,5.55,0.01,100,55500,买盘
1202,13:01:09,5.54,--,10,5540,卖盘
1203,13:01:03,5.54,-0.01,153,84762,卖盘
1204,13:00:54,5.55,--,53,29415,买盘
1205,13:00:09,5.55,0.01,362,200910,买盘
1206,13:00:03,5.54,-0.01,3111,1723859,卖盘
1207,11:30:00,5.55,--,0,0,买盘
1208,11:30:00,5.55,--,0,0,买盘
1209,11:29:55,5.55,--,31,17205,买盘
1210,11:29:25,5.55,0.01,22,12210,买盘
1211,11:29:19,5.54,--,13,7202,卖盘
1212,11:29:10,5.54,-0.01,103,57062,卖盘
1213,11:29:00,5.55,0.01,17,9435,买盘
1214,11:28:55,5.54,--,249,137946,卖盘
1215,11:28:45,5.54,-0.01,130,72020,卖盘
1216,11:28:40,5.55,0.01,37,20535,买盘
1217,11:28:34,5.54,-0.01,450,249300,卖盘
1218,11:28:25,5.55,0.01,21,11655,买盘
1219,11:28:15,5.54,-0.01,59,32686,卖盘
1220,11:28:04,5.55,--,100,55500,买盘
1221,11:28:00,5.55,--,40,22200,买盘
1222,11:27:49,5.55,--,116,64380,买盘
1223,11:27:43,5.55,--,10,5550,买盘
1224,11:27:40,5.55,--,81,44955,买盘
1225,11:27:34,5.55,0.01,100,55500,买盘
1226,11:27:28,5.54,--,10,5540,卖盘
1227,11:27:19,5.54,-0.01,7,3878,卖盘
1228,11:27:13,5.55,0.01,130,72150,买盘
1229,11:27:10,5.54,-0.01,50,27700,卖盘
1230,11:27:04,5.55,--,41,22755,买盘
1231,11:26:55,5.55,--,97,53835,买盘
1232,11:26:49,5.55,--,1,555,买盘
1233,11:26:43,5.55,0.01,400,222000,买盘
1234,11:26:34,5.54,--,210,116340,卖盘
1235,11:26:25,5.54,-0.01,120,66480,卖盘
1236,11:26:13,5.55,--,251,139305,买盘
1237,11:26:10,5.55,--,19,10545,买盘
1238,11:25:58,5.55,--,81,44955,买盘
1239,11:25:55,5.55,--,45,24975,买盘
1240,11:25:49,5.55,0.01,16,8880,买盘
1241,11:25:43,5.54,-0.01,109,60386,卖盘
1242,11:25:34,5.55,--,111,61605,买盘
1243,11:25:28,5.55,0.01,19,10545,买盘
1244,11:25:25,5.54,--,104,57616,卖盘
1245,11:25:04,5.54,-0.01,2191,1213814,卖盘
1246,11:24:58,5.55,--,84,46620,买盘
1247,11:24:49,5.55,--,16,8880,买盘
1248,11:24:43,5.55,--,1,555,买盘
1249,11:24:28,5.55,0.01,3,1665,买盘
1250,11:24:13,5.54,-0.01,50,27700,卖盘
1251,11:24:04,5.55,--,1638,909090,买盘
1252,11:23:58,5.55,--,102,56610,买盘
1253,11:23:55,5.55,--,6,3330,买盘
1254,11:23:49,5.55,0.01,34,18870,买盘
1255,11:23:43,5.54,-0.01,116,64264,卖盘
1256,11:23:39,5.55,--,16,8880,买盘
1257,11:23:34,5.55,0.01,200,111000,买盘
1258,11:23:19,5.54,--,2,1108,卖盘
1259,11:23:13,5.54,-0.01,963,533502,卖盘
1260,11:23:09,5.55,--,25,13875,买盘
1261,11:22:58,5.55,--,3,1665,买盘
1262,11:22:54,5.55,--,19,10545,买盘
1263,11:22:43,5.55,--,17,9435,买盘
1264,11:22:28,5.55,0.01,16,8880,买盘
1265,11:22:24,5.54,-0.01,81,44874,卖盘
1266,11:22:13,5.55,--,124,68820,买盘
1267,11:22:09,5.55,0.01,3973,2205015,买盘
1268,11:22:04,5.54,--,189,104706,卖盘
1269,11:21:58,5.54,--,41,22714,卖盘
1270,11:21:49,5.54,-0.01,20,11080,卖盘
1271,11:21:34,5.55,0.01,37,20535,买盘
1272,11:21:28,5.54,-0.01,109,60386,卖盘
1273,11:21:24,5.55,0.01,176,97680,买盘
1274,11:21:13,5.54,-0.01,2120,1174480,卖盘
1275,11:21:04,5.55,--,238,132090,买盘
1276,11:20:58,5.55,--,200,111000,买盘
1277,11:20:52,5.55,--,29,16095,买盘
1278,11:20:43,5.55,--,101,56055,买盘
1279,11:20:37,5.55,--,141,78255,买盘
1280,11:20:28,5.55,--,60,33300,买盘
1281,11:20:22,5.55,--,303,168165,买盘
1282,11:20:07,5.55,--,73,40515,买盘
1283,11:20:04,5.55,--,8,4440,买盘
1284,11:19:52,5.55,--,39,21645,买盘
1285,11:19:49,5.55,--,20,11100,买盘
1286,11:19:43,5.55,--,262,145410,买盘
1287,11:19:37,5.55,--,16,8880,买盘
1288,11:19:34,5.55,--,30,16650,买盘
1289,11:19:28,5.55,--,54,29970,买盘
1290,11:19:22,5.55,--,33,18315,买盘
1291,11:19:07,5.55,--,10,5550,买盘
1292,11:19:04,5.55,--,179,99345,买盘
1293,11:18:58,5.55,--,738,409590,买盘
1294,11:18:52,5.55,--,73,40515,买盘
1295,11:18:43,5.55,--,7071,3924405,买盘
1296,11:18:34,5.55,--,3,1665,买盘
1297,11:18:28,5.55,0.01,49,27195,买盘
1298,11:18:22,5.54,-0.01,20,11080,卖盘
1299,11:18:19,5.55,--,1636,907980,买盘
1300,11:18:13,5.55,0.01,69,38295,买盘
1301,11:18:07,5.54,-0.01,50,27700,卖盘
1302,11:18:04,5.55,--,250,138750,买盘
1303,11:17:58,5.55,--,3078,1708290,买盘
1304,11:17:52,5.55,--,162,89910,买盘
1305,11:17:49,5.55,0.01,2,1110,买盘
1306,11:17:43,5.54,-0.01,137,75898,卖盘
1307,11:17:28,5.55,--,58,32190,买盘
1308,11:17:22,5.55,--,18,9990,买盘
1309,11:17:19,5.55,0.01,37,20535,买盘
1310,11:17:13,5.54,--,52,28808,卖盘
1311,11:17:03,5.54,-0.01,11,6094,卖盘
1312,11:16:58,5.55,0.01,236,130980,买盘
1313,11:16:48,5.54,-0.01,10,5540,卖盘
1314,11:16:43,5.55,0.01,65,36075,买盘
1315,11:16:37,5.54,--,100,55400,卖盘
1316,11:16:33,5.54,--,234,129636,卖盘
1317,11:16:28,5.54,--,53,29362,卖盘
1318,11:16:22,5.54,--,176,97504,卖盘
1319,11:16:13,5.54,--,29,16066,卖盘
1320,11:16:07,5.54,--,216,119664,卖盘
1321,11:16:03,5.54,--,187,104046,买盘
1322,11:15:58,5.54,--,218,120772,买盘
1323,11:15:52,5.54,--,6,3324,买盘
1324,11:15:43,5.54,--,17,9418,买盘
1325,11:15:37,5.54,--,50,27700,买盘
1326,11:15:33,5.54,--,4819,2669726,买盘
1327,11:15:28,5.54,--,224,124096,买盘
1328,11:15:22,5.54,--,24,13296,买盘
1329,11:15:18,5.54,--,35,19390,买盘
1330,11:15:13,5.54,--,117,64818,买盘
1331,11:15:07,5.54,--,20,11080,买盘
1332,11:15:03,5.54,--,276,152904,买盘
1333,11:14:58,5.54,--,100,55400,买盘
1334,11:14:52,5.54,--,109,60386,买盘
1335,11:14:46,5.54,0.01,50,27700,买盘
1336,11:14:43,5.53,-0.01,50,27650,卖盘
1337,11:14:37,5.54,--,28,15512,买盘
1338,11:14:31,5.54,--,11,6094,买盘
1339,11:14:28,5.54,--,78,43212,买盘
1340,11:14:22,5.54,--,260,144040,买盘
1341,11:14:07,5.54,--,42,23268,买盘
1342,11:14:01,5.54,--,5,2770,买盘
1343,11:13:58,5.54,--,127,70358,买盘
1344,11:13:52,5.54,--,53,29362,买盘
1345,11:13:42,5.54,0.01,15,8310,买盘
1346,11:13:37,5.53,--,110,60830,卖盘
1347,11:13:28,5.53,--,1,553,卖盘
1348,11:13:16,5.53,--,162,89586,卖盘
1349,11:13:07,5.53,-0.01,88,48664,卖盘
1350,11:13:01,5.54,0.01,40,22160,买盘
1351,11:12:52,5.53,--,3,1659,卖盘
1352,11:12:46,5.53,-0.01,5,2765,卖盘
1353,11:12:43,5.54,--,30,16620,买盘
1354,11:12:31,5.54,--,59,32686,买盘
1355,11:12:28,5.54,--,50,27700,买盘
1356,11:12:22,5.54,--,35,19390,买盘
1357,11:12:12,5.54,0.01,152,84208,买盘
1358,11:12:07,5.53,-0.01,40,22120,卖盘
1359,11:11:52,5.54,0.01,500,277000,买盘
1360,11:11:46,5.53,--,73,40369,卖盘
1361,11:11:42,5.53,--,12,6636,卖盘
1362,11:11:37,5.53,-0.01,4,2212,卖盘
1363,11:11:31,5.54,0.01,28,15512,买盘
1364,11:11:28,5.53,--,27,14931,卖盘
1365,11:11:07,5.53,-0.01,71,39263,卖盘
1366,11:11:01,5.54,--,100,55400,买盘
1367,11:10:57,5.54,0.01,10,5540,买盘
1368,11:10:52,5.53,-0.01,4,2212,卖盘
1369,11:10:42,5.54,--,67,37118,买盘
1370,11:10:37,5.54,0.01,10,5540,买盘
1371,11:10:27,5.53,-0.01,20,11060,卖盘
1372,11:10:22,5.54,0.01,388,214952,买盘
1373,11:10:16,5.53,-0.01,135,74655,卖盘
1374,11:10:12,5.54,--,5,2770,买盘
1375,11:10:07,5.54,--,88,48752,买盘
1376,11:10:01,5.54,--,200,110800,买盘
1377,11:09:57,5.54,--,25,13850,买盘
1378,11:09:37,5.54,0.01,2,1108,买盘
1379,11:09:31,5.53,-0.01,500,276500,卖盘
1380,11:09:22,5.54,--,54,29916,买盘
1381,11:09:16,5.54,0.01,1,554,买盘
1382,11:09:12,5.53,-0.01,9,4977,卖盘
1383,11:09:07,5.54,0.01,167,92518,买盘
1384,11:09:01,5.53,-0.01,73,40369,卖盘
1385,11:08:57,5.54,0.01,430,238220,买盘
1386,11:08:52,5.53,-0.01,873,482769,卖盘
1387,11:08:46,5.54,0.01,8909,4935586,买盘
1388,11:08:37,5.53,-0.01,192,106176,卖盘
1389,11:08:31,5.54,0.01,161,89194,买盘
1390,11:08:27,5.53,--,134,74102,卖盘
1391,11:08:22,5.53,--,30,16590,卖盘
1392,11:08:16,5.53,--,25,13825,卖盘
1393,11:08:12,5.53,--,15,8295,卖盘
1394,11:08:07,5.53,--,756,418068,卖盘
1395,11:08:01,5.53,--,5,2765,卖盘
1396,11:07:57,5.53,--,187,103411,卖盘
1397,11:07:52,5.53,--,45,24885,卖盘
1398,11:07:46,5.53,--,90,49770,卖盘
1399,11:07:37,5.53,--,505,279265,卖盘
1400,11:07:31,5.53,--,263,145947,买盘
1401,11:07:25,5.53,--,62,34286,买盘
1402,11:07:22,5.53,--,292,161476,买盘
1403,11:07:16,5.53,--,62,34286,买盘
1404,11:07:10,5.53,--,10,5530,买盘
1405,11:07:07,5.53,0.01,995,550235,买盘
1406,11:07:01,5.52,-0.01,194,107087,卖盘
1407,11:06:55,5.53,--,1312,725536,买盘
1408,11:06:52,5.53,--,52,28756,买盘
1409,11:06:46,5.53,--,5247,2901591,买盘
1410,11:06:40,5.53,--,136,75208,买盘
1411,11:06:37,5.53,0.01,106,58618,买盘
1412,11:06:31,5.52,-0.01,17,9384,卖盘
1413,11:06:21,5.53,0.01,291,160923,买盘
1414,11:06:16,5.52,--,52,28703,卖盘
1415,11:06:10,5.52,-0.01,21,11592,卖盘
1416,11:06:06,5.53,0.01,13,7189,买盘
1417,11:06:01,5.52,-0.01,669,369288,卖盘
1418,11:05:55,5.53,0.01,52,28756,买盘
1419,11:05:51,5.52,-0.01,255,140760,卖盘
1420,11:05:31,5.53,0.01,50,27650,买盘
1421,11:05:25,5.52,--,95,52439,卖盘
1422,11:05:21,5.52,--,40,22080,卖盘
1423,11:05:16,5.52,-0.01,145,80040,卖盘
1424,11:05:10,5.53,--,48,26544,买盘
1425,11:05:06,5.53,--,140,77420,买盘
1426,11:04:40,5.53,0.01,5,2765,买盘
1427,11:04:31,5.52,--,10,5520,卖盘
1428,11:04:25,5.52,--,1,552,卖盘
1429,11:04:16,5.52,-0.01,2,1104,卖盘
1430,11:04:10,5.53,0.01,85,47005,买盘
1431,11:04:06,5.52,--,12,6623,卖盘
1432,11:04:01,5.52,-0.01,130,71760,卖盘
1433,11:03:55,5.53,0.01,26,14378,买盘
1434,11:03:46,5.52,--,556,306912,卖盘
1435,11:03:40,5.52,--,226,124751,卖盘
1436,11:03:36,5.52,-0.01,260,143520,卖盘
1437,11:03:31,5.53,--,184,101752,买盘
1438,11:03:25,5.53,0.01,578,319634,买盘
1439,11:03:21,5.52,-0.01,3,1655,卖盘
1440,11:03:16,5.53,--,53,29309,买盘
1441,11:03:10,5.53,--,5,2765,买盘
1442,11:03:01,5.53,0.01,22,12166,买盘
1443,11:02:51,5.52,--,57,31463,卖盘
1444,11:02:46,5.52,-0.01,100,55199,卖盘
1445,11:02:40,5.53,0.01,10,5530,买盘
1446,11:02:36,5.52,--,50,27599,卖盘
1447,11:02:31,5.52,-0.01,1,552,卖盘
1448,11:02:25,5.53,--,52,28756,买盘
1449,11:02:21,5.53,--,12,6636,买盘
1450,11:02:16,5.53,0.01,14,7742,买盘
1451,11:02:10,5.52,--,189,104327,卖盘
1452,11:02:06,5.52,-0.01,1,552,卖盘
1453,11:02:01,5.53,--,61,33733,买盘
1454,11:01:55,5.53,--,931,514843,买盘
1455,11:01:46,5.53,--,80,44240,买盘
1456,11:01:40,5.53,0.01,10,5530,买盘
1457,11:01:31,5.52,--,188,103775,卖盘
1458,11:01:25,5.52,--,185,102119,卖盘
1459,11:01:21,5.52,--,7,3863,卖盘
1460,11:01:16,5.52,--,75,41400,卖盘
1461,11:01:10,5.52,--,163,89976,卖盘
1462,11:01:06,5.52,--,395,218039,卖盘
1463,11:01:01,5.52,-0.01,15,8280,卖盘
1464,11:00:55,5.53,0.01,177,97881,买盘
1465,11:00:51,5.52,--,20,11040,卖盘
1466,11:00:46,5.52,-0.01,125,69000,卖盘
1467,11:00:40,5.53,--,50,27650,买盘
1468,11:00:31,5.53,--,99,54747,买盘
1469,11:00:25,5.53,0.01,11,6083,买盘
1470,11:00:16,5.52,-0.01,20,11040,卖盘
1471,11:00:10,5.53,--,1,553,买盘
1472,11:00:04,5.53,0.01,41,22673,买盘
1473,11:00:01,5.52,--,10,5520,卖盘
1474,10:59:55,5.52,--,11,6071,卖盘
1475,10:59:49,5.52,-0.01,38,20976,卖盘
1476,10:59:46,5.53,--,126,70026,买盘
1477,10:59:40,5.53,0.01,1,553,买盘
1478,10:59:34,5.52,-0.01,50,27599,卖盘
1479,10:59:31,5.53,--,64,35392,买盘
1480,10:59:25,5.53,0.01,18,9954,买盘
1481,10:59:19,5.52,--,5,2760,卖盘
1482,10:59:15,5.52,--,99,54647,卖盘
1483,10:59:10,5.52,-0.01,11,6071,卖盘
1484,10:59:04,5.53,0.01,5,2765,买盘
1485,10:59:01,5.52,--,20,11040,卖盘
1486,10:58:55,5.52,--,20,11040,卖盘
1487,10:58:49,5.52,-0.01,10,5520,卖盘
1488,10:58:45,5.53,--,19,10507,买盘
1489,10:58:34,5.53,--,41,22673,买盘
1490,10:58:30,5.53,0.01,120,66360,买盘
1491,10:58:25,5.52,--,74,40848,卖盘
1492,10:58:19,5.52,--,217,119783,卖盘
1493,10:58:15,5.52,-0.01,13,7175,卖盘
1494,10:58:10,5.53,--,50,27650,买盘
1495,10:58:04,5.53,0.01,10,5530,买盘
1496,10:58:00,5.52,-0.01,10,5520,卖盘
1497,10:57:55,5.53,--,26,14378,买盘
1498,10:57:49,5.53,--,20,11060,买盘
1499,10:57:45,5.53,--,10,5530,买盘
1500,10:57:40,5.53,--,21,11613,买盘
1501,10:57:34,5.53,--,154,85162,买盘
1502,10:57:25,5.53,--,903,499359,买盘
1503,10:57:19,5.53,--,60,33180,买盘
1504,10:57:10,5.53,--,50,27650,买盘
1505,10:57:04,5.53,0.01,24,13272,买盘
1506,10:56:55,5.52,-0.01,329,181608,卖盘
1507,10:56:49,5.53,--,33,18249,买盘
1508,10:56:45,5.53,--,20,11060,买盘
1509,10:56:40,5.53,0.01,537,296961,买盘
1510,10:56:34,5.52,-0.01,217,119783,卖盘
1511,10:56:30,5.53,--,66,36498,买盘
1512,10:56:25,5.53,--,336,185808,买盘
1513,10:56:19,5.53,--,166,91798,买盘
1514,10:56:15,5.53,0.01,72,39816,买盘
1515,10:56:10,5.52,--,433,239015,卖盘
1516,10:56:04,5.52,--,68,37536,卖盘
1517,10:56:00,5.52,-0.01,63,34776,卖盘
1518,10:55:55,5.53,--,8,4424,买盘
1519,10:55:49,5.53,--,10,5530,买盘
1520,10:55:40,5.53,--,10,5530,买盘
1521,10:55:34,5.53,-0.01,82,45390,卖盘
1522,10:55:30,5.54,--,88,48752,买盘
1523,10:55:25,5.54,0.01,499,276446,买盘
1524,10:55:19,5.53,--,25,13825,卖盘
1525,10:55:15,5.53,--,20,11060,卖盘
1526,10:55:10,5.53,--,205,113365,卖盘
1527,10:55:04,5.53,--,127,70739,买盘
1528,10:54:55,5.53,-0.01,514,284286,卖盘
1529,10:54:49,5.54,0.01,235,130190,买盘
1530,10:54:45,5.53,--,70,38710,卖盘
1531,10:54:40,5.53,--,132,72996,卖盘
1532,10:54:34,5.53,--,1146,633738,卖盘
1533,10:54:30,5.53,--,440,243320,卖盘
1534,10:54:25,5.53,--,287,158711,卖盘
1535,10:54:19,5.53,--,763,421939,卖盘
1536,10:54:15,5.53,--,460,254380,卖盘
1537,10:54:10,5.53,--,1192,659176,卖盘
1538,10:54:04,5.53,--,8,4424,卖盘
1539,10:54:00,5.53,--,47,25991,卖盘
1540,10:53:55,5.53,--,122,67974,卖盘
1541,10:53:49,5.53,--,192,106176,卖盘
1542,10:53:45,5.53,--,225,124425,卖盘
1543,10:53:40,5.53,--,367,202951,卖盘
1544,10:53:34,5.53,--,125,69125,卖盘
1545,10:53:30,5.53,--,972,537516,卖盘
1546,10:53:25,5.53,--,2016,1114848,卖盘
1547,10:53:19,5.53,--,57,31521,卖盘
1548,10:53:10,5.53,--,20,11060,卖盘
1549,10:53:04,5.53,--,286,158158,卖盘
1550,10:53:00,5.53,--,50,27650,卖盘
1551,10:52:55,5.53,--,100,55300,卖盘
1552,10:52:49,5.53,--,110,60830,卖盘
1553,10:52:44,5.53,-0.01,142,78526,卖盘
1554,10:52:40,5.54,0.01,25,13850,买盘
1555,10:52:30,5.53,--,59,32627,卖盘
1556,10:52:25,5.53,-0.01,111,61383,卖盘
1557,10:52:19,5.54,0.01,14,7756,买盘
1558,10:52:10,5.53,--,70,38710,卖盘
1559,10:51:58,5.53,-0.01,50,27650,卖盘
1560,10:51:49,5.54,0.01,42,23268,买盘
1561,10:51:43,5.53,-0.01,8,4424,卖盘
1562,10:51:39,5.54,0.01,4,2216,买盘
1563,10:51:28,5.53,--,100,55300,卖盘
1564,10:51:25,5.53,--,574,317422,卖盘
1565,10:51:19,5.53,--,170,94010,卖盘
1566,10:51:13,5.53,--,54,29862,卖盘
1567,10:51:09,5.53,--,10,5530,卖盘
1568,10:51:04,5.53,--,50,27650,卖盘
1569,10:50:49,5.53,-0.01,38,21014,卖盘
1570,10:50:43,5.54,--,50,27700,买盘
1571,10:50:28,5.54,0.01,37,20498,买盘
1572,10:50:13,5.53,-0.01,84,46452,卖盘
1573,10:50:09,5.54,--,1,554,买盘
1574,10:50:04,5.54,0.01,268,148472,买盘
1575,10:49:58,5.53,-0.01,70,38710,卖盘
1576,10:49:54,5.54,--,100,55400,买盘
1577,10:49:49,5.54,--,11,6094,买盘
1578,10:49:43,5.54,--,170,94180,卖盘
1579,10:49:33,5.54,--,10,5540,卖盘
1580,10:49:28,5.54,--,22,12188,卖盘
1581,10:49:24,5.54,--,402,222708,卖盘
1582,10:49:19,5.54,--,1037,574498,卖盘
1583,10:49:13,5.54,--,153,84762,卖盘
1584,10:48:58,5.54,--,1,554,卖盘
1585,10:48:54,5.54,--,27,14958,卖盘
1586,10:48:49,5.54,--,5,2770,卖盘
1587,10:48:43,5.54,--,10,5540,卖盘
1588,10:48:34,5.54,--,114,63156,卖盘
1589,10:48:28,5.54,--,50,27700,卖盘
1590,10:48:24,5.54,-0.01,14,7756,卖盘
1591,10:48:19,5.55,0.01,542,300810,买盘
1592,10:48:13,5.54,0.01,51,28254,买盘
1593,10:48:09,5.53,--,202,111706,卖盘
1594,10:48:04,5.53,-0.01,21,11613,卖盘
1595,10:47:58,5.54,0.01,18,9972,买盘
1596,10:47:49,5.53,--,21,11613,卖盘
1597,10:47:43,5.53,-0.01,86,47558,卖盘
1598,10:47:39,5.54,--,2,1108,买盘
1599,10:47:34,5.54,--,30,16620,买盘
1600,10:47:28,5.54,--,138,76452,买盘
1601,10:47:19,5.54,-0.01,95,52630,买盘
1602,10:47:09,5.55,--,0,0,买盘
1603,10:47:04,5.55,0.02,8948,4966140,买盘
1604,10:46:58,5.53,-0.01,10,5530,卖盘
1605,10:46:49,5.54,0.01,20,11080,买盘
1606,10:46:43,5.53,--,700,387100,卖盘
1607,10:46:33,5.53,--,128,70784,卖盘
1608,10:46:28,5.53,--,5,2765,卖盘
1609,10:46:24,5.53,--,111,61383,卖盘
1610,10:46:12,5.53,-0.01,280,154840,卖盘
1611,10:45:58,5.54,--,61,33794,买盘
1612,10:45:54,5.54,0.01,102,56508,买盘
1613,10:45:49,5.53,--,25,13825,卖盘
1614,10:45:43,5.53,--,11,6083,卖盘
1615,10:45:38,5.53,-0.01,17,9401,卖盘
1616,10:45:33,5.54,0.01,71,39334,买盘
1617,10:45:28,5.53,--,571,315763,卖盘
1618,10:45:22,5.53,--,200,110600,卖盘
1619,10:45:13,5.53,--,153,84609,卖盘
1620,10:45:04,5.53,-0.01,301,166453,卖盘
1621,10:44:57,5.54,0.01,251,139054,买盘
1622,10:44:51,5.53,-0.01,11,6083,卖盘
1623,10:44:48,5.54,0.01,175,96950,买盘
1624,10:44:42,5.53,-0.01,149,82397,卖盘
1625,10:44:36,5.54,--,5,2770,买盘
1626,10:44:33,5.54,0.01,51,28254,买盘
1627,10:44:28,5.53,--,62,34286,卖盘
1628,10:44:22,5.53,--,50,27650,卖盘
1629,10:44:18,5.53,-0.01,142,78526,卖盘
1630,10:44:06,5.54,--,56,31024,买盘
1631,10:44:03,5.54,-0.01,2335,1293939,卖盘
1632,10:43:57,5.55,0.01,20,11100,买盘
1633,10:43:51,5.54,--,44,24376,卖盘
1634,10:43:48,5.54,--,788,436552,卖盘
1635,10:43:42,5.54,--,47,26038,卖盘
1636,10:43:36,5.54,-0.01,522,289188,卖盘
1637,10:43:33,5.55,0.01,44,24420,买盘
1638,10:43:27,5.54,--,26,14404,卖盘
1639,10:43:21,5.54,--,10,5540,卖盘
1640,10:43:18,5.54,--,160,88640,卖盘
1641,10:43:12,5.54,--,140,77560,卖盘
1642,10:43:06,5.54,-0.01,399,221046,卖盘
1643,10:42:57,5.55,0.01,53,29415,买盘
1644,10:42:51,5.54,--,92,50968,卖盘
1645,10:42:48,5.54,--,110,60940,卖盘
1646,10:42:42,5.54,-0.01,120,66480,卖盘
1647,10:42:36,5.55,--,438,243090,买盘
1648,10:42:33,5.55,0.01,47,26085,买盘
1649,10:42:27,5.54,-0.01,520,288080,卖盘
1650,10:42:12,5.55,--,1,555,买盘
1651,10:42:06,5.55,--,19,10545,买盘
1652,10:41:57,5.55,--,88,48840,买盘
1653,10:41:48,5.55,--,10,5550,买盘
1654,10:41:27,5.55,--,71,39405,买盘
1655,10:41:21,5.55,0.01,20,11100,买盘
1656,10:41:12,5.54,--,31,17174,卖盘
1657,10:41:06,5.54,--,11,6094,卖盘
1658,10:40:57,5.54,--,93,51522,卖盘
1659,10:40:51,5.54,-0.01,30,16620,卖盘
1660,10:40:42,5.55,0.01,37,20535,买盘
1661,10:40:36,5.54,-0.01,405,224370,卖盘
1662,10:40:27,5.55,--,90,49950,买盘
1663,10:40:21,5.55,0.01,3,1665,买盘
1664,10:40:18,5.54,-0.01,5,2770,卖盘
1665,10:40:12,5.55,--,18,9990,买盘
1666,10:40:06,5.55,--,39,21645,买盘
1667,10:40:03,5.55,0.01,1,555,买盘
1668,10:39:57,5.54,-0.01,1251,693054,卖盘
1669,10:39:51,5.55,--,81,44955,买盘
1670,10:39:42,5.55,--,70,38850,买盘
1671,10:39:32,5.55,--,40,22200,买盘
1672,10:39:27,5.55,0.01,4,2220,买盘
1673,10:39:21,5.54,--,28,15512,卖盘
1674,10:39:17,5.54,--,7,3878,卖盘
1675,10:39:12,5.54,-0.01,108,59832,卖盘
1676,10:39:06,5.55,0.01,20,11100,买盘
1677,10:38:57,5.54,--,474,262596,卖盘
1678,10:38:51,5.54,-0.01,30,16620,卖盘
1679,10:38:47,5.55,0.01,3,1665,买盘
1680,10:38:42,5.54,-0.01,101,55954,卖盘
1681,10:38:36,5.55,0.01,20,11100,买盘
1682,10:38:06,5.54,-0.01,54,29916,卖盘
1683,10:37:57,5.55,--,20,11100,买盘
1684,10:37:51,5.55,--,147,81585,卖盘
1685,10:37:45,5.55,--,1619,898545,买盘
1686,10:37:42,5.55,0.01,13,7215,买盘
1687,10:37:36,5.54,-0.01,267,147918,卖盘
1688,10:37:30,5.55,--,12,6660,买盘
1689,10:37:27,5.55,0.01,38,21090,买盘
1690,10:37:21,5.54,-0.01,80,44320,卖盘
1691,10:37:15,5.55,--,2,1110,买盘
1692,10:37:12,5.55,0.01,5,2775,买盘
1693,10:37:06,5.54,--,21,11634,卖盘
1694,10:37:00,5.54,-0.01,55,30470,卖盘
1695,10:36:57,5.55,0.01,150,83250,买盘
1696,10:36:51,5.54,-0.01,207,114678,卖盘
1697,10:36:45,5.55,--,428,237540,买盘
1698,10:36:42,5.55,--,777,431235,卖盘
1699,10:36:36,5.55,-0.01,199,110445,卖盘
1700,10:36:30,5.56,0.01,64,35584,买盘
1701,10:36:27,5.55,-0.01,5526,3066930,卖盘
1702,10:36:21,5.56,0.01,1794,997463,买盘
1703,10:36:15,5.55,-0.01,148,82140,卖盘
1704,10:36:12,5.56,0.01,20,11120,买盘
1705,10:36:06,5.55,--,20,11100,卖盘
1706,10:36:00,5.55,--,227,125985,卖盘
1707,10:35:57,5.55,--,46,25530,卖盘
1708,10:35:51,5.55,--,225,124875,卖盘
1709,10:35:45,5.55,--,3,1665,卖盘
1710,10:35:42,5.55,-0.01,193,107115,卖盘
1711,10:35:36,5.56,--,10242,5694552,买盘
1712,10:35:30,5.56,0.01,186,103416,买盘
1713,10:35:27,5.55,-0.01,2143,1189365,卖盘
1714,10:35:21,5.56,--,380,211279,买盘
1715,10:35:15,5.56,--,14,7783,买盘
1716,10:35:12,5.56,--,10,5560,买盘
1717,10:35:00,5.56,0.01,89,49484,买盘
1718,10:34:57,5.55,-0.01,60,33300,卖盘
1719,10:34:51,5.56,--,5,2780,买盘
1720,10:34:45,5.56,0.01,38,21128,买盘
1721,10:34:42,5.55,-0.01,220,122100,卖盘
1722,10:34:36,5.56,--,250,139000,买盘
1723,10:34:30,5.56,--,147,81732,买盘
1724,10:34:27,5.56,--,22,12232,买盘
1725,10:34:21,5.56,--,385,214059,买盘
1726,10:34:15,5.56,--,211,117315,买盘
1727,10:34:12,5.56,--,232,128991,买盘
1728,10:34:06,5.56,--,991,550996,买盘
1729,10:34:00,5.56,--,270,150120,买盘
1730,10:33:57,5.56,--,132,73392,买盘
1731,10:33:51,5.56,--,120,66720,买盘
1732,10:33:45,5.56,--,273,151788,买盘
1733,10:33:42,5.56,--,284,157904,买盘
1734,10:33:36,5.56,0.01,206,114535,买盘
1735,10:33:30,5.55,-0.01,50,27750,卖盘
1736,10:33:27,5.56,0.01,61,33916,买盘
1737,10:33:21,5.55,--,20,11100,卖盘
1738,10:33:15,5.55,--,134,74370,卖盘
1739,10:33:12,5.55,--,20,11105,卖盘
1740,10:33:06,5.55,--,17269,9584755,买盘
1741,10:33:00,5.55,0.01,41,22755,买盘
1742,10:32:51,5.54,-0.01,5,2770,卖盘
1743,10:32:45,5.55,--,1144,634920,买盘
1744,10:32:42,5.55,--,11,6105,买盘
1745,10:32:36,5.55,0.01,10,5550,买盘
1746,10:32:30,5.54,--,116,64264,卖盘
1747,10:32:21,5.54,--,10,5540,卖盘
1748,10:32:15,5.54,--,274,151796,卖盘
1749,10:32:11,5.54,--,455,252274,买盘
1750,10:32:06,5.54,--,238,131852,买盘
1751,10:32:00,5.54,--,100,55400,买盘
1752,10:31:56,5.54,--,41,22714,买盘
1753,10:31:51,5.54,--,93,51522,买盘
1754,10:31:45,5.54,--,1,554,买盘
1755,10:31:36,5.54,--,366,202764,买盘
1756,10:31:30,5.54,--,58,32132,买盘
1757,10:31:26,5.54,0.01,599,331846,买盘
1758,10:31:21,5.53,--,105,58065,卖盘
1759,10:31:15,5.53,-0.01,502,277606,卖盘
1760,10:31:11,5.54,--,606,335724,买盘
1761,10:31:06,5.54,--,12464,6905056,买盘
1762,10:31:00,5.54,0.01,10,5540,买盘
1763,10:30:56,5.53,-0.01,13,7189,卖盘
1764,10:30:51,5.54,0.01,5,2770,买盘
1765,10:30:45,5.53,-0.01,72,39816,卖盘
1766,10:30:39,5.54,0.01,8,4432,买盘
1767,10:30:36,5.53,-0.01,19,10507,卖盘
1768,10:30:30,5.54,--,216,119664,买盘
1769,10:30:24,5.54,--,93,51522,买盘
1770,10:30:15,5.54,0.01,17,9418,买盘
1771,10:30:09,5.53,--,63,34839,卖盘
1772,10:30:06,5.53,-0.01,50,27650,卖盘
1773,10:30:00,5.54,0.01,72,39888,买盘
1774,10:29:54,5.53,--,48,26544,卖盘
1775,10:29:51,5.53,--,10,5530,卖盘
1776,10:29:39,5.53,--,2,1106,卖盘
1777,10:29:36,5.53,-0.01,50,27650,卖盘
1778,10:29:30,5.54,0.01,89,49306,买盘
1779,10:29:24,5.53,--,24,13272,卖盘
1780,10:29:09,5.53,-0.01,1,553,卖盘
1781,10:29:06,5.54,--,158,87532,买盘
1782,10:29:00,5.54,--,85,47090,买盘
1783,10:28:54,5.54,--,100,55400,买盘
1784,10:28:39,5.54,--,11,6094,买盘
1785,10:28:36,5.54,0.01,2,1108,买盘
1786,10:28:30,5.53,--,69,38157,卖盘
1787,10:28:24,5.53,--,6,3318,卖盘
1788,10:28:21,5.53,--,100,55300,卖盘
1789,10:28:15,5.53,-0.01,35,19355,卖盘
1790,10:28:00,5.54,--,1,554,买盘
1791,10:27:54,5.54,--,53,29362,买盘
1792,10:27:51,5.54,0.01,35,19390,买盘
1793,10:27:45,5.53,-0.01,70,38710,卖盘
1794,10:27:36,5.54,--,30,16620,买盘
1795,10:27:24,5.54,--,101,55954,买盘
1796,10:27:21,5.54,0.01,15,8310,买盘
1797,10:27:15,5.53,-0.01,1,553,卖盘
1798,10:27:09,5.54,--,46,25484,买盘
1799,10:27:00,5.54,0.01,1,554,买盘
1800,10:26:54,5.53,-0.01,824,455672,卖盘
1801,10:26:51,5.54,0.01,20,11080,买盘
1802,10:26:45,5.53,-0.01,25,13825,卖盘
1803,10:26:30,5.54,--,237,131298,买盘
1804,10:26:24,5.54,--,3,1662,买盘
1805,10:26:05,5.54,--,160,88640,买盘
1806,10:26:00,5.54,--,15,8310,买盘
1807,10:25:54,5.54,0.01,25,13850,买盘
1808,10:25:45,5.53,-0.01,7,3871,卖盘
1809,10:25:36,5.54,0.01,5,2770,买盘
1810,10:25:30,5.53,--,28,15484,卖盘
1811,10:25:24,5.53,--,34,18802,卖盘
1812,10:25:15,5.53,--,7,3871,卖盘
1813,10:25:09,5.53,--,56,30968,卖盘
1814,10:25:05,5.53,-0.01,150,82950,卖盘
1815,10:25:00,5.54,--,228,126312,买盘
1816,10:24:54,5.54,--,10,5540,买盘
1817,10:24:50,5.54,--,61,33794,买盘
1818,10:24:45,5.54,0.01,218,120772,买盘
1819,10:24:39,5.53,-0.01,16,8848,卖盘
1820,10:24:35,5.54,0.01,18,9972,买盘
1821,10:24:30,5.53,-0.01,272,150416,卖盘
1822,10:24:24,5.54,--,12,6648,买盘
1823,10:24:15,5.54,0.01,121,67034,买盘
1824,10:24:09,5.53,--,481,265993,卖盘
1825,10:24:05,5.53,-0.01,12,6636,卖盘
1826,10:23:54,5.54,0.01,102,56508,买盘
1827,10:23:50,5.53,-0.01,19,10507,卖盘
1828,10:23:45,5.54,0.01,345,191130,买盘
1829,10:23:39,5.53,-0.01,10,5530,卖盘
1830,10:23:35,5.54,0.01,37,20498,买盘
1831,10:23:30,5.53,--,105,58065,卖盘
1832,10:23:24,5.53,-0.01,106,58618,卖盘
1833,10:23:18,5.54,0.01,155,85870,买盘
1834,10:23:15,5.53,-0.01,145,80185,卖盘
1835,10:23:09,5.54,--,500,277000,买盘
1836,10:23:00,5.54,--,39,21606,买盘
1837,10:22:54,5.54,0.01,5,2770,买盘
1838,10:22:45,5.53,-0.01,92,50876,卖盘
1839,10:22:39,5.54,--,6,3324,买盘
1840,10:22:30,5.54,0.01,63,34902,买盘
1841,10:22:24,5.53,-0.01,266,147098,卖盘
1842,10:22:18,5.54,0.01,4,2216,买盘
1843,10:22:15,5.53,--,29,16037,卖盘
1844,10:22:03,5.53,--,19,10507,卖盘
1845,10:22:00,5.53,-0.01,10,5530,卖盘
1846,10:21:54,5.54,0.01,64,35456,买盘
1847,10:21:48,5.53,--,10,5530,卖盘
1848,10:21:39,5.53,--,103,56959,卖盘
1849,10:21:33,5.53,-0.01,3,1659,卖盘
1850,10:21:30,5.54,--,7,3878,买盘
1851,10:21:24,5.54,--,120,66480,买盘
1852,10:21:18,5.54,--,306,169524,买盘
1853,10:21:09,5.54,--,55,30470,买盘
1854,10:21:03,5.54,--,107,59278,买盘
1855,10:21:00,5.54,0.01,110,60940,买盘
1856,10:20:54,5.53,--,77,42581,卖盘
1857,10:20:48,5.53,--,39,21567,卖盘
1858,10:20:45,5.53,--,220,121660,卖盘
1859,10:20:39,5.53,--,4,2212,卖盘
1860,10:20:33,5.53,--,88,48664,卖盘
1861,10:20:30,5.53,--,90,49770,卖盘
1862,10:20:24,5.53,-0.01,50,27650,卖盘
1863,10:20:18,5.54,--,13,7202,买盘
1864,10:20:09,5.54,0.01,63,34902,买盘
1865,10:20:03,5.53,-0.01,5,2765,卖盘
1866,10:19:48,5.54,0.01,3,1662,买盘
1867,10:19:39,5.53,-0.01,23,12719,卖盘
1868,10:19:33,5.54,0.01,7,3878,买盘
1869,10:19:29,5.53,-0.01,10,5530,卖盘
1870,10:19:24,5.54,0.01,39,21606,买盘
1871,10:19:18,5.53,--,1018,562954,卖盘
1872,10:19:14,5.53,--,40,22120,卖盘
1873,10:19:09,5.53,-0.01,152,84056,卖盘
1874,10:19:03,5.54,--,132,73128,买盘
1875,10:18:59,5.54,0.01,45,24930,买盘
1876,10:18:44,5.53,--,15,8295,卖盘
1877,10:18:39,5.53,--,50,27650,卖盘
1878,10:18:33,5.53,--,49,27097,卖盘
1879,10:18:24,5.53,-0.01,471,260463,卖盘
1880,10:18:18,5.54,--,37,20498,买盘
1881,10:18:14,5.54,0.01,2,1108,买盘
1882,10:18:09,5.53,--,50,27650,卖盘
1883,10:18:03,5.53,-0.01,8,4424,卖盘
1884,10:17:48,5.54,--,1000,554000,买盘
1885,10:17:44,5.54,0.01,405,224370,买盘
1886,10:17:39,5.53,--,10,5530,卖盘
1887,10:17:33,5.53,--,484,267652,卖盘
1888,10:17:24,5.53,-0.01,50,27650,卖盘
1889,10:17:18,5.54,--,53,29362,买盘
1890,10:17:14,5.54,0.01,62,34348,买盘
1891,10:17:09,5.53,--,224,123872,卖盘
1892,10:17:03,5.53,--,44,24332,卖盘
1893,10:16:59,5.53,-0.01,60,33180,卖盘
1894,10:16:54,5.54,--,71,39334,买盘
1895,10:16:48,5.54,0.01,102,56508,买盘
1896,10:16:39,5.53,-0.01,189,104517,卖盘
1897,10:16:33,5.54,--,14,7756,买盘
1898,10:16:18,5.54,--,91,50414,买盘
1899,10:16:09,5.54,--,25,13850,买盘
1900,10:16:03,5.54,0.01,68,37672,买盘
1901,10:15:54,5.53,-0.01,110,60830,卖盘
1902,10:15:48,5.54,--,10,5540,买盘
1903,10:15:42,5.54,0.01,115,63710,买盘
1904,10:15:33,5.53,-0.01,6,3318,卖盘
1905,10:15:27,5.54,--,50,27700,买盘
1906,10:15:24,5.54,--,122,67588,买盘
1907,10:15:18,5.54,--,30,16620,买盘
1908,10:15:12,5.54,--,191,105814,买盘
1909,10:15:09,5.54,--,104,57616,买盘
1910,10:15:03,5.54,--,31,17174,买盘
1911,10:14:57,5.54,--,54,29916,买盘
1912,10:14:48,5.54,--,457,253704,买盘
1913,10:14:42,5.54,--,1,554,买盘
1914,10:14:38,5.54,--,240,132960,买盘
1915,10:14:33,5.54,--,12,6648,买盘
1916,10:14:27,5.54,0.01,11,6094,买盘
1917,10:14:18,5.53,--,16,8848,卖盘
1918,10:14:08,5.53,-0.01,4,2212,卖盘
1919,10:14:03,5.54,--,29,16066,买盘
1920,10:13:57,5.54,0.01,266,147364,买盘
1921,10:13:48,5.53,--,2,1106,卖盘
1922,10:13:33,5.53,--,110,60830,卖盘
1923,10:13:27,5.53,--,11,6083,卖盘
1924,10:13:23,5.53,--,100,55300,卖盘
1925,10:13:18,5.53,--,60,33180,卖盘
1926,10:13:12,5.53,-0.01,535,295855,卖盘
1927,10:13:03,5.54,0.01,54,29916,买盘
1928,10:12:57,5.53,--,23,12719,卖盘
1929,10:12:48,5.53,--,108,59724,卖盘
1930,10:12:42,5.53,-0.01,61,33733,卖盘
1931,10:12:38,5.54,--,90,49860,买盘
1932,10:12:33,5.54,--,220,121880,买盘
1933,10:12:27,5.54,0.01,143,79222,买盘
1934,10:12:18,5.53,--,106,58618,卖盘
1935,10:12:12,5.53,--,122,67466,卖盘
1936,10:12:03,5.53,--,49,27097,卖盘
1937,10:11:57,5.53,--,10,5530,卖盘
1938,10:11:48,5.53,-0.01,9,4977,卖盘
1939,10:11:42,5.54,--,312,172848,买盘
1940,10:11:33,5.54,0.01,53,29362,买盘
1941,10:11:27,5.53,-0.01,23,12719,卖盘
1942,10:11:23,5.54,--,2,1108,买盘
1943,10:11:18,5.54,--,14,7756,买盘
1944,10:11:12,5.54,--,69,38226,买盘
1945,10:11:03,5.54,0.01,20,11080,买盘
1946,10:10:57,5.53,--,78,43134,卖盘
1947,10:10:48,5.53,--,62,34286,卖盘
1948,10:10:42,5.53,--,5,2765,卖盘
1949,10:10:38,5.53,--,5,2765,卖盘
1950,10:10:33,5.53,--,80,44240,卖盘
1951,10:10:27,5.53,--,118,65254,卖盘
1952,10:10:23,5.53,-0.01,3,1659,卖盘
1953,10:10:18,5.54,0.01,110,60940,买盘
1954,10:10:12,5.53,--,154,85162,卖盘
1955,10:10:03,5.53,-0.01,110,60830,卖盘
1956,10:09:57,5.54,0.01,311,172294,买盘
1957,10:09:48,5.53,--,7,3871,卖盘
1958,10:09:42,5.53,-0.01,132,72996,卖盘
1959,10:09:38,5.54,--,11,6094,买盘
1960,10:09:33,5.54,0.01,18,9972,买盘
1961,10:09:27,5.53,--,32,17696,卖盘
1962,10:09:18,5.53,--,11,6083,卖盘
1963,10:09:12,5.53,-0.01,70,38710,卖盘
1964,10:09:08,5.54,0.01,15,8310,买盘
1965,10:08:57,5.53,-0.01,927,512631,卖盘
1966,10:08:51,5.54,--,2,1108,买盘
1967,10:08:48,5.54,--,112,62048,买盘
1968,10:08:42,5.54,--,54,29916,买盘
1969,10:08:37,5.54,--,22,12188,买盘
1970,10:08:33,5.54,0.01,20,11080,买盘
1971,10:08:27,5.53,-0.01,2,1106,卖盘
1972,10:08:22,5.54,0.01,42,23268,买盘
1973,10:08:18,5.53,--,10,5530,卖盘
1974,10:08:12,5.53,--,1391,769223,卖盘
1975,10:08:06,5.53,-0.01,39,21567,卖盘
1976,10:08:03,5.54,0.01,10,5540,买盘
1977,10:07:51,5.53,--,21,11613,卖盘
1978,10:07:47,5.53,-0.01,332,183596,卖盘
1979,10:07:42,5.54,0.01,5,2770,买盘
1980,10:07:36,5.53,--,47,25991,卖盘
1981,10:07:33,5.53,--,15,8295,卖盘
1982,10:07:27,5.53,-0.01,26,14378,卖盘
1983,10:07:21,5.54,--,20,11080,买盘
1984,10:07:12,5.54,--,29,16066,买盘
1985,10:07:02,5.54,--,17,9418,买盘
1986,10:06:57,5.54,--,24,13296,买盘
1987,10:06:51,5.54,0.01,177,98058,买盘
1988,10:06:42,5.53,-0.01,4,2212,卖盘
1989,10:06:32,5.54,0.01,79,43766,买盘
1990,10:06:21,5.53,--,200,110600,卖盘
1991,10:06:12,5.53,-0.01,3,1659,卖盘
1992,10:06:06,5.54,--,52,28808,买盘
1993,10:05:57,5.54,--,7,3878,买盘
1994,10:05:51,5.54,--,22,12188,买盘
1995,10:05:47,5.54,0.01,116,64264,买盘
1996,10:05:36,5.53,-0.01,301,166453,卖盘
1997,10:05:32,5.54,0.01,178,98612,买盘
1998,10:05:27,5.53,-0.01,518,286454,卖盘
1999,10:05:21,5.54,--,130,72020,买盘
2000,10:05:17,5.54,--,10,5540,买盘
2001,10:05:12,5.54,--,65,36010,买盘
2002,10:05:06,5.54,--,512,283648,买盘
2003,10:04:57,5.54,0.01,61,33794,买盘
2004,10:04:51,5.53,-0.01,625,345625,卖盘
2005,10:04:47,5.54,0.01,118,65499,买盘
2006,10:04:42,5.53,-0.01,17,9401,卖盘
2007,10:04:36,5.54,0.01,38,21052,买盘
2008,10:04:32,5.53,--,74,40922,卖盘
2009,10:04:27,5.53,-0.01,54,29983,卖盘
2010,10:04:21,5.54,--,164,90856,买盘
2011,10:04:17,5.54,--,129,71466,买盘
2012,10:04:12,5.54,--,249,137946,买盘
2013,10:04:06,5.54,--,264,146377,买盘
2014,10:04:02,5.54,--,12,6648,买盘
2015,10:03:57,5.54,--,111,61494,买盘
2016,10:03:51,5.54,--,232,128528,买盘
2017,10:03:47,5.54,--,59,32807,买盘
2018,10:03:42,5.54,--,959,531286,买盘
2019,10:03:36,5.54,--,512,283648,买盘
2020,10:03:32,5.54,--,186,103044,买盘
2021,10:03:27,5.54,--,131,72695,买盘
2022,10:03:21,5.54,--,135,74790,买盘
2023,10:03:17,5.54,0.01,42,23268,买盘
2024,10:03:12,5.53,-0.01,73,40369,卖盘
2025,10:03:06,5.54,--,297,164659,买盘
2026,10:03:02,5.54,--,152,84208,买盘
2027,10:02:57,5.54,0.01,59,32686,买盘
2028,10:02:51,5.53,-0.01,429,237237,卖盘
2029,10:02:47,5.54,--,98,54413,买盘
2030,10:02:42,5.54,--,16,8864,买盘
2031,10:02:36,5.54,0.01,240,132960,买盘
2032,10:02:32,5.53,--,15,8295,卖盘
2033,10:02:27,5.53,--,102,56527,卖盘
2034,10:02:21,5.53,-0.01,70,38710,卖盘
2035,10:02:17,5.54,--,341,188914,买盘
2036,10:02:12,5.54,--,170,94180,买盘
2037,10:02:06,5.54,0.01,213,118123,买盘
2038,10:02:02,5.53,-0.01,50,27650,卖盘
2039,10:01:57,5.54,0.01,342,189468,买盘
2040,10:01:51,5.53,--,3,1659,卖盘
2041,10:01:47,5.53,-0.01,45,25006,卖盘
2042,10:01:42,5.54,0.01,2289,1268106,买盘
2043,10:01:36,5.53,-0.01,2003,1107659,卖盘
2044,10:01:31,5.54,--,16,8864,买盘
2045,10:01:27,5.54,0.01,2343,1298143,买盘
2046,10:01:21,5.53,--,62,34286,卖盘
2047,10:01:12,5.53,-0.01,243,134379,卖盘
2048,10:01:06,5.54,0.01,37,20619,买盘
2049,10:01:00,5.53,--,19,10507,卖盘
2050,10:00:56,5.53,--,74,40922,卖盘
2051,10:00:51,5.53,--,30,16590,卖盘
2052,10:00:45,5.53,--,51,28324,卖盘
2053,10:00:41,5.53,--,120,66360,卖盘
2054,10:00:30,5.53,--,25,13825,卖盘
2055,10:00:27,5.53,--,121,67034,卖盘
2056,10:00:21,5.53,-0.01,212,117236,卖盘
2057,10:00:15,5.54,--,231,127974,买盘
2058,10:00:11,5.54,--,125,69250,买盘
2059,10:00:06,5.54,0.01,471,261055,买盘
2060,10:00:00,5.53,-0.01,43,23779,卖盘
2061,09:59:56,5.54,--,97,53738,买盘
2062,09:59:51,5.54,--,406,224924,买盘
2063,09:59:45,5.54,0.01,1472,815488,买盘
2064,09:59:36,5.53,--,62,34286,卖盘
2065,09:59:30,5.53,-0.01,20,11060,卖盘
2066,09:59:21,5.54,0.01,123,68142,买盘
2067,09:59:15,5.53,-0.01,76,42028,卖盘
2068,09:59:11,5.54,0.01,5,2770,买盘
2069,09:59:06,5.53,-0.01,809,447377,卖盘
2070,09:59:00,5.54,--,5,2770,买盘
2071,09:58:56,5.54,--,22,12188,买盘
2072,09:58:51,5.54,0.01,75,41910,买盘
2073,09:58:45,5.53,-0.01,437,241661,卖盘
2074,09:58:41,5.54,0.01,73,40442,买盘
2075,09:58:36,5.53,--,1758,972174,卖盘
2076,09:58:30,5.53,--,46,25797,卖盘
2077,09:58:26,5.53,--,1,553,卖盘
2078,09:58:21,5.53,--,36,19908,卖盘
2079,09:58:15,5.53,--,147,81291,卖盘
2080,09:58:11,5.53,-0.01,46,25797,卖盘
2081,09:58:06,5.54,0.01,1169,647626,买盘
2082,09:58:00,5.53,--,257,142121,卖盘
2083,09:57:56,5.53,--,4,2212,卖盘
2084,09:57:51,5.53,-0.01,141,78332,卖盘
2085,09:57:45,5.54,0.01,19,10526,买盘
2086,09:57:41,5.53,--,25,13825,卖盘
2087,09:57:30,5.53,-0.01,109,60636,卖盘
2088,09:57:26,5.54,0.01,89,49306,买盘
2089,09:57:21,5.53,-0.01,110,60830,卖盘
2090,09:57:15,5.54,--,1,554,买盘
2091,09:57:11,5.54,0.01,74,41356,买盘
2092,09:57:06,5.53,--,141,77973,卖盘
2093,09:57:00,5.53,-0.01,60,33180,卖盘
2094,09:56:56,5.54,0.01,16,8864,买盘
2095,09:56:51,5.53,-0.01,161,89392,卖盘
2096,09:56:45,5.54,--,104,57616,买盘
2097,09:56:41,5.54,--,315,174510,买盘
2098,09:56:36,5.54,0.01,13,7202,买盘
2099,09:56:30,5.53,-0.01,567,313910,卖盘
2100,09:56:21,5.54,--,2170,1202180,买盘
2101,09:56:15,5.54,0.01,251,139054,买盘
2102,09:56:11,5.53,-0.01,122,67825,卖盘
2103,09:56:06,5.54,--,554,306916,买盘
2104,09:56:00,5.54,--,181,100274,买盘
2105,09:55:56,5.54,--,4,2216,买盘
2106,09:55:50,5.54,--,218,121132,买盘
2107,09:55:45,5.54,--,114,63156,买盘
2108,09:55:41,5.54,--,204,113016,买盘
2109,09:55:36,5.54,--,153,84762,买盘
2110,09:55:30,5.54,--,123,68502,买盘
2111,09:55:26,5.54,--,49,27146,买盘
2112,09:55:21,5.54,--,44,24376,买盘
2113,09:55:15,5.54,--,92,50968,买盘
2114,09:55:11,5.54,--,160,89000,买盘
2115,09:55:06,5.54,0.01,138,76452,买盘
2116,09:55:00,5.53,--,709,392077,卖盘
2117,09:54:54,5.53,--,34,18802,卖盘
2118,09:54:50,5.53,-0.01,1411,780642,卖盘
2119,09:54:45,5.54,--,738,408852,买盘
2120,09:54:39,5.54,--,100,55400,买盘
2121,09:54:36,5.54,--,329,182266,买盘
2122,09:54:30,5.54,--,463,256862,买盘
2123,09:54:24,5.54,--,125,69250,买盘
2124,09:54:21,5.54,--,259,143486,买盘
2125,09:54:15,5.54,0.01,795,440430,买盘
2126,09:54:09,5.53,-0.01,114,63401,卖盘
2127,09:54:05,5.54,--,129,71466,买盘
2128,09:54:00,5.54,0.01,246,136284,买盘
2129,09:53:54,5.53,-0.01,106,58618,卖盘
2130,09:53:50,5.54,0.01,304,168776,买盘
2131,09:53:45,5.53,-0.01,248,137144,卖盘
2132,09:53:39,5.54,--,10,5540,买盘
2133,09:53:35,5.54,0.01,83,45982,买盘
2134,09:53:30,5.53,-0.01,81,44793,卖盘
2135,09:53:24,5.54,0.01,208,115232,买盘
2136,09:53:20,5.53,-0.01,100,55300,卖盘
2137,09:53:15,5.54,0.01,351,194454,买盘
2138,09:53:09,5.53,-0.01,24,13272,卖盘
2139,09:53:05,5.54,--,28,15512,买盘
2140,09:53:00,5.54,--,41,22714,买盘
2141,09:52:54,5.54,0.01,23,12742,买盘
2142,09:52:50,5.53,-0.01,72,39816,卖盘
2143,09:52:45,5.54,0.01,82,45428,买盘
2144,09:52:39,5.53,--,204,112812,卖盘
2145,09:52:35,5.53,--,4,2212,卖盘
2146,09:52:30,5.53,--,707,391485,卖盘
2147,09:52:24,5.53,-0.01,1041,575673,卖盘
2148,09:52:20,5.54,0.01,167,92518,买盘
2149,09:52:15,5.53,--,190,105070,卖盘
2150,09:52:09,5.53,-0.01,131,72443,卖盘
2151,09:52:05,5.54,--,511,283094,买盘
2152,09:52:00,5.54,--,153,84762,买盘
2153,09:51:54,5.54,0.01,354,196116,买盘
2154,09:51:45,5.53,--,681,376593,卖盘
2155,09:51:39,5.53,--,140,77420,卖盘
2156,09:51:35,5.53,--,100,55300,卖盘
2157,09:51:29,5.53,--,306,169218,卖盘
2158,09:51:24,5.53,-0.01,418,231154,卖盘
2159,09:51:20,5.54,0.01,2,1108,买盘
2160,09:51:14,5.53,--,184,101752,卖盘
2161,09:51:09,5.53,--,238,131614,卖盘
2162,09:51:05,5.53,-0.01,100,55300,中性盘
2163,09:50:59,5.54,0.01,244,135176,买盘
2164,09:50:54,5.53,--,169,93457,买盘
2165,09:50:50,5.53,-0.01,48,26544,卖盘
2166,09:50:44,5.54,0.02,317,175618,买盘
2167,09:50:39,5.52,-0.01,468,258335,卖盘
2168,09:50:35,5.53,-0.01,30,16590,买盘
2169,09:50:29,5.54,--,1270,703580,买盘
2170,09:50:24,5.54,--,108,59832,买盘
2171,09:50:20,5.54,--,105,58170,买盘
2172,09:50:14,5.54,0.01,449,248746,买盘
2173,09:50:09,5.53,--,516,285348,买盘
2174,09:49:59,5.53,--,326,180278,买盘
2175,09:49:54,5.53,--,230,127190,买盘
2176,09:49:50,5.53,--,316,174748,卖盘
2177,09:49:44,5.53,-0.01,418,231154,中性盘
2178,09:49:39,5.54,0.01,343,190022,买盘
2179,09:49:29,5.53,-0.01,196,108388,买盘
2180,09:49:24,5.54,0.02,1417,785018,买盘
2181,09:49:20,5.52,-0.01,3723,2055095,卖盘
2182,09:49:14,5.53,--,236,130508,买盘
2183,09:49:09,5.53,0.01,152,84056,买盘
2184,09:49:05,5.52,-0.01,200,110399,卖盘
2185,09:48:59,5.53,--,189,104517,买盘
2186,09:48:54,5.53,0.01,307,169771,买盘
2187,09:48:50,5.52,-0.01,67,36984,卖盘
2188,09:48:44,5.53,--,230,127190,买盘
2189,09:48:39,5.53,--,78,43134,买盘
2190,09:48:34,5.53,--,30,16590,买盘
2191,09:48:29,5.53,--,29,16037,买盘
2192,09:48:24,5.53,--,62,34286,买盘
2193,09:48:14,5.53,--,26,14378,买盘
2194,09:48:09,5.53,--,86,47558,买盘
2195,09:48:05,5.53,--,32,17696,买盘
2196,09:47:59,5.53,--,119,65807,买盘
2197,09:47:54,5.53,--,388,214564,买盘
2198,09:47:49,5.53,--,41,22673,买盘
2199,09:47:44,5.53,--,1026,567378,买盘
2200,09:47:39,5.53,0.01,342,189126,买盘
2201,09:47:34,5.52,-0.01,75,41400,卖盘
2202,09:47:29,5.53,--,78,43134,买盘
2203,09:47:24,5.53,--,48,26544,买盘
2204,09:47:14,5.53,--,124,68572,买盘
2205,09:47:09,5.53,0.01,176,97328,买盘
2206,09:47:03,5.52,-0.01,348,192095,卖盘
2207,09:46:59,5.53,0.01,184,101752,买盘
2208,09:46:54,5.52,-0.01,311,171672,卖盘
2209,09:46:48,5.53,0.01,24,13272,买盘
2210,09:46:44,5.52,-0.01,130,71760,卖盘
2211,09:46:39,5.53,--,208,115024,买盘
2212,09:46:33,5.53,--,1,553,买盘
2213,09:46:29,5.53,--,584,322952,买盘
2214,09:46:24,5.53,--,63,34839,买盘
2215,09:46:18,5.53,--,6,3318,买盘
2216,09:46:14,5.53,0.01,5,2765,买盘
2217,09:46:09,5.52,-0.01,176,97151,卖盘
2218,09:46:03,5.53,--,350,193550,买盘
2219,09:45:59,5.53,--,70,38710,买盘
2220,09:45:54,5.53,--,120,66360,买盘
2221,09:45:48,5.53,--,36,19908,买盘
2222,09:45:44,5.53,--,20,11060,买盘
2223,09:45:39,5.53,--,385,212905,买盘
2224,09:45:33,5.53,--,20,11060,买盘
2225,09:45:29,5.53,--,11,6083,买盘
2226,09:45:24,5.53,--,71,39263,买盘
2227,09:45:18,5.53,0.01,1054,582862,买盘
2228,09:45:14,5.52,-0.01,169,93288,卖盘
2229,09:45:09,5.53,0.01,111,61383,买盘
2230,09:45:03,5.52,-0.01,215,118679,卖盘
2231,09:44:59,5.53,0.01,5,2765,买盘
2232,09:44:53,5.52,--,168,92736,卖盘
2233,09:44:48,5.52,--,220,121439,卖盘
2234,09:44:38,5.52,--,358,197615,卖盘
2235,09:44:33,5.52,--,294,162288,卖盘
2236,09:44:29,5.52,--,97,53543,卖盘
2237,09:44:23,5.52,-0.01,182,100463,卖盘
2238,09:44:18,5.53,--,125,69125,买盘
2239,09:44:14,5.53,0.01,45,24885,买盘
2240,09:44:08,5.52,-0.01,83,45816,卖盘
2241,09:44:03,5.53,--,282,155946,买盘
2242,09:43:59,5.53,0.01,83,45899,买盘
2243,09:43:53,5.52,--,286,157872,买盘
2244,09:43:48,5.52,--,323,178693,卖盘
2245,09:43:44,5.52,--,148,81850,买盘
2246,09:43:38,5.52,--,184,101567,买盘
2247,09:43:33,5.52,--,4123,2275896,买盘
2248,09:43:29,5.52,--,206,113711,买盘
2249,09:43:23,5.52,0.01,260,143520,买盘
2250,09:43:18,5.51,--,296,163096,卖盘
2251,09:43:14,5.51,--,70,38570,卖盘
2252,09:43:03,5.51,-0.01,293,161443,卖盘
2253,09:42:53,5.52,0.01,80,44160,买盘
2254,09:42:44,5.51,-0.01,269,148219,卖盘
2255,09:42:38,5.52,--,60,33120,买盘
2256,09:42:33,5.52,0.01,341,188232,买盘
2257,09:42:29,5.51,--,192,105792,卖盘
2258,09:42:23,5.51,--,431,237481,卖盘
2259,09:42:18,5.51,-0.01,228,125672,卖盘
2260,09:42:13,5.52,--,243,134136,买盘
2261,09:42:03,5.52,--,56,30911,买盘
2262,09:41:59,5.52,--,321,177192,买盘
2263,09:41:53,5.52,0.01,2441,1347432,买盘
2264,09:41:48,5.51,--,117,64467,卖盘
2265,09:41:44,5.51,-0.01,10,5510,卖盘
2266,09:41:33,5.52,--,6,3311,买盘
2267,09:41:28,5.52,--,30,16560,买盘
2268,09:41:23,5.52,--,84,46368,买盘
2269,09:41:18,5.52,--,358,197615,买盘
2270,09:41:13,5.52,--,264,145728,买盘
2271,09:41:08,5.52,--,143,78936,买盘
2272,09:41:03,5.52,0.01,634,349968,买盘
2273,09:40:58,5.51,--,2,1102,卖盘
2274,09:40:53,5.51,-0.01,38,20938,卖盘
2275,09:40:48,5.52,0.01,150,82800,买盘
2276,09:40:43,5.51,-0.01,80,44080,卖盘
2277,09:40:38,5.52,0.01,17,9384,买盘
2278,09:40:33,5.51,--,352,194458,卖盘
2279,09:40:28,5.51,-0.01,10,5510,卖盘
2280,09:40:23,5.52,0.01,14,7727,买盘
2281,09:40:18,5.51,--,777,428127,卖盘
2282,09:40:13,5.51,--,10,5510,卖盘
2283,09:40:08,5.51,--,272,149872,卖盘
2284,09:40:03,5.51,--,26,14491,卖盘
2285,09:39:58,5.51,--,22,12122,卖盘
2286,09:39:53,5.51,--,57,31407,卖盘
2287,09:39:48,5.51,-0.01,729,401679,卖盘
2288,09:39:42,5.52,0.01,30,16560,买盘
2289,09:39:38,5.51,--,253,139403,卖盘
2290,09:39:33,5.51,--,1001,551551,卖盘
2291,09:39:27,5.51,--,65,35815,卖盘
2292,09:39:23,5.51,--,235,129485,卖盘
2293,09:39:18,5.51,--,233,128383,卖盘
2294,09:39:12,5.51,--,51,28156,卖盘
2295,09:39:08,5.51,--,252,138852,卖盘
2296,09:39:03,5.51,--,855,471105,卖盘
2297,09:38:57,5.51,0.01,857,472598,买盘
2298,09:38:53,5.5,--,714,393211,卖盘
2299,09:38:48,5.5,--,634,348700,卖盘
2300,09:38:42,5.5,--,732,402600,卖盘
2301,09:38:38,5.5,-0.01,448,246400,卖盘
2302,09:38:33,5.51,--,91,50141,买盘
2303,09:38:27,5.51,0.01,449,247399,买盘
2304,09:38:23,5.5,-0.01,268,147400,卖盘
2305,09:38:17,5.51,0.01,253,139403,买盘
2306,09:38:12,5.5,--,226,124300,卖盘
2307,09:38:08,5.5,-0.01,230,126500,卖盘
2308,09:38:02,5.51,--,207,114057,买盘
2309,09:37:57,5.51,--,577,317927,买盘
2310,09:37:53,5.51,--,70,38570,买盘
2311,09:37:47,5.51,--,398,219298,买盘
2312,09:37:42,5.51,--,521,287071,买盘
2313,09:37:38,5.51,--,101,55651,买盘
2314,09:37:32,5.51,--,342,188442,买盘
2315,09:37:27,5.51,--,628,346028,买盘
2316,09:37:23,5.51,--,22,12122,买盘
2317,09:37:17,5.51,-0.01,1313,723501,卖盘
2318,09:37:12,5.52,0.01,3976,2194752,买盘
2319,09:37:08,5.51,-0.01,70,38570,卖盘
2320,09:37:02,5.52,0.01,143,78936,买盘
2321,09:36:57,5.51,-0.01,154,84854,卖盘
2322,09:36:53,5.52,0.01,10,5520,买盘
2323,09:36:47,5.51,-0.01,935,515185,卖盘
2324,09:36:42,5.52,--,817,450983,买盘
2325,09:36:38,5.52,0.01,14,7727,买盘
2326,09:36:32,5.51,-0.01,715,393965,卖盘
2327,09:36:27,5.52,--,640,353280,买盘
2328,09:36:17,5.52,0.01,106,58511,买盘
2329,09:36:12,5.51,--,693,381843,卖盘
2330,09:36:02,5.51,-0.01,380,209380,卖盘
2331,09:35:57,5.52,--,31,17112,买盘
2332,09:35:53,5.52,0.01,10,5520,买盘
2333,09:35:47,5.51,-0.01,1105,608855,卖盘
2334,09:35:42,5.52,--,600,331200,买盘
2335,09:35:37,5.52,--,300,165600,买盘
2336,09:35:32,5.52,0.01,247,136344,买盘
2337,09:35:27,5.51,-0.01,7,3857,卖盘
2338,09:35:23,5.52,0.01,110,60719,买盘
2339,09:35:17,5.51,-0.01,15,8265,卖盘
2340,09:35:12,5.52,--,514,284241,买盘
2341,09:35:07,5.52,0.01,30,16560,买盘
2342,09:35:02,5.51,--,22,12122,卖盘
2343,09:34:57,5.51,-0.01,263,144913,卖盘
2344,09:34:52,5.52,--,1,552,买盘
2345,09:34:47,5.52,0.01,124,68448,买盘
2346,09:34:42,5.51,-0.01,348,191748,卖盘
2347,09:34:37,5.52,--,51,28151,买盘
2348,09:34:32,5.52,--,195,107639,买盘
2349,09:34:27,5.52,--,221,121991,买盘
2350,09:34:22,5.52,--,2,1104,买盘
2351,09:34:17,5.52,--,130,71760,买盘
2352,09:34:12,5.52,--,470,259439,买盘
2353,09:34:07,5.52,--,5,2760,买盘
2354,09:34:02,5.52,--,413,227975,买盘
2355,09:33:57,5.52,--,116,64031,买盘
2356,09:33:52,5.52,0.01,10,5520,买盘
2357,09:33:47,5.51,-0.01,229,126179,卖盘
2358,09:33:42,5.52,--,60,33120,买盘
2359,09:33:37,5.52,--,295,162840,买盘
2360,09:33:32,5.52,--,116,64031,买盘
2361,09:33:27,5.52,--,208,114815,买盘
2362,09:33:22,5.52,--,128,70656,买盘
2363,09:33:17,5.52,--,102,56303,买盘
2364,09:33:12,5.52,--,52,28703,买盘
2365,09:33:07,5.52,--,118,65135,卖盘
2366,09:33:02,5.52,--,98,54095,卖盘
2367,09:32:57,5.52,--,161,88872,卖盘
2368,09:32:52,5.52,--,2,1104,卖盘
2369,09:32:47,5.52,0.01,24,13247,中性盘
2370,09:32:42,5.51,-0.01,1430,787930,卖盘
2371,09:32:37,5.52,--,10,5520,买盘
2372,09:32:32,5.52,--,790,436079,卖盘
2373,09:32:27,5.52,--,140,77280,卖盘
2374,09:32:21,5.52,--,139,76728,买盘
2375,09:32:17,5.52,0.01,509,280968,买盘
2376,09:32:12,5.51,-0.01,478,263378,卖盘
2377,09:32:06,5.52,--,15,8280,买盘
2378,09:32:02,5.52,--,172,94943,买盘
2379,09:31:56,5.52,0.01,80,44160,买盘
2380,09:31:51,5.51,-0.01,238,131138,卖盘
2381,09:31:47,5.52,0.01,103,56855,买盘
2382,09:31:41,5.51,--,122,67222,卖盘
2383,09:31:36,5.51,-0.01,613,337944,卖盘
2384,09:31:32,5.52,0.01,5,2760,买盘
2385,09:31:26,5.51,-0.01,410,225910,卖盘
2386,09:31:21,5.52,--,733,404615,买盘
2387,09:31:17,5.52,--,275,151800,买盘
2388,09:31:11,5.52,--,180,99359,买盘
2389,09:31:06,5.52,--,579,319608,买盘
2390,09:31:02,5.52,0.01,27,14903,买盘
2391,09:30:56,5.51,-0.01,670,369539,中性盘
2392,09:30:51,5.52,0.01,417,230183,买盘
2393,09:30:47,5.51,-0.01,340,187340,卖盘
2394,09:30:41,5.52,--,1210,667920,买盘
2395,09:30:36,5.52,--,874,482447,买盘
2396,09:30:32,5.52,--,162,89424,买盘
2397,09:30:26,5.52,--,430,237359,买盘
2398,09:30:21,5.52,--,393,216935,买盘
2399,09:30:17,5.52,--,198,109295,买盘
2400,09:30:11,5.52,0.01,1131,624312,买盘
2401,09:30:06,5.51,--,4547,2505397,卖盘
2402,09:28:52,5.51,--,0,0,卖盘
2403,09:25:05,5.51,5.51,4394,2421094,买盘
