,time,price,change,volume,amount,type
0,15:00:00,9.86,--,0,0,买盘
1,14:59:59,9.86,--,66,65075,买盘
2,14:59:57,9.86,--,13,12818,买盘
3,14:59:53,9.86,--,300,296293,卖盘
4,14:59:47,9.86,-0.01,170,167620,卖盘
5,14:59:42,9.87,0.01,77,75999,买盘
6,14:59:38,9.86,--,435,429403,买盘
7,14:59:32,9.86,--,24,23664,买盘
8,14:59:27,9.86,0.01,60,59160,买盘
9,14:59:23,9.85,-0.01,54,53190,买盘
10,14:59:17,9.86,0.01,125,123250,买盘
11,14:59:12,9.85,--,47,46295,买盘
12,14:59:08,9.85,-0.01,191,188627,卖盘
13,14:59:02,9.86,0.01,371,365806,买盘
14,14:58:57,9.85,-0.01,75,73875,卖盘
15,14:58:52,9.86,0.01,120,118320,买盘
16,14:58:47,9.85,--,42,41370,卖盘
17,14:58:42,9.85,--,12,11820,卖盘
18,14:58:32,9.85,0.01,106,104902,买盘
19,14:58:27,9.84,--,47,46248,卖盘
20,14:58:22,9.84,-0.01,561,552024,卖盘
21,14:58:17,9.85,--,135,132975,买盘
22,14:58:12,9.85,--,20,19700,买盘
23,14:58:07,9.85,0.01,238,234430,买盘
24,14:58:02,9.84,-0.01,122,120048,卖盘
25,14:57:57,9.85,--,15,14775,买盘
26,14:57:51,9.85,--,123,121155,买盘
27,14:57:47,9.85,--,80,78800,买盘
28,14:57:42,9.85,0.01,121,119185,买盘
29,14:57:36,9.84,--,55,54120,卖盘
30,14:57:32,9.84,-0.01,74,72816,卖盘
31,14:57:27,9.85,--,360,354600,买盘
32,14:57:21,9.85,0.01,34,33490,买盘
33,14:57:17,9.84,--,103,101352,买盘
34,14:57:12,9.84,-0.01,81,79704,卖盘
35,14:57:06,9.85,0.01,105,103425,买盘
36,14:57:02,9.84,--,260,255840,买盘
37,14:56:57,9.84,0.01,24,23616,买盘
38,14:56:51,9.83,--,40,39320,卖盘
39,14:56:47,9.83,--,34,33422,卖盘
40,14:56:42,9.83,-0.01,258,253614,卖盘
41,14:56:36,9.84,0.01,10,9840,买盘
42,14:56:32,9.83,-0.01,82,80606,卖盘
43,14:56:27,9.84,--,53,52152,买盘
44,14:56:21,9.84,0.01,20,19680,买盘
45,14:56:17,9.83,--,10,9830,卖盘
46,14:56:12,9.83,--,124,122127,买盘
47,14:56:06,9.83,--,25,24575,买盘
48,14:56:02,9.83,0.01,92,90436,买盘
49,14:55:56,9.82,-0.01,218,214076,卖盘
50,14:55:51,9.83,--,58,57014,买盘
51,14:55:47,9.83,0.01,10,9830,买盘
52,14:55:41,9.82,-0.01,3,2946,卖盘
53,14:55:32,9.83,0.01,57,56031,买盘
54,14:55:26,9.82,-0.01,41,40262,买盘
55,14:55:21,9.83,0.01,105,103215,买盘
56,14:55:17,9.82,--,5,4910,买盘
57,14:55:11,9.82,--,39,38298,买盘
58,14:55:06,9.82,0.01,94,92308,买盘
59,14:55:02,9.81,--,5,4905,买盘
60,14:54:56,9.81,0.01,25,24525,中性盘
61,14:54:51,9.8,-0.02,43,42140,卖盘
62,14:54:47,9.82,--,252,247464,买盘
63,14:54:41,9.82,0.01,40,39280,买盘
64,14:54:36,9.81,--,10,9810,卖盘
65,14:54:32,9.81,--,154,151074,卖盘
66,14:54:26,9.81,-0.01,75,73575,卖盘
67,14:54:21,9.82,0.01,4,3928,买盘
68,14:54:17,9.81,-0.01,49,48069,卖盘
69,14:54:11,9.82,0.01,33,32406,买盘
70,14:54:06,9.81,-0.01,22,21582,卖盘
71,14:54:02,9.82,0.01,3,2946,买盘
72,14:53:56,9.81,--,31,30411,卖盘
73,14:53:51,9.81,-0.01,2,1962,卖盘
74,14:53:47,9.82,0.01,573,562686,买盘
75,14:53:41,9.81,--,14,13734,卖盘
76,14:53:36,9.81,--,10,9810,卖盘
77,14:53:32,9.81,--,312,306072,买盘
78,14:53:26,9.81,--,52,51012,买盘
79,14:53:21,9.81,0.01,101,99081,买盘
80,14:53:17,9.8,-0.01,73,71540,卖盘
81,14:53:11,9.81,--,5,4905,买盘
82,14:53:06,9.81,--,224,219744,买盘
83,14:52:51,9.81,0.01,200,196200,买盘
84,14:52:47,9.8,--,15,14700,卖盘
85,14:52:41,9.8,--,70,68600,卖盘
86,14:52:32,9.8,--,38,37240,卖盘
87,14:52:26,9.8,--,13,12740,卖盘
88,14:52:21,9.8,--,2,1960,卖盘
89,14:52:16,9.8,0.01,55,53900,中性盘
90,14:52:11,9.79,--,188,185021,卖盘
91,14:52:06,9.79,-0.01,42,41118,卖盘
92,14:52:01,9.8,--,53,51940,买盘
93,14:51:56,9.8,--,227,222460,买盘
94,14:51:51,9.8,--,26,25480,买盘
95,14:51:46,9.8,--,84,82320,买盘
96,14:51:31,9.8,--,222,217560,买盘
97,14:51:26,9.8,--,6,5880,买盘
98,14:51:21,9.8,--,14,13720,买盘
99,14:51:16,9.8,--,31,30380,买盘
100,14:51:11,9.8,0.01,50,49000,买盘
101,14:51:06,9.79,-0.01,23,22516,卖盘
102,14:51:01,9.8,--,35,34300,买盘
103,14:50:56,9.8,0.01,82,80360,买盘
104,14:50:51,9.79,--,125,122374,卖盘
105,14:50:45,9.79,--,70,68530,卖盘
106,14:50:41,9.79,--,5,4895,卖盘
107,14:50:36,9.79,--,10,9790,卖盘
108,14:50:30,9.79,--,68,66572,卖盘
109,14:50:21,9.79,--,30,29369,卖盘
110,14:50:11,9.79,--,8,7831,卖盘
111,14:50:05,9.79,--,30,29369,卖盘
112,14:49:56,9.79,--,50,48949,卖盘
113,14:49:50,9.79,--,15,14684,卖盘
114,14:49:45,9.79,--,17,16652,买盘
115,14:49:35,9.79,--,83,82226,卖盘
116,14:49:26,9.79,--,11,10768,卖盘
117,14:49:20,9.79,--,30,29369,卖盘
118,14:49:15,9.79,-0.01,67,65593,卖盘
119,14:49:11,9.8,--,8,7840,买盘
120,14:49:05,9.8,--,20,19600,买盘
121,14:48:56,9.8,--,43,42140,买盘
122,14:48:50,9.8,0.01,6,5880,买盘
123,14:48:45,9.79,--,0,0,卖盘
124,14:48:41,9.79,--,24,23495,卖盘
125,14:48:35,9.79,-0.01,35,34265,卖盘
126,14:48:30,9.8,--,7,6860,卖盘
127,14:48:26,9.8,0.01,11,10780,中性盘
128,14:48:20,9.79,-0.01,256,250623,卖盘
129,14:48:11,9.8,--,40,39200,卖盘
130,14:48:05,9.8,-0.01,2,1960,卖盘
131,14:48:00,9.81,--,10,9810,买盘
132,14:47:56,9.81,0.01,183,179523,买盘
133,14:47:50,9.8,--,114,111720,卖盘
134,14:47:45,9.8,-0.01,62,60760,卖盘
135,14:47:41,9.81,0.01,119,116739,买盘
136,14:47:35,9.8,--,133,130340,卖盘
137,14:47:30,9.8,--,100,98000,卖盘
138,14:47:26,9.8,--,5,4900,卖盘
139,14:47:20,9.8,--,113,110740,卖盘
140,14:47:11,9.8,-0.01,62,60760,卖盘
141,14:47:05,9.81,0.01,24,23544,买盘
142,14:47:00,9.8,--,3,2940,卖盘
143,14:46:56,9.8,--,28,27440,卖盘
144,14:46:50,9.8,--,16,15680,卖盘
145,14:46:41,9.8,-0.01,7,6860,卖盘
146,14:46:30,9.81,0.01,30,29430,买盘
147,14:46:26,9.8,--,42,41160,卖盘
148,14:46:20,9.8,--,149,146020,卖盘
149,14:46:15,9.8,--,11,10780,卖盘
150,14:46:10,9.8,--,20,19600,卖盘
151,14:46:05,9.8,--,16,15680,卖盘
152,14:46:00,9.8,--,50,49000,卖盘
153,14:45:55,9.8,0.01,91,89180,买盘
154,14:45:50,9.79,--,2,1957,卖盘
155,14:45:45,9.79,-0.01,50,48949,卖盘
156,14:45:40,9.8,--,40,39200,买盘
157,14:45:35,9.8,--,78,76440,买盘
158,14:45:30,9.8,0.01,5,4900,买盘
159,14:45:25,9.79,--,51,49928,卖盘
160,14:45:20,9.79,-0.01,41,40139,卖盘
161,14:45:10,9.8,0.01,46,45080,买盘
162,14:45:05,9.79,--,506,495373,卖盘
163,14:45:00,9.79,--,2,1957,卖盘
164,14:44:55,9.79,--,20,19580,卖盘
165,14:44:50,9.79,--,14,13705,卖盘
166,14:44:40,9.79,--,141,138048,买盘
167,14:44:35,9.79,0.01,100,97899,买盘
168,14:44:25,9.78,-0.01,67,65525,卖盘
169,14:44:20,9.79,0.01,10,9790,买盘
170,14:44:15,9.78,--,2,1955,卖盘
171,14:44:10,9.78,-0.01,26,25428,卖盘
172,14:44:05,9.79,0.01,23,22516,买盘
173,14:43:55,9.78,-0.01,2,1955,卖盘
174,14:43:50,9.79,--,10,9790,买盘
175,14:43:44,9.79,0.01,49,47970,买盘
176,14:43:39,9.78,-0.01,15,14669,卖盘
177,14:43:35,9.79,0.01,39,38181,买盘
178,14:43:29,9.78,--,3,2934,卖盘
179,14:43:24,9.78,--,7,6846,卖盘
180,14:43:20,9.78,--,2,1955,卖盘
181,14:43:09,9.78,0.01,69,67961,买盘
182,14:43:05,9.77,--,142,138734,卖盘
183,14:42:59,9.77,-0.01,60,58620,卖盘
184,14:42:49,9.78,--,12,11736,买盘
185,14:42:44,9.78,--,85,83130,买盘
186,14:42:39,9.78,0.01,80,78240,买盘
187,14:42:35,9.77,--,220,214940,卖盘
188,14:42:29,9.77,-0.01,103,100631,卖盘
189,14:42:24,9.78,--,15,14669,买盘
190,14:42:20,9.78,0.01,26,25692,买盘
191,14:42:14,9.77,--,36,35172,卖盘
192,14:42:09,9.77,--,25,24425,卖盘
193,14:42:05,9.77,-0.01,2,1954,卖盘
194,14:41:59,9.78,0.01,76,74328,买盘
195,14:41:54,9.77,--,13,12701,卖盘
196,14:41:50,9.77,--,40,39080,买盘
197,14:41:44,9.77,--,121,118217,买盘
198,14:41:39,9.77,0.01,60,58620,买盘
199,14:41:35,9.76,--,50,48800,卖盘
200,14:41:29,9.76,--,32,31232,卖盘
201,14:41:20,9.76,--,67,65392,卖盘
202,14:41:14,9.76,--,70,68320,卖盘
203,14:41:09,9.76,--,12,11712,卖盘
204,14:41:05,9.76,--,2,1952,卖盘
205,14:40:59,9.76,--,13,12688,卖盘
206,14:40:54,9.76,0.01,85,82960,买盘
207,14:40:44,9.75,-0.01,32,31200,卖盘
208,14:40:39,9.76,--,10,9760,买盘
209,14:40:35,9.76,--,13,12688,买盘
210,14:40:29,9.76,0.01,25,24400,买盘
211,14:40:24,9.75,-0.01,2,1950,卖盘
212,14:40:19,9.76,--,3,2928,卖盘
213,14:40:14,9.76,--,15,14640,买盘
214,14:40:09,9.76,--,10,9760,买盘
215,14:40:05,9.76,-0.01,214,208864,卖盘
216,14:39:59,9.77,0.02,24,23448,买盘
217,14:39:54,9.75,--,0,0,卖盘
218,14:39:50,9.75,--,12,11700,卖盘
219,14:39:44,9.75,-0.01,5,4875,卖盘
220,14:39:39,9.76,0.01,97,94886,买盘
221,14:39:34,9.75,--,26,25350,买盘
222,14:39:29,9.75,--,167,162825,卖盘
223,14:39:24,9.75,-0.01,100,97500,卖盘
224,14:39:19,9.76,0.01,222,216672,买盘
225,14:39:09,9.75,0.01,152,148200,买盘
226,14:39:04,9.74,-0.01,157,152918,卖盘
227,14:38:59,9.75,0.01,97,94575,买盘
228,14:38:54,9.74,--,573,558102,卖盘
229,14:38:49,9.74,-0.01,5,4870,卖盘
230,14:38:44,9.75,--,21,20475,买盘
231,14:38:39,9.75,0.01,70,68250,买盘
232,14:38:34,9.74,-0.01,123,119802,卖盘
233,14:38:29,9.75,--,40,39000,买盘
234,14:38:24,9.75,0.01,15,14625,买盘
235,14:38:19,9.74,--,274,266876,卖盘
236,14:38:14,9.74,--,33,32142,卖盘
237,14:38:04,9.74,0.01,15,14610,买盘
238,14:37:59,9.73,-0.01,40,38920,卖盘
239,14:37:49,9.74,0.01,130,127223,买盘
240,14:37:44,9.73,0.01,60,58380,买盘
241,14:37:38,9.72,-0.02,346,336312,卖盘
242,14:37:29,9.74,--,475,462650,买盘
243,14:37:23,9.74,--,11,10714,买盘
244,14:37:19,9.74,--,98,95452,买盘
245,14:37:14,9.74,--,65,63310,买盘
246,14:37:08,9.74,0.01,10,9740,买盘
247,14:37:04,9.73,--,2,1946,卖盘
248,14:36:59,9.73,--,43,41839,卖盘
249,14:36:53,9.73,0.01,3,2919,卖盘
250,14:36:48,9.72,--,4,3888,卖盘
251,14:36:44,9.72,-0.01,314,305208,卖盘
252,14:36:38,9.73,0.01,40,38920,买盘
253,14:36:33,9.72,-0.01,7,6804,卖盘
254,14:36:28,9.73,-0.01,491,477743,卖盘
255,14:36:23,9.74,--,62,60388,买盘
256,14:36:13,9.74,--,16,15584,买盘
257,14:36:08,9.74,0.01,33,32142,买盘
258,14:36:03,9.73,--,190,184870,卖盘
259,14:35:58,9.73,-0.01,269,261737,卖盘
260,14:35:53,9.74,0.01,8,7792,买盘
261,14:35:48,9.73,-0.01,12,11676,卖盘
262,14:35:43,9.74,--,69,67206,买盘
263,14:35:38,9.74,0.01,40,38960,买盘
264,14:35:28,9.73,-0.01,26,25298,卖盘
265,14:35:23,9.74,0.01,24,23376,买盘
266,14:35:18,9.73,--,1,973,买盘
267,14:35:13,9.73,-0.01,192,187779,卖盘
268,14:35:08,9.74,0.01,302,294148,买盘
269,14:35:03,9.73,-0.01,37,36001,卖盘
270,14:34:58,9.74,0.01,42,40908,买盘
271,14:34:53,9.73,--,164,159572,卖盘
272,14:34:48,9.73,--,190,184870,卖盘
273,14:34:43,9.73,--,42,40866,卖盘
274,14:34:38,9.73,-0.01,74,72002,卖盘
275,14:34:33,9.74,--,27,26298,买盘
276,14:34:28,9.74,0.01,52,50648,买盘
277,14:34:23,9.73,-0.01,162,157635,卖盘
278,14:34:18,9.74,0.01,13,12662,买盘
279,14:34:13,9.73,--,14,13622,卖盘
280,14:34:08,9.73,-0.01,28,27244,卖盘
281,14:33:58,9.74,--,16,15584,买盘
282,14:33:48,9.74,--,4,3896,买盘
283,14:33:43,9.74,--,49,48057,卖盘
284,14:33:38,9.74,--,165,160710,卖盘
285,14:33:33,9.74,--,39,37986,卖盘
286,14:33:28,9.74,--,116,112984,卖盘
287,14:33:23,9.74,-0.01,124,120776,卖盘
288,14:33:18,9.75,0.01,14,13650,买盘
289,14:33:13,9.74,--,19,18506,卖盘
290,14:33:08,9.74,--,33,32142,卖盘
291,14:33:03,9.74,-0.01,131,127594,卖盘
292,14:32:58,9.75,--,182,177450,买盘
293,14:32:53,9.75,--,19,18525,买盘
294,14:32:48,9.75,0.01,10,9750,买盘
295,14:32:43,9.74,--,187,182138,卖盘
296,14:32:28,9.74,-0.01,310,302086,卖盘
297,14:32:22,9.75,--,524,510900,卖盘
298,14:32:13,9.75,--,104,101400,卖盘
299,14:32:08,9.75,-0.01,128,124800,卖盘
300,14:32:03,9.76,0.01,3,2928,买盘
301,14:31:58,9.75,--,82,79950,卖盘
302,14:31:53,9.75,-0.01,135,131625,卖盘
303,14:31:48,9.76,0.01,12,11712,买盘
304,14:31:43,9.75,--,200,195000,卖盘
305,14:31:38,9.75,--,78,76050,卖盘
306,14:31:32,9.75,--,31,30225,卖盘
307,14:31:28,9.75,--,321,312975,卖盘
308,14:31:23,9.75,-0.01,9,8775,卖盘
309,14:31:17,9.76,0.01,1,976,买盘
310,14:31:13,9.75,-0.01,126,122850,卖盘
311,14:31:08,9.76,--,518,506182,卖盘
312,14:31:02,9.76,-0.01,173,168848,卖盘
313,14:30:58,9.77,0.01,65,63505,买盘
314,14:30:53,9.76,--,23,22448,卖盘
315,14:30:47,9.76,--,275,268400,卖盘
316,14:30:43,9.76,-0.01,100,97600,卖盘
317,14:30:38,9.77,--,62,60574,买盘
318,14:30:32,9.77,0.01,20,19540,买盘
319,14:30:28,9.76,-0.01,2,1952,卖盘
320,14:30:23,9.77,0.01,285,278445,买盘
321,14:30:17,9.76,--,7,6832,卖盘
322,14:30:08,9.76,-0.01,25,24400,卖盘
323,14:29:58,9.77,--,82,80114,卖盘
324,14:29:53,9.77,0.01,71,69367,买盘
325,14:29:47,9.76,--,24,23424,卖盘
326,14:29:42,9.76,-0.01,5,4880,卖盘
327,14:29:38,9.77,0.01,50,48850,买盘
328,14:29:31,9.76,--,31,30256,卖盘
329,14:29:22,9.76,-0.01,47,45872,卖盘
330,14:29:16,9.77,0.01,23,22471,买盘
331,14:29:12,9.76,--,8,7808,卖盘
332,14:29:02,9.76,-0.01,2,1952,卖盘
333,14:28:57,9.77,--,45,43965,卖盘
334,14:28:52,9.77,-0.01,10,9770,卖盘
335,14:28:42,9.78,0.01,10,9780,买盘
336,14:28:37,9.77,-0.01,2,1954,卖盘
337,14:28:32,9.78,--,23,22494,买盘
338,14:28:22,9.78,0.01,6,5868,买盘
339,14:28:16,9.77,-0.01,2,1954,卖盘
340,14:28:12,9.78,0.01,1,977,买盘
341,14:28:07,9.77,--,2,1954,卖盘
342,14:28:01,9.77,--,20,19540,卖盘
343,14:27:57,9.77,--,43,42011,卖盘
344,14:27:52,9.77,--,20,19540,卖盘
345,14:27:47,9.77,--,2,1954,卖盘
346,14:27:37,9.77,--,2,1954,卖盘
347,14:27:32,9.77,--,23,22471,买盘
348,14:27:17,9.77,--,17,16609,卖盘
349,14:27:07,9.77,0.01,22,21503,买盘
350,14:27:01,9.76,--,2,1952,卖盘
351,14:26:52,9.76,-0.01,22,22438,卖盘
352,14:26:42,9.77,0.01,25,24425,买盘
353,14:26:37,9.76,--,20,19520,卖盘
354,14:26:31,9.76,--,5,4880,卖盘
355,14:26:22,9.76,--,2,1952,卖盘
356,14:26:17,9.76,--,7,6832,卖盘
357,14:26:07,9.76,-0.01,2,1952,卖盘
358,14:26:02,9.77,0.01,2,1954,买盘
359,14:25:57,9.76,--,13,12688,卖盘
360,14:25:52,9.76,-0.01,1,976,卖盘
361,14:25:46,9.77,0.01,36,35172,买盘
362,14:25:42,9.76,-0.01,0,517,卖盘
363,14:25:37,9.77,--,5,4885,买盘
364,14:25:32,9.77,--,103,100631,买盘
365,14:25:27,9.77,0.01,2,1954,买盘
366,14:25:22,9.76,--,4,3904,卖盘
367,14:25:17,9.76,-0.01,3,2928,卖盘
368,14:25:11,9.77,--,13,12701,买盘
369,14:25:07,9.77,0.01,20,19540,买盘
370,14:25:02,9.76,-0.02,2,1952,卖盘
371,14:24:56,9.78,--,0,0,买盘
372,14:24:52,9.78,0.02,11,10758,买盘
373,14:24:46,9.76,-0.01,38,37088,卖盘
374,14:24:41,9.77,--,2,1954,卖盘
375,14:24:37,9.77,0.01,146,142993,买盘
376,14:24:32,9.76,-0.01,63,61488,卖盘
377,14:24:22,9.77,0.01,2,1954,买盘
378,14:24:16,9.76,-0.01,3,2928,卖盘
379,14:24:07,9.77,0.01,102,99654,买盘
380,14:24:01,9.76,--,24,23424,卖盘
381,14:23:56,9.76,-0.01,17,16592,卖盘
382,14:23:52,9.77,0.01,5,4885,买盘
383,14:23:46,9.76,-0.01,12,11712,卖盘
384,14:23:41,9.77,0.01,5,4885,买盘
385,14:23:32,9.76,--,5,4880,卖盘
386,14:23:22,9.76,--,2,1952,卖盘
387,14:23:11,9.76,-0.01,2,1952,卖盘
388,14:23:07,9.77,0.01,120,117708,买盘
389,14:23:01,9.76,-0.01,14,13664,卖盘
390,14:22:52,9.77,0.01,7,6839,买盘
391,14:22:47,9.76,--,28,27328,卖盘
392,14:22:40,9.76,--,3,2928,卖盘
393,14:22:36,9.76,--,11,10736,卖盘
394,14:22:32,9.76,--,5,4880,卖盘
395,14:22:26,9.76,--,4,3904,卖盘
396,14:22:17,9.76,-0.01,32,31232,卖盘
397,14:22:11,9.77,0.01,5,4885,买盘
398,14:22:06,9.76,--,3,2928,卖盘
399,14:22:01,9.76,--,5,4880,卖盘
400,14:21:55,9.76,--,2,1952,卖盘
401,14:21:46,9.76,-0.01,14,13664,卖盘
402,14:21:41,9.77,0.01,1,977,买盘
403,14:21:36,9.76,--,27,26352,卖盘
404,14:21:31,9.76,--,21,20496,卖盘
405,14:21:26,9.76,--,4,3904,卖盘
406,14:21:21,9.76,-0.01,2,1952,卖盘
407,14:21:16,9.77,0.01,64,62528,买盘
408,14:21:11,9.76,-0.01,26,25376,卖盘
409,14:21:06,9.77,0.01,17,16609,买盘
410,14:21:01,9.76,--,3,2928,卖盘
411,14:20:46,9.76,--,6,5856,卖盘
412,14:20:41,9.76,--,2,1952,卖盘
413,14:20:36,9.76,--,11,10736,卖盘
414,14:20:25,9.76,--,2,1952,卖盘
415,14:20:16,9.76,-0.01,3,2928,卖盘
416,14:20:11,9.77,0.01,5,4885,买盘
417,14:20:06,9.76,-0.01,2,1952,卖盘
418,14:20:01,9.77,0.01,37,36149,买盘
419,14:19:55,9.76,-0.01,2,1952,卖盘
420,14:19:51,9.77,0.01,10,9770,买盘
421,14:19:41,9.76,-0.01,28,27328,卖盘
422,14:19:36,9.77,0.01,45,43965,买盘
423,14:19:31,9.76,--,2,1952,卖盘
424,14:19:21,9.76,--,8,7808,卖盘
425,14:19:16,9.76,--,67,65392,卖盘
426,14:19:11,9.76,--,22,21472,卖盘
427,14:19:06,9.76,0.01,209,203984,买盘
428,14:19:01,9.75,-0.01,6,5850,卖盘
429,14:18:56,9.76,--,22,21472,买盘
430,14:18:46,9.76,0.01,161,157136,买盘
431,14:18:41,9.75,-0.01,31,30225,卖盘
432,14:18:35,9.76,0.01,5,4880,买盘
433,14:18:31,9.75,-0.01,75,73125,卖盘
434,14:18:26,9.76,-0.01,103,100528,卖盘
435,14:18:20,9.77,0.01,10,9770,买盘
436,14:18:16,9.76,--,2,1952,卖盘
437,14:18:10,9.76,--,42,40992,卖盘
438,14:18:01,9.76,-0.01,4,3904,卖盘
439,14:17:56,9.77,0.02,3,2931,买盘
440,14:17:46,9.75,--,0,0,卖盘
441,14:17:40,9.75,--,40,39828,卖盘
442,14:17:35,9.75,--,10,9750,卖盘
443,14:17:31,9.75,-0.01,8,7800,卖盘
444,14:17:19,9.76,--,6,5856,买盘
445,14:17:10,9.76,--,115,112386,卖盘
446,14:17:05,9.76,--,2,1952,卖盘
447,14:17:01,9.76,--,200,195200,卖盘
448,14:16:56,9.76,-0.01,112,109312,卖盘
449,14:16:50,9.77,0.01,7,6839,买盘
450,14:16:46,9.76,--,3,2928,卖盘
451,14:16:40,9.76,--,0,829,卖盘
452,14:16:35,9.76,-0.01,2,1952,卖盘
453,14:16:25,9.77,0.01,12,11724,买盘
454,14:16:16,9.76,-0.01,2,1952,卖盘
455,14:16:10,9.77,--,28,27356,卖盘
456,14:16:04,9.77,--,21,20517,卖盘
457,14:16:01,9.77,--,3,2931,卖盘
458,14:15:56,9.77,--,65,63505,卖盘
459,14:15:50,9.77,--,2,1954,卖盘
460,14:15:40,9.77,--,2,1954,卖盘
461,14:15:34,9.77,--,106,103562,卖盘
462,14:15:30,9.77,--,6,5862,卖盘
463,14:15:25,9.77,0.01,141,137757,买盘
464,14:15:20,9.76,--,12,11712,卖盘
465,14:15:11,9.76,-0.01,2,1952,卖盘
466,14:15:00,9.77,0.01,50,48850,买盘
467,14:14:55,9.76,--,32,31232,卖盘
468,14:14:49,9.76,--,2,1952,卖盘
469,14:14:45,9.76,--,32,31232,卖盘
470,14:14:34,9.76,--,3,2928,卖盘
471,14:14:30,9.76,-0.01,14,13664,卖盘
472,14:14:25,9.77,0.01,27,26379,买盘
473,14:14:19,9.76,--,4,3904,卖盘
474,14:14:15,9.76,-0.01,2,1952,卖盘
475,14:14:10,9.77,0.01,68,66436,买盘
476,14:14:04,9.76,-0.01,31,30256,卖盘
477,14:14:00,9.77,0.01,10,9770,买盘
478,14:13:50,9.76,-0.01,33,32208,卖盘
479,14:13:45,9.77,0.01,5,4885,买盘
480,14:13:40,9.76,--,7,6832,卖盘
481,14:13:34,9.76,--,100,97600,卖盘
482,14:13:30,9.76,--,2,1952,卖盘
483,14:13:25,9.76,--,53,51728,卖盘
484,14:13:19,9.76,--,68,66368,卖盘
485,14:13:10,9.76,--,100,97600,卖盘
486,14:13:05,9.76,--,24,23424,卖盘
487,14:13:00,9.76,--,10,9760,卖盘
488,14:12:55,9.76,--,42,40992,卖盘
489,14:12:49,9.76,--,0,0,卖盘
490,14:12:43,9.76,--,8,7808,卖盘
491,14:12:40,9.76,--,0,0,卖盘
492,14:12:34,9.76,-0.01,65,63440,卖盘
493,14:12:28,9.77,0.01,46,44942,买盘
494,14:12:25,9.76,-0.01,2,1952,卖盘
495,14:12:19,9.77,0.01,1,977,买盘
496,14:12:13,9.76,--,5,4880,卖盘
497,14:12:10,9.76,--,52,50752,卖盘
498,14:12:04,9.76,--,39,38064,卖盘
499,14:11:58,9.76,--,29,28304,卖盘
500,14:11:55,9.76,--,20,19520,卖盘
501,14:11:50,9.76,--,12,11712,卖盘
502,14:11:43,9.76,-0.01,10,9760,卖盘
503,14:11:40,9.77,--,5,4885,买盘
504,14:11:28,9.77,0.01,70,68390,买盘
505,14:11:25,9.76,--,44,42944,卖盘
506,14:11:13,9.76,-0.01,12,11712,卖盘
507,14:11:10,9.77,0.01,2,1954,买盘
508,14:11:04,9.76,--,4,3904,卖盘
509,14:10:55,9.76,-0.01,2,1952,卖盘
510,14:10:43,9.77,0.01,5,4885,买盘
511,14:10:40,9.76,-0.01,6,5856,卖盘
512,14:10:34,9.77,--,13,12701,买盘
513,14:10:28,9.77,0.01,3,2931,买盘
514,14:10:25,9.76,--,11,10736,卖盘
515,14:10:19,9.76,-0.01,128,124928,卖盘
516,14:10:13,9.77,0.01,3,2931,买盘
517,14:10:10,9.76,--,2,1952,卖盘
518,14:10:05,9.76,-0.01,2,1952,卖盘
519,14:09:58,9.77,--,14,13678,买盘
520,14:09:49,9.77,--,28,27365,卖盘
521,14:09:43,9.77,-0.01,2,1954,卖盘
522,14:09:40,9.78,0.01,140,136920,买盘
523,14:09:28,9.77,-0.01,2,1954,卖盘
524,14:09:24,9.78,0.01,30,29339,买盘
525,14:09:19,9.77,-0.01,47,45928,卖盘
526,14:09:13,9.78,--,28,27384,卖盘
527,14:09:09,9.78,--,15,14669,卖盘
528,14:09:04,9.78,--,3,2934,卖盘
529,14:08:54,9.78,-0.01,30,29339,卖盘
530,14:08:49,9.79,0.01,65,63634,买盘
531,14:08:39,9.78,--,35,34230,卖盘
532,14:08:34,9.78,-0.01,2,1955,卖盘
533,14:08:28,9.79,--,65,63634,买盘
534,14:08:24,9.79,0.01,2,1957,买盘
535,14:08:19,9.78,-0.01,11,10758,卖盘
536,14:08:09,9.79,--,28,27411,买盘
537,14:08:04,9.79,--,5,4895,买盘
538,14:07:58,9.79,0.01,12,11747,买盘
539,14:07:54,9.78,--,16,15824,卖盘
540,14:07:49,9.78,--,3,2934,卖盘
541,14:07:28,9.78,-0.01,21,20538,卖盘
542,14:07:19,9.79,0.01,70,68530,买盘
543,14:07:04,9.78,--,2,1955,卖盘
544,14:06:58,9.78,0.01,151,148470,买盘
545,14:06:49,9.77,--,2,1954,卖盘
546,14:06:43,9.77,--,20,19540,卖盘
547,14:06:28,9.77,--,3,2931,卖盘
548,14:06:24,9.77,0.01,30,30277,买盘
549,14:06:19,9.76,--,17,16592,卖盘
550,14:06:13,9.76,0.01,3,2928,中性盘
551,14:06:09,9.75,-0.01,2,1950,卖盘
552,14:05:58,9.76,-0.01,4,3904,买盘
553,14:05:43,9.77,0.02,17,16609,买盘
554,14:05:19,9.75,-0.01,58,56550,卖盘
555,14:05:13,9.76,-0.01,10,9760,卖盘
556,14:05:07,9.77,0.01,1,977,买盘
557,14:05:04,9.76,--,8,7808,卖盘
558,14:04:58,9.76,-0.01,29,28304,卖盘
559,14:04:43,9.77,0.02,199,194423,买盘
560,14:04:37,9.75,-0.01,50,48750,卖盘
561,14:04:34,9.76,0.01,60,58560,买盘
562,14:04:28,9.75,-0.01,113,110175,卖盘
563,14:04:13,9.76,--,1,976,卖盘
564,14:04:07,9.76,--,2,1952,卖盘
565,14:04:04,9.76,--,15,14640,卖盘
566,14:03:58,9.76,--,29,28304,卖盘
567,14:03:52,9.76,--,10,9760,卖盘
568,14:03:49,9.76,--,20,19520,卖盘
569,14:03:43,9.76,-0.01,10,9760,卖盘
570,14:03:37,9.77,0.01,10,9770,买盘
571,14:03:34,9.76,--,49,47824,卖盘
572,14:03:28,9.76,-0.01,3,2928,卖盘
573,14:03:19,9.77,0.01,10,9770,买盘
574,14:03:13,9.76,--,2,1952,卖盘
575,14:03:04,9.76,-0.01,2,1952,卖盘
576,14:02:58,9.77,--,76,74252,卖盘
577,14:02:52,9.77,--,7,6839,卖盘
578,14:02:43,9.77,--,4,3908,卖盘
579,14:02:34,9.77,-0.01,2,1954,卖盘
580,14:02:22,9.78,0.01,35,34230,买盘
581,14:02:19,9.77,-0.01,33,32426,卖盘
582,14:02:13,9.78,--,19,18582,卖盘
583,14:02:07,9.78,--,13,12714,卖盘
584,14:01:58,9.78,-0.01,2,1955,卖盘
585,14:01:48,9.79,--,70,68530,卖盘
586,14:01:33,9.79,--,3,2936,卖盘
587,14:01:28,9.79,--,12,11747,卖盘
588,14:01:18,9.79,--,15,14684,卖盘
589,14:01:13,9.79,--,69,67551,卖盘
590,14:01:07,9.79,--,40,39160,卖盘
591,14:01:03,9.79,--,110,107689,卖盘
592,14:00:58,9.79,--,3,2936,卖盘
593,14:00:48,9.79,-0.01,25,24474,卖盘
594,14:00:43,9.8,0.01,19,18620,买盘
595,14:00:28,9.79,-0.02,3,2936,卖盘
596,14:00:22,9.81,0.02,55,53955,买盘
597,14:00:18,9.79,-0.01,2,1957,卖盘
598,14:00:13,9.8,--,2,1960,卖盘
599,14:00:07,9.8,--,62,60760,买盘
600,14:00:03,9.8,--,147,144060,买盘
601,13:59:58,9.8,--,101,98980,买盘
602,13:59:52,9.8,--,5,4900,买盘
603,13:59:48,9.8,0.01,222,217560,买盘
604,13:59:37,9.79,--,2,1957,卖盘
605,13:59:33,9.79,--,235,230064,买盘
606,13:59:28,9.79,0.01,15,14684,买盘
607,13:59:22,9.78,--,4,4586,卖盘
608,13:59:13,9.78,--,11,10758,卖盘
609,13:59:07,9.78,--,118,115403,卖盘
610,13:59:01,9.78,--,2,1955,卖盘
611,13:58:58,9.78,--,37,36186,卖盘
612,13:58:52,9.78,--,2,1955,卖盘
613,13:58:46,9.78,-0.01,40,39120,卖盘
614,13:58:43,9.79,0.01,5,4895,买盘
615,13:58:37,9.78,-0.01,53,51834,卖盘
616,13:58:31,9.79,0.01,1,978,买盘
617,13:58:28,9.78,--,2,1955,卖盘
618,13:58:22,9.78,--,16,15647,卖盘
619,13:58:16,9.78,--,103,100734,卖盘
620,13:58:07,9.78,-0.01,7,6846,卖盘
621,13:58:01,9.79,--,210,205589,买盘
622,13:57:57,9.79,0.01,86,84193,买盘
623,13:57:52,9.78,-0.01,2,1955,卖盘
624,13:57:46,9.79,--,20,19580,买盘
625,13:57:43,9.79,0.01,4,3915,买盘
626,13:57:37,9.78,--,0,0,卖盘
627,13:57:31,9.78,-0.01,37,36684,卖盘
628,13:57:28,9.79,--,10,9790,买盘
629,13:57:22,9.79,0.01,114,111605,买盘
630,13:57:13,9.78,--,108,106220,卖盘
631,13:56:58,9.78,--,2,1955,卖盘
632,13:56:52,9.78,--,6,5868,买盘
633,13:56:46,9.78,0.01,6,5868,买盘
634,13:56:37,9.77,--,7,6839,卖盘
635,13:56:31,9.77,-0.01,23,22471,卖盘
636,13:56:28,9.78,0.01,43,42054,中性盘
637,13:56:22,9.77,--,15,14655,卖盘
638,13:56:16,9.77,-0.01,16,15632,卖盘
639,13:56:13,9.78,0.01,22,21516,买盘
640,13:56:07,9.77,--,2,1954,卖盘
641,13:56:01,9.77,--,74,72298,卖盘
642,13:55:52,9.77,--,440,429880,卖盘
643,13:55:46,9.77,0.01,91,88907,买盘
644,13:55:42,9.76,--,5,4880,卖盘
645,13:55:37,9.76,--,5,4880,卖盘
646,13:55:31,9.76,0.01,2,1952,卖盘
647,13:55:28,9.75,--,0,0,卖盘
648,13:55:22,9.75,-0.01,2,1950,卖盘
649,13:55:12,9.76,--,54,53094,买盘
650,13:55:07,9.76,0.01,64,62464,买盘
651,13:55:01,9.75,--,52,50700,买盘
652,13:54:57,9.75,--,327,318825,卖盘
653,13:54:52,9.75,--,20,19500,买盘
654,13:54:46,9.75,--,3,2925,买盘
655,13:54:42,9.75,--,63,61425,买盘
656,13:54:37,9.75,-0.01,70,68250,卖盘
657,13:54:31,9.76,0.01,56,54656,买盘
658,13:54:27,9.75,--,25,24375,买盘
659,13:54:22,9.75,--,20,19500,买盘
660,13:54:16,9.75,0.01,9,8775,买盘
661,13:54:12,9.74,-0.01,30,29804,卖盘
662,13:54:07,9.75,-0.01,616,600941,卖盘
663,13:54:01,9.76,0.01,71,69296,买盘
664,13:53:57,9.75,--,625,609375,卖盘
665,13:53:52,9.75,-0.01,105,102979,卖盘
666,13:53:46,9.76,0.01,183,178608,买盘
667,13:53:42,9.75,--,60,58500,卖盘
668,13:53:37,9.75,-0.01,700,682500,卖盘
669,13:53:31,9.76,--,22,21472,买盘
670,13:53:27,9.76,0.01,20,19520,买盘
671,13:53:22,9.75,-0.01,192,187200,卖盘
672,13:53:16,9.76,--,26,25376,买盘
673,13:53:12,9.76,0.01,1569,1531344,买盘
674,13:53:07,9.75,-0.01,109,106275,卖盘
675,13:53:01,9.76,--,268,261568,买盘
676,13:52:57,9.76,0.01,24,23424,买盘
677,13:52:52,9.75,--,79,77025,卖盘
678,13:52:46,9.75,--,2,1950,卖盘
679,13:52:42,9.75,-0.01,51,49725,卖盘
680,13:52:37,9.76,--,14,13664,卖盘
681,13:52:31,9.76,--,1,976,买盘
682,13:52:25,9.76,0.01,6,5856,中性盘
683,13:52:22,9.75,-0.02,103,100425,卖盘
684,13:52:16,9.77,0.01,44,42988,买盘
685,13:52:10,9.76,--,10,9760,卖盘
686,13:52:07,9.76,0.01,7,6832,买盘
687,13:52:01,9.75,--,540,526500,卖盘
688,13:51:55,9.75,-0.02,380,370500,卖盘
689,13:51:52,9.77,0.01,1002,978954,买盘
690,13:51:45,9.76,--,45,44339,卖盘
691,13:51:40,9.76,--,12,11712,卖盘
692,13:51:36,9.76,--,3,2928,卖盘
693,13:51:31,9.76,--,10,9760,卖盘
694,13:51:25,9.76,--,4,3904,卖盘
695,13:51:22,9.76,--,46,44896,买盘
696,13:51:16,9.76,0.01,150,146400,买盘
697,13:51:07,9.75,-0.01,184,179400,卖盘
698,13:51:01,9.76,0.01,41,40016,买盘
699,13:50:55,9.75,-0.01,293,285675,卖盘
700,13:50:46,9.76,--,2401,2343376,卖盘
701,13:50:36,9.76,--,22,21472,卖盘
702,13:50:21,9.76,--,2,1952,卖盘
703,13:50:16,9.76,-0.02,74,72224,卖盘
704,13:50:10,9.78,--,112,109536,买盘
705,13:50:01,9.78,--,7,6846,买盘
706,13:49:52,9.78,--,118,116039,卖盘
707,13:49:46,9.78,--,20,19560,卖盘
708,13:49:40,9.78,-0.01,11,10758,卖盘
709,13:49:36,9.79,0.01,11,10768,买盘
710,13:49:31,9.78,-0.01,18,17604,卖盘
711,13:49:21,9.79,0.01,1,978,买盘
712,13:49:16,9.78,-0.01,2,1955,卖盘
713,13:49:06,9.79,0.01,122,119437,买盘
714,13:49:01,9.78,--,70,68460,卖盘
715,13:48:55,9.78,-0.01,2,1955,卖盘
716,13:48:51,9.79,0.01,1,978,买盘
717,13:48:46,9.78,--,2,1955,卖盘
718,13:48:36,9.78,0.01,2,2298,买盘
719,13:48:21,9.77,-0.01,5,4885,卖盘
720,13:48:16,9.78,0.01,20,19560,买盘
721,13:48:10,9.77,--,12,11724,卖盘
722,13:48:06,9.77,0.01,12,11724,买盘
723,13:48:01,9.76,-0.01,2,1952,卖盘
724,13:47:55,9.77,0.01,30,29310,卖盘
725,13:47:51,9.76,-0.01,53,51728,卖盘
726,13:47:36,9.77,--,2,1954,卖盘
727,13:47:31,9.77,--,29,28333,买盘
728,13:47:25,9.77,--,10,9770,买盘
729,13:47:21,9.77,0.01,12,11724,买盘
730,13:47:16,9.76,-0.01,12,11712,卖盘
731,13:47:06,9.77,0.01,67,65459,买盘
732,13:47:00,9.76,--,74,72224,卖盘
733,13:46:55,9.76,-0.01,2,1952,卖盘
734,13:46:51,9.77,-0.01,1,977,买盘
735,13:46:46,9.78,0.01,132,129095,买盘
736,13:46:40,9.77,--,356,347812,卖盘
737,13:46:36,9.77,--,100,97700,卖盘
738,13:46:31,9.77,--,9,8793,卖盘
739,13:46:21,9.77,-0.01,376,367352,卖盘
740,13:46:10,9.78,--,55,53790,买盘
741,13:46:05,9.78,0.01,21,20538,买盘
742,13:46:00,9.77,--,19,18563,卖盘
743,13:45:55,9.77,-0.01,1,977,卖盘
744,13:45:51,9.78,--,9,9437,卖盘
745,13:45:46,9.78,--,57,55745,卖盘
746,13:45:36,9.78,-0.01,2,1955,卖盘
747,13:45:31,9.79,0.01,10,9790,买盘
748,13:45:25,9.78,--,2,1955,卖盘
749,13:45:16,9.78,--,2,1955,卖盘
750,13:45:10,9.78,--,10,9780,卖盘
751,13:45:04,9.78,--,26,25428,卖盘
752,13:45:00,9.78,--,51,49878,卖盘
753,13:44:55,9.78,--,3,2934,卖盘
754,13:44:45,9.78,--,52,50856,卖盘
755,13:44:40,9.78,--,122,119315,卖盘
756,13:44:30,9.78,--,143,139854,卖盘
757,13:44:25,9.78,--,27,26406,卖盘
758,13:44:19,9.78,--,3,2934,卖盘
759,13:44:15,9.78,--,51,49878,卖盘
760,13:44:10,9.78,--,2,1955,卖盘
761,13:44:04,9.78,--,15,14669,卖盘
762,13:44:00,9.78,--,62,60635,卖盘
763,13:43:55,9.78,--,168,164304,卖盘
764,13:43:49,9.78,--,3,2934,卖盘
765,13:43:45,9.78,--,3,2934,卖盘
766,13:43:34,9.78,--,53,51834,卖盘
767,13:43:30,9.78,--,74,72372,卖盘
768,13:43:25,9.78,--,49,47922,卖盘
769,13:43:19,9.78,--,1,977,卖盘
770,13:43:15,9.78,--,2,1955,卖盘
771,13:43:10,9.78,--,813,795114,卖盘
772,13:43:04,9.78,-0.01,8,7823,卖盘
773,13:43:00,9.79,0.01,100,97899,买盘
774,13:42:55,9.78,--,2,1955,卖盘
775,13:42:40,9.78,-0.01,85,83609,卖盘
776,13:42:30,9.79,--,100,97899,卖盘
777,13:42:25,9.79,--,107,104752,卖盘
778,13:42:19,9.79,--,5,4895,卖盘
779,13:42:15,9.79,-0.01,12,11747,卖盘
780,13:42:10,9.8,0.01,67,65660,买盘
781,13:42:00,9.79,--,100,97899,卖盘
782,13:41:54,9.79,--,50,48949,卖盘
783,13:41:49,9.79,--,2,1957,卖盘
784,13:41:40,9.79,--,107,104752,卖盘
785,13:41:30,9.79,-0.01,3,2936,卖盘
786,13:41:25,9.8,0.01,31,30380,买盘
787,13:41:19,9.79,--,6,5873,卖盘
788,13:41:15,9.79,--,4,3915,卖盘
789,13:41:10,9.79,--,16,15663,卖盘
790,13:41:04,9.79,--,2,1957,卖盘
791,13:40:55,9.79,--,3,2936,卖盘
792,13:40:45,9.79,--,23,22516,卖盘
793,13:40:30,9.79,--,2,1957,卖盘
794,13:40:25,9.79,-0.01,2,1957,卖盘
795,13:40:15,9.8,--,28,27440,买盘
796,13:40:10,9.8,0.01,30,29400,买盘
797,13:40:00,9.79,--,8,7831,卖盘
798,13:39:45,9.79,--,2,1957,卖盘
799,13:39:39,9.79,--,3,2936,卖盘
800,13:39:25,9.79,-0.01,218,213421,卖盘
801,13:39:15,9.8,--,118,115640,买盘
802,13:39:04,9.8,0.01,203,198940,买盘
803,13:39:00,9.79,--,23,22516,卖盘
804,13:38:55,9.79,-0.01,11,10768,卖盘
805,13:38:44,9.8,0.01,10,9800,买盘
806,13:38:40,9.79,-0.01,12,11747,卖盘
807,13:38:34,9.8,0.01,25,24500,买盘
808,13:38:30,9.79,-0.01,12,11747,卖盘
809,13:38:25,9.8,0.01,71,69580,买盘
810,13:38:18,9.79,--,3,2936,卖盘
811,13:38:10,9.79,--,2,1957,卖盘
812,13:38:04,9.79,--,2,1957,卖盘
813,13:37:58,9.79,-0.01,2,1957,卖盘
814,13:37:55,9.8,0.01,136,133280,买盘
815,13:37:49,9.79,-0.01,3,2936,卖盘
816,13:37:43,9.8,0.01,10,9800,买盘
817,13:37:39,9.79,-0.01,2,1957,卖盘
818,13:37:33,9.8,0.01,12,11760,买盘
819,13:37:24,9.79,--,34,33286,卖盘
820,13:37:19,9.79,--,8,7831,卖盘
821,13:37:13,9.79,-0.01,2,1957,卖盘
822,13:37:09,9.8,0.01,231,226380,买盘
823,13:37:04,9.79,--,2,1957,卖盘
824,13:36:58,9.79,--,120,117479,卖盘
825,13:36:54,9.79,--,34,33286,卖盘
826,13:36:49,9.79,--,3,2936,卖盘
827,13:36:39,9.79,--,2,1957,卖盘
828,13:36:27,9.79,--,59,57760,卖盘
829,13:36:19,9.79,-0.01,3,2936,卖盘
830,13:36:13,9.8,0.01,7,6860,买盘
831,13:36:09,9.79,--,2,1957,卖盘
832,13:35:58,9.79,--,2,1957,卖盘
833,13:35:49,9.79,--,6,5873,卖盘
834,13:35:39,9.79,--,6,5873,卖盘
835,13:35:34,9.79,--,2,1957,卖盘
836,13:35:28,9.79,--,31,30848,买盘
837,13:35:24,9.79,--,106,103773,买盘
838,13:35:19,9.79,0.01,51,49928,买盘
839,13:35:12,9.78,-0.01,5,4890,卖盘
840,13:35:04,9.79,--,5,4895,买盘
841,13:34:58,9.79,--,10,9790,买盘
842,13:34:54,9.79,--,10,9790,买盘
843,13:34:49,9.79,0.01,20,19580,买盘
844,13:34:39,9.78,--,2,1955,卖盘
845,13:34:28,9.78,-0.01,2,1955,卖盘
846,13:34:24,9.79,--,2,1957,买盘
847,13:34:19,9.79,-0.01,457,447882,卖盘
848,13:34:12,9.8,0.01,30,29400,买盘
849,13:34:09,9.79,-0.01,2,1957,卖盘
850,13:34:04,9.8,0.01,128,125440,买盘
851,13:33:54,9.79,--,2,1957,卖盘
852,13:33:42,9.79,--,13,12726,卖盘
853,13:33:39,9.79,-0.01,16,15663,卖盘
854,13:33:33,9.8,0.01,4,3920,买盘
855,13:33:24,9.79,-0.01,2,1957,卖盘
856,13:33:19,9.8,--,790,774200,卖盘
857,13:33:13,9.8,--,2,1960,卖盘
858,13:33:04,9.8,-0.01,3,2940,卖盘
859,13:32:48,9.81,--,7,6867,买盘
860,13:32:39,9.81,0.01,7,6867,买盘
861,13:32:28,9.8,--,15,14700,卖盘
862,13:32:24,9.8,-0.01,199,195020,卖盘
863,13:32:18,9.81,--,2,1962,卖盘
864,13:32:09,9.81,--,3,2943,卖盘
865,13:32:03,9.81,--,10,9810,卖盘
866,13:31:53,9.81,--,2,1962,卖盘
867,13:31:49,9.81,--,1,981,卖盘
868,13:31:43,9.81,--,2,1962,卖盘
869,13:31:39,9.81,--,15,14715,卖盘
870,13:31:34,9.81,--,30,29430,卖盘
871,13:31:23,9.81,--,2,1962,卖盘
872,13:31:09,9.81,--,5,4905,卖盘
873,13:31:03,9.81,--,20,19620,买盘
874,13:30:49,9.81,--,93,91233,卖盘
875,13:30:39,9.81,--,88,86328,卖盘
876,13:30:34,9.81,-0.01,2,1962,卖盘
877,13:30:28,9.82,0.01,54,53028,买盘
878,13:30:21,9.81,--,12,11772,卖盘
879,13:30:19,9.81,--,2,1962,卖盘
880,13:30:04,9.81,--,3,2943,卖盘
881,13:29:52,9.81,--,3,2943,卖盘
882,13:29:42,9.81,-0.01,22,21582,卖盘
883,13:29:37,9.82,-0.01,18,17676,卖盘
884,13:29:33,9.83,--,26,25558,买盘
885,13:29:27,9.83,--,5,4915,买盘
886,13:29:21,9.83,0.01,22,21626,买盘
887,13:29:18,9.82,-0.01,207,203274,卖盘
888,13:29:13,9.83,0.01,75,73725,买盘
889,13:29:07,9.82,-0.01,3,2946,卖盘
890,13:28:58,9.83,0.01,28,27524,买盘
891,13:28:51,9.82,0.01,5,4910,买盘
892,13:28:48,9.81,-0.01,89,87309,卖盘
893,13:28:37,9.82,--,2,1964,卖盘
894,13:28:33,9.82,-0.01,1,982,中性盘
895,13:28:28,9.83,0.01,332,326356,买盘
896,13:28:18,9.82,0.01,5,4910,买盘
897,13:28:13,9.81,-0.01,2,1962,卖盘
898,13:28:03,9.82,0.01,29,28478,买盘
899,13:27:51,9.81,-0.01,2,1962,卖盘
900,13:27:48,9.82,--,0,0,买盘
901,13:27:43,9.82,0.01,75,73650,买盘
902,13:27:36,9.81,0.01,5,4905,买盘
903,13:27:33,9.8,-0.01,2,1960,卖盘
904,13:27:28,9.81,--,106,103986,买盘
905,13:27:18,9.81,--,23,22563,买盘
906,13:27:13,9.81,0.01,175,171675,买盘
907,13:27:06,9.8,-0.01,2,1960,卖盘
908,13:27:03,9.81,0.01,32,31392,买盘
909,13:26:58,9.8,-0.01,3,2940,卖盘
910,13:26:48,9.81,0.01,12,11772,买盘
911,13:26:33,9.8,-0.01,2,1960,卖盘
912,13:26:27,9.81,--,72,70632,买盘
913,13:26:22,9.81,--,16,15696,卖盘
914,13:26:12,9.81,--,3,2943,卖盘
915,13:26:03,9.81,--,22,21582,卖盘
916,13:25:58,9.81,--,17,16677,卖盘
917,13:25:48,9.81,0.01,2,1962,中性盘
918,13:25:43,9.8,-0.01,145,142100,卖盘
919,13:25:33,9.81,-0.01,10,9810,卖盘
920,13:25:27,9.82,0.01,156,153192,买盘
921,13:25:18,9.81,0.01,7,6867,买盘
922,13:25:06,9.8,-0.01,2,1960,卖盘
923,13:25:03,9.81,0.01,6,5886,买盘
924,13:24:58,9.8,-0.01,90,88200,卖盘
925,13:24:51,9.81,0.01,111,108891,卖盘
926,13:24:48,9.8,-0.02,2,1960,卖盘
927,13:24:37,9.82,0.02,253,248446,买盘
928,13:24:32,9.8,--,3,2940,卖盘
929,13:24:27,9.8,--,61,59780,卖盘
930,13:24:22,9.8,-0.01,3,2940,卖盘
931,13:24:17,9.81,0.01,3,2943,买盘
932,13:24:12,9.8,-0.01,32,31360,卖盘
933,13:24:03,9.81,0.01,358,351198,买盘
934,13:23:48,9.8,--,2,1960,卖盘
935,13:23:43,9.8,-0.01,2,1960,卖盘
936,13:23:33,9.81,--,97,95157,卖盘
937,13:23:27,9.81,--,3,2943,卖盘
938,13:23:15,9.81,-0.01,2,1962,卖盘
939,13:23:12,9.82,0.01,170,166940,买盘
940,13:23:06,9.81,--,52,51012,卖盘
941,13:22:58,9.81,--,2,1962,卖盘
942,13:22:42,9.81,--,3,2943,卖盘
943,13:22:37,9.81,-0.01,2,1962,卖盘
944,13:22:27,9.82,0.01,10,9820,买盘
945,13:22:22,9.81,--,44,43164,卖盘
946,13:22:16,9.81,-0.01,20,19620,卖盘
947,13:22:12,9.82,--,31,30442,买盘
948,13:22:06,9.82,0.01,15,14730,买盘
949,13:22:01,9.81,-0.01,2,1962,卖盘
950,13:21:57,9.82,0.01,11,10802,买盘
951,13:21:52,9.81,-0.01,2,1962,卖盘
952,13:21:42,9.82,0.01,1,982,买盘
953,13:21:36,9.81,-0.01,2,1962,中性盘
954,13:21:30,9.82,0.02,120,117840,买盘
955,13:21:27,9.8,--,277,271460,卖盘
956,13:21:15,9.8,-0.01,2,1960,卖盘
957,13:21:12,9.81,0.01,121,118701,买盘
958,13:21:06,9.8,-0.01,3,2940,卖盘
959,13:20:57,9.81,0.02,52,51012,买盘
960,13:20:52,9.79,--,0,0,卖盘
961,13:20:42,9.79,--,3,2936,卖盘
962,13:20:36,9.79,-0.01,108,105731,卖盘
963,13:20:30,9.8,--,123,121039,买盘
964,13:20:21,9.8,--,8,7840,买盘
965,13:20:12,9.8,--,1,980,买盘
966,13:20:06,9.8,0.01,20,19600,买盘
967,13:19:57,9.79,--,110,107689,卖盘
968,13:19:51,9.79,--,2,1957,卖盘
969,13:19:42,9.79,-0.01,40,39160,卖盘
970,13:19:36,9.8,0.01,36,35280,买盘
971,13:19:30,9.79,--,5,4895,卖盘
972,13:19:27,9.79,0.01,2,1957,卖盘
973,13:19:22,9.78,--,2,2298,卖盘
974,13:19:15,9.78,-0.02,28,27384,卖盘
975,13:19:06,9.8,0.02,58,56840,买盘
976,13:18:51,9.78,-0.02,7,6846,卖盘
977,13:18:45,9.8,0.02,50,49000,买盘
978,13:18:42,9.78,-0.01,3,2934,卖盘
979,13:18:36,9.79,--,355,347544,卖盘
980,13:18:30,9.79,-0.01,2,1957,卖盘
981,13:18:27,9.8,0.01,10,9800,买盘
982,13:18:21,9.79,-0.01,2,1957,卖盘
983,13:18:15,9.8,--,147,144540,卖盘
984,13:18:11,9.8,--,55,54399,买盘
985,13:18:06,9.8,--,199,195500,卖盘
986,13:17:57,9.8,-0.01,26,25480,卖盘
987,13:17:51,9.81,0.01,20,19620,买盘
988,13:17:45,9.8,--,5,4900,卖盘
989,13:17:36,9.8,--,2,1960,卖盘
990,13:17:26,9.8,--,2,1960,卖盘
991,13:17:15,9.8,--,2,1960,卖盘
992,13:17:06,9.8,--,2,1960,卖盘
993,13:16:51,9.8,--,3,2940,卖盘
994,13:16:41,9.8,--,2,1960,卖盘
995,13:16:30,9.8,--,2,1960,卖盘
996,13:16:21,9.8,--,37,36260,卖盘
997,13:16:15,9.8,-0.01,10,9800,卖盘
998,13:16:11,9.81,--,12,11772,买盘
999,13:16:06,9.81,0.01,37,36297,买盘
1000,13:15:56,9.8,--,26,25480,卖盘
1001,13:15:51,9.8,--,29,28420,卖盘
1002,13:15:45,9.8,--,2,1960,卖盘
1003,13:15:39,9.8,--,5,4900,卖盘
1004,13:15:36,9.8,--,2,1960,卖盘
1005,13:15:24,9.8,--,2,1960,卖盘
1006,13:15:21,9.8,--,2,1960,卖盘
1007,13:15:15,9.8,--,2,1960,卖盘
1008,13:15:06,9.8,-0.01,3,2940,卖盘
1009,13:15:00,9.81,0.01,5,4905,买盘
1010,13:14:51,9.8,-0.01,8,7840,卖盘
1011,13:14:45,9.81,0.01,217,212877,买盘
1012,13:14:39,9.8,--,42,41160,卖盘
1013,13:14:30,9.8,-0.01,152,148960,卖盘
1014,13:14:24,9.81,0.01,9,8829,买盘
1015,13:14:21,9.8,-0.01,60,58800,卖盘
1016,13:14:15,9.81,--,111,108891,买盘
1017,13:14:09,9.81,0.01,10,9810,买盘
1018,13:14:06,9.8,-0.01,2,1960,卖盘
1019,13:14:00,9.81,0.01,3,2943,买盘
1020,13:13:45,9.8,-0.01,18,17640,卖盘
1021,13:13:36,9.81,--,2,1962,卖盘
1022,13:13:21,9.81,--,2,1962,卖盘
1023,13:13:15,9.81,0.01,83,81423,买盘
1024,13:13:00,9.8,--,12,11760,卖盘
1025,13:12:51,9.8,--,2,1960,卖盘
1026,13:12:45,9.8,--,1,980,卖盘
1027,13:12:39,9.8,--,3,2940,卖盘
1028,13:12:36,9.8,--,9,8820,卖盘
1029,13:12:30,9.8,--,2,1960,卖盘
1030,13:12:15,9.8,-0.02,2,1960,卖盘
1031,13:12:06,9.82,--,203,199346,买盘
1032,13:12:00,9.82,0.01,10,9820,买盘
1033,13:11:54,9.81,-0.01,3,2943,卖盘
1034,13:11:45,9.82,0.01,12,11784,买盘
1035,13:11:39,9.81,--,5,5405,卖盘
1036,13:11:36,9.81,0.01,3,2943,卖盘
1037,13:11:30,9.8,--,0,0,卖盘
1038,13:11:21,9.8,-0.02,3,2940,卖盘
1039,13:11:15,9.82,0.02,20,19640,买盘
1040,13:11:09,9.8,-0.02,2,1960,卖盘
1041,13:11:06,9.82,0.02,10,9820,买盘
1042,13:11:00,9.8,--,2,1960,卖盘
1043,13:10:51,9.8,-0.02,3,2940,卖盘
1044,13:10:45,9.82,0.01,648,636336,买盘
1045,13:10:36,9.81,--,2,1962,卖盘
1046,13:10:30,9.81,--,107,104967,卖盘
1047,13:10:21,9.81,--,44,43164,卖盘
1048,13:10:15,9.81,--,3,2943,卖盘
1049,13:10:06,9.81,--,2,1962,卖盘
1050,13:10:00,9.81,-0.01,13,12753,卖盘
1051,13:09:54,9.82,0.01,80,78560,买盘
1052,13:09:50,9.81,--,27,26487,卖盘
1053,13:09:45,9.81,--,2,1962,卖盘
1054,13:09:30,9.81,--,6,5886,卖盘
1055,13:09:20,9.81,--,2,1962,卖盘
1056,13:09:15,9.81,--,26,25506,卖盘
1057,13:09:09,9.81,--,2,1962,卖盘
1058,13:09:00,9.81,--,12,11772,卖盘
1059,13:08:49,9.81,-0.01,2,1962,卖盘
1060,13:08:35,9.82,--,275,270796,卖盘
1061,13:08:24,9.82,--,2,1964,卖盘
1062,13:08:15,9.82,--,2,1964,卖盘
1063,13:08:09,9.82,0.01,48,47371,买盘
1064,13:08:03,9.81,-0.01,3,2943,卖盘
1065,13:08:00,9.82,--,33,32406,买盘
1066,13:07:54,9.82,--,157,154174,买盘
1067,13:07:45,9.82,--,165,162030,买盘
1068,13:07:33,9.82,0.01,121,118822,买盘
1069,13:07:30,9.81,--,8,7848,卖盘
1070,13:07:24,9.81,-0.01,2,1962,卖盘
1071,13:07:18,9.82,0.01,10,9820,买盘
1072,13:07:09,9.81,-0.01,33,32373,卖盘
1073,13:07:03,9.82,0.01,15,14730,买盘
1074,13:06:59,9.81,-0.01,3,2943,卖盘
1075,13:06:48,9.82,0.01,90,88380,买盘
1076,13:06:45,9.81,-0.01,2,1962,卖盘
1077,13:06:39,9.82,0.01,7,6874,买盘
1078,13:06:24,9.81,--,2,1962,卖盘
1079,13:06:15,9.81,--,12,11772,卖盘
1080,13:06:09,9.81,0.01,9,8829,买盘
1081,13:06:03,9.8,-0.01,3,2940,卖盘
1082,13:06:00,9.81,0.01,1,981,买盘
1083,13:05:54,9.8,-0.01,17,16660,卖盘
1084,13:05:48,9.81,--,100,98100,买盘
1085,13:05:44,9.81,0.01,3,2943,买盘
1086,13:05:39,9.8,--,30,29400,卖盘
1087,13:05:33,9.8,--,670,656600,卖盘
1088,13:05:30,9.8,--,3,2940,卖盘
1089,13:05:18,9.8,--,2,1960,卖盘
1090,13:05:09,9.8,0.01,50,49000,买盘
1091,13:05:00,9.79,-0.01,2,1957,卖盘
1092,13:04:54,9.8,-0.01,91,89180,卖盘
1093,13:04:48,9.81,--,10,9810,卖盘
1094,13:04:45,9.81,--,2,1962,卖盘
1095,13:04:39,9.81,--,3,2943,卖盘
1096,13:04:33,9.81,--,3,2943,卖盘
1097,13:04:30,9.81,0.01,176,172656,买盘
1098,13:04:24,9.8,-0.01,2,1960,卖盘
1099,13:04:18,9.81,--,1,981,买盘
1100,13:04:15,9.81,0.01,4,3924,买盘
1101,13:04:00,9.8,--,3,2940,卖盘
1102,13:03:54,9.8,0.01,2,1960,卖盘
1103,13:03:48,9.79,-0.01,8,7831,卖盘
1104,13:03:45,9.8,0.01,7,6860,买盘
1105,13:03:39,9.79,-0.02,5,4895,卖盘
1106,13:03:33,9.81,0.01,11,10791,买盘
1107,13:03:30,9.8,--,34,33320,买盘
1108,13:03:24,9.8,--,12,11760,买盘
1109,13:03:18,9.8,--,7,6860,买盘
1110,13:03:15,9.8,--,358,350840,卖盘
1111,13:03:09,9.8,--,2,1960,卖盘
1112,13:02:54,9.8,-0.01,3,2940,卖盘
1113,13:02:48,9.81,0.01,20,19620,买盘
1114,13:02:44,9.8,-0.01,3,2940,卖盘
1115,13:02:39,9.81,0.01,4,3924,买盘
1116,13:02:33,9.8,--,2,1960,卖盘
1117,13:02:24,9.8,-0.01,12,11760,卖盘
1118,13:02:18,9.81,--,24,23544,卖盘
1119,13:02:14,9.81,--,3,2943,卖盘
1120,13:02:09,9.81,-0.01,3,2943,卖盘
1121,13:02:03,9.82,0.01,10,9820,买盘
1122,13:01:59,9.81,-0.01,2,1962,卖盘
1123,13:01:54,9.82,0.01,30,29460,买盘
1124,13:01:48,9.81,--,2,1962,卖盘
1125,13:01:44,9.81,--,107,104967,卖盘
1126,13:01:39,9.81,0.01,120,117720,买盘
1127,13:01:29,9.8,-0.01,2,1960,卖盘
1128,13:01:24,9.81,--,106,103986,买盘
1129,13:01:18,9.81,0.01,13,12753,买盘
1130,13:01:14,9.8,-0.01,12,11760,卖盘
1131,13:01:09,9.81,--,21,20601,卖盘
1132,13:01:03,9.81,--,2,1962,卖盘
1133,13:00:59,9.81,0.01,43,42183,买盘
1134,13:00:54,9.8,-0.01,5,4900,卖盘
1135,13:00:44,9.81,0.01,7,6867,买盘
1136,13:00:33,9.8,-0.02,21,20580,卖盘
1137,13:00:27,9.82,--,0,0,买盘
1138,13:00:24,9.82,0.02,164,161048,买盘
1139,13:00:09,9.8,--,426,417480,买盘
1140,13:00:03,9.8,0.01,653,639940,买盘
1141,11:30:00,9.79,--,0,0,卖盘
1142,11:30:00,9.79,--,2,1957,卖盘
1143,11:29:58,9.79,--,10,9790,卖盘
1144,11:29:49,9.79,--,2,1957,卖盘
1145,11:29:40,9.79,--,3,2936,卖盘
1146,11:29:25,9.79,--,22,21537,卖盘
1147,11:29:19,9.79,--,8,7831,卖盘
1148,11:29:15,9.79,--,2,1957,卖盘
1149,11:29:04,9.79,--,2,1957,卖盘
1150,11:28:55,9.79,--,3,2936,卖盘
1151,11:28:45,9.79,--,2,1957,卖盘
1152,11:28:34,9.79,0.01,9,8811,买盘
1153,11:28:28,9.78,-0.01,21,20538,卖盘
1154,11:28:10,9.79,--,10,9790,买盘
1155,11:27:55,9.79,--,10,9790,买盘
1156,11:27:49,9.79,--,5,4895,买盘
1157,11:27:28,9.79,-0.01,29,28390,卖盘
1158,11:27:13,9.8,0.01,4,3920,买盘
1159,11:27:10,9.79,--,1,978,卖盘
1160,11:27:04,9.79,--,2,1957,卖盘
1161,11:26:55,9.79,--,4,3915,卖盘
1162,11:26:49,9.79,--,2,1957,卖盘
1163,11:26:40,9.79,-0.01,54,52865,卖盘
1164,11:26:34,9.8,0.01,20,19600,买盘
1165,11:26:28,9.79,-0.01,3,2936,卖盘
1166,11:26:25,9.8,0.01,1,980,买盘
1167,11:26:19,9.79,--,2,1957,卖盘
1168,11:26:10,9.79,--,10,9790,卖盘
1169,11:26:04,9.79,--,8,7831,卖盘
1170,11:25:58,9.79,--,3,2936,卖盘
1171,11:25:55,9.79,--,2,1957,卖盘
1172,11:25:49,9.79,--,5,4895,卖盘
1173,11:25:43,9.79,--,3,2936,卖盘
1174,11:25:34,9.79,--,2,1957,卖盘
1175,11:25:28,9.79,--,1,978,卖盘
1176,11:25:25,9.79,0.01,7,6852,买盘
1177,11:25:13,9.78,--,48,46944,卖盘
1178,11:25:09,9.78,--,21,20538,卖盘
1179,11:24:58,9.78,-0.01,36,35432,卖盘
1180,11:24:48,9.79,--,2,1957,卖盘
1181,11:24:40,9.79,-0.01,67,66082,卖盘
1182,11:24:34,9.8,0.01,9,8820,买盘
1183,11:24:24,9.79,--,27,26432,卖盘
1184,11:24:19,9.79,--,12,11747,卖盘
1185,11:24:04,9.79,-0.01,11,10768,卖盘
1186,11:23:54,9.8,0.01,12,11760,买盘
1187,11:23:49,9.79,--,10,9790,卖盘
1188,11:23:43,9.79,--,2,1957,卖盘
1189,11:23:39,9.79,-0.01,58,56781,卖盘
1190,11:23:34,9.8,--,13,12740,卖盘
1191,11:23:28,9.8,--,5,4900,卖盘
1192,11:23:19,9.8,--,2,1960,卖盘
1193,11:23:09,9.8,--,2,1960,卖盘
1194,11:23:04,9.8,--,8,7840,卖盘
1195,11:22:58,9.8,-0.01,31,30380,卖盘
1196,11:22:54,9.81,0.01,25,24525,买盘
1197,11:22:49,9.8,-0.01,2,1960,卖盘
1198,11:22:43,9.81,0.01,30,29430,买盘
1199,11:22:39,9.8,--,31,30380,卖盘
1200,11:22:28,9.8,-0.01,35,34300,卖盘
1201,11:22:24,9.81,0.01,10,9810,买盘
1202,11:22:13,9.8,--,46,45080,卖盘
1203,11:22:04,9.8,--,22,21560,卖盘
1204,11:21:52,9.8,-0.01,22,21560,卖盘
1205,11:21:49,9.81,--,5,4905,买盘
1206,11:21:43,9.81,--,43,42183,买盘
1207,11:21:37,9.81,0.01,68,66708,买盘
1208,11:21:34,9.8,--,2,1960,卖盘
1209,11:21:28,9.8,--,68,66640,卖盘
1210,11:21:19,9.8,--,2,1960,卖盘
1211,11:21:07,9.8,--,3,2940,卖盘
1212,11:20:58,9.8,-0.01,2,1960,卖盘
1213,11:20:52,9.81,0.01,1,981,买盘
1214,11:20:49,9.8,--,2,1960,卖盘
1215,11:20:43,9.8,0.01,58,56840,买盘
1216,11:20:34,9.79,--,9,8811,卖盘
1217,11:20:28,9.79,--,11,10768,卖盘
1218,11:20:22,9.79,-0.01,2,1957,卖盘
1219,11:20:19,9.8,0.01,10,9800,买盘
1220,11:20:13,9.79,-0.01,5,4895,卖盘
1221,11:20:07,9.8,--,36,35280,卖盘
1222,11:20:03,9.8,--,5,4900,卖盘
1223,11:19:49,9.8,--,2,1960,卖盘
1224,11:19:43,9.8,0.01,137,134524,买盘
1225,11:19:28,9.79,--,2,1957,卖盘
1226,11:19:19,9.79,--,71,69509,卖盘
1227,11:19:07,9.79,--,2,1957,卖盘
1228,11:18:58,9.79,--,2,1957,卖盘
1229,11:18:43,9.79,-0.01,3,2936,卖盘
1230,11:18:33,9.8,0.01,6,5880,买盘
1231,11:18:28,9.79,--,1,978,卖盘
1232,11:18:22,9.79,-0.01,12,11747,卖盘
1233,11:18:19,9.8,0.01,27,26460,买盘
1234,11:18:13,9.79,--,96,93983,卖盘
1235,11:18:03,9.79,--,63,61676,卖盘
1236,11:17:58,9.79,--,56,54823,卖盘
1237,11:17:52,9.79,--,65,63634,卖盘
1238,11:17:49,9.79,-0.01,2,1957,卖盘
1239,11:17:43,9.8,0.01,1,980,买盘
1240,11:17:37,9.79,-0.01,2,1957,卖盘
1241,11:17:28,9.8,0.01,23,22540,买盘
1242,11:17:18,9.79,--,74,72446,卖盘
1243,11:17:03,9.79,-0.01,5,4895,卖盘
1244,11:16:58,9.8,0.01,22,21560,买盘
1245,11:16:52,9.79,--,2,1957,卖盘
1246,11:16:43,9.79,--,13,12726,卖盘
1247,11:16:33,9.79,--,2,1957,卖盘
1248,11:16:28,9.79,--,7,6852,卖盘
1249,11:16:22,9.79,--,2,1957,卖盘
1250,11:16:13,9.79,-0.01,2,1957,卖盘
1251,11:16:07,9.8,0.01,185,181300,买盘
1252,11:15:58,9.79,--,3,2936,卖盘
1253,11:15:48,9.79,--,2,1957,卖盘
1254,11:15:43,9.79,0.01,26,25453,买盘
1255,11:15:37,9.78,-0.01,3,2934,卖盘
1256,11:15:33,9.79,0.01,10,9790,买盘
1257,11:15:28,9.78,--,2,1955,卖盘
1258,11:15:22,9.78,-0.01,20,19560,卖盘
1259,11:15:16,9.79,0.01,18,17622,买盘
1260,11:15:13,9.78,-0.01,19,18582,卖盘
1261,11:15:07,9.79,--,14,13705,买盘
1262,11:15:01,9.79,--,1,978,买盘
1263,11:14:58,9.79,0.01,27,26432,买盘
1264,11:14:52,9.78,-0.01,7,6846,卖盘
1265,11:14:46,9.79,0.01,16,15663,买盘
1266,11:14:42,9.78,--,52,50856,卖盘
1267,11:14:31,9.78,--,2,1955,卖盘
1268,11:14:22,9.78,--,12,11736,卖盘
1269,11:14:07,9.78,--,13,12714,卖盘
1270,11:14:01,9.78,--,0,0,卖盘
1271,11:13:58,9.78,--,12,11736,卖盘
1272,11:13:52,9.78,--,38,37164,卖盘
1273,11:13:46,9.78,--,2,1955,卖盘
1274,11:13:42,9.78,--,2,1955,卖盘
1275,11:13:36,9.78,--,2,1955,卖盘
1276,11:13:27,9.78,-0.02,3,2934,卖盘
1277,11:13:22,9.8,0.01,12,11760,买盘
1278,11:13:16,9.79,--,10,9790,卖盘
1279,11:13:12,9.79,--,6,5873,卖盘
1280,11:13:01,9.79,--,32,31327,卖盘
1281,11:12:52,9.79,--,43,42096,卖盘
1282,11:12:46,9.79,--,10,9790,卖盘
1283,11:12:43,9.79,-0.01,2,1957,卖盘
1284,11:12:36,9.8,0.01,55,53900,买盘
1285,11:12:28,9.79,--,2,1957,卖盘
1286,11:12:22,9.79,-0.01,32,31327,卖盘
1287,11:12:16,9.8,0.01,20,19600,买盘
1288,11:12:07,9.79,--,3,2936,卖盘
1289,11:11:58,9.79,-0.01,2,1957,卖盘
1290,11:11:52,9.8,0.01,7,6860,买盘
1291,11:11:46,9.79,--,3,2936,卖盘
1292,11:11:42,9.79,--,50,48949,卖盘
1293,11:11:37,9.79,--,2,1957,中性盘
1294,11:11:31,9.79,--,8,7831,买盘
1295,11:11:27,9.79,0.01,20,19580,买盘
1296,11:11:22,9.78,--,12,11736,卖盘
1297,11:11:12,9.78,-0.01,6,5868,卖盘
1298,11:11:07,9.79,--,53,51886,买盘
1299,11:11:01,9.79,--,22,21537,买盘
1300,11:10:57,9.79,0.01,38,37202,买盘
1301,11:10:52,9.78,-0.01,5,4890,卖盘
1302,11:10:46,9.79,--,30,29369,买盘
1303,11:10:42,9.79,--,166,162514,买盘
1304,11:10:31,9.79,--,30,29369,买盘
1305,11:10:27,9.79,--,105,102794,买盘
1306,11:10:22,9.79,0.01,66,64613,买盘
1307,11:10:16,9.78,--,2,1955,卖盘
1308,11:10:12,9.78,--,151,147678,卖盘
1309,11:10:06,9.78,--,2,1955,卖盘
1310,11:09:57,9.78,--,17,16626,卖盘
1311,11:09:52,9.78,--,3,2934,卖盘
1312,11:09:42,9.78,--,2,1955,卖盘
1313,11:09:37,9.78,-0.01,10,9780,卖盘
1314,11:09:27,9.79,0.01,30,29369,买盘
1315,11:09:22,9.78,--,47,45966,卖盘
1316,11:09:12,9.78,-0.01,19,18582,卖盘
1317,11:09:06,9.79,0.01,57,55802,买盘
1318,11:09:00,9.78,-0.01,2,1955,卖盘
1319,11:08:57,9.79,--,19,18601,买盘
1320,11:08:52,9.79,--,20,19580,买盘
1321,11:08:42,9.79,0.01,89,87130,买盘
1322,11:08:37,9.78,-0.01,3,2934,卖盘
1323,11:08:31,9.79,--,30,29369,买盘
1324,11:08:27,9.79,0.01,52,50907,买盘
1325,11:08:21,9.78,--,7,6846,卖盘
1326,11:08:16,9.78,--,67,65525,卖盘
1327,11:08:06,9.78,-0.01,44,43032,卖盘
1328,11:08:01,9.79,0.01,13,12726,买盘
1329,11:07:55,9.78,--,2,1955,卖盘
1330,11:07:52,9.78,--,15,14669,卖盘
1331,11:07:46,9.78,0.01,250,244499,买盘
1332,11:07:40,9.77,--,126,123102,买盘
1333,11:07:36,9.77,0.01,8,7816,买盘
1334,11:07:31,9.76,-0.02,53,51728,卖盘
1335,11:07:25,9.78,0.01,10,9780,卖盘
1336,11:07:21,9.77,--,11,10747,卖盘
1337,11:07:16,9.77,-0.01,10,9770,卖盘
1338,11:07:10,9.78,--,10,9780,买盘
1339,11:07:06,9.78,0.01,17,16626,买盘
1340,11:07:01,9.77,--,201,196377,卖盘
1341,11:06:51,9.77,--,54,52758,卖盘
1342,11:06:46,9.77,--,88,85976,买盘
1343,11:06:40,9.77,0.01,106,103562,买盘
1344,11:06:36,9.76,--,47,45872,卖盘
1345,11:06:31,9.76,--,99,96624,卖盘
1346,11:06:25,9.76,--,2,1952,卖盘
1347,11:06:21,9.76,--,45,43920,卖盘
1348,11:06:16,9.76,--,2,1952,卖盘
1349,11:06:06,9.76,-0.01,2,1952,卖盘
1350,11:05:54,9.77,--,33,32241,买盘
1351,11:05:51,9.77,--,23,22471,买盘
1352,11:05:45,9.77,0.01,5,4885,买盘
1353,11:05:36,9.76,--,0,0,卖盘
1354,11:05:31,9.76,-0.01,350,341600,卖盘
1355,11:05:16,9.77,--,11,10747,卖盘
1356,11:05:10,9.77,--,67,66015,买盘
1357,11:05:06,9.77,--,168,164536,买盘
1358,11:05:01,9.77,--,72,70344,买盘
1359,11:04:51,9.77,--,50,48850,买盘
1360,11:04:46,9.77,--,74,72298,买盘
1361,11:04:40,9.77,--,37,36149,买盘
1362,11:04:36,9.77,0.01,15,14655,买盘
1363,11:04:31,9.76,--,15,14640,卖盘
1364,11:04:25,9.76,-0.01,64,63049,卖盘
1365,11:04:21,9.77,0.01,18,17586,买盘
1366,11:04:15,9.76,--,99,96624,卖盘
1367,11:04:10,9.76,--,132,128832,卖盘
1368,11:04:01,9.76,--,2,1952,卖盘
1369,11:03:55,9.76,-0.01,22,21472,卖盘
1370,11:03:51,9.77,--,74,72298,卖盘
1371,11:03:36,9.77,0.01,6,5862,卖盘
1372,11:03:31,9.76,--,2,1952,卖盘
1373,11:03:16,9.76,-0.02,158,154208,卖盘
1374,11:03:10,9.78,--,5,4890,买盘
1375,11:03:06,9.78,0.01,14,13692,买盘
1376,11:03:01,9.77,--,13,12701,买盘
1377,11:02:55,9.77,--,54,52758,买盘
1378,11:02:51,9.77,0.01,6,5862,买盘
1379,11:02:46,9.76,-0.01,2,1952,卖盘
1380,11:02:36,9.77,0.01,14,13678,卖盘
1381,11:02:21,9.76,--,3,2928,卖盘
1382,11:02:10,9.76,-0.03,2,1952,卖盘
1383,11:02:06,9.79,0.01,10,9790,买盘
1384,11:02:01,9.78,-0.01,2,1955,卖盘
1385,11:01:51,9.79,--,4,3915,买盘
1386,11:01:46,9.79,--,0,0,买盘
1387,11:01:40,9.79,0.03,20,19580,买盘
1388,11:01:36,9.76,-0.02,264,257664,卖盘
1389,11:01:31,9.78,--,23,22494,买盘
1390,11:01:25,9.78,0.01,1,977,买盘
1391,11:01:21,9.77,-0.01,109,106493,卖盘
1392,11:01:15,9.78,-0.01,20,19560,中性盘
1393,11:01:06,9.79,--,17,16643,买盘
1394,11:01:01,9.79,0.02,48,46991,买盘
1395,11:00:54,9.77,--,2,1954,卖盘
1396,11:00:49,9.77,--,2,1954,卖盘
1397,11:00:46,9.77,-0.02,2,1954,卖盘
1398,11:00:40,9.79,0.02,10,9790,买盘
1399,11:00:31,9.77,--,2,1954,卖盘
1400,11:00:25,9.77,-0.02,353,345848,卖盘
1401,11:00:16,9.79,--,20,19580,买盘
1402,11:00:10,9.79,--,161,157619,卖盘
1403,11:00:04,9.79,--,10,9790,卖盘
1404,11:00:00,9.79,--,51,49928,卖盘
1405,10:59:54,9.79,--,3,2936,卖盘
1406,10:59:49,9.79,-0.01,17,16643,卖盘
1407,10:59:45,9.8,0.01,16,15680,买盘
1408,10:59:40,9.79,--,207,202652,卖盘
1409,10:59:30,9.79,-0.01,2,1957,卖盘
1410,10:59:25,9.8,0.01,451,441980,买盘
1411,10:59:19,9.79,--,10,9790,卖盘
1412,10:59:15,9.79,-0.01,3,2936,卖盘
1413,10:59:10,9.8,0.01,36,35280,买盘
1414,10:59:03,9.79,--,2,1957,卖盘
1415,10:59:00,9.79,0.01,124,121395,买盘
1416,10:58:55,9.78,-0.01,2,1955,卖盘
1417,10:58:49,9.79,--,20,19580,买盘
1418,10:58:45,9.79,0.01,34,33286,买盘
1419,10:58:39,9.78,--,10,9780,卖盘
1420,10:58:30,9.78,--,4,3911,卖盘
1421,10:58:25,9.78,--,70,68460,卖盘
1422,10:58:19,9.78,-0.01,17,16626,卖盘
1423,10:58:15,9.79,--,1,978,买盘
1424,10:58:10,9.79,--,29,28390,买盘
1425,10:58:04,9.79,0.01,5,4895,买盘
1426,10:58:00,9.78,-0.01,3,2934,卖盘
1427,10:57:54,9.79,--,43,42096,卖盘
1428,10:57:45,9.79,--,5,4895,卖盘
1429,10:57:40,9.79,--,27,26432,卖盘
1430,10:57:30,9.79,--,145,141955,卖盘
1431,10:57:25,9.79,0.01,136,133144,买盘
1432,10:57:19,9.78,-0.01,29,28361,卖盘
1433,10:57:15,9.79,--,10,9790,买盘
1434,10:57:10,9.79,--,1,978,买盘
1435,10:57:04,9.79,--,25,24474,买盘
1436,10:57:00,9.79,--,3,2936,买盘
1437,10:56:54,9.79,0.01,67,65593,买盘
1438,10:56:49,9.78,--,15,14669,卖盘
1439,10:56:39,9.78,--,12,11736,卖盘
1440,10:56:34,9.78,0.01,88,86064,买盘
1441,10:56:30,9.77,--,14,13678,卖盘
1442,10:56:25,9.77,-0.01,1,977,卖盘
1443,10:56:18,9.78,0.01,99,96822,买盘
1444,10:56:15,9.77,0.01,50,48850,买盘
1445,10:56:10,9.76,-0.01,22,21472,卖盘
1446,10:56:04,9.77,0.01,10,9770,买盘
1447,10:56:00,9.76,--,22,21472,卖盘
1448,10:55:54,9.76,-0.01,65,63440,卖盘
1449,10:55:49,9.77,0.01,1,977,买盘
1450,10:55:45,9.76,--,31,30256,卖盘
1451,10:55:40,9.76,--,27,26352,买盘
1452,10:55:34,9.76,--,24,23424,买盘
1453,10:55:30,9.76,--,298,290848,买盘
1454,10:55:25,9.76,0.01,115,112240,买盘
1455,10:55:19,9.75,-0.01,5,4875,卖盘
1456,10:55:15,9.76,--,56,54656,买盘
1457,10:55:10,9.76,0.01,146,142496,买盘
1458,10:55:04,9.75,--,88,85800,卖盘
1459,10:55:00,9.75,-0.01,104,101400,卖盘
1460,10:54:55,9.76,--,24,23424,买盘
1461,10:54:49,9.76,0.01,116,113216,买盘
1462,10:54:45,9.75,--,100,97500,卖盘
1463,10:54:40,9.75,-0.01,52,50700,卖盘
1464,10:54:34,9.76,--,4,3904,买盘
1465,10:54:30,9.76,-0.01,100,97600,卖盘
1466,10:54:25,9.77,0.01,665,649705,买盘
1467,10:54:19,9.76,--,54,52704,卖盘
1468,10:54:15,9.76,--,141,137616,卖盘
1469,10:54:10,9.76,--,31,30256,卖盘
1470,10:54:04,9.76,--,24,23424,卖盘
1471,10:54:00,9.76,--,15,14640,卖盘
1472,10:53:55,9.76,--,142,138592,卖盘
1473,10:53:44,9.76,-0.01,3,2928,卖盘
1474,10:53:40,9.77,0.01,1,977,买盘
1475,10:53:34,9.76,-0.01,140,136640,卖盘
1476,10:53:27,9.77,--,187,182699,卖盘
1477,10:53:25,9.77,--,3,2931,卖盘
1478,10:53:19,9.77,--,4,3908,卖盘
1479,10:53:12,9.77,--,35,34195,卖盘
1480,10:53:10,9.77,--,145,141665,卖盘
1481,10:53:04,9.77,--,47,45919,卖盘
1482,10:52:54,9.77,--,167,163159,卖盘
1483,10:52:49,9.77,-0.01,32,31264,卖盘
1484,10:52:43,9.78,0.01,21,20538,卖盘
1485,10:52:39,9.77,-0.01,8,7816,卖盘
1486,10:52:34,9.78,--,29,28361,卖盘
1487,10:52:28,9.78,--,2,1955,卖盘
1488,10:52:24,9.78,--,8,7823,卖盘
1489,10:52:19,9.78,--,7,6846,卖盘
1490,10:52:13,9.78,--,12,11736,卖盘
1491,10:52:09,9.78,--,92,89976,买盘
1492,10:52:04,9.78,--,2,1955,买盘
1493,10:51:58,9.78,--,81,79218,卖盘
1494,10:51:54,9.78,-0.02,14,13692,卖盘
1495,10:51:49,9.8,0.02,27,26460,买盘
1496,10:51:43,9.78,--,2,1955,卖盘
1497,10:51:39,9.78,--,121,118337,卖盘
1498,10:51:34,9.78,-0.02,94,91932,卖盘
1499,10:51:28,9.8,--,20,19600,卖盘
1500,10:51:24,9.8,--,84,82320,买盘
1501,10:51:19,9.8,0.01,44,43120,买盘
1502,10:51:12,9.79,--,19,18601,卖盘
1503,10:51:09,9.79,--,18,17622,卖盘
1504,10:51:03,9.79,--,50,48949,卖盘
1505,10:50:48,9.79,--,3,2936,卖盘
1506,10:50:39,9.79,-0.01,2,1957,卖盘
1507,10:50:34,9.8,--,2,1960,买盘
1508,10:50:27,9.8,--,5,4900,卖盘
1509,10:50:24,9.8,--,32,31360,卖盘
1510,10:50:18,9.8,--,6,5880,卖盘
1511,10:50:09,9.8,--,51,49980,卖盘
1512,10:50:04,9.8,-0.01,3,2940,卖盘
1513,10:49:54,9.81,--,253,248193,买盘
1514,10:49:49,9.81,0.01,123,120663,买盘
1515,10:49:42,9.8,-0.01,2,1960,卖盘
1516,10:49:39,9.81,0.01,35,34335,买盘
1517,10:49:33,9.8,--,3,2940,卖盘
1518,10:49:24,9.8,-0.01,29,28420,卖盘
1519,10:49:19,9.81,0.01,145,142245,买盘
1520,10:49:12,9.8,--,4,3920,卖盘
1521,10:49:09,9.8,--,30,29400,卖盘
1522,10:49:03,9.8,--,125,122500,卖盘
1523,10:48:58,9.8,--,3,2940,卖盘
1524,10:48:54,9.8,0.01,60,58800,买盘
1525,10:48:48,9.79,--,2,1957,卖盘
1526,10:48:43,9.79,--,49,47970,卖盘
1527,10:48:39,9.79,-0.01,71,69509,卖盘
1528,10:48:34,9.8,0.01,1,980,买盘
1529,10:48:24,9.79,--,3,2936,卖盘
1530,10:48:18,9.79,-0.01,33,32306,卖盘
1531,10:48:09,9.8,0.01,50,49000,买盘
1532,10:48:04,9.79,--,13,12726,卖盘
1533,10:47:54,9.79,--,12,11747,卖盘
1534,10:47:49,9.79,--,65,63634,卖盘
1535,10:47:43,9.79,--,9,8811,卖盘
1536,10:47:39,9.79,--,6,5873,买盘
1537,10:47:34,9.79,--,33,32306,买盘
1538,10:47:23,9.79,--,24,23495,买盘
1539,10:47:19,9.79,0.01,4,3915,中性盘
1540,10:47:08,9.78,-0.02,16,15647,卖盘
1541,10:47:03,9.8,0.02,36,35280,买盘
1542,10:46:57,9.78,-0.01,136,133008,卖盘
1543,10:46:54,9.79,--,10,9790,买盘
1544,10:46:49,9.79,--,60,58739,买盘
1545,10:46:43,9.79,--,3,2936,买盘
1546,10:46:38,9.79,0.01,51,49928,买盘
1547,10:46:33,9.78,--,3,2934,卖盘
1548,10:46:28,9.78,--,0,0,卖盘
1549,10:46:24,9.78,-0.01,117,114425,卖盘
1550,10:46:18,9.79,0.01,2,1957,买盘
1551,10:46:12,9.78,-0.01,2,1955,卖盘
1552,10:46:07,9.79,-0.01,5,4895,卖盘
1553,10:46:03,9.8,0.01,33,32340,买盘
1554,10:45:57,9.79,0.01,20,19580,买盘
1555,10:45:51,9.78,-0.01,2,1955,卖盘
1556,10:45:48,9.79,--,31,30348,卖盘
1557,10:45:43,9.79,--,7,6852,卖盘
1558,10:45:33,9.79,--,15,14684,卖盘
1559,10:45:28,9.79,0.01,2,1957,卖盘
1560,10:45:19,9.78,--,5,4890,卖盘
1561,10:45:07,9.78,-0.02,132,129095,卖盘
1562,10:45:03,9.8,0.02,49,48020,买盘
1563,10:44:57,9.78,--,106,103668,卖盘
1564,10:44:51,9.78,-0.01,16,15647,卖盘
1565,10:44:48,9.79,--,16,15663,买盘
1566,10:44:33,9.79,-0.01,19,18601,卖盘
1567,10:44:27,9.8,--,12,11760,卖盘
1568,10:44:21,9.8,--,62,60760,卖盘
1569,10:44:18,9.8,--,112,109760,卖盘
1570,10:44:12,9.8,--,23,22540,卖盘
1571,10:44:03,9.8,--,4,3920,卖盘
1572,10:43:57,9.8,0.01,171,167580,买盘
1573,10:43:51,9.79,--,2,1957,卖盘
1574,10:43:48,9.79,--,227,222232,卖盘
1575,10:43:42,9.79,--,158,154682,卖盘
1576,10:43:33,9.79,--,125,122374,卖盘
1577,10:43:27,9.79,--,36,35244,卖盘
1578,10:43:21,9.79,--,35,34265,卖盘
1579,10:43:18,9.79,--,102,99857,卖盘
1580,10:43:12,9.79,--,2,1957,卖盘
1581,10:43:06,9.79,-0.02,2,1957,卖盘
1582,10:43:03,9.81,0.02,10,9810,买盘
1583,10:42:57,9.79,-0.02,101,98878,卖盘
1584,10:42:48,9.81,--,35,34335,买盘
1585,10:42:36,9.81,0.01,22,21582,买盘
1586,10:42:33,9.8,--,192,188160,卖盘
1587,10:42:27,9.8,--,2,1960,卖盘
1588,10:42:18,9.8,--,62,60760,卖盘
1589,10:42:12,9.8,-0.01,2,1960,卖盘
1590,10:42:03,9.81,0.01,9,8829,买盘
1591,10:41:57,9.8,-0.01,5,4900,卖盘
1592,10:41:51,9.81,--,40,39240,买盘
1593,10:41:42,9.81,-0.01,8,7848,卖盘
1594,10:41:36,9.82,--,3,2946,买盘
1595,10:41:33,9.82,--,3,2946,买盘
1596,10:41:27,9.82,--,26,25532,买盘
1597,10:41:21,9.82,--,0,0,买盘
1598,10:41:18,9.82,--,72,70704,买盘
1599,10:41:12,9.82,0.01,30,29460,买盘
1600,10:41:06,9.81,-0.01,2,1962,卖盘
1601,10:41:03,9.82,0.01,13,12766,买盘
1602,10:40:57,9.81,-0.01,18,17658,卖盘
1603,10:40:48,9.82,0.01,5,4910,买盘
1604,10:40:42,9.81,--,53,51993,卖盘
1605,10:40:33,9.81,0.01,253,248193,买盘
1606,10:40:27,9.8,-0.01,151,147980,卖盘
1607,10:40:21,9.81,0.01,20,19620,买盘
1608,10:40:18,9.8,--,13,12740,卖盘
1609,10:40:12,9.8,-0.01,2,1960,卖盘
1610,10:40:06,9.81,0.01,21,20601,买盘
1611,10:40:02,9.8,--,10,9800,卖盘
1612,10:39:57,9.8,--,253,247940,买盘
1613,10:39:47,9.8,--,12,11760,买盘
1614,10:39:42,9.8,--,44,43120,买盘
1615,10:39:36,9.8,0.01,1,980,买盘
1616,10:39:27,9.79,--,42,41118,卖盘
1617,10:39:17,9.79,-0.01,87,85172,卖盘
1618,10:39:12,9.8,0.01,1,980,买盘
1619,10:39:06,9.79,--,2,1957,卖盘
1620,10:38:57,9.79,-0.01,2,1957,卖盘
1621,10:38:51,9.8,0.01,5,4900,买盘
1622,10:38:42,9.79,--,23,22516,卖盘
1623,10:38:36,9.79,--,47,46012,卖盘
1624,10:38:27,9.79,--,10,9790,卖盘
1625,10:38:21,9.79,--,27,26432,卖盘
1626,10:38:12,9.79,-0.01,101,98878,卖盘
1627,10:38:00,9.8,--,64,62720,卖盘
1628,10:37:57,9.8,--,10,9800,卖盘
1629,10:37:51,9.8,--,109,106820,卖盘
1630,10:37:45,9.8,--,5,4900,卖盘
1631,10:37:42,9.8,--,2,1960,卖盘
1632,10:37:36,9.8,--,12,11760,卖盘
1633,10:37:30,9.8,-0.01,13,12740,卖盘
1634,10:37:27,9.81,0.01,40,39240,买盘
1635,10:37:21,9.8,--,10,9800,卖盘
1636,10:37:15,9.8,--,1,980,卖盘
1637,10:37:12,9.8,--,11,10780,卖盘
1638,10:37:06,9.8,-0.01,3,2940,卖盘
1639,10:37:00,9.81,--,5,4905,买盘
1640,10:36:57,9.81,--,82,80442,卖盘
1641,10:36:51,9.81,--,9,8829,卖盘
1642,10:36:45,9.81,--,10,9810,卖盘
1643,10:36:42,9.81,--,7,6867,卖盘
1644,10:36:36,9.81,--,111,108891,卖盘
1645,10:36:30,9.81,--,27,26487,卖盘
1646,10:36:27,9.81,--,24,23544,卖盘
1647,10:36:21,9.81,--,2,1962,卖盘
1648,10:36:15,9.81,--,10,9810,卖盘
1649,10:36:12,9.81,--,2,1962,卖盘
1650,10:36:06,9.81,--,8,7848,卖盘
1651,10:35:57,9.81,--,2,1962,卖盘
1652,10:35:51,9.81,--,2,1962,卖盘
1653,10:35:42,9.81,--,10,9810,卖盘
1654,10:35:36,9.81,--,2,1962,卖盘
1655,10:35:27,9.81,-0.01,2,1962,卖盘
1656,10:35:21,9.82,--,30,29460,买盘
1657,10:35:15,9.82,0.01,13,12766,买盘
1658,10:35:12,9.81,--,8,7848,卖盘
1659,10:35:06,9.81,-0.01,7,6867,卖盘
1660,10:35:00,9.82,--,2,1964,买盘
1661,10:34:57,9.82,0.01,20,19640,买盘
1662,10:34:51,9.81,--,4,3924,卖盘
1663,10:34:45,9.81,--,41,40221,卖盘
1664,10:34:42,9.81,--,34,33354,卖盘
1665,10:34:30,9.81,-0.01,22,21582,卖盘
1666,10:34:27,9.82,--,10,9820,买盘
1667,10:34:21,9.82,--,77,75614,买盘
1668,10:34:12,9.82,0.01,7,6874,买盘
1669,10:34:06,9.81,--,46,45126,卖盘
1670,10:33:57,9.81,-0.01,3,2943,卖盘
1671,10:33:51,9.82,0.01,2,1964,买盘
1672,10:33:45,9.81,-0.01,42,41202,卖盘
1673,10:33:42,9.82,0.01,20,19640,买盘
1674,10:33:36,9.81,--,30,29430,卖盘
1675,10:33:26,9.81,-0.01,9,8829,卖盘
1676,10:33:21,9.82,0.01,100,98200,买盘
1677,10:33:12,9.81,--,12,11772,卖盘
1678,10:33:06,9.81,--,64,62784,卖盘
1679,10:32:56,9.81,--,5,4905,卖盘
1680,10:32:51,9.81,--,68,66708,卖盘
1681,10:32:41,9.81,--,126,123606,买盘
1682,10:32:30,9.81,--,9,8829,买盘
1683,10:32:26,9.81,--,20,19620,买盘
1684,10:32:21,9.81,--,83,81423,卖盘
1685,10:32:11,9.81,--,2,1962,卖盘
1686,10:32:06,9.81,0.02,41,40221,买盘
1687,10:32:00,9.79,--,40,39160,卖盘
1688,10:31:56,9.79,-0.02,2,1957,卖盘
1689,10:31:51,9.81,0.02,25,24525,买盘
1690,10:31:45,9.79,--,2,1957,卖盘
1691,10:31:41,9.79,-0.01,50,48949,卖盘
1692,10:31:36,9.8,0.01,2,1960,卖盘
1693,10:31:30,9.79,--,0,0,卖盘
1694,10:31:24,9.79,--,2,1957,卖盘
1695,10:31:15,9.79,-0.03,26,25453,卖盘
1696,10:31:09,9.82,0.02,120,117840,买盘
1697,10:31:06,9.8,0.01,66,64680,买盘
1698,10:31:00,9.79,-0.01,456,446423,卖盘
1699,10:30:54,9.8,-0.02,11,10780,卖盘
1700,10:30:51,9.82,0.01,32,31424,买盘
1701,10:30:45,9.81,-0.01,32,31392,卖盘
1702,10:30:39,9.82,0.01,225,220950,买盘
1703,10:30:36,9.81,--,20,19620,卖盘
1704,10:30:30,9.81,--,2,1962,卖盘
1705,10:30:24,9.81,-0.01,68,66708,卖盘
1706,10:30:21,9.82,0.01,10,9820,买盘
1707,10:30:15,9.81,--,10,9810,卖盘
1708,10:30:06,9.81,--,28,27468,卖盘
1709,10:29:54,9.81,--,52,51012,卖盘
1710,10:29:51,9.81,--,36,35316,卖盘
1711,10:29:45,9.81,--,2,1962,卖盘
1712,10:29:36,9.81,0.01,99,97119,买盘
1713,10:29:30,9.8,--,31,30380,卖盘
1714,10:29:24,9.8,-0.01,2,1960,卖盘
1715,10:29:21,9.81,--,6,5886,买盘
1716,10:29:15,9.81,0.01,103,101043,买盘
1717,10:29:00,9.8,-0.01,3,2940,卖盘
1718,10:28:54,9.81,0.01,3,2943,买盘
1719,10:28:51,9.8,--,2,1960,卖盘
1720,10:28:39,9.8,-0.01,2,1960,卖盘
1721,10:28:36,9.81,0.01,40,39240,买盘
1722,10:28:30,9.8,-0.01,8,7840,卖盘
1723,10:28:21,9.81,0.01,35,34335,买盘
1724,10:28:15,9.8,--,9,8820,卖盘
1725,10:28:09,9.8,-0.01,5,4900,卖盘
1726,10:28:06,9.81,--,60,58860,买盘
1727,10:28:00,9.81,0.01,5,4905,买盘
1728,10:27:54,9.8,-0.01,27,26460,卖盘
1729,10:27:45,9.81,0.01,32,31392,买盘
1730,10:27:39,9.8,-0.01,2,1960,卖盘
1731,10:27:36,9.81,0.01,10,9810,买盘
1732,10:27:30,9.8,-0.01,22,21560,卖盘
1733,10:27:24,9.81,0.01,1,981,买盘
1734,10:27:21,9.8,-0.01,67,65660,卖盘
1735,10:27:15,9.81,0.01,150,147150,买盘
1736,10:27:09,9.8,--,2,1960,卖盘
1737,10:27:06,9.8,--,3,2940,卖盘
1738,10:27:00,9.8,--,62,60760,卖盘
1739,10:26:51,9.8,--,5,4900,卖盘
1740,10:26:39,9.8,--,2,1960,卖盘
1741,10:26:35,9.8,--,56,54880,买盘
1742,10:26:30,9.8,--,7,6860,买盘
1743,10:26:21,9.8,--,8,7840,买盘
1744,10:26:15,9.8,--,22,21560,卖盘
1745,10:26:09,9.8,--,7,6860,卖盘
1746,10:26:05,9.8,-0.01,5,4900,卖盘
1747,10:26:00,9.81,--,5,4905,买盘
1748,10:25:54,9.81,0.02,20,19620,买盘
1749,10:25:50,9.79,-0.01,22,21537,卖盘
1750,10:25:45,9.8,--,2,1960,卖盘
1751,10:25:30,9.8,0.01,72,70560,买盘
1752,10:25:24,9.79,--,8,7831,卖盘
1753,10:25:20,9.79,-0.01,27,26432,卖盘
1754,10:25:15,9.8,0.01,20,19600,买盘
1755,10:25:09,9.79,-0.01,27,26432,卖盘
1756,10:25:05,9.8,--,7,6860,买盘
1757,10:25:00,9.8,--,32,31360,卖盘
1758,10:24:54,9.8,0.01,70,68600,买盘
1759,10:24:45,9.79,-0.01,31,30348,卖盘
1760,10:24:39,9.8,--,15,14700,买盘
1761,10:24:35,9.8,0.02,11,10780,买盘
1762,10:24:30,9.78,--,34,33252,卖盘
1763,10:24:24,9.78,-0.01,1,977,卖盘
1764,10:24:20,9.79,0.01,42,41118,买盘
1765,10:24:15,9.78,--,23,22494,中性盘
1766,10:24:09,9.78,--,10,9780,买盘
1767,10:24:03,9.78,0.01,13,12714,卖盘
1768,10:24:00,9.77,--,38,37126,买盘
1769,10:23:54,9.77,0.01,3,2931,买盘
1770,10:23:48,9.76,--,4,3904,买盘
1771,10:23:45,9.76,0.01,52,50752,买盘
1772,10:23:39,9.75,-0.01,82,79950,卖盘
1773,10:23:33,9.76,--,10,9760,买盘
1774,10:23:30,9.76,0.01,39,38064,买盘
1775,10:23:24,9.75,--,61,59475,买盘
1776,10:23:18,9.75,--,21,20475,卖盘
1777,10:23:15,9.75,--,14,13650,卖盘
1778,10:23:09,9.75,--,3,2925,卖盘
1779,10:23:03,9.75,--,10,9750,卖盘
1780,10:22:59,9.75,0.01,78,76050,买盘
1781,10:22:54,9.74,--,6,5844,卖盘
1782,10:22:45,9.74,-0.01,37,36038,卖盘
1783,10:22:39,9.75,0.01,11,10725,买盘
1784,10:22:33,9.74,-0.01,14,13636,卖盘
1785,10:22:29,9.75,--,7,6825,买盘
1786,10:22:24,9.75,--,21,20475,买盘
1787,10:22:18,9.75,--,2,1950,买盘
1788,10:22:15,9.75,-0.01,99,96525,卖盘
1789,10:22:09,9.76,0.01,12,11712,买盘
1790,10:22:03,9.75,--,55,53625,卖盘
1791,10:22:00,9.75,--,2,1950,卖盘
1792,10:21:48,9.75,-0.01,1,975,卖盘
1793,10:21:45,9.76,--,22,21472,卖盘
1794,10:21:39,9.76,-0.01,15,14640,卖盘
1795,10:21:30,9.77,--,16,15632,买盘
1796,10:21:24,9.77,--,216,211032,买盘
1797,10:21:18,9.77,--,16,15632,买盘
1798,10:21:15,9.77,--,27,26379,买盘
1799,10:21:09,9.77,--,95,92815,卖盘
1800,10:20:54,9.77,--,6,5862,卖盘
1801,10:20:48,9.77,--,7,6839,买盘
1802,10:20:45,9.77,0.01,14,13678,买盘
1803,10:20:33,9.76,--,1,976,卖盘
1804,10:20:29,9.76,-0.01,10,9760,卖盘
1805,10:20:24,9.77,0.02,94,91838,买盘
1806,10:20:18,9.75,-0.01,39,38025,卖盘
1807,10:20:15,9.76,--,6,5856,买盘
1808,10:20:09,9.76,--,206,201056,买盘
1809,10:20:03,9.76,--,56,54656,卖盘
1810,10:19:59,9.76,--,32,31232,卖盘
1811,10:19:48,9.76,--,2,1952,卖盘
1812,10:19:44,9.76,0.01,3,2928,中性盘
1813,10:19:39,9.75,--,228,222300,卖盘
1814,10:19:33,9.75,--,0,0,卖盘
1815,10:19:29,9.75,--,72,70200,买盘
1816,10:19:24,9.75,--,11,10725,买盘
1817,10:19:18,9.75,--,25,24375,买盘
1818,10:19:14,9.75,-0.01,36,35100,买盘
1819,10:19:09,9.76,--,16,15616,买盘
1820,10:19:03,9.76,--,55,53680,买盘
1821,10:18:59,9.76,0.01,764,745820,买盘
1822,10:18:54,9.75,--,191,186225,卖盘
1823,10:18:48,9.75,-0.01,14,13650,卖盘
1824,10:18:44,9.76,--,266,259616,买盘
1825,10:18:39,9.76,--,148,144448,买盘
1826,10:18:33,9.76,0.01,311,303536,买盘
1827,10:18:29,9.75,-0.01,117,114075,卖盘
1828,10:18:24,9.76,--,15,14640,买盘
1829,10:18:18,9.76,--,12,11712,买盘
1830,10:18:14,9.76,0.01,10,9760,中性盘
1831,10:18:09,9.75,-0.01,76,74100,卖盘
1832,10:18:03,9.76,-0.01,38,37088,卖盘
1833,10:17:59,9.77,0.01,17,16609,买盘
1834,10:17:54,9.76,--,56,54656,卖盘
1835,10:17:48,9.76,-0.01,96,94184,卖盘
1836,10:17:44,9.77,0.01,3,2931,买盘
1837,10:17:39,9.76,--,75,73200,卖盘
1838,10:17:33,9.76,-0.01,26,25376,卖盘
1839,10:17:29,9.77,0.01,1,977,中性盘
1840,10:17:24,9.76,-0.01,215,209840,卖盘
1841,10:17:18,9.77,--,16,15632,卖盘
1842,10:17:14,9.77,-0.01,3,3419,卖盘
1843,10:17:08,9.78,--,50,48900,卖盘
1844,10:17:03,9.78,-0.01,1,977,卖盘
1845,10:16:59,9.79,0.01,31,30348,卖盘
1846,10:16:54,9.78,-0.01,507,495845,卖盘
1847,10:16:48,9.79,0.01,41,40628,买盘
1848,10:16:42,9.78,-0.01,101,98778,卖盘
1849,10:16:39,9.79,-0.01,118,116011,卖盘
1850,10:16:33,9.8,0.01,24,23520,买盘
1851,10:16:27,9.79,-0.01,3,2936,卖盘
1852,10:16:24,9.8,--,120,118090,买盘
1853,10:16:18,9.8,--,1,980,买盘
1854,10:16:09,9.8,0.01,50,49000,买盘
1855,10:16:03,9.79,-0.01,207,203142,卖盘
1856,10:15:57,9.8,--,1,980,卖盘
1857,10:15:38,9.8,-0.01,274,268520,卖盘
1858,10:15:23,9.81,0.01,365,358065,买盘
1859,10:15:18,9.8,-0.01,32,31360,卖盘
1860,10:15:12,9.81,--,20,19620,买盘
1861,10:15:03,9.81,--,21,20601,买盘
1862,10:14:57,9.81,--,35,34825,卖盘
1863,10:14:53,9.81,--,39,38259,卖盘
1864,10:14:48,9.81,--,24,23544,卖盘
1865,10:14:42,9.81,--,7,6867,卖盘
1866,10:14:38,9.81,--,33,32373,卖盘
1867,10:14:33,9.81,-0.01,32,32108,卖盘
1868,10:14:18,9.82,0.01,3,3211,中性盘
1869,10:14:12,9.81,-0.01,12,11772,卖盘
1870,10:14:08,9.82,0.01,32,31424,买盘
1871,10:14:03,9.81,--,17,16677,卖盘
1872,10:13:57,9.81,-0.01,10,10300,卖盘
1873,10:13:53,9.82,--,22,21604,买盘
1874,10:13:48,9.82,0.02,200,196400,买盘
1875,10:13:42,9.8,-0.01,14,13720,卖盘
1876,10:13:38,9.81,--,7,6867,卖盘
1877,10:13:33,9.81,--,33,32373,卖盘
1878,10:13:23,9.81,--,45,44145,买盘
1879,10:13:18,9.81,-0.01,35,34335,卖盘
1880,10:13:03,9.82,--,71,69722,买盘
1881,10:12:53,9.82,0.01,2,1964,买盘
1882,10:12:48,9.81,--,6,5886,卖盘
1883,10:12:42,9.81,-0.01,23,22563,卖盘
1884,10:12:38,9.82,0.01,25,24550,买盘
1885,10:12:23,9.81,--,10,9810,卖盘
1886,10:12:18,9.81,-0.01,72,70632,卖盘
1887,10:12:12,9.82,--,5,4910,买盘
1888,10:12:08,9.82,0.01,10,9820,买盘
1889,10:12:03,9.81,--,0,0,中性盘
1890,10:11:48,9.81,-0.01,55,53955,中性盘
1891,10:11:42,9.82,--,5,4910,买盘
1892,10:11:38,9.82,0.02,20,19640,买盘
1893,10:11:33,9.8,-0.01,40,39200,卖盘
1894,10:11:27,9.81,--,20,19620,卖盘
1895,10:11:23,9.81,0.01,10,9810,买盘
1896,10:11:08,9.8,-0.02,20,19600,卖盘
1897,10:11:03,9.82,0.02,3,2946,买盘
1898,10:10:53,9.8,-0.01,8,7840,卖盘
1899,10:10:47,9.81,-0.01,32,31392,中性盘
1900,10:10:38,9.82,0.01,10,9820,买盘
1901,10:10:32,9.81,0.01,10,9810,中性盘
1902,10:10:27,9.8,-0.01,88,86240,卖盘
1903,10:10:23,9.81,--,6,5886,买盘
1904,10:10:18,9.81,--,4,3924,卖盘
1905,10:10:12,9.81,--,16,15696,买盘
1906,10:10:08,9.81,--,27,26487,买盘
1907,10:10:02,9.81,--,6,5886,买盘
1908,10:09:57,9.81,--,6,5886,卖盘
1909,10:09:53,9.81,--,8,7848,卖盘
1910,10:09:47,9.81,--,2,1962,卖盘
1911,10:09:42,9.81,-0.01,63,61803,卖盘
1912,10:09:21,9.82,--,10,9820,买盘
1913,10:09:06,9.82,--,5,4910,买盘
1914,10:09:02,9.82,0.02,10,9820,买盘
1915,10:08:57,9.8,-0.02,11,10780,卖盘
1916,10:08:48,9.82,0.02,1,982,买盘
1917,10:08:42,9.8,-0.02,252,246960,卖盘
1918,10:08:32,9.82,0.01,20,19640,买盘
1919,10:08:27,9.81,-0.01,79,77499,卖盘
1920,10:08:17,9.82,0.01,2,1964,买盘
1921,10:08:12,9.81,--,9,8829,卖盘
1922,10:08:06,9.81,--,7,6867,卖盘
1923,10:08:02,9.81,--,30,29430,卖盘
1924,10:07:57,9.81,-0.01,74,72594,卖盘
1925,10:07:47,9.82,0.01,26,25532,买盘
1926,10:07:42,9.81,--,104,102024,卖盘
1927,10:07:36,9.81,--,11,10791,卖盘
1928,10:07:32,9.81,-0.01,70,68670,卖盘
1929,10:07:27,9.82,--,16,15712,买盘
1930,10:07:21,9.82,--,5,4910,买盘
1931,10:07:02,9.82,--,23,22586,买盘
1932,10:06:57,9.82,0.01,78,76596,买盘
1933,10:06:47,9.81,--,25,24525,卖盘
1934,10:06:42,9.81,--,5,4905,卖盘
1935,10:06:32,9.81,--,31,30411,卖盘
1936,10:06:27,9.81,0.01,14,14224,买盘
1937,10:06:21,9.8,-0.01,172,168560,卖盘
1938,10:06:17,9.81,-0.01,2,1962,卖盘
1939,10:06:12,9.82,0.01,67,65794,买盘
1940,10:06:06,9.81,0.01,9,8829,卖盘
1941,10:06:02,9.8,-0.02,625,612500,卖盘
1942,10:05:57,9.82,0.01,4,3928,买盘
1943,10:05:47,9.81,--,17,16677,买盘
1944,10:05:42,9.81,0.01,44,43164,买盘
1945,10:05:36,9.8,--,22,21560,卖盘
1946,10:05:32,9.8,-0.01,167,163660,卖盘
1947,10:05:27,9.81,--,22,21582,买盘
1948,10:05:21,9.81,--,6,5886,买盘
1949,10:05:17,9.81,--,76,74556,买盘
1950,10:05:12,9.81,-0.01,234,229554,卖盘
1951,10:05:06,9.82,--,54,53028,卖盘
1952,10:05:02,9.82,-0.02,111,109002,卖盘
1953,10:04:57,9.84,0.01,17,16728,买盘
1954,10:04:47,9.83,--,11,10813,买盘
1955,10:04:42,9.83,--,2,1966,买盘
1956,10:04:36,9.83,--,13,12779,卖盘
1957,10:04:32,9.83,--,19,18677,买盘
1958,10:04:27,9.83,--,33,32439,卖盘
1959,10:04:21,9.83,--,11,10813,买盘
1960,10:04:17,9.83,0.01,7,6881,买盘
1961,10:04:12,9.82,--,30,29460,卖盘
1962,10:04:06,9.82,-0.01,36,35352,卖盘
1963,10:04:02,9.83,0.01,60,58980,买盘
1964,10:03:57,9.82,--,14,13748,卖盘
1965,10:03:51,9.82,0.01,30,29460,卖盘
1966,10:03:42,9.81,-0.01,100,98100,卖盘
1967,10:03:36,9.82,--,39,38298,卖盘
1968,10:03:31,9.82,--,48,47136,买盘
1969,10:03:27,9.82,--,2,1964,买盘
1970,10:03:21,9.82,--,50,49100,买盘
1971,10:03:12,9.82,--,15,14730,买盘
1972,10:03:02,9.82,0.01,342,335844,买盘
1973,10:02:57,9.81,0.01,4,3924,买盘
1974,10:02:51,9.8,-0.01,77,75460,卖盘
1975,10:02:46,9.81,0.01,24,23544,买盘
1976,10:02:41,9.8,-0.01,60,58800,卖盘
1977,10:02:36,9.81,--,273,267813,买盘
1978,10:02:30,9.81,--,5,4905,买盘
1979,10:02:27,9.81,--,22,21582,买盘
1980,10:02:21,9.81,--,11,10791,买盘
1981,10:02:15,9.81,--,9,8829,买盘
1982,10:02:11,9.81,--,106,103986,买盘
1983,10:02:06,9.81,--,10,9810,买盘
1984,10:02:00,9.81,0.01,46,45126,买盘
1985,10:01:56,9.8,-0.01,13,12740,卖盘
1986,10:01:51,9.81,--,8,7848,买盘
1987,10:01:45,9.81,0.01,13,12753,买盘
1988,10:01:41,9.8,-0.01,12,11760,卖盘
1989,10:01:36,9.81,0.01,10,9810,买盘
1990,10:01:30,9.8,--,21,20580,卖盘
1991,10:01:26,9.8,--,85,83300,卖盘
1992,10:01:15,9.8,-0.01,27,26460,卖盘
1993,10:01:11,9.81,--,22,21582,买盘
1994,10:01:06,9.81,--,93,91233,买盘
1995,10:01:00,9.81,--,24,23544,买盘
1996,10:00:56,9.81,--,88,86328,卖盘
1997,10:00:51,9.81,-0.01,3,2943,卖盘
1998,10:00:45,9.82,0.01,113,110966,买盘
1999,10:00:41,9.81,--,20,19620,卖盘
2000,10:00:36,9.81,--,42,41202,买盘
2001,10:00:30,9.81,--,4,3924,买盘
2002,10:00:26,9.81,--,125,122625,买盘
2003,10:00:21,9.81,--,11,10791,买盘
2004,10:00:15,9.81,--,17,16677,买盘
2005,10:00:06,9.81,--,45,44145,买盘
2006,10:00:00,9.81,--,6,5886,买盘
2007,09:59:56,9.81,--,13,12753,卖盘
2008,09:59:51,9.81,--,17,16677,买盘
2009,09:59:45,9.81,--,1,981,买盘
2010,09:59:41,9.81,--,16,15696,买盘
2011,09:59:36,9.81,--,19,18639,卖盘
2012,09:59:26,9.81,-0.02,10,9810,卖盘
2013,09:59:21,9.83,0.02,5,4915,买盘
2014,09:59:15,9.81,--,14,13734,卖盘
2015,09:59:11,9.81,--,5,4905,卖盘
2016,09:59:06,9.81,-0.01,46,45126,卖盘
2017,09:59:00,9.82,--,32,31424,买盘
2018,09:58:56,9.82,0.01,110,108020,买盘
2019,09:58:51,9.81,--,73,71613,卖盘
2020,09:58:45,9.81,--,150,147150,中性盘
2021,09:58:41,9.81,--,12,11772,卖盘
2022,09:58:35,9.81,-0.01,79,77499,卖盘
2023,09:58:30,9.82,0.01,10,9820,买盘
2024,09:58:26,9.81,-0.01,102,100062,卖盘
2025,09:58:20,9.82,--,57,55974,买盘
2026,09:58:15,9.82,--,5,4910,买盘
2027,09:58:11,9.82,--,35,34370,买盘
2028,09:58:00,9.82,--,10,9820,买盘
2029,09:57:56,9.82,--,45,44190,买盘
2030,09:57:51,9.82,0.01,1,982,买盘
2031,09:57:41,9.81,-0.01,37,36297,卖盘
2032,09:57:35,9.82,-0.01,144,141408,卖盘
2033,09:57:26,9.83,--,41,40303,卖盘
2034,09:57:21,9.83,0.03,192,188736,买盘
2035,09:57:10,9.8,-0.01,500,490000,卖盘
2036,09:57:06,9.81,--,82,80442,买盘
2037,09:57:00,9.81,--,1,981,买盘
2038,09:56:56,9.81,--,89,87309,买盘
2039,09:56:50,9.81,--,38,37278,买盘
2040,09:56:45,9.81,--,20,19620,买盘
2041,09:56:41,9.81,--,6,5886,买盘
2042,09:56:35,9.81,-0.01,195,191295,卖盘
2043,09:56:25,9.82,0.02,5,4910,买盘
2044,09:56:20,9.8,-0.02,61,59780,卖盘
2045,09:56:15,9.82,--,0,0,买盘
2046,09:56:11,9.82,0.01,11,10802,买盘
2047,09:56:05,9.81,--,76,74556,卖盘
2048,09:56:00,9.81,--,40,39240,卖盘
2049,09:55:56,9.81,--,64,63460,买盘
2050,09:55:50,9.81,--,2,1962,买盘
2051,09:55:45,9.81,--,2,1962,买盘
2052,09:55:40,9.81,0.01,168,164808,买盘
2053,09:55:35,9.8,-0.01,157,153860,卖盘
2054,09:55:30,9.81,--,38,37278,买盘
2055,09:55:24,9.81,--,50,49050,买盘
2056,09:55:20,9.81,-0.01,509,499329,卖盘
2057,09:55:15,9.82,0.01,6,5892,买盘
2058,09:55:09,9.81,--,15,14715,买盘
2059,09:55:06,9.81,-0.01,48,47088,卖盘
2060,09:55:00,9.82,0.02,184,180688,买盘
2061,09:54:54,9.8,-0.02,27,26460,卖盘
2062,09:54:50,9.82,0.01,19,18658,买盘
2063,09:54:45,9.81,--,74,72594,买盘
2064,09:54:39,9.81,-0.01,23,22563,卖盘
2065,09:54:35,9.82,--,57,55974,买盘
2066,09:54:30,9.82,0.01,242,237644,买盘
2067,09:54:24,9.81,--,12,12654,买盘
2068,09:54:20,9.81,--,11,10791,买盘
2069,09:54:15,9.81,0.01,65,63765,买盘
2070,09:54:09,9.8,-0.01,24,23520,卖盘
2071,09:54:05,9.81,--,97,95157,买盘
2072,09:54:00,9.81,0.01,30,29430,买盘
2073,09:53:50,9.8,--,2,1960,卖盘
2074,09:53:45,9.8,0.01,29,28420,买盘
2075,09:53:39,9.79,-0.01,14,13705,卖盘
2076,09:53:35,9.8,--,22,21560,买盘
2077,09:53:30,9.8,-0.01,24,23520,中性盘
2078,09:53:24,9.81,0.01,566,555344,买盘
2079,09:53:20,9.8,-0.01,5,4900,卖盘
2080,09:53:15,9.81,-0.01,8,7848,买盘
2081,09:53:09,9.82,0.02,20,19640,买盘
2082,09:53:05,9.8,-0.01,268,262640,卖盘
2083,09:53:00,9.81,0.01,15,14715,中性盘
2084,09:52:54,9.8,-0.01,178,174440,卖盘
2085,09:52:50,9.81,-0.01,60,58860,卖盘
2086,09:52:45,9.82,0.01,92,90344,买盘
2087,09:52:39,9.81,-0.01,61,59841,卖盘
2088,09:52:29,9.82,0.01,6,5892,买盘
2089,09:52:24,9.81,-0.01,10,9810,卖盘
2090,09:52:20,9.82,0.01,22,21604,买盘
2091,09:52:09,9.81,--,94,92214,卖盘
2092,09:52:05,9.81,-0.01,7,6867,卖盘
2093,09:51:59,9.82,--,16,16016,卖盘
2094,09:51:54,9.82,0.01,44,43885,买盘
2095,09:51:50,9.81,--,51,50031,卖盘
2096,09:51:44,9.81,-0.01,2,1962,卖盘
2097,09:51:39,9.82,--,6,5892,买盘
2098,09:51:35,9.82,0.01,5,4910,买盘
2099,09:51:29,9.81,-0.01,140,137340,卖盘
2100,09:51:24,9.82,0.01,9,8838,买盘
2101,09:51:20,9.81,--,45,44145,买盘
2102,09:51:14,9.81,--,201,197181,买盘
2103,09:51:09,9.81,--,6,5886,买盘
2104,09:51:05,9.81,0.01,5,4905,买盘
2105,09:50:59,9.8,--,70,68600,卖盘
2106,09:50:54,9.8,--,55,53900,卖盘
2107,09:50:50,9.8,-0.01,122,119560,卖盘
2108,09:50:44,9.81,--,61,59841,买盘
2109,09:50:39,9.81,0.01,9,8829,买盘
2110,09:50:35,9.8,-0.01,48,47040,卖盘
2111,09:50:29,9.81,--,30,29430,买盘
2112,09:50:24,9.81,--,1,981,买盘
2113,09:50:20,9.81,-0.01,82,80442,卖盘
2114,09:50:14,9.82,--,33,32406,买盘
2115,09:50:09,9.82,0.01,20,19640,买盘
2116,09:50:05,9.81,-0.01,17,16677,卖盘
2117,09:49:59,9.82,--,13,12766,买盘
2118,09:49:49,9.82,0.02,11,10802,买盘
2119,09:49:44,9.8,-0.02,67,65660,卖盘
2120,09:49:34,9.82,--,100,98200,买盘
2121,09:49:29,9.82,0.01,26,25532,买盘
2122,09:49:24,9.81,-0.01,63,61803,卖盘
2123,09:49:19,9.82,0.02,14,13748,买盘
2124,09:49:14,9.8,-0.02,27,26460,卖盘
2125,09:49:09,9.82,0.01,20,19640,买盘
2126,09:49:04,9.81,--,58,56898,买盘
2127,09:48:59,9.81,-0.01,67,65727,卖盘
2128,09:48:54,9.82,--,10,9820,买盘
2129,09:48:49,9.82,--,22,21604,买盘
2130,09:48:44,9.82,--,0,0,买盘
2131,09:48:39,9.82,0.01,58,56956,买盘
2132,09:48:33,9.81,--,23,22563,买盘
2133,09:48:29,9.81,-0.01,69,67689,中性盘
2134,09:48:24,9.82,--,183,180010,买盘
2135,09:48:18,9.82,--,75,73650,买盘
2136,09:48:14,9.82,--,115,112930,买盘
2137,09:48:09,9.82,--,62,60884,买盘
2138,09:48:03,9.82,-0.01,103,101146,卖盘
2139,09:47:59,9.83,0.01,62,60946,买盘
2140,09:47:54,9.82,--,35,34370,卖盘
2141,09:47:48,9.82,-0.01,52,51064,卖盘
2142,09:47:44,9.83,0.01,57,56031,卖盘
2143,09:47:39,9.82,-0.02,160,157120,卖盘
2144,09:47:33,9.84,0.02,1,984,买盘
2145,09:47:29,9.82,-0.02,55,54010,卖盘
2146,09:47:24,9.84,-0.01,12,11808,卖盘
2147,09:47:18,9.85,0.01,5,4925,买盘
2148,09:47:09,9.84,-0.01,30,29520,卖盘
2149,09:47:03,9.85,--,53,52205,买盘
2150,09:46:59,9.85,-0.01,42,41370,卖盘
2151,09:46:54,9.86,--,75,73950,卖盘
2152,09:46:48,9.86,0.01,239,235654,买盘
2153,09:46:44,9.85,-0.01,176,173360,卖盘
2154,09:46:39,9.86,0.01,25,24650,买盘
2155,09:46:33,9.85,--,1,985,卖盘
2156,09:46:29,9.85,--,189,186165,买盘
2157,09:46:24,9.85,--,55,54175,买盘
2158,09:46:18,9.85,-0.01,6,5910,买盘
2159,09:46:14,9.86,0.03,10,9860,买盘
2160,09:46:08,9.83,0.01,20,19660,中性盘
2161,09:46:03,9.82,--,60,58920,卖盘
2162,09:45:59,9.82,--,0,0,卖盘
2163,09:45:53,9.82,-0.01,379,372178,中性盘
2164,09:45:48,9.83,0.02,6,5898,买盘
2165,09:45:44,9.81,-0.03,35,35011,中性盘
2166,09:45:38,9.84,0.04,145,142680,买盘
2167,09:45:33,9.8,--,74,73402,买盘
2168,09:45:29,9.8,--,139,136318,卖盘
2169,09:45:23,9.8,--,80,78400,卖盘
2170,09:45:14,9.8,0.01,264,259602,卖盘
2171,09:45:08,9.79,-0.02,210,205589,卖盘
2172,09:45:03,9.81,0.01,44,43164,中性盘
2173,09:44:59,9.8,-0.03,855,837900,卖盘
2174,09:44:53,9.83,0.01,308,302764,买盘
2175,09:44:48,9.82,--,4,3928,买盘
2176,09:44:44,9.82,0.01,31,30442,中性盘
2177,09:44:38,9.81,-0.03,18,17658,卖盘
2178,09:44:33,9.84,0.02,282,277488,买盘
2179,09:44:29,9.82,--,91,89362,卖盘
2180,09:44:23,9.82,-0.01,300,294600,卖盘
2181,09:44:18,9.83,0.01,17,16711,买盘
2182,09:44:14,9.82,-0.01,53,52046,卖盘
2183,09:44:08,9.83,-0.01,255,250969,卖盘
2184,09:43:59,9.84,--,243,239112,卖盘
2185,09:43:53,9.84,-0.02,46,45264,卖盘
2186,09:43:48,9.86,0.02,382,376652,买盘
2187,09:43:44,9.84,-0.02,189,185976,卖盘
2188,09:43:38,9.86,--,94,92684,买盘
2189,09:43:33,9.86,--,30,29580,买盘
2190,09:43:29,9.86,--,237,233682,买盘
2191,09:43:23,9.86,0.01,345,340170,买盘
2192,09:43:18,9.85,-0.01,47,46295,卖盘
2193,09:43:13,9.86,-0.01,238,234668,卖盘
2194,09:43:08,9.87,--,152,150024,买盘
2195,09:43:03,9.87,--,66,65141,买盘
2196,09:42:58,9.87,0.01,135,133245,买盘
2197,09:42:53,9.86,--,15,14790,卖盘
2198,09:42:48,9.86,--,22,21692,卖盘
2199,09:42:43,9.86,0.01,157,154802,买盘
2200,09:42:38,9.85,-0.01,343,337855,卖盘
2201,09:42:33,9.86,--,111,109446,买盘
2202,09:42:28,9.86,--,144,141984,卖盘
2203,09:42:23,9.86,--,710,700060,卖盘
2204,09:42:18,9.86,--,42,41412,买盘
2205,09:42:13,9.86,--,492,485112,卖盘
2206,09:42:08,9.86,-0.01,204,201144,卖盘
2207,09:42:03,9.87,0.01,88,86856,买盘
2208,09:41:58,9.86,0.01,230,226780,买盘
2209,09:41:53,9.85,--,86,84710,卖盘
2210,09:41:48,9.85,-0.01,23,22655,卖盘
2211,09:41:43,9.86,0.02,118,116348,买盘
2212,09:41:38,9.84,0.01,349,344094,买盘
2213,09:41:33,9.83,-0.01,197,193955,卖盘
2214,09:41:28,9.84,--,79,78414,卖盘
2215,09:41:23,9.84,--,319,313896,买盘
2216,09:41:18,9.84,0.01,64,62976,买盘
2217,09:41:12,9.83,-0.01,29,28507,卖盘
2218,09:41:08,9.84,0.01,57,56088,买盘
2219,09:41:03,9.83,0.02,24,23592,中性盘
2220,09:40:57,9.81,-0.01,58,56898,中性盘
2221,09:40:53,9.82,0.01,47,46154,买盘
2222,09:40:48,9.81,0.01,73,71613,买盘
2223,09:40:42,9.8,--,319,312620,买盘
2224,09:40:38,9.8,--,103,100940,买盘
2225,09:40:33,9.8,--,96,94080,买盘
2226,09:40:27,9.8,--,83,81340,买盘
2227,09:40:23,9.8,0.01,28,27440,买盘
2228,09:40:18,9.79,--,172,168387,买盘
2229,09:40:12,9.79,--,126,123353,买盘
2230,09:40:08,9.79,--,209,204610,买盘
2231,09:40:03,9.79,--,92,90067,买盘
2232,09:39:57,9.79,0.01,1,978,买盘
2233,09:39:53,9.78,--,27,26406,买盘
2234,09:39:48,9.78,--,78,76284,买盘
2235,09:39:42,9.78,--,113,110514,买盘
2236,09:39:38,9.78,0.01,131,128117,买盘
2237,09:39:32,9.77,-0.01,8,7816,卖盘
2238,09:39:27,9.78,0.01,4,3911,买盘
2239,09:39:23,9.77,0.01,171,167067,买盘
2240,09:39:17,9.76,-0.01,230,224480,卖盘
2241,09:39:12,9.77,--,113,110401,买盘
2242,09:39:08,9.77,--,117,114309,买盘
2243,09:39:02,9.77,--,60,58620,买盘
2244,09:38:57,9.77,--,181,176837,买盘
2245,09:38:53,9.77,0.01,498,486546,买盘
2246,09:38:47,9.76,--,88,85888,卖盘
2247,09:38:42,9.76,--,62,60512,卖盘
2248,09:38:38,9.76,0.01,222,216672,买盘
2249,09:38:32,9.75,-0.01,66,64350,卖盘
2250,09:38:23,9.76,-0.01,182,177632,卖盘
2251,09:38:17,9.77,0.01,238,232526,买盘
2252,09:38:12,9.76,--,5,4880,卖盘
2253,09:38:08,9.76,0.01,10,9760,卖盘
2254,09:38:02,9.75,--,218,212559,卖盘
2255,09:37:57,9.75,-0.01,53,51675,卖盘
2256,09:37:53,9.76,--,138,134688,买盘
2257,09:37:47,9.76,0.01,114,111264,买盘
2258,09:37:42,9.75,-0.01,21,20475,卖盘
2259,09:37:38,9.76,--,101,98576,买盘
2260,09:37:32,9.76,-0.01,283,276208,卖盘
2261,09:37:27,9.77,0.01,17,16609,买盘
2262,09:37:23,9.76,-0.01,129,125904,卖盘
2263,09:37:17,9.77,--,151,147527,买盘
2264,09:37:12,9.77,--,306,298962,买盘
2265,09:37:08,9.77,--,70,68390,买盘
2266,09:37:02,9.77,-0.01,123,120171,卖盘
2267,09:36:57,9.78,0.02,54,52812,买盘
2268,09:36:53,9.76,-0.01,211,205936,卖盘
2269,09:36:47,9.77,--,102,99654,买盘
2270,09:36:42,9.77,0.01,423,413271,买盘
2271,09:36:38,9.76,-0.01,247,241072,卖盘
2272,09:36:32,9.77,-0.01,148,144596,卖盘
2273,09:36:27,9.78,0.01,181,177018,买盘
2274,09:36:23,9.77,0.01,173,169021,买盘
2275,09:36:17,9.76,-0.02,44,42944,中性盘
2276,09:36:12,9.78,0.01,100,97800,买盘
2277,09:36:08,9.77,--,519,507551,买盘
2278,09:36:02,9.77,0.01,35,34195,买盘
2279,09:35:57,9.76,0.01,231,225944,买盘
2280,09:35:53,9.75,--,43,41925,买盘
2281,09:35:47,9.75,--,95,92625,卖盘
2282,09:35:42,9.75,-0.02,31,30225,卖盘
2283,09:35:37,9.77,0.02,206,201262,买盘
2284,09:35:32,9.75,--,197,192075,买盘
2285,09:35:27,9.75,--,63,61425,买盘
2286,09:35:22,9.75,-0.01,323,314925,卖盘
2287,09:35:17,9.76,0.01,290,283040,买盘
2288,09:35:12,9.75,-0.01,17,16575,卖盘
2289,09:35:07,9.76,--,192,187392,买盘
2290,09:35:02,9.76,--,468,456768,买盘
2291,09:34:57,9.76,--,91,88816,卖盘
2292,09:34:52,9.76,--,428,417728,卖盘
2293,09:34:47,9.76,--,115,112240,卖盘
2294,09:34:42,9.76,--,138,134688,买盘
2295,09:34:37,9.76,--,246,240096,买盘
2296,09:34:32,9.76,--,205,200080,买盘
2297,09:34:27,9.76,--,20,19520,买盘
2298,09:34:22,9.76,--,389,379664,买盘
2299,09:34:17,9.76,-0.01,192,187392,卖盘
2300,09:34:12,9.77,--,67,65459,买盘
2301,09:34:07,9.77,0.01,221,215917,买盘
2302,09:34:02,9.76,--,123,120048,卖盘
2303,09:33:57,9.76,--,5,4880,卖盘
2304,09:33:52,9.76,0.01,291,284504,买盘
2305,09:33:47,9.75,--,43,41925,买盘
2306,09:33:42,9.75,-0.01,147,143325,卖盘
2307,09:33:36,9.76,--,0,0,买盘
2308,09:33:32,9.76,0.01,37,36112,买盘
2309,09:33:27,9.75,0.01,99,96525,买盘
2310,09:33:21,9.74,--,5,4870,买盘
2311,09:33:17,9.74,-0.02,404,393496,卖盘
2312,09:33:11,9.76,0.02,130,126880,买盘
2313,09:33:06,9.74,--,20,19480,卖盘
2314,09:32:56,9.74,--,373,363302,买盘
2315,09:32:51,9.74,0.01,50,48700,买盘
2316,09:32:47,9.73,-0.01,255,248115,卖盘
2317,09:32:41,9.74,0.01,68,66232,买盘
2318,09:32:32,9.73,--,9,8757,卖盘
2319,09:32:21,9.73,0.02,166,161518,买盘
2320,09:32:17,9.71,0.01,72,69912,买盘
2321,09:32:11,9.7,-0.03,1098,1065060,卖盘
2322,09:32:02,9.73,0.01,213,207249,买盘
2323,09:31:56,9.72,--,30,29160,买盘
2324,09:31:51,9.72,--,162,157464,买盘
2325,09:31:47,9.72,0.02,31,30132,买盘
2326,09:31:41,9.7,-0.01,20,19400,卖盘
2327,09:31:36,9.71,0.01,8,7768,买盘
2328,09:31:32,9.7,--,146,141620,买盘
2329,09:31:26,9.7,0.03,77,74690,买盘
2330,09:31:21,9.67,--,20,19340,卖盘
2331,09:31:17,9.67,-0.01,74,71558,卖盘
2332,09:31:11,9.68,0.01,99,95832,买盘
2333,09:31:06,9.67,--,54,52218,卖盘
2334,09:31:02,9.67,-0.01,112,108304,卖盘
2335,09:30:56,9.68,0.01,108,104544,买盘
2336,09:30:51,9.67,--,78,75426,卖盘
2337,09:30:47,9.67,-0.01,179,173093,卖盘
2338,09:30:41,9.68,--,81,78408,买盘
2339,09:30:36,9.68,--,90,87120,买盘
2340,09:30:32,9.68,--,21,20328,买盘
2341,09:30:26,9.68,-0.02,66,63888,卖盘
2342,09:30:21,9.7,--,54,52379,买盘
2343,09:30:17,9.7,0.02,37,35890,买盘
2344,09:30:11,9.68,-0.03,266,257488,中性盘
2345,09:30:06,9.71,-0.01,1116,1083636,卖盘
2346,09:30:01,9.72,--,46,44712,买盘
2347,09:28:49,9.72,--,0,0,买盘
2348,09:25:05,9.72,9.72,576,559872,买盘
