,time,price,change,volume,amount,type
0,15:00:00,10.16,--,0,0,买盘
1,15:00:00,10.16,--,0,0,买盘
2,14:59:59,10.16,--,10,10160,买盘
3,14:59:57,10.16,0.01,1,1016,买盘
4,14:59:53,10.15,--,90,91350,卖盘
5,14:59:47,10.15,--,157,159355,卖盘
6,14:59:42,10.15,-0.01,18,18270,卖盘
7,14:59:38,10.16,0.01,18,18288,买盘
8,14:59:32,10.15,--,44,44660,卖盘
9,14:59:27,10.15,--,115,116725,卖盘
10,14:59:23,10.15,-0.01,2,2030,卖盘
11,14:59:17,10.16,0.01,87,88392,买盘
12,14:59:12,10.15,-0.01,80,81200,卖盘
13,14:59:07,10.16,--,378,384048,买盘
14,14:59:02,10.16,--,14,14224,买盘
15,14:58:57,10.16,--,5,5080,买盘
16,14:58:42,10.16,--,1,1016,买盘
17,14:58:32,10.16,-0.01,377,383082,卖盘
18,14:58:27,10.17,--,113,114921,买盘
19,14:58:22,10.17,--,1,1017,买盘
20,14:58:17,10.17,--,1,1017,买盘
21,14:58:12,10.17,0.01,138,140346,买盘
22,14:58:07,10.16,--,208,211328,卖盘
23,14:58:02,10.16,--,552,560832,卖盘
24,14:57:57,10.16,-0.01,860,873760,卖盘
25,14:57:47,10.17,0.01,294,298998,买盘
26,14:57:42,10.16,-0.01,4,4064,卖盘
27,14:57:32,10.17,--,23,23391,买盘
28,14:57:27,10.17,0.01,4,4068,买盘
29,14:57:17,10.16,--,89,90424,卖盘
30,14:57:12,10.16,-0.01,88,89408,卖盘
31,14:57:02,10.17,0.01,1,1017,买盘
32,14:56:57,10.16,--,49,50749,卖盘
33,14:56:51,10.16,-0.01,3,3048,卖盘
34,14:56:47,10.17,--,159,161703,买盘
35,14:56:42,10.17,--,10,10170,买盘
36,14:56:32,10.17,0.01,84,85428,买盘
37,14:56:27,10.16,--,62,62992,卖盘
38,14:56:17,10.16,-0.01,2,2032,卖盘
39,14:56:12,10.17,0.01,2,2034,买盘
40,14:56:06,10.16,-0.01,285,289560,卖盘
41,14:56:02,10.17,--,66,67122,买盘
42,14:55:56,10.17,0.01,204,207468,买盘
43,14:55:51,10.16,-0.01,51,51816,卖盘
44,14:55:47,10.17,0.01,27,27459,买盘
45,14:55:41,10.16,--,189,192024,卖盘
46,14:55:32,10.16,-0.01,4,4064,卖盘
47,14:55:26,10.17,0.01,1,1017,买盘
48,14:55:17,10.16,-0.01,10,10160,卖盘
49,14:55:11,10.17,0.01,1,1017,买盘
50,14:54:56,10.16,--,1804,1832864,买盘
51,14:54:51,10.16,--,110,111760,买盘
52,14:54:32,10.16,--,302,306832,买盘
53,14:54:17,10.16,--,6,6096,买盘
54,14:54:11,10.16,0.01,31,31496,买盘
55,14:54:06,10.15,-0.01,155,157325,卖盘
56,14:54:02,10.16,0.01,60,60960,买盘
57,14:53:56,10.15,--,1312,1331680,卖盘
58,14:53:51,10.15,--,284,288260,卖盘
59,14:53:47,10.15,--,189,191835,卖盘
60,14:53:41,10.15,-0.01,18,18270,卖盘
61,14:53:36,10.16,0.01,36,36576,买盘
62,14:53:32,10.15,-0.01,3,3045,卖盘
63,14:53:26,10.16,--,58,58928,买盘
64,14:53:17,10.16,--,154,156464,买盘
65,14:53:11,10.16,--,1,1016,买盘
66,14:53:06,10.16,--,128,130048,买盘
67,14:53:02,10.16,0.01,22,22352,买盘
68,14:52:56,10.15,-0.01,6,6090,卖盘
69,14:52:47,10.16,0.01,1,1016,买盘
70,14:52:41,10.15,-0.01,20,20300,卖盘
71,14:52:36,10.16,0.01,53,53848,买盘
72,14:52:26,10.15,-0.01,3,3045,卖盘
73,14:52:21,10.16,0.01,90,91440,买盘
74,14:52:16,10.15,--,200,203000,卖盘
75,14:52:11,10.15,--,66,66990,卖盘
76,14:52:06,10.15,-0.01,25,25375,卖盘
77,14:51:56,10.16,--,10,10160,买盘
78,14:51:51,10.16,0.01,52,52832,买盘
79,14:51:41,10.15,--,25,25375,卖盘
80,14:51:36,10.15,-0.01,1,1015,卖盘
81,14:51:31,10.16,--,12,12192,买盘
82,14:51:26,10.16,0.01,176,178816,买盘
83,14:51:21,10.15,-0.01,4,4060,卖盘
84,14:51:16,10.16,--,16,16256,买盘
85,14:51:11,10.16,--,78,79248,买盘
86,14:51:06,10.16,--,100,101600,买盘
87,14:51:01,10.16,--,27,27432,买盘
88,14:50:51,10.16,-0.01,110,111760,买盘
89,14:50:45,10.17,0.02,5,5085,买盘
90,14:50:41,10.15,-0.02,1,1015,卖盘
91,14:50:36,10.17,--,12,12204,买盘
92,14:50:30,10.17,--,67,68139,买盘
93,14:50:26,10.17,--,76,77292,买盘
94,14:50:15,10.17,--,12,12204,买盘
95,14:50:11,10.17,0.01,423,430984,买盘
96,14:50:05,10.16,--,100,101600,买盘
97,14:50:00,10.16,--,68,69088,买盘
98,14:49:56,10.16,--,10,10160,买盘
99,14:49:45,10.16,--,100,101600,买盘
100,14:49:41,10.16,--,6,6096,买盘
101,14:49:35,10.16,--,466,473456,买盘
102,14:49:30,10.16,--,40,40640,买盘
103,14:49:26,10.16,--,11,11176,买盘
104,14:49:20,10.16,--,148,150368,买盘
105,14:49:15,10.16,--,1,1016,买盘
106,14:49:11,10.16,-0.01,258,262351,卖盘
107,14:49:05,10.17,0.01,61,62037,买盘
108,14:49:00,10.16,--,50,50800,卖盘
109,14:48:50,10.16,--,52,52832,卖盘
110,14:48:41,10.16,--,12,12192,卖盘
111,14:48:30,10.16,--,15,15240,卖盘
112,14:48:20,10.16,--,692,703864,买盘
113,14:48:11,10.16,0.01,35,35560,买盘
114,14:48:00,10.15,-0.01,20,20300,卖盘
115,14:47:56,10.16,0.01,56,56896,买盘
116,14:47:41,10.15,--,3,3045,卖盘
117,14:47:35,10.15,-0.01,25,25375,卖盘
118,14:47:26,10.16,--,964,979424,买盘
119,14:47:20,10.16,0.01,1,1016,买盘
120,14:47:15,10.15,-0.01,7,7105,卖盘
121,14:47:11,10.16,0.01,421,428508,买盘
122,14:47:05,10.15,-0.01,95,96425,卖盘
123,14:47:00,10.16,0.01,200,203200,买盘
124,14:46:56,10.15,--,45,45675,卖盘
125,14:46:50,10.15,--,50,50750,卖盘
126,14:46:41,10.15,-0.01,94,95410,卖盘
127,14:46:30,10.16,--,200,203200,买盘
128,14:46:26,10.16,0.01,494,501904,买盘
129,14:46:15,10.15,--,50,50750,卖盘
130,14:46:05,10.15,-0.01,76,77140,卖盘
131,14:45:55,10.16,--,200,203200,买盘
132,14:45:50,10.16,0.01,25,25400,买盘
133,14:45:45,10.15,-0.01,5,5075,卖盘
134,14:45:35,10.16,--,10,10160,买盘
135,14:45:30,10.16,0.01,1,1016,买盘
136,14:45:20,10.15,-0.01,5,5075,卖盘
137,14:45:15,10.16,--,151,153416,买盘
138,14:45:10,10.16,0.01,4,4064,买盘
139,14:45:05,10.15,-0.01,0,598,卖盘
140,14:45:00,10.16,0.01,288,292608,买盘
141,14:44:45,10.15,-0.01,1,1015,卖盘
142,14:44:35,10.16,--,82,83312,买盘
143,14:44:30,10.16,0.01,43,43688,买盘
144,14:44:25,10.15,-0.01,24,24360,卖盘
145,14:44:20,10.16,0.01,1,1016,买盘
146,14:44:15,10.15,--,21,21315,卖盘
147,14:44:00,10.15,--,493,500801,买盘
148,14:43:55,10.15,0.01,48,48720,买盘
149,14:43:50,10.14,-0.01,101,102414,卖盘
150,14:43:44,10.15,--,228,231420,买盘
151,14:43:35,10.15,--,91,92365,买盘
152,14:43:29,10.15,0.01,49,49735,买盘
153,14:43:24,10.14,--,204,206856,卖盘
154,14:43:20,10.14,--,5,5070,卖盘
155,14:43:14,10.14,--,76,77064,卖盘
156,14:43:09,10.14,--,206,209522,买盘
157,14:43:05,10.14,0.01,22,22308,买盘
158,14:42:59,10.13,-0.01,2,2026,卖盘
159,14:42:54,10.14,--,276,279864,买盘
160,14:42:49,10.14,--,28,28392,买盘
161,14:42:44,10.14,--,510,517140,买盘
162,14:42:39,10.14,0.01,10,10140,买盘
163,14:42:29,10.13,-0.01,56,56728,卖盘
164,14:42:24,10.14,--,10,10140,买盘
165,14:42:05,10.14,0.01,200,202800,买盘
166,14:41:59,10.13,--,106,107378,卖盘
167,14:41:54,10.13,--,15,15195,卖盘
168,14:41:50,10.13,-0.01,874,885362,卖盘
169,14:41:44,10.14,0.01,528,535392,买盘
170,14:41:35,10.13,--,9,9117,卖盘
171,14:41:24,10.13,--,1,1013,卖盘
172,14:41:14,10.13,--,15,15782,卖盘
173,14:41:05,10.13,--,10,10130,卖盘
174,14:40:59,10.13,--,20,20260,卖盘
175,14:40:54,10.13,-0.01,169,171197,卖盘
176,14:40:49,10.14,0.01,5,5070,买盘
177,14:40:44,10.13,--,18,18234,卖盘
178,14:40:35,10.13,--,10,10130,卖盘
179,14:40:29,10.13,--,36,36468,卖盘
180,14:40:19,10.13,--,551,558163,买盘
181,14:40:09,10.13,0.01,70,70910,买盘
182,14:40:05,10.12,--,3,3035,卖盘
183,14:39:59,10.12,--,83,83996,卖盘
184,14:39:43,10.12,-0.01,2,2023,卖盘
185,14:39:39,10.13,0.01,50,50650,买盘
186,14:39:34,10.12,--,10,10120,卖盘
187,14:39:29,10.12,--,2,2023,卖盘
188,14:39:14,10.12,--,293,296516,卖盘
189,14:39:09,10.12,--,15,15179,卖盘
190,14:39:04,10.12,--,7,8075,卖盘
191,14:38:44,10.12,--,31,31371,卖盘
192,14:38:34,10.12,--,0,0,卖盘
193,14:38:29,10.12,-0.01,74,74888,卖盘
194,14:38:24,10.13,--,141,143238,买盘
195,14:37:59,10.13,0.01,1552,1572176,买盘
196,14:37:53,10.12,--,48,48575,卖盘
197,14:37:49,10.12,--,44,44528,卖盘
198,14:37:44,10.12,-0.01,78,78936,卖盘
199,14:37:38,10.13,0.01,4,4052,买盘
200,14:37:33,10.12,--,53,53635,卖盘
201,14:37:29,10.12,--,36,36432,卖盘
202,14:37:23,10.12,--,45,45540,卖盘
203,14:37:19,10.12,--,29,29347,卖盘
204,14:37:14,10.12,--,223,225675,卖盘
205,14:37:08,10.12,--,9,9108,卖盘
206,14:37:04,10.12,--,32,32383,卖盘
207,14:36:59,10.12,--,85,86020,卖盘
208,14:36:53,10.12,--,36,36432,卖盘
209,14:36:48,10.12,--,35,35420,卖盘
210,14:36:43,10.12,--,59,59707,卖盘
211,14:36:38,10.12,--,79,79948,卖盘
212,14:36:33,10.12,--,32,32383,卖盘
213,14:36:28,10.12,--,34,34408,卖盘
214,14:36:23,10.12,--,51,51611,卖盘
215,14:36:18,10.12,--,340,344080,卖盘
216,14:36:13,10.12,--,73,73876,卖盘
217,14:36:08,10.12,--,135,136620,卖盘
218,14:36:03,10.12,--,34,34408,卖盘
219,14:35:58,10.12,--,32,32383,卖盘
220,14:35:53,10.12,--,85,86020,卖盘
221,14:35:43,10.12,--,32,32383,卖盘
222,14:35:38,10.12,--,36,36432,卖盘
223,14:35:33,10.12,--,83,83996,卖盘
224,14:35:28,10.12,--,70,70840,卖盘
225,14:35:23,10.12,--,45,45540,卖盘
226,14:35:13,10.12,--,84,85008,卖盘
227,14:35:03,10.12,--,34,34408,卖盘
228,14:34:58,10.12,--,37,37444,卖盘
229,14:34:53,10.12,--,107,108283,卖盘
230,14:34:48,10.12,--,31,31371,卖盘
231,14:34:43,10.12,--,30,30359,卖盘
232,14:34:38,10.12,--,97,98163,卖盘
233,14:34:28,10.12,--,183,185196,卖盘
234,14:34:23,10.12,--,30,30359,卖盘
235,14:34:18,10.12,-0.01,20,20240,卖盘
236,14:34:13,10.13,--,154,156002,买盘
237,14:34:08,10.13,--,9,9117,买盘
238,14:33:53,10.13,--,71,72530,卖盘
239,14:33:48,10.13,--,12,12156,卖盘
240,14:33:43,10.13,--,34,34442,卖盘
241,14:33:33,10.13,--,250,253250,卖盘
242,14:33:28,10.13,--,74,74962,卖盘
243,14:33:23,10.13,--,84,85092,卖盘
244,14:33:18,10.13,--,4,4052,卖盘
245,14:33:13,10.13,--,47,47611,卖盘
246,14:33:08,10.13,--,31,31403,卖盘
247,14:33:03,10.13,--,20,20260,卖盘
248,14:32:58,10.13,--,60,60780,卖盘
249,14:32:53,10.13,--,14,14182,卖盘
250,14:32:48,10.13,--,29,29377,卖盘
251,14:32:43,10.13,--,32,32416,卖盘
252,14:32:38,10.13,--,222,224886,卖盘
253,14:32:33,10.13,--,12,12156,卖盘
254,14:32:28,10.13,--,113,114469,卖盘
255,14:32:22,10.13,-0.01,264,267432,卖盘
256,14:32:18,10.14,0.01,1,1014,买盘
257,14:32:13,10.13,--,20,20260,卖盘
258,14:32:08,10.13,--,6,6078,卖盘
259,14:31:58,10.13,--,15,15195,卖盘
260,14:31:53,10.13,--,203,205639,卖盘
261,14:31:48,10.13,-0.01,6,6078,卖盘
262,14:31:32,10.14,--,976,990039,卖盘
263,14:31:28,10.14,--,338,342732,卖盘
264,14:31:22,10.14,--,8,8112,卖盘
265,14:31:17,10.14,--,51,51714,卖盘
266,14:31:13,10.14,--,88,89232,卖盘
267,14:31:08,10.14,--,4,4056,卖盘
268,14:31:02,10.14,--,698,707772,卖盘
269,14:30:58,10.14,--,18,18252,卖盘
270,14:30:53,10.14,-0.01,192,194688,卖盘
271,14:30:47,10.15,0.01,40,40600,买盘
272,14:30:38,10.14,--,63,63882,卖盘
273,14:30:32,10.14,--,230,233220,卖盘
274,14:30:27,10.14,-0.01,77,78078,卖盘
275,14:30:23,10.15,0.01,3,3867,买盘
276,14:30:17,10.14,--,70,70980,卖盘
277,14:30:08,10.14,--,77,78078,卖盘
278,14:29:46,10.14,--,71,71994,卖盘
279,14:29:38,10.14,--,3,3042,卖盘
280,14:29:31,10.14,-0.01,2,2028,卖盘
281,14:29:22,10.15,--,1,1015,买盘
282,14:29:16,10.15,0.01,711,721665,买盘
283,14:29:07,10.14,--,46,46644,卖盘
284,14:29:02,10.14,--,29,29406,卖盘
285,14:28:57,10.14,--,18,18252,卖盘
286,14:28:52,10.14,-0.01,23,23322,卖盘
287,14:28:47,10.15,--,1,1015,买盘
288,14:28:42,10.15,0.01,5,5075,买盘
289,14:28:31,10.14,--,288,292032,卖盘
290,14:28:22,10.14,-0.01,5,5070,卖盘
291,14:28:12,10.15,0.01,208,211120,买盘
292,14:28:01,10.14,--,2,2028,卖盘
293,14:27:52,10.14,--,36,36504,卖盘
294,14:27:47,10.14,--,18,18252,卖盘
295,14:27:37,10.14,-0.01,3,3042,卖盘
296,14:27:01,10.15,0.01,109,110635,买盘
297,14:26:52,10.14,-0.01,21,22013,卖盘
298,14:26:47,10.15,0.01,7,7105,买盘
299,14:26:37,10.14,--,6,6084,卖盘
300,14:26:27,10.14,--,3,3042,卖盘
301,14:26:22,10.14,-0.01,4,4056,卖盘
302,14:26:17,10.15,--,61,61915,买盘
303,14:26:01,10.15,--,3,3045,买盘
304,14:25:52,10.15,0.01,184,186760,买盘
305,14:25:42,10.14,--,3,3042,卖盘
306,14:25:37,10.14,-0.01,3,3042,卖盘
307,14:25:32,10.15,--,1,1015,买盘
308,14:25:17,10.15,0.01,28,28420,买盘
309,14:25:10,10.14,-0.01,2238,2269332,卖盘
310,14:25:07,10.15,0.01,22,22330,买盘
311,14:25:02,10.14,--,36,36504,卖盘
312,14:24:56,10.14,--,14,14196,卖盘
313,14:24:52,10.14,--,19,19266,卖盘
314,14:24:46,10.14,--,20,20280,卖盘
315,14:24:41,10.14,--,8,8112,卖盘
316,14:24:37,10.14,--,23,23322,卖盘
317,14:24:31,10.14,-0.01,5,5070,卖盘
318,14:24:26,10.15,--,13,13195,买盘
319,14:24:22,10.15,--,28,28420,买盘
320,14:24:16,10.15,--,88,89320,买盘
321,14:24:10,10.15,0.01,42,42630,买盘
322,14:24:07,10.14,--,4,4056,卖盘
323,14:24:01,10.14,--,19,19266,卖盘
324,14:23:56,10.14,--,135,136890,卖盘
325,14:23:52,10.14,--,12,12168,卖盘
326,14:23:46,10.14,--,189,191646,卖盘
327,14:23:41,10.14,--,66,66924,卖盘
328,14:23:37,10.14,--,24,24336,卖盘
329,14:23:32,10.14,--,17,17238,卖盘
330,14:23:26,10.14,--,40,40560,卖盘
331,14:23:22,10.14,--,12,12168,卖盘
332,14:23:16,10.14,--,82,83148,卖盘
333,14:23:11,10.14,--,29,29406,卖盘
334,14:23:06,10.14,--,44,44616,卖盘
335,14:23:01,10.14,--,70,70980,卖盘
336,14:22:56,10.14,--,155,157170,卖盘
337,14:22:52,10.14,--,9,9126,卖盘
338,14:22:47,10.14,--,88,89232,卖盘
339,14:22:40,10.14,--,24,24336,卖盘
340,14:22:36,10.14,--,21,21294,卖盘
341,14:22:31,10.14,--,95,96330,卖盘
342,14:22:25,10.14,--,57,57798,卖盘
343,14:22:21,10.14,--,10,10140,卖盘
344,14:22:17,10.14,--,23,23322,卖盘
345,14:22:11,10.14,--,31,31434,卖盘
346,14:22:06,10.14,--,8,8112,卖盘
347,14:22:01,10.14,--,19,19266,卖盘
348,14:21:55,10.14,-0.01,2,2028,卖盘
349,14:21:46,10.15,0.01,29,29435,买盘
350,14:21:41,10.14,--,51,51714,卖盘
351,14:21:31,10.14,--,2,2028,卖盘
352,14:21:26,10.14,--,1,1014,卖盘
353,14:21:16,10.14,--,4,4056,卖盘
354,14:21:10,10.14,--,570,577980,卖盘
355,14:21:06,10.14,--,4,4056,卖盘
356,14:21:01,10.14,--,205,207870,卖盘
357,14:20:56,10.14,--,10,10140,卖盘
358,14:20:46,10.14,-0.01,6,6084,卖盘
359,14:20:40,10.15,0.01,1,1015,买盘
360,14:20:31,10.14,--,51,51714,卖盘
361,14:20:25,10.14,--,2,2028,卖盘
362,14:20:16,10.14,--,2,2028,卖盘
363,14:20:11,10.14,--,983,996762,卖盘
364,14:20:06,10.14,--,203,205842,卖盘
365,14:20:01,10.14,--,2,2028,卖盘
366,14:19:55,10.14,-0.01,38,38643,卖盘
367,14:19:51,10.15,0.01,1,1015,买盘
368,14:19:41,10.14,--,2,2028,卖盘
369,14:19:36,10.14,--,7,7098,卖盘
370,14:19:31,10.14,--,2,2028,卖盘
371,14:19:26,10.14,--,1,1014,卖盘
372,14:19:16,10.14,--,12,12168,卖盘
373,14:19:10,10.14,--,9,9126,卖盘
374,14:19:01,10.14,0.01,910,922740,买盘
375,14:18:56,10.13,--,23,23299,卖盘
376,14:18:46,10.13,--,17,17221,卖盘
377,14:18:40,10.13,--,3,3039,卖盘
378,14:18:35,10.13,--,19,19247,卖盘
379,14:18:31,10.13,--,1,1013,卖盘
380,14:18:26,10.13,-0.01,20,20260,卖盘
381,14:18:19,10.14,0.01,5,5070,买盘
382,14:18:16,10.13,-0.01,16,16208,卖盘
383,14:18:10,10.14,0.01,29,29406,买盘
384,14:18:05,10.13,-0.01,39,39507,卖盘
385,14:18:01,10.14,--,25,25350,买盘
386,14:17:56,10.14,--,35,35490,买盘
387,14:17:50,10.14,--,10,10140,买盘
388,14:17:46,10.14,0.01,185,187590,买盘
389,14:17:40,10.13,--,593,601114,卖盘
390,14:17:34,10.13,--,27,27351,卖盘
391,14:17:31,10.13,--,20,20260,卖盘
392,14:17:26,10.13,--,22,22286,卖盘
393,14:17:19,10.13,--,26,26338,卖盘
394,14:17:16,10.13,--,30,30390,卖盘
395,14:17:10,10.13,--,20,20260,卖盘
396,14:17:04,10.13,-0.01,32,32416,卖盘
397,14:17:01,10.14,--,17,17238,卖盘
398,14:16:56,10.14,--,64,64896,卖盘
399,14:16:50,10.14,--,37,37518,卖盘
400,14:16:46,10.14,--,5,5070,卖盘
401,14:16:40,10.14,--,81,82134,卖盘
402,14:16:34,10.14,--,31,31434,卖盘
403,14:16:31,10.14,--,5,5070,卖盘
404,14:16:25,10.14,--,26,26364,卖盘
405,14:16:19,10.14,--,132,133848,卖盘
406,14:16:16,10.14,--,2,2028,卖盘
407,14:16:10,10.14,--,90,91260,卖盘
408,14:16:04,10.14,--,32,32448,卖盘
409,14:16:01,10.14,--,59,59826,卖盘
410,14:15:55,10.14,--,17,17238,卖盘
411,14:15:50,10.14,--,89,90246,卖盘
412,14:15:46,10.14,--,815,826410,卖盘
413,14:15:40,10.14,--,89,90246,卖盘
414,14:15:34,10.14,--,31,31434,卖盘
415,14:15:30,10.14,--,18,18252,卖盘
416,14:15:25,10.14,-0.01,2,2028,卖盘
417,14:15:19,10.15,0.01,11,11165,买盘
418,14:15:15,10.14,--,28,28392,卖盘
419,14:15:11,10.14,-0.01,2,2028,卖盘
420,14:15:05,10.15,--,281,285215,买盘
421,14:15:00,10.15,--,404,410760,卖盘
422,14:14:55,10.15,--,81,82215,卖盘
423,14:14:49,10.15,--,535,543025,卖盘
424,14:14:45,10.15,--,30,30450,卖盘
425,14:14:40,10.15,--,300,304500,卖盘
426,14:14:34,10.15,--,181,183715,卖盘
427,14:14:30,10.15,--,86,87290,卖盘
428,14:14:25,10.15,--,40,40813,卖盘
429,14:14:19,10.15,--,219,222285,卖盘
430,14:14:15,10.15,--,48,48720,卖盘
431,14:14:10,10.15,--,22,22330,卖盘
432,14:14:04,10.15,--,44,44660,卖盘
433,14:14:00,10.15,--,247,250705,卖盘
434,14:13:55,10.15,--,29,29435,卖盘
435,14:13:50,10.15,--,75,76125,卖盘
436,14:13:40,10.15,--,205,208075,卖盘
437,14:13:34,10.15,--,66,66990,卖盘
438,14:13:30,10.15,--,996,1010940,卖盘
439,14:13:25,10.15,--,49,49735,卖盘
440,14:13:19,10.15,--,46,46690,卖盘
441,14:13:15,10.15,--,45,45675,卖盘
442,14:13:10,10.15,--,38,38570,卖盘
443,14:13:05,10.15,--,30,30450,卖盘
444,14:13:00,10.15,--,21,21315,卖盘
445,14:12:55,10.15,--,34,34510,卖盘
446,14:12:49,10.15,-0.01,19,19285,卖盘
447,14:12:43,10.16,0.01,105,106680,买盘
448,14:12:40,10.15,-0.01,82,83230,卖盘
449,14:12:34,10.16,0.01,66,67056,买盘
450,14:12:25,10.15,--,57,57855,卖盘
451,14:12:19,10.15,--,39,39585,卖盘
452,14:12:10,10.15,--,35,35535,卖盘
453,14:12:04,10.15,--,94,95410,卖盘
454,14:11:55,10.15,--,30,30450,卖盘
455,14:11:50,10.15,--,195,198432,卖盘
456,14:11:40,10.15,--,48,48720,卖盘
457,14:11:34,10.15,--,41,41615,卖盘
458,14:11:25,10.15,--,178,180670,卖盘
459,14:11:19,10.15,-0.01,40,40600,卖盘
460,14:11:13,10.16,0.01,6,6096,买盘
461,14:11:10,10.15,-0.01,58,58870,卖盘
462,14:11:04,10.16,0.01,176,178816,买盘
463,14:10:55,10.15,--,39,40265,卖盘
464,14:10:49,10.15,--,22,22330,卖盘
465,14:10:43,10.15,--,201,204015,卖盘
466,14:10:40,10.15,--,26,26390,卖盘
467,14:10:34,10.15,--,34,34510,卖盘
468,14:10:28,10.15,--,24,24360,卖盘
469,14:10:25,10.15,--,2,2030,卖盘
470,14:10:19,10.15,--,33,33495,卖盘
471,14:10:13,10.15,-0.01,205,208075,卖盘
472,14:10:05,10.16,0.01,3,3048,买盘
473,14:09:54,10.15,-0.01,1,1015,卖盘
474,14:09:43,10.16,--,182,184912,买盘
475,14:09:34,10.16,0.01,122,123952,买盘
476,14:09:24,10.15,--,4,4669,卖盘
477,14:09:13,10.15,-0.01,3,3045,卖盘
478,14:09:04,10.16,--,242,245872,卖盘
479,14:08:54,10.16,--,3,3048,卖盘
480,14:08:49,10.16,--,55,55880,卖盘
481,14:08:43,10.16,--,1,1016,卖盘
482,14:08:39,10.16,0.01,74,75184,买盘
483,14:08:34,10.15,--,422,428330,卖盘
484,14:08:28,10.15,--,2,2030,卖盘
485,14:08:24,10.15,--,2,2030,卖盘
486,14:08:13,10.15,--,1,1015,卖盘
487,14:08:09,10.15,-0.01,5,5075,卖盘
488,14:08:04,10.16,0.01,152,154432,买盘
489,14:07:58,10.15,--,12,12180,卖盘
490,14:07:54,10.15,--,1,1015,卖盘
491,14:07:43,10.15,-0.01,2,2030,卖盘
492,14:07:39,10.16,0.01,170,172720,买盘
493,14:07:34,10.15,--,18,18270,卖盘
494,14:07:24,10.15,-0.01,1,1015,卖盘
495,14:07:19,10.16,0.01,150,152400,买盘
496,14:07:13,10.15,--,2,2030,卖盘
497,14:07:04,10.15,--,1,1015,卖盘
498,14:06:54,10.15,-0.01,2,2030,卖盘
499,14:06:49,10.16,--,154,156464,买盘
500,14:06:43,10.16,--,12,12192,买盘
501,14:06:34,10.16,--,20,20320,卖盘
502,14:06:28,10.16,-0.01,35,35560,卖盘
503,14:06:24,10.17,--,122,124074,买盘
504,14:06:13,10.17,--,195,198315,买盘
505,14:06:04,10.17,0.01,160,162720,买盘
506,14:05:58,10.16,0.01,358,363728,买盘
507,14:05:52,10.15,-0.01,1,1015,卖盘
508,14:05:49,10.16,0.01,62,62992,买盘
509,14:05:43,10.15,--,4,4060,卖盘
510,14:05:37,10.15,-0.01,3,3045,卖盘
511,14:05:34,10.16,0.01,120,121920,买盘
512,14:05:28,10.15,-0.01,5,5075,卖盘
513,14:05:22,10.16,--,10,10160,买盘
514,14:05:13,10.16,--,103,104648,买盘
515,14:05:07,10.16,0.01,171,173736,买盘
516,14:05:04,10.15,-0.01,1,1015,卖盘
517,14:04:58,10.16,0.01,8,8128,买盘
518,14:04:52,10.15,--,39,39585,卖盘
519,14:04:49,10.15,-0.01,16,16240,卖盘
520,14:04:43,10.16,0.01,138,140208,买盘
521,14:04:34,10.15,--,3,3045,卖盘
522,14:04:28,10.15,-0.01,3,3045,卖盘
523,14:04:22,10.16,--,160,162560,买盘
524,14:04:19,10.16,0.01,65,66040,买盘
525,14:04:04,10.15,-0.01,10,10150,卖盘
526,14:03:49,10.16,--,1623,1649669,卖盘
527,14:03:43,10.16,--,234,237744,卖盘
528,14:03:34,10.16,--,322,327152,卖盘
529,14:03:28,10.16,-0.01,99,100584,卖盘
530,14:03:22,10.17,0.01,400,406800,买盘
531,14:03:13,10.16,--,20,20320,卖盘
532,14:03:07,10.16,--,20,20320,卖盘
533,14:03:03,10.16,--,20,20320,卖盘
534,14:02:58,10.16,-0.01,351,356616,卖盘
535,14:02:52,10.17,0.01,83,84502,买盘
536,14:02:48,10.16,--,500,508000,卖盘
537,14:02:37,10.16,--,2,2032,卖盘
538,14:02:34,10.16,--,0,528,卖盘
539,14:02:28,10.16,--,100,101600,卖盘
540,14:02:19,10.16,--,25,25400,卖盘
541,14:02:13,10.16,-0.01,9,9204,卖盘
542,14:02:07,10.17,0.01,572,581724,买盘
543,14:01:58,10.16,--,118,119908,卖盘
544,14:01:52,10.16,-0.01,62,62992,卖盘
545,14:01:43,10.17,0.01,502,510534,买盘
546,14:01:37,10.16,--,3,3048,卖盘
547,14:01:33,10.16,-0.01,1,1016,卖盘
548,14:01:28,10.17,0.01,8,8136,买盘
549,14:01:22,10.16,--,6,6096,卖盘
550,14:01:18,10.16,--,78,79248,卖盘
551,14:01:13,10.16,--,182,184912,卖盘
552,14:01:07,10.16,--,191,194056,卖盘
553,14:01:03,10.16,--,50,50800,卖盘
554,14:00:52,10.16,--,136,138176,卖盘
555,14:00:48,10.16,--,56,56896,卖盘
556,14:00:43,10.16,--,380,386080,卖盘
557,14:00:37,10.16,--,103,104648,卖盘
558,14:00:33,10.16,--,104,105664,卖盘
559,14:00:28,10.16,--,20,20320,卖盘
560,14:00:22,10.16,--,94,95504,卖盘
561,14:00:13,10.16,-0.01,15,15240,卖盘
562,14:00:07,10.17,--,7,7119,买盘
563,14:00:03,10.17,--,101,102717,买盘
564,13:59:58,10.17,0.01,4,4068,买盘
565,13:59:52,10.16,--,4,4064,卖盘
566,13:59:43,10.16,--,2,2032,卖盘
567,13:59:37,10.16,--,110,111760,卖盘
568,13:59:33,10.16,-0.01,6,6096,卖盘
569,13:59:28,10.17,--,6,6915,卖盘
570,13:59:22,10.17,-0.01,2,2034,卖盘
571,13:59:12,10.18,0.01,2,2036,买盘
572,13:59:07,10.17,--,5,5085,卖盘
573,13:59:01,10.17,--,2,2034,卖盘
574,13:58:58,10.17,0.01,84,85631,买盘
575,13:58:52,10.16,--,2,2032,卖盘
576,13:58:43,10.16,--,1,1016,卖盘
577,13:58:37,10.16,--,28,28448,卖盘
578,13:58:31,10.16,--,2,2032,卖盘
579,13:58:28,10.16,--,437,443992,卖盘
580,13:58:22,10.16,-0.01,1,1016,卖盘
581,13:58:16,10.17,0.01,300,305100,买盘
582,13:58:13,10.16,-0.01,2,2032,卖盘
583,13:58:07,10.17,0.01,100,101700,买盘
584,13:58:01,10.16,--,1,1016,卖盘
585,13:57:52,10.16,--,2,2032,卖盘
586,13:57:43,10.16,--,2,2032,卖盘
587,13:57:31,10.16,--,1,1016,卖盘
588,13:57:22,10.16,--,2,2032,卖盘
589,13:57:13,10.16,--,1,1016,卖盘
590,13:57:07,10.16,--,116,117856,卖盘
591,13:57:01,10.16,--,2,2032,卖盘
592,13:56:52,10.16,-0.01,301,305816,卖盘
593,13:56:46,10.17,--,23,23868,卖盘
594,13:56:43,10.17,--,2,2034,卖盘
595,13:56:37,10.17,--,60,61020,卖盘
596,13:56:31,10.17,--,4,4068,卖盘
597,13:56:22,10.17,--,60,61396,卖盘
598,13:56:13,10.17,--,22,22374,卖盘
599,13:56:07,10.17,--,10,10170,卖盘
600,13:56:01,10.17,--,1,1017,卖盘
601,13:55:52,10.17,--,35,35595,卖盘
602,13:55:42,10.17,--,11,11187,卖盘
603,13:55:37,10.17,--,13,13221,卖盘
604,13:55:31,10.17,--,9,9153,卖盘
605,13:55:28,10.17,--,15,15255,卖盘
606,13:55:22,10.17,--,1,1017,卖盘
607,13:55:16,10.17,--,13,13383,卖盘
608,13:55:12,10.17,--,153,155601,卖盘
609,13:55:07,10.17,-0.01,5,5085,卖盘
610,13:55:01,10.18,0.01,7,7126,买盘
611,13:54:52,10.17,--,1,1017,卖盘
612,13:54:46,10.17,--,100,101700,卖盘
613,13:54:42,10.17,--,20,20340,卖盘
614,13:54:37,10.17,--,2,2034,卖盘
615,13:54:31,10.17,--,118,120006,卖盘
616,13:54:27,10.17,--,12,12204,卖盘
617,13:54:22,10.17,--,25,26238,卖盘
618,13:54:16,10.17,--,41,42236,买盘
619,13:54:07,10.17,0.01,106,107802,买盘
620,13:54:01,10.16,--,3,3048,卖盘
621,13:53:57,10.16,--,1,1016,卖盘
622,13:53:46,10.16,--,2,2032,卖盘
623,13:53:42,10.16,--,101,102616,卖盘
624,13:53:37,10.16,--,48,48768,卖盘
625,13:53:27,10.16,--,2,2032,卖盘
626,13:53:22,10.16,--,31,31496,卖盘
627,13:53:16,10.16,-0.01,114,115824,卖盘
628,13:53:12,10.17,0.01,500,508500,买盘
629,13:53:07,10.16,--,48,49397,卖盘
630,13:52:57,10.16,--,2,2032,卖盘
631,13:52:52,10.16,--,33,33528,卖盘
632,13:52:46,10.16,--,19,19304,卖盘
633,13:52:42,10.16,--,110,111760,卖盘
634,13:52:37,10.16,--,8,8128,卖盘
635,13:52:31,10.16,--,3,3048,卖盘
636,13:52:25,10.16,-0.01,1,1016,卖盘
637,13:52:22,10.17,0.01,8,8136,买盘
638,13:52:16,10.16,--,2,2032,卖盘
639,13:52:07,10.16,--,32,32512,卖盘
640,13:51:55,10.16,--,1,1016,卖盘
641,13:51:45,10.16,-0.01,4,4541,卖盘
642,13:51:40,10.17,0.01,497,505988,买盘
643,13:51:36,10.16,--,205,208280,卖盘
644,13:51:25,10.16,--,2,2032,卖盘
645,13:51:22,10.16,--,504,512064,卖盘
646,13:51:16,10.16,--,1,1016,卖盘
647,13:51:07,10.16,-0.01,16,16256,卖盘
648,13:51:01,10.17,0.01,500,508500,买盘
649,13:50:55,10.16,--,2,2032,卖盘
650,13:50:46,10.16,--,312,316992,卖盘
651,13:50:36,10.16,--,6,6096,卖盘
652,13:50:31,10.16,--,3,3048,卖盘
653,13:50:25,10.16,--,1,1016,卖盘
654,13:50:21,10.16,--,50,50800,卖盘
655,13:50:16,10.16,0.01,35,35560,卖盘
656,13:50:06,10.15,--,11,11165,卖盘
657,13:49:55,10.15,-0.02,2,2030,卖盘
658,13:49:51,10.17,0.01,1745,1774868,买盘
659,13:49:46,10.16,--,1,1016,卖盘
660,13:49:36,10.16,--,25,25400,卖盘
661,13:49:31,10.16,--,5,5080,卖盘
662,13:49:25,10.16,--,20,20645,卖盘
663,13:49:21,10.16,--,25,25400,卖盘
664,13:49:16,10.16,--,70,71120,卖盘
665,13:49:10,10.16,--,25,25400,卖盘
666,13:49:06,10.16,--,648,658368,卖盘
667,13:49:01,10.16,--,40,40640,卖盘
668,13:48:55,10.16,--,64,65024,卖盘
669,13:48:46,10.16,--,29,29464,卖盘
670,13:48:36,10.16,0.01,4,4064,买盘
671,13:48:31,10.15,--,6,6090,卖盘
672,13:48:24,10.15,--,2,2030,卖盘
673,13:48:21,10.15,--,13,13195,卖盘
674,13:48:16,10.15,--,2,2030,卖盘
675,13:48:10,10.15,--,26,26390,卖盘
676,13:48:06,10.15,-0.02,13,13195,卖盘
677,13:48:01,10.17,0.02,237,241029,买盘
678,13:47:55,10.15,--,9,9135,卖盘
679,13:47:51,10.15,--,16,16240,卖盘
680,13:47:46,10.15,--,1,1015,卖盘
681,13:47:36,10.15,-0.01,2,2030,卖盘
682,13:47:31,10.16,0.01,38,38608,买盘
683,13:47:25,10.15,-0.01,101,102515,卖盘
684,13:47:16,10.16,-0.01,12,12192,卖盘
685,13:47:10,10.17,--,208,211536,买盘
686,13:47:06,10.17,--,154,156618,买盘
687,13:46:55,10.17,--,0,0,买盘
688,13:46:51,10.17,--,13,13221,买盘
689,13:46:46,10.17,0.01,154,156618,买盘
690,13:46:40,10.16,--,33,33528,卖盘
691,13:46:36,10.16,--,66,67056,卖盘
692,13:46:31,10.16,-0.01,161,163576,卖盘
693,13:46:25,10.17,0.01,59,60003,买盘
694,13:46:16,10.16,--,1,1016,卖盘
695,13:46:09,10.16,0.01,133,135128,买盘
696,13:46:05,10.15,--,18,18270,卖盘
697,13:46:00,10.15,--,5,5075,卖盘
698,13:45:55,10.15,--,1,1015,卖盘
699,13:45:46,10.15,--,32,32480,卖盘
700,13:45:36,10.15,--,2,2030,卖盘
701,13:45:24,10.15,-0.01,1,1015,卖盘
702,13:45:16,10.16,0.01,289,293624,买盘
703,13:45:10,10.15,--,33,33495,卖盘
704,13:45:04,10.15,--,4,4060,卖盘
705,13:45:00,10.15,--,20,20300,卖盘
706,13:44:55,10.15,--,11,11165,卖盘
707,13:44:45,10.15,-0.01,227,230405,卖盘
708,13:44:40,10.16,0.01,11,11176,买盘
709,13:44:33,10.15,--,2,2030,卖盘
710,13:44:30,10.15,--,8,8120,卖盘
711,13:44:25,10.15,--,6,6090,卖盘
712,13:44:15,10.15,--,1,1015,卖盘
713,13:44:10,10.15,--,10,10150,卖盘
714,13:44:04,10.15,--,2,2030,卖盘
715,13:43:55,10.15,--,1,1015,卖盘
716,13:43:49,10.15,--,7,7105,卖盘
717,13:43:45,10.15,--,7,7917,卖盘
718,13:43:40,10.15,--,101,102515,卖盘
719,13:43:34,10.15,--,4,4060,卖盘
720,13:43:30,10.15,--,3,3045,卖盘
721,13:43:25,10.15,-0.01,10,10150,卖盘
722,13:43:19,10.16,0.01,35,35560,买盘
723,13:43:15,10.15,--,4,4060,卖盘
724,13:42:55,10.15,-0.01,6,6090,卖盘
725,13:42:40,10.16,0.01,30,30480,买盘
726,13:42:34,10.15,-0.01,12,12180,卖盘
727,13:42:30,10.16,--,10,10160,买盘
728,13:42:25,10.16,0.01,22,22352,买盘
729,13:42:15,10.15,--,24,24360,卖盘
730,13:42:10,10.15,--,24,24360,卖盘
731,13:42:04,10.15,--,20,20300,卖盘
732,13:42:00,10.15,--,33,33495,卖盘
733,13:41:54,10.15,--,24,24360,卖盘
734,13:41:45,10.15,--,111,112665,卖盘
735,13:41:40,10.15,-0.01,72,73080,卖盘
736,13:41:34,10.16,--,41,41656,买盘
737,13:41:30,10.16,--,58,58928,买盘
738,13:41:24,10.16,--,119,120904,买盘
739,13:41:19,10.16,--,500,508000,买盘
740,13:41:15,10.16,0.01,24,24384,买盘
741,13:41:10,10.15,--,18,18270,卖盘
742,13:41:04,10.15,--,80,81200,卖盘
743,13:40:55,10.15,-0.01,131,132965,卖盘
744,13:40:49,10.16,--,19,19304,卖盘
745,13:40:45,10.16,-0.01,12,12192,卖盘
746,13:40:40,10.17,0.01,1,1017,买盘
747,13:40:34,10.16,--,14,14224,卖盘
748,13:40:25,10.16,--,1,1016,卖盘
749,13:40:19,10.16,--,3,3048,卖盘
750,13:40:15,10.16,--,2,2032,卖盘
751,13:40:04,10.16,--,2,2032,卖盘
752,13:39:55,10.16,--,24,24384,卖盘
753,13:39:45,10.16,-0.01,2,2032,卖盘
754,13:39:39,10.17,0.01,4,4068,买盘
755,13:39:34,10.16,--,34,34544,卖盘
756,13:39:30,10.16,--,5,5080,卖盘
757,13:39:25,10.16,-0.01,2,2032,卖盘
758,13:39:19,10.17,0.01,28,28476,买盘
759,13:39:15,10.16,-0.01,45,45720,卖盘
760,13:39:10,10.17,0.01,1,1017,买盘
761,13:39:04,10.16,--,8,8128,卖盘
762,13:39:00,10.16,--,5,5080,卖盘
763,13:38:55,10.16,--,18,18288,卖盘
764,13:38:48,10.16,--,36,36576,卖盘
765,13:38:44,10.16,--,2,2032,卖盘
766,13:38:34,10.16,-0.01,39,39624,卖盘
767,13:38:30,10.17,--,140,142380,买盘
768,13:38:25,10.17,0.01,8,8136,买盘
769,13:38:18,10.16,--,598,607568,卖盘
770,13:38:13,10.16,--,2,2032,卖盘
771,13:38:04,10.16,--,1,1016,卖盘
772,13:37:55,10.16,--,102,103632,卖盘
773,13:37:49,10.16,--,3,3048,卖盘
774,13:37:43,10.16,--,11,11176,卖盘
775,13:37:33,10.16,--,5,5080,卖盘
776,13:37:24,10.16,-0.01,2,2032,卖盘
777,13:37:18,10.17,0.01,440,447480,买盘
778,13:37:13,10.16,--,1,1016,卖盘
779,13:37:04,10.16,--,2,2032,卖盘
780,13:36:58,10.16,--,20,20320,卖盘
781,13:36:54,10.16,--,1,1016,卖盘
782,13:36:43,10.16,--,2,2032,卖盘
783,13:36:39,10.16,--,10,10160,卖盘
784,13:36:33,10.16,--,1,1016,卖盘
785,13:36:24,10.16,--,2,2032,卖盘
786,13:36:13,10.16,--,2,2032,卖盘
787,13:36:09,10.16,--,44,44704,卖盘
788,13:36:04,10.16,--,4,4064,卖盘
789,13:35:58,10.16,--,33,33528,卖盘
790,13:35:54,10.16,--,2,2032,卖盘
791,13:35:43,10.16,--,1,1016,卖盘
792,13:35:34,10.16,--,25,25400,卖盘
793,13:35:24,10.16,--,2,2032,卖盘
794,13:35:12,10.16,-0.01,1,1016,卖盘
795,13:35:09,10.17,0.01,7,7119,买盘
796,13:35:03,10.16,--,2,2032,卖盘
797,13:34:54,10.16,--,5,5080,卖盘
798,13:34:48,10.16,--,20,20320,卖盘
799,13:34:42,10.16,--,2,2032,卖盘
800,13:34:34,10.16,--,4,4064,卖盘
801,13:34:28,10.16,--,72,73152,卖盘
802,13:34:24,10.16,--,6,6096,卖盘
803,13:34:19,10.16,--,2,2032,卖盘
804,13:34:12,10.16,--,1,1016,卖盘
805,13:34:09,10.16,--,7,7112,卖盘
806,13:34:04,10.16,-0.01,3,3048,卖盘
807,13:33:57,10.17,0.01,14,14238,买盘
808,13:33:54,10.16,--,2,2032,卖盘
809,13:33:49,10.16,--,131,133096,卖盘
810,13:33:42,10.16,--,2,2032,卖盘
811,13:33:39,10.16,--,18,18288,卖盘
812,13:33:33,10.16,--,217,220726,卖盘
813,13:33:27,10.16,--,22,22352,卖盘
814,13:33:24,10.16,--,1,1016,卖盘
815,13:33:12,10.16,--,54,54864,卖盘
816,13:33:09,10.16,--,2,2032,卖盘
817,13:33:04,10.16,-0.01,5,5080,卖盘
818,13:32:57,10.17,0.01,14,14238,买盘
819,13:32:54,10.16,--,5,5080,卖盘
820,13:32:42,10.16,-0.01,15,15240,卖盘
821,13:32:34,10.17,--,94,95598,卖盘
822,13:32:28,10.17,--,181,184077,卖盘
823,13:32:24,10.17,--,2,2034,卖盘
824,13:32:18,10.17,--,23,23391,卖盘
825,13:32:13,10.17,--,6,6102,卖盘
826,13:32:03,10.17,-0.01,2,2034,卖盘
827,13:31:58,10.18,0.01,1,1018,买盘
828,13:31:53,10.17,--,1,1017,卖盘
829,13:31:48,10.17,0.01,6,6102,中性盘
830,13:31:43,10.16,--,60,60960,卖盘
831,13:31:34,10.16,--,326,331480,卖盘
832,13:31:27,10.16,--,1,1016,卖盘
833,13:31:12,10.16,--,73,74168,卖盘
834,13:31:03,10.16,--,1,1016,卖盘
835,13:30:54,10.16,-0.01,2,2032,卖盘
836,13:30:49,10.17,--,12,12204,卖盘
837,13:30:42,10.17,-0.01,2,2034,卖盘
838,13:30:39,10.18,--,0,0,买盘
839,13:30:34,10.18,0.02,361,367752,买盘
840,13:30:27,10.16,--,0,0,卖盘
841,13:30:21,10.16,-0.02,2,2032,卖盘
842,13:30:18,10.18,0.01,201,204618,买盘
843,13:30:13,10.17,--,31,31527,卖盘
844,13:30:04,10.17,--,60,61020,卖盘
845,13:29:51,10.17,0.01,2,2034,卖盘
846,13:29:48,10.16,--,0,0,卖盘
847,13:29:42,10.16,--,122,123952,卖盘
848,13:29:33,10.16,-0.01,321,326400,卖盘
849,13:29:27,10.17,--,29,29493,买盘
850,13:29:18,10.17,--,24,24408,卖盘
851,13:29:12,10.17,--,77,78309,卖盘
852,13:29:03,10.17,--,1333,1355915,买盘
853,13:28:57,10.17,0.01,31,31527,买盘
854,13:28:51,10.16,--,121,122936,卖盘
855,13:28:48,10.16,-0.01,25,25400,卖盘
856,13:28:42,10.17,--,50,50850,买盘
857,13:28:33,10.17,--,162,164754,卖盘
858,13:28:28,10.17,--,24,24408,卖盘
859,13:28:18,10.17,--,28,28476,卖盘
860,13:28:13,10.17,--,12,12204,卖盘
861,13:28:06,10.17,--,300,305100,卖盘
862,13:28:03,10.17,--,3,3051,卖盘
863,13:27:58,10.17,--,105,106785,卖盘
864,13:27:51,10.17,--,2,2034,卖盘
865,13:27:48,10.17,--,5,5085,卖盘
866,13:27:36,10.17,-0.01,73,74241,卖盘
867,13:27:33,10.18,0.01,184,187312,买盘
868,13:27:27,10.17,--,44,44748,买盘
869,13:27:18,10.17,--,7,7119,卖盘
870,13:27:06,10.17,0.01,3,3051,买盘
871,13:27:03,10.16,-0.01,3,3048,卖盘
872,13:26:51,10.17,0.01,99,100683,买盘
873,13:26:48,10.16,-0.01,2,2032,卖盘
874,13:26:42,10.17,0.01,10,10170,买盘
875,13:26:33,10.16,--,2,2032,卖盘
876,13:26:18,10.16,--,0,0,卖盘
877,13:26:12,10.16,--,3,3048,卖盘
878,13:25:51,10.16,-0.02,3,3048,卖盘
879,13:25:43,10.18,0.03,88,89584,买盘
880,13:25:36,10.15,-0.03,31,31465,卖盘
881,13:25:33,10.18,--,9,9162,买盘
882,13:25:27,10.18,0.03,139,141502,买盘
883,13:25:22,10.15,--,0,0,卖盘
884,13:25:18,10.15,-0.01,362,367633,卖盘
885,13:25:13,10.16,-0.01,10,10160,卖盘
886,13:24:58,10.17,0.01,313,318321,买盘
887,13:24:51,10.16,--,1000,1016000,卖盘
888,13:24:42,10.16,-0.01,34,34544,卖盘
889,13:24:27,10.17,0.01,26,26442,买盘
890,13:24:12,10.16,--,3,3048,卖盘
891,13:23:57,10.16,-0.01,269,273304,卖盘
892,13:23:51,10.17,--,21,21357,卖盘
893,13:23:42,10.17,-0.01,44,44748,卖盘
894,13:23:37,10.18,0.01,1,1018,买盘
895,13:23:27,10.17,--,10,10170,卖盘
896,13:23:21,10.17,--,10,10170,卖盘
897,13:23:15,10.17,--,18,18306,卖盘
898,13:23:12,10.17,--,240,244080,买盘
899,13:23:00,10.17,--,300,305100,卖盘
900,13:22:57,10.17,--,542,551214,卖盘
901,13:22:42,10.17,--,12,12204,卖盘
902,13:22:37,10.17,--,53,53901,卖盘
903,13:22:31,10.17,--,20,20340,卖盘
904,13:22:27,10.17,-0.01,14,14238,卖盘
905,13:22:21,10.18,0.01,18,18324,买盘
906,13:22:12,10.17,--,17,17289,买盘
907,13:22:06,10.17,--,70,71190,卖盘
908,13:21:57,10.17,--,3,3051,卖盘
909,13:21:51,10.17,-0.01,40,40680,卖盘
910,13:21:42,10.18,--,51,51918,买盘
911,13:21:36,10.18,--,70,71260,买盘
912,13:21:27,10.18,0.01,1,1018,买盘
913,13:21:21,10.17,0.01,30,30510,买盘
914,13:21:15,10.16,--,4,4064,卖盘
915,13:21:06,10.16,-0.02,4,4064,卖盘
916,13:20:57,10.18,0.02,381,388672,买盘
917,13:20:51,10.16,-0.01,814,827227,卖盘
918,13:20:45,10.17,-0.01,2,2034,卖盘
919,13:20:42,10.18,--,10,10180,买盘
920,13:20:36,10.18,--,62,63116,买盘
921,13:20:30,10.18,--,1,1018,买盘
922,13:20:27,10.18,--,34,34612,买盘
923,13:20:21,10.18,0.01,69,71056,买盘
924,13:20:15,10.17,--,60,61020,买盘
925,13:20:12,10.17,--,57,57969,买盘
926,13:20:06,10.17,0.01,175,177975,买盘
927,13:19:57,10.16,--,23,23368,卖盘
928,13:19:51,10.16,--,28,28448,买盘
929,13:19:45,10.16,--,5,5080,买盘
930,13:19:42,10.16,-0.01,567,576072,卖盘
931,13:19:36,10.17,--,268,272556,买盘
932,13:19:30,10.17,--,5,5085,买盘
933,13:19:27,10.17,--,70,71190,买盘
934,13:19:22,10.17,--,310,315270,买盘
935,13:19:12,10.17,--,206,209502,买盘
936,13:19:06,10.17,--,22,22374,买盘
937,13:18:57,10.17,0.01,534,543078,买盘
938,13:18:51,10.16,0.01,460,467360,买盘
939,13:18:36,10.15,0.01,822,834330,买盘
940,13:18:26,10.14,-0.01,3,3042,卖盘
941,13:18:21,10.15,0.01,1,1015,买盘
942,13:18:11,10.14,--,2,2028,卖盘
943,13:18:06,10.14,--,3,3042,卖盘
944,13:17:51,10.14,--,324,328941,卖盘
945,13:17:26,10.14,0.01,50,51511,买盘
946,13:17:21,10.13,-0.01,200,202600,卖盘
947,13:17:00,10.14,--,1,1014,卖盘
948,13:16:51,10.14,-0.01,327,331983,卖盘
949,13:16:36,10.15,--,146,148190,买盘
950,13:16:30,10.15,0.01,1,1015,买盘
951,13:16:21,10.14,--,5,5070,卖盘
952,13:16:15,10.14,--,3,3042,卖盘
953,13:16:06,10.14,--,23,23930,买盘
954,13:15:51,10.14,--,308,312920,卖盘
955,13:15:45,10.14,--,5,5070,卖盘
956,13:15:36,10.14,-0.01,3,3042,卖盘
957,13:15:21,10.15,0.01,41,41615,买盘
958,13:15:09,10.14,--,20,20280,卖盘
959,13:15:06,10.14,-0.01,3,3042,卖盘
960,13:15:00,10.15,0.01,10,10150,买盘
961,13:14:50,10.14,--,321,325899,卖盘
962,13:14:30,10.14,--,5,5070,卖盘
963,13:14:24,10.14,--,15,15210,卖盘
964,13:14:15,10.14,--,2,2028,卖盘
965,13:14:09,10.14,-0.01,3,3042,卖盘
966,13:14:00,10.15,--,25,25375,买盘
967,13:13:51,10.15,0.01,341,346521,买盘
968,13:13:45,10.14,--,18,18252,卖盘
969,13:13:36,10.14,--,3,3042,卖盘
970,13:13:30,10.14,-0.01,16,17035,卖盘
971,13:13:24,10.15,--,50,50750,买盘
972,13:13:21,10.15,--,116,117740,卖盘
973,13:13:15,10.15,--,7,7105,卖盘
974,13:13:09,10.15,--,4,4060,卖盘
975,13:12:54,10.15,--,2,2030,中性盘
976,13:12:51,10.15,--,64,64960,买盘
977,13:12:39,10.15,0.01,54,54810,买盘
978,13:12:36,10.14,-0.01,50,50700,卖盘
979,13:12:15,10.15,0.01,60,60900,买盘
980,13:12:06,10.14,-0.01,3,3042,卖盘
981,13:11:51,10.15,0.01,49,49735,买盘
982,13:11:39,10.14,--,2,2028,卖盘
983,13:11:36,10.14,--,2,2028,卖盘
984,13:11:30,10.14,-0.01,44,44616,卖盘
985,13:11:24,10.15,-0.01,10,10150,卖盘
986,13:11:15,10.16,0.02,48,48768,买盘
987,13:11:00,10.14,--,0,0,卖盘
988,13:10:54,10.14,-0.02,22,22308,卖盘
989,13:10:51,10.16,--,34,34544,买盘
990,13:10:45,10.16,0.02,86,87376,买盘
991,13:10:39,10.14,--,59,59826,卖盘
992,13:10:35,10.14,-0.02,3,3042,卖盘
993,13:10:24,10.16,0.02,33,33528,买盘
994,13:10:20,10.14,-0.02,6,6084,卖盘
995,13:10:15,10.16,0.01,56,56896,买盘
996,13:09:54,10.15,0.01,60,60900,买盘
997,13:09:45,10.14,0.01,33,34273,买盘
998,13:09:39,10.13,-0.01,3,3039,卖盘
999,13:09:30,10.14,0.01,4,4056,买盘
1000,13:09:24,10.13,--,1,1013,卖盘
1001,13:09:05,10.13,-0.01,5,5065,卖盘
1002,13:09:00,10.14,--,29,29406,买盘
1003,13:08:54,10.14,-0.01,254,258164,卖盘
1004,13:08:49,10.15,0.01,2,2030,买盘
1005,13:08:45,10.14,--,3,3042,卖盘
1006,13:08:39,10.14,-0.02,31,31434,卖盘
1007,13:08:15,10.16,0.01,87,88392,买盘
1008,13:08:09,10.15,-0.01,3,3045,中性盘
1009,13:08:00,10.16,0.02,20,20320,买盘
1010,13:07:54,10.14,--,321,325899,卖盘
1011,13:07:48,10.14,--,0,0,卖盘
1012,13:07:45,10.14,-0.01,635,643890,卖盘
1013,13:07:39,10.15,0.01,343,348145,买盘
1014,13:07:33,10.14,-0.01,3,3042,卖盘
1015,13:07:30,10.15,--,19,19285,买盘
1016,13:07:24,10.15,--,5,5075,买盘
1017,13:07:18,10.15,--,162,164430,买盘
1018,13:07:14,10.15,--,46,46690,买盘
1019,13:07:09,10.15,--,62,62930,买盘
1020,13:06:59,10.15,0.01,330,335356,买盘
1021,13:06:54,10.14,-0.01,14,14196,卖盘
1022,13:06:48,10.15,--,28,28420,买盘
1023,13:06:45,10.15,0.01,1,1015,买盘
1024,13:06:39,10.14,-0.01,53,53742,卖盘
1025,13:06:33,10.15,0.01,7,7105,买盘
1026,13:06:30,10.14,--,1,1014,卖盘
1027,13:06:24,10.14,-0.01,124,125736,卖盘
1028,13:06:18,10.15,--,18,18270,买盘
1029,13:06:15,10.15,0.01,184,186760,买盘
1030,13:06:09,10.14,--,16,16224,买盘
1031,13:06:03,10.14,--,53,53742,买盘
1032,13:06:00,10.14,--,56,56784,买盘
1033,13:05:54,10.14,-0.01,39,39546,卖盘
1034,13:05:48,10.15,0.01,1,1015,买盘
1035,13:05:39,10.14,--,33,33462,卖盘
1036,13:05:29,10.14,--,5,5070,买盘
1037,13:05:24,10.14,--,18,18252,买盘
1038,13:05:18,10.14,0.01,1,1014,买盘
1039,13:05:15,10.13,--,108,109404,卖盘
1040,13:05:09,10.13,--,1,1013,卖盘
1041,13:05:00,10.13,--,0,0,卖盘
1042,13:04:54,10.13,--,353,357994,卖盘
1043,13:04:48,10.13,-0.01,20,20260,卖盘
1044,13:04:45,10.14,0.01,478,484692,买盘
1045,13:04:33,10.13,-0.01,3,3039,卖盘
1046,13:04:30,10.14,0.01,1,1014,买盘
1047,13:04:24,10.13,--,3,3039,卖盘
1048,13:04:15,10.13,--,30,30390,卖盘
1049,13:03:45,10.13,-0.01,3,3039,卖盘
1050,13:03:33,10.14,0.01,1,1014,买盘
1051,13:03:03,10.13,--,3,3039,卖盘
1052,13:02:59,10.13,--,21,21273,卖盘
1053,13:02:54,10.13,--,12,12156,卖盘
1054,13:02:48,10.13,--,28,28364,卖盘
1055,13:02:44,10.13,-0.01,3,3039,卖盘
1056,13:02:24,10.14,0.01,1,1014,买盘
1057,13:02:09,10.13,--,3,3039,卖盘
1058,13:01:39,10.13,--,15,15195,卖盘
1059,13:01:33,10.13,-0.01,5,5065,卖盘
1060,13:01:09,10.14,0.01,184,186576,买盘
1061,13:01:03,10.13,--,4,4052,卖盘
1062,13:00:59,10.13,-0.01,2,2026,卖盘
1063,13:00:48,10.14,0.01,27,27378,买盘
1064,13:00:09,10.13,-0.01,16,16208,卖盘
1065,13:00:03,10.14,--,49,49686,买盘
1066,11:30:00,10.14,--,0,0,买盘
1067,11:30:00,10.14,--,0,0,买盘
1068,11:30:00,10.14,--,4,4056,买盘
1069,11:29:58,10.14,--,152,154128,买盘
1070,11:29:40,10.14,--,1,1014,买盘
1071,11:29:34,10.14,0.01,1,1014,买盘
1072,11:29:25,10.13,-0.01,103,104339,卖盘
1073,11:28:40,10.14,0.01,31,31434,买盘
1074,11:28:34,10.13,--,3,3039,卖盘
1075,11:28:28,10.13,0.01,20,20827,买盘
1076,11:28:24,10.12,-0.01,4,4047,卖盘
1077,11:28:10,10.13,-0.01,1,1013,中性盘
1078,11:28:04,10.14,0.02,266,269724,买盘
1079,11:27:43,10.12,-0.01,131,133351,卖盘
1080,11:27:40,10.13,--,10,10130,卖盘
1081,11:27:19,10.13,-0.01,20,20260,卖盘
1082,11:27:10,10.14,0.01,1,1014,买盘
1083,11:27:04,10.13,--,3,3039,卖盘
1084,11:26:58,10.13,--,2,2026,卖盘
1085,11:26:55,10.13,-0.01,23,23299,卖盘
1086,11:26:34,10.14,--,46,46644,买盘
1087,11:26:25,10.14,--,1,1014,买盘
1088,11:26:19,10.14,0.01,185,187590,买盘
1089,11:26:10,10.13,--,7,7323,买盘
1090,11:26:04,10.13,--,348,352524,买盘
1091,11:25:58,10.13,0.01,18,18234,买盘
1092,11:25:49,10.12,-0.01,30,30359,卖盘
1093,11:25:43,10.13,0.01,18,18234,买盘
1094,11:25:34,10.12,--,21,21252,卖盘
1095,11:25:19,10.12,-0.01,1,1011,卖盘
1096,11:24:58,10.13,0.02,18,18234,买盘
1097,11:24:48,10.11,-0.02,3,3033,卖盘
1098,11:24:43,10.13,0.01,2,2026,买盘
1099,11:24:39,10.12,0.01,1,1011,买盘
1100,11:24:28,10.11,--,321,324935,卖盘
1101,11:24:04,10.11,-0.01,13,13143,卖盘
1102,11:23:58,10.12,0.01,6,6071,买盘
1103,11:23:54,10.11,-0.01,4,4044,卖盘
1104,11:23:49,10.12,--,50,50599,买盘
1105,11:23:43,10.12,--,1432,1449963,卖盘
1106,11:23:28,10.12,-0.01,321,325256,卖盘
1107,11:23:24,10.13,--,55,55715,买盘
1108,11:23:19,10.13,--,23,23299,买盘
1109,11:23:04,10.13,--,22,22286,买盘
1110,11:22:58,10.13,0.01,1,1013,买盘
1111,11:22:49,10.12,-0.01,3,3035,卖盘
1112,11:22:43,10.13,--,1,1013,买盘
1113,11:22:39,10.13,0.01,4,4052,买盘
1114,11:22:34,10.12,--,3,3035,卖盘
1115,11:22:28,10.12,-0.01,343,347520,卖盘
1116,11:22:13,10.13,0.01,1,1013,买盘
1117,11:21:58,10.12,--,500,505999,卖盘
1118,11:21:52,10.12,--,247,249963,卖盘
1119,11:21:43,10.12,-0.01,303,306636,卖盘
1120,11:21:28,10.13,0.01,546,553503,买盘
1121,11:21:22,10.12,-0.01,3,3035,卖盘
1122,11:21:13,10.13,0.01,1,1013,买盘
1123,11:21:03,10.12,--,162,163974,买盘
1124,11:20:48,10.12,--,50,50599,买盘
1125,11:20:37,10.12,--,5,5060,买盘
1126,11:20:28,10.12,-0.01,107,108658,卖盘
1127,11:20:07,10.13,--,1,1013,买盘
1128,11:20:03,10.13,0.01,1516,1535708,买盘
1129,11:19:34,10.12,-0.01,14,14167,卖盘
1130,11:19:28,10.13,--,1,1043,买盘
1131,11:19:13,10.13,0.01,316,320108,买盘
1132,11:18:58,10.12,-0.01,20,20240,卖盘
1133,11:18:43,10.13,--,16,16208,买盘
1134,11:18:37,10.13,0.01,1,1013,买盘
1135,11:18:28,10.12,--,127,129131,买盘
1136,11:18:13,10.12,--,30,30359,买盘
1137,11:18:07,10.12,--,17,17204,买盘
1138,11:18:03,10.12,--,100,101199,买盘
1139,11:17:58,10.12,--,1408,1425300,卖盘
1140,11:17:48,10.12,-0.01,3,3035,卖盘
1141,11:17:43,10.13,--,578,585514,买盘
1142,11:17:37,10.13,--,16,16208,买盘
1143,11:17:22,10.13,0.01,187,189431,买盘
1144,11:17:18,10.12,-0.01,52,52826,卖盘
1145,11:17:07,10.13,--,2,2026,买盘
1146,11:17:03,10.13,--,11,11143,买盘
1147,11:16:58,10.13,0.01,2,2026,买盘
1148,11:16:52,10.12,-0.01,325,329304,卖盘
1149,11:16:43,10.13,--,22,22286,买盘
1150,11:16:37,10.13,0.01,4,4052,买盘
1151,11:16:22,10.12,--,5,5060,卖盘
1152,11:16:13,10.12,--,239,241867,买盘
1153,11:15:52,10.12,-0.01,82,83388,卖盘
1154,11:15:43,10.13,--,2,2026,买盘
1155,11:15:37,10.13,--,11,11143,买盘
1156,11:15:28,10.13,--,28,28364,买盘
1157,11:15:22,10.13,0.01,60,60780,买盘
1158,11:15:16,10.12,--,10,10120,卖盘
1159,11:15:13,10.12,--,56,57279,买盘
1160,11:15:07,10.12,--,152,153824,买盘
1161,11:14:52,10.12,--,144,146537,卖盘
1162,11:14:37,10.12,--,300,303802,买盘
1163,11:14:31,10.12,--,163,164956,买盘
1164,11:14:27,10.12,-0.01,76,77721,卖盘
1165,11:14:22,10.13,0.01,8,8306,买盘
1166,11:14:12,10.12,--,54,54647,买盘
1167,11:14:07,10.12,--,193,195315,买盘
1168,11:14:01,10.12,--,28,28335,买盘
1169,11:13:52,10.12,--,335,339424,买盘
1170,11:13:46,10.12,0.01,5,5060,买盘
1171,11:13:36,10.11,-0.01,3,3033,卖盘
1172,11:13:27,10.12,0.01,4,4047,买盘
1173,11:13:16,10.11,-0.01,3,3033,卖盘
1174,11:13:12,10.12,0.01,29,29347,买盘
1175,11:12:52,10.11,--,321,324935,卖盘
1176,11:12:43,10.11,-0.01,192,194112,卖盘
1177,11:12:28,10.12,0.01,200,202399,买盘
1178,11:12:22,10.11,-0.01,6,6066,卖盘
1179,11:12:12,10.12,0.01,160,161920,买盘
1180,11:12:07,10.11,-0.01,1266,1279926,卖盘
1181,11:11:52,10.12,--,12,12143,买盘
1182,11:11:42,10.12,--,2,2023,买盘
1183,11:11:37,10.12,--,40,40480,买盘
1184,11:11:27,10.12,--,9,9108,买盘
1185,11:11:22,10.12,0.01,101,102211,买盘
1186,11:11:07,10.11,-0.01,13,13143,卖盘
1187,11:10:51,10.12,--,10,10120,买盘
1188,11:10:46,10.12,--,3,3035,买盘
1189,11:10:37,10.12,--,9,9108,买盘
1190,11:10:22,10.12,--,68,68816,买盘
1191,11:10:16,10.12,--,2,2023,买盘
1192,11:10:12,10.12,--,160,161920,买盘
1193,11:10:06,10.12,--,4,4047,买盘
1194,11:10:01,10.12,0.01,30,30359,买盘
1195,11:09:52,10.11,-0.01,10,10110,卖盘
1196,11:09:46,10.12,0.01,1,1011,买盘
1197,11:09:27,10.11,-0.01,1,1011,卖盘
1198,11:09:22,10.12,--,60,60719,买盘
1199,11:09:06,10.12,--,41,41492,买盘
1200,11:09:00,10.12,--,9,9108,买盘
1201,11:08:57,10.12,0.01,35,35420,买盘
1202,11:08:52,10.11,--,144,145584,卖盘
1203,11:08:46,10.11,-0.01,100,101100,卖盘
1204,11:08:37,10.12,0.01,115,116379,买盘
1205,11:08:31,10.11,0.01,106,107974,买盘
1206,11:08:21,10.1,-0.01,3,3030,卖盘
1207,11:08:16,10.11,--,5,5055,卖盘
1208,11:08:01,10.11,--,50,50550,买盘
1209,11:07:55,10.11,--,58,58638,买盘
1210,11:07:52,10.11,--,146,147606,卖盘
1211,11:07:36,10.11,-0.01,7,7077,卖盘
1212,11:07:21,10.12,--,66,66792,买盘
1213,11:07:15,10.12,--,9,9108,买盘
1214,11:07:06,10.12,0.01,186,188232,买盘
1215,11:07:01,10.11,--,10,10110,买盘
1216,11:06:51,10.11,--,34,34374,买盘
1217,11:06:45,10.11,--,28,28955,买盘
1218,11:06:40,10.11,--,27,27297,买盘
1219,11:06:36,10.11,--,9,9099,买盘
1220,11:06:31,10.11,--,1,1011,买盘
1221,11:06:21,10.11,--,56,56616,买盘
1222,11:06:16,10.11,--,2,2022,买盘
1223,11:06:06,10.11,--,3,3396,卖盘
1224,11:05:45,10.11,--,30,30330,卖盘
1225,11:05:40,10.11,-0.01,200,202200,卖盘
1226,11:05:36,10.12,0.01,95,96443,买盘
1227,11:05:31,10.11,--,12,12132,卖盘
1228,11:05:25,10.11,--,10,10110,卖盘
1229,11:05:21,10.11,--,3,3033,卖盘
1230,11:05:16,10.11,--,2000,2022000,卖盘
1231,11:05:10,10.11,-0.01,50,50550,卖盘
1232,11:05:06,10.12,--,1,1011,买盘
1233,11:04:55,10.12,0.01,100,101199,买盘
1234,11:04:46,10.11,-0.01,12,12132,卖盘
1235,11:04:36,10.12,0.01,53,53635,买盘
1236,11:04:31,10.11,--,3,3033,卖盘
1237,11:04:15,10.11,--,257,259826,卖盘
1238,11:04:10,10.11,--,1,1011,卖盘
1239,11:04:06,10.11,--,20,20220,卖盘
1240,11:04:01,10.11,--,187,189360,卖盘
1241,11:03:55,10.11,--,145,146595,卖盘
1242,11:03:45,10.11,--,36,36396,卖盘
1243,11:03:40,10.11,--,130,131430,卖盘
1244,11:03:36,10.11,--,36,36396,卖盘
1245,11:03:31,10.11,-0.01,119,120309,卖盘
1246,11:03:25,10.12,0.01,26,26311,买盘
1247,11:03:21,10.11,-0.01,75,75825,卖盘
1248,11:03:10,10.12,0.01,1,1011,买盘
1249,11:03:06,10.11,--,31,31341,卖盘
1250,11:03:01,10.11,--,28,28308,卖盘
1251,11:02:55,10.11,--,59,59649,卖盘
1252,11:02:51,10.11,--,85,85935,卖盘
1253,11:02:46,10.11,--,92,93911,卖盘
1254,11:02:31,10.11,--,24,24264,卖盘
1255,11:02:21,10.11,--,5,5055,卖盘
1256,11:02:10,10.11,--,3,3639,卖盘
1257,11:02:06,10.11,-0.01,2000,2022000,卖盘
1258,11:02:01,10.12,--,114,115367,买盘
1259,11:01:51,10.12,--,4,4047,买盘
1260,11:01:46,10.12,0.01,72,72864,买盘
1261,11:01:36,10.11,-0.01,6,6066,卖盘
1262,11:01:05,10.12,0.01,29,29347,买盘
1263,11:01:00,10.11,--,22,22242,卖盘
1264,11:00:54,10.11,-0.01,3,3033,卖盘
1265,11:00:46,10.12,--,10,10120,买盘
1266,11:00:40,10.12,0.01,91,92092,买盘
1267,11:00:31,10.11,--,90,90990,卖盘
1268,11:00:25,10.11,--,23,23253,卖盘
1269,11:00:09,10.11,-0.01,115,117104,卖盘
1270,11:00:04,10.12,--,33,33396,买盘
1271,10:59:45,10.12,--,32,32383,买盘
1272,10:59:40,10.12,--,36,36432,买盘
1273,10:59:33,10.12,--,98,99175,买盘
1274,10:59:30,10.12,0.01,13,13155,买盘
1275,10:59:15,10.11,-0.01,3,3033,卖盘
1276,10:59:10,10.12,0.01,81,81972,买盘
1277,10:59:03,10.11,-0.01,203,205233,卖盘
1278,10:59:00,10.12,0.01,7,7083,买盘
1279,10:58:45,10.11,--,5,5055,卖盘
1280,10:58:39,10.11,--,33,33363,卖盘
1281,10:58:33,10.11,-0.01,3,3033,卖盘
1282,10:58:15,10.12,0.01,14,14167,买盘
1283,10:57:54,10.11,-0.02,782,790602,卖盘
1284,10:57:45,10.13,0.01,231,234003,买盘
1285,10:57:40,10.12,-0.01,4,4047,卖盘
1286,10:57:30,10.13,0.01,10,10130,买盘
1287,10:57:25,10.12,--,10,10120,卖盘
1288,10:57:15,10.12,-0.01,42,42504,卖盘
1289,10:57:10,10.13,0.01,10,10130,买盘
1290,10:57:04,10.12,--,33,33396,卖盘
1291,10:57:00,10.12,--,4,4047,卖盘
1292,10:56:54,10.12,-0.01,36,36432,卖盘
1293,10:56:49,10.13,0.01,1,1013,买盘
1294,10:56:39,10.12,0.01,234,237405,买盘
1295,10:56:34,10.11,-0.01,3,3033,卖盘
1296,10:56:25,10.12,--,28,28335,买盘
1297,10:56:18,10.12,--,29,29347,买盘
1298,10:56:15,10.12,--,88,89056,买盘
1299,10:56:10,10.12,0.01,1,1011,买盘
1300,10:56:04,10.11,--,2182,2206002,卖盘
1301,10:55:54,10.11,--,4,4044,卖盘
1302,10:55:49,10.11,0.01,123,124484,买盘
1303,10:55:33,10.1,--,22,22220,卖盘
1304,10:55:30,10.1,-0.01,50,50500,卖盘
1305,10:55:25,10.11,0.01,12,12132,买盘
1306,10:55:19,10.1,--,4,4040,买盘
1307,10:55:10,10.1,--,400,404000,买盘
1308,10:55:03,10.1,-0.01,1651,1667510,卖盘
1309,10:55:00,10.11,--,184,186024,买盘
1310,10:54:55,10.11,--,88,88968,买盘
1311,10:54:49,10.11,--,62,62682,买盘
1312,10:54:45,10.11,--,50,50550,买盘
1313,10:54:40,10.11,0.01,22,22242,买盘
1314,10:54:34,10.1,-0.01,23,23230,卖盘
1315,10:54:30,10.11,--,8,8088,买盘
1316,10:54:24,10.11,0.01,38,38418,买盘
1317,10:54:19,10.1,--,78,78780,卖盘
1318,10:54:10,10.1,-0.01,3,3030,卖盘
1319,10:54:04,10.11,-0.01,353,357762,卖盘
1320,10:53:55,10.12,0.01,1043,1055516,买盘
1321,10:53:49,10.11,--,50,50550,卖盘
1322,10:53:44,10.11,-0.01,35,35385,卖盘
1323,10:53:39,10.12,0.01,98,99175,买盘
1324,10:53:25,10.11,--,40,40440,卖盘
1325,10:53:19,10.11,--,202,204222,卖盘
1326,10:53:12,10.11,--,30,30330,卖盘
1327,10:53:03,10.11,--,9,9099,卖盘
1328,10:52:54,10.11,--,4,4044,卖盘
1329,10:52:49,10.11,-0.01,10,10110,卖盘
1330,10:52:42,10.12,--,1999,2023402,卖盘
1331,10:52:34,10.12,--,18,18216,卖盘
1332,10:52:24,10.12,--,19,19228,卖盘
1333,10:52:19,10.12,-0.01,58,58695,卖盘
1334,10:52:09,10.13,0.01,16,16208,买盘
1335,10:52:04,10.12,--,5,5060,卖盘
1336,10:51:58,10.12,-0.01,55,55659,卖盘
1337,10:51:54,10.13,0.01,20,20260,买盘
1338,10:51:49,10.12,-0.01,426,431334,卖盘
1339,10:51:39,10.13,--,18,18234,买盘
1340,10:51:28,10.13,--,1903,1928164,卖盘
1341,10:51:24,10.13,--,220,222860,卖盘
1342,10:51:19,10.13,--,3,3039,卖盘
1343,10:51:12,10.13,--,12,12156,卖盘
1344,10:51:03,10.13,--,3,3039,卖盘
1345,10:50:43,10.13,--,37,37481,卖盘
1346,10:50:39,10.13,--,11,11143,卖盘
1347,10:50:34,10.13,--,27,27351,卖盘
1348,10:50:24,10.13,-0.01,122,123808,卖盘
1349,10:50:09,10.14,0.01,13,13182,买盘
1350,10:49:54,10.13,--,733,742529,卖盘
1351,10:49:49,10.13,--,3,3039,卖盘
1352,10:49:42,10.13,--,5,5065,卖盘
1353,10:49:33,10.13,--,3,3039,卖盘
1354,10:49:28,10.13,--,98,99638,买盘
1355,10:49:12,10.13,-0.01,1926,1951686,卖盘
1356,10:49:09,10.14,0.01,740,750725,买盘
1357,10:49:03,10.13,-0.01,4,4052,卖盘
1358,10:48:57,10.14,0.01,2,2028,买盘
1359,10:48:43,10.13,-0.01,5,5065,卖盘
1360,10:48:39,10.14,0.01,20,20280,买盘
1361,10:48:34,10.13,--,4,4052,卖盘
1362,10:48:12,10.13,0.01,76,76988,买盘
1363,10:48:04,10.12,--,5,5060,卖盘
1364,10:47:57,10.12,--,3,3035,卖盘
1365,10:47:54,10.12,--,39,39468,卖盘
1366,10:47:49,10.12,-0.01,12,12143,卖盘
1367,10:47:43,10.13,--,204,206652,买盘
1368,10:47:39,10.13,0.01,34,34442,买盘
1369,10:47:33,10.12,--,20,21049,卖盘
1370,10:47:27,10.12,-0.01,3,3035,卖盘
1371,10:47:19,10.13,0.01,25,25325,买盘
1372,10:47:03,10.12,-0.01,67,68380,卖盘
1373,10:46:57,10.13,0.01,5,5065,买盘
1374,10:46:54,10.12,-0.01,9,9108,卖盘
1375,10:46:49,10.13,--,53,54033,卖盘
1376,10:46:43,10.13,--,2000,2026000,卖盘
1377,10:46:33,10.13,--,8,8104,卖盘
1378,10:46:18,10.13,-0.01,3,3039,卖盘
1379,10:46:12,10.14,0.01,8,8112,买盘
1380,10:46:07,10.13,--,10,10130,卖盘
1381,10:45:57,10.13,--,100,101300,卖盘
1382,10:45:51,10.13,--,89,90157,卖盘
1383,10:45:48,10.13,--,3,3039,卖盘
1384,10:45:43,10.13,--,51,51663,卖盘
1385,10:45:36,10.13,--,100,101300,卖盘
1386,10:45:19,10.13,--,9,9117,卖盘
1387,10:45:03,10.13,--,13,13169,卖盘
1388,10:44:57,10.13,--,379,383927,卖盘
1389,10:44:51,10.13,--,8,8104,卖盘
1390,10:44:42,10.13,-0.01,5,5065,卖盘
1391,10:44:33,10.14,0.01,3,3042,买盘
1392,10:44:27,10.13,-0.01,25,25325,卖盘
1393,10:44:21,10.14,0.01,1,1014,买盘
1394,10:44:18,10.13,--,80,81040,卖盘
1395,10:44:12,10.13,-0.01,41,41533,卖盘
1396,10:43:48,10.14,0.01,115,116610,买盘
1397,10:43:42,10.13,-0.01,4,4052,卖盘
1398,10:43:27,10.14,--,2439,2473794,卖盘
1399,10:43:12,10.14,--,10,10140,卖盘
1400,10:43:06,10.14,-0.01,3,3042,卖盘
1401,10:42:57,10.15,--,51,52333,卖盘
1402,10:42:51,10.15,-0.01,100,101500,卖盘
1403,10:42:48,10.16,0.01,21,21336,买盘
1404,10:42:42,10.15,--,9,9135,卖盘
1405,10:42:36,10.15,--,3,3045,卖盘
1406,10:42:33,10.15,0.01,136,138486,买盘
1407,10:42:27,10.14,--,525,532350,卖盘
1408,10:42:06,10.14,--,123,125168,卖盘
1409,10:42:03,10.14,-0.01,7,7098,卖盘
1410,10:41:48,10.15,0.01,21,21315,买盘
1411,10:41:33,10.14,--,3,3042,卖盘
1412,10:41:27,10.14,-0.01,3,3042,卖盘
1413,10:41:18,10.15,--,25,25375,买盘
1414,10:41:12,10.15,--,833,846063,卖盘
1415,10:41:06,10.15,-0.01,18,18270,卖盘
1416,10:40:57,10.16,--,26,26416,买盘
1417,10:40:51,10.16,--,2,2032,买盘
1418,10:40:48,10.16,0.01,1,1016,买盘
1419,10:40:42,10.15,--,123,125291,卖盘
1420,10:40:36,10.15,--,3,3045,卖盘
1421,10:40:21,10.15,-0.01,393,398895,卖盘
1422,10:40:06,10.16,0.01,21,21336,买盘
1423,10:40:02,10.15,--,19,19285,卖盘
1424,10:39:57,10.15,-0.01,5,5075,卖盘
1425,10:39:47,10.16,0.01,185,187960,买盘
1426,10:39:42,10.15,--,54,54810,卖盘
1427,10:39:36,10.15,--,32,32480,卖盘
1428,10:39:27,10.15,--,35,35525,卖盘
1429,10:39:21,10.15,--,3,3045,卖盘
1430,10:39:12,10.15,--,13,13195,卖盘
1431,10:39:06,10.15,-0.01,3,3045,卖盘
1432,10:38:45,10.16,0.01,1,1016,买盘
1433,10:38:42,10.15,--,3,3045,卖盘
1434,10:38:27,10.15,0.01,541,549115,买盘
1435,10:38:21,10.14,--,10,10140,卖盘
1436,10:38:06,10.14,--,122,124275,卖盘
1437,10:37:57,10.14,--,4,4056,卖盘
1438,10:37:36,10.14,-0.01,18,18252,卖盘
1439,10:37:27,10.15,--,511,518665,卖盘
1440,10:37:21,10.15,--,104,105560,卖盘
1441,10:37:06,10.15,0.01,89,90335,买盘
1442,10:37:00,10.14,--,14,14196,卖盘
1443,10:36:57,10.14,--,71,71994,卖盘
1444,10:36:51,10.14,--,36,36504,卖盘
1445,10:36:42,10.14,-0.02,50,50700,卖盘
1446,10:36:36,10.16,0.02,1,1016,买盘
1447,10:36:30,10.14,--,51,51714,卖盘
1448,10:36:21,10.14,--,50,50700,卖盘
1449,10:36:06,10.14,--,92,93957,卖盘
1450,10:36:00,10.14,--,18,18252,卖盘
1451,10:35:51,10.14,-0.01,108,109512,卖盘
1452,10:35:45,10.15,--,32,32480,卖盘
1453,10:35:42,10.15,--,51,51765,卖盘
1454,10:35:30,10.15,--,36,36540,卖盘
1455,10:35:27,10.15,--,6,6090,卖盘
1456,10:35:21,10.15,--,3,3045,卖盘
1457,10:35:15,10.15,--,28,28420,卖盘
1458,10:35:06,10.15,--,18,18270,卖盘
1459,10:34:51,10.15,--,4,4060,卖盘
1460,10:34:45,10.15,--,65,65975,卖盘
1461,10:34:36,10.15,--,3,3045,卖盘
1462,10:34:26,10.15,--,20,21274,卖盘
1463,10:34:21,10.15,--,5,5075,卖盘
1464,10:34:15,10.15,0.01,22,22330,卖盘
1465,10:34:12,10.14,--,0,0,卖盘
1466,10:34:06,10.14,-0.02,117,119520,卖盘
1467,10:34:00,10.16,0.01,12,13116,买盘
1468,10:33:57,10.15,--,3,3045,买盘
1469,10:33:51,10.15,--,896,909531,卖盘
1470,10:33:45,10.15,--,3,3045,卖盘
1471,10:33:21,10.15,-0.01,19,19285,卖盘
1472,10:33:15,10.16,--,120,121920,卖盘
1473,10:33:06,10.16,--,3,3048,卖盘
1474,10:32:51,10.16,--,60,60960,卖盘
1475,10:32:45,10.16,0.01,404,410464,买盘
1476,10:32:36,10.15,-0.01,4,4060,卖盘
1477,10:32:21,10.16,0.01,17,17272,买盘
1478,10:32:15,10.15,--,5,5075,卖盘
1479,10:32:00,10.15,--,45,45675,卖盘
1480,10:31:56,10.15,-0.01,245,249263,卖盘
1481,10:31:45,10.16,--,4,4064,买盘
1482,10:31:41,10.16,0.01,224,227584,买盘
1483,10:31:36,10.15,-0.01,3,3045,卖盘
1484,10:31:30,10.16,0.01,40,40640,买盘
1485,10:31:21,10.15,--,50,50750,卖盘
1486,10:31:15,10.15,--,50,50750,卖盘
1487,10:30:45,10.15,--,3,3045,卖盘
1488,10:30:36,10.15,--,100,101500,卖盘
1489,10:30:30,10.15,-0.01,283,288138,卖盘
1490,10:30:21,10.16,0.01,1,1016,买盘
1491,10:30:09,10.15,--,4,4060,卖盘
1492,10:30:06,10.15,--,3,3045,卖盘
1493,10:30:00,10.15,--,32,32480,卖盘
1494,10:29:51,10.15,--,185,188231,买盘
1495,10:29:45,10.15,--,20,20300,买盘
1496,10:29:36,10.15,--,1101,1118073,卖盘
1497,10:29:06,10.15,--,4,4060,卖盘
1498,10:28:51,10.15,-0.01,5,5075,卖盘
1499,10:28:36,10.16,0.01,4,4064,买盘
1500,10:28:30,10.15,--,3,3045,卖盘
1501,10:28:21,10.15,-0.01,257,261819,卖盘
1502,10:28:15,10.16,0.01,1,1016,买盘
1503,10:27:54,10.15,0.01,90,91857,买盘
1504,10:27:51,10.14,-0.01,106,107484,卖盘
1505,10:27:30,10.15,--,1850,1878257,卖盘
1506,10:27:15,10.15,-0.01,3,3045,卖盘
1507,10:27:09,10.16,0.01,50,50800,买盘
1508,10:27:06,10.15,--,3,3045,卖盘
1509,10:26:54,10.15,--,43,43645,卖盘
1510,10:26:51,10.15,--,6,6090,卖盘
1511,10:26:39,10.15,-0.01,7,7105,卖盘
1512,10:26:35,10.16,--,50,50800,买盘
1513,10:26:30,10.16,--,3,3048,买盘
1514,10:26:24,10.16,--,584,593852,买盘
1515,10:26:15,10.16,--,1,1016,买盘
1516,10:26:00,10.16,-0.01,304,308864,卖盘
1517,10:25:54,10.17,--,44,44748,买盘
1518,10:25:45,10.17,0.01,11,11187,买盘
1519,10:25:39,10.16,--,4,4064,卖盘
1520,10:25:35,10.16,--,3,3048,卖盘
1521,10:25:20,10.16,--,66,67056,卖盘
1522,10:25:09,10.16,-0.01,15,15240,卖盘
1523,10:25:00,10.17,0.01,48,48816,买盘
1524,10:24:54,10.16,-0.01,3,3048,卖盘
1525,10:24:45,10.17,--,77,78309,买盘
1526,10:24:35,10.17,--,24,24408,买盘
1527,10:24:30,10.17,0.01,49,49833,买盘
1528,10:24:24,10.16,--,5,5080,卖盘
1529,10:24:15,10.16,--,10,10160,卖盘
1530,10:24:09,10.16,--,43,43688,卖盘
1531,10:24:03,10.16,--,266,270256,买盘
1532,10:24:00,10.16,--,18,18288,买盘
1533,10:23:54,10.16,--,123,124968,买盘
1534,10:23:48,10.16,--,184,186944,买盘
1535,10:23:45,10.16,0.01,29,29464,买盘
1536,10:23:30,10.15,--,10,10150,卖盘
1537,10:23:24,10.15,-0.01,69,70035,卖盘
1538,10:23:18,10.16,0.01,9,9144,买盘
1539,10:23:15,10.15,--,10,10150,卖盘
1540,10:22:54,10.15,--,53,53795,卖盘
1541,10:22:48,10.15,--,5,5075,卖盘
1542,10:22:33,10.15,-0.01,3,3045,卖盘
1543,10:22:29,10.16,0.01,300,304800,买盘
1544,10:22:15,10.15,--,100,101500,卖盘
1545,10:22:03,10.15,--,30,30450,卖盘
1546,10:21:54,10.15,--,23,23345,卖盘
1547,10:21:39,10.15,0.01,18,18270,卖盘
1548,10:21:30,10.14,--,0,0,卖盘
1549,10:21:03,10.14,--,3,3042,卖盘
1550,10:21:00,10.14,--,10,10140,卖盘
1551,10:20:54,10.14,-0.01,5,5070,卖盘
1552,10:20:48,10.15,--,476,483140,买盘
1553,10:20:39,10.15,--,524,531860,卖盘
1554,10:20:29,10.15,-0.01,3,3045,卖盘
1555,10:20:09,10.16,0.01,1,1016,买盘
1556,10:20:03,10.15,--,203,206045,卖盘
1557,10:19:59,10.15,0.01,70,71050,卖盘
1558,10:19:44,10.14,--,0,0,卖盘
1559,10:19:39,10.14,-0.01,3000,3042000,卖盘
1560,10:19:33,10.15,0.01,440,446924,买盘
1561,10:19:29,10.14,-0.01,1,1014,卖盘
1562,10:19:18,10.15,--,5,5075,买盘
1563,10:18:59,10.15,0.01,9,9135,买盘
1564,10:18:48,10.14,-0.01,2,2028,卖盘
1565,10:18:33,10.15,--,553,561985,卖盘
1566,10:18:24,10.15,-0.01,3,3045,卖盘
1567,10:18:18,10.16,0.01,2,2032,买盘
1568,10:18:09,10.15,--,16,16240,卖盘
1569,10:18:03,10.15,--,4,4060,卖盘
1570,10:17:59,10.15,--,64,65081,卖盘
1571,10:17:44,10.15,--,35,35728,买盘
1572,10:17:33,10.15,0.01,500,507500,买盘
1573,10:17:24,10.14,-0.01,13,13182,卖盘
1574,10:17:03,10.15,--,604,613060,卖盘
1575,10:16:53,10.15,--,39,39585,卖盘
1576,10:16:48,10.15,--,18,18270,卖盘
1577,10:16:39,10.15,--,18,18270,卖盘
1578,10:16:33,10.15,--,12,12180,卖盘
1579,10:16:08,10.15,--,581,589715,卖盘
1580,10:16:03,10.15,--,2,2030,卖盘
1581,10:15:57,10.15,--,11,11165,卖盘
1582,10:15:54,10.15,--,19,19285,卖盘
1583,10:15:48,10.15,--,94,95410,卖盘
1584,10:15:12,10.15,--,10,10150,卖盘
1585,10:15:08,10.15,--,40,40600,卖盘
1586,10:15:03,10.15,--,3,3045,卖盘
1587,10:14:53,10.15,-0.01,77,78155,卖盘
1588,10:14:38,10.16,0.01,80,81280,买盘
1589,10:14:23,10.15,--,119,120785,买盘
1590,10:14:12,10.15,--,25,25375,买盘
1591,10:14:08,10.15,--,12,12180,买盘
1592,10:14:03,10.15,--,20,20300,买盘
1593,10:13:57,10.15,-0.01,831,843465,卖盘
1594,10:13:53,10.16,0.01,3,3048,买盘
1595,10:13:42,10.15,-0.01,5,5075,卖盘
1596,10:13:38,10.16,0.01,24,24384,买盘
1597,10:13:33,10.15,-0.01,189,191835,卖盘
1598,10:13:27,10.16,0.01,50,50800,买盘
1599,10:13:23,10.15,--,31,31465,卖盘
1600,10:13:18,10.15,--,2,2030,卖盘
1601,10:12:48,10.15,-0.01,5,5075,卖盘
1602,10:12:42,10.16,0.01,184,186944,买盘
1603,10:12:38,10.15,--,10,10150,卖盘
1604,10:12:27,10.15,-0.01,5,5075,卖盘
1605,10:12:18,10.16,--,9,9144,买盘
1606,10:12:12,10.16,0.01,9,9144,买盘
1607,10:12:03,10.15,--,55,55825,卖盘
1608,10:11:57,10.15,0.01,2,2030,卖盘
1609,10:11:48,10.14,--,0,0,卖盘
1610,10:11:33,10.14,-0.01,110,111540,卖盘
1611,10:11:27,10.15,-0.01,20,20300,卖盘
1612,10:11:08,10.16,0.01,74,75184,买盘
1613,10:11:02,10.15,--,7,7105,卖盘
1614,10:10:57,10.15,-0.01,9,9744,买盘
1615,10:10:42,10.16,--,106,107696,买盘
1616,10:10:38,10.16,0.02,100,101600,买盘
1617,10:10:32,10.14,-0.01,12,12168,卖盘
1618,10:10:12,10.15,-0.01,1941,1970115,卖盘
1619,10:10:02,10.16,--,30,30480,买盘
1620,10:09:57,10.16,--,44,44704,买盘
1621,10:09:47,10.16,0.01,33,33528,买盘
1622,10:09:42,10.15,-0.01,28,28420,卖盘
1623,10:09:27,10.16,--,19,19304,买盘
1624,10:09:18,10.16,0.01,31,31496,买盘
1625,10:09:02,10.15,-0.01,3,3045,卖盘
1626,10:08:57,10.16,0.01,1,1016,买盘
1627,10:08:51,10.15,--,567,575505,卖盘
1628,10:08:48,10.15,--,6,6090,卖盘
1629,10:08:32,10.15,--,225,228375,卖盘
1630,10:08:27,10.15,--,13,13195,卖盘
1631,10:08:17,10.15,--,16,16240,卖盘
1632,10:08:06,10.15,--,30,30450,卖盘
1633,10:08:02,10.15,0.01,412,418180,买盘
1634,10:07:51,10.14,--,32,32448,卖盘
1635,10:07:47,10.14,--,16,16224,卖盘
1636,10:07:42,10.14,--,10,10140,卖盘
1637,10:07:32,10.14,--,3,3042,卖盘
1638,10:07:27,10.14,--,4,4056,卖盘
1639,10:07:12,10.14,--,2,2028,卖盘
1640,10:07:06,10.14,--,34,34476,卖盘
1641,10:07:02,10.14,--,100,101400,卖盘
1642,10:06:36,10.14,-0.01,32,32448,卖盘
1643,10:06:27,10.15,--,11,11165,买盘
1644,10:06:21,10.15,0.01,10,10150,买盘
1645,10:06:17,10.14,--,42,42588,卖盘
1646,10:06:06,10.14,--,5,5070,卖盘
1647,10:06:02,10.14,-0.01,13,13182,卖盘
1648,10:05:57,10.15,0.01,3,3045,买盘
1649,10:05:47,10.14,--,2,2028,卖盘
1650,10:05:42,10.14,--,133,134862,卖盘
1651,10:05:21,10.14,--,18,18252,卖盘
1652,10:05:17,10.14,--,34,34476,卖盘
1653,10:05:06,10.14,--,32,32448,卖盘
1654,10:05:02,10.14,-0.01,62,62868,卖盘
1655,10:04:57,10.15,--,40,40600,买盘
1656,10:04:47,10.15,--,46,46690,买盘
1657,10:04:42,10.15,0.01,185,187775,买盘
1658,10:04:36,10.14,--,3,3042,卖盘
1659,10:04:26,10.14,--,34,34476,卖盘
1660,10:04:21,10.14,--,10,10140,卖盘
1661,10:04:17,10.14,-0.01,43,43602,卖盘
1662,10:04:06,10.15,0.01,20,20300,买盘
1663,10:03:47,10.14,-0.01,30,30420,卖盘
1664,10:03:31,10.15,0.01,60,60900,买盘
1665,10:03:27,10.14,-0.01,33,33462,卖盘
1666,10:03:11,10.15,--,30,30450,卖盘
1667,10:03:06,10.15,--,67,68005,买盘
1668,10:03:02,10.15,--,20,20300,买盘
1669,10:02:56,10.15,--,19,19285,买盘
1670,10:02:51,10.15,--,140,142100,卖盘
1671,10:02:46,10.15,--,97,98455,买盘
1672,10:02:41,10.15,0.01,22,22330,买盘
1673,10:02:36,10.14,-0.01,104,105456,卖盘
1674,10:02:30,10.15,--,5,5075,买盘
1675,10:02:26,10.15,--,202,205030,买盘
1676,10:02:15,10.15,0.01,133,134995,买盘
1677,10:02:11,10.14,--,69,69966,卖盘
1678,10:02:06,10.14,-0.01,79,80106,卖盘
1679,10:02:00,10.15,0.01,124,125860,买盘
1680,10:01:56,10.14,-0.01,43,43602,卖盘
1681,10:01:45,10.15,--,9,9135,买盘
1682,10:01:41,10.15,0.01,21,21315,买盘
1683,10:01:36,10.14,--,11,11154,卖盘
1684,10:01:26,10.14,--,144,146016,卖盘
1685,10:01:06,10.14,--,51,51714,卖盘
1686,10:00:51,10.14,--,18,18252,卖盘
1687,10:00:41,10.14,--,3,3042,卖盘
1688,10:00:21,10.14,-0.01,21,21294,卖盘
1689,10:00:11,10.15,--,61,61915,买盘
1690,10:00:06,10.15,--,136,138040,买盘
1691,10:00:00,10.15,0.01,9,9135,买盘
1692,09:59:56,10.14,-0.01,21,21294,中性盘
1693,09:59:51,10.15,0.01,381,386715,买盘
1694,09:59:45,10.14,--,50,50700,买盘
1695,09:59:41,10.14,--,133,134862,买盘
1696,09:59:36,10.14,--,9,9126,买盘
1697,09:59:26,10.14,0.01,19,19266,买盘
1698,09:59:21,10.13,--,35,35455,卖盘
1699,09:59:15,10.13,--,20,20260,卖盘
1700,09:59:06,10.13,--,26,26338,卖盘
1701,09:58:56,10.13,--,28,28364,卖盘
1702,09:58:45,10.13,--,50,50650,卖盘
1703,09:58:41,10.13,--,39,39507,卖盘
1704,09:58:30,10.13,-0.01,88,89144,卖盘
1705,09:58:20,10.14,0.01,20,20280,买盘
1706,09:58:15,10.13,-0.01,55,55715,卖盘
1707,09:58:11,10.14,--,2,2028,买盘
1708,09:57:50,10.14,0.01,218,221052,买盘
1709,09:57:35,10.13,-0.01,12,12156,卖盘
1710,09:57:30,10.14,--,10,10140,买盘
1711,09:57:26,10.14,0.01,50,50700,买盘
1712,09:57:21,10.13,-0.01,31,31403,卖盘
1713,09:57:15,10.14,0.01,82,83148,买盘
1714,09:57:00,10.13,--,33,33429,卖盘
1715,09:56:50,10.13,-0.01,6,6078,卖盘
1716,09:56:45,10.14,0.01,41,41574,买盘
1717,09:56:41,10.13,--,155,157015,卖盘
1718,09:56:30,10.13,--,50,50650,卖盘
1719,09:56:25,10.13,--,32,32416,卖盘
1720,09:56:20,10.13,--,9,9117,卖盘
1721,09:56:15,10.13,-0.01,7,7091,卖盘
1722,09:56:05,10.14,0.01,270,273780,买盘
1723,09:56:00,10.13,--,128,129664,卖盘
1724,09:55:50,10.13,--,32,32416,卖盘
1725,09:55:40,10.13,-0.01,20,20260,卖盘
1726,09:55:35,10.14,0.01,10,10140,买盘
1727,09:55:30,10.13,-0.01,9,9117,卖盘
1728,09:55:24,10.14,0.01,4,4056,买盘
1729,09:55:20,10.13,-0.01,53,53689,卖盘
1730,09:55:15,10.14,--,34,34476,买盘
1731,09:55:09,10.14,--,1,1014,买盘
1732,09:55:06,10.14,--,140,141960,买盘
1733,09:55:00,10.14,--,20,20280,买盘
1734,09:54:54,10.14,0.01,10,10140,买盘
1735,09:54:50,10.13,-0.01,126,127638,卖盘
1736,09:54:45,10.14,-0.01,1401,1420614,卖盘
1737,09:54:35,10.15,--,20,20300,买盘
1738,09:54:30,10.15,--,50,50750,买盘
1739,09:54:15,10.15,--,208,211120,买盘
1740,09:54:09,10.15,0.01,22,22330,买盘
1741,09:54:05,10.14,-0.01,35,35490,卖盘
1742,09:53:39,10.15,0.01,3,3045,买盘
1743,09:53:30,10.14,-0.01,12,12168,卖盘
1744,09:53:24,10.15,0.01,30,30450,买盘
1745,09:53:20,10.14,--,40,40560,卖盘
1746,09:53:15,10.14,--,10,10140,卖盘
1747,09:53:09,10.14,--,2,2028,卖盘
1748,09:53:05,10.14,--,58,58812,买盘
1749,09:53:00,10.14,--,10,10140,买盘
1750,09:52:44,10.14,--,17,17238,卖盘
1751,09:52:39,10.14,-0.01,10,10140,卖盘
1752,09:52:29,10.15,0.01,108,109620,买盘
1753,09:52:24,10.14,--,100,101400,卖盘
1754,09:52:14,10.14,--,136,137904,卖盘
1755,09:52:05,10.14,--,42,42588,买盘
1756,09:51:59,10.14,--,20,20280,买盘
1757,09:51:54,10.14,0.01,29,29406,卖盘
1758,09:51:50,10.13,--,20,20260,卖盘
1759,09:51:44,10.13,-0.01,580,587540,卖盘
1760,09:51:24,10.14,0.01,224,227136,买盘
1761,09:51:20,10.13,--,1,1013,卖盘
1762,09:51:14,10.13,-0.01,100,101300,卖盘
1763,09:51:09,10.14,0.01,183,185562,买盘
1764,09:50:54,10.13,-0.01,2,2026,卖盘
1765,09:50:50,10.14,0.01,1,1014,买盘
1766,09:50:44,10.13,--,58,58754,卖盘
1767,09:50:39,10.13,--,46,46598,卖盘
1768,09:50:29,10.13,-0.01,12,12156,卖盘
1769,09:50:24,10.14,0.01,98,99372,买盘
1770,09:50:20,10.13,--,18,18234,卖盘
1771,09:50:14,10.13,-0.01,215,217795,卖盘
1772,09:50:09,10.14,--,48,48672,买盘
1773,09:50:05,10.14,--,42,42588,买盘
1774,09:49:59,10.14,--,14,14196,买盘
1775,09:49:54,10.14,0.01,33,33462,买盘
1776,09:49:49,10.13,-0.01,49,49637,卖盘
1777,09:49:44,10.14,0.01,124,125736,买盘
1778,09:49:39,10.13,--,174,176262,卖盘
1779,09:49:24,10.13,--,1,1013,卖盘
1780,09:49:19,10.13,--,42,42546,卖盘
1781,09:49:14,10.13,-0.01,71,72733,卖盘
1782,09:49:09,10.14,0.01,25,25350,买盘
1783,09:48:59,10.13,-0.01,31,32203,卖盘
1784,09:48:54,10.14,--,121,122694,买盘
1785,09:48:49,10.14,--,149,151086,买盘
1786,09:48:44,10.14,--,20,20280,买盘
1787,09:48:39,10.14,--,117,118638,买盘
1788,09:48:33,10.14,--,18,18252,买盘
1789,09:48:29,10.14,0.01,97,98358,买盘
1790,09:48:09,10.13,--,11,11143,卖盘
1791,09:48:03,10.13,--,13,13169,卖盘
1792,09:47:59,10.13,-0.01,63,64406,卖盘
1793,09:47:54,10.14,--,96,97344,买盘
1794,09:47:48,10.14,--,66,66924,买盘
1795,09:47:44,10.14,0.01,130,131820,买盘
1796,09:47:39,10.13,-0.01,120,121560,卖盘
1797,09:47:24,10.14,0.01,44,44616,买盘
1798,09:47:14,10.13,--,20,20260,卖盘
1799,09:46:59,10.13,--,4,4052,卖盘
1800,09:46:54,10.13,--,17,17221,卖盘
1801,09:46:48,10.13,--,19,19247,卖盘
1802,09:46:44,10.13,-0.01,1,1013,卖盘
1803,09:46:39,10.14,--,33,33887,卖盘
1804,09:46:24,10.14,--,10,10140,卖盘
1805,09:46:18,10.14,0.01,71,72582,买盘
1806,09:46:08,10.13,--,8,8104,卖盘
1807,09:45:44,10.13,--,70,70910,卖盘
1808,09:45:38,10.13,-0.01,33,33429,卖盘
1809,09:45:29,10.14,0.01,30,30420,买盘
1810,09:45:14,10.13,-0.01,14,14384,卖盘
1811,09:45:08,10.14,0.01,19,19266,买盘
1812,09:45:03,10.13,--,5,5875,卖盘
1813,09:44:53,10.13,--,236,239564,买盘
1814,09:44:48,10.13,--,89,90157,买盘
1815,09:44:44,10.13,--,50,50650,买盘
1816,09:44:38,10.13,--,18,18234,买盘
1817,09:44:33,10.13,--,135,136755,买盘
1818,09:44:29,10.13,--,37,37481,买盘
1819,09:44:23,10.13,--,82,83066,买盘
1820,09:44:18,10.13,--,60,60780,买盘
1821,09:44:14,10.13,--,10,10130,买盘
1822,09:44:08,10.13,--,6,6078,买盘
1823,09:44:03,10.13,--,110,111430,买盘
1824,09:43:59,10.13,--,28,28364,买盘
1825,09:43:48,10.13,--,27,27351,买盘
1826,09:43:38,10.13,--,28,28364,买盘
1827,09:43:33,10.13,0.01,102,103326,买盘
1828,09:43:29,10.12,-0.01,66,66792,卖盘
1829,09:43:23,10.13,0.01,56,56728,买盘
1830,09:43:18,10.12,--,50,50599,卖盘
1831,09:43:08,10.12,--,50,50599,卖盘
1832,09:43:03,10.12,--,51,51611,卖盘
1833,09:42:53,10.12,--,10,10120,卖盘
1834,09:42:43,10.12,--,16,16191,卖盘
1835,09:42:38,10.12,--,214,216567,卖盘
1836,09:42:33,10.12,--,53,53635,卖盘
1837,09:42:28,10.12,--,98,99175,卖盘
1838,09:42:23,10.12,--,85,86020,卖盘
1839,09:42:18,10.12,--,29,29347,卖盘
1840,09:42:13,10.12,--,12,12143,卖盘
1841,09:42:08,10.12,--,139,140668,卖盘
1842,09:41:53,10.12,--,26,26311,卖盘
1843,09:41:48,10.12,-0.01,100,101199,卖盘
1844,09:41:38,10.13,--,27,27351,买盘
1845,09:41:33,10.13,--,2,2026,买盘
1846,09:41:28,10.13,--,24,24312,买盘
1847,09:41:23,10.13,0.01,27,27351,买盘
1848,09:41:18,10.12,-0.01,26,26311,卖盘
1849,09:41:08,10.13,--,39,39507,买盘
1850,09:40:57,10.13,0.01,27,27351,买盘
1851,09:40:53,10.12,--,53,53635,卖盘
1852,09:40:48,10.12,--,218,220615,卖盘
1853,09:40:33,10.12,--,93,94116,卖盘
1854,09:40:27,10.12,--,20,20240,卖盘
1855,09:40:23,10.12,--,130,131560,卖盘
1856,09:40:12,10.12,-0.01,12,12143,卖盘
1857,09:40:08,10.13,0.01,46,46598,买盘
1858,09:40:03,10.12,--,45,45540,卖盘
1859,09:39:57,10.12,--,235,238325,买盘
1860,09:39:53,10.12,--,288,291456,买盘
1861,09:39:48,10.12,--,30,30359,买盘
1862,09:39:42,10.12,--,1,1011,买盘
1863,09:39:38,10.12,--,7,7083,买盘
1864,09:39:32,10.12,--,517,523709,卖盘
1865,09:39:27,10.12,--,40,40480,卖盘
1866,09:39:23,10.12,-0.01,92,93610,卖盘
1867,09:39:17,10.13,0.01,1,1013,买盘
1868,09:39:08,10.12,--,20,20240,卖盘
1869,09:39:02,10.12,-0.01,37,37444,卖盘
1870,09:38:57,10.13,--,1,1013,买盘
1871,09:38:53,10.13,--,49,49637,买盘
1872,09:38:47,10.13,0.02,43,43559,买盘
1873,09:38:42,10.11,-0.02,100,101100,卖盘
1874,09:38:38,10.13,0.02,18,18234,买盘
1875,09:38:32,10.11,-0.02,12,12334,卖盘
1876,09:38:27,10.13,--,19,19247,买盘
1877,09:38:23,10.13,0.02,187,189431,买盘
1878,09:38:17,10.11,-0.01,330,333660,卖盘
1879,09:38:12,10.12,-0.01,3,3035,买盘
1880,09:38:08,10.13,0.02,9,9117,买盘
1881,09:38:02,10.11,--,209,211299,卖盘
1882,09:37:53,10.11,-0.02,7,7077,卖盘
1883,09:37:47,10.13,0.02,412,417356,买盘
1884,09:37:42,10.11,-0.01,134,135979,卖盘
1885,09:37:38,10.12,--,507,513083,卖盘
1886,09:37:32,10.12,--,166,168396,卖盘
1887,09:37:27,10.12,--,164,165968,卖盘
1888,09:37:23,10.12,-0.01,5,5060,卖盘
1889,09:37:17,10.13,--,229,231977,买盘
1890,09:37:07,10.13,--,19,19247,买盘
1891,09:37:02,10.13,--,431,437109,卖盘
1892,09:36:57,10.13,--,130,132196,卖盘
1893,09:36:53,10.13,--,40,40520,卖盘
1894,09:36:47,10.13,--,46,46598,卖盘
1895,09:36:42,10.13,--,83,84079,卖盘
1896,09:36:38,10.13,--,34,34442,卖盘
1897,09:36:32,10.13,--,4,4052,卖盘
1898,09:36:27,10.13,-0.01,16,16208,卖盘
1899,09:36:12,10.14,--,51,51714,买盘
1900,09:36:08,10.14,--,432,438453,卖盘
1901,09:35:47,10.14,-0.01,10,10140,卖盘
1902,09:35:42,10.15,0.01,16,16240,买盘
1903,09:35:37,10.14,--,117,118638,卖盘
1904,09:35:32,10.14,-0.01,17,17238,卖盘
1905,09:35:27,10.15,0.01,90,91350,买盘
1906,09:35:17,10.14,-0.01,38,39140,卖盘
1907,09:35:12,10.15,--,78,79170,买盘
1908,09:34:57,10.15,--,250,253750,买盘
1909,09:34:52,10.15,0.01,1,1015,买盘
1910,09:34:47,10.14,-0.01,20,20280,卖盘
1911,09:34:42,10.15,0.01,6,6090,买盘
1912,09:34:37,10.14,--,12,12168,卖盘
1913,09:34:32,10.14,--,436,442104,买盘
1914,09:34:27,10.14,--,1,1014,买盘
1915,09:34:12,10.14,--,1,1014,买盘
1916,09:34:07,10.14,--,60,60840,买盘
1917,09:34:02,10.14,0.01,29,29406,买盘
1918,09:33:57,10.13,--,50,50650,卖盘
1919,09:33:47,10.13,--,88,89144,买盘
1920,09:33:42,10.13,--,3,3039,买盘
1921,09:33:32,10.13,--,9,9117,买盘
1922,09:33:27,10.13,-0.01,231,234003,卖盘
1923,09:33:21,10.14,--,29,29406,买盘
1924,09:33:11,10.14,--,24,24336,买盘
1925,09:33:06,10.14,0.01,9,9126,买盘
1926,09:33:02,10.13,-0.01,351,355563,卖盘
1927,09:32:56,10.14,0.01,9,9126,买盘
1928,09:32:51,10.13,--,10,10130,卖盘
1929,09:32:47,10.13,-0.01,28,28364,卖盘
1930,09:32:41,10.14,-0.01,100,101400,买盘
1931,09:32:36,10.15,--,0,0,买盘
1932,09:32:32,10.15,0.01,285,289275,买盘
1933,09:32:21,10.14,--,6,6084,买盘
1934,09:32:17,10.14,0.02,27,27378,买盘
1935,09:32:02,10.12,-0.02,78,78936,卖盘
1936,09:31:56,10.14,0.01,127,128778,买盘
1937,09:31:51,10.13,-0.01,46,46598,卖盘
1938,09:31:41,10.14,-0.01,9,9126,买盘
1939,09:31:32,10.15,0.01,66,66990,买盘
1940,09:31:25,10.14,--,140,141960,买盘
1941,09:31:21,10.14,-0.01,103,104442,卖盘
1942,09:31:17,10.15,--,277,281155,买盘
1943,09:31:11,10.15,--,55,55825,买盘
1944,09:31:06,10.15,--,92,93380,买盘
1945,09:31:02,10.15,--,77,78155,买盘
1946,09:30:56,10.15,--,294,298410,买盘
1947,09:30:51,10.15,--,18,18270,买盘
1948,09:30:47,10.15,0.02,325,329875,买盘
1949,09:30:41,10.13,0.01,187,189431,买盘
1950,09:30:36,10.12,-0.01,52,52623,卖盘
1951,09:30:32,10.13,--,66,66858,买盘
1952,09:30:26,10.13,0.01,671,679723,买盘
1953,09:30:21,10.12,--,30,30359,买盘
1954,09:30:17,10.12,--,73,73876,买盘
1955,09:30:11,10.12,--,85,86020,买盘
1956,09:30:06,10.12,--,369,373428,卖盘
1957,09:28:58,10.12,--,0,0,卖盘
1958,09:25:08,10.12,10.12,726,734712,买盘
