,time,price,change,volume,amount,type
0,15:00:00,12.05,--,0,0,买盘
1,15:00:00,12.05,--,0,0,买盘
2,14:59:59,12.05,--,50,60250,买盘
3,14:59:57,12.05,0.01,20,24100,买盘
4,14:59:53,12.04,-0.01,5,6020,卖盘
5,14:59:47,12.05,--,20,24100,买盘
6,14:59:42,12.05,--,12,14460,买盘
7,14:59:38,12.05,--,4,4820,买盘
8,14:59:32,12.05,--,69,84096,卖盘
9,14:59:23,12.05,--,0,0,卖盘
10,14:59:17,12.05,-0.01,54,65070,卖盘
11,14:59:12,12.06,--,27,32815,买盘
12,14:59:02,12.06,0.01,14,16884,买盘
13,14:58:57,12.05,-0.01,30,36150,卖盘
14,14:58:47,12.06,0.01,239,288234,买盘
15,14:58:42,12.05,-0.01,23,28666,卖盘
16,14:58:37,12.06,--,40,48240,卖盘
17,14:58:32,12.06,0.01,75,90703,买盘
18,14:58:27,12.05,--,5,6025,卖盘
19,14:58:22,12.05,--,30,36150,卖盘
20,14:58:17,12.05,--,10,12050,卖盘
21,14:58:02,12.05,--,10,12050,卖盘
22,14:57:47,12.05,--,2,2410,卖盘
23,14:57:42,12.05,-0.01,10,12050,卖盘
24,14:57:32,12.06,--,35,42210,买盘
25,14:57:21,12.06,--,17,20502,买盘
26,14:57:17,12.06,--,5,6030,买盘
27,14:57:02,12.06,--,5,6030,买盘
28,14:56:57,12.06,0.01,80,96480,买盘
29,14:56:51,12.05,--,0,951,卖盘
30,14:56:47,12.05,-0.01,24,28920,卖盘
31,14:56:32,12.06,--,50,60300,买盘
32,14:56:27,12.06,--,42,50652,买盘
33,14:56:17,12.06,0.01,15,18090,买盘
34,14:55:56,12.05,0.01,75,90628,买盘
35,14:55:51,12.04,--,10,12040,卖盘
36,14:55:41,12.04,--,31,37324,卖盘
37,14:55:36,12.04,--,10,12040,卖盘
38,14:55:26,12.04,-0.01,20,24080,卖盘
39,14:55:21,12.05,--,25,30125,买盘
40,14:55:17,12.05,0.01,50,60250,买盘
41,14:55:11,12.04,-0.01,10,12040,卖盘
42,14:55:06,12.05,--,50,60250,买盘
43,14:55:02,12.05,--,10,12050,买盘
44,14:54:56,12.05,--,1,1205,买盘
45,14:54:51,12.05,--,15,18075,买盘
46,14:54:36,12.05,--,0,0,买盘
47,14:54:21,12.05,0.02,9,10845,买盘
48,14:54:17,12.03,-0.03,6,7218,卖盘
49,14:54:06,12.06,--,10,12060,买盘
50,14:53:51,12.06,--,129,155574,买盘
51,14:53:32,12.06,--,0,0,买盘
52,14:53:26,12.06,--,0,0,买盘
53,14:53:11,12.06,-0.01,39,47034,买盘
54,14:53:06,12.07,--,0,0,买盘
55,14:53:02,12.07,0.03,50,60350,买盘
56,14:52:56,12.04,-0.03,10,12040,买盘
57,14:52:51,12.07,--,0,0,买盘
58,14:52:47,12.07,--,46,55522,买盘
59,14:52:32,12.07,0.03,4,4828,买盘
60,14:52:26,12.04,-0.03,17,20468,买盘
61,14:52:16,12.07,--,0,0,买盘
62,14:52:11,12.07,0.03,31,37417,买盘
63,14:51:56,12.04,--,0,0,买盘
64,14:51:51,12.04,--,10,12040,买盘
65,14:51:36,12.04,0.02,37,44548,买盘
66,14:51:31,12.02,-0.02,221,265642,卖盘
67,14:51:26,12.04,-0.01,122,146888,卖盘
68,14:51:21,12.05,0.01,5,6025,买盘
69,14:51:11,12.04,0.01,78,93912,卖盘
70,14:51:06,12.03,--,0,0,卖盘
71,14:51:01,12.03,0.01,31,37293,买盘
72,14:50:56,12.02,-0.01,47,56494,卖盘
73,14:50:51,12.03,--,22,26466,买盘
74,14:50:41,12.03,--,11,13233,买盘
75,14:50:36,12.03,0.01,20,24060,买盘
76,14:50:21,12.02,--,45,54090,买盘
77,14:50:11,12.02,0.01,10,12020,买盘
78,14:50:05,12.01,--,0,120,卖盘
79,14:49:56,12.01,--,11,13211,卖盘
80,14:49:50,12.01,0.01,210,252210,买盘
81,14:49:45,12.0,--,0,0,中性盘
82,14:49:35,12.0,0.01,113,135600,买盘
83,14:49:30,11.99,--,11,13189,卖盘
84,14:49:26,11.99,-0.01,11,13189,卖盘
85,14:49:20,12.0,--,208,249600,买盘
86,14:49:15,12.0,0.01,5,6000,买盘
87,14:49:00,11.99,-0.01,18,21582,卖盘
88,14:48:50,12.0,0.02,10,12000,买盘
89,14:48:30,11.98,-0.02,30,35940,卖盘
90,14:48:26,12.0,--,0,0,买盘
91,14:48:20,12.0,0.01,43,51600,买盘
92,14:48:05,11.99,-0.01,7,8393,卖盘
93,14:47:56,12.0,--,5,6000,买盘
94,14:47:50,12.0,--,4,4800,买盘
95,14:47:45,12.0,-0.01,34,40800,卖盘
96,14:47:41,12.01,0.01,23,27623,买盘
97,14:47:35,12.0,-0.01,20,24000,卖盘
98,14:47:30,12.01,0.01,144,172944,买盘
99,14:47:26,12.0,--,0,0,卖盘
100,14:47:20,12.0,--,10,12000,卖盘
101,14:46:56,12.0,--,10,12000,卖盘
102,14:46:35,12.0,0.01,73,87600,买盘
103,14:46:20,11.99,--,44,52756,买盘
104,14:46:15,11.99,--,64,76736,买盘
105,14:46:10,11.99,--,44,52756,买盘
106,14:46:05,11.99,--,18,21582,买盘
107,14:46:00,11.99,--,1,1199,卖盘
108,14:45:55,11.99,-0.01,40,47960,卖盘
109,14:45:40,12.0,--,4,4800,买盘
110,14:45:35,12.0,--,20,24000,买盘
111,14:45:30,12.0,--,32,38400,买盘
112,14:45:25,12.0,--,0,0,买盘
113,14:45:20,12.0,0.02,12,14400,中性盘
114,14:45:15,11.98,-0.02,9,10782,卖盘
115,14:45:00,12.0,0.02,311,373680,买盘
116,14:44:50,11.98,-0.02,29,34742,卖盘
117,14:44:45,12.0,0.03,243,291600,买盘
118,14:44:40,11.97,--,82,98154,买盘
119,14:44:30,11.97,0.02,109,130473,买盘
120,14:44:15,11.95,0.03,162,193590,买盘
121,14:44:10,11.92,--,2,2384,卖盘
122,14:44:00,11.92,0.01,33,39336,买盘
123,14:43:55,11.91,--,2,2382,卖盘
124,14:43:50,11.91,0.01,50,59550,卖盘
125,14:43:44,11.9,--,107,127341,买盘
126,14:43:39,11.9,--,5,5950,买盘
127,14:43:35,11.9,--,94,111860,买盘
128,14:43:29,11.9,-0.01,302,359380,中性盘
129,14:43:24,11.91,0.01,317,377547,买盘
130,14:43:14,11.9,--,62,73780,卖盘
131,14:43:09,11.9,--,100,119000,卖盘
132,14:43:05,11.9,0.01,9,10710,买盘
133,14:42:59,11.89,-0.01,35,41615,卖盘
134,14:42:54,11.9,0.01,31,36890,买盘
135,14:42:49,11.89,-0.01,1,1189,卖盘
136,14:42:44,11.9,--,63,74970,买盘
137,14:42:39,11.9,0.01,73,86870,买盘
138,14:42:29,11.89,-0.01,16,19024,卖盘
139,14:42:20,11.9,--,25,29750,买盘
140,14:42:14,11.9,--,10,11900,买盘
141,14:42:09,11.9,-0.01,11,13090,买盘
142,14:41:59,11.91,0.01,264,314424,买盘
143,14:41:54,11.9,--,73,86870,卖盘
144,14:41:50,11.9,-0.01,30,35700,卖盘
145,14:41:39,11.91,--,20,23820,买盘
146,14:41:35,11.91,0.01,88,104808,买盘
147,14:41:29,11.9,--,32,38080,卖盘
148,14:41:24,11.9,-0.01,15,17850,卖盘
149,14:41:14,11.91,--,5,5955,买盘
150,14:41:09,11.91,--,61,72651,买盘
151,14:41:05,11.91,--,3,3573,买盘
152,14:40:59,11.91,--,68,80988,卖盘
153,14:40:54,11.91,--,20,23820,卖盘
154,14:40:49,11.91,--,20,23820,卖盘
155,14:40:44,11.91,0.01,2,2382,卖盘
156,14:40:39,11.9,0.01,7,8330,买盘
157,14:40:29,11.89,--,7,8323,买盘
158,14:40:24,11.89,-0.01,16,19024,买盘
159,14:40:14,11.9,-0.01,278,330820,卖盘
160,14:40:05,11.91,--,10,11910,卖盘
161,14:39:59,11.91,0.03,7,8337,中性盘
162,14:39:54,11.88,-0.02,164,194832,卖盘
163,14:39:44,11.9,--,243,289193,买盘
164,14:39:34,11.9,--,4,4760,买盘
165,14:39:29,11.9,--,5,5950,买盘
166,14:39:24,11.9,-0.04,661,787756,卖盘
167,14:39:19,11.94,--,0,0,买盘
168,14:39:09,11.94,0.02,41,48954,买盘
169,14:39:04,11.92,-0.02,100,119200,卖盘
170,14:38:54,11.94,0.01,10,11940,买盘
171,14:38:49,11.93,-0.01,5,5965,卖盘
172,14:38:44,11.94,-0.01,15,17910,买盘
173,14:38:34,11.95,--,6,7170,买盘
174,14:38:29,11.95,0.01,333,397935,买盘
175,14:38:19,11.94,--,12,14328,买盘
176,14:38:14,11.94,-0.01,8,9552,卖盘
177,14:38:09,11.95,--,17,20315,买盘
178,14:37:59,11.95,0.02,9,10755,买盘
179,14:37:53,11.93,--,30,35790,卖盘
180,14:37:49,11.93,-0.01,171,204003,卖盘
181,14:37:38,11.94,0.01,24,28656,买盘
182,14:37:29,11.93,0.01,2,2386,卖盘
183,14:37:23,11.92,--,0,0,卖盘
184,14:37:19,11.92,--,20,23840,卖盘
185,14:37:14,11.92,-0.01,5,5960,卖盘
186,14:37:08,11.93,0.01,53,63229,中性盘
187,14:36:59,11.92,-0.02,104,123968,卖盘
188,14:36:44,11.94,--,334,398796,买盘
189,14:36:38,11.94,--,140,167160,卖盘
190,14:36:33,11.94,-0.01,5,5970,卖盘
191,14:36:23,11.95,-0.03,33,39435,卖盘
192,14:36:13,11.98,--,98,117404,买盘
193,14:36:08,11.98,-0.01,16,19168,卖盘
194,14:35:58,11.99,0.01,1,1199,买盘
195,14:35:53,11.98,--,9,10782,买盘
196,14:35:43,11.98,--,0,0,买盘
197,14:35:38,11.98,-0.01,1,1198,买盘
198,14:35:23,11.99,--,0,0,买盘
199,14:35:08,11.99,0.04,184,220616,买盘
200,14:35:03,11.95,0.01,50,59750,买盘
201,14:34:58,11.94,--,1,1194,卖盘
202,14:34:53,11.94,0.01,3,3582,卖盘
203,14:34:48,11.93,-0.01,108,128844,卖盘
204,14:34:43,11.94,--,46,54924,买盘
205,14:34:33,11.94,0.01,12,14328,买盘
206,14:34:23,11.93,-0.01,1,1193,卖盘
207,14:34:18,11.94,0.01,105,125370,买盘
208,14:34:13,11.93,--,15,17895,卖盘
209,14:34:08,11.93,--,16,19088,卖盘
210,14:34:03,11.93,0.01,17,20281,买盘
211,14:33:58,11.92,-0.01,20,23840,卖盘
212,14:33:53,11.93,--,21,25053,买盘
213,14:33:48,11.93,--,102,121686,买盘
214,14:33:38,11.93,--,129,153897,买盘
215,14:33:33,11.93,--,34,40562,卖盘
216,14:33:28,11.93,--,99,118107,卖盘
217,14:33:18,11.93,--,1,1193,卖盘
218,14:33:13,11.93,-0.03,100,119300,卖盘
219,14:33:08,11.96,-0.02,2,2392,买盘
220,14:33:03,11.98,0.05,64,76672,买盘
221,14:32:58,11.93,--,0,0,卖盘
222,14:32:53,11.93,-0.01,45,53685,卖盘
223,14:32:48,11.94,-0.03,304,362976,卖盘
224,14:32:43,11.97,--,18,21546,卖盘
225,14:32:38,11.97,0.02,86,102942,买盘
226,14:32:33,11.95,-0.02,177,211515,卖盘
227,14:32:28,11.97,0.01,10,11970,买盘
228,14:32:22,11.96,0.01,23,27508,中性盘
229,14:32:18,11.95,-0.01,102,121890,卖盘
230,14:32:13,11.96,--,3,3588,买盘
231,14:32:08,11.96,0.01,60,71760,买盘
232,14:32:03,11.95,--,1,1195,卖盘
233,14:31:58,11.95,--,58,69310,卖盘
234,14:31:53,11.95,-0.02,39,46605,中性盘
235,14:31:48,11.97,0.02,50,59850,买盘
236,14:31:43,11.95,0.02,8,9560,买盘
237,14:31:38,11.93,--,51,60843,买盘
238,14:31:32,11.93,-0.03,4,4772,卖盘
239,14:31:28,11.96,0.04,8,9568,卖盘
240,14:31:22,11.92,-0.04,208,247936,卖盘
241,14:31:17,11.96,0.01,248,296631,买盘
242,14:31:08,11.95,-0.01,25,29875,卖盘
243,14:31:02,11.96,--,7,8372,卖盘
244,14:30:53,11.96,-0.01,53,63388,卖盘
245,14:30:38,11.97,--,130,155610,卖盘
246,14:30:27,11.97,--,21,25137,卖盘
247,14:30:23,11.97,--,55,65835,卖盘
248,14:30:17,11.97,0.01,25,29925,中性盘
249,14:30:13,11.96,-0.01,20,23920,卖盘
250,14:30:08,11.97,-0.01,3,3591,卖盘
251,14:30:01,11.98,--,2,2396,买盘
252,14:29:53,11.98,-0.01,12,14376,卖盘
253,14:29:46,11.99,-0.01,30,35970,卖盘
254,14:29:38,12.0,--,5,6000,买盘
255,14:29:31,12.0,-0.03,735,882600,卖盘
256,14:29:22,12.03,-0.01,252,303156,卖盘
257,14:29:16,12.04,--,11,13243,买盘
258,14:29:07,12.04,--,12,14447,买盘
259,14:28:57,12.04,-0.01,108,130031,卖盘
260,14:28:47,12.05,-0.01,10,12050,卖盘
261,14:28:37,12.06,--,2,2412,买盘
262,14:28:32,12.06,0.01,8,9648,买盘
263,14:28:01,12.05,-0.01,43,51815,卖盘
264,14:27:42,12.06,--,15,18090,买盘
265,14:27:27,12.06,--,2,2412,买盘
266,14:27:17,12.06,--,2,2412,买盘
267,14:27:12,12.06,--,0,0,买盘
268,14:27:07,12.06,0.01,153,184518,买盘
269,14:27:01,12.05,-0.01,13,15665,卖盘
270,14:26:57,12.06,0.01,1,1206,买盘
271,14:26:47,12.05,-0.01,9,10845,买盘
272,14:26:42,12.06,--,0,0,买盘
273,14:26:27,12.06,0.01,183,220698,买盘
274,14:26:17,12.05,--,10,12050,卖盘
275,14:26:12,12.05,--,60,72300,卖盘
276,14:26:02,12.05,--,47,56635,卖盘
277,14:25:52,12.05,--,1,1205,卖盘
278,14:25:46,12.05,--,5,6025,卖盘
279,14:25:42,12.05,--,46,55430,买盘
280,14:25:32,12.05,0.02,112,134960,买盘
281,14:25:27,12.03,--,4,4812,买盘
282,14:25:22,12.03,--,16,19248,买盘
283,14:25:11,12.03,-0.01,48,57744,卖盘
284,14:25:07,12.04,--,50,60199,买盘
285,14:25:02,12.04,--,0,0,买盘
286,14:24:56,12.04,0.02,1,1204,买盘
287,14:24:52,12.02,-0.02,50,60100,卖盘
288,14:24:41,12.04,--,124,149296,买盘
289,14:24:32,12.04,-0.01,18,21672,中性盘
290,14:24:26,12.05,0.02,362,436210,买盘
291,14:24:22,12.03,-0.01,74,89022,卖盘
292,14:23:56,12.04,--,100,120399,买盘
293,14:23:41,12.04,--,85,102340,卖盘
294,14:23:32,12.04,--,87,104747,卖盘
295,14:23:26,12.04,0.01,60,72240,买盘
296,14:23:11,12.03,--,18,21654,买盘
297,14:22:56,12.03,--,3,3609,买盘
298,14:22:47,12.03,-0.02,29,34887,卖盘
299,14:22:40,12.05,--,3,3615,买盘
300,14:22:26,12.05,--,0,0,买盘
301,14:22:17,12.05,0.02,20,24100,买盘
302,14:22:11,12.03,-0.01,7,8421,卖盘
303,14:22:06,12.04,--,15,18060,买盘
304,14:22:01,12.04,--,5,6020,买盘
305,14:21:51,12.04,--,38,45752,买盘
306,14:21:41,12.04,-0.01,60,72240,卖盘
307,14:21:36,12.05,--,13,15665,买盘
308,14:21:21,12.05,--,23,27715,买盘
309,14:21:11,12.05,--,73,87965,卖盘
310,14:21:01,12.05,-0.01,80,96400,卖盘
311,14:20:51,12.06,--,0,0,买盘
312,14:20:46,12.06,0.01,39,47034,买盘
313,14:20:41,12.05,-0.01,3,3615,卖盘
314,14:20:25,12.06,--,11,13266,买盘
315,14:20:21,12.06,--,3,3618,买盘
316,14:20:16,12.06,--,0,0,买盘
317,14:20:11,12.06,--,5,6030,买盘
318,14:20:06,12.06,--,8,9648,买盘
319,14:19:51,12.06,-0.03,6,7236,买盘
320,14:19:46,12.09,0.03,42,50778,买盘
321,14:19:36,12.06,--,19,22914,买盘
322,14:19:26,12.06,-0.03,2,2412,卖盘
323,14:19:21,12.09,0.02,205,247845,买盘
324,14:19:11,12.07,-0.01,96,115872,卖盘
325,14:19:06,12.08,0.07,4,4832,买盘
326,14:19:01,12.01,-0.06,60,72060,卖盘
327,14:18:56,12.07,--,118,142426,买盘
328,14:18:40,12.07,0.01,8,9656,买盘
329,14:18:35,12.06,0.06,83,100098,买盘
330,14:18:26,12.0,-0.07,29,34800,卖盘
331,14:18:20,12.07,--,0,0,买盘
332,14:18:16,12.07,--,5,6035,买盘
333,14:18:10,12.07,0.07,6,7242,买盘
334,14:18:05,12.0,-0.05,5,6600,卖盘
335,14:18:01,12.05,--,0,0,买盘
336,14:17:56,12.05,0.05,36,43380,买盘
337,14:17:50,12.0,--,29,34800,卖盘
338,14:17:40,12.0,--,583,699600,买盘
339,14:17:35,12.0,--,153,183600,买盘
340,14:17:31,12.0,--,14,16800,买盘
341,14:17:26,12.0,--,3,3600,买盘
342,14:17:19,12.0,--,176,211200,买盘
343,14:17:10,12.0,--,16,19200,买盘
344,14:17:05,12.0,--,3,3600,买盘
345,14:17:01,12.0,--,86,103200,卖盘
346,14:16:50,12.0,--,36,43200,卖盘
347,14:16:40,12.0,-0.05,57,68400,卖盘
348,14:16:34,12.05,0.05,57,68685,买盘
349,14:16:25,12.0,--,7,8400,买盘
350,14:16:19,12.0,-0.03,38,45600,卖盘
351,14:16:10,12.03,0.03,7,8421,买盘
352,14:16:04,12.0,--,30,36000,卖盘
353,14:16:01,12.0,--,50,60000,卖盘
354,14:15:55,12.0,--,0,0,卖盘
355,14:15:50,12.0,--,305,366000,卖盘
356,14:15:46,12.0,--,3,3600,卖盘
357,14:15:40,12.0,--,18,21600,卖盘
358,14:15:34,12.0,0.04,378,453600,买盘
359,14:15:25,11.96,-0.02,8,9568,卖盘
360,14:15:20,11.98,0.02,4,4792,买盘
361,14:15:15,11.96,--,20,23920,买盘
362,14:15:11,11.96,0.02,10,11960,买盘
363,14:15:05,11.94,--,11,13134,卖盘
364,14:15:00,11.94,-0.03,10,11940,卖盘
365,14:14:55,11.97,-0.01,3,3591,卖盘
366,14:14:49,11.98,--,15,17970,卖盘
367,14:14:45,11.98,--,6,7188,卖盘
368,14:14:40,11.98,0.05,252,301896,买盘
369,14:14:34,11.93,--,29,34716,卖盘
370,14:14:30,11.93,--,11,13123,卖盘
371,14:14:25,11.93,--,29,34597,卖盘
372,14:14:19,11.93,--,575,685975,卖盘
373,14:14:15,11.93,--,521,621553,买盘
374,14:14:10,11.93,--,27,32211,买盘
375,14:14:04,11.93,--,32,38176,买盘
376,14:14:00,11.93,-0.05,78,93054,卖盘
377,14:13:55,11.98,--,10,11980,买盘
378,14:13:50,11.98,-0.02,200,239600,卖盘
379,14:13:45,12.0,--,465,558000,买盘
380,14:13:40,12.0,--,24,28800,买盘
381,14:13:34,12.0,-0.01,128,153600,卖盘
382,14:13:30,12.01,--,57,68457,买盘
383,14:13:25,12.01,0.01,21,25221,中性盘
384,14:13:19,12.0,-0.05,600,720000,卖盘
385,14:13:15,12.05,-0.02,51,61455,中性盘
386,14:13:10,12.07,--,0,0,买盘
387,14:13:05,12.07,0.06,2,2414,卖盘
388,14:13:00,12.01,--,0,0,卖盘
389,14:12:55,12.01,-0.08,300,360300,卖盘
390,14:12:40,12.09,0.03,20,24180,买盘
391,14:12:34,12.06,-0.03,42,50652,卖盘
392,14:12:28,12.09,-0.01,10,12090,卖盘
393,14:12:25,12.1,0.02,6,7260,卖盘
394,14:12:13,12.08,--,0,0,卖盘
395,14:12:10,12.08,-0.02,300,362400,卖盘
396,14:12:04,12.1,--,23,27830,卖盘
397,14:11:55,12.1,-0.03,301,364210,卖盘
398,14:11:43,12.13,-0.01,15,18195,卖盘
399,14:11:34,12.14,--,10,12140,买盘
400,14:11:28,12.14,-0.01,58,70412,卖盘
401,14:11:25,12.15,--,8,9720,买盘
402,14:11:13,12.15,--,0,0,买盘
403,14:10:58,12.15,-0.01,13,15795,卖盘
404,14:10:55,12.16,0.01,10,12160,买盘
405,14:10:34,12.15,-0.01,10,12150,卖盘
406,14:09:58,12.16,0.03,4,4864,买盘
407,14:09:49,12.13,--,0,0,卖盘
408,14:09:43,12.13,-0.02,2,2426,卖盘
409,14:09:34,12.15,--,38,46170,买盘
410,14:09:28,12.15,--,10,12150,买盘
411,14:09:19,12.15,--,51,61965,卖盘
412,14:08:58,12.15,-0.02,7,8505,卖盘
413,14:08:54,12.17,0.02,10,12170,买盘
414,14:08:49,12.15,--,0,0,卖盘
415,14:08:39,12.15,-0.01,18,21870,买盘
416,14:08:24,12.16,-0.01,57,69312,卖盘
417,14:08:19,12.17,--,25,30425,中性盘
418,14:08:13,12.17,0.02,53,64501,买盘
419,14:08:09,12.15,--,4,4860,卖盘
420,14:07:54,12.15,--,0,0,卖盘
421,14:07:43,12.15,--,50,60750,卖盘
422,14:07:34,12.15,--,50,60750,卖盘
423,14:07:28,12.15,--,0,0,卖盘
424,14:07:24,12.15,-0.01,30,36450,卖盘
425,14:07:19,12.16,--,21,25536,买盘
426,14:07:13,12.16,--,1,1216,买盘
427,14:07:04,12.16,--,2,2432,买盘
428,14:06:54,12.16,0.01,2,2432,买盘
429,14:06:39,12.15,--,30,36450,卖盘
430,14:06:28,12.15,-0.01,12,14580,卖盘
431,14:06:24,12.16,0.01,1,1216,中性盘
432,14:06:09,12.15,0.05,50,60750,卖盘
433,14:05:52,12.1,-0.05,100,121000,卖盘
434,14:05:43,12.15,--,115,139725,买盘
435,14:05:37,12.15,0.05,100,121500,买盘
436,14:05:22,12.1,--,31,37510,买盘
437,14:05:19,12.1,-0.02,22,26620,卖盘
438,14:05:13,12.12,0.03,6,7271,买盘
439,14:05:07,12.09,--,0,0,卖盘
440,14:05:04,12.09,-0.01,20,24180,卖盘
441,14:04:58,12.1,--,0,0,买盘
442,14:04:52,12.1,--,5,6050,买盘
443,14:04:43,12.1,-0.05,8,9680,卖盘
444,14:04:34,12.15,--,20,24300,买盘
445,14:04:28,12.15,--,356,432540,买盘
446,14:04:19,12.15,-0.03,356,432540,卖盘
447,14:04:07,12.18,-0.01,181,220458,卖盘
448,14:03:52,12.19,-0.01,2,2438,卖盘
449,14:03:37,12.2,--,192,234240,卖盘
450,14:03:34,12.2,--,1,1220,卖盘
451,14:03:28,12.2,--,4,4880,卖盘
452,14:03:19,12.2,-0.01,50,61000,卖盘
453,14:03:07,12.21,--,24,29304,卖盘
454,14:02:58,12.21,--,50,61050,卖盘
455,14:02:52,12.21,-0.01,64,78144,卖盘
456,14:02:43,12.22,0.01,1,1222,买盘
457,14:02:37,12.21,-0.01,30,36630,卖盘
458,14:02:28,12.22,--,10,12220,买盘
459,14:02:22,12.22,0.01,1,1222,买盘
460,14:02:07,12.21,-0.01,2,2442,卖盘
461,14:01:28,12.22,--,8,9776,卖盘
462,14:01:22,12.22,--,10,12220,卖盘
463,14:01:13,12.22,-0.01,21,25662,卖盘
464,14:01:07,12.23,--,2,2446,卖盘
465,14:00:52,12.23,-0.03,10,12230,卖盘
466,13:59:52,12.26,--,0,0,买盘
467,13:59:48,12.26,--,10,12260,买盘
468,13:59:16,12.26,0.03,5,6130,买盘
469,13:59:12,12.23,-0.01,28,34244,卖盘
470,13:58:52,12.24,--,14,17136,买盘
471,13:58:46,12.24,0.01,6,7344,卖盘
472,13:58:22,12.23,--,0,0,卖盘
473,13:57:52,12.23,0.01,8,9784,卖盘
474,13:57:37,12.22,--,0,0,卖盘
475,13:57:16,12.22,--,14,17108,卖盘
476,13:57:13,12.22,--,0,0,卖盘
477,13:57:01,12.22,-0.07,237,289614,卖盘
478,13:56:46,12.29,-0.01,10,12290,买盘
479,13:56:16,12.3,--,0,0,买盘
480,13:56:07,12.3,0.05,11,13530,买盘
481,13:55:31,12.25,--,30,36750,买盘
482,13:55:28,12.25,--,5,6125,买盘
483,13:54:52,12.25,--,10,12250,买盘
484,13:54:46,12.25,--,9,11025,卖盘
485,13:54:37,12.25,0.05,4,4900,卖盘
486,13:54:27,12.2,--,0,0,卖盘
487,13:54:22,12.2,-0.04,643,784460,卖盘
488,13:54:12,12.24,--,0,0,买盘
489,13:54:07,12.24,--,317,388008,买盘
490,13:54:01,12.24,0.04,10,12240,卖盘
491,13:53:37,12.2,-0.04,500,610000,卖盘
492,13:53:07,12.24,--,0,0,卖盘
493,13:53:01,12.24,--,54,66096,买盘
494,13:52:52,12.24,-0.01,67,82008,卖盘
495,13:52:37,12.25,--,1,1225,卖盘
496,13:52:31,12.25,--,91,111475,买盘
497,13:52:25,12.25,--,1,1225,买盘
498,13:52:22,12.25,--,3,3675,卖盘
499,13:52:10,12.25,--,0,0,卖盘
500,13:52:07,12.25,-0.02,400,490000,卖盘
501,13:51:52,12.27,--,10,12270,卖盘
502,13:51:31,12.27,--,16,19632,买盘
503,13:51:25,12.27,--,11,13497,买盘
504,13:50:46,12.27,0.01,36,44172,买盘
505,13:50:31,12.26,-0.02,1,1226,卖盘
506,13:50:10,12.28,-0.02,30,36840,卖盘
507,13:49:21,12.3,--,3,3690,卖盘
508,13:48:24,12.3,--,2,2460,卖盘
509,13:47:46,12.3,--,8,9840,买盘
510,13:47:39,12.3,--,8,9840,买盘
511,13:47:31,12.3,0.01,29,35670,买盘
512,13:47:16,12.29,--,10,12290,卖盘
513,13:47:06,12.29,0.02,2,2458,买盘
514,13:47:00,12.27,--,10,12270,卖盘
515,13:46:51,12.27,--,0,0,卖盘
516,13:46:46,12.27,-0.02,1,1227,卖盘
517,13:46:36,12.29,--,0,0,卖盘
518,13:46:31,12.29,0.03,8,9832,买盘
519,13:46:21,12.26,--,0,0,卖盘
520,13:46:09,12.26,-0.03,20,24520,卖盘
521,13:46:00,12.29,0.03,54,66366,买盘
522,13:45:55,12.26,--,0,0,卖盘
523,13:45:46,12.26,--,116,142216,卖盘
524,13:45:39,12.26,--,0,0,卖盘
525,13:45:31,12.26,--,0,0,卖盘
526,13:45:00,12.26,--,1,1226,卖盘
527,13:44:34,12.26,-0.01,97,118922,卖盘
528,13:44:19,12.27,-0.01,2,2454,卖盘
529,13:44:15,12.28,0.01,5,6140,买盘
530,13:44:10,12.27,--,24,29448,卖盘
531,13:44:00,12.27,-0.01,4,4908,卖盘
532,13:43:40,12.28,--,31,38068,卖盘
533,13:43:34,12.28,--,50,61400,卖盘
534,13:43:25,12.28,--,20,24560,卖盘
535,13:43:19,12.28,-0.02,2,2456,卖盘
536,13:43:04,12.3,--,140,172200,卖盘
537,13:43:00,12.3,--,5,6150,卖盘
538,13:42:55,12.3,--,10,12300,卖盘
539,13:42:40,12.3,--,120,147600,卖盘
540,13:42:25,12.3,--,30,36900,卖盘
541,13:42:19,12.3,--,10,12300,卖盘
542,13:42:10,12.3,--,0,0,卖盘
543,13:42:04,12.3,-0.01,100,123000,卖盘
544,13:40:34,12.31,--,10,12310,卖盘
545,13:40:15,12.31,-0.01,30,36930,卖盘
546,13:40:00,12.32,--,0,0,中性盘
547,13:39:25,12.32,--,0,0,中性盘
548,13:39:19,12.32,--,0,0,卖盘
549,13:38:34,12.32,0.02,15,18480,买盘
550,13:37:58,12.3,--,11,13530,卖盘
551,13:36:43,12.3,--,1,1230,卖盘
552,13:36:04,12.3,--,20,24600,卖盘
553,13:35:34,12.3,-0.01,100,123000,卖盘
554,13:35:28,12.31,-0.01,6,7386,卖盘
555,13:34:28,12.32,-0.02,33,40656,卖盘
556,13:34:12,12.34,--,5,6170,买盘
557,13:34:04,12.34,--,0,0,买盘
558,13:33:49,12.34,--,7,8638,买盘
559,13:33:42,12.34,--,0,0,买盘
560,13:33:13,12.34,0.02,22,27148,买盘
561,13:33:09,12.32,-0.01,10,12320,卖盘
562,13:33:04,12.33,--,29,35757,买盘
563,13:32:48,12.33,--,12,14796,卖盘
564,13:32:03,12.33,0.01,12,14796,买盘
565,13:31:49,12.32,--,20,24640,卖盘
566,13:31:43,12.32,-0.01,1,1232,卖盘
567,13:31:23,12.33,--,30,36990,买盘
568,13:31:12,12.33,-0.02,8,9864,卖盘
569,13:30:57,12.35,--,0,0,买盘
570,13:30:39,12.35,0.01,117,144495,买盘
571,13:30:34,12.34,-0.01,48,59232,卖盘
572,13:30:28,12.35,--,12,14820,买盘
573,13:29:42,12.35,--,5,6175,买盘
574,13:29:07,12.35,--,10,12350,买盘
575,13:28:37,12.35,--,18,22230,卖盘
576,13:27:58,12.35,0.01,4,4940,买盘
577,13:27:43,12.34,--,1,1234,卖盘
578,13:27:06,12.34,0.02,11,13574,买盘
579,13:26:52,12.32,-0.02,15,18480,卖盘
580,13:26:42,12.34,--,0,0,买盘
581,13:26:36,12.34,--,4,4936,买盘
582,13:26:33,12.34,--,0,0,买盘
583,13:25:58,12.34,--,27,33318,买盘
584,13:25:22,12.34,-0.01,108,133272,卖盘
585,13:24:48,12.35,-0.01,6,7410,卖盘
586,13:24:27,12.36,--,4,4944,买盘
587,13:24:03,12.36,--,5,6180,买盘
588,13:23:57,12.36,--,30,37080,买盘
589,13:23:27,12.36,--,9,11124,买盘
590,13:22:42,12.36,0.01,3,3708,买盘
591,13:22:15,12.35,-0.01,10,12350,卖盘
592,13:21:36,12.36,0.01,20,24720,买盘
593,13:21:12,12.35,--,10,12350,卖盘
594,13:20:42,12.35,--,5,6175,卖盘
595,13:20:30,12.35,0.01,35,43225,买盘
596,13:20:15,12.34,-0.01,6,7404,卖盘
597,13:20:00,12.35,0.01,30,37050,买盘
598,13:19:36,12.34,0.03,42,51828,买盘
599,13:18:30,12.31,-0.03,100,123100,卖盘
600,13:18:15,12.34,0.01,7,8638,买盘
601,13:18:06,12.33,--,0,0,卖盘
602,13:17:30,12.33,--,62,76446,买盘
603,13:17:21,12.33,0.01,36,44388,买盘
604,13:16:51,12.32,-0.01,23,28336,卖盘
605,13:16:15,12.33,--,2,2466,卖盘
606,13:16:06,12.33,-0.02,2,2466,卖盘
607,13:15:45,12.35,--,0,0,买盘
608,13:15:24,12.35,--,5,6175,买盘
609,13:15:09,12.35,--,42,51870,卖盘
610,13:15:00,12.35,--,20,24700,卖盘
611,13:14:54,12.35,--,0,0,卖盘
612,13:14:45,12.35,--,43,53105,买盘
613,13:14:36,12.35,--,1,1235,买盘
614,13:14:30,12.35,--,12,14820,卖盘
615,13:14:24,12.35,-0.02,20,24700,卖盘
616,13:14:15,12.37,--,13,16080,买盘
617,13:14:09,12.37,--,5,6185,买盘
618,13:14:06,12.37,0.01,11,13607,买盘
619,13:14:00,12.36,--,9,11124,卖盘
620,13:13:54,12.36,--,15,18540,卖盘
621,13:13:45,12.36,--,31,38316,卖盘
622,13:13:39,12.36,0.01,49,60564,买盘
623,13:13:24,12.35,--,1,1235,卖盘
624,13:13:21,12.35,--,100,123500,买盘
625,13:13:15,12.35,0.01,185,228475,买盘
626,13:12:54,12.34,--,0,0,卖盘
627,13:12:45,12.34,0.01,29,35786,买盘
628,13:12:21,12.33,--,20,24660,卖盘
629,13:12:15,12.33,--,5,6165,卖盘
630,13:12:09,12.33,0.01,40,49320,买盘
631,13:11:54,12.32,--,10,12320,卖盘
632,13:11:51,12.32,0.02,90,110880,买盘
633,13:11:36,12.3,--,0,0,卖盘
634,13:11:24,12.3,-0.01,100,123000,卖盘
635,13:11:00,12.31,--,2,2462,卖盘
636,13:10:51,12.31,-0.01,20,24620,卖盘
637,13:10:30,12.32,--,71,87472,买盘
638,13:10:15,12.32,--,3,3696,买盘
639,13:10:00,12.32,--,36,44352,买盘
640,13:09:50,12.32,0.01,5,6160,买盘
641,13:09:45,12.31,--,0,0,中性盘
642,13:09:39,12.31,--,59,72629,买盘
643,13:09:15,12.31,--,6,7386,买盘
644,13:09:00,12.31,0.01,50,61550,买盘
645,13:08:30,12.3,--,30,36900,买盘
646,13:08:09,12.3,--,23,28290,买盘
647,13:08:00,12.3,0.02,10,12300,买盘
648,13:07:48,12.28,--,10,12280,卖盘
649,13:07:30,12.28,--,13,15964,卖盘
650,13:07:24,12.28,--,1,1228,买盘
651,13:07:18,12.28,0.02,24,29472,买盘
652,13:06:09,12.26,--,4,4904,卖盘
653,13:06:03,12.26,--,199,243974,买盘
654,13:05:48,12.26,0.01,31,38006,买盘
655,13:05:33,12.25,-0.01,6,7350,卖盘
656,13:05:24,12.26,0.01,13,15938,买盘
657,13:05:18,12.25,-0.01,1,1225,卖盘
658,13:05:00,12.26,--,5,6130,买盘
659,13:04:48,12.26,--,7,8582,卖盘
660,13:04:15,12.26,--,0,0,卖盘
661,13:04:09,12.26,-0.01,6,7356,卖盘
662,13:03:54,12.27,0.01,10,12270,买盘
663,13:03:24,12.26,-0.01,59,72334,卖盘
664,13:03:18,12.27,--,0,0,买盘
665,13:02:33,12.27,0.02,10,12270,卖盘
666,13:02:24,12.25,--,0,0,卖盘
667,13:02:18,12.25,--,32,39200,卖盘
668,13:01:39,12.25,--,0,0,卖盘
669,13:01:29,12.25,--,10,12250,卖盘
670,13:01:18,12.25,-0.01,30,36750,卖盘
671,13:01:09,12.26,--,40,49040,买盘
672,13:00:39,12.26,0.01,20,24520,卖盘
673,13:00:18,12.25,--,0,0,卖盘
674,13:00:12,12.25,--,63,77175,卖盘
675,13:00:09,12.25,--,131,161087,卖盘
676,13:00:03,12.25,-0.01,158,193550,卖盘
677,11:30:00,12.26,--,0,0,中性盘
678,11:30:00,12.26,--,0,0,中性盘
679,11:29:55,12.26,--,0,0,中性盘
680,11:29:49,12.26,0.01,2,2452,买盘
681,11:29:40,12.25,-0.01,20,24500,卖盘
682,11:29:25,12.26,--,18,22068,卖盘
683,11:29:00,12.26,--,3,3678,买盘
684,11:28:34,12.26,--,6,7356,买盘
685,11:28:19,12.26,--,50,61300,买盘
686,11:27:58,12.26,-0.03,41,50266,卖盘
687,11:27:54,12.29,--,5,6145,买盘
688,11:27:40,12.29,--,2,2458,买盘
689,11:27:34,12.29,-0.01,1,1229,买盘
690,11:27:04,12.3,0.04,50,61500,买盘
691,11:26:58,12.26,-0.03,114,139764,卖盘
692,11:26:40,12.29,--,2,2458,卖盘
693,11:26:34,12.29,0.01,288,353952,买盘
694,11:26:13,12.28,--,5,6140,买盘
695,11:25:49,12.28,0.01,10,12280,买盘
696,11:25:43,12.27,--,25,30675,卖盘
697,11:25:19,12.27,-0.01,10,12270,卖盘
698,11:24:43,12.28,-0.01,5,6140,卖盘
699,11:24:34,12.29,0.01,10,12290,买盘
700,11:24:09,12.28,-0.01,15,18420,卖盘
701,11:23:43,12.29,0.01,10,12290,买盘
702,11:23:39,12.28,--,9,11052,卖盘
703,11:23:28,12.28,-0.01,20,24560,卖盘
704,11:23:19,12.29,--,21,25809,卖盘
705,11:22:58,12.29,-0.01,17,20893,卖盘
706,11:22:54,12.3,0.01,44,54120,买盘
707,11:22:49,12.29,0.01,18,22122,买盘
708,11:22:43,12.28,--,15,18420,卖盘
709,11:22:28,12.28,--,0,0,卖盘
710,11:22:24,12.28,--,20,24560,卖盘
711,11:22:13,12.28,--,20,24560,卖盘
712,11:21:37,12.28,--,10,12280,卖盘
713,11:20:52,12.28,--,29,35612,买盘
714,11:19:57,12.28,-0.01,96,117888,卖盘
715,11:19:49,12.29,--,58,71282,卖盘
716,11:19:43,12.29,--,3,3686,买盘
717,11:19:19,12.29,-0.01,5,6145,卖盘
718,11:19:13,12.3,0.01,20,24600,买盘
719,11:18:52,12.29,0.01,19,23351,买盘
720,11:18:37,12.28,-0.02,20,24560,卖盘
721,11:18:28,12.3,--,0,0,买盘
722,11:17:58,12.3,--,0,0,买盘
723,11:17:37,12.3,0.03,1,1230,买盘
724,11:17:33,12.27,-0.03,1,1227,卖盘
725,11:17:28,12.3,--,2,2460,买盘
726,11:16:48,12.3,--,0,0,买盘
727,11:16:13,12.3,0.04,6,7380,买盘
728,11:16:07,12.26,-0.03,21,25746,卖盘
729,11:15:58,12.29,--,1,1229,买盘
730,11:15:52,12.29,--,6,7373,买盘
731,11:15:48,12.29,--,10,12290,买盘
732,11:15:22,12.29,0.01,15,18435,买盘
733,11:15:13,12.28,--,45,55260,买盘
734,11:15:07,12.28,0.01,1,1228,买盘
735,11:15:01,12.27,-0.01,3,3681,卖盘
736,11:14:58,12.28,0.02,1,1228,中性盘
737,11:14:52,12.26,--,5,6130,卖盘
738,11:14:16,12.26,--,1,1226,卖盘
739,11:14:07,12.26,0.01,1,1226,买盘
740,11:13:36,12.25,-0.01,50,61250,卖盘
741,11:13:31,12.26,0.01,3,3678,买盘
742,11:13:27,12.25,--,24,29400,卖盘
743,11:13:22,12.25,-0.01,102,124950,卖盘
744,11:13:07,12.26,--,2,2452,买盘
745,11:12:52,12.26,-0.02,174,213324,卖盘
746,11:12:46,12.28,--,1,1228,卖盘
747,11:12:36,12.28,--,5,6140,卖盘
748,11:12:16,12.28,-0.01,25,30700,卖盘
749,11:12:07,12.29,--,10,12290,买盘
750,11:12:01,12.29,--,5,6145,买盘
751,11:11:37,12.29,--,23,28266,买盘
752,11:11:31,12.29,--,32,39328,卖盘
753,11:11:22,12.29,--,10,12290,卖盘
754,11:11:16,12.29,0.03,75,92175,买盘
755,11:11:07,12.26,-0.02,34,41684,卖盘
756,11:10:57,12.28,--,0,0,中性盘
757,11:10:46,12.28,0.01,5,6140,买盘
758,11:10:42,12.27,--,3,3681,卖盘
759,11:10:37,12.27,-0.02,5,6135,卖盘
760,11:10:22,12.29,0.03,30,36870,买盘
761,11:10:06,12.26,--,0,0,卖盘
762,11:09:42,12.26,--,0,0,卖盘
763,11:09:37,12.26,-0.03,83,101758,卖盘
764,11:09:16,12.29,--,0,0,买盘
765,11:09:06,12.29,0.04,102,125357,买盘
766,11:08:57,12.25,--,0,0,卖盘
767,11:08:52,12.25,-0.01,3,3675,卖盘
768,11:08:37,12.26,--,1,1226,买盘
769,11:08:31,12.26,--,10,12260,买盘
770,11:08:21,12.26,-0.01,36,44136,卖盘
771,11:08:16,12.27,--,4,4908,买盘
772,11:08:10,12.27,--,5,6135,买盘
773,11:08:01,12.27,0.01,1,1227,买盘
774,11:07:46,12.26,--,35,42910,买盘
775,11:07:40,12.26,0.01,73,89498,买盘
776,11:07:31,12.25,-0.01,20,24500,卖盘
777,11:07:25,12.26,--,17,20842,买盘
778,11:07:16,12.26,0.01,7,8582,买盘
779,11:07:01,12.25,--,32,39200,卖盘
780,11:06:55,12.25,-0.01,4,4900,卖盘
781,11:06:46,12.26,0.01,15,18390,买盘
782,11:06:40,12.25,-0.01,17,20825,卖盘
783,11:06:36,12.26,--,2,2452,买盘
784,11:06:31,12.26,--,8,9808,买盘
785,11:06:25,12.26,-0.01,33,40458,卖盘
786,11:06:10,12.27,--,10,12270,卖盘
787,11:05:45,12.27,--,1,1227,卖盘
788,11:05:40,12.27,-0.01,4,4908,卖盘
789,11:05:31,12.28,0.01,20,24560,买盘
790,11:05:25,12.27,-0.01,10,12270,卖盘
791,11:05:16,12.28,--,10,12280,卖盘
792,11:05:10,12.28,--,4,4912,卖盘
793,11:04:46,12.28,-0.01,10,12280,卖盘
794,11:04:25,12.29,--,5,6145,卖盘
795,11:04:06,12.29,-0.01,20,24580,卖盘
796,11:04:01,12.3,--,20,24600,买盘
797,11:03:46,12.3,-0.01,39,47970,卖盘
798,11:03:31,12.31,-0.02,20,24620,卖盘
799,11:03:21,12.33,0.03,10,12330,买盘
800,11:03:10,12.3,--,0,0,卖盘
801,11:03:06,12.3,-0.02,3,3690,卖盘
802,11:02:51,12.32,0.02,10,12320,买盘
803,11:02:46,12.3,--,2,2460,买盘
804,11:02:40,12.3,0.01,8,9840,买盘
805,11:02:31,12.29,--,88,108151,买盘
806,11:02:25,12.29,--,22,27037,买盘
807,11:02:21,12.29,--,10,12290,买盘
808,11:02:16,12.29,--,9,11061,买盘
809,11:02:10,12.29,--,8,9832,买盘
810,11:02:01,12.29,--,166,204014,买盘
811,11:01:55,12.29,--,16,19664,买盘
812,11:01:46,12.29,--,102,125357,买盘
813,11:01:40,12.29,--,2,2458,买盘
814,11:01:31,12.29,--,0,0,买盘
815,11:01:21,12.29,--,1,1229,买盘
816,11:01:10,12.29,--,10,12290,买盘
817,11:01:05,12.29,--,50,61449,买盘
818,11:01:00,12.29,--,1,1229,买盘
819,11:00:54,12.29,--,5,6145,买盘
820,11:00:40,12.29,0.02,7,8603,买盘
821,11:00:31,12.27,--,22,26994,卖盘
822,11:00:25,12.27,0.01,308,377916,买盘
823,11:00:16,12.26,--,211,258686,买盘
824,11:00:10,12.26,--,2,2452,买盘
825,11:00:04,12.26,--,5,6130,买盘
826,10:59:54,12.26,--,5,6130,买盘
827,10:59:49,12.26,--,5,6130,卖盘
828,10:59:45,12.26,-0.01,52,63752,卖盘
829,10:59:40,12.27,0.01,13,15951,买盘
830,10:59:33,12.26,--,1,1226,卖盘
831,10:59:30,12.26,--,1,1226,卖盘
832,10:59:25,12.26,--,2,2452,卖盘
833,10:59:19,12.26,0.01,60,73560,卖盘
834,10:59:10,12.25,--,25,30625,卖盘
835,10:59:00,12.25,-0.01,86,105350,卖盘
836,10:58:55,12.26,--,1,1226,买盘
837,10:58:49,12.26,--,12,14712,买盘
838,10:58:45,12.26,-0.02,5,6130,买盘
839,10:58:39,12.28,0.02,2,2456,卖盘
840,10:58:33,12.26,--,3,3678,买盘
841,10:58:24,12.26,--,137,167962,卖盘
842,10:58:19,12.26,-0.02,50,61300,卖盘
843,10:58:15,12.28,0.02,77,94556,买盘
844,10:58:10,12.26,-0.02,20,24520,卖盘
845,10:58:04,12.28,--,11,13508,买盘
846,10:57:54,12.28,-0.01,35,42980,卖盘
847,10:57:48,12.29,--,14,17206,买盘
848,10:57:45,12.29,0.01,1,1229,买盘
849,10:57:40,12.28,-0.01,37,45436,卖盘
850,10:57:34,12.29,--,14,17206,买盘
851,10:57:19,12.29,--,154,189266,买盘
852,10:57:15,12.29,0.01,10,12290,买盘
853,10:57:04,12.28,--,40,49120,卖盘
854,10:56:54,12.28,-0.01,10,12280,卖盘
855,10:56:49,12.29,--,87,106922,买盘
856,10:56:34,12.29,0.01,2,2458,买盘
857,10:56:10,12.28,-0.01,21,25788,卖盘
858,10:55:54,12.29,--,3,3686,买盘
859,10:55:49,12.29,--,44,54075,买盘
860,10:55:40,12.29,--,13,15976,买盘
861,10:55:25,12.29,0.04,6,7373,买盘
862,10:55:19,12.25,-0.04,100,122500,卖盘
863,10:55:03,12.29,0.01,22,27037,卖盘
864,10:54:49,12.28,-0.01,12,14736,卖盘
865,10:54:45,12.29,0.01,541,664889,买盘
866,10:54:40,12.28,-0.01,35,42980,卖盘
867,10:54:34,12.29,--,3,3686,买盘
868,10:54:30,12.29,--,3,3686,买盘
869,10:54:25,12.29,--,10,12290,卖盘
870,10:54:19,12.29,-0.01,12,14747,卖盘
871,10:54:10,12.3,0.01,17,20910,买盘
872,10:53:55,12.29,--,36,44244,买盘
873,10:53:40,12.29,-0.01,15,18435,卖盘
874,10:53:34,12.3,--,40,49200,买盘
875,10:53:25,12.3,--,61,75030,卖盘
876,10:53:19,12.3,--,141,173430,卖盘
877,10:53:04,12.3,--,30,36900,卖盘
878,10:52:54,12.3,-0.01,100,123000,卖盘
879,10:52:49,12.31,--,5,6155,卖盘
880,10:52:43,12.31,--,105,129255,卖盘
881,10:52:34,12.31,-0.01,10,12310,卖盘
882,10:52:28,12.32,0.01,1,1232,买盘
883,10:52:19,12.31,-0.01,28,34468,卖盘
884,10:51:58,12.32,--,23,28336,卖盘
885,10:51:49,12.32,-0.03,20,24640,卖盘
886,10:51:42,12.35,0.03,56,69160,买盘
887,10:51:39,12.32,-0.01,138,170016,卖盘
888,10:51:24,12.33,--,10,12330,卖盘
889,10:51:19,12.33,-0.02,5,6165,卖盘
890,10:51:03,12.35,0.02,7,8645,买盘
891,10:50:34,12.33,--,7,8631,买盘
892,10:50:13,12.33,-0.02,43,53019,卖盘
893,10:49:57,12.35,--,3,3705,买盘
894,10:49:54,12.35,0.02,1,1235,买盘
895,10:49:24,12.33,--,10,12330,卖盘
896,10:48:54,12.33,-0.02,50,61650,卖盘
897,10:48:09,12.35,-0.01,52,64220,卖盘
898,10:47:57,12.36,-0.01,56,69216,卖盘
899,10:47:39,12.37,0.01,30,37110,卖盘
900,10:47:33,12.36,--,0,0,卖盘
901,10:47:27,12.36,--,31,38316,卖盘
902,10:46:54,12.36,--,4,4944,买盘
903,10:46:33,12.36,0.03,58,71688,买盘
904,10:46:27,12.33,--,0,0,卖盘
905,10:46:03,12.33,0.01,48,59184,买盘
906,10:45:19,12.32,--,12,14784,买盘
907,10:45:12,12.32,0.01,20,24640,买盘
908,10:45:07,12.31,-0.02,500,615500,卖盘
909,10:44:57,12.33,0.01,114,140562,买盘
910,10:44:48,12.32,--,5,6160,卖盘
911,10:44:36,12.32,--,50,61600,卖盘
912,10:44:33,12.32,-0.01,10,12320,卖盘
913,10:44:12,12.33,--,12,14796,卖盘
914,10:44:06,12.33,--,30,36990,卖盘
915,10:44:03,12.33,--,10,12330,卖盘
916,10:43:57,12.33,--,0,0,卖盘
917,10:43:51,12.33,0.01,50,61650,中性盘
918,10:43:48,12.32,-0.01,33,40656,卖盘
919,10:43:42,12.33,--,10,12330,买盘
920,10:43:27,12.33,-0.02,390,480870,卖盘
921,10:43:21,12.35,-0.01,5,6175,卖盘
922,10:42:57,12.36,--,5,6180,买盘
923,10:42:51,12.36,--,10,12360,买盘
924,10:42:48,12.36,-0.02,5,6180,卖盘
925,10:42:18,12.38,0.03,5,6190,卖盘
926,10:41:57,12.35,--,0,0,卖盘
927,10:41:51,12.35,-0.03,100,123500,卖盘
928,10:40:51,12.38,0.02,10,12380,中性盘
929,10:40:48,12.36,-0.03,60,74160,卖盘
930,10:40:36,12.39,0.02,8,9912,买盘
931,10:40:32,12.37,-0.02,2,2474,卖盘
932,10:39:57,12.39,--,49,60711,卖盘
933,10:38:36,12.39,-0.01,10,12390,卖盘
934,10:37:51,12.4,-0.01,40,50356,卖盘
935,10:37:45,12.41,0.01,9,11169,买盘
936,10:37:00,12.4,--,65,81083,卖盘
937,10:36:42,12.4,-0.01,46,57040,卖盘
938,10:36:36,12.41,0.01,5,6205,买盘
939,10:36:21,12.4,-0.01,25,31000,卖盘
940,10:36:15,12.41,0.01,1,1241,买盘
941,10:36:06,12.4,-0.01,8,9920,卖盘
942,10:35:15,12.41,--,10,12410,买盘
943,10:34:36,12.41,-0.02,2,2482,卖盘
944,10:34:06,12.43,--,0,0,买盘
945,10:34:00,12.43,--,11,13673,买盘
946,10:33:36,12.43,--,39,48477,卖盘
947,10:33:26,12.43,--,11,13673,卖盘
948,10:33:21,12.43,--,0,0,卖盘
949,10:33:12,12.43,-0.02,32,39776,卖盘
950,10:33:00,12.45,--,7,8715,买盘
951,10:32:36,12.45,0.02,15,18675,买盘
952,10:32:30,12.43,-0.02,40,49720,卖盘
953,10:32:11,12.45,--,0,0,买盘
954,10:32:00,12.45,0.05,20,24900,买盘
955,10:31:56,12.4,-0.05,10,12400,卖盘
956,10:31:15,12.45,0.02,3,3735,买盘
957,10:31:06,12.43,--,3,3729,卖盘
958,10:30:39,12.43,0.02,31,38533,买盘
959,10:30:24,12.41,--,0,0,卖盘
960,10:30:15,12.41,--,0,0,中性盘
961,10:30:06,12.41,--,0,0,卖盘
962,10:29:06,12.41,-0.01,2,2482,买盘
963,10:28:51,12.42,--,0,0,中性盘
964,10:28:30,12.42,0.04,10,12420,买盘
965,10:27:45,12.38,--,33,40854,卖盘
966,10:27:39,12.38,0.01,3,3714,买盘
967,10:27:20,12.37,0.01,30,37110,卖盘
968,10:26:39,12.36,--,3,3708,卖盘
969,10:26:21,12.36,--,0,0,卖盘
970,10:26:15,12.36,-0.01,14,17304,卖盘
971,10:26:00,12.37,-0.01,35,43295,卖盘
972,10:25:45,12.38,0.01,5,6190,买盘
973,10:25:15,12.37,0.01,5,6185,买盘
974,10:25:09,12.36,-0.01,30,37080,卖盘
975,10:25:05,12.37,--,30,37110,买盘
976,10:25:00,12.37,--,5,6185,买盘
977,10:24:45,12.37,0.01,10,12370,买盘
978,10:24:30,12.36,--,95,117420,买盘
979,10:24:09,12.36,0.03,1,1236,买盘
980,10:24:03,12.33,--,10,12330,卖盘
981,10:24:00,12.33,--,6,7398,卖盘
982,10:23:54,12.33,0.01,1,1233,中性盘
983,10:23:48,12.32,-0.04,3,3696,卖盘
984,10:23:39,12.36,0.04,63,77868,买盘
985,10:23:33,12.32,--,11,13552,买盘
986,10:23:30,12.32,--,6,7392,卖盘
987,10:23:24,12.32,-0.01,55,67760,卖盘
988,10:23:15,12.33,--,10,12330,买盘
989,10:23:09,12.33,--,97,119601,买盘
990,10:23:03,12.33,--,37,45621,买盘
991,10:22:59,12.33,--,23,28359,买盘
992,10:22:54,12.33,-0.02,354,436482,卖盘
993,10:22:09,12.35,-0.01,50,61750,卖盘
994,10:22:03,12.36,-0.01,34,42024,卖盘
995,10:21:54,12.37,--,50,61849,买盘
996,10:21:30,12.37,0.01,10,12370,买盘
997,10:21:24,12.36,--,13,16068,卖盘
998,10:21:18,12.36,0.01,8,9888,中性盘
999,10:21:15,12.35,-0.02,31,38285,卖盘
1000,10:20:48,12.37,0.02,5,6185,买盘
1001,10:20:39,12.35,-0.02,5,6175,卖盘
1002,10:20:33,12.37,--,5,6185,买盘
1003,10:20:29,12.37,0.02,20,24740,买盘
1004,10:20:24,12.35,-0.02,10,12350,卖盘
1005,10:20:18,12.37,0.02,6,7421,买盘
1006,10:20:15,12.35,--,26,32110,卖盘
1007,10:20:09,12.35,--,30,37050,卖盘
1008,10:19:44,12.35,0.02,2,2470,卖盘
1009,10:19:39,12.33,--,0,0,卖盘
1010,10:19:24,12.33,-0.04,500,616500,卖盘
1011,10:19:18,12.37,--,11,13607,买盘
1012,10:19:09,12.37,--,41,50717,买盘
1013,10:19:03,12.37,--,55,68035,买盘
1014,10:18:39,12.37,-0.02,215,265955,卖盘
1015,10:18:24,12.39,--,28,34692,买盘
1016,10:18:18,12.39,-0.02,220,272580,卖盘
1017,10:18:09,12.41,-0.01,11,13651,卖盘
1018,10:17:33,12.42,-0.01,102,126684,卖盘
1019,10:17:29,12.43,--,9,11187,卖盘
1020,10:17:08,12.43,-0.02,15,18645,卖盘
1021,10:16:24,12.45,--,1,1245,卖盘
1022,10:15:48,12.45,-0.01,5,6225,卖盘
1023,10:15:42,12.46,0.01,10,12460,买盘
1024,10:15:27,12.45,--,20,24900,卖盘
1025,10:14:57,12.45,--,30,37350,卖盘
1026,10:14:27,12.45,--,9,11205,卖盘
1027,10:13:57,12.45,--,0,0,卖盘
1028,10:13:48,12.45,-0.01,300,373500,卖盘
1029,10:13:42,12.46,--,96,119616,卖盘
1030,10:13:33,12.46,--,40,49840,卖盘
1031,10:13:27,12.46,--,0,0,卖盘
1032,10:13:12,12.46,-0.01,110,137060,卖盘
1033,10:13:03,12.47,--,15,18705,买盘
1034,10:12:53,12.47,--,6,7482,买盘
1035,10:12:42,12.47,--,20,24940,买盘
1036,10:12:27,12.47,--,30,37410,卖盘
1037,10:12:18,12.47,--,12,14964,卖盘
1038,10:12:03,12.47,0.01,5,6235,买盘
1039,10:11:12,12.46,--,0,0,卖盘
1040,10:10:38,12.46,-0.02,500,623000,卖盘
1041,10:10:18,12.48,--,4,4992,买盘
1042,10:10:12,12.48,0.02,21,26208,卖盘
1043,10:10:02,12.46,--,8,9968,卖盘
1044,10:09:52,12.46,--,20,24920,卖盘
1045,10:09:47,12.46,--,0,0,卖盘
1046,10:09:42,12.46,-0.03,200,249200,卖盘
1047,10:09:36,12.49,0.01,6,7494,买盘
1048,10:09:33,12.48,--,29,36192,买盘
1049,10:09:12,12.48,--,1,1248,买盘
1050,10:09:06,12.48,0.01,5,6240,买盘
1051,10:08:57,12.47,0.01,7,8729,买盘
1052,10:08:12,12.46,-0.01,3,3738,卖盘
1053,10:07:47,12.47,-0.02,1,1247,卖盘
1054,10:07:36,12.49,--,0,0,买盘
1055,10:07:27,12.49,0.01,15,18735,买盘
1056,10:07:21,12.48,-0.01,5,6240,卖盘
1057,10:06:47,12.49,0.01,54,67446,买盘
1058,10:06:32,12.48,--,34,42432,卖盘
1059,10:06:27,12.48,-0.01,3,3744,卖盘
1060,10:05:57,12.49,--,3,3747,买盘
1061,10:05:51,12.49,-0.01,133,166117,卖盘
1062,10:05:36,12.5,--,20,25000,买盘
1063,10:05:02,12.5,0.01,8,10000,买盘
1064,10:04:47,12.49,--,1,1249,卖盘
1065,10:04:21,12.49,--,89,111161,买盘
1066,10:04:02,12.49,--,7,8743,买盘
1067,10:03:41,12.49,--,0,0,买盘
1068,10:03:36,12.49,0.01,60,74940,买盘
1069,10:03:21,12.48,--,36,44928,买盘
1070,10:03:12,12.48,--,3,3744,买盘
1071,10:03:06,12.48,--,32,39936,买盘
1072,10:03:02,12.48,0.02,15,18720,买盘
1073,10:02:27,12.46,--,152,189392,买盘
1074,10:02:21,12.46,0.01,8,9968,买盘
1075,10:02:06,12.45,--,5,6225,卖盘
1076,10:01:45,12.45,--,30,37350,卖盘
1077,10:01:21,12.45,--,63,78435,买盘
1078,10:01:15,12.45,0.01,15,18675,买盘
1079,10:01:06,12.44,--,70,87080,卖盘
1080,10:00:56,12.44,0.03,10,12440,买盘
1081,10:00:51,12.41,--,0,0,卖盘
1082,10:00:36,12.41,-0.03,25,31025,卖盘
1083,10:00:30,12.44,0.04,27,33588,买盘
1084,10:00:21,12.4,-0.01,40,49600,卖盘
1085,10:00:15,12.41,--,9,11169,买盘
1086,10:00:06,12.41,--,2,2482,买盘
1087,09:59:56,12.41,--,44,54604,买盘
1088,09:59:51,12.41,0.01,55,68255,买盘
1089,09:59:41,12.4,-0.02,8,9920,卖盘
1090,09:59:36,12.42,0.01,45,55890,买盘
1091,09:59:26,12.41,--,2,2482,卖盘
1092,09:59:21,12.41,--,45,55845,卖盘
1093,09:59:06,12.41,-0.01,36,44676,卖盘
1094,09:59:00,12.42,--,27,33534,卖盘
1095,09:58:45,12.42,--,0,0,卖盘
1096,09:58:41,12.42,-0.03,315,391230,卖盘
1097,09:58:26,12.45,-0.01,215,267675,卖盘
1098,09:58:20,12.46,-0.01,20,24920,卖盘
1099,09:58:15,12.47,--,6,7482,买盘
1100,09:58:00,12.47,--,19,23693,卖盘
1101,09:57:50,12.47,--,26,32422,卖盘
1102,09:57:45,12.47,--,10,12470,卖盘
1103,09:57:30,12.47,--,92,114724,买盘
1104,09:57:26,12.47,0.01,33,41151,买盘
1105,09:57:21,12.46,--,0,0,卖盘
1106,09:57:06,12.46,-0.02,20,24920,卖盘
1107,09:57:00,12.48,0.02,56,69888,买盘
1108,09:56:56,12.46,--,10,12460,卖盘
1109,09:56:50,12.46,-0.02,9,11214,卖盘
1110,09:56:35,12.48,--,13,16224,卖盘
1111,09:56:20,12.48,--,8,9984,买盘
1112,09:56:15,12.48,--,22,27456,卖盘
1113,09:56:05,12.48,-0.01,2,2496,卖盘
1114,09:55:40,12.49,-0.01,366,457134,卖盘
1115,09:55:30,12.5,-0.01,15,18750,卖盘
1116,09:55:15,12.51,--,90,112590,卖盘
1117,09:55:09,12.51,-0.02,5,6255,卖盘
1118,09:55:06,12.53,0.03,5,6265,买盘
1119,09:55:00,12.5,-0.01,100,125000,卖盘
1120,09:54:45,12.51,-0.01,65,81315,卖盘
1121,09:54:35,12.52,--,5,6260,买盘
1122,09:54:30,12.52,0.01,8,10016,买盘
1123,09:54:24,12.51,--,9,11259,卖盘
1124,09:54:20,12.51,--,5,6255,卖盘
1125,09:54:15,12.51,--,20,25020,卖盘
1126,09:54:09,12.51,-0.01,10,12510,卖盘
1127,09:54:05,12.52,0.01,1,1252,买盘
1128,09:53:54,12.51,0.01,12,15012,卖盘
1129,09:53:45,12.5,--,0,0,卖盘
1130,09:53:39,12.5,--,104,130000,卖盘
1131,09:53:35,12.5,--,25,31250,卖盘
1132,09:53:24,12.5,--,8,10000,卖盘
1133,09:53:15,12.5,0.01,58,72500,买盘
1134,09:52:50,12.49,--,4,4996,卖盘
1135,09:52:44,12.49,-0.01,10,12490,卖盘
1136,09:52:39,12.5,0.01,250,312500,买盘
1137,09:52:24,12.49,--,10,12490,卖盘
1138,09:52:20,12.49,-0.01,400,499600,卖盘
1139,09:52:14,12.5,0.01,17,21250,买盘
1140,09:52:09,12.49,--,51,63699,卖盘
1141,09:51:59,12.49,--,25,31225,卖盘
1142,09:51:54,12.49,--,58,72442,买盘
1143,09:51:39,12.49,-0.01,20,24980,中性盘
1144,09:51:35,12.5,0.02,10,12500,买盘
1145,09:51:29,12.48,-0.02,118,147264,卖盘
1146,09:51:24,12.5,--,49,61250,买盘
1147,09:51:14,12.5,-0.04,52,65000,卖盘
1148,09:51:09,12.54,--,20,25080,买盘
1149,09:51:05,12.54,-0.01,30,37620,卖盘
1150,09:50:59,12.55,--,10,12550,买盘
1151,09:50:50,12.55,0.05,10,12550,买盘
1152,09:50:44,12.5,--,80,100000,卖盘
1153,09:50:39,12.5,0.01,39,48750,买盘
1154,09:50:35,12.49,-0.01,314,392186,卖盘
1155,09:50:29,12.5,0.01,5,6250,买盘
1156,09:50:24,12.49,--,14,17486,卖盘
1157,09:50:20,12.49,-0.01,36,45600,卖盘
1158,09:50:14,12.5,0.01,105,131250,买盘
1159,09:50:09,12.49,--,30,37470,卖盘
1160,09:50:05,12.49,--,6,7494,卖盘
1161,09:49:59,12.49,0.02,235,293515,买盘
1162,09:49:54,12.47,-0.01,10,12470,卖盘
1163,09:49:44,12.48,-0.01,1,1248,中性盘
1164,09:49:34,12.49,0.01,20,24980,买盘
1165,09:49:29,12.48,0.02,10,12480,买盘
1166,09:49:24,12.46,--,6,7476,卖盘
1167,09:49:14,12.46,-0.02,5,6230,卖盘
1168,09:49:04,12.48,0.02,6,7488,买盘
1169,09:48:54,12.46,--,0,0,中性盘
1170,09:48:49,12.46,0.01,10,12460,买盘
1171,09:48:44,12.45,--,3,3735,卖盘
1172,09:48:29,12.45,0.03,67,83415,买盘
1173,09:48:24,12.42,--,13,16146,买盘
1174,09:48:18,12.42,0.01,17,21114,买盘
1175,09:48:09,12.41,--,6,7446,卖盘
1176,09:48:03,12.41,-0.01,10,12410,卖盘
1177,09:47:54,12.42,0.02,1,1242,买盘
1178,09:47:33,12.4,-0.01,13,16120,买盘
1179,09:47:29,12.41,--,0,0,中性盘
1180,09:47:24,12.41,0.02,50,62050,买盘
1181,09:47:03,12.39,--,0,0,卖盘
1182,09:46:54,12.39,-0.02,6,7434,卖盘
1183,09:46:48,12.41,0.02,6,7446,买盘
1184,09:46:29,12.39,--,23,28497,卖盘
1185,09:46:24,12.39,--,11,13629,卖盘
1186,09:46:08,12.39,--,10,12390,卖盘
1187,09:46:03,12.39,--,70,86730,买盘
1188,09:45:53,12.39,0.03,10,12390,买盘
1189,09:45:38,12.36,--,206,254616,买盘
1190,09:45:33,12.36,--,202,249672,买盘
1191,09:45:23,12.36,--,50,61800,买盘
1192,09:45:18,12.36,-0.03,72,88992,卖盘
1193,09:45:08,12.39,--,3,3717,买盘
1194,09:45:03,12.39,-0.01,15,18585,买盘
1195,09:44:53,12.4,0.05,300,372000,买盘
1196,09:44:48,12.35,-0.04,20,24700,卖盘
1197,09:44:38,12.39,--,19,23541,卖盘
1198,09:44:33,12.39,0.04,281,348159,买盘
1199,09:44:29,12.35,--,1,1235,卖盘
1200,09:44:23,12.35,0.01,5,6175,卖盘
1201,09:43:48,12.34,0.01,4,4936,卖盘
1202,09:43:44,12.33,--,0,0,卖盘
1203,09:43:18,12.33,--,0,0,卖盘
1204,09:43:08,12.33,-0.02,10,12330,卖盘
1205,09:42:58,12.35,-0.04,5,6175,卖盘
1206,09:42:23,12.39,--,22,27258,卖盘
1207,09:42:18,12.39,0.08,10,12390,卖盘
1208,09:42:08,12.31,--,0,0,卖盘
1209,09:42:03,12.31,--,0,0,卖盘
1210,09:41:58,12.31,-0.08,400,492400,卖盘
1211,09:41:53,12.39,--,21,26019,买盘
1212,09:41:48,12.39,--,25,30975,买盘
1213,09:41:33,12.39,--,6,7434,买盘
1214,09:41:18,12.39,--,3,3717,买盘
1215,09:41:08,12.39,0.04,10,12390,买盘
1216,09:41:03,12.35,--,0,0,卖盘
1217,09:40:57,12.35,--,3,3705,卖盘
1218,09:40:48,12.35,--,35,43225,卖盘
1219,09:40:38,12.35,--,0,0,卖盘
1220,09:40:33,12.35,--,16,19760,卖盘
1221,09:40:23,12.35,-0.04,5,6175,卖盘
1222,09:40:18,12.39,--,45,55755,卖盘
1223,09:40:12,12.39,0.04,3,3717,中性盘
1224,09:40:08,12.35,--,1,1235,卖盘
1225,09:40:03,12.35,-0.04,50,61750,卖盘
1226,09:39:57,12.39,0.04,90,111510,买盘
1227,09:39:53,12.35,--,10,12350,卖盘
1228,09:39:48,12.35,--,10,12350,卖盘
1229,09:39:42,12.35,--,0,0,卖盘
1230,09:39:32,12.35,--,5,6175,买盘
1231,09:39:17,12.35,0.04,14,17290,买盘
1232,09:39:12,12.31,--,13,16003,卖盘
1233,09:39:08,12.31,--,4,4924,买盘
1234,09:39:02,12.31,0.01,24,29544,买盘
1235,09:38:57,12.3,-0.01,12,14760,卖盘
1236,09:38:53,12.31,--,5,6155,买盘
1237,09:38:47,12.31,--,58,71398,买盘
1238,09:38:32,12.31,0.02,55,67766,买盘
1239,09:38:27,12.29,0.01,50,61449,买盘
1240,09:38:23,12.28,-0.03,10,12280,卖盘
1241,09:38:17,12.31,--,0,0,买盘
1242,09:38:12,12.31,0.03,505,621655,买盘
1243,09:38:02,12.28,-0.02,95,116660,卖盘
1244,09:37:53,12.3,--,0,0,买盘
1245,09:37:47,12.3,--,157,193110,卖盘
1246,09:37:38,12.3,--,21,25830,卖盘
1247,09:37:32,12.3,-0.01,130,159900,卖盘
1248,09:37:27,12.31,-0.02,47,57857,卖盘
1249,09:37:23,12.33,-0.02,15,18495,买盘
1250,09:37:17,12.35,--,135,166725,买盘
1251,09:37:02,12.35,-0.04,20,24700,卖盘
1252,09:36:57,12.39,--,0,0,买盘
1253,09:36:53,12.39,--,50,61950,买盘
1254,09:36:47,12.39,--,0,1177,卖盘
1255,09:36:42,12.39,--,200,247861,买盘
1256,09:36:27,12.39,--,0,0,买盘
1257,09:36:12,12.39,--,27,34630,卖盘
1258,09:36:08,12.39,-0.01,55,68145,卖盘
1259,09:35:47,12.4,-0.01,49,60760,卖盘
1260,09:35:42,12.41,--,88,109208,买盘
1261,09:35:32,12.41,0.01,446,553486,买盘
1262,09:35:27,12.4,-0.01,21,26040,卖盘
1263,09:35:12,12.41,0.01,8,9928,买盘
1264,09:35:07,12.4,--,15,18600,卖盘
1265,09:35:02,12.4,--,50,62000,卖盘
1266,09:34:42,12.4,--,16,19840,卖盘
1267,09:34:27,12.4,--,2,2480,买盘
1268,09:34:22,12.4,0.01,20,24800,买盘
1269,09:34:17,12.39,-0.01,4,4956,卖盘
1270,09:34:12,12.4,--,50,62000,买盘
1271,09:34:02,12.4,--,3,3720,买盘
1272,09:33:57,12.4,0.01,10,12400,买盘
1273,09:33:47,12.39,--,7,8673,卖盘
1274,09:33:42,12.39,--,11,13690,买盘
1275,09:33:36,12.39,--,113,141184,买盘
1276,09:33:32,12.39,0.02,5,6195,买盘
1277,09:33:27,12.37,--,0,61,卖盘
1278,09:33:17,12.37,--,10,12370,卖盘
1279,09:33:06,12.37,0.07,14,17318,买盘
1280,09:33:02,12.3,--,0,0,卖盘
1281,09:32:56,12.3,-0.05,270,332518,卖盘
1282,09:32:51,12.35,0.02,49,60515,中性盘
1283,09:32:41,12.33,0.01,5,6165,买盘
1284,09:32:36,12.32,0.02,10,12320,卖盘
1285,09:32:32,12.3,--,0,0,卖盘
1286,09:32:26,12.3,-0.02,34,41820,卖盘
1287,09:32:17,12.32,0.03,10,12320,买盘
1288,09:32:11,12.29,--,60,73740,卖盘
1289,09:32:06,12.29,0.01,7,8603,卖盘
1290,09:32:02,12.28,--,23,28244,卖盘
1291,09:31:56,12.28,--,153,187884,卖盘
1292,09:31:51,12.28,-0.01,5,6140,卖盘
1293,09:31:47,12.29,--,7,8603,买盘
1294,09:31:41,12.29,0.04,10,12290,中性盘
1295,09:31:36,12.25,-0.06,85,104125,卖盘
1296,09:31:32,12.31,0.03,3,3693,买盘
1297,09:31:21,12.28,--,0,0,卖盘
1298,09:31:17,12.28,-0.04,50,61400,卖盘
1299,09:31:11,12.32,--,36,44352,买盘
1300,09:31:06,12.32,--,10,12320,买盘
1301,09:31:02,12.32,--,40,49280,买盘
1302,09:30:56,12.32,--,248,305536,卖盘
1303,09:30:47,12.32,-0.02,12,14784,卖盘
1304,09:30:36,12.34,-0.03,26,32084,卖盘
1305,09:30:06,12.37,-0.03,293,362441,卖盘
1306,09:28:52,12.4,--,0,0,卖盘
1307,09:25:05,12.4,12.4,212,262880,买盘
