,time,price,change,volume,amount,type
0,15:00:00,16.16,-0.01,0,0,卖盘
1,14:59:59,16.17,0.01,12,19404,买盘
2,14:59:57,16.16,--,20,32320,卖盘
3,14:59:53,16.16,--,195,315120,卖盘
4,14:59:47,16.16,--,255,412080,卖盘
5,14:59:42,16.16,0.01,516,833856,买盘
6,14:59:38,16.15,--,191,308465,卖盘
7,14:59:32,16.15,--,142,229329,卖盘
8,14:59:27,16.15,--,22,35530,卖盘
9,14:59:23,16.15,--,45,72675,卖盘
10,14:59:17,16.15,--,182,293930,卖盘
11,14:59:12,16.15,-0.01,1037,1674754,卖盘
12,14:59:08,16.16,0.01,58,93728,买盘
13,14:59:02,16.15,--,210,339699,卖盘
14,14:58:57,16.15,--,183,295545,卖盘
15,14:58:53,16.15,--,21,33915,卖盘
16,14:58:47,16.15,-0.01,21,33915,卖盘
17,14:58:42,16.16,0.01,91,147056,买盘
18,14:58:38,16.15,-0.01,36,58139,卖盘
19,14:58:32,16.16,0.01,26,42016,买盘
20,14:58:27,16.15,--,283,457044,卖盘
21,14:58:23,16.15,-0.01,21,33915,卖盘
22,14:58:17,16.16,0.01,146,235936,买盘
23,14:58:12,16.15,--,23,37145,卖盘
24,14:58:08,16.15,--,24,38760,卖盘
25,14:58:02,16.15,-0.01,14,22609,卖盘
26,14:57:57,16.16,0.01,108,174528,买盘
27,14:57:52,16.15,--,60,96899,卖盘
28,14:57:47,16.15,--,12,19380,卖盘
29,14:57:32,16.15,-0.01,11,17765,卖盘
30,14:57:27,16.16,--,111,179376,买盘
31,14:57:17,16.16,0.01,174,281184,买盘
32,14:57:12,16.15,--,163,263245,卖盘
33,14:57:07,16.15,-0.01,8,12919,卖盘
34,14:57:02,16.16,--,45,72720,买盘
35,14:56:57,16.16,0.01,86,138976,买盘
36,14:56:52,16.15,-0.02,10,16149,卖盘
37,14:56:47,16.17,--,126,203742,买盘
38,14:56:42,16.17,0.01,73,118041,买盘
39,14:56:37,16.16,--,0,0,中性盘
40,14:56:32,16.16,-0.01,26,42016,卖盘
41,14:56:22,16.17,0.01,2,3234,买盘
42,14:56:17,16.16,--,20,32320,卖盘
43,14:56:12,16.16,-0.01,139,224624,中性盘
44,14:56:06,16.17,--,44,71148,买盘
45,14:56:02,16.17,0.01,195,315315,买盘
46,14:55:57,16.16,-0.01,98,158368,卖盘
47,14:55:51,16.17,--,45,72765,买盘
48,14:55:47,16.17,0.01,99,160083,买盘
49,14:55:42,16.16,-0.01,24,38784,卖盘
50,14:55:36,16.17,--,124,200508,买盘
51,14:55:32,16.17,0.01,206,333102,买盘
52,14:55:27,16.16,--,59,95344,卖盘
53,14:55:21,16.16,--,27,43632,卖盘
54,14:55:17,16.16,--,13,21008,卖盘
55,14:55:12,16.16,-0.01,5,8080,卖盘
56,14:55:06,16.17,0.01,125,202125,买盘
57,14:55:02,16.16,--,16,25856,卖盘
58,14:54:56,16.16,--,1,1616,卖盘
59,14:54:51,16.16,-0.01,20,32320,卖盘
60,14:54:47,16.17,-0.01,59,95403,卖盘
61,14:54:41,16.18,0.02,149,241082,买盘
62,14:54:32,16.16,-0.02,6,9696,卖盘
63,14:54:26,16.18,--,0,0,买盘
64,14:54:21,16.18,--,0,0,买盘
65,14:54:17,16.18,0.03,134,216812,买盘
66,14:54:11,16.15,-0.01,20,32299,卖盘
67,14:54:06,16.16,--,57,92112,买盘
68,14:54:02,16.16,0.01,3,4848,中性盘
69,14:53:56,16.15,-0.03,8,12919,卖盘
70,14:53:47,16.18,0.02,318,514524,买盘
71,14:53:41,16.16,0.01,7,11312,中性盘
72,14:53:36,16.15,-0.03,36,58139,卖盘
73,14:53:32,16.18,0.02,134,216812,买盘
74,14:53:26,16.16,--,235,379760,卖盘
75,14:53:21,16.16,-0.02,2,3232,卖盘
76,14:53:17,16.18,0.01,524,847832,买盘
77,14:53:11,16.17,--,2128,3440976,买盘
78,14:53:06,16.17,0.01,624,1009008,买盘
79,14:53:02,16.16,--,66,106656,买盘
80,14:52:56,16.16,--,124,200384,买盘
81,14:52:51,16.16,--,102,164832,买盘
82,14:52:47,16.16,--,27,43632,买盘
83,14:52:41,16.16,--,15,24240,买盘
84,14:52:36,16.16,0.01,7,11312,买盘
85,14:52:26,16.15,--,30,48449,卖盘
86,14:52:21,16.15,-0.01,2,3229,卖盘
87,14:52:17,16.16,0.01,2,3232,买盘
88,14:52:11,16.15,--,8,12919,卖盘
89,14:52:06,16.15,--,17,27454,卖盘
90,14:51:56,16.15,-0.02,20,32299,卖盘
91,14:51:51,16.17,0.01,100,161700,买盘
92,14:51:41,16.16,--,69,112619,卖盘
93,14:51:36,16.16,-0.01,33,53328,卖盘
94,14:51:31,16.17,0.01,145,234465,买盘
95,14:51:26,16.16,0.01,308,498228,买盘
96,14:51:21,16.15,-0.01,7,11304,卖盘
97,14:51:17,16.16,--,17,27472,买盘
98,14:51:11,16.16,0.01,231,373296,买盘
99,14:51:06,16.15,-0.01,87,140505,卖盘
100,14:51:01,16.16,--,159,256944,买盘
101,14:50:51,16.16,0.01,120,193920,买盘
102,14:50:46,16.15,--,15,24224,卖盘
103,14:50:41,16.15,--,25,40794,卖盘
104,14:50:36,16.15,-0.01,27,43604,卖盘
105,14:50:31,16.16,0.01,168,271488,买盘
106,14:50:26,16.15,-0.01,57,92054,卖盘
107,14:50:16,16.16,--,126,203616,买盘
108,14:50:11,16.16,0.01,151,244016,买盘
109,14:50:06,16.15,-0.01,117,188954,卖盘
110,14:50:01,16.16,0.01,128,206848,买盘
111,14:49:56,16.15,--,20,32299,卖盘
112,14:49:51,16.15,--,12,19380,卖盘
113,14:49:46,16.15,--,2,3229,卖盘
114,14:49:41,16.15,--,500,807499,卖盘
115,14:49:36,16.15,--,102,164875,卖盘
116,14:49:31,16.15,--,5,8074,卖盘
117,14:49:26,16.15,--,4,6459,卖盘
118,14:49:15,16.15,-0.01,10,16149,卖盘
119,14:49:11,16.16,0.01,54,87264,买盘
120,14:49:06,16.15,--,15,24224,卖盘
121,14:49:00,16.15,--,19,30684,卖盘
122,14:48:56,16.15,--,45,72675,卖盘
123,14:48:50,16.15,--,12,19380,卖盘
124,14:48:41,16.15,--,25,40375,卖盘
125,14:48:35,16.15,--,15,24224,卖盘
126,14:48:30,16.15,-0.01,1,1614,卖盘
127,14:48:26,16.16,0.01,158,255328,买盘
128,14:48:20,16.15,--,66,106589,卖盘
129,14:48:15,16.15,-0.01,69,111434,卖盘
130,14:48:11,16.16,0.01,55,88880,买盘
131,14:48:05,16.15,-0.01,55,88824,卖盘
132,14:47:56,16.16,0.01,263,425008,买盘
133,14:47:50,16.15,--,77,124354,卖盘
134,14:47:41,16.15,--,30,48449,卖盘
135,14:47:35,16.15,--,63,103020,卖盘
136,14:47:30,16.15,--,1,1614,卖盘
137,14:47:26,16.15,--,51,82365,卖盘
138,14:47:20,16.15,-0.01,593,957694,卖盘
139,14:47:11,16.16,0.01,237,382992,买盘
140,14:47:05,16.15,--,155,250324,卖盘
141,14:46:56,16.15,-0.01,90,145350,卖盘
142,14:46:50,16.16,0.01,14,22624,买盘
143,14:46:45,16.15,--,5,8074,卖盘
144,14:46:41,16.15,--,115,185724,卖盘
145,14:46:26,16.15,-0.01,255,411824,卖盘
146,14:46:11,16.16,--,20,32320,买盘
147,14:46:05,16.16,0.01,46,74336,买盘
148,14:45:56,16.15,-0.01,15,24224,卖盘
149,14:45:50,16.16,--,344,556017,卖盘
150,14:45:45,16.16,--,100,161600,卖盘
151,14:45:41,16.16,--,26,42016,卖盘
152,14:45:30,16.16,--,525,848400,卖盘
153,14:45:26,16.16,-0.01,25,40400,卖盘
154,14:45:20,16.17,0.01,22,35574,买盘
155,14:45:15,16.16,--,218,352288,卖盘
156,14:45:11,16.16,--,30,48480,卖盘
157,14:45:05,16.16,--,945,1528622,买盘
158,14:44:55,16.16,--,5,8080,买盘
159,14:44:50,16.16,0.02,190,307040,买盘
160,14:44:45,16.14,--,15,24210,卖盘
161,14:44:40,16.14,-0.02,39,62946,卖盘
162,14:44:35,16.16,0.01,255,412080,买盘
163,14:44:30,16.15,0.01,353,571403,买盘
164,14:44:25,16.14,--,2,3228,卖盘
165,14:44:20,16.14,-0.01,21,33894,卖盘
166,14:44:15,16.15,--,64,103359,买盘
167,14:44:10,16.15,--,5,8074,买盘
168,14:44:05,16.15,0.01,14,22609,买盘
169,14:44:00,16.14,-0.01,4,6456,卖盘
170,14:43:55,16.15,0.01,6,9690,买盘
171,14:43:50,16.14,--,77,124278,卖盘
172,14:43:45,16.14,--,70,112980,卖盘
173,14:43:35,16.14,-0.01,165,266310,卖盘
174,14:43:30,16.15,0.01,63,101744,买盘
175,14:43:25,16.14,--,11,17754,卖盘
176,14:43:20,16.14,--,114,183996,买盘
177,14:43:05,16.14,0.02,100,161400,买盘
178,14:43:00,16.12,-0.01,5,8060,卖盘
179,14:42:55,16.13,-0.02,23,37099,卖盘
180,14:42:50,16.15,0.01,181,292315,买盘
181,14:42:45,16.14,--,28,45192,买盘
182,14:42:40,16.14,--,440,710160,卖盘
183,14:42:35,16.14,--,120,193680,卖盘
184,14:42:29,16.14,--,15,24210,卖盘
185,14:42:24,16.14,0.02,467,753738,买盘
186,14:42:20,16.12,-0.01,4,6448,卖盘
187,14:42:14,16.13,--,152,245175,卖盘
188,14:42:05,16.13,--,10,16129,卖盘
189,14:41:59,16.13,--,109,175817,卖盘
190,14:41:54,16.13,--,2,3226,卖盘
191,14:41:50,16.13,-0.01,114,183882,卖盘
192,14:41:44,16.14,0.01,200,322800,买盘
193,14:41:39,16.13,--,7,11291,卖盘
194,14:41:29,16.13,--,31,50003,卖盘
195,14:41:20,16.13,--,19,30646,卖盘
196,14:41:09,16.13,--,18,29034,卖盘
197,14:41:05,16.13,0.01,550,887150,买盘
198,14:40:59,16.12,--,10,16120,卖盘
199,14:40:54,16.12,--,51,82212,卖盘
200,14:40:49,16.12,--,139,224068,卖盘
201,14:40:35,16.12,-0.01,5,8060,卖盘
202,14:40:29,16.13,--,48,77424,买盘
203,14:40:19,16.13,-0.01,282,454866,卖盘
204,14:40:14,16.14,0.01,31,50034,买盘
205,14:39:59,16.13,--,22,35486,卖盘
206,14:39:50,16.13,--,42,67746,卖盘
207,14:39:44,16.13,--,1,1613,卖盘
208,14:39:39,16.13,--,10,16129,卖盘
209,14:39:34,16.13,-0.01,10,16129,卖盘
210,14:39:29,16.14,--,11,17754,买盘
211,14:39:24,16.14,0.01,44,71016,买盘
212,14:39:19,16.13,-0.01,10,16129,卖盘
213,14:39:09,16.14,0.01,2,3228,买盘
214,14:39:04,16.13,-0.01,4,6452,卖盘
215,14:38:54,16.14,--,6,9684,卖盘
216,14:38:49,16.14,0.01,335,540690,买盘
217,14:38:44,16.13,--,11,17743,卖盘
218,14:38:39,16.13,-0.01,5,8064,卖盘
219,14:38:34,16.14,0.01,15,24210,买盘
220,14:38:29,16.13,-0.01,39,62906,卖盘
221,14:38:19,16.14,-0.01,18,29052,卖盘
222,14:38:14,16.15,0.02,499,805884,买盘
223,14:38:09,16.13,--,18,29034,卖盘
224,14:38:04,16.13,--,9,14517,卖盘
225,14:37:59,16.13,--,35,56455,卖盘
226,14:37:54,16.13,-0.01,43,69359,卖盘
227,14:37:44,16.14,0.01,2037,3287718,买盘
228,14:37:39,16.13,--,5,8064,卖盘
229,14:37:34,16.13,--,3,4839,卖盘
230,14:37:29,16.13,--,11,17743,卖盘
231,14:37:24,16.13,--,51,82263,卖盘
232,14:37:19,16.13,--,10,16129,卖盘
233,14:37:14,16.13,-0.01,2,3226,卖盘
234,14:37:09,16.14,0.01,10,16140,买盘
235,14:37:04,16.13,-0.01,4,6452,卖盘
236,14:36:59,16.14,0.02,54,87156,买盘
237,14:36:54,16.12,--,0,0,卖盘
238,14:36:49,16.12,--,22,35464,卖盘
239,14:36:44,16.12,-0.02,2,3224,卖盘
240,14:36:38,16.14,0.02,51,82314,中性盘
241,14:36:29,16.12,-0.02,146,235352,卖盘
242,14:36:23,16.14,0.02,1961,3165054,买盘
243,14:36:14,16.12,--,16,25792,卖盘
244,14:36:04,16.12,--,4,6448,卖盘
245,14:35:59,16.12,--,0,854,卖盘
246,14:35:53,16.12,-0.01,33,53196,卖盘
247,14:35:49,16.13,0.01,85,137105,买盘
248,14:35:38,16.12,--,400,644800,卖盘
249,14:35:33,16.12,--,25,40300,卖盘
250,14:35:29,16.12,--,22,35464,卖盘
251,14:35:18,16.12,-0.01,10,16120,卖盘
252,14:35:13,16.13,0.01,55,88715,买盘
253,14:35:08,16.12,--,12,19344,卖盘
254,14:35:03,16.12,-0.01,5,8060,卖盘
255,14:34:58,16.13,--,107,172591,卖盘
256,14:34:53,16.13,--,514,829082,卖盘
257,14:34:48,16.13,--,610,983929,卖盘
258,14:34:43,16.13,--,100,161300,卖盘
259,14:34:38,16.13,--,8,12904,卖盘
260,14:34:28,16.13,--,220,354860,卖盘
261,14:34:23,16.13,--,1,1613,卖盘
262,14:34:18,16.13,-0.01,5,8064,卖盘
263,14:34:13,16.14,0.01,54,87156,买盘
264,14:34:03,16.13,--,4,6452,卖盘
265,14:33:58,16.13,-0.01,16,25808,卖盘
266,14:33:53,16.14,-0.01,60,96840,卖盘
267,14:33:48,16.15,0.01,70,113049,买盘
268,14:33:43,16.14,--,21,33894,卖盘
269,14:33:38,16.14,--,613,989382,卖盘
270,14:33:33,16.14,--,6,9684,卖盘
271,14:33:28,16.14,--,36,58104,卖盘
272,14:33:23,16.14,0.01,9,14526,卖盘
273,14:33:13,16.13,--,0,0,卖盘
274,14:33:08,16.13,--,30,48390,卖盘
275,14:33:03,16.13,-0.02,4,6452,卖盘
276,14:32:58,16.15,--,35,56524,买盘
277,14:32:48,16.15,--,207,335613,卖盘
278,14:32:43,16.15,--,27,43604,卖盘
279,14:32:38,16.15,0.01,397,641461,买盘
280,14:32:33,16.14,0.01,208,335712,买盘
281,14:32:23,16.13,--,10,16129,卖盘
282,14:32:13,16.13,--,20,32259,卖盘
283,14:32:03,16.13,-0.01,42,69052,卖盘
284,14:31:58,16.14,0.01,172,277914,买盘
285,14:31:53,16.13,-0.01,1,1613,卖盘
286,14:31:48,16.14,0.02,19,30666,买盘
287,14:31:43,16.12,-0.02,582,938184,卖盘
288,14:31:38,16.14,--,7,12605,卖盘
289,14:31:28,16.14,--,24,38736,卖盘
290,14:31:23,16.14,--,16,25824,卖盘
291,14:31:18,16.14,0.02,502,810534,买盘
292,14:31:13,16.12,--,48,77376,卖盘
293,14:31:08,16.12,--,31,49972,卖盘
294,14:31:03,16.12,--,69,111228,卖盘
295,14:30:58,16.12,--,40,64480,卖盘
296,14:30:53,16.12,-0.01,45,72556,卖盘
297,14:30:48,16.13,0.01,64,103232,买盘
298,14:30:38,16.12,--,60,96720,卖盘
299,14:30:33,16.12,--,185,298220,卖盘
300,14:30:28,16.12,-0.01,214,344968,卖盘
301,14:30:17,16.13,--,132,214222,卖盘
302,14:30:13,16.13,--,300,483899,卖盘
303,14:30:08,16.13,--,36,58068,卖盘
304,14:30:02,16.13,--,25,40325,卖盘
305,14:29:58,16.13,--,16,25808,卖盘
306,14:29:47,16.13,-0.01,587,946830,卖盘
307,14:29:28,16.14,0.01,7,11298,买盘
308,14:29:13,16.13,--,0,0,卖盘
309,14:29:08,16.13,-0.01,70,112910,卖盘
310,14:29:02,16.14,-0.01,69,111366,卖盘
311,14:28:47,16.15,0.01,6,9690,买盘
312,14:28:32,16.14,--,1,1614,卖盘
313,14:28:02,16.14,-0.02,96,156089,卖盘
314,14:27:47,16.16,0.01,120,194340,买盘
315,14:27:42,16.15,--,1,1614,卖盘
316,14:27:37,16.15,--,42,68928,卖盘
317,14:27:32,16.15,0.01,176,284336,买盘
318,14:27:27,16.14,--,20,32280,卖盘
319,14:27:17,16.14,--,38,62429,卖盘
320,14:27:02,16.14,--,26,43061,卖盘
321,14:26:52,16.14,-0.01,3,4842,卖盘
322,14:26:47,16.15,0.01,29,46834,买盘
323,14:26:37,16.14,--,22,36605,卖盘
324,14:26:27,16.14,--,10,16140,卖盘
325,14:26:17,16.14,--,184,298073,卖盘
326,14:26:02,16.14,-0.01,36,59201,卖盘
327,14:25:52,16.15,--,100,161500,买盘
328,14:25:47,16.15,--,325,524875,买盘
329,14:25:42,16.15,0.01,2,3229,买盘
330,14:25:37,16.14,-0.01,37,60815,卖盘
331,14:25:27,16.15,0.01,18,29069,买盘
332,14:25:17,16.14,--,99,160367,卖盘
333,14:25:02,16.14,--,5,8070,卖盘
334,14:24:57,16.14,-0.01,16,25824,卖盘
335,14:24:52,16.15,-0.01,260,421418,卖盘
336,14:24:47,16.16,0.01,210,339360,买盘
337,14:24:37,16.15,--,27,44703,卖盘
338,14:24:32,16.15,--,81,130814,卖盘
339,14:24:17,16.15,--,23,38243,卖盘
340,14:24:07,16.15,0.01,97,157785,买盘
341,14:24:02,16.14,--,25,41447,卖盘
342,14:23:56,16.14,-0.01,68,109752,卖盘
343,14:23:47,16.15,0.01,311,502701,买盘
344,14:23:41,16.14,--,274,443333,卖盘
345,14:23:37,16.14,--,4,6456,卖盘
346,14:23:26,16.14,--,94,152280,卖盘
347,14:23:17,16.14,-0.01,22,36605,卖盘
348,14:23:11,16.15,--,15,24224,买盘
349,14:23:07,16.15,0.01,43,69445,买盘
350,14:23:02,16.14,--,33,54359,卖盘
351,14:22:56,16.14,-0.01,5,8070,卖盘
352,14:22:47,16.15,0.01,47,75905,买盘
353,14:22:41,16.14,--,22,36605,卖盘
354,14:22:17,16.14,--,39,64043,卖盘
355,14:22:02,16.14,--,24,39833,卖盘
356,14:21:56,16.14,--,5,8070,卖盘
357,14:21:47,16.14,--,105,169470,卖盘
358,14:21:41,16.14,0.01,196,317280,买盘
359,14:21:31,16.13,--,3,4839,卖盘
360,14:21:26,16.13,--,402,648426,卖盘
361,14:21:16,16.13,--,23,38195,卖盘
362,14:21:11,16.13,--,63,101619,卖盘
363,14:21:01,16.13,--,25,41421,卖盘
364,14:20:56,16.13,-0.01,23,37099,卖盘
365,14:20:51,16.14,--,26,41964,买盘
366,14:20:46,16.14,0.01,13,20982,买盘
367,14:20:41,16.13,--,22,36582,卖盘
368,14:20:36,16.13,--,0,0,卖盘
369,14:20:31,16.13,-0.01,67,108071,卖盘
370,14:20:26,16.14,0.01,5,8070,买盘
371,14:20:16,16.13,--,25,41421,卖盘
372,14:20:01,16.13,--,48,78004,卖盘
373,14:19:56,16.13,--,20,32259,中性盘
374,14:19:51,16.13,--,0,0,买盘
375,14:19:46,16.13,0.01,4,6452,买盘
376,14:19:41,16.12,0.01,6,9672,买盘
377,14:19:31,16.11,-0.02,1250,2013750,卖盘
378,14:19:26,16.13,--,13,20969,卖盘
379,14:19:21,16.13,--,50,80650,卖盘
380,14:19:16,16.13,--,28,46260,卖盘
381,14:19:11,16.13,--,7,11291,卖盘
382,14:19:01,16.13,--,40,65616,卖盘
383,14:18:56,16.13,-0.01,13,20969,卖盘
384,14:18:46,16.14,0.01,37,59718,买盘
385,14:18:41,16.13,-0.01,25,41421,卖盘
386,14:18:36,16.14,0.01,1,1614,买盘
387,14:18:31,16.13,-0.01,2,3226,卖盘
388,14:18:26,16.14,0.01,5,8070,买盘
389,14:18:16,16.13,-0.01,35,57551,卖盘
390,14:18:11,16.14,--,55,88770,买盘
391,14:18:01,16.14,--,71,115691,买盘
392,14:17:56,16.14,0.01,100,161400,卖盘
393,14:17:51,16.13,--,25,40325,卖盘
394,14:17:46,16.13,--,252,406476,卖盘
395,14:17:41,16.13,--,137,222077,卖盘
396,14:17:35,16.13,--,32,51616,卖盘
397,14:17:31,16.13,--,5,8064,卖盘
398,14:17:26,16.13,--,18,30534,卖盘
399,14:17:16,16.13,--,32,52712,卖盘
400,14:17:11,16.13,-0.01,6,9678,卖盘
401,14:17:05,16.14,0.01,1,1614,买盘
402,14:17:01,16.13,-0.01,60,97989,卖盘
403,14:16:56,16.14,--,67,108138,卖盘
404,14:16:50,16.14,-0.01,53,85542,卖盘
405,14:16:46,16.15,0.01,70,113049,买盘
406,14:16:41,16.14,--,86,139901,卖盘
407,14:16:35,16.14,--,40,65415,卖盘
408,14:16:31,16.14,--,77,124278,卖盘
409,14:16:26,16.14,--,4,6456,卖盘
410,14:16:20,16.14,--,52,85025,卖盘
411,14:16:11,16.14,--,3,4842,卖盘
412,14:16:05,16.14,--,3,4842,卖盘
413,14:16:01,16.14,--,22,36605,卖盘
414,14:15:56,16.14,--,3,4842,卖盘
415,14:15:50,16.14,--,146,235644,卖盘
416,14:15:46,16.14,--,14,22596,卖盘
417,14:15:41,16.14,--,31,51131,卖盘
418,14:15:35,16.14,--,81,130734,卖盘
419,14:15:31,16.14,--,35,56490,卖盘
420,14:15:26,16.14,-0.01,4,6456,卖盘
421,14:15:20,16.15,0.01,8,12919,买盘
422,14:15:16,16.14,--,54,87156,卖盘
423,14:15:11,16.14,-0.01,9,14526,卖盘
424,14:15:05,16.15,--,25,40375,买盘
425,14:15:01,16.15,-0.01,86,140198,卖盘
426,14:14:56,16.16,--,29,46864,买盘
427,14:14:50,16.16,--,102,164832,买盘
428,14:14:45,16.16,0.01,10,16160,买盘
429,14:14:41,16.15,--,29,46834,卖盘
430,14:14:35,16.15,-0.01,55,88824,卖盘
431,14:14:26,16.16,0.01,20,32627,买盘
432,14:14:20,16.15,--,90,145350,卖盘
433,14:14:10,16.15,--,12,19380,卖盘
434,14:14:05,16.15,--,37,59754,卖盘
435,14:14:00,16.15,--,10,16149,卖盘
436,14:13:55,16.15,--,12,19380,卖盘
437,14:13:50,16.15,--,75,121124,卖盘
438,14:13:45,16.15,--,30,48449,卖盘
439,14:13:40,16.15,--,3,4845,卖盘
440,14:13:34,16.15,--,3,4845,卖盘
441,14:13:30,16.15,--,6,9690,卖盘
442,14:13:25,16.15,--,3,4845,卖盘
443,14:13:15,16.15,--,5,8074,卖盘
444,14:13:10,16.15,--,38,61369,卖盘
445,14:13:05,16.15,0.01,32,51679,买盘
446,14:13:00,16.14,--,30,48420,卖盘
447,14:12:55,16.14,-0.02,3,4842,卖盘
448,14:12:50,16.16,0.02,106,171296,买盘
449,14:12:40,16.14,--,509,821526,卖盘
450,14:12:35,16.14,--,2,3228,卖盘
451,14:12:25,16.14,-0.02,13,20982,卖盘
452,14:12:20,16.16,0.02,600,969600,买盘
453,14:12:10,16.14,--,14,22596,卖盘
454,14:12:05,16.14,--,108,174312,卖盘
455,14:11:55,16.14,-0.01,2,3228,卖盘
456,14:11:50,16.15,0.01,7,11304,买盘
457,14:11:40,16.14,--,4,6456,卖盘
458,14:11:35,16.14,--,3,4842,卖盘
459,14:11:29,16.14,--,205,330870,卖盘
460,14:11:25,16.14,--,3,4842,卖盘
461,14:11:10,16.14,-0.01,4,6456,卖盘
462,14:11:05,16.15,--,3,4845,卖盘
463,14:10:55,16.15,--,33,53294,卖盘
464,14:10:49,16.15,--,166,268090,卖盘
465,14:10:40,16.15,--,3,4845,卖盘
466,14:10:34,16.15,--,2,3229,卖盘
467,14:10:25,16.15,--,3,4845,卖盘
468,14:10:19,16.15,-0.01,5,8074,卖盘
469,14:10:13,16.16,0.02,5,8080,买盘
470,14:10:10,16.14,--,3,4842,卖盘
471,14:10:05,16.14,-0.02,3,4842,卖盘
472,14:09:55,16.16,--,4,6464,买盘
473,14:09:49,16.16,0.02,29,46864,买盘
474,14:09:40,16.14,-0.02,3,4842,卖盘
475,14:09:34,16.16,--,1,1616,买盘
476,14:09:25,16.16,--,204,329664,卖盘
477,14:09:19,16.16,--,2,3232,卖盘
478,14:09:10,16.16,--,3,4848,卖盘
479,14:09:04,16.16,--,7,11312,卖盘
480,14:08:58,16.16,0.02,33,53328,买盘
481,14:08:55,16.14,-0.02,3,4842,卖盘
482,14:08:49,16.16,0.02,1,1616,买盘
483,14:08:39,16.14,--,30,48420,卖盘
484,14:08:34,16.14,-0.04,3,4842,卖盘
485,14:08:28,16.18,0.04,1700,2750600,买盘
486,14:08:25,16.14,-0.02,2,3228,卖盘
487,14:08:13,16.16,0.02,19,30704,买盘
488,14:08:04,16.14,-0.01,8,12912,卖盘
489,14:07:49,16.15,--,23,37145,卖盘
490,14:07:43,16.15,--,3,4845,卖盘
491,14:07:34,16.15,--,3,4845,卖盘
492,14:07:25,16.15,--,3,4845,卖盘
493,14:07:13,16.15,--,28,45219,卖盘
494,14:07:04,16.15,--,2,3229,卖盘
495,14:06:58,16.15,--,47,75905,卖盘
496,14:06:54,16.15,-0.01,3,4845,卖盘
497,14:06:49,16.16,0.01,4,6464,买盘
498,14:06:43,16.15,--,3,4845,卖盘
499,14:06:34,16.15,--,3,4845,买盘
500,14:06:24,16.15,--,2,3229,卖盘
501,14:06:13,16.15,-0.02,66,106589,卖盘
502,14:06:09,16.17,--,0,0,买盘
503,14:06:04,16.17,--,305,493185,买盘
504,14:05:58,16.17,--,8,12936,买盘
505,14:05:54,16.17,0.02,300,485100,买盘
506,14:05:49,16.15,0.01,41,66215,买盘
507,14:05:43,16.14,-0.01,3,4842,卖盘
508,14:05:39,16.15,--,7,11304,买盘
509,14:05:34,16.15,--,21,33915,卖盘
510,14:05:19,16.15,--,2,3229,买盘
511,14:05:13,16.15,-0.01,5,8074,卖盘
512,14:05:04,16.16,--,6,9696,卖盘
513,14:04:58,16.16,--,2,3232,卖盘
514,14:04:54,16.16,--,21,33936,卖盘
515,14:04:49,16.16,0.01,43,69488,买盘
516,14:04:43,16.15,--,89,143735,卖盘
517,14:04:34,16.15,-0.02,13,20994,卖盘
518,14:04:22,16.17,0.01,379,612843,买盘
519,14:04:19,16.16,--,54,87264,买盘
520,14:04:13,16.16,0.01,1,1616,买盘
521,14:04:07,16.15,--,70,113049,卖盘
522,14:04:04,16.15,-0.01,50,80750,卖盘
523,14:03:49,16.16,0.01,18,29088,买盘
524,14:03:43,16.15,--,2,3229,卖盘
525,14:03:37,16.15,-0.01,7,11304,卖盘
526,14:03:34,16.16,0.01,11,17776,买盘
527,14:03:28,16.15,-0.01,19,30684,卖盘
528,14:03:22,16.16,0.01,57,92112,买盘
529,14:03:13,16.15,--,100,161500,卖盘
530,14:03:04,16.15,-0.01,68,109819,卖盘
531,14:02:58,16.16,0.01,1,1616,买盘
532,14:02:52,16.15,--,100,161500,买盘
533,14:02:49,16.15,--,5,8074,买盘
534,14:02:34,16.15,--,10,16149,买盘
535,14:02:28,16.15,-0.01,15,24224,卖盘
536,14:02:22,16.16,--,0,0,买盘
537,14:02:13,16.16,0.01,41,66256,买盘
538,14:02:04,16.15,0.01,130,209949,买盘
539,14:01:58,16.14,--,50,80700,卖盘
540,14:01:52,16.14,-0.01,3,4842,卖盘
541,14:01:49,16.15,--,30,48449,买盘
542,14:01:43,16.15,0.01,5,8074,买盘
543,14:01:34,16.14,--,4,6456,卖盘
544,14:01:22,16.14,--,3,4842,卖盘
545,14:01:19,16.14,--,35,56490,卖盘
546,14:01:13,16.14,--,293,472902,卖盘
547,14:01:07,16.14,--,8,12912,卖盘
548,14:01:03,16.14,--,2,3228,卖盘
549,14:00:52,16.14,-0.01,199,321186,卖盘
550,14:00:48,16.15,0.01,24,38760,买盘
551,14:00:43,16.14,--,377,608478,卖盘
552,14:00:37,16.14,-0.01,321,518449,卖盘
553,14:00:33,16.15,--,505,815574,卖盘
554,14:00:28,16.15,--,9,14534,卖盘
555,14:00:22,16.15,--,38,61369,卖盘
556,14:00:13,16.15,-0.01,2,3229,卖盘
557,14:00:07,16.16,--,6,9696,买盘
558,14:00:03,16.16,--,1,1616,买盘
559,13:59:58,16.16,--,32,51712,卖盘
560,13:59:52,16.16,-0.02,3,4848,卖盘
561,13:59:48,16.18,0.02,9,14562,买盘
562,13:59:43,16.16,--,3,4848,卖盘
563,13:59:33,16.16,--,2,3232,卖盘
564,13:59:28,16.16,-0.01,59,95344,卖盘
565,13:59:22,16.17,-0.01,211,341187,卖盘
566,13:59:13,16.18,--,19,30742,卖盘
567,13:59:03,16.18,--,9,14562,卖盘
568,13:58:52,16.18,-0.01,2,3236,卖盘
569,13:58:48,16.19,0.01,148,239612,买盘
570,13:58:43,16.18,--,18,29124,卖盘
571,13:58:37,16.18,--,21,33978,卖盘
572,13:58:31,16.18,--,3,4854,卖盘
573,13:58:28,16.18,-0.01,1,1618,卖盘
574,13:58:22,16.19,0.01,13,21047,买盘
575,13:58:13,16.18,--,13,21034,卖盘
576,13:58:07,16.18,-0.01,25,40450,卖盘
577,13:58:01,16.19,--,4,6476,买盘
578,13:57:52,16.19,--,213,344847,买盘
579,13:57:46,16.19,0.01,8,12952,买盘
580,13:57:43,16.18,0.02,75,121350,买盘
581,13:57:31,16.16,--,3,4848,卖盘
582,13:57:22,16.16,-0.02,3,4848,卖盘
583,13:57:16,16.18,0.02,12,19416,买盘
584,13:57:13,16.16,--,2,3232,卖盘
585,13:57:07,16.16,-0.01,258,416928,卖盘
586,13:57:01,16.17,--,3,4851,卖盘
587,13:56:52,16.17,-0.02,3,4851,卖盘
588,13:56:46,16.19,0.02,228,369132,买盘
589,13:56:43,16.17,-0.02,191,308847,卖盘
590,13:56:37,16.19,0.01,1,1619,买盘
591,13:56:31,16.18,--,3,4854,卖盘
592,13:56:28,16.18,0.01,20,32360,买盘
593,13:56:22,16.17,--,2,3234,卖盘
594,13:56:16,16.17,--,34,54978,买盘
595,13:56:01,16.17,--,2,3234,卖盘
596,13:55:52,16.17,-0.01,30,48510,卖盘
597,13:55:46,16.18,--,6,9708,买盘
598,13:55:43,16.18,-0.01,25,40450,买盘
599,13:55:37,16.19,0.01,63,101997,买盘
600,13:55:31,16.18,-0.01,13,21034,买盘
601,13:55:28,16.19,0.01,45,72855,买盘
602,13:55:22,16.18,--,31,50158,买盘
603,13:55:13,16.18,0.02,2,3236,买盘
604,13:55:07,16.16,--,120,193920,卖盘
605,13:54:58,16.16,-0.01,3,4848,卖盘
606,13:54:52,16.17,0.01,5,8085,买盘
607,13:54:37,16.16,--,3,4848,卖盘
608,13:54:31,16.16,--,306,494496,卖盘
609,13:54:28,16.16,--,2,3232,卖盘
610,13:54:22,16.16,--,14,22624,卖盘
611,13:54:07,16.16,--,0,0,卖盘
612,13:53:57,16.16,-0.03,3,4848,卖盘
613,13:53:52,16.19,--,5,8095,买盘
614,13:53:46,16.19,0.01,280,453320,买盘
615,13:53:42,16.18,-0.01,7,11326,卖盘
616,13:53:37,16.19,0.01,8,12952,买盘
617,13:53:31,16.18,--,18,29124,卖盘
618,13:53:27,16.18,--,3,4854,卖盘
619,13:53:22,16.18,0.03,65,105170,买盘
620,13:53:16,16.15,-0.01,415,670224,卖盘
621,13:53:07,16.16,--,3,4848,卖盘
622,13:52:57,16.16,-0.02,3,4848,卖盘
623,13:52:52,16.18,--,14,22652,买盘
624,13:52:46,16.18,--,10,16180,买盘
625,13:52:42,16.18,--,1,1618,买盘
626,13:52:37,16.18,--,115,186070,买盘
627,13:52:31,16.18,0.02,15,24270,买盘
628,13:52:27,16.16,-0.02,3,4848,卖盘
629,13:52:16,16.18,--,6,9708,买盘
630,13:52:12,16.18,--,1,1618,买盘
631,13:52:07,16.18,--,69,111642,买盘
632,13:52:01,16.18,0.02,19,30742,买盘
633,13:51:57,16.16,-0.02,3,4848,卖盘
634,13:51:52,16.18,--,1,1618,买盘
635,13:51:46,16.18,0.02,17,27506,买盘
636,13:51:37,16.16,-0.01,3,4848,卖盘
637,13:51:31,16.17,-0.02,6,9702,卖盘
638,13:51:25,16.19,0.02,304,492176,买盘
639,13:51:16,16.17,--,3,4851,卖盘
640,13:51:07,16.17,--,9,14553,卖盘
641,13:50:55,16.17,-0.01,3,4851,卖盘
642,13:50:52,16.18,0.03,1,1618,买盘
643,13:50:46,16.15,-0.01,259,418284,卖盘
644,13:50:36,16.16,0.01,12,20652,买盘
645,13:50:31,16.15,--,30,48449,卖盘
646,13:50:25,16.15,-0.01,3,4845,卖盘
647,13:50:22,16.16,--,3,4848,买盘
648,13:50:16,16.16,-0.01,316,511011,卖盘
649,13:50:07,16.17,0.01,5,8085,买盘
650,13:50:01,16.16,--,3,4848,卖盘
651,13:49:55,16.16,--,0,0,卖盘
652,13:49:52,16.16,-0.03,48,77568,卖盘
653,13:49:46,16.19,0.03,29,46951,买盘
654,13:49:40,16.16,--,8,12928,卖盘
655,13:49:37,16.16,-0.01,64,103424,卖盘
656,13:49:31,16.17,0.01,2,3234,买盘
657,13:49:25,16.16,-0.02,13,21008,卖盘
658,13:49:22,16.18,0.02,61,98698,买盘
659,13:49:16,16.16,-0.01,38,61408,卖盘
660,13:49:10,16.17,--,104,168168,买盘
661,13:49:06,16.17,-0.01,194,314894,卖盘
662,13:49:01,16.18,--,72,116496,买盘
663,13:48:55,16.18,-0.01,24,38832,卖盘
664,13:48:51,16.19,--,31,50189,买盘
665,13:48:46,16.19,--,271,438749,买盘
666,13:48:40,16.19,0.01,1,1619,买盘
667,13:48:36,16.18,--,49,79282,卖盘
668,13:48:31,16.18,--,50,80900,卖盘
669,13:48:25,16.18,--,3,4854,卖盘
670,13:48:21,16.18,--,1,1618,卖盘
671,13:48:16,16.18,-0.02,2,3236,卖盘
672,13:48:07,16.2,0.01,165,267300,买盘
673,13:48:01,16.19,-0.01,136,220184,卖盘
674,13:47:55,16.2,0.01,5,8100,买盘
675,13:47:52,16.19,--,12,19428,买盘
676,13:47:46,16.19,0.01,86,139234,买盘
677,13:47:36,16.18,-0.01,62,100316,卖盘
678,13:47:31,16.19,0.01,2,3238,买盘
679,13:47:25,16.18,--,34,55012,卖盘
680,13:47:21,16.18,-0.02,14,22652,卖盘
681,13:47:16,16.2,0.01,12,19440,买盘
682,13:47:10,16.19,-0.01,289,467891,中性盘
683,13:47:06,16.2,--,390,631800,买盘
684,13:47:01,16.2,--,25,40500,买盘
685,13:46:51,16.2,--,31,50220,买盘
686,13:46:46,16.2,0.01,498,806760,买盘
687,13:46:40,16.19,-0.01,70,113330,卖盘
688,13:46:31,16.2,--,236,382320,买盘
689,13:46:25,16.2,--,113,183060,买盘
690,13:46:21,16.2,0.01,73,118260,买盘
691,13:46:16,16.19,--,5,8095,卖盘
692,13:46:10,16.19,--,239,387993,买盘
693,13:46:06,16.19,0.01,8,12952,买盘
694,13:45:55,16.18,-0.01,3,4854,卖盘
695,13:45:46,16.19,0.02,509,824071,买盘
696,13:45:40,16.17,--,10,16590,卖盘
697,13:45:36,16.17,-0.02,2,3234,卖盘
698,13:45:25,16.19,0.01,1003,1623857,买盘
699,13:45:16,16.18,0.01,119,192542,买盘
700,13:45:06,16.17,-0.01,3,4851,卖盘
701,13:45:01,16.18,0.01,1,1618,买盘
702,13:44:55,16.17,--,2,3234,卖盘
703,13:44:51,16.17,-0.02,5,8085,卖盘
704,13:44:46,16.19,--,128,207232,买盘
705,13:44:40,16.19,0.02,104,168376,买盘
706,13:44:36,16.17,-0.01,4,6468,卖盘
707,13:44:31,16.18,--,77,124586,买盘
708,13:44:25,16.18,0.02,43,69574,买盘
709,13:44:16,16.16,-0.02,74,119584,卖盘
710,13:44:10,16.18,0.01,4,6472,买盘
711,13:44:04,16.17,--,2,3234,卖盘
712,13:44:01,16.17,0.01,43,69531,买盘
713,13:43:55,16.16,-0.02,3,4848,卖盘
714,13:43:49,16.18,--,1,1618,买盘
715,13:43:46,16.18,0.01,60,97080,买盘
716,13:43:40,16.17,--,109,176253,卖盘
717,13:43:34,16.17,--,3,4851,卖盘
718,13:43:30,16.17,--,11,17787,卖盘
719,13:43:25,16.17,--,23,37191,中性盘
720,13:43:19,16.17,-0.01,1,1617,买盘
721,13:43:15,16.18,--,0,0,买盘
722,13:43:10,16.18,0.02,17,27506,买盘
723,13:43:00,16.16,-0.02,2,3232,卖盘
724,13:42:55,16.18,0.02,56,90608,买盘
725,13:42:40,16.16,--,10,16160,卖盘
726,13:42:25,16.16,--,17,27472,卖盘
727,13:42:19,16.16,--,20,32320,卖盘
728,13:42:04,16.16,-0.01,3,4848,卖盘
729,13:42:00,16.17,0.01,2,3234,买盘
730,13:41:55,16.16,-0.01,2,3232,卖盘
731,13:41:49,16.17,--,7,11319,买盘
732,13:41:45,16.17,0.01,16,25872,买盘
733,13:41:40,16.16,--,140,226240,卖盘
734,13:41:34,16.16,--,13,21008,卖盘
735,13:41:30,16.16,--,35,56560,卖盘
736,13:41:25,16.16,--,2,3232,卖盘
737,13:41:15,16.16,--,3,4848,卖盘
738,13:41:10,16.16,--,10,16160,卖盘
739,13:41:04,16.16,-0.03,38,61408,卖盘
740,13:41:00,16.19,0.03,1035,1675665,买盘
741,13:40:55,16.16,-0.02,63,101808,卖盘
742,13:40:45,16.18,--,75,121350,买盘
743,13:40:40,16.18,0.01,14,22652,买盘
744,13:40:34,16.17,--,3,4851,卖盘
745,13:40:25,16.17,--,3,4851,卖盘
746,13:40:15,16.17,--,37,59829,买盘
747,13:40:10,16.17,0.01,2,3234,买盘
748,13:40:04,16.16,-0.01,2,3232,卖盘
749,13:39:55,16.17,-0.01,7,11319,中性盘
750,13:39:49,16.18,0.02,33,53394,买盘
751,13:39:45,16.16,--,144,232704,卖盘
752,13:39:40,16.16,--,1,1616,卖盘
753,13:39:34,16.16,--,2,3232,卖盘
754,13:39:25,16.16,-0.02,3,4848,卖盘
755,13:39:19,16.18,0.02,54,87372,买盘
756,13:39:15,16.16,--,3,4848,卖盘
757,13:39:10,16.16,--,26,42016,卖盘
758,13:39:04,16.16,--,3,4848,卖盘
759,13:38:55,16.16,--,8,13736,卖盘
760,13:38:49,16.16,--,98,158368,卖盘
761,13:38:45,16.16,--,3,4848,卖盘
762,13:38:34,16.16,--,3,4848,卖盘
763,13:38:30,16.16,--,1,1616,卖盘
764,13:38:25,16.16,0.01,425,687252,买盘
765,13:38:19,16.15,--,28,45219,卖盘
766,13:38:15,16.15,--,3,4845,卖盘
767,13:38:04,16.15,--,61,98514,卖盘
768,13:37:55,16.15,-0.01,14,22609,卖盘
769,13:37:49,16.16,0.01,104,168064,买盘
770,13:37:45,16.15,-0.01,3,4845,卖盘
771,13:37:40,16.16,0.01,9,14544,买盘
772,13:37:34,16.15,-0.01,23,37145,卖盘
773,13:37:19,16.16,--,154,249914,卖盘
774,13:37:13,16.16,-0.01,5,8080,卖盘
775,13:37:10,16.17,0.01,98,158466,买盘
776,13:37:04,16.16,--,4,6464,卖盘
777,13:36:54,16.16,-0.01,3,4848,卖盘
778,13:36:49,16.17,0.01,2,3234,中性盘
779,13:36:43,16.16,-0.01,52,84032,卖盘
780,13:36:39,16.17,0.01,13,21021,买盘
781,13:36:34,16.16,--,111,179376,卖盘
782,13:36:24,16.16,--,8,12928,卖盘
783,13:36:13,16.16,--,3,4848,卖盘
784,13:36:04,16.16,-0.03,2,3232,卖盘
785,13:35:49,16.19,0.02,114,184566,买盘
786,13:35:43,16.17,--,1,2182,卖盘
787,13:35:39,16.17,--,10,17221,卖盘
788,13:35:34,16.17,--,3,4851,卖盘
789,13:35:24,16.17,--,4,6468,卖盘
790,13:35:13,16.17,--,3,4851,卖盘
791,13:35:09,16.17,0.01,13,21021,买盘
792,13:35:04,16.16,-0.03,3,4848,卖盘
793,13:34:54,16.19,--,12,19428,买盘
794,13:34:49,16.19,0.03,133,215327,买盘
795,13:34:43,16.16,--,2,3232,卖盘
796,13:34:39,16.16,-0.02,1005,1624080,卖盘
797,13:34:34,16.18,0.01,7,11326,买盘
798,13:34:28,16.17,--,140,226380,卖盘
799,13:34:24,16.17,--,3,4851,卖盘
800,13:34:13,16.17,--,4,6468,卖盘
801,13:34:09,16.17,--,4,6468,卖盘
802,13:34:04,16.17,--,32,51744,卖盘
803,13:33:54,16.17,-0.02,3,4851,卖盘
804,13:33:49,16.19,0.02,11,17809,买盘
805,13:33:43,16.17,--,13,21021,卖盘
806,13:33:34,16.17,--,5,8085,卖盘
807,13:33:28,16.17,-0.01,106,171402,卖盘
808,13:33:24,16.18,0.01,2,3236,卖盘
809,13:33:19,16.17,--,0,0,卖盘
810,13:33:13,16.17,-0.02,38,61446,卖盘
811,13:33:09,16.19,0.01,2,3238,买盘
812,13:33:04,16.18,-0.01,3007,4865326,卖盘
813,13:32:58,16.19,--,0,0,买盘
814,13:32:54,16.19,--,5,8095,买盘
815,13:32:49,16.19,--,127,205613,买盘
816,13:32:43,16.19,--,0,0,买盘
817,13:32:39,16.19,-0.01,74,119806,卖盘
818,13:32:34,16.2,0.01,11,17820,买盘
819,13:32:28,16.19,0.02,932,1508908,买盘
820,13:32:24,16.17,-0.02,3,4851,卖盘
821,13:32:19,16.19,0.02,31,50189,买盘
822,13:32:13,16.17,-0.01,20,32340,卖盘
823,13:32:04,16.18,--,176,284768,卖盘
824,13:31:58,16.18,--,10,16180,卖盘
825,13:31:54,16.18,--,82,132676,买盘
826,13:31:49,16.18,0.01,34,55012,买盘
827,13:31:43,16.17,-0.01,153,247401,卖盘
828,13:31:39,16.18,0.01,29,46922,买盘
829,13:31:34,16.17,-0.01,6,9702,卖盘
830,13:31:28,16.18,0.01,6,9708,买盘
831,13:31:13,16.17,--,3,4851,卖盘
832,13:31:04,16.17,--,11,17787,卖盘
833,13:30:58,16.17,-0.02,3,4851,卖盘
834,13:30:54,16.19,--,1,1619,买盘
835,13:30:49,16.19,0.03,343,556596,买盘
836,13:30:43,16.16,--,24,38784,卖盘
837,13:30:39,16.16,--,5,8080,卖盘
838,13:30:34,16.16,--,20,32320,卖盘
839,13:30:24,16.16,-0.01,3,4848,卖盘
840,13:30:13,16.17,--,8,12936,买盘
841,13:30:04,16.17,--,76,122892,买盘
842,13:29:58,16.17,--,10,16170,买盘
843,13:29:49,16.17,-0.01,532,860583,卖盘
844,13:29:43,16.18,-0.01,3,4854,卖盘
845,13:29:37,16.19,-0.01,22,35618,卖盘
846,13:29:34,16.2,--,37,59940,卖盘
847,13:29:28,16.2,--,88,142560,卖盘
848,13:29:22,16.2,0.01,9,14580,买盘
849,13:29:19,16.19,-0.02,1,1619,中性盘
850,13:29:13,16.21,0.03,488,791048,买盘
851,13:29:07,16.18,-0.01,535,865630,卖盘
852,13:29:03,16.19,--,8,12952,卖盘
853,13:28:58,16.19,0.01,129,210130,买盘
854,13:28:52,16.18,-0.01,16,25888,卖盘
855,13:28:48,16.19,--,68,110092,买盘
856,13:28:43,16.19,--,155,250945,买盘
857,13:28:33,16.19,--,2087,3380002,卖盘
858,13:28:28,16.19,--,216,349704,卖盘
859,13:28:22,16.19,--,55,89045,卖盘
860,13:28:18,16.19,--,66,106854,卖盘
861,13:28:13,16.19,0.01,1786,2892003,买盘
862,13:27:58,16.18,--,12,19416,卖盘
863,13:27:48,16.18,--,257,415826,卖盘
864,13:27:43,16.18,-0.01,218,352724,卖盘
865,13:27:37,16.19,--,7,11333,买盘
866,13:27:33,16.19,--,20,32380,买盘
867,13:27:28,16.19,--,49,79331,买盘
868,13:27:22,16.19,0.01,2,3238,买盘
869,13:27:13,16.18,-0.01,88,142384,卖盘
870,13:27:03,16.19,0.01,8,12952,买盘
871,13:26:58,16.18,--,20,32360,卖盘
872,13:26:52,16.18,--,20,32360,卖盘
873,13:26:48,16.18,--,1286,2080748,买盘
874,13:26:37,16.18,--,1,1618,买盘
875,13:26:22,16.18,--,58,93844,买盘
876,13:26:18,16.18,--,5,8090,买盘
877,13:26:03,16.18,0.01,100,161800,买盘
878,13:25:58,16.17,-0.01,100,161700,卖盘
879,13:25:48,16.18,0.01,189,305802,买盘
880,13:25:43,16.17,--,64,103488,卖盘
881,13:25:33,16.17,--,105,169785,卖盘
882,13:25:28,16.17,--,273,441441,卖盘
883,13:25:18,16.17,--,12,19404,卖盘
884,13:25:13,16.17,--,51,82467,卖盘
885,13:25:03,16.17,--,12,19404,卖盘
886,13:24:52,16.17,0.01,1249,2019633,买盘
887,13:24:48,16.16,--,39,63024,卖盘
888,13:24:37,16.16,--,4,6464,卖盘
889,13:24:33,16.16,-0.01,87,140592,卖盘
890,13:24:28,16.17,0.01,75,121275,买盘
891,13:24:13,16.16,0.02,149,241688,买盘
892,13:24:03,16.14,-0.01,254,409956,卖盘
893,13:23:52,16.15,-0.01,189,305235,卖盘
894,13:23:48,16.16,0.01,13,21008,买盘
895,13:23:37,16.15,--,25,40375,卖盘
896,13:23:28,16.15,--,10,16149,卖盘
897,13:23:07,16.15,0.01,9,14534,卖盘
898,13:23:03,16.14,-0.01,18,29052,卖盘
899,13:22:58,16.15,--,1001,1616614,买盘
900,13:22:52,16.15,--,70,113049,买盘
901,13:22:48,16.15,--,120,193799,买盘
902,13:22:43,16.15,--,182,293930,卖盘
903,13:22:37,16.15,--,25,40375,卖盘
904,13:22:27,16.15,--,10,16149,卖盘
905,13:22:13,16.15,--,500,807499,卖盘
906,13:22:07,16.15,-0.01,2,3229,卖盘
907,13:21:52,16.16,--,114,184224,买盘
908,13:21:46,16.16,--,12,19392,买盘
909,13:21:42,16.16,--,10,16160,买盘
910,13:21:31,16.16,-0.01,387,626507,卖盘
911,13:21:22,16.17,--,25,40425,买盘
912,13:21:12,16.17,0.01,12,19404,买盘
913,13:21:06,16.16,--,4,6464,卖盘
914,13:20:57,16.16,--,24,38784,卖盘
915,13:20:52,16.16,-0.01,54,87264,卖盘
916,13:20:46,16.17,--,88,142296,买盘
917,13:20:36,16.17,--,299,483483,买盘
918,13:20:27,16.17,--,65,105105,买盘
919,13:20:21,16.17,--,65,105105,买盘
920,13:20:16,16.17,0.01,23,37191,买盘
921,13:20:12,16.16,--,590,953940,买盘
922,13:20:07,16.16,--,0,0,买盘
923,13:19:51,16.16,--,47,75952,买盘
924,13:19:46,16.16,--,91,147056,买盘
925,13:19:42,16.16,0.02,7,11312,买盘
926,13:19:36,16.14,-0.01,30,48420,卖盘
927,13:19:30,16.15,--,499,805884,买盘
928,13:19:27,16.15,0.02,447,721904,买盘
929,13:19:22,16.13,-0.01,20,32259,卖盘
930,13:19:12,16.14,--,34,54876,买盘
931,13:19:07,16.14,--,2,3228,买盘
932,13:19:01,16.14,--,10,16140,买盘
933,13:18:52,16.14,--,60,96840,买盘
934,13:18:45,16.14,--,46,74244,买盘
935,13:18:42,16.14,-0.01,500,807000,卖盘
936,13:18:36,16.15,0.01,34,54909,买盘
937,13:18:30,16.14,--,500,807000,卖盘
938,13:18:06,16.14,--,4,6456,卖盘
939,13:17:57,16.14,0.02,9,14526,买盘
940,13:17:51,16.12,-0.01,5,8060,卖盘
941,13:17:45,16.13,0.01,1,1613,买盘
942,13:17:42,16.12,--,25,40300,卖盘
943,13:17:36,16.12,-0.01,1000,1612000,卖盘
944,13:17:21,16.13,--,0,0,卖盘
945,13:17:15,16.13,-0.02,30,48390,卖盘
946,13:17:00,16.15,-0.01,209,337534,卖盘
947,13:16:57,16.16,0.01,1500,2424000,买盘
948,13:16:51,16.15,--,969,1564934,买盘
949,13:16:45,16.15,0.02,13,20994,买盘
950,13:16:36,16.13,--,1,1613,卖盘
951,13:16:30,16.13,-0.02,4,6452,卖盘
952,13:16:21,16.15,--,5,8074,买盘
953,13:15:57,16.15,0.03,1000,1614999,买盘
954,13:15:51,16.12,-0.01,705,1136460,卖盘
955,13:15:30,16.13,--,10,16129,买盘
956,13:15:21,16.13,0.01,79,127426,买盘
957,13:15:00,16.12,-0.02,19,30628,卖盘
958,13:14:51,16.14,--,24,38736,买盘
959,13:14:45,16.14,0.01,51,82314,买盘
960,13:14:09,16.13,--,1,1613,卖盘
961,13:14:06,16.13,--,2,3226,卖盘
962,13:13:54,16.13,-0.01,33,53229,卖盘
963,13:13:51,16.14,0.01,1,1614,买盘
964,13:13:30,16.13,-0.01,14,22582,卖盘
965,13:13:21,16.14,0.01,2,3228,买盘
966,13:13:09,16.13,-0.02,1,1613,卖盘
967,13:12:51,16.15,--,50,80750,买盘
968,13:12:45,16.15,0.02,4,6459,买盘
969,13:12:36,16.13,-0.02,18,29034,卖盘
970,13:12:15,16.15,0.02,37,59754,买盘
971,13:12:06,16.13,-0.02,5,8064,卖盘
972,13:11:54,16.15,--,2,3229,买盘
973,13:11:51,16.15,0.01,21,33915,买盘
974,13:11:45,16.14,-0.01,6,9684,中性盘
975,13:11:21,16.15,--,54,87209,买盘
976,13:11:15,16.15,--,60,96899,买盘
977,13:11:09,16.15,--,57,92054,卖盘
978,13:11:06,16.15,-0.01,11,17765,卖盘
979,13:10:51,16.16,--,62,100192,买盘
980,13:10:45,16.16,0.04,344,555904,买盘
981,13:10:30,16.12,-0.04,7,11284,卖盘
982,13:10:24,16.16,0.01,54,87264,买盘
983,13:10:21,16.15,-0.01,10,16149,卖盘
984,13:10:15,16.16,0.01,172,277952,买盘
985,13:10:00,16.15,--,5,8074,卖盘
986,13:09:54,16.15,--,392,633080,买盘
987,13:09:51,16.15,--,88,142120,买盘
988,13:09:45,16.15,0.01,10,16149,买盘
989,13:09:39,16.14,0.02,20,32280,买盘
990,13:09:24,16.12,-0.03,9,14508,卖盘
991,13:09:21,16.15,0.01,27,43604,买盘
992,13:09:15,16.14,0.02,30,48420,中性盘
993,13:09:09,16.12,--,1,1612,卖盘
994,13:09:00,16.12,-0.02,89,143468,卖盘
995,13:08:50,16.14,-0.01,122,196908,卖盘
996,13:08:45,16.15,0.03,20,32299,买盘
997,13:08:30,16.12,--,0,0,卖盘
998,13:08:24,16.12,-0.02,135,217620,卖盘
999,13:08:20,16.14,--,240,387440,买盘
1000,13:08:15,16.14,--,54,87156,买盘
1001,13:08:05,16.14,--,8,12912,买盘
1002,13:08:00,16.14,--,32,51648,买盘
1003,13:07:50,16.14,--,121,195294,买盘
1004,13:07:45,16.14,0.01,221,356694,买盘
1005,13:07:39,16.13,--,10,16129,卖盘
1006,13:07:30,16.13,-0.01,21,33873,卖盘
1007,13:07:24,16.14,--,10,16140,买盘
1008,13:07:18,16.14,--,71,114594,买盘
1009,13:07:15,16.14,--,65,104910,买盘
1010,13:07:09,16.14,0.02,108,174312,买盘
1011,13:07:00,16.12,-0.02,34,54808,卖盘
1012,13:06:54,16.14,--,54,87156,买盘
1013,13:06:48,16.14,0.01,1055,1702770,买盘
1014,13:06:45,16.13,--,17,27421,买盘
1015,13:06:30,16.13,--,10,16129,买盘
1016,13:06:24,16.13,--,137,220981,买盘
1017,13:06:18,16.13,0.01,39,62906,买盘
1018,13:06:15,16.12,--,5,8060,卖盘
1019,13:06:09,16.12,-0.01,4,6448,中性盘
1020,13:06:03,16.13,--,91,146783,买盘
1021,13:06:00,16.13,0.01,121,195173,买盘
1022,13:05:54,16.12,--,23,37076,买盘
1023,13:05:48,16.12,--,613,988156,买盘
1024,13:05:45,16.12,--,138,222456,买盘
1025,13:05:39,16.12,0.01,82,132990,买盘
1026,13:05:24,16.11,--,7,11277,买盘
1027,13:05:18,16.11,--,1,1611,买盘
1028,13:05:15,16.11,-0.01,3,4833,中性盘
1029,13:04:54,16.12,--,59,95108,买盘
1030,13:04:48,16.12,--,22,35464,买盘
1031,13:04:45,16.12,0.02,177,285324,买盘
1032,13:04:24,16.1,-0.01,45,72450,卖盘
1033,13:04:18,16.11,0.01,3,4833,买盘
1034,13:04:00,16.1,--,11,17710,卖盘
1035,13:03:48,16.1,-0.01,6,9660,卖盘
1036,13:03:45,16.11,0.01,5,8055,买盘
1037,13:03:39,16.1,--,100,161000,卖盘
1038,13:03:24,16.1,-0.01,20,32200,卖盘
1039,13:03:15,16.11,0.01,12,19332,买盘
1040,13:03:03,16.1,--,0,0,卖盘
1041,13:03:00,16.1,--,152,244720,卖盘
1042,13:02:54,16.1,--,8,12880,卖盘
1043,13:02:48,16.1,-0.01,38,61180,卖盘
1044,13:02:44,16.11,0.01,2,3222,买盘
1045,13:02:30,16.1,--,44,70840,卖盘
1046,13:02:24,16.1,-0.01,10,16100,卖盘
1047,13:02:18,16.11,--,3,4833,买盘
1048,13:02:09,16.11,--,9,14499,卖盘
1049,13:01:54,16.11,-0.01,2,3222,卖盘
1050,13:01:48,16.12,0.01,111,178932,买盘
1051,13:01:39,16.11,-0.01,1,1611,卖盘
1052,13:01:33,16.12,0.01,7,11284,买盘
1053,13:01:03,16.11,--,0,0,中性盘
1054,13:00:59,16.11,0.01,25,40275,买盘
1055,13:00:54,16.1,--,5,8050,卖盘
1056,13:00:39,16.1,0.01,282,454599,买盘
1057,13:00:33,16.09,--,756,1216404,卖盘
1058,13:00:24,16.09,--,24,38616,卖盘
1059,13:00:09,16.09,--,557,896213,卖盘
1060,13:00:03,16.09,-0.01,483,777147,卖盘
1061,11:30:00,16.1,--,0,0,买盘
1062,11:30:00,16.1,--,0,0,买盘
1063,11:29:59,16.1,-0.02,3324,5352670,卖盘
1064,11:29:49,16.12,0.01,132,212784,买盘
1065,11:29:19,16.11,--,106,170766,买盘
1066,11:29:15,16.11,--,221,356031,买盘
1067,11:28:49,16.11,0.01,44,70884,买盘
1068,11:28:40,16.1,-0.01,1,1610,卖盘
1069,11:28:25,16.11,--,30,48330,买盘
1070,11:28:19,16.11,--,71,114381,卖盘
1071,11:28:04,16.11,--,11,17721,卖盘
1072,11:28:00,16.11,-0.01,5,8055,卖盘
1073,11:27:49,16.12,0.01,168,270816,买盘
1074,11:27:25,16.11,-0.01,67,107937,卖盘
1075,11:26:49,16.12,0.01,76,122512,买盘
1076,11:26:43,16.11,--,15,24165,卖盘
1077,11:26:34,16.11,--,154,248094,中性盘
1078,11:26:25,16.11,--,0,0,卖盘
1079,11:26:10,16.11,--,24,38664,买盘
1080,11:26:04,16.11,--,17,27387,买盘
1081,11:25:49,16.11,0.01,13,20943,买盘
1082,11:25:34,16.1,--,4,6440,卖盘
1083,11:25:19,16.1,--,10,16100,卖盘
1084,11:25:10,16.1,--,1,1610,卖盘
1085,11:24:58,16.1,-0.01,30,48300,卖盘
1086,11:24:49,16.11,--,7,11277,买盘
1087,11:24:19,16.11,0.01,50,80550,买盘
1088,11:24:04,16.1,-0.01,5,8050,卖盘
1089,11:23:49,16.11,--,89,143379,买盘
1090,11:23:43,16.11,--,146,235206,卖盘
1091,11:23:39,16.11,--,200,322200,卖盘
1092,11:23:34,16.11,--,10,16110,卖盘
1093,11:23:24,16.11,--,10,16110,卖盘
1094,11:23:19,16.11,--,11,17721,卖盘
1095,11:23:13,16.11,--,10,16110,卖盘
1096,11:23:09,16.11,--,30,48330,卖盘
1097,11:23:04,16.11,--,89,143379,买盘
1098,11:22:49,16.11,--,24,38664,买盘
1099,11:22:43,16.11,--,1852,2984039,买盘
1100,11:22:28,16.11,--,10,16110,买盘
1101,11:22:13,16.11,0.01,8,12888,买盘
1102,11:22:04,16.1,--,41,66010,卖盘
1103,11:21:49,16.1,-0.01,299,481422,卖盘
1104,11:21:34,16.11,--,5,8055,买盘
1105,11:21:28,16.11,--,264,425304,买盘
1106,11:21:19,16.11,--,506,815166,买盘
1107,11:21:13,16.11,--,68,109548,卖盘
1108,11:21:04,16.11,-0.01,8,12888,卖盘
1109,11:20:52,16.12,0.01,339,546468,买盘
1110,11:20:49,16.11,--,207,333477,卖盘
1111,11:20:34,16.11,--,3,4833,卖盘
1112,11:20:28,16.11,-0.01,2,3222,卖盘
1113,11:20:19,16.12,0.01,9,14508,买盘
1114,11:20:13,16.11,0.01,138,222318,买盘
1115,11:20:04,16.1,-0.01,22,35420,卖盘
1116,11:19:58,16.11,0.01,26,41918,买盘
1117,11:19:52,16.1,-0.01,283,455646,卖盘
1118,11:19:49,16.11,--,19,30609,买盘
1119,11:19:43,16.11,--,10,16110,买盘
1120,11:19:28,16.11,0.01,19,30609,买盘
1121,11:19:19,16.1,-0.02,5,8050,卖盘
1122,11:19:13,16.12,0.01,44,70928,买盘
1123,11:19:04,16.11,0.01,10,16110,买盘
1124,11:18:58,16.1,-0.01,283,455662,卖盘
1125,11:18:49,16.11,--,14,22554,买盘
1126,11:18:43,16.11,--,12,19332,买盘
1127,11:18:22,16.11,--,2,3222,买盘
1128,11:18:13,16.11,--,64,103104,买盘
1129,11:18:04,16.11,0.01,3,4833,买盘
1130,11:17:58,16.1,-0.01,283,455646,卖盘
1131,11:17:49,16.11,--,34,54774,买盘
1132,11:17:43,16.11,0.01,16,25776,买盘
1133,11:17:37,16.1,-0.01,321,516810,卖盘
1134,11:17:22,16.11,--,9,14499,买盘
1135,11:17:19,16.11,--,36,57996,买盘
1136,11:17:07,16.11,--,199,320589,买盘
1137,11:17:03,16.11,--,7,11277,买盘
1138,11:16:58,16.11,-0.01,15,24165,卖盘
1139,11:16:48,16.12,0.01,148,238576,买盘
1140,11:16:43,16.11,--,2,3222,卖盘
1141,11:16:13,16.11,--,276,444652,买盘
1142,11:16:07,16.11,--,23,37053,买盘
1143,11:16:03,16.11,--,48,77328,卖盘
1144,11:15:52,16.11,-0.01,4,6444,卖盘
1145,11:15:37,16.12,--,23,37076,买盘
1146,11:15:33,16.12,0.01,47,75764,买盘
1147,11:15:28,16.11,0.01,10,16142,买盘
1148,11:15:22,16.1,-0.01,10,16100,卖盘
1149,11:15:13,16.11,--,36,57996,买盘
1150,11:15:07,16.11,0.01,237,381807,买盘
1151,11:15:03,16.1,--,0,0,卖盘
1152,11:14:58,16.1,-0.02,682,1098020,卖盘
1153,11:14:52,16.12,--,60,96720,买盘
1154,11:14:46,16.12,0.01,117,188604,买盘
1155,11:14:43,16.11,-0.01,1,1611,卖盘
1156,11:14:37,16.12,--,161,259532,买盘
1157,11:14:28,16.12,--,19,30628,买盘
1158,11:14:22,16.12,--,121,196551,买盘
1159,11:14:13,16.12,--,112,180544,买盘
1160,11:14:07,16.12,--,301,485228,买盘
1161,11:14:01,16.12,--,54,87048,买盘
1162,11:13:58,16.12,--,9,14508,买盘
1163,11:13:52,16.12,--,2,3224,买盘
1164,11:13:46,16.12,0.01,229,369148,买盘
1165,11:13:28,16.11,-0.01,2,3222,卖盘
1166,11:13:12,16.12,0.01,269,433724,买盘
1167,11:13:07,16.11,--,128,207754,卖盘
1168,11:12:58,16.11,--,10,16110,卖盘
1169,11:12:52,16.11,-0.01,201,323811,卖盘
1170,11:12:46,16.12,0.01,19,30628,买盘
1171,11:12:12,16.11,--,100,161100,卖盘
1172,11:12:07,16.11,-0.01,293,472039,卖盘
1173,11:12:01,16.12,--,1,1612,买盘
1174,11:11:58,16.12,--,12,19344,买盘
1175,11:11:52,16.12,--,13,20956,买盘
1176,11:11:46,16.12,--,19,30628,买盘
1177,11:11:37,16.12,--,9,14508,买盘
1178,11:11:28,16.12,--,30,48360,买盘
1179,11:11:13,16.12,-0.01,206,333667,卖盘
1180,11:11:07,16.13,--,390,629070,买盘
1181,11:10:57,16.13,--,2,3226,买盘
1182,11:10:52,16.13,--,10,16129,买盘
1183,11:10:46,16.13,--,87,140331,买盘
1184,11:10:42,16.13,0.01,2,3226,买盘
1185,11:10:31,16.12,--,20,32240,卖盘
1186,11:10:27,16.12,-0.01,54,87048,卖盘
1187,11:10:22,16.13,0.01,83,133879,买盘
1188,11:10:16,16.12,--,10,16120,卖盘
1189,11:10:12,16.12,-0.01,283,456212,卖盘
1190,11:10:07,16.13,--,10,16129,买盘
1191,11:09:57,16.13,0.02,15,24195,买盘
1192,11:09:52,16.11,-0.02,139,223929,卖盘
1193,11:09:46,16.13,--,85,137105,买盘
1194,11:09:42,16.13,--,15,24195,买盘
1195,11:09:37,16.13,--,1,1613,买盘
1196,11:09:27,16.13,--,59,95167,买盘
1197,11:09:22,16.13,--,0,0,买盘
1198,11:09:12,16.13,--,284,458124,买盘
1199,11:09:07,16.13,0.01,73,117749,买盘
1200,11:09:01,16.12,-0.01,27,43524,卖盘
1201,11:08:57,16.13,0.01,36,58068,买盘
1202,11:08:52,16.12,0.01,90,145080,买盘
1203,11:08:46,16.11,-0.01,51,82161,卖盘
1204,11:08:37,16.12,0.01,139,224068,买盘
1205,11:08:31,16.11,-0.01,63,101493,卖盘
1206,11:08:22,16.12,0.01,368,593216,买盘
1207,11:08:16,16.11,--,283,455929,卖盘
1208,11:08:12,16.11,-0.01,3,4833,卖盘
1209,11:08:07,16.12,--,6,9672,买盘
1210,11:08:01,16.12,--,368,593216,买盘
1211,11:07:57,16.12,--,54,87048,买盘
1212,11:07:46,16.12,0.01,309,498140,买盘
1213,11:07:42,16.11,--,1,1611,买盘
1214,11:07:37,16.11,--,14,22554,买盘
1215,11:07:22,16.11,--,102,164322,买盘
1216,11:07:16,16.11,--,69,111159,卖盘
1217,11:07:07,16.11,--,6,9666,卖盘
1218,11:07:01,16.11,--,23,37053,卖盘
1219,11:06:55,16.11,0.01,2,3222,买盘
1220,11:06:52,16.1,-0.02,252,405720,卖盘
1221,11:06:46,16.12,0.01,144,232128,买盘
1222,11:06:40,16.11,--,54,86994,买盘
1223,11:06:37,16.11,--,23,37053,买盘
1224,11:06:21,16.11,--,396,637972,买盘
1225,11:06:16,16.11,--,10,16110,买盘
1226,11:05:46,16.11,0.01,81,130491,买盘
1227,11:05:40,16.1,--,4,6440,卖盘
1228,11:05:36,16.1,-0.01,6,9660,卖盘
1229,11:05:21,16.11,--,1,1611,卖盘
1230,11:05:16,16.11,--,25,40275,卖盘
1231,11:05:06,16.11,--,8,12888,卖盘
1232,11:05:01,16.11,0.01,3,4833,买盘
1233,11:04:55,16.1,--,3,4830,卖盘
1234,11:04:46,16.1,--,1,1610,卖盘
1235,11:04:36,16.1,--,0,0,卖盘
1236,11:04:31,16.1,--,5,8050,卖盘
1237,11:04:21,16.1,--,318,511996,卖盘
1238,11:04:16,16.1,--,30,48300,卖盘
1239,11:04:06,16.1,--,36,57960,卖盘
1240,11:04:01,16.1,-0.02,6,9660,卖盘
1241,11:03:51,16.12,--,20,32240,买盘
1242,11:03:46,16.12,0.02,213,343356,买盘
1243,11:03:40,16.1,--,23,37030,卖盘
1244,11:03:36,16.1,--,140,225400,卖盘
1245,11:03:31,16.1,-0.01,35,56350,卖盘
1246,11:03:25,16.11,--,109,175599,卖盘
1247,11:03:21,16.11,--,292,470444,卖盘
1248,11:02:55,16.11,-0.01,5,8055,卖盘
1249,11:02:51,16.12,--,1,1612,卖盘
1250,11:02:46,16.12,0.01,2,3224,买盘
1251,11:02:40,16.11,--,40,64440,卖盘
1252,11:02:36,16.11,-0.01,6,9666,卖盘
1253,11:02:31,16.12,-0.01,22,35464,中性盘
1254,11:02:25,16.13,--,789,1272673,买盘
1255,11:02:21,16.13,--,0,0,买盘
1256,11:02:16,16.13,0.02,20,32259,买盘
1257,11:02:06,16.11,--,43,69273,卖盘
1258,11:01:55,16.11,--,51,82209,买盘
1259,11:01:51,16.11,--,3,4833,买盘
1260,11:01:46,16.11,--,49,78939,买盘
1261,11:01:40,16.11,--,49,80501,卖盘
1262,11:01:36,16.11,-0.01,33,53163,卖盘
1263,11:01:31,16.12,0.01,5,8060,买盘
1264,11:01:25,16.11,--,288,464000,卖盘
1265,11:01:16,16.11,--,50,80550,卖盘
1266,11:01:06,16.11,--,58,93438,卖盘
1267,11:01:01,16.11,--,95,153061,买盘
1268,11:00:51,16.11,--,7,11277,买盘
1269,11:00:46,16.11,--,14,22554,买盘
1270,11:00:40,16.11,--,5,8055,买盘
1271,11:00:31,16.11,-0.01,200,322200,卖盘
1272,11:00:25,16.12,0.01,1000,1612000,买盘
1273,11:00:21,16.11,--,0,0,中性盘
1274,11:00:16,16.11,--,52,83772,卖盘
1275,11:00:01,16.11,0.01,16,25776,买盘
1276,10:59:55,16.1,-0.01,4,6440,卖盘
1277,10:59:49,16.11,-0.01,13,20943,卖盘
1278,10:59:46,16.12,0.01,77,124124,买盘
1279,10:59:40,16.11,0.01,127,204597,买盘
1280,10:59:34,16.1,--,21,33810,卖盘
1281,10:59:31,16.1,--,307,494302,卖盘
1282,10:59:19,16.1,-0.02,25,40250,卖盘
1283,10:59:15,16.12,0.01,1555,2506660,买盘
1284,10:59:10,16.11,--,10,16110,买盘
1285,10:59:04,16.11,0.01,15,24165,买盘
1286,10:59:01,16.1,--,15,24150,卖盘
1287,10:58:55,16.1,-0.01,3,4830,卖盘
1288,10:58:45,16.11,0.01,2,3222,中性盘
1289,10:58:40,16.1,--,32,52711,卖盘
1290,10:58:30,16.1,-0.01,283,455646,卖盘
1291,10:58:19,16.11,--,14,22972,卖盘
1292,10:58:15,16.11,--,110,177210,卖盘
1293,10:58:10,16.11,--,441,711643,买盘
1294,10:58:00,16.11,--,3,4833,买盘
1295,10:57:55,16.11,--,5,8055,买盘
1296,10:57:45,16.11,0.01,86,138546,买盘
1297,10:57:34,16.1,--,385,619882,卖盘
1298,10:57:30,16.1,-0.01,546,879060,卖盘
1299,10:57:25,16.11,--,10,16110,买盘
1300,10:57:04,16.11,--,30,48330,买盘
1301,10:56:45,16.11,--,128,206208,买盘
1302,10:56:40,16.11,0.01,20,32220,买盘
1303,10:56:34,16.1,-0.01,326,524876,卖盘
1304,10:56:25,16.11,--,61,98271,买盘
1305,10:56:19,16.11,0.01,55,88605,买盘
1306,10:56:15,16.1,--,61,98210,卖盘
1307,10:56:10,16.1,--,240,386400,卖盘
1308,10:56:04,16.1,--,26,41860,卖盘
1309,10:55:49,16.1,-0.01,66,106260,卖盘
1310,10:55:45,16.11,0.01,139,223929,买盘
1311,10:55:40,16.1,--,283,455662,卖盘
1312,10:55:34,16.1,--,200,322000,卖盘
1313,10:55:30,16.1,-0.01,2,3220,卖盘
1314,10:55:25,16.11,--,56,90216,买盘
1315,10:55:19,16.11,0.01,100,161100,买盘
1316,10:55:15,16.1,-0.01,41,66010,卖盘
1317,10:55:04,16.11,--,10,16110,买盘
1318,10:55:00,16.11,--,9,14499,买盘
1319,10:54:55,16.11,0.01,72,115992,买盘
1320,10:54:49,16.1,-0.01,148,238280,卖盘
1321,10:54:45,16.11,--,122,196542,买盘
1322,10:54:40,16.11,--,302,486538,买盘
1323,10:54:34,16.11,0.01,2,3222,买盘
1324,10:54:30,16.1,-0.01,40,64400,卖盘
1325,10:54:25,16.11,0.01,396,637956,买盘
1326,10:54:19,16.1,--,205,330050,卖盘
1327,10:54:15,16.1,--,20,32200,卖盘
1328,10:54:10,16.1,--,74,119140,卖盘
1329,10:54:04,16.1,--,566,911260,卖盘
1330,10:53:55,16.1,-0.01,55,88550,卖盘
1331,10:53:49,16.11,0.01,267,430137,买盘
1332,10:53:45,16.1,--,3,4830,卖盘
1333,10:53:40,16.1,--,428,689112,卖盘
1334,10:53:34,16.1,--,14,22540,卖盘
1335,10:53:30,16.1,--,230,370300,卖盘
1336,10:53:25,16.1,--,23,37030,卖盘
1337,10:53:19,16.1,--,55,88550,卖盘
1338,10:53:15,16.1,--,50,80500,卖盘
1339,10:53:10,16.1,--,105,169050,卖盘
1340,10:53:04,16.1,--,34,54740,卖盘
1341,10:52:55,16.1,-0.01,64,103040,卖盘
1342,10:52:49,16.11,0.01,266,428526,买盘
1343,10:52:45,16.1,--,283,455646,卖盘
1344,10:52:40,16.1,--,39,62790,卖盘
1345,10:52:30,16.1,--,19,30590,卖盘
1346,10:52:25,16.1,--,10,16100,卖盘
1347,10:52:19,16.1,-0.01,100,161000,卖盘
1348,10:52:04,16.11,--,104,167544,买盘
1349,10:51:54,16.11,--,60,96660,买盘
1350,10:51:49,16.11,0.01,55,88605,买盘
1351,10:51:43,16.1,--,283,455662,卖盘
1352,10:51:34,16.1,-0.01,30,48300,卖盘
1353,10:51:28,16.11,0.01,352,567072,买盘
1354,10:51:25,16.1,--,10,16100,卖盘
1355,10:51:13,16.1,-0.01,33,53130,卖盘
1356,10:51:04,16.11,--,504,811944,买盘
1357,10:50:54,16.11,0.01,102,164322,买盘
1358,10:50:49,16.1,--,1219,1962606,卖盘
1359,10:50:24,16.1,-0.01,7,11270,卖盘
1360,10:50:19,16.11,--,37,59607,买盘
1361,10:50:04,16.11,--,18,30560,卖盘
1362,10:49:58,16.11,--,20,32220,卖盘
1363,10:49:54,16.11,--,560,902160,卖盘
1364,10:49:49,16.11,--,467,752369,卖盘
1365,10:49:39,16.11,-0.01,51,82161,卖盘
1366,10:49:33,16.12,--,24,38688,买盘
1367,10:49:28,16.12,0.01,6,9672,买盘
1368,10:49:24,16.11,--,62,99882,卖盘
1369,10:49:19,16.11,--,40,64440,卖盘
1370,10:49:03,16.11,--,335,539701,买盘
1371,10:48:49,16.11,--,161,259371,买盘
1372,10:48:39,16.11,--,82,132907,卖盘
1373,10:48:34,16.11,--,23,37858,卖盘
1374,10:48:24,16.11,--,5,8055,卖盘
1375,10:48:19,16.11,0.01,919,1480509,买盘
1376,10:47:54,16.1,-0.01,288,463712,卖盘
1377,10:47:49,16.11,0.01,111,178821,买盘
1378,10:47:43,16.1,0.01,500,805000,买盘
1379,10:47:28,16.09,-0.01,1,1609,卖盘
1380,10:47:24,16.1,0.01,13,20930,买盘
1381,10:47:19,16.09,--,8,12872,卖盘
1382,10:47:09,16.09,--,9,14481,卖盘
1383,10:46:54,16.09,-0.01,308,495588,卖盘
1384,10:46:49,16.1,--,62,99820,买盘
1385,10:46:43,16.1,0.01,1,1610,买盘
1386,10:46:33,16.09,--,2,3218,卖盘
1387,10:46:28,16.09,--,122,196298,卖盘
1388,10:46:19,16.09,--,35,56315,卖盘
1389,10:46:12,16.09,--,220,353980,卖盘
1390,10:46:09,16.09,-0.01,10,16090,卖盘
1391,10:45:54,16.1,--,62,101413,卖盘
1392,10:45:49,16.1,--,2360,3799600,卖盘
1393,10:45:43,16.1,--,5,8050,卖盘
1394,10:45:38,16.1,--,10,16100,卖盘
1395,10:45:23,16.1,--,54,86940,卖盘
1396,10:45:13,16.1,--,23,37030,卖盘
1397,10:45:04,16.1,0.01,547,880686,买盘
1398,10:44:57,16.09,-0.01,80,129427,卖盘
1399,10:44:48,16.1,0.01,13,20930,中性盘
1400,10:44:42,16.09,--,4,6436,卖盘
1401,10:44:36,16.09,-0.01,100,160900,卖盘
1402,10:44:33,16.1,0.01,26,43453,买盘
1403,10:44:28,16.09,--,188,302492,卖盘
1404,10:44:18,16.09,-0.01,50,80450,卖盘
1405,10:43:57,16.1,-0.02,220,354248,卖盘
1406,10:43:48,16.12,0.02,92,148304,买盘
1407,10:43:36,16.1,--,4,6440,卖盘
1408,10:43:33,16.1,--,200,322000,卖盘
1409,10:43:27,16.1,--,0,0,卖盘
1410,10:43:21,16.1,--,159,257551,买盘
1411,10:43:12,16.1,--,40,64400,买盘
1412,10:43:03,16.1,-0.02,123,198094,卖盘
1413,10:42:57,16.12,0.01,1946,3138402,买盘
1414,10:42:51,16.11,0.01,81,130491,买盘
1415,10:42:48,16.1,--,84,135240,卖盘
1416,10:42:42,16.1,-0.01,888,1429680,卖盘
1417,10:42:36,16.11,0.01,50,80550,买盘
1418,10:42:27,16.1,-0.01,35,56350,卖盘
1419,10:42:21,16.11,--,2,3222,买盘
1420,10:42:18,16.11,0.01,19,30609,买盘
1421,10:42:12,16.1,--,2087,3360070,卖盘
1422,10:42:03,16.1,--,283,455662,卖盘
1423,10:41:57,16.1,-0.01,1,1610,卖盘
1424,10:41:48,16.11,0.01,52,83772,买盘
1425,10:41:33,16.1,-0.01,2,3220,卖盘
1426,10:41:12,16.11,0.01,19,30609,买盘
1427,10:41:06,16.1,--,17,27370,卖盘
1428,10:41:03,16.1,-0.01,285,458866,卖盘
1429,10:40:48,16.11,--,1959,3155949,买盘
1430,10:40:42,16.11,0.01,7,11277,买盘
1431,10:40:27,16.1,-0.01,300,483000,卖盘
1432,10:40:21,16.11,--,14,22554,买盘
1433,10:40:18,16.11,0.01,1,1611,买盘
1434,10:40:12,16.1,--,1,1610,卖盘
1435,10:40:06,16.1,-0.01,283,455662,卖盘
1436,10:39:51,16.11,--,22,35442,买盘
1437,10:39:48,16.11,0.02,374,602530,买盘
1438,10:39:36,16.09,-0.01,22,35398,卖盘
1439,10:39:21,16.1,0.01,50,80500,买盘
1440,10:38:57,16.09,-0.02,332,534188,卖盘
1441,10:38:51,16.11,--,195,314145,买盘
1442,10:38:47,16.11,0.01,48,77328,买盘
1443,10:38:42,16.1,--,2499,4023390,买盘
1444,10:38:36,16.1,0.01,305,491050,买盘
1445,10:38:06,16.09,-0.01,283,455379,卖盘
1446,10:37:51,16.1,--,26,41860,买盘
1447,10:37:45,16.1,0.01,2,3220,买盘
1448,10:37:36,16.09,-0.01,41,65969,卖盘
1449,10:37:30,16.1,--,5,8050,买盘
1450,10:37:21,16.1,--,74,119140,买盘
1451,10:37:15,16.1,--,5,8050,买盘
1452,10:37:12,16.1,--,95,154527,卖盘
1453,10:37:06,16.1,--,10,16100,卖盘
1454,10:37:00,16.1,--,24,38640,卖盘
1455,10:36:57,16.1,--,40,64400,卖盘
1456,10:36:51,16.1,-0.01,94,151340,卖盘
1457,10:36:45,16.11,0.01,3,4833,买盘
1458,10:36:42,16.1,-0.01,1,1610,卖盘
1459,10:36:27,16.11,0.01,5,8055,买盘
1460,10:36:12,16.1,-0.01,293,471762,卖盘
1461,10:36:06,16.11,--,46,74106,买盘
1462,10:36:00,16.11,0.01,1,1611,买盘
1463,10:35:51,16.1,--,235,378350,卖盘
1464,10:35:45,16.1,--,1766,2843260,买盘
1465,10:35:42,16.1,--,5,8050,买盘
1466,10:35:36,16.1,0.01,521,838810,买盘
1467,10:35:30,16.09,-0.01,41,65969,卖盘
1468,10:35:27,16.1,--,33,53130,买盘
1469,10:35:15,16.1,--,3,4830,买盘
1470,10:35:12,16.1,--,112,180336,卖盘
1471,10:35:06,16.1,-0.01,45,72450,卖盘
1472,10:34:51,16.11,0.01,104,167544,买盘
1473,10:34:45,16.1,--,10,16100,卖盘
1474,10:34:36,16.1,--,10,16100,卖盘
1475,10:34:30,16.1,-0.01,279,449190,卖盘
1476,10:34:21,16.11,0.01,1,1611,买盘
1477,10:34:15,16.1,-0.01,333,536162,卖盘
1478,10:34:12,16.11,--,36,57996,买盘
1479,10:34:06,16.11,--,36,57996,买盘
1480,10:33:57,16.11,--,92,148212,买盘
1481,10:33:51,16.11,--,142,228762,买盘
1482,10:33:45,16.11,0.01,15,24165,买盘
1483,10:33:42,16.1,--,5,8050,卖盘
1484,10:33:36,16.1,--,140,225400,卖盘
1485,10:33:27,16.1,-0.01,1,1610,卖盘
1486,10:33:21,16.11,--,293,472039,买盘
1487,10:32:57,16.11,--,6,9666,买盘
1488,10:32:51,16.11,--,189,304479,买盘
1489,10:32:45,16.11,--,20,32220,买盘
1490,10:32:30,16.11,--,21,33831,买盘
1491,10:32:21,16.11,--,284,457556,买盘
1492,10:32:15,16.11,0.01,1,1611,买盘
1493,10:32:11,16.1,-0.01,40,64400,卖盘
1494,10:32:00,16.11,--,15,24165,买盘
1495,10:31:51,16.11,--,72,115992,买盘
1496,10:31:45,16.11,--,120,193320,买盘
1497,10:31:30,16.11,0.01,5,8055,买盘
1498,10:31:26,16.1,--,2,3220,卖盘
1499,10:31:21,16.1,--,283,455646,卖盘
1500,10:31:06,16.1,-0.01,1,1610,卖盘
1501,10:30:51,16.11,--,187,301257,买盘
1502,10:30:45,16.11,0.01,25,40275,买盘
1503,10:30:30,16.1,--,200,322000,卖盘
1504,10:30:21,16.1,-0.01,64,104489,卖盘
1505,10:30:15,16.11,--,1,1611,买盘
1506,10:30:06,16.11,--,250,402750,买盘
1507,10:29:45,16.11,0.01,1,1659,买盘
1508,10:29:36,16.1,-0.01,11,19271,卖盘
1509,10:29:30,16.11,0.01,16,25776,买盘
1510,10:29:24,16.1,--,283,455646,卖盘
1511,10:29:21,16.1,--,101,162610,卖盘
1512,10:29:15,16.1,--,1,1610,卖盘
1513,10:28:54,16.1,-0.01,15,24150,卖盘
1514,10:28:51,16.11,--,244,393084,买盘
1515,10:28:45,16.11,--,61,98271,买盘
1516,10:28:39,16.11,0.01,3,4833,买盘
1517,10:28:24,16.1,--,283,455662,卖盘
1518,10:28:09,16.1,-0.01,10,16100,卖盘
1519,10:28:06,16.11,--,1,1611,买盘
1520,10:27:51,16.11,--,200,322200,买盘
1521,10:27:45,16.11,--,42,67662,买盘
1522,10:27:39,16.11,--,6,9666,买盘
1523,10:27:36,16.11,0.02,71,114381,买盘
1524,10:27:30,16.09,-0.01,283,455363,卖盘
1525,10:27:24,16.1,--,29,47736,买盘
1526,10:27:21,16.1,--,59,94990,买盘
1527,10:27:06,16.1,-0.01,16,26323,卖盘
1528,10:27:00,16.11,-0.01,21,33831,买盘
1529,10:26:54,16.12,--,0,0,买盘
1530,10:26:51,16.12,--,2,3224,买盘
1531,10:26:45,16.12,0.02,71,114452,买盘
1532,10:26:36,16.1,--,32,51520,卖盘
1533,10:26:30,16.1,-0.01,285,458882,卖盘
1534,10:26:21,16.11,--,4,6444,买盘
1535,10:26:05,16.11,--,11,17721,买盘
1536,10:25:54,16.11,--,76,122436,买盘
1537,10:25:51,16.11,--,57,91827,买盘
1538,10:25:45,16.11,--,7,11277,买盘
1539,10:25:36,16.11,--,2,3222,买盘
1540,10:25:30,16.11,-0.01,7,11277,卖盘
1541,10:25:24,16.12,0.01,4,6448,买盘
1542,10:25:15,16.11,-0.01,82,132102,卖盘
1543,10:25:09,16.12,--,108,174096,买盘
1544,10:25:05,16.12,--,136,219232,买盘
1545,10:25:00,16.12,0.01,101,162812,买盘
1546,10:24:54,16.11,-0.01,8,12888,卖盘
1547,10:24:45,16.12,0.01,87,140244,买盘
1548,10:24:35,16.11,0.01,1,1611,中性盘
1549,10:24:30,16.1,-0.01,499,804404,卖盘
1550,10:24:20,16.11,--,0,0,买盘
1551,10:24:15,16.11,0.02,10,16110,买盘
1552,10:24:09,16.09,-0.02,34,54706,卖盘
1553,10:24:00,16.11,--,71,114381,买盘
1554,10:23:54,16.11,--,36,57996,买盘
1555,10:23:50,16.11,--,40,64440,买盘
1556,10:23:45,16.11,0.02,231,373607,买盘
1557,10:23:35,16.09,-0.01,79,127271,卖盘
1558,10:23:30,16.1,-0.01,1,1610,中性盘
1559,10:23:24,16.11,0.01,36,57996,买盘
1560,10:23:18,16.1,--,18,28980,买盘
1561,10:23:15,16.1,0.01,1,1610,买盘
1562,10:22:54,16.09,--,77,125341,中性盘
1563,10:22:48,16.09,--,5,8045,买盘
1564,10:22:45,16.09,0.01,1,1609,中性盘
1565,10:22:39,16.08,-0.02,283,455096,卖盘
1566,10:22:33,16.1,--,0,0,买盘
1567,10:22:18,16.1,0.02,2000,3220000,买盘
1568,10:22:09,16.08,-0.01,9,14471,卖盘
1569,10:22:03,16.09,--,6,9654,买盘
1570,10:22:00,16.09,0.01,3,4827,买盘
1571,10:21:54,16.08,-0.01,186,300535,卖盘
1572,10:21:48,16.09,--,4,6436,买盘
1573,10:21:45,16.09,0.01,23,37007,买盘
1574,10:21:39,16.08,--,318,511360,卖盘
1575,10:21:15,16.08,--,6,9647,卖盘
1576,10:21:00,16.08,--,74,120423,卖盘
1577,10:20:54,16.08,-0.01,50,80399,卖盘
1578,10:20:48,16.09,--,5,8045,买盘
1579,10:20:45,16.09,0.01,1,1609,买盘
1580,10:20:39,16.08,-0.01,284,456704,卖盘
1581,10:20:33,16.09,0.01,3,4827,买盘
1582,10:20:24,16.08,--,6,9647,卖盘
1583,10:20:18,16.08,-0.01,5,8039,卖盘
1584,10:20:15,16.09,0.01,1,1609,买盘
1585,10:19:59,16.08,-0.01,93,150991,卖盘
1586,10:19:54,16.09,--,5,8045,买盘
1587,10:19:48,16.09,--,40,64360,买盘
1588,10:19:45,16.09,0.01,1,1609,买盘
1589,10:19:39,16.08,-0.01,285,458296,卖盘
1590,10:19:18,16.09,0.01,2,3218,买盘
1591,10:19:14,16.08,--,14,22511,卖盘
1592,10:18:59,16.08,--,79,128479,卖盘
1593,10:18:48,16.08,-0.01,135,217079,卖盘
1594,10:18:44,16.09,0.01,289,465017,买盘
1595,10:18:33,16.08,--,4,6431,卖盘
1596,10:18:14,16.08,--,5,8039,卖盘
1597,10:18:03,16.08,-0.01,61,99519,卖盘
1598,10:17:54,16.09,--,35,56315,买盘
1599,10:17:48,16.09,--,10,16090,买盘
1600,10:17:44,16.09,0.01,284,456988,买盘
1601,10:17:39,16.08,--,100,160799,卖盘
1602,10:17:33,16.08,--,332,533856,卖盘
1603,10:17:29,16.08,--,10,16079,卖盘
1604,10:17:14,16.08,-0.01,27,43415,卖盘
1605,10:16:54,16.09,-0.01,6,9654,中性盘
1606,10:16:48,16.1,0.02,355,571566,买盘
1607,10:16:39,16.08,-0.02,82,131856,卖盘
1608,10:16:33,16.1,--,10,16100,买盘
1609,10:16:24,16.1,--,24,38640,买盘
1610,10:16:14,16.1,--,0,0,买盘
1611,10:16:09,16.1,0.02,93,151179,买盘
1612,10:16:03,16.08,-0.02,1,1607,卖盘
1613,10:15:59,16.1,0.01,500,805000,买盘
1614,10:15:54,16.09,0.01,8,12872,买盘
1615,10:15:44,16.08,-0.01,4,6431,卖盘
1616,10:15:39,16.09,--,5,8045,买盘
1617,10:15:33,16.09,-0.01,2959,4761352,卖盘
1618,10:15:24,16.1,0.01,20,32200,买盘
1619,10:15:09,16.09,--,61,99597,卖盘
1620,10:15:03,16.09,-0.01,7,11263,卖盘
1621,10:14:57,16.1,--,45,72450,买盘
1622,10:14:53,16.1,0.01,15,24150,买盘
1623,10:14:48,16.09,-0.01,305,490761,卖盘
1624,10:14:42,16.1,--,5,8050,买盘
1625,10:14:38,16.1,0.01,7,11270,买盘
1626,10:14:27,16.09,-0.01,9,14481,卖盘
1627,10:14:18,16.1,0.01,41,66010,买盘
1628,10:14:12,16.09,-0.01,4,6436,卖盘
1629,10:14:08,16.1,--,2,3220,买盘
1630,10:13:57,16.1,--,15,24150,买盘
1631,10:13:53,16.1,-0.01,174,281717,卖盘
1632,10:13:48,16.11,--,69,111159,买盘
1633,10:13:42,16.11,0.01,8,12888,买盘
1634,10:13:33,16.1,--,35,56350,卖盘
1635,10:13:23,16.1,-0.01,9,14490,卖盘
1636,10:13:08,16.11,0.01,31,49941,买盘
1637,10:12:57,16.1,-0.01,25,40250,卖盘
1638,10:12:53,16.11,-0.01,25,41660,卖盘
1639,10:12:48,16.12,0.01,123,198276,买盘
1640,10:12:42,16.11,-0.01,4,6444,卖盘
1641,10:12:33,16.12,--,3,4836,买盘
1642,10:12:18,16.12,0.01,18,29016,买盘
1643,10:12:12,16.11,--,26,42111,买盘
1644,10:12:08,16.11,0.01,18,28998,买盘
1645,10:12:03,16.1,-0.01,28,45080,卖盘
1646,10:11:57,16.11,0.01,1,1611,买盘
1647,10:11:53,16.1,-0.01,283,455662,卖盘
1648,10:11:48,16.11,0.01,17,27387,买盘
1649,10:11:38,16.1,-0.01,30,48300,卖盘
1650,10:11:33,16.11,--,0,0,买盘
1651,10:11:23,16.11,0.01,17,27387,买盘
1652,10:11:18,16.1,0.01,10,16100,买盘
1653,10:11:12,16.09,-0.01,4,6436,卖盘
1654,10:11:03,16.1,0.01,12,19320,买盘
1655,10:10:57,16.09,-0.01,283,455363,卖盘
1656,10:10:53,16.1,--,5,8050,买盘
1657,10:10:48,16.1,--,613,986930,买盘
1658,10:10:42,16.1,--,13,20930,买盘
1659,10:10:33,16.1,--,1,1610,买盘
1660,10:10:27,16.1,--,2,3220,卖盘
1661,10:10:18,16.1,-0.01,20,32200,卖盘
1662,10:10:12,16.11,0.02,17,27387,买盘
1663,10:10:03,16.09,--,0,0,卖盘
1664,10:09:57,16.09,-0.02,283,455379,卖盘
1665,10:09:48,16.11,0.01,8,12888,买盘
1666,10:09:42,16.1,--,54,88437,买盘
1667,10:09:27,16.1,--,8,12880,买盘
1668,10:09:23,16.1,--,5,8050,买盘
1669,10:09:12,16.1,--,6,9660,买盘
1670,10:09:08,16.1,--,5,8050,买盘
1671,10:09:03,16.1,-0.01,260,418728,卖盘
1672,10:08:57,16.11,--,17,27387,买盘
1673,10:08:53,16.11,--,24,38664,买盘
1674,10:08:48,16.11,0.01,40,64440,买盘
1675,10:08:42,16.1,--,1,2366,卖盘
1676,10:08:33,16.1,-0.01,43,69230,卖盘
1677,10:08:27,16.11,--,20,32220,买盘
1678,10:08:18,16.11,0.01,58,93438,买盘
1679,10:08:12,16.1,-0.01,55,88807,卖盘
1680,10:08:03,16.11,0.01,7,11277,中性盘
1681,10:07:47,16.1,-0.01,456,735351,卖盘
1682,10:07:42,16.11,-0.01,10,16110,卖盘
1683,10:07:17,16.12,0.01,17,27404,买盘
1684,10:07:06,16.11,0.01,15,24165,中性盘
1685,10:07:02,16.1,-0.02,303,487846,卖盘
1686,10:06:57,16.12,0.01,66,106392,买盘
1687,10:06:47,16.11,0.01,11,17721,买盘
1688,10:06:42,16.1,-0.02,4,6440,卖盘
1689,10:06:32,16.12,0.02,17,27404,买盘
1690,10:06:17,16.1,--,98,157780,卖盘
1691,10:06:12,16.1,0.01,62,100689,买盘
1692,10:06:06,16.09,-0.01,283,455379,卖盘
1693,10:06:02,16.1,--,3,4830,买盘
1694,10:05:57,16.1,--,80,128800,买盘
1695,10:05:51,16.1,--,1,1610,买盘
1696,10:05:47,16.1,-0.01,215,346890,卖盘
1697,10:05:42,16.11,0.01,22,35442,买盘
1698,10:05:36,16.1,--,98,158649,买盘
1699,10:05:32,16.1,-0.02,34,54740,卖盘
1700,10:05:21,16.12,--,0,0,买盘
1701,10:05:17,16.12,--,23,37076,买盘
1702,10:05:12,16.12,0.03,10,16120,买盘
1703,10:05:06,16.09,--,283,455363,卖盘
1704,10:05:02,16.09,-0.01,23,37007,卖盘
1705,10:04:57,16.1,--,10,16100,买盘
1706,10:04:51,16.1,0.01,9,14490,买盘
1707,10:04:47,16.09,-0.01,160,258099,卖盘
1708,10:04:42,16.1,--,42,67620,买盘
1709,10:04:36,16.1,--,6,9660,买盘
1710,10:04:32,16.1,0.01,10,16100,买盘
1711,10:04:27,16.09,-0.01,26,42493,卖盘
1712,10:04:17,16.1,--,3,4830,买盘
1713,10:04:12,16.1,--,193,311969,卖盘
1714,10:04:06,16.1,-0.01,23,37690,卖盘
1715,10:04:02,16.11,0.01,2,3222,中性盘
1716,10:03:51,16.1,-0.02,1,1610,卖盘
1717,10:03:47,16.12,--,85,137680,买盘
1718,10:03:42,16.12,--,24,38688,买盘
1719,10:03:36,16.12,0.02,2,3224,买盘
1720,10:03:32,16.1,--,417,671370,卖盘
1721,10:03:27,16.1,--,23,37690,卖盘
1722,10:03:21,16.1,--,14,22540,卖盘
1723,10:03:17,16.1,--,0,0,卖盘
1724,10:03:12,16.1,--,947,1524686,买盘
1725,10:03:06,16.1,--,179,288850,买盘
1726,10:03:02,16.1,--,35,56350,买盘
1727,10:02:57,16.1,--,21,33810,买盘
1728,10:02:51,16.1,--,344,553840,买盘
1729,10:02:47,16.1,--,92,148780,买盘
1730,10:02:42,16.1,--,90,144900,买盘
1731,10:02:36,16.1,--,49,80306,买盘
1732,10:02:32,16.1,--,20,32200,买盘
1733,10:02:27,16.1,--,105,169710,买盘
1734,10:02:21,16.1,--,10,16100,买盘
1735,10:02:17,16.1,--,22,35420,买盘
1736,10:02:12,16.1,--,460,740632,买盘
1737,10:02:06,16.1,--,72,116580,买盘
1738,10:02:02,16.1,--,214,344540,买盘
1739,10:01:51,16.1,-0.02,108,173880,中性盘
1740,10:01:47,16.12,--,50,81260,买盘
1741,10:01:42,16.12,0.02,46,74152,买盘
1742,10:01:36,16.1,--,237,381586,买盘
1743,10:01:32,16.1,--,15,24150,买盘
1744,10:01:27,16.1,--,28,45740,买盘
1745,10:01:21,16.1,-0.02,33,53130,买盘
1746,10:01:15,16.12,--,17,27404,买盘
1747,10:01:06,16.12,0.02,29,47005,买盘
1748,10:00:56,16.1,--,23,37030,卖盘
1749,10:00:51,16.1,--,14,22540,卖盘
1750,10:00:45,16.1,--,99,160742,买盘
1751,10:00:41,16.1,--,14,22540,买盘
1752,10:00:36,16.1,--,13,20930,买盘
1753,10:00:30,16.1,--,56,90160,买盘
1754,10:00:27,16.1,--,10,16100,买盘
1755,10:00:21,16.1,--,55,88550,买盘
1756,10:00:15,16.1,-0.02,105,169050,卖盘
1757,10:00:11,16.12,--,66,106392,买盘
1758,10:00:06,16.12,--,40,64480,买盘
1759,10:00:00,16.12,--,18,29016,买盘
1760,09:59:56,16.12,0.01,153,246636,买盘
1761,09:59:51,16.11,--,394,634734,买盘
1762,09:59:45,16.11,--,191,307701,买盘
1763,09:59:41,16.11,--,25,40275,买盘
1764,09:59:36,16.11,--,23,37053,买盘
1765,09:59:30,16.11,--,0,0,买盘
1766,09:59:26,16.11,0.02,130,209430,买盘
1767,09:59:21,16.09,--,308,495588,卖盘
1768,09:59:11,16.09,-0.01,89,143201,卖盘
1769,09:59:06,16.1,0.01,354,571195,买盘
1770,09:59:00,16.09,-0.01,20,32180,卖盘
1771,09:58:56,16.1,--,1105,1779050,买盘
1772,09:58:51,16.1,0.01,275,444231,买盘
1773,09:58:45,16.09,-0.01,35,56315,卖盘
1774,09:58:41,16.1,--,37,59570,买盘
1775,09:58:36,16.1,0.02,131,210910,买盘
1776,09:58:30,16.08,-0.01,31,51327,卖盘
1777,09:58:26,16.09,--,182,292838,买盘
1778,09:58:21,16.09,-0.01,84,135156,中性盘
1779,09:58:11,16.1,--,33,53387,买盘
1780,09:58:06,16.1,--,36,57960,买盘
1781,09:58:00,16.1,0.01,56,90160,买盘
1782,09:57:56,16.09,--,52,83668,卖盘
1783,09:57:51,16.09,0.01,53,86628,卖盘
1784,09:57:45,16.08,--,0,0,卖盘
1785,09:57:41,16.08,-0.01,21,33768,卖盘
1786,09:57:36,16.09,-0.01,5,8045,买盘
1787,09:57:30,16.1,0.02,15,24150,中性盘
1788,09:57:26,16.08,--,95,152759,卖盘
1789,09:57:21,16.08,--,300,482416,卖盘
1790,09:57:11,16.08,-0.01,55,89919,卖盘
1791,09:57:06,16.09,0.01,22,35398,买盘
1792,09:57:00,16.08,-0.01,15,24119,卖盘
1793,09:56:56,16.09,--,45,72405,买盘
1794,09:56:51,16.09,--,138,223393,买盘
1795,09:56:45,16.09,--,26,41834,买盘
1796,09:56:41,16.09,--,54,86886,买盘
1797,09:56:36,16.09,--,9,14481,买盘
1798,09:56:30,16.09,--,10,16090,买盘
1799,09:56:26,16.09,-0.02,53,85277,卖盘
1800,09:56:21,16.11,0.01,92,148212,买盘
1801,09:56:15,16.1,-0.01,30,48300,买盘
1802,09:56:11,16.11,--,0,0,买盘
1803,09:56:06,16.11,--,26,41886,买盘
1804,09:56:00,16.11,0.02,83,133713,买盘
1805,09:55:56,16.09,--,0,0,卖盘
1806,09:55:50,16.09,--,198,319933,买盘
1807,09:55:45,16.09,--,43,69187,买盘
1808,09:55:36,16.09,--,143,230087,买盘
1809,09:55:30,16.09,--,68,109412,买盘
1810,09:55:26,16.09,-0.01,35,56443,卖盘
1811,09:55:21,16.1,--,52,83720,买盘
1812,09:55:15,16.1,0.02,127,205951,买盘
1813,09:55:06,16.08,-0.01,121,194567,卖盘
1814,09:55:00,16.09,--,75,120819,买盘
1815,09:54:55,16.09,--,400,643600,买盘
1816,09:54:50,16.09,--,168,271534,买盘
1817,09:54:45,16.09,--,6,9654,买盘
1818,09:54:36,16.09,--,5,8045,买盘
1819,09:54:30,16.09,--,16,25744,卖盘
1820,09:54:24,16.09,-0.01,13,20917,卖盘
1821,09:54:21,16.1,0.01,32,51520,买盘
1822,09:54:15,16.09,-0.02,48,77232,卖盘
1823,09:54:05,16.11,--,17,27387,买盘
1824,09:54:00,16.11,0.03,11,17721,买盘
1825,09:53:54,16.08,--,0,0,卖盘
1826,09:53:50,16.08,-0.03,32,52935,卖盘
1827,09:53:45,16.11,0.02,48,77328,买盘
1828,09:53:39,16.09,0.01,2,3218,买盘
1829,09:53:35,16.08,--,194,311968,买盘
1830,09:53:30,16.08,-0.01,184,295871,卖盘
1831,09:53:24,16.09,0.01,1,1609,买盘
1832,09:53:20,16.08,--,97,155975,卖盘
1833,09:53:15,16.08,-0.01,4,6431,卖盘
1834,09:53:05,16.09,0.01,1,1609,买盘
1835,09:53:00,16.08,-0.01,19,30551,卖盘
1836,09:52:50,16.09,--,52,83668,买盘
1837,09:52:45,16.09,--,16,25744,买盘
1838,09:52:35,16.09,-0.01,17,27353,中性盘
1839,09:52:30,16.1,0.03,131,210910,买盘
1840,09:52:24,16.07,-0.03,332,533524,卖盘
1841,09:52:20,16.1,--,16,25760,买盘
1842,09:52:15,16.1,--,30,48300,买盘
1843,09:52:09,16.1,--,6,9660,买盘
1844,09:52:05,16.1,--,14,22540,卖盘
1845,09:52:00,16.1,-0.02,46,74060,卖盘
1846,09:51:50,16.12,0.03,158,254696,买盘
1847,09:51:45,16.09,-0.01,138,222042,卖盘
1848,09:51:39,16.1,--,104,167440,买盘
1849,09:51:35,16.1,-0.01,111,180223,卖盘
1850,09:51:29,16.11,--,73,117603,卖盘
1851,09:51:24,16.11,-0.01,18,28998,卖盘
1852,09:51:20,16.12,0.01,111,178932,买盘
1853,09:51:14,16.11,0.01,92,148212,买盘
1854,09:51:09,16.1,--,198,318876,买盘
1855,09:51:05,16.1,--,96,154560,买盘
1856,09:50:59,16.1,0.02,28,45080,买盘
1857,09:50:54,16.08,-0.02,18,28943,卖盘
1858,09:50:50,16.1,0.03,130,209300,买盘
1859,09:50:44,16.07,-0.03,239,384073,卖盘
1860,09:50:39,16.1,--,0,0,买盘
1861,09:50:35,16.1,0.02,438,705212,买盘
1862,09:50:29,16.08,-0.01,345,554759,卖盘
1863,09:50:24,16.09,--,0,0,买盘
1864,09:50:20,16.09,0.02,37,59533,买盘
1865,09:50:14,16.07,-0.01,113,181591,卖盘
1866,09:50:09,16.08,--,2,3215,买盘
1867,09:50:05,16.08,-0.01,18,28943,中性盘
1868,09:49:59,16.09,--,26,41834,买盘
1869,09:49:54,16.09,--,31,49879,买盘
1870,09:49:50,16.09,0.01,75,120675,中性盘
1871,09:49:44,16.08,0.01,166,266928,卖盘
1872,09:49:39,16.07,--,0,0,卖盘
1873,09:49:35,16.07,--,287,461225,卖盘
1874,09:49:29,16.07,-0.01,50,80350,卖盘
1875,09:49:24,16.08,--,8,12863,买盘
1876,09:49:20,16.08,--,137,220295,买盘
1877,09:49:14,16.08,--,4,6431,买盘
1878,09:49:09,16.08,--,11,17687,买盘
1879,09:48:59,16.08,0.02,36,57887,买盘
1880,09:48:54,16.06,-0.02,97,157355,卖盘
1881,09:48:50,16.08,--,27,43415,买盘
1882,09:48:44,16.08,0.02,138,221936,买盘
1883,09:48:39,16.06,-0.02,279,448073,卖盘
1884,09:48:34,16.08,--,5,8039,买盘
1885,09:48:29,16.08,--,42,67536,买盘
1886,09:48:24,16.08,--,26,41807,买盘
1887,09:48:14,16.08,--,56,90047,买盘
1888,09:48:09,16.08,0.02,1,1607,买盘
1889,09:47:59,16.06,-0.02,9,14453,中性盘
1890,09:47:54,16.08,0.02,47,75575,买盘
1891,09:47:49,16.06,--,72,115631,买盘
1892,09:47:44,16.06,--,42,67452,买盘
1893,09:47:39,16.06,--,134,215203,卖盘
1894,09:47:34,16.06,-0.02,24,38544,卖盘
1895,09:47:24,16.08,--,4,6431,买盘
1896,09:47:14,16.08,0.01,10,16079,买盘
1897,09:47:09,16.07,-0.01,3,4821,中性盘
1898,09:47:03,16.08,--,0,0,买盘
1899,09:46:59,16.08,0.02,31,49847,买盘
1900,09:46:54,16.06,--,87,139722,买盘
1901,09:46:48,16.06,--,47,75482,买盘
1902,09:46:44,16.06,--,204,329213,卖盘
1903,09:46:39,16.06,-0.01,13,20878,卖盘
1904,09:46:33,16.07,0.01,1,1607,买盘
1905,09:46:14,16.06,--,198,318004,买盘
1906,09:46:09,16.06,--,56,89936,买盘
1907,09:45:48,16.06,--,10,16059,买盘
1908,09:45:44,16.06,--,39,62633,卖盘
1909,09:45:39,16.06,-0.01,85,136510,卖盘
1910,09:45:29,16.07,0.01,11,17677,买盘
1911,09:45:24,16.06,-0.01,8,12847,卖盘
1912,09:45:09,16.07,0.01,86,138202,买盘
1913,09:44:59,16.06,0.01,14,22484,卖盘
1914,09:44:48,16.05,-0.02,4,6420,卖盘
1915,09:44:44,16.07,--,369,593015,买盘
1916,09:44:38,16.07,--,88,141416,买盘
1917,09:44:33,16.07,0.02,57,91599,买盘
1918,09:44:29,16.05,-0.02,336,539280,卖盘
1919,09:44:18,16.07,0.01,38,61066,买盘
1920,09:44:14,16.06,--,105,169384,买盘
1921,09:44:08,16.06,--,0,0,买盘
1922,09:44:03,16.06,--,56,89936,买盘
1923,09:43:59,16.06,0.03,109,175054,买盘
1924,09:43:53,16.03,-0.02,103,165109,卖盘
1925,09:43:48,16.05,0.02,3,4815,买盘
1926,09:43:44,16.03,-0.02,339,543433,卖盘
1927,09:43:38,16.05,--,54,86670,买盘
1928,09:43:33,16.05,0.01,118,189390,买盘
1929,09:43:29,16.04,--,20,32080,买盘
1930,09:43:23,16.04,--,136,218144,买盘
1931,09:43:18,16.04,--,54,86616,买盘
1932,09:43:14,16.04,--,6,9624,买盘
1933,09:43:08,16.04,--,98,158779,卖盘
1934,09:43:03,16.04,-0.01,16,25664,卖盘
1935,09:42:59,16.05,--,244,391620,买盘
1936,09:42:48,16.05,--,12,19260,买盘
1937,09:42:44,16.05,--,3,4815,买盘
1938,09:42:38,16.05,--,36,57780,买盘
1939,09:42:33,16.05,--,31,49755,买盘
1940,09:42:29,16.05,--,110,177272,卖盘
1941,09:42:23,16.05,--,2,3210,卖盘
1942,09:42:18,16.05,-0.02,109,175041,卖盘
1943,09:42:13,16.07,--,121,194447,买盘
1944,09:42:08,16.07,0.01,34,54638,买盘
1945,09:41:59,16.06,--,0,0,卖盘
1946,09:41:53,16.06,-0.01,103,165418,卖盘
1947,09:41:48,16.07,0.01,716,1150628,买盘
1948,09:41:44,16.06,--,65,104389,卖盘
1949,09:41:38,16.06,0.01,7,11242,买盘
1950,09:41:33,16.05,--,15,24075,卖盘
1951,09:41:23,16.05,--,227,365105,买盘
1952,09:41:18,16.05,--,5,8025,买盘
1953,09:41:13,16.05,0.01,8,12840,买盘
1954,09:41:08,16.04,-0.01,137,219748,卖盘
1955,09:41:03,16.05,--,29,46545,买盘
1956,09:40:58,16.05,--,32,51360,买盘
1957,09:40:53,16.05,--,35,56175,买盘
1958,09:40:48,16.05,--,61,97905,买盘
1959,09:40:43,16.05,--,13,20865,买盘
1960,09:40:33,16.05,--,251,402855,卖盘
1961,09:40:23,16.05,--,4,6420,卖盘
1962,09:40:18,16.05,-0.01,17,27285,卖盘
1963,09:40:08,16.06,0.02,121,194342,买盘
1964,09:40:03,16.04,--,20,32080,买盘
1965,09:39:53,16.04,--,231,370524,卖盘
1966,09:39:42,16.04,-0.02,60,96240,卖盘
1967,09:39:38,16.06,-0.01,1,1605,中性盘
1968,09:39:33,16.07,0.03,2,3214,买盘
1969,09:39:27,16.04,-0.03,5,8020,卖盘
1970,09:39:23,16.07,--,22,36109,卖盘
1971,09:39:18,16.07,0.03,9,15314,买盘
1972,09:39:12,16.04,-0.03,7,11228,卖盘
1973,09:39:08,16.07,--,31,49817,买盘
1974,09:39:03,16.07,0.01,111,178377,买盘
1975,09:38:57,16.06,0.03,2,3211,中性盘
1976,09:38:53,16.03,-0.04,631,1012278,卖盘
1977,09:38:48,16.07,0.03,279,448353,买盘
1978,09:38:42,16.04,0.01,100,160400,买盘
1979,09:38:38,16.03,--,34,54502,卖盘
1980,09:38:33,16.03,-0.03,92,147476,卖盘
1981,09:38:27,16.06,--,36,57815,买盘
1982,09:38:23,16.06,--,30,48179,买盘
1983,09:38:17,16.06,0.03,54,86724,买盘
1984,09:38:12,16.03,-0.01,103,165109,卖盘
1985,09:38:08,16.04,--,30,48120,买盘
1986,09:38:02,16.04,0.01,10,16040,买盘
1987,09:37:57,16.03,-0.01,283,453665,卖盘
1988,09:37:53,16.04,0.01,35,56140,买盘
1989,09:37:47,16.03,-0.01,60,96180,卖盘
1990,09:37:42,16.04,-0.01,1,1604,卖盘
1991,09:37:38,16.05,--,56,89880,买盘
1992,09:37:32,16.05,0.01,168,269640,买盘
1993,09:37:27,16.04,0.01,23,36892,买盘
1994,09:37:23,16.03,0.01,415,665277,买盘
1995,09:37:17,16.02,--,20,32040,卖盘
1996,09:37:12,16.02,-0.01,100,160200,卖盘
1997,09:37:08,16.03,--,59,94577,买盘
1998,09:37:02,16.03,--,10,16030,买盘
1999,09:36:57,16.03,0.01,54,86562,卖盘
2000,09:36:53,16.02,-0.02,1,1602,卖盘
2001,09:36:47,16.04,0.01,99,158796,买盘
2002,09:36:42,16.03,-0.01,5,8015,卖盘
2003,09:36:38,16.04,--,0,0,中性盘
2004,09:36:32,16.04,-0.02,12,19248,卖盘
2005,09:36:23,16.06,--,0,0,买盘
2006,09:36:12,16.06,0.03,81,130085,买盘
2007,09:36:08,16.03,0.02,16,25648,买盘
2008,09:36:02,16.01,-0.05,283,453099,卖盘
2009,09:35:57,16.06,0.05,1500,2409000,买盘
2010,09:35:53,16.01,--,93,148893,卖盘
2011,09:35:47,16.01,--,0,0,卖盘
2012,09:35:37,16.01,-0.01,90,144090,卖盘
2013,09:35:32,16.02,--,192,307584,买盘
2014,09:35:27,16.02,0.01,18,28836,买盘
2015,09:35:23,16.01,--,47,75247,卖盘
2016,09:35:17,16.01,-0.01,210,336210,卖盘
2017,09:35:12,16.02,--,36,57672,买盘
2018,09:35:07,16.02,--,6,9612,买盘
2019,09:35:02,16.02,-0.03,377,603954,卖盘
2020,09:34:57,16.05,--,10,16050,买盘
2021,09:34:52,16.05,0.02,150,240750,买盘
2022,09:34:47,16.03,--,30,48090,卖盘
2023,09:34:37,16.03,--,7,11221,卖盘
2024,09:34:32,16.03,--,121,193963,买盘
2025,09:34:27,16.03,--,116,185948,买盘
2026,09:34:22,16.03,--,16,25648,买盘
2027,09:34:17,16.03,-0.03,56,89768,卖盘
2028,09:34:12,16.06,--,505,811029,买盘
2029,09:34:07,16.06,0.01,50,81857,买盘
2030,09:34:02,16.05,0.03,328,526488,买盘
2031,09:33:57,16.02,-0.01,224,358848,卖盘
2032,09:33:47,16.03,--,287,460061,买盘
2033,09:33:42,16.03,0.01,5,8015,买盘
2034,09:33:37,16.02,-0.01,55,88110,卖盘
2035,09:33:27,16.03,--,6,9618,买盘
2036,09:33:22,16.03,--,55,88165,买盘
2037,09:33:12,16.03,--,22,35266,买盘
2038,09:33:07,16.03,-0.02,13,20839,中性盘
2039,09:33:02,16.05,--,14,22470,买盘
2040,09:32:57,16.05,0.02,54,86670,买盘
2041,09:32:52,16.03,--,90,144270,卖盘
2042,09:32:47,16.03,-0.02,43,68929,卖盘
2043,09:32:37,16.05,0.04,15,24075,买盘
2044,09:32:32,16.01,-0.04,37,59237,卖盘
2045,09:32:27,16.05,--,0,0,买盘
2046,09:32:21,16.05,0.04,12,19260,买盘
2047,09:32:17,16.01,-0.05,58,92858,卖盘
2048,09:32:12,16.06,0.05,262,420771,买盘
2049,09:32:06,16.01,-0.05,150,240150,卖盘
2050,09:32:02,16.06,-0.01,53,85118,买盘
2051,09:31:56,16.07,0.01,65,104455,买盘
2052,09:31:51,16.06,0.05,26,41756,买盘
2053,09:31:47,16.01,-0.05,21,33621,卖盘
2054,09:31:41,16.06,0.06,23,36938,买盘
2055,09:31:32,16.0,-0.05,76,121600,卖盘
2056,09:31:26,16.05,0.05,296,475112,买盘
2057,09:31:21,16.0,--,18,28800,买盘
2058,09:31:17,16.0,--,458,732800,买盘
2059,09:31:11,16.0,0.01,540,864000,买盘
2060,09:31:06,15.99,-0.01,121,193479,卖盘
2061,09:31:02,16.0,--,292,467200,买盘
2062,09:30:56,16.0,--,181,289600,买盘
2063,09:30:51,16.0,--,51,81600,买盘
2064,09:30:47,16.0,--,245,392000,买盘
2065,09:30:41,16.0,--,360,576000,买盘
2066,09:30:36,16.0,--,151,241600,买盘
2067,09:30:32,16.0,-0.03,286,457600,卖盘
2068,09:30:26,16.03,0.03,317,508167,买盘
2069,09:30:21,16.0,--,40,64000,买盘
2070,09:30:17,16.0,0.01,102,163200,买盘
2071,09:30:11,15.99,-0.01,168,268632,卖盘
2072,09:30:06,16.0,--,477,763200,卖盘
2073,09:28:52,16.0,--,0,0,卖盘
2074,09:25:05,16.0,16,1578,2524800,买盘
