,time,price,change,volume,amount,type
0,15:00:00,10.92,0.01,0,0,买盘
1,14:59:59,10.91,--,98,106918,买盘
2,14:59:57,10.91,--,20,21820,买盘
3,14:59:53,10.91,--,60,65460,买盘
4,14:59:47,10.91,-0.01,187,204017,卖盘
5,14:59:42,10.92,--,152,165984,买盘
6,14:59:38,10.92,--,213,232596,买盘
7,14:59:32,10.92,--,58,63336,卖盘
8,14:59:23,10.92,--,192,209664,买盘
9,14:59:17,10.92,--,28,30576,买盘
10,14:59:12,10.92,--,33,36036,买盘
11,14:59:08,10.92,--,95,103740,卖盘
12,14:59:02,10.92,--,393,429156,卖盘
13,14:58:57,10.92,0.01,31,33852,买盘
14,14:58:53,10.91,-0.01,148,161468,卖盘
15,14:58:47,10.92,--,42,45864,卖盘
16,14:58:42,10.92,--,10,10920,卖盘
17,14:58:38,10.92,--,230,251160,买盘
18,14:58:32,10.92,--,100,109200,卖盘
19,14:58:27,10.92,-0.01,38,41496,卖盘
20,14:58:23,10.93,0.02,350,382550,买盘
21,14:58:17,10.91,--,88,96008,卖盘
22,14:58:12,10.91,--,164,178924,卖盘
23,14:58:08,10.91,--,218,237838,卖盘
24,14:58:02,10.91,--,107,116737,卖盘
25,14:57:57,10.91,-0.01,35,38185,卖盘
26,14:57:52,10.92,0.01,17,18564,买盘
27,14:57:47,10.91,--,12,13092,卖盘
28,14:57:37,10.91,--,50,54790,买盘
29,14:57:32,10.91,--,540,589140,买盘
30,14:57:27,10.91,0.01,10,10910,买盘
31,14:57:22,10.9,-0.01,10,10900,卖盘
32,14:57:17,10.91,0.01,22,24002,买盘
33,14:57:07,10.9,--,30,32700,卖盘
34,14:57:02,10.9,-0.01,32,34880,中性盘
35,14:56:57,10.91,0.01,14,15274,买盘
36,14:56:52,10.9,--,89,97010,买盘
37,14:56:47,10.9,--,386,421590,卖盘
38,14:56:42,10.9,--,18,19620,卖盘
39,14:56:37,10.9,-0.01,4,4360,卖盘
40,14:56:32,10.91,0.01,163,177833,买盘
41,14:56:27,10.9,--,16,17440,卖盘
42,14:56:22,10.9,--,11,11990,卖盘
43,14:56:17,10.9,--,7,7630,卖盘
44,14:56:12,10.9,0.01,271,295629,买盘
45,14:56:06,10.89,--,165,179685,卖盘
46,14:56:02,10.89,--,273,297297,卖盘
47,14:55:57,10.89,--,15,16335,卖盘
48,14:55:47,10.89,--,16,17424,卖盘
49,14:55:32,10.89,--,30,32670,卖盘
50,14:55:27,10.89,--,9,9801,卖盘
51,14:55:17,10.89,--,63,68607,买盘
52,14:55:12,10.89,--,205,223245,买盘
53,14:55:06,10.89,--,16,17424,买盘
54,14:55:02,10.89,--,3,3267,买盘
55,14:54:57,10.89,--,21,22869,买盘
56,14:54:51,10.89,--,82,89298,买盘
57,14:54:47,10.89,0.01,32,34848,买盘
58,14:54:41,10.88,-0.01,30,32640,卖盘
59,14:54:32,10.89,--,35,38115,买盘
60,14:54:26,10.89,0.01,19,20691,买盘
61,14:54:21,10.88,-0.01,436,474368,卖盘
62,14:54:17,10.89,--,10,10890,买盘
63,14:54:11,10.89,0.01,59,64251,买盘
64,14:54:06,10.88,-0.01,34,36992,卖盘
65,14:54:02,10.89,--,20,21780,买盘
66,14:53:56,10.89,--,20,21780,买盘
67,14:53:51,10.89,--,80,87120,买盘
68,14:53:47,10.89,0.01,47,51183,买盘
69,14:53:41,10.88,-0.01,94,102272,卖盘
70,14:53:36,10.89,--,12,13068,买盘
71,14:53:32,10.89,0.01,188,204732,买盘
72,14:53:26,10.88,-0.01,4,4352,卖盘
73,14:53:17,10.89,--,33,35937,买盘
74,14:53:02,10.89,0.01,7,7623,买盘
75,14:52:56,10.88,--,142,154496,卖盘
76,14:52:47,10.88,-0.01,3,3264,卖盘
77,14:52:41,10.89,--,18,19602,买盘
78,14:52:36,10.89,--,2,2178,买盘
79,14:52:32,10.89,--,39,42471,买盘
80,14:52:26,10.89,-0.01,26,28314,买盘
81,14:52:17,10.9,--,7,7630,买盘
82,14:52:11,10.9,--,32,34880,买盘
83,14:52:06,10.9,--,594,648310,买盘
84,14:52:02,10.9,--,60,65400,买盘
85,14:51:56,10.9,0.01,14,15260,买盘
86,14:51:41,10.89,--,32,35087,买盘
87,14:51:36,10.89,--,0,0,买盘
88,14:51:32,10.89,--,20,21780,买盘
89,14:51:26,10.89,0.01,425,462825,买盘
90,14:51:21,10.88,--,5,5440,买盘
91,14:51:17,10.88,--,19,20672,买盘
92,14:51:11,10.88,--,62,67456,买盘
93,14:51:06,10.88,0.01,62,67456,买盘
94,14:51:01,10.87,-0.01,3,3260,卖盘
95,14:50:56,10.88,0.01,108,117504,买盘
96,14:50:51,10.87,--,159,172833,买盘
97,14:50:46,10.87,0.01,54,58697,买盘
98,14:50:41,10.86,-0.01,482,523452,卖盘
99,14:50:36,10.87,--,7,7608,买盘
100,14:50:31,10.87,--,103,111960,买盘
101,14:50:26,10.87,--,253,275011,买盘
102,14:50:21,10.87,0.01,1,1087,买盘
103,14:50:16,10.86,-0.01,3,3258,卖盘
104,14:50:11,10.87,0.01,46,50002,买盘
105,14:50:06,10.86,--,0,0,中性盘
106,14:50:01,10.86,--,49,53214,卖盘
107,14:49:56,10.86,0.01,54,58644,买盘
108,14:49:46,10.85,-0.02,39,42315,卖盘
109,14:49:41,10.87,0.02,27,29348,买盘
110,14:49:36,10.85,-0.01,63,68355,卖盘
111,14:49:31,10.86,-0.01,16,17376,卖盘
112,14:49:26,10.87,0.01,177,192399,买盘
113,14:49:21,10.86,-0.01,102,110772,卖盘
114,14:49:15,10.87,--,71,77177,买盘
115,14:49:11,10.87,0.01,322,350014,买盘
116,14:49:06,10.86,--,16,17376,卖盘
117,14:48:56,10.86,-0.01,16,17376,卖盘
118,14:48:50,10.87,--,8,8696,买盘
119,14:48:45,10.87,--,126,136962,买盘
120,14:48:41,10.87,-0.01,468,509759,卖盘
121,14:48:35,10.88,0.01,2,2176,买盘
122,14:48:26,10.87,--,50,54393,买盘
123,14:48:20,10.87,--,10,10870,买盘
124,14:48:11,10.87,--,269,293446,卖盘
125,14:48:05,10.87,--,4,4391,买盘
126,14:47:56,10.87,--,70,76090,买盘
127,14:47:50,10.87,--,12,13043,买盘
128,14:47:45,10.87,--,24,26087,买盘
129,14:47:41,10.87,--,101,109786,买盘
130,14:47:35,10.87,--,40,43480,买盘
131,14:47:30,10.87,0.01,5,5435,买盘
132,14:47:20,10.86,-0.01,15,16290,卖盘
133,14:47:11,10.87,0.01,55,59784,买盘
134,14:47:05,10.86,--,1036,1125096,卖盘
135,14:47:00,10.86,--,100,108600,卖盘
136,14:46:56,10.86,-0.01,21,22806,卖盘
137,14:46:50,10.87,0.01,86,93482,买盘
138,14:46:41,10.86,-0.01,232,251952,卖盘
139,14:46:35,10.87,--,168,182616,卖盘
140,14:46:30,10.87,--,64,69568,买盘
141,14:46:26,10.87,--,27,29348,买盘
142,14:46:11,10.87,--,16,17392,买盘
143,14:46:05,10.87,0.01,114,123917,买盘
144,14:45:56,10.86,-0.01,10,10860,卖盘
145,14:45:50,10.87,-0.01,4,4348,中性盘
146,14:45:45,10.88,--,0,0,买盘
147,14:45:41,10.88,--,10,10880,买盘
148,14:45:35,10.88,-0.01,22,23936,买盘
149,14:45:30,10.89,--,0,0,买盘
150,14:45:26,10.89,0.03,556,605484,买盘
151,14:45:20,10.86,-0.03,731,794908,卖盘
152,14:45:15,10.89,--,52,56628,买盘
153,14:45:11,10.89,--,23,25047,买盘
154,14:45:05,10.89,--,245,266805,买盘
155,14:45:00,10.89,--,13,14157,卖盘
156,14:44:50,10.89,--,50,54450,卖盘
157,14:44:45,10.89,--,57,62073,买盘
158,14:44:30,10.89,0.01,4,4356,买盘
159,14:44:25,10.88,0.01,168,183654,买盘
160,14:44:20,10.87,--,19,20653,卖盘
161,14:44:15,10.87,--,96,104612,买盘
162,14:44:05,10.87,0.01,25,27174,买盘
163,14:44:00,10.86,0.01,31,33666,买盘
164,14:43:55,10.85,0.01,35,37975,买盘
165,14:43:50,10.84,--,91,98644,卖盘
166,14:43:45,10.84,--,250,271000,卖盘
167,14:43:40,10.84,--,210,227640,买盘
168,14:43:35,10.84,--,68,73712,买盘
169,14:43:30,10.84,--,30,32520,买盘
170,14:43:25,10.84,0.01,155,168020,买盘
171,14:43:10,10.83,0.01,2,2166,买盘
172,14:42:55,10.82,--,0,0,卖盘
173,14:42:50,10.82,--,24,25968,买盘
174,14:42:45,10.82,0.01,6,6492,买盘
175,14:42:40,10.81,-0.03,7,7567,卖盘
176,14:42:35,10.84,--,0,0,买盘
177,14:42:29,10.84,0.03,404,437936,买盘
178,14:42:24,10.81,--,119,128639,卖盘
179,14:42:20,10.81,--,107,115667,卖盘
180,14:42:05,10.81,--,6,6486,卖盘
181,14:41:59,10.81,--,26,28106,卖盘
182,14:41:54,10.81,--,13,14053,卖盘
183,14:41:50,10.81,--,88,95128,买盘
184,14:41:44,10.81,0.01,90,97290,买盘
185,14:41:39,10.8,-0.01,11,11880,卖盘
186,14:41:29,10.81,--,62,67022,买盘
187,14:41:24,10.81,--,25,27025,买盘
188,14:41:20,10.81,--,27,29187,买盘
189,14:41:14,10.81,--,28,30268,买盘
190,14:41:09,10.81,--,24,25944,卖盘
191,14:41:05,10.81,--,1,1081,卖盘
192,14:40:59,10.81,--,36,38916,卖盘
193,14:40:54,10.81,0.01,4,4324,中性盘
194,14:40:49,10.8,-0.01,27,29160,卖盘
195,14:40:44,10.81,0.01,226,244306,买盘
196,14:40:35,10.8,--,12,12960,卖盘
197,14:40:29,10.8,-0.01,8,8640,卖盘
198,14:40:24,10.81,--,26,28106,卖盘
199,14:40:19,10.81,0.02,69,75486,买盘
200,14:40:14,10.79,-0.01,570,615030,卖盘
201,14:40:05,10.8,-0.01,40,43200,卖盘
202,14:39:59,10.81,--,175,189175,买盘
203,14:39:54,10.81,0.02,8,8648,买盘
204,14:39:50,10.79,-0.01,230,248169,卖盘
205,14:39:44,10.8,--,5,5400,卖盘
206,14:39:39,10.8,--,3,3240,卖盘
207,14:39:34,10.8,--,5,5400,卖盘
208,14:39:29,10.8,--,29,31320,买盘
209,14:39:24,10.8,--,29,31320,买盘
210,14:39:19,10.8,--,38,41040,买盘
211,14:39:14,10.8,--,88,95040,买盘
212,14:39:09,10.8,0.01,55,59400,买盘
213,14:39:04,10.79,-0.01,41,44239,卖盘
214,14:38:59,10.8,--,8,8640,买盘
215,14:38:54,10.8,--,2,2160,买盘
216,14:38:49,10.8,0.01,10,10800,买盘
217,14:38:44,10.79,-0.01,36,38844,卖盘
218,14:38:39,10.8,--,20,21600,买盘
219,14:38:34,10.8,--,33,35640,买盘
220,14:38:29,10.8,0.01,55,59400,买盘
221,14:38:24,10.79,-0.01,16,17264,卖盘
222,14:38:19,10.8,--,56,60480,买盘
223,14:38:14,10.8,--,23,24840,买盘
224,14:38:09,10.8,--,9,9720,买盘
225,14:37:59,10.8,--,331,357480,买盘
226,14:37:54,10.8,0.01,10,10800,买盘
227,14:37:49,10.79,-0.01,107,115452,卖盘
228,14:37:44,10.8,--,49,52920,卖盘
229,14:37:39,10.8,-0.01,58,62640,卖盘
230,14:37:34,10.81,0.01,300,324300,买盘
231,14:37:29,10.8,-0.01,110,118800,卖盘
232,14:37:19,10.81,0.01,8,8648,买盘
233,14:37:09,10.8,-0.01,11,11880,卖盘
234,14:37:04,10.81,--,10,10810,买盘
235,14:36:59,10.81,--,38,41078,买盘
236,14:36:54,10.81,0.01,5,5405,买盘
237,14:36:49,10.8,-0.01,146,157863,卖盘
238,14:36:38,10.81,--,30,32430,卖盘
239,14:36:34,10.81,--,120,130617,买盘
240,14:36:29,10.81,0.01,340,367540,买盘
241,14:36:23,10.8,-0.01,5,5400,卖盘
242,14:36:19,10.81,--,174,188094,买盘
243,14:36:14,10.81,--,10,10810,买盘
244,14:36:08,10.81,--,10,10810,买盘
245,14:36:04,10.81,--,12,12972,买盘
246,14:35:59,10.81,0.01,285,308085,卖盘
247,14:35:53,10.8,-0.01,200,216000,卖盘
248,14:35:49,10.81,--,20,21620,卖盘
249,14:35:44,10.81,--,217,234577,买盘
250,14:35:38,10.81,--,94,101614,买盘
251,14:35:33,10.81,--,84,90804,买盘
252,14:35:29,10.81,--,22,23782,买盘
253,14:35:23,10.81,--,111,119991,卖盘
254,14:35:18,10.81,-0.01,1,1081,卖盘
255,14:35:14,10.82,0.02,80,86560,买盘
256,14:35:08,10.8,--,0,0,卖盘
257,14:35:03,10.8,--,34,36720,卖盘
258,14:34:58,10.8,--,3,3240,卖盘
259,14:34:53,10.8,-0.02,30,32400,卖盘
260,14:34:48,10.82,0.02,13,14066,买盘
261,14:34:43,10.8,--,96,103680,买盘
262,14:34:38,10.8,0.02,63,68040,买盘
263,14:34:33,10.78,-0.02,685,738430,卖盘
264,14:34:28,10.8,--,31,33480,买盘
265,14:34:23,10.8,0.01,242,261360,买盘
266,14:34:13,10.79,--,7,7552,买盘
267,14:34:08,10.79,--,40,43160,买盘
268,14:34:03,10.79,--,5,5395,买盘
269,14:33:58,10.79,--,109,117610,卖盘
270,14:33:53,10.79,-0.01,7,7552,卖盘
271,14:33:43,10.8,--,0,0,买盘
272,14:33:38,10.8,0.03,92,99360,买盘
273,14:33:33,10.77,--,1,1077,卖盘
274,14:33:28,10.77,-0.01,564,607428,卖盘
275,14:33:23,10.78,0.01,262,282436,买盘
276,14:33:18,10.77,--,22,23694,买盘
277,14:33:13,10.77,--,273,294021,卖盘
278,14:33:08,10.77,-0.01,369,397413,卖盘
279,14:33:03,10.78,0.01,17,18326,买盘
280,14:32:58,10.77,-0.01,99,106623,卖盘
281,14:32:53,10.78,--,106,114268,买盘
282,14:32:48,10.78,--,23,24794,买盘
283,14:32:43,10.78,--,27,29106,买盘
284,14:32:38,10.78,-0.01,423,455994,卖盘
285,14:32:33,10.79,0.01,106,114373,买盘
286,14:32:28,10.78,-0.01,91,98098,卖盘
287,14:32:23,10.79,--,68,73372,买盘
288,14:32:18,10.79,--,1,1079,买盘
289,14:32:13,10.79,-0.01,86,92793,卖盘
290,14:32:08,10.8,--,174,187920,买盘
291,14:32:03,10.8,0.01,24,25920,买盘
292,14:31:58,10.79,-0.01,129,139191,卖盘
293,14:31:53,10.8,--,31,33480,买盘
294,14:31:48,10.8,--,17,18360,买盘
295,14:31:43,10.8,-0.02,4748,5128466,卖盘
296,14:31:38,10.82,--,234,253188,卖盘
297,14:31:33,10.82,-0.01,200,216400,卖盘
298,14:31:28,10.83,0.01,180,194940,买盘
299,14:31:23,10.82,-0.01,128,138496,卖盘
300,14:31:18,10.83,0.01,5,5415,买盘
301,14:31:13,10.82,-0.01,50,54100,卖盘
302,14:31:08,10.83,--,50,54150,买盘
303,14:31:03,10.83,-0.01,802,868566,卖盘
304,14:30:58,10.84,0.01,63,68292,买盘
305,14:30:53,10.83,-0.01,20,21660,卖盘
306,14:30:43,10.84,--,13,14092,卖盘
307,14:30:38,10.84,-0.01,259,280756,卖盘
308,14:30:28,10.85,--,36,39060,买盘
309,14:30:23,10.85,0.01,4,4340,买盘
310,14:30:17,10.84,-0.01,117,127001,卖盘
311,14:30:13,10.85,-0.01,70,75950,卖盘
312,14:30:08,10.86,--,64,69504,买盘
313,14:30:02,10.86,0.01,61,66246,买盘
314,14:29:58,10.85,--,55,59675,卖盘
315,14:29:53,10.85,--,6,6510,卖盘
316,14:29:43,10.85,-0.01,3,3255,卖盘
317,14:29:38,10.86,--,10,10860,买盘
318,14:29:28,10.86,-0.01,24,26064,卖盘
319,14:29:17,10.87,0.02,30,32609,买盘
320,14:29:13,10.85,-0.01,105,113925,卖盘
321,14:29:08,10.86,--,212,230232,卖盘
322,14:29:02,10.86,--,35,38010,卖盘
323,14:28:58,10.86,--,14,15204,卖盘
324,14:28:42,10.86,-0.01,112,121751,卖盘
325,14:28:38,10.87,0.01,21,22827,买盘
326,14:28:28,10.86,-0.01,58,62988,卖盘
327,14:28:23,10.87,0.01,100,108699,买盘
328,14:28:17,10.86,-0.01,5,5430,卖盘
329,14:28:08,10.87,0.01,203,220660,买盘
330,14:28:02,10.86,--,16,17376,卖盘
331,14:27:52,10.86,--,58,62988,卖盘
332,14:27:47,10.86,-0.01,18,19548,卖盘
333,14:27:37,10.87,--,39,42393,买盘
334,14:27:27,10.87,0.01,18,19566,买盘
335,14:27:17,10.86,-0.01,16,17376,卖盘
336,14:27:07,10.87,0.01,5,5435,买盘
337,14:27:02,10.86,--,100,108600,卖盘
338,14:26:57,10.86,-0.01,4,4344,卖盘
339,14:26:37,10.87,--,198,215225,买盘
340,14:26:32,10.87,--,81,88047,买盘
341,14:26:22,10.87,0.01,843,916340,买盘
342,14:26:17,10.86,--,27,29322,卖盘
343,14:26:12,10.86,-0.01,134,145524,卖盘
344,14:26:07,10.87,--,65,70655,买盘
345,14:25:52,10.87,--,67,72829,买盘
346,14:25:47,10.87,--,5,5435,买盘
347,14:25:42,10.87,--,17,18479,买盘
348,14:25:32,10.87,0.01,183,198921,买盘
349,14:25:27,10.86,-0.01,2,2172,卖盘
350,14:25:22,10.87,--,27,29348,买盘
351,14:25:17,10.87,--,93,101091,买盘
352,14:25:12,10.87,-0.01,271,294577,卖盘
353,14:25:07,10.88,0.01,10,10880,买盘
354,14:25:02,10.87,--,20,21740,卖盘
355,14:24:52,10.87,--,18,19566,买盘
356,14:24:42,10.87,--,21,22827,买盘
357,14:24:37,10.87,0.01,11,11957,买盘
358,14:24:22,10.86,--,5,5430,卖盘
359,14:24:17,10.86,--,110,119557,买盘
360,14:24:12,10.86,--,8,8688,买盘
361,14:24:07,10.86,--,2,2172,买盘
362,14:24:02,10.86,--,131,142266,买盘
363,14:23:52,10.86,0.01,202,219372,买盘
364,14:23:26,10.85,-0.01,31,33635,卖盘
365,14:23:22,10.86,0.01,16,18288,买盘
366,14:23:17,10.85,--,29,31465,买盘
367,14:23:11,10.85,--,63,68355,买盘
368,14:23:02,10.85,--,2,2170,买盘
369,14:22:56,10.85,--,61,66185,买盘
370,14:22:52,10.85,--,123,133455,买盘
371,14:22:47,10.85,--,11,11935,买盘
372,14:22:41,10.85,0.01,3,3255,买盘
373,14:22:37,10.84,-0.01,22,23848,卖盘
374,14:22:32,10.85,--,39,42315,买盘
375,14:22:22,10.85,0.01,73,79205,买盘
376,14:22:17,10.84,-0.01,14,15176,卖盘
377,14:22:11,10.85,--,31,33635,买盘
378,14:22:07,10.85,0.01,61,66185,买盘
379,14:22:02,10.84,-0.01,5,5420,卖盘
380,14:21:56,10.85,--,20,21700,买盘
381,14:21:52,10.85,--,9,9765,买盘
382,14:21:47,10.85,--,1,1085,买盘
383,14:21:41,10.85,--,2,2170,买盘
384,14:21:31,10.85,0.01,6,6510,买盘
385,14:21:26,10.84,--,100,108400,卖盘
386,14:21:22,10.84,-0.01,19,20596,卖盘
387,14:21:17,10.85,0.01,21,22785,买盘
388,14:21:11,10.84,-0.01,108,117072,卖盘
389,14:21:06,10.85,0.01,14,15190,买盘
390,14:20:56,10.84,-0.01,31,33604,卖盘
391,14:20:51,10.85,--,10,10850,买盘
392,14:20:46,10.85,--,46,49910,买盘
393,14:20:41,10.85,--,6,6510,买盘
394,14:20:36,10.85,--,5,5425,买盘
395,14:20:31,10.85,--,124,134540,买盘
396,14:20:26,10.85,--,27,29295,买盘
397,14:20:21,10.85,--,3,3255,买盘
398,14:20:16,10.85,-0.01,312,338520,卖盘
399,14:20:11,10.86,0.01,9,9774,买盘
400,14:20:01,10.85,--,60,65100,卖盘
401,14:19:56,10.85,--,257,278845,买盘
402,14:19:51,10.85,--,54,58590,买盘
403,14:19:46,10.85,--,809,877765,买盘
404,14:19:41,10.85,--,51,55335,买盘
405,14:19:36,10.85,--,65,70525,买盘
406,14:19:31,10.85,--,429,465465,买盘
407,14:19:26,10.85,--,5,5425,买盘
408,14:19:21,10.85,--,155,168175,买盘
409,14:19:16,10.85,--,58,62930,买盘
410,14:19:11,10.85,--,159,172515,买盘
411,14:19:01,10.85,--,11,11935,买盘
412,14:18:56,10.85,0.01,230,249550,买盘
413,14:18:51,10.84,-0.01,20,21680,卖盘
414,14:18:41,10.85,0.01,16,17360,买盘
415,14:18:31,10.84,--,27,29268,卖盘
416,14:18:26,10.84,-0.01,30,32520,卖盘
417,14:18:21,10.85,--,173,187705,买盘
418,14:18:16,10.85,0.01,20,21700,买盘
419,14:18:11,10.84,--,25,27100,卖盘
420,14:18:01,10.84,--,16,17344,买盘
421,14:17:56,10.84,0.01,200,216800,买盘
422,14:17:51,10.83,-0.01,19,20577,卖盘
423,14:17:46,10.84,--,133,144172,买盘
424,14:17:41,10.84,--,508,550672,买盘
425,14:17:35,10.84,0.01,8,8672,买盘
426,14:17:31,10.83,0.01,11,11913,中性盘
427,14:17:26,10.82,-0.01,13,14066,卖盘
428,14:17:16,10.83,--,55,59565,买盘
429,14:17:11,10.83,0.02,15,16245,中性盘
430,14:17:05,10.81,-0.02,1004,1085324,卖盘
431,14:17:01,10.83,0.01,240,259920,卖盘
432,14:16:56,10.82,-0.02,324,350568,卖盘
433,14:16:50,10.84,0.01,4,4336,买盘
434,14:16:46,10.83,--,543,588069,买盘
435,14:16:41,10.83,-0.01,101,109383,卖盘
436,14:16:31,10.84,--,74,80216,卖盘
437,14:16:26,10.84,--,144,156096,卖盘
438,14:16:20,10.84,-0.01,40,43360,卖盘
439,14:16:16,10.85,0.04,84,91140,买盘
440,14:16:11,10.81,-0.03,1611,1741491,卖盘
441,14:16:01,10.84,--,24,26471,买盘
442,14:15:56,10.84,--,146,158264,买盘
443,14:15:50,10.84,--,34,37484,卖盘
444,14:15:46,10.84,--,5,5420,卖盘
445,14:15:41,10.84,--,73,79587,卖盘
446,14:15:35,10.84,--,72,78048,卖盘
447,14:15:31,10.84,--,72,78048,卖盘
448,14:15:26,10.84,-0.01,21,22764,卖盘
449,14:15:16,10.85,-0.01,10,10850,中性盘
450,14:15:11,10.86,--,2559,2779074,买盘
451,14:15:05,10.86,--,44,47784,买盘
452,14:15:01,10.86,-0.01,194,211313,卖盘
453,14:14:56,10.87,0.01,5,5435,买盘
454,14:14:50,10.86,--,49,53214,卖盘
455,14:14:46,10.86,-0.01,59,64074,卖盘
456,14:14:41,10.87,0.01,45,48915,买盘
457,14:14:35,10.86,--,9,9774,卖盘
458,14:14:31,10.86,-0.01,270,293220,卖盘
459,14:14:26,10.87,0.01,29,31522,买盘
460,14:14:16,10.86,-0.01,71,77106,卖盘
461,14:14:10,10.87,0.01,594,645678,买盘
462,14:14:05,10.86,-0.01,21,22806,卖盘
463,14:14:00,10.87,0.01,30,32609,买盘
464,14:13:50,10.86,-0.01,265,287790,卖盘
465,14:13:45,10.87,--,10,10870,买盘
466,14:13:40,10.87,0.01,167,181529,买盘
467,14:13:35,10.86,--,23,24978,卖盘
468,14:13:30,10.86,-0.01,370,401820,卖盘
469,14:13:25,10.87,--,30,32609,买盘
470,14:13:20,10.87,0.01,50,54349,买盘
471,14:13:15,10.86,--,60,65160,卖盘
472,14:13:10,10.86,-0.01,7,7602,卖盘
473,14:12:50,10.87,--,15,16304,买盘
474,14:12:45,10.87,--,3,3260,买盘
475,14:12:30,10.87,--,10,10870,买盘
476,14:12:25,10.87,-0.01,342,371754,卖盘
477,14:12:15,10.88,0.01,3,3264,买盘
478,14:12:10,10.87,-0.01,26,28479,卖盘
479,14:12:05,10.88,--,19,20672,卖盘
480,14:11:55,10.88,--,11,11968,卖盘
481,14:11:50,10.88,--,6,6528,卖盘
482,14:11:40,10.88,0.01,211,230438,买盘
483,14:11:35,10.87,-0.01,33,35871,卖盘
484,14:11:30,10.88,0.01,9,9792,买盘
485,14:11:25,10.87,-0.01,75,81525,卖盘
486,14:11:20,10.88,0.01,31,33728,买盘
487,14:11:13,10.87,--,30,32609,卖盘
488,14:11:10,10.87,-0.01,44,47828,卖盘
489,14:11:05,10.88,0.01,40,43520,买盘
490,14:10:58,10.87,--,180,195660,卖盘
491,14:10:55,10.87,--,38,41306,卖盘
492,14:10:49,10.87,--,7,7608,卖盘
493,14:10:44,10.87,-0.01,25,27174,卖盘
494,14:10:40,10.88,--,32,34816,买盘
495,14:10:34,10.88,0.01,20,21760,买盘
496,14:10:25,10.87,--,3,3260,买盘
497,14:10:14,10.87,0.01,20,21740,买盘
498,14:10:10,10.86,-0.01,45,48870,卖盘
499,14:10:05,10.87,0.01,102,110873,买盘
500,14:09:58,10.86,--,146,158556,卖盘
501,14:09:49,10.86,-0.03,1000,1086000,卖盘
502,14:09:43,10.89,--,37,40293,买盘
503,14:09:40,10.89,0.01,31,33759,买盘
504,14:09:34,10.88,--,5,5440,买盘
505,14:09:28,10.88,-0.02,5,5440,卖盘
506,14:09:19,10.9,--,0,0,买盘
507,14:09:10,10.9,--,0,0,买盘
508,14:09:04,10.9,--,2030,2212700,买盘
509,14:08:58,10.9,0.02,18,19620,卖盘
510,14:08:55,10.88,--,0,0,卖盘
511,14:08:49,10.88,-0.02,111,120768,卖盘
512,14:08:39,10.9,0.01,25,27707,买盘
513,14:08:28,10.89,--,4,4356,卖盘
514,14:08:25,10.89,-0.01,5,5445,卖盘
515,14:08:19,10.9,--,154,167860,买盘
516,14:08:13,10.9,--,20,21800,买盘
517,14:08:09,10.9,--,14,15260,买盘
518,14:08:04,10.9,--,45,49050,买盘
519,14:07:54,10.9,--,1,1090,买盘
520,14:07:39,10.9,0.02,25,27250,中性盘
521,14:07:34,10.88,--,0,0,卖盘
522,14:07:28,10.88,-0.02,42,45696,卖盘
523,14:07:19,10.9,--,20,21800,中性盘
524,14:07:13,10.9,0.01,258,281220,买盘
525,14:07:09,10.89,-0.01,12,13068,卖盘
526,14:06:54,10.9,--,12,13080,卖盘
527,14:06:49,10.9,--,39,42510,买盘
528,14:06:43,10.9,--,1,1090,买盘
529,14:06:39,10.9,--,39,42510,买盘
530,14:06:34,10.9,--,24,26160,买盘
531,14:06:28,10.9,--,5,5450,买盘
532,14:06:24,10.9,--,22,23980,买盘
533,14:06:13,10.9,0.01,52,56680,买盘
534,14:05:58,10.89,--,43,46827,卖盘
535,14:05:49,10.89,--,3,3267,买盘
536,14:05:43,10.89,0.01,30,32670,买盘
537,14:05:39,10.88,-0.01,5,5440,卖盘
538,14:05:34,10.89,--,69,75141,卖盘
539,14:05:24,10.89,0.01,161,175329,买盘
540,14:05:19,10.88,--,84,91392,卖盘
541,14:05:04,10.88,--,73,79968,买盘
542,14:04:58,10.88,--,406,441728,卖盘
543,14:04:54,10.88,--,121,131648,卖盘
544,14:04:43,10.88,--,48,52224,卖盘
545,14:04:22,10.88,--,170,184960,卖盘
546,14:04:13,10.88,--,191,207808,买盘
547,14:04:07,10.88,--,4,4352,买盘
548,14:04:04,10.88,--,7,7616,买盘
549,14:03:52,10.88,0.01,10,10880,买盘
550,14:03:49,10.87,-0.01,208,226095,卖盘
551,14:03:43,10.88,0.01,37,40256,买盘
552,14:03:34,10.87,-0.01,329,357623,卖盘
553,14:03:22,10.88,--,2,2176,买盘
554,14:03:19,10.88,--,157,170816,卖盘
555,14:03:13,10.88,-0.01,438,476544,卖盘
556,14:03:07,10.89,0.01,43,46827,买盘
557,14:03:04,10.88,--,580,631040,卖盘
558,14:02:58,10.88,--,71,77248,卖盘
559,14:02:52,10.88,--,15,16320,卖盘
560,14:02:43,10.88,-0.01,262,285056,卖盘
561,14:02:37,10.89,--,20,21780,买盘
562,14:02:34,10.89,--,209,227601,买盘
563,14:02:28,10.89,--,170,185130,卖盘
564,14:02:22,10.89,-0.01,17,18513,卖盘
565,14:02:19,10.9,0.01,169,184210,买盘
566,14:02:13,10.89,--,30,32670,卖盘
567,14:02:04,10.89,-0.01,127,138303,卖盘
568,14:01:58,10.9,0.01,53,57770,买盘
569,14:01:52,10.89,--,11,11979,卖盘
570,14:01:49,10.89,-0.01,49,53361,卖盘
571,14:01:43,10.9,--,21,22890,买盘
572,14:01:37,10.9,0.01,31,33790,买盘
573,14:01:34,10.89,-0.01,33,35937,卖盘
574,14:01:28,10.9,0.01,99,107910,买盘
575,14:01:19,10.89,-0.01,16,17424,卖盘
576,14:01:07,10.9,-0.01,115,126320,卖盘
577,14:01:03,10.91,0.01,118,128738,买盘
578,14:00:58,10.9,-0.01,141,153690,卖盘
579,14:00:52,10.91,0.01,154,168014,买盘
580,14:00:49,10.9,--,98,106820,卖盘
581,14:00:43,10.9,--,67,73030,卖盘
582,14:00:37,10.9,--,17,18530,卖盘
583,14:00:33,10.9,--,103,112270,卖盘
584,14:00:28,10.9,--,11,11990,卖盘
585,14:00:18,10.9,--,21,22890,卖盘
586,14:00:13,10.9,--,12,13080,卖盘
587,14:00:07,10.9,-0.01,10,10900,卖盘
588,14:00:03,10.91,0.01,10,10910,买盘
589,13:59:58,10.9,--,20,21800,卖盘
590,13:59:48,10.9,-0.01,19,20710,卖盘
591,13:59:43,10.91,0.01,14,15274,买盘
592,13:59:28,10.9,-0.01,148,161320,卖盘
593,13:59:22,10.91,0.01,56,61096,买盘
594,13:59:13,10.9,-0.01,233,253970,卖盘
595,13:58:58,10.91,--,10,10910,买盘
596,13:58:48,10.91,--,70,76370,买盘
597,13:58:43,10.91,0.01,45,49095,卖盘
598,13:58:07,10.9,--,0,0,卖盘
599,13:57:58,10.9,-0.01,200,218000,卖盘
600,13:57:52,10.91,0.01,132,144132,买盘
601,13:57:37,10.9,--,32,34880,卖盘
602,13:57:13,10.9,0.01,13,14170,买盘
603,13:57:07,10.89,-0.01,4,4356,卖盘
604,13:56:58,10.9,--,10,10900,买盘
605,13:56:52,10.9,--,20,21800,买盘
606,13:56:46,10.9,--,1,1090,买盘
607,13:56:43,10.9,--,273,297570,卖盘
608,13:56:37,10.9,-0.01,113,123170,卖盘
609,13:56:31,10.91,--,27,29457,买盘
610,13:56:22,10.91,0.01,22,24002,买盘
611,13:56:16,10.9,-0.01,53,57770,卖盘
612,13:56:07,10.91,--,3,3273,买盘
613,13:56:01,10.91,--,1,1091,买盘
614,13:55:58,10.91,--,115,126435,卖盘
615,13:55:52,10.91,--,31,33821,卖盘
616,13:55:37,10.91,--,54,59034,卖盘
617,13:55:31,10.91,--,0,0,卖盘
618,13:55:22,10.91,--,30,32730,买盘
619,13:55:13,10.91,--,20,21820,买盘
620,13:55:07,10.91,--,24,26184,卖盘
621,13:54:58,10.91,--,0,0,卖盘
622,13:54:52,10.91,-0.01,2,2182,卖盘
623,13:54:43,10.92,--,20,21840,卖盘
624,13:54:31,10.92,--,27,29484,卖盘
625,13:54:28,10.92,0.02,59,64428,买盘
626,13:54:22,10.9,--,57,62130,卖盘
627,13:54:16,10.9,--,126,137340,卖盘
628,13:54:07,10.9,-0.02,59,64310,卖盘
629,13:53:58,10.92,0.02,201,219492,买盘
630,13:53:46,10.9,--,58,63220,卖盘
631,13:53:42,10.9,--,10,10900,卖盘
632,13:53:37,10.9,--,1,1090,买盘
633,13:53:31,10.9,--,10,10900,买盘
634,13:53:27,10.9,--,39,42510,买盘
635,13:53:22,10.9,0.01,20,21800,中性盘
636,13:53:16,10.89,-0.01,53,57717,卖盘
637,13:53:12,10.9,--,21,22890,买盘
638,13:53:07,10.9,--,10,10900,买盘
639,13:52:57,10.9,0.01,24,26160,买盘
640,13:52:52,10.89,--,4,4356,卖盘
641,13:52:42,10.89,-0.01,24,26136,卖盘
642,13:52:37,10.9,--,75,81750,买盘
643,13:52:31,10.9,0.01,69,75210,买盘
644,13:52:27,10.89,-0.01,40,43560,卖盘
645,13:52:22,10.9,--,27,29430,卖盘
646,13:52:16,10.9,--,10,10900,卖盘
647,13:52:12,10.9,--,5,5450,卖盘
648,13:52:07,10.9,0.01,84,91560,买盘
649,13:51:57,10.89,-0.01,80,87120,卖盘
650,13:51:52,10.9,0.01,47,51230,买盘
651,13:51:46,10.89,-0.01,100,108900,卖盘
652,13:51:42,10.9,--,101,110090,买盘
653,13:51:37,10.9,--,6,6540,买盘
654,13:51:27,10.9,0.01,10,10900,买盘
655,13:51:22,10.89,-0.01,9,9801,卖盘
656,13:51:07,10.9,0.01,12,13080,买盘
657,13:51:01,10.89,--,57,62073,卖盘
658,13:50:46,10.89,0.01,98,106722,买盘
659,13:50:40,10.88,--,8,8704,卖盘
660,13:50:36,10.88,-0.01,55,59840,卖盘
661,13:50:31,10.89,0.01,3,3267,买盘
662,13:50:25,10.88,--,1,1088,卖盘
663,13:50:22,10.88,--,5,5440,卖盘
664,13:50:16,10.88,-0.01,3,3264,卖盘
665,13:49:55,10.89,--,20,21780,买盘
666,13:49:52,10.89,-0.01,104,113256,卖盘
667,13:49:46,10.9,--,31,33790,买盘
668,13:49:31,10.9,--,14,15260,买盘
669,13:49:25,10.9,--,28,30520,卖盘
670,13:49:22,10.9,--,16,17440,卖盘
671,13:49:16,10.9,0.01,4,4360,中性盘
672,13:49:06,10.89,-0.01,25,27225,卖盘
673,13:49:01,10.9,--,141,153690,卖盘
674,13:48:46,10.9,-0.01,21,22890,卖盘
675,13:48:31,10.91,--,31,33821,买盘
676,13:48:25,10.91,-0.01,18,19638,卖盘
677,13:48:22,10.92,0.01,75,81900,买盘
678,13:48:16,10.91,--,5,5455,卖盘
679,13:48:07,10.91,-0.01,259,282569,卖盘
680,13:48:01,10.92,--,13,14196,买盘
681,13:47:55,10.92,0.01,1,1092,买盘
682,13:47:46,10.91,0.01,50,54550,卖盘
683,13:47:36,10.9,-0.01,56,61040,卖盘
684,13:47:21,10.91,0.01,26,28366,中性盘
685,13:47:16,10.9,-0.02,1,1090,卖盘
686,13:47:01,10.92,--,10,10920,买盘
687,13:46:51,10.92,0.02,3,3276,买盘
688,13:46:46,10.9,--,50,54500,卖盘
689,13:46:36,10.9,--,22,24906,买盘
690,13:46:31,10.9,--,23,25070,买盘
691,13:46:25,10.9,--,31,33790,买盘
692,13:46:21,10.9,--,23,25070,买盘
693,13:46:06,10.9,--,10,10900,买盘
694,13:46:01,10.9,--,11,11990,买盘
695,13:45:55,10.9,--,5,5450,买盘
696,13:45:51,10.9,0.01,631,687790,买盘
697,13:45:46,10.89,--,39,42471,卖盘
698,13:45:36,10.89,-0.01,3,3267,卖盘
699,13:45:31,10.9,--,10,10900,买盘
700,13:45:25,10.9,0.01,480,523200,买盘
701,13:45:21,10.89,-0.01,60,65340,卖盘
702,13:45:16,10.9,0.02,14,15260,买盘
703,13:45:06,10.88,-0.01,186,202368,卖盘
704,13:45:01,10.89,--,77,83853,买盘
705,13:44:55,10.89,--,5,5445,买盘
706,13:44:51,10.89,--,507,552123,卖盘
707,13:44:46,10.89,-0.01,163,177507,卖盘
708,13:44:36,10.9,-0.01,716,780603,卖盘
709,13:44:31,10.91,0.01,14,15274,买盘
710,13:44:25,10.9,-0.01,49,53410,卖盘
711,13:44:21,10.91,--,14,15274,买盘
712,13:44:16,10.91,0.01,20,21820,中性盘
713,13:44:06,10.9,-0.01,597,650730,卖盘
714,13:44:01,10.91,-0.01,21,22911,卖盘
715,13:43:49,10.92,0.01,112,122304,买盘
716,13:43:46,10.91,--,15,16365,卖盘
717,13:43:40,10.91,--,26,28366,卖盘
718,13:43:30,10.91,--,11,12001,卖盘
719,13:43:25,10.91,-0.01,47,51277,卖盘
720,13:43:19,10.92,--,12,13104,买盘
721,13:43:15,10.92,--,29,31668,买盘
722,13:43:10,10.92,0.01,141,153972,买盘
723,13:43:00,10.91,--,0,0,卖盘
724,13:42:55,10.91,-0.01,420,458220,卖盘
725,13:42:49,10.92,--,10,10920,卖盘
726,13:42:45,10.92,-0.01,4,4368,卖盘
727,13:42:40,10.93,--,5,5465,买盘
728,13:42:34,10.93,--,125,136974,卖盘
729,13:42:30,10.93,--,350,382550,卖盘
730,13:42:19,10.93,--,10,10930,卖盘
731,13:42:10,10.93,--,23,25139,卖盘
732,13:42:04,10.93,-0.01,131,143183,卖盘
733,13:42:00,10.94,--,17,18598,卖盘
734,13:41:55,10.94,--,20,21880,卖盘
735,13:41:49,10.94,--,100,109400,卖盘
736,13:41:45,10.94,--,15,16410,卖盘
737,13:41:40,10.94,--,106,115964,卖盘
738,13:41:30,10.94,--,1397,1528318,卖盘
739,13:41:25,10.94,--,25,27350,卖盘
740,13:41:19,10.94,--,8,8752,卖盘
741,13:41:15,10.94,--,5,5470,卖盘
742,13:41:10,10.94,-0.01,4,4376,卖盘
743,13:41:04,10.95,-0.01,6,6570,卖盘
744,13:41:00,10.96,0.01,123,134808,买盘
745,13:40:55,10.95,--,17,18615,卖盘
746,13:40:49,10.95,--,36,39420,卖盘
747,13:40:45,10.95,--,59,64604,卖盘
748,13:40:40,10.95,-0.01,35,38325,卖盘
749,13:40:34,10.96,--,15,16440,买盘
750,13:40:30,10.96,0.01,13,14248,买盘
751,13:40:19,10.95,--,26,28469,卖盘
752,13:40:10,10.95,-0.01,3,3285,卖盘
753,13:39:45,10.96,--,0,0,买盘
754,13:39:40,10.96,0.02,6,6576,买盘
755,13:39:34,10.94,-0.01,3,3282,卖盘
756,13:39:30,10.95,--,24,26280,买盘
757,13:39:10,10.95,--,198,216810,卖盘
758,13:39:04,10.95,--,9,9855,卖盘
759,13:39:00,10.95,--,20,21900,卖盘
760,13:38:49,10.95,--,16,17520,卖盘
761,13:38:45,10.95,-0.01,10,10950,卖盘
762,13:38:40,10.96,0.01,10,10960,买盘
763,13:38:34,10.95,--,3,3285,卖盘
764,13:38:30,10.95,-0.01,6,6570,卖盘
765,13:38:25,10.96,0.01,6,6576,买盘
766,13:38:15,10.95,--,218,238709,买盘
767,13:38:04,10.95,--,15,16425,买盘
768,13:38:00,10.95,--,10,10950,买盘
769,13:37:55,10.95,--,6,6570,买盘
770,13:37:49,10.95,-0.01,36,39420,卖盘
771,13:37:19,10.96,0.01,6,6576,买盘
772,13:37:13,10.95,--,6,6570,买盘
773,13:37:10,10.95,--,80,87600,买盘
774,13:37:04,10.95,0.01,26,28469,买盘
775,13:37:00,10.94,--,11,12034,卖盘
776,13:36:55,10.94,-0.01,157,171758,卖盘
777,13:36:49,10.95,0.01,17,18615,买盘
778,13:36:43,10.94,-0.01,4,4376,卖盘
779,13:36:40,10.95,0.01,20,21900,买盘
780,13:36:34,10.94,-0.01,90,98460,卖盘
781,13:36:28,10.95,--,10,10950,买盘
782,13:36:25,10.95,--,10,10950,买盘
783,13:36:19,10.95,--,24,26280,买盘
784,13:35:58,10.95,--,31,33945,卖盘
785,13:35:54,10.95,--,30,32850,卖盘
786,13:35:39,10.95,--,39,42705,买盘
787,13:35:34,10.95,--,8,8760,买盘
788,13:35:19,10.95,--,19,20805,卖盘
789,13:35:04,10.95,-0.01,10,10950,卖盘
790,13:34:54,10.96,0.01,5,5480,买盘
791,13:34:49,10.95,--,14,15329,买盘
792,13:34:43,10.95,--,4,4380,卖盘
793,13:34:39,10.95,-0.01,1,1095,买盘
794,13:34:34,10.96,0.01,23,25208,买盘
795,13:34:28,10.95,-0.01,34,37273,卖盘
796,13:34:24,10.96,--,5,5480,买盘
797,13:34:19,10.96,0.01,6,6576,买盘
798,13:34:09,10.95,-0.01,30,32850,卖盘
799,13:33:43,10.96,0.01,500,548000,买盘
800,13:33:39,10.95,-0.01,32,35040,卖盘
801,13:33:34,10.96,0.01,6,6576,买盘
802,13:33:28,10.95,-0.01,4,4380,卖盘
803,13:33:24,10.96,--,0,0,中性盘
804,13:33:19,10.96,--,2,2192,卖盘
805,13:33:13,10.96,--,4,4384,卖盘
806,13:33:09,10.96,--,3,3288,卖盘
807,13:32:58,10.96,--,141,154536,买盘
808,13:32:54,10.96,0.01,5,5480,买盘
809,13:32:43,10.95,--,3,3285,卖盘
810,13:32:34,10.95,-0.01,22,24090,卖盘
811,13:32:28,10.96,0.01,3,3288,买盘
812,13:32:24,10.95,-0.01,140,153300,卖盘
813,13:32:19,10.96,0.01,6,6576,买盘
814,13:32:04,10.95,--,15,16425,卖盘
815,13:31:58,10.95,--,10,10950,卖盘
816,13:31:54,10.95,-0.01,5,5475,卖盘
817,13:31:49,10.96,0.01,10,10960,买盘
818,13:31:39,10.95,-0.01,3,3285,卖盘
819,13:31:34,10.96,0.01,10,10960,卖盘
820,13:31:19,10.95,-0.02,200,219000,卖盘
821,13:31:13,10.97,0.02,125,137125,买盘
822,13:31:09,10.95,-0.01,15,16425,卖盘
823,13:30:54,10.96,0.01,114,124944,买盘
824,13:30:49,10.95,-0.01,10,10950,卖盘
825,13:30:39,10.96,--,5,5480,买盘
826,13:30:13,10.96,-0.01,268,293728,卖盘
827,13:30:09,10.97,--,40,43880,买盘
828,13:30:04,10.97,0.01,26,28522,买盘
829,13:29:54,10.96,--,7,7672,卖盘
830,13:29:49,10.96,-0.01,127,139192,卖盘
831,13:29:28,10.97,--,6,6582,买盘
832,13:29:23,10.97,0.01,12,13164,买盘
833,13:29:19,10.96,0.01,3,3288,买盘
834,13:29:09,10.95,--,35,39376,买盘
835,13:29:03,10.95,-0.02,164,179623,卖盘
836,13:28:58,10.97,--,50,54850,买盘
837,13:28:49,10.97,--,4,4388,买盘
838,13:28:43,10.97,-0.01,44,48268,卖盘
839,13:28:28,10.98,--,85,93330,卖盘
840,13:28:22,10.98,--,4,4392,卖盘
841,13:28:18,10.98,--,30,32940,卖盘
842,13:28:13,10.98,0.03,378,415044,买盘
843,13:28:07,10.95,-0.02,503,550785,卖盘
844,13:28:03,10.97,0.01,30,32910,买盘
845,13:27:58,10.96,-0.01,43,47128,卖盘
846,13:27:52,10.97,-0.01,2,2194,买盘
847,13:27:43,10.98,0.02,12,13176,买盘
848,13:27:37,10.96,-0.02,44,48224,卖盘
849,13:27:33,10.98,--,2,2196,买盘
850,13:27:28,10.98,--,20,21960,买盘
851,13:27:22,10.98,0.01,1,1098,买盘
852,13:27:18,10.97,-0.01,1,1097,卖盘
853,13:27:13,10.98,--,0,0,买盘
854,13:27:07,10.98,0.02,4,4392,买盘
855,13:26:58,10.96,-0.01,66,73388,卖盘
856,13:26:48,10.97,--,3,3334,卖盘
857,13:26:43,10.97,0.01,152,167797,买盘
858,13:26:33,10.96,-0.01,28,30688,卖盘
859,13:26:22,10.97,--,13,14261,买盘
860,13:26:13,10.97,0.01,74,81178,买盘
861,13:25:58,10.96,--,85,93160,买盘
862,13:25:48,10.96,0.01,17,18632,买盘
863,13:25:22,10.95,--,160,175200,买盘
864,13:25:18,10.95,--,8,8760,买盘
865,13:24:52,10.95,-0.01,18,19710,卖盘
866,13:24:48,10.96,0.01,6,6576,买盘
867,13:24:43,10.95,-0.01,20,21900,卖盘
868,13:24:33,10.96,--,6,6576,买盘
869,13:24:28,10.96,0.02,7,7672,买盘
870,13:24:18,10.94,-0.02,30,32820,卖盘
871,13:24:13,10.96,0.02,5,5480,买盘
872,13:23:48,10.94,--,10,10940,卖盘
873,13:23:33,10.94,0.01,195,213330,买盘
874,13:23:28,10.93,-0.01,7,7651,卖盘
875,13:23:03,10.94,--,3,3282,买盘
876,13:22:58,10.94,-0.02,182,199108,卖盘
877,13:22:43,10.96,--,139,152344,卖盘
878,13:22:32,10.96,-0.01,30,32880,卖盘
879,13:22:28,10.97,0.01,5,5485,买盘
880,13:21:57,10.96,--,25,27400,卖盘
881,13:21:52,10.96,-0.01,20,21920,中性盘
882,13:21:46,10.97,0.01,6,6582,买盘
883,13:21:42,10.96,--,4,4384,卖盘
884,13:21:37,10.96,-0.01,28,30688,卖盘
885,13:21:22,10.97,0.01,104,114088,买盘
886,13:21:16,10.96,--,4,4384,买盘
887,13:21:12,10.96,--,88,96448,买盘
888,13:21:07,10.96,0.01,8,8768,买盘
889,13:20:52,10.95,0.01,110,120449,买盘
890,13:20:36,10.94,--,30,32820,卖盘
891,13:20:31,10.94,-0.01,5,5470,中性盘
892,13:20:27,10.95,0.01,17,18615,买盘
893,13:20:21,10.94,--,54,59076,买盘
894,13:20:16,10.94,0.01,30,32820,买盘
895,13:20:12,10.93,-0.01,33,36069,卖盘
896,13:20:07,10.94,--,20,21880,买盘
897,13:20:01,10.94,--,5,5470,买盘
898,13:19:57,10.94,--,26,28444,买盘
899,13:19:51,10.94,0.01,1,1094,买盘
900,13:19:42,10.93,-0.01,13,14209,卖盘
901,13:19:22,10.94,--,12,13128,买盘
902,13:19:16,10.94,0.01,20,21880,买盘
903,13:19:12,10.93,-0.01,6,6558,卖盘
904,13:19:01,10.94,0.01,4,4376,买盘
905,13:18:52,10.93,--,15,16395,卖盘
906,13:18:42,10.93,-0.01,300,327900,卖盘
907,13:18:30,10.94,--,44,48136,买盘
908,13:18:27,10.94,--,6,6564,买盘
909,13:18:12,10.94,--,41,44854,卖盘
910,13:18:06,10.94,--,24,26256,卖盘
911,13:18:00,10.94,--,20,21880,买盘
912,13:17:57,10.94,0.01,6,6564,买盘
913,13:17:51,10.93,--,10,10930,卖盘
914,13:17:42,10.93,--,3,3279,卖盘
915,13:17:21,10.93,--,60,65580,卖盘
916,13:17:15,10.93,-0.01,1,1093,卖盘
917,13:17:12,10.94,--,135,147690,买盘
918,13:16:51,10.94,--,36,39384,买盘
919,13:16:45,10.94,0.01,200,218800,买盘
920,13:16:42,10.93,-0.01,21,22953,卖盘
921,13:16:21,10.94,0.01,7,8401,买盘
922,13:16:12,10.93,--,58,63743,卖盘
923,13:16:06,10.93,--,46,50278,卖盘
924,13:15:57,10.93,-0.01,110,120230,卖盘
925,13:15:51,10.94,0.01,1,1094,买盘
926,13:15:45,10.93,-0.01,50,54650,卖盘
927,13:15:41,10.94,--,24,26256,卖盘
928,13:15:36,10.94,--,60,65640,卖盘
929,13:15:21,10.94,0.01,149,163006,买盘
930,13:15:11,10.93,-0.01,3,3279,卖盘
931,13:14:56,10.94,--,22,24068,买盘
932,13:14:45,10.94,-0.01,21,22974,卖盘
933,13:14:30,10.95,0.01,1,1095,买盘
934,13:14:21,10.94,--,31,33914,中性盘
935,13:14:15,10.94,--,5,5470,买盘
936,13:14:06,10.94,-0.01,2,2188,买盘
937,13:14:00,10.95,--,0,0,买盘
938,13:13:45,10.95,--,5,5475,买盘
939,13:13:21,10.95,--,1,1095,买盘
940,13:13:15,10.95,--,7,7664,买盘
941,13:12:51,10.95,--,1,1095,买盘
942,13:12:39,10.95,--,6,6570,买盘
943,13:12:30,10.95,0.02,1,1095,买盘
944,13:12:21,10.93,--,0,0,卖盘
945,13:12:15,10.93,-0.02,216,236088,卖盘
946,13:12:06,10.95,--,50,54750,卖盘
947,13:12:00,10.95,-0.01,10,10950,卖盘
948,13:11:54,10.96,--,5,5480,买盘
949,13:11:51,10.96,--,5,5480,买盘
950,13:11:45,10.96,--,2,2192,买盘
951,13:11:30,10.96,--,4,4384,买盘
952,13:11:09,10.96,--,13,14248,买盘
953,13:11:06,10.96,--,81,88776,买盘
954,13:11:00,10.96,--,19,20824,买盘
955,13:10:51,10.96,--,16,17536,买盘
956,13:10:30,10.96,--,20,21920,买盘
957,13:10:21,10.96,0.01,5,5480,买盘
958,13:10:15,10.95,--,40,43800,卖盘
959,13:10:00,10.95,--,10,10950,卖盘
960,13:09:54,10.95,--,174,191274,买盘
961,13:09:51,10.95,-0.01,45,49625,卖盘
962,13:09:30,10.96,--,65,71240,买盘
963,13:09:24,10.96,--,10,10960,买盘
964,13:09:21,10.96,0.01,39,42744,买盘
965,13:09:15,10.95,--,6,6570,卖盘
966,13:09:06,10.95,-0.01,23,25185,卖盘
967,13:09:00,10.96,--,3,3288,买盘
968,13:08:50,10.96,--,10,10960,买盘
969,13:08:45,10.96,--,65,71240,买盘
970,13:08:39,10.96,--,10,10960,买盘
971,13:08:35,10.96,--,100,109600,买盘
972,13:08:24,10.96,--,56,61376,卖盘
973,13:08:20,10.96,--,45,49320,卖盘
974,13:08:15,10.96,0.01,65,71240,中性盘
975,13:08:09,10.95,-0.01,25,28119,卖盘
976,13:08:05,10.96,--,11,12056,买盘
977,13:08:00,10.96,--,22,24112,买盘
978,13:07:54,10.96,--,16,17536,买盘
979,13:07:45,10.96,--,148,162208,买盘
980,13:07:39,10.96,--,5,5480,买盘
981,13:07:20,10.96,--,5,5480,买盘
982,13:07:09,10.96,--,16,17536,买盘
983,13:07:00,10.96,0.01,3,3288,买盘
984,13:06:54,10.95,--,10,10950,卖盘
985,13:06:39,10.95,--,5,5475,买盘
986,13:06:33,10.95,0.01,36,39420,买盘
987,13:06:24,10.94,--,18,19692,买盘
988,13:06:09,10.94,0.01,15,16410,买盘
989,13:05:39,10.93,--,4,4372,买盘
990,13:05:33,10.93,0.02,5,5465,买盘
991,13:05:30,10.91,-0.02,16,17456,卖盘
992,13:05:24,10.93,0.02,1,1093,买盘
993,13:05:18,10.91,--,10,10910,卖盘
994,13:05:03,10.91,-0.02,5,5455,卖盘
995,13:04:54,10.93,0.01,6,6558,买盘
996,13:04:48,10.92,0.01,19,20748,买盘
997,13:04:45,10.91,--,7,7637,卖盘
998,13:04:39,10.91,-0.01,20,21820,卖盘
999,13:04:33,10.92,--,3,3276,买盘
1000,13:04:24,10.92,--,6,6552,买盘
1001,13:04:09,10.92,--,36,39312,卖盘
1002,13:03:54,10.92,0.01,19,20748,买盘
1003,13:03:45,10.91,-0.01,1,1091,卖盘
1004,13:03:24,10.92,0.02,1,1092,买盘
1005,13:03:15,10.9,--,0,0,卖盘
1006,13:03:09,10.9,-0.03,524,571160,卖盘
1007,13:03:03,10.93,0.02,5,5465,买盘
1008,13:03:00,10.91,--,0,0,卖盘
1009,13:02:48,10.91,-0.02,448,488768,卖盘
1010,13:02:30,10.93,--,3,3279,卖盘
1011,13:02:24,10.93,-0.01,8,8744,卖盘
1012,13:02:15,10.94,--,5,5470,买盘
1013,13:02:03,10.94,-0.01,15,16410,中性盘
1014,13:01:39,10.95,--,62,67890,买盘
1015,13:01:24,10.95,--,0,0,买盘
1016,13:01:09,10.95,-0.01,10,10950,中性盘
1017,13:00:54,10.96,0.01,11,12056,买盘
1018,13:00:44,10.95,-0.01,12,13490,卖盘
1019,13:00:39,10.96,0.01,1,1096,买盘
1020,13:00:33,10.95,--,10,10950,卖盘
1021,13:00:24,10.95,--,60,65700,卖盘
1022,13:00:09,10.95,0.02,301,330339,买盘
1023,13:00:03,10.93,--,109,119137,买盘
1024,11:30:00,10.93,--,0,0,买盘
1025,11:30:00,10.93,--,0,0,买盘
1026,11:29:55,10.93,--,3,3279,买盘
1027,11:29:45,10.93,0.03,10,10930,卖盘
1028,11:29:30,10.9,-0.03,15,16350,卖盘
1029,11:29:25,10.93,0.05,8,9673,买盘
1030,11:29:19,10.88,--,400,435200,卖盘
1031,11:29:10,10.88,-0.04,200,217600,卖盘
1032,11:29:04,10.92,-0.01,27,29484,卖盘
1033,11:28:49,10.93,0.01,30,32790,买盘
1034,11:28:45,10.92,-0.01,16,17472,卖盘
1035,11:28:40,10.93,0.03,37,40441,买盘
1036,11:28:34,10.9,-0.03,62,67580,卖盘
1037,11:28:30,10.93,--,5,5465,买盘
1038,11:28:25,10.93,--,209,228437,买盘
1039,11:28:19,10.93,0.04,20,21860,买盘
1040,11:28:15,10.89,-0.04,200,217800,卖盘
1041,11:28:10,10.93,--,21,22953,买盘
1042,11:28:04,10.93,0.01,29,31697,买盘
1043,11:28:00,10.92,--,3,3276,卖盘
1044,11:27:49,10.92,-0.01,46,50232,卖盘
1045,11:27:43,10.93,0.01,5,5465,买盘
1046,11:27:34,10.92,-0.01,15,16380,卖盘
1047,11:27:28,10.93,0.01,22,24046,买盘
1048,11:27:25,10.92,0.02,18,20453,买盘
1049,11:27:19,10.9,-0.02,1195,1302713,卖盘
1050,11:27:13,10.92,--,30,32760,买盘
1051,11:27:10,10.92,--,42,45864,买盘
1052,11:27:04,10.92,--,33,36036,买盘
1053,11:26:58,10.92,0.01,2,2184,买盘
1054,11:26:55,10.91,-0.01,33,36003,中性盘
1055,11:26:49,10.92,--,80,87360,买盘
1056,11:26:43,10.92,0.02,10,10920,买盘
1057,11:26:40,10.9,-0.02,230,250700,卖盘
1058,11:26:28,10.92,--,0,611,卖盘
1059,11:26:25,10.92,-0.01,3,3756,卖盘
1060,11:26:10,10.93,0.03,32,34976,买盘
1061,11:26:04,10.9,--,0,0,卖盘
1062,11:25:49,10.9,-0.02,510,555900,卖盘
1063,11:25:28,10.92,--,11,12012,卖盘
1064,11:25:25,10.92,-0.02,3,3767,卖盘
1065,11:25:19,10.94,--,0,0,买盘
1066,11:25:13,10.94,0.03,32,35008,买盘
1067,11:25:10,10.91,-0.01,151,165690,卖盘
1068,11:25:04,10.92,0.01,18,19656,买盘
1069,11:24:58,10.91,-0.01,1,1091,卖盘
1070,11:24:55,10.92,--,1,1092,买盘
1071,11:24:49,10.92,--,5,5460,买盘
1072,11:24:43,10.92,-0.02,17,18564,买盘
1073,11:24:34,10.94,0.02,40,43760,买盘
1074,11:24:28,10.92,--,1,1092,买盘
1075,11:24:25,10.92,--,13,14676,买盘
1076,11:24:10,10.92,--,22,24024,买盘
1077,11:24:04,10.92,--,10,10920,买盘
1078,11:23:55,10.92,--,5,5460,买盘
1079,11:23:39,10.92,-0.01,54,59579,卖盘
1080,11:23:34,10.93,0.01,2,2186,卖盘
1081,11:23:28,10.92,--,0,0,卖盘
1082,11:23:24,10.92,-0.02,3,3756,卖盘
1083,11:23:19,10.94,0.01,46,50324,买盘
1084,11:22:49,10.93,0.01,5,5465,买盘
1085,11:22:39,10.92,-0.01,1,1092,卖盘
1086,11:22:34,10.93,0.02,7,7651,买盘
1087,11:22:28,10.91,--,0,0,卖盘
1088,11:22:24,10.91,-0.01,423,461973,卖盘
1089,11:22:19,10.92,-0.01,37,40404,卖盘
1090,11:22:09,10.93,0.01,41,44813,买盘
1091,11:22:04,10.92,--,1,1092,卖盘
1092,11:21:54,10.92,-0.01,25,27300,卖盘
1093,11:21:43,10.93,--,2,2186,买盘
1094,11:21:39,10.93,0.01,18,19674,卖盘
1095,11:21:34,10.92,--,0,0,卖盘
1096,11:21:24,10.92,-0.02,3,3756,卖盘
1097,11:21:13,10.94,0.01,42,45948,买盘
1098,11:21:07,10.93,--,1,1093,卖盘
1099,11:21:04,10.93,-0.01,20,21860,卖盘
1100,11:20:43,10.94,--,19,20786,买盘
1101,11:20:34,10.94,-0.01,261,286157,卖盘
1102,11:20:19,10.95,--,13,14234,买盘
1103,11:20:13,10.95,--,164,180204,卖盘
1104,11:20:07,10.95,-0.01,25,27375,卖盘
1105,11:20:04,10.96,0.01,46,50416,买盘
1106,11:19:52,10.95,-0.01,1,1095,卖盘
1107,11:19:49,10.96,--,18,19728,买盘
1108,11:19:34,10.96,0.01,9,9864,买盘
1109,11:19:28,10.95,--,55,60224,卖盘
1110,11:19:19,10.95,--,18,20180,卖盘
1111,11:19:13,10.95,--,5,5475,卖盘
1112,11:18:58,10.95,0.01,66,72270,买盘
1113,11:18:52,10.94,-0.01,54,59076,卖盘
1114,11:18:49,10.95,--,1,1095,买盘
1115,11:18:43,10.95,--,159,174105,卖盘
1116,11:18:34,10.95,--,33,36135,卖盘
1117,11:18:28,10.95,--,25,27375,买盘
1118,11:18:22,10.95,--,7,7664,买盘
1119,11:18:19,10.95,--,15,16895,买盘
1120,11:18:13,10.95,0.01,18,19710,买盘
1121,11:18:07,10.94,-0.01,4,4376,卖盘
1122,11:18:04,10.95,0.01,8,8760,买盘
1123,11:17:58,10.94,-0.01,487,532778,卖盘
1124,11:17:49,10.95,--,15,16425,买盘
1125,11:17:37,10.95,0.02,48,52560,买盘
1126,11:17:34,10.93,--,15,16395,卖盘
1127,11:17:19,10.93,--,36,39424,买盘
1128,11:17:04,10.93,--,94,102742,买盘
1129,11:16:58,10.93,0.01,9,9837,买盘
1130,11:16:49,10.92,--,46,50232,卖盘
1131,11:16:43,10.92,-0.01,106,115752,卖盘
1132,11:16:33,10.93,--,24,26232,买盘
1133,11:16:28,10.93,--,11,12023,买盘
1134,11:16:22,10.93,0.01,1,1093,买盘
1135,11:16:18,10.92,--,13,14676,卖盘
1136,11:16:07,10.92,-0.01,10,10920,卖盘
1137,11:16:03,10.93,--,10,10930,买盘
1138,11:15:58,10.93,0.01,15,16395,买盘
1139,11:15:43,10.92,-0.01,139,151788,卖盘
1140,11:15:37,10.93,0.02,41,44813,买盘
1141,11:15:33,10.91,--,0,0,卖盘
1142,11:15:28,10.91,-0.02,40,43640,卖盘
1143,11:15:22,10.93,0.02,10,10930,买盘
1144,11:15:18,10.91,-0.02,13,14663,卖盘
1145,11:15:07,10.93,0.02,10,10930,买盘
1146,11:15:03,10.91,--,9,10179,买盘
1147,11:14:58,10.91,--,51,55641,买盘
1148,11:14:52,10.91,--,11,12731,卖盘
1149,11:14:48,10.91,--,0,0,卖盘
1150,11:14:43,10.91,--,105,114555,卖盘
1151,11:14:37,10.91,--,30,32730,卖盘
1152,11:14:33,10.91,-0.01,119,129829,卖盘
1153,11:14:28,10.92,--,1,1092,买盘
1154,11:14:22,10.92,--,16,17472,买盘
1155,11:14:18,10.92,--,12,13595,买盘
1156,11:14:01,10.92,--,8,8736,买盘
1157,11:13:58,10.92,-0.01,34,37128,中性盘
1158,11:13:52,10.93,0.01,38,41534,买盘
1159,11:13:37,10.92,-0.01,237,258804,卖盘
1160,11:13:28,10.93,--,0,0,买盘
1161,11:13:22,10.93,0.01,51,56223,买盘
1162,11:13:16,10.92,--,40,43680,买盘
1163,11:13:12,10.92,--,23,25116,买盘
1164,11:13:07,10.92,--,7,7644,买盘
1165,11:12:52,10.92,0.01,16,17472,买盘
1166,11:12:46,10.91,-0.01,1,1091,卖盘
1167,11:12:43,10.92,--,11,12012,买盘
1168,11:12:31,10.92,--,5,5460,买盘
1169,11:12:28,10.92,--,45,49140,买盘
1170,11:12:22,10.92,--,55,60060,买盘
1171,11:12:16,10.92,--,65,70980,卖盘
1172,11:12:12,10.92,--,5,5460,卖盘
1173,11:12:07,10.92,--,74,80808,买盘
1174,11:11:58,10.92,0.01,10,10920,买盘
1175,11:11:52,10.91,--,27,29457,卖盘
1176,11:11:42,10.91,-0.01,14,15274,卖盘
1177,11:11:37,10.92,--,8,8736,买盘
1178,11:11:22,10.92,0.01,10,11400,买盘
1179,11:11:13,10.91,--,0,0,卖盘
1180,11:11:07,10.91,-0.01,148,161468,卖盘
1181,11:10:57,10.92,0.01,5,5460,买盘
1182,11:10:43,10.91,-0.01,49,53459,卖盘
1183,11:10:31,10.92,--,10,10920,买盘
1184,11:10:28,10.92,--,2,2184,买盘
1185,11:10:22,10.92,--,29,32148,买盘
1186,11:10:16,10.92,--,26,28392,买盘
1187,11:10:12,10.92,--,10,10920,买盘
1188,11:10:07,10.92,--,5,5460,买盘
1189,11:10:01,10.92,--,45,49140,买盘
1190,11:09:46,10.92,0.02,49,53508,买盘
1191,11:09:42,10.9,-0.02,10,10900,卖盘
1192,11:09:37,10.92,--,30,32760,买盘
1193,11:09:31,10.92,0.02,24,26208,买盘
1194,11:09:27,10.9,--,15,16350,卖盘
1195,11:09:22,10.9,-0.02,3,3760,卖盘
1196,11:09:12,10.92,--,127,138684,买盘
1197,11:09:07,10.92,--,50,54600,买盘
1198,11:08:57,10.92,0.02,10,10920,买盘
1199,11:08:42,10.9,-0.02,1,1090,卖盘
1200,11:08:37,10.92,--,43,46956,买盘
1201,11:08:27,10.92,0.02,5,5460,买盘
1202,11:08:22,10.9,--,87,95320,买盘
1203,11:08:16,10.9,--,33,35970,买盘
1204,11:08:07,10.9,--,5,5450,买盘
1205,11:07:57,10.9,-0.02,37,40330,卖盘
1206,11:07:52,10.92,0.03,5,5460,买盘
1207,11:07:42,10.89,--,0,0,卖盘
1208,11:07:37,10.89,0.01,9,9801,中性盘
1209,11:07:31,10.88,-0.04,200,217600,卖盘
1210,11:07:27,10.92,0.03,44,48048,买盘
1211,11:07:22,10.89,0.01,104,113256,买盘
1212,11:07:16,10.88,-0.01,3,3753,卖盘
1213,11:07:12,10.89,--,20,21780,买盘
1214,11:07:07,10.89,-0.01,64,69696,卖盘
1215,11:06:57,10.9,--,308,335720,买盘
1216,11:06:52,10.9,0.01,50,54500,买盘
1217,11:06:46,10.89,--,10,10890,中性盘
1218,11:06:40,10.89,0.01,40,43560,卖盘
1219,11:06:31,10.88,-0.01,200,217600,卖盘
1220,11:06:22,10.89,--,210,228690,卖盘
1221,11:06:16,10.89,--,47,51662,卖盘
1222,11:06:07,10.89,0.01,46,50094,买盘
1223,11:06:01,10.88,--,20,21760,卖盘
1224,11:05:55,10.88,--,0,0,卖盘
1225,11:05:51,10.88,-0.01,242,263296,卖盘
1226,11:05:46,10.89,-0.01,11,11979,卖盘
1227,11:05:40,10.9,--,28,30520,买盘
1228,11:05:36,10.9,0.01,12,13080,买盘
1229,11:05:25,10.89,-0.01,10,10890,卖盘
1230,11:05:21,10.9,0.02,7,7630,买盘
1231,11:05:16,10.88,-0.01,53,58164,卖盘
1232,11:05:06,10.89,--,231,251559,买盘
1233,11:04:51,10.89,--,10,10890,买盘
1234,11:04:46,10.89,--,55,60493,卖盘
1235,11:04:40,10.89,-0.01,132,143748,卖盘
1236,11:04:36,10.9,--,1,1090,买盘
1237,11:04:21,10.9,--,7,7630,买盘
1238,11:04:16,10.9,-0.02,335,365433,卖盘
1239,11:04:06,10.92,--,102,111984,卖盘
1240,11:04:01,10.92,--,253,276276,买盘
1241,11:03:55,10.92,--,45,49140,买盘
1242,11:03:51,10.92,0.01,76,82992,买盘
1243,11:03:46,10.91,-0.01,8,8728,卖盘
1244,11:03:40,10.92,0.01,45,49140,买盘
1245,11:03:36,10.91,--,19,20729,卖盘
1246,11:03:31,10.91,--,14,15274,卖盘
1247,11:03:25,10.91,--,0,0,卖盘
1248,11:03:21,10.91,--,16,17456,卖盘
1249,11:03:16,10.91,-0.01,77,84497,卖盘
1250,11:03:06,10.92,0.02,120,131040,买盘
1251,11:02:51,10.9,--,11,11990,卖盘
1252,11:02:31,10.9,-0.01,323,352070,卖盘
1253,11:02:25,10.91,-0.01,28,30548,卖盘
1254,11:02:21,10.92,0.01,29,31668,买盘
1255,11:02:16,10.91,-0.01,3,3753,卖盘
1256,11:02:10,10.92,0.01,2,2184,买盘
1257,11:02:06,10.91,-0.01,2,2182,卖盘
1258,11:01:51,10.92,--,21,22932,买盘
1259,11:01:46,10.92,--,5,5460,买盘
1260,11:01:40,10.92,--,60,65520,买盘
1261,11:01:36,10.92,--,11,12012,卖盘
1262,11:01:31,10.92,0.01,10,10920,中性盘
1263,11:01:21,10.91,--,48,53306,卖盘
1264,11:01:16,10.91,--,153,167403,卖盘
1265,11:01:06,10.91,--,40,43640,买盘
1266,11:01:01,10.91,0.01,8,8728,买盘
1267,11:00:46,10.9,-0.01,1,1090,卖盘
1268,11:00:40,10.91,0.01,5,5455,买盘
1269,11:00:36,10.9,--,251,273590,卖盘
1270,11:00:25,10.9,-0.01,48,52320,卖盘
1271,11:00:21,10.91,0.02,145,158195,买盘
1272,11:00:16,10.89,-0.01,23,25537,卖盘
1273,11:00:10,10.9,0.01,27,29430,买盘
1274,11:00:01,10.89,0.01,5,5445,卖盘
1275,10:59:55,10.88,--,0,0,卖盘
1276,10:59:46,10.88,--,1322,1438336,卖盘
1277,10:59:40,10.88,--,56,60928,买盘
1278,10:59:36,10.88,--,369,401972,买盘
1279,10:59:31,10.88,--,76,82688,买盘
1280,10:59:25,10.88,--,558,607104,买盘
1281,10:59:16,10.88,--,85,92480,买盘
1282,10:59:10,10.88,--,704,765952,卖盘
1283,10:59:04,10.88,-0.01,111,120768,卖盘
1284,10:59:01,10.89,--,12,13068,买盘
1285,10:58:55,10.89,--,1,1089,买盘
1286,10:58:49,10.89,--,13,14157,买盘
1287,10:58:46,10.89,--,123,133947,买盘
1288,10:58:40,10.89,-0.01,433,472364,卖盘
1289,10:58:30,10.9,--,95,103550,卖盘
1290,10:58:19,10.9,--,32,35741,买盘
1291,10:58:15,10.9,--,46,50630,买盘
1292,10:58:10,10.9,--,157,171130,买盘
1293,10:58:04,10.9,--,50,54500,买盘
1294,10:58:00,10.9,--,38,41420,买盘
1295,10:57:55,10.9,--,86,93740,买盘
1296,10:57:49,10.9,--,24,26160,买盘
1297,10:57:45,10.9,-0.01,587,640058,卖盘
1298,10:57:40,10.91,--,51,55641,买盘
1299,10:57:30,10.91,--,3,3273,买盘
1300,10:57:25,10.91,--,26,28366,买盘
1301,10:57:19,10.91,--,127,138557,买盘
1302,10:57:15,10.91,-0.01,318,346938,卖盘
1303,10:57:10,10.92,--,38,41496,买盘
1304,10:57:04,10.92,0.01,28,30576,买盘
1305,10:57:00,10.91,-0.01,64,69824,卖盘
1306,10:56:55,10.92,--,43,46956,买盘
1307,10:56:49,10.92,--,13,14196,买盘
1308,10:56:45,10.92,--,81,88452,买盘
1309,10:56:40,10.92,--,29,31668,买盘
1310,10:56:30,10.92,--,8,8736,买盘
1311,10:56:25,10.92,0.02,30,32760,买盘
1312,10:56:15,10.9,--,3,3760,卖盘
1313,10:56:10,10.9,--,76,83210,买盘
1314,10:56:00,10.9,--,47,51230,买盘
1315,10:55:55,10.9,-0.03,2441,2661409,卖盘
1316,10:55:45,10.93,0.01,63,68859,买盘
1317,10:55:40,10.92,-0.01,6,6552,卖盘
1318,10:55:34,10.93,--,1,1093,买盘
1319,10:55:25,10.93,--,11,12023,买盘
1320,10:55:19,10.93,--,10,10930,买盘
1321,10:55:15,10.93,--,49,54037,买盘
1322,10:55:00,10.93,0.02,5,5465,买盘
1323,10:54:55,10.91,-0.01,183,199653,卖盘
1324,10:54:49,10.92,-0.01,8,8736,卖盘
1325,10:54:45,10.93,0.01,122,133346,买盘
1326,10:54:40,10.92,--,74,80808,卖盘
1327,10:54:30,10.92,--,70,76440,卖盘
1328,10:54:15,10.92,0.02,193,211247,买盘
1329,10:54:10,10.9,-0.01,1228,1338520,卖盘
1330,10:54:04,10.91,-0.01,23,25093,卖盘
1331,10:54:00,10.92,0.02,23,25116,买盘
1332,10:53:55,10.9,--,0,0,卖盘
1333,10:53:49,10.9,-0.02,520,566800,卖盘
1334,10:53:45,10.92,0.01,69,75348,买盘
1335,10:53:40,10.91,--,10,10910,卖盘
1336,10:53:34,10.91,--,147,160377,卖盘
1337,10:53:30,10.91,--,173,188743,卖盘
1338,10:53:25,10.91,--,51,55641,卖盘
1339,10:53:19,10.91,--,60,65460,卖盘
1340,10:53:15,10.91,--,133,145583,卖盘
1341,10:53:10,10.91,-0.01,564,615324,卖盘
1342,10:53:04,10.92,0.01,51,55692,买盘
1343,10:53:00,10.91,--,3,3273,卖盘
1344,10:52:55,10.91,-0.01,581,633871,卖盘
1345,10:52:49,10.92,-0.01,0,10,卖盘
1346,10:52:40,10.93,--,262,286366,卖盘
1347,10:52:34,10.93,--,300,327900,卖盘
1348,10:52:30,10.93,--,5,5465,卖盘
1349,10:52:25,10.93,-0.01,265,289798,卖盘
1350,10:52:19,10.94,-0.01,839,917866,卖盘
1351,10:52:15,10.95,0.01,50,55220,买盘
1352,10:52:10,10.94,--,178,194732,卖盘
1353,10:52:04,10.94,-0.01,28,30632,卖盘
1354,10:51:58,10.95,--,510,558450,买盘
1355,10:51:49,10.95,--,244,268088,卖盘
1356,10:51:43,10.95,-0.01,450,492749,卖盘
1357,10:51:40,10.96,0.01,810,887760,买盘
1358,10:51:34,10.95,-0.01,44,48180,卖盘
1359,10:51:28,10.96,0.01,18,19728,买盘
1360,10:51:25,10.95,--,150,164250,卖盘
1361,10:51:19,10.95,-0.01,32,35040,卖盘
1362,10:51:13,10.96,--,25,27871,买盘
1363,10:51:04,10.96,--,72,78912,买盘
1364,10:50:58,10.96,--,2,2192,买盘
1365,10:50:54,10.96,--,2,2192,买盘
1366,10:50:49,10.96,--,50,54800,买盘
1367,10:50:43,10.96,--,1,1096,买盘
1368,10:50:39,10.96,--,32,35115,卖盘
1369,10:50:34,10.96,-0.01,73,80008,卖盘
1370,10:50:28,10.97,--,8,8776,买盘
1371,10:50:24,10.97,0.01,52,57044,卖盘
1372,10:50:19,10.96,--,430,471280,卖盘
1373,10:50:13,10.96,-0.02,19,21295,卖盘
1374,10:50:09,10.98,--,77,84546,买盘
1375,10:50:04,10.98,0.02,9,9882,买盘
1376,10:49:58,10.96,--,124,135904,卖盘
1377,10:49:54,10.96,-0.01,4,4384,卖盘
1378,10:49:49,10.97,0.01,18,19746,中性盘
1379,10:49:39,10.96,-0.03,37,40552,卖盘
1380,10:49:34,10.99,0.03,5,5495,买盘
1381,10:49:28,10.96,--,1,1096,卖盘
1382,10:49:19,10.96,0.01,170,186900,买盘
1383,10:49:13,10.95,-0.01,3,3755,卖盘
1384,10:49:09,10.96,--,3,3288,买盘
1385,10:49:03,10.96,--,5,5480,买盘
1386,10:48:58,10.96,-0.01,321,352331,卖盘
1387,10:48:49,10.97,--,0,0,卖盘
1388,10:48:43,10.97,-0.01,53,58141,卖盘
1389,10:48:34,10.98,0.01,5,5490,中性盘
1390,10:48:28,10.97,--,20,21940,卖盘
1391,10:48:19,10.97,--,271,297287,卖盘
1392,10:48:13,10.97,-0.01,3,3751,卖盘
1393,10:47:58,10.98,0.01,5,5490,买盘
1394,10:47:54,10.97,--,39,42783,卖盘
1395,10:47:49,10.97,--,31,34127,买盘
1396,10:47:34,10.97,0.01,44,48268,买盘
1397,10:47:28,10.96,--,15,16440,买盘
1398,10:47:24,10.96,--,3,3288,买盘
1399,10:47:19,10.96,--,71,78594,卖盘
1400,10:47:13,10.96,--,3,3759,卖盘
1401,10:47:09,10.96,--,10,10960,卖盘
1402,10:46:54,10.96,-0.01,65,71240,卖盘
1403,10:46:49,10.97,0.01,5,5485,买盘
1404,10:46:43,10.96,--,1,1096,卖盘
1405,10:46:33,10.96,0.01,161,177398,买盘
1406,10:46:28,10.95,-0.01,4,4380,卖盘
1407,10:46:24,10.96,--,71,77816,买盘
1408,10:46:19,10.96,0.01,25,27400,买盘
1409,10:46:13,10.95,-0.01,3,3755,卖盘
1410,10:46:09,10.96,--,27,29592,买盘
1411,10:46:04,10.96,0.01,35,38360,买盘
1412,10:45:58,10.95,-0.01,5,5475,卖盘
1413,10:45:54,10.96,--,2,2192,买盘
1414,10:45:49,10.96,--,158,173321,卖盘
1415,10:45:33,10.96,--,84,92064,卖盘
1416,10:45:23,10.96,--,265,290440,卖盘
1417,10:45:19,10.96,--,15,16440,卖盘
1418,10:45:13,10.96,-0.01,3,3759,卖盘
1419,10:45:09,10.97,0.01,132,144804,买盘
1420,10:45:04,10.96,--,10,10960,卖盘
1421,10:44:57,10.96,--,200,219200,卖盘
1422,10:44:48,10.96,--,15,16440,卖盘
1423,10:44:36,10.96,--,18,19728,卖盘
1424,10:44:33,10.96,-0.01,2,2192,卖盘
1425,10:44:28,10.97,0.01,11,12067,买盘
1426,10:44:22,10.96,--,81,88776,卖盘
1427,10:44:12,10.96,-0.01,102,112263,卖盘
1428,10:44:03,10.97,0.01,43,47171,买盘
1429,10:43:57,10.96,--,58,63568,卖盘
1430,10:43:51,10.96,--,5,5480,卖盘
1431,10:43:48,10.96,-0.01,38,41648,卖盘
1432,10:43:42,10.97,--,55,60335,买盘
1433,10:43:36,10.97,--,5,5485,买盘
1434,10:43:33,10.97,--,170,186490,买盘
1435,10:43:27,10.97,--,9,9873,买盘
1436,10:43:21,10.97,--,38,42322,卖盘
1437,10:43:18,10.97,--,310,340070,卖盘
1438,10:43:12,10.97,-0.02,9,10333,卖盘
1439,10:43:06,10.99,0.02,44,48356,买盘
1440,10:43:03,10.97,--,15,16455,卖盘
1441,10:42:57,10.97,-0.01,18,19746,卖盘
1442,10:42:36,10.98,--,61,67406,卖盘
1443,10:42:33,10.98,--,20,21960,卖盘
1444,10:42:27,10.98,--,51,55998,卖盘
1445,10:42:18,10.98,--,194,213012,卖盘
1446,10:42:12,10.98,--,9,10343,卖盘
1447,10:42:06,10.98,-0.01,36,39528,卖盘
1448,10:42:03,10.99,--,5,5495,买盘
1449,10:41:42,10.99,0.01,110,120890,买盘
1450,10:41:33,10.98,-0.01,64,70272,卖盘
1451,10:41:27,10.99,0.01,5,5495,买盘
1452,10:41:18,10.98,--,17,18666,卖盘
1453,10:41:12,10.98,-0.01,3,3755,卖盘
1454,10:41:03,10.99,0.01,9,9891,买盘
1455,10:40:57,10.98,-0.01,16,18127,卖盘
1456,10:40:51,10.99,--,1,1099,买盘
1457,10:40:42,10.99,-0.01,8,8792,卖盘
1458,10:40:36,11.0,0.01,46,50600,买盘
1459,10:40:33,10.99,--,15,16485,买盘
1460,10:40:27,10.99,0.01,13,14287,买盘
1461,10:40:21,10.98,--,11,12078,卖盘
1462,10:40:12,10.98,-0.01,3,3755,卖盘
1463,10:40:03,10.99,-0.01,10,10990,卖盘
1464,10:39:48,11.0,--,3,3300,买盘
1465,10:39:42,11.0,--,107,117700,买盘
1466,10:39:27,11.0,--,0,0,买盘
1467,10:39:17,11.0,0.01,44,48400,买盘
1468,10:39:12,10.99,--,8,9253,买盘
1469,10:39:06,10.99,--,2,2198,买盘
1470,10:38:57,10.99,-0.01,152,167685,卖盘
1471,10:38:42,11.0,-0.01,6,6600,买盘
1472,10:38:21,11.01,--,0,0,买盘
1473,10:38:17,11.01,0.01,45,49545,买盘
1474,10:38:12,11.0,0.01,5,5500,中性盘
1475,10:37:57,10.99,-0.01,70,76930,卖盘
1476,10:37:42,11.0,--,30,33000,买盘
1477,10:37:32,11.0,0.01,13,14300,买盘
1478,10:37:27,10.99,-0.02,14,15386,卖盘
1479,10:37:21,11.01,0.01,49,53949,买盘
1480,10:37:12,11.0,--,4,4400,买盘
1481,10:37:06,11.0,--,49,54648,卖盘
1482,10:37:00,11.0,--,9,9900,卖盘
1483,10:36:57,11.0,--,50,55000,卖盘
1484,10:36:51,11.0,--,1,1100,卖盘
1485,10:36:42,11.0,-0.02,34,37400,卖盘
1486,10:36:36,11.02,0.02,350,385700,买盘
1487,10:36:27,11.0,--,120,132000,卖盘
1488,10:36:21,11.0,-0.01,10,11000,卖盘
1489,10:36:12,11.01,--,10,11010,买盘
1490,10:36:06,11.01,--,6,6606,卖盘
1491,10:35:57,11.01,0.01,138,151938,买盘
1492,10:35:51,11.0,-0.01,19,20900,卖盘
1493,10:35:45,11.01,--,1,1101,买盘
1494,10:35:30,11.01,0.01,16,17616,买盘
1495,10:35:27,11.0,-0.01,105,115500,卖盘
1496,10:35:21,11.01,--,5,5505,买盘
1497,10:35:12,11.01,-0.01,54,59454,卖盘
1498,10:35:06,11.02,--,15,16530,买盘
1499,10:35:00,11.02,0.01,2,2204,买盘
1500,10:34:57,11.01,-0.01,59,64959,卖盘
1501,10:34:51,11.02,0.01,39,42978,买盘
1502,10:34:42,11.01,-0.01,61,67161,卖盘
1503,10:34:36,11.02,0.01,48,52896,买盘
1504,10:34:27,11.01,--,29,31929,买盘
1505,10:34:21,11.01,--,6,6606,买盘
1506,10:34:12,11.01,--,6,7057,买盘
1507,10:34:06,11.01,--,1,1101,买盘
1508,10:34:00,11.01,0.01,13,14313,买盘
1509,10:33:57,11.0,-0.01,4,4400,卖盘
1510,10:33:51,11.01,--,33,36333,买盘
1511,10:33:45,11.01,0.01,10,11010,买盘
1512,10:33:42,11.0,--,22,24200,卖盘
1513,10:33:36,11.0,-0.01,48,52800,卖盘
1514,10:33:30,11.01,--,10,11010,买盘
1515,10:33:27,11.01,0.01,44,48444,买盘
1516,10:33:21,11.0,--,40,44000,卖盘
1517,10:33:15,11.0,--,80,89001,买盘
1518,10:33:12,11.0,--,8,9262,买盘
1519,10:33:06,11.0,--,41,45100,买盘
1520,10:33:00,11.0,--,5,5500,买盘
1521,10:32:57,11.0,--,1,1100,买盘
1522,10:32:45,11.0,--,10,11000,买盘
1523,10:32:42,11.0,--,5,5500,买盘
1524,10:32:36,11.0,--,103,113300,买盘
1525,10:32:30,11.0,0.01,45,49500,买盘
1526,10:32:15,10.99,--,60,65940,买盘
1527,10:32:12,10.99,--,13,14287,买盘
1528,10:32:06,10.99,-0.01,68,75545,卖盘
1529,10:32:00,11.0,0.01,5,5500,买盘
1530,10:31:51,10.99,--,100,109900,卖盘
1531,10:31:36,10.99,--,89,97811,卖盘
1532,10:31:30,10.99,--,1,1099,卖盘
1533,10:31:21,10.99,--,65,71435,卖盘
1534,10:31:11,10.99,-0.01,6,7055,卖盘
1535,10:31:06,11.0,0.01,63,69300,买盘
1536,10:31:00,10.99,--,15,16485,卖盘
1537,10:30:56,10.99,--,120,131880,卖盘
1538,10:30:51,10.99,-0.01,26,28574,卖盘
1539,10:30:41,11.0,--,77,84700,买盘
1540,10:30:26,11.0,--,5,5500,买盘
1541,10:30:11,11.0,0.01,24,26862,买盘
1542,10:30:00,10.99,-0.01,100,109900,卖盘
1543,10:29:54,11.0,--,44,48400,买盘
1544,10:29:45,11.0,-0.01,75,83336,卖盘
1545,10:29:39,11.01,0.01,6,6606,买盘
1546,10:29:36,11.0,-0.01,174,191400,卖盘
1547,10:29:30,11.01,0.01,26,28626,买盘
1548,10:29:21,11.0,--,22,24200,卖盘
1549,10:29:15,11.0,--,34,37400,卖盘
1550,10:29:09,11.0,--,14,15400,卖盘
1551,10:29:06,11.0,-0.01,57,63151,卖盘
1552,10:28:51,11.01,0.01,4,4404,买盘
1553,10:28:45,11.0,-0.01,70,77000,卖盘
1554,10:28:39,11.01,--,100,110100,买盘
1555,10:28:36,11.01,--,42,46242,买盘
1556,10:28:30,11.01,--,11,12111,买盘
1557,10:28:24,11.01,--,2,2202,买盘
1558,10:28:06,11.01,--,91,100653,买盘
1559,10:27:54,11.01,--,5,5505,买盘
1560,10:27:51,11.01,--,9,9909,买盘
1561,10:27:45,11.01,--,2,2202,买盘
1562,10:27:39,11.01,0.01,45,49545,买盘
1563,10:27:36,11.0,--,77,85151,买盘
1564,10:27:24,11.0,--,4,4400,买盘
1565,10:27:21,11.0,--,15,16500,买盘
1566,10:27:09,11.0,-0.01,9,9900,卖盘
1567,10:27:06,11.01,0.01,60,66060,买盘
1568,10:27:00,11.0,-0.01,24,26400,卖盘
1569,10:26:54,11.01,0.01,3,3303,买盘
1570,10:26:51,11.0,--,16,17600,卖盘
1571,10:26:45,11.0,--,309,339900,买盘
1572,10:26:30,11.0,--,97,106700,买盘
1573,10:26:21,11.0,0.01,5,5500,买盘
1574,10:26:06,10.99,-0.01,37,41124,卖盘
1575,10:26:00,11.0,0.01,23,25300,买盘
1576,10:25:54,10.99,-0.01,2,2198,卖盘
1577,10:25:51,11.0,--,5,5500,买盘
1578,10:25:39,11.0,0.01,118,129800,买盘
1579,10:25:20,10.99,--,24,26376,买盘
1580,10:25:15,10.99,0.01,45,49455,买盘
1581,10:25:09,10.98,--,120,131760,卖盘
1582,10:25:05,10.98,-0.01,3,3755,卖盘
1583,10:25:00,10.99,0.01,63,69237,买盘
1584,10:24:54,10.98,--,36,39528,买盘
1585,10:24:50,10.98,--,4,4392,买盘
1586,10:24:45,10.98,--,21,23058,买盘
1587,10:24:39,10.98,--,3,3294,买盘
1588,10:24:30,10.98,0.01,2,2196,买盘
1589,10:24:20,10.97,--,100,109700,卖盘
1590,10:24:15,10.97,--,128,140416,买盘
1591,10:24:09,10.97,0.01,38,41686,买盘
1592,10:24:05,10.96,-0.01,59,65135,卖盘
1593,10:24:00,10.97,--,91,99827,买盘
1594,10:23:50,10.97,0.01,4,4388,买盘
1595,10:23:45,10.96,--,512,561436,买盘
1596,10:23:39,10.96,--,18,19728,买盘
1597,10:23:35,10.96,--,70,76720,买盘
1598,10:23:30,10.96,0.01,553,606088,买盘
1599,10:23:20,10.95,--,35,38325,卖盘
1600,10:23:15,10.95,--,83,90885,卖盘
1601,10:23:09,10.95,-0.01,10,10950,卖盘
1602,10:23:05,10.96,--,35,38831,买盘
1603,10:23:00,10.96,--,242,265648,买盘
1604,10:22:50,10.96,--,75,82200,买盘
1605,10:22:45,10.96,--,12,13152,买盘
1606,10:22:39,10.96,--,10,10960,买盘
1607,10:22:33,10.96,--,3,3288,买盘
1608,10:22:30,10.96,--,17,18632,买盘
1609,10:22:24,10.96,--,43,47128,买盘
1610,10:22:18,10.96,--,364,399130,卖盘
1611,10:22:15,10.96,-0.01,10,10960,卖盘
1612,10:22:03,10.97,0.01,30,32910,买盘
1613,10:21:54,10.96,--,14,15344,卖盘
1614,10:21:48,10.96,--,30,32880,卖盘
1615,10:21:45,10.96,--,57,62472,卖盘
1616,10:21:39,10.96,-0.01,100,109600,卖盘
1617,10:21:33,10.97,0.01,10,10970,买盘
1618,10:21:18,10.96,--,3,3748,卖盘
1619,10:21:15,10.96,-0.01,97,106312,卖盘
1620,10:21:03,10.97,--,5,5485,买盘
1621,10:21:00,10.97,--,10,10970,买盘
1622,10:20:48,10.97,--,10,10970,买盘
1623,10:20:39,10.97,0.01,18,19746,买盘
1624,10:20:33,10.96,-0.01,3,3288,卖盘
1625,10:20:30,10.97,--,3,3291,买盘
1626,10:20:24,10.97,--,48,52656,买盘
1627,10:20:18,10.97,--,112,123379,卖盘
1628,10:20:15,10.97,--,3,3762,卖盘
1629,10:20:09,10.97,-0.01,50,54959,卖盘
1630,10:20:00,10.98,--,0,0,买盘
1631,10:19:54,10.98,0.01,8,8784,买盘
1632,10:19:48,10.97,--,20,21940,卖盘
1633,10:19:45,10.97,--,17,19581,买盘
1634,10:19:39,10.97,--,8,8776,买盘
1635,10:19:29,10.97,--,30,32910,买盘
1636,10:19:24,10.97,0.01,14,15358,买盘
1637,10:19:18,10.96,-0.01,88,96448,卖盘
1638,10:19:14,10.97,--,55,60335,买盘
1639,10:19:09,10.97,--,31,34632,卖盘
1640,10:19:00,10.97,--,7,8150,买盘
1641,10:18:54,10.97,--,15,16455,买盘
1642,10:18:44,10.97,--,47,52184,卖盘
1643,10:18:39,10.97,--,13,14261,卖盘
1644,10:18:14,10.97,--,3,3762,卖盘
1645,10:18:09,10.97,0.01,30,32910,买盘
1646,10:18:03,10.96,-0.02,100,109600,卖盘
1647,10:17:59,10.98,0.02,73,80154,买盘
1648,10:17:54,10.96,-0.01,8,8768,卖盘
1649,10:17:44,10.97,0.01,18,19746,买盘
1650,10:17:39,10.96,-0.01,34,37264,卖盘
1651,10:17:33,10.97,--,10,10970,买盘
1652,10:17:29,10.97,0.01,6,6582,买盘
1653,10:17:24,10.96,--,140,153440,卖盘
1654,10:17:14,10.96,--,115,126500,卖盘
1655,10:17:09,10.96,-0.02,101,110696,卖盘
1656,10:17:03,10.98,0.02,1,1098,买盘
1657,10:16:54,10.96,-0.02,707,774872,卖盘
1658,10:16:48,10.98,--,60,65880,买盘
1659,10:16:44,10.98,0.02,10,10980,买盘
1660,10:16:39,10.96,-0.02,233,255992,卖盘
1661,10:16:24,10.98,--,92,101652,卖盘
1662,10:16:18,10.98,--,10,10980,卖盘
1663,10:16:14,10.98,--,48,53165,卖盘
1664,10:15:54,10.98,--,3,3294,卖盘
1665,10:15:48,10.98,-0.01,20,21960,卖盘
1666,10:15:44,10.99,0.02,44,48356,买盘
1667,10:15:39,10.97,-0.01,1,1097,卖盘
1668,10:15:33,10.98,--,1,1098,买盘
1669,10:15:28,10.98,--,1,1098,买盘
1670,10:15:24,10.98,--,63,69810,卖盘
1671,10:15:18,10.98,--,8,9245,卖盘
1672,10:15:03,10.98,--,11,12078,买盘
1673,10:14:54,10.98,--,15,16470,买盘
1674,10:14:33,10.98,--,45,49410,买盘
1675,10:14:23,10.98,0.01,20,21960,买盘
1676,10:14:12,10.97,--,13,14732,卖盘
1677,10:14:08,10.97,--,206,225982,卖盘
1678,10:14:03,10.97,--,300,329100,卖盘
1679,10:13:57,10.97,-0.01,82,89954,卖盘
1680,10:13:48,10.98,--,137,150426,买盘
1681,10:13:42,10.98,-0.01,10,10980,卖盘
1682,10:13:33,10.99,--,0,0,买盘
1683,10:13:27,10.99,0.01,106,116494,买盘
1684,10:13:18,10.98,--,69,75762,买盘
1685,10:13:08,10.98,-0.01,106,116563,卖盘
1686,10:13:03,10.99,0.01,3,3297,买盘
1687,10:12:53,10.98,--,95,104310,卖盘
1688,10:12:48,10.98,-0.01,10,10980,卖盘
1689,10:12:42,10.99,0.01,20,21980,买盘
1690,10:12:38,10.98,--,16,17568,卖盘
1691,10:12:33,10.98,-0.01,20,21960,卖盘
1692,10:12:23,10.99,--,9,9891,买盘
1693,10:12:18,10.99,-0.01,58,64203,中性盘
1694,10:12:12,11.0,0.01,194,213400,买盘
1695,10:12:08,10.99,--,46,50554,买盘
1696,10:12:03,10.99,--,78,85722,卖盘
1697,10:11:53,10.99,-0.01,10,10990,卖盘
1698,10:11:48,11.0,0.01,76,83600,买盘
1699,10:11:33,10.99,0.01,11,12089,中性盘
1700,10:11:27,10.98,-0.02,12,13176,卖盘
1701,10:11:18,11.0,0.01,59,64900,买盘
1702,10:11:12,10.99,-0.01,8,9253,卖盘
1703,10:11:08,11.0,--,0,0,买盘
1704,10:11:03,11.0,0.01,65,71500,买盘
1705,10:10:53,10.99,-0.01,45,49455,卖盘
1706,10:10:48,11.0,--,133,146300,买盘
1707,10:10:38,11.0,--,89,97900,买盘
1708,10:10:33,11.0,0.01,70,77000,买盘
1709,10:10:27,10.99,-0.01,3,3297,买盘
1710,10:10:23,11.0,--,0,0,买盘
1711,10:10:18,11.0,0.01,417,458700,买盘
1712,10:10:12,10.99,-0.01,23,25738,卖盘
1713,10:10:08,11.0,--,59,64900,买盘
1714,10:10:03,11.0,--,1,1100,买盘
1715,10:09:57,11.0,-0.01,7,7700,卖盘
1716,10:09:53,11.01,0.01,17,18717,买盘
1717,10:09:48,11.0,0.02,50,55000,卖盘
1718,10:09:42,10.98,-0.03,3,3294,卖盘
1719,10:09:38,11.01,0.02,69,75969,买盘
1720,10:09:33,10.99,-0.01,3,3297,卖盘
1721,10:09:23,11.0,0.02,1,1100,买盘
1722,10:09:18,10.98,-0.01,304,334253,卖盘
1723,10:09:12,10.99,-0.01,3,3758,卖盘
1724,10:09:08,11.0,0.01,59,64900,买盘
1725,10:08:57,10.99,-0.01,30,32970,卖盘
1726,10:08:53,11.0,0.01,33,36300,买盘
1727,10:08:48,10.99,-0.01,11,12089,卖盘
1728,10:08:38,11.0,--,51,56100,买盘
1729,10:08:33,11.0,--,1,1100,买盘
1730,10:08:27,11.0,--,9,9900,买盘
1731,10:08:18,11.0,0.01,309,339900,买盘
1732,10:08:12,10.99,-0.01,14,15836,卖盘
1733,10:08:06,11.0,0.02,59,64900,买盘
1734,10:08:03,10.98,-0.01,42,46116,卖盘
1735,10:07:57,10.99,-0.01,31,34069,卖盘
1736,10:07:51,11.0,0.01,2,2200,买盘
1737,10:07:48,10.99,--,49,53851,卖盘
1738,10:07:42,10.99,--,5,5495,卖盘
1739,10:07:33,10.99,-0.01,2,2198,卖盘
1740,10:07:27,11.0,0.01,104,114400,买盘
1741,10:07:21,10.99,--,22,24178,买盘
1742,10:07:17,10.99,0.01,60,65940,买盘
1743,10:07:12,10.98,-0.01,6,7060,卖盘
1744,10:07:06,10.99,--,10,10990,买盘
1745,10:07:02,10.99,--,20,21980,买盘
1746,10:06:57,10.99,--,5,5495,买盘
1747,10:06:47,10.99,--,391,430346,卖盘
1748,10:06:32,10.99,--,73,80227,卖盘
1749,10:06:27,10.99,-0.01,4,4396,卖盘
1750,10:06:17,11.0,0.01,55,60500,买盘
1751,10:06:12,10.99,--,16,18045,买盘
1752,10:06:06,10.99,--,60,65940,买盘
1753,10:06:02,10.99,--,52,57148,买盘
1754,10:05:57,10.99,--,15,16485,买盘
1755,10:05:51,10.99,--,3,3297,买盘
1756,10:05:47,10.99,--,120,131880,买盘
1757,10:05:42,10.99,--,246,270354,卖盘
1758,10:05:36,10.99,-0.01,141,154959,卖盘
1759,10:05:32,11.0,--,3,3300,买盘
1760,10:05:27,11.0,0.01,41,45100,买盘
1761,10:05:17,10.99,0.01,119,130781,买盘
1762,10:05:12,10.98,--,35,38891,卖盘
1763,10:05:06,10.98,--,51,55998,卖盘
1764,10:05:02,10.98,--,67,73566,买盘
1765,10:04:57,10.98,--,18,19764,卖盘
1766,10:04:42,10.98,-0.01,8,8784,卖盘
1767,10:04:32,10.99,0.02,59,64841,买盘
1768,10:04:27,10.97,-0.01,10,10970,卖盘
1769,10:04:21,10.98,--,13,14735,买盘
1770,10:04:17,10.98,--,10,10980,买盘
1771,10:04:12,10.98,--,61,67439,买盘
1772,10:04:06,10.98,--,5,5490,买盘
1773,10:04:02,10.98,--,40,43920,买盘
1774,10:03:57,10.98,--,8,8784,买盘
1775,10:03:51,10.98,--,25,27450,买盘
1776,10:03:47,10.98,--,104,114192,买盘
1777,10:03:42,10.98,--,136,149964,卖盘
1778,10:03:36,10.98,-0.01,30,32940,卖盘
1779,10:03:32,10.99,0.01,3,3297,买盘
1780,10:03:27,10.98,--,111,121878,卖盘
1781,10:03:12,10.98,-0.01,5,5951,卖盘
1782,10:03:02,10.99,0.02,151,165949,买盘
1783,10:02:57,10.97,-0.01,9,9873,卖盘
1784,10:02:51,10.98,--,3,3294,买盘
1785,10:02:47,10.98,--,64,70272,买盘
1786,10:02:42,10.98,--,60,65880,买盘
1787,10:02:36,10.98,0.01,10,10980,买盘
1788,10:02:32,10.97,-0.01,20,21940,卖盘
1789,10:02:27,10.98,0.01,61,66978,买盘
1790,10:02:21,10.97,-0.01,1,1097,卖盘
1791,10:02:17,10.98,0.01,4,4392,买盘
1792,10:02:12,10.97,--,87,96371,买盘
1793,10:02:06,10.97,--,1,1097,买盘
1794,10:02:02,10.97,--,20,21940,买盘
1795,10:01:57,10.97,--,52,57044,买盘
1796,10:01:51,10.97,--,2,2194,买盘
1797,10:01:47,10.97,0.01,5,5485,买盘
1798,10:01:32,10.96,--,73,80786,买盘
1799,10:01:27,10.96,0.01,120,131520,买盘
1800,10:01:21,10.95,--,6,6570,卖盘
1801,10:01:12,10.95,-0.01,189,207425,卖盘
1802,10:01:06,10.96,--,17,18632,买盘
1803,10:00:57,10.96,--,2,2192,买盘
1804,10:00:51,10.96,0.01,175,191800,买盘
1805,10:00:45,10.95,--,10,10950,卖盘
1806,10:00:42,10.95,-0.01,10,10950,卖盘
1807,10:00:36,10.96,--,17,18632,买盘
1808,10:00:30,10.96,--,66,72336,买盘
1809,10:00:27,10.96,0.01,157,172072,买盘
1810,10:00:21,10.95,--,5,5475,卖盘
1811,10:00:15,10.95,--,48,53260,买盘
1812,10:00:11,10.95,--,30,32850,买盘
1813,10:00:06,10.95,--,851,932469,卖盘
1814,09:59:56,10.95,--,6,6570,卖盘
1815,09:59:51,10.95,--,229,251225,买盘
1816,09:59:45,10.95,--,97,106215,买盘
1817,09:59:41,10.95,--,92,100740,买盘
1818,09:59:36,10.95,0.01,253,277035,买盘
1819,09:59:30,10.94,-0.01,5,5470,卖盘
1820,09:59:26,10.95,--,47,51465,买盘
1821,09:59:21,10.95,--,281,307695,买盘
1822,09:59:15,10.95,--,73,79935,买盘
1823,09:59:11,10.95,--,573,627905,买盘
1824,09:59:06,10.95,--,124,135780,买盘
1825,09:59:00,10.95,--,12,13140,买盘
1826,09:58:56,10.95,--,399,437529,卖盘
1827,09:58:51,10.95,--,8,8760,卖盘
1828,09:58:45,10.95,--,54,59129,卖盘
1829,09:58:41,10.95,--,163,178485,卖盘
1830,09:58:36,10.95,--,4,4380,卖盘
1831,09:58:30,10.95,--,1378,1508910,卖盘
1832,09:58:26,10.95,--,9,9855,卖盘
1833,09:58:21,10.95,--,24,26280,卖盘
1834,09:58:15,10.95,-0.01,83,90885,卖盘
1835,09:58:11,10.96,--,11,12056,买盘
1836,09:58:06,10.96,-0.01,1034,1133581,卖盘
1837,09:57:56,10.97,--,45,49365,买盘
1838,09:57:51,10.97,--,2,2194,买盘
1839,09:57:45,10.97,--,50,54850,买盘
1840,09:57:41,10.97,0.01,2,2194,买盘
1841,09:57:36,10.96,--,44,48224,卖盘
1842,09:57:30,10.96,-0.01,10,10960,卖盘
1843,09:57:26,10.97,--,29,31813,买盘
1844,09:57:21,10.97,--,25,27425,买盘
1845,09:57:15,10.97,--,41,44977,买盘
1846,09:57:11,10.97,0.01,31,34007,买盘
1847,09:57:06,10.96,-0.01,69,75624,卖盘
1848,09:57:00,10.97,--,23,25231,卖盘
1849,09:56:56,10.97,--,5,5485,卖盘
1850,09:56:51,10.97,--,20,21940,买盘
1851,09:56:45,10.97,--,50,54850,买盘
1852,09:56:41,10.97,--,83,91051,买盘
1853,09:56:36,10.97,--,89,97633,买盘
1854,09:56:26,10.97,0.01,17,18649,买盘
1855,09:56:15,10.96,-0.01,18,19728,卖盘
1856,09:56:11,10.97,0.01,25,27896,买盘
1857,09:56:06,10.96,-0.01,51,55896,卖盘
1858,09:55:56,10.97,--,2,2194,买盘
1859,09:55:50,10.97,0.01,5,5485,中性盘
1860,09:55:45,10.96,-0.02,341,373736,卖盘
1861,09:55:41,10.98,0.01,59,64782,买盘
1862,09:55:36,10.97,-0.01,10,10970,卖盘
1863,09:55:30,10.98,--,44,48312,买盘
1864,09:55:26,10.98,0.01,10,10980,买盘
1865,09:55:21,10.97,--,35,38395,卖盘
1866,09:55:15,10.97,-0.01,110,120670,卖盘
1867,09:55:11,10.98,--,77,85007,买盘
1868,09:55:06,10.98,0.01,10,10980,买盘
1869,09:55:00,10.97,-0.01,10,10970,卖盘
1870,09:54:56,10.98,0.01,6,6588,买盘
1871,09:54:50,10.97,--,4,4388,卖盘
1872,09:54:40,10.97,--,10,10970,卖盘
1873,09:54:36,10.97,--,10,10970,卖盘
1874,09:54:30,10.97,0.01,164,180335,买盘
1875,09:54:26,10.96,-0.01,32,35072,卖盘
1876,09:54:21,10.97,0.01,74,81178,买盘
1877,09:54:15,10.96,-0.01,15,16440,卖盘
1878,09:54:09,10.97,0.01,62,68485,买盘
1879,09:54:05,10.96,-0.01,13,14248,卖盘
1880,09:54:00,10.97,0.01,10,10970,买盘
1881,09:53:54,10.96,--,1,1096,卖盘
1882,09:53:50,10.96,-0.01,69,75624,卖盘
1883,09:53:45,10.97,0.01,53,58141,买盘
1884,09:53:36,10.96,-0.01,25,27400,卖盘
1885,09:53:30,10.97,0.01,423,464031,买盘
1886,09:53:24,10.96,-0.01,10,10960,卖盘
1887,09:53:20,10.97,0.01,133,145901,买盘
1888,09:53:15,10.96,-0.01,446,488816,卖盘
1889,09:53:09,10.97,--,48,53127,买盘
1890,09:53:05,10.97,0.01,70,76790,买盘
1891,09:53:00,10.96,-0.01,94,103024,卖盘
1892,09:52:54,10.97,0.01,20,21940,买盘
1893,09:52:50,10.96,-0.01,64,70144,卖盘
1894,09:52:45,10.97,0.01,55,60335,买盘
1895,09:52:39,10.96,-0.01,1,1096,卖盘
1896,09:52:35,10.97,--,33,36201,买盘
1897,09:52:30,10.97,--,37,40589,买盘
1898,09:52:24,10.97,--,80,87760,买盘
1899,09:52:20,10.97,0.01,365,400602,买盘
1900,09:52:15,10.96,--,7,7672,卖盘
1901,09:52:09,10.96,-0.01,3,3759,卖盘
1902,09:52:00,10.97,--,52,57044,买盘
1903,09:51:50,10.97,--,42,46743,卖盘
1904,09:51:45,10.97,-0.01,157,172229,卖盘
1905,09:51:39,10.98,0.01,106,116388,买盘
1906,09:51:35,10.97,-0.01,106,116282,卖盘
1907,09:51:30,10.98,--,5,5490,买盘
1908,09:51:20,10.98,--,53,58830,卖盘
1909,09:51:09,10.98,--,3,3755,卖盘
1910,09:51:05,10.98,--,251,275598,买盘
1911,09:50:59,10.98,0.01,1,1098,买盘
1912,09:50:54,10.97,-0.01,16,17552,卖盘
1913,09:50:50,10.98,--,60,65880,买盘
1914,09:50:44,10.98,0.01,45,49410,买盘
1915,09:50:39,10.97,-0.02,10,10970,卖盘
1916,09:50:35,10.99,0.01,42,46158,买盘
1917,09:50:29,10.98,--,79,86742,卖盘
1918,09:50:24,10.98,--,2,2657,买盘
1919,09:50:20,10.98,--,6,6588,买盘
1920,09:50:14,10.98,0.01,2,2196,买盘
1921,09:50:09,10.97,-0.02,53,58141,卖盘
1922,09:50:05,10.99,0.01,10,10990,买盘
1923,09:49:59,10.98,--,59,64782,买盘
1924,09:49:54,10.98,--,44,48312,卖盘
1925,09:49:50,10.98,--,8,8784,卖盘
1926,09:49:44,10.98,--,62,68076,买盘
1927,09:49:39,10.98,--,60,65880,买盘
1928,09:49:35,10.98,--,77,84546,买盘
1929,09:49:29,10.98,--,6,6588,买盘
1930,09:49:24,10.98,0.01,2,2196,买盘
1931,09:49:20,10.97,--,250,275006,卖盘
1932,09:49:14,10.97,--,53,58141,卖盘
1933,09:49:09,10.97,--,62,68485,卖盘
1934,09:49:05,10.97,--,60,65820,卖盘
1935,09:48:59,10.97,-0.01,135,148095,卖盘
1936,09:48:54,10.98,--,6,6588,买盘
1937,09:48:50,10.98,0.01,77,84546,买盘
1938,09:48:44,10.97,-0.01,20,21940,卖盘
1939,09:48:39,10.98,--,170,186660,买盘
1940,09:48:35,10.98,0.01,10,10980,买盘
1941,09:48:29,10.97,-0.01,92,100924,卖盘
1942,09:48:24,10.98,--,4,4392,买盘
1943,09:48:20,10.98,--,66,72468,买盘
1944,09:48:14,10.98,--,23,25254,买盘
1945,09:48:09,10.98,0.01,100,109800,买盘
1946,09:48:05,10.97,-0.01,87,95899,卖盘
1947,09:47:59,10.98,--,157,172386,买盘
1948,09:47:54,10.98,--,199,218502,买盘
1949,09:47:49,10.98,--,82,90036,买盘
1950,09:47:44,10.98,--,91,99918,买盘
1951,09:47:39,10.98,--,22,24156,买盘
1952,09:47:34,10.98,--,29,31842,买盘
1953,09:47:29,10.98,--,34,37332,买盘
1954,09:47:24,10.98,--,25,27450,买盘
1955,09:47:20,10.98,0.01,44,48312,买盘
1956,09:47:14,10.97,-0.01,117,128349,卖盘
1957,09:47:09,10.98,--,38,42196,买盘
1958,09:47:03,10.98,--,52,57096,买盘
1959,09:46:59,10.98,--,68,74664,买盘
1960,09:46:54,10.98,-0.02,335,368170,卖盘
1961,09:46:48,11.0,--,12,13200,买盘
1962,09:46:39,11.0,0.01,98,108559,买盘
1963,09:46:24,10.99,--,20,21980,买盘
1964,09:46:18,10.99,0.02,63,69237,买盘
1965,09:46:14,10.97,0.01,2,2194,买盘
1966,09:46:09,10.96,--,7,8143,买盘
1967,09:46:03,10.96,--,40,43840,买盘
1968,09:45:59,10.96,--,273,299208,买盘
1969,09:45:54,10.96,0.01,713,782182,买盘
1970,09:45:48,10.95,--,839,918704,买盘
1971,09:45:44,10.95,--,1597,1748715,买盘
1972,09:45:39,10.95,--,1206,1320570,买盘
1973,09:45:33,10.95,0.01,43,47085,买盘
1974,09:45:29,10.94,-0.01,561,614477,卖盘
1975,09:45:24,10.95,--,510,558450,买盘
1976,09:45:18,10.95,--,299,327405,买盘
1977,09:45:14,10.95,--,699,765405,买盘
1978,09:45:09,10.95,0.01,74,81500,买盘
1979,09:45:03,10.94,--,67,73298,卖盘
1980,09:44:59,10.94,-0.01,521,569974,卖盘
1981,09:44:53,10.95,0.01,224,245279,买盘
1982,09:44:48,10.94,-0.01,13,14222,卖盘
1983,09:44:44,10.95,--,76,83220,买盘
1984,09:44:38,10.95,0.01,26,28469,买盘
1985,09:44:33,10.94,--,69,75486,卖盘
1986,09:44:29,10.94,--,146,160194,买盘
1987,09:44:23,10.94,--,68,74392,买盘
1988,09:44:18,10.94,--,11,12034,买盘
1989,09:44:14,10.94,--,93,101742,买盘
1990,09:44:08,10.94,-0.01,460,503240,卖盘
1991,09:44:03,10.95,--,13,14234,买盘
1992,09:43:59,10.95,--,576,630720,买盘
1993,09:43:53,10.95,-0.01,2365,2590036,卖盘
1994,09:43:44,10.96,-0.01,532,583072,卖盘
1995,09:43:38,10.97,0.01,120,131640,买盘
1996,09:43:33,10.96,--,50,54800,卖盘
1997,09:43:29,10.96,-0.01,16,17536,卖盘
1998,09:43:23,10.97,--,705,773385,买盘
1999,09:43:18,10.97,--,40,43880,买盘
2000,09:43:14,10.97,--,15,16455,买盘
2001,09:43:08,10.97,-0.01,302,331919,卖盘
2002,09:42:59,10.98,--,44,48948,卖盘
2003,09:42:53,10.98,-0.01,108,118584,卖盘
2004,09:42:44,10.99,--,56,61544,买盘
2005,09:42:38,10.99,0.01,1,1099,买盘
2006,09:42:33,10.98,-0.01,330,362340,卖盘
2007,09:42:29,10.99,-0.01,195,214942,卖盘
2008,09:42:23,11.0,--,2,2200,买盘
2009,09:42:18,11.0,0.01,9,9900,买盘
2010,09:42:14,10.99,-0.01,140,154497,卖盘
2011,09:42:08,11.0,--,73,80762,卖盘
2012,09:41:59,11.0,--,37,40700,买盘
2013,09:41:53,11.0,0.01,16,17600,买盘
2014,09:41:48,10.99,-0.01,50,54950,卖盘
2015,09:41:44,11.0,0.01,48,52800,买盘
2016,09:41:38,10.99,-0.01,45,49455,卖盘
2017,09:41:33,11.0,--,10,11000,买盘
2018,09:41:28,11.0,--,34,37400,买盘
2019,09:41:23,11.0,--,65,71500,买盘
2020,09:41:13,11.0,0.01,2,2200,买盘
2021,09:41:08,10.99,-0.01,13,14748,卖盘
2022,09:41:03,11.0,--,15,16500,买盘
2023,09:40:58,11.0,0.01,32,35200,买盘
2024,09:40:53,10.99,0.01,31,34069,买盘
2025,09:40:48,10.98,--,10,10980,卖盘
2026,09:40:43,10.98,-0.01,18,19764,卖盘
2027,09:40:38,10.99,-0.01,56,61544,卖盘
2028,09:40:33,11.0,0.02,10,11000,买盘
2029,09:40:28,10.98,--,0,0,卖盘
2030,09:40:23,10.98,-0.01,104,114192,卖盘
2031,09:40:18,10.99,--,15,16485,卖盘
2032,09:40:13,10.99,0.01,80,87920,买盘
2033,09:40:08,10.98,--,13,14735,卖盘
2034,09:40:03,10.98,-0.01,67,73566,卖盘
2035,09:39:58,10.99,--,29,31871,买盘
2036,09:39:53,10.99,0.01,10,10990,买盘
2037,09:39:48,10.98,-0.01,80,87840,卖盘
2038,09:39:42,10.99,--,129,141771,买盘
2039,09:39:38,10.99,0.01,89,97811,买盘
2040,09:39:27,10.98,--,14,15372,卖盘
2041,09:39:23,10.98,0.01,87,95526,卖盘
2042,09:39:18,10.97,-0.01,167,183199,卖盘
2043,09:39:08,10.98,0.01,21,23530,中性盘
2044,09:39:03,10.97,-0.01,79,86663,卖盘
2045,09:38:57,10.98,0.02,12,13176,买盘
2046,09:38:53,10.96,--,253,277288,卖盘
2047,09:38:48,10.96,--,232,254272,卖盘
2048,09:38:42,10.96,--,228,250348,卖盘
2049,09:38:38,10.96,--,52,56992,卖盘
2050,09:38:33,10.96,--,74,81104,卖盘
2051,09:38:27,10.96,--,196,214816,卖盘
2052,09:38:23,10.96,-0.01,54,59184,卖盘
2053,09:38:17,10.97,0.01,70,76790,买盘
2054,09:38:12,10.96,--,22,24112,卖盘
2055,09:38:08,10.96,--,40,43840,卖盘
2056,09:38:02,10.96,--,173,189608,卖盘
2057,09:37:53,10.96,--,921,1009690,卖盘
2058,09:37:47,10.96,--,76,83296,卖盘
2059,09:37:42,10.96,-0.01,106,116176,卖盘
2060,09:37:38,10.97,--,24,26328,买盘
2061,09:37:32,10.97,--,75,82275,买盘
2062,09:37:23,10.97,-0.01,225,246825,卖盘
2063,09:37:17,10.98,0.01,203,222894,买盘
2064,09:37:12,10.97,--,10,10970,卖盘
2065,09:37:08,10.97,-0.01,166,182102,卖盘
2066,09:37:02,10.98,--,23,25254,买盘
2067,09:36:57,10.98,--,30,32940,卖盘
2068,09:36:53,10.98,--,87,95526,买盘
2069,09:36:47,10.98,--,18,19764,买盘
2070,09:36:42,10.98,-0.01,50,54900,卖盘
2071,09:36:38,10.99,0.01,23,25277,买盘
2072,09:36:32,10.98,-0.01,140,153720,卖盘
2073,09:36:27,10.99,--,94,103306,买盘
2074,09:36:23,10.99,0.01,152,167048,买盘
2075,09:36:17,10.98,-0.01,100,109800,卖盘
2076,09:36:12,10.99,--,11,12089,买盘
2077,09:36:02,10.99,-0.01,364,400937,卖盘
2078,09:35:57,11.0,--,11,12100,买盘
2079,09:35:53,11.0,0.01,43,47300,买盘
2080,09:35:47,10.99,-0.01,460,505540,卖盘
2081,09:35:42,11.0,--,25,27500,买盘
2082,09:35:37,11.0,--,139,152900,买盘
2083,09:35:32,11.0,0.01,54,59400,买盘
2084,09:35:27,10.99,-0.01,43,47257,卖盘
2085,09:35:17,11.0,--,342,376200,买盘
2086,09:35:12,11.0,--,93,102300,买盘
2087,09:35:07,11.0,0.01,207,227700,买盘
2088,09:35:02,10.99,-0.01,45,49916,卖盘
2089,09:34:57,11.0,--,27,29700,买盘
2090,09:34:53,11.0,-0.01,278,306702,卖盘
2091,09:34:47,11.01,--,279,308026,买盘
2092,09:34:42,11.01,0.01,5,5505,买盘
2093,09:34:37,11.0,--,101,111100,卖盘
2094,09:34:32,11.0,-0.01,184,202400,卖盘
2095,09:34:27,11.01,--,3,3303,买盘
2096,09:34:22,11.01,--,252,277452,买盘
2097,09:34:17,11.01,--,85,93585,买盘
2098,09:34:12,11.01,--,160,176160,买盘
2099,09:34:07,11.01,-0.01,122,134971,卖盘
2100,09:34:02,11.02,0.01,123,135997,买盘
2101,09:33:52,11.01,--,241,265341,卖盘
2102,09:33:47,11.01,0.01,177,195328,买盘
2103,09:33:42,11.0,--,10,11000,卖盘
2104,09:33:37,11.0,--,165,181500,卖盘
2105,09:33:32,11.0,--,42,46200,卖盘
2106,09:33:27,11.0,-0.01,6,6600,卖盘
2107,09:33:22,11.01,--,61,67161,买盘
2108,09:33:17,11.01,--,152,167352,买盘
2109,09:33:12,11.01,--,47,51747,买盘
2110,09:33:07,11.01,-0.01,389,428938,卖盘
2111,09:33:02,11.02,--,196,216443,买盘
2112,09:32:57,11.02,0.01,58,63916,买盘
2113,09:32:52,11.01,-0.01,248,273048,卖盘
2114,09:32:47,11.02,--,116,127832,卖盘
2115,09:32:42,11.02,-0.02,33,36366,卖盘
2116,09:32:37,11.04,--,10,11040,买盘
2117,09:32:32,11.04,--,30,33120,买盘
2118,09:32:27,11.04,--,23,25391,买盘
2119,09:32:21,11.04,--,15,16560,买盘
2120,09:32:17,11.04,0.04,268,295872,买盘
2121,09:32:12,11.0,-0.02,210,231000,卖盘
2122,09:32:06,11.02,-0.02,5,5510,卖盘
2123,09:32:02,11.04,0.04,51,56303,买盘
2124,09:31:56,11.0,-0.01,15,16500,卖盘
2125,09:31:47,11.01,0.02,8,8808,买盘
2126,09:31:41,10.99,-0.01,304,334096,卖盘
2127,09:31:36,11.0,--,25,27500,买盘
2128,09:31:32,11.0,--,3,3300,买盘
2129,09:31:26,11.0,0.01,259,285736,买盘
2130,09:31:21,10.99,--,0,0,买盘
2131,09:31:17,10.99,0.02,54,59346,买盘
2132,09:31:11,10.97,-0.02,243,266571,卖盘
2133,09:31:06,10.99,--,118,129682,买盘
2134,09:31:02,10.99,--,405,445095,买盘
2135,09:30:56,10.99,--,408,448392,买盘
2136,09:30:51,10.99,0.03,36,39564,买盘
2137,09:30:47,10.96,-0.03,47,51512,卖盘
2138,09:30:41,10.99,--,48,52752,买盘
2139,09:30:36,10.99,--,48,52752,买盘
2140,09:30:32,10.99,-0.01,195,214305,卖盘
2141,09:30:26,11.0,--,14,15400,买盘
2142,09:30:21,11.0,0.01,160,176000,买盘
2143,09:30:17,10.99,--,1851,2034249,买盘
2144,09:30:11,10.99,-0.01,1004,1103396,卖盘
2145,09:30:06,11.0,-0.01,2116,2327600,中性盘
2146,09:30:02,11.01,0.01,534,587934,买盘
2147,09:28:49,11.0,--,0,0,买盘
2148,09:25:05,11.0,11,1807,1987700,买盘
