,time,price,change,volume,amount,type
0,15:00:00,17.53,--,0,0,买盘
1,14:59:59,17.53,--,0,0,买盘
2,14:59:57,17.53,--,5,8765,买盘
3,14:59:53,17.53,--,9,15777,买盘
4,14:59:47,17.53,--,5,8765,买盘
5,14:59:42,17.53,--,25,43825,买盘
6,14:59:38,17.53,--,10,17530,买盘
7,14:59:32,17.53,--,2,3506,买盘
8,14:59:27,17.53,--,16,28048,卖盘
9,14:59:17,17.53,--,4,7012,买盘
10,14:59:08,17.53,--,4,7012,买盘
11,14:59:02,17.53,--,4,7012,买盘
12,14:58:57,17.53,--,1,1753,买盘
13,14:58:47,17.53,-0.01,5,8765,卖盘
14,14:58:42,17.54,--,10,17540,买盘
15,14:58:37,17.54,--,10,17540,买盘
16,14:58:27,17.54,--,23,40342,买盘
17,14:58:12,17.54,-0.01,7,12278,买盘
18,14:58:02,17.55,0.02,43,75465,买盘
19,14:57:57,17.53,-0.02,8,14024,卖盘
20,14:57:52,17.55,0.02,2,3510,买盘
21,14:57:42,17.53,-0.02,100,175300,卖盘
22,14:57:37,17.55,0.01,24,42120,买盘
23,14:57:32,17.54,--,3,5262,卖盘
24,14:57:22,17.54,--,26,45604,买盘
25,14:57:17,17.54,--,38,66652,买盘
26,14:57:12,17.54,--,12,21048,买盘
27,14:57:02,17.54,--,10,17540,买盘
28,14:56:57,17.54,--,10,17540,买盘
29,14:56:51,17.54,--,12,21048,买盘
30,14:56:42,17.54,-0.03,4,7016,卖盘
31,14:56:32,17.57,0.02,10,17570,买盘
32,14:56:27,17.55,--,6,10530,买盘
33,14:56:12,17.55,-0.02,63,110565,买盘
34,14:56:06,17.57,--,0,0,买盘
35,14:55:57,17.57,0.02,102,179214,买盘
36,14:55:51,17.55,0.02,200,351000,买盘
37,14:55:47,17.53,--,15,26295,卖盘
38,14:55:42,17.53,0.01,75,131475,买盘
39,14:55:32,17.52,-0.01,11,19272,卖盘
40,14:55:21,17.53,0.01,1,1753,买盘
41,14:55:17,17.52,-0.01,20,35040,卖盘
42,14:55:11,17.53,0.01,7,12271,买盘
43,14:55:06,17.52,--,9,15768,买盘
44,14:54:56,17.52,0.02,3,5256,买盘
45,14:54:47,17.5,-0.02,1,1750,卖盘
46,14:54:32,17.52,0.02,30,52560,买盘
47,14:54:17,17.5,--,5,8750,卖盘
48,14:54:11,17.5,--,6,10500,卖盘
49,14:54:06,17.5,--,1,1750,买盘
50,14:54:02,17.5,--,17,29750,买盘
51,14:53:56,17.5,-0.01,4,7000,卖盘
52,14:53:47,17.51,--,11,19261,中性盘
53,14:53:41,17.51,0.01,20,35020,买盘
54,14:53:32,17.5,--,5,8750,卖盘
55,14:53:21,17.5,--,4,7000,卖盘
56,14:53:11,17.5,-0.02,53,92750,买盘
57,14:52:41,17.52,--,0,0,买盘
58,14:52:32,17.52,--,0,0,买盘
59,14:52:26,17.52,--,1,1752,买盘
60,14:52:21,17.52,0.02,12,21024,买盘
61,14:52:17,17.5,0.04,21,36750,中性盘
62,14:52:11,17.46,-0.06,29,50634,卖盘
63,14:51:46,17.52,0.02,2,3504,买盘
64,14:51:41,17.5,--,32,56000,买盘
65,14:51:21,17.5,0.02,16,28000,买盘
66,14:51:06,17.48,0.03,5,8740,买盘
67,14:50:26,17.45,-0.03,36,62820,卖盘
68,14:50:21,17.48,--,2,3496,买盘
69,14:50:11,17.48,-0.02,10,17480,买盘
70,14:50:06,17.5,0.02,21,36750,买盘
71,14:49:56,17.48,-0.02,6,10488,卖盘
72,14:49:50,17.5,0.02,2,3500,买盘
73,14:49:36,17.48,--,1,1748,卖盘
74,14:49:30,17.48,-0.02,17,29716,卖盘
75,14:49:20,17.5,--,4,7000,买盘
76,14:49:15,17.5,--,3,5250,买盘
77,14:49:11,17.5,--,2,3500,买盘
78,14:49:05,17.5,0.02,3,5250,买盘
79,14:49:00,17.48,-0.01,9,15732,卖盘
80,14:48:56,17.49,-0.03,35,61214,卖盘
81,14:48:50,17.52,0.02,1,1752,买盘
82,14:48:45,17.5,--,9,15750,卖盘
83,14:48:41,17.5,-0.03,3,5250,卖盘
84,14:48:30,17.53,--,2,3506,买盘
85,14:48:26,17.53,0.03,5,8765,买盘
86,14:48:20,17.5,--,5,8750,卖盘
87,14:48:05,17.5,-0.03,14,24500,卖盘
88,14:48:00,17.53,0.03,12,21036,买盘
89,14:47:50,17.5,--,0,0,卖盘
90,14:47:41,17.5,--,29,50750,买盘
91,14:47:35,17.5,0.01,86,150500,买盘
92,14:47:30,17.49,-0.01,11,19239,卖盘
93,14:47:26,17.5,--,10,17500,买盘
94,14:47:20,17.5,0.01,66,115500,买盘
95,14:47:11,17.49,--,4,6995,卖盘
96,14:47:05,17.49,0.01,32,55967,买盘
97,14:46:56,17.48,--,30,52440,卖盘
98,14:46:50,17.48,0.02,54,94392,买盘
99,14:46:41,17.46,-0.02,16,27936,卖盘
100,14:46:30,17.48,0.02,1,1748,买盘
101,14:46:26,17.46,0.03,2,3492,买盘
102,14:46:20,17.43,--,10,17430,卖盘
103,14:46:11,17.43,-0.03,2,3486,卖盘
104,14:45:56,17.46,0.04,2,3492,买盘
105,14:45:41,17.42,--,6,10452,卖盘
106,14:45:30,17.42,--,10,17420,买盘
107,14:45:25,17.42,0.01,14,24388,买盘
108,14:45:10,17.41,--,270,470070,买盘
109,14:45:05,17.41,--,0,0,买盘
110,14:45:00,17.41,--,2,3482,买盘
111,14:44:55,17.41,--,22,38302,买盘
112,14:44:50,17.41,--,10,17410,买盘
113,14:44:45,17.41,--,10,17410,买盘
114,14:44:30,17.41,0.03,84,146244,买盘
115,14:44:25,17.38,--,11,19118,买盘
116,14:44:20,17.38,--,25,43450,买盘
117,14:44:15,17.38,--,100,173800,买盘
118,14:44:10,17.38,--,5,8690,买盘
119,14:44:05,17.38,0.01,10,17380,买盘
120,14:44:00,17.37,--,204,354348,买盘
121,14:43:50,17.37,--,2,3474,买盘
122,14:43:45,17.37,--,4,6948,买盘
123,14:43:40,17.37,--,5,8685,买盘
124,14:43:35,17.37,--,14,24318,买盘
125,14:43:30,17.37,--,19,33003,买盘
126,14:43:20,17.37,--,36,62532,买盘
127,14:43:14,17.37,0.01,1,1737,买盘
128,14:43:05,17.36,--,44,76384,买盘
129,14:42:59,17.36,-0.01,13,22568,卖盘
130,14:42:44,17.37,--,7,12159,买盘
131,14:42:39,17.37,--,0,0,买盘
132,14:42:29,17.37,--,14,24318,买盘
133,14:41:59,17.37,--,12,20844,买盘
134,14:41:54,17.37,--,50,86850,买盘
135,14:41:50,17.37,--,14,24318,买盘
136,14:41:39,17.37,--,0,0,买盘
137,14:41:35,17.37,--,34,59058,买盘
138,14:41:29,17.37,--,0,0,买盘
139,14:41:14,17.37,0.01,20,34740,买盘
140,14:41:09,17.36,-0.01,42,72912,买盘
141,14:41:05,17.37,--,0,0,买盘
142,14:40:54,17.37,0.01,61,105957,买盘
143,14:40:49,17.36,0.01,17,29512,中性盘
144,14:40:44,17.35,-0.02,5,8675,中性盘
145,14:40:35,17.37,0.02,34,59058,买盘
146,14:40:29,17.35,--,4,6940,买盘
147,14:40:09,17.35,--,16,27760,买盘
148,14:39:59,17.35,--,20,34700,买盘
149,14:39:54,17.35,--,2,3470,买盘
150,14:39:34,17.35,0.01,10,17350,买盘
151,14:39:29,17.34,--,10,18016,买盘
152,14:39:24,17.34,--,3,5202,买盘
153,14:39:19,17.34,--,21,36414,卖盘
154,14:39:14,17.34,--,8,13872,买盘
155,14:39:04,17.34,-0.01,2,3468,买盘
156,14:38:59,17.35,--,0,0,买盘
157,14:38:49,17.35,--,52,90220,买盘
158,14:38:34,17.35,--,11,19085,卖盘
159,14:38:29,17.35,-0.01,4,6940,卖盘
160,14:37:54,17.36,-0.01,8,13888,卖盘
161,14:37:49,17.37,--,6,10422,买盘
162,14:37:39,17.37,--,21,36477,买盘
163,14:37:14,17.37,--,25,43425,买盘
164,14:37:08,17.37,--,3,5211,卖盘
165,14:36:44,17.37,--,7,12159,买盘
166,14:36:29,17.37,0.01,3,5211,买盘
167,14:36:23,17.36,--,27,46872,卖盘
168,14:36:14,17.36,--,6,10416,卖盘
169,14:36:08,17.36,--,33,57288,买盘
170,14:35:53,17.36,0.02,11,19096,买盘
171,14:35:48,17.34,-0.02,14,24276,卖盘
172,14:35:43,17.36,--,1,1736,买盘
173,14:35:28,17.36,--,0,0,买盘
174,14:35:23,17.36,--,2,3472,买盘
175,14:35:18,17.36,0.02,3,5208,买盘
176,14:35:13,17.34,-0.01,2,3468,卖盘
177,14:34:53,17.35,--,36,62460,卖盘
178,14:34:43,17.35,--,0,0,卖盘
179,14:34:38,17.35,-0.01,11,19085,卖盘
180,14:34:28,17.36,--,0,0,中性盘
181,14:34:08,17.36,-0.01,2,3472,买盘
182,14:33:58,17.37,--,0,0,买盘
183,14:33:43,17.37,--,0,0,买盘
184,14:33:38,17.37,0.04,175,303975,买盘
185,14:33:23,17.33,--,0,0,卖盘
186,14:33:18,17.33,--,0,0,卖盘
187,14:32:58,17.33,-0.05,3,5198,卖盘
188,14:32:53,17.38,0.05,306,531828,买盘
189,14:32:48,17.33,--,3,5198,买盘
190,14:32:43,17.33,--,1,1732,买盘
191,14:32:38,17.33,-0.01,7,12130,买盘
192,14:32:18,17.34,-0.07,10,17340,中性盘
193,14:32:08,17.41,0.08,41,71381,买盘
194,14:31:53,17.33,--,36,62387,卖盘
195,14:31:38,17.33,-0.08,1,1732,卖盘
196,14:31:33,17.41,0.08,5,8705,买盘
197,14:31:28,17.33,--,60,103979,卖盘
198,14:31:13,17.33,--,3,5198,卖盘
199,14:31:03,17.33,-0.05,8,13863,卖盘
200,14:30:58,17.38,--,3,6274,卖盘
201,14:30:53,17.38,-0.04,0,677,卖盘
202,14:30:43,17.42,--,0,0,买盘
203,14:30:38,17.42,--,0,0,买盘
204,14:30:32,17.42,0.09,81,141102,买盘
205,14:30:17,17.33,-0.02,15,25994,卖盘
206,14:30:13,17.35,0.02,5,8675,卖盘
207,14:30:08,17.33,--,0,0,卖盘
208,14:30:02,17.33,--,200,346599,卖盘
209,14:29:58,17.33,--,0,0,卖盘
210,14:29:53,17.33,--,0,0,卖盘
211,14:29:47,17.33,-0.1,4,7105,卖盘
212,14:29:38,17.43,--,0,0,买盘
213,14:29:32,17.43,0.1,19,33117,买盘
214,14:29:23,17.33,--,0,0,中性盘
215,14:29:17,17.33,--,0,0,卖盘
216,14:29:08,17.33,-0.05,2000,3465999,卖盘
217,14:29:02,17.38,-0.05,4,6952,卖盘
218,14:28:42,17.43,--,0,0,买盘
219,14:28:37,17.43,0.04,7,12201,买盘
220,14:28:32,17.39,--,192,333888,买盘
221,14:28:22,17.39,--,0,0,买盘
222,14:28:17,17.39,--,7,13233,卖盘
223,14:28:07,17.39,--,85,148493,买盘
224,14:28:02,17.39,--,0,0,买盘
225,14:27:47,17.39,--,25,43475,卖盘
226,14:27:37,17.39,-0.04,3,5217,卖盘
227,14:27:27,17.43,--,1,1743,买盘
228,14:27:02,17.43,--,2,3486,卖盘
229,14:26:52,17.43,--,1,1743,卖盘
230,14:26:37,17.43,0.06,3,5229,买盘
231,14:26:32,17.37,-0.01,1,1737,卖盘
232,14:26:17,17.38,-0.05,3,5214,卖盘
233,14:25:57,17.43,0.01,16,27888,买盘
234,14:25:47,17.42,-0.03,3,5226,卖盘
235,14:25:22,17.45,--,0,0,买盘
236,14:25:17,17.45,--,6,10470,买盘
237,14:25:02,17.45,-0.02,40,69800,卖盘
238,14:24:57,17.47,--,0,0,卖盘
239,14:24:52,17.47,-0.03,4,6988,卖盘
240,14:24:41,17.5,--,32,56000,买盘
241,14:24:32,17.5,-0.01,102,178500,卖盘
242,14:24:26,17.51,--,2,3502,买盘
243,14:24:22,17.51,0.01,17,29767,买盘
244,14:24:17,17.5,--,95,166250,卖盘
245,14:24:02,17.5,0.04,464,812000,买盘
246,14:23:52,17.46,0.01,4,6984,买盘
247,14:23:26,17.45,-0.01,12,20940,卖盘
248,14:23:17,17.46,--,3,5238,卖盘
249,14:23:11,17.46,--,3,5238,买盘
250,14:23:02,17.46,--,23,40158,买盘
251,14:22:56,17.46,0.01,6,10476,买盘
252,14:22:47,17.45,--,48,83760,买盘
253,14:22:32,17.45,0.01,4,6980,买盘
254,14:22:26,17.44,-0.01,4,6976,卖盘
255,14:22:22,17.45,0.01,11,19195,买盘
256,14:22:11,17.44,0.01,192,334848,买盘
257,14:21:56,17.43,--,7,12201,买盘
258,14:21:41,17.43,0.05,38,66234,买盘
259,14:21:31,17.38,-0.02,4,6952,买盘
260,14:21:26,17.4,0.01,29,50459,买盘
261,14:21:16,17.39,-0.02,1,1739,买盘
262,14:21:06,17.41,-0.02,20,34820,卖盘
263,14:20:56,17.43,--,10,17430,中性盘
264,14:20:51,17.43,0.03,40,69720,买盘
265,14:20:36,17.4,--,68,118319,买盘
266,14:20:31,17.4,0.03,1,1739,买盘
267,14:20:21,17.37,--,7,12159,买盘
268,14:20:16,17.37,--,0,0,买盘
269,14:20:11,17.37,-0.03,10,17370,中性盘
270,14:20:06,17.4,0.07,33,57419,买盘
271,14:20:01,17.33,--,0,0,卖盘
272,14:19:56,17.33,-0.07,55,95314,卖盘
273,14:19:51,17.4,0.03,41,71340,买盘
274,14:19:41,17.37,-0.04,1,1737,卖盘
275,14:19:36,17.41,0.03,41,71381,买盘
276,14:19:31,17.38,0.01,5,8690,买盘
277,14:19:26,17.37,-0.03,117,203229,卖盘
278,14:19:21,17.4,0.01,10,17400,买盘
279,14:19:11,17.39,-0.01,7,12173,卖盘
280,14:19:06,17.4,0.01,3,5220,买盘
281,14:19:01,17.39,0.02,24,41736,买盘
282,14:18:56,17.37,-0.01,263,456831,卖盘
283,14:18:51,17.38,0.01,1,1738,买盘
284,14:18:41,17.37,-0.01,4,6948,卖盘
285,14:18:26,17.38,--,13,22594,卖盘
286,14:18:20,17.38,--,29,50402,卖盘
287,14:18:16,17.38,-0.01,4,6952,卖盘
288,14:18:01,17.39,-0.01,2,3478,买盘
289,14:17:56,17.4,--,0,0,买盘
290,14:17:50,17.4,-0.01,6,10440,买盘
291,14:17:46,17.41,0.01,24,41784,买盘
292,14:17:41,17.4,--,2,3479,买盘
293,14:17:35,17.4,0.02,42,73080,买盘
294,14:17:31,17.38,--,21,36498,买盘
295,14:17:26,17.38,0.01,2,3476,买盘
296,14:17:19,17.37,-0.03,30,52110,卖盘
297,14:17:16,17.4,0.01,6,10440,买盘
298,14:17:01,17.39,--,26,45214,买盘
299,14:16:56,17.39,-0.01,3,5217,中性盘
300,14:16:46,17.4,0.03,9,15659,买盘
301,14:16:41,17.37,0.03,34,59058,买盘
302,14:16:35,17.34,--,0,0,买盘
303,14:16:31,17.34,0.01,14,24276,买盘
304,14:16:26,17.33,--,21,36393,卖盘
305,14:16:20,17.33,-0.01,8,13863,卖盘
306,14:16:05,17.34,--,6,10404,卖盘
307,14:15:56,17.34,-0.01,34,58956,卖盘
308,14:15:50,17.35,--,22,38170,买盘
309,14:15:41,17.35,--,0,0,买盘
310,14:15:34,17.35,0.02,48,83280,买盘
311,14:15:31,17.33,--,82,142106,卖盘
312,14:15:26,17.33,-0.02,6,10397,卖盘
313,14:15:20,17.35,0.03,16,27760,买盘
314,14:15:11,17.32,--,10,17320,中性盘
315,14:14:56,17.32,-0.02,32,55424,卖盘
316,14:14:50,17.34,0.01,64,110976,买盘
317,14:14:41,17.33,--,6,10397,买盘
318,14:14:34,17.33,--,17,29460,买盘
319,14:14:25,17.33,-0.01,21,36393,卖盘
320,14:14:15,17.34,--,5,8670,买盘
321,14:14:10,17.34,--,0,0,中性盘
322,14:14:05,17.34,--,182,315588,买盘
323,14:13:55,17.34,-0.01,46,79764,卖盘
324,14:13:40,17.35,-0.01,13,22555,卖盘
325,14:13:30,17.36,--,39,67704,买盘
326,14:13:25,17.36,--,5,8680,买盘
327,14:13:20,17.36,--,3,5208,卖盘
328,14:13:15,17.36,--,24,41664,卖盘
329,14:13:00,17.36,-0.01,10,17360,卖盘
330,14:12:49,17.37,-0.03,49,85113,卖盘
331,14:12:45,17.4,0.03,4,6959,买盘
332,14:12:40,17.37,--,0,0,卖盘
333,14:12:25,17.37,-0.05,3,5211,卖盘
334,14:12:10,17.42,0.01,67,116714,买盘
335,14:12:05,17.41,--,11,19151,卖盘
336,14:11:50,17.41,--,6,10446,卖盘
337,14:11:43,17.41,-0.01,1,1741,卖盘
338,14:11:25,17.42,0.01,27,47034,买盘
339,14:11:20,17.41,--,37,64417,卖盘
340,14:10:58,17.41,-0.01,6,10446,卖盘
341,14:10:55,17.42,0.02,49,85358,买盘
342,14:10:49,17.4,-0.01,35,60899,中性盘
343,14:10:34,17.41,0.05,12,20892,买盘
344,14:10:25,17.36,--,0,0,卖盘
345,14:10:19,17.36,-0.01,39,67704,卖盘
346,14:10:13,17.37,--,26,45162,买盘
347,14:10:10,17.37,--,1,1737,买盘
348,14:09:58,17.37,-0.03,3,5211,卖盘
349,14:09:43,17.4,--,1,1739,卖盘
350,14:09:40,17.4,--,4,6959,卖盘
351,14:09:34,17.4,0.01,24,41760,买盘
352,14:09:25,17.39,-0.01,36,62604,买盘
353,14:09:19,17.4,--,0,0,买盘
354,14:09:13,17.4,--,9,15659,买盘
355,14:08:55,17.4,-0.01,1,1739,买盘
356,14:08:49,17.41,--,4,6964,中性盘
357,14:08:43,17.41,0.02,1,1741,买盘
358,14:08:19,17.39,-0.01,37,64343,卖盘
359,14:08:13,17.4,--,61,106139,买盘
360,14:08:04,17.4,0.02,3,5220,买盘
361,14:07:49,17.38,-0.01,37,64305,卖盘
362,14:07:43,17.39,0.01,34,59126,买盘
363,14:07:34,17.38,0.02,2,3476,买盘
364,14:07:28,17.36,--,0,0,卖盘
365,14:07:19,17.36,-0.02,100,173600,卖盘
366,14:07:04,17.38,--,3,5214,买盘
367,14:06:49,17.38,--,54,93852,买盘
368,14:06:34,17.38,0.02,2,3476,买盘
369,14:06:28,17.36,--,3,5208,买盘
370,14:06:24,17.36,-0.01,34,59024,买盘
371,14:06:19,17.37,--,0,0,中性盘
372,14:06:13,17.37,0.02,35,60795,买盘
373,14:05:58,17.35,--,103,178705,买盘
374,14:05:49,17.35,-0.01,35,60725,卖盘
375,14:05:43,17.36,--,2,3472,买盘
376,14:05:34,17.36,0.01,34,59024,买盘
377,14:05:22,17.35,--,2,3470,卖盘
378,14:05:19,17.35,-0.01,15,26025,卖盘
379,14:05:13,17.36,0.01,62,107632,中性盘
380,14:05:07,17.35,0.01,5,8675,卖盘
381,14:05:04,17.34,--,0,0,卖盘
382,14:04:52,17.34,0.02,4,6936,中性盘
383,14:04:49,17.32,-0.03,114,197448,卖盘
384,14:04:28,17.35,--,9,15615,卖盘
385,14:04:22,17.35,--,0,0,卖盘
386,14:04:13,17.35,--,14,24290,卖盘
387,14:04:04,17.35,-0.04,1,1735,卖盘
388,14:03:49,17.39,0.04,40,69560,买盘
389,14:03:43,17.35,0.01,19,32965,卖盘
390,14:03:28,17.34,--,36,62424,买盘
391,14:03:22,17.34,-0.05,48,83232,卖盘
392,14:03:13,17.39,0.06,36,62604,买盘
393,14:03:04,17.33,-0.01,129,225047,卖盘
394,14:02:52,17.34,0.01,1,1734,买盘
395,14:02:49,17.33,--,18,31193,卖盘
396,14:02:43,17.33,-0.01,2,3465,卖盘
397,14:02:34,17.34,--,10,17340,买盘
398,14:02:28,17.34,-0.01,4,6936,卖盘
399,14:02:19,17.35,--,33,57255,买盘
400,14:02:13,17.35,0.03,60,104100,买盘
401,14:02:07,17.32,-0.02,1,1732,卖盘
402,14:02:03,17.34,0.02,7,12138,买盘
403,14:01:58,17.32,--,3,5196,卖盘
404,14:01:48,17.32,--,21,36372,买盘
405,14:01:43,17.32,0.01,2,3464,买盘
406,14:01:37,17.31,--,0,0,卖盘
407,14:01:34,17.31,-0.08,8,13847,卖盘
408,14:01:22,17.39,0.07,5,8695,买盘
409,14:01:18,17.32,-0.03,151,261532,卖盘
410,14:01:13,17.35,--,28,48580,卖盘
411,14:01:03,17.35,-0.03,122,211670,卖盘
412,14:00:52,17.38,-0.02,114,198132,卖盘
413,14:00:48,17.4,0.01,19,33060,买盘
414,14:00:43,17.39,-0.01,15,26085,卖盘
415,14:00:37,17.4,--,27,46979,卖盘
416,14:00:33,17.4,--,1,1739,卖盘
417,14:00:28,17.4,-0.01,1,1739,卖盘
418,14:00:22,17.41,-0.02,3,5223,卖盘
419,14:00:18,17.43,--,0,0,买盘
420,13:59:52,17.43,0.03,17,29631,买盘
421,13:59:48,17.4,--,0,0,卖盘
422,13:59:22,17.4,--,0,0,买盘
423,13:59:13,17.4,--,5,8700,卖盘
424,13:58:58,17.4,--,18,31319,卖盘
425,13:58:52,17.4,--,23,40020,卖盘
426,13:58:48,17.4,--,18,31319,卖盘
427,13:58:43,17.4,--,28,48719,卖盘
428,13:58:37,17.4,-0.06,20,34800,卖盘
429,13:58:31,17.46,0.06,18,31428,买盘
430,13:58:28,17.4,--,38,66120,卖盘
431,13:58:22,17.4,--,35,60899,卖盘
432,13:58:16,17.4,--,0,0,卖盘
433,13:58:13,17.4,-0.07,19,33060,卖盘
434,13:58:07,17.47,0.07,51,89097,买盘
435,13:58:01,17.4,-0.02,19,33060,卖盘
436,13:57:58,17.42,0.01,10,17420,买盘
437,13:57:52,17.41,--,9,15669,卖盘
438,13:57:46,17.41,-0.01,52,90532,卖盘
439,13:57:43,17.42,0.01,47,81874,买盘
440,13:57:31,17.41,--,36,62676,卖盘
441,13:57:28,17.41,-0.01,36,62676,卖盘
442,13:57:22,17.42,-0.03,5,8710,买盘
443,13:57:16,17.45,--,0,0,买盘
444,13:57:13,17.45,0.01,35,61075,买盘
445,13:57:07,17.44,0.03,59,102896,买盘
446,13:57:01,17.41,--,22,38302,买盘
447,13:56:58,17.41,--,15,26115,买盘
448,13:56:52,17.41,0.01,12,20892,买盘
449,13:56:43,17.4,-0.01,1,1739,卖盘
450,13:56:37,17.41,-0.03,1,1741,中性盘
451,13:56:16,17.44,0.03,39,68016,买盘
452,13:56:13,17.41,--,15,26115,买盘
453,13:56:01,17.41,--,2,3482,买盘
454,13:55:58,17.41,--,30,52230,买盘
455,13:55:52,17.41,0.01,20,34820,买盘
456,13:55:46,17.4,-0.01,15,26099,卖盘
457,13:55:31,17.41,0.01,10,17410,卖盘
458,13:55:28,17.4,--,3,5220,买盘
459,13:55:16,17.4,-0.04,30,52199,卖盘
460,13:55:12,17.44,0.04,10,17440,买盘
461,13:55:07,17.4,--,0,0,中性盘
462,13:54:57,17.4,0.01,2,3479,卖盘
463,13:54:52,17.39,--,13,22607,卖盘
464,13:54:46,17.39,-0.01,34,59126,卖盘
465,13:54:37,17.4,--,25,43500,买盘
466,13:54:22,17.4,--,11,19140,买盘
467,13:54:16,17.4,-0.02,12,20880,卖盘
468,13:54:12,17.42,-0.01,1,1742,卖盘
469,13:54:07,17.43,0.04,76,132468,买盘
470,13:53:57,17.39,--,0,0,卖盘
471,13:53:46,17.39,-0.03,35,60865,卖盘
472,13:53:37,17.42,0.01,21,36582,买盘
473,13:53:27,17.41,--,0,0,中性盘
474,13:53:22,17.41,-0.01,22,38302,买盘
475,13:53:16,17.42,--,11,19162,卖盘
476,13:53:12,17.42,0.01,19,33098,买盘
477,13:53:07,17.41,0.03,15,26115,中性盘
478,13:53:01,17.38,-0.04,200,347600,卖盘
479,13:52:57,17.42,--,4,6968,卖盘
480,13:52:52,17.42,0.01,1,1742,买盘
481,13:52:46,17.41,-0.01,49,85309,卖盘
482,13:52:42,17.42,--,2,3484,买盘
483,13:52:37,17.42,0.01,5,8710,买盘
484,13:52:31,17.41,--,9,15669,卖盘
485,13:52:27,17.41,--,4,6964,卖盘
486,13:52:22,17.41,--,69,120129,卖盘
487,13:52:16,17.41,--,33,57453,卖盘
488,13:51:57,17.41,-0.01,4,6964,卖盘
489,13:51:52,17.42,--,6,10452,买盘
490,13:51:46,17.42,--,20,34840,买盘
491,13:51:40,17.42,--,3,5226,卖盘
492,13:51:37,17.42,--,0,0,中性盘
493,13:51:25,17.42,-0.01,1,1742,卖盘
494,13:51:22,17.43,--,10,17430,买盘
495,13:51:16,17.43,-0.01,5,8715,中性盘
496,13:51:07,17.44,0.03,3,5232,买盘
497,13:50:55,17.41,-0.03,100,174100,卖盘
498,13:50:46,17.44,--,15,26160,卖盘
499,13:50:31,17.44,--,21,36624,卖盘
500,13:50:25,17.44,0.01,4,6976,卖盘
501,13:50:22,17.43,--,0,0,卖盘
502,13:50:16,17.43,-0.01,33,57519,卖盘
503,13:50:10,17.44,0.01,33,57552,买盘
504,13:49:55,17.43,--,4,6972,卖盘
505,13:49:52,17.43,--,1,1743,卖盘
506,13:49:46,17.43,--,0,0,卖盘
507,13:49:37,17.43,--,0,0,中性盘
508,13:49:31,17.43,0.01,23,40089,买盘
509,13:49:25,17.42,-0.01,4,6968,卖盘
510,13:49:16,17.43,--,171,298053,卖盘
511,13:49:10,17.43,-0.02,1,1743,卖盘
512,13:49:06,17.45,0.02,44,76780,买盘
513,13:49:01,17.43,0.01,13,22659,买盘
514,13:48:55,17.42,-0.01,23,40066,卖盘
515,13:48:51,17.43,--,5,8715,买盘
516,13:48:46,17.43,-0.02,20,34860,卖盘
517,13:48:25,17.45,--,0,0,买盘
518,13:48:16,17.45,-0.01,3,5235,卖盘
519,13:48:10,17.46,0.01,4,6984,买盘
520,13:48:01,17.45,-0.03,2,3490,卖盘
521,13:47:55,17.48,--,0,0,买盘
522,13:47:46,17.48,--,0,0,买盘
523,13:47:36,17.48,--,2,3496,买盘
524,13:47:21,17.48,-0.02,9,15732,卖盘
525,13:47:16,17.5,--,10,17500,买盘
526,13:47:06,17.5,--,8,14000,买盘
527,13:46:51,17.5,--,72,126000,卖盘
528,13:46:36,17.5,--,40,70000,买盘
529,13:46:31,17.5,--,35,61250,买盘
530,13:46:25,17.5,0.01,15,26250,买盘
531,13:46:21,17.49,--,28,48971,卖盘
532,13:46:10,17.49,0.04,10,17490,买盘
533,13:46:01,17.45,--,0,0,卖盘
534,13:45:55,17.45,-0.03,35,61075,卖盘
535,13:45:51,17.48,0.04,31,54188,买盘
536,13:45:46,17.44,-0.01,22,38368,卖盘
537,13:45:25,17.45,0.02,37,64565,买盘
538,13:45:16,17.43,-0.02,25,43575,卖盘
539,13:45:10,17.45,0.01,18,31410,买盘
540,13:44:55,17.44,--,0,0,中性盘
541,13:44:46,17.44,-0.01,36,62784,卖盘
542,13:44:40,17.45,0.01,3,5235,买盘
543,13:44:25,17.44,-0.01,6,10464,卖盘
544,13:44:19,17.45,--,6,10470,买盘
545,13:44:15,17.45,-0.01,9,15705,卖盘
546,13:44:10,17.46,--,3,5238,买盘
547,13:44:00,17.46,--,107,186822,卖盘
548,13:43:55,17.46,--,500,873000,卖盘
549,13:43:49,17.46,--,3,5238,卖盘
550,13:43:45,17.46,--,0,0,卖盘
551,13:43:40,17.46,-0.05,21,36666,卖盘
552,13:43:30,17.51,0.05,6,10506,买盘
553,13:43:25,17.46,-0.06,292,509832,卖盘
554,13:43:19,17.52,--,10,17520,卖盘
555,13:43:15,17.52,0.01,265,464280,买盘
556,13:43:10,17.51,-0.01,17,29767,卖盘
557,13:43:00,17.52,--,76,133152,卖盘
558,13:42:49,17.52,--,0,0,中性盘
559,13:42:45,17.52,0.01,26,45552,买盘
560,13:42:40,17.51,--,1,1751,卖盘
561,13:42:34,17.51,--,0,0,中性盘
562,13:42:30,17.51,0.04,4,7004,买盘
563,13:42:19,17.47,--,1,1747,卖盘
564,13:42:15,17.47,--,58,101326,买盘
565,13:42:10,17.47,-0.02,8,13976,买盘
566,13:42:04,17.49,--,10,17490,卖盘
567,13:42:00,17.49,--,0,0,中性盘
568,13:41:55,17.49,0.04,14,24485,买盘
569,13:41:45,17.45,-0.05,122,212890,卖盘
570,13:41:40,17.5,--,21,36750,买盘
571,13:41:30,17.5,0.02,11,19250,买盘
572,13:41:25,17.48,0.03,19,33212,买盘
573,13:41:19,17.45,-0.05,3,5235,卖盘
574,13:41:15,17.5,0.02,107,187250,买盘
575,13:41:10,17.48,0.03,65,113620,买盘
576,13:40:55,17.45,--,2,3490,卖盘
577,13:40:45,17.45,-0.03,4,6980,卖盘
578,13:40:40,17.48,--,10,17480,买盘
579,13:40:30,17.48,--,6,10488,买盘
580,13:40:25,17.48,0.03,5,8740,中性盘
581,13:40:10,17.45,--,0,0,卖盘
582,13:40:00,17.45,-0.04,100,174500,卖盘
583,13:39:55,17.49,--,38,66462,买盘
584,13:39:49,17.49,0.01,10,17490,买盘
585,13:39:40,17.48,-0.01,3,5244,卖盘
586,13:39:34,17.49,0.04,5,8745,买盘
587,13:39:30,17.45,-0.03,100,174500,卖盘
588,13:39:25,17.48,--,0,0,卖盘
589,13:39:15,17.48,-0.01,5,8740,卖盘
590,13:39:10,17.49,0.01,4,6995,中性盘
591,13:38:55,17.48,--,0,0,卖盘
592,13:38:40,17.48,--,3,5244,卖盘
593,13:38:34,17.48,0.01,26,45448,买盘
594,13:38:25,17.47,-0.01,29,50663,卖盘
595,13:38:19,17.48,--,20,34960,买盘
596,13:38:04,17.48,-0.04,251,438748,卖盘
597,13:38:00,17.52,--,0,0,买盘
598,13:37:55,17.52,0.01,50,87600,买盘
599,13:37:49,17.51,0.01,4,7004,买盘
600,13:37:40,17.5,--,3,5250,卖盘
601,13:37:25,17.5,--,27,47250,卖盘
602,13:37:19,17.5,0.01,28,49000,买盘
603,13:37:10,17.49,-0.01,3,5246,卖盘
604,13:36:54,17.5,--,4,7000,卖盘
605,13:36:39,17.5,--,4,7000,卖盘
606,13:36:24,17.5,--,26,45500,卖盘
607,13:36:09,17.5,-0.01,3,5250,卖盘
608,13:36:04,17.51,--,6,10506,买盘
609,13:35:54,17.51,--,6,10506,卖盘
610,13:35:39,17.51,-0.01,4,7004,卖盘
611,13:35:34,17.52,--,0,0,买盘
612,13:35:28,17.52,--,1,1752,买盘
613,13:35:24,17.52,0.01,8,14016,中性盘
614,13:35:09,17.51,--,8,14008,买盘
615,13:34:54,17.51,-0.01,54,94554,卖盘
616,13:34:49,17.52,0.01,4,7008,买盘
617,13:34:43,17.51,--,8,14008,买盘
618,13:34:39,17.51,--,1,1751,卖盘
619,13:34:34,17.51,0.01,9,15759,卖盘
620,13:34:28,17.5,--,0,0,卖盘
621,13:34:24,17.5,-0.01,25,43750,卖盘
622,13:34:12,17.51,-0.01,10,17510,买盘
623,13:34:09,17.52,--,0,0,中性盘
624,13:34:04,17.52,--,16,28032,买盘
625,13:33:54,17.52,0.01,53,92856,买盘
626,13:33:39,17.51,-0.01,1,1751,卖盘
627,13:33:24,17.52,0.01,8,14016,中性盘
628,13:33:09,17.51,--,3,5253,卖盘
629,13:33:04,17.51,--,0,0,中性盘
630,13:32:58,17.51,--,4,7004,买盘
631,13:32:54,17.51,-0.01,24,42024,卖盘
632,13:32:49,17.52,0.01,10,17520,买盘
633,13:32:39,17.51,-0.01,4,7004,卖盘
634,13:32:34,17.52,--,14,24528,买盘
635,13:32:24,17.52,--,4,7008,卖盘
636,13:32:09,17.52,--,3,5256,卖盘
637,13:32:04,17.52,--,4,7008,买盘
638,13:31:58,17.52,--,7,12264,买盘
639,13:31:54,17.52,--,15,26280,卖盘
640,13:31:39,17.52,--,0,0,卖盘
641,13:31:34,17.52,-0.02,38,66576,卖盘
642,13:31:28,17.54,0.02,3,5262,买盘
643,13:31:24,17.52,--,20,35040,卖盘
644,13:31:19,17.52,-0.03,33,57816,卖盘
645,13:31:13,17.55,0.02,1,1755,买盘
646,13:31:09,17.53,--,0,0,卖盘
647,13:31:04,17.53,-0.01,4,7012,卖盘
648,13:30:58,17.54,-0.01,50,87700,卖盘
649,13:30:54,17.55,--,27,47385,卖盘
650,13:30:49,17.55,0.01,13,22815,买盘
651,13:30:39,17.54,-0.01,6,10524,卖盘
652,13:30:28,17.55,-0.01,15,26325,买盘
653,13:30:24,17.56,--,0,0,买盘
654,13:30:08,17.56,--,22,38632,卖盘
655,13:29:58,17.56,-0.01,1,1755,卖盘
656,13:29:54,17.57,--,5,8785,卖盘
657,13:29:37,17.57,-0.01,4,7028,卖盘
658,13:29:27,17.58,0.02,29,50981,买盘
659,13:29:22,17.56,-0.02,11,19316,卖盘
660,13:29:19,17.58,0.01,1,1757,买盘
661,13:29:13,17.57,0.01,9,15813,买盘
662,13:29:07,17.56,--,3,5268,卖盘
663,13:29:03,17.56,--,1,1755,卖盘
664,13:28:58,17.56,-0.01,1,1755,卖盘
665,13:28:52,17.57,--,22,38654,卖盘
666,13:28:48,17.57,--,1,1757,卖盘
667,13:28:43,17.57,--,1,1757,卖盘
668,13:28:37,17.57,0.04,56,98392,买盘
669,13:28:33,17.53,--,2,3506,卖盘
670,13:28:28,17.53,--,1,1753,卖盘
671,13:28:22,17.53,--,0,0,卖盘
672,13:28:13,17.53,-0.03,3,5259,卖盘
673,13:28:07,17.56,--,4,7023,卖盘
674,13:28:03,17.56,0.01,2,3511,买盘
675,13:27:58,17.55,--,6,10530,卖盘
676,13:27:52,17.55,--,26,45630,卖盘
677,13:27:43,17.55,--,3,5265,卖盘
678,13:27:37,17.55,0.02,24,42120,买盘
679,13:27:22,17.53,-0.01,27,47331,卖盘
680,13:27:13,17.54,0.02,18,31572,买盘
681,13:27:07,17.52,-0.01,6,10512,卖盘
682,13:27:03,17.53,0.01,3,5259,买盘
683,13:26:52,17.52,-0.02,27,47304,卖盘
684,13:26:37,17.54,--,0,0,买盘
685,13:26:33,17.54,--,10,17540,买盘
686,13:26:22,17.54,--,33,57882,买盘
687,13:26:13,17.54,-0.01,10,17540,买盘
688,13:25:52,17.55,--,0,0,买盘
689,13:25:48,17.55,-0.01,2,3510,买盘
690,13:25:22,17.56,--,0,0,买盘
691,13:24:58,17.56,--,6,10536,买盘
692,13:24:51,17.56,--,32,56191,买盘
693,13:24:48,17.56,0.01,1,1755,买盘
694,13:24:43,17.55,--,2,3510,卖盘
695,13:24:22,17.55,--,28,49140,卖盘
696,13:24:13,17.55,-0.01,3,5265,卖盘
697,13:23:52,17.56,0.01,10,17560,中性盘
698,13:23:22,17.55,--,0,0,卖盘
699,13:23:18,17.55,-0.04,20,35100,卖盘
700,13:23:12,17.59,--,0,0,买盘
701,13:22:52,17.59,-0.02,10,17590,买盘
702,13:22:22,17.61,0.01,34,59874,买盘
703,13:22:16,17.6,--,0,0,买盘
704,13:22:01,17.6,0.07,81,142560,买盘
705,13:21:52,17.53,-0.01,27,47331,卖盘
706,13:21:46,17.54,0.01,2,3508,买盘
707,13:21:31,17.53,-0.01,26,45578,买盘
708,13:21:22,17.54,--,0,0,买盘
709,13:21:16,17.54,--,10,17540,买盘
710,13:21:01,17.54,--,118,206972,买盘
711,13:20:57,17.54,0.02,34,59636,买盘
712,13:20:52,17.52,--,56,98112,卖盘
713,13:20:27,17.52,-0.01,29,50808,卖盘
714,13:20:21,17.53,--,0,0,卖盘
715,13:20:16,17.53,-0.02,12,21036,卖盘
716,13:20:07,17.55,0.03,32,56160,买盘
717,13:19:51,17.52,-0.02,21,36792,卖盘
718,13:19:46,17.54,0.01,18,31572,买盘
719,13:19:27,17.53,-0.02,1,1753,卖盘
720,13:19:22,17.55,--,0,0,买盘
721,13:19:12,17.55,--,0,0,买盘
722,13:19:00,17.55,0.02,16,28080,买盘
723,13:18:57,17.53,-0.01,27,47331,买盘
724,13:18:52,17.54,--,0,0,买盘
725,13:18:36,17.54,0.02,1,1754,买盘
726,13:18:30,17.52,-0.02,2,3504,卖盘
727,13:18:22,17.54,0.02,16,28064,中性盘
728,13:18:12,17.52,-0.03,26,45552,卖盘
729,13:18:06,17.55,0.02,2,3510,买盘
730,13:18:00,17.53,-0.02,1,1753,卖盘
731,13:17:51,17.55,0.02,4,7020,中性盘
732,13:17:21,17.53,-0.01,26,45578,卖盘
733,13:17:15,17.54,--,3,5262,买盘
734,13:17:11,17.54,0.01,16,28064,买盘
735,13:16:57,17.53,-0.02,20,35060,卖盘
736,13:16:45,17.55,--,20,35100,买盘
737,13:16:30,17.55,--,2,3510,买盘
738,13:16:21,17.55,0.01,9,15795,卖盘
739,13:16:06,17.54,-0.01,15,26310,买盘
740,13:15:51,17.55,-0.02,13,22815,卖盘
741,13:15:45,17.57,--,0,0,买盘
742,13:15:36,17.57,--,0,0,买盘
743,13:15:21,17.57,-0.01,16,28112,中性盘
744,13:15:15,17.58,0.05,34,59771,买盘
745,13:14:54,17.53,-0.06,50,87650,卖盘
746,13:14:51,17.59,--,0,0,买盘
747,13:14:21,17.59,--,0,0,买盘
748,13:14:09,17.59,0.02,4,7036,买盘
749,13:14:06,17.57,-0.01,2,3514,卖盘
750,13:13:51,17.58,--,0,0,中性盘
751,13:13:45,17.58,-0.02,2,3515,卖盘
752,13:13:36,17.6,--,78,137280,买盘
753,13:13:21,17.6,--,106,186560,卖盘
754,13:13:15,17.6,--,15,26400,卖盘
755,13:13:09,17.6,--,100,176000,卖盘
756,13:13:00,17.6,-0.01,5,8800,卖盘
757,13:12:51,17.61,--,26,45786,买盘
758,13:12:36,17.61,--,12,21132,买盘
759,13:12:30,17.61,-0.01,15,26415,买盘
760,13:12:21,17.62,--,9,15858,卖盘
761,13:12:15,17.62,--,66,116292,买盘
762,13:12:09,17.62,--,5,8810,买盘
763,13:11:54,17.62,--,50,88100,买盘
764,13:11:51,17.62,0.01,16,28192,买盘
765,13:11:36,17.61,--,22,38742,买盘
766,13:11:24,17.61,0.01,5,8805,买盘
767,13:11:21,17.6,--,0,0,卖盘
768,13:11:00,17.6,0.01,51,89760,买盘
769,13:10:54,17.59,0.01,11,19349,买盘
770,13:10:51,17.58,--,27,47465,卖盘
771,13:10:45,17.58,0.02,21,36918,买盘
772,13:10:36,17.56,--,2,3511,卖盘
773,13:10:21,17.56,0.01,47,82532,卖盘
774,13:10:00,17.55,--,11,19305,买盘
775,13:09:50,17.55,-0.01,28,49140,卖盘
776,13:09:45,17.56,--,5,8780,买盘
777,13:09:35,17.56,-0.01,17,29851,买盘
778,13:09:21,17.57,--,0,0,买盘
779,13:09:00,17.57,0.02,11,19327,买盘
780,13:08:54,17.55,--,0,0,卖盘
781,13:08:24,17.55,0.02,50,87750,买盘
782,13:08:20,17.53,--,0,0,中性盘
783,13:08:15,17.53,0.01,16,28048,买盘
784,13:08:00,17.52,-0.01,23,40296,中性盘
785,13:07:54,17.53,-0.01,11,19283,卖盘
786,13:07:50,17.54,--,4,7016,买盘
787,13:07:45,17.54,0.01,10,17540,买盘
788,13:07:30,17.53,0.02,52,91156,买盘
789,13:07:24,17.51,-0.01,5,8755,卖盘
790,13:07:09,17.52,--,2,3504,买盘
791,13:07:03,17.52,--,1,1752,买盘
792,13:07:00,17.52,--,1,1752,买盘
793,13:06:54,17.52,--,4,7008,卖盘
794,13:06:24,17.52,0.01,60,105120,买盘
795,13:06:18,17.51,-0.01,5,8755,买盘
796,13:05:54,17.52,--,0,0,买盘
797,13:05:48,17.52,--,0,0,买盘
798,13:05:45,17.52,0.01,18,31536,买盘
799,13:05:39,17.51,--,10,17510,买盘
800,13:05:33,17.51,0.01,16,28016,买盘
801,13:05:24,17.5,--,0,0,卖盘
802,13:05:18,17.5,--,4,7000,卖盘
803,13:05:09,17.5,-0.02,4,7000,卖盘
804,13:04:54,17.52,-0.01,3,5256,卖盘
805,13:04:39,17.53,--,0,0,买盘
806,13:04:30,17.53,0.01,16,28048,买盘
807,13:04:24,17.52,0.03,27,47304,买盘
808,13:04:18,17.49,--,0,0,卖盘
809,13:04:15,17.49,-0.03,195,341054,卖盘
810,13:04:09,17.52,0.02,4,7008,买盘
811,13:03:54,17.5,-0.01,34,59500,卖盘
812,13:03:45,17.51,--,10,17510,买盘
813,13:03:30,17.51,--,10,17510,买盘
814,13:03:24,17.51,--,0,0,中性盘
815,13:02:59,17.51,--,27,47277,买盘
816,13:02:54,17.51,--,50,87550,卖盘
817,13:02:44,17.51,-0.01,10,17510,卖盘
818,13:02:24,17.52,--,0,0,中性盘
819,13:01:59,17.52,-0.02,27,47304,买盘
820,13:01:54,17.54,--,0,0,买盘
821,13:01:24,17.54,-0.01,7,12278,买盘
822,13:00:54,17.55,--,0,0,买盘
823,13:00:09,17.55,0.05,42,73710,买盘
824,13:00:03,17.5,0.01,34,59500,买盘
825,11:30:00,17.49,--,0,0,卖盘
826,11:30:00,17.49,--,0,0,卖盘
827,11:29:40,17.49,--,28,48971,卖盘
828,11:29:25,17.49,--,35,61214,卖盘
829,11:29:00,17.49,--,10,17490,卖盘
830,11:28:55,17.49,--,12,20987,卖盘
831,11:28:49,17.49,-0.06,66,115433,卖盘
832,11:28:10,17.55,0.06,11,19305,买盘
833,11:27:49,17.49,-0.01,7,12242,卖盘
834,11:27:43,17.5,--,4,7000,买盘
835,11:27:40,17.5,0.01,11,19250,买盘
836,11:27:28,17.49,0.03,5,8745,卖盘
837,11:27:04,17.46,0.01,39,68094,买盘
838,11:26:55,17.45,-0.01,24,43450,卖盘
839,11:26:49,17.46,--,3,5238,买盘
840,11:26:43,17.46,--,1,1746,买盘
841,11:26:40,17.46,-0.01,105,183330,卖盘
842,11:26:28,17.47,0.01,12,20964,卖盘
843,11:26:25,17.46,-0.01,60,104760,卖盘
844,11:26:10,17.47,--,3,5241,买盘
845,11:25:58,17.47,-0.01,3,5241,买盘
846,11:25:55,17.48,--,0,0,买盘
847,11:25:43,17.48,--,3,5244,买盘
848,11:25:34,17.48,0.03,3,5244,买盘
849,11:25:25,17.45,-0.03,27,47115,卖盘
850,11:25:19,17.48,0.03,125,218500,买盘
851,11:25:10,17.45,-0.01,5,8725,卖盘
852,11:24:58,17.46,--,3,5238,买盘
853,11:24:55,17.46,--,45,78570,买盘
854,11:24:40,17.46,-0.01,17,29682,卖盘
855,11:24:28,17.47,0.01,4,6988,买盘
856,11:24:24,17.46,-0.01,26,45396,卖盘
857,11:24:09,17.47,--,2,3494,买盘
858,11:23:58,17.47,--,1,1747,买盘
859,11:23:54,17.47,0.01,20,34940,中性盘
860,11:23:24,17.46,--,0,0,卖盘
861,11:22:54,17.46,-0.03,26,45396,卖盘
862,11:22:49,17.49,0.01,18,31481,买盘
863,11:22:43,17.48,0.02,30,52440,买盘
864,11:22:24,17.46,-0.01,13,22698,卖盘
865,11:22:09,17.47,--,22,38434,买盘
866,11:22:04,17.47,--,3,5241,买盘
867,11:21:58,17.47,-0.01,1,1747,买盘
868,11:21:54,17.48,--,0,0,买盘
869,11:21:34,17.48,--,17,29716,买盘
870,11:21:22,17.48,--,3,5244,卖盘
871,11:21:04,17.48,--,208,363758,买盘
872,11:20:49,17.48,-0.02,3,5244,卖盘
873,11:20:43,17.5,--,0,0,买盘
874,11:20:22,17.5,--,0,0,买盘
875,11:20:19,17.5,0.03,17,29750,买盘
876,11:20:04,17.47,--,0,0,卖盘
877,11:19:58,17.47,0.01,14,24458,买盘
878,11:19:52,17.46,-0.01,26,45396,卖盘
879,11:19:49,17.47,--,3,5241,买盘
880,11:19:43,17.47,--,11,19217,买盘
881,11:19:34,17.47,-0.02,278,485665,卖盘
882,11:19:22,17.49,-0.01,9,15740,卖盘
883,11:19:13,17.5,--,5,8750,买盘
884,11:18:52,17.5,-0.02,7,12250,卖盘
885,11:18:22,17.52,--,16,28032,卖盘
886,11:18:19,17.52,--,7,12264,卖盘
887,11:18:04,17.52,-0.01,27,47304,买盘
888,11:17:52,17.53,--,0,0,买盘
889,11:17:37,17.53,-0.01,20,35060,卖盘
890,11:17:07,17.54,-0.01,20,35080,卖盘
891,11:16:52,17.55,0.02,5,8775,买盘
892,11:16:43,17.53,-0.01,151,264703,卖盘
893,11:16:22,17.54,--,11,19294,买盘
894,11:16:13,17.54,-0.01,4,7016,中性盘
895,11:16:03,17.55,--,0,0,买盘
896,11:15:43,17.55,0.02,2,3510,买盘
897,11:15:37,17.53,-0.01,50,87650,卖盘
898,11:15:22,17.54,--,3,5262,买盘
899,11:15:13,17.54,0.01,3,5262,买盘
900,11:14:58,17.53,--,27,47331,买盘
901,11:14:43,17.53,0.01,14,24542,买盘
902,11:14:31,17.52,0.05,1,1752,买盘
903,11:14:28,17.47,-0.06,25,43675,卖盘
904,11:14:13,17.53,0.01,34,59602,买盘
905,11:14:07,17.52,0.04,19,33288,买盘
906,11:13:12,17.48,--,30,52440,卖盘
907,11:12:58,17.48,--,0,0,卖盘
908,11:12:28,17.48,-0.03,38,66424,卖盘
909,11:12:12,17.51,--,5,8755,卖盘
910,11:12:01,17.51,--,1,1751,卖盘
911,11:11:58,17.51,--,19,33269,买盘
912,11:11:52,17.51,--,21,36771,买盘
913,11:11:31,17.51,0.02,5,8755,买盘
914,11:11:01,17.49,-0.02,4,6995,卖盘
915,11:10:42,17.51,0.03,100,175100,买盘
916,11:10:37,17.48,-0.01,58,101384,卖盘
917,11:10:27,17.49,--,2,3497,买盘
918,11:09:57,17.49,--,2,3497,买盘
919,11:09:46,17.49,--,10,17490,买盘
920,11:09:42,17.49,--,10,17490,买盘
921,11:09:12,17.49,0.01,7,12242,买盘
922,11:09:07,17.48,--,5,8740,卖盘
923,11:09:01,17.48,-0.01,73,127604,卖盘
924,11:08:31,17.49,0.02,2,3497,买盘
925,11:08:16,17.47,-0.01,25,43675,卖盘
926,11:08:12,17.48,--,90,157320,买盘
927,11:08:07,17.48,--,22,38456,买盘
928,11:08:01,17.48,0.01,50,87400,买盘
929,11:07:57,17.47,--,10,17470,卖盘
930,11:07:46,17.47,--,28,48916,卖盘
931,11:07:37,17.47,--,75,131024,买盘
932,11:07:31,17.47,0.01,3,5241,买盘
933,11:07:16,17.46,-0.01,31,54126,卖盘
934,11:06:55,17.47,--,1,1747,买盘
935,11:06:52,17.47,0.01,61,106567,买盘
936,11:06:46,17.46,-0.01,7,12222,卖盘
937,11:06:40,17.47,--,25,43675,买盘
938,11:06:31,17.47,--,150,262049,卖盘
939,11:06:21,17.47,-0.01,12,20964,卖盘
940,11:06:10,17.48,-0.01,1,1748,买盘
941,11:06:06,17.49,0.01,3,5246,买盘
942,11:06:01,17.48,--,90,157320,卖盘
943,11:05:51,17.48,--,7,12236,卖盘
944,11:05:46,17.48,-0.01,100,174800,卖盘
945,11:05:40,17.49,--,113,197636,买盘
946,11:05:21,17.49,--,5,8745,买盘
947,11:05:16,17.49,-0.01,107,187142,卖盘
948,11:05:10,17.5,0.01,2,3500,买盘
949,11:05:06,17.49,-0.01,1,1748,卖盘
950,11:05:01,17.5,0.01,9,15750,买盘
951,11:04:51,17.49,-0.02,1,1748,卖盘
952,11:04:46,17.51,0.02,4,7004,买盘
953,11:04:36,17.49,--,51,89198,卖盘
954,11:04:31,17.49,--,178,311322,卖盘
955,11:04:21,17.49,--,2,3497,卖盘
956,11:04:16,17.49,--,26,45473,卖盘
957,11:04:01,17.49,--,15,26234,卖盘
958,11:03:51,17.49,--,8,13991,卖盘
959,11:03:46,17.49,--,26,45473,卖盘
960,11:03:40,17.49,0.01,5,8745,卖盘
961,11:03:31,17.48,--,5,8740,卖盘
962,11:03:25,17.48,--,0,0,卖盘
963,11:03:21,17.48,-0.04,6,10488,卖盘
964,11:03:16,17.52,--,0,0,买盘
965,11:03:06,17.52,0.04,5,8760,买盘
966,11:03:01,17.48,0.01,114,199272,买盘
967,11:02:51,17.47,-0.03,104,181688,卖盘
968,11:02:46,17.5,-0.01,26,45500,卖盘
969,11:02:40,17.51,0.03,24,42024,买盘
970,11:02:31,17.48,0.01,1,1748,卖盘
971,11:02:16,17.47,-0.01,26,45422,卖盘
972,11:02:10,17.48,-0.02,8,13984,买盘
973,11:02:01,17.5,0.01,39,68250,买盘
974,11:01:51,17.49,0.03,9,15740,买盘
975,11:01:46,17.46,-0.02,22,38412,卖盘
976,11:01:36,17.48,--,2,3496,买盘
977,11:01:25,17.48,-0.01,24,41952,买盘
978,11:01:16,17.49,--,0,0,买盘
979,11:01:10,17.49,--,0,0,买盘
980,11:01:06,17.49,--,10,17490,买盘
981,11:01:01,17.49,--,9,15740,买盘
982,11:00:46,17.49,--,12,20987,买盘
983,11:00:40,17.49,-0.01,148,258851,卖盘
984,11:00:31,17.5,0.01,2,3500,买盘
985,11:00:25,17.49,--,2,3497,买盘
986,11:00:21,17.49,--,9,15740,买盘
987,11:00:16,17.49,-0.01,15,26234,卖盘
988,11:00:01,17.5,--,10,17500,买盘
989,10:59:55,17.5,-0.01,6,10500,买盘
990,10:59:40,17.51,--,0,0,买盘
991,10:59:25,17.51,--,1,1751,买盘
992,10:59:19,17.51,0.01,16,28016,买盘
993,10:59:15,17.5,-0.01,30,52500,卖盘
994,10:59:10,17.51,0.01,7,12257,买盘
995,10:59:00,17.5,--,2,3500,卖盘
996,10:58:55,17.5,--,5,8750,卖盘
997,10:58:45,17.5,-0.01,57,99750,卖盘
998,10:58:40,17.51,0.01,4,7004,买盘
999,10:58:30,17.5,-0.01,31,54250,卖盘
1000,10:58:15,17.51,--,10,17510,卖盘
1001,10:58:10,17.51,-0.01,10,17510,卖盘
1002,10:58:04,17.52,-0.01,4,7008,买盘
1003,10:57:45,17.53,--,0,0,买盘
1004,10:57:19,17.53,--,1,1753,买盘
1005,10:57:15,17.53,--,20,35060,卖盘
1006,10:56:55,17.53,0.03,9,15777,买盘
1007,10:56:49,17.5,-0.03,60,105000,卖盘
1008,10:56:45,17.53,--,18,31554,卖盘
1009,10:56:30,17.53,0.01,22,38566,买盘
1010,10:56:25,17.52,0.02,37,64824,买盘
1011,10:56:15,17.5,--,44,77000,卖盘
1012,10:55:49,17.5,--,15,26250,卖盘
1013,10:55:45,17.5,--,0,0,卖盘
1014,10:55:40,17.5,--,10,17500,卖盘
1015,10:55:30,17.5,--,4,7000,卖盘
1016,10:55:15,17.5,-0.02,27,47250,卖盘
1017,10:55:10,17.52,--,38,66576,买盘
1018,10:55:04,17.52,0.02,10,17520,买盘
1019,10:55:00,17.5,-0.01,44,77000,卖盘
1020,10:54:55,17.51,--,3,5253,买盘
1021,10:54:49,17.51,0.01,23,40273,买盘
1022,10:54:45,17.5,-0.01,46,80500,卖盘
1023,10:54:40,17.51,--,62,108562,买盘
1024,10:54:25,17.51,--,6,10506,买盘
1025,10:54:15,17.51,-0.01,27,47277,卖盘
1026,10:54:10,17.52,--,2,3504,买盘
1027,10:54:04,17.52,0.01,2,3504,买盘
1028,10:53:45,17.51,-0.01,26,45526,卖盘
1029,10:53:40,17.52,--,81,141912,买盘
1030,10:53:34,17.52,0.01,5,8760,买盘
1031,10:53:25,17.51,-0.01,8,14008,卖盘
1032,10:53:15,17.52,--,10,17520,卖盘
1033,10:52:55,17.52,-0.01,19,33288,卖盘
1034,10:52:43,17.53,--,6,10518,卖盘
1035,10:52:40,17.53,--,20,35060,卖盘
1036,10:52:34,17.53,--,10,17530,卖盘
1037,10:52:25,17.53,--,54,94662,卖盘
1038,10:52:13,17.53,--,28,49084,卖盘
1039,10:51:43,17.53,--,6,10518,卖盘
1040,10:51:39,17.53,--,10,17530,卖盘
1041,10:51:34,17.53,-0.02,1,1753,卖盘
1042,10:51:28,17.55,0.03,7,12285,买盘
1043,10:51:24,17.52,-0.03,1,1752,卖盘
1044,10:51:19,17.55,0.03,31,54405,买盘
1045,10:51:13,17.52,--,0,0,卖盘
1046,10:51:09,17.52,--,28,49056,卖盘
1047,10:51:04,17.52,-0.02,7,12264,卖盘
1048,10:50:54,17.54,-0.01,6,10524,买盘
1049,10:50:43,17.55,--,0,0,买盘
1050,10:50:34,17.55,0.02,10,17550,买盘
1051,10:50:27,17.53,-0.05,4,7012,卖盘
1052,10:50:24,17.58,0.04,30,52739,买盘
1053,10:50:19,17.54,-0.01,19,33326,卖盘
1054,10:50:13,17.55,--,0,0,卖盘
1055,10:50:09,17.55,0.01,1,1755,卖盘
1056,10:49:58,17.54,--,0,0,卖盘
1057,10:49:54,17.54,-0.01,21,36834,卖盘
1058,10:49:49,17.55,--,0,0,买盘
1059,10:49:39,17.55,--,2,3510,买盘
1060,10:49:33,17.55,-0.04,8,14040,卖盘
1061,10:49:28,17.59,-0.01,11,19349,买盘
1062,10:49:13,17.6,--,0,0,买盘
1063,10:49:09,17.6,-0.01,2,3520,买盘
1064,10:48:43,17.61,--,0,0,中性盘
1065,10:48:34,17.61,0.07,27,47547,买盘
1066,10:48:28,17.54,--,0,0,卖盘
1067,10:48:24,17.54,-0.1,1,1754,卖盘
1068,10:48:12,17.64,--,0,0,买盘
1069,10:48:09,17.64,0.01,92,162288,买盘
1070,10:47:58,17.63,--,0,0,中性盘
1071,10:47:54,17.63,0.03,15,26445,买盘
1072,10:47:49,17.6,--,0,0,中性盘
1073,10:47:43,17.6,--,102,179520,买盘
1074,10:47:24,17.6,0.07,53,93280,买盘
1075,10:47:19,17.53,--,80,140240,买盘
1076,10:47:04,17.53,0.01,57,99921,买盘
1077,10:46:57,17.52,--,15,26280,买盘
1078,10:46:54,17.52,--,3,5256,买盘
1079,10:46:49,17.52,--,20,35040,买盘
1080,10:46:43,17.52,-0.01,24,42048,卖盘
1081,10:46:39,17.53,--,10,17530,买盘
1082,10:46:12,17.53,0.02,13,22789,买盘
1083,10:45:49,17.51,--,3,5253,卖盘
1084,10:45:28,17.51,--,10,17510,卖盘
1085,10:45:22,17.51,0.01,17,29767,买盘
1086,10:45:19,17.5,-0.01,50,87500,卖盘
1087,10:45:13,17.51,0.01,18,31518,买盘
1088,10:45:03,17.5,-0.01,10,17500,卖盘
1089,10:44:48,17.51,--,10,17510,买盘
1090,10:44:42,17.51,--,134,234634,卖盘
1091,10:44:33,17.51,--,2,3502,买盘
1092,10:44:28,17.51,--,5,8755,买盘
1093,10:44:18,17.51,--,10,17510,买盘
1094,10:44:06,17.51,-0.02,283,495533,卖盘
1095,10:44:03,17.53,--,23,40319,买盘
1096,10:43:57,17.53,--,6,10518,买盘
1097,10:43:51,17.53,--,86,152493,卖盘
1098,10:43:48,17.53,--,0,0,卖盘
1099,10:43:36,17.53,-0.07,212,371636,卖盘
1100,10:43:33,17.6,-0.04,4,7040,卖盘
1101,10:43:21,17.64,0.04,18,31752,买盘
1102,10:43:18,17.6,--,0,0,卖盘
1103,10:43:03,17.6,0.02,2,3520,卖盘
1104,10:42:57,17.58,--,0,0,中性盘
1105,10:42:51,17.58,--,12,21095,买盘
1106,10:42:48,17.58,--,10,17580,买盘
1107,10:42:42,17.58,-0.07,178,312923,卖盘
1108,10:41:51,17.65,-0.01,1,1764,卖盘
1109,10:41:48,17.66,--,12,21192,买盘
1110,10:41:42,17.66,-0.01,3,5298,买盘
1111,10:41:03,17.67,--,0,0,买盘
1112,10:40:57,17.67,--,32,56544,买盘
1113,10:40:33,17.67,--,25,44175,买盘
1114,10:40:21,17.67,0.01,12,21204,买盘
1115,10:40:12,17.66,--,3,5298,买盘
1116,10:39:57,17.66,0.01,34,60044,买盘
1117,10:39:42,17.65,--,0,0,卖盘
1118,10:39:36,17.65,-0.02,20,35300,买盘
1119,10:39:21,17.67,--,0,0,买盘
1120,10:39:17,17.67,--,0,0,买盘
1121,10:39:12,17.67,0.1,20,35340,中性盘
1122,10:39:06,17.57,-0.08,1,1757,卖盘
1123,10:38:51,17.65,--,83,146495,买盘
1124,10:38:42,17.65,-0.03,11,19415,买盘
1125,10:38:36,17.68,--,56,99008,买盘
1126,10:38:32,17.68,0.02,13,22984,买盘
1127,10:38:27,17.66,0.03,40,70640,买盘
1128,10:38:21,17.63,-0.03,1,1763,卖盘
1129,10:38:12,17.66,-0.02,13,22958,买盘
1130,10:38:00,17.68,--,0,0,买盘
1131,10:37:57,17.68,0.08,8,14144,买盘
1132,10:37:36,17.6,--,1,1760,卖盘
1133,10:37:00,17.6,--,1,1760,卖盘
1134,10:36:57,17.6,--,2,3520,卖盘
1135,10:36:42,17.6,-0.02,34,59840,卖盘
1136,10:36:30,17.62,0.01,3,5286,卖盘
1137,10:36:27,17.61,--,0,0,卖盘
1138,10:36:21,17.61,-0.01,23,40503,卖盘
1139,10:35:57,17.62,--,1,1762,卖盘
1140,10:35:51,17.62,0.01,2,3524,中性盘
1141,10:35:45,17.61,--,1,1761,卖盘
1142,10:35:42,17.61,--,3,5283,卖盘
1143,10:35:36,17.61,--,11,19371,卖盘
1144,10:35:30,17.61,-0.02,4,7044,卖盘
1145,10:35:27,17.63,0.02,56,98728,买盘
1146,10:35:21,17.61,--,2,3522,卖盘
1147,10:35:12,17.61,--,1,1761,卖盘
1148,10:35:06,17.61,-0.01,1,1761,卖盘
1149,10:34:57,17.62,--,4,7048,卖盘
1150,10:34:51,17.62,--,2,3524,卖盘
1151,10:34:42,17.62,-0.01,2,3524,卖盘
1152,10:34:36,17.63,0.01,10,17630,买盘
1153,10:34:30,17.62,--,1,1762,卖盘
1154,10:34:12,17.62,--,0,0,买盘
1155,10:34:00,17.62,--,3,5286,买盘
1156,10:33:57,17.62,-0.01,1,1762,卖盘
1157,10:33:51,17.63,--,5,8815,买盘
1158,10:33:36,17.63,0.01,7,12341,买盘
1159,10:33:27,17.62,--,27,47574,卖盘
1160,10:33:21,17.62,--,1,1762,卖盘
1161,10:33:12,17.62,--,9,15858,卖盘
1162,10:33:00,17.62,0.01,14,24668,买盘
1163,10:32:56,17.61,-0.01,19,33459,卖盘
1164,10:32:51,17.62,0.01,20,35240,买盘
1165,10:32:41,17.61,--,1,1761,卖盘
1166,10:32:36,17.61,-0.02,7,12327,卖盘
1167,10:32:27,17.63,--,0,0,买盘
1168,10:32:15,17.63,0.02,2,3526,买盘
1169,10:32:00,17.61,0.01,16,28176,买盘
1170,10:31:56,17.6,--,26,45760,卖盘
1171,10:31:45,17.6,--,145,255200,买盘
1172,10:31:41,17.6,--,9,15840,买盘
1173,10:31:36,17.6,--,2,3520,买盘
1174,10:31:30,17.6,--,16,28160,卖盘
1175,10:31:26,17.6,-0.02,20,35200,卖盘
1176,10:31:21,17.62,0.01,35,61670,买盘
1177,10:31:15,17.61,0.01,3,5283,中性盘
1178,10:31:11,17.6,--,1,1760,卖盘
1179,10:31:00,17.6,--,112,197120,卖盘
1180,10:30:56,17.6,--,1,1760,卖盘
1181,10:30:45,17.6,--,1,1760,卖盘
1182,10:30:30,17.6,-0.03,3,5280,卖盘
1183,10:30:24,17.63,0.01,36,64543,买盘
1184,10:30:21,17.62,--,1,1762,卖盘
1185,10:30:15,17.62,-0.01,10,17620,卖盘
1186,10:30:06,17.63,0.01,14,24682,买盘
1187,10:29:54,17.62,-0.03,9,16545,卖盘
1188,10:29:51,17.65,0.01,4,7059,买盘
1189,10:29:39,17.64,--,2,3528,买盘
1190,10:29:30,17.64,-0.01,105,185220,卖盘
1191,10:29:24,17.65,--,9,15884,卖盘
1192,10:29:06,17.65,0.01,21,37065,买盘
1193,10:28:54,17.64,--,28,49392,卖盘
1194,10:28:51,17.64,--,1,1764,卖盘
1195,10:28:30,17.64,0.02,22,38808,买盘
1196,10:28:24,17.62,-0.01,27,47574,卖盘
1197,10:28:21,17.63,--,10,17630,买盘
1198,10:28:00,17.63,--,0,0,买盘
1199,10:27:54,17.63,-0.01,18,31734,卖盘
1200,10:27:39,17.64,0.01,1,1764,买盘
1201,10:27:36,17.63,-0.01,3,5289,卖盘
1202,10:27:24,17.64,0.01,30,52920,买盘
1203,10:27:06,17.63,-0.01,3,5289,卖盘
1204,10:27:00,17.64,--,1,1764,买盘
1205,10:26:54,17.64,-0.01,10,17640,卖盘
1206,10:26:30,17.65,-0.02,5,8825,买盘
1207,10:26:24,17.67,--,0,0,买盘
1208,10:25:54,17.67,--,0,0,买盘
1209,10:25:50,17.67,--,0,0,买盘
1210,10:25:30,17.67,--,3,5301,买盘
1211,10:25:24,17.67,--,1,1767,卖盘
1212,10:25:00,17.67,0.05,28,49476,买盘
1213,10:24:54,17.62,--,0,0,卖盘
1214,10:24:39,17.62,-0.01,23,40526,买盘
1215,10:24:24,17.63,--,92,162196,买盘
1216,10:24:15,17.63,--,3,5289,买盘
1217,10:24:09,17.63,--,6,10578,买盘
1218,10:24:05,17.63,--,0,0,买盘
1219,10:23:54,17.63,--,34,59942,买盘
1220,10:23:24,17.63,-0.06,4,7052,卖盘
1221,10:23:09,17.69,0.14,69,122061,买盘
1222,10:23:00,17.55,-0.09,106,186030,卖盘
1223,10:22:54,17.64,0.04,27,47628,买盘
1224,10:22:30,17.6,--,27,47537,买盘
1225,10:22:24,17.6,--,0,0,买盘
1226,10:22:09,17.6,0.05,3,5280,买盘
1227,10:22:03,17.55,-0.05,2,3510,卖盘
1228,10:22:00,17.6,0.04,16,28160,买盘
1229,10:21:54,17.56,--,16,28095,卖盘
1230,10:21:45,17.56,-0.04,12,21072,卖盘
1231,10:21:39,17.6,0.04,12,21120,买盘
1232,10:21:33,17.56,--,10,17560,卖盘
1233,10:21:15,17.56,-0.01,37,64971,卖盘
1234,10:21:09,17.57,-0.03,2,3514,卖盘
1235,10:21:00,17.6,--,44,77440,买盘
1236,10:20:48,17.6,--,88,154880,买盘
1237,10:20:24,17.6,--,64,114382,卖盘
1238,10:20:15,17.6,--,138,242880,卖盘
1239,10:20:03,17.6,--,3,5280,卖盘
1240,10:19:54,17.6,--,61,107377,买盘
1241,10:19:39,17.6,0.01,12,21120,买盘
1242,10:19:24,17.59,--,36,63324,买盘
1243,10:19:09,17.59,--,12,21108,买盘
1244,10:18:54,17.59,--,0,0,买盘
1245,10:18:44,17.59,0.01,160,281440,买盘
1246,10:18:39,17.58,-0.02,12,21095,卖盘
1247,10:18:29,17.6,-0.03,318,559680,卖盘
1248,10:18:14,17.63,0.01,4,7052,买盘
1249,10:17:59,17.62,-0.01,5,8810,卖盘
1250,10:17:54,17.63,--,2,3526,买盘
1251,10:17:24,17.63,-0.01,31,54653,卖盘
1252,10:17:18,17.64,--,31,54684,买盘
1253,10:17:03,17.64,--,2,3528,卖盘
1254,10:16:54,17.64,--,6,10584,卖盘
1255,10:16:48,17.64,--,51,89964,卖盘
1256,10:16:44,17.64,--,2,3528,卖盘
1257,10:16:39,17.64,--,2,3528,卖盘
1258,10:16:33,17.64,--,4,7056,卖盘
1259,10:16:29,17.64,--,2,3528,卖盘
1260,10:16:14,17.64,--,6,10584,卖盘
1261,10:16:09,17.64,-0.01,2,3528,卖盘
1262,10:16:03,17.65,--,10,17650,买盘
1263,10:15:57,17.65,-0.04,195,345922,卖盘
1264,10:15:48,17.69,--,3,5307,卖盘
1265,10:15:42,17.69,--,1,1769,卖盘
1266,10:15:33,17.69,--,1,1769,卖盘
1267,10:15:27,17.69,-0.02,1,1769,卖盘
1268,10:15:23,17.71,--,2,3542,买盘
1269,10:15:18,17.71,--,16,28336,卖盘
1270,10:15:08,17.71,--,1,1771,卖盘
1271,10:15:03,17.71,0.02,3,5313,中性盘
1272,10:14:57,17.69,--,1,1769,卖盘
1273,10:14:53,17.69,-0.01,77,136213,卖盘
1274,10:14:48,17.7,--,2,3540,卖盘
1275,10:14:42,17.7,--,1,1770,卖盘
1276,10:14:38,17.7,--,3,5310,卖盘
1277,10:14:33,17.7,0.01,28,49560,买盘
1278,10:14:23,17.69,-0.01,2,3538,卖盘
1279,10:14:18,17.7,--,12,21240,买盘
1280,10:14:08,17.7,--,12,21240,买盘
1281,10:14:03,17.7,-0.01,70,123900,卖盘
1282,10:13:53,17.71,0.01,49,86779,买盘
1283,10:13:48,17.7,--,4,7080,卖盘
1284,10:13:38,17.7,--,2,3540,卖盘
1285,10:13:23,17.7,-0.01,4,7080,卖盘
1286,10:13:18,17.71,--,10,17710,买盘
1287,10:13:08,17.71,-0.04,10,17710,卖盘
1288,10:13:03,17.75,0.05,3,5325,买盘
1289,10:12:33,17.7,--,0,0,卖盘
1290,10:12:23,17.7,0.01,7,12390,卖盘
1291,10:12:08,17.69,--,0,0,卖盘
1292,10:11:27,17.69,--,0,0,卖盘
1293,10:11:08,17.69,--,0,0,卖盘
1294,10:11:03,17.69,--,1,1769,卖盘
1295,10:10:38,17.69,--,0,0,卖盘
1296,10:10:27,17.69,-0.07,6,10614,卖盘
1297,10:09:42,17.76,--,0,0,买盘
1298,10:09:18,17.76,0.06,93,165168,买盘
1299,10:08:57,17.7,--,0,0,卖盘
1300,10:08:48,17.7,--,39,69030,卖盘
1301,10:08:42,17.7,--,1,1770,卖盘
1302,10:08:06,17.7,0.01,3,5327,买盘
1303,10:08:03,17.69,-0.01,1,1769,卖盘
1304,10:07:42,17.7,--,1,1770,买盘
1305,10:07:36,17.7,--,13,23010,买盘
1306,10:07:32,17.7,--,1,1770,买盘
1307,10:07:21,17.7,--,1,1770,买盘
1308,10:06:57,17.7,-0.01,89,159282,卖盘
1309,10:06:42,17.71,-0.03,10,17710,卖盘
1310,10:06:36,17.74,0.04,1,1773,买盘
1311,10:06:32,17.7,-0.04,158,279660,卖盘
1312,10:06:27,17.74,0.04,6,10643,买盘
1313,10:06:17,17.7,--,101,178770,卖盘
1314,10:06:02,17.7,--,3,5310,卖盘
1315,10:05:57,17.7,-0.01,57,100890,卖盘
1316,10:05:47,17.71,--,2,3542,买盘
1317,10:05:42,17.71,-0.03,7,12397,卖盘
1318,10:05:32,17.74,--,18,31931,买盘
1319,10:05:17,17.74,-0.01,5,8870,中性盘
1320,10:05:12,17.75,--,0,0,买盘
1321,10:05:02,17.75,--,22,39050,卖盘
1322,10:04:51,17.75,0.05,13,23075,买盘
1323,10:04:42,17.7,--,8,14177,买盘
1324,10:04:12,17.7,--,0,0,买盘
1325,10:03:57,17.7,0.03,3,5310,买盘
1326,10:03:51,17.67,--,7,12369,买盘
1327,10:03:47,17.67,--,50,88350,卖盘
1328,10:03:42,17.67,-0.01,5,8835,卖盘
1329,10:03:36,17.68,--,0,0,中性盘
1330,10:03:27,17.68,--,10,17680,买盘
1331,10:03:21,17.68,0.01,4,7072,卖盘
1332,10:02:57,17.67,--,0,0,卖盘
1333,10:02:47,17.67,--,0,0,卖盘
1334,10:02:32,17.67,--,0,0,卖盘
1335,10:02:21,17.67,0.01,2,3534,买盘
1336,10:02:17,17.66,-0.01,9,15894,卖盘
1337,10:02:12,17.67,--,3,5301,买盘
1338,10:02:02,17.67,0.01,19,33573,买盘
1339,10:01:51,17.66,--,17,30022,买盘
1340,10:01:45,17.66,-0.01,3,5298,卖盘
1341,10:01:41,17.67,--,0,0,买盘
1342,10:01:36,17.67,--,41,72447,买盘
1343,10:01:30,17.67,--,2,3534,买盘
1344,10:01:26,17.67,--,5,8835,买盘
1345,10:01:21,17.67,0.02,100,176700,买盘
1346,10:00:56,17.65,--,118,208269,买盘
1347,10:00:45,17.65,--,7,12354,买盘
1348,10:00:41,17.65,--,17,30004,买盘
1349,10:00:36,17.65,--,14,24709,买盘
1350,10:00:30,17.65,--,1,1764,买盘
1351,10:00:26,17.65,--,4,7059,买盘
1352,10:00:06,17.65,--,42,74130,卖盘
1353,10:00:00,17.65,--,2,3529,卖盘
1354,09:59:36,17.65,--,31,54714,买盘
1355,09:59:30,17.65,--,2,3529,买盘
1356,09:59:26,17.65,-0.05,80,141200,卖盘
1357,09:59:11,17.7,0.01,5,8850,买盘
1358,09:59:06,17.69,--,0,0,卖盘
1359,09:58:45,17.69,--,4,7076,卖盘
1360,09:58:26,17.69,0.03,25,44225,买盘
1361,09:58:20,17.66,-0.03,53,93598,卖盘
1362,09:58:11,17.69,-0.01,1,1769,卖盘
1363,09:57:56,17.7,0.01,2,3540,卖盘
1364,09:57:41,17.69,--,0,0,卖盘
1365,09:57:36,17.69,--,2,3538,卖盘
1366,09:57:11,17.69,--,2,3538,卖盘
1367,09:57:06,17.69,--,2,3538,卖盘
1368,09:56:45,17.69,--,49,86681,卖盘
1369,09:56:36,17.69,--,2,3538,卖盘
1370,09:56:26,17.69,--,2,3538,卖盘
1371,09:56:21,17.69,0.03,2,3538,中性盘
1372,09:56:15,17.66,-0.03,3,5298,卖盘
1373,09:56:06,17.69,--,27,47763,卖盘
1374,09:56:00,17.69,--,17,30073,卖盘
1375,09:55:56,17.69,-0.02,64,113216,卖盘
1376,09:55:50,17.71,--,1,1771,卖盘
1377,09:55:45,17.71,--,29,51359,卖盘
1378,09:55:35,17.71,-0.05,2,3542,卖盘
1379,09:55:30,17.76,0.01,16,28416,买盘
1380,09:55:21,17.75,0.04,4,7100,买盘
1381,09:55:15,17.71,--,12,21252,卖盘
1382,09:55:10,17.71,-0.05,25,44275,卖盘
1383,09:55:06,17.76,--,47,83472,卖盘
1384,09:55:00,17.76,--,22,39072,卖盘
1385,09:54:50,17.76,0.05,32,56832,买盘
1386,09:54:45,17.71,--,0,0,卖盘
1387,09:54:35,17.71,-0.02,2,3542,卖盘
1388,09:54:30,17.73,--,2,3546,卖盘
1389,09:54:20,17.73,-0.06,2,3546,卖盘
1390,09:54:05,17.79,--,0,0,买盘
1391,09:54:00,17.79,-0.01,23,40917,卖盘
1392,09:53:50,17.8,0.01,4,7120,买盘
1393,09:53:45,17.79,0.08,27,48033,买盘
1394,09:53:39,17.71,--,29,51359,卖盘
1395,09:53:30,17.71,--,0,0,卖盘
1396,09:53:15,17.71,-0.09,7,12397,卖盘
1397,09:53:09,17.8,--,4,7120,买盘
1398,09:53:05,17.8,--,12,21360,买盘
1399,09:53:00,17.8,--,1,1780,买盘
1400,09:52:45,17.8,-0.03,25,44500,卖盘
1401,09:52:35,17.83,0.08,43,76668,买盘
1402,09:52:30,17.75,0.04,15,26625,买盘
1403,09:52:20,17.71,-0.03,9,15939,卖盘
1404,09:52:09,17.74,--,0,0,买盘
1405,09:52:05,17.74,0.04,10,17740,买盘
1406,09:51:59,17.7,--,111,196470,卖盘
1407,09:51:54,17.7,--,0,0,卖盘
1408,09:51:39,17.7,--,2,3540,卖盘
1409,09:51:35,17.7,-0.04,1,1770,卖盘
1410,09:51:29,17.74,--,4,7095,买盘
1411,09:51:24,17.74,0.04,5,8870,买盘
1412,09:51:14,17.7,--,1,1770,卖盘
1413,09:51:05,17.7,--,0,0,卖盘
1414,09:50:59,17.7,--,5,8850,卖盘
1415,09:50:54,17.7,0.01,5,8850,买盘
1416,09:50:50,17.69,-0.01,1,1769,卖盘
1417,09:50:39,17.7,-0.05,5,8850,卖盘
1418,09:50:29,17.75,0.05,4,7100,买盘
1419,09:50:24,17.7,--,1,1770,卖盘
1420,09:50:20,17.7,--,2,3540,卖盘
1421,09:50:14,17.7,-0.05,1,1770,卖盘
1422,09:49:59,17.75,0.05,3,5325,买盘
1423,09:49:54,17.7,-0.05,92,163760,卖盘
1424,09:49:50,17.75,--,1,1775,卖盘
1425,09:49:44,17.75,--,2,3550,卖盘
1426,09:49:29,17.75,-0.01,1,1775,卖盘
1427,09:49:24,17.76,--,2,3552,买盘
1428,09:49:20,17.76,--,41,72816,买盘
1429,09:49:09,17.76,--,171,304548,卖盘
1430,09:49:05,17.76,-0.03,10,17760,卖盘
1431,09:48:59,17.79,-0.03,20,35580,买盘
1432,09:48:54,17.82,--,0,0,买盘
1433,09:48:39,17.82,--,0,0,买盘
1434,09:48:34,17.82,0.02,8,14256,买盘
1435,09:48:29,17.8,--,62,110360,买盘
1436,09:48:19,17.8,-0.03,1,1780,中性盘
1437,09:48:14,17.83,0.07,25,44574,买盘
1438,09:48:09,17.76,-0.07,36,63936,卖盘
1439,09:48:04,17.83,-0.03,1,1782,买盘
1440,09:47:54,17.86,0.05,113,201818,买盘
1441,09:47:48,17.81,-0.03,54,96174,卖盘
1442,09:47:44,17.84,0.01,23,41032,买盘
1443,09:47:33,17.83,--,0,0,卖盘
1444,09:47:29,17.83,0.02,10,17830,卖盘
1445,09:47:24,17.81,--,2,3561,卖盘
1446,09:47:14,17.81,-0.02,13,23153,卖盘
1447,09:47:09,17.83,-0.05,24,42791,买盘
1448,09:47:03,17.88,0.07,171,305748,买盘
1449,09:46:59,17.81,-0.01,20,35620,卖盘
1450,09:46:54,17.82,--,4,7128,卖盘
1451,09:46:48,17.82,--,115,204930,卖盘
1452,09:46:39,17.82,--,36,64152,卖盘
1453,09:46:33,17.82,--,33,59732,买盘
1454,09:46:29,17.82,0.02,113,201366,买盘
1455,09:46:18,17.8,0.04,13,23140,卖盘
1456,09:46:14,17.76,--,0,0,卖盘
1457,09:46:09,17.76,0.01,25,44400,卖盘
1458,09:45:59,17.75,--,0,0,卖盘
1459,09:45:54,17.75,--,2,3550,卖盘
1460,09:45:48,17.75,--,0,0,卖盘
1461,09:45:44,17.75,-0.07,1,1775,卖盘
1462,09:45:33,17.82,--,2,3564,买盘
1463,09:45:23,17.82,--,0,0,买盘
1464,09:45:18,17.82,0.07,169,301158,买盘
1465,09:45:14,17.75,--,20,35500,买盘
1466,09:45:08,17.75,--,9,15975,买盘
1467,09:44:59,17.75,--,25,44375,买盘
1468,09:44:44,17.75,--,6,10650,买盘
1469,09:44:29,17.75,0.09,113,200575,买盘
1470,09:44:14,17.66,--,23,40618,买盘
1471,09:44:08,17.66,-0.09,4,7064,卖盘
1472,09:44:03,17.75,--,5,8875,中性盘
1473,09:43:59,17.75,--,6,10650,买盘
1474,09:43:53,17.75,--,8,14200,买盘
1475,09:43:48,17.75,0.13,14,24850,买盘
1476,09:43:44,17.62,-0.14,147,259014,卖盘
1477,09:43:29,17.76,--,0,0,买盘
1478,09:43:14,17.76,-0.01,4,7104,买盘
1479,09:43:08,17.77,--,0,0,买盘
1480,09:42:59,17.77,0.14,17,30209,买盘
1481,09:42:44,17.63,-0.06,17,29971,卖盘
1482,09:42:38,17.69,0.06,1,1769,卖盘
1483,09:42:33,17.63,0.01,4,7052,卖盘
1484,09:42:29,17.62,-0.01,173,304826,卖盘
1485,09:42:23,17.63,-0.15,5,8815,买盘
1486,09:42:18,17.78,0.1,113,200914,买盘
1487,09:42:13,17.68,0.03,3,5304,买盘
1488,09:42:08,17.65,-0.03,21,37065,中性盘
1489,09:42:03,17.68,0.02,13,22984,买盘
1490,09:41:38,17.66,0.01,5,8830,中性盘
1491,09:41:33,17.65,-0.02,25,44125,卖盘
1492,09:41:23,17.67,--,18,31806,买盘
1493,09:41:18,17.67,0.01,43,75981,买盘
1494,09:41:08,17.66,-0.01,2,3532,卖盘
1495,09:41:03,17.67,--,13,22971,买盘
1496,09:40:58,17.67,0.02,23,40641,买盘
1497,09:40:53,17.65,0.04,17,30004,卖盘
1498,09:40:48,17.61,-0.05,28,49308,卖盘
1499,09:40:38,17.66,--,3,5298,买盘
1500,09:40:33,17.66,--,10,17660,买盘
1501,09:40:23,17.66,-0.01,8,14128,买盘
1502,09:40:18,17.67,--,0,0,买盘
1503,09:40:12,17.67,0.01,209,369303,买盘
1504,09:40:08,17.66,0.01,5,8830,买盘
1505,09:39:48,17.65,0.03,20,35300,买盘
1506,09:39:42,17.62,0.01,2,3524,买盘
1507,09:39:33,17.61,-0.01,27,47547,买盘
1508,09:39:23,17.62,-0.04,3,5286,卖盘
1509,09:39:18,17.66,0.04,3,5298,买盘
1510,09:39:12,17.62,0.04,5,8810,卖盘
1511,09:39:08,17.58,--,0,0,卖盘
1512,09:39:03,17.58,-0.01,105,184589,卖盘
1513,09:38:53,17.59,--,2,3518,卖盘
1514,09:38:38,17.59,-0.01,58,102022,卖盘
1515,09:38:32,17.6,-0.02,33,58080,买盘
1516,09:38:27,17.62,0.03,8,14096,买盘
1517,09:38:17,17.59,--,10,17590,卖盘
1518,09:38:02,17.59,--,22,38698,卖盘
1519,09:37:53,17.59,--,2,3518,买盘
1520,09:37:42,17.59,--,21,36939,买盘
1521,09:37:38,17.59,-0.01,15,26385,卖盘
1522,09:37:23,17.6,--,12,21120,买盘
1523,09:37:17,17.6,--,15,26400,买盘
1524,09:37:08,17.6,--,27,47520,卖盘
1525,09:37:02,17.6,--,37,65120,卖盘
1526,09:36:57,17.6,--,1,1760,卖盘
1527,09:36:53,17.6,--,118,207680,卖盘
1528,09:36:47,17.6,--,14,24640,卖盘
1529,09:36:38,17.6,--,20,35200,卖盘
1530,09:36:32,17.6,0.05,12,21120,卖盘
1531,09:36:27,17.55,-0.04,50,87750,卖盘
1532,09:36:23,17.59,-0.01,29,51011,卖盘
1533,09:36:17,17.6,0.01,70,123200,买盘
1534,09:36:12,17.59,-0.01,3,5277,卖盘
1535,09:36:08,17.6,-0.03,16,28160,买盘
1536,09:36:02,17.63,-0.01,5,8815,中性盘
1537,09:35:57,17.64,0.05,145,255780,买盘
1538,09:35:53,17.59,-0.05,67,117853,卖盘
1539,09:35:47,17.64,--,2,3528,买盘
1540,09:35:42,17.64,-0.03,5,8820,卖盘
1541,09:35:37,17.67,--,12,21204,买盘
1542,09:35:32,17.67,-0.01,15,26505,中性盘
1543,09:35:22,17.68,--,6,10608,买盘
1544,09:35:17,17.68,--,152,268736,买盘
1545,09:35:12,17.68,--,3,5304,买盘
1546,09:35:07,17.68,--,60,106080,买盘
1547,09:35:02,17.68,-0.01,10,17680,卖盘
1548,09:34:57,17.69,0.01,109,192821,买盘
1549,09:34:52,17.68,--,2,3536,卖盘
1550,09:34:47,17.68,0.07,19,33592,买盘
1551,09:34:32,17.61,-0.06,45,79245,卖盘
1552,09:34:27,17.67,0.04,11,19437,买盘
1553,09:34:22,17.63,--,0,0,买盘
1554,09:34:17,17.63,--,119,209797,买盘
1555,09:34:12,17.63,--,34,59942,买盘
1556,09:34:07,17.63,--,106,186878,买盘
1557,09:34:02,17.63,--,56,98728,卖盘
1558,09:33:47,17.63,0.03,55,96965,中性盘
1559,09:33:42,17.6,-0.03,29,51040,卖盘
1560,09:33:32,17.63,--,4,7052,买盘
1561,09:33:22,17.63,--,105,185115,买盘
1562,09:33:17,17.63,--,30,52890,买盘
1563,09:33:12,17.63,-0.05,37,65230,卖盘
1564,09:33:06,17.68,--,173,305864,买盘
1565,09:32:51,17.68,0.05,4,7072,买盘
1566,09:32:42,17.63,-0.05,27,47601,卖盘
1567,09:32:32,17.68,0.04,15,26520,买盘
1568,09:32:26,17.64,0.03,7,12348,买盘
1569,09:32:21,17.61,-0.03,13,22893,卖盘
1570,09:32:17,17.64,--,2,3528,买盘
1571,09:32:11,17.64,--,0,0,买盘
1572,09:32:02,17.64,0.04,6,10584,买盘
1573,09:31:51,17.6,--,2,3520,卖盘
1574,09:31:47,17.6,--,67,117920,买盘
1575,09:31:41,17.6,--,5,8800,买盘
1576,09:31:36,17.6,--,18,31680,买盘
1577,09:31:26,17.6,-0.08,12,21120,卖盘
1578,09:31:21,17.68,0.02,1,1768,买盘
1579,09:31:17,17.66,0.02,38,67108,买盘
1580,09:31:11,17.64,--,5,8820,卖盘
1581,09:31:06,17.64,--,0,0,中性盘
1582,09:31:02,17.64,-0.02,1,1764,买盘
1583,09:30:51,17.66,0.01,29,51214,卖盘
1584,09:30:47,17.65,0.1,22,38830,买盘
1585,09:30:41,17.55,-0.05,5,8775,卖盘
1586,09:30:36,17.6,--,2,3520,买盘
1587,09:30:32,17.6,--,3,5280,买盘
1588,09:30:26,17.6,--,5,8800,买盘
1589,09:30:21,17.6,0.06,2,3520,买盘
1590,09:30:17,17.54,0.06,13,22802,买盘
1591,09:30:11,17.48,-0.02,85,148580,卖盘
1592,09:30:06,17.5,--,396,693000,买盘
1593,09:30:01,17.5,--,52,91000,买盘
1594,09:28:52,17.5,--,0,0,买盘
1595,09:25:05,17.5,17.5,1069,1870750,买盘
