,time,price,change,volume,amount,type
0,15:00:00,3.72,--,0,0,卖盘
1,14:59:59,3.72,--,0,0,卖盘
2,14:59:56,3.72,-0.01,159,59148,卖盘
3,14:59:51,3.73,0.01,328,122344,买盘
4,14:59:47,3.72,--,1027,382044,卖盘
5,14:59:41,3.72,--,260,96720,卖盘
6,14:59:38,3.72,-0.01,175,65100,卖盘
7,14:59:32,3.73,--,1151,429323,买盘
8,14:59:26,3.73,0.01,545,203285,买盘
9,14:59:22,3.72,--,69,25668,卖盘
10,14:59:17,3.72,--,140,52080,卖盘
11,14:59:11,3.72,--,53,19716,卖盘
12,14:59:05,3.72,--,544,202368,卖盘
13,14:59:02,3.72,--,430,159960,卖盘
14,14:58:56,3.72,--,47,17484,卖盘
15,14:58:52,3.72,--,20,7440,卖盘
16,14:58:47,3.72,--,233,86676,卖盘
17,14:58:41,3.72,--,244,90768,卖盘
18,14:58:36,3.72,--,130,48360,卖盘
19,14:58:32,3.72,--,105,39060,卖盘
20,14:58:26,3.72,--,285,106020,卖盘
21,14:58:22,3.72,--,10,3720,卖盘
22,14:58:17,3.72,-0.01,43,15996,卖盘
23,14:58:11,3.73,0.01,44,16412,买盘
24,14:58:07,3.72,--,11,4092,卖盘
25,14:58:02,3.72,-0.01,39,14508,卖盘
26,14:57:56,3.73,0.01,204,76092,买盘
27,14:57:50,3.72,--,10,3720,卖盘
28,14:57:47,3.72,-0.01,323,120156,卖盘
29,14:57:41,3.73,0.01,6,2238,买盘
30,14:57:32,3.72,-0.01,600,223200,卖盘
31,14:57:26,3.73,--,1,373,买盘
32,14:57:11,3.73,--,30,11190,买盘
33,14:56:56,3.73,0.01,87,32451,买盘
34,14:56:50,3.72,--,3063,1139436,卖盘
35,14:56:47,3.72,-0.01,198,73656,卖盘
36,14:56:41,3.73,0.01,1,373,买盘
37,14:56:35,3.72,--,147,54684,卖盘
38,14:56:32,3.72,--,49,18228,卖盘
39,14:56:17,3.72,-0.01,3,1116,卖盘
40,14:56:11,3.73,--,157,58561,买盘
41,14:56:05,3.73,--,52,19396,买盘
42,14:56:02,3.73,--,408,152184,买盘
43,14:55:56,3.73,--,207,77211,买盘
44,14:55:50,3.73,--,51,19023,买盘
45,14:55:47,3.73,0.01,106,39538,买盘
46,14:55:41,3.72,-0.01,152,56544,卖盘
47,14:55:35,3.73,0.01,147,54831,买盘
48,14:55:32,3.72,--,45,16740,卖盘
49,14:55:26,3.72,--,315,117180,卖盘
50,14:55:11,3.72,-0.01,39,14508,卖盘
51,14:55:05,3.73,0.01,146,54458,买盘
52,14:54:56,3.72,-0.01,20,7440,卖盘
53,14:54:47,3.73,0.01,114,42522,买盘
54,14:54:41,3.72,--,325,120900,买盘
55,14:54:35,3.72,--,60,22320,买盘
56,14:54:32,3.72,0.01,21,7812,买盘
57,14:54:26,3.71,-0.01,212,78652,卖盘
58,14:54:17,3.72,0.01,412,153264,买盘
59,14:54:11,3.71,-0.01,720,267120,卖盘
60,14:54:05,3.72,--,575,213900,买盘
61,14:54:02,3.72,--,48,17856,买盘
62,14:53:56,3.72,--,45,16740,买盘
63,14:53:50,3.72,--,113,42036,买盘
64,14:53:47,3.72,--,1373,510756,买盘
65,14:53:41,3.72,--,1312,488064,买盘
66,14:53:35,3.72,--,127,47244,买盘
67,14:53:32,3.72,0.01,681,253332,买盘
68,14:53:26,3.71,--,233,86443,卖盘
69,14:53:20,3.71,-0.01,3518,1305178,卖盘
70,14:53:17,3.72,--,976,363072,买盘
71,14:53:11,3.72,--,151,56172,买盘
72,14:53:05,3.72,--,987,367164,买盘
73,14:52:59,3.72,0.01,642,238824,买盘
74,14:52:56,3.71,-0.01,305,113155,卖盘
75,14:52:50,3.72,--,170,63240,买盘
76,14:52:41,3.72,0.01,166,61752,买盘
77,14:52:35,3.71,--,772,286412,卖盘
78,14:52:26,3.71,--,15,5565,卖盘
79,14:52:20,3.71,-0.01,264,97944,卖盘
80,14:52:16,3.72,--,170,63240,买盘
81,14:52:11,3.72,--,983,365676,买盘
82,14:52:05,3.72,--,132,49104,买盘
83,14:52:00,3.72,--,322,119784,买盘
84,14:51:56,3.72,--,43,15996,买盘
85,14:51:50,3.72,--,183,68076,买盘
86,14:51:45,3.72,--,5,1860,买盘
87,14:51:41,3.72,--,557,207204,买盘
88,14:51:35,3.72,--,216,80352,买盘
89,14:51:31,3.72,--,166,61752,买盘
90,14:51:26,3.72,--,825,306900,买盘
91,14:51:20,3.72,--,240,89280,买盘
92,14:51:16,3.72,--,249,92628,买盘
93,14:51:11,3.72,--,933,347076,买盘
94,14:51:05,3.72,--,344,127968,买盘
95,14:50:59,3.72,--,231,85932,买盘
96,14:50:56,3.72,--,26,9672,买盘
97,14:50:50,3.72,0.01,105,39060,买盘
98,14:50:44,3.71,--,76,28196,卖盘
99,14:50:41,3.71,-0.01,62,23002,卖盘
100,14:50:35,3.72,--,2112,785664,买盘
101,14:50:29,3.72,--,27,10044,买盘
102,14:50:26,3.72,--,1610,598920,买盘
103,14:50:20,3.72,0.01,72,26784,买盘
104,14:50:14,3.71,-0.01,262,97202,卖盘
105,14:50:11,3.72,--,350,130200,买盘
106,14:49:59,3.72,0.01,296,110112,买盘
107,14:49:50,3.71,--,8,2968,卖盘
108,14:49:44,3.71,--,1989,737919,卖盘
109,14:49:35,3.71,-0.01,31,11501,卖盘
110,14:49:29,3.72,--,74,27528,买盘
111,14:49:26,3.72,0.01,589,219108,买盘
112,14:49:20,3.71,-0.01,105,38955,卖盘
113,14:49:14,3.72,--,10,3720,买盘
114,14:49:11,3.72,--,305,113460,买盘
115,14:49:05,3.72,--,74,27528,买盘
116,14:48:59,3.72,--,53,19716,买盘
117,14:48:56,3.72,--,10,3720,买盘
118,14:48:50,3.72,0.01,514,191208,买盘
119,14:48:44,3.71,-0.01,127,47117,卖盘
120,14:48:35,3.72,--,32,11904,买盘
121,14:48:29,3.72,0.01,15,5580,买盘
122,14:48:26,3.71,-0.01,69,25747,卖盘
123,14:48:14,3.72,--,1,372,买盘
124,14:48:11,3.72,0.01,114,42408,买盘
125,14:48:05,3.71,--,115,42665,卖盘
126,14:47:59,3.71,--,5,1855,卖盘
127,14:47:56,3.71,--,185,68635,卖盘
128,14:47:50,3.71,-0.01,111,41181,卖盘
129,14:47:44,3.72,0.01,5,1860,买盘
130,14:47:41,3.71,--,13,4823,卖盘
131,14:47:29,3.71,-0.01,102,37842,卖盘
132,14:47:26,3.72,0.01,510,189720,买盘
133,14:47:20,3.71,-0.01,504,186984,卖盘
134,14:47:14,3.72,0.01,2,744,买盘
135,14:47:11,3.71,-0.01,385,142835,卖盘
136,14:47:05,3.72,--,307,114204,买盘
137,14:46:56,3.72,0.01,671,249612,买盘
138,14:46:50,3.71,--,474,175854,卖盘
139,14:46:41,3.71,-0.01,362,134302,卖盘
140,14:46:35,3.72,0.01,32,11904,买盘
141,14:46:29,3.71,--,100,37100,卖盘
142,14:46:26,3.71,-0.01,15,5565,卖盘
143,14:46:20,3.72,0.01,708,263376,买盘
144,14:46:14,3.71,-0.01,510,189210,卖盘
145,14:46:05,3.72,--,554,206088,买盘
146,14:45:59,3.72,--,165,61380,买盘
147,14:45:50,3.72,0.01,200,74400,买盘
148,14:45:44,3.71,-0.01,135,50085,卖盘
149,14:45:35,3.72,0.01,25,9300,买盘
150,14:45:29,3.71,--,1942,720482,卖盘
151,14:45:25,3.71,--,90,33390,卖盘
152,14:45:20,3.71,-0.01,48,17808,卖盘
153,14:45:14,3.72,0.01,505,187860,买盘
154,14:45:10,3.71,-0.01,16,5936,卖盘
155,14:45:05,3.72,0.01,31,11777,买盘
156,14:44:59,3.71,-0.01,177,65667,卖盘
157,14:44:55,3.72,0.01,969,360468,买盘
158,14:44:50,3.71,-0.01,23,8533,卖盘
159,14:44:43,3.72,--,51,18972,买盘
160,14:44:40,3.72,--,50,18600,买盘
161,14:44:35,3.72,--,274,101928,买盘
162,14:44:29,3.72,--,613,228036,买盘
163,14:44:23,3.72,0.01,77,28644,买盘
164,14:44:20,3.71,-0.01,33,12243,卖盘
165,14:44:14,3.72,--,15,5580,买盘
166,14:44:09,3.72,--,350,130200,买盘
167,14:44:05,3.72,--,215,79980,买盘
168,14:43:55,3.72,0.01,174,64728,买盘
169,14:43:50,3.71,-0.01,176,65296,卖盘
170,14:43:43,3.72,0.01,205,76260,买盘
171,14:43:35,3.71,--,205,76055,卖盘
172,14:43:29,3.71,--,268,99428,卖盘
173,14:43:20,3.71,-0.01,71,26341,卖盘
174,14:43:07,3.72,0.01,20,7440,买盘
175,14:43:04,3.71,--,248,92008,卖盘
176,14:42:59,3.71,--,125,46375,卖盘
177,14:42:53,3.71,-0.01,10,3710,卖盘
178,14:42:49,3.72,0.01,115,42780,买盘
179,14:42:44,3.71,-0.01,123,45633,卖盘
180,14:42:38,3.72,0.01,27,10044,买盘
181,14:42:35,3.71,--,100,37100,卖盘
182,14:42:29,3.71,-0.01,17,6307,卖盘
183,14:42:23,3.72,0.01,75,27900,买盘
184,14:42:20,3.71,--,287,106477,卖盘
185,14:42:14,3.71,-0.01,329,122059,卖盘
186,14:42:08,3.72,0.01,421,156612,买盘
187,14:41:59,3.71,--,162,60102,卖盘
188,14:41:50,3.71,-0.01,183,67893,卖盘
189,14:41:43,3.72,0.01,268,99696,买盘
190,14:41:38,3.71,--,103,38213,卖盘
191,14:41:35,3.71,--,97,35987,卖盘
192,14:41:29,3.71,--,267,99398,卖盘
193,14:41:19,3.71,-0.01,440,163240,卖盘
194,14:41:14,3.72,0.01,134,49848,买盘
195,14:41:08,3.71,--,20,7420,卖盘
196,14:40:59,3.71,--,9,3339,卖盘
197,14:40:53,3.71,--,54,20034,卖盘
198,14:40:49,3.71,--,153,56763,卖盘
199,14:40:44,3.71,-0.01,65,24115,卖盘
200,14:40:37,3.72,0.01,25,9300,买盘
201,14:40:35,3.71,-0.01,139,51569,卖盘
202,14:40:29,3.72,0.01,104,38688,买盘
203,14:40:22,3.71,-0.01,51,18921,卖盘
204,14:40:19,3.72,0.01,11,4092,买盘
205,14:40:13,3.71,--,30,11130,卖盘
206,14:40:05,3.71,--,1202,445942,卖盘
207,14:39:58,3.71,-0.01,133,49343,卖盘
208,14:39:52,3.72,0.01,1,372,买盘
209,14:39:49,3.71,-0.01,140,51940,卖盘
210,14:39:43,3.72,0.01,262,97464,买盘
211,14:39:34,3.71,--,23,8533,卖盘
212,14:39:23,3.71,--,66,24486,卖盘
213,14:39:14,3.71,--,13,4823,卖盘
214,14:39:07,3.71,--,166,61586,卖盘
215,14:38:52,3.71,--,34,12614,卖盘
216,14:38:47,3.71,--,71,26341,卖盘
217,14:38:43,3.71,--,182,67522,卖盘
218,14:38:37,3.71,--,104,38584,卖盘
219,14:38:33,3.71,--,16,5936,卖盘
220,14:38:28,3.71,--,54,20034,卖盘
221,14:38:22,3.71,--,194,71974,卖盘
222,14:38:17,3.71,--,110,40810,卖盘
223,14:38:13,3.71,-0.01,20,7420,卖盘
224,14:38:07,3.72,0.01,228,84816,买盘
225,14:38:02,3.71,--,6,2226,卖盘
226,14:37:58,3.71,-0.01,181,67151,卖盘
227,14:37:53,3.72,0.01,154,57288,买盘
228,14:37:44,3.71,-0.01,524,194404,卖盘
229,14:37:37,3.72,0.01,808,300576,买盘
230,14:37:32,3.71,-0.01,8,2968,卖盘
231,14:37:29,3.72,0.01,2,744,买盘
232,14:37:22,3.71,--,922,342062,卖盘
233,14:37:07,3.71,--,265,98315,卖盘
234,14:37:03,3.71,--,100,37100,卖盘
235,14:36:59,3.71,--,190,70490,卖盘
236,14:36:52,3.71,--,10,3710,卖盘
237,14:36:46,3.71,--,17,6307,卖盘
238,14:36:43,3.71,--,50,18550,卖盘
239,14:36:37,3.71,--,66,24486,卖盘
240,14:36:31,3.71,-0.01,1000,371000,卖盘
241,14:36:28,3.72,0.01,114,42408,买盘
242,14:36:22,3.71,--,19,7049,卖盘
243,14:36:13,3.71,-0.01,156,57876,卖盘
244,14:36:08,3.72,0.01,215,79980,买盘
245,14:36:01,3.71,-0.01,515,191065,卖盘
246,14:35:58,3.72,0.01,1,372,买盘
247,14:35:52,3.71,-0.01,43,15953,卖盘
248,14:35:43,3.72,--,4,1488,买盘
249,14:35:38,3.72,0.01,15,5580,买盘
250,14:35:28,3.71,--,41,15211,卖盘
251,14:35:22,3.71,--,106,39326,卖盘
252,14:35:13,3.71,--,55,20405,卖盘
253,14:34:58,3.71,--,216,80136,卖盘
254,14:34:47,3.71,--,44,16324,卖盘
255,14:34:43,3.71,--,79,29309,卖盘
256,14:34:38,3.71,--,21,7791,卖盘
257,14:34:28,3.71,-0.01,461,171031,卖盘
258,14:34:22,3.72,0.01,41,15252,买盘
259,14:34:17,3.71,-0.01,9,3339,卖盘
260,14:34:13,3.72,0.01,164,61008,买盘
261,14:34:08,3.71,--,386,143206,卖盘
262,14:34:01,3.71,-0.01,9,3339,卖盘
263,14:33:58,3.72,0.01,16,5952,买盘
264,14:33:46,3.71,--,71,26341,卖盘
265,14:33:43,3.71,--,30,11130,卖盘
266,14:33:37,3.71,--,105,38955,卖盘
267,14:33:32,3.71,--,60,22260,卖盘
268,14:33:22,3.71,--,44,16324,卖盘
269,14:33:16,3.71,--,315,116865,卖盘
270,14:33:13,3.71,--,5,1855,卖盘
271,14:33:08,3.71,--,10,3710,卖盘
272,14:33:02,3.71,--,5,1855,卖盘
273,14:32:58,3.71,--,182,67522,卖盘
274,14:32:53,3.71,--,96,35616,卖盘
275,14:32:47,3.71,--,1646,610666,卖盘
276,14:32:43,3.71,--,30,11130,卖盘
277,14:32:38,3.71,-0.01,23,8533,卖盘
278,14:32:32,3.72,0.01,150,55800,买盘
279,14:32:22,3.71,--,226,83846,卖盘
280,14:32:17,3.71,--,33,12243,卖盘
281,14:32:07,3.71,-0.01,20,7420,卖盘
282,14:32:02,3.72,--,96,35712,买盘
283,14:31:53,3.72,0.01,10,3720,买盘
284,14:31:46,3.71,--,3,1113,卖盘
285,14:31:42,3.71,--,90,33390,卖盘
286,14:31:37,3.71,--,26,9646,卖盘
287,14:31:32,3.71,--,9,3339,卖盘
288,14:31:27,3.71,--,303,112413,卖盘
289,14:31:22,3.71,-0.01,6,2226,卖盘
290,14:31:17,3.72,0.01,33,12276,买盘
291,14:31:02,3.71,--,68,25228,卖盘
292,14:30:58,3.71,--,55,20405,卖盘
293,14:30:53,3.71,-0.01,69,25599,卖盘
294,14:30:47,3.72,--,408,151776,买盘
295,14:30:38,3.72,0.01,1381,513732,买盘
296,14:30:31,3.71,--,559,207389,卖盘
297,14:30:25,3.71,--,54,20034,卖盘
298,14:30:22,3.71,--,173,64183,卖盘
299,14:30:17,3.71,-0.01,486,180306,卖盘
300,14:30:13,3.72,0.01,56,20832,买盘
301,14:30:08,3.71,--,170,63070,卖盘
302,14:29:37,3.71,--,27,10017,卖盘
303,14:29:25,3.71,-0.01,50,18550,卖盘
304,14:29:22,3.72,--,19,7068,买盘
305,14:29:16,3.72,--,18,6696,买盘
306,14:29:10,3.72,0.01,2,744,买盘
307,14:29:07,3.71,--,990,367290,卖盘
308,14:29:01,3.71,--,30,11130,卖盘
309,14:28:55,3.71,-0.01,99,36729,卖盘
310,14:28:46,3.72,0.01,8,2976,买盘
311,14:28:37,3.71,--,20,7420,卖盘
312,14:28:22,3.71,-0.01,30,11130,卖盘
313,14:28:16,3.72,--,546,203112,买盘
314,14:28:07,3.72,0.01,28,10416,买盘
315,14:28:01,3.71,-0.01,28,10491,卖盘
316,14:27:52,3.72,0.01,159,59148,买盘
317,14:27:37,3.71,-0.01,43,16038,卖盘
318,14:27:22,3.72,0.01,1046,389298,买盘
319,14:27:16,3.71,-0.01,458,170003,卖盘
320,14:27:07,3.72,0.01,710,264120,买盘
321,14:27:01,3.71,--,43,16038,卖盘
322,14:26:52,3.71,--,157,58247,卖盘
323,14:26:46,3.71,-0.01,9,3339,卖盘
324,14:26:40,3.72,0.01,5,1860,买盘
325,14:26:37,3.71,--,163,60558,卖盘
326,14:26:31,3.71,-0.01,20,7420,卖盘
327,14:26:25,3.72,0.01,10,3720,买盘
328,14:26:22,3.71,-0.01,33,12243,卖盘
329,14:26:16,3.72,--,39,14593,买盘
330,14:26:10,3.72,0.01,26,9672,买盘
331,14:26:07,3.71,--,198,73458,卖盘
332,14:26:01,3.71,--,28,10473,卖盘
333,14:25:52,3.71,-0.01,284,105364,卖盘
334,14:25:46,3.72,0.01,1,372,买盘
335,14:25:40,3.71,--,15,5565,卖盘
336,14:25:37,3.71,--,28,10473,卖盘
337,14:25:32,3.71,-0.01,71,26341,卖盘
338,14:25:22,3.72,0.01,16,5952,买盘
339,14:25:16,3.71,--,165,61300,卖盘
340,14:25:10,3.71,-0.01,90,33390,卖盘
341,14:25:04,3.72,0.01,112,41664,买盘
342,14:25:01,3.71,-0.01,147,54581,卖盘
343,14:24:46,3.72,0.01,68,25296,买盘
344,14:24:40,3.71,-0.01,50,18635,卖盘
345,14:24:36,3.72,--,3,1116,买盘
346,14:24:31,3.72,0.01,113,42036,买盘
347,14:24:16,3.71,--,70,26140,卖盘
348,14:23:55,3.71,-0.01,972,360612,卖盘
349,14:23:50,3.72,--,237,88420,买盘
350,14:23:46,3.72,--,1562,581179,卖盘
351,14:23:40,3.72,--,48,17941,卖盘
352,14:23:31,3.72,--,422,156984,卖盘
353,14:23:26,3.72,--,26,9672,卖盘
354,14:23:21,3.72,--,314,116808,卖盘
355,14:23:16,3.72,--,28,10501,卖盘
356,14:23:10,3.72,--,460,171120,卖盘
357,14:23:01,3.72,--,28,10501,卖盘
358,14:22:46,3.72,--,8,2976,卖盘
359,14:22:40,3.72,--,48,17941,卖盘
360,14:22:34,3.72,--,8,2976,卖盘
361,14:22:31,3.72,--,749,278933,买盘
362,14:22:25,3.72,--,12,4464,买盘
363,14:22:19,3.72,--,2,744,买盘
364,14:22:16,3.72,--,105,39145,买盘
365,14:22:11,3.72,0.01,30,11160,买盘
366,14:22:01,3.71,--,118,43863,卖盘
367,14:21:55,3.71,-0.01,5,1855,卖盘
368,14:21:46,3.72,--,369,137268,买盘
369,14:21:41,3.72,0.01,381,141817,买盘
370,14:21:34,3.71,-0.01,7,2597,卖盘
371,14:21:31,3.72,--,64,23808,买盘
372,14:21:26,3.72,--,604,224688,买盘
373,14:21:19,3.72,0.01,100,37200,买盘
374,14:21:16,3.71,-0.01,48,17893,卖盘
375,14:21:10,3.72,--,137,50964,买盘
376,14:21:04,3.72,0.01,20,7440,买盘
377,14:21:01,3.71,-0.01,382,141807,卖盘
378,14:20:56,3.72,0.01,15,5580,买盘
379,14:20:46,3.71,--,229,84959,卖盘
380,14:20:40,3.71,-0.01,98,36443,卖盘
381,14:20:31,3.72,0.01,185,68820,买盘
382,14:20:25,3.71,-0.01,5,1855,卖盘
383,14:20:19,3.72,0.01,100,37200,买盘
384,14:20:16,3.71,--,52,19377,卖盘
385,14:20:10,3.71,--,16,5936,卖盘
386,14:20:04,3.71,-0.01,4,1484,卖盘
387,14:20:01,3.72,--,109,40633,买盘
388,14:19:55,3.72,--,315,117180,买盘
389,14:19:49,3.72,0.01,30,11160,买盘
390,14:19:40,3.71,--,4848,1798693,卖盘
391,14:19:34,3.71,--,15,5565,卖盘
392,14:19:31,3.71,--,55,20405,卖盘
393,14:19:26,3.71,--,4,1484,卖盘
394,14:19:16,3.71,--,43,16038,卖盘
395,14:19:10,3.71,-0.01,60,22260,卖盘
396,14:19:04,3.72,--,3,1116,买盘
397,14:19:01,3.72,0.01,64,23893,买盘
398,14:18:56,3.71,--,108,40068,卖盘
399,14:18:49,3.71,--,305,113155,卖盘
400,14:18:40,3.71,--,245,90980,卖盘
401,14:18:34,3.71,--,4,1484,卖盘
402,14:18:31,3.71,--,6,2226,卖盘
403,14:18:26,3.71,--,44,16324,卖盘
404,14:18:16,3.71,-0.01,56,20946,卖盘
405,14:18:10,3.72,--,141,52452,买盘
406,14:18:05,3.72,--,60,22320,买盘
407,14:18:00,3.72,--,45,16740,买盘
408,14:17:56,3.72,--,31,11532,买盘
409,14:17:49,3.72,--,562,209130,卖盘
410,14:17:44,3.72,--,271,100812,卖盘
411,14:17:40,3.72,--,160,59605,卖盘
412,14:17:34,3.72,--,30,11160,卖盘
413,14:17:30,3.72,--,282,104904,卖盘
414,14:17:25,3.72,--,280,104160,卖盘
415,14:17:19,3.72,--,230,85645,卖盘
416,14:17:14,3.72,--,30,11160,卖盘
417,14:17:10,3.72,--,230,85560,卖盘
418,14:17:04,3.72,-0.01,61,22692,卖盘
419,14:17:00,3.73,--,49,18362,买盘
420,14:16:55,3.73,0.01,1091,406943,买盘
421,14:16:50,3.72,--,10,3720,卖盘
422,14:16:45,3.72,--,68,25296,卖盘
423,14:16:40,3.72,--,128,47701,卖盘
424,14:16:34,3.72,--,14,5208,卖盘
425,14:16:30,3.72,--,345,128340,卖盘
426,14:16:25,3.72,--,268,99696,卖盘
427,14:16:19,3.72,--,218,81181,卖盘
428,14:16:16,3.72,--,20,7440,卖盘
429,14:16:10,3.72,--,26,9672,卖盘
430,14:16:04,3.72,--,691,257052,卖盘
431,14:16:00,3.72,--,828,308101,卖盘
432,14:15:55,3.72,--,55,20460,卖盘
433,14:15:50,3.72,--,161,59892,卖盘
434,14:15:44,3.72,--,30,11160,卖盘
435,14:15:40,3.72,--,33,12361,卖盘
436,14:15:34,3.72,--,19,7068,卖盘
437,14:15:28,3.72,-0.01,774,287928,卖盘
438,14:15:25,3.73,0.01,163,60799,买盘
439,14:15:13,3.72,-0.01,292,108624,卖盘
440,14:15:10,3.73,--,2,746,买盘
441,14:15:04,3.73,0.01,1090,406570,买盘
442,14:14:58,3.72,--,1027,382118,卖盘
443,14:14:55,3.72,--,19,7068,卖盘
444,14:14:49,3.72,--,854,317688,卖盘
445,14:14:43,3.72,--,42,15624,卖盘
446,14:14:40,3.72,--,610,226920,卖盘
447,14:14:34,3.72,--,54,20088,卖盘
448,14:14:25,3.72,--,130,48360,卖盘
449,14:14:19,3.72,--,540,200880,卖盘
450,14:14:14,3.72,--,1006,374232,卖盘
451,14:14:10,3.72,--,35,13020,卖盘
452,14:14:04,3.72,--,4,1488,卖盘
453,14:13:58,3.72,--,506,188232,卖盘
454,14:13:55,3.72,--,91,33852,卖盘
455,14:13:49,3.72,--,154,57288,卖盘
456,14:13:40,3.72,--,535,199020,卖盘
457,14:13:34,3.72,--,765,284580,卖盘
458,14:13:25,3.72,--,4,1488,卖盘
459,14:13:13,3.72,--,50,18600,卖盘
460,14:13:10,3.72,--,159,59148,卖盘
461,14:13:04,3.72,-0.01,4,1488,卖盘
462,14:12:58,3.73,--,10,3730,买盘
463,14:12:55,3.73,0.01,6,2238,买盘
464,14:12:43,3.72,--,10,3720,卖盘
465,14:12:40,3.72,--,24,8928,卖盘
466,14:12:34,3.72,--,5,1860,卖盘
467,14:12:25,3.72,--,4,1488,卖盘
468,14:12:19,3.72,--,510,189720,卖盘
469,14:12:10,3.72,-0.01,25,9300,卖盘
470,14:12:04,3.73,0.01,170,63410,买盘
471,14:11:58,3.72,-0.01,617,229524,卖盘
472,14:11:55,3.73,0.01,20,7460,买盘
473,14:11:50,3.72,--,30,11160,卖盘
474,14:11:40,3.72,--,21,7812,卖盘
475,14:11:34,3.72,-0.01,4,1488,卖盘
476,14:11:25,3.73,0.01,453,168969,买盘
477,14:11:19,3.72,--,30,11160,卖盘
478,14:11:10,3.72,--,4,1488,卖盘
479,14:11:04,3.72,--,460,171120,卖盘
480,14:10:55,3.72,--,208,77376,卖盘
481,14:10:43,3.72,--,491,182652,卖盘
482,14:10:40,3.72,--,10,3720,卖盘
483,14:10:34,3.72,--,145,53940,卖盘
484,14:10:28,3.72,--,51,18972,卖盘
485,14:10:22,3.72,--,4,1488,卖盘
486,14:10:13,3.72,--,500,186000,卖盘
487,14:10:05,3.72,--,5,1860,卖盘
488,14:09:52,3.72,-0.01,4,1488,卖盘
489,14:09:49,3.73,--,59,22007,买盘
490,14:09:43,3.73,0.01,521,194333,买盘
491,14:09:34,3.72,-0.01,7,2604,卖盘
492,14:09:28,3.73,0.01,3,1119,买盘
493,14:09:22,3.72,--,558,207576,卖盘
494,14:09:13,3.72,-0.01,35,13020,卖盘
495,14:09:04,3.73,--,490,182770,买盘
496,14:08:58,3.73,0.01,20,7460,买盘
497,14:08:52,3.72,--,25,9300,卖盘
498,14:08:43,3.72,-0.01,4,1488,卖盘
499,14:08:37,3.73,0.01,486,181278,买盘
500,14:08:34,3.72,--,17,6324,卖盘
501,14:08:23,3.72,-0.01,4,1488,卖盘
502,14:08:19,3.73,0.01,9,3357,买盘
503,14:08:13,3.72,-0.01,12,4464,卖盘
504,14:08:04,3.73,0.01,509,189857,买盘
505,14:07:52,3.72,--,5,1860,卖盘
506,14:07:43,3.72,-0.01,4,1488,卖盘
507,14:07:37,3.73,--,405,151065,买盘
508,14:07:34,3.73,0.01,20,7460,买盘
509,14:07:28,3.72,--,40,14880,卖盘
510,14:07:19,3.72,--,420,156240,卖盘
511,14:07:13,3.72,--,544,202368,卖盘
512,14:07:04,3.72,--,5,1860,卖盘
513,14:06:49,3.72,-0.01,409,152148,卖盘
514,14:06:43,3.73,0.01,205,76465,买盘
515,14:06:34,3.72,-0.01,5,1860,卖盘
516,14:06:22,3.73,0.01,328,122344,买盘
517,14:06:19,3.72,--,5,1860,卖盘
518,14:06:13,3.72,-0.01,5,1860,卖盘
519,14:06:04,3.73,--,483,180159,买盘
520,14:05:58,3.73,--,324,120852,买盘
521,14:05:52,3.73,0.01,473,176429,买盘
522,14:05:49,3.72,--,398,148056,卖盘
523,14:05:43,3.72,--,8,2976,卖盘
524,14:05:37,3.72,-0.01,169,62868,卖盘
525,14:05:34,3.73,0.01,324,120852,买盘
526,14:05:28,3.72,--,101,37572,卖盘
527,14:05:19,3.72,-0.01,30,11160,卖盘
528,14:05:13,3.73,--,55,20515,买盘
529,14:05:07,3.73,--,324,120852,买盘
530,14:05:04,3.73,0.01,9,3357,买盘
531,14:04:52,3.72,--,33,12276,卖盘
532,14:04:49,3.72,--,139,51708,卖盘
533,14:04:43,3.72,--,412,153264,卖盘
534,14:04:37,3.72,--,38,14136,卖盘
535,14:04:34,3.72,-0.01,26,9672,卖盘
536,14:04:22,3.73,0.01,490,182770,买盘
537,14:04:19,3.72,--,210,78120,卖盘
538,14:04:13,3.72,--,812,302064,卖盘
539,14:04:04,3.72,-0.01,101,37572,卖盘
540,14:03:58,3.73,--,24,8952,买盘
541,14:03:52,3.73,--,36,13428,买盘
542,14:03:49,3.73,0.01,58,21634,买盘
543,14:03:37,3.72,-0.01,100,37200,卖盘
544,14:03:34,3.73,0.01,71,26483,买盘
545,14:03:28,3.72,-0.01,20,7440,卖盘
546,14:03:22,3.73,0.01,100,37300,买盘
547,14:03:13,3.72,--,23,8556,卖盘
548,14:03:07,3.72,--,219,81468,卖盘
549,14:03:01,3.72,--,180,66960,卖盘
550,14:02:58,3.72,-0.01,148,55056,卖盘
551,14:02:52,3.73,0.01,100,37300,买盘
552,14:02:48,3.72,--,1,372,卖盘
553,14:02:43,3.72,--,2505,931860,卖盘
554,14:02:31,3.72,--,20,7440,卖盘
555,14:02:28,3.72,--,2,744,卖盘
556,14:02:22,3.72,--,30,11160,卖盘
557,14:02:17,3.72,--,14,5208,卖盘
558,14:02:07,3.72,-0.01,130,48360,卖盘
559,14:01:58,3.73,0.01,66,24618,买盘
560,14:01:52,3.72,--,53,19716,卖盘
561,14:01:43,3.72,--,24,8928,卖盘
562,14:01:32,3.72,--,5,1860,卖盘
563,14:01:28,3.72,-0.01,399,148428,卖盘
564,14:01:22,3.73,0.01,15,5595,买盘
565,14:01:15,3.72,--,69,25668,卖盘
566,14:01:13,3.72,--,66,24552,卖盘
567,14:01:07,3.72,-0.01,631,234732,卖盘
568,14:01:02,3.73,0.01,131,48863,买盘
569,14:00:52,3.72,--,225,83700,卖盘
570,14:00:48,3.72,--,156,58032,卖盘
571,14:00:43,3.72,--,410,152520,卖盘
572,14:00:37,3.72,--,807,300204,卖盘
573,14:00:33,3.72,--,75,27900,卖盘
574,14:00:28,3.72,--,182,67704,卖盘
575,14:00:22,3.72,--,58,21576,卖盘
576,14:00:13,3.72,--,63,23436,卖盘
577,14:00:01,3.72,-0.01,4,1488,卖盘
578,13:59:58,3.73,0.01,206,76838,买盘
579,13:59:52,3.72,-0.01,5,1860,卖盘
580,13:59:43,3.73,0.01,41,15293,买盘
581,13:59:37,3.72,--,55,20460,卖盘
582,13:59:31,3.72,--,5,1860,卖盘
583,13:59:28,3.72,-0.01,11,4092,卖盘
584,13:59:22,3.73,0.01,6,2238,买盘
585,13:59:12,3.72,--,5,1860,卖盘
586,13:59:01,3.72,-0.01,5,1860,卖盘
587,13:58:57,3.73,0.01,55,20515,买盘
588,13:58:52,3.72,-0.01,4,1488,卖盘
589,13:58:41,3.73,0.01,505,188365,买盘
590,13:58:31,3.72,-0.01,4,1488,卖盘
591,13:58:27,3.73,0.01,10,3730,买盘
592,13:58:22,3.72,-0.01,5,1860,卖盘
593,13:58:16,3.73,--,400,149200,买盘
594,13:58:13,3.73,0.01,220,82060,买盘
595,13:58:01,3.72,--,5,1860,卖盘
596,13:57:57,3.72,--,180,66960,卖盘
597,13:57:52,3.72,-0.01,4,1488,卖盘
598,13:57:46,3.73,0.01,57,21261,买盘
599,13:57:43,3.72,-0.01,10,3720,卖盘
600,13:57:37,3.73,0.01,200,74600,买盘
601,13:57:31,3.72,--,5,1860,卖盘
602,13:57:28,3.72,--,100,37200,卖盘
603,13:57:22,3.72,--,396,147312,卖盘
604,13:57:13,3.72,-0.01,24,8928,卖盘
605,13:57:07,3.73,0.01,19,7087,买盘
606,13:57:01,3.72,-0.01,4,1488,卖盘
607,13:56:58,3.73,0.01,570,212610,买盘
608,13:56:52,3.72,-0.01,5,1860,卖盘
609,13:56:46,3.73,0.01,1,373,买盘
610,13:56:43,3.72,-0.01,55,20460,卖盘
611,13:56:37,3.73,0.01,30,11190,买盘
612,13:56:31,3.72,--,5,1860,卖盘
613,13:56:22,3.72,-0.01,81,30132,卖盘
614,13:56:15,3.73,0.01,10,3730,买盘
615,13:56:13,3.72,-0.01,30,11160,卖盘
616,13:56:07,3.73,--,300,111900,买盘
617,13:56:01,3.73,0.01,99,36927,买盘
618,13:55:52,3.72,--,5,1860,卖盘
619,13:55:42,3.72,-0.01,10,3720,卖盘
620,13:55:37,3.73,0.01,200,74600,买盘
621,13:55:31,3.72,-0.01,36,13392,卖盘
622,13:55:28,3.73,0.01,201,74973,买盘
623,13:55:22,3.72,--,5,1860,卖盘
624,13:55:16,3.72,-0.01,209,77748,卖盘
625,13:55:11,3.73,0.01,100,37300,买盘
626,13:55:06,3.72,--,5,1860,卖盘
627,13:55:01,3.72,-0.01,5,1860,卖盘
628,13:54:57,3.73,0.01,3,1119,买盘
629,13:54:52,3.72,-0.01,4,1488,卖盘
630,13:54:46,3.73,0.01,491,183143,买盘
631,13:54:40,3.72,--,2,744,卖盘
632,13:54:36,3.72,--,5,1860,卖盘
633,13:54:31,3.72,-0.01,4,1488,卖盘
634,13:54:22,3.73,0.01,45,16785,买盘
635,13:54:15,3.72,--,32,11904,卖盘
636,13:54:07,3.72,--,105,39060,卖盘
637,13:53:55,3.72,-0.01,4,1488,卖盘
638,13:53:52,3.73,0.01,1557,580761,买盘
639,13:53:46,3.72,--,30,11160,卖盘
640,13:53:37,3.72,--,22,8184,卖盘
641,13:53:31,3.72,--,399,148428,卖盘
642,13:53:25,3.72,-0.01,5,1860,卖盘
643,13:53:22,3.73,0.01,75,27975,买盘
644,13:53:16,3.72,-0.01,14,5208,卖盘
645,13:53:07,3.73,--,36,13428,买盘
646,13:53:01,3.73,0.01,10,3730,买盘
647,13:52:55,3.72,-0.01,4,1488,卖盘
648,13:52:51,3.73,0.01,66,24618,买盘
649,13:52:46,3.72,-0.01,129,47988,卖盘
650,13:52:37,3.73,0.01,33,12309,买盘
651,13:52:31,3.72,--,5,1860,卖盘
652,13:52:25,3.72,--,5,1860,卖盘
653,13:52:21,3.72,--,50,18600,卖盘
654,13:52:16,3.72,--,13,4836,卖盘
655,13:52:07,3.72,--,5,1860,卖盘
656,13:51:55,3.72,-0.01,4,1488,卖盘
657,13:51:52,3.73,0.01,10,3730,买盘
658,13:51:45,3.72,-0.01,11,4092,卖盘
659,13:51:40,3.73,0.01,22,8206,买盘
660,13:51:36,3.72,--,20,7440,卖盘
661,13:51:25,3.72,-0.01,4,1488,卖盘
662,13:51:22,3.73,0.01,1,373,买盘
663,13:51:16,3.72,--,4,1488,卖盘
664,13:51:07,3.72,--,5,1860,卖盘
665,13:51:01,3.72,--,390,145080,卖盘
666,13:50:54,3.72,--,9,3348,卖盘
667,13:50:46,3.72,--,5,1860,卖盘
668,13:50:36,3.72,--,14,5208,卖盘
669,13:50:31,3.72,--,239,88908,卖盘
670,13:50:25,3.72,-0.01,5,1860,卖盘
671,13:50:16,3.73,--,90,33570,买盘
672,13:50:06,3.73,0.01,78,29094,买盘
673,13:49:54,3.72,--,5,1860,卖盘
674,13:49:46,3.72,--,14,5208,卖盘
675,13:49:36,3.72,--,106,39432,卖盘
676,13:49:31,3.72,--,560,208320,卖盘
677,13:49:25,3.72,-0.01,5,1860,卖盘
678,13:49:21,3.73,--,104,38792,买盘
679,13:49:16,3.73,0.01,159,59307,买盘
680,13:49:06,3.72,--,302,112344,卖盘
681,13:49:01,3.72,--,123,45756,卖盘
682,13:48:55,3.72,-0.01,5,1860,卖盘
683,13:48:51,3.73,0.01,6,2238,买盘
684,13:48:45,3.72,--,19,7068,卖盘
685,13:48:36,3.72,--,5,1860,卖盘
686,13:48:24,3.72,-0.01,4,1488,卖盘
687,13:48:21,3.73,0.01,140,52220,买盘
688,13:48:15,3.72,-0.01,65,24180,卖盘
689,13:48:09,3.73,0.01,110,41030,买盘
690,13:48:06,3.72,--,5,1860,卖盘
691,13:48:00,3.72,--,212,78864,卖盘
692,13:47:54,3.72,--,4,1488,卖盘
693,13:47:45,3.72,-0.01,46,17112,卖盘
694,13:47:39,3.73,0.01,12,4476,买盘
695,13:47:34,3.72,-0.01,4,1488,卖盘
696,13:47:30,3.73,0.01,20,7460,买盘
697,13:47:25,3.72,-0.01,134,49848,卖盘
698,13:47:15,3.73,--,170,63410,买盘
699,13:47:09,3.73,--,571,212983,买盘
700,13:47:05,3.73,--,491,183143,买盘
701,13:47:00,3.73,--,168,62664,买盘
702,13:46:55,3.73,--,100,37300,买盘
703,13:46:50,3.73,--,37,13801,买盘
704,13:46:46,3.73,--,481,179413,买盘
705,13:46:39,3.73,--,142,52966,买盘
706,13:46:34,3.73,--,66,24618,买盘
707,13:46:30,3.73,0.01,339,126447,买盘
708,13:46:24,3.72,-0.01,84,31248,卖盘
709,13:46:19,3.73,--,100,37300,买盘
710,13:46:16,3.73,--,260,96980,买盘
711,13:46:09,3.73,0.01,150,55950,买盘
712,13:46:05,3.72,-0.01,4,1488,卖盘
713,13:46:00,3.73,0.01,60,22380,买盘
714,13:45:55,3.72,--,5,1860,卖盘
715,13:45:49,3.72,-0.01,100,37200,卖盘
716,13:45:45,3.73,0.01,271,101083,买盘
717,13:45:39,3.72,--,265,98580,卖盘
718,13:45:34,3.72,-0.01,55,20460,卖盘
719,13:45:24,3.73,0.01,484,180532,买盘
720,13:45:18,3.72,-0.01,137,50964,卖盘
721,13:45:15,3.73,--,40,14920,买盘
722,13:45:10,3.73,0.01,66,24618,买盘
723,13:45:03,3.72,--,12,4464,卖盘
724,13:44:55,3.72,--,54,20088,卖盘
725,13:44:45,3.72,-0.01,255,94860,卖盘
726,13:44:39,3.73,0.01,100,37300,买盘
727,13:44:33,3.72,--,135,50220,卖盘
728,13:44:30,3.72,--,200,74400,卖盘
729,13:44:24,3.72,--,20,7440,卖盘
730,13:44:15,3.72,--,5,1860,卖盘
731,13:44:04,3.72,-0.01,4,1488,卖盘
732,13:44:00,3.73,0.01,10,3730,买盘
733,13:43:55,3.72,-0.01,4,1488,卖盘
734,13:43:49,3.73,0.01,52,19396,买盘
735,13:43:45,3.72,-0.01,13,4836,卖盘
736,13:43:39,3.73,0.01,100,37300,买盘
737,13:43:33,3.72,--,5,1860,卖盘
738,13:43:30,3.72,--,121,45012,卖盘
739,13:43:25,3.72,--,32,11904,卖盘
740,13:43:15,3.72,-0.01,75,27900,卖盘
741,13:43:10,3.73,0.01,18,6714,买盘
742,13:43:00,3.72,-0.01,6,2232,卖盘
743,13:42:54,3.73,--,5,1865,买盘
744,13:42:40,3.73,0.01,30,11190,买盘
745,13:42:33,3.72,-0.01,15,5580,卖盘
746,13:42:30,3.73,--,63,23499,买盘
747,13:42:24,3.73,--,130,48490,买盘
748,13:42:19,3.73,--,7,2611,买盘
749,13:42:15,3.73,0.01,10,3730,买盘
750,13:42:10,3.72,-0.01,2336,868992,卖盘
751,13:42:03,3.73,--,204,76092,卖盘
752,13:42:00,3.73,--,2050,764650,卖盘
753,13:41:54,3.73,--,188,70124,卖盘
754,13:41:45,3.73,--,615,229395,卖盘
755,13:41:40,3.73,--,222,82806,卖盘
756,13:41:34,3.73,--,5,1865,卖盘
757,13:41:30,3.73,--,2120,790760,卖盘
758,13:41:24,3.73,--,325,121225,卖盘
759,13:41:15,3.73,--,5,1865,卖盘
760,13:41:10,3.73,--,1086,405078,卖盘
761,13:41:04,3.73,-0.01,112,41776,卖盘
762,13:41:00,3.74,0.01,66,24684,买盘
763,13:40:55,3.73,--,241,89893,卖盘
764,13:40:48,3.73,--,74,27602,卖盘
765,13:40:42,3.73,-0.01,34,12682,卖盘
766,13:40:39,3.74,--,60,22440,买盘
767,13:40:33,3.74,--,34,12716,买盘
768,13:40:28,3.74,0.01,26,9724,买盘
769,13:40:24,3.73,-0.01,38,14174,卖盘
770,13:40:18,3.74,0.01,942,352308,买盘
771,13:40:12,3.73,-0.01,5,1865,卖盘
772,13:40:10,3.74,0.01,12,4488,买盘
773,13:40:03,3.73,-0.01,4,1492,卖盘
774,13:39:54,3.74,0.01,60,22440,买盘
775,13:39:49,3.73,--,388,144724,卖盘
776,13:39:45,3.73,--,42,15666,卖盘
777,13:39:39,3.73,-0.01,16,5968,卖盘
778,13:39:33,3.74,0.01,71,26554,买盘
779,13:39:24,3.73,--,4,1492,卖盘
780,13:39:19,3.73,--,97,36181,卖盘
781,13:39:15,3.73,-0.01,60,22380,卖盘
782,13:39:10,3.74,0.01,61,22814,买盘
783,13:39:03,3.73,-0.01,18,6714,卖盘
784,13:38:55,3.74,0.01,178,66572,买盘
785,13:38:48,3.73,--,108,40284,卖盘
786,13:38:42,3.73,--,4,1492,卖盘
787,13:38:39,3.73,-0.01,1,373,卖盘
788,13:38:33,3.74,0.01,81,30294,买盘
789,13:38:24,3.73,-0.01,527,196571,卖盘
790,13:38:12,3.74,0.01,15,5610,买盘
791,13:38:03,3.73,--,22,8206,卖盘
792,13:37:54,3.73,--,5,1865,卖盘
793,13:37:49,3.73,-0.01,14,5222,卖盘
794,13:37:42,3.74,0.01,356,133144,买盘
795,13:37:33,3.73,--,6,2238,卖盘
796,13:37:28,3.73,--,10,3730,卖盘
797,13:37:24,3.73,--,6,2238,卖盘
798,13:37:18,3.73,--,13,4849,卖盘
799,13:37:12,3.73,--,5,1865,卖盘
800,13:37:03,3.73,-0.01,4,1492,卖盘
801,13:36:57,3.74,0.01,8,2992,买盘
802,13:36:54,3.73,--,6,2238,卖盘
803,13:36:43,3.73,-0.01,16,5968,卖盘
804,13:36:39,3.74,0.01,5,1870,买盘
805,13:36:33,3.73,--,5,1865,卖盘
806,13:36:27,3.73,--,130,48490,卖盘
807,13:36:24,3.73,-0.01,4,1492,卖盘
808,13:36:18,3.74,0.01,30,11220,买盘
809,13:36:12,3.73,--,5,1865,卖盘
810,13:36:09,3.73,--,18,6714,卖盘
811,13:36:03,3.73,-0.01,4,1492,卖盘
812,13:35:57,3.74,0.01,66,24684,买盘
813,13:35:54,3.73,-0.01,5,1865,卖盘
814,13:35:49,3.74,0.01,10,3740,买盘
815,13:35:42,3.73,--,4,1492,卖盘
816,13:35:39,3.73,--,3,1119,卖盘
817,13:35:33,3.73,--,21,7833,卖盘
818,13:35:24,3.73,-0.01,108,40284,卖盘
819,13:35:18,3.74,0.01,5,1870,买盘
820,13:35:12,3.73,--,106,39538,卖盘
821,13:35:03,3.73,--,44,16412,卖盘
822,13:34:53,3.73,--,54,20142,卖盘
823,13:34:42,3.73,--,5,1865,卖盘
824,13:34:39,3.73,-0.01,11,4103,卖盘
825,13:34:33,3.74,--,366,136884,买盘
826,13:34:24,3.74,--,389,145486,买盘
827,13:34:18,3.74,0.01,25,9350,买盘
828,13:34:12,3.73,-0.01,4,1492,卖盘
829,13:34:09,3.74,--,3597,1345278,卖盘
830,13:34:04,3.74,--,750,280500,卖盘
831,13:33:57,3.74,--,90,33660,卖盘
832,13:33:54,3.74,--,85,31790,卖盘
833,13:33:48,3.74,--,1762,658988,卖盘
834,13:33:42,3.74,--,6,2244,卖盘
835,13:33:39,3.74,--,1054,394196,卖盘
836,13:33:33,3.74,--,29,10846,卖盘
837,13:33:27,3.74,--,70,26180,卖盘
838,13:33:24,3.74,--,27,10098,卖盘
839,13:33:18,3.74,--,30,11220,卖盘
840,13:33:12,3.74,--,130,48620,卖盘
841,13:33:03,3.74,--,106,39644,卖盘
842,13:32:57,3.74,--,104,38896,卖盘
843,13:32:51,3.74,--,15,5610,卖盘
844,13:32:48,3.74,--,8,2992,卖盘
845,13:32:42,3.74,--,52,19448,卖盘
846,13:32:33,3.74,--,29,10846,卖盘
847,13:32:27,3.74,--,556,207944,卖盘
848,13:32:18,3.74,--,25,9350,卖盘
849,13:32:12,3.74,--,62,23188,卖盘
850,13:32:06,3.74,--,9,3366,卖盘
851,13:32:03,3.74,--,19,7106,卖盘
852,13:31:57,3.74,--,215,80410,卖盘
853,13:31:51,3.74,-0.01,34,12716,卖盘
854,13:31:48,3.75,0.01,110,41250,买盘
855,13:31:42,3.74,--,325,121550,卖盘
856,13:31:33,3.74,-0.01,4,1496,卖盘
857,13:31:27,3.75,0.01,34,12750,买盘
858,13:31:18,3.74,--,40,14960,卖盘
859,13:31:12,3.74,-0.01,42,15708,卖盘
860,13:31:03,3.75,0.01,29,10875,买盘
861,13:30:57,3.74,--,10,3740,卖盘
862,13:30:53,3.74,--,140,52360,卖盘
863,13:30:48,3.74,--,1002,374748,卖盘
864,13:30:42,3.74,-0.01,4,1496,卖盘
865,13:30:33,3.75,0.01,104,39000,买盘
866,13:30:21,3.74,--,12,4488,卖盘
867,13:30:18,3.74,--,30,11220,卖盘
868,13:30:12,3.74,-0.01,4,1496,卖盘
869,13:30:06,3.75,--,35,13125,买盘
870,13:30:03,3.75,0.01,80,30000,买盘
871,13:29:51,3.74,--,4,1496,卖盘
872,13:29:48,3.74,--,1,374,卖盘
873,13:29:42,3.74,-0.01,33,12342,卖盘
874,13:29:27,3.75,0.01,611,229125,买盘
875,13:29:18,3.74,--,53,19822,卖盘
876,13:29:12,3.74,-0.01,10,3740,卖盘
877,13:29:06,3.75,0.01,250,93750,买盘
878,13:29:03,3.74,--,100,37400,卖盘
879,13:28:51,3.74,-0.01,114,42636,卖盘
880,13:28:48,3.75,0.01,347,130125,买盘
881,13:28:42,3.74,--,20,7480,卖盘
882,13:28:33,3.74,-0.01,54,20196,卖盘
883,13:28:27,3.75,0.01,183,68625,买盘
884,13:28:18,3.74,--,87,32538,卖盘
885,13:28:12,3.74,--,114,42636,卖盘
886,13:28:03,3.74,--,24,8976,卖盘
887,13:27:57,3.74,-0.01,18,6732,卖盘
888,13:27:51,3.75,0.01,30,11250,买盘
889,13:27:48,3.74,-0.01,167,62458,卖盘
890,13:27:18,3.75,0.01,107,40125,买盘
891,13:27:03,3.74,--,15,5610,卖盘
892,13:26:48,3.74,-0.01,50,18700,卖盘
893,13:26:42,3.75,--,8,3000,买盘
894,13:26:18,3.75,0.01,124,46500,买盘
895,13:26:12,3.74,-0.01,50,18700,卖盘
896,13:26:06,3.75,0.01,283,106125,买盘
897,13:26:03,3.74,--,9,3366,卖盘
898,13:25:51,3.74,--,56,20944,卖盘
899,13:25:45,3.74,--,23,8602,卖盘
900,13:25:42,3.74,-0.01,97,36278,卖盘
901,13:25:36,3.75,0.01,278,104250,买盘
902,13:25:32,3.74,--,28,10472,买盘
903,13:25:27,3.74,--,519,194106,买盘
904,13:25:22,3.74,0.01,73,27302,买盘
905,13:25:15,3.73,-0.01,15,5595,卖盘
906,13:25:06,3.74,--,11,4114,买盘
907,13:25:00,3.74,--,2080,777920,买盘
908,13:24:57,3.74,--,10,3740,买盘
909,13:24:51,3.74,0.01,30,11220,买盘
910,13:24:42,3.73,-0.01,67,24991,卖盘
911,13:24:30,3.74,--,382,142868,买盘
912,13:24:27,3.74,--,1470,549780,买盘
913,13:24:21,3.74,--,27,10098,买盘
914,13:24:15,3.74,--,5,1870,买盘
915,13:24:12,3.74,0.01,756,282744,买盘
916,13:24:06,3.73,-0.01,15,5595,卖盘
917,13:24:00,3.74,--,100,37400,买盘
918,13:23:57,3.74,0.01,225,84150,买盘
919,13:23:51,3.73,-0.01,385,143605,卖盘
920,13:23:45,3.74,--,10,3740,买盘
921,13:23:42,3.74,--,287,107338,买盘
922,13:23:36,3.74,--,12,4488,买盘
923,13:23:32,3.74,--,1,374,买盘
924,13:23:27,3.74,0.01,267,99858,买盘
925,13:23:12,3.73,-0.01,10,3730,卖盘
926,13:23:06,3.74,--,619,231506,买盘
927,13:23:00,3.74,0.01,17,6358,买盘
928,13:22:56,3.73,--,14,5222,卖盘
929,13:22:51,3.73,-0.01,10,3730,卖盘
930,13:22:42,3.74,--,120,44880,买盘
931,13:22:37,3.74,0.01,135,50490,买盘
932,13:22:30,3.73,-0.01,11,4103,卖盘
933,13:22:27,3.74,0.01,62,23188,买盘
934,13:22:21,3.73,-0.01,15,5595,卖盘
935,13:22:15,3.74,--,13,4862,买盘
936,13:22:06,3.74,--,48,17952,买盘
937,13:21:57,3.74,--,66,24684,买盘
938,13:21:51,3.74,--,437,163438,买盘
939,13:21:45,3.74,--,81,30294,买盘
940,13:21:42,3.74,--,30,11220,买盘
941,13:21:36,3.74,--,10,3740,买盘
942,13:21:30,3.74,--,170,63580,买盘
943,13:21:26,3.74,0.01,1259,470866,买盘
944,13:21:21,3.73,--,7,2611,卖盘
945,13:21:15,3.73,-0.01,16,5968,卖盘
946,13:21:12,3.74,0.01,160,59840,买盘
947,13:21:00,3.73,-0.01,376,140248,卖盘
948,13:20:57,3.74,--,18,6732,买盘
949,13:20:51,3.74,0.01,1,374,买盘
950,13:20:45,3.73,--,50,18650,卖盘
951,13:20:42,3.73,-0.01,30,11190,卖盘
952,13:20:36,3.74,0.01,123,46002,买盘
953,13:20:30,3.73,-0.01,4,1492,卖盘
954,13:20:27,3.74,--,590,220660,买盘
955,13:20:21,3.74,--,155,57970,买盘
956,13:20:15,3.74,--,170,63580,买盘
957,13:20:00,3.74,0.01,10,3740,买盘
958,13:19:57,3.73,--,16,5968,卖盘
959,13:19:51,3.73,--,106,39538,卖盘
960,13:19:44,3.73,--,1,373,卖盘
961,13:19:42,3.73,-0.01,656,244688,卖盘
962,13:19:36,3.74,--,292,109208,买盘
963,13:19:30,3.74,--,6,2244,买盘
964,13:19:27,3.74,0.01,87,32538,买盘
965,13:19:21,3.73,-0.01,8,2984,卖盘
966,13:19:12,3.74,0.01,206,77044,买盘
967,13:19:06,3.73,--,65,24245,卖盘
968,13:19:00,3.73,--,14,5222,卖盘
969,13:18:57,3.73,-0.01,16,5968,卖盘
970,13:18:45,3.74,0.01,1,374,买盘
971,13:18:24,3.73,--,14,5222,卖盘
972,13:18:20,3.73,-0.01,7,2611,卖盘
973,13:18:15,3.74,0.01,10,3740,买盘
974,13:18:06,3.73,-0.01,5,1865,卖盘
975,13:18:00,3.74,0.01,2,748,买盘
976,13:17:51,3.73,--,611,227903,卖盘
977,13:17:39,3.73,-0.01,37,13801,卖盘
978,13:17:21,3.74,--,170,63580,买盘
979,13:17:15,3.74,--,100,37400,买盘
980,13:16:51,3.74,--,33,12342,买盘
981,13:16:24,3.74,0.01,17,6358,买盘
982,13:16:21,3.73,--,201,74973,卖盘
983,13:16:15,3.73,-0.01,115,42895,卖盘
984,13:16:09,3.74,0.01,7,2618,买盘
985,13:15:53,3.73,--,150,55950,卖盘
986,13:15:51,3.73,-0.01,36,13428,卖盘
987,13:15:45,3.74,--,25,9350,买盘
988,13:15:39,3.74,--,4,1496,买盘
989,13:15:36,3.74,--,299,111826,买盘
990,13:15:21,3.74,--,131,48994,买盘
991,13:15:15,3.74,--,3,1122,买盘
992,13:15:09,3.74,0.01,130,48620,买盘
993,13:15:06,3.73,--,50,18650,卖盘
994,13:15:00,3.73,-0.01,120,44760,卖盘
995,13:14:45,3.74,0.01,6,2244,买盘
996,13:14:39,3.73,-0.01,41,15516,卖盘
997,13:14:36,3.74,--,56,20944,买盘
998,13:14:21,3.74,0.01,5,1870,买盘
999,13:14:09,3.73,--,31,11563,卖盘
1000,13:14:06,3.73,-0.01,92,34316,卖盘
1001,13:13:51,3.74,0.01,14,5236,买盘
1002,13:13:45,3.73,--,16,5968,卖盘
1003,13:13:39,3.73,--,1,373,卖盘
1004,13:13:36,3.73,--,1,373,卖盘
1005,13:13:24,3.73,--,14,5222,卖盘
1006,13:13:09,3.73,--,14,5222,卖盘
1007,13:12:39,3.73,-0.01,15,5595,卖盘
1008,13:12:36,3.74,--,92,34408,买盘
1009,13:12:30,3.74,--,5,1870,买盘
1010,13:12:23,3.74,0.01,50,18700,买盘
1011,13:12:21,3.73,-0.01,7,2611,卖盘
1012,13:12:09,3.74,--,594,222156,买盘
1013,13:12:06,3.74,--,1,374,买盘
1014,13:12:00,3.74,0.01,62,23188,买盘
1015,13:11:51,3.73,--,510,190230,卖盘
1016,13:11:45,3.73,-0.01,21,7833,卖盘
1017,13:11:39,3.74,--,1,374,买盘
1018,13:11:30,3.74,--,17,6358,买盘
1019,13:11:24,3.74,--,334,124916,买盘
1020,13:11:21,3.74,--,1,374,买盘
1021,13:11:15,3.74,--,179,66946,买盘
1022,13:11:00,3.74,--,2,748,买盘
1023,13:10:50,3.74,--,94,35156,买盘
1024,13:10:44,3.74,--,526,196724,买盘
1025,13:10:39,3.74,0.01,2000,748000,买盘
1026,13:10:30,3.73,-0.01,300,111900,卖盘
1027,13:10:24,3.74,0.01,169,63206,买盘
1028,13:10:18,3.73,-0.01,117,43641,卖盘
1029,13:10:15,3.74,0.01,174,65076,买盘
1030,13:10:09,3.73,--,9,3357,卖盘
1031,13:10:00,3.73,-0.01,60,22380,卖盘
1032,13:09:53,3.74,--,1,374,买盘
1033,13:09:48,3.74,0.01,170,63580,买盘
1034,13:09:44,3.73,-0.01,3,1119,卖盘
1035,13:09:39,3.74,--,10,3740,买盘
1036,13:09:33,3.74,--,80,29920,买盘
1037,13:09:20,3.74,--,9,3366,买盘
1038,13:09:15,3.74,--,20,7480,买盘
1039,13:08:54,3.74,0.01,510,190740,买盘
1040,13:08:49,3.73,--,100,37300,卖盘
1041,13:08:45,3.73,--,16,5968,卖盘
1042,13:08:39,3.73,-0.01,450,167850,卖盘
1043,13:08:33,3.74,--,5,1870,买盘
1044,13:08:30,3.74,0.01,110,41140,买盘
1045,13:08:23,3.73,-0.01,22,8206,卖盘
1046,13:08:15,3.74,0.01,224,83776,买盘
1047,13:08:09,3.73,--,654,243942,卖盘
1048,13:08:00,3.73,-0.01,3,1119,卖盘
1049,13:07:54,3.74,0.01,1,374,买盘
1050,13:07:48,3.73,--,6,2238,卖盘
1051,13:07:45,3.73,-0.01,49,18277,卖盘
1052,13:07:33,3.74,--,45,16830,买盘
1053,13:07:30,3.74,--,121,45254,买盘
1054,13:07:24,3.74,--,2,748,买盘
1055,13:07:14,3.74,--,174,65076,买盘
1056,13:07:09,3.74,--,174,65076,买盘
1057,13:06:59,3.74,--,37,13838,买盘
1058,13:06:48,3.74,0.01,87,32538,买盘
1059,13:06:45,3.73,--,50,18650,卖盘
1060,13:06:32,3.73,--,1,373,卖盘
1061,13:06:30,3.73,--,124,46255,买盘
1062,13:06:24,3.73,--,390,145470,买盘
1063,13:06:18,3.73,--,2209,823957,买盘
1064,13:06:09,3.73,--,173,64529,买盘
1065,13:06:03,3.73,--,2083,776959,买盘
1066,13:06:00,3.73,--,5943,2216739,买盘
1067,13:05:54,3.73,--,30,11190,买盘
1068,13:05:39,3.73,0.01,87,32451,买盘
1069,13:05:29,3.72,-0.01,113,42036,卖盘
1070,13:05:24,3.73,0.01,64,23872,买盘
1071,13:05:09,3.72,-0.01,8,2976,卖盘
1072,13:04:54,3.73,0.01,104,38792,买盘
1073,13:04:48,3.72,--,50,18600,卖盘
1074,13:04:29,3.72,--,57,21204,卖盘
1075,13:04:24,3.72,--,18,6696,卖盘
1076,13:04:09,3.72,-0.01,100,37200,卖盘
1077,13:04:02,3.73,0.01,50,18650,买盘
1078,13:03:45,3.72,-0.01,17,6324,卖盘
1079,13:03:33,3.73,--,5,1865,买盘
1080,13:03:22,3.73,0.01,300,111900,买盘
1081,13:03:17,3.72,--,9,3348,卖盘
1082,13:03:09,3.72,--,511,190092,卖盘
1083,13:03:02,3.72,--,107,39804,卖盘
1084,13:02:56,3.72,--,81,30132,卖盘
1085,13:02:53,3.72,--,34,12648,卖盘
1086,13:02:48,3.72,-0.01,54,20088,卖盘
1087,13:02:23,3.73,0.01,2,746,买盘
1088,13:02:18,3.72,-0.01,13,4836,卖盘
1089,13:02:09,3.73,0.01,24,8952,买盘
1090,13:02:03,3.72,-0.01,299,111228,卖盘
1091,13:01:47,3.73,0.01,75,27975,买盘
1092,13:01:38,3.72,--,56,20832,卖盘
1093,13:01:33,3.72,--,3,1116,卖盘
1094,13:01:27,3.72,--,21,7812,卖盘
1095,13:01:23,3.72,--,2600,967200,卖盘
1096,13:01:17,3.72,--,194,72168,卖盘
1097,13:01:14,3.72,--,1,372,卖盘
1098,13:01:08,3.72,-0.01,80,29760,卖盘
1099,13:01:02,3.73,0.01,18,6714,买盘
1100,13:00:32,3.72,-0.01,28,10416,卖盘
1101,13:00:08,3.73,0.01,305,113765,买盘
1102,13:00:03,3.72,--,337,125367,卖盘
1103,11:30:00,3.72,--,0,0,卖盘
1104,11:30:00,3.72,--,0,0,卖盘
1105,11:29:57,3.72,--,14,5208,卖盘
1106,11:29:43,3.72,--,57,21204,卖盘
1107,11:29:25,3.72,--,17,6324,卖盘
1108,11:28:57,3.72,-0.01,2,744,卖盘
1109,11:28:43,3.73,0.01,32,11936,买盘
1110,11:28:24,3.72,--,17,6324,卖盘
1111,11:28:04,3.72,-0.01,116,43152,卖盘
1112,11:27:53,3.73,0.01,500,186500,买盘
1113,11:27:43,3.72,-0.01,14,5208,卖盘
1114,11:27:19,3.73,0.01,30,11190,买盘
1115,11:27:10,3.72,--,25,9300,卖盘
1116,11:27:03,3.72,--,10,3720,卖盘
1117,11:26:58,3.72,-0.01,9,3348,卖盘
1118,11:26:55,3.73,0.01,55,20515,买盘
1119,11:26:49,3.72,--,16,5952,卖盘
1120,11:26:34,3.72,--,148,55056,卖盘
1121,11:26:19,3.72,-0.01,40,14880,卖盘
1122,11:26:12,3.73,--,3,1119,买盘
1123,11:26:10,3.73,--,55,20515,买盘
1124,11:25:57,3.73,0.01,60,22380,买盘
1125,11:25:54,3.72,--,150,55800,卖盘
1126,11:25:49,3.72,-0.01,3,1116,卖盘
1127,11:25:43,3.73,--,109,40657,买盘
1128,11:25:34,3.73,0.01,55,20515,买盘
1129,11:25:13,3.72,-0.01,40,14880,卖盘
1130,11:24:57,3.73,0.01,61,22753,买盘
1131,11:24:43,3.72,--,17,6324,卖盘
1132,11:24:39,3.72,--,200,74400,卖盘
1133,11:24:33,3.72,--,5,1860,卖盘
1134,11:24:28,3.72,--,90,33480,卖盘
1135,11:24:03,3.72,--,174,64728,卖盘
1136,11:23:54,3.72,--,17,6324,卖盘
1137,11:23:49,3.72,--,62,23064,卖盘
1138,11:23:38,3.72,--,491,182652,卖盘
1139,11:23:33,3.72,--,5,1860,卖盘
1140,11:23:20,3.72,--,1,372,卖盘
1141,11:23:19,3.72,--,16,5952,卖盘
1142,11:23:13,3.72,--,509,189348,卖盘
1143,11:23:04,3.72,--,39,14508,卖盘
1144,11:22:49,3.72,--,33,12276,卖盘
1145,11:22:34,3.72,-0.01,5,1860,卖盘
1146,11:22:27,3.73,--,60,22380,买盘
1147,11:22:13,3.73,--,11,4103,买盘
1148,11:22:07,3.73,--,50,18650,买盘
1149,11:22:04,3.73,0.01,11,4103,买盘
1150,11:21:43,3.72,-0.01,16,5952,卖盘
1151,11:21:28,3.73,0.01,5,1865,买盘
1152,11:21:03,3.72,-0.01,70,26040,卖盘
1153,11:20:58,3.73,0.01,1,373,买盘
1154,11:20:48,3.72,-0.01,40,14880,卖盘
1155,11:20:42,3.73,0.01,10,3730,买盘
1156,11:20:34,3.72,--,12,4464,卖盘
1157,11:20:28,3.72,-0.01,13,4836,卖盘
1158,11:20:18,3.73,--,38,14174,买盘
1159,11:19:48,3.73,--,69,25737,买盘
1160,11:19:42,3.73,0.01,3604,1344292,买盘
1161,11:19:27,3.72,-0.01,12,4464,卖盘
1162,11:19:19,3.73,0.01,44,16412,买盘
1163,11:19:07,3.72,--,200,74400,卖盘
1164,11:19:04,3.72,-0.01,510,189720,卖盘
1165,11:18:57,3.73,--,197,73481,买盘
1166,11:18:52,3.73,0.01,20,7460,买盘
1167,11:18:48,3.72,-0.01,250,93000,卖盘
1168,11:18:42,3.73,0.01,45,16785,买盘
1169,11:18:33,3.72,--,362,134664,卖盘
1170,11:18:28,3.72,-0.01,504,187488,卖盘
1171,11:18:12,3.73,--,54,20142,买盘
1172,11:17:57,3.73,0.01,195,72735,买盘
1173,11:17:48,3.72,-0.01,35,13020,卖盘
1174,11:17:36,3.73,0.01,47,17531,买盘
1175,11:17:28,3.72,--,25,9300,卖盘
1176,11:17:22,3.72,-0.01,76,28272,卖盘
1177,11:17:07,3.73,--,90,33570,买盘
1178,11:17:03,3.73,--,45,16785,买盘
1179,11:16:58,3.73,0.01,228,85044,买盘
1180,11:16:51,3.72,--,1,372,卖盘
1181,11:16:33,3.72,-0.01,65,24180,卖盘
1182,11:16:22,3.73,0.01,1,373,买盘
1183,11:16:13,3.72,--,30,11160,卖盘
1184,11:16:01,3.72,--,9,3348,卖盘
1185,11:15:58,3.72,--,270,100440,卖盘
1186,11:15:48,3.72,--,23,8556,卖盘
1187,11:15:42,3.72,--,50,18600,卖盘
1188,11:15:37,3.72,-0.01,380,141360,卖盘
1189,11:15:27,3.73,--,87,32451,买盘
1190,11:15:22,3.73,--,33,12309,买盘
1191,11:15:15,3.73,--,5219,1946687,买盘
1192,11:15:12,3.73,--,56,20888,买盘
1193,11:15:06,3.73,--,67,24991,买盘
1194,11:15:00,3.73,0.01,65,24300,买盘
1195,11:14:57,3.72,--,471,175212,买盘
1196,11:14:45,3.72,--,5,1860,买盘
1197,11:14:42,3.72,--,345,128340,买盘
1198,11:14:37,3.72,--,340,126796,卖盘
1199,11:14:31,3.72,-0.01,2,744,卖盘
1200,11:14:27,3.73,0.01,18,6714,买盘
1201,11:14:22,3.72,--,10,3720,卖盘
1202,11:14:16,3.72,0.01,16,6007,买盘
1203,11:14:12,3.71,-0.01,229,84959,卖盘
1204,11:14:07,3.72,0.01,1315,489180,买盘
1205,11:14:00,3.71,-0.01,108,40068,卖盘
1206,11:13:57,3.72,0.01,21,7812,买盘
1207,11:13:52,3.71,-0.01,15,5565,卖盘
1208,11:13:42,3.72,--,1383,514476,买盘
1209,11:13:36,3.72,--,69,25668,买盘
1210,11:13:30,3.72,--,22,8184,买盘
1211,11:13:22,3.72,--,60,22320,买盘
1212,11:13:15,3.72,--,17,6324,买盘
1213,11:13:12,3.72,--,187,69564,买盘
1214,11:13:07,3.72,--,20,7440,买盘
1215,11:12:36,3.72,--,30,11160,买盘
1216,11:12:28,3.72,--,94,34968,买盘
1217,11:12:12,3.72,0.01,10,3720,买盘
1218,11:12:07,3.71,-0.01,73,27083,卖盘
1219,11:12:00,3.72,--,20,7440,买盘
1220,11:11:57,3.72,0.01,101,37572,买盘
1221,11:11:52,3.71,-0.01,68,25228,卖盘
1222,11:11:45,3.72,--,555,206460,买盘
1223,11:11:37,3.72,--,30,11160,买盘
1224,11:11:30,3.72,--,130,48360,买盘
1225,11:11:21,3.72,--,50,18600,买盘
1226,11:11:15,3.72,--,2,744,买盘
1227,11:11:12,3.72,--,87,32364,买盘
1228,11:11:06,3.72,--,200,74400,买盘
1229,11:11:00,3.72,--,40,14880,买盘
1230,11:10:57,3.72,0.01,20,7440,买盘
1231,11:10:30,3.71,--,61,22631,卖盘
1232,11:10:27,3.71,--,12,4452,卖盘
1233,11:10:21,3.71,-0.01,85,31535,卖盘
1234,11:10:15,3.72,--,14,5208,买盘
1235,11:10:06,3.72,--,31,11532,买盘
1236,11:09:51,3.72,--,300,111600,买盘
1237,11:09:45,3.72,0.01,10,3720,买盘
1238,11:09:30,3.71,-0.01,4,1484,卖盘
1239,11:09:24,3.72,--,1,372,买盘
1240,11:09:21,3.72,--,17,6324,买盘
1241,11:09:16,3.72,--,20,7440,买盘
1242,11:09:05,3.72,--,135,50220,买盘
1243,11:09:00,3.72,--,64,23808,买盘
1244,11:08:57,3.72,0.01,72,26784,买盘
1245,11:08:51,3.71,-0.01,257,95347,卖盘
1246,11:08:36,3.72,0.01,189,70308,买盘
1247,11:08:21,3.71,--,38,14098,卖盘
1248,11:08:16,3.71,-0.01,24,8904,卖盘
1249,11:08:01,3.72,--,17,6324,买盘
1250,11:07:55,3.72,0.01,84,31248,买盘
1251,11:07:51,3.71,--,15,5565,卖盘
1252,11:07:39,3.71,--,5,1855,卖盘
1253,11:07:36,3.71,-0.01,200,74200,卖盘
1254,11:07:21,3.72,--,191,71052,买盘
1255,11:07:15,3.72,0.01,28,10416,买盘
1256,11:07:10,3.71,--,5,1855,卖盘
1257,11:07:01,3.71,-0.01,34,12614,卖盘
1258,11:06:51,3.72,--,28,10416,买盘
1259,11:06:45,3.72,--,209,77748,买盘
1260,11:06:39,3.72,--,84,31248,买盘
1261,11:06:36,3.72,--,28,10416,买盘
1262,11:06:30,3.72,--,10,3720,买盘
1263,11:06:21,3.72,0.01,175,65100,买盘
1264,11:06:15,3.71,--,44,16324,卖盘
1265,11:06:06,3.71,-0.01,101,37471,卖盘
1266,11:06:00,3.72,0.01,13,4836,买盘
1267,11:05:45,3.71,--,90,33390,卖盘
1268,11:05:40,3.71,--,5003,1856113,卖盘
1269,11:05:36,3.71,--,2,742,卖盘
1270,11:05:31,3.71,--,100,37100,卖盘
1271,11:05:21,3.71,--,16,5936,卖盘
1272,11:05:15,3.71,-0.01,530,196630,卖盘
1273,11:05:06,3.72,0.01,203,75516,买盘
1274,11:04:46,3.71,--,32,11872,卖盘
1275,11:04:30,3.71,-0.01,2,742,卖盘
1276,11:04:15,3.72,0.01,11,4092,买盘
1277,11:04:06,3.71,--,54,20034,卖盘
1278,11:04:00,3.71,-0.01,31,11501,卖盘
1279,11:03:54,3.72,0.01,10,3720,买盘
1280,11:03:45,3.71,--,108,40068,卖盘
1281,11:03:40,3.71,--,144,53424,卖盘
1282,11:03:36,3.71,--,108,40068,卖盘
1283,11:03:30,3.71,-0.01,54,20034,卖盘
1284,11:03:25,3.72,-0.01,3522,1310399,卖盘
1285,11:03:21,3.73,0.01,4,1492,买盘
1286,11:03:10,3.72,0.01,1671,621768,买盘
1287,11:03:01,3.71,-0.01,15,5565,卖盘
1288,11:02:55,3.72,--,33,12276,买盘
1289,11:02:46,3.72,0.01,8,2976,买盘
1290,11:02:31,3.71,--,510,189210,卖盘
1291,11:02:25,3.71,--,45,16695,卖盘
1292,11:02:20,3.71,-0.01,15,5565,卖盘
1293,11:02:10,3.72,0.01,10,3720,买盘
1294,11:02:03,3.71,--,103,38213,卖盘
1295,11:01:55,3.71,-0.01,1,371,卖盘
1296,11:01:48,3.72,--,511,190092,买盘
1297,11:01:45,3.72,0.01,109,40548,买盘
1298,11:01:40,3.71,-0.01,20,7420,卖盘
1299,11:01:31,3.72,0.01,105,39060,买盘
1300,11:01:19,3.71,--,50,18550,卖盘
1301,11:01:15,3.71,-0.01,20,7420,卖盘
1302,11:01:10,3.72,--,87,32364,买盘
1303,11:01:03,3.72,0.01,85,31620,买盘
1304,11:00:54,3.71,--,15,5565,卖盘
1305,11:00:46,3.71,-0.01,50,18550,卖盘
1306,11:00:40,3.72,--,105,39060,买盘
1307,11:00:34,3.72,--,169,62868,买盘
1308,11:00:31,3.72,--,500,186000,买盘
1309,11:00:25,3.72,0.01,1051,390972,买盘
1310,11:00:15,3.71,-0.01,88,32648,卖盘
1311,11:00:04,3.72,--,61,22692,买盘
1312,11:00:00,3.72,--,3,1116,买盘
1313,10:59:54,3.72,--,5,1860,买盘
1314,10:59:45,3.72,0.01,106,39432,买盘
1315,10:59:40,3.71,--,10,3710,卖盘
1316,10:59:33,3.71,-0.01,200,74200,卖盘
1317,10:59:30,3.72,0.01,67,24924,买盘
1318,10:59:25,3.71,--,100,37100,卖盘
1319,10:59:19,3.71,--,140,51940,卖盘
1320,10:59:09,3.71,--,665,246715,卖盘
1321,10:58:39,3.71,-0.01,15,5565,卖盘
1322,10:58:33,3.72,0.01,290,107880,买盘
1323,10:58:30,3.71,-0.01,50,18550,卖盘
1324,10:58:09,3.72,0.01,152,56544,买盘
1325,10:57:59,3.71,-0.01,101,37471,卖盘
1326,10:57:54,3.72,--,117,43524,买盘
1327,10:57:48,3.72,--,5,1860,买盘
1328,10:57:45,3.72,0.01,50,18600,买盘
1329,10:57:39,3.71,-0.01,15,5565,卖盘
1330,10:57:33,3.72,--,2,744,买盘
1331,10:57:25,3.72,--,322,119784,买盘
1332,10:57:18,3.72,0.01,10,3720,买盘
1333,10:57:03,3.71,--,30,11130,卖盘
1334,10:57:00,3.71,--,45,16695,卖盘
1335,10:56:54,3.71,--,4,1484,卖盘
1336,10:56:45,3.71,-0.01,50,18550,卖盘
1337,10:56:39,3.72,--,85,31620,买盘
1338,10:56:34,3.72,--,159,59148,买盘
1339,10:56:30,3.72,--,20,7440,买盘
1340,10:56:25,3.72,--,429,159588,买盘
1341,10:56:18,3.72,--,666,247967,卖盘
1342,10:56:15,3.72,--,50,18600,卖盘
1343,10:56:10,3.72,--,391,145452,卖盘
1344,10:56:04,3.72,--,274,101928,卖盘
1345,10:56:00,3.72,--,161,59892,卖盘
1346,10:55:54,3.72,--,368,136896,卖盘
1347,10:55:49,3.72,--,50,18600,卖盘
1348,10:55:44,3.72,--,1533,570276,卖盘
1349,10:55:40,3.72,--,313,116436,卖盘
1350,10:55:33,3.72,--,1442,536424,卖盘
1351,10:55:30,3.72,--,52,19344,卖盘
1352,10:55:24,3.72,--,1075,399900,卖盘
1353,10:55:19,3.72,--,4,1488,卖盘
1354,10:55:13,3.72,--,20,7440,卖盘
1355,10:55:09,3.72,--,10,3720,卖盘
1356,10:55:03,3.72,--,120,44640,卖盘
1357,10:54:58,3.72,-0.01,217,80724,卖盘
1358,10:54:55,3.73,0.01,1838,685574,买盘
1359,10:54:49,3.72,--,656,244032,卖盘
1360,10:54:44,3.72,--,732,272304,卖盘
1361,10:54:39,3.72,--,128,47616,卖盘
1362,10:54:33,3.72,--,156,58032,卖盘
1363,10:54:29,3.72,-0.01,110,40920,卖盘
1364,10:54:24,3.73,0.01,116,43268,买盘
1365,10:54:18,3.72,--,2570,956040,卖盘
1366,10:54:09,3.72,--,625,232500,卖盘
1367,10:54:03,3.72,--,253,94116,卖盘
1368,10:54:00,3.72,-0.01,61,22692,卖盘
1369,10:53:55,3.73,0.01,30,11190,买盘
1370,10:53:49,3.72,-0.01,5586,2077992,卖盘
1371,10:53:44,3.73,--,49,18277,买盘
1372,10:53:39,3.73,0.01,498,185754,买盘
1373,10:53:33,3.72,--,90,33480,卖盘
1374,10:53:27,3.72,-0.01,1,372,卖盘
1375,10:53:25,3.73,0.01,18,6714,买盘
1376,10:53:18,3.72,--,605,225060,卖盘
1377,10:53:12,3.72,--,9,3348,卖盘
1378,10:53:09,3.72,--,1003,373116,卖盘
1379,10:53:03,3.72,--,62,23064,卖盘
1380,10:52:54,3.72,--,93,34596,卖盘
1381,10:52:48,3.72,--,30,11160,卖盘
1382,10:52:39,3.72,--,1100,409200,卖盘
1383,10:52:34,3.72,--,2243,834396,卖盘
1384,10:52:28,3.72,--,56,20832,卖盘
1385,10:52:19,3.72,--,215,79980,卖盘
1386,10:52:13,3.72,--,116,43152,卖盘
1387,10:52:09,3.72,--,300,111600,卖盘
1388,10:52:03,3.72,--,130,48360,卖盘
1389,10:51:54,3.72,-0.01,65,24180,卖盘
1390,10:51:49,3.73,0.01,140,52220,买盘
1391,10:51:42,3.72,--,164,61008,卖盘
1392,10:51:39,3.72,--,5,1860,卖盘
1393,10:51:33,3.72,--,200,74400,卖盘
1394,10:51:27,3.72,-0.01,392,145824,卖盘
1395,10:51:24,3.73,0.01,1,373,买盘
1396,10:51:19,3.72,--,114,42408,卖盘
1397,10:51:12,3.72,-0.01,296,110112,卖盘
1398,10:50:57,3.73,0.01,228,85044,买盘
1399,10:50:54,3.72,-0.01,63,23436,卖盘
1400,10:50:43,3.73,0.01,10,3730,买盘
1401,10:50:33,3.72,-0.01,207,77004,卖盘
1402,10:50:24,3.73,0.01,8,2984,买盘
1403,10:50:18,3.72,--,529,196788,卖盘
1404,10:50:03,3.72,--,38,14136,卖盘
1405,10:49:54,3.72,--,23,8556,卖盘
1406,10:49:49,3.72,-0.01,20,7440,卖盘
1407,10:49:42,3.73,0.01,12,4476,买盘
1408,10:49:39,3.72,--,4,1488,卖盘
1409,10:49:18,3.72,--,20,7440,卖盘
1410,10:49:12,3.72,-0.01,5,1860,卖盘
1411,10:49:09,3.73,0.01,10,3730,买盘
1412,10:49:03,3.72,--,65,24180,卖盘
1413,10:48:57,3.72,-0.01,2,744,卖盘
1414,10:48:48,3.73,0.01,64,23872,买盘
1415,10:48:34,3.72,--,15,5580,卖盘
1416,10:48:28,3.72,-0.01,62,23064,卖盘
1417,10:48:12,3.73,0.01,30,11190,买盘
1418,10:47:57,3.72,-0.01,16,5952,卖盘
1419,10:47:49,3.73,--,91,33943,买盘
1420,10:47:42,3.73,0.01,29,10817,买盘
1421,10:47:27,3.72,--,23,8556,卖盘
1422,10:47:19,3.72,--,6,2232,卖盘
1423,10:47:12,3.72,-0.01,11,4092,卖盘
1424,10:47:06,3.73,--,1,373,买盘
1425,10:47:03,3.73,0.01,175,65275,买盘
1426,10:46:57,3.72,--,87,32364,卖盘
1427,10:46:52,3.72,--,15,5580,卖盘
1428,10:46:49,3.72,--,280,104160,卖盘
1429,10:46:43,3.72,--,296,110112,卖盘
1430,10:46:33,3.72,--,100,37200,卖盘
1431,10:46:18,3.72,--,115,42780,卖盘
1432,10:46:12,3.72,--,88,32736,卖盘
1433,10:46:03,3.72,--,12,4464,卖盘
1434,10:45:57,3.72,--,200,74400,卖盘
1435,10:45:48,3.72,--,18,6696,卖盘
1436,10:45:42,3.72,--,10,3720,卖盘
1437,10:45:18,3.72,--,248,92256,卖盘
1438,10:45:12,3.72,-0.01,30,11160,卖盘
1439,10:45:06,3.73,0.01,12,4476,买盘
1440,10:45:03,3.72,--,403,149916,卖盘
1441,10:44:57,3.72,--,218,81096,卖盘
1442,10:44:51,3.72,--,86,31992,卖盘
1443,10:44:48,3.72,--,1,372,卖盘
1444,10:44:42,3.72,--,15,5580,卖盘
1445,10:44:21,3.72,--,10,3720,卖盘
1446,10:44:18,3.72,--,243,90396,卖盘
1447,10:44:12,3.72,--,27,10044,卖盘
1448,10:44:06,3.72,--,30,11160,卖盘
1449,10:44:03,3.72,--,3,1116,卖盘
1450,10:43:51,3.72,-0.01,1,372,卖盘
1451,10:43:48,3.73,0.01,5,1865,买盘
1452,10:43:42,3.72,--,15,5580,卖盘
1453,10:43:21,3.72,-0.01,823,306156,卖盘
1454,10:43:18,3.73,0.01,5,1865,买盘
1455,10:43:12,3.72,-0.01,100,37200,卖盘
1456,10:43:06,3.73,0.01,16,5968,买盘
1457,10:43:03,3.72,-0.01,86,31992,卖盘
1458,10:42:57,3.73,--,32,11936,买盘
1459,10:42:51,3.73,0.01,3,1119,买盘
1460,10:42:48,3.72,--,25,9300,卖盘
1461,10:42:36,3.72,--,73,27156,卖盘
1462,10:42:33,3.72,--,54,20088,卖盘
1463,10:42:27,3.72,--,1,372,卖盘
1464,10:42:18,3.72,--,1,372,卖盘
1465,10:42:12,3.72,--,170,63240,卖盘
1466,10:42:03,3.72,--,15,5580,卖盘
1467,10:41:36,3.72,-0.01,5,1860,卖盘
1468,10:41:27,3.73,--,73,27229,买盘
1469,10:41:21,3.73,0.01,17,6341,买盘
1470,10:41:12,3.72,--,25,9300,卖盘
1471,10:41:06,3.72,--,56,20832,卖盘
1472,10:41:02,3.72,-0.01,100,37200,卖盘
1473,10:40:57,3.73,--,25,9325,买盘
1474,10:40:42,3.73,--,156,58188,买盘
1475,10:40:36,3.73,--,1,373,买盘
1476,10:40:27,3.73,0.01,20,7460,买盘
1477,10:40:21,3.72,--,26,9672,卖盘
1478,10:40:12,3.72,-0.01,1,372,卖盘
1479,10:40:06,3.73,0.01,57,21261,买盘
1480,10:39:42,3.72,-0.01,35,13020,卖盘
1481,10:39:36,3.73,--,60,22380,买盘
1482,10:39:15,3.73,0.01,6,2238,买盘
1483,10:39:12,3.72,-0.01,15,5580,卖盘
1484,10:39:00,3.73,0.01,877,327121,买盘
1485,10:38:57,3.72,-0.01,392,145824,卖盘
1486,10:38:51,3.73,0.01,1,373,买盘
1487,10:38:42,3.72,-0.01,15,5580,卖盘
1488,10:38:36,3.73,0.01,30,11190,买盘
1489,10:38:30,3.72,--,100,37200,卖盘
1490,10:38:27,3.72,-0.01,40,14880,卖盘
1491,10:38:21,3.73,0.01,20,7460,买盘
1492,10:38:12,3.72,-0.01,131,48732,卖盘
1493,10:38:06,3.73,0.01,79,29467,买盘
1494,10:38:00,3.72,-0.01,100,37200,卖盘
1495,10:37:57,3.73,0.01,25,9325,买盘
1496,10:37:51,3.72,--,49,18228,卖盘
1497,10:37:42,3.72,-0.01,200,74400,卖盘
1498,10:37:36,3.73,--,15,5595,买盘
1499,10:37:27,3.73,--,447,166731,卖盘
1500,10:37:20,3.73,--,84,31332,卖盘
1501,10:37:15,3.73,--,51,19023,卖盘
1502,10:37:12,3.73,0.01,360,134280,买盘
1503,10:36:57,3.72,-0.01,787,292764,卖盘
1504,10:36:51,3.73,--,51,19023,卖盘
1505,10:36:45,3.73,-0.01,178,66394,卖盘
1506,10:36:42,3.74,0.02,24,8976,买盘
1507,10:36:36,3.72,-0.02,312,116064,卖盘
1508,10:36:30,3.74,0.01,251,93874,买盘
1509,10:36:27,3.73,--,1180,440140,卖盘
1510,10:36:21,3.73,--,100,37300,卖盘
1511,10:36:15,3.73,-0.01,50,18650,卖盘
1512,10:36:12,3.74,0.01,218,81532,买盘
1513,10:36:06,3.73,--,100,37300,卖盘
1514,10:36:00,3.73,-0.01,54,20142,卖盘
1515,10:35:57,3.74,0.01,1048,391952,买盘
1516,10:35:51,3.73,--,109,40657,卖盘
1517,10:35:42,3.73,--,3179,1185767,卖盘
1518,10:35:36,3.73,--,20,7460,卖盘
1519,10:35:30,3.73,--,54,20142,卖盘
1520,10:35:26,3.73,--,18,6714,卖盘
1521,10:35:21,3.73,--,360,134280,卖盘
1522,10:35:15,3.73,--,69,25737,卖盘
1523,10:35:12,3.73,--,30,11190,卖盘
1524,10:35:06,3.73,--,40,14920,卖盘
1525,10:34:51,3.73,--,144,53712,卖盘
1526,10:34:42,3.73,--,7,2611,卖盘
1527,10:34:15,3.73,--,86,32078,卖盘
1528,10:33:51,3.73,--,100,37300,卖盘
1529,10:33:45,3.73,--,43,16039,卖盘
1530,10:33:26,3.73,--,20,7460,卖盘
1531,10:33:15,3.73,--,21,7833,卖盘
1532,10:32:51,3.73,--,50,18650,卖盘
1533,10:32:39,3.73,--,350,130550,卖盘
1534,10:32:36,3.73,--,15,5595,卖盘
1535,10:32:24,3.73,-0.01,10,3730,卖盘
1536,10:32:15,3.74,0.01,85,31790,买盘
1537,10:32:06,3.73,--,140,52220,卖盘
1538,10:32:00,3.73,-0.01,64,23872,卖盘
1539,10:31:51,3.74,0.01,1,374,买盘
1540,10:31:44,3.73,--,100,37300,卖盘
1541,10:31:36,3.73,--,2,746,卖盘
1542,10:31:29,3.73,--,13,4849,卖盘
1543,10:31:21,3.73,-0.01,19,7087,卖盘
1544,10:31:15,3.74,--,2325,869550,买盘
1545,10:31:06,3.74,0.02,8315,3109933,买盘
1546,10:31:00,3.72,--,59,21948,卖盘
1547,10:30:54,3.72,--,10,3720,卖盘
1548,10:30:51,3.72,--,205,76260,卖盘
1549,10:30:45,3.72,--,26,9672,卖盘
1550,10:30:39,3.72,-0.01,443,164796,卖盘
1551,10:30:36,3.73,0.01,90,33570,买盘
1552,10:30:30,3.72,-0.01,188,69936,卖盘
1553,10:30:21,3.73,--,39,14547,买盘
1554,10:30:15,3.73,0.01,50,18650,买盘
1555,10:30:09,3.72,--,15,5580,卖盘
1556,10:30:06,3.72,-0.01,3,1116,卖盘
1557,10:30:00,3.73,--,65,24245,买盘
1558,10:29:51,3.73,0.01,290,108170,买盘
1559,10:29:45,3.72,--,372,138384,卖盘
1560,10:29:36,3.72,--,223,82956,卖盘
1561,10:29:30,3.72,-0.01,61,22692,卖盘
1562,10:29:20,3.73,--,157,58561,买盘
1563,10:29:14,3.73,--,210,78330,买盘
1564,10:29:06,3.73,--,333,124209,买盘
1565,10:29:00,3.73,--,170,63410,买盘
1566,10:28:53,3.73,0.01,10,3730,买盘
1567,10:28:51,3.72,-0.01,580,215760,卖盘
1568,10:28:45,3.73,--,238,88774,买盘
1569,10:28:36,3.73,--,125,46625,买盘
1570,10:28:30,3.73,--,137,51101,买盘
1571,10:28:21,3.73,--,34,12682,买盘
1572,10:28:15,3.73,--,92,34316,买盘
1573,10:28:09,3.73,--,33,12309,买盘
1574,10:28:06,3.73,--,3,1119,买盘
1575,10:28:00,3.73,0.01,50,18650,买盘
1576,10:27:54,3.72,--,133,49476,卖盘
1577,10:27:51,3.72,-0.01,43,15996,卖盘
1578,10:27:45,3.73,0.01,172,64156,买盘
1579,10:27:39,3.72,--,6,2232,卖盘
1580,10:27:36,3.72,-0.01,378,140616,卖盘
1581,10:27:24,3.73,--,15,5595,买盘
1582,10:27:15,3.73,0.01,60,22380,买盘
1583,10:27:09,3.72,-0.01,72,26784,卖盘
1584,10:26:59,3.73,--,111,41403,买盘
1585,10:26:54,3.73,--,120,44760,买盘
1586,10:26:50,3.73,--,98,36554,买盘
1587,10:26:45,3.73,--,27,10071,买盘
1588,10:26:39,3.73,--,302,112646,买盘
1589,10:26:35,3.73,--,20,7460,买盘
1590,10:26:30,3.73,--,63,23499,买盘
1591,10:26:24,3.73,--,190,70870,买盘
1592,10:26:15,3.73,--,17,6341,买盘
1593,10:26:09,3.73,--,50,18650,买盘
1594,10:26:00,3.73,--,102,38046,买盘
1595,10:25:54,3.73,--,312,116376,买盘
1596,10:25:50,3.73,--,25,9325,买盘
1597,10:25:45,3.73,0.01,93,34689,买盘
1598,10:25:39,3.72,-0.01,225,83700,卖盘
1599,10:25:24,3.73,--,210,78330,买盘
1600,10:25:15,3.73,--,640,238720,买盘
1601,10:25:09,3.73,0.01,75,27975,买盘
1602,10:25:03,3.72,-0.01,12,4464,卖盘
1603,10:25:00,3.73,0.01,176,65648,买盘
1604,10:24:54,3.72,--,75,27900,卖盘
1605,10:24:50,3.72,-0.01,4,1488,卖盘
1606,10:24:45,3.73,--,193,71989,买盘
1607,10:24:39,3.73,--,62,23126,买盘
1608,10:24:34,3.73,0.01,100,37300,买盘
1609,10:24:30,3.72,-0.01,128,47616,卖盘
1610,10:24:24,3.73,--,53,19769,买盘
1611,10:24:15,3.73,--,169,63037,买盘
1612,10:24:09,3.73,--,45,16785,买盘
1613,10:24:03,3.73,--,49,18277,买盘
1614,10:23:59,3.73,--,46,17158,买盘
1615,10:23:54,3.73,--,84,31332,买盘
1616,10:23:48,3.73,--,50,18650,买盘
1617,10:23:45,3.73,0.01,121,45133,买盘
1618,10:23:39,3.72,-0.01,110,40920,卖盘
1619,10:23:33,3.73,0.01,100,37300,买盘
1620,10:23:30,3.72,-0.01,328,122016,卖盘
1621,10:23:24,3.73,--,137,51101,买盘
1622,10:23:17,3.73,--,28,10444,买盘
1623,10:23:15,3.73,--,444,165612,买盘
1624,10:23:09,3.73,0.01,733,273409,买盘
1625,10:22:59,3.72,-0.01,400,148800,卖盘
1626,10:22:53,3.73,--,67,24991,买盘
1627,10:22:45,3.73,0.01,219,81687,买盘
1628,10:22:39,3.72,-0.01,73,27156,卖盘
1629,10:22:33,3.73,0.01,95,35435,买盘
1630,10:22:29,3.72,--,145,53940,卖盘
1631,10:22:23,3.72,-0.01,43,15996,卖盘
1632,10:22:15,3.73,--,90,33570,买盘
1633,10:22:09,3.73,0.01,286,106678,买盘
1634,10:22:02,3.72,-0.01,50,18600,卖盘
1635,10:22:00,3.73,0.01,12,4476,买盘
1636,10:21:54,3.72,--,69,25668,卖盘
1637,10:21:45,3.72,--,133,49476,卖盘
1638,10:21:38,3.72,--,92,34224,卖盘
1639,10:21:33,3.72,-0.01,10,3720,卖盘
1640,10:21:09,3.73,--,4,1492,买盘
1641,10:20:59,3.73,--,17,6341,买盘
1642,10:20:54,3.73,--,22,8206,买盘
1643,10:20:38,3.73,0.01,33,12309,买盘
1644,10:20:29,3.72,-0.01,127,47244,卖盘
1645,10:20:23,3.73,0.01,93,34689,买盘
1646,10:20:17,3.72,-0.01,2,744,卖盘
1647,10:20:15,3.73,--,53,19769,买盘
1648,10:20:03,3.73,0.01,8,2984,买盘
1649,10:19:59,3.72,-0.01,10,3720,卖盘
1650,10:19:54,3.73,--,26,9698,买盘
1651,10:19:47,3.73,--,18,6714,买盘
1652,10:19:39,3.73,0.01,7,2611,买盘
1653,10:19:33,3.72,-0.01,17,6324,卖盘
1654,10:19:29,3.73,--,12,4476,买盘
1655,10:19:24,3.73,--,25,9325,买盘
1656,10:19:18,3.73,--,20,7460,买盘
1657,10:19:14,3.73,0.01,32,11936,买盘
1658,10:19:08,3.72,-0.01,40,14880,卖盘
1659,10:19:02,3.73,--,71,26483,买盘
1660,10:18:57,3.73,--,28,10444,买盘
1661,10:18:54,3.73,--,2,746,买盘
1662,10:18:47,3.73,--,36,13428,买盘
1663,10:18:39,3.73,0.01,114,42522,买盘
1664,10:18:32,3.72,-0.01,30,11160,卖盘
1665,10:18:27,3.73,--,20,7460,买盘
1666,10:18:24,3.73,0.01,3,1119,买盘
1667,10:18:17,3.72,-0.01,14,5208,卖盘
1668,10:18:08,3.73,--,21,7833,买盘
1669,10:18:03,3.73,0.01,178,66394,买盘
1670,10:17:57,3.72,--,450,167400,卖盘
1671,10:17:53,3.72,-0.01,59,21948,卖盘
1672,10:17:47,3.73,--,5,1865,买盘
1673,10:17:38,3.73,--,146,54458,买盘
1674,10:17:33,3.73,--,399,148827,买盘
1675,10:17:29,3.73,--,20,7460,买盘
1676,10:17:17,3.73,--,322,120106,买盘
1677,10:17:08,3.73,0.01,970,361810,买盘
1678,10:17:02,3.72,-0.01,35,13020,卖盘
1679,10:16:53,3.73,--,110,41030,买盘
1680,10:16:48,3.73,0.01,240,89520,买盘
1681,10:16:42,3.72,-0.01,2,744,卖盘
1682,10:16:38,3.73,--,444,165612,买盘
1683,10:16:33,3.73,--,101,37673,买盘
1684,10:16:27,3.73,--,14,5222,买盘
1685,10:16:23,3.73,--,6,2238,买盘
1686,10:16:17,3.73,--,19,7087,买盘
1687,10:16:08,3.73,--,8,2984,买盘
1688,10:16:02,3.73,0.01,57,21261,买盘
1689,10:15:54,3.72,-0.01,176,65472,卖盘
1690,10:15:47,3.73,--,32,11936,买盘
1691,10:15:41,3.73,0.01,24,8952,买盘
1692,10:15:38,3.72,-0.01,5,1860,卖盘
1693,10:15:33,3.73,--,43,16039,买盘
1694,10:15:27,3.73,--,130,48490,买盘
1695,10:15:23,3.73,--,1,373,买盘
1696,10:15:17,3.73,--,2,746,买盘
1697,10:15:08,3.73,--,24,8952,买盘
1698,10:15:02,3.73,--,98,36554,买盘
1699,10:14:56,3.73,--,76,28348,买盘
1700,10:14:53,3.73,0.01,13,4849,买盘
1701,10:14:47,3.72,-0.01,12,4464,卖盘
1702,10:14:38,3.73,--,8,2984,买盘
1703,10:14:32,3.73,0.01,7,2611,买盘
1704,10:14:27,3.72,-0.01,1,372,卖盘
1705,10:14:23,3.73,--,3,1119,买盘
1706,10:14:17,3.73,0.01,28,10444,买盘
1707,10:14:12,3.72,-0.01,65,24180,卖盘
1708,10:14:08,3.73,--,364,135772,买盘
1709,10:14:02,3.73,0.01,1170,436410,买盘
1710,10:13:57,3.72,-0.01,510,189720,卖盘
1711,10:13:53,3.73,--,6,2238,买盘
1712,10:13:48,3.73,0.01,20,7460,买盘
1713,10:13:42,3.72,-0.01,10,3720,卖盘
1714,10:13:38,3.73,--,119,44387,买盘
1715,10:13:33,3.73,0.01,419,156287,买盘
1716,10:13:26,3.72,-0.01,650,241800,卖盘
1717,10:13:23,3.73,--,100,37300,买盘
1718,10:13:17,3.73,--,68,25364,买盘
1719,10:13:11,3.73,--,200,74600,买盘
1720,10:13:08,3.73,0.01,2,746,买盘
1721,10:13:03,3.72,-0.01,6,2232,卖盘
1722,10:12:47,3.73,--,4,1492,买盘
1723,10:12:41,3.73,--,302,112646,买盘
1724,10:12:38,3.73,0.01,13,4849,买盘
1725,10:12:32,3.72,--,908,337776,卖盘
1726,10:12:27,3.72,-0.01,49,18228,卖盘
1727,10:12:17,3.73,--,129,48117,买盘
1728,10:12:11,3.73,--,108,40284,买盘
1729,10:12:08,3.73,--,329,122717,买盘
1730,10:12:02,3.73,--,241,89893,买盘
1731,10:11:56,3.73,0.01,3,1119,买盘
1732,10:11:53,3.72,-0.01,6,2232,卖盘
1733,10:11:41,3.73,0.01,68,25364,买盘
1734,10:11:33,3.72,-0.01,216,80352,卖盘
1735,10:11:27,3.73,--,118,44014,买盘
1736,10:11:18,3.73,--,279,104067,买盘
1737,10:11:11,3.73,--,117,43641,买盘
1738,10:11:07,3.73,--,199,74227,买盘
1739,10:11:02,3.73,--,64,23872,买盘
1740,10:10:57,3.73,0.01,3,1119,买盘
1741,10:10:51,3.72,-0.01,196,72912,卖盘
1742,10:10:47,3.73,--,75,27975,买盘
1743,10:10:41,3.73,--,322,120106,买盘
1744,10:10:32,3.73,--,367,136891,买盘
1745,10:10:26,3.73,0.01,102,38046,买盘
1746,10:10:17,3.72,-0.01,505,187860,卖盘
1747,10:10:11,3.73,0.01,6,2238,买盘
1748,10:10:07,3.72,--,196,72912,卖盘
1749,10:10:02,3.72,-0.01,421,156612,卖盘
1750,10:09:47,3.73,0.01,13,4849,买盘
1751,10:09:41,3.72,-0.01,158,58776,卖盘
1752,10:09:32,3.73,0.01,434,161882,买盘
1753,10:09:26,3.72,-0.01,229,85188,卖盘
1754,10:09:20,3.73,--,10,3730,买盘
1755,10:09:17,3.73,--,141,52593,买盘
1756,10:09:12,3.73,0.01,146,54458,买盘
1757,10:09:05,3.72,-0.01,196,72912,卖盘
1758,10:09:02,3.73,--,365,136145,买盘
1759,10:08:56,3.73,--,14,5222,买盘
1760,10:08:50,3.73,0.01,37,13801,买盘
1761,10:08:48,3.72,-0.01,4,1488,卖盘
1762,10:08:42,3.73,0.01,2,746,买盘
1763,10:08:32,3.72,--,54,20088,卖盘
1764,10:08:27,3.72,--,161,59892,卖盘
1765,10:08:17,3.72,-0.01,68,25296,卖盘
1766,10:08:11,3.73,--,2,746,买盘
1767,10:08:05,3.73,--,8,2984,买盘
1768,10:08:02,3.73,--,51,19023,买盘
1769,10:07:56,3.73,--,141,52593,买盘
1770,10:07:47,3.73,--,10,3730,买盘
1771,10:07:41,3.73,--,92,34316,买盘
1772,10:07:35,3.73,--,276,102948,买盘
1773,10:07:32,3.73,--,8,2984,买盘
1774,10:07:26,3.73,--,47,17531,买盘
1775,10:07:20,3.73,0.01,92,34316,买盘
1776,10:07:17,3.72,--,227,84667,卖盘
1777,10:07:11,3.72,--,13,4836,卖盘
1778,10:07:05,3.72,--,509,189348,卖盘
1779,10:07:02,3.72,--,9,3348,卖盘
1780,10:06:57,3.72,--,72,26784,卖盘
1781,10:06:47,3.72,-0.01,208,77376,卖盘
1782,10:06:41,3.73,0.01,13,4849,买盘
1783,10:06:32,3.72,-0.01,39,14508,卖盘
1784,10:06:26,3.73,0.01,29,10817,买盘
1785,10:06:20,3.72,-0.01,88,32736,卖盘
1786,10:06:17,3.73,--,17,6341,买盘
1787,10:06:11,3.73,--,53,19769,买盘
1788,10:06:05,3.73,--,10,3730,买盘
1789,10:06:02,3.73,--,59,22007,买盘
1790,10:05:56,3.73,0.01,192,71616,买盘
1791,10:05:47,3.72,-0.01,96,35712,卖盘
1792,10:05:41,3.73,0.01,398,148454,买盘
1793,10:05:36,3.72,--,859,319548,卖盘
1794,10:05:26,3.72,-0.01,566,210552,卖盘
1795,10:05:21,3.73,0.01,11,4103,买盘
1796,10:05:17,3.72,--,196,72912,卖盘
1797,10:05:11,3.72,-0.01,10,3720,卖盘
1798,10:05:05,3.73,--,20,7460,买盘
1799,10:05:02,3.73,--,65,24245,买盘
1800,10:04:57,3.73,0.01,10,3730,买盘
1801,10:04:50,3.72,--,318,118296,卖盘
1802,10:04:47,3.72,--,90,33532,卖盘
1803,10:04:41,3.72,--,723,268956,卖盘
1804,10:04:35,3.72,--,307,114204,卖盘
1805,10:04:32,3.72,-0.01,1214,451608,卖盘
1806,10:04:26,3.73,--,981,365965,买盘
1807,10:04:20,3.73,--,74,27602,买盘
1808,10:04:16,3.73,--,2700,1007100,买盘
1809,10:04:11,3.73,0.01,83,30959,买盘
1810,10:04:05,3.72,-0.01,38,14188,卖盘
1811,10:03:56,3.73,--,75,27975,买盘
1812,10:03:50,3.73,0.01,212,79076,买盘
1813,10:03:47,3.72,-0.01,29,10840,卖盘
1814,10:03:41,3.73,--,35,13055,买盘
1815,10:03:35,3.73,--,10,3730,买盘
1816,10:03:26,3.73,--,42,15718,买盘
1817,10:03:20,3.73,--,61,22753,买盘
1818,10:03:14,3.73,--,21,7833,买盘
1819,10:03:11,3.73,--,201,74973,买盘
1820,10:03:05,3.73,--,309,115309,买盘
1821,10:02:56,3.73,--,127,47371,买盘
1822,10:02:50,3.73,0.01,129,48117,买盘
1823,10:02:46,3.72,-0.01,29,10840,卖盘
1824,10:02:41,3.73,0.01,71,26483,买盘
1825,10:02:35,3.72,-0.01,225,83700,卖盘
1826,10:02:30,3.73,0.01,2,746,买盘
1827,10:02:26,3.72,-0.01,429,159640,卖盘
1828,10:02:20,3.73,--,69,25737,买盘
1829,10:02:14,3.73,--,371,138383,买盘
1830,10:02:11,3.73,--,211,78703,买盘
1831,10:02:05,3.73,--,223,83231,买盘
1832,10:01:59,3.73,0.01,343,127939,买盘
1833,10:01:56,3.72,-0.01,108,40176,卖盘
1834,10:01:50,3.73,0.01,103,38419,买盘
1835,10:01:44,3.72,-0.01,398,148108,卖盘
1836,10:01:41,3.73,--,522,194706,买盘
1837,10:01:35,3.73,0.01,656,244688,买盘
1838,10:01:29,3.72,-0.01,29,10788,卖盘
1839,10:01:26,3.73,--,34,12734,买盘
1840,10:01:20,3.73,0.01,52,19396,买盘
1841,10:01:15,3.72,-0.01,122,45384,卖盘
1842,10:01:11,3.73,0.01,39,14547,买盘
1843,10:01:05,3.72,--,97,36136,卖盘
1844,10:00:56,3.72,--,214,79608,卖盘
1845,10:00:50,3.72,--,123,45808,买盘
1846,10:00:44,3.72,--,144,53568,买盘
1847,10:00:41,3.72,--,92,34224,卖盘
1848,10:00:35,3.72,--,185,68820,买盘
1849,10:00:29,3.72,--,4,1488,卖盘
1850,10:00:26,3.72,--,565,210499,卖盘
1851,10:00:20,3.72,-0.01,137,50964,卖盘
1852,10:00:11,3.73,--,264,98472,买盘
1853,10:00:05,3.73,0.01,612,228328,买盘
1854,09:59:59,3.72,-0.01,30,11160,中性盘
1855,09:59:56,3.73,0.01,537,200301,买盘
1856,09:59:50,3.72,-0.01,661,245892,中性盘
1857,09:59:44,3.73,0.01,849,316677,买盘
1858,09:59:41,3.72,0.01,589,219108,买盘
1859,09:59:35,3.71,-0.01,147,54537,卖盘
1860,09:59:29,3.72,--,30,11160,买盘
1861,09:59:26,3.72,--,378,140616,买盘
1862,09:59:20,3.72,--,137,50964,卖盘
1863,09:59:14,3.72,-0.01,7,2604,卖盘
1864,09:59:10,3.73,0.01,942,351366,买盘
1865,09:59:05,3.72,--,2715,1010136,买盘
1866,09:58:59,3.72,--,53,19716,买盘
1867,09:58:56,3.72,0.01,99,36828,买盘
1868,09:58:50,3.71,-0.01,269,100069,卖盘
1869,09:58:44,3.72,--,139,51708,买盘
1870,09:58:41,3.72,--,519,193068,买盘
1871,09:58:35,3.72,--,245,91340,卖盘
1872,09:58:29,3.72,-0.01,58,21847,卖盘
1873,09:58:26,3.73,0.01,17,6341,买盘
1874,09:58:20,3.72,--,73,27427,买盘
1875,09:58:14,3.72,--,75,27900,买盘
1876,09:58:11,3.72,--,1,372,卖盘
1877,09:58:05,3.72,--,106,39432,卖盘
1878,09:57:59,3.72,-0.01,102,37944,中性盘
1879,09:57:50,3.73,0.01,182,67886,买盘
1880,09:57:44,3.72,--,548,203986,卖盘
1881,09:57:41,3.72,-0.01,54,20088,卖盘
1882,09:57:35,3.73,0.01,406,151438,买盘
1883,09:57:29,3.72,-0.01,71,26683,卖盘
1884,09:57:25,3.73,--,39,14547,买盘
1885,09:57:21,3.73,0.01,122,45506,买盘
1886,09:57:14,3.72,-0.01,317,118195,卖盘
1887,09:57:10,3.73,0.01,20,7460,买盘
1888,09:57:05,3.72,-0.01,582,216504,卖盘
1889,09:56:59,3.73,0.01,59,22007,买盘
1890,09:56:56,3.72,-0.01,2,744,卖盘
1891,09:56:50,3.73,0.01,176,65920,买盘
1892,09:56:44,3.72,--,46,17112,卖盘
1893,09:56:39,3.72,-0.01,435,161820,卖盘
1894,09:56:35,3.73,0.01,197,73481,买盘
1895,09:56:29,3.72,-0.01,274,102199,卖盘
1896,09:56:20,3.73,--,123,45879,买盘
1897,09:56:15,3.73,0.01,372,138756,买盘
1898,09:56:11,3.72,-0.01,40,15151,卖盘
1899,09:56:05,3.73,0.01,534,199182,买盘
1900,09:55:59,3.72,-0.01,128,47616,卖盘
1901,09:55:50,3.73,0.01,306,114410,买盘
1902,09:55:44,3.72,-0.01,213,79236,卖盘
1903,09:55:35,3.73,0.01,32,11936,买盘
1904,09:55:29,3.72,--,106,39703,卖盘
1905,09:55:23,3.72,--,10,3720,卖盘
1906,09:55:20,3.72,--,134,49848,卖盘
1907,09:55:14,3.72,--,52,19344,卖盘
1908,09:55:08,3.72,-0.01,235,87691,卖盘
1909,09:55:05,3.73,0.01,46,17158,买盘
1910,09:54:59,3.72,-0.01,251,93372,卖盘
1911,09:54:50,3.73,0.01,393,146861,买盘
1912,09:54:44,3.72,-0.01,16,5952,卖盘
1913,09:54:35,3.73,--,61,22753,买盘
1914,09:54:29,3.73,0.01,71,26755,买盘
1915,09:54:23,3.72,-0.01,50,18600,卖盘
1916,09:54:20,3.73,0.01,31,11563,买盘
1917,09:54:14,3.72,--,141,52452,卖盘
1918,09:54:08,3.72,-0.01,39,14779,卖盘
1919,09:54:05,3.73,--,259,96607,买盘
1920,09:53:59,3.73,--,13,4849,买盘
1921,09:53:50,3.73,0.01,110,41302,买盘
1922,09:53:44,3.72,-0.01,248,92256,卖盘
1923,09:53:35,3.73,0.01,160,59680,买盘
1924,09:53:29,3.72,--,181,67332,卖盘
1925,09:53:23,3.72,-0.01,4,1488,卖盘
1926,09:53:20,3.73,--,68,25364,买盘
1927,09:53:14,3.73,--,3,1119,买盘
1928,09:53:05,3.73,0.01,11,4103,买盘
1929,09:52:59,3.72,-0.01,6,2232,卖盘
1930,09:52:50,3.73,0.01,160,59680,买盘
1931,09:52:44,3.72,--,472,175881,卖盘
1932,09:52:38,3.72,-0.01,5,1860,卖盘
1933,09:52:35,3.73,0.01,261,97427,买盘
1934,09:52:29,3.72,--,489,181908,卖盘
1935,09:52:23,3.72,-0.01,491,182652,卖盘
1936,09:52:20,3.73,0.01,187,69751,买盘
1937,09:52:14,3.72,-0.01,100,37200,卖盘
1938,09:52:08,3.73,--,14,5222,买盘
1939,09:52:05,3.73,--,107,39911,买盘
1940,09:51:59,3.73,0.01,44,16412,买盘
1941,09:51:53,3.72,--,44,16368,买盘
1942,09:51:49,3.72,-0.01,161,59892,卖盘
1943,09:51:44,3.73,0.02,157,58561,买盘
1944,09:51:38,3.71,-0.01,287,106477,卖盘
1945,09:51:35,3.72,-0.01,104,38688,买盘
1946,09:51:29,3.73,0.01,254,94742,买盘
1947,09:51:23,3.72,-0.01,522,194247,卖盘
1948,09:51:14,3.73,0.01,207,77520,买盘
1949,09:51:08,3.72,--,137,50964,卖盘
1950,09:51:05,3.72,--,196,72912,买盘
1951,09:50:59,3.72,--,63,23436,买盘
1952,09:50:53,3.72,--,63,23436,买盘
1953,09:50:50,3.72,-0.01,26,9735,卖盘
1954,09:50:44,3.73,0.01,269,100337,买盘
1955,09:50:38,3.72,0.01,303,113024,买盘
1956,09:50:35,3.71,-0.01,12,4452,卖盘
1957,09:50:29,3.72,--,636,236592,买盘
1958,09:50:23,3.72,0.01,1806,671832,买盘
1959,09:50:18,3.71,-0.01,10,3710,卖盘
1960,09:50:14,3.72,--,627,233244,买盘
1961,09:50:08,3.72,0.01,438,162936,买盘
1962,09:50:03,3.71,--,128,47636,卖盘
1963,09:49:59,3.71,--,1085,402535,卖盘
1964,09:49:53,3.71,-0.01,2432,902272,卖盘
1965,09:49:44,3.72,0.01,666,247752,买盘
1966,09:49:38,3.71,-0.01,518,192178,卖盘
1967,09:49:34,3.72,--,326,121272,买盘
1968,09:49:29,3.72,--,379,140988,买盘
1969,09:49:23,3.72,0.01,575,213900,买盘
1970,09:49:18,3.71,-0.01,61,22631,卖盘
1971,09:49:14,3.72,--,110,40920,买盘
1972,09:49:08,3.72,--,141,52452,买盘
1973,09:49:04,3.72,--,30,11160,买盘
1974,09:48:59,3.72,0.01,136,50592,买盘
1975,09:48:53,3.71,-0.01,91,33761,卖盘
1976,09:48:49,3.72,--,129,47988,买盘
1977,09:48:44,3.72,0.01,711,264492,买盘
1978,09:48:38,3.71,-0.01,2144,795424,卖盘
1979,09:48:32,3.72,--,12,4464,买盘
1980,09:48:29,3.72,--,105,39060,买盘
1981,09:48:23,3.72,--,54,20088,买盘
1982,09:48:14,3.72,--,17,6324,买盘
1983,09:48:08,3.72,--,73,27156,买盘
1984,09:47:59,3.72,0.01,138,51336,买盘
1985,09:47:53,3.71,--,161,59731,卖盘
1986,09:47:47,3.71,--,10,3710,卖盘
1987,09:47:44,3.71,-0.01,471,174741,卖盘
1988,09:47:38,3.72,--,126,46872,买盘
1989,09:47:32,3.72,--,40,14880,买盘
1990,09:47:29,3.72,--,538,200136,买盘
1991,09:47:23,3.72,--,614,228408,买盘
1992,09:47:17,3.72,--,4,1488,买盘
1993,09:47:13,3.72,--,31,11532,买盘
1994,09:47:08,3.72,0.01,12,4464,买盘
1995,09:47:02,3.71,-0.01,94,34963,卖盘
1996,09:46:59,3.72,--,19,7068,买盘
1997,09:46:53,3.72,0.01,39,14508,买盘
1998,09:46:47,3.71,--,57,21147,卖盘
1999,09:46:44,3.71,--,130,48230,卖盘
2000,09:46:38,3.71,-0.01,41,15211,卖盘
2001,09:46:32,3.72,--,10,3720,买盘
2002,09:46:29,3.72,--,10,3720,买盘
2003,09:46:23,3.72,--,24,8939,买盘
2004,09:46:17,3.72,0.01,10,3720,买盘
2005,09:46:08,3.71,--,1,371,卖盘
2006,09:45:53,3.71,-0.01,82,30422,卖盘
2007,09:45:47,3.72,0.01,30,11160,买盘
2008,09:45:44,3.71,--,1904,706636,卖盘
2009,09:45:38,3.71,-0.01,161,59731,卖盘
2010,09:45:32,3.72,0.01,105,39060,买盘
2011,09:45:29,3.71,-0.01,201,74571,卖盘
2012,09:45:23,3.72,--,514,191420,买盘
2013,09:45:17,3.72,--,2,744,买盘
2014,09:45:14,3.72,0.01,671,249612,买盘
2015,09:45:08,3.71,-0.01,108,40068,卖盘
2016,09:45:02,3.72,0.01,112,41664,买盘
2017,09:44:59,3.71,-0.01,309,114987,卖盘
2018,09:44:53,3.72,0.01,541,201400,买盘
2019,09:44:47,3.71,-0.01,850,315350,卖盘
2020,09:44:38,3.72,0.01,1005,373860,买盘
2021,09:44:32,3.71,-0.01,1001,371371,卖盘
2022,09:44:28,3.72,--,41,15252,买盘
2023,09:44:23,3.72,--,50,18600,买盘
2024,09:44:17,3.72,--,1001,372372,买盘
2025,09:44:13,3.72,--,243,90396,买盘
2026,09:44:02,3.72,0.01,1475,548700,买盘
2027,09:43:59,3.71,-0.01,184,68264,卖盘
2028,09:43:53,3.72,--,30,11160,买盘
2029,09:43:47,3.72,--,83,30876,买盘
2030,09:43:43,3.72,--,10,3720,买盘
2031,09:43:38,3.72,--,284,105648,买盘
2032,09:43:32,3.72,--,459,170748,买盘
2033,09:43:23,3.72,--,220,81840,买盘
2034,09:43:17,3.72,0.01,84,31248,买盘
2035,09:43:12,3.71,--,108,40068,卖盘
2036,09:43:08,3.71,--,4,1484,卖盘
2037,09:43:02,3.71,--,424,157304,卖盘
2038,09:42:47,3.71,-0.01,2601,964971,卖盘
2039,09:42:38,3.72,0.01,76,28272,买盘
2040,09:42:32,3.71,--,90,33390,卖盘
2041,09:42:28,3.71,--,54,20034,卖盘
2042,09:42:23,3.71,--,317,117607,卖盘
2043,09:42:17,3.71,-0.01,213,79045,卖盘
2044,09:42:12,3.72,--,1967,731724,买盘
2045,09:42:08,3.72,--,158,58776,买盘
2046,09:42:02,3.72,--,307,114204,买盘
2047,09:41:57,3.72,0.01,105,39060,买盘
2048,09:41:53,3.71,-0.01,125,46375,卖盘
2049,09:41:47,3.72,0.01,50,18600,买盘
2050,09:41:43,3.71,--,60,22260,卖盘
2051,09:41:38,3.71,--,812,301252,卖盘
2052,09:41:32,3.71,--,84,31164,卖盘
2053,09:41:26,3.71,-0.01,187,69377,卖盘
2054,09:41:23,3.72,0.01,1202,447144,买盘
2055,09:41:17,3.71,-0.01,4,1484,卖盘
2056,09:41:11,3.72,0.01,502,186744,买盘
2057,09:41:08,3.71,-0.01,1,371,卖盘
2058,09:41:02,3.72,--,67,24924,买盘
2059,09:40:56,3.72,--,681,253332,买盘
2060,09:40:53,3.72,0.01,447,166284,买盘
2061,09:40:47,3.71,-0.01,180,66780,卖盘
2062,09:40:38,3.72,0.01,1096,407782,买盘
2063,09:40:32,3.71,-0.01,119,44149,卖盘
2064,09:40:26,3.72,--,51,18972,买盘
2065,09:40:17,3.72,--,40,14880,买盘
2066,09:40:11,3.72,--,9,3348,买盘
2067,09:40:08,3.72,--,327,121644,买盘
2068,09:40:02,3.72,--,69,25668,买盘
2069,09:39:56,3.72,--,45,16740,买盘
2070,09:39:53,3.72,--,367,136524,买盘
2071,09:39:41,3.72,0.01,53,19716,买盘
2072,09:39:38,3.71,--,5133,1904343,卖盘
2073,09:39:32,3.71,--,22,8162,卖盘
2074,09:39:26,3.71,-0.01,20,7420,卖盘
2075,09:39:23,3.72,--,5582,2076504,买盘
2076,09:39:17,3.72,--,55,20460,买盘
2077,09:39:08,3.72,0.01,4,1488,买盘
2078,09:39:02,3.71,-0.01,5,1855,卖盘
2079,09:38:56,3.72,0.01,397,147684,买盘
2080,09:38:53,3.71,--,604,224158,卖盘
2081,09:38:47,3.71,--,140,51940,卖盘
2082,09:38:41,3.71,--,506,187781,卖盘
2083,09:38:38,3.71,--,816,302736,卖盘
2084,09:38:32,3.71,--,48,17808,卖盘
2085,09:38:26,3.71,--,168,62328,卖盘
2086,09:38:23,3.71,--,467,173312,卖盘
2087,09:38:17,3.71,--,134,49714,卖盘
2088,09:38:11,3.71,--,5,1855,卖盘
2089,09:38:08,3.71,--,168,62328,卖盘
2090,09:38:02,3.71,--,646,239721,卖盘
2091,09:37:56,3.71,-0.01,1244,461524,卖盘
2092,09:37:53,3.72,0.01,289,107508,买盘
2093,09:37:47,3.71,--,55,20405,卖盘
2094,09:37:41,3.71,--,471,174796,卖盘
2095,09:37:37,3.71,-0.01,103,38213,卖盘
2096,09:37:32,3.72,0.01,237,88164,买盘
2097,09:37:26,3.71,--,508,188468,卖盘
2098,09:37:23,3.71,-0.01,23,8533,卖盘
2099,09:37:17,3.72,--,294,109368,买盘
2100,09:37:11,3.72,--,23,8556,买盘
2101,09:37:07,3.72,0.01,83,30876,买盘
2102,09:37:02,3.71,-0.01,203,75313,卖盘
2103,09:36:56,3.72,--,21,7812,买盘
2104,09:36:47,3.72,--,218,81096,买盘
2105,09:36:41,3.72,--,100,37200,买盘
2106,09:36:32,3.72,--,233,86676,买盘
2107,09:36:25,3.72,--,144,53568,买盘
2108,09:36:17,3.72,--,49,18228,买盘
2109,09:36:07,3.72,--,210,78120,买盘
2110,09:36:01,3.72,0.01,78,29016,买盘
2111,09:35:56,3.71,--,252,93492,卖盘
2112,09:35:53,3.71,-0.01,248,92008,卖盘
2113,09:35:47,3.72,0.01,169,62868,买盘
2114,09:35:41,3.71,-0.01,134,49714,卖盘
2115,09:35:36,3.72,--,33,12276,买盘
2116,09:35:32,3.72,0.01,9,3348,买盘
2117,09:35:26,3.71,-0.01,122,45262,卖盘
2118,09:35:11,3.72,--,736,273866,买盘
2119,09:35:07,3.72,--,66,24552,买盘
2120,09:35:02,3.72,--,845,314340,买盘
2121,09:34:56,3.72,--,181,67332,买盘
2122,09:34:50,3.72,--,1,372,买盘
2123,09:34:47,3.72,--,8,2976,买盘
2124,09:34:41,3.72,--,270,100440,买盘
2125,09:34:32,3.72,--,114,42408,买盘
2126,09:34:26,3.72,--,43,15996,买盘
2127,09:34:21,3.72,--,140,52080,买盘
2128,09:34:17,3.72,--,262,97464,卖盘
2129,09:34:11,3.72,--,2234,831048,卖盘
2130,09:34:05,3.72,--,16,5952,卖盘
2131,09:33:56,3.72,--,2,744,卖盘
2132,09:33:47,3.72,--,188,69936,卖盘
2133,09:33:41,3.72,--,33,12276,卖盘
2134,09:33:35,3.72,--,35,13020,卖盘
2135,09:33:32,3.72,--,58,21576,卖盘
2136,09:33:26,3.72,-0.01,21,7812,卖盘
2137,09:33:20,3.73,0.01,84,31332,买盘
2138,09:33:17,3.72,--,100,37200,卖盘
2139,09:33:11,3.72,--,25,9300,卖盘
2140,09:33:05,3.72,--,165,61380,买盘
2141,09:33:02,3.72,--,440,163680,买盘
2142,09:32:56,3.72,0.01,269,100068,买盘
2143,09:32:50,3.71,-0.01,30,11130,卖盘
2144,09:32:47,3.72,--,58,21576,买盘
2145,09:32:41,3.72,--,255,94860,买盘
2146,09:32:31,3.72,--,786,292392,买盘
2147,09:32:25,3.72,--,8,2976,买盘
2148,09:32:20,3.72,--,29,10788,买盘
2149,09:32:17,3.72,--,147,54684,买盘
2150,09:32:11,3.72,--,51,18972,买盘
2151,09:32:05,3.72,-0.01,526,195672,卖盘
2152,09:32:01,3.73,0.01,278,103694,买盘
2153,09:31:56,3.72,--,273,101556,买盘
2154,09:31:50,3.72,0.01,197,73284,买盘
2155,09:31:47,3.71,-0.01,395,146545,卖盘
2156,09:31:41,3.72,--,98,36456,买盘
2157,09:31:35,3.72,0.01,824,306528,买盘
2158,09:31:32,3.71,-0.01,415,153965,卖盘
2159,09:31:25,3.72,--,482,179304,买盘
2160,09:31:20,3.72,--,68,25296,买盘
2161,09:31:17,3.72,-0.01,984,366048,买盘
2162,09:31:10,3.73,0.01,190,70870,买盘
2163,09:31:05,3.72,-0.01,227,84444,卖盘
2164,09:31:02,3.73,--,441,164493,买盘
2165,09:30:56,3.73,0.01,425,158525,买盘
2166,09:30:50,3.72,--,166,61752,买盘
2167,09:30:47,3.72,--,1240,461280,买盘
2168,09:30:41,3.72,--,523,194556,买盘
2169,09:30:35,3.72,0.01,324,120528,买盘
2170,09:30:31,3.71,-0.01,1341,497511,卖盘
2171,09:30:26,3.72,--,571,212412,买盘
2172,09:30:20,3.72,--,70,26040,买盘
2173,09:30:17,3.72,--,290,107880,买盘
2174,09:30:11,3.72,--,245,91140,买盘
2175,09:30:05,3.72,0.01,5177,1925844,买盘
2176,09:28:52,3.71,--,0,0,卖盘
2177,09:25:02,3.71,3.71,2727,1011717,买盘
