,time,price,change,volume,amount,type
0,15:00:00,9.59,--,0,0,卖盘
1,15:00:00,9.59,--,0,0,卖盘
2,14:59:59,9.59,-0.02,50,47950,卖盘
3,14:59:57,9.61,0.02,92,88412,买盘
4,14:59:53,9.59,-0.02,157,151128,卖盘
5,14:59:47,9.61,0.01,898,862978,买盘
6,14:59:42,9.6,0.02,405,388800,买盘
7,14:59:38,9.58,--,27,25866,卖盘
8,14:59:32,9.58,-0.01,469,449302,卖盘
9,14:59:27,9.59,--,145,139055,买盘
10,14:59:23,9.59,--,106,101654,买盘
11,14:59:17,9.59,--,40,38360,卖盘
12,14:59:12,9.59,--,90,86310,买盘
13,14:59:08,9.59,--,6,5754,中性盘
14,14:59:02,9.59,--,5,4795,买盘
15,14:58:57,9.59,--,61,58499,卖盘
16,14:58:53,9.59,--,233,223447,买盘
17,14:58:47,9.59,--,152,145768,买盘
18,14:58:42,9.59,0.01,209,200431,买盘
19,14:58:38,9.58,--,98,93884,卖盘
20,14:58:32,9.58,--,1,958,卖盘
21,14:58:27,9.58,-0.01,39,37362,卖盘
22,14:58:23,9.59,0.01,27,25893,买盘
23,14:58:17,9.58,0.01,169,161902,卖盘
24,14:58:12,9.57,-0.01,76,72732,卖盘
25,14:58:08,9.58,0.01,80,76640,买盘
26,14:58:02,9.57,-0.01,11,10527,卖盘
27,14:57:57,9.58,0.02,25,23950,买盘
28,14:57:52,9.56,--,23,21988,卖盘
29,14:57:47,9.56,--,9,8604,卖盘
30,14:57:42,9.56,0.01,125,119500,买盘
31,14:57:37,9.55,--,60,57300,买盘
32,14:57:32,9.55,--,23,21965,买盘
33,14:57:27,9.55,--,44,42020,卖盘
34,14:57:22,9.55,--,90,85950,卖盘
35,14:57:17,9.55,0.02,13,12415,中性盘
36,14:57:12,9.53,-0.02,45,42885,卖盘
37,14:57:07,9.55,--,0,0,买盘
38,14:57:02,9.55,0.04,25,23875,买盘
39,14:56:57,9.51,--,30,28530,卖盘
40,14:56:52,9.51,--,0,0,卖盘
41,14:56:47,9.51,-0.02,14,13314,卖盘
42,14:56:42,9.53,0.02,454,432662,买盘
43,14:56:37,9.51,--,156,148356,买盘
44,14:56:32,9.51,--,33,31383,买盘
45,14:56:27,9.51,-0.08,1277,1214427,卖盘
46,14:56:22,9.59,0.04,55,52745,买盘
47,14:56:17,9.55,-0.04,4,3820,卖盘
48,14:56:12,9.59,--,10,9590,买盘
49,14:56:02,9.59,-0.01,8,7672,卖盘
50,14:55:57,9.6,--,18,17280,买盘
51,14:55:51,9.6,0.1,16,15360,买盘
52,14:55:47,9.5,-0.11,2000,1900000,卖盘
53,14:55:42,9.61,0.01,146,140306,买盘
54,14:55:36,9.6,-0.01,192,184320,卖盘
55,14:55:32,9.61,0.01,5,4805,买盘
56,14:55:27,9.6,-0.01,62,59520,卖盘
57,14:55:21,9.61,0.01,159,152799,买盘
58,14:55:12,9.6,-0.01,51,48960,卖盘
59,14:55:06,9.61,--,31,29791,买盘
60,14:55:02,9.61,0.01,15,14415,买盘
61,14:54:57,9.6,-0.01,62,59520,中性盘
62,14:54:51,9.61,0.01,2453,2357333,买盘
63,14:54:47,9.6,-0.01,42,40320,卖盘
64,14:54:41,9.61,--,28,26908,买盘
65,14:54:36,9.61,0.01,40,38440,买盘
66,14:54:32,9.6,-0.01,2,1920,卖盘
67,14:54:26,9.61,0.01,21,20181,买盘
68,14:54:21,9.6,--,62,59520,卖盘
69,14:54:17,9.6,-0.01,28,26880,卖盘
70,14:54:11,9.61,--,53,50933,买盘
71,14:54:06,9.61,--,27,25956,买盘
72,14:54:02,9.61,--,109,104749,买盘
73,14:53:56,9.61,--,8,7688,卖盘
74,14:53:51,9.61,--,2,1922,卖盘
75,14:53:47,9.61,0.01,1,961,中性盘
76,14:53:41,9.6,--,71,68160,卖盘
77,14:53:36,9.6,--,2,1920,卖盘
78,14:53:32,9.6,-0.01,195,187200,卖盘
79,14:53:26,9.61,0.01,1,961,买盘
80,14:53:21,9.6,0.01,56,53760,卖盘
81,14:53:17,9.59,-0.01,2,1918,卖盘
82,14:53:11,9.6,--,89,85440,买盘
83,14:53:06,9.6,--,16,15360,买盘
84,14:53:02,9.6,--,142,136320,买盘
85,14:52:56,9.6,0.01,10,9600,买盘
86,14:52:51,9.59,-0.01,56,53704,中性盘
87,14:52:47,9.6,--,100,96000,买盘
88,14:52:41,9.6,--,10,9600,买盘
89,14:52:36,9.6,--,29,27840,买盘
90,14:52:32,9.6,-0.01,158,151680,卖盘
91,14:52:21,9.61,--,2,1922,买盘
92,14:52:17,9.61,--,169,162409,卖盘
93,14:52:06,9.61,-0.01,11,10571,卖盘
94,14:51:56,9.62,0.01,5,4810,买盘
95,14:51:51,9.61,-0.01,22,21142,卖盘
96,14:51:47,9.62,--,41,39442,卖盘
97,14:51:41,9.62,--,19,18278,卖盘
98,14:51:36,9.62,--,44,42328,买盘
99,14:51:31,9.62,--,14,13467,买盘
100,14:51:21,9.62,--,163,156806,买盘
101,14:51:17,9.62,0.01,11,10582,买盘
102,14:51:11,9.61,-0.01,50,48050,卖盘
103,14:51:06,9.62,--,11,10582,买盘
104,14:51:01,9.62,0.01,4,3847,买盘
105,14:50:56,9.61,--,12,11532,卖盘
106,14:50:51,9.61,--,69,66309,买盘
107,14:50:46,9.61,0.01,44,42284,买盘
108,14:50:31,9.6,0.01,78,74880,买盘
109,14:50:21,9.59,-0.02,5,4795,中性盘
110,14:50:16,9.61,0.02,228,219108,买盘
111,14:50:11,9.59,--,5,4795,买盘
112,14:50:06,9.59,--,45,43155,买盘
113,14:50:01,9.59,--,1,959,买盘
114,14:49:56,9.59,-0.01,20,19180,买盘
115,14:49:51,9.6,0.01,100,96000,买盘
116,14:49:46,9.59,--,51,48909,卖盘
117,14:49:41,9.59,--,5,4795,卖盘
118,14:49:36,9.59,--,1,959,卖盘
119,14:49:31,9.59,0.01,7,6713,买盘
120,14:49:26,9.58,--,5,4790,卖盘
121,14:49:21,9.58,-0.01,16,15328,卖盘
122,14:49:15,9.59,0.01,210,201390,买盘
123,14:49:11,9.58,--,1,958,卖盘
124,14:49:06,9.58,--,1,958,卖盘
125,14:49:00,9.58,--,4,3832,卖盘
126,14:48:56,9.58,--,17,16286,买盘
127,14:48:50,9.58,0.01,150,143700,买盘
128,14:48:45,9.57,-0.01,52,49764,卖盘
129,14:48:41,9.58,--,106,101548,买盘
130,14:48:30,9.58,--,50,47900,买盘
131,14:48:26,9.58,0.01,50,47900,买盘
132,14:48:20,9.57,-0.01,20,19140,卖盘
133,14:48:15,9.58,0.01,10,9580,买盘
134,14:48:11,9.57,0.01,1,957,卖盘
135,14:48:00,9.56,-0.01,30,28680,卖盘
136,14:47:56,9.57,0.01,88,84216,买盘
137,14:47:50,9.56,-0.01,6,5736,卖盘
138,14:47:45,9.57,--,10,9570,买盘
139,14:47:35,9.57,--,20,19140,买盘
140,14:47:30,9.57,-0.01,18,17226,卖盘
141,14:47:26,9.58,--,22,21076,买盘
142,14:47:20,9.58,0.01,125,119750,买盘
143,14:47:15,9.57,--,25,23925,卖盘
144,14:47:11,9.57,-0.01,39,37323,中性盘
145,14:47:00,9.58,--,23,22034,买盘
146,14:46:56,9.58,--,36,34488,买盘
147,14:46:50,9.58,--,5,4790,卖盘
148,14:46:45,9.58,-0.01,61,58438,卖盘
149,14:46:35,9.59,0.03,11,10549,买盘
150,14:46:30,9.56,-0.02,113,108028,卖盘
151,14:46:26,9.58,--,20,19160,卖盘
152,14:46:20,9.58,-0.01,11,10538,卖盘
153,14:46:15,9.59,0.01,11,10549,买盘
154,14:46:11,9.58,-0.01,141,135078,卖盘
155,14:46:05,9.59,--,30,28770,买盘
156,14:46:00,9.59,-0.03,1749,1677291,卖盘
157,14:45:56,9.62,--,171,164502,卖盘
158,14:45:45,9.62,--,18,17316,卖盘
159,14:45:41,9.62,--,27,25973,买盘
160,14:45:35,9.62,--,76,73112,卖盘
161,14:45:30,9.62,--,10,9620,卖盘
162,14:45:26,9.62,--,88,84656,买盘
163,14:45:20,9.62,--,2,1923,买盘
164,14:45:15,9.62,0.01,2,1923,买盘
165,14:45:11,9.61,-0.01,2,1922,卖盘
166,14:45:05,9.62,0.01,10,9620,买盘
167,14:45:00,9.61,--,27,25947,卖盘
168,14:44:55,9.61,--,68,65347,买盘
169,14:44:50,9.61,--,10,9610,买盘
170,14:44:45,9.61,0.01,14,13454,买盘
171,14:44:40,9.6,--,733,703680,买盘
172,14:44:35,9.6,0.01,7,6720,买盘
173,14:44:25,9.59,-0.01,12,11508,中性盘
174,14:44:20,9.6,0.02,110,105600,买盘
175,14:44:15,9.58,--,10,9580,卖盘
176,14:44:10,9.58,--,38,36404,买盘
177,14:44:05,9.58,--,4,3832,买盘
178,14:44:00,9.58,--,15,14370,买盘
179,14:43:55,9.58,0.01,1,958,买盘
180,14:43:50,9.57,-0.01,84,80388,卖盘
181,14:43:45,9.58,--,22,21076,买盘
182,14:43:40,9.58,--,28,26824,买盘
183,14:43:30,9.58,--,2,1916,买盘
184,14:43:25,9.58,0.01,50,47900,买盘
185,14:43:20,9.57,--,35,33495,买盘
186,14:43:15,9.57,--,16,15312,买盘
187,14:43:10,9.57,0.01,37,35409,买盘
188,14:43:00,9.56,0.01,38,36328,买盘
189,14:42:45,9.55,0.01,83,79265,买盘
190,14:42:40,9.54,--,130,124019,买盘
191,14:42:35,9.54,--,82,78228,买盘
192,14:42:24,9.54,--,276,263304,卖盘
193,14:42:20,9.54,--,331,315774,卖盘
194,14:42:14,9.54,--,58,55331,卖盘
195,14:42:09,9.54,--,12,11447,卖盘
196,14:42:05,9.54,--,1,953,卖盘
197,14:41:54,9.54,--,42,40068,卖盘
198,14:41:50,9.54,--,11,10493,卖盘
199,14:41:44,9.54,-0.01,15,14309,卖盘
200,14:41:39,9.55,0.01,9,8595,买盘
201,14:41:35,9.54,-0.01,39,37206,买盘
202,14:41:20,9.55,--,0,0,买盘
203,14:41:09,9.55,--,42,40110,买盘
204,14:41:05,9.55,--,10,9550,买盘
205,14:40:59,9.55,0.01,2,1910,买盘
206,14:40:54,9.54,--,20,19080,卖盘
207,14:40:49,9.54,0.03,10,9540,卖盘
208,14:40:44,9.51,--,0,0,卖盘
209,14:40:39,9.51,-0.02,1006,957637,卖盘
210,14:40:35,9.53,-0.01,4,3811,卖盘
211,14:40:29,9.54,--,33,31481,买盘
212,14:40:24,9.54,0.01,23,21941,买盘
213,14:40:19,9.53,-0.01,105,100065,卖盘
214,14:40:09,9.54,--,2,1907,买盘
215,14:39:59,9.54,--,20,19080,买盘
216,14:39:54,9.54,--,35,33390,买盘
217,14:39:50,9.54,-0.01,21,20034,买盘
218,14:39:34,9.55,--,0,0,买盘
219,14:39:29,9.55,0.02,102,97410,买盘
220,14:39:24,9.53,0.01,83,79099,卖盘
221,14:39:19,9.52,--,0,0,卖盘
222,14:39:14,9.52,-0.02,116,110432,卖盘
223,14:39:09,9.54,-0.02,32,30527,卖盘
224,14:39:04,9.56,0.02,829,792524,买盘
225,14:38:59,9.54,0.01,1,953,买盘
226,14:38:44,9.53,--,0,0,卖盘
227,14:38:39,9.53,-0.01,45,42885,卖盘
228,14:38:34,9.54,--,13,12401,卖盘
229,14:38:24,9.54,--,39,37206,买盘
230,14:38:19,9.54,0.01,4,3815,买盘
231,14:38:14,9.53,--,0,0,卖盘
232,14:38:09,9.53,-0.01,16,15247,卖盘
233,14:38:04,9.54,--,144,137376,买盘
234,14:37:59,9.54,--,1,953,买盘
235,14:37:44,9.54,--,101,96353,买盘
236,14:37:39,9.54,-0.01,7,6677,卖盘
237,14:37:34,9.55,0.01,18,17190,买盘
238,14:37:29,9.54,--,48,45791,买盘
239,14:37:24,9.54,-0.01,20,19080,卖盘
240,14:37:19,9.55,--,8,7640,买盘
241,14:37:09,9.55,--,4,3820,买盘
242,14:37:04,9.55,--,83,79265,卖盘
243,14:36:59,9.55,-0.01,3,2865,卖盘
244,14:36:49,9.56,-0.01,60,57360,中性盘
245,14:36:44,9.57,--,130,124410,买盘
246,14:36:38,9.57,--,59,56463,买盘
247,14:36:34,9.57,--,130,124410,卖盘
248,14:36:29,9.57,--,24,22968,卖盘
249,14:36:23,9.57,0.02,9,8613,买盘
250,14:36:19,9.55,-0.02,10,9550,卖盘
251,14:36:14,9.57,--,0,0,买盘
252,14:36:08,9.57,--,1240,1186680,买盘
253,14:36:04,9.57,--,13,12441,买盘
254,14:35:53,9.57,0.02,5,4785,买盘
255,14:35:49,9.55,--,3,2865,买盘
256,14:35:44,9.55,--,46,43930,买盘
257,14:35:29,9.55,--,15,14325,买盘
258,14:35:23,9.55,--,10,9550,买盘
259,14:35:18,9.55,--,30,28650,买盘
260,14:35:14,9.55,0.01,13,12415,买盘
261,14:35:08,9.54,--,1,953,卖盘
262,14:34:58,9.54,--,75,71893,买盘
263,14:34:48,9.54,0.01,17,16217,买盘
264,14:34:43,9.53,--,300,285900,买盘
265,14:34:33,9.53,--,65,61944,买盘
266,14:34:28,9.53,--,9,8577,买盘
267,14:34:23,9.53,--,12,11436,买盘
268,14:34:18,9.53,--,13,12389,买盘
269,14:34:13,9.53,--,221,210613,卖盘
270,14:34:08,9.53,--,41,39073,卖盘
271,14:34:03,9.53,--,62,59085,买盘
272,14:33:58,9.53,--,18,17154,买盘
273,14:33:53,9.53,0.01,20,19060,买盘
274,14:33:43,9.52,--,4,3808,卖盘
275,14:33:38,9.52,--,101,96152,买盘
276,14:33:33,9.52,--,47,44744,买盘
277,14:33:28,9.52,0.01,24,22848,买盘
278,14:33:23,9.51,--,0,0,卖盘
279,14:33:18,9.51,-0.01,43,40893,卖盘
280,14:33:13,9.52,--,1,952,卖盘
281,14:33:08,9.52,--,2,1904,卖盘
282,14:33:03,9.52,0.01,95,90440,买盘
283,14:32:58,9.51,--,21,19971,卖盘
284,14:32:48,9.51,0.01,4,3804,卖盘
285,14:32:43,9.5,--,23,21850,卖盘
286,14:32:38,9.5,--,83,78850,卖盘
287,14:32:33,9.5,--,46,43700,卖盘
288,14:32:28,9.5,--,357,339150,卖盘
289,14:32:23,9.5,--,4,3800,卖盘
290,14:32:18,9.5,--,15,14250,卖盘
291,14:32:13,9.5,-0.03,1004,953800,卖盘
292,14:32:08,9.53,-0.01,1,952,卖盘
293,14:32:03,9.54,0.01,79,75366,买盘
294,14:31:58,9.53,--,71,67663,卖盘
295,14:31:53,9.53,--,8,7623,买盘
296,14:31:48,9.53,--,28,26684,买盘
297,14:31:43,9.53,-0.02,63,60038,卖盘
298,14:31:28,9.55,--,60,57911,卖盘
299,14:31:18,9.55,--,134,128313,买盘
300,14:31:13,9.55,--,105,100275,买盘
301,14:31:08,9.55,--,6,5730,买盘
302,14:31:03,9.55,--,45,43586,卖盘
303,14:30:58,9.55,--,75,71625,卖盘
304,14:30:48,9.55,-0.01,200,191000,卖盘
305,14:30:43,9.56,-0.02,82,78392,中性盘
306,14:30:38,9.58,0.03,40,38320,买盘
307,14:30:33,9.55,-0.02,374,357170,卖盘
308,14:30:28,9.57,-0.01,99,94743,卖盘
309,14:30:23,9.58,--,56,53648,卖盘
310,14:30:17,9.58,--,0,0,卖盘
311,14:30:08,9.58,-0.03,21,20118,卖盘
312,14:30:02,9.61,--,0,0,买盘
313,14:29:58,9.61,--,20,19220,买盘
314,14:29:53,9.61,--,6,5766,买盘
315,14:29:47,9.61,--,4,3844,买盘
316,14:29:43,9.61,0.03,186,178746,买盘
317,14:29:38,9.58,--,2,1916,卖盘
318,14:29:23,9.58,-0.01,105,100590,卖盘
319,14:29:17,9.59,0.01,23,22057,买盘
320,14:29:08,9.58,-0.01,2,1916,卖盘
321,14:29:02,9.59,--,112,107408,卖盘
322,14:28:58,9.59,-0.02,14,13426,卖盘
323,14:28:53,9.61,0.01,85,81685,买盘
324,14:28:47,9.6,--,9,8640,卖盘
325,14:28:42,9.6,--,9,8640,卖盘
326,14:28:38,9.6,--,36,34560,买盘
327,14:28:32,9.6,--,5,4800,买盘
328,14:28:28,9.6,--,18,17280,卖盘
329,14:28:22,9.6,-0.01,5,4800,卖盘
330,14:28:17,9.61,0.01,110,105710,买盘
331,14:28:12,9.6,--,13,12480,卖盘
332,14:28:08,9.6,-0.01,54,51840,卖盘
333,14:27:57,9.61,--,52,49972,卖盘
334,14:27:52,9.61,-0.01,4,3844,卖盘
335,14:27:47,9.62,0.01,5,4810,买盘
336,14:27:42,9.61,--,111,106671,卖盘
337,14:27:37,9.61,--,55,52855,卖盘
338,14:27:17,9.61,-0.02,2,1922,卖盘
339,14:27:12,9.63,--,29,27927,买盘
340,14:27:07,9.63,--,5,4815,买盘
341,14:27:02,9.63,--,3,2889,买盘
342,14:26:42,9.63,0.05,30,28890,买盘
343,14:26:37,9.58,--,0,0,卖盘
344,14:26:32,9.58,-0.05,1,958,卖盘
345,14:26:22,9.63,0.05,11,10593,买盘
346,14:26:12,9.58,-0.03,2,1916,卖盘
347,14:26:07,9.61,--,0,0,中性盘
348,14:25:57,9.61,0.04,20,19220,买盘
349,14:25:47,9.57,--,365,349639,买盘
350,14:25:42,9.57,--,75,71775,买盘
351,14:25:37,9.57,--,473,452670,买盘
352,14:25:32,9.57,--,20,19140,买盘
353,14:25:27,9.57,--,202,193314,买盘
354,14:25:22,9.57,-0.04,206,197764,卖盘
355,14:25:17,9.61,--,1,961,卖盘
356,14:25:12,9.61,--,15,14415,卖盘
357,14:25:07,9.61,--,100,96100,卖盘
358,14:24:57,9.61,--,14,13454,卖盘
359,14:24:52,9.61,--,45,43245,买盘
360,14:24:42,9.61,--,69,66309,卖盘
361,14:24:27,9.61,--,0,0,卖盘
362,14:24:17,9.61,-0.04,2,1922,卖盘
363,14:24:02,9.65,-0.01,28,27020,中性盘
364,14:23:56,9.66,0.08,36,34776,买盘
365,14:23:52,9.58,--,0,0,卖盘
366,14:23:47,9.58,-0.07,813,778921,卖盘
367,14:23:37,9.65,--,38,36670,卖盘
368,14:23:32,9.65,--,20,19300,卖盘
369,14:23:26,9.65,--,5,4825,卖盘
370,14:23:22,9.65,--,10,9650,卖盘
371,14:23:17,9.65,--,15,14475,卖盘
372,14:23:07,9.65,--,132,127380,买盘
373,14:23:02,9.65,--,0,0,买盘
374,14:22:56,9.65,--,13,12545,卖盘
375,14:22:52,9.65,--,10,9650,卖盘
376,14:22:47,9.65,--,47,45355,买盘
377,14:22:37,9.65,0.05,7,6755,买盘
378,14:22:32,9.6,-0.05,1586,1522560,卖盘
379,14:22:26,9.65,0.01,39,37635,买盘
380,14:22:22,9.64,--,1,964,卖盘
381,14:22:07,9.64,-0.01,5,4820,卖盘
382,14:22:02,9.65,-0.01,49,47285,卖盘
383,14:21:52,9.66,0.01,21,20286,买盘
384,14:21:47,9.65,--,54,52110,卖盘
385,14:21:41,9.65,--,10,9650,卖盘
386,14:21:37,9.65,--,6,5790,卖盘
387,14:21:31,9.65,-0.01,5,4825,卖盘
388,14:21:26,9.66,0.01,25,24150,买盘
389,14:21:16,9.65,-0.02,36,34740,卖盘
390,14:21:06,9.67,0.01,15,14505,买盘
391,14:21:01,9.66,-0.01,6,5796,卖盘
392,14:20:51,9.67,0.01,24,23208,买盘
393,14:20:46,9.66,--,18,17388,卖盘
394,14:20:41,9.66,--,10,9660,卖盘
395,14:20:36,9.66,-0.02,12,11592,中性盘
396,14:20:31,9.68,0.03,15,14520,买盘
397,14:20:26,9.65,--,32,30880,卖盘
398,14:20:16,9.65,-0.02,62,59830,卖盘
399,14:20:06,9.67,-0.01,183,176961,卖盘
400,14:20:01,9.68,-0.01,108,104544,卖盘
401,14:19:56,9.69,0.01,9,8721,买盘
402,14:19:46,9.68,--,60,58080,卖盘
403,14:19:36,9.68,0.01,41,39688,买盘
404,14:19:31,9.67,-0.01,8,7736,卖盘
405,14:19:21,9.68,0.01,203,196504,买盘
406,14:19:16,9.67,-0.01,55,53185,卖盘
407,14:19:11,9.68,0.01,80,77440,买盘
408,14:19:06,9.67,--,157,151819,卖盘
409,14:19:01,9.67,-0.01,10,9670,卖盘
410,14:18:51,9.68,0.01,33,31944,买盘
411,14:18:46,9.67,--,5,4835,卖盘
412,14:18:41,9.67,--,9,8703,卖盘
413,14:18:36,9.67,--,201,194367,卖盘
414,14:18:31,9.67,--,5,4835,卖盘
415,14:18:26,9.67,-0.01,5,4835,卖盘
416,14:18:21,9.68,0.02,35,33880,买盘
417,14:18:16,9.66,--,36,34776,卖盘
418,14:18:11,9.66,0.01,25,24150,买盘
419,14:18:06,9.65,--,9,8685,卖盘
420,14:18:01,9.65,--,26,25090,卖盘
421,14:17:56,9.65,0.02,151,145715,买盘
422,14:17:51,9.63,-0.01,40,38520,卖盘
423,14:17:46,9.64,0.01,56,53984,买盘
424,14:17:41,9.63,-0.01,5,4815,卖盘
425,14:17:35,9.64,--,12,11568,买盘
426,14:17:31,9.64,0.01,16,15424,买盘
427,14:17:26,9.63,0.01,10,9630,买盘
428,14:17:16,9.62,-0.03,47,45213,卖盘
429,14:17:11,9.65,0.02,206,198790,买盘
430,14:17:05,9.63,-0.02,1,963,卖盘
431,14:17:01,9.65,0.02,3,2895,买盘
432,14:16:56,9.63,0.02,5,4815,卖盘
433,14:16:50,9.61,--,0,0,卖盘
434,14:16:46,9.61,-0.04,10,9610,卖盘
435,14:16:41,9.65,0.03,76,73340,买盘
436,14:16:31,9.62,-0.01,30,28859,卖盘
437,14:16:26,9.63,0.02,6,5778,买盘
438,14:16:20,9.61,--,1,961,卖盘
439,14:16:16,9.61,--,5,4805,卖盘
440,14:16:11,9.61,--,30,28830,卖盘
441,14:16:05,9.61,--,0,0,卖盘
442,14:16:01,9.61,-0.01,184,176824,卖盘
443,14:15:56,9.62,--,162,156113,买盘
444,14:15:50,9.62,0.01,5,4810,买盘
445,14:15:46,9.61,--,378,363258,卖盘
446,14:15:41,9.61,-0.01,5,4805,卖盘
447,14:15:35,9.62,--,28,26935,买盘
448,14:15:31,9.62,-0.01,203,195978,卖盘
449,14:15:26,9.63,0.01,94,90522,买盘
450,14:15:20,9.62,--,1,961,卖盘
451,14:15:16,9.62,--,0,0,卖盘
452,14:15:11,9.62,-0.02,133,128215,卖盘
453,14:15:05,9.64,--,120,115680,卖盘
454,14:15:01,9.64,0.01,97,93508,买盘
455,14:14:56,9.63,--,12,11556,卖盘
456,14:14:46,9.63,-0.01,5,4815,卖盘
457,14:14:41,9.64,--,47,45308,卖盘
458,14:14:35,9.64,--,9,8676,卖盘
459,14:14:31,9.64,--,45,43380,卖盘
460,14:14:26,9.64,--,55,53020,卖盘
461,14:14:20,9.64,--,2,1928,卖盘
462,14:14:16,9.64,-0.01,59,56876,卖盘
463,14:14:10,9.65,--,101,97465,卖盘
464,14:14:05,9.65,--,80,77200,卖盘
465,14:14:00,9.65,--,119,114835,卖盘
466,14:13:56,9.65,--,21,20265,卖盘
467,14:13:50,9.65,--,22,21230,卖盘
468,14:13:45,9.65,-0.01,140,135100,卖盘
469,14:13:40,9.66,--,5,4830,卖盘
470,14:13:30,9.66,--,18,17388,卖盘
471,14:13:25,9.66,0.01,34,32844,买盘
472,14:13:20,9.65,--,23,22195,卖盘
473,14:13:15,9.65,--,27,26055,卖盘
474,14:13:10,9.65,-0.01,15,14475,卖盘
475,14:13:05,9.66,0.01,10,9660,买盘
476,14:13:00,9.65,--,17,16405,卖盘
477,14:12:55,9.65,-0.01,203,195895,卖盘
478,14:12:50,9.66,0.01,30,28980,买盘
479,14:12:45,9.65,-0.01,161,155365,卖盘
480,14:12:40,9.66,-0.01,11,10626,卖盘
481,14:12:35,9.67,0.01,95,91865,买盘
482,14:12:30,9.66,--,80,77280,卖盘
483,14:12:25,9.66,-0.01,15,14490,卖盘
484,14:12:20,9.67,0.01,674,651758,买盘
485,14:12:15,9.66,--,528,510048,卖盘
486,14:12:10,9.66,-0.01,54,52164,卖盘
487,14:12:05,9.67,--,20,19340,买盘
488,14:12:00,9.67,--,108,104436,卖盘
489,14:11:55,9.67,-0.01,28,27076,卖盘
490,14:11:45,9.68,--,15,14520,买盘
491,14:11:40,9.68,--,22,21296,买盘
492,14:11:35,9.68,--,33,31944,买盘
493,14:11:29,9.68,--,17,16456,卖盘
494,14:11:25,9.68,--,5,4840,卖盘
495,14:11:20,9.68,-0.01,86,83248,卖盘
496,14:11:13,9.69,--,1,969,卖盘
497,14:11:10,9.69,--,29,28101,卖盘
498,14:11:05,9.69,--,5,4845,卖盘
499,14:10:58,9.69,0.01,23,22287,买盘
500,14:10:55,9.68,--,112,108416,卖盘
501,14:10:49,9.68,-0.01,5,4840,卖盘
502,14:10:44,9.69,0.01,30,29070,买盘
503,14:10:40,9.68,--,9,8712,卖盘
504,14:10:34,9.68,-0.01,8,7744,卖盘
505,14:10:29,9.69,0.01,6,5814,买盘
506,14:10:25,9.68,--,23,22264,卖盘
507,14:10:19,9.68,--,26,25168,卖盘
508,14:10:10,9.68,-0.01,30,29040,卖盘
509,14:10:05,9.69,0.01,112,108528,买盘
510,14:09:55,9.68,--,5,4840,卖盘
511,14:09:49,9.68,--,5,4840,卖盘
512,14:09:40,9.68,-0.01,5,4840,卖盘
513,14:09:34,9.69,0.01,160,155040,买盘
514,14:09:25,9.68,--,67,64856,卖盘
515,14:09:19,9.68,--,6,5808,卖盘
516,14:09:10,9.68,--,5,4840,卖盘
517,14:09:04,9.68,--,72,69696,买盘
518,14:08:58,9.68,0.01,15,14520,买盘
519,14:08:55,9.67,-0.01,16,15472,卖盘
520,14:08:49,9.68,--,246,238128,卖盘
521,14:08:39,9.68,-0.01,8,7744,卖盘
522,14:08:34,9.69,0.01,20,19380,买盘
523,14:08:25,9.68,--,29,28072,卖盘
524,14:08:19,9.68,-0.01,7,6776,卖盘
525,14:08:13,9.69,--,12,11628,卖盘
526,14:08:09,9.69,--,5,4845,卖盘
527,14:08:04,9.69,--,3,2907,卖盘
528,14:07:58,9.69,--,2,1938,卖盘
529,14:07:54,9.69,-0.01,5,4845,卖盘
530,14:07:49,9.7,--,144,139680,买盘
531,14:07:43,9.7,0.01,10,9700,买盘
532,14:07:39,9.69,--,296,286824,卖盘
533,14:07:34,9.69,--,5,4845,卖盘
534,14:07:28,9.69,--,104,100776,卖盘
535,14:07:25,9.69,--,35,33915,卖盘
536,14:07:19,9.69,-0.01,26,25194,卖盘
537,14:07:09,9.7,0.01,6,5820,买盘
538,14:07:04,9.69,--,246,238374,卖盘
539,14:06:54,9.69,--,11,10659,卖盘
540,14:06:49,9.69,--,5,4845,卖盘
541,14:06:43,9.69,--,4,3876,买盘
542,14:06:39,9.69,0.01,36,34884,买盘
543,14:06:34,9.68,--,2,1936,卖盘
544,14:06:24,9.68,-0.01,296,286528,卖盘
545,14:06:19,9.69,--,109,105621,买盘
546,14:06:13,9.69,0.01,12,11628,买盘
547,14:06:09,9.68,--,100,96800,卖盘
548,14:06:04,9.68,--,67,64856,卖盘
549,14:05:58,9.68,--,0,0,卖盘
550,14:05:54,9.68,-0.02,34,32912,卖盘
551,14:05:49,9.7,--,372,360840,买盘
552,14:05:43,9.7,0.01,8,7759,买盘
553,14:05:39,9.69,-0.01,47,45543,卖盘
554,14:05:34,9.7,--,5,4850,买盘
555,14:05:28,9.7,--,17,16490,买盘
556,14:05:24,9.7,-0.02,1114,1080580,卖盘
557,14:05:19,9.72,--,64,62208,买盘
558,14:05:13,9.72,0.01,37,35964,买盘
559,14:05:09,9.71,-0.01,35,33985,卖盘
560,14:05:04,9.72,0.01,384,373248,买盘
561,14:04:58,9.71,--,7,6797,卖盘
562,14:04:54,9.71,--,44,42724,卖盘
563,14:04:49,9.71,--,94,91274,卖盘
564,14:04:43,9.71,0.01,147,142737,买盘
565,14:04:37,9.7,--,24,23280,卖盘
566,14:04:34,9.7,0.01,368,356960,买盘
567,14:04:28,9.69,0.02,78,75582,买盘
568,14:04:19,9.67,-0.02,31,29977,卖盘
569,14:04:13,9.69,0.02,213,206397,买盘
570,14:04:07,9.67,-0.02,205,198235,卖盘
571,14:04:04,9.69,--,611,592059,卖盘
572,14:03:58,9.69,-0.01,20,19380,卖盘
573,14:03:52,9.7,--,3,2910,买盘
574,14:03:49,9.7,0.01,28,27159,买盘
575,14:03:43,9.69,-0.01,25,24225,卖盘
576,14:03:37,9.7,-0.01,570,552900,卖盘
577,14:03:34,9.71,0.01,330,320430,买盘
578,14:03:28,9.7,-0.01,64,62079,卖盘
579,14:03:22,9.71,-0.01,27,26217,卖盘
580,14:03:19,9.72,--,116,112752,买盘
581,14:03:13,9.72,--,78,75816,买盘
582,14:03:07,9.72,--,40,38880,卖盘
583,14:03:04,9.72,-0.01,126,122472,卖盘
584,14:02:58,9.73,0.03,18,17514,买盘
585,14:02:52,9.7,--,163,158110,卖盘
586,14:02:49,9.7,-0.02,100,97000,卖盘
587,14:02:43,9.72,0.02,21,20412,买盘
588,14:02:34,9.7,--,14,13579,卖盘
589,14:02:28,9.7,0.02,24,23280,买盘
590,14:02:22,9.68,--,0,0,卖盘
591,14:02:19,9.68,--,7,6776,卖盘
592,14:02:13,9.68,--,109,105512,买盘
593,14:02:07,9.68,--,10,9680,买盘
594,14:02:04,9.68,0.01,88,85184,买盘
595,14:01:58,9.67,--,51,49317,卖盘
596,14:01:52,9.67,0.01,86,83162,买盘
597,14:01:49,9.66,-0.01,123,118818,卖盘
598,14:01:43,9.67,--,358,346186,卖盘
599,14:01:37,9.67,--,1,967,卖盘
600,14:01:34,9.67,0.01,116,112172,买盘
601,14:01:28,9.66,--,5,4830,买盘
602,14:01:22,9.66,-0.01,377,364182,卖盘
603,14:01:19,9.67,-0.01,56,54152,卖盘
604,14:01:13,9.68,--,111,107448,买盘
605,14:01:07,9.68,-0.02,133,128744,卖盘
606,14:01:03,9.7,--,77,74690,买盘
607,14:00:58,9.7,-0.02,244,236679,卖盘
608,14:00:52,9.72,--,60,58320,买盘
609,14:00:49,9.72,-0.02,82,79704,买盘
610,14:00:37,9.74,--,0,0,买盘
611,14:00:33,9.74,-0.01,67,65258,中性盘
612,14:00:28,9.75,0.02,126,122850,买盘
613,14:00:22,9.73,--,27,26271,买盘
614,14:00:18,9.73,-0.02,20,19460,卖盘
615,14:00:13,9.75,0.02,147,143325,买盘
616,14:00:07,9.73,-0.02,20,19460,中性盘
617,14:00:03,9.75,--,17,16575,卖盘
618,13:59:58,9.75,--,64,62400,买盘
619,13:59:52,9.75,--,0,0,买盘
620,13:59:48,9.75,--,92,89700,买盘
621,13:59:43,9.75,--,91,88725,买盘
622,13:59:37,9.75,--,25,24375,买盘
623,13:59:33,9.75,-0.01,1092,1064700,卖盘
624,13:59:28,9.76,-0.02,2007,1958832,中性盘
625,13:59:22,9.78,--,139,135942,买盘
626,13:59:18,9.78,0.03,655,640590,买盘
627,13:59:13,9.75,-0.03,58,56550,卖盘
628,13:59:07,9.78,0.03,1,977,买盘
629,13:59:03,9.75,--,514,501150,买盘
630,13:58:58,9.75,--,300,292500,卖盘
631,13:58:52,9.75,-0.03,323,314925,卖盘
632,13:58:48,9.78,--,42,41076,买盘
633,13:58:43,9.78,0.03,50,48900,买盘
634,13:58:37,9.75,-0.04,919,896025,卖盘
635,13:58:31,9.79,-0.02,29,28390,卖盘
636,13:58:28,9.81,--,1731,1699052,卖盘
637,13:58:22,9.81,-0.02,493,483633,卖盘
638,13:58:18,9.83,0.02,2402,2361166,买盘
639,13:58:13,9.81,-0.02,3406,3341286,卖盘
640,13:58:07,9.83,-0.01,1097,1078351,中性盘
641,13:58:01,9.84,0.01,1642,1615728,买盘
642,13:57:58,9.83,--,1531,1504973,买盘
643,13:57:52,9.83,--,1043,1025269,买盘
644,13:57:46,9.83,--,229,225107,卖盘
645,13:57:43,9.83,-0.02,1248,1226784,卖盘
646,13:57:37,9.85,--,1126,1109110,卖盘
647,13:57:31,9.85,0.01,816,803760,买盘
648,13:57:28,9.84,-0.01,964,948576,中性盘
649,13:57:22,9.85,--,204,200940,买盘
650,13:57:16,9.85,0.01,562,553570,买盘
651,13:57:13,9.84,0.03,1979,1947336,买盘
652,13:57:07,9.81,0.06,3556,3488475,买盘
653,13:57:01,9.75,--,273,266175,买盘
654,13:56:58,9.75,0.05,300,292500,买盘
655,13:56:52,9.7,-0.07,998,968059,卖盘
656,13:56:46,9.77,0.03,1081,1056137,买盘
657,13:56:43,9.74,0.04,1922,1872515,买盘
658,13:56:37,9.7,--,363,352110,买盘
659,13:56:31,9.7,--,0,0,买盘
660,13:56:28,9.7,0.08,174,168780,买盘
661,13:56:22,9.62,0.01,34,32707,买盘
662,13:56:16,9.61,-0.1,102,98022,中性盘
663,13:56:13,9.71,0.01,1006,976826,买盘
664,13:56:07,9.7,-0.01,35,33950,中性盘
665,13:56:01,9.71,--,244,236924,买盘
666,13:55:58,9.71,-0.01,113,109723,卖盘
667,13:55:52,9.72,--,36,34992,买盘
668,13:55:43,9.72,--,787,764964,买盘
669,13:55:37,9.72,-0.02,359,348948,卖盘
670,13:55:31,9.74,0.02,767,747058,买盘
671,13:55:28,9.72,-0.01,490,476280,卖盘
672,13:55:22,9.73,0.01,183,178059,中性盘
673,13:55:16,9.72,-0.01,84,81648,卖盘
674,13:55:13,9.73,0.01,520,505960,买盘
675,13:55:07,9.72,-0.03,117,113724,中性盘
676,13:55:01,9.75,0.04,514,501150,买盘
677,13:54:58,9.71,-0.01,186,180606,卖盘
678,13:54:52,9.72,0.03,245,238140,买盘
679,13:54:46,9.69,--,63,61047,卖盘
680,13:54:43,9.69,0.04,2548,2469399,买盘
681,13:54:37,9.65,--,398,384070,买盘
682,13:54:31,9.65,0.01,430,414950,买盘
683,13:54:28,9.64,-0.01,269,259316,中性盘
684,13:54:22,9.65,0.03,705,680325,买盘
685,13:54:16,9.62,-0.03,21,20202,中性盘
686,13:54:12,9.65,0.05,441,425565,买盘
687,13:54:07,9.6,-0.05,5,4800,中性盘
688,13:54:01,9.65,0.09,1014,978510,买盘
689,13:53:58,9.56,--,546,521976,买盘
690,13:53:52,9.56,0.03,118,112808,买盘
691,13:53:46,9.53,-0.03,8,7623,中性盘
692,13:53:42,9.56,0.03,398,380488,买盘
693,13:53:37,9.53,-0.01,3,2859,中性盘
694,13:53:27,9.54,0.05,105,100169,买盘
695,13:53:22,9.49,0.01,324,307476,买盘
696,13:53:16,9.48,--,2,1896,卖盘
697,13:53:12,9.48,-0.01,10,9480,卖盘
698,13:53:07,9.49,--,68,64532,卖盘
699,13:53:01,9.49,--,25,23725,卖盘
700,13:52:52,9.49,-0.01,10,9490,卖盘
701,13:52:46,9.5,--,55,52250,买盘
702,13:52:42,9.5,0.01,5,4750,买盘
703,13:52:37,9.49,--,443,420407,卖盘
704,13:52:31,9.49,--,5,4745,卖盘
705,13:52:27,9.49,0.04,156,148044,买盘
706,13:52:22,9.45,-0.02,116,109619,卖盘
707,13:52:16,9.47,--,11,10417,卖盘
708,13:52:12,9.47,0.02,6,5682,买盘
709,13:52:07,9.45,--,0,0,卖盘
710,13:52:01,9.45,-0.02,1291,1219995,卖盘
711,13:51:52,9.47,0.02,5,4735,中性盘
712,13:51:46,9.45,--,0,0,卖盘
713,13:51:42,9.45,-0.01,752,711112,卖盘
714,13:51:37,9.46,0.01,20,18920,买盘
715,13:51:31,9.45,--,35,33075,卖盘
716,13:51:25,9.45,-0.01,169,159705,卖盘
717,13:51:22,9.46,--,156,148238,买盘
718,13:51:16,9.46,--,2,1892,买盘
719,13:51:12,9.46,--,240,227323,卖盘
720,13:51:07,9.46,--,27,25542,卖盘
721,13:51:01,9.46,--,453,428538,卖盘
722,13:50:52,9.46,--,83,78518,卖盘
723,13:50:46,9.46,-0.01,2,1892,卖盘
724,13:50:40,9.47,--,27,25569,买盘
725,13:50:36,9.47,0.01,61,57767,买盘
726,13:50:31,9.46,-0.01,5,4730,卖盘
727,13:50:22,9.47,--,23,21781,买盘
728,13:50:16,9.47,-0.01,258,244799,卖盘
729,13:50:10,9.48,--,4,3792,卖盘
730,13:50:07,9.48,--,32,30336,卖盘
731,13:50:01,9.48,-0.02,5,4740,卖盘
732,13:49:55,9.5,0.02,20,19000,买盘
733,13:49:52,9.48,-0.01,47,44556,卖盘
734,13:49:40,9.49,--,34,32266,卖盘
735,13:49:37,9.49,--,16,15184,卖盘
736,13:49:31,9.49,--,5,4745,卖盘
737,13:49:25,9.49,-0.01,35,33215,卖盘
738,13:49:22,9.5,0.01,25,23750,买盘
739,13:49:16,9.49,--,1,949,卖盘
740,13:49:10,9.49,-0.01,8,7592,卖盘
741,13:49:01,9.5,0.01,12,11400,买盘
742,13:48:55,9.49,-0.01,20,18980,卖盘
743,13:48:51,9.5,--,14,13300,买盘
744,13:48:46,9.5,0.01,2,1900,买盘
745,13:48:40,9.49,--,11,10439,卖盘
746,13:48:31,9.49,--,5,4745,卖盘
747,13:48:25,9.49,--,18,17082,卖盘
748,13:48:22,9.49,--,5,4745,卖盘
749,13:48:16,9.49,0.01,9,8541,买盘
750,13:48:10,9.48,--,1,948,卖盘
751,13:48:07,9.48,-0.02,10,9480,卖盘
752,13:48:01,9.5,0.02,1293,1228350,买盘
753,13:47:55,9.48,-0.01,20,18960,卖盘
754,13:47:52,9.49,0.01,289,274261,买盘
755,13:47:40,9.48,--,5,4740,卖盘
756,13:47:36,9.48,--,1,948,卖盘
757,13:47:31,9.48,--,35,33180,卖盘
758,13:47:25,9.48,--,25,23700,卖盘
759,13:47:21,9.48,--,16,15168,卖盘
760,13:47:16,9.48,--,12,11376,卖盘
761,13:47:10,9.48,-0.01,7,6636,卖盘
762,13:47:06,9.49,--,61,57889,买盘
763,13:47:01,9.49,0.01,41,38909,买盘
764,13:46:55,9.48,--,52,49296,卖盘
765,13:46:46,9.48,--,4,3792,卖盘
766,13:46:16,9.48,--,30,28914,卖盘
767,13:46:10,9.48,-0.01,5,4740,卖盘
768,13:46:06,9.49,0.01,1,949,买盘
769,13:46:01,9.48,-0.01,8,7584,卖盘
770,13:45:51,9.49,0.01,36,34164,买盘
771,13:45:40,9.48,--,5,4740,卖盘
772,13:45:31,9.48,0.01,168,159264,买盘
773,13:45:25,9.47,0.01,2,1894,买盘
774,13:45:21,9.46,--,40,37840,卖盘
775,13:45:16,9.46,--,51,48246,卖盘
776,13:45:10,9.46,--,132,124872,卖盘
777,13:45:01,9.46,--,4,3784,卖盘
778,13:44:51,9.46,-0.01,5,4730,卖盘
779,13:44:46,9.47,--,47,44509,卖盘
780,13:44:40,9.47,0.01,35,33145,买盘
781,13:44:36,9.46,-0.01,5,4730,卖盘
782,13:44:31,9.47,0.01,60,56820,买盘
783,13:44:25,9.46,-0.01,72,68112,卖盘
784,13:44:21,9.47,--,8,7576,卖盘
785,13:44:16,9.47,0.01,2,1894,中性盘
786,13:44:10,9.46,-0.01,15,14190,卖盘
787,13:44:05,9.47,0.01,8,7576,买盘
788,13:44:01,9.46,--,21,19866,卖盘
789,13:43:55,9.46,-0.01,374,353993,卖盘
790,13:43:49,9.47,--,5,4735,卖盘
791,13:43:46,9.47,--,5,4735,卖盘
792,13:43:40,9.47,0.01,239,226806,买盘
793,13:43:34,9.46,-0.01,12,11352,卖盘
794,13:43:30,9.47,--,16,15152,买盘
795,13:43:25,9.47,--,63,59661,买盘
796,13:43:19,9.47,--,140,132580,卖盘
797,13:43:15,9.47,-0.01,11,10417,卖盘
798,13:43:10,9.48,0.01,11,10428,买盘
799,13:43:04,9.47,--,2,1894,卖盘
800,13:43:00,9.47,-0.03,40,37880,卖盘
801,13:42:55,9.5,0.03,2,1900,买盘
802,13:42:45,9.47,-0.01,33,31251,卖盘
803,13:42:40,9.48,0.01,10,9480,中性盘
804,13:42:34,9.47,-0.03,22,20834,卖盘
805,13:42:30,9.5,0.03,1020,969000,买盘
806,13:42:25,9.47,--,10,9470,卖盘
807,13:42:19,9.47,0.01,41,38827,中性盘
808,13:42:15,9.46,--,91,86086,卖盘
809,13:42:10,9.46,--,185,175010,卖盘
810,13:42:04,9.46,--,90,85140,卖盘
811,13:42:00,9.46,--,105,99330,卖盘
812,13:41:55,9.46,--,60,56760,卖盘
813,13:41:45,9.46,-0.03,1169,1105874,卖盘
814,13:41:40,9.49,--,17,16133,卖盘
815,13:41:34,9.49,--,275,260975,卖盘
816,13:41:30,9.49,-0.01,162,153738,卖盘
817,13:41:25,9.5,0.01,2,1900,买盘
818,13:41:19,9.49,--,5,4745,卖盘
819,13:41:15,9.49,--,17,16133,卖盘
820,13:41:10,9.49,-0.01,9,8541,卖盘
821,13:41:04,9.5,-0.01,853,810350,卖盘
822,13:41:00,9.51,--,25,23775,买盘
823,13:40:55,9.51,--,442,420342,卖盘
824,13:40:49,9.51,-0.02,5,4755,卖盘
825,13:40:45,9.53,0.01,16,15247,买盘
826,13:40:40,9.52,-0.01,311,296072,卖盘
827,13:40:30,9.53,--,33,31448,买盘
828,13:40:25,9.53,0.01,2,1905,买盘
829,13:40:19,9.52,-0.01,5,4760,卖盘
830,13:40:15,9.53,--,201,191553,买盘
831,13:40:10,9.53,--,52,49556,卖盘
832,13:40:00,9.53,--,5,4765,卖盘
833,13:39:49,9.53,--,5,4765,卖盘
834,13:39:40,9.53,--,5,4765,卖盘
835,13:39:34,9.53,--,50,47650,卖盘
836,13:39:30,9.53,--,5,4765,卖盘
837,13:39:19,9.53,--,5,4765,卖盘
838,13:39:15,9.53,--,1,952,卖盘
839,13:39:10,9.53,--,259,246826,卖盘
840,13:39:00,9.53,--,7,6671,卖盘
841,13:38:49,9.53,--,11,10483,卖盘
842,13:38:45,9.53,0.02,279,265887,买盘
843,13:38:40,9.51,--,5,4755,卖盘
844,13:38:30,9.51,--,5,4755,卖盘
845,13:38:19,9.51,--,6,5706,卖盘
846,13:38:10,9.51,-0.01,6,5706,卖盘
847,13:38:04,9.52,--,3,2856,卖盘
848,13:38:00,9.52,-0.01,10,9520,卖盘
849,13:37:55,9.53,0.02,27,25731,买盘
850,13:37:49,9.51,-0.01,6,5706,卖盘
851,13:37:40,9.52,0.01,5,4760,卖盘
852,13:37:34,9.51,--,0,0,卖盘
853,13:37:30,9.51,--,24,22824,买盘
854,13:37:25,9.51,--,8,7608,买盘
855,13:37:19,9.51,--,11,10461,买盘
856,13:37:10,9.51,--,79,75129,卖盘
857,13:37:04,9.51,--,8,7608,卖盘
858,13:36:58,9.51,--,5,4755,卖盘
859,13:36:55,9.51,--,10,9510,卖盘
860,13:36:49,9.51,--,5,4755,卖盘
861,13:36:40,9.51,--,6,5706,卖盘
862,13:36:28,9.51,--,5,4755,卖盘
863,13:36:19,9.51,--,31,29481,卖盘
864,13:36:09,9.51,-0.01,5,4755,卖盘
865,13:36:04,9.52,0.01,4,3808,买盘
866,13:35:58,9.51,--,6,5706,卖盘
867,13:35:49,9.51,--,5,4755,卖盘
868,13:35:39,9.51,--,5,4755,卖盘
869,13:35:34,9.51,--,15,14265,卖盘
870,13:35:24,9.51,--,81,77031,卖盘
871,13:35:19,9.51,-0.01,6,5706,卖盘
872,13:35:09,9.52,0.01,11,10472,买盘
873,13:35:04,9.51,--,24,22824,卖盘
874,13:34:58,9.51,-0.01,5,4755,卖盘
875,13:34:54,9.52,0.01,158,150416,买盘
876,13:34:49,9.51,--,5,4755,卖盘
877,13:34:39,9.51,-0.01,5,4755,卖盘
878,13:34:34,9.52,0.01,100,95200,买盘
879,13:34:28,9.51,--,5,4755,卖盘
880,13:34:19,9.51,--,39,37089,卖盘
881,13:34:09,9.51,--,4,3804,卖盘
882,13:34:04,9.51,--,105,99855,卖盘
883,13:33:58,9.51,--,5,4755,卖盘
884,13:33:54,9.51,-0.01,194,184494,卖盘
885,13:33:49,9.52,--,10,9520,卖盘
886,13:33:39,9.52,-0.01,5,4760,卖盘
887,13:33:34,9.53,--,305,290665,卖盘
888,13:33:28,9.53,--,40,38120,卖盘
889,13:33:19,9.53,-0.01,13,12389,卖盘
890,13:33:13,9.54,--,208,198431,卖盘
891,13:33:09,9.54,--,75,71550,卖盘
892,13:32:58,9.54,-0.01,36,34344,卖盘
893,13:32:54,9.55,0.01,36,34380,买盘
894,13:32:49,9.54,--,55,52469,卖盘
895,13:32:39,9.54,--,506,482723,卖盘
896,13:32:34,9.54,--,12,11447,卖盘
897,13:32:28,9.54,--,5,4770,卖盘
898,13:32:24,9.54,--,70,66780,卖盘
899,13:32:19,9.54,-0.01,6,5723,卖盘
900,13:32:09,9.55,--,19,18145,买盘
901,13:32:04,9.55,--,11,10505,买盘
902,13:31:58,9.55,--,12,11460,买盘
903,13:31:49,9.55,--,11,10505,卖盘
904,13:31:43,9.55,--,5,4775,卖盘
905,13:31:34,9.55,0.01,186,177630,买盘
906,13:31:28,9.54,-0.01,5,4770,卖盘
907,13:31:19,9.55,--,8,7640,买盘
908,13:31:13,9.55,--,6,5730,买盘
909,13:31:09,9.55,0.01,15,14325,买盘
910,13:31:04,9.54,--,30,28619,卖盘
911,13:30:58,9.54,-0.01,26,24803,卖盘
912,13:30:54,9.55,0.01,50,47750,买盘
913,13:30:49,9.54,--,15,14309,卖盘
914,13:30:43,9.54,-0.01,15,14309,卖盘
915,13:30:28,9.55,0.01,40,38200,买盘
916,13:30:19,9.54,0.01,55,52469,卖盘
917,13:30:13,9.53,-0.01,164,156292,卖盘
918,13:30:09,9.54,--,10,9540,买盘
919,13:30:04,9.54,0.01,35,33390,买盘
920,13:29:58,9.53,--,4,3811,卖盘
921,13:29:54,9.53,--,64,60991,卖盘
922,13:29:49,9.53,--,14,13342,卖盘
923,13:29:43,9.53,--,9,8577,卖盘
924,13:29:34,9.53,--,30,28589,卖盘
925,13:29:28,9.53,--,7,6671,卖盘
926,13:29:19,9.53,-0.01,11,10483,卖盘
927,13:29:13,9.54,--,11,10493,买盘
928,13:28:58,9.54,0.01,1,953,买盘
929,13:28:52,9.53,-0.01,4,3811,卖盘
930,13:28:43,9.54,0.01,2,1907,买盘
931,13:28:33,9.53,--,5,4765,卖盘
932,13:28:22,9.53,--,13,12389,卖盘
933,13:28:18,9.53,--,2,1905,卖盘
934,13:28:03,9.53,--,96,91488,卖盘
935,13:27:58,9.53,-0.01,13,12389,卖盘
936,13:27:43,9.54,--,22,20987,买盘
937,13:27:33,9.54,--,43,41021,卖盘
938,13:27:22,9.54,-0.01,160,152640,卖盘
939,13:27:18,9.55,-0.01,10,9550,卖盘
940,13:27:13,9.56,0.01,21,20076,买盘
941,13:27:07,9.55,--,3,2865,卖盘
942,13:26:58,9.55,--,38,36290,卖盘
943,13:26:48,9.55,--,3,2865,卖盘
944,13:26:43,9.55,0.01,111,106005,买盘
945,13:26:37,9.54,--,16,15263,卖盘
946,13:26:33,9.54,--,1,953,买盘
947,13:26:28,9.54,--,51,48653,卖盘
948,13:26:18,9.54,-0.01,1,953,卖盘
949,13:26:03,9.55,--,91,86905,买盘
950,13:25:58,9.55,0.01,50,47750,买盘
951,13:25:52,9.54,--,5,4770,卖盘
952,13:25:48,9.54,--,135,128789,买盘
953,13:25:43,9.54,--,12,11447,买盘
954,13:25:28,9.54,--,10,9540,买盘
955,13:25:22,9.54,0.01,15,14309,买盘
956,13:25:18,9.53,--,2,1905,卖盘
957,13:25:13,9.53,--,3,2859,卖盘
958,13:24:58,9.53,--,1,952,卖盘
959,13:24:52,9.53,--,236,224907,买盘
960,13:24:48,9.53,--,60,57179,买盘
961,13:24:43,9.53,--,20,19060,买盘
962,13:24:37,9.53,0.01,20,19060,买盘
963,13:24:22,9.52,--,19,18088,卖盘
964,13:24:18,9.52,-0.01,1,952,卖盘
965,13:24:07,9.53,0.01,48,45744,买盘
966,13:24:03,9.52,-0.01,130,123760,卖盘
967,13:23:58,9.53,0.01,10,9530,买盘
968,13:23:52,9.52,--,50,47600,卖盘
969,13:23:43,9.52,-0.01,11,10472,卖盘
970,13:23:37,9.53,--,11,10483,买盘
971,13:23:33,9.53,0.01,3,2859,买盘
972,13:23:22,9.52,--,1,952,卖盘
973,13:23:07,9.52,--,5,4760,卖盘
974,13:23:03,9.52,--,5,4760,卖盘
975,13:22:52,9.52,-0.01,1,952,卖盘
976,13:22:48,9.53,0.01,1,952,买盘
977,13:22:43,9.52,-0.01,88,83776,卖盘
978,13:22:37,9.53,0.01,15,14294,买盘
979,13:22:27,9.52,-0.01,210,199920,卖盘
980,13:22:22,9.53,--,3,2859,买盘
981,13:22:13,9.53,0.01,7,6671,买盘
982,13:22:07,9.52,-0.01,34,32368,买盘
983,13:21:57,9.53,0.02,7,6671,买盘
984,13:21:42,9.51,--,24,22824,买盘
985,13:21:37,9.51,--,20,19020,买盘
986,13:21:22,9.51,0.01,152,144552,买盘
987,13:21:16,9.5,-0.01,1,950,卖盘
988,13:21:01,9.51,--,14,13314,买盘
989,13:20:57,9.51,0.01,10,9510,买盘
990,13:20:42,9.5,-0.01,54,51300,卖盘
991,13:20:36,9.51,0.01,16,15216,买盘
992,13:20:16,9.5,--,65,61750,买盘
993,13:20:12,9.5,0.01,131,124450,买盘
994,13:19:57,9.49,-0.01,5,4745,卖盘
995,13:19:46,9.5,0.01,1,950,买盘
996,13:19:42,9.49,-0.01,45,42705,卖盘
997,13:19:36,9.5,--,20,19000,买盘
998,13:19:30,9.5,--,15,14250,买盘
999,13:19:27,9.5,--,60,57000,买盘
1000,13:19:22,9.5,--,13,12350,卖盘
1001,13:19:16,9.5,0.01,2,1900,中性盘
1002,13:19:12,9.49,-0.02,48,45552,卖盘
1003,13:19:01,9.51,0.01,105,99855,买盘
1004,13:18:57,9.5,--,10,9500,卖盘
1005,13:18:52,9.5,--,11,10450,卖盘
1006,13:18:45,9.5,0.01,4,3800,卖盘
1007,13:18:22,9.49,--,0,0,卖盘
1008,13:18:15,9.49,-0.01,31,29419,卖盘
1009,13:18:00,9.5,--,5,4750,买盘
1010,13:17:45,9.5,--,42,39900,买盘
1011,13:17:42,9.5,--,20,19000,买盘
1012,13:17:36,9.5,0.01,21,19950,买盘
1013,13:17:30,9.49,-0.01,23,21827,卖盘
1014,13:17:27,9.5,--,5,4750,买盘
1015,13:17:21,9.5,0.01,6,5700,买盘
1016,13:17:15,9.49,-0.01,1,949,卖盘
1017,13:17:06,9.5,--,60,57000,买盘
1018,13:17:00,9.5,--,175,166250,卖盘
1019,13:16:45,9.5,--,50,47500,卖盘
1020,13:16:30,9.5,--,5,4750,卖盘
1021,13:16:27,9.5,0.01,86,81700,买盘
1022,13:16:21,9.49,--,34,32266,卖盘
1023,13:16:15,9.49,-0.01,2,1898,卖盘
1024,13:16:06,9.5,--,5,4750,买盘
1025,13:16:00,9.5,--,151,143450,买盘
1026,13:15:51,9.5,--,11,10450,买盘
1027,13:15:45,9.5,--,1,950,买盘
1028,13:15:41,9.5,--,3,2850,买盘
1029,13:15:36,9.5,--,146,138700,卖盘
1030,13:15:30,9.5,--,23,21850,卖盘
1031,13:15:15,9.5,--,1,950,卖盘
1032,13:15:00,9.5,0.01,66,62700,买盘
1033,13:14:54,9.49,--,100,94900,卖盘
1034,13:14:51,9.49,-0.01,30,28470,卖盘
1035,13:14:45,9.5,--,10,9500,买盘
1036,13:14:36,9.5,--,4,3800,买盘
1037,13:14:21,9.5,0.01,10,9500,买盘
1038,13:14:15,9.49,-0.01,5,4745,卖盘
1039,13:14:09,9.5,0.01,5,4750,买盘
1040,13:14:06,9.49,--,6,5694,卖盘
1041,13:14:00,9.49,-0.01,20,18980,卖盘
1042,13:13:51,9.5,--,20,19000,买盘
1043,13:13:45,9.5,--,10,9500,买盘
1044,13:13:39,9.5,--,1,950,买盘
1045,13:13:36,9.5,-0.03,42,39900,卖盘
1046,13:13:30,9.53,--,9,8577,买盘
1047,13:13:24,9.53,0.03,15,14294,买盘
1048,13:13:15,9.5,0.01,2,1900,卖盘
1049,13:13:09,9.49,--,0,0,卖盘
1050,13:13:06,9.49,-0.01,30,28470,卖盘
1051,13:13:00,9.5,0.01,9,8550,中性盘
1052,13:12:45,9.49,-0.01,218,206882,卖盘
1053,13:12:36,9.5,-0.03,236,224200,卖盘
1054,13:12:30,9.53,0.03,48,45744,买盘
1055,13:12:24,9.5,-0.04,760,722000,卖盘
1056,13:12:21,9.54,0.01,14,13355,买盘
1057,13:12:15,9.53,-0.01,1,952,卖盘
1058,13:12:09,9.54,-0.01,67,63917,卖盘
1059,13:11:45,9.55,--,7,6685,买盘
1060,13:11:39,9.55,--,20,19100,买盘
1061,13:11:15,9.55,--,12,11460,买盘
1062,13:10:54,9.55,--,18,17190,买盘
1063,13:10:51,9.55,--,5,4775,买盘
1064,13:10:45,9.55,0.01,52,49660,买盘
1065,13:10:30,9.54,--,30,28619,卖盘
1066,13:10:21,9.54,--,12,11447,卖盘
1067,13:10:15,9.54,-0.01,22,20987,卖盘
1068,13:10:09,9.55,0.01,10,9550,买盘
1069,13:09:45,9.54,-0.01,13,12401,卖盘
1070,13:09:39,9.55,0.01,73,69715,买盘
1071,13:09:36,9.54,-0.01,1,953,卖盘
1072,13:09:30,9.55,--,35,33425,买盘
1073,13:09:21,9.55,0.01,10,9550,买盘
1074,13:09:15,9.54,-0.01,7,6677,卖盘
1075,13:09:09,9.55,0.01,10,9550,买盘
1076,13:08:54,9.54,--,36,34344,卖盘
1077,13:08:39,9.54,-0.01,1,953,卖盘
1078,13:08:30,9.55,--,7,6685,买盘
1079,13:08:24,9.55,0.01,20,19100,买盘
1080,13:08:15,9.54,0.01,3,2861,卖盘
1081,13:08:05,9.53,-0.01,76,72428,卖盘
1082,13:08:00,9.54,--,32,30527,买盘
1083,13:07:54,9.54,--,1,953,买盘
1084,13:07:50,9.54,--,2,1907,买盘
1085,13:07:45,9.54,0.01,4,3815,买盘
1086,13:07:39,9.53,0.01,17,16200,卖盘
1087,13:07:24,9.52,-0.02,46,43792,卖盘
1088,13:07:15,9.54,--,2,1907,卖盘
1089,13:07:09,9.54,--,3,2861,卖盘
1090,13:07:04,9.54,0.01,202,192707,买盘
1091,13:07:00,9.53,0.01,2,1905,买盘
1092,13:06:54,9.52,--,3,2856,卖盘
1093,13:06:45,9.52,0.01,45,42916,买盘
1094,13:06:33,9.51,0.01,45,42795,买盘
1095,13:06:18,9.5,--,2,1900,买盘
1096,13:06:15,9.5,--,30,28500,买盘
1097,13:06:09,9.5,--,52,49400,买盘
1098,13:06:03,9.5,--,22,20900,买盘
1099,13:06:00,9.5,--,5,4750,买盘
1100,13:05:54,9.5,--,3,2850,卖盘
1101,13:05:48,9.5,--,3,2850,买盘
1102,13:05:45,9.5,--,11,10450,买盘
1103,13:05:39,9.5,--,10,9500,买盘
1104,13:05:30,9.5,0.01,5,4750,买盘
1105,13:05:24,9.49,-0.01,1,949,卖盘
1106,13:05:18,9.5,--,11,10450,买盘
1107,13:05:09,9.5,--,5,4750,买盘
1108,13:05:03,9.5,--,1,950,买盘
1109,13:04:54,9.5,--,10,9500,卖盘
1110,13:04:39,9.5,--,44,41800,买盘
1111,13:04:24,9.5,--,64,60800,买盘
1112,13:04:18,9.5,--,9,8550,买盘
1113,13:04:15,9.5,--,2,1900,买盘
1114,13:04:00,9.5,--,5,4750,买盘
1115,13:03:39,9.5,--,36,34200,卖盘
1116,13:03:30,9.5,--,11,10450,卖盘
1117,13:03:24,9.5,--,4,3800,卖盘
1118,13:03:18,9.5,-0.01,6,5700,卖盘
1119,13:03:03,9.51,--,10,9510,买盘
1120,13:02:54,9.51,--,5,4755,买盘
1121,13:02:48,9.51,--,61,58011,买盘
1122,13:02:30,9.51,0.02,5,4755,买盘
1123,13:02:24,9.49,--,0,0,卖盘
1124,13:02:18,9.49,-0.02,1,949,卖盘
1125,13:02:09,9.51,0.01,144,136944,买盘
1126,13:01:54,9.5,--,10,9500,买盘
1127,13:01:48,9.5,0.01,14,13300,买盘
1128,13:01:44,9.49,-0.01,17,16133,卖盘
1129,13:01:39,9.5,--,15,14250,买盘
1130,13:01:33,9.5,--,1,950,买盘
1131,13:01:29,9.5,-0.01,60,57000,卖盘
1132,13:01:24,9.51,0.01,100,95100,买盘
1133,13:01:18,9.5,-0.01,2,1900,卖盘
1134,13:01:09,9.51,0.01,260,247260,买盘
1135,13:01:03,9.5,--,77,73150,卖盘
1136,13:00:48,9.5,--,50,47500,卖盘
1137,13:00:39,9.5,--,37,35150,卖盘
1138,13:00:33,9.5,-0.01,5,4750,卖盘
1139,13:00:18,9.51,--,22,20922,买盘
1140,13:00:09,9.51,--,65,61815,买盘
1141,13:00:03,9.51,--,773,735123,卖盘
1142,11:30:00,9.51,--,0,0,卖盘
1143,11:29:59,9.51,-0.01,3,2853,买盘
1144,11:29:55,9.52,--,0,0,买盘
1145,11:29:45,9.52,0.02,9,8568,买盘
1146,11:29:40,9.5,--,11,10450,卖盘
1147,11:29:30,9.5,--,10,9500,卖盘
1148,11:29:15,9.5,--,7,6650,卖盘
1149,11:29:10,9.5,--,55,52250,卖盘
1150,11:28:45,9.5,-0.03,5,4750,卖盘
1151,11:28:34,9.53,--,0,0,买盘
1152,11:28:30,9.53,0.03,119,113406,买盘
1153,11:28:15,9.5,--,112,106400,卖盘
1154,11:28:10,9.5,--,84,79800,买盘
1155,11:27:49,9.5,--,4,3800,买盘
1156,11:27:43,9.5,--,1,950,买盘
1157,11:27:40,9.5,--,10,9500,买盘
1158,11:27:25,9.5,-0.03,461,437950,卖盘
1159,11:27:19,9.53,--,1,952,卖盘
1160,11:27:10,9.53,--,1,952,卖盘
1161,11:27:04,9.53,0.01,265,252544,买盘
1162,11:26:55,9.52,--,6,5712,买盘
1163,11:26:49,9.52,--,6,5712,买盘
1164,11:26:43,9.52,--,2,1904,买盘
1165,11:26:28,9.52,0.01,3,2856,买盘
1166,11:26:19,9.51,-0.02,1,951,卖盘
1167,11:26:10,9.53,0.02,10,9530,买盘
1168,11:26:04,9.51,-0.01,400,380400,卖盘
1169,11:25:43,9.52,--,5,4760,卖盘
1170,11:25:19,9.52,--,2,1904,卖盘
1171,11:25:13,9.52,--,25,23800,卖盘
1172,11:25:10,9.52,--,13,12376,卖盘
1173,11:25:04,9.52,--,5,4760,卖盘
1174,11:24:55,9.52,--,70,66640,买盘
1175,11:24:43,9.52,--,16,15232,买盘
1176,11:24:40,9.52,--,10,9520,买盘
1177,11:24:28,9.52,--,1,952,买盘
1178,11:24:25,9.52,0.01,100,95200,买盘
1179,11:24:19,9.51,-0.01,1,951,卖盘
1180,11:24:13,9.52,--,21,19992,买盘
1181,11:24:10,9.52,0.01,2,1904,买盘
1182,11:24:04,9.51,-0.01,10,9510,卖盘
1183,11:23:55,9.52,--,0,0,买盘
1184,11:23:43,9.52,--,13,12376,卖盘
1185,11:23:19,9.52,--,1,952,卖盘
1186,11:23:13,9.52,--,0,0,中性盘
1187,11:23:09,9.52,--,474,451248,卖盘
1188,11:22:49,9.52,--,41,39869,卖盘
1189,11:22:19,9.52,-0.01,2,1904,卖盘
1190,11:21:49,9.53,--,11,10483,买盘
1191,11:21:39,9.53,--,35,33355,卖盘
1192,11:21:28,9.53,--,5,4765,卖盘
1193,11:21:24,9.53,--,144,137232,卖盘
1194,11:21:19,9.53,-0.01,5,4765,卖盘
1195,11:21:13,9.54,0.01,10,9540,买盘
1196,11:20:58,9.53,-0.01,40,38120,卖盘
1197,11:20:52,9.54,--,21,20034,买盘
1198,11:20:49,9.54,--,2,1907,买盘
1199,11:20:28,9.54,--,24,22895,卖盘
1200,11:20:22,9.54,--,2,1907,卖盘
1201,11:20:19,9.54,-0.01,1,953,卖盘
1202,11:20:04,9.55,-0.01,145,138475,卖盘
1203,11:19:58,9.56,--,206,196936,买盘
1204,11:19:43,9.56,--,168,160608,卖盘
1205,11:19:28,9.56,--,40,38240,卖盘
1206,11:19:19,9.56,-0.01,1,956,卖盘
1207,11:18:58,9.57,--,34,32538,买盘
1208,11:18:43,9.57,--,6,5742,买盘
1209,11:18:34,9.57,--,16,15426,卖盘
1210,11:18:28,9.57,0.01,66,64004,买盘
1211,11:18:22,9.56,-0.01,100,95600,卖盘
1212,11:18:19,9.57,--,52,49764,买盘
1213,11:18:13,9.57,0.01,2,1914,买盘
1214,11:18:07,9.56,-0.01,2,1912,卖盘
1215,11:18:04,9.57,--,20,19140,买盘
1216,11:17:52,9.57,0.01,5,4785,买盘
1217,11:17:43,9.56,--,48,45888,卖盘
1218,11:17:22,9.56,0.01,95,90820,买盘
1219,11:17:19,9.55,-0.01,21,20055,卖盘
1220,11:17:13,9.56,0.01,10,9560,买盘
1221,11:17:03,9.55,--,24,22920,卖盘
1222,11:16:48,9.55,0.01,5,4775,买盘
1223,11:16:28,9.54,--,0,0,卖盘
1224,11:16:22,9.54,-0.01,50,47699,卖盘
1225,11:16:18,9.55,0.02,52,49660,买盘
1226,11:16:13,9.53,-0.02,2,1905,卖盘
1227,11:16:03,9.55,0.01,140,133700,买盘
1228,11:15:58,9.54,--,5,4770,买盘
1229,11:15:52,9.54,0.03,20,19080,买盘
1230,11:15:48,9.51,-0.02,300,285300,卖盘
1231,11:15:43,9.53,--,4,3811,买盘
1232,11:15:37,9.53,--,1,952,买盘
1233,11:15:28,9.53,0.01,5,4765,买盘
1234,11:15:18,9.52,--,2,1904,卖盘
1235,11:15:13,9.52,0.01,4,3808,买盘
1236,11:15:07,9.51,-0.01,18,17118,卖盘
1237,11:15:03,9.52,--,4,3808,买盘
1238,11:14:58,9.52,--,30,28560,买盘
1239,11:14:52,9.52,0.01,133,126616,买盘
1240,11:14:43,9.51,--,66,62766,卖盘
1241,11:14:37,9.51,-0.01,83,79360,卖盘
1242,11:14:18,9.52,--,76,72352,买盘
1243,11:14:13,9.52,-0.01,158,150416,卖盘
1244,11:14:07,9.53,--,5,4765,买盘
1245,11:13:52,9.53,--,1,952,买盘
1246,11:13:43,9.53,--,100,95300,买盘
1247,11:13:37,9.53,--,114,108641,卖盘
1248,11:13:31,9.53,--,10,9530,卖盘
1249,11:13:28,9.53,--,7,6671,卖盘
1250,11:13:16,9.53,-0.01,1,952,卖盘
1251,11:13:12,9.54,-0.01,24,22895,卖盘
1252,11:13:07,9.55,0.01,7,6685,买盘
1253,11:12:58,9.54,--,78,74412,卖盘
1254,11:12:46,9.54,-0.01,20,19080,卖盘
1255,11:12:43,9.55,--,10,9550,买盘
1256,11:12:37,9.55,--,4,3820,买盘
1257,11:12:28,9.55,--,181,172855,卖盘
1258,11:12:22,9.55,--,33,31515,卖盘
1259,11:12:16,9.55,--,2,1910,卖盘
1260,11:12:01,9.55,--,21,20055,卖盘
1261,11:11:52,9.55,-0.02,24,22920,卖盘
1262,11:11:46,9.57,--,0,0,买盘
1263,11:11:42,9.57,0.01,58,55506,买盘
1264,11:11:37,9.56,--,0,0,买盘
1265,11:11:31,9.56,0.01,145,138620,买盘
1266,11:11:28,9.55,0.01,80,76400,买盘
1267,11:11:16,9.54,-0.01,1,953,卖盘
1268,11:11:07,9.55,0.01,103,98365,买盘
1269,11:11:01,9.54,--,9,8586,卖盘
1270,11:10:43,9.54,--,100,95399,卖盘
1271,11:10:37,9.54,0.01,141,134514,买盘
1272,11:10:31,9.53,--,5,4765,卖盘
1273,11:10:16,9.53,-0.01,1,952,卖盘
1274,11:10:12,9.54,--,5,4770,买盘
1275,11:10:01,9.54,0.01,20,19080,买盘
1276,11:09:57,9.53,--,12,11436,卖盘
1277,11:09:52,9.53,--,24,22872,卖盘
1278,11:09:42,9.53,0.01,30,28589,买盘
1279,11:09:37,9.52,-0.02,11,10472,卖盘
1280,11:09:31,9.54,0.02,82,78228,买盘
1281,11:09:16,9.52,--,2,1904,卖盘
1282,11:09:12,9.52,--,92,87584,买盘
1283,11:09:07,9.52,--,2,1904,买盘
1284,11:09:01,9.52,0.01,4,3808,买盘
1285,11:08:57,9.51,-0.01,2,1902,卖盘
1286,11:08:52,9.52,--,18,17136,买盘
1287,11:08:42,9.52,--,126,119952,卖盘
1288,11:08:22,9.52,--,20,19040,卖盘
1289,11:08:16,9.52,-0.02,1,952,卖盘
1290,11:08:12,9.54,--,3,2861,买盘
1291,11:07:52,9.54,0.02,30,28619,买盘
1292,11:07:46,9.52,--,42,39984,买盘
1293,11:07:22,9.52,0.01,3,2856,买盘
1294,11:07:16,9.51,--,2,1902,卖盘
1295,11:07:12,9.51,-0.01,15,14265,卖盘
1296,11:07:07,9.52,0.02,50,47600,买盘
1297,11:07:01,9.5,--,10,9500,卖盘
1298,11:06:57,9.5,--,12,11400,卖盘
1299,11:06:52,9.5,0.01,53,50350,买盘
1300,11:06:46,9.49,--,17,16133,买盘
1301,11:06:40,9.49,--,26,24674,买盘
1302,11:06:37,9.49,0.01,85,80665,买盘
1303,11:06:31,9.48,--,390,369720,卖盘
1304,11:06:22,9.48,--,69,65412,卖盘
1305,11:06:16,9.48,-0.01,42,39816,卖盘
1306,11:06:01,9.49,--,195,185055,卖盘
1307,11:05:46,9.49,-0.01,46,43654,卖盘
1308,11:05:36,9.5,--,12,11400,买盘
1309,11:05:31,9.5,--,42,39900,买盘
1310,11:05:21,9.5,0.01,5,4750,买盘
1311,11:05:16,9.49,-0.01,36,34164,卖盘
1312,11:05:10,9.5,--,93,88350,卖盘
1313,11:05:06,9.5,--,93,88350,卖盘
1314,11:05:01,9.5,--,6,5700,卖盘
1315,11:04:55,9.5,--,30,28500,卖盘
1316,11:04:46,9.5,--,3,2850,卖盘
1317,11:04:40,9.5,--,20,19000,卖盘
1318,11:04:36,9.5,--,20,19000,卖盘
1319,11:04:31,9.5,0.01,105,99750,卖盘
1320,11:04:25,9.49,--,0,0,卖盘
1321,11:04:21,9.49,--,65,61685,卖盘
1322,11:04:16,9.49,-0.01,1,949,卖盘
1323,11:04:10,9.5,--,31,29450,买盘
1324,11:04:06,9.5,--,88,83600,卖盘
1325,11:04:01,9.5,-0.02,25,23750,卖盘
1326,11:03:51,9.52,0.01,31,29512,买盘
1327,11:03:46,9.51,-0.01,13,12363,卖盘
1328,11:03:31,9.52,0.01,333,317016,买盘
1329,11:03:21,9.51,-0.01,5,4755,卖盘
1330,11:03:16,9.52,--,55,52360,买盘
1331,11:03:06,9.52,--,107,101864,买盘
1332,11:03:01,9.52,--,26,24752,买盘
1333,11:02:51,9.52,--,10,9520,买盘
1334,11:02:46,9.52,-0.01,105,99960,卖盘
1335,11:02:36,9.53,--,88,83864,买盘
1336,11:02:31,9.53,--,13,12389,买盘
1337,11:02:21,9.53,--,129,122936,卖盘
1338,11:02:16,9.53,-0.01,1,952,卖盘
1339,11:02:10,9.54,--,11,10493,买盘
1340,11:02:06,9.54,--,37,35298,买盘
1341,11:02:01,9.54,--,10,9540,买盘
1342,11:01:46,9.54,0.01,23,21941,买盘
1343,11:01:40,9.53,--,53,50509,买盘
1344,11:01:36,9.53,0.01,7,6671,买盘
1345,11:01:25,9.52,--,10,9520,卖盘
1346,11:01:16,9.52,--,1,952,卖盘
1347,11:00:55,9.52,--,55,52360,买盘
1348,11:00:51,9.52,--,50,47600,买盘
1349,11:00:46,9.52,--,12,11424,买盘
1350,11:00:36,9.52,-0.01,3,2856,卖盘
1351,11:00:31,9.53,0.01,1,952,买盘
1352,11:00:25,9.52,-0.01,5,4760,卖盘
1353,11:00:21,9.53,0.01,5,4765,买盘
1354,11:00:16,9.52,-0.01,2,1904,卖盘
1355,11:00:10,9.53,--,636,606108,卖盘
1356,11:00:06,9.53,--,0,0,卖盘
1357,11:00:01,9.53,--,1,952,卖盘
1358,10:59:55,9.53,-0.01,80,76240,卖盘
1359,10:59:49,9.54,--,4,3815,卖盘
1360,10:59:40,9.54,--,10,9540,卖盘
1361,10:59:31,9.54,-0.01,5,4770,卖盘
1362,10:59:16,9.55,-0.01,10,9550,卖盘
1363,10:59:10,9.56,--,5,4780,买盘
1364,10:59:04,9.56,-0.01,81,77436,卖盘
1365,10:59:01,9.57,--,2,1914,买盘
1366,10:58:55,9.57,0.01,8,7656,买盘
1367,10:58:46,9.56,--,13,12428,卖盘
1368,10:58:40,9.56,--,10,9560,卖盘
1369,10:58:30,9.56,0.02,186,177816,买盘
1370,10:58:15,9.54,--,61,58193,卖盘
1371,10:58:10,9.54,--,1476,1408103,买盘
1372,10:58:04,9.54,0.01,2,1907,买盘
1373,10:58:00,9.53,--,20,19060,卖盘
1374,10:57:55,9.53,--,132,125795,卖盘
1375,10:57:49,9.53,--,5,4765,卖盘
1376,10:57:45,9.53,--,33,31448,买盘
1377,10:57:40,9.53,0.01,5,4765,买盘
1378,10:57:34,9.52,0.01,20,19040,买盘
1379,10:57:30,9.51,-0.01,27,25677,卖盘
1380,10:57:19,9.52,0.01,1,952,买盘
1381,10:57:15,9.51,--,2,1902,卖盘
1382,10:57:10,9.51,--,2,1902,卖盘
1383,10:57:04,9.51,--,4,3804,买盘
1384,10:56:55,9.51,--,15,14265,买盘
1385,10:56:49,9.51,0.01,1,951,买盘
1386,10:56:45,9.5,-0.01,10,9500,卖盘
1387,10:56:34,9.51,--,20,19020,买盘
1388,10:56:25,9.51,--,61,58011,买盘
1389,10:56:19,9.51,0.01,5,4755,买盘
1390,10:56:15,9.5,--,1,950,卖盘
1391,10:56:10,9.5,0.01,7,6650,卖盘
1392,10:56:00,9.49,--,0,0,卖盘
1393,10:55:55,9.49,-0.01,37,35113,卖盘
1394,10:55:49,9.5,--,29,27550,买盘
1395,10:55:45,9.5,0.01,15,14250,买盘
1396,10:55:40,9.49,-0.01,51,48399,卖盘
1397,10:55:30,9.5,--,79,75050,卖盘
1398,10:55:15,9.5,--,26,24700,卖盘
1399,10:55:10,9.5,--,0,0,卖盘
1400,10:55:04,9.5,--,0,0,卖盘
1401,10:55:00,9.5,-0.03,7,6650,卖盘
1402,10:54:55,9.53,0.04,106,101018,买盘
1403,10:54:49,9.49,0.01,25,23725,卖盘
1404,10:54:40,9.48,--,15,14220,卖盘
1405,10:54:34,9.48,-0.05,51,48348,卖盘
1406,10:54:30,9.53,0.03,6,5718,买盘
1407,10:54:25,9.5,0.01,57,54150,买盘
1408,10:54:19,9.49,0.01,46,43748,买盘
1409,10:54:15,9.48,-0.01,93,88164,卖盘
1410,10:54:10,9.49,--,13,12337,买盘
1411,10:54:04,9.49,0.01,5,4745,买盘
1412,10:54:00,9.48,-0.01,1,948,卖盘
1413,10:53:55,9.49,0.01,40,37960,买盘
1414,10:53:49,9.48,--,25,23700,卖盘
1415,10:53:40,9.48,0.01,16,15168,买盘
1416,10:53:34,9.47,--,117,110799,卖盘
1417,10:53:30,9.47,--,7,6629,卖盘
1418,10:53:25,9.47,--,35,33145,卖盘
1419,10:53:19,9.47,0.01,94,89018,中性盘
1420,10:53:15,9.46,-0.02,17,16082,卖盘
1421,10:53:10,9.48,--,822,779256,买盘
1422,10:53:04,9.48,0.01,16,15168,买盘
1423,10:53:00,9.47,--,20,18940,卖盘
1424,10:52:55,9.47,--,46,43562,卖盘
1425,10:52:49,9.47,-0.01,359,339973,卖盘
1426,10:52:45,9.48,0.01,7,6636,买盘
1427,10:52:40,9.47,--,251,237697,卖盘
1428,10:52:34,9.47,--,22,20834,卖盘
1429,10:52:30,9.47,--,69,65343,卖盘
1430,10:52:25,9.47,--,125,118375,卖盘
1431,10:52:19,9.47,-0.01,8,7576,卖盘
1432,10:52:15,9.48,--,2,1896,买盘
1433,10:52:10,9.48,--,71,67308,卖盘
1434,10:52:04,9.48,--,8,7584,卖盘
1435,10:51:58,9.48,--,166,157368,卖盘
1436,10:51:54,9.48,-0.01,43,40764,卖盘
1437,10:51:49,9.49,0.01,10,9490,买盘
1438,10:51:43,9.48,--,11,10428,卖盘
1439,10:51:39,9.48,--,86,81528,卖盘
1440,10:51:34,9.48,--,10,9480,卖盘
1441,10:51:28,9.48,--,133,126084,买盘
1442,10:51:25,9.48,--,29,27492,买盘
1443,10:51:19,9.48,-0.01,160,151680,卖盘
1444,10:51:13,9.49,0.01,49,46501,买盘
1445,10:51:09,9.48,--,55,52140,卖盘
1446,10:51:04,9.48,-0.01,111,105228,卖盘
1447,10:50:58,9.49,0.01,20,18980,买盘
1448,10:50:54,9.48,--,68,64464,买盘
1449,10:50:49,9.48,0.01,25,23700,买盘
1450,10:50:43,9.47,-0.02,502,475394,卖盘
1451,10:50:39,9.49,0.01,79,74971,买盘
1452,10:50:34,9.48,0.01,166,157368,买盘
1453,10:50:28,9.47,-0.01,40,37880,卖盘
1454,10:50:24,9.48,--,210,199080,买盘
1455,10:50:19,9.48,-0.01,118,111864,卖盘
1456,10:50:13,9.49,0.01,1,949,买盘
1457,10:50:09,9.48,--,222,210456,卖盘
1458,10:50:04,9.48,--,48,45504,卖盘
1459,10:49:58,9.48,-0.01,1,948,卖盘
1460,10:49:54,9.49,0.01,148,140452,买盘
1461,10:49:49,9.48,-0.01,136,128928,卖盘
1462,10:49:43,9.49,--,7,6643,买盘
1463,10:49:39,9.49,-0.01,241,229563,卖盘
1464,10:49:34,9.5,--,5,4750,买盘
1465,10:49:19,9.5,-0.04,1498,1423100,卖盘
1466,10:49:13,9.54,--,28,26711,卖盘
1467,10:49:09,9.54,--,70,66780,买盘
1468,10:49:03,9.54,0.01,6,5723,买盘
1469,10:48:58,9.53,--,10,9530,卖盘
1470,10:48:54,9.53,--,288,274464,卖盘
1471,10:48:49,9.53,-0.01,301,286853,卖盘
1472,10:48:39,9.54,0.01,2,1907,买盘
1473,10:48:34,9.53,-0.01,62,59085,卖盘
1474,10:48:28,9.54,--,35,33390,买盘
1475,10:48:19,9.54,--,8,7631,买盘
1476,10:48:13,9.54,--,14,13355,买盘
1477,10:48:09,9.54,--,10,9540,买盘
1478,10:48:04,9.54,--,23,21941,买盘
1479,10:47:54,9.54,--,58,55331,买盘
1480,10:47:49,9.54,--,42,40068,卖盘
1481,10:47:43,9.54,-0.01,2,1907,卖盘
1482,10:47:34,9.55,0.02,100,95500,买盘
1483,10:47:28,9.53,-0.01,20,19060,卖盘
1484,10:47:24,9.54,--,1,953,卖盘
1485,10:47:19,9.54,--,1,953,卖盘
1486,10:47:13,9.54,0.02,8,7631,买盘
1487,10:47:04,9.52,0.01,415,395080,卖盘
1488,10:46:58,9.51,--,0,0,卖盘
1489,10:46:54,9.51,--,15,14265,卖盘
1490,10:46:49,9.51,-0.01,326,310026,卖盘
1491,10:46:43,9.52,--,70,66640,买盘
1492,10:46:39,9.52,0.01,6,5712,买盘
1493,10:46:33,9.51,-0.01,21,19971,卖盘
1494,10:46:28,9.52,-0.01,7,6664,卖盘
1495,10:46:24,9.53,0.02,1,952,买盘
1496,10:46:19,9.51,-0.01,65,61815,卖盘
1497,10:46:13,9.52,0.01,17,16184,中性盘
1498,10:46:04,9.51,--,31,29481,卖盘
1499,10:45:49,9.51,0.01,20,19020,卖盘
1500,10:45:43,9.5,--,0,0,卖盘
1501,10:45:33,9.5,--,510,484500,卖盘
1502,10:45:28,9.5,-0.01,215,204250,卖盘
1503,10:45:23,9.51,--,102,97002,买盘
1504,10:45:19,9.51,--,124,117924,买盘
1505,10:45:13,9.51,--,3,2853,买盘
1506,10:45:09,9.51,--,115,109365,买盘
1507,10:45:04,9.51,--,22,20922,卖盘
1508,10:44:57,9.51,--,106,100806,卖盘
1509,10:44:53,9.51,--,113,107463,卖盘
1510,10:44:48,9.51,--,156,148356,卖盘
1511,10:44:36,9.51,--,9,8559,卖盘
1512,10:44:33,9.51,-0.02,283,269133,卖盘
1513,10:44:28,9.53,--,4,3811,卖盘
1514,10:44:22,9.53,--,10,9530,卖盘
1515,10:44:18,9.53,--,22,20966,卖盘
1516,10:44:12,9.53,--,49,46697,卖盘
1517,10:44:06,9.53,-0.01,28,26684,卖盘
1518,10:44:03,9.54,--,68,64871,卖盘
1519,10:43:57,9.54,--,42,40068,卖盘
1520,10:43:51,9.54,--,100,95399,卖盘
1521,10:43:42,9.54,-0.01,17,16217,卖盘
1522,10:43:36,9.55,--,50,47750,买盘
1523,10:43:33,9.55,--,147,140385,卖盘
1524,10:43:21,9.55,--,34,32470,卖盘
1525,10:43:12,9.55,--,1,955,卖盘
1526,10:43:03,9.55,--,33,31515,卖盘
1527,10:42:57,9.55,--,0,0,卖盘
1528,10:42:51,9.55,--,4,3820,卖盘
1529,10:42:48,9.55,--,98,93590,卖盘
1530,10:42:42,9.55,-0.02,22,21010,卖盘
1531,10:42:36,9.57,0.02,1,957,买盘
1532,10:42:33,9.55,-0.02,71,67805,卖盘
1533,10:42:27,9.57,--,203,194271,卖盘
1534,10:42:21,9.57,-0.01,492,470844,卖盘
1535,10:42:18,9.58,--,2,1916,卖盘
1536,10:42:12,9.58,--,5,4790,卖盘
1537,10:42:06,9.58,--,0,0,卖盘
1538,10:42:03,9.58,-0.02,110,105380,卖盘
1539,10:41:51,9.6,--,322,309840,卖盘
1540,10:41:36,9.6,--,200,192000,卖盘
1541,10:41:33,9.6,-0.01,809,776640,卖盘
1542,10:41:21,9.61,--,61,58621,卖盘
1543,10:41:12,9.61,-0.01,11,10571,卖盘
1544,10:41:03,9.62,--,72,69264,卖盘
1545,10:40:57,9.62,--,50,48099,卖盘
1546,10:40:51,9.62,--,229,220297,卖盘
1547,10:40:48,9.62,--,256,246271,卖盘
1548,10:40:36,9.62,--,52,50023,买盘
1549,10:40:27,9.62,0.01,10,9620,买盘
1550,10:40:12,9.61,--,1,961,卖盘
1551,10:40:06,9.61,0.01,38,36518,买盘
1552,10:39:57,9.6,--,369,354480,卖盘
1553,10:39:51,9.6,--,375,360000,买盘
1554,10:39:48,9.6,--,1,960,买盘
1555,10:39:42,9.6,0.01,143,137280,买盘
1556,10:39:36,9.59,-0.01,6,5754,卖盘
1557,10:39:27,9.6,--,11,10560,买盘
1558,10:39:21,9.6,0.01,5,4800,买盘
1559,10:39:17,9.59,--,21,20139,卖盘
1560,10:39:12,9.59,--,9,8631,卖盘
1561,10:38:57,9.59,--,47,45073,卖盘
1562,10:38:47,9.59,0.01,28,26852,买盘
1563,10:38:42,9.58,-0.01,13,12454,卖盘
1564,10:38:32,9.59,0.01,20,19180,买盘
1565,10:38:27,9.58,--,132,126456,卖盘
1566,10:38:21,9.58,--,101,96758,买盘
1567,10:38:17,9.58,--,3,2874,买盘
1568,10:38:12,9.58,0.01,10,9580,买盘
1569,10:37:57,9.57,-0.01,1,957,卖盘
1570,10:37:51,9.58,-0.01,27,25866,卖盘
1571,10:37:47,9.59,0.01,4,3836,买盘
1572,10:37:42,9.58,--,20,19160,卖盘
1573,10:37:36,9.58,-0.01,50,47900,卖盘
1574,10:37:27,9.59,-0.02,32,30688,卖盘
1575,10:37:21,9.61,--,38,36518,卖盘
1576,10:37:15,9.61,--,21,20181,卖盘
1577,10:37:12,9.61,0.02,21,20181,买盘
1578,10:37:06,9.59,--,0,0,卖盘
1579,10:37:00,9.59,-0.02,96,92064,卖盘
1580,10:36:57,9.61,--,10,9610,买盘
1581,10:36:42,9.61,--,0,0,买盘
1582,10:36:36,9.61,0.02,3,2883,买盘
1583,10:36:30,9.59,-0.02,100,95900,卖盘
1584,10:36:27,9.61,0.01,10,9610,买盘
1585,10:36:21,9.6,--,72,69120,卖盘
1586,10:36:15,9.6,-0.01,2,1920,卖盘
1587,10:36:12,9.61,-0.02,69,66309,卖盘
1588,10:36:00,9.63,--,101,97263,卖盘
1589,10:35:57,9.63,--,33,31779,卖盘
1590,10:35:51,9.63,--,125,120375,卖盘
1591,10:35:42,9.63,--,116,111708,卖盘
1592,10:35:36,9.63,-0.02,50,48150,卖盘
1593,10:35:30,9.65,0.02,130,125450,买盘
1594,10:35:27,9.63,-0.02,270,260010,卖盘
1595,10:35:21,9.65,0.02,30,28950,买盘
1596,10:35:15,9.63,--,1,963,卖盘
1597,10:35:12,9.63,--,0,0,卖盘
1598,10:35:06,9.63,--,0,0,卖盘
1599,10:35:00,9.63,-0.01,264,254232,卖盘
1600,10:34:51,9.64,0.06,4,3856,中性盘
1601,10:34:45,9.58,--,314,300812,卖盘
1602,10:34:36,9.58,--,0,0,卖盘
1603,10:34:30,9.58,-0.07,765,732870,卖盘
1604,10:34:27,9.65,--,5,4825,买盘
1605,10:34:21,9.65,-0.01,142,137030,卖盘
1606,10:34:15,9.66,0.01,106,102396,买盘
1607,10:34:12,9.65,-0.01,10,9650,卖盘
1608,10:34:06,9.66,--,5,4830,买盘
1609,10:34:00,9.66,--,123,118818,买盘
1610,10:33:57,9.66,--,20,19320,买盘
1611,10:33:51,9.66,--,1,966,买盘
1612,10:33:45,9.66,0.01,105,101430,买盘
1613,10:33:36,9.65,-0.01,217,209405,卖盘
1614,10:33:30,9.66,0.01,100,96600,买盘
1615,10:33:27,9.65,-0.01,50,48250,卖盘
1616,10:33:21,9.66,0.01,113,109158,买盘
1617,10:33:15,9.65,--,1,965,卖盘
1618,10:33:06,9.65,0.05,297,286605,买盘
1619,10:33:00,9.6,--,10,9600,卖盘
1620,10:32:57,9.6,-0.02,24,23040,卖盘
1621,10:32:51,9.62,0.02,22,21164,买盘
1622,10:32:45,9.6,--,25,24000,卖盘
1623,10:32:36,9.6,--,262,251520,买盘
1624,10:32:30,9.6,--,50,48000,买盘
1625,10:32:27,9.6,--,1,960,买盘
1626,10:32:21,9.6,--,54,51840,卖盘
1627,10:32:15,9.6,--,51,48960,卖盘
1628,10:32:06,9.6,-0.03,889,853440,卖盘
1629,10:32:00,9.63,0.01,5,4815,买盘
1630,10:31:57,9.62,--,39,37518,卖盘
1631,10:31:51,9.62,-0.01,828,796535,卖盘
1632,10:31:45,9.63,--,23,22149,卖盘
1633,10:31:42,9.63,--,316,304308,卖盘
1634,10:31:36,9.63,-0.01,27,26001,卖盘
1635,10:31:30,9.64,0.01,94,90616,买盘
1636,10:31:26,9.63,-0.01,5,4815,卖盘
1637,10:31:21,9.64,--,8,7712,卖盘
1638,10:31:15,9.64,--,45,43380,卖盘
1639,10:31:06,9.64,--,17,16388,卖盘
1640,10:31:00,9.64,-0.01,5,4820,卖盘
1641,10:30:56,9.65,--,15,14475,买盘
1642,10:30:51,9.65,0.01,99,95535,买盘
1643,10:30:36,9.64,--,3,2892,卖盘
1644,10:30:21,9.64,0.01,52,50128,买盘
1645,10:30:15,9.63,-0.01,1,963,卖盘
1646,10:30:00,9.64,0.01,42,40488,买盘
1647,10:29:21,9.63,--,2,1926,卖盘
1648,10:29:15,9.63,--,25,24075,买盘
1649,10:29:09,9.63,0.01,63,60669,买盘
1650,10:29:06,9.62,--,1,961,卖盘
1651,10:28:54,9.62,-0.01,58,55795,卖盘
1652,10:28:45,9.63,--,9,8667,买盘
1653,10:28:39,9.63,--,30,28890,卖盘
1654,10:28:36,9.63,--,21,20223,卖盘
1655,10:28:15,9.63,-0.01,2,1926,卖盘
1656,10:28:09,9.64,--,10,9640,卖盘
1657,10:28:00,9.64,--,0,0,卖盘
1658,10:27:54,9.64,-0.02,15,14460,卖盘
1659,10:27:39,9.66,--,63,60858,卖盘
1660,10:27:30,9.66,--,134,129444,卖盘
1661,10:27:24,9.66,--,61,58926,卖盘
1662,10:27:21,9.66,--,230,222180,卖盘
1663,10:27:15,9.66,--,61,58926,卖盘
1664,10:27:09,9.66,--,18,17388,卖盘
1665,10:27:06,9.66,-0.01,10,9660,卖盘
1666,10:27:00,9.67,0.01,120,116040,中性盘
1667,10:26:54,9.66,--,218,210588,卖盘
1668,10:26:51,9.66,-0.01,60,57960,卖盘
1669,10:26:45,9.67,--,59,57053,买盘
1670,10:26:39,9.67,--,23,22241,买盘
1671,10:26:36,9.67,--,20,19340,买盘
1672,10:26:30,9.67,0.01,10,9670,买盘
1673,10:26:24,9.66,--,80,77280,卖盘
1674,10:26:21,9.66,--,100,96600,卖盘
1675,10:26:15,9.66,0.02,236,227976,买盘
1676,10:26:09,9.64,--,10,9640,买盘
1677,10:26:06,9.64,--,1,964,买盘
1678,10:26:00,9.64,--,336,323904,卖盘
1679,10:25:54,9.64,--,8,7712,卖盘
1680,10:25:51,9.64,-0.01,10,9640,卖盘
1681,10:25:45,9.65,0.01,12,11580,买盘
1682,10:25:39,9.64,0.01,7,6748,买盘
1683,10:25:36,9.63,-0.01,30,28890,卖盘
1684,10:25:30,9.64,0.02,55,53020,买盘
1685,10:25:24,9.62,--,100,96199,卖盘
1686,10:25:15,9.62,--,11,10582,卖盘
1687,10:25:09,9.62,--,179,172198,买盘
1688,10:25:05,9.62,0.01,53,50985,买盘
1689,10:25:00,9.61,-0.01,10,9610,卖盘
1690,10:24:54,9.62,--,90,86580,买盘
1691,10:24:50,9.62,--,1,961,买盘
1692,10:24:45,9.62,--,5,4810,买盘
1693,10:24:39,9.62,--,5,4810,买盘
1694,10:24:30,9.62,0.01,40,38480,买盘
1695,10:24:24,9.61,-0.01,4,3844,中性盘
1696,10:24:15,9.62,0.01,127,122173,买盘
1697,10:24:09,9.61,--,23,22103,买盘
1698,10:24:05,9.61,--,61,58621,买盘
1699,10:24:00,9.61,--,1,961,买盘
1700,10:23:54,9.61,0.01,68,65347,买盘
1701,10:23:45,9.6,0.01,95,91200,买盘
1702,10:23:35,9.59,0.01,145,139055,买盘
1703,10:23:30,9.58,--,4,3832,卖盘
1704,10:23:24,9.58,0.01,17,16286,买盘
1705,10:23:15,9.57,0.01,180,173054,买盘
1706,10:23:00,9.56,0.01,188,179728,买盘
1707,10:22:54,9.55,--,133,127015,卖盘
1708,10:22:33,9.55,--,3,2865,卖盘
1709,10:22:18,9.55,--,7,6685,卖盘
1710,10:22:15,9.55,-0.01,20,19100,卖盘
1711,10:22:09,9.56,--,65,62140,卖盘
1712,10:22:03,9.56,-0.01,10,9560,卖盘
1713,10:21:54,9.57,--,5,4785,买盘
1714,10:21:48,9.57,--,112,107346,卖盘
1715,10:21:39,9.57,-0.02,33,31581,卖盘
1716,10:21:33,9.59,0.02,70,67130,买盘
1717,10:21:24,9.57,-0.01,7,6699,卖盘
1718,10:21:18,9.58,--,94,90052,卖盘
1719,10:21:15,9.58,--,1,958,卖盘
1720,10:21:09,9.58,-0.01,10,9580,卖盘
1721,10:21:00,9.59,--,1,959,买盘
1722,10:20:54,9.59,0.01,34,32606,买盘
1723,10:20:48,9.58,-0.01,150,143700,卖盘
1724,10:20:39,9.59,0.01,82,78638,买盘
1725,10:20:33,9.58,--,13,12454,卖盘
1726,10:20:24,9.58,0.01,24,22992,买盘
1727,10:20:18,9.57,-0.01,16,15312,卖盘
1728,10:20:15,9.58,0.01,32,30656,买盘
1729,10:19:48,9.57,--,35,34289,买盘
1730,10:19:45,9.57,0.01,10,9570,买盘
1731,10:19:39,9.56,--,2,1912,卖盘
1732,10:19:29,9.56,--,1,956,卖盘
1733,10:19:24,9.56,0.01,76,72656,卖盘
1734,10:19:18,9.55,--,0,0,卖盘
1735,10:19:14,9.55,--,216,206280,卖盘
1736,10:19:09,9.55,-0.01,8,7640,卖盘
1737,10:19:03,9.56,--,138,131928,卖盘
1738,10:19:00,9.56,--,20,19120,卖盘
1739,10:18:54,9.56,--,67,64052,卖盘
1740,10:18:39,9.56,0.01,22,21032,买盘
1741,10:18:29,9.55,-0.01,32,30560,卖盘
1742,10:18:24,9.56,0.01,25,23900,买盘
1743,10:18:18,9.55,--,51,48705,卖盘
1744,10:18:09,9.55,--,45,42975,卖盘
1745,10:18:03,9.55,0.01,15,14325,买盘
1746,10:17:54,9.54,--,6,5723,卖盘
1747,10:17:44,9.54,-0.01,40,38160,卖盘
1748,10:17:39,9.55,-0.01,93,88815,卖盘
1749,10:17:33,9.56,--,76,72656,卖盘
1750,10:17:24,9.56,--,35,33460,卖盘
1751,10:17:18,9.56,-0.01,8,7648,卖盘
1752,10:17:09,9.57,-0.01,214,204960,卖盘
1753,10:17:03,9.58,-0.01,108,103464,卖盘
1754,10:16:54,9.59,--,9,8631,买盘
1755,10:16:48,9.59,0.01,60,57540,买盘
1756,10:16:39,9.58,-0.01,20,19160,卖盘
1757,10:16:33,9.59,0.01,12,11508,买盘
1758,10:16:29,9.58,--,0,0,卖盘
1759,10:16:24,9.58,-0.02,1,958,卖盘
1760,10:16:18,9.6,0.02,20,19200,买盘
1761,10:16:14,9.58,-0.01,35,33530,卖盘
1762,10:15:59,9.59,-0.01,2,1918,中性盘
1763,10:15:48,9.6,--,0,0,买盘
1764,10:15:44,9.6,0.03,192,184320,买盘
1765,10:15:33,9.57,--,0,0,卖盘
1766,10:15:28,9.57,--,54,51678,卖盘
1767,10:15:24,9.57,-0.01,10,9570,卖盘
1768,10:15:18,9.58,0.01,22,21076,买盘
1769,10:15:12,9.57,--,1,957,卖盘
1770,10:15:03,9.57,--,25,23925,卖盘
1771,10:14:57,9.57,0.01,214,205592,买盘
1772,10:14:54,9.56,--,38,36328,买盘
1773,10:14:48,9.56,0.02,41,39196,买盘
1774,10:14:42,9.54,--,0,0,卖盘
1775,10:14:39,9.54,-0.02,45,42929,卖盘
1776,10:14:33,9.56,0.01,109,104204,买盘
1777,10:14:27,9.55,-0.01,307,293185,卖盘
1778,10:14:18,9.56,0.01,6,5736,买盘
1779,10:14:12,9.55,-0.01,10,9550,卖盘
1780,10:14:08,9.56,--,20,19120,买盘
1781,10:14:03,9.56,0.01,1126,1076456,买盘
1782,10:13:57,9.55,--,136,129880,卖盘
1783,10:13:53,9.55,--,19,18145,卖盘
1784,10:13:42,9.55,--,12,11460,卖盘
1785,10:13:38,9.55,0.01,227,216785,买盘
1786,10:13:33,9.54,--,332,316728,卖盘
1787,10:13:23,9.54,--,3,2861,买盘
1788,10:13:18,9.54,-0.01,34,32435,卖盘
1789,10:13:12,9.55,0.01,40,38200,买盘
1790,10:13:03,9.54,--,35,33390,买盘
1791,10:12:57,9.54,-0.01,308,293832,卖盘
1792,10:12:53,9.55,0.01,11,10505,买盘
1793,10:12:48,9.54,-0.01,7,6677,卖盘
1794,10:12:42,9.55,--,20,19100,买盘
1795,10:12:27,9.55,-0.01,131,125105,卖盘
1796,10:12:23,9.56,0.02,5,4780,买盘
1797,10:12:18,9.54,-0.01,376,358703,卖盘
1798,10:12:12,9.55,-0.01,2,1910,卖盘
1799,10:12:03,9.56,--,105,100380,买盘
1800,10:11:57,9.56,-0.01,198,189288,卖盘
1801,10:11:48,9.57,0.01,12,11484,买盘
1802,10:11:38,9.56,0.01,2,1912,卖盘
1803,10:11:33,9.55,--,0,0,卖盘
1804,10:11:23,9.55,--,81,77355,卖盘
1805,10:11:18,9.55,--,51,48705,卖盘
1806,10:11:12,9.55,--,287,274085,买盘
1807,10:11:03,9.55,--,10,9550,买盘
1808,10:10:48,9.55,--,3,2865,买盘
1809,10:10:42,9.55,--,219,209145,卖盘
1810,10:10:33,9.55,--,10,9550,卖盘
1811,10:10:27,9.55,-0.01,4,3820,卖盘
1812,10:10:23,9.56,--,31,29636,买盘
1813,10:10:18,9.56,--,34,32504,买盘
1814,10:10:12,9.56,-0.01,280,267680,卖盘
1815,10:10:08,9.57,0.01,5,4785,买盘
1816,10:09:57,9.56,--,35,33460,卖盘
1817,10:09:53,9.56,--,22,21032,卖盘
1818,10:09:48,9.56,--,159,152004,买盘
1819,10:09:42,9.56,--,73,69788,卖盘
1820,10:09:38,9.56,--,50,47800,卖盘
1821,10:09:27,9.56,--,16,15296,卖盘
1822,10:09:23,9.56,--,18,17208,卖盘
1823,10:09:12,9.56,-0.01,3,2868,卖盘
1824,10:09:03,9.57,--,0,0,买盘
1825,10:08:57,9.57,--,6,5742,买盘
1826,10:08:42,9.57,--,12,11484,买盘
1827,10:08:38,9.57,--,5,4785,买盘
1828,10:08:33,9.57,--,1,957,买盘
1829,10:08:23,9.57,--,26,24882,买盘
1830,10:08:18,9.57,0.01,17,16269,买盘
1831,10:08:12,9.56,-0.01,68,65361,卖盘
1832,10:08:06,9.57,--,38,36366,买盘
1833,10:08:03,9.57,0.01,34,32538,买盘
1834,10:07:57,9.56,--,109,104204,卖盘
1835,10:07:51,9.56,-0.02,84,80304,卖盘
1836,10:07:48,9.58,0.02,35,33530,买盘
1837,10:07:42,9.56,-0.02,176,168256,卖盘
1838,10:07:36,9.58,0.02,67,64186,买盘
1839,10:07:33,9.56,-0.01,95,90820,卖盘
1840,10:07:27,9.57,--,111,106227,买盘
1841,10:07:21,9.57,0.01,42,40194,买盘
1842,10:07:17,9.56,--,264,252384,卖盘
1843,10:07:12,9.56,-0.01,110,105160,卖盘
1844,10:07:06,9.57,--,12,11484,买盘
1845,10:07:02,9.57,--,15,14355,买盘
1846,10:06:57,9.57,-0.01,38,36366,中性盘
1847,10:06:51,9.58,0.01,44,42152,买盘
1848,10:06:42,9.57,0.01,17,16269,买盘
1849,10:06:36,9.56,-0.02,4,3824,卖盘
1850,10:06:32,9.58,0.01,12,11496,买盘
1851,10:06:27,9.57,0.01,13,12441,买盘
1852,10:06:21,9.56,--,19,18164,卖盘
1853,10:06:17,9.56,-0.01,3,2868,卖盘
1854,10:06:12,9.57,--,37,36011,买盘
1855,10:06:06,9.57,--,16,15312,买盘
1856,10:05:57,9.57,--,44,42108,买盘
1857,10:05:47,9.57,--,55,52635,买盘
1858,10:05:42,9.57,--,10,9570,买盘
1859,10:05:36,9.57,--,146,139722,买盘
1860,10:05:32,9.57,--,16,15312,买盘
1861,10:05:27,9.57,-0.02,144,137808,卖盘
1862,10:05:21,9.59,0.02,20,19180,买盘
1863,10:05:17,9.57,-0.02,35,33495,卖盘
1864,10:05:12,9.59,-0.01,9,8631,买盘
1865,10:05:06,9.6,--,17,16320,买盘
1866,10:05:02,9.6,--,8,7680,买盘
1867,10:04:57,9.6,--,30,28800,买盘
1868,10:04:51,9.6,--,0,0,买盘
1869,10:04:47,9.6,--,17,16320,买盘
1870,10:04:36,9.6,0.02,38,36480,买盘
1871,10:04:32,9.58,0.03,13,12454,买盘
1872,10:04:27,9.55,-0.05,111,106005,卖盘
1873,10:04:21,9.6,--,40,38400,买盘
1874,10:04:12,9.6,-0.01,114,109440,卖盘
1875,10:04:06,9.61,--,250,240250,买盘
1876,10:04:02,9.61,--,51,49011,买盘
1877,10:03:57,9.61,--,10,9610,买盘
1878,10:03:51,9.61,--,30,28830,买盘
1879,10:03:47,9.61,--,60,57660,卖盘
1880,10:03:36,9.61,-0.01,72,69192,卖盘
1881,10:03:32,9.62,0.01,52,50023,买盘
1882,10:03:27,9.61,--,18,17298,卖盘
1883,10:03:21,9.61,--,30,28830,卖盘
1884,10:03:17,9.61,--,5,4805,买盘
1885,10:03:12,9.61,--,28,26908,买盘
1886,10:03:02,9.61,0.01,15,14415,买盘
1887,10:02:57,9.6,--,3,2880,卖盘
1888,10:02:51,9.6,0.02,107,102720,买盘
1889,10:02:47,9.58,--,7,6706,卖盘
1890,10:02:42,9.58,--,422,404276,买盘
1891,10:02:36,9.58,0.01,3,2874,买盘
1892,10:02:21,9.57,0.01,2,1914,买盘
1893,10:02:17,9.56,--,33,31548,卖盘
1894,10:02:12,9.56,0.01,97,92732,买盘
1895,10:02:02,9.55,--,48,45840,卖盘
1896,10:01:51,9.55,0.02,592,565360,买盘
1897,10:01:47,9.53,-0.01,126,120077,卖盘
1898,10:01:42,9.54,--,16,15263,买盘
1899,10:01:32,9.54,-0.01,93,88721,卖盘
1900,10:01:21,9.55,0.01,18,17190,买盘
1901,10:01:15,9.54,--,75,71550,买盘
1902,10:01:12,9.54,--,3,2861,买盘
1903,10:01:06,9.54,--,5,4770,买盘
1904,10:01:00,9.54,0.01,200,190799,买盘
1905,10:00:51,9.53,-0.01,17,16200,卖盘
1906,10:00:45,9.54,0.02,52,49607,买盘
1907,10:00:42,9.52,--,6,5712,卖盘
1908,10:00:30,9.52,--,2,1904,卖盘
1909,10:00:27,9.52,--,10,9520,卖盘
1910,10:00:21,9.52,--,108,102816,买盘
1911,10:00:15,9.52,0.01,22,20944,买盘
1912,10:00:11,9.51,--,100,95100,卖盘
1913,10:00:00,9.51,0.01,522,496422,买盘
1914,09:59:51,9.5,--,172,163400,卖盘
1915,09:59:45,9.5,--,7,6650,卖盘
1916,09:59:41,9.5,-0.01,140,133000,卖盘
1917,09:59:36,9.51,0.01,230,218730,买盘
1918,09:59:30,9.5,--,200,190000,卖盘
1919,09:59:26,9.5,--,11,10450,卖盘
1920,09:59:21,9.5,-0.01,29,27550,卖盘
1921,09:59:15,9.51,--,190,180690,买盘
1922,09:59:11,9.51,--,407,387057,买盘
1923,09:59:00,9.51,--,6,5706,买盘
1924,09:58:56,9.51,-0.01,274,260574,卖盘
1925,09:58:51,9.52,--,10,9520,买盘
1926,09:58:45,9.52,0.01,39,37128,买盘
1927,09:58:41,9.51,0.01,100,95100,卖盘
1928,09:58:30,9.5,-0.01,104,98800,卖盘
1929,09:58:26,9.51,--,1,951,买盘
1930,09:58:21,9.51,--,13,12363,买盘
1931,09:58:15,9.51,0.01,66,62766,买盘
1932,09:58:11,9.5,--,18,17100,卖盘
1933,09:58:06,9.5,-0.01,106,100700,卖盘
1934,09:58:00,9.51,0.01,26,24726,中性盘
1935,09:57:51,9.5,-0.02,498,473100,卖盘
1936,09:57:45,9.52,--,14,13328,买盘
1937,09:57:36,9.52,--,4,3808,买盘
1938,09:57:30,9.52,--,35,33320,买盘
1939,09:57:26,9.52,-0.01,44,41888,卖盘
1940,09:57:21,9.53,0.01,6,5718,买盘
1941,09:57:15,9.52,-0.01,80,76160,卖盘
1942,09:57:11,9.53,--,170,162010,买盘
1943,09:57:06,9.53,--,64,60991,买盘
1944,09:57:00,9.53,--,16,15247,卖盘
1945,09:56:56,9.53,--,11,10483,卖盘
1946,09:56:45,9.53,-0.01,51,48603,卖盘
1947,09:56:41,9.54,--,282,269028,买盘
1948,09:56:36,9.54,--,70,66780,买盘
1949,09:56:30,9.54,--,33,31481,买盘
1950,09:56:26,9.54,0.01,10,9540,买盘
1951,09:56:15,9.53,-0.01,160,152480,卖盘
1952,09:56:11,9.54,-0.01,12,11447,卖盘
1953,09:56:06,9.55,--,3,2865,买盘
1954,09:55:56,9.55,--,83,80029,卖盘
1955,09:55:50,9.55,--,2,1910,卖盘
1956,09:55:45,9.55,-0.01,150,143250,卖盘
1957,09:55:41,9.56,--,100,95600,买盘
1958,09:55:36,9.56,--,15,14340,卖盘
1959,09:55:30,9.56,-0.01,25,23900,卖盘
1960,09:55:21,9.57,--,0,0,买盘
1961,09:55:11,9.57,0.02,50,47850,买盘
1962,09:55:00,9.55,-0.02,111,106005,卖盘
1963,09:54:56,9.57,--,50,47850,买盘
1964,09:54:45,9.57,0.01,98,93977,买盘
1965,09:54:40,9.56,--,2,1912,卖盘
1966,09:54:30,9.56,--,2,1912,卖盘
1967,09:54:24,9.56,--,51,48756,买盘
1968,09:54:15,9.56,--,30,28680,买盘
1969,09:54:09,9.56,0.01,25,23900,买盘
1970,09:54:05,9.55,--,122,116510,卖盘
1971,09:54:00,9.55,0.01,65,62075,买盘
1972,09:53:50,9.54,-0.01,45,42929,卖盘
1973,09:53:45,9.55,0.01,21,20055,买盘
1974,09:53:39,9.54,0.01,4,3815,买盘
1975,09:53:30,9.53,-0.01,11,10483,卖盘
1976,09:53:15,9.54,0.01,26,24803,买盘
1977,09:53:05,9.53,--,155,147715,卖盘
1978,09:53:00,9.53,-0.01,28,26684,卖盘
1979,09:52:54,9.54,--,7,6677,买盘
1980,09:52:45,9.54,--,4,3815,买盘
1981,09:52:39,9.54,-0.01,30,28619,中性盘
1982,09:52:35,9.55,--,200,191000,买盘
1983,09:52:30,9.55,--,51,48705,买盘
1984,09:52:24,9.55,0.02,6,5730,买盘
1985,09:52:20,9.53,--,3,2859,卖盘
1986,09:52:15,9.53,--,90,85770,卖盘
1987,09:52:09,9.53,0.01,87,82911,买盘
1988,09:52:05,9.52,-0.01,6,5712,卖盘
1989,09:52:00,9.53,--,4,3811,买盘
1990,09:51:54,9.53,0.01,3,2859,买盘
1991,09:51:39,9.52,--,8,7616,卖盘
1992,09:51:30,9.52,--,46,43792,买盘
1993,09:51:20,9.52,0.01,67,63784,买盘
1994,09:51:14,9.51,--,12,11412,卖盘
1995,09:51:09,9.51,-0.01,217,206367,卖盘
1996,09:51:05,9.52,--,35,33320,买盘
1997,09:50:59,9.52,--,11,10472,买盘
1998,09:50:54,9.52,0.01,1,952,买盘
1999,09:50:50,9.51,-0.02,18,17118,卖盘
2000,09:50:44,9.53,--,0,0,买盘
2001,09:50:39,9.53,0.02,119,113406,买盘
2002,09:50:35,9.51,--,0,0,卖盘
2003,09:50:29,9.51,--,130,123630,卖盘
2004,09:50:24,9.51,--,0,0,卖盘
2005,09:50:20,9.51,--,28,26628,卖盘
2006,09:50:14,9.51,--,0,0,卖盘
2007,09:50:09,9.51,--,40,38040,卖盘
2008,09:49:59,9.51,-0.04,580,551580,卖盘
2009,09:49:50,9.55,0.01,390,372545,买盘
2010,09:49:44,9.54,--,14,13355,买盘
2011,09:49:39,9.54,0.01,10,9540,买盘
2012,09:49:35,9.53,-0.01,49,46697,卖盘
2013,09:49:24,9.54,--,3,2861,买盘
2014,09:49:20,9.54,--,0,0,中性盘
2015,09:49:14,9.54,--,5,4770,卖盘
2016,09:49:09,9.54,-0.01,15,14309,卖盘
2017,09:48:54,9.55,--,10,9550,买盘
2018,09:48:50,9.55,-0.03,217,208094,卖盘
2019,09:48:39,9.58,--,60,57480,买盘
2020,09:48:34,9.58,--,173,165734,卖盘
2021,09:48:29,9.58,-0.01,60,57480,卖盘
2022,09:48:24,9.59,0.01,29,27811,买盘
2023,09:48:20,9.58,-0.01,15,14370,卖盘
2024,09:48:14,9.59,0.01,19,18221,买盘
2025,09:48:09,9.58,--,19,18202,卖盘
2026,09:48:05,9.58,-0.01,181,173398,卖盘
2027,09:47:59,9.59,-0.01,7,6713,中性盘
2028,09:47:54,9.6,--,3,2880,买盘
2029,09:47:49,9.6,--,31,29760,买盘
2030,09:47:44,9.6,0.01,6,5760,买盘
2031,09:47:39,9.59,-0.01,69,66171,卖盘
2032,09:47:34,9.6,--,231,221760,卖盘
2033,09:47:29,9.6,--,35,33600,卖盘
2034,09:47:24,9.6,0.01,197,189120,买盘
2035,09:47:19,9.59,--,32,30688,卖盘
2036,09:47:14,9.59,--,209,200431,卖盘
2037,09:47:09,9.59,0.01,113,108367,卖盘
2038,09:47:03,9.58,--,14,13412,卖盘
2039,09:46:59,9.58,-0.01,15,14370,卖盘
2040,09:46:54,9.59,0.02,214,205226,买盘
2041,09:46:48,9.57,-0.01,38,36366,卖盘
2042,09:46:44,9.58,--,88,84304,卖盘
2043,09:46:39,9.58,--,510,488580,卖盘
2044,09:46:24,9.58,--,160,153280,买盘
2045,09:46:18,9.58,0.01,73,69934,买盘
2046,09:46:14,9.57,--,9,8613,卖盘
2047,09:46:09,9.57,0.01,14,13398,买盘
2048,09:46:03,9.56,0.01,115,109940,卖盘
2049,09:45:54,9.55,-0.02,98,93590,卖盘
2050,09:45:48,9.57,0.01,33,31581,买盘
2051,09:45:44,9.56,0.01,3,2868,买盘
2052,09:45:39,9.55,--,3,2865,卖盘
2053,09:45:33,9.55,--,59,56345,卖盘
2054,09:45:29,9.55,--,1,955,卖盘
2055,09:45:24,9.55,--,45,42975,卖盘
2056,09:45:18,9.55,--,180,171995,买盘
2057,09:45:14,9.55,0.01,15,14325,买盘
2058,09:45:09,9.54,0.01,26,24803,中性盘
2059,09:45:03,9.53,--,44,41932,卖盘
2060,09:44:59,9.53,-0.01,54,51462,卖盘
2061,09:44:53,9.54,0.01,1,953,买盘
2062,09:44:48,9.53,--,72,68616,买盘
2063,09:44:44,9.53,0.01,26,24778,买盘
2064,09:44:38,9.52,--,20,19040,卖盘
2065,09:44:33,9.52,--,16,15232,卖盘
2066,09:44:29,9.52,0.01,10,9520,买盘
2067,09:44:18,9.51,-0.01,4,3804,卖盘
2068,09:44:14,9.52,0.02,317,301784,买盘
2069,09:44:08,9.5,--,12,11400,卖盘
2070,09:44:03,9.5,--,230,218500,卖盘
2071,09:43:59,9.5,-0.01,89,84550,卖盘
2072,09:43:53,9.51,--,191,181641,卖盘
2073,09:43:48,9.51,--,10,9510,卖盘
2074,09:43:44,9.51,--,28,26628,卖盘
2075,09:43:38,9.51,--,14,13314,买盘
2076,09:43:33,9.51,-0.01,20,19020,卖盘
2077,09:43:29,9.52,0.01,20,19040,买盘
2078,09:43:23,9.51,--,250,237750,卖盘
2079,09:43:18,9.51,-0.01,340,323340,卖盘
2080,09:43:14,9.52,--,47,44744,卖盘
2081,09:43:03,9.52,--,0,0,卖盘
2082,09:42:59,9.52,-0.01,29,27608,卖盘
2083,09:42:53,9.53,--,123,117218,卖盘
2084,09:42:48,9.53,--,11,10483,卖盘
2085,09:42:44,9.53,-0.01,20,19060,卖盘
2086,09:42:38,9.54,--,100,95399,卖盘
2087,09:42:33,9.54,0.01,110,104939,买盘
2088,09:42:29,9.53,-0.02,50,47650,卖盘
2089,09:42:23,9.55,0.01,40,38200,买盘
2090,09:42:18,9.54,--,35,33390,卖盘
2091,09:42:14,9.54,-0.01,96,92442,卖盘
2092,09:42:08,9.55,--,48,45840,卖盘
2093,09:42:03,9.55,--,60,57395,卖盘
2094,09:41:59,9.55,--,52,49660,卖盘
2095,09:41:44,9.55,--,105,100275,卖盘
2096,09:41:38,9.55,--,341,325655,买盘
2097,09:41:33,9.55,0.01,67,63985,买盘
2098,09:41:28,9.54,--,227,216557,卖盘
2099,09:41:23,9.54,--,5,4770,卖盘
2100,09:41:18,9.54,--,217,207017,买盘
2101,09:41:13,9.54,0.01,137,130697,买盘
2102,09:41:08,9.53,0.01,14,13342,中性盘
2103,09:41:03,9.52,-0.01,181,172312,卖盘
2104,09:40:58,9.53,--,236,224907,买盘
2105,09:40:53,9.53,--,444,423132,卖盘
2106,09:40:48,9.53,--,32,30495,卖盘
2107,09:40:43,9.53,--,98,93394,卖盘
2108,09:40:38,9.53,--,30,28589,卖盘
2109,09:40:33,9.53,--,165,157245,卖盘
2110,09:40:28,9.53,0.01,18,17154,中性盘
2111,09:40:18,9.52,--,59,56168,卖盘
2112,09:40:13,9.52,-0.01,32,30464,卖盘
2113,09:40:03,9.53,--,82,78146,买盘
2114,09:39:58,9.53,0.01,197,187741,买盘
2115,09:39:48,9.52,--,30,28560,卖盘
2116,09:39:42,9.52,0.01,9,8568,买盘
2117,09:39:33,9.51,--,92,87492,卖盘
2118,09:39:27,9.51,--,77,73227,卖盘
2119,09:39:23,9.51,0.01,12,11412,买盘
2120,09:39:18,9.5,--,63,59850,卖盘
2121,09:39:12,9.5,--,55,52250,卖盘
2122,09:39:08,9.5,0.01,27,25650,中性盘
2123,09:39:03,9.49,-0.01,164,155636,卖盘
2124,09:38:57,9.5,0.02,112,106400,买盘
2125,09:38:53,9.48,--,7,6636,卖盘
2126,09:38:48,9.48,--,52,49296,卖盘
2127,09:38:42,9.48,--,54,51192,卖盘
2128,09:38:38,9.48,--,6,5688,卖盘
2129,09:38:33,9.48,0.03,207,196236,买盘
2130,09:38:27,9.45,-0.01,1067,1008314,卖盘
2131,09:38:23,9.46,-0.02,1295,1225070,卖盘
2132,09:38:17,9.48,--,182,172536,买盘
2133,09:38:12,9.48,0.01,141,133668,买盘
2134,09:38:08,9.47,--,72,68184,卖盘
2135,09:38:02,9.47,-0.01,248,234856,卖盘
2136,09:37:57,9.48,--,376,356448,卖盘
2137,09:37:53,9.48,--,232,219936,卖盘
2138,09:37:47,9.48,0.01,45,42660,买盘
2139,09:37:42,9.47,-0.01,317,300199,卖盘
2140,09:37:38,9.48,--,292,276816,买盘
2141,09:37:32,9.48,-0.02,11,10428,买盘
2142,09:37:27,9.5,0.02,554,526300,买盘
2143,09:37:23,9.48,-0.02,243,230364,卖盘
2144,09:37:17,9.5,-0.01,41,38950,买盘
2145,09:37:12,9.51,0.02,574,545874,买盘
2146,09:37:08,9.49,-0.02,1057,1003093,卖盘
2147,09:37:02,9.51,0.01,32,30432,买盘
2148,09:36:57,9.5,--,402,381900,卖盘
2149,09:36:53,9.5,--,170,161500,卖盘
2150,09:36:47,9.5,-0.01,81,76950,卖盘
2151,09:36:42,9.51,-0.02,82,77982,卖盘
2152,09:36:38,9.53,--,96,91488,卖盘
2153,09:36:32,9.53,--,27,25731,买盘
2154,09:36:27,9.53,-0.01,1266,1206498,卖盘
2155,09:36:23,9.54,--,74,70596,买盘
2156,09:36:12,9.54,-0.01,170,162180,卖盘
2157,09:36:08,9.55,--,111,106005,买盘
2158,09:36:02,9.55,0.01,112,106960,买盘
2159,09:35:57,9.54,-0.01,10,9540,卖盘
2160,09:35:53,9.55,-0.01,643,614065,卖盘
2161,09:35:47,9.56,0.01,34,32504,买盘
2162,09:35:42,9.55,-0.01,606,578730,卖盘
2163,09:35:37,9.56,-0.01,25,23900,卖盘
2164,09:35:32,9.57,--,71,67947,买盘
2165,09:35:27,9.57,-0.01,1156,1106292,卖盘
2166,09:35:23,9.58,0.01,20,19160,买盘
2167,09:35:17,9.57,-0.01,173,165561,卖盘
2168,09:35:12,9.58,-0.01,230,220340,卖盘
2169,09:35:07,9.59,--,491,470869,买盘
2170,09:35:02,9.59,0.01,70,67130,买盘
2171,09:34:57,9.58,-0.01,8,7664,卖盘
2172,09:34:52,9.59,-0.01,950,911050,卖盘
2173,09:34:47,9.6,--,86,82560,买盘
2174,09:34:42,9.6,--,80,76800,买盘
2175,09:34:37,9.6,--,175,168000,卖盘
2176,09:34:32,9.6,-0.01,8,7680,卖盘
2177,09:34:27,9.61,0.01,99,95139,买盘
2178,09:34:22,9.6,--,31,29760,买盘
2179,09:34:17,9.6,0.01,35,33600,卖盘
2180,09:34:12,9.59,--,225,215775,卖盘
2181,09:34:07,9.59,-0.01,24,23016,卖盘
2182,09:34:02,9.6,--,18,17280,卖盘
2183,09:33:57,9.6,0.01,20,19200,买盘
2184,09:33:52,9.59,--,497,476623,卖盘
2185,09:33:47,9.59,-0.01,24,23016,卖盘
2186,09:33:42,9.6,--,63,60480,买盘
2187,09:33:37,9.6,0.01,210,201600,买盘
2188,09:33:32,9.59,--,292,280028,卖盘
2189,09:33:27,9.59,0.01,332,318388,买盘
2190,09:33:22,9.58,-0.01,729,698382,卖盘
2191,09:33:17,9.59,--,73,70007,卖盘
2192,09:33:12,9.59,--,42,40278,卖盘
2193,09:33:07,9.59,--,86,82474,卖盘
2194,09:33:02,9.59,--,1,959,卖盘
2195,09:32:57,9.59,0.01,56,53704,买盘
2196,09:32:52,9.58,--,9,8622,卖盘
2197,09:32:42,9.58,0.01,399,382242,买盘
2198,09:32:37,9.57,-0.01,58,55506,卖盘
2199,09:32:27,9.58,--,1,958,买盘
2200,09:32:21,9.58,0.01,83,79514,买盘
2201,09:32:12,9.57,-0.02,248,237336,卖盘
2202,09:32:06,9.59,0.01,60,57540,买盘
2203,09:32:02,9.58,--,12,11496,卖盘
2204,09:31:51,9.58,-0.01,17,16286,卖盘
2205,09:31:47,9.59,--,129,123711,买盘
2206,09:31:41,9.59,0.04,64,61376,买盘
2207,09:31:36,9.55,-0.05,473,451715,卖盘
2208,09:31:32,9.6,0.03,72,69120,买盘
2209,09:31:26,9.57,-0.03,302,289014,卖盘
2210,09:31:21,9.6,--,97,93120,买盘
2211,09:31:17,9.6,0.03,15,14400,买盘
2212,09:31:11,9.57,-0.03,3,2871,卖盘
2213,09:31:06,9.6,--,155,148800,卖盘
2214,09:31:02,9.6,0.04,394,378240,买盘
2215,09:30:56,9.56,--,6,5736,卖盘
2216,09:30:51,9.56,0.01,280,267680,买盘
2217,09:30:47,9.55,-0.05,265,253075,卖盘
2218,09:30:41,9.6,0.05,10,9600,卖盘
2219,09:30:36,9.55,--,82,78310,卖盘
2220,09:30:32,9.55,--,299,285545,卖盘
2221,09:30:21,9.55,-0.01,56,53480,卖盘
2222,09:30:17,9.56,0.01,195,186420,买盘
2223,09:30:11,9.55,--,174,166170,买盘
2224,09:30:06,9.55,0.01,3202,3057910,中性盘
2225,09:30:02,9.54,-0.02,1417,1351817,卖盘
2226,09:28:52,9.56,--,0,0,卖盘
2227,09:25:05,9.56,9.56,1657,1584092,买盘
