,time,price,change,volume,amount,type
0,15:00:00,10.8,--,0,0,卖盘
1,15:00:00,10.8,--,0,0,卖盘
2,14:59:57,10.8,--,42,45360,卖盘
3,14:59:53,10.8,--,115,124200,买盘
4,14:59:47,10.8,--,8,8640,买盘
5,14:59:42,10.8,0.01,14,15120,买盘
6,14:59:38,10.79,-0.05,25,26974,卖盘
7,14:59:32,10.84,0.05,620,672080,买盘
8,14:59:27,10.79,0.01,75,80925,买盘
9,14:59:23,10.78,--,274,295372,卖盘
10,14:59:17,10.78,-0.01,11,11858,卖盘
11,14:59:12,10.79,-0.01,627,676533,中性盘
12,14:59:08,10.8,--,41,44280,买盘
13,14:58:57,10.8,0.02,68,73440,买盘
14,14:58:52,10.78,-0.02,6,6468,卖盘
15,14:58:47,10.8,--,49,52920,买盘
16,14:58:42,10.8,0.02,314,339120,买盘
17,14:58:37,10.78,--,155,167090,买盘
18,14:58:32,10.78,--,10,10780,买盘
19,14:58:27,10.78,-0.02,94,101784,卖盘
20,14:58:22,10.8,0.02,145,157226,买盘
21,14:58:17,10.78,--,8,8624,卖盘
22,14:58:12,10.78,-0.02,10,10780,卖盘
23,14:58:07,10.8,0.02,730,788400,买盘
24,14:57:57,10.78,--,81,87318,买盘
25,14:57:52,10.78,0.01,85,91630,买盘
26,14:57:47,10.77,--,7,7539,卖盘
27,14:57:42,10.77,-0.01,65,70005,卖盘
28,14:57:37,10.78,0.01,126,135828,买盘
29,14:57:32,10.77,--,5,5385,卖盘
30,14:57:27,10.77,--,238,256326,买盘
31,14:57:22,10.77,--,40,43080,买盘
32,14:57:17,10.77,--,25,26925,买盘
33,14:57:12,10.77,--,47,50619,买盘
34,14:57:07,10.77,--,959,1032843,中性盘
35,14:57:02,10.77,-0.01,5,5385,卖盘
36,14:56:57,10.78,0.01,179,192962,买盘
37,14:56:51,10.77,--,6,6462,卖盘
38,14:56:47,10.77,--,48,51696,卖盘
39,14:56:42,10.77,0.01,96,103693,买盘
40,14:56:36,10.76,--,48,51648,买盘
41,14:56:32,10.76,--,73,78548,卖盘
42,14:56:27,10.76,-0.01,5,5380,卖盘
43,14:56:21,10.77,--,46,49542,买盘
44,14:56:12,10.77,0.01,211,227247,买盘
45,14:56:06,10.76,--,318,342942,卖盘
46,14:56:02,10.76,--,115,123740,卖盘
47,14:55:57,10.76,--,40,43341,卖盘
48,14:55:51,10.76,--,19,20444,卖盘
49,14:55:42,10.76,0.01,140,150640,买盘
50,14:55:36,10.75,-0.01,91,97825,卖盘
51,14:55:32,10.76,--,54,58104,买盘
52,14:55:26,10.76,--,56,60256,买盘
53,14:55:21,10.76,--,122,131272,卖盘
54,14:55:17,10.76,--,66,71016,卖盘
55,14:55:11,10.76,-0.01,42,45192,卖盘
56,14:55:06,10.77,--,165,177705,买盘
57,14:55:02,10.77,0.01,15,16155,买盘
58,14:54:56,10.76,-0.01,30,32280,卖盘
59,14:54:51,10.77,0.01,10,10770,买盘
60,14:54:47,10.76,-0.01,179,192604,卖盘
61,14:54:41,10.77,--,15,16155,买盘
62,14:54:36,10.77,--,65,70005,买盘
63,14:54:32,10.77,--,49,52773,买盘
64,14:54:26,10.77,0.01,20,21540,买盘
65,14:54:21,10.76,-0.01,443,476668,卖盘
66,14:54:17,10.77,--,98,105546,买盘
67,14:54:11,10.77,0.01,17,18309,中性盘
68,14:54:06,10.76,-0.01,254,273304,卖盘
69,14:54:02,10.77,0.01,66,71082,卖盘
70,14:53:56,10.76,-0.01,30,32280,卖盘
71,14:53:51,10.77,--,3,3231,卖盘
72,14:53:47,10.77,--,44,47388,买盘
73,14:53:41,10.77,--,15,16155,买盘
74,14:53:36,10.77,0.01,29,31233,买盘
75,14:53:32,10.76,-0.01,30,32280,卖盘
76,14:53:26,10.77,0.01,115,123855,买盘
77,14:53:21,10.76,--,60,64560,卖盘
78,14:53:17,10.76,--,10,10760,卖盘
79,14:53:11,10.76,--,31,33356,买盘
80,14:53:06,10.76,0.01,56,60256,买盘
81,14:53:02,10.75,--,10,10750,卖盘
82,14:52:47,10.75,--,161,173075,买盘
83,14:52:41,10.75,--,4,4300,买盘
84,14:52:36,10.75,--,1,1075,买盘
85,14:52:32,10.75,--,7,7525,买盘
86,14:52:21,10.75,0.01,4,4300,买盘
87,14:52:17,10.74,--,3,3222,卖盘
88,14:52:11,10.74,0.01,13,14155,买盘
89,14:52:06,10.73,--,229,245717,卖盘
90,14:52:02,10.73,-0.01,93,99789,卖盘
91,14:51:56,10.74,--,15,16110,买盘
92,14:51:51,10.74,0.01,145,155730,买盘
93,14:51:46,10.73,-0.01,38,40774,卖盘
94,14:51:41,10.74,--,23,24702,买盘
95,14:51:36,10.74,--,65,69810,买盘
96,14:51:31,10.74,0.01,114,122436,买盘
97,14:51:26,10.73,--,9,9657,卖盘
98,14:51:21,10.73,--,160,171680,卖盘
99,14:51:16,10.73,--,41,43993,买盘
100,14:51:11,10.73,--,76,81548,买盘
101,14:51:06,10.73,--,17,18241,卖盘
102,14:51:01,10.73,-0.01,9,9657,中性盘
103,14:50:56,10.74,0.01,400,429600,买盘
104,14:50:51,10.73,--,25,26825,中性盘
105,14:50:46,10.73,--,10,10730,卖盘
106,14:50:31,10.73,0.01,412,442118,买盘
107,14:50:26,10.72,--,17,18224,卖盘
108,14:50:21,10.72,--,67,71824,卖盘
109,14:50:16,10.72,--,157,168893,买盘
110,14:50:11,10.72,--,13,13936,买盘
111,14:50:06,10.72,--,15,16080,买盘
112,14:50:00,10.72,--,34,36448,买盘
113,14:49:56,10.72,--,1,1072,买盘
114,14:49:50,10.72,--,2,2144,买盘
115,14:49:45,10.72,0.01,37,39664,买盘
116,14:49:41,10.71,--,7,7497,卖盘
117,14:49:36,10.71,--,38,40698,卖盘
118,14:49:26,10.71,--,16,17136,卖盘
119,14:49:20,10.71,0.01,83,88893,买盘
120,14:49:15,10.7,--,10,10700,卖盘
121,14:49:11,10.7,--,98,104860,卖盘
122,14:49:05,10.7,--,31,33170,卖盘
123,14:49:00,10.7,-0.01,15,16049,卖盘
124,14:48:56,10.71,0.01,312,334152,买盘
125,14:48:50,10.7,-0.01,32,34240,卖盘
126,14:48:45,10.71,--,32,34272,买盘
127,14:48:41,10.71,-0.01,33,35824,卖盘
128,14:48:35,10.72,--,46,49312,买盘
129,14:48:30,10.72,--,97,103984,买盘
130,14:48:26,10.72,--,22,23584,买盘
131,14:48:20,10.72,--,13,13936,买盘
132,14:48:15,10.72,--,11,11792,买盘
133,14:48:11,10.72,--,2,2144,买盘
134,14:48:05,10.72,--,50,53600,买盘
135,14:48:00,10.72,-0.01,105,112560,卖盘
136,14:47:45,10.73,0.01,13,13949,买盘
137,14:47:41,10.72,--,158,169376,买盘
138,14:47:30,10.72,--,43,46096,买盘
139,14:47:26,10.72,--,74,79917,买盘
140,14:47:20,10.72,--,19,20368,买盘
141,14:47:15,10.72,--,65,69680,卖盘
142,14:47:11,10.72,--,128,137216,买盘
143,14:47:05,10.72,--,94,100768,买盘
144,14:47:00,10.72,--,4,4288,买盘
145,14:46:56,10.72,0.01,92,98624,买盘
146,14:46:50,10.71,-0.01,31,33201,卖盘
147,14:46:45,10.72,--,37,39664,买盘
148,14:46:41,10.72,--,28,31045,卖盘
149,14:46:35,10.72,--,98,105098,买盘
150,14:46:30,10.72,0.01,42,45024,买盘
151,14:46:26,10.71,-0.01,35,37485,卖盘
152,14:46:20,10.72,0.01,3,3216,买盘
153,14:46:15,10.71,--,6,6426,卖盘
154,14:46:11,10.71,0.01,23,24633,买盘
155,14:46:05,10.7,--,13,13909,卖盘
156,14:46:00,10.7,--,10,10700,卖盘
157,14:45:56,10.7,--,5,5350,卖盘
158,14:45:50,10.7,--,10,10700,卖盘
159,14:45:45,10.7,0.01,123,131610,买盘
160,14:45:41,10.69,-0.01,58,62002,卖盘
161,14:45:35,10.7,0.01,16,17120,买盘
162,14:45:30,10.69,--,97,103885,买盘
163,14:45:25,10.69,--,38,40622,买盘
164,14:45:20,10.69,0.01,20,21380,买盘
165,14:45:10,10.68,0.01,38,40584,买盘
166,14:45:05,10.67,--,5,5335,卖盘
167,14:45:00,10.67,--,10,10670,卖盘
168,14:44:55,10.67,--,68,72556,买盘
169,14:44:45,10.67,0.02,17,18139,买盘
170,14:44:40,10.65,--,31,33015,卖盘
171,14:44:35,10.65,--,47,51034,买盘
172,14:44:30,10.65,--,179,190635,买盘
173,14:44:25,10.65,--,290,308850,买盘
174,14:44:20,10.65,-0.02,510,543235,卖盘
175,14:44:10,10.67,0.01,122,130632,买盘
176,14:44:05,10.66,--,104,110864,买盘
177,14:44:00,10.66,--,115,122590,买盘
178,14:43:55,10.66,--,39,41574,买盘
179,14:43:50,10.66,--,14,14924,买盘
180,14:43:45,10.66,0.01,50,53300,买盘
181,14:43:40,10.65,--,22,23430,卖盘
182,14:43:35,10.65,--,115,122996,买盘
183,14:43:30,10.65,0.02,276,294131,买盘
184,14:43:25,10.63,-0.01,51,54213,卖盘
185,14:43:20,10.64,0.01,111,118487,买盘
186,14:43:14,10.63,--,65,69095,卖盘
187,14:43:09,10.63,--,1449,1540287,买盘
188,14:43:05,10.63,--,122,129686,买盘
189,14:42:59,10.63,--,79,83977,买盘
190,14:42:54,10.63,--,61,64843,买盘
191,14:42:50,10.63,--,9,9567,买盘
192,14:42:44,10.63,--,14,14882,买盘
193,14:42:39,10.63,--,88,93544,买盘
194,14:42:35,10.63,-0.01,152,161576,卖盘
195,14:42:29,10.64,0.01,32,34048,买盘
196,14:42:24,10.63,-0.01,49,52087,卖盘
197,14:42:20,10.64,0.01,33,35112,买盘
198,14:42:14,10.63,-0.01,46,48898,卖盘
199,14:42:09,10.64,--,97,103208,买盘
200,14:42:05,10.64,0.01,25,26600,买盘
201,14:41:59,10.63,-0.01,21,22323,卖盘
202,14:41:54,10.64,--,23,24472,买盘
203,14:41:50,10.64,--,57,60648,买盘
204,14:41:44,10.64,--,398,424344,买盘
205,14:41:39,10.64,--,4,4256,买盘
206,14:41:35,10.64,--,9,9576,买盘
207,14:41:29,10.64,0.01,68,72543,买盘
208,14:41:24,10.63,--,65,69095,卖盘
209,14:41:20,10.63,-0.01,27,28701,卖盘
210,14:41:14,10.64,--,10,10640,买盘
211,14:41:09,10.64,0.01,92,97888,买盘
212,14:41:05,10.63,--,5,5315,卖盘
213,14:40:59,10.63,--,10,10630,卖盘
214,14:40:54,10.63,-0.01,25,26575,卖盘
215,14:40:49,10.64,0.01,166,176624,买盘
216,14:40:39,10.63,--,11,11693,卖盘
217,14:40:35,10.63,0.01,33,35079,卖盘
218,14:40:29,10.62,-0.01,194,206027,卖盘
219,14:40:24,10.63,--,61,64843,买盘
220,14:40:19,10.63,0.01,133,141379,买盘
221,14:40:14,10.62,--,100,106199,卖盘
222,14:40:09,10.62,--,164,174168,卖盘
223,14:40:05,10.62,-0.01,33,35046,卖盘
224,14:39:59,10.63,0.01,5,5315,买盘
225,14:39:54,10.62,-0.01,21,22302,卖盘
226,14:39:50,10.63,--,116,123308,买盘
227,14:39:44,10.63,--,4,4252,买盘
228,14:39:39,10.63,--,39,41457,买盘
229,14:39:34,10.63,0.01,42,44646,买盘
230,14:39:29,10.62,--,18,19147,卖盘
231,14:39:24,10.62,-0.01,44,46887,卖盘
232,14:39:19,10.63,--,43,45709,买盘
233,14:39:14,10.63,--,3,3189,买盘
234,14:39:09,10.63,--,65,69095,买盘
235,14:39:04,10.63,0.01,215,228545,买盘
236,14:38:59,10.62,-0.01,21,22302,卖盘
237,14:38:54,10.63,--,48,51024,买盘
238,14:38:49,10.63,--,35,37205,买盘
239,14:38:44,10.63,--,22,23386,买盘
240,14:38:39,10.63,0.01,23,24449,买盘
241,14:38:34,10.62,-0.01,83,88146,卖盘
242,14:38:29,10.63,--,4,4252,买盘
243,14:38:24,10.63,--,60,63780,买盘
244,14:38:19,10.63,--,64,68032,买盘
245,14:38:09,10.63,--,65,69095,买盘
246,14:38:04,10.63,-0.01,325,345475,卖盘
247,14:37:59,10.64,--,7,7448,买盘
248,14:37:54,10.64,--,53,56392,买盘
249,14:37:49,10.64,--,38,40432,买盘
250,14:37:44,10.64,--,2,2128,买盘
251,14:37:39,10.64,--,18,19152,买盘
252,14:37:34,10.64,--,3,3192,买盘
253,14:37:29,10.64,--,1,1064,买盘
254,14:37:24,10.64,0.01,135,143831,买盘
255,14:37:19,10.63,--,44,46772,买盘
256,14:37:14,10.63,--,36,38268,卖盘
257,14:37:08,10.63,--,26,27638,卖盘
258,14:37:04,10.63,--,63,66969,买盘
259,14:36:59,10.63,--,32,34016,买盘
260,14:36:53,10.63,--,24,25512,买盘
261,14:36:49,10.63,--,57,60591,卖盘
262,14:36:44,10.63,--,3,3189,卖盘
263,14:36:38,10.63,--,5,5315,卖盘
264,14:36:34,10.63,-0.01,15,15945,买盘
265,14:36:29,10.64,0.01,63,67032,买盘
266,14:36:23,10.63,-0.01,101,107363,中性盘
267,14:36:19,10.64,--,338,360504,买盘
268,14:36:14,10.64,--,51,54264,买盘
269,14:36:08,10.64,0.01,1,1064,买盘
270,14:36:03,10.63,-0.01,127,135001,卖盘
271,14:35:59,10.64,--,17,18088,买盘
272,14:35:53,10.64,--,8,8512,买盘
273,14:35:48,10.64,--,30,31920,买盘
274,14:35:43,10.64,0.01,108,114912,买盘
275,14:35:38,10.63,-0.01,20,21260,卖盘
276,14:35:33,10.64,0.01,111,118104,买盘
277,14:35:23,10.63,-0.01,55,58656,卖盘
278,14:35:18,10.64,--,259,275576,卖盘
279,14:35:13,10.64,--,28,29792,卖盘
280,14:35:08,10.64,--,40,42560,买盘
281,14:35:03,10.64,--,86,91504,买盘
282,14:34:58,10.64,--,29,30856,买盘
283,14:34:53,10.64,--,33,35112,买盘
284,14:34:48,10.64,-0.01,98,104272,卖盘
285,14:34:43,10.65,0.01,6,6390,买盘
286,14:34:38,10.64,--,3,3192,卖盘
287,14:34:33,10.64,--,15,15960,卖盘
288,14:34:28,10.64,0.02,112,119168,买盘
289,14:34:23,10.62,-0.01,11,11682,卖盘
290,14:34:18,10.63,0.01,94,99922,买盘
291,14:34:13,10.62,--,144,152928,买盘
292,14:34:08,10.62,0.01,62,65844,买盘
293,14:34:03,10.61,--,51,54111,卖盘
294,14:33:58,10.61,0.01,55,58355,卖盘
295,14:33:53,10.6,--,26,27560,卖盘
296,14:33:48,10.6,--,158,167480,卖盘
297,14:33:43,10.6,--,205,217300,卖盘
298,14:33:38,10.6,-0.01,633,671764,卖盘
299,14:33:33,10.61,--,580,615380,买盘
300,14:33:28,10.61,0.01,53,56233,买盘
301,14:33:23,10.6,-0.01,19,20489,卖盘
302,14:33:18,10.61,--,139,148380,买盘
303,14:33:13,10.61,--,56,59416,买盘
304,14:33:08,10.61,--,125,132625,买盘
305,14:33:03,10.61,--,42,44562,买盘
306,14:32:58,10.61,--,283,300263,卖盘
307,14:32:53,10.61,--,17,18037,卖盘
308,14:32:48,10.61,--,25,26525,卖盘
309,14:32:43,10.61,-0.01,140,148540,卖盘
310,14:32:38,10.62,--,365,387630,买盘
311,14:32:33,10.62,-0.01,178,189036,卖盘
312,14:32:28,10.63,0.01,23,24449,买盘
313,14:32:23,10.62,-0.01,107,113633,卖盘
314,14:32:18,10.63,--,51,54213,买盘
315,14:32:13,10.63,-0.01,107,113741,卖盘
316,14:32:08,10.64,--,6,6384,买盘
317,14:32:03,10.64,--,199,211736,卖盘
318,14:31:58,10.64,-0.01,85,90440,卖盘
319,14:31:53,10.65,--,65,69225,买盘
320,14:31:43,10.65,--,677,721878,卖盘
321,14:31:38,10.65,-0.01,390,415350,卖盘
322,14:31:33,10.66,--,64,68224,买盘
323,14:31:28,10.66,--,86,91676,买盘
324,14:31:23,10.66,0.01,8,8528,中性盘
325,14:31:18,10.65,-0.01,698,743561,卖盘
326,14:31:13,10.66,-0.01,28,29848,卖盘
327,14:31:08,10.67,--,492,524964,买盘
328,14:31:03,10.67,--,3,3201,买盘
329,14:30:58,10.67,-0.01,79,85157,卖盘
330,14:30:53,10.68,--,178,190104,买盘
331,14:30:47,10.68,--,10,10680,买盘
332,14:30:43,10.68,--,14,14952,买盘
333,14:30:38,10.68,--,67,71556,卖盘
334,14:30:32,10.68,--,8,8544,卖盘
335,14:30:28,10.68,--,40,42720,卖盘
336,14:30:23,10.68,--,0,0,中性盘
337,14:30:17,10.68,0.01,20,21360,买盘
338,14:30:13,10.67,--,9,9603,卖盘
339,14:30:08,10.67,-0.01,327,348909,卖盘
340,14:30:02,10.68,--,11,11748,买盘
341,14:29:58,10.68,--,4,4272,买盘
342,14:29:53,10.68,0.01,23,24564,卖盘
343,14:29:43,10.67,--,15,16005,卖盘
344,14:29:38,10.67,-0.02,68,72556,卖盘
345,14:29:32,10.69,--,8,8552,卖盘
346,14:29:27,10.69,0.02,4,4276,中性盘
347,14:29:22,10.67,-0.02,832,888064,卖盘
348,14:29:17,10.69,--,34,37286,卖盘
349,14:29:13,10.69,0.01,7,7483,买盘
350,14:29:08,10.68,--,830,886440,卖盘
351,14:29:02,10.68,--,7,7476,卖盘
352,14:28:57,10.68,-0.02,284,303312,卖盘
353,14:28:53,10.7,0.01,10,10700,中性盘
354,14:28:47,10.69,-0.02,5,5345,卖盘
355,14:28:42,10.71,0.02,36,38556,买盘
356,14:28:37,10.69,-0.01,99,105831,卖盘
357,14:28:32,10.7,--,32,34240,买盘
358,14:28:27,10.7,--,14,14979,买盘
359,14:28:22,10.7,--,21,22470,买盘
360,14:28:12,10.7,0.01,3,3210,买盘
361,14:28:07,10.69,-0.01,17,18173,卖盘
362,14:28:02,10.7,--,7,7489,买盘
363,14:27:57,10.7,--,15,16049,卖盘
364,14:27:52,10.7,0.01,24,25690,买盘
365,14:27:47,10.69,-0.01,205,220203,卖盘
366,14:27:42,10.7,--,30,32099,卖盘
367,14:27:37,10.7,--,34,36380,卖盘
368,14:27:27,10.7,--,68,72760,买盘
369,14:27:22,10.7,--,11,11770,买盘
370,14:27:17,10.7,--,60,64392,买盘
371,14:27:12,10.7,--,30,32099,买盘
372,14:27:07,10.7,-0.02,122,130539,卖盘
373,14:27:02,10.72,0.01,26,27872,买盘
374,14:26:57,10.71,--,16,17136,卖盘
375,14:26:52,10.71,--,24,25704,卖盘
376,14:26:47,10.71,--,75,80325,卖盘
377,14:26:42,10.71,0.01,6,6426,卖盘
378,14:26:37,10.7,-0.01,66,70620,卖盘
379,14:26:32,10.71,0.01,3,3213,买盘
380,14:26:27,10.7,--,53,56709,买盘
381,14:26:22,10.7,--,0,0,中性盘
382,14:26:17,10.7,0.01,10,10700,卖盘
383,14:26:12,10.69,-0.01,210,224490,卖盘
384,14:26:07,10.7,--,49,52430,卖盘
385,14:26:02,10.7,--,25,26750,卖盘
386,14:25:52,10.7,--,36,38520,买盘
387,14:25:47,10.7,--,36,38520,买盘
388,14:25:42,10.7,0.01,21,22470,买盘
389,14:25:37,10.69,--,75,80175,卖盘
390,14:25:32,10.69,-0.01,7,7483,卖盘
391,14:25:27,10.7,0.01,30,32099,买盘
392,14:25:22,10.69,-0.01,15,16035,卖盘
393,14:25:17,10.7,0.01,6,6420,买盘
394,14:25:12,10.69,--,70,75022,卖盘
395,14:25:07,10.69,-0.01,263,281147,卖盘
396,14:25:02,10.7,--,2,2140,买盘
397,14:24:57,10.7,--,70,74900,买盘
398,14:24:52,10.7,--,22,23540,买盘
399,14:24:47,10.7,--,138,147660,卖盘
400,14:24:37,10.7,-0.01,107,114489,卖盘
401,14:24:32,10.71,0.01,30,32130,买盘
402,14:24:07,10.7,-0.01,18,19260,卖盘
403,14:24:02,10.71,0.01,6,6426,买盘
404,14:23:56,10.7,--,10,10700,卖盘
405,14:23:52,10.7,-0.01,3,3210,卖盘
406,14:23:47,10.71,--,0,0,买盘
407,14:23:41,10.71,0.02,14,14994,买盘
408,14:23:37,10.69,-0.02,16,17104,卖盘
409,14:23:32,10.71,0.01,31,33201,买盘
410,14:23:26,10.7,-0.01,15,16049,卖盘
411,14:23:22,10.71,0.02,6,6426,买盘
412,14:23:17,10.69,--,16,17414,卖盘
413,14:23:11,10.69,--,36,39435,卖盘
414,14:23:07,10.69,-0.01,274,292916,卖盘
415,14:23:02,10.7,--,10,10700,买盘
416,14:22:52,10.7,-0.01,10,10700,中性盘
417,14:22:47,10.71,--,122,131540,买盘
418,14:22:41,10.71,0.01,10,10710,买盘
419,14:22:37,10.7,-0.01,165,176550,卖盘
420,14:22:22,10.71,--,1,1071,买盘
421,14:22:17,10.71,--,63,67473,卖盘
422,14:22:11,10.71,--,1,1071,卖盘
423,14:22:07,10.71,--,61,65331,卖盘
424,14:22:01,10.71,--,130,139230,卖盘
425,14:21:51,10.71,-0.01,5,5355,卖盘
426,14:21:46,10.72,0.01,9,9648,买盘
427,14:21:36,10.71,--,11,11781,买盘
428,14:21:31,10.71,-0.01,14,14994,卖盘
429,14:21:26,10.72,--,11,11792,买盘
430,14:21:16,10.72,--,62,67289,买盘
431,14:21:11,10.72,0.01,43,46535,买盘
432,14:21:06,10.71,-0.01,31,33201,卖盘
433,14:21:01,10.72,--,36,39621,卖盘
434,14:20:56,10.72,--,18,19296,卖盘
435,14:20:46,10.72,--,15,16080,卖盘
436,14:20:36,10.72,--,32,34346,买盘
437,14:20:31,10.72,--,10,10720,买盘
438,14:20:26,10.72,--,1,1072,买盘
439,14:20:16,10.72,--,36,38592,买盘
440,14:20:11,10.72,--,33,35376,买盘
441,14:20:06,10.72,--,49,52528,买盘
442,14:20:01,10.72,--,48,51456,买盘
443,14:19:56,10.72,--,159,170448,买盘
444,14:19:51,10.72,--,0,0,买盘
445,14:19:36,10.72,0.02,68,72896,买盘
446,14:19:31,10.7,--,10,10700,卖盘
447,14:19:21,10.7,--,9,9630,买盘
448,14:19:16,10.7,0.01,10,10700,买盘
449,14:19:11,10.69,--,46,49366,卖盘
450,14:19:06,10.69,-0.01,63,67646,卖盘
451,14:19:01,10.7,--,60,64970,卖盘
452,14:18:50,10.7,--,37,39889,买盘
453,14:18:46,10.7,--,38,40660,买盘
454,14:18:41,10.7,--,176,189090,卖盘
455,14:18:36,10.7,--,17,18190,卖盘
456,14:18:31,10.7,--,49,52430,卖盘
457,14:18:26,10.7,--,20,21400,卖盘
458,14:18:20,10.7,--,104,111279,卖盘
459,14:18:16,10.7,0.02,72,77339,买盘
460,14:18:11,10.68,--,135,144180,卖盘
461,14:18:05,10.68,-0.02,26,27768,卖盘
462,14:18:01,10.7,--,185,197950,买盘
463,14:17:56,10.7,0.02,27,28889,买盘
464,14:17:50,10.68,-0.02,303,323604,卖盘
465,14:17:46,10.7,0.02,6,6420,买盘
466,14:17:41,10.68,-0.02,72,76896,卖盘
467,14:17:35,10.7,0.02,8,8560,买盘
468,14:17:31,10.68,-0.02,107,114276,买盘
469,14:17:26,10.7,0.02,35,37450,买盘
470,14:17:19,10.68,--,31,33108,买盘
471,14:17:16,10.68,0.01,6,6408,卖盘
472,14:17:11,10.67,-0.03,83,88753,卖盘
473,14:17:01,10.7,0.02,49,52430,买盘
474,14:16:56,10.68,0.01,3,3204,中性盘
475,14:16:50,10.67,-0.03,18,19206,卖盘
476,14:16:46,10.7,--,98,104860,买盘
477,14:16:41,10.7,0.02,182,194740,买盘
478,14:16:35,10.68,0.01,19,20292,中性盘
479,14:16:31,10.67,-0.01,60,64020,卖盘
480,14:16:26,10.68,--,13,13884,买盘
481,14:16:20,10.68,-0.02,17,18156,卖盘
482,14:16:16,10.7,--,16,17890,买盘
483,14:16:11,10.7,--,742,794047,买盘
484,14:16:01,10.7,0.02,38,40660,买盘
485,14:15:56,10.68,-0.02,425,453900,卖盘
486,14:15:50,10.7,--,25,26750,卖盘
487,14:15:46,10.7,--,66,70620,卖盘
488,14:15:41,10.7,-0.01,645,690150,卖盘
489,14:15:31,10.71,--,11,11781,买盘
490,14:15:26,10.71,--,207,221697,买盘
491,14:15:20,10.71,0.01,22,23562,买盘
492,14:15:16,10.7,-0.01,38,40660,卖盘
493,14:15:11,10.71,--,50,53742,买盘
494,14:15:05,10.71,0.01,13,13923,买盘
495,14:15:01,10.7,--,62,66340,卖盘
496,14:14:55,10.7,--,1372,1468040,卖盘
497,14:14:50,10.7,--,221,236469,卖盘
498,14:14:45,10.7,-0.01,81,86670,卖盘
499,14:14:40,10.71,--,14,14994,买盘
500,14:14:34,10.71,--,46,49266,买盘
501,14:14:30,10.71,--,34,36414,买盘
502,14:14:25,10.71,0.01,203,217413,买盘
503,14:14:20,10.7,-0.01,2,2140,卖盘
504,14:14:15,10.71,--,313,335223,买盘
505,14:14:10,10.71,--,7,7497,买盘
506,14:14:05,10.71,-0.01,6,6426,中性盘
507,14:14:00,10.72,0.01,107,115583,买盘
508,14:13:55,10.71,--,286,306306,卖盘
509,14:13:50,10.71,--,22,23562,卖盘
510,14:13:45,10.71,-0.01,243,260253,卖盘
511,14:13:40,10.72,0.01,110,117920,买盘
512,14:13:34,10.71,--,232,248472,卖盘
513,14:13:30,10.71,--,58,62118,卖盘
514,14:13:25,10.71,-0.01,82,87822,卖盘
515,14:13:19,10.72,--,11,11792,买盘
516,14:13:15,10.72,--,23,24656,买盘
517,14:13:10,10.72,0.01,61,65584,买盘
518,14:13:05,10.71,-0.01,150,160650,卖盘
519,14:13:00,10.72,--,22,23584,买盘
520,14:12:55,10.72,--,2,2144,买盘
521,14:12:45,10.72,--,78,84302,卖盘
522,14:12:40,10.72,--,30,32160,卖盘
523,14:12:30,10.72,--,320,343040,卖盘
524,14:12:25,10.72,--,125,134000,卖盘
525,14:12:15,10.72,--,19,20368,卖盘
526,14:12:10,10.72,-0.01,149,159728,卖盘
527,14:12:05,10.73,0.01,6,6438,买盘
528,14:11:58,10.72,-0.01,20,21440,卖盘
529,14:11:55,10.73,--,48,51504,买盘
530,14:11:50,10.73,--,49,52577,买盘
531,14:11:40,10.73,--,5,5365,买盘
532,14:11:34,10.73,0.01,10,10730,买盘
533,14:11:28,10.72,-0.01,10,10720,卖盘
534,14:11:25,10.73,--,7,7511,买盘
535,14:11:19,10.73,0.01,1,1073,买盘
536,14:11:13,10.72,-0.01,10,10720,卖盘
537,14:11:10,10.73,-0.01,167,179469,卖盘
538,14:11:04,10.74,0.01,50,53861,买盘
539,14:10:55,10.73,-0.01,5,5365,卖盘
540,14:10:49,10.74,--,19,20406,买盘
541,14:10:40,10.74,--,1,1074,买盘
542,14:10:34,10.74,--,4,4296,买盘
543,14:10:28,10.74,--,30,32220,买盘
544,14:10:25,10.74,0.01,41,44034,买盘
545,14:10:19,10.73,-0.01,12,12876,卖盘
546,14:10:13,10.74,--,20,21480,买盘
547,14:09:49,10.74,0.01,10,10740,买盘
548,14:09:43,10.73,-0.01,7,7511,卖盘
549,14:09:40,10.74,0.01,3,3222,买盘
550,14:09:34,10.73,-0.01,7,7511,卖盘
551,14:09:25,10.74,--,2,2148,买盘
552,14:09:13,10.74,--,22,24508,卖盘
553,14:09:04,10.74,--,50,53893,卖盘
554,14:08:55,10.74,--,10,10740,卖盘
555,14:08:39,10.74,--,8,8592,买盘
556,14:08:34,10.74,--,41,44034,买盘
557,14:08:28,10.74,--,8,8592,买盘
558,14:08:25,10.74,--,15,16110,买盘
559,14:08:19,10.74,-0.01,2,2148,买盘
560,14:08:09,10.75,0.02,115,123625,买盘
561,14:07:54,10.73,-0.02,43,46139,卖盘
562,14:07:39,10.75,--,8,8600,买盘
563,14:07:34,10.75,--,0,0,买盘
564,14:07:28,10.75,0.01,150,161250,买盘
565,14:07:24,10.74,--,68,73032,卖盘
566,14:07:19,10.74,-0.01,2,2148,卖盘
567,14:07:09,10.75,0.02,5,5375,买盘
568,14:07:04,10.73,--,43,46332,卖盘
569,14:06:58,10.73,--,3,3219,卖盘
570,14:06:54,10.73,-0.01,54,57942,卖盘
571,14:06:49,10.74,--,5,5370,买盘
572,14:06:43,10.74,0.01,1,1074,买盘
573,14:06:39,10.73,--,15,16095,卖盘
574,14:06:34,10.73,--,3,3219,卖盘
575,14:06:28,10.73,--,15,16534,买盘
576,14:06:24,10.73,--,17,18241,买盘
577,14:06:19,10.73,--,121,129833,买盘
578,14:06:09,10.73,--,85,91205,买盘
579,14:06:04,10.73,--,36,38628,买盘
580,14:05:58,10.73,--,8,8584,买盘
581,14:05:54,10.73,--,51,54723,买盘
582,14:05:43,10.73,--,31,33896,卖盘
583,14:05:39,10.73,--,3,3219,卖盘
584,14:05:34,10.73,-0.01,23,24679,卖盘
585,14:05:28,10.74,0.01,12,13328,买盘
586,14:05:22,10.73,--,86,92278,卖盘
587,14:05:19,10.73,-0.01,7,7511,卖盘
588,14:05:13,10.74,0.02,16,17184,买盘
589,14:05:07,10.72,--,10,10720,卖盘
590,14:05:04,10.72,-0.02,53,57008,卖盘
591,14:04:58,10.74,0.01,82,88068,买盘
592,14:04:52,10.73,--,35,37555,买盘
593,14:04:49,10.73,--,15,16095,买盘
594,14:04:43,10.73,--,34,36482,买盘
595,14:04:34,10.73,0.01,42,45066,买盘
596,14:04:28,10.72,--,29,31088,卖盘
597,14:04:19,10.72,--,4,4480,买盘
598,14:04:13,10.72,--,50,54479,卖盘
599,14:04:07,10.72,-0.01,5,5360,卖盘
600,14:04:04,10.73,--,10,10730,买盘
601,14:03:58,10.73,0.01,173,185629,买盘
602,14:03:52,10.72,--,78,83616,卖盘
603,14:03:43,10.72,--,40,42880,卖盘
604,14:03:37,10.72,-0.01,93,99696,卖盘
605,14:03:34,10.73,0.01,15,16095,买盘
606,14:03:28,10.72,--,4,4288,卖盘
607,14:03:22,10.72,-0.01,165,176880,卖盘
608,14:03:19,10.73,--,8,8584,买盘
609,14:03:13,10.73,--,61,65453,买盘
610,14:03:07,10.73,0.01,2,2146,买盘
611,14:03:04,10.72,-0.01,27,29919,卖盘
612,14:02:58,10.73,-0.01,116,124757,卖盘
613,14:02:43,10.74,--,24,25776,买盘
614,14:02:34,10.74,--,87,94071,卖盘
615,14:02:28,10.74,-0.01,30,32220,卖盘
616,14:02:22,10.75,--,19,20425,买盘
617,14:02:19,10.75,--,34,36550,买盘
618,14:02:13,10.75,0.01,5,5375,买盘
619,14:02:07,10.74,-0.01,52,55848,卖盘
620,14:01:58,10.75,--,127,137148,卖盘
621,14:01:52,10.75,--,10,10750,卖盘
622,14:01:43,10.75,--,230,247250,卖盘
623,14:01:37,10.75,-0.01,15,16125,卖盘
624,14:01:34,10.76,0.01,2,2152,买盘
625,14:01:28,10.75,-0.01,25,26875,卖盘
626,14:01:22,10.76,--,3,3228,买盘
627,14:01:18,10.76,-0.01,15,16140,卖盘
628,14:01:13,10.77,--,5,5385,买盘
629,14:01:07,10.77,-0.01,1,1077,中性盘
630,14:01:03,10.78,0.02,11,12547,买盘
631,14:00:58,10.76,-0.02,80,86273,卖盘
632,14:00:52,10.78,0.01,100,107800,买盘
633,14:00:48,10.77,--,15,16155,卖盘
634,14:00:43,10.77,--,24,25848,卖盘
635,14:00:37,10.77,0.01,2,2154,买盘
636,14:00:33,10.76,-0.01,9,9684,卖盘
637,14:00:28,10.77,--,1,1077,卖盘
638,14:00:22,10.77,-0.01,21,22617,卖盘
639,14:00:18,10.78,0.01,28,30184,买盘
640,14:00:13,10.77,--,8,8616,卖盘
641,14:00:03,10.77,--,1,1077,卖盘
642,13:59:58,10.77,--,42,45234,买盘
643,13:59:52,10.77,--,10,10770,买盘
644,13:59:48,10.77,--,8,8616,买盘
645,13:59:43,10.77,--,2,2154,买盘
646,13:59:37,10.77,--,4,4308,买盘
647,13:59:33,10.77,0.01,20,21540,买盘
648,13:59:16,10.76,-0.01,40,43040,卖盘
649,13:59:13,10.77,--,9,9693,买盘
650,13:59:07,10.77,0.01,26,28002,买盘
651,13:59:01,10.76,--,10,10760,卖盘
652,13:58:58,10.76,-0.01,43,46461,卖盘
653,13:58:47,10.77,0.01,35,37695,买盘
654,13:58:37,10.76,-0.01,17,18292,卖盘
655,13:58:28,10.77,0.01,28,30156,买盘
656,13:58:22,10.76,--,1,1076,卖盘
657,13:58:13,10.76,-0.01,28,30128,中性盘
658,13:58:07,10.77,0.01,236,254559,买盘
659,13:58:01,10.76,--,1,1076,买盘
660,13:57:52,10.76,--,25,27588,卖盘
661,13:57:43,10.76,--,38,40888,卖盘
662,13:57:28,10.76,-0.01,5,5380,卖盘
663,13:57:22,10.77,--,57,61389,买盘
664,13:57:13,10.77,-0.01,9,9693,买盘
665,13:57:07,10.78,0.01,17,18326,买盘
666,13:56:58,10.77,-0.01,44,47581,卖盘
667,13:56:52,10.78,--,18,19404,买盘
668,13:56:43,10.78,--,1,1078,买盘
669,13:56:37,10.78,0.01,20,21560,买盘
670,13:56:31,10.77,--,32,34464,卖盘
671,13:56:22,10.77,--,10,10770,卖盘
672,13:56:16,10.77,--,12,13117,买盘
673,13:56:13,10.77,--,5,5385,买盘
674,13:56:07,10.77,--,13,14001,买盘
675,13:55:58,10.77,--,33,35541,买盘
676,13:55:52,10.77,0.02,2,2154,买盘
677,13:55:37,10.75,--,0,0,卖盘
678,13:55:31,10.75,-0.01,30,32250,卖盘
679,13:55:28,10.76,--,9,9684,买盘
680,13:55:22,10.76,0.01,15,16140,买盘
681,13:55:12,10.75,--,11,11889,买盘
682,13:55:07,10.75,--,33,35475,买盘
683,13:55:01,10.75,--,37,39775,买盘
684,13:54:57,10.75,0.01,222,238865,买盘
685,13:54:52,10.74,-0.01,34,37568,卖盘
686,13:54:46,10.75,--,16,17200,买盘
687,13:54:42,10.75,--,6,6450,买盘
688,13:54:37,10.75,--,10,10750,买盘
689,13:54:27,10.75,0.01,3,3225,买盘
690,13:54:16,10.74,-0.01,24,25776,卖盘
691,13:54:12,10.75,0.01,36,38947,买盘
692,13:54:07,10.74,-0.01,51,54774,中性盘
693,13:54:01,10.75,0.03,30,32250,买盘
694,13:53:57,10.72,-0.02,601,645279,卖盘
695,13:53:52,10.74,--,247,265342,买盘
696,13:53:46,10.74,--,11,11814,买盘
697,13:53:42,10.74,-0.01,38,40812,卖盘
698,13:53:37,10.75,--,10,10750,买盘
699,13:53:31,10.75,--,36,38700,买盘
700,13:53:27,10.75,--,50,53750,买盘
701,13:53:22,10.75,--,233,250475,买盘
702,13:53:16,10.75,--,35,37625,买盘
703,13:53:12,10.75,--,15,16125,买盘
704,13:53:07,10.75,--,18,19350,买盘
705,13:53:01,10.75,--,5,5375,买盘
706,13:52:57,10.75,-0.01,653,702147,卖盘
707,13:52:52,10.76,--,187,201459,买盘
708,13:52:46,10.76,--,32,34432,买盘
709,13:52:42,10.76,0.01,134,144184,买盘
710,13:52:37,10.75,-0.01,31,33325,卖盘
711,13:52:31,10.76,--,50,53800,买盘
712,13:52:27,10.76,--,14,15064,买盘
713,13:52:12,10.76,0.01,98,105566,买盘
714,13:52:07,10.75,--,0,0,卖盘
715,13:52:01,10.75,-0.01,101,108575,卖盘
716,13:51:57,10.76,--,18,19368,卖盘
717,13:51:52,10.76,0.01,8,8608,中性盘
718,13:51:46,10.75,-0.01,21,22575,卖盘
719,13:51:40,10.76,0.01,19,20444,买盘
720,13:51:37,10.75,-0.01,11,11825,卖盘
721,13:51:31,10.76,0.01,10,10760,买盘
722,13:51:25,10.75,-0.01,2,2150,卖盘
723,13:51:22,10.76,--,17,18830,买盘
724,13:51:16,10.76,--,110,118360,买盘
725,13:51:10,10.76,--,25,26900,卖盘
726,13:51:07,10.76,--,10,10760,买盘
727,13:51:01,10.76,0.01,143,153868,买盘
728,13:50:55,10.75,--,4,4300,卖盘
729,13:50:52,10.75,-0.01,103,110918,卖盘
730,13:50:46,10.76,--,1,1076,买盘
731,13:50:40,10.76,0.01,6,6456,买盘
732,13:50:36,10.75,-0.01,40,43000,卖盘
733,13:50:31,10.76,--,8,8608,买盘
734,13:50:25,10.76,--,2,2152,买盘
735,13:50:16,10.76,--,47,50572,买盘
736,13:50:10,10.76,--,11,11836,买盘
737,13:50:07,10.76,--,159,171622,卖盘
738,13:50:01,10.76,-0.01,10,10760,卖盘
739,13:49:46,10.77,0.01,1,1077,买盘
740,13:49:40,10.76,--,400,430400,卖盘
741,13:49:37,10.76,-0.01,3,3228,卖盘
742,13:49:31,10.77,--,94,101238,买盘
743,13:49:25,10.77,--,2,2154,买盘
744,13:49:21,10.77,--,34,36618,买盘
745,13:49:10,10.77,--,25,26925,买盘
746,13:49:06,10.77,--,5,5385,买盘
747,13:49:01,10.77,--,9,9693,买盘
748,13:48:55,10.77,--,55,60118,卖盘
749,13:48:51,10.77,-0.01,47,50812,卖盘
750,13:48:31,10.78,--,23,24794,买盘
751,13:48:21,10.78,--,9,9702,买盘
752,13:48:10,10.78,--,10,10780,买盘
753,13:48:06,10.78,0.01,49,52822,买盘
754,13:48:01,10.77,--,10,10770,卖盘
755,13:47:55,10.77,--,8,8616,卖盘
756,13:47:51,10.77,-0.01,21,22617,卖盘
757,13:47:46,10.78,0.02,26,28028,买盘
758,13:47:40,10.76,-0.02,100,107600,卖盘
759,13:47:36,10.78,--,2,2156,买盘
760,13:47:31,10.78,0.01,30,32339,买盘
761,13:47:25,10.77,--,50,53850,卖盘
762,13:47:21,10.77,--,65,70005,卖盘
763,13:47:16,10.77,--,10,10770,卖盘
764,13:47:01,10.77,--,14,15078,卖盘
765,13:46:55,10.77,-0.01,7,7539,卖盘
766,13:46:51,10.78,0.01,22,24352,买盘
767,13:46:46,10.77,-0.01,30,32945,卖盘
768,13:46:40,10.78,--,2,2156,买盘
769,13:46:36,10.78,0.01,18,19404,买盘
770,13:46:31,10.77,-0.01,17,18309,卖盘
771,13:46:25,10.78,--,5,5390,买盘
772,13:46:21,10.78,0.01,2,2156,买盘
773,13:46:16,10.77,-0.01,13,14001,卖盘
774,13:46:06,10.78,--,5,5390,买盘
775,13:46:01,10.78,--,38,40964,买盘
776,13:45:51,10.78,--,1,1078,买盘
777,13:45:46,10.78,0.01,12,12936,买盘
778,13:45:40,10.77,-0.01,44,47732,卖盘
779,13:45:25,10.78,--,6,6468,买盘
780,13:45:21,10.78,-0.01,510,550383,卖盘
781,13:45:10,10.79,--,32,34528,买盘
782,13:45:06,10.79,--,16,17997,卖盘
783,13:45:01,10.79,--,23,24816,卖盘
784,13:44:55,10.79,--,3,3236,卖盘
785,13:44:51,10.79,-0.01,41,44670,卖盘
786,13:44:45,10.8,0.01,63,68882,买盘
787,13:44:34,10.79,--,10,10790,卖盘
788,13:44:31,10.79,--,61,66326,卖盘
789,13:44:25,10.79,--,70,75530,卖盘
790,13:44:10,10.79,--,86,92793,卖盘
791,13:44:04,10.79,--,14,15105,卖盘
792,13:44:00,10.79,--,72,78227,卖盘
793,13:43:55,10.79,--,75,80925,卖盘
794,13:43:49,10.79,--,37,39923,卖盘
795,13:43:45,10.79,--,20,21580,卖盘
796,13:43:40,10.79,--,116,125163,卖盘
797,13:43:34,10.79,--,16,17264,卖盘
798,13:43:30,10.79,--,190,205009,卖盘
799,13:43:25,10.79,--,27,29132,卖盘
800,13:43:19,10.79,--,9,9711,卖盘
801,13:43:15,10.79,--,8,8632,卖盘
802,13:43:10,10.79,-0.01,9,9711,卖盘
803,13:43:00,10.8,--,10,10800,买盘
804,13:42:49,10.8,0.01,5,5400,买盘
805,13:42:45,10.79,-0.01,131,141349,卖盘
806,13:42:30,10.8,0.01,3,3434,买盘
807,13:42:25,10.79,--,33,35607,卖盘
808,13:42:15,10.79,--,106,114568,卖盘
809,13:42:10,10.79,--,122,131638,卖盘
810,13:42:04,10.79,--,22,23737,卖盘
811,13:42:00,10.79,-0.01,172,185587,卖盘
812,13:41:55,10.8,0.01,50,54000,买盘
813,13:41:45,10.79,-0.01,30,32369,卖盘
814,13:41:40,10.8,--,5,5400,买盘
815,13:41:34,10.8,--,17,19245,卖盘
816,13:41:30,10.8,-0.01,1,1080,卖盘
817,13:41:25,10.81,0.01,46,49726,买盘
818,13:41:19,10.8,-0.01,40,43200,卖盘
819,13:41:15,10.81,--,14,15134,买盘
820,13:41:10,10.81,--,42,45402,买盘
821,13:40:55,10.81,--,23,24863,买盘
822,13:40:45,10.81,--,105,113699,买盘
823,13:40:40,10.81,--,2,2162,买盘
824,13:40:30,10.81,0.01,1,1081,买盘
825,13:40:19,10.8,--,6,6480,卖盘
826,13:40:15,10.8,--,1,1080,中性盘
827,13:40:10,10.8,--,5,5400,买盘
828,13:40:04,10.8,--,48,51840,买盘
829,13:40:00,10.8,--,24,25920,买盘
830,13:39:55,10.8,--,5,5400,买盘
831,13:39:49,10.8,--,21,22680,买盘
832,13:39:45,10.8,--,181,195480,买盘
833,13:39:40,10.8,--,20,21600,买盘
834,13:39:30,10.8,--,1,1080,买盘
835,13:39:25,10.8,0.01,10,10800,买盘
836,13:39:19,10.79,--,27,29132,卖盘
837,13:39:10,10.79,-0.01,17,18343,卖盘
838,13:39:04,10.8,0.01,99,106920,买盘
839,13:38:49,10.79,--,28,30503,卖盘
840,13:38:45,10.79,-0.01,43,46591,卖盘
841,13:38:40,10.8,0.01,30,32400,买盘
842,13:38:34,10.79,-0.01,21,22659,卖盘
843,13:38:30,10.8,--,3,3240,买盘
844,13:38:25,10.8,--,40,43200,买盘
845,13:38:10,10.8,--,39,42120,买盘
846,13:37:55,10.8,--,1,1080,买盘
847,13:37:49,10.8,--,23,24840,卖盘
848,13:37:34,10.8,--,6,6480,买盘
849,13:37:24,10.8,0.01,20,21600,中性盘
850,13:37:19,10.79,-0.01,114,123005,卖盘
851,13:37:10,10.8,--,3,3240,卖盘
852,13:37:04,10.8,--,30,32400,卖盘
853,13:36:54,10.8,-0.01,10,10800,卖盘
854,13:36:49,10.81,0.01,20,21620,买盘
855,13:36:39,10.8,-0.01,43,46634,卖盘
856,13:36:34,10.81,0.01,4,4324,买盘
857,13:36:24,10.8,-0.01,55,59400,卖盘
858,13:36:19,10.81,0.01,30,32430,买盘
859,13:36:13,10.8,-0.01,100,108000,卖盘
860,13:36:09,10.81,0.01,9,9729,买盘
861,13:36:04,10.8,-0.01,50,54000,卖盘
862,13:35:58,10.81,--,60,64860,买盘
863,13:35:43,10.81,--,5,5405,买盘
864,13:35:28,10.81,--,304,329499,卖盘
865,13:35:24,10.81,--,2,2172,卖盘
866,13:35:04,10.81,-0.01,10,10810,卖盘
867,13:34:54,10.82,--,10,10820,买盘
868,13:34:49,10.82,0.01,2,2164,买盘
869,13:34:39,10.81,-0.01,46,49920,卖盘
870,13:34:34,10.82,--,5,5410,买盘
871,13:34:28,10.82,0.01,20,21640,买盘
872,13:34:24,10.81,-0.01,50,54050,卖盘
873,13:34:19,10.82,--,6,6492,买盘
874,13:34:09,10.82,0.01,25,27050,买盘
875,13:33:54,10.81,--,53,57293,卖盘
876,13:33:43,10.81,--,1,1081,卖盘
877,13:33:39,10.81,--,15,16215,卖盘
878,13:33:24,10.81,-0.01,6,6486,卖盘
879,13:33:19,10.82,--,0,0,买盘
880,13:33:13,10.82,--,26,28132,买盘
881,13:33:09,10.82,--,188,204303,买盘
882,13:33:04,10.82,0.01,334,361388,买盘
883,13:32:54,10.81,--,6,6486,卖盘
884,13:32:49,10.81,-0.01,13,14053,卖盘
885,13:32:43,10.82,0.01,10,10820,买盘
886,13:32:39,10.81,-0.01,45,48839,卖盘
887,13:32:28,10.82,--,1,1082,买盘
888,13:32:19,10.82,-0.01,58,63643,卖盘
889,13:32:13,10.83,0.01,38,41348,买盘
890,13:32:09,10.82,-0.01,46,50659,卖盘
891,13:31:58,10.83,--,2,2166,买盘
892,13:31:43,10.83,0.01,3,3249,买盘
893,13:31:28,10.82,-0.01,12,12984,卖盘
894,13:31:19,10.83,0.01,14,15162,买盘
895,13:31:09,10.82,-0.01,32,34624,卖盘
896,13:31:04,10.83,--,10,10830,买盘
897,13:30:58,10.83,--,21,22743,买盘
898,13:30:54,10.83,--,8,8664,买盘
899,13:30:49,10.83,--,5,5415,买盘
900,13:30:43,10.83,0.01,35,37905,买盘
901,13:30:39,10.82,-0.01,43,46720,卖盘
902,13:30:34,10.83,--,10,10830,买盘
903,13:30:28,10.83,--,66,71478,买盘
904,13:30:23,10.83,0.01,23,24909,买盘
905,13:30:13,10.82,-0.01,17,18394,卖盘
906,13:29:48,10.83,--,12,12996,卖盘
907,13:29:37,10.83,-0.01,6,6498,卖盘
908,13:29:33,10.84,--,90,97560,买盘
909,13:29:27,10.84,0.01,22,24509,买盘
910,13:29:22,10.83,--,27,29241,卖盘
911,13:29:13,10.83,-0.01,130,140790,卖盘
912,13:29:07,10.84,0.01,36,39024,买盘
913,13:28:58,10.83,-0.01,4,4332,卖盘
914,13:28:52,10.84,--,10,10840,买盘
915,13:28:48,10.84,--,2,2168,买盘
916,13:28:43,10.84,0.01,20,22200,买盘
917,13:28:37,10.83,-0.01,16,18118,卖盘
918,13:28:33,10.84,-0.01,217,236214,卖盘
919,13:28:28,10.85,--,100,108500,买盘
920,13:28:22,10.85,--,15,16275,买盘
921,13:28:18,10.85,--,45,48825,买盘
922,13:28:13,10.85,0.01,5,5425,买盘
923,13:28:06,10.84,-0.01,71,76964,卖盘
924,13:28:03,10.85,--,7,7595,买盘
925,13:27:58,10.85,--,23,24955,买盘
926,13:27:52,10.85,--,10,10850,买盘
927,13:27:48,10.85,--,80,86800,买盘
928,13:27:43,10.85,0.01,35,37975,买盘
929,13:27:37,10.84,-0.01,4,4336,卖盘
930,13:27:33,10.85,--,1,1085,买盘
931,13:27:28,10.85,--,3,3255,买盘
932,13:27:22,10.85,--,29,31465,买盘
933,13:27:18,10.85,--,5,5425,买盘
934,13:27:07,10.85,0.01,10,10850,买盘
935,13:27:03,10.84,-0.01,6,6504,卖盘
936,13:26:58,10.85,--,73,79205,买盘
937,13:26:52,10.85,--,30,32550,买盘
938,13:26:48,10.85,--,89,96565,买盘
939,13:26:43,10.85,--,15,16275,买盘
940,13:26:37,10.85,0.01,1,1085,买盘
941,13:26:33,10.84,-0.01,43,46807,卖盘
942,13:26:28,10.85,--,131,142135,买盘
943,13:26:22,10.85,0.01,16,17360,买盘
944,13:26:07,10.84,-0.01,20,21680,卖盘
945,13:26:03,10.85,0.01,500,542500,买盘
946,13:25:43,10.84,-0.01,25,27100,卖盘
947,13:25:33,10.85,0.01,28,30380,买盘
948,13:25:28,10.84,-0.01,2,2168,卖盘
949,13:25:22,10.85,--,15,16275,买盘
950,13:25:18,10.85,--,8,8680,买盘
951,13:25:13,10.85,0.01,31,33635,买盘
952,13:24:43,10.84,--,7,7588,卖盘
953,13:24:37,10.84,0.01,204,222122,买盘
954,13:24:33,10.83,--,43,46763,卖盘
955,13:24:13,10.83,-0.01,14,15162,卖盘
956,13:24:07,10.84,--,31,33604,买盘
957,13:23:58,10.84,--,9,9756,买盘
958,13:23:52,10.84,--,13,14092,买盘
959,13:23:43,10.84,0.01,30,32520,买盘
960,13:23:37,10.83,--,11,11913,卖盘
961,13:23:27,10.83,--,22,23826,买盘
962,13:23:07,10.83,0.01,4,4332,买盘
963,13:22:58,10.82,--,9,9738,买盘
964,13:22:52,10.82,0.01,5,5410,买盘
965,13:22:42,10.81,--,10,10810,卖盘
966,13:22:31,10.81,--,444,480158,买盘
967,13:22:27,10.81,--,108,116748,买盘
968,13:22:22,10.81,0.01,3,3243,买盘
969,13:22:16,10.8,--,10,10800,卖盘
970,13:22:12,10.8,--,1,1080,卖盘
971,13:22:01,10.8,--,345,372600,买盘
972,13:21:57,10.8,--,42,45360,买盘
973,13:21:52,10.8,--,79,85320,买盘
974,13:21:46,10.8,--,3,3240,买盘
975,13:21:42,10.8,--,114,123120,买盘
976,13:21:37,10.8,--,2,2160,买盘
977,13:21:31,10.8,--,1,1080,买盘
978,13:21:27,10.8,0.01,8,8640,买盘
979,13:21:22,10.79,-0.01,20,21580,卖盘
980,13:21:16,10.8,0.01,10,10800,买盘
981,13:21:06,10.79,--,23,24816,卖盘
982,13:20:57,10.79,--,1,1079,卖盘
983,13:20:42,10.79,0.01,140,151060,买盘
984,13:20:36,10.78,--,20,21560,卖盘
985,13:20:30,10.78,--,33,36436,卖盘
986,13:20:27,10.78,--,49,53231,卖盘
987,13:20:21,10.78,--,160,172480,卖盘
988,13:20:16,10.78,-0.01,15,16169,卖盘
989,13:20:12,10.79,--,27,29132,买盘
990,13:20:07,10.79,--,20,21580,买盘
991,13:20:00,10.79,--,5,5395,买盘
992,13:19:51,10.79,--,12,12947,买盘
993,13:19:46,10.79,--,24,25895,卖盘
994,13:19:36,10.79,-0.01,2,2158,卖盘
995,13:19:27,10.8,--,1,1080,买盘
996,13:19:22,10.8,0.01,57,61560,买盘
997,13:19:06,10.79,-0.01,6,6473,卖盘
998,13:19:00,10.8,0.01,10,10800,买盘
999,13:18:57,10.79,-0.01,12,12947,卖盘
1000,13:18:52,10.8,0.01,1,1080,买盘
1001,13:18:45,10.79,--,24,25895,卖盘
1002,13:18:36,10.79,--,32,34528,卖盘
1003,13:18:30,10.79,--,27,29672,卖盘
1004,13:18:27,10.79,-0.01,30,33103,卖盘
1005,13:18:22,10.8,0.02,1,1080,买盘
1006,13:18:15,10.78,-0.02,34,36652,卖盘
1007,13:18:12,10.8,0.01,5,5400,买盘
1008,13:18:06,10.79,--,3,3236,卖盘
1009,13:18:00,10.79,--,2,2158,卖盘
1010,13:17:57,10.79,0.01,15,16271,买盘
1011,13:17:51,10.78,-0.01,327,352506,卖盘
1012,13:17:45,10.79,--,32,34528,买盘
1013,13:17:36,10.79,0.01,3,3236,中性盘
1014,13:17:30,10.78,-0.02,84,90552,卖盘
1015,13:17:26,10.8,0.01,64,69120,买盘
1016,13:17:21,10.79,--,5,5395,卖盘
1017,13:17:15,10.79,-0.01,53,57186,卖盘
1018,13:17:11,10.8,--,10,10800,买盘
1019,13:17:00,10.8,--,20,21600,买盘
1020,13:16:51,10.8,--,95,103291,卖盘
1021,13:16:45,10.8,--,5,5400,卖盘
1022,13:16:42,10.8,--,5,5400,卖盘
1023,13:16:36,10.8,--,26,28080,卖盘
1024,13:16:30,10.8,--,24,26600,卖盘
1025,13:16:27,10.8,--,71,77274,卖盘
1026,13:16:21,10.8,--,10,10800,卖盘
1027,13:16:11,10.8,--,6,6480,卖盘
1028,13:16:00,10.8,-0.01,317,342360,卖盘
1029,13:15:51,10.81,--,20,21620,买盘
1030,13:15:36,10.81,0.01,23,24863,买盘
1031,13:15:30,10.8,-0.01,10,10800,卖盘
1032,13:15:21,10.81,--,39,42159,买盘
1033,13:15:15,10.81,--,4,4324,买盘
1034,13:15:09,10.81,0.01,58,62698,买盘
1035,13:15:06,10.8,--,525,567000,卖盘
1036,13:15:00,10.8,-0.01,6,6480,卖盘
1037,13:14:51,10.81,0.01,56,60536,买盘
1038,13:14:39,10.8,--,5,5400,卖盘
1039,13:14:24,10.8,-0.01,51,55274,卖盘
1040,13:14:21,10.81,0.01,20,21620,买盘
1041,13:14:15,10.8,--,7,7560,卖盘
1042,13:14:09,10.8,-0.01,1,1080,卖盘
1043,13:14:06,10.81,--,55,59455,买盘
1044,13:14:00,10.81,--,76,82156,买盘
1045,13:13:51,10.81,-0.01,354,382674,卖盘
1046,13:13:30,10.82,--,4,4328,买盘
1047,13:13:24,10.82,-0.01,30,33455,卖盘
1048,13:13:21,10.83,0.01,16,17328,买盘
1049,13:13:15,10.82,--,12,12984,卖盘
1050,13:13:06,10.82,-0.01,30,32460,卖盘
1051,13:12:45,10.83,0.01,5,5501,买盘
1052,13:12:39,10.82,--,23,24886,买盘
1053,13:12:30,10.82,--,10,10820,买盘
1054,13:12:24,10.82,--,10,10928,卖盘
1055,13:12:21,10.82,-0.01,25,27050,卖盘
1056,13:12:15,10.83,0.01,18,19494,买盘
1057,13:12:09,10.82,-0.02,2,2164,卖盘
1058,13:12:06,10.84,--,3,3252,买盘
1059,13:12:00,10.84,0.02,8,8672,买盘
1060,13:11:54,10.82,-0.02,141,152562,卖盘
1061,13:11:39,10.84,--,5,5420,买盘
1062,13:11:30,10.84,-0.01,135,146340,卖盘
1063,13:11:24,10.85,0.01,13,14105,买盘
1064,13:11:15,10.84,--,190,205960,卖盘
1065,13:11:09,10.84,0.02,5,5420,买盘
1066,13:10:54,10.82,0.01,14,16121,买盘
1067,13:10:51,10.81,-0.01,146,157826,卖盘
1068,13:10:45,10.82,--,22,23804,买盘
1069,13:10:39,10.82,--,34,36788,买盘
1070,13:10:36,10.82,0.01,5,5410,买盘
1071,13:10:30,10.81,-0.01,3,3243,卖盘
1072,13:10:24,10.82,-0.02,142,153946,卖盘
1073,13:10:21,10.84,--,7,8368,买盘
1074,13:10:09,10.84,--,2,2168,买盘
1075,13:10:00,10.84,0.02,13,14092,买盘
1076,13:09:54,10.82,-0.01,206,223194,卖盘
1077,13:09:45,10.83,0.01,62,67340,买盘
1078,13:09:39,10.82,0.01,1,1082,卖盘
1079,13:09:24,10.81,--,8,9231,买盘
1080,13:09:15,10.81,-0.01,635,686932,卖盘
1081,13:09:09,10.82,--,27,29214,买盘
1082,13:09:05,10.82,--,5,5410,买盘
1083,13:09:00,10.82,--,49,53018,买盘
1084,13:08:50,10.82,--,1,1082,买盘
1085,13:08:45,10.82,--,164,178335,卖盘
1086,13:08:39,10.82,-0.01,22,23804,卖盘
1087,13:08:24,10.83,0.01,17,18411,买盘
1088,13:08:20,10.82,-0.01,31,33736,卖盘
1089,13:08:15,10.83,--,33,35739,买盘
1090,13:08:09,10.83,--,10,10830,买盘
1091,13:08:00,10.83,--,2,2166,买盘
1092,13:07:54,10.83,-0.01,31,33573,买盘
1093,13:07:48,10.84,--,0,0,买盘
1094,13:07:45,10.84,--,0,0,买盘
1095,13:07:39,10.84,0.03,10,10840,买盘
1096,13:07:30,10.81,--,0,0,卖盘
1097,13:07:24,10.81,--,172,186515,买盘
1098,13:07:18,10.81,--,3,3243,买盘
1099,13:07:15,10.81,-0.03,130,141027,卖盘
1100,13:07:09,10.84,--,10,10840,买盘
1101,13:07:03,10.84,0.03,6,6504,买盘
1102,13:07:00,10.81,--,77,83820,买盘
1103,13:06:54,10.81,--,11,11891,买盘
1104,13:06:48,10.81,--,13,14053,买盘
1105,13:06:45,10.81,--,64,69184,买盘
1106,13:06:39,10.81,--,49,52969,买盘
1107,13:06:33,10.81,--,92,99452,买盘
1108,13:06:24,10.81,--,86,93463,卖盘
1109,13:06:18,10.81,-0.03,113,122347,卖盘
1110,13:06:09,10.84,0.02,2,2168,买盘
1111,13:05:54,10.82,-0.01,4,4328,卖盘
1112,13:05:48,10.83,--,3,3249,卖盘
1113,13:05:39,10.83,--,29,31407,买盘
1114,13:05:33,10.83,--,0,0,买盘
1115,13:05:18,10.83,--,14,15162,买盘
1116,13:05:15,10.83,--,6,6498,买盘
1117,13:05:09,10.83,0.02,72,77976,买盘
1118,13:04:39,10.81,-0.03,93,100533,卖盘
1119,13:04:33,10.84,0.03,7,7588,买盘
1120,13:04:18,10.81,--,43,46677,卖盘
1121,13:04:09,10.81,-0.01,5,5405,卖盘
1122,13:04:03,10.82,--,16,17312,买盘
1123,13:03:39,10.82,--,10,10820,卖盘
1124,13:03:33,10.82,-0.02,1,1082,卖盘
1125,13:03:09,10.84,0.01,26,28184,买盘
1126,13:03:03,10.83,--,0,0,买盘
1127,13:02:48,10.83,-0.02,46,50706,卖盘
1128,13:02:39,10.85,--,0,0,买盘
1129,13:02:33,10.85,0.02,1,1085,买盘
1130,13:02:18,10.83,--,12,14003,卖盘
1131,13:02:14,10.83,--,30,32760,卖盘
1132,13:02:09,10.83,-0.01,59,63897,卖盘
1133,13:02:03,10.84,--,11,11924,卖盘
1134,13:01:59,10.84,--,15,16260,买盘
1135,13:01:39,10.84,0.01,15,16260,中性盘
1136,13:01:33,10.83,--,0,0,卖盘
1137,13:01:24,10.83,--,0,0,卖盘
1138,13:01:18,10.83,--,30,32490,卖盘
1139,13:01:14,10.83,0.01,3,4299,买盘
1140,13:01:09,10.82,-0.01,39,43085,卖盘
1141,13:01:03,10.83,--,80,86640,买盘
1142,13:00:54,10.83,--,57,61731,买盘
1143,13:00:48,10.83,--,34,36822,买盘
1144,13:00:33,10.83,--,31,33573,买盘
1145,13:00:27,10.83,--,3,3249,买盘
1146,13:00:24,10.83,0.01,30,32490,买盘
1147,13:00:12,10.82,-0.01,43,46720,卖盘
1148,13:00:09,10.83,-0.01,30,33020,卖盘
1149,13:00:03,10.84,-0.01,592,642280,中性盘
1150,11:30:00,10.85,--,0,0,买盘
1151,11:30:00,10.85,--,0,0,买盘
1152,11:29:55,10.85,--,62,67270,买盘
1153,11:29:49,10.85,--,46,49910,买盘
1154,11:29:45,10.85,0.01,12,13020,买盘
1155,11:29:40,10.84,--,33,35772,买盘
1156,11:29:30,10.84,--,45,49668,卖盘
1157,11:29:19,10.84,--,3,3252,卖盘
1158,11:29:15,10.84,0.01,12,13203,买盘
1159,11:28:45,10.83,-0.01,14,15162,卖盘
1160,11:28:40,10.84,0.01,24,26016,买盘
1161,11:28:34,10.83,--,9,10635,卖盘
1162,11:28:28,10.83,-0.01,10,10830,卖盘
1163,11:28:25,10.84,0.01,12,13008,买盘
1164,11:28:13,10.83,--,16,17847,卖盘
1165,11:28:10,10.83,-0.01,29,32165,卖盘
1166,11:28:04,10.84,--,25,27100,买盘
1167,11:27:55,10.84,-0.01,15,16260,卖盘
1168,11:27:49,10.85,0.01,1,1085,买盘
1169,11:27:34,10.84,-0.01,2,2168,卖盘
1170,11:27:28,10.85,--,0,0,买盘
1171,11:27:25,10.85,--,25,27125,买盘
1172,11:27:13,10.85,0.02,37,40145,买盘
1173,11:27:10,10.83,0.01,7,7581,买盘
1174,11:27:04,10.82,--,0,0,卖盘
1175,11:26:34,10.82,--,0,0,卖盘
1176,11:26:25,10.82,-0.03,0,497,卖盘
1177,11:26:19,10.85,0.03,45,48825,买盘
1178,11:26:10,10.82,-0.02,25,27050,卖盘
1179,11:25:55,10.84,0.02,1,1084,买盘
1180,11:25:49,10.82,--,26,28132,买盘
1181,11:25:40,10.82,-0.01,1002,1084164,卖盘
1182,11:25:34,10.83,0.01,6,6498,中性盘
1183,11:25:25,10.82,--,3,4252,卖盘
1184,11:25:19,10.82,0.01,1,1082,卖盘
1185,11:25:13,10.81,-0.03,5,5405,卖盘
1186,11:25:10,10.84,0.02,54,58536,买盘
1187,11:24:58,10.82,0.01,1,1082,买盘
1188,11:24:40,10.81,--,0,0,卖盘
1189,11:24:34,10.81,-0.01,2,2162,卖盘
1190,11:24:24,10.82,-0.01,3,4263,卖盘
1191,11:24:19,10.83,0.01,5,5415,买盘
1192,11:24:13,10.82,0.01,13,14066,买盘
1193,11:24:09,10.81,-0.02,43,46677,卖盘
1194,11:24:04,10.83,--,0,0,买盘
1195,11:23:58,10.83,0.01,38,41154,买盘
1196,11:23:49,10.82,--,5,5410,买盘
1197,11:23:39,10.82,-0.01,3,3246,中性盘
1198,11:23:24,10.83,0.01,25,28093,买盘
1199,11:23:19,10.82,--,51,55182,卖盘
1200,11:23:09,10.82,--,7,7574,买盘
1201,11:22:58,10.82,-0.01,10,10820,卖盘
1202,11:22:54,10.83,0.01,53,57399,买盘
1203,11:22:49,10.82,0.01,83,89806,买盘
1204,11:22:39,10.81,-0.02,7,7567,中性盘
1205,11:22:34,10.83,0.02,8,8664,买盘
1206,11:22:28,10.81,--,1,1145,卖盘
1207,11:22:24,10.81,0.01,3,4259,卖盘
1208,11:22:19,10.8,--,0,0,卖盘
1209,11:22:09,10.8,-0.04,43,46634,卖盘
1210,11:22:04,10.84,--,0,0,买盘
1211,11:21:54,10.84,0.04,97,105148,买盘
1212,11:21:43,10.8,--,3,3240,卖盘
1213,11:21:22,10.8,-0.03,3,4266,卖盘
1214,11:21:13,10.83,--,25,27075,买盘
1215,11:21:04,10.83,-0.01,48,51984,中性盘
1216,11:20:58,10.84,0.01,45,48780,买盘
1217,11:20:52,10.83,0.03,6,6498,买盘
1218,11:20:49,10.8,-0.03,20,21600,卖盘
1219,11:20:34,10.83,--,0,0,买盘
1220,11:20:28,10.83,0.01,28,30324,买盘
1221,11:20:22,10.82,-0.01,3,4263,卖盘
1222,11:20:19,10.83,--,1,1083,买盘
1223,11:20:13,10.83,0.01,50,54150,买盘
1224,11:20:07,10.82,-0.02,9,9738,卖盘
1225,11:19:52,10.84,--,45,48780,买盘
1226,11:19:49,10.84,--,0,0,买盘
1227,11:19:43,10.84,--,246,266664,卖盘
1228,11:19:28,10.84,--,313,340235,买盘
1229,11:19:19,10.84,0.01,5,5420,买盘
1230,11:19:13,10.83,--,2,2166,卖盘
1231,11:19:07,10.83,0.01,9,9747,买盘
1232,11:19:04,10.82,-0.02,85,91970,卖盘
1233,11:18:58,10.84,--,0,0,买盘
1234,11:18:52,10.84,--,50,54200,买盘
1235,11:18:43,10.84,--,0,0,买盘
1236,11:18:22,10.84,0.02,20,21680,买盘
1237,11:18:19,10.82,--,3,4263,卖盘
1238,11:18:13,10.82,--,23,24886,买盘
1239,11:18:07,10.82,0.01,19,21163,买盘
1240,11:18:04,10.81,-0.01,29,32019,卖盘
1241,11:17:49,10.82,--,4,5345,买盘
1242,11:17:43,10.82,--,1,1082,买盘
1243,11:17:33,10.82,-0.02,35,37934,卖盘
1244,11:17:28,10.84,0.02,50,54200,买盘
1245,11:17:22,10.82,--,1,1082,卖盘
1246,11:17:18,10.82,-0.02,3,4263,卖盘
1247,11:17:13,10.84,0.02,5,5420,买盘
1248,11:17:03,10.82,-0.02,18,19476,卖盘
1249,11:16:43,10.84,0.01,60,65040,买盘
1250,11:16:37,10.83,--,1,1147,卖盘
1251,11:16:33,10.83,--,10,10830,卖盘
1252,11:16:18,10.83,0.01,11,12931,买盘
1253,11:16:07,10.82,0.02,1,1082,买盘
1254,11:16:03,10.8,-0.03,44,47714,卖盘
1255,11:15:58,10.83,--,141,153515,买盘
1256,11:15:52,10.83,--,1,1083,买盘
1257,11:15:43,10.83,--,0,0,买盘
1258,11:15:33,10.83,0.01,42,46504,买盘
1259,11:15:28,10.82,-0.01,4,4392,卖盘
1260,11:15:18,10.83,0.01,61,67081,买盘
1261,11:15:13,10.82,--,14,15148,买盘
1262,11:15:07,10.82,--,7,7574,买盘
1263,11:15:03,10.82,0.01,13,14066,买盘
1264,11:14:58,10.81,-0.01,2,2162,中性盘
1265,11:14:52,10.82,--,3,3246,买盘
1266,11:14:43,10.82,--,4,4328,买盘
1267,11:14:37,10.82,0.02,19,20558,买盘
1268,11:14:31,10.8,--,0,194,买盘
1269,11:14:28,10.8,--,24,26805,卖盘
1270,11:14:22,10.8,--,13,15066,卖盘
1271,11:14:16,10.8,-0.02,17,18360,卖盘
1272,11:14:13,10.82,--,45,48690,买盘
1273,11:14:07,10.82,0.02,6,6492,买盘
1274,11:14:01,10.8,--,60,64994,卖盘
1275,11:13:58,10.8,--,7,7560,卖盘
1276,11:13:42,10.8,-0.03,100,108000,卖盘
1277,11:13:37,10.83,0.01,6,7505,买盘
1278,11:13:22,10.82,--,0,0,中性盘
1279,11:13:12,10.82,-0.01,5,5410,卖盘
1280,11:13:01,10.83,0.02,45,48735,买盘
1281,11:12:58,10.81,0.01,7,7567,中性盘
1282,11:12:52,10.8,-0.01,105,113400,卖盘
1283,11:12:43,10.81,0.01,10,10810,买盘
1284,11:12:37,10.8,-0.01,3,3240,卖盘
1285,11:12:31,10.81,-0.02,3,3243,卖盘
1286,11:12:28,10.83,--,0,0,买盘
1287,11:12:22,10.83,0.03,50,55168,买盘
1288,11:12:07,10.8,--,0,0,卖盘
1289,11:12:01,10.8,--,17,18381,卖盘
1290,11:11:58,10.8,-0.03,26,28252,卖盘
1291,11:11:52,10.83,0.04,49,53067,买盘
1292,11:11:46,10.79,-0.02,50,53949,卖盘
1293,11:11:42,10.81,0.01,5,5405,买盘
1294,11:11:31,10.8,0.02,2,2160,买盘
1295,11:11:27,10.78,-0.02,108,116424,卖盘
1296,11:11:22,10.8,0.01,58,63666,买盘
1297,11:10:57,10.79,--,20,21580,买盘
1298,11:10:52,10.79,--,30,32369,中性盘
1299,11:10:46,10.79,--,46,49633,买盘
1300,11:10:42,10.79,--,8,8632,买盘
1301,11:10:37,10.79,--,31,33449,买盘
1302,11:10:27,10.79,-0.01,31,33449,卖盘
1303,11:10:22,10.8,0.01,16,17280,买盘
1304,11:10:16,10.79,-0.01,3,4262,卖盘
1305,11:10:12,10.8,--,4,4320,买盘
1306,11:10:07,10.8,0.02,21,22680,买盘
1307,11:10:01,10.78,--,14,15792,卖盘
1308,11:09:57,10.78,--,34,37223,卖盘
1309,11:09:52,10.78,0.02,1065,1148070,买盘
1310,11:09:42,10.76,--,0,0,卖盘
1311,11:09:37,10.76,--,145,156020,卖盘
1312,11:09:31,10.76,-0.01,82,88232,卖盘
1313,11:09:27,10.77,0.01,20,21540,买盘
1314,11:09:22,10.76,--,4,5336,卖盘
1315,11:09:16,10.76,--,32,34991,买盘
1316,11:09:12,10.76,--,47,50572,买盘
1317,11:09:07,10.76,0.01,7,7532,买盘
1318,11:09:01,10.75,--,223,239725,卖盘
1319,11:08:52,10.75,--,547,588025,买盘
1320,11:08:46,10.75,--,25,26875,买盘
1321,11:08:42,10.75,--,40,43000,买盘
1322,11:08:37,10.75,--,128,137600,买盘
1323,11:08:31,10.75,--,72,77400,买盘
1324,11:08:27,10.75,--,5,5375,买盘
1325,11:08:22,10.75,--,64,69842,买盘
1326,11:08:12,10.75,0.01,21,22575,买盘
1327,11:08:07,10.74,--,22,23628,买盘
1328,11:08:01,10.74,0.01,36,39018,中性盘
1329,11:07:56,10.73,-0.02,40,43832,卖盘
1330,11:07:52,10.75,--,54,58050,买盘
1331,11:07:46,10.75,--,44,47300,买盘
1332,11:07:40,10.75,--,17,18275,买盘
1333,11:07:37,10.75,--,1084,1165300,买盘
1334,11:07:31,10.75,--,146,156993,卖盘
1335,11:07:25,10.75,-0.01,40,43000,卖盘
1336,11:07:22,10.76,0.01,94,101144,买盘
1337,11:07:16,10.75,-0.01,115,124657,卖盘
1338,11:07:10,10.76,--,23,24748,买盘
1339,11:07:07,10.76,0.01,91,97916,买盘
1340,11:07:01,10.75,-0.01,51,54825,卖盘
1341,11:06:55,10.76,--,132,142032,买盘
1342,11:06:52,10.76,-0.01,190,204913,卖盘
1343,11:06:46,10.77,0.01,101,108777,买盘
1344,11:06:40,10.76,--,253,272228,卖盘
1345,11:06:36,10.76,--,55,59180,卖盘
1346,11:06:31,10.76,-0.01,140,150640,卖盘
1347,11:06:25,10.77,--,15,16155,买盘
1348,11:06:21,10.77,--,157,169089,买盘
1349,11:06:16,10.77,--,51,55960,买盘
1350,11:06:10,10.77,--,3,3231,买盘
1351,11:06:06,10.77,-0.01,171,184619,卖盘
1352,11:06:01,10.78,0.01,18,20029,买盘
1353,11:05:55,10.77,--,35,38341,买盘
1354,11:05:51,10.77,-0.01,48,51696,卖盘
1355,11:05:46,10.78,0.01,7,7546,买盘
1356,11:05:40,10.77,-0.01,20,21540,卖盘
1357,11:05:36,10.78,-0.01,12,12936,中性盘
1358,11:05:31,10.79,--,1040,1122160,买盘
1359,11:05:25,10.79,--,74,79846,买盘
1360,11:05:21,10.79,0.01,27,29132,买盘
1361,11:05:16,10.78,-0.01,20,22584,卖盘
1362,11:05:06,10.79,-0.01,39,42081,卖盘
1363,11:05:01,10.8,--,107,115560,买盘
1364,11:04:55,10.8,--,69,74520,买盘
1365,11:04:51,10.8,--,3,3240,买盘
1366,11:04:46,10.8,--,6,6480,买盘
1367,11:04:40,10.8,-0.01,95,102600,卖盘
1368,11:04:36,10.81,--,0,0,中性盘
1369,11:04:31,10.81,--,6,6486,买盘
1370,11:04:25,10.81,--,9,9729,卖盘
1371,11:04:21,10.81,-0.01,639,690759,卖盘
1372,11:04:16,10.82,--,38,42133,买盘
1373,11:04:10,10.82,--,4,4328,买盘
1374,11:04:06,10.82,--,8,8656,买盘
1375,11:04:01,10.82,--,5,5410,买盘
1376,11:03:55,10.82,--,59,64606,卖盘
1377,11:03:51,10.82,0.01,30,32460,卖盘
1378,11:03:46,10.81,--,323,349163,卖盘
1379,11:03:40,10.81,--,0,0,卖盘
1380,11:03:36,10.81,-0.01,18,19458,卖盘
1381,11:03:31,10.82,--,16,17312,卖盘
1382,11:03:25,10.82,--,64,69248,卖盘
1383,11:03:21,10.82,--,6,6492,卖盘
1384,11:03:16,10.82,--,20,22657,买盘
1385,11:03:10,10.82,--,30,32460,买盘
1386,11:03:06,10.82,--,67,72494,卖盘
1387,11:03:01,10.82,--,42,45444,卖盘
1388,11:02:55,10.82,--,60,64920,卖盘
1389,11:02:51,10.82,-0.01,129,139578,卖盘
1390,11:02:46,10.83,0.01,107,115881,买盘
1391,11:02:40,10.82,--,1,1082,买盘
1392,11:02:36,10.82,--,92,99544,买盘
1393,11:02:31,10.82,0.01,12,12984,买盘
1394,11:02:25,10.81,--,21,22701,卖盘
1395,11:02:21,10.81,--,20,21620,卖盘
1396,11:02:16,10.81,--,4,5340,卖盘
1397,11:02:10,10.81,-0.02,10,10810,卖盘
1398,11:02:01,10.83,0.02,31,33573,买盘
1399,11:01:55,10.81,--,149,161263,买盘
1400,11:01:51,10.81,--,10,10810,买盘
1401,11:01:46,10.81,0.01,25,27025,买盘
1402,11:01:40,10.8,-0.01,30,32400,卖盘
1403,11:01:36,10.81,0.01,3,3243,卖盘
1404,11:01:31,10.8,-0.03,35,37800,卖盘
1405,11:01:25,10.83,0.02,50,54150,买盘
1406,11:01:21,10.81,--,56,60600,卖盘
1407,11:01:16,10.81,-0.02,76,83172,卖盘
1408,11:01:10,10.83,--,36,38988,买盘
1409,11:01:06,10.83,-0.01,6,6498,卖盘
1410,11:01:01,10.84,--,4,4336,买盘
1411,11:00:55,10.84,--,70,76085,卖盘
1412,11:00:51,10.84,--,10,10840,卖盘
1413,11:00:46,10.84,--,41,44444,卖盘
1414,11:00:35,10.84,0.03,87,95186,买盘
1415,11:00:31,10.81,0.01,50,54050,买盘
1416,11:00:25,10.8,-0.04,174,188125,卖盘
1417,11:00:21,10.84,0.03,48,52032,买盘
1418,11:00:16,10.81,-0.02,3,4259,卖盘
1419,11:00:10,10.83,0.02,50,54150,买盘
1420,11:00:01,10.81,-0.02,814,879934,卖盘
1421,10:59:55,10.83,0.03,47,51095,买盘
1422,10:59:49,10.8,--,2,2700,卖盘
1423,10:59:46,10.8,--,17,18360,卖盘
1424,10:59:40,10.8,--,20,21600,卖盘
1425,10:59:34,10.8,--,7,7560,卖盘
1426,10:59:31,10.8,--,109,118735,买盘
1427,10:59:25,10.8,--,20,21600,买盘
1428,10:59:19,10.8,--,26,28144,卖盘
1429,10:59:15,10.8,--,6,7495,买盘
1430,10:59:10,10.8,0.01,42,45360,卖盘
1431,10:59:04,10.79,-0.01,67,72293,卖盘
1432,10:59:00,10.8,--,120,129870,买盘
1433,10:58:55,10.8,--,27,29160,买盘
1434,10:58:49,10.8,--,15,16200,买盘
1435,10:58:45,10.8,-0.03,844,912330,卖盘
1436,10:58:40,10.83,0.01,2,2166,买盘
1437,10:58:30,10.82,--,6,6492,卖盘
1438,10:58:25,10.82,--,26,28391,买盘
1439,10:58:15,10.82,--,17,18394,买盘
1440,10:58:10,10.82,-0.02,32,34624,卖盘
1441,10:58:00,10.84,0.02,2,2168,买盘
1442,10:57:55,10.82,0.02,63,68468,买盘
1443,10:57:49,10.8,--,0,0,卖盘
1444,10:57:45,10.8,-0.05,1000,1080000,卖盘
1445,10:57:40,10.85,--,6,6510,卖盘
1446,10:57:34,10.85,0.03,17,18445,买盘
1447,10:57:30,10.82,-0.03,22,23804,卖盘
1448,10:57:25,10.85,0.04,10,10850,买盘
1449,10:57:15,10.81,-0.01,23,25879,卖盘
1450,10:57:10,10.82,--,55,59510,买盘
1451,10:57:04,10.82,-0.03,43,46526,卖盘
1452,10:57:00,10.85,-0.01,36,39060,卖盘
1453,10:56:55,10.86,--,2,2172,买盘
1454,10:56:49,10.86,0.02,48,52128,买盘
1455,10:56:45,10.84,0.04,46,49864,卖盘
1456,10:56:40,10.8,-0.04,1046,1129680,卖盘
1457,10:56:30,10.84,--,7,7588,卖盘
1458,10:56:25,10.84,--,15,16260,卖盘
1459,10:56:19,10.84,--,80,87728,买盘
1460,10:56:15,10.84,--,36,40032,买盘
1461,10:56:10,10.84,--,19,20596,买盘
1462,10:56:04,10.84,--,3008,3260672,买盘
1463,10:56:00,10.84,0.02,2,2168,买盘
1464,10:55:55,10.82,-0.01,118,127697,卖盘
1465,10:55:49,10.83,--,40,43493,中性盘
1466,10:55:45,10.83,0.01,104,112632,中性盘
1467,10:55:40,10.82,-0.01,171,185130,卖盘
1468,10:55:34,10.83,--,71,76893,卖盘
1469,10:55:30,10.83,0.01,544,589152,买盘
1470,10:55:25,10.82,-0.01,63,68166,卖盘
1471,10:55:19,10.83,--,20,21660,买盘
1472,10:55:15,10.83,--,17,19418,买盘
1473,10:55:10,10.83,--,61,66063,买盘
1474,10:55:04,10.83,--,299,323817,卖盘
1475,10:55:00,10.83,-0.01,10,10830,卖盘
1476,10:54:55,10.84,--,119,128996,买盘
1477,10:54:49,10.84,0.01,1,1084,买盘
1478,10:54:45,10.83,-0.01,47,50901,卖盘
1479,10:54:40,10.84,0.02,30,32520,买盘
1480,10:54:34,10.82,-0.01,58,62950,卖盘
1481,10:54:30,10.83,--,20,21660,买盘
1482,10:54:25,10.83,--,81,87723,买盘
1483,10:54:19,10.83,--,216,234577,买盘
1484,10:54:15,10.83,--,24,27010,买盘
1485,10:54:10,10.83,--,171,185193,买盘
1486,10:54:04,10.83,--,16,17328,买盘
1487,10:54:00,10.83,--,5,5415,买盘
1488,10:53:55,10.83,--,96,104856,卖盘
1489,10:53:49,10.83,--,111,120407,卖盘
1490,10:53:45,10.83,--,86,93138,卖盘
1491,10:53:40,10.83,--,20,21660,卖盘
1492,10:53:34,10.83,-0.01,140,151620,买盘
1493,10:53:29,10.84,0.02,47,50948,买盘
1494,10:53:25,10.82,-0.02,123,133086,卖盘
1495,10:53:19,10.84,0.01,1,1084,买盘
1496,10:53:15,10.83,-0.01,120,129960,卖盘
1497,10:53:10,10.84,--,6,6504,卖盘
1498,10:53:04,10.84,-0.01,20,21680,卖盘
1499,10:52:55,10.85,--,639,693315,卖盘
1500,10:52:49,10.85,-0.01,121,131285,卖盘
1501,10:52:43,10.86,0.01,228,247608,买盘
1502,10:52:40,10.85,-0.01,29,31465,卖盘
1503,10:52:34,10.86,--,5,5430,买盘
1504,10:52:28,10.86,--,463,503795,卖盘
1505,10:52:25,10.86,--,40,43440,卖盘
1506,10:52:19,10.86,--,82,89052,卖盘
1507,10:52:13,10.86,-0.01,74,81363,卖盘
1508,10:52:04,10.87,--,47,51088,买盘
1509,10:51:58,10.87,-0.01,1,1087,中性盘
1510,10:51:54,10.88,--,319,347072,买盘
1511,10:51:49,10.88,0.01,133,144899,买盘
1512,10:51:43,10.87,-0.01,40,43480,卖盘
1513,10:51:39,10.88,--,91,99008,买盘
1514,10:51:24,10.88,-0.01,176,192271,卖盘
1515,10:51:19,10.89,0.01,72,78408,卖盘
1516,10:51:13,10.88,--,23,26024,卖盘
1517,10:51:09,10.88,--,70,76160,卖盘
1518,10:51:04,10.88,--,60,65280,卖盘
1519,10:50:58,10.88,-0.01,30,32640,卖盘
1520,10:50:54,10.89,--,46,50094,买盘
1521,10:50:43,10.89,--,4,4356,卖盘
1522,10:50:39,10.89,0.01,2,2178,卖盘
1523,10:50:34,10.88,--,0,0,卖盘
1524,10:50:27,10.88,--,17,18496,卖盘
1525,10:50:24,10.88,--,10,10880,卖盘
1526,10:50:13,10.88,-0.01,104,114142,卖盘
1527,10:50:09,10.89,0.01,4,4356,买盘
1528,10:50:04,10.88,--,2,2176,卖盘
1529,10:49:54,10.88,--,141,153408,卖盘
1530,10:49:49,10.88,-0.02,43,46979,卖盘
1531,10:49:43,10.9,0.01,53,57770,买盘
1532,10:49:39,10.89,--,18,19602,买盘
1533,10:49:33,10.89,--,20,21780,买盘
1534,10:49:28,10.89,--,10,10890,买盘
1535,10:49:24,10.89,--,51,55637,卖盘
1536,10:49:19,10.89,--,30,32670,卖盘
1537,10:49:13,10.89,--,5,6435,卖盘
1538,10:49:03,10.89,--,66,71874,买盘
1539,10:48:58,10.89,--,25,27225,买盘
1540,10:48:49,10.89,--,30,32670,买盘
1541,10:48:43,10.89,-0.01,26,28314,卖盘
1542,10:48:39,10.9,--,48,52320,买盘
1543,10:48:28,10.9,0.01,301,328090,买盘
1544,10:48:12,10.89,--,13,15147,卖盘
1545,10:48:09,10.89,-0.01,8,8712,卖盘
1546,10:48:04,10.9,--,45,49050,买盘
1547,10:47:54,10.9,--,16,17440,买盘
1548,10:47:49,10.9,0.01,5,5450,买盘
1549,10:47:43,10.89,-0.01,96,104740,卖盘
1550,10:47:28,10.9,--,41,44690,买盘
1551,10:47:24,10.9,0.01,49,53410,买盘
1552,10:47:19,10.89,--,84,91476,卖盘
1553,10:47:13,10.89,-0.01,13,15147,卖盘
1554,10:47:09,10.9,--,8,8720,买盘
1555,10:47:04,10.9,0.01,114,124260,买盘
1556,10:46:57,10.89,-0.01,46,50094,卖盘
1557,10:46:43,10.9,0.01,60,65400,买盘
1558,10:46:28,10.89,--,75,81675,卖盘
1559,10:46:24,10.89,--,16,17424,卖盘
1560,10:46:18,10.89,--,35,38115,卖盘
1561,10:46:12,10.89,--,67,73953,卖盘
1562,10:46:08,10.89,--,135,147015,卖盘
1563,10:46:04,10.89,0.01,112,121968,买盘
1564,10:45:57,10.88,--,36,40245,卖盘
1565,10:45:51,10.88,--,28,30464,卖盘
1566,10:45:43,10.88,-0.01,53,57859,卖盘
1567,10:45:37,10.89,0.01,22,23958,买盘
1568,10:45:33,10.88,-0.01,20,21760,卖盘
1569,10:45:28,10.89,0.01,10,10890,买盘
1570,10:45:22,10.88,--,86,93568,卖盘
1571,10:45:19,10.88,--,10,10880,卖盘
1572,10:45:13,10.88,-0.01,43,47784,卖盘
1573,10:45:07,10.89,--,61,66429,买盘
1574,10:45:03,10.89,--,49,53361,买盘
1575,10:44:51,10.89,--,98,106820,卖盘
1576,10:44:48,10.89,--,4,4356,卖盘
1577,10:44:42,10.89,--,22,23958,卖盘
1578,10:44:36,10.89,--,30,32670,卖盘
1579,10:44:33,10.89,--,191,207999,卖盘
1580,10:44:28,10.89,--,295,321255,卖盘
1581,10:44:22,10.89,--,20,21780,卖盘
1582,10:44:18,10.89,-0.01,144,156816,卖盘
1583,10:44:06,10.9,--,18,20393,卖盘
1584,10:44:03,10.9,--,304,331360,卖盘
1585,10:43:57,10.9,-0.01,251,273590,卖盘
1586,10:43:51,10.91,0.01,47,51277,买盘
1587,10:43:48,10.9,--,230,250700,卖盘
1588,10:43:42,10.9,--,212,231276,卖盘
1589,10:43:33,10.9,--,638,696281,卖盘
1590,10:43:27,10.9,--,100,109000,卖盘
1591,10:43:21,10.9,--,3,3270,卖盘
1592,10:43:18,10.9,--,117,127530,卖盘
1593,10:43:12,10.9,--,28,31511,卖盘
1594,10:43:06,10.9,--,10,10900,卖盘
1595,10:43:03,10.9,-0.01,62,67580,卖盘
1596,10:42:57,10.91,--,13,14183,买盘
1597,10:42:51,10.91,0.01,13,14183,买盘
1598,10:42:48,10.9,-0.02,2,2180,卖盘
1599,10:42:42,10.92,0.01,48,52416,买盘
1600,10:42:36,10.91,-0.01,98,106928,卖盘
1601,10:42:33,10.92,0.01,28,30576,买盘
1602,10:42:27,10.91,--,30,32730,卖盘
1603,10:42:21,10.91,--,30,32730,卖盘
1604,10:42:12,10.91,--,3,4254,卖盘
1605,10:42:06,10.91,-0.02,169,184379,卖盘
1606,10:42:03,10.93,0.02,6,6558,买盘
1607,10:41:57,10.91,--,5,5455,卖盘
1608,10:41:48,10.91,--,85,92735,卖盘
1609,10:41:42,10.91,--,24,26533,卖盘
1610,10:41:36,10.91,-0.01,50,55488,卖盘
1611,10:41:18,10.92,0.01,1,1092,买盘
1612,10:41:12,10.91,-0.01,3,4265,卖盘
1613,10:41:06,10.92,0.01,50,54600,买盘
1614,10:40:57,10.91,-0.01,8,8728,卖盘
1615,10:40:51,10.92,-0.01,35,38798,卖盘
1616,10:40:42,10.93,--,11,12023,买盘
1617,10:40:36,10.93,--,48,52464,买盘
1618,10:40:27,10.93,0.01,8,8744,买盘
1619,10:40:21,10.92,--,10,10920,卖盘
1620,10:40:12,10.92,--,3,4258,卖盘
1621,10:40:06,10.92,--,5,5460,卖盘
1622,10:40:03,10.92,--,1,1092,卖盘
1623,10:39:57,10.92,--,7,7851,卖盘
1624,10:39:51,10.92,--,8,8736,卖盘
1625,10:39:47,10.92,--,6,6552,卖盘
1626,10:39:42,10.92,-0.01,29,32214,卖盘
1627,10:39:36,10.93,0.01,41,44867,买盘
1628,10:39:21,10.92,-0.01,1,1092,卖盘
1629,10:39:12,10.93,0.01,51,56726,买盘
1630,10:39:06,10.92,--,10,10920,卖盘
1631,10:39:03,10.92,--,8,8736,卖盘
1632,10:38:51,10.92,--,61,67627,买盘
1633,10:38:46,10.92,--,10,10920,买盘
1634,10:38:42,10.92,--,50,54676,卖盘
1635,10:38:36,10.92,--,16,17472,卖盘
1636,10:38:27,10.92,-0.01,8,8736,卖盘
1637,10:38:21,10.93,0.01,3,3279,买盘
1638,10:38:17,10.92,-0.01,85,92820,卖盘
1639,10:38:12,10.93,0.01,15,17378,买盘
1640,10:38:06,10.92,-0.01,6,6552,卖盘
1641,10:38:00,10.93,--,5,5465,买盘
1642,10:37:57,10.93,0.01,50,54650,买盘
1643,10:37:45,10.92,--,0,0,卖盘
1644,10:37:36,10.92,-0.01,60,65716,卖盘
1645,10:37:27,10.93,--,63,68859,卖盘
1646,10:37:12,10.93,--,3,4251,卖盘
1647,10:37:00,10.93,-0.01,1,1093,卖盘
1648,10:36:57,10.94,-0.01,3,3282,买盘
1649,10:36:51,10.95,0.01,5,5475,卖盘
1650,10:36:45,10.94,--,5,5470,买盘
1651,10:36:42,10.94,-0.01,49,53606,卖盘
1652,10:36:36,10.95,0.02,2,2190,买盘
1653,10:36:30,10.93,--,0,0,卖盘
1654,10:36:27,10.93,-0.01,108,118044,卖盘
1655,10:36:21,10.94,-0.01,48,52512,卖盘
1656,10:36:15,10.95,0.01,18,19710,卖盘
1657,10:36:00,10.94,-0.02,111,121434,卖盘
1658,10:35:57,10.96,0.02,29,31784,买盘
1659,10:35:51,10.94,-0.01,113,123622,卖盘
1660,10:35:45,10.95,-0.01,46,50370,卖盘
1661,10:35:42,10.96,0.01,48,52608,买盘
1662,10:35:36,10.95,0.01,43,47282,卖盘
1663,10:35:30,10.94,-0.01,120,131280,卖盘
1664,10:35:21,10.95,--,13,14234,买盘
1665,10:35:15,10.95,0.01,34,37230,买盘
1666,10:35:06,10.94,-0.01,3,4255,卖盘
1667,10:35:00,10.95,--,154,168630,买盘
1668,10:34:57,10.95,0.01,87,95265,买盘
1669,10:34:51,10.94,-0.01,26,28444,卖盘
1670,10:34:45,10.95,--,15,16425,买盘
1671,10:34:42,10.95,--,0,0,买盘
1672,10:34:36,10.95,--,794,869430,买盘
1673,10:34:30,10.95,--,121,132495,买盘
1674,10:34:27,10.95,0.01,47,51465,买盘
1675,10:34:15,10.94,--,201,219894,卖盘
1676,10:34:12,10.94,--,9,10830,买盘
1677,10:34:06,10.94,--,200,218800,买盘
1678,10:34:00,10.94,0.01,110,120340,买盘
1679,10:33:45,10.93,--,40,43720,买盘
1680,10:33:36,10.93,-0.01,54,59218,买盘
1681,10:33:30,10.94,0.02,35,38290,买盘
1682,10:33:27,10.92,--,42,45864,卖盘
1683,10:33:21,10.92,-0.02,105,114660,卖盘
1684,10:33:15,10.94,0.01,47,51418,买盘
1685,10:33:06,10.93,--,115,126525,买盘
1686,10:32:56,10.93,--,2,2186,买盘
1687,10:32:51,10.93,--,5,5465,买盘
1688,10:32:45,10.93,--,165,180498,卖盘
1689,10:32:36,10.93,-0.01,30,32790,卖盘
1690,10:32:30,10.94,0.01,20,21880,买盘
1691,10:32:21,10.93,--,60,65580,卖盘
1692,10:32:15,10.93,-0.01,5,5465,卖盘
1693,10:32:11,10.94,--,27,30511,买盘
1694,10:32:06,10.94,0.01,49,53606,买盘
1695,10:32:00,10.93,--,1,1093,卖盘
1696,10:31:56,10.93,-0.01,2,2186,卖盘
1697,10:31:51,10.94,0.01,2,2188,买盘
1698,10:31:45,10.93,--,2,2186,卖盘
1699,10:31:41,10.93,-0.01,34,37162,卖盘
1700,10:31:36,10.94,0.01,22,24243,买盘
1701,10:31:30,10.93,-0.01,42,45927,卖盘
1702,10:31:26,10.94,0.01,9,9846,买盘
1703,10:31:21,10.93,-0.01,10,10930,卖盘
1704,10:31:15,10.94,0.01,1,1094,买盘
1705,10:31:11,10.93,--,8,8744,卖盘
1706,10:31:06,10.93,-0.01,9,10820,卖盘
1707,10:31:00,10.94,--,57,62358,买盘
1708,10:30:56,10.94,0.01,9,9846,买盘
1709,10:30:51,10.93,-0.01,23,25139,卖盘
1710,10:30:45,10.94,--,77,84238,买盘
1711,10:30:36,10.94,--,2,2188,买盘
1712,10:30:21,10.94,0.01,20,21880,买盘
1713,10:30:06,10.93,-0.01,3,4251,卖盘
1714,10:29:51,10.94,--,0,0,买盘
1715,10:29:45,10.94,0.02,48,52512,买盘
1716,10:29:39,10.92,--,11,12012,卖盘
1717,10:29:36,10.92,--,10,10920,卖盘
1718,10:29:30,10.92,-0.01,57,63314,卖盘
1719,10:29:24,10.93,0.01,46,50278,买盘
1720,10:29:15,10.92,-0.01,22,24024,卖盘
1721,10:29:09,10.93,--,10,10930,买盘
1722,10:29:06,10.93,--,2,2186,买盘
1723,10:29:00,10.93,-0.01,35,38364,卖盘
1724,10:28:51,10.94,--,5,5470,买盘
1725,10:28:39,10.94,--,5,5470,买盘
1726,10:28:36,10.94,0.01,47,51418,买盘
1727,10:28:30,10.93,-0.01,52,56836,卖盘
1728,10:28:24,10.94,--,5,5470,买盘
1729,10:28:15,10.94,0.01,24,26256,买盘
1730,10:28:09,10.93,--,3,4262,卖盘
1731,10:27:54,10.93,--,25,27325,买盘
1732,10:27:51,10.93,0.01,2,2186,买盘
1733,10:27:45,10.92,-0.01,10,10920,卖盘
1734,10:27:39,10.93,--,64,69952,买盘
1735,10:27:36,10.93,0.01,3,3279,买盘
1736,10:27:30,10.92,-0.01,56,61348,卖盘
1737,10:27:24,10.93,--,33,36069,买盘
1738,10:27:21,10.93,0.01,4,4372,买盘
1739,10:27:15,10.92,-0.01,33,37018,卖盘
1740,10:27:00,10.93,--,13,14209,买盘
1741,10:26:54,10.93,--,20,21860,卖盘
1742,10:26:51,10.93,--,18,19674,卖盘
1743,10:26:39,10.93,--,17,18581,买盘
1744,10:26:36,10.93,--,46,50278,买盘
1745,10:26:30,10.93,--,17,18581,买盘
1746,10:26:24,10.93,--,2,2186,买盘
1747,10:26:21,10.93,0.01,155,169415,买盘
1748,10:26:15,10.92,-0.01,3,3276,卖盘
1749,10:26:09,10.93,0.01,7,8634,买盘
1750,10:25:50,10.92,0.01,297,324422,买盘
1751,10:25:45,10.91,-0.01,6,6546,卖盘
1752,10:25:39,10.92,--,4,4368,买盘
1753,10:25:30,10.92,--,51,55888,买盘
1754,10:25:24,10.92,0.01,4,4368,买盘
1755,10:25:20,10.91,-0.01,21,22911,卖盘
1756,10:25:15,10.92,0.01,4,4368,买盘
1757,10:25:09,10.91,-0.01,13,15164,卖盘
1758,10:25:00,10.92,--,66,72072,买盘
1759,10:24:50,10.92,--,15,16380,买盘
1760,10:24:45,10.92,0.01,24,26208,买盘
1761,10:24:39,10.91,--,14,15274,卖盘
1762,10:24:35,10.91,--,3,3273,卖盘
1763,10:24:30,10.91,-0.01,30,32730,卖盘
1764,10:24:24,10.92,--,1,1092,买盘
1765,10:24:20,10.92,0.01,17,18564,买盘
1766,10:24:15,10.91,-0.01,20,21820,卖盘
1767,10:24:09,10.92,--,36,39312,买盘
1768,10:24:00,10.92,-0.01,14,15288,卖盘
1769,10:23:54,10.93,--,51,55743,买盘
1770,10:23:45,10.93,--,2,2186,买盘
1771,10:23:30,10.93,0.02,53,58453,买盘
1772,10:23:24,10.91,-0.01,48,53131,卖盘
1773,10:23:18,10.92,--,11,12012,买盘
1774,10:23:15,10.92,0.01,25,27300,买盘
1775,10:23:09,10.91,--,3,4254,卖盘
1776,10:23:03,10.91,--,3,3273,卖盘
1777,10:22:54,10.91,-0.02,39,42549,卖盘
1778,10:22:39,10.93,0.02,47,51371,买盘
1779,10:22:33,10.91,-0.02,35,38185,卖盘
1780,10:22:30,10.93,0.02,5,5465,买盘
1781,10:22:24,10.91,--,95,103645,卖盘
1782,10:22:18,10.91,-0.02,3,4265,卖盘
1783,10:22:09,10.93,0.02,10,10930,买盘
1784,10:22:03,10.91,-0.02,2,2182,卖盘
1785,10:21:54,10.93,0.02,10,10930,买盘
1786,10:21:48,10.91,-0.02,24,26184,卖盘
1787,10:21:39,10.93,--,1,1093,买盘
1788,10:21:30,10.93,0.02,47,51371,买盘
1789,10:21:24,10.91,--,46,50382,卖盘
1790,10:21:18,10.91,-0.01,6,7527,卖盘
1791,10:21:09,10.92,-0.01,13,14196,卖盘
1792,10:20:48,10.93,--,0,0,买盘
1793,10:20:39,10.93,0.02,31,33883,买盘
1794,10:20:24,10.91,-0.03,23,25093,卖盘
1795,10:20:18,10.94,0.03,50,55684,买盘
1796,10:20:09,10.91,--,16,17456,卖盘
1797,10:20:03,10.91,-0.01,48,52368,卖盘
1798,10:19:54,10.92,0.01,21,22932,买盘
1799,10:19:48,10.91,-0.01,25,27275,卖盘
1800,10:19:44,10.92,0.01,1,1092,买盘
1801,10:19:39,10.91,--,3,3273,卖盘
1802,10:19:24,10.91,--,148,161664,卖盘
1803,10:19:18,10.91,--,94,103437,买盘
1804,10:19:14,10.91,0.01,55,60005,买盘
1805,10:19:09,10.9,--,49,53410,卖盘
1806,10:19:03,10.9,--,86,93740,卖盘
1807,10:18:54,10.9,--,1,1090,卖盘
1808,10:18:48,10.9,-0.01,7,7630,卖盘
1809,10:18:44,10.91,0.01,1,1091,买盘
1810,10:18:39,10.9,-0.01,20,21800,卖盘
1811,10:18:33,10.91,--,2,2182,买盘
1812,10:18:29,10.91,-0.01,55,60114,卖盘
1813,10:18:24,10.92,0.01,116,126672,买盘
1814,10:18:18,10.91,-0.02,3,4254,卖盘
1815,10:18:09,10.93,-0.01,3,3279,中性盘
1816,10:18:03,10.94,0.02,52,57894,买盘
1817,10:17:59,10.92,--,15,16380,卖盘
1818,10:17:54,10.92,--,70,76440,卖盘
1819,10:17:33,10.92,--,9,9828,卖盘
1820,10:17:24,10.92,-0.01,53,58072,卖盘
1821,10:17:18,10.93,-0.01,87,96030,卖盘
1822,10:17:14,10.94,0.01,5,5470,买盘
1823,10:17:09,10.93,-0.01,20,21860,卖盘
1824,10:17:03,10.94,--,66,72204,卖盘
1825,10:16:59,10.94,-0.01,44,48136,卖盘
1826,10:16:48,10.95,--,0,0,买盘
1827,10:16:44,10.95,0.01,94,102930,买盘
1828,10:16:33,10.94,--,45,49230,卖盘
1829,10:16:29,10.94,-0.01,3,3282,卖盘
1830,10:16:24,10.95,--,10,10950,买盘
1831,10:16:18,10.95,0.01,2,2190,买盘
1832,10:16:14,10.94,--,13,15195,卖盘
1833,10:16:09,10.94,--,102,111588,卖盘
1834,10:16:03,10.94,--,11,12034,卖盘
1835,10:15:54,10.94,--,5,5470,卖盘
1836,10:15:48,10.94,--,11,12034,卖盘
1837,10:15:42,10.94,-0.01,12,13128,卖盘
1838,10:15:39,10.95,0.01,3,3285,买盘
1839,10:15:33,10.94,0.01,73,79862,买盘
1840,10:15:23,10.93,-0.01,43,47195,卖盘
1841,10:15:18,10.94,--,4,4376,买盘
1842,10:15:12,10.94,--,29,31846,卖盘
1843,10:15:03,10.94,--,8,8752,卖盘
1844,10:14:53,10.94,--,30,32820,卖盘
1845,10:14:48,10.94,-0.02,42,45948,卖盘
1846,10:14:42,10.96,0.02,352,385792,买盘
1847,10:14:38,10.94,--,504,552349,卖盘
1848,10:14:33,10.94,0.01,38,41572,卖盘
1849,10:14:23,10.93,-0.01,62,67766,卖盘
1850,10:14:18,10.94,--,232,253808,买盘
1851,10:14:12,10.94,--,11,13007,买盘
1852,10:14:03,10.94,--,56,61264,买盘
1853,10:13:57,10.94,0.01,15,16410,买盘
1854,10:13:53,10.93,--,5,5465,卖盘
1855,10:13:48,10.93,--,25,27325,卖盘
1856,10:13:42,10.93,--,204,222972,卖盘
1857,10:13:33,10.93,--,5,5465,卖盘
1858,10:13:23,10.93,--,44,48758,卖盘
1859,10:13:18,10.93,0.01,51,56366,买盘
1860,10:13:12,10.92,-0.01,52,57766,卖盘
1861,10:13:08,10.93,0.01,5,5465,买盘
1862,10:13:03,10.92,-0.01,46,50232,卖盘
1863,10:12:57,10.93,0.01,7,7651,买盘
1864,10:12:53,10.92,--,2,2184,卖盘
1865,10:12:48,10.92,-0.01,13,14196,卖盘
1866,10:12:42,10.93,0.01,5,5465,买盘
1867,10:12:33,10.92,--,23,25116,卖盘
1868,10:12:27,10.92,-0.01,145,158340,卖盘
1869,10:12:18,10.93,0.01,51,55743,买盘
1870,10:12:12,10.92,--,3,4258,卖盘
1871,10:12:03,10.92,--,25,27300,买盘
1872,10:11:57,10.92,--,15,16380,买盘
1873,10:11:48,10.92,--,12,13104,买盘
1874,10:11:38,10.92,0.01,2,2184,买盘
1875,10:11:33,10.91,--,4,4364,卖盘
1876,10:11:27,10.91,--,30,32730,卖盘
1877,10:11:23,10.91,-0.01,10,10910,中性盘
1878,10:11:18,10.92,0.01,53,58072,中性盘
1879,10:11:12,10.91,--,138,151550,买盘
1880,10:11:08,10.91,--,32,34912,卖盘
1881,10:11:03,10.91,--,4,4364,买盘
1882,10:10:57,10.91,--,7,7637,卖盘
1883,10:10:48,10.91,--,47,51277,买盘
1884,10:10:42,10.91,0.01,3,3273,中性盘
1885,10:10:38,10.9,-0.01,300,327000,卖盘
1886,10:10:33,10.91,--,200,218200,卖盘
1887,10:10:23,10.91,--,2,2182,卖盘
1888,10:10:18,10.91,--,0,0,卖盘
1889,10:10:12,10.91,-0.01,738,806139,卖盘
1890,10:10:08,10.92,--,100,109200,买盘
1891,10:10:03,10.92,0.01,50,54600,买盘
1892,10:09:57,10.91,-0.01,107,117773,卖盘
1893,10:09:53,10.92,--,2,2184,买盘
1894,10:09:48,10.92,0.01,7,7644,买盘
1895,10:09:42,10.91,-0.01,10,10910,卖盘
1896,10:09:38,10.92,--,47,51324,买盘
1897,10:09:33,10.92,--,5,5460,买盘
1898,10:09:27,10.92,--,1,1092,买盘
1899,10:09:23,10.92,-0.01,36,39344,中性盘
1900,10:09:18,10.93,0.01,64,70170,买盘
1901,10:09:12,10.92,-0.01,5,6442,卖盘
1902,10:09:08,10.93,--,7,7651,买盘
1903,10:09:03,10.93,0.01,210,229530,买盘
1904,10:08:57,10.92,--,10,10920,卖盘
1905,10:08:51,10.92,--,19,20748,卖盘
1906,10:08:48,10.92,-0.01,26,28392,卖盘
1907,10:08:42,10.93,0.01,5,5465,买盘
1908,10:08:36,10.92,-0.01,60,65520,卖盘
1909,10:08:33,10.93,0.01,3,3279,卖盘
1910,10:08:27,10.92,-0.01,53,57876,卖盘
1911,10:08:21,10.93,--,30,32790,买盘
1912,10:08:18,10.93,0.01,25,27325,买盘
1913,10:08:12,10.92,--,24,27190,卖盘
1914,10:08:06,10.92,--,12,13104,卖盘
1915,10:08:02,10.92,-0.01,12,13104,卖盘
1916,10:07:57,10.93,--,42,45906,买盘
1917,10:07:51,10.93,--,1,1093,买盘
1918,10:07:42,10.93,0.02,14,15302,买盘
1919,10:07:36,10.91,-0.02,13,15044,卖盘
1920,10:07:32,10.93,--,6,6558,买盘
1921,10:07:27,10.93,0.01,10,10930,买盘
1922,10:07:17,10.92,-0.01,87,95550,卖盘
1923,10:07:12,10.93,-0.01,3,4251,卖盘
1924,10:07:06,10.94,0.02,49,53606,买盘
1925,10:06:57,10.92,-0.01,46,50232,卖盘
1926,10:06:51,10.93,--,15,16395,买盘
1927,10:06:42,10.93,--,29,31697,买盘
1928,10:06:36,10.93,--,13,14209,买盘
1929,10:06:27,10.93,--,53,57929,卖盘
1930,10:06:21,10.93,-0.02,59,64487,卖盘
1931,10:06:17,10.95,--,48,52560,买盘
1932,10:06:06,10.95,0.01,137,150124,买盘
1933,10:06:02,10.94,--,53,57982,卖盘
1934,10:05:57,10.94,--,22,24068,卖盘
1935,10:05:51,10.94,0.01,37,41462,买盘
1936,10:05:47,10.93,0.01,10,10930,卖盘
1937,10:05:36,10.92,-0.01,20,22156,卖盘
1938,10:05:32,10.93,--,24,26232,买盘
1939,10:05:27,10.93,--,127,138811,买盘
1940,10:05:21,10.93,0.01,29,31697,买盘
1941,10:05:17,10.92,-0.01,15,16380,卖盘
1942,10:05:12,10.93,--,23,26122,买盘
1943,10:05:06,10.93,--,15,16395,买盘
1944,10:04:57,10.93,0.01,121,132253,买盘
1945,10:04:51,10.92,0.01,69,75544,买盘
1946,10:04:47,10.91,-0.01,3,3273,卖盘
1947,10:04:42,10.92,0.01,20,21840,买盘
1948,10:04:32,10.91,0.01,112,122279,买盘
1949,10:04:27,10.9,-0.01,24,26160,卖盘
1950,10:04:21,10.91,--,108,117828,买盘
1951,10:04:17,10.91,--,94,102554,买盘
1952,10:04:12,10.91,--,25,28256,买盘
1953,10:04:06,10.91,--,43,46913,买盘
1954,10:04:02,10.91,0.01,153,166923,买盘
1955,10:03:51,10.9,-0.01,2,2180,卖盘
1956,10:03:47,10.91,0.02,210,229110,买盘
1957,10:03:42,10.89,-0.01,79,86031,卖盘
1958,10:03:36,10.9,0.01,80,87200,买盘
1959,10:03:27,10.89,--,6,6534,卖盘
1960,10:03:21,10.89,--,6,7524,买盘
1961,10:03:17,10.89,--,667,726363,买盘
1962,10:03:12,10.89,--,43,47828,买盘
1963,10:03:06,10.89,--,308,335412,买盘
1964,10:03:02,10.89,--,344,374616,买盘
1965,10:02:57,10.89,--,221,240669,买盘
1966,10:02:51,10.89,0.01,58,63162,买盘
1967,10:02:47,10.88,-0.01,132,143616,卖盘
1968,10:02:42,10.89,0.01,37,40293,买盘
1969,10:02:36,10.88,--,69,75267,卖盘
1970,10:02:32,10.88,-0.01,62,67456,卖盘
1971,10:02:27,10.89,--,5,5445,买盘
1972,10:02:21,10.89,--,115,125507,买盘
1973,10:02:17,10.89,0.01,240,261360,买盘
1974,10:02:12,10.88,-0.01,38,42334,卖盘
1975,10:02:06,10.89,0.01,54,58806,买盘
1976,10:02:02,10.88,-0.01,103,112064,卖盘
1977,10:01:57,10.89,--,83,90387,买盘
1978,10:01:51,10.89,--,68,74052,买盘
1979,10:01:41,10.89,--,40,43560,买盘
1980,10:01:36,10.89,--,310,337590,买盘
1981,10:01:30,10.89,--,18,19602,买盘
1982,10:01:26,10.89,--,88,95832,买盘
1983,10:01:21,10.89,--,322,350658,买盘
1984,10:01:15,10.89,0.01,16,17424,买盘
1985,10:01:11,10.88,--,3,4264,卖盘
1986,10:01:06,10.88,-0.01,159,172992,卖盘
1987,10:01:00,10.89,0.01,65,70785,买盘
1988,10:00:51,10.88,-0.01,120,130560,卖盘
1989,10:00:45,10.89,--,28,30492,买盘
1990,10:00:41,10.89,0.01,20,21780,买盘
1991,10:00:36,10.88,-0.01,83,90499,卖盘
1992,10:00:30,10.89,--,445,484703,卖盘
1993,10:00:26,10.89,-0.01,2,2178,卖盘
1994,10:00:21,10.9,--,2,2180,买盘
1995,10:00:15,10.9,0.01,81,88290,买盘
1996,10:00:11,10.89,-0.01,85,93555,卖盘
1997,10:00:06,10.9,--,343,373870,买盘
1998,10:00:00,10.9,--,52,56680,买盘
1999,09:59:56,10.9,--,26,28340,买盘
2000,09:59:51,10.9,--,54,58860,买盘
2001,09:59:45,10.9,--,101,110090,买盘
2002,09:59:41,10.9,--,165,179850,卖盘
2003,09:59:36,10.9,--,47,51230,卖盘
2004,09:59:30,10.9,-0.01,2,2180,卖盘
2005,09:59:26,10.91,0.01,67,73097,买盘
2006,09:59:21,10.9,--,100,109000,买盘
2007,09:59:15,10.9,--,26,28340,买盘
2008,09:59:11,10.9,--,52,57671,买盘
2009,09:59:06,10.9,0.01,27,29430,买盘
2010,09:59:00,10.89,-0.01,60,65340,卖盘
2011,09:58:56,10.9,--,1,1090,买盘
2012,09:58:51,10.9,--,7,7630,买盘
2013,09:58:45,10.9,--,31,34792,卖盘
2014,09:58:36,10.9,--,90,98296,卖盘
2015,09:58:26,10.9,--,39,42510,卖盘
2016,09:58:20,10.9,--,20,21800,卖盘
2017,09:58:15,10.9,--,165,179850,卖盘
2018,09:58:11,10.9,--,51,56571,卖盘
2019,09:58:00,10.9,--,8,8720,卖盘
2020,09:57:56,10.9,--,50,54500,卖盘
2021,09:57:51,10.9,--,60,65400,卖盘
2022,09:57:45,10.9,--,14,15260,卖盘
2023,09:57:41,10.9,--,14,15260,卖盘
2024,09:57:36,10.9,--,110,119900,卖盘
2025,09:57:30,10.9,--,3,3270,卖盘
2026,09:57:26,10.9,--,5,5450,卖盘
2027,09:57:21,10.9,--,4,4360,卖盘
2028,09:57:15,10.9,--,27,29430,卖盘
2029,09:57:11,10.9,--,3,4261,卖盘
2030,09:57:06,10.9,--,84,91560,卖盘
2031,09:57:00,10.9,--,66,71940,卖盘
2032,09:56:56,10.9,-0.01,82,89380,卖盘
2033,09:56:51,10.91,0.01,26,28366,买盘
2034,09:56:45,10.9,-0.01,69,75210,卖盘
2035,09:56:41,10.91,0.01,47,51277,买盘
2036,09:56:36,10.9,--,14,15728,卖盘
2037,09:56:30,10.9,-0.01,47,52047,卖盘
2038,09:56:26,10.91,0.01,6,6546,买盘
2039,09:56:15,10.9,--,68,74120,卖盘
2040,09:56:11,10.9,-0.01,23,26061,卖盘
2041,09:56:06,10.91,--,16,17456,买盘
2042,09:56:00,10.91,--,14,15274,买盘
2043,09:55:56,10.91,0.01,64,69824,买盘
2044,09:55:50,10.9,-0.01,8,8720,卖盘
2045,09:55:45,10.91,--,101,110191,买盘
2046,09:55:40,10.91,--,61,66649,卖盘
2047,09:55:30,10.91,--,139,151649,卖盘
2048,09:55:26,10.91,--,59,64369,卖盘
2049,09:55:21,10.91,--,4,4364,卖盘
2050,09:55:10,10.91,--,11,12993,买盘
2051,09:55:06,10.91,--,32,34912,卖盘
2052,09:55:00,10.91,0.01,2,2182,买盘
2053,09:54:54,10.9,-0.01,390,425100,卖盘
2054,09:54:50,10.91,0.01,5,5455,买盘
2055,09:54:45,10.9,-0.01,23,25070,卖盘
2056,09:54:39,10.91,--,40,43640,买盘
2057,09:54:35,10.91,0.01,17,18907,买盘
2058,09:54:30,10.9,-0.01,533,581896,卖盘
2059,09:54:24,10.91,-0.01,42,45822,卖盘
2060,09:54:20,10.92,--,5,5460,买盘
2061,09:54:15,10.92,--,82,89544,买盘
2062,09:54:09,10.92,0.01,13,15178,买盘
2063,09:54:05,10.91,--,8,8728,卖盘
2064,09:54:00,10.91,-0.01,203,221473,卖盘
2065,09:53:54,10.92,0.01,10,10920,买盘
2066,09:53:50,10.91,--,15,16365,卖盘
2067,09:53:39,10.91,-0.01,57,62187,卖盘
2068,09:53:35,10.92,0.01,4,4368,买盘
2069,09:53:30,10.91,-0.01,23,25093,卖盘
2070,09:53:24,10.92,--,21,22932,买盘
2071,09:53:15,10.92,--,128,140551,卖盘
2072,09:53:09,10.92,--,62,68686,卖盘
2073,09:53:00,10.92,-0.01,24,26208,卖盘
2074,09:52:54,10.93,--,6,6558,买盘
2075,09:52:50,10.93,--,6,6558,买盘
2076,09:52:45,10.93,0.01,47,51371,买盘
2077,09:52:39,10.92,--,30,32760,卖盘
2078,09:52:35,10.92,-0.01,10,10920,卖盘
2079,09:52:30,10.93,--,145,158485,买盘
2080,09:52:24,10.93,--,27,29511,买盘
2081,09:52:15,10.93,--,15,16395,买盘
2082,09:52:09,10.93,--,78,86237,买盘
2083,09:52:05,10.93,--,40,43720,买盘
2084,09:51:59,10.93,--,59,64487,买盘
2085,09:51:50,10.93,0.01,20,21860,买盘
2086,09:51:39,10.92,-0.02,43,46956,卖盘
2087,09:51:35,10.94,0.01,10,10940,买盘
2088,09:51:29,10.93,--,1,1093,卖盘
2089,09:51:24,10.93,--,7,7651,卖盘
2090,09:51:20,10.93,--,18,19674,卖盘
2091,09:51:14,10.93,--,10,10930,卖盘
2092,09:51:09,10.93,--,112,123388,卖盘
2093,09:51:05,10.93,--,64,69952,卖盘
2094,09:50:54,10.93,--,11,12023,卖盘
2095,09:50:50,10.93,-0.01,21,22953,卖盘
2096,09:50:44,10.94,0.01,46,50324,买盘
2097,09:50:39,10.93,-0.01,9,9837,卖盘
2098,09:50:35,10.94,--,5,5470,买盘
2099,09:50:29,10.94,--,5,5470,买盘
2100,09:50:24,10.94,--,28,30632,买盘
2101,09:50:20,10.94,--,115,125919,卖盘
2102,09:50:09,10.94,-0.01,41,45838,卖盘
2103,09:50:05,10.95,--,20,21900,买盘
2104,09:49:54,10.95,-0.01,557,610572,卖盘
2105,09:49:50,10.96,0.01,28,30688,买盘
2106,09:49:44,10.95,-0.01,10,10950,卖盘
2107,09:49:39,10.96,0.01,59,64664,买盘
2108,09:49:34,10.95,-0.01,27,29564,卖盘
2109,09:49:20,10.96,0.01,36,39456,中性盘
2110,09:49:14,10.95,-0.01,26,28469,卖盘
2111,09:49:09,10.96,--,14,16319,买盘
2112,09:49:05,10.96,-0.01,11,12056,中性盘
2113,09:48:59,10.97,--,55,60335,买盘
2114,09:48:54,10.97,--,5,5485,买盘
2115,09:48:50,10.97,0.01,42,46074,买盘
2116,09:48:39,10.96,-0.01,1,1096,卖盘
2117,09:48:34,10.97,0.01,32,35104,中性盘
2118,09:48:29,10.96,-0.01,54,59184,卖盘
2119,09:48:24,10.97,--,87,95439,卖盘
2120,09:48:19,10.97,0.02,69,75693,买盘
2121,09:48:14,10.95,--,38,41610,卖盘
2122,09:48:09,10.95,-0.02,68,75434,卖盘
2123,09:48:04,10.97,--,2,2194,买盘
2124,09:47:59,10.97,0.02,1,1097,买盘
2125,09:47:54,10.95,-0.01,29,31754,卖盘
2126,09:47:48,10.96,0.01,2,2192,中性盘
2127,09:47:44,10.95,--,7,7664,卖盘
2128,09:47:39,10.95,--,25,28371,卖盘
2129,09:47:33,10.95,0.01,211,231822,买盘
2130,09:47:29,10.94,--,36,39384,卖盘
2131,09:47:24,10.94,-0.01,91,99904,卖盘
2132,09:47:18,10.95,--,64,70824,买盘
2133,09:47:14,10.95,0.02,63,68985,买盘
2134,09:47:09,10.93,-0.01,187,205363,卖盘
2135,09:47:03,10.94,--,43,47042,卖盘
2136,09:46:54,10.94,--,5,5470,卖盘
2137,09:46:48,10.94,0.01,8,8752,买盘
2138,09:46:44,10.93,-0.01,12,13116,卖盘
2139,09:46:33,10.94,0.01,70,77564,买盘
2140,09:46:29,10.93,0.01,114,124602,中性盘
2141,09:46:24,10.92,-0.01,19,20748,卖盘
2142,09:46:18,10.93,0.01,320,349760,买盘
2143,09:46:14,10.92,--,4,4368,卖盘
2144,09:46:09,10.92,0.01,45,50024,买盘
2145,09:46:03,10.91,-0.01,42,46803,卖盘
2146,09:45:59,10.92,--,2,2184,买盘
2147,09:45:54,10.92,--,5,5460,买盘
2148,09:45:48,10.92,0.01,126,137592,买盘
2149,09:45:44,10.91,--,43,46913,卖盘
2150,09:45:38,10.91,--,50,54550,买盘
2151,09:45:33,10.91,-0.01,83,90553,买盘
2152,09:45:29,10.92,0.01,62,67802,买盘
2153,09:45:23,10.91,--,14,15274,卖盘
2154,09:45:18,10.91,--,66,72006,卖盘
2155,09:45:14,10.91,--,19,20729,卖盘
2156,09:45:08,10.91,--,20,21820,卖盘
2157,09:45:03,10.91,--,27,30449,卖盘
2158,09:44:59,10.91,--,22,24002,买盘
2159,09:44:53,10.91,--,8,8728,买盘
2160,09:44:48,10.91,0.01,62,67642,买盘
2161,09:44:44,10.9,-0.01,65,70850,卖盘
2162,09:44:38,10.91,--,4,4364,卖盘
2163,09:44:33,10.91,--,12,13092,卖盘
2164,09:44:29,10.91,--,20,21820,卖盘
2165,09:44:23,10.91,--,30,32730,卖盘
2166,09:44:18,10.91,--,119,129829,卖盘
2167,09:44:14,10.91,--,28,30548,卖盘
2168,09:44:08,10.91,0.01,73,79643,买盘
2169,09:44:03,10.9,-0.01,8,9711,卖盘
2170,09:43:59,10.91,--,145,158195,买盘
2171,09:43:53,10.91,--,10,10910,买盘
2172,09:43:48,10.91,--,41,44731,卖盘
2173,09:43:44,10.91,--,3,3273,卖盘
2174,09:43:38,10.91,--,15,16365,买盘
2175,09:43:33,10.91,0.01,14,15274,买盘
2176,09:43:29,10.9,-0.02,193,210544,卖盘
2177,09:43:23,10.92,--,0,0,买盘
2178,09:43:18,10.92,0.01,190,207480,买盘
2179,09:43:14,10.91,-0.01,45,49204,卖盘
2180,09:43:08,10.92,0.01,9,10810,买盘
2181,09:43:03,10.91,--,85,92735,卖盘
2182,09:42:59,10.91,-0.01,72,78552,卖盘
2183,09:42:53,10.92,0.01,10,10920,买盘
2184,09:42:48,10.91,-0.01,27,29457,卖盘
2185,09:42:44,10.92,--,5,5460,买盘
2186,09:42:38,10.92,--,4,4368,买盘
2187,09:42:33,10.92,--,28,30576,卖盘
2188,09:42:29,10.92,--,60,65520,卖盘
2189,09:42:23,10.92,--,5,5460,卖盘
2190,09:42:18,10.92,--,85,93791,买盘
2191,09:42:13,10.92,0.01,34,37128,买盘
2192,09:42:03,10.91,-0.01,77,84007,卖盘
2193,09:41:58,10.92,-0.01,41,44772,中性盘
2194,09:41:53,10.93,0.02,13,14209,买盘
2195,09:41:48,10.91,-0.02,30,32730,卖盘
2196,09:41:43,10.93,--,29,31697,买盘
2197,09:41:38,10.93,-0.01,70,76510,买盘
2198,09:41:33,10.94,0.01,305,333670,买盘
2199,09:41:28,10.93,-0.01,7,7651,卖盘
2200,09:41:18,10.94,0.02,78,85332,买盘
2201,09:41:13,10.92,-0.01,81,88452,卖盘
2202,09:41:08,10.93,0.01,15,16395,买盘
2203,09:41:03,10.92,--,54,59950,卖盘
2204,09:40:58,10.92,--,10,10920,卖盘
2205,09:40:53,10.92,--,7,7644,卖盘
2206,09:40:48,10.92,0.02,31,33852,买盘
2207,09:40:43,10.9,-0.02,66,71940,卖盘
2208,09:40:38,10.92,0.01,221,241332,买盘
2209,09:40:33,10.91,0.01,10,10910,中性盘
2210,09:40:27,10.9,-0.01,170,185300,卖盘
2211,09:40:23,10.91,0.01,13,14183,买盘
2212,09:40:18,10.9,-0.01,147,160230,卖盘
2213,09:40:12,10.91,--,56,61096,买盘
2214,09:40:08,10.91,0.01,66,72006,买盘
2215,09:40:03,10.9,-0.01,177,193921,卖盘
2216,09:39:57,10.91,0.01,48,52368,买盘
2217,09:39:53,10.9,--,42,45780,卖盘
2218,09:39:48,10.9,0.01,75,82087,买盘
2219,09:39:42,10.89,--,90,98010,卖盘
2220,09:39:38,10.89,-0.01,16,17424,卖盘
2221,09:39:33,10.9,--,119,129710,买盘
2222,09:39:27,10.9,0.01,41,44690,买盘
2223,09:39:23,10.89,-0.01,155,168893,卖盘
2224,09:39:18,10.9,0.01,67,73030,买盘
2225,09:39:12,10.89,--,20,21780,卖盘
2226,09:39:08,10.89,--,22,23958,卖盘
2227,09:39:03,10.89,--,139,152361,卖盘
2228,09:38:57,10.89,--,160,174240,卖盘
2229,09:38:53,10.89,-0.01,25,27225,卖盘
2230,09:38:47,10.9,--,26,28340,买盘
2231,09:38:42,10.9,--,37,40330,买盘
2232,09:38:38,10.9,--,41,44897,卖盘
2233,09:38:27,10.9,--,65,70850,卖盘
2234,09:38:23,10.9,0.01,48,53202,买盘
2235,09:38:17,10.89,-0.01,15,16335,卖盘
2236,09:38:12,10.9,--,99,107910,买盘
2237,09:38:08,10.9,--,80,87407,卖盘
2238,09:38:02,10.9,-0.01,29,31610,卖盘
2239,09:37:57,10.91,0.01,152,165832,买盘
2240,09:37:53,10.9,--,200,218000,卖盘
2241,09:37:47,10.9,--,179,195110,卖盘
2242,09:37:42,10.9,-0.01,307,334630,卖盘
2243,09:37:38,10.91,--,60,65460,买盘
2244,09:37:32,10.91,0.01,85,92735,买盘
2245,09:37:27,10.9,--,129,140610,卖盘
2246,09:37:23,10.9,-0.01,200,218000,卖盘
2247,09:37:17,10.91,--,56,61096,买盘
2248,09:37:12,10.91,--,15,16365,买盘
2249,09:37:08,10.91,--,63,68733,买盘
2250,09:37:02,10.91,-0.01,163,177833,卖盘
2251,09:36:57,10.92,0.01,69,75348,中性盘
2252,09:36:53,10.91,-0.01,288,314208,卖盘
2253,09:36:47,10.92,0.01,260,283920,买盘
2254,09:36:42,10.91,--,15,16365,卖盘
2255,09:36:38,10.91,--,69,75279,卖盘
2256,09:36:32,10.91,--,6,6546,卖盘
2257,09:36:27,10.91,0.01,142,154922,买盘
2258,09:36:23,10.9,--,0,0,卖盘
2259,09:36:17,10.9,-0.01,28,31501,卖盘
2260,09:36:12,10.91,--,100,109100,买盘
2261,09:36:08,10.91,0.01,3,3273,中性盘
2262,09:36:02,10.9,-0.01,238,259420,卖盘
2263,09:35:57,10.91,-0.01,90,98190,卖盘
2264,09:35:53,10.92,0.01,10,10920,买盘
2265,09:35:42,10.91,0.01,16,17456,卖盘
2266,09:35:37,10.9,-0.02,92,100280,卖盘
2267,09:35:32,10.92,--,104,113568,卖盘
2268,09:35:27,10.92,--,81,88452,卖盘
2269,09:35:22,10.92,--,70,76440,卖盘
2270,09:35:17,10.92,0.01,2,2184,中性盘
2271,09:35:12,10.91,0.01,251,273841,卖盘
2272,09:35:07,10.9,-0.01,71,78381,卖盘
2273,09:35:02,10.91,-0.03,5,5455,买盘
2274,09:34:57,10.94,0.02,73,79862,买盘
2275,09:34:52,10.92,--,206,224952,卖盘
2276,09:34:47,10.92,--,10,10920,卖盘
2277,09:34:42,10.92,-0.01,85,92820,卖盘
2278,09:34:37,10.93,0.01,11,12023,买盘
2279,09:34:32,10.92,--,20,21840,卖盘
2280,09:34:27,10.92,--,67,73164,买盘
2281,09:34:22,10.92,-0.02,55,60060,中性盘
2282,09:34:17,10.94,0.01,55,60170,买盘
2283,09:34:12,10.93,0.01,179,195647,买盘
2284,09:34:07,10.92,--,46,50232,卖盘
2285,09:34:02,10.92,--,39,42588,卖盘
2286,09:33:57,10.92,--,29,31668,卖盘
2287,09:33:52,10.92,-0.02,174,190008,卖盘
2288,09:33:47,10.94,0.02,2,2188,买盘
2289,09:33:42,10.92,-0.02,138,150696,卖盘
2290,09:33:37,10.94,--,73,79862,卖盘
2291,09:33:32,10.94,-0.01,116,126904,卖盘
2292,09:33:27,10.95,--,48,52560,买盘
2293,09:33:22,10.95,--,42,45990,中性盘
2294,09:33:17,10.95,0.01,10,10950,中性盘
2295,09:33:12,10.94,-0.02,392,429909,卖盘
2296,09:33:06,10.96,--,83,91943,买盘
2297,09:33:02,10.96,0.01,13,14248,买盘
2298,09:32:57,10.95,--,5,5475,卖盘
2299,09:32:51,10.95,-0.01,93,101835,卖盘
2300,09:32:47,10.96,0.01,88,96448,买盘
2301,09:32:42,10.95,-0.01,144,157680,卖盘
2302,09:32:36,10.96,--,8,8768,买盘
2303,09:32:26,10.96,0.01,28,30688,卖盘
2304,09:32:21,10.95,-0.02,36,39420,卖盘
2305,09:32:17,10.97,0.02,6,6582,买盘
2306,09:32:11,10.95,-0.01,283,309885,卖盘
2307,09:32:06,10.96,--,42,46185,卖盘
2308,09:32:02,10.96,0.01,78,85488,买盘
2309,09:31:56,10.95,--,45,49275,买盘
2310,09:31:51,10.95,0.01,30,32850,买盘
2311,09:31:47,10.94,--,26,28444,卖盘
2312,09:31:41,10.94,--,32,35008,买盘
2313,09:31:36,10.94,0.01,28,30632,买盘
2314,09:31:32,10.93,--,32,34976,卖盘
2315,09:31:26,10.93,-0.01,30,32790,卖盘
2316,09:31:21,10.94,--,9,9846,买盘
2317,09:31:17,10.94,0.04,78,85332,卖盘
2318,09:31:11,10.9,--,0,0,卖盘
2319,09:31:06,10.9,-0.05,30,32700,卖盘
2320,09:31:02,10.95,0.05,20,21900,买盘
2321,09:30:56,10.9,-0.05,42,45780,卖盘
2322,09:30:47,10.95,0.05,45,49275,买盘
2323,09:30:41,10.9,0.02,75,82741,买盘
2324,09:30:36,10.88,0.01,108,117504,中性盘
2325,09:30:32,10.87,--,79,85873,卖盘
2326,09:30:26,10.87,-0.03,20,21740,卖盘
2327,09:30:21,10.9,0.02,12,13080,买盘
2328,09:30:17,10.88,-0.02,32,34816,卖盘
2329,09:30:11,10.9,--,83,90470,买盘
2330,09:30:06,10.9,--,998,1087820,卖盘
2331,09:28:52,10.9,--,0,0,卖盘
2332,09:25:05,10.9,10.9,847,923230,买盘
