,time,price,change,volume,amount,type
0,15:00:00,28.15,--,0,0,买盘
1,15:00:00,28.15,--,0,0,买盘
2,14:59:59,28.15,--,32,90080,买盘
3,14:59:57,28.15,--,5,14075,买盘
4,14:59:53,28.15,0.02,82,230830,买盘
5,14:59:47,28.13,-0.01,19,53447,卖盘
6,14:59:42,28.14,-0.01,20,56280,卖盘
7,14:59:38,28.15,--,5,14075,买盘
8,14:59:32,28.15,-0.05,60,168900,卖盘
9,14:59:17,28.2,0.04,2,5640,卖盘
10,14:59:12,28.16,-0.02,30,87267,卖盘
11,14:59:08,28.18,-0.08,13,36634,卖盘
12,14:58:57,28.26,-0.01,7,19782,中性盘
13,14:58:53,28.27,0.09,11,31097,买盘
14,14:58:42,28.18,0.03,1,2818,中性盘
15,14:58:32,28.15,-0.05,2,5630,买盘
16,14:58:27,28.2,0.09,9,25380,中性盘
17,14:58:23,28.11,--,0,0,卖盘
18,14:58:17,28.11,0.01,105,295155,卖盘
19,14:58:12,28.1,--,100,281000,卖盘
20,14:58:08,28.1,--,0,0,卖盘
21,14:58:02,28.1,-0.01,100,281000,卖盘
22,14:57:52,28.11,--,25,70275,买盘
23,14:57:47,28.11,-0.01,75,210825,卖盘
24,14:57:42,28.12,-0.02,100,281200,卖盘
25,14:57:37,28.14,-0.08,100,281400,卖盘
26,14:57:32,28.22,-0.06,5,14110,买盘
27,14:57:27,28.28,0.1,104,294112,买盘
28,14:57:22,28.18,-0.01,100,281800,卖盘
29,14:57:17,28.19,--,0,0,卖盘
30,14:57:12,28.19,-0.02,100,281900,卖盘
31,14:57:07,28.21,-0.01,100,282100,卖盘
32,14:56:52,28.22,0.01,43,121346,买盘
33,14:56:47,28.21,--,1,2821,买盘
34,14:56:42,28.21,-0.01,10,28210,卖盘
35,14:56:27,28.22,-0.02,48,135456,卖盘
36,14:56:22,28.24,-0.02,100,282400,卖盘
37,14:56:17,28.26,-0.04,10,28260,卖盘
38,14:56:12,28.3,--,8,22640,买盘
39,14:56:06,28.3,--,6,16980,买盘
40,14:55:57,28.3,0.06,1,2830,买盘
41,14:55:51,28.24,--,0,0,卖盘
42,14:55:47,28.24,--,0,0,卖盘
43,14:55:36,28.24,-0.08,6,16944,卖盘
44,14:55:32,28.32,--,0,0,买盘
45,14:55:21,28.32,--,1,2832,买盘
46,14:55:12,28.32,--,8,22656,买盘
47,14:55:06,28.32,--,1,2832,买盘
48,14:54:56,28.32,0.09,14,39648,买盘
49,14:54:51,28.23,--,0,0,卖盘
50,14:54:41,28.23,--,96,271008,买盘
51,14:54:21,28.23,-0.09,204,575892,卖盘
52,14:54:06,28.32,0.03,36,101952,买盘
53,14:54:02,28.29,-0.02,5,14145,卖盘
54,14:53:56,28.31,0.02,26,73606,买盘
55,14:53:51,28.29,--,17,48093,卖盘
56,14:53:41,28.29,0.02,22,62238,买盘
57,14:53:36,28.27,-0.01,1,2827,卖盘
58,14:53:26,28.28,--,1,2828,卖盘
59,14:53:21,28.28,--,1,2828,中性盘
60,14:52:47,28.28,-0.01,16,45248,卖盘
61,14:52:36,28.29,--,10,28290,买盘
62,14:52:32,28.29,--,3,8487,买盘
63,14:52:21,28.29,--,11,31119,买盘
64,14:52:17,28.29,--,26,73554,卖盘
65,14:52:02,28.29,0.01,4,11316,买盘
66,14:51:47,28.28,-0.02,4,11312,卖盘
67,14:51:36,28.3,--,0,0,买盘
68,14:51:31,28.3,0.02,12,33960,买盘
69,14:51:21,28.28,-0.01,1,2828,卖盘
70,14:51:17,28.29,0.02,1,2829,买盘
71,14:51:11,28.27,0.02,1,2827,买盘
72,14:51:01,28.25,0.04,4,13842,买盘
73,14:50:51,28.21,--,0,0,卖盘
74,14:50:36,28.21,0.01,1,2821,中性盘
75,14:50:31,28.2,--,6,16920,买盘
76,14:50:26,28.2,--,1,2820,买盘
77,14:50:21,28.2,-0.03,71,200220,卖盘
78,14:50:16,28.23,--,0,0,卖盘
79,14:50:11,28.23,0.03,2,5646,买盘
80,14:50:00,28.2,-0.03,2,5640,买盘
81,14:49:51,28.23,--,0,0,买盘
82,14:49:45,28.23,0.03,1,2823,买盘
83,14:49:36,28.2,0.01,5,14100,卖盘
84,14:49:31,28.19,--,0,0,卖盘
85,14:49:15,28.19,--,5,14095,买盘
86,14:49:06,28.19,-0.06,95,267805,卖盘
87,14:49:00,28.25,--,2,5650,买盘
88,14:48:30,28.25,--,1,2825,买盘
89,14:48:26,28.25,-0.07,3,8475,卖盘
90,14:48:00,28.32,--,0,0,买盘
91,14:47:56,28.32,0.03,1,2832,买盘
92,14:47:45,28.29,--,0,0,卖盘
93,14:47:30,28.29,--,59,167505,卖盘
94,14:47:15,28.29,0.01,26,73554,买盘
95,14:47:11,28.28,--,4,11312,卖盘
96,14:47:05,28.28,--,3,8484,卖盘
97,14:46:56,28.28,0.02,8,22624,买盘
98,14:46:45,28.26,--,1,2826,卖盘
99,14:46:41,28.26,0.02,44,125672,买盘
100,14:46:30,28.24,--,4,11296,买盘
101,14:46:26,28.24,--,7,19768,买盘
102,14:46:20,28.24,0.01,1,2824,买盘
103,14:46:15,28.23,--,9,25407,卖盘
104,14:46:05,28.23,0.01,24,67752,买盘
105,14:46:00,28.22,--,2,5644,买盘
106,14:45:56,28.22,-0.01,5,14110,卖盘
107,14:45:45,28.23,0.01,4,11292,买盘
108,14:45:30,28.22,0.01,1,2822,卖盘
109,14:45:25,28.21,-0.01,45,126945,卖盘
110,14:45:20,28.22,--,10,28220,买盘
111,14:45:15,28.22,0.01,157,443054,买盘
112,14:45:11,28.21,0.01,7,19747,卖盘
113,14:45:05,28.2,0.01,39,110769,买盘
114,14:45:00,28.19,-0.01,6,16914,卖盘
115,14:44:35,28.2,0.01,80,225600,买盘
116,14:44:30,28.19,-0.01,1,2819,卖盘
117,14:44:25,28.2,0.01,1,2820,买盘
118,14:44:20,28.19,-0.01,1,2819,卖盘
119,14:44:15,28.2,--,2,5640,买盘
120,14:43:35,28.2,--,0,0,买盘
121,14:43:30,28.2,0.03,5,14100,买盘
122,14:43:15,28.17,--,0,0,卖盘
123,14:43:10,28.17,--,0,0,卖盘
124,14:43:05,28.17,-0.01,12,33804,卖盘
125,14:42:55,28.18,0.01,3,8454,买盘
126,14:42:45,28.17,--,59,166203,买盘
127,14:42:40,28.17,0.01,18,50706,买盘
128,14:42:35,28.16,-0.01,10,28160,卖盘
129,14:42:20,28.17,--,3,8451,买盘
130,14:42:14,28.17,0.01,6,16902,买盘
131,14:42:05,28.16,-0.01,3,8448,卖盘
132,14:41:59,28.17,0.01,2,5634,买盘
133,14:41:54,28.16,--,2,5632,卖盘
134,14:41:50,28.16,-0.01,1,2816,卖盘
135,14:41:39,28.17,--,1,2817,买盘
136,14:41:35,28.17,--,4,11268,买盘
137,14:41:09,28.17,--,5,14085,买盘
138,14:40:59,28.17,0.01,17,47889,买盘
139,14:40:54,28.16,-0.01,4,11264,卖盘
140,14:40:49,28.17,--,5,14085,卖盘
141,14:40:29,28.17,-0.01,1,2817,卖盘
142,14:40:24,28.18,-0.01,2,5636,中性盘
143,14:40:09,28.19,--,0,0,买盘
144,14:40:05,28.19,--,131,369289,买盘
145,14:39:59,28.19,0.02,1,2819,买盘
146,14:39:50,28.17,-0.02,1,2817,卖盘
147,14:39:44,28.19,0.02,3,8457,买盘
148,14:39:39,28.17,--,5,14085,卖盘
149,14:39:34,28.17,-0.02,4,11268,卖盘
150,14:39:29,28.19,--,0,0,买盘
151,14:39:19,28.19,0.01,42,118398,买盘
152,14:39:14,28.18,-0.01,6,16908,卖盘
153,14:38:54,28.19,-0.01,1,2819,卖盘
154,14:38:44,28.2,--,3,8460,买盘
155,14:38:39,28.2,0.01,6,16920,买盘
156,14:38:29,28.19,--,1,2819,卖盘
157,14:38:24,28.19,--,1,2819,买盘
158,14:38:19,28.19,--,5,14095,买盘
159,14:38:09,28.19,0.01,11,31009,买盘
160,14:38:04,28.18,--,5,14090,卖盘
161,14:37:59,28.18,--,2,5636,卖盘
162,14:37:49,28.18,-0.01,1,2818,卖盘
163,14:37:34,28.19,0.02,26,73294,买盘
164,14:37:24,28.17,--,0,0,卖盘
165,14:37:09,28.17,--,1,2817,买盘
166,14:36:49,28.17,0.01,20,56340,买盘
167,14:36:34,28.16,0.01,8,22528,买盘
168,14:36:19,28.15,-0.01,5,14075,卖盘
169,14:36:14,28.16,--,2,5632,买盘
170,14:36:08,28.16,--,5,14080,卖盘
171,14:36:03,28.16,--,4,11264,买盘
172,14:35:53,28.16,0.01,6,16896,买盘
173,14:35:49,28.15,-0.01,12,33780,中性盘
174,14:35:44,28.16,--,1,2816,买盘
175,14:35:38,28.16,0.04,1,2816,买盘
176,14:35:08,28.12,--,0,0,卖盘
177,14:35:03,28.12,--,2,5624,卖盘
178,14:34:58,28.12,--,2,5624,卖盘
179,14:34:53,28.12,--,0,0,卖盘
180,14:34:38,28.12,--,3,8436,卖盘
181,14:34:33,28.12,--,1,2812,中性盘
182,14:34:28,28.12,0.02,5,14060,买盘
183,14:34:23,28.1,--,0,0,卖盘
184,14:34:18,28.1,--,100,281000,卖盘
185,14:34:13,28.1,-0.01,126,355689,卖盘
186,14:34:03,28.11,-0.01,3,8433,卖盘
187,14:33:58,28.12,--,0,0,中性盘
188,14:33:53,28.12,--,0,0,买盘
189,14:33:48,28.12,0.01,9,25308,买盘
190,14:33:43,28.11,--,2,5622,卖盘
191,14:33:38,28.11,-0.01,5,14055,卖盘
192,14:33:33,28.12,--,6,16872,买盘
193,14:33:18,28.12,-0.04,60,169029,卖盘
194,14:33:13,28.16,--,6,16896,卖盘
195,14:33:03,28.16,-0.01,2,5632,卖盘
196,14:32:48,28.17,--,1,2817,买盘
197,14:32:38,28.17,0.01,1,2817,买盘
198,14:32:33,28.16,-0.01,2,5632,卖盘
199,14:32:18,28.17,0.01,3,8451,中性盘
200,14:32:13,28.16,-0.03,5,14080,卖盘
201,14:32:08,28.19,0.04,6,16914,买盘
202,14:31:58,28.15,--,0,0,卖盘
203,14:31:48,28.15,--,25,70375,卖盘
204,14:31:43,28.15,-0.05,24,67560,卖盘
205,14:31:38,28.2,--,0,0,买盘
206,14:31:33,28.2,0.05,2,5640,买盘
207,14:31:28,28.15,-0.05,200,563000,卖盘
208,14:31:23,28.2,--,10,28200,买盘
209,14:31:18,28.2,0.01,3,8460,买盘
210,14:31:13,28.19,-0.01,200,563800,卖盘
211,14:31:03,28.2,--,9,25380,卖盘
212,14:30:58,28.2,--,1,2820,卖盘
213,14:30:48,28.2,-0.01,66,186120,卖盘
214,14:30:28,28.21,--,7,19747,卖盘
215,14:30:23,28.21,--,12,33852,卖盘
216,14:30:17,28.21,--,6,16926,卖盘
217,14:30:13,28.21,-0.01,7,19747,卖盘
218,14:30:08,28.22,0.01,1,2822,买盘
219,14:29:58,28.21,-0.01,4,11284,卖盘
220,14:29:53,28.22,0.01,1,2822,买盘
221,14:29:47,28.21,--,50,141050,卖盘
222,14:29:43,28.21,--,6,16926,卖盘
223,14:29:38,28.21,--,3,8463,卖盘
224,14:29:32,28.21,--,1,2821,卖盘
225,14:29:28,28.21,--,15,42315,卖盘
226,14:29:13,28.21,--,24,67704,卖盘
227,14:29:08,28.21,--,1,2821,卖盘
228,14:28:57,28.21,-0.01,1,2821,卖盘
229,14:28:42,28.22,--,9,25398,买盘
230,14:28:12,28.22,--,5,14110,买盘
231,14:27:52,28.22,0.01,4,11288,买盘
232,14:27:47,28.21,--,6,16926,卖盘
233,14:27:22,28.21,-0.01,5,14105,卖盘
234,14:27:12,28.22,0.01,22,62084,买盘
235,14:27:07,28.21,-0.01,1,2821,卖盘
236,14:26:57,28.22,--,6,16932,买盘
237,14:26:47,28.22,--,5,14110,买盘
238,14:26:27,28.22,0.01,11,31042,买盘
239,14:26:17,28.21,-0.01,10,28210,卖盘
240,14:25:52,28.22,--,2,5644,买盘
241,14:25:47,28.22,--,1,2822,买盘
242,14:25:12,28.22,--,1,2822,买盘
243,14:25:02,28.22,0.01,2,5644,买盘
244,14:24:47,28.21,-0.01,27,76167,卖盘
245,14:24:17,28.22,-0.01,7,19754,卖盘
246,14:24:07,28.23,--,2,5646,买盘
247,14:23:56,28.23,--,0,0,买盘
248,14:23:47,28.23,0.03,2,5646,买盘
249,14:23:32,28.2,--,0,0,卖盘
250,14:23:11,28.2,-0.02,10,28200,卖盘
251,14:23:02,28.22,0.01,1,4994,卖盘
252,14:22:47,28.21,--,0,0,卖盘
253,14:22:41,28.21,--,17,47957,卖盘
254,14:22:37,28.21,--,0,0,卖盘
255,14:22:32,28.21,-0.01,50,141388,卖盘
256,14:22:26,28.22,--,1,2822,买盘
257,14:22:22,28.22,--,19,53618,买盘
258,14:22:17,28.22,0.01,1,2822,买盘
259,14:22:02,28.21,-0.01,28,78988,卖盘
260,14:21:56,28.22,--,1,2822,买盘
261,14:21:51,28.22,--,12,33864,买盘
262,14:21:47,28.22,--,1,2822,买盘
263,14:21:41,28.22,-0.01,18,50796,卖盘
264,14:21:31,28.23,--,2,5646,买盘
265,14:21:26,28.23,-0.01,1,2823,买盘
266,14:21:21,28.24,--,0,0,买盘
267,14:21:16,28.24,--,18,50832,买盘
268,14:21:06,28.24,--,3,8472,买盘
269,14:21:01,28.24,--,2,5648,买盘
270,14:20:36,28.24,0.03,2,5648,买盘
271,14:19:56,28.21,--,0,0,卖盘
272,14:19:31,28.21,--,0,0,卖盘
273,14:19:16,28.21,--,0,0,中性盘
274,14:18:56,28.21,0.01,47,132587,买盘
275,14:18:51,28.2,--,5,14100,买盘
276,14:18:41,28.2,--,20,56400,买盘
277,14:18:36,28.2,--,10,28200,买盘
278,14:18:26,28.2,--,25,70500,买盘
279,14:18:21,28.2,--,1,2820,买盘
280,14:18:16,28.2,0.01,2,5640,买盘
281,14:18:06,28.19,--,3,8457,买盘
282,14:18:01,28.19,--,4,11276,买盘
283,14:17:56,28.19,--,1,2819,买盘
284,14:17:50,28.19,--,11,31009,买盘
285,14:17:46,28.19,--,10,28190,买盘
286,14:17:41,28.19,--,15,42285,买盘
287,14:17:35,28.19,--,7,19733,买盘
288,14:17:31,28.19,0.01,6,16914,买盘
289,14:17:26,28.18,-0.01,7,19726,卖盘
290,14:17:16,28.19,--,15,42285,买盘
291,14:17:11,28.19,-0.01,2,5638,卖盘
292,14:17:01,28.2,--,2,5640,买盘
293,14:16:56,28.2,--,2,5640,买盘
294,14:16:46,28.2,--,3,8460,买盘
295,14:16:41,28.2,--,2,5640,买盘
296,14:16:35,28.2,--,1,2820,买盘
297,14:16:31,28.2,-0.01,118,332760,卖盘
298,14:16:11,28.21,--,35,98735,卖盘
299,14:16:05,28.21,--,12,33852,卖盘
300,14:16:01,28.21,--,10,28210,卖盘
301,14:15:56,28.21,--,3,8463,卖盘
302,14:15:50,28.21,--,4,11284,卖盘
303,14:15:46,28.21,--,1,2821,卖盘
304,14:15:31,28.21,-0.01,4,11284,卖盘
305,14:15:20,28.22,-0.02,5,14110,卖盘
306,14:14:56,28.24,-0.01,32,91864,卖盘
307,14:14:45,28.25,--,2,5650,买盘
308,14:14:41,28.25,-0.01,1,2825,卖盘
309,14:14:30,28.26,0.01,5,14130,买盘
310,14:14:15,28.25,--,3,8475,卖盘
311,14:13:55,28.25,0.01,6,16950,买盘
312,14:13:50,28.24,--,7,19768,卖盘
313,14:13:45,28.24,-0.01,1,2824,卖盘
314,14:13:15,28.25,--,2,5650,中性盘
315,14:13:10,28.25,0.01,1,2825,卖盘
316,14:12:55,28.24,--,10,28240,卖盘
317,14:12:45,28.24,--,0,0,卖盘
318,14:12:30,28.24,--,99,279576,卖盘
319,14:12:05,28.24,-0.02,4,11296,卖盘
320,14:11:40,28.26,--,1,2826,买盘
321,14:11:20,28.26,--,4,11304,买盘
322,14:10:55,28.26,--,1,2826,买盘
323,14:10:49,28.26,--,2,5652,卖盘
324,14:10:34,28.26,0.02,4,11304,卖盘
325,14:10:19,28.24,-0.02,58,165119,卖盘
326,14:10:10,28.26,--,8,22608,买盘
327,14:09:49,28.26,--,2,5652,卖盘
328,14:09:40,28.26,-0.01,1,2826,卖盘
329,14:09:28,28.27,0.03,1,2827,买盘
330,14:08:55,28.24,--,3,8472,卖盘
331,14:08:49,28.24,--,34,96016,卖盘
332,14:08:34,28.24,--,40,112960,卖盘
333,14:08:28,28.24,--,10,28240,卖盘
334,14:08:19,28.24,--,1,2824,卖盘
335,14:08:09,28.24,--,2,5648,卖盘
336,14:08:04,28.24,0.04,21,59304,买盘
337,14:07:58,28.2,-0.04,20,56400,卖盘
338,14:07:49,28.24,0.04,4,11296,买盘
339,14:07:39,28.2,--,10,28200,卖盘
340,14:07:34,28.2,--,6,16920,卖盘
341,14:07:09,28.2,-0.04,47,132540,卖盘
342,14:06:54,28.24,--,0,0,买盘
343,14:06:43,28.24,0.03,1,2824,买盘
344,14:06:39,28.21,-0.03,23,64883,中性盘
345,14:06:34,28.24,--,201,567624,买盘
346,14:06:24,28.24,--,1,2824,买盘
347,14:06:13,28.24,--,3,8472,买盘
348,14:06:04,28.24,--,1,2824,买盘
349,14:05:58,28.24,-0.01,25,70600,卖盘
350,14:05:54,28.25,--,3,8475,买盘
351,14:05:49,28.25,--,8,22600,买盘
352,14:05:43,28.25,-0.01,85,240125,卖盘
353,14:05:39,28.26,0.01,7,19782,卖盘
354,14:05:34,28.25,--,0,0,卖盘
355,14:05:28,28.25,--,20,56500,卖盘
356,14:05:04,28.25,-0.03,14,39550,卖盘
357,14:04:58,28.28,--,0,0,买盘
358,14:04:49,28.28,0.03,1,2828,买盘
359,14:04:43,28.25,-0.03,170,480250,卖盘
360,14:04:34,28.28,--,1,2828,买盘
361,14:04:28,28.28,--,3,8484,买盘
362,14:04:19,28.28,--,1,2828,买盘
363,14:03:43,28.28,--,13,36764,卖盘
364,14:03:34,28.28,--,5,14140,卖盘
365,14:03:28,28.28,--,1,2828,卖盘
366,14:03:13,28.28,--,11,31108,卖盘
367,14:03:07,28.28,-0.01,6,16968,卖盘
368,14:03:04,28.29,-0.02,41,117488,卖盘
369,14:02:58,28.31,0.01,1,2831,中性盘
370,14:02:49,28.3,-0.01,28,79240,卖盘
371,14:02:43,28.31,0.01,1,2831,卖盘
372,14:02:34,28.3,--,0,0,卖盘
373,14:02:28,28.3,--,16,45280,卖盘
374,14:02:13,28.3,--,10,28300,卖盘
375,14:02:04,28.3,--,29,82070,卖盘
376,14:01:58,28.3,--,21,59430,卖盘
377,14:01:49,28.3,--,12,33960,卖盘
378,14:01:37,28.3,--,1,2830,卖盘
379,14:01:19,28.3,--,8,22640,卖盘
380,14:01:13,28.3,--,0,0,卖盘
381,14:00:58,28.3,-0.01,2,5660,卖盘
382,14:00:52,28.31,--,14,39634,卖盘
383,14:00:48,28.31,--,3,8493,卖盘
384,14:00:43,28.31,-0.02,2,5662,卖盘
385,14:00:37,28.33,0.02,1,2833,买盘
386,14:00:33,28.31,--,4,11324,卖盘
387,14:00:18,28.31,--,1,2831,卖盘
388,14:00:03,28.31,--,3,8493,买盘
389,13:59:43,28.31,-0.02,37,104747,卖盘
390,13:59:18,28.33,--,2,5666,买盘
391,13:58:52,28.33,--,5,14165,买盘
392,13:58:48,28.33,0.01,10,28330,买盘
393,13:58:37,28.32,--,1,2832,卖盘
394,13:58:22,28.32,--,0,0,中性盘
395,13:58:13,28.32,0.01,4,11328,买盘
396,13:57:52,28.31,--,4,11324,买盘
397,13:57:28,28.31,-0.01,2,5662,卖盘
398,13:57:07,28.32,--,2,5664,买盘
399,13:56:52,28.32,--,0,0,买盘
400,13:56:46,28.32,0.02,3,8496,买盘
401,13:56:37,28.3,-0.02,11,31130,卖盘
402,13:56:28,28.32,--,1,2832,买盘
403,13:56:22,28.32,0.02,1,2832,买盘
404,13:55:37,28.3,--,0,0,卖盘
405,13:55:16,28.3,--,1,2830,买盘
406,13:54:22,28.3,--,1,2830,买盘
407,13:54:16,28.3,0.01,6,16980,买盘
408,13:54:07,28.29,--,1,2829,卖盘
409,13:54:01,28.29,--,1,2829,卖盘
410,13:53:37,28.29,0.01,8,23961,买盘
411,13:53:31,28.28,-0.01,110,311080,卖盘
412,13:53:22,28.29,--,3,8487,买盘
413,13:52:57,28.29,0.01,5,14145,买盘
414,13:52:52,28.28,-0.01,7,19796,卖盘
415,13:52:46,28.29,--,1,2829,买盘
416,13:52:42,28.29,0.01,2,5658,买盘
417,13:52:27,28.28,-0.01,8,22624,卖盘
418,13:52:22,28.29,--,4,11316,买盘
419,13:52:07,28.29,--,5,14145,买盘
420,13:51:57,28.29,--,2,5658,买盘
421,13:51:40,28.29,--,3,8487,买盘
422,13:51:31,28.29,-0.01,16,46763,卖盘
423,13:51:10,28.3,0.01,5,14150,买盘
424,13:50:55,28.29,--,13,36777,卖盘
425,13:50:52,28.29,--,7,22405,卖盘
426,13:50:36,28.29,--,14,39606,卖盘
427,13:50:16,28.29,--,6,16974,卖盘
428,13:50:01,28.29,0.01,21,60964,买盘
429,13:49:52,28.28,-0.01,1,2828,卖盘
430,13:49:37,28.29,--,6,18247,卖盘
431,13:49:31,28.29,--,28,80767,卖盘
432,13:49:22,28.29,--,1,2829,卖盘
433,13:49:16,28.29,--,1,2829,卖盘
434,13:49:06,28.29,-0.01,2,5658,卖盘
435,13:49:01,28.3,--,9,25470,买盘
436,13:48:46,28.3,--,1,2830,买盘
437,13:48:40,28.3,--,7,19810,买盘
438,13:48:36,28.3,--,5,14150,买盘
439,13:48:21,28.3,--,1,2830,买盘
440,13:48:10,28.3,--,1,2830,买盘
441,13:48:07,28.3,--,21,59430,卖盘
442,13:47:36,28.3,--,1,2830,卖盘
443,13:46:46,28.3,--,2,5660,买盘
444,13:46:21,28.3,0.01,1,2830,买盘
445,13:46:10,28.29,--,2,5658,卖盘
446,13:46:01,28.29,--,14,39606,卖盘
447,13:45:51,28.29,--,60,169740,卖盘
448,13:45:40,28.29,--,10,28290,卖盘
449,13:45:25,28.29,-0.01,10,28290,卖盘
450,13:44:55,28.3,0.01,4,11320,买盘
451,13:44:46,28.29,-0.01,10,28290,卖盘
452,13:44:15,28.3,--,2,6933,卖盘
453,13:44:00,28.3,--,0,0,卖盘
454,13:43:45,28.3,--,30,84900,卖盘
455,13:43:15,28.3,--,38,107540,卖盘
456,13:43:00,28.3,--,8,22640,卖盘
457,13:42:49,28.3,--,84,237720,卖盘
458,13:42:40,28.3,-0.01,78,220740,卖盘
459,13:42:30,28.31,--,10,28310,买盘
460,13:42:25,28.31,--,1,2831,买盘
461,13:42:04,28.31,--,2,5662,买盘
462,13:41:55,28.31,--,26,73606,卖盘
463,13:41:49,28.31,--,40,113240,卖盘
464,13:41:45,28.31,--,6,16986,卖盘
465,13:41:40,28.31,--,4,11324,卖盘
466,13:41:30,28.31,--,21,59451,卖盘
467,13:41:25,28.31,-0.01,7,19817,卖盘
468,13:41:19,28.32,--,60,170797,卖盘
469,13:41:10,28.32,--,2,5664,卖盘
470,13:41:00,28.32,--,1,2832,卖盘
471,13:40:55,28.32,--,5,14160,卖盘
472,13:40:49,28.32,-0.01,1,2832,卖盘
473,13:40:25,28.33,--,2,5666,买盘
474,13:40:15,28.33,-0.01,6,16998,卖盘
475,13:40:10,28.34,--,7,19838,买盘
476,13:39:55,28.34,0.01,1,2834,买盘
477,13:38:49,28.33,-0.01,2,5666,卖盘
478,13:38:25,28.34,0.01,1,2834,买盘
479,13:38:19,28.33,--,12,33996,卖盘
480,13:37:55,28.33,--,1,2833,买盘
481,13:37:40,28.33,-0.01,1,2833,卖盘
482,13:37:34,28.34,0.01,2,5668,买盘
483,13:37:25,28.33,0.01,2,5666,卖盘
484,13:36:58,28.32,--,0,0,卖盘
485,13:36:04,28.32,-0.03,9,25488,卖盘
486,13:35:09,28.35,0.03,1,2835,买盘
487,13:35:04,28.32,--,0,0,卖盘
488,13:34:58,28.32,-0.04,17,48144,卖盘
489,13:34:49,28.36,0.04,5,14180,买盘
490,13:34:34,28.32,--,2,5664,卖盘
491,13:34:28,28.32,--,4,11328,卖盘
492,13:34:24,28.32,--,0,0,卖盘
493,13:34:13,28.32,-0.04,1,2832,卖盘
494,13:34:09,28.36,0.04,20,56720,买盘
495,13:33:28,28.32,--,7,19824,卖盘
496,13:33:24,28.32,-0.03,119,337008,卖盘
497,13:33:13,28.35,--,1,2835,卖盘
498,13:33:04,28.35,--,1,2835,卖盘
499,13:32:39,28.35,--,23,65205,买盘
500,13:32:28,28.35,--,3,8505,买盘
501,13:32:24,28.35,--,2,5670,买盘
502,13:32:09,28.35,--,1,2835,买盘
503,13:31:49,28.35,--,10,28350,中性盘
504,13:31:19,28.35,-0.01,15,42525,卖盘
505,13:31:09,28.36,--,2,5672,买盘
506,13:30:49,28.36,-0.01,2,5672,卖盘
507,13:30:43,28.37,--,1,2837,买盘
508,13:30:28,28.37,0.02,10,28370,买盘
509,13:30:24,28.35,-0.02,40,113400,卖盘
510,13:29:49,28.37,--,7,19859,买盘
511,13:29:37,28.37,--,3,8511,买盘
512,13:29:28,28.37,0.01,1,2837,买盘
513,13:29:22,28.36,-0.01,10,28360,卖盘
514,13:29:19,28.37,0.01,2,5674,买盘
515,13:29:13,28.36,-0.01,30,85080,卖盘
516,13:28:52,28.37,0.01,7,19859,买盘
517,13:28:33,28.36,--,1,2836,卖盘
518,13:28:28,28.36,0.01,8,22688,买盘
519,13:27:52,28.35,-0.01,2,5670,卖盘
520,13:27:43,28.36,0.02,2,5672,买盘
521,13:26:58,28.34,--,0,0,卖盘
522,13:26:43,28.34,-0.01,2,5668,卖盘
523,13:26:37,28.35,0.01,3,8505,买盘
524,13:25:48,28.34,0.02,1,2834,买盘
525,13:25:28,28.32,--,23,67090,买盘
526,13:25:13,28.32,--,13,36816,买盘
527,13:25:03,28.32,-0.02,13,37693,卖盘
528,13:24:58,28.34,0.02,1,2834,买盘
529,13:24:52,28.32,--,2,5664,卖盘
530,13:24:43,28.32,--,13,38770,买盘
531,13:24:37,28.32,--,10,28320,买盘
532,13:24:33,28.32,--,6,16992,买盘
533,13:24:28,28.32,--,2,5664,买盘
534,13:24:13,28.32,--,1,2832,买盘
535,13:24:07,28.32,--,62,175584,卖盘
536,13:23:58,28.32,--,1,2832,卖盘
537,13:22:48,28.32,--,4,11328,买盘
538,13:22:22,28.32,--,9,25488,卖盘
539,13:22:13,28.32,--,1,2832,卖盘
540,13:22:07,28.32,-0.02,5,14160,卖盘
541,13:22:01,28.34,--,0,0,中性盘
542,13:21:52,28.34,--,0,0,中性盘
543,13:21:42,28.34,--,2,5668,买盘
544,13:21:16,28.34,0.03,1,2834,买盘
545,13:20:52,28.31,-0.03,10,28310,卖盘
546,13:20:46,28.34,--,3,8502,买盘
547,13:20:36,28.34,0.04,1,2862,中性盘
548,13:20:27,28.3,-0.05,1,2830,卖盘
549,13:20:21,28.35,0.05,4,11340,买盘
550,13:20:16,28.3,-0.05,10,28300,卖盘
551,13:19:57,28.35,0.04,2,5670,买盘
552,13:19:15,28.31,-0.04,9,25479,中性盘
553,13:19:07,28.35,0.05,1,2835,买盘
554,13:18:42,28.3,--,5,14150,卖盘
555,13:18:27,28.3,--,1,2830,卖盘
556,13:18:15,28.3,--,1,4358,买盘
557,13:18:12,28.3,--,20,56600,买盘
558,13:18:06,28.3,--,1,2830,买盘
559,13:18:00,28.3,--,11,31130,买盘
560,13:17:57,28.3,--,3,8490,买盘
561,13:17:51,28.3,--,2,5660,买盘
562,13:17:00,28.3,--,20,57901,卖盘
563,13:16:51,28.3,-0.07,300,849000,卖盘
564,13:16:15,28.37,0.02,9,25533,买盘
565,13:16:00,28.35,-0.01,11,31185,卖盘
566,13:15:51,28.36,--,0,0,中性盘
567,13:15:15,28.36,--,1,2836,卖盘
568,13:15:00,28.36,--,10,28360,卖盘
569,13:14:45,28.36,-0.01,1,2836,卖盘
570,13:14:30,28.37,--,3,8511,卖盘
571,13:14:24,28.37,--,1,2837,卖盘
572,13:14:09,28.37,0.01,2,5674,卖盘
573,13:13:21,28.36,--,0,0,卖盘
574,13:13:00,28.36,--,0,0,卖盘
575,13:12:54,28.36,-0.01,18,51048,卖盘
576,13:12:36,28.37,--,5,14185,买盘
577,13:12:24,28.37,--,6,17022,卖盘
578,13:12:21,28.37,-0.01,9,25533,卖盘
579,13:12:06,28.38,--,34,96492,买盘
580,13:11:54,28.38,--,5,14190,买盘
581,13:11:45,28.38,0.01,1,2838,买盘
582,13:11:15,28.37,--,10,28370,卖盘
583,13:11:09,28.37,--,1,2837,买盘
584,13:10:39,28.37,0.01,4,11348,买盘
585,13:10:30,28.36,-0.01,6,17016,卖盘
586,13:09:54,28.37,--,41,116317,买盘
587,13:09:45,28.37,--,3,8511,买盘
588,13:09:24,28.37,0.01,1,2837,买盘
589,13:09:15,28.36,0.01,35,99260,买盘
590,13:08:54,28.35,--,3,8505,卖盘
591,13:08:50,28.35,--,9,25515,买盘
592,13:08:45,28.35,0.01,2,5670,买盘
593,13:08:30,28.34,--,2,5668,买盘
594,13:08:20,28.34,--,3,8502,买盘
595,13:08:05,28.34,--,6,17004,买盘
596,13:07:45,28.34,--,1,2834,买盘
597,13:07:39,28.34,--,51,144534,买盘
598,13:07:35,28.34,--,11,31174,买盘
599,13:07:24,28.34,0.01,1,2834,买盘
600,13:07:18,28.33,--,7,19831,买盘
601,13:07:15,28.33,--,2,5666,买盘
602,13:07:09,28.33,--,14,39662,买盘
603,13:07:00,28.33,0.01,1,2833,买盘
604,13:06:45,28.32,0.02,3,8496,卖盘
605,13:06:24,28.3,--,0,0,卖盘
606,13:06:18,28.3,--,20,56600,卖盘
607,13:06:15,28.3,--,0,0,卖盘
608,13:06:09,28.3,-0.02,100,283000,卖盘
609,13:06:03,28.32,--,4,11328,买盘
610,13:05:48,28.32,-0.01,4,11328,卖盘
611,13:05:39,28.33,--,1,2833,买盘
612,13:05:30,28.33,0.01,2,5666,买盘
613,13:05:03,28.32,--,50,141600,卖盘
614,13:04:18,28.32,--,49,138768,买盘
615,13:04:09,28.32,0.01,51,144432,买盘
616,13:03:33,28.31,--,1,2831,卖盘
617,13:03:15,28.31,--,10,28310,卖盘
618,13:03:00,28.31,--,1,2831,卖盘
619,13:02:48,28.31,--,1,2831,卖盘
620,13:02:39,28.31,--,75,212325,买盘
621,13:02:03,28.31,--,5,14155,买盘
622,13:01:59,28.31,--,2,5662,买盘
623,13:01:54,28.31,0.01,10,28310,买盘
624,13:01:48,28.3,--,10,28300,卖盘
625,13:01:03,28.3,-0.01,1,2830,卖盘
626,13:00:48,28.31,--,1,2831,买盘
627,13:00:44,28.31,0.01,2,5662,买盘
628,13:00:39,28.3,-0.01,15,42450,卖盘
629,13:00:33,28.31,0.01,5,14155,买盘
630,13:00:29,28.3,--,20,56600,卖盘
631,13:00:09,28.3,--,12,33960,卖盘
632,13:00:03,28.3,0.01,60,171328,买盘
633,11:30:00,28.29,--,0,0,卖盘
634,11:29:59,28.29,--,0,0,卖盘
635,11:29:55,28.29,-0.01,1,2829,卖盘
636,11:29:40,28.3,0.01,8,22640,买盘
637,11:28:55,28.29,--,2,5658,卖盘
638,11:28:49,28.29,--,1,2829,卖盘
639,11:28:45,28.29,--,5,14145,卖盘
640,11:28:34,28.29,-0.01,25,70725,卖盘
641,11:28:25,28.3,--,34,96220,买盘
642,11:28:15,28.3,--,14,39620,买盘
643,11:28:04,28.3,--,5,14150,买盘
644,11:27:40,28.3,--,2,5660,买盘
645,11:27:34,28.3,--,36,103181,卖盘
646,11:27:25,28.3,--,0,0,卖盘
647,11:27:04,28.3,--,7,21338,买盘
648,11:26:55,28.3,-0.01,2,5660,买盘
649,11:26:43,28.31,0.01,0,1302,卖盘
650,11:26:34,28.3,--,28,80768,买盘
651,11:26:28,28.3,--,71,202231,卖盘
652,11:26:19,28.3,-0.02,130,369796,卖盘
653,11:25:49,28.32,--,1,2832,卖盘
654,11:25:40,28.32,-0.01,7,19824,卖盘
655,11:25:28,28.33,0.01,2,5666,买盘
656,11:25:19,28.32,--,3,8496,卖盘
657,11:24:58,28.32,-0.01,18,53298,卖盘
658,11:23:19,28.33,-0.01,52,147316,卖盘
659,11:22:28,28.34,0.01,2,5668,买盘
660,11:21:49,28.33,-0.01,3,8499,卖盘
661,11:21:24,28.34,--,1,2834,买盘
662,11:21:04,28.34,--,1,2834,买盘
663,11:20:49,28.34,-0.01,2,5668,买盘
664,11:20:43,28.35,--,0,0,买盘
665,11:20:28,28.35,--,0,0,买盘
666,11:20:19,28.35,--,14,39690,买盘
667,11:19:58,28.35,--,0,0,买盘
668,11:19:49,28.35,0.05,7,19845,买盘
669,11:19:37,28.3,-0.03,110,311837,卖盘
670,11:19:19,28.33,--,46,130317,卖盘
671,11:18:43,28.33,--,16,45328,卖盘
672,11:18:22,28.33,-0.01,10,28330,卖盘
673,11:18:19,28.34,--,1,2834,买盘
674,11:18:13,28.34,0.01,8,22672,买盘
675,11:17:52,28.33,--,1,2833,买盘
676,11:17:49,28.33,--,1,2833,买盘
677,11:17:43,28.33,--,1,2833,买盘
678,11:17:37,28.33,--,5,14165,买盘
679,11:17:33,28.33,-0.01,2,5666,卖盘
680,11:17:03,28.34,--,6,17004,买盘
681,11:16:48,28.34,--,8,22672,买盘
682,11:16:43,28.34,--,5,14170,买盘
683,11:16:33,28.34,0.03,7,19838,买盘
684,11:16:03,28.31,-0.03,12,33972,卖盘
685,11:15:58,28.34,0.02,6,17004,买盘
686,11:15:43,28.32,0.01,3,8496,买盘
687,11:15:37,28.31,-0.01,9,25479,卖盘
688,11:15:22,28.32,0.02,8,22656,买盘
689,11:15:13,28.3,--,7,19810,卖盘
690,11:15:07,28.3,--,13,36790,卖盘
691,11:14:37,28.3,--,23,65090,卖盘
692,11:14:22,28.3,-0.01,5,14150,卖盘
693,11:13:52,28.31,-0.01,87,246693,卖盘
694,11:13:28,28.32,--,1,2832,买盘
695,11:13:12,28.32,--,2,5664,买盘
696,11:13:01,28.32,--,3,8496,买盘
697,11:12:22,28.32,--,8,22656,买盘
698,11:12:01,28.32,0.01,3,8496,买盘
699,11:11:37,28.31,--,5,16589,买盘
700,11:11:31,28.31,--,6,16986,买盘
701,11:11:07,28.31,--,1,2831,买盘
702,11:10:31,28.31,0.01,14,39634,买盘
703,11:10:27,28.3,--,6,16980,卖盘
704,11:10:22,28.3,--,8,25073,买盘
705,11:09:52,28.3,--,6,16980,买盘
706,11:09:46,28.3,0.01,7,19810,买盘
707,11:09:42,28.29,--,52,147108,卖盘
708,11:09:37,28.29,-0.01,5,14145,卖盘
709,11:09:27,28.3,--,1,2830,买盘
710,11:09:01,28.3,--,4,11320,买盘
711,11:08:57,28.3,--,1,2830,买盘
712,11:08:46,28.3,0.01,8,22640,买盘
713,11:08:42,28.29,--,2,5884,买盘
714,11:08:37,28.29,--,5,14145,买盘
715,11:08:31,28.29,--,15,42435,卖盘
716,11:08:22,28.29,-0.01,5,14145,卖盘
717,11:07:42,28.3,0.01,18,50940,买盘
718,11:07:37,28.29,-0.01,1,2829,卖盘
719,11:07:22,28.3,0.01,7,19810,买盘
720,11:07:16,28.29,--,3,8487,卖盘
721,11:07:01,28.29,--,7,19803,买盘
722,11:06:52,28.29,--,5,14145,买盘
723,11:06:46,28.29,--,3,8487,买盘
724,11:06:40,28.29,--,5,14145,买盘
725,11:06:21,28.29,--,28,79212,卖盘
726,11:06:16,28.29,-0.01,11,31119,卖盘
727,11:06:06,28.3,--,57,162243,卖盘
728,11:05:31,28.3,--,23,65090,卖盘
729,11:05:21,28.3,-0.01,20,56600,卖盘
730,11:05:06,28.31,--,3,8493,卖盘
731,11:04:55,28.31,--,0,0,中性盘
732,11:04:36,28.31,--,9,25479,买盘
733,11:04:31,28.31,0.01,8,22648,买盘
734,11:04:06,28.3,-0.01,1,2830,卖盘
735,11:04:01,28.31,--,2,5662,卖盘
736,11:03:46,28.31,--,2,5662,卖盘
737,11:03:36,28.31,--,5,14155,卖盘
738,11:03:31,28.31,-0.01,1,2831,卖盘
739,11:03:25,28.32,0.01,1,2832,买盘
740,11:03:21,28.31,-0.01,4,11324,卖盘
741,11:03:06,28.32,0.01,2,5664,买盘
742,11:02:51,28.31,-0.01,9,25479,卖盘
743,11:02:46,28.32,--,2,5664,卖盘
744,11:02:36,28.32,0.02,1,2832,卖盘
745,11:02:21,28.3,--,0,0,卖盘
746,11:01:36,28.3,-0.01,50,141500,卖盘
747,11:01:16,28.31,--,5,16702,买盘
748,11:01:10,28.31,0.01,8,22648,买盘
749,11:01:01,28.3,-0.01,8,22640,卖盘
750,11:00:55,28.31,0.01,5,14155,买盘
751,11:00:25,28.3,--,5,14150,卖盘
752,10:59:55,28.3,--,42,118860,卖盘
753,10:59:49,28.3,-0.01,1,2830,卖盘
754,10:59:31,28.31,--,2,5662,卖盘
755,10:59:25,28.31,--,0,0,卖盘
756,10:59:10,28.31,--,6,16986,买盘
757,10:59:04,28.31,--,2,5662,卖盘
758,10:59:01,28.31,-0.05,3,8493,卖盘
759,10:58:15,28.36,--,0,0,买盘
760,10:58:10,28.36,--,0,0,买盘
761,10:57:55,28.36,-0.01,1,2836,卖盘
762,10:57:45,28.37,0.07,2,5674,买盘
763,10:57:40,28.3,--,0,0,卖盘
764,10:57:30,28.3,-0.06,157,444310,卖盘
765,10:57:19,28.36,0.01,5,14180,买盘
766,10:57:10,28.35,0.02,2,5670,买盘
767,10:56:45,28.33,0.05,6,19179,买盘
768,10:56:40,28.28,-0.01,15,42420,卖盘
769,10:56:30,28.29,--,0,0,卖盘
770,10:56:25,28.29,--,5,14145,卖盘
771,10:56:04,28.29,-0.01,10,28290,卖盘
772,10:56:00,28.3,--,1,2830,卖盘
773,10:55:55,28.3,0.02,6,19357,买盘
774,10:55:40,28.28,-0.02,3,8484,卖盘
775,10:55:34,28.3,0.03,20,56600,买盘
776,10:55:30,28.27,-0.01,70,197890,卖盘
777,10:55:19,28.28,--,12,33936,买盘
778,10:55:15,28.28,--,30,84840,买盘
779,10:55:10,28.28,--,22,62216,买盘
780,10:55:04,28.28,--,6,16968,买盘
781,10:55:00,28.28,--,63,178164,卖盘
782,10:54:55,28.28,-0.01,20,56560,卖盘
783,10:54:49,28.29,--,0,0,买盘
784,10:54:45,28.29,0.01,26,73554,买盘
785,10:54:40,28.28,-0.01,24,67872,卖盘
786,10:54:34,28.29,-0.01,19,53751,中性盘
787,10:54:25,28.3,0.01,25,70750,买盘
788,10:54:19,28.29,-0.01,23,65067,卖盘
789,10:54:15,28.3,--,2,5660,买盘
790,10:54:10,28.3,0.01,2,5660,买盘
791,10:54:04,28.29,-0.01,10,28290,卖盘
792,10:54:00,28.3,-0.02,53,150442,卖盘
793,10:53:55,28.32,--,94,268586,买盘
794,10:53:49,28.32,0.02,2,5664,买盘
795,10:53:34,28.3,-0.02,100,283000,卖盘
796,10:53:30,28.32,-0.01,58,164256,卖盘
797,10:53:25,28.33,--,4,11332,买盘
798,10:53:19,28.33,0.01,5,14165,买盘
799,10:53:15,28.32,-0.01,10,28320,卖盘
800,10:53:10,28.33,--,4,11983,卖盘
801,10:53:04,28.33,--,10,30511,买盘
802,10:52:44,28.33,--,62,175646,卖盘
803,10:52:40,28.33,--,14,39662,卖盘
804,10:52:34,28.33,--,5,14165,卖盘
805,10:52:30,28.33,-0.01,1,2833,卖盘
806,10:52:25,28.34,--,3,8502,买盘
807,10:52:19,28.34,--,10,28340,买盘
808,10:52:15,28.34,--,147,416598,卖盘
809,10:52:10,28.34,-0.01,38,107692,卖盘
810,10:51:49,28.35,--,33,94575,卖盘
811,10:51:28,28.35,-0.02,50,141750,卖盘
812,10:51:25,28.37,--,0,0,买盘
813,10:51:13,28.37,--,10,28370,买盘
814,10:51:09,28.37,0.01,219,621303,买盘
815,10:50:49,28.36,-0.01,6,17016,卖盘
816,10:50:19,28.37,--,10,28370,买盘
817,10:49:39,28.37,--,6,17022,卖盘
818,10:49:33,28.37,--,4,11348,卖盘
819,10:49:19,28.37,--,3,8511,买盘
820,10:49:09,28.37,--,4,11348,买盘
821,10:48:43,28.37,--,10,28370,买盘
822,10:48:34,28.37,--,12,34044,买盘
823,10:48:13,28.37,-0.01,28,79436,卖盘
824,10:48:09,28.38,--,2,5676,买盘
825,10:48:04,28.38,--,1,2838,买盘
826,10:47:43,28.38,-0.02,9,25542,卖盘
827,10:47:28,28.4,0.02,1,2840,买盘
828,10:47:24,28.38,--,4,11352,卖盘
829,10:47:19,28.38,--,15,42570,卖盘
830,10:47:13,28.38,--,1,2838,卖盘
831,10:46:39,28.38,--,4,11352,买盘
832,10:46:33,28.38,--,1,2838,卖盘
833,10:46:12,28.38,--,2,5676,卖盘
834,10:46:04,28.38,0.01,2,5676,买盘
835,10:45:58,28.37,-0.01,5,14185,卖盘
836,10:45:49,28.38,0.01,1,2838,买盘
837,10:45:04,28.37,--,0,0,卖盘
838,10:44:57,28.37,--,11,31207,卖盘
839,10:44:42,28.37,0.01,11,31207,买盘
840,10:44:36,28.36,-0.01,26,73736,卖盘
841,10:44:33,28.37,--,4,11348,买盘
842,10:44:28,28.37,--,9,25533,买盘
843,10:44:12,28.37,0.01,45,127665,买盘
844,10:43:48,28.36,--,4,11344,卖盘
845,10:43:42,28.36,-0.01,3,8508,卖盘
846,10:43:27,28.37,--,10,30185,买盘
847,10:43:12,28.37,--,3,8511,买盘
848,10:43:03,28.37,--,1,2837,买盘
849,10:42:57,28.37,--,19,54924,卖盘
850,10:42:51,28.37,--,4,11348,卖盘
851,10:42:48,28.37,--,8,22696,卖盘
852,10:42:42,28.37,--,50,141850,卖盘
853,10:42:33,28.37,--,2,5674,卖盘
854,10:42:27,28.37,--,1,2837,卖盘
855,10:41:48,28.37,-0.01,1,2837,卖盘
856,10:41:27,28.38,--,0,0,中性盘
857,10:41:03,28.38,--,10,28380,买盘
858,10:40:51,28.38,0.01,2,5676,买盘
859,10:40:42,28.37,-0.01,100,283700,卖盘
860,10:40:36,28.38,--,3,8514,买盘
861,10:40:33,28.38,--,16,45408,卖盘
862,10:39:57,28.38,0.01,17,48246,买盘
863,10:39:12,28.37,--,10,28370,卖盘
864,10:39:03,28.37,--,18,51066,卖盘
865,10:38:36,28.37,--,0,0,卖盘
866,10:38:17,28.37,-0.02,200,570038,卖盘
867,10:38:06,28.39,--,35,99365,买盘
868,10:37:57,28.39,--,4,11356,中性盘
869,10:37:51,28.39,--,11,31229,卖盘
870,10:37:36,28.39,-0.01,1,2839,卖盘
871,10:37:21,28.4,--,7,19880,买盘
872,10:36:57,28.4,0.01,52,147680,买盘
873,10:36:51,28.39,0.01,2,5678,中性盘
874,10:36:45,28.38,-0.01,119,337722,卖盘
875,10:36:42,28.39,-0.01,58,164662,卖盘
876,10:36:27,28.4,0.01,1,2840,买盘
877,10:36:21,28.39,--,1,2839,卖盘
878,10:35:57,28.39,--,1,2839,卖盘
879,10:35:51,28.39,-0.01,2,5678,卖盘
880,10:35:45,28.4,--,4,11360,买盘
881,10:35:42,28.4,0.01,16,45440,买盘
882,10:35:30,28.39,--,20,56780,卖盘
883,10:35:27,28.39,-0.01,2,5678,卖盘
884,10:35:15,28.4,--,3,8520,买盘
885,10:35:12,28.4,0.01,20,56800,买盘
886,10:35:00,28.39,--,20,56780,卖盘
887,10:34:30,28.39,--,40,113843,买盘
888,10:34:27,28.39,--,10,28390,买盘
889,10:34:21,28.39,--,2,5678,买盘
890,10:34:15,28.39,--,7,19873,买盘
891,10:34:06,28.39,--,48,136272,买盘
892,10:33:51,28.39,--,17,48263,买盘
893,10:33:45,28.39,--,52,147628,买盘
894,10:33:42,28.39,--,5,14195,买盘
895,10:33:15,28.39,0.01,3,8517,买盘
896,10:33:00,28.38,--,60,172011,买盘
897,10:32:57,28.38,--,1,2838,买盘
898,10:32:45,28.38,--,20,56760,买盘
899,10:32:42,28.38,--,6,17028,买盘
900,10:32:36,28.38,--,5,14190,买盘
901,10:32:30,28.38,--,10,28380,买盘
902,10:32:21,28.38,--,6,17028,买盘
903,10:32:00,28.38,--,1,2838,买盘
904,10:31:51,28.38,--,5,14190,买盘
905,10:31:41,28.38,--,6,17028,买盘
906,10:31:21,28.38,--,0,0,买盘
907,10:31:11,28.38,0.01,6,17028,买盘
908,10:31:06,28.37,-0.01,51,146048,卖盘
909,10:30:36,28.38,0.01,4,12827,买盘
910,10:30:30,28.37,-0.01,88,250421,卖盘
911,10:30:24,28.38,0.01,20,56760,买盘
912,10:30:15,28.37,-0.01,46,132573,卖盘
913,10:29:45,28.38,--,101,289220,卖盘
914,10:29:36,28.38,-0.01,2,5704,卖盘
915,10:29:15,28.39,-0.01,101,286739,卖盘
916,10:29:09,28.4,--,3,8520,买盘
917,10:28:54,28.4,--,1,2840,买盘
918,10:28:45,28.4,--,3,8520,买盘
919,10:28:30,28.4,0.01,30,85200,买盘
920,10:28:24,28.39,-0.01,15,42585,卖盘
921,10:28:21,28.4,--,6,17040,买盘
922,10:27:54,28.4,--,30,85200,买盘
923,10:27:45,28.4,-0.02,28,79633,卖盘
924,10:27:36,28.42,-0.02,20,56840,卖盘
925,10:27:24,28.44,--,10,28440,买盘
926,10:26:45,28.44,--,4,11376,卖盘
927,10:26:36,28.44,--,18,51192,卖盘
928,10:26:30,28.44,-0.01,26,73944,卖盘
929,10:26:24,28.45,--,7,19915,买盘
930,10:26:15,28.45,0.01,1,2845,买盘
931,10:25:50,28.44,0.02,4,11376,买盘
932,10:25:15,28.42,--,2,5684,卖盘
933,10:25:00,28.42,0.02,21,62410,买盘
934,10:24:54,28.4,--,4,11360,买盘
935,10:24:50,28.4,-0.02,6,19851,卖盘
936,10:24:45,28.42,--,3,8526,买盘
937,10:24:35,28.42,--,2,5684,买盘
938,10:24:15,28.42,--,2,5684,买盘
939,10:24:09,28.42,0.02,2,5684,买盘
940,10:23:54,28.4,--,7,19908,买盘
941,10:23:45,28.4,--,0,0,买盘
942,10:23:39,28.4,0.01,2,5680,买盘
943,10:23:35,28.39,-0.01,2,5678,卖盘
944,10:23:30,28.4,-0.02,5,17011,卖盘
945,10:23:24,28.42,0.02,3,8526,买盘
946,10:23:15,28.4,--,5,14228,买盘
947,10:23:09,28.4,--,4,14171,卖盘
948,10:23:00,28.4,--,2,5680,卖盘
949,10:22:48,28.4,--,29,82360,卖盘
950,10:22:33,28.4,0.01,15,42628,买盘
951,10:22:24,28.39,--,3,8517,卖盘
952,10:22:03,28.39,-0.01,2,5678,卖盘
953,10:21:39,28.4,0.01,1,2840,卖盘
954,10:21:33,28.39,--,0,0,中性盘
955,10:21:30,28.39,--,0,0,卖盘
956,10:21:24,28.39,--,10,28390,卖盘
957,10:21:18,28.39,--,4,11356,卖盘
958,10:21:15,28.39,--,16,45736,卖盘
959,10:21:09,28.39,-0.01,11,31229,卖盘
960,10:21:00,28.4,0.01,4,11360,买盘
961,10:20:54,28.39,--,0,0,卖盘
962,10:20:45,28.39,-0.03,7,19873,卖盘
963,10:20:39,28.42,0.03,1,2842,买盘
964,10:20:33,28.39,-0.03,2,5678,卖盘
965,10:20:24,28.42,0.03,3,8526,买盘
966,10:20:03,28.39,-0.01,7,19873,卖盘
967,10:19:54,28.4,0.01,5,16756,买盘
968,10:19:48,28.39,--,22,62458,卖盘
969,10:19:39,28.39,-0.01,1,2839,卖盘
970,10:19:33,28.4,--,50,142000,买盘
971,10:19:29,28.4,--,2,5680,买盘
972,10:19:24,28.4,0.01,5,14200,买盘
973,10:19:14,28.39,-0.01,21,59619,卖盘
974,10:19:09,28.4,--,3,8804,卖盘
975,10:19:03,28.4,--,1,2840,卖盘
976,10:18:54,28.4,--,15,45156,买盘
977,10:18:48,28.4,0.01,10,28400,买盘
978,10:18:44,28.39,-0.01,8,22712,卖盘
979,10:18:33,28.4,0.01,6,17040,买盘
980,10:18:29,28.39,0.01,2,5678,买盘
981,10:18:24,28.38,--,1,2838,卖盘
982,10:18:03,28.38,-0.01,11,31218,卖盘
983,10:17:54,28.39,--,22,62458,卖盘
984,10:17:48,28.39,-0.01,49,139111,卖盘
985,10:17:24,28.4,--,3,8520,买盘
986,10:17:18,28.4,-0.02,382,1085164,卖盘
987,10:17:09,28.42,--,24,68208,卖盘
988,10:16:39,28.42,--,2,5684,卖盘
989,10:16:29,28.42,-0.02,16,45472,卖盘
990,10:16:03,28.44,-0.01,10,28440,卖盘
991,10:15:27,28.45,0.01,2,5690,买盘
992,10:15:18,28.44,--,0,0,卖盘
993,10:15:12,28.44,--,0,0,卖盘
994,10:15:03,28.44,-0.03,9,25596,卖盘
995,10:14:53,28.47,--,1,2847,买盘
996,10:14:33,28.47,0.01,1,2847,买盘
997,10:14:18,28.46,--,2,5692,卖盘
998,10:14:08,28.46,--,1,2846,卖盘
999,10:13:33,28.46,--,5,14230,卖盘
1000,10:13:18,28.46,-0.01,80,227680,卖盘
1001,10:13:12,28.47,-0.02,83,236301,卖盘
1002,10:12:33,28.49,--,2,5698,买盘
1003,10:12:12,28.49,--,0,0,买盘
1004,10:12:03,28.49,--,3,8547,买盘
1005,10:11:48,28.49,0.02,10,28490,买盘
1006,10:11:42,28.47,-0.02,9,25623,卖盘
1007,10:11:08,28.49,--,13,37037,买盘
1008,10:11:03,28.49,--,4,11396,买盘
1009,10:10:48,28.49,0.02,3,8547,买盘
1010,10:09:57,28.47,--,0,0,卖盘
1011,10:09:53,28.47,-0.02,25,71175,卖盘
1012,10:09:42,28.49,0.02,1,2849,卖盘
1013,10:09:33,28.47,--,0,0,卖盘
1014,10:09:23,28.47,-0.02,17,48399,卖盘
1015,10:09:18,28.49,0.02,10,28490,买盘
1016,10:09:12,28.47,0.01,2,5694,卖盘
1017,10:08:18,28.46,--,0,0,卖盘
1018,10:07:47,28.46,--,4,13091,买盘
1019,10:07:36,28.46,--,0,1138,卖盘
1020,10:07:21,28.46,--,0,1707,卖盘
1021,10:07:17,28.46,--,0,0,中性盘
1022,10:07:12,28.46,--,0,0,中性盘
1023,10:06:57,28.46,--,6,17076,买盘
1024,10:06:51,28.46,-0.04,4,11384,卖盘
1025,10:06:47,28.5,--,0,0,买盘
1026,10:06:42,28.5,0.03,2,5700,买盘
1027,10:06:21,28.47,-0.03,2,5694,卖盘
1028,10:06:12,28.5,--,3,8550,买盘
1029,10:06:06,28.5,--,5,14250,卖盘
1030,10:05:51,28.5,--,5,14250,中性盘
1031,10:05:27,28.5,--,1,2850,买盘
1032,10:05:17,28.5,--,6,17100,买盘
1033,10:05:12,28.5,--,6,17100,买盘
1034,10:05:06,28.5,--,3,8550,买盘
1035,10:05:02,28.5,--,0,0,买盘
1036,10:04:57,28.5,--,4,11400,买盘
1037,10:04:47,28.5,0.01,1,2850,买盘
1038,10:04:21,28.49,-0.01,2,5698,卖盘
1039,10:04:12,28.5,0.01,53,151050,买盘
1040,10:03:51,28.49,--,6,17094,买盘
1041,10:03:42,28.49,--,1,2849,买盘
1042,10:03:36,28.49,--,6,17094,买盘
1043,10:03:32,28.49,--,1,2849,买盘
1044,10:03:27,28.49,--,2,5698,买盘
1045,10:03:06,28.49,--,2,5698,买盘
1046,10:03:02,28.49,0.03,14,39886,买盘
1047,10:02:57,28.46,--,5,14230,买盘
1048,10:02:47,28.46,--,0,0,买盘
1049,10:02:42,28.46,0.01,2,5692,买盘
1050,10:02:36,28.45,-0.01,14,39830,卖盘
1051,10:02:32,28.46,0.01,1,2846,买盘
1052,10:02:17,28.45,--,5,14225,卖盘
1053,10:02:12,28.45,0.01,12,34140,买盘
1054,10:01:51,28.44,--,5,14220,买盘
1055,10:01:12,28.44,--,0,0,买盘
1056,10:01:00,28.44,--,2,5688,买盘
1057,10:00:36,28.44,0.04,5,14220,买盘
1058,10:00:30,28.4,-0.04,1,2840,卖盘
1059,10:00:21,28.44,--,7,19908,买盘
1060,10:00:06,28.44,0.02,1,2844,买盘
1061,09:59:51,28.42,--,0,0,中性盘
1062,09:59:45,28.42,0.01,7,19894,买盘
1063,09:59:36,28.41,--,5,14205,买盘
1064,09:59:21,28.41,0.01,3,8523,买盘
1065,09:59:00,28.4,--,36,102240,卖盘
1066,09:58:51,28.4,--,12,34080,卖盘
1067,09:58:45,28.4,--,2,5680,卖盘
1068,09:58:41,28.4,--,14,39760,卖盘
1069,09:58:15,28.4,--,1,2840,卖盘
1070,09:58:11,28.4,--,6,17040,卖盘
1071,09:58:06,28.4,--,10,28400,卖盘
1072,09:57:45,28.4,--,0,0,卖盘
1073,09:57:30,28.4,--,14,39760,卖盘
1074,09:57:26,28.4,--,0,0,卖盘
1075,09:57:11,28.4,-0.02,5,14200,卖盘
1076,09:57:06,28.42,0.02,5,14210,买盘
1077,09:57:00,28.4,-0.01,44,124960,卖盘
1078,09:56:56,28.41,--,27,76707,买盘
1079,09:56:51,28.41,0.01,10,28410,卖盘
1080,09:56:45,28.4,--,4,11360,卖盘
1081,09:56:41,28.4,-0.01,25,72136,卖盘
1082,09:56:36,28.41,0.01,5,14205,买盘
1083,09:56:30,28.4,-0.01,89,252760,卖盘
1084,09:56:11,28.41,--,13,36933,买盘
1085,09:56:06,28.41,0.01,9,25569,买盘
1086,09:56:00,28.4,--,1,2840,卖盘
1087,09:55:41,28.4,--,1,2840,卖盘
1088,09:55:30,28.4,--,7,19880,卖盘
1089,09:55:26,28.4,--,2,5680,卖盘
1090,09:55:11,28.4,-0.01,1,2840,卖盘
1091,09:55:06,28.41,0.01,3,8523,买盘
1092,09:55:00,28.4,--,17,48280,卖盘
1093,09:54:54,28.4,--,14,42316,卖盘
1094,09:54:50,28.4,--,11,31240,卖盘
1095,09:54:45,28.4,--,10,28400,卖盘
1096,09:54:39,28.4,--,11,31240,卖盘
1097,09:54:30,28.4,0.01,42,119280,买盘
1098,09:54:24,28.39,-0.01,29,82331,卖盘
1099,09:54:15,28.4,--,0,0,买盘
1100,09:54:09,28.4,0.01,4,11360,买盘
1101,09:54:05,28.39,--,0,0,买盘
1102,09:54:00,28.39,--,2,5678,买盘
1103,09:53:54,28.39,--,17,48490,卖盘
1104,09:53:50,28.39,--,18,51102,卖盘
1105,09:53:39,28.39,--,21,59619,卖盘
1106,09:53:30,28.39,--,24,68136,卖盘
1107,09:53:20,28.39,--,0,0,卖盘
1108,09:53:15,28.39,--,11,31229,卖盘
1109,09:53:09,28.39,-0.01,14,39746,卖盘
1110,09:53:00,28.4,--,0,0,买盘
1111,09:52:54,28.4,--,1,2840,买盘
1112,09:52:50,28.4,--,20,56800,卖盘
1113,09:52:39,28.4,--,11,31240,卖盘
1114,09:52:30,28.4,--,7,19880,卖盘
1115,09:52:24,28.4,--,22,62480,卖盘
1116,09:52:20,28.4,--,20,56800,卖盘
1117,09:52:15,28.4,--,9,25560,卖盘
1118,09:52:09,28.4,--,13,36920,买盘
1119,09:52:00,28.4,--,39,110760,卖盘
1120,09:51:54,28.4,--,10,28400,卖盘
1121,09:51:50,28.4,-0.01,11,31240,卖盘
1122,09:51:45,28.41,0.01,23,65343,买盘
1123,09:51:39,28.4,-0.01,66,187440,卖盘
1124,09:51:35,28.41,--,5,14205,买盘
1125,09:51:20,28.41,--,1,2841,买盘
1126,09:51:14,28.41,--,22,62502,买盘
1127,09:51:09,28.41,-0.02,22,62502,卖盘
1128,09:50:59,28.43,0.02,20,56860,买盘
1129,09:50:54,28.41,-0.01,2,5682,卖盘
1130,09:50:44,28.42,-0.01,9,25578,卖盘
1131,09:50:35,28.43,0.01,12,34116,卖盘
1132,09:50:24,28.42,--,10,28420,卖盘
1133,09:50:20,28.42,-0.01,12,34104,卖盘
1134,09:50:14,28.43,--,16,45772,卖盘
1135,09:50:09,28.43,--,14,39802,卖盘
1136,09:50:05,28.43,0.01,12,36674,卖盘
1137,09:49:54,28.42,--,6,17052,卖盘
1138,09:49:50,28.42,-0.04,15,42630,卖盘
1139,09:49:44,28.46,0.03,1,2846,买盘
1140,09:49:29,28.43,--,5,14215,卖盘
1141,09:49:14,28.43,--,3,8529,卖盘
1142,09:49:09,28.43,-0.01,14,39802,卖盘
1143,09:48:54,28.44,-0.01,1,2844,买盘
1144,09:48:50,28.45,--,1,2845,卖盘
1145,09:48:44,28.45,--,4,11380,买盘
1146,09:48:39,28.45,0.01,10,28450,买盘
1147,09:48:19,28.44,0.01,1,2844,买盘
1148,09:48:09,28.43,--,5,14215,卖盘
1149,09:47:54,28.43,--,4,11372,买盘
1150,09:47:39,28.43,--,1,2843,买盘
1151,09:47:34,28.43,0.03,4,11372,买盘
1152,09:46:59,28.4,--,0,0,卖盘
1153,09:46:48,28.4,--,1,2840,卖盘
1154,09:46:44,28.4,-0.03,6,17040,卖盘
1155,09:46:39,28.43,0.03,2,5686,买盘
1156,09:46:09,28.4,-0.03,5,14200,卖盘
1157,09:45:59,28.43,0.03,15,42645,买盘
1158,09:45:54,28.4,--,3,8520,卖盘
1159,09:45:39,28.4,-0.03,20,56800,卖盘
1160,09:45:09,28.43,0.03,15,42645,买盘
1161,09:45:03,28.4,--,60,170400,买盘
1162,09:44:48,28.4,--,1,2840,买盘
1163,09:44:38,28.4,--,1,2840,买盘
1164,09:44:33,28.4,--,2,5680,买盘
1165,09:44:29,28.4,--,29,82360,卖盘
1166,09:44:14,28.4,-0.02,2,5680,卖盘
1167,09:44:03,28.42,0.02,3,8526,买盘
1168,09:43:53,28.4,-0.03,1,2840,卖盘
1169,09:43:48,28.43,--,0,0,买盘
1170,09:43:44,28.43,--,1,2843,买盘
1171,09:43:38,28.43,--,1,2843,买盘
1172,09:43:03,28.43,--,30,85290,买盘
1173,09:42:53,28.43,0.03,2,5686,买盘
1174,09:42:48,28.4,-0.01,10,28400,卖盘
1175,09:42:44,28.41,0.01,5,14205,卖盘
1176,09:42:33,28.4,--,17,48280,卖盘
1177,09:42:29,28.4,--,1,2840,卖盘
1178,09:42:18,28.4,0.01,18,51120,卖盘
1179,09:42:13,28.39,--,0,0,卖盘
1180,09:41:48,28.39,--,0,0,卖盘
1181,09:41:44,28.39,-0.04,15,42585,卖盘
1182,09:41:38,28.43,0.04,1,2843,买盘
1183,09:41:33,28.39,--,2,5678,卖盘
1184,09:41:18,28.39,--,0,0,卖盘
1185,09:41:13,28.39,--,22,62458,卖盘
1186,09:40:53,28.39,-0.03,4,13967,卖盘
1187,09:40:48,28.42,--,20,56840,买盘
1188,09:40:33,28.42,0.04,4,11368,买盘
1189,09:40:28,28.38,--,0,0,卖盘
1190,09:40:23,28.38,-0.05,23,65501,卖盘
1191,09:40:18,28.43,--,7,19901,买盘
1192,09:40:08,28.43,0.04,50,142150,买盘
1193,09:40:03,28.39,-0.04,1,2839,卖盘
1194,09:39:53,28.43,-0.01,1,2843,卖盘
1195,09:39:48,28.44,0.01,4,11376,买盘
1196,09:39:38,28.43,--,4,11372,买盘
1197,09:39:27,28.43,0.05,1,2843,买盘
1198,09:39:23,28.38,--,11,31218,卖盘
1199,09:39:18,28.38,--,17,48246,卖盘
1200,09:39:12,28.38,0.02,4,11352,买盘
1201,09:39:03,28.36,-0.01,87,246732,卖盘
1202,09:38:57,28.37,-0.01,16,45392,卖盘
1203,09:38:53,28.38,--,1,2838,买盘
1204,09:38:48,28.38,0.01,2,5676,买盘
1205,09:38:42,28.37,--,23,65251,卖盘
1206,09:38:38,28.37,--,0,0,卖盘
1207,09:38:33,28.37,-0.02,43,121991,卖盘
1208,09:38:27,28.39,--,11,31229,买盘
1209,09:38:23,28.39,--,49,139111,买盘
1210,09:38:12,28.39,--,12,34068,卖盘
1211,09:38:08,28.39,--,0,0,卖盘
1212,09:37:57,28.39,-0.01,6,17034,卖盘
1213,09:37:53,28.4,--,20,56800,卖盘
1214,09:37:38,28.4,--,17,48280,卖盘
1215,09:37:27,28.4,-0.02,27,76680,卖盘
1216,09:37:23,28.42,-0.01,33,93786,卖盘
1217,09:37:08,28.43,--,8,22744,卖盘
1218,09:36:57,28.43,-0.01,5,14215,卖盘
1219,09:36:42,28.44,--,3,8532,卖盘
1220,09:36:38,28.44,-0.02,2,5688,卖盘
1221,09:36:27,28.46,--,2,5692,买盘
1222,09:36:23,28.46,--,3,8538,买盘
1223,09:36:12,28.46,--,12,34152,卖盘
1224,09:36:08,28.46,--,0,0,卖盘
1225,09:36:02,28.46,--,7,19922,卖盘
1226,09:35:57,28.46,-0.02,10,28460,卖盘
1227,09:35:53,28.48,0.02,54,153792,买盘
1228,09:35:47,28.46,-0.02,2,5692,卖盘
1229,09:35:42,28.48,0.02,30,85440,中性盘
1230,09:35:37,28.46,-0.03,17,48382,卖盘
1231,09:35:27,28.49,0.01,10,28490,买盘
1232,09:35:23,28.48,--,7,19936,卖盘
1233,09:35:12,28.48,-0.01,2,5696,卖盘
1234,09:35:07,28.49,0.02,60,170940,买盘
1235,09:35:02,28.47,-0.02,73,207831,卖盘
1236,09:34:57,28.49,--,0,0,买盘
1237,09:34:52,28.49,0.01,2,5698,买盘
1238,09:34:47,28.48,--,1,2848,卖盘
1239,09:34:37,28.48,--,10,28480,买盘
1240,09:34:32,28.48,--,1,2848,买盘
1241,09:34:27,28.48,--,2,5696,买盘
1242,09:34:12,28.48,0.01,11,31328,买盘
1243,09:34:07,28.47,--,4,11388,买盘
1244,09:33:42,28.47,0.01,1,2847,买盘
1245,09:33:12,28.46,--,3,8538,买盘
1246,09:32:57,28.46,0.03,1,2846,买盘
1247,09:32:47,28.43,0.01,1,2843,中性盘
1248,09:32:37,28.42,--,0,0,卖盘
1249,09:32:32,28.42,-0.06,1,2842,卖盘
1250,09:32:21,28.48,0.05,1,2848,买盘
1251,09:32:17,28.43,--,0,0,中性盘
1252,09:32:12,28.43,-0.07,2,5686,卖盘
1253,09:32:06,28.5,0.07,5,14250,买盘
1254,09:32:02,28.43,0.01,3,8529,卖盘
1255,09:31:47,28.42,--,0,0,中性盘
1256,09:31:36,28.42,-0.11,1,2842,卖盘
1257,09:31:26,28.53,0.16,2,5706,买盘
1258,09:31:17,28.37,-0.05,12,34044,卖盘
1259,09:31:11,28.42,0.01,25,71050,买盘
1260,09:31:06,28.41,-0.01,12,34092,中性盘
1261,09:31:02,28.42,--,3,8526,买盘
1262,09:30:56,28.42,0.06,1,2842,买盘
1263,09:30:51,28.36,-0.06,3,8508,卖盘
1264,09:30:47,28.42,--,2,5684,买盘
1265,09:30:41,28.42,--,2,5684,买盘
1266,09:30:36,28.42,--,2,5684,买盘
1267,09:30:32,28.42,--,5,14210,买盘
1268,09:30:26,28.42,0.04,19,53998,买盘
1269,09:30:17,28.38,-0.1,6,17028,卖盘
1270,09:30:11,28.48,--,0,0,买盘
1271,09:30:06,28.48,0.08,103,293344,中性盘
1272,09:30:02,28.4,-0.05,100,284000,卖盘
1273,09:28:52,28.45,--,0,0,中性盘
1274,09:25:05,28.45,28.45,94,267430,买盘
