,time,price,change,volume,amount,type
0,15:00:00,249.86,--,0,0,买盘
1,14:59:59,249.86,0.01,6,149916,买盘
2,14:59:57,249.85,-0.01,66,1649010,卖盘
3,14:59:53,249.86,--,25,624650,卖盘
4,14:59:47,249.86,--,20,499720,卖盘
5,14:59:42,249.86,--,5,124930,卖盘
6,14:59:38,249.86,0.05,21,524706,中性盘
7,14:59:32,249.81,-0.04,22,549582,卖盘
8,14:59:27,249.85,-0.02,3,74955,卖盘
9,14:59:23,249.87,0.02,13,324831,买盘
10,14:59:17,249.85,--,12,299820,卖盘
11,14:59:12,249.85,--,3,74955,卖盘
12,14:59:08,249.85,--,4,99940,卖盘
13,14:59:02,249.85,0.05,6,149910,中性盘
14,14:58:57,249.8,-0.01,16,407174,中性盘
15,14:58:52,249.81,0.03,13,342239,买盘
16,14:58:47,249.78,-0.01,7,174846,卖盘
17,14:58:42,249.79,--,1,32472,买盘
18,14:58:37,249.79,--,3,92422,卖盘
19,14:58:32,249.79,-0.03,11,282262,中性盘
20,14:58:27,249.82,0.04,19,474658,买盘
21,14:58:22,249.78,-0.04,91,2286735,卖盘
22,14:58:17,249.82,0.02,24,599568,买盘
23,14:58:12,249.8,-0.02,4,99920,中性盘
24,14:58:07,249.82,0.04,3,74946,买盘
25,14:58:02,249.78,--,8,199824,卖盘
26,14:57:57,249.78,--,32,799296,卖盘
27,14:57:51,249.78,0.01,6,161108,买盘
28,14:57:47,249.77,-0.01,3,74931,卖盘
29,14:57:42,249.78,0.01,8,199824,买盘
30,14:57:36,249.77,0.01,3,74931,买盘
31,14:57:32,249.76,--,24,599424,卖盘
32,14:57:27,249.76,-0.01,3,74928,卖盘
33,14:57:17,249.77,0.07,3,74931,中性盘
34,14:57:12,249.7,-0.08,4,99880,卖盘
35,14:57:06,249.78,0.03,6,149868,买盘
36,14:57:02,249.75,0.01,3,74925,卖盘
37,14:56:57,249.74,0.09,5,124870,中性盘
38,14:56:51,249.65,-0.04,2,49930,卖盘
39,14:56:47,249.69,-0.05,7,174783,卖盘
40,14:56:42,249.74,-0.04,4,99896,中性盘
41,14:56:36,249.78,0.04,8,199824,买盘
42,14:56:32,249.74,-0.04,4,99896,卖盘
43,14:56:27,249.78,0.15,3,74934,买盘
44,14:56:21,249.63,--,2,49926,卖盘
45,14:56:17,249.63,-0.15,7,174741,中性盘
46,14:56:12,249.78,--,16,399648,买盘
47,14:56:06,249.78,0.16,3,74934,买盘
48,14:56:02,249.62,-0.08,22,549164,卖盘
49,14:55:56,249.7,-0.08,6,149820,中性盘
50,14:55:51,249.78,0.18,1,24978,买盘
51,14:55:47,249.6,-0.01,26,648960,卖盘
52,14:55:41,249.61,-0.01,9,224649,卖盘
53,14:55:36,249.62,0.01,6,149772,中性盘
54,14:55:32,249.61,--,3,74883,卖盘
55,14:55:26,249.61,-0.03,4,99844,卖盘
56,14:55:21,249.64,-0.16,7,174748,卖盘
57,14:55:17,249.8,0.02,34,849320,买盘
58,14:55:11,249.78,0.18,7,174846,买盘
59,14:55:06,249.6,--,8,199680,卖盘
60,14:55:02,249.6,-0.01,9,224640,卖盘
61,14:54:56,249.61,-0.19,28,698908,卖盘
62,14:54:51,249.8,--,0,0,买盘
63,14:54:47,249.8,--,10,249800,买盘
64,14:54:41,249.8,0.01,6,149880,买盘
65,14:54:36,249.79,0.18,2,49958,买盘
66,14:54:32,249.61,-0.17,6,149766,卖盘
67,14:54:26,249.78,--,4,99912,中性盘
68,14:54:21,249.78,--,0,0,中性盘
69,14:54:17,249.78,0.18,9,224802,买盘
70,14:54:11,249.6,0.05,20,499200,买盘
71,14:54:02,249.55,--,2,49910,中性盘
72,14:53:56,249.55,--,2,52405,买盘
73,14:53:51,249.55,-0.05,3,74865,卖盘
74,14:53:47,249.6,-0.18,17,424320,卖盘
75,14:53:41,249.78,--,5,124890,卖盘
76,14:53:36,249.78,-0.01,4,99912,卖盘
77,14:53:32,249.79,0.25,9,224811,买盘
78,14:53:26,249.54,--,5,124770,卖盘
79,14:53:21,249.54,-0.26,4,99816,卖盘
80,14:53:17,249.8,0.07,19,474620,买盘
81,14:53:11,249.73,-0.06,8,199784,中性盘
82,14:53:06,249.79,0.25,26,649454,买盘
83,14:53:02,249.54,-0.24,4,99816,卖盘
84,14:52:56,249.78,0.1,8,199824,中性盘
85,14:52:51,249.68,-0.11,3,74904,卖盘
86,14:52:47,249.79,--,8,199832,买盘
87,14:52:41,249.79,--,2,49958,买盘
88,14:52:32,249.79,0.11,1,24979,买盘
89,14:52:26,249.68,0.17,1,24968,买盘
90,14:52:21,249.51,--,2,49902,卖盘
91,14:52:16,249.51,0.01,7,174657,卖盘
92,14:52:11,249.5,-0.28,20,499000,卖盘
93,14:52:06,249.78,0.28,1,24978,买盘
94,14:52:01,249.5,--,1,24950,卖盘
95,14:51:56,249.5,--,2,49900,卖盘
96,14:51:51,249.5,--,13,324350,卖盘
97,14:51:46,249.5,0.12,56,1418906,买盘
98,14:51:41,249.38,-0.12,8,199504,卖盘
99,14:51:36,249.5,--,4,99800,买盘
100,14:51:31,249.5,--,14,349300,买盘
101,14:51:26,249.5,--,23,573850,买盘
102,14:51:21,249.5,-0.08,9,224550,卖盘
103,14:51:16,249.58,0.08,47,1173026,买盘
104,14:51:11,249.5,--,76,1896200,买盘
105,14:51:06,249.5,--,19,474050,买盘
106,14:51:01,249.5,0.12,7,174650,买盘
107,14:50:56,249.38,-0.12,3,74814,卖盘
108,14:50:51,249.5,-0.07,15,374250,中性盘
109,14:50:45,249.57,--,1,24957,买盘
110,14:50:41,249.57,-0.23,2,49914,卖盘
111,14:50:36,249.8,0.01,8,199840,买盘
112,14:50:30,249.79,0.09,1,24979,买盘
113,14:50:26,249.7,0.03,8,199760,卖盘
114,14:50:21,249.67,0.37,13,324571,中性盘
115,14:50:15,249.3,--,2,49860,买盘
116,14:50:11,249.3,-0.27,31,772830,卖盘
117,14:50:06,249.57,0.31,10,249570,中性盘
118,14:50:00,249.26,--,0,0,卖盘
119,14:49:56,249.26,0.01,2,49852,卖盘
120,14:49:50,249.25,0.04,5,124625,卖盘
121,14:49:41,249.21,--,11,274131,卖盘
122,14:49:35,249.21,-0.02,19,473499,卖盘
123,14:49:30,249.23,-0.07,32,797536,卖盘
124,14:49:26,249.3,0.09,1,24930,卖盘
125,14:49:20,249.21,-0.02,4,99684,卖盘
126,14:49:11,249.23,--,10,249230,中性盘
127,14:49:05,249.23,0.02,21,523383,中性盘
128,14:49:00,249.21,--,1,24921,买盘
129,14:48:56,249.21,-0.06,35,872235,卖盘
130,14:48:50,249.27,0.06,3,74781,中性盘
131,14:48:35,249.21,--,0,0,卖盘
132,14:48:30,249.21,0.01,2,49842,卖盘
133,14:48:26,249.2,-0.6,4,99680,卖盘
134,14:48:20,249.8,0.59,9,224820,买盘
135,14:48:15,249.21,0.01,4,99684,卖盘
136,14:48:11,249.2,-0.6,2,49840,卖盘
137,14:48:05,249.8,0.6,2,49960,买盘
138,14:48:00,249.2,0.03,4,99680,卖盘
139,14:47:56,249.17,-0.03,7,174419,卖盘
140,14:47:50,249.2,-0.65,1,24920,卖盘
141,14:47:45,249.85,0.68,2,49970,买盘
142,14:47:41,249.17,--,2,49834,卖盘
143,14:47:35,249.17,-0.68,4,99668,卖盘
144,14:47:30,249.85,0.16,7,180141,买盘
145,14:47:26,249.69,0.39,4,99876,买盘
146,14:47:20,249.3,--,9,224370,买盘
147,14:47:15,249.3,-0.55,12,299160,卖盘
148,14:47:11,249.85,0.17,46,1149310,买盘
149,14:47:05,249.68,0.07,13,324584,买盘
150,14:47:00,249.61,-0.01,2,49922,卖盘
151,14:46:56,249.62,-0.23,7,174734,卖盘
152,14:46:50,249.85,--,7,174895,卖盘
153,14:46:45,249.85,--,1,24985,卖盘
154,14:46:41,249.85,--,14,349790,卖盘
155,14:46:35,249.85,--,9,224865,卖盘
156,14:46:30,249.85,--,18,449730,卖盘
157,14:46:26,249.85,0.24,4,99940,买盘
158,14:46:20,249.61,--,15,374415,买盘
159,14:46:15,249.61,--,2,49922,买盘
160,14:46:10,249.61,-0.27,23,574103,卖盘
161,14:46:05,249.88,0.27,170,4247960,买盘
162,14:46:00,249.61,--,0,0,卖盘
163,14:45:55,249.61,-0.07,3,74883,卖盘
164,14:45:50,249.68,-0.2,6,149808,中性盘
165,14:45:45,249.88,0.2,23,574724,买盘
166,14:45:40,249.68,0.07,18,449424,买盘
167,14:45:35,249.61,0.01,4,99844,买盘
168,14:45:30,249.6,--,3,74880,卖盘
169,14:45:25,249.6,-0.01,3,74880,卖盘
170,14:45:20,249.61,-0.01,10,249610,卖盘
171,14:45:15,249.62,-0.06,2,49924,中性盘
172,14:45:10,249.68,0.07,4,99872,买盘
173,14:45:05,249.61,--,0,0,卖盘
174,14:45:00,249.61,-0.07,1,24961,卖盘
175,14:44:55,249.68,--,2,49936,买盘
176,14:44:50,249.68,0.08,6,149808,买盘
177,14:44:40,249.6,--,18,449280,买盘
178,14:44:35,249.6,0.17,14,349440,买盘
179,14:44:30,249.43,-0.17,7,174601,卖盘
180,14:44:25,249.6,--,35,873600,买盘
181,14:44:20,249.6,0.12,15,374400,买盘
182,14:44:15,249.48,-0.05,2,49896,卖盘
183,14:44:10,249.53,0.03,3,74859,中性盘
184,14:44:05,249.5,--,8,199600,卖盘
185,14:44:00,249.5,--,1,24950,卖盘
186,14:43:55,249.5,--,3,74850,卖盘
187,14:43:50,249.5,-0.14,4,99800,卖盘
188,14:43:44,249.64,0.21,11,274604,买盘
189,14:43:35,249.43,0.01,2,49886,中性盘
190,14:43:29,249.42,0.09,1,24942,买盘
191,14:43:24,249.33,-0.09,3,74799,卖盘
192,14:43:20,249.42,--,2,49884,买盘
193,14:43:14,249.42,-0.08,3,74826,买盘
194,14:43:05,249.5,0.18,5,124750,买盘
195,14:42:59,249.32,-0.1,11,274252,中性盘
196,14:42:54,249.42,0.17,2,49884,买盘
197,14:42:49,249.25,-0.07,7,174475,卖盘
198,14:42:44,249.32,0.15,2,49864,买盘
199,14:42:39,249.17,-0.08,1,24917,卖盘
200,14:42:35,249.25,0.24,1,24925,买盘
201,14:42:29,249.01,--,0,0,中性盘
202,14:42:24,249.01,0.01,2,49802,卖盘
203,14:42:20,249.0,--,5,124500,卖盘
204,14:42:14,249.0,--,7,174300,卖盘
205,14:42:09,249.0,-0.15,19,473100,卖盘
206,14:42:05,249.15,0.15,2,49830,买盘
207,14:41:59,249.0,0.1,55,1369500,中性盘
208,14:41:54,248.9,-0.25,114,2837460,卖盘
209,14:41:50,249.15,0.24,20,498300,买盘
210,14:41:44,248.91,0.01,8,199128,中性盘
211,14:41:39,248.9,-0.25,22,547580,卖盘
212,14:41:35,249.15,0.25,108,2691816,买盘
213,14:41:29,248.9,0.19,15,373350,买盘
214,14:41:24,248.71,--,0,0,卖盘
215,14:41:20,248.71,--,23,572033,卖盘
216,14:41:14,248.71,0.01,6,149226,中性盘
217,14:41:09,248.7,--,6,149220,卖盘
218,14:41:05,248.7,--,8,198960,卖盘
219,14:40:59,248.7,--,8,198960,卖盘
220,14:40:54,248.7,0.09,4,99480,买盘
221,14:40:49,248.61,-0.01,4,99444,卖盘
222,14:40:44,248.62,-0.18,9,223758,卖盘
223,14:40:39,248.8,0.19,6,149280,卖盘
224,14:40:35,248.61,-0.19,2,49722,卖盘
225,14:40:29,248.8,0.19,5,124400,买盘
226,14:40:24,248.61,--,0,0,卖盘
227,14:40:19,248.61,-0.05,3,74583,卖盘
228,14:40:14,248.66,-0.14,9,223794,卖盘
229,14:40:09,248.8,--,17,422960,买盘
230,14:40:05,248.8,0.1,5,124400,买盘
231,14:39:59,248.7,-0.1,2,49740,卖盘
232,14:39:54,248.8,0.14,3,74640,买盘
233,14:39:50,248.66,-0.04,2,49732,卖盘
234,14:39:44,248.7,--,5,124350,买盘
235,14:39:39,248.7,0.04,8,198960,买盘
236,14:39:34,248.66,-0.04,5,124330,卖盘
237,14:39:29,248.7,0.03,11,273570,中性盘
238,14:39:24,248.67,-0.33,20,497340,卖盘
239,14:39:19,249.0,0.3,57,1419300,买盘
240,14:39:14,248.7,-0.02,20,497400,卖盘
241,14:39:09,248.72,-0.01,17,422824,卖盘
242,14:39:04,248.73,-0.15,35,870555,卖盘
243,14:38:59,248.88,-0.12,5,124440,中性盘
244,14:38:54,249.0,0.07,5,124500,买盘
245,14:38:49,248.93,0.2,4,99572,中性盘
246,14:38:44,248.73,-0.29,11,273603,卖盘
247,14:38:39,249.02,0.02,9,224118,买盘
248,14:38:34,249.0,--,5,124500,卖盘
249,14:38:29,249.0,0.01,8,199200,中性盘
250,14:38:24,248.99,-0.02,1,24899,中性盘
251,14:38:19,249.01,0.01,11,273911,买盘
252,14:38:14,249.0,-0.01,10,250494,卖盘
253,14:38:09,249.01,-0.01,21,522921,卖盘
254,14:38:04,249.02,0.01,16,398432,中性盘
255,14:37:59,249.01,--,14,348614,卖盘
256,14:37:53,249.01,-0.14,23,572723,卖盘
257,14:37:49,249.15,0.13,65,1619475,买盘
258,14:37:44,249.02,0.01,13,347133,买盘
259,14:37:38,249.01,0.12,27,672327,卖盘
260,14:37:34,248.89,0.01,12,298668,卖盘
261,14:37:29,248.88,--,30,746640,卖盘
262,14:37:23,248.88,-0.1,2,49776,卖盘
263,14:37:19,248.98,0.1,6,149388,买盘
264,14:37:14,248.88,--,7,174216,买盘
265,14:37:08,248.88,0.16,8,199104,买盘
266,14:37:04,248.72,0.02,5,124360,中性盘
267,14:36:59,248.7,-0.02,8,198960,卖盘
268,14:36:53,248.72,0.07,4,99488,买盘
269,14:36:48,248.65,--,10,248650,卖盘
270,14:36:44,248.65,--,26,646490,买盘
271,14:36:38,248.65,0.13,36,895140,买盘
272,14:36:33,248.52,0.01,21,529347,卖盘
273,14:36:28,248.51,-0.1,14,347914,卖盘
274,14:36:23,248.61,0.11,6,149166,中性盘
275,14:36:18,248.5,-0.11,9,223650,卖盘
276,14:36:13,248.61,--,22,546942,卖盘
277,14:36:08,248.61,0.19,5,124305,中性盘
278,14:36:03,248.42,--,17,422314,卖盘
279,14:35:58,248.42,-0.19,22,546524,卖盘
280,14:35:53,248.61,0.06,31,770691,买盘
281,14:35:48,248.55,0.15,2,49710,中性盘
282,14:35:43,248.4,-0.21,4,99360,卖盘
283,14:35:38,248.61,-0.03,10,248610,买盘
284,14:35:33,248.64,--,0,0,买盘
285,14:35:28,248.64,0.28,26,646464,买盘
286,14:35:23,248.36,-0.06,33,819588,卖盘
287,14:35:13,248.42,-0.22,55,1366310,卖盘
288,14:35:08,248.64,-0.08,9,223776,卖盘
289,14:35:03,248.72,0.12,14,348208,买盘
290,14:34:58,248.6,-0.04,8,198880,卖盘
291,14:34:53,248.64,-0.02,26,646464,卖盘
292,14:34:48,248.66,-0.06,13,323258,卖盘
293,14:34:43,248.72,--,26,646672,买盘
294,14:34:38,248.72,-0.01,22,547184,卖盘
295,14:34:33,248.73,-0.27,3,74619,卖盘
296,14:34:28,249.0,0.27,8,199200,买盘
297,14:34:23,248.73,0.01,6,149238,中性盘
298,14:34:18,248.72,-0.28,5,124360,卖盘
299,14:34:13,249.0,0.28,10,249000,买盘
300,14:34:08,248.72,-0.28,7,174104,卖盘
301,14:34:03,249.0,0.3,2,49800,买盘
302,14:33:58,248.7,-0.3,15,373050,卖盘
303,14:33:53,249.0,0.2,21,522900,买盘
304,14:33:48,248.8,-0.11,2,56726,卖盘
305,14:33:43,248.91,--,16,398256,买盘
306,14:33:38,248.91,-0.1,12,298692,卖盘
307,14:33:33,249.01,-0.03,56,1394456,卖盘
308,14:33:28,249.04,0.02,19,473176,中性盘
309,14:33:23,249.02,0.01,8,199216,中性盘
310,14:33:18,249.01,-0.03,39,971139,卖盘
311,14:33:13,249.04,0.03,93,2318811,买盘
312,14:33:08,249.01,-0.01,47,1185536,卖盘
313,14:33:03,249.02,--,3,74706,买盘
314,14:32:58,249.02,-0.09,36,896472,卖盘
315,14:32:53,249.11,-0.07,71,1778396,卖盘
316,14:32:48,249.18,0.03,6,149508,买盘
317,14:32:43,249.15,-0.05,46,1146090,卖盘
318,14:32:38,249.2,--,71,1769320,卖盘
319,14:32:33,249.2,-0.01,26,647920,卖盘
320,14:32:28,249.21,--,19,473499,买盘
321,14:32:23,249.21,-0.1,19,473499,卖盘
322,14:32:18,249.31,-0.01,29,738206,卖盘
323,14:32:13,249.32,0.01,16,398912,中性盘
324,14:32:08,249.31,-0.02,7,174517,卖盘
325,14:32:03,249.33,-0.09,31,772923,卖盘
326,14:31:58,249.42,-0.07,25,623550,卖盘
327,14:31:53,249.49,-0.04,8,199592,卖盘
328,14:31:48,249.53,--,15,374295,买盘
329,14:31:43,249.53,-0.05,32,798496,卖盘
330,14:31:38,249.58,-0.03,28,698824,卖盘
331,14:31:32,249.61,-0.07,3,74883,卖盘
332,14:31:28,249.68,--,5,124840,卖盘
333,14:31:23,249.68,-0.12,7,174776,卖盘
334,14:31:17,249.8,-0.07,8,199840,卖盘
335,14:31:13,249.87,-0.13,13,324831,卖盘
336,14:31:08,250.0,-0.01,146,3659500,卖盘
337,14:31:02,250.01,0.01,21,525021,中性盘
338,14:30:58,250.0,--,238,5965500,卖盘
339,14:30:53,250.0,-0.08,103,2575000,卖盘
340,14:30:47,250.08,-0.02,1,25008,卖盘
341,14:30:43,250.1,-0.06,168,4201680,卖盘
342,14:30:38,250.16,-0.04,22,550352,卖盘
343,14:30:32,250.2,-0.03,38,950760,卖盘
344,14:30:28,250.23,-0.02,26,670115,卖盘
345,14:30:23,250.25,-0.01,3,75075,卖盘
346,14:30:17,250.26,-0.04,7,175182,卖盘
347,14:30:13,250.3,0.04,8,200240,买盘
348,14:30:08,250.26,-0.04,6,150156,卖盘
349,14:30:01,250.3,--,6,150180,买盘
350,14:29:58,250.3,0.03,5,125150,买盘
351,14:29:53,250.27,--,4,100108,卖盘
352,14:29:47,250.27,--,12,300324,卖盘
353,14:29:42,250.27,-0.03,2,50054,卖盘
354,14:29:38,250.3,0.04,6,150180,买盘
355,14:29:32,250.26,-0.04,4,100104,卖盘
356,14:29:27,250.3,--,4,100120,买盘
357,14:29:22,250.3,--,10,250300,中性盘
358,14:29:17,250.3,-0.33,4,100120,中性盘
359,14:29:12,250.63,0.37,2,50126,买盘
360,14:29:07,250.26,-0.04,7,175182,卖盘
361,14:29:02,250.3,--,4,100120,卖盘
362,14:28:57,250.3,-0.33,2,50060,卖盘
363,14:28:52,250.63,0.38,1,25063,买盘
364,14:28:47,250.25,0.01,4,100100,中性盘
365,14:28:42,250.24,-0.01,6,150144,卖盘
366,14:28:37,250.25,-0.16,7,175175,卖盘
367,14:28:32,250.41,0.11,1,25041,卖盘
368,14:28:27,250.3,--,0,0,卖盘
369,14:28:22,250.3,--,1,25030,卖盘
370,14:28:16,250.3,0.06,1,30536,买盘
371,14:28:12,250.24,--,0,0,中性盘
372,14:28:07,250.24,0.01,3,75072,中性盘
373,14:28:01,250.23,-0.02,6,166653,卖盘
374,14:27:57,250.25,--,1,25025,卖盘
375,14:27:52,250.25,0.01,2,50050,中性盘
376,14:27:47,250.24,-0.06,5,125120,卖盘
377,14:27:42,250.3,--,6,150180,卖盘
378,14:27:37,250.3,-0.05,4,100120,卖盘
379,14:27:32,250.35,-0.07,8,200280,卖盘
380,14:27:27,250.42,--,2,50084,买盘
381,14:27:22,250.42,-0.1,10,256930,卖盘
382,14:27:17,250.52,0.02,2,50104,买盘
383,14:27:12,250.5,-0.01,66,1653300,卖盘
384,14:27:07,250.51,-0.07,1,25051,卖盘
385,14:27:02,250.58,0.08,3,93716,中性盘
386,14:26:57,250.5,-0.01,5,125250,卖盘
387,14:26:52,250.51,--,15,375765,卖盘
388,14:26:47,250.51,-0.01,3,75153,卖盘
389,14:26:42,250.52,--,3,75156,买盘
390,14:26:37,250.52,-0.01,3,94696,卖盘
391,14:26:31,250.53,--,52,1302756,卖盘
392,14:26:27,250.53,--,4,100212,卖盘
393,14:26:22,250.53,-0.1,13,325689,卖盘
394,14:26:17,250.63,0.04,17,426071,买盘
395,14:26:12,250.59,-0.01,16,400944,卖盘
396,14:26:07,250.6,-0.04,23,579136,卖盘
397,14:26:02,250.64,-0.01,2,50128,卖盘
398,14:25:52,250.65,0.02,1,25065,卖盘
399,14:25:46,250.63,-0.01,4,100252,卖盘
400,14:25:37,250.64,-0.01,11,297509,卖盘
401,14:25:32,250.65,0.01,3,75195,买盘
402,14:25:22,250.64,-0.36,4,118803,卖盘
403,14:25:17,251.0,0.35,5,125500,买盘
404,14:25:11,250.65,--,7,175455,卖盘
405,14:25:07,250.65,-0.03,21,526365,卖盘
406,14:25:02,250.68,--,5,138375,买盘
407,14:24:56,250.68,-0.32,6,150408,卖盘
408,14:24:52,251.0,--,59,1496964,卖盘
409,14:24:47,251.0,--,1,25100,卖盘
410,14:24:41,251.0,-0.39,3,75300,卖盘
411,14:24:37,251.39,0.02,6,172704,买盘
412,14:24:32,251.37,0.37,2,50274,买盘
413,14:24:22,251.0,--,1,25100,卖盘
414,14:24:16,251.0,-0.37,2,72037,卖盘
415,14:24:07,251.37,0.37,5,125685,买盘
416,14:24:02,251.0,--,10,253510,买盘
417,14:23:56,251.0,0.02,1,25100,买盘
418,14:23:52,250.98,0.32,3,75294,买盘
419,14:23:46,250.66,--,0,0,卖盘
420,14:23:41,250.66,-0.34,1,25066,卖盘
421,14:23:37,251.0,--,2,56726,卖盘
422,14:23:32,251.0,--,1,25100,卖盘
423,14:23:26,251.0,-0.01,1,25100,卖盘
424,14:23:22,251.01,0.01,0,21837,买盘
425,14:23:17,251.0,--,0,0,卖盘
426,14:23:11,251.0,-0.35,2,50200,卖盘
427,14:23:07,251.35,0.35,2,50270,买盘
428,14:23:01,251.0,--,0,21837,中性盘
429,14:22:56,251.0,--,0,0,卖盘
430,14:22:40,251.0,0.35,2,60491,中性盘
431,14:22:36,250.65,0.01,1,25065,卖盘
432,14:22:32,250.64,--,0,0,卖盘
433,14:22:26,250.64,--,0,0,卖盘
434,14:22:21,250.64,--,1,25064,卖盘
435,14:22:17,250.64,--,0,21805,卖盘
436,14:22:06,250.64,--,1,25064,卖盘
437,14:22:01,250.64,-0.01,1,46869,卖盘
438,14:21:55,250.65,-0.01,4,100260,卖盘
439,14:21:51,250.66,0.01,6,150396,中性盘
440,14:21:46,250.65,0.02,5,125325,中性盘
441,14:21:41,250.63,--,4,122056,卖盘
442,14:21:36,250.63,--,8,200504,卖盘
443,14:21:31,250.63,--,2,50126,卖盘
444,14:21:26,250.63,0.04,3,75189,买盘
445,14:21:21,250.59,--,2,50118,卖盘
446,14:21:16,250.59,-0.17,5,147096,卖盘
447,14:21:11,250.76,0.17,7,175532,买盘
448,14:21:06,250.59,--,13,325767,卖盘
449,14:21:01,250.59,-0.02,36,920667,卖盘
450,14:20:56,250.61,0.01,27,676647,买盘
451,14:20:51,250.6,--,10,250600,买盘
452,14:20:46,250.6,-0.01,9,225540,卖盘
453,14:20:41,250.61,--,3,75183,卖盘
454,14:20:36,250.61,-0.09,4,100244,卖盘
455,14:20:31,250.7,0.16,7,175490,卖盘
456,14:20:25,250.54,--,13,344241,买盘
457,14:20:21,250.54,-0.04,6,156838,卖盘
458,14:20:16,250.58,-0.12,58,1471906,卖盘
459,14:20:11,250.7,0.1,3,75210,买盘
460,14:20:01,250.6,-0.21,4,106755,卖盘
461,14:19:56,250.81,0.11,1,46901,买盘
462,14:19:51,250.7,-0.15,0,3259,卖盘
463,14:19:46,250.85,0.08,2,50170,买盘
464,14:19:41,250.77,--,0,0,中性盘
465,14:19:31,250.77,--,2,50154,卖盘
466,14:19:26,250.77,0.07,1,25077,买盘
467,14:19:16,250.7,0.1,0,21810,卖盘
468,14:19:11,250.6,--,0,0,卖盘
469,14:19:01,250.6,0.06,0,21802,卖盘
470,14:18:56,250.54,--,0,0,中性盘
471,14:18:50,250.54,-0.11,1,25054,卖盘
472,14:18:46,250.65,0.12,3,75195,中性盘
473,14:18:41,250.53,--,0,21796,卖盘
474,14:18:35,250.53,0.01,1,25053,中性盘
475,14:18:31,250.52,--,2,50104,卖盘
476,14:18:26,250.52,0.02,5,125260,买盘
477,14:18:20,250.5,-0.21,11,275550,卖盘
478,14:18:16,250.71,0.19,0,21811,中性盘
479,14:18:10,250.52,0.02,1,31816,中性盘
480,14:18:05,250.5,--,2,50100,卖盘
481,14:18:01,250.5,--,6,172093,卖盘
482,14:17:56,250.5,--,11,275550,卖盘
483,14:17:50,250.5,--,15,375750,卖盘
484,14:17:46,250.5,--,40,1002000,卖盘
485,14:17:41,250.5,--,2,71893,卖盘
486,14:17:35,250.5,--,6,150300,卖盘
487,14:17:31,250.5,--,16,425098,买盘
488,14:17:26,250.5,0.12,7,175350,买盘
489,14:17:19,250.38,--,2,71859,卖盘
490,14:17:16,250.38,--,10,250380,卖盘
491,14:17:11,250.38,0.08,25,625950,买盘
492,14:17:05,250.3,--,5,125150,卖盘
493,14:17:01,250.3,0.11,40,1019722,买盘
494,14:16:56,250.19,-0.01,23,575437,卖盘
495,14:16:50,250.2,-0.01,5,125100,卖盘
496,14:16:46,250.21,--,13,325273,卖盘
497,14:16:40,250.21,-0.04,6,150126,卖盘
498,14:16:35,250.25,-0.03,6,150150,卖盘
499,14:16:31,250.28,-0.07,13,325364,卖盘
500,14:16:26,250.35,0.05,70,1752450,买盘
501,14:16:19,250.3,-0.12,13,325390,卖盘
502,14:16:16,250.42,0.12,37,926554,买盘
503,14:16:10,250.3,-0.11,27,679063,卖盘
504,14:16:05,250.41,0.06,15,397400,买盘
505,14:16:01,250.35,-0.04,5,125175,卖盘
506,14:15:56,250.39,-0.01,7,175273,卖盘
507,14:15:50,250.4,-0.1,4,100160,卖盘
508,14:15:46,250.5,0.09,9,225450,买盘
509,14:15:40,250.41,--,10,250410,卖盘
510,14:15:34,250.41,--,5,125205,卖盘
511,14:15:30,250.41,-0.01,8,200328,卖盘
512,14:15:25,250.42,-0.02,9,225378,卖盘
513,14:15:20,250.44,-0.06,5,125220,卖盘
514,14:15:15,250.5,-0.04,2,50100,卖盘
515,14:15:11,250.54,0.08,10,250540,买盘
516,14:15:05,250.46,-0.04,12,300552,卖盘
517,14:15:00,250.5,--,3,75150,卖盘
518,14:14:55,250.5,--,17,425850,卖盘
519,14:14:49,250.5,-0.04,23,576150,卖盘
520,14:14:45,250.54,0.02,17,425918,买盘
521,14:14:40,250.52,-0.03,2,50104,卖盘
522,14:14:34,250.55,--,0,0,买盘
523,14:14:30,250.55,0.01,8,200440,买盘
524,14:14:25,250.54,-0.01,9,225486,卖盘
525,14:14:19,250.55,--,6,150330,卖盘
526,14:14:15,250.55,--,7,175385,卖盘
527,14:14:10,250.55,-0.04,14,350770,卖盘
528,14:14:04,250.59,0.01,22,551298,买盘
529,14:14:00,250.58,0.01,1,25058,中性盘
530,14:13:55,250.57,--,3,75171,卖盘
531,14:13:50,250.57,-0.01,3,75171,卖盘
532,14:13:40,250.58,--,2,50116,卖盘
533,14:13:34,250.58,-0.02,3,75174,卖盘
534,14:13:30,250.6,-0.09,5,125300,卖盘
535,14:13:25,250.69,0.09,10,250690,买盘
536,14:13:19,250.6,-0.01,12,300720,卖盘
537,14:13:15,250.61,--,0,0,中性盘
538,14:13:10,250.61,--,2,50122,卖盘
539,14:12:55,250.61,0.01,1,25061,中性盘
540,14:12:49,250.6,0.02,2,50120,卖盘
541,14:12:43,250.58,--,0,0,卖盘
542,14:12:40,250.58,--,4,100232,卖盘
543,14:12:34,250.58,-0.03,5,125290,卖盘
544,14:12:28,250.61,--,1,25061,买盘
545,14:12:25,250.61,--,3,75183,中性盘
546,14:12:19,250.61,0.01,1,25061,中性盘
547,14:12:13,250.6,--,1,25060,卖盘
548,14:12:10,250.6,-0.08,4,100240,卖盘
549,14:12:04,250.68,--,10,250680,买盘
550,14:11:58,250.68,0.07,2,50136,买盘
551,14:11:55,250.61,-0.01,1,25061,卖盘
552,14:11:50,250.62,-0.06,2,50124,卖盘
553,14:11:43,250.68,0.05,2,50136,买盘
554,14:11:40,250.63,-0.02,3,75189,卖盘
555,14:11:34,250.65,-0.06,4,100260,卖盘
556,14:11:28,250.71,-0.27,1,25071,买盘
557,14:11:25,250.98,0.28,12,301176,买盘
558,14:11:04,250.7,0.07,1,25070,中性盘
559,14:10:58,250.63,0.02,4,100252,卖盘
560,14:10:55,250.61,-0.38,8,200488,卖盘
561,14:10:49,250.99,0.37,20,501980,买盘
562,14:10:43,250.62,--,3,75186,卖盘
563,14:10:40,250.62,-0.01,5,125310,卖盘
564,14:10:34,250.63,-0.02,6,150378,卖盘
565,14:10:28,250.65,-0.34,7,175455,卖盘
566,14:10:25,250.99,0.28,21,527079,买盘
567,14:10:19,250.71,-0.28,2,50142,卖盘
568,14:10:13,250.99,0.24,2,50198,买盘
569,14:10:10,250.75,-0.04,2,50150,卖盘
570,14:09:54,250.79,-0.21,1,25079,卖盘
571,14:09:49,251.0,--,1,25100,买盘
572,14:09:43,251.0,0.2,2,50200,买盘
573,14:09:40,250.8,--,1,25080,卖盘
574,14:09:34,250.8,--,5,125400,买盘
575,14:09:28,250.8,0.09,5,125400,买盘
576,14:09:24,250.71,-0.29,2,50142,卖盘
577,14:09:19,251.0,0.3,4,100400,买盘
578,14:09:09,250.7,--,2,50140,卖盘
579,14:08:58,250.7,0.09,1,25070,卖盘
580,14:08:54,250.61,-0.09,2,50122,卖盘
581,14:08:49,250.7,0.09,3,75210,买盘
582,14:08:43,250.61,--,2,50122,卖盘
583,14:08:39,250.61,-0.39,5,125305,卖盘
584,14:08:34,251.0,0.4,11,276100,买盘
585,14:08:24,250.6,--,1,25060,卖盘
586,14:08:19,250.6,-0.4,3,75180,卖盘
587,14:08:13,251.0,0.45,7,175700,买盘
588,14:08:09,250.55,--,0,0,卖盘
589,14:07:58,250.55,--,2,50110,卖盘
590,14:07:54,250.55,--,0,0,卖盘
591,14:07:49,250.55,-0.45,6,150330,卖盘
592,14:07:43,251.0,0.45,13,326300,买盘
593,14:07:39,250.55,-0.45,1,25055,买盘
594,14:07:34,251.0,0.34,31,778100,买盘
595,14:07:28,250.66,0.01,5,125330,中性盘
596,14:07:24,250.65,--,13,325845,卖盘
597,14:07:19,250.65,--,32,802080,卖盘
598,14:07:13,250.65,--,59,1478835,卖盘
599,14:07:09,250.65,0.12,9,225585,中性盘
600,14:07:04,250.53,--,26,651378,卖盘
601,14:06:58,250.53,0.01,11,275583,买盘
602,14:06:54,250.52,-0.03,21,526092,卖盘
603,14:06:49,250.55,0.03,6,150330,中性盘
604,14:06:43,250.52,0.02,4,100208,中性盘
605,14:06:39,250.5,-0.55,13,340680,卖盘
606,14:06:34,251.05,0.61,17,436827,买盘
607,14:06:28,250.44,--,2,50088,中性盘
608,14:06:24,250.44,--,3,75132,卖盘
609,14:06:19,250.44,-0.08,9,225396,卖盘
610,14:06:13,250.52,-0.53,22,551144,卖盘
611,14:06:09,251.05,0.62,12,301260,买盘
612,14:06:04,250.43,--,4,100172,卖盘
613,14:05:58,250.43,-0.07,17,425731,卖盘
614,14:05:52,250.5,0.05,4,100200,买盘
615,14:05:49,250.45,0.05,2,50090,中性盘
616,14:05:43,250.4,-0.01,7,175280,卖盘
617,14:05:37,250.41,--,5,125205,卖盘
618,14:05:34,250.41,0.01,5,125205,中性盘
619,14:05:28,250.4,--,4,100160,卖盘
620,14:05:22,250.4,--,6,150240,卖盘
621,14:05:19,250.4,--,6,150240,卖盘
622,14:05:13,250.4,-0.11,12,300480,卖盘
623,14:05:07,250.51,--,7,175357,买盘
624,14:05:04,250.51,--,14,350714,买盘
625,14:04:58,250.51,-0.02,20,501020,卖盘
626,14:04:52,250.53,0.01,30,751590,卖盘
627,14:04:49,250.52,--,18,450936,中性盘
628,14:04:43,250.52,--,37,926924,卖盘
629,14:04:37,250.52,--,2,50104,卖盘
630,14:04:34,250.52,--,6,150312,买盘
631,14:04:28,250.52,-0.02,11,275572,卖盘
632,14:04:22,250.54,-0.06,16,400864,卖盘
633,14:04:19,250.6,-0.01,13,343071,卖盘
634,14:04:13,250.61,--,5,133073,卖盘
635,14:04:07,250.61,-0.05,3,75183,卖盘
636,14:04:04,250.66,-0.04,4,100264,卖盘
637,14:03:58,250.7,-0.01,16,401120,卖盘
638,14:03:52,250.71,--,1,25071,卖盘
639,14:03:49,250.71,-0.03,2,50142,卖盘
640,14:03:43,250.74,-0.06,2,50148,卖盘
641,14:03:37,250.8,-0.08,1,25080,卖盘
642,14:03:34,250.88,-0.02,2,50176,中性盘
643,14:03:28,250.9,0.02,5,125450,买盘
644,14:03:22,250.88,-0.02,1,25088,卖盘
645,14:03:19,250.9,-0.08,5,125450,卖盘
646,14:03:13,250.98,-0.02,127,3207022,卖盘
647,14:03:07,251.0,--,15,376500,卖盘
648,14:03:04,251.0,-0.01,44,1104400,卖盘
649,14:02:58,251.01,-0.06,14,351414,卖盘
650,14:02:52,251.07,-0.03,23,577461,卖盘
651,14:02:49,251.1,-0.08,121,3038310,卖盘
652,14:02:43,251.18,-0.04,24,602832,卖盘
653,14:02:37,251.22,--,0,0,买盘
654,14:02:34,251.22,-0.08,4,100488,卖盘
655,14:02:28,251.3,--,45,1130850,卖盘
656,14:02:22,251.3,--,31,779030,卖盘
657,14:02:19,251.3,--,16,402080,卖盘
658,14:02:13,251.3,-0.08,10,251300,卖盘
659,14:02:07,251.38,-0.1,3,75414,卖盘
660,14:02:03,251.48,--,9,226332,买盘
661,14:01:58,251.48,--,14,375711,卖盘
662,14:01:48,251.48,-0.02,198,4979304,卖盘
663,14:01:43,251.5,--,85,2137750,卖盘
664,14:01:37,251.5,--,9,226350,卖盘
665,14:01:33,251.5,--,16,402400,卖盘
666,14:01:28,251.5,-0.01,43,1081450,卖盘
667,14:01:22,251.51,-0.11,1,25151,卖盘
668,14:01:18,251.62,0.11,3,75486,中性盘
669,14:01:13,251.51,-0.02,2,50302,卖盘
670,14:01:07,251.53,0.01,5,125765,买盘
671,14:01:03,251.52,0.02,5,125760,卖盘
672,14:00:58,251.5,--,11,276650,卖盘
673,14:00:52,251.5,--,5,125750,卖盘
674,14:00:48,251.5,-0.01,10,271620,卖盘
675,14:00:43,251.51,--,14,352114,卖盘
676,14:00:37,251.51,-0.02,25,628775,卖盘
677,14:00:33,251.53,-0.04,8,201224,卖盘
678,14:00:28,251.57,-0.11,2,50314,卖盘
679,14:00:22,251.68,0.08,3,75504,买盘
680,14:00:18,251.6,-0.02,1,25160,卖盘
681,14:00:13,251.62,-0.06,5,125810,卖盘
682,14:00:07,251.68,0.01,1,25168,买盘
683,14:00:03,251.67,--,0,0,中性盘
684,13:59:58,251.67,0.07,2,50334,买盘
685,13:59:33,251.6,--,1,25160,卖盘
686,13:59:28,251.6,-0.08,3,75480,卖盘
687,13:59:22,251.68,0.13,1,25168,买盘
688,13:59:13,251.55,--,0,0,卖盘
689,13:59:07,251.55,-0.01,2,50310,卖盘
690,13:59:01,251.56,--,4,100624,卖盘
691,13:58:58,251.56,-0.04,13,327028,卖盘
692,13:58:52,251.6,0.04,4,100640,买盘
693,13:58:43,251.56,--,0,0,卖盘
694,13:58:37,251.56,-0.04,1,25156,卖盘
695,13:58:31,251.6,-0.2,2,50320,卖盘
696,13:58:28,251.8,0.2,4,100720,中性盘
697,13:58:16,251.6,--,3,75480,卖盘
698,13:58:13,251.6,0.04,10,251600,中性盘
699,13:58:07,251.56,-0.04,4,100624,卖盘
700,13:58:01,251.6,0.04,4,100640,卖盘
701,13:57:57,251.56,-0.24,4,100624,卖盘
702,13:57:52,251.8,0.17,11,276980,买盘
703,13:57:37,251.63,-0.16,1,25163,卖盘
704,13:57:31,251.79,-0.01,2,50358,卖盘
705,13:57:28,251.8,0.2,1,25180,中性盘
706,13:57:16,251.6,--,0,0,卖盘
707,13:57:07,251.6,0.05,2,50320,中性盘
708,13:57:01,251.55,--,1,25155,卖盘
709,13:56:58,251.55,-0.21,6,150930,卖盘
710,13:56:52,251.76,0.13,4,100704,买盘
711,13:56:43,251.63,0.07,2,55358,买盘
712,13:56:37,251.56,0.01,1,25156,中性盘
713,13:56:31,251.55,0.02,3,75465,卖盘
714,13:56:28,251.53,--,0,0,卖盘
715,13:56:22,251.53,--,0,0,卖盘
716,13:56:07,251.53,--,0,0,卖盘
717,13:55:58,251.53,0.01,3,75459,中性盘
718,13:55:52,251.52,-0.04,3,75456,卖盘
719,13:55:42,251.56,0.05,10,251560,买盘
720,13:55:37,251.51,-0.04,18,472838,卖盘
721,13:55:31,251.55,0.02,1,25155,卖盘
722,13:55:28,251.53,-0.02,26,653978,卖盘
723,13:55:22,251.55,0.03,17,427635,中性盘
724,13:55:12,251.52,0.02,7,181094,买盘
725,13:55:07,251.5,-0.01,20,503000,卖盘
726,13:55:01,251.51,--,11,276661,买盘
727,13:54:57,251.51,-0.01,21,548291,卖盘
728,13:54:52,251.52,-0.04,100,2515200,卖盘
729,13:54:46,251.56,--,6,150936,卖盘
730,13:54:42,251.56,0.01,14,352184,买盘
731,13:54:31,251.55,--,2,50310,卖盘
732,13:54:27,251.55,--,5,125775,卖盘
733,13:54:22,251.55,0.01,14,352170,买盘
734,13:54:16,251.54,-0.01,2,50308,卖盘
735,13:54:12,251.55,--,2,50310,买盘
736,13:54:07,251.55,--,4,100620,卖盘
737,13:54:01,251.55,--,1,25155,卖盘
738,13:53:57,251.55,-0.08,2,50310,买盘
739,13:53:52,251.63,0.08,3,75489,中性盘
740,13:53:46,251.55,-0.35,9,226395,卖盘
741,13:53:42,251.9,0.35,22,554180,买盘
742,13:53:37,251.55,-0.01,7,176085,卖盘
743,13:53:31,251.56,-0.02,3,75468,卖盘
744,13:53:27,251.58,-0.03,4,100632,卖盘
745,13:53:22,251.61,0.02,4,100644,中性盘
746,13:53:16,251.59,--,1,25159,买盘
747,13:53:12,251.59,--,6,150954,买盘
748,13:53:07,251.59,-0.01,10,251590,卖盘
749,13:53:01,251.6,--,34,855440,卖盘
750,13:52:57,251.6,-0.01,23,578680,卖盘
751,13:52:52,251.61,0.01,2,50322,卖盘
752,13:52:46,251.6,--,0,0,卖盘
753,13:52:37,251.6,--,2,50320,卖盘
754,13:52:31,251.6,-0.13,6,150960,卖盘
755,13:52:25,251.73,--,11,276903,卖盘
756,13:52:22,251.73,0.13,8,201384,买盘
757,13:52:16,251.6,-0.02,5,125800,卖盘
758,13:52:10,251.62,0.02,9,226458,买盘
759,13:52:07,251.6,--,4,100640,卖盘
760,13:52:01,251.6,-0.01,14,352240,卖盘
761,13:51:52,251.61,--,1,25161,买盘
762,13:51:46,251.61,-0.01,1,25161,卖盘
763,13:51:40,251.62,--,1,25162,买盘
764,13:51:36,251.62,0.01,4,100648,买盘
765,13:51:31,251.61,-0.01,2,50322,卖盘
766,13:51:25,251.62,-0.01,4,100648,卖盘
767,13:51:22,251.63,--,0,0,卖盘
768,13:51:10,251.63,-0.27,1,25163,中性盘
769,13:51:07,251.9,0.27,2,50380,买盘
770,13:51:01,251.63,-0.19,1,25163,卖盘
771,13:50:55,251.82,0.17,2,50364,卖盘
772,13:50:52,251.65,--,0,0,卖盘
773,13:50:46,251.65,--,1,25165,卖盘
774,13:50:40,251.65,--,2,50330,卖盘
775,13:50:36,251.65,0.05,4,100660,买盘
776,13:50:31,251.6,-0.03,5,125800,卖盘
777,13:50:25,251.63,--,1,25163,卖盘
778,13:50:21,251.63,-0.03,1,25163,卖盘
779,13:50:16,251.66,-0.34,5,125830,卖盘
780,13:50:10,252.0,0.39,1,25200,买盘
781,13:50:07,251.61,-0.01,1,25161,卖盘
782,13:50:01,251.62,-0.04,2,50324,卖盘
783,13:49:55,251.66,--,0,0,中性盘
784,13:49:52,251.66,0.05,2,50332,中性盘
785,13:49:46,251.61,--,4,100644,卖盘
786,13:49:40,251.61,-0.05,2,50322,卖盘
787,13:49:36,251.66,--,5,125830,买盘
788,13:49:31,251.66,0.05,1,25166,买盘
789,13:49:25,251.61,--,0,0,卖盘
790,13:49:21,251.61,0.01,2,50322,卖盘
791,13:49:16,251.6,--,3,75480,卖盘
792,13:49:10,251.6,--,4,100640,卖盘
793,13:49:06,251.6,-0.39,5,125800,卖盘
794,13:49:01,251.99,0.39,7,176393,买盘
795,13:48:55,251.6,-0.01,7,176120,卖盘
796,13:48:51,251.61,--,6,150966,卖盘
797,13:48:46,251.61,0.01,16,402576,卖盘
798,13:48:40,251.6,--,4,100640,卖盘
799,13:48:36,251.6,-0.01,9,226440,卖盘
800,13:48:31,251.61,--,2,50322,买盘
801,13:48:21,251.61,-0.07,3,75483,卖盘
802,13:48:16,251.68,-0.31,3,75504,中性盘
803,13:48:10,251.99,0.38,3,75597,买盘
804,13:48:06,251.61,-0.79,5,125805,卖盘
805,13:48:01,252.4,0.8,14,353360,买盘
806,13:47:55,251.6,--,1,25160,卖盘
807,13:47:51,251.6,-0.07,2,50320,中性盘
808,13:47:46,251.67,-0.33,4,100668,卖盘
809,13:47:40,252.0,0.33,3,75600,卖盘
810,13:47:36,251.67,0.09,11,276837,买盘
811,13:47:31,251.58,0.02,3,75474,买盘
812,13:47:25,251.56,-0.11,1,25156,卖盘
813,13:47:21,251.67,0.08,4,100668,买盘
814,13:47:16,251.59,-0.81,5,125795,卖盘
815,13:47:10,252.4,0.81,13,328120,买盘
816,13:47:06,251.59,0.08,14,352226,卖盘
817,13:47:01,251.51,-0.01,3,80483,卖盘
818,13:46:55,251.52,0.01,7,176064,中性盘
819,13:46:51,251.51,0.01,19,477869,卖盘
820,13:46:46,251.5,--,51,1282650,卖盘
821,13:46:40,251.5,--,22,553300,卖盘
822,13:46:36,251.5,-0.01,65,1634750,卖盘
823,13:46:31,251.51,0.01,13,326963,中性盘
824,13:46:25,251.5,--,30,754500,卖盘
825,13:46:21,251.5,0.5,61,1540689,买盘
826,13:46:16,251.0,--,42,1054200,卖盘
827,13:46:10,251.0,-0.48,51,1285622,卖盘
828,13:46:05,251.48,0.4,36,905328,买盘
829,13:46:01,251.08,--,24,602592,买盘
830,13:45:55,251.08,-0.22,45,1148439,卖盘
831,13:45:51,251.3,--,156,3926813,卖盘
832,13:45:46,251.3,--,34,854420,卖盘
833,13:45:39,251.3,-0.07,45,1130850,卖盘
834,13:45:36,251.37,--,19,477603,买盘
835,13:45:31,251.37,-0.11,5,125685,卖盘
836,13:45:25,251.48,--,3,75444,买盘
837,13:45:19,251.48,-0.02,34,855032,卖盘
838,13:45:16,251.5,-0.2,122,3068300,卖盘
839,13:45:10,251.7,0.01,1,25170,中性盘
840,13:45:04,251.69,--,4,100676,卖盘
841,13:45:01,251.69,-0.31,2,50338,中性盘
842,13:44:55,252.0,0.31,3,75600,买盘
843,13:44:45,251.69,--,3,75507,卖盘
844,13:44:40,251.69,0.03,9,226521,买盘
845,13:44:34,251.66,-0.01,3,75498,卖盘
846,13:44:30,251.67,-0.02,8,201336,卖盘
847,13:44:25,251.69,0.03,1,25169,中性盘
848,13:44:19,251.66,--,1,25166,卖盘
849,13:44:15,251.66,--,4,100664,卖盘
850,13:44:10,251.66,-0.01,10,251660,卖盘
851,13:44:04,251.67,--,0,0,卖盘
852,13:44:00,251.67,0.01,2,50334,卖盘
853,13:43:55,251.66,-0.01,3,75498,卖盘
854,13:43:49,251.67,--,2,50334,卖盘
855,13:43:45,251.67,--,5,125835,卖盘
856,13:43:40,251.67,--,13,327171,卖盘
857,13:43:34,251.67,-0.02,4,100668,卖盘
858,13:43:30,251.69,--,8,201352,卖盘
859,13:43:25,251.69,0.03,15,377535,买盘
860,13:43:19,251.66,--,3,75498,卖盘
861,13:43:15,251.66,--,5,125830,卖盘
862,13:43:10,251.66,-0.03,11,276826,卖盘
863,13:43:04,251.69,0.02,23,578887,卖盘
864,13:43:00,251.67,--,26,654342,卖盘
865,13:42:55,251.67,-0.01,7,176169,卖盘
866,13:42:49,251.68,-0.01,4,100672,卖盘
867,13:42:45,251.69,-0.12,7,176183,卖盘
868,13:42:40,251.81,-0.07,51,1284231,卖盘
869,13:42:34,251.88,--,2,50376,中性盘
870,13:42:30,251.88,--,5,125940,买盘
871,13:42:25,251.88,-0.02,4,100752,卖盘
872,13:42:19,251.9,-0.09,7,176330,卖盘
873,13:42:15,251.99,--,5,125995,买盘
874,13:42:10,251.99,-0.01,12,302388,卖盘
875,13:42:04,252.0,--,47,1184400,卖盘
876,13:42:00,252.0,--,106,2671200,卖盘
877,13:41:54,252.0,-0.2,234,5896800,卖盘
878,13:41:49,252.2,--,3,75660,卖盘
879,13:41:45,252.2,-0.02,7,176540,卖盘
880,13:41:40,252.22,-0.03,17,428774,卖盘
881,13:41:34,252.25,-0.02,10,252250,卖盘
882,13:41:30,252.27,-0.03,10,274974,卖盘
883,13:41:25,252.3,--,5,126150,卖盘
884,13:41:19,252.3,-0.02,14,353220,卖盘
885,13:41:15,252.32,-0.18,28,706496,卖盘
886,13:41:10,252.5,-0.03,130,3295125,卖盘
887,13:41:04,252.53,-0.01,4,101012,卖盘
888,13:41:00,252.54,-0.01,5,126270,卖盘
889,13:40:55,252.55,--,6,151530,卖盘
890,13:40:49,252.55,--,2,50510,卖盘
891,13:40:40,252.55,0.03,1,25255,卖盘
892,13:40:34,252.52,--,0,0,卖盘
893,13:40:15,252.52,0.01,2,50504,卖盘
894,13:40:10,252.51,-0.08,4,101004,卖盘
895,13:39:55,252.59,--,0,0,中性盘
896,13:39:40,252.59,0.08,1,25259,中性盘
897,13:39:34,252.51,--,2,50502,卖盘
898,13:39:30,252.51,-0.02,7,176757,卖盘
899,13:39:25,252.53,-0.07,13,328289,卖盘
900,13:39:19,252.6,-0.1,10,252600,卖盘
901,13:39:15,252.7,-0.28,25,631750,卖盘
902,13:39:00,252.98,--,4,101192,卖盘
903,13:38:55,252.98,0.18,5,126490,中性盘
904,13:38:49,252.8,-0.2,11,278080,卖盘
905,13:38:45,253.0,0.02,20,506000,买盘
906,13:38:30,252.98,0.18,3,75894,买盘
907,13:38:18,252.8,-0.06,1,25280,卖盘
908,13:38:13,252.86,0.06,2,50572,卖盘
909,13:38:10,252.8,--,1,25280,卖盘
910,13:37:58,252.8,--,2,50560,卖盘
911,13:37:55,252.8,--,4,101120,卖盘
912,13:37:49,252.8,-0.18,13,328640,卖盘
913,13:37:39,252.98,-0.02,34,868227,卖盘
914,13:37:34,253.0,--,18,455400,卖盘
915,13:37:28,253.0,--,14,356730,卖盘
916,13:37:24,253.0,--,36,910800,卖盘
917,13:37:19,253.0,--,102,2580600,卖盘
918,13:37:13,253.0,--,1,25300,卖盘
919,13:37:09,253.0,-0.29,3,75900,卖盘
920,13:37:04,253.29,0.29,6,151974,买盘
921,13:36:58,253.0,--,0,0,卖盘
922,13:36:43,253.0,--,4,101200,卖盘
923,13:36:39,253.0,--,8,202400,卖盘
924,13:36:34,253.0,--,21,531300,卖盘
925,13:36:28,253.0,-0.02,60,1518000,卖盘
926,13:36:24,253.02,-0.16,1,25302,卖盘
927,13:36:19,253.18,0.08,1,25318,买盘
928,13:36:09,253.1,--,0,0,中性盘
929,13:36:04,253.1,0.08,1,25310,买盘
930,13:35:49,253.02,--,2,50604,卖盘
931,13:35:39,253.02,-0.08,2,50604,卖盘
932,13:35:34,253.1,--,0,0,中性盘
933,13:35:19,253.1,0.08,1,25310,卖盘
934,13:35:09,253.02,--,0,0,卖盘
935,13:34:54,253.02,--,0,0,卖盘
936,13:34:49,253.02,0.01,3,75906,中性盘
937,13:34:42,253.01,--,1,25301,卖盘
938,13:34:39,253.01,--,3,78433,卖盘
939,13:34:34,253.01,--,9,227709,卖盘
940,13:34:28,253.01,-0.01,18,455418,卖盘
941,13:34:19,253.02,-0.28,4,101208,卖盘
942,13:34:09,253.3,0.28,2,50660,买盘
943,13:33:54,253.02,--,1,25302,卖盘
944,13:33:39,253.02,-0.01,1,25302,卖盘
945,13:33:33,253.03,0.01,2,50606,买盘
946,13:33:28,253.02,-0.01,3,75906,卖盘
947,13:33:19,253.03,--,1,25303,卖盘
948,13:33:13,253.03,-0.01,3,75909,卖盘
949,13:33:09,253.04,--,1,25304,中性盘
950,13:33:04,253.04,-0.25,6,151824,卖盘
951,13:32:58,253.29,0.26,3,75987,买盘
952,13:32:48,253.03,--,0,0,卖盘
953,13:32:42,253.03,-0.12,1,25303,卖盘
954,13:32:34,253.15,--,1,25315,卖盘
955,13:32:28,253.15,-0.2,1,25315,卖盘
956,13:32:24,253.35,0.2,1,25335,买盘
957,13:32:03,253.15,--,1,25315,卖盘
958,13:31:49,253.15,--,1,25315,卖盘
959,13:31:43,253.15,0.13,3,75945,买盘
960,13:31:27,253.02,-0.04,1,25302,卖盘
961,13:31:23,253.06,0.03,1,25306,买盘
962,13:31:09,253.03,-0.03,1,25303,卖盘
963,13:31:04,253.06,0.05,3,75918,买盘
964,13:30:54,253.01,-0.05,2,50602,卖盘
965,13:30:49,253.06,--,5,126530,买盘
966,13:30:43,253.06,0.04,5,126530,买盘
967,13:30:39,253.02,0.01,9,227718,中性盘
968,13:30:34,253.01,-0.01,23,581923,卖盘
969,13:30:28,253.02,--,0,0,中性盘
970,13:30:22,253.02,--,1,25302,买盘
971,13:30:19,253.02,0.01,1,25302,卖盘
972,13:30:13,253.01,-0.29,6,151806,卖盘
973,13:30:07,253.3,--,0,0,中性盘
974,13:30:04,253.3,0.27,16,405280,买盘
975,13:29:58,253.03,--,1,25303,卖盘
976,13:29:52,253.03,-0.16,6,151818,卖盘
977,13:29:48,253.19,0.16,14,354466,卖盘
978,13:29:42,253.03,--,0,0,卖盘
979,13:29:33,253.03,--,0,0,卖盘
980,13:29:21,253.03,--,0,0,卖盘
981,13:29:18,253.03,--,2,50606,卖盘
982,13:29:07,253.03,--,6,151818,卖盘
983,13:29:03,253.03,0.01,3,75909,卖盘
984,13:28:58,253.02,-0.01,5,126510,卖盘
985,13:28:52,253.03,-0.03,1,25303,卖盘
986,13:28:48,253.06,-0.02,10,253060,卖盘
987,13:28:43,253.08,--,2,50616,买盘
988,13:28:37,253.08,--,1,25308,买盘
989,13:28:33,253.08,--,3,75924,买盘
990,13:28:28,253.08,-0.22,3,75924,中性盘
991,13:28:22,253.3,0.24,4,101320,买盘
992,13:28:13,253.06,--,3,75918,卖盘
993,13:28:06,253.06,-0.19,9,227754,卖盘
994,13:28:03,253.25,-0.05,4,101300,卖盘
995,13:27:58,253.3,0.24,4,101320,买盘
996,13:27:48,253.06,-0.14,2,50612,卖盘
997,13:27:43,253.2,-0.1,2,50640,卖盘
998,13:27:37,253.3,0.1,5,126650,买盘
999,13:27:22,253.2,--,0,0,中性盘
1000,13:27:13,253.2,0.18,3,75960,中性盘
1001,13:27:06,253.02,-0.01,7,177114,卖盘
1002,13:27:03,253.03,-0.15,11,278333,卖盘
1003,13:26:58,253.18,0.15,5,126590,买盘
1004,13:26:52,253.03,--,1,25303,卖盘
1005,13:26:36,253.03,--,2,50606,卖盘
1006,13:26:33,253.03,-0.17,4,101212,卖盘
1007,13:26:27,253.2,0.02,3,75960,买盘
1008,13:26:18,253.18,--,0,0,卖盘
1009,13:26:12,253.18,--,1,25318,卖盘
1010,13:26:03,253.18,0.15,1,25318,中性盘
1011,13:25:52,253.03,--,1,25303,卖盘
1012,13:25:48,253.03,-0.37,2,50606,卖盘
1013,13:25:43,253.4,-0.01,6,152040,中性盘
1014,13:25:33,253.41,0.01,10,253410,买盘
1015,13:25:27,253.4,0.14,16,413042,买盘
1016,13:25:22,253.26,0.06,1,25326,买盘
1017,13:25:03,253.2,0.18,1,25320,买盘
1018,13:24:42,253.02,--,0,0,卖盘
1019,13:24:32,253.02,-0.18,2,50604,卖盘
1020,13:24:27,253.2,0.18,3,75960,买盘
1021,13:24:22,253.02,--,2,50604,卖盘
1022,13:24:17,253.02,-0.18,2,50604,卖盘
1023,13:24:03,253.2,--,1,25320,买盘
1024,13:23:52,253.2,0.2,1,25320,买盘
1025,13:23:43,253.0,--,0,0,卖盘
1026,13:23:37,253.0,--,1,29854,卖盘
1027,13:23:27,253.0,-0.08,1,25300,卖盘
1028,13:23:22,253.08,-0.11,1,25308,卖盘
1029,13:23:15,253.19,--,1,25319,卖盘
1030,13:23:12,253.19,--,1,25319,中性盘
1031,13:23:06,253.19,--,3,75957,买盘
1032,13:22:58,253.19,0.38,6,151914,买盘
1033,13:22:52,252.81,-0.19,1,25281,卖盘
1034,13:22:27,253.0,--,2,50600,卖盘
1035,13:22:22,253.0,--,1,25300,卖盘
1036,13:22:06,253.0,--,0,0,中性盘
1037,13:21:57,253.0,--,0,0,中性盘
1038,13:21:52,253.0,-0.19,1,25300,卖盘
1039,13:21:27,253.19,0.39,1,25319,买盘
1040,13:21:12,252.8,--,0,0,卖盘
1041,13:21:06,252.8,--,2,50560,卖盘
1042,13:21:01,252.8,--,2,50560,卖盘
1043,13:20:57,252.8,-0.4,2,50560,卖盘
1044,13:20:52,253.2,--,5,126600,卖盘
1045,13:20:46,253.2,--,1,25320,卖盘
1046,13:20:42,253.2,--,2,50640,卖盘
1047,13:20:36,253.2,--,7,177240,买盘
1048,13:20:30,253.2,--,0,0,买盘
1049,13:20:27,253.2,--,4,101280,买盘
1050,13:20:21,253.2,0.2,5,126600,买盘
1051,13:20:12,253.0,0.2,1,25300,卖盘
1052,13:20:07,252.8,--,4,101120,卖盘
1053,13:20:00,252.8,-0.2,6,151680,卖盘
1054,13:19:57,253.0,0.2,5,126500,买盘
1055,13:19:51,252.8,-0.02,10,252800,卖盘
1056,13:19:45,252.82,-0.18,4,101128,卖盘
1057,13:19:42,253.0,--,5,138391,卖盘
1058,13:19:36,253.0,--,61,1555697,卖盘
1059,13:19:30,253.0,-0.05,9,227700,卖盘
1060,13:19:27,253.05,0.05,28,708540,买盘
1061,13:19:22,253.0,-0.02,51,1290300,卖盘
1062,13:19:15,253.02,--,1,25302,卖盘
1063,13:19:12,253.02,-0.03,2,50604,卖盘
1064,13:19:06,253.05,-0.16,7,177135,卖盘
1065,13:19:00,253.21,0.15,3,75963,买盘
1066,13:18:52,253.06,0.01,2,50612,中性盘
1067,13:18:45,253.05,--,2,50610,中性盘
1068,13:18:42,253.05,0.03,7,177135,买盘
1069,13:18:36,253.02,--,1,25302,卖盘
1070,13:18:30,253.02,-0.03,1,25302,卖盘
1071,13:18:27,253.05,0.03,4,101220,中性盘
1072,13:18:21,253.02,--,1,25302,卖盘
1073,13:18:15,253.02,--,3,75906,卖盘
1074,13:18:11,253.02,0.02,7,182933,中性盘
1075,13:18:06,253.0,-0.01,20,506000,卖盘
1076,13:18:00,253.01,--,0,0,卖盘
1077,13:17:57,253.01,--,1,25301,卖盘
1078,13:17:51,253.01,--,1,25301,卖盘
1079,13:17:30,253.01,-0.29,1,25301,卖盘
1080,13:17:26,253.3,--,4,109172,卖盘
1081,13:17:21,253.3,-0.02,1,25330,卖盘
1082,13:17:15,253.32,0.02,2,50664,买盘
1083,13:17:11,253.3,0.3,1,25330,买盘
1084,13:16:51,253.0,--,1,25300,卖盘
1085,13:16:45,253.0,-0.29,2,50600,卖盘
1086,13:16:41,253.29,0.29,3,75987,买盘
1087,13:16:36,253.0,--,1,25300,卖盘
1088,13:16:30,253.0,--,1,25300,卖盘
1089,13:16:26,253.0,-0.33,3,75900,卖盘
1090,13:16:21,253.33,0.01,7,177331,买盘
1091,13:16:11,253.32,--,0,0,中性盘
1092,13:16:00,253.32,--,0,0,买盘
1093,13:15:39,253.32,--,0,0,中性盘
1094,13:15:30,253.32,--,0,0,中性盘
1095,13:15:24,253.32,-0.1,2,50664,卖盘
1096,13:15:21,253.42,0.13,5,126710,买盘
1097,13:15:06,253.29,0.29,2,50658,中性盘
1098,13:15:00,253.0,-0.03,3,75900,卖盘
1099,13:14:51,253.03,0.03,6,151818,中性盘
1100,13:14:45,253.0,--,1,25300,卖盘
1101,13:14:39,253.0,--,3,75900,卖盘
1102,13:14:30,253.0,--,0,0,卖盘
1103,13:14:24,253.0,--,2,50600,卖盘
1104,13:14:21,253.0,-0.44,3,75900,卖盘
1105,13:14:15,253.44,0.44,14,354816,买盘
1106,13:14:09,253.0,--,1,37950,卖盘
1107,13:14:06,253.0,-0.34,2,50600,卖盘
1108,13:14:00,253.34,0.34,1,25334,买盘
1109,13:13:36,253.0,-0.3,4,101200,卖盘
1110,13:13:30,253.3,0.49,3,75990,买盘
1111,13:13:21,252.81,--,0,0,卖盘
1112,13:13:15,252.81,--,1,25281,卖盘
1113,13:13:09,252.81,0.01,2,50562,卖盘
1114,13:13:06,252.8,--,4,101120,卖盘
1115,13:13:00,252.8,-0.09,6,151680,卖盘
1116,13:12:54,252.89,-0.01,1,25289,卖盘
1117,13:12:51,252.9,0.01,4,101160,买盘
1118,13:12:45,252.89,-0.01,1,25289,卖盘
1119,13:12:39,252.9,0.01,1,25290,买盘
1120,13:12:30,252.89,--,0,0,卖盘
1121,13:12:24,252.89,--,1,25289,卖盘
1122,13:12:21,252.89,-0.56,4,101156,卖盘
1123,13:12:15,253.45,0.56,4,101380,买盘
1124,13:12:06,252.89,--,1,25289,卖盘
1125,13:12:00,252.89,0.08,2,50578,卖盘
1126,13:11:51,252.81,-0.64,3,75843,卖盘
1127,13:11:45,253.45,0.58,8,202760,买盘
1128,13:11:39,252.87,-0.01,3,75861,买盘
1129,13:11:36,252.88,-0.01,5,126440,卖盘
1130,13:11:30,252.89,0.02,2,50578,买盘
1131,13:11:24,252.87,-0.01,2,50574,卖盘
1132,13:11:21,252.88,-0.57,5,126440,买盘
1133,13:11:15,253.45,0.57,3,76035,买盘
1134,13:11:09,252.88,--,0,0,中性盘
1135,13:11:06,252.88,-0.02,1,25288,卖盘
1136,13:11:00,252.9,0.03,3,75870,卖盘
1137,13:10:54,252.87,--,0,0,中性盘
1138,13:10:51,252.87,-0.03,9,227583,卖盘
1139,13:10:45,252.9,--,9,227610,买盘
1140,13:10:39,252.9,0.01,1,25290,买盘
1141,13:10:36,252.89,--,1,25289,卖盘
1142,13:10:30,252.89,-0.56,2,50578,卖盘
1143,13:10:24,253.45,0.45,3,76035,买盘
1144,13:10:21,253.0,-0.44,2,50600,卖盘
1145,13:10:15,253.44,0.31,6,152064,买盘
1146,13:10:06,253.13,0.24,1,25313,卖盘
1147,13:09:45,252.89,-0.24,1,25289,卖盘
1148,13:09:39,253.13,0.24,1,25313,买盘
1149,13:09:35,252.89,0.02,2,50578,买盘
1150,13:09:30,252.87,-0.01,1,25287,卖盘
1151,13:09:24,252.88,-0.25,1,25288,卖盘
1152,13:09:20,253.13,--,1,25313,卖盘
1153,13:09:15,253.13,--,1,25313,卖盘
1154,13:08:54,253.13,0.26,2,50626,中性盘
1155,13:08:50,252.87,--,5,126435,卖盘
1156,13:08:45,252.87,-0.01,3,75861,卖盘
1157,13:08:39,252.88,--,0,0,中性盘
1158,13:08:35,252.88,-0.25,8,202304,卖盘
1159,13:08:30,253.13,0.25,8,202504,买盘
1160,13:08:20,252.88,-0.01,1,25288,卖盘
1161,13:08:15,252.89,-0.51,3,75867,卖盘
1162,13:08:09,253.4,--,1,25340,买盘
1163,13:07:54,253.4,--,0,0,买盘
1164,13:07:48,253.4,0.53,1,25340,买盘
1165,13:07:45,252.87,--,1,25287,中性盘
1166,13:07:39,252.87,0.11,1,25287,买盘
1167,13:07:33,252.76,--,0,0,卖盘
1168,13:07:30,252.76,-0.04,2,50552,卖盘
1169,13:07:18,252.8,--,3,75840,卖盘
1170,13:07:14,252.8,-0.6,5,126400,卖盘
1171,13:07:09,253.4,0.64,8,202720,买盘
1172,13:07:03,252.76,--,0,0,卖盘
1173,13:06:59,252.76,--,2,50552,卖盘
1174,13:06:54,252.76,-0.53,4,101104,中性盘
1175,13:06:48,253.29,0.54,2,50658,买盘
1176,13:06:45,252.75,--,2,50550,卖盘
1177,13:06:39,252.75,0.15,2,50550,买盘
1178,13:06:33,252.6,--,0,0,卖盘
1179,13:06:30,252.6,-0.26,2,50520,卖盘
1180,13:06:24,252.86,0.26,5,126430,中性盘
1181,13:06:18,252.6,-0.7,6,151560,中性盘
1182,13:06:15,253.3,0.7,7,177310,买盘
1183,13:06:09,252.6,-0.65,5,126300,卖盘
1184,13:06:03,253.25,0.39,5,126625,买盘
1185,13:06:00,252.86,-0.39,4,101144,中性盘
1186,13:05:54,253.25,--,3,75975,买盘
1187,13:05:48,253.25,0.21,3,75975,买盘
1188,13:05:44,253.04,--,3,75912,买盘
1189,13:05:39,253.04,0.29,5,126520,买盘
1190,13:05:30,252.75,--,1,25275,卖盘
1191,13:05:24,252.75,-0.25,2,50550,中性盘
1192,13:05:18,253.0,0.45,2,50600,买盘
1193,13:05:15,252.55,0.04,2,50510,卖盘
1194,13:05:09,252.51,-0.04,7,176757,卖盘
1195,13:05:03,252.55,-0.2,11,277805,卖盘
1196,13:05:00,252.75,-0.25,1,25275,卖盘
1197,13:04:54,253.0,0.4,3,75900,买盘
1198,13:04:48,252.6,-0.15,2,50520,卖盘
1199,13:04:45,252.75,-0.55,1,25275,买盘
1200,13:04:30,253.3,--,0,0,买盘
1201,13:04:24,253.3,--,0,0,买盘
1202,13:04:18,253.3,--,2,50660,买盘
1203,13:04:09,253.3,0.75,1,25330,中性盘
1204,13:04:03,252.55,--,0,0,卖盘
1205,13:04:00,252.55,-0.78,1,25255,卖盘
1206,13:03:54,253.33,0.73,1,25333,买盘
1207,13:03:45,252.6,--,0,0,中性盘
1208,13:03:39,252.6,-0.01,1,25260,中性盘
1209,13:03:33,252.61,--,2,50522,卖盘
1210,13:03:30,252.61,-0.19,6,151566,卖盘
1211,13:03:24,252.8,-0.55,1,25280,卖盘
1212,13:03:18,253.35,0.65,2,50670,买盘
1213,13:03:15,252.7,--,0,0,卖盘
1214,13:03:09,252.7,--,0,0,卖盘
1215,13:02:59,252.7,--,2,50540,卖盘
1216,13:02:54,252.7,0.2,1,25270,中性盘
1217,13:02:48,252.5,-0.11,5,126250,卖盘
1218,13:02:24,252.61,--,1,27787,买盘
1219,13:02:18,252.61,--,1,25261,买盘
1220,13:02:14,252.61,0.1,2,50522,买盘
1221,13:02:09,252.51,-0.1,2,50502,卖盘
1222,13:01:59,252.61,-0.03,3,98517,卖盘
1223,13:01:54,252.64,0.03,5,128846,买盘
1224,13:01:48,252.61,--,0,0,中性盘
1225,13:01:44,252.61,--,2,50522,卖盘
1226,13:01:39,252.61,-0.03,1,25261,卖盘
1227,13:01:29,252.64,0.12,2,50528,买盘
1228,13:01:24,252.52,-0.09,1,25252,卖盘
1229,13:01:18,252.61,0.08,1,25261,买盘
1230,13:01:09,252.53,--,0,0,中性盘
1231,13:01:03,252.53,0.03,1,25253,卖盘
1232,13:00:59,252.5,--,2,50500,卖盘
1233,13:00:54,252.5,-0.03,6,151500,卖盘
1234,13:00:48,252.53,0.03,9,227277,买盘
1235,13:00:44,252.5,--,17,429250,卖盘
1236,13:00:39,252.5,-0.03,17,429250,卖盘
1237,13:00:33,252.53,0.03,8,202024,买盘
1238,13:00:27,252.5,--,0,0,卖盘
1239,13:00:24,252.5,-0.05,21,530250,卖盘
1240,13:00:18,252.55,-0.35,30,757650,卖盘
1241,13:00:12,252.9,--,8,202320,卖盘
1242,13:00:09,252.9,--,52,1315080,卖盘
1243,13:00:03,252.9,--,25,632250,卖盘
1244,11:30:00,252.9,--,0,0,卖盘
1245,11:30:00,252.9,-0.62,1,25290,卖盘
1246,11:29:55,253.52,0.62,4,101408,中性盘
1247,11:29:49,252.9,0.38,6,151740,中性盘
1248,11:29:45,252.52,--,4,101008,卖盘
1249,11:29:40,252.52,-0.01,12,303024,卖盘
1250,11:29:34,252.53,--,3,75759,卖盘
1251,11:29:30,252.53,--,0,0,卖盘
1252,11:29:25,252.53,-1.09,6,151518,卖盘
1253,11:29:19,253.62,1.08,5,126810,中性盘
1254,11:29:15,252.54,--,0,0,卖盘
1255,11:29:10,252.54,0.01,1,25254,中性盘
1256,11:29:04,252.53,--,1,25253,卖盘
1257,11:29:00,252.53,--,1,25253,卖盘
1258,11:28:55,252.53,0.01,5,126265,买盘
1259,11:28:49,252.52,0.01,7,176764,中性盘
1260,11:28:45,252.51,-0.01,10,252510,卖盘
1261,11:28:40,252.52,--,2,50504,卖盘
1262,11:28:34,252.52,-0.01,2,50504,卖盘
1263,11:28:28,252.53,0.01,2,50506,买盘
1264,11:28:24,252.52,-0.1,1,25252,卖盘
1265,11:28:19,252.62,0.1,1,25262,买盘
1266,11:28:10,252.52,0.01,2,50504,卖盘
1267,11:28:04,252.51,--,1,25251,卖盘
1268,11:27:58,252.51,0.01,2,50502,卖盘
1269,11:27:55,252.5,-1.4,5,126250,卖盘
1270,11:27:49,253.9,1.4,6,152340,买盘
1271,11:27:43,252.5,--,0,0,卖盘
1272,11:27:40,252.5,-0.11,8,202000,卖盘
1273,11:27:34,252.61,0.01,14,353654,买盘
1274,11:27:25,252.6,-1.36,12,303120,中性盘
1275,11:27:19,253.96,1.46,7,187930,买盘
1276,11:27:13,252.5,-0.01,14,353500,卖盘
1277,11:27:10,252.51,-0.1,28,722178,卖盘
1278,11:27:04,252.61,-0.04,54,1364094,卖盘
1279,11:26:58,252.65,-0.1,3,75795,卖盘
1280,11:26:55,252.75,-0.67,9,227475,卖盘
1281,11:26:49,253.42,0.44,14,354788,买盘
1282,11:26:43,252.98,--,3,75894,卖盘
1283,11:26:40,252.98,--,12,303576,卖盘
1284,11:26:34,252.98,--,6,151788,卖盘
1285,11:26:28,252.98,--,3,75894,卖盘
1286,11:26:25,252.98,-0.44,8,202384,卖盘
1287,11:26:19,253.42,0.42,12,304104,买盘
1288,11:26:13,253.0,--,2,50600,卖盘
1289,11:26:10,253.0,0.01,1,25300,卖盘
1290,11:26:04,252.99,0.01,3,75897,买盘
1291,11:25:58,252.98,--,0,0,卖盘
1292,11:25:55,252.98,-0.44,6,151788,卖盘
1293,11:25:49,253.42,0.44,7,177394,买盘
1294,11:25:43,252.98,--,3,75894,卖盘
1295,11:25:40,252.98,-0.01,9,227682,卖盘
1296,11:25:34,252.99,--,11,278289,卖盘
1297,11:25:28,252.99,--,1,25299,卖盘
1298,11:25:25,252.99,-0.46,3,75897,卖盘
1299,11:25:19,253.45,0.05,6,152070,买盘
1300,11:25:09,253.4,--,1,25340,卖盘
1301,11:25:04,253.4,0.41,3,76020,买盘
1302,11:24:58,252.99,--,2,50598,卖盘
1303,11:24:55,252.99,-0.41,4,101196,卖盘
1304,11:24:48,253.4,0.41,5,126700,买盘
1305,11:24:43,252.99,--,4,101196,卖盘
1306,11:24:40,252.99,-0.39,12,303588,卖盘
1307,11:24:34,253.38,0.38,17,430746,买盘
1308,11:24:28,253.0,0.01,1,25300,买盘
1309,11:24:24,252.99,--,8,202392,卖盘
1310,11:24:19,252.99,--,12,303588,卖盘
1311,11:24:13,252.99,--,3,75897,卖盘
1312,11:24:09,252.99,-0.39,7,177093,卖盘
1313,11:24:04,253.38,0.38,11,278718,买盘
1314,11:23:58,253.0,--,2,50600,卖盘
1315,11:23:54,253.0,-0.38,8,202400,卖盘
1316,11:23:49,253.38,0.36,7,177366,买盘
1317,11:23:43,253.02,--,2,50604,卖盘
1318,11:23:39,253.02,0.02,5,126510,中性盘
1319,11:23:34,253.0,-0.02,11,278300,卖盘
1320,11:23:28,253.02,0.02,15,379530,买盘
1321,11:23:24,253.0,-0.2,6,151800,卖盘
1322,11:23:19,253.2,0.02,9,227880,买盘
1323,11:23:13,253.18,--,3,75954,卖盘
1324,11:23:09,253.18,0.17,9,227862,买盘
1325,11:23:04,253.01,--,3,75903,卖盘
1326,11:22:58,253.01,-0.17,5,126505,卖盘
1327,11:22:49,253.18,0.07,6,151908,买盘
1328,11:22:43,253.11,0.09,1,25311,卖盘
1329,11:22:39,253.02,--,0,0,卖盘
1330,11:22:34,253.02,--,1,25302,卖盘
1331,11:22:28,253.02,-0.08,2,50604,卖盘
1332,11:22:19,253.1,--,3,86054,卖盘
1333,11:22:13,253.1,0.08,4,101240,买盘
1334,11:22:04,253.02,0.01,2,50604,中性盘
1335,11:21:58,253.01,--,1,25301,卖盘
1336,11:21:52,253.01,--,2,50602,卖盘
1337,11:21:49,253.01,--,5,126505,卖盘
1338,11:21:43,253.01,--,1,25301,卖盘
1339,11:21:37,253.01,--,3,75903,卖盘
1340,11:21:34,253.01,0.01,4,101204,卖盘
1341,11:21:28,253.0,--,7,177100,卖盘
1342,11:21:19,253.0,--,13,328900,卖盘
1343,11:21:13,253.0,--,20,506000,卖盘
1344,11:21:07,253.0,--,9,227700,卖盘
1345,11:21:04,253.0,-0.04,17,430100,卖盘
1346,11:20:58,253.04,--,10,253040,买盘
1347,11:20:52,253.04,-0.02,8,202432,卖盘
1348,11:20:49,253.06,0.02,1,25306,买盘
1349,11:20:28,253.04,--,0,0,卖盘
1350,11:20:03,253.04,--,2,50608,卖盘
1351,11:19:58,253.04,0.04,3,75912,中性盘
1352,11:19:52,253.0,-0.1,2,50600,卖盘
1353,11:19:49,253.1,0.1,7,177170,买盘
1354,11:19:43,253.0,--,3,75900,卖盘
1355,11:19:37,253.0,--,2,50600,卖盘
1356,11:19:34,253.0,-0.04,7,177100,卖盘
1357,11:19:28,253.04,0.04,5,126520,中性盘
1358,11:19:19,253.0,0.02,6,151800,中性盘
1359,11:19:13,252.98,--,8,202384,卖盘
1360,11:19:07,252.98,-0.01,8,202384,卖盘
1361,11:19:04,252.99,--,6,151794,卖盘
1362,11:18:58,252.99,--,11,278289,卖盘
1363,11:18:52,252.99,--,8,202392,卖盘
1364,11:18:49,252.99,0.01,22,556578,买盘
1365,11:18:33,252.98,-0.01,4,101192,卖盘
1366,11:18:28,252.99,-0.38,7,177093,中性盘
1367,11:18:19,253.37,0.39,1,25337,买盘
1368,11:17:58,252.98,--,3,75894,卖盘
1369,11:17:52,252.98,--,2,50596,卖盘
1370,11:17:49,252.98,--,7,177086,卖盘
1371,11:17:43,252.98,--,4,101192,卖盘
1372,11:17:37,252.98,0.36,4,101192,中性盘
1373,11:17:33,252.62,0.02,10,252620,买盘
1374,11:17:28,252.6,--,5,126300,卖盘
1375,11:17:22,252.6,--,3,75780,卖盘
1376,11:17:18,252.6,--,5,126300,卖盘
1377,11:17:13,252.6,0.01,2,50520,卖盘
1378,11:17:07,252.59,--,2,50518,卖盘
1379,11:17:03,252.59,-0.04,7,176813,卖盘
1380,11:16:58,252.63,0.02,10,252630,卖盘
1381,11:16:52,252.61,--,7,176827,卖盘
1382,11:16:48,252.61,-0.02,18,454698,卖盘
1383,11:16:43,252.63,--,16,404208,卖盘
1384,11:16:37,252.63,-0.17,11,277893,卖盘
1385,11:16:33,252.8,--,35,884800,买盘
1386,11:16:28,252.8,0.01,5,126400,中性盘
1387,11:16:18,252.79,--,3,75837,卖盘
1388,11:16:13,252.79,--,4,101116,卖盘
1389,11:16:03,252.79,0.12,8,202232,中性盘
1390,11:15:58,252.67,-0.11,14,353738,卖盘
1391,11:15:52,252.78,-0.62,18,455004,卖盘
1392,11:15:48,253.4,0.61,7,177380,买盘
1393,11:15:43,252.79,--,5,126395,卖盘
1394,11:15:37,252.79,--,4,101116,卖盘
1395,11:15:33,252.79,-0.01,11,278069,卖盘
1396,11:15:28,252.8,-0.6,18,455040,卖盘
1397,11:15:22,253.4,-0.01,13,329420,卖盘
1398,11:15:16,253.41,0.6,1,25341,买盘
1399,11:15:13,252.81,-0.61,10,252810,卖盘
1400,11:15:07,253.42,0.62,14,354788,买盘
1401,11:15:01,252.8,-0.01,6,151680,卖盘
1402,11:14:58,252.81,-0.61,18,455058,中性盘
1403,11:14:52,253.42,0.53,11,278762,买盘
1404,11:14:46,252.89,-0.51,3,75867,卖盘
1405,11:14:43,253.4,--,13,329420,卖盘
1406,11:14:37,253.4,--,1,25340,卖盘
1407,11:14:31,253.4,--,2,50680,卖盘
1408,11:14:27,253.4,--,7,177380,卖盘
1409,11:14:22,253.4,0.55,6,152040,买盘
1410,11:14:16,252.85,-0.55,3,75855,卖盘
1411,11:14:12,253.4,0.55,6,152040,买盘
1412,11:14:07,252.85,-0.54,3,75855,卖盘
1413,11:14:01,253.39,0.53,3,76017,买盘
1414,11:13:52,252.86,-0.03,2,50572,卖盘
1415,11:13:46,252.89,-0.08,2,50578,中性盘
1416,11:13:42,252.97,--,2,50594,买盘
1417,11:13:31,252.97,--,0,0,买盘
1418,11:13:27,252.97,0.12,2,50594,中性盘
1419,11:13:22,252.85,-0.56,2,50570,卖盘
1420,11:13:12,253.41,-0.01,4,101364,买盘
1421,11:13:07,253.42,0.57,2,50684,买盘
1422,11:12:58,252.85,-0.55,2,50570,卖盘
1423,11:12:52,253.4,--,3,76020,卖盘
1424,11:12:46,253.4,0.61,2,50680,买盘
1425,11:12:43,252.79,--,2,50558,卖盘
1426,11:12:36,252.79,0.01,4,101116,中性盘
1427,11:12:31,252.78,--,4,101112,卖盘
1428,11:12:28,252.78,--,12,303336,卖盘
1429,11:12:22,252.78,--,0,0,卖盘
1430,11:12:16,252.78,-0.62,2,50556,卖盘
1431,11:12:12,253.4,0.62,5,126700,买盘
1432,11:12:07,252.78,0.12,1,25278,中性盘
1433,11:12:01,252.66,-0.01,2,50532,卖盘
1434,11:11:58,252.67,-0.11,4,101068,卖盘
1435,11:11:52,252.78,0.13,7,176946,买盘
1436,11:11:42,252.65,-0.02,2,50530,卖盘
1437,11:11:37,252.67,0.02,4,101068,买盘
1438,11:11:27,252.65,-0.8,6,151590,卖盘
1439,11:11:22,253.45,0.01,9,228105,买盘
1440,11:11:16,253.44,0.8,1,25344,买盘
1441,11:11:12,252.64,-0.71,2,50528,中性盘
1442,11:11:07,253.35,0.72,2,50670,买盘
1443,11:11:01,252.63,0.01,2,50526,卖盘
1444,11:10:57,252.62,--,9,227358,卖盘
1445,11:10:52,252.62,--,26,656812,卖盘
1446,11:10:46,252.62,-0.01,3,75786,卖盘
1447,11:10:42,252.63,0.02,6,151578,买盘
1448,11:10:37,252.61,-0.05,5,126305,卖盘
1449,11:10:31,252.66,0.04,5,126330,买盘
1450,11:10:27,252.62,-0.82,4,101048,卖盘
1451,11:10:22,253.44,0.82,7,177408,买盘
1452,11:10:12,252.62,--,0,0,卖盘
1453,11:10:06,252.62,0.01,3,75786,中性盘
1454,11:09:57,252.61,--,2,50522,卖盘
1455,11:09:52,252.61,--,5,126305,卖盘
1456,11:09:46,252.61,-0.2,2,50522,卖盘
1457,11:09:42,252.81,--,1,25281,卖盘
1458,11:09:37,252.81,0.2,4,101124,买盘
1459,11:09:31,252.61,0.02,1,25261,中性盘
1460,11:09:27,252.59,-0.89,3,75777,卖盘
1461,11:09:22,253.48,0.09,10,253480,买盘
1462,11:09:16,253.39,0.8,1,25339,买盘
1463,11:09:12,252.59,-0.83,2,50518,卖盘
1464,11:09:07,253.42,0.82,7,177394,买盘
1465,11:09:00,252.6,-0.82,2,50520,卖盘
1466,11:08:57,253.42,0.22,3,76026,中性盘
1467,11:08:52,253.2,-0.04,3,75960,卖盘
1468,11:08:46,253.24,--,1,25324,卖盘
1469,11:08:42,253.24,--,3,75972,卖盘
1470,11:08:37,253.24,0.66,8,202592,买盘
1471,11:08:27,252.58,-0.62,1,25258,卖盘
1472,11:08:21,253.2,0.65,1,25320,买盘
1473,11:08:16,252.55,0.02,1,25255,卖盘
1474,11:08:07,252.53,0.02,2,50506,中性盘
1475,11:08:01,252.51,--,4,101004,卖盘
1476,11:07:55,252.51,-0.69,3,75753,卖盘
1477,11:07:52,253.2,0.7,7,177240,买盘
1478,11:07:46,252.5,--,3,75750,卖盘
1479,11:07:40,252.5,0.1,7,176750,买盘
1480,11:07:36,252.4,-0.85,6,151440,卖盘
1481,11:07:31,253.25,0.05,13,329225,买盘
1482,11:07:25,253.2,-0.04,2,50640,卖盘
1483,11:07:21,253.24,0.88,8,202592,买盘
1484,11:07:16,252.36,--,3,75708,卖盘
1485,11:07:10,252.36,0.01,1,25236,中性盘
1486,11:07:06,252.35,--,3,75705,卖盘
1487,11:07:01,252.35,-0.15,6,151410,卖盘
1488,11:06:55,252.5,--,0,0,中性盘
1489,11:06:51,252.5,0.19,13,328250,买盘
1490,11:06:46,252.31,0.01,6,151386,卖盘
1491,11:06:40,252.3,-0.19,6,151380,卖盘
1492,11:06:36,252.49,0.16,11,277739,买盘
1493,11:06:31,252.33,0.02,5,126165,中性盘
1494,11:06:25,252.31,-1.19,1,25231,卖盘
1495,11:06:21,253.5,1.18,12,304200,买盘
1496,11:06:10,252.32,0.02,2,50464,卖盘
1497,11:06:06,252.3,--,2,50460,卖盘
1498,11:06:01,252.3,-0.2,3,75690,卖盘
1499,11:05:55,252.5,0.04,3,75750,买盘
1500,11:05:51,252.46,0.16,3,75738,中性盘
1501,11:05:46,252.3,0.02,4,103443,卖盘
1502,11:05:40,252.28,--,2,50456,卖盘
1503,11:05:36,252.28,--,4,100912,卖盘
1504,11:05:31,252.28,--,2,50456,卖盘
1505,11:05:25,252.28,--,6,151368,卖盘
1506,11:05:21,252.28,--,14,353192,买盘
1507,11:05:16,252.28,0.05,1,25228,买盘
1508,11:05:10,252.23,-0.05,1,25223,卖盘
1509,11:05:06,252.28,0.06,1,25228,买盘
1510,11:05:01,252.22,-0.06,3,75666,卖盘
1511,11:04:55,252.28,-0.22,2,50456,卖盘
1512,11:04:51,252.5,-0.1,35,883750,卖盘
1513,11:04:46,252.6,--,2,50520,卖盘
1514,11:04:40,252.6,-0.01,4,101040,卖盘
1515,11:04:36,252.61,-0.07,1,25261,卖盘
1516,11:04:31,252.68,--,3,75804,卖盘
1517,11:04:25,252.68,--,1,25268,卖盘
1518,11:04:21,252.68,-0.01,7,176876,卖盘
1519,11:04:15,252.69,--,2,50538,买盘
1520,11:04:10,252.69,-0.11,3,75807,卖盘
1521,11:04:06,252.8,-0.2,21,530880,卖盘
1522,11:04:01,253.0,-0.05,49,1239700,卖盘
1523,11:03:51,253.05,--,59,1492995,卖盘
1524,11:03:46,253.05,0.05,100,2530500,买盘
1525,11:03:40,253.0,--,4,101200,卖盘
1526,11:03:36,253.0,--,12,303600,卖盘
1527,11:03:31,253.0,-0.05,9,227700,卖盘
1528,11:03:25,253.05,-0.5,6,151830,卖盘
1529,11:03:21,253.55,0.5,36,912780,买盘
1530,11:03:10,253.05,--,0,0,卖盘
1531,11:03:06,253.05,-0.06,1,25305,卖盘
1532,11:03:01,253.11,0.06,2,50622,卖盘
1533,11:02:51,253.05,--,4,101220,卖盘
1534,11:02:46,253.05,--,14,354270,卖盘
1535,11:02:40,253.05,--,2,50610,卖盘
1536,11:02:36,253.05,--,3,75915,卖盘
1537,11:02:31,253.05,--,1,25305,卖盘
1538,11:02:25,253.05,-0.52,2,50610,卖盘
1539,11:02:21,253.57,0.52,6,152142,买盘
1540,11:02:16,253.05,--,2,50610,卖盘
1541,11:02:01,253.05,--,2,50610,卖盘
1542,11:01:55,253.05,--,2,50610,卖盘
1543,11:01:51,253.05,--,10,253050,买盘
1544,11:01:46,253.05,0.05,12,303660,买盘
1545,11:01:40,253.0,--,35,885500,卖盘
1546,11:01:36,253.0,--,7,177100,卖盘
1547,11:01:31,253.0,--,16,404800,卖盘
1548,11:01:25,253.0,--,12,303600,卖盘
1549,11:01:21,253.0,-0.02,35,885500,卖盘
1550,11:01:15,253.02,0.02,6,151812,买盘
1551,11:01:06,253.0,--,10,253000,卖盘
1552,11:01:01,253.0,--,4,101200,卖盘
1553,11:00:54,253.0,--,12,303600,卖盘
1554,11:00:49,253.0,-0.01,7,177100,卖盘
1555,11:00:46,253.01,-0.01,17,430117,卖盘
1556,11:00:40,253.02,-0.08,5,126510,卖盘
1557,11:00:34,253.1,--,1,25310,买盘
1558,11:00:31,253.1,0.02,1,25310,买盘
1559,11:00:25,253.08,-0.51,1,25308,中性盘
1560,11:00:19,253.59,0.57,1,25359,买盘
1561,11:00:10,253.02,-0.06,1,25302,卖盘
1562,11:00:04,253.08,--,0,0,买盘
1563,11:00:00,253.08,0.06,3,75924,买盘
1564,10:59:55,253.02,0.01,4,101208,卖盘
1565,10:59:49,253.01,--,8,202408,中性盘
1566,10:59:45,253.01,0.01,3,75903,买盘
1567,10:59:40,253.0,--,5,126500,卖盘
1568,10:59:34,253.0,-0.01,3,75900,卖盘
1569,10:59:30,253.01,0.01,7,177107,买盘
1570,10:59:19,253.0,--,18,455400,卖盘
1571,10:59:15,253.0,--,22,569503,买盘
1572,10:59:10,253.0,0.19,2,50600,买盘
1573,10:59:00,252.81,0.02,2,50562,中性盘
1574,10:58:55,252.79,-0.21,3,75837,卖盘
1575,10:58:49,253.0,--,6,151800,买盘
1576,10:58:45,253.0,0.02,2,50600,买盘
1577,10:58:40,252.98,-0.02,3,75894,中性盘
1578,10:58:34,253.0,0.18,1,25300,买盘
1579,10:58:30,252.82,-0.15,3,75846,卖盘
1580,10:58:25,252.97,-0.03,10,265365,卖盘
1581,10:58:19,253.0,--,9,227700,卖盘
1582,10:58:15,253.0,--,3,97152,卖盘
1583,10:58:10,253.0,--,11,278300,卖盘
1584,10:58:04,253.0,-0.04,4,101200,卖盘
1585,10:58:00,253.04,0.04,28,708512,中性盘
1586,10:57:55,253.0,-0.08,56,1416800,卖盘
1587,10:57:48,253.08,--,6,151848,买盘
1588,10:57:45,253.08,0.08,8,202464,买盘
1589,10:57:40,253.0,-0.05,17,430100,卖盘
1590,10:57:34,253.05,--,2,50610,卖盘
1591,10:57:30,253.05,0.03,2,50610,中性盘
1592,10:57:25,253.02,--,4,101208,卖盘
1593,10:57:19,253.02,--,8,202416,卖盘
1594,10:57:15,253.02,-0.03,2,50604,卖盘
1595,10:57:10,253.05,0.01,1,25305,买盘
1596,10:57:00,253.04,0.03,1,25304,买盘
1597,10:56:54,253.01,--,2,50602,卖盘
1598,10:56:45,253.01,-0.03,3,75903,中性盘
1599,10:56:40,253.04,--,1,25304,买盘
1600,10:56:34,253.04,0.04,1,25304,卖盘
1601,10:56:30,253.0,-0.01,7,177100,卖盘
1602,10:56:25,253.01,-0.04,7,177107,卖盘
1603,10:56:18,253.05,0.04,9,227745,买盘
1604,10:56:15,253.01,-0.03,2,50602,卖盘
1605,10:56:10,253.04,0.03,2,50608,买盘
1606,10:56:04,253.01,-0.04,3,75903,中性盘
1607,10:56:00,253.05,0.05,11,278355,买盘
1608,10:55:54,253.0,--,4,101200,卖盘
1609,10:55:49,253.0,-0.05,8,202400,卖盘
1610,10:55:45,253.05,0.05,4,101220,中性盘
1611,10:55:40,253.0,-0.08,11,278300,卖盘
1612,10:55:34,253.08,0.08,6,151848,买盘
1613,10:55:30,253.0,--,10,253000,卖盘
1614,10:55:25,253.0,--,16,404800,卖盘
1615,10:55:19,253.0,-0.01,17,430100,卖盘
1616,10:55:15,253.01,--,8,202408,买盘
1617,10:55:10,253.01,0.01,13,328913,买盘
1618,10:55:04,253.0,-0.01,7,177100,卖盘
1619,10:55:00,253.01,--,5,126505,卖盘
1620,10:54:55,253.01,-0.07,15,379515,卖盘
1621,10:54:49,253.08,0.06,28,708624,买盘
1622,10:54:45,253.02,--,5,126510,卖盘
1623,10:54:40,253.02,-0.06,12,303624,卖盘
1624,10:54:34,253.08,0.05,5,126540,买盘
1625,10:54:30,253.03,-0.17,18,455454,卖盘
1626,10:54:25,253.2,0.18,6,151920,买盘
1627,10:54:19,253.02,-0.03,3,75906,卖盘
1628,10:54:15,253.05,0.01,5,126525,中性盘
1629,10:54:10,253.04,-0.04,9,227736,卖盘
1630,10:54:04,253.08,0.06,11,278388,中性盘
1631,10:54:00,253.02,-0.01,3,75906,卖盘
1632,10:53:55,253.03,-0.17,7,177121,卖盘
1633,10:53:49,253.2,0.17,6,151920,买盘
1634,10:53:44,253.03,-0.17,9,227727,卖盘
1635,10:53:40,253.2,0.16,15,379800,中性盘
1636,10:53:34,253.04,-0.16,2,50608,卖盘
1637,10:53:28,253.2,-0.8,1,25320,中性盘
1638,10:53:25,254.0,0.8,5,127000,买盘
1639,10:53:19,253.2,0.1,3,75960,中性盘
1640,10:53:12,253.1,--,2,50620,买盘
1641,10:53:10,253.1,0.09,3,75930,中性盘
1642,10:53:04,253.01,-0.01,2,50602,卖盘
1643,10:52:58,253.02,-0.01,7,177114,卖盘
1644,10:52:55,253.03,0.01,18,455454,中性盘
1645,10:52:49,253.02,-0.02,22,556644,卖盘
1646,10:52:43,253.04,-0.06,7,177128,卖盘
1647,10:52:39,253.1,0.07,20,506200,买盘
1648,10:52:34,253.03,-0.01,3,75909,卖盘
1649,10:52:28,253.04,-0.24,50,1265200,卖盘
1650,10:52:24,253.28,-1.06,8,202624,中性盘
1651,10:52:19,254.34,1.16,21,534114,买盘
1652,10:52:13,253.18,--,1,25318,卖盘
1653,10:52:09,253.18,-0.2,1,25318,卖盘
1654,10:52:04,253.38,0.35,5,126690,中性盘
1655,10:51:58,253.03,--,0,0,卖盘
1656,10:51:54,253.03,-1.34,12,303636,卖盘
1657,10:51:49,254.37,1.17,8,203496,买盘
1658,10:51:43,253.2,--,0,0,卖盘
1659,10:51:39,253.2,0.2,9,227880,中性盘
1660,10:51:34,253.0,-0.37,10,275770,卖盘
1661,10:51:28,253.37,0.08,19,481403,买盘
1662,10:51:24,253.29,-0.22,8,202632,卖盘
1663,10:51:19,253.51,0.01,16,408151,买盘
1664,10:51:12,253.5,-0.4,23,583050,卖盘
1665,10:51:09,253.9,-0.14,15,380850,卖盘
1666,10:51:04,254.04,0.53,39,990756,买盘
1667,10:50:58,253.51,-0.1,4,101404,卖盘
1668,10:50:54,253.61,-0.09,7,177527,卖盘
1669,10:50:48,253.7,-0.11,15,380550,卖盘
1670,10:50:43,253.81,-0.06,1,25381,卖盘
1671,10:50:39,253.87,-0.13,2,50774,卖盘
1672,10:50:34,254.0,-0.02,19,482600,卖盘
1673,10:50:27,254.02,-0.02,8,203216,卖盘
1674,10:50:24,254.04,-0.33,10,254040,卖盘
1675,10:50:19,254.37,0.33,9,228933,买盘
1676,10:50:09,254.04,-0.22,2,50808,卖盘
1677,10:50:04,254.26,--,0,0,中性盘
1678,10:49:54,254.26,--,0,0,中性盘
1679,10:49:49,254.26,0.26,2,50852,买盘
1680,10:49:39,254.0,--,1,25400,卖盘
1681,10:49:33,254.0,-0.01,2,50800,卖盘
1682,10:49:28,254.01,-0.44,1,25401,买盘
1683,10:49:24,254.45,--,0,0,买盘
1684,10:49:19,254.45,0.45,2,50890,中性盘
1685,10:49:09,254.0,--,2,50800,卖盘
1686,10:49:03,254.0,0.13,3,76200,中性盘
1687,10:48:54,253.87,-0.13,5,126935,卖盘
1688,10:48:49,254.0,--,12,317246,卖盘
1689,10:48:43,254.0,--,5,127000,卖盘
1690,10:48:39,254.0,-0.06,14,365760,卖盘
1691,10:48:34,254.06,--,10,254060,买盘
1692,10:48:28,254.06,-0.14,15,381090,中性盘
1693,10:48:24,254.2,--,8,203360,卖盘
1694,10:48:18,254.2,--,21,536362,卖盘
1695,10:48:12,254.2,--,1,25420,卖盘
1696,10:48:09,254.2,--,4,101680,卖盘
1697,10:48:04,254.2,0.2,9,228780,中性盘
1698,10:47:57,254.0,-0.2,5,127000,卖盘
1699,10:47:54,254.2,-0.25,8,203360,买盘
1700,10:47:49,254.45,0.16,14,379130,买盘
1701,10:47:39,254.29,0.09,25,638267,买盘
1702,10:47:34,254.2,-0.09,3,76260,卖盘
1703,10:47:28,254.29,--,5,150031,卖盘
1704,10:47:23,254.29,-0.16,2,50858,卖盘
1705,10:47:19,254.45,0.16,3,76335,买盘
1706,10:47:12,254.29,--,1,25429,卖盘
1707,10:47:08,254.29,--,3,76287,卖盘
1708,10:47:03,254.29,--,2,50858,卖盘
1709,10:46:57,254.29,-0.15,3,76287,卖盘
1710,10:46:54,254.44,0.24,8,206096,买盘
1711,10:46:49,254.2,0.2,5,127100,买盘
1712,10:46:43,254.0,-0.01,2,50800,卖盘
1713,10:46:38,254.01,-0.19,7,177807,卖盘
1714,10:46:33,254.2,--,16,406720,卖盘
1715,10:46:28,254.2,--,0,0,卖盘
1716,10:46:24,254.2,-0.24,18,457560,卖盘
1717,10:46:18,254.44,0.44,10,254440,中性盘
1718,10:46:12,254.0,--,8,203200,卖盘
1719,10:46:07,254.0,-0.45,1,25400,卖盘
1720,10:46:03,254.45,0.45,17,432565,买盘
1721,10:45:57,254.0,-0.45,5,127000,卖盘
1722,10:45:51,254.45,--,6,152670,中性盘
1723,10:45:48,254.45,0.45,11,291599,买盘
1724,10:45:43,254.0,-0.48,21,533400,卖盘
1725,10:45:36,254.48,--,5,127240,买盘
1726,10:45:33,254.48,0.48,33,839784,买盘
1727,10:45:28,254.0,-0.01,31,787400,卖盘
1728,10:45:22,254.01,--,2,50802,卖盘
1729,10:45:19,254.01,0.01,5,127005,中性盘
1730,10:45:12,254.0,-0.01,11,279400,卖盘
1731,10:45:07,254.01,0.01,5,127005,中性盘
1732,10:45:03,254.0,--,16,406400,卖盘
1733,10:44:57,254.0,-0.48,4,101600,卖盘
1734,10:44:51,254.48,0.48,1,25448,中性盘
1735,10:44:48,254.0,--,10,254000,卖盘
1736,10:44:42,254.0,--,6,162814,卖盘
1737,10:44:36,254.0,--,8,203200,卖盘
1738,10:44:33,254.0,--,14,355600,卖盘
1739,10:44:27,254.0,--,15,381000,卖盘
1740,10:44:21,254.0,-0.48,13,330200,卖盘
1741,10:44:18,254.48,0.43,25,651214,中性盘
1742,10:44:12,254.05,-0.43,25,635125,卖盘
1743,10:44:06,254.48,--,13,330824,卖盘
1744,10:44:03,254.48,0.43,59,1511865,买盘
1745,10:43:57,254.05,0.03,8,203240,买盘
1746,10:43:48,254.02,0.01,1,25402,买盘
1747,10:43:42,254.01,-0.01,3,76203,卖盘
1748,10:43:36,254.02,-0.01,5,141997,卖盘
1749,10:43:33,254.03,-0.47,13,330239,卖盘
1750,10:43:27,254.5,0.45,14,356300,买盘
1751,10:43:18,254.05,-0.06,10,254050,卖盘
1752,10:43:12,254.11,--,7,177877,卖盘
1753,10:43:03,254.11,0.06,6,152466,中性盘
1754,10:42:57,254.05,-0.03,3,76215,卖盘
1755,10:42:51,254.08,-0.4,4,101632,卖盘
1756,10:42:48,254.48,--,6,152688,买盘
1757,10:42:42,254.48,0.43,8,203584,买盘
1758,10:42:36,254.05,--,0,0,卖盘
1759,10:42:33,254.05,--,17,431885,卖盘
1760,10:42:27,254.05,-0.01,12,304860,卖盘
1761,10:42:21,254.06,-0.03,8,203248,卖盘
1762,10:42:18,254.09,-0.41,22,558998,卖盘
1763,10:42:12,254.5,0.41,28,712600,中性盘
1764,10:42:06,254.09,--,0,0,中性盘
1765,10:42:03,254.09,--,0,0,中性盘
1766,10:41:57,254.09,--,1,25409,卖盘
1767,10:41:51,254.09,-0.51,2,50818,卖盘
1768,10:41:48,254.6,0.5,2,50920,买盘
1769,10:41:42,254.1,-0.5,2,50820,卖盘
1770,10:41:36,254.6,0.4,1,25460,买盘
1771,10:41:33,254.2,-0.5,6,152520,卖盘
1772,10:41:27,254.7,--,10,254700,买盘
1773,10:41:21,254.7,--,0,0,买盘
1774,10:41:18,254.7,0.62,6,152820,买盘
1775,10:41:12,254.08,--,1,25408,卖盘
1776,10:41:06,254.08,-0.67,1,25408,卖盘
1777,10:41:03,254.75,-0.02,5,127375,买盘
1778,10:40:57,254.77,0.71,3,76431,买盘
1779,10:40:51,254.06,-0.71,2,50812,卖盘
1780,10:40:48,254.77,0.71,4,101908,买盘
1781,10:40:42,254.06,-0.72,3,76218,卖盘
1782,10:40:36,254.78,--,0,0,买盘
1783,10:40:33,254.78,-0.02,9,229302,中性盘
1784,10:40:27,254.8,0.74,11,280280,买盘
1785,10:40:21,254.06,-0.73,3,76218,卖盘
1786,10:40:18,254.79,0.73,8,203832,买盘
1787,10:40:12,254.06,-0.01,5,127030,卖盘
1788,10:40:06,254.07,-0.09,13,330291,卖盘
1789,10:39:57,254.16,--,0,0,卖盘
1790,10:39:51,254.16,-0.04,2,50832,卖盘
1791,10:39:47,254.2,--,7,177940,卖盘
1792,10:39:42,254.2,0.04,3,76260,中性盘
1793,10:39:36,254.16,--,1,25416,卖盘
1794,10:39:32,254.16,-0.64,4,101664,卖盘
1795,10:39:27,254.8,--,0,0,买盘
1796,10:39:17,254.8,0.64,2,50960,买盘
1797,10:39:12,254.16,--,3,76248,卖盘
1798,10:39:06,254.16,0.11,5,127080,中性盘
1799,10:39:03,254.05,-0.08,13,330265,卖盘
1800,10:38:57,254.13,-0.74,24,609912,卖盘
1801,10:38:51,254.87,0.02,4,101948,买盘
1802,10:38:45,254.85,0.33,1,25485,中性盘
1803,10:38:42,254.52,0.37,4,101808,买盘
1804,10:38:36,254.15,-0.37,4,101660,卖盘
1805,10:38:27,254.52,0.02,6,152712,中性盘
1806,10:38:21,254.5,--,12,305400,卖盘
1807,10:38:15,254.5,--,2,50900,卖盘
1808,10:38:12,254.5,--,4,101800,卖盘
1809,10:38:06,254.5,-0.38,8,203600,卖盘
1810,10:38:00,254.88,--,0,0,中性盘
1811,10:37:57,254.88,0.74,6,152928,买盘
1812,10:37:51,254.14,-0.76,4,101656,卖盘
1813,10:37:45,254.9,0.77,4,101960,买盘
1814,10:37:42,254.13,-0.8,6,152478,卖盘
1815,10:37:36,254.93,0.82,4,101972,买盘
1816,10:37:30,254.11,-0.39,5,127055,卖盘
1817,10:37:27,254.5,0.39,12,305400,买盘
1818,10:37:21,254.11,-0.77,22,559042,卖盘
1819,10:37:15,254.88,--,0,0,中性盘
1820,10:37:12,254.88,--,10,254880,买盘
1821,10:37:06,254.88,0.68,2,50976,中性盘
1822,10:37:00,254.2,-0.01,4,101680,卖盘
1823,10:36:57,254.21,-0.78,8,203368,中性盘
1824,10:36:51,254.99,0.79,4,101996,买盘
1825,10:36:45,254.2,-0.02,5,127100,卖盘
1826,10:36:42,254.22,-0.76,13,330486,卖盘
1827,10:36:36,254.98,0.1,10,254980,买盘
1828,10:36:30,254.88,0.68,1,25488,买盘
1829,10:36:27,254.2,-0.74,23,584660,卖盘
1830,10:36:21,254.94,0.05,18,458892,中性盘
1831,10:36:15,254.89,0.78,1,25489,中性盘
1832,10:36:12,254.11,--,5,127055,卖盘
1833,10:36:06,254.11,--,11,279521,卖盘
1834,10:36:00,254.11,0.07,4,101644,中性盘
1835,10:35:57,254.04,-0.08,6,152424,卖盘
1836,10:35:51,254.12,0.08,9,228708,买盘
1837,10:35:45,254.04,-0.07,5,127020,卖盘
1838,10:35:42,254.11,-0.99,24,609864,卖盘
1839,10:35:36,255.1,0.93,20,510200,买盘
1840,10:35:30,254.17,0.07,15,381255,买盘
1841,10:35:27,254.1,-0.79,14,355740,卖盘
1842,10:35:21,254.89,0.79,27,688203,买盘
1843,10:35:15,254.1,--,3,76230,卖盘
1844,10:35:12,254.1,-0.05,10,254100,卖盘
1845,10:35:06,254.15,--,3,76245,卖盘
1846,10:34:57,254.15,0.05,9,228735,卖盘
1847,10:34:51,254.1,-1.1,9,228690,卖盘
1848,10:34:45,255.2,1.1,6,153120,买盘
1849,10:34:42,254.1,-0.45,20,518618,卖盘
1850,10:34:36,254.55,0.45,31,789105,买盘
1851,10:34:30,254.1,-0.01,42,1082211,卖盘
1852,10:34:27,254.11,-1.11,180,4573980,卖盘
1853,10:34:21,255.22,--,6,153132,中性盘
1854,10:34:15,255.22,0.01,10,255220,买盘
1855,10:34:12,255.21,0.64,6,153126,买盘
1856,10:34:06,254.57,-0.01,1,25457,卖盘
1857,10:34:00,254.58,-0.62,3,76374,卖盘
1858,10:33:57,255.2,0.62,5,127600,买盘
1859,10:33:51,254.58,0.01,1,25458,卖盘
1860,10:33:45,254.57,--,0,0,卖盘
1861,10:33:42,254.57,--,2,50914,卖盘
1862,10:33:36,254.57,-0.65,2,50914,卖盘
1863,10:33:30,255.22,0.05,6,153132,买盘
1864,10:33:26,255.17,-0.03,1,25517,卖盘
1865,10:33:21,255.2,0.03,1,25520,买盘
1866,10:33:15,255.17,-0.07,3,76551,卖盘
1867,10:33:12,255.24,0.05,6,153144,买盘
1868,10:33:06,255.19,0.64,2,51038,买盘
1869,10:33:00,254.55,-0.65,5,127275,卖盘
1870,10:32:56,255.2,0.66,8,204160,买盘
1871,10:32:51,254.54,-0.7,12,305448,卖盘
1872,10:32:45,255.24,0.24,6,153144,买盘
1873,10:32:41,255.0,-0.03,37,964410,卖盘
1874,10:32:36,255.03,-0.14,8,204024,卖盘
1875,10:32:30,255.17,0.14,4,102068,买盘
1876,10:32:26,255.03,--,11,280533,卖盘
1877,10:32:21,255.03,--,19,484557,卖盘
1878,10:32:15,255.03,-0.22,10,255030,卖盘
1879,10:32:11,255.25,-0.03,9,229725,卖盘
1880,10:32:06,255.28,0.25,4,102112,买盘
1881,10:32:00,255.03,--,5,129555,卖盘
1882,10:31:56,255.03,-0.25,2,51006,卖盘
1883,10:31:51,255.28,0.19,2,51056,买盘
1884,10:31:45,255.09,0.06,1,25509,买盘
1885,10:31:41,255.03,--,1,25503,卖盘
1886,10:31:36,255.03,-0.06,2,51006,卖盘
1887,10:31:30,255.09,0.06,2,51018,买盘
1888,10:31:21,255.03,--,1,25503,卖盘
1889,10:31:06,255.03,0.03,1,28053,买盘
1890,10:30:51,255.0,--,1,25500,卖盘
1891,10:30:45,255.0,-0.03,1,25500,卖盘
1892,10:30:39,255.03,0.03,1,25503,买盘
1893,10:30:36,255.0,-0.03,4,102000,卖盘
1894,10:30:30,255.03,0.03,8,204024,买盘
1895,10:30:21,255.0,--,3,76500,卖盘
1896,10:30:15,255.0,--,5,127500,卖盘
1897,10:30:00,255.0,--,1,25500,卖盘
1898,10:29:54,255.0,-0.03,1,25500,卖盘
1899,10:29:51,255.03,--,3,76509,买盘
1900,10:29:39,255.03,0.03,2,51006,买盘
1901,10:29:36,255.0,--,1,25500,卖盘
1902,10:29:15,255.0,--,1,25500,卖盘
1903,10:29:09,255.0,--,2,51000,卖盘
1904,10:29:06,255.0,--,6,153000,卖盘
1905,10:29:00,255.0,--,12,306000,买盘
1906,10:28:54,255.0,0.01,9,229500,买盘
1907,10:28:51,254.99,-0.01,2,50998,卖盘
1908,10:28:45,255.0,0.01,5,127500,买盘
1909,10:28:36,254.99,--,11,280489,卖盘
1910,10:28:30,254.99,0.19,1,25499,买盘
1911,10:28:24,254.8,--,1,25480,卖盘
1912,10:28:21,254.8,-0.2,2,50960,卖盘
1913,10:28:15,255.0,--,0,0,买盘
1914,10:28:06,255.0,0.2,1,25500,买盘
1915,10:28:00,254.8,--,1,25480,卖盘
1916,10:27:51,254.8,-0.2,3,76440,卖盘
1917,10:27:45,255.0,0.2,7,178500,买盘
1918,10:27:39,254.8,-0.2,7,178360,卖盘
1919,10:27:36,255.0,0.2,3,76500,买盘
1920,10:27:30,254.8,-0.19,4,101920,卖盘
1921,10:27:24,254.99,0.16,2,50998,买盘
1922,10:27:21,254.83,--,0,0,中性盘
1923,10:27:15,254.83,0.02,2,50966,中性盘
1924,10:27:09,254.81,--,1,25481,卖盘
1925,10:27:06,254.81,0.01,2,50962,卖盘
1926,10:27:00,254.8,--,0,0,卖盘
1927,10:26:54,254.8,--,1,25480,卖盘
1928,10:26:51,254.8,-0.01,2,50960,卖盘
1929,10:26:45,254.81,-0.19,7,178367,卖盘
1930,10:26:39,255.0,0.01,4,102000,卖盘
1931,10:26:35,254.99,-0.06,9,229491,卖盘
1932,10:26:30,255.05,0.25,8,204040,买盘
1933,10:26:24,254.8,--,0,0,卖盘
1934,10:26:15,254.8,--,1,25480,卖盘
1935,10:26:09,254.8,--,2,50960,卖盘
1936,10:26:05,254.8,-0.29,3,76440,卖盘
1937,10:26:00,255.09,0.59,3,76527,买盘
1938,10:25:50,254.5,-0.02,7,178150,卖盘
1939,10:25:45,254.52,--,2,50904,卖盘
1940,10:25:39,254.52,--,1,25452,卖盘
1941,10:25:35,254.52,0.01,7,178164,买盘
1942,10:25:30,254.51,0.01,2,50902,中性盘
1943,10:25:24,254.5,--,1,25450,卖盘
1944,10:25:20,254.5,0.19,1,25450,中性盘
1945,10:25:15,254.31,0.01,4,101724,买盘
1946,10:25:09,254.3,-0.01,5,127150,卖盘
1947,10:25:05,254.31,--,8,203448,买盘
1948,10:25:00,254.31,-0.69,13,330603,卖盘
1949,10:24:54,255.0,--,32,816000,买盘
1950,10:24:50,255.0,-0.26,84,2156790,卖盘
1951,10:24:45,255.26,0.09,5,127630,买盘
1952,10:24:39,255.17,--,0,0,中性盘
1953,10:24:35,255.17,0.07,10,255170,买盘
1954,10:24:30,255.1,0.1,11,280610,中性盘
1955,10:24:24,255.0,--,1,25500,卖盘
1956,10:24:20,255.0,--,4,102000,卖盘
1957,10:24:15,255.0,--,9,229500,卖盘
1958,10:24:09,255.0,--,30,765000,卖盘
1959,10:24:03,255.0,--,16,408000,卖盘
1960,10:24:00,255.0,--,54,1377000,卖盘
1961,10:23:54,255.0,0.06,99,2535210,买盘
1962,10:23:48,254.94,--,4,101976,卖盘
1963,10:23:45,254.94,--,8,203952,卖盘
1964,10:23:39,254.94,0.04,19,484386,买盘
1965,10:23:33,254.9,--,2,50980,卖盘
1966,10:23:30,254.9,--,4,101960,卖盘
1967,10:23:24,254.9,--,0,0,中性盘
1968,10:23:18,254.9,0.39,3,76470,买盘
1969,10:23:15,254.51,--,0,0,卖盘
1970,10:23:09,254.51,--,3,76353,卖盘
1971,10:23:03,254.51,-0.04,1,25451,卖盘
1972,10:22:59,254.55,--,1,25455,中性盘
1973,10:22:54,254.55,0.04,1,25455,买盘
1974,10:22:45,254.51,--,4,101804,卖盘
1975,10:22:39,254.51,0.13,8,203608,买盘
1976,10:22:29,254.38,--,11,279818,卖盘
1977,10:22:24,254.38,-0.07,8,203504,卖盘
1978,10:22:18,254.45,0.07,2,50890,买盘
1979,10:22:09,254.38,0.27,2,50876,中性盘
1980,10:22:03,254.11,--,4,101644,卖盘
1981,10:22:00,254.11,-0.09,7,188295,卖盘
1982,10:21:54,254.2,--,3,76260,买盘
1983,10:21:48,254.2,-0.23,2,65837,卖盘
1984,10:21:45,254.43,-0.08,17,432531,卖盘
1985,10:21:39,254.51,--,2,50902,卖盘
1986,10:21:33,254.51,0.08,5,127255,卖盘
1987,10:21:30,254.43,-0.08,9,228987,卖盘
1988,10:21:24,254.51,--,4,127000,卖盘
1989,10:21:18,254.51,--,0,0,卖盘
1990,10:21:15,254.51,--,4,101804,卖盘
1991,10:21:09,254.51,--,1,25451,卖盘
1992,10:21:03,254.51,--,1,25451,卖盘
1993,10:21:00,254.51,0.01,2,51156,买盘
1994,10:20:54,254.5,-0.01,4,101800,卖盘
1995,10:20:45,254.51,-0.04,4,127000,卖盘
1996,10:20:39,254.55,-0.08,15,381825,卖盘
1997,10:20:33,254.63,--,6,152778,卖盘
1998,10:20:29,254.63,-0.37,18,458334,卖盘
1999,10:20:24,255.0,--,5,127500,卖盘
2000,10:20:18,255.0,0.36,1,25500,中性盘
2001,10:20:15,254.64,--,2,50928,卖盘
2002,10:20:09,254.64,--,5,127320,卖盘
2003,10:20:03,254.64,-0.02,7,178248,卖盘
2004,10:19:59,254.66,--,1,25466,卖盘
2005,10:19:54,254.66,--,3,76398,卖盘
2006,10:19:48,254.66,-0.35,3,76398,中性盘
2007,10:19:44,255.01,0.38,10,255010,买盘
2008,10:19:39,254.63,--,4,101852,卖盘
2009,10:19:33,254.63,-0.37,7,178241,中性盘
2010,10:19:29,255.0,-0.01,5,127500,中性盘
2011,10:19:24,255.01,0.46,4,102004,买盘
2012,10:19:14,254.55,-0.01,4,101820,卖盘
2013,10:19:09,254.56,-0.01,9,229104,卖盘
2014,10:19:03,254.57,--,20,509140,卖盘
2015,10:18:59,254.57,-0.72,17,432769,卖盘
2016,10:18:54,255.29,0.28,24,612696,买盘
2017,10:18:48,255.01,--,2,51002,卖盘
2018,10:18:44,255.01,0.01,4,102004,卖盘
2019,10:18:39,255.0,--,0,0,卖盘
2020,10:18:33,255.0,--,2,51000,卖盘
2021,10:18:29,255.0,--,2,51000,卖盘
2022,10:18:24,255.0,--,2,51000,卖盘
2023,10:18:09,255.0,--,1,25500,卖盘
2024,10:18:03,255.0,--,3,76500,卖盘
2025,10:17:59,255.0,0.34,8,204255,中性盘
2026,10:17:54,254.66,--,0,0,卖盘
2027,10:17:48,254.66,--,0,0,中性盘
2028,10:17:44,254.66,-0.34,3,76398,卖盘
2029,10:17:39,255.0,--,7,178500,卖盘
2030,10:17:33,255.0,-0.2,15,382500,卖盘
2031,10:17:29,255.2,-0.28,5,127600,卖盘
2032,10:17:24,255.48,0.24,2,51096,中性盘
2033,10:17:18,255.24,--,3,76572,卖盘
2034,10:17:14,255.24,--,8,204192,卖盘
2035,10:17:09,255.24,0.04,7,178668,买盘
2036,10:17:03,255.2,--,1,25520,卖盘
2037,10:16:59,255.2,--,3,76560,卖盘
2038,10:16:54,255.2,0.07,2,51040,卖盘
2039,10:16:48,255.13,--,4,102052,卖盘
2040,10:16:39,255.13,-0.11,8,204104,卖盘
2041,10:16:33,255.24,-0.26,4,102096,卖盘
2042,10:16:27,255.5,0.1,6,153300,中性盘
2043,10:16:24,255.4,-0.1,24,612960,卖盘
2044,10:16:18,255.5,--,10,255500,卖盘
2045,10:16:12,255.5,-0.04,13,332150,卖盘
2046,10:16:09,255.54,-0.23,9,229986,卖盘
2047,10:16:03,255.77,0.25,67,1713659,买盘
2048,10:15:57,255.52,--,8,204416,买盘
2049,10:15:54,255.52,-0.25,12,306624,卖盘
2050,10:15:48,255.77,--,57,1457889,卖盘
2051,10:15:42,255.77,--,8,204616,卖盘
2052,10:15:38,255.77,0.26,23,588271,买盘
2053,10:15:33,255.51,-0.26,1,25551,卖盘
2054,10:15:27,255.77,0.26,2,51154,买盘
2055,10:15:23,255.51,--,3,76653,卖盘
2056,10:15:18,255.51,0.01,4,102204,中性盘
2057,10:15:12,255.5,--,10,255500,卖盘
2058,10:15:08,255.5,-0.3,2,51100,卖盘
2059,10:15:03,255.8,0.3,1,25580,中性盘
2060,10:14:57,255.5,-0.35,2,51100,中性盘
2061,10:14:53,255.85,0.6,5,127925,买盘
2062,10:14:48,255.25,-0.15,8,204200,卖盘
2063,10:14:42,255.4,--,4,102160,卖盘
2064,10:14:38,255.4,0.19,9,229860,买盘
2065,10:14:33,255.21,-0.19,6,153126,卖盘
2066,10:14:23,255.4,0.17,8,204320,买盘
2067,10:14:18,255.23,-0.07,6,153138,卖盘
2068,10:14:12,255.3,-0.14,20,510600,卖盘
2069,10:14:08,255.44,--,61,1558184,卖盘
2070,10:14:03,255.44,0.04,56,1450643,买盘
2071,10:13:57,255.4,-0.04,3,76620,卖盘
2072,10:13:53,255.44,0.04,9,235260,买盘
2073,10:13:48,255.4,-0.05,2,51080,中性盘
2074,10:13:42,255.45,0.05,4,102180,买盘
2075,10:13:38,255.4,-0.05,5,127700,买盘
2076,10:13:33,255.45,0.05,8,204360,买盘
2077,10:13:27,255.4,0.19,2,51080,买盘
2078,10:13:23,255.21,-0.19,6,153126,卖盘
2079,10:13:18,255.4,0.19,3,76620,中性盘
2080,10:13:12,255.21,--,7,178647,卖盘
2081,10:13:08,255.21,--,23,586983,卖盘
2082,10:13:03,255.21,0.05,63,1607823,买盘
2083,10:12:57,255.16,0.03,5,127580,卖盘
2084,10:12:53,255.13,-0.01,3,76539,卖盘
2085,10:12:48,255.14,0.01,9,229626,买盘
2086,10:12:42,255.13,--,15,382695,卖盘
2087,10:12:38,255.13,0.11,8,204104,买盘
2088,10:12:23,255.02,--,4,102008,卖盘
2089,10:12:18,255.02,0.29,5,127510,买盘
2090,10:12:12,254.73,-0.27,5,127365,卖盘
2091,10:12:08,255.0,--,23,586500,卖盘
2092,10:12:03,255.0,0.02,31,790500,买盘
2093,10:11:57,254.98,0.28,5,127490,买盘
2094,10:11:53,254.7,--,5,127350,卖盘
2095,10:11:48,254.7,-0.04,10,254700,卖盘
2096,10:11:42,254.74,--,22,560428,卖盘
2097,10:11:38,254.74,0.09,7,178318,买盘
2098,10:11:33,254.65,-0.09,2,50930,卖盘
2099,10:11:27,254.74,0.06,4,101896,买盘
2100,10:11:23,254.68,--,3,76404,卖盘
2101,10:11:18,254.68,-0.06,5,127340,卖盘
2102,10:11:12,254.74,-0.25,9,229266,卖盘
2103,10:11:08,254.99,-0.01,31,790469,卖盘
2104,10:11:03,255.0,-0.2,6,153000,卖盘
2105,10:10:57,255.2,--,16,408320,买盘
2106,10:10:53,255.2,-0.25,43,1097360,卖盘
2107,10:10:47,255.45,0.24,5,127725,买盘
2108,10:10:42,255.21,-0.19,1,25521,卖盘
2109,10:10:38,255.4,-0.04,3,76620,中性盘
2110,10:10:32,255.44,-0.03,6,153264,卖盘
2111,10:10:23,255.47,0.03,1,25547,买盘
2112,10:10:18,255.44,-0.04,2,51088,中性盘
2113,10:10:12,255.48,0.27,4,102192,买盘
2114,10:10:08,255.21,-0.19,4,102084,卖盘
2115,10:10:03,255.4,0.2,4,102160,买盘
2116,10:09:57,255.2,-0.05,7,178640,卖盘
2117,10:09:53,255.25,-0.01,3,76575,卖盘
2118,10:09:48,255.26,0.06,2,51052,买盘
2119,10:09:42,255.2,--,2,51040,卖盘
2120,10:09:36,255.2,--,4,102080,卖盘
2121,10:09:33,255.2,0.2,12,306240,买盘
2122,10:09:27,255.0,--,10,255000,卖盘
2123,10:09:21,255.0,--,29,739500,卖盘
2124,10:09:18,255.0,--,87,2218500,买盘
2125,10:09:12,255.0,0.01,85,2167500,买盘
2126,10:09:06,254.99,0.19,6,152994,卖盘
2127,10:09:03,254.8,-0.18,18,458640,卖盘
2128,10:08:57,254.98,--,23,586454,买盘
2129,10:08:51,254.98,0.18,1,25498,买盘
2130,10:08:48,254.8,--,22,560560,中性盘
2131,10:08:42,254.8,0.06,2,50960,买盘
2132,10:08:36,254.74,-0.15,2,50948,卖盘
2133,10:08:32,254.89,--,6,152934,卖盘
2134,10:08:27,254.89,0.06,16,407824,买盘
2135,10:08:21,254.83,0.09,2,50966,中性盘
2136,10:08:17,254.74,-0.02,6,152844,卖盘
2137,10:08:12,254.76,-0.01,31,789756,卖盘
2138,10:08:06,254.77,0.02,2,50954,卖盘
2139,10:08:02,254.75,-0.13,6,152850,卖盘
2140,10:07:57,254.88,0.09,27,688176,买盘
2141,10:07:51,254.79,0.03,1,25479,卖盘
2142,10:07:47,254.76,-0.01,22,560472,卖盘
2143,10:07:42,254.77,--,23,585971,卖盘
2144,10:07:36,254.77,--,2,50954,卖盘
2145,10:07:32,254.77,-0.02,3,76431,中性盘
2146,10:07:27,254.79,0.03,18,458622,买盘
2147,10:07:21,254.76,--,3,76428,卖盘
2148,10:07:17,254.76,0.02,12,305712,买盘
2149,10:07:12,254.74,--,12,305688,卖盘
2150,10:07:06,254.74,--,4,101896,卖盘
2151,10:07:02,254.74,0.09,25,636850,买盘
2152,10:06:57,254.65,0.15,10,254650,中性盘
2153,10:06:51,254.5,-0.14,20,509000,卖盘
2154,10:06:47,254.64,-0.01,1,25464,中性盘
2155,10:06:42,254.65,-0.08,2,50930,中性盘
2156,10:06:36,254.73,-0.01,2,50946,中性盘
2157,10:06:32,254.74,0.04,3,76422,买盘
2158,10:06:27,254.7,-0.05,14,356580,中性盘
2159,10:06:21,254.75,0.25,23,585925,买盘
2160,10:06:17,254.5,--,3,76350,卖盘
2161,10:06:12,254.5,-0.25,10,254500,中性盘
2162,10:06:06,254.75,0.29,4,101900,买盘
2163,10:06:02,254.46,0.03,1,25446,中性盘
2164,10:05:57,254.43,--,3,76329,卖盘
2165,10:05:51,254.43,--,17,442962,买盘
2166,10:05:47,254.43,0.36,32,814176,买盘
2167,10:05:42,254.07,-0.04,22,558954,卖盘
2168,10:05:36,254.11,-0.32,10,254110,卖盘
2169,10:05:32,254.43,-0.35,64,1628606,卖盘
2170,10:05:27,254.78,0.35,3,76434,买盘
2171,10:05:21,254.43,-0.01,8,203544,卖盘
2172,10:05:17,254.44,-0.01,4,101776,中性盘
2173,10:05:12,254.45,-0.33,16,407120,卖盘
2174,10:05:06,254.78,--,8,203824,卖盘
2175,10:05:02,254.78,0.35,21,560261,买盘
2176,10:04:57,254.43,0.32,2,50886,买盘
2177,10:04:51,254.11,-0.01,1,25411,卖盘
2178,10:04:47,254.12,-0.66,5,127060,卖盘
2179,10:04:42,254.78,0.67,6,152868,买盘
2180,10:04:36,254.11,--,2,73691,买盘
2181,10:04:32,254.11,-0.68,3,78774,卖盘
2182,10:04:27,254.79,0.68,9,252242,买盘
2183,10:04:21,254.11,-0.59,2,50822,卖盘
2184,10:04:17,254.7,0.59,10,254700,买盘
2185,10:04:12,254.11,--,3,76233,卖盘
2186,10:04:06,254.11,--,2,73691,卖盘
2187,10:04:02,254.11,-0.25,3,76233,卖盘
2188,10:03:57,254.36,0.25,20,508720,买盘
2189,10:03:47,254.11,0.11,29,759788,买盘
2190,10:03:42,254.0,0.13,157,3993896,买盘
2191,10:03:36,253.87,0.02,2,50774,买盘
2192,10:03:31,253.85,-0.02,1,25385,卖盘
2193,10:03:27,253.87,0.05,4,124396,买盘
2194,10:03:21,253.82,0.02,1,27920,买盘
2195,10:03:12,253.8,0.3,3,76140,买盘
2196,10:03:06,253.5,-0.1,0,22815,卖盘
2197,10:03:02,253.6,0.22,17,438220,买盘
2198,10:02:57,253.38,--,1,25338,买盘
2199,10:02:46,253.38,0.07,5,149494,买盘
2200,10:02:36,253.31,-0.06,23,601864,卖盘
2201,10:02:30,253.37,0.07,1,25337,买盘
2202,10:02:27,253.3,-0.07,1,48127,卖盘
2203,10:02:21,253.37,--,1,25337,买盘
2204,10:02:15,253.37,--,4,101348,买盘
2205,10:02:11,253.37,0.08,3,77024,买盘
2206,10:02:06,253.29,-0.01,2,73454,卖盘
2207,10:01:57,253.3,--,1,25330,买盘
2208,10:01:51,253.3,-0.07,10,277616,卖盘
2209,10:01:45,253.37,-0.01,1,48140,卖盘
2210,10:01:41,253.38,0.01,2,50676,买盘
2211,10:01:36,253.37,--,1,25337,卖盘
2212,10:01:30,253.37,--,3,76011,卖盘
2213,10:01:26,253.37,0.08,17,434276,买盘
2214,10:01:21,253.29,-0.01,1,25329,卖盘
2215,10:01:15,253.3,0.01,2,50660,中性盘
2216,10:01:06,253.29,-0.07,0,22796,卖盘
2217,10:01:00,253.36,-0.01,1,25336,买盘
2218,10:00:51,253.37,--,0,0,买盘
2219,10:00:45,253.37,0.07,1,27870,买盘
2220,10:00:26,253.3,-0.07,1,48127,卖盘
2221,10:00:21,253.37,--,5,126685,买盘
2222,10:00:15,253.37,--,1,25337,买盘
2223,10:00:11,253.37,--,19,481403,买盘
2224,10:00:06,253.37,--,13,329381,买盘
2225,10:00:00,253.37,--,1,25337,买盘
2226,09:59:56,253.37,--,9,228033,买盘
2227,09:59:51,253.37,--,1,25337,买盘
2228,09:59:45,253.37,--,2,50674,买盘
2229,09:59:41,253.37,--,1,25337,买盘
2230,09:59:36,253.37,--,1,25337,买盘
2231,09:59:26,253.37,--,2,50674,买盘
2232,09:59:21,253.37,--,1,25337,买盘
2233,09:59:11,253.37,--,11,278707,买盘
2234,09:59:06,253.37,-0.01,20,520928,卖盘
2235,09:59:00,253.38,--,1,25338,买盘
2236,09:58:56,253.38,0.01,1,25338,买盘
2237,09:58:51,253.37,-0.01,2,61822,卖盘
2238,09:58:35,253.38,-0.11,1,43581,卖盘
2239,09:58:30,253.49,--,0,0,买盘
2240,09:58:26,253.49,0.11,4,101396,买盘
2241,09:58:15,253.38,--,5,126690,卖盘
2242,09:58:11,253.38,0.1,21,539192,买盘
2243,09:58:05,253.28,--,3,75984,卖盘
2244,09:57:51,253.28,--,3,75984,卖盘
2245,09:57:41,253.28,-0.01,10,253280,卖盘
2246,09:57:26,253.29,-0.01,4,101316,卖盘
2247,09:57:10,253.3,-0.05,3,75990,卖盘
2248,09:57:06,253.35,-0.01,9,228015,中性盘
2249,09:57:00,253.36,0.06,3,76008,买盘
2250,09:56:56,253.3,-0.08,5,126650,卖盘
2251,09:56:50,253.38,0.03,20,506760,买盘
2252,09:56:41,253.35,--,0,0,买盘
2253,09:56:35,253.35,-0.02,1,25335,买盘
2254,09:56:25,253.37,0.02,3,76011,买盘
2255,09:56:20,253.35,-0.02,9,228015,卖盘
2256,09:56:11,253.37,0.02,2,50674,卖盘
2257,09:56:05,253.35,--,0,0,卖盘
2258,09:55:56,253.35,-0.02,5,126675,卖盘
2259,09:55:50,253.37,-0.01,9,228033,卖盘
2260,09:55:40,253.38,-0.09,14,374495,卖盘
2261,09:55:35,253.47,-0.01,6,157658,买盘
2262,09:55:30,253.48,0.1,12,304176,买盘
2263,09:55:21,253.38,-0.1,1,25338,卖盘
2264,09:55:15,253.48,0.11,2,50696,买盘
2265,09:55:09,253.37,--,0,0,卖盘
2266,09:55:06,253.37,-0.11,11,278707,卖盘
2267,09:55:00,253.48,--,9,228132,买盘
2268,09:54:50,253.48,0.01,1,25348,买盘
2269,09:54:45,253.47,--,0,0,买盘
2270,09:54:35,253.47,0.12,1,25347,买盘
2271,09:54:30,253.35,-0.14,1,25335,中性盘
2272,09:54:24,253.49,0.01,6,152094,买盘
2273,09:54:20,253.48,--,0,0,买盘
2274,09:54:15,253.48,0.19,2,50696,中性盘
2275,09:54:05,253.29,--,2,50658,卖盘
2276,09:54:00,253.29,0.01,1,25329,中性盘
2277,09:53:50,253.28,0.05,59,1507016,买盘
2278,09:53:39,253.23,0.01,1,25323,买盘
2279,09:53:35,253.22,0.09,0,7596,买盘
2280,09:53:30,253.13,-0.09,3,75939,卖盘
2281,09:53:15,253.22,--,1,25322,买盘
2282,09:53:05,253.22,0.02,20,506440,买盘
2283,09:53:00,253.2,-0.02,1,25320,卖盘
2284,09:52:45,253.22,0.02,1,25322,买盘
2285,09:52:39,253.2,-0.02,1,25320,卖盘
2286,09:52:29,253.22,--,9,227898,卖盘
2287,09:52:24,253.22,-0.18,12,303864,卖盘
2288,09:52:20,253.4,0.15,16,405440,买盘
2289,09:52:14,253.25,-0.01,2,50650,卖盘
2290,09:52:05,253.26,-0.13,4,101304,卖盘
2291,09:51:59,253.39,0.13,1,25339,买盘
2292,09:51:50,253.26,0.04,1,25326,卖盘
2293,09:51:44,253.22,--,0,0,卖盘
2294,09:51:29,253.22,-0.17,2,50644,卖盘
2295,09:51:24,253.39,--,0,0,中性盘
2296,09:51:20,253.39,--,2,50678,买盘
2297,09:51:14,253.39,0.17,1,25339,买盘
2298,09:51:09,253.22,0.02,1,25322,卖盘
2299,09:50:50,253.2,--,0,0,卖盘
2300,09:50:44,253.2,--,9,227880,卖盘
2301,09:50:39,253.2,--,1,25320,卖盘
2302,09:50:35,253.2,-0.19,2,50640,卖盘
2303,09:50:20,253.39,0.19,11,278729,买盘
2304,09:50:14,253.2,0.09,2,50640,卖盘
2305,09:50:09,253.11,--,0,0,卖盘
2306,09:50:05,253.11,0.01,4,101244,卖盘
2307,09:49:59,253.1,--,0,0,卖盘
2308,09:49:50,253.1,--,16,404960,卖盘
2309,09:49:44,253.1,--,3,75930,卖盘
2310,09:49:39,253.1,--,0,0,卖盘
2311,09:49:24,253.1,--,0,0,卖盘
2312,09:49:19,253.1,--,5,126550,卖盘
2313,09:49:04,253.1,-0.2,45,1138950,卖盘
2314,09:48:54,253.3,--,3,75990,卖盘
2315,09:48:50,253.3,0.21,33,835890,买盘
2316,09:48:44,253.09,--,4,101236,卖盘
2317,09:48:39,253.09,0.01,1,25309,中性盘
2318,09:48:18,253.08,0.05,1,25308,卖盘
2319,09:48:09,253.03,--,0,0,卖盘
2320,09:47:59,253.03,--,2,50606,买盘
2321,09:47:54,253.03,--,34,860302,买盘
2322,09:47:44,253.03,0.03,2,50606,买盘
2323,09:47:39,253.0,-0.01,13,328900,卖盘
2324,09:47:33,253.01,0.01,2,50602,卖盘
2325,09:47:29,253.0,--,0,0,卖盘
2326,09:47:18,253.0,-0.03,1,25300,卖盘
2327,09:47:14,253.03,-0.27,3,75909,中性盘
2328,09:47:09,253.3,0.3,2,50660,买盘
2329,09:46:59,253.0,--,2,50600,卖盘
2330,09:46:48,253.0,-0.3,9,252747,卖盘
2331,09:46:39,253.3,--,1,25330,买盘
2332,09:46:29,253.3,--,10,253300,买盘
2333,09:46:14,253.3,--,11,278630,买盘
2334,09:46:08,253.3,0.3,2,50660,买盘
2335,09:45:59,253.0,--,3,75900,卖盘
2336,09:45:38,253.0,-0.28,5,126500,卖盘
2337,09:45:23,253.28,--,3,75984,买盘
2338,09:45:18,253.28,0.27,7,177296,买盘
2339,09:45:14,253.01,-0.28,1,25301,中性盘
2340,09:45:08,253.29,-0.01,4,101316,中性盘
2341,09:44:48,253.3,0.3,3,75990,买盘
2342,09:44:44,253.0,-0.3,44,1113200,卖盘
2343,09:44:33,253.3,--,3,75990,买盘
2344,09:44:29,253.3,0.27,4,101320,买盘
2345,09:44:23,253.03,-0.27,39,986817,中性盘
2346,09:44:18,253.3,0.27,1,25330,买盘
2347,09:44:14,253.03,0.03,1,25303,卖盘
2348,09:44:03,253.0,-0.3,5,126500,卖盘
2349,09:43:59,253.3,0.25,6,151980,买盘
2350,09:43:53,253.05,-0.28,14,354270,中性盘
2351,09:43:48,253.33,--,1,25333,买盘
2352,09:43:44,253.33,--,7,177331,买盘
2353,09:43:38,253.33,--,6,151998,买盘
2354,09:43:33,253.33,0.01,4,101332,买盘
2355,09:43:29,253.32,0.02,5,126660,买盘
2356,09:43:23,253.3,0.3,6,151980,买盘
2357,09:43:18,253.0,--,2,50600,卖盘
2358,09:43:13,253.0,--,2,50600,卖盘
2359,09:43:08,253.0,0.44,44,1132934,买盘
2360,09:43:03,252.56,--,3,75768,卖盘
2361,09:42:53,252.56,--,6,151536,卖盘
2362,09:42:48,252.56,0.43,15,392983,买盘
2363,09:42:38,252.13,--,6,151278,卖盘
2364,09:42:33,252.13,-0.02,20,504260,卖盘
2365,09:42:28,252.15,-0.01,3,75645,卖盘
2366,09:42:23,252.16,-0.04,8,201728,卖盘
2367,09:42:18,252.2,--,11,284229,买盘
2368,09:42:13,252.2,0.05,3,75660,买盘
2369,09:42:08,252.15,--,16,403440,中性盘
2370,09:42:03,252.15,-0.03,3,75645,中性盘
2371,09:41:58,252.18,0.03,8,201744,中性盘
2372,09:41:53,252.15,-0.05,28,716106,卖盘
2373,09:41:48,252.2,--,24,605280,买盘
2374,09:41:43,252.2,0.07,4,100880,买盘
2375,09:41:38,252.13,--,7,176491,卖盘
2376,09:41:33,252.13,--,5,126065,买盘
2377,09:41:28,252.13,-0.07,5,126065,卖盘
2378,09:41:23,252.2,--,9,226980,买盘
2379,09:41:18,252.2,--,12,302640,买盘
2380,09:41:12,252.2,0.07,2,50440,买盘
2381,09:41:08,252.13,-0.07,9,226917,卖盘
2382,09:41:03,252.2,--,1,25220,买盘
2383,09:40:57,252.2,--,0,18410,卖盘
2384,09:40:53,252.2,-0.05,11,284229,卖盘
2385,09:40:38,252.25,-0.31,7,176575,卖盘
2386,09:40:33,252.56,--,4,101024,买盘
2387,09:40:23,252.56,--,2,50512,买盘
2388,09:40:18,252.56,0.29,2,50512,买盘
2389,09:40:08,252.27,-0.28,13,327951,卖盘
2390,09:40:03,252.55,-0.01,7,176785,卖盘
2391,09:39:57,252.56,--,1,25256,买盘
2392,09:39:53,252.56,--,15,378840,买盘
2393,09:39:48,252.56,0.01,30,757680,买盘
2394,09:39:42,252.55,--,47,1186985,买盘
2395,09:39:38,252.55,--,2,50510,买盘
2396,09:39:32,252.55,--,13,328315,买盘
2397,09:39:27,252.55,--,5,126275,买盘
2398,09:39:23,252.55,-0.05,24,624303,卖盘
2399,09:39:17,252.6,--,7,183892,买盘
2400,09:39:08,252.6,--,3,75780,买盘
2401,09:39:02,252.6,--,1,43447,卖盘
2402,09:38:57,252.6,--,2,57592,买盘
2403,09:38:53,252.6,-0.35,8,202080,卖盘
2404,09:38:47,252.95,0.18,4,101180,买盘
2405,09:38:42,252.77,--,1,25277,买盘
2406,09:38:38,252.77,-0.18,5,126385,卖盘
2407,09:38:32,252.95,-0.05,19,480605,中性盘
2408,09:38:27,253.0,0.05,2,50600,买盘
2409,09:38:23,252.95,--,1,25295,买盘
2410,09:38:17,252.95,--,7,177065,买盘
2411,09:38:12,252.95,--,0,0,买盘
2412,09:38:08,252.95,-0.05,1,25295,中性盘
2413,09:38:02,253.0,--,4,101200,买盘
2414,09:37:57,253.0,--,1,25300,买盘
2415,09:37:53,253.0,--,9,233266,买盘
2416,09:37:47,253.0,0.05,1,25300,买盘
2417,09:37:42,252.95,-0.05,2,50590,卖盘
2418,09:37:38,253.0,0.05,4,101200,买盘
2419,09:37:32,252.95,-0.08,7,177065,卖盘
2420,09:37:27,253.03,-0.02,2,50606,买盘
2421,09:37:23,253.05,0.02,5,126525,买盘
2422,09:37:17,253.03,0.03,1,25303,中性盘
2423,09:37:12,253.0,--,2,50600,卖盘
2424,09:37:08,253.0,-0.04,34,860200,卖盘
2425,09:37:02,253.04,0.01,2,50608,买盘
2426,09:36:57,253.03,-0.02,1,25303,卖盘
2427,09:36:53,253.05,-0.28,2,50610,中性盘
2428,09:36:47,253.33,0.28,23,582659,买盘
2429,09:36:42,253.05,--,1,25305,卖盘
2430,09:36:38,253.05,--,3,75915,卖盘
2431,09:36:32,253.05,-0.44,3,75915,卖盘
2432,09:36:27,253.49,--,2,50698,买盘
2433,09:36:23,253.49,--,0,0,买盘
2434,09:36:17,253.49,-0.01,20,506980,卖盘
2435,09:36:12,253.5,--,8,202800,卖盘
2436,09:36:08,253.5,--,2,50700,卖盘
2437,09:36:02,253.5,0.22,13,329550,买盘
2438,09:35:53,253.28,0.28,4,101312,买盘
2439,09:35:47,253.0,--,16,407330,卖盘
2440,09:35:42,253.0,--,2,50600,卖盘
2441,09:35:37,253.0,--,5,126500,卖盘
2442,09:35:32,253.0,-0.1,8,202400,卖盘
2443,09:35:27,253.1,0.08,2,57706,买盘
2444,09:35:22,253.02,-0.08,1,25302,卖盘
2445,09:35:17,253.1,-0.1,11,278410,卖盘
2446,09:35:12,253.2,-0.31,1,25320,买盘
2447,09:35:07,253.51,-0.22,5,126755,买盘
2448,09:35:02,253.73,--,0,0,买盘
2449,09:34:57,253.73,--,3,76119,买盘
2450,09:34:52,253.73,0.73,1,25373,买盘
2451,09:34:47,253.0,-0.2,22,556600,卖盘
2452,09:34:42,253.2,-0.31,1,25320,买盘
2453,09:34:37,253.51,--,21,532371,卖盘
2454,09:34:32,253.51,--,9,228159,卖盘
2455,09:34:22,253.51,--,1,25351,卖盘
2456,09:34:17,253.51,--,1,25351,卖盘
2457,09:34:12,253.51,0.41,6,152106,买盘
2458,09:34:07,253.1,-0.42,8,202480,卖盘
2459,09:33:57,253.52,--,0,0,买盘
2460,09:33:52,253.52,0.42,2,50704,买盘
2461,09:33:47,253.1,-0.42,4,101240,卖盘
2462,09:33:42,253.52,--,3,76056,买盘
2463,09:33:36,253.52,--,0,0,买盘
2464,09:33:32,253.52,--,2,50704,买盘
2465,09:33:27,253.52,--,5,147041,卖盘
2466,09:33:21,253.52,--,0,0,卖盘
2467,09:33:11,253.52,--,7,182534,买盘
2468,09:33:06,253.52,0.02,57,1445064,买盘
2469,09:33:02,253.5,-0.02,9,248430,卖盘
2470,09:32:47,253.52,-0.26,3,76056,卖盘
2471,09:32:41,253.78,-0.01,2,55831,卖盘
2472,09:32:36,253.79,--,7,177653,卖盘
2473,09:32:32,253.79,-0.01,11,299472,卖盘
2474,09:32:26,253.8,-0.01,5,126900,卖盘
2475,09:32:21,253.81,0.01,3,76143,买盘
2476,09:32:17,253.8,-0.06,1,25380,买盘
2477,09:32:11,253.86,-0.01,1,25386,买盘
2478,09:32:06,253.87,--,3,76161,买盘
2479,09:32:02,253.87,0.35,34,863158,买盘
2480,09:31:56,253.52,-0.36,3,76056,卖盘
2481,09:31:51,253.88,0.36,1,25388,买盘
2482,09:31:47,253.52,-0.36,8,207886,中性盘
2483,09:31:41,253.88,0.37,6,152328,买盘
2484,09:31:36,253.51,-0.28,1,25351,卖盘
2485,09:31:32,253.79,-0.09,12,304548,卖盘
2486,09:31:26,253.88,0.38,11,279268,买盘
2487,09:31:21,253.5,--,2,50700,买盘
2488,09:31:17,253.5,-0.01,13,329550,买盘
2489,09:31:11,253.51,-0.43,30,760530,卖盘
2490,09:31:06,253.94,0.01,5,126970,买盘
2491,09:31:02,253.93,--,18,467231,买盘
2492,09:30:56,253.93,0.42,13,330109,买盘
2493,09:30:51,253.51,0.52,2,50702,买盘
2494,09:30:47,252.99,-0.02,32,809568,中性盘
2495,09:30:41,253.01,0.06,20,506020,买盘
2496,09:30:36,252.95,0.45,12,303540,买盘
2497,09:30:32,252.5,0.05,3,75750,买盘
2498,09:30:26,252.45,0.45,65,1643954,买盘
2499,09:30:21,252.0,--,14,352800,买盘
2500,09:30:17,252.0,--,14,352800,买盘
2501,09:30:11,252.0,--,85,2142000,买盘
2502,09:30:06,252.0,--,123,3099600,买盘
2503,09:30:01,252.0,--,20,504000,卖盘
2504,09:28:49,252.0,--,0,0,卖盘
2505,09:25:05,252.0,252,61,1537200,买盘
