,time,price,change,volume,amount,type
0,15:00:00,3.16,--,0,0,买盘
1,14:59:59,3.16,--,130,41080,买盘
2,14:59:57,3.16,--,101,31916,买盘
3,14:59:53,3.16,--,818,258488,买盘
4,14:59:47,3.16,0.01,1508,476528,买盘
5,14:59:42,3.15,-0.01,1162,366030,卖盘
6,14:59:38,3.16,--,6770,2139320,买盘
7,14:59:32,3.16,0.01,313,98908,买盘
8,14:59:27,3.15,-0.01,70,22050,卖盘
9,14:59:23,3.16,0.01,262,82792,买盘
10,14:59:17,3.15,-0.01,1035,326025,卖盘
11,14:59:12,3.16,0.01,106,33496,买盘
12,14:59:08,3.15,--,561,176715,卖盘
13,14:59:02,3.15,--,1080,340200,卖盘
14,14:58:57,3.15,-0.01,62,19530,卖盘
15,14:58:53,3.16,--,69,21804,买盘
16,14:58:47,3.16,--,141,44556,买盘
17,14:58:42,3.16,0.01,6,1896,买盘
18,14:58:38,3.15,--,59,18585,卖盘
19,14:58:32,3.15,--,711,223965,卖盘
20,14:58:27,3.15,-0.01,70,22050,卖盘
21,14:58:23,3.16,0.01,697,220252,买盘
22,14:58:17,3.15,--,117,36855,卖盘
23,14:58:12,3.15,--,19,5985,卖盘
24,14:58:08,3.15,--,711,223965,卖盘
25,14:58:02,3.15,-0.01,158,49770,卖盘
26,14:57:57,3.16,--,401,126716,买盘
27,14:57:53,3.16,--,341,107756,买盘
28,14:57:47,3.16,--,125,39500,买盘
29,14:57:42,3.16,0.01,9,2844,买盘
30,14:57:38,3.15,-0.01,9,2835,卖盘
31,14:57:32,3.16,--,3,948,买盘
32,14:57:27,3.16,--,18,5688,买盘
33,14:57:23,3.16,--,11,3476,买盘
34,14:57:17,3.16,0.01,13,4108,买盘
35,14:57:12,3.15,-0.01,28,8820,卖盘
36,14:57:08,3.16,--,22,6952,买盘
37,14:57:02,3.16,0.01,15,4740,买盘
38,14:56:57,3.15,-0.01,119,37485,卖盘
39,14:56:52,3.16,--,853,269548,买盘
40,14:56:47,3.16,--,419,132404,买盘
41,14:56:37,3.16,0.01,94,29704,买盘
42,14:56:32,3.15,--,45,14175,卖盘
43,14:56:22,3.15,-0.01,5,1575,卖盘
44,14:56:17,3.16,--,166,52456,买盘
45,14:56:12,3.16,--,118,37288,买盘
46,14:56:07,3.16,--,1515,478740,买盘
47,14:56:02,3.16,0.01,649,205084,买盘
48,14:55:57,3.15,-0.01,377,118755,卖盘
49,14:55:52,3.16,0.01,843,266388,买盘
50,14:55:47,3.15,-0.01,356,112140,卖盘
51,14:55:42,3.16,--,2,632,买盘
52,14:55:36,3.16,--,380,120080,买盘
53,14:55:32,3.16,--,98,30968,买盘
54,14:55:21,3.16,--,3,948,买盘
55,14:55:17,3.16,0.01,102,32232,买盘
56,14:55:12,3.15,-0.01,17,5355,卖盘
57,14:55:06,3.16,0.01,1942,613672,买盘
58,14:55:02,3.15,--,200,63000,卖盘
59,14:54:51,3.15,--,114,35910,卖盘
60,14:54:47,3.15,-0.01,378,119070,卖盘
61,14:54:41,3.16,--,391,123556,买盘
62,14:54:36,3.16,0.01,13,4108,买盘
63,14:54:32,3.15,-0.01,50,15750,卖盘
64,14:54:26,3.16,--,13,4108,买盘
65,14:54:17,3.16,--,411,129876,买盘
66,14:54:11,3.16,--,464,146624,买盘
67,14:54:06,3.16,--,865,273340,买盘
68,14:54:02,3.16,--,1143,361188,买盘
69,14:53:56,3.16,--,11,3476,买盘
70,14:53:51,3.16,0.01,110,34760,买盘
71,14:53:47,3.15,-0.01,1114,350910,卖盘
72,14:53:41,3.16,0.01,436,137776,买盘
73,14:53:36,3.15,--,20,6300,卖盘
74,14:53:32,3.15,-0.01,591,186165,卖盘
75,14:53:26,3.16,--,234,73944,买盘
76,14:53:21,3.16,0.01,182,57512,买盘
77,14:53:17,3.15,-0.01,1336,420840,卖盘
78,14:53:11,3.16,--,1342,424072,买盘
79,14:53:06,3.16,--,1738,549208,买盘
80,14:53:02,3.16,--,580,183280,买盘
81,14:52:56,3.16,0.01,631,199396,买盘
82,14:52:51,3.15,--,140,44100,卖盘
83,14:52:47,3.15,-0.01,170,53550,卖盘
84,14:52:41,3.16,--,920,290720,买盘
85,14:52:36,3.16,--,95,30020,买盘
86,14:52:32,3.16,--,10,3160,买盘
87,14:52:26,3.16,0.01,60,18960,买盘
88,14:52:21,3.15,--,64,20160,卖盘
89,14:52:17,3.15,-0.01,14,4410,卖盘
90,14:52:11,3.16,--,195,61620,买盘
91,14:52:06,3.16,--,48,15168,买盘
92,14:52:02,3.16,--,111,35076,买盘
93,14:51:56,3.16,--,721,227836,买盘
94,14:51:51,3.16,0.01,242,76472,买盘
95,14:51:47,3.15,-0.01,8,2520,卖盘
96,14:51:41,3.16,--,340,107440,买盘
97,14:51:36,3.16,0.01,81,25596,买盘
98,14:51:32,3.15,--,472,148680,卖盘
99,14:51:26,3.15,-0.01,1544,486360,卖盘
100,14:51:11,3.16,--,537,169692,买盘
101,14:51:06,3.16,--,219,69204,买盘
102,14:51:02,3.16,0.01,324,102384,买盘
103,14:50:56,3.15,-0.01,86,27090,卖盘
104,14:50:51,3.16,--,100,31600,买盘
105,14:50:46,3.16,0.01,5,1580,买盘
106,14:50:41,3.15,-0.01,53,16695,卖盘
107,14:50:36,3.16,--,200,63200,买盘
108,14:50:31,3.16,0.01,675,213300,买盘
109,14:50:26,3.15,-0.01,866,272790,卖盘
110,14:50:16,3.16,--,73,23068,买盘
111,14:50:11,3.16,--,753,237948,买盘
112,14:50:06,3.16,0.01,10,3160,买盘
113,14:50:01,3.15,--,589,185535,卖盘
114,14:49:56,3.15,--,40,12600,卖盘
115,14:49:46,3.15,--,1,315,卖盘
116,14:49:41,3.15,-0.01,50,15750,卖盘
117,14:49:36,3.16,0.01,4,1264,买盘
118,14:49:31,3.15,--,112,35280,卖盘
119,14:49:26,3.15,--,50,15750,卖盘
120,14:49:16,3.15,--,315,99225,卖盘
121,14:49:11,3.15,--,248,78120,卖盘
122,14:49:01,3.15,--,43,13545,卖盘
123,14:48:56,3.15,-0.01,112,35280,卖盘
124,14:48:45,3.16,0.01,24,7584,买盘
125,14:48:41,3.15,-0.01,60,18900,卖盘
126,14:48:30,3.16,0.01,3,948,买盘
127,14:48:26,3.15,--,117,36981,卖盘
128,14:48:21,3.15,--,1,315,卖盘
129,14:48:15,3.15,--,207,65205,卖盘
130,14:48:11,3.15,--,46,14490,卖盘
131,14:48:05,3.15,--,1,315,卖盘
132,14:48:00,3.15,--,40,12600,卖盘
133,14:47:56,3.15,--,400,126000,卖盘
134,14:47:50,3.15,--,39,12285,卖盘
135,14:47:45,3.15,--,40,12600,卖盘
136,14:47:41,3.15,--,10,3150,卖盘
137,14:47:30,3.15,--,70,22050,卖盘
138,14:47:26,3.15,--,1,315,卖盘
139,14:47:20,3.15,--,130,40950,卖盘
140,14:47:15,3.15,--,41,12915,卖盘
141,14:47:11,3.15,-0.01,814,256410,卖盘
142,14:47:05,3.16,--,902,285032,买盘
143,14:47:00,3.16,0.01,1,316,买盘
144,14:46:56,3.15,--,265,83475,卖盘
145,14:46:50,3.15,-0.01,41,12915,卖盘
146,14:46:41,3.16,0.01,678,214248,买盘
147,14:46:35,3.15,-0.01,398,125370,卖盘
148,14:46:26,3.16,0.01,2,632,买盘
149,14:46:20,3.15,--,64,20160,卖盘
150,14:46:15,3.15,--,1,315,卖盘
151,14:46:05,3.15,--,262,82530,卖盘
152,14:46:00,3.15,-0.01,1,315,卖盘
153,14:45:56,3.16,0.01,87,27492,买盘
154,14:45:50,3.15,-0.01,40,12600,卖盘
155,14:45:41,3.16,0.01,562,177592,买盘
156,14:45:35,3.15,-0.01,228,71820,卖盘
157,14:45:26,3.16,--,300,94800,买盘
158,14:45:20,3.16,0.01,65,20540,买盘
159,14:45:05,3.15,--,73,22995,卖盘
160,14:44:55,3.15,-0.01,220,69300,卖盘
161,14:44:50,3.16,0.01,45,14220,买盘
162,14:44:40,3.15,--,305,96075,卖盘
163,14:44:25,3.15,-0.01,202,63630,卖盘
164,14:44:20,3.16,0.01,222,70152,买盘
165,14:44:15,3.15,-0.01,23,7245,卖盘
166,14:44:10,3.16,--,61,19276,买盘
167,14:44:05,3.16,0.01,132,41712,买盘
168,14:43:55,3.15,--,352,110880,卖盘
169,14:43:50,3.15,-0.01,25,7875,卖盘
170,14:43:45,3.16,--,198,62568,买盘
171,14:43:40,3.16,0.01,62,19592,买盘
172,14:43:35,3.15,--,236,74340,卖盘
173,14:43:30,3.15,-0.01,102,32130,卖盘
174,14:43:25,3.16,0.01,271,85636,买盘
175,14:43:15,3.15,--,32,10080,卖盘
176,14:43:10,3.15,-0.01,96,30240,卖盘
177,14:43:05,3.16,0.01,198,62568,买盘
178,14:43:00,3.15,--,2,630,卖盘
179,14:42:55,3.15,-0.01,64,20160,卖盘
180,14:42:50,3.16,0.01,282,89112,买盘
181,14:42:45,3.15,--,176,55440,卖盘
182,14:42:40,3.15,--,70,22050,卖盘
183,14:42:35,3.15,--,124,39060,卖盘
184,14:42:29,3.15,--,50,15750,卖盘
185,14:42:24,3.15,-0.01,81,25515,卖盘
186,14:42:20,3.16,--,300,94800,买盘
187,14:42:14,3.16,0.01,3,948,买盘
188,14:42:10,3.15,--,55,17325,卖盘
189,14:42:05,3.15,--,40,12600,卖盘
190,14:41:59,3.15,--,517,162855,卖盘
191,14:41:55,3.15,--,355,111825,卖盘
192,14:41:50,3.15,--,176,55440,卖盘
193,14:41:44,3.15,--,2,630,卖盘
194,14:41:39,3.15,--,40,12600,卖盘
195,14:41:35,3.15,--,51,16065,卖盘
196,14:41:29,3.15,-0.01,263,82845,卖盘
197,14:41:24,3.16,0.01,198,62568,买盘
198,14:41:20,3.15,--,105,33075,卖盘
199,14:41:14,3.15,--,5,1575,卖盘
200,14:41:09,3.15,--,79,24885,卖盘
201,14:41:05,3.15,--,5,1575,卖盘
202,14:40:59,3.15,--,31,9765,卖盘
203,14:40:54,3.15,-0.01,170,53550,卖盘
204,14:40:49,3.16,0.01,10,3160,买盘
205,14:40:44,3.15,--,90,28350,卖盘
206,14:40:35,3.15,--,66,20790,卖盘
207,14:40:29,3.15,--,170,53550,卖盘
208,14:40:19,3.15,--,23,7245,卖盘
209,14:40:14,3.15,--,50,15750,卖盘
210,14:40:09,3.15,--,70,22050,卖盘
211,14:40:05,3.15,--,40,12600,卖盘
212,14:39:59,3.15,-0.01,30,9450,卖盘
213,14:39:54,3.16,--,2,632,买盘
214,14:39:50,3.16,0.01,1113,351708,买盘
215,14:39:44,3.15,--,324,102060,卖盘
216,14:39:34,3.15,--,29,9135,卖盘
217,14:39:29,3.15,--,90,28350,卖盘
218,14:39:19,3.15,-0.01,34,10710,卖盘
219,14:39:14,3.16,0.01,101,31916,买盘
220,14:39:09,3.15,--,32,10080,卖盘
221,14:39:04,3.15,--,71,22365,卖盘
222,14:38:54,3.15,--,45,14175,卖盘
223,14:38:49,3.15,--,167,52605,卖盘
224,14:38:44,3.15,-0.01,10,3150,卖盘
225,14:38:39,3.16,0.01,100,31600,买盘
226,14:38:34,3.15,-0.01,168,52920,卖盘
227,14:38:29,3.16,0.01,131,41396,买盘
228,14:38:24,3.15,-0.01,20,6300,卖盘
229,14:38:19,3.16,0.01,1,316,买盘
230,14:38:14,3.15,--,41,12915,卖盘
231,14:38:04,3.15,-0.01,109,34335,卖盘
232,14:37:59,3.16,0.01,140,44240,买盘
233,14:37:49,3.15,--,170,53550,卖盘
234,14:37:44,3.15,--,603,189945,卖盘
235,14:37:34,3.15,--,33,10395,卖盘
236,14:37:29,3.15,-0.01,21,6615,卖盘
237,14:37:24,3.16,0.01,100,31600,买盘
238,14:37:19,3.15,--,105,33075,卖盘
239,14:37:14,3.15,--,43,13545,卖盘
240,14:37:04,3.15,--,56,17640,卖盘
241,14:36:59,3.15,--,202,63630,卖盘
242,14:36:54,3.15,--,40,12600,卖盘
243,14:36:49,3.15,-0.01,500,157500,卖盘
244,14:36:44,3.16,0.01,60,18960,买盘
245,14:36:39,3.15,--,11,3465,卖盘
246,14:36:34,3.15,--,41,12915,卖盘
247,14:36:29,3.15,--,71,22365,卖盘
248,14:36:24,3.15,-0.01,40,12600,卖盘
249,14:36:19,3.16,0.01,34,10744,买盘
250,14:36:04,3.15,--,41,12915,卖盘
251,14:35:59,3.15,--,1060,333900,卖盘
252,14:35:53,3.15,--,58,18270,卖盘
253,14:35:49,3.15,--,10,3150,卖盘
254,14:35:44,3.15,-0.01,21,6615,卖盘
255,14:35:38,3.16,0.01,162,51192,买盘
256,14:35:33,3.15,--,240,75600,卖盘
257,14:35:29,3.15,--,117,36855,卖盘
258,14:35:23,3.15,--,1700,535500,卖盘
259,14:35:19,3.15,--,71,22365,卖盘
260,14:35:14,3.15,--,7,2205,卖盘
261,14:35:08,3.15,--,70,22050,卖盘
262,14:35:03,3.15,--,60,18900,卖盘
263,14:34:58,3.15,--,41,12915,卖盘
264,14:34:53,3.15,--,295,92925,卖盘
265,14:34:48,3.15,--,71,22365,卖盘
266,14:34:38,3.15,--,103,32445,卖盘
267,14:34:33,3.15,--,21,6615,卖盘
268,14:34:28,3.15,-0.01,240,75600,卖盘
269,14:34:23,3.16,0.01,300,94800,买盘
270,14:34:18,3.15,-0.01,30,9450,卖盘
271,14:34:13,3.16,0.01,328,103648,买盘
272,14:34:08,3.15,--,505,159075,卖盘
273,14:34:03,3.15,--,31,9765,卖盘
274,14:33:58,3.15,--,89,28035,卖盘
275,14:33:53,3.15,--,260,81900,卖盘
276,14:33:43,3.15,--,340,107100,卖盘
277,14:33:38,3.15,-0.01,2894,911610,卖盘
278,14:33:33,3.16,0.01,85,26860,买盘
279,14:33:28,3.15,--,381,120015,卖盘
280,14:33:23,3.15,--,63,19845,卖盘
281,14:33:18,3.15,--,29,9135,卖盘
282,14:33:13,3.15,--,1073,337995,卖盘
283,14:33:08,3.15,--,301,94815,卖盘
284,14:33:03,3.15,--,6,1890,卖盘
285,14:32:58,3.15,--,1302,410130,卖盘
286,14:32:53,3.15,--,512,161280,卖盘
287,14:32:48,3.15,-0.01,1918,604170,卖盘
288,14:32:43,3.16,0.01,42,13272,买盘
289,14:32:38,3.15,--,300,94500,卖盘
290,14:32:33,3.15,--,30,9450,卖盘
291,14:32:28,3.15,--,40,12600,卖盘
292,14:32:23,3.15,--,71,22365,卖盘
293,14:32:18,3.15,--,64,20160,卖盘
294,14:32:03,3.15,--,49,15435,卖盘
295,14:31:58,3.15,--,61,19215,卖盘
296,14:31:53,3.15,--,6295,1982925,卖盘
297,14:31:43,3.15,--,12,3780,卖盘
298,14:31:38,3.15,--,876,275940,卖盘
299,14:31:33,3.15,-0.01,1550,488250,卖盘
300,14:31:28,3.16,0.01,177,55932,买盘
301,14:31:23,3.15,--,477,150255,卖盘
302,14:31:18,3.15,--,137,43155,卖盘
303,14:31:13,3.15,--,276,86940,卖盘
304,14:31:08,3.15,--,378,119070,卖盘
305,14:31:03,3.15,--,819,257985,卖盘
306,14:30:58,3.15,--,261,82215,卖盘
307,14:30:53,3.15,--,570,179550,卖盘
308,14:30:48,3.15,--,204,64260,卖盘
309,14:30:43,3.15,--,248,78120,卖盘
310,14:30:38,3.15,--,189,59535,卖盘
311,14:30:33,3.15,--,672,211680,卖盘
312,14:30:28,3.15,--,993,312795,卖盘
313,14:30:23,3.15,--,42,13230,卖盘
314,14:30:17,3.15,--,541,170415,卖盘
315,14:30:13,3.15,--,134,42210,卖盘
316,14:30:08,3.15,--,3,945,卖盘
317,14:30:02,3.15,--,3,945,卖盘
318,14:29:58,3.15,--,584,183960,卖盘
319,14:29:53,3.15,--,20,6300,卖盘
320,14:29:47,3.15,--,58,18270,卖盘
321,14:29:43,3.15,-0.01,1,315,卖盘
322,14:29:38,3.16,0.01,9,2844,买盘
323,14:29:32,3.15,-0.01,38,11970,卖盘
324,14:29:23,3.16,0.01,201,63516,买盘
325,14:29:17,3.15,--,23,7245,卖盘
326,14:29:13,3.15,--,6,1890,卖盘
327,14:29:08,3.15,--,538,169470,卖盘
328,14:29:02,3.15,--,130,40950,卖盘
329,14:28:58,3.15,--,130,40950,卖盘
330,14:28:53,3.15,-0.01,11,3465,卖盘
331,14:28:47,3.16,0.01,1,316,买盘
332,14:28:42,3.15,-0.01,30,9450,卖盘
333,14:28:32,3.16,0.01,1,316,买盘
334,14:28:28,3.15,--,21,6615,卖盘
335,14:28:23,3.15,--,10,3150,卖盘
336,14:28:12,3.15,-0.01,35,11025,卖盘
337,14:28:08,3.16,--,1,316,买盘
338,14:28:02,3.16,0.01,18,5688,买盘
339,14:27:57,3.15,-0.01,67,21186,卖盘
340,14:27:52,3.16,0.01,261,82476,买盘
341,14:27:47,3.15,--,146,45990,卖盘
342,14:27:42,3.15,-0.01,44,13860,卖盘
343,14:27:38,3.16,0.01,69,21851,买盘
344,14:27:27,3.15,--,18,5670,卖盘
345,14:27:17,3.15,--,67,21152,卖盘
346,14:27:12,3.15,--,7,2205,卖盘
347,14:27:07,3.15,--,16,5040,卖盘
348,14:27:02,3.15,--,67,21152,卖盘
349,14:26:52,3.15,--,243,76545,卖盘
350,14:26:47,3.15,--,24,7560,卖盘
351,14:26:37,3.15,--,67,21152,卖盘
352,14:26:32,3.15,--,1,315,卖盘
353,14:26:22,3.15,--,1,315,卖盘
354,14:26:17,3.15,--,2538,799517,卖盘
355,14:26:12,3.15,--,7,2205,卖盘
356,14:26:07,3.15,--,5,1575,卖盘
357,14:26:02,3.15,--,97,30602,卖盘
358,14:25:52,3.15,-0.01,12,3780,卖盘
359,14:25:47,3.16,0.01,15,4740,买盘
360,14:25:42,3.15,--,10,3150,卖盘
361,14:25:37,3.15,--,97,30602,卖盘
362,14:25:32,3.15,--,17,5355,卖盘
363,14:25:22,3.15,--,13,4095,卖盘
364,14:25:17,3.15,-0.01,281,88562,卖盘
365,14:25:07,3.16,--,261,82476,买盘
366,14:25:02,3.16,--,175,55347,买盘
367,14:24:57,3.16,0.01,84,26544,买盘
368,14:24:52,3.15,-0.01,500,157500,卖盘
369,14:24:47,3.16,--,22,6952,买盘
370,14:24:42,3.16,0.01,7,2212,买盘
371,14:24:37,3.15,--,67,21152,卖盘
372,14:24:32,3.15,-0.01,41,12915,卖盘
373,14:24:27,3.16,--,67,21172,买盘
374,14:24:22,3.16,0.01,198,62568,买盘
375,14:24:17,3.15,--,109,34382,卖盘
376,14:24:07,3.15,--,10,3150,卖盘
377,14:24:02,3.15,--,68,21467,卖盘
378,14:23:56,3.15,-0.01,100,31500,卖盘
379,14:23:47,3.16,--,5,1580,买盘
380,14:23:41,3.16,0.01,16,5056,买盘
381,14:23:37,3.15,-0.01,267,84152,卖盘
382,14:23:32,3.16,0.01,63,19908,买盘
383,14:23:17,3.15,--,122,38477,卖盘
384,14:23:11,3.15,--,50,15750,卖盘
385,14:23:07,3.15,--,403,126945,卖盘
386,14:23:02,3.15,-0.01,67,21152,卖盘
387,14:22:56,3.16,--,280,88480,买盘
388,14:22:52,3.16,0.01,33,10428,买盘
389,14:22:47,3.15,--,96,30536,卖盘
390,14:22:41,3.15,--,180,56700,卖盘
391,14:22:37,3.15,--,100,31547,卖盘
392,14:22:32,3.15,--,208,65520,卖盘
393,14:22:26,3.15,--,191,60165,卖盘
394,14:22:22,3.15,-0.01,3,945,卖盘
395,14:22:17,3.16,0.01,184,58191,买盘
396,14:22:11,3.15,--,17,5355,卖盘
397,14:22:07,3.15,--,2,630,卖盘
398,14:22:02,3.15,-0.01,1113,350642,卖盘
399,14:21:56,3.16,0.01,2,632,买盘
400,14:21:52,3.15,-0.01,14,4410,卖盘
401,14:21:47,3.16,0.01,198,62568,买盘
402,14:21:41,3.15,--,11,3465,卖盘
403,14:21:37,3.15,-0.01,70,22097,卖盘
404,14:21:32,3.16,0.01,12,3792,买盘
405,14:21:26,3.15,--,598,188370,卖盘
406,14:21:22,3.15,--,226,71190,卖盘
407,14:21:17,3.15,-0.01,97,30602,卖盘
408,14:21:11,3.16,0.01,209,66044,买盘
409,14:21:06,3.15,-0.01,10,3150,卖盘
410,14:21:02,3.16,0.01,80,25327,买盘
411,14:20:51,3.15,--,12,3780,卖盘
412,14:20:41,3.15,--,11,3465,卖盘
413,14:20:36,3.15,--,86,27137,卖盘
414,14:20:31,3.15,-0.01,15,4725,卖盘
415,14:20:26,3.16,0.01,79,24964,买盘
416,14:20:21,3.15,--,72,22680,卖盘
417,14:20:17,3.15,--,602,189677,卖盘
418,14:20:11,3.15,--,12,3780,卖盘
419,14:20:01,3.15,-0.01,78,24617,卖盘
420,14:19:51,3.16,--,21,6636,买盘
421,14:19:41,3.16,--,90,28487,买盘
422,14:19:36,3.16,0.01,8,2528,买盘
423,14:19:31,3.15,-0.01,17,5355,卖盘
424,14:19:26,3.16,0.01,1,316,买盘
425,14:19:21,3.15,--,24,7560,卖盘
426,14:19:16,3.15,--,80,25247,卖盘
427,14:19:11,3.15,--,41,12915,卖盘
428,14:19:06,3.15,--,4,1260,卖盘
429,14:19:01,3.15,-0.01,131,41312,卖盘
430,14:18:56,3.16,0.01,249,78684,买盘
431,14:18:51,3.15,--,12,3780,卖盘
432,14:18:41,3.15,-0.01,268,84467,卖盘
433,14:18:36,3.16,0.01,1,316,买盘
434,14:18:31,3.15,--,70,22355,卖盘
435,14:18:26,3.15,--,100,31500,卖盘
436,14:18:21,3.15,--,11,3465,卖盘
437,14:18:16,3.15,--,440,138710,卖盘
438,14:18:11,3.15,-0.01,11,3465,卖盘
439,14:18:06,3.16,0.01,131,41396,买盘
440,14:18:01,3.15,--,90,28397,卖盘
441,14:17:51,3.15,-0.01,5015,1579725,卖盘
442,14:17:46,3.16,0.01,68,21488,买盘
443,14:17:41,3.15,--,151,47612,卖盘
444,14:17:31,3.15,--,41,12915,卖盘
445,14:17:26,3.15,-0.01,50,15750,卖盘
446,14:17:21,3.16,0.01,98,31015,买盘
447,14:17:16,3.15,-0.01,30,9450,卖盘
448,14:17:11,3.16,0.01,162,51192,买盘
449,14:17:01,3.15,-0.01,147,46352,卖盘
450,14:16:56,3.16,0.01,415,131140,买盘
451,14:16:50,3.15,--,11,3465,卖盘
452,14:16:46,3.15,--,155,48825,卖盘
453,14:16:41,3.15,--,268,84467,卖盘
454,14:16:35,3.15,--,20,6300,卖盘
455,14:16:31,3.15,--,11,3465,卖盘
456,14:16:26,3.15,--,3,945,卖盘
457,14:16:20,3.15,--,88,27767,卖盘
458,14:16:16,3.15,--,46,14490,卖盘
459,14:16:11,3.15,--,15,4725,卖盘
460,14:16:01,3.15,--,78,24617,卖盘
461,14:15:56,3.15,--,200,63000,卖盘
462,14:15:50,3.15,--,11,3465,卖盘
463,14:15:41,3.15,-0.01,278,87617,卖盘
464,14:15:35,3.16,0.01,10,3160,买盘
465,14:15:31,3.15,--,257,80955,卖盘
466,14:15:26,3.15,--,32,10080,卖盘
467,14:15:20,3.15,--,12,3780,卖盘
468,14:15:16,3.15,-0.01,198,62370,卖盘
469,14:15:11,3.16,0.01,12,3792,买盘
470,14:15:05,3.15,--,868,273420,卖盘
471,14:15:01,3.15,--,647,204104,卖盘
472,14:14:56,3.15,-0.01,8,2520,卖盘
473,14:14:50,3.16,--,12,3792,买盘
474,14:14:41,3.16,--,590,186440,买盘
475,14:14:31,3.16,0.01,25,7900,买盘
476,14:14:26,3.15,--,26,8190,卖盘
477,14:14:20,3.15,--,31,9765,卖盘
478,14:14:16,3.15,--,707,222705,卖盘
479,14:14:11,3.15,--,11,3465,卖盘
480,14:14:05,3.15,--,173,54495,卖盘
481,14:14:01,3.15,--,675,212625,卖盘
482,14:13:50,3.15,--,140,44100,卖盘
483,14:13:40,3.15,--,588,185220,卖盘
484,14:13:30,3.15,--,17,5355,卖盘
485,14:13:25,3.15,--,81,25515,卖盘
486,14:13:20,3.15,--,41,12915,卖盘
487,14:13:15,3.15,--,1,315,卖盘
488,14:13:10,3.15,--,141,44415,卖盘
489,14:13:05,3.15,--,600,189000,卖盘
490,14:13:00,3.15,--,11,3465,卖盘
491,14:12:55,3.15,--,390,122850,卖盘
492,14:12:50,3.15,--,12,3780,卖盘
493,14:12:40,3.15,--,11,3465,卖盘
494,14:12:30,3.15,--,11,3465,卖盘
495,14:12:20,3.15,-0.01,618,194670,卖盘
496,14:12:15,3.16,0.01,18,5688,买盘
497,14:12:10,3.15,--,32,10080,卖盘
498,14:12:05,3.15,--,390,122850,卖盘
499,14:12:00,3.15,--,22,6930,卖盘
500,14:11:50,3.15,--,71,22365,卖盘
501,14:11:40,3.15,--,11,3465,卖盘
502,14:11:35,3.15,--,332,104580,卖盘
503,14:11:30,3.15,-0.01,111,34965,卖盘
504,14:11:25,3.16,0.01,584,184544,买盘
505,14:11:20,3.15,--,11,3465,卖盘
506,14:11:10,3.15,--,11,3465,卖盘
507,14:11:05,3.15,--,614,193410,卖盘
508,14:10:58,3.15,-0.01,51,16065,卖盘
509,14:10:55,3.16,0.01,1,316,买盘
510,14:10:49,3.15,-0.01,10,3150,卖盘
511,14:10:40,3.16,--,589,186124,买盘
512,14:10:34,3.16,0.01,101,31916,买盘
513,14:10:29,3.15,-0.01,11,3465,卖盘
514,14:10:19,3.16,--,22,6952,买盘
515,14:10:10,3.16,0.01,856,270496,买盘
516,14:09:58,3.15,-0.01,11,3465,卖盘
517,14:09:55,3.16,--,95,30020,买盘
518,14:09:49,3.16,0.01,25,7900,买盘
519,14:09:43,3.15,-0.01,626,197190,卖盘
520,14:09:40,3.16,--,15,4740,买盘
521,14:09:34,3.16,0.01,13,4108,买盘
522,14:09:28,3.15,-0.01,11,3465,卖盘
523,14:09:25,3.16,0.01,158,49928,买盘
524,14:09:19,3.15,--,11,3465,卖盘
525,14:09:10,3.15,-0.02,355,111825,卖盘
526,14:09:04,3.17,0.02,237,75129,买盘
527,14:08:58,3.15,-0.01,11,3465,卖盘
528,14:08:55,3.16,0.01,300,94800,买盘
529,14:08:49,3.15,-0.01,11,3465,卖盘
530,14:08:40,3.16,--,587,185492,买盘
531,14:08:34,3.16,0.01,2,632,买盘
532,14:08:28,3.15,-0.01,11,3465,卖盘
533,14:08:25,3.16,--,103,32548,卖盘
534,14:08:19,3.16,--,12,3792,卖盘
535,14:08:10,3.16,--,11,3476,卖盘
536,14:08:04,3.16,--,355,112180,买盘
537,14:07:58,3.16,0.01,52,16432,买盘
538,14:07:49,3.15,-0.01,27,8505,卖盘
539,14:07:43,3.16,--,27,8532,卖盘
540,14:07:39,3.16,-0.01,767,242372,卖盘
541,14:07:34,3.17,0.01,1883,596911,买盘
542,14:07:28,3.16,--,89,28124,卖盘
543,14:07:25,3.16,--,249,78684,卖盘
544,14:07:19,3.16,--,503,158948,卖盘
545,14:07:13,3.16,--,110,34760,卖盘
546,14:07:09,3.16,--,182,57512,卖盘
547,14:06:58,3.16,--,61,19276,卖盘
548,14:06:54,3.16,-0.01,16,5056,卖盘
549,14:06:49,3.17,0.01,508,161036,买盘
550,14:06:39,3.16,--,22,6952,卖盘
551,14:06:34,3.16,--,20,6320,卖盘
552,14:06:28,3.16,--,12,3792,卖盘
553,14:06:24,3.16,--,21,6636,卖盘
554,14:06:19,3.16,0.01,3541,1118956,买盘
555,14:06:09,3.15,-0.01,846,266490,卖盘
556,14:06:04,3.16,0.01,72,22752,买盘
557,14:05:58,3.15,-0.01,396,124740,卖盘
558,14:05:54,3.16,0.01,918,290088,买盘
559,14:05:49,3.15,-0.01,447,140805,卖盘
560,14:05:39,3.16,--,27,8532,买盘
561,14:05:34,3.16,--,386,121976,买盘
562,14:05:24,3.16,0.01,2,632,买盘
563,14:05:19,3.15,--,11,3465,卖盘
564,14:05:13,3.15,--,700,220500,卖盘
565,14:05:09,3.15,-0.01,396,124740,卖盘
566,14:05:04,3.16,0.01,72,22752,买盘
567,14:04:58,3.15,--,12,3780,卖盘
568,14:04:54,3.15,--,247,77805,卖盘
569,14:04:49,3.15,-0.01,121,38115,卖盘
570,14:04:43,3.16,--,515,162740,买盘
571,14:04:37,3.16,0.01,303,95748,买盘
572,14:04:34,3.15,-0.01,53,16695,卖盘
573,14:04:28,3.16,--,10010,3163160,买盘
574,14:04:22,3.16,--,869,274604,买盘
575,14:04:19,3.16,--,355,112180,买盘
576,14:04:13,3.16,--,7,2212,买盘
577,14:04:04,3.16,0.01,100,31600,买盘
578,14:03:58,3.15,-0.01,10,3150,卖盘
579,14:03:52,3.16,--,102,32232,买盘
580,14:03:49,3.16,0.01,651,205716,买盘
581,14:03:43,3.15,--,50,15750,卖盘
582,14:03:37,3.15,-0.01,1,315,卖盘
583,14:03:34,3.16,--,249,78684,买盘
584,14:03:28,3.16,--,201,63516,买盘
585,14:03:22,3.16,0.01,110,34760,买盘
586,14:03:19,3.15,--,50,15750,卖盘
587,14:03:07,3.15,-0.01,1,315,卖盘
588,14:03:04,3.16,--,100,31600,买盘
589,14:02:58,3.16,--,190,60040,买盘
590,14:02:52,3.16,--,100,31600,买盘
591,14:02:49,3.16,0.01,2,632,买盘
592,14:02:43,3.15,--,229,72135,卖盘
593,14:02:37,3.15,--,10,3150,卖盘
594,14:02:34,3.15,-0.01,200,63000,卖盘
595,14:02:19,3.16,--,32,10112,买盘
596,14:02:04,3.16,--,163,51508,买盘
597,14:01:58,3.16,0.01,325,102700,买盘
598,14:01:52,3.15,--,1,315,卖盘
599,14:01:37,3.15,--,11,3465,卖盘
600,14:01:28,3.15,--,11,3465,卖盘
601,14:01:22,3.15,--,902,284130,卖盘
602,14:01:19,3.15,--,269,84735,卖盘
603,14:01:13,3.15,--,53,16695,卖盘
604,14:01:07,3.15,-0.01,824,259560,卖盘
605,14:01:03,3.16,0.01,100,31600,买盘
606,14:00:58,3.15,--,108,34020,卖盘
607,14:00:52,3.15,--,444,139860,卖盘
608,14:00:49,3.15,--,812,255780,卖盘
609,14:00:43,3.15,--,1124,354060,卖盘
610,14:00:37,3.15,--,217,68355,卖盘
611,14:00:33,3.15,-0.01,1322,416430,卖盘
612,14:00:28,3.16,0.01,195,61620,买盘
613,14:00:22,3.15,--,157,49455,卖盘
614,14:00:18,3.15,-0.01,134,42210,卖盘
615,14:00:07,3.16,--,33,10428,买盘
616,13:59:58,3.16,--,104,32864,卖盘
617,13:59:52,3.16,--,361,114076,卖盘
618,13:59:48,3.16,--,230,72680,卖盘
619,13:59:43,3.16,--,630,199080,卖盘
620,13:59:33,3.16,--,110,34760,卖盘
621,13:59:28,3.16,--,300,94800,卖盘
622,13:59:22,3.16,--,28,8848,卖盘
623,13:59:18,3.16,-0.01,1354,427864,卖盘
624,13:59:13,3.17,0.01,1,317,买盘
625,13:59:03,3.16,-0.01,10,3160,卖盘
626,13:58:58,3.17,0.01,10,3170,买盘
627,13:58:37,3.16,--,80,25280,卖盘
628,13:58:33,3.16,--,980,309680,卖盘
629,13:58:28,3.16,--,98,30968,卖盘
630,13:58:18,3.16,--,86,27176,卖盘
631,13:58:13,3.16,--,105,33180,卖盘
632,13:58:07,3.16,--,121,38236,卖盘
633,13:57:58,3.16,--,130,41080,卖盘
634,13:57:52,3.16,-0.01,5,1580,卖盘
635,13:57:43,3.17,0.01,1226,388642,买盘
636,13:57:37,3.16,-0.01,1,316,卖盘
637,13:57:28,3.17,0.01,1,317,买盘
638,13:57:22,3.16,--,50,15800,卖盘
639,13:57:16,3.16,--,892,281872,卖盘
640,13:57:13,3.16,--,13,4108,卖盘
641,13:57:07,3.16,--,50,15800,卖盘
642,13:56:58,3.16,--,8,2528,卖盘
643,13:56:52,3.16,--,3,948,卖盘
644,13:56:46,3.16,--,31,9796,卖盘
645,13:56:37,3.16,--,26,8216,卖盘
646,13:56:28,3.16,--,22,6952,卖盘
647,13:56:22,3.16,-0.01,1255,396580,卖盘
648,13:56:16,3.17,0.01,33,10461,买盘
649,13:56:13,3.16,--,270,85320,卖盘
650,13:55:58,3.16,-0.01,81,25596,卖盘
651,13:55:52,3.17,0.01,5,1585,买盘
652,13:55:43,3.16,--,116,36656,卖盘
653,13:55:37,3.16,-0.01,12,3792,卖盘
654,13:55:22,3.17,--,3,951,买盘
655,13:55:07,3.17,0.01,3025,958925,买盘
656,13:54:58,3.16,-0.01,48,15168,卖盘
657,13:54:52,3.17,0.01,1082,342994,买盘
658,13:54:43,3.16,--,1081,341596,卖盘
659,13:54:31,3.16,--,20,6320,卖盘
660,13:54:28,3.16,--,11,3476,卖盘
661,13:54:13,3.16,-0.01,10,3160,卖盘
662,13:54:07,3.17,0.01,111,35187,买盘
663,13:53:58,3.16,--,11,3476,卖盘
664,13:53:52,3.16,--,12,3792,卖盘
665,13:53:46,3.16,--,20,6320,卖盘
666,13:53:42,3.16,--,167,52772,卖盘
667,13:53:37,3.16,--,11,3476,卖盘
668,13:53:27,3.16,-0.01,904,285664,卖盘
669,13:53:22,3.17,0.01,158,50086,买盘
670,13:53:12,3.16,--,1120,353920,卖盘
671,13:53:07,3.16,--,103,32548,卖盘
672,13:53:01,3.16,--,5,1580,卖盘
673,13:52:57,3.16,--,108,34128,卖盘
674,13:52:52,3.16,--,500,158000,卖盘
675,13:52:46,3.16,--,11,3476,卖盘
676,13:52:42,3.16,--,152,48032,卖盘
677,13:52:37,3.16,--,16,5056,卖盘
678,13:52:27,3.16,--,23,7268,卖盘
679,13:52:22,3.16,--,3143,993188,卖盘
680,13:52:16,3.16,--,248,78368,卖盘
681,13:52:12,3.16,--,10,3160,卖盘
682,13:52:07,3.16,--,887,280292,卖盘
683,13:51:57,3.16,--,31,9796,卖盘
684,13:51:52,3.16,-0.01,7,2212,卖盘
685,13:51:46,3.17,0.01,1055,334435,买盘
686,13:51:42,3.16,--,233,73628,卖盘
687,13:51:37,3.16,--,12,3792,卖盘
688,13:51:31,3.16,--,1,316,卖盘
689,13:51:27,3.16,--,31,9796,卖盘
690,13:51:22,3.16,--,12,3792,卖盘
691,13:51:12,3.16,--,290,91640,卖盘
692,13:51:07,3.16,--,117,36972,卖盘
693,13:51:01,3.16,--,1012,319792,卖盘
694,13:50:56,3.16,--,128,40448,卖盘
695,13:50:52,3.16,--,135,42660,卖盘
696,13:50:46,3.16,--,31,9796,卖盘
697,13:50:37,3.16,--,1219,385204,卖盘
698,13:50:31,3.16,--,55,17380,卖盘
699,13:50:25,3.16,-0.01,11,3476,卖盘
700,13:50:22,3.17,0.01,401,127117,买盘
701,13:50:16,3.16,--,426,134616,卖盘
702,13:50:10,3.16,-0.01,11,3476,卖盘
703,13:50:07,3.17,0.01,113,35821,买盘
704,13:50:01,3.16,--,100,31600,卖盘
705,13:49:55,3.16,--,11,3476,卖盘
706,13:49:52,3.16,-0.01,1,316,卖盘
707,13:49:46,3.17,0.01,5941,1883297,买盘
708,13:49:40,3.16,--,105,33180,卖盘
709,13:49:37,3.16,-0.01,11,3476,卖盘
710,13:49:31,3.17,0.01,691,219047,买盘
711,13:49:25,3.16,--,13,4108,卖盘
712,13:49:22,3.16,--,172,54352,卖盘
713,13:49:16,3.16,--,602,190232,卖盘
714,13:49:10,3.16,0.01,8075,2551908,买盘
715,13:49:06,3.15,--,793,249795,卖盘
716,13:49:01,3.15,-0.01,260,81900,卖盘
717,13:48:55,3.16,0.01,156,49296,买盘
718,13:48:51,3.15,--,11,3465,卖盘
719,13:48:46,3.15,-0.01,1066,335790,卖盘
720,13:48:36,3.16,0.01,623,196868,买盘
721,13:48:31,3.15,-0.01,10,3150,卖盘
722,13:48:25,3.16,0.01,7,2212,买盘
723,13:48:22,3.15,--,24,7560,卖盘
724,13:48:16,3.15,-0.01,11,3465,卖盘
725,13:48:10,3.16,--,40,12640,买盘
726,13:48:07,3.16,--,113,35708,买盘
727,13:48:01,3.16,0.01,287,90692,买盘
728,13:47:55,3.15,-0.01,11,3465,卖盘
729,13:47:52,3.16,--,96,30336,买盘
730,13:47:46,3.16,--,48,15168,买盘
731,13:47:40,3.16,--,100,31600,买盘
732,13:47:36,3.16,--,21,6636,买盘
733,13:47:31,3.16,--,734,231944,买盘
734,13:47:25,3.16,--,181,57196,买盘
735,13:47:21,3.16,--,1439,454724,买盘
736,13:47:16,3.16,--,190,60040,买盘
737,13:47:10,3.16,--,835,263860,买盘
738,13:47:06,3.16,--,938,296408,买盘
739,13:46:51,3.16,--,197,62252,买盘
740,13:46:46,3.16,--,1074,339384,买盘
741,13:46:40,3.16,0.01,308,97328,买盘
742,13:46:36,3.15,--,254,80010,卖盘
743,13:46:31,3.15,--,829,261135,卖盘
744,13:46:25,3.15,--,94,29610,卖盘
745,13:46:21,3.15,--,538,169470,卖盘
746,13:46:16,3.15,-0.01,106,33390,卖盘
747,13:46:10,3.16,--,1055,333380,买盘
748,13:46:06,3.16,0.01,120,37920,买盘
749,13:46:01,3.15,--,19,5985,卖盘
750,13:45:51,3.15,-0.01,113,35595,卖盘
751,13:45:46,3.16,0.01,211,66676,买盘
752,13:45:40,3.15,--,135,42525,卖盘
753,13:45:36,3.15,--,10,3150,卖盘
754,13:45:25,3.15,--,99,31185,卖盘
755,13:45:21,3.15,--,200,63000,卖盘
756,13:45:16,3.15,--,11,3465,卖盘
757,13:45:06,3.15,--,210,66150,卖盘
758,13:44:51,3.15,--,118,37170,卖盘
759,13:44:46,3.15,-0.01,15,4725,卖盘
760,13:44:40,3.16,0.01,100,31600,买盘
761,13:44:36,3.15,--,11,3465,卖盘
762,13:44:31,3.15,--,87,27405,卖盘
763,13:44:21,3.15,--,35,11025,卖盘
764,13:44:16,3.15,--,17,5355,卖盘
765,13:44:06,3.15,--,1085,341775,卖盘
766,13:43:51,3.15,-0.01,11,3465,卖盘
767,13:43:46,3.16,--,21,6636,买盘
768,13:43:40,3.16,--,102,32232,买盘
769,13:43:36,3.16,--,20,6320,买盘
770,13:43:30,3.16,0.01,623,196868,买盘
771,13:43:25,3.15,-0.01,127,40005,卖盘
772,13:43:04,3.16,0.01,34,10744,买盘
773,13:42:49,3.15,-0.01,50,15750,卖盘
774,13:42:45,3.16,--,675,213300,买盘
775,13:42:34,3.16,--,10,3160,买盘
776,13:42:30,3.16,--,167,52772,买盘
777,13:42:25,3.16,0.01,20,6320,买盘
778,13:42:19,3.15,--,31,9765,卖盘
779,13:42:15,3.15,--,3,945,卖盘
780,13:42:10,3.15,--,80,25200,卖盘
781,13:42:04,3.15,-0.01,11,3465,卖盘
782,13:42:00,3.16,0.01,200,63200,买盘
783,13:41:55,3.15,-0.01,203,63945,卖盘
784,13:41:49,3.16,0.01,3,948,买盘
785,13:41:45,3.15,--,10,3150,卖盘
786,13:41:40,3.15,--,525,165375,卖盘
787,13:41:34,3.15,--,16,5040,卖盘
788,13:41:30,3.15,--,433,136395,卖盘
789,13:41:25,3.15,--,465,146475,卖盘
790,13:41:15,3.15,--,11,3465,卖盘
791,13:41:10,3.15,--,857,269955,卖盘
792,13:41:04,3.15,--,11,3465,卖盘
793,13:41:00,3.15,--,330,103950,卖盘
794,13:40:55,3.15,--,665,209475,卖盘
795,13:40:45,3.15,-0.01,142,44730,卖盘
796,13:40:34,3.16,--,16,5056,买盘
797,13:40:30,3.16,0.01,50,15800,买盘
798,13:40:25,3.15,--,11,3465,卖盘
799,13:40:19,3.15,--,34,10710,卖盘
800,13:40:15,3.15,--,12,3780,卖盘
801,13:40:04,3.15,-0.01,11,3465,卖盘
802,13:39:55,3.16,--,143,45188,买盘
803,13:39:49,3.16,--,35,11060,买盘
804,13:39:45,3.16,0.01,22,6952,买盘
805,13:39:34,3.15,--,210,66150,卖盘
806,13:39:25,3.15,-0.01,12,3780,卖盘
807,13:39:19,3.16,--,25,7900,买盘
808,13:39:15,3.16,--,340,107440,买盘
809,13:39:10,3.16,0.01,13,4108,买盘
810,13:39:04,3.15,-0.01,36,11340,卖盘
811,13:39:00,3.16,0.01,4,1264,买盘
812,13:38:55,3.15,--,21,6615,卖盘
813,13:38:49,3.15,--,260,81900,卖盘
814,13:38:45,3.15,--,281,88515,卖盘
815,13:38:40,3.15,-0.01,10,3150,卖盘
816,13:38:34,3.16,0.01,212,66992,买盘
817,13:38:30,3.15,--,2,630,卖盘
818,13:38:25,3.15,--,620,195300,卖盘
819,13:38:15,3.15,-0.01,73,22995,卖盘
820,13:38:10,3.16,0.01,52,16432,买盘
821,13:38:04,3.15,--,11,3465,卖盘
822,13:37:55,3.15,--,15,4725,卖盘
823,13:37:45,3.15,--,11,3465,卖盘
824,13:37:40,3.15,--,149,46935,卖盘
825,13:37:34,3.15,-0.01,11,3465,卖盘
826,13:37:30,3.16,0.01,800,252800,买盘
827,13:37:25,3.15,--,14,4410,卖盘
828,13:37:15,3.15,--,11,3465,卖盘
829,13:37:10,3.15,--,1,315,卖盘
830,13:37:04,3.15,--,11,3465,卖盘
831,13:36:55,3.15,--,11,3465,卖盘
832,13:36:43,3.15,--,12,3780,卖盘
833,13:36:34,3.15,--,11,3465,卖盘
834,13:36:25,3.15,--,12,3780,卖盘
835,13:36:19,3.15,--,1,315,卖盘
836,13:36:13,3.15,-0.01,11,3465,卖盘
837,13:36:10,3.16,0.01,111,35076,买盘
838,13:36:04,3.15,--,22,6930,卖盘
839,13:35:58,3.15,-0.01,199,62685,卖盘
840,13:35:55,3.16,--,14,4424,买盘
841,13:35:49,3.16,--,3341,1055863,卖盘
842,13:35:43,3.16,--,11,3476,卖盘
843,13:35:39,3.16,--,249,78684,卖盘
844,13:35:34,3.16,--,66,20856,卖盘
845,13:35:24,3.16,--,11,3476,卖盘
846,13:35:19,3.16,--,15,4740,卖盘
847,13:35:13,3.16,--,60,18960,卖盘
848,13:35:09,3.16,--,11,3476,卖盘
849,13:35:04,3.16,--,36,11376,卖盘
850,13:34:58,3.16,--,11,3476,卖盘
851,13:34:54,3.16,--,207,65412,卖盘
852,13:34:43,3.16,--,12,3792,卖盘
853,13:34:39,3.16,--,56,17696,卖盘
854,13:34:34,3.16,--,735,232260,卖盘
855,13:34:24,3.16,--,11,3476,卖盘
856,13:34:19,3.16,--,2,632,卖盘
857,13:34:13,3.16,--,18,5688,卖盘
858,13:34:09,3.16,--,167,52772,卖盘
859,13:34:04,3.16,-0.01,12,3792,卖盘
860,13:33:58,3.17,0.01,1,317,买盘
861,13:33:54,3.16,--,11,3476,卖盘
862,13:33:49,3.16,--,30,9480,卖盘
863,13:33:43,3.16,--,11,3476,卖盘
864,13:33:39,3.16,--,180,56880,卖盘
865,13:33:34,3.16,--,142,44872,卖盘
866,13:33:28,3.16,--,30,9480,卖盘
867,13:33:24,3.16,--,52,16432,卖盘
868,13:33:19,3.16,-0.01,117,36972,卖盘
869,13:33:13,3.17,0.01,142,45014,买盘
870,13:33:09,3.16,--,353,111548,卖盘
871,13:33:04,3.16,--,223,70468,卖盘
872,13:32:58,3.16,--,148,46768,卖盘
873,13:32:54,3.16,--,10,3160,卖盘
874,13:32:49,3.16,--,29,9164,卖盘
875,13:32:43,3.16,--,157,49612,卖盘
876,13:32:39,3.16,--,54,17064,卖盘
877,13:32:34,3.16,--,11,3476,卖盘
878,13:32:24,3.16,--,821,259436,卖盘
879,13:32:19,3.16,--,32,10112,卖盘
880,13:32:13,3.16,-0.01,29,9164,卖盘
881,13:32:09,3.17,--,53,16801,买盘
882,13:32:04,3.17,0.01,32,10144,买盘
883,13:31:54,3.16,--,31,9796,卖盘
884,13:31:49,3.16,--,91,28756,卖盘
885,13:31:43,3.16,--,12,3792,卖盘
886,13:31:39,3.16,--,260,82160,卖盘
887,13:31:34,3.16,--,206,65096,卖盘
888,13:31:24,3.16,--,38,12008,卖盘
889,13:31:19,3.16,--,1,316,卖盘
890,13:31:13,3.16,--,12,3792,卖盘
891,13:31:09,3.16,--,157,49612,卖盘
892,13:31:04,3.16,--,72,22752,卖盘
893,13:30:54,3.16,--,13,4108,卖盘
894,13:30:49,3.16,--,11,3476,卖盘
895,13:30:43,3.16,--,11,3476,卖盘
896,13:30:39,3.16,-0.01,50,15800,卖盘
897,13:30:34,3.17,0.01,213,67521,买盘
898,13:30:24,3.16,--,62,19592,卖盘
899,13:30:19,3.16,-0.01,181,57196,卖盘
900,13:30:13,3.17,0.01,26,8242,买盘
901,13:30:09,3.16,-0.01,53,16748,卖盘
902,13:30:04,3.17,0.01,71,22507,买盘
903,13:29:54,3.16,--,30,9480,卖盘
904,13:29:49,3.16,--,21,6636,卖盘
905,13:29:39,3.16,-0.01,326,103016,卖盘
906,13:29:34,3.17,--,11,3487,买盘
907,13:29:24,3.17,0.01,178,56426,买盘
908,13:29:13,3.16,--,33,10428,卖盘
909,13:29:09,3.16,--,214,67624,卖盘
910,13:29:03,3.16,--,132,41712,卖盘
911,13:28:58,3.16,-0.01,32,10112,卖盘
912,13:28:53,3.17,0.01,10,3170,买盘
913,13:28:49,3.16,--,49,15484,卖盘
914,13:28:39,3.16,-0.01,82,25912,卖盘
915,13:28:33,3.17,0.01,152,48184,买盘
916,13:28:28,3.16,-0.01,70,22120,卖盘
917,13:28:22,3.17,0.01,228,72276,买盘
918,13:28:18,3.16,-0.01,1,316,卖盘
919,13:28:13,3.17,--,1137,360429,买盘
920,13:28:07,3.17,--,20,6340,买盘
921,13:27:58,3.17,0.01,66,20922,买盘
922,13:27:52,3.16,--,1,316,卖盘
923,13:27:48,3.16,--,191,60356,卖盘
924,13:27:43,3.16,--,180,56880,卖盘
925,13:27:37,3.16,--,3,948,卖盘
926,13:27:33,3.16,--,1,524,卖盘
927,13:27:18,3.16,--,16,5056,卖盘
928,13:27:13,3.16,--,61,19276,卖盘
929,13:27:07,3.16,-0.01,2,632,卖盘
930,13:27:03,3.17,0.01,30,9510,买盘
931,13:26:58,3.16,--,54,17064,卖盘
932,13:26:43,3.16,-0.01,53,16748,卖盘
933,13:26:33,3.17,0.01,2,634,买盘
934,13:26:28,3.16,--,5,1580,卖盘
935,13:26:22,3.16,--,8,2528,卖盘
936,13:26:18,3.16,-0.01,61,19276,卖盘
937,13:26:13,3.17,0.01,54,17118,买盘
938,13:25:58,3.16,--,11,3476,卖盘
939,13:25:52,3.16,--,1,316,卖盘
940,13:25:48,3.16,-0.01,16,5056,卖盘
941,13:25:43,3.17,--,1490,472330,买盘
942,13:25:33,3.17,--,265,84005,买盘
943,13:25:28,3.17,--,993,314781,买盘
944,13:25:18,3.17,0.01,3,951,买盘
945,13:25:13,3.16,-0.01,51,16116,卖盘
946,13:25:03,3.17,0.01,4,1268,买盘
947,13:24:58,3.16,--,1,316,卖盘
948,13:24:48,3.16,--,21,6636,卖盘
949,13:24:43,3.16,-0.01,50,15800,卖盘
950,13:24:33,3.17,--,29,9193,买盘
951,13:24:28,3.17,0.01,178,56426,买盘
952,13:24:22,3.16,--,100,31600,卖盘
953,13:24:18,3.16,--,16,5056,卖盘
954,13:24:13,3.16,--,100,31600,卖盘
955,13:24:03,3.16,--,101,31916,卖盘
956,13:23:58,3.16,--,182,57512,卖盘
957,13:23:43,3.16,--,548,173168,卖盘
958,13:23:37,3.16,--,1,316,卖盘
959,13:23:28,3.16,--,30,9480,卖盘
960,13:23:22,3.16,--,2,632,卖盘
961,13:23:18,3.16,--,50,15800,卖盘
962,13:23:13,3.16,--,174,54984,卖盘
963,13:23:07,3.16,-0.01,597,188652,卖盘
964,13:23:03,3.17,0.01,1,317,买盘
965,13:22:58,3.16,-0.01,4,1264,卖盘
966,13:22:48,3.17,0.01,46,14582,买盘
967,13:22:43,3.16,--,50,15800,卖盘
968,13:22:37,3.16,--,1,316,卖盘
969,13:22:32,3.16,--,71,22436,卖盘
970,13:22:22,3.16,--,80,25280,卖盘
971,13:22:13,3.16,--,56,17696,卖盘
972,13:22:07,3.16,--,590,186440,卖盘
973,13:22:02,3.16,--,110,34760,卖盘
974,13:21:42,3.16,-0.01,367,115972,卖盘
975,13:21:31,3.17,0.01,43,13631,买盘
976,13:21:28,3.16,--,4,1264,卖盘
977,13:21:16,3.16,--,16,5056,卖盘
978,13:21:12,3.16,--,2284,721902,买盘
979,13:21:07,3.16,--,6982,2206312,买盘
980,13:21:01,3.16,--,30,9480,买盘
981,13:20:52,3.16,--,60,18960,买盘
982,13:20:46,3.16,0.01,2,632,买盘
983,13:20:42,3.15,--,95,29925,卖盘
984,13:20:36,3.15,-0.01,1646,518490,卖盘
985,13:20:31,3.16,--,34,10744,买盘
986,13:20:27,3.16,--,631,199396,买盘
987,13:20:21,3.16,--,363,114708,买盘
988,13:20:16,3.16,--,7514,2374424,买盘
989,13:20:12,3.16,--,25,7900,买盘
990,13:20:07,3.16,--,850,268600,买盘
991,13:20:01,3.16,--,223,70468,买盘
992,13:19:57,3.16,--,25,7900,买盘
993,13:19:51,3.16,--,71,22436,买盘
994,13:19:46,3.16,--,3,948,买盘
995,13:19:42,3.16,--,25,7900,买盘
996,13:19:36,3.16,--,241,76156,买盘
997,13:19:30,3.16,--,10,3160,买盘
998,13:19:27,3.16,--,247,78052,买盘
999,13:19:22,3.16,--,65,20540,买盘
1000,13:19:16,3.16,--,6,1896,买盘
1001,13:19:12,3.16,--,87,27492,买盘
1002,13:19:07,3.16,--,179,56564,买盘
1003,13:18:52,3.16,0.01,43,13588,买盘
1004,13:18:42,3.15,-0.01,1,315,卖盘
1005,13:18:27,3.16,0.01,1,316,买盘
1006,13:18:22,3.15,--,35,11025,卖盘
1007,13:18:15,3.15,--,21,6615,卖盘
1008,13:18:06,3.15,-0.01,102,32130,卖盘
1009,13:18:00,3.16,--,104,32864,买盘
1010,13:17:57,3.16,--,25,7900,买盘
1011,13:17:51,3.16,--,25,7900,买盘
1012,13:17:42,3.16,--,104,32864,买盘
1013,13:17:36,3.16,0.01,5,1580,买盘
1014,13:17:30,3.15,-0.01,1,315,卖盘
1015,13:17:27,3.16,0.01,40,12640,买盘
1016,13:17:21,3.15,--,130,40950,卖盘
1017,13:17:00,3.15,--,1,315,卖盘
1018,13:16:57,3.15,--,8,2520,卖盘
1019,13:16:51,3.15,--,1,315,卖盘
1020,13:16:45,3.15,--,36,11340,卖盘
1021,13:16:36,3.15,--,1,315,卖盘
1022,13:16:30,3.15,-0.01,1,315,卖盘
1023,13:16:27,3.16,0.01,10,3160,买盘
1024,13:16:06,3.15,-0.01,27,8505,卖盘
1025,13:16:00,3.16,--,25,7900,买盘
1026,13:15:51,3.16,0.01,190,60040,买盘
1027,13:15:41,3.15,--,7,2205,卖盘
1028,13:15:30,3.15,--,40,12600,卖盘
1029,13:15:26,3.15,--,1,315,卖盘
1030,13:15:21,3.15,--,490,154350,卖盘
1031,13:15:15,3.15,--,17,5355,卖盘
1032,13:15:11,3.15,--,16,5040,卖盘
1033,13:15:06,3.15,-0.01,201,63315,卖盘
1034,13:14:56,3.16,0.01,564,178224,买盘
1035,13:14:51,3.15,--,31,9765,卖盘
1036,13:14:41,3.15,--,47,14994,卖盘
1037,13:14:36,3.15,--,211,66465,卖盘
1038,13:14:30,3.15,-0.01,1,315,卖盘
1039,13:14:25,3.16,0.01,2,632,买盘
1040,13:14:15,3.15,--,1,315,卖盘
1041,13:14:09,3.15,--,311,97965,卖盘
1042,13:14:06,3.15,-0.01,1,315,卖盘
1043,13:13:51,3.16,0.01,112,35392,买盘
1044,13:13:36,3.15,-0.01,10,3150,卖盘
1045,13:13:30,3.16,--,3,948,买盘
1046,13:13:24,3.16,0.01,1,316,买盘
1047,13:13:00,3.15,--,1,315,卖盘
1048,13:12:54,3.15,--,17,5355,卖盘
1049,13:12:51,3.15,--,26,8190,卖盘
1050,13:12:45,3.15,--,1,315,卖盘
1051,13:12:39,3.15,-0.01,6,1890,卖盘
1052,13:12:36,3.16,0.01,200,63200,买盘
1053,13:12:30,3.15,--,2,630,卖盘
1054,13:12:21,3.15,-0.01,84,26460,卖盘
1055,13:12:15,3.16,0.01,200,63200,买盘
1056,13:12:09,3.15,-0.01,1,315,卖盘
1057,13:12:06,3.16,--,557,176012,买盘
1058,13:12:00,3.16,0.01,38,12008,买盘
1059,13:11:51,3.15,--,601,189315,卖盘
1060,13:11:45,3.15,--,2,630,卖盘
1061,13:11:39,3.15,--,1,315,卖盘
1062,13:11:36,3.15,-0.01,1,315,卖盘
1063,13:11:30,3.16,--,229,72364,买盘
1064,13:11:21,3.16,--,214,67624,买盘
1065,13:11:15,3.16,--,213,67308,买盘
1066,13:11:09,3.16,--,18,5688,买盘
1067,13:11:06,3.16,0.01,52,16432,买盘
1068,13:11:00,3.15,--,2,630,卖盘
1069,13:10:54,3.15,--,1,315,卖盘
1070,13:10:51,3.15,-0.01,265,83475,卖盘
1071,13:10:45,3.16,--,1005,317580,买盘
1072,13:10:39,3.16,--,6,1896,买盘
1073,13:10:36,3.16,--,39,12324,买盘
1074,13:10:24,3.16,--,198,62568,买盘
1075,13:10:15,3.16,0.01,403,127348,买盘
1076,13:10:06,3.15,-0.01,1,315,卖盘
1077,13:10:00,3.16,0.01,39,12324,买盘
1078,13:09:51,3.15,-0.01,49,15435,卖盘
1079,13:09:45,3.16,0.01,30,9480,买盘
1080,13:09:36,3.15,-0.01,197,62055,卖盘
1081,13:09:21,3.16,0.01,12,3792,买盘
1082,13:09:15,3.15,-0.01,61,19215,卖盘
1083,13:08:51,3.16,--,8,2528,买盘
1084,13:08:45,3.16,0.01,16,5056,买盘
1085,13:08:35,3.15,-0.01,1,315,卖盘
1086,13:08:30,3.16,--,3,948,买盘
1087,13:08:20,3.16,--,400,126400,买盘
1088,13:08:15,3.16,--,327,103332,买盘
1089,13:08:05,3.16,--,127,40132,买盘
1090,13:07:50,3.16,0.01,74,23384,买盘
1091,13:07:45,3.15,--,17,5355,卖盘
1092,13:07:35,3.15,--,10,3150,卖盘
1093,13:07:30,3.15,--,73,22995,卖盘
1094,13:07:20,3.15,-0.01,1,315,卖盘
1095,13:07:15,3.16,--,198,62568,买盘
1096,13:07:09,3.16,--,396,125136,买盘
1097,13:07:05,3.16,--,58,18328,买盘
1098,13:07:00,3.16,--,690,218040,买盘
1099,13:06:54,3.16,--,198,62568,买盘
1100,13:06:39,3.16,--,500,158000,买盘
1101,13:06:24,3.16,--,550,173800,买盘
1102,13:06:18,3.16,0.01,134,42344,买盘
1103,13:06:15,3.15,-0.01,17,5355,卖盘
1104,13:06:09,3.16,--,201,63516,买盘
1105,13:06:03,3.16,--,755,238580,买盘
1106,13:06:00,3.16,--,248,78368,买盘
1107,13:05:54,3.16,0.01,168,53088,买盘
1108,13:05:48,3.15,--,132,41580,卖盘
1109,13:05:45,3.15,-0.01,22,6930,卖盘
1110,13:05:39,3.16,0.01,198,62568,买盘
1111,13:05:30,3.15,-0.01,1,315,卖盘
1112,13:05:15,3.16,--,105,33180,买盘
1113,13:05:09,3.16,0.01,8,2528,买盘
1114,13:05:03,3.15,-0.01,47,14805,卖盘
1115,13:04:54,3.16,0.01,198,62568,买盘
1116,13:04:39,3.15,--,500,157500,卖盘
1117,13:04:24,3.15,--,101,31815,卖盘
1118,13:04:15,3.15,-0.01,102,32130,卖盘
1119,13:04:09,3.16,--,11,3476,买盘
1120,13:03:54,3.16,0.01,27,8532,买盘
1121,13:03:45,3.15,--,1,315,卖盘
1122,13:03:39,3.15,--,12,3780,卖盘
1123,13:03:30,3.15,-0.01,2,630,卖盘
1124,13:03:24,3.16,0.01,18,5688,买盘
1125,13:03:18,3.15,--,3,945,卖盘
1126,13:03:09,3.15,--,597,188055,卖盘
1127,13:02:54,3.15,--,131,41265,卖盘
1128,13:02:45,3.15,-0.01,960,302400,卖盘
1129,13:02:18,3.16,0.01,2,632,买盘
1130,13:02:15,3.15,--,6,1890,卖盘
1131,13:01:44,3.15,-0.01,300,94500,卖盘
1132,13:01:39,3.16,--,38,12008,买盘
1133,13:01:29,3.16,--,46,14536,买盘
1134,13:00:54,3.16,0.01,20,6320,买盘
1135,13:00:48,3.15,--,1,315,卖盘
1136,13:00:39,3.15,--,30,9450,卖盘
1137,13:00:33,3.15,--,1000,315000,卖盘
1138,13:00:24,3.15,--,2,630,卖盘
1139,13:00:09,3.15,0.01,1452,457380,买盘
1140,13:00:03,3.14,--,64723,20323022,卖盘
1141,11:30:00,3.14,--,0,0,卖盘
1142,11:30:00,3.14,--,0,0,卖盘
1143,11:29:59,3.14,--,1,314,卖盘
1144,11:29:55,3.14,--,22,6908,卖盘
1145,11:29:45,3.14,-0.01,14,4396,卖盘
1146,11:29:40,3.15,--,11,3465,买盘
1147,11:29:25,3.15,--,87,27405,买盘
1148,11:29:19,3.15,--,5,1575,买盘
1149,11:29:15,3.15,0.01,20,6300,买盘
1150,11:29:10,3.14,-0.01,27,8478,卖盘
1151,11:29:04,3.15,0.01,34,10710,买盘
1152,11:28:55,3.14,-0.01,3,942,卖盘
1153,11:28:49,3.15,--,110,34650,买盘
1154,11:28:45,3.15,--,10,3150,买盘
1155,11:28:40,3.15,0.01,76,23940,买盘
1156,11:28:34,3.14,--,26,8164,卖盘
1157,11:28:30,3.14,-0.01,1,314,卖盘
1158,11:28:19,3.15,0.01,163,51345,买盘
1159,11:28:00,3.14,-0.01,1,314,卖盘
1160,11:27:49,3.15,--,126,39690,买盘
1161,11:27:40,3.15,--,67,21105,买盘
1162,11:27:34,3.15,--,134,42210,买盘
1163,11:27:30,3.15,--,100,31500,买盘
1164,11:27:19,3.15,--,161,50715,买盘
1165,11:27:15,3.15,--,42,13230,买盘
1166,11:27:10,3.15,--,49,15435,买盘
1167,11:27:04,3.15,--,317,99855,买盘
1168,11:26:58,3.15,--,330,103950,买盘
1169,11:26:55,3.15,--,408,128520,买盘
1170,11:26:49,3.15,--,10,3150,买盘
1171,11:26:40,3.15,--,66,20790,买盘
1172,11:26:34,3.15,--,836,263340,买盘
1173,11:26:19,3.15,--,3715,1170225,买盘
1174,11:26:13,3.15,--,27,8505,买盘
1175,11:26:10,3.15,--,163,51345,买盘
1176,11:26:04,3.15,--,246,77490,买盘
1177,11:25:58,3.15,--,132,41580,买盘
1178,11:25:55,3.15,0.01,1,315,买盘
1179,11:25:49,3.14,-0.01,1,314,卖盘
1180,11:25:43,3.15,--,132,41580,买盘
1181,11:25:40,3.15,--,29,9135,买盘
1182,11:25:34,3.15,--,308,97020,买盘
1183,11:25:25,3.15,--,13,4095,买盘
1184,11:25:19,3.15,0.01,38,11970,买盘
1185,11:25:10,3.14,-0.01,41,12874,卖盘
1186,11:25:04,3.15,--,78,24570,买盘
1187,11:24:58,3.15,--,160,50400,买盘
1188,11:24:55,3.15,--,288,90720,买盘
1189,11:24:34,3.15,0.01,102,32130,买盘
1190,11:24:28,3.14,--,14,4396,卖盘
1191,11:24:25,3.14,-0.01,1,314,卖盘
1192,11:24:13,3.15,--,3,945,买盘
1193,11:24:04,3.15,0.01,79,24885,买盘
1194,11:23:55,3.14,-0.01,9,2826,卖盘
1195,11:23:49,3.15,--,9,2835,买盘
1196,11:23:43,3.15,--,96,30240,买盘
1197,11:23:39,3.15,--,211,66465,买盘
1198,11:23:34,3.15,--,83,26145,买盘
1199,11:23:28,3.15,--,100,31500,买盘
1200,11:23:24,3.15,0.01,33,10395,买盘
1201,11:23:19,3.14,-0.01,2,628,卖盘
1202,11:23:13,3.15,--,598,188370,买盘
1203,11:23:04,3.15,0.01,77,24255,买盘
1204,11:22:54,3.14,--,2,628,卖盘
1205,11:22:49,3.14,--,61,19154,卖盘
1206,11:22:43,3.14,-0.01,110,34540,卖盘
1207,11:22:34,3.15,--,78,24570,买盘
1208,11:22:24,3.15,0.01,84,26460,买盘
1209,11:22:19,3.14,-0.01,9,2826,卖盘
1210,11:22:13,3.15,--,1,315,买盘
1211,11:22:09,3.15,--,14,4410,买盘
1212,11:22:04,3.15,--,78,24570,买盘
1213,11:21:58,3.15,--,20,6300,买盘
1214,11:21:54,3.15,--,20,6300,买盘
1215,11:21:49,3.15,--,2,630,买盘
1216,11:21:39,3.15,--,1,315,买盘
1217,11:21:34,3.15,--,84,26460,买盘
1218,11:21:28,3.15,0.01,47,14805,买盘
1219,11:21:19,3.14,-0.01,1,314,卖盘
1220,11:21:13,3.15,0.01,1,315,买盘
1221,11:21:09,3.14,-0.01,1,314,卖盘
1222,11:21:04,3.15,--,210,66150,买盘
1223,11:20:58,3.15,--,61,19215,买盘
1224,11:20:54,3.15,--,10,3150,买盘
1225,11:20:49,3.15,0.01,58,18270,买盘
1226,11:20:43,3.14,--,1,314,卖盘
1227,11:20:37,3.14,-0.01,103,32342,卖盘
1228,11:20:34,3.15,--,82,25830,买盘
1229,11:20:28,3.15,0.01,297,93555,买盘
1230,11:20:19,3.14,-0.01,10,3140,卖盘
1231,11:20:13,3.15,--,95,29925,买盘
1232,11:20:07,3.15,--,10,3150,买盘
1233,11:20:04,3.15,--,167,52605,买盘
1234,11:19:58,3.15,0.01,17,5355,买盘
1235,11:19:49,3.14,--,202,63428,卖盘
1236,11:19:43,3.14,-0.01,11,3454,卖盘
1237,11:19:37,3.15,--,1,315,买盘
1238,11:19:34,3.15,--,141,44415,买盘
1239,11:19:22,3.15,0.01,21,6615,买盘
1240,11:19:19,3.14,-0.01,9,2826,卖盘
1241,11:19:13,3.15,0.01,8,2520,买盘
1242,11:19:07,3.14,-0.01,1,314,卖盘
1243,11:19:04,3.15,0.01,81,25515,买盘
1244,11:18:58,3.14,--,1804,566456,卖盘
1245,11:18:49,3.14,-0.01,2,628,卖盘
1246,11:18:43,3.15,--,33,10395,买盘
1247,11:18:34,3.15,--,129,40635,买盘
1248,11:18:28,3.15,--,89,28035,买盘
1249,11:18:22,3.15,--,165,51975,买盘
1250,11:18:13,3.15,0.01,6,1890,买盘
1251,11:18:07,3.14,-0.01,234,73476,卖盘
1252,11:18:04,3.15,--,79,24885,买盘
1253,11:17:58,3.15,--,291,91665,买盘
1254,11:17:52,3.15,0.01,111,34965,买盘
1255,11:17:49,3.14,-0.01,16,5024,卖盘
1256,11:17:43,3.15,--,88,27720,买盘
1257,11:17:37,3.15,--,80,25200,买盘
1258,11:17:34,3.15,--,220,69300,买盘
1259,11:17:28,3.15,--,101,31815,买盘
1260,11:17:22,3.15,--,74,23310,买盘
1261,11:17:13,3.15,--,50,15750,买盘
1262,11:17:07,3.15,--,7,2205,买盘
1263,11:17:04,3.15,--,191,60165,买盘
1264,11:16:58,3.15,0.01,296,93240,买盘
1265,11:16:52,3.14,-0.01,6,1884,卖盘
1266,11:16:49,3.15,--,20,6300,买盘
1267,11:16:43,3.15,0.01,38,11970,买盘
1268,11:16:37,3.14,--,10,3140,卖盘
1269,11:16:33,3.14,-0.01,452,141928,卖盘
1270,11:16:28,3.15,--,10,3150,买盘
1271,11:16:18,3.15,--,526,165690,买盘
1272,11:16:13,3.15,--,644,202860,买盘
1273,11:16:03,3.15,--,77,24255,买盘
1274,11:15:58,3.15,--,325,102375,买盘
1275,11:15:48,3.15,--,38,11970,买盘
1276,11:15:43,3.15,--,15,4725,买盘
1277,11:15:33,3.15,--,78,24570,买盘
1278,11:15:28,3.15,--,198,62370,买盘
1279,11:15:22,3.15,--,33,10395,买盘
1280,11:15:18,3.15,--,5,1575,买盘
1281,11:15:13,3.15,--,141,44415,买盘
1282,11:15:07,3.15,--,36,11340,买盘
1283,11:15:03,3.15,--,358,112770,买盘
1284,11:14:58,3.15,--,474,149310,买盘
1285,11:14:52,3.15,--,240,75600,买盘
1286,11:14:48,3.15,--,294,92610,买盘
1287,11:14:43,3.15,--,136,42840,买盘
1288,11:14:37,3.15,--,246,77490,买盘
1289,11:14:33,3.15,0.01,355,111825,买盘
1290,11:14:28,3.14,-0.01,144,45216,卖盘
1291,11:14:22,3.15,--,135,42525,买盘
1292,11:14:18,3.15,--,544,171360,买盘
1293,11:14:13,3.15,--,980,308700,买盘
1294,11:14:07,3.15,--,274,86310,买盘
1295,11:14:01,3.15,--,211,66465,买盘
1296,11:13:58,3.15,--,70,22050,买盘
1297,11:13:52,3.15,--,67,21105,买盘
1298,11:13:37,3.15,--,77,24255,买盘
1299,11:13:28,3.15,--,16,5040,买盘
1300,11:13:22,3.15,0.01,101,31815,买盘
1301,11:13:13,3.14,-0.01,229,71906,卖盘
1302,11:13:07,3.15,--,127,40005,买盘
1303,11:13:01,3.15,0.01,4,1260,买盘
1304,11:12:52,3.14,-0.01,9,2826,卖盘
1305,11:12:46,3.15,0.01,10,3150,买盘
1306,11:12:37,3.14,--,138,43332,卖盘
1307,11:12:31,3.14,--,35,10990,卖盘
1308,11:12:28,3.14,-0.01,67,21038,卖盘
1309,11:12:22,3.15,--,10,3150,买盘
1310,11:12:12,3.15,--,25,7875,买盘
1311,11:12:07,3.15,--,77,24255,买盘
1312,11:12:01,3.15,--,5,1575,买盘
1313,11:11:58,3.15,--,55,17325,买盘
1314,11:11:52,3.15,0.01,31,9765,买盘
1315,11:11:42,3.14,-0.01,172,54008,卖盘
1316,11:11:37,3.15,--,93,29295,买盘
1317,11:11:31,3.15,0.01,60,18900,买盘
1318,11:11:28,3.14,-0.01,67,21038,卖盘
1319,11:11:22,3.15,0.01,500,157500,买盘
1320,11:11:13,3.14,-0.01,81,25434,卖盘
1321,11:11:07,3.15,--,230,72450,买盘
1322,11:11:01,3.15,--,138,43470,买盘
1323,11:10:58,3.15,--,216,68040,买盘
1324,11:10:52,3.15,--,52,16380,买盘
1325,11:10:46,3.15,--,1225,385875,买盘
1326,11:10:43,3.15,--,5,1575,买盘
1327,11:10:37,3.15,--,77,24255,买盘
1328,11:10:31,3.15,0.01,245,77175,买盘
1329,11:10:28,3.14,-0.01,1211,380254,卖盘
1330,11:10:22,3.15,--,218,68670,买盘
1331,11:10:12,3.15,--,101,31815,买盘
1332,11:10:07,3.15,--,87,27405,买盘
1333,11:09:58,3.15,--,415,130725,买盘
1334,11:09:46,3.15,--,1,315,买盘
1335,11:09:37,3.15,--,1380,434700,买盘
1336,11:09:31,3.15,--,10,3150,买盘
1337,11:09:27,3.15,0.01,191,60165,买盘
1338,11:09:22,3.14,-0.01,1,314,卖盘
1339,11:09:12,3.15,--,22,6930,买盘
1340,11:09:07,3.15,--,446,140490,买盘
1341,11:09:01,3.15,--,882,277830,买盘
1342,11:08:57,3.15,--,6635,2090025,买盘
1343,11:08:52,3.15,0.01,136,42840,买盘
1344,11:08:42,3.14,-0.01,500,157000,卖盘
1345,11:08:37,3.15,0.01,280,88200,买盘
1346,11:08:22,3.14,-0.01,1584,497376,卖盘
1347,11:08:16,3.15,--,51,16065,买盘
1348,11:08:12,3.15,0.01,106,33390,买盘
1349,11:08:07,3.14,-0.01,82,25748,卖盘
1350,11:07:57,3.15,--,202,63630,买盘
1351,11:07:46,3.15,0.01,10,3150,买盘
1352,11:07:42,3.14,-0.01,16,5024,卖盘
1353,11:07:37,3.15,--,87,27405,买盘
1354,11:07:27,3.15,--,204,64260,买盘
1355,11:07:22,3.15,--,395,124425,买盘
1356,11:07:16,3.15,0.01,68,21420,买盘
1357,11:07:12,3.14,-0.01,20,6280,卖盘
1358,11:07:07,3.15,--,178,56070,买盘
1359,11:06:57,3.15,0.01,68,21420,买盘
1360,11:06:52,3.14,--,70,21980,卖盘
1361,11:06:46,3.14,-0.01,134,42076,卖盘
1362,11:06:42,3.15,--,681,214515,买盘
1363,11:06:37,3.15,--,144,45360,买盘
1364,11:06:22,3.15,--,406,127890,买盘
1365,11:06:07,3.15,0.01,87,27405,买盘
1366,11:06:01,3.14,-0.01,62,19468,卖盘
1367,11:05:46,3.15,0.01,14,4410,买盘
1368,11:05:36,3.14,-0.01,314,98596,卖盘
1369,11:05:25,3.15,--,5,1575,买盘
1370,11:05:22,3.15,0.01,701,220815,买盘
1371,11:05:16,3.14,--,723,227022,卖盘
1372,11:05:06,3.14,-0.01,268,84152,卖盘
1373,11:05:01,3.15,0.01,104,32760,买盘
1374,11:04:55,3.14,--,20,6280,卖盘
1375,11:04:46,3.14,-0.01,65,20410,卖盘
1376,11:04:36,3.15,0.01,149,46935,买盘
1377,11:04:31,3.14,--,100,31400,卖盘
1378,11:04:25,3.14,--,1,314,卖盘
1379,11:04:21,3.14,--,336,105504,卖盘
1380,11:04:16,3.14,--,570,178980,卖盘
1381,11:04:10,3.14,--,6,1884,卖盘
1382,11:04:06,3.14,--,337,105818,卖盘
1383,11:04:01,3.14,--,446,140044,卖盘
1384,11:03:55,3.14,-0.01,4,1256,卖盘
1385,11:03:51,3.15,--,89,28035,买盘
1386,11:03:46,3.15,0.01,379,119385,买盘
1387,11:03:40,3.14,--,63,19782,卖盘
1388,11:03:36,3.14,--,1684,528776,卖盘
1389,11:03:31,3.14,--,406,127484,卖盘
1390,11:03:25,3.14,--,324,101736,卖盘
1391,11:03:21,3.14,--,214,67196,卖盘
1392,11:03:16,3.14,--,72,22608,卖盘
1393,11:03:06,3.14,--,118,37052,卖盘
1394,11:03:01,3.14,-0.01,32,10048,卖盘
1395,11:02:55,3.15,0.01,13,4095,买盘
1396,11:02:51,3.14,-0.01,157,49298,卖盘
1397,11:02:46,3.15,--,53,16695,买盘
1398,11:02:36,3.15,--,97,30555,买盘
1399,11:02:31,3.15,0.01,33,10395,买盘
1400,11:02:21,3.14,-0.01,292,91688,卖盘
1401,11:02:16,3.15,--,100,31500,买盘
1402,11:02:10,3.15,--,26,8190,买盘
1403,11:02:06,3.15,--,382,120330,买盘
1404,11:01:55,3.15,--,33,10395,买盘
1405,11:01:51,3.15,--,707,222705,买盘
1406,11:01:46,3.15,0.01,309,97335,买盘
1407,11:01:36,3.14,-0.01,225,70650,卖盘
1408,11:01:31,3.15,--,2,630,买盘
1409,11:01:25,3.15,--,52,16380,买盘
1410,11:01:21,3.15,--,3,945,买盘
1411,11:01:16,3.15,--,210,66150,买盘
1412,11:01:10,3.15,0.01,59,18585,买盘
1413,11:01:06,3.14,--,902,283400,卖盘
1414,11:01:01,3.14,--,290,91060,卖盘
1415,11:00:51,3.14,-0.01,89,27946,卖盘
1416,11:00:46,3.15,--,110,34650,买盘
1417,11:00:40,3.15,--,1,315,买盘
1418,11:00:36,3.15,--,407,128205,买盘
1419,11:00:31,3.15,--,65,20475,买盘
1420,11:00:25,3.15,--,101,31815,买盘
1421,11:00:21,3.15,--,50,15750,买盘
1422,11:00:16,3.15,--,8,2520,买盘
1423,11:00:10,3.15,--,16,5040,买盘
1424,11:00:06,3.15,--,144,45360,买盘
1425,11:00:01,3.15,--,10,3150,买盘
1426,10:59:55,3.15,--,50,15750,买盘
1427,10:59:49,3.15,--,199,62685,买盘
1428,10:59:40,3.15,0.01,198,62370,买盘
1429,10:59:36,3.14,-0.01,284,89176,卖盘
1430,10:59:31,3.15,--,93,29295,买盘
1431,10:59:19,3.15,0.01,56,17640,买盘
1432,10:59:10,3.14,-0.01,1,314,卖盘
1433,10:59:04,3.15,0.01,147,46305,买盘
1434,10:58:55,3.14,--,1,314,卖盘
1435,10:58:49,3.14,-0.01,47,14758,卖盘
1436,10:58:46,3.15,--,2,630,买盘
1437,10:58:40,3.15,--,175,55125,买盘
1438,10:58:34,3.15,--,78,24570,买盘
1439,10:58:31,3.15,--,100,31500,买盘
1440,10:58:25,3.15,0.01,5,1575,买盘
1441,10:58:16,3.14,-0.01,60,18840,卖盘
1442,10:58:10,3.15,--,1,315,买盘
1443,10:58:04,3.15,--,77,24255,买盘
1444,10:58:01,3.15,0.01,12,3780,买盘
1445,10:57:55,3.14,--,799,250886,卖盘
1446,10:57:45,3.14,--,60,18840,卖盘
1447,10:57:40,3.14,--,1,314,卖盘
1448,10:57:34,3.14,--,87,27318,卖盘
1449,10:57:30,3.14,-0.01,248,77872,卖盘
1450,10:57:25,3.15,--,100,31500,买盘
1451,10:57:19,3.15,--,10,3150,买盘
1452,10:57:15,3.15,--,52,16380,买盘
1453,10:57:10,3.15,--,50,15750,买盘
1454,10:57:04,3.15,--,83,26145,买盘
1455,10:56:55,3.15,--,21,6615,买盘
1456,10:56:45,3.15,--,52,16380,买盘
1457,10:56:40,3.15,--,2,630,买盘
1458,10:56:34,3.15,--,77,24255,买盘
1459,10:56:30,3.15,--,5,1575,买盘
1460,10:56:25,3.15,--,203,63945,买盘
1461,10:56:19,3.15,--,202,63630,买盘
1462,10:56:15,3.15,0.01,206,64890,买盘
1463,10:56:10,3.14,-0.01,4,1256,卖盘
1464,10:56:04,3.15,--,78,24570,买盘
1465,10:56:00,3.15,--,98,30870,买盘
1466,10:55:55,3.15,--,156,49140,买盘
1467,10:55:45,3.15,--,31,9765,买盘
1468,10:55:40,3.15,--,112,35280,买盘
1469,10:55:34,3.15,0.01,87,27405,买盘
1470,10:55:30,3.14,-0.01,5,1570,卖盘
1471,10:55:25,3.15,0.01,135,42525,买盘
1472,10:55:15,3.14,--,21,6594,卖盘
1473,10:55:10,3.14,-0.01,9,2826,卖盘
1474,10:55:04,3.15,--,120,37800,买盘
1475,10:54:55,3.15,--,321,101115,买盘
1476,10:54:49,3.15,--,365,114975,买盘
1477,10:54:45,3.15,0.01,56,17640,买盘
1478,10:54:40,3.14,--,1152,361728,卖盘
1479,10:54:34,3.14,-0.01,82,25748,卖盘
1480,10:54:30,3.15,--,278,87570,买盘
1481,10:54:25,3.15,--,534,168210,买盘
1482,10:54:15,3.15,0.01,3404,1072483,买盘
1483,10:54:10,3.14,-0.01,214,67196,卖盘
1484,10:54:04,3.15,0.01,286,90090,买盘
1485,10:54:00,3.14,-0.01,15,4710,卖盘
1486,10:53:55,3.15,--,13,4095,买盘
1487,10:53:49,3.15,--,61,19215,买盘
1488,10:53:45,3.15,--,95,29925,买盘
1489,10:53:40,3.15,--,427,134505,买盘
1490,10:53:34,3.15,--,126,39690,买盘
1491,10:53:25,3.15,--,60,19082,卖盘
1492,10:53:15,3.15,--,12535,3948525,卖盘
1493,10:53:10,3.15,--,58,18270,卖盘
1494,10:53:04,3.15,--,190,59850,卖盘
1495,10:53:00,3.15,--,271,85365,卖盘
1496,10:52:55,3.15,--,100,31500,卖盘
1497,10:52:49,3.15,--,444,139860,卖盘
1498,10:52:45,3.15,--,80,25200,卖盘
1499,10:52:40,3.15,--,720,226800,卖盘
1500,10:52:34,3.15,--,178,56070,卖盘
1501,10:52:30,3.15,--,11,3465,卖盘
1502,10:52:25,3.15,--,209,65835,卖盘
1503,10:52:15,3.15,--,486,153090,卖盘
1504,10:52:10,3.15,--,14260,4491900,卖盘
1505,10:52:04,3.15,--,1111,349965,卖盘
1506,10:51:59,3.15,--,279,87885,卖盘
1507,10:51:55,3.15,--,5362,1689030,卖盘
1508,10:51:45,3.15,--,420,132300,卖盘
1509,10:51:40,3.15,-0.01,30,9450,卖盘
1510,10:51:34,3.16,0.01,78,24648,买盘
1511,10:51:30,3.15,--,1487,468405,卖盘
1512,10:51:25,3.15,-0.01,102,32130,卖盘
1513,10:51:13,3.16,0.01,914,288824,买盘
1514,10:51:09,3.15,-0.01,1,315,卖盘
1515,10:51:04,3.16,--,77,24332,买盘
1516,10:50:58,3.16,--,1,316,买盘
1517,10:50:49,3.16,0.01,196,61936,买盘
1518,10:50:43,3.15,--,4,1260,卖盘
1519,10:50:40,3.15,-0.01,2000,630000,卖盘
1520,10:50:34,3.16,0.01,92,29072,买盘
1521,10:50:24,3.15,--,106,33390,卖盘
1522,10:50:19,3.15,--,5,1575,卖盘
1523,10:50:13,3.15,--,598,188370,卖盘
1524,10:50:09,3.15,-0.01,13,4095,卖盘
1525,10:50:04,3.16,--,77,24332,买盘
1526,10:49:49,3.16,0.01,59,18644,买盘
1527,10:49:43,3.15,-0.01,1,315,卖盘
1528,10:49:39,3.16,0.01,3,948,买盘
1529,10:49:34,3.15,-0.01,1830,576450,卖盘
1530,10:49:28,3.16,0.01,50,15800,买盘
1531,10:49:24,3.15,-0.01,2020,636300,卖盘
1532,10:49:19,3.16,0.01,25,7900,买盘
1533,10:49:09,3.15,-0.01,3,945,卖盘
1534,10:49:03,3.16,0.01,1151,363716,买盘
1535,10:48:54,3.15,-0.01,100,31500,卖盘
1536,10:48:43,3.16,--,1,316,买盘
1537,10:48:39,3.16,--,59,18644,买盘
1538,10:48:34,3.16,0.01,157,49612,买盘
1539,10:48:24,3.15,--,100,31500,卖盘
1540,10:48:19,3.15,--,5233,1648395,卖盘
1541,10:48:09,3.15,--,127,40005,卖盘
1542,10:48:04,3.15,--,263,82845,卖盘
1543,10:47:54,3.15,-0.01,3,945,卖盘
1544,10:47:49,3.16,0.01,1,316,买盘
1545,10:47:43,3.15,--,85,26775,卖盘
1546,10:47:39,3.15,-0.01,1,315,卖盘
1547,10:47:34,3.16,0.01,78,24648,买盘
1548,10:47:28,3.15,--,2,630,卖盘
1549,10:47:24,3.15,--,47,14805,卖盘
1550,10:47:19,3.15,--,858,270270,卖盘
1551,10:47:09,3.15,-0.01,24,7560,卖盘
1552,10:47:04,3.16,0.01,77,24332,买盘
1553,10:46:58,3.15,-0.01,11,3465,卖盘
1554,10:46:54,3.16,0.01,724,228784,买盘
1555,10:46:49,3.15,--,11,3465,卖盘
1556,10:46:43,3.15,--,84,26460,卖盘
1557,10:46:39,3.15,-0.01,30,9450,卖盘
1558,10:46:33,3.16,0.01,208,65728,买盘
1559,10:46:24,3.15,--,13,4095,卖盘
1560,10:46:19,3.15,--,36,11340,卖盘
1561,10:46:13,3.15,--,1,315,卖盘
1562,10:46:09,3.15,-0.01,33,10395,卖盘
1563,10:46:04,3.16,0.01,91,28756,买盘
1564,10:45:58,3.15,--,7,2205,卖盘
1565,10:45:54,3.15,--,40,12600,卖盘
1566,10:45:49,3.15,-0.01,341,107415,卖盘
1567,10:45:43,3.16,0.01,6,1896,买盘
1568,10:45:38,3.15,-0.01,9,2835,卖盘
1569,10:45:33,3.16,0.01,569,179804,买盘
1570,10:45:19,3.15,--,2724,858060,卖盘
1571,10:45:13,3.15,-0.01,213,67095,卖盘
1572,10:45:04,3.16,0.01,207,65412,买盘
1573,10:44:57,3.15,--,15,4725,卖盘
1574,10:44:54,3.15,--,478,150570,卖盘
1575,10:44:48,3.15,--,839,264285,卖盘
1576,10:44:38,3.15,--,40,12600,卖盘
1577,10:44:33,3.15,--,236,74340,卖盘
1578,10:44:28,3.15,--,151,47565,卖盘
1579,10:44:23,3.15,--,20,6300,卖盘
1580,10:44:18,3.15,--,264,83160,卖盘
1581,10:44:08,3.15,-0.01,1,315,卖盘
1582,10:44:03,3.16,0.01,77,24332,买盘
1583,10:43:57,3.15,-0.01,15,4725,卖盘
1584,10:43:48,3.16,0.01,1,316,买盘
1585,10:43:42,3.15,-0.01,190,59850,卖盘
1586,10:43:33,3.16,0.01,89,28124,买盘
1587,10:43:27,3.15,--,20,6300,卖盘
1588,10:43:18,3.15,--,10,3150,卖盘
1589,10:43:06,3.15,-0.01,100,31500,卖盘
1590,10:43:03,3.16,0.01,80,25280,买盘
1591,10:42:57,3.15,--,18,5670,卖盘
1592,10:42:42,3.15,--,7,2205,卖盘
1593,10:42:36,3.15,-0.01,34,10710,卖盘
1594,10:42:33,3.16,0.01,237,74892,买盘
1595,10:42:27,3.15,-0.01,40,12600,卖盘
1596,10:42:21,3.16,--,100,31600,买盘
1597,10:42:18,3.16,0.01,723,228468,买盘
1598,10:42:06,3.15,-0.01,6,1890,卖盘
1599,10:42:03,3.16,0.01,79,24964,买盘
1600,10:41:51,3.15,-0.01,1,315,卖盘
1601,10:41:33,3.16,0.01,77,24332,买盘
1602,10:41:18,3.15,-0.01,11,3465,卖盘
1603,10:41:12,3.16,--,15,4740,买盘
1604,10:41:06,3.16,--,14,4424,买盘
1605,10:41:03,3.16,0.01,81,25596,买盘
1606,10:40:57,3.15,-0.01,1,315,卖盘
1607,10:40:48,3.16,0.01,2,632,买盘
1608,10:40:42,3.15,--,830,261450,卖盘
1609,10:40:36,3.15,-0.01,2,630,卖盘
1610,10:40:33,3.16,--,82,25912,买盘
1611,10:40:27,3.16,--,35,11060,买盘
1612,10:40:21,3.16,--,10,3160,买盘
1613,10:40:03,3.16,0.01,270,85320,买盘
1614,10:39:51,3.15,-0.01,1,315,卖盘
1615,10:39:48,3.16,0.01,1,316,买盘
1616,10:39:42,3.15,-0.01,733,230895,卖盘
1617,10:39:36,3.16,--,30,9480,买盘
1618,10:39:33,3.16,--,149,47084,买盘
1619,10:39:18,3.16,0.01,192,60672,买盘
1620,10:39:12,3.15,-0.01,4,1260,卖盘
1621,10:39:03,3.16,--,78,24648,买盘
1622,10:38:57,3.16,0.01,997,315052,买盘
1623,10:38:51,3.15,--,50,15750,卖盘
1624,10:38:47,3.15,-0.01,1,315,卖盘
1625,10:38:42,3.16,--,41,12956,买盘
1626,10:38:32,3.16,--,78,24648,买盘
1627,10:38:27,3.16,0.01,3,948,买盘
1628,10:38:21,3.15,--,25,7875,卖盘
1629,10:38:17,3.15,--,1,315,卖盘
1630,10:38:12,3.15,-0.01,1,315,卖盘
1631,10:38:02,3.16,0.01,78,24648,买盘
1632,10:37:47,3.15,--,6,1890,卖盘
1633,10:37:42,3.15,--,179,56385,卖盘
1634,10:37:36,3.15,-0.01,5,1575,卖盘
1635,10:37:32,3.16,--,77,24332,买盘
1636,10:37:27,3.16,--,31,9796,买盘
1637,10:37:17,3.16,--,458,144728,买盘
1638,10:37:12,3.16,0.01,92,29072,买盘
1639,10:37:06,3.15,-0.01,10,3150,卖盘
1640,10:37:02,3.16,0.01,167,52772,买盘
1641,10:36:57,3.15,--,1013,319095,卖盘
1642,10:36:51,3.15,--,105,33075,卖盘
1643,10:36:45,3.15,--,1,315,卖盘
1644,10:36:42,3.15,--,125,39375,卖盘
1645,10:36:36,3.15,--,270,85050,卖盘
1646,10:36:30,3.15,--,156,49140,卖盘
1647,10:36:27,3.15,--,1,315,卖盘
1648,10:36:21,3.15,--,125,39375,卖盘
1649,10:36:12,3.15,-0.01,11,3465,卖盘
1650,10:36:06,3.16,0.01,140,44240,买盘
1651,10:36:00,3.15,-0.01,130,40950,卖盘
1652,10:35:57,3.16,0.01,273,86268,买盘
1653,10:35:51,3.15,--,347,109305,卖盘
1654,10:35:42,3.15,--,1087,342405,卖盘
1655,10:35:36,3.15,--,78,24570,卖盘
1656,10:35:30,3.15,--,140,44100,卖盘
1657,10:35:27,3.15,--,43,13545,卖盘
1658,10:35:21,3.15,--,1150,362250,卖盘
1659,10:35:12,3.15,-0.01,24,7560,卖盘
1660,10:35:06,3.16,0.01,78,24648,买盘
1661,10:35:00,3.15,--,14,4410,卖盘
1662,10:34:57,3.15,-0.01,1,315,卖盘
1663,10:34:51,3.16,--,1,316,买盘
1664,10:34:42,3.16,--,3,948,买盘
1665,10:34:36,3.16,--,77,24332,买盘
1666,10:34:30,3.16,--,1,316,买盘
1667,10:34:27,3.16,--,27,8532,买盘
1668,10:34:15,3.16,--,723,228468,买盘
1669,10:34:12,3.16,--,566,178856,买盘
1670,10:34:06,3.16,--,178,56251,买盘
1671,10:33:57,3.16,0.01,1,316,买盘
1672,10:33:42,3.15,-0.01,33,10395,卖盘
1673,10:33:36,3.16,0.01,90,28440,买盘
1674,10:33:27,3.15,--,1,315,卖盘
1675,10:33:21,3.15,--,1,315,卖盘
1676,10:33:12,3.15,-0.01,33,10395,卖盘
1677,10:33:06,3.16,--,208,65728,买盘
1678,10:32:57,3.16,--,430,135880,买盘
1679,10:32:51,3.16,0.01,2,632,买盘
1680,10:32:42,3.15,-0.01,63,19845,卖盘
1681,10:32:36,3.16,0.01,802,253432,买盘
1682,10:32:27,3.15,-0.01,1,315,卖盘
1683,10:32:21,3.16,--,23,7268,买盘
1684,10:32:12,3.16,--,60,18960,买盘
1685,10:32:06,3.16,0.01,108,34128,买盘
1686,10:31:57,3.15,--,1,315,卖盘
1687,10:31:45,3.15,--,50,15750,卖盘
1688,10:31:42,3.15,-0.01,2,630,卖盘
1689,10:31:36,3.16,--,77,24332,买盘
1690,10:31:26,3.16,0.01,24,7584,买盘
1691,10:31:21,3.15,-0.01,127,40005,卖盘
1692,10:31:15,3.16,0.01,3,948,买盘
1693,10:31:11,3.15,-0.01,134,42210,卖盘
1694,10:31:06,3.16,0.01,78,24648,买盘
1695,10:30:51,3.15,-0.01,1,315,卖盘
1696,10:30:41,3.16,0.01,73,23068,买盘
1697,10:30:36,3.15,-0.01,113,35595,卖盘
1698,10:30:30,3.16,0.01,935,295460,买盘
1699,10:30:26,3.15,--,125,39375,卖盘
1700,10:30:21,3.15,--,1,315,卖盘
1701,10:30:11,3.15,--,10,3150,卖盘
1702,10:30:06,3.15,-0.01,227,71505,卖盘
1703,10:29:55,3.16,0.01,2,632,买盘
1704,10:29:51,3.15,--,304,95760,卖盘
1705,10:29:39,3.15,-0.01,62,19530,卖盘
1706,10:29:36,3.16,--,199,62884,买盘
1707,10:29:26,3.16,0.01,104,32864,买盘
1708,10:29:21,3.15,--,1,315,卖盘
1709,10:29:15,3.15,-0.01,1,315,卖盘
1710,10:29:09,3.16,--,100,31600,买盘
1711,10:29:06,3.16,--,77,24332,买盘
1712,10:28:54,3.16,0.01,1,316,买盘
1713,10:28:51,3.15,--,721,227115,卖盘
1714,10:28:36,3.15,--,78,24570,卖盘
1715,10:28:30,3.15,-0.01,11,3465,卖盘
1716,10:28:15,3.16,--,44,13904,买盘
1717,10:28:09,3.16,--,10,3160,买盘
1718,10:28:06,3.16,0.01,79,24964,买盘
1719,10:28:00,3.15,--,43,13545,卖盘
1720,10:27:45,3.15,-0.01,116,36540,卖盘
1721,10:27:36,3.16,0.01,96,30336,买盘
1722,10:27:30,3.15,--,726,228690,卖盘
1723,10:27:24,3.15,--,1,315,卖盘
1724,10:27:21,3.15,-0.01,4,1260,卖盘
1725,10:27:15,3.16,0.01,31,9796,买盘
1726,10:27:09,3.15,-0.01,5,1575,卖盘
1727,10:27:06,3.16,--,122,38552,买盘
1728,10:27:00,3.16,--,35,11060,买盘
1729,10:26:51,3.16,0.01,370,116920,买盘
1730,10:26:45,3.15,-0.01,42,13230,卖盘
1731,10:26:39,3.16,--,9,2844,买盘
1732,10:26:36,3.16,0.01,98,30968,买盘
1733,10:26:30,3.15,-0.01,11,3465,卖盘
1734,10:26:15,3.16,--,84,26544,买盘
1735,10:26:09,3.16,--,70,22120,买盘
1736,10:26:06,3.16,--,100,31600,买盘
1737,10:26:00,3.16,0.01,10,3160,买盘
1738,10:25:45,3.15,-0.01,10,3150,卖盘
1739,10:25:36,3.16,0.01,90,28440,买盘
1740,10:25:30,3.15,--,274,86310,卖盘
1741,10:25:24,3.15,-0.01,114,35910,卖盘
1742,10:25:20,3.16,--,841,265756,买盘
1743,10:25:05,3.16,--,77,24332,买盘
1744,10:25:00,3.16,0.01,366,115656,买盘
1745,10:24:54,3.15,--,1,315,卖盘
1746,10:24:50,3.15,-0.01,5,1575,卖盘
1747,10:24:45,3.16,--,278,87848,买盘
1748,10:24:35,3.16,--,77,24332,买盘
1749,10:24:30,3.16,--,259,81844,买盘
1750,10:24:20,3.16,--,4,1264,买盘
1751,10:24:15,3.16,--,1,316,买盘
1752,10:24:09,3.16,--,58,18328,买盘
1753,10:24:05,3.16,0.01,459,145044,买盘
1754,10:24:00,3.15,-0.01,43,13545,卖盘
1755,10:23:54,3.16,0.01,135,42660,买盘
1756,10:23:50,3.15,--,59,18585,卖盘
1757,10:23:45,3.15,-0.01,229,72135,卖盘
1758,10:23:35,3.16,0.01,203,64148,买盘
1759,10:23:30,3.15,-0.01,10,3150,卖盘
1760,10:23:24,3.16,0.01,10,3160,买盘
1761,10:23:20,3.15,--,1196,376740,卖盘
1762,10:23:15,3.15,--,2,630,卖盘
1763,10:23:09,3.15,-0.01,1,315,卖盘
1764,10:23:05,3.16,0.01,88,27808,买盘
1765,10:22:54,3.15,-0.01,20,6300,卖盘
1766,10:22:50,3.16,0.01,98,30968,买盘
1767,10:22:45,3.15,-0.01,1,315,卖盘
1768,10:22:39,3.16,--,1162,367192,买盘
1769,10:22:35,3.16,0.01,15677,4953932,买盘
1770,10:22:30,3.15,-0.01,17,5355,卖盘
1771,10:22:20,3.16,0.01,1,316,买盘
1772,10:22:09,3.15,-0.01,1,315,卖盘
1773,10:22:04,3.16,0.01,78,24648,买盘
1774,10:22:00,3.15,-0.01,13,4095,卖盘
1775,10:21:54,3.16,0.01,24,7584,买盘
1776,10:21:45,3.15,--,130,40994,卖盘
1777,10:21:39,3.15,-0.01,35,11025,卖盘
1778,10:21:33,3.16,0.01,77,24332,买盘
1779,10:21:30,3.15,--,3,945,卖盘
1780,10:21:24,3.15,--,1,315,卖盘
1781,10:21:15,3.15,--,30,9450,卖盘
1782,10:21:09,3.15,-0.01,104,32760,卖盘
1783,10:21:03,3.16,0.01,78,24648,买盘
1784,10:21:00,3.15,--,2,630,卖盘
1785,10:20:54,3.15,-0.01,2,630,卖盘
1786,10:20:45,3.16,0.01,569,179804,买盘
1787,10:20:39,3.15,-0.01,4,1260,卖盘
1788,10:20:33,3.16,--,77,24332,买盘
1789,10:20:30,3.16,0.01,50,15800,买盘
1790,10:20:15,3.15,-0.01,70,22050,卖盘
1791,10:20:03,3.16,--,79,24964,买盘
1792,10:19:45,3.16,0.01,135,42660,买盘
1793,10:19:39,3.15,-0.01,1,315,卖盘
1794,10:19:33,3.16,0.01,78,24648,买盘
1795,10:19:29,3.15,--,1,315,卖盘
1796,10:19:24,3.15,-0.01,17,5355,卖盘
1797,10:19:15,3.16,0.01,7,2212,买盘
1798,10:19:09,3.15,-0.01,11,3465,卖盘
1799,10:19:03,3.16,0.01,97,30652,买盘
1800,10:19:00,3.15,--,83,26145,卖盘
1801,10:18:54,3.15,-0.01,3,945,卖盘
1802,10:18:48,3.16,0.01,10,3160,买盘
1803,10:18:44,3.15,--,1,315,卖盘
1804,10:18:39,3.15,-0.01,1,315,卖盘
1805,10:18:33,3.16,--,78,24648,买盘
1806,10:18:29,3.16,0.01,120,37920,买盘
1807,10:18:24,3.15,--,100,31500,卖盘
1808,10:18:14,3.15,-0.01,2,630,卖盘
1809,10:18:03,3.16,--,78,24648,买盘
1810,10:17:44,3.16,0.01,2,632,买盘
1811,10:17:39,3.15,-0.01,22,6930,卖盘
1812,10:17:33,3.16,0.01,1091,344756,买盘
1813,10:17:29,3.15,-0.01,15,4725,卖盘
1814,10:17:24,3.16,0.01,41,12956,买盘
1815,10:17:18,3.15,--,48,15120,卖盘
1816,10:17:14,3.15,--,2,630,卖盘
1817,10:17:09,3.15,-0.01,196,61740,卖盘
1818,10:17:03,3.16,0.01,86,27176,买盘
1819,10:16:54,3.15,--,73,22995,卖盘
1820,10:16:48,3.15,--,7,2205,卖盘
1821,10:16:39,3.15,-0.01,444,139860,卖盘
1822,10:16:33,3.16,--,77,24332,买盘
1823,10:16:29,3.16,0.01,426,134616,买盘
1824,10:16:18,3.15,--,10,3150,卖盘
1825,10:16:14,3.15,-0.01,1,315,卖盘
1826,10:16:03,3.16,0.01,77,24332,买盘
1827,10:15:59,3.15,--,208,65520,卖盘
1828,10:15:54,3.15,-0.01,3,945,卖盘
1829,10:15:44,3.16,0.01,10,3160,买盘
1830,10:15:39,3.15,-0.01,1007,317205,卖盘
1831,10:15:33,3.16,0.01,81,25596,买盘
1832,10:15:29,3.15,--,1,315,卖盘
1833,10:15:24,3.15,-0.01,30,9450,卖盘
1834,10:15:12,3.16,--,2,632,买盘
1835,10:15:09,3.16,--,6,1896,买盘
1836,10:15:03,3.16,0.01,77,24332,买盘
1837,10:14:59,3.15,-0.01,60,18900,卖盘
1838,10:14:54,3.16,--,2,632,买盘
1839,10:14:48,3.16,0.01,1,316,买盘
1840,10:14:42,3.15,-0.01,17,5355,卖盘
1841,10:14:39,3.16,--,2,632,买盘
1842,10:14:33,3.16,0.01,99,31284,买盘
1843,10:14:27,3.15,-0.01,1,315,卖盘
1844,10:14:24,3.16,0.01,2,632,买盘
1845,10:14:18,3.15,-0.01,138,43470,卖盘
1846,10:14:08,3.16,--,1,316,买盘
1847,10:14:03,3.16,0.01,79,24964,买盘
1848,10:13:57,3.15,-0.01,600,189000,卖盘
1849,10:13:54,3.16,--,1,316,买盘
1850,10:13:48,3.16,--,11,3476,买盘
1851,10:13:38,3.16,--,21,6636,买盘
1852,10:13:33,3.16,0.01,278,87848,买盘
1853,10:13:23,3.15,-0.01,81,25515,卖盘
1854,10:13:08,3.16,0.01,36,11376,买盘
1855,10:13:03,3.15,--,134,42210,卖盘
1856,10:12:48,3.15,--,7,2205,卖盘
1857,10:12:38,3.15,-0.01,20,6300,卖盘
1858,10:12:33,3.16,0.01,89,28124,买盘
1859,10:12:27,3.15,--,101,31815,卖盘
1860,10:12:18,3.15,--,102,32130,卖盘
1861,10:12:12,3.15,--,4,1260,卖盘
1862,10:12:08,3.15,-0.01,132,41580,卖盘
1863,10:12:03,3.16,--,77,24332,买盘
1864,10:11:53,3.16,--,74,23384,买盘
1865,10:11:38,3.16,0.01,19,6004,买盘
1866,10:11:33,3.15,--,335,105525,卖盘
1867,10:11:27,3.15,--,1,315,卖盘
1868,10:11:23,3.15,-0.01,16,5040,卖盘
1869,10:11:18,3.16,--,32,10112,买盘
1870,10:11:08,3.16,--,234,73944,买盘
1871,10:11:03,3.16,0.01,97,30652,买盘
1872,10:10:57,3.15,--,21,6615,卖盘
1873,10:10:53,3.15,-0.01,30,9450,卖盘
1874,10:10:48,3.16,0.01,20,6320,买盘
1875,10:10:42,3.15,--,30,9450,卖盘
1876,10:10:38,3.15,-0.01,258,81270,卖盘
1877,10:10:33,3.16,--,77,24332,买盘
1878,10:10:27,3.16,0.01,400,126400,买盘
1879,10:10:23,3.15,--,1,315,卖盘
1880,10:10:18,3.15,-0.01,1,315,卖盘
1881,10:10:03,3.16,0.01,147,46452,买盘
1882,10:09:53,3.15,-0.01,51,16065,卖盘
1883,10:09:48,3.16,--,2096,662336,买盘
1884,10:09:42,3.16,--,130,41080,买盘
1885,10:09:38,3.16,--,96,30336,买盘
1886,10:09:33,3.16,0.01,110,34760,买盘
1887,10:09:27,3.15,--,50,15750,卖盘
1888,10:09:23,3.15,--,1,315,卖盘
1889,10:09:12,3.15,-0.01,1,315,卖盘
1890,10:09:08,3.16,--,10,3160,买盘
1891,10:09:03,3.16,--,236,74576,买盘
1892,10:08:53,3.16,0.01,90,28440,买盘
1893,10:08:48,3.15,--,25,7875,卖盘
1894,10:08:38,3.15,-0.01,3,945,卖盘
1895,10:08:33,3.16,0.01,191,60356,买盘
1896,10:08:27,3.15,-0.01,18,5670,卖盘
1897,10:08:18,3.16,0.01,23,7268,买盘
1898,10:08:12,3.15,-0.01,10,3150,卖盘
1899,10:08:03,3.16,0.01,83,26228,买盘
1900,10:07:57,3.15,--,7,2205,卖盘
1901,10:07:53,3.15,-0.01,51,16065,卖盘
1902,10:07:48,3.16,--,36,11376,买盘
1903,10:07:42,3.16,0.01,300,94800,买盘
1904,10:07:36,3.15,-0.01,1,315,卖盘
1905,10:07:33,3.16,0.01,82,25912,买盘
1906,10:07:27,3.15,-0.01,2,630,卖盘
1907,10:07:21,3.16,0.01,2,632,买盘
1908,10:07:18,3.15,--,48,15309,卖盘
1909,10:07:06,3.15,-0.01,597,188055,卖盘
1910,10:07:02,3.16,0.01,193,60988,买盘
1911,10:06:57,3.15,--,1,315,卖盘
1912,10:06:48,3.15,-0.01,281,88515,卖盘
1913,10:06:42,3.16,0.01,3,948,买盘
1914,10:06:36,3.15,-0.01,2,630,卖盘
1915,10:06:32,3.16,0.01,164,51824,买盘
1916,10:06:27,3.15,--,41,12915,卖盘
1917,10:06:21,3.15,-0.01,209,65835,卖盘
1918,10:06:12,3.16,--,18,5688,买盘
1919,10:06:02,3.16,--,98,30968,买盘
1920,10:05:57,3.16,--,3003,948948,买盘
1921,10:05:51,3.16,--,8,2528,买盘
1922,10:05:47,3.16,0.01,5,1580,买盘
1923,10:05:42,3.15,--,3,945,卖盘
1924,10:05:36,3.15,-0.01,2,630,卖盘
1925,10:05:32,3.16,--,100,31600,买盘
1926,10:05:27,3.16,0.01,242,76472,买盘
1927,10:05:21,3.15,--,519,163485,卖盘
1928,10:05:17,3.15,--,87,27405,卖盘
1929,10:05:12,3.15,--,1,315,卖盘
1930,10:05:06,3.15,-0.01,145,45675,卖盘
1931,10:05:02,3.16,0.01,128,40448,买盘
1932,10:04:57,3.15,--,21,6615,卖盘
1933,10:04:51,3.15,-0.01,62,19530,卖盘
1934,10:04:47,3.16,--,80,25419,买盘
1935,10:04:42,3.16,0.01,33,10428,买盘
1936,10:04:32,3.15,--,174,54810,卖盘
1937,10:04:27,3.15,--,69,21829,卖盘
1938,10:04:21,3.15,-0.01,23,7245,卖盘
1939,10:04:17,3.16,0.01,61,19569,买盘
1940,10:04:12,3.15,--,3190,1005061,卖盘
1941,10:04:06,3.15,-0.01,69,21829,卖盘
1942,10:04:02,3.16,0.01,92,29072,买盘
1943,10:03:57,3.15,-0.01,103,32445,卖盘
1944,10:03:51,3.16,0.01,31,9796,买盘
1945,10:03:47,3.15,--,3246,1022773,卖盘
1946,10:03:42,3.15,--,6,1890,卖盘
1947,10:03:36,3.15,0.01,196,61780,买盘
1948,10:03:32,3.14,-0.01,527,165478,卖盘
1949,10:03:27,3.15,--,2558,806012,卖盘
1950,10:03:17,3.15,--,986,310662,买盘
1951,10:03:12,3.15,--,7679,2418885,买盘
1952,10:03:06,3.15,--,4727,1489099,买盘
1953,10:03:02,3.15,--,6709,2113335,买盘
1954,10:02:57,3.15,--,1134,357210,买盘
1955,10:02:51,3.15,--,191,60165,买盘
1956,10:02:47,3.15,--,1378,434164,买盘
1957,10:02:42,3.15,--,2538,799470,买盘
1958,10:02:36,3.15,--,553,174195,买盘
1959,10:02:32,3.15,--,552,173880,买盘
1960,10:02:27,3.15,--,167,52699,买盘
1961,10:02:21,3.15,--,1760,554444,买盘
1962,10:02:17,3.15,--,127,40005,买盘
1963,10:02:12,3.15,0.01,1452,457380,买盘
1964,10:02:06,3.14,-0.01,479,150500,卖盘
1965,10:02:02,3.15,--,2103,662489,买盘
1966,10:01:57,3.15,0.01,5365,1689975,买盘
1967,10:01:47,3.14,-0.01,267,83932,卖盘
1968,10:01:42,3.15,--,217,68355,买盘
1969,10:01:36,3.15,--,3874,1220310,买盘
1970,10:01:32,3.15,0.01,318,100170,买盘
1971,10:01:27,3.14,-0.01,203,63836,卖盘
1972,10:01:17,3.15,--,240,75600,买盘
1973,10:01:12,3.15,0.01,68,21420,买盘
1974,10:01:06,3.14,-0.01,84,26470,卖盘
1975,10:01:01,3.15,--,144,45360,买盘
1976,10:00:57,3.15,0.01,1190,374850,买盘
1977,10:00:46,3.14,-0.01,262,82362,卖盘
1978,10:00:42,3.15,--,235,74025,买盘
1979,10:00:36,3.15,--,1149,361935,买盘
1980,10:00:30,3.15,--,100,31500,买盘
1981,10:00:27,3.15,--,89,28129,买盘
1982,10:00:21,3.15,--,157,49455,买盘
1983,10:00:15,3.15,--,5,1575,买盘
1984,10:00:11,3.15,--,516,162643,买盘
1985,10:00:06,3.15,0.01,265,83569,买盘
1986,10:00:00,3.14,--,81,25434,卖盘
1987,09:59:56,3.14,--,414,129996,卖盘
1988,09:59:51,3.14,-0.01,1143,358902,卖盘
1989,09:59:45,3.15,--,136,42840,买盘
1990,09:59:41,3.15,--,83,26145,买盘
1991,09:59:36,3.15,0.01,247,77805,买盘
1992,09:59:30,3.14,-0.01,225,70650,卖盘
1993,09:59:26,3.15,0.01,971,305865,买盘
1994,09:59:21,3.14,-0.01,164,51496,卖盘
1995,09:59:11,3.15,0.01,25,7875,买盘
1996,09:59:06,3.14,-0.01,494,155147,卖盘
1997,09:59:00,3.15,0.01,51,16065,买盘
1998,09:58:56,3.14,-0.01,1,314,卖盘
1999,09:58:51,3.15,0.01,587,185090,买盘
2000,09:58:45,3.14,--,230,72220,卖盘
2001,09:58:41,3.14,--,10,3140,卖盘
2002,09:58:36,3.14,--,749,235186,卖盘
2003,09:58:30,3.14,--,105,33130,卖盘
2004,09:58:26,3.14,--,203,63742,卖盘
2005,09:58:21,3.14,-0.01,24,7536,卖盘
2006,09:58:15,3.15,--,15,4725,买盘
2007,09:58:11,3.15,0.01,2208,695680,买盘
2008,09:58:06,3.14,-0.01,92,28888,卖盘
2009,09:58:00,3.15,--,216,68040,买盘
2010,09:57:56,3.15,0.01,61,19215,买盘
2011,09:57:51,3.14,-0.01,295,92790,卖盘
2012,09:57:41,3.15,--,21,6615,买盘
2013,09:57:36,3.15,0.01,128,40320,买盘
2014,09:57:30,3.14,--,309,97186,卖盘
2015,09:57:26,3.14,-0.01,2,628,卖盘
2016,09:57:21,3.15,0.01,26,8190,买盘
2017,09:57:11,3.14,-0.01,384,120736,卖盘
2018,09:57:06,3.15,--,119,37485,买盘
2019,09:57:00,3.15,--,100,31500,买盘
2020,09:56:56,3.15,0.01,13,4095,买盘
2021,09:56:51,3.14,-0.01,226,71124,卖盘
2022,09:56:41,3.15,--,518,163170,买盘
2023,09:56:36,3.15,0.01,287,90405,买盘
2024,09:56:30,3.14,--,322,101268,卖盘
2025,09:56:26,3.14,--,163,51182,卖盘
2026,09:56:21,3.14,--,118,37052,卖盘
2027,09:56:15,3.14,-0.01,6,1884,卖盘
2028,09:56:11,3.15,0.01,170,53710,买盘
2029,09:56:06,3.14,--,1051,330014,卖盘
2030,09:56:00,3.14,-0.01,50,15700,卖盘
2031,09:55:56,3.15,0.01,154,48510,买盘
2032,09:55:50,3.14,-0.01,464,145856,卖盘
2033,09:55:45,3.15,0.01,79,24885,买盘
2034,09:55:41,3.14,-0.01,1224,384336,卖盘
2035,09:55:36,3.15,0.01,392,123480,买盘
2036,09:55:30,3.14,--,102,32188,卖盘
2037,09:55:26,3.14,-0.01,168,52752,卖盘
2038,09:55:21,3.15,--,235,74025,买盘
2039,09:55:15,3.15,--,18,5670,买盘
2040,09:55:11,3.15,0.01,226,71350,买盘
2041,09:55:06,3.14,--,137,43018,卖盘
2042,09:55:00,3.14,-0.01,37,11618,卖盘
2043,09:54:56,3.15,0.01,292,91980,买盘
2044,09:54:50,3.14,-0.01,196,61704,卖盘
2045,09:54:41,3.15,0.01,26,8190,买盘
2046,09:54:36,3.14,--,107,33598,卖盘
2047,09:54:30,3.14,-0.01,438,137692,卖盘
2048,09:54:26,3.15,--,132,41580,买盘
2049,09:54:21,3.15,--,251,79065,买盘
2050,09:54:15,3.15,--,60,18900,买盘
2051,09:54:10,3.15,--,614,193570,买盘
2052,09:54:05,3.15,--,231,72765,买盘
2053,09:53:55,3.15,--,180,56700,买盘
2054,09:53:50,3.15,0.01,195,61585,买盘
2055,09:53:45,3.14,-0.01,1469,461266,卖盘
2056,09:53:39,3.15,--,75,23625,买盘
2057,09:53:36,3.15,0.01,289,91035,买盘
2058,09:53:30,3.14,--,80,25120,卖盘
2059,09:53:24,3.14,-0.01,23,7222,卖盘
2060,09:53:20,3.15,0.01,304,95760,买盘
2061,09:53:15,3.14,-0.01,161,50554,卖盘
2062,09:53:05,3.15,--,107,33705,买盘
2063,09:53:00,3.15,0.01,368,115920,买盘
2064,09:52:50,3.14,-0.01,215,67510,卖盘
2065,09:52:45,3.15,--,136,42840,买盘
2066,09:52:39,3.15,--,26,8190,买盘
2067,09:52:35,3.15,--,779,245687,买盘
2068,09:52:30,3.15,--,330,103950,买盘
2069,09:52:24,3.15,--,1008,317520,买盘
2070,09:52:20,3.15,0.01,118,37170,买盘
2071,09:52:15,3.14,-0.01,32,10048,卖盘
2072,09:52:09,3.15,--,336,105840,买盘
2073,09:52:05,3.15,0.01,168,52920,买盘
2074,09:52:00,3.14,--,168,52752,卖盘
2075,09:51:54,3.14,-0.01,5,1570,卖盘
2076,09:51:50,3.15,--,13,4095,买盘
2077,09:51:45,3.15,--,475,149625,买盘
2078,09:51:39,3.15,0.01,79,24885,买盘
2079,09:51:35,3.14,-0.01,1139,357646,卖盘
2080,09:51:30,3.15,--,140,44100,买盘
2081,09:51:24,3.15,--,20,6300,买盘
2082,09:51:20,3.15,--,205,64575,买盘
2083,09:51:14,3.15,0.01,311,97965,买盘
2084,09:51:09,3.14,-0.01,30,9420,卖盘
2085,09:51:05,3.15,--,461,145215,买盘
2086,09:51:00,3.15,--,39,12285,买盘
2087,09:50:54,3.15,--,20,6300,买盘
2088,09:50:50,3.15,0.01,1046,329490,买盘
2089,09:50:44,3.14,-0.01,599,188086,卖盘
2090,09:50:39,3.15,--,1,315,买盘
2091,09:50:35,3.15,--,402,126630,买盘
2092,09:50:29,3.15,0.01,117,36855,买盘
2093,09:50:24,3.14,--,243,76302,卖盘
2094,09:50:20,3.14,-0.01,143,44902,卖盘
2095,09:50:14,3.15,--,180,56700,买盘
2096,09:50:09,3.15,--,40,12600,买盘
2097,09:50:05,3.15,--,2043,643671,买盘
2098,09:49:59,3.15,--,46,14490,买盘
2099,09:49:54,3.15,--,311,97965,买盘
2100,09:49:50,3.15,--,669,210735,买盘
2101,09:49:44,3.15,--,311,97965,买盘
2102,09:49:39,3.15,--,150,47250,买盘
2103,09:49:35,3.15,--,424,133560,买盘
2104,09:49:29,3.15,--,792,249480,买盘
2105,09:49:24,3.15,--,40,12600,买盘
2106,09:49:20,3.15,0.01,559,176085,买盘
2107,09:49:14,3.14,-0.01,231,72534,卖盘
2108,09:49:09,3.15,--,121,38115,买盘
2109,09:49:05,3.15,--,408,128520,买盘
2110,09:48:59,3.15,0.01,666,209790,买盘
2111,09:48:54,3.14,-0.01,795,249630,卖盘
2112,09:48:50,3.15,--,771,242865,买盘
2113,09:48:44,3.15,--,694,218610,买盘
2114,09:48:39,3.15,--,491,154665,买盘
2115,09:48:35,3.15,--,1603,504945,买盘
2116,09:48:29,3.15,0.01,350,110250,买盘
2117,09:48:24,3.14,--,36,11304,卖盘
2118,09:48:20,3.14,-0.01,1266,397524,卖盘
2119,09:48:14,3.15,--,2294,722610,买盘
2120,09:48:09,3.15,--,110,34650,买盘
2121,09:48:05,3.15,--,93,29295,买盘
2122,09:47:59,3.15,--,1690,532350,买盘
2123,09:47:54,3.15,--,90,28350,买盘
2124,09:47:49,3.15,--,282,88830,买盘
2125,09:47:44,3.15,--,290,91350,买盘
2126,09:47:39,3.15,--,160,50400,买盘
2127,09:47:34,3.15,--,108,34020,买盘
2128,09:47:29,3.15,0.01,682,214830,买盘
2129,09:47:24,3.14,-0.01,585,183768,卖盘
2130,09:47:20,3.15,--,653,205695,买盘
2131,09:47:14,3.15,0.01,201,63315,买盘
2132,09:47:09,3.14,-0.01,68,21352,卖盘
2133,09:47:04,3.15,--,354,111510,买盘
2134,09:46:59,3.15,--,280,88200,买盘
2135,09:46:54,3.15,0.01,96,30240,买盘
2136,09:46:49,3.14,-0.01,141,44274,卖盘
2137,09:46:44,3.15,--,217,68355,买盘
2138,09:46:39,3.15,--,25,7875,买盘
2139,09:46:33,3.15,--,178,56070,买盘
2140,09:46:29,3.15,--,253,79695,买盘
2141,09:46:24,3.15,--,132,41580,买盘
2142,09:46:18,3.15,--,500,157500,买盘
2143,09:46:14,3.15,--,116,36540,买盘
2144,09:46:09,3.15,--,81,25515,买盘
2145,09:46:03,3.15,--,132,41580,买盘
2146,09:45:59,3.15,--,156,49140,买盘
2147,09:45:54,3.15,--,56,17640,买盘
2148,09:45:48,3.15,0.01,109,34335,买盘
2149,09:45:44,3.14,-0.01,105,32970,卖盘
2150,09:45:39,3.15,--,246,77490,买盘
2151,09:45:33,3.15,--,85,26775,买盘
2152,09:45:29,3.15,0.01,180,56700,买盘
2153,09:45:24,3.14,-0.01,216,67824,卖盘
2154,09:45:18,3.15,--,100,31500,买盘
2155,09:45:14,3.15,--,360,113400,买盘
2156,09:45:09,3.15,--,158,49770,买盘
2157,09:45:03,3.15,--,120,37800,买盘
2158,09:44:59,3.15,--,227,71505,买盘
2159,09:44:54,3.15,--,1287,405688,买盘
2160,09:44:48,3.15,--,68,21420,买盘
2161,09:44:44,3.15,0.01,1045,329175,买盘
2162,09:44:38,3.14,-0.01,156,48984,卖盘
2163,09:44:33,3.15,--,1626,512190,买盘
2164,09:44:29,3.15,--,64,20160,买盘
2165,09:44:23,3.15,--,40,12600,买盘
2166,09:44:18,3.15,--,1148,361620,买盘
2167,09:44:14,3.15,--,274,86310,买盘
2168,09:44:08,3.15,--,69,21735,买盘
2169,09:44:03,3.15,--,1264,398160,买盘
2170,09:43:59,3.15,--,419,131985,买盘
2171,09:43:53,3.15,--,51,16065,买盘
2172,09:43:44,3.15,0.01,201,63315,买盘
2173,09:43:38,3.14,-0.01,408,128112,卖盘
2174,09:43:33,3.15,--,397,125055,买盘
2175,09:43:29,3.15,--,70,22050,买盘
2176,09:43:23,3.15,--,1511,475965,买盘
2177,09:43:18,3.15,--,204,64260,买盘
2178,09:43:14,3.15,0.01,13,4095,买盘
2179,09:43:08,3.14,-0.01,132,41448,卖盘
2180,09:43:03,3.15,0.01,299,94185,买盘
2181,09:42:59,3.14,--,1766,554524,卖盘
2182,09:42:53,3.14,-0.01,28,8792,卖盘
2183,09:42:48,3.15,--,239,75285,买盘
2184,09:42:44,3.15,--,111,34965,买盘
2185,09:42:38,3.15,--,318,100170,买盘
2186,09:42:33,3.15,--,219,68985,买盘
2187,09:42:29,3.15,--,483,152145,买盘
2188,09:42:23,3.15,--,381,120015,买盘
2189,09:42:18,3.15,0.01,359,113138,买盘
2190,09:42:14,3.14,--,933,292962,卖盘
2191,09:42:08,3.14,-0.01,288,90432,卖盘
2192,09:42:03,3.15,0.01,262,82530,买盘
2193,09:41:59,3.14,-0.01,15,4710,卖盘
2194,09:41:53,3.15,0.01,25,7875,买盘
2195,09:41:48,3.14,-0.01,216,67824,卖盘
2196,09:41:44,3.15,--,1083,341145,买盘
2197,09:41:38,3.15,--,4082,1285830,买盘
2198,09:41:33,3.15,--,560,176400,买盘
2199,09:41:29,3.15,--,672,211680,买盘
2200,09:41:23,3.15,--,21,6615,买盘
2201,09:41:13,3.15,--,6,1890,买盘
2202,09:41:08,3.15,--,1593,501795,买盘
2203,09:41:03,3.15,--,130,40950,买盘
2204,09:40:58,3.15,--,16,5040,买盘
2205,09:40:53,3.15,0.01,108,34020,买盘
2206,09:40:43,3.14,-0.01,174,54636,卖盘
2207,09:40:38,3.15,--,861,271514,买盘
2208,09:40:33,3.15,--,77,24255,买盘
2209,09:40:28,3.15,0.01,21,6615,买盘
2210,09:40:23,3.14,--,110,34540,卖盘
2211,09:40:18,3.14,--,1,314,卖盘
2212,09:40:13,3.14,-0.01,191,60052,卖盘
2213,09:40:08,3.15,--,492,154980,买盘
2214,09:40:03,3.15,--,98,30870,买盘
2215,09:39:58,3.15,--,37,11655,买盘
2216,09:39:53,3.15,--,138,43470,买盘
2217,09:39:48,3.15,0.01,10,3150,买盘
2218,09:39:43,3.14,-0.01,214,67196,卖盘
2219,09:39:38,3.15,--,158,49770,买盘
2220,09:39:33,3.15,--,118,37170,买盘
2221,09:39:28,3.15,0.01,172,54180,买盘
2222,09:39:23,3.14,-0.01,33,10519,卖盘
2223,09:39:18,3.15,0.01,39,12285,买盘
2224,09:39:13,3.14,-0.01,110,34540,卖盘
2225,09:39:08,3.15,0.01,248,78120,买盘
2226,09:39:03,3.14,-0.01,30,9420,卖盘
2227,09:38:57,3.15,0.01,199,62685,买盘
2228,09:38:53,3.14,--,921,289492,卖盘
2229,09:38:48,3.14,-0.01,116,36424,卖盘
2230,09:38:42,3.15,0.01,44,13860,买盘
2231,09:38:38,3.14,--,592,185888,卖盘
2232,09:38:33,3.14,-0.01,1435,450590,卖盘
2233,09:38:27,3.15,0.01,155,48825,买盘
2234,09:38:23,3.14,-0.01,272,85408,卖盘
2235,09:38:17,3.15,0.01,272,85680,买盘
2236,09:38:12,3.14,-0.01,84,26376,卖盘
2237,09:38:08,3.15,0.01,283,89145,买盘
2238,09:38:02,3.14,-0.01,242,75988,卖盘
2239,09:37:57,3.15,--,13,4095,买盘
2240,09:37:53,3.15,--,210,66150,买盘
2241,09:37:47,3.15,--,276,86940,买盘
2242,09:37:38,3.15,--,484,152460,买盘
2243,09:37:32,3.15,0.01,300,94500,买盘
2244,09:37:27,3.14,-0.01,763,239582,卖盘
2245,09:37:23,3.15,0.01,37,11655,买盘
2246,09:37:17,3.14,--,115,36110,卖盘
2247,09:37:12,3.14,-0.01,33,10362,卖盘
2248,09:37:08,3.15,0.01,323,101745,买盘
2249,09:37:02,3.14,-0.01,358,112412,卖盘
2250,09:36:57,3.15,0.01,50,15750,买盘
2251,09:36:53,3.14,-0.01,154,48356,卖盘
2252,09:36:47,3.15,--,262,82530,买盘
2253,09:36:42,3.15,--,2,630,买盘
2254,09:36:38,3.15,0.01,444,139860,买盘
2255,09:36:32,3.14,-0.01,831,260934,卖盘
2256,09:36:27,3.15,--,74,23310,买盘
2257,09:36:23,3.15,--,324,102060,买盘
2258,09:36:17,3.15,--,52,16380,买盘
2259,09:36:12,3.15,--,119,37485,买盘
2260,09:36:08,3.15,--,334,105210,买盘
2261,09:36:02,3.15,--,231,72765,买盘
2262,09:35:57,3.15,--,453,142695,买盘
2263,09:35:53,3.15,--,259,81585,买盘
2264,09:35:47,3.15,--,1859,585585,卖盘
2265,09:35:42,3.15,--,4808,1514520,卖盘
2266,09:35:37,3.15,--,9198,2897370,卖盘
2267,09:35:32,3.15,--,117,36855,卖盘
2268,09:35:27,3.15,-0.01,90,28350,卖盘
2269,09:35:23,3.16,0.01,418,132088,买盘
2270,09:35:17,3.15,--,3352,1055880,卖盘
2271,09:35:12,3.15,--,3147,991305,卖盘
2272,09:35:07,3.15,-0.01,637,200957,卖盘
2273,09:35:02,3.16,--,78,24648,买盘
2274,09:34:57,3.16,0.01,407,128612,买盘
2275,09:34:53,3.15,-0.01,63,19845,卖盘
2276,09:34:47,3.16,--,480,151680,买盘
2277,09:34:42,3.16,--,268,84688,买盘
2278,09:34:37,3.16,--,37,11692,买盘
2279,09:34:32,3.16,0.01,77,24332,买盘
2280,09:34:27,3.15,-0.01,280,88200,卖盘
2281,09:34:22,3.16,0.01,59,18644,买盘
2282,09:34:17,3.15,--,243,76545,卖盘
2283,09:34:12,3.15,--,865,272475,卖盘
2284,09:34:07,3.15,--,3881,1222515,卖盘
2285,09:34:02,3.15,--,28,8820,卖盘
2286,09:33:52,3.15,-0.01,31,9765,卖盘
2287,09:33:47,3.16,0.01,3677,1161932,买盘
2288,09:33:42,3.15,-0.01,1,315,卖盘
2289,09:33:37,3.16,0.01,122,38552,买盘
2290,09:33:32,3.15,-0.01,3,945,卖盘
2291,09:33:27,3.16,--,18,5688,买盘
2292,09:33:22,3.16,0.01,250,79000,买盘
2293,09:33:17,3.15,--,106,33390,卖盘
2294,09:33:12,3.15,--,104,32760,卖盘
2295,09:33:07,3.15,-0.01,1447,455805,卖盘
2296,09:33:02,3.16,0.01,1038,328008,买盘
2297,09:32:57,3.15,--,1716,540540,卖盘
2298,09:32:52,3.15,--,1136,357840,卖盘
2299,09:32:47,3.15,--,5,1575,卖盘
2300,09:32:42,3.15,-0.01,1,315,卖盘
2301,09:32:37,3.16,--,78,24648,买盘
2302,09:32:32,3.16,0.01,145,45820,买盘
2303,09:32:27,3.15,--,45,14175,卖盘
2304,09:32:22,3.15,--,1304,410760,卖盘
2305,09:32:17,3.15,--,279,87885,卖盘
2306,09:32:12,3.15,-0.01,148,46620,卖盘
2307,09:32:07,3.16,--,872,275552,买盘
2308,09:32:02,3.16,0.01,297,93852,买盘
2309,09:31:56,3.15,-0.01,185,58275,卖盘
2310,09:31:52,3.16,0.01,284,89744,买盘
2311,09:31:47,3.15,-0.01,85,26775,卖盘
2312,09:31:42,3.16,--,169,53404,买盘
2313,09:31:36,3.16,--,142,44872,买盘
2314,09:31:32,3.16,--,258,81528,买盘
2315,09:31:27,3.16,--,1250,395000,买盘
2316,09:31:17,3.16,--,1915,605140,买盘
2317,09:31:11,3.16,--,310,97960,买盘
2318,09:31:06,3.16,--,417,131772,买盘
2319,09:31:02,3.16,0.01,546,172536,买盘
2320,09:30:56,3.15,-0.01,730,229950,卖盘
2321,09:30:51,3.16,--,89,28124,买盘
2322,09:30:47,3.16,0.01,881,278396,买盘
2323,09:30:41,3.15,-0.01,1240,390600,卖盘
2324,09:30:36,3.16,--,685,216460,买盘
2325,09:30:32,3.16,--,518,163688,买盘
2326,09:30:26,3.16,--,1048,331168,买盘
2327,09:30:21,3.16,--,86,27176,买盘
2328,09:30:17,3.16,--,286,90376,买盘
2329,09:30:11,3.16,0.01,818,258488,买盘
2330,09:30:06,3.15,-0.01,8784,2766960,卖盘
2331,09:30:02,3.16,0.01,2,632,买盘
2332,09:28:49,3.15,--,0,0,卖盘
2333,09:25:05,3.15,3.15,6582,2073330,买盘
