,time,price,change,volume,amount,type
0,15:00:21,23.88,-0.03,525,1253700,卖盘
1,14:57:27,23.91,--,0,0,卖盘
2,14:57:00,23.91,-0.03,12,28692,卖盘
3,14:56:54,23.94,-0.03,10,23940,卖盘
4,14:56:48,23.97,0.06,155,371535,买盘
5,14:56:42,23.91,-0.03,2,4782,卖盘
6,14:56:39,23.94,0.03,25,59850,中性盘
7,14:56:33,23.91,--,60,143460,卖盘
8,14:56:30,23.91,-0.05,20,47820,卖盘
9,14:56:27,23.96,0.05,10,23960,买盘
10,14:56:24,23.91,-0.06,10,23910,中性盘
11,14:56:12,23.97,0.02,232,556104,买盘
12,14:56:09,23.95,-0.01,143,342485,中性盘
13,14:56:03,23.96,--,3,7188,买盘
14,14:56:00,23.96,0.08,3,7188,买盘
15,14:55:57,23.88,-0.09,18,42984,卖盘
16,14:55:45,23.97,0.01,103,246891,买盘
17,14:55:42,23.96,0.08,105,251580,买盘
18,14:55:39,23.88,--,2,4776,卖盘
19,14:55:30,23.88,--,2,4776,卖盘
20,14:55:27,23.88,--,15,35820,卖盘
21,14:55:21,23.88,-0.05,73,174324,卖盘
22,14:55:18,23.93,--,21,50253,买盘
23,14:55:15,23.93,0.05,174,416382,买盘
24,14:55:09,23.88,--,21,50148,买盘
25,14:55:06,23.88,--,26,62088,买盘
26,14:55:00,23.88,0.01,1,2388,买盘
27,14:54:54,23.87,-0.11,3,7161,卖盘
28,14:54:51,23.98,0.04,105,251790,买盘
29,14:54:48,23.94,0.06,94,225036,买盘
30,14:54:42,23.88,-0.02,147,351036,卖盘
31,14:54:36,23.9,-0.01,116,277240,买盘
32,14:54:33,23.91,0.04,123,294093,买盘
33,14:54:27,23.87,0.01,5,11935,卖盘
34,14:54:24,23.86,-0.05,55,131230,卖盘
35,14:54:21,23.91,0.05,5,11955,买盘
36,14:54:15,23.86,0.01,4,9544,卖盘
37,14:54:09,23.85,-0.12,10,23850,卖盘
38,14:54:06,23.97,0.03,115,275655,买盘
39,14:54:03,23.94,--,56,134064,买盘
40,14:54:00,23.94,--,112,268128,买盘
41,14:53:54,23.94,0.09,220,526680,买盘
42,14:53:48,23.85,-0.01,10,23850,卖盘
43,14:53:45,23.86,0.02,54,128844,买盘
44,14:53:42,23.84,-0.02,15,35760,卖盘
45,14:53:36,23.86,-0.01,6,14316,卖盘
46,14:53:33,23.87,0.02,9,21483,买盘
47,14:53:30,23.85,-0.01,5,11925,卖盘
48,14:53:27,23.86,0.09,318,758748,买盘
49,14:53:18,23.77,-0.1,219,520563,卖盘
50,14:53:15,23.87,0.1,139,331793,买盘
51,14:53:12,23.77,-0.08,12,28524,卖盘
52,14:53:09,23.85,0.08,10,23850,中性盘
53,14:53:00,23.77,0.01,1,2377,卖盘
54,14:52:54,23.76,-0.12,10,23760,卖盘
55,14:52:51,23.88,0.12,103,245964,买盘
56,14:52:48,23.76,-0.01,114,270864,卖盘
57,14:52:45,23.77,--,117,278109,买盘
58,14:52:42,23.77,--,6,14262,买盘
59,14:52:39,23.77,--,44,104588,买盘
60,14:52:36,23.77,--,9,21393,买盘
61,14:52:33,23.77,--,11,26147,买盘
62,14:52:27,23.77,-0.03,1,2377,中性盘
63,14:52:21,23.8,0.05,230,547400,买盘
64,14:52:18,23.75,-0.03,6,14250,卖盘
65,14:52:12,23.78,0.04,257,611146,买盘
66,14:52:06,23.74,0.04,1,2374,中性盘
67,14:51:54,23.7,-0.05,1,2370,卖盘
68,14:51:51,23.75,0.05,102,242250,买盘
69,14:51:48,23.7,--,9,21330,卖盘
70,14:51:36,23.7,0.01,21,49770,买盘
71,14:51:33,23.69,0.02,49,116081,买盘
72,14:51:30,23.67,-0.01,45,106515,卖盘
73,14:51:21,23.68,--,12,28416,买盘
74,14:51:18,23.68,0.02,5,11840,买盘
75,14:51:15,23.66,-0.02,12,28392,卖盘
76,14:51:12,23.68,--,8,18944,买盘
77,14:50:42,23.68,0.03,368,872489,买盘
78,14:50:39,23.65,--,1,2365,买盘
79,14:50:36,23.65,--,16,37840,买盘
80,14:50:27,23.65,0.01,23,54395,买盘
81,14:50:24,23.64,--,26,61464,买盘
82,14:50:21,23.64,--,32,75648,买盘
83,14:50:18,23.64,-0.01,201,475164,卖盘
84,14:50:12,23.65,--,1,2365,买盘
85,14:50:09,23.65,0.01,181,428065,买盘
86,14:50:03,23.64,-0.01,65,153660,卖盘
87,14:50:00,23.65,0.01,10,23650,买盘
88,14:49:57,23.64,--,12,28368,卖盘
89,14:49:45,23.64,-0.01,15,35460,买盘
90,14:49:42,23.65,0.03,36,85140,买盘
91,14:49:30,23.62,-0.02,1,2362,中性盘
92,14:49:21,23.64,0.02,155,366420,买盘
93,14:49:18,23.62,--,30,70860,买盘
94,14:49:12,23.62,0.01,21,49602,买盘
95,14:49:06,23.61,-0.01,76,179436,卖盘
96,14:49:03,23.62,-0.01,156,368472,卖盘
97,14:49:00,23.63,-0.01,140,330820,卖盘
98,14:48:57,23.64,--,5,11820,买盘
99,14:48:54,23.64,0.01,8,18912,买盘
100,14:48:30,23.63,-0.01,25,59075,卖盘
101,14:48:24,23.64,--,20,47280,买盘
102,14:48:21,23.64,0.02,1,2364,买盘
103,14:48:18,23.62,-0.03,12,28344,卖盘
104,14:48:15,23.65,0.02,2,4730,买盘
105,14:48:12,23.63,--,47,111061,买盘
106,14:48:09,23.63,--,93,219759,买盘
107,14:48:06,23.63,--,8,18904,买盘
108,14:48:03,23.63,--,5,11815,买盘
109,14:47:57,23.63,--,7,16541,买盘
110,14:47:54,23.63,-0.02,40,94520,卖盘
111,14:47:51,23.65,0.01,6,14190,买盘
112,14:47:45,23.64,--,5,11820,卖盘
113,14:47:39,23.64,0.01,62,146568,买盘
114,14:47:36,23.63,--,2,4726,卖盘
115,14:47:33,23.63,--,10,23630,卖盘
116,14:47:27,23.63,--,20,47260,卖盘
117,14:47:24,23.63,--,12,28356,卖盘
118,14:47:21,23.63,--,10,23630,买盘
119,14:47:15,23.63,0.01,5,11815,买盘
120,14:47:09,23.62,-0.01,49,115738,卖盘
121,14:47:03,23.63,0.01,6,14178,买盘
122,14:47:00,23.62,-0.01,4,9448,卖盘
123,14:46:51,23.63,--,16,37808,买盘
124,14:46:48,23.63,-0.01,36,85068,卖盘
125,14:46:42,23.64,0.01,95,224580,买盘
126,14:46:39,23.63,--,10,23630,卖盘
127,14:46:36,23.63,-0.01,24,56712,卖盘
128,14:46:33,23.64,0.02,100,236400,买盘
129,14:46:27,23.62,--,20,47240,买盘
130,14:46:24,23.62,0.02,15,35430,买盘
131,14:46:21,23.6,-0.02,20,47200,卖盘
132,14:46:15,23.62,--,50,118100,买盘
133,14:46:08,23.62,--,13,30706,卖盘
134,14:46:02,23.62,0.02,10,23620,买盘
135,14:45:56,23.6,-0.02,50,118000,卖盘
136,14:45:47,23.62,0.02,6,14172,买盘
137,14:45:38,23.6,--,299,705640,买盘
138,14:45:35,23.6,--,10,23600,买盘
139,14:45:23,23.6,--,42,99120,买盘
140,14:45:20,23.6,-0.03,173,408280,卖盘
141,14:45:17,23.63,--,8,18904,买盘
142,14:45:14,23.63,--,21,49623,买盘
143,14:45:08,23.63,--,11,25993,买盘
144,14:44:41,23.63,--,100,236300,买盘
145,14:44:26,23.63,0.03,43,101609,买盘
146,14:44:20,23.6,--,28,66080,买盘
147,14:44:17,23.6,0.02,21,49560,买盘
148,14:44:14,23.58,-0.02,1,2358,卖盘
149,14:44:11,23.6,--,2,4720,买盘
150,14:44:08,23.6,0.02,25,59000,买盘
151,14:44:05,23.58,-0.02,75,176850,卖盘
152,14:44:02,23.6,--,13,30680,买盘
153,14:43:59,23.6,-0.05,223,526280,卖盘
154,14:43:56,23.65,0.01,35,82775,买盘
155,14:43:53,23.64,--,6,14184,买盘
156,14:43:47,23.64,0.01,4,9456,买盘
157,14:43:44,23.63,--,2,6025,卖盘
158,14:43:38,23.63,--,0,1063,买盘
159,14:43:32,23.63,0.01,43,101609,买盘
160,14:43:29,23.62,--,20,47240,买盘
161,14:43:20,23.62,-0.01,51,120462,买盘
162,14:43:17,23.63,--,4,9452,买盘
163,14:43:14,23.63,0.03,37,87431,买盘
164,14:43:08,23.6,--,95,224200,卖盘
165,14:43:05,23.6,-0.03,46,108560,卖盘
166,14:43:02,23.63,0.03,14,33082,买盘
167,14:42:59,23.6,--,20,47200,卖盘
168,14:42:56,23.6,--,10,23600,卖盘
169,14:42:53,23.6,0.05,67,158120,买盘
170,14:42:32,23.55,0.04,15,35325,买盘
171,14:42:29,23.51,-0.04,12,28212,卖盘
172,14:42:20,23.55,0.05,1,2355,买盘
173,14:42:05,23.5,-0.04,10,23500,卖盘
174,14:41:59,23.54,0.04,10,23540,买盘
175,14:41:56,23.5,-0.01,27,63450,卖盘
176,14:41:53,23.51,0.01,6,14106,中性盘
177,14:41:41,23.5,-0.04,4,9400,卖盘
178,14:41:38,23.54,0.04,50,117700,买盘
179,14:41:32,23.5,--,11,25850,卖盘
180,14:41:29,23.5,--,32,75200,卖盘
181,14:41:23,23.5,--,74,173900,卖盘
182,14:41:11,23.5,--,10,23500,卖盘
183,14:41:08,23.5,0.01,273,641550,买盘
184,14:41:02,23.49,-0.01,67,157383,卖盘
185,14:40:59,23.5,0.01,25,58750,买盘
186,14:40:56,23.49,--,31,72819,卖盘
187,14:40:53,23.49,-0.01,15,35235,卖盘
188,14:40:50,23.5,--,3,7050,买盘
189,14:40:47,23.5,--,2,4700,买盘
190,14:40:44,23.5,--,149,350150,卖盘
191,14:40:41,23.5,-0.04,30,70500,卖盘
192,14:40:29,23.54,0.04,320,753280,买盘
193,14:40:26,23.5,-0.04,2,4700,卖盘
194,14:40:23,23.54,0.03,5,11770,买盘
195,14:40:20,23.51,-0.03,1,2351,卖盘
196,14:40:17,23.54,--,15,35310,买盘
197,14:40:14,23.54,0.04,5,11770,买盘
198,14:40:08,23.5,--,17,39950,卖盘
199,14:40:05,23.5,-0.01,10,23500,卖盘
200,14:40:02,23.51,-0.03,1,2351,中性盘
201,14:39:56,23.54,0.04,1,2354,买盘
202,14:39:50,23.5,-0.04,36,84600,卖盘
203,14:39:41,23.54,0.04,70,164780,买盘
204,14:39:35,23.5,--,49,115150,买盘
205,14:39:29,23.5,--,44,103400,买盘
206,14:39:20,23.5,--,13,30550,买盘
207,14:39:17,23.5,--,6,14100,买盘
208,14:39:14,23.5,--,27,63450,买盘
209,14:39:11,23.5,--,103,242050,买盘
210,14:39:08,23.5,--,20,47000,买盘
211,14:38:59,23.5,--,8,18800,买盘
212,14:38:56,23.5,-0.02,247,580450,卖盘
213,14:38:53,23.52,-0.01,1,2352,卖盘
214,14:38:47,23.53,--,3,7059,买盘
215,14:38:44,23.53,0.01,18,42354,买盘
216,14:38:41,23.52,--,2,4704,买盘
217,14:38:38,23.52,--,16,37632,买盘
218,14:38:35,23.52,--,12,28224,卖盘
219,14:38:26,23.52,-0.01,2,4704,中性盘
220,14:38:11,23.53,--,1,2353,买盘
221,14:38:02,23.53,0.03,17,40001,买盘
222,14:37:59,23.5,-0.03,2,4700,卖盘
223,14:37:50,23.53,-0.01,4,9412,卖盘
224,14:37:47,23.54,0.01,78,183612,买盘
225,14:37:44,23.53,-0.01,4,9412,中性盘
226,14:37:38,23.54,0.01,105,247170,买盘
227,14:37:35,23.53,--,7,16471,卖盘
228,14:37:32,23.53,-0.01,7,16471,卖盘
229,14:37:23,23.54,--,1,2354,买盘
230,14:37:20,23.54,--,15,35310,买盘
231,14:37:08,23.54,--,2,4708,买盘
232,14:36:59,23.54,--,39,91806,卖盘
233,14:36:50,23.54,--,4,9416,卖盘
234,14:36:41,23.54,0.04,10,23540,中性盘
235,14:36:35,23.5,-0.05,626,1471100,卖盘
236,14:36:29,23.55,0.03,1,2355,买盘
237,14:36:26,23.52,-0.03,21,49392,卖盘
238,14:36:20,23.55,0.01,33,77715,买盘
239,14:36:14,23.54,--,2,4708,买盘
240,14:36:05,23.54,--,60,141240,买盘
241,14:36:02,23.54,0.04,10,23540,买盘
242,14:35:56,23.5,--,1,2350,卖盘
243,14:35:50,23.5,--,4,9400,卖盘
244,14:35:47,23.5,-0.05,5,11750,卖盘
245,14:35:35,23.55,0.06,122,287310,买盘
246,14:35:32,23.49,--,28,65772,买盘
247,14:35:29,23.49,--,22,51678,买盘
248,14:35:26,23.49,--,16,37584,买盘
249,14:35:23,23.49,-0.02,361,849280,卖盘
250,14:35:20,23.51,--,47,110497,卖盘
251,14:35:17,23.51,--,5,11755,卖盘
252,14:35:14,23.51,0.01,231,544138,买盘
253,14:35:11,23.5,--,38,89300,卖盘
254,14:35:05,23.5,--,15,35250,买盘
255,14:35:02,23.5,0.01,15,35250,买盘
256,14:34:59,23.49,-0.01,76,178524,中性盘
257,14:34:53,23.5,0.02,15,35250,买盘
258,14:34:50,23.48,--,14,32872,卖盘
259,14:34:47,23.48,-0.01,1,2348,卖盘
260,14:34:38,23.49,0.03,16,37584,买盘
261,14:34:35,23.46,-0.01,389,912594,卖盘
262,14:34:29,23.47,--,25,58675,卖盘
263,14:34:26,23.47,--,136,319192,买盘
264,14:34:20,23.47,0.01,10,23470,买盘
265,14:34:17,23.46,-0.01,29,68034,卖盘
266,14:34:11,23.47,--,3,7041,买盘
267,14:34:08,23.47,--,22,51634,买盘
268,14:34:05,23.47,0.01,519,1218093,中性盘
269,14:33:50,23.46,-0.01,100,234600,卖盘
270,14:33:47,23.47,-0.01,47,110309,卖盘
271,14:33:41,23.48,--,90,211320,卖盘
272,14:33:32,23.48,--,34,79832,买盘
273,14:33:29,23.48,0.02,6,14088,买盘
274,14:33:23,23.46,--,19,44574,卖盘
275,14:33:20,23.46,--,19,44574,卖盘
276,14:33:17,23.46,-0.02,23,53958,卖盘
277,14:33:11,23.48,0.04,93,218364,中性盘
278,14:33:08,23.44,-0.01,35,82040,卖盘
279,14:33:05,23.45,-0.04,121,283745,卖盘
280,14:33:02,23.49,0.04,62,145638,买盘
281,14:32:59,23.45,-0.03,125,293125,卖盘
282,14:32:56,23.48,--,5,11740,卖盘
283,14:32:53,23.48,-0.01,6,14088,卖盘
284,14:32:50,23.49,0.01,3,7046,中性盘
285,14:32:47,23.48,-0.02,10,23480,卖盘
286,14:32:44,23.5,--,11,25850,买盘
287,14:32:41,23.5,--,233,547550,买盘
288,14:32:35,23.5,--,2,4700,买盘
289,14:32:32,23.5,0.02,13,30550,买盘
290,14:32:29,23.48,-0.02,287,673876,卖盘
291,14:32:23,23.5,--,59,139942,卖盘
292,14:32:20,23.5,--,200,470000,卖盘
293,14:32:14,23.5,-0.01,530,1246017,卖盘
294,14:32:11,23.51,--,210,493710,买盘
295,14:32:08,23.51,--,40,94040,买盘
296,14:32:05,23.51,0.01,7,16457,买盘
297,14:32:02,23.5,-0.01,126,296100,卖盘
298,14:31:59,23.51,-0.01,5,11755,卖盘
299,14:31:56,23.52,--,15,35280,买盘
300,14:31:53,23.52,--,4,9408,买盘
301,14:31:50,23.52,--,4,9408,买盘
302,14:31:47,23.52,0.02,31,72912,卖盘
303,14:31:44,23.5,-0.02,1123,2639050,卖盘
304,14:31:35,23.52,--,10,23520,卖盘
305,14:31:32,23.52,-0.02,151,355152,卖盘
306,14:31:20,23.54,0.02,7,16478,买盘
307,14:31:14,23.52,--,5,11760,卖盘
308,14:31:08,23.52,--,320,752640,卖盘
309,14:30:59,23.52,--,291,684432,卖盘
310,14:30:56,23.52,-0.02,500,1176000,卖盘
311,14:30:53,23.54,--,2,4708,卖盘
312,14:30:50,23.54,--,2,4708,卖盘
313,14:30:47,23.54,0.01,4,9416,卖盘
314,14:30:41,23.53,-0.06,50,117650,卖盘
315,14:30:38,23.59,--,515,1214885,买盘
316,14:30:35,23.59,--,3,7077,买盘
317,14:30:32,23.59,--,10,23590,买盘
318,14:30:29,23.59,0.02,84,198156,买盘
319,14:30:26,23.57,-0.01,292,688244,卖盘
320,14:30:23,23.58,--,10,23580,卖盘
321,14:30:20,23.58,--,28,66024,卖盘
322,14:30:14,23.58,0.01,326,768708,买盘
323,14:30:11,23.57,--,5,11785,卖盘
324,14:30:08,23.57,0.01,510,1202070,买盘
325,14:30:02,23.56,-0.01,11,25916,卖盘
326,14:29:59,23.57,-0.01,2,4714,卖盘
327,14:29:53,23.58,0.03,33,77814,买盘
328,14:29:50,23.55,-0.02,710,1672591,卖盘
329,14:29:47,23.57,-0.01,18,42426,中性盘
330,14:29:38,23.58,0.02,1,2358,买盘
331,14:29:35,23.56,-0.02,81,190836,卖盘
332,14:29:29,23.58,-0.01,121,285318,卖盘
333,14:29:26,23.59,0.01,2,4718,买盘
334,14:29:23,23.58,-0.01,116,273528,卖盘
335,14:29:17,23.59,--,46,108514,买盘
336,14:29:14,23.59,-0.01,1,2359,买盘
337,14:29:11,23.6,0.01,281,663160,买盘
338,14:29:08,23.59,--,9,21231,卖盘
339,14:29:05,23.59,-0.01,27,63693,卖盘
340,14:29:02,23.6,--,2,4720,买盘
341,14:28:59,23.6,--,5,11800,买盘
342,14:28:41,23.6,--,1,2360,买盘
343,14:28:35,23.6,--,12,28320,买盘
344,14:28:32,23.6,-0.01,44,105680,卖盘
345,14:28:29,23.61,--,5,11805,卖盘
346,14:28:17,23.61,-0.02,103,243183,中性盘
347,14:28:11,23.63,--,73,172499,卖盘
348,14:28:08,23.63,0.03,45,106335,买盘
349,14:28:05,23.6,-0.03,100,236000,卖盘
350,14:28:02,23.63,0.01,5,11815,买盘
351,14:27:59,23.62,-0.01,2,4724,卖盘
352,14:27:56,23.63,0.02,2,4726,买盘
353,14:27:50,23.61,--,100,236100,卖盘
354,14:27:44,23.61,-0.01,46,108606,中性盘
355,14:27:35,23.62,--,101,238562,卖盘
356,14:27:32,23.62,-0.01,2,4724,卖盘
357,14:27:29,23.63,--,10,23630,买盘
358,14:27:20,23.63,--,7,16541,买盘
359,14:27:17,23.63,0.02,100,236300,买盘
360,14:27:14,23.61,-0.03,201,474561,卖盘
361,14:27:05,23.64,0.03,5,11820,买盘
362,14:27:02,23.61,-0.03,1,2361,卖盘
363,14:26:47,23.64,--,29,68556,买盘
364,14:26:44,23.64,-0.03,19,44916,卖盘
365,14:26:35,23.67,--,8,18936,买盘
366,14:26:32,23.67,0.07,1,2367,买盘
367,14:26:23,23.6,-0.04,150,354000,卖盘
368,14:26:20,23.64,--,434,1025976,买盘
369,14:26:17,23.64,--,215,508260,买盘
370,14:26:14,23.64,--,1,2364,买盘
371,14:26:10,23.64,--,62,146568,买盘
372,14:26:04,23.64,--,2,4728,买盘
373,14:26:01,23.64,--,6,14184,买盘
374,14:25:58,23.64,--,25,59100,买盘
375,14:25:52,23.64,--,28,66192,买盘
376,14:25:49,23.64,-0.01,100,236400,卖盘
377,14:25:43,23.65,--,1,2365,卖盘
378,14:25:40,23.65,-0.02,8,18920,卖盘
379,14:25:37,23.67,0.02,1,2367,买盘
380,14:25:34,23.65,0.01,24,56760,中性盘
381,14:24:58,23.64,-0.01,44,104016,卖盘
382,14:24:43,23.65,--,100,236500,卖盘
383,14:24:40,23.65,--,10,23650,卖盘
384,14:24:37,23.65,0.01,1,2365,卖盘
385,14:24:28,23.64,--,13,30732,买盘
386,14:24:22,23.64,--,18,42552,买盘
387,14:24:07,23.64,--,8,18912,买盘
388,14:23:55,23.64,--,15,35460,买盘
389,14:23:52,23.64,--,209,494076,买盘
390,14:23:46,23.64,0.02,30,70920,买盘
391,14:23:28,23.62,-0.02,110,259820,卖盘
392,14:23:25,23.64,0.01,11,26004,买盘
393,14:23:22,23.63,-0.01,1,2363,卖盘
394,14:23:16,23.64,--,20,47280,买盘
395,14:23:10,23.64,--,15,35460,买盘
396,14:23:04,23.64,--,14,33096,买盘
397,14:22:49,23.64,--,12,28368,买盘
398,14:22:46,23.64,-0.03,160,378240,卖盘
399,14:22:43,23.67,0.01,14,33138,买盘
400,14:22:28,23.66,--,6,14196,买盘
401,14:22:22,23.66,--,1,2366,买盘
402,14:22:19,23.66,0.01,11,26026,买盘
403,14:22:13,23.65,--,5,11825,卖盘
404,14:22:01,23.65,--,1,2365,卖盘
405,14:21:52,23.65,-0.02,5,11825,卖盘
406,14:21:34,23.67,0.02,3,7101,买盘
407,14:21:13,23.65,0.03,1,2365,卖盘
408,14:21:10,23.62,--,9,21258,买盘
409,14:21:04,23.62,--,8,18896,买盘
410,14:21:01,23.62,-0.03,111,262182,中性盘
411,14:20:34,23.65,--,10,23650,买盘
412,14:20:31,23.65,0.05,2,4730,买盘
413,14:20:13,23.6,-0.01,1,2360,卖盘
414,14:20:07,23.61,0.01,1,2361,卖盘
415,14:20:04,23.6,--,5,12319,买盘
416,14:20:01,23.6,--,2,4720,买盘
417,14:19:58,23.6,--,15,35400,买盘
418,14:19:55,23.6,--,1,2360,买盘
419,14:19:52,23.6,-0.05,476,1125200,卖盘
420,14:19:49,23.65,--,2,4730,买盘
421,14:19:40,23.65,--,12,28380,买盘
422,14:19:34,23.65,--,7,16555,买盘
423,14:19:31,23.65,-0.04,181,428065,卖盘
424,14:19:25,23.69,--,5,11845,买盘
425,14:19:22,23.69,--,10,23690,买盘
426,14:19:10,23.69,--,24,56856,买盘
427,14:19:07,23.69,-0.01,49,116081,买盘
428,14:18:58,23.7,--,10,23700,买盘
429,14:18:55,23.7,--,15,35550,买盘
430,14:18:46,23.7,--,10,23700,买盘
431,14:18:43,23.7,--,43,101910,买盘
432,14:18:34,23.7,--,20,47400,买盘
433,14:18:31,23.7,--,4,9480,买盘
434,14:18:28,23.7,-0.01,6,14220,卖盘
435,14:18:25,23.71,--,84,199164,买盘
436,14:18:13,23.71,0.05,50,118550,买盘
437,14:18:10,23.66,--,105,248430,卖盘
438,14:17:55,23.66,-0.04,33,78078,卖盘
439,14:17:52,23.7,0.04,105,248850,买盘
440,14:17:46,23.66,--,21,49686,买盘
441,14:17:40,23.66,0.04,125,295750,买盘
442,14:17:37,23.62,-0.03,22,51964,卖盘
443,14:17:34,23.65,--,3,7095,卖盘
444,14:17:22,23.65,-0.01,28,66220,卖盘
445,14:17:19,23.66,-0.04,1,2366,卖盘
446,14:17:16,23.7,0.1,15,35550,买盘
447,14:17:10,23.6,-0.05,500,1180000,卖盘
448,14:17:07,23.65,--,94,222830,买盘
449,14:17:04,23.65,--,6,14190,买盘
450,14:17:01,23.65,--,27,63854,买盘
451,14:16:58,23.65,--,2,4730,买盘
452,14:16:55,23.65,--,1,2365,买盘
453,14:16:52,23.65,--,137,324005,买盘
454,14:16:49,23.65,--,5,11825,买盘
455,14:16:43,23.65,--,15,35475,买盘
456,14:16:40,23.65,-0.05,31,73315,卖盘
457,14:16:37,23.7,0.05,138,327060,买盘
458,14:16:25,23.65,--,1,2365,卖盘
459,14:16:19,23.65,0.03,63,148995,买盘
460,14:16:16,23.62,--,125,295250,买盘
461,14:16:13,23.62,--,13,30706,买盘
462,14:16:10,23.62,-0.03,124,292888,卖盘
463,14:16:04,23.65,--,69,163185,买盘
464,14:16:01,23.65,--,91,215215,买盘
465,14:15:55,23.65,--,15,35475,买盘
466,14:15:49,23.65,--,40,94600,卖盘
467,14:15:40,23.65,-0.05,2,4730,买盘
468,14:15:34,23.7,0.05,305,722850,买盘
469,14:15:31,23.65,-0.05,2,4730,卖盘
470,14:15:25,23.7,0.02,217,514290,买盘
471,14:15:22,23.68,--,159,376512,买盘
472,14:15:19,23.68,-0.02,18,42624,卖盘
473,14:15:13,23.7,--,130,308100,买盘
474,14:15:01,23.7,--,2,4740,买盘
475,14:14:58,23.7,--,32,75840,卖盘
476,14:14:55,23.7,--,5,11850,卖盘
477,14:14:52,23.7,--,32,75840,卖盘
478,14:14:46,23.7,--,5,11850,卖盘
479,14:14:43,23.7,0.05,490,1161300,买盘
480,14:14:40,23.65,-0.05,294,695310,卖盘
481,14:14:37,23.7,--,35,82950,买盘
482,14:14:28,23.7,--,3,7110,买盘
483,14:14:25,23.7,--,10,23700,买盘
484,14:14:22,23.7,--,10,23700,买盘
485,14:14:19,23.7,--,10,23700,卖盘
486,14:14:16,23.7,--,2,4740,卖盘
487,14:14:04,23.7,0.01,267,632790,买盘
488,14:13:55,23.69,-0.01,1,2369,卖盘
489,14:13:31,23.7,-0.06,253,599610,卖盘
490,14:13:25,23.76,--,151,358776,卖盘
491,14:13:22,23.76,--,90,213840,卖盘
492,14:13:16,23.76,-0.02,20,47520,卖盘
493,14:13:13,23.78,0.02,8,19024,买盘
494,14:13:10,23.76,--,14,33264,卖盘
495,14:12:52,23.76,-0.02,102,242352,卖盘
496,14:12:43,23.78,--,21,49938,买盘
497,14:12:40,23.78,--,78,185484,卖盘
498,14:12:37,23.78,--,10,23780,卖盘
499,14:12:34,23.78,--,5,11890,卖盘
500,14:12:28,23.78,-0.01,20,47560,卖盘
501,14:12:13,23.79,--,2,4758,买盘
502,14:12:10,23.79,--,5,11895,买盘
503,14:12:07,23.79,--,22,52338,卖盘
504,14:12:01,23.79,-0.02,6,14274,卖盘
505,14:11:58,23.81,0.01,23,54763,买盘
506,14:11:40,23.8,--,1,2380,卖盘
507,14:11:31,23.8,0.02,5,11900,中性盘
508,14:11:25,23.78,--,37,87986,卖盘
509,14:11:22,23.78,--,2,4756,卖盘
510,14:11:19,23.78,--,5,11890,卖盘
511,14:11:10,23.78,0.01,41,97498,买盘
512,14:10:43,23.77,0.01,4,9508,买盘
513,14:10:34,23.76,--,10,23760,买盘
514,14:10:22,23.76,--,5,11880,卖盘
515,14:10:04,23.76,0.01,3,7128,买盘
516,14:09:52,23.75,--,10,23750,卖盘
517,14:09:43,23.75,--,10,23750,卖盘
518,14:09:34,23.75,-0.01,12,28500,卖盘
519,14:09:31,23.76,--,5,11880,买盘
520,14:09:25,23.76,0.01,5,11880,买盘
521,14:09:16,23.75,0.02,2,4750,买盘
522,14:09:04,23.73,-0.02,11,26103,卖盘
523,14:08:52,23.75,--,10,23750,买盘
524,14:08:43,23.75,-0.03,7,16625,卖盘
525,14:08:22,23.78,--,5,11890,买盘
526,14:08:16,23.78,-0.02,52,123656,卖盘
527,14:08:10,23.8,--,87,207060,买盘
528,14:08:07,23.8,--,1,2380,买盘
529,14:07:55,23.8,-0.01,16,38080,中性盘
530,14:07:46,23.81,--,1,2381,买盘
531,14:07:37,23.81,0.01,36,85716,买盘
532,14:07:31,23.8,-0.01,23,54740,中性盘
533,14:07:16,23.81,--,2,4762,卖盘
534,14:07:13,23.81,--,7,16667,买盘
535,14:07:07,23.81,0.01,7,16667,买盘
536,14:07:04,23.8,-0.01,5,11900,卖盘
537,14:06:58,23.81,0.01,1,2381,中性盘
538,14:06:40,23.8,--,3,7140,买盘
539,14:06:37,23.8,0.09,15,35700,买盘
540,14:06:04,23.71,0.01,7,16597,中性盘
541,14:05:55,23.7,--,8,18960,卖盘
542,14:05:51,23.7,-0.05,8,18960,卖盘
543,14:05:45,23.75,0.05,7,16625,买盘
544,14:05:42,23.7,0.01,10,23700,卖盘
545,14:05:39,23.69,--,7,16583,卖盘
546,14:05:24,23.69,-0.06,50,118450,卖盘
547,14:05:18,23.75,--,14,33250,卖盘
548,14:05:15,23.75,-0.09,1,2375,买盘
549,14:05:06,23.84,0.15,233,555472,买盘
550,14:05:00,23.69,--,49,116081,卖盘
551,14:04:54,23.69,-0.01,15,35535,卖盘
552,14:04:51,23.7,0.01,2,4740,买盘
553,14:04:39,23.69,-0.01,88,208472,卖盘
554,14:04:36,23.7,--,188,445560,卖盘
555,14:04:27,23.7,-0.05,17,40290,卖盘
556,14:04:24,23.75,0.05,30,71250,买盘
557,14:04:12,23.7,--,13,30810,卖盘
558,14:04:09,23.7,--,201,476370,卖盘
559,14:04:06,23.7,--,13,30810,卖盘
560,14:04:00,23.7,--,13,30810,卖盘
561,14:03:51,23.7,--,14,33180,卖盘
562,14:03:48,23.7,0.05,41,97170,买盘
563,14:03:45,23.65,-0.05,11,26015,中性盘
564,14:03:36,23.7,--,3,7110,买盘
565,14:03:33,23.7,--,100,237000,买盘
566,14:03:30,23.7,0.06,22,52140,买盘
567,14:03:27,23.64,-0.06,338,799032,卖盘
568,14:03:24,23.7,--,175,414750,买盘
569,14:03:21,23.7,-0.01,46,109020,卖盘
570,14:03:18,23.71,0.01,71,168341,买盘
571,14:03:15,23.7,--,54,127980,卖盘
572,14:03:12,23.7,--,61,144570,卖盘
573,14:03:09,23.7,0.07,1114,2640180,买盘
574,14:03:06,23.63,--,12,28356,卖盘
575,14:03:00,23.63,--,34,80342,卖盘
576,14:02:57,23.63,--,65,153595,卖盘
577,14:02:54,23.63,0.01,22,51986,买盘
578,14:02:51,23.62,-0.01,56,132272,卖盘
579,14:02:42,23.63,-0.01,11,25993,卖盘
580,14:02:36,23.64,--,15,35460,买盘
581,14:02:30,23.64,-0.02,68,160752,卖盘
582,14:02:27,23.66,0.01,38,89908,买盘
583,14:02:21,23.65,--,33,78045,买盘
584,14:02:18,23.65,--,17,40205,买盘
585,14:02:12,23.65,--,36,85140,买盘
586,14:02:09,23.65,--,3,7095,买盘
587,14:02:06,23.65,0.01,112,264880,买盘
588,14:02:03,23.64,--,12,28368,卖盘
589,14:02:00,23.64,-0.01,3,7092,卖盘
590,14:01:57,23.65,--,54,127709,买盘
591,14:01:54,23.65,--,11,26015,买盘
592,14:01:48,23.65,--,10,23650,卖盘
593,14:01:45,23.65,--,35,82775,卖盘
594,14:01:42,23.65,-0.01,67,158455,卖盘
595,14:01:33,23.66,--,62,146692,买盘
596,14:01:30,23.66,--,10,23660,买盘
597,14:01:27,23.66,-0.01,137,324142,卖盘
598,14:01:24,23.67,--,18,42606,卖盘
599,14:01:21,23.67,--,18,42606,买盘
600,14:01:18,23.67,--,3,7101,买盘
601,14:01:15,23.67,--,15,35505,买盘
602,14:01:12,23.67,--,7,16569,买盘
603,14:01:06,23.67,-0.01,217,513639,卖盘
604,14:01:03,23.68,--,2,4736,卖盘
605,14:01:00,23.68,-0.01,4,9472,卖盘
606,14:00:54,23.69,0.01,31,73439,买盘
607,14:00:51,23.68,-0.01,103,243904,卖盘
608,14:00:48,23.69,--,52,123188,卖盘
609,14:00:45,23.69,--,26,61594,卖盘
610,14:00:42,23.69,--,20,47380,卖盘
611,14:00:39,23.69,--,5,11845,卖盘
612,14:00:36,23.69,--,4,9476,卖盘
613,14:00:33,23.69,-0.02,72,170568,卖盘
614,14:00:24,23.71,0.02,19,45049,买盘
615,14:00:12,23.69,-0.02,20,47380,卖盘
616,14:00:03,23.71,0.02,97,229987,买盘
617,14:00:00,23.69,-0.01,2,4738,卖盘
618,13:59:54,23.7,--,142,336540,买盘
619,13:59:42,23.7,0.02,10,23700,买盘
620,13:59:39,23.68,-0.02,6,14208,卖盘
621,13:59:36,23.7,0.03,5,11850,买盘
622,13:59:33,23.67,--,3,7101,卖盘
623,13:59:30,23.67,-0.03,12,28404,卖盘
624,13:59:27,23.7,--,438,1038060,买盘
625,13:59:21,23.7,0.03,100,237000,买盘
626,13:59:18,23.67,-0.03,219,518373,卖盘
627,13:59:15,23.7,0.01,100,237000,买盘
628,13:59:12,23.69,0.01,10,23690,中性盘
629,13:59:06,23.68,-0.01,112,265216,卖盘
630,13:59:00,23.69,0.01,22,52118,买盘
631,13:58:57,23.68,--,3,7104,买盘
632,13:58:54,23.68,-0.01,65,153920,卖盘
633,13:58:48,23.69,0.01,2,4738,买盘
634,13:58:45,23.68,--,14,33152,卖盘
635,13:58:42,23.68,-0.01,12,28416,卖盘
636,13:58:39,23.69,0.01,4,9476,买盘
637,13:58:36,23.68,--,23,54464,买盘
638,13:58:33,23.68,-0.01,16,37888,卖盘
639,13:58:30,23.69,--,4,9476,买盘
640,13:58:27,23.69,0.01,5,11845,买盘
641,13:58:21,23.68,--,41,97088,卖盘
642,13:58:18,23.68,-0.01,13,30784,卖盘
643,13:58:12,23.69,--,74,175306,买盘
644,13:58:09,23.69,--,28,66332,卖盘
645,13:58:06,23.69,--,19,45011,卖盘
646,13:58:03,23.69,--,23,54487,卖盘
647,13:58:00,23.69,-0.01,19,45011,卖盘
648,13:57:57,23.7,--,40,94800,买盘
649,13:57:51,23.7,-0.01,26,61620,卖盘
650,13:57:48,23.71,0.01,45,106695,买盘
651,13:57:39,23.7,-0.01,14,33180,卖盘
652,13:57:36,23.71,0.01,5,11855,买盘
653,13:57:33,23.7,--,36,85320,买盘
654,13:57:27,23.7,--,4,9480,买盘
655,13:57:24,23.7,--,23,54510,买盘
656,13:57:21,23.7,--,68,161160,卖盘
657,13:57:09,23.7,--,104,246480,买盘
658,13:57:00,23.7,--,20,47400,买盘
659,13:56:57,23.7,-0.01,8,18960,中性盘
660,13:56:51,23.71,0.01,13,30823,买盘
661,13:56:48,23.7,--,25,59250,买盘
662,13:56:45,23.7,--,20,47400,买盘
663,13:56:42,23.7,--,19,45030,买盘
664,13:56:39,23.7,-0.01,61,144570,卖盘
665,13:56:36,23.71,--,14,33194,买盘
666,13:56:33,23.71,--,221,523991,买盘
667,13:56:30,23.71,--,22,52162,买盘
668,13:56:21,23.71,0.01,10,23710,买盘
669,13:56:18,23.7,--,39,92430,卖盘
670,13:56:15,23.7,-0.01,11,26070,卖盘
671,13:56:09,23.71,--,5,11855,买盘
672,13:56:03,23.71,0.01,17,40307,买盘
673,13:55:54,23.7,--,44,104280,买盘
674,13:55:51,23.7,--,2,4740,买盘
675,13:55:45,23.7,--,7,16590,买盘
676,13:55:42,23.7,--,15,35550,买盘
677,13:55:39,23.7,-0.01,64,151680,卖盘
678,13:55:33,23.71,--,100,237100,买盘
679,13:55:30,23.71,--,14,33194,买盘
680,13:55:24,23.71,--,20,47420,买盘
681,13:55:21,23.71,--,5,11855,买盘
682,13:55:15,23.71,--,202,478942,卖盘
683,13:55:09,23.71,-0.06,102,241842,卖盘
684,13:55:06,23.77,0.06,82,194914,买盘
685,13:54:57,23.71,--,8,18968,买盘
686,13:54:54,23.71,--,31,73501,买盘
687,13:54:48,23.71,--,2,4742,买盘
688,13:54:39,23.71,--,6,14226,买盘
689,13:54:36,23.71,0.01,23,54533,买盘
690,13:54:30,23.7,-0.01,2,4740,卖盘
691,13:54:18,23.71,0.01,4,9484,买盘
692,13:54:15,23.7,--,11,26070,买盘
693,13:54:12,23.7,--,68,161160,买盘
694,13:54:09,23.7,--,72,170640,卖盘
695,13:54:03,23.7,--,1,2370,买盘
696,13:54:00,23.7,--,5,11850,买盘
697,13:53:57,23.7,--,7,16590,买盘
698,13:53:54,23.7,--,32,75840,买盘
699,13:53:51,23.7,--,20,47400,买盘
700,13:53:39,23.7,--,6,14220,买盘
701,13:53:36,23.7,-0.01,83,196710,卖盘
702,13:53:30,23.71,0.01,77,182567,买盘
703,13:53:27,23.7,-0.01,2,4740,卖盘
704,13:53:24,23.71,0.01,29,68759,买盘
705,13:53:15,23.7,0.01,8,18960,中性盘
706,13:52:57,23.69,-0.01,30,71070,中性盘
707,13:52:51,23.7,0.02,8,18960,买盘
708,13:52:48,23.68,-0.02,15,35520,卖盘
709,13:52:42,23.7,--,11,26070,买盘
710,13:52:39,23.7,0.02,50,118500,买盘
711,13:52:36,23.68,-0.01,70,165760,卖盘
712,13:52:21,23.69,--,88,208472,卖盘
713,13:52:18,23.69,--,15,35535,卖盘
714,13:52:15,23.69,-0.01,6,14214,卖盘
715,13:52:12,23.7,0.01,6,14220,买盘
716,13:52:09,23.69,--,109,258221,买盘
717,13:52:06,23.69,--,40,94760,买盘
718,13:52:03,23.69,--,18,42642,卖盘
719,13:52:00,23.69,-0.01,25,59225,中性盘
720,13:51:54,23.7,--,120,284400,买盘
721,13:51:48,23.7,0.01,7,16590,买盘
722,13:51:45,23.69,-0.01,2,4738,卖盘
723,13:51:42,23.7,0.01,15,35550,买盘
724,13:51:39,23.69,--,50,118450,卖盘
725,13:51:36,23.69,--,37,87653,卖盘
726,13:51:33,23.69,--,9,21321,卖盘
727,13:51:30,23.69,-0.01,13,30797,卖盘
728,13:51:24,23.7,--,29,68730,买盘
729,13:51:21,23.7,--,11,26070,买盘
730,13:51:18,23.7,--,37,87690,买盘
731,13:51:15,23.7,0.01,2,4740,买盘
732,13:51:12,23.69,-0.01,3,7107,卖盘
733,13:51:06,23.7,-0.01,86,203820,卖盘
734,13:51:03,23.71,--,15,35565,买盘
735,13:51:00,23.71,--,403,955513,买盘
736,13:50:57,23.71,--,12,28452,买盘
737,13:50:54,23.71,--,2,4742,买盘
738,13:50:51,23.71,-0.02,342,810882,卖盘
739,13:50:45,23.73,-0.02,130,308490,卖盘
740,13:50:27,23.75,--,2,4750,买盘
741,13:50:24,23.75,0.01,51,121125,买盘
742,13:50:21,23.74,--,5,11870,买盘
743,13:50:15,23.74,--,8,18992,买盘
744,13:50:09,23.74,--,5,11870,买盘
745,13:50:06,23.74,--,83,197042,卖盘
746,13:50:03,23.74,-0.01,20,47480,卖盘
747,13:49:57,23.75,--,15,35625,买盘
748,13:49:54,23.75,--,22,52250,买盘
749,13:49:51,23.75,0.01,13,30875,买盘
750,13:49:48,23.74,-0.01,4,9496,卖盘
751,13:49:36,23.75,-0.03,76,180500,卖盘
752,13:49:30,23.78,0.01,20,47560,买盘
753,13:49:21,23.77,--,15,35655,买盘
754,13:49:06,23.77,0.01,29,68933,中性盘
755,13:48:57,23.76,-0.02,2,4752,中性盘
756,13:48:51,23.78,0.04,302,718156,买盘
757,13:48:48,23.74,-0.03,2,4748,卖盘
758,13:48:45,23.77,0.01,219,520563,买盘
759,13:48:39,23.76,--,3,7128,卖盘
760,13:48:36,23.76,-0.01,7,16632,卖盘
761,13:48:27,23.77,--,20,47540,买盘
762,13:48:21,23.77,-0.01,22,52294,卖盘
763,13:48:09,23.78,--,2,4756,买盘
764,13:48:06,23.78,0.01,1,2378,买盘
765,13:48:00,23.77,--,1,2377,买盘
766,13:47:54,23.77,--,29,68933,卖盘
767,13:47:39,23.77,--,2,4754,买盘
768,13:47:33,23.77,0.02,60,142620,买盘
769,13:47:30,23.75,-0.02,171,406125,卖盘
770,13:47:24,23.77,0.01,12,28524,买盘
771,13:47:18,23.76,--,6,14256,买盘
772,13:47:15,23.76,0.01,4,9504,买盘
773,13:47:12,23.75,--,16,38000,卖盘
774,13:47:09,23.75,-0.01,28,66500,卖盘
775,13:47:06,23.76,--,4,9504,买盘
776,13:47:03,23.76,--,2,4752,买盘
777,13:47:00,23.76,--,39,92664,买盘
778,13:46:57,23.76,--,16,38016,买盘
779,13:46:51,23.76,-0.01,13,30888,卖盘
780,13:46:36,23.77,-0.01,28,66556,中性盘
781,13:46:27,23.78,0.05,40,95120,买盘
782,13:46:24,23.73,-0.05,500,1186500,卖盘
783,13:46:21,23.78,0.01,210,499380,买盘
784,13:46:15,23.77,-0.01,1,2377,卖盘
785,13:46:08,23.78,0.02,3,7134,买盘
786,13:45:56,23.76,--,98,232848,中性盘
787,13:45:53,23.76,0.01,1,2376,中性盘
788,13:45:50,23.75,--,2,4750,卖盘
789,13:45:32,23.75,--,40,95000,买盘
790,13:45:29,23.75,--,17,40375,买盘
791,13:45:26,23.75,-0.02,69,163875,卖盘
792,13:45:20,23.77,--,1,2377,买盘
793,13:45:17,23.77,0.02,3,7131,中性盘
794,13:45:14,23.75,-0.03,201,477375,卖盘
795,13:45:11,23.78,--,131,311518,买盘
796,13:45:05,23.78,--,5,11890,买盘
797,13:44:59,23.78,--,4,9512,买盘
798,13:44:56,23.78,-0.02,459,1091502,卖盘
799,13:44:50,23.8,--,10,23800,买盘
800,13:44:44,23.8,--,6,14280,买盘
801,13:44:32,23.8,--,20,47600,买盘
802,13:44:29,23.8,--,6,14280,买盘
803,13:44:26,23.8,--,266,633080,卖盘
804,13:44:23,23.8,-0.02,603,1435140,卖盘
805,13:44:14,23.82,0.01,2,4764,买盘
806,13:44:11,23.81,--,4,9524,卖盘
807,13:44:08,23.81,-0.01,3,7143,卖盘
808,13:43:56,23.82,-0.01,97,232578,卖盘
809,13:43:32,23.83,-0.01,62,149676,卖盘
810,13:43:26,23.84,0.01,8,19072,买盘
811,13:43:20,23.83,--,5,11915,卖盘
812,13:43:17,23.83,-0.01,7,16681,卖盘
813,13:42:53,23.84,--,2,4768,买盘
814,13:42:50,23.84,-0.01,3,7152,卖盘
815,13:42:47,23.85,--,42,100170,买盘
816,13:42:26,23.85,--,46,109710,卖盘
817,13:42:14,23.85,--,2,4770,卖盘
818,13:42:05,23.85,-0.01,2,4770,卖盘
819,13:42:02,23.86,--,1,2386,买盘
820,13:41:59,23.86,--,8,19088,买盘
821,13:41:44,23.86,-0.02,180,429480,卖盘
822,13:41:41,23.88,--,4,9552,卖盘
823,13:41:38,23.88,-0.02,19,45372,卖盘
824,13:41:35,23.9,0.02,3,7170,买盘
825,13:41:32,23.88,--,20,47760,卖盘
826,13:41:26,23.88,-0.02,3,7164,卖盘
827,13:41:20,23.9,--,5,11950,买盘
828,13:41:05,23.9,--,10,23900,买盘
829,13:40:56,23.9,0.02,8,19120,买盘
830,13:40:53,23.88,--,9,21492,卖盘
831,13:40:50,23.88,-0.02,2,4776,卖盘
832,13:40:47,23.9,0.02,3,7170,买盘
833,13:40:44,23.88,-0.02,2,4776,中性盘
834,13:40:23,23.9,--,6,14340,买盘
835,13:40:05,23.9,0.03,44,107263,卖盘
836,13:39:50,23.87,--,8,19382,买盘
837,13:39:47,23.87,-0.03,111,267057,卖盘
838,13:39:38,23.9,-0.02,1,2390,卖盘
839,13:39:35,23.92,0.02,8,19136,买盘
840,13:39:29,23.9,0.02,6,14340,买盘
841,13:39:17,23.88,-0.02,2,4776,卖盘
842,13:39:08,23.9,0.02,4,9560,买盘
843,13:39:05,23.88,--,1,2388,卖盘
844,13:39:02,23.88,-0.02,50,119400,卖盘
845,13:38:59,23.9,0.02,8,19120,买盘
846,13:38:53,23.88,--,7,16716,卖盘
847,13:38:50,23.88,--,1,2388,卖盘
848,13:38:44,23.88,0.01,22,54231,买盘
849,13:38:35,23.87,--,89,212443,卖盘
850,13:38:32,23.87,-0.01,2,4774,卖盘
851,13:38:23,23.88,0.01,1,2388,买盘
852,13:38:20,23.87,-0.01,2,4774,卖盘
853,13:38:17,23.88,-0.02,36,86660,卖盘
854,13:38:14,23.9,--,89,214406,买盘
855,13:37:53,23.9,0.01,5,11950,买盘
856,13:37:47,23.89,-0.01,1,2389,卖盘
857,13:37:32,23.9,-0.03,81,193590,卖盘
858,13:37:29,23.93,0.03,5,11965,买盘
859,13:37:26,23.9,--,2,4780,买盘
860,13:37:23,23.9,--,8,19120,卖盘
861,13:37:17,23.9,--,2,4780,卖盘
862,13:37:02,23.9,-0.03,300,717000,卖盘
863,13:36:32,23.93,0.02,1,2393,买盘
864,13:36:29,23.91,-0.02,13,31083,卖盘
865,13:35:59,23.93,-0.02,8,19144,买盘
866,13:35:38,23.95,0.05,14,33530,买盘
867,13:35:17,23.9,0.01,1,2390,买盘
868,13:35:02,23.89,--,7,16723,买盘
869,13:34:59,23.89,-0.01,33,78837,卖盘
870,13:34:53,23.9,--,1,2390,买盘
871,13:34:50,23.9,--,7,16730,买盘
872,13:34:41,23.9,0.01,4,9560,买盘
873,13:34:32,23.89,--,8,19112,卖盘
874,13:34:20,23.89,-0.01,1,2389,卖盘
875,13:34:14,23.9,-0.05,176,420640,卖盘
876,13:34:08,23.95,--,6,14370,买盘
877,13:33:56,23.95,0.02,5,11975,买盘
878,13:33:29,23.93,-0.02,7,16751,卖盘
879,13:33:11,23.95,0.01,8,19160,买盘
880,13:33:05,23.94,-0.01,2,4788,卖盘
881,13:33:02,23.95,-0.01,82,197036,卖盘
882,13:32:50,23.96,-0.01,34,81464,卖盘
883,13:32:41,23.97,0.01,4,9588,买盘
884,13:32:38,23.96,-0.01,2,4792,卖盘
885,13:32:32,23.97,--,16,38352,买盘
886,13:32:23,23.97,0.01,10,23970,买盘
887,13:32:08,23.96,--,48,116757,买盘
888,13:31:59,23.96,--,5,11980,买盘
889,13:31:53,23.96,--,80,191680,买盘
890,13:31:44,23.96,--,8,19168,买盘
891,13:31:41,23.96,--,93,223474,卖盘
892,13:31:32,23.96,-0.01,4,9584,卖盘
893,13:31:29,23.97,--,1,2397,买盘
894,13:31:14,23.97,--,10,23970,买盘
895,13:31:11,23.97,--,30,71910,买盘
896,13:30:53,23.97,--,17,40749,卖盘
897,13:30:47,23.97,--,7,16779,买盘
898,13:30:38,23.97,--,2,4794,买盘
899,13:30:32,23.97,--,5,11985,买盘
900,13:30:17,23.97,--,5,11985,买盘
901,13:30:11,23.97,0.01,10,23970,买盘
902,13:30:05,23.96,-0.01,3,7188,卖盘
903,13:30:02,23.97,-0.01,26,62322,卖盘
904,13:29:59,23.98,--,13,31174,买盘
905,13:29:32,23.98,--,18,43164,买盘
906,13:29:29,23.98,0.01,4,9592,买盘
907,13:29:26,23.97,-0.01,6,14382,卖盘
908,13:29:23,23.98,-0.01,54,129492,卖盘
909,13:29:20,23.99,0.01,24,57575,买盘
910,13:29:14,23.98,--,25,59950,卖盘
911,13:29:11,23.98,-0.01,15,35970,卖盘
912,13:29:02,23.99,--,1,2399,买盘
913,13:28:59,23.99,0.01,8,19192,买盘
914,13:28:53,23.98,-0.01,1,2398,卖盘
915,13:28:50,23.99,0.01,1,2399,买盘
916,13:28:44,23.98,-0.01,1,2398,卖盘
917,13:28:41,23.99,0.01,3,7196,买盘
918,13:28:38,23.98,-0.01,3,7194,卖盘
919,13:28:35,23.99,--,2,4798,买盘
920,13:28:29,23.99,--,2,4798,买盘
921,13:28:26,23.99,--,30,71970,买盘
922,13:28:20,23.99,-0.02,139,333461,卖盘
923,13:28:17,24.01,0.01,478,1147678,买盘
924,13:28:08,24.0,0.01,5,12000,买盘
925,13:28:05,23.99,--,2,4798,卖盘
926,13:28:02,23.99,--,25,59974,卖盘
927,13:27:53,23.99,--,49,117550,买盘
928,13:27:50,23.99,--,65,155935,买盘
929,13:27:47,23.99,--,66,158334,买盘
930,13:27:44,23.99,-0.01,22,52778,卖盘
931,13:27:32,24.0,--,1,2400,买盘
932,13:27:26,24.0,0.02,1,2400,买盘
933,13:27:08,23.98,-0.01,33,79134,卖盘
934,13:26:50,23.99,0.01,30,71970,中性盘
935,13:26:26,23.98,--,28,67144,买盘
936,13:26:20,23.98,-0.01,10,23980,卖盘
937,13:26:17,23.99,--,28,67172,买盘
938,13:26:14,23.99,0.01,1,2399,买盘
939,13:26:11,23.98,--,1,2398,卖盘
940,13:26:08,23.98,0.01,1,2398,中性盘
941,13:25:59,23.97,-0.03,18,43146,卖盘
942,13:25:56,24.0,0.02,22,52800,买盘
943,13:25:47,23.98,-0.01,2,4796,卖盘
944,13:25:44,23.99,--,9,21591,卖盘
945,13:25:35,23.99,--,10,23990,卖盘
946,13:25:28,23.99,-0.01,1,2399,中性盘
947,13:25:07,24.0,-0.02,36,86400,卖盘
948,13:25:04,24.02,0.01,203,487606,买盘
949,13:24:58,24.01,0.01,8,19208,买盘
950,13:24:55,24.0,--,1,2400,买盘
951,13:24:52,24.0,-0.01,9,21600,卖盘
952,13:24:49,24.01,--,38,91238,卖盘
953,13:24:43,24.01,--,501,1202901,卖盘
954,13:24:34,24.01,-0.01,6,14406,卖盘
955,13:24:31,24.02,0.01,4,9608,买盘
956,13:24:19,24.01,-0.01,5,12005,卖盘
957,13:24:10,24.02,0.01,38,91276,买盘
958,13:24:07,24.01,-0.01,10,24010,卖盘
959,13:24:04,24.02,0.01,4,9608,买盘
960,13:24:01,24.01,-0.01,16,38416,卖盘
961,13:23:55,24.02,0.01,5,12010,买盘
962,13:23:49,24.01,--,25,60025,卖盘
963,13:23:34,24.01,0.01,1,2401,卖盘
964,13:23:28,24.0,--,142,340800,买盘
965,13:23:25,24.0,--,2,4800,买盘
966,13:23:22,24.0,--,11,26400,买盘
967,13:23:19,24.0,--,10,24000,买盘
968,13:23:07,24.0,-0.01,85,204000,卖盘
969,13:23:04,24.01,0.01,16,38416,买盘
970,13:22:58,24.0,--,10,24000,卖盘
971,13:22:55,24.0,--,1,2400,卖盘
972,13:22:52,24.0,0.02,20,48000,买盘
973,13:22:49,23.98,-0.02,3,7194,中性盘
974,13:22:46,24.0,--,62,148800,买盘
975,13:22:40,24.0,--,5,12000,买盘
976,13:22:37,24.0,--,20,48000,买盘
977,13:22:31,24.0,0.02,8,19200,买盘
978,13:22:28,23.98,--,5,11990,卖盘
979,13:22:19,23.98,-0.02,45,107910,卖盘
980,13:22:13,24.0,0.02,252,604800,买盘
981,13:22:04,23.98,0.01,211,505978,买盘
982,13:21:58,23.97,0.01,7,16779,买盘
983,13:21:55,23.96,--,1,2396,卖盘
984,13:21:52,23.96,--,1,2396,卖盘
985,13:21:49,23.96,--,1,2396,卖盘
986,13:21:43,23.96,0.06,76,183845,买盘
987,13:21:40,23.9,-0.06,129,308310,卖盘
988,13:21:22,23.96,0.04,100,239600,买盘
989,13:21:10,23.92,-0.03,10,23920,卖盘
990,13:21:04,23.95,0.03,62,148490,买盘
991,13:20:55,23.92,--,9,21528,卖盘
992,13:20:49,23.92,-0.03,3,7176,卖盘
993,13:20:40,23.95,0.03,100,239500,买盘
994,13:20:34,23.92,--,50,119600,买盘
995,13:20:22,23.92,--,1,2392,买盘
996,13:20:16,23.92,0.01,30,71760,买盘
997,13:20:13,23.91,--,40,95640,卖盘
998,13:20:10,23.91,--,1,2391,卖盘
999,13:19:52,23.91,--,2,4782,卖盘
1000,13:19:49,23.91,--,22,52602,卖盘
1001,13:19:34,23.91,-0.02,7,16737,卖盘
1002,13:19:16,23.93,--,3,7179,买盘
1003,13:19:07,23.93,-0.01,3,7179,中性盘
1004,13:18:49,23.94,0.01,50,119700,买盘
1005,13:18:46,23.93,0.02,12,28716,买盘
1006,13:18:28,23.91,--,1,2391,卖盘
1007,13:18:22,23.91,--,3,7173,卖盘
1008,13:18:01,23.91,0.01,8,19128,买盘
1009,13:17:58,23.9,--,2,4780,买盘
1010,13:17:55,23.9,--,17,40630,卖盘
1011,13:17:49,23.9,--,1,2390,卖盘
1012,13:17:40,23.9,-0.01,22,52580,卖盘
1013,13:17:34,23.91,0.01,3,7173,买盘
1014,13:17:25,23.9,--,1,2390,卖盘
1015,13:17:10,23.9,-0.01,3,7170,卖盘
1016,13:17:01,23.91,-0.01,2,4782,买盘
1017,13:16:49,23.92,--,5,11960,卖盘
1018,13:16:46,23.92,0.01,55,131560,买盘
1019,13:16:43,23.91,--,5,11955,买盘
1020,13:16:34,23.91,--,26,62166,卖盘
1021,13:16:31,23.91,--,5,11955,买盘
1022,13:16:16,23.91,--,4,9564,买盘
1023,13:16:13,23.91,-0.03,87,208017,卖盘
1024,13:16:01,23.94,--,32,76608,买盘
1025,13:15:28,23.94,--,5,11970,买盘
1026,13:15:25,23.94,--,4,9576,买盘
1027,13:15:22,23.94,0.01,4,9576,买盘
1028,13:15:19,23.93,0.02,5,11965,买盘
1029,13:15:04,23.91,--,2,4782,买盘
1030,13:15:01,23.91,0.01,10,23910,买盘
1031,13:14:58,23.9,--,11,26290,卖盘
1032,13:14:52,23.9,-0.01,7,16730,卖盘
1033,13:14:40,23.91,-0.01,12,28692,卖盘
1034,13:14:31,23.92,--,10,23920,买盘
1035,13:14:13,23.92,0.01,22,52624,买盘
1036,13:14:10,23.91,--,11,26301,买盘
1037,13:14:07,23.91,--,52,124332,买盘
1038,13:14:01,23.91,--,20,47820,买盘
1039,13:13:55,23.91,-0.02,52,124332,卖盘
1040,13:13:40,23.93,0.02,12,28716,买盘
1041,13:13:31,23.91,--,3,7173,买盘
1042,13:13:25,23.91,--,7,16737,卖盘
1043,13:13:22,23.91,-0.02,20,47820,卖盘
1044,13:13:13,23.93,0.02,35,83755,买盘
1045,13:13:10,23.91,--,22,52602,卖盘
1046,13:13:04,23.91,-0.02,1,2391,卖盘
1047,13:13:01,23.93,--,8,19144,买盘
1048,13:12:49,23.93,--,19,45467,卖盘
1049,13:12:37,23.93,0.03,1,2393,中性盘
1050,13:12:31,23.9,-0.03,20,47800,卖盘
1051,13:12:25,23.93,0.03,1,2393,买盘
1052,13:12:16,23.9,--,4,9560,卖盘
1053,13:12:07,23.9,--,31,74329,买盘
1054,13:11:52,23.9,--,13,31069,买盘
1055,13:11:43,23.9,--,15,35850,买盘
1056,13:11:37,23.9,--,6,14340,买盘
1057,13:11:34,23.9,--,2,4780,买盘
1058,13:11:25,23.9,-0.03,134,322411,卖盘
1059,13:11:13,23.93,0.03,2,4786,买盘
1060,13:11:10,23.9,--,200,478000,卖盘
1061,13:11:01,23.9,-0.04,100,239000,卖盘
1062,13:10:52,23.94,--,13,31122,买盘
1063,13:10:46,23.94,0.01,20,47880,买盘
1064,13:10:31,23.93,--,2,4786,买盘
1065,13:10:19,23.93,--,4,9572,买盘
1066,13:10:16,23.93,-0.02,50,119650,中性盘
1067,13:09:46,23.95,--,20,47900,买盘
1068,13:09:43,23.95,--,20,47900,买盘
1069,13:09:40,23.95,--,5,11975,买盘
1070,13:09:16,23.95,0.05,3,7185,买盘
1071,13:09:10,23.9,--,2,4780,卖盘
1072,13:09:01,23.9,--,66,157740,卖盘
1073,13:08:55,23.9,--,126,301379,买盘
1074,13:08:49,23.9,--,128,307091,买盘
1075,13:08:40,23.9,--,1,2390,买盘
1076,13:08:34,23.9,-0.04,65,157501,卖盘
1077,13:08:22,23.94,--,5,11970,买盘
1078,13:08:16,23.94,--,10,23940,买盘
1079,13:08:01,23.94,-0.01,5,11970,中性盘
1080,13:07:52,23.95,0.04,5,11975,买盘
1081,13:07:31,23.91,--,0,1769,买盘
1082,13:07:22,23.91,--,19,45429,买盘
1083,13:07:10,23.91,--,1,2391,买盘
1084,13:06:55,23.91,0.01,2,4782,买盘
1085,13:06:46,23.9,--,9,22370,买盘
1086,13:06:34,23.9,--,4,9560,买盘
1087,13:06:21,23.9,--,1,2390,买盘
1088,13:06:18,23.9,0.01,5,11950,买盘
1089,13:06:03,23.89,-0.01,1,2389,卖盘
1090,13:06:00,23.9,--,12,30209,卖盘
1091,13:05:54,23.9,0.01,4,10420,买盘
1092,13:05:48,23.89,-0.01,8,19112,卖盘
1093,13:05:39,23.9,--,1,2390,买盘
1094,13:05:36,23.9,--,3,7170,买盘
1095,13:05:33,23.9,0.01,22,52580,买盘
1096,13:05:30,23.89,-0.01,1,2389,卖盘
1097,13:05:24,23.9,0.03,10,23900,买盘
1098,13:04:57,23.87,-0.03,40,95480,卖盘
1099,13:04:54,23.9,0.02,4,9560,买盘
1100,13:04:51,23.88,-0.02,1,2388,卖盘
1101,13:04:45,23.9,--,12,28680,买盘
1102,13:04:39,23.9,0.03,22,53153,买盘
1103,13:04:36,23.87,--,0,405,卖盘
1104,13:04:33,23.87,--,15,35805,买盘
1105,13:04:30,23.87,-0.01,5,11935,卖盘
1106,13:04:27,23.88,0.01,30,71640,买盘
1107,13:04:24,23.87,-0.01,5,11935,卖盘
1108,13:04:21,23.88,0.01,3,7164,买盘
1109,13:04:03,23.87,--,10,23870,买盘
1110,13:03:39,23.87,0.01,6,14322,买盘
1111,13:03:36,23.86,--,1,3268,卖盘
1112,13:03:30,23.86,-0.01,12,28632,卖盘
1113,13:03:21,23.87,--,1,2387,买盘
1114,13:03:18,23.87,0.01,10,23870,买盘
1115,13:03:12,23.86,-0.01,19,45334,卖盘
1116,13:03:00,23.87,-0.01,2,4774,中性盘
1117,13:02:51,23.88,0.01,33,78804,买盘
1118,13:02:48,23.87,--,2,4774,卖盘
1119,13:02:39,23.87,--,27,65308,买盘
1120,13:02:36,23.87,--,7,18236,卖盘
1121,13:02:33,23.87,--,3,8020,卖盘
1122,13:02:18,23.87,-0.01,20,47740,卖盘
1123,13:02:12,23.88,--,20,47760,买盘
1124,13:02:03,23.88,--,3,7164,买盘
1125,13:01:42,23.88,--,2,4776,买盘
1126,13:01:33,23.88,-0.02,21,51962,卖盘
1127,13:01:30,23.9,--,19,45410,买盘
1128,13:01:24,23.9,--,7,16730,买盘
1129,13:00:57,23.9,--,91,217490,买盘
1130,13:00:48,23.9,0.02,36,86040,买盘
1131,13:00:36,23.88,--,1,3271,卖盘
1132,13:00:21,23.88,--,25,59700,卖盘
1133,13:00:09,23.88,--,30,73717,买盘
1134,13:00:06,23.88,0.03,302,721176,买盘
1135,13:00:03,23.85,-0.01,342,816290,卖盘
1136,11:29:56,23.86,-0.01,14,33404,卖盘
1137,11:29:47,23.87,0.01,3,7161,买盘
1138,11:29:38,23.86,-0.02,7,17584,卖盘
1139,11:29:35,23.88,0.01,15,35820,买盘
1140,11:29:26,23.87,-0.01,1,2387,买盘
1141,11:29:20,23.88,0.01,30,71640,买盘
1142,11:29:17,23.87,--,18,45305,卖盘
1143,11:29:08,23.87,--,60,143220,卖盘
1144,11:28:53,23.87,-0.01,57,136059,卖盘
1145,11:28:50,23.88,--,4,9552,买盘
1146,11:28:41,23.88,--,10,23880,买盘
1147,11:28:38,23.88,--,25,59700,买盘
1148,11:28:35,23.88,-0.01,49,119161,卖盘
1149,11:28:23,23.89,0.01,16,38224,买盘
1150,11:28:17,23.88,0.01,36,86206,买盘
1151,11:28:08,23.87,--,18,43013,卖盘
1152,11:28:05,23.87,--,11,26257,卖盘
1153,11:28:02,23.87,--,9,21483,卖盘
1154,11:27:47,23.87,--,1,2387,买盘
1155,11:27:44,23.87,0.01,33,78771,中性盘
1156,11:27:41,23.86,--,13,31900,卖盘
1157,11:27:38,23.86,-0.01,3,7158,卖盘
1158,11:27:35,23.87,--,10,23870,买盘
1159,11:27:32,23.87,--,13,31031,买盘
1160,11:27:26,23.87,--,10,23870,买盘
1161,11:27:23,23.87,--,6,14322,买盘
1162,11:27:14,23.87,-0.01,111,264957,卖盘
1163,11:26:59,23.88,--,12,28656,买盘
1164,11:26:56,23.88,-0.01,57,138265,卖盘
1165,11:26:50,23.89,--,1,2389,买盘
1166,11:26:47,23.89,0.01,4,9556,买盘
1167,11:26:38,23.88,-0.01,1,3271,卖盘
1168,11:26:17,23.89,0.01,12,28668,买盘
1169,11:26:05,23.88,-0.01,8,19963,卖盘
1170,11:25:56,23.89,0.01,5,11945,买盘
1171,11:25:50,23.88,--,8,19104,卖盘
1172,11:25:41,23.88,-0.01,55,132223,卖盘
1173,11:25:31,23.89,--,3,7167,买盘
1174,11:25:25,23.89,--,5,11945,买盘
1175,11:25:07,23.89,--,47,113811,卖盘
1176,11:24:58,23.89,--,12,28668,卖盘
1177,11:24:40,23.89,-0.01,10,23890,卖盘
1178,11:24:37,23.9,0.01,3,7170,买盘
1179,11:24:34,23.89,-0.01,1,3249,卖盘
1180,11:24:28,23.9,--,20,47800,买盘
1181,11:24:16,23.9,-0.01,38,92349,卖盘
1182,11:24:13,23.91,--,10,23910,买盘
1183,11:23:58,23.91,--,19,46050,卖盘
1184,11:23:52,23.91,--,1,2391,卖盘
1185,11:23:49,23.91,--,61,145851,卖盘
1186,11:23:43,23.91,--,2,5666,卖盘
1187,11:23:31,23.91,-0.01,26,62166,卖盘
1188,11:23:28,23.92,--,2,4784,买盘
1189,11:23:19,23.92,--,10,23920,买盘
1190,11:23:16,23.92,--,67,160957,卖盘
1191,11:23:13,23.92,--,2,4784,卖盘
1192,11:23:10,23.92,-0.01,0,837,卖盘
1193,11:23:01,23.93,--,3,7179,卖盘
1194,11:22:46,23.93,0.01,36,86148,买盘
1195,11:22:43,23.92,--,25,59800,卖盘
1196,11:22:40,23.92,--,1,3253,卖盘
1197,11:22:28,23.92,-0.01,4,9568,中性盘
1198,11:22:22,23.93,0.02,2,4786,买盘
1199,11:22:16,23.91,--,23,54993,卖盘
1200,11:22:07,23.91,-0.02,25,59775,卖盘
1201,11:22:04,23.93,--,7,16751,买盘
1202,11:21:58,23.93,0.02,29,69397,中性盘
1203,11:21:40,23.91,--,1,3275,卖盘
1204,11:21:34,23.91,-0.02,10,23910,卖盘
1205,11:21:31,23.93,0.02,20,47860,买盘
1206,11:21:28,23.91,0.01,7,16737,中性盘
1207,11:21:16,23.9,-0.01,75,179250,卖盘
1208,11:20:55,23.91,0.01,3,7173,中性盘
1209,11:20:52,23.9,--,1,2390,卖盘
1210,11:20:40,23.9,--,1,3250,卖盘
1211,11:20:28,23.9,--,10,23900,卖盘
1212,11:20:22,23.9,-0.05,20,47800,卖盘
1213,11:20:19,23.95,0.05,6,14370,买盘
1214,11:20:13,23.9,--,16,38240,买盘
1215,11:20:01,23.9,--,7,16730,卖盘
1216,11:19:52,23.9,-0.05,105,250949,卖盘
1217,11:19:46,23.95,0.02,8,19160,买盘
1218,11:19:40,23.93,--,10,23930,卖盘
1219,11:19:37,23.93,--,16,38288,卖盘
1220,11:19:34,23.93,--,5,11965,卖盘
1221,11:19:25,23.93,-0.01,20,47860,卖盘
1222,11:19:16,23.94,-0.01,16,38304,中性盘
1223,11:19:07,23.95,0.02,1,2395,买盘
1224,11:19:01,23.93,-0.02,10,23930,卖盘
1225,11:18:55,23.95,--,1,2395,买盘
1226,11:18:43,23.95,--,5,11975,买盘
1227,11:18:40,23.95,--,7,16765,买盘
1228,11:18:34,23.95,-0.02,42,102122,卖盘
1229,11:18:31,23.97,0.02,59,141423,买盘
1230,11:18:25,23.95,-0.02,6,14370,卖盘
1231,11:18:22,23.97,--,23,55131,买盘
1232,11:18:13,23.97,--,2,4794,买盘
1233,11:18:10,23.97,--,94,225318,买盘
1234,11:18:04,23.97,--,23,55131,买盘
1235,11:18:01,23.97,--,33,79101,买盘
1236,11:17:55,23.97,-0.01,6,14382,中性盘
1237,11:17:37,23.98,0.03,6,14388,买盘
1238,11:17:34,23.95,-0.03,8,20022,卖盘
1239,11:17:25,23.98,0.03,13,31174,买盘
1240,11:17:22,23.95,--,34,81430,买盘
1241,11:17:16,23.95,--,15,35925,买盘
1242,11:17:01,23.95,0.05,8,19160,买盘
1243,11:16:40,23.9,--,1,3274,卖盘
1244,11:16:37,23.9,-0.05,40,95600,卖盘
1245,11:16:28,23.95,--,9,21555,买盘
1246,11:16:16,23.95,0.05,5,11975,买盘
1247,11:16:13,23.9,-0.03,2,4780,卖盘
1248,11:16:10,23.93,--,10,23930,买盘
1249,11:16:04,23.93,-0.02,10,23930,买盘
1250,11:15:58,23.95,0.05,7,16765,买盘
1251,11:15:52,23.9,--,2,5568,买盘
1252,11:15:49,23.9,--,2,4780,买盘
1253,11:15:37,23.9,-0.05,101,241461,卖盘
1254,11:15:34,23.95,0.05,15,35925,买盘
1255,11:15:28,23.9,-0.05,5,11950,卖盘
1256,11:15:25,23.95,--,1,2395,买盘
1257,11:15:22,23.95,--,9,21555,买盘
1258,11:15:13,23.95,0.05,332,795140,买盘
1259,11:15:04,23.9,0.04,68,164838,买盘
1260,11:14:55,23.86,0.02,1500,3579000,买盘
1261,11:14:40,23.84,-0.01,1,3266,卖盘
1262,11:14:37,23.85,--,7,16695,买盘
1263,11:14:28,23.85,--,35,83475,买盘
1264,11:14:19,23.85,0.02,5,11925,中性盘
1265,11:14:10,23.83,-0.02,80,190640,卖盘
1266,11:14:07,23.85,--,10,23850,卖盘
1267,11:13:55,23.85,-0.01,5,12807,买盘
1268,11:13:37,23.86,--,8,19088,买盘
1269,11:13:22,23.86,--,30,71580,买盘
1270,11:13:19,23.86,0.01,3,7158,买盘
1271,11:13:16,23.85,-0.01,2,4770,卖盘
1272,11:13:13,23.86,--,30,71580,买盘
1273,11:13:10,23.86,--,4,9544,买盘
1274,11:13:07,23.86,0.01,62,147932,买盘
1275,11:13:04,23.85,--,2,4770,卖盘
1276,11:12:58,23.85,-0.01,60,143100,卖盘
1277,11:12:52,23.86,--,5,11930,买盘
1278,11:12:40,23.86,0.01,16,39058,买盘
1279,11:12:25,23.85,--,4,9540,卖盘
1280,11:12:22,23.85,--,10,23850,卖盘
1281,11:12:16,23.85,0.01,130,310240,买盘
1282,11:12:10,23.84,-0.01,10,25341,卖盘
1283,11:11:55,23.85,0.01,7,16695,中性盘
1284,11:11:40,23.84,0.01,6,15186,中性盘
1285,11:11:34,23.83,-0.02,34,81903,卖盘
1286,11:11:19,23.85,-0.01,5,13427,卖盘
1287,11:11:13,23.86,--,49,116914,买盘
1288,11:11:07,23.86,--,7,16702,买盘
1289,11:11:01,23.86,--,5,11930,买盘
1290,11:10:58,23.86,--,10,23860,买盘
1291,11:10:55,23.86,--,11,26246,买盘
1292,11:10:49,23.86,-0.01,15,35790,卖盘
1293,11:10:43,23.87,0.01,6,14322,买盘
1294,11:10:37,23.86,0.01,202,481972,买盘
1295,11:10:34,23.85,-0.01,1,3267,卖盘
1296,11:10:31,23.86,--,18,42948,买盘
1297,11:10:28,23.86,--,176,419936,买盘
1298,11:10:16,23.86,0.04,3,7158,买盘
1299,11:10:07,23.82,-0.04,6,14292,卖盘
1300,11:10:04,23.86,0.04,7,16702,买盘
1301,11:09:55,23.82,-0.04,10,23820,卖盘
1302,11:09:52,23.86,0.04,3,7158,买盘
1303,11:09:43,23.82,--,172,410561,买盘
1304,11:09:37,23.82,--,213,507366,买盘
1305,11:09:34,23.82,--,136,323952,买盘
1306,11:09:28,23.82,--,5,11910,买盘
1307,11:09:25,23.82,--,3,7146,买盘
1308,11:09:22,23.82,--,31,73842,买盘
1309,11:09:19,23.82,0.01,204,485928,买盘
1310,11:09:13,23.81,--,105,250005,卖盘
1311,11:09:10,23.81,--,38,90478,卖盘
1312,11:09:01,23.81,0.01,7,16667,买盘
1313,11:08:58,23.8,--,45,107100,买盘
1314,11:08:52,23.8,0.02,99,235620,买盘
1315,11:08:40,23.78,--,20,47560,卖盘
1316,11:08:37,23.78,-0.01,186,443211,卖盘
1317,11:08:31,23.79,--,116,275964,买盘
1318,11:08:28,23.79,--,53,126087,买盘
1319,11:08:25,23.79,0.01,10,23790,买盘
1320,11:08:22,23.78,-0.01,1,2378,卖盘
1321,11:08:19,23.79,0.01,31,73749,买盘
1322,11:08:13,23.78,--,7,16646,卖盘
1323,11:08:07,23.78,0.01,258,614403,买盘
1324,11:08:04,23.77,-0.01,36,87069,卖盘
1325,11:07:58,23.78,--,78,185484,买盘
1326,11:07:55,23.78,0.01,7,16646,买盘
1327,11:07:52,23.77,-0.01,5,11885,卖盘
1328,11:07:46,23.78,--,5,11890,买盘
1329,11:07:43,23.78,0.01,13,30914,买盘
1330,11:07:37,23.77,-0.01,1,3256,卖盘
1331,11:07:31,23.78,0.01,8,19024,买盘
1332,11:07:28,23.77,-0.01,70,166390,卖盘
1333,11:07:25,23.78,0.01,2,4756,买盘
1334,11:07:22,23.77,0.01,1,2377,卖盘
1335,11:07:16,23.76,-0.01,21,49896,卖盘
1336,11:07:13,23.77,--,26,62657,买盘
1337,11:07:10,23.77,--,3,7131,买盘
1338,11:07:07,23.77,-0.01,5,11885,买盘
1339,11:07:04,23.78,0.02,35,83230,买盘
1340,11:07:01,23.76,-0.03,222,527472,卖盘
1341,11:06:58,23.79,0.01,123,292617,买盘
1342,11:06:55,23.78,0.01,27,64206,买盘
1343,11:06:52,23.77,-0.01,17,40409,卖盘
1344,11:06:49,23.78,--,16,38048,买盘
1345,11:06:43,23.78,--,36,85608,买盘
1346,11:06:34,23.78,--,14,33292,买盘
1347,11:06:31,23.78,-0.01,37,87986,卖盘
1348,11:06:28,23.79,0.01,5,11895,买盘
1349,11:06:25,23.78,--,110,261580,卖盘
1350,11:06:22,23.78,--,20,47560,卖盘
1351,11:06:19,23.78,--,3,7134,卖盘
1352,11:06:16,23.78,--,38,90364,卖盘
1353,11:06:10,23.78,--,6,14268,买盘
1354,11:06:07,23.78,0.01,7,16646,买盘
1355,11:06:04,23.77,-0.01,17,40409,卖盘
1356,11:06:00,23.78,--,1,2378,买盘
1357,11:05:54,23.78,--,15,35670,卖盘
1358,11:05:48,23.78,-0.01,50,118900,卖盘
1359,11:05:45,23.79,--,5,11895,买盘
1360,11:05:42,23.79,--,8,19032,买盘
1361,11:05:36,23.79,-0.01,25,60426,卖盘
1362,11:05:21,23.8,0.01,67,159460,卖盘
1363,11:05:18,23.79,-0.02,20,47580,卖盘
1364,11:05:15,23.81,0.01,3,7143,买盘
1365,11:05:12,23.8,--,34,82348,买盘
1366,11:05:09,23.8,-0.02,31,74732,卖盘
1367,11:05:03,23.82,--,37,88134,买盘
1368,11:05:00,23.82,0.02,1,2382,买盘
1369,11:04:57,23.8,-0.02,100,238000,卖盘
1370,11:04:54,23.82,-0.03,5,11910,卖盘
1371,11:04:51,23.85,--,5,11925,买盘
1372,11:04:45,23.85,0.03,2,4770,买盘
1373,11:04:42,23.82,--,7,16674,卖盘
1374,11:04:39,23.82,-0.03,7,17555,卖盘
1375,11:04:33,23.85,--,1,2385,买盘
1376,11:04:30,23.85,-0.01,2,4770,买盘
1377,11:04:18,23.86,0.04,10,23860,买盘
1378,11:04:12,23.82,-0.04,4,9528,中性盘
1379,11:04:09,23.86,0.05,1,2386,买盘
1380,11:04:06,23.81,--,1,2381,卖盘
1381,11:04:03,23.81,--,18,42858,卖盘
1382,11:04:00,23.81,0.01,12,28572,卖盘
1383,11:03:45,23.8,-0.08,100,238000,卖盘
1384,11:03:39,23.88,0.02,12,28656,买盘
1385,11:03:36,23.86,0.06,6,15174,中性盘
1386,11:03:33,23.8,-0.08,10,23800,卖盘
1387,11:03:30,23.88,0.08,124,296112,买盘
1388,11:03:27,23.8,-0.08,255,606900,卖盘
1389,11:03:24,23.88,0.02,2,4776,买盘
1390,11:03:21,23.86,-0.02,6,14316,中性盘
1391,11:03:09,23.88,--,174,415512,买盘
1392,11:03:03,23.88,--,98,234024,买盘
1393,11:03:00,23.88,--,25,59700,买盘
1394,11:02:54,23.88,0.02,2,4776,买盘
1395,11:02:51,23.86,-0.02,1,2386,卖盘
1396,11:02:48,23.88,--,71,169548,买盘
1397,11:02:45,23.88,--,107,255516,买盘
1398,11:02:42,23.88,--,10,23880,买盘
1399,11:02:39,23.88,--,30,71640,买盘
1400,11:02:36,23.88,--,66,157608,买盘
1401,11:02:33,23.88,--,5,11940,买盘
1402,11:02:30,23.88,-0.01,1029,2457252,卖盘
1403,11:02:27,23.89,--,8,19112,买盘
1404,11:02:24,23.89,--,37,88393,买盘
1405,11:02:21,23.89,0.01,16,38224,买盘
1406,11:02:18,23.88,--,1,2388,卖盘
1407,11:02:03,23.88,--,237,565956,买盘
1408,11:02:00,23.88,--,15,35820,买盘
1409,11:01:57,23.88,--,3,7164,买盘
1410,11:01:54,23.88,--,10,23880,买盘
1411,11:01:48,23.88,--,218,520584,买盘
1412,11:01:45,23.88,--,13,31044,买盘
1413,11:01:42,23.88,--,21,50148,买盘
1414,11:01:39,23.88,--,54,128952,买盘
1415,11:01:36,23.88,--,539,1288015,买盘
1416,11:01:33,23.88,0.01,25,59700,买盘
1417,11:01:30,23.87,-0.01,43,102641,卖盘
1418,11:01:27,23.88,--,15,35820,买盘
1419,11:01:21,23.88,0.01,206,491928,买盘
1420,11:01:18,23.87,-0.01,122,291214,卖盘
1421,11:01:15,23.88,--,4,9552,买盘
1422,11:01:12,23.88,--,10,23880,买盘
1423,11:01:09,23.88,--,51,121788,买盘
1424,11:01:06,23.88,0.01,21,50148,买盘
1425,11:01:03,23.87,-0.01,12,28644,卖盘
1426,11:00:57,23.88,--,47,112236,买盘
1427,11:00:54,23.88,--,5,11940,买盘
1428,11:00:51,23.88,--,185,441780,买盘
1429,11:00:48,23.88,--,1,2388,买盘
1430,11:00:45,23.88,--,22,52536,买盘
1431,11:00:42,23.88,0.01,51,123626,买盘
1432,11:00:39,23.87,--,1,2387,卖盘
1433,11:00:36,23.87,--,25,59675,卖盘
1434,11:00:30,23.87,-0.01,1,3270,卖盘
1435,11:00:18,23.88,--,2,4776,买盘
1436,11:00:12,23.88,0.01,15,35820,买盘
1437,11:00:06,23.87,--,49,116963,卖盘
1438,11:00:03,23.87,--,4,9548,卖盘
1439,11:00:00,23.87,-0.01,4,9548,卖盘
1440,10:59:48,23.88,0.02,7,16716,买盘
1441,10:59:45,23.86,-0.02,1,2386,卖盘
1442,10:59:36,23.88,0.02,31,74887,买盘
1443,10:59:27,23.86,-0.01,5,11930,卖盘
1444,10:59:24,23.87,-0.01,21,50127,卖盘
1445,10:59:21,23.88,--,5,11940,买盘
1446,10:59:12,23.88,--,5,11940,买盘
1447,10:59:09,23.88,--,6,14328,买盘
1448,10:59:06,23.88,--,273,651924,卖盘
1449,10:59:03,23.88,--,45,107460,卖盘
1450,10:59:00,23.88,-0.01,12,28656,卖盘
1451,10:58:57,23.89,--,6,14334,买盘
1452,10:58:54,23.89,--,10,23890,买盘
1453,10:58:51,23.89,--,16,38224,买盘
1454,10:58:48,23.89,-0.01,67,160063,卖盘
1455,10:58:42,23.9,--,5,11950,买盘
1456,10:58:36,23.9,0.01,14,33460,买盘
1457,10:58:33,23.89,-0.01,6,14334,卖盘
1458,10:58:30,23.9,-0.05,848,2026791,卖盘
1459,10:58:27,23.95,0.01,5,11975,买盘
1460,10:58:24,23.94,-0.01,20,47880,卖盘
1461,10:58:21,23.95,--,15,35925,买盘
1462,10:58:15,23.95,--,5,11975,买盘
1463,10:58:12,23.95,--,2,4790,买盘
1464,10:58:09,23.95,--,6,14370,买盘
1465,10:58:06,23.95,--,16,39852,卖盘
1466,10:57:57,23.95,--,12,28740,卖盘
1467,10:57:45,23.95,--,13,31997,买盘
1468,10:57:39,23.95,--,36,87752,卖盘
1469,10:57:30,23.95,--,1,3257,卖盘
1470,10:57:21,23.95,0.01,3,7185,买盘
1471,10:57:18,23.94,--,5,11970,卖盘
1472,10:57:15,23.94,-0.01,5,11970,卖盘
1473,10:57:12,23.95,0.01,7,16765,买盘
1474,10:57:06,23.94,--,17,40698,卖盘
1475,10:57:03,23.94,--,5,11970,卖盘
1476,10:57:00,23.94,-0.01,1,2394,卖盘
1477,10:56:57,23.95,0.01,11,26345,买盘
1478,10:56:54,23.94,--,1,2394,卖盘
1479,10:56:51,23.94,-0.01,8,20899,中性盘
1480,10:56:42,23.95,0.01,46,110170,买盘
1481,10:56:33,23.94,-0.01,15,37418,卖盘
1482,10:56:27,23.95,--,13,31135,买盘
1483,10:56:24,23.95,0.01,10,23950,买盘
1484,10:56:21,23.94,-0.01,5,11970,卖盘
1485,10:56:18,23.95,--,2,4790,买盘
1486,10:56:15,23.95,--,174,418262,卖盘
1487,10:56:09,23.95,-0.01,30,71850,卖盘
1488,10:56:06,23.96,0.01,11,26356,买盘
1489,10:56:03,23.95,-0.01,17,40715,卖盘
1490,10:55:57,23.96,--,54,129384,买盘
1491,10:55:54,23.96,--,96,230016,买盘
1492,10:55:48,23.96,0.01,6,14376,买盘
1493,10:55:45,23.95,--,4,9580,卖盘
1494,10:55:42,23.95,--,35,83825,卖盘
1495,10:55:33,23.95,--,19,47253,买盘
1496,10:55:27,23.95,--,4,9580,买盘
1497,10:55:24,23.95,--,111,265845,买盘
1498,10:55:18,23.95,--,10,23950,买盘
1499,10:55:15,23.95,--,21,50295,买盘
1500,10:55:12,23.95,0.02,5,11975,买盘
1501,10:55:06,23.93,-0.01,18,43074,卖盘
1502,10:55:00,23.94,-0.01,20,47880,卖盘
1503,10:54:57,23.95,0.02,10,23950,买盘
1504,10:54:51,23.93,-0.02,3,7179,卖盘
1505,10:54:48,23.95,--,10,23950,买盘
1506,10:54:42,23.95,--,36,87752,卖盘
1507,10:54:39,23.95,--,1,2395,卖盘
1508,10:54:36,23.95,--,1,3257,卖盘
1509,10:54:30,23.95,0.05,26,62270,中性盘
1510,10:54:21,23.9,-0.06,651,1557993,卖盘
1511,10:54:12,23.96,0.01,2,4792,买盘
1512,10:54:09,23.95,-0.01,10,23950,卖盘
1513,10:54:06,23.96,--,68,162928,卖盘
1514,10:54:03,23.96,--,22,52712,卖盘
1515,10:54:00,23.96,-0.01,3,7188,卖盘
1516,10:53:54,23.97,--,5,11985,买盘
1517,10:53:51,23.97,0.01,15,35955,买盘
1518,10:53:48,23.96,0.01,2,4792,买盘
1519,10:53:45,23.95,-0.02,32,76640,卖盘
1520,10:53:39,23.97,--,5,11985,卖盘
1521,10:53:36,23.97,--,47,112659,卖盘
1522,10:53:33,23.97,--,1,3259,卖盘
1523,10:53:30,23.97,--,20,47940,卖盘
1524,10:53:27,23.97,--,7,16779,卖盘
1525,10:53:21,23.97,0.02,12,28764,买盘
1526,10:53:18,23.95,-0.02,24,57480,卖盘
1527,10:53:15,23.97,-0.01,3,7191,卖盘
1528,10:53:12,23.98,0.01,20,47960,买盘
1529,10:53:03,23.97,-0.01,17,40749,卖盘
1530,10:52:57,23.98,-0.01,138,332458,卖盘
1531,10:52:54,23.99,0.01,13,32050,买盘
1532,10:52:51,23.98,--,27,64746,卖盘
1533,10:52:48,23.98,-0.01,13,31174,卖盘
1534,10:52:42,23.99,0.01,2,4798,买盘
1535,10:52:39,23.98,-0.01,41,98318,卖盘
1536,10:52:36,23.99,0.01,1,2399,买盘
1537,10:52:33,23.98,--,8,19184,卖盘
1538,10:52:24,23.98,-0.01,3,7194,卖盘
1539,10:52:21,23.99,-0.01,1,2399,卖盘
1540,10:52:18,24.0,-0.02,1057,2537088,卖盘
1541,10:52:09,24.02,0.02,12,28824,买盘
1542,10:52:06,24.0,--,17,40800,卖盘
1543,10:52:03,24.0,--,110,264000,卖盘
1544,10:51:57,24.0,-0.02,301,722400,卖盘
1545,10:51:54,24.02,--,5,12010,卖盘
1546,10:51:51,24.02,--,1,2402,卖盘
1547,10:51:48,24.02,-0.03,1,2402,卖盘
1548,10:51:42,24.05,0.03,13,31265,买盘
1549,10:51:39,24.02,-0.03,200,480400,卖盘
1550,10:51:30,24.05,0.02,10,24915,中性盘
1551,10:51:21,24.03,-0.02,270,648810,卖盘
1552,10:51:18,24.05,--,2,4810,卖盘
1553,10:51:12,24.05,--,151,363996,买盘
1554,10:51:09,24.05,0.01,6,14430,买盘
1555,10:51:06,24.04,-0.01,27,64908,卖盘
1556,10:51:03,24.05,--,2,4810,买盘
1557,10:51:00,24.05,0.01,40,96200,买盘
1558,10:50:57,24.04,-0.01,13,31252,卖盘
1559,10:50:51,24.05,--,3,7215,买盘
1560,10:50:45,24.05,--,2,4810,买盘
1561,10:50:39,24.05,--,6,14430,买盘
1562,10:50:36,24.05,0.01,6,15295,买盘
1563,10:50:33,24.04,-0.02,43,103852,卖盘
1564,10:50:24,24.06,--,36,86616,买盘
1565,10:50:21,24.06,--,5,12030,买盘
1566,10:50:09,24.06,0.02,29,69774,中性盘
1567,10:49:51,24.04,-0.03,1,2404,卖盘
1568,10:49:48,24.07,0.04,9,21663,买盘
1569,10:49:33,24.03,-0.05,17,41716,卖盘
1570,10:49:30,24.08,--,3,7223,买盘
1571,10:49:24,24.08,--,10,24080,买盘
1572,10:49:21,24.08,--,10,24080,买盘
1573,10:49:18,24.08,0.05,10,24080,中性盘
1574,10:49:06,24.03,0.01,33,79299,买盘
1575,10:48:57,24.02,--,4,9608,卖盘
1576,10:48:51,24.02,--,22,54309,买盘
1577,10:48:48,24.02,-0.09,27,65790,卖盘
1578,10:48:45,24.11,0.09,3,7233,买盘
1579,10:48:36,24.02,-0.01,408,980016,卖盘
1580,10:48:33,24.03,-0.07,16,39313,卖盘
1581,10:48:27,24.1,0.07,8,19280,买盘
1582,10:48:18,24.03,--,97,233691,买盘
1583,10:48:15,24.03,--,37,88911,买盘
1584,10:48:09,24.03,--,3,7209,买盘
1585,10:48:06,24.03,--,67,161001,买盘
1586,10:48:03,24.03,--,26,62478,买盘
1587,10:48:00,24.03,--,1,2403,买盘
1588,10:47:57,24.03,-0.03,285,686657,卖盘
1589,10:47:54,24.06,--,3,7218,买盘
1590,10:47:51,24.06,0.01,1,2406,买盘
1591,10:47:39,24.05,--,122,294011,买盘
1592,10:47:36,24.05,0.01,31,75420,买盘
1593,10:47:24,24.04,--,20,48080,卖盘
1594,10:47:18,24.04,--,42,100968,买盘
1595,10:47:15,24.04,--,55,132220,买盘
1596,10:47:12,24.04,--,1,2404,买盘
1597,10:47:06,24.04,--,19,45676,买盘
1598,10:47:03,24.04,--,261,627444,买盘
1599,10:46:57,24.04,-0.01,36,86544,买盘
1600,10:46:54,24.05,0.01,1020,2453100,买盘
1601,10:46:51,24.04,--,8,19232,卖盘
1602,10:46:48,24.04,-0.01,2,4808,卖盘
1603,10:46:45,24.05,--,20,48100,买盘
1604,10:46:42,24.05,--,20,48100,买盘
1605,10:46:39,24.05,--,35,84175,买盘
1606,10:46:36,24.05,--,2,4810,买盘
1607,10:46:27,24.05,--,5,12025,买盘
1608,10:46:24,24.05,-0.02,296,712072,卖盘
1609,10:46:18,24.07,--,1,2407,买盘
1610,10:46:12,24.07,-0.05,739,1779783,卖盘
1611,10:46:09,24.12,0.02,1,2412,买盘
1612,10:46:06,24.1,-0.01,500,1205000,卖盘
1613,10:46:03,24.11,-0.01,17,40987,卖盘
1614,10:46:00,24.12,0.01,30,72360,买盘
1615,10:45:57,24.11,--,8,19288,卖盘
1616,10:45:51,24.11,--,18,43398,卖盘
1617,10:45:45,24.11,-0.01,51,122961,卖盘
1618,10:45:42,24.12,-0.01,21,50652,中性盘
1619,10:45:30,24.13,--,200,482600,买盘
1620,10:45:23,24.13,--,10,24130,买盘
1621,10:45:17,24.13,--,10,24130,卖盘
1622,10:45:11,24.13,--,1,2413,卖盘
1623,10:45:08,24.13,--,50,120650,卖盘
1624,10:45:02,24.13,--,17,41021,卖盘
1625,10:44:56,24.13,--,6,14478,卖盘
1626,10:44:53,24.13,-0.01,33,79629,卖盘
1627,10:44:50,24.14,--,10,24140,买盘
1628,10:44:44,24.14,--,89,216415,卖盘
1629,10:44:41,24.14,--,1,2414,卖盘
1630,10:44:29,24.14,-0.02,1,3258,卖盘
1631,10:44:14,24.16,0.02,9,21744,买盘
1632,10:44:11,24.14,-0.01,1,2414,卖盘
1633,10:44:08,24.15,--,0,2197,卖盘
1634,10:44:02,24.15,--,21,51656,卖盘
1635,10:43:53,24.15,--,17,41055,卖盘
1636,10:43:50,24.15,--,2,4830,卖盘
1637,10:43:44,24.15,-0.01,5,12075,卖盘
1638,10:43:41,24.16,-0.01,5,12080,中性盘
1639,10:43:38,24.17,0.02,4,9668,买盘
1640,10:43:35,24.15,-0.01,102,246330,卖盘
1641,10:43:32,24.16,--,2,4832,卖盘
1642,10:43:29,24.16,-0.01,3,8093,卖盘
1643,10:43:26,24.17,0.01,9,21753,买盘
1644,10:43:20,24.16,--,85,205360,卖盘
1645,10:43:17,24.16,--,20,48320,卖盘
1646,10:43:14,24.16,--,4,9664,卖盘
1647,10:43:05,24.16,-0.01,17,41072,卖盘
1648,10:42:56,24.17,--,5,12085,买盘
1649,10:42:53,24.17,-0.01,24,59941,卖盘
1650,10:42:41,24.18,-0.01,2,4836,中性盘
1651,10:42:35,24.19,0.02,20,48380,买盘
1652,10:42:32,24.17,-0.02,1,3262,卖盘
1653,10:42:29,24.19,0.02,10,24190,买盘
1654,10:42:05,24.17,-0.02,17,41089,卖盘
1655,10:42:02,24.19,--,2,4838,买盘
1656,10:41:59,24.19,0.02,11,26609,买盘
1657,10:41:29,24.17,--,1,3262,卖盘
1658,10:41:23,24.17,--,1,2417,卖盘
1659,10:41:20,24.17,--,2,4834,卖盘
1660,10:41:14,24.17,--,2,4834,卖盘
1661,10:41:05,24.17,-0.01,19,45923,卖盘
1662,10:40:56,24.18,--,9,23333,卖盘
1663,10:40:38,24.18,--,0,846,买盘
1664,10:40:26,24.18,--,1,2418,卖盘
1665,10:40:20,24.18,--,10,24180,卖盘
1666,10:40:08,24.18,--,12,29016,买盘
1667,10:40:05,24.18,--,5,12090,卖盘
1668,10:40:02,24.18,0.01,3,7254,中性盘
1669,10:39:29,24.17,--,1,3262,卖盘
1670,10:39:14,24.17,--,8,19336,卖盘
1671,10:39:11,24.17,--,1,2417,卖盘
1672,10:39:02,24.17,-0.03,5,12085,卖盘
1673,10:38:50,24.2,0.01,145,350900,买盘
1674,10:38:38,24.19,0.01,19,45961,买盘
1675,10:38:35,24.18,--,2,4836,卖盘
1676,10:38:29,24.18,0.01,1,4352,买盘
1677,10:38:20,24.17,-0.01,80,193360,卖盘
1678,10:38:05,24.18,0.01,192,464256,买盘
1679,10:37:53,24.17,--,1,2417,卖盘
1680,10:37:47,24.17,--,2,4834,卖盘
1681,10:37:38,24.17,--,30,72510,卖盘
1682,10:37:32,24.17,--,3,8096,卖盘
1683,10:37:23,24.17,0.01,2,4834,中性盘
1684,10:37:11,24.16,-0.02,2,4832,卖盘
1685,10:37:08,24.18,0.02,19,45942,买盘
1686,10:37:02,24.16,--,24,57984,卖盘
1687,10:36:56,24.16,--,2,4832,卖盘
1688,10:36:53,24.16,--,2,4832,卖盘
1689,10:36:50,24.16,--,31,74896,卖盘
1690,10:36:47,24.16,--,100,241600,卖盘
1691,10:36:41,24.16,--,25,60400,卖盘
1692,10:36:32,24.16,--,1,3261,卖盘
1693,10:36:26,24.16,--,22,53152,卖盘
1694,10:36:20,24.16,--,24,57984,卖盘
1695,10:36:17,24.16,--,2,4832,卖盘
1696,10:36:02,24.16,-0.02,17,41072,卖盘
1697,10:35:56,24.18,0.02,52,125736,买盘
1698,10:35:53,24.16,--,16,38656,卖盘
1699,10:35:47,24.16,-0.02,5,12080,卖盘
1700,10:35:38,24.18,--,1,2418,买盘
1701,10:35:35,24.18,0.02,65,157170,买盘
1702,10:35:29,24.16,-0.01,2,4832,卖盘
1703,10:35:26,24.17,-0.01,55,132935,卖盘
1704,10:35:23,24.18,0.01,54,130572,买盘
1705,10:35:14,24.17,-0.01,23,55591,卖盘
1706,10:35:11,24.18,0.01,65,157170,买盘
1707,10:35:08,24.17,-0.01,17,41089,卖盘
1708,10:34:50,24.18,0.01,10,24180,买盘
1709,10:34:38,24.17,-0.01,48,116016,卖盘
1710,10:34:35,24.18,--,4,9672,买盘
1711,10:34:23,24.18,--,69,166842,卖盘
1712,10:34:17,24.18,-0.01,1,2418,卖盘
1713,10:34:08,24.19,0.01,1,2419,买盘
1714,10:34:05,24.18,--,17,41106,卖盘
1715,10:33:56,24.18,0.01,147,355446,买盘
1716,10:33:53,24.17,-0.01,13,31421,卖盘
1717,10:33:41,24.18,-0.02,1,2418,中性盘
1718,10:33:35,24.2,0.02,12,29040,买盘
1719,10:33:26,24.18,-0.02,59,142662,卖盘
1720,10:33:14,24.2,0.02,10,24200,买盘
1721,10:33:11,24.18,0.01,1,2418,卖盘
1722,10:33:05,24.17,-0.03,17,41089,卖盘
1723,10:32:47,24.2,0.02,2,4840,买盘
1724,10:32:44,24.18,0.01,1,2418,买盘
1725,10:32:35,24.17,-0.01,1,2417,卖盘
1726,10:32:23,24.18,-0.01,11,26598,中性盘
1727,10:32:05,24.19,--,42,101598,买盘
1728,10:31:59,24.19,--,30,72570,买盘
1729,10:31:47,24.19,--,10,24190,买盘
1730,10:31:44,24.19,0.03,67,162073,买盘
1731,10:31:38,24.16,-0.01,53,129280,卖盘
1732,10:31:29,24.17,--,141,340917,中性盘
1733,10:31:26,24.17,--,28,67676,卖盘
1734,10:31:17,24.17,--,2,4834,卖盘
1735,10:31:14,24.17,0.01,120,290040,买盘
1736,10:31:05,24.16,--,17,41072,卖盘
1737,10:31:02,24.16,-0.01,20,48320,卖盘
1738,10:30:35,24.17,0.01,22,54309,买盘
1739,10:30:32,24.16,--,5,13360,卖盘
1740,10:30:29,24.16,-0.01,1,3261,卖盘
1741,10:30:23,24.17,--,80,193360,买盘
1742,10:30:08,24.17,0.01,4,9668,买盘
1743,10:30:05,24.16,-0.01,21,50736,卖盘
1744,10:29:53,24.17,--,2,4834,买盘
1745,10:29:26,24.17,--,20,48340,买盘
1746,10:29:23,24.17,--,10,24170,买盘
1747,10:29:20,24.17,-0.01,5,12085,卖盘
1748,10:29:08,24.18,0.01,20,48360,买盘
1749,10:29:05,24.17,--,17,41089,卖盘
1750,10:29:02,24.17,-0.01,1,2417,中性盘
1751,10:28:47,24.18,0.01,39,94302,买盘
1752,10:28:41,24.17,-0.01,2,4834,中性盘
1753,10:28:32,24.18,--,10,24180,买盘
1754,10:28:29,24.18,0.01,17,41106,买盘
1755,10:28:26,24.17,-0.01,163,393971,卖盘
1756,10:28:17,24.18,--,33,79794,买盘
1757,10:28:14,24.18,--,67,162006,买盘
1758,10:28:05,24.18,0.01,15,36270,买盘
1759,10:28:02,24.17,-0.01,45,108765,卖盘
1760,10:27:53,24.18,0.01,5,12090,买盘
1761,10:27:50,24.17,--,1,2417,卖盘
1762,10:27:47,24.17,-0.01,1,2417,卖盘
1763,10:27:35,24.18,--,1,3989,卖盘
1764,10:27:29,24.18,-0.01,1,3264,卖盘
1765,10:27:26,24.19,--,100,241900,买盘
1766,10:27:20,24.19,0.01,40,96760,买盘
1767,10:27:17,24.18,--,1,2418,卖盘
1768,10:27:05,24.18,-0.01,17,41106,卖盘
1769,10:26:56,24.19,--,3,7257,买盘
1770,10:26:53,24.19,--,5,12095,买盘
1771,10:26:47,24.19,--,5,12095,买盘
1772,10:26:44,24.19,-0.01,0,2298,卖盘
1773,10:26:35,24.2,0.01,4,9680,买盘
1774,10:26:29,24.19,--,34,82246,卖盘
1775,10:26:23,24.19,-0.01,1,3265,卖盘
1776,10:26:20,24.2,0.01,54,130680,买盘
1777,10:26:11,24.19,-0.01,2,4838,卖盘
1778,10:26:08,24.2,0.01,27,65340,买盘
1779,10:25:38,24.19,--,3,8950,买盘
1780,10:25:29,24.19,--,41,100751,卖盘
1781,10:25:17,24.19,--,7,17779,买盘
1782,10:25:14,24.19,--,1,2419,买盘
1783,10:25:11,24.19,--,1,2419,买盘
1784,10:25:05,24.19,-0.01,9,21771,卖盘
1785,10:24:59,24.2,0.01,40,96800,买盘
1786,10:24:53,24.19,-0.01,1,2419,卖盘
1787,10:24:50,24.2,--,30,72600,买盘
1788,10:24:47,24.2,--,14,33880,买盘
1789,10:24:31,24.2,--,3,7260,买盘
1790,10:24:25,24.2,--,32,77440,买盘
1791,10:24:13,24.2,0.04,7,16940,买盘
1792,10:24:07,24.16,-0.01,9,22033,卖盘
1793,10:24:04,24.17,-0.03,17,41089,卖盘
1794,10:23:52,24.2,0.03,2,4840,买盘
1795,10:23:46,24.17,-0.03,51,123267,中性盘
1796,10:23:40,24.2,--,2,4840,买盘
1797,10:23:37,24.2,0.03,231,559020,买盘
1798,10:23:31,24.17,--,8,20061,卖盘
1799,10:23:28,24.17,-0.02,32,77344,卖盘
1800,10:23:22,24.19,0.02,0,846,买盘
1801,10:23:13,24.17,--,1,3262,卖盘
1802,10:23:04,24.17,-0.02,17,41089,卖盘
1803,10:22:49,24.19,0.02,5,12095,买盘
1804,10:22:37,24.17,--,5,12085,买盘
1805,10:22:25,24.17,0.02,6,15347,买盘
1806,10:22:22,24.15,--,2,4830,卖盘
1807,10:22:13,24.15,-0.02,87,210105,买盘
1808,10:22:04,24.17,-0.02,75,181275,卖盘
1809,10:21:55,24.19,--,7,16933,买盘
1810,10:21:52,24.19,--,7,16933,买盘
1811,10:21:43,24.19,0.08,1,2419,买盘
1812,10:21:40,24.11,-0.05,307,740177,卖盘
1813,10:21:34,24.16,-0.03,2,4832,卖盘
1814,10:21:28,24.19,0.03,12,29874,买盘
1815,10:21:25,24.16,-0.01,3,7248,卖盘
1816,10:21:22,24.17,--,5,12085,买盘
1817,10:21:10,24.17,--,1,2417,买盘
1818,10:21:04,24.17,-0.03,1,3988,卖盘
1819,10:20:55,24.2,--,20,48400,买盘
1820,10:20:25,24.2,0.03,11,27467,买盘
1821,10:20:19,24.17,--,2,4834,买盘
1822,10:20:16,24.17,-0.03,3,7251,卖盘
1823,10:20:07,24.2,0.03,201,486420,买盘
1824,10:20:04,24.17,-0.04,17,41089,中性盘
1825,10:19:49,24.21,--,3,9466,卖盘
1826,10:19:43,24.21,0.01,4,9901,买盘
1827,10:19:40,24.2,--,0,1476,卖盘
1828,10:19:37,24.2,-0.01,0,1669,卖盘
1829,10:19:31,24.21,0.01,8,19368,买盘
1830,10:19:28,24.2,--,1,3267,卖盘
1831,10:19:10,24.2,0.05,0,847,买盘
1832,10:19:07,24.15,--,1,2415,卖盘
1833,10:19:04,24.15,-0.05,20,48300,卖盘
1834,10:18:58,24.2,0.05,79,191180,买盘
1835,10:18:55,24.15,-0.05,13,31394,卖盘
1836,10:18:49,24.2,--,20,49973,卖盘
1837,10:18:43,24.2,--,2,4840,卖盘
1838,10:18:31,24.2,0.05,7,17787,买盘
1839,10:18:22,24.15,-0.05,1,3260,卖盘
1840,10:18:13,24.2,0.05,4,9680,买盘
1841,10:18:07,24.15,--,7,16905,买盘
1842,10:18:04,24.15,-0.05,10,24150,卖盘
1843,10:18:01,24.2,0.05,10,24200,买盘
1844,10:17:58,24.15,-0.05,1,2415,卖盘
1845,10:17:55,24.2,0.06,5,12100,买盘
1846,10:17:40,24.14,-0.02,149,361375,卖盘
1847,10:17:31,24.16,--,2,4832,卖盘
1848,10:17:19,24.16,-0.02,10,24160,卖盘
1849,10:17:13,24.18,-0.03,163,395705,卖盘
1850,10:17:10,24.21,0.01,10,24210,买盘
1851,10:17:07,24.2,--,6,14520,卖盘
1852,10:17:04,24.2,-0.01,17,41140,卖盘
1853,10:16:58,24.21,--,20,49146,卖盘
1854,10:16:52,24.21,--,10,24210,卖盘
1855,10:16:43,24.21,--,3,7263,卖盘
1856,10:16:37,24.21,--,4,9684,卖盘
1857,10:16:31,24.21,--,2,4842,卖盘
1858,10:16:28,24.21,--,100,242100,卖盘
1859,10:16:22,24.21,-0.01,100,242100,卖盘
1860,10:16:19,24.22,-0.01,22,53284,卖盘
1861,10:16:16,24.23,-0.01,1,3271,卖盘
1862,10:16:13,24.24,-0.01,1,2424,中性盘
1863,10:16:10,24.25,--,2,4850,买盘
1864,10:15:58,24.25,--,133,322525,卖盘
1865,10:15:52,24.25,--,30,72750,卖盘
1866,10:15:49,24.25,-0.02,1,2425,卖盘
1867,10:15:46,24.27,0.01,9,21843,买盘
1868,10:15:37,24.26,-0.01,2,5555,卖盘
1869,10:15:25,24.27,0.01,36,87372,买盘
1870,10:15:19,24.26,--,1,3250,卖盘
1871,10:15:16,24.26,-0.01,5,12130,卖盘
1872,10:15:04,24.27,-0.02,1,2427,卖盘
1873,10:14:58,24.29,-0.01,3,7287,买盘
1874,10:14:52,24.3,--,75,183829,卖盘
1875,10:14:49,24.3,0.03,237,576760,买盘
1876,10:14:46,24.27,-0.02,1,2427,卖盘
1877,10:14:43,24.29,-0.01,89,217759,卖盘
1878,10:14:40,24.3,--,1,2430,买盘
1879,10:14:34,24.3,0.01,20,48600,买盘
1880,10:14:25,24.29,--,100,242900,卖盘
1881,10:14:19,24.29,--,1,3279,卖盘
1882,10:14:13,24.29,0.02,2,4858,买盘
1883,10:14:04,24.27,0.01,38,92226,中性盘
1884,10:13:31,24.26,0.01,62,151309,买盘
1885,10:13:25,24.25,--,15,37975,卖盘
1886,10:13:16,24.25,--,1,3249,卖盘
1887,10:13:10,24.25,-0.01,1,2425,卖盘
1888,10:13:07,24.26,0.01,10,24260,买盘
1889,10:13:04,24.25,--,17,41225,卖盘
1890,10:12:52,24.25,0.02,15,37223,买盘
1891,10:12:46,24.23,-0.02,86,209952,卖盘
1892,10:12:34,24.25,--,1,2425,买盘
1893,10:12:28,24.25,0.02,5,12125,买盘
1894,10:12:25,24.23,--,7,16961,卖盘
1895,10:12:19,24.23,-0.02,1,3271,卖盘
1896,10:12:07,24.25,-0.01,96,234643,卖盘
1897,10:12:04,24.26,--,37,89762,买盘
1898,10:12:01,24.26,--,15,36390,买盘
1899,10:11:58,24.26,--,10,24260,买盘
1900,10:11:52,24.26,--,29,70354,买盘
1901,10:11:46,24.26,--,16,38816,买盘
1902,10:11:43,24.26,--,8,19408,买盘
1903,10:11:34,24.26,--,5,12130,买盘
1904,10:11:25,24.26,--,28,70281,卖盘
1905,10:11:22,24.26,-0.01,133,322658,卖盘
1906,10:11:16,24.27,-0.02,1,3252,中性盘
1907,10:11:10,24.29,0.01,16,38864,中性盘
1908,10:10:58,24.28,-0.01,105,254940,卖盘
1909,10:10:55,24.29,--,1,2429,卖盘
1910,10:10:52,24.29,0.01,3,8137,买盘
1911,10:10:49,24.28,--,200,485600,卖盘
1912,10:10:43,24.28,-0.01,10,24280,卖盘
1913,10:10:34,24.29,-0.03,108,263910,卖盘
1914,10:10:25,24.32,--,4,9728,买盘
1915,10:10:22,24.32,0.03,3,7296,买盘
1916,10:10:16,24.29,-0.03,1,3279,卖盘
1917,10:10:13,24.32,--,3,7296,买盘
1918,10:10:07,24.32,-0.03,2,5617,卖盘
1919,10:09:49,24.35,0.03,51,124185,买盘
1920,10:09:46,24.32,-0.02,10,24320,卖盘
1921,10:09:43,24.34,--,15,36510,卖盘
1922,10:09:34,24.34,0.01,53,129002,买盘
1923,10:09:31,24.33,0.01,4,9732,中性盘
1924,10:09:22,24.32,-0.01,5,12160,卖盘
1925,10:09:19,24.33,0.01,1,3260,中性盘
1926,10:09:07,24.32,-0.02,5,12160,卖盘
1927,10:09:04,24.34,-0.01,288,703060,卖盘
1928,10:09:01,24.35,0.01,37,90095,买盘
1929,10:08:46,24.34,0.02,185,450655,买盘
1930,10:08:40,24.32,0.02,45,110291,买盘
1931,10:08:37,24.3,-0.02,2,4860,中性盘
1932,10:08:28,24.32,0.02,50,121600,买盘
1933,10:08:13,24.3,-0.02,64,155520,卖盘
1934,10:08:10,24.32,0.06,1,2432,中性盘
1935,10:07:55,24.26,-0.06,60,145560,卖盘
1936,10:07:52,24.32,--,4,9728,卖盘
1937,10:07:49,24.32,--,49,119994,买盘
1938,10:07:46,24.32,0.05,72,175104,买盘
1939,10:07:31,24.27,-0.03,3,7281,卖盘
1940,10:07:25,24.3,0.02,38,92340,卖盘
1941,10:07:22,24.28,--,202,490456,买盘
1942,10:07:19,24.28,--,37,91414,卖盘
1943,10:07:16,24.28,-0.02,1,3277,卖盘
1944,10:07:10,24.3,--,60,145800,买盘
1945,10:07:04,24.3,-0.02,3,7290,卖盘
1946,10:06:55,24.32,0.01,20,48640,买盘
1947,10:06:46,24.31,--,3,8897,卖盘
1948,10:06:43,24.31,-0.01,2,4862,卖盘
1949,10:06:40,24.32,--,30,72960,卖盘
1950,10:06:31,24.32,--,2,4864,卖盘
1951,10:06:28,24.32,--,4,9728,买盘
1952,10:06:25,24.32,--,6,14592,买盘
1953,10:06:19,24.32,-0.01,7,17850,买盘
1954,10:06:16,24.33,--,4,9732,买盘
1955,10:06:13,24.33,--,6,14597,买盘
1956,10:06:10,24.33,--,37,90021,买盘
1957,10:06:07,24.33,--,83,201939,买盘
1958,10:05:52,24.33,0.02,222,540126,买盘
1959,10:05:49,24.31,--,30,72930,买盘
1960,10:05:46,24.31,0.01,37,89995,买盘
1961,10:05:43,24.3,0.04,50,123881,买盘
1962,10:05:40,24.26,-0.04,5,12130,卖盘
1963,10:05:37,24.3,--,100,243000,买盘
1964,10:05:34,24.3,--,2,4860,买盘
1965,10:05:31,24.3,--,32,77760,买盘
1966,10:05:28,24.3,--,8,19440,买盘
1967,10:05:22,24.3,0.05,12,29160,买盘
1968,10:05:19,24.25,-0.05,1,3273,卖盘
1969,10:05:16,24.3,0.05,5,12150,买盘
1970,10:05:04,24.25,0.01,39,96733,买盘
1971,10:04:58,24.24,--,5,12120,买盘
1972,10:04:55,24.24,-0.01,10,24240,中性盘
1973,10:04:49,24.25,--,33,80025,买盘
1974,10:04:46,24.25,0.03,20,48500,买盘
1975,10:04:40,24.22,-0.02,10,24220,卖盘
1976,10:04:37,24.24,--,19,46056,买盘
1977,10:04:34,24.24,0.02,17,41208,买盘
1978,10:04:31,24.22,--,32,77504,买盘
1979,10:04:28,24.22,0.02,201,486822,买盘
1980,10:04:12,24.2,--,177,429913,买盘
1981,10:04:09,24.2,--,50,121000,买盘
1982,10:04:06,24.2,--,10,24200,买盘
1983,10:04:03,24.2,--,15,36300,买盘
1984,10:04:00,24.2,0.03,212,513040,买盘
1985,10:03:54,24.17,-0.02,126,304542,卖盘
1986,10:03:51,24.19,0.02,20,48380,买盘
1987,10:03:39,24.17,0.04,56,135352,买盘
1988,10:03:36,24.13,-0.02,162,392957,卖盘
1989,10:03:33,24.15,--,2,4830,买盘
1990,10:03:30,24.15,--,30,72450,买盘
1991,10:03:27,24.15,--,104,251159,买盘
1992,10:03:21,24.15,0.02,87,210105,买盘
1993,10:03:15,24.13,-0.02,1,3257,卖盘
1994,10:03:12,24.15,0.02,2,4830,买盘
1995,10:03:09,24.13,0.01,3,8952,买盘
1996,10:03:00,24.12,-0.01,41,100435,卖盘
1997,10:02:51,24.13,--,51,123063,买盘
1998,10:02:45,24.13,0.01,3,7239,买盘
1999,10:02:36,24.12,--,2,4824,卖盘
2000,10:02:30,24.12,--,25,61168,买盘
2001,10:02:27,24.12,--,1,2412,买盘
2002,10:02:18,24.12,--,2,4824,买盘
2003,10:02:15,24.12,0.02,1,2412,买盘
2004,10:02:09,24.1,-0.03,122,294020,卖盘
2005,10:02:06,24.13,0.01,10,24130,买盘
2006,10:01:57,24.12,--,5,12060,卖盘
2007,10:01:54,24.12,--,1,2412,卖盘
2008,10:01:45,24.12,--,52,126437,买盘
2009,10:01:39,24.12,0.02,72,173664,买盘
2010,10:01:27,24.1,-0.01,20,48200,卖盘
2011,10:01:21,24.11,0.01,15,37370,买盘
2012,10:01:12,24.1,-0.01,2,5663,卖盘
2013,10:01:09,24.11,--,1,2411,买盘
2014,10:01:06,24.11,-0.01,12,28932,买盘
2015,10:01:03,24.12,--,36,88230,卖盘
2016,10:00:57,24.12,-0.01,1,2412,卖盘
2017,10:00:48,24.13,--,33,81197,卖盘
2018,10:00:42,24.13,--,10,24130,卖盘
2019,10:00:30,24.13,--,1,2413,卖盘
2020,10:00:21,24.13,--,104,250952,卖盘
2021,10:00:15,24.13,-0.03,21,51517,卖盘
2022,10:00:06,24.16,0.02,40,96640,买盘
2023,10:00:03,24.14,-0.02,2,4828,卖盘
2024,09:59:54,24.16,--,20,48320,买盘
2025,09:59:51,24.16,--,3,7248,买盘
2026,09:59:45,24.16,0.04,1,2416,买盘
2027,09:59:39,24.12,-0.04,120,289440,卖盘
2028,09:59:33,24.16,--,46,112706,卖盘
2029,09:59:27,24.16,0.01,423,1022813,买盘
2030,09:59:21,24.15,0.02,26,62789,买盘
2031,09:59:18,24.13,--,16,38608,卖盘
2032,09:59:15,24.13,--,1,3257,卖盘
2033,09:59:03,24.13,-0.02,189,456057,卖盘
2034,09:59:00,24.15,-0.01,27,66774,卖盘
2035,09:58:51,24.16,0.01,23,56413,买盘
2036,09:58:48,24.15,--,19,46730,买盘
2037,09:58:45,24.15,--,30,74019,卖盘
2038,09:58:39,24.15,-0.01,2,4830,卖盘
2039,09:58:30,24.16,0.01,100,241600,买盘
2040,09:58:27,24.15,-0.01,23,55545,卖盘
2041,09:58:24,24.16,-0.01,105,255250,卖盘
2042,09:58:21,24.17,0.01,28,67676,买盘
2043,09:58:15,24.16,--,24,58829,卖盘
2044,09:58:12,24.16,--,22,53152,卖盘
2045,09:58:09,24.16,0.01,42,101472,买盘
2046,09:58:06,24.15,-0.01,10,24150,卖盘
2047,09:57:42,24.16,-0.01,39,94224,卖盘
2048,09:57:39,24.17,0.01,3,7251,买盘
2049,09:57:27,24.16,--,18,43488,卖盘
2050,09:57:15,24.16,--,17,41072,买盘
2051,09:57:12,24.16,0.01,4,9664,买盘
2052,09:57:09,24.15,--,1,3260,卖盘
2053,09:57:03,24.15,--,3,7245,买盘
2054,09:56:54,24.15,0.01,6,14490,中性盘
2055,09:56:36,24.14,-0.01,10,24140,卖盘
2056,09:56:33,24.15,--,10,24150,卖盘
2057,09:56:30,24.15,0.02,11,26565,买盘
2058,09:56:21,24.13,--,1,4150,买盘
2059,09:56:18,24.13,--,155,374690,卖盘
2060,09:56:12,24.13,-0.02,1,3281,卖盘
2061,09:56:03,24.15,0.02,14,33810,买盘
2062,09:56:00,24.13,0.03,125,301625,中性盘
2063,09:55:54,24.1,-0.04,47,113270,卖盘
2064,09:55:51,24.14,--,1,2414,卖盘
2065,09:55:48,24.14,--,17,41907,买盘
2066,09:55:36,24.14,--,4,9656,买盘
2067,09:55:33,24.14,--,23,55522,买盘
2068,09:55:24,24.14,--,26,64308,卖盘
2069,09:55:18,24.14,--,1,3258,卖盘
2070,09:55:09,24.14,-0.02,10,24140,卖盘
2071,09:55:06,24.16,0.02,1,2416,买盘
2072,09:55:03,24.14,-0.01,9,21750,卖盘
2073,09:55:00,24.15,--,4,9660,卖盘
2074,09:54:57,24.15,0.01,18,43470,中性盘
2075,09:54:45,24.14,-0.01,4,9656,卖盘
2076,09:54:39,24.15,--,5,12075,买盘
2077,09:54:33,24.15,0.01,23,55545,买盘
2078,09:54:24,24.14,--,7,16898,卖盘
2079,09:54:18,24.14,0.04,34,82076,买盘
2080,09:54:15,24.1,--,46,110860,卖盘
2081,09:54:12,24.1,-0.04,1,3253,中性盘
2082,09:54:03,24.14,0.04,13,31382,买盘
2083,09:54:00,24.1,--,19,45790,卖盘
2084,09:53:57,24.1,--,3,7230,卖盘
2085,09:53:45,24.1,--,20,48200,卖盘
2086,09:53:36,24.1,0.02,10,24100,买盘
2087,09:53:33,24.08,--,127,305960,卖盘
2088,09:53:12,24.08,--,1,3274,卖盘
2089,09:53:03,24.08,-0.06,1,2408,卖盘
2090,09:52:57,24.14,--,5,12070,买盘
2091,09:52:51,24.14,0.07,2,4828,中性盘
2092,09:52:39,24.07,-0.08,10,24070,卖盘
2093,09:52:36,24.15,0.08,10,24150,买盘
2094,09:52:27,24.07,--,3,7221,卖盘
2095,09:52:21,24.07,--,24,58947,买盘
2096,09:52:18,24.07,0.01,76,182932,买盘
2097,09:52:15,24.06,--,51,123572,卖盘
2098,09:52:09,24.06,-0.01,22,52932,卖盘
2099,09:52:09,24.07,--,74,178118,买盘
2100,09:52:03,24.07,--,14,33698,买盘
2101,09:52:00,24.07,--,12,28884,买盘
2102,09:51:57,24.07,--,28,67396,买盘
2103,09:51:51,24.07,0.01,96,231072,买盘
2104,09:51:48,24.06,-0.01,66,158796,卖盘
2105,09:51:45,24.07,--,32,77024,买盘
2106,09:51:42,24.07,--,38,91466,买盘
2107,09:51:36,24.07,--,126,303282,买盘
2108,09:51:33,24.07,--,205,493435,买盘
2109,09:51:30,24.07,0.01,83,199781,买盘
2110,09:51:27,24.06,-0.01,65,156390,卖盘
2111,09:51:24,24.07,0.01,1,2407,买盘
2112,09:51:21,24.06,--,76,184203,买盘
2113,09:51:18,24.06,--,47,113082,买盘
2114,09:51:15,24.06,--,9,22712,卖盘
2115,09:51:12,24.06,--,126,303998,卖盘
2116,09:51:06,24.06,--,8,19753,买盘
2117,09:51:03,24.06,-0.01,112,269472,卖盘
2118,09:51:00,24.07,--,6,14442,买盘
2119,09:50:57,24.07,0.01,54,131205,买盘
2120,09:50:54,24.06,-0.01,17,42080,卖盘
2121,09:50:51,24.07,--,8,19256,买盘
2122,09:50:48,24.07,--,113,271991,买盘
2123,09:50:42,24.07,--,28,67396,买盘
2124,09:50:39,24.07,--,2,4814,买盘
2125,09:50:36,24.07,0.02,407,979649,买盘
2126,09:50:33,24.05,-0.01,52,125060,卖盘
2127,09:50:27,24.06,--,107,257442,卖盘
2128,09:50:21,24.06,-0.01,16,38496,卖盘
2129,09:50:18,24.07,--,3,7221,买盘
2130,09:50:12,24.07,--,62,149234,买盘
2131,09:50:09,24.07,--,9,21663,买盘
2132,09:50:06,24.07,-0.01,77,185339,买盘
2133,09:50:03,24.08,-0.07,161,387688,卖盘
2134,09:50:00,24.15,0.02,105,253574,买盘
2135,09:49:57,24.13,--,20,48260,卖盘
2136,09:49:54,24.13,-0.02,2,4826,卖盘
2137,09:49:48,24.15,--,23,55545,买盘
2138,09:49:45,24.15,--,26,62789,买盘
2139,09:49:42,24.15,--,324,782460,买盘
2140,09:49:33,24.15,0.01,45,108675,买盘
2141,09:49:30,24.14,-0.01,76,183464,卖盘
2142,09:49:27,24.15,-0.01,23,55545,卖盘
2143,09:49:24,24.16,-0.01,4,9664,卖盘
2144,09:49:21,24.17,0.02,10,24170,买盘
2145,09:49:18,24.15,-0.02,13,31394,卖盘
2146,09:49:15,24.17,0.01,124,299708,买盘
2147,09:49:12,24.16,-0.01,199,480784,卖盘
2148,09:49:06,24.17,-0.01,5,12085,买盘
2149,09:49:03,24.18,-0.01,110,267189,卖盘
2150,09:48:57,24.19,0.01,16,38704,买盘
2151,09:48:54,24.18,-0.01,14,33852,卖盘
2152,09:48:45,24.19,0.01,10,24190,买盘
2153,09:48:42,24.18,-0.01,113,273234,卖盘
2154,09:48:36,24.19,0.01,42,101598,卖盘
2155,09:48:27,24.18,-0.02,20,48360,卖盘
2156,09:48:18,24.2,--,30,72600,买盘
2157,09:48:12,24.2,0.02,50,121000,买盘
2158,09:48:09,24.18,-0.02,12,30225,卖盘
2159,09:48:06,24.2,--,32,77440,买盘
2160,09:48:03,24.2,--,2,4840,买盘
2161,09:48:00,24.2,-0.01,282,682561,卖盘
2162,09:47:57,24.21,0.01,3,7263,买盘
2163,09:47:54,24.2,-0.01,12,30250,卖盘
2164,09:47:51,24.21,--,33,79893,买盘
2165,09:47:45,24.21,0.01,15,36315,买盘
2166,09:47:39,24.2,-0.02,341,826865,卖盘
2167,09:47:36,24.22,--,10,24220,买盘
2168,09:47:33,24.22,--,31,75082,买盘
2169,09:47:21,24.22,0.01,54,130788,买盘
2170,09:47:18,24.21,--,10,24210,卖盘
2171,09:47:12,24.21,--,1,3268,卖盘
2172,09:47:09,24.21,-0.01,11,26631,卖盘
2173,09:47:03,24.22,--,3,7266,买盘
2174,09:47:00,24.22,0.01,18,43596,买盘
2175,09:46:54,24.21,-0.01,45,108945,卖盘
2176,09:46:51,24.22,--,5,12110,买盘
2177,09:46:48,24.22,--,35,84770,买盘
2178,09:46:45,24.22,--,5,12110,买盘
2179,09:46:39,24.22,-0.02,129,312438,卖盘
2180,09:46:36,24.24,0.02,5,12120,买盘
2181,09:46:33,24.22,--,20,48440,卖盘
2182,09:46:21,24.22,--,277,670894,买盘
2183,09:46:18,24.22,--,10,24220,买盘
2184,09:46:12,24.22,0.01,25,60550,买盘
2185,09:46:09,24.21,-0.01,11,27478,卖盘
2186,09:46:06,24.22,--,25,60550,买盘
2187,09:46:03,24.22,--,10,24220,买盘
2188,09:46:00,24.22,-0.01,399,966378,卖盘
2189,09:45:57,24.23,-0.01,27,65421,卖盘
2190,09:45:54,24.24,0.02,18,43632,买盘
2191,09:45:48,24.22,0.01,5,12110,中性盘
2192,09:45:39,24.21,-0.01,42,102529,卖盘
2193,09:45:36,24.22,--,21,50862,买盘
2194,09:45:33,24.22,--,23,56602,买盘
2195,09:45:30,24.22,0.01,39,94458,买盘
2196,09:45:21,24.21,-0.01,6,14526,卖盘
2197,09:45:18,24.22,--,2,4844,买盘
2198,09:45:15,24.22,--,1,2422,买盘
2199,09:45:12,24.22,0.01,11,26642,买盘
2200,09:45:06,24.21,--,19,46846,卖盘
2201,09:45:00,24.21,--,81,196101,卖盘
2202,09:44:57,24.21,-0.01,10,24210,卖盘
2203,09:44:54,24.22,0.01,2,4844,买盘
2204,09:44:51,24.21,--,31,75051,卖盘
2205,09:44:45,24.21,-0.01,2,4842,卖盘
2206,09:44:42,24.22,0.01,10,24220,买盘
2207,09:44:39,24.21,-0.01,21,50841,卖盘
2208,09:44:33,24.22,--,235,569170,买盘
2209,09:44:27,24.22,-0.01,96,234086,卖盘
2210,09:44:24,24.23,--,8,19384,卖盘
2211,09:44:20,24.23,--,30,72690,卖盘
2212,09:44:17,24.23,--,11,26653,卖盘
2213,09:44:14,24.23,0.01,2,5694,卖盘
2214,09:44:11,24.22,--,10,24220,卖盘
2215,09:44:02,24.22,-0.01,40,96880,卖盘
2216,09:43:50,24.23,-0.01,10,24230,卖盘
2217,09:43:47,24.24,--,14,33936,买盘
2218,09:43:44,24.24,--,32,77568,买盘
2219,09:43:41,24.24,--,12,29087,买盘
2220,09:43:35,24.24,--,8,19392,卖盘
2221,09:43:32,24.24,--,5,12120,卖盘
2222,09:43:29,24.24,-0.01,80,193920,卖盘
2223,09:43:26,24.25,--,23,55775,买盘
2224,09:43:20,24.25,-0.02,233,565291,卖盘
2225,09:43:17,24.27,-0.03,128,310656,卖盘
2226,09:43:14,24.3,0.02,4,9720,买盘
2227,09:43:11,24.28,-0.02,12,29136,卖盘
2228,09:43:08,24.3,--,5,12150,买盘
2229,09:43:05,24.3,--,19,46170,买盘
2230,09:43:02,24.3,-0.04,72,176490,卖盘
2231,09:42:50,24.34,--,1,2434,买盘
2232,09:42:44,24.34,-0.01,14,34076,中性盘
2233,09:42:32,24.35,--,20,48700,买盘
2234,09:42:29,24.35,0.05,10,24350,买盘
2235,09:42:26,24.3,-0.04,105,255150,卖盘
2236,09:42:20,24.34,--,20,48680,卖盘
2237,09:42:11,24.34,--,9,21906,卖盘
2238,09:42:08,24.34,--,8,20299,卖盘
2239,09:41:56,24.34,-0.01,2,4868,中性盘
2240,09:41:53,24.35,0.03,469,1142015,买盘
2241,09:41:47,24.32,-0.02,6,14592,卖盘
2242,09:41:32,24.34,--,4,9736,买盘
2243,09:41:26,24.34,--,8,19472,买盘
2244,09:41:23,24.34,-0.01,30,73020,中性盘
2245,09:41:17,24.35,--,1,2435,买盘
2246,09:41:14,24.35,0.05,90,219150,买盘
2247,09:41:11,24.3,-0.05,4,9720,卖盘
2248,09:41:08,24.35,-0.02,12,29220,卖盘
2249,09:41:05,24.37,--,15,36555,买盘
2250,09:41:02,24.37,0.02,8,19496,买盘
2251,09:40:59,24.35,-0.02,211,513785,卖盘
2252,09:40:53,24.37,-0.01,7,17059,卖盘
2253,09:40:50,24.38,0.01,16,40690,买盘
2254,09:40:47,24.37,--,18,43866,买盘
2255,09:40:44,24.37,--,8,20251,卖盘
2256,09:40:35,24.37,-0.01,18,43866,卖盘
2257,09:40:32,24.38,-0.01,5,12190,中性盘
2258,09:40:29,24.39,0.02,19,48023,买盘
2259,09:40:17,24.37,--,2,4874,买盘
2260,09:40:14,24.37,0.02,21,52005,买盘
2261,09:40:11,24.35,-0.02,6,14610,卖盘
2262,09:40:05,24.37,--,2,4874,买盘
2263,09:40:02,24.37,--,27,65799,买盘
2264,09:39:59,24.37,-0.03,29,71428,卖盘
2265,09:39:53,24.4,0.02,32,78080,买盘
2266,09:39:47,24.38,0.01,94,229172,买盘
2267,09:39:38,24.37,0.02,60,147901,买盘
2268,09:39:35,24.35,0.08,11,26785,买盘
2269,09:39:29,24.27,-0.1,33,80091,卖盘
2270,09:39:26,24.37,0.02,107,260759,买盘
2271,09:39:23,24.35,--,6,15364,卖盘
2272,09:39:17,24.35,-0.01,6,14610,卖盘
2273,09:39:11,24.36,0.01,10,24360,买盘
2274,09:39:08,24.35,--,20,48700,卖盘
2275,09:39:05,24.35,--,1,3287,卖盘
2276,09:39:02,24.35,0.08,79,193192,买盘
2277,09:38:59,24.27,--,4,10387,卖盘
2278,09:38:56,24.27,--,55,133485,卖盘
2279,09:38:53,24.27,-0.04,1,2427,卖盘
2280,09:38:50,24.31,0.04,68,166790,买盘
2281,09:38:47,24.27,--,14,33978,买盘
2282,09:38:44,24.27,--,4,9708,买盘
2283,09:38:41,24.27,--,10,24270,买盘
2284,09:38:35,24.27,-0.01,33,80091,卖盘
2285,09:38:29,24.28,0.01,4,9712,买盘
2286,09:38:23,24.27,--,21,50967,买盘
2287,09:38:20,24.27,--,6,14562,买盘
2288,09:38:17,24.27,--,52,126204,买盘
2289,09:38:14,24.27,-0.01,306,742880,卖盘
2290,09:38:11,24.28,0.01,66,160248,买盘
2291,09:38:08,24.27,--,18,45069,卖盘
2292,09:38:05,24.27,-0.01,2,5679,卖盘
2293,09:37:59,24.28,--,23,55844,买盘
2294,09:37:56,24.28,-0.02,107,259796,卖盘
2295,09:37:53,24.3,-0.01,24,58320,买盘
2296,09:37:47,24.31,-0.01,6,16190,卖盘
2297,09:37:41,24.32,--,5,12160,卖盘
2298,09:37:38,24.32,0.01,29,71354,买盘
2299,09:37:32,24.31,--,8,19448,买盘
2300,09:37:20,24.31,-0.01,16,38896,卖盘
2301,09:37:11,24.32,--,392,953344,买盘
2302,09:37:05,24.32,-0.01,17,42949,卖盘
2303,09:37:02,24.33,0.02,27,65691,卖盘
2304,09:36:59,24.31,-0.01,30,72930,卖盘
2305,09:36:56,24.32,--,10,24320,卖盘
2306,09:36:53,24.32,--,36,87552,卖盘
2307,09:36:50,24.32,0.04,20,48640,卖盘
2308,09:36:44,24.28,-0.03,49,118972,卖盘
2309,09:36:35,24.31,--,10,24310,卖盘
2310,09:36:32,24.31,--,188,457028,买盘
2311,09:36:29,24.31,--,4,9724,买盘
2312,09:36:26,24.31,0.01,23,55913,买盘
2313,09:36:23,24.3,-0.01,34,82620,卖盘
2314,09:36:14,24.31,-0.07,12,29172,卖盘
2315,09:36:05,24.38,0.05,220,536360,买盘
2316,09:36:02,24.33,-0.02,2,4866,卖盘
2317,09:35:59,24.35,0.02,2,4870,买盘
2318,09:35:53,24.33,-0.02,13,31628,卖盘
2319,09:35:50,24.35,-0.01,153,372555,卖盘
2320,09:35:47,24.36,-0.01,5,12180,中性盘
2321,09:35:44,24.37,--,25,60925,买盘
2322,09:35:41,24.37,--,1,2437,买盘
2323,09:35:38,24.37,--,2,6994,卖盘
2324,09:35:32,24.37,-0.01,15,36555,卖盘
2325,09:35:29,24.38,0.01,52,126776,买盘
2326,09:35:26,24.37,--,20,48740,卖盘
2327,09:35:20,24.37,0.07,30,73426,买盘
2328,09:35:14,24.3,-0.03,116,281880,卖盘
2329,09:35:11,24.33,-0.04,6,15425,卖盘
2330,09:35:02,24.37,0.07,72,175464,买盘
2331,09:34:59,24.3,-0.07,7,17010,卖盘
2332,09:34:53,24.37,0.02,64,155968,买盘
2333,09:34:50,24.35,--,3,7305,买盘
2334,09:34:47,24.35,-0.02,15,36525,卖盘
2335,09:34:44,24.37,--,70,170590,买盘
2336,09:34:41,24.37,--,76,186820,卖盘
2337,09:34:35,24.37,-0.01,10,24370,卖盘
2338,09:34:32,24.38,0.01,24,58512,买盘
2339,09:34:29,24.37,--,5,12185,卖盘
2340,09:34:26,24.37,0.01,23,56051,中性盘
2341,09:34:23,24.36,0.09,11,27624,买盘
2342,09:34:20,24.27,-0.09,366,889883,卖盘
2343,09:34:17,24.36,--,10,24360,卖盘
2344,09:34:14,24.36,--,41,99876,卖盘
2345,09:34:11,24.36,-0.01,20,48720,卖盘
2346,09:34:08,24.37,0.01,74,181166,买盘
2347,09:33:56,24.36,0.03,27,65772,买盘
2348,09:33:53,24.33,--,45,109484,买盘
2349,09:33:50,24.33,--,119,289527,卖盘
2350,09:33:41,24.33,--,40,97320,买盘
2351,09:33:38,24.33,--,1,2433,买盘
2352,09:33:35,24.33,0.08,10,24330,买盘
2353,09:33:29,24.25,-0.04,5,12125,卖盘
2354,09:33:23,24.29,--,10,24290,卖盘
2355,09:33:17,24.29,0.04,20,48580,卖盘
2356,09:33:14,24.25,-0.04,126,307029,卖盘
2357,09:33:11,24.29,--,31,76975,买盘
2358,09:33:02,24.29,0.04,158,383782,买盘
2359,09:32:59,24.25,--,2,4850,卖盘
2360,09:32:56,24.25,0.01,1,2425,卖盘
2361,09:32:50,24.24,-0.01,19,46056,卖盘
2362,09:32:47,24.25,--,27,65475,买盘
2363,09:32:44,24.25,--,60,145500,买盘
2364,09:32:41,24.25,--,86,208550,卖盘
2365,09:32:35,24.25,--,4,9700,买盘
2366,09:32:32,24.25,-0.04,16,38800,卖盘
2367,09:32:29,24.29,0.04,73,177317,买盘
2368,09:32:26,24.25,-0.04,15,36375,卖盘
2369,09:32:23,24.29,0.01,335,813715,买盘
2370,09:32:20,24.28,--,1,2428,买盘
2371,09:32:17,24.28,0.03,8,19424,中性盘
2372,09:32:14,24.25,-0.04,11,28275,卖盘
2373,09:32:11,24.29,--,40,97985,买盘
2374,09:32:08,24.29,--,24,58296,买盘
2375,09:32:05,24.29,--,3,7287,买盘
2376,09:32:02,24.29,--,6,14574,买盘
2377,09:31:59,24.29,-0.01,107,259903,买盘
2378,09:31:56,24.3,0.07,35,85050,买盘
2379,09:31:50,24.23,-0.07,5,12115,卖盘
2380,09:31:44,24.3,--,7,17010,买盘
2381,09:31:41,24.3,0.07,27,65610,买盘
2382,09:31:38,24.23,-0.07,1,2423,卖盘
2383,09:31:32,24.3,--,7,17010,买盘
2384,09:31:29,24.3,-0.05,7,17010,买盘
2385,09:31:26,24.35,--,4,9740,买盘
2386,09:31:23,24.35,0.13,3,7305,买盘
2387,09:31:17,24.22,-0.13,14,33908,卖盘
2388,09:31:14,24.35,-0.04,22,55152,卖盘
2389,09:31:11,24.39,-0.01,5,13048,中性盘
2390,09:31:08,24.4,0.03,47,114680,买盘
2391,09:31:05,24.37,0.02,63,153531,买盘
2392,09:30:59,24.35,-0.03,10,24350,买盘
2393,09:30:56,24.38,0.03,19,46322,买盘
2394,09:30:53,24.35,-0.03,107,260545,卖盘
2395,09:30:50,24.38,0.03,224,546112,买盘
2396,09:30:47,24.35,--,3,7305,买盘
2397,09:30:44,24.35,--,8,19480,买盘
2398,09:30:38,24.35,--,12,29220,买盘
2399,09:30:35,24.35,--,54,131490,卖盘
2400,09:30:32,24.35,--,117,284895,卖盘
2401,09:30:29,24.35,-0.03,208,506480,卖盘
2402,09:30:26,24.38,0.01,7,17066,买盘
2403,09:30:23,24.37,0.01,33,80421,买盘
2404,09:30:17,24.36,--,4,9744,买盘
2405,09:30:14,24.36,--,15,36540,买盘
2406,09:30:11,24.36,0.01,4,9744,买盘
2407,09:30:08,24.35,0.15,48,116880,中性盘
2408,09:30:05,24.2,--,436,1055120,买盘
2409,09:26:11,24.2,--,0,0,买盘
2410,09:25:08,24.2,24.2,345,834900,买盘
