,time,price,change,volume,amount,type
0,15:00:24,5.23,--,11654,6095042,卖盘
1,14:57:27,5.23,--,0,0,买盘
2,14:57:03,5.23,--,140,73220,卖盘
3,14:57:00,5.23,--,135,70605,买盘
4,14:56:54,5.23,-0.01,347,181543,卖盘
5,14:56:51,5.24,--,315,165060,买盘
6,14:56:48,5.24,--,1189,623036,买盘
7,14:56:42,5.24,--,253,132572,买盘
8,14:56:39,5.24,0.01,1216,637184,买盘
9,14:56:33,5.23,-0.01,6,3138,卖盘
10,14:56:30,5.24,--,8,4192,买盘
11,14:56:27,5.24,0.01,51,26724,买盘
12,14:56:21,5.23,0.01,197,103491,买盘
13,14:56:18,5.22,-0.01,216,112752,卖盘
14,14:56:15,5.23,--,111,58053,买盘
15,14:56:12,5.23,0.01,1048,548104,买盘
16,14:56:09,5.22,-0.01,231,120582,卖盘
17,14:56:06,5.23,0.01,15,7845,买盘
18,14:56:03,5.22,-0.01,265,138330,卖盘
19,14:56:00,5.23,0.01,109,57007,买盘
20,14:55:57,5.22,--,75,39150,卖盘
21,14:55:54,5.22,--,104,54288,卖盘
22,14:55:45,5.22,-0.01,7,3654,卖盘
23,14:55:42,5.23,0.01,48,25104,买盘
24,14:55:39,5.22,--,42,21924,买盘
25,14:55:36,5.22,--,76,39672,买盘
26,14:55:33,5.22,--,37,19314,买盘
27,14:55:30,5.22,--,62,32364,买盘
28,14:55:27,5.22,--,409,213498,卖盘
29,14:55:24,5.22,-0.01,16,8352,卖盘
30,14:55:21,5.23,--,76,39748,买盘
31,14:55:18,5.23,--,20,10460,买盘
32,14:55:15,5.23,--,416,217568,买盘
33,14:55:09,5.23,--,299,156377,买盘
34,14:55:06,5.23,--,1185,619755,买盘
35,14:55:00,5.23,0.01,15,7845,买盘
36,14:54:57,5.22,-0.01,405,211410,卖盘
37,14:54:54,5.23,0.01,59,30857,买盘
38,14:54:51,5.22,-0.01,580,302822,卖盘
39,14:54:48,5.23,--,38,19874,卖盘
40,14:54:45,5.23,--,100,52300,卖盘
41,14:54:42,5.23,--,3,1569,卖盘
42,14:54:36,5.23,--,50,26610,买盘
43,14:54:33,5.23,--,2003,1047569,买盘
44,14:54:30,5.23,--,7,3661,买盘
45,14:54:24,5.23,0.01,107,55961,买盘
46,14:54:21,5.22,--,7,3654,卖盘
47,14:54:18,5.22,-0.01,155,80910,卖盘
48,14:54:15,5.23,--,357,186711,买盘
49,14:54:09,5.23,--,77,40271,买盘
50,14:54:06,5.23,--,100,52300,买盘
51,14:54:03,5.23,--,46,24058,买盘
52,14:54:00,5.23,--,2257,1180850,卖盘
53,14:53:54,5.23,-0.01,92,48618,卖盘
54,14:53:51,5.24,0.01,81,42464,买盘
55,14:53:48,5.23,-0.01,56,29790,卖盘
56,14:53:45,5.24,--,80,41920,买盘
57,14:53:42,5.24,--,160,83840,买盘
58,14:53:39,5.24,0.01,20,10480,买盘
59,14:53:33,5.23,-0.01,98,51254,卖盘
60,14:53:30,5.24,--,23,12072,买盘
61,14:53:27,5.24,--,24,13079,买盘
62,14:53:24,5.24,0.01,11,5784,买盘
63,14:53:21,5.23,-0.01,68,36066,卖盘
64,14:53:15,5.24,--,20,10480,买盘
65,14:53:12,5.24,--,15,7880,买盘
66,14:53:09,5.24,--,30,15720,买盘
67,14:53:06,5.24,0.01,158,82792,买盘
68,14:53:03,5.23,-0.01,304,158992,卖盘
69,14:53:00,5.24,--,136,71347,买盘
70,14:52:57,5.24,0.01,30,15720,买盘
71,14:52:54,5.23,-0.01,174,91002,卖盘
72,14:52:51,5.24,--,155,81220,买盘
73,14:52:48,5.24,0.01,46,24104,买盘
74,14:52:45,5.23,-0.01,123,64329,卖盘
75,14:52:42,5.24,0.01,28,14672,卖盘
76,14:52:39,5.23,-0.01,180,94140,卖盘
77,14:52:36,5.24,--,74,38776,买盘
78,14:52:33,5.24,--,50,26200,买盘
79,14:52:30,5.24,--,209,109516,买盘
80,14:52:24,5.24,--,5,2620,买盘
81,14:52:21,5.24,--,116,60784,卖盘
82,14:52:18,5.24,-0.01,281,147244,中性盘
83,14:52:12,5.25,--,86,45150,买盘
84,14:52:09,5.25,0.01,1078,565950,买盘
85,14:52:06,5.24,--,69,36156,买盘
86,14:52:03,5.24,-0.01,993,520604,卖盘
87,14:52:00,5.25,0.01,4,2604,买盘
88,14:51:57,5.24,--,500,262000,卖盘
89,14:51:54,5.24,-0.01,50,26200,卖盘
90,14:51:51,5.25,0.01,383,201096,买盘
91,14:51:48,5.24,-0.01,36,19367,卖盘
92,14:51:42,5.25,--,40,21000,买盘
93,14:51:39,5.25,0.01,38,19950,买盘
94,14:51:36,5.24,--,50,26200,卖盘
95,14:51:33,5.24,--,21,11024,卖盘
96,14:51:27,5.24,--,761,399015,买盘
97,14:51:24,5.24,--,13,6812,买盘
98,14:51:21,5.24,0.01,59,30916,买盘
99,14:51:15,5.23,-0.01,11,5753,卖盘
100,14:51:12,5.24,-0.01,213,111884,卖盘
101,14:51:09,5.25,0.01,14,7854,买盘
102,14:51:06,5.24,--,2,1048,卖盘
103,14:51:03,5.24,-0.01,14,7336,卖盘
104,14:51:00,5.25,0.01,5,2625,买盘
105,14:50:57,5.24,--,27,14148,卖盘
106,14:50:54,5.24,--,192,100608,卖盘
107,14:50:51,5.24,0.01,2001,1048796,买盘
108,14:50:48,5.23,--,11,5753,卖盘
109,14:50:45,5.23,-0.01,7,3661,卖盘
110,14:50:42,5.24,0.01,503,263572,买盘
111,14:50:36,5.23,--,21,10983,卖盘
112,14:50:33,5.23,0.01,416,217568,买盘
113,14:50:30,5.22,-0.01,107,55854,卖盘
114,14:50:27,5.23,--,1106,578438,买盘
115,14:50:24,5.23,0.01,182,95186,买盘
116,14:50:21,5.22,--,22,11484,卖盘
117,14:50:18,5.22,--,33,17226,卖盘
118,14:50:15,5.22,-0.01,14,7308,卖盘
119,14:50:09,5.23,--,38,19874,买盘
120,14:50:03,5.23,0.01,5,2615,买盘
121,14:49:51,5.22,--,108,56376,卖盘
122,14:49:48,5.22,--,27,14094,卖盘
123,14:49:45,5.22,--,35,18270,卖盘
124,14:49:42,5.22,--,13,6786,卖盘
125,14:49:39,5.22,--,46,24012,卖盘
126,14:49:36,5.22,--,191,99702,买盘
127,14:49:33,5.22,--,211,110142,卖盘
128,14:49:30,5.22,-0.01,50,26100,卖盘
129,14:49:27,5.23,0.01,23,12029,买盘
130,14:49:24,5.22,--,23,12006,卖盘
131,14:49:21,5.22,--,475,247950,卖盘
132,14:49:18,5.22,--,14,7308,卖盘
133,14:49:15,5.22,--,53,27666,卖盘
134,14:49:12,5.22,--,5,2610,卖盘
135,14:49:09,5.22,--,406,211932,买盘
136,14:49:06,5.22,0.01,38,19836,买盘
137,14:49:00,5.21,--,15,7815,卖盘
138,14:48:54,5.21,-0.01,164,85444,卖盘
139,14:48:51,5.22,--,100,52200,买盘
140,14:48:48,5.22,--,15,7830,买盘
141,14:48:45,5.22,--,1950,1017900,卖盘
142,14:48:39,5.22,--,120,62640,卖盘
143,14:48:36,5.22,--,50,26100,卖盘
144,14:48:33,5.22,--,47,24534,卖盘
145,14:48:27,5.22,--,126,65772,卖盘
146,14:48:24,5.22,-0.01,6,3132,卖盘
147,14:48:21,5.23,--,34,17782,买盘
148,14:48:09,5.23,--,16,8368,买盘
149,14:48:06,5.23,--,160,83680,买盘
150,14:48:03,5.23,--,20,10460,买盘
151,14:48:00,5.23,--,18,9414,买盘
152,14:47:57,5.23,0.01,151,78973,买盘
153,14:47:51,5.22,-0.01,91,47502,卖盘
154,14:47:48,5.23,0.01,104,54392,买盘
155,14:47:45,5.22,-0.01,101,52722,卖盘
156,14:47:42,5.23,0.01,28,14644,买盘
157,14:47:33,5.22,-0.01,19,9918,卖盘
158,14:47:30,5.23,--,62,32426,买盘
159,14:47:27,5.23,--,162,84726,买盘
160,14:47:24,5.23,--,23,12029,买盘
161,14:47:21,5.23,--,94,49162,卖盘
162,14:47:18,5.23,--,60,31380,卖盘
163,14:47:15,5.23,--,912,476976,买盘
164,14:47:09,5.23,--,43,22489,买盘
165,14:47:06,5.23,--,19,9937,买盘
166,14:47:03,5.23,0.01,6,3138,买盘
167,14:47:00,5.22,-0.01,28,14616,卖盘
168,14:46:57,5.23,--,10,5230,买盘
169,14:46:54,5.23,--,13,6799,买盘
170,14:46:48,5.23,0.01,38,19874,买盘
171,14:46:42,5.22,-0.01,149,77778,卖盘
172,14:46:39,5.23,--,102,53346,卖盘
173,14:46:36,5.23,--,565,295495,卖盘
174,14:46:33,5.23,-0.01,45,23535,卖盘
175,14:46:27,5.24,0.01,5,2620,买盘
176,14:46:24,5.23,--,23,12029,卖盘
177,14:46:21,5.23,--,24,12552,卖盘
178,14:46:18,5.23,-0.01,18,9414,卖盘
179,14:46:12,5.24,0.02,563,295012,买盘
180,14:46:08,5.22,--,15,7830,卖盘
181,14:46:05,5.22,-0.01,9,4698,卖盘
182,14:45:59,5.23,--,1025,536075,买盘
183,14:45:56,5.23,0.01,505,264115,买盘
184,14:45:53,5.22,-0.01,3,1566,卖盘
185,14:45:50,5.23,--,56,29288,买盘
186,14:45:47,5.23,--,33,17259,买盘
187,14:45:41,5.23,--,160,83680,卖盘
188,14:45:38,5.23,--,7,3661,卖盘
189,14:45:32,5.23,--,1054,551242,卖盘
190,14:45:29,5.23,--,76,39748,卖盘
191,14:45:23,5.23,--,100,52300,卖盘
192,14:45:20,5.23,--,500,261500,卖盘
193,14:45:17,5.23,-0.01,44,23012,卖盘
194,14:45:14,5.24,--,11,5764,买盘
195,14:45:11,5.24,--,4,2096,买盘
196,14:45:08,5.24,0.01,20,10480,买盘
197,14:45:05,5.23,-0.01,24,12552,卖盘
198,14:45:02,5.24,--,74,38776,买盘
199,14:44:59,5.24,--,7,3668,买盘
200,14:44:56,5.24,--,40,20960,买盘
201,14:44:50,5.24,-0.01,149,78076,卖盘
202,14:44:47,5.25,--,82,43050,买盘
203,14:44:44,5.25,0.01,29,15225,买盘
204,14:44:41,5.24,--,1069,560156,卖盘
205,14:44:38,5.24,--,13,6812,卖盘
206,14:44:35,5.24,-0.01,86,45064,卖盘
207,14:44:32,5.25,--,16,8400,买盘
208,14:44:29,5.25,--,148,77700,买盘
209,14:44:26,5.25,0.01,16,8400,买盘
210,14:44:20,5.24,-0.01,47,24628,卖盘
211,14:44:17,5.25,--,21,11025,买盘
212,14:44:14,5.25,--,75,39375,买盘
213,14:44:11,5.25,--,71,37275,卖盘
214,14:44:08,5.25,--,40,21000,卖盘
215,14:44:02,5.25,--,1177,617925,买盘
216,14:43:59,5.25,--,287,150675,买盘
217,14:43:56,5.25,--,2,1050,买盘
218,14:43:53,5.25,--,133,69825,买盘
219,14:43:50,5.25,--,13,6825,买盘
220,14:43:47,5.25,--,54,28350,买盘
221,14:43:44,5.25,--,548,287700,买盘
222,14:43:41,5.25,0.01,35,18375,买盘
223,14:43:38,5.24,--,92,48208,卖盘
224,14:43:35,5.24,--,13,6812,卖盘
225,14:43:32,5.24,0.01,901,472124,买盘
226,14:43:29,5.23,--,12,6276,卖盘
227,14:43:17,5.23,0.01,971,507833,买盘
228,14:43:14,5.22,--,40,20880,卖盘
229,14:43:08,5.22,--,11,5742,卖盘
230,14:43:05,5.22,0.01,557,290754,买盘
231,14:42:59,5.21,0.01,852,443892,买盘
232,14:42:56,5.2,0.01,855,444600,买盘
233,14:42:53,5.19,-0.01,3,1557,卖盘
234,14:42:50,5.2,0.01,25,13000,买盘
235,14:42:47,5.19,-0.01,60,31140,卖盘
236,14:42:44,5.2,0.01,169,87880,买盘
237,14:42:38,5.19,-0.01,180,93420,卖盘
238,14:42:35,5.2,0.01,23,11960,买盘
239,14:42:32,5.19,-0.01,154,79926,卖盘
240,14:42:29,5.2,0.01,83,43160,买盘
241,14:42:23,5.19,-0.01,2,1038,卖盘
242,14:42:20,5.2,--,37,19240,买盘
243,14:42:17,5.2,--,3,1560,买盘
244,14:42:14,5.2,0.01,51,26520,买盘
245,14:42:05,5.19,--,26,13494,卖盘
246,14:42:02,5.19,--,91,47229,卖盘
247,14:41:59,5.19,--,744,386136,买盘
248,14:41:56,5.19,--,1,519,买盘
249,14:41:53,5.19,0.01,199,103281,买盘
250,14:41:47,5.18,-0.01,200,103600,卖盘
251,14:41:44,5.19,--,42,21798,买盘
252,14:41:41,5.19,--,39,20241,买盘
253,14:41:35,5.19,0.01,20,10380,买盘
254,14:41:32,5.18,-0.01,18,9324,卖盘
255,14:41:29,5.19,0.01,38,19722,买盘
256,14:41:23,5.18,-0.01,70,36260,卖盘
257,14:41:20,5.19,0.01,20,10380,中性盘
258,14:41:17,5.18,--,309,160062,卖盘
259,14:41:14,5.18,-0.01,453,234654,卖盘
260,14:41:08,5.19,0.01,55,28545,买盘
261,14:41:05,5.18,--,56,29008,卖盘
262,14:40:59,5.18,--,119,61642,卖盘
263,14:40:56,5.18,--,19,9842,卖盘
264,14:40:53,5.18,--,4,2072,卖盘
265,14:40:47,5.18,-0.01,48,24864,卖盘
266,14:40:44,5.19,--,50,25950,买盘
267,14:40:38,5.19,--,25,12975,买盘
268,14:40:35,5.19,--,5,2595,买盘
269,14:40:32,5.19,--,64,33216,买盘
270,14:40:29,5.19,--,3,1557,买盘
271,14:40:26,5.19,--,195,101205,卖盘
272,14:40:23,5.19,--,1,519,卖盘
273,14:40:17,5.19,0.01,227,117813,买盘
274,14:40:14,5.18,-0.01,181,93758,卖盘
275,14:40:08,5.19,0.01,36,18684,买盘
276,14:40:05,5.18,-0.01,39,20202,卖盘
277,14:40:02,5.19,--,134,69546,买盘
278,14:39:59,5.19,--,7,3633,买盘
279,14:39:56,5.19,--,85,44115,买盘
280,14:39:50,5.19,--,25,12975,买盘
281,14:39:47,5.19,0.01,506,262614,买盘
282,14:39:41,5.18,-0.01,37,19166,卖盘
283,14:39:38,5.19,--,30,15570,买盘
284,14:39:35,5.19,--,10,5190,买盘
285,14:39:29,5.19,--,27,14013,买盘
286,14:39:26,5.19,--,147,76293,买盘
287,14:39:23,5.19,0.01,500,259500,买盘
288,14:39:20,5.18,--,83,42994,卖盘
289,14:39:17,5.18,-0.01,23,11914,卖盘
290,14:39:14,5.19,0.01,50,25950,买盘
291,14:39:11,5.18,-0.01,25,12950,卖盘
292,14:39:05,5.19,0.01,5,2595,买盘
293,14:39:02,5.18,--,86,44548,卖盘
294,14:38:56,5.18,-0.01,20,10360,卖盘
295,14:38:53,5.19,--,694,360186,买盘
296,14:38:50,5.19,0.01,1,519,买盘
297,14:38:47,5.18,--,10,5180,卖盘
298,14:38:41,5.18,-0.01,25,12950,卖盘
299,14:38:38,5.19,--,101,52419,买盘
300,14:38:35,5.19,0.01,82,42558,买盘
301,14:38:32,5.18,--,2,1036,卖盘
302,14:38:29,5.18,--,109,56462,卖盘
303,14:38:26,5.18,-0.01,49,25382,卖盘
304,14:38:23,5.19,0.01,30,15570,买盘
305,14:38:14,5.18,--,13,6734,卖盘
306,14:38:11,5.18,--,59,30562,卖盘
307,14:38:08,5.18,--,10,5180,卖盘
308,14:38:05,5.18,--,10,5180,卖盘
309,14:38:02,5.18,--,100,51800,卖盘
310,14:37:56,5.18,--,42,21756,卖盘
311,14:37:53,5.18,--,68,35224,卖盘
312,14:37:50,5.18,--,405,209790,买盘
313,14:37:44,5.18,0.01,97,50246,买盘
314,14:37:41,5.17,--,72,37224,卖盘
315,14:37:35,5.17,-0.01,16,8272,卖盘
316,14:37:32,5.18,0.01,160,82880,买盘
317,14:37:29,5.17,-0.01,493,254881,卖盘
318,14:37:26,5.18,--,518,268324,买盘
319,14:37:23,5.18,--,66,34188,买盘
320,14:37:20,5.18,--,133,68894,买盘
321,14:37:14,5.18,--,81,41958,买盘
322,14:37:11,5.18,--,188,97384,买盘
323,14:37:08,5.18,--,210,108780,买盘
324,14:37:05,5.18,-0.01,461,238798,卖盘
325,14:37:02,5.19,--,160,83040,买盘
326,14:36:59,5.19,0.01,63,32697,买盘
327,14:36:53,5.18,-0.01,130,67340,卖盘
328,14:36:50,5.19,0.01,10,5190,买盘
329,14:36:47,5.18,--,5,2590,卖盘
330,14:36:44,5.18,--,31,16058,卖盘
331,14:36:38,5.18,-0.01,2,1036,卖盘
332,14:36:35,5.19,0.01,10,5190,买盘
333,14:36:29,5.18,--,12,6216,卖盘
334,14:36:26,5.18,--,6,3108,卖盘
335,14:36:20,5.18,--,315,163170,卖盘
336,14:36:17,5.18,--,2,1036,卖盘
337,14:36:14,5.18,--,51,26418,卖盘
338,14:36:11,5.18,--,483,250194,买盘
339,14:36:08,5.18,--,286,148148,买盘
340,14:36:05,5.18,--,180,93240,买盘
341,14:36:02,5.18,--,65,33670,买盘
342,14:35:59,5.18,--,500,259000,买盘
343,14:35:56,5.18,--,21,10878,买盘
344,14:35:53,5.18,--,31,16058,买盘
345,14:35:50,5.18,0.01,13,6734,买盘
346,14:35:47,5.17,--,21,10857,卖盘
347,14:35:44,5.17,--,72,37224,卖盘
348,14:35:41,5.17,-0.01,134,69278,卖盘
349,14:35:38,5.18,0.01,120,62160,买盘
350,14:35:35,5.17,-0.01,72,37224,卖盘
351,14:35:32,5.18,--,20,10360,买盘
352,14:35:29,5.18,0.01,3,1554,买盘
353,14:35:26,5.17,-0.01,8,4136,卖盘
354,14:35:20,5.18,--,20,10360,买盘
355,14:35:17,5.18,0.01,4,2072,买盘
356,14:35:14,5.17,--,90,46530,卖盘
357,14:35:11,5.17,-0.01,121,62557,卖盘
358,14:35:08,5.18,--,9,4662,买盘
359,14:35:05,5.18,0.01,8,4144,买盘
360,14:35:02,5.17,--,22,11374,卖盘
361,14:34:56,5.17,-0.01,101,52217,卖盘
362,14:34:53,5.18,--,23,11914,买盘
363,14:34:50,5.18,--,238,123284,买盘
364,14:34:47,5.18,0.01,4,2072,买盘
365,14:34:44,5.17,--,106,54802,卖盘
366,14:34:41,5.17,--,33,17061,卖盘
367,14:34:38,5.17,--,1011,522687,卖盘
368,14:34:35,5.17,--,10,5170,卖盘
369,14:34:29,5.17,0.01,362,187154,买盘
370,14:34:26,5.16,-0.01,220,113520,卖盘
371,14:34:20,5.17,--,154,79618,买盘
372,14:34:17,5.17,--,317,163889,买盘
373,14:34:11,5.17,--,115,59455,买盘
374,14:34:08,5.17,--,109,56353,买盘
375,14:34:05,5.17,--,101,52217,买盘
376,14:34:02,5.17,--,152,78584,买盘
377,14:33:59,5.17,--,11,5687,买盘
378,14:33:56,5.17,--,77,39809,买盘
379,14:33:53,5.17,--,279,144243,买盘
380,14:33:50,5.17,0.01,71,36707,买盘
381,14:33:47,5.16,--,159,82044,卖盘
382,14:33:44,5.16,--,70,36120,卖盘
383,14:33:41,5.16,-0.01,190,98040,卖盘
384,14:33:38,5.17,--,83,42911,买盘
385,14:33:35,5.17,--,47,24299,买盘
386,14:33:32,5.17,--,31,16027,买盘
387,14:33:29,5.17,--,33,17061,买盘
388,14:33:26,5.17,0.01,53,27401,买盘
389,14:33:23,5.16,--,1,516,卖盘
390,14:33:20,5.16,--,27,13932,卖盘
391,14:33:17,5.16,--,304,156864,卖盘
392,14:33:11,5.16,--,157,81012,卖盘
393,14:33:08,5.16,--,107,55212,卖盘
394,14:33:02,5.16,--,18,9288,卖盘
395,14:32:59,5.16,--,79,40764,卖盘
396,14:32:56,5.16,--,50,25800,卖盘
397,14:32:53,5.16,--,245,126420,卖盘
398,14:32:50,5.16,--,8,4128,卖盘
399,14:32:47,5.16,-0.01,69,35604,卖盘
400,14:32:44,5.17,0.01,137,70829,买盘
401,14:32:41,5.16,--,226,116616,买盘
402,14:32:35,5.16,--,39,20124,买盘
403,14:32:32,5.16,-0.01,291,150156,卖盘
404,14:32:29,5.17,0.01,250,129250,买盘
405,14:32:23,5.16,--,61,31476,卖盘
406,14:32:20,5.16,-0.01,32,16512,卖盘
407,14:32:17,5.17,0.01,264,136488,买盘
408,14:32:14,5.16,--,1219,629004,卖盘
409,14:32:11,5.16,--,3875,1999500,卖盘
410,14:32:08,5.16,--,57,29412,卖盘
411,14:32:05,5.16,--,20,10320,卖盘
412,14:32:02,5.16,--,48,24768,卖盘
413,14:31:59,5.16,-0.01,819,422604,卖盘
414,14:31:53,5.17,--,10,5170,买盘
415,14:31:50,5.17,--,338,174746,卖盘
416,14:31:47,5.17,--,93,48081,卖盘
417,14:31:44,5.17,-0.01,87,44979,卖盘
418,14:31:41,5.18,0.01,227,117586,买盘
419,14:31:38,5.17,--,1092,564564,卖盘
420,14:31:35,5.17,--,233,120461,卖盘
421,14:31:32,5.17,--,685,354145,卖盘
422,14:31:26,5.17,--,12,6204,卖盘
423,14:31:23,5.17,-0.01,49,25333,卖盘
424,14:31:20,5.18,--,4168,2159024,卖盘
425,14:31:14,5.18,-0.01,111,57498,卖盘
426,14:31:11,5.19,0.01,1166,605154,买盘
427,14:31:08,5.18,--,12,6216,卖盘
428,14:31:05,5.18,--,45,23310,卖盘
429,14:31:02,5.18,-0.01,396,205128,卖盘
430,14:30:59,5.19,0.01,3,1557,买盘
431,14:30:53,5.18,-0.01,54,27972,卖盘
432,14:30:47,5.19,--,20,10380,买盘
433,14:30:44,5.19,0.01,50,25950,买盘
434,14:30:41,5.18,-0.01,24,12432,卖盘
435,14:30:35,5.19,0.01,10,5190,中性盘
436,14:30:29,5.18,-0.01,100,51800,卖盘
437,14:30:26,5.19,--,41,21279,卖盘
438,14:30:23,5.19,--,15,7785,卖盘
439,14:30:20,5.19,--,44,22836,卖盘
440,14:30:14,5.19,--,23,11937,卖盘
441,14:30:11,5.19,--,80,41520,卖盘
442,14:30:08,5.19,--,37,19203,卖盘
443,14:30:05,5.19,--,68,35292,卖盘
444,14:30:02,5.19,-0.01,30,15570,卖盘
445,14:29:56,5.2,0.01,27,14040,买盘
446,14:29:53,5.19,--,100,51900,卖盘
447,14:29:50,5.19,-0.01,69,35811,卖盘
448,14:29:47,5.2,--,3,1560,买盘
449,14:29:44,5.2,0.01,20,10400,买盘
450,14:29:38,5.19,--,83,43077,卖盘
451,14:29:32,5.19,-0.01,8,4152,卖盘
452,14:29:17,5.2,0.01,38,19760,买盘
453,14:29:14,5.19,--,14,7266,卖盘
454,14:29:02,5.19,-0.01,220,114180,卖盘
455,14:28:59,5.2,0.01,5,2600,买盘
456,14:28:56,5.19,-0.01,68,35292,卖盘
457,14:28:53,5.2,0.01,60,31200,买盘
458,14:28:50,5.19,--,168,87192,卖盘
459,14:28:44,5.19,-0.01,170,88230,卖盘
460,14:28:41,5.2,--,10,5200,买盘
461,14:28:38,5.2,--,51,26520,买盘
462,14:28:35,5.2,--,2,1040,买盘
463,14:28:29,5.2,--,20,10400,买盘
464,14:28:26,5.2,--,16,8320,买盘
465,14:28:23,5.2,--,134,69680,卖盘
466,14:28:17,5.2,-0.01,40,20800,卖盘
467,14:28:11,5.21,--,26,13546,买盘
468,14:28:08,5.21,0.01,100,52100,买盘
469,14:28:02,5.2,--,17,8840,卖盘
470,14:27:59,5.2,--,24,12480,卖盘
471,14:27:53,5.2,--,20,10400,卖盘
472,14:27:50,5.2,--,100,52000,卖盘
473,14:27:35,5.2,-0.01,1,520,卖盘
474,14:27:32,5.21,0.01,262,136502,买盘
475,14:27:29,5.2,-0.01,4,2080,卖盘
476,14:27:26,5.21,--,15,7815,买盘
477,14:27:20,5.21,--,10,5210,买盘
478,14:27:17,5.21,0.01,10,5210,买盘
479,14:27:14,5.2,-0.01,10,5200,卖盘
480,14:27:11,5.21,--,440,229240,买盘
481,14:27:02,5.21,--,10,5210,买盘
482,14:26:59,5.21,--,21,10941,买盘
483,14:26:53,5.21,0.01,30,15630,买盘
484,14:26:50,5.2,-0.02,8,4160,中性盘
485,14:26:32,5.22,0.02,40,20880,买盘
486,14:26:29,5.2,--,255,132600,买盘
487,14:26:26,5.2,--,193,100360,买盘
488,14:26:23,5.2,-0.01,655,340600,卖盘
489,14:26:17,5.21,--,5,2605,卖盘
490,14:26:10,5.21,0.01,1162,605402,买盘
491,14:25:58,5.2,-0.01,30,15600,卖盘
492,14:25:52,5.21,0.01,4,2084,买盘
493,14:25:49,5.2,-0.01,10,5200,卖盘
494,14:25:46,5.21,--,10,5210,买盘
495,14:25:43,5.21,--,10,5210,买盘
496,14:25:34,5.21,0.01,280,145880,买盘
497,14:25:31,5.2,--,11,5720,卖盘
498,14:25:28,5.2,-0.01,104,54080,卖盘
499,14:25:25,5.21,0.01,5,2605,买盘
500,14:25:22,5.2,-0.01,5,2600,卖盘
501,14:25:16,5.21,0.01,20,10420,买盘
502,14:25:10,5.2,-0.01,3,1560,卖盘
503,14:24:55,5.21,0.01,69,35949,买盘
504,14:24:49,5.2,-0.01,1,520,卖盘
505,14:24:46,5.21,0.01,10,5210,买盘
506,14:24:43,5.2,--,65,33800,卖盘
507,14:24:37,5.2,-0.01,10,5200,卖盘
508,14:24:34,5.21,0.02,6,3126,买盘
509,14:24:19,5.19,-0.02,10,5190,卖盘
510,14:24:16,5.21,0.01,163,84923,买盘
511,14:24:13,5.2,0.01,15,7800,中性盘
512,14:24:01,5.19,--,7,3633,卖盘
513,14:23:58,5.19,-0.01,277,143763,卖盘
514,14:23:52,5.2,--,9,4680,买盘
515,14:23:49,5.2,--,2,1040,买盘
516,14:23:46,5.2,--,50,26000,买盘
517,14:23:37,5.2,--,238,123760,卖盘
518,14:23:28,5.2,--,47,24440,卖盘
519,14:23:25,5.2,--,22,11440,卖盘
520,14:23:22,5.2,--,100,52000,卖盘
521,14:23:19,5.2,--,102,53040,卖盘
522,14:23:10,5.2,--,299,155480,买盘
523,14:23:07,5.2,0.01,14,7280,买盘
524,14:23:04,5.19,-0.01,3,1557,卖盘
525,14:22:52,5.2,0.01,26,13520,买盘
526,14:22:37,5.19,--,1,519,卖盘
527,14:22:31,5.19,--,4,2076,卖盘
528,14:22:28,5.19,--,178,92382,买盘
529,14:22:25,5.19,--,145,75255,买盘
530,14:22:22,5.19,0.01,10,5190,买盘
531,14:22:19,5.18,--,59,30562,卖盘
532,14:22:16,5.18,-0.01,6,3108,卖盘
533,14:22:13,5.19,--,11,5709,买盘
534,14:22:10,5.19,--,11,5709,买盘
535,14:22:07,5.19,0.01,100,51900,买盘
536,14:22:01,5.18,--,210,108780,卖盘
537,14:21:58,5.18,-0.01,50,25900,卖盘
538,14:21:52,5.19,--,28,14532,买盘
539,14:21:43,5.19,--,73,37887,买盘
540,14:21:37,5.19,--,15,7785,买盘
541,14:21:34,5.19,--,61,31659,卖盘
542,14:21:31,5.19,--,83,43077,卖盘
543,14:21:25,5.19,--,130,67470,卖盘
544,14:21:22,5.19,-0.01,2,1038,卖盘
545,14:21:19,5.2,0.01,106,55120,买盘
546,14:21:16,5.19,--,1,519,卖盘
547,14:21:13,5.19,0.01,131,67989,中性盘
548,14:21:10,5.18,-0.01,326,168868,卖盘
549,14:21:01,5.19,--,72,37368,卖盘
550,14:20:58,5.19,-0.01,7,3633,卖盘
551,14:20:55,5.2,0.01,24,12480,买盘
552,14:20:52,5.19,-0.01,10,5190,卖盘
553,14:20:49,5.2,--,372,193440,买盘
554,14:20:37,5.2,--,9,4680,买盘
555,14:20:25,5.2,-0.01,182,94889,卖盘
556,14:20:22,5.21,--,281,146401,买盘
557,14:20:19,5.21,0.01,12,6252,买盘
558,14:20:16,5.2,-0.01,184,95680,卖盘
559,14:20:13,5.21,0.01,37,19277,买盘
560,14:20:07,5.2,--,71,36920,卖盘
561,14:20:04,5.2,--,1000,520000,卖盘
562,14:19:55,5.2,-0.01,3,1560,卖盘
563,14:19:52,5.21,0.01,21,10941,买盘
564,14:19:49,5.2,--,68,35360,卖盘
565,14:19:46,5.2,--,1,520,卖盘
566,14:19:43,5.2,-0.01,275,143000,卖盘
567,14:19:40,5.21,0.01,4,2084,买盘
568,14:19:34,5.2,-0.01,27,14040,卖盘
569,14:19:31,5.21,--,10,5210,买盘
570,14:19:28,5.21,--,177,92217,买盘
571,14:19:25,5.21,--,14,7294,买盘
572,14:19:19,5.21,--,190,98990,买盘
573,14:19:10,5.21,--,34,17714,买盘
574,14:19:07,5.21,--,23,11983,买盘
575,14:19:01,5.21,--,33,17193,买盘
576,14:18:58,5.21,--,12,6252,买盘
577,14:18:55,5.21,--,21,10941,卖盘
578,14:18:52,5.21,-0.01,92,47932,卖盘
579,14:18:49,5.22,0.01,16,8352,买盘
580,14:18:46,5.21,--,27,14067,卖盘
581,14:18:43,5.21,-0.01,20,10420,卖盘
582,14:18:40,5.22,--,10,5220,买盘
583,14:18:37,5.22,0.01,34,17748,买盘
584,14:18:28,5.21,--,10,5210,卖盘
585,14:18:25,5.21,--,101,52621,买盘
586,14:18:22,5.21,0.01,2,1042,买盘
587,14:18:19,5.2,--,10,5200,卖盘
588,14:18:10,5.2,--,992,516110,买盘
589,14:18:04,5.2,--,24,12480,买盘
590,14:17:58,5.2,--,4,2080,买盘
591,14:17:55,5.2,0.01,1,520,买盘
592,14:17:52,5.19,--,13,6747,卖盘
593,14:17:49,5.19,--,1,519,卖盘
594,14:17:46,5.19,--,186,96534,买盘
595,14:17:43,5.19,--,180,93420,买盘
596,14:17:40,5.19,-0.01,390,202410,卖盘
597,14:17:37,5.2,0.01,52,27040,买盘
598,14:17:34,5.19,--,51,26469,卖盘
599,14:17:31,5.19,0.01,25,12975,卖盘
600,14:17:25,5.18,-0.01,950,492100,卖盘
601,14:17:22,5.19,--,5,2595,卖盘
602,14:17:19,5.19,--,97,50343,卖盘
603,14:17:16,5.19,--,15,7785,卖盘
604,14:17:13,5.19,0.01,12,6228,中性盘
605,14:17:10,5.18,--,203,105154,卖盘
606,14:17:07,5.18,--,5,2590,卖盘
607,14:17:01,5.18,--,5,2590,卖盘
608,14:16:58,5.18,-0.01,31,16058,卖盘
609,14:16:55,5.19,0.01,1,519,买盘
610,14:16:46,5.18,--,31,16058,卖盘
611,14:16:43,5.18,--,50,25900,卖盘
612,14:16:40,5.18,--,35,18130,卖盘
613,14:16:37,5.18,--,24,12432,卖盘
614,14:16:34,5.18,--,60,31080,卖盘
615,14:16:31,5.18,--,118,61124,卖盘
616,14:16:28,5.18,--,206,106708,卖盘
617,14:16:25,5.18,--,24,12432,卖盘
618,14:16:22,5.18,--,113,58534,卖盘
619,14:16:19,5.18,--,63,32634,卖盘
620,14:16:16,5.18,--,25,12950,卖盘
621,14:16:13,5.18,--,111,57498,卖盘
622,14:16:10,5.18,--,134,69412,卖盘
623,14:16:04,5.18,--,4,2072,卖盘
624,14:16:01,5.18,--,12,6216,卖盘
625,14:15:58,5.18,-0.01,31,16058,卖盘
626,14:15:52,5.19,0.01,5,2595,买盘
627,14:15:49,5.18,--,131,67858,卖盘
628,14:15:43,5.18,-0.01,38,19684,卖盘
629,14:15:40,5.19,--,10,5190,买盘
630,14:15:37,5.19,--,20,10380,买盘
631,14:15:34,5.19,--,9,4671,买盘
632,14:15:31,5.19,--,520,269880,买盘
633,14:15:22,5.19,--,60,31140,买盘
634,14:15:19,5.19,--,1234,640446,卖盘
635,14:15:13,5.19,-0.01,81,42039,卖盘
636,14:15:10,5.2,0.01,40,20800,买盘
637,14:15:07,5.19,--,23,11937,卖盘
638,14:15:04,5.19,--,20,10380,卖盘
639,14:15:01,5.19,--,421,218499,卖盘
640,14:14:55,5.19,--,231,119889,卖盘
641,14:14:52,5.19,--,162,84078,卖盘
642,14:14:49,5.19,--,58,30102,卖盘
643,14:14:43,5.19,--,27,14013,卖盘
644,14:14:40,5.19,--,38,19722,卖盘
645,14:14:37,5.19,--,25,12975,卖盘
646,14:14:34,5.19,--,7,3633,卖盘
647,14:14:28,5.19,--,25,12975,卖盘
648,14:14:25,5.19,--,62,32178,卖盘
649,14:14:22,5.19,-0.01,3,1557,卖盘
650,14:14:19,5.2,0.01,20,10400,买盘
651,14:14:16,5.19,--,41,21279,卖盘
652,14:14:10,5.19,-0.01,22,11418,卖盘
653,14:14:07,5.2,--,16,8320,买盘
654,14:14:04,5.2,0.01,251,130520,买盘
655,14:13:58,5.19,--,72,37368,卖盘
656,14:13:52,5.19,--,196,101724,卖盘
657,14:13:49,5.19,-0.01,75,38925,卖盘
658,14:13:46,5.2,--,57,29640,买盘
659,14:13:43,5.2,--,76,39520,买盘
660,14:13:40,5.2,--,9,4680,买盘
661,14:13:28,5.2,--,1,520,买盘
662,14:13:25,5.2,--,29,15329,卖盘
663,14:13:22,5.2,--,351,182520,卖盘
664,14:13:16,5.2,--,6,3120,卖盘
665,14:13:13,5.2,--,207,107640,卖盘
666,14:13:10,5.2,--,10,5200,卖盘
667,14:12:58,5.2,--,10,5200,卖盘
668,14:12:55,5.2,-0.01,500,260000,卖盘
669,14:12:52,5.21,--,3,1563,卖盘
670,14:12:49,5.21,--,33,17193,卖盘
671,14:12:46,5.21,--,331,172451,买盘
672,14:12:43,5.21,--,80,41680,买盘
673,14:12:40,5.21,--,15,7815,买盘
674,14:12:34,5.21,0.01,100,52100,买盘
675,14:12:31,5.2,-0.01,4,2080,卖盘
676,14:12:22,5.21,--,2,1042,买盘
677,14:12:16,5.21,0.01,1,521,买盘
678,14:12:13,5.2,--,44,22880,卖盘
679,14:12:07,5.2,--,91,47590,卖盘
680,14:11:55,5.2,--,14,7280,卖盘
681,14:11:52,5.2,--,38,19760,卖盘
682,14:11:46,5.2,--,115,59800,卖盘
683,14:11:37,5.2,--,35,18200,买盘
684,14:11:31,5.2,--,120,62400,买盘
685,14:11:28,5.2,0.01,4,2080,买盘
686,14:11:25,5.19,--,295,153105,卖盘
687,14:11:22,5.19,-0.01,10,5190,卖盘
688,14:11:16,5.2,--,21,10920,买盘
689,14:11:13,5.2,--,547,284440,买盘
690,14:11:10,5.2,--,36,18720,买盘
691,14:11:07,5.2,--,2000,1040000,买盘
692,14:11:01,5.2,--,176,91520,卖盘
693,14:10:52,5.2,--,30,15600,买盘
694,14:10:49,5.2,0.01,18,9360,买盘
695,14:10:46,5.19,-0.01,51,26469,卖盘
696,14:10:40,5.2,0.01,510,265200,买盘
697,14:10:37,5.19,-0.01,20,10380,卖盘
698,14:10:34,5.2,--,2,1040,买盘
699,14:10:31,5.2,--,10,5200,买盘
700,14:10:28,5.2,0.01,8,4160,买盘
701,14:10:22,5.19,-0.01,11,5709,卖盘
702,14:10:19,5.2,--,11,5720,买盘
703,14:10:16,5.2,--,10,5200,买盘
704,14:10:13,5.2,--,50,26000,买盘
705,14:10:07,5.2,--,31,16120,买盘
706,14:10:04,5.2,0.01,10,5200,买盘
707,14:10:01,5.19,-0.01,63,32697,卖盘
708,14:09:58,5.2,--,20,10400,买盘
709,14:09:55,5.2,0.01,1,520,买盘
710,14:09:52,5.19,--,1,519,卖盘
711,14:09:49,5.19,--,1,519,卖盘
712,14:09:43,5.19,--,172,89268,卖盘
713,14:09:40,5.19,--,52,26988,卖盘
714,14:09:37,5.19,-0.01,48,24912,卖盘
715,14:09:31,5.2,0.01,10,5200,买盘
716,14:09:28,5.19,--,20,10380,卖盘
717,14:09:25,5.19,--,693,359667,买盘
718,14:09:22,5.19,--,12,6228,买盘
719,14:09:19,5.19,--,22,11418,买盘
720,14:09:16,5.19,--,22,11418,买盘
721,14:09:10,5.19,--,5,2595,买盘
722,14:09:07,5.19,--,6,3114,买盘
723,14:09:04,5.19,--,8,4152,买盘
724,14:08:58,5.19,--,29,15051,买盘
725,14:08:52,5.19,--,1332,691308,卖盘
726,14:08:49,5.19,-0.01,25,12975,卖盘
727,14:08:43,5.2,0.01,7,3640,买盘
728,14:08:40,5.19,--,2,1038,卖盘
729,14:08:37,5.19,-0.01,54,28026,卖盘
730,14:08:34,5.2,--,2,1040,买盘
731,14:08:22,5.2,0.01,14,7280,买盘
732,14:08:19,5.19,-0.01,5,2595,卖盘
733,14:08:16,5.2,0.01,2,1040,买盘
734,14:08:10,5.19,--,8,4152,卖盘
735,14:08:07,5.19,-0.01,20,10380,卖盘
736,14:08:04,5.2,--,95,49400,买盘
737,14:07:58,5.2,0.01,20,10400,买盘
738,14:07:55,5.19,--,10,5190,卖盘
739,14:07:43,5.19,-0.01,56,29064,卖盘
740,14:07:40,5.2,--,31,16120,买盘
741,14:07:31,5.2,--,19,9880,买盘
742,14:07:28,5.2,--,4,2080,买盘
743,14:07:22,5.2,--,5,2600,买盘
744,14:07:19,5.2,--,628,326560,卖盘
745,14:07:16,5.2,--,212,110240,卖盘
746,14:07:13,5.2,--,279,145080,卖盘
747,14:07:07,5.2,--,548,284960,买盘
748,14:07:01,5.2,--,27,14040,买盘
749,14:06:58,5.2,--,3,1560,买盘
750,14:06:55,5.2,--,81,42120,买盘
751,14:06:49,5.2,--,28,14560,买盘
752,14:06:46,5.2,--,255,132600,卖盘
753,14:06:40,5.2,--,8,4160,卖盘
754,14:06:37,5.2,--,237,123240,买盘
755,14:06:34,5.2,--,154,80080,卖盘
756,14:06:31,5.2,--,2,1040,卖盘
757,14:06:28,5.2,--,40,20800,卖盘
758,14:06:25,5.2,--,21,10920,卖盘
759,14:06:22,5.2,--,31,16120,卖盘
760,14:06:19,5.2,--,5,2600,卖盘
761,14:06:16,5.2,--,10,5200,卖盘
762,14:06:13,5.2,0.01,215,111800,买盘
763,14:06:10,5.19,-0.01,5,2595,卖盘
764,14:06:07,5.2,--,178,92560,买盘
765,14:06:04,5.2,--,1064,553280,买盘
766,14:05:58,5.2,--,20,10400,买盘
767,14:05:55,5.2,0.01,11,5720,买盘
768,14:05:51,5.19,--,10,5190,卖盘
769,14:05:48,5.19,-0.01,7,3633,卖盘
770,14:05:45,5.2,--,2,1040,买盘
771,14:05:39,5.2,0.01,101,52520,买盘
772,14:05:30,5.19,--,3,1557,卖盘
773,14:05:27,5.19,--,21,10899,卖盘
774,14:05:24,5.19,-0.01,39,20241,卖盘
775,14:05:18,5.2,--,14,7280,买盘
776,14:05:15,5.2,--,15,7800,买盘
777,14:05:12,5.2,0.01,2,1040,买盘
778,14:05:09,5.19,-0.01,2,1038,卖盘
779,14:05:06,5.2,0.01,5,2600,买盘
780,14:05:03,5.19,-0.01,2,1038,卖盘
781,14:05:00,5.2,0.01,255,132600,买盘
782,14:04:54,5.19,--,8,4152,卖盘
783,14:04:51,5.19,-0.01,11,5709,卖盘
784,14:04:45,5.2,0.01,1,520,买盘
785,14:04:42,5.19,--,375,194625,卖盘
786,14:04:39,5.19,--,3,1557,卖盘
787,14:04:30,5.19,--,2,1038,卖盘
788,14:04:24,5.19,--,30,15570,卖盘
789,14:04:15,5.19,--,85,44115,买盘
790,14:04:12,5.19,0.01,56,29064,买盘
791,14:04:09,5.18,--,853,441854,卖盘
792,14:04:06,5.18,-0.01,30,15540,卖盘
793,14:04:03,5.19,--,92,47748,买盘
794,14:04:00,5.19,0.01,445,230955,买盘
795,14:03:57,5.18,-0.01,70,36260,卖盘
796,14:03:54,5.19,--,7,3633,买盘
797,14:03:51,5.19,0.01,2,1038,买盘
798,14:03:48,5.18,--,20,10360,卖盘
799,14:03:45,5.18,-0.01,120,62160,卖盘
800,14:03:42,5.19,0.01,6,3114,买盘
801,14:03:39,5.18,-0.01,47,24346,卖盘
802,14:03:36,5.19,0.01,10,5190,买盘
803,14:03:33,5.18,--,259,134162,卖盘
804,14:03:30,5.18,--,6,3108,卖盘
805,14:03:27,5.18,-0.01,13,6734,卖盘
806,14:03:24,5.19,--,511,265209,买盘
807,14:03:21,5.19,0.01,25,12975,买盘
808,14:03:15,5.18,-0.01,34,17612,卖盘
809,14:03:12,5.19,0.01,2,1038,买盘
810,14:03:09,5.18,--,61,31598,卖盘
811,14:03:06,5.18,-0.01,11,5698,卖盘
812,14:03:03,5.19,0.01,22,11418,买盘
813,14:03:00,5.18,-0.01,10,5180,卖盘
814,14:02:57,5.19,--,185,96015,卖盘
815,14:02:51,5.19,--,300,155700,卖盘
816,14:02:48,5.19,--,10,5190,卖盘
817,14:02:45,5.19,--,200,103800,卖盘
818,14:02:42,5.19,--,15,7785,卖盘
819,14:02:39,5.19,--,27,14013,卖盘
820,14:02:33,5.19,--,38,19722,卖盘
821,14:02:30,5.19,--,318,165042,卖盘
822,14:02:27,5.19,--,148,76812,卖盘
823,14:02:15,5.19,-0.01,80,41520,卖盘
824,14:02:12,5.2,0.01,2,1040,买盘
825,14:02:06,5.19,-0.01,45,23355,卖盘
826,14:02:03,5.2,0.01,157,81640,买盘
827,14:02:00,5.19,--,125,64875,卖盘
828,14:01:57,5.19,-0.01,96,49824,卖盘
829,14:01:48,5.2,0.01,124,64480,买盘
830,14:01:45,5.19,--,80,41520,卖盘
831,14:01:42,5.19,-0.01,260,134940,卖盘
832,14:01:36,5.2,--,21,10920,买盘
833,14:01:33,5.2,--,13,6760,买盘
834,14:01:30,5.2,--,20,10400,买盘
835,14:01:27,5.2,--,28,14560,买盘
836,14:01:24,5.2,0.01,20,10400,买盘
837,14:01:21,5.19,--,198,102762,卖盘
838,14:01:15,5.19,--,1,519,卖盘
839,14:01:09,5.19,--,259,134421,卖盘
840,14:01:06,5.19,-0.01,88,45672,卖盘
841,14:01:03,5.2,0.01,10,5200,买盘
842,14:00:54,5.19,-0.01,67,34773,卖盘
843,14:00:48,5.2,--,12,6240,买盘
844,14:00:45,5.2,--,90,46800,买盘
845,14:00:39,5.2,--,1606,835120,卖盘
846,14:00:36,5.2,-0.01,840,436800,卖盘
847,14:00:33,5.21,0.01,100,52100,买盘
848,14:00:27,5.2,--,2,1040,卖盘
849,14:00:24,5.2,--,5,2600,卖盘
850,14:00:21,5.2,--,11,5720,卖盘
851,14:00:12,5.2,--,1,520,卖盘
852,14:00:06,5.2,--,10,5200,卖盘
853,14:00:00,5.2,--,19,9880,卖盘
854,13:59:54,5.2,-0.01,249,129729,卖盘
855,13:59:45,5.21,--,184,95864,卖盘
856,13:59:42,5.21,0.01,652,339962,买盘
857,13:59:39,5.2,--,1,520,卖盘
858,13:59:36,5.2,-0.01,4,2080,卖盘
859,13:59:30,5.21,--,31,16151,买盘
860,13:59:27,5.21,--,9,4689,买盘
861,13:59:21,5.21,0.01,30,15630,买盘
862,13:59:18,5.2,--,20,10400,卖盘
863,13:59:15,5.2,-0.01,10,5200,卖盘
864,13:59:09,5.21,--,14,7294,买盘
865,13:59:06,5.21,--,239,124519,买盘
866,13:59:00,5.21,--,19,9899,买盘
867,13:58:57,5.21,--,13,6773,买盘
868,13:58:54,5.21,0.01,56,29176,买盘
869,13:58:48,5.2,-0.01,123,63960,卖盘
870,13:58:45,5.21,--,114,59394,买盘
871,13:58:36,5.21,0.01,80,41680,买盘
872,13:58:30,5.2,-0.01,51,26520,卖盘
873,13:58:27,5.21,0.01,18,9378,买盘
874,13:58:24,5.2,-0.01,2,1040,卖盘
875,13:58:18,5.21,0.01,131,68251,买盘
876,13:58:12,5.2,-0.01,31,16120,卖盘
877,13:58:09,5.21,--,9,4689,买盘
878,13:58:03,5.21,0.01,20,10420,买盘
879,13:58:00,5.2,-0.01,47,24440,卖盘
880,13:57:57,5.21,--,68,35428,买盘
881,13:57:51,5.21,--,30,15630,买盘
882,13:57:48,5.21,--,3,1563,买盘
883,13:57:42,5.21,--,174,90904,卖盘
884,13:57:39,5.21,--,14,7294,卖盘
885,13:57:36,5.21,--,212,110722,买盘
886,13:57:33,5.21,--,30,15630,买盘
887,13:57:27,5.21,--,23,11983,买盘
888,13:57:24,5.21,--,40,20840,买盘
889,13:57:21,5.21,--,30,15630,买盘
890,13:57:15,5.21,--,439,228719,买盘
891,13:57:12,5.21,0.01,7,3647,买盘
892,13:57:09,5.2,-0.01,30,15600,卖盘
893,13:57:06,5.21,--,49,25529,买盘
894,13:57:03,5.21,--,70,36470,买盘
895,13:56:54,5.21,--,24,12504,买盘
896,13:56:51,5.21,--,68,35428,买盘
897,13:56:48,5.21,--,10,5210,买盘
898,13:56:45,5.21,--,16,8336,买盘
899,13:56:42,5.21,--,58,30218,买盘
900,13:56:36,5.21,0.01,186,96906,买盘
901,13:56:33,5.2,-0.01,8,4160,卖盘
902,13:56:30,5.21,--,46,23966,买盘
903,13:56:27,5.21,--,27,14067,买盘
904,13:56:21,5.21,--,5,2605,买盘
905,13:56:18,5.21,0.01,67,34907,买盘
906,13:56:15,5.2,-0.01,90,46800,卖盘
907,13:56:12,5.21,--,113,58873,买盘
908,13:56:09,5.21,--,104,54184,买盘
909,13:56:06,5.21,--,40,20840,买盘
910,13:56:03,5.21,--,44,22924,买盘
911,13:55:57,5.21,--,20,10420,买盘
912,13:55:54,5.21,--,108,56268,买盘
913,13:55:48,5.21,0.01,181,94301,买盘
914,13:55:45,5.2,-0.01,15,7800,卖盘
915,13:55:42,5.21,--,8,4168,买盘
916,13:55:39,5.21,--,182,94822,买盘
917,13:55:36,5.21,--,166,86736,卖盘
918,13:55:33,5.21,--,301,156821,卖盘
919,13:55:30,5.21,--,672,350112,卖盘
920,13:55:27,5.21,--,192,100032,卖盘
921,13:55:24,5.21,-0.01,147,76587,卖盘
922,13:55:21,5.22,0.01,118,61867,买盘
923,13:55:15,5.21,0.01,334,174014,买盘
924,13:55:12,5.2,--,486,252720,卖盘
925,13:55:09,5.2,-0.01,323,167960,卖盘
926,13:55:06,5.21,--,63,32823,买盘
927,13:55:03,5.21,--,32,16672,买盘
928,13:54:57,5.21,--,20,10420,买盘
929,13:54:54,5.21,--,28,14588,买盘
930,13:54:51,5.21,-0.01,708,369118,卖盘
931,13:54:45,5.22,0.01,200,104400,买盘
932,13:54:39,5.21,--,119,61999,卖盘
933,13:54:36,5.21,--,192,100032,卖盘
934,13:54:33,5.21,--,102,53142,卖盘
935,13:54:30,5.21,--,1,521,卖盘
936,13:54:27,5.21,--,81,42471,买盘
937,13:54:21,5.21,0.01,90,46890,买盘
938,13:54:18,5.2,-0.01,96,49920,卖盘
939,13:54:15,5.21,--,59,30739,买盘
940,13:54:12,5.21,--,103,53663,买盘
941,13:54:06,5.21,--,16,8336,买盘
942,13:54:03,5.21,--,1,521,买盘
943,13:54:00,5.21,--,215,112015,买盘
944,13:53:57,5.21,--,583,303993,卖盘
945,13:53:54,5.21,-0.01,19,9899,卖盘
946,13:53:51,5.22,0.01,3,1566,买盘
947,13:53:42,5.21,--,135,70335,卖盘
948,13:53:33,5.21,--,13,7043,卖盘
949,13:53:30,5.21,--,12,6252,买盘
950,13:53:27,5.21,--,33,17193,买盘
951,13:53:24,5.21,--,10,5210,买盘
952,13:53:21,5.21,--,106,55226,买盘
953,13:53:18,5.21,--,100,52100,买盘
954,13:53:15,5.21,--,94,48974,买盘
955,13:53:09,5.21,--,64,33344,买盘
956,13:53:06,5.21,--,30,15630,买盘
957,13:52:54,5.21,0.01,8,4168,中性盘
958,13:52:51,5.2,-0.01,199,103480,卖盘
959,13:52:48,5.21,--,30,15630,卖盘
960,13:52:45,5.21,--,20,10420,卖盘
961,13:52:42,5.21,--,11,5731,卖盘
962,13:52:36,5.21,0.01,19,9899,买盘
963,13:52:33,5.2,--,10,5200,卖盘
964,13:52:30,5.2,--,29,15080,卖盘
965,13:52:27,5.2,--,24,12480,卖盘
966,13:52:21,5.2,--,15,7800,卖盘
967,13:52:15,5.2,-0.01,561,291720,卖盘
968,13:52:12,5.21,0.01,10,5210,买盘
969,13:52:09,5.2,--,226,117520,买盘
970,13:52:06,5.2,0.01,81,42120,买盘
971,13:52:03,5.19,-0.01,12,6228,卖盘
972,13:52:00,5.2,--,116,60320,买盘
973,13:51:54,5.2,0.01,5,2600,买盘
974,13:51:48,5.19,-0.01,2,1038,卖盘
975,13:51:39,5.2,--,4,2080,买盘
976,13:51:36,5.2,-0.02,2913,1514760,卖盘
977,13:51:33,5.22,0.01,133,69426,买盘
978,13:51:27,5.21,--,16,8336,卖盘
979,13:51:24,5.21,-0.01,2,1042,卖盘
980,13:51:21,5.22,0.01,3,1566,买盘
981,13:51:18,5.21,--,4,2084,卖盘
982,13:51:15,5.21,--,25,13025,卖盘
983,13:51:06,5.21,--,1,521,卖盘
984,13:51:03,5.21,--,102,53142,卖盘
985,13:51:00,5.21,--,200,104200,卖盘
986,13:50:54,5.21,--,10,5210,卖盘
987,13:50:45,5.21,-0.01,30,15630,卖盘
988,13:50:36,5.22,0.01,108,56376,买盘
989,13:50:33,5.21,-0.01,12,6252,卖盘
990,13:50:30,5.22,--,32,16704,买盘
991,13:50:27,5.22,--,2,1044,买盘
992,13:50:24,5.22,--,1,522,买盘
993,13:50:21,5.22,--,362,189465,卖盘
994,13:50:18,5.22,-0.01,24,12528,卖盘
995,13:50:15,5.23,0.01,6,3138,买盘
996,13:50:12,5.22,--,20,10440,卖盘
997,13:50:09,5.22,--,10,5220,卖盘
998,13:50:03,5.22,-0.01,29,15138,卖盘
999,13:49:54,5.23,--,5,2615,买盘
1000,13:49:51,5.23,--,30,15690,买盘
1001,13:49:42,5.23,0.01,22,11506,买盘
1002,13:49:39,5.22,-0.01,50,26100,卖盘
1003,13:49:36,5.23,--,10,5230,买盘
1004,13:49:30,5.23,--,261,136503,卖盘
1005,13:49:24,5.23,--,25,13075,卖盘
1006,13:49:21,5.23,--,250,130750,卖盘
1007,13:49:15,5.23,--,137,71651,卖盘
1008,13:49:12,5.23,--,5,2615,卖盘
1009,13:49:09,5.23,--,3,1569,卖盘
1010,13:49:03,5.23,-0.01,100,52300,卖盘
1011,13:48:45,5.24,0.01,3,1572,买盘
1012,13:48:39,5.23,--,1,523,卖盘
1013,13:48:33,5.23,--,155,81065,卖盘
1014,13:48:30,5.23,--,38,19874,卖盘
1015,13:48:21,5.23,-0.01,2,1046,卖盘
1016,13:48:18,5.24,--,9,4716,买盘
1017,13:48:12,5.24,0.01,4,2096,买盘
1018,13:48:06,5.23,--,23,12029,卖盘
1019,13:48:00,5.23,--,1,523,卖盘
1020,13:47:54,5.23,-0.01,13,6799,卖盘
1021,13:47:48,5.24,--,15,7860,买盘
1022,13:47:42,5.24,0.01,2,1048,买盘
1023,13:47:33,5.23,-0.01,25,13075,卖盘
1024,13:47:30,5.24,0.01,4,2096,买盘
1025,13:47:24,5.23,--,1,523,卖盘
1026,13:47:09,5.23,--,200,104600,卖盘
1027,13:47:06,5.23,--,14,7322,卖盘
1028,13:47:00,5.23,0.01,119,62237,卖盘
1029,13:46:57,5.22,-0.01,195,101790,卖盘
1030,13:46:54,5.23,--,31,16213,买盘
1031,13:46:51,5.23,--,10,5230,买盘
1032,13:46:48,5.23,--,5,2615,买盘
1033,13:46:45,5.23,--,10,5230,买盘
1034,13:46:36,5.23,--,30,15690,买盘
1035,13:46:30,5.23,--,30,15690,买盘
1036,13:46:27,5.23,0.01,98,51254,买盘
1037,13:46:15,5.22,--,52,27144,卖盘
1038,13:46:11,5.22,-0.02,971,506862,卖盘
1039,13:46:08,5.24,0.01,867,454308,买盘
1040,13:46:05,5.23,--,14,7322,卖盘
1041,13:45:56,5.23,--,25,13075,卖盘
1042,13:45:53,5.23,-0.01,37,19351,卖盘
1043,13:45:50,5.24,0.01,30,15720,买盘
1044,13:45:41,5.23,--,61,31903,卖盘
1045,13:45:38,5.23,--,20,10460,卖盘
1046,13:45:26,5.23,--,59,30857,买盘
1047,13:45:23,5.23,0.01,13,6799,中性盘
1048,13:45:11,5.22,-0.01,127,66294,卖盘
1049,13:45:05,5.23,0.01,464,242672,买盘
1050,13:44:59,5.22,--,1,522,卖盘
1051,13:44:50,5.22,--,21,10962,卖盘
1052,13:44:47,5.22,--,44,22968,卖盘
1053,13:44:44,5.22,-0.01,20,10440,卖盘
1054,13:44:38,5.23,0.01,10,5230,买盘
1055,13:44:35,5.22,--,10,5220,卖盘
1056,13:44:32,5.22,--,6,3132,卖盘
1057,13:44:29,5.22,--,8,4176,卖盘
1058,13:44:23,5.22,-0.01,64,33408,卖盘
1059,13:44:20,5.23,0.01,4,2092,买盘
1060,13:44:17,5.22,--,15,7830,卖盘
1061,13:44:14,5.22,-0.01,405,211410,卖盘
1062,13:44:05,5.23,0.01,56,29288,买盘
1063,13:44:02,5.22,--,12,6264,卖盘
1064,13:43:59,5.22,--,161,84042,卖盘
1065,13:43:53,5.22,--,10,5220,卖盘
1066,13:43:50,5.22,--,611,318942,卖盘
1067,13:43:35,5.22,-0.01,103,53766,卖盘
1068,13:43:32,5.23,--,3,1569,买盘
1069,13:43:29,5.23,0.01,14,7322,买盘
1070,13:43:26,5.22,-0.02,101,52722,卖盘
1071,13:43:23,5.24,0.01,10,5240,买盘
1072,13:43:17,5.23,--,217,113491,买盘
1073,13:43:14,5.23,--,74,38702,卖盘
1074,13:43:11,5.23,--,100,52300,卖盘
1075,13:43:08,5.23,--,20,10460,卖盘
1076,13:43:05,5.23,--,44,23012,卖盘
1077,13:42:59,5.23,--,3,1569,卖盘
1078,13:42:56,5.23,--,5,2615,卖盘
1079,13:42:53,5.23,--,10,5230,卖盘
1080,13:42:50,5.23,--,284,148532,卖盘
1081,13:42:47,5.23,--,40,20920,卖盘
1082,13:42:44,5.23,--,104,54392,卖盘
1083,13:42:41,5.23,--,270,141210,卖盘
1084,13:42:35,5.23,-0.01,104,54392,卖盘
1085,13:42:32,5.24,0.01,1,524,买盘
1086,13:42:29,5.23,--,19,9937,卖盘
1087,13:42:23,5.23,--,8,4184,卖盘
1088,13:42:17,5.23,--,2,1046,卖盘
1089,13:42:14,5.23,--,185,96755,卖盘
1090,13:42:11,5.23,--,5,2615,卖盘
1091,13:42:05,5.23,-0.01,125,65375,卖盘
1092,13:42:02,5.24,--,57,29868,买盘
1093,13:41:59,5.24,0.01,51,26724,买盘
1094,13:41:47,5.23,--,402,210246,卖盘
1095,13:41:44,5.23,--,27,14121,卖盘
1096,13:41:41,5.23,--,62,32426,卖盘
1097,13:41:26,5.23,-0.01,454,237442,卖盘
1098,13:41:23,5.24,--,53,27772,买盘
1099,13:41:20,5.24,0.01,13,6812,买盘
1100,13:41:17,5.23,-0.01,2,1046,卖盘
1101,13:41:11,5.24,--,158,82792,买盘
1102,13:41:05,5.24,--,4,2096,买盘
1103,13:41:02,5.24,0.01,64,33536,买盘
1104,13:40:56,5.23,-0.01,2,1046,卖盘
1105,13:40:53,5.24,0.01,20,10480,买盘
1106,13:40:50,5.23,-0.01,27,14121,卖盘
1107,13:40:44,5.24,--,21,11004,买盘
1108,13:40:32,5.24,--,30,15720,买盘
1109,13:40:29,5.24,0.01,3,1572,买盘
1110,13:40:26,5.23,--,69,36087,卖盘
1111,13:40:20,5.23,--,51,26673,卖盘
1112,13:40:17,5.23,-0.01,37,19351,卖盘
1113,13:40:14,5.24,--,50,26200,买盘
1114,13:40:11,5.24,--,50,26200,买盘
1115,13:40:05,5.24,--,130,68120,买盘
1116,13:40:02,5.24,--,36,18864,买盘
1117,13:39:59,5.24,0.01,14,7336,买盘
1118,13:39:53,5.23,-0.01,28,14644,卖盘
1119,13:39:38,5.24,--,24,12576,买盘
1120,13:39:35,5.24,--,22,11528,买盘
1121,13:39:32,5.24,--,410,214840,买盘
1122,13:39:29,5.24,--,58,30392,买盘
1123,13:39:26,5.24,--,3,1572,买盘
1124,13:39:20,5.24,--,304,159296,买盘
1125,13:39:17,5.24,0.01,9,4716,买盘
1126,13:39:11,5.23,-0.01,217,113491,卖盘
1127,13:39:08,5.24,--,10,5240,买盘
1128,13:39:05,5.24,0.01,1,524,买盘
1129,13:38:59,5.23,-0.01,1,523,卖盘
1130,13:38:53,5.24,--,5,2620,买盘
1131,13:38:50,5.24,--,122,63928,买盘
1132,13:38:44,5.24,--,12,6288,买盘
1133,13:38:35,5.24,--,74,38776,买盘
1134,13:38:29,5.24,--,210,110040,买盘
1135,13:38:26,5.24,--,55,28820,买盘
1136,13:38:23,5.24,--,208,108992,卖盘
1137,13:38:20,5.24,-0.01,5,2620,卖盘
1138,13:38:17,5.25,0.01,10,5250,买盘
1139,13:38:11,5.24,-0.01,24,12576,卖盘
1140,13:37:56,5.25,--,1,525,买盘
1141,13:37:47,5.25,0.01,20,10500,买盘
1142,13:37:44,5.24,--,150,78600,卖盘
1143,13:37:35,5.24,--,97,50828,卖盘
1144,13:37:29,5.24,--,21,11004,卖盘
1145,13:37:17,5.24,-0.01,70,36680,卖盘
1146,13:37:14,5.25,--,209,109725,买盘
1147,13:37:08,5.25,--,31,16275,买盘
1148,13:36:53,5.25,--,532,279783,卖盘
1149,13:36:50,5.25,-0.01,30,15750,卖盘
1150,13:36:47,5.26,0.01,1,526,买盘
1151,13:36:44,5.25,--,20,10500,卖盘
1152,13:36:41,5.25,--,1,525,卖盘
1153,13:36:29,5.25,--,5,2625,卖盘
1154,13:36:26,5.25,--,22,11550,卖盘
1155,13:36:05,5.25,--,10,5250,卖盘
1156,13:35:59,5.25,-0.01,20,10500,卖盘
1157,13:35:56,5.26,--,10,5260,买盘
1158,13:35:53,5.26,--,23,12098,买盘
1159,13:35:44,5.26,0.01,16,8416,买盘
1160,13:35:38,5.25,-0.01,10,5250,卖盘
1161,13:35:32,5.26,--,50,26300,买盘
1162,13:35:29,5.26,0.01,13,6838,买盘
1163,13:35:26,5.25,--,30,15750,卖盘
1164,13:35:20,5.25,-0.01,1,525,卖盘
1165,13:35:05,5.26,--,1,526,买盘
1166,13:35:02,5.26,--,16,8416,买盘
1167,13:34:53,5.26,0.01,7,3682,买盘
1168,13:34:50,5.25,--,15,7875,卖盘
1169,13:34:47,5.25,--,2,1050,卖盘
1170,13:34:41,5.25,--,103,54075,卖盘
1171,13:34:35,5.25,--,213,111825,卖盘
1172,13:34:32,5.25,--,20,10500,卖盘
1173,13:34:26,5.25,--,12,6300,卖盘
1174,13:34:23,5.25,--,10,5250,卖盘
1175,13:34:14,5.25,-0.01,47,24675,卖盘
1176,13:34:11,5.26,0.01,209,109934,买盘
1177,13:34:08,5.25,-0.01,3,1575,卖盘
1178,13:34:05,5.26,--,1,526,买盘
1179,13:33:56,5.26,0.01,192,100992,买盘
1180,13:33:53,5.25,-0.01,5,2625,卖盘
1181,13:33:47,5.26,0.01,2,1052,买盘
1182,13:33:44,5.25,--,15,7875,卖盘
1183,13:33:38,5.25,-0.01,1,525,卖盘
1184,13:33:35,5.26,0.01,128,67328,买盘
1185,13:33:29,5.25,--,33,17325,卖盘
1186,13:33:20,5.25,--,10,5250,卖盘
1187,13:33:14,5.25,--,20,10500,卖盘
1188,13:33:08,5.25,--,20,10500,卖盘
1189,13:33:02,5.25,-0.01,63,33075,卖盘
1190,13:32:47,5.26,--,50,26300,买盘
1191,13:32:20,5.26,--,101,53126,买盘
1192,13:32:17,5.26,--,80,42080,卖盘
1193,13:32:14,5.26,--,20,10520,卖盘
1194,13:32:08,5.26,--,4,2104,卖盘
1195,13:32:05,5.26,--,35,18410,卖盘
1196,13:32:02,5.26,--,6,3156,卖盘
1197,13:31:53,5.26,--,3,1578,卖盘
1198,13:31:50,5.26,--,1,526,卖盘
1199,13:31:32,5.26,--,5,2630,卖盘
1200,13:31:29,5.26,--,97,51022,卖盘
1201,13:31:23,5.26,0.01,344,180944,买盘
1202,13:31:20,5.25,--,18,9450,卖盘
1203,13:31:05,5.25,-0.01,53,27825,卖盘
1204,13:31:02,5.26,0.01,14,7364,买盘
1205,13:30:53,5.25,-0.01,20,10500,卖盘
1206,13:30:50,5.26,0.01,15,7890,买盘
1207,13:30:41,5.25,-0.01,7,3675,卖盘
1208,13:30:38,5.26,--,6,3156,买盘
1209,13:30:23,5.26,--,29,15254,卖盘
1210,13:30:17,5.26,--,20,10520,卖盘
1211,13:30:14,5.26,--,18,9468,卖盘
1212,13:30:02,5.26,--,28,14728,买盘
1213,13:29:56,5.26,-0.01,7,3682,卖盘
1214,13:29:53,5.27,--,7,3688,买盘
1215,13:29:50,5.27,--,55,28984,买盘
1216,13:29:44,5.27,0.01,9,4743,买盘
1217,13:29:38,5.26,-0.01,31,16306,卖盘
1218,13:29:29,5.27,0.01,55,28984,买盘
1219,13:29:23,5.26,--,40,21040,卖盘
1220,13:29:14,5.26,--,2,1052,卖盘
1221,13:29:11,5.26,-0.01,310,163060,卖盘
1222,13:29:08,5.27,--,20,10540,买盘
1223,13:29:05,5.27,--,4,2108,买盘
1224,13:29:02,5.27,--,213,112250,买盘
1225,13:28:53,5.27,--,20,10540,买盘
1226,13:28:50,5.27,--,14,7377,买盘
1227,13:28:47,5.27,0.01,10,5270,买盘
1228,13:28:44,5.26,-0.01,5,2630,卖盘
1229,13:28:41,5.27,--,22,11593,买盘
1230,13:28:35,5.27,0.01,13,6850,买盘
1231,13:28:32,5.26,--,22,11572,卖盘
1232,13:28:29,5.26,-0.01,10,5260,卖盘
1233,13:28:26,5.27,0.01,7,3688,买盘
1234,13:28:14,5.26,-0.01,2,1052,卖盘
1235,13:28:11,5.27,0.01,41,21607,买盘
1236,13:28:08,5.26,--,1,526,卖盘
1237,13:28:02,5.26,--,1010,531260,卖盘
1238,13:27:56,5.26,--,5,2630,卖盘
1239,13:27:41,5.26,-0.01,27,14202,卖盘
1240,13:27:38,5.27,0.01,22,11593,买盘
1241,13:27:35,5.26,-0.01,22,11572,卖盘
1242,13:27:32,5.27,0.01,165,86955,买盘
1243,13:27:26,5.26,-0.01,8,4208,卖盘
1244,13:27:23,5.27,--,51,26876,买盘
1245,13:27:17,5.27,--,12,6323,买盘
1246,13:27:11,5.27,--,10,5270,买盘
1247,13:27:05,5.27,--,22,11593,买盘
1248,13:26:50,5.27,--,18,9486,买盘
1249,13:26:47,5.27,--,30,15809,买盘
1250,13:26:29,5.27,--,1,527,买盘
1251,13:26:26,5.27,--,6,3161,买盘
1252,13:26:23,5.27,0.01,14,7377,买盘
1253,13:26:20,5.26,--,119,62594,卖盘
1254,13:26:17,5.26,-0.01,9,4734,卖盘
1255,13:26:11,5.27,0.01,10,5270,买盘
1256,13:26:08,5.26,--,1,526,卖盘
1257,13:26:02,5.26,--,20,10520,卖盘
1258,13:25:59,5.26,-0.01,25,13150,卖盘
1259,13:25:53,5.27,0.01,6,3161,买盘
1260,13:25:47,5.26,--,23,12098,卖盘
1261,13:25:44,5.26,--,3,1578,卖盘
1262,13:25:35,5.26,--,8,4208,卖盘
1263,13:25:31,5.26,--,11,5786,卖盘
1264,13:25:28,5.26,--,73,38398,买盘
1265,13:25:22,5.26,-0.01,193,101518,卖盘
1266,13:25:19,5.27,--,1,527,买盘
1267,13:25:16,5.27,0.01,47,24768,买盘
1268,13:25:13,5.26,--,3,1578,卖盘
1269,13:25:07,5.26,-0.01,253,133078,卖盘
1270,13:25:04,5.27,--,10,5270,买盘
1271,13:24:55,5.27,--,16,8432,买盘
1272,13:24:52,5.27,0.01,5,2635,买盘
1273,13:24:43,5.26,-0.01,78,41028,卖盘
1274,13:24:34,5.27,0.01,10,5270,买盘
1275,13:24:31,5.26,--,10,5260,卖盘
1276,13:24:25,5.26,--,10,5260,卖盘
1277,13:24:13,5.26,-0.01,7,3682,卖盘
1278,13:24:04,5.27,0.01,1,527,买盘
1279,13:23:58,5.26,--,16,8416,卖盘
1280,13:23:55,5.26,--,50,26300,卖盘
1281,13:23:52,5.26,--,19,9994,卖盘
1282,13:23:49,5.26,--,37,19462,卖盘
1283,13:23:43,5.26,--,42,22092,卖盘
1284,13:23:40,5.26,--,112,58912,卖盘
1285,13:23:34,5.26,--,100,52600,卖盘
1286,13:23:25,5.26,--,22,11572,卖盘
1287,13:23:22,5.26,--,8,4208,买盘
1288,13:23:19,5.26,--,56,29456,卖盘
1289,13:23:16,5.26,--,17,8942,买盘
1290,13:23:13,5.26,--,72,37872,卖盘
1291,13:23:07,5.26,-0.01,20,10520,卖盘
1292,13:23:01,5.27,0.01,837,441098,买盘
1293,13:22:49,5.26,--,10,5260,买盘
1294,13:22:46,5.26,0.01,4,2104,买盘
1295,13:22:40,5.25,--,367,192717,卖盘
1296,13:22:31,5.25,-0.01,89,46725,卖盘
1297,13:22:22,5.26,--,25,13150,买盘
1298,13:22:19,5.26,--,1,526,买盘
1299,13:22:13,5.26,0.01,5,2630,买盘
1300,13:22:07,5.25,-0.01,25,13125,卖盘
1301,13:22:04,5.26,0.01,1,526,买盘
1302,13:21:58,5.25,--,78,40950,卖盘
1303,13:21:55,5.25,--,2,1050,卖盘
1304,13:21:46,5.25,--,62,32550,买盘
1305,13:21:43,5.25,0.01,11,5775,买盘
1306,13:21:40,5.24,-0.01,41,21484,卖盘
1307,13:21:34,5.25,--,38,19950,买盘
1308,13:21:31,5.25,--,75,39375,买盘
1309,13:21:25,5.25,--,71,37275,买盘
1310,13:21:13,5.25,0.01,6,3150,买盘
1311,13:21:10,5.24,--,5,2620,卖盘
1312,13:20:55,5.24,--,142,74408,卖盘
1313,13:20:34,5.24,0.01,90,47160,买盘
1314,13:20:31,5.23,--,5,2615,卖盘
1315,13:20:28,5.23,-0.01,10,5230,卖盘
1316,13:20:19,5.24,--,135,70740,买盘
1317,13:20:16,5.24,--,7,3668,买盘
1318,13:20:07,5.24,--,5,2620,买盘
1319,13:20:04,5.24,--,29,15196,买盘
1320,13:19:58,5.24,--,2,1048,买盘
1321,13:19:49,5.24,0.01,80,41920,买盘
1322,13:19:43,5.23,-0.01,11,5753,卖盘
1323,13:19:40,5.24,0.01,20,10480,买盘
1324,13:19:37,5.23,-0.01,10,5230,卖盘
1325,13:19:31,5.24,0.01,3,1572,买盘
1326,13:19:25,5.23,--,10,5230,卖盘
1327,13:19:19,5.23,--,31,16213,卖盘
1328,13:18:55,5.23,-0.01,6,3138,中性盘
1329,13:18:46,5.24,0.01,310,162440,买盘
1330,13:18:37,5.23,--,39,20397,卖盘
1331,13:18:31,5.23,--,331,173113,卖盘
1332,13:18:28,5.23,--,79,41337,买盘
1333,13:18:22,5.23,0.01,5,2615,买盘
1334,13:18:16,5.22,--,2,1044,卖盘
1335,13:18:10,5.22,-0.01,89,46458,卖盘
1336,13:18:07,5.23,0.01,37,19351,买盘
1337,13:18:04,5.22,--,1,522,卖盘
1338,13:18:01,5.22,--,3,1566,卖盘
1339,13:17:55,5.22,--,68,35496,卖盘
1340,13:17:52,5.22,--,70,36540,卖盘
1341,13:17:49,5.22,-0.01,100,52200,卖盘
1342,13:17:43,5.23,--,25,13075,买盘
1343,13:17:37,5.23,--,3,1569,买盘
1344,13:17:34,5.23,--,20,10460,买盘
1345,13:17:31,5.23,--,443,232191,卖盘
1346,13:17:19,5.23,--,300,156900,卖盘
1347,13:17:10,5.23,-0.01,4,2092,卖盘
1348,13:17:04,5.24,--,50,26200,买盘
1349,13:17:01,5.24,0.01,1,524,买盘
1350,13:16:55,5.23,-0.01,200,104600,卖盘
1351,13:16:52,5.24,0.01,10,5240,买盘
1352,13:16:49,5.23,--,50,26150,卖盘
1353,13:16:46,5.23,-0.01,18,9414,卖盘
1354,13:16:43,5.24,--,16,8384,买盘
1355,13:16:28,5.24,--,64,33536,卖盘
1356,13:16:22,5.24,--,31,16244,卖盘
1357,13:16:10,5.24,--,18,9432,买盘
1358,13:16:07,5.24,--,5,2620,买盘
1359,13:16:04,5.24,0.01,40,20960,买盘
1360,13:15:58,5.23,-0.01,20,10460,卖盘
1361,13:15:55,5.24,--,8,4192,买盘
1362,13:15:52,5.24,0.01,153,80172,买盘
1363,13:15:49,5.23,--,63,32949,卖盘
1364,13:15:37,5.23,--,41,21443,卖盘
1365,13:15:28,5.23,--,3,1569,卖盘
1366,13:15:04,5.23,-0.01,2,1046,卖盘
1367,13:14:58,5.24,0.01,1,524,买盘
1368,13:14:49,5.23,--,10,5230,卖盘
1369,13:14:46,5.23,--,1,523,卖盘
1370,13:14:43,5.23,--,3,1569,卖盘
1371,13:14:40,5.23,--,107,55961,卖盘
1372,13:14:37,5.23,--,20,10460,卖盘
1373,13:14:34,5.23,--,10,5230,卖盘
1374,13:14:31,5.23,--,20,10460,卖盘
1375,13:14:25,5.23,--,412,215496,买盘
1376,13:14:19,5.23,0.01,50,26150,买盘
1377,13:14:16,5.22,-0.01,1,522,卖盘
1378,13:14:10,5.23,0.01,40,20920,买盘
1379,13:14:07,5.22,-0.01,4,2088,卖盘
1380,13:14:01,5.23,--,38,19874,买盘
1381,13:13:58,5.23,--,1,523,买盘
1382,13:13:55,5.23,--,335,175707,卖盘
1383,13:13:37,5.23,-0.01,5,2615,卖盘
1384,13:13:34,5.24,--,3,1572,买盘
1385,13:13:22,5.24,0.01,9,4736,买盘
1386,13:13:16,5.23,-0.01,503,263571,卖盘
1387,13:13:04,5.24,--,57,29868,买盘
1388,13:13:01,5.24,0.01,1,524,买盘
1389,13:12:58,5.23,--,840,439320,卖盘
1390,13:12:52,5.23,-0.01,17,8891,卖盘
1391,13:12:43,5.24,0.01,128,67072,买盘
1392,13:12:40,5.23,--,15,7845,卖盘
1393,13:12:31,5.23,--,200,104600,卖盘
1394,13:12:28,5.23,-0.01,5,2615,卖盘
1395,13:12:25,5.24,0.01,38,19912,买盘
1396,13:12:22,5.23,-0.01,5,2615,卖盘
1397,13:12:16,5.24,0.01,21,11004,买盘
1398,13:12:10,5.23,--,284,148532,卖盘
1399,13:12:01,5.23,-0.01,30,15690,卖盘
1400,13:11:49,5.24,0.01,51,26724,买盘
1401,13:11:43,5.23,-0.01,21,10983,卖盘
1402,13:11:34,5.24,0.01,2,1048,买盘
1403,13:11:31,5.23,-0.01,2,1046,卖盘
1404,13:11:28,5.24,0.01,10,5240,买盘
1405,13:11:25,5.23,--,169,88387,卖盘
1406,13:11:22,5.23,-0.01,119,62237,卖盘
1407,13:11:19,5.24,--,10,5240,买盘
1408,13:11:16,5.24,--,8,4192,买盘
1409,13:11:13,5.24,--,18,9432,买盘
1410,13:11:10,5.24,--,2,1048,买盘
1411,13:11:07,5.24,--,65,34060,买盘
1412,13:10:55,5.24,--,10,5240,买盘
1413,13:10:49,5.24,--,23,12052,买盘
1414,13:10:46,5.24,-0.01,331,173444,卖盘
1415,13:10:40,5.25,--,2,1050,买盘
1416,13:10:34,5.25,--,11,5775,卖盘
1417,13:10:31,5.25,--,94,49350,买盘
1418,13:10:28,5.25,--,12,6300,买盘
1419,13:10:25,5.25,--,20,10500,买盘
1420,13:10:19,5.25,--,90,47250,买盘
1421,13:10:16,5.25,0.01,21,11025,买盘
1422,13:10:10,5.24,-0.01,10,5240,卖盘
1423,13:10:04,5.25,--,2,1050,买盘
1424,13:09:58,5.25,--,1,525,买盘
1425,13:09:55,5.25,--,49,25725,买盘
1426,13:09:52,5.25,--,25,13125,买盘
1427,13:09:49,5.25,--,100,52500,买盘
1428,13:09:43,5.25,0.01,5,2625,买盘
1429,13:09:40,5.24,--,5,2620,卖盘
1430,13:09:37,5.24,--,3,1572,卖盘
1431,13:09:31,5.24,-0.01,60,31440,卖盘
1432,13:09:22,5.25,0.01,33,17325,买盘
1433,13:09:10,5.24,-0.01,543,284532,卖盘
1434,13:09:04,5.25,--,5,2625,买盘
1435,13:09:01,5.25,--,100,52500,买盘
1436,13:08:58,5.25,0.01,6,3150,买盘
1437,13:08:55,5.24,--,8,4192,卖盘
1438,13:08:52,5.24,-0.01,9,4716,卖盘
1439,13:08:43,5.25,--,3,1575,买盘
1440,13:08:40,5.25,0.01,10,5250,买盘
1441,13:08:37,5.24,-0.01,2,1048,卖盘
1442,13:08:25,5.25,--,4,2100,买盘
1443,13:08:22,5.25,--,13,6825,买盘
1444,13:08:16,5.25,0.01,141,74025,买盘
1445,13:08:10,5.24,--,8,4192,买盘
1446,13:08:07,5.24,--,100,52400,买盘
1447,13:07:58,5.24,--,11,5764,买盘
1448,13:07:55,5.24,-0.01,1021,535004,卖盘
1449,13:07:49,5.25,--,3,1575,买盘
1450,13:07:46,5.25,0.01,45,23625,买盘
1451,13:07:37,5.24,-0.01,6,3144,卖盘
1452,13:07:34,5.25,0.01,20,10500,买盘
1453,13:07:31,5.24,-0.01,28,14672,卖盘
1454,13:07:25,5.25,0.02,9,4725,买盘
1455,13:07:07,5.23,-0.01,111,58053,卖盘
1456,13:07:04,5.24,--,37,19388,卖盘
1457,13:06:58,5.24,--,40,20960,买盘
1458,13:06:49,5.24,-0.01,5,2620,中性盘
1459,13:06:37,5.25,0.02,1,525,买盘
1460,13:06:34,5.23,-0.01,68,35564,卖盘
1461,13:06:21,5.24,0.01,5,2620,买盘
1462,13:06:18,5.23,-0.01,10,5230,卖盘
1463,13:06:12,5.24,--,1,524,买盘
1464,13:06:06,5.24,--,40,20960,卖盘
1465,13:06:00,5.24,--,45,23580,买盘
1466,13:05:51,5.24,--,9,4716,买盘
1467,13:05:48,5.24,--,10,5240,买盘
1468,13:05:45,5.24,--,28,14672,买盘
1469,13:05:33,5.24,--,26,13624,卖盘
1470,13:05:27,5.24,0.01,1,524,卖盘
1471,13:05:24,5.23,-0.01,62,32426,卖盘
1472,13:05:15,5.24,--,4,2096,买盘
1473,13:05:09,5.24,--,293,153532,买盘
1474,13:04:57,5.24,0.01,10,5240,中性盘
1475,13:04:51,5.23,-0.01,222,116106,卖盘
1476,13:04:45,5.24,-0.01,2,1048,卖盘
1477,13:04:42,5.25,0.01,5,2625,买盘
1478,13:04:39,5.24,-0.01,12,6288,卖盘
1479,13:04:33,5.25,--,12,6300,买盘
1480,13:04:30,5.25,0.01,5,2625,买盘
1481,13:04:24,5.24,--,9,4716,卖盘
1482,13:04:21,5.24,--,3,1572,卖盘
1483,13:04:12,5.24,--,25,13100,卖盘
1484,13:04:09,5.24,-0.01,1,524,卖盘
1485,13:04:03,5.25,0.01,10,5250,中性盘
1486,13:03:57,5.24,--,10,5240,卖盘
1487,13:03:51,5.24,-0.01,312,163488,卖盘
1488,13:03:48,5.25,0.01,124,65100,买盘
1489,13:03:39,5.24,--,10,5240,卖盘
1490,13:03:33,5.24,--,30,15720,卖盘
1491,13:03:30,5.24,--,8,4192,卖盘
1492,13:03:27,5.24,-0.01,4,2096,卖盘
1493,13:03:24,5.25,--,25,13125,买盘
1494,13:03:18,5.25,0.01,20,10500,买盘
1495,13:03:12,5.24,-0.01,63,33012,卖盘
1496,13:03:03,5.25,--,9,4725,买盘
1497,13:03:00,5.25,--,1,525,买盘
1498,13:02:51,5.25,--,10,5250,买盘
1499,13:02:45,5.25,--,5,2625,买盘
1500,13:02:36,5.25,--,70,36750,卖盘
1501,13:02:30,5.25,-0.01,10,5250,卖盘
1502,13:02:24,5.26,--,3,1578,买盘
1503,13:02:21,5.26,--,2,1052,买盘
1504,13:02:18,5.26,--,20,10520,买盘
1505,13:02:09,5.26,--,10,5260,买盘
1506,13:02:06,5.26,0.01,22,11572,买盘
1507,13:01:57,5.25,-0.01,8,4200,卖盘
1508,13:01:51,5.26,0.01,3,1578,买盘
1509,13:01:45,5.25,--,2,1050,卖盘
1510,13:01:42,5.25,-0.01,5,2625,卖盘
1511,13:01:33,5.26,0.01,100,52600,买盘
1512,13:01:18,5.25,--,1,525,卖盘
1513,13:01:15,5.25,-0.01,9,4725,卖盘
1514,13:01:12,5.26,0.01,14,7364,买盘
1515,13:01:09,5.25,--,1,525,卖盘
1516,13:00:57,5.25,-0.01,17,8925,卖盘
1517,13:00:51,5.26,--,3,1578,买盘
1518,13:00:45,5.26,--,57,29982,买盘
1519,13:00:42,5.26,0.01,3,1578,买盘
1520,13:00:21,5.25,-0.01,13,6825,中性盘
1521,13:00:15,5.26,--,40,21040,买盘
1522,13:00:09,5.26,--,23,12098,买盘
1523,13:00:06,5.26,0.01,318,167268,买盘
1524,13:00:03,5.25,-0.01,1237,649425,卖盘
1525,11:29:38,5.26,--,50,26300,买盘
1526,11:29:20,5.26,0.01,20,10520,买盘
1527,11:29:17,5.25,-0.01,1,525,卖盘
1528,11:29:14,5.26,--,10,5260,买盘
1529,11:29:11,5.26,--,2,1052,买盘
1530,11:29:08,5.26,--,7,3682,买盘
1531,11:29:02,5.26,0.01,10,5260,买盘
1532,11:28:59,5.25,-0.01,100,52500,卖盘
1533,11:28:56,5.26,0.01,25,13150,买盘
1534,11:28:53,5.25,-0.01,64,33600,卖盘
1535,11:28:44,5.26,--,1,526,买盘
1536,11:28:35,5.26,--,196,103096,卖盘
1537,11:28:29,5.26,-0.01,200,105200,卖盘
1538,11:28:23,5.27,--,4,2108,买盘
1539,11:28:20,5.27,0.01,52,27403,买盘
1540,11:28:17,5.26,--,5,2630,卖盘
1541,11:28:08,5.26,-0.01,1,526,卖盘
1542,11:28:02,5.27,0.01,73,38471,买盘
1543,11:27:56,5.26,--,3,1578,卖盘
1544,11:27:47,5.26,-0.01,2,1052,卖盘
1545,11:27:44,5.27,0.01,90,47429,买盘
1546,11:27:41,5.26,0.01,101,53126,买盘
1547,11:27:38,5.25,-0.01,20,10500,卖盘
1548,11:27:35,5.26,-0.01,2,1052,买盘
1549,11:27:29,5.27,0.02,1500,790499,买盘
1550,11:27:23,5.25,-0.01,79,41475,卖盘
1551,11:27:20,5.26,--,1,526,买盘
1552,11:27:08,5.26,--,20,10520,卖盘
1553,11:27:05,5.26,--,52,27352,卖盘
1554,11:26:59,5.26,--,3,1578,卖盘
1555,11:26:56,5.26,0.01,1450,762700,买盘
1556,11:26:47,5.25,--,2,1050,卖盘
1557,11:26:44,5.25,--,74,38850,卖盘
1558,11:26:41,5.25,--,25,13125,卖盘
1559,11:26:35,5.25,--,30,15750,卖盘
1560,11:26:32,5.25,--,18,9450,卖盘
1561,11:26:23,5.25,--,100,52500,卖盘
1562,11:26:20,5.25,--,10,5250,卖盘
1563,11:26:17,5.25,--,59,30975,卖盘
1564,11:26:14,5.25,--,35,18375,卖盘
1565,11:26:02,5.25,--,24,12600,卖盘
1566,11:25:59,5.25,0.01,381,200025,买盘
1567,11:25:53,5.24,-0.01,5,2620,卖盘
1568,11:25:47,5.25,--,10,5250,买盘
1569,11:25:35,5.25,--,22,11550,买盘
1570,11:25:28,5.25,0.01,60,31500,买盘
1571,11:25:16,5.24,--,24,12576,卖盘
1572,11:25:10,5.24,--,2,1048,卖盘
1573,11:25:07,5.24,--,18,9432,卖盘
1574,11:25:01,5.24,--,50,26200,卖盘
1575,11:24:58,5.24,--,50,26200,卖盘
1576,11:24:52,5.24,--,3,1572,卖盘
1577,11:24:49,5.24,0.01,72,37728,买盘
1578,11:24:43,5.23,-0.01,2,1046,卖盘
1579,11:24:34,5.24,--,1,524,买盘
1580,11:24:28,5.24,--,9,4716,买盘
1581,11:24:22,5.24,-0.01,13,6812,卖盘
1582,11:24:19,5.25,0.01,10,5250,买盘
1583,11:24:16,5.24,-0.01,2,1048,卖盘
1584,11:24:13,5.25,--,18,9450,买盘
1585,11:23:55,5.25,--,11,5775,卖盘
1586,11:23:52,5.25,--,1,525,卖盘
1587,11:23:43,5.25,--,28,14700,卖盘
1588,11:23:37,5.25,--,63,33075,买盘
1589,11:23:28,5.25,--,1,525,买盘
1590,11:23:25,5.25,--,500,262500,买盘
1591,11:23:19,5.25,--,2,1050,买盘
1592,11:23:13,5.25,--,166,87150,买盘
1593,11:23:07,5.25,0.01,4,2100,买盘
1594,11:23:04,5.24,-0.02,20,10480,卖盘
1595,11:23:01,5.26,0.01,500,263000,买盘
1596,11:22:58,5.25,--,40,21000,买盘
1597,11:22:55,5.25,--,20,10500,买盘
1598,11:22:52,5.25,0.01,2,1050,买盘
1599,11:22:49,5.24,-0.01,10,5240,卖盘
1600,11:22:46,5.25,--,7,3675,买盘
1601,11:22:40,5.25,0.01,1,525,卖盘
1602,11:22:34,5.24,-0.01,115,60260,卖盘
1603,11:22:28,5.25,-0.01,13,6825,中性盘
1604,11:22:13,5.26,0.01,1030,541780,买盘
1605,11:22:10,5.25,0.01,137,71925,买盘
1606,11:22:04,5.24,--,100,52400,卖盘
1607,11:21:55,5.24,-0.01,300,157200,卖盘
1608,11:21:52,5.25,0.01,919,482496,买盘
1609,11:21:49,5.24,--,14,7336,卖盘
1610,11:21:43,5.24,--,56,29344,卖盘
1611,11:21:37,5.24,-0.01,103,53972,卖盘
1612,11:21:31,5.25,0.01,50,26250,买盘
1613,11:21:28,5.24,--,1100,576400,卖盘
1614,11:21:22,5.24,-0.01,81,42444,卖盘
1615,11:21:19,5.25,0.01,38,19950,买盘
1616,11:21:07,5.24,--,1,524,卖盘
1617,11:21:04,5.24,--,16,8384,卖盘
1618,11:20:58,5.24,--,486,254664,买盘
1619,11:20:55,5.24,0.01,5,2620,买盘
1620,11:20:52,5.23,--,14,7322,卖盘
1621,11:20:43,5.23,--,142,74266,卖盘
1622,11:20:13,5.23,--,106,55438,买盘
1623,11:20:07,5.23,--,3,1569,买盘
1624,11:20:01,5.23,-0.02,2,1046,中性盘
1625,11:19:52,5.25,0.01,1549,813435,买盘
1626,11:19:46,5.24,--,18,9432,买盘
1627,11:19:43,5.24,0.01,10,5240,买盘
1628,11:19:34,5.23,-0.01,3,1569,卖盘
1629,11:19:28,5.24,--,70,36680,买盘
1630,11:19:22,5.24,0.01,90,47160,买盘
1631,11:19:16,5.23,--,511,267253,卖盘
1632,11:19:10,5.23,-0.01,21,10983,卖盘
1633,11:19:07,5.24,0.01,29,15196,买盘
1634,11:19:01,5.23,-0.01,360,188280,卖盘
1635,11:18:52,5.24,--,10,5240,买盘
1636,11:18:49,5.24,--,16,8384,买盘
1637,11:18:46,5.24,--,24,12576,买盘
1638,11:18:43,5.24,--,6,3144,买盘
1639,11:18:34,5.24,--,69,36156,买盘
1640,11:18:31,5.24,--,67,35108,买盘
1641,11:18:28,5.24,--,100,52400,买盘
1642,11:18:25,5.24,-0.01,54,28296,卖盘
1643,11:18:22,5.25,--,10,5250,买盘
1644,11:18:19,5.25,0.01,96,50400,买盘
1645,11:18:10,5.24,-0.01,1,524,卖盘
1646,11:18:04,5.25,0.01,20,10500,买盘
1647,11:18:01,5.24,--,26,13624,卖盘
1648,11:17:55,5.24,-0.01,29,15196,卖盘
1649,11:17:52,5.25,0.01,4,2100,买盘
1650,11:17:49,5.24,--,131,68644,卖盘
1651,11:17:43,5.24,--,11,5764,卖盘
1652,11:17:40,5.24,--,26,13624,卖盘
1653,11:17:31,5.24,--,10,5240,卖盘
1654,11:17:22,5.24,-0.01,300,157200,卖盘
1655,11:17:19,5.25,--,1,525,买盘
1656,11:17:16,5.25,0.01,32,16800,买盘
1657,11:17:13,5.24,--,10,5240,卖盘
1658,11:17:07,5.24,-0.01,55,28820,卖盘
1659,11:17:04,5.25,0.01,10,5250,买盘
1660,11:17:01,5.24,-0.01,50,26200,卖盘
1661,11:16:55,5.25,--,12,6300,买盘
1662,11:16:46,5.25,--,1,525,买盘
1663,11:16:37,5.25,--,17,8925,买盘
1664,11:16:31,5.25,0.01,1,525,买盘
1665,11:16:25,5.24,--,68,35632,卖盘
1666,11:16:19,5.24,--,7,3668,卖盘
1667,11:16:13,5.24,-0.01,7,3668,卖盘
1668,11:16:10,5.25,0.01,1,525,买盘
1669,11:15:58,5.24,--,83,43492,卖盘
1670,11:15:49,5.24,--,5,2620,卖盘
1671,11:15:43,5.24,--,3,1572,卖盘
1672,11:15:40,5.24,--,72,37728,买盘
1673,11:15:37,5.24,--,158,82792,买盘
1674,11:15:31,5.24,--,2,1048,买盘
1675,11:15:28,5.24,--,46,24104,买盘
1676,11:15:22,5.24,0.01,58,30392,买盘
1677,11:15:16,5.23,-0.01,53,27719,卖盘
1678,11:15:10,5.24,--,1,524,买盘
1679,11:15:07,5.24,0.01,44,23056,买盘
1680,11:15:04,5.23,-0.01,32,16736,卖盘
1681,11:15:01,5.24,--,12,6288,买盘
1682,11:14:58,5.24,--,58,30392,买盘
1683,11:14:55,5.24,--,29,15196,买盘
1684,11:14:46,5.24,--,53,27772,买盘
1685,11:14:37,5.24,--,23,12052,买盘
1686,11:14:34,5.24,-0.01,41,21484,卖盘
1687,11:14:31,5.25,0.02,317,166425,买盘
1688,11:14:25,5.23,--,2,1046,卖盘
1689,11:14:19,5.23,--,11,5753,卖盘
1690,11:14:16,5.23,-0.01,5,2615,卖盘
1691,11:14:10,5.24,--,145,75980,买盘
1692,11:14:07,5.24,--,166,86984,买盘
1693,11:14:01,5.24,0.01,1,524,买盘
1694,11:13:58,5.23,--,28,14644,卖盘
1695,11:13:52,5.23,--,36,18828,卖盘
1696,11:13:43,5.23,--,17,8891,卖盘
1697,11:13:40,5.23,--,3,1569,卖盘
1698,11:13:37,5.23,--,5,2615,卖盘
1699,11:13:31,5.23,--,12,6276,卖盘
1700,11:13:28,5.23,-0.01,8,4184,卖盘
1701,11:13:25,5.24,--,200,104800,买盘
1702,11:13:16,5.24,--,10,5240,买盘
1703,11:13:13,5.24,--,9,4716,买盘
1704,11:13:10,5.24,--,1,524,买盘
1705,11:13:01,5.24,--,151,79124,买盘
1706,11:12:55,5.24,--,34,17816,买盘
1707,11:12:46,5.24,--,11,5764,买盘
1708,11:12:37,5.24,--,6,3144,买盘
1709,11:12:34,5.24,--,1,524,买盘
1710,11:12:31,5.24,--,106,55544,卖盘
1711,11:12:22,5.24,--,20,10480,卖盘
1712,11:12:13,5.24,--,55,28820,买盘
1713,11:12:10,5.24,--,8,4192,买盘
1714,11:12:07,5.24,-0.01,52,27248,卖盘
1715,11:12:04,5.25,0.01,15,7875,买盘
1716,11:11:58,5.24,--,6,3144,买盘
1717,11:11:55,5.24,--,12,6288,买盘
1718,11:11:52,5.24,--,258,135192,卖盘
1719,11:11:49,5.24,-0.01,13,6812,卖盘
1720,11:11:46,5.25,-0.01,26,13650,卖盘
1721,11:11:40,5.26,0.01,578,304028,买盘
1722,11:11:31,5.25,0.01,111,58275,买盘
1723,11:11:22,5.24,-0.02,57,29868,卖盘
1724,11:11:10,5.26,0.02,5,2630,买盘
1725,11:11:07,5.24,-0.02,10,5240,中性盘
1726,11:11:01,5.26,0.03,3118,1640383,买盘
1727,11:10:58,5.23,-0.01,2,1046,卖盘
1728,11:10:55,5.24,--,30,15720,买盘
1729,11:10:52,5.24,--,135,70740,买盘
1730,11:10:49,5.24,0.01,31,16244,买盘
1731,11:10:46,5.23,-0.01,15,7845,卖盘
1732,11:10:43,5.24,0.01,50,26200,买盘
1733,11:10:34,5.23,-0.01,22,11506,卖盘
1734,11:10:31,5.24,-0.01,32,16768,卖盘
1735,11:10:28,5.25,0.01,32,16800,买盘
1736,11:10:25,5.24,0.01,75,39300,中性盘
1737,11:10:19,5.23,--,618,323214,卖盘
1738,11:10:13,5.23,-0.01,59,30857,卖盘
1739,11:10:07,5.24,-0.01,10,5240,中性盘
1740,11:09:58,5.25,--,7,3675,买盘
1741,11:09:55,5.25,0.04,71,37275,买盘
1742,11:09:52,5.21,-0.02,125,65125,卖盘
1743,11:09:49,5.23,--,2,1046,卖盘
1744,11:09:46,5.23,-0.03,1,523,中性盘
1745,11:09:43,5.26,0.06,2006,1055156,买盘
1746,11:09:37,5.2,-0.02,2,1040,卖盘
1747,11:09:34,5.22,--,3,1566,买盘
1748,11:09:31,5.22,0.02,12,6264,中性盘
1749,11:09:25,5.2,-0.04,11,5720,卖盘
1750,11:09:22,5.24,0.05,14,7336,中性盘
1751,11:09:19,5.19,--,60,31140,卖盘
1752,11:09:10,5.19,--,3039,1577241,卖盘
1753,11:08:55,5.19,--,74,38406,买盘
1754,11:08:52,5.19,--,59,30621,买盘
1755,11:08:46,5.19,--,399,207081,买盘
1756,11:08:43,5.19,--,211,109509,买盘
1757,11:08:40,5.19,0.01,64,33216,买盘
1758,11:08:37,5.18,-0.01,66,34188,卖盘
1759,11:08:34,5.19,--,338,175422,买盘
1760,11:08:31,5.19,0.01,55,28545,买盘
1761,11:08:22,5.18,--,379,196322,买盘
1762,11:08:19,5.18,--,445,230510,买盘
1763,11:08:16,5.18,--,238,123284,买盘
1764,11:08:13,5.18,0.01,168,87024,买盘
1765,11:08:10,5.17,-0.01,30,15510,卖盘
1766,11:08:07,5.18,--,418,216524,买盘
1767,11:08:04,5.18,--,262,135716,买盘
1768,11:07:55,5.18,0.01,114,59052,买盘
1769,11:07:52,5.17,-0.01,7,3619,卖盘
1770,11:07:46,5.18,0.01,103,53354,买盘
1771,11:07:43,5.17,-0.01,68,35156,卖盘
1772,11:07:40,5.18,--,66,34188,买盘
1773,11:07:37,5.18,0.01,56,29008,买盘
1774,11:07:34,5.17,-0.01,66,34122,卖盘
1775,11:07:31,5.18,0.01,516,267288,买盘
1776,11:07:28,5.17,--,146,75482,卖盘
1777,11:07:25,5.17,-0.01,242,125114,卖盘
1778,11:07:22,5.18,--,106,54908,买盘
1779,11:07:19,5.18,--,30,15540,买盘
1780,11:07:16,5.18,--,67,34706,买盘
1781,11:07:13,5.18,0.01,24,12432,买盘
1782,11:07:10,5.17,-0.01,14,7238,卖盘
1783,11:07:07,5.18,0.01,6,3108,买盘
1784,11:07:04,5.17,-0.01,71,36707,卖盘
1785,11:07:01,5.18,0.01,202,104636,买盘
1786,11:06:58,5.17,--,160,82720,卖盘
1787,11:06:55,5.17,-0.01,21,10857,卖盘
1788,11:06:52,5.18,0.01,65,33670,买盘
1789,11:06:49,5.17,--,183,94611,卖盘
1790,11:06:37,5.17,-0.01,100,51700,卖盘
1791,11:06:34,5.18,0.01,3,1554,买盘
1792,11:06:31,5.17,--,333,172161,卖盘
1793,11:06:28,5.17,--,2,1034,卖盘
1794,11:06:25,5.17,-0.01,601,310717,卖盘
1795,11:06:22,5.18,0.01,17,8806,中性盘
1796,11:06:19,5.17,--,122,63074,卖盘
1797,11:06:16,5.17,-0.01,4906,2536402,卖盘
1798,11:06:13,5.18,0.01,4,2072,买盘
1799,11:06:10,5.17,--,32,16544,卖盘
1800,11:06:07,5.17,-0.01,8,4136,卖盘
1801,11:06:04,5.18,--,202,104636,买盘
1802,11:06:00,5.18,--,1,518,买盘
1803,11:05:57,5.18,0.01,110,56980,买盘
1804,11:05:54,5.17,-0.01,42,21714,卖盘
1805,11:05:52,5.18,--,270,139860,买盘
1806,11:05:45,5.18,--,2,1036,买盘
1807,11:05:42,5.18,-0.01,1202,622636,卖盘
1808,11:05:39,5.19,0.01,3,1557,买盘
1809,11:05:30,5.18,--,8,4144,卖盘
1810,11:05:27,5.18,--,35,18130,卖盘
1811,11:05:24,5.18,--,113,58534,卖盘
1812,11:05:21,5.18,-0.01,86,44548,卖盘
1813,11:05:18,5.19,0.01,3,1557,买盘
1814,11:05:15,5.18,--,170,88060,卖盘
1815,11:05:12,5.18,-0.01,56,29008,卖盘
1816,11:05:09,5.19,--,5,2595,买盘
1817,11:05:06,5.19,0.01,88,45672,买盘
1818,11:04:57,5.18,-0.01,5,2590,卖盘
1819,11:04:51,5.19,--,31,16089,买盘
1820,11:04:45,5.19,--,2,1038,买盘
1821,11:04:42,5.19,--,13,6747,买盘
1822,11:04:39,5.19,0.01,118,61242,买盘
1823,11:04:36,5.18,--,10,5180,卖盘
1824,11:04:30,5.18,--,18,9324,卖盘
1825,11:04:27,5.18,--,70,36260,卖盘
1826,11:04:21,5.18,--,13,6734,卖盘
1827,11:04:18,5.18,--,247,127946,买盘
1828,11:04:15,5.18,0.01,75,38850,买盘
1829,11:04:12,5.17,-0.01,78,40326,卖盘
1830,11:04:09,5.18,--,4,2072,买盘
1831,11:04:06,5.18,0.01,322,166796,买盘
1832,11:04:03,5.17,--,112,57904,卖盘
1833,11:04:00,5.17,-0.01,61,31537,卖盘
1834,11:03:57,5.18,--,5,2590,买盘
1835,11:03:54,5.18,0.01,84,43512,买盘
1836,11:03:51,5.17,-0.01,100,51700,卖盘
1837,11:03:48,5.18,--,55,28490,买盘
1838,11:03:45,5.18,0.01,183,94794,买盘
1839,11:03:39,5.17,-0.01,5,2585,卖盘
1840,11:03:36,5.18,0.01,11,5698,买盘
1841,11:03:33,5.17,-0.01,38,19646,卖盘
1842,11:03:30,5.18,--,16,8288,买盘
1843,11:03:24,5.18,--,1,518,买盘
1844,11:03:21,5.18,--,28,14504,买盘
1845,11:03:12,5.18,--,17,8806,买盘
1846,11:03:09,5.18,--,70,36260,买盘
1847,11:03:06,5.18,--,205,106190,买盘
1848,11:03:00,5.18,--,81,41958,买盘
1849,11:02:54,5.18,--,32,16576,买盘
1850,11:02:51,5.18,--,59,30562,买盘
1851,11:02:48,5.18,-0.01,20,10360,中性盘
1852,11:02:45,5.19,0.03,14,7266,买盘
1853,11:02:42,5.16,-0.02,3901,2012916,卖盘
1854,11:02:39,5.18,--,14,7252,卖盘
1855,11:02:36,5.18,--,120,62160,卖盘
1856,11:02:30,5.18,--,111,57498,卖盘
1857,11:02:27,5.18,-0.01,35,18130,卖盘
1858,11:02:24,5.19,--,1,519,买盘
1859,11:02:21,5.19,0.01,49,25431,买盘
1860,11:02:18,5.18,--,8,4144,卖盘
1861,11:02:15,5.18,-0.01,116,60088,卖盘
1862,11:02:12,5.19,0.01,60,31140,买盘
1863,11:02:09,5.18,-0.01,23,11914,卖盘
1864,11:02:00,5.19,0.01,6,3114,买盘
1865,11:01:57,5.18,--,23,11914,卖盘
1866,11:01:51,5.18,--,25,12950,卖盘
1867,11:01:48,5.18,--,4,2072,卖盘
1868,11:01:45,5.18,-0.01,6,3108,卖盘
1869,11:01:42,5.19,0.01,105,54495,买盘
1870,11:01:39,5.18,-0.01,2,1036,卖盘
1871,11:01:36,5.19,0.01,25,12975,买盘
1872,11:01:30,5.18,-0.01,59,30562,卖盘
1873,11:01:27,5.19,0.01,10,5190,买盘
1874,11:01:21,5.18,-0.01,6,3108,卖盘
1875,11:01:18,5.19,0.01,143,74217,买盘
1876,11:01:15,5.18,-0.01,100,51800,卖盘
1877,11:01:12,5.19,0.01,42,21798,买盘
1878,11:01:09,5.18,-0.01,8,4144,卖盘
1879,11:01:06,5.19,--,5,2595,买盘
1880,11:01:03,5.19,--,10,5190,买盘
1881,11:01:00,5.19,--,47,24393,买盘
1882,11:00:54,5.19,0.01,22,11418,买盘
1883,11:00:51,5.18,-0.01,50,25900,卖盘
1884,11:00:48,5.19,--,3,1557,买盘
1885,11:00:45,5.19,--,3,1557,买盘
1886,11:00:42,5.19,0.01,119,61761,买盘
1887,11:00:39,5.18,--,20,10360,卖盘
1888,11:00:36,5.18,-0.01,4,2072,卖盘
1889,11:00:30,5.19,0.01,25,12975,买盘
1890,11:00:27,5.18,-0.01,10,5180,卖盘
1891,11:00:24,5.19,--,22,11418,买盘
1892,11:00:21,5.19,--,110,57090,买盘
1893,11:00:18,5.19,--,37,19203,买盘
1894,11:00:15,5.19,--,100,51900,买盘
1895,11:00:12,5.19,--,2,1038,买盘
1896,11:00:09,5.19,--,10,5190,买盘
1897,11:00:06,5.19,--,21,10899,买盘
1898,11:00:03,5.19,--,322,167118,买盘
1899,11:00:00,5.19,0.01,116,60204,买盘
1900,10:59:57,5.18,-0.01,13,6734,卖盘
1901,10:59:54,5.19,--,15,7785,买盘
1902,10:59:51,5.19,--,212,110028,买盘
1903,10:59:45,5.19,--,105,54495,买盘
1904,10:59:36,5.19,--,237,123003,买盘
1905,10:59:33,5.19,0.01,10,5190,买盘
1906,10:59:30,5.18,-0.01,97,50246,卖盘
1907,10:59:27,5.19,0.01,364,188916,买盘
1908,10:59:24,5.18,-0.01,3,1554,卖盘
1909,10:59:21,5.19,0.01,5,2595,买盘
1910,10:59:18,5.18,-0.01,10,5180,卖盘
1911,10:59:15,5.19,0.01,732,380209,买盘
1912,10:59:12,5.18,--,23,11914,买盘
1913,10:59:09,5.18,--,167,86506,买盘
1914,10:59:06,5.18,--,30,15540,买盘
1915,10:59:00,5.18,--,200,103600,买盘
1916,10:58:57,5.18,--,3,1554,买盘
1917,10:58:54,5.18,--,30,15540,买盘
1918,10:58:51,5.18,--,203,105154,买盘
1919,10:58:48,5.18,0.01,69,35742,买盘
1920,10:58:42,5.17,-0.01,31,16027,卖盘
1921,10:58:30,5.18,--,53,27454,买盘
1922,10:58:24,5.18,--,285,147847,卖盘
1923,10:58:21,5.18,--,140,72520,卖盘
1924,10:58:18,5.18,--,111,57498,卖盘
1925,10:58:12,5.18,--,69,35742,卖盘
1926,10:58:09,5.18,--,3,1554,卖盘
1927,10:58:03,5.18,0.01,135,70230,买盘
1928,10:57:57,5.17,-0.01,108,55836,卖盘
1929,10:57:54,5.18,--,30,15540,买盘
1930,10:57:51,5.18,--,201,104118,买盘
1931,10:57:48,5.18,--,19,9842,买盘
1932,10:57:45,5.18,--,102,52836,买盘
1933,10:57:42,5.18,--,31,16058,买盘
1934,10:57:36,5.18,--,70,36260,买盘
1935,10:57:33,5.18,--,28,14504,买盘
1936,10:57:27,5.18,--,20,10360,买盘
1937,10:57:24,5.18,--,2981,1544158,卖盘
1938,10:57:21,5.18,-0.01,15,7770,卖盘
1939,10:57:18,5.19,--,100,51900,买盘
1940,10:57:15,5.19,--,10,5190,买盘
1941,10:57:12,5.19,--,29,15051,买盘
1942,10:57:09,5.19,-0.01,859,445821,卖盘
1943,10:57:06,5.2,--,17,8840,卖盘
1944,10:57:03,5.2,--,50,26000,买盘
1945,10:57:00,5.2,--,22,11440,买盘
1946,10:56:57,5.2,--,130,67600,买盘
1947,10:56:54,5.2,--,157,81640,买盘
1948,10:56:51,5.2,--,5,2600,买盘
1949,10:56:48,5.2,--,312,162240,卖盘
1950,10:56:39,5.2,-0.01,5,2600,卖盘
1951,10:56:36,5.21,0.01,3,1563,买盘
1952,10:56:30,5.2,--,14,7280,卖盘
1953,10:56:27,5.2,--,10,5200,卖盘
1954,10:56:24,5.2,--,7,3640,卖盘
1955,10:56:18,5.2,--,196,101920,买盘
1956,10:56:15,5.2,--,36,18720,买盘
1957,10:56:12,5.2,--,69,35880,买盘
1958,10:56:09,5.2,--,14,7280,买盘
1959,10:56:06,5.2,--,57,29640,买盘
1960,10:56:03,5.2,--,36,18720,买盘
1961,10:55:57,5.2,--,71,36920,买盘
1962,10:55:54,5.2,--,54,28080,买盘
1963,10:55:51,5.2,--,40,20800,买盘
1964,10:55:48,5.2,--,90,46800,买盘
1965,10:55:45,5.2,--,100,52000,买盘
1966,10:55:42,5.2,0.01,43,22360,买盘
1967,10:55:39,5.19,-0.01,160,83040,卖盘
1968,10:55:36,5.2,0.01,57,29640,买盘
1969,10:55:33,5.19,0.01,4,2076,卖盘
1970,10:55:30,5.18,-0.01,453,234654,卖盘
1971,10:55:27,5.19,--,1,519,卖盘
1972,10:55:24,5.19,--,129,66951,卖盘
1973,10:55:21,5.19,0.01,1,519,中性盘
1974,10:55:18,5.18,-0.01,53,27454,卖盘
1975,10:55:15,5.19,0.01,220,114180,买盘
1976,10:55:12,5.18,--,12,6216,卖盘
1977,10:55:06,5.18,--,100,51800,卖盘
1978,10:55:03,5.18,0.01,6,3108,中性盘
1979,10:55:00,5.17,-0.01,353,182501,卖盘
1980,10:54:57,5.18,--,209,108262,买盘
1981,10:54:54,5.18,0.01,54,27972,买盘
1982,10:54:45,5.17,--,21,10857,卖盘
1983,10:54:42,5.17,--,399,206644,买盘
1984,10:54:39,5.17,--,877,453409,买盘
1985,10:54:36,5.17,--,370,191290,买盘
1986,10:54:30,5.17,--,127,65659,买盘
1987,10:54:27,5.17,0.01,395,204215,买盘
1988,10:54:24,5.16,--,410,211560,卖盘
1989,10:54:21,5.16,-0.01,88,45408,卖盘
1990,10:54:18,5.17,--,5,2585,买盘
1991,10:54:15,5.17,--,195,100815,买盘
1992,10:54:12,5.17,0.01,75,38775,买盘
1993,10:54:09,5.16,-0.01,470,242520,卖盘
1994,10:54:03,5.17,0.01,370,191290,买盘
1995,10:54:00,5.16,--,170,87720,卖盘
1996,10:53:57,5.16,-0.01,380,196080,卖盘
1997,10:53:54,5.17,0.01,38,19646,买盘
1998,10:53:51,5.16,--,110,56760,卖盘
1999,10:53:48,5.16,--,1088,561408,卖盘
2000,10:53:45,5.16,--,1390,717240,卖盘
2001,10:53:42,5.16,-0.01,200,103200,卖盘
2002,10:53:39,5.17,--,135,69795,买盘
2003,10:53:36,5.17,--,204,105468,买盘
2004,10:53:33,5.17,0.01,234,120978,买盘
2005,10:53:30,5.16,--,193,99588,卖盘
2006,10:53:27,5.16,--,317,163572,卖盘
2007,10:53:24,5.16,-0.01,45,23220,卖盘
2008,10:53:21,5.17,0.01,151,78067,买盘
2009,10:53:18,5.16,-0.01,66,34056,卖盘
2010,10:53:15,5.17,--,156,80652,买盘
2011,10:53:12,5.17,-0.01,575,297275,卖盘
2012,10:53:09,5.18,--,22,11396,买盘
2013,10:53:06,5.18,0.01,1381,715358,买盘
2014,10:53:03,5.17,-0.01,162,83754,卖盘
2015,10:53:00,5.18,--,5,2590,买盘
2016,10:52:54,5.18,--,74,38332,卖盘
2017,10:52:51,5.18,--,259,134162,卖盘
2018,10:52:48,5.18,-0.01,71,36778,卖盘
2019,10:52:45,5.19,--,119,61761,买盘
2020,10:52:42,5.19,0.01,144,74736,买盘
2021,10:52:39,5.18,-0.01,5033,2607094,卖盘
2022,10:52:36,5.19,--,19,9861,买盘
2023,10:52:33,5.19,--,148,76812,买盘
2024,10:52:30,5.19,--,23,11937,买盘
2025,10:52:24,5.19,--,248,128712,卖盘
2026,10:52:21,5.19,-0.01,270,140130,卖盘
2027,10:52:18,5.2,--,307,159640,买盘
2028,10:52:12,5.2,0.01,138,71760,买盘
2029,10:52:09,5.19,-0.01,177,91863,卖盘
2030,10:52:06,5.2,0.01,286,148720,买盘
2031,10:52:03,5.19,--,217,112623,卖盘
2032,10:52:00,5.19,--,197,102243,卖盘
2033,10:51:57,5.19,-0.01,47,24393,卖盘
2034,10:51:54,5.2,0.01,14,7280,买盘
2035,10:51:51,5.19,-0.01,233,120927,卖盘
2036,10:51:48,5.2,--,266,138320,买盘
2037,10:51:42,5.2,--,58,30160,买盘
2038,10:51:39,5.2,--,118,61360,买盘
2039,10:51:33,5.2,--,83,43160,买盘
2040,10:51:30,5.2,--,227,118040,买盘
2041,10:51:24,5.2,--,153,79560,卖盘
2042,10:51:21,5.2,-0.01,140,72800,卖盘
2043,10:51:18,5.21,--,152,79192,买盘
2044,10:51:15,5.21,0.01,101,52621,买盘
2045,10:51:12,5.2,--,66,34320,卖盘
2046,10:51:09,5.2,--,691,359320,卖盘
2047,10:51:06,5.2,-0.01,70,36400,卖盘
2048,10:51:03,5.21,0.01,21,10941,买盘
2049,10:51:00,5.2,-0.01,26,13520,卖盘
2050,10:50:57,5.21,0.01,29,15109,买盘
2051,10:50:54,5.2,--,42,21840,卖盘
2052,10:50:51,5.2,-0.01,2385,1240200,卖盘
2053,10:50:42,5.21,-0.01,33,17193,中性盘
2054,10:50:36,5.22,--,10052,5247144,买盘
2055,10:50:33,5.22,--,54,28188,买盘
2056,10:50:27,5.22,--,61,31842,买盘
2057,10:50:24,5.22,-0.01,101,52722,卖盘
2058,10:50:21,5.23,--,2,1046,买盘
2059,10:50:18,5.23,--,269,140687,买盘
2060,10:50:03,5.23,0.01,202,105646,买盘
2061,10:50:00,5.22,--,52,27144,卖盘
2062,10:49:51,5.22,--,10,5220,卖盘
2063,10:49:42,5.22,-0.01,1,522,卖盘
2064,10:49:39,5.23,0.01,107,55961,买盘
2065,10:49:27,5.22,--,5,2610,卖盘
2066,10:49:24,5.22,--,6,3132,卖盘
2067,10:49:21,5.22,-0.01,15,7830,卖盘
2068,10:49:18,5.23,0.01,14,7322,买盘
2069,10:49:06,5.22,--,59,30798,卖盘
2070,10:49:00,5.22,-0.01,11,5742,卖盘
2071,10:48:57,5.23,--,9,4707,买盘
2072,10:48:51,5.23,--,342,178866,卖盘
2073,10:48:48,5.23,--,19,9937,卖盘
2074,10:48:36,5.23,--,5,2615,卖盘
2075,10:48:33,5.23,--,8,4184,卖盘
2076,10:48:30,5.23,--,183,95709,卖盘
2077,10:48:27,5.23,--,521,272483,买盘
2078,10:48:18,5.23,--,2,1046,买盘
2079,10:48:15,5.23,0.01,25,13075,买盘
2080,10:48:12,5.22,-0.01,59,30798,卖盘
2081,10:48:03,5.23,0.01,17,8891,买盘
2082,10:48:00,5.22,-0.01,120,62640,卖盘
2083,10:47:57,5.23,--,4,2092,买盘
2084,10:47:54,5.23,0.01,115,60145,买盘
2085,10:47:51,5.22,-0.01,120,62640,卖盘
2086,10:47:48,5.23,--,284,148532,买盘
2087,10:47:42,5.23,--,23,12029,买盘
2088,10:47:36,5.23,0.01,58,30334,买盘
2089,10:47:30,5.22,--,6,3132,卖盘
2090,10:47:24,5.22,--,133,69426,卖盘
2091,10:47:18,5.22,--,88,45936,卖盘
2092,10:47:15,5.22,--,27,14094,卖盘
2093,10:47:12,5.22,--,30,15660,卖盘
2094,10:47:06,5.22,--,184,96048,卖盘
2095,10:47:03,5.22,--,54,28188,卖盘
2096,10:47:00,5.22,0.01,77,40194,买盘
2097,10:46:57,5.21,-0.01,1,521,卖盘
2098,10:46:54,5.22,--,12,6264,买盘
2099,10:46:51,5.22,--,2,1044,买盘
2100,10:46:48,5.22,--,130,67860,买盘
2101,10:46:45,5.22,0.01,3,1566,买盘
2102,10:46:42,5.21,--,25,13025,卖盘
2103,10:46:39,5.21,--,46,23966,卖盘
2104,10:46:36,5.21,--,6,3126,卖盘
2105,10:46:33,5.21,-0.01,114,59394,卖盘
2106,10:46:27,5.22,0.01,18,9396,买盘
2107,10:46:24,5.21,--,22,11462,卖盘
2108,10:46:21,5.21,-0.01,10,5210,卖盘
2109,10:46:18,5.22,0.01,49,25578,买盘
2110,10:46:15,5.21,--,100,52100,卖盘
2111,10:46:12,5.21,--,172,89612,卖盘
2112,10:46:09,5.21,--,6,3126,卖盘
2113,10:46:06,5.21,--,53,27613,卖盘
2114,10:46:03,5.21,--,14,7294,卖盘
2115,10:45:57,5.21,-0.01,9,4689,卖盘
2116,10:45:51,5.22,0.01,72,37584,买盘
2117,10:45:48,5.21,--,33,17193,卖盘
2118,10:45:45,5.21,-0.01,34,17714,卖盘
2119,10:45:42,5.22,0.01,40,20880,买盘
2120,10:45:39,5.21,--,151,78671,卖盘
2121,10:45:36,5.21,--,171,89091,卖盘
2122,10:45:33,5.21,--,86,44806,买盘
2123,10:45:30,5.21,--,146,76066,卖盘
2124,10:45:23,5.21,-0.01,50,26050,卖盘
2125,10:45:20,5.22,--,6852,3576744,买盘
2126,10:45:17,5.22,--,268,139896,买盘
2127,10:45:15,5.22,--,14,7308,买盘
2128,10:45:11,5.22,--,321,167562,买盘
2129,10:45:08,5.22,--,10,5220,买盘
2130,10:45:05,5.22,--,25,13050,买盘
2131,10:45:02,5.22,0.01,5,2610,买盘
2132,10:44:59,5.21,-0.01,42,21882,卖盘
2133,10:44:56,5.22,--,32,16704,卖盘
2134,10:44:53,5.22,0.01,12,6264,卖盘
2135,10:44:47,5.21,-0.01,267,139107,卖盘
2136,10:44:44,5.22,--,44,22968,卖盘
2137,10:44:41,5.22,0.01,110,57420,买盘
2138,10:44:38,5.21,-0.01,54,28134,卖盘
2139,10:44:35,5.22,0.01,168,87696,买盘
2140,10:44:32,5.21,--,47,24487,卖盘
2141,10:44:29,5.21,-0.01,89,46369,卖盘
2142,10:44:26,5.22,--,56,29232,买盘
2143,10:44:23,5.22,--,15,7830,买盘
2144,10:44:20,5.22,--,165,86130,买盘
2145,10:44:17,5.22,--,121,63162,买盘
2146,10:44:14,5.22,--,175,91350,买盘
2147,10:44:11,5.22,--,5,2610,买盘
2148,10:44:08,5.22,--,11,5742,买盘
2149,10:44:02,5.22,--,72,37792,卖盘
2150,10:43:59,5.22,-0.01,774,404028,卖盘
2151,10:43:50,5.23,0.01,353,184619,买盘
2152,10:43:47,5.22,--,54,28188,卖盘
2153,10:43:44,5.22,--,31,16182,卖盘
2154,10:43:38,5.22,--,94,49068,卖盘
2155,10:43:35,5.22,--,367,191574,卖盘
2156,10:43:32,5.22,--,200,104400,卖盘
2157,10:43:29,5.22,--,63,32886,卖盘
2158,10:43:26,5.22,--,304,158688,卖盘
2159,10:43:20,5.22,--,251,131335,卖盘
2160,10:43:17,5.22,-0.01,59,30798,卖盘
2161,10:43:14,5.23,0.01,1,523,买盘
2162,10:43:08,5.22,--,182,95004,卖盘
2163,10:43:05,5.22,--,46,24012,卖盘
2164,10:43:02,5.22,--,43,22446,卖盘
2165,10:42:59,5.22,--,225,117450,卖盘
2166,10:42:56,5.22,--,11,5742,卖盘
2167,10:42:53,5.22,-0.01,28,14616,卖盘
2168,10:42:50,5.23,--,29,15167,买盘
2169,10:42:44,5.23,--,101,52823,买盘
2170,10:42:41,5.23,-0.01,1672,874456,卖盘
2171,10:42:35,5.24,--,3,1572,买盘
2172,10:42:26,5.24,--,6,3144,买盘
2173,10:42:23,5.24,-0.01,470,246280,卖盘
2174,10:42:17,5.25,--,1,525,买盘
2175,10:42:11,5.25,--,20,10500,买盘
2176,10:42:05,5.25,0.01,60,31500,买盘
2177,10:41:59,5.24,--,8,4192,卖盘
2178,10:41:53,5.24,-0.01,10,5240,卖盘
2179,10:41:50,5.25,0.01,9,4725,中性盘
2180,10:41:41,5.24,-0.01,2000,1048000,卖盘
2181,10:41:38,5.25,0.01,6,3150,买盘
2182,10:41:35,5.24,-0.02,20,10480,卖盘
2183,10:41:32,5.26,0.01,2111,1110386,买盘
2184,10:41:26,5.25,--,15,7875,买盘
2185,10:41:20,5.25,--,10,5250,买盘
2186,10:41:17,5.25,--,218,114450,买盘
2187,10:41:14,5.25,--,5,2625,买盘
2188,10:41:11,5.25,--,1384,726600,卖盘
2189,10:41:08,5.25,--,57,29925,卖盘
2190,10:41:05,5.25,--,28,14700,卖盘
2191,10:41:02,5.25,-0.01,12,6300,卖盘
2192,10:40:59,5.26,0.01,100,52600,买盘
2193,10:40:56,5.25,-0.01,28,14700,卖盘
2194,10:40:53,5.26,0.01,162,85212,买盘
2195,10:40:50,5.25,--,22,11550,卖盘
2196,10:40:47,5.25,--,23,12075,卖盘
2197,10:40:44,5.25,--,24,12600,卖盘
2198,10:40:41,5.25,-0.01,52,27300,卖盘
2199,10:40:38,5.26,0.01,17,8942,买盘
2200,10:40:35,5.25,--,19,9975,卖盘
2201,10:40:29,5.25,--,68,35700,卖盘
2202,10:40:26,5.25,-0.01,50,26250,卖盘
2203,10:40:20,5.26,--,25,13150,买盘
2204,10:40:11,5.26,--,10,5260,买盘
2205,10:40:08,5.26,0.01,3,1578,买盘
2206,10:40:02,5.25,-0.01,116,60900,卖盘
2207,10:39:59,5.26,--,1,526,买盘
2208,10:39:56,5.26,0.01,6,3156,买盘
2209,10:39:53,5.25,-0.01,15,7875,卖盘
2210,10:39:41,5.26,0.01,12,6312,买盘
2211,10:39:38,5.25,-0.01,12,6300,卖盘
2212,10:39:26,5.26,--,14,7364,买盘
2213,10:39:17,5.26,0.01,18,9468,买盘
2214,10:39:08,5.25,--,1,525,卖盘
2215,10:39:02,5.25,--,23,12075,卖盘
2216,10:38:59,5.25,--,1,525,卖盘
2217,10:38:47,5.25,-0.01,55,28875,卖盘
2218,10:38:44,5.26,--,62,32612,买盘
2219,10:38:38,5.26,--,21,11046,买盘
2220,10:38:35,5.26,--,118,62068,卖盘
2221,10:38:17,5.26,--,100,52600,卖盘
2222,10:38:14,5.26,--,1418,745868,买盘
2223,10:38:11,5.26,--,5,2630,买盘
2224,10:38:05,5.26,--,180,94680,买盘
2225,10:38:02,5.26,0.01,72,37872,买盘
2226,10:37:53,5.25,-0.01,50,26250,卖盘
2227,10:37:47,5.26,0.01,425,223550,买盘
2228,10:37:44,5.25,-0.01,337,176925,卖盘
2229,10:37:41,5.26,0.01,77,40502,买盘
2230,10:37:38,5.25,-0.01,112,58800,卖盘
2231,10:37:35,5.26,--,2,1052,买盘
2232,10:37:29,5.26,--,40,21040,买盘
2233,10:37:26,5.26,0.01,64,33664,买盘
2234,10:37:23,5.25,--,80,42000,卖盘
2235,10:37:17,5.25,-0.01,1,525,卖盘
2236,10:37:14,5.26,0.01,13,6838,买盘
2237,10:37:05,5.25,-0.01,1825,958125,卖盘
2238,10:37:02,5.26,--,91,47866,卖盘
2239,10:36:59,5.26,-0.01,115,60490,卖盘
2240,10:36:56,5.27,--,13,6850,买盘
2241,10:36:53,5.27,0.01,5,2635,买盘
2242,10:36:44,5.26,--,5,2630,卖盘
2243,10:36:41,5.26,--,13,6838,卖盘
2244,10:36:35,5.26,--,10,5260,卖盘
2245,10:36:32,5.26,--,86,45236,卖盘
2246,10:36:29,5.26,--,1,526,卖盘
2247,10:36:26,5.26,--,118,62068,卖盘
2248,10:36:23,5.26,--,113,59438,卖盘
2249,10:36:20,5.26,-0.01,1,526,卖盘
2250,10:36:14,5.27,--,19,10013,买盘
2251,10:36:11,5.27,0.01,212,111723,买盘
2252,10:36:05,5.26,--,175,92050,卖盘
2253,10:36:02,5.26,-0.01,6,3156,卖盘
2254,10:35:59,5.27,--,3,1580,买盘
2255,10:35:56,5.27,--,69,36363,买盘
2256,10:35:53,5.27,--,7,3688,买盘
2257,10:35:50,5.27,0.01,22,11593,买盘
2258,10:35:47,5.26,--,38,19988,卖盘
2259,10:35:41,5.26,--,34,17884,卖盘
2260,10:35:35,5.26,-0.01,355,186730,卖盘
2261,10:35:32,5.27,--,7,3688,买盘
2262,10:35:29,5.27,0.01,21,11067,买盘
2263,10:35:23,5.26,-0.01,210,110460,卖盘
2264,10:35:17,5.27,0.01,163,85901,买盘
2265,10:35:14,5.26,-0.01,33,17358,卖盘
2266,10:35:11,5.27,--,10,5270,买盘
2267,10:35:08,5.27,0.01,103,54280,买盘
2268,10:35:02,5.26,-0.01,200,105200,卖盘
2269,10:34:59,5.27,0.01,120,63239,买盘
2270,10:34:50,5.26,--,62,32612,卖盘
2271,10:34:47,5.26,--,10,5260,卖盘
2272,10:34:41,5.26,--,2,1052,卖盘
2273,10:34:38,5.26,--,100,52600,卖盘
2274,10:34:35,5.26,--,20,10520,卖盘
2275,10:34:26,5.26,--,60,31560,卖盘
2276,10:34:23,5.26,-0.01,305,160430,卖盘
2277,10:34:20,5.27,0.01,64,33728,买盘
2278,10:34:08,5.26,--,57,29982,买盘
2279,10:34:05,5.26,--,3,1578,买盘
2280,10:34:02,5.26,--,10,5260,买盘
2281,10:33:59,5.26,--,120,63120,买盘
2282,10:33:56,5.26,--,187,98362,买盘
2283,10:33:53,5.26,--,21,11046,买盘
2284,10:33:50,5.26,--,14,7364,买盘
2285,10:33:47,5.26,0.01,20,10520,买盘
2286,10:33:41,5.25,-0.01,6,3150,卖盘
2287,10:33:38,5.26,--,10,5260,卖盘
2288,10:33:35,5.26,--,53,27878,买盘
2289,10:33:32,5.26,0.01,32,16832,买盘
2290,10:33:29,5.25,-0.01,5,2625,卖盘
2291,10:33:26,5.26,--,2,1052,买盘
2292,10:33:23,5.26,0.01,26,13676,买盘
2293,10:33:14,5.25,--,79,41475,卖盘
2294,10:33:11,5.25,-0.01,118,61950,卖盘
2295,10:33:05,5.26,0.01,567,298242,买盘
2296,10:33:02,5.25,--,12,6300,卖盘
2297,10:32:59,5.25,-0.01,390,204750,卖盘
2298,10:32:50,5.26,--,42,22092,买盘
2299,10:32:47,5.26,0.01,19,9994,买盘
2300,10:32:41,5.25,--,4,2100,卖盘
2301,10:32:38,5.25,-0.01,44,23100,卖盘
2302,10:32:35,5.26,0.01,2,1052,买盘
2303,10:32:32,5.25,-0.01,9,4725,卖盘
2304,10:32:29,5.26,--,62,32612,买盘
2305,10:32:26,5.26,0.01,191,100466,买盘
2306,10:32:23,5.25,--,2,1050,卖盘
2307,10:32:20,5.25,-0.01,84,44100,卖盘
2308,10:32:17,5.26,--,35,18410,买盘
2309,10:32:14,5.26,0.01,30,15780,买盘
2310,10:32:08,5.25,--,10,5250,卖盘
2311,10:32:05,5.25,-0.01,36,18900,卖盘
2312,10:31:59,5.26,--,81,42606,买盘
2313,10:31:56,5.26,0.01,15,7890,买盘
2314,10:31:47,5.25,--,20,10500,卖盘
2315,10:31:44,5.25,--,24,12600,卖盘
2316,10:31:35,5.25,--,60,31500,卖盘
2317,10:31:23,5.25,--,62,32550,买盘
2318,10:31:20,5.25,0.01,42,22050,买盘
2319,10:31:17,5.24,-0.01,3,1572,卖盘
2320,10:31:14,5.25,--,7,3675,买盘
2321,10:30:59,5.25,0.01,5,2625,买盘
2322,10:30:56,5.24,-0.01,70,36680,卖盘
2323,10:30:53,5.25,--,5,2625,买盘
2324,10:30:50,5.25,--,20,10500,买盘
2325,10:30:44,5.25,--,10,5250,买盘
2326,10:30:38,5.25,0.01,3,1575,买盘
2327,10:30:35,5.24,-0.01,6,3144,卖盘
2328,10:30:32,5.25,--,10,5250,买盘
2329,10:30:29,5.25,--,39,20475,买盘
2330,10:30:23,5.25,--,122,64050,卖盘
2331,10:30:20,5.25,--,25,13125,卖盘
2332,10:30:17,5.25,-0.01,200,105000,卖盘
2333,10:30:08,5.26,0.01,1,526,买盘
2334,10:30:05,5.25,--,51,26775,卖盘
2335,10:30:02,5.25,--,135,70875,卖盘
2336,10:29:50,5.25,--,131,68775,卖盘
2337,10:29:47,5.25,--,4,2100,卖盘
2338,10:29:44,5.25,--,380,199500,卖盘
2339,10:29:41,5.25,-0.01,31,16275,卖盘
2340,10:29:38,5.26,--,31,16306,买盘
2341,10:29:32,5.26,0.01,23,12098,买盘
2342,10:29:29,5.25,--,92,48300,卖盘
2343,10:29:23,5.25,-0.01,8,4200,卖盘
2344,10:29:20,5.26,0.01,48,25248,买盘
2345,10:29:17,5.25,-0.01,214,112350,卖盘
2346,10:29:14,5.26,--,26,13676,买盘
2347,10:29:05,5.26,0.01,6,3156,买盘
2348,10:29:02,5.25,--,128,67200,卖盘
2349,10:28:59,5.25,-0.01,70,36750,卖盘
2350,10:28:56,5.26,0.01,33,17358,买盘
2351,10:28:53,5.25,--,5,2625,卖盘
2352,10:28:44,5.25,-0.01,23,12075,卖盘
2353,10:28:35,5.26,--,59,31034,买盘
2354,10:28:32,5.26,0.01,1,526,买盘
2355,10:28:29,5.25,--,47,24675,卖盘
2356,10:28:26,5.25,-0.01,3,1575,卖盘
2357,10:28:23,5.26,--,55,28930,买盘
2358,10:28:17,5.26,0.01,10,5260,买盘
2359,10:28:14,5.25,--,30,15750,卖盘
2360,10:28:11,5.25,--,85,44625,卖盘
2361,10:28:08,5.25,--,198,103950,卖盘
2362,10:28:05,5.25,--,393,206325,卖盘
2363,10:27:59,5.25,-0.01,74,38850,卖盘
2364,10:27:56,5.26,--,4,2104,买盘
2365,10:27:53,5.26,--,1,526,买盘
2366,10:27:50,5.26,--,49,25774,买盘
2367,10:27:47,5.26,--,48,25248,买盘
2368,10:27:44,5.26,--,56,29456,买盘
2369,10:27:41,5.26,--,41,21566,买盘
2370,10:27:35,5.26,--,153,80478,买盘
2371,10:27:29,5.26,--,1240,652240,卖盘
2372,10:27:17,5.26,--,6,3156,卖盘
2373,10:27:14,5.26,--,65,34190,卖盘
2374,10:27:11,5.26,--,5,2630,卖盘
2375,10:27:08,5.26,--,3,1578,卖盘
2376,10:27:05,5.26,--,23,12098,卖盘
2377,10:27:02,5.26,--,5,2630,卖盘
2378,10:26:56,5.26,--,19,9994,卖盘
2379,10:26:50,5.26,--,21,11046,买盘
2380,10:26:47,5.26,--,13,6838,买盘
2381,10:26:44,5.26,--,7,3682,买盘
2382,10:26:41,5.26,--,27,14202,买盘
2383,10:26:38,5.26,--,557,292982,买盘
2384,10:26:35,5.26,0.01,73,38398,买盘
2385,10:26:32,5.25,-0.01,7,3675,卖盘
2386,10:26:26,5.26,--,110,57860,买盘
2387,10:26:23,5.26,0.01,5,2630,买盘
2388,10:26:20,5.25,-0.01,13,6825,卖盘
2389,10:26:17,5.26,0.01,10,5260,买盘
2390,10:26:14,5.25,-0.01,45,23625,卖盘
2391,10:26:11,5.26,--,6,3156,买盘
2392,10:26:08,5.26,--,72,37872,买盘
2393,10:26:02,5.26,0.01,13,6838,买盘
2394,10:25:59,5.25,-0.01,181,95025,卖盘
2395,10:25:56,5.26,0.01,41,21566,买盘
2396,10:25:53,5.25,--,92,48300,卖盘
2397,10:25:47,5.25,0.01,219,114975,买盘
2398,10:25:44,5.24,--,3,1572,卖盘
2399,10:25:41,5.24,-0.01,129,67596,卖盘
2400,10:25:38,5.25,0.01,35,18375,买盘
2401,10:25:35,5.24,-0.01,147,77028,卖盘
2402,10:25:32,5.25,--,17,8925,买盘
2403,10:25:29,5.25,--,826,433650,买盘
2404,10:25:17,5.25,0.01,28,14700,买盘
2405,10:25:14,5.24,-0.01,24,12576,卖盘
2406,10:25:11,5.25,--,117,61425,买盘
2407,10:25:08,5.25,--,212,111300,买盘
2408,10:25:05,5.25,--,42,22050,买盘
2409,10:25:02,5.25,0.01,35,18375,买盘
2410,10:24:59,5.24,-0.01,337,176588,卖盘
2411,10:24:56,5.25,0.01,3,1575,买盘
2412,10:24:53,5.24,--,1,524,卖盘
2413,10:24:50,5.24,-0.01,60,31440,卖盘
2414,10:24:47,5.25,--,109,57225,买盘
2415,10:24:44,5.25,--,1055,553875,买盘
2416,10:24:41,5.25,0.01,130,68250,买盘
2417,10:24:37,5.24,--,2,1048,卖盘
2418,10:24:34,5.24,--,11,5764,卖盘
2419,10:24:31,5.24,-0.01,30,15720,卖盘
2420,10:24:28,5.25,0.01,14,7350,买盘
2421,10:24:19,5.24,--,1,524,卖盘
2422,10:24:16,5.24,--,1,524,卖盘
2423,10:24:13,5.24,--,255,133620,买盘
2424,10:24:07,5.24,--,273,143052,买盘
2425,10:24:01,5.24,0.01,719,376756,买盘
2426,10:23:55,5.23,--,1,523,卖盘
2427,10:23:52,5.23,--,14,7322,卖盘
2428,10:23:49,5.23,-0.01,29,15167,卖盘
2429,10:23:46,5.24,--,4,2096,买盘
2430,10:23:43,5.24,--,28,14672,买盘
2431,10:23:40,5.24,--,133,69692,买盘
2432,10:23:37,5.24,0.01,15,7860,买盘
2433,10:23:31,5.23,--,1,523,卖盘
2434,10:23:28,5.23,-0.01,8,4184,卖盘
2435,10:23:25,5.24,--,49,25676,买盘
2436,10:23:22,5.24,--,4,2096,买盘
2437,10:23:19,5.24,0.01,1,524,买盘
2438,10:23:16,5.23,--,155,81065,卖盘
2439,10:23:13,5.23,-0.01,9,4707,卖盘
2440,10:23:10,5.24,0.01,16,8384,买盘
2441,10:23:07,5.23,--,30,15690,卖盘
2442,10:23:04,5.23,--,39,20397,卖盘
2443,10:22:58,5.23,--,38,19874,卖盘
2444,10:22:52,5.23,-0.01,4,2092,卖盘
2445,10:22:49,5.24,0.01,3,1572,买盘
2446,10:22:46,5.23,-0.01,8,4184,卖盘
2447,10:22:43,5.24,0.01,74,38776,买盘
2448,10:22:40,5.23,-0.01,30,15690,卖盘
2449,10:22:37,5.24,0.01,5,2620,买盘
2450,10:22:31,5.23,--,28,14644,卖盘
2451,10:22:28,5.23,-0.01,23,12029,卖盘
2452,10:22:22,5.24,--,4,2096,买盘
2453,10:22:19,5.24,0.01,5,2620,买盘
2454,10:22:16,5.23,--,20,10460,卖盘
2455,10:22:13,5.23,--,30,15690,卖盘
2456,10:22:10,5.23,--,53,27719,卖盘
2457,10:22:04,5.23,-0.01,11,5753,卖盘
2458,10:22:01,5.24,0.01,7,3668,卖盘
2459,10:21:58,5.23,-0.01,123,64329,卖盘
2460,10:21:55,5.24,--,33,17292,买盘
2461,10:21:49,5.24,--,10,5240,买盘
2462,10:21:46,5.24,--,59,30916,买盘
2463,10:21:43,5.24,-0.01,1010,529240,卖盘
2464,10:21:40,5.25,--,1,525,买盘
2465,10:21:37,5.25,0.01,165,87024,买盘
2466,10:21:25,5.24,--,3,1697,卖盘
2467,10:21:22,5.24,-0.01,62,32488,卖盘
2468,10:21:19,5.25,0.01,30,15750,买盘
2469,10:21:16,5.24,--,117,61308,卖盘
2470,10:21:07,5.24,--,63,33012,卖盘
2471,10:21:04,5.24,--,10,5240,卖盘
2472,10:21:01,5.24,--,10,5240,卖盘
2473,10:20:58,5.24,-0.01,4,2096,卖盘
2474,10:20:55,5.25,0.01,69,36225,买盘
2475,10:20:52,5.24,--,40,20960,卖盘
2476,10:20:49,5.24,--,183,95892,卖盘
2477,10:20:46,5.24,--,108,56592,卖盘
2478,10:20:40,5.24,-0.01,171,89604,卖盘
2479,10:20:37,5.25,0.01,9,4725,买盘
2480,10:20:34,5.24,-0.01,5,2620,卖盘
2481,10:20:31,5.25,0.01,10,5250,买盘
2482,10:20:22,5.24,--,23,12450,卖盘
2483,10:20:19,5.24,--,3,1572,卖盘
2484,10:20:16,5.24,--,3,1572,卖盘
2485,10:20:10,5.24,0.01,336,176064,买盘
2486,10:20:07,5.23,--,26,13598,卖盘
2487,10:20:04,5.23,--,15,7845,卖盘
2488,10:20:01,5.23,-0.01,28,14644,卖盘
2489,10:19:58,5.24,0.01,55,28820,买盘
2490,10:19:52,5.23,--,33,17259,卖盘
2491,10:19:49,5.23,--,36,18828,卖盘
2492,10:19:46,5.23,--,40,20920,卖盘
2493,10:19:43,5.23,--,155,81065,买盘
2494,10:19:40,5.23,0.01,45,23535,买盘
2495,10:19:37,5.22,-0.01,63,32886,卖盘
2496,10:19:31,5.23,0.01,64,33472,买盘
2497,10:19:28,5.22,-0.01,652,340344,卖盘
2498,10:19:22,5.23,0.01,106,55438,买盘
2499,10:19:19,5.22,-0.01,67,34974,卖盘
2500,10:19:16,5.23,--,11,5753,买盘
2501,10:19:13,5.23,--,79,41317,买盘
2502,10:19:10,5.23,--,49,25627,买盘
2503,10:19:07,5.23,--,3,1569,买盘
2504,10:19:04,5.23,--,79,41317,买盘
2505,10:19:01,5.23,--,50,26150,买盘
2506,10:18:55,5.23,--,201,105123,买盘
2507,10:18:49,5.23,--,351,183573,卖盘
2508,10:18:46,5.23,--,60,31380,卖盘
2509,10:18:43,5.23,--,44,23012,卖盘
2510,10:18:40,5.23,-0.01,36,18828,卖盘
2511,10:18:37,5.24,0.01,77,40348,买盘
2512,10:18:34,5.23,--,7,3661,卖盘
2513,10:18:31,5.23,--,100,52300,卖盘
2514,10:18:28,5.23,--,7,3661,卖盘
2515,10:18:22,5.23,--,89,46547,卖盘
2516,10:18:19,5.23,--,1,523,卖盘
2517,10:18:16,5.23,--,58,30334,买盘
2518,10:18:13,5.23,--,225,117675,买盘
2519,10:18:10,5.23,--,20,10460,买盘
2520,10:18:07,5.23,--,414,216522,卖盘
2521,10:18:01,5.23,--,143,74789,卖盘
2522,10:17:58,5.23,-0.01,304,158992,卖盘
2523,10:17:55,5.24,--,438,229512,买盘
2524,10:17:49,5.24,--,67,35108,买盘
2525,10:17:46,5.24,0.01,15,7860,买盘
2526,10:17:40,5.23,--,114,59622,卖盘
2527,10:17:37,5.23,--,38,19874,卖盘
2528,10:17:34,5.23,--,40,20920,卖盘
2529,10:17:31,5.23,-0.01,287,150101,卖盘
2530,10:17:28,5.24,--,58,30392,买盘
2531,10:17:22,5.24,--,1,524,买盘
2532,10:17:19,5.24,0.01,155,81220,买盘
2533,10:17:13,5.23,-0.01,100,52300,卖盘
2534,10:17:10,5.24,--,2,1048,买盘
2535,10:17:07,5.24,--,51,26724,买盘
2536,10:17:01,5.24,--,409,214316,卖盘
2537,10:16:58,5.24,--,109,57116,卖盘
2538,10:16:52,5.24,--,6,3144,卖盘
2539,10:16:49,5.24,-0.01,74,38776,卖盘
2540,10:16:46,5.25,--,113,59325,买盘
2541,10:16:40,5.25,--,39,20475,卖盘
2542,10:16:37,5.25,--,25,13125,卖盘
2543,10:16:34,5.25,--,18,9450,卖盘
2544,10:16:31,5.25,--,73,38325,卖盘
2545,10:16:28,5.25,0.01,593,311325,买盘
2546,10:16:25,5.24,--,3,1572,卖盘
2547,10:16:22,5.24,--,11,5764,卖盘
2548,10:16:19,5.24,-0.01,20,10480,卖盘
2549,10:16:13,5.25,--,42,22050,买盘
2550,10:16:10,5.25,0.01,41,21525,中性盘
2551,10:16:04,5.24,-0.01,1100,576400,卖盘
2552,10:15:58,5.25,--,100,52500,卖盘
2553,10:15:52,5.25,0.01,2,1050,卖盘
2554,10:15:49,5.24,-0.01,51,26724,卖盘
2555,10:15:46,5.25,--,5,2625,买盘
2556,10:15:43,5.25,--,51,26775,买盘
2557,10:15:40,5.25,--,107,56175,卖盘
2558,10:15:37,5.25,-0.01,143,75075,卖盘
2559,10:15:31,5.26,0.01,6,3156,买盘
2560,10:15:28,5.25,--,4,2100,卖盘
2561,10:15:25,5.25,--,11,5775,卖盘
2562,10:15:19,5.25,--,117,61425,卖盘
2563,10:15:16,5.25,--,12,6300,买盘
2564,10:15:13,5.25,--,1,525,买盘
2565,10:15:07,5.25,--,49,25725,买盘
2566,10:15:04,5.25,0.01,6,3150,买盘
2567,10:15:01,5.24,-0.01,2,1048,卖盘
2568,10:14:49,5.25,-0.01,1,525,中性盘
2569,10:14:37,5.26,0.02,134,70484,买盘
2570,10:14:34,5.24,-0.01,75,39300,卖盘
2571,10:14:31,5.25,0.01,462,242550,买盘
2572,10:14:28,5.24,--,88,46112,买盘
2573,10:14:25,5.24,-0.01,1275,668100,卖盘
2574,10:14:19,5.25,--,34,17850,买盘
2575,10:14:16,5.25,--,47,24675,买盘
2576,10:14:10,5.25,--,30,15750,买盘
2577,10:14:07,5.25,--,10,5250,买盘
2578,10:14:04,5.25,--,40,21000,买盘
2579,10:14:01,5.25,--,37,19425,买盘
2580,10:13:58,5.25,--,10,5250,买盘
2581,10:13:55,5.25,-0.01,547,287175,卖盘
2582,10:13:46,5.26,--,409,215134,买盘
2583,10:13:43,5.26,--,752,395552,买盘
2584,10:13:40,5.26,--,50,26300,买盘
2585,10:13:37,5.26,--,7,3682,买盘
2586,10:13:34,5.26,--,159,83634,买盘
2587,10:13:28,5.26,--,20,10520,买盘
2588,10:13:25,5.26,--,20,10520,买盘
2589,10:13:22,5.26,--,10,5260,买盘
2590,10:13:19,5.26,--,30,15780,卖盘
2591,10:13:16,5.26,--,1,526,卖盘
2592,10:13:13,5.26,--,18,9468,卖盘
2593,10:13:04,5.26,--,183,96258,买盘
2594,10:13:01,5.26,--,20,10520,买盘
2595,10:12:55,5.26,--,90,47340,卖盘
2596,10:12:52,5.26,--,136,71536,卖盘
2597,10:12:49,5.26,-0.01,10,5260,卖盘
2598,10:12:37,5.27,0.01,4,2108,买盘
2599,10:12:34,5.26,--,30,15780,卖盘
2600,10:12:31,5.26,--,10,5260,卖盘
2601,10:12:28,5.26,--,51,26826,卖盘
2602,10:12:25,5.26,0.01,179,94154,买盘
2603,10:12:22,5.25,-0.01,10,5250,卖盘
2604,10:12:19,5.26,--,5,2630,买盘
2605,10:12:13,5.26,--,100,52600,买盘
2606,10:12:07,5.26,0.01,55,28930,中性盘
2607,10:12:01,5.25,--,174,91350,卖盘
2608,10:11:58,5.25,-0.01,494,259350,卖盘
2609,10:11:55,5.26,--,406,213556,买盘
2610,10:11:52,5.26,--,71,37346,买盘
2611,10:11:49,5.26,0.01,37,19462,买盘
2612,10:11:43,5.25,-0.01,10,5250,卖盘
2613,10:11:40,5.26,--,14,7364,买盘
2614,10:11:37,5.26,0.01,3,1578,买盘
2615,10:11:34,5.25,--,6,3150,卖盘
2616,10:11:28,5.25,-0.01,3,1575,卖盘
2617,10:11:25,5.26,--,213,112038,买盘
2618,10:11:19,5.26,--,2,1052,买盘
2619,10:11:13,5.26,--,13,6838,买盘
2620,10:11:10,5.26,--,92,48392,卖盘
2621,10:11:07,5.26,--,59,31034,卖盘
2622,10:11:04,5.26,--,1,526,卖盘
2623,10:11:01,5.26,--,22,11572,卖盘
2624,10:10:58,5.26,--,6,3156,卖盘
2625,10:10:55,5.26,--,35,18410,卖盘
2626,10:10:52,5.26,--,30,15780,卖盘
2627,10:10:49,5.26,-0.01,81,42606,卖盘
2628,10:10:43,5.27,0.01,28,14755,买盘
2629,10:10:37,5.26,-0.01,190,99940,卖盘
2630,10:10:34,5.27,0.01,20,10540,买盘
2631,10:10:28,5.26,-0.01,5,2630,卖盘
2632,10:10:25,5.27,--,33,17391,买盘
2633,10:10:22,5.27,0.01,28,14755,买盘
2634,10:10:16,5.26,--,91,47866,卖盘
2635,10:10:13,5.26,-0.01,4,2104,卖盘
2636,10:10:10,5.27,0.01,20,10540,买盘
2637,10:10:04,5.26,--,40,21040,卖盘
2638,10:10:01,5.26,--,3,1578,卖盘
2639,10:09:58,5.26,-0.01,4,2104,卖盘
2640,10:09:55,5.27,0.01,54,28457,买盘
2641,10:09:52,5.26,--,30,15780,卖盘
2642,10:09:49,5.26,--,67,35242,卖盘
2643,10:09:46,5.26,--,15,7890,卖盘
2644,10:09:43,5.26,--,19,9994,卖盘
2645,10:09:40,5.26,--,59,31034,卖盘
2646,10:09:34,5.26,--,20,10520,卖盘
2647,10:09:31,5.26,--,1,526,卖盘
2648,10:09:25,5.26,--,18,9468,卖盘
2649,10:09:25,5.26,--,76,39976,卖盘
2650,10:09:22,5.26,--,78,41028,卖盘
2651,10:09:19,5.26,0.01,455,239330,买盘
2652,10:09:16,5.25,-0.01,199,104475,卖盘
2653,10:09:10,5.26,0.01,56,29456,买盘
2654,10:09:07,5.25,--,47,24675,卖盘
2655,10:09:04,5.25,--,53,27825,卖盘
2656,10:09:01,5.25,--,157,82425,卖盘
2657,10:08:58,5.25,-0.01,5,2625,卖盘
2658,10:08:55,5.26,0.01,19,9994,买盘
2659,10:08:52,5.25,--,79,41475,卖盘
2660,10:08:49,5.25,--,12,6300,卖盘
2661,10:08:46,5.25,-0.01,66,34650,卖盘
2662,10:08:43,5.26,--,30,15780,买盘
2663,10:08:40,5.26,--,121,63646,买盘
2664,10:08:34,5.26,0.01,6,3156,买盘
2665,10:08:31,5.25,-0.01,11,5775,卖盘
2666,10:08:28,5.26,--,3,1578,买盘
2667,10:08:25,5.26,0.01,55,28930,买盘
2668,10:08:22,5.25,-0.01,66,34650,卖盘
2669,10:08:16,5.26,0.01,107,56282,买盘
2670,10:08:13,5.25,--,56,29400,卖盘
2671,10:08:10,5.25,-0.01,16,8400,卖盘
2672,10:08:07,5.26,--,42,22092,买盘
2673,10:07:55,5.26,0.01,480,252480,买盘
2674,10:07:52,5.25,--,146,76650,卖盘
2675,10:07:49,5.25,-0.01,1,525,卖盘
2676,10:07:46,5.26,0.01,190,99940,买盘
2677,10:07:40,5.25,-0.01,77,40425,卖盘
2678,10:07:37,5.26,--,89,46814,买盘
2679,10:07:34,5.26,0.01,36,18936,买盘
2680,10:07:31,5.25,--,39,20475,卖盘
2681,10:07:25,5.25,--,47,24675,卖盘
2682,10:07:22,5.25,-0.01,62,32550,卖盘
2683,10:07:19,5.26,0.01,189,99414,买盘
2684,10:07:16,5.25,--,90,47250,卖盘
2685,10:07:10,5.25,-0.01,5,2625,卖盘
2686,10:07:07,5.26,0.01,50,26300,买盘
2687,10:07:04,5.25,-0.01,59,30975,卖盘
2688,10:07:01,5.26,--,79,41554,买盘
2689,10:06:58,5.26,--,24,12624,买盘
2690,10:06:52,5.26,--,30,15780,买盘
2691,10:06:46,5.26,-0.01,28,14728,卖盘
2692,10:06:43,5.27,--,50,26349,买盘
2693,10:06:40,5.27,--,333,175491,买盘
2694,10:06:34,5.27,0.01,314,165478,买盘
2695,10:06:31,5.26,--,120,63120,卖盘
2696,10:06:28,5.26,--,20,10520,卖盘
2697,10:06:25,5.26,--,61,32086,卖盘
2698,10:06:22,5.26,--,105,55230,卖盘
2699,10:06:19,5.26,--,100,52600,卖盘
2700,10:06:16,5.26,-0.01,1,526,卖盘
2701,10:06:10,5.27,0.01,20,10540,买盘
2702,10:06:07,5.26,--,51,26826,买盘
2703,10:06:04,5.26,--,1,526,买盘
2704,10:06:01,5.26,--,29,15254,买盘
2705,10:05:58,5.26,--,98,51548,买盘
2706,10:05:55,5.26,--,46,24196,买盘
2707,10:05:52,5.26,--,2,1052,买盘
2708,10:05:49,5.26,--,85,44710,买盘
2709,10:05:43,5.26,-0.01,100,52600,卖盘
2710,10:05:40,5.27,--,27,14228,买盘
2711,10:05:37,5.27,0.01,43,22660,买盘
2712,10:05:34,5.26,-0.01,32,16832,卖盘
2713,10:05:31,5.27,--,2,1054,买盘
2714,10:05:28,5.27,0.01,85,44795,买盘
2715,10:05:25,5.26,-0.01,149,78374,卖盘
2716,10:05:22,5.27,0.01,69,36363,买盘
2717,10:05:19,5.26,-0.01,12,6312,卖盘
2718,10:05:16,5.27,0.01,20,10540,买盘
2719,10:05:13,5.26,--,25,13150,卖盘
2720,10:05:10,5.26,--,10,5260,卖盘
2721,10:05:04,5.26,--,2,1052,卖盘
2722,10:05:01,5.26,--,55,28930,卖盘
2723,10:04:58,5.26,0.01,275,144650,中性盘
2724,10:04:55,5.25,--,1336,701400,买盘
2725,10:04:52,5.25,0.01,14,7350,卖盘
2726,10:04:49,5.24,-0.01,347,181828,卖盘
2727,10:04:46,5.25,--,274,143850,买盘
2728,10:04:40,5.25,0.01,56,29400,买盘
2729,10:04:34,5.24,-0.01,413,216412,卖盘
2730,10:04:31,5.25,--,98,51450,买盘
2731,10:04:28,5.25,--,444,233100,买盘
2732,10:04:18,5.25,--,264,138600,买盘
2733,10:04:15,5.25,--,27,14175,卖盘
2734,10:04:12,5.25,0.01,1,525,卖盘
2735,10:04:09,5.24,-0.01,35,18340,卖盘
2736,10:04:06,5.25,--,20,10500,卖盘
2737,10:04:03,5.25,--,24,12600,中性盘
2738,10:04:00,5.25,--,53,27825,买盘
2739,10:03:57,5.25,--,238,124950,买盘
2740,10:03:54,5.25,--,94,49350,买盘
2741,10:03:51,5.25,--,30,15750,买盘
2742,10:03:48,5.25,--,16,8400,买盘
2743,10:03:45,5.25,--,41,21525,买盘
2744,10:03:39,5.25,--,183,96075,买盘
2745,10:03:36,5.25,--,513,269325,买盘
2746,10:03:33,5.25,--,23,12075,买盘
2747,10:03:30,5.25,--,128,67200,买盘
2748,10:03:24,5.25,--,6,3150,买盘
2749,10:03:21,5.25,--,69,36225,买盘
2750,10:03:18,5.25,-0.01,42,22050,卖盘
2751,10:03:15,5.26,0.01,14,7364,买盘
2752,10:03:12,5.25,--,265,139125,卖盘
2753,10:03:09,5.25,--,54,28350,卖盘
2754,10:03:03,5.25,--,20,10500,卖盘
2755,10:03:00,5.25,--,18,9450,卖盘
2756,10:02:57,5.25,--,1,525,卖盘
2757,10:02:51,5.25,0.01,270,141750,买盘
2758,10:02:48,5.24,-0.01,14,7336,卖盘
2759,10:02:45,5.25,0.01,6,3150,买盘
2760,10:02:39,5.24,-0.01,63,33012,卖盘
2761,10:02:36,5.25,--,8,4200,买盘
2762,10:02:21,5.25,0.01,77,40425,买盘
2763,10:02:15,5.24,--,139,72836,卖盘
2764,10:02:12,5.24,--,2,1048,卖盘
2765,10:02:09,5.24,-0.01,25,13100,卖盘
2766,10:02:06,5.25,0.01,22,11550,买盘
2767,10:02:03,5.24,-0.01,23,12052,卖盘
2768,10:02:00,5.25,--,15,7875,买盘
2769,10:01:57,5.25,--,27,14175,买盘
2770,10:01:54,5.25,0.01,20,10500,买盘
2771,10:01:48,5.24,-0.01,20,10480,中性盘
2772,10:01:45,5.25,0.02,39,20475,中性盘
2773,10:01:42,5.23,-0.03,15,7845,卖盘
2774,10:01:39,5.26,--,25,13150,买盘
2775,10:01:33,5.26,0.03,4,2104,买盘
2776,10:01:30,5.23,-0.03,50,26150,卖盘
2777,10:01:27,5.26,0.03,66,34716,买盘
2778,10:01:21,5.23,--,6,3138,卖盘
2779,10:01:18,5.23,--,7,3661,卖盘
2780,10:01:15,5.23,-0.03,55,28765,卖盘
2781,10:01:09,5.26,0.04,836,439736,买盘
2782,10:01:06,5.22,-0.01,638,333036,卖盘
2783,10:01:03,5.23,0.01,840,439320,买盘
2784,10:01:00,5.22,--,178,92916,卖盘
2785,10:00:57,5.22,--,38,19836,卖盘
2786,10:00:54,5.22,--,129,67338,卖盘
2787,10:00:51,5.22,--,215,112230,买盘
2788,10:00:48,5.22,0.01,235,122670,买盘
2789,10:00:45,5.21,-0.01,176,91696,卖盘
2790,10:00:42,5.22,--,230,120060,买盘
2791,10:00:36,5.22,--,144,75168,买盘
2792,10:00:33,5.22,--,403,210366,卖盘
2793,10:00:30,5.22,--,323,168606,卖盘
2794,10:00:24,5.22,--,145,75690,卖盘
2795,10:00:21,5.22,--,59,30798,卖盘
2796,10:00:18,5.22,--,8,4176,卖盘
2797,10:00:15,5.22,--,305,159210,卖盘
2798,10:00:09,5.22,-0.01,102,53244,卖盘
2799,10:00:06,5.23,0.01,924,483252,买盘
2800,10:00:00,5.22,--,111,57942,卖盘
2801,09:59:57,5.22,--,70,36540,卖盘
2802,09:59:54,5.22,--,78,40716,卖盘
2803,09:59:51,5.22,--,7,3654,卖盘
2804,09:59:48,5.22,0.01,628,327816,买盘
2805,09:59:45,5.21,-0.01,412,214652,卖盘
2806,09:59:39,5.22,0.01,15,7830,买盘
2807,09:59:36,5.21,-0.01,179,93259,卖盘
2808,09:59:33,5.22,--,25,13050,买盘
2809,09:59:30,5.22,0.01,92,48024,买盘
2810,09:59:27,5.21,-0.01,570,296970,卖盘
2811,09:59:24,5.22,--,226,117972,卖盘
2812,09:59:21,5.22,0.01,107,55854,买盘
2813,09:59:18,5.21,-0.02,37,19277,卖盘
2814,09:59:15,5.23,--,528,276144,买盘
2815,09:59:12,5.23,0.01,31,16213,买盘
2816,09:59:09,5.22,--,3,1566,卖盘
2817,09:59:06,5.22,--,4209,2197098,卖盘
2818,09:59:03,5.22,-0.01,128,66816,卖盘
2819,09:59:00,5.23,0.01,104,54392,买盘
2820,09:58:57,5.22,-0.01,16,8352,卖盘
2821,09:58:51,5.23,--,22,11506,买盘
2822,09:58:48,5.23,-0.01,117,61191,卖盘
2823,09:58:45,5.24,--,58,30392,买盘
2824,09:58:39,5.24,--,106,55984,卖盘
2825,09:58:36,5.24,--,40,20960,卖盘
2826,09:58:33,5.24,--,176,92224,卖盘
2827,09:58:30,5.24,--,67,35108,卖盘
2828,09:58:27,5.24,-0.01,196,102704,卖盘
2829,09:58:24,5.25,0.01,7,3675,买盘
2830,09:58:21,5.24,--,604,316579,买盘
2831,09:58:18,5.24,--,4,2096,买盘
2832,09:58:15,5.24,--,11,5764,买盘
2833,09:58:12,5.24,--,40,20960,买盘
2834,09:58:09,5.24,--,1,524,买盘
2835,09:58:06,5.24,0.01,65,34060,买盘
2836,09:58:03,5.23,-0.02,5084,2659203,卖盘
2837,09:58:00,5.25,0.01,23,12075,买盘
2838,09:57:57,5.24,--,566,296584,卖盘
2839,09:57:54,5.24,-0.01,105,55020,卖盘
2840,09:57:48,5.25,0.01,8,4200,买盘
2841,09:57:45,5.24,--,222,116328,卖盘
2842,09:57:42,5.24,--,114,59736,卖盘
2843,09:57:39,5.24,--,25,13100,卖盘
2844,09:57:36,5.24,-0.01,95,49780,卖盘
2845,09:57:33,5.25,--,111,58275,买盘
2846,09:57:27,5.25,--,125,65625,买盘
2847,09:57:24,5.25,0.01,45,23625,买盘
2848,09:57:21,5.24,--,136,71264,卖盘
2849,09:57:18,5.24,0.01,183,95892,买盘
2850,09:57:15,5.23,--,215,112445,卖盘
2851,09:57:12,5.23,-0.01,169,88387,卖盘
2852,09:57:09,5.24,--,225,117900,买盘
2853,09:57:06,5.24,--,31,16244,买盘
2854,09:57:03,5.24,-0.02,1282,671768,卖盘
2855,09:56:57,5.26,-0.01,123,64698,卖盘
2856,09:56:51,5.27,0.01,160,84320,买盘
2857,09:56:48,5.26,--,109,57334,卖盘
2858,09:56:45,5.26,--,53,27878,卖盘
2859,09:56:39,5.26,--,30,15780,卖盘
2860,09:56:36,5.26,--,155,81530,买盘
2861,09:56:33,5.26,0.01,11,5786,买盘
2862,09:56:30,5.25,-0.01,148,77700,卖盘
2863,09:56:27,5.26,0.01,467,245642,买盘
2864,09:56:24,5.25,-0.01,113,59325,卖盘
2865,09:56:21,5.26,0.01,226,118876,买盘
2866,09:56:18,5.25,0.01,173,90825,卖盘
2867,09:56:15,5.24,-0.01,3279,1718196,卖盘
2868,09:56:12,5.25,--,407,213675,买盘
2869,09:56:09,5.25,0.01,89,46725,买盘
2870,09:56:06,5.24,-0.01,61,31964,卖盘
2871,09:56:03,5.25,--,3,1575,买盘
2872,09:56:00,5.25,--,88,46200,买盘
2873,09:55:57,5.25,-0.01,142,74550,卖盘
2874,09:55:54,5.26,0.01,88,46288,买盘
2875,09:55:51,5.25,-0.01,110,57750,卖盘
2876,09:55:48,5.26,0.01,217,114142,买盘
2877,09:55:42,5.25,--,95,49875,卖盘
2878,09:55:39,5.25,--,86,45150,卖盘
2879,09:55:33,5.25,--,80,42000,卖盘
2880,09:55:30,5.25,0.01,27,14175,中性盘
2881,09:55:27,5.24,-0.01,357,187068,卖盘
2882,09:55:24,5.25,--,71,37275,买盘
2883,09:55:21,5.25,0.01,224,117600,买盘
2884,09:55:18,5.24,-0.01,78,40872,卖盘
2885,09:55:15,5.25,--,196,102900,买盘
2886,09:55:12,5.25,--,31,16275,买盘
2887,09:55:09,5.25,0.01,422,221550,买盘
2888,09:55:06,5.24,--,157,82268,卖盘
2889,09:55:03,5.24,--,2,1048,卖盘
2890,09:55:00,5.24,0.01,109,57116,卖盘
2891,09:54:57,5.23,-0.01,89,46547,卖盘
2892,09:54:54,5.24,0.01,120,63131,买盘
2893,09:54:51,5.23,-0.01,93,48910,卖盘
2894,09:54:48,5.24,--,211,110815,买盘
2895,09:54:45,5.24,--,196,102704,买盘
2896,09:54:39,5.24,--,112,58688,买盘
2897,09:54:36,5.24,0.01,144,75456,买盘
2898,09:54:33,5.23,--,355,185665,卖盘
2899,09:54:27,5.23,-0.01,806,421538,卖盘
2900,09:54:24,5.24,0.01,57,29868,买盘
2901,09:54:21,5.23,-0.01,234,122382,卖盘
