,time,price,change,volume,amount,type
0,15:00:24,24.5,0.01,2050,5024582,买盘
1,14:57:27,24.49,--,0,0,卖盘
2,14:57:00,24.49,0.01,94,230205,中性盘
3,14:56:54,24.48,-0.01,27,66096,卖盘
4,14:56:51,24.49,--,50,122449,买盘
5,14:56:48,24.49,0.01,85,208165,买盘
6,14:56:42,24.48,0.01,13,31824,卖盘
7,14:56:39,24.47,--,208,508976,卖盘
8,14:56:33,24.47,-0.01,52,127244,卖盘
9,14:56:30,24.48,--,11,26928,买盘
10,14:56:27,24.48,--,28,68544,买盘
11,14:56:21,24.48,0.01,86,210528,卖盘
12,14:56:18,24.47,-0.02,169,413543,卖盘
13,14:56:15,24.49,0.01,15,36735,买盘
14,14:56:12,24.48,--,37,90576,卖盘
15,14:56:09,24.48,--,83,204873,买盘
16,14:56:06,24.48,--,30,73440,买盘
17,14:56:03,24.48,--,57,139536,买盘
18,14:56:00,24.48,--,79,193392,买盘
19,14:55:57,24.48,--,27,66096,买盘
20,14:55:54,24.48,--,40,97920,买盘
21,14:55:51,24.48,--,46,112608,买盘
22,14:55:48,24.48,--,25,61200,买盘
23,14:55:45,24.48,-0.02,235,576038,卖盘
24,14:55:42,24.5,0.01,7,17150,买盘
25,14:55:39,24.49,-0.01,46,112654,卖盘
26,14:55:36,24.5,--,8,19600,买盘
27,14:55:33,24.5,0.02,116,284200,买盘
28,14:55:30,24.48,-0.02,299,733641,卖盘
29,14:55:27,24.5,--,187,458150,买盘
30,14:55:24,24.5,0.01,196,480200,买盘
31,14:55:21,24.49,--,16,39184,买盘
32,14:55:18,24.49,--,326,798374,卖盘
33,14:55:15,24.49,--,19,46531,卖盘
34,14:55:09,24.49,--,50,122449,卖盘
35,14:55:06,24.49,--,64,156736,卖盘
36,14:55:00,24.49,--,4,9796,卖盘
37,14:54:57,24.49,--,34,83266,卖盘
38,14:54:54,24.49,-0.01,15,36735,卖盘
39,14:54:51,24.5,0.01,218,534100,买盘
40,14:54:48,24.49,0.01,27,66123,买盘
41,14:54:45,24.48,-0.01,42,102816,卖盘
42,14:54:42,24.49,0.01,1072,2625328,买盘
43,14:54:36,24.48,--,86,210528,买盘
44,14:54:33,24.48,--,88,215424,买盘
45,14:54:30,24.48,-0.01,69,168912,卖盘
46,14:54:27,24.49,--,29,71021,买盘
47,14:54:24,24.49,--,23,56327,买盘
48,14:54:18,24.49,0.01,277,678373,买盘
49,14:54:15,24.48,-0.01,60,146880,卖盘
50,14:54:09,24.49,0.01,29,71021,买盘
51,14:54:03,24.48,0.01,94,230112,买盘
52,14:54:00,24.47,-0.02,449,1098703,卖盘
53,14:53:54,24.49,0.01,12,29387,买盘
54,14:53:51,24.48,--,10,24480,卖盘
55,14:53:48,24.48,--,16,39168,卖盘
56,14:53:45,24.48,-0.01,34,83232,卖盘
57,14:53:42,24.49,0.01,9,22041,买盘
58,14:53:39,24.48,0.01,62,151776,买盘
59,14:53:36,24.47,-0.01,73,178631,卖盘
60,14:53:33,24.48,--,17,41616,买盘
61,14:53:30,24.48,--,204,499392,买盘
62,14:53:27,24.48,--,225,550800,卖盘
63,14:53:21,24.48,--,42,102816,卖盘
64,14:53:18,24.48,-0.02,2,4896,卖盘
65,14:53:15,24.5,0.02,36,88200,买盘
66,14:53:12,24.48,--,23,56304,卖盘
67,14:53:09,24.48,--,9,22032,卖盘
68,14:53:06,24.48,--,130,318240,买盘
69,14:53:03,24.48,0.01,51,124848,买盘
70,14:53:00,24.47,-0.01,34,83198,卖盘
71,14:52:54,24.48,--,4,9792,买盘
72,14:52:51,24.48,--,37,90576,买盘
73,14:52:48,24.48,--,2,4896,买盘
74,14:52:45,24.48,-0.04,288,705024,卖盘
75,14:52:39,24.52,0.01,56,137312,买盘
76,14:52:33,24.51,0.01,109,267159,买盘
77,14:52:27,24.5,--,12,29400,卖盘
78,14:52:24,24.5,--,91,222950,买盘
79,14:52:21,24.5,0.01,9,22050,买盘
80,14:52:18,24.49,0.01,75,183675,买盘
81,14:52:12,24.48,--,18,44064,买盘
82,14:52:09,24.48,--,4,9792,买盘
83,14:52:06,24.48,--,9,22032,买盘
84,14:52:03,24.48,--,11,26928,买盘
85,14:52:00,24.48,--,7,17136,买盘
86,14:51:57,24.48,0.04,20,48960,买盘
87,14:51:51,24.44,-0.03,555,1356420,卖盘
88,14:51:45,24.47,0.01,8,20750,买盘
89,14:51:42,24.46,--,29,70934,买盘
90,14:51:39,24.46,--,4,9784,买盘
91,14:51:30,24.46,0.01,13,32409,买盘
92,14:51:27,24.45,--,16,39120,买盘
93,14:51:24,24.45,--,84,205380,买盘
94,14:51:21,24.45,0.01,58,141810,买盘
95,14:51:18,24.44,-0.01,27,65988,卖盘
96,14:51:15,24.45,--,10,24450,买盘
97,14:51:12,24.45,--,56,136920,买盘
98,14:51:09,24.45,--,111,271395,买盘
99,14:51:06,24.45,--,31,75795,买盘
100,14:51:03,24.45,--,60,146700,买盘
101,14:51:00,24.45,--,19,46455,买盘
102,14:50:57,24.45,--,50,122250,买盘
103,14:50:54,24.45,0.01,508,1242060,买盘
104,14:50:51,24.44,-0.01,3,7332,卖盘
105,14:50:48,24.45,--,11,26895,买盘
106,14:50:45,24.45,--,129,315405,买盘
107,14:50:42,24.45,0.01,28,68460,买盘
108,14:50:36,24.44,-0.01,80,195520,卖盘
109,14:50:33,24.45,--,309,755505,买盘
110,14:50:30,24.45,0.01,25,61125,买盘
111,14:50:27,24.44,-0.01,11,26884,卖盘
112,14:50:24,24.45,--,10,24450,买盘
113,14:50:21,24.45,0.01,13,31785,买盘
114,14:50:18,24.44,--,1,2444,卖盘
115,14:50:15,24.44,-0.01,3,7332,卖盘
116,14:50:12,24.45,0.01,1,2445,买盘
117,14:50:09,24.44,--,94,229736,买盘
118,14:50:03,24.44,--,1,2444,买盘
119,14:50:00,24.44,--,20,48880,买盘
120,14:49:57,24.44,-0.01,6,14664,买盘
121,14:49:51,24.45,0.01,21,51345,买盘
122,14:49:45,24.44,-0.01,13,31772,卖盘
123,14:49:42,24.45,--,15,36675,买盘
124,14:49:39,24.45,--,3,7335,买盘
125,14:49:36,24.45,--,158,386310,买盘
126,14:49:33,24.45,--,17,41565,买盘
127,14:49:24,24.45,-0.01,129,316627,卖盘
128,14:49:21,24.46,-0.01,24,58704,卖盘
129,14:49:18,24.47,0.01,40,97880,买盘
130,14:49:15,24.46,0.01,132,322872,买盘
131,14:49:12,24.45,--,7,18337,卖盘
132,14:49:06,24.45,-0.01,23,56235,卖盘
133,14:49:03,24.46,0.02,723,1768458,买盘
134,14:49:00,24.44,-0.01,14,34216,买盘
135,14:48:54,24.45,0.02,20,48900,买盘
136,14:48:48,24.43,--,15,36645,买盘
137,14:48:45,24.43,0.03,19,46417,买盘
138,14:48:39,24.4,-0.03,96,234240,卖盘
139,14:48:36,24.43,--,8,19544,卖盘
140,14:48:27,24.43,--,6,14658,买盘
141,14:48:24,24.43,--,16,39088,买盘
142,14:48:18,24.43,-0.03,1,2443,中性盘
143,14:48:15,24.46,0.03,86,210356,买盘
144,14:48:12,24.43,--,54,131922,买盘
145,14:48:09,24.43,--,5,12215,买盘
146,14:48:06,24.43,-0.01,22,53746,中性盘
147,14:48:03,24.44,0.01,91,222404,买盘
148,14:48:00,24.43,0.03,13,31759,卖盘
149,14:47:57,24.4,-0.04,586,1429840,卖盘
150,14:47:54,24.44,0.01,9,21996,买盘
151,14:47:51,24.43,--,5,12215,卖盘
152,14:47:48,24.43,--,11,26873,卖盘
153,14:47:45,24.43,--,8,19544,卖盘
154,14:47:42,24.43,-0.01,29,70847,卖盘
155,14:47:39,24.44,--,139,340913,买盘
156,14:47:36,24.44,--,8,19552,买盘
157,14:47:33,24.44,--,5,12220,买盘
158,14:47:30,24.44,--,64,156416,买盘
159,14:47:27,24.44,0.01,32,78208,买盘
160,14:47:24,24.43,-0.01,17,41531,卖盘
161,14:47:21,24.44,--,41,100204,买盘
162,14:47:18,24.44,--,16,39104,买盘
163,14:47:15,24.44,-0.01,85,208986,卖盘
164,14:47:09,24.45,--,54,132030,买盘
165,14:47:06,24.45,--,4,9780,买盘
166,14:47:03,24.45,--,14,34230,买盘
167,14:47:00,24.45,-0.03,35,85575,卖盘
168,14:46:57,24.48,0.04,20,48960,买盘
169,14:46:54,24.44,--,18,43992,卖盘
170,14:46:51,24.44,--,16,39104,卖盘
171,14:46:48,24.44,-0.01,56,136864,卖盘
172,14:46:45,24.45,0.01,82,201688,买盘
173,14:46:42,24.44,--,9,21996,卖盘
174,14:46:39,24.44,-0.01,29,70876,卖盘
175,14:46:36,24.45,0.01,25,61125,买盘
176,14:46:33,24.44,-0.01,26,63544,卖盘
177,14:46:27,24.45,--,95,232275,买盘
178,14:46:24,24.45,0.01,28,68460,买盘
179,14:46:21,24.44,--,20,48880,卖盘
180,14:46:18,24.44,-0.01,22,53768,卖盘
181,14:46:15,24.45,--,17,41565,买盘
182,14:46:12,24.45,--,8,19560,买盘
183,14:46:08,24.45,--,31,75795,买盘
184,14:46:05,24.45,--,1,2445,买盘
185,14:45:59,24.45,0.01,17,41565,买盘
186,14:45:56,24.44,--,94,229736,卖盘
187,14:45:53,24.44,-0.01,2,4888,卖盘
188,14:45:50,24.45,--,1,2445,买盘
189,14:45:47,24.45,0.02,158,386310,买盘
190,14:45:41,24.43,-0.01,89,217427,卖盘
191,14:45:38,24.44,--,12,29328,买盘
192,14:45:35,24.44,0.01,25,61100,买盘
193,14:45:32,24.43,--,10,24430,卖盘
194,14:45:29,24.43,--,19,46417,买盘
195,14:45:23,24.43,0.01,16,39088,买盘
196,14:45:20,24.42,--,72,175824,买盘
197,14:45:17,24.42,-0.01,75,183150,卖盘
198,14:45:14,24.43,--,24,58632,买盘
199,14:45:11,24.43,0.01,24,58632,买盘
200,14:45:02,24.42,--,10,24420,买盘
201,14:44:59,24.42,--,10,24420,买盘
202,14:44:56,24.42,0.02,21,51282,买盘
203,14:44:47,24.4,-0.02,60,146400,卖盘
204,14:44:41,24.42,0.03,6,14652,买盘
205,14:44:38,24.39,-0.01,52,126828,卖盘
206,14:44:32,24.4,0.01,8,19520,买盘
207,14:44:26,24.39,0.01,41,99999,买盘
208,14:44:14,24.38,--,9,21942,卖盘
209,14:44:11,24.38,0.03,19,46322,买盘
210,14:44:05,24.35,--,8,19480,卖盘
211,14:44:02,24.35,--,40,97400,买盘
212,14:43:59,24.35,--,100,243500,买盘
213,14:43:56,24.35,0.01,22,53570,买盘
214,14:43:53,24.34,-0.01,3,7302,卖盘
215,14:43:50,24.35,--,30,73050,买盘
216,14:43:47,24.35,--,22,53570,买盘
217,14:43:41,24.35,0.01,25,60875,买盘
218,14:43:38,24.34,--,1,2434,卖盘
219,14:43:35,24.34,--,33,80322,买盘
220,14:43:32,24.34,-0.01,22,53548,买盘
221,14:43:29,24.35,0.02,15,36525,买盘
222,14:43:23,24.33,--,1,2433,卖盘
223,14:43:20,24.33,0.01,5,12165,买盘
224,14:43:17,24.32,-0.01,9,21888,卖盘
225,14:43:14,24.33,0.01,54,131382,买盘
226,14:43:08,24.32,--,21,51072,卖盘
227,14:43:05,24.32,0.01,17,41344,买盘
228,14:43:02,24.31,-0.02,2,4862,卖盘
229,14:42:59,24.33,0.02,13,31628,买盘
230,14:42:56,24.31,0.01,2,4862,买盘
231,14:42:47,24.3,--,2,4860,卖盘
232,14:42:44,24.3,0.05,263,641277,买盘
233,14:42:41,24.25,0.01,7,16975,卖盘
234,14:42:38,24.24,-0.01,2,4848,卖盘
235,14:42:32,24.25,-0.01,13,31525,中性盘
236,14:42:29,24.26,--,31,75206,买盘
237,14:42:23,24.26,0.03,1,2426,买盘
238,14:42:17,24.23,-0.01,100,242300,卖盘
239,14:42:14,24.24,--,387,938087,卖盘
240,14:42:08,24.24,--,90,218160,买盘
241,14:42:05,24.24,--,36,87264,买盘
242,14:42:02,24.24,--,7,16968,买盘
243,14:41:59,24.24,--,18,43632,买盘
244,14:41:56,24.24,--,69,167256,卖盘
245,14:41:53,24.24,-0.01,7,16968,中性盘
246,14:41:50,24.25,--,99,240075,买盘
247,14:41:47,24.25,--,203,492275,买盘
248,14:41:44,24.25,0.02,54,130950,买盘
249,14:41:38,24.23,--,61,147803,卖盘
250,14:41:35,24.23,--,98,237454,买盘
251,14:41:32,24.23,--,64,155072,买盘
252,14:41:29,24.23,0.01,12,29076,买盘
253,14:41:23,24.22,--,3,7266,卖盘
254,14:41:20,24.22,--,7,16954,卖盘
255,14:41:17,24.22,-0.01,15,36330,买盘
256,14:41:14,24.23,0.02,20,48460,买盘
257,14:41:11,24.21,--,1,2421,卖盘
258,14:41:08,24.21,0.01,21,50841,中性盘
259,14:41:05,24.2,--,18,43560,卖盘
260,14:41:02,24.2,0.01,22,53240,卖盘
261,14:40:59,24.19,-0.01,37,89503,卖盘
262,14:40:56,24.2,--,16,38720,卖盘
263,14:40:53,24.2,--,1,2420,卖盘
264,14:40:50,24.2,--,1,3557,买盘
265,14:40:47,24.2,0.01,120,290400,买盘
266,14:40:44,24.19,--,50,120950,买盘
267,14:40:41,24.19,-0.01,195,472237,卖盘
268,14:40:38,24.2,0.01,21,52707,买盘
269,14:40:35,24.19,-0.01,11,26609,卖盘
270,14:40:32,24.2,--,115,278300,买盘
271,14:40:29,24.2,--,14,33880,买盘
272,14:40:26,24.2,--,27,65340,买盘
273,14:40:23,24.2,--,34,82280,买盘
274,14:40:20,24.2,-0.03,189,457912,卖盘
275,14:40:14,24.23,0.03,15,36345,中性盘
276,14:40:11,24.2,-0.04,57,137940,卖盘
277,14:40:08,24.24,0.01,13,31511,买盘
278,14:40:05,24.23,--,52,125996,卖盘
279,14:40:02,24.23,0.01,61,147803,买盘
280,14:39:59,24.22,--,4,9688,卖盘
281,14:39:56,24.22,--,15,36330,卖盘
282,14:39:50,24.22,--,33,79926,卖盘
283,14:39:47,24.22,0.01,328,794416,买盘
284,14:39:44,24.21,--,11,26631,买盘
285,14:39:41,24.21,--,23,55683,卖盘
286,14:39:38,24.21,-0.01,36,87156,中性盘
287,14:39:35,24.22,-0.01,117,283374,中性盘
288,14:39:29,24.23,-0.01,15,36345,买盘
289,14:39:26,24.24,0.01,543,1316450,买盘
290,14:39:23,24.23,--,26,62998,卖盘
291,14:39:20,24.23,-0.01,9,21807,卖盘
292,14:39:17,24.24,--,1,2424,买盘
293,14:39:14,24.24,--,1,2424,买盘
294,14:39:11,24.24,0.01,85,207712,买盘
295,14:39:05,24.23,-0.01,11,26653,卖盘
296,14:38:59,24.24,--,5,12120,买盘
297,14:38:56,24.24,--,6,14543,买盘
298,14:38:53,24.24,-0.02,160,387840,卖盘
299,14:38:50,24.26,--,4,9704,买盘
300,14:38:47,24.26,--,13,31538,买盘
301,14:38:44,24.26,--,5,12130,买盘
302,14:38:41,24.26,--,39,94614,买盘
303,14:38:38,24.26,--,1,2426,买盘
304,14:38:35,24.26,--,15,36390,买盘
305,14:38:32,24.26,--,6,14556,买盘
306,14:38:29,24.26,--,18,43668,买盘
307,14:38:26,24.26,-0.02,114,277777,卖盘
308,14:38:23,24.28,0.01,15,36420,买盘
309,14:38:20,24.27,--,4,9708,卖盘
310,14:38:17,24.27,0.01,0,1213,买盘
311,14:38:14,24.26,--,44,106744,卖盘
312,14:38:11,24.26,-0.01,54,131004,卖盘
313,14:38:08,24.27,--,21,50967,买盘
314,14:38:05,24.27,--,8,19416,买盘
315,14:38:02,24.27,--,31,75237,买盘
316,14:37:56,24.27,--,1,2427,买盘
317,14:37:53,24.27,--,1,2427,买盘
318,14:37:50,24.27,--,56,135912,买盘
319,14:37:47,24.27,-0.01,71,172317,卖盘
320,14:37:44,24.28,-0.01,41,99548,中性盘
321,14:37:41,24.29,0.01,23,55867,买盘
322,14:37:38,24.28,--,5,12140,买盘
323,14:37:35,24.28,-0.01,265,643420,卖盘
324,14:37:29,24.29,0.02,14,34006,买盘
325,14:37:26,24.27,--,1,2427,卖盘
326,14:37:23,24.27,--,9,21843,卖盘
327,14:37:20,24.27,--,118,286386,卖盘
328,14:37:11,24.27,--,6,14562,卖盘
329,14:37:08,24.27,-0.01,41,99507,卖盘
330,14:37:05,24.28,0.01,24,58272,买盘
331,14:37:02,24.27,--,47,114069,买盘
332,14:36:59,24.27,--,87,211149,买盘
333,14:36:53,24.27,--,34,82518,买盘
334,14:36:47,24.27,--,8,19416,买盘
335,14:36:44,24.27,--,44,106788,买盘
336,14:36:41,24.27,--,146,354342,买盘
337,14:36:38,24.27,--,1,2427,买盘
338,14:36:35,24.27,-0.02,17,41259,卖盘
339,14:36:32,24.29,0.01,71,172459,买盘
340,14:36:26,24.28,0.01,18,43704,买盘
341,14:36:20,24.27,0.01,10,24270,卖盘
342,14:36:17,24.26,-0.01,5,12130,卖盘
343,14:36:14,24.27,-0.01,20,48540,卖盘
344,14:36:11,24.28,0.02,196,475888,买盘
345,14:36:08,24.26,-0.01,39,94614,卖盘
346,14:36:05,24.27,0.01,66,160182,买盘
347,14:36:02,24.26,0.01,15,36390,卖盘
348,14:35:56,24.25,-0.01,27,65475,卖盘
349,14:35:53,24.26,--,22,53735,买盘
350,14:35:50,24.26,--,158,383308,买盘
351,14:35:47,24.26,0.01,13,31538,买盘
352,14:35:44,24.25,-0.01,20,48500,卖盘
353,14:35:38,24.26,--,6,14556,买盘
354,14:35:35,24.26,0.01,43,104318,买盘
355,14:35:32,24.25,--,172,417100,买盘
356,14:35:29,24.25,--,21,50925,买盘
357,14:35:26,24.25,--,47,113975,买盘
358,14:35:23,24.25,--,92,223100,买盘
359,14:35:20,24.25,--,10,24250,买盘
360,14:35:17,24.25,0.02,40,97000,买盘
361,14:35:14,24.23,-0.02,12,29076,中性盘
362,14:35:11,24.25,0.03,3,7275,买盘
363,14:35:08,24.22,-0.02,2,4844,卖盘
364,14:35:05,24.24,--,70,169680,买盘
365,14:35:02,24.24,0.03,22,53328,买盘
366,14:34:59,24.21,--,52,125892,买盘
367,14:34:56,24.21,--,62,150102,买盘
368,14:34:53,24.21,-0.03,29,70209,卖盘
369,14:34:50,24.24,0.04,51,123623,买盘
370,14:34:47,24.2,-0.01,112,271040,卖盘
371,14:34:44,24.21,--,37,89577,卖盘
372,14:34:41,24.21,--,10,24210,卖盘
373,14:34:38,24.21,0.01,23,55683,买盘
374,14:34:35,24.2,--,16,38720,卖盘
375,14:34:26,24.2,0.01,236,571120,买盘
376,14:34:20,24.19,--,49,118531,买盘
377,14:34:17,24.19,--,160,387040,卖盘
378,14:34:14,24.19,-0.01,120,290280,卖盘
379,14:34:11,24.2,0.01,107,258940,买盘
380,14:34:08,24.19,-0.01,22,53218,卖盘
381,14:34:05,24.2,--,103,249260,买盘
382,14:34:02,24.2,--,11,26620,买盘
383,14:33:59,24.2,--,22,53240,买盘
384,14:33:56,24.2,-0.01,16,38720,卖盘
385,14:33:53,24.21,0.01,303,733563,中性盘
386,14:33:50,24.2,--,17,41140,卖盘
387,14:33:47,24.2,--,62,150040,卖盘
388,14:33:44,24.2,-0.01,88,212960,卖盘
389,14:33:41,24.21,0.01,189,457569,买盘
390,14:33:38,24.2,--,53,128260,卖盘
391,14:33:35,24.2,--,11,26620,买盘
392,14:33:32,24.2,--,29,70180,买盘
393,14:33:29,24.2,--,49,118580,买盘
394,14:33:26,24.2,--,274,663080,卖盘
395,14:33:20,24.2,--,38,91960,卖盘
396,14:33:17,24.2,--,150,364210,买盘
397,14:33:11,24.2,--,6,14520,买盘
398,14:33:08,24.2,-0.02,99,240790,卖盘
399,14:33:05,24.22,0.01,77,186494,买盘
400,14:33:02,24.21,0.01,65,157365,买盘
401,14:32:59,24.2,-0.02,238,575960,卖盘
402,14:32:56,24.22,--,27,65394,卖盘
403,14:32:53,24.22,0.01,268,649096,买盘
404,14:32:50,24.21,--,95,229995,卖盘
405,14:32:47,24.21,--,97,234837,买盘
406,14:32:44,24.21,-0.01,87,210627,卖盘
407,14:32:41,24.22,0.01,134,325759,中性盘
408,14:32:35,24.21,-0.02,9,21789,卖盘
409,14:32:32,24.23,--,3,7269,买盘
410,14:32:29,24.23,0.02,6,14538,买盘
411,14:32:23,24.21,-0.04,125,302625,卖盘
412,14:32:20,24.25,-0.02,139,337075,卖盘
413,14:32:17,24.27,0.02,2,4854,买盘
414,14:32:08,24.25,-0.03,159,385575,卖盘
415,14:32:05,24.28,--,44,106832,买盘
416,14:32:02,24.28,0.01,25,60700,买盘
417,14:31:59,24.27,-0.01,20,48540,卖盘
418,14:31:56,24.28,0.01,28,67984,买盘
419,14:31:53,24.27,-0.01,15,36405,卖盘
420,14:31:50,24.28,--,37,89836,卖盘
421,14:31:47,24.28,-0.01,163,395764,卖盘
422,14:31:44,24.29,0.01,18,43722,买盘
423,14:31:41,24.28,-0.01,35,84980,卖盘
424,14:31:38,24.29,0.01,72,174888,买盘
425,14:31:35,24.28,--,20,48560,卖盘
426,14:31:32,24.28,-0.01,70,172339,卖盘
427,14:31:26,24.29,--,18,43722,卖盘
428,14:31:23,24.29,--,32,77728,卖盘
429,14:31:20,24.29,-0.01,45,109305,卖盘
430,14:31:14,24.3,--,2,4860,买盘
431,14:31:11,24.3,--,469,1140301,卖盘
432,14:31:08,24.3,--,30,72900,卖盘
433,14:31:02,24.3,--,324,787320,卖盘
434,14:30:59,24.3,--,167,405810,卖盘
435,14:30:56,24.3,--,27,65610,卖盘
436,14:30:53,24.3,--,184,447120,卖盘
437,14:30:50,24.3,-0.01,61,148230,卖盘
438,14:30:47,24.31,--,180,437580,买盘
439,14:30:41,24.31,--,42,102102,买盘
440,14:30:38,24.31,-0.01,307,746317,卖盘
441,14:30:32,24.32,--,1,2432,买盘
442,14:30:29,24.32,0.01,24,58368,中性盘
443,14:30:26,24.31,-0.01,138,335478,卖盘
444,14:30:23,24.32,-0.01,22,53504,卖盘
445,14:30:20,24.33,--,63,153279,买盘
446,14:30:14,24.33,--,91,221402,买盘
447,14:30:11,24.33,-0.02,113,275683,卖盘
448,14:29:59,24.35,0.02,10,24350,买盘
449,14:29:53,24.33,-0.02,81,198751,卖盘
450,14:29:50,24.35,0.01,18,43830,卖盘
451,14:29:47,24.34,-0.01,13,31642,中性盘
452,14:29:44,24.35,--,114,277590,买盘
453,14:29:41,24.35,--,18,43830,卖盘
454,14:29:38,24.35,--,19,46265,买盘
455,14:29:35,24.35,--,31,75485,卖盘
456,14:29:32,24.35,--,5,12175,卖盘
457,14:29:26,24.35,--,4,9740,卖盘
458,14:29:23,24.35,--,6,14610,卖盘
459,14:29:20,24.35,--,2,4870,卖盘
460,14:29:17,24.35,0.01,2,4870,买盘
461,14:29:14,24.34,0.01,19,46246,买盘
462,14:29:11,24.33,-0.02,108,262764,卖盘
463,14:29:08,24.35,--,29,70615,买盘
464,14:29:05,24.35,0.01,58,141230,买盘
465,14:29:02,24.34,-0.01,15,36510,卖盘
466,14:28:59,24.35,--,14,34090,买盘
467,14:28:56,24.35,--,3,7305,买盘
468,14:28:53,24.35,0.01,11,26785,买盘
469,14:28:50,24.34,-0.01,37,90058,卖盘
470,14:28:41,24.35,0.01,10,24350,买盘
471,14:28:35,24.34,--,1,2434,中性盘
472,14:28:29,24.34,0.01,105,255570,买盘
473,14:28:26,24.33,--,8,19464,卖盘
474,14:28:23,24.33,--,7,17031,卖盘
475,14:28:17,24.33,--,45,109484,买盘
476,14:28:11,24.33,--,41,99753,买盘
477,14:28:08,24.33,0.01,19,46227,买盘
478,14:28:05,24.32,--,26,63232,卖盘
479,14:28:02,24.32,-0.01,40,97280,卖盘
480,14:27:59,24.33,--,3,7298,买盘
481,14:27:56,24.33,--,36,87588,买盘
482,14:27:53,24.33,--,13,31628,买盘
483,14:27:50,24.33,0.02,30,72990,买盘
484,14:27:44,24.31,--,39,94809,卖盘
485,14:27:41,24.31,-0.01,74,179894,卖盘
486,14:27:35,24.32,--,24,58368,卖盘
487,14:27:32,24.32,--,48,118535,买盘
488,14:27:29,24.32,--,34,82688,买盘
489,14:27:26,24.32,--,24,58368,买盘
490,14:27:23,24.32,--,13,31616,买盘
491,14:27:20,24.32,--,12,29184,买盘
492,14:27:17,24.32,-0.03,11,26752,卖盘
493,14:27:14,24.35,0.01,221,538135,买盘
494,14:27:11,24.34,-0.01,20,48680,中性盘
495,14:27:05,24.35,--,31,75485,买盘
496,14:27:02,24.35,--,24,58440,买盘
497,14:26:59,24.35,--,1,2435,买盘
498,14:26:56,24.35,--,10,24350,买盘
499,14:26:53,24.35,--,55,133925,买盘
500,14:26:50,24.35,-0.03,425,1034875,卖盘
501,14:26:47,24.38,--,34,82892,买盘
502,14:26:44,24.38,--,1,2438,买盘
503,14:26:41,24.38,0.01,59,143842,买盘
504,14:26:38,24.37,-0.01,7,17059,卖盘
505,14:26:32,24.38,-0.02,49,119462,卖盘
506,14:26:26,24.4,0.01,188,458720,买盘
507,14:26:23,24.39,--,7,17073,买盘
508,14:26:17,24.39,--,4,9756,买盘
509,14:26:14,24.39,-0.01,30,73170,卖盘
510,14:26:10,24.4,--,7,17080,买盘
511,14:26:01,24.4,--,228,556320,卖盘
512,14:25:58,24.4,-0.01,19,46360,卖盘
513,14:25:52,24.41,--,13,31733,买盘
514,14:25:49,24.41,-0.01,42,102522,卖盘
515,14:25:40,24.42,-0.01,49,119658,卖盘
516,14:25:31,24.43,0.01,10,24430,买盘
517,14:25:25,24.42,--,21,51282,卖盘
518,14:25:19,24.42,--,25,61050,买盘
519,14:25:16,24.42,--,3,7326,买盘
520,14:25:13,24.42,--,41,100122,买盘
521,14:25:10,24.42,--,1,2442,买盘
522,14:25:07,24.42,--,14,34188,买盘
523,14:25:04,24.42,--,12,29304,买盘
524,14:25:01,24.42,--,46,112332,买盘
525,14:24:58,24.42,--,6,14652,买盘
526,14:24:55,24.42,--,7,17094,买盘
527,14:24:49,24.42,--,31,75702,买盘
528,14:24:40,24.42,--,5,12210,买盘
529,14:24:37,24.42,-0.01,11,26862,买盘
530,14:24:34,24.43,--,5,12215,买盘
531,14:24:28,24.43,0.01,20,48860,买盘
532,14:24:25,24.42,--,20,48840,卖盘
533,14:24:22,24.42,0.01,32,78144,买盘
534,14:24:19,24.41,-0.01,95,231895,卖盘
535,14:24:16,24.42,0.01,3,7326,买盘
536,14:24:13,24.41,-0.01,58,141578,卖盘
537,14:24:07,24.42,--,15,36630,买盘
538,14:24:04,24.42,--,6,14652,买盘
539,14:24:01,24.42,0.01,23,56166,买盘
540,14:23:58,24.41,-0.01,1,2441,卖盘
541,14:23:55,24.42,0.01,25,61050,买盘
542,14:23:49,24.41,-0.01,83,202603,卖盘
543,14:23:43,24.42,--,27,65934,买盘
544,14:23:40,24.42,0.01,9,21978,买盘
545,14:23:37,24.41,--,34,82994,卖盘
546,14:23:34,24.41,--,6,14646,卖盘
547,14:23:28,24.41,-0.01,5,12205,卖盘
548,14:23:22,24.42,0.01,3,7326,买盘
549,14:23:19,24.41,0.01,18,43938,买盘
550,14:23:16,24.4,-0.01,36,87840,卖盘
551,14:23:13,24.41,-0.01,6,14646,买盘
552,14:23:01,24.42,0.02,12,29304,买盘
553,14:22:55,24.4,-0.01,10,24400,卖盘
554,14:22:49,24.41,--,10,24410,中性盘
555,14:22:43,24.41,--,3,7323,卖盘
556,14:22:37,24.41,--,15,36615,卖盘
557,14:22:25,24.41,-0.01,20,48820,卖盘
558,14:22:22,24.42,0.01,1,2442,卖盘
559,14:22:19,24.41,--,3,7323,买盘
560,14:22:13,24.41,-0.01,7,17087,买盘
561,14:22:10,24.42,--,16,39072,卖盘
562,14:22:07,24.42,0.01,129,315018,买盘
563,14:22:01,24.41,--,2,4882,卖盘
564,14:21:58,24.41,--,15,36615,卖盘
565,14:21:43,24.41,-0.01,3,7323,卖盘
566,14:21:37,24.42,0.01,135,329670,买盘
567,14:21:34,24.41,--,6,14646,买盘
568,14:21:31,24.41,0.01,10,24410,买盘
569,14:21:28,24.4,-0.01,2,4880,卖盘
570,14:21:25,24.41,-0.01,6,14646,卖盘
571,14:21:22,24.42,0.01,11,26862,买盘
572,14:21:19,24.41,0.01,19,46379,买盘
573,14:21:16,24.4,--,31,75640,卖盘
574,14:21:13,24.4,-0.01,16,39040,卖盘
575,14:21:10,24.41,--,55,134255,买盘
576,14:20:55,24.41,-0.01,1,2441,买盘
577,14:20:52,24.42,0.02,8,19536,买盘
578,14:20:49,24.4,-0.04,218,531920,卖盘
579,14:20:43,24.44,0.01,74,180856,买盘
580,14:20:37,24.43,0.01,55,134365,买盘
581,14:20:34,24.42,--,58,141636,卖盘
582,14:20:31,24.42,-0.02,9,21978,卖盘
583,14:20:28,24.44,--,5,12220,买盘
584,14:20:25,24.44,0.01,13,31772,买盘
585,14:20:22,24.43,-0.01,9,21987,卖盘
586,14:20:19,24.44,--,4,9776,买盘
587,14:20:16,24.44,0.01,45,109980,买盘
588,14:20:13,24.43,--,65,158795,卖盘
589,14:20:07,24.43,-0.01,3,7329,卖盘
590,14:20:04,24.44,0.01,12,29328,买盘
591,14:20:01,24.43,-0.01,39,95277,卖盘
592,14:19:58,24.44,--,2,4888,买盘
593,14:19:55,24.44,--,21,51324,买盘
594,14:19:52,24.44,--,54,131976,买盘
595,14:19:46,24.44,--,35,85540,卖盘
596,14:19:43,24.44,--,21,51324,卖盘
597,14:19:37,24.44,--,48,117312,买盘
598,14:19:34,24.44,0.01,15,36660,买盘
599,14:19:28,24.43,--,2,4886,卖盘
600,14:19:25,24.43,-0.01,15,36645,卖盘
601,14:19:22,24.44,0.01,2,4888,买盘
602,14:19:19,24.43,--,19,46417,卖盘
603,14:19:13,24.43,--,4,9772,买盘
604,14:19:10,24.43,--,23,56189,卖盘
605,14:19:07,24.43,--,39,95277,买盘
606,14:18:55,24.43,0.02,2,4886,买盘
607,14:18:52,24.41,-0.02,6,14646,卖盘
608,14:18:49,24.43,0.02,6,14658,买盘
609,14:18:46,24.41,-0.02,10,24410,卖盘
610,14:18:43,24.43,--,10,24430,买盘
611,14:18:40,24.43,0.02,4,9772,买盘
612,14:18:37,24.41,-0.02,48,117168,卖盘
613,14:18:34,24.43,0.02,2,4886,买盘
614,14:18:31,24.41,--,19,46379,卖盘
615,14:18:19,24.41,0.01,55,134255,买盘
616,14:18:13,24.4,-0.01,19,46360,卖盘
617,14:18:07,24.41,0.02,8,19528,买盘
618,14:18:04,24.39,-0.01,11,26829,卖盘
619,14:17:58,24.4,--,27,65880,买盘
620,14:17:52,24.4,--,5,12200,买盘
621,14:17:49,24.4,0.02,9,21960,买盘
622,14:17:46,24.38,--,16,39008,买盘
623,14:17:43,24.38,--,87,212106,买盘
624,14:17:40,24.38,--,5,12190,买盘
625,14:17:37,24.38,--,10,24380,买盘
626,14:17:34,24.38,0.02,4,9752,买盘
627,14:17:31,24.36,-0.02,30,73080,卖盘
628,14:17:28,24.38,--,72,175536,买盘
629,14:17:25,24.38,0.02,28,68264,买盘
630,14:17:22,24.36,--,12,29232,买盘
631,14:17:19,24.36,--,71,172956,买盘
632,14:17:16,24.36,-0.02,15,36540,卖盘
633,14:17:10,24.38,0.02,15,36570,买盘
634,14:17:07,24.36,--,12,29232,卖盘
635,14:16:58,24.36,--,27,65772,买盘
636,14:16:55,24.36,0.01,41,99876,买盘
637,14:16:52,24.35,--,8,19480,买盘
638,14:16:49,24.35,--,15,36525,买盘
639,14:16:46,24.35,-0.03,20,48700,卖盘
640,14:16:43,24.38,0.01,141,343758,买盘
641,14:16:40,24.37,0.02,21,51177,买盘
642,14:16:37,24.35,0.02,14,34090,卖盘
643,14:16:34,24.33,-0.04,20,48660,卖盘
644,14:16:31,24.37,0.04,68,165716,买盘
645,14:16:28,24.33,0.01,156,381372,中性盘
646,14:16:25,24.32,--,6,14592,卖盘
647,14:16:22,24.32,--,182,442624,卖盘
648,14:16:19,24.32,--,211,513152,买盘
649,14:16:16,24.32,--,21,51072,买盘
650,14:16:13,24.32,0.02,15,36480,买盘
651,14:16:10,24.3,--,86,208980,卖盘
652,14:16:01,24.3,--,24,58320,卖盘
653,14:15:58,24.3,-0.01,124,301320,卖盘
654,14:15:55,24.31,--,48,116688,买盘
655,14:15:52,24.31,0.01,12,29172,买盘
656,14:15:49,24.3,-0.01,406,986580,卖盘
657,14:15:40,24.31,--,99,240669,买盘
658,14:15:37,24.31,0.01,100,243100,买盘
659,14:15:34,24.3,-0.01,55,133650,卖盘
660,14:15:31,24.31,0.01,236,573716,买盘
661,14:15:25,24.3,-0.01,78,189588,卖盘
662,14:15:22,24.31,--,87,211497,买盘
663,14:15:19,24.31,--,105,255255,买盘
664,14:15:13,24.31,-0.01,173,420563,卖盘
665,14:15:10,24.32,--,58,141056,买盘
666,14:15:07,24.32,0.01,18,43776,买盘
667,14:15:04,24.31,--,33,80223,卖盘
668,14:15:01,24.31,-0.01,52,126412,卖盘
669,14:14:58,24.32,-0.01,48,116736,卖盘
670,14:14:52,24.33,0.01,27,65691,买盘
671,14:14:49,24.32,-0.02,14,34048,卖盘
672,14:14:46,24.34,0.02,21,51114,买盘
673,14:14:43,24.32,--,15,36480,卖盘
674,14:14:40,24.32,-0.02,15,36480,卖盘
675,14:14:37,24.34,0.01,34,82756,买盘
676,14:14:34,24.33,-0.02,26,63257,卖盘
677,14:14:31,24.35,--,7,17045,买盘
678,14:14:28,24.35,--,13,31655,买盘
679,14:14:25,24.35,--,14,34090,买盘
680,14:14:22,24.35,-0.01,68,165580,卖盘
681,14:14:19,24.36,--,23,56028,买盘
682,14:14:16,24.36,0.01,38,92568,买盘
683,14:14:13,24.35,-0.01,59,143689,卖盘
684,14:14:10,24.36,--,23,56028,卖盘
685,14:14:07,24.36,--,22,53592,卖盘
686,14:14:04,24.36,-0.01,27,65772,卖盘
687,14:13:58,24.37,--,16,38992,买盘
688,14:13:55,24.37,--,99,241263,买盘
689,14:13:52,24.37,--,2,4874,买盘
690,14:13:49,24.37,--,121,294877,卖盘
691,14:13:43,24.37,-0.01,37,90169,卖盘
692,14:13:40,24.38,0.01,79,194552,买盘
693,14:13:37,24.37,-0.01,179,436686,卖盘
694,14:13:31,24.38,--,28,68264,买盘
695,14:13:28,24.38,--,85,207230,买盘
696,14:13:25,24.38,0.01,35,85330,买盘
697,14:13:22,24.37,-0.03,211,514207,卖盘
698,14:13:16,24.4,--,25,61000,买盘
699,14:13:13,24.4,--,32,78080,买盘
700,14:13:10,24.4,0.01,97,236680,买盘
701,14:13:04,24.39,-0.01,61,149413,卖盘
702,14:13:01,24.4,--,39,95160,卖盘
703,14:12:58,24.4,--,43,104920,卖盘
704,14:12:55,24.4,-0.01,78,190320,卖盘
705,14:12:52,24.41,0.01,24,58584,买盘
706,14:12:49,24.4,--,5,12200,卖盘
707,14:12:46,24.4,-0.02,406,992445,卖盘
708,14:12:43,24.42,--,15,36630,买盘
709,14:12:40,24.42,0.01,17,41514,买盘
710,14:12:34,24.41,-0.02,10,24410,卖盘
711,14:12:31,24.43,--,10,24430,买盘
712,14:12:28,24.43,--,17,41531,买盘
713,14:12:25,24.43,0.01,9,21987,买盘
714,14:12:22,24.42,-0.03,41,100122,卖盘
715,14:12:19,24.45,--,52,127140,买盘
716,14:12:16,24.45,--,9,22005,买盘
717,14:12:13,24.45,--,67,163815,买盘
718,14:12:10,24.45,--,60,146700,买盘
719,14:12:07,24.45,-0.01,136,333766,卖盘
720,14:12:01,24.46,--,10,24460,中性盘
721,14:11:58,24.46,-0.03,44,107624,卖盘
722,14:11:55,24.49,0.02,6,14693,买盘
723,14:11:52,24.47,-0.04,7,17129,卖盘
724,14:11:49,24.51,0.01,1,2451,卖盘
725,14:11:46,24.5,--,32,78400,卖盘
726,14:11:43,24.5,0.04,79,193550,买盘
727,14:11:40,24.46,-0.04,25,61150,中性盘
728,14:11:37,24.5,--,95,232750,买盘
729,14:11:31,24.5,--,93,227850,买盘
730,14:11:25,24.5,--,8,19600,买盘
731,14:11:22,24.5,--,18,44100,卖盘
732,14:11:19,24.5,--,13,31850,卖盘
733,14:11:16,24.5,--,79,193550,卖盘
734,14:11:13,24.5,--,22,53900,买盘
735,14:11:10,24.5,--,286,700700,卖盘
736,14:11:07,24.5,--,41,100450,卖盘
737,14:11:04,24.5,--,123,301350,卖盘
738,14:11:01,24.5,--,462,1131900,卖盘
739,14:10:58,24.5,--,583,1428350,卖盘
740,14:10:52,24.5,--,460,1127000,卖盘
741,14:10:49,24.5,--,40,98000,卖盘
742,14:10:46,24.5,-0.02,212,519400,卖盘
743,14:10:43,24.52,-0.03,7,17164,买盘
744,14:10:40,24.55,--,25,61375,卖盘
745,14:10:37,24.55,--,10,24550,卖盘
746,14:10:34,24.55,-0.01,2007,4927185,卖盘
747,14:10:31,24.56,--,17,41752,卖盘
748,14:10:22,24.56,--,9,22104,买盘
749,14:10:16,24.56,0.01,1,2456,中性盘
750,14:10:10,24.55,-0.01,48,117840,卖盘
751,14:10:07,24.56,0.01,7,17192,买盘
752,14:10:04,24.55,--,79,193945,卖盘
753,14:10:01,24.55,--,25,61375,卖盘
754,14:09:55,24.55,--,16,39280,卖盘
755,14:09:49,24.55,-0.02,10,24550,卖盘
756,14:09:46,24.57,0.02,7,17199,买盘
757,14:09:43,24.55,-0.01,11,27005,卖盘
758,14:09:40,24.56,0.01,5,12280,中性盘
759,14:09:34,24.55,-0.01,36,88380,卖盘
760,14:09:28,24.56,0.01,52,127712,中性盘
761,14:09:19,24.55,--,41,100655,卖盘
762,14:09:16,24.55,--,10,24550,卖盘
763,14:09:13,24.55,-0.01,136,333880,卖盘
764,14:09:07,24.56,--,4,9824,卖盘
765,14:09:04,24.56,-0.01,18,44208,卖盘
766,14:09:01,24.57,--,1,2457,买盘
767,14:08:58,24.57,0.02,11,27027,买盘
768,14:08:55,24.55,-0.02,27,66285,卖盘
769,14:08:52,24.57,--,11,27027,买盘
770,14:08:49,24.57,0.01,58,142506,买盘
771,14:08:43,24.56,-0.01,15,36840,卖盘
772,14:08:37,24.57,--,3,7371,买盘
773,14:08:28,24.57,--,2,4914,买盘
774,14:08:22,24.57,0.01,4,9828,买盘
775,14:08:19,24.56,-0.01,11,27016,卖盘
776,14:08:16,24.57,--,28,68796,买盘
777,14:08:10,24.57,--,1,2457,买盘
778,14:08:07,24.57,0.01,2,4914,买盘
779,14:08:04,24.56,--,11,27016,卖盘
780,14:07:58,24.56,-0.01,59,144904,卖盘
781,14:07:55,24.57,0.01,93,228501,买盘
782,14:07:52,24.56,--,26,63856,卖盘
783,14:07:49,24.56,--,6,14736,卖盘
784,14:07:43,24.56,--,1,2456,卖盘
785,14:07:40,24.56,--,33,81048,卖盘
786,14:07:37,24.56,--,1,2456,卖盘
787,14:07:34,24.56,-0.01,10,24560,卖盘
788,14:07:31,24.57,--,1,2457,买盘
789,14:07:28,24.57,--,12,29484,买盘
790,14:07:25,24.57,--,10,24570,买盘
791,14:07:22,24.57,0.01,1,2457,买盘
792,14:07:16,24.56,--,5,12280,卖盘
793,14:07:13,24.56,-0.01,40,98240,买盘
794,14:07:10,24.57,--,4,9828,买盘
795,14:07:07,24.57,0.01,30,73710,买盘
796,14:07:04,24.56,--,13,31928,买盘
797,14:07:01,24.56,--,6,14736,买盘
798,14:06:58,24.56,--,1,2456,买盘
799,14:06:55,24.56,0.01,8,19648,买盘
800,14:06:49,24.55,--,25,61375,卖盘
801,14:06:46,24.55,-0.02,73,179215,卖盘
802,14:06:43,24.57,--,22,54054,买盘
803,14:06:40,24.57,0.01,190,466830,买盘
804,14:06:34,24.56,-0.01,4,9824,卖盘
805,14:06:28,24.57,0.01,6,14742,买盘
806,14:06:25,24.56,--,45,110520,卖盘
807,14:06:22,24.56,--,4,9824,卖盘
808,14:06:19,24.56,0.01,117,287352,卖盘
809,14:06:16,24.55,-0.02,23,56465,卖盘
810,14:06:13,24.57,0.02,11,27027,买盘
811,14:06:10,24.55,-0.02,28,68740,卖盘
812,14:06:07,24.57,0.01,65,159705,买盘
813,14:06:04,24.56,--,94,230864,卖盘
814,14:05:58,24.56,--,37,90872,卖盘
815,14:05:55,24.56,--,46,112976,卖盘
816,14:05:51,24.56,--,15,36840,卖盘
817,14:05:48,24.56,-0.01,30,73680,卖盘
818,14:05:45,24.57,0.01,3,7371,买盘
819,14:05:39,24.56,--,3,7368,卖盘
820,14:05:36,24.56,--,51,125256,卖盘
821,14:05:33,24.56,-0.01,16,39296,卖盘
822,14:05:30,24.57,--,20,49140,买盘
823,14:05:27,24.57,--,5,12285,买盘
824,14:05:24,24.57,--,40,98280,买盘
825,14:05:21,24.57,--,13,31941,买盘
826,14:05:18,24.57,-0.01,111,272727,卖盘
827,14:05:15,24.58,-0.01,1,2458,中性盘
828,14:05:09,24.59,0.02,31,76229,买盘
829,14:05:03,24.57,--,5,12285,卖盘
830,14:05:00,24.57,--,17,41769,卖盘
831,14:04:54,24.57,0.01,15,36855,中性盘
832,14:04:51,24.56,-0.01,35,85960,卖盘
833,14:04:48,24.57,--,6,14742,卖盘
834,14:04:45,24.57,--,19,46683,卖盘
835,14:04:42,24.57,--,18,44226,买盘
836,14:04:39,24.57,0.01,39,95823,买盘
837,14:04:36,24.56,-0.01,20,49120,卖盘
838,14:04:30,24.57,--,34,83538,买盘
839,14:04:27,24.57,0.01,16,39312,买盘
840,14:04:24,24.56,-0.01,86,211216,卖盘
841,14:04:15,24.57,--,12,29484,买盘
842,14:04:12,24.57,--,21,51597,买盘
843,14:04:09,24.57,--,13,31941,买盘
844,14:04:00,24.57,--,8,19656,买盘
845,14:03:57,24.57,-0.01,72,177591,卖盘
846,14:03:51,24.58,--,1,2458,买盘
847,14:03:48,24.58,0.01,68,167144,买盘
848,14:03:45,24.57,-0.01,2,4914,卖盘
849,14:03:36,24.58,--,68,167144,买盘
850,14:03:33,24.58,-0.02,79,194182,卖盘
851,14:03:18,24.6,--,29,71340,买盘
852,14:03:15,24.6,0.02,11,27060,买盘
853,14:03:12,24.58,--,5,12290,卖盘
854,14:03:09,24.58,--,5,12290,卖盘
855,14:03:06,24.58,--,7,17206,卖盘
856,14:02:57,24.58,--,44,108151,卖盘
857,14:02:54,24.58,0.01,15,36870,买盘
858,14:02:51,24.57,--,11,27027,卖盘
859,14:02:48,24.57,--,16,39312,卖盘
860,14:02:45,24.57,--,14,34398,卖盘
861,14:02:39,24.57,--,15,36855,卖盘
862,14:02:36,24.57,--,5,12285,卖盘
863,14:02:33,24.57,--,13,31941,卖盘
864,14:02:27,24.57,0.01,23,58280,买盘
865,14:02:21,24.56,--,5,12280,卖盘
866,14:02:18,24.56,--,18,44208,卖盘
867,14:02:12,24.56,-0.01,68,167008,卖盘
868,14:02:06,24.57,0.01,10,24570,买盘
869,14:02:00,24.56,-0.01,25,61400,卖盘
870,14:01:54,24.57,--,55,135822,卖盘
871,14:01:48,24.57,-0.01,9,22113,卖盘
872,14:01:45,24.58,--,22,54075,卖盘
873,14:01:39,24.58,--,8,19664,卖盘
874,14:01:36,24.58,-0.02,5,12290,卖盘
875,14:01:27,24.6,--,31,76260,卖盘
876,14:01:24,24.6,--,205,504300,卖盘
877,14:01:21,24.6,-0.01,14,34440,卖盘
878,14:01:18,24.61,0.01,8,19688,买盘
879,14:01:15,24.6,-0.01,11,27060,卖盘
880,14:01:09,24.61,0.01,97,238717,中性盘
881,14:01:00,24.6,-0.02,5,12300,卖盘
882,14:00:57,24.62,--,89,219118,买盘
883,14:00:51,24.62,0.02,3,7386,买盘
884,14:00:48,24.6,-0.02,305,750300,卖盘
885,14:00:45,24.62,--,28,68936,卖盘
886,14:00:39,24.62,--,7,17234,卖盘
887,14:00:36,24.62,-0.01,102,251124,卖盘
888,14:00:30,24.63,--,53,130539,卖盘
889,14:00:24,24.63,--,7,17241,卖盘
890,14:00:18,24.63,-0.01,3,7389,卖盘
891,14:00:15,24.64,--,1,2464,买盘
892,14:00:12,24.64,-0.01,34,83776,中性盘
893,14:00:03,24.65,0.01,202,497930,买盘
894,13:59:57,24.64,--,5,12320,卖盘
895,13:59:54,24.64,--,1,2464,卖盘
896,13:59:45,24.64,--,2,4928,卖盘
897,13:59:42,24.64,--,35,86240,卖盘
898,13:59:39,24.64,--,2,4928,卖盘
899,13:59:24,24.64,--,7,17248,卖盘
900,13:59:21,24.64,--,1,2464,卖盘
901,13:59:18,24.64,--,10,24640,卖盘
902,13:59:15,24.64,--,19,46816,卖盘
903,13:59:12,24.64,-0.01,5,12320,卖盘
904,13:59:09,24.65,--,2,4930,买盘
905,13:58:54,24.65,--,3,7395,买盘
906,13:58:48,24.65,0.01,23,56695,买盘
907,13:58:39,24.64,-0.01,10,24640,卖盘
908,13:58:36,24.65,--,27,66555,买盘
909,13:58:18,24.65,-0.01,8,19720,卖盘
910,13:58:09,24.66,0.01,2,4932,买盘
911,13:58:06,24.65,--,6,14790,卖盘
912,13:58:00,24.65,--,50,123250,卖盘
913,13:57:57,24.65,0.01,70,172550,买盘
914,13:57:48,24.64,--,1,2464,买盘
915,13:57:39,24.64,--,1,2464,买盘
916,13:57:33,24.64,--,63,155232,买盘
917,13:57:27,24.64,--,5,12320,买盘
918,13:57:24,24.64,0.01,3,7392,买盘
919,13:57:21,24.63,-0.01,29,71427,卖盘
920,13:57:15,24.64,--,2,4928,买盘
921,13:57:12,24.64,0.01,5,12320,买盘
922,13:57:09,24.63,--,6,14778,卖盘
923,13:57:06,24.63,-0.01,35,86205,卖盘
924,13:56:57,24.64,0.01,49,120736,中性盘
925,13:56:48,24.63,-0.02,21,51723,卖盘
926,13:56:45,24.65,--,5,12325,买盘
927,13:56:36,24.65,--,2,4930,买盘
928,13:56:27,24.65,--,22,54230,买盘
929,13:56:18,24.65,--,9,22185,卖盘
930,13:56:12,24.65,--,3,7395,卖盘
931,13:56:06,24.65,-0.01,39,96135,卖盘
932,13:56:03,24.66,0.01,5,12330,买盘
933,13:55:57,24.65,--,3,7395,卖盘
934,13:55:54,24.65,-0.01,14,34510,卖盘
935,13:55:48,24.66,--,30,73980,买盘
936,13:55:45,24.66,--,2,4932,买盘
937,13:55:42,24.66,--,42,103572,买盘
938,13:55:39,24.66,0.01,4,9864,买盘
939,13:55:36,24.65,--,27,66555,卖盘
940,13:55:30,24.65,--,10,24650,卖盘
941,13:55:27,24.65,--,13,32044,卖盘
942,13:55:21,24.65,--,22,54230,买盘
943,13:55:15,24.65,0.03,1,2465,买盘
944,13:55:12,24.62,-0.03,39,97495,卖盘
945,13:55:06,24.65,0.02,15,36975,买盘
946,13:54:57,24.63,-0.02,2,4926,卖盘
947,13:54:54,24.65,--,30,73950,买盘
948,13:54:51,24.65,0.02,10,24650,买盘
949,13:54:45,24.63,--,2,4926,中性盘
950,13:54:30,24.63,0.01,15,36945,买盘
951,13:54:27,24.62,--,2,4924,卖盘
952,13:54:21,24.62,--,1,2462,卖盘
953,13:54:18,24.62,--,9,22158,买盘
954,13:54:15,24.62,--,6,14772,买盘
955,13:54:12,24.62,--,5,12310,买盘
956,13:54:06,24.62,0.01,19,46778,买盘
957,13:53:57,24.61,--,33,81213,买盘
958,13:53:54,24.61,0.01,14,34454,买盘
959,13:53:51,24.6,--,93,228780,卖盘
960,13:53:39,24.6,--,75,184500,买盘
961,13:53:36,24.6,--,9,22140,买盘
962,13:53:30,24.6,--,24,59040,买盘
963,13:53:24,24.6,--,5,12300,买盘
964,13:53:18,24.6,0.01,15,36900,买盘
965,13:53:15,24.59,--,41,102589,买盘
966,13:53:09,24.59,0.01,3,7377,买盘
967,13:52:54,24.58,0.01,29,71282,买盘
968,13:52:51,24.57,-0.01,11,27027,卖盘
969,13:52:48,24.58,--,2,4916,买盘
970,13:52:45,24.58,0.01,24,58991,买盘
971,13:52:42,24.57,-0.01,43,105651,卖盘
972,13:52:39,24.58,0.01,107,263006,买盘
973,13:52:33,24.57,--,6,14742,卖盘
974,13:52:24,24.57,--,13,31941,卖盘
975,13:52:21,24.57,0.01,5,12285,中性盘
976,13:52:12,24.56,-0.01,7,17192,卖盘
977,13:52:09,24.57,--,7,17199,卖盘
978,13:52:06,24.57,--,2,4914,卖盘
979,13:52:03,24.57,-0.01,202,496314,卖盘
980,13:52:00,24.58,0.01,168,412944,买盘
981,13:51:45,24.57,--,40,98280,买盘
982,13:51:39,24.57,-0.01,162,398034,卖盘
983,13:51:36,24.58,--,1,2458,卖盘
984,13:51:30,24.58,0.01,14,34412,买盘
985,13:51:21,24.57,-0.01,89,218673,卖盘
986,13:51:18,24.58,--,5,12290,卖盘
987,13:51:15,24.58,--,31,76198,买盘
988,13:51:03,24.58,--,13,31953,买盘
989,13:50:57,24.58,-0.02,157,385906,卖盘
990,13:50:48,24.6,--,20,49888,卖盘
991,13:50:45,24.6,--,27,66420,卖盘
992,13:50:33,24.6,-0.01,55,135300,卖盘
993,13:50:30,24.61,--,5,12305,中性盘
994,13:50:18,24.61,0.01,47,115667,中性盘
995,13:50:12,24.6,-0.01,15,36900,卖盘
996,13:50:09,24.61,0.01,14,34454,买盘
997,13:50:06,24.6,--,8,19680,卖盘
998,13:50:03,24.6,--,20,49200,卖盘
999,13:50:00,24.6,-0.01,7,18991,卖盘
1000,13:49:57,24.61,0.01,21,51681,买盘
1001,13:49:54,24.6,--,40,98400,卖盘
1002,13:49:39,24.6,--,17,41820,卖盘
1003,13:49:36,24.6,-0.01,27,66420,卖盘
1004,13:49:30,24.61,--,10,24610,卖盘
1005,13:49:21,24.61,-0.01,6,14766,卖盘
1006,13:49:09,24.62,--,2,4924,买盘
1007,13:49:06,24.62,-0.01,30,73860,卖盘
1008,13:49:03,24.63,0.01,2,4926,买盘
1009,13:49:00,24.62,--,3,7386,卖盘
1010,13:48:57,24.62,-0.01,14,34468,卖盘
1011,13:48:51,24.63,--,2,4926,买盘
1012,13:48:45,24.63,-0.01,9,22167,卖盘
1013,13:48:39,24.64,--,55,135520,买盘
1014,13:48:36,24.64,0.01,20,49280,买盘
1015,13:48:33,24.63,--,51,125613,卖盘
1016,13:48:30,24.63,--,16,39408,卖盘
1017,13:48:21,24.63,--,10,24630,卖盘
1018,13:48:18,24.63,-0.02,121,298023,卖盘
1019,13:48:09,24.65,--,2,4930,买盘
1020,13:48:06,24.65,0.02,31,76415,买盘
1021,13:48:00,24.63,-0.01,13,32019,卖盘
1022,13:47:57,24.64,-0.01,6,14784,中性盘
1023,13:47:48,24.65,0.02,51,125715,买盘
1024,13:47:42,24.63,--,12,29556,卖盘
1025,13:47:33,24.63,--,7,17241,卖盘
1026,13:47:24,24.63,0.01,6,14778,买盘
1027,13:47:12,24.62,--,8,19696,卖盘
1028,13:47:06,24.62,0.02,3,7386,买盘
1029,13:47:00,24.6,-0.01,20,49200,卖盘
1030,13:46:51,24.61,0.01,2,4922,买盘
1031,13:46:48,24.6,-0.01,6,14760,卖盘
1032,13:46:45,24.61,0.01,2,4922,买盘
1033,13:46:42,24.6,--,8,19680,中性盘
1034,13:46:39,24.6,--,43,105780,买盘
1035,13:46:36,24.6,--,16,39360,买盘
1036,13:46:30,24.6,0.01,6,14760,买盘
1037,13:46:27,24.59,--,8,19672,卖盘
1038,13:46:21,24.59,-0.01,2,4918,卖盘
1039,13:46:18,24.6,0.01,29,71340,买盘
1040,13:46:15,24.59,--,12,29508,买盘
1041,13:46:11,24.59,--,7,17213,买盘
1042,13:46:02,24.59,-0.01,7,17213,卖盘
1043,13:45:56,24.6,--,3,7380,买盘
1044,13:45:53,24.6,0.03,6,14760,买盘
1045,13:45:50,24.57,-0.03,15,36855,卖盘
1046,13:45:44,24.6,0.03,64,157440,买盘
1047,13:45:38,24.57,--,1,2457,买盘
1048,13:45:35,24.57,0.01,2,4914,买盘
1049,13:45:32,24.56,-0.01,4,9824,卖盘
1050,13:45:26,24.57,--,5,12285,卖盘
1051,13:45:23,24.57,0.01,5,12285,卖盘
1052,13:45:17,24.56,-0.01,54,133115,买盘
1053,13:45:14,24.57,0.01,21,51597,买盘
1054,13:45:11,24.56,-0.01,246,604176,卖盘
1055,13:45:05,24.57,--,5,12285,买盘
1056,13:45:02,24.57,--,2,4914,买盘
1057,13:44:59,24.57,--,14,34398,买盘
1058,13:44:53,24.57,--,11,27027,买盘
1059,13:44:50,24.57,--,3,7371,买盘
1060,13:44:47,24.57,0.01,15,36855,买盘
1061,13:44:44,24.56,--,2,4912,卖盘
1062,13:44:38,24.56,-0.01,3,7368,卖盘
1063,13:44:35,24.57,0.01,1,2457,买盘
1064,13:44:32,24.56,-0.01,8,19648,卖盘
1065,13:44:29,24.57,--,41,100737,买盘
1066,13:44:23,24.57,--,11,27027,买盘
1067,13:44:20,24.57,--,23,56511,买盘
1068,13:44:17,24.57,-0.01,309,761498,卖盘
1069,13:44:14,24.58,0.01,28,68824,买盘
1070,13:44:11,24.57,-0.01,31,76167,卖盘
1071,13:44:08,24.58,--,52,127815,卖盘
1072,13:44:05,24.58,--,29,71282,买盘
1073,13:44:02,24.58,--,5,12290,买盘
1074,13:43:56,24.58,--,13,31953,卖盘
1075,13:43:53,24.58,--,5,12290,卖盘
1076,13:43:50,24.58,--,7,18631,买盘
1077,13:43:44,24.58,--,17,42818,卖盘
1078,13:43:41,24.58,--,9,22122,卖盘
1079,13:43:35,24.58,--,20,49160,卖盘
1080,13:43:32,24.58,-0.01,65,159770,卖盘
1081,13:43:26,24.59,0.01,37,90983,买盘
1082,13:43:20,24.58,-0.01,3,7373,卖盘
1083,13:43:17,24.59,-0.01,67,164753,卖盘
1084,13:43:14,24.6,0.01,12,29520,买盘
1085,13:43:11,24.59,-0.01,18,44262,卖盘
1086,13:43:08,24.6,--,10,24600,买盘
1087,13:43:05,24.6,--,107,265360,卖盘
1088,13:42:56,24.6,--,93,228780,卖盘
1089,13:42:50,24.6,-0.02,27,66420,卖盘
1090,13:42:47,24.62,--,10,24620,卖盘
1091,13:42:41,24.62,--,53,130486,卖盘
1092,13:42:35,24.62,--,24,59088,买盘
1093,13:42:29,24.62,--,507,1248234,卖盘
1094,13:42:26,24.62,-0.04,60,147720,卖盘
1095,13:42:23,24.66,0.04,28,69048,买盘
1096,13:42:14,24.62,-0.04,30,73860,卖盘
1097,13:42:11,24.66,0.02,64,157824,买盘
1098,13:42:05,24.64,-0.02,400,985600,卖盘
1099,13:42:02,24.66,--,22,54252,卖盘
1100,13:41:59,24.66,-0.01,6,14796,卖盘
1101,13:41:50,24.67,0.01,70,172690,买盘
1102,13:41:47,24.66,--,43,106038,卖盘
1103,13:41:44,24.66,--,3,7398,卖盘
1104,13:41:41,24.66,-0.01,82,202212,卖盘
1105,13:41:38,24.67,--,46,113482,卖盘
1106,13:41:35,24.67,--,6,14802,卖盘
1107,13:41:32,24.67,--,1,2467,卖盘
1108,13:41:23,24.67,-0.01,49,120883,卖盘
1109,13:41:20,24.68,--,7,17276,卖盘
1110,13:41:17,24.68,-0.01,10,24680,卖盘
1111,13:41:14,24.69,--,10,24690,买盘
1112,13:41:11,24.69,0.01,50,123450,买盘
1113,13:41:08,24.68,-0.01,50,123400,卖盘
1114,13:41:05,24.69,--,1,2469,买盘
1115,13:41:02,24.69,--,1,2469,买盘
1116,13:40:59,24.69,-0.01,79,195051,卖盘
1117,13:40:56,24.7,--,6,14820,买盘
1118,13:40:53,24.7,0.01,12,29640,买盘
1119,13:40:50,24.69,--,15,37035,卖盘
1120,13:40:47,24.69,-0.01,3,7407,卖盘
1121,13:40:44,24.7,0.01,14,34580,买盘
1122,13:40:41,24.69,-0.01,1,2469,卖盘
1123,13:40:38,24.7,--,2,4940,买盘
1124,13:40:35,24.7,0.01,23,56810,买盘
1125,13:40:20,24.69,--,14,34566,买盘
1126,13:40:11,24.69,--,3,7407,买盘
1127,13:40:02,24.69,0.01,2,4938,买盘
1128,13:39:59,24.68,-0.01,35,86380,卖盘
1129,13:39:56,24.69,--,8,19752,买盘
1130,13:39:50,24.69,--,1,2469,买盘
1131,13:39:47,24.69,0.01,12,29628,买盘
1132,13:39:44,24.68,0.01,12,29616,中性盘
1133,13:39:38,24.67,-0.01,176,434192,卖盘
1134,13:39:35,24.68,--,8,19744,买盘
1135,13:39:32,24.68,0.02,5,12340,买盘
1136,13:39:29,24.66,-0.02,7,17262,卖盘
1137,13:39:26,24.68,0.02,2,4936,中性盘
1138,13:39:20,24.66,-0.02,205,505530,卖盘
1139,13:39:02,24.68,-0.01,10,24680,卖盘
1140,13:38:59,24.69,0.01,10,24690,中性盘
1141,13:38:53,24.68,-0.01,13,32084,卖盘
1142,13:38:50,24.69,--,1,2469,买盘
1143,13:38:44,24.69,--,20,49380,买盘
1144,13:38:35,24.69,--,112,276528,买盘
1145,13:38:23,24.69,--,3,7407,买盘
1146,13:38:20,24.69,--,74,182706,卖盘
1147,13:38:14,24.69,--,11,27159,卖盘
1148,13:38:11,24.69,-0.01,1,2469,卖盘
1149,13:38:08,24.7,0.01,5,12350,买盘
1150,13:38:02,24.69,--,7,17283,卖盘
1151,13:37:56,24.69,-0.01,10,24690,卖盘
1152,13:37:53,24.7,0.01,5,12350,买盘
1153,13:37:50,24.69,-0.01,18,44442,卖盘
1154,13:37:44,24.7,--,50,123500,买盘
1155,13:37:41,24.7,--,22,54340,买盘
1156,13:37:32,24.7,0.01,36,88920,买盘
1157,13:37:29,24.69,--,6,14814,卖盘
1158,13:37:26,24.69,-0.01,20,49380,卖盘
1159,13:37:23,24.7,0.01,2,4940,买盘
1160,13:37:20,24.69,--,79,195051,卖盘
1161,13:37:08,24.69,-0.01,1,2469,卖盘
1162,13:36:53,24.7,--,6,14820,买盘
1163,13:36:47,24.7,--,9,22230,买盘
1164,13:36:44,24.7,--,9,22230,买盘
1165,13:36:41,24.7,-0.01,27,66690,卖盘
1166,13:36:32,24.71,--,28,69188,买盘
1167,13:36:29,24.71,0.01,2,4942,买盘
1168,13:36:14,24.7,--,2,4940,卖盘
1169,13:36:08,24.7,-0.01,3,7410,卖盘
1170,13:35:59,24.71,0.01,205,506555,买盘
1171,13:35:56,24.7,--,21,51870,卖盘
1172,13:35:53,24.7,--,4,9880,卖盘
1173,13:35:50,24.7,--,5,12350,卖盘
1174,13:35:38,24.7,--,2,4940,卖盘
1175,13:35:32,24.7,--,1,2470,卖盘
1176,13:35:29,24.7,--,1,2470,卖盘
1177,13:35:26,24.7,--,1,2470,卖盘
1178,13:35:23,24.7,-0.01,2,4940,卖盘
1179,13:35:20,24.71,--,7,17297,买盘
1180,13:35:17,24.71,0.01,26,64246,买盘
1181,13:35:14,24.7,-0.01,12,29640,卖盘
1182,13:35:11,24.71,0.01,8,19768,买盘
1183,13:35:05,24.7,--,20,49400,卖盘
1184,13:35:02,24.7,-0.01,101,249470,卖盘
1185,13:34:53,24.71,0.01,5,12355,买盘
1186,13:34:47,24.7,-0.01,200,494000,卖盘
1187,13:34:41,24.71,0.01,24,59304,买盘
1188,13:34:20,24.7,-0.01,8,19760,卖盘
1189,13:34:11,24.71,--,28,69188,卖盘
1190,13:33:44,24.71,-0.01,40,98840,卖盘
1191,13:33:41,24.72,--,44,108768,买盘
1192,13:33:32,24.72,0.01,20,49440,买盘
1193,13:33:29,24.71,-0.01,6,14826,卖盘
1194,13:33:11,24.72,0.01,2,4944,买盘
1195,13:33:08,24.71,--,10,24710,卖盘
1196,13:33:05,24.71,--,8,19768,卖盘
1197,13:33:02,24.71,--,4,9884,卖盘
1198,13:32:53,24.71,--,13,32123,卖盘
1199,13:32:50,24.71,--,5,12355,卖盘
1200,13:32:47,24.71,--,1,2471,卖盘
1201,13:32:44,24.71,-0.02,2,4942,卖盘
1202,13:32:38,24.73,0.01,241,595993,买盘
1203,13:32:35,24.72,--,5,12360,买盘
1204,13:32:26,24.72,--,6,14832,卖盘
1205,13:32:20,24.72,--,10,24720,卖盘
1206,13:32:11,24.72,--,3,7416,卖盘
1207,13:32:08,24.72,-0.01,15,37080,卖盘
1208,13:32:02,24.73,--,12,29676,买盘
1209,13:31:59,24.73,--,14,34622,卖盘
1210,13:31:56,24.73,--,10,24730,卖盘
1211,13:31:53,24.73,--,3,7419,卖盘
1212,13:31:41,24.73,0.01,45,111285,买盘
1213,13:31:38,24.72,-0.01,11,27192,卖盘
1214,13:31:35,24.73,0.01,20,49460,买盘
1215,13:31:32,24.72,--,9,22248,卖盘
1216,13:31:23,24.72,--,1,2472,卖盘
1217,13:31:14,24.72,-0.01,9,22248,卖盘
1218,13:31:11,24.73,--,2,4946,买盘
1219,13:31:02,24.73,0.01,1,2473,买盘
1220,13:30:59,24.72,-0.01,2,4944,卖盘
1221,13:30:56,24.73,--,4,9892,买盘
1222,13:30:50,24.73,--,1,2473,卖盘
1223,13:30:47,24.73,0.01,9,22257,买盘
1224,13:30:41,24.72,-0.01,19,46968,卖盘
1225,13:30:38,24.73,-0.01,3,7419,中性盘
1226,13:30:32,24.74,0.01,67,165758,买盘
1227,13:30:29,24.73,-0.01,80,197840,卖盘
1228,13:30:26,24.74,--,23,56902,买盘
1229,13:30:23,24.74,--,2,4948,买盘
1230,13:30:20,24.74,--,8,19792,买盘
1231,13:30:17,24.74,--,4,9896,买盘
1232,13:30:14,24.74,--,35,86590,卖盘
1233,13:30:11,24.74,--,9,22266,卖盘
1234,13:30:08,24.74,--,9,22266,中性盘
1235,13:30:05,24.74,-0.01,25,61849,卖盘
1236,13:30:02,24.75,--,1,2475,买盘
1237,13:29:59,24.75,0.01,20,49500,买盘
1238,13:29:53,24.74,-0.01,11,27214,卖盘
1239,13:29:50,24.75,--,3,7425,买盘
1240,13:29:47,24.75,--,23,56925,买盘
1241,13:29:44,24.75,-0.01,25,61875,卖盘
1242,13:29:41,24.76,--,7,17332,买盘
1243,13:29:38,24.76,--,2,4952,买盘
1244,13:29:32,24.76,--,12,29712,卖盘
1245,13:29:29,24.76,-0.01,7,17332,卖盘
1246,13:29:26,24.77,--,7,17339,买盘
1247,13:29:23,24.77,--,5,12385,买盘
1248,13:29:14,24.77,0.02,20,49540,买盘
1249,13:29:11,24.75,--,13,32175,买盘
1250,13:29:08,24.75,--,18,44550,买盘
1251,13:29:05,24.75,--,6,14850,买盘
1252,13:29:02,24.75,-0.01,79,195525,卖盘
1253,13:28:59,24.76,--,5,12380,买盘
1254,13:28:56,24.76,-0.01,1,2476,买盘
1255,13:28:41,24.77,--,2,4954,买盘
1256,13:28:38,24.77,0.02,4,9908,买盘
1257,13:28:32,24.75,--,3,7425,卖盘
1258,13:28:29,24.75,--,2,4950,卖盘
1259,13:28:26,24.75,--,227,561825,买盘
1260,13:28:23,24.75,--,22,54450,买盘
1261,13:28:20,24.75,--,2,4950,买盘
1262,13:28:17,24.75,--,4,9900,买盘
1263,13:28:14,24.75,--,16,39600,买盘
1264,13:28:11,24.75,--,3,7425,买盘
1265,13:28:05,24.75,0.01,8,19800,买盘
1266,13:28:02,24.74,0.01,3,7421,中性盘
1267,13:27:53,24.73,-0.02,14,34622,卖盘
1268,13:27:47,24.75,0.02,26,64350,买盘
1269,13:27:44,24.73,--,37,91501,买盘
1270,13:27:41,24.73,--,3,7419,买盘
1271,13:27:32,24.73,-0.01,19,46987,卖盘
1272,13:27:29,24.74,--,13,32161,买盘
1273,13:27:26,24.74,--,39,96486,买盘
1274,13:27:23,24.74,0.01,6,14843,买盘
1275,13:27:17,24.73,-0.01,32,79136,卖盘
1276,13:27:14,24.74,--,25,61849,买盘
1277,13:27:05,24.74,--,4,9896,买盘
1278,13:26:59,24.74,--,36,89064,买盘
1279,13:26:56,24.74,--,3,7421,买盘
1280,13:26:53,24.74,-0.01,10,24740,卖盘
1281,13:26:50,24.75,0.01,88,217800,买盘
1282,13:26:38,24.74,0.01,47,116277,买盘
1283,13:26:35,24.73,0.01,127,314071,买盘
1284,13:26:26,24.72,--,30,74160,买盘
1285,13:26:20,24.72,0.01,10,24720,买盘
1286,13:26:17,24.71,--,31,76601,卖盘
1287,13:26:14,24.71,-0.01,2,4942,卖盘
1288,13:26:11,24.72,--,3,7416,买盘
1289,13:26:08,24.72,--,17,42024,买盘
1290,13:26:02,24.72,--,9,22248,买盘
1291,13:25:59,24.72,--,5,12360,买盘
1292,13:25:56,24.72,--,3,7416,买盘
1293,13:25:50,24.72,--,8,19776,买盘
1294,13:25:44,24.72,0.01,1,2472,买盘
1295,13:25:38,24.71,0.01,13,32123,卖盘
1296,13:25:35,24.7,-0.02,131,323570,卖盘
1297,13:25:28,24.72,0.01,18,44496,买盘
1298,13:25:16,24.71,--,51,126021,买盘
1299,13:25:13,24.71,-0.01,27,66717,卖盘
1300,13:25:10,24.72,0.01,1,2472,买盘
1301,13:25:04,24.71,--,1,2471,卖盘
1302,13:24:58,24.71,--,21,51891,买盘
1303,13:24:55,24.71,--,1,2471,买盘
1304,13:24:46,24.71,--,4,9884,买盘
1305,13:24:43,24.71,--,10,24710,买盘
1306,13:24:34,24.71,-0.01,3,7413,卖盘
1307,13:24:31,24.72,--,211,521592,买盘
1308,13:24:25,24.72,--,25,61800,买盘
1309,13:24:22,24.72,--,2,4944,买盘
1310,13:24:19,24.72,0.01,1,2472,买盘
1311,13:24:16,24.71,-0.01,1,2471,卖盘
1312,13:24:13,24.72,--,30,74160,买盘
1313,13:24:10,24.72,--,5,12360,买盘
1314,13:24:04,24.72,-0.01,10,24720,卖盘
1315,13:24:01,24.73,--,10,24730,买盘
1316,13:23:58,24.73,--,40,98920,买盘
1317,13:23:55,24.73,--,1,2473,买盘
1318,13:23:49,24.73,0.01,2,4946,买盘
1319,13:23:37,24.72,--,2,4944,卖盘
1320,13:23:34,24.72,--,35,86520,买盘
1321,13:23:28,24.72,--,6,14832,买盘
1322,13:23:25,24.72,--,18,44496,买盘
1323,13:23:22,24.72,--,10,24720,买盘
1324,13:23:19,24.72,0.01,12,29664,买盘
1325,13:23:16,24.71,-0.01,11,27181,卖盘
1326,13:23:13,24.72,--,25,61800,买盘
1327,13:23:07,24.72,0.01,5,12360,买盘
1328,13:22:55,24.71,--,14,34594,卖盘
1329,13:22:52,24.71,--,30,74130,买盘
1330,13:22:49,24.71,--,2,4942,买盘
1331,13:22:46,24.71,--,5,12355,买盘
1332,13:22:43,24.71,--,10,24710,买盘
1333,13:22:40,24.71,--,13,32123,买盘
1334,13:22:37,24.71,0.01,17,42007,买盘
1335,13:22:34,24.7,-0.01,14,34580,卖盘
1336,13:22:31,24.71,--,3,7413,买盘
1337,13:22:28,24.71,--,6,14826,买盘
1338,13:22:25,24.71,--,2,4942,买盘
1339,13:22:22,24.71,--,6,14826,买盘
1340,13:22:19,24.71,--,23,56833,买盘
1341,13:22:16,24.71,--,7,17297,买盘
1342,13:22:13,24.71,--,11,27181,买盘
1343,13:22:10,24.71,--,4,9884,买盘
1344,13:22:07,24.71,--,1,2471,买盘
1345,13:22:04,24.71,--,12,29652,买盘
1346,13:22:01,24.71,--,5,12355,买盘
1347,13:21:58,24.71,--,11,27181,买盘
1348,13:21:55,24.71,--,1,2471,买盘
1349,13:21:52,24.71,--,1,2471,买盘
1350,13:21:40,24.71,--,103,254513,买盘
1351,13:21:34,24.71,--,34,84014,买盘
1352,13:21:31,24.71,--,10,24710,买盘
1353,13:21:25,24.71,0.01,20,49420,买盘
1354,13:21:22,24.7,--,5,12350,买盘
1355,13:21:19,24.7,-0.01,71,175370,卖盘
1356,13:21:16,24.71,--,3,7413,买盘
1357,13:21:13,24.71,0.01,1,2471,买盘
1358,13:21:07,24.7,-0.01,4,9880,卖盘
1359,13:21:04,24.71,--,13,32123,买盘
1360,13:21:01,24.71,--,5,12355,买盘
1361,13:20:55,24.71,--,13,32123,卖盘
1362,13:20:49,24.71,--,1,2471,卖盘
1363,13:20:37,24.71,0.02,7,17297,买盘
1364,13:20:28,24.69,-0.02,202,498738,卖盘
1365,13:20:25,24.71,-0.01,16,39536,中性盘
1366,13:20:22,24.72,0.02,2,4944,买盘
1367,13:20:16,24.7,-0.01,10,24700,卖盘
1368,13:20:13,24.71,0.01,21,51891,买盘
1369,13:20:10,24.7,--,22,54340,卖盘
1370,13:20:07,24.7,--,10,24700,卖盘
1371,13:19:58,24.7,--,35,86450,买盘
1372,13:19:52,24.7,--,13,32110,买盘
1373,13:19:40,24.7,0.01,2,4940,买盘
1374,13:19:28,24.69,--,7,18517,买盘
1375,13:19:25,24.69,0.01,3,7407,买盘
1376,13:19:22,24.68,-0.01,37,91316,卖盘
1377,13:19:19,24.69,--,5,12345,买盘
1378,13:19:13,24.69,--,3,7407,买盘
1379,13:19:10,24.69,0.01,44,108636,买盘
1380,13:18:55,24.68,-0.01,3,7404,卖盘
1381,13:18:49,24.69,--,3,7407,买盘
1382,13:18:46,24.69,0.01,6,14814,买盘
1383,13:18:28,24.68,--,195,481556,买盘
1384,13:18:22,24.68,--,11,27148,买盘
1385,13:18:16,24.68,0.01,5,12340,买盘
1386,13:18:13,24.67,-0.01,5,12335,卖盘
1387,13:18:10,24.68,0.01,10,24680,买盘
1388,13:18:07,24.67,-0.01,20,49340,卖盘
1389,13:17:58,24.68,--,20,49360,买盘
1390,13:17:55,24.68,--,5,12340,买盘
1391,13:17:46,24.68,--,5,12340,买盘
1392,13:17:37,24.68,--,5,12340,买盘
1393,13:17:34,24.68,--,8,19744,买盘
1394,13:17:31,24.68,--,13,32084,买盘
1395,13:17:22,24.68,-0.01,6,14808,中性盘
1396,13:17:19,24.69,0.01,5,12345,买盘
1397,13:17:16,24.68,--,43,106124,卖盘
1398,13:17:10,24.68,--,3,7404,卖盘
1399,13:17:01,24.68,--,6,14808,卖盘
1400,13:16:58,24.68,-0.01,8,19744,卖盘
1401,13:16:55,24.69,0.01,21,51849,买盘
1402,13:16:43,24.68,--,12,29616,卖盘
1403,13:16:34,24.68,--,154,380072,买盘
1404,13:16:31,24.68,--,1,2468,买盘
1405,13:16:28,24.68,--,3,7404,买盘
1406,13:16:13,24.68,-0.01,10,24680,卖盘
1407,13:16:10,24.69,0.01,2,4938,买盘
1408,13:16:01,24.68,-0.01,24,59232,卖盘
1409,13:15:58,24.69,--,1,2469,买盘
1410,13:15:55,24.69,--,5,12345,买盘
1411,13:15:52,24.69,0.01,5,12345,买盘
1412,13:15:49,24.68,--,24,59232,卖盘
1413,13:15:43,24.68,-0.01,7,17276,卖盘
1414,13:15:40,24.69,0.01,3,7407,买盘
1415,13:15:37,24.68,-0.01,30,74040,卖盘
1416,13:15:19,24.69,--,2,4938,买盘
1417,13:15:04,24.69,-0.01,123,303687,卖盘
1418,13:15:01,24.7,0.01,3,7410,买盘
1419,13:14:52,24.69,-0.01,17,41973,卖盘
1420,13:14:49,24.7,0.01,1,2470,买盘
1421,13:14:43,24.69,--,5,12345,卖盘
1422,13:14:34,24.69,-0.01,5,12345,卖盘
1423,13:14:25,24.7,--,2,4940,买盘
1424,13:14:22,24.7,-0.02,1,2470,买盘
1425,13:14:16,24.72,0.02,104,257088,买盘
1426,13:14:13,24.7,--,5,12350,买盘
1427,13:14:10,24.7,-0.01,21,51870,卖盘
1428,13:14:07,24.71,--,16,39536,买盘
1429,13:13:58,24.71,--,50,123550,买盘
1430,13:13:55,24.71,0.01,116,286636,买盘
1431,13:13:49,24.7,-0.01,2,4940,卖盘
1432,13:13:43,24.71,0.01,10,24710,买盘
1433,13:13:37,24.7,-0.01,18,44460,卖盘
1434,13:13:34,24.71,0.01,15,37065,买盘
1435,13:13:31,24.7,--,15,37050,卖盘
1436,13:13:28,24.7,-0.01,2,4940,卖盘
1437,13:13:22,24.71,--,86,212506,买盘
1438,13:13:19,24.71,--,2,4942,买盘
1439,13:13:16,24.71,0.01,6,14826,买盘
1440,13:13:10,24.7,-0.01,22,54340,卖盘
1441,13:13:07,24.71,--,5,12355,买盘
1442,13:12:58,24.71,--,44,108724,卖盘
1443,13:12:55,24.71,--,10,24710,卖盘
1444,13:12:52,24.71,--,9,22239,卖盘
1445,13:12:49,24.71,--,39,96369,买盘
1446,13:12:46,24.71,--,33,81543,买盘
1447,13:12:43,24.71,--,4,9884,买盘
1448,13:12:40,24.71,--,22,54362,买盘
1449,13:12:28,24.71,--,30,74130,买盘
1450,13:12:16,24.71,--,32,79072,买盘
1451,13:12:04,24.71,--,5,12355,买盘
1452,13:12:01,24.71,--,7,17297,买盘
1453,13:11:58,24.71,0.01,13,32123,买盘
1454,13:11:55,24.7,--,13,32110,卖盘
1455,13:11:46,24.7,-0.02,21,51870,卖盘
1456,13:11:43,24.72,0.01,29,71688,买盘
1457,13:11:37,24.71,-0.01,12,29652,卖盘
1458,13:11:31,24.72,--,16,39552,买盘
1459,13:11:25,24.72,--,10,24720,买盘
1460,13:11:16,24.72,-0.02,170,420240,卖盘
1461,13:11:13,24.74,0.01,9,22266,买盘
1462,13:11:10,24.73,--,13,32149,卖盘
1463,13:11:04,24.73,--,13,32149,卖盘
1464,13:11:01,24.73,0.01,62,153326,买盘
1465,13:10:58,24.72,-0.01,24,59328,卖盘
1466,13:10:55,24.73,0.01,3,7419,买盘
1467,13:10:46,24.72,-0.01,1,2472,卖盘
1468,13:10:43,24.73,0.01,1,2473,买盘
1469,13:10:40,24.72,-0.01,4,9888,卖盘
1470,13:10:37,24.73,0.01,35,86555,买盘
1471,13:10:25,24.72,--,1,2472,卖盘
1472,13:10:22,24.72,-0.01,10,24720,卖盘
1473,13:10:19,24.73,0.01,26,64298,买盘
1474,13:10:07,24.72,0.02,47,116184,买盘
1475,13:10:04,24.7,-0.02,5,12350,卖盘
1476,13:10:01,24.72,0.02,10,24720,中性盘
1477,13:09:49,24.7,--,22,54340,卖盘
1478,13:09:46,24.7,--,29,71630,买盘
1479,13:09:34,24.7,--,5,12350,买盘
1480,13:09:31,24.7,--,13,32110,买盘
1481,13:09:28,24.7,0.01,10,24700,买盘
1482,13:09:22,24.69,-0.01,11,27159,卖盘
1483,13:09:19,24.7,--,9,22230,买盘
1484,13:09:10,24.7,0.01,5,12350,买盘
1485,13:08:58,24.69,-0.01,3,7407,卖盘
1486,13:08:52,24.7,--,10,24700,买盘
1487,13:08:46,24.7,--,34,83980,买盘
1488,13:08:37,24.7,--,51,125970,买盘
1489,13:08:34,24.7,--,23,56810,买盘
1490,13:08:28,24.7,--,2,4940,买盘
1491,13:08:25,24.7,-0.03,352,869440,卖盘
1492,13:08:19,24.73,-0.01,2,4946,卖盘
1493,13:08:16,24.74,0.01,2,4948,买盘
1494,13:08:07,24.73,0.01,12,29676,买盘
1495,13:08:01,24.72,-0.02,2,4944,卖盘
1496,13:07:55,24.74,0.02,30,74220,买盘
1497,13:07:52,24.72,--,10,24720,卖盘
1498,13:07:49,24.72,--,3,7416,卖盘
1499,13:07:46,24.72,0.01,14,34608,买盘
1500,13:07:43,24.71,-0.01,18,44478,卖盘
1501,13:07:40,24.72,--,6,14832,买盘
1502,13:07:37,24.72,-0.02,5,12360,中性盘
1503,13:07:34,24.74,0.03,60,148440,买盘
1504,13:07:31,24.71,--,10,24710,买盘
1505,13:07:22,24.71,-0.01,43,106253,卖盘
1506,13:07:19,24.72,--,2,4944,买盘
1507,13:07:16,24.72,--,7,17304,买盘
1508,13:07:10,24.72,--,14,34608,买盘
1509,13:07:07,24.72,--,10,24720,买盘
1510,13:07:04,24.72,--,15,37080,买盘
1511,13:06:58,24.72,0.01,17,42024,买盘
1512,13:06:55,24.71,-0.01,10,24710,卖盘
1513,13:06:52,24.72,--,20,49440,买盘
1514,13:06:46,24.72,--,7,17304,买盘
1515,13:06:43,24.72,--,6,14832,买盘
1516,13:06:40,24.72,--,1,2472,买盘
1517,13:06:37,24.72,-0.01,2,4944,卖盘
1518,13:06:28,24.73,0.01,5,12365,买盘
1519,13:06:25,24.72,-0.01,20,49440,卖盘
1520,13:06:21,24.73,--,3,7419,买盘
1521,13:06:12,24.73,0.01,9,22257,买盘
1522,13:06:09,24.72,-0.01,5,12360,卖盘
1523,13:06:06,24.73,0.01,22,54406,买盘
1524,13:05:54,24.72,--,6,14832,卖盘
1525,13:05:48,24.72,--,5,12360,卖盘
1526,13:05:33,24.72,-0.01,20,49440,卖盘
1527,13:05:24,24.73,0.01,10,24730,买盘
1528,13:05:18,24.72,-0.01,6,14832,卖盘
1529,13:05:15,24.73,0.01,5,12365,买盘
1530,13:05:12,24.72,-0.01,1,2472,卖盘
1531,13:05:09,24.73,0.01,1,2473,买盘
1532,13:05:03,24.72,--,2,4944,卖盘
1533,13:04:57,24.72,--,37,91464,买盘
1534,13:04:54,24.72,--,5,12360,买盘
1535,13:04:45,24.72,--,5,12360,买盘
1536,13:04:36,24.72,0.01,1,2472,买盘
1537,13:04:33,24.71,-0.01,2,4942,卖盘
1538,13:04:27,24.72,--,1,2472,买盘
1539,13:04:24,24.72,0.01,1,2472,买盘
1540,13:04:21,24.71,-0.01,9,22239,卖盘
1541,13:04:18,24.72,0.01,12,29664,买盘
1542,13:04:12,24.71,--,3,7413,卖盘
1543,13:03:57,24.71,0.02,54,133434,买盘
1544,13:03:51,24.69,-0.01,50,123450,卖盘
1545,13:03:48,24.7,-0.01,2,4940,卖盘
1546,13:03:45,24.71,0.01,4,9884,买盘
1547,13:03:42,24.7,-0.01,5,12350,卖盘
1548,13:03:39,24.71,0.01,10,24710,买盘
1549,13:03:36,24.7,0.01,50,123500,买盘
1550,13:03:33,24.69,-0.01,2,4938,卖盘
1551,13:03:30,24.7,--,20,49400,买盘
1552,13:03:27,24.7,--,12,29640,买盘
1553,13:03:24,24.7,--,22,54340,买盘
1554,13:03:15,24.7,--,3,7410,买盘
1555,13:03:12,24.7,--,73,180310,卖盘
1556,13:03:00,24.7,0.01,22,54340,买盘
1557,13:02:57,24.69,-0.01,23,56787,卖盘
1558,13:02:51,24.7,--,15,37050,买盘
1559,13:02:48,24.7,--,3,7410,买盘
1560,13:02:39,24.7,--,5,12350,买盘
1561,13:02:36,24.7,--,10,24700,买盘
1562,13:02:33,24.7,--,14,34580,卖盘
1563,13:02:21,24.7,0.01,1,2470,卖盘
1564,13:02:18,24.69,--,12,29628,买盘
1565,13:02:15,24.69,--,2,4938,买盘
1566,13:02:09,24.69,-0.02,13,32097,买盘
1567,13:02:06,24.71,0.02,46,113666,买盘
1568,13:02:00,24.69,--,14,34566,卖盘
1569,13:01:57,24.69,--,3,7407,买盘
1570,13:01:51,24.69,--,5,12345,买盘
1571,13:01:48,24.69,--,5,12345,买盘
1572,13:01:45,24.69,--,1,2469,卖盘
1573,13:01:42,24.69,0.01,1,2469,买盘
1574,13:01:36,24.68,-0.01,37,91316,卖盘
1575,13:01:27,24.69,0.01,1,2469,买盘
1576,13:01:15,24.68,--,6,14808,卖盘
1577,13:01:12,24.68,0.01,27,66636,买盘
1578,13:01:09,24.67,--,10,24670,买盘
1579,13:01:00,24.67,--,11,27137,买盘
1580,13:00:48,24.67,--,10,24670,买盘
1581,13:00:45,24.67,--,5,12335,买盘
1582,13:00:42,24.67,--,6,14802,买盘
1583,13:00:30,24.67,--,3,7401,买盘
1584,13:00:24,24.67,0.01,7,17269,买盘
1585,13:00:15,24.66,--,40,101056,卖盘
1586,13:00:09,24.66,--,12,29592,卖盘
1587,13:00:06,24.66,--,95,235749,卖盘
1588,13:00:03,24.66,0.01,78,192348,买盘
1589,11:30:02,24.65,-0.01,5,12325,卖盘
1590,11:29:59,24.66,--,11,27126,买盘
1591,11:29:50,24.66,0.01,10,24660,买盘
1592,11:29:47,24.65,--,5,12325,卖盘
1593,11:29:44,24.65,--,1,2465,卖盘
1594,11:29:38,24.65,--,1,2465,卖盘
1595,11:29:23,24.65,--,24,59628,买盘
1596,11:29:17,24.65,--,80,197200,买盘
1597,11:29:11,24.65,0.02,2,4930,买盘
1598,11:29:08,24.63,--,2,4926,卖盘
1599,11:29:05,24.63,-0.01,20,49260,卖盘
1600,11:29:02,24.64,-0.01,2,4928,卖盘
1601,11:28:59,24.65,0.01,20,49300,买盘
1602,11:28:56,24.64,-0.01,10,24640,买盘
1603,11:28:47,24.65,--,10,24650,买盘
1604,11:28:38,24.65,0.01,4,9860,买盘
1605,11:28:35,24.64,-0.02,55,135520,卖盘
1606,11:28:32,24.66,0.01,11,27126,买盘
1607,11:28:29,24.65,0.01,14,34510,买盘
1608,11:28:26,24.64,--,25,62807,买盘
1609,11:28:17,24.64,-0.01,16,39424,卖盘
1610,11:28:08,24.65,--,5,12325,买盘
1611,11:28:05,24.65,0.01,19,46835,买盘
1612,11:28:02,24.64,-0.01,4,9856,中性盘
1613,11:27:53,24.65,0.01,27,66555,买盘
1614,11:27:50,24.64,--,1,2464,卖盘
1615,11:27:47,24.64,--,1,2464,买盘
1616,11:27:44,24.64,--,13,32032,卖盘
1617,11:27:41,24.64,0.01,50,123200,买盘
1618,11:27:38,24.63,-0.01,7,17241,卖盘
1619,11:27:32,24.64,0.01,1,2464,买盘
1620,11:27:29,24.63,--,15,36945,卖盘
1621,11:27:26,24.63,--,9,23373,卖盘
1622,11:27:23,24.63,0.01,9,22167,买盘
1623,11:27:08,24.62,0.01,2,4924,卖盘
1624,11:26:59,24.61,--,11,27071,卖盘
1625,11:26:56,24.61,-0.01,46,113206,买盘
1626,11:26:50,24.62,0.01,47,115714,买盘
1627,11:26:44,24.61,0.01,26,65216,买盘
1628,11:26:38,24.6,--,0,196,卖盘
1629,11:26:35,24.6,--,7,17220,卖盘
1630,11:26:32,24.6,--,64,157440,卖盘
1631,11:26:29,24.6,0.01,108,267598,买盘
1632,11:26:23,24.59,--,8,20876,买盘
1633,11:26:20,24.59,--,20,49180,买盘
1634,11:26:17,24.59,--,11,27049,买盘
1635,11:26:14,24.59,--,61,149999,买盘
1636,11:26:11,24.59,0.01,8,19672,买盘
1637,11:26:08,24.58,-0.01,19,46702,卖盘
1638,11:26:05,24.59,--,4,9836,买盘
1639,11:25:59,24.59,--,2,4918,买盘
1640,11:25:56,24.59,--,10,24590,买盘
1641,11:25:53,24.59,--,10,24590,买盘
1642,11:25:50,24.59,0.01,28,68852,买盘
1643,11:25:47,24.58,-0.01,32,78656,卖盘
1644,11:25:44,24.59,0.01,5,12295,买盘
1645,11:25:41,24.58,-0.01,0,1474,卖盘
1646,11:25:35,24.59,--,20,49180,买盘
1647,11:25:28,24.59,--,24,59016,买盘
1648,11:25:22,24.59,--,31,77433,买盘
1649,11:25:19,24.59,--,24,59016,买盘
1650,11:25:16,24.59,--,20,49180,买盘
1651,11:25:13,24.59,--,26,63934,买盘
1652,11:25:10,24.59,--,1,2459,买盘
1653,11:25:07,24.59,--,10,24590,买盘
1654,11:25:01,24.59,--,1,2459,买盘
1655,11:24:58,24.59,--,39,95901,买盘
1656,11:24:49,24.59,--,108,265572,买盘
1657,11:24:46,24.59,-0.02,140,344800,卖盘
1658,11:24:43,24.61,--,91,223951,买盘
1659,11:24:40,24.61,0.01,21,51681,买盘
1660,11:24:37,24.6,-0.01,0,1476,卖盘
1661,11:24:34,24.61,0.01,24,59064,买盘
1662,11:24:28,24.6,--,5,12300,卖盘
1663,11:24:22,24.6,-0.02,1,3665,卖盘
1664,11:24:19,24.62,0.02,4,9848,中性盘
1665,11:24:13,24.6,-0.03,428,1052880,卖盘
1666,11:24:10,24.63,--,23,56649,买盘
1667,11:24:01,24.63,--,16,39408,买盘
1668,11:23:55,24.63,--,10,24630,买盘
1669,11:23:52,24.63,--,6,14778,买盘
1670,11:23:49,24.63,--,19,47782,卖盘
1671,11:23:46,24.63,--,6,14778,卖盘
1672,11:23:43,24.63,-0.01,0,1477,卖盘
1673,11:23:28,24.64,0.01,20,49280,买盘
1674,11:23:19,24.63,--,1,3669,卖盘
1675,11:23:10,24.63,--,7,17241,卖盘
1676,11:23:04,24.63,-0.01,2,4926,卖盘
1677,11:23:01,24.64,--,19,46816,买盘
1678,11:22:55,24.64,-0.01,22,55464,卖盘
1679,11:22:52,24.65,--,12,29580,买盘
1680,11:22:49,24.65,--,13,32044,买盘
1681,11:22:46,24.65,--,20,49300,买盘
1682,11:22:43,24.65,--,12,29580,买盘
1683,11:22:40,24.65,-0.01,59,146692,卖盘
1684,11:22:37,24.66,0.01,27,66582,买盘
1685,11:22:19,24.65,-0.01,11,28322,卖盘
1686,11:22:10,24.66,--,19,46854,买盘
1687,11:21:55,24.66,--,21,51786,买盘
1688,11:21:49,24.66,--,48,119132,卖盘
1689,11:21:43,24.66,--,9,22194,卖盘
1690,11:21:40,24.66,--,0,1479,卖盘
1691,11:21:37,24.66,-0.01,1,2466,卖盘
1692,11:21:34,24.67,--,2,4934,买盘
1693,11:21:28,24.67,-0.01,3,8659,卖盘
1694,11:21:22,24.68,0.01,12,29616,买盘
1695,11:21:19,24.67,-0.01,1,3675,卖盘
1696,11:21:16,24.68,--,4,9872,买盘
1697,11:21:04,24.68,-0.01,26,65155,卖盘
1698,11:20:52,24.69,--,100,246900,买盘
1699,11:20:46,24.69,0.01,19,46911,买盘
1700,11:20:43,24.68,-0.01,0,1480,卖盘
1701,11:20:40,24.69,--,5,12345,买盘
1702,11:20:34,24.69,0.01,17,41973,买盘
1703,11:20:28,24.68,-0.01,51,125868,卖盘
1704,11:20:25,24.69,0.01,11,27159,买盘
1705,11:20:22,24.68,-0.01,7,18485,卖盘
1706,11:20:10,24.69,0.01,5,12345,买盘
1707,11:20:04,24.68,-0.01,20,49360,卖盘
1708,11:20:01,24.69,0.01,31,76539,买盘
1709,11:19:52,24.68,--,73,180164,买盘
1710,11:19:46,24.68,--,4,9872,买盘
1711,11:19:43,24.68,0.01,5,12340,买盘
1712,11:19:40,24.67,--,0,1480,卖盘
1713,11:19:37,24.67,-0.01,28,69076,卖盘
1714,11:19:34,24.68,--,53,130804,买盘
1715,11:19:28,24.68,--,4,9872,买盘
1716,11:19:25,24.68,0.01,12,29616,买盘
1717,11:19:22,24.67,-0.01,8,20920,卖盘
1718,11:19:19,24.68,--,3,7404,买盘
1719,11:19:16,24.68,-0.01,3,7404,中性盘
1720,11:19:07,24.69,0.01,5,12345,买盘
1721,11:19:01,24.68,-0.01,15,37020,卖盘
1722,11:18:55,24.69,-0.01,11,27159,卖盘
1723,11:18:49,24.7,--,21,53920,卖盘
1724,11:18:40,24.7,--,10,24700,卖盘
1725,11:18:37,24.7,--,0,1457,卖盘
1726,11:18:34,24.7,--,2,4940,卖盘
1727,11:18:31,24.7,--,30,74100,卖盘
1728,11:18:28,24.7,0.01,40,98800,买盘
1729,11:18:25,24.69,-0.02,21,51849,卖盘
1730,11:18:22,24.71,0.02,32,79072,买盘
1731,11:18:19,24.69,-0.01,3,8616,卖盘
1732,11:18:16,24.7,-0.01,5,12350,买盘
1733,11:18:10,24.71,--,12,29652,买盘
1734,11:18:07,24.71,0.02,11,27181,买盘
1735,11:18:04,24.69,-0.02,5,12345,卖盘
1736,11:18:01,24.71,--,2,4942,买盘
1737,11:17:55,24.71,-0.02,14,34594,中性盘
1738,11:17:52,24.73,0.03,105,259665,买盘
1739,11:17:49,24.7,-0.03,211,521170,卖盘
1740,11:17:43,24.73,--,17,42041,买盘
1741,11:17:40,24.73,--,8,19784,买盘
1742,11:17:37,24.73,--,86,212678,卖盘
1743,11:17:31,24.73,--,12,29676,卖盘
1744,11:17:25,24.73,0.01,30,74190,买盘
1745,11:17:22,24.72,--,22,54384,卖盘
1746,11:17:19,24.72,--,3,8627,卖盘
1747,11:17:13,24.72,--,12,29664,卖盘
1748,11:17:10,24.72,0.01,29,73789,买盘
1749,11:17:07,24.71,--,34,84014,卖盘
1750,11:16:55,24.71,--,2,4942,买盘
1751,11:16:49,24.71,0.01,6,14826,买盘
1752,11:16:46,24.7,--,6,14820,卖盘
1753,11:16:40,24.7,--,19,46930,买盘
1754,11:16:37,24.7,-0.01,4,11362,买盘
1755,11:16:28,24.71,0.02,25,61775,买盘
1756,11:16:25,24.69,--,11,27159,卖盘
1757,11:16:22,24.69,-0.02,1,3678,买盘
1758,11:16:19,24.71,0.02,36,88956,买盘
1759,11:16:16,24.69,--,5,12345,买盘
1760,11:16:13,24.69,0.02,10,24690,买盘
1761,11:15:58,24.67,-0.01,4,9868,卖盘
1762,11:15:52,24.68,--,24,59232,卖盘
1763,11:15:49,24.68,--,13,32084,买盘
1764,11:15:46,24.68,0.01,10,24680,买盘
1765,11:15:40,24.67,0.01,1,2467,买盘
1766,11:15:34,24.66,--,0,1479,卖盘
1767,11:15:28,24.66,0.01,7,18470,买盘
1768,11:15:25,24.65,--,6,14790,卖盘
1769,11:15:22,24.65,0.01,7,17255,买盘
1770,11:15:19,24.64,-0.02,3,8599,卖盘
1771,11:15:16,24.66,--,10,24660,买盘
1772,11:15:07,24.66,--,18,44388,买盘
1773,11:15:04,24.66,-0.03,2,4932,买盘
1774,11:15:01,24.69,--,7,18542,卖盘
1775,11:14:55,24.69,0.07,47,117252,买盘
1776,11:14:46,24.62,--,8,19696,买盘
1777,11:14:43,24.62,0.01,3,7386,买盘
1778,11:14:40,24.61,-0.05,0,1476,卖盘
1779,11:14:37,24.66,0.03,5,12330,买盘
1780,11:14:28,24.63,--,3,7389,卖盘
1781,11:14:25,24.63,-0.05,12,29556,中性盘
1782,11:14:16,24.68,--,5,12340,卖盘
1783,11:14:13,24.68,0.07,4,9872,中性盘
1784,11:14:10,24.61,--,73,179874,买盘
1785,11:14:07,24.61,--,22,54142,买盘
1786,11:14:04,24.61,--,10,24610,买盘
1787,11:13:58,24.61,--,22,54142,买盘
1788,11:13:52,24.61,-0.05,238,587957,卖盘
1789,11:13:37,24.66,--,1,3945,卖盘
1790,11:13:34,24.66,--,5,12330,卖盘
1791,11:13:31,24.66,0.04,13,32058,买盘
1792,11:13:28,24.62,--,22,54164,买盘
1793,11:13:22,24.62,--,10,24620,买盘
1794,11:13:19,24.62,--,3,8592,买盘
1795,11:13:13,24.62,--,3,7386,买盘
1796,11:13:07,24.62,0.01,1,2462,买盘
1797,11:12:58,24.61,-0.01,27,66447,卖盘
1798,11:12:55,24.62,-0.01,11,29347,卖盘
1799,11:12:52,24.63,0.01,31,76550,买盘
1800,11:12:46,24.62,-0.02,4,9848,中性盘
1801,11:12:40,24.64,--,25,61600,买盘
1802,11:12:37,24.64,-0.02,11,27104,买盘
1803,11:12:34,24.66,--,10,25942,卖盘
1804,11:12:31,24.66,--,26,64116,卖盘
1805,11:12:28,24.66,0.02,63,156541,买盘
1806,11:12:25,24.64,0.02,2,6184,买盘
1807,11:12:19,24.62,-0.04,12,30750,卖盘
1808,11:12:13,24.66,0.03,14,34524,买盘
1809,11:12:10,24.63,-0.01,30,73890,卖盘
1810,11:12:01,24.64,-0.02,24,60121,卖盘
1811,11:11:58,24.66,0.02,86,212076,买盘
1812,11:11:55,24.64,--,49,122214,买盘
1813,11:11:52,24.64,--,96,236544,买盘
1814,11:11:46,24.64,--,210,517440,买盘
1815,11:11:40,24.64,--,4,9856,买盘
1816,11:11:37,24.64,--,61,151289,卖盘
1817,11:11:34,24.64,-0.02,0,1478,卖盘
1818,11:11:31,24.66,--,6,14796,买盘
1819,11:11:25,24.66,--,4,9864,买盘
1820,11:11:22,24.66,-0.01,89,220731,卖盘
1821,11:11:19,24.67,0.01,18,45614,买盘
1822,11:11:13,24.66,-0.01,15,36990,卖盘
1823,11:11:10,24.67,--,7,17269,买盘
1824,11:11:07,24.67,--,15,37005,买盘
1825,11:11:01,24.67,-0.01,47,115949,买盘
1826,11:10:55,24.68,--,7,17276,买盘
1827,11:10:52,24.68,0.01,49,120932,买盘
1828,11:10:43,24.67,0.01,1,2467,中性盘
1829,11:10:37,24.66,--,10,26139,卖盘
1830,11:10:34,24.66,0.06,13,32058,买盘
1831,11:10:31,24.6,-0.1,7,17220,卖盘
1832,11:10:25,24.7,0.1,21,51870,买盘
1833,11:10:19,24.6,0.01,4,11045,中性盘
1834,11:10:10,24.59,--,161,395899,买盘
1835,11:10:07,24.59,--,6,14754,买盘
1836,11:10:04,24.59,--,72,177048,买盘
1837,11:10:01,24.59,--,22,54098,买盘
1838,11:09:52,24.59,--,13,31967,买盘
1839,11:09:49,24.59,-0.13,57,140163,卖盘
1840,11:09:46,24.72,0.05,54,133488,买盘
1841,11:09:43,24.67,-0.05,101,249167,中性盘
1842,11:09:37,24.72,--,21,51912,买盘
1843,11:09:34,24.72,0.1,219,541368,买盘
1844,11:09:31,24.62,-0.02,25,63593,卖盘
1845,11:09:28,24.64,--,8,19712,卖盘
1846,11:09:25,24.64,0.05,184,453794,买盘
1847,11:09:22,24.59,--,2,4918,买盘
1848,11:09:19,24.59,0.01,26,65138,买盘
1849,11:09:10,24.58,--,43,105693,买盘
1850,11:09:01,24.58,--,3,7373,买盘
1851,11:08:58,24.58,--,10,24580,买盘
1852,11:08:52,24.58,0.01,2,4916,买盘
1853,11:08:40,24.57,0.01,8,19877,买盘
1854,11:08:37,24.56,--,9,22104,买盘
1855,11:08:34,24.56,--,15,36840,买盘
1856,11:08:31,24.56,--,34,83504,买盘
1857,11:08:25,24.56,--,21,51576,买盘
1858,11:08:22,24.56,--,24,58944,买盘
1859,11:08:19,24.56,0.01,21,52804,买盘
1860,11:08:16,24.55,-0.01,10,24550,卖盘
1861,11:08:13,24.56,0.01,21,51576,买盘
1862,11:08:10,24.55,-0.01,132,324060,卖盘
1863,11:08:07,24.56,--,51,125256,买盘
1864,11:08:04,24.56,--,162,397872,买盘
1865,11:07:58,24.56,--,3,7368,买盘
1866,11:07:55,24.56,--,50,122800,买盘
1867,11:07:52,24.56,0.01,62,152272,买盘
1868,11:07:46,24.55,--,21,51555,卖盘
1869,11:07:43,24.55,-0.01,13,31915,卖盘
1870,11:07:37,24.56,0.01,13,33401,买盘
1871,11:07:34,24.55,-0.01,14,34370,卖盘
1872,11:07:31,24.56,--,7,17192,买盘
1873,11:07:25,24.56,--,5,12280,买盘
1874,11:07:22,24.56,--,10,24560,买盘
1875,11:07:19,24.56,--,121,297176,买盘
1876,11:07:16,24.56,--,21,51576,买盘
1877,11:07:13,24.56,--,1,2456,买盘
1878,11:07:10,24.56,-0.01,64,157184,卖盘
1879,11:07:07,24.57,--,3,7371,买盘
1880,11:07:04,24.57,0.01,103,253071,买盘
1881,11:07:01,24.56,--,10,24560,卖盘
1882,11:06:58,24.56,--,17,41752,卖盘
1883,11:06:55,24.56,-0.03,40,98240,中性盘
1884,11:06:52,24.59,0.03,217,533603,买盘
1885,11:06:49,24.56,0.01,62,152272,买盘
1886,11:06:43,24.55,--,23,56465,卖盘
1887,11:06:40,24.55,--,40,99697,卖盘
1888,11:06:37,24.55,-0.01,59,144845,卖盘
1889,11:06:34,24.56,0.01,10,24560,买盘
1890,11:06:28,24.55,-0.01,8,19640,卖盘
1891,11:06:25,24.56,0.01,1,2456,买盘
1892,11:06:19,24.55,-0.02,13,31915,卖盘
1893,11:06:16,24.57,0.02,98,240786,买盘
1894,11:06:10,24.55,-0.03,27,67267,卖盘
1895,11:06:07,24.58,--,49,120441,买盘
1896,11:06:04,24.58,0.01,25,61449,买盘
1897,11:06:00,24.57,--,3,7371,卖盘
1898,11:05:57,24.57,-0.01,24,59950,卖盘
1899,11:05:54,24.58,--,43,105693,卖盘
1900,11:05:52,24.58,-0.01,87,213845,卖盘
1901,11:05:48,24.59,--,10,24590,买盘
1902,11:05:45,24.59,--,64,157376,买盘
1903,11:05:42,24.59,0.01,2,4918,买盘
1904,11:05:39,24.58,--,32,78656,卖盘
1905,11:05:36,24.58,--,27,67840,卖盘
1906,11:05:33,24.58,-0.01,117,287586,卖盘
1907,11:05:30,24.59,0.01,3,7377,中性盘
1908,11:05:27,24.58,-0.01,176,432607,卖盘
1909,11:05:24,24.59,-0.01,103,255539,卖盘
1910,11:05:18,24.6,--,18,44280,买盘
1911,11:05:15,24.6,0.01,7,18450,买盘
1912,11:05:12,24.59,--,10,24590,卖盘
1913,11:05:09,24.59,-0.01,10,24590,卖盘
1914,11:05:03,24.6,0.01,6,14760,买盘
1915,11:05:00,24.59,-0.01,35,86065,卖盘
1916,11:04:57,24.6,--,35,86100,买盘
1917,11:04:51,24.6,--,20,49200,买盘
1918,11:04:45,24.6,--,8,19680,买盘
1919,11:04:39,24.6,--,13,32964,卖盘
1920,11:04:36,24.6,--,6,16236,中性盘
1921,11:04:33,24.6,-0.01,11,27060,中性盘
1922,11:04:30,24.61,0.01,76,187036,买盘
1923,11:04:24,24.6,--,22,54120,卖盘
1924,11:04:21,24.6,--,2,4920,卖盘
1925,11:04:18,24.6,--,13,33185,卖盘
1926,11:04:15,24.6,--,16,39360,卖盘
1927,11:04:06,24.6,-0.01,16,39360,卖盘
1928,11:04:00,24.61,--,43,105823,卖盘
1929,11:03:57,24.61,0.01,25,61525,买盘
1930,11:03:54,24.6,-0.01,38,93480,卖盘
1931,11:03:51,24.61,--,35,86135,买盘
1932,11:03:48,24.61,--,43,105823,买盘
1933,11:03:45,24.61,--,14,34454,买盘
1934,11:03:39,24.61,--,13,31993,买盘
1935,11:03:36,24.61,--,6,16242,买盘
1936,11:03:33,24.61,0.01,1,2461,买盘
1937,11:03:30,24.6,--,46,113160,卖盘
1938,11:03:27,24.6,--,40,98400,卖盘
1939,11:03:24,24.6,--,22,54120,卖盘
1940,11:03:21,24.6,--,10,24600,卖盘
1941,11:03:15,24.6,0.01,26,65165,买盘
1942,11:03:09,24.59,--,2,4918,卖盘
1943,11:03:00,24.59,--,9,22131,卖盘
1944,11:02:54,24.59,--,58,142622,卖盘
1945,11:02:45,24.59,--,6,14754,卖盘
1946,11:02:42,24.59,--,71,174589,买盘
1947,11:02:39,24.59,--,26,63934,买盘
1948,11:02:36,24.59,0.01,3,7377,买盘
1949,11:02:33,24.58,-0.01,19,48176,卖盘
1950,11:02:30,24.59,--,43,105737,买盘
1951,11:02:27,24.59,--,61,149999,买盘
1952,11:02:24,24.59,--,3,7377,买盘
1953,11:02:21,24.59,0.01,2,4918,买盘
1954,11:02:15,24.58,-0.01,1,3662,卖盘
1955,11:02:12,24.59,0.01,10,24590,买盘
1956,11:02:09,24.58,--,5,12290,卖盘
1957,11:02:06,24.58,--,20,49160,买盘
1958,11:02:03,24.58,0.01,15,36870,买盘
1959,11:02:00,24.57,-0.01,3,7371,卖盘
1960,11:01:57,24.58,--,16,39328,买盘
1961,11:01:51,24.58,0.01,12,29495,买盘
1962,11:01:48,24.57,-0.01,35,85995,卖盘
1963,11:01:45,24.58,0.01,35,86030,中性盘
1964,11:01:42,24.57,--,184,452088,卖盘
1965,11:01:39,24.57,-0.01,7,17199,卖盘
1966,11:01:36,24.58,0.01,34,83572,买盘
1967,11:01:33,24.57,--,30,75184,买盘
1968,11:01:30,24.57,0.01,5,12285,买盘
1969,11:01:27,24.56,--,24,58944,卖盘
1970,11:01:24,24.56,--,21,51576,买盘
1971,11:01:21,24.56,--,20,49120,卖盘
1972,11:01:18,24.56,--,13,31928,买盘
1973,11:01:15,24.56,--,40,99468,卖盘
1974,11:01:12,24.56,--,11,27016,买盘
1975,11:01:09,24.56,-0.01,26,63856,买盘
1976,11:01:06,24.57,--,15,36855,买盘
1977,11:01:03,24.57,--,60,147420,买盘
1978,11:01:00,24.57,0.01,7,17199,买盘
1979,11:00:57,24.56,-0.01,80,196480,卖盘
1980,11:00:54,24.57,0.01,1,2457,买盘
1981,11:00:51,24.56,--,55,135080,卖盘
1982,11:00:42,24.56,--,11,27016,卖盘
1983,11:00:39,24.56,-0.01,37,90872,买盘
1984,11:00:36,24.57,--,41,102211,买盘
1985,11:00:30,24.57,0.01,49,120393,买盘
1986,11:00:27,24.56,0.02,5,12280,买盘
1987,11:00:24,24.54,--,5,12270,卖盘
1988,11:00:21,24.54,--,118,289572,卖盘
1989,11:00:18,24.54,--,47,116785,买盘
1990,11:00:15,24.54,--,11,28196,买盘
1991,11:00:12,24.54,--,83,203682,买盘
1992,11:00:09,24.54,--,56,137424,买盘
1993,11:00:06,24.54,--,13,31902,买盘
1994,11:00:03,24.54,--,45,110430,买盘
1995,11:00:00,24.54,--,17,41718,买盘
1996,10:59:57,24.54,--,4,9816,买盘
1997,10:59:54,24.54,-0.02,332,815734,卖盘
1998,10:59:51,24.56,0.01,111,272616,买盘
1999,10:59:48,24.55,--,15,36825,卖盘
2000,10:59:45,24.55,-0.01,301,738955,卖盘
2001,10:59:36,24.56,--,20,49120,买盘
2002,10:59:33,24.56,--,10,24560,买盘
2003,10:59:27,24.56,--,35,85960,买盘
2004,10:59:24,24.56,--,93,228408,卖盘
2005,10:59:21,24.56,-0.01,19,46664,卖盘
2006,10:59:15,24.57,--,18,45454,买盘
2007,10:59:12,24.57,--,9,22113,买盘
2008,10:59:09,24.57,-0.01,16,39312,中性盘
2009,10:59:06,24.58,--,22,54075,买盘
2010,10:59:03,24.58,--,9,22122,买盘
2011,10:59:00,24.58,--,1,2458,买盘
2012,10:58:57,24.58,--,116,285128,卖盘
2013,10:58:54,24.58,--,30,73740,卖盘
2014,10:58:51,24.58,--,6,14747,卖盘
2015,10:58:48,24.58,--,31,76198,卖盘
2016,10:58:42,24.58,-0.01,5,12290,卖盘
2017,10:58:39,24.59,--,6,14754,买盘
2018,10:58:30,24.59,--,37,90983,卖盘
2019,10:58:24,24.59,--,17,41803,卖盘
2020,10:58:21,24.59,-0.01,29,71311,卖盘
2021,10:58:18,24.6,--,20,49200,买盘
2022,10:58:15,24.6,--,31,76260,买盘
2023,10:58:12,24.6,--,135,333354,卖盘
2024,10:58:09,24.6,-0.01,10,24600,卖盘
2025,10:58:06,24.61,--,148,364228,买盘
2026,10:58:03,24.61,--,51,125511,买盘
2027,10:57:57,24.61,--,9,22149,买盘
2028,10:57:54,24.61,-0.04,84,207708,卖盘
2029,10:57:51,24.65,0.03,5,12325,买盘
2030,10:57:48,24.62,--,5,12310,卖盘
2031,10:57:45,24.62,--,9,22158,买盘
2032,10:57:42,24.62,--,11,27082,买盘
2033,10:57:39,24.62,0.01,3,7386,买盘
2034,10:57:36,24.61,--,19,46759,卖盘
2035,10:57:33,24.61,--,4,11320,卖盘
2036,10:57:30,24.61,--,5,12305,卖盘
2037,10:57:24,24.61,--,37,91057,买盘
2038,10:57:18,24.61,--,16,39376,买盘
2039,10:57:15,24.61,--,26,65191,买盘
2040,10:57:12,24.61,--,10,24610,买盘
2041,10:57:09,24.61,--,18,44298,买盘
2042,10:57:06,24.61,0.01,49,120589,买盘
2043,10:57:03,24.6,-0.01,10,24600,卖盘
2044,10:56:57,24.61,0.02,34,83674,买盘
2045,10:56:54,24.59,-0.02,52,127868,卖盘
2046,10:56:48,24.61,0.01,20,49220,买盘
2047,10:56:45,24.6,--,106,261276,买盘
2048,10:56:42,24.6,--,31,76260,买盘
2049,10:56:39,24.6,--,6,14760,买盘
2050,10:56:36,24.6,--,69,171216,买盘
2051,10:56:33,24.6,--,61,150060,买盘
2052,10:56:30,24.6,--,9,22140,买盘
2053,10:56:27,24.6,0.01,9,22140,买盘
2054,10:56:24,24.59,-0.01,28,68852,卖盘
2055,10:56:18,24.6,0.01,8,19680,买盘
2056,10:56:15,24.59,0.01,53,131556,买盘
2057,10:56:09,24.58,--,4,9832,卖盘
2058,10:56:03,24.58,--,36,88488,卖盘
2059,10:56:00,24.58,0.01,7,19172,买盘
2060,10:55:57,24.57,--,9,22113,卖盘
2061,10:55:54,24.57,-0.01,8,19656,卖盘
2062,10:55:51,24.58,--,2,4916,买盘
2063,10:55:48,24.58,--,17,41786,买盘
2064,10:55:42,24.58,0.01,13,31953,买盘
2065,10:55:39,24.57,0.02,75,184275,卖盘
2066,10:55:36,24.55,-0.02,57,140155,卖盘
2067,10:55:33,24.57,--,39,95823,买盘
2068,10:55:30,24.57,--,2,4914,买盘
2069,10:55:27,24.57,0.02,4,9828,买盘
2070,10:55:24,24.55,-0.02,34,83470,卖盘
2071,10:55:21,24.57,0.02,14,34398,买盘
2072,10:55:18,24.55,--,38,93290,买盘
2073,10:55:15,24.55,--,7,17185,买盘
2074,10:55:12,24.55,-0.03,113,277415,卖盘
2075,10:55:06,24.58,--,5,12290,买盘
2076,10:54:57,24.58,--,47,116017,卖盘
2077,10:54:54,24.58,0.03,137,338220,买盘
2078,10:54:51,24.55,--,2,4910,卖盘
2079,10:54:48,24.55,-0.01,20,49100,卖盘
2080,10:54:45,24.56,-0.02,20,49120,中性盘
2081,10:54:42,24.58,0.03,133,327405,买盘
2082,10:54:39,24.55,--,11,27005,买盘
2083,10:54:36,24.55,-0.02,242,596074,卖盘
2084,10:54:30,24.57,--,30,73710,卖盘
2085,10:54:27,24.57,0.01,17,42260,买盘
2086,10:54:24,24.56,--,199,491077,卖盘
2087,10:54:21,24.56,-0.01,7,17192,卖盘
2088,10:54:18,24.57,--,47,115479,买盘
2089,10:54:15,24.57,--,126,310785,买盘
2090,10:54:12,24.57,--,7,17199,买盘
2091,10:54:09,24.57,--,18,44226,买盘
2092,10:54:06,24.57,--,31,76167,买盘
2093,10:54:03,24.57,--,62,152334,买盘
2094,10:54:00,24.57,--,32,78624,买盘
2095,10:53:57,24.57,-0.01,128,315970,卖盘
2096,10:53:51,24.58,0.01,7,17206,买盘
2097,10:53:48,24.57,-0.01,49,120393,卖盘
2098,10:53:45,24.58,--,151,371158,买盘
2099,10:53:42,24.58,--,25,61449,买盘
2100,10:53:39,24.58,--,51,125357,买盘
2101,10:53:36,24.58,--,43,105693,买盘
2102,10:53:33,24.58,--,13,31953,买盘
2103,10:53:30,24.58,--,28,70323,买盘
2104,10:53:27,24.58,0.01,4,9832,买盘
2105,10:53:24,24.57,0.01,28,68796,卖盘
2106,10:53:21,24.56,-0.02,55,135080,卖盘
2107,10:53:18,24.58,0.01,30,73740,买盘
2108,10:53:15,24.57,0.01,30,75798,买盘
2109,10:53:12,24.56,--,15,38068,卖盘
2110,10:53:09,24.56,--,3,7368,卖盘
2111,10:53:06,24.56,-0.01,20,49120,卖盘
2112,10:53:03,24.57,0.02,15,36855,买盘
2113,10:53:00,24.55,--,8,19640,买盘
2114,10:52:57,24.55,0.01,53,130115,买盘
2115,10:52:54,24.54,-0.02,171,419634,卖盘
2116,10:52:51,24.56,0.01,51,126459,买盘
2117,10:52:48,24.55,-0.01,40,98200,卖盘
2118,10:52:42,24.56,0.02,219,537864,买盘
2119,10:52:39,24.54,-0.02,197,483438,卖盘
2120,10:52:36,24.56,--,17,41752,买盘
2121,10:52:33,24.56,0.01,25,61400,买盘
2122,10:52:30,24.55,0.01,3,8838,中性盘
2123,10:52:27,24.54,-0.01,68,166872,卖盘
2124,10:52:24,24.55,--,26,63830,卖盘
2125,10:52:21,24.55,--,25,61375,买盘
2126,10:52:18,24.55,--,58,142390,买盘
2127,10:52:12,24.55,-0.01,36,88380,卖盘
2128,10:52:09,24.56,0.01,9,22104,买盘
2129,10:52:06,24.55,--,41,100655,卖盘
2130,10:52:03,24.55,--,103,252865,卖盘
2131,10:52:00,24.55,-0.01,92,225860,卖盘
2132,10:51:57,24.56,--,114,279984,买盘
2133,10:51:54,24.56,--,97,238232,买盘
2134,10:51:51,24.56,--,43,105608,买盘
2135,10:51:48,24.56,-0.01,34,83504,买盘
2136,10:51:42,24.57,0.01,106,260442,买盘
2137,10:51:39,24.56,--,54,134834,卖盘
2138,10:51:33,24.56,-0.01,24,60417,卖盘
2139,10:51:30,24.57,--,128,315724,买盘
2140,10:51:24,24.57,--,1,2457,买盘
2141,10:51:21,24.57,--,45,110565,买盘
2142,10:51:18,24.57,0.01,16,39312,买盘
2143,10:51:15,24.56,-0.02,30,74908,卖盘
2144,10:51:12,24.58,--,29,72511,买盘
2145,10:51:09,24.58,--,41,100778,买盘
2146,10:51:06,24.58,--,39,95862,买盘
2147,10:51:03,24.58,-0.01,89,218761,卖盘
2148,10:51:00,24.59,-0.01,12,29508,卖盘
2149,10:50:57,24.6,0.01,90,221400,买盘
2150,10:50:54,24.59,-0.01,7,17213,卖盘
2151,10:50:51,24.6,0.01,37,91020,买盘
2152,10:50:45,24.59,-0.01,13,31967,卖盘
2153,10:50:42,24.6,--,4,9840,买盘
2154,10:50:39,24.6,--,16,39360,买盘
2155,10:50:36,24.6,-0.04,198,488039,卖盘
2156,10:50:33,24.64,0.04,36,88704,中性盘
2157,10:50:24,24.6,-0.05,642,1579320,卖盘
2158,10:50:21,24.65,0.05,2,4930,买盘
2159,10:50:18,24.6,--,87,214020,卖盘
2160,10:50:12,24.6,-0.05,99,243540,卖盘
2161,10:50:09,24.65,-0.03,66,162690,卖盘
2162,10:50:03,24.68,--,424,1046432,买盘
2163,10:50:00,24.68,0.01,111,273948,买盘
2164,10:49:57,24.67,-0.01,25,61675,卖盘
2165,10:49:54,24.68,--,7,17276,买盘
2166,10:49:45,24.68,--,11,27148,买盘
2167,10:49:42,24.68,-0.01,81,200895,卖盘
2168,10:49:39,24.69,--,11,27159,买盘
2169,10:49:33,24.69,--,10,24690,买盘
2170,10:49:30,24.69,-0.03,46,115425,卖盘
2171,10:49:27,24.72,--,23,56856,买盘
2172,10:49:24,24.72,--,58,143376,买盘
2173,10:49:21,24.72,0.02,20,49440,买盘
2174,10:49:15,24.7,-0.02,127,313690,卖盘
2175,10:49:12,24.72,0.01,2,4944,买盘
2176,10:49:06,24.71,-0.01,3,8401,卖盘
2177,10:49:00,24.72,--,2,4944,卖盘
2178,10:48:57,24.72,--,14,36091,买盘
2179,10:48:54,24.72,--,5,12360,买盘
2180,10:48:51,24.72,0.01,4,9888,买盘
2181,10:48:48,24.71,--,24,59304,卖盘
2182,10:48:42,24.71,-0.03,9,23227,卖盘
2183,10:48:36,24.74,0.02,14,34636,买盘
2184,10:48:33,24.72,0.01,0,1483,卖盘
2185,10:48:30,24.71,0.01,48,119003,买盘
2186,10:48:27,24.7,--,81,200070,买盘
2187,10:48:21,24.7,--,16,39520,买盘
2188,10:48:18,24.7,-0.04,102,254014,卖盘
2189,10:48:15,24.74,0.03,20,50667,买盘
2190,10:48:12,24.71,--,21,53571,买盘
2191,10:48:09,24.71,--,6,14826,买盘
2192,10:48:03,24.71,--,55,135905,买盘
2193,10:48:00,24.71,--,34,84014,买盘
2194,10:47:57,24.71,--,109,269339,买盘
2195,10:47:54,24.71,--,2,4942,买盘
2196,10:47:51,24.71,--,11,27181,买盘
2197,10:47:48,24.71,--,76,188586,卖盘
2198,10:47:42,24.71,-0.01,23,58513,卖盘
2199,10:47:39,24.72,--,18,44496,买盘
2200,10:47:36,24.72,--,177,437544,买盘
2201,10:47:27,24.72,0.01,14,36882,卖盘
2202,10:47:24,24.71,-0.01,30,74130,卖盘
2203,10:47:21,24.72,-0.03,36,88992,买盘
2204,10:47:18,24.75,0.02,25,61875,买盘
2205,10:47:15,24.73,--,20,49460,买盘
2206,10:47:12,24.73,--,1,2473,买盘
2207,10:47:09,24.73,--,1,2473,买盘
2208,10:47:06,24.73,-0.02,68,168164,中性盘
2209,10:47:03,24.75,0.02,8,19800,买盘
2210,10:46:57,24.73,--,53,131069,买盘
2211,10:46:54,24.73,--,2,4946,买盘
2212,10:46:48,24.73,-0.02,15,37095,买盘
2213,10:46:45,24.75,0.03,5,12375,卖盘
2214,10:46:42,24.72,-0.03,31,76632,卖盘
2215,10:46:39,24.75,--,12,29700,卖盘
2216,10:46:36,24.75,0.02,64,158400,买盘
2217,10:46:33,24.73,0.01,48,120187,中性盘
2218,10:46:27,24.72,--,10,24720,卖盘
2219,10:46:12,24.72,-0.03,1,3658,卖盘
2220,10:46:09,24.75,0.03,10,24750,中性盘
2221,10:46:03,24.72,-0.05,5,12360,中性盘
2222,10:46:00,24.77,0.01,143,354211,买盘
2223,10:45:57,24.76,0.05,65,160940,买盘
2224,10:45:51,24.71,--,70,172970,买盘
2225,10:45:45,24.71,--,19,46949,买盘
2226,10:45:42,24.71,--,3,7413,买盘
2227,10:45:36,24.71,0.01,2,4942,买盘
2228,10:45:30,24.7,-0.01,10,26182,卖盘
2229,10:45:20,24.71,0.03,2,6152,买盘
2230,10:45:17,24.68,-0.03,80,197440,卖盘
2231,10:45:15,24.71,0.02,32,80554,买盘
2232,10:45:11,24.69,--,6,14814,买盘
2233,10:45:08,24.69,--,7,17283,买盘
2234,10:45:05,24.69,-0.02,40,99747,卖盘
2235,10:45:02,24.71,0.01,90,222390,中性盘
2236,10:44:59,24.7,--,35,87932,卖盘
2237,10:44:56,24.7,--,1,2470,买盘
2238,10:44:53,24.7,--,22,54340,买盘
2239,10:44:50,24.7,--,41,101270,买盘
2240,10:44:47,24.7,-0.06,30,74100,卖盘
2241,10:44:44,24.76,0.08,6,14856,买盘
2242,10:44:38,24.68,-0.02,21,51828,卖盘
2243,10:44:35,24.7,-0.06,91,224770,中性盘
2244,10:44:32,24.76,0.06,67,165892,买盘
2245,10:44:29,24.7,0.03,69,170430,中性盘
2246,10:44:20,24.67,-0.04,240,592080,卖盘
2247,10:44:17,24.71,0.03,25,61775,中性盘
2248,10:44:14,24.68,-0.02,23,57060,卖盘
2249,10:44:11,24.7,--,5,13560,买盘
2250,10:44:08,24.7,0.02,116,286520,买盘
2251,10:44:02,24.68,-0.02,24,59232,卖盘
2252,10:43:59,24.7,0.01,75,185250,买盘
2253,10:43:53,24.69,--,40,98760,买盘
2254,10:43:50,24.69,0.01,15,37035,买盘
2255,10:43:47,24.68,-0.07,53,132975,卖盘
2256,10:43:44,24.75,0.05,100,247797,买盘
2257,10:43:41,24.7,--,25,61750,买盘
2258,10:43:38,24.7,0.01,22,54340,买盘
2259,10:43:35,24.69,-0.01,127,313563,卖盘
2260,10:43:29,24.7,--,121,298870,卖盘
2261,10:43:26,24.7,-0.05,411,1015170,卖盘
2262,10:43:20,24.75,-0.02,263,650925,卖盘
2263,10:43:17,24.77,--,7,17339,买盘
2264,10:43:14,24.77,--,31,76787,卖盘
2265,10:43:11,24.77,-0.01,4,9908,卖盘
2266,10:43:08,24.78,--,8,19824,买盘
2267,10:43:05,24.78,-0.01,111,275058,卖盘
2268,10:42:59,24.79,-0.01,2,4958,买盘
2269,10:42:56,24.8,0.01,244,605120,买盘
2270,10:42:53,24.79,-0.01,10,24790,卖盘
2271,10:42:50,24.8,--,5,12400,买盘
2272,10:42:47,24.8,--,3,7440,买盘
2273,10:42:44,24.8,--,78,194680,卖盘
2274,10:42:41,24.8,--,385,954800,卖盘
2275,10:42:35,24.8,-0.04,723,1793040,卖盘
2276,10:42:32,24.84,0.04,18,44712,买盘
2277,10:42:29,24.8,--,19,48608,卖盘
2278,10:42:26,24.8,--,194,481120,卖盘
2279,10:42:17,24.8,-0.02,1064,2640530,卖盘
2280,10:42:14,24.82,--,3,7446,卖盘
2281,10:42:08,24.82,-0.01,65,161330,卖盘
2282,10:42:05,24.83,-0.01,32,79456,卖盘
2283,10:42:02,24.84,0.01,30,74520,买盘
2284,10:41:53,24.83,-0.01,1,2483,卖盘
2285,10:41:50,24.84,0.01,2,4968,买盘
2286,10:41:47,24.83,-0.01,65,161395,卖盘
2287,10:41:44,24.84,--,20,49680,买盘
2288,10:41:41,24.84,0.01,10,24840,买盘
2289,10:41:35,24.83,-0.01,6,14897,卖盘
2290,10:41:32,24.84,0.01,2,6458,买盘
2291,10:41:29,24.83,-0.01,22,54625,卖盘
2292,10:41:26,24.84,--,3,7452,买盘
2293,10:41:23,24.84,0.01,20,49680,买盘
2294,10:41:20,24.83,-0.01,2,4966,卖盘
2295,10:41:17,24.84,0.01,16,39744,买盘
2296,10:41:08,24.83,-0.01,8,21031,卖盘
2297,10:41:05,24.84,--,3,7452,买盘
2298,10:40:59,24.84,--,10,24840,买盘
2299,10:40:56,24.84,-0.01,244,608406,卖盘
2300,10:40:53,24.85,-0.01,2,4970,卖盘
2301,10:40:50,24.86,0.01,3,7458,买盘
2302,10:40:47,24.85,--,14,34790,卖盘
2303,10:40:44,24.85,--,1,2485,卖盘
2304,10:40:26,24.85,--,0,1466,卖盘
2305,10:40:23,24.85,-0.02,10,24850,卖盘
2306,10:40:20,24.87,0.02,18,44766,买盘
2307,10:40:14,24.85,-0.02,10,24850,卖盘
2308,10:40:11,24.87,0.01,16,40985,买盘
2309,10:39:59,24.86,0.01,10,24860,买盘
2310,10:39:56,24.85,-0.01,2,4970,卖盘
2311,10:39:53,24.86,-0.01,6,14916,卖盘
2312,10:39:50,24.87,0.01,12,29844,买盘
2313,10:39:47,24.86,-0.01,8,19888,卖盘
2314,10:39:44,24.87,--,5,12435,买盘
2315,10:39:35,24.87,--,23,57201,买盘
2316,10:39:32,24.87,0.01,5,12435,买盘
2317,10:39:26,24.86,-0.01,3,7905,卖盘
2318,10:39:23,24.87,0.01,5,12435,买盘
2319,10:39:14,24.86,-0.01,10,24860,卖盘
2320,10:39:11,24.87,0.01,19,48446,买盘
2321,10:39:05,24.86,--,3,7458,卖盘
2322,10:38:59,24.86,--,2,5817,买盘
2323,10:38:53,24.86,--,16,39776,买盘
2324,10:38:44,24.86,--,42,104412,买盘
2325,10:38:38,24.86,--,19,47234,买盘
2326,10:38:35,24.86,--,105,262670,卖盘
2327,10:38:29,24.86,--,0,1466,卖盘
2328,10:38:26,24.86,-0.01,10,24860,卖盘
2329,10:38:17,24.87,--,14,36136,卖盘
2330,10:38:11,24.87,-0.04,1,3655,卖盘
2331,10:38:08,24.91,0.04,30,74730,买盘
2332,10:38:02,24.87,--,2,4974,卖盘
2333,10:37:41,24.87,--,29,72123,买盘
2334,10:37:38,24.87,0.01,1,2487,买盘
2335,10:37:35,24.86,--,6,14916,卖盘
2336,10:37:32,24.86,--,6,16407,卖盘
2337,10:37:29,24.86,--,2,4972,卖盘
2338,10:37:23,24.86,0.01,8,20260,买盘
2339,10:37:17,24.85,--,7,17395,卖盘
2340,10:37:11,24.85,-0.01,2,4970,卖盘
2341,10:37:05,24.86,--,6,14916,买盘
2342,10:37:02,24.86,-0.01,5,13250,卖盘
2343,10:36:59,24.87,--,20,49740,买盘
2344,10:36:53,24.87,-0.04,9,22383,中性盘
2345,10:36:50,24.91,0.05,18,44838,买盘
2346,10:36:44,24.86,-0.02,19,47234,卖盘
2347,10:36:38,24.88,--,4,9952,买盘
2348,10:36:29,24.88,--,1,3955,买盘
2349,10:36:17,24.88,--,2,4976,买盘
2350,10:36:14,24.88,-0.04,8,19904,卖盘
2351,10:36:11,24.92,--,16,39872,卖盘
2352,10:36:05,24.92,--,1,2492,买盘
2353,10:36:02,24.92,0.02,40,99680,买盘
2354,10:35:59,24.9,-0.02,10,24900,中性盘
2355,10:35:53,24.92,0.02,67,166964,买盘
2356,10:35:47,24.9,-0.02,78,194220,卖盘
2357,10:35:41,24.92,0.02,10,24920,买盘
2358,10:35:35,24.9,-0.02,26,64739,卖盘
2359,10:35:26,24.92,--,10,26415,买盘
2360,10:35:23,24.92,0.04,1,2492,买盘
2361,10:35:08,24.88,-0.04,1,3682,卖盘
2362,10:35:02,24.92,--,1,2492,买盘
2363,10:34:59,24.92,--,74,184408,买盘
2364,10:34:56,24.92,--,10,24920,买盘
2365,10:34:53,24.92,--,13,32396,卖盘
2366,10:34:44,24.92,0.07,2,4984,卖盘
2367,10:34:41,24.85,--,19,47215,卖盘
2368,10:34:38,24.85,-0.07,5,12425,卖盘
2369,10:34:35,24.92,0.11,20,49840,买盘
2370,10:34:29,24.81,-0.03,445,1105508,卖盘
2371,10:34:26,24.84,--,0,2384,买盘
2372,10:34:20,24.84,--,58,144072,买盘
2373,10:34:17,24.84,--,195,484380,买盘
2374,10:34:14,24.84,--,95,235980,买盘
2375,10:34:11,24.84,--,259,643356,买盘
2376,10:34:08,24.84,--,122,304240,买盘
2377,10:34:05,24.84,--,97,240948,买盘
2378,10:34:02,24.84,--,17,42228,买盘
2379,10:33:59,24.84,--,162,402408,买盘
2380,10:33:56,24.84,--,88,218592,买盘
2381,10:33:53,24.84,--,22,54648,买盘
2382,10:33:50,24.84,--,12,29808,买盘
2383,10:33:47,24.84,--,28,69552,买盘
2384,10:33:44,24.84,--,9,22356,买盘
2385,10:33:41,24.84,--,105,260820,买盘
2386,10:33:38,24.84,-0.1,1362,3383307,卖盘
2387,10:33:35,24.94,0.01,18,44892,买盘
2388,10:33:32,24.93,-0.01,12,29916,卖盘
2389,10:33:29,24.94,--,10,24940,买盘
2390,10:33:26,24.94,--,1,3965,买盘
2391,10:33:23,24.94,0.01,50,124700,买盘
2392,10:33:17,24.93,-0.01,2,6157,中性盘
2393,10:33:05,24.94,0.02,14,34916,买盘
2394,10:32:59,24.92,--,42,104664,卖盘
2395,10:32:44,24.92,-0.02,11,27412,卖盘
2396,10:32:38,24.94,0.02,19,47386,买盘
2397,10:32:32,24.92,-0.01,11,28907,卖盘
2398,10:32:23,24.93,0.01,1,2493,中性盘
2399,10:32:17,24.92,--,2,4984,卖盘
2400,10:32:14,24.92,--,15,37380,卖盘
2401,10:32:11,24.92,-0.01,20,51011,卖盘
2402,10:32:02,24.93,0.02,5,12465,买盘
2403,10:31:56,24.91,--,10,24910,卖盘
2404,10:31:53,24.91,-0.01,14,34874,卖盘
2405,10:31:50,24.92,0.01,1,3962,买盘
2406,10:31:44,24.91,-0.01,4,9964,卖盘
2407,10:31:29,24.92,0.01,4,9968,中性盘
2408,10:31:26,24.91,--,2,4982,卖盘
2409,10:31:23,24.91,-0.02,24,59784,卖盘
2410,10:31:11,24.93,0.02,2,6157,买盘
2411,10:31:08,24.91,-0.01,25,62275,卖盘
2412,10:31:02,24.92,--,2,4984,卖盘
2413,10:30:59,24.92,--,10,26116,买盘
2414,10:30:53,24.92,0.01,18,44856,买盘
2415,10:30:50,24.91,-0.01,50,124550,卖盘
2416,10:30:44,24.92,--,15,38675,卖盘
2417,10:30:35,24.92,0.01,10,26116,买盘
2418,10:30:32,24.91,--,20,51314,卖盘
2419,10:30:29,24.91,-0.01,4,9964,卖盘
2420,10:30:26,24.92,0.01,3,7476,买盘
2421,10:30:23,24.91,-0.01,0,1469,卖盘
2422,10:30:17,24.92,0.01,3,7476,买盘
2423,10:30:08,24.91,-0.01,2,4982,卖盘
2424,10:30:05,24.92,--,2,4984,卖盘
2425,10:30:02,24.92,-0.01,17,42364,卖盘
2426,10:29:56,24.93,--,2,4986,买盘
2427,10:29:50,24.93,--,18,44874,买盘
2428,10:29:44,24.93,--,18,45871,卖盘
2429,10:29:41,24.93,--,6,14958,卖盘
2430,10:29:38,24.93,-0.01,10,24930,卖盘
2431,10:29:35,24.94,--,15,37410,买盘
2432,10:29:32,24.94,0.01,2,4988,买盘
2433,10:29:23,24.93,-0.01,0,1495,卖盘
2434,10:29:14,24.94,--,2,5935,卖盘
2435,10:29:11,24.94,--,32,79808,卖盘
2436,10:29:08,24.94,--,5,13642,卖盘
2437,10:29:05,24.94,-0.01,8,19952,卖盘
2438,10:29:02,24.95,--,2,4990,买盘
2439,10:28:59,24.95,--,90,224550,买盘
2440,10:28:50,24.95,--,10,24950,买盘
2441,10:28:47,24.95,--,1,2495,买盘
2442,10:28:44,24.95,--,28,72205,卖盘
2443,10:28:35,24.95,--,20,50049,买盘
2444,10:28:32,24.95,--,3,7485,买盘
2445,10:28:29,24.95,--,25,62375,买盘
2446,10:28:26,24.95,--,2,4990,买盘
2447,10:28:20,24.95,--,10,24950,买盘
2448,10:28:17,24.95,--,1,3817,卖盘
2449,10:28:14,24.95,-0.01,8,19960,卖盘
2450,10:28:11,24.96,0.01,41,102336,买盘
2451,10:28:08,24.95,--,21,53567,卖盘
2452,10:28:05,24.95,--,10,24950,卖盘
2453,10:27:56,24.95,--,12,29940,卖盘
2454,10:27:53,24.95,--,11,27445,卖盘
2455,10:27:50,24.95,--,14,35079,买盘
2456,10:27:47,24.95,--,5,12475,买盘
2457,10:27:44,24.95,--,4,9980,买盘
2458,10:27:41,24.95,--,18,44910,买盘
2459,10:27:38,24.95,0.01,39,97305,买盘
2460,10:27:35,24.94,--,1,3741,卖盘
2461,10:27:32,24.94,--,13,32422,卖盘
2462,10:27:26,24.94,-0.01,24,61327,卖盘
2463,10:27:20,24.95,0.01,2,4990,买盘
2464,10:27:14,24.94,--,4,9976,买盘
2465,10:27:11,24.94,0.01,25,62350,买盘
2466,10:27:08,24.93,--,1,3664,卖盘
2467,10:27:02,24.93,--,56,141751,买盘
2468,10:26:53,24.93,--,2,4986,买盘
2469,10:26:47,24.93,0.03,17,42381,买盘
2470,10:26:44,24.9,-0.03,90,224100,卖盘
2471,10:26:41,24.93,--,1,2493,买盘
2472,10:26:32,24.93,0.01,18,44874,买盘
2473,10:26:29,24.92,0.02,19,47348,买盘
2474,10:26:26,24.9,--,13,33864,卖盘
2475,10:26:20,24.9,0.02,9,22733,买盘
2476,10:26:14,24.88,-0.02,51,128181,卖盘
2477,10:26:11,24.9,0.01,17,42330,买盘
2478,10:26:08,24.89,--,25,63419,卖盘
2479,10:25:56,24.89,0.01,12,29868,买盘
2480,10:25:53,24.88,-0.02,16,39808,卖盘
2481,10:25:50,24.9,0.01,37,92130,买盘
2482,10:25:47,24.89,--,23,57247,买盘
2483,10:25:44,24.89,--,24,59736,买盘
2484,10:25:41,24.89,--,16,39824,买盘
2485,10:25:38,24.89,--,20,49780,买盘
2486,10:25:35,24.89,--,2,4978,买盘
2487,10:25:32,24.89,--,65,162656,卖盘
2488,10:25:29,24.89,-0.01,0,1468,卖盘
2489,10:25:23,24.9,--,19,47310,买盘
2490,10:25:17,24.9,0.01,2,4980,买盘
2491,10:25:11,24.89,--,0,1468,卖盘
2492,10:25:08,24.89,--,1,3658,卖盘
2493,10:25:05,24.89,--,5,12445,中性盘
2494,10:24:53,24.89,--,1,2489,买盘
2495,10:24:50,24.89,--,4,9956,买盘
2496,10:24:41,24.89,-0.01,6,14934,卖盘
2497,10:24:34,24.9,-0.01,5,12450,中性盘
2498,10:24:31,24.91,0.02,15,37365,买盘
2499,10:24:28,24.89,--,9,22401,买盘
2500,10:24:25,24.89,-0.01,52,130100,卖盘
2501,10:24:19,24.9,--,8,19920,买盘
2502,10:24:16,24.9,0.01,7,17430,买盘
2503,10:24:13,24.89,--,131,327552,卖盘
2504,10:24:10,24.89,-0.01,6,16103,卖盘
2505,10:24:07,24.9,--,8,19920,买盘
2506,10:24:01,24.9,--,4,9960,买盘
2507,10:23:58,24.9,0.01,19,47310,买盘
2508,10:23:46,24.89,0.04,142,355080,买盘
2509,10:23:43,24.85,--,26,64610,买盘
2510,10:23:40,24.85,--,12,29820,买盘
2511,10:23:37,24.85,--,5,12425,买盘
2512,10:23:34,24.85,-0.02,294,731584,卖盘
2513,10:23:28,24.87,--,23,57201,买盘
2514,10:23:25,24.87,--,56,139272,买盘
2515,10:23:22,24.87,0.02,17,42279,买盘
2516,10:23:13,24.85,-0.02,1,2485,卖盘
2517,10:23:10,24.87,0.02,5,13902,买盘
2518,10:23:07,24.85,-0.02,26,65802,卖盘
2519,10:23:04,24.87,--,26,64662,买盘
2520,10:23:01,24.87,0.02,13,33649,买盘
2521,10:22:58,24.85,-0.02,7,17395,卖盘
2522,10:22:52,24.87,0.02,16,39792,买盘
2523,10:22:49,24.85,-0.02,6,14910,卖盘
2524,10:22:43,24.87,--,63,156681,买盘
2525,10:22:37,24.87,0.02,5,12435,买盘
2526,10:22:28,24.85,--,4,9940,卖盘
2527,10:22:22,24.85,-0.02,147,366786,中性盘
2528,10:22:19,24.87,0.02,64,160361,买盘
2529,10:22:16,24.85,--,20,49700,买盘
2530,10:22:13,24.85,--,21,52185,买盘
2531,10:22:10,24.85,-0.01,17,42245,卖盘
2532,10:22:04,24.86,--,48,119328,买盘
2533,10:22:01,24.86,--,13,32318,卖盘
2534,10:21:58,24.86,-0.01,10,24860,卖盘
2535,10:21:55,24.87,0.01,21,52227,买盘
2536,10:21:49,24.86,0.02,9,22374,买盘
2537,10:21:43,24.84,--,27,67068,卖盘
2538,10:21:40,24.84,-0.02,80,198720,卖盘
2539,10:21:37,24.86,--,30,74580,买盘
2540,10:21:31,24.86,0.02,13,32318,买盘
2541,10:21:28,24.84,-0.02,47,116748,卖盘
2542,10:21:25,24.86,0.02,16,39776,买盘
2543,10:21:22,24.84,-0.01,119,297061,卖盘
2544,10:21:19,24.85,--,2,6162,卖盘
2545,10:21:16,24.85,--,2,4970,卖盘
2546,10:21:10,24.85,--,1,2485,卖盘
2547,10:21:07,24.85,--,3,7455,中性盘
2548,10:21:04,24.85,--,2,4970,买盘
2549,10:20:58,24.85,--,38,94430,卖盘
2550,10:20:55,24.85,-0.02,2,4970,卖盘
2551,10:20:49,24.87,--,18,44766,买盘
2552,10:20:46,24.87,0.01,29,72123,买盘
2553,10:20:40,24.86,-0.01,5,12430,中性盘
2554,10:20:34,24.87,0.01,7,18428,买盘
2555,10:20:25,24.86,-0.01,1,2486,卖盘
2556,10:20:16,24.87,--,54,134596,卖盘
2557,10:20:13,24.87,--,8,21064,卖盘
2558,10:20:10,24.87,0.03,1,2487,中性盘
2559,10:20:07,24.84,-0.03,319,793389,卖盘
2560,10:20:04,24.87,--,1,2487,卖盘
2561,10:19:58,24.87,0.01,5,12435,中性盘
2562,10:19:55,24.86,-0.01,35,87010,卖盘
2563,10:19:52,24.87,--,25,62175,卖盘
2564,10:19:49,24.87,--,1,2487,卖盘
2565,10:19:46,24.87,0.01,1,2487,卖盘
2566,10:19:43,24.86,--,5,12430,卖盘
2567,10:19:40,24.86,-0.01,22,54866,卖盘
2568,10:19:37,24.87,--,19,47253,买盘
2569,10:19:31,24.87,--,5,12435,买盘
2570,10:19:28,24.87,0.01,10,24870,买盘
2571,10:19:22,24.86,-0.01,9,22374,卖盘
2572,10:19:19,24.87,--,12,31336,买盘
2573,10:19:16,24.87,0.01,3,7461,买盘
2574,10:19:13,24.86,-0.01,1,3679,卖盘
2575,10:19:10,24.87,--,3,7461,买盘
2576,10:19:07,24.87,--,11,27357,买盘
2577,10:19:04,24.87,--,14,37130,卖盘
2578,10:19:01,24.87,--,2,4974,卖盘
2579,10:18:55,24.87,-0.01,11,27357,卖盘
2580,10:18:46,24.88,--,14,34832,买盘
2581,10:18:43,24.88,--,326,811088,卖盘
2582,10:18:40,24.88,--,1,2488,卖盘
2583,10:18:37,24.88,--,8,19904,卖盘
2584,10:18:34,24.88,-0.02,8,19904,卖盘
2585,10:18:31,24.9,0.01,18,44820,买盘
2586,10:18:28,24.89,0.01,1,2489,买盘
2587,10:18:25,24.88,-0.01,5,12440,卖盘
2588,10:18:22,24.89,--,3,7467,买盘
2589,10:18:13,24.89,--,5,13938,卖盘
2590,10:18:10,24.89,-0.01,26,64714,卖盘
2591,10:18:07,24.9,0.01,5,13446,买盘
2592,10:18:04,24.89,-0.01,70,174230,卖盘
2593,10:18:01,24.9,0.01,11,27390,买盘
2594,10:17:55,24.89,-0.01,10,24890,卖盘
2595,10:17:46,24.9,--,100,249000,买盘
2596,10:17:43,24.9,--,3,7470,买盘
2597,10:17:40,24.9,--,43,109385,卖盘
2598,10:17:37,24.9,--,62,154380,卖盘
2599,10:17:31,24.9,--,40,99600,卖盘
2600,10:17:28,24.9,--,10,24900,卖盘
2601,10:17:25,24.9,--,52,129479,卖盘
2602,10:17:22,24.9,--,52,129479,卖盘
2603,10:17:19,24.9,--,4,11454,卖盘
2604,10:17:16,24.9,--,92,229080,卖盘
2605,10:17:13,24.9,--,14,36030,卖盘
2606,10:17:04,24.9,--,14,34860,卖盘
2607,10:17:01,24.9,-0.01,6,14940,卖盘
2608,10:16:52,24.91,--,35,89526,卖盘
2609,10:16:49,24.91,--,5,12455,卖盘
2610,10:16:46,24.91,-0.02,45,112095,卖盘
2611,10:16:43,24.93,0.02,1,2493,买盘
2612,10:16:40,24.91,-0.01,46,114586,卖盘
2613,10:16:37,24.92,--,30,74760,卖盘
2614,10:16:34,24.92,0.01,21,52481,买盘
2615,10:16:31,24.91,-0.01,7,17437,卖盘
2616,10:16:28,24.92,--,32,79744,买盘
2617,10:16:25,24.92,0.01,27,67284,买盘
2618,10:16:22,24.91,-0.01,7,17437,卖盘
2619,10:16:19,24.92,--,5,12460,买盘
2620,10:16:16,24.92,--,20,49840,买盘
2621,10:16:13,24.92,-0.03,109,273970,卖盘
2622,10:16:10,24.95,0.03,29,72355,买盘
2623,10:16:07,24.92,--,47,117124,卖盘
2624,10:16:04,24.92,-0.01,10,24920,卖盘
2625,10:15:58,24.93,--,86,214398,卖盘
2626,10:15:49,24.93,--,0,149,买盘
2627,10:15:46,24.93,--,24,62175,卖盘
2628,10:15:43,24.93,-0.01,8,19944,卖盘
2629,10:15:40,24.94,0.01,0,1471,买盘
2630,10:15:37,24.93,0.01,1,3664,买盘
2631,10:15:31,24.92,--,1,2492,卖盘
2632,10:15:25,24.92,--,13,34265,买盘
2633,10:15:19,24.92,0.01,10,24920,买盘
2634,10:15:16,24.91,-0.01,5,12455,卖盘
2635,10:15:13,24.92,-0.02,84,209951,卖盘
2636,10:15:10,24.94,--,6,14964,买盘
2637,10:15:01,24.94,0.02,22,54868,买盘
2638,10:14:55,24.92,--,6,14952,卖盘
2639,10:14:49,24.92,-0.02,10,24920,卖盘
2640,10:14:46,24.94,--,21,52374,买盘
2641,10:14:37,24.94,--,7,17458,卖盘
2642,10:14:34,24.94,-0.01,5,12470,中性盘
2643,10:14:28,24.95,--,2,4990,买盘
2644,10:14:25,24.95,--,5,13797,买盘
2645,10:14:19,24.95,--,1,2495,买盘
2646,10:14:16,24.95,0.01,3,8657,买盘
2647,10:14:13,24.94,--,110,274340,卖盘
2648,10:14:10,24.94,-0.01,2,4988,卖盘
2649,10:14:01,24.95,--,3,7485,买盘
2650,10:13:58,24.95,0.01,2,4990,买盘
2651,10:13:55,24.94,-0.01,26,64844,卖盘
2652,10:13:49,24.95,--,9,22455,买盘
2653,10:13:37,24.95,--,4,9980,买盘
2654,10:13:34,24.95,--,32,79840,卖盘
2655,10:13:31,24.95,--,2,4990,卖盘
2656,10:13:28,24.95,--,15,37425,卖盘
2657,10:13:25,24.95,--,10,24950,卖盘
2658,10:13:22,24.95,--,15,37425,卖盘
2659,10:13:19,24.95,--,21,52395,买盘
2660,10:13:16,24.95,--,120,300897,买盘
2661,10:13:13,24.95,--,7,18637,买盘
2662,10:13:10,24.95,--,46,114770,买盘
2663,10:13:07,24.95,--,6,14970,买盘
2664,10:13:04,24.95,--,2,4990,买盘
2665,10:13:01,24.95,--,5,12475,买盘
2666,10:12:55,24.95,--,14,34930,买盘
2667,10:12:49,24.95,--,1,2495,买盘
2668,10:12:46,24.95,--,3,7485,买盘
2669,10:12:43,24.95,--,53,132235,卖盘
2670,10:12:37,24.95,--,9,22455,卖盘
2671,10:12:31,24.95,--,2,4990,卖盘
2672,10:12:28,24.95,--,2,4990,卖盘
2673,10:12:25,24.95,-0.02,7,17465,中性盘
2674,10:12:22,24.97,0.04,30,74910,买盘
2675,10:12:19,24.93,--,32,81246,卖盘
2676,10:12:13,24.93,-0.02,1,3664,卖盘
2677,10:12:07,24.95,--,1,2495,买盘
2678,10:12:04,24.95,--,3,7485,买盘
2679,10:12:01,24.95,0.02,1,2495,买盘
2680,10:11:58,24.93,-0.02,12,29916,卖盘
2681,10:11:49,24.95,--,3,7485,卖盘
2682,10:11:46,24.95,--,3,7485,卖盘
2683,10:11:43,24.95,0.02,10,24950,买盘
2684,10:11:40,24.93,-0.02,10,24930,卖盘
2685,10:11:37,24.95,0.02,22,54890,买盘
2686,10:11:34,24.93,--,22,54846,卖盘
2687,10:11:31,24.93,-0.01,1,2493,卖盘
2688,10:11:19,24.94,-0.01,37,92278,卖盘
2689,10:11:16,24.95,0.02,3,8957,买盘
2690,10:11:10,24.93,--,4,11168,卖盘
2691,10:11:07,24.93,-0.02,20,49860,卖盘
2692,10:11:01,24.95,0.02,5,12475,买盘
2693,10:10:52,24.93,0.01,16,39888,买盘
2694,10:10:49,24.92,-0.01,6,14952,卖盘
2695,10:10:43,24.93,--,1,2493,买盘
2696,10:10:40,24.93,-0.02,68,169524,卖盘
2697,10:10:37,24.95,0.02,1,2495,买盘
2698,10:10:31,24.93,-0.01,2,4986,卖盘
2699,10:10:28,24.94,0.01,40,99760,买盘
2700,10:10:22,24.93,0.01,0,1495,卖盘
2701,10:10:13,24.92,-0.01,5,12460,卖盘
2702,10:10:10,24.93,--,2,6157,卖盘
2703,10:10:07,24.93,--,3,7828,买盘
2704,10:10:04,24.93,--,10,24930,买盘
2705,10:09:58,24.93,--,7,17451,买盘
2706,10:09:52,24.93,--,6,14958,买盘
2707,10:09:49,24.93,0.01,1,2493,买盘
2708,10:09:40,24.92,--,10,24920,卖盘
2709,10:09:37,24.92,--,11,28259,买盘
2710,10:09:31,24.92,--,6,14952,买盘
2711,10:09:25,24.92,--,29,72268,买盘
2712,10:09:25,24.92,--,12,29904,买盘
2713,10:09:19,24.92,-0.01,24,60431,卖盘
2714,10:09:16,24.93,0.01,68,169524,买盘
2715,10:09:13,24.92,-0.01,14,36059,卖盘
2716,10:09:10,24.93,0.01,11,27423,买盘
2717,10:09:04,24.92,--,21,53029,买盘
2718,10:09:01,24.92,0.01,10,24920,买盘
2719,10:08:58,24.91,-0.01,68,171181,卖盘
2720,10:08:55,24.92,-0.01,3,7476,卖盘
2721,10:08:52,24.93,--,4,9972,买盘
2722,10:08:49,24.93,--,25,62325,买盘
2723,10:08:46,24.93,0.01,8,19944,买盘
2724,10:08:43,24.92,--,10,24920,卖盘
2725,10:08:40,24.92,-0.01,4,9968,卖盘
2726,10:08:37,24.93,--,10,24930,买盘
2727,10:08:31,24.93,--,53,132129,买盘
2728,10:08:28,24.93,-0.01,12,32059,卖盘
2729,10:08:25,24.94,0.01,7,17657,买盘
2730,10:08:22,24.93,-0.01,141,352983,卖盘
2731,10:08:19,24.94,--,203,506282,买盘
2732,10:08:16,24.94,0.01,4,9976,买盘
2733,10:08:13,24.93,-0.01,23,58510,卖盘
2734,10:08:07,24.94,--,61,152134,买盘
2735,10:08:01,24.94,0.01,6,14964,买盘
2736,10:07:49,24.93,0.01,7,17451,买盘
2737,10:07:46,24.92,-0.01,13,32396,卖盘
2738,10:07:40,24.93,0.01,20,49860,买盘
2739,10:07:37,24.92,-0.01,19,47348,卖盘
2740,10:07:34,24.93,0.01,2,4986,买盘
2741,10:07:28,24.92,--,2,4984,卖盘
2742,10:07:25,24.92,-0.01,5,12460,卖盘
2743,10:07:22,24.93,--,10,24930,买盘
2744,10:07:19,24.93,0.03,89,222575,买盘
2745,10:07:16,24.9,-0.02,60,151392,卖盘
2746,10:07:10,24.92,0.01,2,4984,买盘
2747,10:07:07,24.91,-0.01,33,82203,中性盘
2748,10:07:04,24.92,--,171,426132,买盘
2749,10:07:01,24.92,--,41,102172,买盘
2750,10:06:58,24.92,--,18,44856,卖盘
2751,10:06:55,24.92,--,51,127092,卖盘
2752,10:06:52,24.92,--,10,24920,卖盘
2753,10:06:46,24.92,--,1,2492,卖盘
2754,10:06:43,24.92,0.01,7,17444,买盘
2755,10:06:40,24.91,--,104,259064,卖盘
2756,10:06:37,24.91,--,88,219208,卖盘
2757,10:06:34,24.91,-0.01,3,7473,卖盘
2758,10:06:31,24.92,--,21,52332,买盘
2759,10:06:28,24.92,--,27,67284,买盘
2760,10:06:25,24.92,0.01,8,19936,买盘
2761,10:06:22,24.91,-0.01,20,49820,卖盘
2762,10:06:19,24.92,--,11,27412,买盘
2763,10:06:16,24.92,0.01,10,26390,买盘
2764,10:06:13,24.91,--,46,115756,卖盘
2765,10:06:10,24.91,--,20,49820,卖盘
2766,10:06:07,24.91,--,58,144478,卖盘
2767,10:06:04,24.91,--,5,12455,卖盘
2768,10:06:01,24.91,--,39,97497,买盘
2769,10:05:58,24.91,--,63,156933,买盘
2770,10:05:55,24.91,--,25,62275,买盘
2771,10:05:52,24.91,--,41,102131,买盘
2772,10:05:49,24.91,--,2,4982,买盘
2773,10:05:46,24.91,--,54,134514,买盘
2774,10:05:43,24.91,--,10,24910,买盘
2775,10:05:37,24.91,--,19,47329,买盘
2776,10:05:34,24.91,-0.02,27,69399,卖盘
2777,10:05:31,24.93,0.01,17,42381,买盘
2778,10:05:28,24.92,0.01,5,12460,买盘
2779,10:05:25,24.91,-0.01,10,24910,卖盘
2780,10:05:22,24.92,0.01,3,7476,中性盘
2781,10:05:19,24.91,-0.01,53,132197,卖盘
2782,10:05:16,24.92,--,1,3962,买盘
2783,10:05:10,24.92,--,1,2492,买盘
2784,10:05:07,24.92,-0.01,30,74760,卖盘
2785,10:05:04,24.93,--,10,24930,买盘
2786,10:05:01,24.93,--,66,164538,买盘
2787,10:04:58,24.93,--,27,67311,买盘
2788,10:04:55,24.93,--,12,29916,买盘
2789,10:04:52,24.93,--,10,24930,买盘
2790,10:04:49,24.93,--,12,29916,买盘
2791,10:04:46,24.93,--,57,142101,买盘
2792,10:04:40,24.93,-0.01,0,1022,卖盘
2793,10:04:37,24.94,--,14,34916,买盘
2794,10:04:31,24.94,--,36,89784,买盘
2795,10:04:28,24.94,0.01,43,107242,买盘
2796,10:04:21,24.93,-0.01,13,32409,卖盘
2797,10:04:18,24.94,0.01,17,42398,买盘
2798,10:04:12,24.93,-0.01,0,1470,中性盘
2799,10:04:09,24.94,0.02,138,345369,买盘
2800,10:04:06,24.92,0.03,13,32396,买盘
2801,10:04:03,24.89,-0.03,53,131917,卖盘
2802,10:04:00,24.92,--,55,137060,买盘
2803,10:03:57,24.92,0.01,2,4984,买盘
2804,10:03:51,24.91,0.01,41,102131,买盘
2805,10:03:48,24.9,0.02,74,184708,买盘
2806,10:03:36,24.88,-0.01,113,281144,卖盘
2807,10:03:33,24.89,--,27,67203,买盘
2808,10:03:30,24.89,0.01,8,19912,买盘
2809,10:03:27,24.88,--,15,37320,卖盘
2810,10:03:18,24.88,--,11,27368,卖盘
2811,10:03:15,24.88,--,47,116985,买盘
2812,10:03:12,24.88,--,1,3980,买盘
2813,10:03:09,24.88,0.01,77,192745,买盘
2814,10:03:03,24.87,-0.01,25,62175,卖盘
2815,10:03:00,24.88,0.01,6,14928,买盘
