,time,price,change,volume,amount,type
0,15:00:24,16.22,--,3313,5373686,卖盘
1,14:57:27,16.22,--,0,0,买盘
2,14:57:03,16.22,0.01,5,8109,卖盘
3,14:57:00,16.21,-0.01,201,325821,卖盘
4,14:56:54,16.22,--,72,116783,买盘
5,14:56:51,16.22,--,8,12976,买盘
6,14:56:48,16.22,0.01,243,394146,买盘
7,14:56:42,16.21,-0.01,24,38904,卖盘
8,14:56:39,16.22,0.01,73,118405,买盘
9,14:56:33,16.21,-0.01,66,106986,卖盘
10,14:56:30,16.22,--,62,100726,卖盘
11,14:56:27,16.22,--,183,296826,卖盘
12,14:56:24,16.22,--,3,4866,卖盘
13,14:56:21,16.22,--,91,149061,买盘
14,14:56:18,16.22,--,50,81100,买盘
15,14:56:15,16.22,--,45,72990,买盘
16,14:56:12,16.22,0.01,70,113539,买盘
17,14:56:09,16.21,-0.01,56,90776,卖盘
18,14:56:06,16.22,--,145,235189,卖盘
19,14:56:03,16.22,--,20,32439,卖盘
20,14:56:00,16.22,-0.01,57,92454,卖盘
21,14:55:57,16.23,--,92,149316,买盘
22,14:55:54,16.23,--,3,4869,买盘
23,14:55:51,16.23,--,18,29214,买盘
24,14:55:45,16.23,--,22,35706,买盘
25,14:55:42,16.23,0.01,67,108741,中性盘
26,14:55:39,16.22,-0.01,76,123271,卖盘
27,14:55:36,16.23,-0.01,25,40575,卖盘
28,14:55:33,16.24,0.01,100,162399,买盘
29,14:55:30,16.23,-0.01,38,61674,卖盘
30,14:55:24,16.24,--,10,16239,买盘
31,14:55:21,16.24,0.02,335,544040,买盘
32,14:55:18,16.22,--,14,22708,买盘
33,14:55:15,16.22,--,82,133004,买盘
34,14:55:09,16.22,-0.03,1796,2913112,卖盘
35,14:55:06,16.25,0.01,70,113750,买盘
36,14:55:00,16.24,-0.01,34,55215,卖盘
37,14:54:57,16.25,0.01,10,16250,买盘
38,14:54:54,16.24,--,2,3247,卖盘
39,14:54:51,16.24,--,5,8119,卖盘
40,14:54:48,16.24,0.01,2,3247,中性盘
41,14:54:45,16.23,-0.01,375,608625,卖盘
42,14:54:42,16.24,0.01,176,285824,买盘
43,14:54:36,16.23,-0.01,9,14607,卖盘
44,14:54:30,16.24,--,35,56839,买盘
45,14:54:27,16.24,0.01,17,27607,买盘
46,14:54:24,16.23,--,5,8115,卖盘
47,14:54:21,16.23,--,13,21099,卖盘
48,14:54:15,16.23,-0.01,57,92511,卖盘
49,14:54:09,16.24,--,75,121799,买盘
50,14:54:06,16.24,-0.01,10,16239,卖盘
51,14:54:03,16.25,0.01,44,71500,买盘
52,14:54:00,16.24,--,44,71456,买盘
53,14:53:51,16.24,--,139,225735,买盘
54,14:53:48,16.24,-0.01,56,90943,卖盘
55,14:53:45,16.25,--,23,37375,买盘
56,14:53:42,16.25,--,16,26000,买盘
57,14:53:39,16.25,0.02,27,43875,买盘
58,14:53:36,16.23,-0.02,31,50313,卖盘
59,14:53:33,16.25,--,53,86125,买盘
60,14:53:30,16.25,--,14,22750,卖盘
61,14:53:27,16.25,-0.01,18,29250,买盘
62,14:53:24,16.26,0.01,210,341460,买盘
63,14:53:21,16.25,--,35,56875,卖盘
64,14:53:18,16.25,-0.01,6,9750,卖盘
65,14:53:15,16.26,0.01,74,120324,买盘
66,14:53:12,16.25,0.01,303,492375,买盘
67,14:53:06,16.24,-0.01,9,14615,卖盘
68,14:53:03,16.25,0.01,12,19500,买盘
69,14:53:00,16.24,--,21,34104,卖盘
70,14:52:57,16.24,--,8,12991,卖盘
71,14:52:54,16.24,--,10,16239,卖盘
72,14:52:51,16.24,0.01,319,518055,买盘
73,14:52:45,16.23,--,51,82773,卖盘
74,14:52:42,16.23,--,67,108741,买盘
75,14:52:39,16.23,--,14,22722,买盘
76,14:52:36,16.23,--,10,16230,买盘
77,14:52:33,16.23,--,104,168792,买盘
78,14:52:30,16.23,--,46,74658,买盘
79,14:52:27,16.23,--,8,12984,买盘
80,14:52:24,16.23,--,30,48690,买盘
81,14:52:21,16.23,--,100,162300,买盘
82,14:52:18,16.23,0.01,70,113610,买盘
83,14:52:12,16.22,--,12,19464,卖盘
84,14:52:06,16.22,-0.01,51,82722,卖盘
85,14:52:03,16.23,0.01,33,53559,买盘
86,14:51:57,16.22,--,31,50282,买盘
87,14:51:54,16.22,0.01,4,6488,卖盘
88,14:51:48,16.21,-0.01,76,123196,卖盘
89,14:51:45,16.22,--,69,111917,买盘
90,14:51:42,16.22,0.01,104,168688,买盘
91,14:51:39,16.21,-0.01,177,286917,卖盘
92,14:51:36,16.22,0.01,23,37306,买盘
93,14:51:33,16.21,-0.01,34,55114,卖盘
94,14:51:30,16.22,0.01,41,66502,买盘
95,14:51:27,16.21,-0.01,38,61598,卖盘
96,14:51:24,16.22,--,45,72990,买盘
97,14:51:21,16.22,0.01,65,105429,买盘
98,14:51:18,16.21,--,169,273949,买盘
99,14:51:15,16.21,-0.01,99,160479,卖盘
100,14:51:09,16.22,--,12,19464,买盘
101,14:51:03,16.22,--,30,48660,买盘
102,14:51:00,16.22,0.02,4,6488,买盘
103,14:50:57,16.2,--,36,58320,卖盘
104,14:50:54,16.2,--,9,14580,卖盘
105,14:50:42,16.2,-0.01,208,336960,卖盘
106,14:50:39,16.21,0.01,217,351757,买盘
107,14:50:36,16.2,--,62,100440,卖盘
108,14:50:30,16.2,0.01,109,176580,买盘
109,14:50:27,16.19,--,88,142472,买盘
110,14:50:24,16.19,--,12,19428,买盘
111,14:50:21,16.19,--,10,16190,买盘
112,14:50:15,16.19,-0.02,197,318943,卖盘
113,14:50:12,16.21,0.01,3,4863,买盘
114,14:50:09,16.2,--,402,651240,买盘
115,14:50:03,16.2,--,2,3240,买盘
116,14:50:00,16.2,--,36,58320,买盘
117,14:49:57,16.2,0.02,4,6480,买盘
118,14:49:54,16.18,-0.01,55,88990,卖盘
119,14:49:51,16.19,--,13,21047,买盘
120,14:49:48,16.19,--,18,29142,买盘
121,14:49:45,16.19,--,40,64760,买盘
122,14:49:42,16.19,--,81,131139,卖盘
123,14:49:36,16.19,-0.01,40,64760,卖盘
124,14:49:33,16.2,--,15,24300,买盘
125,14:49:30,16.2,--,118,191160,买盘
126,14:49:27,16.2,--,17,27540,买盘
127,14:49:24,16.2,--,4,6480,买盘
128,14:49:21,16.2,--,48,77760,卖盘
129,14:49:18,16.2,--,7,11340,卖盘
130,14:49:15,16.2,--,140,226800,卖盘
131,14:49:09,16.2,-0.01,36,58320,卖盘
132,14:49:06,16.21,--,13,21073,买盘
133,14:49:03,16.21,0.01,277,449017,买盘
134,14:49:00,16.2,--,171,277020,卖盘
135,14:48:57,16.2,-0.01,70,113400,卖盘
136,14:48:54,16.21,0.01,27,43767,买盘
137,14:48:51,16.2,--,1,1620,卖盘
138,14:48:48,16.2,--,2,3240,卖盘
139,14:48:45,16.2,--,42,68040,买盘
140,14:48:39,16.2,0.01,106,171720,买盘
141,14:48:36,16.19,-0.01,69,111711,卖盘
142,14:48:33,16.2,--,15,24300,买盘
143,14:48:27,16.2,--,10,16200,买盘
144,14:48:21,16.2,--,15,24300,买盘
145,14:48:18,16.2,--,32,51840,买盘
146,14:48:15,16.2,--,10,16200,买盘
147,14:48:12,16.2,--,49,79380,卖盘
148,14:48:09,16.2,-0.01,4,6480,卖盘
149,14:48:06,16.21,0.01,6,9726,买盘
150,14:48:03,16.2,--,50,81000,卖盘
151,14:48:00,16.2,-0.01,91,147420,卖盘
152,14:47:57,16.21,--,61,98881,买盘
153,14:47:54,16.21,--,21,34041,买盘
154,14:47:51,16.21,0.01,47,76187,买盘
155,14:47:48,16.2,--,320,518400,卖盘
156,14:47:45,16.2,-0.01,113,183060,卖盘
157,14:47:42,16.21,--,1,1621,买盘
158,14:47:39,16.21,--,60,97260,买盘
159,14:47:36,16.21,0.01,76,123196,买盘
160,14:47:33,16.2,-0.01,60,97200,卖盘
161,14:47:27,16.21,--,91,147511,买盘
162,14:47:24,16.21,--,25,40525,买盘
163,14:47:15,16.21,--,167,270707,买盘
164,14:47:09,16.21,--,28,45388,买盘
165,14:47:06,16.21,--,175,283675,买盘
166,14:47:03,16.21,0.01,5,8105,买盘
167,14:47:00,16.2,-0.01,114,184680,卖盘
168,14:46:57,16.21,0.01,87,141027,买盘
169,14:46:54,16.2,--,34,55080,卖盘
170,14:46:51,16.2,-0.02,10,16200,卖盘
171,14:46:48,16.22,0.01,279,452537,买盘
172,14:46:45,16.21,--,168,272328,卖盘
173,14:46:42,16.21,--,36,58356,卖盘
174,14:46:39,16.21,--,104,168584,卖盘
175,14:46:36,16.21,--,33,53493,卖盘
176,14:46:33,16.21,--,9,14589,买盘
177,14:46:27,16.21,-0.01,19,30799,卖盘
178,14:46:24,16.22,-0.01,2,3244,中性盘
179,14:46:21,16.23,0.02,809,1313007,买盘
180,14:46:18,16.21,--,37,59977,买盘
181,14:46:15,16.21,-0.01,39,63219,卖盘
182,14:46:12,16.22,0.01,227,368194,买盘
183,14:46:05,16.21,--,42,68082,买盘
184,14:45:59,16.21,--,26,42146,卖盘
185,14:45:56,16.21,--,15,24315,卖盘
186,14:45:53,16.21,--,111,179931,买盘
187,14:45:50,16.21,0.01,12,19452,买盘
188,14:45:47,16.2,-0.01,32,51840,卖盘
189,14:45:41,16.21,0.01,102,165342,买盘
190,14:45:38,16.2,--,100,162000,卖盘
191,14:45:32,16.2,--,18,29484,卖盘
192,14:45:29,16.2,--,90,145800,买盘
193,14:45:23,16.2,--,88,142560,买盘
194,14:45:20,16.2,0.01,159,257580,买盘
195,14:45:17,16.19,-0.01,94,152186,卖盘
196,14:45:14,16.2,--,26,42120,买盘
197,14:45:11,16.2,--,16,25920,买盘
198,14:45:08,16.2,--,10,16200,买盘
199,14:45:05,16.2,--,75,121500,买盘
200,14:45:02,16.2,--,23,37260,买盘
201,14:44:56,16.2,0.01,336,544320,买盘
202,14:44:47,16.19,--,10,16190,卖盘
203,14:44:44,16.19,--,17,27523,买盘
204,14:44:41,16.19,--,31,50189,买盘
205,14:44:38,16.19,--,130,210470,买盘
206,14:44:35,16.19,0.01,23,37237,买盘
207,14:44:32,16.18,--,10,16180,卖盘
208,14:44:26,16.18,--,325,525850,买盘
209,14:44:20,16.18,0.01,135,218430,买盘
210,14:44:17,16.17,--,26,42042,卖盘
211,14:44:14,16.17,-0.01,2,3234,卖盘
212,14:44:11,16.18,0.01,72,116496,买盘
213,14:44:08,16.17,--,33,53361,买盘
214,14:44:05,16.17,--,5,8085,买盘
215,14:44:02,16.17,--,53,85701,买盘
216,14:43:59,16.17,--,5,8085,买盘
217,14:43:56,16.17,0.02,18,29106,买盘
218,14:43:53,16.15,-0.01,291,469964,卖盘
219,14:43:47,16.16,--,10,16160,卖盘
220,14:43:44,16.16,--,27,43632,买盘
221,14:43:41,16.16,--,48,77568,买盘
222,14:43:38,16.16,--,75,121200,买盘
223,14:43:35,16.16,--,176,284416,买盘
224,14:43:32,16.16,0.01,423,683568,买盘
225,14:43:29,16.15,--,121,195414,卖盘
226,14:43:23,16.15,--,483,780044,卖盘
227,14:43:20,16.15,--,14,22609,卖盘
228,14:43:14,16.15,--,46,74290,卖盘
229,14:43:08,16.15,--,17,27454,买盘
230,14:43:05,16.15,--,16,25839,买盘
231,14:43:02,16.15,--,558,901169,买盘
232,14:42:59,16.15,0.01,71,114664,买盘
233,14:42:56,16.14,--,243,392202,卖盘
234,14:42:50,16.14,--,159,257077,卖盘
235,14:42:47,16.14,--,147,238613,买盘
236,14:42:44,16.14,--,32,51648,买盘
237,14:42:38,16.14,--,31,50034,买盘
238,14:42:35,16.14,--,111,179154,买盘
239,14:42:32,16.14,--,10,16140,买盘
240,14:42:29,16.14,0.01,92,148488,买盘
241,14:42:23,16.13,-0.01,27,43551,卖盘
242,14:42:20,16.14,--,54,87156,买盘
243,14:42:17,16.14,0.01,12,19368,买盘
244,14:42:14,16.13,-0.01,132,212916,卖盘
245,14:42:08,16.14,0.01,54,87156,买盘
246,14:42:05,16.13,-0.01,31,50003,卖盘
247,14:42:02,16.14,0.01,22,35508,买盘
248,14:41:59,16.13,-0.01,24,38712,卖盘
249,14:41:56,16.14,--,82,132348,买盘
250,14:41:50,16.14,--,443,716390,买盘
251,14:41:47,16.14,--,99,159786,买盘
252,14:41:44,16.14,--,31,50034,买盘
253,14:41:38,16.14,--,67,108138,买盘
254,14:41:35,16.14,--,29,46806,买盘
255,14:41:29,16.14,--,18,29052,买盘
256,14:41:20,16.14,--,55,88770,买盘
257,14:41:17,16.14,--,322,519933,卖盘
258,14:41:14,16.14,--,34,54876,卖盘
259,14:41:11,16.14,--,44,71016,卖盘
260,14:41:08,16.14,-0.01,1,1614,卖盘
261,14:41:05,16.15,0.01,12,19380,买盘
262,14:41:02,16.14,-0.01,35,56490,卖盘
263,14:40:59,16.15,0.01,80,129199,买盘
264,14:40:56,16.14,--,30,48420,卖盘
265,14:40:53,16.14,--,13,20982,卖盘
266,14:40:50,16.14,0.01,6,11072,中性盘
267,14:40:47,16.13,-0.01,1012,1632356,卖盘
268,14:40:44,16.14,0.01,117,188838,买盘
269,14:40:41,16.13,-0.01,50,80650,卖盘
270,14:40:38,16.14,--,3,4842,买盘
271,14:40:35,16.14,0.01,13,20982,中性盘
272,14:40:32,16.13,-0.02,47,75811,卖盘
273,14:40:29,16.15,0.01,40,64599,买盘
274,14:40:26,16.14,--,48,77472,卖盘
275,14:40:20,16.14,--,1,2421,卖盘
276,14:40:17,16.14,0.01,71,115110,买盘
277,14:40:14,16.13,--,117,188721,卖盘
278,14:40:11,16.13,-0.01,123,198399,卖盘
279,14:40:08,16.14,--,14,22596,买盘
280,14:40:05,16.14,0.01,28,45192,买盘
281,14:40:02,16.13,-0.01,42,67746,卖盘
282,14:39:53,16.14,0.01,30,48420,买盘
283,14:39:50,16.13,-0.01,12,20710,卖盘
284,14:39:47,16.14,--,13,20982,买盘
285,14:39:44,16.14,--,29,46806,买盘
286,14:39:41,16.14,0.01,120,193680,买盘
287,14:39:38,16.13,--,69,111297,卖盘
288,14:39:35,16.13,--,68,109684,卖盘
289,14:39:29,16.13,--,333,537129,卖盘
290,14:39:26,16.13,--,69,111297,卖盘
291,14:39:20,16.13,-0.01,16,25808,卖盘
292,14:39:17,16.14,0.01,24,38736,买盘
293,14:39:14,16.13,-0.01,40,64519,卖盘
294,14:39:08,16.14,--,22,35508,买盘
295,14:39:05,16.14,--,25,40350,买盘
296,14:39:02,16.14,--,20,32280,买盘
297,14:38:59,16.14,--,16,25824,买盘
298,14:38:56,16.14,--,8,12912,买盘
299,14:38:53,16.14,-0.01,512,827271,卖盘
300,14:38:50,16.15,--,20,33688,买盘
301,14:38:47,16.15,--,25,40375,买盘
302,14:38:44,16.15,--,42,67830,买盘
303,14:38:41,16.15,0.01,22,35530,买盘
304,14:38:38,16.14,-0.01,103,166242,卖盘
305,14:38:35,16.15,0.01,53,85594,买盘
306,14:38:32,16.14,--,18,29052,卖盘
307,14:38:26,16.14,-0.01,15,24210,卖盘
308,14:38:20,16.15,0.01,1050,1695749,买盘
309,14:38:17,16.14,-0.01,3,4842,卖盘
310,14:38:11,16.15,--,3,4845,买盘
311,14:38:08,16.15,0.01,130,209949,买盘
312,14:37:56,16.14,-0.01,3,4842,卖盘
313,14:37:53,16.15,0.01,35,56524,买盘
314,14:37:50,16.14,-0.01,27,44933,卖盘
315,14:37:47,16.15,0.01,13,20994,买盘
316,14:37:44,16.14,--,115,185610,卖盘
317,14:37:41,16.14,-0.01,7,11298,卖盘
318,14:37:38,16.15,--,233,376294,买盘
319,14:37:35,16.15,0.01,26,41989,买盘
320,14:37:32,16.14,-0.01,212,342168,卖盘
321,14:37:29,16.15,--,157,253554,买盘
322,14:37:26,16.15,--,21,33915,买盘
323,14:37:23,16.15,--,17,27454,买盘
324,14:37:20,16.15,--,81,130814,买盘
325,14:37:14,16.15,--,9,14534,买盘
326,14:37:11,16.15,--,2,3229,买盘
327,14:37:08,16.15,--,22,35530,买盘
328,14:37:05,16.15,--,15,24224,买盘
329,14:37:02,16.15,0.01,15,24224,买盘
330,14:36:59,16.14,-0.01,36,58104,卖盘
331,14:36:50,16.15,--,149,242023,买盘
332,14:36:47,16.15,0.01,20,32299,买盘
333,14:36:44,16.14,-0.01,23,37122,卖盘
334,14:36:41,16.15,--,37,59754,买盘
335,14:36:38,16.15,--,3,4845,买盘
336,14:36:35,16.15,0.01,185,298775,买盘
337,14:36:32,16.14,-0.01,42,67788,卖盘
338,14:36:29,16.15,0.01,46,74290,买盘
339,14:36:26,16.14,-0.01,224,361536,卖盘
340,14:36:23,16.15,--,98,158270,买盘
341,14:36:20,16.15,0.01,87,140505,买盘
342,14:36:17,16.14,-0.01,54,87156,卖盘
343,14:36:14,16.15,--,125,201874,买盘
344,14:36:11,16.15,--,16,25839,买盘
345,14:36:08,16.15,--,23,37145,买盘
346,14:36:05,16.15,--,25,40375,买盘
347,14:36:02,16.15,--,2,3229,买盘
348,14:35:59,16.15,--,32,51679,买盘
349,14:35:56,16.15,--,9,14534,买盘
350,14:35:53,16.15,--,18,29069,买盘
351,14:35:50,16.15,--,13,21059,买盘
352,14:35:47,16.15,--,2,3229,买盘
353,14:35:41,16.15,--,3,4845,买盘
354,14:35:38,16.15,--,9,14534,买盘
355,14:35:35,16.15,0.01,30,48449,买盘
356,14:35:32,16.14,-0.01,45,72630,卖盘
357,14:35:29,16.15,--,77,124354,买盘
358,14:35:26,16.15,0.01,60,96899,买盘
359,14:35:23,16.14,-0.01,6,9684,卖盘
360,14:35:20,16.15,--,17,27454,买盘
361,14:35:17,16.15,0.01,52,83979,买盘
362,14:35:14,16.14,--,168,271152,卖盘
363,14:35:11,16.14,-0.01,38,61332,卖盘
364,14:35:08,16.15,0.01,27,43604,买盘
365,14:35:05,16.14,--,138,222732,卖盘
366,14:35:02,16.14,-0.01,14,22596,卖盘
367,14:34:59,16.15,0.01,211,340764,买盘
368,14:34:56,16.14,--,45,72630,卖盘
369,14:34:53,16.14,--,60,96840,卖盘
370,14:34:50,16.14,--,56,91739,卖盘
371,14:34:47,16.14,-0.01,117,188838,卖盘
372,14:34:44,16.15,--,57,92054,买盘
373,14:34:41,16.15,0.01,36,58139,买盘
374,14:34:38,16.14,--,160,258240,卖盘
375,14:34:35,16.14,--,313,505182,卖盘
376,14:34:29,16.14,-0.01,47,75858,卖盘
377,14:34:26,16.15,0.01,101,163115,买盘
378,14:34:17,16.14,--,149,240486,卖盘
379,14:34:14,16.14,--,501,808614,卖盘
380,14:34:11,16.14,--,104,167856,卖盘
381,14:34:08,16.14,-0.01,488,787632,卖盘
382,14:34:05,16.15,0.01,15,24224,买盘
383,14:34:02,16.14,--,50,80700,卖盘
384,14:33:59,16.14,--,89,143646,买盘
385,14:33:56,16.14,0.01,26,41964,买盘
386,14:33:53,16.13,-0.01,370,596810,卖盘
387,14:33:50,16.14,--,30,49775,买盘
388,14:33:47,16.14,0.01,155,250170,买盘
389,14:33:44,16.13,-0.02,60,96780,卖盘
390,14:33:41,16.15,0.01,187,302005,买盘
391,14:33:38,16.14,-0.01,329,531006,卖盘
392,14:33:35,16.15,0.02,49,79135,买盘
393,14:33:32,16.13,-0.02,10,16129,卖盘
394,14:33:29,16.15,0.01,20,32299,买盘
395,14:33:26,16.14,0.01,109,175926,买盘
396,14:33:20,16.13,-0.01,41,66133,卖盘
397,14:33:17,16.14,0.01,46,74244,买盘
398,14:33:11,16.13,--,45,72585,卖盘
399,14:33:08,16.13,-0.01,1641,2647900,卖盘
400,14:33:05,16.14,--,41,66174,卖盘
401,14:33:02,16.14,--,441,711774,卖盘
402,14:32:59,16.14,--,109,175926,卖盘
403,14:32:56,16.14,-0.01,225,363150,卖盘
404,14:32:53,16.15,0.01,26,41989,买盘
405,14:32:50,16.14,--,125,203105,卖盘
406,14:32:47,16.14,-0.01,286,461604,卖盘
407,14:32:44,16.15,0.01,55,88824,买盘
408,14:32:41,16.14,--,73,117822,卖盘
409,14:32:35,16.14,--,274,442236,卖盘
410,14:32:32,16.14,--,506,816684,卖盘
411,14:32:29,16.14,--,313,505182,卖盘
412,14:32:23,16.14,--,181,292134,卖盘
413,14:32:20,16.14,--,3,4842,卖盘
414,14:32:17,16.14,-0.01,116,187224,卖盘
415,14:32:11,16.15,0.01,67,108204,买盘
416,14:32:08,16.14,--,131,211434,卖盘
417,14:32:05,16.14,--,109,175926,卖盘
418,14:32:02,16.14,--,112,180768,卖盘
419,14:31:53,16.14,--,56,90384,卖盘
420,14:31:50,16.14,--,39,64334,卖盘
421,14:31:47,16.14,--,35,56490,卖盘
422,14:31:44,16.14,-0.01,1930,3115020,卖盘
423,14:31:41,16.15,--,70,113049,卖盘
424,14:31:38,16.15,--,10,16149,卖盘
425,14:31:35,16.15,--,191,308465,卖盘
426,14:31:32,16.15,--,103,166344,买盘
427,14:31:26,16.15,0.01,16,25839,买盘
428,14:31:23,16.14,--,265,427710,卖盘
429,14:31:20,16.14,--,258,416412,卖盘
430,14:31:14,16.14,--,15,24210,卖盘
431,14:31:11,16.14,--,96,154944,卖盘
432,14:31:08,16.14,--,14,22596,卖盘
433,14:31:02,16.14,--,143,230802,卖盘
434,14:30:59,16.14,0.01,71,114594,卖盘
435,14:30:56,16.13,--,83,133879,卖盘
436,14:30:53,16.13,--,15,24195,卖盘
437,14:30:50,16.13,--,6,9678,卖盘
438,14:30:47,16.13,-0.01,151,244950,卖盘
439,14:30:44,16.14,0.01,59,95226,中性盘
440,14:30:41,16.13,--,40,64519,卖盘
441,14:30:38,16.13,--,56,90328,卖盘
442,14:30:35,16.13,-0.01,42,67746,卖盘
443,14:30:32,16.14,--,21,33894,买盘
444,14:30:29,16.14,0.01,1,1614,买盘
445,14:30:26,16.13,--,36,58068,卖盘
446,14:30:23,16.13,-0.01,23,37099,卖盘
447,14:30:20,16.14,--,86,138804,买盘
448,14:30:11,16.14,--,11,17754,买盘
449,14:30:05,16.14,--,51,82314,卖盘
450,14:30:02,16.14,0.01,196,316344,卖盘
451,14:29:59,16.13,-0.01,38,62648,卖盘
452,14:29:53,16.14,--,25,40350,买盘
453,14:29:50,16.14,0.01,2,3228,买盘
454,14:29:47,16.13,--,1,1613,卖盘
455,14:29:44,16.13,-0.02,52,83876,卖盘
456,14:29:41,16.15,0.01,141,227714,买盘
457,14:29:38,16.14,--,6,9684,卖盘
458,14:29:35,16.14,-0.01,23,37122,卖盘
459,14:29:32,16.15,--,11,17765,买盘
460,14:29:29,16.15,--,30,48449,卖盘
461,14:29:23,16.15,-0.01,7,11304,卖盘
462,14:29:20,16.16,--,3,4848,买盘
463,14:29:17,16.16,0.02,48,77568,买盘
464,14:29:14,16.14,-0.02,122,196908,卖盘
465,14:29:11,16.16,0.02,20,32320,买盘
466,14:29:08,16.14,--,65,104910,卖盘
467,14:29:02,16.14,--,24,38736,卖盘
468,14:28:59,16.14,--,71,114594,卖盘
469,14:28:56,16.14,-0.02,21,33894,卖盘
470,14:28:53,16.16,--,5,8080,买盘
471,14:28:50,16.16,0.02,16,27213,买盘
472,14:28:41,16.14,-0.02,208,335712,卖盘
473,14:28:35,16.16,-0.01,73,117968,卖盘
474,14:28:32,16.17,0.01,100,161700,买盘
475,14:28:29,16.16,--,1,1616,卖盘
476,14:28:26,16.16,--,7,11312,卖盘
477,14:28:23,16.16,-0.01,17,27472,中性盘
478,14:28:11,16.17,0.01,68,109956,买盘
479,14:28:05,16.16,-0.01,2,3232,买盘
480,14:28:02,16.17,0.01,346,559482,买盘
481,14:27:59,16.16,--,13,21008,卖盘
482,14:27:56,16.16,--,15,24240,卖盘
483,14:27:53,16.16,--,5,8080,卖盘
484,14:27:50,16.16,--,35,57917,买盘
485,14:27:44,16.16,--,11,17776,卖盘
486,14:27:41,16.16,--,20,32320,卖盘
487,14:27:32,16.16,--,172,277952,卖盘
488,14:27:26,16.16,--,109,176144,买盘
489,14:27:23,16.16,--,6,9696,买盘
490,14:27:20,16.16,0.01,11,17776,买盘
491,14:27:17,16.15,--,5,8074,卖盘
492,14:27:11,16.15,-0.01,33,53294,卖盘
493,14:27:05,16.16,0.01,49,79184,买盘
494,14:26:59,16.15,-0.01,30,48449,卖盘
495,14:26:56,16.16,--,36,58176,买盘
496,14:26:53,16.16,0.01,40,64640,买盘
497,14:26:50,16.15,-0.01,98,159626,卖盘
498,14:26:47,16.16,--,92,148672,买盘
499,14:26:44,16.16,--,121,195536,买盘
500,14:26:41,16.16,0.01,34,54944,买盘
501,14:26:35,16.15,-0.01,157,253554,卖盘
502,14:26:32,16.16,--,4,6464,买盘
503,14:26:26,16.16,0.01,1,1616,买盘
504,14:26:23,16.15,-0.01,3,4845,卖盘
505,14:26:20,16.16,--,5,8080,买盘
506,14:26:17,16.16,0.01,5,8080,买盘
507,14:26:14,16.15,-0.01,9,14534,卖盘
508,14:26:10,16.16,0.01,53,85648,买盘
509,14:26:04,16.15,--,3,4845,卖盘
510,14:26:01,16.15,--,13,20994,卖盘
511,14:25:58,16.15,-0.01,43,69445,卖盘
512,14:25:52,16.16,--,67,108272,买盘
513,14:25:49,16.16,0.02,23,38719,买盘
514,14:25:46,16.14,--,89,143646,卖盘
515,14:25:40,16.14,-0.01,113,182382,卖盘
516,14:25:37,16.15,--,21,33915,买盘
517,14:25:34,16.15,0.01,7,11304,买盘
518,14:25:28,16.14,--,347,560058,卖盘
519,14:25:25,16.14,--,43,69402,卖盘
520,14:25:19,16.14,-0.01,202,326028,卖盘
521,14:25:13,16.15,0.01,8,12919,买盘
522,14:25:10,16.14,-0.01,283,456762,卖盘
523,14:25:07,16.15,0.01,13,20994,买盘
524,14:25:04,16.14,--,227,366378,卖盘
525,14:25:01,16.14,--,26,41964,卖盘
526,14:24:58,16.14,-0.01,16,25824,卖盘
527,14:24:55,16.15,--,1,1614,买盘
528,14:24:49,16.15,0.01,10,16149,买盘
529,14:24:46,16.14,--,16,27179,卖盘
530,14:24:37,16.14,--,10,16140,卖盘
531,14:24:34,16.14,-0.01,5,8070,卖盘
532,14:24:28,16.15,0.01,7,11304,买盘
533,14:24:25,16.14,--,9,14526,卖盘
534,14:24:16,16.14,-0.01,87,141773,卖盘
535,14:24:13,16.15,0.01,23,37145,买盘
536,14:24:10,16.14,-0.01,11,17754,卖盘
537,14:24:04,16.15,0.01,105,169574,买盘
538,14:24:01,16.14,-0.01,69,111366,卖盘
539,14:23:58,16.15,0.01,2,3229,买盘
540,14:23:55,16.14,--,110,177540,卖盘
541,14:23:49,16.14,--,25,40350,卖盘
542,14:23:46,16.14,-0.01,12,20723,卖盘
543,14:23:43,16.15,0.01,200,323000,买盘
544,14:23:40,16.14,-0.01,5,8070,卖盘
545,14:23:34,16.15,0.01,4,6459,买盘
546,14:23:28,16.14,-0.01,11,17754,卖盘
547,14:23:25,16.15,0.01,11,17765,买盘
548,14:23:22,16.14,-0.01,31,50034,卖盘
549,14:23:19,16.15,--,46,74290,买盘
550,14:23:16,16.15,0.01,1,1614,买盘
551,14:23:10,16.14,--,5,8070,卖盘
552,14:23:07,16.14,--,15,24210,买盘
553,14:23:04,16.14,-0.01,207,334098,卖盘
554,14:23:01,16.15,--,20,32299,买盘
555,14:22:52,16.15,0.01,2,3229,买盘
556,14:22:49,16.14,--,47,75858,卖盘
557,14:22:46,16.14,--,6,11039,卖盘
558,14:22:43,16.14,--,18,29052,卖盘
559,14:22:40,16.14,--,51,82314,卖盘
560,14:22:37,16.14,--,17,27438,卖盘
561,14:22:31,16.14,--,113,182382,卖盘
562,14:22:25,16.14,-0.01,12,19368,卖盘
563,14:22:22,16.15,--,8,12919,买盘
564,14:22:19,16.15,0.01,10,16149,买盘
565,14:22:16,16.14,--,36,58104,卖盘
566,14:22:13,16.14,-0.01,20,32280,卖盘
567,14:22:10,16.15,--,123,198644,买盘
568,14:22:07,16.15,--,21,33915,买盘
569,14:21:58,16.15,--,11,17765,买盘
570,14:21:52,16.15,0.01,16,25839,买盘
571,14:21:46,16.14,-0.01,37,61106,卖盘
572,14:21:37,16.15,--,62,100129,买盘
573,14:21:34,16.15,--,21,34173,卖盘
574,14:21:31,16.15,--,27,43604,卖盘
575,14:21:28,16.15,--,51,82365,卖盘
576,14:21:25,16.15,--,20,32299,卖盘
577,14:21:22,16.15,-0.01,22,35530,卖盘
578,14:21:19,16.16,0.01,22,35552,买盘
579,14:21:16,16.15,--,6,9690,卖盘
580,14:21:13,16.15,--,7,12661,买盘
581,14:21:10,16.15,-0.01,53,85594,卖盘
582,14:21:04,16.16,0.01,29,46864,买盘
583,14:21:01,16.15,0.01,78,125969,买盘
584,14:20:58,16.14,0.01,15,24210,卖盘
585,14:20:55,16.13,-0.02,200,322600,卖盘
586,14:20:49,16.15,0.01,1095,1769167,买盘
587,14:20:43,16.14,-0.01,48,77472,卖盘
588,14:20:40,16.15,--,4,6459,买盘
589,14:20:31,16.15,--,1,1614,买盘
590,14:20:22,16.15,-0.01,142,229975,卖盘
591,14:20:16,16.16,0.01,20,32320,买盘
592,14:20:13,16.15,--,43,69445,卖盘
593,14:19:58,16.15,--,41,66215,卖盘
594,14:19:55,16.15,--,3,4845,卖盘
595,14:19:49,16.15,--,9,15891,卖盘
596,14:19:46,16.15,--,2,3229,卖盘
597,14:19:43,16.15,--,11,18992,买盘
598,14:19:40,16.15,--,6,9690,买盘
599,14:19:37,16.15,--,47,75905,买盘
600,14:19:34,16.15,--,1,1614,买盘
601,14:19:31,16.15,--,64,103359,买盘
602,14:19:25,16.15,--,64,103359,买盘
603,14:19:22,16.15,0.01,152,245479,买盘
604,14:19:19,16.14,--,88,142032,卖盘
605,14:19:13,16.14,--,40,64560,卖盘
606,14:19:10,16.14,-0.01,35,56490,卖盘
607,14:19:07,16.15,0.01,77,124354,买盘
608,14:19:01,16.14,-0.01,50,80700,卖盘
609,14:18:58,16.15,--,31,50064,买盘
610,14:18:55,16.15,--,32,51679,买盘
611,14:18:52,16.15,--,25,40375,买盘
612,14:18:49,16.15,--,13,20994,买盘
613,14:18:46,16.15,0.01,15,25581,买盘
614,14:18:43,16.14,-0.01,76,122664,卖盘
615,14:18:40,16.15,--,41,66215,买盘
616,14:18:37,16.15,--,10,16149,买盘
617,14:18:34,16.15,--,2,3229,买盘
618,14:18:31,16.15,0.01,41,66215,买盘
619,14:18:28,16.14,--,5,8070,卖盘
620,14:18:25,16.14,--,66,106524,卖盘
621,14:18:22,16.14,-0.01,106,171084,卖盘
622,14:18:19,16.15,0.01,28,45219,买盘
623,14:18:13,16.14,-0.01,7,11298,卖盘
624,14:18:07,16.15,--,21,33915,买盘
625,14:18:04,16.15,--,41,66215,买盘
626,14:17:58,16.15,--,91,146965,买盘
627,14:17:55,16.15,0.01,34,54909,买盘
628,14:17:52,16.14,--,20,33183,卖盘
629,14:17:49,16.14,-0.01,15,24210,卖盘
630,14:17:46,16.15,0.01,124,201616,买盘
631,14:17:43,16.14,--,10,16140,买盘
632,14:17:40,16.14,--,3,4842,买盘
633,14:17:37,16.14,--,243,392202,卖盘
634,14:17:31,16.14,--,109,175926,买盘
635,14:17:28,16.14,--,101,163014,买盘
636,14:17:25,16.14,--,78,125892,卖盘
637,14:17:22,16.14,-0.01,285,459990,卖盘
638,14:17:19,16.15,0.01,45,72675,买盘
639,14:17:16,16.14,--,369,595566,卖盘
640,14:17:07,16.14,0.01,74,119436,卖盘
641,14:17:01,16.13,--,318,512933,卖盘
642,14:16:58,16.13,--,270,435510,卖盘
643,14:16:55,16.13,-0.01,11,17743,卖盘
644,14:16:52,16.14,--,26,41964,买盘
645,14:16:49,16.14,0.01,5,8070,买盘
646,14:16:46,16.13,--,36,59455,卖盘
647,14:16:43,16.13,-0.01,207,333891,卖盘
648,14:16:40,16.14,--,1027,1658998,买盘
649,14:16:37,16.14,--,195,314730,买盘
650,14:16:34,16.14,0.01,165,266310,买盘
651,14:16:31,16.13,--,31,50003,卖盘
652,14:16:28,16.13,-0.01,108,174204,卖盘
653,14:16:25,16.14,0.01,116,187901,买盘
654,14:16:22,16.13,-0.01,110,177430,卖盘
655,14:16:19,16.14,0.01,137,221118,买盘
656,14:16:16,16.13,--,288,464544,卖盘
657,14:16:13,16.13,--,4,6452,卖盘
658,14:16:10,16.13,--,267,430671,卖盘
659,14:15:58,16.13,--,184,296792,卖盘
660,14:15:55,16.13,--,16,25808,卖盘
661,14:15:52,16.13,-0.01,31,50003,卖盘
662,14:15:49,16.14,0.01,363,585882,买盘
663,14:15:43,16.13,--,60,98167,卖盘
664,14:15:40,16.13,--,284,458092,卖盘
665,14:15:37,16.13,--,484,780692,卖盘
666,14:15:31,16.13,--,192,309696,卖盘
667,14:15:31,16.13,--,394,635522,卖盘
668,14:15:25,16.13,--,30,48390,卖盘
669,14:15:22,16.13,--,105,169365,卖盘
670,14:15:19,16.13,-0.01,157,253240,卖盘
671,14:15:13,16.14,0.01,103,166242,买盘
672,14:15:10,16.13,--,99,159687,卖盘
673,14:15:07,16.13,--,82,132266,卖盘
674,14:15:04,16.13,-0.01,152,245175,卖盘
675,14:15:01,16.14,0.01,103,166242,买盘
676,14:14:58,16.13,-0.01,57,91941,卖盘
677,14:14:55,16.14,0.01,10,16140,买盘
678,14:14:52,16.13,-0.01,7,11291,卖盘
679,14:14:40,16.14,--,139,224378,卖盘
680,14:14:37,16.14,--,21,33894,卖盘
681,14:14:34,16.14,--,131,211434,卖盘
682,14:14:28,16.14,-0.01,342,551988,卖盘
683,14:14:25,16.15,0.01,83,134045,买盘
684,14:14:22,16.14,--,45,72630,卖盘
685,14:14:19,16.14,--,68,109752,卖盘
686,14:14:16,16.14,--,392,632688,卖盘
687,14:14:10,16.14,-0.01,4,6456,卖盘
688,14:14:07,16.15,0.01,11,17765,买盘
689,14:14:04,16.14,--,238,384132,卖盘
690,14:13:58,16.14,--,101,163014,卖盘
691,14:13:55,16.14,--,366,590724,卖盘
692,14:13:52,16.14,-0.01,214,345396,卖盘
693,14:13:49,16.15,0.01,60,96899,买盘
694,14:13:46,16.14,--,182,295136,卖盘
695,14:13:43,16.14,--,75,121050,卖盘
696,14:13:37,16.14,--,670,1081380,卖盘
697,14:13:31,16.14,--,251,405114,卖盘
698,14:13:28,16.14,--,113,182382,卖盘
699,14:13:25,16.14,--,21,33894,卖盘
700,14:13:22,16.14,--,1510,2437140,卖盘
701,14:13:16,16.14,-0.01,70,113141,卖盘
702,14:13:13,16.15,--,113,182494,买盘
703,14:13:10,16.15,0.01,120,193799,买盘
704,14:13:04,16.14,--,199,321186,卖盘
705,14:13:01,16.14,--,21,33894,卖盘
706,14:12:58,16.14,-0.01,47,75858,卖盘
707,14:12:55,16.15,0.01,568,917319,买盘
708,14:12:52,16.14,-0.01,56,90384,卖盘
709,14:12:49,16.15,--,14,22609,买盘
710,14:12:46,16.15,--,212,343768,买盘
711,14:12:43,16.15,0.01,214,345609,买盘
712,14:12:40,16.14,-0.01,11,17754,卖盘
713,14:12:37,16.15,0.01,23,37145,买盘
714,14:12:31,16.14,--,6,9684,卖盘
715,14:12:28,16.14,--,6,9684,卖盘
716,14:12:25,16.14,--,76,122664,卖盘
717,14:12:19,16.14,-0.01,10,16140,卖盘
718,14:12:16,16.15,--,86,138890,买盘
719,14:12:10,16.15,0.01,3,4845,买盘
720,14:12:07,16.14,--,22,35508,卖盘
721,14:12:01,16.14,-0.01,5,8070,卖盘
722,14:11:58,16.15,--,58,93766,卖盘
723,14:11:55,16.15,--,42,67830,卖盘
724,14:11:46,16.15,0.01,91,148483,买盘
725,14:11:43,16.14,--,16,27179,卖盘
726,14:11:40,16.14,--,17,27438,卖盘
727,14:11:37,16.14,-0.01,47,75858,卖盘
728,14:11:28,16.15,0.01,17,27454,买盘
729,14:11:25,16.14,-0.02,37,59814,卖盘
730,14:11:19,16.16,0.01,24,38784,买盘
731,14:11:16,16.15,-0.01,103,166344,卖盘
732,14:11:13,16.16,0.01,40,64640,买盘
733,14:11:10,16.15,-0.01,91,146965,卖盘
734,14:11:07,16.16,0.01,13,21008,买盘
735,14:11:04,16.15,--,320,516799,卖盘
736,14:11:01,16.15,-0.01,10,16149,卖盘
737,14:10:58,16.16,--,34,54944,买盘
738,14:10:52,16.16,0.01,35,56560,买盘
739,14:10:49,16.15,--,25,40375,卖盘
740,14:10:46,16.15,--,45,72675,卖盘
741,14:10:43,16.15,--,26,43346,卖盘
742,14:10:37,16.15,-0.01,15,24224,卖盘
743,14:10:31,16.16,--,8,12928,买盘
744,14:10:28,16.16,0.01,14,22624,买盘
745,14:10:22,16.15,-0.01,81,130814,卖盘
746,14:10:19,16.16,0.01,40,65157,买盘
747,14:10:16,16.15,--,60,96899,卖盘
748,14:10:07,16.15,--,33,53294,卖盘
749,14:10:04,16.15,--,13,20994,卖盘
750,14:09:55,16.15,--,10,16149,卖盘
751,14:09:52,16.15,-0.01,9,14534,卖盘
752,14:09:49,16.16,--,67,108272,买盘
753,14:09:46,16.16,0.01,63,101808,买盘
754,14:09:43,16.15,--,124,201616,卖盘
755,14:09:40,16.15,-0.01,1,1614,卖盘
756,14:09:37,16.16,0.01,5,8080,买盘
757,14:09:31,16.15,--,2,3229,卖盘
758,14:09:28,16.15,--,20,32299,卖盘
759,14:09:25,16.15,-0.01,292,471579,卖盘
760,14:09:22,16.16,0.01,3,4848,买盘
761,14:09:16,16.15,-0.01,47,75905,卖盘
762,14:09:13,16.16,0.01,72,116352,买盘
763,14:09:10,16.15,-0.01,33,53294,卖盘
764,14:09:01,16.16,0.01,10,16160,买盘
765,14:08:58,16.15,-0.01,3,4845,卖盘
766,14:08:55,16.16,--,38,61408,买盘
767,14:08:52,16.16,--,20,32320,买盘
768,14:08:46,16.16,0.01,57,92112,买盘
769,14:08:43,16.15,-0.01,6,11046,卖盘
770,14:08:37,16.16,0.01,146,235936,买盘
771,14:08:34,16.15,-0.01,2,3229,卖盘
772,14:08:31,16.16,0.01,8,12928,买盘
773,14:08:28,16.15,-0.01,21,33915,卖盘
774,14:08:19,16.16,--,20,32320,买盘
775,14:08:16,16.16,0.01,35,56560,卖盘
776,14:08:10,16.15,-0.01,95,153425,卖盘
777,14:08:04,16.16,--,19,32061,买盘
778,14:07:55,16.16,0.01,20,32320,买盘
779,14:07:49,16.15,-0.01,33,53294,卖盘
780,14:07:46,16.16,--,6,9696,买盘
781,14:07:40,16.16,--,38,61408,卖盘
782,14:07:37,16.16,-0.01,10,16160,卖盘
783,14:07:34,16.17,0.01,42,67914,买盘
784,14:07:31,16.16,--,28,45248,买盘
785,14:07:28,16.16,--,22,35552,买盘
786,14:07:25,16.16,--,39,63024,卖盘
787,14:07:22,16.16,--,4,6464,卖盘
788,14:07:19,16.16,--,19,30704,买盘
789,14:07:16,16.16,--,44,71104,卖盘
790,14:07:07,16.16,--,6,9696,卖盘
791,14:07:04,16.16,-0.01,10,16160,卖盘
792,14:07:01,16.17,0.01,4,6468,买盘
793,14:06:55,16.16,--,50,80800,卖盘
794,14:06:49,16.16,-0.01,553,894843,卖盘
795,14:06:46,16.17,0.01,59,96761,买盘
796,14:06:34,16.16,--,28,45248,卖盘
797,14:06:31,16.16,--,4,6464,卖盘
798,14:06:25,16.16,--,17,27472,买盘
799,14:06:22,16.16,--,18,29088,买盘
800,14:06:16,16.16,--,20,32320,卖盘
801,14:06:13,16.16,-0.01,7,11312,卖盘
802,14:06:10,16.17,0.01,8,12936,买盘
803,14:06:07,16.16,--,8,12928,卖盘
804,14:06:04,16.16,0.01,28,45248,卖盘
805,14:05:55,16.15,-0.02,16,25839,卖盘
806,14:05:48,16.17,0.02,17,27489,买盘
807,14:05:45,16.15,--,77,125711,卖盘
808,14:05:42,16.15,-0.01,21,33915,卖盘
809,14:05:39,16.16,--,4,6464,买盘
810,14:05:36,16.16,0.01,54,87264,卖盘
811,14:05:30,16.15,-0.01,16,25839,卖盘
812,14:05:27,16.16,--,7,11312,买盘
813,14:05:18,16.16,--,23,37168,卖盘
814,14:05:15,16.16,--,165,266640,买盘
815,14:05:12,16.16,0.01,8,12928,买盘
816,14:05:09,16.15,-0.01,7,11304,卖盘
817,14:05:06,16.16,0.01,12,19392,买盘
818,14:05:03,16.15,--,27,43604,卖盘
819,14:05:00,16.15,-0.01,22,35530,卖盘
820,14:04:51,16.16,0.01,105,169680,买盘
821,14:04:45,16.15,--,47,75905,卖盘
822,14:04:42,16.15,-0.01,127,206461,卖盘
823,14:04:36,16.16,--,251,405616,买盘
824,14:04:30,16.16,0.01,49,80541,买盘
825,14:04:27,16.15,--,23,37145,买盘
826,14:04:18,16.15,--,104,167959,买盘
827,14:04:15,16.15,--,60,96899,买盘
828,14:04:12,16.15,--,159,257043,卖盘
829,14:04:06,16.15,--,19,30684,卖盘
830,14:04:03,16.15,--,47,75905,卖盘
831,14:04:00,16.15,--,15,24224,卖盘
832,14:03:57,16.15,--,120,193799,卖盘
833,14:03:54,16.15,--,43,70801,买盘
834,14:03:51,16.15,--,65,104974,买盘
835,14:03:48,16.15,--,52,83979,买盘
836,14:03:45,16.15,0.01,79,127584,买盘
837,14:03:42,16.14,--,126,204752,卖盘
838,14:03:39,16.14,--,11,17754,卖盘
839,14:03:36,16.14,--,13,20982,卖盘
840,14:03:33,16.14,-0.01,37,59718,卖盘
841,14:03:30,16.15,0.01,86,138890,买盘
842,14:03:27,16.14,--,15,24210,卖盘
843,14:03:24,16.14,-0.01,50,80700,卖盘
844,14:03:21,16.15,0.01,27,43604,买盘
845,14:03:18,16.14,--,251,405114,卖盘
846,14:03:15,16.14,--,296,477744,卖盘
847,14:03:06,16.14,-0.01,47,75858,卖盘
848,14:03:03,16.15,0.01,33,53294,买盘
849,14:03:00,16.14,-0.01,18,29052,卖盘
850,14:02:57,16.15,--,3,4845,买盘
851,14:02:54,16.15,--,26,41989,买盘
852,14:02:48,16.15,0.01,5,8074,买盘
853,14:02:45,16.14,-0.01,15,24210,卖盘
854,14:02:39,16.15,--,197,318155,卖盘
855,14:02:36,16.15,--,57,92054,卖盘
856,14:02:30,16.15,-0.01,162,261629,卖盘
857,14:02:27,16.16,0.01,102,164832,买盘
858,14:02:21,16.15,--,38,61369,卖盘
859,14:02:18,16.15,--,240,387599,卖盘
860,14:02:15,16.15,--,73,117894,卖盘
861,14:02:12,16.15,--,9,14534,卖盘
862,14:02:09,16.15,--,141,227714,卖盘
863,14:02:06,16.15,--,34,54909,卖盘
864,14:02:00,16.15,-0.01,75,121124,卖盘
865,14:01:54,16.16,--,40,64640,买盘
866,14:01:48,16.16,--,2,3232,买盘
867,14:01:45,16.16,-0.01,7,11570,卖盘
868,14:01:42,16.17,0.01,253,410459,买盘
869,14:01:39,16.16,--,29,46864,卖盘
870,14:01:36,16.16,--,12,19392,卖盘
871,14:01:33,16.16,--,33,53328,卖盘
872,14:01:30,16.16,--,9,14544,卖盘
873,14:01:27,16.16,--,3,4848,卖盘
874,14:01:21,16.16,--,2,3232,卖盘
875,14:01:18,16.16,--,20,32320,卖盘
876,14:01:15,16.16,-0.02,48,77568,卖盘
877,14:01:12,16.18,--,1,1618,买盘
878,14:01:09,16.18,0.02,101,163418,买盘
879,14:01:03,16.16,-0.01,16,25856,卖盘
880,14:01:00,16.17,-0.01,105,169785,卖盘
881,14:00:45,16.18,--,222,359454,卖盘
882,14:00:42,16.18,-0.01,277,449545,卖盘
883,14:00:39,16.19,0.01,32,51808,买盘
884,14:00:36,16.18,--,5,8090,卖盘
885,14:00:33,16.18,-0.01,305,494913,卖盘
886,14:00:30,16.19,--,5,8095,卖盘
887,14:00:27,16.19,--,80,129520,卖盘
888,14:00:24,16.19,--,17,27523,卖盘
889,14:00:21,16.19,--,80,129714,买盘
890,14:00:15,16.19,--,58,93902,买盘
891,14:00:12,16.19,0.02,480,777120,买盘
892,14:00:06,16.17,-0.01,5,8085,卖盘
893,14:00:03,16.18,-0.01,6,9708,卖盘
894,13:59:54,16.19,--,80,130944,卖盘
895,13:59:42,16.19,--,47,76093,卖盘
896,13:59:39,16.19,--,7,12692,卖盘
897,13:59:33,16.19,--,77,124663,卖盘
898,13:59:30,16.19,--,25,40475,卖盘
899,13:59:27,16.19,0.02,519,840714,买盘
900,13:59:21,16.17,--,5,8085,中性盘
901,13:59:18,16.17,--,10,16170,买盘
902,13:59:15,16.17,--,49,79233,买盘
903,13:59:12,16.17,0.01,90,145530,买盘
904,13:59:09,16.16,-0.01,29,46864,卖盘
905,13:59:06,16.17,--,34,54978,买盘
906,13:58:57,16.17,--,5,8085,卖盘
907,13:58:54,16.17,-0.01,67,108339,买盘
908,13:58:45,16.18,0.01,29,46922,买盘
909,13:58:42,16.17,--,49,79233,买盘
910,13:58:39,16.17,-0.01,47,75999,卖盘
911,13:58:33,16.18,--,47,76046,买盘
912,13:58:30,16.18,0.01,2,3236,买盘
913,13:58:27,16.17,-0.01,21,33957,卖盘
914,13:58:21,16.18,--,2,3236,买盘
915,13:58:18,16.18,--,5,8090,买盘
916,13:58:15,16.18,--,27,44850,卖盘
917,13:58:09,16.18,--,24,38832,卖盘
918,13:58:06,16.18,--,5,8090,卖盘
919,13:58:03,16.18,--,74,119732,卖盘
920,13:58:00,16.18,--,7,11326,卖盘
921,13:57:57,16.18,--,74,120185,买盘
922,13:57:48,16.18,0.02,2,3236,买盘
923,13:57:45,16.16,-0.01,47,75952,卖盘
924,13:57:42,16.17,-0.01,46,74382,卖盘
925,13:57:39,16.18,0.01,157,254026,买盘
926,13:57:33,16.17,-0.01,310,501270,卖盘
927,13:57:21,16.18,--,10,16180,买盘
928,13:57:15,16.18,--,247,399646,买盘
929,13:57:12,16.18,0.01,25,40450,买盘
930,13:57:09,16.17,--,6,9702,卖盘
931,13:57:06,16.17,--,29,46893,卖盘
932,13:57:03,16.17,--,37,59829,卖盘
933,13:56:57,16.17,-0.01,5,8085,卖盘
934,13:56:51,16.18,--,5,8090,买盘
935,13:56:48,16.18,0.01,4,6472,买盘
936,13:56:45,16.17,--,50,80850,卖盘
937,13:56:42,16.17,--,1,1617,卖盘
938,13:56:36,16.17,--,98,158466,卖盘
939,13:56:33,16.17,-0.01,27,43659,卖盘
940,13:56:27,16.18,0.01,5,8090,买盘
941,13:56:18,16.17,-0.01,48,77616,卖盘
942,13:56:12,16.18,--,52,84136,买盘
943,13:56:09,16.18,--,50,80900,买盘
944,13:56:06,16.18,0.01,37,59866,买盘
945,13:56:03,16.17,--,146,236082,卖盘
946,13:55:57,16.17,--,2,3234,卖盘
947,13:55:54,16.17,-0.01,8,12936,卖盘
948,13:55:51,16.18,--,40,64720,买盘
949,13:55:48,16.18,0.01,5,8090,买盘
950,13:55:45,16.17,--,47,75999,卖盘
951,13:55:42,16.17,-0.01,103,166551,卖盘
952,13:55:36,16.18,0.01,52,84136,买盘
953,13:55:33,16.17,--,28,45276,卖盘
954,13:55:30,16.17,--,41,66297,卖盘
955,13:55:15,16.17,--,47,75999,卖盘
956,13:55:09,16.17,--,49,79233,买盘
957,13:55:03,16.17,--,84,135828,买盘
958,13:54:51,16.17,--,20,32340,买盘
959,13:54:48,16.17,--,1,1617,买盘
960,13:54:45,16.17,-0.01,28,45276,卖盘
961,13:54:42,16.18,--,1,1618,买盘
962,13:54:33,16.18,0.01,39,63102,买盘
963,13:54:30,16.17,--,24,38808,中性盘
964,13:54:27,16.17,--,80,129360,买盘
965,13:54:21,16.17,--,5,8085,买盘
966,13:54:18,16.17,0.01,10,16170,买盘
967,13:54:15,16.16,-0.01,53,85648,卖盘
968,13:54:09,16.17,--,20,32340,买盘
969,13:54:06,16.17,--,37,59829,卖盘
970,13:54:03,16.17,--,15,24255,卖盘
971,13:53:57,16.17,0.01,11,17787,买盘
972,13:53:51,16.16,-0.01,97,156752,卖盘
973,13:53:45,16.17,--,62,100254,买盘
974,13:53:36,16.17,0.01,5,8085,买盘
975,13:53:33,16.16,-0.01,68,109888,卖盘
976,13:53:30,16.17,--,106,171660,买盘
977,13:53:27,16.17,--,9,14553,买盘
978,13:53:24,16.17,--,1,1617,买盘
979,13:53:18,16.17,--,2,3234,买盘
980,13:53:15,16.17,0.01,79,127743,买盘
981,13:53:12,16.16,--,54,87264,卖盘
982,13:53:09,16.16,-0.01,10,16160,卖盘
983,13:53:06,16.17,--,49,79233,买盘
984,13:53:00,16.17,--,4,6468,买盘
985,13:52:57,16.17,--,26,42042,买盘
986,13:52:54,16.17,0.01,2,3234,买盘
987,13:52:51,16.16,0.02,25,40400,买盘
988,13:52:48,16.14,-0.02,2025,3268350,卖盘
989,13:52:42,16.16,--,19,30704,卖盘
990,13:52:39,16.16,--,10,16160,卖盘
991,13:52:33,16.16,--,185,298960,买盘
992,13:52:30,16.16,0.01,26,42016,买盘
993,13:52:27,16.15,-0.01,86,138890,卖盘
994,13:52:24,16.16,--,29,46864,买盘
995,13:52:18,16.16,--,6,9696,买盘
996,13:52:15,16.16,--,68,109888,买盘
997,13:52:12,16.16,--,230,371680,买盘
998,13:52:09,16.16,--,11,17776,买盘
999,13:52:06,16.16,--,92,148672,买盘
1000,13:52:03,16.16,0.01,70,113120,买盘
1001,13:52:00,16.15,-0.01,23,37145,卖盘
1002,13:51:51,16.16,--,55,88880,买盘
1003,13:51:48,16.16,--,17,27472,买盘
1004,13:51:45,16.16,--,10,16160,买盘
1005,13:51:42,16.16,-0.01,36,58176,卖盘
1006,13:51:39,16.17,--,1,1617,买盘
1007,13:51:33,16.17,0.01,48,77616,买盘
1008,13:51:30,16.16,0.01,2,3232,卖盘
1009,13:51:27,16.15,-0.01,20,32299,卖盘
1010,13:51:24,16.16,--,12,19392,买盘
1011,13:51:21,16.16,--,75,121200,买盘
1012,13:51:18,16.16,0.01,15,24240,买盘
1013,13:51:15,16.15,--,69,111434,卖盘
1014,13:51:12,16.15,-0.01,6,9690,卖盘
1015,13:51:03,16.16,--,22,35552,卖盘
1016,13:51:00,16.16,0.01,10,16160,卖盘
1017,13:50:54,16.15,--,16,25839,卖盘
1018,13:50:45,16.15,-0.02,69,111434,卖盘
1019,13:50:36,16.17,0.01,35,56595,买盘
1020,13:50:33,16.16,--,5,8080,买盘
1021,13:50:27,16.16,--,5,8080,买盘
1022,13:50:18,16.16,--,31,50096,卖盘
1023,13:50:15,16.16,--,50,80800,卖盘
1024,13:50:12,16.16,--,10,16160,卖盘
1025,13:50:09,16.16,-0.01,10,16160,卖盘
1026,13:50:06,16.17,0.02,1,1617,买盘
1027,13:50:03,16.15,--,26,41989,卖盘
1028,13:50:00,16.15,--,20,32299,卖盘
1029,13:49:54,16.15,-0.02,20,32299,卖盘
1030,13:49:51,16.17,0.02,2,3234,买盘
1031,13:49:48,16.15,-0.01,186,300390,卖盘
1032,13:49:42,16.16,--,16,25856,买盘
1033,13:49:39,16.16,--,43,69488,买盘
1034,13:49:36,16.16,--,228,368448,买盘
1035,13:49:33,16.16,--,4,6464,买盘
1036,13:49:30,16.16,-0.01,30,48480,中性盘
1037,13:49:24,16.17,--,28,45276,买盘
1038,13:49:21,16.17,0.01,97,156849,买盘
1039,13:49:12,16.16,--,14,22624,卖盘
1040,13:49:06,16.16,--,145,234320,卖盘
1041,13:49:03,16.16,--,85,137360,买盘
1042,13:49:00,16.16,--,30,48480,买盘
1043,13:48:57,16.16,--,47,75952,买盘
1044,13:48:54,16.16,0.01,3,4848,买盘
1045,13:48:51,16.15,--,5,8074,卖盘
1046,13:48:48,16.15,-0.01,24,38760,卖盘
1047,13:48:45,16.16,--,171,276336,卖盘
1048,13:48:39,16.16,-0.01,10,16160,卖盘
1049,13:48:36,16.17,0.01,17,27489,买盘
1050,13:48:33,16.16,-0.01,32,51712,卖盘
1051,13:48:30,16.17,--,1,1617,买盘
1052,13:48:27,16.17,0.01,9,14553,买盘
1053,13:48:24,16.16,--,47,75952,卖盘
1054,13:48:21,16.16,--,1,1616,卖盘
1055,13:48:18,16.16,--,53,87005,卖盘
1056,13:48:09,16.16,--,6,9954,买盘
1057,13:48:06,16.16,--,69,112861,卖盘
1058,13:48:00,16.16,--,35,56560,卖盘
1059,13:47:48,16.16,--,86,139234,买盘
1060,13:47:42,16.16,--,18,29088,买盘
1061,13:47:39,16.16,--,14,22624,买盘
1062,13:47:36,16.16,--,23,37168,买盘
1063,13:47:33,16.16,--,89,143824,买盘
1064,13:47:30,16.16,--,11,17776,买盘
1065,13:47:27,16.16,-0.01,84,137101,卖盘
1066,13:47:24,16.17,--,6,9702,买盘
1067,13:47:21,16.17,--,69,111573,买盘
1068,13:47:18,16.17,-0.01,7,11319,中性盘
1069,13:47:15,16.18,0.02,69,111642,买盘
1070,13:47:09,16.16,-0.01,18,29088,卖盘
1071,13:47:06,16.17,--,28,45276,买盘
1072,13:47:03,16.17,0.01,33,53361,买盘
1073,13:47:00,16.16,-0.01,21,33936,卖盘
1074,13:46:51,16.17,0.01,25,40425,买盘
1075,13:46:48,16.16,--,5,8338,买盘
1076,13:46:45,16.16,0.01,85,137360,买盘
1077,13:46:42,16.15,-0.01,38,61369,卖盘
1078,13:46:36,16.16,-0.01,12,20749,卖盘
1079,13:46:30,16.17,0.01,4,6468,买盘
1080,13:46:24,16.16,-0.01,67,108272,卖盘
1081,13:46:18,16.17,0.01,32,52002,买盘
1082,13:46:15,16.16,--,60,96960,买盘
1083,13:46:11,16.16,--,5,8080,买盘
1084,13:46:08,16.16,--,20,32320,买盘
1085,13:46:05,16.16,--,46,74336,买盘
1086,13:46:02,16.16,--,47,75952,买盘
1087,13:45:56,16.16,--,13,21008,买盘
1088,13:45:53,16.16,--,84,135744,买盘
1089,13:45:50,16.16,--,38,61408,买盘
1090,13:45:44,16.16,--,8,12928,卖盘
1091,13:45:38,16.16,--,6,9696,卖盘
1092,13:45:32,16.16,-0.01,180,290880,卖盘
1093,13:45:29,16.17,0.01,1,1617,买盘
1094,13:45:26,16.16,-0.01,50,80800,卖盘
1095,13:45:23,16.17,0.01,28,45276,买盘
1096,13:45:20,16.16,--,22,35552,卖盘
1097,13:45:17,16.16,--,19,30704,卖盘
1098,13:45:14,16.16,-0.01,57,92112,卖盘
1099,13:45:11,16.17,0.02,134,216678,买盘
1100,13:45:05,16.15,-0.02,32,51679,卖盘
1101,13:45:02,16.17,--,14,22638,买盘
1102,13:44:59,16.17,--,5,8085,买盘
1103,13:44:56,16.17,0.01,250,404250,买盘
1104,13:44:53,16.16,--,5,8080,买盘
1105,13:44:50,16.16,--,6,9696,卖盘
1106,13:44:47,16.16,--,35,56560,买盘
1107,13:44:44,16.16,--,30,48480,卖盘
1108,13:44:38,16.16,--,31,50096,卖盘
1109,13:44:35,16.16,-0.01,26,42016,卖盘
1110,13:44:29,16.17,0.02,7,11319,买盘
1111,13:44:26,16.15,--,74,119509,卖盘
1112,13:44:23,16.15,--,32,51679,卖盘
1113,13:44:20,16.15,--,38,61369,卖盘
1114,13:44:17,16.15,--,12,19380,卖盘
1115,13:44:14,16.15,-0.01,76,122739,卖盘
1116,13:44:11,16.16,0.01,32,51712,买盘
1117,13:44:05,16.15,--,7,11304,卖盘
1118,13:44:02,16.15,--,103,166344,卖盘
1119,13:43:59,16.15,-0.01,20,32299,卖盘
1120,13:43:56,16.16,--,1,1616,买盘
1121,13:43:53,16.16,--,83,134128,买盘
1122,13:43:50,16.16,--,37,59792,买盘
1123,13:43:47,16.16,0.01,10,16160,买盘
1124,13:43:41,16.15,--,184,297160,卖盘
1125,13:43:35,16.15,--,46,74290,卖盘
1126,13:43:32,16.15,-0.01,58,93669,卖盘
1127,13:43:29,16.16,0.01,137,221392,买盘
1128,13:43:26,16.15,--,14,22609,卖盘
1129,13:43:20,16.15,--,337,544255,卖盘
1130,13:43:17,16.15,--,5,8074,卖盘
1131,13:43:14,16.15,-0.02,57,92054,卖盘
1132,13:43:11,16.17,0.02,5,8085,买盘
1133,13:43:08,16.15,-0.02,38,61369,卖盘
1134,13:43:05,16.17,--,2996,4844532,买盘
1135,13:42:59,16.17,0.01,2,3234,买盘
1136,13:42:56,16.16,-0.01,10,16160,卖盘
1137,13:42:53,16.17,--,8,12936,买盘
1138,13:42:47,16.17,0.01,2,3234,买盘
1139,13:42:44,16.16,-0.01,1068,1725888,卖盘
1140,13:42:41,16.17,--,10,16170,买盘
1141,13:42:35,16.17,--,29,46893,买盘
1142,13:42:32,16.17,--,36,58212,卖盘
1143,13:42:29,16.17,--,318,514206,卖盘
1144,13:42:26,16.17,-0.01,69,111573,卖盘
1145,13:42:23,16.18,0.01,40,64720,买盘
1146,13:42:20,16.17,--,65,105105,卖盘
1147,13:42:17,16.17,--,161,260337,卖盘
1148,13:42:14,16.17,--,50,80850,卖盘
1149,13:42:11,16.17,-0.01,119,193668,卖盘
1150,13:42:05,16.18,0.01,81,131058,买盘
1151,13:42:02,16.17,--,26,42042,卖盘
1152,13:41:59,16.17,--,169,273273,卖盘
1153,13:41:53,16.17,--,23,37191,卖盘
1154,13:41:50,16.17,--,71,114807,卖盘
1155,13:41:47,16.17,-0.01,9,14553,卖盘
1156,13:41:44,16.18,--,26,42068,买盘
1157,13:41:41,16.18,-0.01,1613,2609834,卖盘
1158,13:41:38,16.19,--,57,92283,卖盘
1159,13:41:35,16.19,--,48,77712,卖盘
1160,13:41:32,16.19,--,15,24285,卖盘
1161,13:41:29,16.19,--,5,8095,卖盘
1162,13:41:23,16.19,0.01,5,8095,中性盘
1163,13:41:20,16.18,-0.01,13,21034,卖盘
1164,13:41:17,16.19,--,70,113330,中性盘
1165,13:41:14,16.19,--,2,3238,买盘
1166,13:41:08,16.19,--,170,275230,卖盘
1167,13:41:05,16.19,-0.01,32,51808,卖盘
1168,13:40:59,16.2,--,25,40500,买盘
1169,13:40:56,16.2,-0.01,24,39997,卖盘
1170,13:40:53,16.21,0.01,27,43767,买盘
1171,13:40:50,16.2,--,68,110160,卖盘
1172,13:40:47,16.2,--,152,246240,卖盘
1173,13:40:44,16.2,--,144,233280,卖盘
1174,13:40:41,16.2,--,89,144180,卖盘
1175,13:40:38,16.2,--,21,34020,卖盘
1176,13:40:35,16.2,--,143,231660,卖盘
1177,13:40:32,16.2,-0.01,27,43740,卖盘
1178,13:40:29,16.21,--,40,64840,买盘
1179,13:40:20,16.21,0.01,21,34041,买盘
1180,13:40:14,16.2,--,46,74520,卖盘
1181,13:40:11,16.2,-0.01,5,8100,卖盘
1182,13:40:08,16.21,0.01,50,81050,买盘
1183,13:40:05,16.2,--,48,77760,卖盘
1184,13:40:02,16.2,--,5,8100,卖盘
1185,13:39:59,16.2,--,65,105300,卖盘
1186,13:39:47,16.2,--,14,22680,卖盘
1187,13:39:44,16.2,--,161,260820,卖盘
1188,13:39:41,16.2,--,139,225180,卖盘
1189,13:39:38,16.2,--,10,16200,卖盘
1190,13:39:32,16.2,-0.01,26,42120,卖盘
1191,13:39:29,16.21,--,1,1621,买盘
1192,13:39:26,16.21,0.01,5,8105,买盘
1193,13:39:20,16.2,--,15,24300,卖盘
1194,13:39:14,16.2,--,54,87480,卖盘
1195,13:39:08,16.2,--,44,71280,卖盘
1196,13:39:05,16.2,-0.01,34,55080,卖盘
1197,13:39:02,16.21,0.01,5,8105,买盘
1198,13:38:50,16.2,--,66,106920,卖盘
1199,13:38:35,16.2,--,10,16200,卖盘
1200,13:38:32,16.2,-0.01,33,53460,卖盘
1201,13:38:26,16.21,--,11,17831,买盘
1202,13:38:20,16.21,0.01,2,3242,买盘
1203,13:38:17,16.2,--,10,16200,卖盘
1204,13:38:14,16.2,-0.01,48,77760,卖盘
1205,13:38:11,16.21,0.01,3,4863,买盘
1206,13:38:08,16.2,--,26,42120,卖盘
1207,13:38:02,16.2,-0.01,20,32400,卖盘
1208,13:37:56,16.21,0.01,11,17831,买盘
1209,13:37:50,16.2,-0.01,6,9720,卖盘
1210,13:37:47,16.21,0.01,75,121575,买盘
1211,13:37:44,16.2,-0.01,70,113400,卖盘
1212,13:37:38,16.21,--,10,16210,买盘
1213,13:37:35,16.21,0.01,29,47009,买盘
1214,13:37:29,16.2,--,7,11340,卖盘
1215,13:37:26,16.2,--,131,212220,卖盘
1216,13:37:20,16.2,-0.01,20,32400,卖盘
1217,13:37:17,16.21,--,10,16210,买盘
1218,13:37:14,16.21,0.01,111,179931,买盘
1219,13:37:08,16.2,--,55,89100,卖盘
1220,13:37:02,16.2,-0.01,59,95580,卖盘
1221,13:36:53,16.21,0.01,12,19452,买盘
1222,13:36:47,16.2,-0.01,63,102060,卖盘
1223,13:36:38,16.21,--,10,16210,买盘
1224,13:36:32,16.21,--,257,416597,卖盘
1225,13:36:29,16.21,-0.01,50,81050,卖盘
1226,13:36:26,16.22,0.01,1,1622,买盘
1227,13:36:17,16.21,--,12,20894,买盘
1228,13:36:14,16.21,--,32,52050,卖盘
1229,13:36:11,16.21,--,4,7926,卖盘
1230,13:36:08,16.21,0.01,10,16210,卖盘
1231,13:36:05,16.2,-0.02,28,45360,卖盘
1232,13:35:59,16.22,0.02,60,97320,买盘
1233,13:35:56,16.2,--,128,207360,卖盘
1234,13:35:50,16.2,--,11,17820,卖盘
1235,13:35:44,16.2,-0.01,48,77760,卖盘
1236,13:35:38,16.21,--,5,8105,买盘
1237,13:35:35,16.21,--,23,38628,卖盘
1238,13:35:29,16.21,--,10,16210,卖盘
1239,13:35:26,16.21,--,12,19452,卖盘
1240,13:35:20,16.21,--,14,22694,卖盘
1241,13:35:17,16.21,--,86,139681,买盘
1242,13:35:14,16.21,--,9,14589,买盘
1243,13:35:11,16.21,0.01,5,8105,买盘
1244,13:35:02,16.2,-0.01,26,42120,卖盘
1245,13:34:59,16.21,-0.01,62,101847,卖盘
1246,13:34:50,16.22,0.01,36,58391,买盘
1247,13:34:44,16.21,--,47,76187,卖盘
1248,13:34:41,16.21,-0.01,100,162100,卖盘
1249,13:34:35,16.22,0.01,40,64879,买盘
1250,13:34:32,16.21,--,23,37283,卖盘
1251,13:34:29,16.21,--,23,37283,卖盘
1252,13:34:17,16.21,--,126,204246,卖盘
1253,13:34:11,16.21,--,6,9726,卖盘
1254,13:34:05,16.21,--,26,42146,卖盘
1255,13:34:02,16.21,-0.01,5,8105,卖盘
1256,13:33:47,16.22,0.01,5,8109,买盘
1257,13:33:44,16.21,-0.01,58,94018,卖盘
1258,13:33:41,16.22,0.01,13,21086,买盘
1259,13:33:38,16.21,-0.01,6,9726,卖盘
1260,13:33:32,16.22,--,315,510929,卖盘
1261,13:33:29,16.22,--,6,9732,卖盘
1262,13:33:23,16.22,-0.01,26,42172,卖盘
1263,13:33:17,16.23,0.01,54,87642,买盘
1264,13:33:14,16.22,--,6,9732,卖盘
1265,13:33:11,16.22,--,6,9732,卖盘
1266,13:33:08,16.22,--,5,8109,卖盘
1267,13:33:05,16.22,--,27,43794,卖盘
1268,13:32:56,16.22,-0.01,5,8109,卖盘
1269,13:32:44,16.23,--,57,92511,买盘
1270,13:32:41,16.23,0.01,9,14607,买盘
1271,13:32:38,16.22,-0.01,5,8109,卖盘
1272,13:32:35,16.23,0.01,10,16230,买盘
1273,13:32:32,16.22,-0.01,27,43794,卖盘
1274,13:32:26,16.23,--,5,8115,买盘
1275,13:32:20,16.23,--,6,9738,买盘
1276,13:32:14,16.23,--,11,17853,卖盘
1277,13:32:08,16.23,-0.01,28,45444,卖盘
1278,13:32:05,16.24,0.01,130,211119,买盘
1279,13:31:59,16.23,-0.01,10,16230,卖盘
1280,13:31:56,16.24,0.01,21,34104,买盘
1281,13:31:50,16.23,--,45,73035,卖盘
1282,13:31:44,16.23,--,1,1623,卖盘
1283,13:31:38,16.23,--,40,64920,卖盘
1284,13:31:35,16.23,0.01,52,84396,买盘
1285,13:31:32,16.22,-0.01,28,45416,卖盘
1286,13:31:29,16.23,--,16,25968,买盘
1287,13:31:26,16.23,--,1,1623,买盘
1288,13:31:23,16.23,-0.01,425,689775,卖盘
1289,13:31:20,16.24,0.01,1,1623,买盘
1290,13:31:17,16.23,--,5,8115,卖盘
1291,13:31:14,16.23,--,70,113610,卖盘
1292,13:31:11,16.23,-0.01,2,3246,卖盘
1293,13:31:05,16.24,--,56,90943,买盘
1294,13:30:59,16.24,--,22,35728,买盘
1295,13:30:56,16.24,--,18,29231,买盘
1296,13:30:53,16.24,--,13,21111,买盘
1297,13:30:47,16.24,--,31,50343,卖盘
1298,13:30:38,16.24,--,26,42223,卖盘
1299,13:30:29,16.24,-0.01,20,32479,卖盘
1300,13:30:23,16.25,--,1,1625,买盘
1301,13:30:20,16.25,0.01,1,1625,买盘
1302,13:30:17,16.24,0.01,5,8119,卖盘
1303,13:30:14,16.23,-0.01,46,74658,卖盘
1304,13:30:08,16.24,--,2,3247,买盘
1305,13:30:05,16.24,0.01,36,58463,买盘
1306,13:30:02,16.23,-0.01,81,131463,卖盘
1307,13:29:56,16.24,--,6,9743,买盘
1308,13:29:53,16.24,--,3,4871,买盘
1309,13:29:47,16.24,--,30,48719,买盘
1310,13:29:44,16.24,-0.01,19,30855,卖盘
1311,13:29:38,16.25,0.01,1,1625,买盘
1312,13:29:38,16.24,-0.01,92,149408,卖盘
1313,13:29:32,16.25,--,2,3250,买盘
1314,13:29:29,16.25,0.01,9,14625,买盘
1315,13:29:26,16.24,--,2,3247,卖盘
1316,13:29:20,16.24,--,1,1623,卖盘
1317,13:29:17,16.24,--,10,16239,卖盘
1318,13:29:14,16.24,--,267,433607,买盘
1319,13:29:11,16.24,--,2,3247,买盘
1320,13:29:08,16.24,0.01,6,9743,买盘
1321,13:29:05,16.23,--,20,32460,卖盘
1322,13:29:02,16.23,--,28,45444,卖盘
1323,13:28:59,16.23,-0.01,64,103872,卖盘
1324,13:28:56,16.24,0.01,1,1623,买盘
1325,13:28:53,16.23,-0.01,2,3246,卖盘
1326,13:28:50,16.24,0.01,6,9743,买盘
1327,13:28:47,16.23,--,1,1623,卖盘
1328,13:28:44,16.23,-0.01,46,74658,卖盘
1329,13:28:38,16.24,--,22,35728,买盘
1330,13:28:35,16.24,--,38,61711,买盘
1331,13:28:32,16.24,--,8,12991,买盘
1332,13:28:29,16.24,--,10,16239,买盘
1333,13:28:23,16.24,0.01,7,11367,买盘
1334,13:28:20,16.23,--,1,1623,买盘
1335,13:28:17,16.23,-0.02,48,77904,卖盘
1336,13:28:14,16.25,0.01,20,32500,买盘
1337,13:28:08,16.24,--,36,58463,买盘
1338,13:28:05,16.24,--,28,45471,买盘
1339,13:28:02,16.24,--,22,35728,卖盘
1340,13:27:56,16.24,-0.01,1,1623,卖盘
1341,13:27:53,16.25,0.01,2,3250,买盘
1342,13:27:47,16.24,0.01,11,17864,中性盘
1343,13:27:44,16.23,-0.01,49,79527,卖盘
1344,13:27:41,16.24,0.01,40,64959,买盘
1345,13:27:38,16.23,--,18,29214,卖盘
1346,13:27:35,16.23,-0.02,28,45444,卖盘
1347,13:27:32,16.25,0.02,12,19500,买盘
1348,13:27:23,16.23,-0.01,61,99003,卖盘
1349,13:27:17,16.24,--,45,73080,卖盘
1350,13:27:14,16.24,--,50,81199,卖盘
1351,13:27:08,16.24,--,11,17864,卖盘
1352,13:27:05,16.24,--,63,102311,卖盘
1353,13:26:59,16.24,--,17,27607,买盘
1354,13:26:56,16.24,--,118,191631,买盘
1355,13:26:53,16.24,--,3,4871,买盘
1356,13:26:50,16.24,--,21,34104,买盘
1357,13:26:47,16.24,--,3,4871,买盘
1358,13:26:44,16.24,--,85,138040,买盘
1359,13:26:41,16.24,--,42,68208,买盘
1360,13:26:38,16.24,0.01,35,56839,买盘
1361,13:26:35,16.23,-0.01,27,43821,卖盘
1362,13:26:29,16.24,0.01,6,9743,买盘
1363,13:26:23,16.23,-0.01,8,12984,中性盘
1364,13:26:20,16.24,0.03,3,4871,买盘
1365,13:26:17,16.21,-0.03,78,126438,卖盘
1366,13:26:14,16.24,0.02,50,81199,买盘
1367,13:26:11,16.22,--,30,48660,卖盘
1368,13:26:08,16.22,-0.02,67,108673,卖盘
1369,13:26:02,16.24,0.01,197,320496,买盘
1370,13:25:59,16.23,0.01,38,63004,买盘
1371,13:25:56,16.22,--,15,24330,买盘
1372,13:25:50,16.22,-0.01,65,105429,卖盘
1373,13:25:47,16.23,0.02,21,34083,买盘
1374,13:25:44,16.21,-0.01,161,260981,卖盘
1375,13:25:41,16.22,--,199,322778,买盘
1376,13:25:38,16.22,0.01,33,53525,买盘
1377,13:25:35,16.21,-0.01,26,42146,卖盘
1378,13:25:28,16.22,--,16,25952,买盘
1379,13:25:22,16.22,--,1,1622,买盘
1380,13:25:19,16.22,0.01,4,6488,买盘
1381,13:25:13,16.21,-0.01,54,87534,卖盘
1382,13:25:10,16.22,--,25,40550,买盘
1383,13:25:07,16.22,0.01,37,60013,买盘
1384,13:25:04,16.21,--,32,51872,卖盘
1385,13:25:01,16.21,-0.01,8,12968,卖盘
1386,13:24:55,16.22,0.01,3,4866,买盘
1387,13:24:52,16.21,--,6,9726,卖盘
1388,13:24:46,16.21,-0.01,45,72945,卖盘
1389,13:24:43,16.22,0.01,7,11354,买盘
1390,13:24:37,16.21,-0.01,100,162100,卖盘
1391,13:24:34,16.22,0.01,1,1622,买盘
1392,13:24:31,16.21,-0.01,36,58356,卖盘
1393,13:24:19,16.22,--,11,17842,买盘
1394,13:24:16,16.22,0.01,8,12976,买盘
1395,13:24:13,16.21,-0.01,56,90776,卖盘
1396,13:24:01,16.22,0.01,15,24330,中性盘
1397,13:23:58,16.21,-0.01,92,149132,卖盘
1398,13:23:55,16.22,--,2,3244,卖盘
1399,13:23:52,16.22,--,52,84344,买盘
1400,13:23:49,16.22,--,1,1622,买盘
1401,13:23:46,16.22,--,63,102186,买盘
1402,13:23:43,16.22,0.01,1,1622,买盘
1403,13:23:40,16.21,-0.01,10,16210,卖盘
1404,13:23:37,16.22,0.01,6,9732,买盘
1405,13:23:34,16.21,--,28,45388,卖盘
1406,13:23:28,16.21,-0.01,9,14589,卖盘
1407,13:23:25,16.22,0.01,13,21086,买盘
1408,13:23:22,16.21,--,7,11347,卖盘
1409,13:23:19,16.21,-0.01,16,25936,卖盘
1410,13:23:16,16.22,0.01,5,8109,中性盘
1411,13:23:10,16.21,-0.01,90,145890,卖盘
1412,13:23:07,16.22,0.01,133,215725,买盘
1413,13:23:04,16.21,-0.01,28,45388,卖盘
1414,13:22:58,16.22,--,8,12976,买盘
1415,13:22:55,16.22,--,19,30817,买盘
1416,13:22:52,16.22,0.01,26,42172,买盘
1417,13:22:49,16.21,-0.01,433,701893,卖盘
1418,13:22:46,16.22,-0.01,70,113539,卖盘
1419,13:22:43,16.23,--,43,69789,买盘
1420,13:22:40,16.23,--,176,285648,买盘
1421,13:22:37,16.23,0.01,11,17853,买盘
1422,13:22:34,16.22,-0.01,29,47038,卖盘
1423,13:22:31,16.23,0.01,19,30837,买盘
1424,13:22:16,16.22,0.01,2,3244,买盘
1425,13:22:13,16.21,-0.01,49,79429,卖盘
1426,13:22:07,16.22,--,20,32439,买盘
1427,13:22:04,16.22,0.01,5,8109,买盘
1428,13:22:01,16.21,-0.01,43,69703,卖盘
1429,13:21:55,16.22,0.01,86,139492,买盘
1430,13:21:52,16.21,-0.01,21,34041,卖盘
1431,13:21:49,16.22,0.01,6,9732,买盘
1432,13:21:46,16.21,--,5,8105,卖盘
1433,13:21:43,16.21,--,46,74566,卖盘
1434,13:21:40,16.21,-0.01,61,98881,卖盘
1435,13:21:34,16.22,--,10,16219,买盘
1436,13:21:25,16.22,--,1,1622,卖盘
1437,13:21:22,16.22,0.01,33,53525,买盘
1438,13:21:19,16.21,-0.01,17,27557,卖盘
1439,13:21:16,16.22,-0.01,18,29195,卖盘
1440,13:21:13,16.23,0.02,7,11361,买盘
1441,13:21:01,16.21,-0.01,27,43767,卖盘
1442,13:20:58,16.22,0.01,6,9732,买盘
1443,13:20:55,16.21,-0.01,22,35662,卖盘
1444,13:20:52,16.22,--,9,14597,买盘
1445,13:20:49,16.22,0.01,8,12976,买盘
1446,13:20:43,16.21,-0.02,64,103744,卖盘
1447,13:20:40,16.23,--,24,38952,买盘
1448,13:20:37,16.23,--,20,32460,买盘
1449,13:20:34,16.23,--,58,94134,买盘
1450,13:20:31,16.23,--,265,430095,买盘
1451,13:20:28,16.23,0.01,1,1623,买盘
1452,13:20:25,16.22,-0.01,25,40550,卖盘
1453,13:20:19,16.23,0.01,88,142824,买盘
1454,13:20:16,16.22,0.01,21,34062,中性盘
1455,13:20:13,16.21,-0.02,17,27557,卖盘
1456,13:20:10,16.23,--,155,251565,买盘
1457,13:20:07,16.23,0.01,32,51936,买盘
1458,13:20:04,16.22,--,37,60013,卖盘
1459,13:19:58,16.22,--,18,29195,卖盘
1460,13:19:52,16.22,--,90,146953,买盘
1461,13:19:43,16.22,--,300,486599,买盘
1462,13:19:40,16.22,0.01,1,1622,买盘
1463,13:19:37,16.21,--,95,153995,卖盘
1464,13:19:34,16.21,-0.01,26,42146,卖盘
1465,13:19:28,16.22,0.01,8,12976,买盘
1466,13:19:22,16.21,--,11,17831,卖盘
1467,13:19:19,16.21,--,59,95639,买盘
1468,13:19:16,16.21,-0.01,17,27557,卖盘
1469,13:19:13,16.22,0.01,21,34062,买盘
1470,13:19:10,16.21,--,20,32420,卖盘
1471,13:19:04,16.21,-0.01,26,42146,卖盘
1472,13:19:01,16.22,0.01,93,150846,买盘
1473,13:18:58,16.21,--,11,17831,买盘
1474,13:18:55,16.21,--,20,32420,买盘
1475,13:18:49,16.21,--,50,81050,买盘
1476,13:18:46,16.21,--,102,165342,买盘
1477,13:18:40,16.21,--,13,21073,买盘
1478,13:18:37,16.21,0.01,17,27557,买盘
1479,13:18:34,16.2,-0.01,26,42120,卖盘
1480,13:18:31,16.21,--,23,37283,买盘
1481,13:18:28,16.21,--,9,14589,买盘
1482,13:18:22,16.21,--,15,24315,买盘
1483,13:18:16,16.21,--,1,1621,买盘
1484,13:18:13,16.21,--,19,30799,买盘
1485,13:18:10,16.21,--,225,364725,卖盘
1486,13:18:04,16.21,--,47,76187,卖盘
1487,13:17:58,16.21,--,51,82671,卖盘
1488,13:17:55,16.21,-0.01,20,32420,卖盘
1489,13:17:49,16.22,--,192,311424,买盘
1490,13:17:46,16.22,0.01,63,102186,买盘
1491,13:17:43,16.21,--,10,16210,卖盘
1492,13:17:37,16.21,--,2,3242,卖盘
1493,13:17:34,16.21,--,10,16210,卖盘
1494,13:17:31,16.21,--,31,50251,卖盘
1495,13:17:25,16.21,--,2,3242,卖盘
1496,13:17:16,16.21,0.01,405,656505,买盘
1497,13:17:13,16.2,-0.01,65,105300,卖盘
1498,13:17:10,16.21,0.01,3,4863,买盘
1499,13:17:04,16.2,-0.01,26,42120,卖盘
1500,13:17:01,16.21,--,3,4863,买盘
1501,13:16:58,16.21,--,10,16210,买盘
1502,13:16:55,16.21,--,6,9726,买盘
1503,13:16:52,16.21,--,10,16210,买盘
1504,13:16:46,16.21,--,19,30799,卖盘
1505,13:16:43,16.21,--,2,3242,卖盘
1506,13:16:37,16.21,0.01,6,9726,买盘
1507,13:16:34,16.2,--,28,45360,卖盘
1508,13:16:28,16.2,-0.01,8,12960,卖盘
1509,13:16:25,16.21,--,5,8105,买盘
1510,13:16:22,16.21,--,38,61598,买盘
1511,13:16:16,16.21,0.01,2,3242,买盘
1512,13:16:13,16.2,-0.01,49,79380,卖盘
1513,13:16:07,16.21,--,9,14589,买盘
1514,13:16:01,16.21,--,30,48630,买盘
1515,13:15:58,16.21,--,20,34008,卖盘
1516,13:15:52,16.21,-0.01,3,4895,中性盘
1517,13:15:49,16.22,0.02,141,228701,买盘
1518,13:15:43,16.2,--,60,97200,卖盘
1519,13:15:37,16.2,--,30,48600,卖盘
1520,13:15:34,16.2,--,58,93960,卖盘
1521,13:15:25,16.2,-0.02,35,56700,卖盘
1522,13:15:19,16.22,0.02,13,21086,买盘
1523,13:15:13,16.2,-0.01,49,79380,卖盘
1524,13:15:10,16.21,--,1,1621,买盘
1525,13:15:04,16.21,--,44,71324,卖盘
1526,13:15:01,16.21,--,1,1621,卖盘
1527,13:14:55,16.21,-0.01,5,8105,卖盘
1528,13:14:52,16.22,0.01,6,9732,买盘
1529,13:14:49,16.21,--,4,6484,卖盘
1530,13:14:46,16.21,--,51,82671,买盘
1531,13:14:37,16.21,--,74,119954,买盘
1532,13:14:34,16.21,--,20,32420,买盘
1533,13:14:31,16.21,0.01,9,14589,卖盘
1534,13:14:28,16.2,--,19,30780,卖盘
1535,13:14:22,16.2,-0.01,28,45360,卖盘
1536,13:14:19,16.21,0.01,2,3242,买盘
1537,13:14:16,16.2,--,53,85860,卖盘
1538,13:14:04,16.2,-0.02,24,38880,卖盘
1539,13:14:01,16.22,0.02,47,76234,买盘
1540,13:13:55,16.2,-0.01,42,68040,卖盘
1541,13:13:49,16.21,--,161,260981,卖盘
1542,13:13:46,16.21,--,46,74566,卖盘
1543,13:13:40,16.21,--,3,4863,卖盘
1544,13:13:37,16.21,0.01,41,66461,买盘
1545,13:13:34,16.2,--,43,69660,卖盘
1546,13:13:28,16.2,-0.01,31,50220,卖盘
1547,13:13:22,16.21,--,5,8105,买盘
1548,13:13:19,16.21,0.01,20,32420,买盘
1549,13:13:16,16.2,-0.01,45,72900,卖盘
1550,13:13:13,16.21,0.01,21,34041,买盘
1551,13:13:04,16.2,--,28,45360,卖盘
1552,13:13:01,16.2,-0.01,7,11340,卖盘
1553,13:12:55,16.21,--,5,8105,买盘
1554,13:12:52,16.21,--,3,4863,买盘
1555,13:12:46,16.21,0.01,60,97260,买盘
1556,13:12:43,16.2,-0.01,52,84240,卖盘
1557,13:12:37,16.21,--,15,24315,买盘
1558,13:12:34,16.21,--,35,56735,买盘
1559,13:12:31,16.21,0.01,13,21073,买盘
1560,13:12:28,16.2,-0.01,3,4860,卖盘
1561,13:12:25,16.21,--,12,19452,买盘
1562,13:12:16,16.21,--,35,56735,卖盘
1563,13:12:07,16.21,--,21,34041,卖盘
1564,13:12:01,16.21,-0.01,27,43767,中性盘
1565,13:11:43,16.22,0.02,51,82722,买盘
1566,13:11:34,16.2,-0.03,27,43740,卖盘
1567,13:11:31,16.23,0.01,5,8115,买盘
1568,13:11:25,16.22,0.01,61,98942,买盘
1569,13:11:22,16.21,--,14,22694,买盘
1570,13:11:16,16.21,--,54,87534,买盘
1571,13:11:13,16.21,-0.01,7,11347,卖盘
1572,13:11:07,16.22,0.01,13,21086,买盘
1573,13:11:04,16.21,-0.01,31,50251,卖盘
1574,13:10:58,16.22,-0.01,24,38928,买盘
1575,13:10:52,16.23,--,5,8115,买盘
1576,13:10:49,16.23,0.02,125,202875,买盘
1577,13:10:46,16.21,-0.02,48,77808,卖盘
1578,13:10:37,16.23,0.02,21,34083,买盘
1579,13:10:31,16.21,-0.01,27,43767,卖盘
1580,13:10:22,16.22,0.01,45,72990,买盘
1581,13:10:16,16.21,--,9,14589,卖盘
1582,13:10:13,16.21,-0.01,49,79429,卖盘
1583,13:10:10,16.22,--,14,22708,买盘
1584,13:10:04,16.22,--,76,123271,买盘
1585,13:10:01,16.22,--,57,92454,买盘
1586,13:09:58,16.22,--,22,35684,中性盘
1587,13:09:52,16.22,0.01,3,4866,买盘
1588,13:09:49,16.21,--,43,69703,卖盘
1589,13:09:46,16.21,-0.01,70,113470,卖盘
1590,13:09:43,16.22,--,40,64879,买盘
1591,13:09:37,16.22,--,29,47038,买盘
1592,13:09:34,16.22,-0.01,22,35684,中性盘
1593,13:09:19,16.23,0.01,214,347322,买盘
1594,13:09:13,16.22,--,89,144358,卖盘
1595,13:09:10,16.22,0.01,203,329266,买盘
1596,13:09:04,16.21,-0.01,27,43767,卖盘
1597,13:09:01,16.22,--,5,8109,买盘
1598,13:08:58,16.22,0.01,22,35684,买盘
1599,13:08:55,16.21,-0.01,12,19452,卖盘
1600,13:08:52,16.22,--,50,81100,买盘
1601,13:08:49,16.22,--,52,84344,买盘
1602,13:08:46,16.22,--,58,94076,卖盘
1603,13:08:43,16.22,--,13,21086,买盘
1604,13:08:34,16.22,0.01,15,24330,卖盘
1605,13:08:28,16.21,-0.01,10,16210,卖盘
1606,13:08:25,16.22,--,182,295204,买盘
1607,13:08:19,16.22,0.01,6,9732,买盘
1608,13:08:16,16.21,--,68,110228,卖盘
1609,13:08:10,16.21,-0.01,2,3242,卖盘
1610,13:08:07,16.22,--,57,92454,买盘
1611,13:08:01,16.22,--,2,3244,买盘
1612,13:07:58,16.22,--,2,3244,买盘
1613,13:07:52,16.22,--,51,82722,买盘
1614,13:07:49,16.22,0.01,43,69746,买盘
1615,13:07:46,16.21,-0.01,132,213972,卖盘
1616,13:07:40,16.22,--,22,35684,买盘
1617,13:07:37,16.22,--,6,9732,买盘
1618,13:07:34,16.22,--,79,128137,买盘
1619,13:07:28,16.22,0.01,7,11354,买盘
1620,13:07:16,16.21,-0.01,49,79429,卖盘
1621,13:07:04,16.22,0.01,21,34062,买盘
1622,13:06:58,16.21,--,28,45388,卖盘
1623,13:06:55,16.21,0.01,93,151433,买盘
1624,13:06:52,16.2,0.01,30,48600,中性盘
1625,13:06:49,16.19,--,5,8095,卖盘
1626,13:06:46,16.19,-0.01,39,63141,卖盘
1627,13:06:43,16.2,--,47,76140,卖盘
1628,13:06:40,16.2,-0.01,53,85860,卖盘
1629,13:06:37,16.21,0.02,105,170205,买盘
1630,13:06:34,16.19,-0.01,72,116568,卖盘
1631,13:06:21,16.2,-0.01,24,38880,中性盘
1632,13:06:18,16.21,0.02,90,145890,买盘
1633,13:06:15,16.19,-0.02,69,111711,卖盘
1634,13:06:12,16.21,0.01,485,786185,买盘
1635,13:06:06,16.2,0.01,1,1620,买盘
1636,13:06:03,16.19,--,27,43713,卖盘
1637,13:05:57,16.19,--,16,25904,卖盘
1638,13:05:42,16.19,--,46,74474,卖盘
1639,13:05:30,16.19,-0.01,30,48570,卖盘
1640,13:05:24,16.2,0.01,4,6480,买盘
1641,13:05:18,16.19,--,8,12952,卖盘
1642,13:05:15,16.19,-0.01,60,97140,卖盘
1643,13:05:09,16.2,--,6,9720,买盘
1644,13:05:03,16.2,--,142,230040,买盘
1645,13:04:51,16.2,--,9,14580,卖盘
1646,13:04:42,16.2,--,49,79380,卖盘
1647,13:04:36,16.2,0.01,145,234900,买盘
1648,13:04:33,16.19,-0.01,24,38856,卖盘
1649,13:04:30,16.2,--,11,17820,买盘
1650,13:04:27,16.2,--,6,9720,买盘
1651,13:04:12,16.2,0.01,1,1620,买盘
1652,13:04:09,16.19,0.01,18,29142,卖盘
1653,13:04:03,16.18,-0.01,28,45304,卖盘
1654,13:04:00,16.19,--,41,66379,卖盘
1655,13:03:57,16.19,--,3,4857,买盘
1656,13:03:51,16.19,0.01,1,1619,买盘
1657,13:03:45,16.18,-0.01,48,77664,卖盘
1658,13:03:42,16.19,0.01,1,1619,买盘
1659,13:03:36,16.18,-0.01,20,32360,卖盘
1660,13:03:33,16.19,--,23,37237,卖盘
1661,13:03:27,16.19,-0.01,141,228279,卖盘
1662,13:03:21,16.2,-0.01,85,138639,卖盘
1663,13:03:18,16.21,0.01,3,4863,买盘
1664,13:03:12,16.2,-0.01,87,140940,卖盘
1665,13:03:03,16.21,--,29,47009,买盘
1666,13:03:00,16.21,0.01,5,8105,买盘
1667,13:02:57,16.2,--,16,25920,卖盘
1668,13:02:51,16.2,--,21,34020,卖盘
1669,13:02:48,16.2,--,5,8100,卖盘
1670,13:02:45,16.2,--,47,76140,卖盘
1671,13:02:39,16.2,--,79,127980,卖盘
1672,13:02:36,16.2,-0.01,34,55080,卖盘
1673,13:02:33,16.21,0.01,26,42146,买盘
1674,13:02:27,16.2,-0.01,22,35640,卖盘
1675,13:02:24,16.21,--,12,19452,买盘
1676,13:02:21,16.21,-0.01,3,4863,买盘
1677,13:02:18,16.22,--,40,64879,卖盘
1678,13:02:12,16.22,0.01,101,163822,买盘
1679,13:02:03,16.21,--,27,43767,卖盘
1680,13:02:00,16.21,--,5,8105,卖盘
1681,13:01:57,16.21,0.01,20,32420,中性盘
1682,13:01:48,16.2,--,59,95580,卖盘
1683,13:01:45,16.2,--,45,72900,卖盘
1684,13:01:36,16.2,--,75,121500,卖盘
1685,13:01:30,16.2,-0.01,42,68040,卖盘
1686,13:01:24,16.21,0.01,9,14589,中性盘
1687,13:01:18,16.2,-0.01,28,45360,卖盘
1688,13:01:15,16.21,0.01,21,34041,中性盘
1689,13:01:12,16.2,--,54,87480,卖盘
1690,13:01:09,16.2,-0.01,32,51840,卖盘
1691,13:01:03,16.21,--,31,50251,买盘
1692,13:00:54,16.21,0.01,3,4863,买盘
1693,13:00:48,16.2,-0.01,21,34020,卖盘
1694,13:00:45,16.21,--,27,44026,卖盘
1695,13:00:36,16.21,--,31,51612,买盘
1696,13:00:21,16.21,0.01,30,48630,买盘
1697,13:00:15,16.2,-0.01,193,312660,卖盘
1698,13:00:06,16.21,0.01,420,680820,买盘
1699,13:00:03,16.2,0.01,1488,2410560,买盘
1700,13:00:00,16.19,-0.01,42,67998,卖盘
1701,11:29:53,16.2,--,1,1620,买盘
1702,11:29:47,16.2,--,2,3240,买盘
1703,11:29:41,16.2,--,18,29160,买盘
1704,11:29:38,16.2,--,11,17820,买盘
1705,11:29:35,16.2,--,3,4860,买盘
1706,11:29:32,16.2,--,4,6480,买盘
1707,11:29:29,16.2,--,10,16540,卖盘
1708,11:29:26,16.2,-0.01,2,3240,卖盘
1709,11:29:23,16.21,0.01,20,32420,买盘
1710,11:29:17,16.2,--,5,8100,卖盘
1711,11:29:14,16.2,--,8,12960,卖盘
1712,11:29:11,16.2,--,10,16200,卖盘
1713,11:29:08,16.2,0.01,51,83899,买盘
1714,11:29:05,16.19,--,29,46951,买盘
1715,11:28:59,16.19,0.01,6,9714,买盘
1716,11:28:53,16.18,-0.01,35,56630,卖盘
1717,11:28:50,16.19,--,7,11333,买盘
1718,11:28:38,16.19,0.01,5,8095,买盘
1719,11:28:35,16.18,-0.01,56,90608,卖盘
1720,11:28:32,16.19,--,35,56665,买盘
1721,11:28:26,16.19,--,56,90664,卖盘
1722,11:28:23,16.19,-0.01,13,21047,卖盘
1723,11:28:20,16.2,--,102,165240,买盘
1724,11:28:08,16.2,0.01,14,22680,买盘
1725,11:28:05,16.19,-0.01,31,50189,卖盘
1726,11:28:02,16.2,0.01,5,8100,买盘
1727,11:27:41,16.19,0.01,4,6476,买盘
1728,11:27:32,16.18,-0.02,26,42068,卖盘
1729,11:27:29,16.2,0.02,19,30780,买盘
1730,11:27:26,16.18,-0.01,21,33978,卖盘
1731,11:27:23,16.19,-0.01,70,113896,卖盘
1732,11:27:17,16.2,--,6,9720,买盘
1733,11:27:14,16.2,0.01,11,17820,买盘
1734,11:27:05,16.19,--,65,105235,卖盘
1735,11:27:02,16.19,-0.01,10,16190,卖盘
1736,11:26:59,16.2,0.01,10,16200,买盘
1737,11:26:56,16.19,-0.01,33,53427,卖盘
1738,11:26:50,16.2,0.01,1,1620,买盘
1739,11:26:47,16.19,--,6,9714,卖盘
1740,11:26:44,16.19,--,17,28575,买盘
1741,11:26:38,16.19,--,10,16190,买盘
1742,11:26:35,16.19,--,2,3238,买盘
1743,11:26:32,16.19,-0.01,22,36184,卖盘
1744,11:26:29,16.2,0.01,42,68040,买盘
1745,11:26:20,16.19,-0.01,0,518,卖盘
1746,11:26:17,16.2,--,26,42120,买盘
1747,11:26:11,16.2,0.01,1,1620,买盘
1748,11:26:05,16.19,--,79,128435,买盘
1749,11:25:59,16.19,-0.01,11,18893,卖盘
1750,11:25:53,16.2,0.01,42,68574,买盘
1751,11:25:50,16.19,-0.01,14,22666,买盘
1752,11:25:47,16.2,0.01,26,42120,买盘
1753,11:25:44,16.19,--,3,4857,卖盘
1754,11:25:38,16.19,--,1,1619,买盘
1755,11:25:35,16.19,-0.01,27,43713,卖盘
1756,11:25:25,16.2,--,57,92340,买盘
1757,11:25:22,16.2,0.01,33,53460,买盘
1758,11:25:19,16.19,--,26,43421,买盘
1759,11:25:16,16.19,0.01,21,33999,买盘
1760,11:25:07,16.18,-0.01,20,32360,卖盘
1761,11:25:04,16.19,0.01,2,3238,买盘
1762,11:25:01,16.18,-0.01,26,42068,卖盘
1763,11:24:58,16.19,--,43,69617,买盘
1764,11:24:52,16.19,--,9,14571,卖盘
1765,11:24:34,16.19,-0.01,27,43713,卖盘
1766,11:24:31,16.2,0.02,19,30780,买盘
1767,11:24:22,16.18,--,2,4578,卖盘
1768,11:24:16,16.18,--,10,16180,卖盘
1769,11:24:13,16.18,--,141,228138,卖盘
1770,11:24:10,16.18,--,25,40450,卖盘
1771,11:24:01,16.18,--,52,84136,卖盘
1772,11:23:58,16.18,--,10,16180,卖盘
1773,11:23:55,16.18,--,5,8090,卖盘
1774,11:23:52,16.18,--,10,16180,卖盘
1775,11:23:49,16.18,--,3,5970,卖盘
1776,11:23:46,16.18,--,5,8090,卖盘
1777,11:23:43,16.18,--,10,16762,卖盘
1778,11:23:37,16.18,--,4,6472,卖盘
1779,11:23:34,16.18,--,26,42068,卖盘
1780,11:23:22,16.18,-0.02,2,4562,卖盘
1781,11:23:16,16.2,0.02,2,3240,买盘
1782,11:23:07,16.18,--,35,56630,卖盘
1783,11:23:04,16.18,-0.01,75,121350,卖盘
1784,11:23:01,16.19,--,37,59903,卖盘
1785,11:22:58,16.19,0.01,34,55046,买盘
1786,11:22:55,16.18,--,42,67956,卖盘
1787,11:22:52,16.18,--,9,14562,卖盘
1788,11:22:49,16.18,--,23,38330,卖盘
1789,11:22:46,16.18,--,29,46922,卖盘
1790,11:22:43,16.18,--,1,1618,卖盘
1791,11:22:40,16.18,-0.01,3,5112,卖盘
1792,11:22:37,16.19,0.01,1,1619,买盘
1793,11:22:34,16.18,-0.01,26,42068,卖盘
1794,11:22:31,16.19,--,3,4857,买盘
1795,11:22:28,16.19,0.01,55,89045,买盘
1796,11:22:25,16.18,-0.01,6,9708,卖盘
1797,11:22:22,16.19,--,6,11041,买盘
1798,11:22:19,16.19,--,2,3238,买盘
1799,11:22:13,16.19,0.01,1,1619,中性盘
1800,11:22:07,16.18,-0.01,4,6472,卖盘
1801,11:22:04,16.19,-0.01,29,46951,卖盘
1802,11:21:58,16.2,0.02,25,40500,买盘
1803,11:21:52,16.18,--,4,6472,卖盘
1804,11:21:49,16.18,--,21,34803,卖盘
1805,11:21:43,16.18,--,3,5129,卖盘
1806,11:21:40,16.18,-0.01,3,4854,卖盘
1807,11:21:34,16.19,0.01,4,6476,买盘
1808,11:21:31,16.18,-0.01,37,60157,卖盘
1809,11:21:28,16.19,--,9,15898,买盘
1810,11:21:22,16.19,0.01,1,1619,中性盘
1811,11:21:19,16.18,--,40,64720,卖盘
1812,11:21:16,16.18,-0.01,28,45304,卖盘
1813,11:21:13,16.19,--,2,3238,卖盘
1814,11:21:07,16.19,--,24,39973,买盘
1815,11:21:04,16.19,--,4,6977,卖盘
1816,11:20:55,16.19,-0.01,2,4355,买盘
1817,11:20:52,16.2,0.01,25,40500,买盘
1818,11:20:43,16.19,--,74,120696,卖盘
1819,11:20:40,16.19,--,3,5116,卖盘
1820,11:20:37,16.19,--,38,61522,卖盘
1821,11:20:34,16.19,--,53,85807,卖盘
1822,11:20:28,16.19,--,11,17809,卖盘
1823,11:20:25,16.19,--,3,4857,卖盘
1824,11:20:19,16.19,-0.01,2,4565,卖盘
1825,11:20:04,16.2,--,21,34522,卖盘
1826,11:20:01,16.2,-0.01,11,17820,卖盘
1827,11:19:58,16.21,--,7,11347,买盘
1828,11:19:55,16.21,0.01,14,22694,买盘
1829,11:19:52,16.2,-0.01,13,22177,卖盘
1830,11:19:46,16.21,--,27,43767,买盘
1831,11:19:43,16.21,0.02,31,50251,买盘
1832,11:19:37,16.19,--,8,13211,卖盘
1833,11:19:34,16.19,--,74,119806,卖盘
1834,11:19:28,16.19,--,55,89045,卖盘
1835,11:19:19,16.19,-0.01,3,6200,卖盘
1836,11:19:16,16.2,--,15,24300,买盘
1837,11:19:07,16.2,--,10,16200,买盘
1838,11:19:07,16.2,-0.01,35,56700,卖盘
1839,11:19:01,16.21,--,13,21073,买盘
1840,11:18:52,16.21,0.02,12,19452,买盘
1841,11:18:49,16.19,-0.01,21,33999,卖盘
1842,11:18:46,16.2,0.01,24,39139,买盘
1843,11:18:43,16.19,-0.02,21,33999,卖盘
1844,11:18:40,16.21,0.02,47,76187,买盘
1845,11:18:37,16.19,-0.01,27,43713,卖盘
1846,11:18:34,16.2,--,26,42120,卖盘
1847,11:18:25,16.2,-0.01,4,6480,卖盘
1848,11:18:22,16.21,0.01,10,16210,买盘
1849,11:18:19,16.2,-0.01,2,4552,卖盘
1850,11:18:13,16.21,0.01,19,30799,买盘
1851,11:18:04,16.2,--,34,56197,买盘
1852,11:18:01,16.2,--,4,6480,买盘
1853,11:17:55,16.2,--,34,55080,买盘
1854,11:17:52,16.2,0.01,22,35640,买盘
1855,11:17:49,16.19,-0.01,21,33999,卖盘
1856,11:17:43,16.2,-0.02,34,55080,卖盘
1857,11:17:40,16.22,--,20,32439,买盘
1858,11:17:34,16.22,--,30,48660,买盘
1859,11:17:31,16.22,0.02,25,40550,买盘
1860,11:17:22,16.2,-0.02,29,48308,卖盘
1861,11:17:16,16.22,0.01,33,53525,买盘
1862,11:17:13,16.21,--,10,16210,买盘
1863,11:17:10,16.21,--,5,8105,买盘
1864,11:17:04,16.21,--,21,34041,买盘
1865,11:17:01,16.21,0.01,35,56735,卖盘
1866,11:16:55,16.2,-0.01,60,97200,卖盘
1867,11:16:49,16.21,-0.01,2,4360,卖盘
1868,11:16:46,16.22,0.01,10,16219,买盘
1869,11:16:43,16.21,--,7,11347,买盘
1870,11:16:40,16.21,0.01,30,48630,买盘
1871,11:16:37,16.2,--,38,61819,卖盘
1872,11:16:34,16.2,--,32,51840,卖盘
1873,11:16:28,16.2,-0.01,1,1620,卖盘
1874,11:16:22,16.21,0.02,27,45096,买盘
1875,11:16:19,16.19,--,6,9714,卖盘
1876,11:16:16,16.19,-0.02,10,16190,卖盘
1877,11:16:13,16.21,0.03,218,353378,买盘
1878,11:16:01,16.18,-0.02,38,61484,卖盘
1879,11:15:58,16.2,0.01,26,42120,买盘
1880,11:15:49,16.19,-0.01,3,5974,中性盘
1881,11:15:40,16.2,0.02,101,163620,买盘
1882,11:15:37,16.18,--,15,24545,卖盘
1883,11:15:34,16.18,-0.01,10,16180,卖盘
1884,11:15:28,16.19,-0.01,53,85807,卖盘
1885,11:15:25,16.2,0.04,26,42120,买盘
1886,11:15:22,16.16,-0.02,1401,2264016,卖盘
1887,11:15:19,16.18,-0.02,27,45028,卖盘
1888,11:15:16,16.2,--,91,147420,买盘
1889,11:15:13,16.2,0.01,21,34020,买盘
1890,11:15:07,16.19,--,7,11333,买盘
1891,11:15:04,16.19,--,46,74474,卖盘
1892,11:15:01,16.19,-0.01,6,9714,卖盘
1893,11:14:55,16.2,0.01,2,3240,买盘
1894,11:14:46,16.19,0.01,27,44830,卖盘
1895,11:14:43,16.18,--,137,221666,卖盘
1896,11:14:40,16.18,-0.01,12,19674,卖盘
1897,11:14:37,16.19,--,14,22666,买盘
1898,11:14:28,16.19,--,146,236374,卖盘
1899,11:14:25,16.19,-0.01,35,56665,卖盘
1900,11:14:22,16.2,0.02,84,136080,买盘
1901,11:14:19,16.18,-0.01,12,20742,卖盘
1902,11:14:16,16.19,--,47,76093,买盘
1903,11:14:13,16.19,0.01,37,59903,买盘
1904,11:14:10,16.18,--,43,69574,卖盘
1905,11:14:07,16.18,-0.01,27,43686,中性盘
1906,11:14:04,16.19,0.02,214,346466,买盘
1907,11:14:01,16.17,-0.01,130,210210,卖盘
1908,11:13:58,16.18,0.01,11,19383,买盘
1909,11:13:46,16.17,-0.01,10,17285,卖盘
1910,11:13:43,16.18,--,5,8090,买盘
1911,11:13:40,16.18,--,2,3236,买盘
1912,11:13:37,16.18,--,30,48540,买盘
1913,11:13:34,16.18,--,1,1618,买盘
1914,11:13:31,16.18,-0.01,34,55303,卖盘
1915,11:13:25,16.19,--,48,77712,买盘
1916,11:13:22,16.19,0.01,11,17809,买盘
1917,11:13:19,16.18,--,5,9416,卖盘
1918,11:13:16,16.18,-0.01,13,21034,卖盘
1919,11:13:13,16.19,0.01,134,216946,买盘
1920,11:13:10,16.18,-0.01,11,17798,卖盘
1921,11:13:04,16.19,0.01,55,89045,买盘
1922,11:13:01,16.18,--,69,111642,卖盘
1923,11:12:58,16.18,--,12,19416,卖盘
1924,11:12:52,16.18,-0.01,10,17312,中性盘
1925,11:12:46,16.19,0.01,200,323800,买盘
1926,11:12:43,16.18,--,20,32360,买盘
1927,11:12:37,16.18,0.01,106,171508,买盘
1928,11:12:34,16.17,-0.01,14,22912,卖盘
1929,11:12:31,16.18,--,49,79282,买盘
1930,11:12:28,16.18,--,10,16180,买盘
1931,11:12:25,16.18,0.01,17,27506,买盘
1932,11:12:22,16.17,--,727,1175559,卖盘
1933,11:12:19,16.17,-0.01,14,23980,卖盘
1934,11:12:16,16.18,--,28,45304,买盘
1935,11:12:13,16.18,0.01,8,12944,买盘
1936,11:12:10,16.17,--,76,122892,卖盘
1937,11:12:07,16.17,--,1,1617,卖盘
1938,11:12:04,16.17,--,49,79233,卖盘
1939,11:12:01,16.17,--,6,9702,卖盘
1940,11:11:58,16.17,0.01,290,470029,买盘
1941,11:11:55,16.16,-0.01,11,17776,卖盘
1942,11:11:52,16.17,--,30,48510,买盘
1943,11:11:49,16.17,0.01,8,14051,买盘
1944,11:11:46,16.16,-0.01,18,29362,卖盘
1945,11:11:40,16.17,0.01,11,17787,买盘
1946,11:11:37,16.16,--,18,29088,卖盘
1947,11:11:34,16.16,-0.01,57,92112,卖盘
1948,11:11:25,16.17,--,10,16170,买盘
1949,11:11:19,16.17,--,11,19112,买盘
1950,11:11:13,16.17,--,12,19404,买盘
1951,11:11:10,16.17,0.01,37,59829,买盘
1952,11:11:01,16.16,-0.01,56,90496,卖盘
1953,11:10:58,16.17,--,46,74382,买盘
1954,11:10:55,16.17,-0.01,62,100771,卖盘
1955,11:10:52,16.18,0.01,5,8090,买盘
1956,11:10:49,16.17,-0.01,18,30221,卖盘
1957,11:10:46,16.18,0.01,31,50158,买盘
1958,11:10:43,16.17,-0.01,5,8343,卖盘
1959,11:10:40,16.18,0.01,34,55012,买盘
1960,11:10:34,16.17,--,31,50127,卖盘
1961,11:10:31,16.17,-0.01,49,79233,卖盘
1962,11:10:25,16.18,--,5,8090,买盘
1963,11:10:22,16.18,0.01,38,61484,买盘
1964,11:10:16,16.17,--,9,15895,卖盘
1965,11:10:10,16.17,-0.01,4,6468,卖盘
1966,11:10:07,16.18,0.01,6,9708,买盘
1967,11:10:04,16.17,--,27,43659,卖盘
1968,11:10:01,16.17,-0.01,4,6468,卖盘
1969,11:09:58,16.18,0.01,6,9708,买盘
1970,11:09:55,16.17,--,24,38808,卖盘
1971,11:09:52,16.17,--,12,19404,卖盘
1972,11:09:49,16.17,0.01,21,33957,买盘
1973,11:09:46,16.16,-0.01,7,12443,卖盘
1974,11:09:43,16.17,-0.01,8,13210,中性盘
1975,11:09:37,16.18,0.01,26,42068,买盘
1976,11:09:34,16.17,--,67,108339,买盘
1977,11:09:31,16.17,0.01,3,4851,买盘
1978,11:09:25,16.16,--,27,43632,卖盘
1979,11:09:22,16.16,-0.01,17,27762,卖盘
1980,11:09:19,16.17,-0.01,7,12644,中性盘
1981,11:09:10,16.18,0.02,36,58248,买盘
1982,11:09:04,16.16,--,24,38784,卖盘
1983,11:09:01,16.16,--,50,80800,卖盘
1984,11:08:55,16.16,--,7,11312,卖盘
1985,11:08:52,16.16,--,204,331005,买盘
1986,11:08:49,16.16,0.01,2,3232,买盘
1987,11:08:46,16.15,--,46,75404,卖盘
1988,11:08:43,16.15,--,15,24224,卖盘
1989,11:08:37,16.15,--,3,5119,卖盘
1990,11:08:34,16.15,--,47,75905,买盘
1991,11:08:31,16.15,--,19,30684,卖盘
1992,11:08:28,16.15,--,42,67830,买盘
1993,11:08:25,16.15,--,1,1614,买盘
1994,11:08:22,16.15,--,5,8074,买盘
1995,11:08:19,16.15,--,1,1614,买盘
1996,11:08:16,16.15,--,3,4845,买盘
1997,11:08:13,16.15,-0.01,76,122739,卖盘
1998,11:08:10,16.16,--,1,1616,买盘
1999,11:08:07,16.16,--,7,11312,买盘
2000,11:08:04,16.16,--,55,88880,卖盘
2001,11:07:55,16.16,-0.01,18,29088,中性盘
2002,11:07:52,16.17,0.03,14,22638,买盘
2003,11:07:46,16.14,-0.01,101,164143,卖盘
2004,11:07:43,16.15,--,26,42264,买盘
2005,11:07:34,16.15,0.01,39,62984,中性盘
2006,11:07:31,16.14,-0.02,73,117822,卖盘
2007,11:07:28,16.16,0.01,121,195536,买盘
2008,11:07:25,16.15,0.01,116,187339,买盘
2009,11:07:22,16.14,-0.01,35,56490,卖盘
2010,11:07:19,16.15,0.01,139,225825,买盘
2011,11:07:16,16.14,-0.01,36,58104,卖盘
2012,11:07:13,16.15,--,52,83979,买盘
2013,11:07:10,16.15,--,3,4845,买盘
2014,11:07:07,16.15,0.01,137,221254,买盘
2015,11:07:04,16.14,-0.01,73,117822,卖盘
2016,11:07:01,16.15,0.01,34,54909,买盘
2017,11:06:58,16.14,-0.01,376,606864,卖盘
2018,11:06:55,16.15,--,37,59754,买盘
2019,11:06:52,16.15,--,82,132430,买盘
2020,11:06:49,16.15,0.01,38,62500,买盘
2021,11:06:43,16.14,--,65,105458,买盘
2022,11:06:40,16.14,--,145,234030,买盘
2023,11:06:37,16.14,0.01,64,103296,买盘
2024,11:06:34,16.13,--,82,132556,卖盘
2025,11:06:31,16.13,-0.01,2,3226,卖盘
2026,11:06:28,16.14,--,240,387360,买盘
2027,11:06:25,16.14,0.01,4,6456,买盘
2028,11:06:22,16.13,-0.01,52,83876,卖盘
2029,11:06:19,16.14,0.01,2,3228,买盘
2030,11:06:16,16.13,-0.01,65,106183,卖盘
2031,11:06:13,16.14,--,68,109752,买盘
2032,11:06:10,16.14,--,40,64560,买盘
2033,11:06:07,16.14,--,2,3228,买盘
2034,11:06:04,16.14,-0.01,57,93063,卖盘
2035,11:06:00,16.15,0.01,12,19380,买盘
2036,11:05:57,16.14,--,42,67788,卖盘
2037,11:05:54,16.14,-0.01,5,8070,卖盘
2038,11:05:48,16.15,0.01,56,90439,买盘
2039,11:05:45,16.14,-0.01,102,165757,卖盘
2040,11:05:39,16.15,--,31,50064,买盘
2041,11:05:33,16.15,0.01,1,1614,买盘
2042,11:05:30,16.14,-0.01,33,53536,卖盘
2043,11:05:27,16.15,--,70,113049,买盘
2044,11:05:24,16.15,0.01,61,98514,买盘
2045,11:05:18,16.14,-0.01,66,106524,卖盘
2046,11:05:15,16.15,0.01,103,167685,中性盘
2047,11:05:12,16.14,-0.01,181,292134,卖盘
2048,11:05:09,16.15,0.01,60,98143,买盘
2049,11:05:06,16.14,-0.01,41,66174,卖盘
2050,11:05:03,16.15,--,30,48449,买盘
2051,11:05:00,16.15,--,10,16149,买盘
2052,11:04:57,16.15,--,26,41989,买盘
2053,11:04:54,16.15,--,8,12919,买盘
2054,11:04:51,16.15,0.01,78,125969,买盘
2055,11:04:45,16.14,-0.01,9,15655,卖盘
2056,11:04:42,16.15,0.01,17,27454,买盘
2057,11:04:36,16.14,-0.01,136,219778,卖盘
2058,11:04:33,16.15,--,57,92054,买盘
2059,11:04:30,16.15,--,6,9690,买盘
2060,11:04:24,16.15,0.01,54,87209,买盘
2061,11:04:21,16.14,-0.01,18,29052,卖盘
2062,11:04:18,16.15,--,255,411841,卖盘
2063,11:04:15,16.15,--,272,440620,卖盘
2064,11:04:09,16.15,-0.01,155,250324,卖盘
2065,11:04:06,16.16,0.01,11,18115,买盘
2066,11:04:03,16.15,-0.01,369,595935,卖盘
2067,11:04:00,16.16,--,43,69488,买盘
2068,11:03:54,16.16,--,76,124092,卖盘
2069,11:03:51,16.16,--,71,114736,卖盘
2070,11:03:48,16.16,-0.01,96,155136,卖盘
2071,11:03:45,16.17,0.01,20,33730,买盘
2072,11:03:39,16.16,--,171,276336,卖盘
2073,11:03:36,16.16,--,38,61408,卖盘
2074,11:03:33,16.16,-0.01,78,126048,卖盘
2075,11:03:30,16.17,0.01,47,75999,买盘
2076,11:03:27,16.16,--,50,80800,卖盘
2077,11:03:24,16.16,-0.02,289,467024,卖盘
2078,11:03:21,16.18,--,30,48540,买盘
2079,11:03:15,16.18,--,128,207104,买盘
2080,11:03:12,16.18,--,5,8090,买盘
2081,11:03:09,16.18,-0.01,67,109037,卖盘
2082,11:03:06,16.19,--,3,4857,买盘
2083,11:03:03,16.19,0.01,48,77712,买盘
2084,11:03:00,16.18,-0.01,12,19416,卖盘
2085,11:02:54,16.19,0.01,25,40475,买盘
2086,11:02:51,16.18,--,9,15548,买盘
2087,11:02:48,16.18,--,15,24270,买盘
2088,11:02:45,16.18,--,25,41566,买盘
2089,11:02:42,16.18,--,20,32360,买盘
2090,11:02:39,16.18,--,148,239464,买盘
2091,11:02:36,16.18,--,44,71192,买盘
2092,11:02:33,16.18,0.01,32,52034,买盘
2093,11:02:30,16.17,--,44,71148,卖盘
2094,11:02:27,16.17,--,18,29106,卖盘
2095,11:02:24,16.17,-0.01,7,11319,卖盘
2096,11:02:21,16.18,0.01,2,3236,买盘
2097,11:02:15,16.17,--,37,61171,卖盘
2098,11:02:12,16.17,--,54,87318,卖盘
2099,11:02:09,16.17,--,131,211827,卖盘
2100,11:02:03,16.17,0.01,51,83873,买盘
2101,11:02:00,16.16,-0.01,89,143824,卖盘
2102,11:01:54,16.17,--,97,156849,买盘
2103,11:01:51,16.17,0.01,25,40425,买盘
2104,11:01:48,16.16,--,30,48480,卖盘
2105,11:01:45,16.16,-0.01,69,112845,卖盘
2106,11:01:42,16.17,0.01,13,21295,买盘
2107,11:01:39,16.16,-0.01,35,56560,卖盘
2108,11:01:36,16.17,0.01,20,32340,中性盘
2109,11:01:30,16.16,-0.01,138,223008,卖盘
2110,11:01:27,16.17,--,4,6468,卖盘
2111,11:01:24,16.17,--,30,48510,卖盘
2112,11:01:18,16.17,--,4,6468,卖盘
2113,11:01:15,16.17,--,2,4559,卖盘
2114,11:01:12,16.17,0.01,10,16170,中性盘
2115,11:01:06,16.16,--,501,809616,卖盘
2116,11:01:03,16.16,-0.01,42,67872,卖盘
2117,11:01:00,16.17,--,86,139336,买盘
2118,11:00:54,16.17,--,50,80850,买盘
2119,11:00:51,16.17,--,41,66297,买盘
2120,11:00:48,16.17,0.01,3,4851,买盘
2121,11:00:42,16.16,-0.01,12,20507,卖盘
2122,11:00:39,16.17,0.01,5,8085,买盘
2123,11:00:36,16.16,--,83,134128,卖盘
2124,11:00:30,16.16,--,5,8354,卖盘
2125,11:00:24,16.16,0.01,17,29007,买盘
2126,11:00:21,16.15,--,19,30684,卖盘
2127,11:00:18,16.15,--,7,11304,卖盘
2128,11:00:15,16.15,-0.01,32,53020,卖盘
2129,11:00:12,16.16,--,57,92112,买盘
2130,11:00:09,16.16,--,10,16160,买盘
2131,11:00:03,16.16,--,84,135744,买盘
2132,11:00:00,16.16,--,31,50096,买盘
2133,10:59:57,16.16,--,71,114736,买盘
2134,10:59:54,16.16,--,47,75952,买盘
2135,10:59:51,16.16,0.01,206,332896,买盘
2136,10:59:45,16.15,-0.01,213,343994,卖盘
2137,10:59:36,16.16,0.01,73,117968,中性盘
2138,10:59:33,16.15,-0.01,256,413439,卖盘
2139,10:59:30,16.16,0.01,36,58176,中性盘
2140,10:59:27,16.15,-0.01,668,1078820,卖盘
2141,10:59:24,16.16,--,131,212891,买盘
2142,10:59:21,16.16,--,13,21008,买盘
2143,10:59:18,16.16,0.01,16,25856,买盘
2144,10:59:15,16.15,-0.01,105,169574,卖盘
2145,10:59:12,16.16,--,9,14544,卖盘
2146,10:59:06,16.16,0.01,8,12928,中性盘
2147,10:59:03,16.15,--,27,43604,卖盘
2148,10:59:00,16.15,-0.01,594,959309,卖盘
2149,10:58:57,16.16,--,37,59792,买盘
2150,10:58:54,16.16,0.01,2,3232,买盘
2151,10:58:51,16.15,-0.01,36,58139,卖盘
2152,10:58:48,16.16,--,30,49595,买盘
2153,10:58:42,16.16,--,6,9696,买盘
2154,10:58:39,16.16,0.01,3,4848,买盘
2155,10:58:33,16.15,--,24,39034,卖盘
2156,10:58:30,16.15,--,51,82365,卖盘
2157,10:58:27,16.15,-0.01,87,140505,卖盘
2158,10:58:24,16.16,--,1,1616,买盘
2159,10:58:21,16.16,--,43,69488,买盘
2160,10:58:18,16.16,0.01,21,33936,买盘
2161,10:58:15,16.15,-0.01,2,4554,卖盘
2162,10:58:09,16.16,--,89,143824,买盘
2163,10:58:06,16.16,--,135,218305,卖盘
2164,10:58:03,16.16,--,154,248864,卖盘
2165,10:57:57,16.16,--,291,470256,卖盘
2166,10:57:51,16.16,-0.01,173,279568,卖盘
2167,10:57:48,16.17,--,2,3234,买盘
2168,10:57:45,16.17,--,23,38322,买盘
2169,10:57:42,16.17,0.01,2,3234,买盘
2170,10:57:39,16.16,-0.01,57,92112,卖盘
2171,10:57:36,16.17,--,15,24255,买盘
2172,10:57:33,16.17,--,390,630888,卖盘
2173,10:57:30,16.17,--,10,16170,卖盘
2174,10:57:24,16.17,0.01,2,3234,卖盘
2175,10:57:21,16.16,--,4,6464,卖盘
2176,10:57:15,16.16,-0.01,27,44973,卖盘
2177,10:57:09,16.17,0.01,33,53361,中性盘
2178,10:57:06,16.16,-0.02,249,402384,卖盘
2179,10:57:03,16.18,--,62,100316,买盘
2180,10:57:00,16.18,0.01,65,106545,买盘
2181,10:56:57,16.17,-0.01,66,106964,卖盘
2182,10:56:54,16.18,--,31,50158,买盘
2183,10:56:51,16.18,0.01,66,106788,买盘
2184,10:56:48,16.17,-0.01,12,19404,卖盘
2185,10:56:45,16.18,--,45,73926,买盘
2186,10:56:42,16.18,--,53,85754,买盘
2187,10:56:39,16.18,--,95,153710,买盘
2188,10:56:36,16.18,0.01,42,68231,买盘
2189,10:56:33,16.17,-0.01,51,82467,卖盘
2190,10:56:30,16.18,--,1,1618,买盘
2191,10:56:27,16.18,--,18,29124,买盘
2192,10:56:24,16.18,0.01,73,118114,买盘
2193,10:56:15,16.17,--,23,37191,卖盘
2194,10:56:12,16.17,-0.01,2,4559,卖盘
2195,10:56:09,16.18,0.01,42,67956,买盘
2196,10:56:06,16.17,-0.01,53,85701,卖盘
2197,10:56:03,16.18,0.01,47,76046,买盘
2198,10:56:00,16.17,--,19,30723,卖盘
2199,10:55:57,16.17,--,41,66297,卖盘
2200,10:55:54,16.17,--,18,29106,卖盘
2201,10:55:51,16.17,--,73,118299,买盘
2202,10:55:48,16.17,--,72,116424,买盘
2203,10:55:45,16.17,--,54,88433,买盘
2204,10:55:42,16.17,--,10,16170,买盘
2205,10:55:39,16.17,0.01,10,16170,买盘
2206,10:55:36,16.16,-0.01,206,332896,卖盘
2207,10:55:33,16.17,--,26,42042,买盘
2208,10:55:30,16.17,--,6,9702,买盘
2209,10:55:27,16.17,--,38,61446,卖盘
2210,10:55:24,16.17,--,4,6468,买盘
2211,10:55:21,16.17,--,17,27489,买盘
2212,10:55:18,16.17,0.01,104,168168,买盘
2213,10:55:15,16.16,--,102,166173,卖盘
2214,10:55:12,16.16,--,11,17776,卖盘
2215,10:55:03,16.16,-0.01,32,51712,卖盘
2216,10:55:00,16.17,0.01,31,51517,买盘
2217,10:54:57,16.16,0.01,227,366832,买盘
2218,10:54:54,16.15,-0.02,194,313536,卖盘
2219,10:54:48,16.17,0.01,19,30723,中性盘
2220,10:54:45,16.16,-0.01,66,106656,卖盘
2221,10:54:42,16.17,--,38,62577,卖盘
2222,10:54:39,16.17,0.01,5,8085,卖盘
2223,10:54:36,16.16,--,291,470514,卖盘
2224,10:54:30,16.16,--,233,376528,卖盘
2225,10:54:27,16.16,--,164,265298,卖盘
2226,10:54:24,16.16,--,134,216544,卖盘
2227,10:54:21,16.16,--,81,130896,卖盘
2228,10:54:18,16.16,--,170,274720,卖盘
2229,10:54:15,16.16,--,503,814189,卖盘
2230,10:54:09,16.16,--,93,151419,买盘
2231,10:54:06,16.16,0.01,163,263408,买盘
2232,10:54:03,16.15,-0.01,95,153909,卖盘
2233,10:54:00,16.16,--,113,183739,买盘
2234,10:53:54,16.16,--,114,184708,卖盘
2235,10:53:51,16.16,--,113,182608,卖盘
2236,10:53:48,16.16,--,139,224624,卖盘
2237,10:53:45,16.16,-0.01,92,148688,卖盘
2238,10:53:42,16.17,--,144,233963,买盘
2239,10:53:39,16.17,--,31,50127,买盘
2240,10:53:36,16.17,--,64,103488,买盘
2241,10:53:33,16.17,--,91,147147,卖盘
2242,10:53:30,16.17,--,103,166551,卖盘
2243,10:53:27,16.17,--,220,355740,卖盘
2244,10:53:24,16.17,--,284,459228,卖盘
2245,10:53:21,16.17,-0.01,7,11319,卖盘
2246,10:53:18,16.18,--,119,192542,买盘
2247,10:53:15,16.18,--,1448,2343090,卖盘
2248,10:53:12,16.18,-0.01,26,42068,卖盘
2249,10:53:09,16.19,0.01,5,8095,中性盘
2250,10:53:03,16.18,-0.01,2858,4624244,卖盘
2251,10:53:00,16.19,-0.01,27,43713,卖盘
2252,10:52:57,16.2,0.01,65,105300,买盘
2253,10:52:54,16.19,--,145,234755,卖盘
2254,10:52:51,16.19,--,61,98759,卖盘
2255,10:52:45,16.19,-0.01,48,77712,卖盘
2256,10:52:42,16.2,0.01,97,158257,买盘
2257,10:52:39,16.19,--,33,53427,卖盘
2258,10:52:36,16.19,-0.01,13,21047,卖盘
2259,10:52:33,16.2,0.01,108,175219,买盘
2260,10:52:30,16.19,--,46,74474,卖盘
2261,10:52:27,16.19,-0.01,10,16190,卖盘
2262,10:52:24,16.2,0.01,22,35640,买盘
2263,10:52:21,16.19,--,2,3238,卖盘
2264,10:52:18,16.19,--,320,518080,卖盘
2265,10:52:12,16.19,-0.01,54,87426,卖盘
2266,10:52:09,16.2,--,240,388800,卖盘
2267,10:52:06,16.2,--,64,103680,卖盘
2268,10:52:03,16.2,--,544,881280,卖盘
2269,10:52:00,16.2,--,36,58320,卖盘
2270,10:51:57,16.2,--,548,887760,卖盘
2271,10:51:54,16.2,--,102,165240,卖盘
2272,10:51:51,16.2,--,12,19440,卖盘
2273,10:51:48,16.2,--,713,1156177,卖盘
2274,10:51:39,16.2,--,63,102060,卖盘
2275,10:51:39,16.2,--,13,21060,卖盘
2276,10:51:33,16.2,--,138,223819,卖盘
2277,10:51:30,16.2,--,608,984960,卖盘
2278,10:51:24,16.2,--,56,90720,卖盘
2279,10:51:21,16.2,--,59,95580,卖盘
2280,10:51:18,16.2,--,229,372130,卖盘
2281,10:51:15,16.2,--,156,252720,卖盘
2282,10:51:12,16.2,--,15,25628,卖盘
2283,10:51:09,16.2,--,106,171720,卖盘
2284,10:51:06,16.2,--,5,8100,卖盘
2285,10:51:03,16.2,--,32,51840,卖盘
2286,10:51:00,16.2,-0.01,100,162000,卖盘
2287,10:50:57,16.21,0.01,105,170205,买盘
2288,10:50:54,16.2,--,27,43740,卖盘
2289,10:50:51,16.2,--,189,306180,卖盘
2290,10:50:45,16.2,--,3,5961,卖盘
2291,10:50:42,16.2,-0.01,13,21060,卖盘
2292,10:50:39,16.21,--,52,84292,买盘
2293,10:50:36,16.21,0.01,55,89155,买盘
2294,10:50:33,16.2,-0.01,30,48859,卖盘
2295,10:50:27,16.21,--,3,4863,买盘
2296,10:50:24,16.21,--,35,56735,买盘
2297,10:50:21,16.21,--,2,3242,买盘
2298,10:50:18,16.21,-0.01,80,129923,卖盘
2299,10:50:12,16.22,--,43,71076,买盘
2300,10:50:09,16.22,0.01,41,66502,买盘
2301,10:50:03,16.21,--,50,81050,卖盘
2302,10:49:57,16.21,-0.01,17,27557,卖盘
2303,10:49:45,16.22,0.01,19,30817,买盘
2304,10:49:39,16.21,--,2,4360,卖盘
2305,10:49:39,16.21,--,28,46538,卖盘
2306,10:49:33,16.21,--,29,47268,卖盘
2307,10:49:30,16.21,--,58,94018,卖盘
2308,10:49:27,16.21,-0.01,7,11347,卖盘
2309,10:49:24,16.22,0.01,26,42172,买盘
2310,10:49:18,16.21,-0.01,1,1621,卖盘
2311,10:49:12,16.22,0.01,22,36997,买盘
2312,10:49:06,16.21,--,43,69703,卖盘
2313,10:48:57,16.21,-0.01,5,8105,卖盘
2314,10:48:54,16.22,0.01,1,1622,买盘
2315,10:48:48,16.21,-0.01,52,84292,卖盘
2316,10:48:42,16.22,0.01,5,9212,买盘
2317,10:48:39,16.21,-0.01,10,16210,卖盘
2318,10:48:36,16.22,0.01,17,27833,买盘
2319,10:48:33,16.21,--,37,59977,卖盘
2320,10:48:30,16.21,-0.01,50,81050,卖盘
2321,10:48:27,16.22,0.01,52,84344,买盘
2322,10:48:21,16.21,-0.01,10,16210,卖盘
2323,10:48:18,16.22,0.01,80,129759,买盘
2324,10:48:15,16.21,--,16,25936,卖盘
2325,10:48:12,16.21,--,27,45096,卖盘
2326,10:48:00,16.21,--,76,123196,卖盘
2327,10:47:57,16.21,--,122,197762,卖盘
2328,10:47:54,16.21,--,4,6484,卖盘
2329,10:47:51,16.21,-0.01,100,162100,卖盘
2330,10:47:48,16.22,0.02,64,103808,买盘
2331,10:47:42,16.2,-0.01,18,30277,卖盘
2332,10:47:39,16.21,0.01,12,19452,买盘
2333,10:47:36,16.2,-0.01,148,241023,卖盘
2334,10:47:30,16.21,0.01,5,8105,买盘
2335,10:47:27,16.2,-0.01,45,72900,卖盘
2336,10:47:24,16.21,--,47,76187,买盘
2337,10:47:21,16.21,0.01,15,24315,买盘
2338,10:47:18,16.2,-0.01,25,40500,卖盘
2339,10:47:12,16.21,0.01,244,396853,买盘
2340,10:47:09,16.2,--,111,179820,卖盘
2341,10:47:06,16.2,--,57,92340,卖盘
2342,10:47:03,16.2,--,32,51840,卖盘
2343,10:46:57,16.2,--,84,136080,卖盘
2344,10:46:54,16.2,-0.01,12,19440,卖盘
2345,10:46:51,16.21,0.01,56,90776,买盘
2346,10:46:48,16.2,--,3,4860,卖盘
2347,10:46:45,16.2,-0.01,120,194400,卖盘
2348,10:46:42,16.21,0.01,56,90776,买盘
2349,10:46:39,16.2,--,73,119377,卖盘
2350,10:46:33,16.2,--,48,78019,卖盘
2351,10:46:27,16.2,--,95,155147,卖盘
2352,10:46:24,16.2,-0.01,199,322380,卖盘
2353,10:46:21,16.21,--,18,29178,买盘
2354,10:46:18,16.21,--,1,1621,买盘
2355,10:46:15,16.21,0.01,1,1621,买盘
2356,10:46:12,16.2,--,12,20768,卖盘
2357,10:46:09,16.2,--,6,9720,卖盘
2358,10:46:06,16.2,--,32,51840,卖盘
2359,10:46:03,16.2,--,510,826200,卖盘
2360,10:46:00,16.2,--,15,24300,卖盘
2361,10:45:57,16.2,0.01,530,858681,买盘
2362,10:45:48,16.19,--,73,118187,卖盘
2363,10:45:45,16.19,--,3,4857,卖盘
2364,10:45:39,16.19,-0.01,135,219682,卖盘
2365,10:45:36,16.2,0.01,81,131220,买盘
2366,10:45:33,16.19,-0.01,101,163519,卖盘
2367,10:45:30,16.2,--,30,48600,买盘
2368,10:45:23,16.2,--,181,293398,卖盘
2369,10:45:20,16.2,--,117,189540,卖盘
2370,10:45:17,16.2,--,225,364500,卖盘
2371,10:45:15,16.2,-0.01,1002,1623240,卖盘
2372,10:45:11,16.21,0.01,129,210422,买盘
2373,10:45:08,16.2,--,70,113400,卖盘
2374,10:45:05,16.2,--,180,291600,卖盘
2375,10:45:02,16.2,--,87,140940,卖盘
2376,10:44:59,16.2,--,302,489240,卖盘
2377,10:44:56,16.2,-0.01,98,158760,卖盘
2378,10:44:50,16.21,0.01,279,452275,买盘
2379,10:44:47,16.2,--,35,56700,卖盘
2380,10:44:44,16.2,--,9,14580,卖盘
2381,10:44:41,16.2,--,102,166357,卖盘
2382,10:44:32,16.2,--,50,81259,卖盘
2383,10:44:29,16.2,--,21,34020,卖盘
2384,10:44:26,16.2,-0.01,9,14580,卖盘
2385,10:44:23,16.21,--,1,1621,买盘
2386,10:44:20,16.21,--,569,922964,卖盘
2387,10:44:14,16.21,-0.01,113,183173,卖盘
2388,10:44:11,16.22,0.01,9,15928,买盘
2389,10:44:08,16.21,-0.01,451,731071,卖盘
2390,10:43:59,16.22,--,70,114756,卖盘
2391,10:43:53,16.22,--,33,53525,卖盘
2392,10:43:50,16.22,-0.01,51,82722,卖盘
2393,10:43:47,16.23,--,44,71412,买盘
2394,10:43:44,16.23,--,41,66543,买盘
2395,10:43:41,16.23,0.01,15,25448,买盘
2396,10:43:38,16.22,--,230,373060,卖盘
2397,10:43:35,16.22,--,53,86225,卖盘
2398,10:43:32,16.22,--,37,60013,卖盘
2399,10:43:26,16.22,-0.01,500,811000,卖盘
2400,10:43:20,16.23,--,35,56805,买盘
2401,10:43:17,16.23,--,102,165919,卖盘
2402,10:43:14,16.23,--,22,35706,卖盘
2403,10:43:11,16.23,--,138,225304,卖盘
2404,10:43:08,16.23,--,13,21099,卖盘
2405,10:43:05,16.23,--,5,8115,卖盘
2406,10:43:02,16.23,--,70,113610,卖盘
2407,10:42:59,16.23,--,21,34083,卖盘
2408,10:42:56,16.23,--,4,6492,卖盘
2409,10:42:53,16.23,--,73,118479,卖盘
2410,10:42:50,16.23,-0.01,22,35706,卖盘
2411,10:42:47,16.24,0.01,300,487199,买盘
2412,10:42:44,16.23,--,8,12984,卖盘
2413,10:42:41,16.23,--,37,61154,卖盘
2414,10:42:35,16.23,--,52,84396,卖盘
2415,10:42:32,16.23,--,37,60051,卖盘
2416,10:42:29,16.23,--,13,21342,卖盘
2417,10:42:26,16.23,-0.01,192,311616,卖盘
2418,10:42:23,16.24,--,136,220863,买盘
2419,10:42:14,16.24,0.01,108,175391,买盘
2420,10:42:11,16.23,--,30,48690,卖盘
2421,10:42:08,16.23,-0.01,8,14298,卖盘
2422,10:42:05,16.24,0.01,17,27607,买盘
2423,10:42:02,16.23,--,99,160677,卖盘
2424,10:41:59,16.23,--,10,16230,卖盘
2425,10:41:56,16.23,--,30,48690,卖盘
2426,10:41:50,16.23,-0.01,4,6492,卖盘
2427,10:41:47,16.24,--,21,34104,买盘
2428,10:41:44,16.24,0.01,5,8119,买盘
2429,10:41:41,16.23,--,2,4349,卖盘
2430,10:41:38,16.23,-0.01,2,3246,卖盘
2431,10:41:35,16.24,--,36,58463,买盘
2432,10:41:32,16.24,-0.01,31,50343,中性盘
2433,10:41:29,16.25,0.02,25,40625,买盘
2434,10:41:26,16.23,--,31,50572,卖盘
2435,10:41:23,16.23,-0.01,22,35706,卖盘
2436,10:41:20,16.24,--,11,17864,买盘
2437,10:41:17,16.24,--,2,3247,买盘
2438,10:41:14,16.24,--,10,16239,买盘
2439,10:41:11,16.24,--,28,46787,买盘
2440,10:41:05,16.24,--,9,14615,买盘
2441,10:40:59,16.24,--,278,451471,卖盘
2442,10:40:47,16.24,--,62,102052,买盘
2443,10:40:38,16.24,--,20,32479,买盘
2444,10:40:32,16.24,-0.01,4,6495,卖盘
2445,10:40:29,16.25,0.01,15,24375,买盘
2446,10:40:26,16.24,-0.01,160,259839,卖盘
2447,10:40:23,16.25,0.01,37,60125,买盘
2448,10:40:20,16.24,-0.01,68,110431,卖盘
2449,10:40:14,16.25,0.01,5,8125,买盘
2450,10:40:11,16.24,--,22,37059,卖盘
2451,10:40:08,16.24,-0.01,100,162399,卖盘
2452,10:40:05,16.25,0.01,4,6500,买盘
2453,10:40:02,16.24,-0.01,35,56839,卖盘
2454,10:39:56,16.25,0.01,49,79625,买盘
2455,10:39:50,16.24,-0.01,100,162399,卖盘
2456,10:39:47,16.25,0.01,34,55250,买盘
2457,10:39:38,16.24,--,22,36832,卖盘
2458,10:39:35,16.24,-0.01,10,16239,卖盘
2459,10:39:29,16.25,0.01,87,141375,买盘
2460,10:39:26,16.24,-0.01,6,9987,卖盘
2461,10:39:23,16.25,--,24,39000,买盘
2462,10:39:17,16.25,0.01,36,59312,买盘
2463,10:39:11,16.24,-0.01,8,14307,卖盘
2464,10:39:05,16.25,0.01,2,3250,买盘
2465,10:39:02,16.24,--,31,50343,卖盘
2466,10:38:59,16.24,--,26,42223,卖盘
2467,10:38:53,16.24,--,1,1623,卖盘
2468,10:38:44,16.24,--,106,172143,卖盘
2469,10:38:38,16.24,-0.01,2,4352,卖盘
2470,10:38:35,16.25,0.01,82,133250,买盘
2471,10:38:29,16.24,--,303,492331,卖盘
2472,10:38:26,16.24,--,5,8119,卖盘
2473,10:38:23,16.24,--,8,12991,卖盘
2474,10:38:20,16.24,--,4,6495,卖盘
2475,10:38:17,16.24,--,20,32479,卖盘
2476,10:38:14,16.24,--,12,19487,卖盘
2477,10:38:11,16.24,0.01,36,59779,买盘
2478,10:38:08,16.23,-0.01,111,180153,卖盘
2479,10:38:05,16.24,0.01,26,42223,买盘
2480,10:38:02,16.23,--,28,45444,卖盘
2481,10:37:59,16.23,--,60,97380,卖盘
2482,10:37:53,16.23,-0.01,35,57908,卖盘
2483,10:37:50,16.24,--,20,32479,买盘
2484,10:37:47,16.24,--,14,22735,买盘
2485,10:37:44,16.24,0.01,85,138040,买盘
2486,10:37:32,16.23,-0.01,32,51936,卖盘
2487,10:37:29,16.24,--,3,5115,卖盘
2488,10:37:26,16.24,--,9,14615,卖盘
2489,10:37:23,16.24,0.01,20,32934,买盘
2490,10:37:17,16.23,-0.01,5,8115,卖盘
2491,10:37:14,16.24,0.01,30,48719,买盘
2492,10:37:11,16.23,-0.01,5,8115,卖盘
2493,10:37:05,16.24,--,6,10620,卖盘
2494,10:37:02,16.24,--,26,42223,卖盘
2495,10:36:59,16.24,-0.02,10,16239,卖盘
2496,10:36:56,16.26,0.01,381,619506,买盘
2497,10:36:53,16.25,0.01,110,178750,买盘
2498,10:36:50,16.24,-0.01,16,25983,卖盘
2499,10:36:47,16.25,--,70,114335,卖盘
2500,10:36:44,16.25,--,106,172250,卖盘
2501,10:36:41,16.25,--,49,80730,卖盘
2502,10:36:38,16.25,--,160,261560,买盘
2503,10:36:35,16.25,0.01,10,16250,买盘
2504,10:36:32,16.24,-0.01,81,131544,卖盘
2505,10:36:26,16.25,--,44,71500,买盘
2506,10:36:20,16.25,--,43,69875,买盘
2507,10:36:17,16.25,-0.01,33,53933,卖盘
2508,10:36:14,16.26,0.01,64,104064,买盘
2509,10:36:11,16.25,--,139,227191,卖盘
2510,10:36:05,16.25,--,12,19500,卖盘
2511,10:36:02,16.25,--,56,91000,卖盘
2512,10:35:59,16.25,--,155,251875,卖盘
2513,10:35:56,16.25,-0.01,24,39000,卖盘
2514,10:35:53,16.26,--,29,47154,买盘
2515,10:35:50,16.26,--,48,78324,卖盘
2516,10:35:47,16.26,--,60,97560,卖盘
2517,10:35:41,16.26,-0.01,4,7609,卖盘
2518,10:35:38,16.27,0.02,7,11633,买盘
2519,10:35:35,16.25,-0.02,31,50375,卖盘
2520,10:35:32,16.27,--,103,167581,买盘
2521,10:35:29,16.27,0.01,89,144803,买盘
2522,10:35:26,16.26,-0.01,5,8130,卖盘
2523,10:35:11,16.27,0.01,46,74842,买盘
2524,10:35:08,16.26,0.01,36,59869,买盘
2525,10:35:02,16.25,--,25,40625,买盘
2526,10:34:59,16.25,--,14,22750,买盘
2527,10:34:56,16.25,-0.01,255,415252,卖盘
2528,10:34:53,16.26,0.01,277,450402,买盘
2529,10:34:50,16.25,--,21,34125,卖盘
2530,10:34:47,16.25,-0.01,20,32500,卖盘
2531,10:34:44,16.26,0.01,91,147966,买盘
2532,10:34:41,16.25,0.01,32,52747,买盘
2533,10:34:38,16.24,--,4,7600,卖盘
2534,10:34:35,16.24,-0.01,110,178639,卖盘
2535,10:34:29,16.25,0.01,9,14625,买盘
2536,10:34:26,16.24,--,165,268203,卖盘
2537,10:34:20,16.24,--,27,43847,卖盘
2538,10:34:17,16.24,--,108,175391,卖盘
2539,10:34:14,16.24,-0.01,20,32479,卖盘
2540,10:34:11,16.25,--,15,25691,买盘
2541,10:34:05,16.25,--,26,42250,买盘
2542,10:34:02,16.25,0.01,88,143000,买盘
2543,10:33:56,16.24,-0.01,119,193255,卖盘
2544,10:33:53,16.25,0.01,1,1625,买盘
2545,10:33:47,16.24,--,153,248471,买盘
2546,10:33:44,16.24,--,92,149408,买盘
2547,10:33:41,16.24,--,25,40599,买盘
2548,10:33:38,16.24,--,77,126152,买盘
2549,10:33:32,16.24,--,40,65203,买盘
2550,10:33:29,16.24,0.01,14,22735,买盘
2551,10:33:26,16.23,-0.01,7,11361,卖盘
2552,10:33:20,16.24,--,14,22735,买盘
2553,10:33:14,16.24,--,3,4871,买盘
2554,10:33:11,16.24,--,51,84139,买盘
2555,10:33:05,16.24,0.01,57,92567,买盘
2556,10:32:53,16.23,--,16,25968,卖盘
2557,10:32:47,16.23,-0.01,50,81150,卖盘
2558,10:32:44,16.24,0.01,3,4871,买盘
2559,10:32:41,16.23,-0.01,66,107118,卖盘
2560,10:32:38,16.24,--,42,69312,买盘
2561,10:32:35,16.24,--,30,48719,买盘
2562,10:32:32,16.24,--,135,219239,买盘
2563,10:32:29,16.24,0.01,6,9743,买盘
2564,10:32:26,16.23,-0.01,8,13243,卖盘
2565,10:32:23,16.24,--,6,9743,买盘
2566,10:32:20,16.24,0.01,21,34104,买盘
2567,10:32:17,16.23,-0.01,19,30837,卖盘
2568,10:32:14,16.24,0.01,21,34104,买盘
2569,10:32:08,16.23,--,2,4576,卖盘
2570,10:31:59,16.23,-0.01,73,118479,卖盘
2571,10:31:56,16.24,--,20,32479,买盘
2572,10:31:53,16.24,0.01,133,217031,买盘
2573,10:31:44,16.23,--,30,48690,买盘
2574,10:31:38,16.23,--,22,36825,买盘
2575,10:31:32,16.23,--,88,142824,买盘
2576,10:31:29,16.23,--,1,1623,买盘
2577,10:31:26,16.23,--,6,9738,买盘
2578,10:31:23,16.23,--,88,143651,卖盘
2579,10:31:20,16.23,--,40,64920,卖盘
2580,10:31:17,16.23,-0.01,63,102249,卖盘
2581,10:31:14,16.24,0.01,5,8119,买盘
2582,10:31:08,16.23,--,2,4560,卖盘
2583,10:31:05,16.23,-0.01,62,100626,卖盘
2584,10:31:02,16.24,0.01,50,81199,买盘
2585,10:30:59,16.23,-0.01,6,9738,卖盘
2586,10:30:53,16.24,--,10,16239,买盘
2587,10:30:50,16.24,--,42,68208,买盘
2588,10:30:44,16.24,0.01,1,1623,买盘
2589,10:30:41,16.23,--,6,9738,卖盘
2590,10:30:35,16.23,0.01,2,4349,中性盘
2591,10:30:29,16.22,-0.01,143,232205,卖盘
2592,10:30:26,16.23,--,22,35706,卖盘
2593,10:30:23,16.23,--,10,16230,卖盘
2594,10:30:20,16.23,--,34,55182,卖盘
2595,10:30:17,16.23,--,148,240204,卖盘
2596,10:30:11,16.23,--,6,9738,卖盘
2597,10:30:08,16.23,-0.01,2,4560,卖盘
2598,10:30:02,16.24,--,55,89319,买盘
2599,10:29:53,16.24,--,122,198127,卖盘
2600,10:29:47,16.24,--,10,16239,卖盘
2601,10:29:44,16.24,--,4,6495,卖盘
2602,10:29:41,16.24,--,14,23840,买盘
2603,10:29:38,16.24,0.01,6,9743,买盘
2604,10:29:35,16.23,--,45,73960,买盘
2605,10:29:32,16.23,--,10,16230,买盘
2606,10:29:26,16.23,--,41,66624,卖盘
2607,10:29:23,16.23,-0.01,58,94377,卖盘
2608,10:29:20,16.24,-0.01,5,8119,中性盘
2609,10:29:17,16.25,0.01,15,24375,买盘
2610,10:29:14,16.24,-0.01,12,19487,中性盘
2611,10:29:05,16.25,0.02,25,40625,买盘
2612,10:29:02,16.23,-0.01,51,82773,卖盘
2613,10:28:59,16.24,--,95,154279,买盘
2614,10:28:53,16.24,--,49,79575,买盘
2615,10:28:47,16.24,--,2,3247,买盘
2616,10:28:44,16.24,0.01,125,202999,买盘
2617,10:28:41,16.23,-0.01,192,311616,卖盘
2618,10:28:38,16.24,--,33,54712,买盘
2619,10:28:35,16.24,0.01,40,64959,买盘
2620,10:28:32,16.23,-0.01,38,61674,卖盘
2621,10:28:29,16.24,0.01,10,16239,买盘
2622,10:28:26,16.23,--,39,63297,卖盘
2623,10:28:23,16.23,-0.01,10,16489,卖盘
2624,10:28:17,16.24,--,3,4871,买盘
2625,10:28:11,16.24,--,5,8119,买盘
2626,10:28:08,16.24,0.01,10,16239,买盘
2627,10:28:05,16.23,-0.01,13,22413,卖盘
2628,10:28:02,16.24,--,53,86071,买盘
2629,10:27:59,16.24,--,37,60087,买盘
2630,10:27:56,16.24,--,4,6495,买盘
2631,10:27:53,16.24,--,173,280952,买盘
2632,10:27:50,16.24,--,30,48719,买盘
2633,10:27:47,16.24,-0.01,96,155903,卖盘
2634,10:27:44,16.25,0.01,1,1625,买盘
2635,10:27:41,16.24,--,1,1623,卖盘
2636,10:27:38,16.24,--,3,6219,买盘
2637,10:27:35,16.24,--,23,37352,买盘
2638,10:27:32,16.24,--,53,86071,买盘
2639,10:27:29,16.24,--,11,18107,买盘
2640,10:27:26,16.24,--,53,86071,买盘
2641,10:27:23,16.24,--,140,227359,买盘
2642,10:27:20,16.24,--,3,4871,买盘
2643,10:27:17,16.24,--,72,116927,买盘
2644,10:27:14,16.24,--,22,35728,买盘
2645,10:27:11,16.24,--,33,54907,买盘
2646,10:27:05,16.24,--,75,121799,买盘
2647,10:27:02,16.24,--,59,95815,买盘
2648,10:26:56,16.24,--,10,16239,买盘
2649,10:26:53,16.24,0.01,200,325205,买盘
2650,10:26:50,16.23,-0.01,68,110364,卖盘
2651,10:26:47,16.24,--,33,53591,买盘
2652,10:26:44,16.24,--,28,45471,买盘
2653,10:26:41,16.24,--,35,56839,买盘
2654,10:26:38,16.24,--,30,49824,买盘
2655,10:26:35,16.24,--,23,37352,买盘
2656,10:26:32,16.24,--,90,146160,买盘
2657,10:26:29,16.24,-0.01,38,63092,卖盘
2658,10:26:26,16.25,0.01,10,16493,买盘
2659,10:26:23,16.24,0.01,12,19487,卖盘
2660,10:26:20,16.23,-0.01,30,48690,卖盘
2661,10:26:17,16.24,--,77,125047,卖盘
2662,10:26:14,16.24,--,201,327934,买盘
2663,10:26:11,16.24,--,12,19487,买盘
2664,10:26:08,16.24,--,71,116099,买盘
2665,10:26:02,16.24,--,25,40599,买盘
2666,10:25:56,16.24,--,34,55215,买盘
2667,10:25:53,16.24,--,20,32479,买盘
2668,10:25:50,16.24,0.01,7,11367,买盘
2669,10:25:47,16.23,-0.01,10,16230,卖盘
2670,10:25:44,16.24,--,25,40599,买盘
2671,10:25:41,16.24,0.01,265,430359,买盘
2672,10:25:38,16.23,0.01,59,95757,买盘
2673,10:25:35,16.22,-0.01,197,319534,卖盘
2674,10:25:32,16.23,--,88,142824,买盘
2675,10:25:29,16.23,--,100,162559,买盘
2676,10:25:23,16.23,--,3,4869,买盘
2677,10:25:20,16.23,--,28,45444,买盘
2678,10:25:17,16.23,--,16,26211,买盘
2679,10:25:14,16.23,--,40,64920,买盘
2680,10:25:11,16.23,--,107,174991,买盘
2681,10:25:08,16.23,0.01,114,185022,买盘
2682,10:25:05,16.22,--,54,88707,卖盘
2683,10:25:02,16.22,-0.01,138,223835,卖盘
2684,10:24:59,16.23,--,10,16230,买盘
2685,10:24:56,16.23,--,19,30837,买盘
2686,10:24:53,16.23,-0.01,292,473964,卖盘
2687,10:24:47,16.24,--,13,21111,买盘
2688,10:24:44,16.24,--,1,1623,买盘
2689,10:24:41,16.24,--,5,8119,买盘
2690,10:24:37,16.24,--,37,60087,买盘
2691,10:24:34,16.24,--,1,1623,买盘
2692,10:24:31,16.24,0.01,33,53591,买盘
2693,10:24:28,16.23,-0.01,14,22722,卖盘
2694,10:24:25,16.24,--,15,24359,买盘
2695,10:24:22,16.24,--,31,50343,买盘
2696,10:24:19,16.24,--,15,24359,买盘
2697,10:24:16,16.24,--,47,76327,买盘
2698,10:24:13,16.24,--,6,10003,买盘
2699,10:24:07,16.24,0.02,53,87387,买盘
2700,10:24:04,16.22,--,31,51384,卖盘
2701,10:24:01,16.22,-0.01,26,42172,卖盘
2702,10:23:58,16.23,--,33,53559,买盘
2703,10:23:55,16.23,--,105,170415,买盘
2704,10:23:52,16.23,--,135,219105,卖盘
2705,10:23:49,16.23,-0.01,2,3246,卖盘
2706,10:23:46,16.24,--,27,43847,买盘
2707,10:23:40,16.24,--,18,29231,买盘
2708,10:23:34,16.24,0.01,11,17864,买盘
2709,10:23:31,16.23,-0.01,32,51936,卖盘
2710,10:23:28,16.24,--,46,74704,买盘
2711,10:23:25,16.24,0.01,1,1623,买盘
2712,10:23:22,16.23,-0.01,1,1623,卖盘
2713,10:23:19,16.24,0.01,18,29231,买盘
2714,10:23:13,16.23,-0.01,24,39195,卖盘
2715,10:23:10,16.24,0.01,21,34104,买盘
2716,10:23:07,16.23,--,123,200959,卖盘
2717,10:23:04,16.23,--,73,119598,买盘
2718,10:23:01,16.23,--,99,160677,买盘
2719,10:22:58,16.23,--,222,360306,买盘
2720,10:22:52,16.23,--,31,50313,买盘
2721,10:22:46,16.23,--,2,3246,买盘
2722,10:22:40,16.23,--,17,27591,买盘
2723,10:22:37,16.23,0.01,50,82253,买盘
2724,10:22:31,16.22,-0.01,3,5125,卖盘
2725,10:22:25,16.23,--,25,40575,买盘
2726,10:22:22,16.23,0.01,8,12984,买盘
2727,10:22:19,16.22,--,47,76234,卖盘
2728,10:22:16,16.22,-0.02,40,66193,卖盘
2729,10:22:13,16.24,0.02,100,162399,买盘
2730,10:22:10,16.22,-0.01,45,72990,卖盘
2731,10:22:07,16.23,0.01,4,6492,中性盘
2732,10:22:01,16.22,-0.01,34,55147,卖盘
2733,10:21:58,16.23,--,12,20547,买盘
2734,10:21:55,16.23,-0.01,47,76832,卖盘
2735,10:21:49,16.24,--,5,8119,买盘
2736,10:21:46,16.24,--,23,37352,买盘
2737,10:21:43,16.24,--,2,3247,买盘
2738,10:21:40,16.24,--,12,19487,买盘
2739,10:21:37,16.24,0.01,1,1623,买盘
2740,10:21:31,16.23,--,155,252668,卖盘
2741,10:21:28,16.23,--,14,22722,卖盘
2742,10:21:25,16.23,--,14,22981,卖盘
2743,10:21:22,16.23,--,220,357060,卖盘
2744,10:21:16,16.23,--,27,45151,卖盘
2745,10:21:10,16.23,--,10,16230,卖盘
2746,10:21:07,16.23,-0.01,10,16230,卖盘
2747,10:21:04,16.24,--,13,21111,买盘
2748,10:21:01,16.24,-0.01,39,63725,卖盘
2749,10:20:58,16.25,--,43,69875,买盘
2750,10:20:55,16.25,--,15,24375,买盘
2751,10:20:52,16.25,--,60,97500,买盘
2752,10:20:46,16.25,--,48,78000,买盘
2753,10:20:40,16.25,--,9,14625,买盘
2754,10:20:37,16.25,--,11,17875,买盘
2755,10:20:34,16.25,--,306,497835,卖盘
2756,10:20:31,16.25,--,28,46605,卖盘
2757,10:20:19,16.25,--,3,5118,卖盘
2758,10:20:16,16.25,0.01,120,196316,中性盘
2759,10:20:13,16.24,-0.01,17,28013,卖盘
2760,10:20:10,16.25,0.01,31,50375,买盘
2761,10:20:04,16.24,--,47,77221,卖盘
2762,10:20:01,16.24,--,27,43847,卖盘
2763,10:19:58,16.24,--,21,34104,卖盘
2764,10:19:52,16.24,0.01,24,40535,买盘
2765,10:19:49,16.23,--,8,12984,卖盘
2766,10:19:46,16.23,-0.01,22,35706,中性盘
2767,10:19:43,16.24,0.02,23,37352,买盘
2768,10:19:37,16.22,--,50,81100,卖盘
2769,10:19:34,16.22,--,10,16219,卖盘
2770,10:19:31,16.22,--,124,201128,卖盘
2771,10:19:28,16.22,-0.02,8,14095,中性盘
2772,10:19:19,16.24,0.02,1059,1720368,买盘
2773,10:19:16,16.22,--,2,4574,卖盘
2774,10:19:13,16.22,--,3,4866,买盘
2775,10:19:10,16.22,--,10,16219,中性盘
2776,10:19:07,16.22,0.01,2,3244,中性盘
2777,10:19:04,16.21,-0.01,216,350136,卖盘
2778,10:19:01,16.22,-0.01,45,72990,卖盘
2779,10:18:55,16.23,0.01,24,38952,买盘
2780,10:18:49,16.22,--,30,48660,卖盘
2781,10:18:46,16.22,-0.01,113,183286,卖盘
2782,10:18:43,16.23,0.01,10,16230,买盘
2783,10:18:40,16.22,--,45,72990,卖盘
2784,10:18:37,16.22,--,12,19464,卖盘
2785,10:18:34,16.22,--,23,37306,卖盘
2786,10:18:31,16.22,--,39,63257,卖盘
2787,10:18:28,16.22,--,6,10834,卖盘
2788,10:18:25,16.22,--,15,24330,卖盘
2789,10:18:22,16.22,--,11,18085,卖盘
2790,10:18:13,16.22,-0.01,2,4557,卖盘
2791,10:18:10,16.23,0.01,1,1623,买盘
2792,10:18:07,16.22,--,8,12976,卖盘
2793,10:18:04,16.22,--,5,8109,卖盘
2794,10:18:01,16.22,-0.01,259,420097,卖盘
2795,10:17:58,16.23,--,86,139578,卖盘
