,time,price,change,volume,amount,type
0,15:00:24,6.41,--,449,287809,卖盘
1,14:57:27,6.41,--,0,0,买盘
2,14:57:03,6.41,--,55,35255,卖盘
3,14:56:54,6.41,--,46,29486,买盘
4,14:56:48,6.41,--,10,6410,买盘
5,14:56:39,6.41,0.01,2,1282,买盘
6,14:56:30,6.4,-0.01,24,15360,卖盘
7,14:56:27,6.41,--,1,641,买盘
8,14:56:24,6.41,--,139,89099,买盘
9,14:56:21,6.41,--,10,6410,买盘
10,14:56:12,6.41,--,3,1923,买盘
11,14:56:06,6.41,0.01,26,16666,买盘
12,14:55:48,6.4,-0.01,2,1280,卖盘
13,14:55:42,6.41,--,59,37819,买盘
14,14:55:39,6.41,0.01,20,12820,买盘
15,14:55:30,6.4,--,131,83840,买盘
16,14:55:18,6.4,--,4,2560,买盘
17,14:55:09,6.4,--,7,4480,买盘
18,14:54:57,6.4,--,20,12800,买盘
19,14:54:42,6.4,0.01,22,14080,买盘
20,14:54:30,6.39,-0.01,20,12780,卖盘
21,14:54:09,6.4,0.01,1,640,买盘
22,14:54:03,6.39,--,5,3195,卖盘
23,14:54:00,6.39,-0.01,1,639,卖盘
24,14:53:54,6.4,--,7,4480,买盘
25,14:53:42,6.4,0.01,16,10240,买盘
26,14:53:36,6.39,--,338,215982,卖盘
27,14:53:33,6.39,--,7,4473,卖盘
28,14:53:18,6.39,--,62,39618,买盘
29,14:53:15,6.39,--,66,42174,买盘
30,14:53:00,6.39,--,1,639,买盘
31,14:52:57,6.39,--,10,6390,买盘
32,14:52:54,6.39,--,7,4473,买盘
33,14:52:42,6.39,--,100,63900,买盘
34,14:52:36,6.39,--,110,70290,卖盘
35,14:52:27,6.39,0.01,7,4473,买盘
36,14:52:21,6.38,--,100,63800,卖盘
37,14:52:12,6.38,--,88,56144,卖盘
38,14:52:09,6.38,-0.01,21,13398,卖盘
39,14:52:03,6.39,--,148,94572,买盘
40,14:51:51,6.39,--,7,4473,买盘
41,14:51:42,6.39,--,5,3195,买盘
42,14:51:36,6.39,--,37,23643,买盘
43,14:51:33,6.39,0.01,10,6390,买盘
44,14:51:27,6.38,-0.01,2,1276,卖盘
45,14:51:24,6.39,--,42,26838,买盘
46,14:51:09,6.39,--,10,6390,买盘
47,14:51:06,6.39,--,100,63900,买盘
48,14:51:03,6.39,--,21,13419,买盘
49,14:50:57,6.39,--,20,12780,买盘
50,14:50:54,6.39,0.01,15,9585,买盘
51,14:50:33,6.38,-0.01,10,6380,中性盘
52,14:50:21,6.39,--,20,12780,买盘
53,14:50:18,6.39,0.02,124,79236,买盘
54,14:50:12,6.37,-0.01,123,78351,卖盘
55,14:49:57,6.38,--,30,19140,买盘
56,14:49:42,6.38,--,3,1914,买盘
57,14:49:30,6.38,--,1,638,买盘
58,14:49:24,6.38,--,10,6380,买盘
59,14:49:21,6.38,--,5,3190,买盘
60,14:49:15,6.38,0.02,1,638,中性盘
61,14:49:09,6.36,-0.03,100,63600,卖盘
62,14:49:06,6.39,--,29,18531,买盘
63,14:48:54,6.39,--,20,12780,买盘
64,14:48:39,6.39,--,1,639,买盘
65,14:48:24,6.39,--,3,1917,买盘
66,14:48:21,6.39,--,127,81153,卖盘
67,14:48:00,6.39,-0.01,19,12141,卖盘
68,14:47:39,6.4,0.01,15,9600,买盘
69,14:47:30,6.39,-0.01,30,19170,卖盘
70,14:47:24,6.4,0.01,2,1280,买盘
71,14:47:15,6.39,-0.02,1,639,卖盘
72,14:47:06,6.41,0.02,199,127559,买盘
73,14:47:03,6.39,-0.01,50,31950,卖盘
74,14:46:57,6.4,--,7,4480,卖盘
75,14:46:51,6.4,--,5,3200,买盘
76,14:46:33,6.4,0.01,3,1920,买盘
77,14:46:21,6.39,-0.01,8,5112,卖盘
78,14:46:18,6.4,--,54,34560,买盘
79,14:46:15,6.4,0.01,10,6400,买盘
80,14:45:29,6.39,--,36,23004,卖盘
81,14:45:14,6.39,0.01,390,249210,买盘
82,14:45:08,6.38,--,2,1276,卖盘
83,14:45:02,6.38,--,40,25520,卖盘
84,14:44:41,6.38,--,24,15803,买盘
85,14:44:38,6.38,--,29,18502,买盘
86,14:44:35,6.38,--,128,81664,买盘
87,14:44:32,6.38,--,10,6380,买盘
88,14:44:20,6.38,--,50,31900,买盘
89,14:44:08,6.38,0.02,5,3190,买盘
90,14:44:02,6.36,-0.01,4,2544,卖盘
91,14:43:59,6.37,--,218,138866,买盘
92,14:43:56,6.37,--,10,6370,买盘
93,14:43:35,6.37,--,3,1911,买盘
94,14:43:32,6.37,0.01,27,17199,买盘
95,14:43:29,6.36,-0.01,59,37524,卖盘
96,14:43:23,6.37,0.01,519,330603,买盘
97,14:43:17,6.36,-0.01,6,3816,卖盘
98,14:43:14,6.37,0.01,62,39494,买盘
99,14:42:29,6.36,--,9,5724,卖盘
100,14:42:23,6.36,--,1,636,卖盘
101,14:42:17,6.36,--,10,6360,买盘
102,14:42:08,6.36,--,1,636,买盘
103,14:42:05,6.36,--,3,1908,卖盘
104,14:41:44,6.36,--,7,4452,买盘
105,14:41:17,6.36,0.01,3,1908,中性盘
106,14:41:11,6.35,-0.02,3,1905,卖盘
107,14:40:59,6.37,0.02,7,4459,买盘
108,14:40:35,6.35,0.01,50,31750,中性盘
109,14:40:20,6.34,-0.01,144,91296,卖盘
110,14:40:14,6.35,--,100,63500,买盘
111,14:40:05,6.35,0.01,20,12700,买盘
112,14:40:02,6.34,-0.01,33,20922,卖盘
113,14:39:59,6.35,--,50,31750,买盘
114,14:39:38,6.35,--,7,4445,买盘
115,14:39:29,6.35,--,8,5226,卖盘
116,14:39:23,6.35,--,147,93345,卖盘
117,14:39:08,6.35,-0.01,32,20320,卖盘
118,14:39:02,6.36,0.01,10,6360,买盘
119,14:38:44,6.35,--,4,2692,卖盘
120,14:38:41,6.35,--,4,2540,卖盘
121,14:38:29,6.35,-0.01,16,10160,卖盘
122,14:38:23,6.36,--,50,31800,买盘
123,14:38:05,6.36,--,1,636,买盘
124,14:37:56,6.36,--,10,6360,卖盘
125,14:37:53,6.36,-0.01,2,1272,卖盘
126,14:37:50,6.37,0.01,1,637,中性盘
127,14:37:26,6.36,-0.01,3,1908,卖盘
128,14:37:11,6.37,--,32,20384,买盘
129,14:37:05,6.37,0.01,10,6370,买盘
130,14:36:50,6.36,--,146,92856,买盘
131,14:36:29,6.36,0.01,50,31800,买盘
132,14:36:23,6.35,-0.01,77,48895,卖盘
133,14:36:20,6.36,0.01,11,6996,买盘
134,14:36:05,6.35,0.01,11,7321,买盘
135,14:36:02,6.34,--,205,129970,卖盘
136,14:35:59,6.34,--,3,1902,卖盘
137,14:35:56,6.34,-0.01,15,9510,卖盘
138,14:35:53,6.35,--,10,6350,买盘
139,14:35:50,6.35,--,878,557530,买盘
140,14:35:47,6.35,--,110,69850,买盘
141,14:35:41,6.35,--,392,248920,买盘
142,14:35:32,6.35,--,50,31750,买盘
143,14:35:14,6.35,--,61,38735,买盘
144,14:34:38,6.35,0.01,10,6350,买盘
145,14:34:29,6.34,--,20,12680,卖盘
146,14:34:14,6.34,--,50,31700,卖盘
147,14:33:59,6.34,--,20,12680,卖盘
148,14:33:56,6.34,--,1,634,卖盘
149,14:33:41,6.34,--,1,634,卖盘
150,14:33:35,6.34,--,50,31763,买盘
151,14:33:08,6.34,--,12,7608,卖盘
152,14:32:59,6.34,--,44,27896,卖盘
153,14:32:56,6.34,--,105,66570,卖盘
154,14:32:50,6.34,--,61,38674,卖盘
155,14:32:44,6.34,--,105,66570,卖盘
156,14:32:41,6.34,--,38,24092,卖盘
157,14:32:32,6.34,--,15,9510,卖盘
158,14:32:29,6.34,--,17,10778,卖盘
159,14:32:17,6.34,--,12,7608,卖盘
160,14:32:08,6.34,-0.01,100,63400,卖盘
161,14:31:50,6.35,--,9,5715,买盘
162,14:31:47,6.35,-0.01,116,73958,卖盘
163,14:31:38,6.36,--,40,25440,卖盘
164,14:31:23,6.36,0.01,3,1908,中性盘
165,14:31:14,6.35,-0.01,178,113030,卖盘
166,14:31:08,6.36,-0.01,1,636,卖盘
167,14:30:59,6.37,0.01,10,6370,买盘
168,14:30:56,6.36,0.01,2,1272,中性盘
169,14:30:35,6.35,-0.01,18,11430,卖盘
170,14:30:26,6.36,0.01,1,636,买盘
171,14:30:23,6.35,-0.01,1,635,卖盘
172,14:30:14,6.36,0.01,30,19080,买盘
173,14:30:11,6.35,-0.01,238,151466,卖盘
174,14:30:05,6.36,--,3,1908,买盘
175,14:30:02,6.36,--,20,12720,买盘
176,14:29:38,6.36,--,10,6360,买盘
177,14:29:23,6.36,--,87,55332,卖盘
178,14:29:08,6.36,--,53,33708,卖盘
179,14:29:05,6.36,-0.01,67,42612,卖盘
180,14:28:44,6.37,--,11,7007,卖盘
181,14:28:35,6.37,-0.01,31,19747,卖盘
182,14:27:44,6.38,0.01,10,6380,买盘
183,14:27:41,6.37,-0.01,7,4459,卖盘
184,14:27:23,6.38,-0.01,13,8294,卖盘
185,14:26:53,6.39,--,10,6390,卖盘
186,14:26:44,6.39,--,42,26838,卖盘
187,14:26:10,6.39,--,50,31950,卖盘
188,14:25:40,6.39,0.02,141,90099,买盘
189,14:25:34,6.37,--,3,1911,卖盘
190,14:25:10,6.37,--,7,4459,卖盘
191,14:24:58,6.37,--,4,2548,买盘
192,14:24:55,6.37,--,15,9555,买盘
193,14:24:37,6.37,-0.02,129,82173,卖盘
194,14:23:58,6.39,0.01,10,6390,买盘
195,14:23:37,6.38,0.01,70,44660,买盘
196,14:22:49,6.37,--,2,1274,买盘
197,14:22:28,6.37,0.02,98,62426,买盘
198,14:22:22,6.35,-0.01,99,62865,卖盘
199,14:22:19,6.36,--,27,17172,卖盘
200,14:22:16,6.36,-0.01,50,31800,卖盘
201,14:21:58,6.37,0.01,66,42042,买盘
202,14:21:28,6.36,-0.01,30,19080,卖盘
203,14:21:25,6.37,0.01,2,1274,买盘
204,14:21:19,6.36,-0.02,17,10812,卖盘
205,14:21:13,6.38,0.01,18,11484,买盘
206,14:21:01,6.37,-0.01,14,8918,卖盘
207,14:20:52,6.38,--,41,26158,买盘
208,14:20:19,6.38,--,2,1276,买盘
209,14:20:16,6.38,-0.01,2,1276,中性盘
210,14:20:13,6.39,--,77,49203,买盘
211,14:19:46,6.39,--,2,1278,买盘
212,14:19:37,6.39,0.01,50,31950,买盘
213,14:19:19,6.38,0.01,20,12760,买盘
214,14:19:10,6.37,0.01,4,2548,卖盘
215,14:19:07,6.36,--,46,29256,卖盘
216,14:18:52,6.36,--,100,63600,卖盘
217,14:18:49,6.36,--,5,3180,买盘
218,14:18:46,6.36,--,100,63600,买盘
219,14:18:37,6.36,--,254,161544,买盘
220,14:18:31,6.36,--,50,31800,买盘
221,14:18:28,6.36,--,79,50244,买盘
222,14:18:25,6.36,0.01,1,636,买盘
223,14:18:19,6.35,-0.01,3,1905,卖盘
224,14:18:07,6.36,--,88,55968,卖盘
225,14:17:40,6.36,--,318,202248,买盘
226,14:17:34,6.36,0.01,18,11448,买盘
227,14:17:31,6.35,--,10,6350,卖盘
228,14:17:22,6.35,-0.01,5,3175,卖盘
229,14:17:19,6.36,--,1,636,买盘
230,14:16:55,6.36,--,50,31800,买盘
231,14:16:46,6.36,--,19,12084,买盘
232,14:16:40,6.36,--,10,6360,买盘
233,14:16:34,6.36,0.01,5,3180,买盘
234,14:16:28,6.35,--,200,127000,卖盘
235,14:16:25,6.35,-0.01,80,50800,卖盘
236,14:16:13,6.36,--,9,5724,卖盘
237,14:15:49,6.36,--,21,13356,买盘
238,14:15:31,6.36,--,40,25440,买盘
239,14:15:19,6.36,--,60,38160,卖盘
240,14:15:07,6.36,--,1,636,卖盘
241,14:14:52,6.36,0.01,259,164724,买盘
242,14:14:31,6.35,-0.01,1,635,卖盘
243,14:14:28,6.36,0.01,5,3180,买盘
244,14:14:25,6.35,--,1,635,卖盘
245,14:14:22,6.35,--,5,3175,卖盘
246,14:14:16,6.35,--,50,31750,卖盘
247,14:14:13,6.35,-0.01,106,67310,卖盘
248,14:14:04,6.36,-0.01,49,31164,卖盘
249,14:13:58,6.37,0.01,21,13377,买盘
250,14:13:49,6.36,-0.01,20,12720,卖盘
251,14:13:25,6.37,0.01,20,12740,买盘
252,14:13:16,6.36,--,30,19080,卖盘
253,14:13:13,6.36,-0.01,20,12720,卖盘
254,14:13:01,6.37,--,15,9555,卖盘
255,14:12:49,6.37,0.01,15,9555,中性盘
256,14:12:43,6.36,-0.02,40,25440,卖盘
257,14:12:40,6.38,0.01,133,84854,买盘
258,14:12:31,6.37,--,73,46501,卖盘
259,14:12:25,6.37,--,59,37583,卖盘
260,14:12:13,6.37,-0.01,4,2548,卖盘
261,14:12:07,6.38,-0.01,21,13972,卖盘
262,14:11:58,6.39,0.01,9,5751,买盘
263,14:11:52,6.38,-0.01,200,127600,卖盘
264,14:11:40,6.39,--,9,5751,买盘
265,14:11:37,6.39,--,27,17253,卖盘
266,14:10:49,6.39,--,15,9585,买盘
267,14:10:31,6.39,0.01,10,6390,买盘
268,14:10:19,6.38,-0.02,4,2743,卖盘
269,14:09:25,6.4,0.02,45,28800,买盘
270,14:08:58,6.38,-0.01,30,19140,卖盘
271,14:08:46,6.39,0.01,40,25560,买盘
272,14:08:16,6.38,--,47,30496,买盘
273,14:08:04,6.38,0.01,3,1914,买盘
274,14:07:46,6.37,-0.01,1,637,卖盘
275,14:07:43,6.38,--,30,19140,买盘
276,14:07:28,6.38,--,19,12249,卖盘
277,14:07:16,6.38,--,0,510,卖盘
278,14:07:01,6.38,0.01,120,76560,中性盘
279,14:06:16,6.37,-0.02,20,12740,卖盘
280,14:05:45,6.39,0.02,50,31950,买盘
281,14:05:39,6.37,--,27,17199,买盘
282,14:05:30,6.37,--,10,6370,买盘
283,14:05:27,6.37,--,9,5733,买盘
284,14:05:24,6.37,--,15,9555,买盘
285,14:05:18,6.37,--,55,35035,买盘
286,14:05:15,6.37,--,10,6370,买盘
287,14:05:12,6.37,--,20,12740,买盘
288,14:05:00,6.37,0.01,303,193011,买盘
289,14:04:45,6.36,-0.01,50,31800,卖盘
290,14:04:39,6.37,--,3,1911,买盘
291,14:04:27,6.37,--,194,123578,卖盘
292,14:04:09,6.37,--,16,10192,卖盘
293,14:04:03,6.37,--,100,63700,卖盘
294,14:03:48,6.37,-0.01,19,12103,卖盘
295,14:03:36,6.38,--,77,49126,卖盘
296,14:03:27,6.38,--,1,638,卖盘
297,14:03:18,6.38,--,82,52316,卖盘
298,14:03:06,6.38,--,100,63800,卖盘
299,14:03:03,6.38,--,1,638,卖盘
300,14:02:57,6.38,--,52,33176,卖盘
301,14:02:54,6.38,-0.01,5,3190,卖盘
302,14:02:39,6.39,0.01,11,7029,买盘
303,14:02:21,6.38,--,16,10208,卖盘
304,14:02:12,6.38,-0.01,64,40832,卖盘
305,14:01:48,6.39,--,249,159111,卖盘
306,14:01:45,6.39,-0.01,37,23643,卖盘
307,14:01:33,6.4,--,10,6400,买盘
308,14:01:30,6.4,-0.01,30,19769,卖盘
309,14:01:09,6.41,0.01,10,6410,买盘
310,14:00:51,6.4,--,20,12800,卖盘
311,14:00:48,6.4,-0.01,585,374400,卖盘
312,14:00:42,6.41,--,1,641,卖盘
313,13:59:54,6.41,--,20,12820,卖盘
314,13:59:33,6.41,-0.01,14,8974,卖盘
315,13:58:42,6.42,0.01,10,6420,买盘
316,13:57:48,6.41,--,20,12820,卖盘
317,13:57:42,6.41,--,20,12820,卖盘
318,13:57:27,6.41,--,464,297424,买盘
319,13:56:57,6.41,-0.01,46,29486,卖盘
320,13:56:36,6.42,0.02,24,15408,买盘
321,13:56:27,6.4,--,4,2560,卖盘
322,13:56:21,6.4,-0.02,24,15430,卖盘
323,13:55:18,6.42,0.01,200,128400,买盘
324,13:55:15,6.41,--,5,3205,买盘
325,13:54:54,6.41,--,8,5128,卖盘
326,13:54:51,6.41,0.01,4,2564,买盘
327,13:54:12,6.4,0.01,15,9600,买盘
328,13:53:36,6.39,-0.01,4,2556,卖盘
329,13:53:27,6.4,0.01,1,640,买盘
330,13:53:18,6.39,--,20,12780,卖盘
331,13:53:12,6.39,--,2,1278,卖盘
332,13:53:06,6.39,-0.01,3,1917,卖盘
333,13:52:09,6.4,0.01,19,12160,中性盘
334,13:51:45,6.39,-0.01,135,86265,卖盘
335,13:51:15,6.4,--,5,3302,买盘
336,13:51:12,6.4,--,7,4480,买盘
337,13:50:33,6.4,--,21,13440,买盘
338,13:50:30,6.4,-0.01,471,301977,卖盘
339,13:50:21,6.41,--,10,6410,买盘
340,13:50:15,6.41,--,15,9615,买盘
341,13:49:33,6.41,0.01,4,2564,买盘
342,13:49:24,6.4,-0.01,4,2662,卖盘
343,13:49:21,6.41,0.01,10,6410,买盘
344,13:49:03,6.4,--,41,26240,卖盘
345,13:47:54,6.4,-0.01,14,8960,卖盘
346,13:47:15,6.41,--,15,9615,买盘
347,13:47:12,6.41,--,18,11538,买盘
348,13:46:18,6.41,--,9,5769,买盘
349,13:45:53,6.41,--,50,32050,买盘
350,13:45:50,6.41,0.02,5,3205,买盘
351,13:45:38,6.39,--,6,3834,卖盘
352,13:45:11,6.39,-0.02,5,3195,卖盘
353,13:44:59,6.41,--,16,10256,买盘
354,13:44:44,6.41,0.02,1,641,买盘
355,13:44:26,6.39,-0.02,81,51759,卖盘
356,13:44:20,6.41,0.02,1,641,买盘
357,13:44:14,6.39,-0.02,76,48564,卖盘
358,13:43:26,6.41,-0.01,150,96150,卖盘
359,13:43:20,6.42,0.01,88,56496,买盘
360,13:43:11,6.41,--,1,641,卖盘
361,13:43:05,6.41,--,1,641,卖盘
362,13:42:59,6.41,--,1,641,卖盘
363,13:42:56,6.41,--,23,14743,卖盘
364,13:42:44,6.41,-0.01,3,1923,卖盘
365,13:42:41,6.42,--,125,80397,卖盘
366,13:42:35,6.42,--,30,19260,卖盘
367,13:42:32,6.42,--,36,23112,卖盘
368,13:42:29,6.42,--,40,25680,卖盘
369,13:42:26,6.42,--,11,7062,卖盘
370,13:42:23,6.42,--,45,28890,卖盘
371,13:42:17,6.42,--,15,9630,卖盘
372,13:42:14,6.42,--,30,19260,卖盘
373,13:42:05,6.42,--,1,1136,卖盘
374,13:41:59,6.42,-0.01,20,12840,卖盘
375,13:41:23,6.43,--,11,7073,卖盘
376,13:41:20,6.43,--,12,7716,卖盘
377,13:41:05,6.43,-0.01,5,3215,卖盘
378,13:40:53,6.44,0.01,3,1932,买盘
379,13:40:47,6.43,--,1,643,卖盘
380,13:40:44,6.43,--,2,1286,卖盘
381,13:40:14,6.43,-0.01,10,6430,卖盘
382,13:39:47,6.44,0.01,3,1932,买盘
383,13:39:26,6.43,--,27,17361,卖盘
384,13:39:05,6.43,-0.01,1,643,卖盘
385,13:38:53,6.44,--,3,1932,买盘
386,13:38:23,6.44,-0.01,1,644,卖盘
387,13:37:56,6.45,0.02,1,645,买盘
388,13:37:02,6.43,-0.02,14,9002,卖盘
389,13:36:17,6.45,0.02,5,3225,买盘
390,13:36:05,6.43,-0.01,106,68158,卖盘
391,13:35:05,6.44,--,10,6440,卖盘
392,13:34:41,6.44,--,10,6440,中性盘
393,13:34:23,6.44,--,14,9016,卖盘
394,13:34:08,6.44,--,31,19964,买盘
395,13:33:14,6.44,--,68,43792,买盘
396,13:32:26,6.44,0.01,97,62468,买盘
397,13:32:14,6.43,-0.01,1,643,卖盘
398,13:32:11,6.44,--,3,1932,买盘
399,13:31:56,6.44,--,17,10948,卖盘
400,13:31:05,6.44,--,10,6440,卖盘
401,13:30:56,6.44,--,7,4508,卖盘
402,13:30:29,6.44,-0.01,77,49588,卖盘
403,13:30:08,6.45,0.01,10,6450,买盘
404,13:29:47,6.44,-0.01,15,9660,卖盘
405,13:29:32,6.45,0.01,69,44505,买盘
406,13:28:44,6.44,--,8,5152,卖盘
407,13:27:53,6.44,-0.01,20,12880,卖盘
408,13:27:44,6.45,0.01,1,645,买盘
409,13:27:38,6.44,--,10,6440,卖盘
410,13:27:35,6.44,--,7,4508,卖盘
411,13:27:32,6.44,--,1,644,卖盘
412,13:27:23,6.44,--,16,10304,买盘
413,13:26:56,6.44,--,5,3220,买盘
414,13:26:53,6.44,--,6,3864,卖盘
415,13:26:35,6.44,--,22,14168,买盘
416,13:26:26,6.44,--,110,70840,买盘
417,13:26:17,6.44,--,21,13524,买盘
418,13:25:16,6.44,0.02,23,14812,买盘
419,13:24:43,6.42,-0.01,151,96942,卖盘
420,13:24:37,6.43,--,10,6430,买盘
421,13:24:13,6.43,--,20,12860,买盘
422,13:24:10,6.43,--,20,12860,买盘
423,13:24:04,6.43,--,5,3215,买盘
424,13:23:40,6.43,0.01,1,643,买盘
425,13:23:34,6.42,--,6,3852,中性盘
426,13:23:07,6.42,--,5,3210,买盘
427,13:22:40,6.42,0.01,1,642,买盘
428,13:22:19,6.41,--,13,8333,买盘
429,13:22:16,6.41,--,15,9615,买盘
430,13:22:10,6.41,--,1,641,买盘
431,13:22:07,6.41,--,31,19871,买盘
432,13:21:40,6.41,--,1,641,买盘
433,13:21:31,6.41,0.01,117,74997,买盘
434,13:21:13,6.4,-0.01,3,1920,卖盘
435,13:21:07,6.41,--,1,641,买盘
436,13:21:04,6.41,--,143,91663,买盘
437,13:21:01,6.41,0.01,50,32050,买盘
438,13:20:52,6.4,--,20,12800,卖盘
439,13:20:49,6.4,--,5,3200,买盘
440,13:20:37,6.4,--,1,640,买盘
441,13:20:34,6.4,-0.01,8,5120,卖盘
442,13:20:22,6.41,0.01,18,11538,买盘
443,13:20:04,6.4,--,7,4480,买盘
444,13:19:40,6.4,--,35,22400,买盘
445,13:19:37,6.4,--,1,640,买盘
446,13:19:28,6.4,-0.01,8,5120,卖盘
447,13:19:07,6.41,--,82,52562,买盘
448,13:17:52,6.41,0.01,10,6410,买盘
449,13:17:34,6.4,-0.01,30,19200,卖盘
450,13:17:19,6.41,--,5,3205,买盘
451,13:16:46,6.41,--,10,6410,买盘
452,13:16:37,6.41,0.01,18,11538,买盘
453,13:16:13,6.4,--,7,4480,买盘
454,13:16:10,6.4,--,43,27520,卖盘
455,13:16:07,6.4,-0.01,68,43520,卖盘
456,13:15:49,6.41,-0.01,43,27563,卖盘
457,13:15:10,6.42,--,24,15408,卖盘
458,13:14:55,6.42,--,10,6420,卖盘
459,13:14:16,6.42,0.01,64,41088,买盘
460,13:14:13,6.41,-0.01,2,1282,卖盘
461,13:14:04,6.42,--,10,6420,买盘
462,13:13:31,6.42,-0.01,1,642,卖盘
463,13:13:10,6.43,--,108,69444,买盘
464,13:12:49,6.43,-0.01,222,142746,卖盘
465,13:12:46,6.44,--,10,6440,买盘
466,13:12:16,6.44,--,101,65044,买盘
467,13:12:04,6.44,--,30,19320,买盘
468,13:11:55,6.44,--,3,1932,买盘
469,13:11:01,6.44,0.01,4,2576,买盘
470,13:10:28,6.43,--,13,8359,买盘
471,13:10:16,6.43,--,3,1929,买盘
472,13:09:40,6.43,-0.01,14,9002,中性盘
473,13:08:40,6.44,--,10,6440,买盘
474,13:08:16,6.44,0.01,128,82432,买盘
475,13:07:40,6.43,--,23,14789,买盘
476,13:07:37,6.43,0.01,16,10288,买盘
477,13:07:28,6.42,--,10,6420,卖盘
478,13:07:13,6.42,-0.01,10,6420,中性盘
479,13:06:25,6.43,0.03,128,82304,买盘
480,13:06:06,6.4,-0.01,15,9600,卖盘
481,13:06:03,6.41,0.01,75,48075,买盘
482,13:05:48,6.4,0.01,3,1920,买盘
483,13:05:30,6.39,--,4,2556,卖盘
484,13:05:12,6.39,0.01,71,45369,买盘
485,13:05:09,6.38,0.01,2,1276,买盘
486,13:04:54,6.37,0.01,22,14014,买盘
487,13:04:45,6.36,-0.01,723,459828,卖盘
488,13:04:36,6.37,-0.01,55,35035,卖盘
489,13:04:30,6.38,-0.01,108,68904,卖盘
490,13:04:09,6.39,-0.02,19,12141,卖盘
491,13:03:48,6.41,--,4,2564,买盘
492,13:03:45,6.41,-0.01,38,24358,卖盘
493,13:03:30,6.42,0.01,20,12840,买盘
494,13:03:18,6.41,--,50,32050,卖盘
495,13:03:03,6.41,0.01,24,15384,买盘
496,13:03:00,6.4,--,2,1280,卖盘
497,13:02:45,6.4,0.02,3,1920,中性盘
498,13:01:45,6.38,-0.03,11,7018,卖盘
499,13:00:57,6.41,-0.01,211,135251,卖盘
500,13:00:33,6.42,--,1,642,买盘
501,13:00:15,6.42,0.01,70,44940,买盘
502,13:00:06,6.41,-0.01,10,6410,卖盘
503,13:00:03,6.42,--,179,114918,买盘
504,13:00:00,6.42,--,3,1926,买盘
505,11:29:38,6.42,--,20,12840,买盘
506,11:29:23,6.42,--,10,6420,买盘
507,11:28:56,6.42,0.01,2,1284,买盘
508,11:28:29,6.41,--,3,1923,卖盘
509,11:28:08,6.41,--,45,28845,买盘
510,11:27:50,6.41,--,17,10897,买盘
511,11:27:44,6.41,0.01,50,32050,买盘
512,11:26:35,6.4,--,3,1920,买盘
513,11:26:23,6.4,0.01,45,28800,买盘
514,11:26:05,6.39,--,1,639,卖盘
515,11:25:41,6.39,-0.01,6,3834,卖盘
516,11:25:13,6.4,--,11,7040,买盘
517,11:24:34,6.4,--,19,12160,买盘
518,11:24:31,6.4,--,20,12800,买盘
519,11:24:01,6.4,0.01,24,15360,买盘
520,11:23:34,6.39,--,2,1278,卖盘
521,11:23:25,6.39,--,13,8307,买盘
522,11:22:55,6.39,-0.01,2,1278,中性盘
523,11:21:52,6.4,0.03,2,1280,中性盘
524,11:21:16,6.37,-0.03,88,56056,卖盘
525,11:21:10,6.4,0.02,5,3200,中性盘
526,11:20:55,6.38,-0.01,19,12122,卖盘
527,11:20:46,6.39,--,96,61344,买盘
528,11:20:40,6.39,--,10,6390,买盘
529,11:20:37,6.39,--,3,1917,买盘
530,11:20:19,6.39,--,275,175725,卖盘
531,11:19:55,6.39,-0.01,5,3195,卖盘
532,11:19:52,6.4,--,33,21120,买盘
533,11:19:19,6.4,-0.01,67,42880,卖盘
534,11:18:49,6.41,-0.01,32,20512,中性盘
535,11:17:43,6.42,--,15,9630,买盘
536,11:17:25,6.42,0.02,5,3210,买盘
537,11:17:22,6.4,-0.02,20,12800,卖盘
538,11:17:10,6.42,--,47,30174,买盘
539,11:16:52,6.42,--,4,2568,买盘
540,11:16:40,6.42,0.01,21,13482,买盘
541,11:16:37,6.41,--,21,13461,买盘
542,11:16:31,6.41,--,14,8974,卖盘
543,11:16:25,6.41,--,7,4487,买盘
544,11:16:01,6.41,--,1,641,买盘
545,11:15:31,6.41,--,7,4487,买盘
546,11:15:07,6.41,-0.01,18,11538,中性盘
547,11:14:37,6.42,--,18,11556,买盘
548,11:14:10,6.42,0.03,136,87312,买盘
549,11:13:34,6.39,--,20,12780,买盘
550,11:13:31,6.39,-0.01,1,639,买盘
551,11:12:37,6.4,0.01,450,288000,买盘
552,11:12:34,6.39,0.01,10,6390,中性盘
553,11:11:46,6.38,--,17,10846,买盘
554,11:11:25,6.38,-0.02,33,21054,卖盘
555,11:11:10,6.4,--,10,6400,买盘
556,11:10:49,6.4,0.02,206,131840,买盘
557,11:10:34,6.38,--,1,638,卖盘
558,11:10:31,6.38,-0.01,40,25520,卖盘
559,11:10:25,6.39,0.01,10,6390,买盘
560,11:10:22,6.38,--,3,1914,中性盘
561,11:09:46,6.38,0.01,21,13398,中性盘
562,11:09:19,6.37,-0.01,20,12740,卖盘
563,11:09:10,6.38,--,4,2552,买盘
564,11:08:49,6.38,0.01,70,44660,买盘
565,11:08:37,6.37,--,5,3185,卖盘
566,11:08:13,6.37,0.01,2,1274,中性盘
567,11:07:52,6.36,-0.01,40,25440,卖盘
568,11:07:46,6.37,0.01,4,2548,中性盘
569,11:07:22,6.36,-0.01,220,139920,卖盘
570,11:06:34,6.37,--,6,3822,买盘
571,11:06:19,6.37,--,9,5733,卖盘
572,11:06:10,6.37,--,4,2548,买盘
573,11:05:45,6.37,-0.01,1,637,卖盘
574,11:05:30,6.38,--,3,1914,卖盘
575,11:05:21,6.38,--,5,3190,卖盘
576,11:05:03,6.38,-0.01,100,63800,卖盘
577,11:04:57,6.39,0.01,30,19170,买盘
578,11:04:51,6.38,-0.01,18,11484,卖盘
579,11:04:36,6.39,--,20,12780,买盘
580,11:04:30,6.39,--,14,8946,卖盘
581,11:04:24,6.39,-0.01,7,4473,卖盘
582,11:04:21,6.4,0.01,1,640,买盘
583,11:04:15,6.39,--,50,31950,卖盘
584,11:04:09,6.39,--,100,63900,卖盘
585,11:04:03,6.39,--,6,3834,卖盘
586,11:03:57,6.39,--,20,12780,卖盘
587,11:03:54,6.39,--,30,19170,卖盘
588,11:03:48,6.39,--,1,639,卖盘
589,11:03:27,6.39,--,89,56871,买盘
590,11:03:03,6.39,--,32,20448,买盘
591,11:02:48,6.39,--,10,6390,买盘
592,11:02:36,6.39,0.01,2,1278,买盘
593,11:02:33,6.38,-0.01,50,31900,卖盘
594,11:02:27,6.39,--,2,1278,买盘
595,11:02:24,6.39,--,1,639,买盘
596,11:02:03,6.39,0.01,9,5751,买盘
597,11:01:57,6.38,-0.01,126,80388,卖盘
598,11:01:48,6.39,--,1,639,买盘
599,11:01:27,6.39,--,7,4473,买盘
600,11:01:24,6.39,--,5,3195,买盘
601,11:01:03,6.39,--,10,6390,买盘
602,11:01:00,6.39,--,10,6390,买盘
603,11:00:36,6.39,0.01,25,15975,买盘
604,11:00:27,6.38,-0.01,20,12760,卖盘
605,11:00:21,6.39,0.01,62,39618,买盘
606,11:00:12,6.38,--,20,12760,卖盘
607,11:00:00,6.38,-0.01,30,19140,卖盘
608,10:59:51,6.39,0.01,18,11502,买盘
609,10:59:36,6.38,--,2,1276,卖盘
610,10:59:06,6.38,--,20,12760,卖盘
611,10:59:03,6.38,0.02,203,129514,买盘
612,10:58:39,6.36,-0.02,15,9540,卖盘
613,10:58:09,6.38,0.02,250,159500,买盘
614,10:58:06,6.36,--,30,19080,卖盘
615,10:57:48,6.36,--,2,1272,卖盘
616,10:56:57,6.36,--,17,10812,卖盘
617,10:56:42,6.36,--,200,127200,卖盘
618,10:56:39,6.36,--,30,19080,卖盘
619,10:56:24,6.36,--,17,10812,买盘
620,10:56:21,6.36,--,150,95400,买盘
621,10:56:12,6.36,--,30,19080,买盘
622,10:56:03,6.36,--,5,3180,买盘
623,10:55:54,6.36,--,10,6360,买盘
624,10:55:45,6.36,--,90,57240,卖盘
625,10:55:30,6.36,--,1,636,卖盘
626,10:55:03,6.36,-0.03,3,1908,卖盘
627,10:54:51,6.39,0.04,4,2556,买盘
628,10:54:39,6.35,-0.04,42,26670,卖盘
629,10:54:36,6.39,0.05,115,73485,买盘
630,10:54:27,6.34,--,54,34236,卖盘
631,10:54:18,6.34,-0.03,460,291640,卖盘
632,10:54:09,6.37,--,15,9555,卖盘
633,10:54:06,6.37,--,20,12740,买盘
634,10:54:00,6.37,0.01,10,6370,买盘
635,10:53:51,6.36,--,20,12720,卖盘
636,10:53:42,6.36,0.02,16,10176,买盘
637,10:53:39,6.34,-0.02,10,6340,卖盘
638,10:53:30,6.36,-0.03,4,2544,中性盘
639,10:53:27,6.39,0.06,138,88182,买盘
640,10:53:24,6.33,-0.01,50,31650,卖盘
641,10:53:18,6.34,0.02,2,1268,买盘
642,10:53:12,6.32,-0.02,180,113760,卖盘
643,10:53:09,6.34,0.02,20,12680,买盘
644,10:53:06,6.32,--,10,6320,买盘
645,10:53:03,6.32,0.02,10,6320,卖盘
646,10:52:57,6.3,-0.01,220,138600,卖盘
647,10:52:36,6.31,--,99,62468,卖盘
648,10:52:33,6.31,-0.01,303,191193,卖盘
649,10:52:27,6.32,-0.01,60,37920,卖盘
650,10:52:24,6.33,-0.01,50,31650,卖盘
651,10:52:18,6.34,0.01,28,17752,买盘
652,10:52:09,6.33,-0.01,65,41145,中性盘
653,10:52:06,6.34,--,1,634,买盘
654,10:52:03,6.34,-0.05,10,6340,中性盘
655,10:51:57,6.39,0.06,5,3195,买盘
656,10:51:54,6.33,-0.05,680,430440,卖盘
657,10:51:51,6.38,--,25,15950,卖盘
658,10:51:48,6.38,-0.01,8,5104,卖盘
659,10:51:42,6.39,--,3,1917,买盘
660,10:51:39,6.39,--,5,3195,买盘
661,10:51:33,6.39,-0.01,177,113103,卖盘
662,10:51:24,6.4,--,91,58240,卖盘
663,10:51:18,6.4,--,100,64000,卖盘
664,10:51:12,6.4,-0.01,100,64000,卖盘
665,10:51:06,6.41,--,80,51280,买盘
666,10:51:00,6.41,-0.01,115,73715,卖盘
667,10:50:57,6.42,--,25,16050,卖盘
668,10:50:42,6.42,--,10,6420,卖盘
669,10:50:36,6.42,--,5,3210,卖盘
670,10:50:27,6.42,--,8,5136,买盘
671,10:50:21,6.42,-0.01,2,1284,卖盘
672,10:50:18,6.43,--,30,19290,买盘
673,10:50:00,6.43,--,39,25077,卖盘
674,10:49:57,6.43,--,43,27649,卖盘
675,10:49:45,6.43,--,35,22505,买盘
676,10:49:33,6.43,0.01,15,9645,买盘
677,10:49:12,6.42,--,28,17976,买盘
678,10:48:57,6.42,--,5,3210,买盘
679,10:48:51,6.42,0.01,293,188106,买盘
680,10:48:48,6.41,-0.01,147,94227,卖盘
681,10:48:42,6.42,--,30,19260,买盘
682,10:48:18,6.42,--,30,19260,买盘
683,10:48:15,6.42,-0.02,68,43656,卖盘
684,10:48:12,6.44,--,3,1932,买盘
685,10:48:03,6.44,--,23,14812,买盘
686,10:47:57,6.44,0.01,10,6440,买盘
687,10:47:39,6.43,0.01,20,12860,中性盘
688,10:47:15,6.42,-0.02,50,32100,卖盘
689,10:46:57,6.44,--,1,644,买盘
690,10:46:54,6.44,0.02,15,9660,买盘
691,10:46:33,6.42,0.01,36,23112,买盘
692,10:46:15,6.41,-0.01,10,6410,卖盘
693,10:46:12,6.42,--,41,26322,卖盘
694,10:46:09,6.42,--,50,32100,卖盘
695,10:45:39,6.42,--,3,1926,买盘
696,10:45:36,6.42,0.01,2,1284,买盘
697,10:45:30,6.41,--,100,64100,卖盘
698,10:45:23,6.41,-0.01,20,12820,卖盘
699,10:45:17,6.42,0.01,15,9630,买盘
700,10:45:15,6.41,--,19,12179,卖盘
701,10:44:59,6.41,--,1,641,卖盘
702,10:44:56,6.41,--,134,85894,卖盘
703,10:44:35,6.41,--,10,6410,卖盘
704,10:44:26,6.41,-0.03,16,10256,卖盘
705,10:44:23,6.44,0.03,20,12880,买盘
706,10:44:17,6.41,-0.02,148,94868,卖盘
707,10:44:14,6.43,0.02,20,12860,中性盘
708,10:44:02,6.41,0.01,20,12820,中性盘
709,10:43:26,6.4,--,31,19840,卖盘
710,10:43:20,6.4,-0.05,42,26880,卖盘
711,10:42:59,6.45,--,4786,3087279,卖盘
712,10:42:50,6.45,--,10,6450,卖盘
713,10:42:41,6.45,-0.01,30,19350,卖盘
714,10:42:14,6.46,--,15,9690,买盘
715,10:42:11,6.46,0.01,1,646,买盘
716,10:41:35,6.45,0.01,79,50955,中性盘
717,10:39:53,6.44,-0.02,612,394128,卖盘
718,10:39:47,6.46,-0.01,11,7106,卖盘
719,10:39:41,6.47,0.01,14,9058,买盘
720,10:39:35,6.46,--,4,2584,卖盘
721,10:39:29,6.46,--,1,646,卖盘
722,10:39:08,6.46,-0.01,2,1292,卖盘
723,10:39:05,6.47,0.02,93,60171,买盘
724,10:37:41,6.45,-0.01,500,322500,卖盘
725,10:37:35,6.46,--,6,3876,卖盘
726,10:36:26,6.46,-0.01,22,14212,卖盘
727,10:36:23,6.47,--,10,6470,买盘
728,10:36:11,6.47,--,1,647,买盘
729,10:35:59,6.47,--,5,3235,买盘
730,10:35:47,6.47,0.01,1,647,买盘
731,10:35:08,6.46,--,50,32300,卖盘
732,10:34:47,6.46,-0.01,15,9690,卖盘
733,10:34:44,6.47,--,13,8411,卖盘
734,10:34:41,6.47,--,13,8411,卖盘
735,10:34:29,6.47,--,11,7117,买盘
736,10:34:20,6.47,--,20,12940,买盘
737,10:34:17,6.47,--,15,9705,买盘
738,10:34:14,6.47,--,50,32350,买盘
739,10:33:56,6.47,--,4,2588,买盘
740,10:33:47,6.47,--,20,12940,买盘
741,10:33:41,6.47,--,100,64700,买盘
742,10:32:32,6.47,--,15,9705,买盘
743,10:32:29,6.47,--,10,6470,买盘
744,10:31:38,6.47,0.02,27,17469,买盘
745,10:31:20,6.45,-0.01,100,64500,卖盘
746,10:31:05,6.46,-0.01,72,46512,卖盘
747,10:30:29,6.47,--,15,9705,买盘
748,10:30:11,6.47,0.01,5,3235,买盘
749,10:30:05,6.46,-0.01,1,646,卖盘
750,10:30:02,6.47,--,5,3235,买盘
751,10:29:56,6.47,--,107,69229,卖盘
752,10:29:53,6.47,-0.01,20,12940,中性盘
753,10:29:35,6.48,0.02,42,27216,买盘
754,10:29:08,6.46,--,13,8398,卖盘
755,10:29:05,6.46,--,2,1292,卖盘
756,10:29:02,6.46,--,5,3230,卖盘
757,10:28:59,6.46,--,1,646,卖盘
758,10:28:53,6.46,--,1,646,卖盘
759,10:28:26,6.46,0.01,16,10336,买盘
760,10:28:17,6.45,--,1,645,卖盘
761,10:28:14,6.45,--,121,78045,卖盘
762,10:28:11,6.45,--,10,6450,卖盘
763,10:28:08,6.45,--,2,1290,卖盘
764,10:28:05,6.45,--,5,3225,卖盘
765,10:28:02,6.45,--,2,1290,卖盘
766,10:27:56,6.45,-0.01,100,64500,卖盘
767,10:27:50,6.46,0.01,1,646,中性盘
768,10:27:38,6.45,-0.01,200,129000,卖盘
769,10:27:32,6.46,--,1,646,卖盘
770,10:27:29,6.46,--,1,646,卖盘
771,10:27:23,6.46,-0.01,27,17442,买盘
772,10:26:29,6.47,0.02,146,94462,买盘
773,10:26:23,6.45,-0.01,3,1935,卖盘
774,10:26:17,6.46,0.01,50,32300,买盘
775,10:26:14,6.45,-0.01,7,4515,卖盘
776,10:26:08,6.46,0.01,11,7106,买盘
777,10:25:53,6.45,--,3,1935,卖盘
778,10:25:41,6.45,--,1,645,卖盘
779,10:25:32,6.45,--,3,1935,卖盘
780,10:25:23,6.45,--,11,7095,中性盘
781,10:25:20,6.45,--,36,23220,买盘
782,10:25:17,6.45,0.01,36,23220,买盘
783,10:25:14,6.44,-0.01,9,5796,卖盘
784,10:25:11,6.45,0.01,20,12900,买盘
785,10:25:08,6.44,-0.01,5,3220,卖盘
786,10:25:05,6.45,--,50,32250,买盘
787,10:24:59,6.45,--,100,64500,买盘
788,10:24:53,6.45,--,54,34830,买盘
789,10:24:44,6.45,0.01,17,10965,买盘
790,10:24:13,6.44,--,4,2576,卖盘
791,10:24:07,6.44,0.01,63,40572,买盘
792,10:24:01,6.43,--,7,4501,卖盘
793,10:23:58,6.43,--,7,4501,卖盘
794,10:23:55,6.43,--,6,3858,卖盘
795,10:23:52,6.43,-0.01,5,3215,卖盘
796,10:23:49,6.44,--,44,28336,卖盘
797,10:23:43,6.44,0.01,5,3220,中性盘
798,10:23:13,6.43,--,5,3215,卖盘
799,10:22:58,6.43,-0.01,17,10931,卖盘
800,10:22:49,6.44,--,3,1932,卖盘
801,10:22:16,6.44,--,6,3864,卖盘
802,10:22:10,6.44,--,7,4508,卖盘
803,10:22:04,6.44,--,3,1932,卖盘
804,10:22:01,6.44,0.01,30,19320,中性盘
805,10:21:43,6.43,--,100,64300,卖盘
806,10:21:31,6.43,--,12,7716,卖盘
807,10:21:28,6.43,-0.01,100,64300,卖盘
808,10:21:22,6.44,--,4,2576,卖盘
809,10:21:16,6.44,0.01,10,6440,中性盘
810,10:21:07,6.43,-0.01,100,64300,卖盘
811,10:21:01,6.44,--,3,1932,卖盘
812,10:20:52,6.44,0.01,108,69552,中性盘
813,10:20:37,6.43,-0.01,99,63657,卖盘
814,10:20:34,6.44,--,4,2576,卖盘
815,10:20:31,6.44,--,6,3864,卖盘
816,10:20:25,6.44,--,6,3864,卖盘
817,10:20:22,6.44,--,10,6440,卖盘
818,10:20:16,6.44,--,116,74704,买盘
819,10:20:13,6.44,0.01,53,34132,买盘
820,10:20:04,6.43,--,7,4501,卖盘
821,10:20:01,6.43,-0.01,12,7716,卖盘
822,10:19:55,6.44,--,7,4508,买盘
823,10:19:46,6.44,0.01,100,64400,买盘
824,10:19:43,6.43,--,3,1929,卖盘
825,10:19:40,6.43,--,2,1286,卖盘
826,10:19:37,6.43,--,3,1929,卖盘
827,10:19:31,6.43,--,32,20576,卖盘
828,10:19:28,6.43,--,4,2572,卖盘
829,10:19:22,6.43,--,3,1929,卖盘
830,10:19:19,6.43,--,2,1286,卖盘
831,10:19:13,6.43,--,1,643,卖盘
832,10:19:04,6.43,-0.01,6,3858,卖盘
833,10:18:55,6.44,--,30,19320,卖盘
834,10:18:34,6.44,--,17,10948,卖盘
835,10:18:28,6.44,--,3,1932,买盘
836,10:18:22,6.44,-0.01,47,30268,卖盘
837,10:18:19,6.45,0.01,19,12255,买盘
838,10:18:01,6.44,--,2,1288,卖盘
839,10:17:55,6.44,--,1,644,卖盘
840,10:17:46,6.44,--,75,48300,中性盘
841,10:17:28,6.44,0.01,55,35420,买盘
842,10:17:16,6.43,-0.01,50,32150,卖盘
843,10:17:13,6.44,--,8,5152,买盘
844,10:17:10,6.44,0.01,50,32200,买盘
845,10:17:01,6.43,-0.01,39,25077,卖盘
846,10:16:58,6.44,0.01,23,14812,买盘
847,10:16:49,6.43,--,15,9645,卖盘
848,10:16:40,6.43,--,72,46296,卖盘
849,10:16:34,6.43,0.01,6,3858,中性盘
850,10:16:28,6.42,--,8,5136,卖盘
851,10:16:25,6.42,--,76,48792,卖盘
852,10:16:22,6.42,--,2,1284,卖盘
853,10:16:19,6.42,--,31,19902,卖盘
854,10:16:16,6.42,--,3,1926,卖盘
855,10:16:10,6.42,--,4,2568,卖盘
856,10:16:04,6.42,--,2,1284,卖盘
857,10:15:58,6.42,-0.03,514,329988,卖盘
858,10:15:52,6.45,--,16,10320,卖盘
859,10:15:46,6.45,--,7,4515,卖盘
860,10:15:37,6.45,--,2,1290,卖盘
861,10:15:25,6.45,--,5,3225,卖盘
862,10:15:19,6.45,-0.01,1,645,卖盘
863,10:15:16,6.46,0.01,53,34238,买盘
864,10:15:13,6.45,--,4,2580,卖盘
865,10:15:07,6.45,--,5,3225,卖盘
866,10:15:04,6.45,--,22,14190,卖盘
867,10:15:01,6.45,--,2,1290,卖盘
868,10:14:58,6.45,--,3,1935,卖盘
869,10:14:55,6.45,--,25,16125,卖盘
870,10:14:52,6.45,--,9,5805,卖盘
871,10:14:49,6.45,--,4,2580,卖盘
872,10:14:43,6.45,--,2,1290,卖盘
873,10:14:34,6.45,--,2,1290,卖盘
874,10:14:10,6.45,--,2,1290,卖盘
875,10:14:07,6.45,--,2,1290,卖盘
876,10:14:04,6.45,--,3,1935,卖盘
877,10:14:01,6.45,-0.01,3,1935,卖盘
878,10:13:55,6.46,--,9,5814,买盘
879,10:13:43,6.46,0.01,100,64600,买盘
880,10:13:25,6.45,--,3,1935,卖盘
881,10:13:22,6.45,0.01,236,152220,买盘
882,10:13:16,6.44,--,88,56672,卖盘
883,10:13:04,6.44,--,34,21896,卖盘
884,10:12:49,6.44,-0.01,1,644,卖盘
885,10:12:46,6.45,0.01,15,9675,买盘
886,10:12:43,6.44,--,2,1288,卖盘
887,10:12:37,6.44,--,5,3220,卖盘
888,10:12:34,6.44,--,4,2576,卖盘
889,10:12:31,6.44,--,39,25116,买盘
890,10:12:25,6.44,--,100,64400,买盘
891,10:12:04,6.44,--,11,7084,买盘
892,10:11:58,6.44,0.01,15,9660,买盘
893,10:11:55,6.43,-0.01,101,64943,卖盘
894,10:11:49,6.44,0.01,9,5796,买盘
895,10:11:40,6.43,--,6,3858,卖盘
896,10:11:31,6.43,--,7,4501,卖盘
897,10:11:28,6.43,--,2,1286,卖盘
898,10:11:22,6.43,--,1,643,卖盘
899,10:11:13,6.43,--,4,2572,卖盘
900,10:11:07,6.43,--,7,4501,卖盘
901,10:11:04,6.43,--,2,1286,卖盘
902,10:10:55,6.43,-0.01,5,3215,卖盘
903,10:10:49,6.44,0.01,25,16100,买盘
904,10:10:43,6.43,--,3,1929,卖盘
905,10:10:34,6.43,-0.01,3,1929,卖盘
906,10:10:25,6.44,--,55,35420,卖盘
907,10:10:22,6.44,--,40,25760,卖盘
908,10:10:16,6.44,--,12,7728,卖盘
909,10:10:10,6.44,--,19,12236,买盘
910,10:10:04,6.44,-0.01,158,101752,卖盘
911,10:10:01,6.45,--,4,2580,买盘
912,10:09:55,6.45,0.01,21,13545,买盘
913,10:09:52,6.44,--,1,644,卖盘
914,10:09:49,6.44,--,113,72772,卖盘
915,10:09:46,6.44,--,1,644,卖盘
916,10:09:43,6.44,-0.01,47,30268,卖盘
917,10:09:37,6.45,0.01,71,45795,买盘
918,10:09:31,6.44,--,18,11592,卖盘
919,10:09:16,6.44,--,2,1288,卖盘
920,10:09:13,6.44,-0.01,7,4508,卖盘
921,10:09:10,6.45,--,18,11610,卖盘
922,10:09:07,6.45,--,2,1290,卖盘
923,10:09:01,6.45,--,6,3870,卖盘
924,10:08:55,6.45,--,86,55470,卖盘
925,10:08:46,6.45,--,4,2580,卖盘
926,10:08:40,6.45,--,12,7740,卖盘
927,10:08:37,6.45,--,4,2580,卖盘
928,10:08:16,6.45,--,33,21285,卖盘
929,10:08:10,6.45,--,1,645,卖盘
930,10:08:07,6.45,--,2,1290,卖盘
931,10:08:01,6.45,--,2,1290,卖盘
932,10:07:58,6.45,--,6,3870,卖盘
933,10:07:55,6.45,--,53,34185,卖盘
934,10:07:52,6.45,--,4,2580,卖盘
935,10:07:46,6.45,--,1,645,卖盘
936,10:07:37,6.45,--,3,1935,卖盘
937,10:07:31,6.45,--,17,10965,卖盘
938,10:07:28,6.45,-0.01,3,1935,卖盘
939,10:07:25,6.46,0.01,15,9690,买盘
940,10:07:19,6.45,--,1,645,卖盘
941,10:07:16,6.45,--,10,6450,卖盘
942,10:07:10,6.45,--,31,19995,卖盘
943,10:07:07,6.45,-0.01,50,32250,卖盘
944,10:06:55,6.46,0.01,100,64600,买盘
945,10:06:52,6.45,--,19,12255,卖盘
946,10:06:13,6.45,-0.01,4,2580,卖盘
947,10:06:07,6.46,--,24,15504,卖盘
948,10:06:04,6.46,--,4,2584,卖盘
949,10:06:01,6.46,--,6,3876,卖盘
950,10:05:55,6.46,--,7,4522,卖盘
951,10:05:49,6.46,--,1,646,卖盘
952,10:05:46,6.46,--,10,6460,卖盘
953,10:05:43,6.46,--,18,11628,卖盘
954,10:05:40,6.46,--,3,1938,卖盘
955,10:05:37,6.46,--,4,2584,卖盘
956,10:05:31,6.46,--,4,2584,卖盘
957,10:05:28,6.46,--,9,5814,卖盘
958,10:05:25,6.46,--,3,1938,卖盘
959,10:05:16,6.46,--,7,4522,卖盘
960,10:05:10,6.46,--,5,3230,卖盘
961,10:05:07,6.46,-0.01,8,5168,卖盘
962,10:04:55,6.47,0.01,30,19410,买盘
963,10:04:46,6.46,0.01,5,3230,中性盘
964,10:04:37,6.45,-0.02,5,3225,卖盘
965,10:04:28,6.47,--,46,29762,卖盘
966,10:04:18,6.47,--,10,6470,卖盘
967,10:04:12,6.47,--,1,647,卖盘
968,10:04:06,6.47,--,98,63406,买盘
969,10:03:45,6.47,--,20,12940,买盘
970,10:03:24,6.47,0.01,50,32350,买盘
971,10:03:18,6.46,--,10,6460,买盘
972,10:03:15,6.46,--,7,4522,买盘
973,10:03:12,6.46,-0.01,76,49096,卖盘
974,10:03:09,6.47,0.01,10,6470,买盘
975,10:02:57,6.46,--,36,23256,买盘
976,10:02:54,6.46,--,10,6460,买盘
977,10:02:45,6.46,0.01,20,12920,买盘
978,10:02:30,6.45,--,10,6450,卖盘
979,10:02:27,6.45,0.01,65,41925,买盘
980,10:02:18,6.44,--,5,3220,卖盘
981,10:02:15,6.44,0.01,193,124292,买盘
982,10:02:12,6.43,--,98,63014,卖盘
983,10:02:03,6.43,--,10,6430,卖盘
984,10:02:00,6.43,--,5,3215,卖盘
985,10:01:54,6.43,--,65,41795,买盘
986,10:01:48,6.43,--,41,26363,买盘
987,10:01:45,6.43,--,10,6430,买盘
988,10:01:42,6.43,--,65,41795,买盘
989,10:01:39,6.43,-0.01,149,95807,卖盘
990,10:01:18,6.44,--,1,644,买盘
991,10:01:12,6.44,0.01,20,12880,买盘
992,10:01:09,6.43,--,28,18004,卖盘
993,10:01:03,6.43,--,8,5144,卖盘
994,10:01:00,6.43,--,1,643,卖盘
995,10:00:54,6.43,--,6,3858,卖盘
996,10:00:51,6.43,--,1,643,卖盘
997,10:00:45,6.43,--,10,6430,买盘
998,10:00:42,6.43,0.01,93,59927,买盘
999,10:00:36,6.42,-0.01,84,53928,卖盘
1000,10:00:33,6.43,0.01,73,46939,买盘
1001,10:00:30,6.42,--,10,6420,卖盘
1002,10:00:24,6.42,--,15,9630,卖盘
1003,10:00:15,6.42,0.01,50,32100,买盘
1004,10:00:09,6.41,-0.01,12,7692,卖盘
1005,10:00:06,6.42,--,66,42372,卖盘
1006,10:00:03,6.42,0.01,11,7062,中性盘
1007,09:59:57,6.41,--,79,50639,卖盘
1008,09:59:48,6.41,--,9,5769,卖盘
1009,09:59:45,6.41,-0.01,302,193582,卖盘
1010,09:59:39,6.42,--,5,3210,卖盘
1011,09:59:36,6.42,--,79,50718,卖盘
1012,09:59:30,6.42,-0.01,79,50718,卖盘
1013,09:59:24,6.43,--,4,2572,卖盘
1014,09:59:15,6.43,--,94,60442,卖盘
1015,09:59:03,6.43,--,6,3858,卖盘
1016,09:59:00,6.43,--,4,2572,卖盘
1017,09:58:57,6.43,--,24,15432,卖盘
1018,09:58:51,6.43,--,37,23791,卖盘
1019,09:58:39,6.43,--,6,3858,卖盘
1020,09:58:33,6.43,--,242,155606,卖盘
1021,09:58:27,6.43,-0.01,3,1929,卖盘
1022,09:58:24,6.44,--,395,254380,卖盘
1023,09:58:15,6.44,-0.01,10,6440,卖盘
1024,09:58:12,6.45,0.01,15,9675,买盘
1025,09:58:06,6.44,--,8,5152,卖盘
1026,09:57:57,6.44,--,4,2576,卖盘
1027,09:57:51,6.44,-0.01,3,1932,卖盘
1028,09:57:33,6.45,0.01,227,146415,买盘
1029,09:57:24,6.44,--,87,56028,卖盘
1030,09:57:21,6.44,--,2,1288,卖盘
1031,09:57:18,6.44,--,8,5152,卖盘
1032,09:57:15,6.44,--,97,62468,卖盘
1033,09:57:12,6.44,-0.01,2,1288,卖盘
1034,09:57:09,6.45,--,92,59340,买盘
1035,09:57:06,6.45,0.01,3,1935,买盘
1036,09:57:03,6.44,-0.01,1,644,卖盘
1037,09:56:54,6.45,--,20,12900,买盘
1038,09:56:48,6.45,--,13,8385,买盘
1039,09:56:45,6.45,0.01,10,6450,买盘
1040,09:56:42,6.44,--,4,2576,卖盘
1041,09:56:39,6.44,--,9,5796,卖盘
1042,09:56:36,6.44,--,8,5152,卖盘
1043,09:56:33,6.44,-0.01,52,33488,卖盘
1044,09:56:30,6.45,0.01,52,33540,买盘
1045,09:56:27,6.44,-0.01,4,2576,卖盘
1046,09:56:24,6.45,--,52,33540,买盘
1047,09:56:21,6.45,0.01,30,19350,买盘
1048,09:56:18,6.44,--,3,1932,卖盘
1049,09:56:15,6.44,--,1,644,卖盘
1050,09:56:12,6.44,--,3,1932,卖盘
1051,09:56:09,6.44,-0.01,10,6440,卖盘
1052,09:56:06,6.45,0.01,102,65790,买盘
1053,09:56:03,6.44,--,4,2576,卖盘
1054,09:56:00,6.44,--,12,7728,卖盘
1055,09:55:57,6.44,--,4,2576,卖盘
1056,09:55:54,6.44,--,5,3220,卖盘
1057,09:55:48,6.44,--,15,9660,卖盘
1058,09:55:39,6.44,--,4,2576,卖盘
1059,09:55:36,6.44,-0.01,13,8372,卖盘
1060,09:55:33,6.45,0.01,20,12900,买盘
1061,09:55:30,6.44,--,2,1288,卖盘
1062,09:55:27,6.44,-0.01,1,644,卖盘
1063,09:55:24,6.45,0.01,5,3225,买盘
1064,09:55:21,6.44,--,9,5796,卖盘
1065,09:55:15,6.44,--,7,4508,卖盘
1066,09:55:12,6.44,-0.01,75,48300,卖盘
1067,09:55:09,6.45,0.01,5,3225,买盘
1068,09:55:06,6.44,--,15,9660,卖盘
1069,09:55:00,6.44,--,17,10948,卖盘
1070,09:54:57,6.44,--,3,1932,卖盘
1071,09:54:54,6.44,-0.01,1,644,卖盘
1072,09:54:51,6.45,0.01,26,16770,买盘
1073,09:54:48,6.44,-0.01,5,3220,卖盘
1074,09:54:45,6.45,--,55,35475,买盘
1075,09:54:39,6.45,--,3,1935,买盘
1076,09:54:30,6.45,--,109,70305,买盘
1077,09:54:18,6.45,--,70,45150,买盘
1078,09:54:12,6.45,--,2,1290,买盘
1079,09:54:09,6.45,0.01,107,69015,买盘
1080,09:54:06,6.44,--,40,25760,卖盘
1081,09:54:03,6.44,--,1,644,卖盘
1082,09:54:00,6.44,--,8,5152,卖盘
1083,09:53:57,6.44,-0.01,25,16100,卖盘
1084,09:53:54,6.45,0.01,7,4515,买盘
1085,09:53:42,6.44,--,5,3220,卖盘
1086,09:53:36,6.44,--,3,1932,卖盘
1087,09:53:27,6.44,--,11,7084,卖盘
1088,09:53:21,6.44,0.01,32,20608,买盘
1089,09:53:18,6.43,-0.01,15,9645,卖盘
1090,09:53:15,6.44,--,72,46368,卖盘
1091,09:53:12,6.44,0.01,33,21252,买盘
1092,09:53:06,6.43,-0.01,24,15432,卖盘
1093,09:53:03,6.44,--,47,30268,卖盘
1094,09:53:00,6.44,--,78,50232,卖盘
1095,09:52:57,6.44,--,4,2576,卖盘
1096,09:52:54,6.44,--,100,64400,卖盘
1097,09:52:51,6.44,--,3,1932,卖盘
1098,09:52:48,6.44,--,1,644,卖盘
1099,09:52:45,6.44,--,6,3864,卖盘
1100,09:52:42,6.44,-0.01,10,6440,卖盘
1101,09:52:39,6.45,0.01,29,18705,买盘
1102,09:52:36,6.44,--,7,4508,卖盘
1103,09:52:33,6.44,--,8,5152,卖盘
1104,09:52:30,6.44,-0.01,4,2576,卖盘
1105,09:52:27,6.45,0.01,3,1935,买盘
1106,09:52:21,6.44,-0.01,5,3220,卖盘
1107,09:52:09,6.45,0.01,3,1935,买盘
1108,09:52:09,6.44,--,3,1932,卖盘
1109,09:52:03,6.44,--,5,3220,卖盘
1110,09:52:00,6.44,--,3,1932,卖盘
1111,09:51:57,6.44,-0.01,83,53452,卖盘
1112,09:51:54,6.45,0.01,13,8385,买盘
1113,09:51:45,6.44,-0.01,54,35291,卖盘
1114,09:51:39,6.45,--,7,4515,卖盘
1115,09:51:36,6.45,--,214,138030,卖盘
1116,09:51:33,6.45,--,29,18705,卖盘
1117,09:51:30,6.45,--,36,23220,卖盘
1118,09:51:27,6.45,--,5,3225,卖盘
1119,09:51:24,6.45,--,4,2580,卖盘
1120,09:51:21,6.45,--,1,645,卖盘
1121,09:51:15,6.45,--,3,1935,卖盘
1122,09:51:12,6.45,--,3,1935,卖盘
1123,09:51:03,6.45,--,4,2580,卖盘
1124,09:51:00,6.45,--,6,3870,卖盘
1125,09:50:57,6.45,--,50,32250,卖盘
1126,09:50:54,6.45,--,11,7095,卖盘
1127,09:50:48,6.45,--,18,11610,卖盘
1128,09:50:45,6.45,--,4,2580,卖盘
1129,09:50:42,6.45,--,13,8385,卖盘
1130,09:50:36,6.45,--,10,6450,卖盘
1131,09:50:27,6.45,--,8,5160,卖盘
1132,09:50:24,6.45,--,65,41925,卖盘
1133,09:50:21,6.45,--,242,156090,卖盘
1134,09:50:15,6.45,--,17,10965,卖盘
1135,09:50:09,6.45,--,10,6450,卖盘
1136,09:50:06,6.45,--,11,7095,卖盘
1137,09:50:03,6.45,--,40,25800,卖盘
1138,09:49:57,6.45,-0.01,14,9030,卖盘
1139,09:49:48,6.46,--,3,1938,买盘
1140,09:49:42,6.46,--,420,271320,卖盘
1141,09:49:39,6.46,--,3,1938,卖盘
1142,09:49:36,6.46,--,1,646,卖盘
1143,09:49:33,6.46,--,3,1938,卖盘
1144,09:49:30,6.46,--,1,646,卖盘
1145,09:49:27,6.46,-0.01,66,42636,卖盘
1146,09:49:24,6.47,--,4,2588,卖盘
1147,09:49:21,6.47,--,2,1294,卖盘
1148,09:49:15,6.47,--,2,1294,卖盘
1149,09:49:12,6.47,--,15,9705,卖盘
1150,09:49:09,6.47,-0.01,13,8411,卖盘
1151,09:49:06,6.48,0.01,3,1944,买盘
1152,09:49:03,6.47,--,117,75699,卖盘
1153,09:48:54,6.47,--,3,1941,卖盘
1154,09:48:54,6.47,--,28,18116,卖盘
1155,09:48:48,6.47,--,6,3882,卖盘
1156,09:48:42,6.47,--,57,36879,卖盘
1157,09:48:36,6.47,--,13,8411,卖盘
1158,09:48:09,6.47,--,33,21351,卖盘
1159,09:48:06,6.47,--,1,647,卖盘
1160,09:48:03,6.47,--,7,4529,卖盘
1161,09:48:00,6.47,--,13,8411,卖盘
1162,09:47:57,6.47,--,8,5176,卖盘
1163,09:47:54,6.47,-0.01,6,3882,卖盘
1164,09:47:51,6.48,0.01,5,3240,买盘
1165,09:47:45,6.47,--,27,17469,卖盘
1166,09:47:33,6.47,-0.01,4,2588,卖盘
1167,09:47:30,6.48,--,50,32400,买盘
1168,09:47:21,6.48,--,20,12960,买盘
1169,09:47:18,6.48,0.01,10,6480,买盘
1170,09:47:15,6.47,--,18,11646,卖盘
1171,09:47:09,6.47,-0.01,2,1294,卖盘
1172,09:47:03,6.48,--,88,57024,卖盘
1173,09:47:00,6.48,0.01,101,65448,中性盘
1174,09:46:48,6.47,-0.01,8,5176,卖盘
1175,09:46:42,6.48,--,22,14256,卖盘
1176,09:46:39,6.48,--,3,1944,卖盘
1177,09:46:36,6.48,--,12,7776,卖盘
1178,09:46:33,6.48,--,41,26568,卖盘
1179,09:46:24,6.48,--,1,648,卖盘
1180,09:46:15,6.48,--,7,4536,卖盘
1181,09:46:09,6.48,--,14,9072,卖盘
1182,09:46:06,6.48,0.01,38,24624,买盘
1183,09:46:03,6.47,-0.01,6,3882,卖盘
1184,09:46:00,6.48,--,24,15552,卖盘
1185,09:45:57,6.48,--,3,1944,卖盘
1186,09:45:51,6.48,-0.01,3,1944,卖盘
1187,09:45:45,6.49,0.01,40,25960,买盘
1188,09:45:39,6.48,--,5,3240,卖盘
1189,09:45:33,6.48,--,5,3240,卖盘
1190,09:45:30,6.48,--,8,5184,买盘
1191,09:45:24,6.48,0.01,6,3888,中性盘
1192,09:45:15,6.47,--,2,1294,卖盘
1193,09:44:57,6.47,--,15,9705,买盘
1194,09:44:45,6.47,--,50,32350,卖盘
1195,09:44:42,6.47,--,1,647,买盘
1196,09:44:39,6.47,--,107,69229,买盘
1197,09:44:24,6.47,--,10,6470,买盘
1198,09:44:14,6.47,--,20,12940,买盘
1199,09:44:11,6.47,--,13,8411,买盘
1200,09:44:08,6.47,--,13,8411,买盘
1201,09:43:56,6.47,0.01,73,47231,买盘
1202,09:43:41,6.46,-0.04,10,6460,中性盘
1203,09:43:35,6.5,0.05,149,96850,买盘
1204,09:43:32,6.45,--,2,1290,卖盘
1205,09:43:29,6.45,-0.01,350,225750,卖盘
1206,09:43:26,6.46,-0.01,76,49096,卖盘
1207,09:43:20,6.47,--,4,2588,买盘
1208,09:43:08,6.47,0.01,20,12940,买盘
1209,09:42:53,6.46,--,102,65892,卖盘
1210,09:42:50,6.46,--,54,34884,卖盘
1211,09:42:47,6.46,-0.01,4,2584,卖盘
1212,09:42:44,6.47,0.01,101,65347,买盘
1213,09:42:41,6.46,--,12,7752,卖盘
1214,09:42:38,6.46,-0.01,25,16150,卖盘
1215,09:42:35,6.47,0.01,50,32350,买盘
1216,09:42:32,6.46,--,8,5168,卖盘
1217,09:42:26,6.46,-0.01,454,293284,卖盘
1218,09:42:20,6.47,--,50,32350,买盘
1219,09:42:17,6.47,--,5,3235,买盘
1220,09:42:11,6.47,--,5,3235,买盘
1221,09:42:08,6.47,--,29,18763,买盘
1222,09:42:02,6.47,--,10,6470,买盘
1223,09:41:56,6.47,--,10,6470,买盘
1224,09:41:50,6.47,-0.01,73,47231,卖盘
1225,09:41:44,6.48,0.01,14,9072,买盘
1226,09:41:41,6.47,-0.01,3,1941,卖盘
1227,09:41:35,6.48,--,200,129600,买盘
1228,09:41:32,6.48,--,18,11664,买盘
1229,09:41:23,6.48,--,10,6480,买盘
1230,09:41:17,6.48,--,47,30456,卖盘
1231,09:41:08,6.48,--,5,3240,卖盘
1232,09:41:05,6.48,--,30,19440,买盘
1233,09:41:02,6.48,--,17,11016,买盘
1234,09:40:59,6.48,--,54,34992,买盘
1235,09:40:50,6.48,0.02,5,3240,买盘
1236,09:40:32,6.46,-0.02,101,65246,卖盘
1237,09:40:29,6.48,--,30,19440,买盘
1238,09:40:20,6.48,-0.01,27,17496,卖盘
1239,09:40:17,6.49,--,100,64900,买盘
1240,09:40:14,6.49,0.01,1,649,买盘
1241,09:40:05,6.48,-0.01,13,8424,卖盘
1242,09:39:59,6.49,--,61,39589,买盘
1243,09:39:56,6.49,--,140,90860,买盘
1244,09:39:50,6.49,0.01,100,64900,买盘
1245,09:39:38,6.48,--,1,648,卖盘
1246,09:39:35,6.48,0.01,5,3240,卖盘
1247,09:39:26,6.47,--,7,4529,卖盘
1248,09:39:23,6.47,-0.01,282,182454,卖盘
1249,09:39:17,6.48,0.01,50,32400,买盘
1250,09:39:14,6.47,--,1,647,卖盘
1251,09:39:11,6.47,--,31,20057,卖盘
1252,09:38:53,6.47,0.01,109,70523,买盘
1253,09:38:41,6.46,--,11,7106,卖盘
1254,09:38:32,6.46,-0.01,82,52972,卖盘
1255,09:38:29,6.47,--,14,9058,买盘
1256,09:38:26,6.47,--,36,23292,买盘
1257,09:38:23,6.47,0.01,10,6470,买盘
1258,09:38:17,6.46,--,31,20026,卖盘
1259,09:38:11,6.46,--,13,8398,卖盘
1260,09:38:08,6.46,--,4,2584,卖盘
1261,09:38:05,6.46,--,115,74290,卖盘
1262,09:37:59,6.46,--,7,4522,卖盘
1263,09:37:56,6.46,-0.02,67,43282,卖盘
1264,09:37:53,6.48,0.02,39,25272,买盘
1265,09:37:41,6.46,-0.01,362,233852,卖盘
1266,09:37:38,6.47,--,35,22645,卖盘
1267,09:37:35,6.47,--,10,6470,卖盘
1268,09:37:29,6.47,0.01,23,14881,中性盘
1269,09:37:23,6.46,-0.01,136,87985,卖盘
1270,09:37:17,6.47,--,2,1294,卖盘
1271,09:37:08,6.47,--,280,181160,卖盘
1272,09:37:05,6.47,-0.02,200,129400,卖盘
1273,09:37:02,6.49,0.01,31,20119,买盘
1274,09:36:59,6.48,--,71,46008,卖盘
1275,09:36:56,6.48,--,205,132840,卖盘
1276,09:36:50,6.48,--,5,3240,卖盘
1277,09:36:47,6.48,--,7,4536,卖盘
1278,09:36:44,6.48,--,3,1944,卖盘
1279,09:36:41,6.48,--,3,1944,卖盘
1280,09:36:38,6.48,-0.02,255,165240,卖盘
1281,09:36:35,6.5,0.01,55,35750,买盘
1282,09:36:32,6.49,-0.01,4,2596,卖盘
1283,09:36:26,6.5,0.01,10,6500,买盘
1284,09:36:23,6.49,-0.01,3,1947,卖盘
1285,09:36:17,6.5,--,22,14300,卖盘
1286,09:36:14,6.5,--,57,37050,卖盘
1287,09:36:11,6.5,--,31,20150,卖盘
1288,09:35:59,6.5,--,57,37050,卖盘
1289,09:35:56,6.5,--,5,3250,卖盘
1290,09:35:53,6.5,--,3,1950,卖盘
1291,09:35:50,6.5,--,124,80600,卖盘
1292,09:35:47,6.5,--,118,76700,卖盘
1293,09:35:41,6.5,--,7,4550,卖盘
1294,09:35:38,6.5,--,1,650,卖盘
1295,09:35:35,6.5,--,6,3900,卖盘
1296,09:35:29,6.5,-0.01,20,13000,卖盘
1297,09:35:11,6.51,0.01,43,27993,买盘
1298,09:35:05,6.5,--,200,130000,卖盘
1299,09:35:02,6.5,-0.01,240,156000,卖盘
1300,09:34:44,6.51,--,10,6510,买盘
1301,09:34:41,6.51,0.01,10,6510,买盘
1302,09:34:38,6.5,-0.01,50,32500,卖盘
1303,09:34:32,6.51,0.01,50,32550,买盘
1304,09:34:29,6.5,-0.01,102,66300,卖盘
1305,09:34:26,6.51,0.01,10,6510,买盘
1306,09:34:14,6.5,--,6,3900,卖盘
1307,09:34:05,6.5,-0.01,2,1300,卖盘
1308,09:34:02,6.51,--,82,53382,买盘
1309,09:33:59,6.51,0.01,3,1953,买盘
1310,09:33:56,6.5,--,5,3250,卖盘
1311,09:33:53,6.5,-0.01,213,138450,卖盘
1312,09:33:50,6.51,0.01,70,45570,买盘
1313,09:33:35,6.5,-0.01,1,650,卖盘
1314,09:33:32,6.51,--,345,224595,买盘
1315,09:33:29,6.51,--,82,53382,买盘
1316,09:33:23,6.51,--,10,6510,买盘
1317,09:33:17,6.51,--,10,6510,买盘
1318,09:33:14,6.51,0.01,133,86583,买盘
1319,09:33:05,6.5,--,245,159250,卖盘
1320,09:33:02,6.5,--,18,11700,卖盘
1321,09:32:59,6.5,0.01,511,332150,买盘
1322,09:32:56,6.49,--,25,16225,卖盘
1323,09:32:53,6.49,--,130,84370,买盘
1324,09:32:50,6.49,0.01,50,32450,买盘
1325,09:32:47,6.48,-0.01,80,51840,卖盘
1326,09:32:44,6.49,0.01,110,71390,买盘
1327,09:32:41,6.48,--,83,53784,卖盘
1328,09:32:32,6.48,--,11,7128,卖盘
1329,09:32:26,6.48,--,10,6480,卖盘
1330,09:32:20,6.48,--,25,16200,卖盘
1331,09:32:17,6.48,-0.01,4,2592,卖盘
1332,09:32:14,6.49,0.01,8,5192,买盘
1333,09:32:11,6.48,--,21,13608,卖盘
1334,09:32:08,6.48,-0.01,6,3888,卖盘
1335,09:32:05,6.49,--,21,13629,买盘
1336,09:32:02,6.49,--,80,51920,买盘
1337,09:31:56,6.49,--,32,20768,买盘
1338,09:31:53,6.49,0.01,15,9735,买盘
1339,09:31:50,6.48,--,54,34992,卖盘
1340,09:31:47,6.48,-0.01,43,27864,卖盘
1341,09:31:44,6.49,0.01,13,8437,买盘
1342,09:31:41,6.48,-0.01,3,1944,卖盘
1343,09:31:35,6.49,0.01,25,16225,买盘
1344,09:31:32,6.48,-0.02,406,263088,卖盘
1345,09:31:29,6.5,0.01,18,11700,买盘
1346,09:31:23,6.49,-0.01,11,7139,卖盘
1347,09:31:05,6.5,--,18,11700,买盘
1348,09:30:56,6.5,0.01,66,42900,买盘
1349,09:30:53,6.49,--,17,11033,卖盘
1350,09:30:50,6.49,--,22,14278,卖盘
1351,09:30:47,6.49,-0.01,47,30503,卖盘
1352,09:30:44,6.5,0.01,163,105950,买盘
1353,09:30:41,6.49,--,17,11033,卖盘
1354,09:30:38,6.49,-0.01,2,1298,卖盘
1355,09:30:35,6.5,0.02,22,14300,买盘
1356,09:30:32,6.48,-0.02,36,23328,卖盘
1357,09:30:29,6.5,0.02,1,650,买盘
1358,09:30:23,6.48,--,55,35640,卖盘
1359,09:30:14,6.48,-0.02,12,7776,卖盘
1360,09:30:08,6.5,--,29,18850,买盘
1361,09:30:05,6.5,-0.01,1400,910000,卖盘
1362,09:26:11,6.51,--,0,0,卖盘
1363,09:25:08,6.51,6.51,465,302715,买盘
