,time,price,change,volume,amount,type
0,15:00:24,27.25,--,996,2714100,买盘
1,14:57:27,27.25,--,0,0,买盘
2,14:57:03,27.25,0.01,112,305200,卖盘
3,14:56:54,27.24,-0.01,19,51756,卖盘
4,14:56:51,27.25,--,103,280675,买盘
5,14:56:48,27.25,--,43,117175,买盘
6,14:56:42,27.25,--,11,29975,买盘
7,14:56:39,27.25,--,98,267050,卖盘
8,14:56:33,27.25,--,110,299750,卖盘
9,14:56:30,27.25,-0.02,12,32700,卖盘
10,14:56:27,27.27,0.02,10,27270,买盘
11,14:56:24,27.25,--,2,5450,卖盘
12,14:56:21,27.25,--,1,2725,卖盘
13,14:56:18,27.25,-0.03,3,8175,卖盘
14,14:56:15,27.28,--,32,87296,买盘
15,14:56:12,27.28,--,6,16368,买盘
16,14:56:09,27.28,--,33,90024,买盘
17,14:56:06,27.28,0.03,19,51832,买盘
18,14:56:03,27.25,-0.03,37,100825,卖盘
19,14:56:00,27.28,0.03,32,87296,买盘
20,14:55:57,27.25,--,3,8175,卖盘
21,14:55:51,27.25,-0.02,14,38150,卖盘
22,14:55:45,27.27,0.02,7,19089,中性盘
23,14:55:42,27.25,0.01,9,24961,买盘
24,14:55:39,27.24,--,7,19068,卖盘
25,14:55:36,27.24,-0.01,95,258779,卖盘
26,14:55:33,27.25,--,17,48614,卖盘
27,14:55:30,27.25,--,31,84911,买盘
28,14:55:27,27.25,0.01,2,5450,买盘
29,14:55:24,27.24,--,7,19068,卖盘
30,14:55:21,27.24,--,37,100788,卖盘
31,14:55:18,27.24,0.01,479,1307084,买盘
32,14:55:15,27.23,--,86,234613,卖盘
33,14:55:09,27.23,-0.01,3,8169,卖盘
34,14:55:06,27.24,--,118,321432,买盘
35,14:55:00,27.24,-0.01,234,639704,卖盘
36,14:54:57,27.25,--,4,10900,买盘
37,14:54:54,27.25,0.01,45,123061,买盘
38,14:54:51,27.24,-0.01,16,43584,卖盘
39,14:54:48,27.25,--,3,8175,买盘
40,14:54:45,27.25,--,146,397850,买盘
41,14:54:42,27.25,0.01,40,109000,买盘
42,14:54:36,27.24,-0.01,2,5448,卖盘
43,14:54:33,27.25,--,60,163500,买盘
44,14:54:30,27.25,--,35,95375,买盘
45,14:54:27,27.25,--,18,49050,买盘
46,14:54:24,27.25,--,52,141700,买盘
47,14:54:21,27.25,--,246,670350,买盘
48,14:54:18,27.25,-0.04,149,406025,卖盘
49,14:54:15,27.29,0.04,63,171927,买盘
50,14:54:09,27.25,0.01,2,5450,卖盘
51,14:54:03,27.24,-0.04,4,10896,卖盘
52,14:54:00,27.28,0.04,257,701096,买盘
53,14:53:54,27.24,--,11,29964,卖盘
54,14:53:51,27.24,-0.01,10,27240,卖盘
55,14:53:48,27.25,--,3,8175,买盘
56,14:53:45,27.25,--,13,35425,买盘
57,14:53:42,27.25,0.01,22,61694,买盘
58,14:53:39,27.24,-0.01,27,73548,卖盘
59,14:53:33,27.25,0.01,162,441450,买盘
60,14:53:30,27.24,-0.01,16,43584,中性盘
61,14:53:27,27.25,--,4,10900,买盘
62,14:53:24,27.25,--,15,40875,买盘
63,14:53:18,27.25,--,7,19075,买盘
64,14:53:15,27.25,--,22,59950,买盘
65,14:53:12,27.25,--,55,149875,买盘
66,14:53:09,27.25,0.01,10,27250,买盘
67,14:53:06,27.24,-0.01,14,38136,卖盘
68,14:53:03,27.25,--,35,95375,买盘
69,14:53:00,27.25,--,8,21800,买盘
70,14:52:57,27.25,--,13,35425,买盘
71,14:52:54,27.25,--,191,520475,买盘
72,14:52:51,27.25,-0.04,391,1065475,卖盘
73,14:52:48,27.29,0.01,12,32748,买盘
74,14:52:45,27.28,-0.01,4,10912,卖盘
75,14:52:42,27.29,--,9,24561,买盘
76,14:52:39,27.29,0.01,48,130992,买盘
77,14:52:36,27.28,-0.01,111,302808,卖盘
78,14:52:33,27.29,--,54,147366,买盘
79,14:52:30,27.29,--,11,30019,买盘
80,14:52:24,27.29,--,6,16374,买盘
81,14:52:21,27.29,--,34,92786,买盘
82,14:52:18,27.29,--,25,68225,买盘
83,14:52:12,27.29,--,11,30019,买盘
84,14:52:09,27.29,--,8,21832,买盘
85,14:52:06,27.29,0.01,35,95515,买盘
86,14:52:03,27.28,--,2,5456,卖盘
87,14:52:00,27.28,--,60,163680,买盘
88,14:51:54,27.28,--,83,226424,买盘
89,14:51:51,27.28,0.01,102,278256,买盘
90,14:51:48,27.27,--,12,32724,卖盘
91,14:51:45,27.27,-0.01,20,54540,卖盘
92,14:51:42,27.28,--,47,128216,买盘
93,14:51:39,27.28,0.01,48,130944,买盘
94,14:51:36,27.27,-0.01,22,59994,卖盘
95,14:51:30,27.28,--,21,57288,买盘
96,14:51:27,27.28,--,43,117304,买盘
97,14:51:24,27.28,0.01,20,54560,买盘
98,14:51:21,27.27,--,101,275427,买盘
99,14:51:15,27.27,--,3,8181,卖盘
100,14:51:12,27.27,--,46,125442,卖盘
101,14:51:09,27.27,-0.01,92,250884,卖盘
102,14:51:06,27.28,--,29,79112,买盘
103,14:51:03,27.28,0.02,27,73656,买盘
104,14:51:00,27.26,-0.02,100,272600,卖盘
105,14:50:57,27.28,--,15,40920,买盘
106,14:50:54,27.28,0.02,9,24552,买盘
107,14:50:51,27.26,--,7,19082,卖盘
108,14:50:48,27.26,-0.01,20,54520,卖盘
109,14:50:45,27.27,--,20,54540,卖盘
110,14:50:42,27.27,--,9,24543,买盘
111,14:50:39,27.27,--,27,73629,卖盘
112,14:50:36,27.27,--,26,70902,买盘
113,14:50:33,27.27,0.01,1,2727,买盘
114,14:50:30,27.26,-0.01,7,19082,卖盘
115,14:50:27,27.27,0.01,4,10908,买盘
116,14:50:24,27.26,--,50,136300,买盘
117,14:50:21,27.26,--,17,46342,买盘
118,14:50:15,27.26,0.01,1,2726,买盘
119,14:50:12,27.25,--,70,190750,买盘
120,14:50:09,27.25,--,489,1332525,买盘
121,14:50:03,27.25,--,36,98100,买盘
122,14:50:00,27.25,0.01,94,256150,买盘
123,14:49:57,27.24,-0.01,27,73548,卖盘
124,14:49:51,27.25,--,10,27250,买盘
125,14:49:48,27.25,--,66,179850,买盘
126,14:49:45,27.25,0.01,1,2725,买盘
127,14:49:42,27.24,-0.01,2,5448,卖盘
128,14:49:39,27.25,--,24,65400,买盘
129,14:49:36,27.25,--,4,10900,买盘
130,14:49:33,27.25,--,20,54500,买盘
131,14:49:30,27.25,--,83,226175,买盘
132,14:49:27,27.25,--,41,111725,买盘
133,14:49:24,27.25,0.01,1,2725,买盘
134,14:49:21,27.24,-0.01,1,2724,卖盘
135,14:49:18,27.25,--,32,87200,买盘
136,14:49:15,27.25,0.01,17,46325,买盘
137,14:49:12,27.24,--,1,2724,卖盘
138,14:49:09,27.24,-0.01,14,38136,卖盘
139,14:49:06,27.25,--,25,68125,买盘
140,14:49:00,27.25,--,66,179850,买盘
141,14:48:57,27.25,--,14,38150,买盘
142,14:48:54,27.25,--,405,1103625,买盘
143,14:48:51,27.25,0.01,5,13625,买盘
144,14:48:48,27.24,--,7,19068,卖盘
145,14:48:45,27.24,-0.01,28,76272,卖盘
146,14:48:39,27.25,0.01,56,152600,买盘
147,14:48:36,27.24,-0.01,15,40860,卖盘
148,14:48:33,27.25,0.01,22,59950,买盘
149,14:48:30,27.24,--,47,128027,卖盘
150,14:48:27,27.24,0.01,45,122580,买盘
151,14:48:24,27.23,-0.01,16,44112,卖盘
152,14:48:21,27.24,0.01,2,5448,买盘
153,14:48:18,27.23,-0.01,8,21784,卖盘
154,14:48:15,27.24,--,3,8171,买盘
155,14:48:12,27.24,-0.01,132,359568,买盘
156,14:48:09,27.25,0.01,15,40875,买盘
157,14:48:06,27.24,-0.01,52,141648,卖盘
158,14:48:03,27.25,--,45,122625,买盘
159,14:48:00,27.25,0.01,53,144425,买盘
160,14:47:57,27.24,-0.01,4,10896,中性盘
161,14:47:51,27.25,--,4,10900,买盘
162,14:47:48,27.25,0.02,22,59950,买盘
163,14:47:45,27.23,-0.01,28,76244,卖盘
164,14:47:42,27.24,--,2,5448,卖盘
165,14:47:39,27.24,--,33,89892,卖盘
166,14:47:36,27.24,--,145,394980,卖盘
167,14:47:33,27.24,-0.01,30,81720,卖盘
168,14:47:30,27.25,0.01,81,220725,买盘
169,14:47:27,27.24,-0.01,5,13620,卖盘
170,14:47:24,27.25,0.01,8,21800,买盘
171,14:47:21,27.24,--,30,81720,卖盘
172,14:47:15,27.24,-0.01,27,73548,卖盘
173,14:47:09,27.25,--,68,185300,买盘
174,14:47:06,27.25,--,46,125350,买盘
175,14:47:03,27.25,--,113,307925,卖盘
176,14:47:00,27.25,-0.01,15,40875,卖盘
177,14:46:57,27.26,-0.02,2,5452,中性盘
178,14:46:54,27.28,--,3,8184,买盘
179,14:46:51,27.28,0.01,34,92752,买盘
180,14:46:48,27.27,-0.01,6,16362,中性盘
181,14:46:42,27.28,--,31,84568,买盘
182,14:46:39,27.28,0.03,56,152768,买盘
183,14:46:36,27.25,-0.02,120,327000,卖盘
184,14:46:33,27.27,0.02,31,84537,买盘
185,14:46:27,27.25,-0.03,11,29975,卖盘
186,14:46:24,27.28,--,2,5456,买盘
187,14:46:21,27.28,--,12,32736,买盘
188,14:46:18,27.28,--,4,10912,买盘
189,14:46:15,27.28,0.02,10,27280,买盘
190,14:46:12,27.26,-0.02,11,29986,卖盘
191,14:46:05,27.28,--,17,46376,买盘
192,14:46:02,27.28,--,20,54560,买盘
193,14:45:56,27.28,0.03,8,21824,买盘
194,14:45:53,27.25,-0.04,6,16350,卖盘
195,14:45:50,27.29,0.05,2,5458,买盘
196,14:45:47,27.24,-0.01,9,24516,卖盘
197,14:45:41,27.25,0.01,17,46325,买盘
198,14:45:38,27.24,--,125,340500,中性盘
199,14:45:32,27.24,0.01,29,78996,买盘
200,14:45:29,27.23,--,59,160657,卖盘
201,14:45:23,27.23,-0.01,39,106197,卖盘
202,14:45:20,27.24,--,8,21792,买盘
203,14:45:17,27.24,--,1010,2751240,买盘
204,14:45:14,27.24,0.01,5,13620,买盘
205,14:45:11,27.23,-0.01,6,16338,卖盘
206,14:45:08,27.24,--,14,38136,买盘
207,14:45:05,27.24,--,5,13620,买盘
208,14:45:02,27.24,0.02,61,166164,买盘
209,14:44:59,27.22,-0.02,6,16332,卖盘
210,14:44:56,27.24,0.01,516,1405584,买盘
211,14:44:50,27.23,--,16,43568,买盘
212,14:44:47,27.23,--,185,503755,卖盘
213,14:44:44,27.23,--,18,49014,卖盘
214,14:44:41,27.23,--,34,92582,卖盘
215,14:44:38,27.23,0.01,284,773332,买盘
216,14:44:35,27.22,--,19,51718,买盘
217,14:44:32,27.22,--,16,43552,买盘
218,14:44:29,27.22,--,29,78938,买盘
219,14:44:26,27.22,0.02,25,68050,买盘
220,14:44:20,27.2,--,5,13600,卖盘
221,14:44:17,27.2,-0.02,108,293760,卖盘
222,14:44:14,27.22,--,8,21776,买盘
223,14:44:11,27.22,--,76,206872,买盘
224,14:44:08,27.22,0.02,3,8166,买盘
225,14:44:05,27.2,--,30,81600,卖盘
226,14:44:02,27.2,--,41,111520,卖盘
227,14:43:56,27.2,0.1,807,2195040,买盘
228,14:43:53,27.1,-0.01,11,29810,卖盘
229,14:43:50,27.11,--,12,32532,买盘
230,14:43:47,27.11,0.02,33,89463,买盘
231,14:43:44,27.09,0.04,10,27090,中性盘
232,14:43:41,27.05,--,13,35165,卖盘
233,14:43:38,27.05,--,145,392225,卖盘
234,14:43:35,27.05,--,6,16230,卖盘
235,14:43:32,27.05,--,25,67625,卖盘
236,14:43:29,27.05,--,491,1330751,买盘
237,14:43:23,27.05,--,137,370585,买盘
238,14:43:17,27.05,--,62,167710,买盘
239,14:43:14,27.05,--,150,405750,买盘
240,14:43:08,27.05,-0.1,1910,5166658,卖盘
241,14:43:05,27.15,0.04,3,8145,买盘
242,14:43:02,27.11,-0.04,90,243990,卖盘
243,14:42:59,27.15,0.05,2,5430,买盘
244,14:42:56,27.1,-0.02,23,62330,卖盘
245,14:42:53,27.12,0.02,1,2712,中性盘
246,14:42:50,27.1,--,15,40650,卖盘
247,14:42:47,27.1,--,41,113711,买盘
248,14:42:44,27.1,--,22,59620,买盘
249,14:42:41,27.1,--,65,176150,买盘
250,14:42:38,27.1,0.01,351,951210,买盘
251,14:42:35,27.09,-0.01,33,89397,卖盘
252,14:42:32,27.1,--,23,62330,买盘
253,14:42:29,27.1,--,132,357720,买盘
254,14:42:23,27.1,--,9,24390,买盘
255,14:42:20,27.1,--,10,27100,买盘
256,14:42:17,27.1,0.02,4,10840,买盘
257,14:42:14,27.08,--,7,18956,卖盘
258,14:42:05,27.08,-0.02,35,94780,卖盘
259,14:42:02,27.1,0.01,47,127370,买盘
260,14:41:59,27.09,--,42,113778,买盘
261,14:41:56,27.09,-0.01,174,471366,卖盘
262,14:41:50,27.1,--,37,100270,买盘
263,14:41:47,27.1,--,6,16260,买盘
264,14:41:44,27.1,0.01,50,135500,买盘
265,14:41:38,27.09,-0.01,76,205884,卖盘
266,14:41:35,27.1,-0.05,1172,3176228,卖盘
267,14:41:32,27.15,--,73,198195,卖盘
268,14:41:29,27.15,--,25,67875,卖盘
269,14:41:23,27.15,-0.01,67,181905,卖盘
270,14:41:20,27.16,--,18,48888,买盘
271,14:41:17,27.16,-0.01,67,181972,卖盘
272,14:41:14,27.17,0.01,20,54340,买盘
273,14:41:08,27.16,-0.01,15,40740,卖盘
274,14:41:05,27.17,--,30,81510,买盘
275,14:40:59,27.17,--,7,19019,买盘
276,14:40:56,27.17,0.02,31,84227,买盘
277,14:40:53,27.15,-0.01,185,502275,卖盘
278,14:40:50,27.16,-0.01,69,187404,中性盘
279,14:40:44,27.17,--,39,105963,买盘
280,14:40:41,27.17,0.02,27,73359,中性盘
281,14:40:38,27.15,-0.02,95,257925,卖盘
282,14:40:35,27.17,-0.02,6,16302,卖盘
283,14:40:32,27.19,0.04,12,32628,买盘
284,14:40:29,27.15,--,7,19005,卖盘
285,14:40:26,27.15,--,13,35295,卖盘
286,14:40:23,27.15,-0.01,25,67875,卖盘
287,14:40:20,27.16,-0.04,5,13580,卖盘
288,14:40:17,27.2,0.05,10,27200,买盘
289,14:40:14,27.15,--,7,19005,卖盘
290,14:40:11,27.15,--,4,10860,卖盘
291,14:40:08,27.15,-0.05,1,2715,卖盘
292,14:40:05,27.2,0.05,19,51680,买盘
293,14:40:02,27.15,-0.05,8,21720,中性盘
294,14:39:50,27.2,0.02,17,46240,买盘
295,14:39:47,27.18,0.04,201,546318,买盘
296,14:39:44,27.14,0.02,4,10856,中性盘
297,14:39:35,27.12,-0.1,187,507144,卖盘
298,14:39:29,27.22,--,12,32664,买盘
299,14:39:26,27.22,0.09,11,29942,买盘
300,14:39:23,27.13,-0.07,295,800335,卖盘
301,14:39:20,27.2,--,6,16320,卖盘
302,14:39:17,27.2,-0.02,14,38080,卖盘
303,14:39:14,27.22,--,6,16332,买盘
304,14:39:11,27.22,0.02,2,5444,中性盘
305,14:39:08,27.2,-0.02,73,198560,卖盘
306,14:39:05,27.22,0.02,8,21776,买盘
307,14:39:02,27.2,--,7,19040,卖盘
308,14:38:59,27.2,--,3,8160,卖盘
309,14:38:56,27.2,0.06,25,68000,中性盘
310,14:38:53,27.14,-0.01,33,89562,中性盘
311,14:38:50,27.15,--,4,10860,买盘
312,14:38:47,27.15,--,6,16290,买盘
313,14:38:41,27.15,--,78,211770,卖盘
314,14:38:35,27.15,-0.07,100,271500,卖盘
315,14:38:32,27.22,0.07,164,446408,买盘
316,14:38:29,27.15,-0.04,24,65160,卖盘
317,14:38:26,27.19,0.04,9,24471,买盘
318,14:38:23,27.15,-0.04,6,16290,卖盘
319,14:38:20,27.19,0.04,43,116917,买盘
320,14:38:17,27.15,0.03,11,29865,买盘
321,14:38:14,27.12,-0.03,23,62376,卖盘
322,14:38:11,27.15,0.03,13,35295,买盘
323,14:38:08,27.12,-0.03,6,16272,卖盘
324,14:38:05,27.15,0.03,22,59730,买盘
325,14:38:02,27.12,--,40,108480,卖盘
326,14:37:59,27.12,-0.03,7,18984,卖盘
327,14:37:56,27.15,0.03,3,8145,买盘
328,14:37:53,27.12,--,14,37968,卖盘
329,14:37:50,27.12,--,72,195264,卖盘
330,14:37:47,27.12,-0.03,7,18984,卖盘
331,14:37:44,27.15,--,10,27150,买盘
332,14:37:41,27.15,0.04,5,13575,中性盘
333,14:37:35,27.11,-0.13,129,349719,卖盘
334,14:37:32,27.24,0.05,20,54480,买盘
335,14:37:29,27.19,0.03,6,16314,卖盘
336,14:37:26,27.16,-0.07,24,65184,卖盘
337,14:37:23,27.23,0.13,17,46291,中性盘
338,14:37:20,27.1,-0.12,1112,3016121,卖盘
339,14:37:14,27.22,--,5,13610,卖盘
340,14:37:11,27.22,--,3,8166,卖盘
341,14:37:08,27.22,0.04,290,789380,买盘
342,14:37:05,27.18,-0.01,5,13590,卖盘
343,14:37:02,27.19,0.01,39,106041,买盘
344,14:36:59,27.18,--,8,21744,卖盘
345,14:36:53,27.18,--,5,13590,中性盘
346,14:36:47,27.18,0.06,50,135900,买盘
347,14:36:44,27.12,-0.03,5,13560,中性盘
348,14:36:38,27.15,0.04,92,249780,买盘
349,14:36:35,27.11,--,9,24399,买盘
350,14:36:29,27.11,0.01,8,21688,买盘
351,14:36:26,27.1,--,13,35230,卖盘
352,14:36:23,27.1,--,22,59620,卖盘
353,14:36:20,27.1,--,5,13550,卖盘
354,14:36:17,27.1,--,28,75880,买盘
355,14:36:14,27.1,--,6,16260,买盘
356,14:36:11,27.1,--,22,59620,买盘
357,14:36:08,27.1,--,8,21680,买盘
358,14:36:05,27.1,-0.04,36,97560,卖盘
359,14:36:02,27.14,0.08,29,78706,买盘
360,14:35:59,27.06,-0.04,11,29766,卖盘
361,14:35:56,27.1,0.05,1,2710,中性盘
362,14:35:53,27.05,-0.01,214,578870,卖盘
363,14:35:50,27.06,-0.05,5,13530,卖盘
364,14:35:47,27.11,--,2,5422,买盘
365,14:35:44,27.11,0.06,2,5422,买盘
366,14:35:41,27.05,--,7,18935,买盘
367,14:35:38,27.05,--,39,105495,买盘
368,14:35:35,27.05,-0.17,2671,7225055,卖盘
369,14:35:32,27.22,0.07,520,1415440,买盘
370,14:35:29,27.15,-0.04,29,78735,卖盘
371,14:35:20,27.19,0.05,12,32628,买盘
372,14:35:17,27.14,--,28,75992,卖盘
373,14:35:14,27.14,--,14,37996,卖盘
374,14:35:11,27.14,0.01,30,81420,卖盘
375,14:35:08,27.13,--,1,2713,卖盘
376,14:35:05,27.13,--,223,604999,买盘
377,14:35:02,27.13,0.01,87,236031,买盘
378,14:34:59,27.12,-0.01,93,252216,卖盘
379,14:34:56,27.13,0.01,23,62399,买盘
380,14:34:53,27.12,--,4,10848,卖盘
381,14:34:50,27.12,--,32,86784,买盘
382,14:34:47,27.12,--,5,13560,买盘
383,14:34:44,27.12,0.02,47,127464,买盘
384,14:34:41,27.1,--,41,111110,卖盘
385,14:34:38,27.1,-0.03,99,268290,卖盘
386,14:34:35,27.13,0.02,61,165493,买盘
387,14:34:29,27.11,0.01,21,56931,买盘
388,14:34:26,27.1,-0.02,1088,2948480,卖盘
389,14:34:20,27.12,0.01,160,433920,买盘
390,14:34:17,27.11,--,4,10844,中性盘
391,14:34:11,27.11,--,29,78619,卖盘
392,14:34:08,27.11,--,5,13555,卖盘
393,14:34:05,27.11,--,73,197903,卖盘
394,14:34:02,27.11,-0.09,59,159949,卖盘
395,14:33:59,27.2,0.1,3,8160,买盘
396,14:33:56,27.1,-0.1,5,13550,卖盘
397,14:33:53,27.2,0.06,22,59840,买盘
398,14:33:50,27.14,0.01,9,24426,买盘
399,14:33:47,27.13,0.03,10,27130,中性盘
400,14:33:44,27.1,-0.12,1165,3158342,卖盘
401,14:33:38,27.22,0.02,94,255868,买盘
402,14:33:35,27.2,-0.04,509,1384480,卖盘
403,14:33:32,27.24,0.02,60,163440,买盘
404,14:33:26,27.22,--,5,13610,卖盘
405,14:33:23,27.22,-0.02,2,5444,卖盘
406,14:33:20,27.24,--,9,24516,买盘
407,14:33:17,27.24,0.02,14,38136,买盘
408,14:33:11,27.22,-0.02,80,217760,卖盘
409,14:33:08,27.24,-0.01,22,59928,卖盘
410,14:33:02,27.25,--,29,79025,买盘
411,14:32:56,27.25,--,87,237075,卖盘
412,14:32:50,27.25,-0.01,5,13625,卖盘
413,14:32:47,27.26,--,305,831430,卖盘
414,14:32:44,27.26,--,100,272600,卖盘
415,14:32:41,27.26,-0.01,186,507036,卖盘
416,14:32:35,27.27,-0.01,10,27270,卖盘
417,14:32:32,27.28,0.01,80,218240,买盘
418,14:32:29,27.27,-0.01,37,100899,卖盘
419,14:32:23,27.28,--,144,393486,卖盘
420,14:32:20,27.28,--,14,38192,卖盘
421,14:32:17,27.28,--,45,122760,卖盘
422,14:32:14,27.28,--,15,40920,卖盘
423,14:32:11,27.28,--,130,354640,卖盘
424,14:32:08,27.28,-0.01,23,62744,卖盘
425,14:32:05,27.29,0.01,44,120076,买盘
426,14:32:02,27.28,-0.01,6,16368,卖盘
427,14:31:59,27.29,--,150,409350,卖盘
428,14:31:53,27.29,--,7,19103,卖盘
429,14:31:47,27.29,--,14,38206,卖盘
430,14:31:44,27.29,-0.01,22,60038,卖盘
431,14:31:41,27.3,--,108,294840,卖盘
432,14:31:38,27.3,--,90,245700,卖盘
433,14:31:35,27.3,--,13,35490,卖盘
434,14:31:32,27.3,--,50,136500,卖盘
435,14:31:26,27.3,--,53,144690,卖盘
436,14:31:23,27.3,--,8,21840,卖盘
437,14:31:20,27.3,-0.02,73,199290,卖盘
438,14:31:14,27.32,0.02,14,38248,买盘
439,14:31:11,27.3,--,24,65520,卖盘
440,14:31:08,27.3,--,23,62790,卖盘
441,14:31:05,27.3,--,23,62790,卖盘
442,14:31:02,27.3,-0.03,6,16380,卖盘
443,14:30:59,27.33,0.01,223,609459,买盘
444,14:30:56,27.32,0.02,27,73764,买盘
445,14:30:53,27.3,--,16,43680,卖盘
446,14:30:47,27.3,-0.02,7,19110,卖盘
447,14:30:44,27.32,--,4,10928,买盘
448,14:30:41,27.32,0.02,3,8196,买盘
449,14:30:38,27.3,-0.03,251,685230,卖盘
450,14:30:35,27.33,-0.01,7,19131,卖盘
451,14:30:32,27.34,--,19,51946,买盘
452,14:30:29,27.34,0.01,80,218720,买盘
453,14:30:23,27.33,--,70,191310,卖盘
454,14:30:20,27.33,-0.01,27,73791,卖盘
455,14:30:14,27.34,0.01,3,8202,买盘
456,14:30:08,27.33,--,7,19131,卖盘
457,14:30:05,27.33,--,86,235037,卖盘
458,14:30:02,27.33,--,56,153048,卖盘
459,14:29:59,27.33,0.03,308,841764,买盘
460,14:29:56,27.3,--,4,10920,卖盘
461,14:29:50,27.3,--,110,300300,卖盘
462,14:29:47,27.3,-0.02,5,13650,卖盘
463,14:29:44,27.32,0.02,8,21856,中性盘
464,14:29:35,27.3,-0.02,101,275730,卖盘
465,14:29:32,27.32,--,33,90156,买盘
466,14:29:26,27.32,--,5,13660,卖盘
467,14:29:23,27.32,-0.01,8,21856,卖盘
468,14:29:14,27.33,--,43,117518,卖盘
469,14:29:11,27.33,--,102,278766,卖盘
470,14:29:08,27.33,--,12,32796,卖盘
471,14:29:05,27.33,-0.01,81,221373,卖盘
472,14:29:02,27.34,--,177,483918,买盘
473,14:28:56,27.34,0.01,26,71084,买盘
474,14:28:53,27.33,--,134,366222,卖盘
475,14:28:44,27.33,0.01,564,1541412,买盘
476,14:28:41,27.32,0.01,8,21856,买盘
477,14:28:38,27.31,-0.01,111,303141,卖盘
478,14:28:35,27.32,--,20,54640,买盘
479,14:28:29,27.32,0.01,23,62836,买盘
480,14:28:26,27.31,-0.01,5,13655,卖盘
481,14:28:23,27.32,0.01,7,19124,买盘
482,14:28:17,27.31,-0.01,10,27310,卖盘
483,14:28:08,27.32,0.01,3,8196,买盘
484,14:28:05,27.31,-0.01,18,49158,卖盘
485,14:28:02,27.32,0.02,500,1366000,买盘
486,14:27:59,27.3,-0.01,11,30030,卖盘
487,14:27:56,27.31,-0.01,21,57351,卖盘
488,14:27:53,27.32,0.01,7,19124,买盘
489,14:27:50,27.31,--,14,38234,卖盘
490,14:27:44,27.31,-0.01,4,10924,卖盘
491,14:27:38,27.32,--,104,284128,买盘
492,14:27:35,27.32,0.01,25,68300,买盘
493,14:27:29,27.31,-0.01,20,54620,卖盘
494,14:27:20,27.32,0.01,3,8196,买盘
495,14:27:17,27.31,--,1,2731,卖盘
496,14:27:11,27.31,--,4,10924,卖盘
497,14:27:02,27.31,--,2,5462,买盘
498,14:26:59,27.31,--,7,19117,买盘
499,14:26:56,27.31,--,2,5462,买盘
500,14:26:53,27.31,--,46,125626,买盘
501,14:26:50,27.31,--,13,35503,买盘
502,14:26:47,27.31,-0.01,36,98316,卖盘
503,14:26:41,27.32,0.01,535,1461620,买盘
504,14:26:38,27.31,--,390,1065090,卖盘
505,14:26:35,27.31,--,5,13655,卖盘
506,14:26:32,27.31,--,283,772873,买盘
507,14:26:26,27.31,--,1,2731,买盘
508,14:26:23,27.31,0.01,7,19117,买盘
509,14:26:20,27.3,--,5,13650,卖盘
510,14:26:10,27.3,--,112,305760,卖盘
511,14:26:04,27.3,--,9,24570,卖盘
512,14:26:01,27.3,--,101,275730,卖盘
513,14:25:58,27.3,0.01,46,125580,买盘
514,14:25:49,27.29,-0.01,11,30019,卖盘
515,14:25:46,27.3,0.01,10,27300,买盘
516,14:25:43,27.29,-0.01,49,133721,卖盘
517,14:25:40,27.3,--,5,13650,买盘
518,14:25:37,27.3,0.01,128,349440,买盘
519,14:25:34,27.29,-0.01,7,19103,卖盘
520,14:25:31,27.3,--,20,54600,买盘
521,14:25:28,27.3,0.01,2,5460,买盘
522,14:25:19,27.29,-0.01,17,46393,卖盘
523,14:25:16,27.3,0.01,53,144690,买盘
524,14:25:13,27.29,-0.01,10,27290,卖盘
525,14:25:01,27.3,0.01,53,144690,买盘
526,14:24:58,27.29,-0.01,6,16374,卖盘
527,14:24:52,27.3,0.01,11,30030,买盘
528,14:24:49,27.29,-0.01,60,163740,卖盘
529,14:24:46,27.3,0.01,3,8190,买盘
530,14:24:40,27.29,--,46,125534,卖盘
531,14:24:37,27.29,--,126,343854,卖盘
532,14:24:34,27.29,--,57,155553,买盘
533,14:24:31,27.29,0.01,23,62767,买盘
534,14:24:28,27.28,--,4,10912,卖盘
535,14:24:25,27.28,-0.01,2,5456,卖盘
536,14:24:19,27.29,0.01,25,68225,买盘
537,14:24:16,27.28,-0.01,24,65472,卖盘
538,14:24:07,27.29,--,82,223778,买盘
539,14:24:04,27.29,--,65,177385,买盘
540,14:24:01,27.29,0.01,10,27290,买盘
541,14:23:52,27.28,-0.01,5,13640,卖盘
542,14:23:49,27.29,--,19,51851,买盘
543,14:23:46,27.29,-0.02,157,428453,卖盘
544,14:23:43,27.31,0.02,10,27310,买盘
545,14:23:37,27.29,-0.01,90,245610,卖盘
546,14:23:34,27.3,0.01,17,46410,买盘
547,14:23:31,27.29,-0.01,27,73683,卖盘
548,14:23:28,27.3,-0.01,15,40950,买盘
549,14:23:25,27.31,0.01,8,21848,买盘
550,14:23:22,27.3,--,10,27300,买盘
551,14:23:16,27.3,--,3,8190,买盘
552,14:23:13,27.3,--,16,43680,卖盘
553,14:23:10,27.3,-0.01,15,40950,卖盘
554,14:23:07,27.31,0.02,2,5462,买盘
555,14:23:01,27.29,-0.01,108,294732,卖盘
556,14:22:58,27.3,-0.01,10,27300,卖盘
557,14:22:52,27.31,0.02,1,2731,买盘
558,14:22:49,27.29,-0.02,5,13645,卖盘
559,14:22:43,27.31,--,8,21848,买盘
560,14:22:37,27.31,--,99,270369,买盘
561,14:22:31,27.31,--,19,51889,买盘
562,14:22:28,27.31,0.01,6,16386,买盘
563,14:22:25,27.3,-0.01,4,10920,卖盘
564,14:22:22,27.31,0.01,6,16386,买盘
565,14:22:16,27.3,--,16,45591,卖盘
566,14:22:13,27.3,--,9,24570,卖盘
567,14:22:07,27.3,--,44,120120,卖盘
568,14:22:01,27.3,0.01,456,1245098,买盘
569,14:21:58,27.29,0.01,16,43664,买盘
570,14:21:46,27.28,--,3,8184,卖盘
571,14:21:43,27.28,-0.01,74,201872,卖盘
572,14:21:37,27.29,0.01,95,259255,买盘
573,14:21:34,27.28,--,3,8184,卖盘
574,14:21:31,27.28,-0.01,129,351912,卖盘
575,14:21:28,27.29,--,33,90057,买盘
576,14:21:25,27.29,0.01,3,8187,买盘
577,14:21:19,27.28,--,5,13640,卖盘
578,14:21:16,27.28,-0.01,26,70928,卖盘
579,14:21:13,27.29,--,5,13645,卖盘
580,14:21:10,27.29,-0.01,4,10916,中性盘
581,14:21:04,27.3,0.01,184,502320,买盘
582,14:21:01,27.29,0.01,14,38206,买盘
583,14:20:58,27.28,-0.01,25,68200,卖盘
584,14:20:55,27.29,--,3,8187,买盘
585,14:20:52,27.29,0.01,18,49122,买盘
586,14:20:49,27.28,--,68,185504,卖盘
587,14:20:43,27.28,--,26,70928,卖盘
588,14:20:40,27.28,--,111,302808,卖盘
589,14:20:37,27.28,-0.01,161,439208,卖盘
590,14:20:34,27.29,0.01,19,51851,中性盘
591,14:20:25,27.28,-0.02,91,248248,卖盘
592,14:20:22,27.3,0.02,77,210210,买盘
593,14:20:19,27.28,-0.01,31,84568,卖盘
594,14:20:13,27.29,--,80,218320,买盘
595,14:20:07,27.29,0.01,85,231965,买盘
596,14:20:04,27.28,-0.01,5,13640,卖盘
597,14:20:01,27.29,--,49,133721,买盘
598,14:19:58,27.29,--,85,231965,卖盘
599,14:19:55,27.29,-0.01,10,27290,卖盘
600,14:19:52,27.3,--,8,21840,买盘
601,14:19:49,27.3,--,7,19110,买盘
602,14:19:46,27.3,0.02,166,453180,买盘
603,14:19:43,27.28,-0.02,5,13640,卖盘
604,14:19:40,27.3,0.02,9,24570,买盘
605,14:19:37,27.28,-0.02,95,259160,卖盘
606,14:19:34,27.3,0.02,21,57330,买盘
607,14:19:31,27.28,-0.02,5,13640,卖盘
608,14:19:28,27.3,--,8,21840,买盘
609,14:19:25,27.3,0.01,18,49140,买盘
610,14:19:19,27.29,-0.01,30,81870,卖盘
611,14:19:13,27.3,0.01,5,13650,买盘
612,14:19:10,27.29,-0.01,19,51851,卖盘
613,14:19:07,27.3,--,167,455910,买盘
614,14:19:01,27.3,0.01,20,54600,买盘
615,14:18:58,27.29,--,19,51851,卖盘
616,14:18:52,27.29,--,53,144637,卖盘
617,14:18:46,27.29,--,4,10916,卖盘
618,14:18:43,27.29,0.01,30,81870,卖盘
619,14:18:37,27.28,-0.02,105,286440,卖盘
620,14:18:31,27.3,0.02,156,425880,买盘
621,14:18:28,27.28,-0.01,5,13640,卖盘
622,14:18:25,27.29,0.01,10,27290,买盘
623,14:18:22,27.28,-0.01,70,190960,卖盘
624,14:18:19,27.29,--,124,338396,卖盘
625,14:18:10,27.29,-0.01,20,54580,中性盘
626,14:18:04,27.3,--,47,128310,买盘
627,14:17:55,27.3,--,32,87360,买盘
628,14:17:52,27.3,--,167,455910,买盘
629,14:17:49,27.3,--,5,13650,买盘
630,14:17:46,27.3,0.01,5,13650,买盘
631,14:17:40,27.29,-0.01,7,19103,卖盘
632,14:17:37,27.3,--,109,297570,买盘
633,14:17:34,27.3,-0.01,6,16380,中性盘
634,14:17:31,27.31,0.02,50,136550,买盘
635,14:17:28,27.29,-0.02,77,210133,卖盘
636,14:17:25,27.31,--,1,2731,卖盘
637,14:17:22,27.31,0.01,2,5462,卖盘
638,14:17:19,27.3,-0.04,5,13650,卖盘
639,14:17:16,27.34,0.02,163,445642,买盘
640,14:17:13,27.32,--,12,32784,买盘
641,14:17:10,27.32,--,117,319644,卖盘
642,14:17:07,27.32,-0.02,8,21856,卖盘
643,14:17:01,27.34,0.02,3,8202,买盘
644,14:16:58,27.32,--,10,27320,卖盘
645,14:16:55,27.32,-0.01,2014,5502248,卖盘
646,14:16:52,27.33,0.01,5,13665,买盘
647,14:16:46,27.32,0.01,8,21856,中性盘
648,14:16:43,27.31,-0.03,5,13655,卖盘
649,14:16:40,27.34,0.02,88,242833,买盘
650,14:16:37,27.32,-0.02,201,549132,卖盘
651,14:16:34,27.34,0.01,538,1470892,买盘
652,14:16:31,27.33,--,11,30062,卖盘
653,14:16:25,27.33,-0.01,5,13665,卖盘
654,14:16:19,27.34,-0.01,30,82020,卖盘
655,14:16:16,27.35,0.01,3,8205,买盘
656,14:16:13,27.34,--,27,73818,卖盘
657,14:16:10,27.34,--,46,125764,卖盘
658,14:16:04,27.34,--,31,84754,卖盘
659,14:16:01,27.34,--,7,19138,卖盘
660,14:15:58,27.34,0.02,178,486652,买盘
661,14:15:52,27.32,--,147,401604,卖盘
662,14:15:49,27.32,--,49,133868,卖盘
663,14:15:43,27.32,--,10,27320,卖盘
664,14:15:40,27.32,-0.01,20,54640,卖盘
665,14:15:37,27.33,0.01,93,254168,买盘
666,14:15:34,27.32,-0.01,50,136600,卖盘
667,14:15:31,27.33,0.01,14,38262,买盘
668,14:15:25,27.32,-0.01,38,103816,卖盘
669,14:15:22,27.33,-0.03,97,265101,卖盘
670,14:15:19,27.36,0.01,82,224844,买盘
671,14:15:13,27.35,0.02,40,109400,买盘
672,14:15:10,27.33,-0.02,63,172179,卖盘
673,14:15:07,27.35,--,24,65640,买盘
674,14:15:01,27.35,--,44,120340,买盘
675,14:14:58,27.35,0.01,14,38290,买盘
676,14:14:43,27.34,-0.06,166,456085,卖盘
677,14:14:40,27.4,0.04,60,164400,买盘
678,14:14:37,27.36,0.01,135,369360,买盘
679,14:14:34,27.35,--,70,191450,卖盘
680,14:14:31,27.35,-0.01,9,24615,卖盘
681,14:14:28,27.36,--,3,8208,买盘
682,14:14:25,27.36,0.01,8,21888,买盘
683,14:14:22,27.35,--,6,16410,卖盘
684,14:14:19,27.35,--,36,98460,卖盘
685,14:14:16,27.35,-0.07,6,16410,卖盘
686,14:14:13,27.42,0.07,77,211134,买盘
687,14:14:07,27.35,-0.06,72,196920,卖盘
688,14:14:04,27.41,0.01,236,646876,买盘
689,14:13:58,27.4,0.04,4,10960,买盘
690,14:13:55,27.36,--,12,32832,卖盘
691,14:13:52,27.36,-0.05,6,16416,卖盘
692,14:13:43,27.41,0.05,3,8223,买盘
693,14:13:40,27.36,--,115,314640,卖盘
694,14:13:25,27.36,-0.04,299,818064,卖盘
695,14:13:22,27.4,-0.01,56,153440,卖盘
696,14:13:13,27.41,--,6,16446,买盘
697,14:13:10,27.41,0.01,28,76748,买盘
698,14:13:04,27.4,--,12,32880,卖盘
699,14:13:01,27.4,--,36,98640,卖盘
700,14:12:58,27.4,-0.01,8,21920,卖盘
701,14:12:55,27.41,0.01,10,27410,买盘
702,14:12:49,27.4,--,16,43840,卖盘
703,14:12:46,27.4,0.05,58,158920,买盘
704,14:12:43,27.35,-0.04,40,109400,卖盘
705,14:12:40,27.39,0.04,8,24212,买盘
706,14:12:37,27.35,--,112,306320,卖盘
707,14:12:34,27.35,-0.04,5,13675,卖盘
708,14:12:31,27.39,--,12,32868,卖盘
709,14:12:25,27.39,0.04,1,2739,买盘
710,14:12:22,27.35,--,41,112135,卖盘
711,14:12:16,27.35,--,108,295380,卖盘
712,14:12:13,27.35,-0.04,23,62905,卖盘
713,14:12:10,27.39,-0.01,118,323202,卖盘
714,14:12:07,27.4,0.05,307,841180,买盘
715,14:12:01,27.35,--,6,16410,卖盘
716,14:11:58,27.35,-0.01,47,128545,卖盘
717,14:11:55,27.36,-0.03,45,123120,卖盘
718,14:11:52,27.39,0.01,1,2739,买盘
719,14:11:49,27.38,0.01,5,13690,卖盘
720,14:11:46,27.37,--,30,82110,买盘
721,14:11:40,27.37,--,11,30107,买盘
722,14:11:37,27.37,-0.03,113,309281,卖盘
723,14:11:31,27.4,0.01,161,441140,买盘
724,14:11:28,27.39,0.01,39,106821,买盘
725,14:11:25,27.38,--,16,43808,卖盘
726,14:11:22,27.38,--,7,19166,卖盘
727,14:11:13,27.38,--,6,16428,卖盘
728,14:11:07,27.38,0.02,1,2738,买盘
729,14:11:04,27.36,-0.02,5,13680,卖盘
730,14:10:58,27.38,0.02,1,2738,买盘
731,14:10:52,27.36,--,169,462384,卖盘
732,14:10:46,27.36,--,140,383040,卖盘
733,14:10:43,27.36,--,6,16416,卖盘
734,14:10:37,27.36,-0.03,113,309168,卖盘
735,14:10:31,27.39,-0.02,4,10956,卖盘
736,14:10:28,27.41,0.03,1,2741,买盘
737,14:10:22,27.38,-0.03,5,13690,卖盘
738,14:10:16,27.41,0.03,157,430337,买盘
739,14:10:13,27.38,--,2,5476,卖盘
740,14:10:07,27.38,0.02,25,68450,买盘
741,14:10:04,27.36,0.01,3,8208,买盘
742,14:10:01,27.35,-0.03,34,92990,卖盘
743,14:09:58,27.38,-0.01,5,13690,中性盘
744,14:09:49,27.39,0.01,43,117777,买盘
745,14:09:46,27.38,--,5,13690,卖盘
746,14:09:37,27.38,--,152,418530,买盘
747,14:09:34,27.38,0.02,28,76664,买盘
748,14:09:31,27.36,--,12,32832,卖盘
749,14:09:28,27.36,--,35,95760,卖盘
750,14:09:25,27.36,-0.05,10,27360,卖盘
751,14:09:19,27.41,0.03,39,106899,买盘
752,14:09:10,27.38,--,5,13690,卖盘
753,14:09:07,27.38,-0.03,61,167018,卖盘
754,14:09:04,27.41,--,3,8223,买盘
755,14:08:58,27.41,--,84,230244,买盘
756,14:08:55,27.41,0.06,75,205575,买盘
757,14:08:52,27.35,-0.06,42,114870,卖盘
758,14:08:46,27.41,0.05,3,8223,买盘
759,14:08:43,27.36,-0.05,34,93024,卖盘
760,14:08:37,27.41,--,94,257654,卖盘
761,14:08:34,27.41,-0.03,40,109640,卖盘
762,14:08:31,27.44,--,26,71344,卖盘
763,14:08:22,27.44,--,43,117992,卖盘
764,14:08:19,27.44,0.08,67,183848,买盘
765,14:08:16,27.36,--,10,27360,卖盘
766,14:08:10,27.36,-0.06,45,123120,卖盘
767,14:08:07,27.42,--,17,46614,买盘
768,14:08:04,27.42,--,48,131616,买盘
769,14:07:58,27.42,--,18,49356,卖盘
770,14:07:46,27.42,--,50,137100,卖盘
771,14:07:43,27.42,0.07,100,274200,买盘
772,14:07:40,27.35,--,5,13675,卖盘
773,14:07:37,27.35,-0.07,146,399310,卖盘
774,14:07:31,27.42,0.03,53,145326,买盘
775,14:07:25,27.39,--,51,139689,卖盘
776,14:07:19,27.39,--,5,13695,卖盘
777,14:07:16,27.39,--,10,27390,卖盘
778,14:07:13,27.39,-0.03,54,147906,卖盘
779,14:07:07,27.42,0.03,10,27420,买盘
780,14:07:04,27.39,0.03,81,221859,买盘
781,14:07:01,27.36,0.01,15,41040,买盘
782,14:06:58,27.35,--,1,2735,卖盘
783,14:06:55,27.35,-0.01,39,106665,卖盘
784,14:06:49,27.36,--,41,112176,买盘
785,14:06:46,27.36,--,6,16416,买盘
786,14:06:40,27.36,--,22,60192,买盘
787,14:06:37,27.36,-0.05,33,90288,卖盘
788,14:06:34,27.41,--,68,186388,卖盘
789,14:06:31,27.41,--,4,10964,卖盘
790,14:06:28,27.41,--,39,106899,卖盘
791,14:06:25,27.41,--,1,2741,卖盘
792,14:06:22,27.41,0.02,73,200093,买盘
793,14:06:19,27.39,0.04,5,13695,买盘
794,14:06:16,27.35,-0.04,37,101195,卖盘
795,14:06:13,27.39,--,3,8217,买盘
796,14:06:10,27.39,--,14,38346,卖盘
797,14:06:07,27.39,0.04,16,43824,买盘
798,14:06:04,27.35,-0.04,37,101195,卖盘
799,14:05:58,27.39,0.04,23,62997,买盘
800,14:05:55,27.35,-0.07,41,112135,卖盘
801,14:05:48,27.42,0.02,51,139842,买盘
802,14:05:45,27.4,--,118,323320,卖盘
803,14:05:42,27.4,0.04,55,150700,买盘
804,14:05:39,27.36,-0.04,90,246240,卖盘
805,14:05:36,27.4,0.04,24,65760,买盘
806,14:05:30,27.36,--,139,380304,卖盘
807,14:05:27,27.36,--,5,13680,卖盘
808,14:05:24,27.36,--,11,30096,卖盘
809,14:05:21,27.36,0.01,9,24624,中性盘
810,14:05:18,27.35,--,52,142220,卖盘
811,14:05:15,27.35,-0.01,15,41025,卖盘
812,14:05:12,27.36,0.01,2,5472,卖盘
813,14:05:09,27.35,-0.05,38,103930,卖盘
814,14:05:06,27.4,0.05,178,487720,买盘
815,14:05:00,27.35,--,39,106665,卖盘
816,14:04:54,27.35,-0.04,5,13675,卖盘
817,14:04:51,27.39,0.04,22,60258,买盘
818,14:04:48,27.35,-0.04,39,106665,卖盘
819,14:04:42,27.39,--,12,32868,买盘
820,14:04:39,27.39,0.04,13,35607,买盘
821,14:04:36,27.35,-0.03,147,402045,卖盘
822,14:04:30,27.38,0.03,112,307970,买盘
823,14:04:24,27.35,-0.03,38,105352,卖盘
824,14:04:18,27.38,0.03,12,32856,买盘
825,14:04:12,27.35,-0.02,39,106665,卖盘
826,14:04:09,27.37,-0.01,10,27370,卖盘
827,14:04:06,27.38,0.03,27,73926,买盘
828,14:04:03,27.35,--,30,82050,卖盘
829,14:04:00,27.35,-0.02,40,109400,卖盘
830,14:03:54,27.37,--,47,128639,卖盘
831,14:03:51,27.37,0.02,92,251804,买盘
832,14:03:48,27.35,--,68,185980,卖盘
833,14:03:45,27.35,-0.02,47,128545,卖盘
834,14:03:39,27.37,0.02,63,172431,买盘
835,14:03:36,27.35,--,130,355550,卖盘
836,14:03:33,27.35,--,20,54700,卖盘
837,14:03:27,27.35,--,33,90255,卖盘
838,14:03:24,27.35,--,5,13675,卖盘
839,14:03:15,27.35,-0.02,37,101195,卖盘
840,14:03:12,27.37,0.01,158,433759,买盘
841,14:03:06,27.36,0.01,143,391248,买盘
842,14:03:03,27.35,--,100,273500,卖盘
843,14:03:00,27.35,--,5,13675,卖盘
844,14:02:57,27.35,--,2,5470,卖盘
845,14:02:54,27.35,--,12,32820,卖盘
846,14:02:51,27.35,--,74,202390,卖盘
847,14:02:45,27.35,--,1,2735,卖盘
848,14:02:39,27.35,--,37,101195,卖盘
849,14:02:36,27.35,-0.01,162,443070,卖盘
850,14:02:33,27.36,0.01,100,273600,买盘
851,14:02:30,27.35,-0.01,73,199655,卖盘
852,14:02:21,27.36,--,41,112176,买盘
853,14:02:18,27.36,--,8,21888,卖盘
854,14:02:15,27.36,--,20,54720,卖盘
855,14:02:06,27.36,-0.01,44,120384,卖盘
856,14:02:03,27.37,0.01,33,90321,买盘
857,14:02:00,27.36,--,174,476064,卖盘
858,14:01:57,27.36,-0.01,23,62928,中性盘
859,14:01:54,27.37,0.01,199,544663,买盘
860,14:01:48,27.36,0.01,3,8208,买盘
861,14:01:45,27.35,0.03,95,259825,买盘
862,14:01:42,27.32,--,40,109280,卖盘
863,14:01:36,27.32,-0.01,105,286860,卖盘
864,14:01:33,27.33,-0.01,46,125717,卖盘
865,14:01:27,27.34,--,50,136700,卖盘
866,14:01:24,27.34,--,39,106626,卖盘
867,14:01:18,27.34,--,197,538598,卖盘
868,14:01:12,27.34,--,48,131232,卖盘
869,14:01:09,27.34,--,22,60148,卖盘
870,14:01:06,27.34,--,73,199582,买盘
871,14:01:03,27.34,0.02,16,43744,买盘
872,14:00:57,27.32,--,47,128404,卖盘
873,14:00:51,27.32,-0.02,25,68300,卖盘
874,14:00:48,27.34,-0.02,56,153104,卖盘
875,14:00:45,27.36,0.02,34,93024,买盘
876,14:00:42,27.34,--,1,2734,卖盘
877,14:00:39,27.34,0.02,120,328080,买盘
878,14:00:36,27.32,--,156,426192,卖盘
879,14:00:33,27.32,--,11,30052,卖盘
880,14:00:30,27.32,--,24,65568,卖盘
881,14:00:27,27.32,--,6,16392,卖盘
882,14:00:24,27.32,-0.01,41,112012,卖盘
883,14:00:18,27.33,-0.01,4,10932,卖盘
884,14:00:15,27.34,-0.01,51,139434,买盘
885,14:00:12,27.35,-0.01,39,106665,卖盘
886,14:00:06,27.36,0.03,12,32832,卖盘
887,14:00:03,27.33,-0.02,160,437280,卖盘
888,14:00:00,27.35,--,3,8205,买盘
889,13:59:57,27.35,0.03,7,19145,买盘
890,13:59:54,27.32,-0.01,39,106548,卖盘
891,13:59:42,27.33,-0.04,8,21864,卖盘
892,13:59:39,27.37,0.01,246,673302,买盘
893,13:59:36,27.36,--,116,317376,卖盘
894,13:59:33,27.36,--,5,13680,卖盘
895,13:59:30,27.36,-0.01,21,57456,卖盘
896,13:59:27,27.37,0.01,37,101269,买盘
897,13:59:21,27.36,0.04,35,95760,买盘
898,13:59:18,27.32,-0.01,35,95620,卖盘
899,13:59:15,27.33,0.01,2,5466,卖盘
900,13:59:12,27.32,-0.01,18,49176,卖盘
901,13:59:09,27.33,--,3,8199,买盘
902,13:59:06,27.33,0.01,47,128450,买盘
903,13:59:00,27.32,--,8,21856,卖盘
904,13:58:57,27.32,-0.01,38,103816,卖盘
905,13:58:54,27.33,0.01,5,13665,中性盘
906,13:58:45,27.32,-0.04,37,101084,卖盘
907,13:58:36,27.36,--,96,262656,买盘
908,13:58:33,27.36,0.01,23,62928,中性盘
909,13:58:30,27.35,--,39,106665,卖盘
910,13:58:27,27.35,--,53,144955,卖盘
911,13:58:21,27.35,--,39,106665,卖盘
912,13:58:15,27.35,-0.02,18,49230,卖盘
913,13:58:12,27.37,0.02,3,8211,买盘
914,13:58:09,27.35,--,35,95725,卖盘
915,13:58:06,27.35,-0.02,101,276235,卖盘
916,13:58:03,27.37,--,1,2737,买盘
917,13:58:00,27.37,0.02,2,5474,买盘
918,13:57:57,27.35,--,61,166835,卖盘
919,13:57:48,27.35,--,39,106665,卖盘
920,13:57:45,27.35,-0.02,14,38290,卖盘
921,13:57:39,27.37,0.01,97,265489,买盘
922,13:57:36,27.36,0.01,43,117648,买盘
923,13:57:33,27.35,--,6,16410,卖盘
924,13:57:27,27.35,-0.02,12,32820,卖盘
925,13:57:24,27.37,0.02,40,109480,买盘
926,13:57:21,27.35,--,231,631785,卖盘
927,13:57:12,27.35,-0.01,39,106665,卖盘
928,13:57:09,27.36,-0.01,21,57456,中性盘
929,13:57:06,27.37,0.02,23,62951,买盘
930,13:57:03,27.35,--,41,112135,卖盘
931,13:57:00,27.35,-0.02,4,10940,卖盘
932,13:56:57,27.37,0.02,28,76636,中性盘
933,13:56:51,27.35,--,35,95725,卖盘
934,13:56:48,27.35,--,5,13675,卖盘
935,13:56:45,27.35,-0.01,4,10940,卖盘
936,13:56:42,27.36,-0.02,16,43776,中性盘
937,13:56:36,27.38,0.03,135,369630,买盘
938,13:56:30,27.35,--,153,418455,卖盘
939,13:56:21,27.35,0.03,430,1176050,买盘
940,13:56:15,27.32,--,183,499956,卖盘
941,13:56:09,27.32,-0.02,22,60104,卖盘
942,13:56:06,27.34,0.02,23,62882,买盘
943,13:56:03,27.32,0.01,44,120208,中性盘
944,13:55:57,27.31,--,2,5462,卖盘
945,13:55:54,27.31,-0.03,39,106509,卖盘
946,13:55:51,27.34,--,6,16404,买盘
947,13:55:48,27.34,0.03,42,114828,买盘
948,13:55:42,27.31,--,42,114702,卖盘
949,13:55:36,27.31,--,118,322258,卖盘
950,13:55:33,27.31,-0.03,40,109240,卖盘
951,13:55:30,27.34,0.02,5,13670,买盘
952,13:55:24,27.32,0.01,4,10928,中性盘
953,13:55:21,27.31,--,43,117433,卖盘
954,13:55:15,27.31,--,15,40965,买盘
955,13:55:12,27.31,-0.03,353,964043,卖盘
956,13:55:09,27.34,0.04,9,24606,买盘
957,13:55:06,27.3,-0.03,45,122850,卖盘
958,13:55:03,27.33,--,9,24597,买盘
959,13:54:57,27.33,--,40,109320,买盘
960,13:54:48,27.33,0.03,8,21864,买盘
961,13:54:45,27.3,-0.03,343,936390,卖盘
962,13:54:42,27.33,0.03,6,16398,买盘
963,13:54:36,27.3,-0.03,151,412230,卖盘
964,13:54:33,27.33,--,3,8199,买盘
965,13:54:30,27.33,0.01,4,10932,买盘
966,13:54:27,27.32,-0.01,60,163920,中性盘
967,13:54:15,27.33,--,41,112053,买盘
968,13:54:12,27.33,0.01,207,565731,买盘
969,13:54:06,27.32,-0.01,5,13660,卖盘
970,13:54:03,27.33,--,77,210441,卖盘
971,13:54:00,27.33,--,52,142116,卖盘
972,13:53:57,27.33,--,13,35529,卖盘
973,13:53:54,27.33,0.01,10,27330,买盘
974,13:53:51,27.32,--,40,109280,卖盘
975,13:53:45,27.32,0.03,186,508152,买盘
976,13:53:42,27.29,-0.03,805,2196845,卖盘
977,13:53:39,27.32,0.02,56,152992,买盘
978,13:53:36,27.3,-0.01,123,335790,卖盘
979,13:53:33,27.31,0.01,20,54620,买盘
980,13:53:30,27.3,-0.01,4,10920,卖盘
981,13:53:27,27.31,0.01,145,395995,买盘
982,13:53:24,27.3,--,7,19110,卖盘
983,13:53:21,27.3,--,45,122850,卖盘
984,13:53:18,27.3,--,88,240240,卖盘
985,13:53:15,27.3,--,60,163800,卖盘
986,13:53:12,27.3,-0.01,5,13650,卖盘
987,13:53:09,27.31,--,14,38234,买盘
988,13:53:06,27.31,--,57,155667,买盘
989,13:53:03,27.31,0.01,81,221211,买盘
990,13:52:57,27.3,-0.01,555,1515150,卖盘
991,13:52:54,27.31,0.01,75,204825,买盘
992,13:52:51,27.3,--,59,161070,卖盘
993,13:52:48,27.3,--,61,166530,卖盘
994,13:52:45,27.3,-0.01,48,131040,卖盘
995,13:52:42,27.31,0.01,110,300410,买盘
996,13:52:39,27.3,--,12,32760,卖盘
997,13:52:36,27.3,--,153,417690,卖盘
998,13:52:33,27.3,--,6,16380,卖盘
999,13:52:30,27.3,-0.01,38,103740,卖盘
1000,13:52:27,27.31,0.01,10,27310,买盘
1001,13:52:24,27.3,0.01,9,24570,买盘
1002,13:52:21,27.29,--,1,2729,卖盘
1003,13:52:18,27.29,-0.01,33,90057,卖盘
1004,13:52:15,27.3,--,30,81900,买盘
1005,13:52:12,27.3,-0.01,186,507780,卖盘
1006,13:52:09,27.31,0.01,41,111971,买盘
1007,13:52:06,27.3,--,46,125580,卖盘
1008,13:52:03,27.3,-0.01,15,40950,卖盘
1009,13:52:00,27.31,0.01,154,420574,买盘
1010,13:51:54,27.3,--,1,2730,卖盘
1011,13:51:48,27.3,-0.01,71,193830,卖盘
1012,13:51:45,27.31,0.01,38,103778,买盘
1013,13:51:42,27.3,--,24,65520,卖盘
1014,13:51:39,27.3,--,15,40950,卖盘
1015,13:51:36,27.3,-0.01,121,330330,卖盘
1016,13:51:33,27.31,0.01,38,103778,买盘
1017,13:51:30,27.3,-0.01,2,5460,卖盘
1018,13:51:27,27.31,0.01,49,133819,买盘
1019,13:51:24,27.3,-0.01,9,24570,卖盘
1020,13:51:21,27.31,--,149,406919,卖盘
1021,13:51:18,27.31,-0.01,15,40965,卖盘
1022,13:51:15,27.32,--,11,30052,买盘
1023,13:51:12,27.32,0.01,43,117476,买盘
1024,13:51:06,27.31,-0.01,30,81930,卖盘
1025,13:51:03,27.32,0.01,32,87424,买盘
1026,13:51:00,27.31,-0.01,35,95585,卖盘
1027,13:50:57,27.32,0.01,12,32784,买盘
1028,13:50:54,27.31,-0.01,8,21848,卖盘
1029,13:50:51,27.32,0.01,17,46444,买盘
1030,13:50:48,27.31,--,135,368685,卖盘
1031,13:50:45,27.31,--,22,60082,卖盘
1032,13:50:36,27.31,0.01,243,663633,买盘
1033,13:50:33,27.3,-0.01,56,152880,卖盘
1034,13:50:30,27.31,--,175,477925,买盘
1035,13:50:27,27.31,--,3,8193,买盘
1036,13:50:24,27.31,0.01,54,147474,买盘
1037,13:50:21,27.3,-0.01,22,60060,卖盘
1038,13:50:15,27.31,0.01,106,289486,买盘
1039,13:50:12,27.3,--,65,177450,卖盘
1040,13:50:09,27.3,--,1002,2735460,买盘
1041,13:50:06,27.3,0.02,29,79170,买盘
1042,13:50:03,27.28,--,41,111848,卖盘
1043,13:50:00,27.28,-0.02,8,21824,卖盘
1044,13:49:57,27.3,0.02,35,95550,买盘
1045,13:49:54,27.28,--,39,106392,卖盘
1046,13:49:51,27.28,-0.02,6,16368,卖盘
1047,13:49:48,27.3,-0.01,2,5460,卖盘
1048,13:49:42,27.31,0.01,56,152936,买盘
1049,13:49:39,27.3,-0.01,100,273000,卖盘
1050,13:49:36,27.31,0.01,326,890306,买盘
1051,13:49:30,27.3,--,1067,2912910,卖盘
1052,13:49:24,27.3,-0.01,22,60060,卖盘
1053,13:49:21,27.31,0.01,74,202094,买盘
1054,13:49:15,27.3,--,10,27300,卖盘
1055,13:49:12,27.3,--,255,696150,卖盘
1056,13:49:09,27.3,--,30,81900,卖盘
1057,13:49:06,27.3,-0.01,95,259350,卖盘
1058,13:49:03,27.31,--,10,27310,买盘
1059,13:49:00,27.31,--,245,669095,卖盘
1060,13:48:57,27.31,-0.01,48,131088,卖盘
1061,13:48:54,27.32,0.01,14,38248,卖盘
1062,13:48:51,27.31,--,12,32772,卖盘
1063,13:48:48,27.31,-0.01,138,376878,卖盘
1064,13:48:45,27.32,-0.02,70,191240,卖盘
1065,13:48:39,27.34,0.03,110,300740,买盘
1066,13:48:36,27.31,-0.03,43,117433,卖盘
1067,13:48:33,27.34,0.03,10,27340,买盘
1068,13:48:30,27.31,-0.01,48,131088,卖盘
1069,13:48:27,27.32,--,3,8196,买盘
1070,13:48:21,27.32,0.01,97,265004,中性盘
1071,13:48:09,27.31,-0.03,39,106509,卖盘
1072,13:48:06,27.34,0.03,22,60148,买盘
1073,13:48:00,27.31,-0.01,39,106509,卖盘
1074,13:47:57,27.32,--,3,8196,买盘
1075,13:47:54,27.32,--,13,35516,买盘
1076,13:47:51,27.32,0.01,8,21856,买盘
1077,13:47:48,27.31,-0.01,52,142012,卖盘
1078,13:47:42,27.32,0.01,8,21856,买盘
1079,13:47:39,27.31,-0.03,95,259445,卖盘
1080,13:47:36,27.34,0.03,29,79286,买盘
1081,13:47:33,27.31,-0.01,510,1392810,卖盘
1082,13:47:27,27.32,--,39,106548,卖盘
1083,13:47:24,27.32,-0.01,58,158456,卖盘
1084,13:47:21,27.33,0.01,3,8199,买盘
1085,13:47:18,27.32,--,5,13660,卖盘
1086,13:47:12,27.32,-0.01,41,112012,卖盘
1087,13:47:09,27.33,--,1,2733,买盘
1088,13:47:06,27.33,-0.01,21,57393,卖盘
1089,13:47:03,27.34,--,82,224188,买盘
1090,13:47:00,27.34,--,2,5468,买盘
1091,13:46:57,27.34,0.03,14,38276,买盘
1092,13:46:54,27.31,--,5,13655,卖盘
1093,13:46:51,27.31,-0.03,38,103778,卖盘
1094,13:46:48,27.34,--,61,166774,买盘
1095,13:46:45,27.34,0.03,46,125764,买盘
1096,13:46:42,27.31,--,40,109240,卖盘
1097,13:46:39,27.31,--,19,51889,卖盘
1098,13:46:36,27.31,-0.01,115,314065,卖盘
1099,13:46:30,27.32,--,135,368820,卖盘
1100,13:46:27,27.32,-0.01,5,13660,卖盘
1101,13:46:24,27.33,0.01,10,27330,买盘
1102,13:46:21,27.32,-0.01,13,35516,卖盘
1103,13:46:18,27.33,--,40,109320,买盘
1104,13:46:15,27.33,--,2,5466,买盘
1105,13:46:11,27.33,--,80,218640,卖盘
1106,13:46:08,27.33,-0.01,39,106587,卖盘
1107,13:46:05,27.34,--,95,259730,买盘
1108,13:46:02,27.34,0.01,570,1558380,买盘
1109,13:45:56,27.33,-0.01,17,46461,卖盘
1110,13:45:53,27.34,-0.01,37,101158,卖盘
1111,13:45:50,27.35,0.03,20,54700,中性盘
1112,13:45:44,27.32,-0.01,48,131136,卖盘
1113,13:45:41,27.33,--,43,117518,卖盘
1114,13:45:35,27.33,-0.02,95,259634,卖盘
1115,13:45:32,27.35,--,67,183245,买盘
1116,13:45:26,27.35,0.01,1,2735,买盘
1117,13:45:23,27.34,-0.01,5,13670,卖盘
1118,13:45:20,27.35,-0.01,32,87520,卖盘
1119,13:45:17,27.36,--,5,13680,卖盘
1120,13:45:14,27.36,0.01,5,13680,卖盘
1121,13:45:11,27.35,-0.01,53,144955,卖盘
1122,13:45:05,27.36,--,3,8208,买盘
1123,13:45:02,27.36,--,193,528048,卖盘
1124,13:44:59,27.36,--,67,183312,买盘
1125,13:44:53,27.36,0.01,3,8208,买盘
1126,13:44:50,27.35,-0.01,6,16410,卖盘
1127,13:44:47,27.36,--,3,8208,买盘
1128,13:44:44,27.36,-0.01,15,41040,卖盘
1129,13:44:38,27.37,0.02,5,13685,中性盘
1130,13:44:35,27.35,-0.03,149,407515,卖盘
1131,13:44:32,27.38,0.02,3,8214,卖盘
1132,13:44:29,27.36,--,30,82080,卖盘
1133,13:44:23,27.36,--,35,95760,卖盘
1134,13:44:20,27.36,--,5,13680,卖盘
1135,13:44:14,27.36,--,39,106704,卖盘
1136,13:44:11,27.36,-0.01,90,246240,卖盘
1137,13:44:08,27.37,-0.03,6,16422,卖盘
1138,13:44:05,27.4,0.04,27,73980,买盘
1139,13:44:02,27.36,--,39,106704,卖盘
1140,13:43:59,27.36,--,75,205200,卖盘
1141,13:43:56,27.36,--,15,41040,卖盘
1142,13:43:53,27.36,-0.02,51,139536,卖盘
1143,13:43:50,27.38,--,27,73926,买盘
1144,13:43:44,27.38,0.02,6,16428,买盘
1145,13:43:41,27.36,-0.02,82,224352,卖盘
1146,13:43:35,27.38,--,115,314870,卖盘
1147,13:43:32,27.38,-0.02,5,13690,卖盘
1148,13:43:26,27.4,0.02,46,126040,买盘
1149,13:43:23,27.38,--,5,13690,卖盘
1150,13:43:17,27.38,-0.02,36,98568,卖盘
1151,13:43:14,27.4,0.02,3,8220,买盘
1152,13:43:11,27.38,--,10,27380,卖盘
1153,13:43:08,27.38,--,84,229992,卖盘
1154,13:43:05,27.38,-0.02,100,273800,卖盘
1155,13:42:59,27.4,--,3,8220,买盘
1156,13:42:56,27.4,0.02,44,120560,买盘
1157,13:42:53,27.38,-0.01,70,191660,卖盘
1158,13:42:50,27.39,0.01,4,10956,中性盘
1159,13:42:44,27.38,--,44,120472,卖盘
1160,13:42:41,27.38,--,6,16428,卖盘
1161,13:42:35,27.38,-0.02,190,520220,卖盘
1162,13:42:32,27.4,0.02,22,60280,买盘
1163,13:42:29,27.38,--,119,328532,卖盘
1164,13:42:26,27.38,-0.01,7,19166,卖盘
1165,13:42:23,27.39,0.01,27,73953,买盘
1166,13:42:20,27.38,--,34,93092,卖盘
1167,13:42:17,27.38,-0.01,5,13690,卖盘
1168,13:42:11,27.39,-0.06,3,8217,中性盘
1169,13:42:05,27.45,0.06,135,371425,买盘
1170,13:42:02,27.39,-0.01,8,21912,卖盘
1171,13:41:59,27.4,--,42,115080,卖盘
1172,13:41:50,27.4,--,2,5480,中性盘
1173,13:41:47,27.4,-0.05,43,117820,卖盘
1174,13:41:44,27.45,--,10,27450,买盘
1175,13:41:41,27.45,0.06,3,8235,买盘
1176,13:41:38,27.39,-0.06,119,325941,卖盘
1177,13:41:35,27.45,--,107,293715,买盘
1178,13:41:29,27.45,0.01,20,54900,买盘
1179,13:41:26,27.44,-0.01,315,864360,卖盘
1180,13:41:23,27.45,0.01,43,118035,买盘
1181,13:41:20,27.44,--,5,13720,卖盘
1182,13:41:17,27.44,--,10,27440,卖盘
1183,13:41:14,27.44,--,15,41160,卖盘
1184,13:41:11,27.44,0.04,41,112504,卖盘
1185,13:41:08,27.4,-0.05,1,2740,卖盘
1186,13:41:05,27.45,0.05,59,161955,买盘
1187,13:41:02,27.4,--,37,101380,卖盘
1188,13:40:59,27.4,--,16,43840,卖盘
1189,13:40:56,27.4,-0.04,3,8220,卖盘
1190,13:40:53,27.44,0.04,15,41160,中性盘
1191,13:40:47,27.4,-0.05,738,2022120,卖盘
1192,13:40:44,27.45,--,11,30195,卖盘
1193,13:40:38,27.45,-0.03,128,351360,卖盘
1194,13:40:35,27.48,0.03,46,126408,买盘
1195,13:40:32,27.45,--,5,13725,卖盘
1196,13:40:29,27.45,-0.03,33,90585,卖盘
1197,13:40:20,27.48,0.04,8,21984,买盘
1198,13:40:14,27.44,--,32,87808,卖盘
1199,13:40:08,27.44,-0.04,4,10976,卖盘
1200,13:40:05,27.48,--,31,85188,买盘
1201,13:40:02,27.48,0.04,53,145644,买盘
1202,13:39:59,27.44,-0.04,6,16464,卖盘
1203,13:39:53,27.48,0.04,65,178620,买盘
1204,13:39:50,27.44,0.01,5,13720,买盘
1205,13:39:47,27.43,-0.05,6,16458,卖盘
1206,13:39:44,27.48,0.05,4,10992,买盘
1207,13:39:41,27.43,--,36,98748,卖盘
1208,13:39:38,27.43,-0.01,97,266071,卖盘
1209,13:39:35,27.44,0.01,50,137200,卖盘
1210,13:39:32,27.43,--,33,90519,卖盘
1211,13:39:26,27.43,-0.05,8,21944,卖盘
1212,13:39:23,27.48,--,3,8244,买盘
1213,13:39:20,27.48,0.05,36,98928,买盘
1214,13:39:17,27.43,-0.05,11,30173,卖盘
1215,13:39:11,27.48,0.05,12,32976,买盘
1216,13:39:05,27.43,-0.05,45,123435,卖盘
1217,13:39:02,27.48,0.05,51,140148,买盘
1218,13:38:59,27.43,--,39,106977,卖盘
1219,13:38:50,27.43,--,7,19201,卖盘
1220,13:38:44,27.43,--,41,112463,卖盘
1221,13:38:38,27.43,--,12,32916,卖盘
1222,13:38:35,27.43,-0.01,152,416936,卖盘
1223,13:38:32,27.44,-0.04,6,16464,卖盘
1224,13:38:29,27.48,--,5,13740,卖盘
1225,13:38:26,27.48,0.05,1,2748,中性盘
1226,13:38:23,27.43,-0.05,37,101491,卖盘
1227,13:38:20,27.48,--,5,13740,卖盘
1228,13:38:17,27.48,0.05,49,135229,买盘
1229,13:38:14,27.43,--,33,90519,卖盘
1230,13:38:08,27.43,-0.05,5,13715,卖盘
1231,13:38:02,27.48,0.04,49,134652,买盘
1232,13:37:59,27.44,-0.01,8,24119,卖盘
1233,13:37:56,27.45,--,5,13725,卖盘
1234,13:37:50,27.45,0.02,32,88416,买盘
1235,13:37:47,27.43,-0.02,44,120692,卖盘
1236,13:37:44,27.45,0.02,6,16470,买盘
1237,13:37:38,27.43,-0.01,39,106977,卖盘
1238,13:37:35,27.44,-0.01,142,389648,卖盘
1239,13:37:32,27.45,--,3,8235,买盘
1240,13:37:29,27.45,0.02,23,63135,买盘
1241,13:37:26,27.43,--,37,101491,卖盘
1242,13:37:23,27.43,-0.02,5,13715,卖盘
1243,13:37:17,27.45,--,41,112545,买盘
1244,13:37:14,27.45,--,58,159210,买盘
1245,13:37:11,27.45,0.02,1,2745,买盘
1246,13:37:08,27.43,-0.01,85,233155,卖盘
1247,13:37:02,27.44,--,12,32928,卖盘
1248,13:36:53,27.44,--,34,93296,卖盘
1249,13:36:50,27.44,--,47,128968,买盘
1250,13:36:47,27.44,--,10,27440,买盘
1251,13:36:44,27.44,0.01,3,8232,买盘
1252,13:36:41,27.43,-0.01,41,112463,卖盘
1253,13:36:38,27.44,0.01,21,57624,中性盘
1254,13:36:32,27.43,-0.02,193,529399,卖盘
1255,13:36:29,27.45,--,8,21960,买盘
1256,13:36:26,27.45,0.02,6,16470,买盘
1257,13:36:20,27.43,-0.02,43,117949,卖盘
1258,13:36:17,27.45,0.01,5,13725,买盘
1259,13:36:08,27.44,-0.01,39,107016,卖盘
1260,13:36:05,27.45,--,51,139995,买盘
1261,13:35:59,27.45,0.01,76,208620,买盘
1262,13:35:56,27.44,--,8,21952,卖盘
1263,13:35:50,27.44,--,2,5488,卖盘
1264,13:35:44,27.44,--,43,117992,卖盘
1265,13:35:38,27.44,0.01,197,540568,买盘
1266,13:35:35,27.43,-0.02,183,501969,卖盘
1267,13:35:32,27.45,--,24,65880,买盘
1268,13:35:29,27.45,--,7,19215,买盘
1269,13:35:26,27.45,0.01,8,21960,买盘
1270,13:35:23,27.44,-0.01,5,13720,卖盘
1271,13:35:20,27.45,--,1,2745,买盘
1272,13:35:17,27.45,-0.06,559,1534756,卖盘
1273,13:35:14,27.51,0.01,42,115542,买盘
1274,13:35:11,27.5,-0.01,6,16500,卖盘
1275,13:35:05,27.51,0.06,34,93534,买盘
1276,13:35:02,27.45,-0.05,37,101565,卖盘
1277,13:34:59,27.5,--,7,19250,买盘
1278,13:34:53,27.5,0.05,6,16500,买盘
1279,13:34:50,27.45,-0.06,833,2289028,卖盘
1280,13:34:44,27.51,0.03,3,8253,买盘
1281,13:34:41,27.48,--,42,115416,卖盘
1282,13:34:35,27.48,-0.03,90,247320,卖盘
1283,13:34:32,27.51,0.01,33,90783,买盘
1284,13:34:29,27.5,0.02,31,85250,买盘
1285,13:34:26,27.48,--,41,112668,卖盘
1286,13:34:23,27.48,--,5,13740,卖盘
1287,13:34:20,27.48,--,1,2748,卖盘
1288,13:34:17,27.48,--,5,13740,卖盘
1289,13:34:14,27.48,--,37,101676,卖盘
1290,13:34:08,27.48,--,131,359988,卖盘
1291,13:34:05,27.48,-0.02,89,244572,卖盘
1292,13:34:02,27.5,--,4,11000,买盘
1293,13:33:56,27.5,0.02,12,33000,买盘
1294,13:33:53,27.48,--,37,101676,卖盘
1295,13:33:44,27.48,-0.02,53,145644,卖盘
1296,13:33:38,27.5,-0.03,91,250250,卖盘
1297,13:33:35,27.53,0.03,76,209228,买盘
1298,13:33:29,27.5,-0.01,140,385000,卖盘
1299,13:33:23,27.51,0.01,3,8253,买盘
1300,13:33:20,27.5,--,6,16500,卖盘
1301,13:33:17,27.5,--,39,107250,卖盘
1302,13:33:14,27.5,--,1,2750,卖盘
1303,13:33:11,27.5,--,7,19250,卖盘
1304,13:33:08,27.5,--,34,93500,卖盘
1305,13:33:05,27.5,0.02,109,299750,买盘
1306,13:33:02,27.48,--,32,87936,卖盘
1307,13:32:56,27.48,-0.02,42,115416,卖盘
1308,13:32:53,27.5,0.02,3,8250,买盘
1309,13:32:50,27.48,--,5,13740,卖盘
1310,13:32:47,27.48,-0.02,33,90684,卖盘
1311,13:32:44,27.5,0.02,10,27500,卖盘
1312,13:32:38,27.48,--,95,261060,卖盘
1313,13:32:35,27.48,--,71,195108,卖盘
1314,13:32:29,27.48,-0.02,4,10992,卖盘
1315,13:32:26,27.5,-0.04,31,85250,卖盘
1316,13:32:14,27.54,--,48,132192,卖盘
1317,13:32:11,27.54,--,40,110160,卖盘
1318,13:32:08,27.54,--,25,68850,卖盘
1319,13:32:05,27.54,--,79,217566,买盘
1320,13:32:02,27.54,--,53,145962,买盘
1321,13:31:59,27.54,0.04,108,297432,买盘
1322,13:31:53,27.5,--,7,19250,卖盘
1323,13:31:50,27.5,-0.05,40,110000,卖盘
1324,13:31:44,27.55,--,34,93670,买盘
1325,13:31:41,27.55,--,1,2755,买盘
1326,13:31:38,27.55,--,136,374680,买盘
1327,13:31:35,27.55,0.01,48,132240,买盘
1328,13:31:32,27.54,-0.01,15,41310,买盘
1329,13:31:29,27.55,--,23,63392,卖盘
1330,13:31:23,27.55,--,5,13775,卖盘
1331,13:31:20,27.55,0.01,75,209352,买盘
1332,13:31:17,27.54,--,59,162486,卖盘
1333,13:31:11,27.54,0.04,5,13770,中性盘
1334,13:31:08,27.5,-0.04,4,11000,卖盘
1335,13:31:05,27.54,-0.01,162,446148,中性盘
1336,13:31:02,27.55,0.07,28,77140,买盘
1337,13:30:59,27.48,-0.07,5,13740,卖盘
1338,13:30:56,27.55,0.06,100,275500,买盘
1339,13:30:53,27.49,--,30,82470,卖盘
1340,13:30:47,27.49,-0.05,42,115458,卖盘
1341,13:30:41,27.54,0.05,13,35802,买盘
1342,13:30:38,27.49,-0.01,133,365617,卖盘
1343,13:30:32,27.5,--,34,93500,卖盘
1344,13:30:26,27.5,--,5,13750,卖盘
1345,13:30:23,27.5,--,6,16500,卖盘
1346,13:30:20,27.5,--,101,277750,卖盘
1347,13:30:17,27.5,-0.04,9,24750,卖盘
1348,13:30:14,27.54,-0.01,7,19278,中性盘
1349,13:30:11,27.55,0.05,86,236930,买盘
1350,13:30:08,27.5,--,9,24750,卖盘
1351,13:30:02,27.5,-0.05,65,178750,卖盘
1352,13:29:59,27.55,0.05,2,5510,买盘
1353,13:29:56,27.5,-0.05,37,101750,卖盘
1354,13:29:53,27.55,0.05,120,330600,买盘
1355,13:29:50,27.5,-0.04,6,16500,卖盘
1356,13:29:47,27.54,0.02,39,107406,买盘
1357,13:29:38,27.52,0.02,17,46784,卖盘
1358,13:29:38,27.5,-0.04,81,222750,卖盘
1359,13:29:32,27.54,0.03,13,35802,买盘
1360,13:29:29,27.51,0.02,5,13755,中性盘
1361,13:29:23,27.49,-0.01,38,104462,卖盘
1362,13:29:20,27.5,-0.04,88,242000,卖盘
1363,13:29:17,27.54,0.03,10,27540,买盘
1364,13:29:14,27.51,-0.02,42,115569,卖盘
1365,13:29:11,27.53,--,14,38542,卖盘
1366,13:29:08,27.53,-0.02,10,27530,卖盘
1367,13:29:05,27.55,0.02,30,82650,买盘
1368,13:29:02,27.53,0.02,39,107367,买盘
1369,13:28:59,27.51,-0.02,5,13755,卖盘
1370,13:28:53,27.53,0.02,1,2753,中性盘
1371,13:28:50,27.51,-0.03,33,90783,卖盘
1372,13:28:47,27.54,0.03,12,33048,买盘
1373,13:28:38,27.51,-0.02,33,90783,卖盘
1374,13:28:35,27.53,--,77,214706,买盘
1375,13:28:32,27.53,--,31,85343,买盘
1376,13:28:29,27.53,0.01,2,5506,买盘
1377,13:28:26,27.52,-0.02,50,137600,卖盘
1378,13:28:20,27.54,--,201,553554,买盘
1379,13:28:17,27.54,0.02,47,129438,买盘
1380,13:28:14,27.52,--,5,13760,卖盘
1381,13:28:11,27.52,-0.02,1,2752,卖盘
1382,13:28:05,27.54,0.01,131,360774,买盘
1383,13:28:02,27.53,--,141,388173,卖盘
1384,13:27:56,27.53,0.01,2,5506,中性盘
1385,13:27:53,27.52,-0.01,43,118336,卖盘
1386,13:27:50,27.53,--,114,313842,买盘
1387,13:27:44,27.53,0.01,3,8259,买盘
1388,13:27:41,27.52,--,47,129344,卖盘
1389,13:27:38,27.52,--,1,2752,卖盘
1390,13:27:35,27.52,--,30,82560,买盘
1391,13:27:32,27.52,0.01,181,498112,买盘
1392,13:27:29,27.51,--,6,16506,卖盘
1393,13:27:26,27.51,--,24,66024,买盘
1394,13:27:23,27.51,0.01,384,1056384,买盘
1395,13:27:17,27.5,0.01,5,13750,卖盘
1396,13:27:08,27.49,-0.01,192,527808,卖盘
1397,13:27:05,27.5,--,28,77000,买盘
1398,13:27:02,27.5,--,39,107250,买盘
1399,13:26:59,27.5,--,38,104500,买盘
1400,13:26:56,27.5,--,7,19250,买盘
1401,13:26:53,27.5,0.01,3,8250,买盘
1402,13:26:50,27.49,0.02,4,10996,买盘
1403,13:26:47,27.47,-0.03,40,109880,卖盘
1404,13:26:44,27.5,0.01,3,8250,买盘
1405,13:26:35,27.49,0.02,69,189681,买盘
1406,13:26:26,27.47,--,1,2747,卖盘
1407,13:26:23,27.47,-0.01,141,387327,卖盘
1408,13:26:17,27.48,0.01,3,8244,中性盘
1409,13:26:11,27.47,-0.02,55,151085,卖盘
1410,13:26:08,27.49,0.02,89,244661,买盘
1411,13:26:02,27.47,-0.02,38,104386,卖盘
1412,13:25:59,27.49,--,27,74223,买盘
1413,13:25:56,27.49,0.02,4,10996,买盘
1414,13:25:53,27.47,--,5,13735,卖盘
1415,13:25:50,27.47,-0.02,33,90651,卖盘
1416,13:25:47,27.49,0.01,9,24741,买盘
1417,13:25:41,27.48,0.01,17,46716,买盘
1418,13:25:38,27.47,-0.01,34,93398,卖盘
1419,13:25:35,27.48,--,49,134652,买盘
1420,13:25:31,27.48,0.01,2,5496,买盘
1421,13:25:28,27.47,-0.01,5,13735,卖盘
1422,13:25:22,27.48,-0.01,23,63204,卖盘
1423,13:25:16,27.49,0.02,5,13745,卖盘
1424,13:25:13,27.47,-0.04,34,93398,卖盘
1425,13:25:10,27.51,--,3,8253,买盘
1426,13:25:07,27.51,0.03,10,27510,买盘
1427,13:25:04,27.48,-0.03,52,142896,卖盘
1428,13:24:58,27.51,--,34,93534,卖盘
1429,13:24:55,27.51,--,8,22008,卖盘
1430,13:24:52,27.51,-0.01,39,107289,卖盘
1431,13:24:49,27.52,0.01,1,2752,买盘
1432,13:24:46,27.51,--,1,2751,卖盘
1433,13:24:43,27.51,-0.01,60,165060,卖盘
1434,13:24:37,27.52,-0.02,3,8256,卖盘
1435,13:24:34,27.54,0.02,131,360774,买盘
1436,13:24:31,27.52,--,38,104576,卖盘
1437,13:24:25,27.52,0.01,22,60544,买盘
1438,13:24:22,27.51,--,5,13755,卖盘
1439,13:24:16,27.51,-0.01,42,115542,中性盘
1440,13:24:13,27.52,0.05,10,27520,买盘
1441,13:24:10,27.47,-0.04,28,76916,卖盘
1442,13:24:07,27.51,0.04,3,8253,买盘
1443,13:24:04,27.47,--,61,167567,卖盘
1444,13:24:01,27.47,--,5,13735,卖盘
1445,13:23:58,27.47,--,16,43952,买盘
1446,13:23:55,27.47,-0.05,17,46699,卖盘
1447,13:23:52,27.52,0.05,3,8256,买盘
1448,13:23:49,27.47,--,5,13735,卖盘
1449,13:23:43,27.47,-0.05,34,93398,卖盘
1450,13:23:40,27.52,0.02,150,412800,买盘
1451,13:23:37,27.5,-0.02,9,24750,卖盘
1452,13:23:34,27.52,--,51,140352,买盘
1453,13:23:31,27.52,--,13,35776,卖盘
1454,13:23:28,27.52,--,6,16512,卖盘
1455,13:23:25,27.52,--,20,55040,卖盘
1456,13:23:22,27.52,--,37,101824,卖盘
1457,13:23:19,27.52,0.02,108,297216,买盘
1458,13:23:16,27.5,--,5,13750,卖盘
1459,13:23:13,27.5,--,5,13750,卖盘
1460,13:23:07,27.5,--,37,101750,卖盘
1461,13:23:04,27.5,-0.02,13,35750,卖盘
1462,13:23:01,27.52,0.06,30,82560,买盘
1463,13:22:58,27.46,--,39,107094,卖盘
1464,13:22:55,27.46,--,24,65904,买盘
1465,13:22:52,27.46,--,12,32952,买盘
1466,13:22:49,27.46,0.01,6,16476,买盘
1467,13:22:46,27.45,-0.06,7,19215,卖盘
1468,13:22:43,27.51,0.01,30,82530,买盘
1469,13:22:37,27.5,--,1,2750,买盘
1470,13:22:34,27.5,-0.01,69,189750,卖盘
1471,13:22:31,27.51,-0.01,5,13755,卖盘
1472,13:22:28,27.52,--,15,41280,卖盘
1473,13:22:25,27.52,--,37,101824,卖盘
1474,13:22:22,27.52,--,5,13760,卖盘
1475,13:22:19,27.52,0.07,87,239424,买盘
1476,13:22:13,27.45,-0.04,36,98820,卖盘
1477,13:22:10,27.49,-0.01,10,27490,卖盘
1478,13:22:07,27.5,-0.02,3,8250,卖盘
1479,13:22:04,27.52,0.06,48,132096,买盘
1480,13:21:58,27.46,-0.04,32,87872,卖盘
1481,13:21:52,27.5,0.01,2,5500,买盘
1482,13:21:49,27.49,0.01,50,137450,买盘
1483,13:21:46,27.48,--,56,153888,买盘
1484,13:21:40,27.48,--,75,206100,买盘
1485,13:21:34,27.48,--,58,159384,买盘
1486,13:21:31,27.48,0.03,20,54960,买盘
1487,13:21:25,27.45,0.01,168,463493,买盘
1488,13:21:22,27.44,-0.01,66,181104,中性盘
1489,13:21:19,27.45,--,142,389790,买盘
1490,13:21:16,27.45,0.02,62,170190,买盘
1491,13:21:13,27.43,--,2,5486,卖盘
1492,13:21:10,27.43,--,29,79547,卖盘
1493,13:21:07,27.43,-0.01,38,104234,卖盘
1494,13:21:04,27.44,--,64,175616,买盘
1495,13:21:01,27.44,--,5,13720,买盘
1496,13:20:58,27.44,--,10,27440,买盘
1497,13:20:55,27.44,--,58,159152,买盘
1498,13:20:49,27.44,0.01,14,38416,中性盘
1499,13:20:43,27.43,--,2,5486,卖盘
1500,13:20:40,27.43,-0.02,44,120692,卖盘
1501,13:20:34,27.45,--,31,85095,买盘
1502,13:20:31,27.45,--,68,186660,买盘
1503,13:20:28,27.45,0.02,5,13725,买盘
1504,13:20:25,27.43,-0.02,34,93262,卖盘
1505,13:20:22,27.45,0.02,9,24705,买盘
1506,13:20:19,27.43,-0.01,40,109720,卖盘
1507,13:20:16,27.44,0.01,140,384160,卖盘
1508,13:20:13,27.43,--,1,2743,卖盘
1509,13:20:07,27.43,-0.02,39,106977,卖盘
1510,13:20:04,27.45,0.02,58,159210,买盘
1511,13:20:01,27.43,--,60,164580,卖盘
1512,13:19:58,27.43,--,33,90519,卖盘
1513,13:19:52,27.43,--,63,172809,买盘
1514,13:19:43,27.43,0.02,40,109720,买盘
1515,13:19:40,27.41,--,10,27410,卖盘
1516,13:19:37,27.41,0.02,4,10964,卖盘
1517,13:19:34,27.39,-0.02,240,657360,卖盘
1518,13:19:31,27.41,-0.02,81,222021,卖盘
1519,13:19:28,27.43,0.02,3,8229,买盘
1520,13:19:25,27.41,--,15,41115,卖盘
1521,13:19:22,27.41,-0.01,41,112381,卖盘
1522,13:19:19,27.42,0.01,1,2742,中性盘
1523,13:19:16,27.41,-0.02,5,13705,卖盘
1524,13:19:13,27.43,--,3,8229,买盘
1525,13:19:10,27.43,--,17,46631,卖盘
1526,13:19:07,27.43,--,34,93262,卖盘
1527,13:19:04,27.43,0.02,54,148122,卖盘
1528,13:19:01,27.41,-0.02,35,95935,卖盘
1529,13:18:55,27.43,--,3,8229,买盘
1530,13:18:52,27.43,--,16,43888,买盘
1531,13:18:49,27.43,-0.02,32,87776,卖盘
1532,13:18:46,27.45,--,142,390201,卖盘
1533,13:18:40,27.45,-0.03,2,5490,卖盘
1534,13:18:37,27.48,--,41,112668,买盘
1535,13:18:31,27.48,0.03,52,142896,中性盘
1536,13:18:28,27.45,--,44,123113,买盘
1537,13:18:22,27.45,0.04,144,395280,买盘
1538,13:18:13,27.41,-0.04,48,131568,卖盘
1539,13:18:07,27.45,--,6,16470,买盘
1540,13:18:04,27.45,--,64,175817,卖盘
1541,13:18:01,27.45,--,34,93330,卖盘
1542,13:17:58,27.45,--,6,16470,卖盘
1543,13:17:55,27.45,--,22,60390,卖盘
1544,13:17:52,27.45,0.05,270,743757,买盘
1545,13:17:49,27.4,-0.01,6,16440,卖盘
1546,13:17:43,27.41,0.01,17,46597,买盘
1547,13:17:40,27.4,0.01,69,189060,买盘
1548,13:17:37,27.39,-0.01,16,43824,卖盘
1549,13:17:34,27.4,0.01,56,153440,买盘
1550,13:17:31,27.39,-0.01,39,106821,卖盘
1551,13:17:25,27.4,0.01,30,82200,买盘
1552,13:17:22,27.39,-0.04,538,1473582,卖盘
1553,13:17:19,27.43,0.02,11,30173,买盘
1554,13:17:16,27.41,-0.02,38,104158,卖盘
1555,13:17:13,27.43,--,20,54860,买盘
1556,13:17:10,27.43,0.01,3,8229,买盘
1557,13:17:04,27.42,-0.01,99,271458,卖盘
1558,13:16:58,27.43,--,5,13715,买盘
1559,13:16:55,27.43,--,38,104234,买盘
1560,13:16:52,27.43,--,17,46631,买盘
1561,13:16:49,27.43,--,41,112600,卖盘
1562,13:16:46,27.43,--,30,82290,卖盘
1563,13:16:43,27.43,-0.05,49,134407,卖盘
1564,13:16:34,27.48,0.05,81,222588,买盘
1565,13:16:31,27.43,-0.05,5,13715,卖盘
1566,13:16:25,27.48,0.05,3,8244,买盘
1567,13:16:22,27.43,-0.03,39,106977,卖盘
1568,13:16:16,27.46,--,35,96110,卖盘
1569,13:16:13,27.46,--,1,2746,卖盘
1570,13:16:10,27.46,0.03,1,2746,中性盘
1571,13:16:07,27.43,-0.05,47,128921,卖盘
1572,13:16:04,27.48,0.02,48,131904,买盘
1573,13:16:01,27.46,0.03,5,13730,中性盘
1574,13:15:58,27.43,-0.02,39,106977,卖盘
1575,13:15:55,27.45,-0.01,18,49410,买盘
1576,13:15:52,27.46,--,19,52174,卖盘
1577,13:15:49,27.46,0.01,56,154050,中性盘
1578,13:15:43,27.45,-0.03,610,1674450,卖盘
1579,13:15:37,27.48,0.02,36,98928,买盘
1580,13:15:34,27.46,--,51,140046,卖盘
1581,13:15:25,27.46,-0.06,43,118078,卖盘
1582,13:15:19,27.52,0.01,56,154112,买盘
1583,13:15:13,27.51,-0.01,7,19257,卖盘
1584,13:15:01,27.52,0.06,71,195392,买盘
1585,13:14:52,27.46,--,14,38444,卖盘
1586,13:14:49,27.46,-0.04,36,98856,卖盘
1587,13:14:46,27.5,-0.02,2,5500,卖盘
1588,13:14:43,27.52,0.06,1,4953,买盘
1589,13:14:40,27.46,-0.06,43,118078,卖盘
1590,13:14:37,27.52,-0.01,3,8256,买盘
1591,13:14:34,27.53,0.07,48,132144,买盘
1592,13:14:31,27.46,--,1,2746,卖盘
1593,13:14:28,27.46,--,39,107094,卖盘
1594,13:14:19,27.46,-0.07,43,118078,卖盘
1595,13:14:16,27.53,0.04,7,19271,买盘
1596,13:14:13,27.49,0.02,35,96215,买盘
1597,13:14:10,27.47,0.01,4,10988,中性盘
1598,13:14:07,27.46,-0.02,16,43936,卖盘
1599,13:14:01,27.48,-0.03,76,209122,卖盘
1600,13:13:58,27.51,--,86,236586,卖盘
1601,13:13:55,27.51,--,150,412650,卖盘
1602,13:13:49,27.51,0.06,98,269598,买盘
1603,13:13:43,27.45,-0.03,54,148230,卖盘
1604,13:13:34,27.48,0.03,43,118164,买盘
1605,13:13:31,27.45,--,38,104310,卖盘
1606,13:13:22,27.45,--,47,129015,卖盘
1607,13:13:16,27.45,--,4,10980,卖盘
1608,13:13:13,27.45,0.02,217,595665,买盘
1609,13:13:10,27.43,-0.02,35,96005,卖盘
1610,13:13:07,27.45,--,4,10980,买盘
1611,13:13:04,27.45,0.02,54,148230,买盘
1612,13:13:01,27.43,-0.02,13,35659,卖盘
1613,13:12:58,27.45,--,165,452925,卖盘
1614,13:12:49,27.45,-0.01,6,16470,卖盘
1615,13:12:46,27.46,0.01,39,107094,买盘
1616,13:12:37,27.45,-0.01,4,10980,卖盘
1617,13:12:34,27.46,-0.03,65,178490,卖盘
1618,13:12:31,27.49,0.01,80,219920,买盘
1619,13:12:28,27.48,0.03,6,16488,买盘
1620,13:12:22,27.45,-0.01,42,115290,卖盘
1621,13:12:16,27.46,--,41,112586,卖盘
1622,13:12:07,27.46,-0.04,55,151030,卖盘
1623,13:12:04,27.5,0.04,47,129250,买盘
1624,13:12:01,27.46,-0.02,33,90618,卖盘
1625,13:11:58,27.48,--,6,16488,卖盘
1626,13:11:55,27.48,--,115,316020,买盘
1627,13:11:52,27.48,-0.02,37,101676,买盘
1628,13:11:43,27.5,0.04,8,22000,买盘
1629,13:11:37,27.46,-0.04,38,104348,卖盘
1630,13:11:34,27.5,0.02,27,74250,买盘
1631,13:11:31,27.48,--,24,65952,买盘
1632,13:11:25,27.48,0.02,43,118164,买盘
1633,13:11:22,27.46,-0.01,5,13730,卖盘
1634,13:11:16,27.47,-0.03,31,85157,卖盘
1635,13:11:13,27.5,0.03,4,11000,买盘
1636,13:11:10,27.47,-0.03,17,46699,卖盘
1637,13:11:07,27.5,--,3,8250,买盘
1638,13:11:04,27.5,--,80,220000,卖盘
1639,13:11:01,27.5,--,10,27500,卖盘
1640,13:10:55,27.5,0.04,155,426250,买盘
1641,13:10:49,27.46,-0.04,8,21968,卖盘
1642,13:10:43,27.5,0.04,41,112750,买盘
1643,13:10:40,27.46,-0.04,5,13730,卖盘
1644,13:10:31,27.5,0.04,83,228250,买盘
1645,13:10:28,27.46,-0.02,33,90618,卖盘
1646,13:10:25,27.48,--,7,19236,买盘
1647,13:10:22,27.48,--,29,79692,买盘
1648,13:10:19,27.48,0.01,37,101676,买盘
1649,13:10:16,27.47,-0.01,5,13735,卖盘
1650,13:10:10,27.48,0.01,14,38472,中性盘
1651,13:10:07,27.47,-0.01,33,90651,卖盘
1652,13:10:04,27.48,--,112,307776,卖盘
1653,13:09:58,27.48,--,38,104424,卖盘
1654,13:09:55,27.48,0.02,74,203352,买盘
1655,13:09:52,27.46,--,27,74142,卖盘
1656,13:09:46,27.46,--,33,90618,卖盘
1657,13:09:43,27.46,--,4,10984,卖盘
1658,13:09:37,27.46,--,274,752404,买盘
1659,13:09:34,27.46,--,53,145538,买盘
1660,13:09:31,27.46,--,3,8238,买盘
1661,13:09:25,27.46,0.01,13,35698,卖盘
1662,13:09:22,27.45,--,36,98820,卖盘
1663,13:09:19,27.45,-0.03,5,13725,卖盘
1664,13:09:13,27.48,0.03,20,54960,买盘
1665,13:09:10,27.45,-0.03,56,153720,卖盘
1666,13:09:04,27.48,0.02,46,126408,买盘
1667,13:09:01,27.46,0.01,36,98856,卖盘
1668,13:08:58,27.45,-0.04,5,13725,卖盘
1669,13:08:55,27.49,0.04,126,346374,买盘
1670,13:08:49,27.45,--,38,104310,卖盘
1671,13:08:40,27.45,--,37,101565,卖盘
1672,13:08:37,27.45,-0.04,5,13725,卖盘
1673,13:08:34,27.49,0.06,73,200677,买盘
1674,13:08:28,27.43,-0.05,38,104234,卖盘
1675,13:08:25,27.48,0.05,4,10992,买盘
1676,13:08:22,27.43,--,20,54860,卖盘
1677,13:08:16,27.43,-0.05,239,655577,卖盘
1678,13:08:10,27.48,--,2,5496,买盘
1679,13:08:07,27.48,0.03,71,197718,买盘
1680,13:08:01,27.45,-0.03,4,10980,卖盘
1681,13:07:58,27.48,0.03,1,2748,买盘
1682,13:07:52,27.45,--,130,356850,买盘
1683,13:07:46,27.45,0.04,3,8235,买盘
1684,13:07:40,27.41,-0.04,42,115122,卖盘
1685,13:07:37,27.45,--,3,8235,买盘
1686,13:07:34,27.45,0.05,51,139995,买盘
1687,13:07:31,27.4,-0.05,42,115080,卖盘
1688,13:07:28,27.45,0.05,8,21960,买盘
1689,13:07:22,27.4,--,5,13700,卖盘
1690,13:07:19,27.4,-0.08,37,101380,卖盘
1691,13:07:16,27.48,0.08,210,577080,买盘
1692,13:07:10,27.4,--,57,156180,买盘
1693,13:07:07,27.4,--,13,35620,买盘
1694,13:07:04,27.4,-0.08,369,1012347,卖盘
1695,13:06:58,27.48,0.07,268,736464,买盘
1696,13:06:55,27.41,-0.04,38,104158,卖盘
1697,13:06:52,27.45,--,1,2745,买盘
1698,13:06:49,27.45,0.03,3,8235,买盘
1699,13:06:46,27.42,0.01,99,271458,中性盘
1700,13:06:34,27.41,--,788,2159908,卖盘
1701,13:06:25,27.41,-0.01,5,13705,卖盘
1702,13:06:21,27.42,-0.03,63,172746,卖盘
1703,13:06:18,27.45,0.03,3,8235,买盘
1704,13:06:15,27.42,--,5,13710,卖盘
1705,13:06:12,27.42,-0.03,36,98712,卖盘
1706,13:06:06,27.45,--,2,5490,买盘
1707,13:06:00,27.45,0.04,97,266265,买盘
1708,13:05:57,27.41,-0.04,33,90453,卖盘
1709,13:05:54,27.45,0.04,41,112545,买盘
1710,13:05:48,27.41,-0.04,40,109640,卖盘
1711,13:05:45,27.45,0.03,3,8235,买盘
1712,13:05:42,27.42,-0.03,5,13710,卖盘
1713,13:05:39,27.45,--,3,8235,买盘
1714,13:05:36,27.45,-0.03,114,314522,卖盘
1715,13:05:33,27.48,--,46,126408,买盘
1716,13:05:30,27.48,0.03,3,8244,买盘
1717,13:05:27,27.45,--,40,109800,卖盘
1718,13:05:24,27.45,0.04,59,163107,买盘
1719,13:05:18,27.41,--,8,21928,卖盘
1720,13:05:15,27.41,--,33,90453,卖盘
1721,13:05:09,27.41,-0.04,44,120604,卖盘
1722,13:05:03,27.45,0.04,53,145485,买盘
1723,13:04:57,27.41,0.01,6,16446,卖盘
1724,13:04:54,27.4,-0.01,39,106860,卖盘
1725,13:04:51,27.41,--,5,13705,买盘
1726,13:04:45,27.41,0.01,9,24669,买盘
1727,13:04:42,27.4,-0.01,5,13700,卖盘
1728,13:04:39,27.41,-0.04,23,63043,卖盘
1729,13:04:36,27.45,--,3,9827,卖盘
1730,13:04:33,27.45,0.04,43,119187,买盘
1731,13:04:30,27.41,--,39,106899,卖盘
1732,13:04:27,27.41,0.01,35,95935,中性盘
1733,13:04:21,27.4,--,5,13700,卖盘
1734,13:04:18,27.4,-0.05,36,98640,卖盘
1735,13:04:15,27.45,0.05,6,16470,买盘
1736,13:04:12,27.4,-0.01,71,195992,卖盘
1737,13:04:09,27.41,-0.04,37,101417,卖盘
1738,13:04:03,27.45,0.01,50,137250,买盘
1739,13:04:00,27.44,--,22,60368,卖盘
1740,13:03:57,27.44,--,34,93296,卖盘
1741,13:03:54,27.44,0.03,77,211288,买盘
1742,13:03:51,27.41,--,12,32892,卖盘
1743,13:03:48,27.41,-0.03,35,95935,卖盘
1744,13:03:39,27.44,0.04,14,38416,买盘
1745,13:03:36,27.4,--,9,24660,卖盘
1746,13:03:33,27.4,-0.05,81,221940,卖盘
1747,13:03:30,27.45,--,10,27450,买盘
1748,13:03:27,27.45,0.04,17,46665,买盘
1749,13:03:24,27.41,0.01,30,82230,中性盘
1750,13:03:15,27.4,-0.01,45,123300,卖盘
1751,13:03:12,27.41,-0.04,46,126086,卖盘
1752,13:03:03,27.45,--,66,181170,买盘
1753,13:02:57,27.45,0.05,132,362340,买盘
1754,13:02:51,27.4,--,37,101380,卖盘
1755,13:02:48,27.4,--,6,16440,卖盘
1756,13:02:45,27.4,-0.05,5,13700,卖盘
1757,13:02:39,27.45,0.05,39,107055,买盘
1758,13:02:36,27.4,-0.05,6,16440,中性盘
1759,13:02:30,27.45,0.06,52,142740,买盘
1760,13:02:27,27.39,-0.06,52,143742,卖盘
1761,13:02:24,27.45,0.05,3,8235,买盘
1762,13:02:21,27.4,-0.05,5,13700,中性盘
1763,13:02:18,27.45,0.06,30,82350,买盘
1764,13:02:15,27.39,--,40,109560,卖盘
1765,13:02:12,27.39,--,10,27390,卖盘
1766,13:02:09,27.39,--,59,161601,卖盘
1767,13:02:06,27.39,-0.06,35,95865,卖盘
1768,13:02:03,27.45,0.05,58,159210,买盘
1769,13:02:00,27.4,--,22,60280,买盘
1770,13:01:57,27.4,--,151,413740,买盘
1771,13:01:51,27.4,-0.02,27,75761,卖盘
1772,13:01:48,27.42,0.02,5,13710,卖盘
1773,13:01:45,27.4,-0.04,35,95900,卖盘
1774,13:01:42,27.44,--,31,85064,买盘
1775,13:01:36,27.44,--,38,104272,买盘
1776,13:01:33,27.44,--,56,153664,买盘
1777,13:01:30,27.44,0.02,34,93296,买盘
1778,13:01:27,27.42,0.02,5,13710,中性盘
1779,13:01:18,27.4,-0.01,67,183580,卖盘
1780,13:01:15,27.41,-0.01,5,13705,卖盘
1781,13:01:12,27.42,0.01,5,13710,中性盘
1782,13:01:09,27.41,-0.03,36,98676,卖盘
1783,13:01:06,27.44,0.02,29,79576,卖盘
1784,13:01:03,27.42,-0.02,120,329040,中性盘
1785,13:00:57,27.44,0.04,89,244216,买盘
1786,13:00:54,27.4,-0.01,238,652120,卖盘
1787,13:00:51,27.41,--,47,128827,买盘
1788,13:00:48,27.41,-0.01,162,445741,卖盘
1789,13:00:45,27.42,-0.02,11,30162,买盘
1790,13:00:42,27.44,0.03,20,54880,卖盘
1791,13:00:36,27.41,-0.03,60,164460,卖盘
1792,13:00:33,27.44,0.03,41,113546,买盘
1793,13:00:30,27.41,-0.03,85,232985,卖盘
1794,13:00:24,27.44,0.04,54,148176,买盘
1795,13:00:21,27.4,-0.01,159,435660,卖盘
1796,13:00:18,27.41,--,74,202834,卖盘
1797,13:00:15,27.41,--,1,2741,卖盘
1798,13:00:09,27.41,0.01,33,90453,卖盘
1799,13:00:06,27.4,-0.03,593,1624820,卖盘
1800,13:00:03,27.43,0.03,474,1300182,买盘
1801,11:30:02,27.4,-0.01,25,68500,卖盘
1802,11:29:59,27.41,-0.04,27,74007,卖盘
1803,11:29:56,27.45,--,12,32940,买盘
1804,11:29:53,27.45,--,134,367830,买盘
1805,11:29:50,27.45,0.02,46,126270,买盘
1806,11:29:47,27.43,--,46,126178,卖盘
1807,11:29:44,27.43,--,3,9710,卖盘
1808,11:29:41,27.43,0.02,67,183781,中性盘
1809,11:29:38,27.41,-0.04,5,13705,卖盘
1810,11:29:32,27.45,0.02,51,139995,买盘
1811,11:29:29,27.43,0.02,76,208468,买盘
1812,11:29:26,27.41,-0.02,5,13705,卖盘
1813,11:29:23,27.43,0.01,114,312702,买盘
1814,11:29:20,27.42,0.01,4,10968,卖盘
1815,11:29:17,27.41,-0.01,152,416632,卖盘
1816,11:29:14,27.42,--,19,52098,卖盘
1817,11:29:11,27.42,-0.03,23,63066,卖盘
1818,11:29:08,27.45,--,46,126270,买盘
1819,11:29:05,27.45,--,70,192150,买盘
1820,11:28:59,27.45,0.03,11,30195,买盘
1821,11:28:56,27.42,--,35,95970,卖盘
1822,11:28:53,27.42,-0.01,22,60324,卖盘
1823,11:28:50,27.43,-0.01,21,57603,卖盘
1824,11:28:47,27.44,-0.01,4,10976,中性盘
1825,11:28:44,27.45,--,39,109607,卖盘
1826,11:28:41,27.45,-0.02,46,127752,卖盘
1827,11:28:35,27.47,0.01,90,247230,买盘
1828,11:28:32,27.46,--,23,63158,买盘
1829,11:28:23,27.46,0.01,39,107094,买盘
1830,11:28:20,27.45,-0.02,53,145485,卖盘
1831,11:28:17,27.47,--,9,24723,买盘
1832,11:28:14,27.47,--,72,197784,买盘
1833,11:28:08,27.47,0.01,1,2747,买盘
1834,11:28:05,27.46,-0.01,59,162014,卖盘
1835,11:28:02,27.47,--,102,280194,买盘
1836,11:27:56,27.47,--,1,2747,买盘
1837,11:27:53,27.47,0.02,60,164820,买盘
1838,11:27:50,27.45,-0.02,39,107055,卖盘
1839,11:27:47,27.47,--,14,38458,买盘
1840,11:27:44,27.47,--,25,68675,买盘
1841,11:27:41,27.47,0.02,8,21976,买盘
1842,11:27:38,27.45,-0.02,59,161955,卖盘
1843,11:27:32,27.47,0.01,93,255471,买盘
1844,11:27:29,27.46,0.01,87,238902,买盘
1845,11:27:26,27.45,--,22,60390,卖盘
1846,11:27:14,27.45,--,37,101565,卖盘
1847,11:27:11,27.45,--,32,87840,卖盘
1848,11:27:08,27.45,--,6,17924,买盘
1849,11:27:05,27.45,0.02,61,167445,买盘
1850,11:27:02,27.43,-0.01,54,148122,卖盘
1851,11:26:59,27.44,-0.01,16,43904,卖盘
1852,11:26:56,27.45,0.01,51,139995,买盘
1853,11:26:50,27.44,--,67,183848,买盘
1854,11:26:41,27.44,-0.01,25,70081,卖盘
1855,11:26:38,27.45,--,66,182460,卖盘
1856,11:26:35,27.45,0.04,79,218309,买盘
1857,11:26:32,27.41,-0.03,59,161719,卖盘
1858,11:26:29,27.44,--,5,13720,卖盘
1859,11:26:26,27.44,0.02,121,332216,买盘
1860,11:26:23,27.42,0.02,5,13710,买盘
1861,11:26:20,27.4,-0.01,105,287700,卖盘
1862,11:26:17,27.41,0.01,49,134309,卖盘
1863,11:26:11,27.4,-0.01,38,104120,卖盘
1864,11:26:05,27.41,--,86,235726,买盘
1865,11:26:02,27.41,0.01,20,54820,买盘
1866,11:25:59,27.4,--,43,117820,卖盘
1867,11:25:56,27.4,-0.02,34,93160,卖盘
1868,11:25:53,27.42,--,8,21936,买盘
1869,11:25:50,27.42,--,50,137100,买盘
1870,11:25:47,27.42,--,484,1327128,买盘
1871,11:25:44,27.42,--,128,350976,卖盘
1872,11:25:41,27.42,--,16,43872,卖盘
1873,11:25:38,27.42,-0.02,26,71292,卖盘
1874,11:25:35,27.44,0.01,64,175616,买盘
1875,11:25:31,27.43,--,10,27430,买盘
1876,11:25:22,27.43,--,57,156351,买盘
1877,11:25:16,27.43,--,10,27430,买盘
1878,11:25:13,27.43,--,43,117949,买盘
1879,11:25:10,27.43,--,1,2743,买盘
1880,11:25:07,27.43,--,3,8229,买盘
1881,11:25:04,27.43,0.01,29,79547,买盘
1882,11:25:01,27.42,-0.03,61,167262,卖盘
1883,11:24:58,27.45,--,10,27450,买盘
1884,11:24:52,27.45,0.02,7,19215,买盘
1885,11:24:49,27.43,-0.01,37,101491,卖盘
1886,11:24:46,27.44,-0.01,5,13720,卖盘
1887,11:24:37,27.45,-0.03,526,1445160,卖盘
1888,11:24:34,27.48,0.01,31,85188,买盘
1889,11:24:28,27.47,0.01,121,332387,买盘
1890,11:24:25,27.46,--,38,104348,卖盘
1891,11:24:22,27.46,--,22,60412,卖盘
1892,11:24:19,27.46,--,4,10984,卖盘
1893,11:24:16,27.46,-0.02,43,118078,卖盘
1894,11:24:10,27.48,0.02,13,37180,买盘
1895,11:24:04,27.46,--,53,146828,卖盘
1896,11:23:55,27.46,-0.01,61,167506,卖盘
1897,11:23:52,27.47,-0.03,10,27470,卖盘
1898,11:23:46,27.5,0.02,4,11000,买盘
1899,11:23:43,27.48,--,49,134652,卖盘
1900,11:23:37,27.48,--,1,4204,买盘
1901,11:23:34,27.48,--,30,82440,卖盘
1902,11:23:31,27.48,--,47,129156,卖盘
1903,11:23:28,27.48,--,21,57708,卖盘
1904,11:23:19,27.48,--,71,195108,买盘
1905,11:23:16,27.48,--,3,8244,买盘
1906,11:23:10,27.48,--,16,43968,卖盘
1907,11:23:07,27.48,-0.02,4,10992,卖盘
1908,11:23:04,27.5,0.01,27,74250,买盘
1909,11:23:01,27.49,--,1,2749,买盘
1910,11:22:58,27.49,-0.01,39,107211,买盘
1911,11:22:55,27.5,--,11,31542,卖盘
1912,11:22:52,27.5,0.01,49,136207,买盘
1913,11:22:49,27.49,-0.01,12,32988,卖盘
1914,11:22:46,27.5,--,69,189750,买盘
1915,11:22:40,27.5,--,64,177292,卖盘
1916,11:22:37,27.5,--,38,104500,卖盘
1917,11:22:34,27.5,--,80,221457,卖盘
1918,11:22:31,27.5,-0.03,1,2750,卖盘
1919,11:22:28,27.53,0.03,3,8259,买盘
1920,11:22:25,27.5,--,5,13750,卖盘
1921,11:22:22,27.5,--,40,110000,卖盘
1922,11:22:16,27.5,-0.03,10,27500,卖盘
1923,11:22:13,27.53,0.03,8,22024,买盘
1924,11:22:10,27.5,-0.03,35,96250,卖盘
1925,11:22:04,27.53,0.03,33,90849,买盘
1926,11:22:01,27.5,-0.03,43,118250,卖盘
1927,11:21:58,27.53,0.03,23,63319,买盘
1928,11:21:52,27.5,--,38,104500,卖盘
1929,11:21:49,27.5,--,96,264000,买盘
1930,11:21:43,27.5,0.04,103,283250,买盘
1931,11:21:40,27.46,-0.04,41,114068,卖盘
1932,11:21:37,27.5,0.04,27,74250,买盘
1933,11:21:28,27.46,--,5,13730,卖盘
1934,11:21:25,27.46,-0.04,47,129062,卖盘
1935,11:21:22,27.5,--,3,8250,卖盘
1936,11:21:16,27.5,--,39,107250,卖盘
1937,11:21:10,27.5,--,4,11000,卖盘
1938,11:21:07,27.5,0.04,34,93500,买盘
1939,11:21:04,27.46,--,171,469566,卖盘
1940,11:20:55,27.46,-0.04,39,107094,卖盘
1941,11:20:52,27.5,0.04,79,217442,买盘
1942,11:20:49,27.46,--,52,142792,买盘
1943,11:20:46,27.46,--,6,16476,买盘
1944,11:20:43,27.46,-0.02,484,1331617,卖盘
1945,11:20:40,27.48,-0.02,6,17944,卖盘
1946,11:20:34,27.5,--,39,107250,买盘
1947,11:20:28,27.5,-0.04,80,220000,卖盘
1948,11:20:22,27.54,0.01,11,30294,买盘
1949,11:20:19,27.53,-0.01,37,101861,卖盘
1950,11:20:16,27.54,0.01,100,275400,买盘
1951,11:20:13,27.53,-0.01,2,5506,买盘
1952,11:20:10,27.54,0.01,86,236844,买盘
1953,11:20:07,27.53,-0.01,1,2753,中性盘
1954,11:20:04,27.54,0.01,28,77112,买盘
1955,11:20:01,27.53,0.03,59,162427,买盘
1956,11:19:58,27.5,-0.03,53,145750,卖盘
1957,11:19:55,27.53,0.03,50,137650,买盘
1958,11:19:52,27.5,0.02,8,22000,买盘
1959,11:19:46,27.48,--,48,131904,卖盘
1960,11:19:40,27.48,--,104,285792,卖盘
1961,11:19:37,27.48,-0.02,35,97663,卖盘
1962,11:19:34,27.5,0.08,55,151250,买盘
1963,11:19:28,27.42,-0.01,5,13710,卖盘
1964,11:19:25,27.43,-0.03,34,93262,卖盘
1965,11:19:22,27.46,-0.01,4,10984,中性盘
1966,11:19:19,27.47,0.01,5,13735,卖盘
1967,11:19:16,27.46,--,40,109840,买盘
1968,11:19:10,27.46,-0.02,1,2746,中性盘
1969,11:19:07,27.48,0.06,50,137400,中性盘
1970,11:19:01,27.42,-0.11,36,98712,卖盘
1971,11:18:55,27.53,0.11,12,33036,中性盘
1972,11:18:52,27.42,-0.05,536,1469712,卖盘
1973,11:18:43,27.47,0.01,8,21976,中性盘
1974,11:18:40,27.46,--,39,107094,卖盘
1975,11:18:37,27.46,-0.08,65,179972,卖盘
1976,11:18:34,27.54,--,35,96390,买盘
1977,11:18:31,27.54,0.06,50,137700,买盘
1978,11:18:28,27.48,-0.05,35,97718,卖盘
1979,11:18:25,27.53,0.05,14,38542,卖盘
1980,11:18:22,27.48,-0.06,6,16488,卖盘
1981,11:18:19,27.54,0.04,37,101898,买盘
1982,11:18:13,27.5,--,20,55000,卖盘
1983,11:18:10,27.5,-0.01,10,27500,卖盘
1984,11:18:04,27.51,-0.02,64,176064,中性盘
1985,11:18:01,27.53,0.03,21,57813,买盘
1986,11:17:55,27.5,-0.04,33,90750,卖盘
1987,11:17:52,27.54,0.04,4,11016,买盘
1988,11:17:49,27.5,--,5,13750,卖盘
1989,11:17:43,27.5,0.07,653,1796960,买盘
1990,11:17:37,27.43,-0.05,12,34397,卖盘
1991,11:17:34,27.48,--,67,184116,买盘
1992,11:17:31,27.48,0.02,48,131904,买盘
1993,11:17:25,27.46,--,53,147267,买盘
1994,11:17:22,27.46,0.01,8,21968,买盘
1995,11:17:19,27.45,-0.02,537,1474065,卖盘
1996,11:17:16,27.47,--,8,21976,卖盘
1997,11:17:13,27.47,-0.01,37,101639,卖盘
1998,11:17:10,27.48,--,14,38472,买盘
1999,11:17:07,27.48,0.02,33,90684,买盘
2000,11:17:04,27.46,-0.02,5,13730,卖盘
2001,11:17:01,27.48,--,49,134652,买盘
2002,11:16:52,27.48,--,24,65952,买盘
2003,11:16:49,27.48,-0.06,309,851687,卖盘
2004,11:16:46,27.54,-0.04,5,15009,卖盘
2005,11:16:43,27.58,0.04,8,22064,买盘
2006,11:16:37,27.54,-0.04,37,103330,卖盘
2007,11:16:34,27.58,0.04,32,88256,买盘
2008,11:16:31,27.54,-0.05,5,13770,卖盘
2009,11:16:28,27.59,0.05,10,27590,买盘
2010,11:16:25,27.54,--,46,126684,卖盘
2011,11:16:22,27.54,--,13,35802,卖盘
2012,11:16:16,27.54,-0.05,33,90882,卖盘
2013,11:16:13,27.59,0.05,3,8277,买盘
2014,11:16:10,27.54,--,51,140454,卖盘
2015,11:16:04,27.54,--,65,179010,卖盘
2016,11:16:01,27.54,-0.02,4,11016,卖盘
2017,11:15:58,27.56,0.02,46,126776,中性盘
2018,11:15:46,27.54,-0.04,5,13770,卖盘
2019,11:15:43,27.58,0.04,5,13790,买盘
2020,11:15:40,27.54,--,40,111619,卖盘
2021,11:15:34,27.54,--,31,85374,卖盘
2022,11:15:31,27.54,--,34,93636,卖盘
2023,11:15:25,27.54,-0.01,11,30294,卖盘
2024,11:15:22,27.55,0.01,8,22040,买盘
2025,11:15:19,27.54,-0.01,49,134946,卖盘
2026,11:15:16,27.55,--,149,410495,卖盘
2027,11:15:10,27.55,--,86,236930,卖盘
2028,11:15:04,27.55,0.01,203,560642,买盘
2029,11:14:58,27.54,--,39,107406,卖盘
2030,11:14:55,27.54,0.04,532,1465128,买盘
2031,11:14:49,27.5,--,38,104500,卖盘
2032,11:14:40,27.5,--,12,33192,买盘
2033,11:14:37,27.5,0.02,64,176000,买盘
2034,11:14:34,27.48,-0.02,67,184116,卖盘
2035,11:14:31,27.5,0.02,2,5500,买盘
2036,11:14:28,27.48,0.02,7,19236,卖盘
2037,11:14:25,27.46,-0.01,32,87872,卖盘
2038,11:14:22,27.47,-0.03,15,41205,卖盘
2039,11:14:19,27.5,0.03,60,165000,买盘
2040,11:14:13,27.47,0.01,78,214266,中性盘
2041,11:14:07,27.46,-0.04,8,21968,卖盘
2042,11:14:04,27.5,0.03,70,192500,买盘
2043,11:13:58,27.47,0.02,5,13735,中性盘
2044,11:13:52,27.45,--,141,387045,卖盘
2045,11:13:46,27.45,-0.02,7,19215,卖盘
2046,11:13:43,27.47,--,2,5494,买盘
2047,11:13:40,27.47,-0.03,33,91914,卖盘
2048,11:13:37,27.5,--,58,160985,买盘
2049,11:13:28,27.5,0.02,537,1476750,中性盘
2050,11:13:22,27.48,-0.07,8,21984,卖盘
2051,11:13:19,27.55,0.07,3,8265,买盘
2052,11:13:16,27.48,--,35,96180,卖盘
2053,11:13:13,27.48,-0.07,8,21984,中性盘
2054,11:13:10,27.55,0.08,9,24795,买盘
2055,11:13:07,27.47,-0.08,34,93398,卖盘
2056,11:13:04,27.55,0.07,35,96425,买盘
2057,11:12:58,27.48,--,8,21984,卖盘
2058,11:12:55,27.48,-0.05,46,126408,卖盘
2059,11:12:52,27.53,--,45,123885,卖盘
2060,11:12:46,27.53,0.06,84,231252,买盘
2061,11:12:43,27.47,-0.03,24,65928,卖盘
2062,11:12:40,27.5,-0.03,8,23457,卖盘
2063,11:12:34,27.53,0.07,138,379914,买盘
2064,11:12:31,27.46,-0.04,5,13730,卖盘
2065,11:12:25,27.5,0.03,75,206250,买盘
2066,11:12:22,27.47,-0.01,35,96145,卖盘
2067,11:12:19,27.48,--,9,24732,卖盘
2068,11:12:16,27.48,--,7,19236,卖盘
2069,11:12:13,27.48,--,12,32976,卖盘
2070,11:12:10,27.48,--,100,274800,卖盘
2071,11:12:07,27.48,-0.02,5,13740,卖盘
2072,11:12:04,27.5,--,28,77000,买盘
2073,11:12:01,27.5,--,35,96250,买盘
2074,11:11:58,27.5,0.02,54,148500,买盘
2075,11:11:55,27.48,-0.02,112,307776,卖盘
2076,11:11:52,27.5,0.04,1,2750,买盘
2077,11:11:49,27.46,-0.04,39,107094,卖盘
2078,11:11:46,27.5,0.02,136,374000,买盘
2079,11:11:40,27.48,--,42,115416,卖盘
2080,11:11:37,27.48,--,2,5496,中性盘
2081,11:11:34,27.48,--,35,97663,买盘
2082,11:11:31,27.48,0.02,40,109920,买盘
2083,11:11:25,27.46,-0.02,5,13730,卖盘
2084,11:11:19,27.48,0.02,7,19236,买盘
2085,11:11:13,27.46,-0.04,137,376202,卖盘
2086,11:11:10,27.5,-0.01,5,13750,卖盘
2087,11:11:07,27.51,--,33,90783,卖盘
2088,11:11:01,27.51,-0.07,5,13755,卖盘
2089,11:10:58,27.58,--,61,168238,卖盘
2090,11:10:55,27.58,--,6,16548,卖盘
2091,11:10:52,27.58,--,35,96530,卖盘
2092,11:10:49,27.58,--,15,41370,卖盘
2093,11:10:46,27.58,0.1,11,30337,买盘
2094,11:10:43,27.48,-0.02,33,90684,卖盘
2095,11:10:40,27.5,-0.08,8,23457,卖盘
2096,11:10:34,27.58,0.08,28,77224,买盘
2097,11:10:31,27.5,0.02,36,99000,中性盘
2098,11:10:28,27.48,--,72,198103,卖盘
2099,11:10:22,27.48,--,35,96180,卖盘
2100,11:10:19,27.48,-0.02,5,13740,卖盘
2101,11:10:13,27.5,-0.06,439,1209752,卖盘
2102,11:10:07,27.56,0.01,505,1391780,中性盘
2103,11:10:04,27.55,-0.05,33,90915,卖盘
2104,11:09:58,27.6,0.05,39,107640,买盘
2105,11:09:55,27.55,-0.05,8,22040,卖盘
2106,11:09:49,27.6,--,102,282844,卖盘
2107,11:09:46,27.6,--,165,455400,卖盘
2108,11:09:43,27.6,--,25,70435,卖盘
2109,11:09:37,27.6,-0.01,134,369840,卖盘
2110,11:09:34,27.61,0.01,50,138050,买盘
2111,11:09:31,27.6,--,5,13800,卖盘
2112,11:09:28,27.6,--,349,963240,卖盘
2113,11:09:25,27.6,--,48,132480,卖盘
2114,11:09:22,27.6,--,5,13800,卖盘
2115,11:09:19,27.6,-0.02,36,99360,卖盘
2116,11:09:13,27.62,0.02,7,19334,买盘
2117,11:09:10,27.6,--,109,300840,卖盘
2118,11:09:04,27.6,--,40,110400,卖盘
2119,11:08:58,27.6,0.04,175,483000,买盘
2120,11:08:55,27.56,0.05,7,19292,买盘
2121,11:08:52,27.51,-0.01,40,110040,卖盘
2122,11:08:49,27.52,--,31,85312,卖盘
2123,11:08:46,27.52,--,3,8256,卖盘
2124,11:08:43,27.52,0.01,6,17970,买盘
2125,11:08:40,27.51,0.01,46,126546,买盘
2126,11:08:37,27.5,-0.01,8,22000,卖盘
2127,11:08:34,27.51,--,118,324618,卖盘
2128,11:08:31,27.51,--,39,107289,卖盘
2129,11:08:28,27.51,-0.01,36,99036,卖盘
2130,11:08:25,27.52,--,3,8256,买盘
2131,11:08:22,27.52,0.01,23,63296,买盘
2132,11:08:19,27.51,--,34,93534,卖盘
2133,11:08:16,27.51,--,5,13755,卖盘
2134,11:08:10,27.51,--,51,140301,卖盘
2135,11:08:07,27.51,--,211,580461,买盘
2136,11:08:04,27.51,0.01,30,82530,买盘
2137,11:07:58,27.5,--,174,478500,卖盘
2138,11:07:55,27.5,--,6,16500,卖盘
2139,11:07:52,27.5,--,8,22000,卖盘
2140,11:07:46,27.5,--,34,93500,卖盘
2141,11:07:43,27.5,0.05,173,475997,买盘
2142,11:07:40,27.45,--,9,24705,卖盘
2143,11:07:34,27.45,-0.05,68,188142,卖盘
2144,11:07:31,27.5,0.02,94,258500,买盘
2145,11:07:25,27.48,0.02,41,112668,买盘
2146,11:07:22,27.46,--,5,13730,卖盘
2147,11:07:19,27.46,-0.02,103,282838,卖盘
2148,11:07:16,27.48,0.03,32,90464,买盘
2149,11:07:13,27.45,--,35,96075,卖盘
2150,11:07:10,27.45,--,4,10980,卖盘
2151,11:07:07,27.45,-0.01,11,30195,卖盘
2152,11:07:04,27.46,0.04,241,662390,买盘
2153,11:07:01,27.42,-0.02,65,178230,卖盘
2154,11:06:58,27.44,--,15,41160,卖盘
2155,11:06:55,27.44,-0.01,1,2744,中性盘
2156,11:06:52,27.45,0.02,41,112545,买盘
2157,11:06:49,27.43,-0.01,13,35659,卖盘
2158,11:06:43,27.44,--,1,2744,买盘
2159,11:06:37,27.44,-0.01,43,120132,卖盘
2160,11:06:34,27.45,--,43,118035,卖盘
2161,11:06:31,27.45,--,134,369312,卖盘
2162,11:06:28,27.45,--,243,667035,卖盘
2163,11:06:25,27.45,-0.01,23,63135,卖盘
2164,11:06:22,27.46,0.01,9,24714,买盘
2165,11:06:19,27.45,--,4,10980,卖盘
2166,11:06:16,27.45,-0.01,42,115290,卖盘
2167,11:06:13,27.46,0.01,5,13730,卖盘
2168,11:06:10,27.45,--,27,74115,卖盘
2169,11:06:07,27.45,--,33,90585,卖盘
2170,11:06:04,27.45,-0.01,188,516060,卖盘
2171,11:06:00,27.46,0.01,3,8238,买盘
2172,11:05:54,27.45,--,39,107055,卖盘
2173,11:05:52,27.45,-0.01,15,41175,卖盘
2174,11:05:48,27.46,0.01,1,2746,买盘
2175,11:05:45,27.45,-0.01,78,214110,卖盘
2176,11:05:42,27.46,0.01,25,68650,中性盘
2177,11:05:36,27.45,--,31,86549,卖盘
2178,11:05:30,27.45,-0.01,38,104310,卖盘
2179,11:05:27,27.46,--,9,24714,买盘
2180,11:05:24,27.46,0.01,7,19222,买盘
2181,11:05:21,27.45,-0.05,112,307440,卖盘
2182,11:05:12,27.5,0.04,20,55000,卖盘
2183,11:05:09,27.46,--,35,96110,卖盘
2184,11:05:06,27.46,-0.06,3,8238,卖盘
2185,11:05:03,27.52,0.04,28,77056,买盘
2186,11:05:00,27.48,-0.02,39,107172,买盘
2187,11:04:57,27.5,0.04,4,11000,买盘
2188,11:04:54,27.46,0.01,8,21968,卖盘
2189,11:04:51,27.45,-0.01,34,93330,卖盘
2190,11:04:45,27.46,-0.04,5,15212,买盘
2191,11:04:42,27.5,0.05,4,11000,买盘
2192,11:04:39,27.45,-0.01,35,96075,卖盘
2193,11:04:36,27.46,-0.06,5,13730,卖盘
2194,11:04:33,27.52,0.02,28,77056,买盘
2195,11:04:27,27.5,--,39,107250,买盘
2196,11:04:21,27.5,0.02,8,22000,买盘
2197,11:04:18,27.48,0.03,10,27480,中性盘
2198,11:04:15,27.45,-0.01,66,181170,卖盘
2199,11:04:12,27.46,--,13,35698,卖盘
2200,11:04:09,27.46,-0.04,8,21968,卖盘
2201,11:04:03,27.5,0.02,159,437250,买盘
2202,11:04:00,27.48,-0.02,33,90684,卖盘
2203,11:03:57,27.5,--,18,49500,买盘
2204,11:03:54,27.5,--,44,121000,买盘
2205,11:03:51,27.5,0.01,3,8250,买盘
2206,11:03:48,27.49,0.01,5,13745,中性盘
2207,11:03:45,27.48,--,66,181368,卖盘
2208,11:03:39,27.48,--,12,34432,卖盘
2209,11:03:36,27.48,-0.02,37,101676,卖盘
2210,11:03:33,27.5,0.02,103,283250,买盘
2211,11:03:27,27.48,--,11,30228,卖盘
2212,11:03:24,27.48,-0.01,1,2748,卖盘
2213,11:03:21,27.49,0.01,60,164940,中性盘
2214,11:03:06,27.48,--,39,107172,卖盘
2215,11:03:03,27.48,-0.02,44,120912,卖盘
2216,11:03:00,27.5,--,52,143000,买盘
2217,11:02:54,27.5,--,9,24750,买盘
2218,11:02:48,27.5,--,12,33000,买盘
2219,11:02:45,27.5,--,15,42542,卖盘
2220,11:02:42,27.5,--,18,49500,卖盘
2221,11:02:39,27.5,-0.04,3,9707,卖盘
2222,11:02:36,27.54,--,46,126684,买盘
2223,11:02:33,27.54,0.04,33,90882,买盘
2224,11:02:27,27.5,--,1,2750,买盘
2225,11:02:24,27.5,-0.03,39,107250,卖盘
2226,11:02:21,27.53,0.05,5,13765,中性盘
2227,11:02:15,27.48,-0.06,34,93432,卖盘
2228,11:02:12,27.54,0.04,42,115668,买盘
2229,11:02:09,27.5,--,17,46750,卖盘
2230,11:02:03,27.5,-0.03,33,90750,卖盘
2231,11:02:00,27.53,0.02,49,134897,买盘
2232,11:01:57,27.51,0.01,6,16506,买盘
2233,11:01:54,27.5,--,5,13750,买盘
2234,11:01:51,27.5,--,48,132000,买盘
2235,11:01:48,27.5,--,11,30250,买盘
2236,11:01:45,27.5,--,30,83792,卖盘
2237,11:01:42,27.5,--,6,16500,卖盘
2238,11:01:39,27.5,--,38,105957,卖盘
2239,11:01:36,27.5,-0.05,8,22000,卖盘
2240,11:01:33,27.55,--,27,74385,买盘
2241,11:01:30,27.55,0.05,42,115710,买盘
2242,11:01:27,27.5,-0.05,4,11000,卖盘
2243,11:01:24,27.55,--,8,22040,买盘
2244,11:01:21,27.55,--,707,1948776,卖盘
2245,11:01:18,27.55,-0.01,135,371925,卖盘
2246,11:01:15,27.56,0.01,31,85436,买盘
2247,11:01:09,27.55,--,34,93670,卖盘
2248,11:01:06,27.55,--,33,90915,卖盘
2249,11:01:03,27.55,0.06,93,257978,买盘
2250,11:01:00,27.49,0.01,10,27490,买盘
2251,11:00:54,27.48,0.02,48,131904,买盘
2252,11:00:51,27.46,--,6,16476,卖盘
2253,11:00:48,27.46,--,32,87872,卖盘
2254,11:00:45,27.46,-0.02,45,123570,卖盘
2255,11:00:42,27.48,0.03,11,30228,买盘
2256,11:00:36,27.45,--,189,520287,卖盘
2257,11:00:30,27.45,--,59,161955,卖盘
2258,11:00:27,27.45,-0.01,56,153720,卖盘
2259,11:00:24,27.46,0.01,43,118078,买盘
2260,11:00:21,27.45,--,5,13725,卖盘
2261,11:00:15,27.45,--,10,27450,卖盘
2262,11:00:12,27.45,--,64,175680,卖盘
2263,11:00:09,27.45,--,12,32940,卖盘
2264,11:00:06,27.45,0.03,293,805767,买盘
2265,11:00:03,27.42,0.02,62,170004,买盘
2266,11:00:00,27.4,-0.01,21,57540,卖盘
2267,10:59:57,27.41,0.01,105,287805,买盘
2268,10:59:51,27.4,--,41,112340,卖盘
2269,10:59:45,27.4,-0.02,315,864661,卖盘
2270,10:59:36,27.42,--,173,475874,买盘
2271,10:59:33,27.42,--,58,159036,买盘
2272,10:59:30,27.42,--,12,34165,卖盘
2273,10:59:27,27.42,--,54,149548,买盘
2274,10:59:24,27.42,--,214,586788,买盘
2275,10:59:21,27.42,--,18,49356,买盘
2276,10:59:18,27.42,-0.03,161,442723,卖盘
2277,10:59:15,27.45,0.02,39,107055,买盘
2278,10:59:12,27.43,0.01,1,2743,买盘
2279,10:59:09,27.42,--,14,38388,卖盘
2280,10:59:06,27.42,-0.03,49,134358,卖盘
2281,10:59:03,27.45,0.02,131,359595,买盘
2282,10:59:00,27.43,0.01,5,13715,买盘
2283,10:58:57,27.42,-0.03,106,290652,卖盘
2284,10:58:54,27.45,--,9,24705,买盘
2285,10:58:48,27.45,0.02,92,252540,买盘
2286,10:58:42,27.43,--,5,13715,卖盘
2287,10:58:36,27.43,--,4,10972,卖盘
2288,10:58:33,27.43,-0.02,68,186524,卖盘
2289,10:58:30,27.45,--,27,75597,买盘
2290,10:58:21,27.45,0.02,43,118035,买盘
2291,10:58:18,27.43,-0.03,9,24687,中性盘
2292,10:58:15,27.46,0.05,116,318536,买盘
2293,10:58:12,27.41,-0.04,37,101417,卖盘
2294,10:58:09,27.45,--,113,311337,卖盘
2295,10:58:06,27.45,0.02,10,27450,买盘
2296,10:58:03,27.43,-0.02,212,583106,中性盘
2297,10:57:57,27.45,--,42,115290,买盘
2298,10:57:54,27.45,--,2,5490,买盘
2299,10:57:51,27.45,--,60,164700,买盘
2300,10:57:48,27.45,--,6,16470,买盘
2301,10:57:45,27.45,--,20,54900,买盘
2302,10:57:42,27.45,--,23,63135,买盘
2303,10:57:39,27.45,--,5,13725,买盘
2304,10:57:36,27.45,-0.03,623,1710135,卖盘
2305,10:57:33,27.48,0.01,23,63204,买盘
2306,10:57:27,27.47,0.01,50,137350,买盘
2307,10:57:24,27.46,-0.01,24,65904,卖盘
2308,10:57:21,27.47,-0.01,10,27470,卖盘
2309,10:57:18,27.48,--,8,21984,买盘
2310,10:57:15,27.48,0.01,58,159384,买盘
2311,10:57:12,27.47,-0.01,5,13735,卖盘
2312,10:57:09,27.48,--,9,24732,买盘
2313,10:57:06,27.48,--,38,104424,买盘
2314,10:57:03,27.48,--,128,351744,卖盘
2315,10:57:00,27.48,--,53,145644,卖盘
2316,10:56:57,27.48,-0.01,61,167628,卖盘
2317,10:56:54,27.49,--,39,107211,买盘
2318,10:56:51,27.49,--,20,54980,买盘
2319,10:56:48,27.49,-0.01,131,361411,卖盘
2320,10:56:45,27.5,0.01,2,5500,买盘
2321,10:56:42,27.49,--,247,679003,卖盘
2322,10:56:39,27.49,-0.01,6,17950,卖盘
2323,10:56:36,27.5,--,1,2750,买盘
2324,10:56:33,27.5,--,70,192500,买盘
2325,10:56:30,27.5,--,7,19250,买盘
2326,10:56:27,27.5,--,5,13750,买盘
2327,10:56:24,27.5,0.01,17,46750,买盘
2328,10:56:18,27.49,--,85,233665,卖盘
2329,10:56:15,27.49,-0.01,8,21992,卖盘
2330,10:56:12,27.5,--,59,162250,买盘
2331,10:56:09,27.5,--,46,126500,买盘
2332,10:56:06,27.5,--,10,27500,买盘
2333,10:56:03,27.5,--,36,99000,买盘
2334,10:56:00,27.5,0.02,10,27500,买盘
2335,10:55:57,27.48,-0.02,43,118164,卖盘
2336,10:55:54,27.5,--,48,132000,买盘
2337,10:55:51,27.5,0.01,35,96250,买盘
2338,10:55:48,27.49,0.01,143,393107,买盘
2339,10:55:45,27.48,-0.01,127,350260,卖盘
2340,10:55:42,27.49,--,18,49482,买盘
2341,10:55:39,27.49,0.01,37,101713,买盘
2342,10:55:36,27.48,-0.02,19,53695,卖盘
2343,10:55:33,27.5,--,33,90750,买盘
2344,10:55:30,27.5,0.02,15,41250,买盘
2345,10:55:27,27.48,--,37,101676,卖盘
2346,10:55:24,27.48,-0.01,21,57708,卖盘
2347,10:55:21,27.49,-0.01,4,10996,卖盘
2348,10:55:18,27.5,--,4,11000,买盘
2349,10:55:15,27.5,0.01,147,404250,买盘
2350,10:55:12,27.49,-0.01,16,43984,中性盘
2351,10:55:03,27.5,--,67,184250,买盘
2352,10:55:00,27.5,--,56,154000,买盘
2353,10:54:57,27.5,0.01,13,38307,买盘
2354,10:54:54,27.49,0.01,15,41427,买盘
2355,10:54:51,27.48,-0.02,57,159191,卖盘
2356,10:54:48,27.5,0.01,20,55000,买盘
2357,10:54:45,27.49,-0.01,25,68725,卖盘
2358,10:54:42,27.5,--,41,112750,买盘
2359,10:54:39,27.5,--,7,19250,买盘
2360,10:54:36,27.5,0.01,48,133457,买盘
2361,10:54:30,27.49,--,37,101713,卖盘
2362,10:54:27,27.49,-0.01,125,343625,卖盘
2363,10:54:24,27.5,--,1,2750,买盘
2364,10:54:21,27.5,-0.01,339,932250,卖盘
2365,10:54:18,27.51,-0.03,25,68775,卖盘
2366,10:54:12,27.54,--,37,101898,买盘
2367,10:54:09,27.54,0.03,5,13770,买盘
2368,10:54:03,27.51,-0.03,34,93534,卖盘
2369,10:54:00,27.54,0.03,1,2754,买盘
2370,10:53:57,27.51,-0.03,46,126546,卖盘
2371,10:53:54,27.54,-0.01,10,27540,中性盘
2372,10:53:51,27.55,0.04,13,35815,买盘
2373,10:53:48,27.51,0.01,10,27510,中性盘
2374,10:53:45,27.5,-0.04,44,121000,卖盘
2375,10:53:42,27.54,0.04,13,35802,买盘
2376,10:53:39,27.5,0.01,2,5500,买盘
2377,10:53:36,27.49,-0.01,39,107211,卖盘
2378,10:53:33,27.5,0.03,36,100485,买盘
2379,10:53:30,27.47,0.01,87,238989,卖盘
2380,10:53:27,27.46,-0.04,231,634326,卖盘
2381,10:53:24,27.5,0.01,586,1611555,买盘
2382,10:53:21,27.49,0.02,249,684501,买盘
2383,10:53:18,27.47,0.01,1,2747,买盘
2384,10:53:15,27.46,-0.01,60,164760,卖盘
2385,10:53:12,27.47,--,112,308982,卖盘
2386,10:53:09,27.47,0.01,11,31645,卖盘
2387,10:53:06,27.46,--,64,175744,卖盘
2388,10:53:03,27.46,-0.01,81,222426,卖盘
2389,10:53:00,27.47,--,34,93398,卖盘
2390,10:52:54,27.47,0.01,36,98892,中性盘
2391,10:52:51,27.46,--,61,167506,卖盘
2392,10:52:48,27.46,--,10,27460,卖盘
2393,10:52:45,27.46,--,15,41190,卖盘
2394,10:52:42,27.46,0.01,509,1397714,买盘
2395,10:52:39,27.45,-0.01,177,485865,卖盘
2396,10:52:36,27.46,--,16,43936,买盘
2397,10:52:33,27.46,-0.03,298,818308,卖盘
2398,10:52:30,27.49,-0.01,48,131952,卖盘
2399,10:52:27,27.5,--,48,132000,买盘
2400,10:52:24,27.5,--,14,38500,买盘
2401,10:52:21,27.5,--,97,268125,卖盘
2402,10:52:18,27.5,--,349,959750,卖盘
2403,10:52:12,27.5,--,541,1487750,卖盘
2404,10:52:09,27.5,--,96,264000,卖盘
2405,10:52:06,27.5,-0.04,76,209000,卖盘
2406,10:52:03,27.54,0.04,108,297432,买盘
2407,10:52:00,27.5,0.02,13,37125,买盘
2408,10:51:57,27.48,-0.01,372,1022256,卖盘
2409,10:51:54,27.49,-0.01,51,140199,卖盘
2410,10:51:51,27.5,--,10,27500,买盘
2411,10:51:48,27.5,-0.01,204,561000,卖盘
2412,10:51:42,27.51,--,163,448413,卖盘
2413,10:51:39,27.51,--,757,2082507,卖盘
2414,10:51:33,27.51,--,75,206325,卖盘
2415,10:51:30,27.51,-0.02,255,701505,卖盘
2416,10:51:24,27.53,-0.01,34,93602,卖盘
2417,10:51:21,27.54,-0.02,56,154224,卖盘
2418,10:51:18,27.56,--,8,22048,买盘
2419,10:51:15,27.56,-0.02,38,104728,卖盘
2420,10:51:12,27.58,-0.01,6,17927,卖盘
2421,10:51:09,27.59,0.01,13,37246,中性盘
2422,10:51:06,27.58,-0.02,2,5516,卖盘
2423,10:51:03,27.6,0.03,77,212520,买盘
2424,10:51:00,27.57,-0.02,5,13785,卖盘
2425,10:50:57,27.59,0.01,1,2759,买盘
2426,10:50:54,27.58,--,1,3806,卖盘
2427,10:50:51,27.58,-0.02,481,1326763,卖盘
2428,10:50:45,27.6,--,20,55200,卖盘
2429,10:50:42,27.6,--,249,687240,卖盘
2430,10:50:36,27.6,--,19,52440,卖盘
2431,10:50:33,27.6,0.02,346,956505,买盘
2432,10:50:27,27.58,--,52,146063,卖盘
2433,10:50:24,27.58,-0.02,29,79982,卖盘
2434,10:50:21,27.6,0.02,22,60720,买盘
2435,10:50:18,27.58,--,141,388878,卖盘
2436,10:50:12,27.58,-0.02,177,488165,卖盘
2437,10:50:09,27.6,0.01,79,218040,买盘
2438,10:50:03,27.59,-0.02,57,157263,卖盘
2439,10:50:00,27.61,0.01,83,229163,买盘
2440,10:49:57,27.6,-0.02,42,115920,卖盘
2441,10:49:54,27.62,0.02,39,107718,买盘
2442,10:49:51,27.6,-0.01,73,201480,卖盘
2443,10:49:45,27.61,0.01,157,433477,买盘
2444,10:49:42,27.6,0.01,18,49680,卖盘
2445,10:49:39,27.59,-0.01,33,91047,卖盘
2446,10:49:33,27.6,-0.04,35,96600,卖盘
2447,10:49:27,27.64,0.05,3,9729,买盘
2448,10:49:21,27.59,-0.02,45,124155,卖盘
2449,10:49:15,27.61,0.02,2,5522,中性盘
2450,10:49:12,27.59,-0.01,34,93806,卖盘
2451,10:49:09,27.6,--,28,78715,买盘
2452,10:49:06,27.6,-0.01,276,763084,卖盘
2453,10:49:00,27.61,--,77,212597,卖盘
2454,10:48:57,27.61,-0.01,8,22088,卖盘
2455,10:48:54,27.62,--,8,22096,买盘
2456,10:48:51,27.62,--,201,555162,卖盘
2457,10:48:48,27.62,-0.02,5,13810,卖盘
2458,10:48:45,27.64,--,5,13820,买盘
2459,10:48:42,27.64,--,7,19348,买盘
2460,10:48:39,27.64,--,12,33168,卖盘
2461,10:48:36,27.64,-0.02,70,193480,卖盘
2462,10:48:33,27.66,0.01,1,2766,买盘
2463,10:48:30,27.65,-0.02,33,91245,卖盘
2464,10:48:27,27.67,0.01,42,116214,买盘
2465,10:48:18,27.66,--,678,1875348,卖盘
2466,10:48:15,27.66,--,46,127236,卖盘
2467,10:48:12,27.66,--,72,199152,卖盘
2468,10:48:09,27.66,--,200,553200,卖盘
2469,10:48:06,27.66,--,34,94044,卖盘
2470,10:48:03,27.66,0.01,536,1482576,买盘
2471,10:48:00,27.65,--,5,13825,买盘
2472,10:47:57,27.65,--,245,680024,卖盘
2473,10:47:54,27.65,--,176,488050,卖盘
2474,10:47:51,27.65,--,310,857150,卖盘
2475,10:47:48,27.65,--,85,235025,卖盘
2476,10:47:42,27.65,0.05,136,377560,买盘
2477,10:47:39,27.6,-0.05,133,367080,卖盘
2478,10:47:36,27.65,0.05,849,2348922,买盘
2479,10:47:30,27.6,-0.04,5,13800,卖盘
2480,10:47:27,27.64,-0.01,1,2764,买盘
2481,10:47:24,27.65,--,135,373275,买盘
2482,10:47:21,27.65,--,151,417515,买盘
2483,10:47:15,27.65,--,145,402169,卖盘
2484,10:47:12,27.65,--,38,105070,卖盘
2485,10:47:06,27.65,--,20,55300,卖盘
2486,10:47:03,27.65,0.05,808,2235640,买盘
2487,10:47:00,27.6,--,56,154560,买盘
2488,10:46:57,27.6,--,15,41400,买盘
2489,10:46:54,27.6,-0.05,338,934204,卖盘
2490,10:46:51,27.65,0.03,3,8295,买盘
2491,10:46:48,27.62,--,85,234770,卖盘
2492,10:46:45,27.62,0.01,505,1394810,中性盘
2493,10:46:39,27.61,--,31,85591,卖盘
2494,10:46:36,27.61,0.01,47,129767,卖盘
2495,10:46:33,27.6,--,500,1380000,卖盘
2496,10:46:27,27.6,-0.04,42,117355,卖盘
2497,10:46:24,27.64,0.04,236,652304,买盘
2498,10:46:21,27.6,-0.01,477,1317844,卖盘
2499,10:46:18,27.61,-0.04,5,13805,中性盘
2500,10:46:15,27.65,0.03,516,1426740,买盘
2501,10:46:12,27.62,-0.03,82,226484,卖盘
2502,10:46:09,27.65,0.04,9,24885,买盘
2503,10:46:06,27.61,-0.01,43,118723,卖盘
2504,10:46:03,27.62,-0.03,5,13810,卖盘
2505,10:45:57,27.65,0.01,546,1509690,买盘
2506,10:45:51,27.64,--,7,19348,卖盘
2507,10:45:48,27.64,-0.01,24,66336,中性盘
2508,10:45:45,27.65,--,86,237790,买盘
2509,10:45:42,27.65,--,174,481110,买盘
2510,10:45:39,27.65,--,10,27650,买盘
2511,10:45:36,27.65,0.02,100,276500,买盘
2512,10:45:33,27.63,-0.01,56,156164,卖盘
2513,10:45:30,27.64,--,110,304040,中性盘
2514,10:45:23,27.64,0.01,5,13820,中性盘
2515,10:45:20,27.63,0.01,33,91179,卖盘
2516,10:45:17,27.62,-0.03,11,30382,卖盘
2517,10:45:15,27.65,--,18,49770,买盘
2518,10:45:08,27.65,0.03,81,223965,买盘
2519,10:45:05,27.62,-0.06,24,67641,卖盘
2520,10:45:02,27.68,--,15,41520,买盘
2521,10:44:59,27.68,0.02,88,243584,买盘
2522,10:44:56,27.66,-0.02,289,799374,卖盘
2523,10:44:47,27.68,0.02,38,105184,买盘
2524,10:44:44,27.66,-0.02,134,370644,卖盘
2525,10:44:41,27.68,0.03,64,177152,买盘
2526,10:44:38,27.65,--,376,1041050,买盘
2527,10:44:35,27.65,-0.03,162,449284,卖盘
2528,10:44:32,27.68,--,11,30448,买盘
2529,10:44:29,27.68,0.03,16,44288,中性盘
2530,10:44:26,27.65,-0.03,207,572355,卖盘
2531,10:44:23,27.68,-0.02,99,274032,卖盘
2532,10:44:20,27.7,--,76,210520,买盘
2533,10:44:17,27.7,--,29,80330,买盘
2534,10:44:14,27.7,0.01,23,63710,买盘
2535,10:44:11,27.69,-0.05,500,1385856,卖盘
2536,10:44:08,27.74,0.03,161,446614,买盘
2537,10:44:02,27.71,--,6,16626,卖盘
2538,10:43:59,27.71,0.01,535,1482485,卖盘
2539,10:43:53,27.7,-0.01,99,274230,卖盘
2540,10:43:50,27.71,-0.01,12,33252,卖盘
2541,10:43:47,27.72,0.02,14,38808,中性盘
2542,10:43:44,27.7,-0.01,57,157890,卖盘
2543,10:43:38,27.71,-0.01,126,349146,卖盘
2544,10:43:35,27.72,--,6,16632,卖盘
2545,10:43:32,27.72,--,44,121968,卖盘
2546,10:43:29,27.72,-0.01,55,152460,卖盘
2547,10:43:26,27.73,0.01,6,18052,中性盘
2548,10:43:17,27.72,-0.03,52,144144,卖盘
2549,10:43:14,27.75,--,9,24975,卖盘
2550,10:43:11,27.75,0.03,113,313575,买盘
2551,10:43:08,27.72,-0.04,170,471240,卖盘
2552,10:43:05,27.76,--,4,11104,买盘
2553,10:43:02,27.76,--,9,24984,买盘
2554,10:42:59,27.76,0.01,56,155456,买盘
2555,10:42:56,27.75,-0.01,67,185925,卖盘
2556,10:42:53,27.76,--,64,177664,买盘
2557,10:42:50,27.76,-0.04,528,1466116,卖盘
2558,10:42:47,27.8,0.01,62,172360,买盘
2559,10:42:44,27.79,--,6,16674,卖盘
2560,10:42:41,27.79,0.03,7,19453,买盘
2561,10:42:35,27.76,--,43,119368,卖盘
2562,10:42:26,27.76,--,6,18016,卖盘
2563,10:42:23,27.76,-0.05,46,127696,卖盘
2564,10:42:17,27.81,0.05,11,30591,买盘
2565,10:42:14,27.76,--,5,13880,卖盘
2566,10:42:11,27.76,--,82,227632,卖盘
2567,10:42:08,27.76,-0.02,14,38864,卖盘
2568,10:42:05,27.78,0.02,6,16668,中性盘
2569,10:42:02,27.76,--,392,1089219,买盘
2570,10:41:59,27.76,--,45,124920,买盘
2571,10:41:56,27.76,0.01,9,24984,买盘
2572,10:41:53,27.75,--,4,11100,卖盘
2573,10:41:50,27.75,-0.01,87,243173,卖盘
2574,10:41:47,27.76,--,10,28787,买盘
2575,10:41:44,27.76,0.01,54,149904,买盘
2576,10:41:41,27.75,-0.01,4,11100,卖盘
2577,10:41:38,27.76,-0.01,603,1675343,卖盘
2578,10:41:32,27.77,--,16,44432,卖盘
2579,10:41:29,27.77,-0.02,54,151346,卖盘
2580,10:41:26,27.79,0.02,13,36127,买盘
2581,10:41:20,27.77,--,181,502637,买盘
2582,10:41:17,27.77,--,51,141627,买盘
2583,10:41:14,27.77,-0.01,101,280477,卖盘
2584,10:41:08,27.78,0.01,34,94452,买盘
2585,10:41:05,27.77,-0.01,148,410996,卖盘
2586,10:41:02,27.78,--,46,127788,买盘
2587,10:40:59,27.78,--,26,72228,买盘
2588,10:40:56,27.78,--,48,133344,买盘
2589,10:40:53,27.78,-0.01,336,933741,卖盘
2590,10:40:50,27.79,--,1,2779,买盘
2591,10:40:47,27.79,0.01,3,8337,买盘
2592,10:40:44,27.78,-0.01,93,258354,卖盘
2593,10:40:35,27.79,--,40,111160,买盘
2594,10:40:32,27.79,0.01,3,8337,中性盘
2595,10:40:29,27.78,-0.03,1,2778,卖盘
2596,10:40:26,27.81,0.02,33,92913,买盘
2597,10:40:23,27.79,-0.04,33,93346,卖盘
2598,10:40:20,27.83,0.03,16,44528,买盘
2599,10:40:11,27.8,--,157,437599,买盘
2600,10:40:05,27.8,--,65,180700,买盘
2601,10:39:59,27.8,-0.01,355,988540,卖盘
2602,10:39:56,27.81,0.01,9,25029,卖盘
2603,10:39:53,27.8,--,5,13900,卖盘
2604,10:39:50,27.8,-0.01,51,141780,卖盘
2605,10:39:47,27.81,0.01,22,62544,买盘
2606,10:39:41,27.8,--,5,13900,卖盘
2607,10:39:38,27.8,--,53,147340,卖盘
2608,10:39:35,27.8,-0.01,15,41700,卖盘
2609,10:39:29,27.81,-0.02,46,127926,中性盘
2610,10:39:23,27.83,0.02,2,5566,买盘
2611,10:39:17,27.81,-0.02,40,111240,卖盘
2612,10:39:14,27.83,--,3,8349,买盘
2613,10:39:08,27.83,--,45,125234,买盘
2614,10:39:02,27.83,--,1,2783,买盘
2615,10:38:56,27.83,--,10,27830,买盘
2616,10:38:53,27.83,--,43,119668,买盘
2617,10:38:47,27.83,0.02,20,55660,买盘
2618,10:38:44,27.81,-0.02,40,111240,卖盘
2619,10:38:38,27.83,0.02,1,2783,买盘
2620,10:38:35,27.81,-0.02,42,118164,卖盘
2621,10:38:26,27.83,0.02,10,27830,买盘
2622,10:38:23,27.81,--,39,108459,卖盘
2623,10:38:14,27.81,--,1,2781,卖盘
2624,10:38:11,27.81,-0.01,40,111240,卖盘
2625,10:38:08,27.82,0.01,53,150144,买盘
2626,10:38:02,27.81,--,38,105678,卖盘
2627,10:37:59,27.81,-0.01,21,58401,卖盘
2628,10:37:53,27.82,0.01,3,8346,买盘
2629,10:37:47,27.81,--,41,114021,卖盘
2630,10:37:44,27.81,0.01,9,25029,买盘
2631,10:37:41,27.8,-0.01,27,75060,卖盘
2632,10:37:38,27.81,0.01,43,119583,买盘
2633,10:37:35,27.8,--,4,11120,卖盘
2634,10:37:32,27.8,--,6,16680,卖盘
2635,10:37:26,27.8,-0.01,57,159850,卖盘
2636,10:37:23,27.81,0.01,3,8343,买盘
2637,10:37:17,27.8,--,39,108420,卖盘
2638,10:37:14,27.8,--,5,13900,卖盘
2639,10:37:11,27.8,-0.01,6,16680,卖盘
2640,10:37:08,27.81,--,8,22248,买盘
2641,10:37:05,27.81,--,55,152955,买盘
2642,10:36:59,27.81,0.01,8,22248,买盘
2643,10:36:56,27.8,--,35,97300,卖盘
2644,10:36:53,27.8,-0.01,62,172360,卖盘
2645,10:36:50,27.81,0.01,1,2781,买盘
2646,10:36:41,27.8,--,41,113980,卖盘
2647,10:36:38,27.8,-0.02,46,127880,卖盘
2648,10:36:32,27.82,0.01,71,197522,买盘
2649,10:36:29,27.81,0.01,47,132069,买盘
2650,10:36:26,27.8,-0.01,240,667200,卖盘
2651,10:36:23,27.81,--,7,19467,买盘
2652,10:36:20,27.81,--,42,116802,买盘
2653,10:36:14,27.81,0.01,5,13905,买盘
2654,10:36:11,27.8,-0.01,39,108420,卖盘
2655,10:36:05,27.81,0.01,3,8343,买盘
2656,10:35:59,27.8,-0.02,56,155680,卖盘
2657,10:35:56,27.82,--,38,105716,买盘
2658,10:35:50,27.82,0.01,41,114062,买盘
2659,10:35:47,27.81,-0.01,145,403245,卖盘
2660,10:35:41,27.82,0.01,13,36166,买盘
2661,10:35:35,27.81,-0.01,39,108459,卖盘
2662,10:35:32,27.82,0.01,3,8346,买盘
2663,10:35:29,27.81,--,10,27810,卖盘
2664,10:35:26,27.81,--,49,136269,卖盘
2665,10:35:23,27.81,-0.02,51,141914,卖盘
2666,10:35:17,27.83,--,3,8349,买盘
2667,10:35:14,27.83,0.01,17,47311,中性盘
2668,10:35:02,27.82,-0.03,40,111280,卖盘
2669,10:34:59,27.85,0.02,5,13925,买盘
2670,10:34:53,27.83,-0.02,43,119668,卖盘
2671,10:34:47,27.85,--,3,8355,买盘
2672,10:34:44,27.85,-0.03,24,66840,卖盘
2673,10:34:41,27.88,0.03,4,11152,卖盘
2674,10:34:35,27.85,--,56,155960,卖盘
2675,10:34:26,27.85,0.01,3,9719,中性盘
2676,10:34:20,27.84,--,4,11136,卖盘
2677,10:34:17,27.84,-0.04,48,133632,卖盘
2678,10:34:14,27.88,--,3,8364,买盘
2679,10:34:08,27.88,0.04,67,186796,买盘
2680,10:34:05,27.84,-0.04,6,16704,卖盘
2681,10:33:59,27.88,0.04,40,111520,买盘
2682,10:33:56,27.84,--,4,11136,卖盘
2683,10:33:47,27.84,-0.04,46,128064,卖盘
2684,10:33:41,27.88,0.05,10,27880,买盘
2685,10:33:35,27.83,-0.02,43,119668,卖盘
2686,10:33:32,27.85,--,0,1364,买盘
2687,10:33:29,27.85,0.02,8,22280,中性盘
2688,10:33:26,27.83,--,34,94622,卖盘
2689,10:33:11,27.83,-0.05,44,122451,卖盘
2690,10:33:05,27.88,0.05,2,5576,买盘
2691,10:33:02,27.83,-0.05,95,264385,卖盘
2692,10:32:59,27.88,0.02,7,19516,买盘
2693,10:32:50,27.86,-0.02,38,105868,卖盘
2694,10:32:47,27.88,0.01,13,36244,买盘
2695,10:32:44,27.87,-0.01,5,13935,卖盘
2696,10:32:41,27.88,-0.01,39,108732,买盘
2697,10:32:38,27.89,--,2,5578,买盘
2698,10:32:32,27.89,0.02,33,92037,买盘
2699,10:32:29,27.87,-0.02,42,118391,卖盘
2700,10:32:26,27.89,0.03,14,39046,买盘
2701,10:32:23,27.86,0.05,30,83580,中性盘
2702,10:32:20,27.81,-0.06,37,102897,卖盘
2703,10:32:17,27.87,0.06,100,278700,买盘
2704,10:32:05,27.81,-0.05,69,191889,卖盘
2705,10:31:59,27.86,0.05,9,25074,买盘
2706,10:31:56,27.81,-0.04,39,108459,卖盘
2707,10:31:53,27.85,--,7,19495,卖盘
2708,10:31:50,27.85,0.02,21,58485,买盘
2709,10:31:47,27.83,-0.01,25,69575,卖盘
2710,10:31:44,27.84,0.01,190,528987,买盘
2711,10:31:41,27.83,-0.01,34,94622,卖盘
2712,10:31:38,27.84,0.01,16,44544,买盘
2713,10:31:35,27.83,--,40,111320,卖盘
2714,10:31:29,27.83,--,37,104334,买盘
2715,10:31:26,27.83,0.02,12,33396,买盘
2716,10:31:23,27.81,--,45,125145,卖盘
2717,10:31:20,27.81,--,6,16686,卖盘
2718,10:31:17,27.81,--,2,5562,卖盘
2719,10:31:14,27.81,-0.02,38,105678,卖盘
2720,10:31:11,27.83,--,20,55660,买盘
2721,10:31:08,27.83,0.02,3,8349,买盘
2722,10:30:59,27.81,-0.02,40,111240,卖盘
2723,10:30:56,27.83,0.02,28,77924,卖盘
2724,10:30:50,27.81,-0.02,46,127926,卖盘
2725,10:30:44,27.83,0.02,3,8349,买盘
2726,10:30:38,27.81,-0.01,41,114021,卖盘
2727,10:30:35,27.82,0.01,3,8346,买盘
2728,10:30:29,27.81,-0.01,40,111240,卖盘
2729,10:30:26,27.82,-0.01,43,119626,卖盘
2730,10:30:20,27.83,0.01,34,94622,买盘
2731,10:30:17,27.82,0.01,38,105716,卖盘
2732,10:30:08,27.81,-0.02,41,114021,卖盘
2733,10:30:05,27.83,-0.01,3,8349,买盘
2734,10:30:02,27.84,0.03,53,147552,买盘
2735,10:29:56,27.81,-0.03,43,119583,卖盘
2736,10:29:47,27.84,0.01,7,19488,卖盘
2737,10:29:44,27.83,-0.02,48,133584,卖盘
2738,10:29:41,27.85,--,36,100260,买盘
2739,10:29:38,27.85,--,16,44560,买盘
2740,10:29:35,27.85,0.04,34,94690,买盘
2741,10:29:32,27.81,-0.03,45,125145,卖盘
2742,10:29:29,27.84,0.03,1,2784,中性盘
2743,10:29:26,27.81,0.01,8,23638,卖盘
2744,10:29:23,27.8,-0.05,89,247420,卖盘
2745,10:29:17,27.85,0.05,8,22280,买盘
2746,10:29:11,27.8,-0.05,42,116760,卖盘
2747,10:29:02,27.85,0.05,61,169885,买盘
2748,10:28:53,27.8,-0.05,12,33360,卖盘
2749,10:28:50,27.85,0.02,43,119755,买盘
2750,10:28:44,27.83,-0.02,7,19481,中性盘
2751,10:28:38,27.85,--,57,158745,买盘
2752,10:28:29,27.85,0.05,3,8355,买盘
2753,10:28:26,27.8,-0.02,45,125100,卖盘
2754,10:28:23,27.82,-0.03,4,11128,卖盘
2755,10:28:20,27.85,--,1,2785,买盘
2756,10:28:17,27.85,-0.02,38,105830,卖盘
2757,10:28:08,27.87,0.02,23,65466,买盘
2758,10:28:05,27.85,--,40,111400,卖盘
2759,10:27:59,27.85,--,18,50130,卖盘
