,time,price,change,volume,amount,type
0,15:00:21,36.94,0.01,266,982603,买盘
1,14:57:27,36.93,--,0,0,买盘
2,14:57:00,36.93,0.13,30,110790,买盘
3,14:56:54,36.8,-0.13,72,264960,卖盘
4,14:56:48,36.93,0.11,1,3693,中性盘
5,14:56:42,36.82,-0.12,5,18410,卖盘
6,14:56:39,36.94,0.04,1,3694,中性盘
7,14:56:21,36.9,0.01,26,95940,买盘
8,14:56:12,36.89,0.07,3,11067,买盘
9,14:56:09,36.82,--,9,33138,买盘
10,14:56:03,36.82,0.01,15,55230,买盘
11,14:56:00,36.81,-0.01,17,62577,卖盘
12,14:55:57,36.82,0.01,30,110460,买盘
13,14:55:54,36.81,-0.01,1,3681,卖盘
14,14:55:48,36.82,0.01,3,11046,买盘
15,14:55:42,36.81,-0.01,8,29448,中性盘
16,14:55:36,36.82,--,19,69958,买盘
17,14:55:33,36.82,0.01,15,55230,买盘
18,14:55:09,36.81,0.02,4,14724,买盘
19,14:55:06,36.79,-0.03,2,7358,卖盘
20,14:54:57,36.82,-0.07,1,3682,中性盘
21,14:54:54,36.89,0.08,145,534905,买盘
22,14:54:24,36.81,--,4,14724,买盘
23,14:54:09,36.81,-0.02,13,47853,卖盘
24,14:54:00,36.83,--,15,55245,买盘
25,14:53:54,36.83,0.02,12,44196,买盘
26,14:53:51,36.81,-0.02,1,3681,卖盘
27,14:53:48,36.83,--,5,18415,买盘
28,14:53:42,36.83,--,5,18415,买盘
29,14:53:24,36.83,0.01,1,3683,买盘
30,14:53:12,36.82,--,1,3682,买盘
31,14:53:09,36.82,0.02,2,7364,中性盘
32,14:53:06,36.8,-0.03,5,18400,卖盘
33,14:52:45,36.83,-0.01,15,55245,卖盘
34,14:52:42,36.84,-0.01,3,11052,中性盘
35,14:52:30,36.85,--,40,147400,买盘
36,14:52:24,36.85,0.05,2,7370,买盘
37,14:52:12,36.8,-0.03,12,44160,卖盘
38,14:52:06,36.83,--,2,7366,卖盘
39,14:51:57,36.83,--,2,7366,卖盘
40,14:51:54,36.83,0.03,10,36830,买盘
41,14:51:42,36.8,--,4,14719,卖盘
42,14:51:39,36.8,-0.05,11,40480,卖盘
43,14:51:30,36.85,--,10,36850,买盘
44,14:51:27,36.85,--,32,117920,买盘
45,14:51:06,36.85,0.02,20,73700,买盘
46,14:51:00,36.83,--,2,7366,卖盘
47,14:50:54,36.83,--,2,7366,买盘
48,14:50:48,36.83,0.03,11,40513,买盘
49,14:50:36,36.8,--,1,3679,卖盘
50,14:50:27,36.8,-0.01,8,29439,卖盘
51,14:50:24,36.81,--,4,14724,卖盘
52,14:50:21,36.81,--,5,18405,卖盘
53,14:49:48,36.81,0.01,1,3681,买盘
54,14:49:33,36.8,-0.01,1,3679,中性盘
55,14:49:09,36.81,0.03,1,3681,买盘
56,14:48:54,36.78,--,11,40458,卖盘
57,14:48:51,36.78,-0.04,15,55170,买盘
58,14:48:03,36.82,0.04,5,18410,中性盘
59,14:47:57,36.78,-0.03,24,88272,卖盘
60,14:47:48,36.81,0.01,6,22086,卖盘
61,14:47:30,36.8,--,1,3679,买盘
62,14:47:18,36.8,-0.07,17,62559,卖盘
63,14:47:06,36.87,--,1,3686,卖盘
64,14:46:54,36.87,--,1,3686,买盘
65,14:46:27,36.87,-0.01,7,25809,卖盘
66,14:46:24,36.88,-0.01,1,3688,中性盘
67,14:46:15,36.89,--,2,7378,买盘
68,14:46:12,36.89,--,1,3689,买盘
69,14:46:05,36.89,0.02,8,29512,买盘
70,14:45:59,36.87,0.06,3,11061,中性盘
71,14:45:02,36.81,--,1,3681,买盘
72,14:44:56,36.81,-0.09,2,7362,中性盘
73,14:44:02,36.9,0.1,5,18450,买盘
74,14:43:56,36.8,--,12,44160,卖盘
75,14:43:44,36.8,--,13,47839,买盘
76,14:43:38,36.8,--,2,7359,买盘
77,14:43:32,36.8,--,1,3679,买盘
78,14:43:29,36.8,-0.1,4,14719,买盘
79,14:43:05,36.9,--,5,18450,卖盘
80,14:43:02,36.9,0.3,30,110700,中性盘
81,14:42:56,36.6,-0.3,14,51240,卖盘
82,14:42:53,36.9,--,4,14760,卖盘
83,14:42:47,36.9,--,25,92250,卖盘
84,14:42:41,36.9,--,10,36900,卖盘
85,14:42:35,36.9,-0.05,10,36900,卖盘
86,14:42:29,36.95,0.05,28,103460,买盘
87,14:42:23,36.9,0.04,1,3690,卖盘
88,14:42:14,36.86,0.06,21,77406,买盘
89,14:42:02,36.8,0.2,3,11040,买盘
90,14:41:56,36.6,-0.01,17,62220,卖盘
91,14:41:53,36.61,-0.19,4,14644,中性盘
92,14:41:41,36.8,0.2,7,25759,买盘
93,14:41:29,36.6,--,4,14640,卖盘
94,14:41:23,36.6,-0.11,48,175680,卖盘
95,14:41:14,36.71,--,16,58736,卖盘
96,14:40:59,36.71,0.1,1,5102,买盘
97,14:40:56,36.61,-0.1,17,62237,卖盘
98,14:40:53,36.71,--,0,2239,卖盘
99,14:40:35,36.71,-0.07,30,110130,卖盘
100,14:40:26,36.78,--,4,14712,卖盘
101,14:40:23,36.78,--,15,55170,买盘
102,14:40:17,36.78,0.07,5,18390,买盘
103,14:40:02,36.71,--,5,18355,卖盘
104,14:39:56,36.71,--,1,3671,卖盘
105,14:39:47,36.71,0.03,62,229033,买盘
106,14:39:35,36.68,--,1,3668,买盘
107,14:39:20,36.68,--,10,36680,卖盘
108,14:38:59,36.68,0.05,20,73360,买盘
109,14:38:56,36.63,-0.05,3,10989,卖盘
110,14:38:53,36.68,--,3,11004,买盘
111,14:38:29,36.68,--,6,22008,卖盘
112,14:38:20,36.68,-0.02,1,3668,卖盘
113,14:38:14,36.7,--,10,36700,买盘
114,14:38:08,36.7,--,2,7340,买盘
115,14:38:02,36.7,-0.01,42,156378,卖盘
116,14:37:50,36.71,-0.06,44,161524,卖盘
117,14:37:44,36.77,--,1,3677,卖盘
118,14:37:41,36.77,--,16,58832,买盘
119,14:37:35,36.77,0.02,5,18385,中性盘
120,14:36:53,36.75,--,2,8783,买盘
121,14:36:50,36.75,0.05,7,25725,买盘
122,14:36:47,36.7,-0.05,6,22020,卖盘
123,14:36:35,36.75,0.05,3,11025,买盘
124,14:36:32,36.7,-0.05,3,11010,卖盘
125,14:36:23,36.75,0.05,10,36750,买盘
126,14:36:20,36.7,-0.05,1,3670,卖盘
127,14:36:17,36.75,0.05,3,11025,买盘
128,14:36:14,36.7,-0.05,5,18350,卖盘
129,14:36:02,36.75,0.06,9,33075,买盘
130,14:35:50,36.69,--,2,7338,卖盘
131,14:35:47,36.69,0.06,2,7338,买盘
132,14:35:41,36.63,-0.07,30,109890,卖盘
133,14:35:38,36.7,--,10,36700,买盘
134,14:35:29,36.7,0.09,20,73400,买盘
135,14:35:23,36.61,-0.01,4,14644,卖盘
136,14:35:17,36.62,-0.07,4,14647,卖盘
137,14:35:14,36.69,0.08,1,3669,买盘
138,14:35:08,36.61,-0.08,7,25627,卖盘
139,14:34:56,36.69,0.12,9,33021,买盘
140,14:34:53,36.57,-0.13,158,577806,卖盘
141,14:34:50,36.7,0.1,6,22020,买盘
142,14:34:47,36.6,--,4,14640,卖盘
143,14:34:38,36.6,0.03,1,5856,买盘
144,14:34:29,36.57,-0.03,5,18285,卖盘
145,14:34:26,36.6,0.03,55,201300,买盘
146,14:34:20,36.57,--,4,14628,卖盘
147,14:34:08,36.57,0.03,4,14701,买盘
148,14:34:05,36.54,0.01,13,47502,卖盘
149,14:33:53,36.53,-0.01,34,124202,卖盘
150,14:33:50,36.54,--,20,73080,卖盘
151,14:33:47,36.54,-0.03,4,14616,卖盘
152,14:33:38,36.57,0.04,1,3657,买盘
153,14:33:35,36.53,-0.04,7,25571,卖盘
154,14:33:32,36.57,0.04,2,7314,中性盘
155,14:33:29,36.53,--,10,36530,卖盘
156,14:33:20,36.53,-0.05,4,14612,卖盘
157,14:33:17,36.58,0.04,10,36580,买盘
158,14:33:08,36.54,-0.04,13,47502,卖盘
159,14:32:59,36.58,-0.01,1,3658,买盘
160,14:32:56,36.59,-0.01,1,3659,卖盘
161,14:32:47,36.6,--,8,29280,买盘
162,14:32:44,36.6,--,10,36600,买盘
163,14:32:41,36.6,--,25,91500,买盘
164,14:32:35,36.6,0.01,6,21960,买盘
165,14:32:32,36.59,0.06,5,18295,中性盘
166,14:32:23,36.53,0.01,1,3653,中性盘
167,14:32:08,36.52,--,15,54780,卖盘
168,14:32:05,36.52,-0.05,10,36520,卖盘
169,14:32:02,36.57,--,5,18285,卖盘
170,14:31:59,36.57,0.07,8,29256,买盘
171,14:31:53,36.5,-0.02,50,182500,卖盘
172,14:31:50,36.52,--,1,3652,买盘
173,14:31:47,36.52,-0.08,4,14608,卖盘
174,14:31:41,36.6,-0.1,15,54900,卖盘
175,14:31:38,36.7,--,2,7340,买盘
176,14:31:32,36.7,--,10,36700,卖盘
177,14:31:26,36.7,--,1,3670,卖盘
178,14:31:20,36.7,--,11,40370,卖盘
179,14:31:08,36.7,-0.02,20,73400,卖盘
180,14:31:02,36.72,-0.03,12,44064,卖盘
181,14:30:59,36.75,-0.01,1,3675,卖盘
182,14:30:56,36.76,--,2,7352,买盘
183,14:30:50,36.76,--,1,3676,买盘
184,14:30:44,36.76,-0.01,5,18380,买盘
185,14:30:41,36.77,-0.03,44,161788,卖盘
186,14:30:35,36.8,--,5,18400,买盘
187,14:30:32,36.8,--,1,3679,买盘
188,14:30:29,36.8,--,2,7359,买盘
189,14:30:26,36.8,--,5,18400,买盘
190,14:30:23,36.8,-0.06,51,187680,卖盘
191,14:30:14,36.86,0.05,1,3686,买盘
192,14:30:02,36.81,0.01,5,18405,中性盘
193,14:29:53,36.8,--,2,7359,卖盘
194,14:29:32,36.8,-0.06,18,66240,卖盘
195,14:29:29,36.86,-0.01,3,11058,卖盘
196,14:29:26,36.87,--,5,18435,买盘
197,14:29:23,36.87,--,6,22122,卖盘
198,14:29:20,36.87,-0.08,3,11061,卖盘
199,14:29:11,36.95,0.08,2,7390,买盘
200,14:28:59,36.87,-0.08,2,7373,卖盘
201,14:28:50,36.95,--,1,3695,买盘
202,14:28:47,36.95,-0.05,5,18475,卖盘
203,14:28:44,37.0,--,5,18500,买盘
204,14:28:41,37.0,--,1,3700,买盘
205,14:27:23,37.0,0.05,12,44400,买盘
206,14:26:56,36.95,0.04,136,502520,买盘
207,14:26:53,36.91,-0.04,75,276825,卖盘
208,14:26:50,36.95,--,1,3695,买盘
209,14:26:41,36.95,--,10,36950,买盘
210,14:26:01,36.95,--,20,73900,买盘
211,14:25:58,36.95,--,10,36950,买盘
212,14:25:52,36.95,--,10,36950,买盘
213,14:25:49,36.95,--,1,3695,买盘
214,14:25:40,36.95,--,1,3695,买盘
215,14:25:37,36.95,--,1,3695,买盘
216,14:25:28,36.95,-0.05,27,99765,卖盘
217,14:25:22,37.0,--,1,3700,买盘
218,14:25:16,37.0,0.05,3,11100,买盘
219,14:24:40,36.95,--,2,7390,买盘
220,14:24:19,36.95,--,2,7390,买盘
221,14:24:04,36.95,0.03,3,11085,买盘
222,14:24:01,36.92,-0.02,4,14768,卖盘
223,14:23:28,36.94,-0.01,5,18470,卖盘
224,14:23:25,36.95,--,1,3695,买盘
225,14:22:55,36.95,--,3,11085,卖盘
226,14:22:40,36.95,-0.03,3,11085,卖盘
227,14:22:25,36.98,-0.02,15,55469,卖盘
228,14:22:16,37.0,--,28,103600,买盘
229,14:22:07,37.0,0.02,11,40700,买盘
230,14:21:58,36.98,0.03,2,7395,中性盘
231,14:21:46,36.95,-0.05,16,59120,卖盘
232,14:21:31,37.0,--,2,7400,买盘
233,14:21:01,37.0,--,2,7400,买盘
234,14:20:55,37.0,-0.14,22,81400,卖盘
235,14:20:49,37.14,0.01,90,334260,买盘
236,14:20:40,37.13,--,4,14852,卖盘
237,14:20:34,37.13,0.03,30,111390,买盘
238,14:20:13,37.1,--,6,22260,买盘
239,14:20:04,37.1,--,23,85330,买盘
240,14:19:55,37.1,--,1,3710,卖盘
241,14:19:25,37.1,--,1,3710,卖盘
242,14:19:19,37.1,--,0,2448,买盘
243,14:19:01,37.1,--,2,8681,卖盘
244,14:18:49,37.1,0.05,26,98908,买盘
245,14:18:46,37.05,--,6,22230,中性盘
246,14:18:43,37.05,0.05,8,29639,买盘
247,14:18:28,37.0,--,5,18500,卖盘
248,14:18:19,37.0,0.01,10,37000,买盘
249,14:18:04,36.99,--,20,73980,买盘
250,14:17:52,36.99,0.01,2,7398,买盘
251,14:17:46,36.98,-0.01,3,11093,卖盘
252,14:17:43,36.99,--,6,22194,买盘
253,14:17:37,36.99,-0.06,2,7398,卖盘
254,14:17:34,37.05,0.05,2,7409,买盘
255,14:17:25,37.0,0.01,6,22200,买盘
256,14:17:19,36.99,--,3,11097,卖盘
257,14:17:13,36.99,-0.01,5,18495,卖盘
258,14:17:10,37.0,--,14,51800,卖盘
259,14:17:07,37.0,-0.05,2,7400,卖盘
260,14:16:52,37.05,0.05,1,3704,买盘
261,14:16:46,37.0,--,2,7400,卖盘
262,14:16:43,37.0,0.01,25,92500,买盘
263,14:16:28,36.99,0.01,22,81378,买盘
264,14:16:19,36.98,0.05,6,22187,买盘
265,14:16:10,36.93,--,16,59088,中性盘
266,14:16:04,36.93,0.02,5,18465,中性盘
267,14:15:49,36.91,--,2,7381,卖盘
268,14:15:43,36.91,-0.08,10,36910,卖盘
269,14:15:40,36.99,0.07,13,48087,买盘
270,14:15:34,36.92,-0.01,7,25844,卖盘
271,14:15:31,36.93,-0.02,8,29544,卖盘
272,14:15:25,36.95,0.02,3,11085,中性盘
273,14:15:10,36.93,-0.02,9,33237,卖盘
274,14:15:01,36.95,-0.05,1,3695,中性盘
275,14:14:43,37.0,0.05,14,51800,买盘
276,14:14:40,36.95,--,5,18475,卖盘
277,14:14:31,36.95,--,1,3695,买盘
278,14:14:25,36.95,0.02,3,11085,买盘
279,14:14:13,36.93,-0.02,1,3693,卖盘
280,14:14:07,36.95,-0.05,2,7390,卖盘
281,14:14:04,37.0,0.05,33,122100,买盘
282,14:13:46,36.95,-0.05,3,11085,卖盘
283,14:13:43,37.0,--,1,3700,买盘
284,14:13:28,37.0,-0.05,59,218300,卖盘
285,14:13:22,37.05,0.05,40,148200,买盘
286,14:13:13,37.0,-0.03,175,647500,卖盘
287,14:13:10,37.03,-0.02,2,7406,卖盘
288,14:12:58,37.05,--,9,33345,卖盘
289,14:12:55,37.05,-0.02,1,3704,卖盘
290,14:12:46,37.07,0.02,2,7414,买盘
291,14:12:19,37.05,-0.03,1,3704,卖盘
292,14:12:16,37.08,--,1,3708,卖盘
293,14:12:13,37.08,--,11,40788,买盘
294,14:12:10,37.08,--,2,7416,买盘
295,14:12:07,37.08,--,5,18540,买盘
296,14:12:01,37.08,--,8,29664,卖盘
297,14:11:58,37.08,--,2,7416,卖盘
298,14:11:49,37.08,-0.01,3,11124,卖盘
299,14:11:37,37.09,0.01,2,7418,买盘
300,14:11:25,37.08,--,10,37080,买盘
301,14:11:16,37.08,-0.01,1,3708,卖盘
302,14:11:13,37.09,0.01,10,37090,买盘
303,14:10:58,37.08,0.03,2,7416,买盘
304,14:10:49,37.05,-0.02,5,18525,卖盘
305,14:10:46,37.07,0.02,2,7414,买盘
306,14:10:31,37.05,--,2,7409,卖盘
307,14:10:22,37.05,0.02,4,14819,买盘
308,14:10:19,37.03,-0.02,6,22218,卖盘
309,14:10:13,37.05,--,16,59279,买盘
310,14:09:52,37.05,0.01,5,18525,买盘
311,14:09:49,37.04,--,2,7408,中性盘
312,14:09:31,37.04,0.01,3,11112,中性盘
313,14:09:04,37.03,--,1,3703,买盘
314,14:08:52,37.03,0.01,29,107387,买盘
315,14:08:46,37.02,--,1,3702,中性盘
316,14:08:37,37.02,--,20,74040,卖盘
317,14:08:19,37.02,-0.03,3,11106,卖盘
318,14:08:16,37.05,0.03,9,33345,买盘
319,14:07:46,37.02,--,3,11106,卖盘
320,14:07:43,37.02,0.01,2,7404,买盘
321,14:07:37,37.01,-0.01,22,81422,卖盘
322,14:07:31,37.02,0.01,1,3702,买盘
323,14:07:28,37.01,0.01,3,11103,中性盘
324,14:07:16,37.0,--,3,11100,卖盘
325,14:06:49,37.0,-0.03,42,155400,卖盘
326,14:06:43,37.03,0.02,3,11109,买盘
327,14:06:37,37.01,-0.02,11,40711,卖盘
328,14:06:34,37.03,--,1,3703,买盘
329,14:06:31,37.03,--,1,3703,买盘
330,14:06:19,37.03,-0.01,39,144417,卖盘
331,14:06:13,37.04,0.01,4,14816,买盘
332,14:06:10,37.03,--,10,37030,卖盘
333,14:06:04,37.03,0.02,3,11109,中性盘
334,14:05:58,37.01,-0.02,50,185050,卖盘
335,14:05:27,37.03,-0.02,2,7406,卖盘
336,14:05:18,37.05,--,22,81510,买盘
337,14:05:09,37.05,--,27,100034,卖盘
338,14:05:00,37.05,-0.02,21,77805,卖盘
339,14:04:54,37.07,0.02,1,3707,中性盘
340,14:04:24,37.05,-0.03,4,14819,卖盘
341,14:04:18,37.08,--,13,48204,卖盘
342,14:04:06,37.08,-0.01,1,3708,卖盘
343,14:03:42,37.09,--,9,36088,卖盘
344,14:03:30,37.09,--,4,14836,卖盘
345,14:03:27,37.09,--,2,7418,卖盘
346,14:03:24,37.09,--,5,18545,卖盘
347,14:03:12,37.09,--,1,3709,卖盘
348,14:03:09,37.09,--,2,7418,卖盘
349,14:03:03,37.09,--,8,29672,卖盘
350,14:02:51,37.09,--,1,3709,卖盘
351,14:02:48,37.09,-0.01,3,11127,卖盘
352,14:02:45,37.1,--,4,14840,卖盘
353,14:02:42,37.1,--,36,133560,卖盘
354,14:02:36,37.1,--,3,11130,卖盘
355,14:02:30,37.1,0.01,7,25970,买盘
356,14:02:27,37.09,-0.01,80,298166,卖盘
357,14:02:15,37.1,--,14,51940,卖盘
358,14:02:06,37.1,--,30,111300,卖盘
359,14:02:00,37.1,--,6,22260,卖盘
360,14:01:45,37.1,--,9,33390,卖盘
361,14:01:42,37.1,--,1,3710,卖盘
362,14:01:30,37.1,-0.02,45,166950,卖盘
363,14:01:27,37.12,--,1,3711,买盘
364,14:01:24,37.12,-0.01,6,22272,卖盘
365,14:01:18,37.13,--,18,69136,卖盘
366,14:01:09,37.13,-0.01,14,51982,卖盘
367,14:01:03,37.14,0.01,5,18570,买盘
368,14:00:54,37.13,--,38,143136,卖盘
369,14:00:45,37.13,--,10,37130,卖盘
370,14:00:33,37.13,--,1,3713,卖盘
371,14:00:18,37.13,--,2,7426,卖盘
372,14:00:12,37.13,--,2,7426,卖盘
373,13:59:54,37.13,--,31,115103,卖盘
374,13:59:45,37.13,--,3,11139,卖盘
375,13:59:39,37.13,--,7,29072,卖盘
376,13:59:27,37.13,-0.01,3,11139,卖盘
377,13:59:15,37.14,--,3,11142,买盘
378,13:59:09,37.14,--,2,7428,买盘
379,13:58:33,37.14,--,25,92850,卖盘
380,13:58:27,37.14,-0.02,38,141132,卖盘
381,13:57:57,37.16,0.01,1,3715,买盘
382,13:57:51,37.15,0.02,2,7430,中性盘
383,13:56:54,37.13,-0.03,150,556950,卖盘
384,13:56:30,37.16,--,1,3715,买盘
385,13:56:09,37.16,0.01,1,3715,买盘
386,13:55:51,37.15,--,9,33435,买盘
387,13:55:36,37.15,0.01,2,7430,买盘
388,13:55:15,37.14,--,1,3714,卖盘
389,13:55:03,37.14,--,2,7428,卖盘
390,13:54:57,37.14,-0.01,1,3714,卖盘
391,13:54:48,37.15,--,1,3715,买盘
392,13:54:45,37.15,0.01,1,3715,买盘
393,13:54:21,37.14,--,2,7428,卖盘
394,13:54:18,37.14,0.01,2,7428,买盘
395,13:53:51,37.13,--,3,11139,卖盘
396,13:53:42,37.13,-0.01,126,467838,卖盘
397,13:53:33,37.14,0.01,1,3714,买盘
398,13:53:24,37.13,0.03,15,55695,买盘
399,13:53:21,37.1,-0.01,3,11130,卖盘
400,13:53:18,37.11,--,10,37110,买盘
401,13:53:09,37.11,--,4,14844,买盘
402,13:53:06,37.11,-0.02,9,33399,卖盘
403,13:52:57,37.13,--,10,37130,买盘
404,13:52:48,37.13,0.01,1,3713,买盘
405,13:52:39,37.12,-0.01,9,33408,卖盘
406,13:52:18,37.13,0.02,2,7426,卖盘
407,13:52:09,37.11,-0.03,30,111330,卖盘
408,13:52:06,37.14,0.01,1,3714,买盘
409,13:52:03,37.13,-0.01,32,118816,卖盘
410,13:52:00,37.14,--,3,11142,买盘
411,13:51:42,37.14,-0.01,11,40854,卖盘
412,13:51:18,37.15,-0.01,1,3715,卖盘
413,13:51:03,37.16,0.01,1,3715,买盘
414,13:50:51,37.15,--,1,3715,卖盘
415,13:50:30,37.15,--,1,3715,卖盘
416,13:50:27,37.15,-0.03,1,3715,卖盘
417,13:50:18,37.18,--,2,7436,买盘
418,13:50:09,37.18,--,4,14872,中性盘
419,13:49:48,37.18,-0.02,2,7436,卖盘
420,13:49:33,37.2,--,2,7440,买盘
421,13:49:30,37.2,0.02,2,7440,中性盘
422,13:49:06,37.18,--,8,29744,买盘
423,13:48:54,37.18,0.01,2,7436,买盘
424,13:48:51,37.17,0.03,3,11151,买盘
425,13:48:18,37.14,0.01,5,18570,买盘
426,13:48:06,37.13,0.01,10,37130,买盘
427,13:48:00,37.12,--,1,3711,卖盘
428,13:47:48,37.12,0.01,41,152192,买盘
429,13:47:42,37.11,--,3,11133,卖盘
430,13:47:39,37.11,-0.01,3,11133,卖盘
431,13:47:36,37.12,0.01,7,25984,买盘
432,13:47:33,37.11,-0.01,6,22266,卖盘
433,13:47:27,37.12,--,3,11136,买盘
434,13:47:21,37.12,--,1,3711,买盘
435,13:47:00,37.12,0.02,8,29695,买盘
436,13:46:51,37.1,-0.01,5,18550,卖盘
437,13:46:39,37.11,0.01,2,7422,中性盘
438,13:46:11,37.1,-0.02,1,3710,卖盘
439,13:46:05,37.12,--,7,25984,买盘
440,13:45:56,37.12,0.02,3,11136,买盘
441,13:45:50,37.1,-0.02,39,144690,卖盘
442,13:45:35,37.12,0.02,2,7423,买盘
443,13:45:29,37.1,-0.02,83,307930,卖盘
444,13:45:26,37.12,0.01,4,14847,买盘
445,13:45:11,37.11,-0.01,2,8906,卖盘
446,13:44:50,37.12,--,8,29695,卖盘
447,13:44:47,37.12,0.01,2,7423,中性盘
448,13:44:38,37.11,-0.01,56,207816,卖盘
449,13:44:29,37.12,--,16,60282,买盘
450,13:44:14,37.12,--,29,110469,卖盘
451,13:44:11,37.12,--,2,7423,卖盘
452,13:43:56,37.12,-0.01,3,11136,卖盘
453,13:43:41,37.13,--,16,59408,卖盘
454,13:43:11,37.13,--,3,11139,卖盘
455,13:42:50,37.13,-0.02,23,85399,卖盘
456,13:42:41,37.15,-0.03,9,33435,卖盘
457,13:42:29,37.18,--,1,3718,买盘
458,13:42:26,37.18,--,16,60417,卖盘
459,13:42:14,37.18,-0.02,5,18590,卖盘
460,13:42:02,37.2,0.02,2,7440,买盘
461,13:41:59,37.18,-0.01,46,171622,卖盘
462,13:41:44,37.19,-0.01,10,37190,卖盘
463,13:41:41,37.2,--,6,22320,买盘
464,13:41:38,37.2,-0.02,29,110112,卖盘
465,13:41:26,37.22,0.02,1,3722,买盘
466,13:41:23,37.2,--,4,14880,卖盘
467,13:41:11,37.2,-0.01,50,186000,卖盘
468,13:40:56,37.21,--,3,11163,卖盘
469,13:40:50,37.21,--,1,3721,卖盘
470,13:40:41,37.21,-0.02,2,7442,卖盘
471,13:40:23,37.23,--,44,163812,卖盘
472,13:40:20,37.23,-0.01,30,111689,卖盘
473,13:40:11,37.24,--,9,34484,卖盘
474,13:40:05,37.24,-0.01,2,7448,卖盘
475,13:39:59,37.25,0.01,10,37250,买盘
476,13:39:53,37.24,-0.01,16,62339,卖盘
477,13:39:38,37.25,0.01,1,3725,中性盘
478,13:39:08,37.24,-0.06,1,3724,卖盘
479,13:38:35,37.3,--,4,14919,买盘
480,13:38:32,37.3,0.01,25,93250,买盘
481,13:38:14,37.29,0.06,1,3729,买盘
482,13:38:11,37.23,--,1,3722,卖盘
483,13:37:32,37.23,--,5,18615,卖盘
484,13:37:02,37.23,-0.07,30,111689,卖盘
485,13:36:05,37.3,-0.05,1,3729,买盘
486,13:35:32,37.35,--,1,5415,卖盘
487,13:35:17,37.35,-0.01,50,186750,卖盘
488,13:34:59,37.36,--,1,3736,卖盘
489,13:34:32,37.36,--,2,7472,卖盘
490,13:34:11,37.36,-0.04,40,149440,卖盘
491,13:33:20,37.4,--,5,18700,买盘
492,13:32:50,37.4,-0.01,12,48096,卖盘
493,13:32:26,37.41,-0.01,26,97265,卖盘
494,13:32:14,37.42,--,58,217036,卖盘
495,13:32:02,37.42,--,10,37420,卖盘
496,13:31:50,37.42,--,182,681044,买盘
497,13:31:44,37.42,--,1,3742,买盘
498,13:31:29,37.42,0.01,1,3742,买盘
499,13:31:17,37.41,--,2,7481,卖盘
500,13:30:41,37.41,--,1,3740,卖盘
501,13:30:38,37.41,--,40,149640,卖盘
502,13:30:32,37.41,-0.01,1,3740,卖盘
503,13:30:14,37.42,-0.01,1,3742,中性盘
504,13:29:47,37.43,--,3,11229,买盘
505,13:29:17,37.43,-0.01,7,26201,卖盘
506,13:28:50,37.44,-0.01,1,3744,卖盘
507,13:28:47,37.45,-0.01,29,108605,卖盘
508,13:28:23,37.46,-0.01,18,67428,卖盘
509,13:28:05,37.47,0.01,31,116157,买盘
510,13:28:02,37.46,--,1,3746,卖盘
511,13:27:53,37.46,--,4,14984,买盘
512,13:27:50,37.46,0.01,23,86158,买盘
513,13:27:44,37.45,--,1,3745,卖盘
514,13:27:41,37.45,-0.01,1,3745,卖盘
515,13:27:29,37.46,--,9,33714,卖盘
516,13:27:23,37.46,--,7,26222,卖盘
517,13:27:08,37.46,0.01,1,3746,买盘
518,13:26:59,37.45,-0.01,19,71155,卖盘
519,13:26:53,37.46,--,1,3746,中性盘
520,13:26:35,37.46,--,2,7492,买盘
521,13:26:23,37.46,-0.01,3,11238,卖盘
522,13:26:14,37.47,--,8,29976,买盘
523,13:25:50,37.47,-0.01,8,29976,卖盘
524,13:25:44,37.48,--,4,14991,买盘
525,13:25:28,37.48,0.01,60,224879,买盘
526,13:25:01,37.47,--,2,7494,买盘
527,13:24:58,37.47,--,2,7494,买盘
528,13:24:52,37.47,-0.01,14,56130,卖盘
529,13:24:46,37.48,--,2,7495,买盘
530,13:24:31,37.48,--,1,3747,中性盘
531,13:23:58,37.48,--,3,11243,卖盘
532,13:23:16,37.48,-0.15,10,37480,卖盘
533,13:23:07,37.63,0.15,2,7526,买盘
534,13:22:25,37.48,-0.01,1,3747,卖盘
535,13:22:13,37.49,-0.14,1,3749,卖盘
536,13:20:13,37.63,0.14,1,3763,中性盘
537,13:19:37,37.49,0.01,1,3749,中性盘
538,13:18:52,37.48,-0.02,1,3747,卖盘
539,13:18:31,37.5,0.02,2,7500,中性盘
540,13:17:13,37.48,--,4,14991,买盘
541,13:16:55,37.48,-0.18,2,7495,卖盘
542,13:14:52,37.66,0.18,2,7531,中性盘
543,13:14:19,37.48,--,2,7495,卖盘
544,13:13:46,37.48,-0.19,1,3747,卖盘
545,13:13:28,37.67,0.2,2,7534,买盘
546,13:12:34,37.47,--,35,131219,买盘
547,13:12:28,37.47,--,3,11241,买盘
548,13:12:16,37.47,--,85,318495,买盘
549,13:12:01,37.47,-0.17,28,108588,卖盘
550,13:11:52,37.64,--,0,677,卖盘
551,13:11:49,37.64,--,2,7528,卖盘
552,13:11:37,37.64,-0.01,2,7528,卖盘
553,13:11:31,37.65,0.01,12,45180,买盘
554,13:11:22,37.64,--,0,2785,卖盘
555,13:11:19,37.64,--,1,3764,买盘
556,13:10:52,37.64,0.17,2,8995,买盘
557,13:10:19,37.47,-0.16,4,17648,卖盘
558,13:10:16,37.63,0.16,9,33867,买盘
559,13:10:13,37.47,-0.17,1,3747,中性盘
560,13:09:34,37.64,0.05,15,56460,买盘
561,13:09:19,37.59,--,3,11277,买盘
562,13:09:13,37.59,--,1,3759,买盘
563,13:08:52,37.59,0.15,12,45108,买盘
564,13:08:22,37.44,-0.14,11,44516,卖盘
565,13:08:16,37.58,0.14,2,7516,买盘
566,13:08:10,37.44,--,1,3744,卖盘
567,13:07:52,37.44,0.03,12,47998,中性盘
568,13:07:22,37.41,-0.17,8,29927,卖盘
569,13:07:13,37.58,0.18,3,11274,买盘
570,13:06:52,37.4,--,3,11220,卖盘
571,13:06:49,37.4,--,3,11220,卖盘
572,13:06:21,37.4,--,7,27040,卖盘
573,13:06:15,37.4,--,4,14960,卖盘
574,13:05:48,37.4,--,15,57857,卖盘
575,13:05:30,37.4,0.03,1,5385,买盘
576,13:05:24,37.37,-0.03,1,3736,中性盘
577,13:04:57,37.4,--,1,3740,买盘
578,13:04:51,37.4,--,3,11220,买盘
579,13:04:39,37.4,--,1,5834,卖盘
580,13:04:21,37.4,-0.2,1,3740,卖盘
581,13:04:18,37.6,0.2,1,3760,买盘
582,13:03:51,37.4,--,2,7480,卖盘
583,13:03:21,37.4,--,8,29920,卖盘
584,13:02:51,37.4,--,6,22440,卖盘
585,13:02:24,37.4,--,1,3740,卖盘
586,13:02:18,37.4,--,11,43384,卖盘
587,13:01:48,37.4,--,2,7480,卖盘
588,13:01:18,37.4,-0.25,14,52360,卖盘
589,13:01:09,37.65,--,60,225900,卖盘
590,13:00:51,37.65,--,92,348262,卖盘
591,13:00:48,37.65,--,1,3765,卖盘
592,13:00:06,37.65,0.25,57,215885,买盘
593,13:00:03,37.4,--,18,67320,买盘
594,11:29:59,37.4,--,10,37400,买盘
595,11:29:53,37.4,0.04,10,37400,买盘
596,11:29:50,37.36,--,12,44832,卖盘
597,11:29:44,37.36,0.16,51,192590,买盘
598,11:29:38,37.2,-0.16,0,148,卖盘
599,11:29:32,37.36,--,10,37360,买盘
600,11:29:23,37.36,--,18,67248,买盘
601,11:29:17,37.36,--,10,37360,买盘
602,11:29:14,37.36,--,10,37360,买盘
603,11:29:11,37.36,--,10,37360,买盘
604,11:29:05,37.36,0.01,10,37360,买盘
605,11:28:59,37.35,0.15,6,22410,中性盘
606,11:28:50,37.2,-0.15,16,62198,卖盘
607,11:28:47,37.35,0.04,9,35071,买盘
608,11:28:41,37.31,0.11,10,37310,买盘
609,11:28:38,37.2,-0.11,10,38092,卖盘
610,11:28:26,37.31,0.11,20,74620,买盘
611,11:28:23,37.2,-0.1,15,57883,卖盘
612,11:28:05,37.3,--,10,37300,买盘
613,11:27:56,37.3,--,11,41030,买盘
614,11:27:50,37.3,--,10,37300,买盘
615,11:27:47,37.3,--,10,37300,买盘
616,11:27:41,37.3,0.1,10,37300,买盘
617,11:27:38,37.2,-0.1,10,38092,卖盘
618,11:27:32,37.3,-0.01,10,37300,买盘
619,11:27:29,37.31,0.11,10,37310,买盘
620,11:27:26,37.2,-0.11,12,44640,卖盘
621,11:27:23,37.31,--,19,70889,买盘
622,11:27:17,37.31,0.01,10,37310,买盘
623,11:27:11,37.3,--,10,37300,买盘
624,11:26:56,37.3,0.1,10,37300,买盘
625,11:26:50,37.2,-0.1,23,88982,卖盘
626,11:26:47,37.3,--,10,37300,买盘
627,11:26:44,37.3,0.1,10,37300,买盘
628,11:26:41,37.2,-0.1,10,38055,卖盘
629,11:26:38,37.3,--,10,37300,买盘
630,11:26:35,37.3,--,10,37300,买盘
631,11:26:32,37.3,0.09,10,37300,买盘
632,11:26:29,37.21,--,10,37210,买盘
633,11:26:26,37.21,0.01,10,37210,买盘
634,11:26:20,37.2,--,30,111823,卖盘
635,11:26:14,37.2,--,18,66960,买盘
636,11:26:08,37.2,0.02,8,29760,买盘
637,11:25:50,37.18,--,9,34763,卖盘
638,11:25:47,37.18,--,1,3718,卖盘
639,11:25:44,37.18,--,1,3718,卖盘
640,11:25:38,37.18,--,0,892,卖盘
641,11:25:19,37.18,-0.03,16,59488,卖盘
642,11:25:13,37.21,--,1,3721,买盘
643,11:25:10,37.21,0.03,10,37210,买盘
644,11:25:04,37.18,--,4,14872,卖盘
645,11:24:52,37.18,--,3,11154,卖盘
646,11:24:37,37.18,0.05,4,14872,买盘
647,11:24:34,37.13,--,3,11213,买盘
648,11:24:28,37.13,--,1,4529,卖盘
649,11:24:19,37.13,-0.04,6,22278,卖盘
650,11:24:16,37.17,0.04,3,12377,中性盘
651,11:23:52,37.13,-0.04,1,3713,卖盘
652,11:23:43,37.17,0.04,7,28583,买盘
653,11:23:37,37.13,0.01,2,7426,中性盘
654,11:23:28,37.12,-0.01,8,29695,卖盘
655,11:23:19,37.13,--,1,3713,买盘
656,11:23:10,37.13,--,2,7426,买盘
657,11:22:55,37.13,--,17,65608,卖盘
658,11:22:49,37.13,--,6,22463,卖盘
659,11:22:37,37.13,-0.04,80,297931,卖盘
660,11:22:28,37.17,-0.01,13,50365,卖盘
661,11:22:19,37.18,-0.03,6,22308,卖盘
662,11:22:01,37.21,0.03,3,11163,买盘
663,11:21:49,37.18,--,12,48036,卖盘
664,11:21:40,37.18,--,1,4610,卖盘
665,11:21:22,37.18,-0.02,3,11154,卖盘
666,11:21:07,37.2,--,1,3720,卖盘
667,11:20:49,37.2,-0.01,4,14880,卖盘
668,11:20:40,37.21,-0.02,51,190068,卖盘
669,11:19:52,37.23,--,5,18615,卖盘
670,11:19:40,37.23,--,1,4616,卖盘
671,11:19:22,37.23,-0.06,8,30528,卖盘
672,11:18:52,37.29,0.06,1,3729,买盘
673,11:18:37,37.23,--,0,893,卖盘
674,11:18:19,37.23,0.01,1,3722,中性盘
675,11:17:52,37.22,--,8,29776,卖盘
676,11:17:37,37.22,-0.07,0,893,卖盘
677,11:17:25,37.29,0.07,5,18645,买盘
678,11:17:19,37.22,--,13,51959,卖盘
679,11:16:52,37.22,-0.07,26,97516,卖盘
680,11:16:49,37.29,0.08,4,14916,买盘
681,11:16:40,37.21,-0.08,0,855,卖盘
682,11:16:37,37.29,--,1,3729,买盘
683,11:16:34,37.29,0.08,2,7458,中性盘
684,11:16:19,37.21,-0.09,20,76094,中性盘
685,11:16:01,37.3,0.09,10,37300,买盘
686,11:15:58,37.21,0.01,4,14884,买盘
687,11:15:52,37.2,-0.01,10,37200,卖盘
688,11:15:46,37.21,--,4,17711,卖盘
689,11:15:37,37.21,0.01,0,893,中性盘
690,11:15:19,37.2,-0.03,33,123206,卖盘
691,11:15:13,37.23,0.03,12,44675,买盘
692,11:14:58,37.2,--,0,744,买盘
693,11:14:55,37.2,0.03,11,40920,买盘
694,11:14:43,37.17,--,0,1970,买盘
695,11:14:22,37.17,--,0,2639,卖盘
696,11:14:19,37.17,-0.03,2,7434,卖盘
697,11:14:13,37.2,0.03,1,3720,买盘
698,11:14:04,37.17,--,3,11151,卖盘
699,11:13:52,37.17,--,2,7434,卖盘
700,11:13:43,37.17,-0.03,0,892,卖盘
701,11:13:40,37.2,0.02,1,3720,买盘
702,11:13:22,37.18,0.01,2,7436,中性盘
703,11:12:52,37.17,-0.02,9,33490,卖盘
704,11:12:46,37.19,-0.01,3,11157,卖盘
705,11:12:37,37.2,0.01,10,37200,买盘
706,11:12:34,37.19,--,0,892,卖盘
707,11:12:31,37.19,-0.01,7,26033,卖盘
708,11:12:25,37.2,0.01,2,7440,买盘
709,11:12:22,37.19,-0.01,17,63706,卖盘
710,11:12:19,37.2,--,20,74400,买盘
711,11:12:16,37.2,--,2,7440,买盘
712,11:12:10,37.2,--,5,18600,买盘
713,11:12:01,37.2,--,1,3720,买盘
714,11:11:52,37.2,0.01,30,111600,买盘
715,11:11:49,37.19,--,15,57161,卖盘
716,11:11:40,37.19,0.02,5,18595,买盘
717,11:11:37,37.17,0.01,0,854,卖盘
718,11:11:31,37.16,--,1,3976,买盘
719,11:11:25,37.16,--,8,33183,卖盘
720,11:11:22,37.16,--,9,33704,卖盘
721,11:10:49,37.16,0.01,10,37160,中性盘
722,11:10:40,37.15,-0.01,17,63155,卖盘
723,11:10:34,37.16,--,5,18580,买盘
724,11:10:28,37.16,0.01,4,14863,卖盘
725,11:10:22,37.15,--,12,47180,卖盘
726,11:10:19,37.15,--,19,73036,卖盘
727,11:10:13,37.15,--,60,222900,卖盘
728,11:09:52,37.15,-0.02,11,42536,卖盘
729,11:09:46,37.17,--,2,10147,买盘
730,11:09:43,37.17,--,30,111510,买盘
731,11:09:37,37.17,0.02,5,18585,买盘
732,11:09:34,37.15,-0.02,0,891,卖盘
733,11:09:25,37.17,0.02,1,3717,买盘
734,11:09:19,37.15,-0.02,10,40047,卖盘
735,11:09:13,37.17,-0.03,7,27022,卖盘
736,11:09:10,37.2,--,2,7440,买盘
737,11:09:04,37.2,0.03,3,11160,买盘
738,11:08:55,37.17,-0.01,4,14868,卖盘
739,11:08:52,37.18,-0.02,5,18590,卖盘
740,11:08:43,37.2,--,10,37200,买盘
741,11:08:31,37.2,-0.01,26,99696,卖盘
742,11:08:19,37.21,--,9,33489,卖盘
743,11:08:10,37.21,-0.02,10,37210,卖盘
744,11:08:07,37.23,0.02,6,22337,卖盘
745,11:07:52,37.21,-0.02,2,7442,卖盘
746,11:07:43,37.23,0.02,0,2978,买盘
747,11:07:37,37.21,0.01,3,12056,买盘
748,11:07:19,37.2,--,9,36679,卖盘
749,11:07:16,37.2,--,6,22320,卖盘
750,11:07:13,37.2,--,1,3720,卖盘
751,11:07:07,37.2,--,5,18600,卖盘
752,11:06:58,37.2,--,8,30876,买盘
753,11:06:52,37.2,0.02,2,7440,买盘
754,11:06:49,37.18,--,4,14872,卖盘
755,11:06:37,37.18,0.01,26,96668,买盘
756,11:06:34,37.17,--,0,854,卖盘
757,11:06:31,37.17,--,1,5575,卖盘
758,11:06:19,37.17,-0.03,8,29736,卖盘
759,11:06:04,37.2,--,5,21204,卖盘
760,11:05:48,37.2,-0.01,5,18600,卖盘
761,11:05:33,37.21,-0.01,5,18605,卖盘
762,11:05:21,37.22,0.02,6,22332,中性盘
763,11:05:03,37.2,-0.02,49,185962,卖盘
764,11:05:00,37.22,--,1,3722,卖盘
765,11:04:51,37.22,-0.01,5,18610,卖盘
766,11:04:36,37.23,--,2,9084,卖盘
767,11:04:33,37.23,--,1,3722,卖盘
768,11:04:24,37.23,-0.02,42,156366,卖盘
769,11:04:21,37.25,--,11,40975,卖盘
770,11:04:03,37.25,--,2,7450,卖盘
771,11:03:48,37.25,--,20,76623,卖盘
772,11:03:39,37.25,--,1,3725,卖盘
773,11:03:33,37.25,--,0,894,卖盘
774,11:03:24,37.25,--,1,3725,卖盘
775,11:03:21,37.25,0.01,14,54087,中性盘
776,11:03:03,37.24,0.01,1,3724,中性盘
777,11:02:48,37.23,--,1,3722,卖盘
778,11:02:30,37.23,0.02,0,856,中性盘
779,11:02:21,37.21,--,10,38065,卖盘
780,11:02:18,37.21,--,5,18605,卖盘
781,11:02:03,37.21,-0.01,17,63257,卖盘
782,11:01:51,37.22,--,2,7444,卖盘
783,11:01:42,37.22,0.01,1,3722,中性盘
784,11:01:33,37.21,-0.01,0,893,卖盘
785,11:01:18,37.22,-0.13,4,14888,卖盘
786,11:01:03,37.35,--,20,74700,买盘
787,11:00:54,37.35,0.14,2,7470,买盘
788,11:00:51,37.21,-0.14,12,46512,卖盘
789,11:00:42,37.35,0.14,3,11205,买盘
790,11:00:36,37.21,--,0,893,卖盘
791,11:00:18,37.21,--,3,11163,卖盘
792,11:00:15,37.21,-0.01,10,37210,卖盘
793,11:00:03,37.22,--,1,3722,中性盘
794,10:59:57,37.22,0.01,7,27058,买盘
795,10:59:54,37.21,--,4,17600,卖盘
796,10:59:51,37.21,--,5,18605,卖盘
797,10:59:33,37.21,--,0,893,卖盘
798,10:59:18,37.21,--,2,7442,卖盘
799,10:59:00,37.21,--,3,11163,卖盘
800,10:58:51,37.21,-0.01,6,22326,卖盘
801,10:58:48,37.22,0.01,1,3722,中性盘
802,10:58:33,37.21,-0.15,0,855,卖盘
803,10:58:27,37.36,--,29,108344,买盘
804,10:58:24,37.36,0.14,26,97136,买盘
805,10:58:18,37.22,--,14,55085,买盘
806,10:58:09,37.22,-0.14,36,136076,卖盘
807,10:58:03,37.36,--,26,97136,买盘
808,10:57:51,37.36,0.14,26,97136,买盘
809,10:57:48,37.22,--,2,7444,卖盘
810,10:57:36,37.22,-0.13,0,893,卖盘
811,10:57:21,37.35,0.13,5,18675,买盘
812,10:57:06,37.22,0.01,1,3722,卖盘
813,10:56:54,37.21,--,5,19349,买盘
814,10:56:51,37.21,-0.01,4,14884,买盘
815,10:56:48,37.22,-0.13,73,271706,卖盘
816,10:56:39,37.35,0.13,31,116644,买盘
817,10:56:33,37.22,--,2,7444,卖盘
818,10:56:30,37.22,--,0,893,卖盘
819,10:56:27,37.22,-0.13,4,14888,卖盘
820,10:56:21,37.35,0.15,12,45268,买盘
821,10:56:03,37.2,-0.02,3,11160,卖盘
822,10:56:00,37.22,0.02,5,18610,买盘
823,10:55:48,37.2,--,4,14880,卖盘
824,10:55:45,37.2,--,4,14880,卖盘
825,10:55:42,37.2,--,2,7440,卖盘
826,10:55:30,37.2,--,7,26932,卖盘
827,10:55:24,37.2,-0.01,5,18600,卖盘
828,10:55:21,37.21,-0.1,15,55815,卖盘
829,10:55:18,37.31,0.09,1,3731,买盘
830,10:55:15,37.22,--,1,3722,买盘
831,10:54:51,37.22,-0.09,7,26054,卖盘
832,10:54:39,37.31,-0.01,3,11193,卖盘
833,10:54:36,37.32,--,1,6605,卖盘
834,10:54:30,37.32,0.01,0,858,中性盘
835,10:54:24,37.31,-0.04,22,82082,卖盘
836,10:54:15,37.35,0.02,1,3735,买盘
837,10:54:12,37.33,--,2,7466,买盘
838,10:54:09,37.33,0.01,1,3733,买盘
839,10:53:57,37.32,-0.03,21,78372,卖盘
840,10:53:42,37.35,--,1,6573,卖盘
841,10:53:33,37.35,-0.01,0,896,卖盘
842,10:53:18,37.36,-0.04,35,130760,卖盘
843,10:53:12,37.4,--,18,70461,卖盘
844,10:53:00,37.4,-0.01,20,74800,卖盘
845,10:52:33,37.41,--,0,897,卖盘
846,10:52:30,37.41,--,5,19116,买盘
847,10:52:24,37.41,0.01,20,74820,买盘
848,10:52:12,37.4,--,1,3740,卖盘
849,10:51:54,37.4,-0.01,56,209440,卖盘
850,10:51:39,37.41,-0.01,30,112678,卖盘
851,10:51:18,37.42,0.01,5,18710,卖盘
852,10:51:15,37.41,-0.01,3,11222,卖盘
853,10:51:09,37.42,--,25,93550,买盘
854,10:50:54,37.42,0.01,7,26194,中性盘
855,10:50:51,37.41,-0.01,31,115970,卖盘
856,10:50:45,37.42,--,50,187100,卖盘
857,10:50:33,37.42,-0.01,12,47747,卖盘
858,10:50:21,37.43,--,1,3743,卖盘
859,10:50:18,37.43,--,1,3743,卖盘
860,10:50:12,37.43,--,0,898,买盘
861,10:50:09,37.43,--,0,2844,卖盘
862,10:49:51,37.43,--,2,7486,卖盘
863,10:49:39,37.43,0.01,0,898,中性盘
864,10:48:42,37.42,-0.13,26,97292,卖盘
865,10:48:27,37.55,--,46,172730,买盘
866,10:48:15,37.55,0.05,3,11265,买盘
867,10:48:00,37.5,0.01,67,253650,买盘
868,10:47:51,37.49,0.02,3,11247,中性盘
869,10:47:39,37.47,0.02,1,3747,买盘
870,10:47:30,37.45,--,0,898,中性盘
871,10:47:18,37.45,0.04,43,161035,买盘
872,10:47:09,37.41,0.01,4,14963,中性盘
873,10:47:00,37.4,-0.05,2,7480,卖盘
874,10:46:48,37.45,0.05,6,22470,买盘
875,10:46:42,37.4,--,5,18700,卖盘
876,10:46:39,37.4,-0.01,10,37400,卖盘
877,10:46:33,37.41,--,0,897,卖盘
878,10:46:27,37.41,-0.01,8,29927,卖盘
879,10:46:24,37.42,0.01,0,2132,买盘
880,10:46:21,37.41,-0.01,31,115970,买盘
881,10:46:09,37.42,--,1,3742,买盘
882,10:46:06,37.42,--,44,164648,买盘
883,10:45:57,37.42,--,1,5351,卖盘
884,10:45:36,37.42,-0.05,73,273166,卖盘
885,10:45:33,37.47,--,7,26229,卖盘
886,10:45:30,37.47,--,0,861,卖盘
887,10:45:20,37.47,-0.03,1,3747,卖盘
888,10:45:05,37.5,--,18,70612,卖盘
889,10:45:02,37.5,--,0,3525,卖盘
890,10:44:59,37.5,--,1,3750,卖盘
891,10:44:56,37.5,-0.01,90,337500,卖盘
892,10:44:50,37.51,--,3,11253,买盘
893,10:44:44,37.51,--,21,78996,卖盘
894,10:44:29,37.51,-0.05,0,900,卖盘
895,10:44:14,37.56,--,5,18780,卖盘
896,10:43:53,37.56,0.05,8,30048,买盘
897,10:43:44,37.51,-0.04,5,18755,卖盘
898,10:43:29,37.55,-0.15,0,863,中性盘
899,10:43:05,37.7,0.17,9,34118,买盘
900,10:42:47,37.53,-0.01,15,56295,卖盘
901,10:42:32,37.54,0.01,0,900,中性盘
902,10:42:14,37.53,--,3,11259,卖盘
903,10:42:02,37.53,-0.18,45,168885,卖盘
904,10:41:44,37.71,--,6,22626,买盘
905,10:41:26,37.71,0.16,2,8447,中性盘
906,10:41:05,37.55,-0.19,1,3754,中性盘
907,10:40:38,37.74,0.2,11,41514,买盘
908,10:40:32,37.54,-0.21,0,863,卖盘
909,10:39:41,37.75,0.22,19,71725,买盘
910,10:39:29,37.53,-0.22,6,23418,卖盘
911,10:39:17,37.75,--,5,20875,卖盘
912,10:39:02,37.75,0.23,0,1774,买盘
913,10:38:50,37.52,-0.22,31,116312,卖盘
914,10:38:47,37.74,0.04,11,41514,买盘
915,10:38:38,37.7,0.18,2,7540,买盘
916,10:38:29,37.52,-0.23,0,862,卖盘
917,10:38:26,37.75,0.01,61,230275,买盘
918,10:38:08,37.74,0.23,20,75480,买盘
919,10:37:56,37.51,--,0,900,买盘
920,10:37:53,37.51,--,0,2850,卖盘
921,10:37:47,37.51,--,15,56265,卖盘
922,10:37:35,37.51,--,3,11253,卖盘
923,10:37:26,37.51,0.01,0,900,中性盘
924,10:36:38,37.5,--,15,56250,卖盘
925,10:36:32,37.5,--,1,3750,卖盘
926,10:36:23,37.5,-0.29,0,862,卖盘
927,10:36:20,37.79,--,1,3779,买盘
928,10:36:11,37.79,0.32,2,7558,中性盘
929,10:35:47,37.47,-0.03,45,168615,卖盘
930,10:35:26,37.5,-0.3,0,900,卖盘
931,10:35:14,37.8,-0.07,1,3779,卖盘
932,10:35:11,37.87,0.07,1,3786,买盘
933,10:34:53,37.8,0.33,5,18900,买盘
934,10:34:50,37.47,--,1,3747,卖盘
935,10:34:44,37.47,--,1,3747,卖盘
936,10:34:35,37.47,-0.28,234,876798,卖盘
937,10:34:29,37.75,--,94,354850,卖盘
938,10:34:23,37.75,--,0,868,卖盘
939,10:33:59,37.75,-0.02,100,377500,卖盘
940,10:33:29,37.77,--,0,906,卖盘
941,10:33:23,37.77,--,4,15976,买盘
942,10:33:20,37.77,--,2,7554,买盘
943,10:32:59,37.77,--,2,10462,卖盘
944,10:32:35,37.77,--,1,3777,卖盘
945,10:32:29,37.77,--,0,868,中性盘
946,10:31:59,37.77,-0.03,2,7554,卖盘
947,10:31:41,37.8,0.03,1,3779,买盘
948,10:31:38,37.77,-0.05,9,33993,卖盘
949,10:31:32,37.82,--,8,30256,买盘
950,10:31:29,37.82,0.03,30,113460,买盘
951,10:31:23,37.79,-0.03,1,3779,卖盘
952,10:31:14,37.82,--,10,37820,买盘
953,10:31:02,37.82,0.07,10,37820,买盘
954,10:30:35,37.75,0.06,2,11098,买盘
955,10:30:29,37.69,-0.06,150,566216,卖盘
956,10:29:35,37.75,0.06,15,56625,买盘
957,10:29:29,37.69,-0.06,0,866,卖盘
958,10:29:11,37.75,--,2,7550,买盘
959,10:28:50,37.75,-0.02,45,170101,卖盘
960,10:28:29,37.77,--,0,906,卖盘
961,10:28:08,37.77,--,10,37770,卖盘
962,10:27:29,37.77,-0.05,0,868,中性盘
963,10:26:44,37.82,--,5,21822,卖盘
964,10:26:23,37.82,-0.01,3,12215,卖盘
965,10:26:02,37.83,0.01,1,3783,买盘
966,10:25:50,37.82,0.07,4,15128,买盘
967,10:25:29,37.75,-0.06,50,188750,卖盘
968,10:25:23,37.81,-0.01,0,907,卖盘
969,10:25:11,37.82,0.01,10,37820,买盘
970,10:25:08,37.81,--,2,7562,卖盘
971,10:25:05,37.81,-0.01,0,869,中性盘
972,10:24:56,37.82,--,10,37820,买盘
973,10:24:41,37.82,0.1,13,49166,买盘
974,10:24:28,37.72,-0.1,6,22632,卖盘
975,10:24:16,37.82,0.1,1,3782,买盘
976,10:24:13,37.72,0.05,0,905,买盘
977,10:23:55,37.67,-0.15,40,150680,卖盘
978,10:23:46,37.82,--,7,26474,卖盘
979,10:23:40,37.82,0.12,10,37820,买盘
980,10:23:37,37.7,-0.12,5,21752,中性盘
981,10:23:22,37.82,--,2,7564,买盘
982,10:23:19,37.82,0.15,10,37820,中性盘
983,10:23:07,37.67,0.02,10,38536,中性盘
984,10:22:52,37.65,-0.17,4,15060,卖盘
985,10:22:37,37.82,-0.02,6,22692,买盘
986,10:22:25,37.84,--,0,2913,卖盘
987,10:22:22,37.84,--,0,870,买盘
988,10:22:16,37.84,0.02,31,117304,买盘
989,10:22:07,37.82,0.03,46,173972,买盘
990,10:21:55,37.79,--,32,123082,买盘
991,10:21:37,37.79,0.17,3,12206,买盘
992,10:21:31,37.62,--,1,6658,卖盘
993,10:21:22,37.62,--,0,865,卖盘
994,10:21:10,37.62,-0.16,3,11286,中性盘
995,10:21:07,37.78,0.17,5,18890,买盘
996,10:20:55,37.61,-0.18,1,3761,卖盘
997,10:20:43,37.79,--,3,14246,卖盘
998,10:20:31,37.79,-0.05,4,15116,卖盘
999,10:20:25,37.84,--,2,7568,买盘
1000,10:20:19,37.84,--,2,10481,卖盘
1001,10:20:16,37.84,-0.01,0,870,卖盘
1002,10:20:10,37.85,--,10,37850,买盘
1003,10:19:58,37.85,0.05,2,7570,买盘
1004,10:19:19,37.8,--,0,907,卖盘
1005,10:19:10,37.8,--,2,10130,买盘
1006,10:19:01,37.8,-0.07,36,137289,卖盘
1007,10:18:55,37.87,--,1,3786,买盘
1008,10:18:40,37.87,0.02,5,18935,买盘
1009,10:18:37,37.85,0.05,9,34065,买盘
1010,10:18:31,37.8,-0.03,16,63012,卖盘
1011,10:18:19,37.83,0.03,0,870,中性盘
1012,10:17:55,37.8,--,12,45360,卖盘
1013,10:17:25,37.8,--,5,18900,卖盘
1014,10:17:19,37.8,-0.01,0,907,卖盘
1015,10:17:10,37.81,-0.14,5,18905,中性盘
1016,10:17:01,37.95,-0.01,1,3795,中性盘
1017,10:16:49,37.96,0.16,1,3796,买盘
1018,10:16:34,37.8,--,12,45360,卖盘
1019,10:16:28,37.8,--,2,7559,卖盘
1020,10:16:22,37.8,-0.01,8,31109,卖盘
1021,10:15:46,37.81,--,1,3781,卖盘
1022,10:15:40,37.81,0.01,1,3781,中性盘
1023,10:15:28,37.8,-0.01,11,43772,卖盘
1024,10:15:25,37.81,-0.03,4,15124,买盘
1025,10:15:19,37.84,-0.16,1,3784,卖盘
1026,10:15:16,38.0,0.1,72,275576,买盘
1027,10:15:13,37.9,-0.01,3,11370,卖盘
1028,10:15:10,37.91,0.01,2,7581,买盘
1029,10:15:04,37.9,-0.01,11,41690,卖盘
1030,10:15:01,37.91,--,12,45491,买盘
1031,10:14:46,37.91,--,5,18955,买盘
1032,10:14:31,37.91,0.01,16,60655,买盘
1033,10:14:25,37.9,--,0,909,卖盘
1034,10:14:19,37.9,--,5,18950,卖盘
1035,10:14:10,37.9,0.1,34,129769,买盘
1036,10:14:07,37.8,--,1,3779,卖盘
1037,10:14:04,37.8,-0.01,53,203099,卖盘
1038,10:13:46,37.81,--,3,11343,买盘
1039,10:13:28,37.81,0.02,15,56715,买盘
1040,10:13:22,37.79,-0.01,0,869,中性盘
1041,10:13:07,37.8,0.01,50,189000,买盘
1042,10:12:43,37.79,--,6,22674,买盘
1043,10:12:31,37.79,0.14,2,7558,买盘
1044,10:12:19,37.65,0.04,0,903,中性盘
1045,10:11:46,37.61,-0.19,30,112830,卖盘
1046,10:11:28,37.8,0.01,8,30239,买盘
1047,10:11:22,37.79,-0.01,2,8427,买盘
1048,10:11:07,37.8,--,5,18900,买盘
1049,10:10:25,37.8,-0.01,1,3779,买盘
1050,10:10:22,37.81,0.01,6,22686,买盘
1051,10:10:16,37.8,--,9,35040,卖盘
1052,10:10:10,37.8,--,5,18900,卖盘
1053,10:10:07,37.8,--,7,26459,卖盘
1054,10:10:04,37.8,--,7,26459,卖盘
1055,10:10:01,37.8,--,5,18900,卖盘
1056,10:09:58,37.8,--,7,26459,卖盘
1057,10:09:55,37.8,--,7,26459,卖盘
1058,10:09:52,37.8,--,3,11340,卖盘
1059,10:09:49,37.8,-0.01,10,37800,卖盘
1060,10:09:46,37.81,0.01,2,7562,买盘
1061,10:09:43,37.8,--,13,49139,卖盘
1062,10:09:37,37.8,0.33,123,467699,买盘
1063,10:09:13,37.47,-0.33,0,861,中性盘
1064,10:08:52,37.8,--,25,95520,卖盘
1065,10:08:49,37.8,--,1,3779,卖盘
1066,10:08:43,37.8,0.35,173,656699,买盘
1067,10:08:37,37.45,--,30,112350,卖盘
1068,10:08:34,37.45,--,10,37450,卖盘
1069,10:08:28,37.45,--,27,102013,买盘
1070,10:08:22,37.45,--,3,11235,卖盘
1071,10:08:07,37.45,0.05,1,3745,中性盘
1072,10:07:46,37.4,-0.4,1,3740,卖盘
1073,10:07:40,37.8,--,5,18900,买盘
1074,10:07:25,37.8,0.32,200,756000,买盘
1075,10:07:16,37.48,-0.02,0,2848,卖盘
1076,10:06:55,37.5,--,14,53400,买盘
1077,10:06:43,37.5,-0.06,19,71475,卖盘
1078,10:06:25,37.56,0.06,34,127704,中性盘
1079,10:06:19,37.5,-0.06,0,900,卖盘
1080,10:05:43,37.56,--,1,3756,买盘
1081,10:05:34,37.56,0.06,2,7512,买盘
1082,10:05:19,37.5,-0.06,0,900,卖盘
1083,10:05:16,37.56,--,1,3756,买盘
1084,10:05:01,37.56,0.06,3,11268,买盘
1085,10:04:58,37.5,--,3,11250,卖盘
1086,10:04:46,37.5,-0.06,8,30000,卖盘
1087,10:04:21,37.56,0.06,5,18780,买盘
1088,10:04:18,37.5,-0.06,0,862,卖盘
1089,10:04:09,37.56,--,5,18780,买盘
1090,10:03:39,37.56,--,2,7512,买盘
1091,10:03:36,37.56,--,3,11268,买盘
1092,10:03:21,37.56,-0.02,42,160606,卖盘
1093,10:03:15,37.58,--,0,901,卖盘
1094,10:03:12,37.58,-0.04,1,3758,卖盘
1095,10:02:51,37.62,--,5,18810,买盘
1096,10:02:27,37.62,0.12,30,112859,买盘
1097,10:02:12,37.5,-0.08,0,862,中性盘
1098,10:01:48,37.58,--,5,18790,买盘
1099,10:01:24,37.58,0.09,5,18790,买盘
1100,10:01:21,37.49,-0.09,0,899,卖盘
1101,10:01:06,37.58,0.08,2,7516,买盘
1102,10:00:57,37.5,-0.08,2,7500,中性盘
1103,10:00:42,37.58,0.08,4,17888,中性盘
1104,10:00:18,37.5,-0.1,0,900,卖盘
1105,09:59:39,37.6,0.1,1,3760,买盘
1106,09:59:18,37.5,0.14,1,3750,买盘
1107,09:59:15,37.36,-0.14,9,33624,卖盘
1108,09:59:03,37.5,--,0,862,卖盘
1109,09:58:45,37.5,--,4,17887,买盘
1110,09:58:36,37.5,--,2,7500,买盘
1111,09:58:27,37.5,0.14,5,18750,买盘
1112,09:58:18,37.36,--,6,23312,中性盘
1113,09:57:21,37.36,-0.14,11,41096,卖盘
1114,09:57:18,37.5,--,10,38362,卖盘
1115,09:57:12,37.5,--,12,45000,卖盘
1116,09:57:09,37.5,--,14,52500,卖盘
1117,09:57:03,37.5,--,19,71250,卖盘
1118,09:56:54,37.5,--,5,18750,卖盘
1119,09:56:42,37.5,--,69,258750,卖盘
1120,09:56:36,37.5,--,2,7500,卖盘
1121,09:56:24,37.5,--,18,69487,卖盘
1122,09:56:18,37.5,-0.01,1,3750,卖盘
1123,09:56:15,37.51,--,4,15004,买盘
1124,09:56:12,37.51,--,10,39272,卖盘
1125,09:56:00,37.51,-0.01,11,41261,卖盘
1126,09:55:54,37.52,-0.1,30,112560,卖盘
1127,09:55:48,37.62,0.05,5,18810,买盘
1128,09:55:42,37.57,-0.04,13,48841,卖盘
1129,09:55:39,37.61,--,5,18805,卖盘
1130,09:55:15,37.61,-0.01,19,71459,卖盘
1131,09:55:12,37.62,0.01,2,8426,买盘
1132,09:55:06,37.61,--,1,3761,卖盘
1133,09:54:45,37.61,--,4,15044,卖盘
1134,09:54:15,37.61,--,1,3761,卖盘
1135,09:54:12,37.61,--,0,865,卖盘
1136,09:54:09,37.61,--,0,902,买盘
1137,09:54:00,37.61,--,5,18805,买盘
1138,09:53:45,37.61,0.01,34,127874,买盘
1139,09:53:33,37.6,0.02,1,3760,卖盘
1140,09:53:27,37.58,--,0,1766,买盘
1141,09:53:21,37.58,--,8,32055,卖盘
1142,09:53:09,37.58,-0.03,0,901,卖盘
1143,09:53:00,37.61,0.03,2,7522,买盘
1144,09:52:57,37.58,--,4,15032,卖盘
1145,09:52:42,37.58,--,5,18790,卖盘
1146,09:52:33,37.58,--,3,11274,卖盘
1147,09:52:30,37.58,--,1,3758,卖盘
1148,09:52:27,37.58,-0.03,5,18790,卖盘
1149,09:52:15,37.61,0.03,2,7522,买盘
1150,09:52:09,37.58,-0.03,0,864,卖盘
1151,09:52:03,37.61,--,3,11283,买盘
1152,09:52:00,37.61,--,1,3761,买盘
1153,09:51:57,37.61,--,2,7522,买盘
1154,09:51:45,37.61,-0.01,2,7522,卖盘
1155,09:51:36,37.62,--,0,1993,卖盘
1156,09:51:24,37.62,0.01,2,9292,买盘
1157,09:51:18,37.61,0.02,24,90264,买盘
1158,09:51:12,37.59,--,2,7518,卖盘
1159,09:50:57,37.59,--,1,3759,卖盘
1160,09:50:54,37.59,-0.03,5,18795,卖盘
1161,09:50:39,37.62,--,1,3761,买盘
1162,09:50:36,37.62,0.01,3,11286,买盘
1163,09:50:33,37.61,-0.15,18,70556,卖盘
1164,09:49:57,37.76,0.15,11,41536,买盘
1165,09:49:45,37.61,-0.15,1,3761,卖盘
1166,09:49:33,37.76,--,2,7552,买盘
1167,09:49:30,37.76,--,1,3776,买盘
1168,09:49:27,37.76,-0.01,1,3776,中性盘
1169,09:49:15,37.77,0.17,10,38676,买盘
1170,09:49:12,37.6,-0.17,1,3760,中性盘
1171,09:48:42,37.77,--,1,3777,买盘
1172,09:48:36,37.77,0.18,80,302160,中性盘
1173,09:48:18,37.59,-0.22,1,4623,卖盘
1174,09:48:15,37.81,-0.04,1,3781,中性盘
1175,09:48:09,37.85,-0.02,1,3785,中性盘
1176,09:47:57,37.87,--,26,98462,买盘
1177,09:47:42,37.87,--,1,3786,买盘
1178,09:47:36,37.87,0.29,1,3786,中性盘
1179,09:47:30,37.58,-0.3,1,3758,卖盘
1180,09:47:15,37.88,0.3,2,7576,买盘
1181,09:47:09,37.58,-0.2,28,105224,卖盘
1182,09:47:06,37.78,-0.02,3,11334,中性盘
1183,09:47:00,37.8,0.02,2,7559,买盘
1184,09:46:51,37.78,0.01,5,18890,买盘
1185,09:46:45,37.77,--,7,26439,卖盘
1186,09:46:36,37.77,0.19,39,147303,买盘
1187,09:46:15,37.58,--,0,864,中性盘
1188,09:45:57,37.58,0.01,22,82676,买盘
1189,09:45:51,37.57,--,5,18785,卖盘
1190,09:45:42,37.57,0.01,59,225006,买盘
1191,09:45:30,37.56,0.01,1,3756,买盘
1192,09:44:54,37.55,--,3,11265,卖盘
1193,09:44:51,37.55,0.05,0,901,买盘
1194,09:44:42,37.5,-0.05,60,225000,卖盘
1195,09:44:36,37.55,0.05,5,18775,买盘
1196,09:44:33,37.5,--,2,7500,卖盘
1197,09:44:17,37.5,0.19,0,900,卖盘
1198,09:44:08,37.31,--,12,44772,买盘
1199,09:43:59,37.31,-0.01,3,11193,买盘
1200,09:43:56,37.32,-0.23,101,376932,中性盘
1201,09:43:53,37.55,0.24,10,37550,买盘
1202,09:43:44,37.31,-0.24,6,22386,中性盘
1203,09:43:17,37.55,0.25,20,75100,买盘
1204,09:43:14,37.3,--,0,857,卖盘
1205,09:43:08,37.3,0.07,1,3729,卖盘
1206,09:42:56,37.23,-0.32,4,14891,卖盘
1207,09:42:53,37.55,0.35,10,37550,买盘
1208,09:42:44,37.2,-0.1,7,26040,卖盘
1209,09:42:35,37.3,0.1,17,63409,买盘
1210,09:42:29,37.2,--,1,3720,卖盘
1211,09:42:26,37.2,--,2,7440,卖盘
1212,09:42:20,37.2,-0.1,1,3720,卖盘
1213,09:42:17,37.3,-0.25,82,308694,卖盘
1214,09:42:11,37.55,--,5,18775,卖盘
1215,09:42:08,37.55,0.05,0,901,中性盘
1216,09:42:05,37.5,-0.05,16,60000,卖盘
1217,09:41:53,37.55,0.05,5,18775,买盘
1218,09:41:50,37.5,-0.05,1,3750,卖盘
1219,09:41:38,37.55,0.05,1,3754,买盘
1220,09:41:35,37.5,--,1,3750,卖盘
1221,09:41:29,37.5,-0.07,8,30000,中性盘
1222,09:41:11,37.57,0.08,2,7514,买盘
1223,09:41:02,37.49,-0.08,40,149960,卖盘
1224,09:40:59,37.57,0.02,4,15028,中性盘
1225,09:40:47,37.55,0.05,1,3754,买盘
1226,09:40:41,37.5,--,2,7500,卖盘
1227,09:40:38,37.5,-0.04,10,37500,卖盘
1228,09:40:35,37.54,0.04,57,213978,买盘
1229,09:40:23,37.5,--,5,18750,卖盘
1230,09:40:14,37.5,0.04,24,90000,买盘
1231,09:40:11,37.46,--,5,18730,卖盘
1232,09:40:08,37.46,--,0,899,卖盘
1233,09:40:05,37.46,-0.03,3,11238,卖盘
1234,09:40:02,37.49,0.03,1,3749,买盘
1235,09:39:50,37.46,0.02,4,14984,买盘
1236,09:39:47,37.44,0.04,13,48672,买盘
1237,09:39:38,37.4,--,6,22440,买盘
1238,09:39:35,37.4,--,6,22440,中性盘
1239,09:39:29,37.4,0.01,45,168300,买盘
1240,09:39:26,37.39,--,19,71041,卖盘
1241,09:39:20,37.39,--,1,3739,卖盘
1242,09:39:17,37.39,--,3,11217,卖盘
1243,09:39:14,37.39,--,0,897,卖盘
1244,09:39:11,37.39,--,32,123050,买盘
1245,09:39:08,37.39,0.01,10,37390,买盘
1246,09:38:59,37.38,--,3,11214,卖盘
1247,09:38:44,37.38,0.21,3,11214,买盘
1248,09:38:41,37.17,-0.13,16,59472,卖盘
1249,09:38:35,37.3,0.12,1,3729,买盘
1250,09:38:26,37.18,--,5,18590,卖盘
1251,09:38:23,37.18,--,1,4610,买盘
1252,09:38:20,37.18,--,1,3718,买盘
1253,09:38:14,37.18,--,2,7436,买盘
1254,09:38:11,37.18,--,4,14872,买盘
1255,09:38:05,37.18,--,1,3718,卖盘
1256,09:37:59,37.18,--,2,7436,卖盘
1257,09:37:53,37.18,--,4,14872,买盘
1258,09:37:47,37.18,--,3,11154,买盘
1259,09:37:38,37.18,-0.22,11,40898,中性盘
1260,09:37:11,37.4,--,14,53556,买盘
1261,09:37:02,37.4,0.21,1,3740,中性盘
1262,09:36:53,37.19,-0.21,6,22314,中性盘
1263,09:36:41,37.4,--,6,22440,卖盘
1264,09:36:38,37.4,--,5,18700,卖盘
1265,09:36:26,37.4,0.22,2,7480,买盘
1266,09:36:11,37.18,--,0,892,卖盘
1267,09:35:59,37.18,-0.02,0,1635,卖盘
1268,09:35:53,37.2,--,2,7440,买盘
1269,09:35:50,37.2,-0.23,3,11160,卖盘
1270,09:35:47,37.43,0.03,1,3743,买盘
1271,09:35:44,37.4,-0.03,2,7480,买盘
1272,09:35:41,37.43,--,3,11229,买盘
1273,09:35:35,37.43,--,14,52402,买盘
1274,09:35:32,37.43,-0.01,11,44017,卖盘
1275,09:35:14,37.44,--,2,8386,买盘
1276,09:35:11,37.44,0.05,1,3744,买盘
1277,09:35:02,37.39,--,6,22434,卖盘
1278,09:34:59,37.39,--,2,7478,卖盘
1279,09:34:53,37.39,0.21,16,59824,买盘
1280,09:34:47,37.18,-0.21,12,44616,卖盘
1281,09:34:44,37.39,--,6,22434,卖盘
1282,09:34:41,37.39,-0.04,1,3739,卖盘
1283,09:34:35,37.43,-0.04,8,29944,卖盘
1284,09:34:32,37.47,0.04,2,7494,买盘
1285,09:34:29,37.43,--,8,29944,卖盘
1286,09:34:26,37.43,--,3,11229,卖盘
1287,09:34:17,37.43,0.03,2,7486,卖盘
1288,09:34:14,37.4,0.24,7,26180,买盘
1289,09:34:11,37.16,--,7,26011,卖盘
1290,09:34:08,37.16,--,0,891,卖盘
1291,09:34:02,37.16,0.03,2,7431,中性盘
1292,09:33:50,37.13,-0.27,3,11139,卖盘
1293,09:33:44,37.4,0.26,27,100980,买盘
1294,09:33:41,37.14,-0.01,34,129135,卖盘
1295,09:33:38,37.15,--,1,3715,卖盘
1296,09:33:35,37.15,--,1,3715,卖盘
1297,09:33:23,37.15,-0.25,1,3715,中性盘
1298,09:33:11,37.4,--,1,4600,买盘
1299,09:33:05,37.4,--,4,14960,买盘
1300,09:33:02,37.4,--,10,37400,买盘
1301,09:32:59,37.4,-0.07,50,187000,中性盘
1302,09:32:47,37.47,--,2,7494,买盘
1303,09:32:44,37.47,--,2,7494,买盘
1304,09:32:32,37.47,-0.01,3,11241,买盘
1305,09:32:26,37.48,--,2,7495,卖盘
1306,09:32:23,37.48,--,31,116187,买盘
1307,09:32:17,37.48,--,5,18740,买盘
1308,09:32:11,37.48,0.36,4,14991,买盘
1309,09:32:08,37.12,0.01,6,22272,中性盘
1310,09:32:05,37.11,-0.39,0,890,卖盘
1311,09:31:59,37.5,--,2,7500,买盘
1312,09:31:50,37.5,--,2,7500,买盘
1313,09:31:47,37.5,-0.03,6,22500,买盘
1314,09:31:44,37.53,0.03,17,63801,买盘
1315,09:31:38,37.5,-0.03,3,11250,卖盘
1316,09:31:35,37.53,0.03,21,78813,买盘
1317,09:31:26,37.5,--,3,11250,买盘
1318,09:31:23,37.5,0.1,5,18750,买盘
1319,09:31:20,37.4,0.03,3,11220,卖盘
1320,09:31:11,37.37,--,18,67266,卖盘
1321,09:31:08,37.37,--,0,896,卖盘
1322,09:31:05,37.37,--,14,52318,卖盘
1323,09:30:56,37.37,--,4,14947,卖盘
1324,09:30:53,37.37,0.08,35,130794,买盘
1325,09:30:50,37.29,0.08,9,33561,买盘
1326,09:30:47,37.21,--,16,59536,卖盘
1327,09:30:44,37.21,-0.09,4,14884,卖盘
1328,09:30:41,37.3,0.09,27,100709,买盘
1329,09:30:38,37.21,-0.08,1,3721,卖盘
1330,09:30:23,37.29,0.08,36,134244,买盘
1331,09:30:17,37.21,--,26,96746,买盘
1332,09:30:08,37.21,0.18,2,7442,买盘
1333,09:30:05,37.03,-0.36,134,496202,卖盘
1334,09:26:11,37.39,--,0,0,买盘
1335,09:25:02,37.39,37.39,13,48607,买盘
