,time,price,change,volume,amount,type
0,15:00:21,8.39,--,3704,3107924,卖盘
1,14:57:27,8.39,--,0,0,买盘
2,14:57:00,8.39,0.01,244,204716,卖盘
3,14:56:54,8.38,--,54,45252,买盘
4,14:56:51,8.38,--,70,58660,买盘
5,14:56:48,8.38,--,72,60336,买盘
6,14:56:42,8.38,--,50,41900,买盘
7,14:56:39,8.38,--,48,40224,卖盘
8,14:56:33,8.38,-0.01,41,34358,卖盘
9,14:56:30,8.39,0.01,12,10068,买盘
10,14:56:27,8.38,-0.01,75,62850,卖盘
11,14:56:21,8.39,--,21,17619,买盘
12,14:56:18,8.39,--,10,8390,买盘
13,14:56:15,8.39,--,9,7551,买盘
14,14:56:12,8.39,--,251,211159,卖盘
15,14:56:09,8.39,--,212,177868,卖盘
16,14:56:06,8.39,--,119,99841,卖盘
17,14:55:57,8.39,--,46,38594,卖盘
18,14:55:54,8.39,--,149,125011,卖盘
19,14:55:48,8.39,--,7,5873,卖盘
20,14:55:42,8.39,--,36,30204,卖盘
21,14:55:39,8.39,--,38,31882,卖盘
22,14:55:36,8.39,--,30,25170,卖盘
23,14:55:33,8.39,--,271,227369,卖盘
24,14:55:30,8.39,--,27,22653,卖盘
25,14:55:27,8.39,-0.01,104,87256,卖盘
26,14:55:21,8.4,--,41,34440,买盘
27,14:55:18,8.4,--,9,7560,买盘
28,14:55:15,8.4,0.01,257,215880,买盘
29,14:55:09,8.39,-0.01,160,134240,卖盘
30,14:55:06,8.4,--,210,176400,买盘
31,14:54:57,8.4,--,30,25200,买盘
32,14:54:48,8.4,--,6,5040,买盘
33,14:54:45,8.4,0.01,10,8400,卖盘
34,14:54:42,8.39,-0.01,183,153805,卖盘
35,14:54:36,8.4,0.01,225,189000,买盘
36,14:54:27,8.39,--,10,8390,卖盘
37,14:54:24,8.39,-0.01,500,419500,卖盘
38,14:54:18,8.4,--,50,42000,卖盘
39,14:54:15,8.4,--,23,19320,卖盘
40,14:54:03,8.4,--,456,383040,买盘
41,14:54:00,8.4,--,62,52080,买盘
42,14:53:54,8.4,0.01,102,85680,买盘
43,14:53:51,8.39,-0.01,9,7551,卖盘
44,14:53:42,8.4,0.01,42,35280,买盘
45,14:53:39,8.39,--,576,483264,卖盘
46,14:53:36,8.39,--,20,16780,卖盘
47,14:53:33,8.39,--,20,16780,卖盘
48,14:53:30,8.39,-0.01,11,9229,卖盘
49,14:53:27,8.4,0.01,60,50400,买盘
50,14:53:21,8.39,--,43,36077,买盘
51,14:53:18,8.39,--,27,22653,卖盘
52,14:53:12,8.39,--,5,4195,卖盘
53,14:53:09,8.39,--,38,31882,买盘
54,14:53:06,8.39,-0.01,12,10068,卖盘
55,14:53:00,8.4,--,5,4200,买盘
56,14:52:57,8.4,0.02,223,187320,买盘
57,14:52:54,8.38,-0.02,20,16760,卖盘
58,14:52:48,8.4,--,31,26040,买盘
59,14:52:36,8.4,--,10,8400,买盘
60,14:52:33,8.4,--,33,27720,卖盘
61,14:52:30,8.4,--,2,1680,卖盘
62,14:52:27,8.4,--,10,8400,卖盘
63,14:52:24,8.4,--,5,4200,卖盘
64,14:52:21,8.4,--,163,136920,卖盘
65,14:52:18,8.4,0.01,837,703080,买盘
66,14:52:09,8.39,--,17,14263,卖盘
67,14:52:06,8.39,--,14,11746,买盘
68,14:52:03,8.39,-0.01,23,19297,卖盘
69,14:52:00,8.4,--,1,840,买盘
70,14:51:54,8.4,--,3,2520,买盘
71,14:51:51,8.4,--,5,4200,买盘
72,14:51:48,8.4,--,1,840,买盘
73,14:51:45,8.4,0.05,10,8400,买盘
74,14:51:42,8.35,-0.04,2904,2424840,卖盘
75,14:51:39,8.39,-0.01,63,52857,卖盘
76,14:51:36,8.4,0.01,47,39480,买盘
77,14:51:33,8.39,-0.01,65,54535,卖盘
78,14:51:27,8.4,0.01,12,10080,买盘
79,14:51:24,8.39,-0.01,7,5873,中性盘
80,14:51:03,8.4,0.01,1000,840000,买盘
81,14:51:00,8.39,--,6,5034,买盘
82,14:50:57,8.39,--,88,73832,买盘
83,14:50:54,8.39,--,7,5873,买盘
84,14:50:51,8.39,0.01,14,11746,买盘
85,14:50:42,8.38,--,142,118996,买盘
86,14:50:39,8.38,0.01,126,105588,买盘
87,14:50:36,8.37,-0.01,10,8370,卖盘
88,14:50:33,8.38,0.01,30,25140,买盘
89,14:50:27,8.37,--,17,14228,卖盘
90,14:50:24,8.37,--,207,173325,买盘
91,14:50:18,8.37,0.01,500,418499,买盘
92,14:50:15,8.36,0.01,105,87780,买盘
93,14:50:09,8.35,0.01,14,11690,买盘
94,14:50:03,8.34,-0.01,79,65886,卖盘
95,14:50:00,8.35,--,40,33400,买盘
96,14:49:57,8.35,--,7,5845,买盘
97,14:49:51,8.35,0.02,49,40915,买盘
98,14:49:48,8.33,-0.01,60,49980,卖盘
99,14:49:39,8.34,--,16,13344,买盘
100,14:49:33,8.34,--,55,45870,卖盘
101,14:49:30,8.34,--,41,34194,卖盘
102,14:49:21,8.34,--,40,33360,卖盘
103,14:49:18,8.34,--,10,8340,卖盘
104,14:49:15,8.34,--,171,142614,买盘
105,14:49:09,8.34,0.01,12,10008,买盘
106,14:49:00,8.33,-0.01,10,8330,卖盘
107,14:48:51,8.34,--,129,107586,买盘
108,14:48:48,8.34,0.01,4,3336,买盘
109,14:48:45,8.33,-0.01,20,17076,卖盘
110,14:48:39,8.34,--,5,4170,买盘
111,14:48:33,8.34,--,102,85068,买盘
112,14:48:30,8.34,--,21,17514,买盘
113,14:48:27,8.34,-0.01,166,138444,卖盘
114,14:48:18,8.35,--,140,116900,买盘
115,14:48:12,8.35,-0.01,25,20875,中性盘
116,14:48:06,8.36,0.02,350,292600,买盘
117,14:47:57,8.34,-0.02,21,17514,卖盘
118,14:47:54,8.36,0.01,26,21736,买盘
119,14:47:39,8.35,0.02,2,1670,买盘
120,14:47:36,8.33,--,21,17493,卖盘
121,14:47:27,8.33,-0.01,298,248234,卖盘
122,14:47:24,8.34,-0.02,17,14178,卖盘
123,14:47:21,8.36,0.03,5,4180,买盘
124,14:47:18,8.33,-0.03,4,3332,卖盘
125,14:47:15,8.36,0.03,14,11704,买盘
126,14:47:09,8.33,-0.02,363,302379,卖盘
127,14:47:06,8.35,-0.02,106,88510,卖盘
128,14:47:03,8.37,0.01,380,318059,买盘
129,14:47:00,8.36,--,10,8360,买盘
130,14:46:51,8.36,--,250,209000,买盘
131,14:46:45,8.36,-0.01,6,5016,卖盘
132,14:46:39,8.37,0.01,48,40175,买盘
133,14:46:33,8.36,-0.01,18,15047,卖盘
134,14:46:27,8.37,0.01,44,36828,买盘
135,14:46:24,8.36,-0.01,25,20900,卖盘
136,14:46:21,8.37,0.01,10,8370,买盘
137,14:46:18,8.36,-0.01,10,8360,卖盘
138,14:46:12,8.37,--,40,33480,买盘
139,14:46:08,8.37,0.02,9,7532,买盘
140,14:45:59,8.35,-0.02,2,1670,卖盘
141,14:45:56,8.37,--,1,836,买盘
142,14:45:53,8.37,0.01,12,10043,买盘
143,14:45:47,8.36,-0.01,8,7239,卖盘
144,14:45:38,8.37,0.01,102,85373,买盘
145,14:45:32,8.36,0.01,28,23692,买盘
146,14:45:14,8.35,0.01,124,103540,买盘
147,14:45:11,8.34,-0.01,5,4170,卖盘
148,14:45:05,8.35,--,125,104375,买盘
149,14:45:02,8.35,--,22,18370,买盘
150,14:44:56,8.35,0.01,4,3340,买盘
151,14:44:47,8.34,-0.01,4,3336,中性盘
152,14:44:44,8.35,--,5,4175,买盘
153,14:44:38,8.35,0.03,2,1670,买盘
154,14:44:32,8.32,--,10,8320,卖盘
155,14:44:26,8.32,0.01,12,9984,中性盘
156,14:44:20,8.31,-0.03,206,171186,卖盘
157,14:44:17,8.34,0.02,2,1668,买盘
158,14:44:14,8.32,--,100,83200,卖盘
159,14:44:08,8.32,-0.02,2,1664,卖盘
160,14:44:02,8.34,0.01,21,17514,买盘
161,14:43:59,8.33,--,33,27489,买盘
162,14:43:56,8.33,0.01,17,14161,买盘
163,14:43:53,8.32,-0.01,10,8320,卖盘
164,14:43:50,8.33,--,114,94962,买盘
165,14:43:47,8.33,--,11,9163,买盘
166,14:43:44,8.33,--,50,41650,买盘
167,14:43:41,8.33,--,5,4165,买盘
168,14:43:38,8.33,--,30,24990,买盘
169,14:43:17,8.33,0.01,202,168266,买盘
170,14:43:14,8.32,-0.01,16,13312,卖盘
171,14:43:08,8.33,0.01,1,833,买盘
172,14:42:53,8.32,--,92,76544,买盘
173,14:42:50,8.32,--,315,262080,买盘
174,14:42:47,8.32,0.01,50,41600,买盘
175,14:42:44,8.31,--,133,110523,卖盘
176,14:42:20,8.31,--,80,66480,买盘
177,14:42:14,8.31,--,5,4155,中性盘
178,14:41:50,8.31,-0.01,30,24930,卖盘
179,14:41:44,8.32,0.01,1,832,买盘
180,14:41:41,8.31,-0.01,92,76452,卖盘
181,14:41:38,8.32,0.02,5,4160,买盘
182,14:41:32,8.3,-0.01,100,83000,卖盘
183,14:41:29,8.31,--,2,1662,卖盘
184,14:41:17,8.31,0.01,12,9972,买盘
185,14:41:14,8.3,--,13,10790,卖盘
186,14:41:05,8.3,--,14,11620,卖盘
187,14:41:02,8.3,--,3,2490,卖盘
188,14:40:59,8.3,0.01,148,122840,买盘
189,14:40:53,8.29,0.01,33,27356,买盘
190,14:40:41,8.28,-0.01,10,8280,卖盘
191,14:40:38,8.29,0.01,1,828,买盘
192,14:40:35,8.28,-0.01,26,21528,卖盘
193,14:40:32,8.29,0.01,10,8290,买盘
194,14:40:23,8.28,-0.01,220,182160,卖盘
195,14:40:20,8.29,0.01,11,9118,卖盘
196,14:40:11,8.28,-0.01,20,16560,卖盘
197,14:40:08,8.29,--,42,34818,买盘
198,14:40:05,8.29,--,3,2486,买盘
199,14:39:50,8.29,--,303,251186,卖盘
200,14:39:44,8.29,-0.01,21,17409,卖盘
201,14:39:41,8.3,0.01,59,48970,买盘
202,14:39:38,8.29,--,45,37304,卖盘
203,14:39:35,8.29,-0.01,30,24869,卖盘
204,14:39:29,8.3,--,10,8300,买盘
205,14:39:23,8.3,--,20,16600,买盘
206,14:39:20,8.3,--,1,830,买盘
207,14:39:14,8.3,-0.01,72,59760,卖盘
208,14:39:05,8.31,--,33,27423,买盘
209,14:38:47,8.31,0.01,12,9972,买盘
210,14:38:44,8.3,--,22,18260,卖盘
211,14:38:41,8.3,--,1,830,卖盘
212,14:38:35,8.3,-0.01,52,43160,卖盘
213,14:38:29,8.31,--,2,1662,买盘
214,14:38:26,8.31,--,98,81438,卖盘
215,14:38:14,8.31,--,21,17451,卖盘
216,14:38:02,8.31,0.01,142,118002,买盘
217,14:37:59,8.3,--,7,5810,卖盘
218,14:37:56,8.3,--,223,185090,卖盘
219,14:37:53,8.3,--,153,126990,买盘
220,14:37:50,8.3,--,65,53950,卖盘
221,14:37:44,8.3,--,10,8300,卖盘
222,14:37:38,8.3,-0.01,10,8300,卖盘
223,14:37:35,8.31,0.01,70,58170,买盘
224,14:37:32,8.3,--,5,4150,卖盘
225,14:37:29,8.3,0.01,21,17430,买盘
226,14:37:23,8.29,-0.01,198,164141,卖盘
227,14:37:20,8.3,--,25,20750,买盘
228,14:37:14,8.3,--,10,8300,买盘
229,14:37:08,8.3,--,20,16600,买盘
230,14:37:02,8.3,--,5,4150,买盘
231,14:36:59,8.3,--,21,17430,买盘
232,14:36:44,8.3,0.01,50,41500,买盘
233,14:36:41,8.29,--,1,828,买盘
234,14:36:38,8.29,--,99,82070,卖盘
235,14:36:29,8.29,--,60,49739,卖盘
236,14:36:23,8.29,--,10,8290,卖盘
237,14:36:17,8.29,--,32,26527,买盘
238,14:36:14,8.29,0.01,72,59687,买盘
239,14:36:11,8.28,-0.01,5,4140,卖盘
240,14:36:08,8.29,--,29,24040,买盘
241,14:36:05,8.29,--,85,70465,买盘
242,14:35:59,8.29,0.01,40,33160,买盘
243,14:35:56,8.28,-0.01,46,38088,卖盘
244,14:35:50,8.29,--,19,15750,买盘
245,14:35:47,8.29,0.01,11,9118,买盘
246,14:35:44,8.28,--,16,13247,卖盘
247,14:35:38,8.28,-0.01,262,216935,卖盘
248,14:35:35,8.29,--,28,23211,买盘
249,14:35:32,8.29,--,36,29843,买盘
250,14:35:29,8.29,--,65,53884,买盘
251,14:35:26,8.29,0.01,113,93676,买盘
252,14:35:23,8.28,-0.01,13,10764,卖盘
253,14:35:17,8.29,--,464,384655,买盘
254,14:35:14,8.29,--,10,8290,买盘
255,14:35:11,8.29,--,3,2486,买盘
256,14:35:08,8.29,--,29,24040,买盘
257,14:35:05,8.29,0.01,1,828,买盘
258,14:34:59,8.28,-0.01,2,1655,卖盘
259,14:34:56,8.29,--,37,30672,买盘
260,14:34:53,8.29,0.01,44,36475,买盘
261,14:34:50,8.28,--,44,36432,卖盘
262,14:34:47,8.28,-0.01,32,26495,卖盘
263,14:34:41,8.29,--,1,828,买盘
264,14:34:35,8.29,--,25,20724,买盘
265,14:34:26,8.29,0.01,92,76267,买盘
266,14:34:17,8.28,--,102,84456,卖盘
267,14:34:08,8.28,-0.01,54,44712,卖盘
268,14:34:05,8.29,--,4,3315,买盘
269,14:34:02,8.29,--,80,66320,买盘
270,14:33:59,8.29,--,29,24040,买盘
271,14:33:53,8.29,--,103,85386,卖盘
272,14:33:50,8.29,--,50,41449,卖盘
273,14:33:47,8.29,--,44,36475,卖盘
274,14:33:44,8.29,--,30,24869,卖盘
275,14:33:41,8.29,-0.02,19,15750,卖盘
276,14:33:38,8.31,0.02,11,9141,买盘
277,14:33:23,8.29,0.01,1,828,卖盘
278,14:33:17,8.28,-0.01,80,66240,卖盘
279,14:33:08,8.29,0.01,5,4145,中性盘
280,14:32:56,8.28,--,30,24839,卖盘
281,14:32:53,8.28,--,6,4968,卖盘
282,14:32:47,8.28,0.01,211,174708,买盘
283,14:32:44,8.27,0.01,105,86835,买盘
284,14:32:41,8.26,--,99,81774,卖盘
285,14:32:35,8.26,--,20,16536,卖盘
286,14:32:32,8.26,0.01,5,4130,买盘
287,14:32:29,8.25,-0.01,31,25575,卖盘
288,14:32:20,8.26,--,40,33040,买盘
289,14:32:14,8.26,0.01,50,41300,买盘
290,14:32:11,8.25,--,10,8250,卖盘
291,14:32:05,8.25,--,111,91575,卖盘
292,14:32:02,8.25,--,25,20625,卖盘
293,14:31:59,8.25,-0.01,8,6600,卖盘
294,14:31:53,8.26,0.01,1040,859040,买盘
295,14:31:50,8.25,-0.01,320,264000,卖盘
296,14:31:47,8.26,0.01,16,13216,买盘
297,14:31:41,8.25,--,325,268752,卖盘
298,14:31:35,8.25,-0.02,373,307725,卖盘
299,14:31:32,8.27,-0.01,40,33080,卖盘
300,14:31:26,8.28,--,221,182988,买盘
301,14:31:20,8.28,--,155,128339,卖盘
302,14:31:14,8.28,-0.01,236,195407,卖盘
303,14:31:11,8.29,-0.01,91,75438,卖盘
304,14:31:02,8.3,--,41,34229,卖盘
305,14:30:59,8.3,-0.01,100,83000,卖盘
306,14:30:41,8.31,-0.02,101,83931,卖盘
307,14:30:38,8.33,--,15,12495,卖盘
308,14:30:32,8.33,--,116,96628,卖盘
309,14:30:29,8.33,0.01,14,11662,买盘
310,14:30:23,8.32,--,22,18304,卖盘
311,14:30:20,8.32,-0.01,30,24960,卖盘
312,14:30:14,8.33,--,100,83300,买盘
313,14:30:11,8.33,0.01,41,34786,买盘
314,14:30:08,8.32,--,16,13312,卖盘
315,14:30:05,8.32,-0.02,68,56576,卖盘
316,14:29:50,8.34,0.01,100,83400,买盘
317,14:29:44,8.33,--,5,4165,买盘
318,14:29:41,8.33,-0.01,24,20191,卖盘
319,14:29:14,8.34,-0.01,8,6672,卖盘
320,14:29:08,8.35,0.01,4,3340,中性盘
321,14:29:02,8.34,--,20,16680,卖盘
322,14:28:59,8.34,-0.02,4,3336,卖盘
323,14:28:56,8.36,0.02,15,12540,买盘
324,14:28:53,8.34,-0.01,13,10842,卖盘
325,14:28:47,8.35,-0.01,5,4175,中性盘
326,14:28:32,8.36,--,150,125951,卖盘
327,14:28:26,8.36,--,5,4180,卖盘
328,14:28:23,8.36,--,5,4180,卖盘
329,14:28:17,8.36,--,161,134596,卖盘
330,14:28:11,8.36,-0.01,855,714780,卖盘
331,14:27:53,8.37,--,9,7532,买盘
332,14:27:50,8.37,0.01,1,836,买盘
333,14:27:44,8.36,-0.01,20,16720,卖盘
334,14:27:41,8.37,--,30,25109,买盘
335,14:27:35,8.37,--,15,12554,买盘
336,14:27:29,8.37,-0.01,116,97091,卖盘
337,14:27:26,8.38,--,99,82962,买盘
338,14:27:20,8.38,--,22,18436,买盘
339,14:27:05,8.38,--,26,21788,卖盘
340,14:27:02,8.38,-0.01,3,2514,卖盘
341,14:26:59,8.39,0.01,30,25170,买盘
342,14:26:56,8.38,-0.01,20,16760,中性盘
343,14:26:53,8.39,0.01,56,46984,买盘
344,14:26:47,8.38,-0.01,29,24302,卖盘
345,14:26:44,8.39,--,532,446348,买盘
346,14:26:38,8.39,--,22,18458,买盘
347,14:26:35,8.39,0.01,10,8390,买盘
348,14:26:29,8.38,-0.01,20,16760,卖盘
349,14:26:26,8.39,--,139,116621,买盘
350,14:26:23,8.39,0.01,49,41111,买盘
351,14:26:20,8.38,-0.01,35,29330,卖盘
352,14:26:17,8.39,--,1005,843195,买盘
353,14:26:14,8.39,--,43,36077,买盘
354,14:26:10,8.39,0.01,107,89773,买盘
355,14:26:01,8.38,--,10,8380,卖盘
356,14:25:58,8.38,0.01,223,186874,买盘
357,14:25:52,8.37,-0.01,43,35991,卖盘
358,14:25:49,8.38,0.01,2,1676,买盘
359,14:25:43,8.37,--,11,9207,卖盘
360,14:25:40,8.37,-0.01,3,2510,卖盘
361,14:25:37,8.38,--,16,13408,买盘
362,14:25:22,8.38,0.01,2,1676,买盘
363,14:25:13,8.37,-0.01,10,8370,卖盘
364,14:25:07,8.38,0.01,200,167600,买盘
365,14:25:04,8.37,0.01,5,4185,买盘
366,14:25:01,8.36,-0.01,80,66880,卖盘
367,14:24:55,8.37,0.01,20,16740,买盘
368,14:24:46,8.36,--,2,1672,卖盘
369,14:24:43,8.36,--,10,8360,卖盘
370,14:24:37,8.36,0.02,771,644840,买盘
371,14:24:34,8.34,--,26,21684,买盘
372,14:24:31,8.34,-0.01,10,8340,中性盘
373,14:24:25,8.35,--,189,158449,买盘
374,14:24:19,8.35,--,5,4175,买盘
375,14:24:10,8.35,--,40,33400,买盘
376,14:24:07,8.35,0.01,6,5010,买盘
377,14:23:55,8.34,--,65,54760,卖盘
378,14:23:40,8.34,--,28,23352,卖盘
379,14:23:34,8.34,--,1,1117,买盘
380,14:23:16,8.34,--,49,41416,卖盘
381,14:23:13,8.34,--,20,16680,卖盘
382,14:22:46,8.34,0.03,16,13627,买盘
383,14:22:25,8.31,--,1,831,卖盘
384,14:22:22,8.31,--,85,70635,买盘
385,14:22:19,8.31,--,56,46536,买盘
386,14:22:16,8.31,0.01,20,16620,买盘
387,14:22:07,8.3,-0.01,10,8300,卖盘
388,14:22:01,8.31,0.01,92,76452,买盘
389,14:21:58,8.3,-0.01,5,4150,卖盘
390,14:21:46,8.31,0.01,80,66480,买盘
391,14:21:43,8.3,-0.01,10,8300,卖盘
392,14:21:37,8.31,--,28,23268,买盘
393,14:21:13,8.31,-0.01,134,111354,卖盘
394,14:20:52,8.32,-0.02,464,386048,卖盘
395,14:20:31,8.34,--,2,2218,卖盘
396,14:20:25,8.34,-0.01,60,50040,卖盘
397,14:20:13,8.35,0.01,5,4175,买盘
398,14:20:07,8.34,-0.01,10,8340,卖盘
399,14:19:58,8.35,--,19,15865,卖盘
400,14:19:55,8.35,--,30,25050,卖盘
401,14:19:52,8.35,--,33,27555,卖盘
402,14:19:49,8.35,-0.01,1,835,卖盘
403,14:19:46,8.36,0.01,3,2508,买盘
404,14:19:43,8.35,-0.01,10,8350,卖盘
405,14:19:34,8.36,--,1,836,买盘
406,14:19:31,8.36,--,32,26752,买盘
407,14:19:22,8.36,--,5,4180,买盘
408,14:19:19,8.36,--,1,836,买盘
409,14:19:07,8.36,--,7,5852,买盘
410,14:18:55,8.36,0.01,10,8360,买盘
411,14:18:52,8.35,--,9,7515,卖盘
412,14:18:46,8.35,--,41,34235,买盘
413,14:18:43,8.35,--,8,6680,买盘
414,14:18:40,8.35,0.01,2,1670,买盘
415,14:18:19,8.34,--,56,46987,买盘
416,14:18:10,8.34,0.01,58,48372,买盘
417,14:17:55,8.33,0.01,110,91630,买盘
418,14:17:34,8.32,--,2,1664,买盘
419,14:17:31,8.32,--,11,9152,买盘
420,14:17:28,8.32,--,50,41600,买盘
421,14:17:25,8.32,0.01,10,8320,买盘
422,14:17:22,8.31,0.01,24,19944,中性盘
423,14:17:10,8.3,--,3,2490,卖盘
424,14:17:01,8.3,-0.02,3,2490,卖盘
425,14:16:52,8.32,0.02,2,1664,买盘
426,14:16:49,8.3,0.01,8,6640,买盘
427,14:16:43,8.29,--,72,59687,卖盘
428,14:16:40,8.29,--,127,105282,买盘
429,14:16:37,8.29,--,92,76267,买盘
430,14:16:31,8.29,0.01,76,63003,买盘
431,14:16:25,8.28,--,250,206999,卖盘
432,14:16:16,8.28,--,50,41400,卖盘
433,14:16:10,8.28,-0.01,3,2484,卖盘
434,14:16:01,8.29,0.01,20,16580,买盘
435,14:15:58,8.28,-0.01,20,16560,卖盘
436,14:15:55,8.29,0.01,263,218026,买盘
437,14:15:52,8.28,-0.01,121,100187,卖盘
438,14:15:49,8.29,0.01,4,3315,买盘
439,14:15:37,8.28,-0.01,35,28979,卖盘
440,14:15:31,8.29,0.01,38,31501,买盘
441,14:15:22,8.28,-0.01,15,12419,卖盘
442,14:15:19,8.29,0.01,11,9118,买盘
443,14:15:13,8.28,--,11,9108,买盘
444,14:15:10,8.28,--,110,91080,买盘
445,14:15:07,8.28,0.01,1,827,买盘
446,14:15:01,8.27,-0.01,334,276218,卖盘
447,14:14:52,8.28,--,36,29807,卖盘
448,14:14:49,8.28,-0.01,42,34776,卖盘
449,14:14:46,8.29,--,63,52226,卖盘
450,14:14:43,8.29,--,2,1657,卖盘
451,14:14:40,8.29,-0.01,5,4145,卖盘
452,14:14:34,8.3,0.02,6,4980,买盘
453,14:14:13,8.28,--,2,1655,卖盘
454,14:14:07,8.28,--,43,35604,卖盘
455,14:14:04,8.28,--,34,28151,买盘
456,14:13:58,8.28,0.01,72,59615,买盘
457,14:13:55,8.27,--,273,225771,卖盘
458,14:13:52,8.27,-0.01,109,90143,卖盘
459,14:13:49,8.28,--,72,59615,买盘
460,14:13:43,8.28,0.01,102,84456,买盘
461,14:13:40,8.27,--,72,59544,卖盘
462,14:13:37,8.27,--,150,124050,卖盘
463,14:13:31,8.27,-0.01,2,1654,卖盘
464,14:13:25,8.28,--,5,4140,买盘
465,14:13:22,8.28,-0.02,203,168084,卖盘
466,14:13:10,8.3,-0.03,581,482230,卖盘
467,14:13:04,8.33,-0.01,18,14994,卖盘
468,14:13:01,8.34,0.01,8,6672,买盘
469,14:12:58,8.33,--,19,15827,卖盘
470,14:12:49,8.33,--,9,7497,卖盘
471,14:12:37,8.33,--,24,19992,卖盘
472,14:12:34,8.33,--,80,66640,卖盘
473,14:12:16,8.33,-0.01,22,18326,卖盘
474,14:12:13,8.34,--,8,6672,卖盘
475,14:12:10,8.34,-0.01,142,118428,卖盘
476,14:11:55,8.35,--,23,19205,买盘
477,14:11:49,8.35,--,3,2505,买盘
478,14:11:46,8.35,-0.01,4,3340,卖盘
479,14:11:43,8.36,0.01,10,8360,买盘
480,14:11:40,8.35,-0.01,2,1670,卖盘
481,14:11:37,8.36,0.01,105,87780,买盘
482,14:11:19,8.35,--,80,66800,卖盘
483,14:11:04,8.35,-0.01,1,835,卖盘
484,14:11:01,8.36,--,4,3344,卖盘
485,14:10:52,8.36,--,24,20064,买盘
486,14:10:49,8.36,--,26,21736,卖盘
487,14:10:43,8.36,-0.01,40,33440,卖盘
488,14:10:40,8.37,0.01,50,41849,买盘
489,14:10:37,8.36,--,100,83600,卖盘
490,14:10:28,8.36,-0.01,21,17556,卖盘
491,14:10:10,8.37,0.01,70,58589,买盘
492,14:10:07,8.36,-0.01,32,26752,卖盘
493,14:10:04,8.37,--,18,15065,买盘
494,14:09:43,8.37,-0.01,137,115472,卖盘
495,14:09:40,8.38,0.01,1,838,买盘
496,14:09:28,8.37,--,1,836,卖盘
497,14:09:25,8.37,--,5,4218,买盘
498,14:09:22,8.37,--,6,5825,卖盘
499,14:09:19,8.37,--,5,4185,卖盘
500,14:09:07,8.37,--,7,5858,卖盘
501,14:08:58,8.37,--,5,4185,卖盘
502,14:08:55,8.37,--,20,16740,卖盘
503,14:08:49,8.37,-0.01,3,2510,卖盘
504,14:08:46,8.38,0.01,50,41900,买盘
505,14:08:37,8.37,--,10,8370,卖盘
506,14:08:34,8.37,--,17,14228,卖盘
507,14:08:16,8.37,--,129,108006,买盘
508,14:08:04,8.37,--,52,43523,买盘
509,14:07:58,8.37,--,25,20924,买盘
510,14:07:55,8.37,--,50,41849,买盘
511,14:07:46,8.37,--,5,4185,买盘
512,14:07:19,8.37,0.01,60,50219,买盘
513,14:07:13,8.36,--,10,8360,卖盘
514,14:07:10,8.36,--,1,836,卖盘
515,14:07:01,8.36,--,10,8360,卖盘
516,14:06:55,8.36,-0.01,14,11704,卖盘
517,14:06:31,8.37,0.01,12,10043,买盘
518,14:06:25,8.36,-0.01,15,12540,卖盘
519,14:06:22,8.37,0.01,32,26783,买盘
520,14:06:19,8.36,-0.01,1,836,卖盘
521,14:06:10,8.37,--,67,56078,卖盘
522,14:06:04,8.37,-0.01,25,20924,卖盘
523,14:05:51,8.38,--,1,838,买盘
524,14:05:45,8.38,0.01,35,29330,买盘
525,14:05:39,8.37,-0.01,9,7532,卖盘
526,14:05:36,8.38,--,30,25140,买盘
527,14:05:27,8.38,--,86,72068,买盘
528,14:05:21,8.38,0.02,5,4190,买盘
529,14:05:12,8.36,-0.02,4,3344,卖盘
530,14:05:06,8.38,0.02,56,46928,买盘
531,14:05:03,8.36,-0.02,241,201476,卖盘
532,14:04:54,8.38,0.02,2,1676,买盘
533,14:04:48,8.36,0.01,85,71060,买盘
534,14:04:45,8.35,--,7,5845,卖盘
535,14:04:42,8.35,-0.01,7,5845,卖盘
536,14:04:39,8.36,0.01,2,1672,中性盘
537,14:04:30,8.35,-0.01,26,21710,卖盘
538,14:04:27,8.36,--,30,25080,卖盘
539,14:04:24,8.36,--,82,68552,卖盘
540,14:04:18,8.36,--,10,8360,卖盘
541,14:04:12,8.36,--,7,5852,卖盘
542,14:04:09,8.36,-0.01,5,4180,卖盘
543,14:04:00,8.37,--,18,15065,卖盘
544,14:03:51,8.37,--,462,386693,卖盘
545,14:03:48,8.37,--,100,83699,卖盘
546,14:03:42,8.37,-0.01,23,19251,卖盘
547,14:03:39,8.38,0.01,80,67040,买盘
548,14:03:24,8.37,--,10,8370,卖盘
549,14:03:21,8.37,--,11,9207,卖盘
550,14:03:15,8.37,--,23,19251,卖盘
551,14:03:09,8.37,--,50,41849,卖盘
552,14:03:03,8.37,-0.01,4,3347,卖盘
553,14:02:57,8.38,--,82,68716,卖盘
554,14:02:51,8.38,-0.01,40,33520,卖盘
555,14:02:48,8.39,--,29,24331,卖盘
556,14:02:45,8.39,--,62,52018,卖盘
557,14:02:42,8.39,--,5,4195,卖盘
558,14:02:36,8.39,-0.01,5,4195,卖盘
559,14:02:33,8.4,0.01,5,4200,买盘
560,14:02:30,8.39,-0.01,14,11746,卖盘
561,14:02:27,8.4,--,33,27720,买盘
562,14:02:21,8.4,--,97,81480,卖盘
563,14:02:18,8.4,--,190,159600,卖盘
564,14:02:15,8.4,-0.01,150,126000,卖盘
565,14:02:12,8.41,0.01,128,107648,买盘
566,14:02:09,8.4,--,5,4200,卖盘
567,14:02:06,8.4,--,50,42000,卖盘
568,14:02:03,8.4,--,93,78120,卖盘
569,14:02:00,8.4,--,185,155400,卖盘
570,14:01:54,8.4,--,193,162120,卖盘
571,14:01:48,8.4,0.03,969,813960,买盘
572,14:01:39,8.37,-0.01,47,39338,卖盘
573,14:01:36,8.38,--,23,19274,卖盘
574,14:01:33,8.38,--,62,51956,卖盘
575,14:01:27,8.38,-0.01,130,108940,卖盘
576,14:01:24,8.39,--,3,2517,买盘
577,14:01:21,8.39,-0.01,44,36916,卖盘
578,14:01:18,8.4,0.01,36,30240,买盘
579,14:01:15,8.39,-0.01,65,54535,卖盘
580,14:01:12,8.4,--,16,13440,买盘
581,14:01:09,8.4,--,4,3360,买盘
582,14:01:06,8.4,--,15,12600,买盘
583,14:01:03,8.4,--,155,130200,卖盘
584,14:01:00,8.4,--,16,13440,卖盘
585,14:00:57,8.4,--,110,92400,卖盘
586,14:00:51,8.4,-0.01,30,25200,卖盘
587,14:00:45,8.41,0.01,3,2523,买盘
588,14:00:42,8.4,--,24,20160,卖盘
589,14:00:39,8.4,--,6,5040,买盘
590,14:00:36,8.4,0.01,80,67200,买盘
591,14:00:33,8.39,-0.01,32,26848,卖盘
592,14:00:30,8.4,--,50,42000,买盘
593,14:00:27,8.4,0.01,50,42000,买盘
594,14:00:21,8.39,--,5,4195,卖盘
595,14:00:18,8.39,-0.01,10,8390,卖盘
596,14:00:15,8.4,0.01,34,28560,买盘
597,14:00:12,8.39,--,6,5034,卖盘
598,14:00:00,8.39,-0.01,20,16780,卖盘
599,13:59:54,8.4,0.01,17,14280,买盘
600,13:59:45,8.39,--,4,3356,买盘
601,13:59:42,8.39,--,27,22653,买盘
602,13:59:36,8.39,-0.02,172,144308,卖盘
603,13:59:27,8.41,-0.02,20,16820,中性盘
604,13:59:18,8.43,0.05,100,84300,买盘
605,13:59:15,8.38,-0.05,651,545538,卖盘
606,13:59:12,8.43,--,20,16860,买盘
607,13:59:09,8.43,--,2,1686,买盘
608,13:59:06,8.43,--,74,62382,卖盘
609,13:59:00,8.43,-0.02,17,14331,卖盘
610,13:58:57,8.45,0.02,5,4225,买盘
611,13:58:54,8.43,-0.02,149,125607,卖盘
612,13:58:48,8.45,--,36,30419,卖盘
613,13:58:45,8.45,-0.02,77,65064,卖盘
614,13:58:42,8.47,0.02,290,245630,买盘
615,13:58:39,8.45,-0.01,93,78585,卖盘
616,13:58:36,8.46,-0.01,29,24534,买盘
617,13:58:33,8.47,0.01,118,99946,买盘
618,13:58:27,8.46,0.01,145,122670,中性盘
619,13:58:24,8.45,-0.02,40,33800,卖盘
620,13:58:21,8.47,--,84,71148,买盘
621,13:58:18,8.47,0.01,77,65219,买盘
622,13:58:15,8.46,-0.01,908,768168,卖盘
623,13:58:12,8.47,--,20,16940,卖盘
624,13:58:09,8.47,--,100,84700,卖盘
625,13:58:06,8.47,--,735,622545,买盘
626,13:58:03,8.47,--,78,66066,买盘
627,13:58:00,8.47,0.01,198,167706,买盘
628,13:57:57,8.46,--,209,176814,买盘
629,13:57:51,8.46,--,51,43146,买盘
630,13:57:48,8.46,0.01,330,279180,买盘
631,13:57:45,8.45,0.01,247,208714,买盘
632,13:57:42,8.44,-0.01,103,86932,卖盘
633,13:57:39,8.45,--,650,549250,买盘
634,13:57:36,8.45,--,1,844,买盘
635,13:57:33,8.45,0.01,164,138580,买盘
636,13:57:27,8.44,0.01,380,320804,买盘
637,13:57:21,8.43,0.01,55,46365,买盘
638,13:57:15,8.42,--,30,25260,买盘
639,13:57:12,8.42,--,50,42100,买盘
640,13:57:09,8.42,0.01,10,8420,买盘
641,13:57:06,8.41,-0.01,240,201840,卖盘
642,13:57:03,8.42,-0.02,57,47994,买盘
643,13:57:00,8.44,0.02,324,273456,买盘
644,13:56:57,8.42,-0.01,46,38732,卖盘
645,13:56:54,8.43,--,211,177873,买盘
646,13:56:51,8.43,0.01,64,53952,买盘
647,13:56:48,8.42,--,20,16840,卖盘
648,13:56:45,8.42,-0.01,70,58940,买盘
649,13:56:42,8.43,--,5,4215,买盘
650,13:56:39,8.43,0.02,128,107904,买盘
651,13:56:36,8.41,--,3,2523,买盘
652,13:56:33,8.41,-0.02,22,18502,卖盘
653,13:56:27,8.43,-0.02,86,72498,中性盘
654,13:56:21,8.45,--,518,437709,买盘
655,13:56:18,8.45,--,163,137735,买盘
656,13:56:15,8.45,--,160,135200,卖盘
657,13:56:12,8.45,--,204,172380,卖盘
658,13:56:06,8.45,-0.01,280,236599,卖盘
659,13:56:03,8.46,0.01,406,343476,买盘
660,13:55:57,8.45,--,147,124214,卖盘
661,13:55:54,8.45,--,167,141115,买盘
662,13:55:51,8.45,0.01,231,195194,买盘
663,13:55:48,8.44,--,105,88620,买盘
664,13:55:45,8.44,0.01,184,155296,买盘
665,13:55:42,8.43,--,20,16860,卖盘
666,13:55:36,8.43,0.01,284,239412,买盘
667,13:55:33,8.42,--,60,50520,卖盘
668,13:55:30,8.42,--,166,139772,卖盘
669,13:55:27,8.42,0.01,50,42100,买盘
670,13:55:24,8.41,--,20,16820,卖盘
671,13:55:21,8.41,--,158,132878,卖盘
672,13:55:18,8.41,--,78,65598,买盘
673,13:55:15,8.41,0.02,116,97556,买盘
674,13:55:12,8.39,--,171,143469,卖盘
675,13:55:09,8.39,-0.01,180,151020,卖盘
676,13:55:03,8.4,0.02,1074,902160,买盘
677,13:54:57,8.38,--,93,77934,买盘
678,13:54:51,8.38,0.01,200,167600,买盘
679,13:54:48,8.37,0.02,685,573345,买盘
680,13:54:45,8.35,0.01,569,475131,买盘
681,13:54:39,8.34,--,84,70056,买盘
682,13:54:36,8.34,--,26,21684,买盘
683,13:54:33,8.34,0.01,210,175140,买盘
684,13:54:30,8.33,--,227,189091,买盘
685,13:54:27,8.33,--,20,16660,买盘
686,13:54:21,8.33,0.01,890,741370,买盘
687,13:54:18,8.32,--,29,24128,买盘
688,13:54:15,8.32,0.02,81,67392,买盘
689,13:54:09,8.3,-0.02,55,45650,卖盘
690,13:54:06,8.32,0.01,200,166400,买盘
691,13:54:03,8.31,0.01,144,119664,买盘
692,13:53:57,8.3,0.01,357,296310,买盘
693,13:53:54,8.29,--,464,384655,买盘
694,13:53:51,8.29,--,5,4145,买盘
695,13:53:45,8.29,0.01,20,16580,买盘
696,13:53:39,8.28,--,18,14903,买盘
697,13:53:33,8.28,--,2,1655,买盘
698,13:53:30,8.28,--,12,9936,买盘
699,13:53:24,8.28,--,10,8280,买盘
700,13:53:03,8.28,0.01,5,4140,买盘
701,13:52:57,8.27,-0.01,1,827,卖盘
702,13:52:51,8.28,--,1,827,买盘
703,13:52:48,8.28,0.01,2,1655,买盘
704,13:52:45,8.27,0.01,20,16540,中性盘
705,13:52:24,8.26,-0.01,85,70210,卖盘
706,13:52:21,8.27,0.01,61,50447,买盘
707,13:52:03,8.26,--,3,2478,买盘
708,13:52:00,8.26,--,20,16520,买盘
709,13:51:48,8.26,--,10,8260,买盘
710,13:51:45,8.26,--,11,9086,买盘
711,13:51:39,8.26,--,26,21476,买盘
712,13:51:36,8.26,--,101,83426,买盘
713,13:51:30,8.26,--,14,11564,买盘
714,13:51:27,8.26,--,10,8260,买盘
715,13:51:18,8.26,0.01,8,6608,买盘
716,13:51:15,8.25,-0.01,6,4950,卖盘
717,13:51:12,8.26,0.01,42,34692,买盘
718,13:51:06,8.25,-0.01,1,825,卖盘
719,13:51:00,8.26,--,14,11564,买盘
720,13:50:57,8.26,0.01,53,43778,买盘
721,13:50:51,8.25,-0.01,720,594000,卖盘
722,13:50:48,8.26,-0.01,1,826,买盘
723,13:50:45,8.27,0.01,84,69468,买盘
724,13:50:30,8.26,-0.01,127,104902,卖盘
725,13:50:27,8.27,--,10,8270,买盘
726,13:50:18,8.27,-0.01,97,80219,卖盘
727,13:50:12,8.28,0.01,1,827,买盘
728,13:50:06,8.27,-0.01,54,44658,卖盘
729,13:49:48,8.28,--,67,55475,卖盘
730,13:49:39,8.28,-0.01,15,12419,卖盘
731,13:49:33,8.29,0.01,50,41449,买盘
732,13:49:30,8.28,--,20,16560,卖盘
733,13:49:21,8.28,--,9,7451,卖盘
734,13:49:06,8.28,--,7,5796,卖盘
735,13:49:03,8.28,--,33,27323,卖盘
736,13:49:00,8.28,--,12,9936,卖盘
737,13:48:57,8.28,0.01,72,59615,买盘
738,13:48:54,8.27,-0.01,43,35561,卖盘
739,13:48:51,8.28,--,20,16560,买盘
740,13:48:48,8.28,--,9,7451,买盘
741,13:48:27,8.28,0.01,35,28979,买盘
742,13:48:18,8.27,-0.01,3,2481,卖盘
743,13:48:12,8.28,0.01,12,9936,买盘
744,13:48:00,8.27,--,100,82700,卖盘
745,13:47:57,8.27,-0.01,1,827,卖盘
746,13:47:51,8.28,0.01,9,7451,买盘
747,13:47:48,8.27,--,10,8270,卖盘
748,13:47:42,8.27,-0.01,13,10751,卖盘
749,13:47:33,8.28,--,220,182160,买盘
750,13:47:27,8.28,0.01,15,12419,买盘
751,13:47:18,8.27,-0.01,10,8270,卖盘
752,13:47:06,8.28,--,1,827,卖盘
753,13:47:03,8.28,--,20,16560,买盘
754,13:47:00,8.28,--,100,82800,买盘
755,13:46:51,8.28,--,51,42228,买盘
756,13:46:48,8.28,--,5,4140,买盘
757,13:46:45,8.28,--,10,8280,买盘
758,13:46:27,8.28,--,23,19044,买盘
759,13:46:24,8.28,0.02,12,9936,买盘
760,13:46:21,8.26,-0.02,30,24780,卖盘
761,13:46:15,8.28,--,30,24839,买盘
762,13:46:08,8.28,0.02,7,5796,买盘
763,13:46:02,8.26,-0.01,47,38822,卖盘
764,13:45:56,8.27,--,2,1654,买盘
765,13:45:50,8.27,0.02,1,827,买盘
766,13:45:32,8.25,-0.01,182,150150,卖盘
767,13:45:29,8.26,0.01,17,14042,买盘
768,13:45:23,8.25,--,2,1650,卖盘
769,13:45:20,8.25,--,52,42900,卖盘
770,13:45:14,8.25,--,559,461175,买盘
771,13:45:11,8.25,--,34,28050,买盘
772,13:45:02,8.25,--,50,41250,买盘
773,13:44:59,8.25,--,51,42075,买盘
774,13:44:56,8.25,-0.02,563,464475,卖盘
775,13:44:53,8.27,0.01,1,827,买盘
776,13:44:44,8.26,0.02,20,16520,中性盘
777,13:44:23,8.24,--,200,164800,卖盘
778,13:44:17,8.24,-0.01,10,8240,卖盘
779,13:44:14,8.25,--,21,17325,买盘
780,13:44:08,8.25,--,104,85800,买盘
781,13:44:05,8.25,0.01,2,1650,买盘
782,13:43:59,8.24,-0.01,9,7416,卖盘
783,13:43:56,8.25,--,700,577500,买盘
784,13:43:44,8.25,--,9,7425,买盘
785,13:43:41,8.25,-0.02,1224,1009800,卖盘
786,13:43:35,8.27,--,30,24810,卖盘
787,13:43:32,8.27,--,20,16540,卖盘
788,13:43:20,8.27,-0.01,50,41350,卖盘
789,13:43:05,8.28,-0.01,87,72847,卖盘
790,13:42:56,8.29,--,19,15750,卖盘
791,13:42:50,8.29,0.01,1,828,中性盘
792,13:42:44,8.28,-0.02,50,41400,卖盘
793,13:42:35,8.3,0.02,20,16600,卖盘
794,13:42:32,8.28,-0.02,80,66240,卖盘
795,13:42:29,8.3,--,55,45650,卖盘
796,13:42:26,8.3,0.01,722,599260,买盘
797,13:42:23,8.29,--,118,97821,买盘
798,13:42:20,8.29,--,6,4973,卖盘
799,13:42:14,8.29,--,61,50568,卖盘
800,13:42:11,8.29,--,116,96163,卖盘
801,13:42:02,8.29,-0.01,51,42278,卖盘
802,13:41:59,8.3,--,1,830,卖盘
803,13:41:53,8.3,0.01,2,1660,买盘
804,13:41:50,8.29,-0.01,4,3315,卖盘
805,13:41:41,8.3,--,36,29880,买盘
806,13:41:35,8.3,--,7,5810,买盘
807,13:41:32,8.3,--,17,14110,卖盘
808,13:41:29,8.3,--,18,14940,卖盘
809,13:41:23,8.3,-0.02,17,14110,中性盘
810,13:41:05,8.32,0.02,72,59904,买盘
811,13:40:56,8.3,-0.01,965,801763,卖盘
812,13:40:53,8.31,--,5,4155,卖盘
813,13:40:50,8.31,-0.01,2,1662,卖盘
814,13:40:47,8.32,--,50,41600,卖盘
815,13:40:44,8.32,--,160,133120,卖盘
816,13:40:41,8.32,-0.01,194,161408,卖盘
817,13:40:20,8.33,0.01,1,833,中性盘
818,13:39:56,8.32,-0.01,176,146432,卖盘
819,13:39:53,8.33,0.01,129,107457,买盘
820,13:39:35,8.32,--,193,160576,买盘
821,13:39:20,8.32,--,12,9984,卖盘
822,13:39:05,8.32,0.01,4,3328,买盘
823,13:38:44,8.31,-0.02,11,9141,卖盘
824,13:38:20,8.33,0.01,32,26656,买盘
825,13:38:14,8.32,--,10,8320,买盘
826,13:38:08,8.32,--,1,832,买盘
827,13:37:47,8.32,-0.01,9,7488,卖盘
828,13:37:44,8.33,0.01,17,14161,买盘
829,13:37:38,8.32,0.01,70,58240,卖盘
830,13:37:26,8.31,--,7,5817,卖盘
831,13:37:08,8.31,-0.01,494,410514,卖盘
832,13:36:41,8.32,-0.02,3,2496,卖盘
833,13:36:38,8.34,0.02,138,115092,买盘
834,13:36:14,8.32,-0.01,116,96512,卖盘
835,13:36:05,8.33,--,39,32487,卖盘
836,13:35:59,8.33,0.01,724,603092,买盘
837,13:35:56,8.32,--,26,21632,卖盘
838,13:35:44,8.32,--,40,33280,卖盘
839,13:35:35,8.32,--,0,16,卖盘
840,13:35:32,8.32,--,1,832,卖盘
841,13:35:29,8.32,--,100,83200,卖盘
842,13:35:26,8.32,--,5,4160,卖盘
843,13:35:11,8.32,-0.01,105,87360,卖盘
844,13:34:59,8.33,--,15,12495,买盘
845,13:34:50,8.33,--,102,84966,买盘
846,13:34:41,8.33,--,51,42483,买盘
847,13:34:26,8.33,--,132,109956,卖盘
848,13:34:20,8.33,--,5,4165,卖盘
849,13:34:17,8.33,--,27,22491,卖盘
850,13:34:05,8.33,-0.01,130,108290,卖盘
851,13:34:02,8.34,0.01,3,2502,买盘
852,13:33:47,8.33,-0.01,50,41650,卖盘
853,13:33:38,8.34,--,1,834,买盘
854,13:33:29,8.34,0.01,3,2502,买盘
855,13:33:23,8.33,--,30,24990,卖盘
856,13:33:20,8.33,--,30,24990,卖盘
857,13:33:17,8.33,--,3,2499,卖盘
858,13:33:05,8.33,--,7,5831,卖盘
859,13:32:50,8.33,--,8,6664,卖盘
860,13:32:44,8.33,--,10,8330,卖盘
861,13:32:38,8.33,--,18,14994,卖盘
862,13:32:20,8.33,-0.01,4,3332,卖盘
863,13:32:11,8.34,0.01,5,4170,买盘
864,13:32:05,8.33,-0.01,1,833,卖盘
865,13:32:02,8.34,0.01,4,3336,买盘
866,13:31:50,8.33,--,7,5831,卖盘
867,13:31:41,8.33,-0.01,68,56644,卖盘
868,13:31:38,8.34,--,28,23352,买盘
869,13:31:35,8.34,0.01,37,30858,买盘
870,13:31:32,8.33,-0.01,10,8330,卖盘
871,13:31:17,8.34,--,5,4170,买盘
872,13:31:08,8.34,--,82,68388,买盘
873,13:30:56,8.34,--,4,3336,买盘
874,13:30:53,8.34,--,15,12510,买盘
875,13:30:50,8.34,0.01,10,8340,买盘
876,13:30:38,8.33,-0.01,173,144109,卖盘
877,13:30:20,8.34,0.01,24,20016,买盘
878,13:30:08,8.33,--,5,4165,卖盘
879,13:30:02,8.33,--,106,88298,卖盘
880,13:29:56,8.33,-0.01,41,34153,卖盘
881,13:29:50,8.34,--,50,41700,买盘
882,13:29:44,8.34,--,2,1668,买盘
883,13:29:41,8.34,0.01,100,83400,买盘
884,13:29:26,8.33,--,15,12495,卖盘
885,13:29:20,8.33,--,4,3332,卖盘
886,13:29:17,8.33,-0.01,30,24990,卖盘
887,13:29:11,8.34,0.01,1,834,买盘
888,13:29:05,8.33,--,10,8330,卖盘
889,13:28:59,8.33,-0.01,3,2499,卖盘
890,13:28:56,8.34,--,20,16680,中性盘
891,13:28:47,8.34,0.01,20,16680,中性盘
892,13:28:41,8.33,-0.01,100,83300,卖盘
893,13:28:29,8.34,0.01,42,35028,买盘
894,13:28:20,8.33,--,2,1666,卖盘
895,13:28:14,8.33,-0.01,100,83300,卖盘
896,13:28:11,8.34,--,331,276054,买盘
897,13:28:08,8.34,0.01,30,25020,买盘
898,13:28:02,8.33,--,2,1666,卖盘
899,13:27:53,8.33,--,5,4165,卖盘
900,13:27:50,8.33,--,8,6664,卖盘
901,13:27:47,8.33,--,2,1666,卖盘
902,13:27:44,8.33,-0.01,2,1666,卖盘
903,13:27:41,8.34,--,36,30024,买盘
904,13:27:38,8.34,--,5,4170,买盘
905,13:27:35,8.34,--,15,12510,买盘
906,13:27:32,8.34,--,10,8340,买盘
907,13:27:23,8.34,--,20,16680,买盘
908,13:27:14,8.34,--,46,38364,买盘
909,13:27:08,8.34,--,20,16680,买盘
910,13:26:53,8.34,--,10,8340,买盘
911,13:26:47,8.34,--,110,91740,买盘
912,13:26:44,8.34,0.01,7,5838,买盘
913,13:26:41,8.33,-0.01,17,14161,卖盘
914,13:26:38,8.34,--,70,58380,买盘
915,13:26:23,8.34,--,4,3336,买盘
916,13:26:20,8.34,--,154,128436,买盘
917,13:26:02,8.34,--,5,4170,买盘
918,13:25:53,8.34,-0.01,1,834,卖盘
919,13:25:50,8.35,0.01,20,16700,买盘
920,13:25:47,8.34,--,2,1668,卖盘
921,13:25:44,8.34,--,14,11676,卖盘
922,13:25:41,8.34,0.01,13,10842,买盘
923,13:25:28,8.33,-0.01,15,12495,卖盘
924,13:25:07,8.34,0.01,86,71724,买盘
925,13:24:52,8.33,--,7,5831,买盘
926,13:24:46,8.33,0.01,10,8330,买盘
927,13:24:25,8.32,-0.01,13,10816,卖盘
928,13:24:22,8.33,0.01,10,8330,买盘
929,13:24:19,8.32,-0.01,10,8320,卖盘
930,13:24:07,8.33,-0.01,75,62475,卖盘
931,13:23:58,8.34,--,20,16680,买盘
932,13:23:55,8.34,--,22,18348,买盘
933,13:23:40,8.34,--,10,8340,买盘
934,13:23:37,8.34,--,11,9174,买盘
935,13:23:34,8.34,--,5,4170,买盘
936,13:23:25,8.34,--,3,2502,买盘
937,13:23:22,8.34,--,2,1668,买盘
938,13:23:19,8.34,-0.01,60,50040,买盘
939,13:23:04,8.35,0.02,51,42585,买盘
940,13:23:01,8.33,-0.02,32,26656,卖盘
941,13:22:58,8.35,0.01,60,50100,买盘
942,13:22:46,8.34,--,15,12510,卖盘
943,13:22:37,8.34,--,2,1668,卖盘
944,13:22:34,8.34,-0.01,15,12510,中性盘
945,13:22:22,8.35,0.01,870,726450,买盘
946,13:22:10,8.34,--,30,25020,买盘
947,13:22:04,8.34,--,1,834,买盘
948,13:22:01,8.34,--,29,24186,卖盘
949,13:21:55,8.34,--,6,5004,买盘
950,13:21:52,8.34,--,50,41700,买盘
951,13:21:49,8.34,--,2,1668,买盘
952,13:21:46,8.34,--,13,10842,买盘
953,13:21:43,8.34,0.01,266,221844,买盘
954,13:21:40,8.33,-0.01,246,204918,卖盘
955,13:21:25,8.34,0.02,19,15846,买盘
956,13:21:16,8.32,--,20,16640,卖盘
957,13:21:10,8.32,-0.02,30,24960,卖盘
958,13:21:07,8.34,0.01,8,6672,买盘
959,13:20:55,8.33,--,19,15827,买盘
960,13:20:43,8.33,0.01,20,16660,买盘
961,13:20:37,8.32,-0.01,88,73216,卖盘
962,13:20:34,8.33,--,24,19992,买盘
963,13:20:31,8.33,--,59,49147,买盘
964,13:20:16,8.33,--,197,164101,买盘
965,13:20:13,8.33,0.01,1,833,买盘
966,13:19:49,8.32,0.01,200,166400,买盘
967,13:19:43,8.31,--,3,2493,卖盘
968,13:18:52,8.31,--,7,5817,卖盘
969,13:18:49,8.31,--,69,57339,买盘
970,13:18:40,8.31,0.01,113,93903,买盘
971,13:18:31,8.3,-0.01,65,53950,卖盘
972,13:18:28,8.31,--,35,29085,买盘
973,13:18:13,8.31,--,1,831,买盘
974,13:18:10,8.31,--,56,46536,卖盘
975,13:18:04,8.31,--,50,41550,卖盘
976,13:17:58,8.31,--,15,12465,买盘
977,13:17:52,8.31,0.01,20,16620,买盘
978,13:17:46,8.3,-0.01,100,83000,卖盘
979,13:17:40,8.31,--,23,19113,买盘
980,13:17:31,8.31,--,46,38226,卖盘
981,13:17:25,8.31,--,214,177834,卖盘
982,13:17:16,8.31,-0.01,45,37395,卖盘
983,13:17:13,8.32,0.01,74,61568,买盘
984,13:17:10,8.31,--,4,3324,卖盘
985,13:17:04,8.31,--,20,16620,卖盘
986,13:16:46,8.31,--,20,16620,卖盘
987,13:16:43,8.31,-0.01,2,1662,卖盘
988,13:16:37,8.32,0.01,10,8320,买盘
989,13:16:19,8.31,-0.01,24,19944,卖盘
990,13:16:16,8.32,--,5,4160,买盘
991,13:16:13,8.32,0.01,83,69056,买盘
992,13:16:04,8.31,--,5,4155,卖盘
993,13:16:01,8.31,--,4,3324,卖盘
994,13:15:55,8.31,--,20,16620,卖盘
995,13:15:40,8.31,--,130,108030,买盘
996,13:15:28,8.31,--,22,18282,买盘
997,13:15:25,8.31,-0.01,94,78114,卖盘
998,13:15:19,8.32,0.01,39,32448,买盘
999,13:15:13,8.31,--,58,48198,卖盘
1000,13:14:55,8.31,--,69,57339,卖盘
1001,13:14:52,8.31,-0.01,123,102213,卖盘
1002,13:14:49,8.32,--,31,25792,买盘
1003,13:14:34,8.32,-0.01,44,36608,买盘
1004,13:14:16,8.33,0.01,72,59976,买盘
1005,13:14:13,8.32,--,96,79872,买盘
1006,13:14:01,8.32,--,35,29120,卖盘
1007,13:13:58,8.32,--,100,83200,卖盘
1008,13:13:49,8.32,--,7,5824,卖盘
1009,13:13:46,8.32,-0.01,31,25792,卖盘
1010,13:13:43,8.33,0.01,30,24990,买盘
1011,13:13:40,8.32,--,30,24960,卖盘
1012,13:13:34,8.32,--,10,8320,卖盘
1013,13:13:25,8.32,-0.01,11,9152,买盘
1014,13:13:19,8.33,0.02,20,16660,中性盘
1015,13:13:13,8.31,-0.02,106,88086,卖盘
1016,13:13:10,8.33,--,5,4165,卖盘
1017,13:13:01,8.33,0.01,238,198254,买盘
1018,13:12:55,8.32,--,84,69888,卖盘
1019,13:12:49,8.32,--,100,83200,卖盘
1020,13:12:37,8.32,0.01,374,311168,买盘
1021,13:12:31,8.31,-0.01,20,16620,卖盘
1022,13:12:25,8.32,0.01,1,832,买盘
1023,13:12:22,8.31,--,20,16620,卖盘
1024,13:12:19,8.31,-0.01,25,20775,中性盘
1025,13:12:10,8.32,0.02,2,1664,买盘
1026,13:12:01,8.3,-0.01,200,166000,卖盘
1027,13:11:58,8.31,-0.02,39,32409,卖盘
1028,13:11:55,8.33,--,100,83300,卖盘
1029,13:11:52,8.33,0.02,391,325703,买盘
1030,13:11:46,8.31,--,91,75621,买盘
1031,13:11:43,8.31,--,7,5817,买盘
1032,13:11:37,8.31,--,30,24930,买盘
1033,13:11:34,8.31,--,5,4155,买盘
1034,13:11:28,8.31,--,2,1662,买盘
1035,13:11:19,8.31,--,10,8310,买盘
1036,13:11:10,8.31,--,43,35733,卖盘
1037,13:11:07,8.31,--,20,16620,卖盘
1038,13:10:58,8.31,0.01,53,44043,买盘
1039,13:10:43,8.3,--,12,9960,卖盘
1040,13:10:40,8.3,-0.01,1,830,卖盘
1041,13:10:37,8.31,--,50,41550,买盘
1042,13:10:28,8.31,--,33,27423,买盘
1043,13:10:25,8.31,-0.01,50,41550,卖盘
1044,13:10:16,8.32,0.02,5,4160,买盘
1045,13:10:10,8.3,--,98,81340,卖盘
1046,13:09:49,8.3,-0.01,76,63080,卖盘
1047,13:09:43,8.31,0.01,180,149580,买盘
1048,13:09:31,8.3,0.01,120,99600,买盘
1049,13:09:22,8.29,-0.01,40,33160,卖盘
1050,13:09:19,8.3,0.01,10,8300,买盘
1051,13:09:16,8.29,-0.01,40,33160,卖盘
1052,13:09:13,8.3,0.01,20,16600,买盘
1053,13:09:10,8.29,-0.01,21,17409,卖盘
1054,13:09:01,8.3,0.01,10,8300,买盘
1055,13:08:58,8.29,--,369,305900,卖盘
1056,13:08:52,8.29,-0.01,26,21553,卖盘
1057,13:08:49,8.3,0.01,22,18260,买盘
1058,13:08:43,8.29,-0.01,30,24869,卖盘
1059,13:08:34,8.3,--,151,125330,买盘
1060,13:08:28,8.3,--,50,41500,买盘
1061,13:08:25,8.3,--,10,8300,买盘
1062,13:08:22,8.3,--,6,4980,买盘
1063,13:08:19,8.3,-0.01,140,116200,卖盘
1064,13:08:16,8.31,0.01,13,10803,买盘
1065,13:08:10,8.3,--,30,24900,卖盘
1066,13:08:01,8.3,0.01,240,199200,买盘
1067,13:07:58,8.29,-0.01,20,16580,卖盘
1068,13:07:52,8.3,0.01,10,8300,买盘
1069,13:07:49,8.29,--,10,8290,买盘
1070,13:07:46,8.29,--,50,41449,买盘
1071,13:07:43,8.29,--,2,1657,买盘
1072,13:07:40,8.29,--,4,3315,买盘
1073,13:07:28,8.29,--,45,37304,买盘
1074,13:07:25,8.29,0.01,20,16580,买盘
1075,13:07:22,8.28,-0.01,1,827,卖盘
1076,13:07:16,8.29,0.01,2,1657,买盘
1077,13:07:10,8.28,--,236,195424,买盘
1078,13:07:07,8.28,--,23,19044,买盘
1079,13:07:04,8.28,--,2,1655,买盘
1080,13:06:58,8.28,0.01,201,166428,买盘
1081,13:06:52,8.27,--,119,98413,买盘
1082,13:06:49,8.27,0.01,50,41350,买盘
1083,13:06:43,8.26,--,5,4130,卖盘
1084,13:06:34,8.26,0.01,131,108206,买盘
1085,13:06:18,8.25,0.01,30,24750,买盘
1086,13:06:15,8.24,-0.01,119,98056,卖盘
1087,13:06:12,8.25,--,7,5775,买盘
1088,13:06:09,8.25,--,45,37125,买盘
1089,13:06:06,8.25,--,184,151800,买盘
1090,13:06:00,8.25,--,20,16500,买盘
1091,13:05:57,8.25,--,35,28875,买盘
1092,13:05:54,8.25,--,20,16500,买盘
1093,13:05:48,8.25,--,14,11550,买盘
1094,13:05:42,8.25,0.01,5,4125,买盘
1095,13:05:33,8.24,--,26,21424,卖盘
1096,13:05:30,8.24,-0.01,17,14008,买盘
1097,13:05:27,8.25,0.02,10,8250,买盘
1098,13:05:24,8.23,-0.01,5,4115,卖盘
1099,13:05:12,8.24,--,3,2472,中性盘
1100,13:05:03,8.24,--,13,10712,买盘
1101,13:04:36,8.24,-0.01,3,2472,卖盘
1102,13:04:33,8.25,--,7,5775,买盘
1103,13:04:18,8.25,--,57,47025,卖盘
1104,13:04:09,8.25,--,20,16500,卖盘
1105,13:03:51,8.25,--,3,2475,卖盘
1106,13:03:48,8.25,--,43,35475,买盘
1107,13:03:42,8.25,--,5,4125,买盘
1108,13:03:39,8.25,--,3522,2905650,买盘
1109,13:03:36,8.25,--,14,11550,买盘
1110,13:03:33,8.25,--,20,16500,买盘
1111,13:03:12,8.25,--,10,8250,买盘
1112,13:03:03,8.25,--,20,16500,买盘
1113,13:03:00,8.25,-0.01,396,326700,卖盘
1114,13:02:39,8.26,--,1,826,买盘
1115,13:02:36,8.26,--,10,8260,买盘
1116,13:02:33,8.26,--,6,4956,买盘
1117,13:02:27,8.26,-0.01,18,14868,卖盘
1118,13:02:18,8.27,0.02,100,82700,买盘
1119,13:02:09,8.25,-0.02,500,412500,卖盘
1120,13:02:03,8.27,--,2,1654,买盘
1121,13:02:00,8.27,--,100,82700,买盘
1122,13:01:57,8.27,--,39,32253,卖盘
1123,13:01:45,8.27,0.02,1,827,中性盘
1124,13:01:33,8.25,-0.01,106,87450,卖盘
1125,13:01:27,8.26,-0.01,50,41300,卖盘
1126,13:01:15,8.27,--,23,19021,卖盘
1127,13:01:12,8.27,0.02,80,66160,中性盘
1128,13:01:06,8.25,-0.03,500,412500,卖盘
1129,13:00:36,8.28,0.02,20,16560,买盘
1130,13:00:33,8.26,-0.02,1,826,卖盘
1131,13:00:24,8.28,--,2,1655,买盘
1132,13:00:15,8.28,--,201,166428,买盘
1133,13:00:09,8.28,--,35,28979,买盘
1134,13:00:06,8.28,--,224,185472,买盘
1135,13:00:03,8.28,-0.01,482,399907,卖盘
1136,11:29:53,8.29,-0.01,6,4973,卖盘
1137,11:29:44,8.3,0.02,20,16600,买盘
1138,11:29:14,8.28,-0.01,326,269928,卖盘
1139,11:29:11,8.29,0.01,120,99479,买盘
1140,11:29:02,8.28,-0.01,6,4968,卖盘
1141,11:28:47,8.29,--,5,4145,买盘
1142,11:28:38,8.29,--,12,9947,买盘
1143,11:28:29,8.29,--,13,10776,卖盘
1144,11:28:26,8.29,--,3,2486,买盘
1145,11:28:23,8.29,--,5,4145,买盘
1146,11:28:20,8.29,--,2,1657,买盘
1147,11:28:05,8.29,--,12,9947,买盘
1148,11:27:56,8.29,--,30,24869,买盘
1149,11:27:47,8.29,--,5,4145,买盘
1150,11:27:44,8.29,0.01,5,4145,买盘
1151,11:27:41,8.28,-0.01,4,3311,卖盘
1152,11:27:38,8.29,--,231,191498,买盘
1153,11:27:17,8.29,--,32,26527,买盘
1154,11:27:14,8.29,0.01,5,4145,买盘
1155,11:27:08,8.28,-0.01,5,4140,卖盘
1156,11:26:56,8.29,0.01,48,39791,买盘
1157,11:26:20,8.28,--,20,16576,买盘
1158,11:26:11,8.28,--,7,5796,买盘
1159,11:26:02,8.28,0.01,100,82800,买盘
1160,11:25:50,8.27,-0.01,1,827,中性盘
1161,11:25:35,8.28,0.01,100,82800,买盘
1162,11:25:31,8.27,--,6,4962,买盘
1163,11:25:25,8.27,--,4,3308,买盘
1164,11:25:13,8.27,--,11,9907,卖盘
1165,11:25:10,8.27,-0.01,62,51274,卖盘
1166,11:24:58,8.28,--,350,289800,买盘
1167,11:24:43,8.28,--,4,3311,买盘
1168,11:24:40,8.28,0.01,5,4140,买盘
1169,11:24:28,8.27,--,5,4135,卖盘
1170,11:24:25,8.27,--,35,28945,卖盘
1171,11:24:04,8.27,--,1,827,卖盘
1172,11:23:55,8.27,-0.01,16,13248,卖盘
1173,11:23:52,8.28,--,5,4140,买盘
1174,11:23:46,8.28,0.01,10,8280,买盘
1175,11:23:43,8.27,--,16,13232,卖盘
1176,11:23:37,8.27,0.01,20,16540,卖盘
1177,11:23:31,8.26,-0.02,12,9912,卖盘
1178,11:23:28,8.28,--,23,19044,买盘
1179,11:23:25,8.28,0.02,3,2484,买盘
1180,11:23:19,8.26,--,17,14042,卖盘
1181,11:23:16,8.26,-0.02,527,435302,卖盘
1182,11:23:01,8.28,-0.01,24,19872,卖盘
1183,11:22:49,8.29,--,7,5802,买盘
1184,11:22:46,8.29,--,101,83728,买盘
1185,11:22:43,8.29,--,5,4145,买盘
1186,11:22:31,8.29,0.01,152,126007,卖盘
1187,11:22:16,8.28,-0.01,36,29807,卖盘
1188,11:22:13,8.29,--,20,16580,卖盘
1189,11:22:10,8.29,--,2,1657,卖盘
1190,11:21:58,8.29,--,50,41449,卖盘
1191,11:21:49,8.29,--,4,3315,卖盘
1192,11:21:31,8.29,--,15,12434,卖盘
1193,11:21:28,8.29,--,6,4973,卖盘
1194,11:21:19,8.29,--,2,1657,中性盘
1195,11:21:07,8.29,--,35,29014,卖盘
1196,11:20:55,8.29,--,5,4145,卖盘
1197,11:20:46,8.29,--,15,12434,卖盘
1198,11:20:43,8.29,--,181,150048,卖盘
1199,11:20:40,8.29,--,10,8290,卖盘
1200,11:20:37,8.29,0.01,297,246212,买盘
1201,11:20:28,8.28,-0.01,5,4140,卖盘
1202,11:20:01,8.29,--,18,14921,卖盘
1203,11:19:58,8.29,--,11,9118,卖盘
1204,11:19:46,8.29,--,6,4973,卖盘
1205,11:19:37,8.29,-0.01,2,1657,卖盘
1206,11:19:34,8.3,0.01,19,15770,买盘
1207,11:19:28,8.29,-0.01,49,40620,卖盘
1208,11:19:25,8.3,--,13,10790,买盘
1209,11:19:16,8.3,-0.01,180,149400,卖盘
1210,11:19:07,8.31,0.01,6,4986,买盘
1211,11:18:55,8.3,-0.01,105,87150,卖盘
1212,11:18:52,8.31,--,1,831,买盘
1213,11:18:43,8.31,--,52,43212,买盘
1214,11:18:40,8.31,0.01,8,6648,买盘
1215,11:18:37,8.3,--,200,166000,卖盘
1216,11:18:22,8.3,--,2,1660,卖盘
1217,11:18:19,8.3,--,112,92960,买盘
1218,11:18:10,8.3,--,10,8300,买盘
1219,11:18:07,8.3,--,5,4150,卖盘
1220,11:18:01,8.3,-0.01,104,86320,卖盘
1221,11:17:55,8.31,0.01,5,4155,买盘
1222,11:17:49,8.3,--,114,94620,卖盘
1223,11:17:34,8.3,0.02,379,314570,买盘
1224,11:17:22,8.28,-0.01,2,1655,卖盘
1225,11:17:19,8.29,--,2,1657,买盘
1226,11:17:16,8.29,0.01,100,82899,买盘
1227,11:17:13,8.28,-0.01,6,4968,卖盘
1228,11:17:10,8.29,--,30,24869,买盘
1229,11:17:04,8.29,-0.01,16,13263,中性盘
1230,11:16:55,8.3,0.01,31,25730,买盘
1231,11:16:52,8.29,--,60,49739,买盘
1232,11:16:46,8.29,0.01,5,4145,买盘
1233,11:16:43,8.28,-0.01,19,15731,卖盘
1234,11:16:37,8.29,--,10,8290,买盘
1235,11:16:34,8.29,--,24,19895,买盘
1236,11:16:31,8.29,--,3,2486,买盘
1237,11:16:25,8.29,0.01,6,4973,买盘
1238,11:16:22,8.28,-0.01,15,12419,卖盘
1239,11:16:19,8.29,0.01,1,828,买盘
1240,11:15:58,8.28,--,7,5796,卖盘
1241,11:15:37,8.28,0.01,48,39744,买盘
1242,11:15:34,8.27,--,48,39696,卖盘
1243,11:15:31,8.27,--,54,44658,卖盘
1244,11:15:25,8.27,--,2,1654,卖盘
1245,11:15:22,8.27,-0.01,30,24810,卖盘
1246,11:15:19,8.28,0.01,50,41400,买盘
1247,11:14:55,8.27,-0.01,15,12405,卖盘
1248,11:14:46,8.28,--,1,827,买盘
1249,11:14:34,8.28,0.02,5,4140,买盘
1250,11:14:28,8.26,-0.02,6,4956,卖盘
1251,11:14:13,8.28,--,78,64583,卖盘
1252,11:13:58,8.28,0.01,299,247571,买盘
1253,11:13:52,8.27,--,2,1654,买盘
1254,11:13:46,8.27,--,26,21502,买盘
1255,11:13:43,8.27,--,3,2481,买盘
1256,11:13:31,8.27,--,100,82700,买盘
1257,11:13:22,8.27,-0.01,5,4135,卖盘
1258,11:13:10,8.28,-0.01,21,17388,卖盘
1259,11:13:07,8.29,0.01,13,10776,买盘
1260,11:12:55,8.28,--,3,2484,卖盘
1261,11:12:52,8.28,0.03,186,154008,买盘
1262,11:12:40,8.25,-0.03,200,165000,卖盘
1263,11:12:37,8.28,0.01,3,2484,买盘
1264,11:12:34,8.27,-0.01,20,16540,卖盘
1265,11:12:22,8.28,0.01,11,9108,买盘
1266,11:12:10,8.27,-0.01,50,41350,卖盘
1267,11:12:07,8.28,0.01,60,49679,买盘
1268,11:12:04,8.27,-0.01,9,7443,卖盘
1269,11:12:01,8.28,--,2,1655,买盘
1270,11:11:25,8.28,0.01,1,827,买盘
1271,11:11:19,8.27,--,37,30599,卖盘
1272,11:11:07,8.27,--,35,28945,买盘
1273,11:11:01,8.27,--,1,827,买盘
1274,11:10:58,8.27,--,29,23983,买盘
1275,11:10:55,8.27,--,3,2481,买盘
1276,11:10:52,8.27,--,43,35561,买盘
1277,11:10:46,8.27,--,12,9924,买盘
1278,11:10:19,8.27,0.01,10,8270,买盘
1279,11:10:07,8.26,0.01,164,135464,买盘
1280,11:09:43,8.25,--,57,47025,买盘
1281,11:09:31,8.25,--,20,16500,买盘
1282,11:09:25,8.25,0.01,25,20625,买盘
1283,11:09:19,8.24,-0.01,26,21424,卖盘
1284,11:09:13,8.25,--,40,33000,买盘
1285,11:09:10,8.25,--,120,99000,买盘
1286,11:09:01,8.25,0.01,3,2475,买盘
1287,11:08:58,8.24,-0.01,5,4120,卖盘
1288,11:08:55,8.25,--,250,206250,买盘
1289,11:08:52,8.25,--,33,27225,买盘
1290,11:08:43,8.25,--,6,4950,买盘
1291,11:08:40,8.25,--,27,22275,买盘
1292,11:08:37,8.25,0.02,5,4125,买盘
1293,11:08:22,8.23,-0.01,57,46911,卖盘
1294,11:08:19,8.24,--,1,824,买盘
1295,11:08:13,8.24,--,13,10712,买盘
1296,11:08:04,8.24,--,34,28016,买盘
1297,11:07:58,8.24,0.01,20,16480,买盘
1298,11:07:55,8.23,0.01,64,52672,买盘
1299,11:07:52,8.22,-0.01,31,25482,卖盘
1300,11:07:46,8.23,--,129,106167,买盘
1301,11:07:43,8.23,-0.01,6,4938,中性盘
1302,11:07:34,8.24,0.02,1168,962432,中性盘
1303,11:07:22,8.22,-0.02,119,97818,卖盘
1304,11:07:19,8.24,--,15,12360,卖盘
1305,11:07:10,8.24,--,100,82400,卖盘
1306,11:07:04,8.24,0.02,226,186932,买盘
1307,11:06:58,8.22,-0.01,120,98640,卖盘
1308,11:06:55,8.23,0.01,50,41150,买盘
1309,11:06:52,8.22,-0.01,680,558960,卖盘
1310,11:06:49,8.23,--,17,13991,买盘
1311,11:06:40,8.23,--,48,39504,买盘
1312,11:06:37,8.23,-0.01,484,398858,卖盘
1313,11:06:34,8.24,--,146,120304,买盘
1314,11:06:31,8.24,--,10,8240,买盘
1315,11:06:28,8.24,0.01,25,20600,买盘
1316,11:06:22,8.23,-0.01,67,55141,卖盘
1317,11:06:16,8.24,--,14,11536,买盘
1318,11:06:10,8.24,--,41,33784,买盘
1319,11:06:07,8.24,-0.01,30,24720,买盘
1320,11:06:04,8.25,--,24,19800,卖盘
1321,11:06:00,8.25,0.01,576,475200,买盘
1322,11:05:54,8.24,--,72,59328,卖盘
1323,11:05:48,8.24,--,13,10712,卖盘
1324,11:05:42,8.24,-0.01,33,27192,卖盘
1325,11:05:36,8.25,--,5,4125,买盘
1326,11:05:30,8.25,--,242,199650,卖盘
1327,11:05:24,8.25,--,5,4125,卖盘
1328,11:05:18,8.25,--,40,33000,卖盘
1329,11:05:15,8.25,-0.01,2,1650,卖盘
1330,11:05:06,8.26,--,70,57820,卖盘
1331,11:05:03,8.26,--,150,123900,卖盘
1332,11:05:00,8.26,--,20,16520,卖盘
1333,11:04:57,8.26,--,30,24780,卖盘
1334,11:04:54,8.26,0.01,28,23128,中性盘
1335,11:04:51,8.25,-0.01,17,14025,卖盘
1336,11:04:30,8.26,-0.02,1,826,中性盘
1337,11:04:27,8.28,0.02,46,38088,买盘
1338,11:04:24,8.26,-0.01,48,39648,卖盘
1339,11:04:21,8.27,--,19,15713,买盘
1340,11:04:18,8.27,--,10,8270,买盘
1341,11:04:15,8.27,-0.01,371,306817,卖盘
1342,11:04:09,8.28,--,52,43056,卖盘
1343,11:04:03,8.28,0.01,17,14075,买盘
1344,11:04:00,8.27,--,35,28945,卖盘
1345,11:03:57,8.27,--,91,75257,买盘
1346,11:03:51,8.27,0.01,117,96759,买盘
1347,11:03:48,8.26,-0.01,471,389046,卖盘
1348,11:03:39,8.27,--,20,16540,卖盘
1349,11:03:36,8.27,--,339,280353,买盘
1350,11:03:30,8.27,0.01,5,4135,买盘
1351,11:03:21,8.26,-0.02,12,9912,卖盘
1352,11:03:09,8.28,0.02,50,41400,买盘
1353,11:03:06,8.26,--,2,1652,卖盘
1354,11:03:03,8.26,--,32,26432,卖盘
1355,11:02:51,8.26,--,21,17346,买盘
1356,11:02:42,8.26,--,3,2478,买盘
1357,11:02:39,8.26,--,2,1652,买盘
1358,11:02:36,8.26,--,6,4956,买盘
1359,11:02:18,8.26,0.01,51,42126,买盘
1360,11:02:06,8.25,--,15,12375,买盘
1361,11:02:03,8.25,--,77,63525,买盘
1362,11:01:57,8.25,--,5,4125,买盘
1363,11:01:54,8.25,0.01,129,106425,买盘
1364,11:01:51,8.24,0.01,5,4120,中性盘
1365,11:01:42,8.23,-0.01,424,348952,卖盘
1366,11:01:39,8.24,0.01,329,271392,买盘
1367,11:01:36,8.23,--,169,139087,卖盘
1368,11:01:30,8.23,--,23,18929,卖盘
1369,11:01:24,8.23,--,50,41150,买盘
1370,11:01:21,8.23,--,27,22221,买盘
1371,11:01:18,8.23,--,5,4115,买盘
1372,11:01:12,8.23,--,170,139910,买盘
1373,11:01:09,8.23,--,10,8230,买盘
1374,11:01:06,8.23,--,2,1646,买盘
1375,11:01:03,8.23,--,60,49380,买盘
1376,11:00:57,8.23,--,23,18929,买盘
1377,11:00:54,8.23,--,43,35389,卖盘
1378,11:00:51,8.23,--,75,61725,买盘
1379,11:00:48,8.23,--,10,8230,买盘
1380,11:00:45,8.23,--,82,67486,买盘
1381,11:00:42,8.23,--,7,5761,买盘
1382,11:00:39,8.23,--,284,233732,卖盘
1383,11:00:36,8.23,-0.01,17,13991,卖盘
1384,11:00:27,8.24,--,344,283456,买盘
1385,11:00:24,8.24,--,10,8240,买盘
1386,11:00:18,8.24,--,10,8240,买盘
1387,11:00:12,8.24,0.01,5,4120,买盘
1388,11:00:09,8.23,--,16,13168,买盘
1389,11:00:03,8.23,--,45,37035,买盘
1390,11:00:00,8.23,--,7,5761,买盘
1391,10:59:57,8.23,--,3,2469,买盘
1392,10:59:54,8.23,--,34,27982,卖盘
1393,10:59:45,8.23,--,444,365412,买盘
1394,10:59:36,8.23,--,11,9053,买盘
1395,10:59:33,8.23,-0.01,111,91353,卖盘
1396,10:59:30,8.24,--,5,4120,买盘
1397,10:59:27,8.24,0.01,6,4944,买盘
1398,10:59:18,8.23,-0.01,750,617250,卖盘
1399,10:59:15,8.24,--,13,10712,买盘
1400,10:59:12,8.24,--,1,824,买盘
1401,10:59:09,8.24,--,60,49440,买盘
1402,10:59:06,8.24,--,6,4944,买盘
1403,10:59:03,8.24,--,3,2472,买盘
1404,10:59:00,8.24,--,25,20600,买盘
1405,10:58:54,8.24,-0.01,382,315295,卖盘
1406,10:58:51,8.25,--,10,8250,买盘
1407,10:58:48,8.25,--,47,38775,买盘
1408,10:58:39,8.25,--,31,25575,买盘
1409,10:58:33,8.25,0.01,61,50325,中性盘
1410,10:58:21,8.24,-0.01,182,149968,卖盘
1411,10:58:18,8.25,--,10,8250,卖盘
1412,10:58:15,8.25,--,42,34947,买盘
1413,10:58:09,8.25,0.01,2,1650,买盘
1414,10:58:06,8.24,--,30,24720,卖盘
1415,10:58:03,8.24,--,125,103000,卖盘
1416,10:57:51,8.24,--,50,41200,卖盘
1417,10:57:45,8.24,--,131,107944,买盘
1418,10:57:42,8.24,--,31,25544,买盘
1419,10:57:39,8.24,--,20,16480,买盘
1420,10:57:36,8.24,--,100,82400,买盘
1421,10:57:33,8.24,--,28,23072,买盘
1422,10:57:30,8.24,--,10,8240,买盘
1423,10:57:27,8.24,-0.01,157,129368,卖盘
1424,10:57:24,8.25,--,15,12375,买盘
1425,10:57:21,8.25,--,19,15675,买盘
1426,10:57:18,8.25,--,121,99825,买盘
1427,10:57:15,8.25,--,18,14850,买盘
1428,10:57:06,8.25,--,35,29403,卖盘
1429,10:57:03,8.25,-0.01,250,206250,卖盘
1430,10:57:00,8.26,0.01,35,28910,买盘
1431,10:56:57,8.25,--,194,160050,卖盘
1432,10:56:48,8.25,--,139,114972,买盘
1433,10:56:45,8.25,--,130,107250,买盘
1434,10:56:42,8.25,--,3,2475,买盘
1435,10:56:36,8.25,--,19,15675,买盘
1436,10:56:30,8.25,--,12,9900,买盘
1437,10:56:24,8.25,0.01,40,33000,买盘
1438,10:56:21,8.24,--,51,42024,买盘
1439,10:56:18,8.24,-0.01,30,24720,中性盘
1440,10:56:12,8.25,-0.01,877,724053,卖盘
1441,10:56:09,8.26,0.01,11,9086,买盘
1442,10:56:06,8.25,--,101,83325,卖盘
1443,10:55:54,8.25,0.01,299,246972,买盘
1444,10:55:51,8.24,--,19,15656,卖盘
1445,10:55:45,8.24,-0.01,6,4944,卖盘
1446,10:55:39,8.25,0.01,17,14025,买盘
1447,10:55:33,8.24,--,20,16480,买盘
1448,10:55:27,8.24,--,10,8240,买盘
1449,10:55:24,8.24,-0.01,102,84048,卖盘
1450,10:55:21,8.25,--,102,84150,买盘
1451,10:55:12,8.25,--,13,10725,买盘
1452,10:55:00,8.25,--,39,32703,卖盘
1453,10:54:57,8.25,0.02,73,60522,买盘
1454,10:54:54,8.23,-0.02,65,53495,卖盘
1455,10:54:48,8.25,--,34,28050,买盘
1456,10:54:45,8.25,--,30,24750,买盘
1457,10:54:39,8.25,--,5,4125,买盘
1458,10:54:30,8.25,--,2,1650,买盘
1459,10:54:27,8.25,--,71,58575,卖盘
1460,10:54:24,8.25,--,2,1650,卖盘
1461,10:54:18,8.25,--,22,18150,卖盘
1462,10:54:15,8.25,-0.01,11,9075,卖盘
1463,10:54:12,8.26,0.01,2,1652,买盘
1464,10:54:09,8.25,--,196,161700,买盘
1465,10:54:06,8.25,--,5,4125,买盘
1466,10:54:03,8.25,0.02,50,41250,买盘
1467,10:54:00,8.23,-0.01,77,63371,卖盘
1468,10:53:57,8.24,-0.01,10,8240,中性盘
1469,10:53:42,8.25,0.02,6,4950,买盘
1470,10:53:36,8.23,--,2,1646,卖盘
1471,10:53:33,8.23,--,50,41150,卖盘
1472,10:53:27,8.23,-0.02,71,58433,卖盘
1473,10:53:24,8.25,0.04,10,8250,买盘
1474,10:53:18,8.21,-0.02,1011,830031,卖盘
1475,10:53:15,8.23,0.01,3,2469,中性盘
1476,10:53:06,8.22,--,5,4110,卖盘
1477,10:52:57,8.22,--,8,6576,卖盘
1478,10:52:54,8.22,0.01,23,18906,卖盘
1479,10:52:51,8.21,-0.05,609,499989,卖盘
1480,10:52:48,8.26,0.04,3,2478,买盘
1481,10:52:45,8.22,--,18,14796,卖盘
1482,10:52:42,8.22,--,12,9864,买盘
1483,10:52:39,8.22,-0.04,31,25482,卖盘
1484,10:52:36,8.26,0.04,343,283318,买盘
1485,10:52:21,8.22,--,6,4932,卖盘
1486,10:52:18,8.22,--,81,66746,买盘
1487,10:52:12,8.22,--,16,13152,买盘
1488,10:52:06,8.22,--,288,236736,买盘
1489,10:52:00,8.22,0.01,3858,3171654,买盘
1490,10:51:57,8.21,--,217,178157,卖盘
1491,10:51:54,8.21,-0.01,203,166663,卖盘
1492,10:51:51,8.22,--,40,32880,买盘
1493,10:51:48,8.22,-0.04,1696,1394769,卖盘
1494,10:51:39,8.26,-0.01,90,74340,卖盘
1495,10:51:30,8.27,--,50,41350,买盘
1496,10:51:24,8.27,-0.01,8,6616,卖盘
1497,10:51:18,8.28,--,9,7451,卖盘
1498,10:51:15,8.28,--,6,4968,卖盘
1499,10:51:09,8.28,0.02,185,153180,买盘
1500,10:51:06,8.26,--,107,88382,卖盘
1501,10:51:00,8.26,--,58,47908,卖盘
1502,10:50:51,8.26,-0.02,140,115640,卖盘
1503,10:50:45,8.28,--,140,115919,买盘
1504,10:50:42,8.28,--,5,4140,买盘
1505,10:50:36,8.28,--,113,93564,卖盘
1506,10:50:33,8.28,--,49,40572,买盘
1507,10:50:27,8.28,--,15,12419,卖盘
1508,10:50:24,8.28,--,5,4140,卖盘
1509,10:50:21,8.28,-0.01,332,274896,卖盘
1510,10:50:18,8.29,0.01,45,37304,买盘
1511,10:50:12,8.28,--,2,1655,卖盘
1512,10:50:03,8.28,--,23,19044,卖盘
1513,10:50:00,8.28,-0.01,24,19872,中性盘
1514,10:49:48,8.29,--,1462,1211997,买盘
1515,10:49:42,8.29,--,8,6631,买盘
1516,10:49:27,8.29,0.01,124,102795,买盘
1517,10:49:18,8.28,--,89,73692,卖盘
1518,10:49:06,8.28,--,81,67068,买盘
1519,10:49:00,8.28,--,28,23184,卖盘
1520,10:48:57,8.28,0.01,17,14075,买盘
1521,10:48:54,8.27,--,66,54582,卖盘
1522,10:48:51,8.27,-0.01,13,10751,卖盘
1523,10:48:48,8.28,0.01,16,13247,买盘
1524,10:48:42,8.27,--,72,59544,卖盘
1525,10:48:30,8.27,--,285,235695,买盘
1526,10:48:27,8.27,--,11,9097,买盘
1527,10:48:18,8.27,0.01,5,4135,买盘
1528,10:48:15,8.26,--,55,45430,卖盘
1529,10:48:12,8.26,--,20,16520,卖盘
1530,10:48:09,8.26,-0.01,10,8260,卖盘
1531,10:48:06,8.27,0.01,8,6616,买盘
1532,10:48:00,8.26,-0.01,10,8260,卖盘
1533,10:47:57,8.27,0.01,3,2481,买盘
1534,10:47:54,8.26,--,23,18998,卖盘
1535,10:47:51,8.26,-0.01,30,24780,卖盘
1536,10:47:48,8.27,--,5,4135,买盘
1537,10:47:42,8.27,0.01,1,827,买盘
1538,10:47:39,8.26,-0.02,130,107380,卖盘
1539,10:47:36,8.28,--,14,11592,卖盘
1540,10:47:30,8.28,0.03,1332,1102896,中性盘
1541,10:47:21,8.25,-0.03,1500,1237500,卖盘
1542,10:47:18,8.28,--,25,20700,买盘
1543,10:47:15,8.28,0.02,10,8280,买盘
1544,10:47:12,8.26,-0.02,450,371700,卖盘
1545,10:47:09,8.28,--,77,63755,买盘
1546,10:47:00,8.28,--,5,4140,买盘
1547,10:46:57,8.28,--,86,71208,卖盘
1548,10:46:54,8.28,--,24,19872,卖盘
1549,10:46:45,8.28,--,11,9108,卖盘
1550,10:46:39,8.28,--,25,20700,买盘
1551,10:46:36,8.28,--,29,24011,买盘
1552,10:46:33,8.28,--,42,34776,卖盘
1553,10:46:27,8.28,--,17,14075,买盘
1554,10:46:21,8.28,--,1,827,买盘
1555,10:46:12,8.28,0.01,19,15731,买盘
1556,10:46:06,8.27,--,65,53755,买盘
1557,10:46:03,8.27,--,28,23156,买盘
1558,10:46:00,8.27,-0.01,49,40523,买盘
1559,10:45:57,8.28,--,119,98531,买盘
1560,10:45:48,8.28,--,9,7451,买盘
1561,10:45:42,8.28,0.01,6,4968,买盘
1562,10:45:36,8.27,0.01,16,13232,卖盘
1563,10:45:33,8.26,-0.01,25,20650,卖盘
1564,10:45:30,8.27,--,13,10751,买盘
1565,10:45:23,8.27,0.02,7,5789,中性盘
1566,10:45:17,8.25,-0.02,900,742500,卖盘
1567,10:45:15,8.27,-0.01,31,25637,卖盘
1568,10:45:11,8.28,0.02,93,77004,中性盘
1569,10:44:59,8.26,--,47,38822,卖盘
1570,10:44:53,8.26,-0.03,327,270102,卖盘
1571,10:44:47,8.29,0.04,27,22382,买盘
1572,10:44:44,8.25,-0.02,1058,872850,卖盘
1573,10:44:41,8.27,-0.02,10,8270,卖盘
1574,10:44:35,8.29,--,1,828,卖盘
1575,10:44:32,8.29,0.02,1,828,买盘
1576,10:44:29,8.27,0.02,5,4135,中性盘
1577,10:44:26,8.25,-0.03,418,344850,卖盘
1578,10:44:23,8.28,0.01,40,33120,买盘
1579,10:44:20,8.27,--,64,52928,卖盘
1580,10:44:17,8.27,--,28,23156,卖盘
1581,10:44:14,8.27,0.02,74,61198,买盘
1582,10:44:11,8.25,-0.01,700,577665,卖盘
1583,10:44:08,8.26,-0.01,82,67732,卖盘
1584,10:43:59,8.27,--,578,478006,卖盘
1585,10:43:53,8.27,-0.01,520,430040,卖盘
1586,10:43:50,8.28,0.01,95,78660,买盘
1587,10:43:47,8.27,-0.01,10,8270,卖盘
1588,10:43:44,8.28,--,20,16560,买盘
1589,10:43:38,8.28,-0.02,1757,1454796,卖盘
1590,10:43:35,8.3,--,32,26560,卖盘
1591,10:43:32,8.3,-0.01,5,4150,卖盘
1592,10:43:29,8.31,0.01,4,3324,买盘
1593,10:43:26,8.3,-0.01,2449,2033334,卖盘
1594,10:43:20,8.31,--,150,124650,卖盘
1595,10:43:17,8.31,--,30,24930,卖盘
1596,10:43:14,8.31,--,36,29916,卖盘
1597,10:43:11,8.31,--,17,14127,卖盘
1598,10:43:08,8.31,--,8,6648,卖盘
1599,10:43:05,8.31,--,300,249300,卖盘
1600,10:43:02,8.31,--,2,1662,卖盘
1601,10:42:59,8.31,-0.01,15,12465,卖盘
1602,10:42:56,8.32,--,41,34112,买盘
1603,10:42:50,8.32,--,183,152256,买盘
1604,10:42:47,8.32,0.01,6,4992,买盘
1605,10:42:35,8.31,-0.01,177,147087,卖盘
1606,10:42:26,8.32,-0.01,191,159444,卖盘
1607,10:42:23,8.33,0.01,2,1666,买盘
1608,10:42:08,8.32,--,100,83200,卖盘
1609,10:42:05,8.32,-0.02,50,41600,卖盘
1610,10:41:53,8.34,0.01,3,2502,买盘
1611,10:41:50,8.33,--,15,12495,买盘
1612,10:41:47,8.33,--,26,21658,卖盘
1613,10:41:38,8.33,0.01,9,7497,买盘
1614,10:41:35,8.32,--,13,10816,卖盘
1615,10:41:11,8.32,--,10,8320,卖盘
1616,10:41:08,8.32,--,52,43563,买盘
1617,10:41:05,8.32,--,47,39104,买盘
1618,10:41:02,8.32,--,229,190528,买盘
1619,10:40:59,8.32,--,250,208000,买盘
1620,10:40:56,8.32,--,27,22464,买盘
1621,10:40:53,8.32,--,110,91520,买盘
1622,10:40:50,8.32,0.01,15,12480,买盘
1623,10:40:47,8.31,-0.01,87,72297,卖盘
1624,10:40:44,8.32,--,87,72384,买盘
1625,10:40:41,8.32,--,10,8320,买盘
1626,10:40:38,8.32,0.01,232,193024,买盘
1627,10:40:32,8.31,-0.01,55,45705,卖盘
1628,10:40:23,8.32,--,20,16640,买盘
1629,10:40:20,8.32,--,52,43264,买盘
1630,10:40:14,8.32,--,30,24960,买盘
1631,10:40:11,8.32,--,120,99840,买盘
1632,10:40:08,8.32,0.01,10,8320,买盘
1633,10:40:05,8.31,-0.01,1,831,卖盘
1634,10:40:02,8.32,--,10,8320,买盘
1635,10:39:56,8.32,--,470,391040,买盘
1636,10:39:50,8.32,0.01,3,2496,买盘
1637,10:39:44,8.31,-0.01,5,4155,卖盘
1638,10:39:38,8.32,--,12,9984,买盘
1639,10:39:32,8.32,--,5,4160,买盘
1640,10:39:29,8.32,0.01,27,22464,买盘
1641,10:39:23,8.31,--,205,170355,卖盘
1642,10:39:14,8.31,-0.01,20,16620,卖盘
1643,10:39:08,8.32,0.01,10,8320,买盘
1644,10:39:05,8.31,--,74,61494,卖盘
1645,10:39:02,8.31,--,5,4155,卖盘
1646,10:38:59,8.31,-0.01,0,166,卖盘
1647,10:38:50,8.32,0.01,118,98176,买盘
1648,10:38:44,8.31,-0.01,5,4155,卖盘
1649,10:38:35,8.32,0.01,44,36608,买盘
1650,10:38:29,8.31,-0.01,39,32409,卖盘
1651,10:38:26,8.32,--,257,213824,买盘
1652,10:38:14,8.32,--,23,19136,买盘
1653,10:38:11,8.32,-0.01,380,316160,卖盘
1654,10:38:05,8.33,0.01,28,23324,买盘
1655,10:38:02,8.32,--,20,16640,卖盘
1656,10:37:59,8.32,--,2,1664,卖盘
1657,10:37:56,8.32,-0.01,10,8320,卖盘
1658,10:37:53,8.33,--,28,23324,买盘
1659,10:37:50,8.33,--,8,6664,买盘
1660,10:37:47,8.33,0.01,3,2499,买盘
1661,10:37:44,8.32,--,10,8320,卖盘
1662,10:37:41,8.32,-0.01,200,166400,卖盘
1663,10:37:35,8.33,0.01,71,59143,买盘
1664,10:37:29,8.32,-0.01,100,83200,卖盘
1665,10:37:26,8.33,--,113,94795,卖盘
1666,10:37:23,8.33,-0.01,285,237405,卖盘
1667,10:37:17,8.34,--,139,115926,卖盘
1668,10:37:14,8.34,--,145,120930,买盘
1669,10:37:11,8.34,0.01,10,8340,买盘
1670,10:37:05,8.33,-0.01,30,24990,卖盘
1671,10:36:59,8.34,--,118,98412,买盘
1672,10:36:47,8.34,--,30,25020,卖盘
1673,10:36:44,8.34,-0.01,13,10842,卖盘
1674,10:36:38,8.35,--,7,5845,买盘
1675,10:36:35,8.35,--,1,835,买盘
1676,10:36:32,8.35,--,50,41750,买盘
1677,10:36:29,8.35,-0.01,362,302270,卖盘
1678,10:36:26,8.36,0.01,31,25916,买盘
1679,10:36:17,8.35,--,220,183700,卖盘
1680,10:36:14,8.35,--,10,8350,卖盘
1681,10:36:11,8.35,-0.01,216,180360,卖盘
1682,10:36:05,8.36,0.01,506,423016,买盘
1683,10:36:02,8.35,-0.01,230,192050,卖盘
1684,10:35:53,8.36,0.01,3,2508,买盘
1685,10:35:50,8.35,--,100,83500,卖盘
1686,10:35:41,8.35,-0.01,31,25885,卖盘
1687,10:35:32,8.36,0.01,10,8360,买盘
1688,10:35:29,8.35,--,100,83500,卖盘
1689,10:35:26,8.35,--,9,7515,卖盘
1690,10:35:23,8.35,--,3,2505,卖盘
1691,10:35:17,8.35,--,2,1670,卖盘
1692,10:35:14,8.35,-0.01,14,11690,卖盘
1693,10:35:08,8.36,0.01,14,11704,买盘
1694,10:34:59,8.35,-0.01,100,83500,卖盘
1695,10:34:56,8.36,0.01,4,3344,买盘
1696,10:34:53,8.35,--,2,1670,卖盘
1697,10:34:47,8.35,--,140,116900,卖盘
1698,10:34:41,8.35,-0.01,2,1670,卖盘
1699,10:34:38,8.36,--,20,16720,买盘
1700,10:34:35,8.36,0.03,76,63535,买盘
1701,10:34:29,8.33,-0.02,1114,927962,卖盘
1702,10:34:26,8.35,-0.01,377,314795,卖盘
1703,10:34:20,8.36,0.01,94,78751,买盘
1704,10:34:17,8.35,--,4,3340,买盘
1705,10:34:08,8.35,--,132,110220,买盘
1706,10:34:02,8.35,--,75,62625,买盘
1707,10:33:59,8.35,--,521,435035,买盘
1708,10:33:56,8.35,--,14,11690,买盘
1709,10:33:53,8.35,--,149,124415,买盘
1710,10:33:50,8.35,--,20,16700,买盘
1711,10:33:47,8.35,--,110,91850,买盘
1712,10:33:35,8.35,0.01,23,19205,买盘
1713,10:33:29,8.34,0.01,19,15846,中性盘
1714,10:33:14,8.33,-0.01,366,304878,卖盘
1715,10:33:11,8.34,0.01,332,276888,买盘
1716,10:33:05,8.33,-0.01,7,5831,卖盘
1717,10:32:50,8.34,0.01,10,8340,买盘
1718,10:32:35,8.33,-0.01,165,137445,卖盘
1719,10:32:23,8.34,0.01,242,201828,买盘
1720,10:32:20,8.33,-0.01,7,5831,卖盘
1721,10:32:17,8.34,--,44,36696,买盘
1722,10:32:11,8.34,0.01,3,2502,买盘
1723,10:32:05,8.33,-0.01,75,62475,卖盘
1724,10:32:02,8.34,--,118,98412,买盘
1725,10:31:59,8.34,--,73,60882,买盘
1726,10:31:56,8.34,--,21,17514,买盘
1727,10:31:44,8.34,--,139,115926,买盘
1728,10:31:35,8.34,0.01,30,25020,买盘
1729,10:31:32,8.33,--,7,5831,卖盘
1730,10:31:26,8.33,--,2,1666,卖盘
1731,10:31:20,8.33,-0.01,10,8330,卖盘
1732,10:31:17,8.34,--,32,26688,买盘
1733,10:31:05,8.34,--,12,10008,买盘
1734,10:30:53,8.34,--,10,8340,买盘
1735,10:30:50,8.34,--,10,8340,买盘
1736,10:30:44,8.34,-0.01,187,155958,卖盘
1737,10:30:38,8.35,0.01,4,3340,买盘
1738,10:30:26,8.34,--,160,133440,卖盘
1739,10:30:23,8.34,--,30,25020,卖盘
1740,10:30:20,8.34,-0.01,20,16680,卖盘
1741,10:30:05,8.35,--,5,4175,买盘
1742,10:30:02,8.35,0.01,38,31730,买盘
1743,10:29:53,8.34,-0.01,20,17347,卖盘
1744,10:29:50,8.35,--,26,21877,买盘
1745,10:29:41,8.35,--,97,81663,卖盘
1746,10:29:38,8.35,--,24,20207,买盘
1747,10:29:29,8.35,--,149,125083,卖盘
1748,10:29:26,8.35,--,1,835,卖盘
1749,10:29:14,8.35,0.01,359,299932,买盘
1750,10:29:11,8.34,-0.01,2,1668,卖盘
1751,10:28:56,8.35,--,77,64295,买盘
1752,10:28:53,8.35,-0.01,89,74983,卖盘
1753,10:28:50,8.36,0.01,7,5852,买盘
1754,10:28:47,8.35,--,59,49265,卖盘
1755,10:28:44,8.35,--,40,33400,卖盘
1756,10:28:35,8.35,--,1,835,卖盘
1757,10:28:32,8.35,0.01,336,280727,买盘
1758,10:28:29,8.34,-0.01,10,8340,卖盘
1759,10:28:26,8.35,--,149,124415,买盘
1760,10:28:23,8.35,--,12,10020,买盘
1761,10:28:14,8.35,--,30,25050,买盘
1762,10:28:11,8.35,-0.01,463,387273,卖盘
1763,10:28:08,8.36,0.01,1,836,买盘
1764,10:28:05,8.35,-0.01,15,12525,卖盘
1765,10:28:02,8.36,0.01,200,167200,买盘
1766,10:27:53,8.35,-0.01,45,37575,卖盘
1767,10:27:50,8.36,0.01,40,33607,买盘
1768,10:27:47,8.35,--,18,15030,卖盘
1769,10:27:41,8.35,--,93,77655,买盘
1770,10:27:38,8.35,--,2,1670,买盘
1771,10:27:35,8.35,--,2,1670,买盘
1772,10:27:32,8.35,0.01,40,33400,买盘
1773,10:27:29,8.34,-0.01,481,401154,卖盘
1774,10:27:26,8.35,--,6,5010,买盘
1775,10:27:20,8.35,--,5,4175,买盘
1776,10:27:17,8.35,--,57,47595,卖盘
1777,10:27:05,8.35,--,534,445890,买盘
1778,10:27:02,8.35,--,25,20875,买盘
1779,10:26:56,8.35,--,22,18370,买盘
1780,10:26:44,8.35,0.01,33,27555,买盘
1781,10:26:32,8.34,--,890,742260,买盘
1782,10:26:29,8.34,0.01,41,34194,买盘
1783,10:26:26,8.33,-0.01,239,199087,卖盘
1784,10:26:23,8.34,--,39,32526,买盘
1785,10:26:08,8.34,--,10,8340,买盘
1786,10:26:02,8.34,0.01,70,58380,买盘
1787,10:25:56,8.33,-0.01,43,35819,卖盘
1788,10:25:53,8.34,--,20,16680,买盘
1789,10:25:44,8.34,0.01,15,12510,买盘
1790,10:25:41,8.33,--,42,34986,卖盘
1791,10:25:29,8.33,-0.01,338,281554,卖盘
1792,10:25:20,8.34,--,60,50040,买盘
1793,10:25:17,8.34,0.01,1,834,买盘
1794,10:25:08,8.33,--,142,118286,卖盘
1795,10:25:05,8.33,--,25,20825,中性盘
1796,10:24:56,8.33,-0.01,4,3332,中性盘
1797,10:24:47,8.34,0.02,5,4170,买盘
1798,10:24:44,8.32,-0.02,34,28288,卖盘
1799,10:24:31,8.34,0.02,353,294402,买盘
1800,10:24:25,8.32,-0.02,100,83200,卖盘
1801,10:24:13,8.34,0.02,2,1668,中性盘
1802,10:23:58,8.32,--,126,104832,买盘
1803,10:23:55,8.32,0.03,170,141440,买盘
1804,10:23:49,8.29,-0.01,40,33160,卖盘
1805,10:23:46,8.3,--,21,17430,买盘
1806,10:23:43,8.3,--,37,30710,买盘
1807,10:23:40,8.3,--,5,4150,买盘
1808,10:23:37,8.3,-0.01,102,84660,卖盘
1809,10:23:34,8.31,0.01,105,87255,中性盘
1810,10:23:25,8.3,--,281,233230,卖盘
1811,10:23:16,8.3,-0.01,13,10790,卖盘
1812,10:23:13,8.31,--,58,48198,买盘
1813,10:23:07,8.31,0.01,2,1662,买盘
1814,10:23:04,8.3,-0.01,2,1660,卖盘
1815,10:23:01,8.31,--,13,10803,买盘
1816,10:22:58,8.31,--,25,20775,买盘
1817,10:22:52,8.31,--,5,4155,买盘
1818,10:22:49,8.31,--,1136,944016,买盘
1819,10:22:43,8.31,0.01,7,5817,买盘
1820,10:22:31,8.3,-0.01,191,158530,卖盘
1821,10:22:28,8.31,--,40,33240,买盘
1822,10:22:25,8.31,--,10,8310,买盘
1823,10:22:22,8.31,0.01,17,14127,买盘
1824,10:22:16,8.3,-0.01,21,17430,卖盘
1825,10:22:13,8.31,0.01,10,8310,买盘
1826,10:22:07,8.3,-0.01,20,16600,卖盘
1827,10:22:04,8.31,0.01,89,73959,买盘
1828,10:21:58,8.3,-0.01,1,830,卖盘
1829,10:21:52,8.31,--,6,4986,买盘
1830,10:21:49,8.31,--,93,77283,买盘
1831,10:21:43,8.31,--,9,7479,买盘
1832,10:21:40,8.31,--,50,41550,买盘
1833,10:21:34,8.31,--,20,16620,买盘
1834,10:21:31,8.31,--,28,23268,买盘
1835,10:21:28,8.31,--,353,293343,卖盘
1836,10:21:16,8.31,-0.01,102,84762,卖盘
1837,10:21:10,8.32,--,68,56576,买盘
1838,10:20:58,8.32,--,4,3328,买盘
1839,10:20:55,8.32,0.01,117,97344,买盘
1840,10:20:52,8.31,-0.01,2,1662,卖盘
1841,10:20:49,8.32,0.01,45,37440,买盘
1842,10:20:40,8.31,-0.01,229,190299,卖盘
1843,10:20:37,8.32,--,48,39936,买盘
1844,10:20:34,8.32,0.01,12,9984,买盘
1845,10:20:28,8.31,-0.01,2,1662,卖盘
1846,10:20:10,8.32,--,110,91520,买盘
1847,10:20:07,8.32,--,10,8320,买盘
1848,10:20:04,8.32,0.01,3,2496,买盘
1849,10:20:01,8.31,-0.01,19,15789,卖盘
1850,10:19:58,8.32,0.01,20,16640,买盘
1851,10:19:43,8.31,0.01,37,30747,买盘
1852,10:19:37,8.3,-0.01,85,70550,卖盘
1853,10:19:34,8.31,0.01,26,21606,买盘
1854,10:19:31,8.3,-0.01,30,24900,卖盘
1855,10:19:28,8.31,--,16,13296,买盘
1856,10:19:19,8.31,0.01,77,63987,买盘
1857,10:19:16,8.3,--,46,38180,卖盘
1858,10:19:10,8.3,--,83,68890,卖盘
1859,10:19:07,8.3,-0.01,19,15770,卖盘
1860,10:19:04,8.31,0.01,5,4155,买盘
1861,10:19:01,8.3,--,149,123670,买盘
1862,10:18:58,8.3,--,54,44820,买盘
1863,10:18:55,8.3,-0.01,104,86320,中性盘
1864,10:18:49,8.31,0.01,81,67311,买盘
1865,10:18:46,8.3,-0.01,207,171810,卖盘
1866,10:18:40,8.31,--,210,174510,买盘
1867,10:18:37,8.31,0.01,11,9141,买盘
1868,10:18:34,8.3,-0.01,15,12450,卖盘
1869,10:18:31,8.31,0.01,89,73959,买盘
1870,10:18:28,8.3,--,66,54780,卖盘
1871,10:18:25,8.3,-0.01,35,29050,卖盘
1872,10:18:19,8.31,--,133,110523,买盘
1873,10:18:13,8.31,--,22,18282,买盘
1874,10:18:10,8.31,0.01,31,25761,买盘
1875,10:18:07,8.3,--,300,249000,卖盘
1876,10:18:04,8.3,-0.01,510,423300,卖盘
1877,10:18:01,8.31,--,55,45705,买盘
1878,10:17:58,8.31,0.01,169,140439,买盘
1879,10:17:55,8.3,-0.01,631,523730,卖盘
1880,10:17:49,8.31,0.01,154,127974,买盘
1881,10:17:46,8.3,-0.01,278,230740,卖盘
1882,10:17:40,8.31,--,20,16620,买盘
1883,10:17:37,8.31,--,100,83100,买盘
1884,10:17:31,8.31,-0.01,596,495359,卖盘
1885,10:17:28,8.32,0.01,2,1664,买盘
1886,10:17:25,8.31,--,124,103044,卖盘
1887,10:17:22,8.31,--,44,36564,卖盘
1888,10:17:19,8.31,-0.01,36,29916,卖盘
1889,10:17:16,8.32,0.01,13,10816,中性盘
1890,10:17:10,8.31,--,5,4155,卖盘
1891,10:17:07,8.31,--,513,427050,卖盘
1892,10:17:04,8.31,-0.02,929,771999,卖盘
1893,10:17:01,8.33,--,216,179928,买盘
1894,10:16:58,8.33,--,82,68306,买盘
1895,10:16:52,8.33,--,10,8330,买盘
1896,10:16:49,8.33,--,469,390677,卖盘
1897,10:16:46,8.33,--,10,8330,卖盘
1898,10:16:43,8.33,--,54,44982,卖盘
1899,10:16:40,8.33,-0.01,46,38318,卖盘
1900,10:16:31,8.34,--,78,65177,卖盘
1901,10:16:28,8.34,--,200,166800,卖盘
1902,10:16:22,8.34,--,7,5838,卖盘
1903,10:16:19,8.34,-0.01,33,27522,卖盘
1904,10:16:16,8.35,--,20,16700,买盘
1905,10:16:10,8.35,--,57,47595,买盘
1906,10:16:01,8.35,--,10,8350,买盘
1907,10:15:58,8.35,--,201,167918,卖盘
1908,10:15:52,8.35,--,13,10855,卖盘
1909,10:15:49,8.35,--,17,14195,卖盘
1910,10:15:43,8.35,--,0,751,卖盘
1911,10:15:37,8.35,--,15,12525,卖盘
1912,10:15:28,8.35,--,7,5845,卖盘
1913,10:15:25,8.35,--,12,10020,卖盘
1914,10:15:19,8.35,--,10,8350,卖盘
1915,10:15:13,8.35,0.01,3,2505,买盘
1916,10:15:07,8.34,--,9,7506,卖盘
1917,10:15:04,8.34,-0.01,144,120096,卖盘
1918,10:15:01,8.35,--,67,55945,买盘
1919,10:14:58,8.35,--,40,33400,买盘
1920,10:14:49,8.35,--,428,357463,卖盘
1921,10:14:46,8.35,--,10,8350,卖盘
1922,10:14:43,8.35,-0.01,5,4175,卖盘
1923,10:14:40,8.36,0.01,6,5016,买盘
1924,10:14:37,8.35,-0.01,20,16700,卖盘
1925,10:14:34,8.36,--,30,25080,买盘
1926,10:14:31,8.36,--,188,157168,卖盘
1927,10:14:25,8.36,0.01,10,8360,卖盘
1928,10:14:16,8.35,-0.01,305,254675,卖盘
1929,10:14:04,8.36,-0.01,15,12540,中性盘
1930,10:13:49,8.37,0.02,18,15065,买盘
1931,10:13:46,8.35,--,91,75985,卖盘
1932,10:13:40,8.35,--,2,1670,卖盘
1933,10:13:34,8.35,--,105,88426,买盘
1934,10:13:28,8.35,--,21,17535,买盘
1935,10:13:22,8.35,--,9,7515,买盘
1936,10:13:19,8.35,-0.02,316,263943,卖盘
1937,10:13:16,8.37,0.01,3,2510,卖盘
1938,10:13:13,8.36,-0.01,230,192280,卖盘
1939,10:13:10,8.37,--,6,5021,买盘
1940,10:13:07,8.37,0.01,16,13391,买盘
1941,10:13:04,8.36,-0.01,60,50160,卖盘
1942,10:13:01,8.37,0.02,1,836,买盘
1943,10:12:55,8.35,--,600,501000,卖盘
1944,10:12:46,8.35,--,35,29225,卖盘
1945,10:12:40,8.35,--,50,41750,卖盘
1946,10:12:37,8.35,--,1,835,卖盘
1947,10:12:22,8.35,--,11,9936,买盘
1948,10:12:19,8.35,--,128,106880,买盘
1949,10:12:13,8.35,--,5,4175,买盘
1950,10:12:10,8.35,--,15,12525,买盘
1951,10:12:04,8.35,0.01,15,12525,买盘
1952,10:11:52,8.34,-0.01,43,35862,卖盘
1953,10:11:46,8.35,0.01,36,30060,买盘
1954,10:11:40,8.34,-0.01,40,33360,卖盘
1955,10:11:34,8.35,--,25,20875,买盘
1956,10:11:22,8.35,0.01,67,55945,买盘
1957,10:11:19,8.34,-0.01,41,34194,卖盘
1958,10:11:13,8.35,--,5,4175,买盘
1959,10:11:10,8.35,--,110,91850,买盘
1960,10:11:07,8.35,--,16,13360,买盘
1961,10:10:49,8.35,0.01,331,277094,买盘
1962,10:10:34,8.34,--,199,166091,卖盘
1963,10:10:31,8.34,-0.01,2,1668,卖盘
1964,10:10:22,8.35,0.01,200,167000,买盘
1965,10:10:16,8.34,-0.01,78,65052,卖盘
1966,10:10:13,8.35,--,13,10855,买盘
1967,10:10:07,8.35,--,3,2505,买盘
1968,10:10:04,8.35,--,108,90180,买盘
1969,10:10:01,8.35,--,5,4175,买盘
1970,10:09:55,8.35,--,272,227203,卖盘
1971,10:09:52,8.35,-0.01,50,41750,卖盘
1972,10:09:46,8.36,0.01,93,78500,买盘
1973,10:09:37,8.35,-0.01,38,31730,卖盘
1974,10:09:34,8.36,0.01,4,3344,买盘
1975,10:09:25,8.35,--,39,32565,买盘
1976,10:09:22,8.35,--,51,42585,买盘
1977,10:09:19,8.35,--,39,32565,买盘
1978,10:09:13,8.35,0.01,6,5010,买盘
1979,10:09:01,8.34,--,63,53250,买盘
1980,10:08:58,8.34,--,144,120096,买盘
1981,10:08:55,8.34,--,63,52542,买盘
1982,10:08:49,8.34,--,101,84234,买盘
1983,10:08:46,8.34,0.01,10,8340,买盘
1984,10:08:40,8.33,-0.01,45,37485,卖盘
1985,10:08:37,8.34,--,27,22518,买盘
1986,10:08:34,8.34,0.01,276,230184,买盘
1987,10:08:31,8.33,-0.01,20,16660,卖盘
1988,10:08:28,8.34,0.01,20,16680,买盘
1989,10:08:25,8.33,--,9,7497,卖盘
1990,10:08:19,8.33,--,10,8330,卖盘
1991,10:08:16,8.33,--,76,63308,卖盘
1992,10:08:13,8.33,--,2,1666,卖盘
1993,10:08:10,8.33,--,36,29988,买盘
1994,10:08:07,8.33,--,27,22491,买盘
1995,10:08:01,8.33,0.01,56,46648,买盘
1996,10:07:58,8.32,-0.01,220,183040,卖盘
1997,10:07:49,8.33,0.01,26,21658,买盘
1998,10:07:46,8.32,-0.01,148,123136,卖盘
1999,10:07:40,8.33,0.01,10,8330,买盘
2000,10:07:37,8.32,-0.01,100,83200,卖盘
2001,10:07:34,8.33,--,36,29988,买盘
2002,10:07:28,8.33,-0.01,6,4998,买盘
2003,10:07:22,8.34,0.01,797,664698,买盘
2004,10:07:19,8.33,-0.01,60,49980,卖盘
2005,10:07:16,8.34,--,13,10842,买盘
2006,10:07:10,8.34,--,38,31692,买盘
2007,10:07:07,8.34,--,70,59072,卖盘
2008,10:07:04,8.34,--,134,111756,卖盘
2009,10:07:01,8.34,-0.01,100,83400,卖盘
2010,10:06:58,8.35,0.01,219,182865,买盘
2011,10:06:55,8.34,-0.01,266,221844,卖盘
2012,10:06:52,8.35,--,7,5845,买盘
2013,10:06:49,8.35,0.01,55,45925,买盘
2014,10:06:46,8.34,-0.01,15,12510,卖盘
2015,10:06:40,8.35,--,10,8350,买盘
2016,10:06:37,8.35,--,24,20040,卖盘
2017,10:06:34,8.35,--,50,41750,卖盘
2018,10:06:31,8.35,--,62,51770,卖盘
2019,10:06:28,8.35,--,50,41750,卖盘
2020,10:06:25,8.35,--,3,2505,卖盘
2021,10:06:19,8.35,--,3,2505,买盘
2022,10:06:16,8.35,0.01,15,12525,买盘
2023,10:06:13,8.34,-0.01,52,43368,卖盘
2024,10:06:10,8.35,--,32,26720,买盘
2025,10:06:07,8.35,--,12,10020,买盘
2026,10:06:01,8.35,--,10,8350,买盘
2027,10:05:52,8.35,0.01,63,52605,买盘
2028,10:05:49,8.34,-0.01,80,66720,卖盘
2029,10:05:43,8.35,--,2,1670,买盘
2030,10:05:40,8.35,0.01,10,8350,买盘
2031,10:05:37,8.34,--,5,4170,卖盘
2032,10:05:28,8.34,--,10,8340,卖盘
2033,10:05:25,8.34,--,123,102723,买盘
2034,10:05:22,8.34,--,5,4170,买盘
2035,10:05:19,8.34,--,51,42534,买盘
2036,10:05:16,8.34,--,46,38364,买盘
2037,10:05:13,8.34,0.01,31,25854,买盘
2038,10:05:10,8.33,0.01,150,124950,中性盘
2039,10:05:04,8.32,-0.01,200,166400,卖盘
2040,10:05:01,8.33,--,220,183260,卖盘
2041,10:04:55,8.33,--,394,328202,买盘
2042,10:04:52,8.33,--,30,24990,买盘
2043,10:04:49,8.33,--,570,474810,买盘
2044,10:04:46,8.33,--,105,87465,买盘
2045,10:04:40,8.33,--,220,183260,买盘
2046,10:04:37,8.33,--,40,33320,买盘
2047,10:04:34,8.33,--,20,16660,买盘
2048,10:04:31,8.33,0.01,35,29155,买盘
2049,10:04:28,8.32,--,41,34112,卖盘
2050,10:04:21,8.32,-0.02,41,34112,卖盘
2051,10:04:18,8.34,0.01,141,117594,买盘
2052,10:04:15,8.33,-0.01,220,183951,卖盘
2053,10:04:12,8.34,--,535,446190,买盘
2054,10:04:09,8.34,--,138,115092,买盘
2055,10:04:06,8.34,--,20,16680,买盘
2056,10:04:03,8.34,--,26,21684,买盘
2057,10:04:00,8.34,-0.01,244,203496,中性盘
2058,10:03:57,8.35,0.01,604,504340,买盘
2059,10:03:54,8.34,0.01,330,275220,买盘
2060,10:03:51,8.33,-0.02,310,258230,卖盘
2061,10:03:45,8.35,0.02,60,50100,买盘
2062,10:03:36,8.33,--,3,2499,卖盘
2063,10:03:33,8.33,--,1,974,买盘
2064,10:03:30,8.33,--,265,220745,买盘
2065,10:03:24,8.33,0.01,15,12495,买盘
2066,10:03:12,8.32,--,160,133120,买盘
2067,10:03:09,8.32,--,243,202176,买盘
2068,10:03:03,8.32,--,5,4160,买盘
2069,10:03:00,8.32,--,240,199680,买盘
2070,10:02:57,8.32,--,179,148928,买盘
2071,10:02:54,8.32,--,88,73216,买盘
2072,10:02:51,8.32,--,20,16640,买盘
2073,10:02:45,8.32,--,171,142272,买盘
2074,10:02:36,8.32,--,635,528320,买盘
2075,10:02:30,8.32,0.01,63,52416,买盘
2076,10:02:27,8.31,-0.02,273,227552,卖盘
2077,10:02:21,8.33,--,10,8330,买盘
2078,10:02:15,8.33,0.01,3,2499,买盘
2079,10:02:12,8.32,--,8,6797,买盘
2080,10:02:09,8.32,0.01,23,19136,买盘
2081,10:02:06,8.31,-0.01,76,63156,卖盘
2082,10:02:03,8.32,--,35,29120,买盘
2083,10:02:00,8.32,--,20,16640,买盘
2084,10:01:57,8.32,0.01,301,250432,买盘
2085,10:01:54,8.31,-0.01,1033,858423,卖盘
2086,10:01:48,8.32,--,145,120640,买盘
2087,10:01:45,8.32,--,110,91520,买盘
2088,10:01:42,8.32,0.01,28,23296,买盘
2089,10:01:39,8.31,-0.01,328,272568,卖盘
2090,10:01:36,8.32,--,63,52416,买盘
2091,10:01:33,8.32,--,10,8320,买盘
2092,10:01:27,8.32,--,106,88192,买盘
2093,10:01:24,8.32,--,5,4160,买盘
2094,10:01:18,8.32,0.01,40,33280,买盘
2095,10:01:15,8.31,--,25,20775,卖盘
2096,10:01:06,8.31,--,25,20775,卖盘
2097,10:01:03,8.31,0.01,13,10803,买盘
2098,10:01:00,8.3,--,46,38180,卖盘
2099,10:00:57,8.3,-0.01,80,66400,卖盘
2100,10:00:54,8.31,--,32,26592,买盘
2101,10:00:51,8.31,--,80,66480,买盘
2102,10:00:48,8.31,--,120,99720,买盘
2103,10:00:42,8.31,0.01,42,34902,买盘
2104,10:00:36,8.3,0.01,213,176790,买盘
2105,10:00:33,8.29,--,184,152535,卖盘
2106,10:00:30,8.29,--,20,16580,卖盘
2107,10:00:24,8.29,-0.01,115,95334,卖盘
2108,10:00:18,8.3,0.01,94,78020,买盘
2109,10:00:15,8.29,--,531,440198,卖盘
2110,10:00:09,8.29,-0.01,164,135956,卖盘
2111,10:00:06,8.3,--,76,63080,买盘
2112,10:00:03,8.3,--,9,7470,买盘
2113,10:00:00,8.3,0.01,73,60590,中性盘
2114,09:59:57,8.29,-0.02,812,673147,卖盘
2115,09:59:54,8.31,--,70,58859,卖盘
2116,09:59:51,8.31,0.01,887,737238,买盘
2117,09:59:48,8.3,--,5,4150,买盘
2118,09:59:45,8.3,--,985,818238,卖盘
2119,09:59:39,8.3,-0.01,306,253980,卖盘
2120,09:59:36,8.31,--,4,3324,卖盘
2121,09:59:33,8.31,-0.01,297,246807,卖盘
2122,09:59:30,8.32,--,81,67392,买盘
2123,09:59:27,8.32,--,893,742976,卖盘
2124,09:59:24,8.32,--,621,516672,卖盘
2125,09:59:21,8.32,--,300,249600,卖盘
2126,09:59:18,8.32,0.01,1830,1522560,买盘
2127,09:59:15,8.31,-0.01,114,94734,卖盘
2128,09:59:03,8.32,0.01,444,369408,买盘
2129,09:59:00,8.31,--,1,831,买盘
2130,09:58:57,8.31,-0.01,17,14127,中性盘
2131,09:58:51,8.32,--,10,8320,买盘
2132,09:58:48,8.32,0.02,48,39936,买盘
2133,09:58:45,8.3,-0.01,651,540330,卖盘
2134,09:58:39,8.31,-0.01,573,476304,卖盘
2135,09:58:36,8.32,0.01,30,24960,买盘
2136,09:58:33,8.31,0.01,4,3324,中性盘
2137,09:58:30,8.3,--,100,83000,卖盘
2138,09:58:27,8.3,--,292,242360,卖盘
2139,09:58:24,8.3,--,20,16600,卖盘
2140,09:58:21,8.3,--,349,289670,买盘
2141,09:58:18,8.3,--,10,8300,买盘
2142,09:58:15,8.3,--,19,15770,买盘
2143,09:58:12,8.3,--,426,353580,卖盘
2144,09:58:09,8.3,-0.02,3,2490,卖盘
2145,09:58:06,8.32,0.02,1,832,中性盘
2146,09:57:57,8.3,--,314,260620,买盘
2147,09:57:54,8.3,--,233,193390,买盘
2148,09:57:51,8.3,--,10,8300,买盘
2149,09:57:48,8.3,0.01,119,98770,买盘
2150,09:57:45,8.29,-0.01,113,93676,买盘
2151,09:57:42,8.3,0.01,178,147740,买盘
2152,09:57:39,8.29,--,39,32330,卖盘
2153,09:57:36,8.29,0.02,367,304242,买盘
2154,09:57:33,8.27,-0.03,711,587997,卖盘
2155,09:57:27,8.3,0.02,255,211650,买盘
2156,09:57:24,8.28,--,213,176364,买盘
2157,09:57:21,8.28,0.01,142,117575,买盘
2158,09:57:18,8.27,-0.01,265,219155,卖盘
2159,09:57:15,8.28,--,30,24839,买盘
2160,09:57:12,8.28,0.02,40,33120,买盘
2161,09:57:09,8.26,-0.02,265,218890,卖盘
2162,09:57:06,8.28,-0.02,389,322092,卖盘
2163,09:57:03,8.3,-0.05,888,737123,卖盘
2164,09:56:57,8.35,0.03,250,208750,买盘
2165,09:56:51,8.32,-0.01,1005,836160,买盘
2166,09:56:48,8.33,0.03,50,41650,中性盘
2167,09:56:45,8.3,-0.05,5074,4212167,卖盘
2168,09:56:42,8.35,0.03,18,15030,买盘
2169,09:56:39,8.32,-0.02,314,261248,卖盘
2170,09:56:36,8.34,-0.01,40,33360,卖盘
2171,09:56:33,8.35,--,139,116148,卖盘
2172,09:56:27,8.35,--,23,19205,卖盘
2173,09:56:24,8.35,0.02,718,600281,买盘
2174,09:56:21,8.33,-0.02,365,304045,卖盘
2175,09:56:18,8.35,--,46,38493,买盘
2176,09:56:15,8.35,0.01,54,45090,买盘
2177,09:56:12,8.34,-0.01,1,834,卖盘
2178,09:56:09,8.35,-0.02,100,83500,买盘
2179,09:56:06,8.37,0.03,194,162377,买盘
2180,09:56:03,8.34,-0.01,1100,917400,卖盘
2181,09:56:00,8.35,-0.02,3061,2555935,卖盘
2182,09:55:57,8.37,--,30,25109,买盘
2183,09:55:54,8.37,--,207,173258,买盘
2184,09:55:51,8.37,-0.01,81,68491,卖盘
2185,09:55:48,8.38,--,37,31006,卖盘
2186,09:55:42,8.38,0.01,474,397354,买盘
2187,09:55:39,8.37,--,11,9207,买盘
2188,09:55:36,8.37,-0.01,218,182465,卖盘
2189,09:55:30,8.38,0.01,3,2514,买盘
2190,09:55:24,8.37,--,15,12554,卖盘
2191,09:55:21,8.37,-0.01,25,20924,卖盘
2192,09:55:18,8.38,--,156,130728,买盘
2193,09:55:15,8.38,0.01,10,8380,买盘
2194,09:55:12,8.37,--,45,37665,卖盘
2195,09:55:06,8.37,--,43,35991,卖盘
2196,09:55:03,8.37,-0.01,150,125549,卖盘
2197,09:54:54,8.38,--,213,178494,买盘
2198,09:54:51,8.38,0.02,16,13408,买盘
2199,09:54:45,8.36,-0.03,815,681816,卖盘
2200,09:54:33,8.39,0.02,62,52747,买盘
2201,09:54:30,8.37,-0.02,271,226935,卖盘
2202,09:54:27,8.39,--,126,105714,买盘
2203,09:54:24,8.39,0.02,88,73832,买盘
2204,09:54:21,8.37,--,626,523961,卖盘
2205,09:54:18,8.37,-0.02,523,437750,卖盘
2206,09:54:15,8.39,-0.01,46,38594,中性盘
2207,09:54:09,8.4,--,6,5040,买盘
2208,09:54:06,8.4,0.03,20,16800,买盘
2209,09:54:00,8.37,-0.01,21,17577,卖盘
2210,09:53:57,8.38,--,11,9947,买盘
2211,09:53:54,8.38,--,24,20112,买盘
2212,09:53:48,8.38,--,10,8380,买盘
2213,09:53:45,8.38,--,11,9218,买盘
2214,09:53:42,8.38,--,5,4190,买盘
2215,09:53:39,8.38,--,6,5028,买盘
2216,09:53:33,8.38,--,11,9218,买盘
2217,09:53:30,8.38,0.01,230,192740,买盘
2218,09:53:24,8.37,-0.01,4,3347,卖盘
2219,09:53:18,8.38,0.01,61,51118,买盘
2220,09:53:15,8.37,--,12,10043,买盘
2221,09:53:12,8.37,--,14,11717,买盘
2222,09:53:09,8.37,0.01,70,58589,买盘
2223,09:53:03,8.36,--,5,4180,卖盘
2224,09:53:00,8.36,-0.01,69,57683,卖盘
2225,09:52:57,8.37,-0.01,96,80351,卖盘
2226,09:52:54,8.38,0.01,15,12570,买盘
2227,09:52:48,8.37,--,369,308853,卖盘
2228,09:52:45,8.37,-0.01,19,15902,卖盘
2229,09:52:42,8.38,--,26,21788,买盘
2230,09:52:39,8.38,0.01,8,6704,买盘
2231,09:52:36,8.37,0.02,6,5021,中性盘
2232,09:52:30,8.35,-0.02,1500,1252500,卖盘
2233,09:52:27,8.37,--,1,836,卖盘
2234,09:52:21,8.37,-0.01,11,9207,卖盘
2235,09:52:15,8.38,--,69,57822,买盘
2236,09:52:09,8.38,0.01,137,114806,买盘
2237,09:52:03,8.37,0.01,47,39338,买盘
2238,09:52:00,8.36,-0.01,70,58519,卖盘
2239,09:51:57,8.37,0.01,71,59426,卖盘
2240,09:51:54,8.36,-0.01,390,326040,卖盘
2241,09:51:51,8.37,--,46,38502,卖盘
2242,09:51:48,8.37,0.01,91,76167,买盘
2243,09:51:45,8.36,--,252,210672,卖盘
2244,09:51:42,8.36,--,102,85272,卖盘
2245,09:51:39,8.36,--,37,30931,卖盘
2246,09:51:33,8.36,-0.01,92,76912,卖盘
2247,09:51:30,8.37,--,95,79514,买盘
2248,09:51:27,8.37,0.01,35,29294,买盘
2249,09:51:24,8.36,-0.01,15,12540,卖盘
2250,09:51:21,8.37,0.01,5,4185,买盘
2251,09:51:18,8.36,-0.01,54,45144,卖盘
2252,09:51:15,8.37,--,578,483785,卖盘
2253,09:51:12,8.37,--,10,8370,卖盘
2254,09:51:06,8.37,-0.01,755,631934,卖盘
2255,09:51:03,8.38,-0.01,13,10894,卖盘
2256,09:51:00,8.39,0.01,104,87256,买盘
2257,09:50:57,8.38,-0.01,10,8380,卖盘
2258,09:50:54,8.39,0.01,3,2517,买盘
2259,09:50:51,8.38,-0.01,1,838,卖盘
2260,09:50:48,8.39,-0.01,26,22401,卖盘
2261,09:50:45,8.4,0.01,63,53172,买盘
2262,09:50:39,8.39,-0.01,61,51179,卖盘
2263,09:50:36,8.4,0.01,75,63000,买盘
2264,09:50:33,8.39,--,101,84739,卖盘
2265,09:50:27,8.39,--,162,135918,卖盘
2266,09:50:24,8.39,--,10,8390,卖盘
2267,09:50:21,8.39,--,130,109070,卖盘
2268,09:50:15,8.39,-0.01,20,16780,卖盘
2269,09:50:03,8.4,-0.01,750,630000,卖盘
2270,09:49:57,8.41,--,29,24389,买盘
2271,09:49:54,8.41,0.01,36,30276,买盘
2272,09:49:51,8.4,--,1,840,卖盘
2273,09:49:48,8.4,-0.01,27,22680,卖盘
2274,09:49:45,8.41,0.01,38,31958,买盘
2275,09:49:42,8.4,-0.01,27,22680,卖盘
2276,09:49:39,8.41,0.01,62,52142,买盘
2277,09:49:36,8.4,-0.01,8,6720,卖盘
2278,09:49:33,8.41,--,4,3364,买盘
2279,09:49:24,8.41,0.01,39,32799,买盘
2280,09:49:15,8.4,-0.01,65,54600,卖盘
2281,09:49:12,8.41,-0.01,23,19343,卖盘
2282,09:49:03,8.42,0.01,200,168400,买盘
2283,09:48:45,8.41,--,22,18502,卖盘
2284,09:48:42,8.41,0.01,75,63075,买盘
2285,09:48:36,8.4,-0.01,22,18480,卖盘
2286,09:48:30,8.41,--,213,179133,买盘
2287,09:48:27,8.41,--,34,28594,买盘
2288,09:48:18,8.41,0.01,106,89146,买盘
2289,09:48:15,8.4,--,243,204120,买盘
2290,09:48:09,8.4,-0.01,136,114240,卖盘
2291,09:48:06,8.41,0.01,60,50460,买盘
2292,09:48:03,8.4,-0.01,33,27720,卖盘
2293,09:48:00,8.41,0.01,600,504600,买盘
2294,09:47:57,8.4,-0.01,812,682080,卖盘
2295,09:47:54,8.41,--,15,12615,买盘
2296,09:47:51,8.41,--,244,205204,卖盘
2297,09:47:48,8.41,--,50,42050,卖盘
2298,09:47:45,8.41,--,32,26912,卖盘
2299,09:47:39,8.41,-0.01,8,6728,中性盘
2300,09:47:36,8.42,--,93,78306,买盘
2301,09:47:33,8.42,--,60,50520,买盘
2302,09:47:30,8.42,--,1,1582,卖盘
2303,09:47:24,8.42,-0.01,48,40416,卖盘
2304,09:47:18,8.43,0.01,33,27819,买盘
2305,09:47:12,8.42,0.03,107,90195,买盘
2306,09:47:09,8.39,-0.03,432,362448,卖盘
2307,09:47:06,8.42,--,403,339326,买盘
2308,09:47:03,8.42,-0.01,176,148932,卖盘
2309,09:47:00,8.43,0.01,422,355847,买盘
2310,09:46:54,8.42,--,5,4210,买盘
2311,09:46:51,8.42,--,45,37890,买盘
2312,09:46:45,8.42,-0.01,768,646656,中性盘
2313,09:46:42,8.43,--,523,441715,买盘
2314,09:46:39,8.43,--,4,3372,买盘
2315,09:46:36,8.43,--,37,31191,买盘
2316,09:46:33,8.43,--,1,843,买盘
2317,09:46:27,8.43,--,23,19389,卖盘
2318,09:46:24,8.43,0.01,600,505800,中性盘
2319,09:46:15,8.42,-0.01,100,84200,卖盘
2320,09:46:09,8.43,--,89,75027,卖盘
2321,09:46:06,8.43,0.02,516,435004,买盘
2322,09:46:03,8.41,--,21,17661,卖盘
2323,09:45:57,8.41,-0.01,44,37004,卖盘
2324,09:45:54,8.42,0.01,6,5052,买盘
2325,09:45:42,8.41,--,12,10092,卖盘
2326,09:45:39,8.41,0.01,9,7569,卖盘
2327,09:45:36,8.4,-0.02,135,113400,卖盘
2328,09:45:33,8.42,0.02,299,251758,买盘
2329,09:45:30,8.4,-0.01,117,98280,卖盘
2330,09:45:21,8.41,--,15,12615,买盘
2331,09:45:18,8.41,0.01,5,4205,买盘
2332,09:45:15,8.4,-0.01,8,6720,卖盘
2333,09:45:12,8.41,0.01,30,25230,买盘
2334,09:45:09,8.4,--,30,25200,卖盘
2335,09:45:06,8.4,-0.01,7,5880,卖盘
2336,09:45:00,8.41,0.01,188,158108,买盘
2337,09:44:57,8.4,--,64,53760,买盘
2338,09:44:54,8.4,--,30,25200,买盘
2339,09:44:51,8.4,--,34,28560,买盘
2340,09:44:45,8.4,--,12,10080,买盘
2341,09:44:42,8.4,--,10,8400,买盘
2342,09:44:39,8.4,0.01,60,50400,买盘
2343,09:44:36,8.39,--,57,47823,买盘
2344,09:44:33,8.39,0.01,90,75510,买盘
2345,09:44:24,8.38,--,13,10894,卖盘
2346,09:44:20,8.38,0.01,128,107264,买盘
2347,09:44:14,8.37,--,95,79514,卖盘
2348,09:44:11,8.37,--,22,18414,卖盘
2349,09:44:08,8.37,-0.01,171,143127,卖盘
2350,09:43:59,8.38,0.01,223,186874,买盘
2351,09:43:56,8.37,-0.01,32,26783,卖盘
2352,09:43:53,8.38,--,5,4190,买盘
2353,09:43:50,8.38,0.01,10,8380,买盘
2354,09:43:47,8.37,0.01,10,8370,中性盘
2355,09:43:44,8.36,-0.02,341,285076,卖盘
2356,09:43:41,8.38,--,26,21788,买盘
2357,09:43:38,8.38,--,3,2514,买盘
2358,09:43:29,8.38,-0.01,1303,1091914,卖盘
2359,09:43:26,8.39,--,324,271836,买盘
2360,09:43:20,8.39,--,7,5873,买盘
2361,09:43:17,8.39,0.01,56,46984,买盘
2362,09:43:14,8.38,--,84,70392,卖盘
2363,09:43:11,8.38,-0.01,120,100560,卖盘
2364,09:43:05,8.39,0.01,101,84739,买盘
2365,09:42:59,8.38,-0.01,17,14246,卖盘
2366,09:42:56,8.39,--,11,9229,卖盘
2367,09:42:53,8.39,-0.01,40,33560,卖盘
2368,09:42:50,8.4,0.01,12,10080,买盘
2369,09:42:47,8.39,--,183,153537,卖盘
2370,09:42:44,8.39,-0.01,22,18458,卖盘
2371,09:42:41,8.4,--,20,16800,买盘
2372,09:42:38,8.4,-0.01,101,84840,卖盘
2373,09:42:35,8.41,0.01,130,109330,买盘
2374,09:42:32,8.4,-0.01,109,91560,卖盘
2375,09:42:29,8.41,0.01,27,22707,买盘
2376,09:42:26,8.4,-0.02,83,69720,卖盘
2377,09:42:20,8.42,0.02,56,47152,买盘
2378,09:42:11,8.4,--,56,47040,卖盘
2379,09:42:08,8.4,-0.01,255,214200,卖盘
2380,09:42:05,8.41,-0.01,61,51301,买盘
2381,09:42:02,8.42,0.01,200,168400,买盘
2382,09:41:56,8.41,0.01,12,10092,买盘
2383,09:41:53,8.4,-0.01,51,42840,卖盘
2384,09:41:47,8.41,0.01,139,116899,买盘
2385,09:41:44,8.4,--,15,12600,卖盘
2386,09:41:41,8.4,--,109,91560,卖盘
2387,09:41:35,8.4,--,12,10080,卖盘
2388,09:41:32,8.4,--,7,5880,卖盘
2389,09:41:29,8.4,--,48,40320,卖盘
2390,09:41:26,8.4,--,16,13440,卖盘
2391,09:41:23,8.4,--,26,21840,买盘
2392,09:41:17,8.4,--,42,35280,买盘
2393,09:41:14,8.4,--,41,34440,买盘
2394,09:41:11,8.4,0.01,40,33600,买盘
2395,09:41:08,8.39,-0.01,22,18458,卖盘
2396,09:41:05,8.4,--,10,8400,买盘
2397,09:40:59,8.4,--,42,35280,买盘
2398,09:40:53,8.4,0.02,6,5040,买盘
2399,09:40:47,8.38,--,48,40224,卖盘
2400,09:40:41,8.38,-0.02,75,62850,卖盘
2401,09:40:38,8.4,--,33,27720,买盘
2402,09:40:35,8.4,--,7,5880,买盘
2403,09:40:32,8.4,--,25,21000,买盘
2404,09:40:29,8.4,--,153,128520,买盘
2405,09:40:26,8.4,--,28,23520,买盘
2406,09:40:23,8.4,-0.01,64,53760,卖盘
2407,09:40:20,8.41,0.01,32,26912,买盘
2408,09:40:17,8.4,--,14,11760,买盘
2409,09:40:14,8.4,--,2,1680,买盘
2410,09:40:11,8.4,-0.01,200,168000,卖盘
2411,09:40:02,8.41,0.01,2,1682,中性盘
2412,09:39:56,8.4,-0.02,19,15960,卖盘
2413,09:39:53,8.42,0.02,83,69886,买盘
2414,09:39:50,8.4,--,6,5040,买盘
2415,09:39:44,8.4,--,3019,2535960,卖盘
2416,09:39:29,8.4,--,800,672000,买盘
2417,09:39:26,8.4,--,180,151200,买盘
2418,09:39:23,8.4,0.01,58,48720,买盘
2419,09:39:20,8.39,--,219,183741,卖盘
2420,09:39:17,8.39,0.01,55,46145,中性盘
2421,09:39:11,8.38,-0.01,51,42738,卖盘
2422,09:39:08,8.39,--,75,62925,买盘
2423,09:39:05,8.39,--,40,33560,买盘
2424,09:38:59,8.39,--,12,10068,买盘
2425,09:38:56,8.39,--,20,16780,买盘
2426,09:38:53,8.39,-0.01,5,4195,中性盘
2427,09:38:50,8.4,0.01,34,28560,买盘
2428,09:38:44,8.39,--,76,63764,卖盘
2429,09:38:41,8.39,--,162,135918,卖盘
2430,09:38:32,8.39,-0.01,5,4195,中性盘
2431,09:38:26,8.4,--,120,100800,买盘
2432,09:38:23,8.4,0.02,10,8400,买盘
2433,09:38:20,8.38,-0.01,6,5028,卖盘
2434,09:38:17,8.39,--,22,18458,卖盘
2435,09:38:14,8.39,--,63,52857,卖盘
2436,09:38:11,8.39,--,102,85578,卖盘
2437,09:38:05,8.39,--,312,261768,买盘
2438,09:37:59,8.39,--,5,4195,买盘
2439,09:37:56,8.39,--,24,20136,买盘
2440,09:37:53,8.39,--,107,89773,买盘
2441,09:37:47,8.39,0.01,15,12585,买盘
2442,09:37:41,8.38,-0.01,20,16760,卖盘
2443,09:37:38,8.39,--,56,46984,卖盘
2444,09:37:32,8.39,--,2,1678,卖盘
2445,09:37:29,8.39,0.02,21,17619,买盘
2446,09:37:23,8.37,-0.01,69,57752,卖盘
2447,09:37:20,8.38,--,49,41062,买盘
2448,09:37:17,8.38,0.01,10,8380,买盘
2449,09:37:14,8.37,-0.01,4,3347,中性盘
2450,09:37:08,8.38,0.01,187,156706,买盘
2451,09:37:05,8.37,0.02,50,41849,买盘
2452,09:37:02,8.35,-0.02,1023,854205,卖盘
2453,09:36:59,8.37,-0.01,220,184139,卖盘
2454,09:36:56,8.38,0.02,28,23464,买盘
2455,09:36:53,8.36,-0.01,51,42636,卖盘
2456,09:36:50,8.37,--,33,27620,买盘
2457,09:36:47,8.37,-0.01,272,227663,卖盘
2458,09:36:44,8.38,0.01,32,26816,买盘
2459,09:36:41,8.37,--,22,18414,买盘
2460,09:36:38,8.37,0.01,8,6695,中性盘
2461,09:36:35,8.36,-0.01,52,43472,卖盘
2462,09:36:32,8.37,-0.02,67,56078,卖盘
2463,09:36:29,8.39,0.01,58,48662,买盘
2464,09:36:26,8.38,0.02,2,1676,中性盘
2465,09:36:23,8.36,--,64,53504,卖盘
2466,09:36:14,8.36,0.01,34,28423,卖盘
2467,09:36:11,8.35,--,11,9185,卖盘
2468,09:36:05,8.35,--,42,35070,卖盘
2469,09:36:02,8.35,--,92,76820,卖盘
2470,09:35:59,8.35,--,46,38410,卖盘
2471,09:35:56,8.35,0.01,978,816630,买盘
2472,09:35:53,8.34,-0.01,20,16680,卖盘
2473,09:35:50,8.35,--,318,265530,买盘
2474,09:35:47,8.35,0.01,119,99365,中性盘
2475,09:35:44,8.34,-0.04,1606,1339404,卖盘
2476,09:35:41,8.38,--,11,9218,卖盘
2477,09:35:38,8.38,0.02,93,78319,买盘
2478,09:35:35,8.36,-0.02,224,187264,卖盘
2479,09:35:32,8.38,--,271,227098,买盘
2480,09:35:29,8.38,0.01,84,70392,买盘
2481,09:35:26,8.37,0.02,166,138942,买盘
2482,09:35:23,8.35,-0.01,699,583665,卖盘
2483,09:35:20,8.36,-0.01,474,396264,卖盘
2484,09:35:14,8.37,-0.01,73,61100,卖盘
2485,09:35:11,8.38,--,267,223746,买盘
2486,09:35:05,8.38,--,69,57822,买盘
2487,09:35:02,8.38,--,67,56146,买盘
2488,09:34:59,8.38,-0.01,277,232126,卖盘
2489,09:34:56,8.39,-0.03,255,213945,卖盘
2490,09:34:53,8.42,0.04,54,45468,买盘
2491,09:34:50,8.38,-0.02,96,80448,卖盘
2492,09:34:47,8.4,0.01,111,93240,买盘
2493,09:34:44,8.39,0.01,150,125850,中性盘
2494,09:34:41,8.38,--,195,163410,买盘
2495,09:34:38,8.38,--,71,59498,买盘
2496,09:34:35,8.38,-0.02,125,104750,卖盘
2497,09:34:32,8.4,-0.02,28,23520,卖盘
2498,09:34:29,8.42,--,420,353640,买盘
2499,09:34:26,8.42,-0.01,80,67360,中性盘
2500,09:34:23,8.43,--,2697,2273571,买盘
2501,09:34:20,8.43,--,117,98631,买盘
2502,09:34:14,8.43,--,179,151723,卖盘
2503,09:34:11,8.43,-0.01,48,40464,卖盘
2504,09:34:08,8.44,-0.01,257,216908,卖盘
2505,09:34:05,8.45,--,276,233219,买盘
2506,09:33:59,8.45,0.01,84,70980,买盘
2507,09:33:56,8.44,--,67,56548,卖盘
2508,09:33:53,8.44,-0.02,692,584048,卖盘
2509,09:33:50,8.46,--,412,348552,卖盘
2510,09:33:41,8.46,--,30,25380,卖盘
2511,09:33:38,8.46,--,134,113364,卖盘
2512,09:33:35,8.46,0.01,125,105750,买盘
2513,09:33:32,8.45,-0.01,258,218009,卖盘
2514,09:33:29,8.46,0.03,116,98136,买盘
2515,09:33:23,8.43,-0.03,349,294207,卖盘
2516,09:33:17,8.46,0.02,109,92214,中性盘
2517,09:33:14,8.44,-0.01,133,112252,卖盘
2518,09:33:11,8.45,-0.01,156,131820,卖盘
2519,09:33:05,8.46,-0.01,4,3384,中性盘
2520,09:32:56,8.47,--,909,769923,卖盘
2521,09:32:50,8.47,-0.01,130,110110,卖盘
2522,09:32:47,8.48,--,14,11872,买盘
2523,09:32:44,8.48,--,57,48336,买盘
2524,09:32:41,8.48,-0.02,347,294256,卖盘
2525,09:32:35,8.5,0.01,101,85850,买盘
2526,09:32:32,8.49,--,73,61977,卖盘
2527,09:32:29,8.49,-0.01,106,89994,卖盘
2528,09:32:26,8.5,0.02,198,168410,买盘
2529,09:32:23,8.48,--,352,299233,卖盘
2530,09:32:20,8.48,-0.01,50,42400,卖盘
2531,09:32:17,8.49,--,5,4245,卖盘
2532,09:32:14,8.49,0.01,12,10188,买盘
2533,09:32:11,8.48,--,20,16960,卖盘
2534,09:32:08,8.48,0.01,10,8480,卖盘
2535,09:32:05,8.47,-0.02,4,3388,卖盘
2536,09:32:02,8.49,0.02,20,16980,买盘
2537,09:31:56,8.47,--,43,36421,卖盘
2538,09:31:53,8.47,0.01,42,35574,买盘
2539,09:31:50,8.46,--,75,63450,买盘
2540,09:31:44,8.46,--,455,384930,买盘
2541,09:31:41,8.46,0.01,89,75294,买盘
2542,09:31:38,8.45,-0.01,31,26194,卖盘
2543,09:31:35,8.46,0.01,315,266490,买盘
2544,09:31:32,8.45,--,129,109004,卖盘
2545,09:31:29,8.45,--,9,7604,卖盘
2546,09:31:26,8.45,--,105,88724,卖盘
2547,09:31:23,8.45,0.02,3,2535,卖盘
2548,09:31:17,8.43,-0.02,240,202336,卖盘
2549,09:31:14,8.45,0.02,84,70980,买盘
2550,09:31:11,8.43,-0.02,1,843,卖盘
2551,09:31:08,8.45,--,60,50699,买盘
2552,09:31:05,8.45,0.02,21,17745,买盘
2553,09:30:59,8.43,-0.03,40,33720,卖盘
2554,09:30:56,8.46,0.04,30,25380,买盘
2555,09:30:53,8.42,--,33,27786,卖盘
2556,09:30:50,8.42,--,51,42942,卖盘
2557,09:30:47,8.42,-0.04,291,245022,卖盘
2558,09:30:44,8.46,--,30,25380,买盘
2559,09:30:41,8.46,0.04,4,3384,买盘
2560,09:30:35,8.42,-0.03,205,172610,卖盘
2561,09:30:32,8.45,0.02,5,4225,卖盘
2562,09:30:29,8.43,-0.03,27,22761,买盘
2563,09:30:23,8.46,0.04,375,317250,买盘
2564,09:30:17,8.42,0.01,76,63992,买盘
2565,09:30:14,8.41,-0.01,313,263233,卖盘
2566,09:30:11,8.42,-0.02,231,194502,卖盘
2567,09:30:08,8.44,-0.01,505,426220,买盘
2568,09:30:05,8.45,-0.02,2439,2060954,卖盘
2569,09:26:11,8.47,--,0,0,买盘
2570,09:25:08,8.47,8.47,2426,2054822,买盘
