,time,price,change,volume,amount,type
0,15:00:21,10.57,--,3348,3538836,买盘
1,14:57:27,10.57,--,0,0,买盘
2,14:57:03,10.57,-0.01,18,20040,卖盘
3,14:57:00,10.58,0.02,96,101568,买盘
4,14:56:51,10.56,-0.01,75,79242,卖盘
5,14:56:48,10.57,-0.01,28,30610,卖盘
6,14:56:42,10.58,0.01,83,87856,买盘
7,14:56:39,10.57,--,190,200830,卖盘
8,14:56:33,10.57,0.01,254,268478,买盘
9,14:56:30,10.56,--,68,72821,卖盘
10,14:56:27,10.56,--,16,16896,卖盘
11,14:56:24,10.56,-0.01,36,38016,卖盘
12,14:56:21,10.57,0.01,11,11669,买盘
13,14:56:18,10.56,--,118,124608,卖盘
14,14:56:15,10.56,--,2,3125,卖盘
15,14:56:12,10.56,-0.01,140,147840,卖盘
16,14:56:09,10.57,--,68,71876,买盘
17,14:56:06,10.57,0.01,46,48622,买盘
18,14:56:03,10.56,-0.01,95,100362,卖盘
19,14:56:00,10.57,--,50,53864,买盘
20,14:55:57,10.57,0.02,87,92001,买盘
21,14:55:54,10.55,--,2,3122,卖盘
22,14:55:51,10.55,-0.02,28,29540,卖盘
23,14:55:45,10.57,0.01,151,159649,买盘
24,14:55:42,10.56,0.01,224,236544,买盘
25,14:55:39,10.55,--,38,40090,卖盘
26,14:55:36,10.55,-0.01,532,561260,卖盘
27,14:55:33,10.56,--,6,6336,卖盘
28,14:55:30,10.56,--,18,19008,卖盘
29,14:55:27,10.56,--,6,7349,卖盘
30,14:55:24,10.56,--,12,12672,卖盘
31,14:55:21,10.56,--,17,17994,卖盘
32,14:55:18,10.56,--,22,23232,卖盘
33,14:55:15,10.56,-0.01,24,26357,卖盘
34,14:55:09,10.57,0.01,191,201929,买盘
35,14:55:06,10.56,--,80,85493,卖盘
36,14:55:00,10.56,--,206,217536,卖盘
37,14:54:51,10.56,--,20,21120,卖盘
38,14:54:45,10.56,-0.01,53,56010,卖盘
39,14:54:42,10.57,--,42,44394,买盘
40,14:54:36,10.57,--,22,23254,买盘
41,14:54:33,10.57,0.01,20,21140,买盘
42,14:54:24,10.56,-0.01,10,10560,卖盘
43,14:54:21,10.57,0.01,108,115170,买盘
44,14:54:18,10.56,--,66,69696,买盘
45,14:54:15,10.56,-0.01,570,601920,卖盘
46,14:54:09,10.57,--,145,153307,买盘
47,14:54:06,10.57,0.01,50,53864,买盘
48,14:54:00,10.56,-0.01,2,2112,卖盘
49,14:53:51,10.57,0.01,47,49721,买盘
50,14:53:45,10.56,-0.01,10,10560,卖盘
51,14:53:42,10.57,--,0,1014,买盘
52,14:53:39,10.57,0.01,12,12684,买盘
53,14:53:33,10.56,-0.01,83,87690,卖盘
54,14:53:27,10.57,-0.01,7,7990,卖盘
55,14:53:24,10.58,0.01,40,42320,买盘
56,14:53:18,10.57,-0.01,129,136353,卖盘
57,14:53:15,10.58,0.01,116,123659,买盘
58,14:53:12,10.57,--,73,77161,卖盘
59,14:53:09,10.57,--,100,105700,卖盘
60,14:53:06,10.57,--,1,1648,买盘
61,14:53:03,10.57,--,18,19026,买盘
62,14:52:57,10.57,--,64,68662,买盘
63,14:52:54,10.57,0.01,1,1099,买盘
64,14:52:51,10.56,--,0,1013,卖盘
65,14:52:45,10.56,-0.01,26,27456,卖盘
66,14:52:42,10.57,--,200,211400,买盘
67,14:52:39,10.57,0.01,31,32809,买盘
68,14:52:36,10.56,--,2,2112,买盘
69,14:52:33,10.56,0.01,2,3125,中性盘
70,14:52:30,10.55,-0.01,500,527500,卖盘
71,14:52:27,10.56,-0.01,9,9546,卖盘
72,14:52:24,10.57,--,4,5242,买盘
73,14:52:18,10.57,0.01,263,278033,买盘
74,14:52:12,10.56,--,20,21120,卖盘
75,14:52:09,10.56,-0.01,2,3125,卖盘
76,14:52:06,10.57,0.01,6,6342,买盘
77,14:52:03,10.56,-0.01,16,16896,卖盘
78,14:52:00,10.57,--,148,156436,买盘
79,14:51:57,10.57,0.01,22,23254,买盘
80,14:51:54,10.56,--,2,2112,卖盘
81,14:51:51,10.56,--,6,6336,卖盘
82,14:51:48,10.56,-0.01,4,4224,卖盘
83,14:51:45,10.57,--,15,15897,买盘
84,14:51:42,10.57,0.01,18,19026,买盘
85,14:51:39,10.56,--,2,3125,卖盘
86,14:51:36,10.56,--,25,26442,卖盘
87,14:51:33,10.56,-0.01,36,38016,卖盘
88,14:51:30,10.57,--,98,104600,买盘
89,14:51:27,10.57,0.01,298,314986,买盘
90,14:51:24,10.56,--,23,24330,卖盘
91,14:51:21,10.56,--,8,8448,卖盘
92,14:51:18,10.56,--,6,6336,卖盘
93,14:51:15,10.56,-0.01,24,25344,卖盘
94,14:51:09,10.57,--,84,89802,买盘
95,14:51:06,10.57,0.01,66,69762,买盘
96,14:51:03,10.56,--,31,32778,卖盘
97,14:51:00,10.56,--,4,4224,卖盘
98,14:50:57,10.56,--,2,2112,卖盘
99,14:50:45,10.56,--,20,21120,卖盘
100,14:50:42,10.56,-0.01,2,2112,卖盘
101,14:50:39,10.57,--,72,76104,买盘
102,14:50:33,10.57,--,20,22154,买盘
103,14:50:30,10.57,0.01,72,76104,买盘
104,14:50:27,10.56,--,76,80256,卖盘
105,14:50:24,10.56,--,22,23232,卖盘
106,14:50:18,10.56,-0.01,1,1098,卖盘
107,14:50:15,10.57,0.01,6,6342,买盘
108,14:50:12,10.56,--,4,5237,卖盘
109,14:50:09,10.56,0.01,420,443520,买盘
110,14:50:03,10.55,--,132,139260,卖盘
111,14:49:54,10.55,--,40,42200,卖盘
112,14:49:48,10.55,--,52,54860,买盘
113,14:49:45,10.55,0.01,21,22197,中性盘
114,14:49:42,10.54,-0.01,724,764107,卖盘
115,14:49:39,10.55,--,8,8524,买盘
116,14:49:36,10.55,--,9,9537,买盘
117,14:49:33,10.55,--,32,34772,买盘
118,14:49:27,10.55,0.01,30,31650,买盘
119,14:49:24,10.54,-0.01,45,47851,卖盘
120,14:49:21,10.55,--,58,62160,卖盘
121,14:49:18,10.55,-0.01,10,10550,卖盘
122,14:49:15,10.56,0.01,53,55968,买盘
123,14:49:12,10.55,--,529,558095,卖盘
124,14:49:06,10.55,-0.01,12,12660,卖盘
125,14:49:03,10.56,0.01,10,10560,买盘
126,14:49:00,10.55,-0.01,8,8440,卖盘
127,14:48:54,10.56,0.01,163,172128,买盘
128,14:48:48,10.55,--,10,10550,卖盘
129,14:48:45,10.55,-0.01,80,84400,卖盘
130,14:48:36,10.56,0.01,469,495264,买盘
131,14:48:33,10.55,-0.01,20,21100,卖盘
132,14:48:30,10.56,--,2,2112,买盘
133,14:48:27,10.56,--,10,10560,买盘
134,14:48:24,10.56,--,94,99517,卖盘
135,14:48:21,10.56,--,25,26400,卖盘
136,14:48:18,10.56,0.01,177,187714,买盘
137,14:48:15,10.55,--,6,6963,卖盘
138,14:48:09,10.55,-0.01,28,29540,卖盘
139,14:48:06,10.56,--,455,480480,买盘
140,14:47:57,10.56,0.01,245,258720,买盘
141,14:47:54,10.55,-0.01,113,119215,卖盘
142,14:47:51,10.56,0.01,105,110880,买盘
143,14:47:48,10.55,-0.01,10,10550,卖盘
144,14:47:39,10.56,--,2,2112,买盘
145,14:47:30,10.56,0.01,17,17952,买盘
146,14:47:24,10.55,--,9,9495,卖盘
147,14:47:15,10.55,-0.01,23,24560,卖盘
148,14:47:09,10.56,--,41,43296,买盘
149,14:47:06,10.56,0.01,21,22176,买盘
150,14:47:00,10.55,-0.01,98,103390,卖盘
151,14:46:57,10.56,0.01,6,6336,买盘
152,14:46:54,10.55,--,40,42200,卖盘
153,14:46:51,10.55,--,50,52750,卖盘
154,14:46:45,10.55,--,9,9495,卖盘
155,14:46:42,10.55,--,153,161415,卖盘
156,14:46:39,10.55,--,84,88620,卖盘
157,14:46:36,10.55,--,144,151920,卖盘
158,14:46:33,10.55,--,10,10550,卖盘
159,14:46:27,10.55,-0.01,49,51695,卖盘
160,14:46:24,10.56,0.01,19,20064,买盘
161,14:46:18,10.55,-0.01,18,18990,卖盘
162,14:46:15,10.56,--,20,21120,买盘
163,14:46:12,10.56,0.01,10,10560,买盘
164,14:46:05,10.55,--,10,10550,卖盘
165,14:45:56,10.55,-0.01,42,44310,卖盘
166,14:45:53,10.56,0.01,10,10560,买盘
167,14:45:47,10.55,-0.01,9,9495,卖盘
168,14:45:41,10.56,0.01,8,8448,买盘
169,14:45:38,10.55,-0.01,259,273245,卖盘
170,14:45:35,10.56,0.01,9,9504,买盘
171,14:45:32,10.55,--,1,1266,卖盘
172,14:45:29,10.55,-0.01,10,10550,卖盘
173,14:45:23,10.56,0.01,14,14784,买盘
174,14:45:17,10.55,--,1,1055,卖盘
175,14:45:11,10.55,-0.01,9,9495,卖盘
176,14:45:05,10.56,--,16,16896,买盘
177,14:45:02,10.56,--,6,6336,买盘
178,14:44:56,10.56,0.01,10,10560,买盘
179,14:44:50,10.55,-0.01,15,15825,卖盘
180,14:44:47,10.56,0.01,20,21120,买盘
181,14:44:44,10.55,--,30,31650,卖盘
182,14:44:41,10.55,-0.01,10,10550,卖盘
183,14:44:38,10.56,--,133,140448,买盘
184,14:44:35,10.56,--,6,6336,买盘
185,14:44:32,10.56,0.01,52,54912,买盘
186,14:44:29,10.55,-0.01,13,13715,卖盘
187,14:44:26,10.56,--,34,35904,买盘
188,14:44:17,10.56,0.01,2,2112,买盘
189,14:44:14,10.55,--,70,73850,卖盘
190,14:44:05,10.55,--,5,5275,卖盘
191,14:44:02,10.55,--,93,98115,卖盘
192,14:43:59,10.55,--,100,105500,卖盘
193,14:43:56,10.55,--,17,17935,卖盘
194,14:43:53,10.55,--,57,60810,买盘
195,14:43:50,10.55,0.01,130,137150,买盘
196,14:43:44,10.54,-0.01,70,73780,卖盘
197,14:43:41,10.55,--,6,7342,买盘
198,14:43:38,10.55,0.01,4,4220,买盘
199,14:43:35,10.54,-0.01,117,123360,卖盘
200,14:43:32,10.55,--,144,152932,买盘
201,14:43:29,10.55,0.01,59,62287,买盘
202,14:43:20,10.54,--,18,19140,买盘
203,14:43:17,10.54,--,201,211853,买盘
204,14:43:14,10.54,--,263,277202,买盘
205,14:43:08,10.54,0.01,18,18972,买盘
206,14:43:05,10.53,-0.01,134,141102,卖盘
207,14:42:59,10.54,0.01,99,104345,买盘
208,14:42:56,10.53,--,23,24219,卖盘
209,14:42:50,10.53,-0.01,3,3159,卖盘
210,14:42:47,10.54,0.01,669,705126,买盘
211,14:42:44,10.53,-0.01,519,546507,卖盘
212,14:42:38,10.54,0.01,62,65347,买盘
213,14:42:32,10.53,--,100,105300,卖盘
214,14:42:29,10.53,--,23,24219,卖盘
215,14:42:20,10.53,--,306,322218,卖盘
216,14:42:17,10.53,0.01,100,105300,买盘
217,14:42:14,10.52,--,264,277728,卖盘
218,14:42:08,10.52,--,86,90472,卖盘
219,14:42:05,10.52,--,47,49444,卖盘
220,14:42:02,10.52,-0.01,22,23144,卖盘
221,14:41:59,10.53,--,507,533871,买盘
222,14:41:56,10.53,0.01,12,12636,买盘
223,14:41:50,10.52,--,30,31560,卖盘
224,14:41:44,10.52,--,10,10520,卖盘
225,14:41:41,10.52,--,49,51548,卖盘
226,14:41:35,10.52,-0.01,235,247220,卖盘
227,14:41:32,10.53,--,76,80028,买盘
228,14:41:29,10.53,0.01,41,43173,买盘
229,14:41:23,10.52,-0.01,9,9468,卖盘
230,14:41:20,10.53,--,157,165826,卖盘
231,14:41:14,10.53,-0.01,9,9477,卖盘
232,14:41:08,10.54,0.01,65,68510,买盘
233,14:41:05,10.53,--,154,162162,卖盘
234,14:41:02,10.53,--,75,78975,卖盘
235,14:40:59,10.53,--,1000,1053000,卖盘
236,14:40:53,10.53,-0.01,160,168480,卖盘
237,14:40:50,10.54,0.01,162,170748,买盘
238,14:40:47,10.53,--,14,14742,卖盘
239,14:40:41,10.53,--,11,11583,卖盘
240,14:40:32,10.53,--,93,97929,卖盘
241,14:40:29,10.53,--,10,10530,卖盘
242,14:40:26,10.53,--,61,64232,卖盘
243,14:40:23,10.53,--,29,30536,卖盘
244,14:40:20,10.53,--,10,10530,卖盘
245,14:40:14,10.53,--,3,3159,卖盘
246,14:40:11,10.53,-0.01,10,10530,卖盘
247,14:40:05,10.54,0.01,13,13701,买盘
248,14:40:02,10.53,--,1227,1292031,卖盘
249,14:39:56,10.53,-0.01,2,2106,卖盘
250,14:39:53,10.54,0.01,20,21080,买盘
251,14:39:47,10.53,-0.01,9,9477,卖盘
252,14:39:44,10.54,--,112,118047,买盘
253,14:39:41,10.54,--,81,85374,买盘
254,14:39:38,10.54,--,2,2108,买盘
255,14:39:35,10.54,--,81,85374,卖盘
256,14:39:23,10.54,0.01,119,125425,买盘
257,14:39:20,10.53,-0.01,65,68445,卖盘
258,14:39:14,10.54,0.01,110,115939,买盘
259,14:39:11,10.53,--,8,8424,卖盘
260,14:39:05,10.53,--,23,24219,卖盘
261,14:38:56,10.53,-0.01,102,107406,卖盘
262,14:38:53,10.54,--,3,3161,买盘
263,14:38:50,10.54,0.01,10,10540,买盘
264,14:38:44,10.53,--,165,173745,卖盘
265,14:38:38,10.53,-0.01,40,42120,卖盘
266,14:38:35,10.54,0.01,21,22134,买盘
267,14:38:32,10.53,--,6,6318,卖盘
268,14:38:29,10.53,--,51,53703,卖盘
269,14:38:26,10.53,-0.01,9,9477,卖盘
270,14:38:20,10.54,0.01,20,21080,买盘
271,14:38:14,10.53,--,10,10530,卖盘
272,14:38:11,10.53,-0.01,61,64232,卖盘
273,14:38:08,10.54,0.01,25,26349,买盘
274,14:38:05,10.53,-0.01,10,10530,卖盘
275,14:38:02,10.54,--,16,16864,买盘
276,14:37:59,10.54,--,6,6323,买盘
277,14:37:56,10.54,0.01,20,21080,买盘
278,14:37:53,10.53,--,131,137943,卖盘
279,14:37:50,10.53,-0.01,41,43173,卖盘
280,14:37:47,10.54,0.01,324,342044,买盘
281,14:37:44,10.53,-0.01,15,15794,卖盘
282,14:37:41,10.54,0.01,15,15809,买盘
283,14:37:38,10.53,--,2,2106,卖盘
284,14:37:35,10.53,-0.01,19,20007,卖盘
285,14:37:32,10.54,0.01,26,27403,买盘
286,14:37:29,10.53,--,13,13689,卖盘
287,14:37:26,10.53,-0.01,40,42120,卖盘
288,14:37:20,10.54,--,9,9486,买盘
289,14:37:08,10.54,0.01,5,5270,买盘
290,14:37:05,10.53,-0.01,270,284310,卖盘
291,14:37:02,10.54,--,129,135966,买盘
292,14:36:59,10.54,0.01,45,47429,买盘
293,14:36:53,10.53,--,326,343278,卖盘
294,14:36:50,10.53,-0.01,4,4212,卖盘
295,14:36:47,10.54,0.01,50,52699,买盘
296,14:36:44,10.53,-0.01,278,292734,卖盘
297,14:36:41,10.54,--,200,210799,买盘
298,14:36:32,10.54,--,50,52699,买盘
299,14:36:29,10.54,--,295,310930,卖盘
300,14:36:26,10.54,--,161,169694,卖盘
301,14:36:23,10.54,--,1,1054,卖盘
302,14:36:20,10.54,--,2,2108,卖盘
303,14:36:17,10.54,--,50,52699,卖盘
304,14:36:14,10.54,-0.01,38,40052,卖盘
305,14:36:11,10.55,0.01,20,21100,买盘
306,14:36:08,10.54,--,3,3161,卖盘
307,14:36:02,10.54,-0.01,29,30565,中性盘
308,14:35:59,10.55,--,1,1055,买盘
309,14:35:56,10.55,--,78,82290,买盘
310,14:35:50,10.55,0.01,35,36925,买盘
311,14:35:47,10.54,--,86,90643,卖盘
312,14:35:44,10.54,--,31,32673,卖盘
313,14:35:35,10.54,-0.01,6,6323,卖盘
314,14:35:32,10.55,0.01,15,15825,买盘
315,14:35:29,10.54,--,59,62185,卖盘
316,14:35:26,10.54,--,121,127533,卖盘
317,14:35:17,10.54,--,13,13701,卖盘
318,14:35:14,10.54,--,59,62185,买盘
319,14:35:11,10.54,0.01,2,2108,买盘
320,14:35:05,10.53,-0.01,10,10530,卖盘
321,14:35:02,10.54,0.01,19,20026,买盘
322,14:34:59,10.53,--,108,113724,卖盘
323,14:34:56,10.53,--,187,196911,卖盘
324,14:34:47,10.53,--,12,12636,卖盘
325,14:34:44,10.53,-0.01,20,21060,卖盘
326,14:34:41,10.54,0.01,9,9486,买盘
327,14:34:38,10.53,-0.01,5,5265,卖盘
328,14:34:35,10.54,--,74,77996,买盘
329,14:34:29,10.54,0.01,20,21080,买盘
330,14:34:26,10.53,--,521,548613,卖盘
331,14:34:17,10.53,--,3,3159,卖盘
332,14:34:14,10.53,-0.01,3,3159,卖盘
333,14:34:11,10.54,0.01,15,15809,买盘
334,14:34:05,10.53,-0.01,148,155844,卖盘
335,14:34:02,10.54,0.01,123,129641,买盘
336,14:33:59,10.53,--,10,10530,卖盘
337,14:33:53,10.53,--,795,837135,卖盘
338,14:33:50,10.53,--,55,57915,卖盘
339,14:33:47,10.53,-0.01,23,24219,卖盘
340,14:33:38,10.54,0.01,445,469029,买盘
341,14:33:32,10.53,-0.01,10,10530,卖盘
342,14:33:29,10.54,--,74,77996,买盘
343,14:33:26,10.54,0.01,19,20026,买盘
344,14:33:23,10.53,--,50,52650,卖盘
345,14:33:20,10.53,-0.01,20,21060,卖盘
346,14:33:17,10.54,0.01,797,840037,买盘
347,14:33:11,10.53,--,60,63179,卖盘
348,14:33:05,10.53,-0.01,154,162162,卖盘
349,14:33:02,10.54,--,10,10540,买盘
350,14:32:59,10.54,0.01,10,10540,买盘
351,14:32:56,10.53,--,40,42120,卖盘
352,14:32:53,10.53,--,100,105300,卖盘
353,14:32:50,10.53,-0.01,6,6318,卖盘
354,14:32:47,10.54,--,30,31619,买盘
355,14:32:41,10.54,--,20,21080,买盘
356,14:32:29,10.54,--,117,123317,卖盘
357,14:32:23,10.54,--,666,701964,卖盘
358,14:32:20,10.54,--,200,210799,卖盘
359,14:32:17,10.54,--,521,549134,卖盘
360,14:32:14,10.54,-0.01,7,7377,卖盘
361,14:32:11,10.55,0.01,63,66465,买盘
362,14:32:08,10.54,--,19,20026,卖盘
363,14:32:05,10.54,--,60,63239,卖盘
364,14:32:02,10.54,--,20,21080,卖盘
365,14:31:56,10.54,--,63,66402,卖盘
366,14:31:53,10.54,--,10,10540,卖盘
367,14:31:50,10.54,--,20,21080,卖盘
368,14:31:47,10.54,--,71,74834,卖盘
369,14:31:44,10.54,--,94,99075,卖盘
370,14:31:41,10.54,--,25,26349,卖盘
371,14:31:38,10.54,--,13,13701,卖盘
372,14:31:35,10.54,--,20,21080,卖盘
373,14:31:32,10.54,--,136,143344,卖盘
374,14:31:23,10.54,-0.01,10,10540,卖盘
375,14:31:20,10.55,--,1135,1197467,卖盘
376,14:31:14,10.55,--,108,113940,卖盘
377,14:31:11,10.55,--,2,3122,卖盘
378,14:31:08,10.55,--,60,63300,卖盘
379,14:31:05,10.55,--,30,31650,卖盘
380,14:31:02,10.55,--,103,108707,卖盘
381,14:30:53,10.55,--,18,20002,卖盘
382,14:30:50,10.55,--,19,20087,卖盘
383,14:30:47,10.55,--,72,75960,卖盘
384,14:30:44,10.55,--,10,10550,卖盘
385,14:30:38,10.55,--,0,1012,卖盘
386,14:30:32,10.55,--,6,6330,卖盘
387,14:30:26,10.55,--,33,34857,卖盘
388,14:30:23,10.55,-0.01,10,10550,卖盘
389,14:30:20,10.56,0.01,74,78144,买盘
390,14:30:14,10.55,--,108,114952,卖盘
391,14:30:11,10.55,-0.01,2,2110,卖盘
392,14:30:08,10.56,0.01,8,8448,买盘
393,14:30:05,10.55,--,59,62287,卖盘
394,14:30:02,10.55,--,48,51652,卖盘
395,14:29:47,10.55,-0.01,29,30637,卖盘
396,14:29:44,10.56,--,26,28469,买盘
397,14:29:35,10.56,--,10,10560,买盘
398,14:29:29,10.56,--,152,160512,买盘
399,14:29:20,10.56,--,1,1098,买盘
400,14:29:17,10.56,--,22,23232,买盘
401,14:29:14,10.56,--,396,418682,卖盘
402,14:29:11,10.56,--,57,60192,卖盘
403,14:29:08,10.56,--,1,1056,卖盘
404,14:28:56,10.56,--,3,3168,卖盘
405,14:28:47,10.56,--,10,10560,卖盘
406,14:28:41,10.56,-0.01,13,13728,卖盘
407,14:28:38,10.57,--,50,52850,买盘
408,14:28:35,10.57,0.01,1,1057,买盘
409,14:28:29,10.56,--,25,26400,卖盘
410,14:28:26,10.56,-0.01,9,9504,卖盘
411,14:28:17,10.57,0.01,54,57078,买盘
412,14:28:11,10.56,-0.01,410,432960,卖盘
413,14:28:08,10.57,0.01,2,2114,买盘
414,14:28:05,10.56,--,7,7392,卖盘
415,14:28:02,10.56,--,25,26400,卖盘
416,14:27:59,10.56,--,8,9461,卖盘
417,14:27:50,10.56,--,300,316800,卖盘
418,14:27:44,10.56,-0.01,38,40128,卖盘
419,14:27:41,10.57,0.01,10,10570,买盘
420,14:27:38,10.56,-0.01,8,9377,卖盘
421,14:27:35,10.57,0.01,13,13741,买盘
422,14:27:29,10.56,-0.01,11,11616,卖盘
423,14:27:26,10.57,--,1,1057,买盘
424,14:27:23,10.57,0.01,363,383691,买盘
425,14:27:17,10.56,--,13,14657,卖盘
426,14:27:14,10.56,--,18,19008,卖盘
427,14:27:11,10.56,-0.01,51,53856,卖盘
428,14:27:02,10.57,0.01,290,306530,买盘
429,14:26:59,10.56,--,58,62177,卖盘
430,14:26:56,10.56,-0.01,211,222816,卖盘
431,14:26:53,10.57,0.01,89,94073,买盘
432,14:26:50,10.56,--,4,4224,卖盘
433,14:26:38,10.56,-0.01,8,9377,卖盘
434,14:26:29,10.57,--,10,10570,买盘
435,14:26:26,10.57,--,20,21140,买盘
436,14:26:23,10.57,--,118,124726,买盘
437,14:26:20,10.57,0.01,15,15855,买盘
438,14:26:17,10.56,--,13,14657,卖盘
439,14:26:14,10.56,-0.01,30,31680,卖盘
440,14:26:10,10.57,--,71,75047,买盘
441,14:26:04,10.57,--,50,52850,买盘
442,14:25:58,10.57,--,91,97117,买盘
443,14:25:52,10.57,0.01,40,42280,买盘
444,14:25:46,10.56,-0.01,1,1056,卖盘
445,14:25:40,10.57,0.01,18,19956,买盘
446,14:25:31,10.56,-0.01,3,3168,卖盘
447,14:25:28,10.57,--,5,5285,买盘
448,14:25:25,10.57,--,138,145866,买盘
449,14:25:22,10.57,--,82,86674,买盘
450,14:25:19,10.57,0.01,101,106757,买盘
451,14:25:16,10.56,--,58,62177,卖盘
452,14:25:13,10.56,-0.01,69,73370,卖盘
453,14:25:07,10.57,--,122,128954,买盘
454,14:24:58,10.57,--,64,68578,买盘
455,14:24:55,10.57,--,12,12684,买盘
456,14:24:52,10.57,0.01,0,1014,买盘
457,14:24:46,10.56,-0.01,2,2112,卖盘
458,14:24:43,10.57,0.01,3,3213,买盘
459,14:24:37,10.56,-0.01,28,30497,卖盘
460,14:24:31,10.57,0.01,10,10570,买盘
461,14:24:28,10.56,-0.01,24,25344,卖盘
462,14:24:22,10.57,0.01,4,5242,买盘
463,14:24:16,10.56,--,8,9377,卖盘
464,14:24:13,10.56,-0.01,1,1098,卖盘
465,14:24:10,10.57,--,68,72890,买盘
466,14:24:01,10.57,--,7,7441,买盘
467,14:23:58,10.57,--,23,25198,买盘
468,14:23:55,10.57,0.01,154,162778,买盘
469,14:23:37,10.56,-0.01,8,9377,卖盘
470,14:23:31,10.57,0.01,7,7441,买盘
471,14:23:19,10.56,-0.01,35,37868,卖盘
472,14:23:16,10.57,--,3,3171,买盘
473,14:23:10,10.57,0.01,112,118384,买盘
474,14:23:07,10.56,--,5,5280,卖盘
475,14:23:01,10.56,--,50,52800,卖盘
476,14:22:58,10.56,--,108,114977,卖盘
477,14:22:49,10.56,--,24,25344,卖盘
478,14:22:46,10.56,-0.01,40,42240,卖盘
479,14:22:40,10.57,0.01,6,6342,买盘
480,14:22:37,10.56,-0.01,8,9377,卖盘
481,14:22:31,10.57,0.01,7,7399,中性盘
482,14:22:28,10.56,-0.02,68,71808,卖盘
483,14:22:22,10.58,0.01,2,2116,买盘
484,14:22:19,10.57,--,12,13614,卖盘
485,14:22:16,10.57,--,111,117327,卖盘
486,14:22:07,10.57,--,30,31710,卖盘
487,14:21:58,10.57,--,22,24184,卖盘
488,14:21:52,10.57,--,9,9978,卖盘
489,14:21:37,10.57,--,9,10443,卖盘
490,14:21:31,10.57,--,1,1057,卖盘
491,14:21:28,10.57,-0.01,1,1057,卖盘
492,14:21:25,10.58,0.01,18,19044,买盘
493,14:21:22,10.57,--,1,1057,卖盘
494,14:21:19,10.57,--,8,9386,卖盘
495,14:21:16,10.57,--,1,1057,卖盘
496,14:21:13,10.57,-0.01,50,52850,卖盘
497,14:21:10,10.58,0.01,10,10580,买盘
498,14:21:01,10.57,--,19,20083,卖盘
499,14:20:58,10.57,0.01,8,9386,中性盘
500,14:20:52,10.56,-0.01,366,386496,卖盘
501,14:20:49,10.57,0.01,14,15601,买盘
502,14:20:43,10.56,-0.01,3,3168,卖盘
503,14:20:40,10.57,0.01,61,64477,买盘
504,14:20:37,10.56,-0.01,58,62177,卖盘
505,14:20:31,10.57,--,40,42280,买盘
506,14:20:28,10.57,--,30,31710,买盘
507,14:20:25,10.57,--,18,19026,买盘
508,14:20:22,10.57,0.01,4,4228,买盘
509,14:20:19,10.56,-0.01,11,12545,卖盘
510,14:20:16,10.57,--,6,6342,买盘
511,14:20:13,10.57,--,51,53907,买盘
512,14:20:07,10.57,--,18,19026,买盘
513,14:20:04,10.57,--,130,137410,买盘
514,14:20:01,10.57,0.01,50,52850,买盘
515,14:19:58,10.56,-0.01,8,9377,卖盘
516,14:19:52,10.57,--,16,17165,卖盘
517,14:19:49,10.57,--,10,11373,买盘
518,14:19:46,10.57,--,19,20336,卖盘
519,14:19:40,10.57,--,12,13487,买盘
520,14:19:37,10.57,-0.01,1,1183,卖盘
521,14:19:25,10.58,0.01,48,50784,买盘
522,14:19:22,10.57,--,13,13741,卖盘
523,14:19:19,10.57,--,960,1015650,买盘
524,14:19:10,10.57,--,1,1057,买盘
525,14:19:01,10.57,0.01,30,31710,买盘
526,14:18:58,10.56,-0.01,8,9377,卖盘
527,14:18:52,10.57,--,30,31710,买盘
528,14:18:49,10.57,0.01,10,10570,买盘
529,14:18:43,10.56,--,15,16769,买盘
530,14:18:40,10.56,--,57,60192,卖盘
531,14:18:37,10.56,-0.01,114,120384,卖盘
532,14:18:25,10.57,0.01,18,19026,买盘
533,14:18:22,10.56,--,20,21120,卖盘
534,14:18:19,10.56,--,35,37889,买盘
535,14:18:13,10.56,--,10,10560,买盘
536,14:18:10,10.56,--,20,21120,买盘
537,14:18:07,10.56,--,31,32736,买盘
538,14:18:04,10.56,--,46,48576,买盘
539,14:17:58,10.56,--,18,19937,买盘
540,14:17:55,10.56,0.01,139,146784,买盘
541,14:17:52,10.55,--,2,2110,卖盘
542,14:17:46,10.55,-0.01,3,3165,卖盘
543,14:17:43,10.56,--,3,3168,买盘
544,14:17:40,10.56,0.01,34,36833,买盘
545,14:17:37,10.55,-0.01,20,21100,卖盘
546,14:17:34,10.56,--,93,98208,卖盘
547,14:17:31,10.56,--,4,4224,买盘
548,14:17:28,10.56,0.01,18,19008,买盘
549,14:17:16,10.55,-0.01,58,62118,卖盘
550,14:17:13,10.56,0.01,3,3168,中性盘
551,14:17:10,10.55,--,48,50640,卖盘
552,14:17:07,10.55,-0.01,100,105500,卖盘
553,14:17:04,10.56,--,69,73560,卖盘
554,14:17:01,10.56,0.01,9,10433,买盘
555,14:16:58,10.55,-0.01,8,9368,卖盘
556,14:16:55,10.56,--,1037,1095072,买盘
557,14:16:52,10.56,0.01,10,10560,买盘
558,14:16:49,10.55,-0.01,40,42200,卖盘
559,14:16:46,10.56,0.01,11,11616,买盘
560,14:16:43,10.55,--,23,24265,卖盘
561,14:16:37,10.55,-0.01,8,9368,卖盘
562,14:16:34,10.56,--,5,5280,买盘
563,14:16:28,10.56,--,18,19008,买盘
564,14:16:25,10.56,0.01,110,116160,买盘
565,14:16:22,10.55,--,221,233155,卖盘
566,14:16:19,10.55,-0.01,28,30468,卖盘
567,14:16:16,10.56,--,15,15840,买盘
568,14:16:10,10.56,--,41,43296,买盘
569,14:16:04,10.56,--,37,39072,买盘
570,14:16:01,10.56,--,1,1056,买盘
571,14:15:58,10.56,--,54,57024,买盘
572,14:15:55,10.56,--,16,16896,买盘
573,14:15:52,10.56,--,30,31680,买盘
574,14:15:49,10.56,--,145,153120,卖盘
575,14:15:43,10.56,-0.01,10,10560,卖盘
576,14:15:40,10.57,0.02,83,87731,买盘
577,14:15:37,10.55,-0.01,508,536868,卖盘
578,14:15:34,10.56,--,97,102432,卖盘
579,14:15:31,10.56,--,287,303494,买盘
580,14:15:22,10.56,0.01,34,35904,买盘
581,14:15:19,10.55,--,56,59080,卖盘
582,14:15:13,10.55,-0.01,67,70685,卖盘
583,14:15:10,10.56,--,3,3168,买盘
584,14:15:01,10.56,0.01,221,233376,买盘
585,14:14:55,10.55,-0.01,233,245815,卖盘
586,14:14:52,10.56,--,32,33792,卖盘
587,14:14:49,10.56,--,519,548064,卖盘
588,14:14:46,10.56,--,149,157344,卖盘
589,14:14:40,10.56,--,300,316800,卖盘
590,14:14:37,10.56,--,505,533280,卖盘
591,14:14:34,10.56,-0.01,9,9504,卖盘
592,14:14:28,10.57,--,18,19026,买盘
593,14:14:25,10.57,--,79,83503,买盘
594,14:14:22,10.57,--,6,6342,买盘
595,14:14:19,10.57,0.01,36,38052,买盘
596,14:14:16,10.56,-0.01,211,222816,卖盘
597,14:14:13,10.57,--,132,139524,卖盘
598,14:14:10,10.57,--,90,95130,卖盘
599,14:14:07,10.57,--,39,41223,卖盘
600,14:13:58,10.57,--,18,19026,卖盘
601,14:13:52,10.57,--,10,10570,卖盘
602,14:13:49,10.57,--,5,5285,卖盘
603,14:13:46,10.57,--,2,2114,卖盘
604,14:13:43,10.57,--,98,103586,卖盘
605,14:13:40,10.57,--,67,70819,卖盘
606,14:13:37,10.57,--,640,676480,卖盘
607,14:13:31,10.57,-0.01,100,105700,卖盘
608,14:13:28,10.58,--,47,49726,买盘
609,14:13:25,10.58,0.01,68,71944,买盘
610,14:13:22,10.57,--,86,90902,卖盘
611,14:13:16,10.57,--,160,169120,卖盘
612,14:13:10,10.57,--,95,100415,卖盘
613,14:13:04,10.57,-0.01,19,20083,卖盘
614,14:12:55,10.58,--,10,10580,买盘
615,14:12:43,10.58,--,171,180918,卖盘
616,14:12:37,10.58,--,229,242282,卖盘
617,14:12:34,10.58,--,131,138598,卖盘
618,14:12:31,10.58,-0.01,80,84640,卖盘
619,14:12:25,10.59,0.01,36,38124,买盘
620,14:12:01,10.58,--,246,260268,卖盘
621,14:11:58,10.58,--,38,40204,卖盘
622,14:11:55,10.58,--,76,80408,卖盘
623,14:11:52,10.58,-0.01,4,4232,卖盘
624,14:11:49,10.59,0.01,9,9531,买盘
625,14:11:43,10.58,-0.01,30,31740,卖盘
626,14:11:40,10.59,0.01,31,32829,买盘
627,14:11:37,10.58,-0.01,3,3174,卖盘
628,14:11:28,10.59,--,10,10590,买盘
629,14:11:25,10.59,0.01,38,40242,买盘
630,14:11:22,10.58,-0.01,19,20102,卖盘
631,14:11:19,10.59,--,267,283134,卖盘
632,14:11:16,10.59,--,50,52950,卖盘
633,14:11:13,10.59,-0.01,3,3177,卖盘
634,14:11:07,10.6,0.01,1,1060,买盘
635,14:11:04,10.59,--,500,529500,卖盘
636,14:10:46,10.59,--,15,15885,卖盘
637,14:10:40,10.59,-0.01,4,4236,卖盘
638,14:10:28,10.6,0.01,28,29680,买盘
639,14:10:07,10.59,--,208,220272,卖盘
640,14:10:04,10.59,--,10,10590,卖盘
641,14:10:01,10.59,-0.01,510,540090,卖盘
642,14:09:58,10.6,0.01,26,27560,买盘
643,14:09:37,10.59,-0.01,60,63540,卖盘
644,14:09:34,10.6,--,50,53000,买盘
645,14:09:28,10.6,--,18,19080,买盘
646,14:09:25,10.6,0.01,67,71020,买盘
647,14:09:19,10.59,--,16,16944,卖盘
648,14:09:07,10.59,--,6,6354,卖盘
649,14:09:01,10.59,--,3,3177,卖盘
650,14:08:55,10.59,--,3,3177,卖盘
651,14:08:40,10.59,--,20,21180,卖盘
652,14:08:37,10.59,-0.01,3,3177,卖盘
653,14:08:34,10.6,--,84,89718,买盘
654,14:08:28,10.6,0.01,18,19080,买盘
655,14:08:25,10.59,-0.01,74,78366,卖盘
656,14:08:22,10.6,--,94,99640,买盘
657,14:08:19,10.6,0.01,5,5300,买盘
658,14:08:10,10.59,-0.01,20,21180,卖盘
659,14:08:07,10.6,--,10,10600,买盘
660,14:07:46,10.6,--,46,48760,买盘
661,14:07:34,10.6,--,2,2120,买盘
662,14:07:28,10.6,--,18,19080,买盘
663,14:07:10,10.6,--,75,80517,卖盘
664,14:07:07,10.6,--,14,14840,卖盘
665,14:07:04,10.6,--,3,3180,卖盘
666,14:07:01,10.6,--,4,4240,卖盘
667,14:06:49,10.6,--,15,15900,卖盘
668,14:06:46,10.6,--,167,177062,买盘
669,14:06:43,10.6,--,114,120840,买盘
670,14:06:37,10.6,0.01,13,13780,买盘
671,14:06:28,10.59,-0.01,104,110136,卖盘
672,14:06:25,10.6,0.01,18,19080,买盘
673,14:06:22,10.59,--,501,530559,卖盘
674,14:06:19,10.59,--,2,2118,卖盘
675,14:06:13,10.59,--,20,21180,卖盘
676,14:06:07,10.59,--,6,6354,卖盘
677,14:06:04,10.59,--,35,37065,买盘
678,14:05:58,10.59,0.01,95,100605,买盘
679,14:05:51,10.58,-0.01,500,529000,卖盘
680,14:05:48,10.59,0.01,121,128139,买盘
681,14:05:42,10.58,--,15,15870,卖盘
682,14:05:39,10.58,--,130,137540,卖盘
683,14:05:36,10.58,--,504,533232,卖盘
684,14:05:33,10.58,-0.01,10,10580,卖盘
685,14:05:30,10.59,--,20,21180,买盘
686,14:05:27,10.59,0.01,24,25903,买盘
687,14:05:24,10.58,-0.01,28,29624,卖盘
688,14:05:18,10.59,0.01,25,26475,买盘
689,14:05:15,10.58,-0.01,15,15870,卖盘
690,14:05:12,10.59,--,13,13767,买盘
691,14:05:09,10.59,0.01,7,7413,买盘
692,14:05:03,10.58,--,300,317400,卖盘
693,14:05:00,10.58,-0.01,94,99452,卖盘
694,14:04:54,10.59,--,32,33888,买盘
695,14:04:51,10.59,--,3,3177,买盘
696,14:04:48,10.59,--,60,63540,买盘
697,14:04:45,10.59,--,24,25416,买盘
698,14:04:42,10.59,--,30,31770,买盘
699,14:04:39,10.59,--,75,79425,买盘
700,14:04:36,10.59,--,10,10590,买盘
701,14:04:30,10.59,--,54,57186,买盘
702,14:04:24,10.59,--,267,283663,卖盘
703,14:04:18,10.59,--,62,65658,卖盘
704,14:04:12,10.59,--,10,10590,卖盘
705,14:04:09,10.59,--,13,13767,卖盘
706,14:04:06,10.59,--,20,21180,卖盘
707,14:04:03,10.59,--,7,7413,卖盘
708,14:04:00,10.59,-0.01,7,7413,卖盘
709,14:03:57,10.6,--,71,75260,买盘
710,14:03:51,10.6,0.01,95,100700,买盘
711,14:03:48,10.59,--,300,317700,卖盘
712,14:03:42,10.59,--,84,89104,卖盘
713,14:03:39,10.59,-0.01,100,105900,卖盘
714,14:03:33,10.6,0.01,21,22260,买盘
715,14:03:27,10.59,--,80,84720,卖盘
716,14:03:21,10.59,--,50,52950,卖盘
717,14:03:18,10.59,--,20,21180,卖盘
718,14:03:15,10.59,--,60,63540,卖盘
719,14:03:09,10.59,--,12,12708,卖盘
720,14:03:06,10.59,--,22,23298,卖盘
721,14:03:03,10.59,--,50,52950,卖盘
722,14:03:00,10.59,--,3,3177,卖盘
723,14:02:57,10.59,--,314,332526,卖盘
724,14:02:54,10.59,--,55,58245,卖盘
725,14:02:51,10.59,--,24,25416,卖盘
726,14:02:48,10.59,--,255,270045,卖盘
727,14:02:45,10.59,--,2,2118,卖盘
728,14:02:42,10.59,--,21,22239,卖盘
729,14:02:39,10.59,--,6,6354,卖盘
730,14:02:36,10.59,--,50,52950,卖盘
731,14:02:30,10.59,-0.01,204,216036,卖盘
732,14:02:27,10.6,--,49,51940,买盘
733,14:02:21,10.6,0.01,2,2120,买盘
734,14:02:06,10.59,-0.01,100,105900,卖盘
735,14:02:03,10.6,--,82,87110,卖盘
736,14:02:00,10.6,--,2,2120,卖盘
737,14:01:57,10.6,--,720,763200,卖盘
738,14:01:54,10.6,--,126,133560,卖盘
739,14:01:42,10.6,--,264,279840,卖盘
740,14:01:36,10.6,-0.01,10,10600,卖盘
741,14:01:33,10.61,0.01,10,10610,买盘
742,14:01:30,10.6,-0.01,113,119780,卖盘
743,14:01:27,10.61,0.01,18,19098,买盘
744,14:01:24,10.6,--,520,551200,卖盘
745,14:01:18,10.6,--,152,161120,卖盘
746,14:01:15,10.6,--,20,21200,卖盘
747,14:01:12,10.6,--,100,106000,卖盘
748,14:01:03,10.6,--,180,190800,卖盘
749,14:01:00,10.6,--,54,57240,卖盘
750,14:00:57,10.6,--,119,126140,卖盘
751,14:00:54,10.6,--,286,303160,卖盘
752,14:00:51,10.6,--,75,79500,卖盘
753,14:00:48,10.6,--,22,23320,卖盘
754,14:00:45,10.6,--,19,20140,卖盘
755,14:00:39,10.6,-0.01,39,41340,卖盘
756,14:00:36,10.61,--,476,505036,卖盘
757,14:00:33,10.61,--,32,33952,卖盘
758,14:00:30,10.61,--,549,582489,卖盘
759,14:00:27,10.61,--,48,50928,卖盘
760,14:00:24,10.61,--,4,4244,卖盘
761,14:00:15,10.61,--,5,5305,卖盘
762,14:00:12,10.61,--,15,15915,卖盘
763,14:00:06,10.61,--,19,20159,卖盘
764,14:00:03,10.61,--,30,31830,卖盘
765,13:59:57,10.61,--,117,124137,买盘
766,13:59:54,10.61,--,4,4244,买盘
767,13:59:39,10.61,0.01,18,19098,买盘
768,13:59:30,10.6,-0.02,319,338140,卖盘
769,13:59:27,10.62,0.01,18,19116,买盘
770,13:59:21,10.61,--,15,15915,卖盘
771,13:59:15,10.61,0.01,6,6366,卖盘
772,13:58:54,10.6,-0.01,500,530000,卖盘
773,13:58:48,10.61,-0.01,1,1061,卖盘
774,13:58:39,10.62,--,26,27611,买盘
775,13:58:30,10.62,--,2,2124,买盘
776,13:58:24,10.62,0.01,18,19116,买盘
777,13:58:21,10.61,-0.01,30,31830,卖盘
778,13:58:18,10.62,--,105,111509,买盘
779,13:58:09,10.62,0.01,22,23364,买盘
780,13:58:06,10.61,-0.01,53,56233,卖盘
781,13:57:51,10.62,--,2,2124,买盘
782,13:57:45,10.62,--,13,13805,买盘
783,13:57:24,10.62,0.01,18,19116,买盘
784,13:57:21,10.61,-0.01,10,10610,卖盘
785,13:57:12,10.62,--,15,15929,买盘
786,13:56:51,10.62,0.01,151,160362,买盘
787,13:56:48,10.61,-0.01,6,6366,卖盘
788,13:56:45,10.62,--,2010,2134620,买盘
789,13:56:36,10.62,--,1,1062,买盘
790,13:56:27,10.62,--,20,21240,买盘
791,13:56:21,10.62,0.01,10,10620,买盘
792,13:56:18,10.61,--,95,100795,卖盘
793,13:56:15,10.61,--,200,212200,卖盘
794,13:56:12,10.61,--,20,21220,卖盘
795,13:56:09,10.61,--,1,1061,卖盘
796,13:55:39,10.61,--,15,15915,卖盘
797,13:55:36,10.61,--,91,96551,买盘
798,13:55:27,10.61,--,31,32891,买盘
799,13:55:21,10.61,--,324,343764,买盘
800,13:55:12,10.61,--,10,10610,买盘
801,13:55:09,10.61,--,33,35013,买盘
802,13:55:03,10.61,--,88,93368,买盘
803,13:54:54,10.61,0.01,25,26525,买盘
804,13:54:51,10.6,-0.01,69,73140,卖盘
805,13:54:48,10.61,--,10,10610,买盘
806,13:54:45,10.61,--,14,14854,买盘
807,13:54:36,10.61,--,2,2122,买盘
808,13:54:33,10.61,--,37,39257,买盘
809,13:54:27,10.61,0.01,18,19098,买盘
810,13:54:21,10.6,-0.01,50,53000,卖盘
811,13:54:18,10.61,0.01,20,21220,卖盘
812,13:54:15,10.6,-0.01,150,159000,卖盘
813,13:54:12,10.61,--,10,10610,卖盘
814,13:54:03,10.61,--,24,25464,卖盘
815,13:54:00,10.61,--,20,21220,中性盘
816,13:53:54,10.61,--,13,13793,买盘
817,13:53:45,10.61,--,555,588855,买盘
818,13:53:42,10.61,0.01,2,2122,买盘
819,13:53:39,10.6,-0.01,20,21200,卖盘
820,13:53:33,10.61,--,1021,1083726,买盘
821,13:53:27,10.61,--,28,29708,买盘
822,13:53:18,10.61,--,17,18037,买盘
823,13:53:15,10.61,0.01,45,47745,买盘
824,13:53:09,10.6,-0.01,65,68900,卖盘
825,13:53:00,10.61,0.01,155,164455,买盘
826,13:52:57,10.6,--,19,20140,卖盘
827,13:52:51,10.6,-0.01,95,100700,卖盘
828,13:52:48,10.61,--,625,663125,买盘
829,13:52:45,10.61,0.01,8,8488,买盘
830,13:52:42,10.6,--,2,2120,卖盘
831,13:52:39,10.6,-0.01,54,57240,卖盘
832,13:52:36,10.61,0.01,74,78514,买盘
833,13:52:33,10.6,--,16,16960,卖盘
834,13:52:30,10.6,-0.01,30,31800,卖盘
835,13:52:27,10.61,0.01,18,19098,买盘
836,13:52:24,10.6,-0.01,80,84800,卖盘
837,13:52:21,10.61,0.01,106,112466,买盘
838,13:52:12,10.6,--,5,5300,卖盘
839,13:52:09,10.6,0.01,83,88404,买盘
840,13:52:06,10.59,-0.01,3,3177,卖盘
841,13:52:03,10.6,0.01,10,10600,买盘
842,13:52:00,10.59,-0.01,407,431013,卖盘
843,13:51:51,10.6,--,7,7420,买盘
844,13:51:42,10.6,--,35,37100,买盘
845,13:51:39,10.6,0.01,10,10600,买盘
846,13:51:36,10.59,--,252,266868,卖盘
847,13:51:27,10.59,-0.01,28,29652,卖盘
848,13:51:18,10.6,--,68,72080,卖盘
849,13:51:15,10.6,0.01,19,20140,中性盘
850,13:51:12,10.59,-0.01,941,996519,卖盘
851,13:51:06,10.6,--,3,3180,卖盘
852,13:51:03,10.6,--,61,64660,卖盘
853,13:51:00,10.6,--,17,18020,卖盘
854,13:50:57,10.6,--,102,108120,卖盘
855,13:50:51,10.6,--,10,10600,卖盘
856,13:50:48,10.6,--,30,31800,卖盘
857,13:50:45,10.6,--,86,91160,卖盘
858,13:50:33,10.6,-0.01,155,164300,卖盘
859,13:50:24,10.61,--,410,435010,卖盘
860,13:50:21,10.61,--,500,530500,卖盘
861,13:50:18,10.61,--,5,5305,卖盘
862,13:50:15,10.61,-0.01,100,106100,卖盘
863,13:50:06,10.62,--,1135,1205539,卖盘
864,13:50:00,10.62,--,120,127439,卖盘
865,13:49:57,10.62,--,614,652068,卖盘
866,13:49:54,10.62,--,103,109385,卖盘
867,13:49:51,10.62,-0.01,10,10620,卖盘
868,13:49:48,10.63,--,84,89292,买盘
869,13:49:42,10.63,--,63,66969,买盘
870,13:49:39,10.63,0.01,4,4252,买盘
871,13:49:36,10.62,-0.01,10,10620,卖盘
872,13:49:33,10.63,0.01,5,5315,买盘
873,13:49:30,10.62,--,81,86022,卖盘
874,13:49:21,10.62,-0.01,16,16992,卖盘
875,13:49:15,10.63,0.01,83,88229,买盘
876,13:49:12,10.62,--,985,1046069,卖盘
877,13:49:09,10.62,--,20,21240,卖盘
878,13:49:06,10.62,-0.01,26,27611,卖盘
879,13:49:03,10.63,0.01,20,21260,买盘
880,13:49:00,10.62,--,40,42480,卖盘
881,13:48:57,10.62,--,27,28673,卖盘
882,13:48:54,10.62,--,249,264438,卖盘
883,13:48:51,10.62,-0.01,68,72216,卖盘
884,13:48:48,10.63,0.01,2015,2141945,买盘
885,13:48:45,10.62,--,90,95580,卖盘
886,13:48:39,10.62,-0.01,138,146556,卖盘
887,13:48:36,10.63,--,45,47835,买盘
888,13:48:33,10.63,--,1,1063,买盘
889,13:48:27,10.63,--,118,125434,买盘
890,13:48:24,10.63,--,10,10630,买盘
891,13:48:21,10.63,--,25,26575,买盘
892,13:48:09,10.63,0.01,20,21260,买盘
893,13:48:06,10.62,-0.01,49,52037,卖盘
894,13:48:00,10.63,0.01,1,1063,买盘
895,13:47:57,10.62,--,20,21240,卖盘
896,13:47:51,10.62,-0.01,22,23364,卖盘
897,13:47:48,10.63,--,42,44646,卖盘
898,13:47:36,10.63,--,166,176989,买盘
899,13:47:33,10.63,0.01,84,89292,买盘
900,13:47:30,10.62,-0.01,30,31859,卖盘
901,13:47:27,10.63,--,20,21260,买盘
902,13:47:24,10.63,--,175,186025,买盘
903,13:47:21,10.63,--,300,318900,买盘
904,13:47:18,10.63,--,6,6378,买盘
905,13:47:15,10.63,-0.01,1071,1139004,卖盘
906,13:47:12,10.64,--,44,46816,买盘
907,13:47:09,10.64,0.01,3,3192,买盘
908,13:47:03,10.63,--,10,10630,卖盘
909,13:46:57,10.63,--,30,31890,卖盘
910,13:46:54,10.63,-0.01,20,21260,卖盘
911,13:46:51,10.64,0.01,120,127680,买盘
912,13:46:45,10.63,--,34,36142,卖盘
913,13:46:42,10.63,--,40,42520,卖盘
914,13:46:39,10.63,--,16,17008,卖盘
915,13:46:36,10.63,-0.01,95,100985,卖盘
916,13:46:30,10.64,0.01,205,218120,买盘
917,13:46:27,10.63,--,44,46772,卖盘
918,13:46:24,10.63,--,17,18071,卖盘
919,13:46:21,10.63,--,65,69095,卖盘
920,13:46:18,10.63,--,168,178584,卖盘
921,13:46:15,10.63,--,106,113209,卖盘
922,13:46:11,10.63,--,38,41095,卖盘
923,13:46:08,10.63,0.01,408,434065,买盘
924,13:46:05,10.62,--,3,3185,卖盘
925,13:46:02,10.62,-0.01,28,29735,卖盘
926,13:45:50,10.63,--,1,1063,买盘
927,13:45:41,10.63,--,327,348302,卖盘
928,13:45:38,10.63,--,275,292325,卖盘
929,13:45:35,10.63,--,64,68032,卖盘
930,13:45:29,10.63,-0.01,76,80788,卖盘
931,13:45:26,10.64,0.01,18,19152,买盘
932,13:45:17,10.63,-0.01,5,5315,卖盘
933,13:45:11,10.64,--,116,123424,买盘
934,13:44:47,10.64,--,35,37240,卖盘
935,13:44:44,10.64,--,162,172368,卖盘
936,13:44:38,10.64,--,292,310688,卖盘
937,13:44:35,10.64,--,40,42560,卖盘
938,13:44:32,10.64,-0.01,12,12768,卖盘
939,13:44:29,10.65,0.01,18,19170,买盘
940,13:44:26,10.64,--,57,60648,卖盘
941,13:44:23,10.64,--,11,11704,卖盘
942,13:44:20,10.64,--,222,236208,卖盘
943,13:44:17,10.64,-0.01,45,47880,卖盘
944,13:44:14,10.65,0.01,59,62835,买盘
945,13:44:05,10.64,--,264,280896,卖盘
946,13:44:02,10.64,-0.01,2000,2128000,卖盘
947,13:43:59,10.65,--,75,79875,卖盘
948,13:43:56,10.65,--,54,57510,卖盘
949,13:43:53,10.65,--,2,2130,卖盘
950,13:43:50,10.65,--,25,26625,卖盘
951,13:43:47,10.65,--,40,42600,卖盘
952,13:43:44,10.65,0.01,1832,1951080,买盘
953,13:43:41,10.64,--,20,21280,卖盘
954,13:43:35,10.64,-0.01,110,117040,卖盘
955,13:43:29,10.65,0.01,430,457950,买盘
956,13:43:26,10.64,--,71,75544,卖盘
957,13:43:23,10.64,--,2011,2139704,卖盘
958,13:43:20,10.64,--,63,67032,卖盘
959,13:43:17,10.64,--,50,53200,卖盘
960,13:43:14,10.64,--,860,915040,卖盘
961,13:43:11,10.64,-0.01,30,31920,卖盘
962,13:43:08,10.65,0.01,18,19170,买盘
963,13:43:05,10.64,--,474,504336,卖盘
964,13:42:59,10.64,--,84,89376,卖盘
965,13:42:56,10.64,--,173,184072,卖盘
966,13:42:53,10.64,--,3,3192,卖盘
967,13:42:50,10.64,--,40,42560,卖盘
968,13:42:47,10.64,--,15,15960,卖盘
969,13:42:44,10.64,--,10,10640,卖盘
970,13:42:41,10.64,--,191,203224,卖盘
971,13:42:35,10.64,-0.01,48,51072,卖盘
972,13:42:32,10.65,--,2300,2449500,买盘
973,13:42:29,10.65,--,21,22365,买盘
974,13:42:26,10.65,--,28,29820,买盘
975,13:42:20,10.65,0.01,25,26625,买盘
976,13:42:17,10.64,-0.01,20,21280,卖盘
977,13:42:14,10.65,--,202,215130,买盘
978,13:42:11,10.65,0.01,140,149100,买盘
979,13:42:05,10.64,--,120,127680,买盘
980,13:42:02,10.64,--,2,2128,买盘
981,13:41:59,10.64,-0.02,59,62776,卖盘
982,13:41:50,10.66,0.01,10,10660,买盘
983,13:41:44,10.65,-0.01,1,1065,中性盘
984,13:41:38,10.66,--,86,91676,买盘
985,13:41:35,10.66,--,345,368772,卖盘
986,13:41:32,10.66,--,337,359242,卖盘
987,13:41:29,10.66,-0.01,954,1016964,卖盘
988,13:41:26,10.67,0.01,1167,1245189,买盘
989,13:41:23,10.66,--,217,231322,卖盘
990,13:41:20,10.66,-0.01,130,138580,卖盘
991,13:41:17,10.67,0.01,686,731962,买盘
992,13:41:11,10.66,--,4,4264,卖盘
993,13:41:08,10.66,--,425,453050,卖盘
994,13:41:05,10.66,--,526,560716,卖盘
995,13:41:02,10.66,--,212,225992,卖盘
996,13:40:59,10.66,-0.01,18,19188,卖盘
997,13:40:56,10.67,0.01,575,613525,买盘
998,13:40:53,10.66,--,86,91676,卖盘
999,13:40:50,10.66,--,43,45838,卖盘
1000,13:40:47,10.66,--,39,41574,卖盘
1001,13:40:44,10.66,--,130,138580,卖盘
1002,13:40:41,10.66,--,120,127920,卖盘
1003,13:40:38,10.66,--,35,37310,卖盘
1004,13:40:35,10.66,--,100,106600,卖盘
1005,13:40:32,10.66,0.02,2532,2699175,买盘
1006,13:40:26,10.64,--,18,19152,买盘
1007,13:40:20,10.64,-0.01,220,234824,卖盘
1008,13:40:17,10.65,0.01,1799,1916254,买盘
1009,13:40:14,10.64,0.01,35,37240,买盘
1010,13:40:11,10.63,--,3,3189,卖盘
1011,13:40:08,10.63,--,10,10630,卖盘
1012,13:39:56,10.63,-0.01,20,21260,卖盘
1013,13:39:53,10.64,0.01,20,21280,买盘
1014,13:39:44,10.63,--,300,318900,卖盘
1015,13:39:41,10.63,-0.01,3,3189,卖盘
1016,13:39:38,10.64,--,5,5320,买盘
1017,13:39:35,10.64,--,100,106400,买盘
1018,13:39:32,10.64,--,25,26600,卖盘
1019,13:39:29,10.64,-0.01,1000,1064000,卖盘
1020,13:39:26,10.65,0.01,48,51120,买盘
1021,13:39:20,10.64,-0.01,12,12768,卖盘
1022,13:39:17,10.65,0.01,37,39405,买盘
1023,13:39:14,10.64,--,36,38304,卖盘
1024,13:39:11,10.64,--,50,53200,卖盘
1025,13:39:05,10.64,--,20,21280,卖盘
1026,13:39:02,10.64,-0.01,10,10640,卖盘
1027,13:38:59,10.65,0.01,31,33015,买盘
1028,13:38:53,10.64,--,8,8512,卖盘
1029,13:38:50,10.64,--,53,56392,卖盘
1030,13:38:38,10.64,--,210,223440,卖盘
1031,13:38:35,10.64,--,178,189392,卖盘
1032,13:38:32,10.64,--,519,552216,卖盘
1033,13:38:29,10.64,--,237,252168,买盘
1034,13:38:26,10.64,--,18,19152,买盘
1035,13:38:14,10.64,--,46,48944,买盘
1036,13:38:08,10.64,--,38,40432,卖盘
1037,13:38:02,10.64,--,20,21280,卖盘
1038,13:37:59,10.64,-0.01,1,1064,卖盘
1039,13:37:53,10.65,0.01,6,6390,买盘
1040,13:37:50,10.64,0.01,22,23408,买盘
1041,13:37:41,10.63,--,1,1063,卖盘
1042,13:37:35,10.63,-0.02,19,20197,卖盘
1043,13:37:26,10.65,0.01,3052,3250380,买盘
1044,13:37:17,10.64,--,32,34048,买盘
1045,13:37:14,10.64,--,25,26600,买盘
1046,13:36:59,10.64,--,3,3192,卖盘
1047,13:36:56,10.64,--,67,71288,卖盘
1048,13:36:53,10.64,--,37,39368,买盘
1049,13:36:50,10.64,--,71,75544,卖盘
1050,13:36:47,10.64,--,14,14896,卖盘
1051,13:36:44,10.64,--,30,31920,卖盘
1052,13:36:41,10.64,--,5,5320,卖盘
1053,13:36:32,10.64,--,199,211736,卖盘
1054,13:36:29,10.64,-0.01,21,22344,卖盘
1055,13:36:26,10.65,0.01,28,29820,买盘
1056,13:36:20,10.64,--,53,56392,卖盘
1057,13:36:17,10.64,--,113,120232,卖盘
1058,13:36:14,10.64,--,853,907592,卖盘
1059,13:36:11,10.64,-0.01,55,58520,卖盘
1060,13:36:08,10.65,0.01,239,254535,买盘
1061,13:36:05,10.64,--,20,21280,卖盘
1062,13:35:59,10.64,--,119,126616,卖盘
1063,13:35:56,10.64,--,20,21280,卖盘
1064,13:35:53,10.64,--,5,5320,卖盘
1065,13:35:50,10.64,--,93,98952,卖盘
1066,13:35:44,10.64,--,10,10640,卖盘
1067,13:35:41,10.64,--,97,103208,卖盘
1068,13:35:38,10.64,0.01,606,644784,买盘
1069,13:35:35,10.63,-0.01,9,9567,卖盘
1070,13:35:26,10.64,0.01,18,19152,买盘
1071,13:35:23,10.63,--,87,92481,卖盘
1072,13:35:20,10.63,--,4,4252,卖盘
1073,13:35:17,10.63,-0.01,98,104174,卖盘
1074,13:35:14,10.64,--,25,26600,买盘
1075,13:35:11,10.64,--,8,8512,买盘
1076,13:35:05,10.64,--,297,316008,卖盘
1077,13:35:02,10.64,-0.01,101,107464,卖盘
1078,13:34:59,10.65,0.01,105,111825,买盘
1079,13:34:53,10.64,--,3,3192,卖盘
1080,13:34:50,10.64,--,9,9576,卖盘
1081,13:34:47,10.64,--,48,51072,卖盘
1082,13:34:44,10.64,-0.01,10,10640,卖盘
1083,13:34:41,10.65,--,10,10650,买盘
1084,13:34:35,10.65,0.01,50,53250,买盘
1085,13:34:32,10.64,-0.01,76,80864,卖盘
1086,13:34:29,10.65,--,5,5325,买盘
1087,13:34:26,10.65,--,295,314920,卖盘
1088,13:34:23,10.65,--,798,849870,卖盘
1089,13:34:17,10.65,--,42,44730,卖盘
1090,13:34:14,10.65,--,670,713550,卖盘
1091,13:34:11,10.65,--,164,174979,卖盘
1092,13:34:08,10.65,--,509,542085,卖盘
1093,13:34:05,10.65,--,91,96915,卖盘
1094,13:34:02,10.65,--,332,353580,卖盘
1095,13:33:56,10.65,--,25,26625,卖盘
1096,13:33:50,10.65,-0.01,60,63900,卖盘
1097,13:33:44,10.66,0.01,105,111930,买盘
1098,13:33:41,10.65,-0.01,57,60960,卖盘
1099,13:33:38,10.66,--,192,204672,卖盘
1100,13:33:35,10.66,--,100,106600,卖盘
1101,13:33:32,10.66,--,45,47970,卖盘
1102,13:33:29,10.66,0.01,2733,2914188,买盘
1103,13:33:23,10.65,--,225,239625,卖盘
1104,13:33:20,10.65,--,66,70290,卖盘
1105,13:33:17,10.65,--,26,27690,卖盘
1106,13:33:11,10.65,--,305,324825,卖盘
1107,13:33:08,10.65,--,18,19170,卖盘
1108,13:33:05,10.65,--,1016,1082040,买盘
1109,13:33:02,10.65,--,140,149100,买盘
1110,13:32:56,10.65,--,470,500550,卖盘
1111,13:32:53,10.65,--,160,170400,卖盘
1112,13:32:50,10.65,--,32,34080,卖盘
1113,13:32:47,10.65,--,30,31950,卖盘
1114,13:32:44,10.65,--,80,85200,卖盘
1115,13:32:41,10.65,-0.01,44,46860,卖盘
1116,13:32:38,10.66,0.01,252,268632,买盘
1117,13:32:35,10.65,--,1081,1151265,买盘
1118,13:32:32,10.65,0.01,137,145905,买盘
1119,13:32:29,10.64,--,5,5320,卖盘
1120,13:32:26,10.64,--,201,213864,卖盘
1121,13:32:23,10.64,-0.01,10,10640,卖盘
1122,13:32:20,10.65,0.01,52,55380,买盘
1123,13:32:14,10.64,--,26,27664,卖盘
1124,13:32:11,10.64,--,130,138320,卖盘
1125,13:32:08,10.64,0.01,1443,1535352,买盘
1126,13:32:05,10.63,--,25,26575,卖盘
1127,13:31:56,10.63,--,73,77599,卖盘
1128,13:31:53,10.63,--,2,3061,卖盘
1129,13:31:50,10.63,--,135,143505,卖盘
1130,13:31:44,10.63,--,43,45709,卖盘
1131,13:31:41,10.63,--,100,106300,卖盘
1132,13:31:38,10.63,--,30,31890,卖盘
1133,13:31:35,10.63,--,127,135001,卖盘
1134,13:31:32,10.63,--,5,5315,卖盘
1135,13:31:26,10.63,--,47,49961,卖盘
1136,13:31:23,10.63,--,10,10630,卖盘
1137,13:31:17,10.63,--,10,10630,卖盘
1138,13:31:14,10.63,-0.01,5,5315,卖盘
1139,13:31:08,10.64,--,10,10640,买盘
1140,13:31:02,10.64,-0.01,36,38304,卖盘
1141,13:30:59,10.65,--,50,53250,买盘
1142,13:30:56,10.65,--,54,57510,买盘
1143,13:30:50,10.65,--,2089,2225658,卖盘
1144,13:30:47,10.65,--,450,479250,卖盘
1145,13:30:44,10.65,--,172,183180,卖盘
1146,13:30:41,10.65,--,366,389790,卖盘
1147,13:30:38,10.65,--,1266,1348290,卖盘
1148,13:30:32,10.65,--,491,522915,卖盘
1149,13:30:29,10.65,--,3053,3251445,卖盘
1150,13:30:26,10.65,--,75,79875,卖盘
1151,13:30:23,10.65,--,372,396180,卖盘
1152,13:30:20,10.65,--,246,261990,卖盘
1153,13:30:17,10.65,--,133,141645,卖盘
1154,13:30:14,10.65,--,17,18105,卖盘
1155,13:30:11,10.65,-0.01,116,123540,卖盘
1156,13:30:08,10.66,0.01,39,41574,买盘
1157,13:30:05,10.65,--,91,96915,卖盘
1158,13:30:02,10.65,-0.01,318,338670,卖盘
1159,13:29:59,10.66,--,233,248378,卖盘
1160,13:29:56,10.66,0.01,1623,1730309,买盘
1161,13:29:53,10.65,-0.01,45,47925,卖盘
1162,13:29:50,10.66,--,88,93808,买盘
1163,13:29:47,10.66,--,180,191880,买盘
1164,13:29:41,10.66,--,1,1066,买盘
1165,13:29:38,10.66,0.01,55,58630,买盘
1166,13:29:32,10.65,--,120,127800,卖盘
1167,13:29:29,10.65,--,5,5325,卖盘
1168,13:29:26,10.65,-0.01,105,111825,卖盘
1169,13:29:23,10.66,--,179,191688,卖盘
1170,13:29:20,10.66,--,363,386958,卖盘
1171,13:29:17,10.66,--,234,249444,卖盘
1172,13:29:14,10.66,--,84,89544,卖盘
1173,13:29:11,10.66,0.03,3999,4263125,买盘
1174,13:29:08,10.63,-0.01,85,90355,卖盘
1175,13:29:05,10.64,--,390,414960,买盘
1176,13:29:02,10.64,--,70,74480,卖盘
1177,13:28:59,10.64,--,227,241528,卖盘
1178,13:28:56,10.64,0.01,74,78736,中性盘
1179,13:28:53,10.63,--,186,197718,卖盘
1180,13:28:50,10.63,--,789,838707,卖盘
1181,13:28:47,10.63,--,2030,2157890,卖盘
1182,13:28:44,10.63,-0.01,105,111615,卖盘
1183,13:28:41,10.64,0.01,8,8512,买盘
1184,13:28:38,10.63,--,200,212600,卖盘
1185,13:28:32,10.63,--,20,21260,卖盘
1186,13:28:29,10.63,--,1215,1292033,买盘
1187,13:28:26,10.63,--,18,19134,买盘
1188,13:28:23,10.63,0.01,718,764254,买盘
1189,13:28:20,10.62,--,20,21240,卖盘
1190,13:28:17,10.62,--,2,2124,卖盘
1191,13:28:14,10.62,--,18,19116,卖盘
1192,13:28:11,10.62,--,40,42480,卖盘
1193,13:28:08,10.62,0.01,2270,2411143,买盘
1194,13:28:05,10.61,-0.01,19,20159,卖盘
1195,13:28:02,10.62,0.01,32,33984,买盘
1196,13:27:56,10.61,-0.01,6,6366,卖盘
1197,13:27:53,10.62,0.01,76,80712,买盘
1198,13:27:50,10.61,--,3,3183,卖盘
1199,13:27:47,10.61,--,279,296019,卖盘
1200,13:27:44,10.61,--,49,51989,卖盘
1201,13:27:38,10.61,-0.01,50,53050,卖盘
1202,13:27:35,10.62,0.01,15,15929,买盘
1203,13:27:26,10.61,-0.01,31,32891,卖盘
1204,13:27:23,10.62,0.01,39,42416,买盘
1205,13:27:17,10.61,-0.01,15,15915,卖盘
1206,13:27:14,10.62,0.01,105,111509,买盘
1207,13:27:11,10.61,--,19,20159,卖盘
1208,13:27:08,10.61,--,2,2122,卖盘
1209,13:27:05,10.61,--,140,148540,卖盘
1210,13:27:02,10.61,--,439,466564,卖盘
1211,13:26:59,10.61,0.01,2261,2398921,买盘
1212,13:26:53,10.6,--,15,15900,买盘
1213,13:26:50,10.6,--,83,87980,买盘
1214,13:26:47,10.6,--,40,42400,买盘
1215,13:26:44,10.6,--,20,21200,买盘
1216,13:26:41,10.6,--,50,53000,买盘
1217,13:26:38,10.6,-0.01,37,39220,卖盘
1218,13:26:35,10.61,0.01,21,22281,买盘
1219,13:26:29,10.6,-0.01,10,10600,卖盘
1220,13:26:26,10.61,0.01,18,19098,买盘
1221,13:26:23,10.6,-0.01,20,21200,卖盘
1222,13:26:20,10.61,0.01,10,10610,买盘
1223,13:26:14,10.6,-0.01,15,15900,卖盘
1224,13:26:11,10.61,0.01,5,5305,买盘
1225,13:26:08,10.6,-0.01,60,63600,卖盘
1226,13:26:02,10.61,--,9,9549,买盘
1227,13:25:56,10.61,0.01,105,111405,买盘
1228,13:25:50,10.6,-0.01,3,3180,卖盘
1229,13:25:44,10.61,--,45,47745,买盘
1230,13:25:41,10.61,--,419,444559,卖盘
1231,13:25:38,10.61,--,120,127320,卖盘
1232,13:25:31,10.61,-0.01,70,74270,卖盘
1233,13:25:28,10.62,0.01,125,132750,买盘
1234,13:25:22,10.61,0.01,1735,1840835,买盘
1235,13:25:16,10.6,--,307,325420,买盘
1236,13:25:13,10.6,--,5,5300,买盘
1237,13:25:10,10.6,--,2,2120,买盘
1238,13:25:04,10.6,--,10,10600,买盘
1239,13:25:01,10.6,--,30,31800,买盘
1240,13:24:58,10.6,--,20,21200,买盘
1241,13:24:55,10.6,0.01,15,15900,买盘
1242,13:24:43,10.59,-0.01,302,319818,卖盘
1243,13:24:37,10.6,--,19,20140,买盘
1244,13:24:31,10.6,--,7,7420,买盘
1245,13:24:25,10.6,--,56,59360,买盘
1246,13:24:22,10.6,--,59,62540,买盘
1247,13:24:19,10.6,--,41,43460,买盘
1248,13:24:16,10.6,--,20,21200,买盘
1249,13:24:13,10.6,--,10,10600,买盘
1250,13:24:07,10.6,--,48,50880,买盘
1251,13:24:04,10.6,--,4,4240,买盘
1252,13:24:01,10.6,-0.02,15,15900,买盘
1253,13:23:55,10.62,0.02,1555,1651409,买盘
1254,13:23:52,10.6,--,84,89040,卖盘
1255,13:23:49,10.6,--,10,10600,卖盘
1256,13:23:46,10.6,-0.01,299,316940,卖盘
1257,13:23:43,10.61,0.01,5,5305,买盘
1258,13:23:40,10.6,--,10,10600,卖盘
1259,13:23:37,10.6,-0.01,22,23320,卖盘
1260,13:23:34,10.61,0.01,48,50928,买盘
1261,13:23:31,10.6,-0.01,5,5300,卖盘
1262,13:23:28,10.61,--,12,12732,买盘
1263,13:23:25,10.61,--,18,19098,买盘
1264,13:23:22,10.61,0.01,10,10610,买盘
1265,13:23:19,10.6,-0.01,2,2120,卖盘
1266,13:23:16,10.61,--,13,13793,买盘
1267,13:23:13,10.61,--,3,3183,买盘
1268,13:23:10,10.61,--,11,11671,买盘
1269,13:23:07,10.61,0.01,38,40318,买盘
1270,13:23:04,10.6,--,136,144160,卖盘
1271,13:23:01,10.6,-0.01,1,1060,卖盘
1272,13:22:58,10.61,0.01,5,5305,买盘
1273,13:22:55,10.6,--,19,20140,卖盘
1274,13:22:52,10.6,--,30,31800,卖盘
1275,13:22:49,10.6,-0.01,19,20140,中性盘
1276,13:22:43,10.61,0.01,14,14854,买盘
1277,13:22:37,10.6,0.01,4,4240,中性盘
1278,13:22:34,10.59,--,40,42360,卖盘
1279,13:22:28,10.59,-0.02,10,10590,中性盘
1280,13:22:25,10.61,0.02,4049,4295989,买盘
1281,13:22:22,10.59,--,153,162027,买盘
1282,13:22:19,10.59,0.01,395,418305,买盘
1283,13:22:16,10.58,-0.01,23,24334,卖盘
1284,13:22:13,10.59,--,294,311346,买盘
1285,13:22:10,10.59,0.01,33,34947,买盘
1286,13:22:07,10.58,-0.01,35,37030,卖盘
1287,13:22:01,10.59,0.01,200,211800,买盘
1288,13:21:58,10.58,--,20,21160,卖盘
1289,13:21:55,10.58,--,31,32798,卖盘
1290,13:21:52,10.58,--,541,573160,买盘
1291,13:21:49,10.58,--,130,137540,买盘
1292,13:21:43,10.58,--,220,232760,买盘
1293,13:21:40,10.58,--,158,167164,买盘
1294,13:21:34,10.58,--,30,31740,买盘
1295,13:21:25,10.58,0.01,284,300472,买盘
1296,13:21:22,10.57,--,925,977725,卖盘
1297,13:21:19,10.57,--,11,11627,卖盘
1298,13:21:13,10.57,-0.01,3,3171,卖盘
1299,13:21:07,10.58,0.01,71,75118,买盘
1300,13:21:04,10.57,--,26,27482,卖盘
1301,13:21:01,10.57,-0.01,10,10570,卖盘
1302,13:20:55,10.58,0.01,90,95220,买盘
1303,13:20:52,10.57,--,200,211400,卖盘
1304,13:20:49,10.57,--,36,38052,卖盘
1305,13:20:43,10.57,-0.01,10,10570,卖盘
1306,13:20:40,10.58,--,32,33856,买盘
1307,13:20:34,10.58,--,8,8464,买盘
1308,13:20:25,10.58,0.01,18,19044,买盘
1309,13:20:22,10.57,--,6,6342,买盘
1310,13:20:19,10.57,--,206,217742,买盘
1311,13:20:16,10.57,--,32,33824,买盘
1312,13:20:10,10.57,--,20,21140,买盘
1313,13:20:07,10.57,--,246,260022,卖盘
1314,13:20:04,10.57,--,37,39109,卖盘
1315,13:19:52,10.57,--,67,70819,卖盘
1316,13:19:49,10.57,--,100,105700,卖盘
1317,13:19:43,10.57,0.01,502,530614,买盘
1318,13:19:40,10.56,-0.01,20,21120,卖盘
1319,13:19:37,10.57,0.01,19,20083,买盘
1320,13:19:31,10.56,-0.01,10,10560,卖盘
1321,13:19:28,10.57,0.01,18,19026,买盘
1322,13:19:25,10.56,-0.01,49,51744,卖盘
1323,13:19:22,10.57,0.01,10,10570,买盘
1324,13:19:13,10.56,-0.01,34,35904,卖盘
1325,13:19:10,10.57,--,6,6342,买盘
1326,13:19:07,10.57,0.01,26,27482,买盘
1327,13:19:04,10.56,-0.01,24,25344,卖盘
1328,13:18:46,10.57,0.02,10,10570,买盘
1329,13:18:40,10.55,-0.01,89,93895,卖盘
1330,13:18:28,10.56,--,78,82368,买盘
1331,13:18:22,10.56,0.01,8,8448,买盘
1332,13:18:13,10.55,-0.01,196,206780,卖盘
1333,13:18:04,10.56,--,10,10560,买盘
1334,13:18:01,10.56,--,4,4224,买盘
1335,13:17:58,10.56,--,32,33792,买盘
1336,13:17:55,10.56,--,45,47520,买盘
1337,13:17:52,10.56,0.01,1110,1172160,买盘
1338,13:17:49,10.55,-0.01,36,37980,卖盘
1339,13:17:46,10.56,--,12,12672,买盘
1340,13:17:43,10.56,--,161,170016,买盘
1341,13:17:31,10.56,--,87,91872,买盘
1342,13:17:25,10.56,--,37,39072,买盘
1343,13:17:22,10.56,--,20,21120,买盘
1344,13:17:16,10.56,--,10,10560,买盘
1345,13:17:10,10.56,-0.01,60,63360,卖盘
1346,13:17:07,10.57,0.01,80,84560,买盘
1347,13:17:04,10.56,--,10,10560,卖盘
1348,13:17:01,10.56,--,7,7392,卖盘
1349,13:16:55,10.56,0.01,5,5280,卖盘
1350,13:16:43,10.55,-0.01,201,212055,卖盘
1351,13:16:34,10.56,-0.01,6,6336,卖盘
1352,13:16:25,10.57,--,76,80332,买盘
1353,13:16:19,10.57,0.01,31,32767,买盘
1354,13:16:16,10.56,-0.01,28,29568,卖盘
1355,13:16:13,10.57,--,6,6342,买盘
1356,13:16:07,10.57,--,4,4228,买盘
1357,13:16:04,10.57,--,5,5285,买盘
1358,13:15:55,10.57,-0.01,20,21140,中性盘
1359,13:15:37,10.58,--,50,52900,买盘
1360,13:15:25,10.58,0.03,18,19044,买盘
1361,13:15:22,10.55,-0.03,42,44310,中性盘
1362,13:15:04,10.58,0.03,5772,6106776,买盘
1363,13:15:01,10.55,0.01,50,52750,买盘
1364,13:14:55,10.54,-0.01,36,37944,中性盘
1365,13:14:31,10.55,0.01,7,7385,买盘
1366,13:14:28,10.54,-0.01,1038,1094052,卖盘
1367,13:14:25,10.55,--,18,18990,买盘
1368,13:14:22,10.55,0.01,186,196230,买盘
1369,13:14:04,10.54,--,21,22134,卖盘
1370,13:14:01,10.54,--,3,3161,卖盘
1371,13:13:43,10.54,-0.01,2,2108,卖盘
1372,13:13:31,10.55,0.01,141,148755,买盘
1373,13:13:28,10.54,-0.01,25,26349,卖盘
1374,13:13:22,10.55,0.01,5,5275,买盘
1375,13:13:16,10.54,--,2,2108,卖盘
1376,13:13:13,10.54,-0.01,125,131750,卖盘
1377,13:12:58,10.55,--,19,20045,买盘
1378,13:12:55,10.55,--,1,1055,买盘
1379,13:12:49,10.55,--,34,35870,买盘
1380,13:12:40,10.55,--,1,1055,买盘
1381,13:12:31,10.55,--,20,21100,买盘
1382,13:12:28,10.55,--,75,79125,卖盘
1383,13:12:25,10.55,--,51,53805,卖盘
1384,13:12:10,10.55,0.01,14,14770,买盘
1385,13:12:07,10.54,--,129,135966,卖盘
1386,13:12:01,10.54,-0.02,2,2108,卖盘
1387,13:11:49,10.56,0.02,2567,2710752,买盘
1388,13:11:37,10.54,--,54,56915,买盘
1389,13:11:34,10.54,--,4,4216,买盘
1390,13:11:28,10.54,--,18,18972,买盘
1391,13:11:25,10.54,0.01,2,2108,买盘
1392,13:11:19,10.53,--,14,14742,卖盘
1393,13:11:01,10.53,-0.01,505,531765,卖盘
1394,13:10:58,10.54,--,63,66402,买盘
1395,13:10:55,10.54,0.01,125,131750,买盘
1396,13:10:52,10.53,-0.01,2,2106,卖盘
1397,13:10:49,10.54,0.01,45,47429,买盘
1398,13:10:40,10.53,-0.01,2,2106,卖盘
1399,13:10:37,10.54,--,19,20026,买盘
1400,13:10:28,10.54,--,10,10540,买盘
1401,13:10:25,10.54,--,49,51645,卖盘
1402,13:10:22,10.54,-0.01,7,7377,卖盘
1403,13:10:19,10.55,0.01,10,10550,买盘
1404,13:10:10,10.54,--,30,31619,卖盘
1405,13:10:01,10.54,--,3,3161,卖盘
1406,13:09:58,10.54,--,21,22134,买盘
1407,13:09:52,10.54,--,174,183395,买盘
1408,13:09:46,10.54,--,69,72726,买盘
1409,13:09:43,10.54,0.01,6,6323,买盘
1410,13:09:40,10.53,-0.01,8,8424,卖盘
1411,13:09:34,10.54,0.01,1,1054,买盘
1412,13:09:31,10.53,--,5,5265,卖盘
1413,13:09:28,10.53,-0.01,3,3159,卖盘
1414,13:09:25,10.54,0.01,33,34782,中性盘
1415,13:09:10,10.53,-0.01,37,39571,卖盘
1416,13:09:04,10.54,--,15,15809,买盘
1417,13:09:01,10.54,--,10,10540,买盘
1418,13:08:52,10.54,0.01,70,73780,买盘
1419,13:08:49,10.53,-0.01,135,142155,卖盘
1420,13:08:43,10.54,--,50,52699,买盘
1421,13:08:40,10.54,--,31,32673,买盘
1422,13:08:34,10.54,--,14,14755,买盘
1423,13:08:28,10.54,--,502,529108,买盘
1424,13:08:25,10.54,0.01,18,18972,买盘
1425,13:08:22,10.53,-0.01,5,5265,卖盘
1426,13:08:19,10.54,--,15,15809,买盘
1427,13:08:16,10.54,0.01,199,209745,买盘
1428,13:07:58,10.53,-0.01,10,10530,卖盘
1429,13:07:52,10.54,--,27,28457,买盘
1430,13:07:49,10.54,0.01,15,15809,买盘
1431,13:07:43,10.53,-0.01,2,2106,卖盘
1432,13:07:40,10.54,--,308,324632,买盘
1433,13:07:34,10.54,--,50,52699,买盘
1434,13:07:31,10.54,0.01,69,72726,买盘
1435,13:07:25,10.53,--,28,29484,卖盘
1436,13:07:16,10.53,--,28,29484,卖盘
1437,13:07:13,10.53,--,18,18954,卖盘
1438,13:07:10,10.53,-0.01,30,31589,卖盘
1439,13:07:04,10.54,--,43,45321,买盘
1440,13:07:01,10.54,--,20,21080,买盘
1441,13:06:49,10.54,--,10,10540,买盘
1442,13:06:46,10.54,0.01,27,28457,买盘
1443,13:06:43,10.53,-0.01,2,2106,卖盘
1444,13:06:37,10.54,--,13,13701,买盘
1445,13:06:28,10.54,--,20,21080,买盘
1446,13:06:21,10.54,0.01,79,83266,买盘
1447,13:06:18,10.53,--,11,11583,买盘
1448,13:06:12,10.53,--,2,2106,买盘
1449,13:06:09,10.53,--,2,2106,买盘
1450,13:06:06,10.53,--,48,50544,卖盘
1451,13:06:03,10.53,0.01,12,12636,中性盘
1452,13:05:51,10.52,-0.01,100,105200,卖盘
1453,13:05:48,10.53,--,64,67392,买盘
1454,13:05:45,10.53,--,11,11583,买盘
1455,13:05:42,10.53,0.01,425,447525,买盘
1456,13:05:39,10.52,-0.01,2,2104,卖盘
1457,13:05:36,10.53,0.01,17,17901,买盘
1458,13:05:33,10.52,--,15,15780,卖盘
1459,13:05:30,10.52,-0.01,3,3156,卖盘
1460,13:05:27,10.53,0.01,19,20007,买盘
1461,13:05:24,10.52,--,500,526000,卖盘
1462,13:05:18,10.52,--,20,21040,卖盘
1463,13:05:12,10.52,-0.01,10,10520,卖盘
1464,13:04:57,10.53,--,5,5265,买盘
1465,13:04:54,10.53,0.01,5,5265,买盘
1466,13:04:51,10.52,--,24,25248,卖盘
1467,13:04:39,10.52,-0.01,4,4208,卖盘
1468,13:04:30,10.53,0.01,100,105300,买盘
1469,13:04:27,10.52,-0.01,20,21040,卖盘
1470,13:04:09,10.53,--,50,52650,买盘
1471,13:03:54,10.53,--,2,2106,买盘
1472,13:03:48,10.53,0.01,2,2106,买盘
1473,13:03:42,10.52,--,58,61016,卖盘
1474,13:03:39,10.52,-0.01,10,10520,卖盘
1475,13:03:27,10.53,--,1,1053,买盘
1476,13:03:24,10.53,--,18,18954,买盘
1477,13:03:18,10.53,0.01,5,5265,买盘
1478,13:03:12,10.52,--,36,37872,卖盘
1479,13:03:03,10.52,-0.01,5,5260,卖盘
1480,13:02:57,10.53,0.01,15,15794,买盘
1481,13:02:51,10.52,--,12,12624,卖盘
1482,13:02:45,10.52,--,31,32612,卖盘
1483,13:02:39,10.52,--,2,2104,卖盘
1484,13:02:36,10.52,--,514,540728,卖盘
1485,13:02:33,10.52,-0.01,27,28404,卖盘
1486,13:02:30,10.53,--,10,10530,买盘
1487,13:02:24,10.53,--,30,31589,买盘
1488,13:02:21,10.53,--,20,21060,买盘
1489,13:02:18,10.53,--,2,2106,买盘
1490,13:02:12,10.53,0.01,40,42120,买盘
1491,13:02:06,10.52,--,200,210400,卖盘
1492,13:01:57,10.52,-0.01,20,21040,卖盘
1493,13:01:51,10.53,--,50,52650,买盘
1494,13:01:48,10.53,--,10,10530,买盘
1495,13:01:42,10.53,0.01,10,10530,买盘
1496,13:01:36,10.52,-0.01,8,8416,卖盘
1497,13:01:30,10.53,-0.01,10,10530,中性盘
1498,13:01:24,10.54,0.01,108,113831,买盘
1499,13:01:21,10.53,--,10,10530,买盘
1500,13:01:12,10.53,--,20,21060,买盘
1501,13:01:06,10.53,--,16,16848,卖盘
1502,13:00:45,10.53,--,1,1053,卖盘
1503,13:00:42,10.53,--,1,1053,卖盘
1504,13:00:30,10.53,-0.01,7,7371,卖盘
1505,13:00:21,10.54,0.01,9,9486,买盘
1506,13:00:18,10.53,--,44,46332,买盘
1507,13:00:15,10.53,--,117,123200,买盘
1508,13:00:09,10.53,--,159,167869,卖盘
1509,13:00:06,10.53,--,525,553435,买盘
1510,13:00:03,10.53,0.01,255,268515,买盘
1511,11:29:50,10.52,--,9,9468,卖盘
1512,11:29:41,10.52,--,1,1052,卖盘
1513,11:29:32,10.52,--,12,12624,买盘
1514,11:29:29,10.52,--,1,1052,买盘
1515,11:29:26,10.52,--,18,18936,买盘
1516,11:29:23,10.52,0.01,3,3156,买盘
1517,11:29:14,10.51,-0.01,3,3153,卖盘
1518,11:29:05,10.52,--,214,225128,买盘
1519,11:29:02,10.52,--,58,61016,买盘
1520,11:28:59,10.52,--,1,1052,买盘
1521,11:28:53,10.52,0.01,15,15780,买盘
1522,11:28:50,10.51,-0.01,20,21020,卖盘
1523,11:28:44,10.52,--,3,3156,买盘
1524,11:28:35,10.52,--,83,87316,买盘
1525,11:28:32,10.52,--,10,10520,买盘
1526,11:28:26,10.52,--,18,18936,买盘
1527,11:28:14,10.52,--,304,319808,买盘
1528,11:28:08,10.52,0.01,10,10520,买盘
1529,11:28:02,10.51,-0.01,4,4204,卖盘
1530,11:27:50,10.52,0.01,23,24196,买盘
1531,11:27:47,10.51,-0.01,57,59907,卖盘
1532,11:27:32,10.52,--,6,6312,买盘
1533,11:27:29,10.52,0.01,20,21040,买盘
1534,11:27:26,10.51,--,28,29428,卖盘
1535,11:27:23,10.51,-0.01,39,40989,卖盘
1536,11:27:20,10.52,--,1,1052,买盘
1537,11:27:17,10.52,--,1,1052,买盘
1538,11:27:08,10.52,--,116,122032,卖盘
1539,11:27:05,10.52,--,10,10520,卖盘
1540,11:27:02,10.52,-0.01,5,5260,卖盘
1541,11:26:56,10.53,0.01,20,21060,买盘
1542,11:26:50,10.52,--,2,2104,卖盘
1543,11:26:38,10.52,-0.01,4,4208,卖盘
1544,11:26:32,10.53,--,20,21060,买盘
1545,11:26:26,10.53,0.01,18,18954,买盘
1546,11:26:20,10.52,--,5,5260,卖盘
1547,11:26:11,10.52,--,8,8416,中性盘
1548,11:26:08,10.52,--,165,173580,买盘
1549,11:25:59,10.52,--,20,21040,买盘
1550,11:25:56,10.52,0.01,15,15780,卖盘
1551,11:25:47,10.51,-0.02,2,2102,卖盘
1552,11:25:44,10.53,0.01,120,126359,买盘
1553,11:25:41,10.52,-0.01,1,1472,卖盘
1554,11:25:31,10.53,0.01,14,14742,买盘
1555,11:25:28,10.52,-0.01,8,8416,中性盘
1556,11:25:22,10.53,0.01,23,24219,买盘
1557,11:25:19,10.52,0.01,27,28404,买盘
1558,11:25:13,10.51,--,3,3153,卖盘
1559,11:25:10,10.51,--,101,106151,卖盘
1560,11:25:07,10.51,-0.01,3,3153,卖盘
1561,11:25:04,10.52,0.01,5,5260,买盘
1562,11:25:01,10.51,-0.01,30,31530,卖盘
1563,11:24:58,10.52,0.01,35,36820,买盘
1564,11:24:49,10.51,-0.01,823,864973,卖盘
1565,11:24:46,10.52,0.01,8,8416,买盘
1566,11:24:37,10.51,--,12,13263,卖盘
1567,11:24:34,10.51,-0.01,5,5255,卖盘
1568,11:24:31,10.52,--,19,19988,买盘
1569,11:24:28,10.52,--,9,9468,买盘
1570,11:24:22,10.52,0.01,18,18936,买盘
1571,11:24:19,10.51,-0.01,15,15765,卖盘
1572,11:24:01,10.52,--,20,21040,买盘
1573,11:23:58,10.52,--,3,3156,买盘
1574,11:23:55,10.52,--,412,434034,卖盘
1575,11:23:49,10.52,-0.01,20,21040,卖盘
1576,11:23:46,10.53,0.01,10,10530,买盘
1577,11:23:43,10.52,--,10,10520,卖盘
1578,11:23:37,10.52,--,12,13255,卖盘
1579,11:23:34,10.52,-0.01,1,1052,卖盘
1580,11:23:25,10.53,--,22,23166,买盘
1581,11:23:19,10.53,0.01,22,23166,买盘
1582,11:23:16,10.52,-0.01,22,23144,卖盘
1583,11:23:04,10.53,0.01,5,5265,买盘
1584,11:23:01,10.52,-0.01,9,9468,卖盘
1585,11:22:55,10.53,0.01,1,1053,买盘
1586,11:22:52,10.52,--,17,17884,卖盘
1587,11:22:43,10.52,--,12,13276,卖盘
1588,11:22:40,10.52,--,10,10520,卖盘
1589,11:22:25,10.52,--,22,23354,买盘
1590,11:22:22,10.52,--,21,22092,买盘
1591,11:22:19,10.52,-0.01,32,34505,卖盘
1592,11:22:10,10.53,0.01,3,3159,买盘
1593,11:21:58,10.52,--,120,126240,卖盘
1594,11:21:55,10.52,-0.01,1,1052,卖盘
1595,11:21:49,10.53,0.01,10,10530,买盘
1596,11:21:40,10.52,--,1000,1052000,卖盘
1597,11:21:37,10.52,--,14,15359,卖盘
1598,11:21:34,10.52,-0.01,30,31560,卖盘
1599,11:21:25,10.53,--,28,29484,买盘
1600,11:21:07,10.53,--,20,21060,买盘
1601,11:21:04,10.53,--,199,209547,买盘
1602,11:20:58,10.53,--,128,135626,卖盘
1603,11:20:49,10.53,-0.01,100,105300,卖盘
1604,11:20:46,10.54,0.01,6,6323,买盘
1605,11:20:40,10.53,--,30,31589,卖盘
1606,11:20:37,10.53,--,12,13267,卖盘
1607,11:20:34,10.53,-0.01,5,5265,卖盘
1608,11:20:25,10.54,--,18,18972,买盘
1609,11:20:19,10.54,--,14,14755,买盘
1610,11:20:10,10.54,0.01,5,5270,买盘
1611,11:20:07,10.53,-0.01,200,210600,卖盘
1612,11:19:58,10.54,--,20,21080,买盘
1613,11:19:55,10.54,0.01,500,527000,买盘
1614,11:19:52,10.53,-0.01,3,3159,卖盘
1615,11:19:46,10.54,0.01,31,33306,买盘
1616,11:19:37,10.53,-0.01,59,62126,卖盘
1617,11:19:34,10.54,0.01,6,6323,买盘
1618,11:19:28,10.53,-0.01,20,21060,卖盘
1619,11:19:25,10.54,0.01,18,18972,买盘
1620,11:19:16,10.53,-0.01,100,105300,卖盘
1621,11:19:10,10.54,0.01,10,10540,买盘
1622,11:19:01,10.53,--,86,90558,卖盘
1623,11:18:52,10.53,-0.01,7,7371,卖盘
1624,11:18:43,10.54,--,215,226609,买盘
1625,11:18:37,10.54,0.01,20,21080,买盘
1626,11:18:31,10.53,-0.01,23,24219,卖盘
1627,11:18:22,10.54,--,31,32673,买盘
1628,11:18:13,10.54,--,27,28457,买盘
1629,11:18:10,10.54,0.01,47,49537,买盘
1630,11:18:07,10.53,--,10,10530,卖盘
1631,11:18:01,10.53,--,58,61073,买盘
1632,11:17:55,10.53,--,20,21060,买盘
1633,11:17:43,10.53,--,335,352755,买盘
1634,11:17:37,10.53,0.01,37,39592,买盘
1635,11:17:34,10.52,-0.01,108,113616,卖盘
1636,11:17:22,10.53,--,18,18954,买盘
1637,11:17:16,10.53,--,12,12636,买盘
1638,11:17:07,10.53,--,34,35802,买盘
1639,11:17:01,10.53,--,601,632853,买盘
1640,11:16:49,10.53,--,6,6318,卖盘
1641,11:16:43,10.53,--,12,13267,卖盘
1642,11:16:37,10.53,--,100,105300,卖盘
1643,11:16:34,10.53,0.01,124,131119,买盘
1644,11:16:31,10.52,-0.01,133,139916,卖盘
1645,11:16:28,10.53,0.01,50,52650,买盘
1646,11:16:25,10.52,-0.01,245,257740,卖盘
1647,11:16:19,10.53,--,255,268515,买盘
1648,11:16:10,10.53,0.01,462,486485,买盘
1649,11:16:04,10.52,-0.01,46,48392,卖盘
1650,11:16:01,10.53,--,5,5265,买盘
1651,11:15:58,10.53,0.01,86,90558,买盘
1652,11:15:52,10.52,-0.01,19,19988,卖盘
1653,11:15:40,10.53,--,105,110565,买盘
1654,11:15:37,10.53,--,21,22113,买盘
1655,11:15:34,10.53,0.01,1,1053,买盘
1656,11:15:31,10.52,-0.01,15,15780,卖盘
1657,11:15:25,10.53,0.01,38,40014,买盘
1658,11:15:16,10.52,--,20,21040,卖盘
1659,11:15:10,10.52,-0.01,7,7364,卖盘
1660,11:15:01,10.53,0.01,11,11583,买盘
1661,11:14:55,10.52,--,3,3156,买盘
1662,11:14:43,10.52,-0.01,17,17884,中性盘
1663,11:14:37,10.53,0.01,120,126359,买盘
1664,11:14:34,10.52,-0.01,258,271416,卖盘
1665,11:14:31,10.53,--,2,2106,买盘
1666,11:14:28,10.53,--,21,22113,买盘
1667,11:14:25,10.53,0.01,30,31589,买盘
1668,11:14:19,10.52,--,41,43132,买盘
1669,11:14:13,10.52,--,57,59964,买盘
1670,11:14:10,10.52,-0.01,15,15780,卖盘
1671,11:14:04,10.53,0.01,100,105300,买盘
1672,11:14:01,10.52,--,11,11992,卖盘
1673,11:13:52,10.52,--,13,13676,卖盘
1674,11:13:46,10.52,-0.01,80,84160,卖盘
1675,11:13:37,10.53,--,34,35802,买盘
1676,11:13:34,10.53,0.01,16,17479,买盘
1677,11:13:28,10.52,-0.01,7,7364,卖盘
1678,11:13:25,10.53,0.01,18,18954,买盘
1679,11:13:22,10.52,--,16,16832,卖盘
1680,11:13:10,10.52,-0.01,2,2104,卖盘
1681,11:13:07,10.53,0.01,1,1053,买盘
1682,11:13:01,10.52,-0.01,21,22092,卖盘
1683,11:12:58,10.53,0.01,3,3159,买盘
1684,11:12:46,10.52,0.01,6,6312,中性盘
1685,11:12:40,10.51,-0.01,18,19590,卖盘
1686,11:12:31,10.52,--,5,5260,买盘
1687,11:12:25,10.52,--,20,21040,买盘
1688,11:12:19,10.52,0.01,12,12624,中性盘
1689,11:12:10,10.51,-0.01,15,15765,卖盘
1690,11:11:58,10.52,0.01,11,12203,买盘
1691,11:11:55,10.51,--,28,29428,卖盘
1692,11:11:46,10.51,-0.01,1,1051,卖盘
1693,11:11:40,10.52,-0.01,4,4208,卖盘
1694,11:11:37,10.53,0.01,2,2106,买盘
1695,11:11:31,10.52,-0.01,1,1052,中性盘
1696,11:11:25,10.53,0.01,18,18954,买盘
1697,11:11:22,10.52,0.01,44,46288,买盘
1698,11:11:19,10.51,-0.01,1,1051,卖盘
1699,11:11:13,10.52,--,5,5260,买盘
1700,11:11:07,10.52,--,39,41028,买盘
1701,11:10:58,10.52,--,30,31560,买盘
1702,11:10:49,10.52,0.01,34,35768,买盘
1703,11:10:37,10.51,--,20,21650,卖盘
1704,11:10:34,10.51,-0.01,500,525500,卖盘
1705,11:10:22,10.52,--,38,39976,买盘
1706,11:10:19,10.52,--,1,1052,买盘
1707,11:10:07,10.52,--,42,45004,卖盘
1708,11:10:04,10.52,--,10,10520,卖盘
1709,11:10:01,10.52,--,40,42080,卖盘
1710,11:09:55,10.52,-0.01,30,31560,卖盘
1711,11:09:49,10.53,--,26,27378,买盘
1712,11:09:43,10.53,0.01,1,1053,买盘
1713,11:09:37,10.52,-0.01,12,13255,卖盘
1714,11:09:31,10.53,0.01,3,3159,买盘
1715,11:09:25,10.52,--,92,96784,卖盘
1716,11:09:22,10.52,-0.01,10,10520,卖盘
1717,11:09:19,10.53,0.01,2,2106,买盘
1718,11:09:10,10.52,-0.01,20,21040,卖盘
1719,11:08:55,10.53,0.01,15,15794,买盘
1720,11:08:52,10.52,--,26,27352,卖盘
1721,11:08:49,10.52,--,12,12624,卖盘
1722,11:08:43,10.52,--,12,12624,卖盘
1723,11:08:37,10.52,--,12,13276,卖盘
1724,11:08:34,10.52,--,38,39976,买盘
1725,11:08:28,10.52,--,35,36820,买盘
1726,11:08:25,10.52,0.01,18,18936,买盘
1727,11:08:19,10.51,-0.01,13,13663,卖盘
1728,11:08:13,10.52,0.01,5,5260,买盘
1729,11:08:10,10.51,--,22,23122,卖盘
1730,11:07:58,10.51,--,5,5255,卖盘
1731,11:07:52,10.51,--,15,15765,卖盘
1732,11:07:46,10.51,--,203,213353,卖盘
1733,11:07:40,10.51,--,15,15765,卖盘
1734,11:07:34,10.51,--,21,22712,卖盘
1735,11:07:31,10.51,-0.01,5,5255,卖盘
1736,11:07:25,10.52,0.01,310,326120,买盘
1737,11:07:22,10.51,--,15,15765,卖盘
1738,11:07:19,10.51,-0.01,115,120865,卖盘
1739,11:07:16,10.52,0.01,48,50496,买盘
1740,11:07:13,10.51,-0.01,2,2102,卖盘
1741,11:07:10,10.52,--,3,3156,买盘
1742,11:07:07,10.52,--,127,133604,买盘
1743,11:07:01,10.52,0.01,2,2104,买盘
1744,11:06:58,10.51,-0.01,10,10510,卖盘
1745,11:06:49,10.52,0.01,58,61016,买盘
1746,11:06:37,10.51,--,64,67915,卖盘
1747,11:06:34,10.51,--,190,199690,买盘
1748,11:06:25,10.51,--,18,18918,买盘
1749,11:06:22,10.51,--,30,31530,买盘
1750,11:06:16,10.51,0.01,2,2102,买盘
1751,11:06:13,10.5,--,70,73500,卖盘
1752,11:06:10,10.5,--,10,10500,卖盘
1753,11:06:07,10.5,-0.01,40,42000,卖盘
1754,11:06:04,10.51,0.01,13,13663,买盘
1755,11:06:00,10.5,-0.01,6,6300,卖盘
1756,11:05:57,10.51,--,30,31530,买盘
1757,11:05:54,10.51,--,510,536010,买盘
1758,11:05:52,10.51,--,37,38887,买盘
1759,11:05:48,10.51,--,5,5255,买盘
1760,11:05:45,10.51,0.01,1,1051,中性盘
1761,11:05:36,10.5,-0.02,212,223261,卖盘
1762,11:05:33,10.52,0.01,198,209000,买盘
1763,11:05:30,10.51,--,40,42040,买盘
1764,11:05:24,10.51,--,157,165007,买盘
1765,11:05:21,10.51,--,20,21020,买盘
1766,11:05:18,10.51,--,15,15765,买盘
1767,11:05:15,10.51,--,100,105100,买盘
1768,11:05:09,10.51,--,1,1051,买盘
1769,11:05:06,10.51,--,7,7357,买盘
1770,11:05:00,10.51,-0.01,423,444919,卖盘
1771,11:04:57,10.52,0.01,13,13676,买盘
1772,11:04:54,10.51,-0.01,213,223863,卖盘
1773,11:04:51,10.52,0.01,17,17884,买盘
1774,11:04:45,10.51,-0.01,651,684810,卖盘
1775,11:04:36,10.52,--,633,666557,买盘
1776,11:04:30,10.52,--,10,10520,买盘
1777,11:04:27,10.52,--,33,34716,买盘
1778,11:04:24,10.52,0.01,18,18936,买盘
1779,11:04:21,10.51,--,53,55703,卖盘
1780,11:04:18,10.51,--,81,85131,卖盘
1781,11:04:15,10.51,--,70,73570,卖盘
1782,11:04:12,10.51,-0.01,40,42040,卖盘
1783,11:04:03,10.52,0.01,657,691164,买盘
1784,11:04:00,10.51,--,61,64111,卖盘
1785,11:03:57,10.51,-0.01,2,2102,卖盘
1786,11:03:45,10.52,0.01,40,42080,买盘
1787,11:03:39,10.51,--,663,696813,卖盘
1788,11:03:36,10.51,--,21,22722,卖盘
1789,11:03:33,10.51,--,95,99845,卖盘
1790,11:03:30,10.51,--,112,117880,卖盘
1791,11:03:27,10.51,--,183,192333,卖盘
1792,11:03:21,10.51,--,14,14714,卖盘
1793,11:03:12,10.51,--,108,113508,卖盘
1794,11:03:09,10.51,--,5,5255,卖盘
1795,11:03:06,10.51,--,32,33632,卖盘
1796,11:03:03,10.51,--,19,19969,卖盘
1797,11:03:00,10.51,-0.01,480,504480,卖盘
1798,11:02:48,10.52,0.01,5,5260,买盘
1799,11:02:45,10.51,-0.01,5,5255,卖盘
1800,11:02:42,10.52,0.01,5,5260,买盘
1801,11:02:39,10.51,-0.01,12,13253,卖盘
1802,11:02:33,10.52,0.01,14,14728,买盘
1803,11:02:30,10.51,--,11,11561,卖盘
1804,11:02:27,10.51,-0.01,31,32581,卖盘
1805,11:02:24,10.52,--,23,24196,买盘
1806,11:02:21,10.52,0.01,9,9468,买盘
1807,11:02:12,10.51,--,150,157650,卖盘
1808,11:02:09,10.51,-0.01,90,94590,卖盘
1809,11:02:06,10.52,0.01,11,11572,买盘
1810,11:02:03,10.51,-0.01,73,76723,卖盘
1811,11:02:00,10.52,--,19,19988,买盘
1812,11:01:51,10.52,--,118,124136,买盘
1813,11:01:48,10.52,0.01,2,2104,买盘
1814,11:01:42,10.51,--,6,6306,卖盘
1815,11:01:39,10.51,--,12,13253,卖盘
1816,11:01:36,10.51,-0.01,500,525500,卖盘
1817,11:01:33,10.52,0.01,119,125188,买盘
1818,11:01:30,10.51,-0.01,200,210200,卖盘
1819,11:01:27,10.52,--,10,10520,买盘
1820,11:01:24,10.52,0.01,53,55756,买盘
1821,11:01:18,10.51,--,24,25224,卖盘
1822,11:01:15,10.51,--,10,10510,卖盘
1823,11:01:03,10.51,--,20,21020,卖盘
1824,11:01:00,10.51,-0.01,115,120865,卖盘
1825,11:00:57,10.52,0.01,96,100992,买盘
1826,11:00:54,10.51,--,8,8408,卖盘
1827,11:00:51,10.51,--,32,33632,卖盘
1828,11:00:48,10.51,--,10,10510,卖盘
1829,11:00:45,10.51,--,21,22071,卖盘
1830,11:00:36,10.51,--,12,13263,卖盘
1831,11:00:30,10.51,--,138,145038,卖盘
1832,11:00:27,10.51,--,13,13663,卖盘
1833,11:00:24,10.51,--,144,151344,卖盘
1834,11:00:21,10.51,-0.01,20,21020,卖盘
1835,11:00:15,10.52,0.01,83,87316,买盘
1836,11:00:12,10.51,-0.01,5,5255,卖盘
1837,11:00:09,10.52,0.01,21,22092,买盘
1838,11:00:06,10.51,--,5,5255,卖盘
1839,11:00:03,10.51,--,25,26275,卖盘
1840,11:00:00,10.51,--,10,10510,卖盘
1841,10:59:54,10.51,--,3,3153,卖盘
1842,10:59:51,10.51,--,20,21020,卖盘
1843,10:59:48,10.51,--,10,10510,卖盘
1844,10:59:45,10.51,--,51,54504,买盘
1845,10:59:36,10.51,--,153,160803,买盘
1846,10:59:33,10.51,-0.01,352,370740,卖盘
1847,10:59:30,10.52,0.01,12,12624,买盘
1848,10:59:27,10.51,-0.01,201,211251,卖盘
1849,10:59:24,10.52,--,18,18936,买盘
1850,10:59:15,10.52,--,94,98888,买盘
1851,10:59:12,10.52,0.01,10,10520,买盘
1852,10:59:09,10.51,--,23,24173,卖盘
1853,10:59:06,10.51,--,30,31530,卖盘
1854,10:59:03,10.51,-0.01,5,5255,卖盘
1855,10:58:57,10.52,0.01,18,18936,买盘
1856,10:58:54,10.51,--,30,31530,卖盘
1857,10:58:48,10.51,--,278,292178,卖盘
1858,10:58:42,10.51,-0.01,30,31530,卖盘
1859,10:58:39,10.52,0.01,9,9468,买盘
1860,10:58:36,10.51,--,328,344728,卖盘
1861,10:58:33,10.51,--,48,50448,卖盘
1862,10:58:30,10.51,-0.01,88,93129,卖盘
1863,10:58:27,10.52,--,5,5260,买盘
1864,10:58:24,10.52,0.01,18,18936,买盘
1865,10:58:21,10.51,--,5,5255,卖盘
1866,10:58:18,10.51,--,101,106151,卖盘
1867,10:58:12,10.51,--,2202,2314302,卖盘
1868,10:58:09,10.51,-0.01,5,5255,卖盘
1869,10:58:03,10.52,0.01,50,52600,买盘
1870,10:57:57,10.51,-0.01,20,21020,卖盘
1871,10:57:48,10.52,0.01,2,2104,买盘
1872,10:57:45,10.51,-0.01,80,84080,卖盘
1873,10:57:42,10.52,0.01,35,36820,买盘
1874,10:57:39,10.51,--,23,24824,卖盘
1875,10:57:33,10.51,--,30,31530,卖盘
1876,10:57:30,10.51,--,7,7357,卖盘
1877,10:57:24,10.51,--,19,19969,卖盘
1878,10:57:15,10.51,-0.01,50,52550,卖盘
1879,10:57:12,10.52,0.01,10,10520,买盘
1880,10:57:00,10.51,-0.01,388,407788,卖盘
1881,10:56:57,10.52,0.01,21,22092,买盘
1882,10:56:54,10.51,--,5,5255,卖盘
1883,10:56:51,10.51,--,7,7357,卖盘
1884,10:56:48,10.51,-0.01,11,11561,卖盘
1885,10:56:45,10.52,--,2,2104,买盘
1886,10:56:42,10.52,0.01,1,1052,买盘
1887,10:56:36,10.51,-0.01,177,186668,卖盘
1888,10:56:30,10.52,0.01,9,9468,买盘
1889,10:56:24,10.51,-0.01,2690,2828030,卖盘
1890,10:56:21,10.52,0.01,90,94680,买盘
1891,10:56:18,10.51,--,11,11561,卖盘
1892,10:56:12,10.51,--,70,73570,卖盘
1893,10:56:03,10.51,--,20,21020,卖盘
1894,10:56:00,10.51,--,187,196537,卖盘
1895,10:55:54,10.51,-0.01,27,28377,卖盘
1896,10:55:51,10.52,--,100,105200,买盘
1897,10:55:45,10.52,0.01,8,8416,买盘
1898,10:55:42,10.51,--,1,1051,卖盘
1899,10:55:39,10.51,--,60,63701,买盘
1900,10:55:36,10.51,--,11,11561,买盘
1901,10:55:33,10.51,--,482,506582,卖盘
1902,10:55:30,10.51,-0.01,55,57805,卖盘
1903,10:55:27,10.52,0.01,18,18936,买盘
1904,10:55:24,10.51,--,500,525500,卖盘
1905,10:55:15,10.51,--,1005,1056255,卖盘
1906,10:55:12,10.51,--,220,231220,卖盘
1907,10:55:06,10.51,-0.01,33,34683,卖盘
1908,10:55:00,10.52,0.01,147,154644,买盘
1909,10:54:57,10.51,0.01,170,178670,中性盘
1910,10:54:54,10.5,-0.02,2008,2108400,卖盘
1911,10:54:51,10.52,0.01,50,52600,买盘
1912,10:54:48,10.51,--,29,30479,卖盘
1913,10:54:42,10.51,-0.01,54,56754,卖盘
1914,10:54:39,10.52,0.01,894,940488,买盘
1915,10:54:36,10.51,--,26,27326,卖盘
1916,10:54:30,10.51,-0.01,12,13263,卖盘
1917,10:54:24,10.52,0.01,46,48392,买盘
1918,10:54:21,10.51,--,2,2102,卖盘
1919,10:54:18,10.51,--,14,14714,卖盘
1920,10:54:15,10.51,--,200,210200,卖盘
1921,10:54:12,10.51,--,1,1051,卖盘
1922,10:54:09,10.51,--,75,78825,卖盘
1923,10:54:03,10.51,--,10,10510,卖盘
1924,10:54:00,10.51,-0.01,439,461389,卖盘
1925,10:53:57,10.52,0.01,25,26300,买盘
1926,10:53:51,10.51,--,104,109304,卖盘
1927,10:53:48,10.51,-0.01,29,30479,卖盘
1928,10:53:45,10.52,--,1122,1180344,买盘
1929,10:53:42,10.52,0.01,19,19988,买盘
1930,10:53:39,10.51,-0.01,125,131375,卖盘
1931,10:53:36,10.52,0.01,58,61657,买盘
1932,10:53:33,10.51,--,175,183925,卖盘
1933,10:53:30,10.51,--,16,16816,卖盘
1934,10:53:27,10.51,--,3,3153,卖盘
1935,10:53:24,10.51,--,38,39938,卖盘
1936,10:53:21,10.51,--,31,32581,卖盘
1937,10:53:18,10.51,--,103,108253,卖盘
1938,10:53:15,10.51,-0.01,382,401482,卖盘
1939,10:53:12,10.52,0.01,5,5260,买盘
1940,10:53:09,10.51,--,86,90386,卖盘
1941,10:53:06,10.51,-0.01,123,129273,卖盘
1942,10:53:03,10.52,0.01,25,26300,买盘
1943,10:53:00,10.51,--,311,326861,卖盘
1944,10:52:54,10.51,--,16,16816,卖盘
1945,10:52:51,10.51,-0.01,50,52550,卖盘
1946,10:52:48,10.52,--,98,103096,买盘
1947,10:52:45,10.52,--,81,85212,买盘
1948,10:52:42,10.52,0.01,12,12624,买盘
1949,10:52:36,10.51,-0.01,5,5255,卖盘
1950,10:52:30,10.52,0.01,84,89009,买盘
1951,10:52:27,10.51,--,20,21020,卖盘
1952,10:52:24,10.51,-0.01,149,156599,卖盘
1953,10:52:18,10.52,--,30,31560,买盘
1954,10:52:12,10.52,0.01,2,2104,买盘
1955,10:52:06,10.51,--,8,8408,卖盘
1956,10:52:03,10.51,-0.01,20,21020,卖盘
1957,10:51:57,10.52,0.01,235,247220,买盘
1958,10:51:51,10.51,-0.01,100,105100,卖盘
1959,10:51:48,10.52,--,2,2104,买盘
1960,10:51:42,10.52,--,56,58912,买盘
1961,10:51:39,10.52,--,10,10520,买盘
1962,10:51:33,10.52,--,10,10520,买盘
1963,10:51:30,10.52,-0.01,431,453569,卖盘
1964,10:51:24,10.53,--,18,18954,买盘
1965,10:51:21,10.53,0.01,2150,2263971,买盘
1966,10:51:18,10.52,--,30,31560,卖盘
1967,10:51:12,10.52,--,213,224076,卖盘
1968,10:51:09,10.52,--,6,6312,卖盘
1969,10:51:06,10.52,-0.01,10,10520,卖盘
1970,10:51:03,10.53,0.01,235,247454,买盘
1971,10:50:57,10.52,--,3,3156,卖盘
1972,10:50:54,10.52,--,83,87316,卖盘
1973,10:50:51,10.52,-0.01,30,31560,卖盘
1974,10:50:45,10.53,--,1,1053,买盘
1975,10:50:42,10.53,--,50,52650,买盘
1976,10:50:39,10.53,0.01,50,52650,买盘
1977,10:50:33,10.52,-0.01,17,18736,卖盘
1978,10:50:27,10.53,--,12,12636,买盘
1979,10:50:24,10.53,0.01,78,82134,买盘
1980,10:50:21,10.52,-0.01,12,12624,卖盘
1981,10:50:18,10.53,0.01,1,1053,买盘
1982,10:50:12,10.52,--,5,5260,卖盘
1983,10:50:09,10.52,-0.01,10,10520,卖盘
1984,10:49:57,10.53,--,6,6318,买盘
1985,10:49:54,10.53,0.01,10,10530,买盘
1986,10:49:51,10.52,--,120,126240,卖盘
1987,10:49:48,10.52,--,10,10520,卖盘
1988,10:49:45,10.52,--,2,2104,卖盘
1989,10:49:39,10.52,-0.01,10,10520,卖盘
1990,10:49:33,10.53,0.01,83,88030,买盘
1991,10:49:30,10.52,-0.01,10,10520,卖盘
1992,10:49:24,10.53,--,18,18954,买盘
1993,10:49:21,10.53,0.01,5,5265,买盘
1994,10:49:18,10.52,--,20,21040,卖盘
1995,10:49:00,10.52,--,80,84160,卖盘
1996,10:48:54,10.52,--,9,9468,卖盘
1997,10:48:48,10.52,--,2,2104,卖盘
1998,10:48:45,10.52,--,212,223024,卖盘
1999,10:48:36,10.52,--,62,65224,卖盘
2000,10:48:33,10.52,-0.01,125,131500,卖盘
2001,10:48:30,10.53,0.01,34,36433,买盘
2002,10:48:27,10.52,--,273,287196,卖盘
2003,10:48:21,10.52,-0.01,1,1052,卖盘
2004,10:48:15,10.53,--,200,210600,买盘
2005,10:48:12,10.53,--,11,11583,买盘
2006,10:48:06,10.53,0.01,3,3159,买盘
2007,10:48:03,10.52,--,30,31560,卖盘
2008,10:48:00,10.52,--,20,21040,卖盘
2009,10:47:48,10.52,-0.01,246,258792,卖盘
2010,10:47:42,10.53,--,15,15794,买盘
2011,10:47:36,10.53,--,45,47385,买盘
2012,10:47:30,10.53,0.01,32,34327,买盘
2013,10:47:27,10.52,-0.01,23,24196,卖盘
2014,10:47:18,10.53,0.01,158,166374,买盘
2015,10:47:15,10.52,-0.01,20,21040,卖盘
2016,10:47:12,10.53,0.01,26,27378,买盘
2017,10:47:09,10.52,--,6,6312,卖盘
2018,10:47:00,10.52,--,4,4208,卖盘
2019,10:46:57,10.52,--,33,34716,卖盘
2020,10:46:54,10.52,--,213,224076,卖盘
2021,10:46:51,10.52,--,3780,3976938,卖盘
2022,10:46:48,10.52,-0.01,200,210400,卖盘
2023,10:46:39,10.53,0.01,3,3159,买盘
2024,10:46:36,10.52,-0.01,36,38503,卖盘
2025,10:46:33,10.53,0.01,260,273780,买盘
2026,10:46:27,10.52,-0.01,50,52600,卖盘
2027,10:46:24,10.53,0.01,26,27378,买盘
2028,10:46:21,10.52,--,26,27352,卖盘
2029,10:46:18,10.52,--,23,24196,卖盘
2030,10:46:15,10.52,--,101,106252,卖盘
2031,10:46:12,10.52,-0.01,28,29456,卖盘
2032,10:46:09,10.53,0.01,3,3159,买盘
2033,10:46:06,10.52,--,35,36820,卖盘
2034,10:46:03,10.52,--,9,9468,卖盘
2035,10:45:57,10.52,-0.01,6,6312,卖盘
2036,10:45:51,10.53,--,10,10530,买盘
2037,10:45:45,10.53,--,395,416714,卖盘
2038,10:45:42,10.53,--,10,10530,卖盘
2039,10:45:36,10.53,--,112,117936,卖盘
2040,10:45:33,10.53,--,60,63179,卖盘
2041,10:45:30,10.53,--,165,174366,卖盘
2042,10:45:23,10.53,--,125,131625,卖盘
2043,10:45:20,10.53,--,237,249560,卖盘
2044,10:45:17,10.53,--,125,131625,卖盘
2045,10:45:11,10.53,--,5106,5376618,卖盘
2046,10:45:08,10.53,--,200,210600,卖盘
2047,10:45:05,10.53,--,201,211653,卖盘
2048,10:45:02,10.53,--,29,30536,卖盘
2049,10:44:53,10.53,--,92,96876,卖盘
2050,10:44:50,10.53,-0.01,4,4212,卖盘
2051,10:44:41,10.54,--,1,1054,买盘
2052,10:44:32,10.54,--,1236,1303418,卖盘
2053,10:44:29,10.54,--,132,139739,卖盘
2054,10:44:26,10.54,-0.01,32,33728,卖盘
2055,10:44:23,10.55,0.01,18,18990,买盘
2056,10:44:20,10.54,--,60,63239,卖盘
2057,10:44:17,10.54,--,100,105399,卖盘
2058,10:44:08,10.54,--,318,335172,卖盘
2059,10:44:02,10.54,--,225,237149,卖盘
2060,10:43:59,10.54,--,30,31619,卖盘
2061,10:43:53,10.54,-0.01,1,1054,卖盘
2062,10:43:50,10.55,0.01,21,22155,买盘
2063,10:43:44,10.54,--,23,24241,卖盘
2064,10:43:41,10.54,--,4,4216,卖盘
2065,10:43:35,10.54,--,10,10540,卖盘
2066,10:43:29,10.54,--,16,16864,卖盘
2067,10:43:26,10.54,--,180,190331,卖盘
2068,10:43:17,10.54,--,1,1054,卖盘
2069,10:43:14,10.54,--,200,210799,卖盘
2070,10:43:05,10.54,--,54,56915,卖盘
2071,10:42:59,10.54,--,19,20026,卖盘
2072,10:42:50,10.54,-0.01,52,54807,卖盘
2073,10:42:47,10.55,0.01,2,2110,买盘
2074,10:42:44,10.54,--,32,33728,卖盘
2075,10:42:41,10.54,-0.01,68,71914,卖盘
2076,10:42:35,10.55,0.01,10,10550,买盘
2077,10:42:32,10.54,-0.01,12,13248,卖盘
2078,10:42:23,10.55,0.01,158,166690,买盘
2079,10:42:14,10.54,--,1,1054,卖盘
2080,10:41:59,10.54,--,28,29511,卖盘
2081,10:41:56,10.54,--,2,2108,卖盘
2082,10:41:47,10.54,--,192,202367,卖盘
2083,10:41:32,10.54,--,99,104345,卖盘
2084,10:41:29,10.54,-0.01,12,13259,卖盘
2085,10:41:26,10.55,0.01,18,18990,买盘
2086,10:41:23,10.54,--,1,1054,卖盘
2087,10:41:05,10.54,--,209,220285,卖盘
2088,10:41:02,10.54,--,39,41106,卖盘
2089,10:40:59,10.54,--,55,57969,卖盘
2090,10:40:56,10.54,--,15,15809,卖盘
2091,10:40:50,10.54,--,8,8432,卖盘
2092,10:40:35,10.54,--,10,10540,卖盘
2093,10:40:32,10.54,--,12,13259,卖盘
2094,10:40:26,10.54,-0.01,22,23187,卖盘
2095,10:40:20,10.55,0.01,7,7385,买盘
2096,10:40:08,10.54,--,101,106453,卖盘
2097,10:40:02,10.54,-0.01,30,31619,卖盘
2098,10:39:56,10.55,--,8,8440,买盘
2099,10:39:47,10.55,--,5,5275,买盘
2100,10:39:41,10.55,0.01,28,29540,买盘
2101,10:39:32,10.54,--,33,35393,卖盘
2102,10:39:26,10.54,-0.01,14,14755,卖盘
2103,10:39:23,10.55,0.01,20,21100,买盘
2104,10:39:17,10.54,--,2,2108,卖盘
2105,10:39:11,10.54,--,2,2108,卖盘
2106,10:39:08,10.54,--,10,10540,卖盘
2107,10:39:05,10.54,--,427,450057,卖盘
2108,10:38:59,10.54,--,5,5270,卖盘
2109,10:38:53,10.54,--,169,178126,卖盘
2110,10:38:44,10.54,-0.01,16,16864,卖盘
2111,10:38:35,10.55,0.01,6,6330,中性盘
2112,10:38:26,10.54,-0.02,12,13248,卖盘
2113,10:38:23,10.56,0.02,48,50688,买盘
2114,10:38:11,10.54,-0.01,11,11593,卖盘
2115,10:38:05,10.55,--,1,2015,卖盘
2116,10:38:02,10.55,--,3,3259,买盘
2117,10:37:59,10.55,0.01,6,6330,买盘
2118,10:37:56,10.54,-0.01,21,22134,卖盘
2119,10:37:53,10.55,--,59,62245,买盘
2120,10:37:44,10.55,0.01,3,3165,买盘
2121,10:37:41,10.54,--,7,7377,卖盘
2122,10:37:35,10.54,--,5,5270,卖盘
2123,10:37:32,10.54,-0.01,19,20026,卖盘
2124,10:37:29,10.55,--,109,115606,买盘
2125,10:37:23,10.55,0.01,21,22155,买盘
2126,10:37:17,10.54,--,51,53753,卖盘
2127,10:37:14,10.54,-0.01,1,1054,卖盘
2128,10:37:11,10.55,--,39,41145,买盘
2129,10:37:02,10.55,--,13,13715,买盘
2130,10:36:59,10.55,0.01,236,248980,买盘
2131,10:36:53,10.54,--,38,40052,卖盘
2132,10:36:44,10.54,-0.01,2,2108,卖盘
2133,10:36:41,10.55,--,80,84400,买盘
2134,10:36:26,10.55,--,17,18546,买盘
2135,10:36:23,10.55,0.01,68,71740,买盘
2136,10:36:17,10.54,-0.01,10,10540,卖盘
2137,10:36:14,10.55,--,10,10550,买盘
2138,10:36:11,10.55,--,50,52750,买盘
2139,10:36:05,10.55,--,1,1055,买盘
2140,10:35:59,10.55,--,38,41050,卖盘
2141,10:35:56,10.55,--,21,22155,卖盘
2142,10:35:53,10.55,--,305,321775,卖盘
2143,10:35:47,10.55,--,32,33760,卖盘
2144,10:35:32,10.55,--,16,16880,卖盘
2145,10:35:29,10.55,-0.01,38,40680,卖盘
2146,10:35:23,10.56,0.01,48,50688,买盘
2147,10:35:17,10.55,--,44,46420,卖盘
2148,10:35:14,10.55,-0.01,14,14770,卖盘
2149,10:35:08,10.56,--,398,420288,买盘
2150,10:34:53,10.56,--,10,10560,买盘
2151,10:34:50,10.56,0.01,20,21120,买盘
2152,10:34:47,10.55,-0.01,9,9495,卖盘
2153,10:34:44,10.56,0.01,3,3168,买盘
2154,10:34:41,10.55,--,8,8440,卖盘
2155,10:34:38,10.55,--,27,28485,卖盘
2156,10:34:35,10.55,-0.01,12,13261,卖盘
2157,10:34:29,10.56,--,10,10560,买盘
2158,10:34:26,10.56,--,18,19008,买盘
2159,10:34:20,10.56,0.01,5,5280,买盘
2160,10:34:08,10.55,-0.01,12,12660,卖盘
2161,10:34:05,10.56,0.01,49,51744,买盘
2162,10:34:02,10.55,-0.01,47,49585,卖盘
2163,10:33:56,10.56,--,120,126720,买盘
2164,10:33:47,10.56,0.01,15,15840,买盘
2165,10:33:38,10.55,--,5,5275,卖盘
2166,10:33:35,10.55,0.01,3,4177,买盘
2167,10:33:32,10.54,-0.01,12,13259,卖盘
2168,10:33:29,10.55,--,271,285905,买盘
2169,10:33:26,10.55,0.01,79,83345,买盘
2170,10:33:14,10.54,--,10,10540,卖盘
2171,10:33:11,10.54,-0.01,97,102237,卖盘
2172,10:33:05,10.55,0.01,10,10550,买盘
2173,10:33:02,10.54,-0.01,49,51645,卖盘
2174,10:32:59,10.55,--,15,15825,买盘
2175,10:32:53,10.55,0.01,2,2110,买盘
2176,10:32:50,10.54,-0.01,6,6323,卖盘
2177,10:32:44,10.55,--,18,19749,买盘
2178,10:32:38,10.55,--,10,10550,买盘
2179,10:32:32,10.55,--,153,161415,买盘
2180,10:32:29,10.55,--,2,2110,买盘
2181,10:32:26,10.55,--,18,18990,买盘
2182,10:32:20,10.55,-0.01,556,586622,卖盘
2183,10:32:17,10.56,--,30,31680,买盘
2184,10:32:14,10.56,--,13,13728,买盘
2185,10:32:11,10.56,--,14,14784,买盘
2186,10:32:05,10.56,--,10,10560,买盘
2187,10:32:02,10.56,0.01,1,1056,买盘
2188,10:31:44,10.55,-0.01,10,10550,卖盘
2189,10:31:41,10.56,--,15,15840,买盘
2190,10:31:38,10.56,0.01,108,114048,买盘
2191,10:31:26,10.55,-0.01,13,14316,卖盘
2192,10:31:23,10.56,0.01,381,403212,买盘
2193,10:31:20,10.55,--,100,105500,卖盘
2194,10:31:17,10.55,-0.01,19,20045,卖盘
2195,10:30:59,10.56,0.01,20,21120,买盘
2196,10:30:56,10.55,--,3,3165,卖盘
2197,10:30:44,10.55,-0.01,6,6330,卖盘
2198,10:30:41,10.56,--,1050,1108800,买盘
2199,10:30:38,10.56,0.01,15,15840,买盘
2200,10:30:29,10.55,-0.01,12,13250,卖盘
2201,10:30:26,10.56,--,20,21120,买盘
2202,10:30:23,10.56,0.01,18,19008,买盘
2203,10:30:20,10.55,-0.01,10,10550,卖盘
2204,10:30:08,10.56,0.01,1,1056,买盘
2205,10:30:05,10.55,-0.01,10,10550,中性盘
2206,10:29:53,10.56,--,321,338976,买盘
2207,10:29:32,10.56,0.02,286,302016,买盘
2208,10:29:29,10.54,--,1,1054,卖盘
2209,10:29:26,10.54,-0.01,547,577149,卖盘
2210,10:29:23,10.55,--,18,18990,买盘
2211,10:29:20,10.55,--,5,5275,买盘
2212,10:29:17,10.55,--,14,15424,卖盘
2213,10:29:14,10.55,--,100,105500,卖盘
2214,10:28:53,10.55,--,7,7385,卖盘
2215,10:28:44,10.55,--,10,10550,卖盘
2216,10:28:35,10.55,--,16,16880,卖盘
2217,10:28:32,10.55,--,2,2110,卖盘
2218,10:28:29,10.55,-0.01,4,4220,卖盘
2219,10:28:23,10.56,--,30,32281,买盘
2220,10:28:14,10.56,--,59,62304,买盘
2221,10:28:08,10.56,0.01,8,8448,买盘
2222,10:28:05,10.55,-0.01,10,10550,卖盘
2223,10:27:59,10.56,0.01,6,6336,买盘
2224,10:27:47,10.55,--,11,12459,买盘
2225,10:27:41,10.55,0.01,22,23210,买盘
2226,10:27:35,10.54,-0.01,132,139128,卖盘
2227,10:27:32,10.55,--,64,68121,买盘
2228,10:27:26,10.55,0.01,218,229990,买盘
2229,10:27:23,10.54,-0.01,15,15809,卖盘
2230,10:27:11,10.55,--,9,9495,买盘
2231,10:27:02,10.55,--,300,316500,买盘
2232,10:26:56,10.55,--,2,2110,买盘
2233,10:26:38,10.55,0.01,138,145590,买盘
2234,10:26:29,10.54,--,12,13269,卖盘
2235,10:26:26,10.54,--,129,136904,买盘
2236,10:26:23,10.54,--,625,658750,买盘
2237,10:26:20,10.54,--,29,30565,买盘
2238,10:26:17,10.54,0.01,172,181287,买盘
2239,10:26:14,10.53,-0.01,5,5265,卖盘
2240,10:26:11,10.54,--,280,295120,买盘
2241,10:26:08,10.54,--,158,166532,买盘
2242,10:26:02,10.54,--,30,31619,买盘
2243,10:25:59,10.54,--,10,10540,买盘
2244,10:25:56,10.54,--,25,26349,买盘
2245,10:25:53,10.54,--,2,2108,买盘
2246,10:25:50,10.54,--,100,105399,买盘
2247,10:25:47,10.54,-0.01,1950,2055415,卖盘
2248,10:25:44,10.55,0.01,20,21100,买盘
2249,10:25:35,10.54,--,30,31619,卖盘
2250,10:25:29,10.54,--,118,124371,卖盘
2251,10:25:23,10.54,-0.01,82,87039,卖盘
2252,10:25:17,10.55,0.01,20,21100,买盘
2253,10:25:11,10.54,--,12,13259,卖盘
2254,10:25:08,10.54,-0.01,137,144398,卖盘
2255,10:25:05,10.55,--,40,42200,买盘
2256,10:25:02,10.55,--,1,1055,买盘
2257,10:24:59,10.55,--,10,10550,买盘
2258,10:24:53,10.55,0.01,100,105500,买盘
2259,10:24:50,10.54,-0.01,28,29511,卖盘
2260,10:24:47,10.55,--,8,8440,买盘
2261,10:24:44,10.55,0.01,24,25320,买盘
2262,10:24:41,10.54,--,10,10540,卖盘
2263,10:24:34,10.54,--,1,1054,卖盘
2264,10:24:31,10.54,--,381,402343,买盘
2265,10:24:28,10.54,--,20,21080,买盘
2266,10:24:25,10.54,--,113,119101,买盘
2267,10:24:22,10.54,--,118,124371,买盘
2268,10:24:19,10.54,--,390,411344,卖盘
2269,10:24:16,10.54,--,12,13259,卖盘
2270,10:24:13,10.54,-0.01,50,52699,卖盘
2271,10:24:10,10.55,0.01,383,404065,买盘
2272,10:24:07,10.54,--,132,139128,卖盘
2273,10:24:01,10.54,--,28,29511,卖盘
2274,10:23:55,10.54,-0.01,5,5270,卖盘
2275,10:23:43,10.55,--,840,886200,买盘
2276,10:23:37,10.55,0.01,33,34815,买盘
2277,10:23:34,10.54,--,25,26349,卖盘
2278,10:23:31,10.54,--,8,8432,卖盘
2279,10:23:28,10.54,-0.01,40,42160,卖盘
2280,10:23:22,10.55,--,443,467365,买盘
2281,10:23:19,10.55,0.01,10,10550,买盘
2282,10:23:16,10.54,--,2,2108,卖盘
2283,10:23:13,10.54,--,12,13248,卖盘
2284,10:23:01,10.54,--,200,210799,卖盘
2285,10:22:49,10.54,--,8,8432,卖盘
2286,10:22:46,10.54,--,45,47429,卖盘
2287,10:22:28,10.54,--,20,21080,卖盘
2288,10:22:25,10.54,-0.01,22,23799,卖盘
2289,10:22:22,10.55,0.01,18,18990,买盘
2290,10:22:04,10.54,--,1339,1411306,买盘
2291,10:22:01,10.54,--,500,527000,买盘
2292,10:21:58,10.54,--,9,9486,买盘
2293,10:21:55,10.54,0.01,12,12647,买盘
2294,10:21:52,10.53,--,2000,2106000,卖盘
2295,10:21:34,10.53,-0.01,319,335907,卖盘
2296,10:21:31,10.54,--,30,31619,卖盘
2297,10:21:28,10.54,-0.01,12,13259,卖盘
2298,10:21:22,10.55,--,18,18990,买盘
2299,10:21:16,10.55,0.01,6,6330,买盘
2300,10:20:58,10.54,-0.01,41,43214,卖盘
2301,10:20:55,10.55,0.01,8,8440,买盘
2302,10:20:49,10.54,--,11,11593,卖盘
2303,10:20:40,10.54,--,20,21080,卖盘
2304,10:20:37,10.54,-0.01,50,52699,卖盘
2305,10:20:34,10.55,0.01,10,10550,买盘
2306,10:20:31,10.54,--,160,168640,卖盘
2307,10:20:28,10.54,-0.01,10,10540,卖盘
2308,10:20:25,10.55,0.01,20,21100,买盘
2309,10:20:19,10.54,--,12,13259,卖盘
2310,10:20:13,10.54,--,20,21080,卖盘
2311,10:20:10,10.54,-0.01,34,35836,卖盘
2312,10:20:07,10.55,0.01,50,52750,买盘
2313,10:20:04,10.54,--,120,126479,卖盘
2314,10:19:58,10.54,--,201,211853,卖盘
2315,10:19:49,10.54,--,21,22134,卖盘
2316,10:19:46,10.54,--,48,50591,卖盘
2317,10:19:43,10.54,--,20,21080,卖盘
2318,10:19:40,10.54,--,129,135966,卖盘
2319,10:19:34,10.54,--,9,9486,卖盘
2320,10:19:31,10.54,--,52,54807,卖盘
2321,10:19:28,10.54,-0.01,21,22134,卖盘
2322,10:19:22,10.55,0.01,16,17481,买盘
2323,10:19:19,10.54,-0.01,158,166532,卖盘
2324,10:19:16,10.55,--,7,7385,买盘
2325,10:19:13,10.55,0.01,20,21100,买盘
2326,10:19:04,10.54,-0.01,1017,1071918,卖盘
2327,10:18:58,10.55,0.01,1,1055,买盘
2328,10:18:55,10.54,--,1,1054,卖盘
2329,10:18:46,10.54,-0.01,43,45321,卖盘
2330,10:18:43,10.55,--,4,4220,买盘
2331,10:18:40,10.55,--,38,40090,买盘
2332,10:18:37,10.55,--,2,2110,买盘
2333,10:18:34,10.55,--,3,3165,买盘
2334,10:18:31,10.55,--,10,10550,买盘
2335,10:18:25,10.55,--,139,146645,买盘
2336,10:18:19,10.55,--,24,25931,买盘
2337,10:17:55,10.55,--,22,23210,买盘
2338,10:17:49,10.55,0.01,12,12660,买盘
2339,10:17:34,10.54,-0.01,168,177072,卖盘
2340,10:17:31,10.55,--,101,106555,买盘
2341,10:17:28,10.55,--,10,10550,买盘
2342,10:17:25,10.55,--,18,18990,买盘
2343,10:17:22,10.55,0.01,4,4220,买盘
2344,10:17:19,10.54,--,21,22134,卖盘
2345,10:17:16,10.54,-0.01,5,5270,卖盘
2346,10:17:13,10.55,--,78,82290,卖盘
2347,10:17:04,10.55,-0.01,2,2110,卖盘
2348,10:17:01,10.56,0.02,1,1056,买盘
2349,10:16:58,10.54,-0.02,2072,2183888,卖盘
2350,10:16:52,10.56,0.01,3,3168,买盘
2351,10:16:49,10.55,--,22,23210,卖盘
2352,10:16:40,10.55,--,10,10550,卖盘
2353,10:16:37,10.55,--,32,33760,卖盘
2354,10:16:34,10.55,--,109,114995,卖盘
2355,10:16:31,10.55,--,19,20045,卖盘
2356,10:16:28,10.55,-0.01,37,39035,卖盘
2357,10:16:25,10.56,--,1,1056,买盘
2358,10:16:22,10.56,--,82,87183,买盘
2359,10:16:19,10.56,--,3,3168,买盘
2360,10:16:13,10.56,0.01,57,60192,买盘
2361,10:16:10,10.55,-0.01,215,227869,卖盘
2362,10:16:04,10.56,--,77,81312,买盘
2363,10:15:58,10.56,--,109,115104,买盘
2364,10:15:49,10.56,--,300,316800,买盘
2365,10:15:46,10.56,0.01,7,7392,买盘
2366,10:15:43,10.55,--,5,5275,卖盘
2367,10:15:40,10.55,--,204,215220,卖盘
2368,10:15:37,10.55,-0.01,61,64355,卖盘
2369,10:15:25,10.56,--,18,19008,买盘
2370,10:15:16,10.56,0.01,22,23833,买盘
2371,10:15:13,10.55,--,211,223649,卖盘
2372,10:15:04,10.55,--,11,11605,卖盘
2373,10:14:58,10.55,--,313,330215,卖盘
2374,10:14:52,10.55,-0.01,2,2110,卖盘
2375,10:14:49,10.56,--,36,38016,买盘
2376,10:14:43,10.56,0.01,99,104544,买盘
2377,10:14:40,10.55,-0.01,10,10550,卖盘
2378,10:14:34,10.56,0.01,108,114048,买盘
2379,10:14:31,10.55,--,93,98115,卖盘
2380,10:14:25,10.55,--,209,221096,卖盘
2381,10:14:19,10.55,--,29,30595,卖盘
2382,10:14:16,10.55,--,12,13250,卖盘
2383,10:14:13,10.55,--,203,215209,卖盘
2384,10:14:10,10.55,--,500,527500,卖盘
2385,10:14:07,10.55,-0.01,15,15825,卖盘
2386,10:13:55,10.56,0.01,1,1056,买盘
2387,10:13:49,10.55,-0.01,13,13715,卖盘
2388,10:13:46,10.56,0.01,31,32736,买盘
2389,10:13:43,10.55,-0.01,201,212055,卖盘
2390,10:13:37,10.56,0.01,50,52800,买盘
2391,10:13:34,10.55,-0.01,29,30595,卖盘
2392,10:13:28,10.56,--,100,105600,买盘
2393,10:13:25,10.56,--,86,91417,买盘
2394,10:13:22,10.56,0.01,6,6336,买盘
2395,10:13:19,10.55,--,203,215209,卖盘
2396,10:13:13,10.55,--,95,100225,卖盘
2397,10:13:10,10.55,--,12,12660,卖盘
2398,10:13:07,10.55,-0.01,2,2110,卖盘
2399,10:13:04,10.56,--,58,61248,买盘
2400,10:13:01,10.56,--,30,31680,买盘
2401,10:12:58,10.56,--,180,190080,买盘
2402,10:12:55,10.56,--,40,42240,买盘
2403,10:12:52,10.56,--,3,3168,买盘
2404,10:12:49,10.56,0.01,2,2112,买盘
2405,10:12:46,10.55,-0.01,600,633000,卖盘
2406,10:12:43,10.56,0.01,8,8448,买盘
2407,10:12:40,10.55,-0.01,5,5275,卖盘
2408,10:12:37,10.56,0.01,10,10560,买盘
2409,10:12:34,10.55,-0.01,5,5275,卖盘
2410,10:12:31,10.56,--,1,1056,买盘
2411,10:12:28,10.56,--,107,112992,买盘
2412,10:12:25,10.56,--,27,28512,买盘
2413,10:12:22,10.56,0.01,11,11616,买盘
2414,10:12:19,10.55,--,12,13250,卖盘
2415,10:12:04,10.55,-0.01,10,10550,卖盘
2416,10:12:01,10.56,0.01,3,3168,买盘
2417,10:11:58,10.55,--,50,52750,卖盘
2418,10:11:49,10.55,--,37,39035,卖盘
2419,10:11:46,10.55,--,17,17935,卖盘
2420,10:11:43,10.55,-0.01,5,5275,卖盘
2421,10:11:37,10.56,--,42,44352,买盘
2422,10:11:31,10.56,0.01,71,74976,买盘
2423,10:11:28,10.55,-0.01,20,21100,卖盘
2424,10:11:25,10.56,0.01,18,19008,买盘
2425,10:11:19,10.55,--,12,13261,卖盘
2426,10:11:13,10.55,--,59,62245,卖盘
2427,10:11:07,10.55,-0.01,76,80180,卖盘
2428,10:10:52,10.56,0.01,23,24288,买盘
2429,10:10:49,10.55,--,9,9495,卖盘
2430,10:10:43,10.55,-0.01,37,39035,卖盘
2431,10:10:40,10.56,--,73,77088,买盘
2432,10:10:34,10.56,--,61,64416,买盘
2433,10:10:31,10.56,0.01,20,21120,买盘
2434,10:10:28,10.55,--,5,5275,卖盘
2435,10:10:25,10.55,--,40,42200,卖盘
2436,10:10:22,10.55,--,26,28020,卖盘
2437,10:10:16,10.55,--,21,22155,卖盘
2438,10:10:13,10.55,-0.01,20,21100,卖盘
2439,10:10:10,10.56,0.01,5,5280,买盘
2440,10:10:04,10.55,--,233,245815,卖盘
2441,10:09:55,10.55,--,352,372214,买盘
2442,10:09:52,10.55,--,52,54860,买盘
2443,10:09:49,10.55,--,5,5275,买盘
2444,10:09:43,10.55,--,100,105500,买盘
2445,10:09:40,10.55,0.01,58,61190,买盘
2446,10:09:37,10.54,-0.01,37,38998,卖盘
2447,10:09:34,10.55,0.01,24,25320,买盘
2448,10:09:25,10.54,--,48,50591,卖盘
2449,10:09:22,10.54,--,5,5270,卖盘
2450,10:09:19,10.54,-0.01,26,28015,卖盘
2451,10:09:10,10.55,--,37,39035,买盘
2452,10:09:07,10.55,--,16,16880,买盘
2453,10:09:04,10.55,--,59,62245,买盘
2454,10:09:01,10.55,0.01,4,4220,买盘
2455,10:08:58,10.54,-0.01,47,49537,卖盘
2456,10:08:52,10.55,--,10,10550,买盘
2457,10:08:49,10.55,--,18,18990,买盘
2458,10:08:46,10.55,0.01,50,52750,买盘
2459,10:08:34,10.54,--,81,85374,卖盘
2460,10:08:31,10.54,-0.01,7,7377,卖盘
2461,10:08:25,10.55,--,141,148755,买盘
2462,10:08:22,10.55,--,20,21100,买盘
2463,10:08:19,10.55,--,34,36481,买盘
2464,10:08:13,10.55,--,10,10550,买盘
2465,10:08:10,10.55,--,20,21100,买盘
2466,10:08:07,10.55,--,19,20045,买盘
2467,10:08:01,10.55,0.01,1032,1088760,买盘
2468,10:07:58,10.54,--,80,84320,卖盘
2469,10:07:55,10.54,-0.01,100,105399,卖盘
2470,10:07:49,10.55,0.01,40,42200,买盘
2471,10:07:46,10.54,-0.01,58,61131,卖盘
2472,10:07:37,10.55,--,288,303840,买盘
2473,10:07:34,10.55,0.01,50,52750,买盘
2474,10:07:31,10.54,-0.01,67,70618,卖盘
2475,10:07:22,10.55,0.01,18,18990,买盘
2476,10:07:19,10.54,--,231,244074,卖盘
2477,10:07:16,10.54,--,29,30565,卖盘
2478,10:07:10,10.54,-0.01,57,60077,卖盘
2479,10:07:07,10.55,--,30,31650,买盘
2480,10:07:04,10.55,--,23,24265,买盘
2481,10:07:01,10.55,-0.01,174,183770,卖盘
2482,10:06:58,10.56,0.01,5,5280,买盘
2483,10:06:49,10.55,--,9,9495,卖盘
2484,10:06:46,10.55,--,37,39035,卖盘
2485,10:06:43,10.55,-0.01,411,433605,卖盘
2486,10:06:40,10.56,--,5,5280,买盘
2487,10:06:37,10.56,0.01,3,3168,买盘
2488,10:06:34,10.55,--,141,148755,卖盘
2489,10:06:31,10.55,--,8,8440,卖盘
2490,10:06:28,10.55,-0.01,8,8440,卖盘
2491,10:06:25,10.56,0.01,33,34848,买盘
2492,10:06:16,10.55,-0.01,110,116050,卖盘
2493,10:06:13,10.56,0.01,15,16441,买盘
2494,10:06:04,10.55,-0.01,186,196230,卖盘
2495,10:06:01,10.56,0.01,1,1056,买盘
2496,10:05:58,10.55,--,8,8440,卖盘
2497,10:05:55,10.55,--,1,1055,卖盘
2498,10:05:49,10.55,--,35,37178,买盘
2499,10:05:46,10.55,--,119,125545,买盘
2500,10:05:43,10.55,--,138,145590,买盘
2501,10:05:40,10.55,--,40,42200,买盘
2502,10:05:37,10.55,--,25,26375,买盘
2503,10:05:34,10.55,--,4,4220,买盘
2504,10:05:31,10.55,--,5,5275,买盘
2505,10:05:28,10.55,0.01,4,4220,买盘
2506,10:05:25,10.54,-0.01,250,263647,卖盘
2507,10:05:22,10.55,--,10,10550,买盘
2508,10:05:19,10.55,--,25,26375,买盘
2509,10:05:16,10.55,--,202,213110,买盘
2510,10:05:13,10.55,--,20,21100,买盘
2511,10:05:10,10.55,-0.01,582,614347,卖盘
2512,10:05:04,10.56,--,90,95040,买盘
2513,10:05:01,10.56,--,101,106656,买盘
2514,10:04:58,10.56,0.01,7,7392,买盘
2515,10:04:55,10.55,-0.01,7,7385,卖盘
2516,10:04:52,10.56,0.01,48,50688,买盘
2517,10:04:46,10.55,-0.01,31,33010,卖盘
2518,10:04:40,10.56,--,13,13728,买盘
2519,10:04:34,10.56,--,1,1056,买盘
2520,10:04:31,10.56,0.01,585,617760,买盘
2521,10:04:28,10.55,--,27,28653,卖盘
2522,10:04:18,10.55,--,17,18536,卖盘
2523,10:04:15,10.55,--,16,16880,卖盘
2524,10:04:12,10.55,--,10,10550,卖盘
2525,10:04:06,10.55,-0.01,9,9663,卖盘
2526,10:04:03,10.56,0.01,10,10560,买盘
2527,10:04:00,10.55,--,1,1055,卖盘
2528,10:03:54,10.55,--,126,132930,卖盘
2529,10:03:45,10.55,-0.01,74,78238,卖盘
2530,10:03:36,10.56,0.01,6,6336,买盘
2531,10:03:27,10.55,-0.01,31,32705,卖盘
2532,10:03:24,10.56,--,37,39240,买盘
2533,10:03:21,10.56,0.01,12,12672,买盘
2534,10:03:18,10.55,--,24,25931,卖盘
2535,10:03:15,10.55,--,128,135040,卖盘
2536,10:03:12,10.55,0.01,683,721198,买盘
2537,10:03:09,10.54,-0.01,290,305828,卖盘
2538,10:03:03,10.55,0.01,281,296455,买盘
2539,10:03:00,10.54,-0.01,17,17918,卖盘
2540,10:02:57,10.55,--,3,3165,买盘
2541,10:02:54,10.55,--,30,31650,买盘
2542,10:02:51,10.55,--,44,46420,买盘
2543,10:02:45,10.55,0.01,562,593078,买盘
2544,10:02:39,10.54,-0.01,31,32673,卖盘
2545,10:02:36,10.55,0.01,226,238430,买盘
2546,10:02:30,10.54,-0.01,5,5270,卖盘
2547,10:02:27,10.55,--,51,53973,买盘
2548,10:02:21,10.55,--,77,81235,买盘
2549,10:02:18,10.55,--,15,16426,买盘
2550,10:02:15,10.55,--,50,52750,买盘
2551,10:02:09,10.55,0.01,207,218385,买盘
2552,10:02:06,10.54,--,36,38112,卖盘
2553,10:02:03,10.54,--,2,2108,卖盘
2554,10:02:00,10.54,--,51,53753,卖盘
2555,10:01:57,10.54,-0.01,35,36890,卖盘
2556,10:01:54,10.55,0.01,110,116050,买盘
2557,10:01:45,10.54,-0.01,9,9654,卖盘
2558,10:01:42,10.55,0.01,27,28485,买盘
2559,10:01:36,10.54,-0.01,220,231879,卖盘
2560,10:01:33,10.55,0.01,5,5275,买盘
2561,10:01:30,10.54,--,11,11593,卖盘
2562,10:01:27,10.54,-0.01,11,12521,卖盘
2563,10:01:24,10.55,0.01,68,72742,买盘
2564,10:01:21,10.54,0.01,20,21080,买盘
2565,10:01:18,10.53,-0.01,958,1008995,卖盘
2566,10:01:15,10.54,--,13,14313,卖盘
2567,10:01:06,10.54,--,9,9654,卖盘
2568,10:01:03,10.54,--,117,123317,卖盘
2569,10:01:00,10.54,--,60,63239,卖盘
2570,10:00:54,10.54,--,37,38998,卖盘
2571,10:00:51,10.54,--,10,10540,卖盘
2572,10:00:45,10.54,-0.01,12,12816,卖盘
2573,10:00:42,10.55,0.01,10,10550,买盘
2574,10:00:36,10.54,-0.01,4,4216,卖盘
2575,10:00:33,10.55,0.01,3,3165,买盘
2576,10:00:30,10.54,-0.01,41,43214,卖盘
2577,10:00:24,10.55,--,19,20213,买盘
2578,10:00:21,10.55,0.01,25,26375,买盘
2579,10:00:15,10.54,--,132,139728,卖盘
2580,10:00:06,10.54,--,9,9654,卖盘
2581,10:00:03,10.54,--,15,15809,卖盘
2582,10:00:00,10.54,--,114,120155,卖盘
2583,09:59:57,10.54,--,10,10540,卖盘
2584,09:59:54,10.54,-0.01,6,6323,卖盘
2585,09:59:51,10.55,0.01,104,110532,买盘
2586,09:59:48,10.54,--,496,522783,卖盘
2587,09:59:45,10.54,--,16,16864,卖盘
2588,09:59:39,10.54,-0.01,1166,1228964,卖盘
2589,09:59:36,10.55,--,5,5275,买盘
2590,09:59:33,10.55,0.01,100,105500,买盘
2591,09:59:30,10.54,--,3,3161,卖盘
2592,09:59:27,10.54,-0.01,2,2108,卖盘
2593,09:59:24,10.55,--,18,18990,买盘
2594,09:59:15,10.55,0.01,10,10550,买盘
2595,09:59:12,10.54,--,22,23799,卖盘
2596,09:59:06,10.54,--,75,79050,卖盘
2597,09:59:03,10.54,--,33,34782,卖盘
2598,09:59:00,10.54,--,5,5270,卖盘
2599,09:58:57,10.54,-0.01,53,55861,卖盘
2600,09:58:51,10.55,--,46,48667,买盘
2601,09:58:45,10.55,0.01,4,4220,买盘
2602,09:58:39,10.54,-0.01,19,20026,卖盘
2603,09:58:36,10.55,--,122,128710,买盘
2604,09:58:27,10.55,--,8,8440,买盘
2605,09:58:24,10.55,--,18,18990,买盘
2606,09:58:21,10.55,--,31,33622,卖盘
2607,09:58:15,10.55,--,12,13261,卖盘
2608,09:58:12,10.55,--,15,16352,卖盘
2609,09:58:06,10.55,--,208,219440,卖盘
2610,09:57:57,10.55,--,107,112885,卖盘
2611,09:57:48,10.55,--,118,125017,卖盘
2612,09:57:45,10.55,--,30,31650,卖盘
2613,09:57:42,10.55,--,37,39035,卖盘
2614,09:57:39,10.55,--,1,1055,卖盘
2615,09:57:36,10.55,--,67,70685,卖盘
2616,09:57:33,10.55,-0.01,182,192537,卖盘
2617,09:57:24,10.56,0.01,22,23232,买盘
2618,09:57:21,10.55,--,56,59080,卖盘
2619,09:57:18,10.55,--,12,13250,卖盘
2620,09:57:12,10.55,--,12,13187,卖盘
2621,09:57:09,10.55,--,34,35870,卖盘
2622,09:57:06,10.55,--,10,10550,卖盘
2623,09:57:03,10.55,--,100,105500,卖盘
2624,09:56:57,10.55,-0.01,57,60135,卖盘
2625,09:56:54,10.56,0.02,223,235488,买盘
2626,09:56:51,10.54,--,13,13701,卖盘
2627,09:56:48,10.54,-0.01,12,13196,卖盘
2628,09:56:36,10.55,0.01,51,53805,买盘
2629,09:56:33,10.54,-0.01,27,28457,卖盘
2630,09:56:30,10.55,0.01,1,1055,买盘
2631,09:56:24,10.54,-0.01,25,26855,卖盘
2632,09:56:18,10.55,0.01,16,17428,买盘
2633,09:56:15,10.54,--,74,78607,卖盘
2634,09:56:12,10.54,--,12,13174,卖盘
2635,09:56:06,10.54,--,180,189719,卖盘
2636,09:56:03,10.54,-0.01,40,42160,卖盘
2637,09:56:00,10.55,--,8,8440,买盘
2638,09:55:57,10.55,--,101,106555,买盘
2639,09:55:54,10.55,0.01,10,10550,买盘
2640,09:55:48,10.54,--,41,43741,卖盘
2641,09:55:42,10.54,-0.01,563,593402,卖盘
2642,09:55:36,10.55,0.01,37,39035,买盘
2643,09:55:33,10.54,-0.01,39,41106,卖盘
2644,09:55:30,10.55,--,25,26375,卖盘
2645,09:55:24,10.55,0.01,28,29540,买盘
2646,09:55:21,10.54,--,539,568106,卖盘
2647,09:55:18,10.54,-0.01,100,105399,卖盘
2648,09:55:15,10.55,--,21,22766,买盘
2649,09:55:12,10.55,--,5,5275,买盘
2650,09:55:09,10.55,0.01,24,25320,买盘
2651,09:55:06,10.54,--,68,71672,卖盘
2652,09:55:03,10.54,--,80,84320,卖盘
2653,09:55:00,10.54,-0.01,1000,1054000,卖盘
2654,09:54:51,10.55,--,16,16943,买盘
2655,09:54:48,10.55,--,10,10550,买盘
2656,09:54:45,10.55,--,637,672035,买盘
2657,09:54:36,10.55,--,20,21100,买盘
2658,09:54:33,10.55,--,5,5275,买盘
2659,09:54:30,10.55,--,15,16352,买盘
2660,09:54:27,10.55,--,101,106555,买盘
2661,09:54:24,10.55,--,18,18990,买盘
2662,09:54:21,10.55,--,3,3165,买盘
2663,09:54:18,10.55,--,289,305359,卖盘
2664,09:54:15,10.55,-0.01,33,34815,卖盘
2665,09:54:12,10.56,0.01,17,18543,买盘
2666,09:54:09,10.55,-0.01,13,14242,卖盘
2667,09:54:06,10.56,0.01,66,69696,买盘
2668,09:54:03,10.55,--,9,9495,卖盘
2669,09:54:00,10.55,--,47,49585,卖盘
2670,09:53:57,10.55,--,50,52750,卖盘
2671,09:53:54,10.55,--,11,11605,卖盘
2672,09:53:51,10.55,--,12,13187,卖盘
2673,09:53:45,10.55,--,4,4220,卖盘
2674,09:53:39,10.55,--,5,5275,卖盘
2675,09:53:36,10.55,--,54,56970,买盘
2676,09:53:30,10.55,--,53,55915,卖盘
2677,09:53:27,10.55,--,18,18990,卖盘
2678,09:53:24,10.55,--,21,22155,买盘
2679,09:53:21,10.55,0.01,10,10550,买盘
2680,09:53:18,10.54,--,24,25295,卖盘
2681,09:53:15,10.54,--,156,165035,卖盘
2682,09:53:12,10.54,-0.01,18,18972,卖盘
2683,09:53:09,10.55,--,72,75960,买盘
2684,09:53:06,10.55,--,10,10550,买盘
2685,09:53:03,10.55,0.01,10,10550,买盘
2686,09:53:00,10.54,--,2,2108,卖盘
2687,09:52:57,10.54,-0.01,101,106453,卖盘
2688,09:52:51,10.55,0.01,30,31650,买盘
2689,09:52:48,10.54,-0.01,500,527000,卖盘
2690,09:52:45,10.55,0.01,10,10550,买盘
2691,09:52:42,10.54,-0.01,13,13701,卖盘
2692,09:52:39,10.55,0.01,15,15825,买盘
2693,09:52:33,10.54,--,84,88947,卖盘
2694,09:52:27,10.54,-0.03,20,21080,卖盘
2695,09:52:21,10.57,0.03,247,261079,买盘
2696,09:52:18,10.54,--,7981,8411974,卖盘
2697,09:52:15,10.54,--,61,64293,卖盘
2698,09:52:09,10.54,--,39,41717,卖盘
2699,09:52:09,10.54,--,548,577592,卖盘
2700,09:52:03,10.54,--,25,26349,卖盘
2701,09:52:00,10.54,--,16,16864,卖盘
2702,09:51:57,10.54,--,51,53753,卖盘
2703,09:51:51,10.54,-0.01,477,502757,卖盘
2704,09:51:48,10.55,--,20,21100,买盘
2705,09:51:42,10.55,0.01,579,610845,买盘
2706,09:51:39,10.54,--,34,35836,卖盘
2707,09:51:33,10.54,-0.01,203,213961,卖盘
2708,09:51:24,10.55,--,351,370305,买盘
2709,09:51:21,10.55,0.01,65,68575,买盘
2710,09:51:18,10.54,--,12,13248,卖盘
2711,09:51:15,10.54,--,15,15809,卖盘
2712,09:51:12,10.54,-0.01,34,35836,卖盘
2713,09:51:06,10.55,--,48,50640,买盘
2714,09:51:00,10.55,--,210,221550,买盘
2715,09:50:54,10.55,--,29,30595,买盘
2716,09:50:51,10.55,0.01,18,18990,买盘
2717,09:50:45,10.54,-0.01,8,8432,卖盘
2718,09:50:42,10.55,0.01,103,108665,买盘
2719,09:50:39,10.54,-0.01,45,47429,卖盘
2720,09:50:33,10.55,0.01,127,133985,买盘
2721,09:50:27,10.54,-0.01,9,9486,卖盘
2722,09:50:24,10.55,0.01,21,22313,买盘
2723,09:50:18,10.54,-0.01,512,540259,卖盘
2724,09:50:15,10.55,--,10,10550,买盘
2725,09:50:09,10.55,--,5,5275,买盘
2726,09:50:06,10.55,--,10,10550,买盘
2727,09:50:00,10.55,0.01,25,26375,买盘
2728,09:49:57,10.54,-0.01,105,110669,卖盘
2729,09:49:54,10.55,--,32,33760,买盘
2730,09:49:51,10.55,--,5,5275,买盘
2731,09:49:48,10.55,--,114,120270,买盘
2732,09:49:45,10.55,--,6,6330,买盘
2733,09:49:42,10.55,0.01,70,73850,买盘
2734,09:49:39,10.54,-0.01,19,20026,卖盘
2735,09:49:36,10.55,--,62,65410,买盘
2736,09:49:33,10.55,0.01,5,5275,买盘
2737,09:49:30,10.54,--,23,24241,卖盘
2738,09:49:27,10.54,-0.01,502,529108,卖盘
2739,09:49:24,10.55,--,28,29540,买盘
2740,09:49:21,10.55,0.01,84,88620,买盘
2741,09:49:18,10.54,--,25,26349,卖盘
2742,09:49:15,10.54,--,24,25907,卖盘
2743,09:49:12,10.54,-0.01,217,228717,卖盘
2744,09:49:09,10.55,0.01,49,51695,买盘
2745,09:49:06,10.54,-0.01,1,1054,卖盘
2746,09:49:03,10.55,0.01,11,11605,买盘
2747,09:48:57,10.54,-0.01,18,19815,卖盘
2748,09:48:48,10.55,0.01,21,22155,买盘
2749,09:48:45,10.54,--,55,57969,卖盘
2750,09:48:42,10.54,-0.01,167,176018,卖盘
2751,09:48:36,10.55,--,4,4220,买盘
2752,09:48:30,10.55,0.01,73,77015,买盘
2753,09:48:27,10.54,-0.01,153,161262,卖盘
2754,09:48:21,10.55,--,180,189900,买盘
2755,09:48:18,10.55,--,197,207835,买盘
2756,09:48:15,10.55,0.01,20,21100,买盘
2757,09:48:12,10.54,-0.01,12,13259,卖盘
2758,09:48:09,10.55,0.01,5,5275,买盘
2759,09:48:06,10.54,-0.01,110,115939,卖盘
2760,09:48:03,10.55,--,11,11605,买盘
2761,09:48:00,10.55,--,30,31650,买盘
2762,09:47:57,10.55,0.01,181,190955,买盘
2763,09:47:48,10.54,-0.01,518,545972,卖盘
2764,09:47:42,10.55,0.01,52,54860,买盘
2765,09:47:39,10.54,-0.01,40,42160,卖盘
2766,09:47:36,10.55,--,64,67520,买盘
2767,09:47:33,10.55,--,49,51695,买盘
2768,09:47:30,10.55,--,364,384020,买盘
2769,09:47:24,10.55,--,28,29540,买盘
2770,09:47:21,10.55,0.01,26,27430,买盘
2771,09:47:18,10.54,--,653,688262,卖盘
2772,09:47:15,10.54,-0.01,58,61732,卖盘
2773,09:47:12,10.55,0.01,11,11605,买盘
2774,09:47:09,10.54,-0.01,34,35836,卖盘
2775,09:47:03,10.55,--,269,283795,买盘
2776,09:47:00,10.55,--,54,56970,买盘
2777,09:46:54,10.55,--,14,14770,买盘
2778,09:46:51,10.55,--,41,43255,买盘
2779,09:46:48,10.55,0.01,34,35870,买盘
2780,09:46:45,10.54,-0.01,27,28457,卖盘
2781,09:46:42,10.55,--,41,43255,买盘
2782,09:46:39,10.55,--,542,572063,买盘
2783,09:46:33,10.55,--,4,4220,买盘
2784,09:46:24,10.55,--,37,39035,买盘
2785,09:46:21,10.55,--,63,66465,买盘
2786,09:46:18,10.55,0.01,55,58025,买盘
2787,09:46:15,10.54,-0.01,358,377943,卖盘
2788,09:46:12,10.55,0.01,1,1055,买盘
2789,09:46:09,10.54,-0.01,34,35836,卖盘
2790,09:46:06,10.55,--,50,52750,买盘
2791,09:46:03,10.55,--,3,3165,买盘
2792,09:46:00,10.55,--,14,14770,买盘
2793,09:45:57,10.55,--,107,112885,买盘
2794,09:45:54,10.55,--,41,43255,买盘
