,time,price,change,volume,amount,type
0,15:00:24,5.03,0.01,2031,1021613,卖盘
1,14:57:27,5.02,--,0,0,卖盘
2,14:56:48,5.02,--,200,100399,卖盘
3,14:56:33,5.02,-0.01,50,25099,卖盘
4,14:56:27,5.03,0.01,804,404412,买盘
5,14:56:24,5.02,--,30,15059,卖盘
6,14:56:18,5.02,--,105,52709,卖盘
7,14:56:15,5.02,--,39,19578,卖盘
8,14:56:09,5.02,--,52,26103,买盘
9,14:56:06,5.02,0.01,5,2510,买盘
10,14:56:03,5.01,-0.01,30,15030,卖盘
11,14:55:57,5.02,--,27,13553,买盘
12,14:55:51,5.02,--,10,5020,买盘
13,14:55:48,5.02,0.01,10,5020,中性盘
14,14:55:39,5.01,-0.01,244,122244,卖盘
15,14:55:36,5.02,-0.01,1,501,卖盘
16,14:55:33,5.03,--,28,14084,买盘
17,14:55:30,5.03,0.01,106,53318,买盘
18,14:55:21,5.02,-0.01,495,248489,卖盘
19,14:55:18,5.03,--,700,352100,买盘
20,14:55:15,5.03,0.01,228,114684,买盘
21,14:55:06,5.02,-0.01,51,25601,卖盘
22,14:55:00,5.03,0.01,165,82995,买盘
23,14:54:57,5.02,--,98,49195,买盘
24,14:54:54,5.02,--,239,119977,买盘
25,14:54:51,5.02,--,152,76304,卖盘
26,14:54:45,5.02,--,45,22589,卖盘
27,14:54:42,5.02,--,68,34136,卖盘
28,14:54:30,5.02,--,103,51705,卖盘
29,14:54:27,5.02,--,200,100399,卖盘
30,14:54:21,5.02,-0.01,24,12047,卖盘
31,14:54:18,5.03,0.01,2,1006,买盘
32,14:54:09,5.02,--,227,113953,卖盘
33,14:54:06,5.02,-0.01,116,58231,卖盘
34,14:54:03,5.03,0.01,22,11066,买盘
35,14:54:00,5.02,--,11,5521,卖盘
36,14:53:48,5.02,--,100,50199,卖盘
37,14:53:45,5.02,--,200,100399,卖盘
38,14:53:42,5.02,--,55,27609,卖盘
39,14:53:39,5.02,--,32,16063,卖盘
40,14:53:24,5.02,--,215,107929,买盘
41,14:53:21,5.02,--,304,152608,买盘
42,14:53:18,5.02,--,37,18574,卖盘
43,14:53:15,5.02,--,20,10040,卖盘
44,14:53:09,5.02,-0.01,1,501,中性盘
45,14:53:00,5.03,0.01,49,24647,买盘
46,14:52:51,5.02,-0.01,386,194253,卖盘
47,14:52:48,5.03,0.01,115,57845,买盘
48,14:52:45,5.02,-0.01,5,2510,卖盘
49,14:52:36,5.03,--,2,1006,买盘
50,14:52:27,5.03,--,20,10060,买盘
51,14:52:24,5.03,--,261,131283,买盘
52,14:52:18,5.03,--,24,12072,买盘
53,14:52:12,5.03,0.01,10,5030,买盘
54,14:52:09,5.02,--,5,2510,卖盘
55,14:52:06,5.02,--,25,12549,卖盘
56,14:52:00,5.02,-0.01,11,5521,卖盘
57,14:51:57,5.03,0.01,567,285201,买盘
58,14:51:48,5.02,--,60,30119,卖盘
59,14:51:45,5.02,--,84,42188,买盘
60,14:51:42,5.02,--,20,10040,买盘
61,14:51:39,5.02,--,26,13051,买盘
62,14:51:30,5.02,--,386,193771,买盘
63,14:51:24,5.02,0.01,95,47689,买盘
64,14:51:21,5.01,--,1,501,卖盘
65,14:51:18,5.01,-0.01,50,25050,卖盘
66,14:51:09,5.02,0.01,2000,1003999,买盘
67,14:51:00,5.01,--,10,5010,卖盘
68,14:50:51,5.01,-0.01,5,2505,卖盘
69,14:50:48,5.02,0.01,36,18072,买盘
70,14:50:42,5.01,-0.01,20,10020,卖盘
71,14:50:39,5.02,0.01,2,1003,买盘
72,14:50:36,5.01,--,56,28056,卖盘
73,14:50:24,5.01,--,11,5511,卖盘
74,14:50:21,5.01,--,8,4008,卖盘
75,14:50:18,5.01,-0.01,58,29058,卖盘
76,14:50:12,5.02,0.01,32,16063,买盘
77,14:50:09,5.01,--,6,3006,卖盘
78,14:50:00,5.01,--,63,31563,卖盘
79,14:49:54,5.01,--,20,10020,卖盘
80,14:49:45,5.01,-0.01,10,5010,卖盘
81,14:49:42,5.02,0.01,21,10542,买盘
82,14:49:39,5.01,--,20,10020,卖盘
83,14:49:36,5.01,--,20,10020,卖盘
84,14:49:33,5.01,--,5,2505,卖盘
85,14:49:30,5.01,--,55,27555,卖盘
86,14:49:24,5.01,--,545,273455,买盘
87,14:49:21,5.01,--,40,20040,买盘
88,14:49:15,5.01,--,1,501,买盘
89,14:49:09,5.01,--,11,5511,买盘
90,14:49:00,5.01,0.01,20,10020,买盘
91,14:48:51,5.0,-0.01,23,11500,卖盘
92,14:48:48,5.01,--,20,10020,买盘
93,14:48:45,5.01,0.01,20,10020,买盘
94,14:48:39,5.0,-0.01,10,5000,卖盘
95,14:48:36,5.01,--,6,3006,买盘
96,14:48:30,5.01,--,8,4008,买盘
97,14:48:24,5.01,--,18,9018,买盘
98,14:48:18,5.01,--,50,25050,买盘
99,14:48:12,5.01,--,50,25050,买盘
100,14:48:09,5.01,--,21,10521,买盘
101,14:48:03,5.01,--,100,50100,买盘
102,14:47:57,5.01,0.01,510,255510,买盘
103,14:47:54,5.0,--,100,50000,卖盘
104,14:47:48,5.0,-0.01,856,428000,卖盘
105,14:47:42,5.01,--,27,13527,买盘
106,14:47:36,5.01,0.01,9,4509,买盘
107,14:47:33,5.0,-0.01,50,25000,卖盘
108,14:47:21,5.01,--,27,13527,买盘
109,14:47:15,5.01,0.01,19,9519,买盘
110,14:47:09,5.0,-0.01,8,4000,卖盘
111,14:46:51,5.01,0.01,30,15030,买盘
112,14:46:48,5.0,-0.01,30,15000,卖盘
113,14:46:39,5.01,--,54,27054,买盘
114,14:46:33,5.01,0.01,1,501,买盘
115,14:46:21,5.0,--,99,49500,卖盘
116,14:46:18,5.0,--,5,2500,卖盘
117,14:46:12,5.0,-0.02,20,10000,中性盘
118,14:46:05,5.02,0.02,1428,716855,买盘
119,14:46:02,5.0,--,210,105000,买盘
120,14:45:56,5.0,0.01,216,108000,买盘
121,14:45:47,4.99,-0.01,10,4990,卖盘
122,14:45:29,5.0,--,20,10000,买盘
123,14:45:23,5.0,--,348,174490,卖盘
124,14:45:17,5.0,--,5,2500,卖盘
125,14:45:14,5.0,--,80,40010,买盘
126,14:45:08,5.0,--,283,141500,买盘
127,14:45:05,5.0,--,15,7500,买盘
128,14:45:02,5.0,0.01,1,500,买盘
129,14:44:56,4.99,--,8,3992,卖盘
130,14:44:41,4.99,-0.01,10,4990,卖盘
131,14:44:35,5.0,0.01,171,85500,买盘
132,14:44:29,4.99,-0.01,77,38423,卖盘
133,14:44:17,5.0,--,21,10500,买盘
134,14:44:14,5.0,--,32,16000,买盘
135,14:44:11,5.0,-0.01,707,353990,卖盘
136,14:44:02,5.01,0.01,39,19539,买盘
137,14:43:59,5.0,--,95,47500,卖盘
138,14:43:47,5.0,0.02,2276,1138010,买盘
139,14:43:35,4.98,--,211,105078,买盘
140,14:43:29,4.98,--,119,59262,买盘
141,14:43:20,4.98,0.01,100,49800,买盘
142,14:43:14,4.97,--,10,4970,卖盘
143,14:43:08,4.97,--,10,4970,卖盘
144,14:43:05,4.97,--,289,143951,买盘
145,14:42:53,4.97,--,50,24850,买盘
146,14:42:47,4.97,0.01,5,2485,买盘
147,14:42:29,4.96,--,28,13888,买盘
148,14:42:20,4.96,--,5,2480,买盘
149,14:42:14,4.96,-0.01,1,496,中性盘
150,14:41:56,4.97,0.01,50,25028,买盘
151,14:41:44,4.96,--,25,12400,卖盘
152,14:41:38,4.96,--,0,317,卖盘
153,14:41:32,4.96,--,39,19344,买盘
154,14:41:29,4.96,0.01,2,992,买盘
155,14:41:23,4.95,--,8,3969,卖盘
156,14:41:05,4.95,-0.01,154,76230,卖盘
157,14:40:56,4.96,--,5,2480,买盘
158,14:40:47,4.96,--,3,1488,买盘
159,14:40:44,4.96,0.01,33,16368,中性盘
160,14:40:26,4.95,-0.02,50,24750,卖盘
161,14:40:17,4.97,0.01,175,86975,买盘
162,14:40:14,4.96,0.01,19,9424,买盘
163,14:39:47,4.95,-0.01,1,792,卖盘
164,14:39:41,4.96,0.01,2,992,买盘
165,14:39:38,4.95,--,300,148500,卖盘
166,14:39:35,4.95,--,1,495,卖盘
167,14:39:26,4.95,-0.01,95,47025,卖盘
168,14:39:17,4.96,--,5,2480,买盘
169,14:39:08,4.96,0.01,7,3472,买盘
170,14:39:02,4.95,--,12,5940,卖盘
171,14:38:29,4.95,-0.01,63,31185,卖盘
172,14:38:23,4.96,--,5,2480,买盘
173,14:38:17,4.96,0.01,100,49600,买盘
174,14:38:05,4.95,-0.01,95,47025,卖盘
175,14:37:26,4.96,0.01,12,5952,买盘
176,14:37:23,4.95,--,100,49500,卖盘
177,14:37:20,4.95,--,4,1980,卖盘
178,14:36:59,4.95,--,13,6435,卖盘
179,14:36:50,4.95,-0.01,95,47025,卖盘
180,14:36:44,4.96,0.01,1,496,买盘
181,14:36:41,4.95,-0.01,460,227700,卖盘
182,14:36:38,4.96,0.01,9,4464,买盘
183,14:36:23,4.95,-0.01,67,33165,卖盘
184,14:36:08,4.96,--,4,1984,买盘
185,14:36:02,4.96,0.01,6,2976,中性盘
186,14:35:47,4.95,-0.02,900,445500,卖盘
187,14:35:44,4.97,0.01,10,4970,买盘
188,14:35:41,4.96,--,8,3968,卖盘
189,14:35:32,4.96,--,11,5456,卖盘
190,14:35:26,4.96,--,1,496,卖盘
191,14:35:14,4.96,--,10,4960,卖盘
192,14:35:02,4.96,0.01,4,1984,买盘
193,14:34:59,4.95,-0.01,97,48015,卖盘
194,14:34:53,4.96,--,670,332320,买盘
195,14:34:26,4.96,--,8,3968,买盘
196,14:34:14,4.96,0.01,1,496,买盘
197,14:33:59,4.95,--,20,9900,卖盘
198,14:33:44,4.95,-0.01,1,495,卖盘
199,14:33:41,4.96,0.01,19,9424,买盘
200,14:33:32,4.95,-0.01,50,24750,卖盘
201,14:33:23,4.96,0.01,10,4960,买盘
202,14:33:20,4.95,--,160,79200,卖盘
203,14:33:11,4.95,-0.01,30,14850,卖盘
204,14:33:05,4.96,--,281,139376,卖盘
205,14:32:53,4.96,--,6,2976,卖盘
206,14:32:50,4.96,--,5,2480,卖盘
207,14:32:47,4.96,0.01,68,33728,买盘
208,14:32:44,4.95,--,1,495,卖盘
209,14:32:41,4.95,--,50,24750,卖盘
210,14:32:23,4.95,--,40,19800,卖盘
211,14:32:14,4.95,--,78,38610,卖盘
212,14:32:08,4.95,--,185,91792,买盘
213,14:31:56,4.95,--,131,65122,卖盘
214,14:31:35,4.95,-0.01,151,74764,卖盘
215,14:31:32,4.96,0.01,148,73884,买盘
216,14:31:26,4.95,-0.01,532,263340,卖盘
217,14:31:14,4.96,--,87,43171,卖盘
218,14:31:11,4.96,--,160,79360,卖盘
219,14:31:08,4.96,--,154,76384,卖盘
220,14:31:02,4.96,--,200,99200,卖盘
221,14:30:47,4.96,--,90,44640,卖盘
222,14:30:41,4.96,--,153,75888,卖盘
223,14:30:32,4.96,-0.01,15,7916,卖盘
224,14:30:29,4.97,0.01,20,9940,买盘
225,14:30:26,4.96,--,95,47120,卖盘
226,14:30:20,4.96,--,296,146816,卖盘
227,14:30:05,4.96,-0.01,11,5456,卖盘
228,14:29:59,4.97,0.01,16,7952,买盘
229,14:29:53,4.96,-0.01,12,5952,中性盘
230,14:29:23,4.97,0.01,465,231224,买盘
231,14:29:17,4.96,-0.01,900,446776,卖盘
232,14:29:11,4.97,0.01,50,24850,买盘
233,14:29:08,4.96,--,31,15842,卖盘
234,14:29:05,4.96,--,143,70928,卖盘
235,14:28:56,4.96,-0.01,2,992,卖盘
236,14:28:50,4.97,--,32,15904,买盘
237,14:28:47,4.97,--,451,224147,买盘
238,14:28:32,4.97,0.01,1,497,买盘
239,14:28:26,4.96,-0.01,11,5456,卖盘
240,14:28:23,4.97,0.01,1,497,买盘
241,14:28:17,4.96,--,11,5456,卖盘
242,14:28:11,4.96,-0.01,200,99200,卖盘
243,14:28:05,4.97,0.01,5,2485,买盘
244,14:28:02,4.96,--,210,104160,卖盘
245,14:27:50,4.96,-0.01,95,47120,卖盘
246,14:27:11,4.97,0.01,7,3479,买盘
247,14:27:02,4.96,-0.01,20,9920,卖盘
248,14:26:59,4.97,0.01,1,497,买盘
249,14:26:32,4.96,-0.01,11,5456,卖盘
250,14:26:29,4.97,--,2,994,买盘
251,14:26:04,4.97,0.01,9,4473,买盘
252,14:26:01,4.96,--,14,6944,卖盘
253,14:25:58,4.96,--,95,47120,卖盘
254,14:25:37,4.96,-0.01,0,188,卖盘
255,14:25:10,4.97,--,14,6958,买盘
256,14:25:07,4.97,--,5,2485,买盘
257,14:24:55,4.97,0.01,1,497,买盘
258,14:24:46,4.96,-0.01,66,32736,卖盘
259,14:24:40,4.97,--,61,30317,卖盘
260,14:24:25,4.97,--,25,12425,卖盘
261,14:23:49,4.97,--,126,62622,买盘
262,14:23:46,4.97,0.01,5,2485,买盘
263,14:23:37,4.96,-0.01,153,75888,卖盘
264,14:23:13,4.97,0.01,11,5467,买盘
265,14:22:58,4.96,--,20,9920,卖盘
266,14:22:55,4.96,-0.01,11,5456,卖盘
267,14:22:31,4.97,--,34,16898,买盘
268,14:22:25,4.97,--,50,24850,买盘
269,14:22:07,4.97,0.01,6,2982,买盘
270,14:21:58,4.96,-0.01,4,1984,卖盘
271,14:21:46,4.97,0.01,29,14413,买盘
272,14:21:43,4.96,--,60,29760,卖盘
273,14:21:31,4.96,--,95,47120,卖盘
274,14:21:28,4.96,--,9,4464,卖盘
275,14:21:13,4.96,--,10,4960,卖盘
276,14:21:04,4.96,-0.01,11,5456,卖盘
277,14:20:49,4.97,--,4,1988,买盘
278,14:20:07,4.97,--,5,2485,买盘
279,14:19:49,4.97,--,5,2485,买盘
280,14:19:34,4.97,--,2,994,买盘
281,14:19:28,4.97,--,15,7455,买盘
282,14:19:25,4.97,0.01,27,13419,买盘
283,14:19:19,4.96,-0.01,11,5456,卖盘
284,14:19:10,4.97,--,4,1988,卖盘
285,14:19:07,4.97,-0.01,51,25347,中性盘
286,14:18:40,4.98,0.01,8,3984,买盘
287,14:18:37,4.97,--,6,2982,买盘
288,14:18:28,4.97,0.01,10,4970,买盘
289,14:18:22,4.96,0.01,2,1289,中性盘
290,14:18:07,4.95,-0.01,60,29700,卖盘
291,14:17:58,4.96,--,1,773,买盘
292,14:17:46,4.96,--,3,1488,买盘
293,14:17:43,4.96,--,25,12400,买盘
294,14:17:34,4.96,0.01,16,7936,买盘
295,14:17:31,4.95,--,11,5445,卖盘
296,14:17:28,4.95,--,10,4950,卖盘
297,14:17:22,4.95,-0.01,200,99000,卖盘
298,14:17:19,4.96,--,50,24800,买盘
299,14:17:16,4.96,0.01,137,67952,买盘
300,14:17:10,4.95,-0.01,7,3465,卖盘
301,14:17:07,4.96,--,12,5952,买盘
302,14:17:01,4.96,--,2,992,买盘
303,14:16:46,4.96,--,16,7936,买盘
304,14:16:34,4.96,--,15,7440,买盘
305,14:16:28,4.96,--,17,8650,卖盘
306,14:16:19,4.96,--,0,238,卖盘
307,14:16:04,4.96,--,10,4989,卖盘
308,14:15:52,4.96,--,5,2480,卖盘
309,14:15:43,4.96,--,0,9,卖盘
310,14:15:40,4.96,--,11,5456,卖盘
311,14:15:37,4.96,--,44,21824,卖盘
312,14:15:34,4.96,--,1,496,买盘
313,14:15:31,4.96,0.01,12,5952,买盘
314,14:15:22,4.95,-0.01,97,48015,卖盘
315,14:15:19,4.96,--,200,99200,卖盘
316,14:14:58,4.96,--,10,4960,卖盘
317,14:14:52,4.96,--,103,51088,卖盘
318,14:14:43,4.96,--,9,4464,卖盘
319,14:14:28,4.96,--,103,51088,买盘
320,14:14:10,4.96,-0.01,1161,575856,卖盘
321,14:14:04,4.97,--,6,2982,买盘
322,14:13:55,4.97,--,127,63606,卖盘
323,14:13:49,4.97,--,100,49700,卖盘
324,14:13:46,4.97,--,75,37275,卖盘
325,14:13:22,4.97,--,106,52691,卖盘
326,14:13:10,4.97,--,1,497,卖盘
327,14:13:04,4.97,--,1,497,卖盘
328,14:12:55,4.97,-0.01,15,7455,卖盘
329,14:12:46,4.98,--,3,1494,买盘
330,14:12:34,4.98,-0.01,533,265872,卖盘
331,14:12:19,4.99,--,101,50399,买盘
332,14:12:10,4.99,--,5,2495,买盘
333,14:12:07,4.99,--,19,9481,买盘
334,14:11:40,4.99,0.01,10,4990,买盘
335,14:11:28,4.98,--,85,42330,卖盘
336,14:10:19,4.98,-0.01,11,5478,卖盘
337,14:10:04,4.99,0.01,1,499,买盘
338,14:09:58,4.98,-0.01,3,1494,卖盘
339,14:09:52,4.99,--,24,11976,买盘
340,14:09:49,4.99,0.01,1,499,买盘
341,14:09:34,4.98,-0.01,1,557,卖盘
342,14:09:25,4.99,0.01,373,186127,买盘
343,14:09:16,4.98,--,38,18924,卖盘
344,14:09:01,4.98,--,20,9960,卖盘
345,14:08:52,4.98,--,59,29382,卖盘
346,14:08:49,4.98,--,20,9960,卖盘
347,14:08:37,4.98,--,20,9960,卖盘
348,14:08:31,4.98,--,11,5478,卖盘
349,14:08:25,4.98,-0.01,20,9960,卖盘
350,14:08:16,4.99,--,1,499,买盘
351,14:08:10,4.99,--,10,4990,买盘
352,14:08:07,4.99,--,21,10479,买盘
353,14:07:28,4.99,--,2,998,买盘
354,14:07:25,4.99,-0.01,580,289420,卖盘
355,14:07:22,5.0,0.01,5,2500,买盘
356,14:06:55,4.99,--,152,75848,卖盘
357,14:06:40,4.99,-0.01,11,5489,卖盘
358,14:06:28,5.0,--,1,500,买盘
359,14:06:25,5.0,--,22,11000,买盘
360,14:06:16,5.0,--,60,30000,买盘
361,14:06:10,5.0,--,2,1000,买盘
362,14:06:07,5.0,--,4,2000,买盘
363,14:05:58,5.0,--,59,29500,买盘
364,14:05:55,5.0,--,2,1000,买盘
365,14:05:51,5.0,--,1,500,买盘
366,14:05:27,5.0,0.01,12,6000,买盘
367,14:05:15,4.99,--,10,4990,卖盘
368,14:05:00,4.99,--,3,1497,卖盘
369,14:04:54,4.99,--,11,5489,卖盘
370,14:04:48,4.99,--,22,10978,卖盘
371,14:04:45,4.99,--,50,24950,卖盘
372,14:04:27,4.99,--,2,998,卖盘
373,14:04:12,4.99,0.01,592,295408,买盘
374,14:04:03,4.98,-0.01,10,4980,卖盘
375,14:03:57,4.99,0.01,300,149700,买盘
376,14:03:36,4.98,--,1,498,卖盘
377,14:03:15,4.98,--,8,3984,卖盘
378,14:03:03,4.98,--,24,11952,卖盘
379,14:03:00,4.98,-0.01,36,17928,卖盘
380,14:02:54,4.99,--,8,3992,买盘
381,14:02:51,4.99,0.01,22,10978,买盘
382,14:02:48,4.98,-0.01,50,24900,卖盘
383,14:02:36,4.99,--,8,3992,买盘
384,14:02:18,4.99,--,49,24451,买盘
385,14:02:12,4.99,--,10,4990,买盘
386,14:02:06,4.99,--,9,4491,卖盘
387,14:01:57,4.99,--,17,8483,买盘
388,14:01:45,4.99,--,52,25948,卖盘
389,14:01:33,4.99,0.01,50,24950,买盘
390,14:01:27,4.98,--,598,297804,卖盘
391,14:01:18,4.98,-0.01,11,5478,卖盘
392,14:01:00,4.99,--,2,998,买盘
393,14:00:57,4.99,--,14,6986,买盘
394,14:00:48,4.99,-0.01,151,75349,卖盘
395,14:00:42,5.0,--,2,1000,买盘
396,14:00:33,5.0,--,5,2500,买盘
397,14:00:30,5.0,--,2,1000,买盘
398,14:00:12,5.0,--,6,3000,买盘
399,14:00:03,5.0,-0.01,152,76000,卖盘
400,13:59:54,5.01,--,24,12024,买盘
401,13:59:45,5.01,--,99,50089,卖盘
402,13:59:39,5.01,--,20,10020,卖盘
403,13:59:33,5.01,--,20,10020,卖盘
404,13:59:30,5.01,--,11,5511,卖盘
405,13:59:21,5.01,-0.01,50,25050,卖盘
406,13:59:18,5.02,0.01,18,9036,买盘
407,13:59:15,5.01,-0.01,1,511,卖盘
408,13:59:09,5.02,--,14,7027,买盘
409,13:59:06,5.02,-0.01,998,500995,卖盘
410,13:59:00,5.03,--,32,16096,买盘
411,13:58:57,5.03,--,27,13581,买盘
412,13:58:48,5.03,0.01,23,11569,买盘
413,13:58:45,5.02,--,137,68774,买盘
414,13:58:42,5.02,--,2,1003,买盘
415,13:58:36,5.02,--,9,4518,买盘
416,13:58:33,5.02,--,75,37650,卖盘
417,13:58:30,5.02,--,3,1505,买盘
418,13:58:24,5.02,--,210,105419,买盘
419,13:58:21,5.02,-0.01,87,43673,中性盘
420,13:58:18,5.03,0.01,200,100600,买盘
421,13:58:12,5.02,--,9,4518,买盘
422,13:58:09,5.02,0.01,1150,577300,买盘
423,13:58:06,5.01,-0.01,200,100200,卖盘
424,13:58:03,5.02,0.01,123,61745,买盘
425,13:58:00,5.01,--,48,24048,买盘
426,13:57:57,5.01,--,212,106212,买盘
427,13:57:51,5.01,--,10,5010,买盘
428,13:57:45,5.01,0.01,100,50100,买盘
429,13:57:39,5.0,-0.01,16,8000,卖盘
430,13:57:33,5.01,0.01,3,1503,买盘
431,13:57:27,5.0,--,52,26000,买盘
432,13:57:24,5.0,--,20,10000,买盘
433,13:57:21,5.0,0.01,400,200000,买盘
434,13:57:06,4.99,--,1,499,卖盘
435,13:57:03,4.99,--,20,9980,卖盘
436,13:57:00,4.99,--,1454,725546,买盘
437,13:56:57,4.99,0.01,60,29940,买盘
438,13:56:54,4.98,-0.01,0,398,卖盘
439,13:56:36,4.99,--,20,9980,买盘
440,13:56:18,4.99,--,30,14970,买盘
441,13:56:12,4.99,0.01,5,2495,买盘
442,13:56:09,4.98,--,14,6972,买盘
443,13:56:06,4.98,--,52,25896,买盘
444,13:56:03,4.98,--,360,179280,卖盘
445,13:55:57,4.98,--,176,87648,卖盘
446,13:55:54,4.98,-0.01,11,5478,卖盘
447,13:55:48,4.99,--,343,171157,买盘
448,13:55:45,4.99,--,38,18962,买盘
449,13:55:42,4.99,0.01,6,2994,买盘
450,13:55:39,4.98,-0.01,100,49800,卖盘
451,13:55:36,4.99,--,90,44910,买盘
452,13:55:33,4.99,0.01,158,78842,买盘
453,13:55:27,4.98,--,119,59262,卖盘
454,13:55:21,4.98,-0.01,300,149400,卖盘
455,13:55:18,4.99,--,20,9980,买盘
456,13:55:09,4.99,--,15,7485,买盘
457,13:55:03,4.99,0.01,88,43912,买盘
458,13:54:57,4.98,--,4,1992,买盘
459,13:54:54,4.98,--,21,10458,买盘
460,13:54:51,4.98,--,81,40338,买盘
461,13:54:48,4.98,--,24,11952,买盘
462,13:54:45,4.98,--,1000,498000,买盘
463,13:54:42,4.98,0.01,38,18924,买盘
464,13:54:30,4.97,--,883,438890,买盘
465,13:54:27,4.97,--,122,60634,买盘
466,13:54:09,4.97,--,9,4473,买盘
467,13:54:06,4.97,0.01,50,24850,买盘
468,13:54:03,4.96,--,11,5456,卖盘
469,13:53:54,4.96,--,8,3968,买盘
470,13:53:51,4.96,--,6,2976,买盘
471,13:53:45,4.96,0.01,342,169632,买盘
472,13:53:18,4.95,-0.01,3,1485,卖盘
473,13:53:12,4.96,--,8,3968,买盘
474,13:52:42,4.96,0.01,5,2936,买盘
475,13:52:18,4.95,--,11,5445,卖盘
476,13:52:15,4.95,-0.01,80,39600,卖盘
477,13:52:12,4.96,--,1,496,买盘
478,13:52:09,4.96,0.01,2,992,买盘
479,13:50:57,4.95,-0.01,0,227,卖盘
480,13:50:48,4.96,--,5,2480,买盘
481,13:50:45,4.96,0.01,20,9920,买盘
482,13:50:30,4.95,--,11,5445,卖盘
483,13:50:27,4.95,--,1,495,卖盘
484,13:49:39,4.95,-0.01,50,24750,卖盘
485,13:49:36,4.96,--,4,1984,买盘
486,13:49:33,4.96,--,3,1488,买盘
487,13:49:15,4.96,--,66,32736,卖盘
488,13:49:09,4.96,--,20,9920,卖盘
489,13:49:00,4.96,--,35,17360,卖盘
490,13:48:45,4.96,--,11,5456,卖盘
491,13:48:06,4.96,-0.01,10,4960,中性盘
492,13:47:54,4.97,0.01,432,214704,买盘
493,13:47:42,4.96,--,20,9920,买盘
494,13:47:39,4.96,0.01,22,10912,买盘
495,13:47:36,4.95,-0.01,16,7920,卖盘
496,13:47:27,4.96,--,10,4960,买盘
497,13:47:15,4.96,--,8,3968,买盘
498,13:47:03,4.96,--,1,496,买盘
499,13:46:54,4.96,0.01,71,35216,买盘
500,13:46:21,4.95,-0.01,40,19800,卖盘
501,13:46:18,4.96,--,23,11408,买盘
502,13:46:11,4.96,0.01,18,8928,买盘
503,13:45:32,4.95,--,2,990,卖盘
504,13:45:20,4.95,--,24,12127,买盘
505,13:45:17,4.95,--,86,42570,买盘
506,13:45:11,4.95,0.01,10,4950,买盘
507,13:45:02,4.94,-0.01,74,36556,卖盘
508,13:44:53,4.95,--,15,7425,买盘
509,13:44:50,4.95,--,60,29700,买盘
510,13:44:32,4.95,0.01,10,4950,买盘
511,13:44:20,4.94,-0.01,40,19760,卖盘
512,13:44:14,4.95,0.01,10,4950,买盘
513,13:44:08,4.94,-0.01,320,158198,卖盘
514,13:43:56,4.95,--,10,4950,买盘
515,13:43:32,4.95,--,177,87615,卖盘
516,13:43:23,4.95,--,197,97515,卖盘
517,13:43:17,4.95,--,11,5445,卖盘
518,13:43:08,4.95,--,827,409365,卖盘
519,13:42:53,4.95,-0.01,50,24750,卖盘
520,13:42:41,4.96,-0.01,1442,715232,卖盘
521,13:42:17,4.97,--,1,497,买盘
522,13:41:50,4.97,--,123,61588,卖盘
523,13:41:47,4.97,--,125,62125,卖盘
524,13:41:44,4.97,--,20,9940,卖盘
525,13:41:38,4.97,--,30,14910,卖盘
526,13:41:29,4.97,--,11,5467,卖盘
527,13:40:47,4.97,--,3,1491,卖盘
528,13:40:32,4.97,--,98,48745,买盘
529,13:40:29,4.97,--,119,59143,买盘
530,13:40:17,4.97,--,30,14910,买盘
531,13:40:11,4.97,0.01,10,4970,买盘
532,13:39:41,4.96,-0.01,11,5456,卖盘
533,13:39:35,4.97,--,15,7455,买盘
534,13:39:32,4.97,--,40,19880,买盘
535,13:39:29,4.97,--,3,1491,买盘
536,13:39:17,4.97,--,1,497,买盘
537,13:39:05,4.97,--,2,994,买盘
538,13:39:02,4.97,--,2,994,买盘
539,13:38:59,4.97,0.01,77,38269,买盘
540,13:38:14,4.96,--,300,148800,卖盘
541,13:37:53,4.96,-0.01,11,5456,卖盘
542,13:37:38,4.97,--,10,4970,买盘
543,13:37:20,4.97,--,1,497,买盘
544,13:37:17,4.97,--,40,19880,买盘
545,13:36:59,4.97,--,236,117749,卖盘
546,13:36:23,4.97,--,2,994,卖盘
547,13:36:05,4.97,-0.01,11,5467,卖盘
548,13:35:59,4.98,0.01,30,14940,买盘
549,13:35:53,4.97,-0.01,77,38269,卖盘
550,13:35:35,4.98,--,20,9960,买盘
551,13:34:32,4.98,--,94,46812,卖盘
552,13:34:17,4.98,--,11,5478,卖盘
553,13:34:08,4.98,--,100,49800,卖盘
554,13:34:02,4.98,--,2,996,卖盘
555,13:33:53,4.98,--,11,5478,卖盘
556,13:33:50,4.98,--,39,19422,卖盘
557,13:33:32,4.98,--,10,4980,卖盘
558,13:33:02,4.98,--,10,4980,买盘
559,13:32:32,4.98,--,530,263940,卖盘
560,13:32:29,4.98,-0.01,11,5478,卖盘
561,13:32:20,4.99,--,1,499,买盘
562,13:32:05,4.99,--,10,4990,买盘
563,13:31:59,4.99,--,4,1996,买盘
564,13:31:53,4.99,--,5,2495,买盘
565,13:31:32,4.99,--,8,3992,买盘
566,13:31:29,4.99,--,13,6487,买盘
567,13:31:17,4.99,0.01,20,9980,买盘
568,13:31:14,4.98,-0.01,4,1992,卖盘
569,13:31:11,4.99,--,1,499,买盘
570,13:30:53,4.99,0.01,9,4491,买盘
571,13:30:41,4.98,--,67,33366,卖盘
572,13:30:32,4.98,-0.01,20,9960,卖盘
573,13:30:26,4.99,--,8,3992,买盘
574,13:30:11,4.99,--,9,4491,买盘
575,13:29:47,4.99,--,6,2994,买盘
576,13:29:44,4.99,--,100,49900,买盘
577,13:29:38,4.99,--,2,998,买盘
578,13:29:20,4.99,--,37,18463,买盘
579,13:29:11,4.99,--,20,9980,买盘
580,13:29:02,4.99,--,47,23453,买盘
581,13:28:59,4.99,--,1,499,买盘
582,13:28:53,4.99,0.01,28,13972,买盘
583,13:28:50,4.98,-0.01,30,14940,卖盘
584,13:28:38,4.99,0.01,19,9481,买盘
585,13:28:32,4.98,-0.01,310,154380,卖盘
586,13:28:29,4.99,--,20,9980,买盘
587,13:28:26,4.99,--,500,249500,买盘
588,13:28:17,4.99,--,30,14970,买盘
589,13:28:05,4.99,--,10,4990,买盘
590,13:27:26,4.99,0.01,1,499,买盘
591,13:27:05,4.98,-0.01,12,5976,卖盘
592,13:26:59,4.99,--,36,17964,买盘
593,13:26:23,4.99,--,5,2495,买盘
594,13:26:08,4.99,0.01,318,158682,买盘
595,13:25:16,4.98,-0.01,11,5478,卖盘
596,13:25:13,4.99,--,1,499,买盘
597,13:25:10,4.99,--,1,499,买盘
598,13:25:04,4.99,0.01,101,50399,买盘
599,13:24:49,4.98,-0.01,11,5478,卖盘
600,13:24:43,4.99,--,1,499,买盘
601,13:24:37,4.99,--,150,74850,买盘
602,13:24:10,4.99,--,1,499,买盘
603,13:24:04,4.99,--,10,4990,买盘
604,13:23:55,4.99,--,5,2495,买盘
605,13:23:40,4.99,0.01,21,10479,买盘
606,13:23:37,4.98,-0.01,10,4980,卖盘
607,13:23:31,4.99,0.01,513,255987,买盘
608,13:23:28,4.98,-0.01,11,5478,卖盘
609,13:23:19,4.99,--,11,5489,买盘
610,13:23:13,4.99,--,115,57385,买盘
611,13:23:10,4.99,--,1,499,买盘
612,13:22:58,4.99,--,62,30938,买盘
613,13:22:46,4.99,--,13,6487,买盘
614,13:22:43,4.99,--,1,499,买盘
615,13:22:40,4.99,--,16,7984,买盘
616,13:22:25,4.99,--,30,14970,买盘
617,13:22:10,4.99,0.01,1,499,买盘
618,13:22:07,4.98,-0.01,10,4980,卖盘
619,13:22:01,4.99,0.01,151,75349,买盘
620,13:21:40,4.98,--,11,5478,卖盘
621,13:21:34,4.98,--,174,86671,买盘
622,13:21:19,4.98,--,100,49800,买盘
623,13:21:07,4.98,0.01,1,498,买盘
624,13:20:58,4.97,--,4,1988,卖盘
625,13:20:55,4.97,-0.01,1,497,卖盘
626,13:20:49,4.98,--,35,17430,买盘
627,13:20:37,4.98,--,1,498,买盘
628,13:20:25,4.98,0.01,6,2988,买盘
629,13:20:22,4.97,-0.01,17,8449,卖盘
630,13:20:10,4.98,--,1,498,买盘
631,13:19:58,4.98,--,1,498,买盘
632,13:19:52,4.98,--,14,6972,买盘
633,13:19:37,4.98,0.01,1,498,买盘
634,13:19:25,4.97,-0.01,40,19880,卖盘
635,13:19:07,4.98,0.01,1,498,买盘
636,13:18:49,4.97,-0.01,6,2982,卖盘
637,13:18:40,4.98,0.01,10,4980,买盘
638,13:18:37,4.97,--,20,9940,卖盘
639,13:18:22,4.97,--,30,14910,卖盘
640,13:18:16,4.97,--,119,59143,卖盘
641,13:18:04,4.97,--,11,5467,卖盘
642,13:17:52,4.97,--,34,16898,卖盘
643,13:17:37,4.97,--,10,4970,卖盘
644,13:17:16,4.97,-0.01,20,9940,卖盘
645,13:17:04,4.98,0.01,50,24900,买盘
646,13:16:58,4.97,-0.01,9,4473,卖盘
647,13:16:55,4.98,--,20,9960,买盘
648,13:16:52,4.98,--,9,4482,买盘
649,13:16:49,4.98,0.01,8,4023,买盘
650,13:16:46,4.97,--,8,3976,卖盘
651,13:16:16,4.97,-0.01,11,5467,卖盘
652,13:15:52,4.98,--,10,4980,买盘
653,13:15:49,4.98,--,8,3984,买盘
654,13:15:40,4.98,0.01,2,996,买盘
655,13:15:37,4.97,--,1,497,卖盘
656,13:14:58,4.97,-0.01,25,12425,卖盘
657,13:14:49,4.98,--,549,273880,卖盘
658,13:14:28,4.98,--,11,5478,卖盘
659,13:14:01,4.98,--,10,4980,卖盘
660,13:13:58,4.98,-0.01,95,47310,卖盘
661,13:13:34,4.99,0.01,1,499,买盘
662,13:12:40,4.98,-0.01,11,5478,卖盘
663,13:12:34,4.99,--,10,4990,买盘
664,13:12:16,4.99,0.01,1,499,买盘
665,13:12:04,4.98,-0.01,83,41334,卖盘
666,13:12:01,4.99,--,1,499,买盘
667,13:11:46,4.99,0.01,2,998,买盘
668,13:11:28,4.98,--,7,3486,卖盘
669,13:11:25,4.98,--,95,47310,卖盘
670,13:11:19,4.98,--,82,40836,卖盘
671,13:11:16,4.98,--,4,1992,卖盘
672,13:10:55,4.98,--,11,5478,卖盘
673,13:10:34,4.98,-0.01,82,40836,卖盘
674,13:10:31,4.99,--,5,2495,买盘
675,13:10:13,4.99,--,1,499,买盘
676,13:09:55,4.99,0.01,30,14970,买盘
677,13:09:31,4.98,--,76,37848,卖盘
678,13:09:04,4.98,-0.01,11,5478,卖盘
679,13:08:37,4.99,--,10,4990,买盘
680,13:08:19,4.99,--,16,7984,买盘
681,13:08:16,4.99,--,5,2495,买盘
682,13:08:10,4.99,--,171,85329,买盘
683,13:08:01,4.99,0.01,120,59880,买盘
684,13:07:55,4.98,-0.01,3,1494,卖盘
685,13:07:46,4.99,0.01,31,15469,买盘
686,13:07:40,4.98,-0.01,82,40836,卖盘
687,13:07:19,4.99,0.01,16,7984,买盘
688,13:07:16,4.98,-0.01,11,5478,卖盘
689,13:07:13,4.99,--,20,9980,买盘
690,13:07:10,4.99,--,16,7984,买盘
691,13:06:58,4.99,--,11,5489,买盘
692,13:06:52,4.99,--,61,30439,买盘
693,13:06:37,4.99,--,1,499,买盘
694,13:06:34,4.99,--,100,49900,买盘
695,13:06:25,4.99,--,171,85329,买盘
696,13:05:57,4.99,0.01,57,28443,买盘
697,13:05:48,4.98,--,81,40357,买盘
698,13:05:36,4.98,0.01,30,14940,买盘
699,13:05:27,4.97,-0.01,11,5467,卖盘
700,13:05:18,4.98,0.01,20,9960,买盘
701,13:05:09,4.97,-0.01,1,497,卖盘
702,13:04:54,4.98,0.01,2,996,买盘
703,13:03:39,4.97,-0.01,11,5467,卖盘
704,13:03:30,4.98,--,10,4980,买盘
705,13:03:12,4.98,--,14,6972,买盘
706,13:02:57,4.98,0.01,50,24900,买盘
707,13:02:45,4.97,-0.01,102,50694,卖盘
708,13:02:18,4.98,--,2,996,买盘
709,13:01:09,4.98,--,50,24900,买盘
710,13:01:06,4.98,--,8,3984,买盘
711,13:00:42,4.98,--,1,498,买盘
712,13:00:30,4.98,--,15,7470,买盘
713,13:00:15,4.98,-0.01,482,240514,卖盘
714,13:00:09,4.99,--,40,19960,买盘
715,13:00:06,4.99,--,71,35429,买盘
716,13:00:03,4.99,0.01,143,71357,买盘
717,11:29:53,4.98,-0.01,10,4980,卖盘
718,11:29:32,4.99,--,40,19960,买盘
719,11:29:20,4.99,--,3,1497,买盘
720,11:29:02,4.99,--,11,5489,买盘
721,11:28:50,4.99,0.01,20,9980,买盘
722,11:28:47,4.98,--,9,4482,卖盘
723,11:28:17,4.98,-0.01,11,5478,卖盘
724,11:28:05,4.99,0.01,1,499,买盘
725,11:27:38,4.98,-0.01,20,9960,卖盘
726,11:27:08,4.99,0.01,15,7485,买盘
727,11:26:59,4.98,--,12,5995,卖盘
728,11:26:26,4.98,-0.01,11,5478,卖盘
729,11:26:23,4.99,--,89,44411,买盘
730,11:26:17,4.99,--,1,499,买盘
731,11:25:25,4.99,--,1,499,买盘
732,11:25:07,4.99,0.01,60,29940,买盘
733,11:25:01,4.98,-0.01,21,10458,卖盘
734,11:24:52,4.99,--,23,11477,买盘
735,11:24:49,4.99,--,5,2495,买盘
736,11:24:43,4.99,0.01,5,2495,买盘
737,11:24:40,4.98,-0.01,11,5478,卖盘
738,11:24:37,4.99,--,11,5489,买盘
739,11:24:28,4.99,-0.01,109,54391,卖盘
740,11:24:22,5.0,--,5,2500,买盘
741,11:24:16,5.0,--,11,5500,买盘
742,11:24:13,5.0,--,11,5500,买盘
743,11:24:04,5.0,--,7,3500,买盘
744,11:23:58,5.0,--,502,251000,买盘
745,11:23:55,5.0,--,16,8000,买盘
746,11:23:49,5.0,0.01,32,16000,买盘
747,11:23:43,4.99,-0.01,49,24451,卖盘
748,11:23:28,5.0,--,1,500,买盘
749,11:23:16,5.0,--,6,3000,买盘
750,11:23:10,5.0,--,10,5000,买盘
751,11:23:04,5.0,0.01,10,5000,买盘
752,11:22:52,4.99,-0.01,11,5489,卖盘
753,11:22:46,5.0,--,33,16500,买盘
754,11:22:40,5.0,--,9,4500,买盘
755,11:22:37,5.0,--,19,9500,买盘
756,11:22:34,5.0,--,57,28500,买盘
757,11:22:16,5.0,0.01,50,25000,买盘
758,11:21:40,4.99,--,115,57385,买盘
759,11:21:31,4.99,--,39,19461,买盘
760,11:21:28,4.99,--,41,20459,买盘
761,11:21:25,4.99,0.01,20,9980,买盘
762,11:21:04,4.98,--,11,5478,卖盘
763,11:20:43,4.98,-0.01,26,12948,卖盘
764,11:20:28,4.99,0.01,57,28443,买盘
765,11:20:25,4.98,--,4,1992,卖盘
766,11:19:16,4.98,-0.01,14,6972,卖盘
767,11:19:10,4.99,--,7,3493,买盘
768,11:19:01,4.99,--,9,4491,买盘
769,11:18:40,4.99,--,3,1497,买盘
770,11:18:19,4.99,--,3,1497,买盘
771,11:18:01,4.99,--,88,43912,买盘
772,11:17:52,4.99,0.01,298,148702,买盘
773,11:17:25,4.98,-0.01,11,5478,卖盘
774,11:17:19,4.99,--,2,998,买盘
775,11:17:16,4.99,0.01,13,6487,买盘
776,11:17:04,4.98,-0.01,3,1494,卖盘
777,11:17:01,4.99,0.01,28,13972,买盘
778,11:16:52,4.98,--,50,24900,卖盘
779,11:16:34,4.98,--,71,35358,买盘
780,11:16:31,4.98,--,112,55776,买盘
781,11:16:25,4.98,--,200,99600,买盘
782,11:16:16,4.98,--,100,49800,买盘
783,11:16:10,4.98,--,303,150894,买盘
784,11:16:01,4.98,--,155,77190,买盘
785,11:15:58,4.98,--,70,34860,买盘
786,11:15:46,4.98,--,10,4980,买盘
787,11:15:43,4.98,0.01,80,39840,买盘
788,11:15:40,4.97,-0.01,11,5467,卖盘
789,11:15:34,4.98,0.01,50,24900,买盘
790,11:15:19,4.97,-0.01,40,19880,卖盘
791,11:15:10,4.98,--,1,498,买盘
792,11:15:07,4.98,0.01,16,7968,买盘
793,11:15:01,4.97,--,3,1491,卖盘
794,11:14:43,4.97,-0.01,216,107352,卖盘
795,11:14:40,4.98,0.01,16,7968,买盘
796,11:14:34,4.97,-0.01,32,15904,卖盘
797,11:14:25,4.98,--,9,4482,买盘
798,11:14:16,4.98,0.01,50,24900,买盘
799,11:14:13,4.97,-0.01,10,4970,卖盘
800,11:14:07,4.98,--,174,86652,买盘
801,11:13:58,4.98,0.01,20,9960,买盘
802,11:13:52,4.97,-0.01,136,67592,卖盘
803,11:13:34,4.98,--,1,498,买盘
804,11:13:22,4.98,0.01,5,2490,买盘
805,11:13:10,4.97,-0.01,10,4970,卖盘
806,11:13:04,4.98,--,3,1494,买盘
807,11:12:16,4.98,0.01,5,2490,买盘
808,11:12:04,4.97,-0.01,11,5467,卖盘
809,11:11:58,4.98,--,68,33864,买盘
810,11:11:46,4.98,--,5,2490,买盘
811,11:11:34,4.98,--,2,996,买盘
812,11:11:22,4.98,--,738,367524,买盘
813,11:11:07,4.98,0.01,5,2490,买盘
814,11:11:01,4.97,--,10,4970,买盘
815,11:10:55,4.97,--,3,1491,买盘
816,11:10:49,4.97,--,15,7455,买盘
817,11:10:37,4.97,--,39,19383,卖盘
818,11:10:28,4.97,--,1,497,买盘
819,11:10:22,4.97,0.01,10,4970,买盘
820,11:10:16,4.96,-0.01,11,5456,卖盘
821,11:10:04,4.97,0.01,20,9940,买盘
822,11:09:55,4.96,0.01,82,40672,买盘
823,11:09:52,4.95,-0.01,293,145035,卖盘
824,11:09:46,4.96,--,48,23808,买盘
825,11:09:43,4.96,--,156,77376,买盘
826,11:09:34,4.96,--,10,4960,买盘
827,11:09:28,4.96,--,56,27776,买盘
828,11:09:25,4.96,--,500,248000,买盘
829,11:09:19,4.96,--,178,88288,买盘
830,11:09:10,4.96,0.01,16,7936,买盘
831,11:09:01,4.95,-0.01,2,990,卖盘
832,11:08:55,4.96,--,5,2480,买盘
833,11:08:52,4.96,0.01,4,1984,买盘
834,11:08:49,4.95,--,20,9900,卖盘
835,11:08:43,4.95,--,5,2475,卖盘
836,11:08:40,4.95,-0.01,10,4950,卖盘
837,11:08:37,4.96,0.01,108,53568,买盘
838,11:08:28,4.95,--,11,5445,卖盘
839,11:08:07,4.95,-0.01,20,9900,卖盘
840,11:08:04,4.96,--,17,8432,买盘
841,11:07:58,4.96,--,3,1488,买盘
842,11:07:55,4.96,0.01,1,496,买盘
843,11:07:52,4.95,-0.01,184,91080,卖盘
844,11:07:46,4.96,--,11,5456,买盘
845,11:07:43,4.96,--,1,496,买盘
846,11:07:40,4.96,0.01,5,2480,买盘
847,11:07:37,4.95,--,15,7425,卖盘
848,11:07:34,4.95,--,137,67815,卖盘
849,11:07:28,4.95,--,136,67320,卖盘
850,11:07:25,4.95,-0.01,142,70290,卖盘
851,11:07:19,4.96,0.01,36,17856,买盘
852,11:07:13,4.95,--,1,495,卖盘
853,11:07:07,4.95,--,27,13365,卖盘
854,11:07:01,4.95,-0.01,11,5445,卖盘
855,11:06:49,4.96,--,10,4960,买盘
856,11:06:43,4.96,--,87,43152,卖盘
857,11:06:40,4.96,--,911,451856,卖盘
858,11:06:28,4.96,-0.01,1,496,卖盘
859,11:06:22,4.97,--,50,24850,买盘
860,11:06:10,4.97,--,53,26341,卖盘
861,11:06:00,4.97,--,30,14910,卖盘
862,11:05:48,4.97,--,20,9940,卖盘
863,11:05:42,4.97,--,35,17395,卖盘
864,11:05:39,4.97,-0.01,150,74550,卖盘
865,11:05:27,4.98,--,187,93126,卖盘
866,11:05:18,4.98,--,200,99600,卖盘
867,11:05:12,4.98,--,2,996,卖盘
868,11:04:51,4.98,--,24,11952,卖盘
869,11:04:42,4.98,--,5,2490,卖盘
870,11:04:36,4.98,--,350,174300,卖盘
871,11:04:30,4.98,-0.01,9,4482,卖盘
872,11:04:27,4.99,--,2,998,买盘
873,11:04:21,4.99,--,10,4990,买盘
874,11:04:09,4.99,--,109,54391,卖盘
875,11:04:03,4.99,--,196,97804,卖盘
876,11:04:00,4.99,-0.01,11,5489,卖盘
877,11:03:57,5.0,0.01,1,500,买盘
878,11:03:36,4.99,-0.01,50,24950,卖盘
879,11:03:33,5.0,0.01,1,500,买盘
880,11:03:24,4.99,--,13,6487,卖盘
881,11:03:21,4.99,-0.01,10,4990,卖盘
882,11:03:12,5.0,0.01,24,12000,买盘
883,11:03:09,4.99,--,10,4990,卖盘
884,11:03:03,4.99,-0.01,11,5489,卖盘
885,11:03:00,5.0,0.01,3,1500,买盘
886,11:02:21,4.99,--,66,32934,买盘
887,11:02:15,4.99,--,2,998,买盘
888,11:02:12,4.99,--,100,49900,买盘
889,11:02:06,4.99,0.01,8,3992,买盘
890,11:02:03,4.98,-0.01,15,7470,卖盘
891,11:02:00,4.99,--,21,10479,买盘
892,11:01:51,4.99,--,16,7984,买盘
893,11:01:33,4.99,--,37,18463,卖盘
894,11:01:24,4.99,-0.01,2,998,卖盘
895,11:01:21,5.0,--,1,500,买盘
896,11:01:18,5.0,0.01,10,5000,买盘
897,11:01:15,4.99,--,28,13972,卖盘
898,11:00:39,4.99,--,5,2495,买盘
899,11:00:06,4.99,-0.01,198,98802,卖盘
900,11:00:03,5.0,--,43,21500,买盘
901,10:59:51,5.0,0.01,16,8000,买盘
902,10:59:36,4.99,--,30,14970,卖盘
903,10:59:30,4.99,-0.01,11,5489,卖盘
904,10:59:24,5.0,0.01,4,2000,买盘
905,10:58:48,4.99,--,4,1996,卖盘
906,10:58:30,4.99,-0.01,3,1497,卖盘
907,10:58:18,5.0,0.01,14,7000,买盘
908,10:58:03,4.99,-0.01,7,3493,卖盘
909,10:57:48,5.0,0.01,1,500,买盘
910,10:57:39,4.99,-0.01,11,5489,卖盘
911,10:57:21,5.0,0.01,2,1000,买盘
912,10:57:18,4.99,--,24,11976,买盘
913,10:57:12,4.99,-0.01,36,17964,卖盘
914,10:57:06,5.0,--,53,26500,买盘
915,10:57:03,5.0,0.01,10,5000,买盘
916,10:56:54,4.99,--,16,7984,买盘
917,10:56:42,4.99,--,10,4990,买盘
918,10:56:39,4.99,--,80,39920,买盘
919,10:56:33,4.99,--,10,4990,买盘
920,10:56:30,4.99,--,1,499,买盘
921,10:56:24,4.99,--,2,998,买盘
922,10:56:15,4.99,--,54,26946,买盘
923,10:56:03,4.99,0.01,18,8982,买盘
924,10:55:54,4.98,--,11,5478,卖盘
925,10:55:48,4.98,-0.01,29,14442,卖盘
926,10:55:45,4.99,0.01,2,998,买盘
927,10:55:15,4.98,--,2,996,卖盘
928,10:55:12,4.98,--,103,51294,买盘
929,10:55:03,4.98,--,10,4980,买盘
930,10:54:54,4.98,0.01,7,3486,买盘
931,10:54:51,4.97,-0.01,3,1491,卖盘
932,10:54:48,4.98,--,30,14940,买盘
933,10:54:45,4.98,--,10,4980,买盘
934,10:54:39,4.98,--,13,6474,买盘
935,10:54:36,4.98,--,103,51294,买盘
936,10:54:30,4.98,--,1,498,买盘
937,10:54:24,4.98,--,15,7470,买盘
938,10:54:06,4.98,0.01,24,11952,买盘
939,10:54:03,4.97,-0.01,11,5467,卖盘
940,10:53:54,4.98,0.01,10,4980,买盘
941,10:53:51,4.97,-0.01,60,29820,卖盘
942,10:53:33,4.98,--,1,498,买盘
943,10:53:30,4.98,--,93,46314,买盘
944,10:53:27,4.98,--,179,89142,买盘
945,10:53:18,4.98,0.01,1,498,买盘
946,10:53:12,4.97,-0.01,4,1988,卖盘
947,10:53:09,4.98,0.01,2,996,买盘
948,10:53:00,4.97,--,145,72065,卖盘
949,10:52:54,4.97,--,200,99400,卖盘
950,10:52:48,4.97,-0.01,8,3976,卖盘
951,10:52:45,4.98,0.01,5,2490,买盘
952,10:52:36,4.97,-0.01,125,62125,卖盘
953,10:52:33,4.98,--,48,23904,买盘
954,10:52:18,4.98,--,20,9960,买盘
955,10:52:09,4.98,0.01,10,4980,买盘
956,10:52:03,4.97,--,8,3976,卖盘
957,10:52:00,4.97,-0.01,148,73556,卖盘
958,10:51:57,4.98,--,45,22410,买盘
959,10:51:42,4.98,--,158,78684,卖盘
960,10:51:24,4.98,--,602,299796,卖盘
961,10:51:21,4.98,--,20,9960,卖盘
962,10:51:15,4.98,--,39,19422,卖盘
963,10:51:00,4.98,-0.01,30,14940,卖盘
964,10:50:51,4.99,--,2,998,买盘
965,10:50:39,4.99,--,10,4990,买盘
966,10:50:36,4.99,--,138,68862,卖盘
967,10:50:33,4.99,-0.01,11,5489,卖盘
968,10:50:27,5.0,0.01,8,4000,买盘
969,10:50:18,4.99,--,57,28443,卖盘
970,10:50:12,4.99,-0.01,260,129740,卖盘
971,10:50:00,5.0,--,1,500,买盘
972,10:49:51,5.0,--,80,40000,买盘
973,10:49:45,5.0,--,6,3000,买盘
974,10:49:39,5.0,--,12,6000,买盘
975,10:49:33,5.0,--,109,54500,买盘
976,10:49:24,5.0,--,6,3000,买盘
977,10:49:09,5.0,--,11,5500,买盘
978,10:49:06,5.0,--,51,25500,买盘
979,10:48:48,5.0,0.01,15,7500,买盘
980,10:48:39,4.99,--,11,5489,卖盘
981,10:48:30,4.99,--,70,34930,卖盘
982,10:48:27,4.99,--,356,177644,买盘
983,10:48:18,4.99,--,9,4491,买盘
984,10:48:15,4.99,0.01,50,24950,买盘
985,10:48:12,4.98,-0.01,60,29880,卖盘
986,10:48:09,4.99,--,20,9980,买盘
987,10:48:06,4.99,--,10,4990,买盘
988,10:48:03,4.99,--,2,998,买盘
989,10:47:54,4.99,--,100,49900,买盘
990,10:47:48,4.99,--,44,21956,买盘
991,10:47:42,4.99,--,21,10479,买盘
992,10:47:39,4.99,--,43,21457,买盘
993,10:47:36,4.99,--,5,2495,买盘
994,10:47:30,4.99,0.02,10,4990,买盘
995,10:47:06,4.97,-0.02,80,39760,卖盘
996,10:47:03,4.99,--,13,6487,卖盘
997,10:47:00,4.99,0.01,175,87574,买盘
998,10:46:57,4.98,--,19,9462,买盘
999,10:46:54,4.98,--,66,32868,买盘
1000,10:46:48,4.98,--,0,249,卖盘
1001,10:46:45,4.98,-0.01,80,39840,卖盘
1002,10:46:39,4.99,--,1,499,买盘
1003,10:46:36,4.99,--,2,998,买盘
1004,10:46:33,4.99,--,12,5988,买盘
1005,10:46:24,4.99,--,62,30938,卖盘
1006,10:46:21,4.99,--,22,10978,卖盘
1007,10:46:09,4.99,0.01,41,20459,买盘
1008,10:46:06,4.98,0.01,208,103833,买盘
1009,10:46:00,4.97,-0.01,10,4970,卖盘
1010,10:45:57,4.98,0.01,114,56772,买盘
1011,10:45:51,4.97,-0.01,260,129259,卖盘
1012,10:45:48,4.98,--,29,14442,买盘
1013,10:45:45,4.98,--,30,14940,买盘
1014,10:45:39,4.98,--,5,2490,买盘
1015,10:45:36,4.98,-0.01,262,130476,卖盘
1016,10:45:30,4.99,0.01,9,4491,买盘
1017,10:45:15,4.98,--,12,5976,买盘
1018,10:45:08,4.98,0.01,10,4980,买盘
1019,10:45:02,4.97,-0.01,11,5467,卖盘
1020,10:44:59,4.98,--,68,33864,买盘
1021,10:44:56,4.98,--,162,80676,买盘
1022,10:44:53,4.98,--,70,34860,买盘
1023,10:44:41,4.98,-0.01,99,49302,卖盘
1024,10:44:38,4.99,--,1,499,买盘
1025,10:44:32,4.99,--,5,2495,买盘
1026,10:44:29,4.99,0.01,1004,500996,买盘
1027,10:44:26,4.98,-0.01,19,9462,卖盘
1028,10:44:20,4.99,--,8,3992,买盘
1029,10:44:17,4.99,0.01,2,998,买盘
1030,10:44:14,4.98,--,3,1494,卖盘
1031,10:44:11,4.98,-0.01,104,51792,卖盘
1032,10:44:08,4.99,0.01,10,4990,买盘
1033,10:43:59,4.98,--,40,19920,卖盘
1034,10:43:47,4.98,-0.01,10,4980,卖盘
1035,10:43:44,4.99,--,3,1497,买盘
1036,10:43:41,4.99,-0.01,269,134231,卖盘
1037,10:43:35,5.0,0.01,5,2500,买盘
1038,10:43:32,4.99,-0.01,45,22455,卖盘
1039,10:43:26,5.0,--,31,15500,买盘
1040,10:43:20,5.0,-0.01,318,159390,卖盘
1041,10:43:14,5.01,0.01,20,10020,买盘
1042,10:43:11,5.0,--,500,250000,卖盘
1043,10:43:08,5.0,--,30,15000,卖盘
1044,10:43:05,5.0,--,5,2500,卖盘
1045,10:43:02,5.0,--,100,50000,卖盘
1046,10:42:59,5.0,-0.01,10,5000,卖盘
1047,10:42:56,5.01,--,4,2004,买盘
1048,10:42:47,5.01,--,10,5010,买盘
1049,10:42:41,5.01,0.01,6,3006,买盘
1050,10:42:35,5.0,-0.01,100,50000,卖盘
1051,10:42:29,5.01,--,1,501,买盘
1052,10:42:23,5.01,--,195,97695,卖盘
1053,10:42:17,5.01,--,47,23547,卖盘
1054,10:42:02,5.01,--,115,57615,卖盘
1055,10:41:26,5.01,-0.01,52,26052,卖盘
1056,10:41:08,5.02,0.01,10,5020,买盘
1057,10:41:02,5.01,-0.01,86,43086,卖盘
1058,10:40:53,5.02,--,6,3011,买盘
1059,10:40:41,5.02,--,1,501,买盘
1060,10:40:32,5.02,--,202,101403,买盘
1061,10:40:14,5.02,--,1,501,买盘
1062,10:40:08,5.02,--,20,10040,买盘
1063,10:40:02,5.02,--,106,53211,买盘
1064,10:39:56,5.02,--,1,501,买盘
1065,10:39:44,5.02,--,1,501,买盘
1066,10:39:41,5.02,--,19,9538,买盘
1067,10:39:38,5.02,--,18,9036,买盘
1068,10:39:32,5.02,0.01,1,501,买盘
1069,10:39:29,5.01,-0.01,12,6012,卖盘
1070,10:39:23,5.02,--,33,16566,买盘
1071,10:39:17,5.02,--,9,4518,买盘
1072,10:39:02,5.02,0.01,13,6525,买盘
1073,10:38:56,5.01,--,10,5010,卖盘
1074,10:38:53,5.01,--,100,50100,卖盘
1075,10:38:50,5.01,--,107,53607,买盘
1076,10:38:38,5.01,-0.01,12,6012,卖盘
1077,10:38:35,5.02,0.02,5,2510,买盘
1078,10:38:29,5.0,-0.01,100,50000,卖盘
1079,10:38:11,5.01,--,10,5010,卖盘
1080,10:38:08,5.01,0.01,0,110,买盘
1081,10:38:02,5.0,-0.01,110,55000,卖盘
1082,10:37:59,5.01,--,2,1002,买盘
1083,10:37:53,5.01,0.01,51,25551,买盘
1084,10:37:50,5.0,-0.01,609,304890,卖盘
1085,10:37:35,5.01,0.01,18,9128,买盘
1086,10:37:29,5.0,-0.01,100,50000,卖盘
1087,10:37:26,5.01,0.01,147,73647,买盘
1088,10:37:23,5.0,--,10,5000,卖盘
1089,10:37:17,5.0,-0.01,51,25500,卖盘
1090,10:37:14,5.01,--,24,12024,买盘
1091,10:37:02,5.01,--,128,64128,买盘
1092,10:36:59,5.01,-0.01,380,190770,卖盘
1093,10:36:56,5.02,0.01,15,7529,买盘
1094,10:36:47,5.01,-0.01,100,50100,卖盘
1095,10:36:41,5.02,--,5,2510,买盘
1096,10:36:38,5.02,0.01,10,5020,买盘
1097,10:36:35,5.01,--,100,50100,卖盘
1098,10:36:32,5.01,-0.02,1,501,卖盘
1099,10:36:20,5.03,0.02,3,1509,买盘
1100,10:36:17,5.01,-0.01,100,50100,卖盘
1101,10:36:11,5.02,--,20,10040,卖盘
1102,10:36:02,5.02,--,111,55721,卖盘
1103,10:35:53,5.02,--,150,75300,卖盘
1104,10:35:50,5.02,-0.01,100,50199,卖盘
1105,10:35:47,5.03,0.01,40,20120,买盘
1106,10:35:35,5.02,--,100,50199,卖盘
1107,10:35:23,5.02,-0.02,100,50199,卖盘
1108,10:35:08,5.04,0.01,110,55440,买盘
1109,10:34:59,5.03,-0.01,74,37222,卖盘
1110,10:34:47,5.04,0.03,1,504,买盘
1111,10:34:35,5.01,-0.03,1843,923838,卖盘
1112,10:34:17,5.04,--,53,26712,买盘
1113,10:34:14,5.04,--,19,9576,买盘
1114,10:34:08,5.04,0.01,5,2520,买盘
1115,10:34:02,5.03,-0.01,100,50300,卖盘
1116,10:33:59,5.04,--,10,5040,买盘
1117,10:33:47,5.04,--,204,102816,买盘
1118,10:33:44,5.04,--,15,7560,买盘
1119,10:33:38,5.04,--,28,14112,买盘
1120,10:33:35,5.04,--,3,1512,买盘
1121,10:33:29,5.04,-0.01,1456,734076,卖盘
1122,10:33:20,5.05,0.01,11,5555,买盘
1123,10:33:14,5.04,-0.01,5,2520,卖盘
1124,10:33:11,5.05,--,25,12625,买盘
1125,10:33:05,5.05,--,3,1515,买盘
1126,10:33:02,5.05,--,22,11110,买盘
1127,10:32:59,5.05,--,5,2525,买盘
1128,10:32:38,5.05,--,9,4545,买盘
1129,10:32:32,5.05,--,19,9595,买盘
1130,10:32:29,5.05,0.01,9,4545,买盘
1131,10:32:26,5.04,-0.01,12,6048,卖盘
1132,10:32:20,5.05,--,61,30805,买盘
1133,10:31:59,5.05,--,57,28785,买盘
1134,10:31:50,5.05,0.01,1,505,买盘
1135,10:31:44,5.04,-0.01,1,504,卖盘
1136,10:31:38,5.05,--,15,7575,买盘
1137,10:31:29,5.05,--,60,30300,卖盘
1138,10:31:26,5.05,-0.01,100,50500,卖盘
1139,10:31:23,5.06,--,10,5060,买盘
1140,10:31:17,5.06,0.01,4,2023,买盘
1141,10:31:02,5.05,-0.01,10,5050,卖盘
1142,10:30:59,5.06,--,6,3035,买盘
1143,10:30:50,5.06,0.01,18,9108,买盘
1144,10:30:41,5.05,-0.01,38,19190,卖盘
1145,10:30:32,5.06,--,18,9108,买盘
1146,10:30:29,5.06,-0.01,89,45034,卖盘
1147,10:30:26,5.07,0.01,774,392418,买盘
1148,10:30:11,5.06,--,147,74382,买盘
1149,10:30:05,5.06,--,61,30865,买盘
1150,10:29:50,5.06,0.01,100,50599,买盘
1151,10:29:35,5.05,-0.01,35,17675,卖盘
1152,10:29:32,5.06,--,4,2023,买盘
1153,10:29:23,5.06,--,19,9614,买盘
1154,10:29:11,5.06,--,28,14167,买盘
1155,10:29:02,5.06,0.01,30,15179,买盘
1156,10:28:53,5.05,-0.01,11,5555,卖盘
1157,10:28:38,5.06,--,80,40480,买盘
1158,10:28:35,5.06,--,6,3035,买盘
1159,10:28:29,5.06,0.01,678,343068,买盘
1160,10:28:26,5.05,-0.01,17,8585,卖盘
1161,10:28:11,5.06,--,10,5060,买盘
1162,10:28:05,5.06,--,184,93104,买盘
1163,10:28:02,5.06,--,9,4554,买盘
1164,10:27:44,5.06,--,9,4554,买盘
1165,10:27:35,5.06,0.01,25,12649,买盘
1166,10:27:32,5.05,-0.01,100,50500,卖盘
1167,10:27:29,5.06,--,32,16191,买盘
1168,10:27:20,5.06,--,50,25299,买盘
1169,10:27:14,5.06,0.01,41,20746,买盘
1170,10:27:02,5.05,-0.01,14,7070,卖盘
1171,10:26:56,5.06,0.01,8,4047,买盘
1172,10:26:26,5.05,-0.01,4,2020,卖盘
1173,10:26:23,5.06,--,10,5060,买盘
1174,10:26:20,5.06,0.01,6,3035,买盘
1175,10:26:17,5.05,--,6,3030,卖盘
1176,10:26:14,5.05,-0.01,2,1010,卖盘
1177,10:26:11,5.06,--,1,505,买盘
1178,10:26:02,5.06,--,50,25299,买盘
1179,10:25:50,5.06,0.01,4,2023,买盘
1180,10:25:44,5.05,--,10,5050,买盘
1181,10:25:41,5.05,0.01,7,3535,卖盘
1182,10:25:32,5.04,-0.02,4,2016,卖盘
1183,10:25:29,5.06,0.01,10,5060,买盘
1184,10:25:17,5.05,-0.01,11,5555,中性盘
1185,10:25:11,5.06,0.01,75,37950,买盘
1186,10:25:08,5.05,--,2,1010,买盘
1187,10:25:05,5.05,--,7,3535,买盘
1188,10:24:59,5.05,--,40,20200,买盘
1189,10:24:53,5.05,--,16,8080,买盘
1190,10:24:44,5.05,--,115,58075,买盘
1191,10:24:37,5.05,--,10,5050,买盘
1192,10:24:34,5.05,--,4,2020,买盘
1193,10:24:28,5.05,--,10,5050,买盘
1194,10:24:25,5.05,--,1,505,买盘
1195,10:24:22,5.05,--,10,5050,买盘
1196,10:24:10,5.05,--,14,7070,买盘
1197,10:24:07,5.05,--,1,505,买盘
1198,10:24:04,5.05,--,14,7070,买盘
1199,10:23:52,5.05,--,27,13635,买盘
1200,10:23:49,5.05,--,1,505,买盘
1201,10:23:40,5.05,--,21,10605,买盘
1202,10:23:37,5.05,--,153,77265,买盘
1203,10:23:28,5.05,0.01,98,49490,买盘
1204,10:23:25,5.04,--,11,5544,卖盘
1205,10:23:22,5.04,-0.01,1,504,卖盘
1206,10:23:19,5.05,--,5,2525,买盘
1207,10:22:58,5.05,--,6,3030,买盘
1208,10:22:52,5.05,0.01,29,14645,买盘
1209,10:22:46,5.04,-0.01,53,26712,卖盘
1210,10:22:31,5.05,0.01,50,25250,买盘
1211,10:22:25,5.04,--,2,1008,卖盘
1212,10:22:22,5.04,--,70,35280,卖盘
1213,10:22:07,5.04,--,160,80640,卖盘
1214,10:21:58,5.04,--,5,2520,卖盘
1215,10:21:43,5.04,--,674,339696,卖盘
1216,10:21:40,5.04,-0.01,11,5544,卖盘
1217,10:21:28,5.05,--,10,5050,买盘
1218,10:21:25,5.05,0.01,6,3030,买盘
1219,10:21:19,5.04,-0.01,28,14112,卖盘
1220,10:21:16,5.05,--,20,10100,买盘
1221,10:21:01,5.05,--,56,28280,卖盘
1222,10:20:58,5.05,--,10,5050,卖盘
1223,10:20:55,5.05,--,100,50500,卖盘
1224,10:20:46,5.05,-0.01,111,56055,卖盘
1225,10:20:43,5.06,--,2,1011,买盘
1226,10:20:40,5.06,--,14,7083,买盘
1227,10:20:37,5.06,--,329,166474,买盘
1228,10:20:34,5.06,--,10,5060,买盘
1229,10:20:25,5.06,0.01,1,505,买盘
1230,10:20:19,5.05,-0.01,24,12120,卖盘
1231,10:20:16,5.06,--,1,505,买盘
1232,10:20:07,5.06,--,10,5060,买盘
1233,10:20:01,5.06,0.01,5,2530,买盘
1234,10:19:58,5.05,--,14,7070,卖盘
1235,10:19:55,5.05,-0.01,10,5050,卖盘
1236,10:19:52,5.06,0.01,35,17710,买盘
1237,10:19:49,5.05,--,11,5555,卖盘
1238,10:19:46,5.05,--,94,47470,卖盘
1239,10:19:40,5.05,--,20,10100,卖盘
1240,10:19:34,5.05,-0.01,1,505,卖盘
1241,10:19:19,5.06,0.01,4,2023,买盘
1242,10:19:10,5.05,--,5,2525,卖盘
1243,10:19:07,5.05,-0.01,100,50500,卖盘
1244,10:18:55,5.06,--,101,51105,买盘
1245,10:18:49,5.06,0.01,9,4554,买盘
1246,10:18:46,5.05,-0.01,113,57065,卖盘
1247,10:18:43,5.06,--,1,505,买盘
1248,10:18:31,5.06,--,6,3035,买盘
1249,10:18:28,5.06,--,146,73876,买盘
1250,10:18:22,5.06,--,91,46046,买盘
1251,10:18:13,5.06,--,27,13661,买盘
1252,10:18:10,5.06,0.01,10,5060,买盘
1253,10:18:01,5.05,-0.01,11,5555,卖盘
1254,10:17:55,5.06,--,5,2530,买盘
1255,10:17:49,5.06,--,20,10120,买盘
1256,10:17:46,5.06,0.01,9,4554,买盘
1257,10:17:43,5.05,-0.01,3,1515,卖盘
1258,10:17:34,5.06,--,5,2530,买盘
1259,10:17:28,5.06,0.02,25,12649,买盘
1260,10:17:25,5.04,-0.01,521,262584,卖盘
1261,10:17:10,5.05,--,262,132310,买盘
1262,10:17:01,5.05,--,3,1515,买盘
1263,10:16:37,5.05,-0.01,2496,1260480,卖盘
1264,10:16:25,5.06,--,2,1011,买盘
1265,10:16:16,5.06,--,13,6577,买盘
1266,10:16:10,5.06,0.01,10,5060,买盘
1267,10:16:04,5.05,-0.01,8,4040,卖盘
1268,10:16:01,5.06,--,17,8602,买盘
1269,10:15:40,5.06,-0.01,459,232253,卖盘
1270,10:15:37,5.07,--,87,44109,买盘
1271,10:15:31,5.07,--,15,7605,买盘
1272,10:15:25,5.07,--,20,10140,买盘
1273,10:15:19,5.07,0.01,17,8619,买盘
1274,10:15:16,5.06,--,40,20240,卖盘
1275,10:15:04,5.06,-0.01,11,5566,卖盘
1276,10:14:58,5.07,--,10,5070,买盘
1277,10:14:52,5.07,--,10,5070,买盘
1278,10:14:49,5.07,--,30,15210,买盘
1279,10:14:46,5.07,0.01,11,5577,买盘
1280,10:14:43,5.06,-0.01,3,1517,中性盘
1281,10:14:34,5.07,0.01,43,21801,买盘
1282,10:14:28,5.06,--,31,16151,卖盘
1283,10:14:25,5.06,-0.01,11,5566,卖盘
1284,10:14:16,5.07,0.01,1,507,买盘
1285,10:14:13,5.06,--,15,7589,卖盘
1286,10:14:10,5.06,--,53,26858,买盘
1287,10:14:04,5.06,--,91,46511,卖盘
1288,10:13:58,5.06,--,18,9148,卖盘
1289,10:13:55,5.06,-0.01,145,73370,卖盘
1290,10:13:49,5.07,0.01,21,10647,买盘
1291,10:13:46,5.06,-0.01,2,1011,卖盘
1292,10:13:43,5.07,--,46,23322,买盘
1293,10:13:37,5.07,--,93,47151,买盘
1294,10:13:19,5.07,--,32,16224,买盘
1295,10:13:16,5.07,-0.01,50,25350,买盘
1296,10:13:13,5.08,--,80,40640,买盘
1297,10:13:04,5.08,--,301,152908,买盘
1298,10:13:01,5.08,--,4,2032,买盘
1299,10:12:58,5.08,--,54,27432,买盘
1300,10:12:55,5.08,--,15,7620,买盘
1301,10:12:46,5.08,0.01,12,6096,买盘
1302,10:12:40,5.07,--,11,5577,卖盘
1303,10:12:34,5.07,0.01,1920,973774,买盘
1304,10:12:28,5.06,0.01,1580,799479,买盘
1305,10:12:19,5.05,--,435,219826,买盘
1306,10:12:10,5.05,--,49,24745,买盘
1307,10:12:07,5.05,--,5,2525,买盘
1308,10:12:01,5.05,--,11,5555,买盘
1309,10:11:58,5.05,--,2,1010,买盘
1310,10:11:49,5.05,--,383,193415,买盘
1311,10:11:46,5.05,--,6,3030,买盘
1312,10:11:43,5.05,--,1,505,买盘
1313,10:11:28,5.05,0.01,24,12120,买盘
1314,10:11:25,5.04,-0.01,10,5040,卖盘
1315,10:11:22,5.05,--,2,1010,买盘
1316,10:11:19,5.05,--,7,3535,买盘
1317,10:11:07,5.05,0.01,1,505,买盘
1318,10:10:49,5.04,-0.01,29,14616,卖盘
1319,10:10:40,5.05,--,89,44945,买盘
1320,10:10:31,5.05,--,12,6060,买盘
1321,10:10:25,5.05,0.01,75,37875,买盘
1322,10:10:22,5.04,-0.01,27,13608,卖盘
1323,10:10:13,5.05,--,102,51510,买盘
1324,10:10:10,5.05,--,2,1010,买盘
1325,10:09:55,5.05,--,4,2020,买盘
1326,10:09:52,5.05,0.01,14,7070,买盘
1327,10:09:46,5.04,-0.01,20,10332,卖盘
1328,10:09:43,5.05,--,17,8585,买盘
1329,10:09:40,5.05,--,5,2525,买盘
1330,10:09:37,5.05,--,25,12625,买盘
1331,10:09:34,5.05,0.01,2,1010,买盘
1332,10:09:31,5.04,-0.01,153,77112,卖盘
1333,10:09:25,5.05,--,3,1515,买盘
1334,10:09:22,5.05,--,4,2020,买盘
1335,10:09:19,5.05,--,2,1010,买盘
1336,10:09:16,5.05,--,28,14140,买盘
1337,10:09:07,5.05,0.01,5,2525,买盘
1338,10:09:04,5.04,-0.01,11,5544,卖盘
1339,10:08:58,5.05,--,5,2525,买盘
1340,10:08:52,5.05,0.01,42,21210,买盘
1341,10:08:46,5.04,-0.01,1,504,卖盘
1342,10:08:40,5.05,--,101,51005,买盘
1343,10:08:34,5.05,--,87,43935,买盘
1344,10:08:28,5.05,--,15,7575,买盘
1345,10:08:16,5.05,0.01,10,5050,买盘
1346,10:08:13,5.04,-0.01,29,14616,卖盘
1347,10:08:07,5.05,--,275,139127,卖盘
1348,10:08:01,5.05,--,100,50500,卖盘
1349,10:07:58,5.05,--,3,1515,卖盘
1350,10:07:55,5.05,-0.01,1500,757500,卖盘
1351,10:07:52,5.06,0.01,9,4554,买盘
1352,10:07:49,5.05,-0.01,5,2525,卖盘
1353,10:07:46,5.06,0.01,8,4047,买盘
1354,10:07:40,5.05,-0.01,70,35350,卖盘
1355,10:07:34,5.06,0.01,4,2023,买盘
1356,10:07:28,5.05,-0.01,314,158570,卖盘
1357,10:07:25,5.06,--,15,7589,买盘
1358,10:07:22,5.06,0.01,10,5060,买盘
1359,10:07:16,5.05,--,21,10605,卖盘
1360,10:07:10,5.05,-0.01,478,241395,卖盘
1361,10:07:07,5.06,--,3,1517,买盘
1362,10:06:58,5.06,--,24,12143,买盘
1363,10:06:55,5.06,--,1,505,买盘
1364,10:06:49,5.06,--,4,2023,买盘
1365,10:06:46,5.06,--,2,1011,买盘
1366,10:06:43,5.06,--,25,12649,买盘
1367,10:06:40,5.06,--,18,9108,买盘
1368,10:06:34,5.06,--,49,24793,买盘
1369,10:06:28,5.06,0.01,23,11638,买盘
1370,10:06:25,5.05,-0.01,1,505,卖盘
1371,10:06:19,5.06,--,7,3541,买盘
1372,10:06:16,5.06,--,100,50599,买盘
1373,10:06:13,5.06,--,24,12143,买盘
1374,10:06:10,5.06,--,15,7589,买盘
1375,10:06:07,5.06,0.01,6,3035,买盘
1376,10:06:04,5.05,-0.01,35,17675,卖盘
1377,10:06:01,5.06,--,5,2530,买盘
1378,10:05:58,5.06,--,33,16698,买盘
1379,10:05:55,5.06,--,18,9108,买盘
1380,10:05:52,5.06,0.01,7,3541,买盘
1381,10:05:46,5.05,-0.01,3,1515,卖盘
1382,10:05:43,5.06,--,2,1011,买盘
1383,10:05:40,5.06,--,13,6577,买盘
1384,10:05:37,5.06,--,1,505,买盘
1385,10:05:34,5.06,--,3,1517,买盘
1386,10:05:31,5.06,0.01,100,50599,买盘
1387,10:05:25,5.05,-0.01,14,7070,卖盘
1388,10:05:22,5.06,--,59,29853,买盘
1389,10:05:19,5.06,--,10,5060,买盘
1390,10:05:16,5.06,--,4,2023,买盘
1391,10:05:13,5.06,0.01,2,1011,买盘
1392,10:05:10,5.05,-0.01,5,2525,卖盘
1393,10:05:07,5.06,--,2,1011,买盘
1394,10:05:04,5.06,0.01,1,505,买盘
1395,10:04:58,5.05,--,14,7070,卖盘
1396,10:04:55,5.05,-0.01,50,25250,卖盘
1397,10:04:46,5.06,--,5,2530,买盘
1398,10:04:37,5.06,0.01,39,19734,买盘
1399,10:04:28,5.05,-0.01,11,5555,卖盘
1400,10:04:21,5.06,--,41,20746,买盘
1401,10:04:15,5.06,--,21,10626,买盘
1402,10:04:12,5.06,--,20,10120,买盘
1403,10:04:09,5.06,--,10,5060,买盘
1404,10:04:06,5.06,--,500,252999,买盘
1405,10:04:03,5.06,--,1,505,买盘
1406,10:04:00,5.06,0.01,10,5060,买盘
1407,10:03:57,5.05,-0.01,105,53025,卖盘
1408,10:03:54,5.06,--,15,7589,买盘
1409,10:03:51,5.06,--,2,1011,买盘
1410,10:03:45,5.06,0.01,125,63249,买盘
1411,10:03:39,5.05,-0.01,11,5555,卖盘
1412,10:03:36,5.06,--,4,2023,买盘
1413,10:03:30,5.06,--,24,12143,买盘
1414,10:03:27,5.06,--,215,108789,买盘
1415,10:03:18,5.06,0.01,2,1011,买盘
1416,10:03:12,5.05,-0.01,3,1515,卖盘
1417,10:03:00,5.06,0.01,20,10120,买盘
1418,10:02:54,5.05,-0.01,31,15655,卖盘
1419,10:02:48,5.06,--,139,70334,买盘
1420,10:02:45,5.06,--,35,17710,买盘
1421,10:02:39,5.06,--,40,20240,买盘
1422,10:02:36,5.06,--,28,14167,买盘
1423,10:02:30,5.06,--,20,10120,买盘
1424,10:02:27,5.06,--,101,51105,买盘
1425,10:02:21,5.06,--,5,2530,买盘
1426,10:02:15,5.06,0.01,14,7083,买盘
1427,10:02:12,5.05,--,30,15150,卖盘
1428,10:02:00,5.05,--,133,67412,买盘
1429,10:01:57,5.05,--,55,27775,买盘
1430,10:01:54,5.05,0.01,1,505,买盘
1431,10:01:48,5.04,-0.01,25,12600,卖盘
1432,10:01:45,5.05,--,13,6565,买盘
1433,10:01:39,5.05,--,20,10100,买盘
1434,10:01:36,5.05,--,20,10100,买盘
1435,10:01:33,5.05,--,16,8080,买盘
1436,10:01:30,5.05,--,564,284820,买盘
1437,10:01:24,5.05,0.01,14,7070,买盘
1438,10:01:21,5.04,-0.01,1,504,卖盘
1439,10:01:18,5.05,--,156,78780,买盘
1440,10:01:15,5.05,--,36,18180,买盘
1441,10:01:12,5.05,--,10,5050,买盘
1442,10:01:06,5.05,0.01,10,5050,买盘
1443,10:01:03,5.04,--,31,15624,卖盘
1444,10:00:57,5.04,-0.01,10,5040,卖盘
1445,10:00:51,5.05,0.02,20,10100,买盘
1446,10:00:42,5.03,-0.01,94,47282,卖盘
1447,10:00:36,5.04,--,12,6048,买盘
1448,10:00:33,5.04,--,1,504,买盘
1449,10:00:30,5.04,--,13,6552,买盘
1450,10:00:24,5.04,-0.01,73,37049,卖盘
1451,10:00:21,5.05,--,30,15150,买盘
1452,10:00:18,5.05,--,14,7070,买盘
1453,10:00:15,5.05,0.01,638,322437,买盘
1454,10:00:09,5.04,--,57,28728,买盘
1455,10:00:06,5.04,0.01,4,2016,买盘
1456,10:00:03,5.03,-0.01,46,23138,卖盘
1457,10:00:00,5.04,--,56,28224,买盘
1458,09:59:54,5.04,--,15,7560,买盘
1459,09:59:51,5.04,--,2,1008,买盘
1460,09:59:48,5.04,0.01,26,13104,买盘
1461,09:59:45,5.03,--,80,40240,买盘
1462,09:59:39,5.03,--,40,20120,买盘
1463,09:59:36,5.03,0.01,60,30180,买盘
1464,09:59:33,5.02,-0.01,213,106925,卖盘
1465,09:59:27,5.03,--,5,2515,买盘
1466,09:59:24,5.03,0.01,27,13581,买盘
1467,09:59:18,5.02,-0.01,40,20080,卖盘
1468,09:59:15,5.03,0.01,20,10060,买盘
1469,09:59:12,5.02,--,202,101403,卖盘
1470,09:59:09,5.02,--,200,100399,卖盘
1471,09:59:03,5.02,-0.01,169,84838,卖盘
1472,09:59:00,5.03,--,177,89031,买盘
1473,09:58:57,5.03,--,102,51306,卖盘
1474,09:58:51,5.03,--,52,26271,买盘
1475,09:58:48,5.03,--,14,7042,买盘
1476,09:58:45,5.03,0.01,204,102612,买盘
1477,09:58:39,5.02,-0.01,30,15059,卖盘
1478,09:58:33,5.03,--,12,6036,买盘
1479,09:58:30,5.03,--,260,130780,买盘
1480,09:58:24,5.03,-0.01,90,45657,卖盘
1481,09:58:21,5.04,0.01,81,40824,买盘
1482,09:58:18,5.03,-0.01,20,10060,卖盘
1483,09:58:15,5.04,--,17,8568,买盘
1484,09:58:12,5.04,--,49,24696,买盘
1485,09:58:09,5.04,0.01,14,7056,中性盘
1486,09:58:06,5.03,-0.01,68,34319,卖盘
1487,09:58:03,5.04,--,81,41212,卖盘
1488,09:57:57,5.04,0.01,58,29347,买盘
1489,09:57:51,5.03,-0.01,56,28168,中性盘
1490,09:57:48,5.04,0.01,220,110880,买盘
1491,09:57:45,5.03,--,66,33198,买盘
1492,09:57:42,5.03,--,26,13078,买盘
1493,09:57:39,5.03,--,4,2012,买盘
1494,09:57:36,5.03,--,732,368583,卖盘
1495,09:57:33,5.03,-0.01,127,63881,卖盘
1496,09:57:24,5.04,--,3,1512,买盘
1497,09:57:21,5.04,0.01,142,71568,买盘
1498,09:57:12,5.03,-0.01,219,110157,卖盘
1499,09:57:09,5.04,--,106,53424,卖盘
1500,09:57:03,5.04,0.01,119,59976,买盘
1501,09:56:54,5.03,-0.01,6,3133,卖盘
1502,09:56:51,5.04,-0.01,12,6048,中性盘
1503,09:56:45,5.05,--,15,7575,买盘
1504,09:56:42,5.05,0.01,271,136855,买盘
1505,09:56:39,5.04,--,5,2520,买盘
1506,09:56:36,5.04,-0.01,768,387072,卖盘
1507,09:56:33,5.05,--,1,505,买盘
1508,09:56:27,5.05,--,1,505,买盘
1509,09:56:24,5.05,--,10,5050,买盘
1510,09:56:15,5.05,-0.01,17,8585,卖盘
1511,09:56:12,5.06,0.01,100,50599,买盘
1512,09:56:09,5.05,-0.01,175,88375,卖盘
1513,09:56:06,5.06,--,4,2023,买盘
1514,09:56:03,5.06,--,258,130547,买盘
1515,09:55:54,5.06,--,34,17204,买盘
1516,09:55:51,5.06,0.01,9,4554,买盘
1517,09:55:48,5.05,--,106,53530,买盘
1518,09:55:42,5.05,--,308,155540,卖盘
1519,09:55:39,5.05,-0.01,325,164125,卖盘
1520,09:55:36,5.06,--,10,5060,买盘
1521,09:55:24,5.06,0.01,50,25299,买盘
1522,09:55:18,5.05,-0.01,10,5050,中性盘
1523,09:55:12,5.06,0.01,29,14673,买盘
1524,09:55:06,5.05,--,31,15655,买盘
1525,09:55:03,5.05,--,15,7575,买盘
1526,09:55:00,5.05,--,5,2525,买盘
1527,09:54:57,5.05,-0.01,577,291385,卖盘
1528,09:54:54,5.06,--,40,20240,买盘
1529,09:54:45,5.06,0.01,69,34914,买盘
1530,09:54:39,5.05,-0.01,80,40400,卖盘
1531,09:54:33,5.06,--,15,7589,买盘
1532,09:54:30,5.06,--,229,115873,买盘
1533,09:54:27,5.06,--,63,31877,买盘
1534,09:54:24,5.06,--,10,5060,买盘
1535,09:54:21,5.06,--,19,9614,买盘
1536,09:54:18,5.06,--,512,259071,买盘
1537,09:54:15,5.06,0.01,153,77418,买盘
1538,09:54:12,5.05,-0.01,92,46460,卖盘
1539,09:54:09,5.06,--,38,19228,买盘
1540,09:54:06,5.06,0.01,5,2530,买盘
1541,09:54:00,5.05,-0.01,78,39390,卖盘
1542,09:53:57,5.06,0.01,16,8095,买盘
1543,09:53:54,5.05,-0.01,20,10100,卖盘
1544,09:53:51,5.06,0.01,22,11132,买盘
1545,09:53:48,5.05,--,3,1515,买盘
1546,09:53:45,5.05,--,2,1010,买盘
1547,09:53:42,5.05,-0.01,223,112615,卖盘
1548,09:53:39,5.06,--,15,7589,买盘
1549,09:53:33,5.06,--,31,15685,买盘
1550,09:53:30,5.06,--,11,5566,买盘
1551,09:53:27,5.06,--,37,18722,买盘
1552,09:53:24,5.06,0.01,58,29347,买盘
1553,09:53:21,5.05,-0.01,309,156045,卖盘
1554,09:53:18,5.06,--,80,40480,买盘
1555,09:53:15,5.06,0.01,20,10120,买盘
1556,09:53:12,5.05,--,31,15655,买盘
1557,09:53:09,5.05,--,12,6060,买盘
1558,09:53:06,5.05,--,28,14140,买盘
1559,09:53:03,5.05,--,69,34845,买盘
1560,09:53:00,5.05,--,286,144430,买盘
1561,09:52:57,5.05,--,1,505,买盘
1562,09:52:51,5.05,--,37,18685,买盘
1563,09:52:48,5.05,--,11,5555,买盘
1564,09:52:45,5.05,--,300,151500,买盘
1565,09:52:33,5.05,--,363,183315,卖盘
1566,09:52:30,5.05,-0.01,20,10100,卖盘
1567,09:52:27,5.06,0.01,90,45540,买盘
1568,09:52:21,5.05,--,227,114635,卖盘
1569,09:52:15,5.05,--,310,156550,卖盘
1570,09:52:09,5.05,-0.01,10,5050,卖盘
1571,09:52:09,5.06,--,23,11638,买盘
1572,09:52:03,5.06,--,416,210495,买盘
1573,09:52:00,5.06,--,49,24793,买盘
1574,09:51:48,5.06,-0.01,491,248445,卖盘
1575,09:51:42,5.07,--,108,54756,买盘
1576,09:51:36,5.07,0.01,40,20280,买盘
1577,09:51:33,5.06,-0.01,51,25805,卖盘
1578,09:51:27,5.07,0.01,1,507,买盘
1579,09:51:24,5.06,-0.01,20,10120,卖盘
1580,09:51:21,5.07,--,1,507,买盘
1581,09:51:18,5.07,0.01,5,2535,买盘
1582,09:51:15,5.06,-0.01,50,25299,卖盘
1583,09:51:06,5.07,--,7,3549,买盘
1584,09:51:03,5.07,--,15,7605,买盘
1585,09:51:00,5.07,--,54,27378,买盘
1586,09:50:57,5.07,--,5,2535,买盘
1587,09:50:54,5.07,-0.01,36,18252,卖盘
1588,09:50:51,5.08,0.01,293,148844,买盘
1589,09:50:48,5.07,-0.01,134,67938,卖盘
1590,09:50:45,5.08,0.01,26,13208,买盘
1591,09:50:42,5.07,-0.01,30,15210,卖盘
1592,09:50:39,5.08,--,28,14224,买盘
1593,09:50:33,5.08,--,64,32512,买盘
1594,09:50:27,5.08,0.01,83,42164,买盘
1595,09:50:24,5.07,-0.01,16,8112,卖盘
1596,09:50:21,5.08,0.01,10,5080,买盘
1597,09:50:18,5.07,-0.01,43,21801,卖盘
1598,09:50:15,5.08,--,4,2032,买盘
1599,09:50:12,5.08,--,225,114300,买盘
1600,09:50:09,5.08,0.01,80,40640,买盘
1601,09:50:03,5.07,--,55,27885,卖盘
1602,09:50:00,5.07,-0.01,50,25350,卖盘
1603,09:49:57,5.08,0.01,50,25400,买盘
1604,09:49:54,5.07,-0.01,143,72501,卖盘
1605,09:49:51,5.08,0.01,32,16256,买盘
1606,09:49:48,5.07,--,169,85683,卖盘
1607,09:49:45,5.07,-0.01,21,10647,卖盘
1608,09:49:42,5.08,--,42,21336,买盘
1609,09:49:39,5.08,0.01,20,10160,买盘
1610,09:49:36,5.07,-0.01,87,44109,卖盘
1611,09:49:33,5.08,--,91,46228,买盘
1612,09:49:27,5.08,0.01,1,508,买盘
1613,09:49:24,5.07,--,11,5577,卖盘
1614,09:49:21,5.07,-0.02,223,113061,卖盘
1615,09:49:18,5.09,0.01,112,57008,买盘
1616,09:49:15,5.08,--,59,29972,买盘
1617,09:49:12,5.08,-0.01,19,9652,卖盘
1618,09:49:09,5.09,0.01,940,478460,买盘
1619,09:49:06,5.08,-0.01,29,14732,卖盘
1620,09:49:03,5.09,0.01,42,21378,买盘
1621,09:48:54,5.08,-0.01,50,25400,卖盘
1622,09:48:54,5.09,--,23,11707,买盘
1623,09:48:48,5.09,0.01,1662,845958,买盘
1624,09:48:45,5.08,-0.01,354,179832,卖盘
1625,09:48:42,5.09,--,245,124705,买盘
1626,09:48:36,5.09,--,812,413308,买盘
1627,09:48:30,5.09,--,123,62607,买盘
1628,09:48:27,5.09,--,515,262135,买盘
1629,09:48:18,5.09,--,122,62098,买盘
1630,09:48:15,5.09,--,1,509,买盘
1631,09:48:12,5.09,-0.01,599,305394,卖盘
1632,09:48:09,5.1,--,190,96900,买盘
1633,09:48:06,5.1,--,151,77010,买盘
1634,09:48:03,5.1,--,155,79050,买盘
1635,09:48:00,5.1,--,433,220829,买盘
1636,09:47:57,5.1,--,279,142290,买盘
1637,09:47:54,5.1,0.01,11,5615,买盘
1638,09:47:51,5.09,--,192,97728,卖盘
1639,09:47:48,5.09,-0.01,64,32576,卖盘
1640,09:47:45,5.1,--,97,49470,买盘
1641,09:47:42,5.1,--,35,17850,买盘
1642,09:47:39,5.1,0.01,23,11730,买盘
1643,09:47:36,5.09,--,715,363935,买盘
1644,09:47:33,5.09,--,63,32067,买盘
1645,09:47:30,5.09,0.01,565,287585,买盘
1646,09:47:24,5.08,-0.01,10,5080,卖盘
1647,09:47:21,5.09,--,106,53954,买盘
1648,09:47:18,5.09,0.01,180,91620,买盘
1649,09:47:15,5.08,--,688,349504,卖盘
1650,09:47:09,5.08,--,254,129032,卖盘
1651,09:47:06,5.08,-0.01,1,508,中性盘
1652,09:47:00,5.09,0.02,140,71260,买盘
1653,09:46:54,5.07,-0.01,760,385320,卖盘
1654,09:46:51,5.08,--,52,26416,买盘
1655,09:46:48,5.08,0.01,28,14224,买盘
1656,09:46:45,5.07,-0.01,334,169338,卖盘
1657,09:46:42,5.08,--,2,1016,卖盘
1658,09:46:39,5.08,--,1082,549656,买盘
1659,09:46:36,5.08,--,90,45720,买盘
1660,09:46:33,5.08,--,26,13208,买盘
1661,09:46:24,5.08,0.01,75,38100,买盘
1662,09:46:18,5.07,--,61,30927,卖盘
1663,09:46:15,5.07,--,506,256542,买盘
1664,09:46:12,5.07,0.01,264,133848,买盘
1665,09:46:09,5.06,--,10,5060,买盘
1666,09:46:06,5.06,--,20,10120,买盘
1667,09:46:00,5.06,--,124,62743,买盘
1668,09:45:57,5.06,--,91,46046,买盘
1669,09:45:54,5.06,--,10,5060,买盘
1670,09:45:51,5.06,-0.01,478,241867,卖盘
1671,09:45:45,5.07,0.01,175,88725,买盘
1672,09:45:42,5.06,--,32,16191,卖盘
1673,09:45:36,5.06,0.01,706,357236,买盘
1674,09:45:33,5.05,--,55,27775,卖盘
1675,09:45:30,5.05,-0.01,91,45955,卖盘
1676,09:45:15,5.06,0.01,46,23276,买盘
1677,09:45:12,5.05,-0.01,41,20705,卖盘
1678,09:45:09,5.06,--,18,9108,买盘
1679,09:45:03,5.06,--,8,4047,买盘
1680,09:45:00,5.06,--,150,75900,买盘
1681,09:44:57,5.06,0.01,154,77924,买盘
1682,09:44:51,5.05,-0.01,273,137865,卖盘
1683,09:44:45,5.06,--,112,56671,买盘
1684,09:44:42,5.06,--,120,60719,买盘
1685,09:44:39,5.06,--,14,7083,买盘
1686,09:44:36,5.06,--,20,10120,买盘
1687,09:44:33,5.06,--,3,1517,买盘
1688,09:44:30,5.06,--,85,43010,卖盘
1689,09:44:27,5.06,--,302,152812,买盘
1690,09:44:24,5.06,--,4,2023,买盘
1691,09:44:20,5.06,0.01,4,2023,买盘
1692,09:44:14,5.05,-0.01,78,39390,卖盘
1693,09:44:11,5.06,0.01,173,87538,买盘
1694,09:44:08,5.05,-0.01,60,30300,卖盘
1695,09:43:59,5.06,--,100,50599,买盘
1696,09:43:56,5.06,--,32,16191,买盘
1697,09:43:53,5.06,--,10,5060,买盘
1698,09:43:50,5.06,--,23,11638,买盘
1699,09:43:47,5.06,--,72,36432,买盘
1700,09:43:41,5.06,--,15,7589,买盘
1701,09:43:38,5.06,-0.01,53,26817,卖盘
1702,09:43:35,5.07,0.01,95,48165,买盘
1703,09:43:32,5.06,--,41,20746,买盘
1704,09:43:29,5.06,--,69,34914,卖盘
1705,09:43:26,5.06,--,524,265144,卖盘
1706,09:43:20,5.06,-0.01,75,37950,卖盘
1707,09:43:17,5.07,--,1,507,买盘
1708,09:43:14,5.07,0.01,137,69459,买盘
1709,09:43:11,5.06,-0.01,21,10626,卖盘
1710,09:43:08,5.07,--,176,89232,买盘
1711,09:43:02,5.07,--,120,60840,买盘
1712,09:42:59,5.07,--,10,5070,买盘
1713,09:42:56,5.07,0.01,6,3042,买盘
1714,09:42:53,5.06,-0.01,264,133584,卖盘
1715,09:42:50,5.07,--,40,20280,买盘
1716,09:42:47,5.07,0.01,29,14703,买盘
1717,09:42:44,5.06,-0.01,573,289938,卖盘
1718,09:42:41,5.07,--,141,71487,买盘
1719,09:42:35,5.07,--,109,55263,买盘
1720,09:42:32,5.07,--,120,60840,买盘
1721,09:42:29,5.07,--,54,27378,买盘
1722,09:42:26,5.07,--,363,184041,买盘
1723,09:42:20,5.07,--,256,129792,卖盘
1724,09:42:17,5.07,--,209,105963,买盘
1725,09:42:14,5.07,--,39,19773,买盘
1726,09:42:11,5.07,-0.01,132,66924,卖盘
1727,09:42:08,5.08,0.01,409,207772,买盘
1728,09:42:05,5.07,--,404,204828,买盘
1729,09:42:02,5.07,--,202,102414,买盘
1730,09:41:59,5.07,--,66,33462,买盘
1731,09:41:56,5.07,--,275,139425,买盘
1732,09:41:53,5.07,--,126,63882,买盘
1733,09:41:50,5.07,--,583,295581,买盘
1734,09:41:47,5.07,--,446,226122,买盘
1735,09:41:44,5.07,-0.01,1212,614484,卖盘
1736,09:41:41,5.08,--,150,76200,买盘
1737,09:41:38,5.08,--,61,30988,买盘
1738,09:41:35,5.08,0.01,125,63500,买盘
1739,09:41:32,5.07,-0.01,25,12675,卖盘
1740,09:41:26,5.08,--,326,165608,买盘
1741,09:41:23,5.08,0.02,299,151892,买盘
1742,09:41:17,5.06,-0.01,1870,946219,卖盘
1743,09:41:14,5.07,--,459,232713,买盘
1744,09:41:11,5.07,--,474,240318,买盘
1745,09:41:08,5.07,--,77,39039,买盘
1746,09:41:05,5.07,--,102,51714,买盘
1747,09:41:02,5.07,--,99,50193,买盘
1748,09:40:59,5.07,0.01,18,9126,买盘
1749,09:40:53,5.06,--,30,15179,卖盘
1750,09:40:50,5.06,0.01,630,319113,买盘
1751,09:40:47,5.05,-0.01,694,350470,卖盘
1752,09:40:44,5.06,--,101,51105,买盘
1753,09:40:41,5.06,0.01,1,505,买盘
1754,09:40:38,5.05,-0.01,1062,536310,卖盘
1755,09:40:35,5.06,0.01,24,12143,买盘
1756,09:40:32,5.05,--,22,11110,卖盘
1757,09:40:29,5.05,--,1149,580245,买盘
1758,09:40:26,5.05,--,300,151500,买盘
1759,09:40:23,5.05,0.01,129,65145,买盘
1760,09:40:17,5.04,-0.01,23,11592,卖盘
1761,09:40:14,5.05,--,5,2525,买盘
1762,09:40:11,5.05,--,162,81810,买盘
1763,09:40:08,5.05,--,311,157055,买盘
1764,09:40:05,5.05,--,37,18685,买盘
1765,09:40:02,5.05,0.02,127,64135,买盘
1766,09:39:59,5.03,-0.01,1564,786692,卖盘
1767,09:39:56,5.04,-0.01,3,1512,卖盘
1768,09:39:53,5.05,0.01,66,33330,买盘
1769,09:39:50,5.04,--,33,16632,卖盘
1770,09:39:47,5.04,--,8,4032,卖盘
1771,09:39:41,5.04,--,21,10584,卖盘
1772,09:39:38,5.04,0.01,119,59976,买盘
1773,09:39:35,5.03,-0.01,74,37222,卖盘
1774,09:39:32,5.04,--,87,43848,买盘
1775,09:39:29,5.04,--,220,110880,买盘
1776,09:39:26,5.04,0.01,47,23688,买盘
1777,09:39:23,5.03,--,75,37725,卖盘
1778,09:39:20,5.03,-0.01,128,64384,卖盘
1779,09:39:17,5.04,--,25,12600,买盘
1780,09:39:14,5.04,--,500,252000,买盘
1781,09:39:08,5.04,0.01,134,67536,买盘
1782,09:39:05,5.03,0.01,20,10060,卖盘
1783,09:38:59,5.02,--,624,313248,卖盘
1784,09:38:56,5.02,--,50,25099,卖盘
1785,09:38:53,5.02,-0.01,3,1505,卖盘
1786,09:38:50,5.03,--,945,475335,买盘
1787,09:38:47,5.03,--,125,62875,买盘
1788,09:38:44,5.03,0.01,50,25150,买盘
1789,09:38:41,5.02,-0.01,293,147086,卖盘
1790,09:38:35,5.03,--,44,22132,买盘
1791,09:38:32,5.03,-0.01,117,58851,卖盘
1792,09:38:29,5.04,0.01,242,121968,买盘
1793,09:38:26,5.03,--,27,13581,买盘
1794,09:38:23,5.03,--,30,15090,买盘
1795,09:38:20,5.03,--,41,20623,买盘
1796,09:38:17,5.03,--,18,9054,买盘
1797,09:38:14,5.03,-0.01,1718,864154,卖盘
1798,09:38:11,5.04,--,82,41328,买盘
1799,09:38:08,5.04,0.01,142,71568,买盘
1800,09:38:05,5.03,--,31,15593,卖盘
1801,09:37:59,5.03,--,5,2515,卖盘
1802,09:37:56,5.03,-0.01,65,32695,卖盘
1803,09:37:53,5.04,--,356,179424,买盘
1804,09:37:47,5.04,--,360,181440,买盘
1805,09:37:44,5.04,--,109,54936,买盘
1806,09:37:41,5.04,--,42,21168,买盘
1807,09:37:38,5.04,--,399,201096,买盘
1808,09:37:35,5.04,--,54,27216,买盘
1809,09:37:32,5.04,--,119,59976,买盘
1810,09:37:29,5.04,--,168,84672,买盘
1811,09:37:26,5.04,--,145,73080,买盘
1812,09:37:23,5.04,--,35,17640,买盘
1813,09:37:20,5.04,--,182,91728,买盘
1814,09:37:17,5.04,--,146,73584,买盘
1815,09:37:14,5.04,--,233,117432,买盘
1816,09:37:11,5.04,0.01,121,60984,买盘
1817,09:37:08,5.03,-0.01,119,59857,卖盘
1818,09:37:05,5.04,--,22,11088,买盘
1819,09:37:02,5.04,--,187,94248,买盘
1820,09:36:59,5.04,-0.01,7,3528,卖盘
1821,09:36:53,5.05,0.02,46,23230,买盘
1822,09:36:50,5.03,-0.02,161,80983,卖盘
1823,09:36:47,5.05,0.01,79,39895,买盘
1824,09:36:44,5.04,0.01,450,226800,买盘
1825,09:36:41,5.03,-0.01,60,30180,卖盘
1826,09:36:38,5.04,--,17,8568,买盘
1827,09:36:35,5.04,-0.01,97,48888,卖盘
1828,09:36:32,5.05,--,196,98980,买盘
1829,09:36:29,5.05,--,541,273205,买盘
1830,09:36:26,5.05,0.01,424,214120,买盘
1831,09:36:23,5.04,-0.01,142,71568,卖盘
1832,09:36:17,5.05,--,244,123220,买盘
1833,09:36:14,5.05,--,186,93930,买盘
1834,09:36:11,5.05,--,453,228765,买盘
1835,09:36:05,5.05,0.01,27,13635,买盘
1836,09:35:59,5.04,--,30,15120,卖盘
1837,09:35:56,5.04,--,166,83664,买盘
1838,09:35:53,5.04,--,93,46872,买盘
1839,09:35:50,5.04,--,120,60480,买盘
1840,09:35:44,5.04,--,209,105336,买盘
1841,09:35:41,5.04,--,11,5544,买盘
1842,09:35:38,5.04,--,96,48384,买盘
1843,09:35:35,5.04,--,44,22176,买盘
1844,09:35:32,5.04,0.01,132,66528,买盘
1845,09:35:29,5.03,-0.01,613,308339,卖盘
1846,09:35:26,5.04,--,244,122976,买盘
1847,09:35:23,5.04,--,41,20664,买盘
1848,09:35:20,5.04,--,363,182952,买盘
1849,09:35:14,5.04,--,287,144648,买盘
1850,09:35:11,5.04,--,206,103824,买盘
1851,09:35:05,5.04,--,198,99792,买盘
1852,09:35:02,5.04,--,24,12096,买盘
1853,09:34:59,5.04,--,201,101304,买盘
1854,09:34:56,5.04,--,4,2016,买盘
1855,09:34:53,5.04,--,178,89712,买盘
1856,09:34:50,5.04,--,61,30744,买盘
1857,09:34:47,5.04,--,19,9576,买盘
1858,09:34:44,5.04,--,55,27720,买盘
1859,09:34:41,5.04,--,3,1512,买盘
1860,09:34:35,5.04,0.01,1,504,买盘
1861,09:34:32,5.03,-0.01,578,290734,卖盘
1862,09:34:29,5.04,--,267,134568,买盘
1863,09:34:26,5.04,--,41,20664,买盘
1864,09:34:23,5.04,--,25,12600,买盘
1865,09:34:20,5.04,--,7,3528,买盘
1866,09:34:17,5.04,-0.01,88,44352,卖盘
1867,09:34:14,5.05,0.01,54,27270,买盘
1868,09:34:11,5.04,--,907,457128,卖盘
1869,09:34:08,5.04,-0.01,117,58968,卖盘
1870,09:34:05,5.05,--,101,51005,买盘
1871,09:34:02,5.05,--,72,36360,买盘
1872,09:33:59,5.05,--,5,2525,买盘
1873,09:33:56,5.05,--,36,18180,买盘
1874,09:33:53,5.05,--,12,6060,买盘
1875,09:33:50,5.05,-0.01,394,199348,卖盘
1876,09:33:44,5.06,--,264,133584,买盘
1877,09:33:41,5.06,--,80,40480,买盘
1878,09:33:38,5.06,--,1237,625922,买盘
1879,09:33:35,5.06,--,402,203411,买盘
1880,09:33:32,5.06,--,226,114355,买盘
1881,09:33:29,5.06,--,111,56165,买盘
1882,09:33:23,5.06,--,236,119415,买盘
1883,09:33:17,5.06,--,312,157872,买盘
1884,09:33:14,5.06,--,19,9614,买盘
1885,09:33:11,5.06,--,1906,964435,卖盘
1886,09:33:05,5.06,-0.01,118,59707,卖盘
1887,09:33:02,5.07,0.01,177,89739,买盘
1888,09:32:59,5.06,--,187,94621,卖盘
1889,09:32:56,5.06,-0.01,264,133584,卖盘
1890,09:32:53,5.07,0.01,80,40560,买盘
1891,09:32:50,5.06,--,999,505706,买盘
1892,09:32:47,5.06,--,517,261601,买盘
1893,09:32:44,5.06,--,227,114861,买盘
1894,09:32:41,5.06,--,874,442243,买盘
1895,09:32:35,5.06,--,1622,820731,买盘
1896,09:32:32,5.06,--,558,282348,买盘
1897,09:32:29,5.06,--,746,377632,卖盘
1898,09:32:26,5.06,-0.01,971,491325,卖盘
1899,09:32:20,5.07,--,1352,685464,买盘
1900,09:32:17,5.07,--,423,214461,买盘
1901,09:32:14,5.07,0.01,549,278692,买盘
1902,09:32:11,5.06,--,231,116885,卖盘
1903,09:32:08,5.06,0.01,534,270204,卖盘
1904,09:32:05,5.05,--,2061,1041224,卖盘
1905,09:32:02,5.05,--,195,98475,卖盘
1906,09:31:59,5.05,--,2621,1323605,卖盘
1907,09:31:56,5.05,0.01,377,190385,卖盘
1908,09:31:53,5.04,--,341,171864,卖盘
1909,09:31:50,5.04,--,2203,1110312,卖盘
1910,09:31:47,5.04,-0.01,1767,890568,卖盘
1911,09:31:44,5.05,0.01,1581,798405,买盘
1912,09:31:41,5.04,--,432,217728,卖盘
1913,09:31:38,5.04,--,905,456120,买盘
1914,09:31:35,5.04,--,448,225792,买盘
1915,09:31:32,5.04,--,904,455616,买盘
1916,09:31:29,5.04,--,134,67536,买盘
1917,09:31:26,5.04,--,92,46368,买盘
1918,09:31:23,5.04,0.01,666,335664,买盘
1919,09:31:20,5.03,--,535,269105,买盘
1920,09:31:17,5.03,--,200,100600,买盘
1921,09:31:11,5.03,0.02,299,150397,买盘
1922,09:31:08,5.01,-0.01,455,227955,卖盘
1923,09:31:05,5.02,0.01,609,305718,买盘
1924,09:30:59,5.01,--,233,116733,买盘
1925,09:30:56,5.01,--,655,328155,买盘
1926,09:30:53,5.01,--,156,78156,买盘
1927,09:30:50,5.01,--,80,40080,买盘
1928,09:30:47,5.01,--,130,65130,买盘
1929,09:30:44,5.01,0.01,38,19038,买盘
1930,09:30:41,5.0,--,1324,662420,买盘
1931,09:30:38,5.0,0.01,257,128500,买盘
1932,09:30:35,4.99,--,482,240518,卖盘
1933,09:30:32,4.99,-0.01,62,30938,卖盘
1934,09:30:29,5.0,--,112,56000,买盘
1935,09:30:26,5.0,0.01,407,203500,买盘
1936,09:30:23,4.99,--,638,318362,卖盘
1937,09:30:17,4.99,-0.01,342,170658,卖盘
1938,09:30:14,5.0,0.01,73,36500,买盘
1939,09:30:11,4.99,-0.01,1788,892212,中性盘
1940,09:30:08,5.0,0.01,5019,2509500,买盘
1941,09:30:05,4.99,-0.01,4210,2100790,卖盘
1942,09:26:11,5.0,--,0,0,买盘
1943,09:25:02,5.0,5,24116,12058000,买盘
