,time,price,change,volume,amount,type
0,15:00:21,13.47,0.01,2939,3958833,买盘
1,14:57:27,13.46,--,0,0,买盘
2,14:57:00,13.46,-0.01,55,74030,卖盘
3,14:56:54,13.47,--,10,13470,买盘
4,14:56:48,13.47,0.03,35,47145,中性盘
5,14:56:39,13.44,--,14,18816,卖盘
6,14:56:33,13.44,-0.03,93,124992,卖盘
7,14:56:30,13.47,-0.03,56,75432,卖盘
8,14:56:27,13.5,0.03,545,735750,买盘
9,14:56:24,13.47,-0.03,10,13470,卖盘
10,14:56:21,13.5,0.01,98,132300,买盘
11,14:56:18,13.49,-0.01,10,13490,中性盘
12,14:56:15,13.5,--,6,8100,买盘
13,14:56:12,13.5,--,96,129600,买盘
14,14:56:06,13.5,--,2,2700,买盘
15,14:55:57,13.5,--,16,21600,买盘
16,14:55:54,13.5,0.03,99,133650,买盘
17,14:55:51,13.47,--,10,13470,买盘
18,14:55:48,13.47,-0.03,116,157060,卖盘
19,14:55:45,13.5,--,14,18900,买盘
20,14:55:42,13.5,0.01,6,8100,买盘
21,14:55:39,13.49,-0.01,216,291384,卖盘
22,14:55:36,13.5,-0.02,84,113400,卖盘
23,14:55:33,13.52,0.02,923,1247896,买盘
24,14:55:30,13.5,--,11,14850,卖盘
25,14:55:27,13.5,--,54,72900,卖盘
26,14:55:24,13.5,0.03,1030,1391040,买盘
27,14:55:21,13.47,--,7,9429,买盘
28,14:55:18,13.47,--,30,40410,买盘
29,14:55:15,13.47,--,3,4041,卖盘
30,14:55:06,13.47,-0.01,52,70044,卖盘
31,14:54:57,13.48,0.01,2,2696,中性盘
32,14:54:48,13.47,--,530,713910,卖盘
33,14:54:45,13.47,0.01,564,759708,买盘
34,14:54:42,13.46,-0.01,65,87490,卖盘
35,14:54:33,13.47,0.01,55,74085,买盘
36,14:54:30,13.46,--,5,6730,买盘
37,14:54:27,13.46,--,20,26920,买盘
38,14:54:24,13.46,--,59,79414,卖盘
39,14:54:21,13.46,--,26,34996,卖盘
40,14:54:15,13.46,--,38,51148,卖盘
41,14:54:09,13.46,0.02,879,1183134,买盘
42,14:54:03,13.44,--,26,34944,卖盘
43,14:54:00,13.44,--,105,141120,卖盘
44,14:53:54,13.44,--,30,40320,卖盘
45,14:53:48,13.44,--,100,134400,卖盘
46,14:53:45,13.44,--,60,80640,卖盘
47,14:53:39,13.44,--,3,4032,卖盘
48,14:53:36,13.44,0.02,183,246624,买盘
49,14:53:33,13.42,--,23,30866,卖盘
50,14:53:27,13.42,-0.02,43,57706,卖盘
51,14:53:24,13.44,0.02,11,14784,买盘
52,14:53:18,13.42,-0.02,17,22814,卖盘
53,14:53:15,13.44,0.02,267,358848,买盘
54,14:53:12,13.42,-0.01,507,680394,卖盘
55,14:53:06,13.43,0.01,25,33575,买盘
56,14:53:03,13.42,-0.01,173,232166,卖盘
57,14:53:00,13.43,--,7,9401,买盘
58,14:52:57,13.43,0.01,9,12087,买盘
59,14:52:54,13.42,--,420,563640,卖盘
60,14:52:48,13.42,-0.01,6,8052,卖盘
61,14:52:45,13.43,0.01,345,463335,买盘
62,14:52:42,13.42,-0.01,5,6710,卖盘
63,14:52:39,13.43,--,39,52377,买盘
64,14:52:36,13.43,--,304,408272,买盘
65,14:52:30,13.43,--,4,5372,买盘
66,14:52:24,13.43,--,61,81923,买盘
67,14:52:21,13.43,-0.01,282,379397,卖盘
68,14:52:18,13.44,--,154,206976,买盘
69,14:52:12,13.44,--,8,10752,买盘
70,14:52:09,13.44,--,83,111552,买盘
71,14:52:06,13.44,-0.01,148,198912,卖盘
72,14:52:00,13.45,0.01,2,2690,买盘
73,14:51:54,13.44,--,53,71232,买盘
74,14:51:48,13.44,--,100,134400,买盘
75,14:51:45,13.44,--,24,32256,买盘
76,14:51:39,13.44,0.01,32,43008,买盘
77,14:51:33,13.43,-0.02,48,64464,卖盘
78,14:51:27,13.45,--,46,61870,买盘
79,14:51:21,13.45,--,33,44385,买盘
80,14:51:18,13.45,--,51,68595,买盘
81,14:51:12,13.45,0.01,24,32280,买盘
82,14:51:09,13.44,--,20,26880,买盘
83,14:50:57,13.44,--,40,53760,买盘
84,14:50:54,13.44,--,61,81984,买盘
85,14:50:48,13.44,0.01,23,30912,卖盘
86,14:50:42,13.43,-0.01,119,159817,卖盘
87,14:50:39,13.44,0.01,76,102144,买盘
88,14:50:36,13.43,--,115,155116,卖盘
89,14:50:33,13.43,-0.01,95,127585,卖盘
90,14:50:30,13.44,0.01,10,13440,买盘
91,14:50:21,13.43,-0.01,28,37604,卖盘
92,14:50:15,13.44,--,46,61824,买盘
93,14:50:09,13.44,--,38,51072,买盘
94,14:50:00,13.44,--,57,76608,买盘
95,14:49:54,13.44,0.01,20,26880,买盘
96,14:49:51,13.43,-0.01,710,953530,卖盘
97,14:49:48,13.44,--,1,1344,买盘
98,14:49:42,13.44,--,58,77952,买盘
99,14:49:36,13.44,--,10,13440,买盘
100,14:49:33,13.44,--,20,26880,买盘
101,14:49:21,13.44,--,5,6720,买盘
102,14:49:18,13.44,--,23,30912,卖盘
103,14:48:51,13.44,--,1,1344,卖盘
104,14:48:48,13.44,--,3,4032,买盘
105,14:48:45,13.44,--,44,59136,卖盘
106,14:48:39,13.44,--,2,2688,卖盘
107,14:48:36,13.44,--,7,9408,卖盘
108,14:48:33,13.44,--,21,28224,卖盘
109,14:48:30,13.44,--,3,4032,卖盘
110,14:48:27,13.44,--,11,14784,卖盘
111,14:48:24,13.44,--,62,83328,卖盘
112,14:48:21,13.44,-0.01,35,47040,卖盘
113,14:48:18,13.45,0.01,7,9415,买盘
114,14:48:09,13.44,--,277,372288,卖盘
115,14:48:00,13.44,--,152,204288,买盘
116,14:47:57,13.44,--,3,4032,买盘
117,14:47:51,13.44,0.01,17,22848,买盘
118,14:47:42,13.43,-0.01,3,4029,卖盘
119,14:47:39,13.44,0.01,5,6720,买盘
120,14:47:33,13.43,--,57,76551,卖盘
121,14:47:27,13.43,-0.01,15,20145,卖盘
122,14:47:24,13.44,--,13,17472,买盘
123,14:47:21,13.44,0.01,4,5376,买盘
124,14:47:15,13.43,--,1,1343,卖盘
125,14:47:09,13.43,-0.01,123,165189,卖盘
126,14:47:06,13.44,0.01,10,13440,买盘
127,14:47:03,13.43,--,1,1343,卖盘
128,14:47:00,13.43,--,14,18802,卖盘
129,14:46:57,13.43,-0.01,25,33575,卖盘
130,14:46:54,13.44,--,2,2688,买盘
131,14:46:48,13.44,0.01,4,5376,买盘
132,14:46:42,13.43,--,48,64464,卖盘
133,14:46:39,13.43,-0.01,31,41633,卖盘
134,14:46:36,13.44,--,24,32256,买盘
135,14:46:33,13.44,--,23,30912,买盘
136,14:46:27,13.44,0.01,172,231168,买盘
137,14:46:21,13.43,-0.01,10,13430,卖盘
138,14:46:15,13.44,0.01,5,6720,买盘
139,14:46:12,13.43,0.01,118,158474,买盘
140,14:45:56,13.42,--,1,1342,卖盘
141,14:45:50,13.42,--,5,6710,卖盘
142,14:45:47,13.42,--,17,22814,卖盘
143,14:45:35,13.42,--,25,33550,卖盘
144,14:45:29,13.42,0.01,21,28182,买盘
145,14:45:20,13.41,-0.01,2,2682,卖盘
146,14:45:17,13.42,--,51,68442,买盘
147,14:45:14,13.42,0.01,14,18788,买盘
148,14:45:08,13.41,-0.01,4,5364,卖盘
149,14:45:05,13.42,0.01,13,17446,买盘
150,14:44:59,13.41,--,100,134100,卖盘
151,14:44:56,13.41,-0.01,83,112107,卖盘
152,14:44:50,13.42,0.01,20,26840,买盘
153,14:44:47,13.41,-0.01,6,8046,卖盘
154,14:44:44,13.42,--,35,46970,买盘
155,14:44:41,13.42,0.01,63,84546,买盘
156,14:44:35,13.41,--,10,13410,卖盘
157,14:44:29,13.41,-0.01,100,134100,卖盘
158,14:44:26,13.42,--,14,18788,买盘
159,14:44:20,13.42,0.01,13,17446,买盘
160,14:44:14,13.41,-0.01,5,6705,卖盘
161,14:44:11,13.42,--,54,72468,买盘
162,14:44:05,13.42,0.01,22,29524,买盘
163,14:44:02,13.41,-0.01,8,10728,卖盘
164,14:43:59,13.42,0.01,37,49654,买盘
165,14:43:53,13.41,--,7,10003,卖盘
166,14:43:50,13.41,--,50,67050,卖盘
167,14:43:47,13.41,--,19,25479,卖盘
168,14:43:44,13.41,--,24,32184,买盘
169,14:43:41,13.41,--,28,37548,买盘
170,14:43:38,13.41,--,162,217242,买盘
171,14:43:35,13.41,--,92,123372,买盘
172,14:43:32,13.41,0.01,22,29502,买盘
173,14:43:29,13.4,-0.01,127,170180,卖盘
174,14:43:17,13.41,0.01,23,30843,买盘
175,14:43:14,13.4,--,10,13400,卖盘
176,14:43:08,13.4,--,59,79060,卖盘
177,14:43:02,13.4,--,152,203680,卖盘
178,14:42:59,13.4,--,53,72172,买盘
179,14:42:56,13.4,0.01,1,1340,买盘
180,14:42:50,13.39,-0.01,7,10042,卖盘
181,14:42:47,13.4,--,129,172860,买盘
182,14:42:44,13.4,0.01,23,30820,买盘
183,14:42:41,13.39,--,24,32403,买盘
184,14:42:38,13.39,-0.01,133,178087,中性盘
185,14:42:35,13.4,0.02,23,30820,买盘
186,14:42:32,13.38,-0.01,101,135138,卖盘
187,14:42:29,13.39,0.01,114,152646,买盘
188,14:42:14,13.38,--,41,54858,卖盘
189,14:42:08,13.38,0.01,73,97674,买盘
190,14:41:59,13.37,--,6,8021,卖盘
191,14:41:56,13.37,--,54,72198,卖盘
192,14:41:50,13.37,-0.01,53,71502,卖盘
193,14:41:44,13.38,0.01,0,1230,买盘
194,14:41:38,13.37,-0.01,40,53480,卖盘
195,14:41:29,13.38,0.01,5,7332,买盘
196,14:41:20,13.37,-0.01,1,1337,卖盘
197,14:41:17,13.38,-0.01,10,13380,中性盘
198,14:41:14,13.39,0.02,2,2678,买盘
199,14:41:08,13.37,-0.02,180,240660,卖盘
200,14:41:05,13.39,-0.01,45,60469,卖盘
201,14:40:59,13.4,0.01,298,399802,买盘
202,14:40:56,13.39,--,67,89713,卖盘
203,14:40:50,13.39,--,155,208187,卖盘
204,14:40:47,13.39,--,5,6695,卖盘
205,14:40:44,13.39,--,45,60255,卖盘
206,14:40:41,13.39,--,54,72306,卖盘
207,14:40:38,13.39,-0.01,100,133900,卖盘
208,14:40:35,13.4,0.01,4,5360,买盘
209,14:40:32,13.39,--,10,13390,卖盘
210,14:40:29,13.39,--,117,156663,卖盘
211,14:40:26,13.39,--,17,22763,卖盘
212,14:40:23,13.39,--,47,62933,卖盘
213,14:40:20,13.39,-0.01,128,171392,卖盘
214,14:40:17,13.4,0.01,91,121940,买盘
215,14:40:14,13.39,--,25,33475,卖盘
216,14:40:11,13.39,--,31,41509,卖盘
217,14:40:02,13.39,0.01,105,140595,买盘
218,14:39:59,13.38,--,10,13380,卖盘
219,14:39:53,13.38,--,12,16698,卖盘
220,14:39:50,13.38,--,337,451013,买盘
221,14:39:41,13.38,--,159,213972,卖盘
222,14:39:38,13.38,--,4,5352,卖盘
223,14:39:35,13.38,--,60,80280,卖盘
224,14:39:29,13.38,--,10,13380,卖盘
225,14:39:26,13.38,--,3,4281,卖盘
226,14:39:17,13.38,0.01,490,656797,买盘
227,14:39:14,13.37,-0.01,33,44121,卖盘
228,14:39:08,13.38,0.01,16,21408,买盘
229,14:39:05,13.37,-0.01,19,25403,卖盘
230,14:39:02,13.38,0.01,21,28098,买盘
231,14:38:53,13.37,-0.01,7,10054,卖盘
232,14:38:47,13.38,--,40,53520,买盘
233,14:38:44,13.38,-0.01,277,371723,卖盘
234,14:38:41,13.39,0.01,69,92391,买盘
235,14:38:38,13.38,--,8,10704,卖盘
236,14:38:32,13.38,--,26,34788,卖盘
237,14:38:26,13.38,--,107,143166,卖盘
238,14:38:20,13.38,--,20,26760,卖盘
239,14:38:17,13.38,-0.01,15,20070,卖盘
240,14:38:11,13.39,--,3,4017,买盘
241,14:38:08,13.39,0.01,22,29458,买盘
242,14:38:05,13.38,-0.01,50,66900,卖盘
243,14:37:56,13.39,0.01,30,40170,买盘
244,14:37:53,13.38,--,16,22050,卖盘
245,14:37:50,13.38,--,76,101688,卖盘
246,14:37:47,13.38,--,7,9366,卖盘
247,14:37:44,13.38,-0.01,3,4014,卖盘
248,14:37:41,13.39,--,111,148629,买盘
249,14:37:38,13.39,0.01,11,14729,买盘
250,14:37:35,13.38,-0.01,7,9366,卖盘
251,14:37:32,13.39,0.01,20,26780,买盘
252,14:37:29,13.38,-0.01,49,65562,卖盘
253,14:37:14,13.39,--,40,53560,买盘
254,14:37:11,13.39,-0.01,26,34814,卖盘
255,14:37:05,13.4,--,3,4020,买盘
256,14:37:02,13.4,0.02,5,6700,买盘
257,14:36:59,13.38,-0.02,11,14718,卖盘
258,14:36:50,13.4,--,55,74370,买盘
259,14:36:44,13.4,--,51,68340,买盘
260,14:36:41,13.4,0.01,30,40200,买盘
261,14:36:38,13.39,--,18,24102,买盘
262,14:36:32,13.39,--,12,16068,卖盘
263,14:36:29,13.39,-0.01,4,5356,卖盘
264,14:36:14,13.4,--,34,46390,卖盘
265,14:36:08,13.4,-0.01,2,2680,卖盘
266,14:36:05,13.41,0.01,18,24138,买盘
267,14:36:02,13.4,--,5,6700,卖盘
268,14:35:53,13.4,--,52,70189,买盘
269,14:35:50,13.4,--,151,202340,买盘
270,14:35:47,13.4,--,11,14740,买盘
271,14:35:44,13.4,--,5,6700,买盘
272,14:35:41,13.4,--,43,57620,买盘
273,14:35:35,13.4,0.01,10,13400,买盘
274,14:35:32,13.39,--,12,16068,卖盘
275,14:35:29,13.39,-0.01,1,1339,中性盘
276,14:35:17,13.4,0.01,56,75040,买盘
277,14:35:14,13.39,--,5,6695,买盘
278,14:35:11,13.39,--,46,61594,卖盘
279,14:35:08,13.39,-0.01,10,13390,卖盘
280,14:34:59,13.4,0.01,11,14740,买盘
281,14:34:53,13.39,-0.01,29,38831,中性盘
282,14:34:50,13.4,0.01,21,28140,买盘
283,14:34:47,13.39,--,180,241020,卖盘
284,14:34:41,13.39,--,1,1339,买盘
285,14:34:38,13.39,-0.01,21,28119,卖盘
286,14:34:35,13.4,0.02,28,37520,买盘
287,14:34:26,13.38,--,147,196953,卖盘
288,14:34:17,13.38,-0.01,121,161898,卖盘
289,14:34:14,13.39,0.01,10,13390,买盘
290,14:34:08,13.38,-0.01,10,13380,卖盘
291,14:34:05,13.39,0.01,21,28119,买盘
292,14:34:02,13.38,-0.01,5,6690,卖盘
293,14:33:59,13.39,0.02,23,30797,买盘
294,14:33:50,13.37,--,7,10000,卖盘
295,14:33:47,13.37,-0.01,54,73267,卖盘
296,14:33:44,13.38,0.01,0,267,中性盘
297,14:33:41,13.37,0.01,219,293257,中性盘
298,14:33:38,13.36,-0.01,103,137608,卖盘
299,14:33:35,13.37,-0.01,2,2674,卖盘
300,14:33:32,13.38,0.02,23,30774,买盘
301,14:33:29,13.36,--,5,6680,卖盘
302,14:33:26,13.36,0.01,24,32064,卖盘
303,14:33:23,13.35,-0.02,80,106800,卖盘
304,14:33:20,13.37,--,81,108297,卖盘
305,14:33:17,13.37,0.01,20,26740,买盘
306,14:33:11,13.36,--,115,153640,买盘
307,14:33:08,13.36,--,151,201736,买盘
308,14:33:05,13.36,--,150,200400,买盘
309,14:33:02,13.36,--,15,20040,买盘
310,14:32:59,13.36,0.01,29,38744,卖盘
311,14:32:56,13.35,-0.02,259,345765,卖盘
312,14:32:53,13.37,0.01,36,48800,买盘
313,14:32:50,13.36,--,115,154308,卖盘
314,14:32:44,13.36,-0.01,62,82832,卖盘
315,14:32:41,13.37,--,91,121667,买盘
316,14:32:35,13.37,--,42,56154,买盘
317,14:32:32,13.37,--,27,36099,买盘
318,14:32:29,13.37,--,55,73535,买盘
319,14:32:23,13.37,--,5,6685,买盘
320,14:32:20,13.37,--,1,1337,买盘
321,14:32:17,13.37,--,127,169799,买盘
322,14:32:14,13.37,--,133,178489,卖盘
323,14:32:11,13.37,-0.01,118,157766,卖盘
324,14:32:05,13.38,0.01,42,56196,买盘
325,14:32:02,13.37,--,3,4010,卖盘
326,14:31:59,13.37,--,20,26740,卖盘
327,14:31:56,13.37,--,10,13370,卖盘
328,14:31:50,13.37,--,9,12701,卖盘
329,14:31:47,13.37,-0.01,116,155092,卖盘
330,14:31:44,13.38,0.01,4,5352,买盘
331,14:31:41,13.37,--,3,4010,卖盘
332,14:31:32,13.37,-0.01,130,173810,卖盘
333,14:31:26,13.38,-0.01,82,109716,卖盘
334,14:31:20,13.39,--,2,2678,卖盘
335,14:31:14,13.39,--,33,44187,卖盘
336,14:31:11,13.39,-0.01,25,33475,卖盘
337,14:31:08,13.4,-0.01,1221,1636140,卖盘
338,14:31:02,13.41,-0.01,170,227970,卖盘
339,14:30:56,13.42,0.01,56,75152,买盘
340,14:30:53,13.41,-0.01,607,813987,卖盘
341,14:30:50,13.42,--,390,523380,卖盘
342,14:30:47,13.42,--,17,22814,卖盘
343,14:30:44,13.42,--,223,299266,卖盘
344,14:30:41,13.42,--,105,140910,卖盘
345,14:30:38,13.42,-0.01,63,84546,卖盘
346,14:30:35,13.43,--,310,416330,买盘
347,14:30:32,13.43,0.01,10,13430,买盘
348,14:30:23,13.42,--,7,9394,卖盘
349,14:30:20,13.42,-0.01,53,71126,卖盘
350,14:30:14,13.43,--,94,127074,卖盘
351,14:30:02,13.43,--,15,20145,卖盘
352,14:29:53,13.43,-0.01,23,30889,卖盘
353,14:29:50,13.44,0.01,43,58410,买盘
354,14:29:47,13.43,--,14,18802,卖盘
355,14:29:41,13.43,--,1,1343,卖盘
356,14:29:38,13.43,--,123,165189,卖盘
357,14:29:35,13.43,--,35,47005,卖盘
358,14:29:32,13.43,--,50,67150,卖盘
359,14:29:29,13.43,--,6,8058,卖盘
360,14:29:17,13.43,--,13,17459,卖盘
361,14:29:11,13.43,--,23,30889,卖盘
362,14:29:08,13.43,-0.01,14,18802,卖盘
363,14:29:05,13.44,0.01,95,127680,买盘
364,14:28:59,13.43,--,46,61778,卖盘
365,14:28:56,13.43,--,23,30889,卖盘
366,14:28:53,13.43,--,20,26860,卖盘
367,14:28:50,13.43,--,7,10018,卖盘
368,14:28:47,13.43,-0.01,10,13430,卖盘
369,14:28:44,13.44,0.01,75,100800,买盘
370,14:28:35,13.43,--,10,13430,卖盘
371,14:28:32,13.43,-0.01,13,17459,卖盘
372,14:28:26,13.44,0.01,5,6720,买盘
373,14:28:23,13.43,-0.01,5,6715,卖盘
374,14:28:05,13.44,0.01,25,33600,买盘
375,14:28:02,13.43,--,14,18802,卖盘
376,14:27:59,13.43,-0.01,7,9401,卖盘
377,14:27:56,13.44,0.01,17,22848,买盘
378,14:27:53,13.43,--,23,30889,卖盘
379,14:27:50,13.43,--,23,31506,卖盘
380,14:27:38,13.43,-0.01,185,248455,卖盘
381,14:27:35,13.44,--,1,1344,卖盘
382,14:27:26,13.44,--,10,13440,卖盘
383,14:27:20,13.44,--,1,1344,卖盘
384,14:27:17,13.44,-0.01,1,1344,卖盘
385,14:27:14,13.45,--,10,13450,买盘
386,14:27:11,13.45,--,10,13450,买盘
387,14:26:59,13.45,--,553,744188,卖盘
388,14:26:56,13.45,--,23,30935,卖盘
389,14:26:53,13.45,-0.01,42,56490,卖盘
390,14:26:50,13.46,--,28,37688,卖盘
391,14:26:47,13.46,0.01,46,62508,买盘
392,14:26:44,13.45,-0.01,69,92805,卖盘
393,14:26:41,13.46,--,10,13460,买盘
394,14:26:32,13.46,0.01,60,80760,中性盘
395,14:26:26,13.45,-0.01,12,16140,卖盘
396,14:26:20,13.46,--,3,4038,卖盘
397,14:26:14,13.46,0.01,16,22774,买盘
398,14:26:10,13.45,-0.01,33,44385,卖盘
399,14:26:04,13.46,--,7,9422,买盘
400,14:26:01,13.46,0.01,15,20190,买盘
401,14:25:58,13.45,-0.01,33,44385,卖盘
402,14:25:49,13.46,0.01,10,13460,买盘
403,14:25:46,13.45,-0.01,19,26146,卖盘
404,14:25:31,13.46,--,2,2692,买盘
405,14:25:25,13.46,--,44,59358,卖盘
406,14:25:19,13.46,--,17,22882,卖盘
407,14:25:16,13.46,--,61,82106,卖盘
408,14:25:04,13.46,--,13,18117,卖盘
409,14:25:01,13.46,--,1,1346,卖盘
410,14:24:58,13.46,--,40,53840,卖盘
411,14:24:55,13.46,--,68,92120,买盘
412,14:24:52,13.46,--,100,134600,买盘
413,14:24:49,13.46,--,17,23474,买盘
414,14:24:46,13.46,--,2,2692,买盘
415,14:24:34,13.46,--,57,77475,卖盘
416,14:24:28,13.46,--,35,47110,卖盘
417,14:24:16,13.46,--,58,78068,卖盘
418,14:24:13,13.46,--,10,13460,卖盘
419,14:24:10,13.46,--,2,2692,卖盘
420,14:24:04,13.46,--,60,81352,买盘
421,14:23:58,13.46,--,5,6730,买盘
422,14:23:55,13.46,0.01,5,6730,买盘
423,14:23:52,13.45,--,30,40350,卖盘
424,14:23:49,13.45,-0.01,7,10033,卖盘
425,14:23:43,13.46,--,5,6730,买盘
426,14:23:22,13.46,0.01,280,376880,买盘
427,14:23:16,13.45,-0.01,20,26900,卖盘
428,14:23:13,13.46,--,12,16152,买盘
429,14:22:58,13.46,--,10,13460,买盘
430,14:22:46,13.46,--,41,55186,卖盘
431,14:22:37,13.46,-0.01,38,51148,中性盘
432,14:22:25,13.47,0.01,75,101025,买盘
433,14:22:13,13.46,--,44,60112,卖盘
434,14:22:07,13.46,-0.01,37,49802,卖盘
435,14:22:01,13.47,0.01,23,30981,买盘
436,14:21:58,13.46,--,558,751068,卖盘
437,14:21:52,13.46,--,33,45010,卖盘
438,14:21:46,13.46,-0.01,5,6730,卖盘
439,14:21:34,13.47,0.01,2,2694,买盘
440,14:21:31,13.46,-0.01,62,83452,卖盘
441,14:21:22,13.47,--,36,48492,卖盘
442,14:21:19,13.47,--,20,26940,卖盘
443,14:21:13,13.47,--,47,63309,买盘
444,14:21:10,13.47,--,62,83514,买盘
445,14:21:04,13.47,0.01,20,26940,买盘
446,14:21:01,13.46,-0.01,7,9422,卖盘
447,14:20:58,13.47,--,82,110454,买盘
448,14:20:55,13.47,--,66,88902,买盘
449,14:20:52,13.47,--,14,18858,买盘
450,14:20:49,13.47,--,108,146068,买盘
451,14:20:43,13.47,0.01,8,10776,买盘
452,14:20:34,13.46,--,20,26920,卖盘
453,14:20:31,13.46,--,10,13460,卖盘
454,14:20:28,13.46,--,20,26920,卖盘
455,14:20:19,13.46,-0.01,12,16152,卖盘
456,14:20:16,13.47,0.01,1,1347,买盘
457,14:19:49,13.46,--,7,10041,买盘
458,14:19:46,13.46,-0.01,5,8049,卖盘
459,14:19:43,13.47,0.01,13,17511,买盘
460,14:19:40,13.46,--,19,25574,卖盘
461,14:19:37,13.46,--,11,14806,卖盘
462,14:19:28,13.46,--,21,28292,买盘
463,14:19:25,13.46,0.01,27,36342,买盘
464,14:19:19,13.45,-0.01,183,246404,卖盘
465,14:19:13,13.46,0.01,30,40380,买盘
466,14:19:01,13.45,-0.01,10,13450,卖盘
467,14:18:52,13.46,0.01,50,67300,买盘
468,14:18:46,13.45,-0.01,7,10033,卖盘
469,14:18:40,13.46,--,15,20190,买盘
470,14:18:37,13.46,0.01,10,13460,买盘
471,14:18:34,13.45,--,41,55145,卖盘
472,14:18:31,13.45,-0.01,40,53800,卖盘
473,14:18:28,13.46,0.01,10,13460,买盘
474,14:18:22,13.45,--,1,1345,卖盘
475,14:18:13,13.45,-0.01,2,2690,卖盘
476,14:18:10,13.46,0.01,23,30958,买盘
477,14:18:07,13.45,--,38,51110,买盘
478,14:18:04,13.45,--,53,71285,买盘
479,14:17:58,13.45,--,9,12105,买盘
480,14:17:55,13.45,--,71,95495,买盘
481,14:17:52,13.45,0.01,1,1345,买盘
482,14:17:46,13.44,-0.01,10,14031,卖盘
483,14:17:43,13.45,--,71,95495,买盘
484,14:17:37,13.45,--,18,24210,买盘
485,14:17:34,13.45,--,45,60525,买盘
486,14:17:31,13.45,--,10,13450,买盘
487,14:17:19,13.45,--,1,1345,买盘
488,14:17:16,13.45,0.02,6,8070,买盘
489,14:17:13,13.43,-0.02,17,22831,卖盘
490,14:17:10,13.45,--,13,17485,买盘
491,14:17:07,13.45,--,23,30935,买盘
492,14:17:01,13.45,0.03,46,61870,买盘
493,14:16:58,13.42,-0.03,21,28182,卖盘
494,14:16:52,13.45,0.02,33,44385,买盘
495,14:16:49,13.43,--,23,30889,卖盘
496,14:16:46,13.43,-0.02,104,139672,中性盘
497,14:16:43,13.45,0.02,189,254205,买盘
498,14:16:37,13.43,--,194,260542,买盘
499,14:16:34,13.43,--,101,135643,买盘
500,14:16:31,13.43,--,34,45662,卖盘
501,14:16:28,13.43,--,10,13430,卖盘
502,14:16:25,13.43,-0.01,24,32232,卖盘
503,14:16:22,13.44,0.01,43,57792,买盘
504,14:16:19,13.43,0.01,10,13430,买盘
505,14:16:16,13.42,-0.02,108,144936,卖盘
506,14:16:13,13.44,0.01,7,9408,买盘
507,14:16:10,13.43,--,389,522427,卖盘
508,14:16:04,13.43,-0.01,84,112812,卖盘
509,14:15:58,13.44,0.01,42,56448,买盘
510,14:15:52,13.43,--,70,94010,卖盘
511,14:15:49,13.43,--,44,59092,卖盘
512,14:15:40,13.43,-0.01,50,67150,卖盘
513,14:15:37,13.44,--,58,78516,卖盘
514,14:15:31,13.44,--,76,102144,卖盘
515,14:15:31,13.44,--,52,69888,卖盘
516,14:15:25,13.44,--,7,9408,卖盘
517,14:15:19,13.44,--,130,174720,卖盘
518,14:15:13,13.44,-0.01,8,10752,卖盘
519,14:15:10,13.45,0.01,1,1345,买盘
520,14:15:07,13.44,-0.01,300,403200,卖盘
521,14:15:01,13.45,0.01,30,41130,买盘
522,14:14:58,13.44,--,28,37632,买盘
523,14:14:55,13.44,--,32,44244,卖盘
524,14:14:52,13.44,--,65,87360,卖盘
525,14:14:49,13.44,--,4,5376,卖盘
526,14:14:46,13.44,--,58,78543,卖盘
527,14:14:40,13.44,--,11,14784,卖盘
528,14:14:37,13.44,--,25,33600,卖盘
529,14:14:34,13.44,-0.01,140,189020,卖盘
530,14:14:28,13.45,0.01,48,64560,买盘
531,14:14:19,13.44,--,31,41664,卖盘
532,14:14:16,13.44,--,9,12096,卖盘
533,14:14:13,13.44,-0.01,55,73920,卖盘
534,14:14:04,13.45,--,278,374663,卖盘
535,14:13:58,13.45,--,20,26900,卖盘
536,14:13:55,13.45,--,32,43040,卖盘
537,14:13:52,13.45,--,50,67250,卖盘
538,14:13:46,13.45,--,10,14041,卖盘
539,14:13:43,13.45,--,1,1345,卖盘
540,14:13:40,13.45,--,15,20175,卖盘
541,14:13:37,13.45,--,60,80700,卖盘
542,14:13:31,13.45,--,2,2690,卖盘
543,14:13:28,13.45,--,72,96840,卖盘
544,14:13:25,13.45,--,23,30935,卖盘
545,14:13:16,13.45,-0.01,75,101574,卖盘
546,14:13:10,13.46,--,15,20190,卖盘
547,14:13:04,13.46,--,64,86144,卖盘
548,14:12:58,13.46,--,50,67300,卖盘
549,14:12:55,13.46,--,41,55186,卖盘
550,14:12:52,13.46,--,4,5384,卖盘
551,14:12:46,13.46,--,27,36934,卖盘
552,14:12:43,13.46,--,10,13460,卖盘
553,14:12:40,13.46,--,69,92874,卖盘
554,14:12:31,13.46,-0.01,50,67300,卖盘
555,14:12:28,13.47,--,1,1347,买盘
556,14:12:22,13.47,0.01,3,4041,中性盘
557,14:12:01,13.46,-0.01,40,53840,卖盘
558,14:11:58,13.47,0.01,147,198009,买盘
559,14:11:55,13.46,--,14,18844,卖盘
560,14:11:52,13.46,--,33,44418,卖盘
561,14:11:43,13.46,-0.01,37,50394,卖盘
562,14:11:40,13.47,0.01,50,67350,中性盘
563,14:11:22,13.46,-0.02,40,53840,卖盘
564,14:11:19,13.48,0.01,31,41788,买盘
565,14:11:10,13.47,--,11,14817,卖盘
566,14:11:01,13.47,--,200,269400,卖盘
567,14:10:58,13.47,-0.01,50,67350,卖盘
568,14:10:49,13.48,--,15,20220,买盘
569,14:10:43,13.48,0.01,16,22161,买盘
570,14:10:37,13.47,-0.01,10,13470,卖盘
571,14:10:31,13.48,0.01,11,14828,买盘
572,14:10:28,13.47,-0.01,1,1347,卖盘
573,14:10:19,13.48,--,14,18872,买盘
574,14:10:16,13.48,0.01,1,1348,买盘
575,14:10:13,13.47,--,90,121230,卖盘
576,14:10:10,13.47,--,23,30981,卖盘
577,14:10:07,13.47,--,15,20205,卖盘
578,14:10:04,13.47,--,30,40410,卖盘
579,14:10:01,13.47,--,10,13470,卖盘
580,14:09:55,13.47,--,8,10776,卖盘
581,14:09:52,13.47,-0.01,1,1347,卖盘
582,14:09:49,13.48,--,100,134800,买盘
583,14:09:46,13.48,0.01,102,138089,买盘
584,14:09:37,13.47,-0.01,17,22899,卖盘
585,14:09:22,13.48,--,115,155020,卖盘
586,14:09:16,13.48,-0.01,2,2696,卖盘
587,14:09:10,13.49,0.01,85,114665,买盘
588,14:09:07,13.48,-0.01,13,17524,卖盘
589,14:09:04,13.49,0.01,148,199652,买盘
590,14:08:52,13.48,0.01,49,66052,中性盘
591,14:08:49,13.47,--,1,1347,卖盘
592,14:08:46,13.47,-0.02,7,10021,卖盘
593,14:08:37,13.49,--,13,17537,买盘
594,14:08:31,13.49,-0.01,2,2698,中性盘
595,14:08:16,13.5,0.01,46,62910,买盘
596,14:08:07,13.49,--,10,13490,卖盘
597,14:08:04,13.49,--,404,544996,卖盘
598,14:07:58,13.49,--,13,17537,卖盘
599,14:07:55,13.49,-0.01,20,26980,卖盘
600,14:07:52,13.5,0.01,2,2700,买盘
601,14:07:46,13.49,--,7,10009,卖盘
602,14:07:40,13.49,--,33,44517,卖盘
603,14:07:37,13.49,--,12,16188,卖盘
604,14:07:34,13.49,--,100,134900,卖盘
605,14:07:28,13.49,--,24,32942,买盘
606,14:07:22,13.49,--,73,98477,买盘
607,14:07:10,13.49,--,10,13490,买盘
608,14:07:07,13.49,--,5,6745,买盘
609,14:07:04,13.49,-0.01,12,16970,卖盘
610,14:06:58,13.5,0.01,2,2700,买盘
611,14:06:55,13.49,--,13,17537,卖盘
612,14:06:49,13.49,--,2,2698,卖盘
613,14:06:46,13.49,--,17,22933,卖盘
614,14:06:43,13.49,-0.01,9,12707,卖盘
615,14:06:37,13.5,--,37,49950,买盘
616,14:06:34,13.5,0.01,8,10800,买盘
617,14:06:31,13.49,--,9,12141,卖盘
618,14:06:25,13.49,-0.01,43,58007,卖盘
619,14:06:19,13.5,0.02,2,2700,买盘
620,14:06:04,13.48,-0.01,82,110536,卖盘
621,14:05:55,13.49,0.01,12,16188,买盘
622,14:05:48,13.48,-0.01,10,13480,卖盘
623,14:05:45,13.49,0.01,16,21584,买盘
624,14:05:42,13.48,-0.01,32,43729,卖盘
625,14:05:39,13.49,0.01,25,33725,买盘
626,14:05:33,13.48,--,53,71444,卖盘
627,14:05:18,13.48,--,3,4044,卖盘
628,14:05:15,13.48,--,35,47180,卖盘
629,14:05:12,13.48,--,3,4044,卖盘
630,14:05:09,13.48,-0.01,2,2696,卖盘
631,14:05:06,13.49,0.01,20,26980,中性盘
632,14:04:51,13.48,-0.01,67,90639,卖盘
633,14:04:48,13.49,--,162,218538,卖盘
634,14:04:42,13.49,-0.01,53,72090,卖盘
635,14:04:39,13.5,0.04,114,154494,买盘
636,14:04:36,13.46,-0.02,538,724148,卖盘
637,14:04:30,13.48,--,61,82228,买盘
638,14:04:27,13.48,--,55,74140,买盘
639,14:04:24,13.48,-0.01,92,124016,中性盘
640,14:04:18,13.49,0.01,83,112722,买盘
641,14:04:03,13.48,-0.01,45,60660,卖盘
642,14:03:51,13.49,0.01,35,47215,买盘
643,14:03:48,13.48,--,40,53920,卖盘
644,14:03:45,13.48,--,25,33700,卖盘
645,14:03:42,13.48,--,51,69341,买盘
646,14:03:39,13.48,--,36,48528,卖盘
647,14:03:30,13.48,--,1,1348,卖盘
648,14:03:27,13.48,-0.01,7,9436,中性盘
649,14:03:21,13.49,0.01,13,17537,买盘
650,14:03:15,13.48,--,15,20220,买盘
651,14:03:06,13.48,--,28,37744,卖盘
652,14:03:00,13.48,--,26,35048,卖盘
653,14:02:57,13.48,--,5,6740,卖盘
654,14:02:51,13.48,0.01,102,137496,买盘
655,14:02:48,13.47,--,6,8082,卖盘
656,14:02:39,13.47,--,168,226888,卖盘
657,14:02:36,13.47,-0.01,15,20205,卖盘
658,14:02:30,13.48,--,48,64704,买盘
659,14:02:27,13.48,0.01,10,13480,买盘
660,14:02:18,13.47,-0.01,42,56574,卖盘
661,14:02:15,13.48,0.01,5,6740,买盘
662,14:02:12,13.47,--,1,1347,卖盘
663,14:02:06,13.47,-0.02,49,66003,卖盘
664,14:02:03,13.49,0.01,20,26980,买盘
665,14:02:00,13.48,-0.01,16,21568,卖盘
666,14:01:57,13.49,0.01,4,5396,买盘
667,14:01:54,13.48,-0.01,77,103796,卖盘
668,14:01:45,13.49,--,14,18886,买盘
669,14:01:42,13.49,0.01,91,123352,买盘
670,14:01:36,13.48,-0.01,2,2696,卖盘
671,14:01:30,13.49,0.01,15,20235,买盘
672,14:01:27,13.48,--,5,6740,卖盘
673,14:01:21,13.48,--,19,25612,卖盘
674,14:01:15,13.48,--,33,44484,卖盘
675,14:01:12,13.48,--,100,134800,卖盘
676,14:01:09,13.48,--,33,44484,卖盘
677,14:01:06,13.48,--,187,252076,卖盘
678,14:01:00,13.48,-0.02,95,128060,卖盘
679,14:00:57,13.5,0.01,74,99900,买盘
680,14:00:51,13.49,-0.02,186,250914,卖盘
681,14:00:48,13.51,0.01,50,67550,买盘
682,14:00:45,13.5,-0.01,120,162000,卖盘
683,14:00:39,13.51,--,77,105350,卖盘
684,14:00:36,13.51,-0.02,83,112133,卖盘
685,14:00:33,13.53,--,87,117711,买盘
686,14:00:30,13.53,0.01,100,135300,买盘
687,14:00:21,13.52,--,17,22984,卖盘
688,14:00:18,13.52,--,33,44616,卖盘
689,14:00:12,13.52,0.01,80,108160,买盘
690,14:00:06,13.51,--,40,54040,卖盘
691,14:00:03,13.51,--,17,22967,卖盘
692,13:59:54,13.51,--,15,20265,卖盘
693,13:59:45,13.51,--,20,27020,卖盘
694,13:59:42,13.51,--,7,10024,卖盘
695,13:59:36,13.51,0.01,2,2702,买盘
696,13:59:33,13.5,--,1,1350,卖盘
697,13:59:24,13.5,--,23,31050,买盘
698,13:59:18,13.5,0.01,48,64800,买盘
699,13:59:12,13.49,--,3,4047,买盘
700,13:59:09,13.49,0.01,2,2698,中性盘
701,13:59:06,13.48,-0.01,114,153672,卖盘
702,13:59:00,13.49,--,13,17537,卖盘
703,13:58:57,13.49,--,3,4047,买盘
704,13:58:54,13.49,0.01,29,39121,买盘
705,13:58:48,13.48,-0.01,11,14828,卖盘
706,13:58:39,13.49,-0.01,16,21584,卖盘
707,13:58:36,13.5,--,19,25650,买盘
708,13:58:33,13.5,0.01,4,5400,买盘
709,13:58:30,13.49,--,288,388512,卖盘
710,13:58:27,13.49,-0.01,24,32376,卖盘
711,13:58:24,13.5,--,10,13500,买盘
712,13:58:18,13.5,--,1,1350,买盘
713,13:58:15,13.5,-0.03,219,295650,卖盘
714,13:58:12,13.53,0.02,55,74415,买盘
715,13:58:09,13.51,--,7,9457,卖盘
716,13:58:06,13.51,--,7,9457,卖盘
717,13:58:00,13.51,-0.02,46,62146,卖盘
718,13:57:57,13.53,--,10,13530,买盘
719,13:57:51,13.53,--,7,9471,卖盘
720,13:57:48,13.53,--,39,52767,卖盘
721,13:57:39,13.53,--,6,8118,卖盘
722,13:57:36,13.53,--,1,1353,卖盘
723,13:57:33,13.53,--,100,135300,卖盘
724,13:57:27,13.53,-0.01,3,4059,卖盘
725,13:57:21,13.54,--,22,29787,卖盘
726,13:57:12,13.54,--,5,6770,卖盘
727,13:57:09,13.54,0.01,145,196330,买盘
728,13:57:06,13.53,-0.01,19,25707,卖盘
729,13:56:57,13.54,0.01,49,66346,买盘
730,13:56:51,13.53,-0.01,8,10824,卖盘
731,13:56:45,13.54,--,48,64991,买盘
732,13:56:42,13.54,0.01,6,8123,买盘
733,13:56:36,13.53,--,336,454608,卖盘
734,13:56:33,13.53,--,5,6765,卖盘
735,13:56:30,13.53,--,32,43296,卖盘
736,13:56:27,13.53,--,22,29766,卖盘
737,13:56:18,13.53,-0.01,23,31119,卖盘
738,13:56:15,13.54,0.01,10,13540,买盘
739,13:56:09,13.53,--,236,319308,卖盘
740,13:56:03,13.53,--,26,35178,卖盘
741,13:55:54,13.53,--,2,2706,卖盘
742,13:55:51,13.53,-0.01,107,144771,卖盘
743,13:55:48,13.54,--,285,385890,买盘
744,13:55:36,13.54,0.01,40,54160,买盘
745,13:55:33,13.53,-0.02,15,20295,卖盘
746,13:55:30,13.55,0.01,100,135500,买盘
747,13:55:27,13.54,-0.01,10,13540,中性盘
748,13:55:21,13.55,0.02,20,27100,买盘
749,13:55:18,13.53,-0.01,123,166419,卖盘
750,13:55:15,13.54,--,7,9478,卖盘
751,13:55:12,13.54,--,10,13540,卖盘
752,13:55:06,13.54,--,151,205618,买盘
753,13:55:03,13.54,0.01,23,31141,买盘
754,13:54:57,13.53,--,46,62238,买盘
755,13:54:54,13.53,0.01,23,31119,买盘
756,13:54:45,13.52,-0.01,3,4056,卖盘
757,13:54:42,13.53,--,10,13530,买盘
758,13:54:39,13.53,--,2,2706,买盘
759,13:54:36,13.53,--,23,31119,卖盘
760,13:54:27,13.53,0.02,66,89298,买盘
761,13:54:18,13.51,-0.02,50,67550,卖盘
762,13:54:15,13.53,0.01,20,27060,买盘
763,13:54:09,13.52,-0.02,15,20280,卖盘
764,13:54:03,13.54,0.02,148,200392,买盘
765,13:53:51,13.52,--,2,2704,卖盘
766,13:53:45,13.52,-0.01,9,12168,卖盘
767,13:53:42,13.53,--,3,4059,卖盘
768,13:53:39,13.53,--,2,2706,卖盘
769,13:53:36,13.53,--,9,12177,中性盘
770,13:53:33,13.53,0.03,35,47355,买盘
771,13:53:18,13.5,-0.03,99,133650,卖盘
772,13:53:12,13.53,0.01,103,139359,卖盘
773,13:53:09,13.52,-0.02,2,2704,中性盘
774,13:53:06,13.54,0.02,220,297880,买盘
775,13:53:03,13.52,0.02,65,87880,买盘
776,13:53:00,13.5,-0.02,36,48600,卖盘
777,13:52:57,13.52,--,23,31096,买盘
778,13:52:54,13.52,0.02,109,147368,买盘
779,13:52:51,13.5,-0.01,23,31050,卖盘
780,13:52:48,13.51,0.01,8,10808,买盘
781,13:52:45,13.5,--,24,32400,买盘
782,13:52:39,13.5,--,5,6750,买盘
783,13:52:36,13.5,--,1,1350,买盘
784,13:52:33,13.5,--,28,37800,买盘
785,13:52:30,13.5,-0.02,56,75600,卖盘
786,13:52:21,13.52,0.02,148,200096,买盘
787,13:52:18,13.5,-0.02,168,226800,卖盘
788,13:52:00,13.52,--,32,43264,买盘
789,13:51:54,13.52,0.02,25,33800,买盘
790,13:51:51,13.5,-0.02,5,6750,卖盘
791,13:51:48,13.52,0.02,24,32448,买盘
792,13:51:45,13.5,--,43,58050,卖盘
793,13:51:42,13.5,-0.02,83,112050,卖盘
794,13:51:39,13.52,--,40,54080,买盘
795,13:51:36,13.52,0.02,23,31096,买盘
796,13:51:27,13.5,--,18,24300,卖盘
797,13:51:24,13.5,-0.02,11,14850,中性盘
798,13:51:21,13.52,0.03,45,60840,买盘
799,13:51:18,13.49,-0.01,11,14839,卖盘
800,13:51:15,13.5,0.01,35,47250,买盘
801,13:51:06,13.49,0.01,153,206397,买盘
802,13:51:00,13.48,0.01,93,125364,买盘
803,13:50:57,13.47,0.01,155,208785,买盘
804,13:50:48,13.46,-0.01,40,53840,卖盘
805,13:50:45,13.47,-0.01,25,33675,买盘
806,13:50:36,13.48,0.01,51,68748,买盘
807,13:50:33,13.47,0.01,5,6735,卖盘
808,13:50:30,13.46,--,52,69992,卖盘
809,13:50:24,13.46,--,10,13460,卖盘
810,13:50:21,13.46,--,5,6730,卖盘
811,13:50:18,13.46,-0.01,1,1346,中性盘
812,13:50:15,13.47,0.02,18,24246,中性盘
813,13:50:12,13.45,-0.03,15,20175,卖盘
814,13:50:06,13.48,0.02,5,6740,中性盘
815,13:50:03,13.46,-0.02,656,882976,卖盘
816,13:50:00,13.48,--,100,134800,卖盘
817,13:49:48,13.48,-0.01,24,32352,卖盘
818,13:49:42,13.49,--,30,40470,买盘
819,13:49:36,13.49,--,20,26980,卖盘
820,13:49:33,13.49,--,406,547694,卖盘
821,13:49:30,13.49,--,76,102524,卖盘
822,13:49:24,13.49,-0.01,3,4047,卖盘
823,13:49:21,13.5,0.01,20,27000,买盘
824,13:49:15,13.49,-0.01,17,23202,卖盘
825,13:49:09,13.5,--,25,33750,卖盘
826,13:49:06,13.5,-0.02,1006,1358100,卖盘
827,13:49:03,13.52,--,158,213616,卖盘
828,13:49:00,13.52,--,7,9464,卖盘
829,13:48:57,13.52,-0.01,56,75712,卖盘
830,13:48:54,13.53,0.01,9,12177,买盘
831,13:48:51,13.52,-0.01,120,162240,卖盘
832,13:48:48,13.53,--,15,20295,买盘
833,13:48:45,13.53,--,6,8118,买盘
834,13:48:39,13.53,--,28,37884,买盘
835,13:48:36,13.53,--,28,37884,买盘
836,13:48:33,13.53,--,13,17589,卖盘
837,13:48:30,13.53,--,10,13530,卖盘
838,13:48:27,13.53,--,11,14883,卖盘
839,13:48:24,13.53,--,10,13530,卖盘
840,13:48:21,13.53,-0.01,50,67650,卖盘
841,13:48:18,13.54,0.01,15,20310,买盘
842,13:48:09,13.53,--,47,63591,卖盘
843,13:48:06,13.53,--,11,14883,卖盘
844,13:48:00,13.53,--,100,135300,卖盘
845,13:47:57,13.53,--,10,13530,卖盘
846,13:47:48,13.53,--,22,29766,卖盘
847,13:47:39,13.53,--,5,6765,卖盘
848,13:47:27,13.53,--,2,2706,卖盘
849,13:47:24,13.53,--,20,27060,卖盘
850,13:47:21,13.53,-0.01,41,55473,卖盘
851,13:47:18,13.54,0.01,7,9478,买盘
852,13:47:15,13.53,-0.01,1,1353,卖盘
853,13:47:12,13.54,0.01,23,31141,买盘
854,13:47:09,13.53,--,36,48708,卖盘
855,13:47:06,13.53,--,2,2706,卖盘
856,13:47:03,13.53,--,160,216480,卖盘
857,13:47:00,13.53,--,50,67650,买盘
858,13:46:57,13.53,--,36,48708,买盘
859,13:46:51,13.53,--,55,74415,买盘
860,13:46:45,13.53,--,2,2706,买盘
861,13:46:42,13.53,--,53,71709,买盘
862,13:46:39,13.53,0.01,39,52767,买盘
863,13:46:36,13.52,-0.01,56,75712,卖盘
864,13:46:30,13.53,--,13,17589,买盘
865,13:46:24,13.53,--,1,1353,卖盘
866,13:46:18,13.53,--,8,10824,卖盘
867,13:46:15,13.53,--,22,29766,卖盘
868,13:46:05,13.53,--,18,24354,卖盘
869,13:46:02,13.53,--,13,17589,卖盘
870,13:45:56,13.53,-0.01,25,33825,卖盘
871,13:45:53,13.54,--,20,27080,买盘
872,13:45:50,13.54,0.01,16,21664,买盘
873,13:45:44,13.53,--,37,50061,买盘
874,13:45:41,13.53,--,3,4059,卖盘
875,13:45:38,13.53,--,14,18942,卖盘
876,13:45:35,13.53,-0.01,10,13530,卖盘
877,13:45:32,13.54,0.01,1,1354,买盘
878,13:45:29,13.53,0.01,3,4059,卖盘
879,13:45:26,13.52,-0.02,10,13520,卖盘
880,13:45:23,13.54,0.01,11,14893,买盘
881,13:45:20,13.53,--,14,18942,买盘
882,13:45:14,13.53,0.02,9,12177,买盘
883,13:45:05,13.51,-0.01,109,147259,卖盘
884,13:45:02,13.52,--,56,75712,买盘
885,13:44:59,13.52,0.01,52,70304,买盘
886,13:44:56,13.51,--,42,57822,卖盘
887,13:44:53,13.51,--,6,8106,卖盘
888,13:44:50,13.51,0.01,6,8106,中性盘
889,13:44:47,13.5,-0.01,57,76950,卖盘
890,13:44:44,13.51,--,55,74305,买盘
891,13:44:38,13.51,--,100,135100,买盘
892,13:44:35,13.51,0.01,130,175630,买盘
893,13:44:32,13.5,-0.01,119,160650,卖盘
894,13:44:29,13.51,--,12,16212,买盘
895,13:44:26,13.51,0.01,2,2702,买盘
896,13:44:23,13.5,--,10,13500,卖盘
897,13:44:20,13.5,-0.01,70,94500,卖盘
898,13:44:17,13.51,0.01,104,140504,买盘
899,13:44:14,13.5,--,2,2700,卖盘
900,13:44:11,13.5,--,124,167400,卖盘
901,13:44:08,13.5,--,277,373950,卖盘
902,13:44:05,13.5,-0.01,52,70200,卖盘
903,13:43:59,13.51,--,125,168875,买盘
904,13:43:56,13.51,--,3,4053,买盘
905,13:43:53,13.51,--,10,13510,买盘
906,13:43:50,13.51,--,8,10808,买盘
907,13:43:47,13.51,--,301,406651,卖盘
908,13:43:41,13.51,-0.01,216,291816,卖盘
909,13:43:35,13.52,--,13,17576,买盘
910,13:43:29,13.52,--,2,2704,买盘
911,13:43:26,13.52,--,5,6760,买盘
912,13:43:23,13.52,--,12,16224,卖盘
913,13:43:20,13.52,--,53,71656,卖盘
914,13:43:17,13.52,-0.01,125,169000,卖盘
915,13:43:14,13.53,--,141,190773,买盘
916,13:43:11,13.53,--,7,9471,中性盘
917,13:43:08,13.53,0.01,61,82533,买盘
918,13:43:05,13.52,-0.01,151,204152,卖盘
919,13:42:59,13.53,0.01,134,181302,买盘
920,13:42:56,13.52,-0.01,81,109512,卖盘
921,13:42:53,13.53,0.01,88,119064,买盘
922,13:42:47,13.52,--,21,28392,卖盘
923,13:42:44,13.52,-0.01,45,60840,卖盘
924,13:42:41,13.53,0.01,105,142065,买盘
925,13:42:35,13.52,-0.01,125,169000,卖盘
926,13:42:32,13.53,0.01,10,13530,买盘
927,13:42:29,13.52,--,86,116272,卖盘
928,13:42:26,13.52,--,7,9464,卖盘
929,13:42:20,13.52,--,3,4056,卖盘
930,13:42:17,13.52,-0.01,219,296088,卖盘
931,13:42:14,13.53,--,114,154242,卖盘
932,13:42:11,13.53,-0.01,102,138006,卖盘
933,13:42:02,13.54,-0.01,8,10832,卖盘
934,13:41:59,13.55,--,105,142275,买盘
935,13:41:50,13.55,--,7,9485,买盘
936,13:41:47,13.55,--,162,220323,卖盘
937,13:41:44,13.55,-0.01,181,245255,卖盘
938,13:41:38,13.56,0.01,20,27120,中性盘
939,13:41:35,13.55,-0.01,58,78590,卖盘
940,13:41:32,13.56,--,26,35256,卖盘
941,13:41:29,13.56,-0.01,251,340356,卖盘
942,13:41:26,13.57,0.01,4,5428,买盘
943,13:41:23,13.56,-0.01,14,18984,卖盘
944,13:41:20,13.57,--,112,151984,卖盘
945,13:41:14,13.57,--,22,29854,卖盘
946,13:41:08,13.57,--,84,113988,卖盘
947,13:41:05,13.57,-0.01,7,9499,卖盘
948,13:41:02,13.58,--,5,6790,买盘
949,13:40:59,13.58,--,18,24444,卖盘
950,13:40:56,13.58,--,33,44814,卖盘
951,13:40:53,13.58,--,124,168392,卖盘
952,13:40:50,13.58,-0.01,47,63826,卖盘
953,13:40:47,13.59,0.01,31,42129,买盘
954,13:40:44,13.58,--,92,124936,卖盘
955,13:40:41,13.58,--,49,66542,卖盘
956,13:40:38,13.58,-0.01,97,131726,卖盘
957,13:40:32,13.59,-0.01,223,303057,卖盘
958,13:40:29,13.6,0.01,68,92480,买盘
959,13:40:23,13.59,--,160,217440,卖盘
960,13:40:17,13.59,--,10,13590,卖盘
961,13:40:14,13.59,--,134,182106,卖盘
962,13:40:11,13.59,--,5,6795,卖盘
963,13:40:08,13.59,--,24,32616,卖盘
964,13:40:05,13.59,0.01,158,214722,买盘
965,13:39:59,13.58,--,4,5432,卖盘
966,13:39:56,13.58,--,5,6790,卖盘
967,13:39:53,13.58,0.01,41,55678,买盘
968,13:39:47,13.57,--,70,94990,卖盘
969,13:39:41,13.57,-0.01,10,13570,卖盘
970,13:39:38,13.58,0.01,1,1358,买盘
971,13:39:35,13.57,--,23,31211,卖盘
972,13:39:32,13.57,-0.01,11,14927,卖盘
973,13:39:29,13.58,-0.01,55,74690,中性盘
974,13:39:26,13.59,0.02,283,384597,买盘
975,13:39:20,13.57,--,70,94990,卖盘
976,13:39:17,13.57,--,15,20355,卖盘
977,13:39:14,13.57,-0.01,51,69207,卖盘
978,13:39:11,13.58,0.01,12,16296,买盘
979,13:39:08,13.57,--,51,69207,卖盘
980,13:39:05,13.57,--,13,17641,卖盘
981,13:39:02,13.57,0.01,20,27140,买盘
982,13:38:59,13.56,--,53,71868,卖盘
983,13:38:50,13.56,-0.01,52,71054,卖盘
984,13:38:44,13.57,--,16,21712,卖盘
985,13:38:38,13.57,--,15,20355,卖盘
986,13:38:35,13.57,--,40,54280,卖盘
987,13:38:32,13.57,-0.01,14,18998,卖盘
988,13:38:23,13.58,--,20,27160,买盘
989,13:38:20,13.58,--,5,6790,卖盘
990,13:38:14,13.58,-0.02,39,52962,卖盘
991,13:38:11,13.6,-0.01,60,82048,卖盘
992,13:38:08,13.61,--,1809,2462049,买盘
993,13:38:02,13.61,--,222,302142,买盘
994,13:37:59,13.61,--,464,631504,买盘
995,13:37:56,13.61,0.01,161,219189,买盘
996,13:37:53,13.6,--,261,354960,卖盘
997,13:37:50,13.6,--,120,163200,卖盘
998,13:37:47,13.6,-0.01,118,160480,卖盘
999,13:37:44,13.61,0.01,142,193262,买盘
1000,13:37:41,13.6,-0.01,180,244800,卖盘
1001,13:37:38,13.61,--,525,714525,买盘
1002,13:37:35,13.61,0.01,26,35386,买盘
1003,13:37:32,13.6,-0.01,242,329120,卖盘
1004,13:37:29,13.61,0.01,105,142905,买盘
1005,13:37:26,13.6,-0.01,115,156400,卖盘
1006,13:37:23,13.61,--,413,562093,买盘
1007,13:37:20,13.61,0.01,55,74855,买盘
1008,13:37:17,13.6,-0.01,22,29920,卖盘
1009,13:37:14,13.61,0.01,94,127934,买盘
1010,13:37:11,13.6,--,45,61200,卖盘
1011,13:37:08,13.6,-0.01,316,429760,卖盘
1012,13:37:02,13.61,--,22,29942,买盘
1013,13:36:59,13.61,0.01,72,97992,买盘
1014,13:36:56,13.6,--,100,136000,卖盘
1015,13:36:53,13.6,--,29,39440,卖盘
1016,13:36:50,13.6,--,16,21760,卖盘
1017,13:36:47,13.6,-0.01,36,48960,卖盘
1018,13:36:44,13.61,0.01,339,461379,买盘
1019,13:36:41,13.6,--,54,73440,卖盘
1020,13:36:38,13.6,--,905,1230800,卖盘
1021,13:36:32,13.6,--,180,244800,卖盘
1022,13:36:29,13.6,--,4,5440,卖盘
1023,13:36:26,13.6,--,53,72080,卖盘
1024,13:36:23,13.6,0.04,5885,8003600,买盘
1025,13:36:20,13.56,--,260,352560,卖盘
1026,13:36:11,13.56,--,8,10848,卖盘
1027,13:36:08,13.56,--,42,56952,卖盘
1028,13:36:05,13.56,--,94,127464,卖盘
1029,13:35:56,13.56,-0.01,23,31188,卖盘
1030,13:35:50,13.57,--,104,141128,卖盘
1031,13:35:44,13.57,--,46,62422,买盘
1032,13:35:38,13.57,--,231,313467,买盘
1033,13:35:32,13.57,--,11,14927,买盘
1034,13:35:29,13.57,0.01,30,40710,买盘
1035,13:35:26,13.56,--,12,16272,卖盘
1036,13:35:23,13.56,--,44,59664,卖盘
1037,13:35:20,13.56,-0.01,51,69156,卖盘
1038,13:35:17,13.57,--,130,176410,买盘
1039,13:35:14,13.57,--,32,43424,买盘
1040,13:35:11,13.57,0.01,28,37996,买盘
1041,13:35:05,13.56,-0.01,5,6780,卖盘
1042,13:35:02,13.57,--,67,90919,卖盘
1043,13:34:59,13.57,-0.01,80,108560,卖盘
1044,13:34:53,13.58,-0.01,6,8148,卖盘
1045,13:34:47,13.59,--,100,135900,买盘
1046,13:34:41,13.59,--,67,91053,买盘
1047,13:34:35,13.59,-0.01,26,35334,买盘
1048,13:34:32,13.6,--,169,229840,卖盘
1049,13:34:29,13.6,--,104,141440,卖盘
1050,13:34:26,13.6,--,1916,2605760,买盘
1051,13:34:23,13.6,--,13,17680,买盘
1052,13:34:17,13.6,--,20,27200,买盘
1053,13:34:14,13.6,--,230,312800,卖盘
1054,13:34:11,13.6,--,289,393040,卖盘
1055,13:34:08,13.6,--,527,716720,卖盘
1056,13:34:05,13.6,--,104,141440,卖盘
1057,13:34:02,13.6,-0.01,210,285600,卖盘
1058,13:33:56,13.61,0.01,244,332084,买盘
1059,13:33:53,13.6,-0.01,191,259760,卖盘
1060,13:33:50,13.61,--,174,236814,买盘
1061,13:33:47,13.61,--,107,145627,买盘
1062,13:33:44,13.61,--,69,93909,买盘
1063,13:33:35,13.61,0.01,70,95270,买盘
1064,13:33:32,13.6,-0.01,224,304640,卖盘
1065,13:33:29,13.61,--,471,641031,买盘
1066,13:33:23,13.61,0.01,35,47635,买盘
1067,13:33:20,13.6,-0.01,104,141440,卖盘
1068,13:33:17,13.61,0.01,15,20415,买盘
1069,13:33:14,13.6,--,49,66640,卖盘
1070,13:33:11,13.6,-0.01,366,497760,卖盘
1071,13:33:08,13.61,--,50,68050,买盘
1072,13:33:05,13.61,0.03,193,262673,买盘
1073,13:33:02,13.58,--,204,277032,卖盘
1074,13:32:56,13.58,--,5,6790,卖盘
1075,13:32:53,13.58,-0.02,44,59928,卖盘
1076,13:32:50,13.6,0.03,2094,2849023,买盘
1077,13:32:47,13.57,--,115,156055,卖盘
1078,13:32:41,13.57,--,81,109917,卖盘
1079,13:32:38,13.57,--,274,371818,卖盘
1080,13:32:35,13.57,--,20,27140,卖盘
1081,13:32:29,13.57,--,10,13570,卖盘
1082,13:32:26,13.57,--,22,29854,卖盘
1083,13:32:23,13.57,0.01,263,357732,买盘
1084,13:32:20,13.56,-0.01,22,29832,卖盘
1085,13:32:17,13.57,--,69,93633,买盘
1086,13:32:14,13.57,--,25,33925,买盘
1087,13:32:11,13.57,0.01,40,54280,买盘
1088,13:32:08,13.56,--,17,23052,卖盘
1089,13:32:05,13.56,-0.01,19,25764,卖盘
1090,13:32:02,13.57,0.01,83,112631,买盘
1091,13:31:59,13.56,--,1,1356,卖盘
1092,13:31:56,13.56,--,5,6780,卖盘
1093,13:31:53,13.56,--,6,8136,卖盘
1094,13:31:50,13.56,--,27,36612,卖盘
1095,13:31:44,13.56,--,23,31188,卖盘
1096,13:31:41,13.56,--,4,5424,卖盘
1097,13:31:38,13.56,-0.01,35,47460,中性盘
1098,13:31:35,13.57,0.02,277,375889,买盘
1099,13:31:32,13.55,-0.01,1,1355,卖盘
1100,13:31:26,13.56,--,267,362052,买盘
1101,13:31:20,13.56,--,5,6780,买盘
1102,13:31:17,13.56,--,45,61020,买盘
1103,13:31:14,13.56,-0.01,35,47460,卖盘
1104,13:31:11,13.57,0.01,624,846768,买盘
1105,13:31:08,13.56,--,6,8136,卖盘
1106,13:31:05,13.56,--,5,6780,卖盘
1107,13:31:02,13.56,--,73,98988,卖盘
1108,13:30:59,13.56,--,14,18984,卖盘
1109,13:30:56,13.56,--,23,31188,卖盘
1110,13:30:53,13.56,--,10,13560,卖盘
1111,13:30:50,13.56,-0.01,120,162720,卖盘
1112,13:30:47,13.57,0.01,75,101775,买盘
1113,13:30:44,13.56,-0.01,4,5424,卖盘
1114,13:30:38,13.57,--,18,24426,买盘
1115,13:30:38,13.57,--,108,146556,买盘
1116,13:30:32,13.57,--,35,47495,卖盘
1117,13:30:29,13.57,--,130,176410,卖盘
1118,13:30:26,13.57,--,39,52923,卖盘
1119,13:30:23,13.57,-0.01,39,52923,卖盘
1120,13:30:20,13.58,--,42,57036,买盘
1121,13:30:17,13.58,--,124,168392,买盘
1122,13:30:11,13.58,--,42,57036,买盘
1123,13:30:08,13.58,0.02,20,27160,买盘
1124,13:30:05,13.56,--,3,4068,卖盘
1125,13:30:02,13.56,--,57,77292,卖盘
1126,13:29:59,13.56,--,70,94920,卖盘
1127,13:29:53,13.56,--,16,21696,卖盘
1128,13:29:47,13.56,-0.03,24,32544,卖盘
1129,13:29:38,13.59,0.03,41,55719,买盘
1130,13:29:38,13.56,-0.01,44,59664,卖盘
1131,13:29:32,13.57,-0.03,1,1357,卖盘
1132,13:29:29,13.6,--,15,20400,买盘
1133,13:29:26,13.6,--,18,24480,买盘
1134,13:29:23,13.6,--,28,38080,买盘
1135,13:29:20,13.6,--,38,51680,买盘
1136,13:29:17,13.6,-0.01,58,78880,卖盘
1137,13:29:14,13.61,--,427,581147,买盘
1138,13:29:11,13.61,0.01,161,219121,买盘
1139,13:29:08,13.6,--,133,180880,卖盘
1140,13:29:05,13.6,--,42,57120,卖盘
1141,13:28:59,13.6,--,61,82960,卖盘
1142,13:28:56,13.6,-0.01,731,994160,卖盘
1143,13:28:53,13.61,-0.01,182,247702,卖盘
1144,13:28:50,13.62,0.02,238,324156,买盘
1145,13:28:47,13.6,-0.01,266,361760,卖盘
1146,13:28:44,13.61,0.01,154,209594,买盘
1147,13:28:41,13.6,--,697,947920,卖盘
1148,13:28:38,13.6,--,88,119680,卖盘
1149,13:28:35,13.6,0.06,8058,10959872,买盘
1150,13:28:32,13.54,--,153,207162,卖盘
1151,13:28:29,13.54,--,87,117797,卖盘
1152,13:28:26,13.54,--,110,148940,卖盘
1153,13:28:23,13.54,--,51,69054,卖盘
1154,13:28:20,13.54,0.02,2103,2847475,买盘
1155,13:28:17,13.52,0.01,10,13520,买盘
1156,13:28:11,13.51,-0.01,42,56742,卖盘
1157,13:28:08,13.52,--,203,274456,卖盘
1158,13:28:05,13.52,--,200,270400,卖盘
1159,13:28:02,13.52,0.01,201,271752,买盘
1160,13:27:56,13.51,-0.01,14,18914,卖盘
1161,13:27:47,13.52,0.01,108,146016,买盘
1162,13:27:44,13.51,--,6,8106,卖盘
1163,13:27:41,13.51,-0.01,7,9457,卖盘
1164,13:27:38,13.52,--,9,12168,买盘
1165,13:27:35,13.52,0.01,5,6760,买盘
1166,13:27:32,13.51,-0.01,140,189140,卖盘
1167,13:27:29,13.52,-0.01,3,4056,卖盘
1168,13:27:26,13.53,0.01,166,225680,买盘
1169,13:27:23,13.52,-0.01,68,91936,卖盘
1170,13:27:17,13.53,0.01,26,35178,买盘
1171,13:27:14,13.52,-0.01,55,74360,卖盘
1172,13:27:08,13.53,0.01,4,5412,买盘
1173,13:27:05,13.52,--,40,54080,卖盘
1174,13:27:02,13.52,--,168,227136,卖盘
1175,13:26:59,13.52,--,97,131144,卖盘
1176,13:26:56,13.52,--,47,63544,卖盘
1177,13:26:53,13.52,--,153,206856,卖盘
1178,13:26:50,13.52,--,70,94640,卖盘
1179,13:26:47,13.52,--,168,227136,卖盘
1180,13:26:35,13.52,--,141,190902,卖盘
1181,13:26:29,13.52,--,140,189280,卖盘
1182,13:26:26,13.52,--,47,63544,卖盘
1183,13:26:23,13.52,--,30,40560,卖盘
1184,13:26:20,13.52,-0.01,13,17576,卖盘
1185,13:26:17,13.53,0.01,54,73062,买盘
1186,13:26:14,13.52,--,30,40560,卖盘
1187,13:26:11,13.52,--,45,60840,卖盘
1188,13:26:08,13.52,0.01,24,32448,中性盘
1189,13:26:02,13.51,--,277,374227,卖盘
1190,13:25:59,13.51,-0.01,1,1351,卖盘
1191,13:25:56,13.52,--,2,2704,买盘
1192,13:25:53,13.52,--,26,35152,买盘
1193,13:25:50,13.52,--,168,227136,买盘
1194,13:25:44,13.52,-0.01,20,27040,中性盘
1195,13:25:41,13.53,--,53,71709,买盘
1196,13:25:38,13.53,0.02,34,46002,买盘
1197,13:25:31,13.51,-0.01,76,103608,卖盘
1198,13:25:28,13.52,--,131,177112,卖盘
1199,13:25:22,13.52,--,56,75712,卖盘
1200,13:25:19,13.52,--,42,56784,买盘
1201,13:25:16,13.52,0.01,1,1352,买盘
1202,13:25:10,13.51,-0.01,35,47285,卖盘
1203,13:25:04,13.52,--,50,67600,卖盘
1204,13:25:01,13.52,0.01,449,607048,买盘
1205,13:24:58,13.51,0.01,22,29722,卖盘
1206,13:24:55,13.5,-0.01,200,270000,卖盘
1207,13:24:52,13.51,--,62,83762,卖盘
1208,13:24:49,13.51,--,34,47068,买盘
1209,13:24:46,13.51,0.01,127,171577,买盘
1210,13:24:43,13.5,--,42,56700,卖盘
1211,13:24:37,13.5,0.01,179,241650,买盘
1212,13:24:34,13.49,--,25,33725,卖盘
1213,13:24:31,13.49,--,62,83638,卖盘
1214,13:24:25,13.49,--,310,418190,买盘
1215,13:24:19,13.49,0.01,155,209095,买盘
1216,13:24:16,13.48,-0.01,10,13480,卖盘
1217,13:24:13,13.49,--,27,36423,买盘
1218,13:24:07,13.49,0.01,60,80940,买盘
1219,13:24:01,13.48,-0.01,22,29656,卖盘
1220,13:23:58,13.49,0.01,5,6745,买盘
1221,13:23:55,13.48,--,5,6740,卖盘
1222,13:23:52,13.48,-0.01,2,2696,卖盘
1223,13:23:46,13.49,--,1,1349,买盘
1224,13:23:43,13.49,--,10,13490,买盘
1225,13:23:40,13.49,-0.01,11,14839,卖盘
1226,13:23:37,13.5,--,143,193050,买盘
1227,13:23:28,13.5,--,137,184950,卖盘
1228,13:23:25,13.5,-0.01,4,5400,卖盘
1229,13:23:22,13.51,0.01,97,131047,买盘
1230,13:23:19,13.5,-0.01,10,13500,卖盘
1231,13:23:16,13.51,-0.01,89,120455,卖盘
1232,13:23:10,13.52,0.01,30,40560,买盘
1233,13:23:07,13.51,-0.02,50,67550,卖盘
1234,13:23:04,13.53,--,52,70356,买盘
1235,13:23:01,13.53,--,314,424842,买盘
1236,13:22:58,13.53,--,5,6765,买盘
1237,13:22:55,13.53,--,78,105534,买盘
1238,13:22:52,13.53,--,52,70356,买盘
1239,13:22:49,13.53,--,198,267894,卖盘
1240,13:22:46,13.53,-0.01,337,455961,卖盘
1241,13:22:43,13.54,0.01,36,48744,买盘
1242,13:22:40,13.53,-0.01,81,109593,卖盘
1243,13:22:37,13.54,0.01,70,94780,买盘
1244,13:22:34,13.53,-0.01,125,169125,卖盘
1245,13:22:31,13.54,-0.01,38,51452,买盘
1246,13:22:28,13.55,0.01,81,109755,买盘
1247,13:22:25,13.54,--,14,18956,卖盘
1248,13:22:22,13.54,0.02,589,797506,买盘
1249,13:22:19,13.52,-0.02,70,94640,卖盘
1250,13:22:16,13.54,-0.01,74,100196,卖盘
1251,13:22:13,13.55,0.02,1177,1594835,买盘
1252,13:22:10,13.53,-0.01,513,694089,卖盘
1253,13:22:07,13.54,--,186,251843,买盘
1254,13:22:01,13.54,--,118,159772,买盘
1255,13:21:58,13.54,--,4,5416,买盘
1256,13:21:55,13.54,0.01,15,20310,买盘
1257,13:21:52,13.53,--,625,845625,卖盘
1258,13:21:49,13.53,--,26,35178,卖盘
1259,13:21:46,13.53,0.01,747,1010691,买盘
1260,13:21:43,13.52,0.01,86,116272,买盘
1261,13:21:40,13.51,--,149,201299,卖盘
1262,13:21:34,13.51,--,5,6755,卖盘
1263,13:21:31,13.51,--,13,17563,卖盘
1264,13:21:25,13.51,--,336,455070,买盘
1265,13:21:22,13.51,0.01,109,147259,买盘
1266,13:21:19,13.5,-0.01,9,12150,卖盘
1267,13:21:16,13.51,--,108,145908,买盘
1268,13:21:13,13.51,0.01,20,27020,买盘
1269,13:21:10,13.5,--,60,81000,卖盘
1270,13:21:07,13.5,--,94,126900,卖盘
1271,13:21:04,13.5,0.01,297,400950,买盘
1272,13:21:01,13.49,--,13,17537,买盘
1273,13:20:58,13.49,--,95,128155,买盘
1274,13:20:55,13.49,-0.01,91,122759,卖盘
1275,13:20:49,13.5,--,68,91800,买盘
1276,13:20:43,13.5,--,145,195750,买盘
1277,13:20:37,13.5,0.01,27,36450,买盘
1278,13:20:34,13.49,0.02,177,238773,买盘
1279,13:20:31,13.47,--,21,28287,卖盘
1280,13:20:28,13.47,-0.01,72,96984,卖盘
1281,13:20:25,13.48,-0.02,372,501456,卖盘
1282,13:20:22,13.5,-0.01,13,17550,中性盘
1283,13:20:19,13.51,0.02,76,102676,买盘
1284,13:20:16,13.49,-0.01,71,95779,中性盘
1285,13:20:13,13.5,0.02,1107,1494450,买盘
1286,13:20:10,13.48,--,13,17524,买盘
1287,13:20:07,13.48,--,517,696916,买盘
1288,13:20:04,13.48,--,335,451580,买盘
1289,13:20:01,13.48,-0.02,293,394964,卖盘
1290,13:19:58,13.5,--,8,10800,买盘
1291,13:19:52,13.5,-0.01,240,324000,卖盘
1292,13:19:49,13.51,0.01,322,435022,买盘
1293,13:19:43,13.5,--,107,144450,卖盘
1294,13:19:40,13.5,--,167,225450,卖盘
1295,13:19:37,13.5,-0.01,123,166050,卖盘
1296,13:19:34,13.51,0.01,103,139153,买盘
1297,13:19:31,13.5,--,7,9450,卖盘
1298,13:19:28,13.5,-0.02,107,144450,卖盘
1299,13:19:25,13.52,0.03,18,24336,买盘
1300,13:19:22,13.49,-0.02,20,26980,卖盘
1301,13:19:19,13.51,0.02,22,29722,中性盘
1302,13:19:16,13.49,-0.04,12,16188,卖盘
1303,13:19:13,13.53,0.02,119,161007,买盘
1304,13:19:10,13.51,0.03,59,79709,买盘
1305,13:19:07,13.48,-0.03,68,91664,卖盘
1306,13:19:04,13.51,-0.03,31,41881,卖盘
1307,13:19:01,13.54,0.03,361,488793,买盘
1308,13:18:58,13.51,0.02,86,116186,买盘
1309,13:18:55,13.49,-0.01,135,182115,中性盘
1310,13:18:52,13.5,-0.01,9,12150,卖盘
1311,13:18:49,13.51,--,71,95921,买盘
1312,13:18:46,13.51,0.01,1771,2392621,买盘
1313,13:18:40,13.5,-0.01,502,677740,卖盘
1314,13:18:37,13.51,--,110,148610,卖盘
1315,13:18:31,13.51,--,212,286412,卖盘
1316,13:18:28,13.51,0.01,292,395802,买盘
1317,13:18:22,13.5,0.03,3549,4791244,买盘
1318,13:18:16,13.47,--,55,74085,买盘
1319,13:18:13,13.47,--,241,324627,卖盘
1320,13:18:10,13.47,--,226,304422,卖盘
1321,13:18:04,13.47,--,194,261318,卖盘
1322,13:18:01,13.47,-0.01,20,26940,卖盘
1323,13:17:58,13.48,0.03,443,597164,买盘
1324,13:17:55,13.45,--,399,536655,买盘
1325,13:17:49,13.45,0.01,9,12105,买盘
1326,13:17:46,13.44,-0.03,40,54297,卖盘
1327,13:17:43,13.47,0.02,12,16164,中性盘
1328,13:17:37,13.45,0.02,67,90115,买盘
1329,13:17:34,13.43,-0.01,3,4029,中性盘
1330,13:17:31,13.44,--,2100,2822400,买盘
1331,13:17:19,13.44,--,178,239232,买盘
1332,13:17:13,13.44,--,32,43008,买盘
1333,13:17:04,13.44,--,54,72576,买盘
1334,13:17:01,13.44,--,4,5376,买盘
1335,13:16:58,13.44,-0.01,89,119616,卖盘
1336,13:16:55,13.45,0.01,47,63215,买盘
1337,13:16:49,13.44,-0.01,38,51072,卖盘
1338,13:16:43,13.45,--,69,92805,买盘
1339,13:16:34,13.45,--,55,73975,买盘
1340,13:16:31,13.45,--,6,8070,买盘
1341,13:16:28,13.45,--,14,19368,卖盘
1342,13:16:19,13.45,--,50,67250,卖盘
1343,13:16:16,13.45,0.03,48,65367,买盘
1344,13:16:07,13.42,0.01,2206,2960452,买盘
1345,13:16:01,13.41,-0.01,10,13410,卖盘
1346,13:15:58,13.42,0.01,253,339526,买盘
1347,13:15:55,13.41,--,44,59004,卖盘
1348,13:15:52,13.41,--,559,749619,卖盘
1349,13:15:49,13.41,--,175,234675,卖盘
1350,13:15:43,13.41,--,10,13410,卖盘
1351,13:15:37,13.41,--,45,60345,卖盘
1352,13:15:31,13.41,--,12,16092,买盘
1353,13:15:28,13.41,--,29,38889,卖盘
1354,13:15:25,13.41,-0.01,55,73755,卖盘
1355,13:15:19,13.42,0.01,396,531432,买盘
1356,13:15:13,13.41,0.01,179,240039,买盘
1357,13:15:04,13.4,--,159,213060,卖盘
1358,13:15:01,13.4,--,28,37520,卖盘
1359,13:14:58,13.4,0.04,2234,2994364,买盘
1360,13:14:52,13.36,-0.01,142,189712,卖盘
1361,13:14:49,13.37,0.01,30,40110,买盘
1362,13:14:37,13.36,--,10,13360,卖盘
1363,13:14:16,13.36,-0.01,20,26720,卖盘
1364,13:14:07,13.37,-0.01,20,26740,中性盘
1365,13:13:55,13.38,0.01,57,76266,买盘
1366,13:13:49,13.37,--,63,84231,卖盘
1367,13:13:46,13.37,--,23,30751,卖盘
1368,13:13:34,13.37,0.01,48,64175,买盘
1369,13:13:31,13.36,-0.01,23,30728,卖盘
1370,13:13:25,13.37,--,30,40110,买盘
1371,13:13:16,13.37,0.01,24,32087,买盘
1372,13:13:10,13.36,--,20,26720,卖盘
1373,13:13:04,13.36,--,20,26720,卖盘
1374,13:12:52,13.36,-0.02,10,13360,卖盘
1375,13:12:49,13.38,--,5,6690,买盘
1376,13:12:43,13.38,--,9,12042,卖盘
1377,13:12:40,13.38,--,6,8028,卖盘
1378,13:12:34,13.38,-0.01,285,381330,中性盘
1379,13:12:22,13.39,--,50,66950,买盘
1380,13:12:19,13.39,--,15,20085,买盘
1381,13:12:16,13.39,--,10,13390,买盘
1382,13:11:52,13.39,0.04,1013,1356407,买盘
1383,13:11:34,13.35,-0.01,1,1335,卖盘
1384,13:11:25,13.36,-0.01,36,48096,卖盘
1385,13:11:07,13.37,--,10,13370,买盘
1386,13:11:01,13.37,0.01,3,4010,买盘
1387,13:10:58,13.36,-0.01,23,30728,卖盘
1388,13:10:55,13.37,--,2,2674,买盘
1389,13:10:49,13.37,--,10,13370,买盘
1390,13:10:40,13.37,0.01,23,30751,买盘
1391,13:10:37,13.36,-0.01,51,68136,中性盘
1392,13:10:25,13.37,0.01,100,133700,买盘
1393,13:10:22,13.36,--,13,17368,买盘
1394,13:10:07,13.36,0.02,8,10688,买盘
1395,13:09:58,13.34,--,46,61364,卖盘
1396,13:09:49,13.34,-0.02,46,61364,卖盘
1397,13:09:46,13.36,0.02,29,38744,买盘
1398,13:09:10,13.34,0.01,6,8004,中性盘
1399,13:08:49,13.33,-0.04,46,61318,卖盘
1400,13:08:46,13.37,0.01,20,26740,买盘
1401,13:08:43,13.36,--,23,30728,卖盘
1402,13:08:40,13.36,-0.01,1,1336,卖盘
1403,13:08:22,13.37,--,4,5348,买盘
1404,13:08:19,13.37,--,1,1337,买盘
1405,13:08:16,13.37,--,90,120330,买盘
1406,13:08:07,13.37,0.01,6,8021,中性盘
1407,13:07:58,13.36,-0.02,1,1336,卖盘
1408,13:07:55,13.38,0.01,10,13380,买盘
1409,13:07:49,13.37,-0.01,14,18718,卖盘
1410,13:07:43,13.38,--,18,24084,买盘
1411,13:07:37,13.38,--,23,30774,买盘
1412,13:07:34,13.38,0.01,5,6690,买盘
1413,13:07:31,13.37,--,4,5348,卖盘
1414,13:07:10,13.37,--,178,238908,买盘
1415,13:07:07,13.37,0.01,223,298151,买盘
1416,13:06:58,13.36,--,28,37408,买盘
1417,13:06:55,13.36,--,2,2672,买盘
1418,13:06:37,13.36,--,23,30728,买盘
1419,13:06:34,13.36,0.01,156,208416,买盘
1420,13:06:25,13.35,--,85,113475,买盘
1421,13:06:21,13.35,--,73,97455,买盘
1422,13:06:12,13.35,0.01,23,30705,买盘
1423,13:06:09,13.34,--,1,1334,卖盘
1424,13:06:00,13.34,0.01,7,9338,买盘
1425,13:05:48,13.33,-0.01,1,1333,卖盘
1426,13:05:36,13.34,--,7,9338,买盘
1427,13:05:30,13.34,--,10,13340,买盘
1428,13:05:24,13.34,0.02,2,2668,买盘
1429,13:05:03,13.32,-0.03,10,13320,卖盘
1430,13:04:54,13.35,0.03,136,181560,买盘
1431,13:04:45,13.32,--,17,22644,卖盘
1432,13:04:39,13.32,--,5,6660,卖盘
1433,13:04:30,13.32,--,1,1332,卖盘
1434,13:04:15,13.32,--,11,14652,卖盘
1435,13:04:00,13.32,--,5,6660,卖盘
1436,13:03:48,13.32,--,1,1332,卖盘
1437,13:03:30,13.32,--,9,11988,卖盘
1438,13:03:21,13.32,-0.01,23,30636,卖盘
1439,13:03:12,13.33,--,7,9477,卖盘
1440,13:02:57,13.33,--,64,85312,卖盘
1441,13:02:51,13.33,--,23,30659,卖盘
1442,13:02:48,13.33,--,6,7998,卖盘
1443,13:02:39,13.33,--,23,30659,卖盘
1444,13:02:36,13.33,--,7,9331,卖盘
1445,13:02:33,13.33,--,23,30659,卖盘
1446,13:02:30,13.33,-0.02,24,31992,卖盘
1447,13:02:03,13.35,0.02,136,181560,买盘
1448,13:01:48,13.33,--,16,21328,卖盘
1449,13:01:45,13.33,--,16,21328,卖盘
1450,13:01:30,13.33,--,46,61318,卖盘
1451,13:01:21,13.33,--,23,30659,卖盘
1452,13:01:09,13.33,--,23,30659,卖盘
1453,13:00:48,13.33,-0.01,23,30659,卖盘
1454,13:00:45,13.34,--,10,13340,卖盘
1455,13:00:24,13.34,0.01,6,8004,卖盘
1456,13:00:15,13.33,-0.01,52,69316,卖盘
1457,13:00:06,13.34,--,78,104052,买盘
1458,13:00:03,13.34,--,259,345506,中性盘
1459,13:00:00,13.34,--,4,5336,买盘
1460,11:29:47,13.34,0.01,1,1334,买盘
1461,11:29:38,13.33,--,2,2666,卖盘
1462,11:29:35,13.33,--,23,30659,卖盘
1463,11:29:20,13.33,--,2,2666,卖盘
1464,11:29:11,13.33,--,100,133300,卖盘
1465,11:28:53,13.33,--,20,26660,卖盘
1466,11:28:44,13.33,-0.02,20,26660,卖盘
1467,11:28:38,13.35,-0.01,22,29370,卖盘
1468,11:28:35,13.36,0.01,2,2672,买盘
1469,11:27:56,13.35,0.02,10,13350,买盘
1470,11:27:32,13.33,--,5,6665,卖盘
1471,11:27:26,13.33,-0.02,23,30659,卖盘
1472,11:27:05,13.35,--,23,30705,买盘
1473,11:27:02,13.35,--,5,6675,买盘
1474,11:26:59,13.35,--,2,2670,买盘
1475,11:26:56,13.35,0.02,8,11868,买盘
1476,11:26:44,13.33,--,24,31992,卖盘
1477,11:26:35,13.33,-0.02,20,26660,卖盘
1478,11:26:32,13.35,--,7,9345,买盘
1479,11:26:29,13.35,--,46,61410,买盘
1480,11:26:20,13.35,0.02,23,30705,买盘
1481,11:26:14,13.33,--,1,1333,买盘
1482,11:26:11,13.33,--,37,49321,买盘
1483,11:26:05,13.33,--,85,113305,买盘
1484,11:25:59,13.33,--,7,9331,买盘
1485,11:25:53,13.33,--,26,35844,买盘
1486,11:25:47,13.33,--,23,30659,买盘
1487,11:25:44,13.33,0.01,102,135966,买盘
1488,11:25:35,13.32,-0.01,200,266400,卖盘
1489,11:25:28,13.33,--,61,81313,买盘
1490,11:25:25,13.33,--,23,30659,买盘
1491,11:25:22,13.33,--,47,62651,买盘
1492,11:25:16,13.33,--,23,30659,买盘
1493,11:25:10,13.33,0.01,13,17329,买盘
1494,11:25:04,13.32,-0.01,6,7992,卖盘
1495,11:24:58,13.33,0.01,7,9331,买盘
1496,11:24:52,13.32,-0.01,2,3862,卖盘
1497,11:24:40,13.33,0.01,42,55986,买盘
1498,11:24:37,13.32,-0.01,1,1332,卖盘
1499,11:24:34,13.33,--,30,39990,买盘
1500,11:24:28,13.33,0.01,1,1333,买盘
1501,11:24:22,13.32,-0.01,13,17582,卖盘
1502,11:24:19,13.33,--,4,5332,买盘
1503,11:24:16,13.33,--,4,5332,买盘
1504,11:24:13,13.33,0.01,35,46655,买盘
1505,11:24:10,13.32,-0.01,1,1332,卖盘
1506,11:24:01,13.33,0.01,18,23994,买盘
1507,11:23:52,13.32,--,2,3849,卖盘
1508,11:23:43,13.32,-0.01,10,13320,卖盘
1509,11:23:31,13.33,0.01,2,2666,买盘
1510,11:23:28,13.32,-0.01,6,7992,卖盘
1511,11:23:19,13.33,0.01,29,38657,买盘
1512,11:22:58,13.32,-0.01,123,163836,卖盘
1513,11:22:52,13.33,0.01,30,39990,买盘
1514,11:22:49,13.32,--,25,34498,卖盘
1515,11:22:40,13.32,--,16,21312,卖盘
1516,11:22:37,13.32,--,0,506,卖盘
1517,11:22:31,13.32,-0.01,106,141192,卖盘
1518,11:22:19,13.33,--,5,6665,买盘
1519,11:22:04,13.33,-0.01,178,237274,卖盘
1520,11:21:55,13.34,--,10,13340,买盘
1521,11:21:49,13.34,--,11,15127,卖盘
1522,11:21:37,13.34,--,3,4522,卖盘
1523,11:21:28,13.34,--,28,37352,卖盘
1524,11:21:25,13.34,--,27,36018,卖盘
1525,11:21:16,13.34,-0.01,7,9338,卖盘
1526,11:21:13,13.35,--,5,6675,买盘
1527,11:21:04,13.35,0.01,7,9345,买盘
1528,11:20:49,13.34,-0.01,2,3855,卖盘
1529,11:20:46,13.35,0.01,10,13350,买盘
1530,11:20:37,13.34,-0.02,3,4508,卖盘
1531,11:20:19,13.36,--,11,14696,买盘
1532,11:20:16,13.36,0.01,136,181696,买盘
1533,11:20:10,13.35,--,295,394959,卖盘
1534,11:20:07,13.35,--,10,13350,卖盘
1535,11:20:04,13.35,--,20,26700,卖盘
1536,11:19:52,13.35,-0.01,22,30544,卖盘
1537,11:19:46,13.36,--,15,20040,买盘
1538,11:19:40,13.36,--,132,176352,买盘
1539,11:19:34,13.36,--,117,156926,卖盘
1540,11:19:28,13.36,--,15,20040,卖盘
1541,11:19:22,13.36,--,24,32064,卖盘
1542,11:19:19,13.36,-0.01,5,6680,卖盘
1543,11:19:16,13.37,--,13,17381,买盘
1544,11:19:01,13.37,0.01,51,68187,买盘
1545,11:18:52,13.36,-0.01,25,34589,卖盘
1546,11:18:40,13.37,0.01,35,46795,买盘
1547,11:18:37,13.36,--,87,116232,卖盘
1548,11:18:34,13.36,--,26,35243,卖盘
1549,11:18:13,13.36,-0.02,10,13360,卖盘
1550,11:18:10,13.38,--,158,212394,买盘
1551,11:18:07,13.38,--,1,1338,买盘
1552,11:18:01,13.38,0.01,48,64571,买盘
1553,11:17:52,13.37,--,0,989,卖盘
1554,11:17:49,13.37,--,14,19065,买盘
1555,11:17:40,13.37,0.01,15,20055,卖盘
1556,11:17:37,13.36,-0.02,5,6680,卖盘
1557,11:17:34,13.38,0.01,45,60210,买盘
1558,11:17:31,13.37,0.01,4,5348,买盘
1559,11:17:25,13.36,-0.02,3,4008,卖盘
1560,11:17:22,13.38,--,80,107040,买盘
1561,11:17:19,13.38,0.02,300,401400,买盘
1562,11:17:16,13.36,-0.01,4,5344,卖盘
1563,11:17:13,13.37,0.01,12,16043,卖盘
1564,11:17:10,13.36,-0.01,40,53440,卖盘
1565,11:17:07,13.37,--,17,22729,买盘
1566,11:17:04,13.37,--,14,18718,买盘
1567,11:17:01,13.37,0.01,90,120330,买盘
1568,11:16:52,13.36,-0.01,2,3861,卖盘
1569,11:16:49,13.37,--,3,4010,买盘
1570,11:16:43,13.37,0.01,6,8021,买盘
1571,11:16:40,13.36,-0.01,3,4515,卖盘
1572,11:16:31,13.37,0.01,3,4010,买盘
1573,11:16:28,13.36,-0.02,38,50768,卖盘
1574,11:16:25,13.38,0.01,132,176616,买盘
1575,11:16:19,13.37,--,6,8021,买盘
1576,11:16:16,13.37,--,146,195202,买盘
1577,11:16:13,13.37,0.02,443,592291,买盘
1578,11:16:10,13.35,--,5,6675,卖盘
1579,11:16:04,13.35,-0.01,10,13350,卖盘
1580,11:16:01,13.36,--,10,13360,买盘
1581,11:15:58,13.36,0.01,111,148296,买盘
1582,11:15:49,13.35,-0.01,2,3844,卖盘
1583,11:15:46,13.36,0.01,150,200400,买盘
1584,11:15:43,13.35,--,10,13870,卖盘
1585,11:15:37,13.35,-0.01,10,13350,中性盘
1586,11:15:22,13.36,--,56,74816,买盘
1587,11:15:19,13.36,0.03,8,10688,买盘
1588,11:15:13,13.33,-0.03,41,54653,卖盘
1589,11:15:10,13.36,--,23,30728,买盘
1590,11:15:07,13.36,0.01,184,245824,买盘
1591,11:15:04,13.35,--,10,13350,买盘
1592,11:15:01,13.35,--,23,30705,买盘
1593,11:14:58,13.35,0.01,43,57405,买盘
1594,11:14:49,13.34,--,12,17195,卖盘
1595,11:14:43,13.34,--,1,1334,卖盘
1596,11:14:40,13.34,--,3,4522,卖盘
1597,11:14:34,13.34,-0.01,10,13340,卖盘
1598,11:14:28,13.35,--,4,5340,买盘
1599,11:14:25,13.35,--,59,78765,买盘
1600,11:14:22,13.35,--,37,49395,买盘
1601,11:14:19,13.35,--,3,4005,买盘
1602,11:14:13,13.35,0.01,21,28035,买盘
1603,11:14:10,13.34,-0.01,5,6670,卖盘
1604,11:14:04,13.35,0.01,34,45390,买盘
1605,11:14:01,13.34,-0.01,4,5336,卖盘
1606,11:13:58,13.35,--,65,86775,买盘
1607,11:13:55,13.35,--,150,200250,买盘
1608,11:13:52,13.35,0.02,138,185418,买盘
1609,11:13:37,13.33,-0.01,3,4505,卖盘
1610,11:13:34,13.34,--,136,181424,买盘
1611,11:13:22,13.34,--,18,24012,买盘
1612,11:13:16,13.34,--,1,1334,买盘
1613,11:13:04,13.34,--,2,2668,买盘
1614,11:13:01,13.34,0.01,136,181424,买盘
1615,11:12:52,13.33,--,38,51227,卖盘
1616,11:12:46,13.33,--,16,22527,卖盘
1617,11:12:40,13.33,-0.01,135,180474,卖盘
1618,11:12:22,13.34,--,136,181424,买盘
1619,11:12:19,13.34,0.01,30,40020,买盘
1620,11:12:16,13.33,--,32,42656,卖盘
1621,11:12:13,13.33,-0.01,60,79980,卖盘
1622,11:12:07,13.34,0.01,1,1334,买盘
1623,11:11:46,13.33,-0.01,2,3852,卖盘
1624,11:11:34,13.34,0.01,13,17862,买盘
1625,11:11:31,13.33,--,21,27993,卖盘
1626,11:11:25,13.33,-0.01,6,7998,卖盘
1627,11:11:19,13.34,0.01,6,8004,买盘
1628,11:10:49,13.33,0.01,50,66650,买盘
1629,11:10:46,13.32,-0.01,138,185001,卖盘
1630,11:10:37,13.33,0.01,21,28512,买盘
1631,11:10:31,13.32,-0.01,1,1332,卖盘
1632,11:10:25,13.33,--,11,14663,买盘
1633,11:10:13,13.33,-0.01,1,1333,中性盘
1634,11:10:04,13.34,0.01,169,225446,买盘
1635,11:10:01,13.33,--,15,19995,卖盘
1636,11:09:58,13.33,--,40,53320,卖盘
1637,11:09:55,13.33,--,10,13330,卖盘
1638,11:09:49,13.33,--,2,3852,卖盘
1639,11:09:43,13.33,--,205,273265,卖盘
1640,11:09:34,13.33,--,82,109825,买盘
1641,11:09:31,13.33,--,12,15996,买盘
1642,11:09:28,13.33,--,73,97309,买盘
1643,11:09:25,13.33,0.01,77,102641,买盘
1644,11:09:19,13.32,-0.01,4,5328,卖盘
1645,11:09:13,13.33,0.01,323,431092,买盘
1646,11:09:10,13.32,--,30,39960,买盘
1647,11:09:04,13.32,--,23,30636,买盘
1648,11:08:58,13.32,--,9,11988,买盘
1649,11:08:55,13.32,0.02,7,9324,买盘
1650,11:08:49,13.3,-0.02,2,3857,卖盘
1651,11:08:40,13.32,0.02,21,27972,买盘
1652,11:08:31,13.3,-0.02,70,93100,卖盘
1653,11:08:28,13.32,0.01,10,13320,买盘
1654,11:08:25,13.31,--,9,11979,卖盘
1655,11:08:22,13.31,-0.01,2,2662,中性盘
1656,11:08:16,13.32,--,3,3996,买盘
1657,11:08:04,13.32,0.01,26,34632,买盘
1658,11:07:58,13.31,0.01,1,1331,买盘
1659,11:07:52,13.3,--,2,3857,卖盘
1660,11:07:40,13.3,-0.01,3,4508,卖盘
1661,11:07:31,13.31,--,23,30613,买盘
1662,11:07:22,13.31,--,14,18634,买盘
1663,11:07:19,13.31,--,23,30613,买盘
1664,11:07:13,13.31,--,2,2662,买盘
1665,11:07:07,13.31,--,23,30613,买盘
1666,11:07:04,13.31,-0.02,10,13310,中性盘
1667,11:07:01,13.33,0.01,46,61318,买盘
1668,11:06:55,13.32,0.03,23,30636,买盘
1669,11:06:52,13.29,-0.03,67,89043,卖盘
1670,11:06:49,13.32,--,48,65134,买盘
1671,11:06:43,13.32,--,46,61272,买盘
1672,11:06:40,13.32,0.03,56,74592,买盘
1673,11:06:37,13.29,--,29,38541,买盘
1674,11:06:34,13.29,--,26,35085,买盘
1675,11:06:31,13.29,-0.04,23,30566,中性盘
1676,11:06:13,13.33,0.05,23,30659,买盘
1677,11:06:10,13.28,--,9,12483,买盘
1678,11:06:07,13.28,--,136,180608,买盘
1679,11:06:00,13.28,--,1,1328,买盘
1680,11:05:57,13.28,-0.05,323,429740,卖盘
1681,11:05:54,13.33,--,10,13330,卖盘
1682,11:05:48,13.33,0.05,398,531707,买盘
1683,11:05:45,13.28,--,2,3851,卖盘
1684,11:05:42,13.28,--,19,25232,卖盘
1685,11:05:39,13.28,--,3,4515,卖盘
1686,11:05:33,13.28,--,10,13280,卖盘
1687,11:05:18,13.28,--,30,39840,卖盘
1688,11:05:12,13.28,--,33,43824,卖盘
1689,11:05:06,13.28,--,302,401056,卖盘
1690,11:04:51,13.28,--,42,55776,卖盘
1691,11:04:45,13.28,-0.01,2,3864,卖盘
1692,11:04:42,13.29,0.01,7,9303,买盘
1693,11:04:36,13.28,-0.01,3,4515,卖盘
1694,11:04:18,13.29,0.01,282,374778,买盘
1695,11:04:15,13.28,-0.02,78,103584,卖盘
1696,11:04:09,13.3,0.01,1,1330,买盘
1697,11:04:06,13.29,--,10,13290,卖盘
1698,11:04:00,13.29,--,7,9303,卖盘
1699,11:03:57,13.29,0.01,70,93030,买盘
1700,11:03:54,13.28,--,50,66400,卖盘
1701,11:03:51,13.28,--,18,23904,卖盘
1702,11:03:48,13.28,-0.01,29,38512,卖盘
1703,11:03:45,13.29,0.01,2,3854,中性盘
1704,11:03:39,13.28,-0.02,85,112880,卖盘
1705,11:03:36,13.3,0.02,42,55860,买盘
1706,11:03:33,13.28,--,35,46480,卖盘
1707,11:03:30,13.28,--,101,134128,卖盘
1708,11:03:27,13.28,-0.04,141,187248,卖盘
1709,11:03:24,13.32,-0.01,23,30636,中性盘
1710,11:03:21,13.33,0.05,187,249271,买盘
1711,11:03:15,13.28,-0.01,44,58432,卖盘
1712,11:03:06,13.29,-0.02,16,21264,卖盘
1713,11:03:03,13.31,0.02,17,22627,买盘
1714,11:03:00,13.29,0.01,17,22593,中性盘
1715,11:02:51,13.28,-0.02,63,83664,卖盘
1716,11:02:48,13.3,--,16,21280,卖盘
1717,11:02:45,13.3,--,2,3857,卖盘
1718,11:02:39,13.3,--,23,30590,卖盘
1719,11:02:36,13.3,0.01,19,25802,买盘
1720,11:02:30,13.29,-0.02,20,27111,卖盘
1721,11:02:06,13.31,-0.02,7,9317,中性盘
1722,11:02:00,13.33,0.05,137,182621,买盘
1723,11:01:48,13.28,--,33,43824,卖盘
1724,11:01:42,13.28,-0.01,12,17131,卖盘
1725,11:01:36,13.29,--,23,31098,买盘
1726,11:01:27,13.29,--,2,2658,买盘
1727,11:01:24,13.29,0.01,6,7973,买盘
1728,11:01:21,13.28,-0.01,8,10624,卖盘
1729,11:01:15,13.29,0.01,1,1329,买盘
1730,11:01:06,13.28,-0.01,49,65072,卖盘
1731,11:01:00,13.29,--,32,42528,买盘
1732,11:00:57,13.29,--,5,6645,买盘
1733,11:00:54,13.29,--,5,6645,买盘
1734,11:00:51,13.29,--,20,26580,买盘
1735,11:00:45,13.29,--,15,19935,买盘
1736,11:00:42,13.29,--,29,39338,卖盘
1737,11:00:30,13.29,--,3,4518,卖盘
1738,11:00:27,13.29,--,123,163467,卖盘
1739,11:00:24,13.29,0.01,1,1329,中性盘
1740,11:00:06,13.28,-0.05,27,35856,卖盘
1741,11:00:00,13.33,0.01,136,181288,买盘
1742,10:59:57,13.32,--,106,141192,买盘
1743,10:59:54,13.32,--,23,30636,买盘
1744,10:59:48,13.32,0.03,46,61272,买盘
1745,10:59:45,13.29,-0.01,138,184598,卖盘
1746,10:59:36,13.3,--,17,23142,买盘
1747,10:59:33,13.3,--,10,13300,买盘
1748,10:59:12,13.3,0.02,136,180880,买盘
1749,10:59:09,13.28,-0.01,50,66400,卖盘
1750,10:58:57,13.29,0.01,3,3986,买盘
1751,10:58:48,13.28,-0.01,2,3864,卖盘
1752,10:58:42,13.29,--,12,15947,买盘
1753,10:58:39,13.29,0.01,8,10632,买盘
1754,10:58:36,13.28,-0.02,3,4515,卖盘
1755,10:58:15,13.3,0.02,159,211470,买盘
1756,10:58:12,13.28,-0.01,26,34528,卖盘
1757,10:58:03,13.29,0.01,9,12359,买盘
1758,10:57:57,13.28,-0.01,3,3984,卖盘
1759,10:57:54,13.29,0.01,60,79740,买盘
1760,10:57:45,13.28,--,10,13280,卖盘
1761,10:57:42,13.28,-0.01,2,3851,卖盘
1762,10:57:39,13.29,0.01,3,3986,买盘
1763,10:57:36,13.28,-0.01,3,4515,卖盘
1764,10:57:27,13.29,--,52,69108,买盘
1765,10:57:18,13.29,0.01,30,39870,买盘
1766,10:57:12,13.28,-0.01,20,26560,卖盘
1767,10:57:06,13.29,0.01,10,13290,买盘
1768,10:56:57,13.28,--,13,17795,卖盘
1769,10:56:54,13.28,-0.01,5,6640,卖盘
1770,10:56:51,13.29,--,25,33225,买盘
1771,10:56:42,13.29,-0.01,55,74025,卖盘
1772,10:56:36,13.3,0.01,23,30590,买盘
1773,10:56:33,13.29,--,134,179016,买盘
1774,10:56:30,13.29,--,100,132900,买盘
1775,10:56:27,13.29,0.01,31,41199,买盘
1776,10:56:24,13.28,-0.01,23,30544,卖盘
1777,10:56:15,13.29,--,156,208254,卖盘
1778,10:56:12,13.29,--,25,33225,卖盘
1779,10:56:09,13.29,--,2,2658,卖盘
1780,10:56:03,13.29,--,65,86385,卖盘
1781,10:55:54,13.29,-0.01,7,9303,卖盘
1782,10:55:48,13.3,0.01,1,1330,买盘
1783,10:55:42,13.29,--,2,3854,卖盘
1784,10:55:36,13.29,-0.01,3,4518,卖盘
1785,10:55:30,13.3,--,2,2660,买盘
1786,10:55:21,13.3,0.02,2,2660,买盘
1787,10:55:15,13.28,--,40,53120,卖盘
1788,10:55:12,13.28,--,64,84992,卖盘
1789,10:55:06,13.28,-0.02,1,1328,卖盘
1790,10:54:54,13.3,0.02,67,89110,买盘
1791,10:54:42,13.28,--,25,34395,卖盘
1792,10:54:39,13.28,-0.01,20,26560,卖盘
1793,10:54:36,13.29,0.01,30,39870,买盘
1794,10:54:30,13.28,--,3,4515,卖盘
1795,10:54:27,13.28,-0.01,100,132800,卖盘
1796,10:54:24,13.29,0.01,50,66450,买盘
1797,10:54:09,13.28,-0.01,10,13280,卖盘
1798,10:54:06,13.29,-0.01,46,61133,中性盘
1799,10:54:03,13.3,0.02,22,29260,买盘
1800,10:54:00,13.28,--,108,144406,卖盘
1801,10:53:57,13.28,-0.01,315,418320,卖盘
1802,10:53:54,13.29,--,1,1329,买盘
1803,10:53:48,13.29,-0.01,5,6645,中性盘
1804,10:53:45,13.3,0.02,19,25270,买盘
1805,10:53:42,13.28,-0.01,69,92827,卖盘
1806,10:53:39,13.29,0.01,23,30566,买盘
1807,10:53:36,13.28,--,184,244352,卖盘
1808,10:53:30,13.28,--,3,4515,卖盘
1809,10:53:18,13.28,-0.01,35,46480,卖盘
1810,10:53:15,13.29,0.01,75,99675,买盘
1811,10:53:12,13.28,-0.01,143,189904,卖盘
1812,10:53:09,13.29,0.01,2,2658,买盘
1813,10:53:03,13.28,--,5,6640,卖盘
1814,10:53:00,13.28,--,10,13280,卖盘
1815,10:52:57,13.28,--,8,10624,卖盘
1816,10:52:54,13.28,--,172,229186,买盘
1817,10:52:48,13.28,--,10,13280,买盘
1818,10:52:45,13.28,0.01,2,2656,买盘
1819,10:52:39,13.27,--,2,3861,卖盘
1820,10:52:36,13.27,-0.01,9,11943,卖盘
1821,10:52:33,13.28,--,5,6640,买盘
1822,10:52:27,13.28,--,154,205149,卖盘
1823,10:52:24,13.28,--,5,6640,卖盘
1824,10:52:21,13.28,--,27,35856,卖盘
1825,10:52:18,13.28,--,60,79680,卖盘
1826,10:52:12,13.28,--,3,3984,卖盘
1827,10:52:09,13.28,--,197,261616,卖盘
1828,10:51:54,13.28,-0.01,200,265600,卖盘
1829,10:51:48,13.29,0.01,781,1038879,买盘
1830,10:51:39,13.28,--,2,3851,卖盘
1831,10:51:39,13.28,-0.01,138,183264,卖盘
1832,10:51:30,13.29,--,193,257427,卖盘
1833,10:51:12,13.29,-0.01,4,5316,卖盘
1834,10:51:09,13.3,0.01,12,15960,买盘
1835,10:51:03,13.29,-0.01,150,199350,卖盘
1836,10:50:57,13.3,0.01,30,39900,买盘
1837,10:50:51,13.29,--,18,23922,卖盘
1838,10:50:45,13.29,--,2,3854,卖盘
1839,10:50:33,13.29,--,3,4518,卖盘
1840,10:50:24,13.29,--,338,449202,买盘
1841,10:50:21,13.29,0.01,108,143532,中性盘
1842,10:50:09,13.28,--,38,50464,卖盘
1843,10:49:57,13.28,-0.02,100,132800,卖盘
1844,10:49:48,13.3,0.01,20,26600,买盘
1845,10:49:39,13.29,-0.01,2,3854,中性盘
1846,10:49:33,13.3,0.02,137,182210,买盘
1847,10:49:30,13.28,-0.01,72,96147,卖盘
1848,10:49:27,13.29,0.01,20,26580,买盘
1849,10:49:21,13.28,--,12,15936,卖盘
1850,10:49:15,13.28,-0.01,1,1328,卖盘
1851,10:49:09,13.29,--,5,6645,买盘
1852,10:49:06,13.29,--,76,101004,买盘
1853,10:48:54,13.29,--,20,26580,买盘
1854,10:48:48,13.29,--,10,13290,买盘
1855,10:48:45,13.29,0.01,40,53160,买盘
1856,10:48:42,13.28,--,2,3864,卖盘
1857,10:48:39,13.28,--,10,13280,卖盘
1858,10:48:33,13.28,-0.01,3,4515,卖盘
1859,10:48:27,13.29,0.01,167,221943,买盘
1860,10:48:21,13.28,-0.01,6,7968,卖盘
1861,10:48:18,13.29,--,103,136887,买盘
1862,10:48:15,13.29,0.01,4,5316,中性盘
1863,10:48:03,13.28,-0.02,50,66400,卖盘
1864,10:47:57,13.3,0.02,29,38570,买盘
1865,10:47:54,13.28,-0.02,3,3984,卖盘
1866,10:47:51,13.3,0.02,23,30590,买盘
1867,10:47:42,13.28,--,10,14475,卖盘
1868,10:47:36,13.28,--,3,4528,卖盘
1869,10:47:30,13.28,-0.02,22,29216,卖盘
1870,10:47:24,13.3,0.02,1,1330,买盘
1871,10:47:21,13.28,--,2,2656,卖盘
1872,10:47:12,13.28,-0.02,1,1328,卖盘
1873,10:47:03,13.3,0.02,137,182210,买盘
1874,10:46:54,13.28,-0.01,159,211152,卖盘
1875,10:46:51,13.29,0.01,42,55818,买盘
1876,10:46:48,13.28,-0.01,265,351920,卖盘
1877,10:46:42,13.29,--,195,259965,卖盘
1878,10:46:33,13.29,--,16,21264,卖盘
1879,10:46:27,13.29,--,3,4505,卖盘
1880,10:46:24,13.29,--,10,13290,卖盘
1881,10:46:18,13.29,--,100,132900,卖盘
1882,10:46:12,13.29,--,15,19935,卖盘
1883,10:46:09,13.29,--,30,39870,卖盘
1884,10:45:57,13.29,--,20,26580,卖盘
1885,10:45:51,13.29,-0.01,70,93030,卖盘
1886,10:45:33,13.3,--,32,43358,卖盘
1887,10:45:30,13.3,-0.01,3,4522,中性盘
1888,10:45:20,13.31,0.01,235,313344,买盘
1889,10:45:15,13.3,--,40,53200,卖盘
1890,10:45:11,13.3,--,7,9310,卖盘
1891,10:45:08,13.3,-0.01,10,13300,卖盘
1892,10:45:05,13.31,--,128,170368,买盘
1893,10:44:56,13.31,0.01,64,85184,买盘
1894,10:44:50,13.3,--,11,14630,卖盘
1895,10:44:44,13.3,--,25,33250,卖盘
1896,10:44:41,13.3,--,5,6650,卖盘
1897,10:44:38,13.3,-0.01,2,3857,卖盘
1898,10:44:32,13.31,0.01,11,14641,买盘
1899,10:44:29,13.3,--,3,4508,卖盘
1900,10:44:26,13.3,-0.01,17,22610,卖盘
1901,10:44:23,13.31,0.01,1,1331,买盘
1902,10:44:14,13.3,-0.01,70,93100,卖盘
1903,10:44:11,13.31,--,5,6655,买盘
1904,10:44:08,13.31,0.01,165,219615,买盘
1905,10:43:53,13.3,-0.01,626,832580,卖盘
1906,10:43:50,13.31,--,65,86515,卖盘
1907,10:43:47,13.31,--,13,17303,卖盘
1908,10:43:44,13.31,--,188,250228,卖盘
1909,10:43:38,13.31,--,42,57086,卖盘
1910,10:43:35,13.31,--,4,5324,卖盘
1911,10:43:32,13.31,--,3,4525,卖盘
1912,10:43:26,13.31,--,17,22627,卖盘
1913,10:43:17,13.31,-0.01,10,13310,卖盘
1914,10:43:11,13.32,--,34,45501,卖盘
1915,10:43:05,13.32,--,23,30636,卖盘
1916,10:43:02,13.32,--,23,30636,卖盘
1917,10:42:59,13.32,-0.01,23,30636,卖盘
1918,10:42:50,13.33,0.01,16,21328,买盘
1919,10:42:47,13.32,-0.01,361,481944,卖盘
1920,10:42:44,13.33,--,17,22661,卖盘
1921,10:42:41,13.33,--,2,3865,卖盘
1922,10:42:35,13.33,0.01,8,11037,买盘
1923,10:42:26,13.32,-0.01,3,4515,卖盘
1924,10:42:23,13.33,--,48,63984,买盘
1925,10:42:11,13.33,--,2,2666,买盘
1926,10:42:05,13.33,--,20,26660,买盘
1927,10:42:02,13.33,--,21,27993,买盘
1928,10:41:44,13.33,--,146,195577,卖盘
1929,10:41:41,13.33,-0.01,2,3852,卖盘
1930,10:41:35,13.34,--,137,182758,买盘
1931,10:41:32,13.34,0.01,6,8524,买盘
1932,10:41:23,13.33,0.01,5,6665,卖盘
1933,10:41:05,13.32,-0.02,7,9324,卖盘
1934,10:40:56,13.34,--,8,10672,买盘
1935,10:40:53,13.34,--,16,21344,买盘
1936,10:40:50,13.34,0.02,137,182758,买盘
1937,10:40:41,13.32,--,32,43809,卖盘
1938,10:40:32,13.32,--,3,4515,卖盘
1939,10:40:29,13.32,-0.01,17,22644,卖盘
1940,10:40:26,13.33,--,10,13330,买盘
1941,10:40:05,13.33,-0.01,250,333996,卖盘
1942,10:40:02,13.34,0.01,16,21344,买盘
1943,10:39:59,13.33,--,17,22661,卖盘
1944,10:39:56,13.33,--,220,293260,卖盘
1945,10:39:41,13.33,-0.01,2,3865,卖盘
1946,10:39:29,13.34,0.01,14,18676,买盘
1947,10:39:26,13.33,--,4,5851,卖盘
1948,10:39:23,13.33,--,33,43989,卖盘
1949,10:38:38,13.33,-0.01,2,3852,卖盘
1950,10:38:35,13.34,0.01,9,12006,买盘
1951,10:38:26,13.33,--,3,4505,卖盘
1952,10:38:20,13.33,--,4,5332,卖盘
1953,10:38:17,13.33,-0.01,15,19995,卖盘
1954,10:37:50,13.34,--,27,36018,买盘
1955,10:37:44,13.34,0.01,13,17342,买盘
1956,10:37:41,13.33,--,1,1333,卖盘
1957,10:37:38,13.33,--,2,3852,卖盘
1958,10:37:32,13.33,--,7,9331,卖盘
1959,10:37:29,13.33,--,3,4518,卖盘
1960,10:37:23,13.33,--,20,26660,卖盘
1961,10:37:17,13.33,--,6,7998,卖盘
1962,10:37:11,13.33,--,7,9331,卖盘
1963,10:37:05,13.33,--,10,13330,卖盘
1964,10:36:59,13.33,--,52,69316,卖盘
1965,10:36:50,13.33,--,112,149296,卖盘
1966,10:36:41,13.33,-0.01,33,43989,卖盘
1967,10:36:38,13.34,--,48,65219,卖盘
1968,10:36:35,13.34,--,210,280140,卖盘
1969,10:36:29,13.34,--,40,53880,卖盘
1970,10:36:23,13.34,--,33,44022,卖盘
1971,10:36:20,13.34,--,26,34684,卖盘
1972,10:36:17,13.34,-0.01,23,30682,卖盘
1973,10:36:11,13.35,0.01,2,2670,中性盘
1974,10:35:56,13.34,--,157,209438,卖盘
1975,10:35:53,13.34,-0.01,56,74704,卖盘
1976,10:35:47,13.35,--,22,29370,卖盘
1977,10:35:41,13.35,--,154,205590,卖盘
1978,10:35:38,13.35,--,2,3844,卖盘
1979,10:35:32,13.35,--,10,13350,卖盘
1980,10:35:29,13.35,--,70,93957,卖盘
1981,10:35:26,13.35,--,17,22695,卖盘
1982,10:35:14,13.35,-0.01,5,6675,卖盘
1983,10:35:11,13.36,0.01,28,37408,买盘
1984,10:35:08,13.35,--,111,148185,卖盘
1985,10:35:02,13.35,--,23,30705,卖盘
1986,10:34:53,13.35,--,46,61410,卖盘
1987,10:34:47,13.35,-0.01,39,52078,卖盘
1988,10:34:44,13.36,--,36,48096,卖盘
1989,10:34:41,13.36,0.01,54,72144,买盘
1990,10:34:38,13.35,-0.01,2,3858,卖盘
1991,10:34:29,13.36,0.01,31,41416,买盘
1992,10:34:26,13.35,-0.01,3,4512,卖盘
1993,10:34:23,13.36,--,33,44088,买盘
1994,10:34:08,13.36,--,2,2672,买盘
1995,10:34:05,13.36,-0.01,83,110888,卖盘
1996,10:34:02,13.37,--,46,61502,买盘
1997,10:33:59,13.37,0.01,23,30751,买盘
1998,10:33:44,13.36,0.01,69,92184,买盘
1999,10:33:38,13.35,--,2,3858,卖盘
2000,10:33:29,13.35,--,3,4512,卖盘
2001,10:33:17,13.35,--,11,15058,买盘
2002,10:33:02,13.35,0.01,22,29370,买盘
2003,10:32:59,13.34,-0.01,40,54320,卖盘
2004,10:32:50,13.35,--,10,13350,卖盘
2005,10:32:41,13.35,--,1,1708,买盘
2006,10:32:38,13.35,--,1,2149,卖盘
2007,10:32:35,13.35,-0.01,3,4525,卖盘
2008,10:32:32,13.36,--,136,181696,买盘
2009,10:32:14,13.36,--,5,6680,买盘
2010,10:32:08,13.36,0.02,15,20040,买盘
2011,10:31:59,13.34,-0.02,37,49891,卖盘
2012,10:31:56,13.36,0.02,38,50768,买盘
2013,10:31:38,13.34,-0.02,6,9191,卖盘
2014,10:31:29,13.36,0.02,5,7187,买盘
2015,10:31:23,13.34,--,33,44022,卖盘
2016,10:31:20,13.34,--,7,9338,卖盘
2017,10:31:14,13.34,--,38,50692,卖盘
2018,10:30:56,13.34,--,2,2668,卖盘
2019,10:30:50,13.34,--,5,6670,卖盘
2020,10:30:38,13.34,--,62,83895,卖盘
2021,10:30:32,13.34,--,31,41874,卖盘
2022,10:30:29,13.34,-0.02,33,44022,卖盘
2023,10:30:23,13.36,0.02,10,13360,买盘
2024,10:30:20,13.34,-0.03,25,33350,卖盘
2025,10:29:56,13.37,0.03,138,184506,买盘
2026,10:29:38,13.34,-0.01,2,3855,卖盘
2027,10:29:35,13.35,--,47,63572,买盘
2028,10:29:32,13.35,0.01,10,13350,买盘
2029,10:29:26,13.34,-0.01,3,4508,卖盘
2030,10:29:14,13.35,--,10,13350,买盘
2031,10:29:11,13.35,--,40,53400,买盘
2032,10:29:02,13.35,-0.01,103,138012,卖盘
2033,10:28:59,13.36,0.01,2,2672,中性盘
2034,10:28:53,13.35,-0.01,17,22695,卖盘
2035,10:28:50,13.36,0.01,10,13360,中性盘
2036,10:28:38,13.35,-0.01,477,636795,卖盘
2037,10:28:35,13.36,--,7,10527,卖盘
2038,10:28:29,13.36,0.01,3,4529,中性盘
2039,10:28:17,13.35,-0.02,148,197580,卖盘
2040,10:28:08,13.37,0.02,151,201887,买盘
2041,10:28:02,13.35,--,13,17355,卖盘
2042,10:27:59,13.35,-0.02,1,1335,卖盘
2043,10:27:56,13.37,0.01,136,181832,买盘
2044,10:27:44,13.36,0.01,23,30728,买盘
2045,10:27:35,13.35,--,3,5193,卖盘
2046,10:27:26,13.35,-0.01,3,4512,卖盘
2047,10:27:02,13.36,-0.01,23,30728,卖盘
2048,10:26:53,13.37,0.01,20,26740,买盘
2049,10:26:47,13.36,0.01,23,30728,中性盘
2050,10:26:35,13.35,--,138,185418,卖盘
2051,10:26:29,13.35,-0.02,5,6675,卖盘
2052,10:26:26,13.37,0.02,2,2674,买盘
2053,10:26:23,13.35,-0.02,3,4512,卖盘
2054,10:26:08,13.37,--,12,17233,买盘
2055,10:25:56,13.37,--,6,8021,买盘
2056,10:25:29,13.37,0.02,165,220605,买盘
2057,10:25:23,13.35,-0.01,3,4512,卖盘
2058,10:25:11,13.36,0.01,103,138129,买盘
2059,10:25:08,13.35,-0.01,2,3858,卖盘
2060,10:25:05,13.36,--,2,2672,买盘
2061,10:24:59,13.36,--,109,145624,买盘
2062,10:24:56,13.36,--,5,6680,买盘
2063,10:24:50,13.36,--,26,34736,买盘
2064,10:24:47,13.36,--,108,144288,买盘
2065,10:24:41,13.36,--,21,28056,买盘
2066,10:24:37,13.36,--,18,24048,买盘
2067,10:24:34,13.36,--,8,10688,买盘
2068,10:24:22,13.36,--,30,40080,买盘
2069,10:24:13,13.36,0.01,63,84168,买盘
2070,10:24:07,13.35,-0.01,26,35217,卖盘
2071,10:24:04,13.36,--,42,57287,买盘
2072,10:24:01,13.36,0.01,37,49432,买盘
2073,10:23:55,13.35,-0.01,14,18690,中性盘
2074,10:23:46,13.36,--,46,61456,买盘
2075,10:23:31,13.36,0.03,23,30728,买盘
2076,10:23:13,13.33,-0.03,26,35177,卖盘
2077,10:23:07,13.36,--,66,88176,买盘
2078,10:23:04,13.36,--,89,120106,买盘
2079,10:23:01,13.36,--,46,61456,买盘
2080,10:22:58,13.36,0.03,92,122912,买盘
2081,10:22:52,13.33,--,64,85312,卖盘
2082,10:22:49,13.33,--,5,6665,卖盘
2083,10:22:46,13.33,-0.01,2,2666,卖盘
2084,10:22:37,13.34,--,2,3855,卖盘
2085,10:22:31,13.34,0.01,7,9338,中性盘
2086,10:22:22,13.33,-0.03,3,4518,卖盘
2087,10:22:19,13.36,0.01,3,4008,买盘
2088,10:22:16,13.35,0.02,4,5340,买盘
2089,10:22:13,13.33,-0.04,5,6665,卖盘
2090,10:22:04,13.37,--,136,181832,买盘
2091,10:21:55,13.37,0.02,156,208572,买盘
2092,10:21:52,13.35,0.02,4,5340,买盘
2093,10:21:40,13.33,-0.02,95,126635,卖盘
2094,10:21:37,13.35,--,37,49395,卖盘
2095,10:21:31,13.35,--,29,39903,卖盘
2096,10:21:25,13.35,-0.01,3,4512,卖盘
2097,10:21:22,13.36,--,136,181696,买盘
2098,10:21:19,13.36,0.01,1,1336,买盘
2099,10:21:16,13.35,--,35,46725,卖盘
2100,10:21:10,13.35,-0.01,101,134835,卖盘
2101,10:21:07,13.36,--,151,201736,买盘
2102,10:21:01,13.36,0.01,28,37408,买盘
2103,10:20:55,13.35,-0.01,23,30705,卖盘
2104,10:20:49,13.36,--,2,2672,买盘
2105,10:20:46,13.36,0.01,135,180360,买盘
2106,10:20:40,13.35,-0.01,10,13350,卖盘
2107,10:20:37,13.36,0.01,5,6680,买盘
2108,10:20:28,13.35,--,2,3858,卖盘
2109,10:20:25,13.35,--,3,4525,卖盘
2110,10:20:22,13.35,0.02,164,218940,买盘
2111,10:20:10,13.33,-0.01,78,103974,卖盘
2112,10:20:01,13.34,--,9,12006,买盘
2113,10:19:58,13.34,--,2,2668,卖盘
2114,10:19:46,13.34,--,10,13340,卖盘
2115,10:19:43,13.34,0.01,20,26680,买盘
2116,10:19:28,13.33,--,2,3852,卖盘
2117,10:19:19,13.33,-0.01,6,7998,卖盘
2118,10:19:16,13.34,--,3,4508,卖盘
2119,10:19:10,13.34,--,10,13340,卖盘
2120,10:19:07,13.34,0.02,2,2668,买盘
2121,10:18:55,13.32,-0.01,64,85248,卖盘
2122,10:18:46,13.33,--,37,49321,买盘
2123,10:18:40,13.33,--,2,2666,买盘
2124,10:18:37,13.33,--,13,17329,买盘
2125,10:18:34,13.33,0.01,146,194618,买盘
2126,10:18:28,13.32,-0.01,22,30489,卖盘
2127,10:18:25,13.33,0.01,1,1333,买盘
2128,10:18:19,13.32,-0.01,3,4515,卖盘
2129,10:18:13,13.33,0.01,23,30659,买盘
2130,10:18:10,13.32,--,21,27972,卖盘
2131,10:18:04,13.32,--,39,51948,卖盘
2132,10:17:55,13.32,-0.01,1,1332,卖盘
2133,10:17:34,13.33,0.01,1,1333,买盘
2134,10:17:25,13.32,-0.01,62,82584,卖盘
2135,10:17:19,13.33,--,6,7998,卖盘
2136,10:17:16,13.33,--,51,68502,卖盘
2137,10:17:07,13.33,--,8,10664,卖盘
2138,10:17:04,13.33,-0.01,23,30659,卖盘
2139,10:16:58,13.34,--,50,66700,卖盘
2140,10:16:49,13.34,--,10,13340,卖盘
2141,10:16:46,13.34,-0.01,142,189428,卖盘
2142,10:16:40,13.35,0.01,15,20025,买盘
2143,10:16:34,13.34,--,7,9338,卖盘
2144,10:16:31,13.34,--,2,3868,卖盘
2145,10:16:22,13.34,-0.01,3,4522,中性盘
2146,10:16:19,13.35,0.02,4,5340,买盘
2147,10:16:16,13.33,-0.03,1,1333,卖盘
2148,10:16:13,13.36,0.03,20,26720,买盘
2149,10:16:04,13.33,-0.01,76,101308,卖盘
2150,10:16:01,13.34,--,5,6670,买盘
2151,10:15:58,13.34,-0.01,29,38832,卖盘
2152,10:15:43,13.35,0.01,1,1335,买盘
2153,10:15:40,13.34,0.01,4,6523,买盘
2154,10:15:37,13.33,-0.01,59,78647,卖盘
2155,10:15:31,13.34,0.01,15,20010,买盘
2156,10:15:28,13.33,--,46,61318,卖盘
2157,10:15:25,13.33,-0.03,53,71168,卖盘
2158,10:15:16,13.36,--,14,18704,买盘
2159,10:15:07,13.36,0.02,136,181696,买盘
2160,10:15:01,13.34,0.01,24,32589,买盘
2161,10:14:58,13.33,--,17,22661,买盘
2162,10:14:55,13.33,--,284,379331,卖盘
2163,10:14:52,13.33,--,41,54653,卖盘
2164,10:14:49,13.33,-0.01,68,90644,卖盘
2165,10:14:46,13.34,0.01,5,6670,中性盘
2166,10:14:40,13.33,--,30,39990,卖盘
2167,10:14:37,13.33,-0.01,48,63984,卖盘
2168,10:14:34,13.34,0.01,6,8004,买盘
2169,10:14:28,13.33,--,2,3852,卖盘
2170,10:14:25,13.33,0.01,57,77220,买盘
2171,10:14:19,13.32,--,31,41292,卖盘
2172,10:14:16,13.32,-0.01,52,69264,卖盘
2173,10:14:13,13.33,--,137,182621,买盘
2174,10:14:07,13.33,--,21,27993,买盘
2175,10:14:04,13.33,0.02,5,6665,买盘
2176,10:14:01,13.31,0.01,27,35937,中性盘
2177,10:13:55,13.3,-0.01,28,37240,卖盘
2178,10:13:49,13.31,--,18,23958,卖盘
2179,10:13:46,13.31,-0.02,69,91839,卖盘
2180,10:13:43,13.33,0.01,50,66650,买盘
2181,10:13:37,13.32,-0.01,50,66600,卖盘
2182,10:13:34,13.33,-0.02,467,623124,卖盘
2183,10:13:28,13.35,--,3,5193,卖盘
2184,10:13:25,13.35,--,14,18690,卖盘
2185,10:13:22,13.35,-0.01,81,108642,卖盘
2186,10:13:16,13.36,--,95,126920,买盘
2187,10:13:13,13.36,--,50,66800,买盘
2188,10:13:07,13.36,--,5,6680,买盘
2189,10:13:04,13.36,-0.01,107,142952,卖盘
2190,10:12:55,13.37,--,10,13370,卖盘
2191,10:12:52,13.37,--,23,30751,卖盘
2192,10:12:49,13.37,--,419,560203,买盘
2193,10:12:46,13.37,0.01,183,244671,买盘
2194,10:12:43,13.36,--,14,19184,卖盘
2195,10:12:40,13.36,--,102,136272,卖盘
2196,10:12:37,13.36,-0.01,4,5344,卖盘
2197,10:12:34,13.37,--,8,10696,买盘
2198,10:12:31,13.37,0.01,10,13370,买盘
2199,10:12:28,13.36,-0.01,102,137447,卖盘
2200,10:12:25,13.37,0.01,15,20055,买盘
2201,10:12:22,13.36,-0.01,3,4515,卖盘
2202,10:12:19,13.37,--,47,62838,买盘
2203,10:12:13,13.37,--,80,106960,买盘
2204,10:12:10,13.37,0.01,4,5348,买盘
2205,10:12:04,13.36,-0.01,4,5344,卖盘
2206,10:12:01,13.37,0.01,7,9359,买盘
2207,10:11:58,13.36,--,24,32064,卖盘
2208,10:11:55,13.36,--,38,50768,卖盘
2209,10:11:49,13.36,-0.01,5,6680,卖盘
2210,10:11:46,13.37,0.01,16,21392,买盘
2211,10:11:43,13.36,-0.01,3,4008,卖盘
2212,10:11:40,13.37,0.01,48,64175,买盘
2213,10:11:37,13.36,--,53,71315,买盘
2214,10:11:34,13.36,--,30,40080,买盘
2215,10:11:31,13.36,--,20,26720,买盘
2216,10:11:28,13.36,--,5,7869,买盘
2217,10:11:22,13.36,--,58,77488,买盘
2218,10:11:19,13.36,0.01,18,24048,买盘
2219,10:11:16,13.35,-0.01,394,525990,卖盘
2220,10:11:13,13.36,--,50,66800,卖盘
2221,10:11:10,13.36,--,161,215096,卖盘
2222,10:11:07,13.36,--,14,18704,卖盘
2223,10:11:04,13.36,--,30,40080,卖盘
2224,10:11:01,13.36,--,93,124248,买盘
2225,10:10:52,13.36,0.01,31,41416,买盘
2226,10:10:49,13.35,--,31,41385,买盘
2227,10:10:40,13.35,-0.01,56,74760,卖盘
2228,10:10:37,13.36,0.01,52,69472,买盘
2229,10:10:34,13.35,-0.01,23,30705,卖盘
2230,10:10:31,13.36,--,10,13360,买盘
2231,10:10:28,13.36,--,17,22712,买盘
2232,10:10:25,13.36,0.01,174,232464,买盘
2233,10:10:22,13.35,-0.02,75,101219,卖盘
2234,10:10:13,13.37,--,35,46795,买盘
2235,10:10:10,13.37,--,5,6685,买盘
2236,10:10:07,13.37,0.01,21,28077,买盘
2237,10:10:04,13.36,0.01,10,13360,卖盘
2238,10:10:01,13.35,-0.02,20,26700,卖盘
2239,10:09:58,13.37,0.02,136,181832,买盘
2240,10:09:49,13.35,-0.01,245,327315,中性盘
2241,10:09:46,13.36,0.02,138,184368,买盘
2242,10:09:43,13.34,0.01,5,6670,买盘
2243,10:09:40,13.33,--,68,90644,卖盘
2244,10:09:37,13.33,-0.02,49,65317,卖盘
2245,10:09:31,13.35,0.01,46,61410,买盘
2246,10:09:25,13.34,--,6,9097,卖盘
2247,10:09:25,13.34,--,13,18529,卖盘
2248,10:09:16,13.34,--,112,150301,买盘
2249,10:09:13,13.34,--,10,13340,买盘
2250,10:09:04,13.34,0.01,24,32016,买盘
2251,10:08:52,13.33,0.02,1,1333,中性盘
2252,10:08:49,13.31,-0.02,24,31944,卖盘
2253,10:08:46,13.33,0.01,137,182621,买盘
2254,10:08:40,13.32,-0.01,21,27972,卖盘
2255,10:08:37,13.33,--,300,399900,买盘
2256,10:08:34,13.33,0.01,23,30659,买盘
2257,10:08:28,13.32,--,0,799,卖盘
2258,10:08:22,13.32,--,4,5328,卖盘
2259,10:08:19,13.32,--,25,33832,买盘
2260,10:08:16,13.32,--,8,10656,买盘
2261,10:08:10,13.32,0.01,382,508824,买盘
2262,10:08:07,13.31,-0.01,3,3993,卖盘
2263,10:07:58,13.32,--,20,26640,买盘
2264,10:07:55,13.32,--,10,13320,买盘
2265,10:07:52,13.32,--,10,13320,买盘
2266,10:07:46,13.32,--,5,6660,买盘
2267,10:07:34,13.32,0.02,3,3996,买盘
2268,10:07:31,13.3,-0.02,24,31920,卖盘
2269,10:07:28,13.32,0.02,153,204994,买盘
2270,10:07:19,13.3,--,3,4508,卖盘
2271,10:07:01,13.3,--,9,12196,买盘
2272,10:06:52,13.3,--,191,254030,买盘
2273,10:06:49,13.3,--,12,15960,买盘
2274,10:06:37,13.3,--,66,88883,卖盘
2275,10:06:31,13.3,--,8,10640,卖盘
2276,10:06:28,13.3,-0.01,2,3857,卖盘
2277,10:06:19,13.31,0.01,136,181016,买盘
2278,10:06:16,13.3,0.01,58,77499,买盘
2279,10:06:13,13.29,-0.01,4,5316,卖盘
2280,10:06:10,13.3,--,8,10640,买盘
2281,10:06:01,13.3,--,45,59850,买盘
2282,10:05:58,13.3,--,20,26600,买盘
2283,10:05:55,13.3,-0.01,104,138492,卖盘
2284,10:05:49,13.31,-0.01,19,25289,中性盘
2285,10:05:40,13.32,0.01,24,31968,买盘
2286,10:05:31,13.31,--,49,65219,卖盘
2287,10:05:25,13.31,--,25,34472,卖盘
2288,10:05:19,13.31,--,23,30613,卖盘
2289,10:05:16,13.31,--,3,4525,卖盘
2290,10:05:13,13.31,-0.01,24,31944,卖盘
2291,10:05:10,13.32,0.01,2,2664,买盘
2292,10:05:07,13.31,--,20,26620,买盘
2293,10:05:04,13.31,--,6,7986,买盘
2294,10:04:58,13.31,0.01,14,18634,中性盘
2295,10:04:46,13.3,-0.02,88,117412,卖盘
2296,10:04:40,13.32,--,24,32927,卖盘
2297,10:04:37,13.32,-0.01,12,15984,卖盘
2298,10:04:31,13.33,0.01,14,18662,买盘
2299,10:04:28,13.32,-0.01,2,3849,卖盘
2300,10:04:21,13.33,0.01,10,13330,买盘
2301,10:04:18,13.32,--,27,35964,卖盘
2302,10:04:15,13.32,--,10,13320,卖盘
2303,10:04:12,13.32,--,3,4515,卖盘
2304,10:04:06,13.32,--,8,10656,卖盘
2305,10:04:03,13.32,--,60,79920,买盘
2306,10:04:00,13.32,--,13,17316,买盘
2307,10:03:57,13.32,--,10,13320,买盘
2308,10:03:51,13.32,--,38,50616,买盘
2309,10:03:48,13.32,--,10,13320,买盘
2310,10:03:45,13.32,--,10,13320,买盘
2311,10:03:39,13.32,--,74,98568,买盘
2312,10:03:36,13.32,--,20,26640,买盘
2313,10:03:27,13.32,0.01,10,13320,买盘
2314,10:03:24,13.31,-0.01,12,17169,中性盘
2315,10:03:18,13.32,--,25,33819,买盘
2316,10:03:12,13.32,0.01,23,30636,买盘
2317,10:03:09,13.31,0.01,12,15972,中性盘
2318,10:03:03,13.3,-0.01,46,61180,卖盘
2319,10:02:54,13.31,-0.01,4,5324,买盘
2320,10:02:48,13.32,--,20,26640,买盘
2321,10:02:39,13.32,0.02,8,10656,买盘
2322,10:02:36,13.3,0.04,45,59850,买盘
2323,10:02:27,13.26,-0.06,228,303521,卖盘
2324,10:02:12,13.32,0.02,160,213120,买盘
2325,10:02:06,13.3,0.03,5,6650,买盘
2326,10:02:03,13.27,-0.03,557,739139,卖盘
2327,10:01:57,13.3,--,46,61446,卖盘
2328,10:01:54,13.3,--,90,119700,买盘
2329,10:01:45,13.3,0.02,5,6650,买盘
2330,10:01:42,13.28,0.01,100,132800,卖盘
2331,10:01:30,13.27,-0.03,1,1327,卖盘
2332,10:01:24,13.3,0.03,102,136870,买盘
2333,10:01:15,13.27,-0.03,3,4511,卖盘
2334,10:01:06,13.3,0.03,136,180880,买盘
2335,10:01:03,13.27,--,3,3981,买盘
2336,10:00:57,13.27,--,28,37156,卖盘
2337,10:00:48,13.27,0.01,10,13270,中性盘
2338,10:00:33,13.26,--,11,14771,买盘
2339,10:00:30,13.26,--,229,304860,买盘
2340,10:00:24,13.26,--,4,5304,买盘
2341,10:00:21,13.26,--,325,430950,买盘
2342,10:00:15,13.26,--,35,46410,买盘
2343,10:00:09,13.26,-0.05,668,886126,卖盘
2344,10:00:03,13.31,0.01,23,30613,买盘
2345,10:00:00,13.3,-0.01,2,2793,卖盘
2346,09:59:57,13.31,--,261,347391,买盘
2347,09:59:54,13.31,0.02,613,817100,买盘
2348,09:59:51,13.29,-0.01,74,98346,中性盘
2349,09:59:48,13.3,--,49,65170,买盘
2350,09:59:45,13.3,--,92,122360,买盘
2351,09:59:36,13.3,--,46,61180,买盘
2352,09:59:30,13.3,0.01,46,61180,买盘
2353,09:59:27,13.29,0.01,723,960866,买盘
2354,09:59:24,13.28,0.01,11,15803,卖盘
2355,09:59:21,13.27,--,20,26540,卖盘
2356,09:59:18,13.27,--,13,17781,卖盘
2357,09:59:03,13.27,-0.01,30,41004,卖盘
2358,09:59:00,13.28,0.01,154,204512,买盘
2359,09:58:57,13.27,--,10,14066,卖盘
2360,09:58:51,13.27,--,42,55734,卖盘
2361,09:58:48,13.27,-0.01,10,13270,卖盘
2362,09:58:45,13.28,--,20,26560,买盘
2363,09:58:39,13.28,--,69,91632,买盘
2364,09:58:30,13.28,--,56,74368,买盘
2365,09:58:24,13.28,--,21,27888,买盘
2366,09:58:21,13.28,0.01,10,13280,中性盘
2367,09:58:18,13.27,-0.01,143,190291,卖盘
2368,09:58:09,13.28,-0.01,8,10624,卖盘
2369,09:58:06,13.29,--,5,6645,买盘
2370,09:58:03,13.29,0.02,1,1329,买盘
2371,09:57:51,13.27,-0.01,364,483028,卖盘
2372,09:57:45,13.28,--,265,351920,卖盘
2373,09:57:42,13.28,-0.01,10,13280,卖盘
2374,09:57:36,13.29,0.01,8,10632,买盘
2375,09:57:27,13.28,--,30,39840,卖盘
2376,09:57:24,13.28,-0.01,11,15816,卖盘
2377,09:57:18,13.29,0.01,50,66450,买盘
2378,09:57:15,13.28,-0.01,3,4515,卖盘
2379,09:57:12,13.29,0.01,40,53160,买盘
2380,09:57:06,13.28,--,1,1328,卖盘
2381,09:57:03,13.28,-0.02,1,1328,卖盘
2382,09:56:57,13.3,0.01,12,15960,买盘
2383,09:56:54,13.29,--,5,6645,买盘
2384,09:56:51,13.29,-0.01,2,2658,卖盘
2385,09:56:45,13.3,0.01,10,13300,买盘
2386,09:56:42,13.29,-0.01,80,106320,卖盘
2387,09:56:39,13.3,--,14,18620,买盘
2388,09:56:36,13.3,--,139,184870,买盘
2389,09:56:33,13.3,--,10,13300,买盘
2390,09:56:30,13.3,--,7,9310,买盘
2391,09:56:27,13.3,--,3,4123,卖盘
2392,09:56:24,13.3,--,12,17157,卖盘
2393,09:56:21,13.3,0.02,1,1330,卖盘
2394,09:56:18,13.28,-0.02,47,62416,卖盘
2395,09:56:12,13.3,-0.01,15,20482,中性盘
2396,09:56:09,13.31,--,22,29282,买盘
2397,09:56:06,13.31,0.01,207,275517,买盘
2398,09:56:03,13.3,-0.01,21,27930,卖盘
2399,09:55:57,13.31,0.01,13,17303,中性盘
2400,09:55:51,13.3,--,16,21280,买盘
2401,09:55:48,13.3,--,108,143640,买盘
2402,09:55:42,13.3,--,4,5320,买盘
2403,09:55:36,13.3,--,75,99750,买盘
2404,09:55:33,13.3,--,8,10640,卖盘
2405,09:55:30,13.3,--,3,3990,卖盘
2406,09:55:24,13.3,--,10,13300,卖盘
2407,09:55:21,13.3,-0.02,2,3857,中性盘
2408,09:55:18,13.32,0.03,138,184348,买盘
2409,09:55:15,13.29,--,23,31098,卖盘
2410,09:55:09,13.29,0.01,232,308328,买盘
2411,09:55:06,13.28,-0.01,11,14608,卖盘
2412,09:55:00,13.29,0.01,19,25251,买盘
2413,09:54:57,13.28,-0.01,60,79680,卖盘
2414,09:54:54,13.29,--,7,9303,买盘
2415,09:54:51,13.29,--,93,124128,买盘
2416,09:54:48,13.29,0.01,5,6645,买盘
2417,09:54:45,13.28,-0.01,11,14608,卖盘
2418,09:54:24,13.29,0.02,1,1329,买盘
2419,09:54:21,13.27,-0.01,2,3848,卖盘
2420,09:54:15,13.28,--,12,15936,买盘
2421,09:54:12,13.28,0.01,4,5312,中性盘
2422,09:54:09,13.27,-0.01,152,201704,卖盘
2423,09:54:06,13.28,--,11,14608,卖盘
2424,09:54:00,13.28,--,6,7968,卖盘
2425,09:53:54,13.28,0.01,64,85456,买盘
2426,09:53:48,13.27,-0.01,4,5308,卖盘
2427,09:53:45,13.28,0.01,42,55776,买盘
2428,09:53:42,13.27,-0.01,57,75639,卖盘
2429,09:53:39,13.28,0.01,5,6640,买盘
2430,09:53:36,13.27,--,3,3981,卖盘
2431,09:53:33,13.27,-0.01,10,13270,卖盘
2432,09:53:30,13.28,0.01,6,7968,买盘
2433,09:53:27,13.27,--,24,31848,卖盘
2434,09:53:24,13.27,--,4,6515,卖盘
2435,09:53:18,13.27,--,22,29194,卖盘
2436,09:53:15,13.27,-0.01,8,11160,卖盘
2437,09:53:09,13.28,0.01,26,34528,买盘
2438,09:53:06,13.27,--,24,31848,卖盘
2439,09:53:03,13.27,--,25,33175,卖盘
2440,09:53:00,13.27,--,10,13270,卖盘
2441,09:52:57,13.27,-0.01,14,18578,卖盘
2442,09:52:54,13.28,0.01,10,13280,买盘
2443,09:52:51,13.27,--,9,11943,卖盘
2444,09:52:48,13.27,-0.01,82,108814,卖盘
2445,09:52:45,13.28,0.01,49,65072,买盘
2446,09:52:42,13.27,--,38,50691,卖盘
2447,09:52:39,13.27,--,61,80947,卖盘
2448,09:52:36,13.27,--,22,29194,卖盘
2449,09:52:33,13.27,-0.01,10,13270,卖盘
2450,09:52:30,13.28,0.01,13,17264,买盘
2451,09:52:27,13.27,-0.01,150,199050,卖盘
2452,09:52:24,13.28,0.01,54,72907,买盘
2453,09:52:21,13.27,-0.01,44,58388,卖盘
2454,09:52:18,13.28,0.01,153,203715,买盘
2455,09:52:15,13.27,--,74,98198,卖盘
2456,09:52:09,13.27,--,43,57061,卖盘
2457,09:52:03,13.27,--,9,11943,买盘
2458,09:52:00,13.27,--,15,19905,卖盘
2459,09:51:57,13.27,-0.01,111,147297,卖盘
2460,09:51:54,13.28,0.01,64,84992,买盘
2461,09:51:51,13.27,-0.01,56,74312,卖盘
2462,09:51:45,13.28,--,124,165269,卖盘
2463,09:51:42,13.28,--,55,73040,卖盘
2464,09:51:36,13.28,0.01,564,749722,买盘
2465,09:51:33,13.27,-0.01,278,369529,卖盘
2466,09:51:30,13.28,0.01,2,2656,买盘
2467,09:51:27,13.27,-0.01,620,822740,卖盘
2468,09:51:24,13.28,0.01,7,10504,买盘
2469,09:51:21,13.27,-0.01,74,98198,卖盘
2470,09:51:18,13.28,--,10,13280,买盘
2471,09:51:15,13.28,0.01,30,40371,买盘
2472,09:51:12,13.27,--,36,47772,卖盘
2473,09:51:00,13.27,-0.01,54,71658,卖盘
2474,09:50:57,13.28,0.01,31,41168,买盘
2475,09:50:54,13.27,-0.01,23,30521,卖盘
2476,09:50:51,13.28,0.01,5,6640,买盘
2477,09:50:45,13.27,--,5,6635,卖盘
2478,09:50:42,13.27,--,30,39810,卖盘
2479,09:50:39,13.27,-0.01,39,51753,卖盘
2480,09:50:36,13.28,--,52,69056,买盘
2481,09:50:33,13.28,--,37,49136,买盘
2482,09:50:27,13.28,--,147,195216,买盘
2483,09:50:24,13.28,0.01,5,6640,买盘
2484,09:50:21,13.27,--,35,47639,卖盘
2485,09:50:18,13.27,--,3,4525,卖盘
2486,09:50:15,13.27,--,33,43791,卖盘
2487,09:50:12,13.27,--,2,2654,卖盘
2488,09:50:09,13.27,-0.01,198,262746,卖盘
2489,09:50:03,13.28,--,4,5312,买盘
2490,09:49:57,13.28,0.01,45,59760,买盘
2491,09:49:48,13.27,-0.01,33,43791,卖盘
2492,09:49:45,13.28,--,19,25232,买盘
2493,09:49:42,13.28,--,13,17264,买盘
2494,09:49:39,13.28,--,127,168656,买盘
2495,09:49:36,13.28,--,202,268256,买盘
2496,09:49:33,13.28,0.01,7,9296,买盘
2497,09:49:30,13.27,--,7,9289,卖盘
2498,09:49:27,13.27,--,8,10616,卖盘
2499,09:49:24,13.27,--,48,63696,卖盘
2500,09:49:21,13.27,--,6,9169,卖盘
2501,09:49:18,13.27,0.01,419,556013,买盘
2502,09:49:15,13.26,-0.01,163,216138,卖盘
2503,09:49:12,13.27,-0.01,270,358555,卖盘
2504,09:49:09,13.28,--,37,49136,买盘
2505,09:49:06,13.28,--,7,9296,买盘
2506,09:49:03,13.28,--,233,310486,买盘
2507,09:48:54,13.28,--,600,796800,买盘
2508,09:48:54,13.28,--,15,19920,买盘
2509,09:48:48,13.28,--,11,14608,买盘
2510,09:48:42,13.28,--,147,195216,买盘
2511,09:48:36,13.28,--,60,79680,买盘
2512,09:48:30,13.28,0.01,438,581664,买盘
2513,09:48:27,13.27,--,65,86255,卖盘
2514,09:48:21,13.27,-0.01,13,18445,卖盘
2515,09:48:15,13.28,--,13,17795,买盘
2516,09:48:12,13.28,--,35,46480,买盘
2517,09:48:09,13.28,--,526,698528,买盘
2518,09:48:06,13.28,--,34,45152,买盘
2519,09:48:03,13.28,--,14,18592,买盘
2520,09:48:00,13.28,0.01,200,265600,买盘
2521,09:47:57,13.27,-0.01,30,39810,卖盘
2522,09:47:54,13.28,--,11,14608,买盘
2523,09:47:51,13.28,--,31,41168,买盘
2524,09:47:48,13.28,--,20,26560,买盘
2525,09:47:45,13.28,--,500,664000,买盘
2526,09:47:42,13.28,--,50,66400,买盘
2527,09:47:33,13.28,--,5,6640,买盘
2528,09:47:30,13.28,0.01,7,9296,买盘
2529,09:47:21,13.27,--,51,68884,卖盘
2530,09:47:18,13.27,--,42,56278,卖盘
2531,09:47:15,13.27,--,68,90236,卖盘
2532,09:47:09,13.27,--,53,70331,卖盘
2533,09:47:03,13.27,--,51,67677,买盘
2534,09:47:00,13.27,--,31,41137,买盘
2535,09:46:54,13.27,--,26,34502,卖盘
2536,09:46:51,13.27,0.01,84,111468,买盘
2537,09:46:48,13.26,-0.01,65,86190,卖盘
2538,09:46:45,13.27,--,462,613074,卖盘
2539,09:46:39,13.27,--,34,45118,卖盘
2540,09:46:36,13.27,--,23,30521,卖盘
2541,09:46:33,13.27,--,10,13270,卖盘
2542,09:46:24,13.27,--,5,6635,卖盘
2543,09:46:21,13.27,0.01,62,83468,买盘
2544,09:46:18,13.26,--,1,1326,卖盘
2545,09:46:15,13.26,--,5,6630,卖盘
2546,09:46:12,13.26,-0.01,508,674138,卖盘
2547,09:46:09,13.27,--,2,2654,买盘
2548,09:46:06,13.27,--,5,6635,买盘
2549,09:46:00,13.27,--,8,10616,买盘
2550,09:45:54,13.27,--,24,31848,买盘
2551,09:45:51,13.27,--,269,356963,买盘
2552,09:45:48,13.27,0.01,40,53080,买盘
2553,09:45:45,13.26,-0.01,30,39780,卖盘
2554,09:45:42,13.27,--,1,1327,买盘
2555,09:45:39,13.27,--,63,83601,卖盘
2556,09:45:36,13.27,--,9,11943,买盘
2557,09:45:33,13.27,--,14,18578,卖盘
2558,09:45:30,13.27,--,27,35829,买盘
2559,09:45:24,13.27,0.01,34,45118,买盘
2560,09:45:21,13.26,--,63,84744,卖盘
2561,09:45:15,13.26,--,6,7956,卖盘
2562,09:45:12,13.26,-0.01,18,24411,卖盘
2563,09:45:09,13.27,0.01,172,228244,买盘
2564,09:45:03,13.26,--,130,172380,卖盘
2565,09:45:00,13.26,-0.01,6,7956,卖盘
2566,09:44:57,13.27,0.02,124,164548,买盘
2567,09:44:54,13.25,-0.01,23,30620,卖盘
2568,09:44:51,13.26,--,75,100630,卖盘
2569,09:44:45,13.26,-0.01,55,72930,卖盘
2570,09:44:39,13.27,--,5,6635,买盘
2571,09:44:36,13.27,--,7,9289,买盘
2572,09:44:33,13.27,0.01,47,62369,买盘
2573,09:44:27,13.26,-0.01,0,145,卖盘
2574,09:44:24,13.27,0.02,41,54407,买盘
2575,09:44:20,13.25,-0.01,108,144305,卖盘
2576,09:44:17,13.26,--,19,25194,买盘
2577,09:44:14,13.26,--,104,137904,买盘
2578,09:44:11,13.26,0.01,20,26520,买盘
2579,09:44:08,13.25,-0.01,3,4518,卖盘
2580,09:44:02,13.26,0.01,46,60996,买盘
2581,09:43:59,13.25,-0.01,19,25175,卖盘
2582,09:43:56,13.26,--,23,30498,买盘
2583,09:43:53,13.26,--,56,74256,买盘
2584,09:43:50,13.26,--,35,46410,买盘
2585,09:43:47,13.26,0.01,74,98124,买盘
2586,09:43:44,13.25,-0.01,7,9275,卖盘
2587,09:43:41,13.26,--,7,9282,买盘
2588,09:43:38,13.26,--,179,237354,买盘
2589,09:43:35,13.26,--,5,6630,买盘
2590,09:43:32,13.26,--,28,37128,买盘
2591,09:43:29,13.26,--,23,30498,买盘
2592,09:43:26,13.26,0.01,23,30498,买盘
2593,09:43:20,13.25,-0.01,25,34330,卖盘
2594,09:43:17,13.26,0.01,37,49062,买盘
2595,09:43:14,13.25,--,3,4518,卖盘
2596,09:43:11,13.25,-0.01,46,60950,卖盘
2597,09:43:08,13.26,0.01,12,15912,买盘
2598,09:43:02,13.25,-0.01,28,37100,卖盘
2599,09:42:53,13.26,0.01,118,156468,买盘
2600,09:42:47,13.25,--,52,68900,卖盘
2601,09:42:44,13.25,-0.01,48,63600,卖盘
2602,09:42:41,13.26,--,36,47736,买盘
2603,09:42:38,13.26,--,23,30498,买盘
2604,09:42:35,13.26,0.01,11,14586,买盘
2605,09:42:29,13.25,--,47,62805,卖盘
2606,09:42:26,13.25,-0.01,213,282225,卖盘
2607,09:42:20,13.26,0.01,123,163098,买盘
2608,09:42:17,13.25,-0.01,141,187620,卖盘
2609,09:42:14,13.26,-0.01,26,35006,卖盘
2610,09:42:11,13.27,--,16,21232,买盘
2611,09:42:08,13.27,--,61,80947,买盘
2612,09:42:05,13.27,0.01,10,13270,买盘
2613,09:42:02,13.26,--,51,67626,卖盘
2614,09:41:59,13.26,-0.02,55,72930,卖盘
2615,09:41:53,13.28,--,137,181936,买盘
2616,09:41:47,13.28,0.02,95,126160,买盘
2617,09:41:44,13.26,--,10,13260,卖盘
2618,09:41:38,13.26,-0.01,53,70278,卖盘
2619,09:41:35,13.27,--,13,17251,买盘
2620,09:41:32,13.27,0.01,27,35829,买盘
2621,09:41:29,13.26,--,5,7306,买盘
2622,09:41:26,13.26,--,32,42432,买盘
2623,09:41:23,13.26,--,14,19770,买盘
2624,09:41:17,13.26,--,60,79560,买盘
2625,09:41:14,13.26,--,140,185640,买盘
2626,09:41:11,13.26,0.01,22,29172,买盘
2627,09:41:08,13.25,-0.01,13,17768,卖盘
2628,09:41:05,13.26,--,11,14586,买盘
2629,09:40:59,13.26,0.01,19,25194,买盘
2630,09:40:53,13.25,--,41,54325,卖盘
2631,09:40:50,13.25,-0.01,12,15900,卖盘
2632,09:40:47,13.26,--,13,17238,买盘
2633,09:40:44,13.26,0.01,15,19890,买盘
2634,09:40:38,13.25,--,6,7950,卖盘
2635,09:40:32,13.25,-0.01,5,6625,卖盘
2636,09:40:29,13.26,--,238,316489,买盘
2637,09:40:26,13.26,0.01,2,2652,买盘
2638,09:40:23,13.25,--,50,66250,卖盘
2639,09:40:20,13.25,-0.01,27,36980,卖盘
2640,09:40:17,13.26,--,20,26520,买盘
2641,09:40:14,13.26,0.01,4,5847,买盘
2642,09:40:11,13.25,0.01,10,13250,卖盘
2643,09:40:05,13.24,-0.02,533,705692,卖盘
2644,09:40:02,13.26,0.01,61,80886,买盘
2645,09:39:59,13.25,--,22,29150,卖盘
2646,09:39:56,13.25,-0.01,2,2650,中性盘
2647,09:39:53,13.26,0.01,15,19890,买盘
2648,09:39:50,13.25,0.01,56,74200,买盘
2649,09:39:47,13.24,-0.01,1,1324,卖盘
2650,09:39:44,13.25,--,8,10600,买盘
2651,09:39:41,13.25,--,117,155025,买盘
2652,09:39:38,13.25,-0.01,272,361473,卖盘
2653,09:39:35,13.26,0.01,69,91494,买盘
2654,09:39:26,13.25,--,20,26500,卖盘
2655,09:39:23,13.25,--,1,1325,卖盘
2656,09:39:20,13.25,-0.01,17,22525,卖盘
2657,09:39:17,13.26,--,5,7836,买盘
2658,09:39:14,13.26,0.01,35,46410,买盘
2659,09:39:08,13.25,-0.01,8,11130,卖盘
2660,09:39:02,13.26,--,74,98124,买盘
2661,09:38:59,13.26,--,89,118014,买盘
2662,09:38:56,13.26,--,87,115362,买盘
2663,09:38:53,13.26,--,34,45084,买盘
2664,09:38:50,13.26,--,6,7956,买盘
2665,09:38:47,13.26,-0.01,250,331500,买盘
2666,09:38:44,13.27,--,13,17251,卖盘
2667,09:38:41,13.27,-0.01,73,96871,中性盘
2668,09:38:35,13.28,--,146,193888,买盘
2669,09:38:32,13.28,0.02,69,91632,买盘
2670,09:38:29,13.26,-0.02,65,86190,卖盘
2671,09:38:20,13.28,0.02,138,183264,买盘
2672,09:38:17,13.26,--,29,39647,卖盘
2673,09:38:14,13.26,--,3,4521,买盘
2674,09:38:11,13.26,-0.01,141,187748,卖盘
2675,09:38:08,13.27,0.01,215,285305,买盘
2676,09:38:05,13.26,--,111,147729,卖盘
2677,09:37:59,13.26,0.01,5,6630,卖盘
2678,09:37:56,13.25,-0.02,200,265000,卖盘
2679,09:37:53,13.27,0.02,24,31848,买盘
2680,09:37:47,13.25,--,230,304750,卖盘
2681,09:37:44,13.25,-0.01,10,13250,卖盘
2682,09:37:41,13.26,--,17,22542,买盘
2683,09:37:38,13.26,--,1,1326,买盘
2684,09:37:35,13.26,0.01,6,7956,买盘
2685,09:37:32,13.25,-0.01,8,10600,卖盘
2686,09:37:29,13.26,0.01,3,3978,买盘
2687,09:37:26,13.25,-0.01,7,9275,卖盘
2688,09:37:23,13.26,--,11,14705,卖盘
2689,09:37:20,13.26,--,2,3858,卖盘
2690,09:37:11,13.26,0.01,109,145077,买盘
2691,09:37:05,13.25,--,113,149725,卖盘
2692,09:37:02,13.25,--,311,412075,卖盘
2693,09:36:59,13.25,--,4,5300,卖盘
2694,09:36:56,13.25,--,75,99375,卖盘
2695,09:36:50,13.25,--,142,188150,卖盘
2696,09:36:44,13.25,--,55,72875,卖盘
2697,09:36:41,13.25,--,32,42400,卖盘
2698,09:36:38,13.25,--,37,49025,卖盘
2699,09:36:35,13.25,-0.02,18,24380,卖盘
2700,09:36:32,13.27,0.02,100,132700,买盘
2701,09:36:26,13.25,-0.02,22,29150,卖盘
2702,09:36:23,13.27,0.01,250,331750,买盘
2703,09:36:17,13.26,0.01,53,70278,买盘
2704,09:36:14,13.25,--,4,5300,卖盘
2705,09:36:11,13.25,--,55,74001,卖盘
2706,09:36:02,13.25,-0.01,110,145750,卖盘
2707,09:35:59,13.26,0.01,38,50388,买盘
2708,09:35:56,13.25,-0.01,19,25175,卖盘
2709,09:35:53,13.26,--,15,19890,买盘
2710,09:35:50,13.26,-0.01,16,21958,卖盘
2711,09:35:47,13.27,0.01,24,31848,卖盘
2712,09:35:41,13.26,-0.02,60,79560,卖盘
2713,09:35:38,13.28,0.01,137,181936,买盘
2714,09:35:35,13.27,0.01,37,49099,买盘
2715,09:35:32,13.26,--,7,9282,卖盘
2716,09:35:29,13.26,-0.01,3,3978,卖盘
2717,09:35:26,13.27,--,2,2654,买盘
2718,09:35:23,13.27,0.01,4,5308,买盘
2719,09:35:20,13.26,--,57,76788,卖盘
2720,09:35:14,13.26,--,121,161148,买盘
2721,09:35:11,13.26,--,17,23085,买盘
2722,09:35:02,13.26,--,5,6630,买盘
2723,09:34:56,13.26,--,93,123941,卖盘
2724,09:34:53,13.26,--,66,87516,卖盘
2725,09:34:50,13.26,-0.01,10,13260,卖盘
2726,09:34:41,13.27,0.01,37,49099,买盘
2727,09:34:38,13.26,-0.01,18,23868,卖盘
2728,09:34:35,13.27,--,5,6635,买盘
2729,09:34:32,13.27,0.01,4,5308,买盘
2730,09:34:29,13.26,--,23,30498,卖盘
2731,09:34:26,13.26,-0.01,50,66300,卖盘
2732,09:34:17,13.27,--,106,141869,中性盘
2733,09:34:14,13.27,0.01,105,139335,买盘
2734,09:34:11,13.26,-0.01,53,70808,卖盘
2735,09:34:08,13.27,-0.01,7,9289,买盘
2736,09:34:05,13.28,--,100,132800,买盘
2737,09:34:02,13.28,0.01,158,209824,买盘
2738,09:33:59,13.27,--,10,13270,买盘
2739,09:33:56,13.27,--,5,6635,买盘
2740,09:33:53,13.27,0.01,43,57061,中性盘
2741,09:33:50,13.26,-0.01,9,13140,卖盘
2742,09:33:44,13.27,--,21,27986,卖盘
2743,09:33:41,13.27,0.01,75,100732,买盘
2744,09:33:38,13.26,-0.01,63,83538,卖盘
2745,09:33:35,13.27,0.01,118,156586,买盘
2746,09:33:32,13.26,-0.01,48,63648,卖盘
2747,09:33:29,13.27,--,91,120757,买盘
2748,09:33:23,13.27,0.01,10,13270,买盘
2749,09:33:17,13.26,--,32,43625,卖盘
2750,09:33:11,13.26,--,54,72147,卖盘
2751,09:33:05,13.26,0.01,9,11934,卖盘
2752,09:33:02,13.25,--,23,30475,卖盘
2753,09:32:59,13.25,-0.01,28,37100,卖盘
2754,09:32:56,13.26,--,9,11934,买盘
2755,09:32:53,13.26,--,45,59670,卖盘
2756,09:32:50,13.26,-0.01,1,1326,卖盘
2757,09:32:47,13.27,--,49,65023,买盘
2758,09:32:44,13.27,--,71,94217,买盘
2759,09:32:41,13.27,--,18,23886,买盘
2760,09:32:35,13.27,-0.01,24,31967,卖盘
2761,09:32:29,13.28,--,88,116864,买盘
2762,09:32:26,13.28,--,16,21248,买盘
2763,09:32:23,13.28,0.01,212,281536,买盘
2764,09:32:20,13.27,-0.01,47,62369,卖盘
2765,09:32:17,13.28,--,24,33080,买盘
2766,09:32:14,13.28,--,40,53120,买盘
2767,09:32:11,13.28,--,30,39840,买盘
2768,09:32:08,13.28,--,33,44355,买盘
2769,09:32:05,13.28,--,81,107568,买盘
2770,09:32:02,13.28,--,16,21248,买盘
2771,09:31:59,13.28,--,52,69056,买盘
2772,09:31:56,13.28,--,4,5312,买盘
2773,09:31:53,13.28,--,64,84992,买盘
2774,09:31:50,13.28,0.01,22,29216,买盘
2775,09:31:47,13.27,--,70,92890,卖盘
2776,09:31:41,13.27,--,19,25213,卖盘
2777,09:31:35,13.27,--,133,176491,买盘
2778,09:31:29,13.27,--,174,230898,买盘
2779,09:31:26,13.27,--,23,30521,买盘
2780,09:31:23,13.27,--,28,37156,买盘
2781,09:31:20,13.27,--,31,41137,买盘
2782,09:31:17,13.27,--,91,120757,买盘
2783,09:31:14,13.27,0.02,107,142533,买盘
2784,09:31:11,13.25,-0.01,44,58830,卖盘
2785,09:31:08,13.26,--,53,70278,买盘
2786,09:31:05,13.26,0.02,61,80886,买盘
2787,09:30:56,13.24,-0.02,85,112540,卖盘
2788,09:30:53,13.26,0.02,161,213486,买盘
2789,09:30:50,13.24,-0.01,152,201248,卖盘
2790,09:30:47,13.25,0.01,113,149725,买盘
2791,09:30:44,13.24,-0.01,80,105920,卖盘
2792,09:30:41,13.25,--,69,91425,买盘
2793,09:30:38,13.25,--,10,13250,买盘
2794,09:30:35,13.25,--,31,41075,买盘
2795,09:30:32,13.25,-0.01,95,125875,卖盘
2796,09:30:29,13.26,--,110,145860,买盘
