,time,price,change,volume,amount,type
0,15:00:00,16.26,--,0,0,卖盘
1,15:00:00,16.26,-0.01,0,0,卖盘
2,14:59:55,16.27,--,66,107382,卖盘
3,14:59:51,16.27,0.01,1014,1649778,买盘
4,14:59:46,16.26,--,270,439020,卖盘
5,14:59:40,16.26,--,54,87804,卖盘
6,14:59:36,16.26,--,797,1295922,卖盘
7,14:59:31,16.26,--,183,297558,卖盘
8,14:59:25,16.26,--,13,21138,卖盘
9,14:59:21,16.26,-0.02,125,203250,卖盘
10,14:59:16,16.28,0.01,260,423280,买盘
11,14:59:10,16.27,--,3,5661,卖盘
12,14:59:06,16.27,--,71,115517,卖盘
13,14:59:01,16.27,-0.01,92,149684,卖盘
14,14:58:55,16.28,--,242,393976,卖盘
15,14:58:51,16.28,-0.01,23,37444,卖盘
16,14:58:46,16.29,0.01,46,74934,买盘
17,14:58:40,16.28,--,15,24420,卖盘
18,14:58:36,16.28,-0.01,80,130240,卖盘
19,14:58:31,16.29,0.01,584,951336,买盘
20,14:58:25,16.28,--,22,35816,卖盘
21,14:58:21,16.28,--,62,102498,卖盘
22,14:58:16,16.28,--,11,17908,卖盘
23,14:58:10,16.28,--,107,174196,卖盘
24,14:58:06,16.28,-0.02,174,283272,卖盘
25,14:58:01,16.3,0.01,157,255910,买盘
26,14:57:55,16.29,--,92,149868,卖盘
27,14:57:51,16.29,--,319,520563,卖盘
28,14:57:46,16.29,-0.01,35,57015,卖盘
29,14:57:36,16.3,0.01,138,224940,买盘
30,14:57:31,16.29,--,134,218286,卖盘
31,14:57:25,16.29,--,6,9774,卖盘
32,14:57:21,16.29,--,35,57015,卖盘
33,14:57:15,16.29,--,84,136836,卖盘
34,14:57:06,16.29,-0.01,55,89595,卖盘
35,14:57:00,16.3,--,11,17930,买盘
36,14:56:55,16.3,--,100,163000,买盘
37,14:56:51,16.3,--,294,480572,卖盘
38,14:56:45,16.3,--,49,79870,卖盘
39,14:56:36,16.3,--,99,161370,卖盘
40,14:56:30,16.3,--,1608,2621317,买盘
41,14:56:25,16.3,--,2,3260,买盘
42,14:56:21,16.3,0.01,112,182560,买盘
43,14:56:15,16.29,-0.01,110,179190,卖盘
44,14:56:10,16.3,0.01,205,334150,买盘
45,14:56:06,16.29,-0.01,48,78192,卖盘
46,14:55:55,16.3,0.01,4,6520,买盘
47,14:55:50,16.29,-0.02,24,39096,卖盘
48,14:55:45,16.31,0.01,2485,4054551,买盘
49,14:55:40,16.3,-0.01,77,125510,卖盘
50,14:55:35,16.31,0.01,84,137004,买盘
51,14:55:30,16.3,--,633,1031790,卖盘
52,14:55:25,16.3,--,20,32600,卖盘
53,14:55:20,16.3,-0.01,186,303180,卖盘
54,14:55:15,16.31,0.01,44,71764,买盘
55,14:55:10,16.3,--,79,128770,卖盘
56,14:55:05,16.3,--,25,40750,卖盘
57,14:55:00,16.3,0.01,744,1212834,买盘
58,14:54:55,16.29,--,35,57015,卖盘
59,14:54:50,16.29,--,26,42354,卖盘
60,14:54:45,16.29,--,1541,2510289,买盘
61,14:54:40,16.29,0.01,1,1629,买盘
62,14:54:35,16.28,-0.01,15,24420,卖盘
63,14:54:30,16.29,-0.01,470,767144,卖盘
64,14:54:25,16.3,--,138,224940,买盘
65,14:54:15,16.3,--,157,256024,买盘
66,14:54:10,16.3,--,20,32600,买盘
67,14:54:05,16.3,0.01,46,74980,买盘
68,14:54:00,16.29,-0.01,606,988688,卖盘
69,14:53:55,16.3,--,446,726980,卖盘
70,14:53:50,16.3,--,143,233090,卖盘
71,14:53:45,16.3,--,57,92910,卖盘
72,14:53:40,16.3,0.01,2156,3514394,买盘
73,14:53:35,16.29,--,100,162900,卖盘
74,14:53:30,16.29,--,27,43983,卖盘
75,14:53:25,16.29,-0.01,510,832190,卖盘
76,14:53:20,16.3,0.01,126,205380,买盘
77,14:53:15,16.29,--,40,65534,卖盘
78,14:53:10,16.29,--,386,628794,卖盘
79,14:53:04,16.29,--,62,100998,卖盘
80,14:53:00,16.29,-0.01,44,71676,卖盘
81,14:52:55,16.3,0.01,23,37490,买盘
82,14:52:49,16.29,--,40,65160,卖盘
83,14:52:45,16.29,--,66,107514,卖盘
84,14:52:40,16.29,--,19,30951,卖盘
85,14:52:34,16.29,--,10,16290,卖盘
86,14:52:30,16.29,--,23,37467,卖盘
87,14:52:25,16.29,--,801,1306311,买盘
88,14:52:19,16.29,--,355,578295,买盘
89,14:52:15,16.29,--,216,352010,卖盘
90,14:52:10,16.29,0.01,507,827385,买盘
91,14:52:04,16.28,-0.01,71,115588,卖盘
92,14:52:00,16.29,--,32,52128,买盘
93,14:51:55,16.29,0.01,505,822645,买盘
94,14:51:49,16.28,--,114,185592,卖盘
95,14:51:45,16.28,--,33,53724,卖盘
96,14:51:40,16.28,--,1,1628,买盘
97,14:51:30,16.28,--,9,14652,买盘
98,14:51:25,16.28,0.01,107,174196,买盘
99,14:51:19,16.27,-0.02,30,48810,卖盘
100,14:51:15,16.29,0.01,2021,3292209,买盘
101,14:51:10,16.28,--,1,1628,买盘
102,14:51:04,16.28,--,1,1628,买盘
103,14:51:00,16.28,--,39,63492,买盘
104,14:50:55,16.28,0.01,48,78144,买盘
105,14:50:49,16.27,-0.02,352,572704,卖盘
106,14:50:45,16.29,--,103,167787,买盘
107,14:50:40,16.29,0.01,112,182448,买盘
108,14:50:34,16.28,-0.01,40,65120,卖盘
109,14:50:30,16.29,0.01,91,148239,买盘
110,14:50:25,16.28,--,41,66748,卖盘
111,14:50:19,16.28,--,5,8140,卖盘
112,14:50:15,16.28,--,56,91168,卖盘
113,14:50:09,16.28,0.02,1207,1964996,买盘
114,14:50:00,16.26,-0.02,518,842268,卖盘
115,14:49:54,16.28,0.01,4,6512,买盘
116,14:49:49,16.27,0.01,49,79723,买盘
117,14:49:45,16.26,-0.01,105,170730,卖盘
118,14:49:39,16.27,0.02,76,123652,买盘
119,14:49:34,16.25,--,0,0,卖盘
120,14:49:29,16.25,--,2002,3253250,卖盘
121,14:49:24,16.25,--,87,141375,卖盘
122,14:49:15,16.25,--,27,43875,卖盘
123,14:49:09,16.25,-0.01,443,719875,卖盘
124,14:49:04,16.26,--,6,9756,买盘
125,14:48:59,16.26,--,4,6504,买盘
126,14:48:54,16.26,--,1,1626,买盘
127,14:48:49,16.26,--,7,11382,买盘
128,14:48:39,16.26,0.01,152,247152,买盘
129,14:48:34,16.25,-0.01,221,359125,卖盘
130,14:48:29,16.26,--,1003,1630878,卖盘
131,14:48:24,16.26,--,15,24390,卖盘
132,14:48:19,16.26,0.01,8,13008,买盘
133,14:48:14,16.25,--,17,27625,卖盘
134,14:48:09,16.25,0.01,16,26000,中性盘
135,14:48:04,16.24,--,10,16239,卖盘
136,14:47:59,16.24,-0.03,7,11367,中性盘
137,14:47:54,16.27,0.04,1013,1648151,买盘
138,14:47:49,16.23,--,0,0,卖盘
139,14:47:44,16.23,-0.03,5,8115,卖盘
140,14:47:39,16.26,0.02,1000,1626000,买盘
141,14:47:34,16.24,0.01,20,32479,中性盘
142,14:47:29,16.23,--,53,86019,买盘
143,14:47:24,16.23,--,26,42198,卖盘
144,14:47:19,16.23,-0.01,1017,1650591,卖盘
145,14:47:14,16.24,--,17,27607,卖盘
146,14:47:04,16.24,--,33,53591,卖盘
147,14:46:59,16.24,0.01,54,87695,买盘
148,14:46:54,16.23,--,222,360306,卖盘
149,14:46:49,16.23,--,103,167169,卖盘
150,14:46:44,16.23,--,371,602133,卖盘
151,14:46:39,16.23,0.01,1505,2442615,买盘
152,14:46:28,16.22,--,18,29195,卖盘
153,14:46:24,16.22,--,33,53525,卖盘
154,14:46:19,16.22,0.01,62,101748,买盘
155,14:46:13,16.21,--,17,27557,卖盘
156,14:46:09,16.21,--,23,37283,卖盘
157,14:46:04,16.21,-0.01,68,110228,卖盘
158,14:45:58,16.22,0.01,91,147602,买盘
159,14:45:54,16.21,--,15,24315,卖盘
160,14:45:43,16.21,--,72,116712,卖盘
161,14:45:39,16.21,--,501,812121,卖盘
162,14:45:24,16.21,--,56,90776,卖盘
163,14:45:19,16.21,--,317,513857,卖盘
164,14:45:13,16.21,--,24,38904,卖盘
165,14:45:09,16.21,--,3,4863,卖盘
166,14:44:54,16.21,--,19,30799,卖盘
167,14:44:43,16.21,--,21,34041,卖盘
168,14:44:39,16.21,--,105,170205,卖盘
169,14:44:24,16.21,--,55,89155,卖盘
170,14:44:19,16.21,--,117,189657,卖盘
171,14:44:13,16.21,--,24,38904,卖盘
172,14:44:04,16.21,-0.01,17,27557,卖盘
173,14:43:58,16.22,--,98,158956,买盘
174,14:43:54,16.22,--,38,61635,买盘
175,14:43:49,16.22,0.01,16,25952,买盘
176,14:43:43,16.21,--,11,17831,卖盘
177,14:43:38,16.21,-0.01,275,445775,卖盘
178,14:43:34,16.22,--,3,4866,买盘
179,14:43:24,16.22,--,316,512551,买盘
180,14:43:19,16.22,0.01,229,371438,买盘
181,14:43:13,16.21,-0.01,7,11347,卖盘
182,14:43:08,16.22,--,86,139492,买盘
183,14:42:58,16.22,--,10,16219,买盘
184,14:42:54,16.22,--,10,16219,买盘
185,14:42:48,16.22,0.01,59,95698,买盘
186,14:42:43,16.21,--,6,9726,卖盘
187,14:42:38,16.21,-0.01,4,6484,卖盘
188,14:42:33,16.22,0.01,11,17842,买盘
189,14:42:28,16.21,-0.01,35,56735,卖盘
190,14:42:23,16.22,--,8,12976,买盘
191,14:42:18,16.22,--,28,45416,卖盘
192,14:42:13,16.22,--,248,402256,卖盘
193,14:42:08,16.22,0.01,18,29195,中性盘
194,14:42:03,16.21,-0.01,380,615980,卖盘
195,14:41:58,16.22,--,100,162200,卖盘
196,14:41:48,16.22,--,13,21086,卖盘
197,14:41:43,16.22,--,12,19464,卖盘
198,14:41:38,16.22,-0.01,105,170310,卖盘
199,14:41:33,16.23,0.01,71,115233,买盘
200,14:41:23,16.22,-0.01,33,53525,卖盘
201,14:41:18,16.23,0.01,294,477162,买盘
202,14:41:13,16.22,-0.01,7,11354,卖盘
203,14:40:58,16.23,0.01,21,34083,买盘
204,14:40:48,16.22,--,9,14597,卖盘
205,14:40:43,16.22,--,9,14597,卖盘
206,14:40:33,16.22,--,598,969955,卖盘
207,14:40:28,16.22,--,33,53525,卖盘
208,14:40:18,16.22,--,21,34062,卖盘
209,14:40:13,16.22,-0.01,71,115161,卖盘
210,14:40:03,16.23,0.01,257,417111,买盘
211,14:39:58,16.22,--,52,84344,卖盘
212,14:39:53,16.22,--,7,11354,卖盘
213,14:39:48,16.22,--,24,38928,卖盘
214,14:39:43,16.22,-0.01,17,27573,卖盘
215,14:39:38,16.23,0.01,7,11361,买盘
216,14:39:33,16.22,--,51,82722,卖盘
217,14:39:23,16.22,-0.01,0,16,卖盘
218,14:39:18,16.23,0.01,23,37329,买盘
219,14:39:13,16.22,--,29,47038,卖盘
220,14:39:07,16.22,-0.01,142,230323,卖盘
221,14:39:03,16.23,0.01,6,9738,买盘
222,14:38:58,16.22,--,15,24330,卖盘
223,14:38:48,16.22,--,15,24330,卖盘
224,14:38:43,16.22,--,33,53525,卖盘
225,14:38:37,16.22,--,42,68918,卖盘
226,14:38:33,16.22,--,44,71368,卖盘
227,14:38:28,16.22,--,13,21086,卖盘
228,14:38:22,16.22,--,14,22708,卖盘
229,14:38:13,16.22,--,25,40550,卖盘
230,14:38:07,16.22,-0.01,38,61635,卖盘
231,14:38:02,16.23,0.01,13,21099,买盘
232,14:37:58,16.22,--,13,21086,卖盘
233,14:37:52,16.22,--,476,772072,卖盘
234,14:37:47,16.22,--,28,45416,卖盘
235,14:37:43,16.22,-0.01,7,11354,卖盘
236,14:37:37,16.23,0.01,16,25968,买盘
237,14:37:32,16.22,--,9,14597,卖盘
238,14:37:28,16.22,--,265,429829,卖盘
239,14:37:22,16.22,--,50,81100,卖盘
240,14:37:17,16.22,--,4,6488,卖盘
241,14:37:13,16.22,-0.01,260,421719,卖盘
242,14:37:02,16.23,--,16,25968,买盘
243,14:36:58,16.23,0.01,18,29214,买盘
244,14:36:47,16.22,--,279,452537,卖盘
245,14:36:43,16.22,--,19,30817,卖盘
246,14:36:37,16.22,-0.01,1,1622,卖盘
247,14:36:32,16.23,--,1,1623,买盘
248,14:36:28,16.23,0.01,37,60051,买盘
249,14:36:22,16.22,--,19,30817,卖盘
250,14:36:17,16.22,-0.01,19,30817,卖盘
251,14:36:12,16.23,0.01,869,1410387,买盘
252,14:36:07,16.22,--,18,29195,卖盘
253,14:36:02,16.22,-0.01,12,19464,卖盘
254,14:35:57,16.23,--,14,22722,买盘
255,14:35:52,16.23,0.01,26,42198,买盘
256,14:35:47,16.22,--,13,21086,卖盘
257,14:35:42,16.22,-0.01,7,11354,卖盘
258,14:35:37,16.23,--,42,68166,买盘
259,14:35:32,16.23,--,11,17853,买盘
260,14:35:27,16.23,0.01,38,61674,买盘
261,14:35:22,16.22,-0.01,35,56769,卖盘
262,14:35:17,16.23,--,46,74658,买盘
263,14:35:12,16.23,--,20,32460,买盘
264,14:35:07,16.23,--,11,17853,买盘
265,14:35:02,16.23,--,271,439833,买盘
266,14:34:57,16.23,0.01,56,90888,买盘
267,14:34:52,16.22,-0.01,5,8109,卖盘
268,14:34:47,16.23,0.01,14,22722,买盘
269,14:34:42,16.22,--,25,40550,卖盘
270,14:34:37,16.22,--,40,64879,卖盘
271,14:34:27,16.22,--,13,21086,卖盘
272,14:34:22,16.22,--,2,3244,卖盘
273,14:34:17,16.22,0.01,148,240055,买盘
274,14:34:12,16.21,-0.01,7,11347,卖盘
275,14:34:07,16.22,--,118,191396,买盘
276,14:34:02,16.22,--,151,244921,买盘
277,14:33:57,16.22,--,60,97320,买盘
278,14:33:52,16.22,--,45,72990,买盘
279,14:33:47,16.22,--,3,4866,买盘
280,14:33:42,16.22,0.01,27,43794,买盘
281,14:33:37,16.21,--,65,105365,卖盘
282,14:33:32,16.21,-0.01,65,105365,卖盘
283,14:33:27,16.22,--,63,102186,买盘
284,14:33:22,16.22,0.01,43,69746,买盘
285,14:33:17,16.21,--,13,21073,卖盘
286,14:33:12,16.21,--,90,145890,卖盘
287,14:33:06,16.21,-0.01,118,191278,卖盘
288,14:32:52,16.22,0.01,23,37306,买盘
289,14:32:47,16.21,--,13,21073,卖盘
290,14:32:42,16.21,--,7,11347,卖盘
291,14:32:37,16.21,--,9,14589,卖盘
292,14:32:27,16.21,-0.01,573,928833,卖盘
293,14:32:22,16.22,0.01,38,61635,买盘
294,14:32:17,16.21,--,13,21073,卖盘
295,14:32:12,16.21,-0.01,13,21073,卖盘
296,14:32:07,16.22,0.01,21,34062,买盘
297,14:31:57,16.21,-0.01,39,64418,卖盘
298,14:31:51,16.22,0.01,3,4866,买盘
299,14:31:47,16.21,--,13,21073,卖盘
300,14:31:42,16.21,-0.01,10,16210,卖盘
301,14:31:36,16.22,--,10,16219,买盘
302,14:31:32,16.22,--,7,11354,买盘
303,14:31:27,16.22,--,53,85966,买盘
304,14:31:21,16.22,-0.01,158,256697,卖盘
305,14:31:17,16.23,0.01,32,51936,买盘
306,14:31:12,16.22,-0.01,142,230323,卖盘
307,14:30:57,16.23,0.01,104,168792,买盘
308,14:30:51,16.22,-0.01,59,95698,卖盘
309,14:30:46,16.23,0.01,73,118479,买盘
310,14:30:42,16.22,--,11,17842,卖盘
311,14:30:36,16.22,-0.01,7,11354,卖盘
312,14:30:31,16.23,0.01,314,509622,买盘
313,14:30:26,16.22,-0.01,99,160578,卖盘
314,14:30:21,16.23,0.01,161,261303,买盘
315,14:30:11,16.22,--,6,9732,卖盘
316,14:30:06,16.22,--,129,209237,卖盘
317,14:30:01,16.22,-0.01,9,14597,卖盘
318,14:29:56,16.23,0.01,39,63297,买盘
319,14:29:51,16.22,--,568,922009,卖盘
320,14:29:41,16.22,-0.01,7,11354,卖盘
321,14:29:36,16.23,0.01,54,87642,买盘
322,14:29:31,16.22,--,216,350352,卖盘
323,14:29:26,16.22,--,188,304936,卖盘
324,14:29:21,16.22,--,4,6488,卖盘
325,14:29:11,16.22,--,16,25952,卖盘
326,14:29:06,16.22,-0.01,1,2108,卖盘
327,14:29:01,16.23,--,1,1623,买盘
328,14:28:56,16.23,0.01,273,443079,买盘
329,14:28:51,16.22,--,80,129759,卖盘
330,14:28:41,16.22,--,46,74612,卖盘
331,14:28:31,16.22,-0.01,217,351974,卖盘
332,14:28:26,16.23,0.01,16,25968,买盘
333,14:28:16,16.22,--,14,22708,卖盘
334,14:28:11,16.22,-0.01,23,37306,卖盘
335,14:27:56,16.23,--,5,8115,买盘
336,14:27:46,16.23,0.01,35,56805,买盘
337,14:27:36,16.22,--,5,8109,卖盘
338,14:27:31,16.22,-0.01,216,350352,卖盘
339,14:27:26,16.23,--,14,22722,卖盘
340,14:27:21,16.23,--,1,1623,卖盘
341,14:27:11,16.23,--,7,11361,卖盘
342,14:27:06,16.23,--,78,126594,卖盘
343,14:27:01,16.23,--,9,14607,卖盘
344,14:26:56,16.23,--,14,22722,卖盘
345,14:26:51,16.23,0.01,2,3246,买盘
346,14:26:46,16.22,-0.01,14,22708,卖盘
347,14:26:41,16.23,0.01,20,32460,卖盘
348,14:26:36,16.22,--,0,0,卖盘
349,14:26:30,16.22,-0.02,216,350352,卖盘
350,14:26:26,16.24,--,2,3247,买盘
351,14:26:21,16.24,0.01,5,8119,买盘
352,14:26:15,16.23,--,7,11361,卖盘
353,14:26:06,16.23,--,81,131463,卖盘
354,14:26:00,16.23,--,8,12984,卖盘
355,14:25:56,16.23,--,72,116856,买盘
356,14:25:51,16.23,0.01,8,12984,买盘
357,14:25:45,16.22,-0.01,37,60013,卖盘
358,14:25:41,16.23,--,257,417111,买盘
359,14:25:36,16.23,0.01,140,227220,买盘
360,14:25:30,16.22,--,247,400634,卖盘
361,14:25:26,16.22,--,3,4866,卖盘
362,14:25:21,16.22,--,28,45416,卖盘
363,14:25:15,16.22,--,7,11354,卖盘
364,14:25:06,16.22,--,78,126515,卖盘
365,14:25:00,16.22,0.01,409,663398,买盘
366,14:24:56,16.21,-0.01,289,468469,卖盘
367,14:24:51,16.22,0.01,6,9732,买盘
368,14:24:45,16.21,-0.01,60,97260,卖盘
369,14:24:36,16.22,0.01,14,22708,买盘
370,14:24:30,16.21,--,216,350136,卖盘
371,14:24:26,16.21,-0.01,14,22694,卖盘
372,14:24:21,16.22,--,6,9732,买盘
373,14:24:15,16.22,0.01,748,1213256,买盘
374,14:24:06,16.21,--,1,1621,卖盘
375,14:23:56,16.21,--,44,71324,卖盘
376,14:23:50,16.21,--,52,84292,卖盘
377,14:23:45,16.21,-0.01,7,11347,卖盘
378,14:23:41,16.22,0.01,10,16219,买盘
379,14:23:30,16.21,--,227,367967,卖盘
380,14:23:15,16.21,-0.01,12,19452,卖盘
381,14:23:06,16.22,--,23,37306,买盘
382,14:23:00,16.22,0.01,13,21086,买盘
383,14:22:51,16.21,--,4,6484,卖盘
384,14:22:45,16.21,--,59,95639,卖盘
385,14:22:35,16.21,--,18,29178,卖盘
386,14:22:30,16.21,--,221,358241,卖盘
387,14:22:25,16.21,-0.01,64,103744,卖盘
388,14:22:20,16.22,--,37,60013,卖盘
389,14:22:15,16.22,--,7,11354,卖盘
390,14:22:05,16.22,--,18,29195,卖盘
391,14:22:00,16.22,--,74,120027,卖盘
392,14:21:50,16.22,--,129,209237,卖盘
393,14:21:45,16.22,-0.01,12,19464,卖盘
394,14:21:40,16.23,0.02,10,16230,买盘
395,14:21:35,16.21,--,199,322579,卖盘
396,14:21:30,16.21,-0.02,257,416597,卖盘
397,14:21:20,16.23,0.01,25,40575,买盘
398,14:21:15,16.22,--,27,43794,卖盘
399,14:21:05,16.22,-0.01,37,60013,卖盘
400,14:20:50,16.23,0.01,5,8115,买盘
401,14:20:45,16.22,--,35,56769,卖盘
402,14:20:35,16.22,0.01,161,261174,中性盘
403,14:20:30,16.21,-0.01,339,549519,卖盘
404,14:20:20,16.22,--,4,6488,卖盘
405,14:20:15,16.22,0.01,87,141114,买盘
406,14:20:05,16.21,-0.01,67,108607,卖盘
407,14:20:00,16.22,--,35,56769,买盘
408,14:19:55,16.22,--,382,619604,买盘
409,14:19:50,16.22,0.01,77,124893,买盘
410,14:19:45,16.21,-0.01,7,11347,卖盘
411,14:19:40,16.22,0.01,1,1622,买盘
412,14:19:35,16.21,--,24,38904,卖盘
413,14:19:30,16.21,-0.01,217,351757,卖盘
414,14:19:24,16.22,--,10,16219,买盘
415,14:19:20,16.22,0.01,33,53525,买盘
416,14:19:15,16.21,-0.01,12,19452,卖盘
417,14:19:05,16.22,0.01,10,16219,买盘
418,14:19:00,16.21,-0.01,67,108607,卖盘
419,14:18:54,16.22,0.01,5,8109,买盘
420,14:18:50,16.21,-0.01,4,6484,卖盘
421,14:18:45,16.22,-0.01,30,48660,中性盘
422,14:18:39,16.23,0.02,20,32460,买盘
423,14:18:35,16.21,--,11,17831,卖盘
424,14:18:30,16.21,-0.01,228,369588,卖盘
425,14:18:24,16.22,-0.01,13,21086,卖盘
426,14:18:20,16.23,0.01,124,201252,买盘
427,14:18:14,16.22,-0.01,138,223835,卖盘
428,14:18:09,16.23,0.01,11,17853,买盘
429,14:18:00,16.22,-0.01,66,107051,卖盘
430,14:17:44,16.23,--,57,92511,买盘
431,14:17:39,16.23,0.01,22,35706,买盘
432,14:17:35,16.22,--,5,8109,卖盘
433,14:17:30,16.22,-0.01,216,350352,卖盘
434,14:17:20,16.23,--,1,1623,买盘
435,14:17:15,16.23,0.01,67,108741,买盘
436,14:17:09,16.22,--,520,843439,卖盘
437,14:17:00,16.22,--,8,12976,卖盘
438,14:16:54,16.22,--,31,50282,卖盘
439,14:16:50,16.22,--,125,202750,卖盘
440,14:16:44,16.22,--,9,14597,卖盘
441,14:16:39,16.22,0.01,5,8109,卖盘
442,14:16:30,16.21,-0.01,301,487921,卖盘
443,14:16:14,16.22,--,16,25952,卖盘
444,14:15:59,16.22,-0.01,5,8109,卖盘
445,14:15:54,16.23,0.01,69,111987,买盘
446,14:15:45,16.22,-0.01,27,43794,卖盘
447,14:15:39,16.23,--,18,29214,买盘
448,14:15:34,16.23,0.03,1,1623,买盘
449,14:15:29,16.2,-0.01,216,349920,卖盘
450,14:15:24,16.21,--,0,0,卖盘
451,14:15:20,16.21,-0.01,3,4863,卖盘
452,14:15:14,16.22,--,18,29195,卖盘
453,14:15:09,16.22,-0.02,2,3244,中性盘
454,14:14:59,16.24,--,0,0,买盘
455,14:14:54,16.24,0.01,50,81199,买盘
456,14:14:49,16.23,0.03,11,17853,买盘
457,14:14:44,16.2,--,294,476604,买盘
458,14:14:39,16.2,--,20,32400,买盘
459,14:14:34,16.2,--,7,11340,买盘
460,14:14:29,16.2,--,2000,3240972,买盘
461,14:14:24,16.2,--,100,162000,买盘
462,14:14:19,16.2,--,163,264060,买盘
463,14:14:14,16.2,--,292,473040,买盘
464,14:14:09,16.2,-0.02,7603,12318156,卖盘
465,14:13:59,16.22,-0.01,54,87588,卖盘
466,14:13:54,16.23,--,61,99003,买盘
467,14:13:44,16.23,0.01,13,21099,买盘
468,14:13:39,16.22,-0.02,5,8109,卖盘
469,14:13:29,16.24,--,235,381639,卖盘
470,14:13:24,16.24,--,37,60087,卖盘
471,14:13:19,16.24,--,50,81199,卖盘
472,14:13:14,16.24,0.01,7,11367,中性盘
473,14:13:09,16.23,--,50,81150,卖盘
474,14:13:04,16.23,--,5,8115,卖盘
475,14:12:59,16.23,--,34,55182,卖盘
476,14:12:54,16.23,0.01,34,55182,卖盘
477,14:12:49,16.22,--,0,0,卖盘
478,14:12:44,16.22,--,7,11354,卖盘
479,14:12:39,16.22,--,43,69778,卖盘
480,14:12:29,16.22,-0.01,436,707192,卖盘
481,14:12:24,16.23,0.01,48,77904,买盘
482,14:12:14,16.22,--,82,133004,卖盘
483,14:12:09,16.22,--,39,63257,卖盘
484,14:11:59,16.22,--,409,664776,卖盘
485,14:11:54,16.22,-0.01,63,102202,卖盘
486,14:11:48,16.23,--,6,9738,买盘
487,14:11:44,16.23,--,331,537213,买盘
488,14:11:39,16.23,-0.01,16,27574,卖盘
489,14:11:33,16.24,0.01,7,12943,买盘
490,14:11:29,16.23,-0.01,306,496638,卖盘
491,14:11:23,16.24,0.01,70,113679,买盘
492,14:11:14,16.23,--,25,40639,卖盘
493,14:11:08,16.23,--,35,56805,卖盘
494,14:10:59,16.23,--,33,53559,卖盘
495,14:10:53,16.23,--,36,58428,卖盘
496,14:10:44,16.23,--,18,29214,卖盘
497,14:10:38,16.23,--,35,56805,卖盘
498,14:10:29,16.23,-0.01,242,392766,卖盘
499,14:10:23,16.24,--,35,56839,卖盘
500,14:10:13,16.24,--,8,12991,卖盘
501,14:10:08,16.24,0.01,221,358903,买盘
502,14:10:03,16.23,-0.01,47,76281,卖盘
503,14:09:53,16.24,--,192,311807,买盘
504,14:09:38,16.24,-0.01,10,16239,卖盘
505,14:09:33,16.25,--,512,832000,买盘
506,14:09:29,16.25,0.01,18,29250,买盘
507,14:09:23,16.24,--,57,92567,卖盘
508,14:09:18,16.24,-0.01,8,12991,买盘
509,14:09:13,16.25,--,0,0,买盘
510,14:09:08,16.25,0.02,588,955500,买盘
511,14:09:03,16.23,-0.02,90,146070,卖盘
512,14:08:53,16.25,0.03,171,277875,买盘
513,14:08:48,16.22,0.01,747,1212380,买盘
514,14:08:43,16.21,--,6,9726,卖盘
515,14:08:38,16.21,--,35,56735,卖盘
516,14:08:33,16.21,--,344,557624,卖盘
517,14:08:23,16.21,-0.01,40,64840,卖盘
518,14:08:18,16.22,0.01,12,19464,买盘
519,14:08:13,16.21,--,7,11347,卖盘
520,14:08:08,16.21,-0.01,231,374451,卖盘
521,14:08:03,16.22,--,46,74612,买盘
522,14:07:53,16.22,0.01,99,160578,买盘
523,14:07:48,16.21,--,3,4863,卖盘
524,14:07:43,16.21,--,7,11347,卖盘
525,14:07:38,16.21,--,122,198037,卖盘
526,14:07:33,16.21,--,254,411734,卖盘
527,14:07:23,16.21,-0.01,125,203030,卖盘
528,14:07:18,16.22,--,23,37306,买盘
529,14:07:08,16.22,0.01,36,58391,买盘
530,14:07:03,16.21,--,0,0,卖盘
531,14:06:58,16.21,--,5,8105,卖盘
532,14:06:53,16.21,-0.03,51,82671,卖盘
533,14:06:43,16.24,--,0,0,买盘
534,14:06:38,16.24,0.03,10,16239,买盘
535,14:06:33,16.21,-0.03,217,351757,卖盘
536,14:06:23,16.24,--,839,1362535,卖盘
537,14:06:18,16.24,--,40,64959,卖盘
538,14:06:13,16.24,--,7,11367,卖盘
539,14:06:08,16.24,0.03,518,841231,买盘
540,14:06:03,16.21,-0.01,84,136164,卖盘
541,14:05:58,16.22,0.01,2,3244,买盘
542,14:05:53,16.21,--,1099,1781479,卖盘
543,14:05:42,16.21,--,28,45388,卖盘
544,14:05:38,16.21,0.01,237,384792,买盘
545,14:05:33,16.2,--,257,416340,卖盘
546,14:05:23,16.2,--,1098,1778760,卖盘
547,14:05:12,16.2,-0.01,11,17820,卖盘
548,14:05:08,16.21,--,1064,1724744,买盘
549,14:04:53,16.21,-0.01,499,809884,卖盘
550,14:04:38,16.22,0.01,64,103808,中性盘
551,14:04:32,16.21,-0.01,250,405250,卖盘
552,14:04:27,16.22,--,195,316679,买盘
553,14:04:23,16.22,0.01,1110,1800419,买盘
554,14:04:12,16.21,--,7,11347,卖盘
555,14:04:08,16.21,--,50,81050,卖盘
556,14:04:03,16.21,-0.01,6,9726,卖盘
557,14:03:57,16.22,--,10,16219,买盘
558,14:03:53,16.22,--,1133,1837725,卖盘
559,14:03:42,16.22,0.01,77,124893,买盘
560,14:03:38,16.21,--,48,77808,卖盘
561,14:03:32,16.21,--,597,967963,买盘
562,14:03:27,16.21,--,220,356620,买盘
563,14:03:23,16.21,0.01,1098,1779858,买盘
564,14:03:12,16.2,--,10,16200,卖盘
565,14:03:07,16.2,-0.01,193,312660,卖盘
566,14:03:02,16.21,0.01,40,64840,买盘
567,14:02:57,16.2,-0.01,7,11340,卖盘
568,14:02:42,16.21,--,8,13357,卖盘
569,14:02:37,16.21,-0.01,135,218835,卖盘
570,14:02:32,16.22,0.01,272,441183,买盘
571,14:02:27,16.21,--,72,116712,卖盘
572,14:02:22,16.21,--,1061,1719881,卖盘
573,14:02:17,16.21,-0.01,37,59977,卖盘
574,14:02:12,16.22,0.01,5,8109,中性盘
575,14:02:07,16.21,-0.02,199,322579,卖盘
576,14:02:02,16.23,0.01,197,319731,卖盘
577,14:01:57,16.22,--,84,136507,卖盘
578,14:01:52,16.22,-0.01,1106,1793931,卖盘
579,14:01:47,16.23,--,35,56805,卖盘
580,14:01:42,16.23,0.01,1053,1709505,买盘
581,14:01:37,16.22,--,2,3244,卖盘
582,14:01:32,16.22,--,250,405500,卖盘
583,14:01:27,16.22,--,71,115161,卖盘
584,14:01:22,16.22,--,1155,1873409,卖盘
585,14:01:17,16.22,--,9,14597,卖盘
586,14:01:12,16.22,--,120,194640,卖盘
587,14:01:02,16.22,--,47,76234,卖盘
588,14:00:57,16.22,-0.01,261,423341,卖盘
589,14:00:52,16.23,--,146,236958,卖盘
590,14:00:47,16.23,--,68,110364,卖盘
591,14:00:42,16.23,--,48,77904,卖盘
592,14:00:32,16.23,-0.01,371,602133,卖盘
593,14:00:27,16.24,0.01,10,16239,买盘
594,14:00:22,16.23,--,35,56805,卖盘
595,14:00:17,16.23,--,17,27591,卖盘
596,14:00:12,16.23,0.01,629,1020867,买盘
597,14:00:07,16.22,-0.01,2,3244,卖盘
598,14:00:02,16.23,--,95,154185,买盘
599,13:59:52,16.23,--,7,11361,买盘
600,13:59:47,16.23,--,68,111905,卖盘
601,13:59:42,16.23,0.01,201,326304,中性盘
602,13:59:37,16.22,--,7,11354,卖盘
603,13:59:32,16.22,-0.01,255,413610,卖盘
604,13:59:27,16.23,--,24,38952,卖盘
605,13:59:17,16.23,--,41,66543,卖盘
606,13:59:12,16.23,--,105,170415,卖盘
607,13:59:02,16.23,--,38,61674,卖盘
608,13:58:47,16.23,--,105,171226,卖盘
609,13:58:42,16.23,--,41,66543,卖盘
610,13:58:32,16.23,--,249,404127,卖盘
611,13:58:27,16.23,--,4,6492,卖盘
612,13:58:21,16.23,--,1,1623,卖盘
613,13:58:17,16.23,--,33,53559,卖盘
614,13:58:12,16.23,--,44,71412,卖盘
615,13:58:02,16.23,--,34,55182,卖盘
616,13:57:57,16.23,0.01,755,1225397,买盘
617,13:57:51,16.22,-0.01,20,32439,卖盘
618,13:57:47,16.23,--,453,735219,买盘
619,13:57:42,16.23,--,74,120102,买盘
620,13:57:36,16.23,0.01,70,113610,买盘
621,13:57:32,16.22,--,250,405500,卖盘
622,13:57:27,16.22,--,75,121649,卖盘
623,13:57:17,16.22,--,37,60013,卖盘
624,13:57:12,16.22,--,264,429083,卖盘
625,13:57:02,16.22,-0.01,57,92454,卖盘
626,13:56:56,16.23,--,7,11361,买盘
627,13:56:51,16.23,--,10,16230,买盘
628,13:56:47,16.23,--,55,89265,买盘
629,13:56:41,16.23,--,105,170415,买盘
630,13:56:32,16.23,0.01,403,654069,买盘
631,13:56:16,16.22,--,278,451402,卖盘
632,13:56:11,16.22,-0.01,45,72990,卖盘
633,13:56:06,16.23,0.01,21,34083,买盘
634,13:56:02,16.22,--,180,293419,卖盘
635,13:55:56,16.22,-0.01,9,14597,卖盘
636,13:55:51,16.23,0.01,20,32460,买盘
637,13:55:46,16.22,-0.01,36,58391,卖盘
638,13:55:36,16.23,--,254,412631,卖盘
639,13:55:31,16.23,--,252,408996,卖盘
640,13:55:26,16.23,-0.01,18,29214,卖盘
641,13:55:21,16.24,0.01,39,63335,买盘
642,13:55:11,16.23,--,43,69789,卖盘
643,13:54:56,16.23,-0.02,68,110364,卖盘
644,13:54:51,16.25,--,59,95875,买盘
645,13:54:46,16.25,-0.01,60,97500,买盘
646,13:54:41,16.26,0.02,311,505686,买盘
647,13:54:36,16.24,-0.01,50,81199,卖盘
648,13:54:31,16.25,-0.01,251,407875,卖盘
649,13:54:26,16.26,0.01,21,34146,买盘
650,13:54:21,16.25,--,478,776750,卖盘
651,13:54:11,16.25,--,42,69095,卖盘
652,13:54:01,16.25,--,36,58500,卖盘
653,13:53:56,16.25,--,10,16250,卖盘
654,13:53:51,16.25,--,896,1456390,买盘
655,13:53:41,16.25,0.01,97,157625,买盘
656,13:53:36,16.24,--,41,66584,卖盘
657,13:53:31,16.24,--,250,405999,卖盘
658,13:53:21,16.24,-0.01,41,66584,卖盘
659,13:53:16,16.25,0.01,89,144625,买盘
660,13:53:11,16.24,--,37,60347,卖盘
661,13:53:06,16.24,--,2,3247,卖盘
662,13:53:01,16.24,--,43,69832,卖盘
663,13:52:56,16.24,--,2,3247,卖盘
664,13:52:51,16.24,--,34,55215,卖盘
665,13:52:41,16.24,--,40,64959,卖盘
666,13:52:30,16.24,--,258,418991,卖盘
667,13:52:26,16.24,-0.01,23,37352,卖盘
668,13:52:21,16.25,0.01,39,63375,买盘
669,13:52:11,16.24,--,357,580515,卖盘
670,13:52:00,16.24,--,46,74704,卖盘
671,13:51:56,16.24,0.01,658,1069209,买盘
672,13:51:51,16.23,--,34,55182,卖盘
673,13:51:45,16.23,--,25,41289,卖盘
674,13:51:40,16.23,--,66,107118,卖盘
675,13:51:36,16.23,--,5,8115,卖盘
676,13:51:30,16.23,--,251,407373,卖盘
677,13:51:25,16.23,-0.01,30,48690,卖盘
678,13:51:21,16.24,--,36,58463,买盘
679,13:51:15,16.24,0.01,51,82823,买盘
680,13:51:11,16.23,-0.01,238,386842,卖盘
681,13:51:06,16.24,--,10,16239,买盘
682,13:51:00,16.24,0.01,58,94191,买盘
683,13:50:55,16.23,--,212,344562,卖盘
684,13:50:51,16.23,--,55,89265,卖盘
685,13:50:45,16.23,--,5,8115,卖盘
686,13:50:41,16.23,--,91,148163,卖盘
687,13:50:36,16.23,--,32,51936,卖盘
688,13:50:30,16.23,--,252,408996,卖盘
689,13:50:26,16.23,-0.01,47,76281,卖盘
690,13:50:21,16.24,--,133,217453,买盘
691,13:50:15,16.24,0.01,2,3247,买盘
692,13:50:11,16.23,--,42,68166,卖盘
693,13:50:05,16.23,-0.01,43,69789,卖盘
694,13:50:00,16.24,--,71,115303,买盘
695,13:49:56,16.24,--,80,129919,买盘
696,13:49:51,16.24,0.01,57,92567,买盘
697,13:49:45,16.23,--,38,62128,卖盘
698,13:49:41,16.23,-0.02,41,66900,卖盘
699,13:49:36,16.25,--,17,27625,买盘
700,13:49:30,16.25,--,285,463125,买盘
701,13:49:20,16.25,--,278,451750,买盘
702,13:49:15,16.25,0.01,16,26000,买盘
703,13:49:10,16.24,-0.01,73,119363,卖盘
704,13:49:05,16.25,--,35,56875,买盘
705,13:49:00,16.25,--,31,50375,卖盘
706,13:48:55,16.25,-0.01,35,56875,卖盘
707,13:48:50,16.26,0.01,199,323574,买盘
708,13:48:41,16.25,--,141,229125,卖盘
709,13:48:35,16.25,--,120,195000,卖盘
710,13:48:30,16.25,--,252,409500,卖盘
711,13:48:25,16.25,--,102,165750,卖盘
712,13:48:20,16.25,-0.01,173,281125,卖盘
713,13:48:15,16.26,--,55,89430,买盘
714,13:48:10,16.26,0.01,185,300810,买盘
715,13:48:05,16.25,0.02,456,741000,买盘
716,13:48:00,16.23,--,102,165546,卖盘
717,13:47:55,16.23,-0.01,34,55182,卖盘
718,13:47:50,16.24,0.01,142,232183,买盘
719,13:47:45,16.23,--,62,100626,卖盘
720,13:47:40,16.23,--,36,58428,卖盘
721,13:47:35,16.23,0.01,83,135569,卖盘
722,13:47:30,16.22,-0.02,345,559590,卖盘
723,13:47:25,16.24,0.01,35,56839,买盘
724,13:47:20,16.23,-0.01,141,228843,中性盘
725,13:47:15,16.24,0.01,312,507873,买盘
726,13:47:10,16.23,-0.01,115,186645,卖盘
727,13:47:00,16.24,0.01,418,678831,买盘
728,13:46:55,16.23,--,5,8115,卖盘
729,13:46:50,16.23,0.01,1314,2134196,买盘
730,13:46:45,16.22,-0.01,560,908319,卖盘
731,13:46:40,16.23,0.01,16,25968,买盘
732,13:46:35,16.22,--,45,74238,卖盘
733,13:46:30,16.22,--,223,361706,卖盘
734,13:46:25,16.22,--,19,30817,卖盘
735,13:46:20,16.22,--,1,1622,卖盘
736,13:46:15,16.22,--,137,223252,卖盘
737,13:46:10,16.22,--,9,14597,卖盘
738,13:46:05,16.22,--,9,14597,卖盘
739,13:46:00,16.22,--,33,53525,卖盘
740,13:45:55,16.22,--,70,113539,卖盘
741,13:45:50,16.22,--,98,159020,卖盘
742,13:45:45,16.22,-0.01,615,998243,卖盘
743,13:45:40,16.23,--,78,126691,卖盘
744,13:45:35,16.23,--,3,4869,卖盘
745,13:45:30,16.23,--,215,348945,卖盘
746,13:45:20,16.23,--,41,66543,卖盘
747,13:45:15,16.23,-0.01,7,11361,卖盘
748,13:45:05,16.24,0.01,111,180263,买盘
749,13:45:00,16.23,--,39,63297,卖盘
750,13:44:50,16.23,--,1,1898,卖盘
751,13:44:44,16.23,--,26,43041,卖盘
752,13:44:35,16.23,--,27,44697,卖盘
753,13:44:30,16.23,-0.02,217,352191,卖盘
754,13:44:24,16.25,0.01,8,13000,买盘
755,13:44:19,16.24,0.01,2,3247,中性盘
756,13:44:15,16.23,-0.01,5,8115,卖盘
757,13:44:00,16.24,-0.01,39,63335,买盘
758,13:43:54,16.25,0.02,20,32500,中性盘
759,13:43:45,16.23,-0.02,407,660561,卖盘
760,13:43:39,16.25,--,21,34125,卖盘
761,13:43:34,16.25,--,406,659750,卖盘
762,13:43:30,16.25,0.01,1181,1919563,买盘
763,13:43:24,16.24,-0.01,3,5050,卖盘
764,13:43:19,16.25,0.01,341,554125,买盘
765,13:43:15,16.24,--,7,11367,卖盘
766,13:43:00,16.24,--,137,222796,卖盘
767,13:42:49,16.24,--,158,256591,卖盘
768,13:42:45,16.24,--,7,11367,卖盘
769,13:42:34,16.24,--,3,4871,卖盘
770,13:42:29,16.24,--,222,360527,卖盘
771,13:42:14,16.24,--,12,19487,卖盘
772,13:42:09,16.24,--,9,14615,卖盘
773,13:42:04,16.24,-0.01,5,8119,卖盘
774,13:41:59,16.25,0.01,11,17875,买盘
775,13:41:54,16.24,--,29,47095,卖盘
776,13:41:49,16.24,-0.01,2,3247,卖盘
777,13:41:44,16.25,0.01,2,3250,买盘
778,13:41:34,16.24,--,1,1623,卖盘
779,13:41:29,16.24,-0.01,365,592760,卖盘
780,13:41:19,16.25,0.01,219,355875,买盘
781,13:41:14,16.24,--,20,32479,卖盘
782,13:41:08,16.24,-0.01,20,32479,卖盘
783,13:41:04,16.25,--,1,1625,买盘
784,13:40:59,16.25,0.01,194,315250,买盘
785,13:40:53,16.24,-0.01,321,521303,卖盘
786,13:40:49,16.25,0.03,996,1619637,买盘
787,13:40:44,16.22,-0.02,120,195126,卖盘
788,13:40:38,16.24,0.01,10,16239,买盘
789,13:40:34,16.23,-0.01,858,1392534,卖盘
790,13:40:29,16.24,0.01,497,807127,买盘
791,13:40:19,16.23,--,17,27591,卖盘
792,13:40:14,16.23,--,10,16230,卖盘
793,13:40:08,16.23,--,5,8115,卖盘
794,13:40:04,16.23,--,58,94134,卖盘
795,13:39:53,16.23,0.02,1612,2617412,买盘
796,13:39:44,16.21,--,0,0,卖盘
797,13:39:38,16.21,--,6,9726,卖盘
798,13:39:34,16.21,--,2,3242,卖盘
799,13:39:29,16.21,--,235,380935,卖盘
800,13:39:23,16.21,--,500,810500,卖盘
801,13:39:19,16.21,-0.02,5,8105,卖盘
802,13:39:14,16.23,--,2,3246,卖盘
803,13:39:08,16.23,0.02,65,105495,买盘
804,13:39:04,16.21,--,5,8105,卖盘
805,13:38:59,16.21,-0.02,3022,4898662,卖盘
806,13:38:53,16.23,--,73,118479,卖盘
807,13:38:44,16.23,-0.01,262,425226,卖盘
808,13:38:38,16.24,--,50,81199,买盘
809,13:38:34,16.24,0.01,10,16239,买盘
810,13:38:29,16.23,-0.01,216,350568,卖盘
811,13:38:23,16.24,0.01,67,108807,买盘
812,13:38:14,16.23,--,82,133086,卖盘
813,13:38:08,16.23,-0.01,100,162300,卖盘
814,13:38:04,16.24,0.01,6,9743,买盘
815,13:37:53,16.23,-0.02,84,136332,卖盘
816,13:37:44,16.25,0.01,144,234000,买盘
817,13:37:38,16.24,--,2,3247,卖盘
818,13:37:34,16.24,--,2,3247,卖盘
819,13:37:29,16.24,--,216,350783,卖盘
820,13:37:23,16.24,--,1,1623,卖盘
821,13:37:19,16.24,--,1,1623,卖盘
822,13:37:14,16.24,-0.01,195,317719,卖盘
823,13:37:08,16.25,--,50,82062,买盘
824,13:36:59,16.25,0.01,50,81250,买盘
825,13:36:53,16.24,-0.01,29,47095,卖盘
826,13:36:44,16.25,0.01,271,440375,买盘
827,13:36:38,16.24,-0.01,87,141288,卖盘
828,13:36:28,16.25,--,231,375375,买盘
829,13:36:17,16.25,--,83,134875,卖盘
830,13:36:13,16.25,0.01,187,303875,买盘
831,13:36:08,16.24,--,32,52796,卖盘
832,13:36:02,16.24,--,113,183511,卖盘
833,13:35:53,16.24,--,31,51253,卖盘
834,13:35:47,16.24,--,5,8119,卖盘
835,13:35:43,16.24,0.01,1326,2154041,买盘
836,13:35:38,16.23,--,62,100626,卖盘
837,13:35:28,16.23,--,222,360306,卖盘
838,13:35:13,16.23,-0.01,13,21099,卖盘
839,13:34:58,16.24,--,27,44432,买盘
840,13:34:53,16.24,0.01,36,59600,买盘
841,13:34:47,16.23,--,3,4869,卖盘
842,13:34:43,16.23,--,27,43821,卖盘
843,13:34:28,16.23,-0.01,258,419594,卖盘
844,13:34:23,16.24,--,15,24359,买盘
845,13:34:13,16.24,--,11,17864,买盘
846,13:34:08,16.24,--,5,8119,买盘
847,13:33:58,16.24,--,1499,2434408,卖盘
848,13:33:53,16.24,--,128,209008,卖盘
849,13:33:43,16.24,--,307,498567,卖盘
850,13:33:38,16.24,--,47,76327,卖盘
851,13:33:28,16.24,--,247,401127,卖盘
852,13:33:23,16.24,--,33,53884,卖盘
853,13:33:13,16.24,--,7,11367,卖盘
854,13:33:02,16.24,-0.01,3,4871,卖盘
855,13:32:58,16.25,--,5,8125,卖盘
856,13:32:53,16.25,--,2,3250,卖盘
857,13:32:43,16.25,--,218,354737,卖盘
858,13:32:38,16.25,--,30,50180,卖盘
859,13:32:32,16.25,0.01,2,3250,中性盘
860,13:32:28,16.24,-0.01,220,357279,卖盘
861,13:32:23,16.25,--,99,161541,卖盘
862,13:32:17,16.25,-0.01,2,3250,卖盘
863,13:32:13,16.26,0.01,268,435768,买盘
864,13:31:58,16.25,--,46,75497,卖盘
865,13:31:53,16.25,--,27,43875,卖盘
866,13:31:43,16.25,--,8,13000,卖盘
867,13:31:38,16.25,0.01,16,26000,卖盘
868,13:31:32,16.24,-0.01,217,352407,卖盘
869,13:31:28,16.25,--,32,52975,卖盘
870,13:31:13,16.25,--,7,11375,卖盘
871,13:30:58,16.25,-0.01,50,81250,卖盘
872,13:30:47,16.26,0.01,62,100812,买盘
873,13:30:43,16.25,--,81,132795,卖盘
874,13:30:38,16.25,--,25,40917,卖盘
875,13:30:13,16.25,0.01,18,29250,买盘
876,13:30:08,16.24,0.01,1445,2347573,买盘
877,13:29:53,16.23,--,114,185281,卖盘
878,13:29:47,16.23,--,47,76281,卖盘
879,13:29:43,16.23,-0.01,7,11361,卖盘
880,13:29:38,16.24,0.01,3,4871,买盘
881,13:29:32,16.23,--,42,68166,卖盘
882,13:29:27,16.23,--,5,8115,卖盘
883,13:29:23,16.23,--,219,355940,卖盘
884,13:29:17,16.23,--,22,35998,卖盘
885,13:29:12,16.23,--,7,11361,卖盘
886,13:29:08,16.23,-0.01,17,27591,卖盘
887,13:29:02,16.24,--,1,2955,卖盘
888,13:28:56,16.24,--,88,143285,卖盘
889,13:28:52,16.24,--,6,9743,卖盘
890,13:28:47,16.24,--,47,76327,卖盘
891,13:28:43,16.24,--,6,9743,卖盘
892,13:28:32,16.24,0.01,1350,2193942,买盘
893,13:28:26,16.23,--,31,51741,卖盘
894,13:28:17,16.23,--,30,48690,卖盘
895,13:28:11,16.23,--,7,11361,卖盘
896,13:27:52,16.23,-0.01,146,237526,卖盘
897,13:27:47,16.24,--,50,81199,买盘
898,13:27:37,16.24,--,1436,2332145,卖盘
899,13:27:22,16.24,-0.01,207,337515,卖盘
900,13:27:17,16.25,0.01,282,458250,买盘
901,13:27:11,16.24,--,7,11367,卖盘
902,13:26:52,16.24,--,10,16239,卖盘
903,13:26:47,16.24,--,47,76327,卖盘
904,13:26:41,16.24,-0.01,17,27607,卖盘
905,13:26:37,16.25,0.01,1,1625,买盘
906,13:26:22,16.24,--,23,38505,卖盘
907,13:26:11,16.24,--,7,11367,卖盘
908,13:26:07,16.24,-0.01,7,11367,卖盘
909,13:26:02,16.25,0.01,35,56875,买盘
910,13:25:56,16.24,-0.01,32,52536,卖盘
911,13:25:52,16.25,--,37,60125,买盘
912,13:25:47,16.25,--,1562,2538250,买盘
913,13:25:41,16.25,--,15,24375,买盘
914,13:25:37,16.25,--,74,121858,买盘
915,13:25:17,16.25,0.01,100,162500,买盘
916,13:25:11,16.24,-0.01,7,11367,卖盘
917,13:25:07,16.25,0.01,35,56988,买盘
918,13:25:02,16.24,-0.01,18,29231,卖盘
919,13:24:52,16.25,0.02,1,1625,买盘
920,13:24:46,16.23,-0.01,64,103872,卖盘
921,13:24:41,16.24,-0.01,7,11367,卖盘
922,13:24:37,16.25,--,112,182000,买盘
923,13:24:31,16.25,0.01,4,6500,买盘
924,13:24:22,16.24,--,127,206247,卖盘
925,13:24:11,16.24,-0.01,7,11367,卖盘
926,13:24:07,16.25,0.01,36,59605,买盘
927,13:24:01,16.24,-0.01,100,162399,卖盘
928,13:23:52,16.25,--,20,32500,买盘
929,13:23:46,16.25,0.01,326,531098,买盘
930,13:23:41,16.24,--,7,11367,卖盘
931,13:23:37,16.24,--,17,27607,卖盘
932,13:23:31,16.24,-0.01,57,92941,卖盘
933,13:23:26,16.25,0.01,1300,2112500,买盘
934,13:23:16,16.24,--,13,21111,卖盘
935,13:23:11,16.24,--,96,155903,卖盘
936,13:23:01,16.24,--,318,517162,卖盘
937,13:22:46,16.24,--,47,76327,卖盘
938,13:22:41,16.24,--,115,188205,卖盘
939,13:22:26,16.24,0.01,156,254708,中性盘
940,13:22:16,16.23,-0.01,331,537213,卖盘
941,13:22:11,16.24,0.01,292,475377,买盘
942,13:22:07,16.23,0.01,5,8115,买盘
943,13:21:56,16.22,--,1024,1660928,卖盘
944,13:21:52,16.22,--,20,32439,卖盘
945,13:21:46,16.22,-0.01,47,76234,卖盘
946,13:21:41,16.23,--,13,21099,买盘
947,13:21:36,16.23,--,6,9738,买盘
948,13:21:31,16.23,--,5,8115,买盘
949,13:21:26,16.23,--,484,786862,卖盘
950,13:21:21,16.23,--,23,38611,卖盘
951,13:21:11,16.23,--,21,34083,卖盘
952,13:21:01,16.23,--,73,118917,卖盘
953,13:20:56,16.23,--,62,101112,卖盘
954,13:20:46,16.23,--,158,257992,卖盘
955,13:20:41,16.23,--,7,11361,卖盘
956,13:20:16,16.23,--,5,9088,卖盘
957,13:20:11,16.23,--,0,0,卖盘
958,13:20:01,16.23,--,23,38676,卖盘
959,13:19:46,16.23,-0.01,57,92511,卖盘
960,13:19:41,16.24,-0.01,147,239101,卖盘
961,13:19:31,16.25,--,1000,1625000,买盘
962,13:19:26,16.25,--,3,4875,买盘
963,13:19:20,16.25,0.01,44,71500,买盘
964,13:19:16,16.24,-0.01,260,422239,卖盘
965,13:19:11,16.25,--,17,27625,卖盘
966,13:19:01,16.25,--,23,37375,卖盘
967,13:18:56,16.25,--,605,984230,卖盘
968,13:18:46,16.25,--,118,193293,卖盘
969,13:18:41,16.25,--,10,16250,卖盘
970,13:18:31,16.25,-0.01,29,47742,卖盘
971,13:18:26,16.26,0.01,2,3252,买盘
972,13:18:16,16.25,-0.01,5,8125,卖盘
973,13:18:11,16.26,0.01,273,443898,买盘
974,13:17:56,16.25,-0.01,54,87750,卖盘
975,13:17:50,16.26,0.01,30,48780,买盘
976,13:17:46,16.25,--,47,76375,卖盘
977,13:17:41,16.25,--,7,11375,卖盘
978,13:17:31,16.25,--,7,11375,卖盘
979,13:17:25,16.25,--,139,226833,卖盘
980,13:17:20,16.25,0.01,1260,2047500,买盘
981,13:17:16,16.24,--,28,45536,卖盘
982,13:17:11,16.24,--,7,11367,卖盘
983,13:17:05,16.24,--,5,8119,卖盘
984,13:17:01,16.24,-0.01,3,4871,卖盘
985,13:16:55,16.25,0.01,264,429000,买盘
986,13:16:46,16.24,--,81,131901,卖盘
987,13:16:40,16.24,--,45,73080,卖盘
988,13:16:31,16.24,--,45,74444,卖盘
989,13:16:25,16.24,--,20,32479,卖盘
990,13:16:10,16.24,--,44,71456,卖盘
991,13:15:50,16.24,--,67,108807,卖盘
992,13:15:46,16.24,--,102,165647,卖盘
993,13:15:40,16.24,--,176,285824,卖盘
994,13:15:30,16.24,-0.01,44,71456,卖盘
995,13:15:20,16.25,0.01,37,60125,中性盘
996,13:15:15,16.24,-0.01,81,132745,卖盘
997,13:15:10,16.25,--,42,68721,卖盘
998,13:15:05,16.25,--,59,97126,卖盘
999,13:14:55,16.25,--,10,16250,卖盘
1000,13:14:50,16.25,--,1,1625,卖盘
1001,13:14:45,16.25,-0.01,47,76375,卖盘
1002,13:14:40,16.26,0.01,65,107023,买盘
1003,13:14:25,16.25,0.01,34,55250,买盘
1004,13:14:20,16.24,-0.01,29,47485,卖盘
1005,13:14:10,16.25,--,6,9750,卖盘
1006,13:14:05,16.25,--,223,362375,卖盘
1007,13:14:00,16.25,0.01,5,8125,买盘
1008,13:13:55,16.24,--,242,394258,卖盘
1009,13:13:50,16.24,0.01,958,1557351,买盘
1010,13:13:45,16.23,--,47,76281,卖盘
1011,13:13:40,16.23,--,7,11361,卖盘
1012,13:13:25,16.23,--,30,48690,卖盘
1013,13:13:14,16.23,--,26,42571,卖盘
1014,13:13:05,16.23,-0.01,2674,4340875,卖盘
1015,13:13:00,16.24,--,50,81199,卖盘
1016,13:12:55,16.24,--,6,9743,卖盘
1017,13:12:50,16.24,0.01,635,1031775,买盘
1018,13:12:45,16.23,-0.01,49,79527,卖盘
1019,13:12:40,16.24,--,9,14615,买盘
1020,13:12:20,16.24,0.01,44,71456,买盘
1021,13:12:10,16.23,--,7,11361,卖盘
1022,13:12:05,16.23,--,30,48787,卖盘
1023,13:11:55,16.23,--,35,56805,卖盘
1024,13:11:44,16.23,--,47,76281,卖盘
1025,13:11:40,16.23,-0.01,623,1011129,卖盘
1026,13:11:35,16.24,--,285,463310,买盘
1027,13:11:29,16.24,--,289,470927,卖盘
1028,13:11:20,16.24,--,552,896935,卖盘
1029,13:11:14,16.24,--,28,46722,卖盘
1030,13:11:10,16.24,--,8,12991,卖盘
1031,13:11:05,16.24,-0.01,48,77951,卖盘
1032,13:10:59,16.25,0.01,83,134875,买盘
1033,13:10:55,16.24,--,32,52179,卖盘
1034,13:10:50,16.24,--,414,672335,卖盘
1035,13:10:44,16.24,--,47,76327,卖盘
1036,13:10:40,16.24,--,7,11367,卖盘
1037,13:10:35,16.24,--,3,4871,卖盘
1038,13:10:29,16.24,0.01,785,1276171,买盘
1039,13:10:20,16.23,--,17,27591,卖盘
1040,13:10:14,16.23,--,111,180153,买盘
1041,13:10:10,16.23,--,34,56334,买盘
1042,13:10:05,16.23,0.01,54,88210,买盘
1043,13:09:59,16.22,-0.01,5,8109,卖盘
1044,13:09:55,16.23,--,61,99003,买盘
1045,13:09:50,16.23,0.01,13,21099,买盘
1046,13:09:44,16.22,--,51,82722,卖盘
1047,13:09:40,16.22,-0.01,48,77856,卖盘
1048,13:09:35,16.23,0.01,459,744957,买盘
1049,13:09:29,16.22,--,367,595517,买盘
1050,13:09:25,16.22,--,259,420292,买盘
1051,13:09:19,16.22,--,18,29195,买盘
1052,13:09:14,16.22,--,38,61635,买盘
1053,13:09:10,16.22,0.01,115,186627,买盘
1054,13:08:59,16.21,-0.01,31,50251,卖盘
1055,13:08:55,16.22,0.01,501,812622,买盘
1056,13:08:44,16.21,--,47,76187,卖盘
1057,13:08:40,16.21,-0.01,107,173447,卖盘
1058,13:08:25,16.22,0.01,174,283525,买盘
1059,13:08:19,16.21,-0.01,24,38904,买盘
1060,13:08:14,16.22,0.01,2004,3250488,买盘
1061,13:08:09,16.21,--,10,16210,买盘
1062,13:08:04,16.21,--,772,1251557,卖盘
1063,13:07:59,16.21,--,135,218835,卖盘
1064,13:07:55,16.21,-0.01,106,172506,卖盘
1065,13:07:49,16.22,0.01,100,162200,买盘
1066,13:07:44,16.21,--,47,76187,卖盘
1067,13:07:39,16.21,--,294,476574,卖盘
1068,13:07:34,16.21,--,119,193044,卖盘
1069,13:07:24,16.21,--,35,56735,卖盘
1070,13:07:19,16.21,-0.01,62,101847,卖盘
1071,13:07:14,16.22,--,180,292819,卖盘
1072,13:07:09,16.22,--,1534,2488813,卖盘
1073,13:07:04,16.22,--,46,74612,卖盘
1074,13:06:49,16.22,--,50,81100,卖盘
1075,13:06:44,16.22,-0.01,54,87588,卖盘
1076,13:06:34,16.23,0.01,416,676222,买盘
1077,13:06:29,16.22,--,73,118405,卖盘
1078,13:06:19,16.22,-0.01,29,47703,卖盘
1079,13:06:14,16.23,--,56,90888,买盘
1080,13:06:09,16.23,--,0,1087,卖盘
1081,13:06:04,16.23,--,201,326223,卖盘
1082,13:05:59,16.23,--,11,17853,卖盘
1083,13:05:54,16.23,-0.01,23,37329,卖盘
1084,13:05:49,16.24,0.01,6,9743,买盘
1085,13:05:44,16.23,--,140,227220,卖盘
1086,13:05:34,16.23,--,739,1199397,卖盘
1087,13:05:29,16.23,--,372,604486,卖盘
1088,13:05:14,16.23,--,68,110510,卖盘
1089,13:05:08,16.23,-0.01,42,69448,卖盘
1090,13:05:04,16.24,--,2192,3560100,卖盘
1091,13:04:59,16.24,--,710,1153478,卖盘
1092,13:04:44,16.24,--,55,89319,卖盘
1093,13:04:34,16.24,--,48,78845,卖盘
1094,13:04:29,16.24,--,0,0,中性盘
1095,13:04:19,16.24,--,25,41704,卖盘
1096,13:04:14,16.24,-0.01,7,11367,卖盘
1097,13:04:08,16.25,0.01,4,6500,买盘
1098,13:04:04,16.24,--,28,46089,卖盘
1099,13:03:59,16.24,--,87,141288,卖盘
1100,13:03:53,16.24,--,22,35728,卖盘
1101,13:03:44,16.24,-0.01,68,110431,卖盘
1102,13:03:34,16.25,--,409,664625,买盘
1103,13:03:19,16.25,0.01,71,115375,买盘
1104,13:03:14,16.24,--,33,54371,卖盘
1105,13:03:04,16.24,-0.01,35,56839,卖盘
1106,13:02:59,16.25,0.01,270,439253,买盘
1107,13:02:53,16.24,--,38,62653,卖盘
1108,13:02:44,16.24,--,195,316679,卖盘
1109,13:02:38,16.24,--,10,16239,卖盘
1110,13:02:34,16.24,--,35,56839,卖盘
1111,13:02:29,16.24,--,108,175391,卖盘
1112,13:02:14,16.24,--,59,95815,卖盘
1113,13:02:08,16.24,-0.01,140,227359,卖盘
1114,13:02:04,16.25,0.01,113,183625,卖盘
1115,13:01:59,16.24,--,73,119688,卖盘
1116,13:01:49,16.24,--,25,40859,卖盘
1117,13:01:44,16.24,-0.01,81,133005,卖盘
1118,13:01:23,16.25,--,0,0,中性盘
1119,13:01:13,16.25,0.01,9,14625,中性盘
1120,13:01:08,16.24,--,28,45471,卖盘
1121,13:00:53,16.24,-0.01,39,63433,卖盘
1122,13:00:48,16.25,--,192,312000,卖盘
1123,13:00:43,16.25,--,492,799500,买盘
1124,13:00:38,16.25,--,25,40625,买盘
1125,13:00:33,16.25,0.01,435,706875,买盘
1126,13:00:28,16.24,-0.01,75,122433,卖盘
1127,13:00:23,16.25,0.01,13,21125,买盘
1128,13:00:18,16.24,-0.01,49,80680,卖盘
1129,13:00:13,16.25,-0.02,107,175045,卖盘
1130,13:00:08,16.27,0.02,138,224526,买盘
1131,13:00:04,16.25,--,583,948317,卖盘
1132,11:30:00,16.25,--,0,0,卖盘
1133,11:29:59,16.25,--,0,0,卖盘
1134,11:29:54,16.25,--,5,8125,卖盘
1135,11:29:44,16.25,--,47,76375,卖盘
1136,11:29:39,16.25,--,77,125986,卖盘
1137,11:29:24,16.25,-0.01,10,16250,卖盘
1138,11:29:19,16.26,--,0,0,卖盘
1139,11:29:14,16.26,--,8,13008,卖盘
1140,11:29:09,16.26,--,71,117055,买盘
1141,11:29:04,16.26,--,11,17886,买盘
1142,11:28:59,16.26,0.01,90,147104,买盘
1143,11:28:44,16.25,--,78,127708,卖盘
1144,11:28:39,16.25,--,0,0,卖盘
1145,11:28:29,16.25,-0.01,27,43875,卖盘
1146,11:28:19,16.26,--,3,4878,买盘
1147,11:28:14,16.26,0.01,4,6504,卖盘
1148,11:28:09,16.25,--,34,55250,卖盘
1149,11:27:59,16.25,-0.01,10,16250,卖盘
1150,11:27:54,16.26,0.01,49,79674,买盘
1151,11:27:49,16.25,--,12,19500,卖盘
1152,11:27:44,16.25,-0.01,62,100750,卖盘
1153,11:27:39,16.26,--,4,6504,买盘
1154,11:27:34,16.26,--,3,4878,卖盘
1155,11:27:29,16.26,--,28,46129,买盘
1156,11:27:24,16.26,--,7,11382,买盘
1157,11:27:14,16.26,0.01,3,4878,中性盘
1158,11:26:54,16.25,-0.01,42,69371,卖盘
1159,11:26:44,16.26,-0.01,98,159917,卖盘
1160,11:26:39,16.27,0.01,10,16270,买盘
1161,11:26:24,16.26,--,99,160974,卖盘
1162,11:26:14,16.26,--,22,37219,卖盘
1163,11:26:03,16.26,--,6,9756,卖盘
1164,11:25:54,16.26,-0.01,31,50682,卖盘
1165,11:25:48,16.27,0.01,3,4881,卖盘
1166,11:25:44,16.26,-0.01,54,87804,卖盘
1167,11:25:33,16.27,-0.01,1,1627,卖盘
1168,11:25:29,16.28,0.01,30,49898,买盘
1169,11:25:24,16.27,0.01,256,416512,买盘
1170,11:25:14,16.26,--,24,39024,卖盘
1171,11:25:09,16.26,-0.01,52,85381,卖盘
1172,11:24:59,16.27,0.01,76,123652,买盘
1173,11:24:54,16.26,--,5,8130,卖盘
1174,11:24:44,16.26,--,54,87804,卖盘
1175,11:24:39,16.26,-0.01,100,163331,卖盘
1176,11:24:33,16.27,--,7,11389,买盘
1177,11:24:29,16.27,--,68,111205,卖盘
1178,11:24:24,16.27,--,43,69961,卖盘
1179,11:24:14,16.27,--,36,58572,卖盘
1180,11:24:09,16.27,-0.01,38,62883,卖盘
1181,11:23:59,16.28,0.02,347,564916,买盘
1182,11:23:44,16.26,--,105,170730,卖盘
1183,11:23:38,16.26,--,25,40650,卖盘
1184,11:23:33,16.26,-0.02,14,22764,卖盘
1185,11:23:29,16.28,0.02,21,34188,买盘
1186,11:23:23,16.26,-0.01,27,44568,卖盘
1187,11:23:14,16.27,0.01,3,4881,中性盘
1188,11:23:08,16.26,--,6,9756,卖盘
1189,11:22:48,16.26,--,54,87804,卖盘
1190,11:22:43,16.26,-0.02,69,113088,卖盘
1191,11:22:38,16.28,--,52,84656,卖盘
1192,11:22:28,16.28,--,5,8140,卖盘
1193,11:22:23,16.28,--,6,9768,买盘
1194,11:22:18,16.28,--,10,16280,买盘
1195,11:22:13,16.28,-0.01,14,22792,买盘
1196,11:22:08,16.29,0.03,17,27693,买盘
1197,11:22:03,16.26,-0.02,32,52861,卖盘
1198,11:21:58,16.28,--,10,16280,买盘
1199,11:21:53,16.28,--,10,16426,卖盘
1200,11:21:48,16.28,-0.01,59,96052,卖盘
1201,11:21:43,16.29,0.01,17,27693,买盘
1202,11:21:38,16.28,--,79,130174,卖盘
1203,11:21:33,16.28,--,22,37216,卖盘
1204,11:21:23,16.28,--,17,27676,卖盘
1205,11:21:13,16.28,--,81,132340,卖盘
1206,11:21:08,16.28,-0.01,38,61864,卖盘
1207,11:20:58,16.29,0.01,100,162900,买盘
1208,11:20:53,16.28,--,13,22466,买盘
1209,11:20:48,16.28,0.02,901,1466828,买盘
1210,11:20:43,16.26,-0.01,31,50731,卖盘
1211,11:20:38,16.27,-0.01,1,1627,卖盘
1212,11:20:23,16.28,--,0,0,买盘
1213,11:20:18,16.28,--,11,17908,买盘
1214,11:19:57,16.28,0.02,24,39072,买盘
1215,11:19:48,16.26,0.01,52,84552,中性盘
1216,11:19:42,16.25,-0.01,23,38155,卖盘
1217,11:19:38,16.26,--,23,37398,卖盘
1218,11:19:23,16.26,--,4,6504,卖盘
1219,11:19:18,16.26,0.01,4,6504,卖盘
1220,11:19:12,16.25,--,0,0,卖盘
1221,11:19:08,16.25,-0.01,35,57817,卖盘
1222,11:19:03,16.26,--,12,19512,卖盘
1223,11:18:57,16.26,0.01,3,4878,卖盘
1224,11:18:53,16.25,--,23,37618,卖盘
1225,11:18:48,16.25,--,59,95875,卖盘
1226,11:18:33,16.25,--,40,65000,卖盘
1227,11:18:27,16.25,--,5,8125,卖盘
1228,11:18:23,16.25,-0.03,30,50228,卖盘
1229,11:18:08,16.28,--,0,0,买盘
1230,11:18:03,16.28,0.03,17,27676,买盘
1231,11:17:53,16.25,--,38,63017,卖盘
1232,11:17:48,16.25,--,48,78000,卖盘
1233,11:17:38,16.25,-0.01,24,40283,卖盘
1234,11:17:33,16.26,--,12,19512,卖盘
1235,11:17:08,16.26,0.01,4,6504,买盘
1236,11:16:53,16.25,--,38,62188,卖盘
1237,11:16:47,16.25,-0.03,160,260763,卖盘
1238,11:16:42,16.28,0.02,28,45584,买盘
1239,11:16:38,16.26,--,13,21138,卖盘
1240,11:16:23,16.26,--,5,8130,卖盘
1241,11:16:12,16.26,--,100,162600,卖盘
1242,11:16:07,16.26,--,24,39072,卖盘
1243,11:16:02,16.26,--,30,48780,卖盘
1244,11:15:52,16.26,--,81,131706,卖盘
1245,11:15:47,16.26,-0.02,53,86178,卖盘
1246,11:15:17,16.28,0.02,6,9768,买盘
1247,11:15:12,16.26,0.01,17,28048,中性盘
1248,11:15:07,16.25,-0.01,35,56923,卖盘
1249,11:15:02,16.26,0.01,15,24390,中性盘
1250,11:14:57,16.25,-0.03,21,35685,卖盘
1251,11:14:52,16.28,0.02,754,1227512,买盘
1252,11:14:47,16.26,--,655,1065030,买盘
1253,11:14:42,16.26,0.01,2,3252,买盘
1254,11:14:37,16.25,-0.01,332,539662,卖盘
1255,11:14:32,16.26,--,129,209754,买盘
1256,11:14:27,16.26,0.01,141,229266,买盘
1257,11:14:12,16.25,--,1,1625,卖盘
1258,11:14:07,16.25,--,144,234000,买盘
1259,11:14:02,16.25,0.01,1522,2473900,买盘
1260,11:13:56,16.24,--,5,8119,卖盘
1261,11:13:52,16.24,--,44,71456,卖盘
1262,11:13:47,16.24,--,47,76327,卖盘
1263,11:13:42,16.24,--,3,4871,卖盘
1264,11:13:27,16.24,--,12,19487,卖盘
1265,11:13:22,16.24,--,45,74298,卖盘
1266,11:13:17,16.24,--,8,12991,卖盘
1267,11:13:12,16.24,--,61,99063,卖盘
1268,11:12:57,16.24,--,31,51415,卖盘
1269,11:12:47,16.24,--,47,76327,卖盘
1270,11:12:36,16.24,-0.01,14,22735,卖盘
1271,11:12:32,16.25,0.01,56,91000,买盘
1272,11:12:27,16.24,-0.01,41,66584,卖盘
1273,11:12:11,16.25,0.01,75,121875,买盘
1274,11:12:06,16.24,-0.01,25,42077,卖盘
1275,11:11:51,16.25,--,30,48750,买盘
1276,11:11:47,16.25,0.01,57,92625,中性盘
1277,11:11:42,16.24,-0.02,39,63579,卖盘
1278,11:11:32,16.26,--,0,0,买盘
1279,11:11:27,16.26,0.02,300,487800,买盘
1280,11:11:16,16.24,--,178,289884,卖盘
1281,11:11:06,16.24,--,0,0,卖盘
1282,11:10:57,16.24,--,16,25983,卖盘
1283,11:10:46,16.24,--,47,76327,卖盘
1284,11:10:42,16.24,-0.01,70,113777,卖盘
1285,11:10:32,16.25,--,1,1625,卖盘
1286,11:10:27,16.25,--,1,1625,卖盘
1287,11:10:21,16.25,--,1,1625,卖盘
1288,11:10:16,16.25,--,1,1625,卖盘
1289,11:10:12,16.25,0.01,42,69468,买盘
1290,11:10:02,16.24,--,17,27607,卖盘
1291,11:09:56,16.24,--,28,46040,卖盘
1292,11:09:46,16.24,-0.02,47,76327,卖盘
1293,11:09:41,16.26,0.02,4,6504,买盘
1294,11:09:36,16.24,-0.01,30,49873,卖盘
1295,11:09:31,16.25,--,0,0,中性盘
1296,11:09:26,16.25,--,0,0,卖盘
1297,11:09:16,16.25,--,4,6500,卖盘
1298,11:09:11,16.25,--,15,24375,卖盘
1299,11:09:06,16.25,--,9,14625,买盘
1300,11:08:56,16.25,--,1,1625,买盘
1301,11:08:46,16.25,0.01,85,138970,买盘
1302,11:08:26,16.24,-0.01,27,44724,卖盘
1303,11:08:21,16.25,0.01,12,19500,买盘
1304,11:08:16,16.24,-0.01,5,8119,卖盘
1305,11:08:11,16.25,0.01,1000,1625000,买盘
1306,11:08:01,16.24,-0.01,10,16239,卖盘
1307,11:07:56,16.25,--,10,16250,买盘
1308,11:07:46,16.25,0.01,52,84500,买盘
1309,11:07:41,16.24,--,63,102311,卖盘
1310,11:07:26,16.24,--,19,30855,卖盘
1311,11:07:20,16.24,-0.01,48,77951,卖盘
1312,11:07:16,16.25,0.01,1,1625,买盘
1313,11:07:11,16.24,-0.01,77,125859,卖盘
1314,11:07:01,16.25,--,14,22750,买盘
1315,11:06:56,16.25,0.01,2,3250,买盘
1316,11:06:46,16.24,--,47,76327,卖盘
1317,11:06:41,16.24,-0.01,5,8119,卖盘
1318,11:06:26,16.25,0.01,12,19500,买盘
1319,11:06:21,16.24,--,200,324799,卖盘
1320,11:06:15,16.24,--,75,121799,卖盘
1321,11:06:06,16.24,--,37,60087,卖盘
1322,11:05:56,16.24,--,50,81199,卖盘
1323,11:05:51,16.24,--,55,90034,卖盘
1324,11:05:45,16.24,--,47,76327,卖盘
1325,11:05:36,16.24,--,1,1623,卖盘
1326,11:05:30,16.24,--,5,8119,卖盘
1327,11:05:21,16.24,-0.01,6,9743,卖盘
1328,11:05:11,16.25,0.01,2,3250,买盘
1329,11:04:44,16.24,--,52,84447,卖盘
1330,11:04:40,16.24,-0.01,105,170519,卖盘
1331,11:04:35,16.25,--,5,8125,买盘
1332,11:04:26,16.25,--,5,8125,买盘
1333,11:04:20,16.25,--,1,1625,买盘
1334,11:03:59,16.25,0.01,22,35750,买盘
1335,11:03:55,16.24,-0.01,13,21111,卖盘
1336,11:03:51,16.25,0.01,27,43875,买盘
1337,11:03:44,16.24,-0.01,96,155903,卖盘
1338,11:03:35,16.25,0.01,10,16250,买盘
1339,11:03:25,16.24,--,90,146160,卖盘
1340,11:03:21,16.24,--,13,21111,卖盘
1341,11:03:14,16.24,--,105,170519,卖盘
1342,11:03:10,16.24,-0.01,33,53591,卖盘
1343,11:03:05,16.25,0.01,39,63375,买盘
1344,11:02:55,16.24,--,73,119867,卖盘
1345,11:02:44,16.24,--,47,76327,卖盘
1346,11:02:25,16.24,--,40,66421,卖盘
1347,11:02:20,16.24,--,14,22735,卖盘
1348,11:01:55,16.24,--,0,0,卖盘
1349,11:01:44,16.24,-0.01,49,79575,卖盘
1350,11:01:40,16.25,--,30,48750,卖盘
1351,11:01:35,16.25,--,100,162500,卖盘
1352,11:01:29,16.25,--,100,162500,卖盘
1353,11:01:25,16.25,--,1,1625,卖盘
1354,11:01:20,16.25,0.01,299,485875,买盘
1355,11:01:14,16.24,0.01,359,583389,买盘
1356,11:00:59,16.23,--,47,77530,卖盘
1357,11:00:44,16.23,--,75,121725,卖盘
1358,11:00:40,16.23,--,0,0,卖盘
1359,11:00:35,16.23,-0.01,1348,2187804,卖盘
1360,11:00:25,16.24,-0.01,5,8119,卖盘
1361,11:00:20,16.25,0.01,36,58500,买盘
1362,11:00:05,16.24,-0.01,9,14615,卖盘
1363,10:59:59,16.25,--,234,380250,卖盘
1364,10:59:50,16.25,--,30,48750,卖盘
1365,10:59:44,16.25,--,107,173875,卖盘
1366,10:59:40,16.25,--,10,16250,卖盘
1367,10:59:35,16.25,--,121,196625,卖盘
1368,10:59:29,16.25,--,26,42250,卖盘
1369,10:59:20,16.25,--,105,170625,卖盘
1370,10:59:10,16.25,--,358,581750,卖盘
1371,10:59:05,16.25,0.01,22,35750,卖盘
1372,10:58:59,16.24,--,96,157446,卖盘
1373,10:58:54,16.24,--,0,0,卖盘
1374,10:58:50,16.24,--,52,84447,卖盘
1375,10:58:44,16.24,-0.01,59,95815,卖盘
1376,10:58:38,16.25,--,111,181317,卖盘
1377,10:58:35,16.25,--,199,324350,卖盘
1378,10:58:29,16.25,--,36,58500,卖盘
1379,10:58:23,16.25,--,129,209625,卖盘
1380,10:58:20,16.25,-0.01,101,164125,卖盘
1381,10:58:14,16.26,0.01,16,26016,买盘
1382,10:58:04,16.25,--,78,128082,卖盘
1383,10:57:59,16.25,--,35,56875,卖盘
1384,10:57:53,16.25,--,130,211250,卖盘
1385,10:57:49,16.25,--,30,48750,卖盘
1386,10:57:44,16.25,--,67,108875,卖盘
1387,10:57:38,16.25,--,35,56875,卖盘
1388,10:57:35,16.25,--,10,16250,卖盘
1389,10:57:29,16.25,--,30,48750,卖盘
1390,10:57:19,16.25,0.01,20,32500,中性盘
1391,10:57:14,16.24,--,20,32479,卖盘
1392,10:57:08,16.24,-0.01,200,324799,卖盘
1393,10:57:04,16.25,--,45,73125,卖盘
1394,10:56:59,16.25,--,20,32500,卖盘
1395,10:56:49,16.25,--,1,1625,卖盘
1396,10:56:44,16.25,0.02,370,601510,买盘
1397,10:56:38,16.23,-0.01,32,51936,卖盘
1398,10:56:34,16.24,--,262,426852,卖盘
1399,10:56:29,16.24,--,25,40599,卖盘
1400,10:56:19,16.24,--,28,45471,卖盘
1401,10:56:08,16.24,--,20,32479,卖盘
1402,10:56:04,16.24,--,20,32479,卖盘
1403,10:55:53,16.24,--,20,32479,卖盘
1404,10:55:49,16.24,--,10,16239,卖盘
1405,10:55:44,16.24,--,72,116927,卖盘
1406,10:55:34,16.24,-0.01,20,32479,卖盘
1407,10:55:29,16.25,0.01,5,8125,买盘
1408,10:55:23,16.24,--,20,32479,卖盘
1409,10:55:19,16.24,--,20,32479,卖盘
1410,10:55:14,16.24,--,20,32479,卖盘
1411,10:55:08,16.24,--,77,125746,卖盘
1412,10:55:04,16.24,--,25,40599,卖盘
1413,10:54:59,16.24,--,51,82823,卖盘
1414,10:54:53,16.24,--,2,3247,卖盘
1415,10:54:49,16.24,--,20,32479,卖盘
1416,10:54:44,16.24,--,62,100687,卖盘
1417,10:54:38,16.24,-0.01,20,32479,卖盘
1418,10:54:34,16.25,0.01,2,3250,买盘
1419,10:54:29,16.24,-0.01,81,131544,卖盘
1420,10:54:23,16.25,0.01,1,1625,买盘
1421,10:54:19,16.24,--,32,51967,卖盘
1422,10:54:14,16.24,-0.01,57,92779,卖盘
1423,10:54:04,16.25,0.01,5,8125,买盘
1424,10:53:59,16.24,-0.01,9,14615,卖盘
1425,10:53:53,16.25,0.01,676,1098500,卖盘
1426,10:53:49,16.24,--,0,0,卖盘
1427,10:53:44,16.24,-0.01,68,110431,卖盘
1428,10:53:38,16.25,--,364,591500,卖盘
1429,10:53:34,16.25,0.01,303,492375,买盘
1430,10:53:29,16.24,0.01,181,294918,买盘
1431,10:53:23,16.23,-0.01,20,32460,卖盘
1432,10:53:19,16.24,--,106,172143,卖盘
1433,10:53:13,16.24,--,134,217615,卖盘
1434,10:53:08,16.24,-0.01,112,181887,卖盘
1435,10:53:04,16.25,0.02,5,8125,买盘
1436,10:52:59,16.23,--,20,32460,卖盘
1437,10:52:53,16.23,-0.02,24,38952,卖盘
1438,10:52:49,16.25,0.02,12,19500,买盘
1439,10:52:44,16.23,--,49,79527,卖盘
1440,10:52:38,16.23,--,29,47067,卖盘
1441,10:52:23,16.23,-0.01,77,125165,卖盘
1442,10:52:17,16.24,-0.01,5,8119,卖盘
1443,10:52:14,16.25,0.02,1,1625,买盘
1444,10:52:08,16.23,-0.01,19,30837,卖盘
1445,10:51:58,16.24,0.01,12,19487,买盘
1446,10:51:53,16.23,--,6,9738,卖盘
1447,10:51:47,16.23,0.01,23,37329,买盘
1448,10:51:43,16.22,--,47,76234,卖盘
1449,10:51:38,16.22,-0.02,64,103808,卖盘
1450,10:51:32,16.24,--,0,0,买盘
1451,10:51:28,16.24,0.02,10,16239,买盘
1452,10:51:08,16.22,--,5,8109,卖盘
1453,10:51:02,16.22,--,1,1622,卖盘
1454,10:50:58,16.22,--,97,157334,卖盘
1455,10:50:53,16.22,0.01,54,87588,卖盘
1456,10:50:43,16.21,-0.01,81,131301,卖盘
1457,10:50:38,16.22,--,29,47038,卖盘
1458,10:50:32,16.22,--,5,8109,卖盘
1459,10:50:02,16.22,--,30,48660,买盘
1460,10:49:58,16.22,--,5,8109,买盘
1461,10:49:53,16.22,0.01,8,12976,买盘
1462,10:49:47,16.21,--,43,70626,卖盘
1463,10:49:43,16.21,--,47,76187,卖盘
1464,10:49:32,16.21,--,5,8105,卖盘
1465,10:49:28,16.21,-0.01,42,68082,卖盘
1466,10:49:23,16.22,0.02,2,3244,买盘
1467,10:49:13,16.2,-0.02,53,85860,卖盘
1468,10:49:08,16.22,--,34,55147,卖盘
1469,10:49:02,16.22,0.02,25,40550,买盘
1470,10:48:58,16.2,--,153,247860,卖盘
1471,10:48:52,16.2,--,37,60912,卖盘
1472,10:48:43,16.2,-0.01,87,140940,卖盘
1473,10:48:38,16.21,--,2533,4107370,卖盘
1474,10:48:32,16.21,--,245,397145,卖盘
1475,10:48:28,16.21,--,12,19452,卖盘
1476,10:48:22,16.21,0.01,64,103744,买盘
1477,10:48:17,16.2,-0.02,17,27540,卖盘
1478,10:48:13,16.22,--,0,0,买盘
1479,10:48:07,16.22,0.02,21,34062,卖盘
1480,10:48:02,16.2,-0.03,7,11340,卖盘
1481,10:47:58,16.23,--,6099,9898677,买盘
1482,10:47:52,16.23,--,82,134189,买盘
1483,10:47:47,16.23,--,2428,3941861,卖盘
1484,10:47:43,16.23,--,109,176907,卖盘
1485,10:47:37,16.23,--,4,6492,卖盘
1486,10:47:28,16.23,-0.01,2,3246,卖盘
1487,10:47:22,16.24,--,35,56839,买盘
1488,10:47:17,16.24,0.01,12,19487,买盘
1489,10:47:07,16.23,-0.01,5,8115,卖盘
1490,10:47:02,16.24,--,8,12991,买盘
1491,10:46:58,16.24,--,25,40599,卖盘
1492,10:46:47,16.24,--,67,108807,卖盘
1493,10:46:43,16.24,--,20,32479,卖盘
1494,10:46:37,16.24,--,40,64959,卖盘
1495,10:46:32,16.24,--,286,464463,卖盘
1496,10:46:28,16.24,--,96,155903,卖盘
1497,10:46:22,16.24,--,188,305311,卖盘
1498,10:46:13,16.24,--,24,38975,卖盘
1499,10:46:07,16.24,--,244,396255,卖盘
1500,10:46:02,16.24,-0.01,44,71456,卖盘
1501,10:45:58,16.25,0.01,20,32500,买盘
1502,10:45:52,16.24,--,20,32479,卖盘
1503,10:45:47,16.24,--,132,214367,买盘
1504,10:45:37,16.24,0.01,22,35728,中性盘
1505,10:45:32,16.23,-0.02,33,53753,卖盘
1506,10:45:27,16.25,0.01,1371,2227875,买盘
1507,10:45:22,16.24,--,48,77951,卖盘
1508,10:45:17,16.24,--,20,32479,卖盘
1509,10:45:07,16.24,0.01,20,32479,卖盘
1510,10:45:02,16.23,-0.01,71,115233,卖盘
1511,10:44:52,16.24,0.01,28,45471,卖盘
1512,10:44:47,16.23,--,47,76281,卖盘
1513,10:44:41,16.23,-0.01,1506,2444838,卖盘
1514,10:44:32,16.24,-0.02,27,43847,买盘
1515,10:44:26,16.26,--,0,0,买盘
1516,10:44:22,16.26,0.01,30,48780,买盘
1517,10:44:17,16.25,-0.01,20,32500,卖盘
1518,10:44:11,16.26,--,21,34146,买盘
1519,10:44:07,16.26,0.01,51,82926,买盘
1520,10:44:02,16.25,-0.01,69,112125,买盘
1521,10:43:56,16.26,--,0,0,买盘
1522,10:43:52,16.26,0.03,79,128454,买盘
1523,10:43:47,16.23,-0.03,67,108741,卖盘
1524,10:43:41,16.26,--,36,58536,买盘
1525,10:43:32,16.26,0.03,21,34146,买盘
1526,10:43:26,16.23,-0.03,101,164133,卖盘
1527,10:43:22,16.26,0.03,42,68292,买盘
1528,10:43:17,16.23,-0.03,20,32460,卖盘
1529,10:43:11,16.26,0.02,20,32520,买盘
1530,10:43:07,16.24,--,20,32479,卖盘
1531,10:43:02,16.24,-0.03,20,32479,卖盘
1532,10:42:56,16.27,0.03,12,19524,买盘
1533,10:42:47,16.24,-0.02,110,178639,买盘
1534,10:42:41,16.26,0.02,19,30894,买盘
1535,10:42:37,16.24,0.01,40,64959,卖盘
1536,10:42:32,16.23,--,162,262926,卖盘
1537,10:42:26,16.23,--,0,0,卖盘
1538,10:42:22,16.23,--,40,64920,卖盘
1539,10:42:17,16.23,--,22,35706,卖盘
1540,10:42:07,16.23,-0.02,89,144447,卖盘
1541,10:42:02,16.25,0.01,20,32500,卖盘
1542,10:41:56,16.24,--,0,0,卖盘
1543,10:41:52,16.24,--,105,170519,卖盘
1544,10:41:47,16.24,--,47,76327,卖盘
1545,10:41:37,16.24,--,20,32479,卖盘
1546,10:41:31,16.24,-0.01,100,162399,卖盘
1547,10:41:26,16.25,0.01,1,2746,买盘
1548,10:41:22,16.24,--,30,48719,卖盘
1549,10:41:07,16.24,--,19,30855,卖盘
1550,10:41:01,16.24,--,25,40599,卖盘
1551,10:40:52,16.24,--,21,34104,卖盘
1552,10:40:46,16.24,--,76,123423,卖盘
1553,10:40:41,16.24,--,20,32479,卖盘
1554,10:40:31,16.24,--,21,34104,卖盘
1555,10:40:22,16.24,0.01,11,17864,买盘
1556,10:40:11,16.23,--,20,32460,卖盘
1557,10:40:07,16.23,--,44,72905,卖盘
1558,10:40:01,16.23,-0.02,47,76281,卖盘
1559,10:39:56,16.25,--,0,0,买盘
1560,10:39:51,16.25,0.01,55,89375,买盘
1561,10:39:46,16.24,--,415,674398,卖盘
1562,10:39:41,16.24,-0.01,415,673959,卖盘
1563,10:39:37,16.25,0.01,15,24375,买盘
1564,10:39:31,16.24,-0.01,114,185785,卖盘
1565,10:39:26,16.25,0.01,8,13000,买盘
1566,10:39:22,16.24,-0.01,85,138575,卖盘
1567,10:39:06,16.25,--,23,38837,卖盘
1568,10:39:01,16.25,--,15,24375,卖盘
1569,10:38:46,16.25,--,47,76375,卖盘
1570,10:38:41,16.25,0.01,446,724912,买盘
1571,10:38:11,16.24,--,5,8119,卖盘
1572,10:38:01,16.24,--,5,8119,卖盘
1573,10:37:56,16.24,--,20,32479,卖盘
1574,10:37:46,16.24,--,52,84447,卖盘
1575,10:37:41,16.24,-0.01,33,53591,卖盘
1576,10:37:21,16.25,--,409,665145,卖盘
1577,10:37:16,16.25,--,10,16250,卖盘
1578,10:37:11,16.25,-0.01,22,35750,卖盘
1579,10:37:05,16.26,0.01,4,6504,买盘
1580,10:36:56,16.25,-0.01,82,134355,卖盘
1581,10:36:50,16.26,0.01,12,19512,买盘
1582,10:36:46,16.25,--,72,117000,卖盘
1583,10:36:41,16.25,0.01,459,745875,买盘
1584,10:36:26,16.24,-0.01,20,32479,卖盘
1585,10:36:20,16.25,0.02,92,149500,买盘
1586,10:36:11,16.23,-0.01,37,60051,卖盘
1587,10:36:05,16.24,0.01,2,3247,卖盘
1588,10:36:01,16.23,--,0,0,卖盘
1589,10:35:50,16.23,--,24,38952,卖盘
1590,10:35:46,16.23,-0.03,191,309993,卖盘
1591,10:35:41,16.26,0.02,974,1584780,买盘
1592,10:35:31,16.24,--,43,69832,买盘
1593,10:35:26,16.24,0.01,69,112055,买盘
1594,10:35:20,16.23,--,10,16230,卖盘
1595,10:35:16,16.23,-0.01,121,196788,卖盘
1596,10:35:11,16.24,--,51,82823,买盘
1597,10:35:05,16.24,--,49,79575,买盘
1598,10:35:01,16.24,--,43,69832,买盘
1599,10:34:50,16.24,0.01,500,811999,买盘
1600,10:34:46,16.23,-0.01,52,84396,卖盘
1601,10:34:41,16.24,0.01,3,4871,买盘
1602,10:34:31,16.23,-0.02,471,764562,卖盘
1603,10:34:26,16.25,--,5,8125,卖盘
1604,10:34:16,16.25,--,91,147875,买盘
1605,10:34:11,16.25,0.01,10,16250,买盘
1606,10:34:05,16.24,--,0,0,卖盘
1607,10:34:01,16.24,-0.01,155,252661,卖盘
1608,10:33:56,16.25,--,49,79625,卖盘
1609,10:33:50,16.25,0.02,175,284716,买盘
1610,10:33:46,16.23,--,48,77904,卖盘
1611,10:33:41,16.23,--,0,0,卖盘
1612,10:33:31,16.23,-0.02,111,180396,卖盘
1613,10:33:26,16.25,--,0,0,买盘
1614,10:33:16,16.25,0.01,28,45500,买盘
1615,10:33:10,16.24,--,12,19926,卖盘
1616,10:33:01,16.24,--,1,1623,卖盘
1617,10:32:45,16.24,--,82,133168,卖盘
1618,10:32:40,16.24,0.01,406,660529,买盘
1619,10:32:35,16.23,--,36,59125,卖盘
1620,10:32:25,16.23,--,21,34083,卖盘
1621,10:32:20,16.23,--,72,116856,卖盘
1622,10:32:16,16.23,-0.01,5,8115,卖盘
1623,10:31:55,16.24,0.01,10,16239,买盘
1624,10:31:50,16.23,--,106,172281,卖盘
1625,10:31:45,16.23,-0.01,67,108741,卖盘
1626,10:31:40,16.24,--,8,12991,买盘
1627,10:31:35,16.24,0.01,25,40599,买盘
1628,10:31:30,16.23,--,305,495209,卖盘
1629,10:31:25,16.23,-0.01,1360,2207280,卖盘
1630,10:31:20,16.24,--,6,9743,买盘
1631,10:31:15,16.24,0.01,26,42223,卖盘
1632,10:31:10,16.23,--,116,188917,卖盘
1633,10:31:05,16.23,--,5,8115,卖盘
1634,10:31:00,16.23,-0.02,50,81150,卖盘
1635,10:30:55,16.25,--,1,1625,买盘
1636,10:30:50,16.25,0.02,14,22750,买盘
1637,10:30:45,16.23,--,47,76281,卖盘
1638,10:30:40,16.23,-0.01,117,189891,卖盘
1639,10:30:25,16.24,--,25,41444,卖盘
1640,10:30:20,16.24,-0.02,24,38975,卖盘
1641,10:30:15,16.26,0.02,113,183738,买盘
1642,10:30:10,16.24,--,1551,2518823,卖盘
1643,10:30:05,16.24,-0.02,228,370759,卖盘
1644,10:30:00,16.26,0.01,156,254631,买盘
1645,10:29:50,16.25,0.01,20,32500,买盘
1646,10:29:45,16.24,-0.01,52,84447,卖盘
1647,10:29:40,16.25,-0.01,13,21775,卖盘
1648,10:29:35,16.26,0.02,251,409101,买盘
1649,10:29:30,16.24,--,2,3247,卖盘
1650,10:29:25,16.24,-0.01,67,108807,卖盘
1651,10:29:20,16.25,0.01,28,45500,买盘
1652,10:29:15,16.24,--,27,43847,卖盘
1653,10:29:10,16.24,-0.01,190,308949,卖盘
1654,10:29:05,16.25,--,144,234000,买盘
1655,10:28:55,16.25,--,55,89375,买盘
1656,10:28:50,16.25,0.01,15,24375,买盘
1657,10:28:44,16.24,--,47,76327,卖盘
1658,10:28:40,16.24,-0.01,5,8119,卖盘
1659,10:28:35,16.25,--,20,32500,买盘
1660,10:28:29,16.25,--,5,8125,买盘
1661,10:28:25,16.25,--,12,19500,买盘
1662,10:28:20,16.25,-0.01,31,51480,卖盘
1663,10:28:14,16.26,--,62,100812,卖盘
1664,10:28:10,16.26,--,66,107316,卖盘
1665,10:27:55,16.26,0.02,876,1424896,买盘
1666,10:27:50,16.24,--,1,1623,卖盘
1667,10:27:44,16.24,-0.01,47,76327,卖盘
1668,10:27:40,16.25,0.01,26,42250,买盘
1669,10:27:35,16.24,-0.01,19,30855,卖盘
1670,10:27:29,16.25,0.01,35,56875,买盘
1671,10:27:25,16.24,--,4,6495,卖盘
1672,10:27:20,16.24,--,10,16239,卖盘
1673,10:27:10,16.24,-0.01,5,8119,卖盘
1674,10:27:05,16.25,0.01,6,9750,买盘
1675,10:26:59,16.24,-0.02,212,344791,卖盘
1676,10:26:55,16.26,0.01,20,32520,买盘
1677,10:26:50,16.25,--,11,17875,卖盘
1678,10:26:44,16.25,--,48,78000,卖盘
1679,10:26:40,16.25,--,17,27625,卖盘
1680,10:26:35,16.25,--,3,4875,卖盘
1681,10:26:29,16.25,0.01,59,95875,买盘
1682,10:26:25,16.24,--,227,369135,卖盘
1683,10:26:10,16.24,--,78,126688,卖盘
1684,10:26:05,16.24,--,10,16239,卖盘
1685,10:25:50,16.24,--,5,8119,卖盘
1686,10:25:44,16.24,--,52,84447,卖盘
1687,10:25:40,16.24,--,0,0,卖盘
1688,10:25:35,16.24,--,518,841231,卖盘
1689,10:25:29,16.24,-0.01,500,811999,卖盘
1690,10:25:25,16.25,--,115,186875,卖盘
1691,10:25:19,16.25,-0.01,53,86125,卖盘
1692,10:25:14,16.26,0.01,17,27642,买盘
1693,10:25:10,16.25,--,41,66625,卖盘
1694,10:25:04,16.25,--,25,40982,卖盘
1695,10:24:59,16.25,--,13,21125,卖盘
1696,10:24:54,16.25,--,46,74928,卖盘
1697,10:24:49,16.25,--,57,92625,卖盘
1698,10:24:44,16.25,-0.01,89,144625,卖盘
1699,10:24:39,16.26,0.01,71,115446,买盘
1700,10:24:29,16.25,--,831,1350375,卖盘
1701,10:24:24,16.25,--,110,178750,卖盘
1702,10:24:14,16.25,--,10,16250,卖盘
1703,10:24:04,16.25,--,1,1625,卖盘
1704,10:23:59,16.25,--,63,102375,卖盘
1705,10:23:54,16.25,--,35,56875,卖盘
1706,10:23:44,16.25,-0.01,47,76375,卖盘
1707,10:23:39,16.26,0.01,31,50406,买盘
1708,10:23:34,16.25,-0.01,15,24375,卖盘
1709,10:23:24,16.26,0.01,4,6504,买盘
1710,10:23:19,16.25,-0.01,2,3250,卖盘
1711,10:23:14,16.26,0.01,14,22764,买盘
1712,10:23:09,16.25,--,6,9750,卖盘
1713,10:23:04,16.25,--,2,3250,卖盘
1714,10:22:54,16.25,-0.01,8,13000,卖盘
1715,10:22:49,16.26,--,12,19512,买盘
1716,10:22:44,16.26,0.01,85,138210,买盘
1717,10:22:39,16.25,--,5,8125,卖盘
1718,10:22:34,16.25,-0.01,9,14625,卖盘
1719,10:22:29,16.26,0.01,45,73170,买盘
1720,10:22:19,16.25,--,17,27625,卖盘
1721,10:22:14,16.25,--,10,16250,卖盘
1722,10:21:59,16.25,-0.01,68,110727,卖盘
1723,10:21:54,16.26,0.01,22,35772,买盘
1724,10:21:49,16.25,--,17,27625,卖盘
1725,10:21:44,16.25,--,50,81250,卖盘
1726,10:21:39,16.25,-0.01,10,16250,卖盘
1727,10:21:34,16.26,--,16,26016,买盘
1728,10:21:29,16.26,0.01,5,8130,买盘
1729,10:21:24,16.25,-0.01,5,8125,卖盘
1730,10:21:14,16.26,--,10,16260,买盘
1731,10:21:09,16.26,0.01,20,32520,买盘
1732,10:20:53,16.25,--,32,52000,卖盘
1733,10:20:44,16.25,--,57,92625,卖盘
1734,10:20:34,16.25,-0.01,106,172250,卖盘
1735,10:20:29,16.26,0.01,17,27642,买盘
1736,10:20:19,16.25,-0.01,4,6500,卖盘
1737,10:20:14,16.26,0.01,4,6504,买盘
1738,10:20:08,16.25,--,28,45500,卖盘
1739,10:20:04,16.25,--,43,69875,卖盘
1740,10:19:59,16.25,--,209,339625,卖盘
1741,10:19:44,16.25,--,97,159185,卖盘
1742,10:19:23,16.25,--,1,1625,卖盘
1743,10:19:19,16.25,--,1,1625,卖盘
1744,10:19:14,16.25,--,30,48750,卖盘
1745,10:19:04,16.25,--,36,58500,卖盘
1746,10:18:49,16.25,--,38,61750,卖盘
1747,10:18:44,16.25,--,91,147875,卖盘
1748,10:18:34,16.25,--,78,126750,卖盘
1749,10:18:29,16.25,--,15,24375,卖盘
1750,10:18:23,16.25,--,66,107250,卖盘
1751,10:18:19,16.25,--,10,16250,卖盘
1752,10:17:59,16.25,--,12,19500,卖盘
1753,10:17:48,16.25,--,5,8125,卖盘
1754,10:17:44,16.25,-0.01,47,76375,卖盘
1755,10:17:34,16.26,0.01,12,19512,买盘
1756,10:17:29,16.25,--,130,211721,买盘
1757,10:17:18,16.25,-0.01,18,29250,卖盘
1758,10:17:13,16.26,0.02,2,3252,买盘
1759,10:17:08,16.24,-0.01,4,6495,卖盘
1760,10:17:03,16.25,-0.01,3,4875,卖盘
1761,10:16:58,16.26,0.01,16,26016,买盘
1762,10:16:48,16.25,0.01,10,16250,买盘
1763,10:16:43,16.24,-0.01,47,76327,卖盘
1764,10:16:38,16.25,--,30,48750,买盘
1765,10:16:33,16.25,--,1,1625,买盘
1766,10:16:28,16.25,0.01,200,325000,买盘
1767,10:16:18,16.24,-0.01,26,42223,卖盘
1768,10:16:13,16.25,0.01,5,8125,买盘
1769,10:16:08,16.24,--,35,56839,卖盘
1770,10:16:03,16.24,--,801,1300823,买盘
1771,10:15:58,16.24,-0.01,340,552160,卖盘
1772,10:15:48,16.25,0.01,107,173875,买盘
1773,10:15:43,16.24,--,136,220863,卖盘
1774,10:15:38,16.24,--,488,792511,卖盘
1775,10:15:33,16.24,--,64,103935,卖盘
1776,10:15:28,16.24,0.01,194,316403,买盘
1777,10:15:23,16.23,-0.01,24,38952,卖盘
1778,10:15:18,16.24,--,39,63612,卖盘
1779,10:15:13,16.24,--,176,285824,卖盘
1780,10:15:08,16.24,--,711,1154664,卖盘
1781,10:14:58,16.24,-0.01,48,78146,卖盘
1782,10:14:53,16.25,0.01,14,22750,买盘
1783,10:14:43,16.24,-0.01,62,100687,卖盘
1784,10:14:38,16.25,--,5,8125,买盘
1785,10:14:33,16.25,-0.01,458,745663,卖盘
1786,10:14:28,16.26,0.01,12,19512,买盘
1787,10:14:23,16.25,--,68,110711,卖盘
1788,10:14:13,16.25,-0.01,16,26000,卖盘
1789,10:14:03,16.26,0.01,24,39024,买盘
1790,10:13:53,16.25,0.01,563,914875,买盘
1791,10:13:43,16.24,--,55,90294,卖盘
1792,10:13:37,16.24,-0.01,1,1623,卖盘
1793,10:13:33,16.25,0.01,87,141375,买盘
1794,10:13:28,16.24,-0.01,315,511559,卖盘
1795,10:13:23,16.25,0.01,30,48750,买盘
1796,10:13:18,16.24,--,21,34104,卖盘
1797,10:13:13,16.24,-0.01,13,21111,卖盘
1798,10:13:08,16.25,--,5,8125,买盘
1799,10:12:58,16.25,0.01,1,1625,买盘
1800,10:12:43,16.24,--,47,76327,卖盘
1801,10:12:38,16.24,--,38,61711,卖盘
1802,10:12:32,16.24,--,84,136416,卖盘
1803,10:12:28,16.24,--,6,9743,卖盘
1804,10:12:23,16.24,--,10,16239,卖盘
1805,10:12:01,16.24,-0.01,32,51967,卖盘
1806,10:11:46,16.25,0.01,11,17875,买盘
1807,10:11:42,16.24,-0.01,48,77951,卖盘
1808,10:11:37,16.25,0.01,5,8125,买盘
1809,10:11:31,16.24,-0.01,45,73258,卖盘
1810,10:11:27,16.25,--,5,8125,买盘
1811,10:11:22,16.25,0.01,10,16250,买盘
1812,10:11:12,16.24,--,40,64959,卖盘
1813,10:11:07,16.24,--,14,22735,买盘
1814,10:11:01,16.24,-0.01,50,81199,卖盘
1815,10:10:57,16.25,--,0,0,买盘
1816,10:10:52,16.25,0.02,1,1625,买盘
1817,10:10:42,16.23,--,152,246696,卖盘
1818,10:10:37,16.23,-0.02,84,136332,卖盘
1819,10:10:31,16.25,0.02,26,42250,买盘
1820,10:10:22,16.23,--,30,48690,卖盘
1821,10:10:16,16.23,-0.02,76,123575,卖盘
1822,10:10:12,16.25,0.01,7,11375,中性盘
1823,10:10:07,16.24,--,840,1364159,卖盘
1824,10:10:01,16.24,--,35,56839,卖盘
1825,10:09:57,16.24,-0.01,119,193889,卖盘
1826,10:09:52,16.25,-0.01,17,27625,中性盘
1827,10:09:42,16.26,0.01,71,115446,买盘
1828,10:09:37,16.25,--,2,3250,卖盘
1829,10:09:31,16.25,--,8,13520,买盘
1830,10:09:27,16.25,-0.01,13,22230,卖盘
1831,10:09:22,16.26,0.01,7,11382,买盘
1832,10:09:12,16.25,--,55,89375,卖盘
1833,10:08:52,16.25,--,6,10270,买盘
1834,10:08:46,16.25,0.01,7,11375,买盘
1835,10:08:42,16.24,-0.01,52,84447,卖盘
1836,10:08:37,16.25,--,6,9750,买盘
1837,10:08:31,16.25,--,166,270855,卖盘
1838,10:08:27,16.25,--,81,132145,买盘
1839,10:08:22,16.25,0.01,29,47125,买盘
1840,10:08:16,16.24,--,226,367511,卖盘
1841,10:08:07,16.24,-0.01,46,76133,卖盘
1842,10:08:01,16.25,--,11,17875,买盘
1843,10:07:57,16.25,--,27,43875,买盘
1844,10:07:52,16.25,-0.01,56,91000,买盘
1845,10:07:46,16.26,0.01,94,152844,买盘
1846,10:07:42,16.25,--,32,52000,卖盘
1847,10:07:37,16.25,--,660,1072500,卖盘
1848,10:07:31,16.25,--,1,1625,卖盘
1849,10:07:22,16.25,--,246,399750,买盘
1850,10:07:16,16.25,--,255,414375,买盘
1851,10:07:12,16.25,--,150,243750,买盘
1852,10:07:07,16.25,0.01,52,84500,买盘
1853,10:07:01,16.24,--,3,4871,买盘
1854,10:06:57,16.24,--,64,103935,卖盘
1855,10:06:52,16.24,--,3,4871,卖盘
1856,10:06:46,16.24,-0.01,57,92567,买盘
1857,10:06:42,16.25,--,0,0,买盘
1858,10:06:37,16.25,0.01,59,95875,买盘
1859,10:06:31,16.24,0.01,403,654471,买盘
1860,10:06:27,16.23,-0.01,143,232689,卖盘
1861,10:06:22,16.24,0.01,239,388135,买盘
1862,10:06:16,16.23,--,69,111987,卖盘
1863,10:06:12,16.23,--,35,56805,卖盘
1864,10:06:07,16.23,-0.01,34,55182,卖盘
1865,10:06:01,16.24,0.01,223,362151,买盘
1866,10:05:57,16.23,--,60,97380,买盘
1867,10:05:52,16.23,-0.01,784,1273405,卖盘
1868,10:05:46,16.24,--,412,669835,买盘
1869,10:05:42,16.24,--,33,53591,买盘
1870,10:05:37,16.24,--,161,261463,买盘
1871,10:05:31,16.24,-0.01,572,930048,卖盘
1872,10:05:25,16.25,--,47,76375,买盘
1873,10:05:22,16.25,0.01,200,325000,买盘
1874,10:05:16,16.24,-0.01,100,162399,卖盘
1875,10:05:10,16.25,--,4,6500,买盘
1876,10:05:07,16.25,0.01,278,451750,买盘
1877,10:05:01,16.24,--,212,344791,卖盘
1878,10:04:52,16.24,0.01,221,358903,买盘
1879,10:04:46,16.23,--,121,196383,卖盘
1880,10:04:40,16.23,-0.01,138,223974,卖盘
1881,10:04:36,16.24,--,73,118551,卖盘
1882,10:04:31,16.24,0.01,93,151032,买盘
1883,10:04:25,16.23,-0.01,1,1623,卖盘
1884,10:04:21,16.24,0.01,5,8119,买盘
1885,10:04:16,16.23,--,773,1255682,买盘
1886,10:04:10,16.23,--,19,30837,买盘
1887,10:04:07,16.23,--,100,162300,买盘
1888,10:04:01,16.23,-0.01,416,675265,卖盘
1889,10:03:55,16.24,0.01,90,146160,卖盘
1890,10:03:51,16.23,-0.01,178,289721,卖盘
1891,10:03:46,16.24,--,143,232231,卖盘
1892,10:03:40,16.24,--,88,142912,卖盘
1893,10:03:36,16.24,--,50,81199,卖盘
1894,10:03:25,16.24,--,5,8119,卖盘
1895,10:03:21,16.24,-0.01,35,56839,卖盘
1896,10:03:16,16.25,0.01,3586,5827250,买盘
1897,10:03:10,16.24,--,1,1623,买盘
1898,10:03:06,16.24,0.01,120,194879,买盘
1899,10:03:01,16.23,-0.01,10,16230,卖盘
1900,10:02:55,16.24,--,10,16239,买盘
1901,10:02:51,16.24,--,440,715713,卖盘
1902,10:02:46,16.24,-0.01,47,76327,卖盘
1903,10:02:36,16.25,--,27,43875,买盘
1904,10:02:31,16.25,0.01,55,89375,买盘
1905,10:02:21,16.24,-0.01,274,445463,卖盘
1906,10:02:10,16.25,--,6,9750,买盘
1907,10:02:06,16.25,--,14,22750,买盘
1908,10:01:51,16.25,--,57,92625,买盘
1909,10:01:46,16.25,--,52,84500,买盘
1910,10:01:40,16.25,0.01,41,67990,买盘
1911,10:01:31,16.24,--,56,90943,卖盘
1912,10:01:21,16.24,--,120,195123,买盘
1913,10:01:16,16.24,0.01,28,45471,买盘
1914,10:01:06,16.23,--,63,102249,卖盘
1915,10:01:01,16.23,-0.02,1330,2158590,卖盘
1916,10:00:55,16.25,--,54,87750,买盘
1917,10:00:51,16.25,0.01,19,30875,卖盘
1918,10:00:46,16.24,-0.02,47,76327,卖盘
1919,10:00:40,16.26,0.02,12,19512,买盘
1920,10:00:36,16.24,--,25,40599,卖盘
1921,10:00:30,16.24,-0.02,87,141953,卖盘
1922,10:00:21,16.26,0.02,5,8130,买盘
1923,10:00:15,16.24,-0.02,22,35728,卖盘
1924,10:00:06,16.26,0.01,25,40650,买盘
1925,10:00:01,16.25,0.01,498,809250,中性盘
1926,09:59:51,16.24,-0.01,285,462839,卖盘
1927,09:59:45,16.25,--,53,86125,买盘
1928,09:59:40,16.25,--,6,9750,卖盘
1929,09:59:36,16.25,--,0,0,中性盘
1930,09:59:30,16.25,--,37,60125,买盘
1931,09:59:25,16.25,--,41,66625,买盘
1932,09:59:21,16.25,0.01,55,89375,中性盘
1933,09:59:15,16.24,-0.01,129,209739,卖盘
1934,09:59:10,16.25,--,9,14625,中性盘
1935,09:59:06,16.25,--,2,3250,买盘
1936,09:59:00,16.25,0.01,3,4875,中性盘
1937,09:58:55,16.24,--,64,103935,卖盘
1938,09:58:45,16.24,--,57,92567,卖盘
1939,09:58:40,16.24,-0.01,50,81362,卖盘
1940,09:58:30,16.25,0.01,4,6500,买盘
1941,09:58:25,16.24,-0.01,371,602796,卖盘
1942,09:58:21,16.25,--,127,206375,卖盘
1943,09:58:15,16.25,--,8,13000,卖盘
1944,09:58:10,16.25,-0.01,238,386750,卖盘
1945,09:58:06,16.26,0.01,12,19512,买盘
1946,09:58:00,16.25,--,70,113750,卖盘
1947,09:57:45,16.25,0.01,165,269457,买盘
1948,09:57:40,16.24,-0.01,73,118795,卖盘
1949,09:57:36,16.25,-0.02,292,474792,卖盘
1950,09:57:30,16.27,0.02,183,297741,买盘
1951,09:57:25,16.25,-0.01,38,61750,卖盘
1952,09:57:19,16.26,--,22,35772,卖盘
1953,09:57:15,16.26,-0.01,193,313818,卖盘
1954,09:57:10,16.27,0.01,52,84604,买盘
1955,09:57:00,16.26,-0.01,572,930072,卖盘
1956,09:56:55,16.27,0.01,34,55318,买盘
1957,09:56:49,16.26,--,30,48780,卖盘
1958,09:56:45,16.26,--,47,76422,卖盘
1959,09:56:40,16.26,--,53,86178,卖盘
1960,09:56:30,16.26,--,27,43902,卖盘
1961,09:56:25,16.26,-0.01,146,237396,卖盘
1962,09:56:19,16.27,--,3,4881,买盘
1963,09:56:15,16.27,0.01,2,3254,买盘
1964,09:56:00,16.26,0.01,53,86178,买盘
1965,09:55:55,16.25,-0.01,13,21125,卖盘
1966,09:55:45,16.26,0.01,52,84552,中性盘
1967,09:55:40,16.25,-0.01,27,43875,卖盘
1968,09:55:34,16.26,-0.01,72,117072,卖盘
1969,09:55:30,16.27,0.01,5,8135,买盘
1970,09:55:25,16.26,-0.01,1,1626,卖盘
1971,09:55:15,16.27,0.01,72,117144,买盘
1972,09:55:10,16.26,0.01,10,16260,买盘
1973,09:55:04,16.25,--,17,27625,卖盘
1974,09:55:00,16.25,-0.02,153,249307,卖盘
1975,09:54:55,16.27,0.02,75,123082,买盘
1976,09:54:49,16.25,--,30,48750,卖盘
1977,09:54:45,16.25,-0.01,131,212875,卖盘
1978,09:54:40,16.26,--,47,76422,买盘
1979,09:54:34,16.26,--,50,81300,买盘
1980,09:54:30,16.26,0.01,1,1626,买盘
1981,09:54:25,16.25,-0.01,52,84500,卖盘
1982,09:54:15,16.26,--,71,117039,卖盘
1983,09:54:10,16.26,0.01,31,50406,买盘
1984,09:54:04,16.25,--,85,138125,卖盘
1985,09:54:00,16.25,--,181,294125,卖盘
1986,09:53:55,16.25,-0.01,24,39000,卖盘
1987,09:53:49,16.26,--,4,6504,买盘
1988,09:53:45,16.26,-0.01,70,113820,卖盘
1989,09:53:39,16.27,--,3,4881,买盘
1990,09:53:30,16.27,0.01,20,32540,买盘
1991,09:53:15,16.26,0.01,6,9756,卖盘
1992,09:53:09,16.25,--,0,0,卖盘
1993,09:53:04,16.25,-0.02,10,16250,卖盘
1994,09:53:00,16.27,0.02,26,42302,买盘
1995,09:52:54,16.25,-0.02,6,9750,卖盘
1996,09:52:49,16.27,--,0,0,买盘
1997,09:52:45,16.27,0.02,51,82977,买盘
1998,09:52:39,16.25,--,48,78000,卖盘
1999,09:52:34,16.25,--,70,114578,卖盘
2000,09:52:30,16.25,--,7,11375,卖盘
2001,09:52:24,16.25,-0.02,57,92625,卖盘
2002,09:52:15,16.27,-0.01,12,19524,买盘
2003,09:52:09,16.28,--,0,0,买盘
2004,09:52:04,16.28,0.03,5,8140,买盘
2005,09:51:54,16.25,--,96,156000,卖盘
2006,09:51:49,16.25,--,61,99125,卖盘
2007,09:51:45,16.25,--,47,76375,卖盘
2008,09:51:39,16.25,-0.03,2,3250,卖盘
2009,09:51:34,16.28,0.02,30,48840,买盘
2010,09:51:30,16.26,--,10,16260,买盘
2011,09:51:24,16.26,-0.02,36,58536,卖盘
2012,09:51:19,16.28,0.02,22,35816,买盘
2013,09:51:15,16.26,--,5,8130,买盘
2014,09:51:09,16.26,-0.01,145,235770,卖盘
2015,09:51:04,16.27,--,14,22778,卖盘
2016,09:50:59,16.27,-0.01,14,22778,卖盘
2017,09:50:54,16.28,--,45,73260,买盘
2018,09:50:49,16.28,0.01,7,11396,买盘
2019,09:50:44,16.27,0.01,52,84604,中性盘
2020,09:50:39,16.26,-0.02,1,1626,卖盘
2021,09:50:34,16.28,0.02,14,22792,买盘
2022,09:50:30,16.26,0.01,86,139836,卖盘
2023,09:50:24,16.25,--,0,0,卖盘
2024,09:50:19,16.25,-0.01,105,171112,卖盘
2025,09:50:09,16.26,0.01,20,32520,买盘
2026,09:50:04,16.25,-0.01,55,89375,卖盘
2027,09:49:59,16.26,0.01,1,1626,买盘
2028,09:49:54,16.25,-0.01,29,47125,卖盘
2029,09:49:49,16.26,0.01,2,3252,买盘
2030,09:49:43,16.25,--,62,100750,卖盘
2031,09:49:39,16.25,--,42,68250,卖盘
2032,09:49:34,16.25,-0.01,24,39000,卖盘
2033,09:49:28,16.26,--,33,53658,买盘
2034,09:49:24,16.26,0.01,40,65040,买盘
2035,09:49:19,16.25,-0.01,133,217116,卖盘
2036,09:49:09,16.26,0.01,1,1626,买盘
2037,09:49:04,16.25,-0.01,104,169000,卖盘
2038,09:48:54,16.26,-0.03,8,13008,中性盘
2039,09:48:49,16.29,0.04,131,213399,买盘
2040,09:48:43,16.25,-0.01,47,76375,卖盘
2041,09:48:39,16.26,-0.04,8,13008,卖盘
2042,09:48:34,16.3,0.02,305,497150,买盘
2043,09:48:28,16.28,-0.01,9,14652,买盘
2044,09:48:24,16.29,--,0,0,中性盘
2045,09:48:19,16.29,0.05,28,45612,买盘
2046,09:48:13,16.24,--,0,0,卖盘
2047,09:48:09,16.24,-0.06,40,64959,卖盘
2048,09:48:04,16.3,0.01,530,863900,买盘
2049,09:47:54,16.29,0.02,200,325800,买盘
2050,09:47:49,16.27,0.03,89,145844,买盘
2051,09:47:43,16.24,--,147,238727,卖盘
2052,09:47:39,16.24,--,18,29231,卖盘
2053,09:47:34,16.24,--,356,578144,卖盘
2054,09:47:24,16.24,0.01,62,101743,买盘
2055,09:47:19,16.23,-0.01,64,103872,卖盘
2056,09:47:13,16.24,--,1,1623,买盘
2057,09:47:09,16.24,--,6,9743,买盘
2058,09:46:58,16.24,-0.01,331,538356,卖盘
2059,09:46:54,16.25,--,10,16250,买盘
2060,09:46:49,16.25,0.01,200,325000,买盘
2061,09:46:43,16.24,--,47,76327,卖盘
2062,09:46:39,16.24,-0.01,50,82011,买盘
2063,09:46:34,16.25,0.02,212,344500,买盘
2064,09:46:28,16.23,-0.01,33,54094,卖盘
2065,09:46:24,16.24,--,66,107183,卖盘
2066,09:46:19,16.24,--,38,61711,买盘
2067,09:46:13,16.24,0.01,47,76327,中性盘
2068,09:46:09,16.23,--,35,56805,卖盘
2069,09:46:03,16.23,-0.01,30,48690,卖盘
2070,09:45:58,16.24,--,18,29231,买盘
2071,09:45:54,16.24,--,100,162399,买盘
2072,09:45:48,16.24,0.01,41,66584,中性盘
2073,09:45:43,16.23,-0.01,67,108741,卖盘
2074,09:45:39,16.24,-0.01,401,651223,卖盘
2075,09:45:33,16.25,--,129,209625,卖盘
2076,09:45:28,16.25,--,13,21125,卖盘
2077,09:45:24,16.25,-0.01,563,916240,卖盘
2078,09:45:18,16.26,0.01,10,16260,卖盘
2079,09:45:13,16.25,--,0,0,卖盘
2080,09:45:03,16.25,-0.05,329,534885,卖盘
2081,09:44:58,16.3,--,48,79690,卖盘
2082,09:44:54,16.3,--,269,438649,买盘
2083,09:44:48,16.3,0.05,26,42380,买盘
2084,09:44:43,16.25,--,47,76375,卖盘
2085,09:44:39,16.25,-0.03,456,741000,卖盘
2086,09:44:33,16.28,-0.01,9,14652,中性盘
2087,09:44:28,16.29,0.01,26,42354,买盘
2088,09:44:24,16.28,-0.01,1,1628,买盘
2089,09:44:18,16.29,0.05,26,42354,买盘
2090,09:44:13,16.24,-0.04,225,365399,卖盘
2091,09:44:08,16.28,-0.01,92,149776,卖盘
2092,09:44:03,16.29,--,0,0,买盘
2093,09:43:58,16.29,0.01,34,55386,买盘
2094,09:43:53,16.28,-0.01,2,3256,买盘
2095,09:43:48,16.29,0.04,87,143107,买盘
2096,09:43:43,16.25,-0.03,74,120250,卖盘
2097,09:43:33,16.28,--,1,1628,卖盘
2098,09:43:28,16.28,--,345,561660,买盘
2099,09:43:23,16.28,0.04,30,48840,买盘
2100,09:43:18,16.24,--,27,43847,买盘
2101,09:43:13,16.24,-0.04,101,164023,卖盘
2102,09:43:08,16.28,--,4,6512,买盘
2103,09:43:03,16.28,--,0,0,买盘
2104,09:42:58,16.28,0.04,26,42328,买盘
2105,09:42:48,16.24,-0.01,67,108807,卖盘
2106,09:42:43,16.25,--,83,134875,买盘
2107,09:42:33,16.25,--,11,17875,买盘
2108,09:42:28,16.25,--,46,74750,卖盘
2109,09:42:23,16.25,-0.03,30,48750,卖盘
2110,09:42:18,16.28,--,41,66748,买盘
2111,09:42:13,16.28,0.03,226,367928,买盘
2112,09:42:07,16.25,-0.02,50,81250,卖盘
2113,09:42:03,16.27,--,0,0,买盘
2114,09:41:58,16.27,0.01,526,855802,买盘
2115,09:41:52,16.26,-0.01,15,24390,卖盘
2116,09:41:48,16.27,0.04,27,43929,买盘
2117,09:41:43,16.23,--,84,136332,中性盘
2118,09:41:37,16.23,--,0,0,中性盘
2119,09:41:33,16.23,-0.01,8,12984,卖盘
2120,09:41:28,16.24,-0.02,170,276080,卖盘
2121,09:41:22,16.26,-0.02,1313,2134938,中性盘
2122,09:41:18,16.28,--,31,50468,买盘
2123,09:41:13,16.28,0.03,47,76516,中性盘
2124,09:41:07,16.25,-0.03,30,48750,卖盘
2125,09:41:03,16.28,-0.02,37,60236,卖盘
2126,09:40:58,16.3,0.05,302,492260,买盘
2127,09:40:52,16.25,-0.03,4,6500,卖盘
2128,09:40:48,16.28,0.05,26,42328,买盘
2129,09:40:43,16.23,--,66,107118,卖盘
2130,09:40:37,16.23,--,179,290517,卖盘
2131,09:40:33,16.23,-0.02,56,90888,卖盘
2132,09:40:28,16.25,0.03,288,468000,买盘
2133,09:40:22,16.22,-0.01,65,105429,卖盘
2134,09:40:18,16.23,--,384,623232,买盘
2135,09:40:13,16.23,--,242,392766,买盘
2136,09:40:07,16.23,0.01,147,238727,中性盘
2137,09:40:03,16.22,-0.02,183,296826,卖盘
2138,09:39:58,16.24,--,324,526176,买盘
2139,09:39:52,16.24,--,45,73080,买盘
2140,09:39:48,16.24,0.01,223,362314,中性盘
2141,09:39:43,16.23,-0.02,210,340830,卖盘
2142,09:39:37,16.25,--,661,1075603,卖盘
2143,09:39:33,16.25,-0.02,358,581896,卖盘
2144,09:39:28,16.27,0.01,171,278217,买盘
2145,09:39:22,16.26,-0.01,83,134958,卖盘
2146,09:39:18,16.27,-0.02,89,146120,卖盘
2147,09:39:13,16.29,0.01,237,386073,买盘
2148,09:39:07,16.28,0.01,12,19536,买盘
2149,09:39:03,16.27,-0.03,277,450744,卖盘
2150,09:38:58,16.3,0.02,189,308070,买盘
2151,09:38:52,16.28,--,79,128856,卖盘
2152,09:38:48,16.28,-0.02,63,102564,卖盘
2153,09:38:43,16.3,0.01,59,96170,买盘
2154,09:38:37,16.29,--,2,3258,卖盘
2155,09:38:33,16.29,-0.01,81,131949,中性盘
2156,09:38:27,16.3,0.01,34,55420,买盘
2157,09:38:22,16.29,--,4,6516,买盘
2158,09:38:18,16.29,-0.02,188,306252,卖盘
2159,09:38:12,16.31,--,37,60346,买盘
2160,09:38:07,16.31,-0.02,85,140200,卖盘
2161,09:38:03,16.33,--,6,9797,买盘
2162,09:37:57,16.33,0.01,47,76750,买盘
2163,09:37:52,16.32,-0.01,15,24480,卖盘
2164,09:37:48,16.33,0.02,70,114309,买盘
2165,09:37:42,16.31,-0.01,62,101121,卖盘
2166,09:37:33,16.32,0.01,51,83297,中性盘
2167,09:37:27,16.31,--,44,71764,卖盘
2168,09:37:22,16.31,-0.03,1,1630,卖盘
2169,09:37:18,16.34,--,80,130720,买盘
2170,09:37:12,16.34,0.05,27,44118,买盘
2171,09:37:07,16.29,-0.03,197,322134,卖盘
2172,09:37:02,16.32,-0.02,19,31008,中性盘
2173,09:36:57,16.34,0.04,66,108693,买盘
2174,09:36:52,16.3,--,0,0,卖盘
2175,09:36:47,16.3,-0.04,53,86390,卖盘
2176,09:36:42,16.34,0.02,336,549024,买盘
2177,09:36:37,16.32,-0.02,118,192576,卖盘
2178,09:36:32,16.34,0.02,188,307192,买盘
2179,09:36:27,16.32,-0.02,336,548352,中性盘
2180,09:36:22,16.34,0.02,553,904794,买盘
2181,09:36:17,16.32,-0.01,18,29376,中性盘
2182,09:36:12,16.33,0.03,131,213922,买盘
2183,09:36:07,16.3,-0.03,337,549310,买盘
2184,09:35:57,16.33,0.04,89,145336,买盘
2185,09:35:52,16.29,-0.03,134,218286,卖盘
2186,09:35:47,16.32,-0.01,5,8160,买盘
2187,09:35:42,16.33,0.03,73,119208,买盘
2188,09:35:37,16.3,-0.02,56,91280,中性盘
2189,09:35:32,16.32,--,33,53856,卖盘
2190,09:35:27,16.32,0.03,98,159936,买盘
2191,09:35:22,16.29,-0.05,549,894321,卖盘
2192,09:35:17,16.34,--,0,0,买盘
2193,09:35:12,16.34,-0.01,26,42484,中性盘
2194,09:35:07,16.35,0.04,815,1332525,买盘
2195,09:35:02,16.31,-0.02,26,42406,卖盘
2196,09:34:57,16.33,0.04,310,506229,买盘
2197,09:34:52,16.29,-0.03,496,808749,卖盘
2198,09:34:47,16.32,--,150,245664,买盘
2199,09:34:42,16.32,0.06,326,532032,买盘
2200,09:34:37,16.26,-0.01,517,840642,卖盘
2201,09:34:32,16.27,-0.02,11,17897,卖盘
2202,09:34:27,16.29,-0.01,216,351864,中性盘
2203,09:34:22,16.3,0.01,326,531380,买盘
2204,09:34:16,16.29,--,35,57015,卖盘
2205,09:34:12,16.29,0.01,30,48870,买盘
2206,09:34:07,16.28,0.02,19,30932,买盘
2207,09:34:01,16.26,-0.03,64,104064,卖盘
2208,09:33:57,16.29,0.01,87,141723,买盘
2209,09:33:52,16.28,0.02,27,43956,买盘
2210,09:33:46,16.26,-0.04,68,110568,卖盘
2211,09:33:42,16.3,0.04,334,544420,买盘
2212,09:33:37,16.26,--,328,533328,卖盘
2213,09:33:31,16.26,-0.02,206,334956,卖盘
2214,09:33:27,16.28,--,146,237688,买盘
2215,09:33:22,16.28,-0.01,86,140008,卖盘
2216,09:33:16,16.29,--,5,8145,买盘
2217,09:33:12,16.29,0.03,1026,1671354,买盘
2218,09:33:07,16.26,-0.03,459,747342,卖盘
2219,09:32:57,16.29,0.01,58,94482,买盘
2220,09:32:52,16.28,0.02,373,607862,买盘
2221,09:32:46,16.26,--,120,195120,买盘
2222,09:32:42,16.26,--,41,66666,买盘
2223,09:32:37,16.26,-0.02,231,375606,卖盘
2224,09:32:31,16.28,0.01,50,81400,买盘
2225,09:32:27,16.27,0.01,92,149684,买盘
2226,09:32:22,16.26,-0.01,226,367476,卖盘
2227,09:32:16,16.27,--,6,9762,买盘
2228,09:32:12,16.27,0.02,52,84604,买盘
2229,09:32:07,16.25,-0.01,296,481000,卖盘
2230,09:32:01,16.26,-0.01,3,4878,中性盘
2231,09:31:57,16.27,0.02,30,48810,买盘
2232,09:31:52,16.25,-0.01,138,224250,中性盘
2233,09:31:42,16.26,0.01,381,619506,买盘
2234,09:31:37,16.25,-0.01,10,16250,买盘
2235,09:31:31,16.26,0.01,100,162600,买盘
2236,09:31:27,16.25,-0.01,163,264875,卖盘
2237,09:31:22,16.26,--,28,45528,买盘
2238,09:31:12,16.26,0.01,61,99186,买盘
2239,09:31:07,16.25,-0.01,12,19500,卖盘
2240,09:31:01,16.26,--,14,22764,买盘
2241,09:30:57,16.26,0.01,26,42276,买盘
2242,09:30:51,16.25,--,133,216125,买盘
2243,09:30:46,16.25,0.03,12,19500,买盘
2244,09:30:42,16.22,--,32,51904,卖盘
2245,09:30:31,16.22,--,7,11354,卖盘
2246,09:30:26,16.22,0.01,109,176798,买盘
2247,09:30:16,16.21,0.01,17,27557,买盘
2248,09:30:11,16.2,0.01,128,207360,买盘
2249,09:30:06,16.19,-0.02,1221,1976799,卖盘
2250,09:28:48,16.21,--,0,0,买盘
2251,09:25:06,16.21,16.21,2140,3468940,买盘
