,time,price,change,volume,amount,type
0,15:00:00,10.24,--,0,0,买盘
1,15:00:00,10.24,0.01,0,0,买盘
2,14:59:59,10.23,--,73,74679,卖盘
3,14:59:55,10.23,--,31,31713,卖盘
4,14:59:51,10.23,--,164,167772,卖盘
5,14:59:46,10.23,--,181,185163,卖盘
6,14:59:40,10.23,--,28,28644,卖盘
7,14:59:36,10.23,-0.01,1610,1647030,卖盘
8,14:59:31,10.24,--,97,99328,买盘
9,14:59:25,10.24,0.01,1,1024,买盘
10,14:59:21,10.23,--,33,33759,卖盘
11,14:59:16,10.23,--,189,193347,卖盘
12,14:59:01,10.23,--,54,55855,卖盘
13,14:58:55,10.23,-0.01,108,110484,卖盘
14,14:58:51,10.24,0.01,1,1024,买盘
15,14:58:40,10.23,--,106,108438,卖盘
16,14:58:36,10.23,--,8,8184,买盘
17,14:58:25,10.23,--,8,8184,买盘
18,14:58:21,10.23,--,129,131967,卖盘
19,14:58:15,10.23,-0.01,29,29667,卖盘
20,14:58:10,10.24,0.01,1,1024,买盘
21,14:58:06,10.23,--,41,41943,卖盘
22,14:58:00,10.23,--,1003,1026069,卖盘
23,14:57:51,10.23,--,336,343728,买盘
24,14:57:40,10.23,0.01,33,33759,买盘
25,14:57:30,10.22,-0.01,30,30660,卖盘
26,14:57:25,10.23,0.01,28,28644,买盘
27,14:57:15,10.22,-0.01,607,620354,卖盘
28,14:57:10,10.23,--,108,110484,买盘
29,14:57:05,10.23,--,100,102300,买盘
30,14:57:00,10.23,0.01,1,1023,买盘
31,14:56:55,10.22,--,53,54738,卖盘
32,14:56:50,10.22,-0.01,41,41902,卖盘
33,14:56:45,10.23,--,37,37851,买盘
34,14:56:40,10.23,0.01,51,52173,买盘
35,14:56:35,10.22,-0.01,428,437416,卖盘
36,14:56:25,10.23,--,205,209715,买盘
37,14:56:20,10.23,0.01,74,75702,买盘
38,14:56:15,10.22,-0.01,59,60298,卖盘
39,14:56:10,10.23,--,428,437844,卖盘
40,14:56:05,10.23,-0.01,34,34782,卖盘
41,14:56:00,10.24,--,3,3072,买盘
42,14:55:55,10.24,0.01,1,1024,买盘
43,14:55:50,10.23,--,12,12276,卖盘
44,14:55:45,10.23,--,19,19437,卖盘
45,14:55:40,10.23,--,82,83886,买盘
46,14:55:35,10.23,--,55,56265,卖盘
47,14:55:30,10.23,--,31,31713,卖盘
48,14:55:25,10.23,--,50,51150,卖盘
49,14:55:20,10.23,-0.01,52,53196,中性盘
50,14:55:15,10.24,0.01,200,204800,买盘
51,14:55:10,10.23,--,5,5115,买盘
52,14:54:55,10.23,--,23,23529,买盘
53,14:54:50,10.23,0.01,2,2046,买盘
54,14:54:45,10.22,-0.01,28,28616,卖盘
55,14:54:34,10.23,--,59,60357,买盘
56,14:54:30,10.23,--,33,33759,买盘
57,14:54:25,10.23,0.01,208,212784,买盘
58,14:54:15,10.22,-0.01,47,48034,卖盘
59,14:54:04,10.23,0.01,2,2046,买盘
60,14:54:00,10.22,-0.01,137,140014,卖盘
61,14:53:55,10.23,--,24,24552,买盘
62,14:53:49,10.23,--,5,5115,买盘
63,14:53:45,10.23,--,11,11253,买盘
64,14:53:40,10.23,--,114,116622,买盘
65,14:53:30,10.23,--,163,166749,买盘
66,14:53:25,10.23,--,157,160611,买盘
67,14:53:15,10.23,--,129,131967,买盘
68,14:53:00,10.23,--,11,11253,买盘
69,14:52:55,10.23,--,196,200917,卖盘
70,14:52:45,10.23,--,24,24552,卖盘
71,14:52:34,10.23,-0.01,38,38874,卖盘
72,14:52:30,10.24,--,2,2048,买盘
73,14:52:19,10.24,0.01,41,41984,买盘
74,14:52:15,10.23,--,68,69564,卖盘
75,14:52:04,10.23,-0.01,3,3069,卖盘
76,14:51:55,10.24,--,12,12288,买盘
77,14:51:45,10.24,--,101,103424,买盘
78,14:51:40,10.24,0.01,52,53248,买盘
79,14:51:34,10.23,-0.01,100,102300,卖盘
80,14:51:24,10.24,0.01,1,1024,买盘
81,14:51:19,10.23,--,11,11253,卖盘
82,14:51:15,10.23,--,34,34782,卖盘
83,14:51:09,10.23,--,91,93093,卖盘
84,14:50:54,10.23,--,83,84909,卖盘
85,14:50:45,10.23,--,64,65472,卖盘
86,14:50:34,10.23,--,23,23529,卖盘
87,14:50:30,10.23,--,847,867094,买盘
88,14:50:24,10.23,0.01,2,2046,买盘
89,14:50:14,10.22,--,35,35770,卖盘
90,14:50:04,10.22,--,34,34748,卖盘
91,14:49:54,10.22,-0.01,10,10220,卖盘
92,14:49:49,10.23,0.01,1,1023,买盘
93,14:49:44,10.22,--,16,16352,卖盘
94,14:49:39,10.22,--,10,10220,卖盘
95,14:49:24,10.22,--,26,26572,卖盘
96,14:49:19,10.22,--,152,155344,卖盘
97,14:49:14,10.22,-0.01,100,102200,卖盘
98,14:49:04,10.23,0.01,36,36828,买盘
99,14:48:59,10.22,-0.01,60,61320,卖盘
100,14:48:54,10.23,0.01,5,5115,买盘
101,14:48:44,10.22,--,28,28616,卖盘
102,14:48:34,10.22,-0.01,53,54166,卖盘
103,14:48:28,10.23,0.01,50,51150,买盘
104,14:48:24,10.22,--,25,25550,卖盘
105,14:48:19,10.22,--,26,26572,卖盘
106,14:48:14,10.22,--,100,102200,卖盘
107,14:48:09,10.22,--,324,331741,卖盘
108,14:48:04,10.22,-0.01,3,3066,卖盘
109,14:47:59,10.23,--,1,1023,买盘
110,14:47:49,10.23,--,27,27621,买盘
111,14:47:43,10.23,0.01,100,102300,买盘
112,14:47:39,10.22,--,1,1022,卖盘
113,14:47:34,10.22,-0.01,40,40880,卖盘
114,14:47:24,10.23,--,2,2046,买盘
115,14:47:19,10.23,0.01,6,6138,买盘
116,14:47:13,10.22,--,45,45990,卖盘
117,14:47:09,10.22,--,3,3066,卖盘
118,14:47:04,10.22,-0.01,3,3066,卖盘
119,14:46:58,10.23,0.01,496,507408,买盘
120,14:46:54,10.22,--,26,26572,卖盘
121,14:46:49,10.22,--,70,71540,卖盘
122,14:46:39,10.22,-0.01,1,1022,卖盘
123,14:46:24,10.23,--,490,501270,买盘
124,14:46:13,10.23,--,1,1023,买盘
125,14:46:09,10.23,0.01,1,1023,买盘
126,14:46:03,10.22,--,74,75628,卖盘
127,14:45:54,10.22,--,26,26572,卖盘
128,14:45:49,10.22,--,18,18436,卖盘
129,14:45:43,10.22,0.01,187,192084,买盘
130,14:45:39,10.21,-0.01,23,23483,卖盘
131,14:45:34,10.22,0.01,146,149212,买盘
132,14:45:28,10.21,-0.01,25,25525,卖盘
133,14:45:19,10.22,0.01,31,31682,买盘
134,14:45:13,10.21,--,44,44924,卖盘
135,14:45:09,10.21,--,36,36756,卖盘
136,14:45:04,10.21,-0.01,4,4084,卖盘
137,14:44:54,10.22,0.01,2,2044,买盘
138,14:44:49,10.21,-0.01,27,27567,卖盘
139,14:44:39,10.22,--,40,40880,买盘
140,14:44:33,10.22,--,4,4088,买盘
141,14:44:28,10.22,0.01,15,15330,买盘
142,14:44:24,10.21,-0.01,20,20420,卖盘
143,14:44:18,10.22,--,71,72562,买盘
144,14:44:09,10.22,--,6,6132,买盘
145,14:43:54,10.22,--,5,5110,买盘
146,14:43:48,10.22,-0.01,59,60349,卖盘
147,14:43:43,10.23,0.01,41,41943,买盘
148,14:43:38,10.22,--,18,18396,卖盘
149,14:43:33,10.22,--,33,33726,卖盘
150,14:43:28,10.22,--,65,66430,卖盘
151,14:43:23,10.22,-0.01,28,28616,卖盘
152,14:43:18,10.23,0.01,30,30690,买盘
153,14:43:13,10.22,--,181,185390,卖盘
154,14:43:03,10.22,--,80,81760,卖盘
155,14:42:58,10.22,--,26,26572,卖盘
156,14:42:53,10.22,--,37,37814,卖盘
157,14:42:48,10.22,--,18,18518,卖盘
158,14:42:43,10.22,--,34,34748,卖盘
159,14:42:37,10.22,-0.01,2,2044,卖盘
160,14:42:28,10.23,--,28,28644,买盘
161,14:42:23,10.23,0.01,22,22506,买盘
162,14:42:18,10.22,--,53,54166,卖盘
163,14:42:13,10.22,--,35,35770,卖盘
164,14:42:03,10.22,--,18,18396,卖盘
165,14:41:58,10.22,--,63,64386,卖盘
166,14:41:47,10.22,--,10,10220,卖盘
167,14:41:37,10.22,--,54,55188,卖盘
168,14:41:28,10.22,--,84,85848,卖盘
169,14:41:18,10.22,--,20,20440,卖盘
170,14:41:13,10.22,-0.01,37,37814,卖盘
171,14:41:08,10.23,0.01,128,130944,买盘
172,14:41:03,10.22,--,96,98112,卖盘
173,14:40:57,10.22,--,29,30455,卖盘
174,14:40:48,10.22,--,47,48034,卖盘
175,14:40:22,10.22,-0.01,16,16352,卖盘
176,14:40:07,10.23,0.01,5,5115,买盘
177,14:40:03,10.22,--,37,37814,卖盘
178,14:39:57,10.22,--,32,32704,卖盘
179,14:39:47,10.22,--,58,59276,卖盘
180,14:39:32,10.22,--,9,9198,卖盘
181,14:39:28,10.22,--,126,128772,卖盘
182,14:39:22,10.22,--,27,27594,卖盘
183,14:39:17,10.22,-0.01,3,3066,卖盘
184,14:39:07,10.23,0.01,20,20460,买盘
185,14:38:57,10.22,--,26,26572,卖盘
186,14:38:47,10.22,-0.01,86,87892,卖盘
187,14:38:43,10.23,0.01,28,28644,买盘
188,14:38:37,10.22,-0.01,0,61,卖盘
189,14:38:32,10.23,--,112,114576,买盘
190,14:38:27,10.23,0.01,31,31713,买盘
191,14:38:22,10.22,--,77,78694,卖盘
192,14:38:12,10.22,--,35,35770,卖盘
193,14:38:07,10.22,-0.01,35,35770,卖盘
194,14:38:02,10.23,0.01,200,204600,买盘
195,14:37:58,10.22,--,26,26572,卖盘
196,14:37:47,10.22,-0.01,55,56210,卖盘
197,14:37:42,10.23,--,3,3069,买盘
198,14:37:37,10.23,0.01,10,10230,买盘
199,14:37:32,10.22,--,2,2044,卖盘
200,14:37:28,10.22,--,26,26572,卖盘
201,14:37:22,10.22,--,45,45990,卖盘
202,14:37:17,10.22,-0.01,78,79716,卖盘
203,14:37:07,10.23,0.01,7,7161,买盘
204,14:36:57,10.22,-0.01,40,40880,卖盘
205,14:36:47,10.23,0.01,67,68541,买盘
206,14:36:42,10.22,--,34,34748,卖盘
207,14:36:26,10.22,-0.01,28,28616,卖盘
208,14:36:22,10.23,0.01,7,7161,买盘
209,14:36:12,10.22,--,200,204400,卖盘
210,14:36:02,10.22,-0.01,24,24936,卖盘
211,14:35:57,10.23,--,161,164703,买盘
212,14:35:52,10.23,0.01,6,6138,买盘
213,14:35:47,10.22,-0.01,26,26572,卖盘
214,14:35:41,10.23,--,8,8184,买盘
215,14:35:37,10.23,--,20,20460,买盘
216,14:35:32,10.23,0.01,1000,1023000,买盘
217,14:35:27,10.22,--,12,12264,卖盘
218,14:35:22,10.22,--,30,30660,卖盘
219,14:35:12,10.22,-0.01,47,48034,卖盘
220,14:35:07,10.23,--,65,66495,买盘
221,14:34:57,10.23,--,126,128898,买盘
222,14:34:52,10.23,0.01,29,29667,买盘
223,14:34:36,10.22,-0.01,32,32704,卖盘
224,14:34:32,10.23,--,4,4092,买盘
225,14:34:26,10.23,--,74,75702,买盘
226,14:34:21,10.23,0.01,47,48081,买盘
227,14:34:17,10.22,-0.01,26,26572,卖盘
228,14:34:12,10.23,0.01,63,64449,买盘
229,14:34:07,10.22,-0.01,32,32704,卖盘
230,14:33:57,10.23,--,180,184140,买盘
231,14:33:51,10.23,--,100,102300,买盘
232,14:33:47,10.23,0.01,60,61380,买盘
233,14:33:41,10.22,-0.01,30,30660,卖盘
234,14:33:36,10.23,--,37,37851,买盘
235,14:33:27,10.23,0.01,33,33759,买盘
236,14:33:12,10.22,--,137,140014,卖盘
237,14:33:06,10.22,--,104,106288,卖盘
238,14:33:02,10.22,--,5,5110,卖盘
239,14:32:56,10.22,--,26,26572,卖盘
240,14:32:47,10.22,-0.01,26,26572,卖盘
241,14:32:41,10.23,0.01,1,1023,买盘
242,14:32:31,10.22,-0.01,10,10220,卖盘
243,14:32:27,10.23,--,3,3069,买盘
244,14:32:21,10.23,0.01,1,1023,买盘
245,14:32:12,10.22,--,313,320059,卖盘
246,14:32:06,10.22,0.01,286,292292,买盘
247,14:31:57,10.21,--,26,26546,卖盘
248,14:31:51,10.21,--,0,0,卖盘
249,14:31:46,10.21,-0.02,26,26546,卖盘
250,14:31:16,10.23,0.02,44,45012,买盘
251,14:31:11,10.21,-0.01,64,65344,卖盘
252,14:31:06,10.22,0.01,3,3066,中性盘
253,14:31:01,10.21,-0.02,30,30630,卖盘
254,14:30:56,10.23,0.01,376,384648,买盘
255,14:30:51,10.22,--,37,37814,买盘
256,14:30:46,10.22,--,54,55188,买盘
257,14:30:41,10.22,--,1,1022,买盘
258,14:30:26,10.22,--,45,45990,买盘
259,14:30:21,10.22,--,36,36792,买盘
260,14:30:16,10.22,0.01,2,2044,买盘
261,14:30:06,10.21,--,125,127625,卖盘
262,14:30:01,10.21,--,27,27567,卖盘
263,14:29:56,10.21,--,26,26546,卖盘
264,14:29:36,10.21,-0.01,49,50029,卖盘
265,14:29:26,10.22,0.01,31,31682,买盘
266,14:29:21,10.21,--,60,61260,卖盘
267,14:29:06,10.21,--,154,157234,卖盘
268,14:29:01,10.21,--,28,28588,卖盘
269,14:28:56,10.21,--,26,26546,卖盘
270,14:28:46,10.21,-0.01,102,104142,卖盘
271,14:28:41,10.22,0.01,24,24528,买盘
272,14:28:36,10.21,--,40,40840,卖盘
273,14:28:26,10.21,-0.01,83,84743,卖盘
274,14:28:20,10.22,0.01,59,60298,买盘
275,14:28:16,10.21,-0.01,27,27567,卖盘
276,14:28:11,10.22,0.01,1,1022,买盘
277,14:28:05,10.21,--,125,127625,卖盘
278,14:28:01,10.21,--,22,22462,卖盘
279,14:27:50,10.21,-0.01,16,16336,卖盘
280,14:27:45,10.22,-0.01,19,19418,卖盘
281,14:27:40,10.23,--,1,1023,买盘
282,14:27:36,10.23,--,7,7161,买盘
283,14:27:30,10.23,0.01,24,24552,买盘
284,14:27:26,10.22,--,27,27594,卖盘
285,14:27:15,10.22,--,125,127750,卖盘
286,14:27:05,10.22,--,125,127750,卖盘
287,14:27:00,10.22,--,21,21462,卖盘
288,14:26:55,10.22,--,27,27594,卖盘
289,14:26:45,10.22,--,133,135926,买盘
290,14:26:35,10.22,--,20,20440,买盘
291,14:26:30,10.22,--,53,54166,买盘
292,14:26:21,10.22,0.01,80,81760,买盘
293,14:26:14,10.21,-0.01,11,11231,卖盘
294,14:26:05,10.22,--,14,14308,买盘
295,14:26:00,10.22,--,34,34748,买盘
296,14:25:56,10.22,--,30,30660,买盘
297,14:25:50,10.22,--,12,12264,买盘
298,14:25:45,10.22,0.01,2,2044,买盘
299,14:25:36,10.21,-0.01,1,1021,卖盘
300,14:25:30,10.22,0.01,12,12264,买盘
301,14:25:25,10.21,--,27,27567,卖盘
302,14:25:20,10.21,--,19,19399,卖盘
303,14:25:15,10.21,-0.01,145,148892,卖盘
304,14:25:10,10.22,-0.01,175,178850,卖盘
305,14:25:06,10.23,--,1,1023,买盘
306,14:24:50,10.23,0.01,7,7161,买盘
307,14:24:45,10.22,--,16,16352,卖盘
308,14:24:40,10.22,-0.01,91,93002,卖盘
309,14:24:30,10.23,--,1,1023,买盘
310,14:24:25,10.23,0.01,28,28644,买盘
311,14:24:20,10.22,--,100,102200,卖盘
312,14:24:15,10.22,-0.01,12,12264,卖盘
313,14:24:05,10.23,0.01,1,1023,买盘
314,14:24:00,10.22,--,20,20440,卖盘
315,14:23:55,10.22,--,27,27594,卖盘
316,14:23:50,10.22,--,0,173,卖盘
317,14:23:39,10.22,-0.01,10,10220,卖盘
318,14:23:35,10.23,0.01,10,10230,买盘
319,14:23:30,10.22,--,1,1022,卖盘
320,14:23:25,10.22,-0.01,3,3066,卖盘
321,14:23:15,10.23,--,1,1023,买盘
322,14:23:05,10.23,0.01,3,3069,买盘
323,14:23:00,10.22,-0.01,20,20440,卖盘
324,14:22:50,10.23,0.01,1,1023,买盘
325,14:22:45,10.22,--,9,9198,卖盘
326,14:22:35,10.22,--,10,10220,卖盘
327,14:22:30,10.22,--,52,53144,卖盘
328,14:22:20,10.22,--,9,9198,卖盘
329,14:22:10,10.22,-0.01,31,31682,卖盘
330,14:22:05,10.23,0.01,2,2046,买盘
331,14:21:50,10.22,-0.01,69,70518,卖盘
332,14:21:45,10.23,0.01,1,1023,买盘
333,14:21:40,10.22,--,16,16352,卖盘
334,14:21:30,10.22,-0.01,23,23506,卖盘
335,14:21:20,10.23,0.01,1,1023,买盘
336,14:21:15,10.22,--,9,9198,卖盘
337,14:21:05,10.22,-0.01,29,29638,卖盘
338,14:20:59,10.23,--,30,30690,买盘
339,14:20:54,10.23,--,10,10230,买盘
340,14:20:50,10.23,0.01,14,14322,买盘
341,14:20:44,10.22,--,21,21462,卖盘
342,14:20:35,10.22,--,82,83804,卖盘
343,14:20:29,10.22,--,60,61320,卖盘
344,14:20:24,10.22,-0.01,69,70518,卖盘
345,14:20:20,10.23,--,17,17391,买盘
346,14:20:14,10.23,--,12,12276,买盘
347,14:20:05,10.23,--,4,4092,买盘
348,14:19:59,10.23,--,1,1023,买盘
349,14:19:54,10.23,--,26,26598,买盘
350,14:19:50,10.23,--,54,55242,卖盘
351,14:19:44,10.23,-0.01,22,22506,卖盘
352,14:19:39,10.24,0.01,18,18432,买盘
353,14:19:29,10.23,--,10,10230,卖盘
354,14:19:24,10.23,-0.01,45,46035,卖盘
355,14:19:14,10.24,--,1,1024,买盘
356,14:19:09,10.24,--,26,26624,买盘
357,14:19:04,10.24,0.01,4,4096,买盘
358,14:18:59,10.23,-0.01,28,28644,卖盘
359,14:18:49,10.24,0.01,32,32768,买盘
360,14:18:44,10.23,-0.01,86,87978,卖盘
361,14:18:39,10.24,0.01,84,86016,买盘
362,14:18:29,10.23,0.01,475,485925,买盘
363,14:18:24,10.22,-0.01,18,18396,卖盘
364,14:18:09,10.23,0.01,16,16368,买盘
365,14:18:05,10.22,-0.01,18,18396,卖盘
366,14:17:59,10.23,0.01,40,40920,买盘
367,14:17:54,10.22,-0.01,10,10220,卖盘
368,14:17:50,10.23,--,1,1023,买盘
369,14:17:39,10.23,0.01,79,80817,买盘
370,14:17:35,10.22,--,3,3066,卖盘
371,14:17:29,10.22,-0.01,100,102200,卖盘
372,14:17:15,10.23,--,29,29667,买盘
373,14:17:04,10.23,--,1,1023,买盘
374,14:16:54,10.23,--,2,2046,买盘
375,14:16:49,10.23,--,183,187209,卖盘
376,14:16:39,10.23,--,1,1023,卖盘
377,14:16:24,10.23,--,323,330429,买盘
378,14:16:04,10.23,0.01,38,38874,买盘
379,14:15:59,10.22,-0.01,10,10220,卖盘
380,14:15:39,10.23,--,9,9207,买盘
381,14:15:34,10.23,0.01,14,14322,买盘
382,14:15:24,10.22,-0.01,16,16352,卖盘
383,14:15:14,10.23,0.01,33,33759,买盘
384,14:15:09,10.22,-0.01,66,67452,卖盘
385,14:15:04,10.23,--,1,1023,买盘
386,14:14:54,10.23,--,12,12276,买盘
387,14:14:44,10.23,0.01,10,10230,买盘
388,14:14:24,10.22,-0.01,300,306600,卖盘
389,14:14:14,10.23,--,583,596409,买盘
390,14:14:09,10.23,-0.01,23,23529,卖盘
391,14:14:04,10.24,--,1,1024,买盘
392,14:13:59,10.24,0.01,4,4096,买盘
393,14:13:48,10.23,--,3,3069,卖盘
394,14:13:44,10.23,-0.01,108,110484,卖盘
395,14:13:39,10.24,--,2,2048,买盘
396,14:13:29,10.24,--,4,4096,买盘
397,14:13:24,10.24,0.01,1,1024,买盘
398,14:13:18,10.23,-0.01,6,6138,卖盘
399,14:13:14,10.24,--,12,12288,买盘
400,14:13:08,10.24,--,3,3072,买盘
401,14:13:03,10.24,--,29,29696,买盘
402,14:12:53,10.24,0.01,255,261120,买盘
403,14:12:48,10.23,--,14,14322,卖盘
404,14:12:44,10.23,-0.01,7,7161,卖盘
405,14:12:38,10.24,0.01,3,3072,买盘
406,14:12:33,10.23,0.01,23,23529,买盘
407,14:12:29,10.22,-0.01,98,100156,卖盘
408,14:12:18,10.23,--,62,63426,买盘
409,14:12:14,10.23,--,1,1023,买盘
410,14:12:08,10.23,-0.01,69,70587,卖盘
411,14:12:03,10.24,--,10,10240,买盘
412,14:11:59,10.24,0.01,13,13312,买盘
413,14:11:53,10.23,--,3,3069,卖盘
414,14:11:48,10.23,-0.01,123,125829,卖盘
415,14:11:38,10.24,--,10,10240,买盘
416,14:11:33,10.24,--,28,28672,买盘
417,14:11:28,10.24,--,10,10240,买盘
418,14:11:23,10.24,--,3,3072,买盘
419,14:11:13,10.24,--,0,0,买盘
420,14:11:08,10.24,0.01,221,226304,买盘
421,14:11:03,10.23,--,61,62403,卖盘
422,14:10:58,10.23,--,104,106392,卖盘
423,14:10:53,10.23,-0.01,60,61380,卖盘
424,14:10:48,10.24,0.01,4,4096,买盘
425,14:10:38,10.23,--,1,1023,卖盘
426,14:10:33,10.23,0.01,100,102300,买盘
427,14:10:23,10.22,-0.01,33,33726,卖盘
428,14:10:18,10.23,--,1,1023,买盘
429,14:10:13,10.23,--,28,28644,买盘
430,14:10:08,10.23,--,55,56265,买盘
431,14:10:03,10.23,--,20,20460,买盘
432,14:09:53,10.23,--,2,2046,买盘
433,14:09:48,10.23,--,926,948147,卖盘
434,14:09:43,10.23,--,71,72633,卖盘
435,14:09:38,10.23,-0.01,58,59334,卖盘
436,14:09:28,10.24,--,9,9216,买盘
437,14:09:23,10.24,0.01,29,29870,买盘
438,14:09:18,10.23,0.01,14,14322,买盘
439,14:09:08,10.22,-0.01,332,339304,卖盘
440,14:09:03,10.23,--,110,112530,买盘
441,14:08:53,10.23,0.01,61,62403,买盘
442,14:08:48,10.22,-0.01,22,22484,卖盘
443,14:08:43,10.23,0.01,104,106392,买盘
444,14:08:38,10.22,-0.01,119,121618,卖盘
445,14:08:33,10.23,--,42,42966,买盘
446,14:08:28,10.23,--,3,3069,买盘
447,14:08:23,10.23,0.01,156,159588,买盘
448,14:08:13,10.22,-0.01,30,30660,卖盘
449,14:08:08,10.23,0.01,36,36828,买盘
450,14:08:03,10.22,-0.01,8,8176,卖盘
451,14:07:53,10.23,0.01,28,28644,买盘
452,14:07:48,10.22,--,100,102200,卖盘
453,14:07:43,10.22,--,108,110376,卖盘
454,14:07:38,10.22,--,199,203378,买盘
455,14:07:33,10.22,--,2,2044,买盘
456,14:07:23,10.22,--,20,20440,买盘
457,14:07:18,10.22,--,974,995428,买盘
458,14:07:08,10.22,--,21,21462,买盘
459,14:07:03,10.22,0.01,3,3066,中性盘
460,14:06:57,10.21,-0.01,200,204200,卖盘
461,14:06:53,10.22,--,186,190092,买盘
462,14:06:33,10.22,0.01,2,2044,买盘
463,14:06:27,10.21,-0.02,25,25525,卖盘
464,14:06:23,10.23,0.01,2,2046,买盘
465,14:06:18,10.22,0.01,200,205176,买盘
466,14:06:03,10.21,-0.01,269,274649,卖盘
467,14:05:53,10.22,0.01,10,10220,买盘
468,14:05:48,10.21,-0.01,3,3063,卖盘
469,14:05:33,10.22,--,205,209510,买盘
470,14:04:38,10.22,--,28,28616,买盘
471,14:04:32,10.22,--,388,396781,卖盘
472,14:04:12,10.22,--,27,27594,卖盘
473,14:04:07,10.22,--,121,123662,卖盘
474,14:04:02,10.22,--,10,10220,卖盘
475,14:03:52,10.22,-0.01,9,9198,卖盘
476,14:03:47,10.23,--,1,1023,买盘
477,14:03:42,10.23,0.01,1,1023,买盘
478,14:03:32,10.22,--,29,29638,卖盘
479,14:03:22,10.22,--,40,40880,卖盘
480,14:03:17,10.22,--,50,51100,卖盘
481,14:03:12,10.22,--,572,584584,卖盘
482,14:03:02,10.22,-0.01,19,19418,卖盘
483,14:02:57,10.23,0.01,2,2046,买盘
484,14:02:52,10.22,--,10,10220,卖盘
485,14:02:47,10.22,--,90,91980,卖盘
486,14:02:42,10.22,--,17,17374,卖盘
487,14:02:32,10.22,--,154,157388,卖盘
488,14:02:27,10.22,-0.01,10,10220,卖盘
489,14:02:17,10.23,0.01,152,155496,买盘
490,14:02:12,10.22,--,1,1022,卖盘
491,14:01:57,10.22,-0.01,745,761390,卖盘
492,14:01:41,10.23,0.01,2,2046,买盘
493,14:01:37,10.22,-0.01,1,1022,卖盘
494,14:01:32,10.23,--,1,1023,买盘
495,14:01:27,10.23,0.01,12,12276,买盘
496,14:01:07,10.22,-0.01,24,24528,卖盘
497,14:00:52,10.23,--,2,2046,买盘
498,14:00:32,10.23,--,2,2046,买盘
499,14:00:17,10.23,--,1,1023,买盘
500,14:00:06,10.23,0.01,10,10230,买盘
501,14:00:02,10.22,-0.01,39,39858,卖盘
502,13:59:51,10.23,0.01,2,2046,买盘
503,13:59:47,10.22,-0.01,76,77672,卖盘
504,13:59:41,10.23,--,157,160611,买盘
505,13:59:32,10.23,0.01,1,1023,买盘
506,13:59:27,10.22,-0.01,228,233016,卖盘
507,13:59:21,10.23,0.01,1,1023,买盘
508,13:59:17,10.22,-0.01,4,4088,卖盘
509,13:59:06,10.23,0.01,2,2046,买盘
510,13:59:02,10.22,-0.01,16,16352,卖盘
511,13:58:57,10.23,0.01,41,41943,买盘
512,13:58:47,10.22,--,26,26572,卖盘
513,13:58:41,10.22,--,4,4088,卖盘
514,13:58:36,10.22,-0.01,1,1022,卖盘
515,13:58:32,10.23,--,1,1023,买盘
516,13:58:26,10.23,0.01,243,248589,买盘
517,13:58:17,10.22,--,37,37814,卖盘
518,13:58:12,10.22,--,101,103222,卖盘
519,13:58:02,10.22,-0.01,30,30660,卖盘
520,13:57:56,10.23,--,15,15345,买盘
521,13:57:47,10.23,0.01,50,51150,买盘
522,13:57:36,10.22,-0.01,3,3066,卖盘
523,13:57:32,10.23,0.01,2,2046,买盘
524,13:57:25,10.22,-0.02,21,21462,卖盘
525,13:57:21,10.24,0.02,955,977920,买盘
526,13:57:11,10.22,--,22,22484,卖盘
527,13:57:06,10.22,--,130,132860,卖盘
528,13:56:56,10.22,--,130,132860,卖盘
529,13:56:41,10.22,-0.01,47,48034,卖盘
530,13:56:36,10.23,--,51,52173,买盘
531,13:55:56,10.23,--,11,11253,买盘
532,13:55:51,10.23,0.01,300,306900,买盘
533,13:55:36,10.22,-0.01,2,2044,卖盘
534,13:55:26,10.23,0.01,135,138105,买盘
535,13:55:21,10.22,--,166,169723,卖盘
536,13:55:06,10.22,-0.01,3,3066,卖盘
537,13:55:01,10.23,--,1,1023,买盘
538,13:54:50,10.23,0.01,28,28644,买盘
539,13:54:46,10.22,-0.01,68,69496,卖盘
540,13:54:41,10.23,--,58,59334,买盘
541,13:54:36,10.23,0.01,5,5115,买盘
542,13:54:26,10.22,-0.01,110,113145,卖盘
543,13:54:06,10.23,--,25,25575,买盘
544,13:54:00,10.23,0.01,11,11253,买盘
545,13:53:56,10.22,-0.01,1500,1533000,卖盘
546,13:53:51,10.23,--,50,51150,买盘
547,13:53:41,10.23,--,31,31713,买盘
548,13:53:36,10.23,0.01,1,1023,买盘
549,13:53:06,10.22,--,20,20440,卖盘
550,13:52:51,10.22,--,63,64386,卖盘
551,13:52:45,10.22,--,112,115107,卖盘
552,13:52:36,10.22,-0.01,2,2044,卖盘
553,13:52:21,10.23,0.01,2,2046,买盘
554,13:52:14,10.22,-0.01,100,102200,卖盘
555,13:51:56,10.23,0.01,11,11253,买盘
556,13:51:51,10.22,-0.01,33,33726,卖盘
557,13:51:40,10.23,0.01,2,2046,买盘
558,13:51:29,10.22,--,111,113442,卖盘
559,13:51:25,10.22,--,1203,1229823,买盘
560,13:51:11,10.22,--,50,51100,买盘
561,13:51:00,10.22,0.01,40,40880,买盘
562,13:50:55,10.21,--,3,3063,卖盘
563,13:50:50,10.21,-0.01,50,51050,卖盘
564,13:50:41,10.22,0.01,71,72562,买盘
565,13:50:35,10.21,--,227,232195,买盘
566,13:50:25,10.21,--,99,101079,卖盘
567,13:50:20,10.21,--,15,15315,卖盘
568,13:50:10,10.21,--,2,2042,卖盘
569,13:50:05,10.21,-0.01,3,3063,卖盘
570,13:49:59,10.22,--,31,31682,买盘
571,13:49:56,10.22,0.02,254,259588,买盘
572,13:49:50,10.2,-0.02,409,417465,卖盘
573,13:49:45,10.22,--,70,71540,买盘
574,13:49:40,10.22,0.01,64,65408,买盘
575,13:49:35,10.21,--,96,98016,卖盘
576,13:49:30,10.21,--,236,241691,买盘
577,13:49:25,10.21,--,156,159276,买盘
578,13:49:20,10.21,--,228,232788,买盘
579,13:49:15,10.21,--,58,59218,买盘
580,13:49:05,10.21,--,18,18378,买盘
581,13:49:00,10.21,--,5,5105,买盘
582,13:48:50,10.21,0.01,276,281796,买盘
583,13:48:45,10.2,-0.01,143,145860,卖盘
584,13:48:40,10.21,--,24,24504,买盘
585,13:48:35,10.21,0.01,76,77596,买盘
586,13:48:30,10.2,-0.01,10,10200,卖盘
587,13:48:25,10.21,0.01,53,54113,买盘
588,13:48:20,10.2,-0.01,10,10200,卖盘
589,13:48:15,10.21,--,55,57012,买盘
590,13:48:10,10.21,0.01,28,28588,买盘
591,13:48:05,10.2,-0.01,60,61199,卖盘
592,13:48:00,10.21,--,30,30630,买盘
593,13:47:55,10.21,--,9,9189,买盘
594,13:47:50,10.21,--,28,28588,买盘
595,13:47:45,10.21,--,11,11231,买盘
596,13:47:40,10.21,--,131,133893,买盘
597,13:47:35,10.21,--,12,12252,买盘
598,13:47:30,10.21,0.01,46,46966,买盘
599,13:47:25,10.2,-0.01,18,18768,卖盘
600,13:47:20,10.21,--,20,20420,买盘
601,13:47:15,10.21,--,215,220413,卖盘
602,13:47:10,10.21,--,15,15315,卖盘
603,13:47:04,10.21,--,330,336930,卖盘
604,13:47:00,10.21,--,323,329783,卖盘
605,13:46:55,10.21,--,20,20420,卖盘
606,13:46:50,10.21,--,31,31651,卖盘
607,13:46:45,10.21,--,131,133751,卖盘
608,13:46:39,10.21,--,84,85764,卖盘
609,13:46:35,10.21,--,210,214410,卖盘
610,13:46:30,10.21,--,27,27567,卖盘
611,13:46:24,10.21,--,17,17357,卖盘
612,13:46:20,10.21,--,248,253208,卖盘
613,13:46:15,10.21,--,109,111472,卖盘
614,13:46:05,10.21,-0.01,2,2042,卖盘
615,13:45:50,10.22,--,28,29198,卖盘
616,13:45:44,10.22,--,133,135926,卖盘
617,13:45:39,10.22,--,60,61320,卖盘
618,13:45:34,10.22,--,110,112420,卖盘
619,13:45:30,10.22,--,13,13286,卖盘
620,13:45:24,10.22,-0.01,223,227906,卖盘
621,13:45:15,10.23,--,26,26598,买盘
622,13:45:04,10.23,0.01,48,49104,买盘
623,13:45:00,10.22,-0.01,200,204400,卖盘
624,13:44:53,10.23,--,17,17391,买盘
625,13:44:44,10.23,0.01,138,141174,买盘
626,13:44:38,10.22,-0.01,150,153300,卖盘
627,13:44:34,10.23,0.01,16,16368,买盘
628,13:44:29,10.22,-0.01,100,102200,卖盘
629,13:44:23,10.23,--,9,9207,买盘
630,13:44:19,10.23,--,22,22506,买盘
631,13:44:14,10.23,--,2,2046,买盘
632,13:44:09,10.23,0.01,16,16368,买盘
633,13:44:04,10.22,-0.01,101,103222,卖盘
634,13:44:00,10.23,0.01,17,17391,买盘
635,13:43:53,10.22,-0.01,108,110376,卖盘
636,13:43:49,10.23,0.01,30,30690,买盘
637,13:43:38,10.22,-0.01,15,15330,卖盘
638,13:43:34,10.23,--,176,180048,买盘
639,13:43:29,10.23,--,118,120714,买盘
640,13:43:23,10.23,0.01,3,3069,买盘
641,13:43:19,10.22,-0.01,1,1022,卖盘
642,13:43:14,10.23,--,17,17391,买盘
643,13:43:04,10.23,0.01,24,24552,买盘
644,13:42:54,10.22,--,320,327040,卖盘
645,13:42:49,10.22,-0.01,100,102200,卖盘
646,13:42:44,10.23,0.01,221,226083,买盘
647,13:42:38,10.22,--,100,102200,卖盘
648,13:42:34,10.22,-0.01,1,1022,卖盘
649,13:42:29,10.23,0.01,16,16368,买盘
650,13:42:24,10.22,-0.01,144,147658,卖盘
651,13:42:19,10.23,0.01,17,17391,买盘
652,13:42:09,10.22,-0.01,123,125706,卖盘
653,13:42:04,10.23,0.01,149,153398,买盘
654,13:41:59,10.22,--,17,17374,买盘
655,13:41:49,10.22,-0.01,369,377169,卖盘
656,13:41:39,10.23,--,16,16368,买盘
657,13:41:29,10.23,--,80,81840,买盘
658,13:41:24,10.23,0.01,94,97133,买盘
659,13:41:13,10.22,--,336,343392,买盘
660,13:41:04,10.22,--,17,17374,买盘
661,13:40:59,10.22,--,307,313754,买盘
662,13:40:53,10.22,--,153,156366,买盘
663,13:40:49,10.22,--,118,120596,买盘
664,13:40:43,10.22,0.01,208,212576,买盘
665,13:40:38,10.21,--,168,171528,卖盘
666,13:40:34,10.21,--,6,6126,卖盘
667,13:40:29,10.21,-0.01,59,60239,卖盘
668,13:40:23,10.22,--,6,6132,买盘
669,13:40:19,10.22,--,50,51100,买盘
670,13:40:13,10.22,0.01,678,692916,买盘
671,13:40:08,10.21,-0.01,48,49008,卖盘
672,13:40:04,10.22,--,1,1022,买盘
673,13:39:58,10.22,--,126,128772,买盘
674,13:39:44,10.22,--,22,22484,买盘
675,13:39:38,10.22,--,17,17374,买盘
676,13:39:29,10.22,--,93,95046,买盘
677,13:39:23,10.22,0.01,67,68474,买盘
678,13:39:19,10.21,--,3,3063,卖盘
679,13:39:14,10.21,-0.01,345,352510,卖盘
680,13:39:04,10.22,0.01,129,131838,买盘
681,13:38:59,10.21,-0.01,20,20420,卖盘
682,13:38:53,10.22,0.01,96,98112,买盘
683,13:38:49,10.21,--,30,30630,卖盘
684,13:38:44,10.21,-0.01,163,166423,卖盘
685,13:38:38,10.22,0.01,56,57232,买盘
686,13:38:32,10.21,--,352,359392,卖盘
687,13:38:29,10.21,--,127,129667,卖盘
688,13:38:23,10.21,-0.01,43,43903,卖盘
689,13:38:17,10.22,--,16,16352,买盘
690,13:38:13,10.22,--,5,5110,买盘
691,13:38:08,10.22,--,18,18396,买盘
692,13:38:02,10.22,--,90,92940,卖盘
693,13:37:59,10.22,-0.01,23,23506,卖盘
694,13:37:53,10.23,--,1379,1410717,买盘
695,13:37:44,10.23,0.01,167,170841,买盘
696,13:37:38,10.22,-0.01,201,205422,卖盘
697,13:37:32,10.23,0.01,24,24552,买盘
698,13:37:29,10.22,--,100,102200,卖盘
699,13:37:23,10.22,--,166,169652,卖盘
700,13:37:17,10.22,--,20,20440,卖盘
701,13:37:13,10.22,-0.01,153,156366,卖盘
702,13:37:08,10.23,--,41,41943,买盘
703,13:37:02,10.23,--,1,1023,买盘
704,13:36:58,10.23,--,16,16368,买盘
705,13:36:47,10.23,0.01,116,118668,买盘
706,13:36:43,10.22,-0.01,1,1022,卖盘
707,13:36:38,10.23,0.01,17,17391,买盘
708,13:36:32,10.22,-0.01,1,1022,卖盘
709,13:36:28,10.23,--,18,18414,买盘
710,13:36:17,10.23,--,17,17391,买盘
711,13:36:13,10.23,--,125,128775,卖盘
712,13:36:08,10.23,--,16,16490,卖盘
713,13:36:02,10.23,--,56,57288,卖盘
714,13:35:58,10.23,--,109,111507,买盘
715,13:35:53,10.23,0.01,42,42966,买盘
716,13:35:43,10.22,-0.01,588,600936,卖盘
717,13:35:32,10.23,--,19,19437,买盘
718,13:35:23,10.23,--,18,18414,买盘
719,13:35:08,10.23,--,25,26055,买盘
720,13:35:02,10.23,-0.01,1,1023,中性盘
721,13:34:58,10.24,0.01,110,112865,买盘
722,13:34:53,10.23,-0.01,10,10230,卖盘
723,13:34:47,10.24,--,121,123904,买盘
724,13:34:43,10.24,0.01,17,17408,买盘
725,13:34:37,10.23,--,29,29667,卖盘
726,13:34:32,10.23,-0.01,100,102300,卖盘
727,13:34:28,10.24,--,77,78848,买盘
728,13:34:22,10.24,0.01,6,6144,买盘
729,13:34:17,10.23,-0.01,8,8184,卖盘
730,13:34:13,10.24,--,18,18432,买盘
731,13:34:07,10.24,0.01,17,17408,买盘
732,13:34:02,10.23,--,217,221991,卖盘
733,13:33:52,10.23,--,39,39897,卖盘
734,13:33:47,10.23,-0.01,8,8869,卖盘
735,13:33:43,10.24,0.01,15,15360,买盘
736,13:33:37,10.23,-0.01,250,255750,卖盘
737,13:33:32,10.24,0.01,63,64512,买盘
738,13:33:27,10.23,-0.01,40,40920,卖盘
739,13:33:22,10.24,0.01,15,15360,买盘
740,13:33:17,10.23,--,178,182094,卖盘
741,13:33:13,10.23,-0.01,20,20460,卖盘
742,13:33:08,10.24,--,18,18432,买盘
743,13:33:02,10.24,--,18,18432,买盘
744,13:32:58,10.24,--,1,1024,买盘
745,13:32:47,10.24,--,17,17408,买盘
746,13:32:37,10.24,0.01,15,15360,买盘
747,13:32:32,10.23,-0.01,103,105369,卖盘
748,13:32:22,10.24,0.01,18,18432,买盘
749,13:32:17,10.23,-0.01,26,26598,卖盘
750,13:32:02,10.24,0.01,18,18432,买盘
751,13:31:58,10.23,--,15,15355,卖盘
752,13:31:52,10.23,-0.01,70,71610,卖盘
753,13:31:43,10.24,--,16,16384,买盘
754,13:31:37,10.24,--,23,23552,买盘
755,13:31:32,10.24,--,16,16384,买盘
756,13:31:17,10.24,--,17,17408,买盘
757,13:31:08,10.24,--,17,17408,买盘
758,13:31:02,10.24,--,56,57344,买盘
759,13:30:58,10.24,--,17,17408,买盘
760,13:30:52,10.24,--,9,9216,买盘
761,13:30:47,10.24,--,16,16384,买盘
762,13:30:38,10.24,--,18,18432,买盘
763,13:30:28,10.24,--,4,4096,买盘
764,13:30:23,10.24,--,21,21504,买盘
765,13:30:11,10.24,--,17,17408,买盘
766,13:30:02,10.24,0.01,67,68608,买盘
767,13:29:52,10.23,-0.01,77,79538,卖盘
768,13:29:41,10.24,--,18,18432,买盘
769,13:29:37,10.24,--,1,1024,买盘
770,13:29:32,10.24,--,16,16384,买盘
771,13:29:17,10.24,--,30,30720,买盘
772,13:29:11,10.24,--,204,208896,买盘
773,13:29:07,10.24,--,19,19456,买盘
774,13:29:02,10.24,--,56,57344,买盘
775,13:28:56,10.24,0.01,18,18432,买盘
776,13:28:52,10.23,--,1304,1334350,买盘
777,13:28:47,10.23,--,17,17391,买盘
778,13:28:41,10.23,0.01,3,3069,买盘
779,13:28:37,10.22,-0.01,1,1022,卖盘
780,13:28:32,10.23,--,15,15345,买盘
781,13:28:26,10.23,--,1,1023,买盘
782,13:28:22,10.23,0.01,18,18414,买盘
783,13:28:17,10.22,-0.01,13,13286,卖盘
784,13:28:11,10.23,--,17,17391,买盘
785,13:28:02,10.23,0.01,79,80817,买盘
786,13:27:52,10.22,--,73,74606,卖盘
787,13:27:41,10.22,-0.01,2,2044,卖盘
788,13:27:37,10.23,--,31,32664,买盘
789,13:27:32,10.23,--,431,440913,买盘
790,13:27:26,10.23,--,15,15345,买盘
791,13:27:22,10.23,--,2,2046,买盘
792,13:27:17,10.23,--,99,101277,买盘
793,13:27:07,10.23,--,16,16368,买盘
794,13:27:02,10.23,0.01,1,1023,买盘
795,13:26:56,10.22,-0.01,31,31682,卖盘
796,13:26:52,10.23,--,112,115353,买盘
797,13:26:47,10.23,--,16,16368,买盘
798,13:26:37,10.23,--,1,1023,买盘
799,13:26:31,10.23,--,30,30690,买盘
800,13:26:22,10.23,0.01,15,15345,买盘
801,13:26:16,10.22,--,9,9198,卖盘
802,13:26:11,10.22,-0.01,81,82782,卖盘
803,13:26:02,10.23,0.01,54,56019,买盘
804,13:25:56,10.22,-0.01,15,15330,卖盘
805,13:25:52,10.23,--,65,66495,买盘
806,13:25:46,10.23,--,48,49104,买盘
807,13:25:41,10.23,-0.01,35,35805,中性盘
808,13:25:37,10.24,--,49,50176,买盘
809,13:25:31,10.24,--,156,159744,买盘
810,13:25:26,10.24,--,40,40960,买盘
811,13:25:22,10.24,--,22,22528,买盘
812,13:25:16,10.24,--,17,17408,买盘
813,13:25:11,10.24,0.02,195,199680,买盘
814,13:25:07,10.22,-0.01,27,27594,卖盘
815,13:25:01,10.23,-0.01,4,4092,中性盘
816,13:24:56,10.24,0.02,20,20480,买盘
817,13:24:52,10.22,--,40,40880,卖盘
818,13:24:46,10.22,-0.02,53,54360,卖盘
819,13:24:41,10.24,0.01,45,46080,买盘
820,13:24:31,10.23,--,112,114893,卖盘
821,13:24:26,10.23,-0.01,216,221172,卖盘
822,13:24:21,10.24,0.01,18,18432,买盘
823,13:24:16,10.23,-0.01,100,102300,卖盘
824,13:24:11,10.24,0.01,45,46080,买盘
825,13:24:07,10.23,--,210,214830,卖盘
826,13:24:01,10.23,--,20,20460,卖盘
827,13:23:52,10.23,-0.01,430,439890,卖盘
828,13:23:46,10.24,--,17,17408,买盘
829,13:23:36,10.24,0.01,71,72704,买盘
830,13:23:31,10.23,-0.01,15,15345,卖盘
831,13:23:26,10.24,0.01,15,15360,买盘
832,13:23:16,10.23,--,21,21483,卖盘
833,13:23:11,10.23,-0.01,10,10230,卖盘
834,13:23:01,10.24,--,18,18432,买盘
835,13:22:56,10.24,0.01,17,17408,买盘
836,13:22:51,10.23,--,240,245520,卖盘
837,13:22:46,10.23,-0.01,23,23529,卖盘
838,13:22:41,10.24,0.01,32,33259,买盘
839,13:22:36,10.23,-0.01,1,1023,卖盘
840,13:22:31,10.24,0.01,19,19456,买盘
841,13:22:26,10.23,-0.01,270,276210,卖盘
842,13:22:21,10.24,--,19,19456,买盘
843,13:22:11,10.24,0.01,15,15360,买盘
844,13:22:05,10.23,-0.01,96,98494,卖盘
845,13:22:01,10.24,--,22,22528,买盘
846,13:21:56,10.24,0.01,105,107520,买盘
847,13:21:50,10.23,-0.01,55,56265,卖盘
848,13:21:46,10.24,--,15,15360,买盘
849,13:21:41,10.24,--,2,2048,买盘
850,13:21:35,10.24,--,18,18432,买盘
851,13:21:31,10.24,--,2,2048,买盘
852,13:21:26,10.24,--,16,16384,买盘
853,13:21:20,10.24,--,10,10240,买盘
854,13:21:16,10.24,--,16,16384,买盘
855,13:21:11,10.24,--,7,7168,买盘
856,13:21:04,10.24,--,3,3072,买盘
857,13:21:01,10.24,--,17,17408,买盘
858,13:20:56,10.24,0.01,366,374784,买盘
859,13:20:50,10.23,-0.01,25,25840,卖盘
860,13:20:46,10.24,--,1,1024,买盘
861,13:20:41,10.24,--,17,17408,买盘
862,13:20:31,10.24,--,16,16384,买盘
863,13:20:26,10.24,0.01,1,1024,买盘
864,13:20:16,10.23,-0.01,115,117931,卖盘
865,13:20:05,10.24,--,17,17408,买盘
866,13:20:01,10.24,--,8,8192,买盘
867,13:19:56,10.24,--,23,23552,买盘
868,13:19:50,10.24,--,17,17408,买盘
869,13:19:46,10.24,--,34,34816,买盘
870,13:19:41,10.24,0.01,42,43008,买盘
871,13:19:35,10.23,-0.01,1,1023,卖盘
872,13:19:31,10.24,--,22,22528,买盘
873,13:19:26,10.24,--,18,18432,买盘
874,13:19:19,10.24,0.01,1,1024,买盘
875,13:19:16,10.23,-0.01,56,57288,卖盘
876,13:19:11,10.24,--,16,16384,买盘
877,13:19:05,10.24,0.01,31,31744,买盘
878,13:19:01,10.23,-0.01,81,82863,卖盘
879,13:18:50,10.24,0.01,42,43008,买盘
880,13:18:46,10.23,-0.01,3,3069,卖盘
881,13:18:41,10.24,--,192,196608,买盘
882,13:18:31,10.24,--,0,0,买盘
883,13:18:25,10.24,--,16,16384,买盘
884,13:18:20,10.24,--,3,3072,买盘
885,13:18:16,10.24,--,46,47104,买盘
886,13:18:05,10.24,--,16,16384,买盘
887,13:17:55,10.24,0.01,32,33198,买盘
888,13:17:50,10.23,--,29,30321,卖盘
889,13:17:46,10.23,--,19,19437,卖盘
890,13:17:40,10.23,--,1029,1052667,卖盘
891,13:17:35,10.23,-0.01,223,228129,卖盘
892,13:17:30,10.24,0.01,10,10240,买盘
893,13:17:25,10.23,-0.01,200,204600,卖盘
894,13:17:20,10.24,0.01,7,7168,买盘
895,13:17:05,10.23,-0.01,200,204600,卖盘
896,13:16:55,10.24,0.01,2,2048,买盘
897,13:16:50,10.23,--,700,716100,卖盘
898,13:16:45,10.23,--,1,1023,卖盘
899,13:16:35,10.23,-0.01,18,18424,卖盘
900,13:16:20,10.24,0.01,7,7168,买盘
901,13:16:10,10.23,-0.01,18,18414,卖盘
902,13:16:04,10.24,0.01,23,23552,买盘
903,13:15:55,10.23,--,49,50127,卖盘
904,13:15:50,10.23,--,28,28644,卖盘
905,13:15:45,10.23,--,28,28644,卖盘
906,13:15:40,10.23,-0.01,92,94116,卖盘
907,13:15:35,10.24,--,1,1024,买盘
908,13:15:25,10.24,--,1,1024,买盘
909,13:15:20,10.24,--,25,25600,买盘
910,13:15:05,10.24,--,2,2048,买盘
911,13:14:55,10.24,--,1,1024,买盘
912,13:14:50,10.24,-0.01,88,90112,卖盘
913,13:14:45,10.25,0.01,8,8200,买盘
914,13:14:40,10.24,--,19,19456,卖盘
915,13:14:35,10.24,--,68,69632,买盘
916,13:14:25,10.24,--,60,61440,买盘
917,13:14:20,10.24,--,23,23552,买盘
918,13:14:10,10.24,--,17,17408,买盘
919,13:14:05,10.24,-0.01,91,93184,买盘
920,13:13:59,10.25,0.01,23,24477,买盘
921,13:13:55,10.24,-0.01,11,11264,卖盘
922,13:13:50,10.25,0.01,76,77900,买盘
923,13:13:44,10.24,--,500,512000,卖盘
924,13:13:40,10.24,--,26,26624,卖盘
925,13:13:35,10.24,--,2,2048,卖盘
926,13:13:29,10.24,-0.01,40,40960,卖盘
927,13:13:25,10.25,--,16,16400,买盘
928,13:13:20,10.25,--,7,7175,买盘
929,13:13:14,10.25,--,16,16400,买盘
930,13:13:05,10.25,--,272,278800,买盘
931,13:12:55,10.25,--,116,118900,买盘
932,13:12:40,10.25,--,15,15375,买盘
933,13:12:35,10.25,--,18,18450,买盘
934,13:12:20,10.25,--,25,25625,买盘
935,13:12:10,10.25,0.01,16,16400,买盘
936,13:12:05,10.24,-0.01,188,192512,卖盘
937,13:11:59,10.25,--,15,15375,买盘
938,13:11:55,10.25,0.01,41,42025,买盘
939,13:11:50,10.24,-0.01,31,32563,卖盘
940,13:11:35,10.25,0.01,18,18450,买盘
941,13:11:29,10.24,--,100,102400,卖盘
942,13:11:25,10.24,-0.01,180,184320,卖盘
943,13:11:20,10.25,--,60,61500,买盘
944,13:11:14,10.25,0.01,17,17425,买盘
945,13:11:10,10.24,--,22,22528,卖盘
946,13:11:05,10.24,--,57,58429,卖盘
947,13:10:59,10.24,--,29,29696,卖盘
948,13:10:54,10.24,--,217,222208,卖盘
949,13:10:50,10.24,-0.01,49,50176,卖盘
950,13:10:40,10.25,0.01,17,17425,买盘
951,13:10:35,10.24,-0.01,204,208896,卖盘
952,13:10:29,10.25,--,16,16400,买盘
953,13:10:19,10.25,0.01,85,87125,买盘
954,13:10:14,10.24,-0.01,28,28672,卖盘
955,13:10:10,10.25,0.01,38,38950,买盘
956,13:10:04,10.24,-0.01,1,1024,卖盘
957,13:09:59,10.25,--,1,1025,买盘
958,13:09:55,10.25,--,16,16400,买盘
959,13:09:49,10.25,0.01,16,16400,买盘
960,13:09:44,10.24,-0.01,492,503808,卖盘
961,13:09:34,10.25,--,37,37925,买盘
962,13:09:25,10.25,--,417,427425,买盘
963,13:09:19,10.25,--,7,7175,买盘
964,13:09:14,10.25,--,18,18450,买盘
965,13:09:04,10.25,0.01,17,17425,买盘
966,13:08:54,10.24,-0.01,50,51200,卖盘
967,13:08:49,10.25,0.01,31,32410,买盘
968,13:08:44,10.24,-0.01,49,50176,卖盘
969,13:08:34,10.25,--,1,1025,买盘
970,13:08:29,10.25,--,17,17425,买盘
971,13:08:19,10.25,--,59,61120,卖盘
972,13:08:14,10.25,--,30,30750,卖盘
973,13:08:09,10.25,--,27,27675,卖盘
974,13:08:04,10.25,--,105,107625,卖盘
975,13:07:59,10.25,--,180,184500,卖盘
976,13:07:54,10.25,--,561,575404,买盘
977,13:07:49,10.25,--,130,133250,买盘
978,13:07:44,10.25,--,17,17425,买盘
979,13:07:34,10.25,--,102,105195,卖盘
980,13:07:29,10.25,-0.01,100,102500,卖盘
981,13:07:24,10.26,0.01,36,36936,买盘
982,13:07:19,10.25,-0.01,118,120950,卖盘
983,13:07:14,10.26,0.01,15,15390,买盘
984,13:07:09,10.25,--,7,7677,卖盘
985,13:07:04,10.25,--,65,66625,卖盘
986,13:06:59,10.25,-0.01,302,309550,卖盘
987,13:06:49,10.26,--,225,230850,买盘
988,13:06:44,10.26,--,1,1026,买盘
989,13:06:39,10.26,0.01,15,15390,买盘
990,13:06:34,10.25,-0.01,56,57400,卖盘
991,13:06:29,10.26,0.01,16,16416,买盘
992,13:06:19,10.25,-0.01,37,37925,卖盘
993,13:06:14,10.26,0.01,6,6156,买盘
994,13:06:08,10.25,-0.01,35,36069,卖盘
995,13:06:04,10.26,--,125,128250,买盘
996,13:05:59,10.26,--,18,18468,买盘
997,13:05:53,10.26,0.01,1,1026,买盘
998,13:05:43,10.25,--,101,103525,卖盘
999,13:05:38,10.25,-0.01,56,57400,卖盘
1000,13:05:34,10.26,--,17,17442,买盘
1001,13:05:23,10.26,--,16,16416,买盘
1002,13:05:19,10.26,--,10,10260,买盘
1003,13:05:14,10.26,0.01,18,18468,买盘
1004,13:05:08,10.25,--,55,56375,卖盘
1005,13:05:04,10.25,-0.01,10,10250,卖盘
1006,13:04:58,10.26,--,17,17442,买盘
1007,13:04:48,10.26,0.01,21,21546,买盘
1008,13:04:44,10.25,-0.01,19,19475,卖盘
1009,13:04:38,10.26,0.01,17,17442,买盘
1010,13:04:34,10.25,--,2,2050,卖盘
1011,13:04:29,10.25,-0.01,31,31775,卖盘
1012,13:04:23,10.26,--,22,22572,买盘
1013,13:04:19,10.26,0.01,15,15390,买盘
1014,13:04:14,10.25,-0.01,30,30750,卖盘
1015,13:04:03,10.26,0.01,23,23598,买盘
1016,13:03:59,10.25,-0.01,28,28700,卖盘
1017,13:03:53,10.26,0.01,16,16416,买盘
1018,13:03:48,10.25,-0.01,200,205000,卖盘
1019,13:03:44,10.26,0.01,241,247266,买盘
1020,13:03:38,10.25,-0.01,131,134490,卖盘
1021,13:03:33,10.26,--,36,36936,买盘
1022,13:03:19,10.26,--,16,16416,买盘
1023,13:03:14,10.26,0.01,177,181602,买盘
1024,13:03:04,10.25,-0.01,18,18450,卖盘
1025,13:02:59,10.26,--,66,67716,买盘
1026,13:02:49,10.26,0.01,17,17442,买盘
1027,13:02:44,10.25,-0.01,103,105575,卖盘
1028,13:02:34,10.26,0.01,34,34884,买盘
1029,13:02:28,10.25,-0.01,59,61213,卖盘
1030,13:02:19,10.26,--,47,48222,买盘
1031,13:02:13,10.26,0.01,53,54378,买盘
1032,13:02:07,10.25,--,88,90200,卖盘
1033,13:02:03,10.25,-0.01,97,99425,卖盘
1034,13:01:58,10.26,-0.01,20,20520,中性盘
1035,13:01:53,10.27,0.01,18,18486,买盘
1036,13:01:49,10.26,0.01,134,137504,中性盘
1037,13:01:43,10.25,--,97,99425,卖盘
1038,13:01:33,10.25,-0.01,51,52275,卖盘
1039,13:01:28,10.26,--,11,11286,买盘
1040,13:01:23,10.26,--,15,15390,买盘
1041,13:01:08,10.26,--,18,18468,买盘
1042,13:00:58,10.26,--,18,18468,买盘
1043,13:00:48,10.26,0.01,17,17442,买盘
1044,13:00:38,10.25,--,45,46391,卖盘
1045,13:00:28,10.25,--,33,34645,卖盘
1046,13:00:23,10.25,-0.01,4,4100,卖盘
1047,13:00:18,10.26,--,100,102600,买盘
1048,13:00:13,10.26,--,77,79822,卖盘
1049,13:00:08,10.26,--,1065,1092895,卖盘
1050,13:00:03,10.26,--,32,33037,卖盘
1051,11:30:00,10.26,--,0,0,卖盘
1052,11:30:00,10.26,--,0,0,卖盘
1053,11:29:59,10.26,-0.01,5,5130,卖盘
1054,11:29:54,10.27,--,19,19513,买盘
1055,11:29:44,10.27,--,20,20540,买盘
1056,11:29:39,10.27,--,16,16432,买盘
1057,11:29:29,10.27,--,18,18486,买盘
1058,11:29:19,10.27,--,18,18486,买盘
1059,11:29:09,10.27,0.01,100,103182,买盘
1060,11:28:59,10.26,--,152,155952,买盘
1061,11:28:54,10.26,0.01,29,29754,买盘
1062,11:28:49,10.25,-0.01,16,16830,卖盘
1063,11:28:44,10.26,--,18,18468,买盘
1064,11:28:39,10.26,--,65,66690,买盘
1065,11:28:34,10.26,--,18,18468,买盘
1066,11:28:29,10.26,--,14,14364,买盘
1067,11:28:24,10.26,--,254,260604,买盘
1068,11:28:14,10.26,--,231,237006,买盘
1069,11:27:59,10.26,--,17,17442,买盘
1070,11:27:54,10.26,--,16,16416,买盘
1071,11:27:49,10.26,--,6,6156,买盘
1072,11:27:44,10.26,--,257,263682,买盘
1073,11:27:38,10.26,--,16,16416,买盘
1074,11:27:34,10.26,--,60,61560,买盘
1075,11:27:29,10.26,--,15,15390,买盘
1076,11:27:19,10.26,--,17,17442,买盘
1077,11:27:09,10.26,--,17,17442,买盘
1078,11:27:03,10.26,--,55,56430,买盘
1079,11:26:59,10.26,--,22,22572,买盘
1080,11:26:44,10.26,0.01,76,78273,买盘
1081,11:26:33,10.25,--,19,19475,卖盘
1082,11:26:29,10.25,-0.01,2,2050,卖盘
1083,11:26:24,10.26,--,26,26676,买盘
1084,11:26:18,10.26,0.01,20,20520,买盘
1085,11:26:13,10.25,-0.01,64,65600,卖盘
1086,11:25:59,10.26,--,17,17442,买盘
1087,11:25:48,10.26,--,38,38988,买盘
1088,11:25:39,10.26,0.01,146,150791,买盘
1089,11:25:33,10.25,--,3,3075,卖盘
1090,11:25:28,10.25,-0.01,415,425375,卖盘
1091,11:25:23,10.26,--,62,63612,买盘
1092,11:25:14,10.26,--,38,38988,买盘
1093,11:25:08,10.26,--,174,178524,买盘
1094,11:24:53,10.26,--,17,17442,买盘
1095,11:24:44,10.26,0.01,17,17442,买盘
1096,11:24:38,10.25,-0.01,6,6150,卖盘
1097,11:24:33,10.26,--,19,19494,买盘
1098,11:24:28,10.26,--,10,10260,买盘
1099,11:24:23,10.26,0.01,131,134406,买盘
1100,11:24:13,10.25,-0.01,15,15375,卖盘
1101,11:24:08,10.26,--,44,45144,买盘
1102,11:24:03,10.26,--,18,18468,买盘
1103,11:23:47,10.26,0.01,64,66064,买盘
1104,11:23:38,10.25,--,48,49200,卖盘
1105,11:23:33,10.25,--,56,57400,卖盘
1106,11:23:28,10.25,-0.01,235,241654,卖盘
1107,11:23:17,10.26,--,37,37962,买盘
1108,11:23:13,10.26,--,5,5130,买盘
1109,11:23:07,10.26,0.01,36,36936,买盘
1110,11:23:02,10.25,--,16,16400,卖盘
1111,11:22:58,10.25,-0.01,7,7175,卖盘
1112,11:22:53,10.26,0.01,1072,1099872,买盘
1113,11:22:48,10.25,-0.01,28,28700,卖盘
1114,11:22:43,10.26,0.01,16,16416,买盘
1115,11:22:38,10.25,-0.01,113,115825,卖盘
1116,11:22:33,10.26,0.01,28,28933,买盘
1117,11:22:28,10.25,-0.01,113,115825,卖盘
1118,11:22:23,10.26,--,15,15390,买盘
1119,11:22:18,10.26,--,1,1026,买盘
1120,11:22:08,10.26,--,29,29754,买盘
1121,11:22:03,10.26,0.01,156,160056,买盘
1122,11:21:58,10.25,--,36,37269,卖盘
1123,11:21:48,10.25,--,25,25625,卖盘
1124,11:21:38,10.25,--,23,23575,卖盘
1125,11:21:28,10.25,-0.01,4,4100,卖盘
1126,11:21:23,10.26,--,187,192857,买盘
1127,11:21:18,10.26,0.01,39,40014,买盘
1128,11:21:08,10.25,-0.01,57,58425,卖盘
1129,11:21:03,10.26,--,47,48222,买盘
1130,11:20:53,10.26,--,117,120042,买盘
1131,11:20:41,10.26,--,18,18468,买盘
1132,11:20:38,10.26,--,4,4104,买盘
1133,11:20:33,10.26,0.01,32,32832,买盘
1134,11:20:23,10.25,-0.01,27,27675,卖盘
1135,11:20:08,10.26,--,326,334476,买盘
1136,11:19:56,10.26,--,15,15390,买盘
1137,11:19:53,10.26,--,13,13338,买盘
1138,11:19:48,10.26,0.01,26,26676,买盘
1139,11:19:38,10.25,--,47,48175,卖盘
1140,11:19:33,10.25,-0.01,176,180728,卖盘
1141,11:19:27,10.26,--,196,201096,买盘
1142,11:19:23,10.26,--,17,17442,买盘
1143,11:19:17,10.26,--,18,18468,买盘
1144,11:19:12,10.26,--,29,29754,买盘
1145,11:19:08,10.26,0.01,67,68742,买盘
1146,11:19:03,10.25,--,157,160925,卖盘
1147,11:18:57,10.25,--,21,21525,卖盘
1148,11:18:53,10.25,--,117,119925,卖盘
1149,11:18:48,10.25,-0.01,33,33825,卖盘
1150,11:18:37,10.26,--,17,17442,买盘
1151,11:18:33,10.26,--,48,49248,买盘
1152,11:18:23,10.26,--,17,17442,买盘
1153,11:18:18,10.26,0.01,268,275768,买盘
1154,11:18:11,10.25,--,16,16400,买盘
1155,11:18:08,10.25,0.01,399,408975,买盘
1156,11:18:03,10.24,-0.01,29,29890,卖盘
1157,11:17:57,10.25,--,1017,1042425,买盘
1158,11:17:47,10.25,--,34,34850,买盘
1159,11:17:38,10.25,0.01,31,31775,买盘
1160,11:17:32,10.24,-0.01,7,7168,卖盘
1161,11:17:26,10.25,--,17,17425,买盘
1162,11:17:22,10.25,--,15,15375,买盘
1163,11:17:17,10.25,--,21,21525,买盘
1164,11:17:12,10.25,--,17,17425,买盘
1165,11:17:07,10.25,--,16,16400,买盘
1166,11:17:02,10.25,0.01,18,18450,买盘
1167,11:16:57,10.24,--,254,260372,卖盘
1168,11:16:46,10.24,-0.01,35,35840,卖盘
1169,11:16:32,10.25,--,17,17425,买盘
1170,11:16:26,10.25,--,16,16400,买盘
1171,11:16:22,10.25,--,29,29725,买盘
1172,11:16:17,10.25,--,30,30750,买盘
1173,11:16:11,10.25,0.01,17,17425,买盘
1174,11:16:07,10.24,--,1,1024,卖盘
1175,11:16:02,10.24,-0.01,35,36341,卖盘
1176,11:15:47,10.25,--,19,19475,买盘
1177,11:15:41,10.25,--,67,68675,买盘
1178,11:15:32,10.25,--,100,102500,买盘
1179,11:15:27,10.25,--,19,19475,买盘
1180,11:15:17,10.25,0.01,40,41000,买盘
1181,11:15:11,10.24,-0.01,4,4096,卖盘
1182,11:15:07,10.25,--,249,255337,买盘
1183,11:15:02,10.25,--,35,35875,买盘
1184,11:14:57,10.25,--,15,15375,买盘
1185,11:14:42,10.25,--,23,23575,买盘
1186,11:14:32,10.25,--,18,18450,买盘
1187,11:14:27,10.25,--,1,1025,买盘
1188,11:14:22,10.25,--,17,17425,买盘
1189,11:14:11,10.25,0.01,16,16400,买盘
1190,11:14:02,10.24,-0.01,28,28672,卖盘
1191,11:13:56,10.25,0.01,1,1025,买盘
1192,11:13:50,10.24,--,4,4096,卖盘
1193,11:13:47,10.24,-0.01,51,52224,卖盘
1194,11:13:42,10.25,--,205,210125,买盘
1195,11:13:36,10.25,--,17,17425,买盘
1196,11:13:27,10.25,--,17,17425,买盘
1197,11:13:16,10.25,0.01,19,19475,买盘
1198,11:13:11,10.24,-0.01,32,32768,卖盘
1199,11:13:02,10.25,0.01,48,49200,买盘
1200,11:12:56,10.24,-0.01,128,131194,卖盘
1201,11:12:50,10.25,--,17,17425,买盘
1202,11:12:46,10.25,--,1,1025,买盘
1203,11:12:41,10.25,--,21,21525,买盘
1204,11:12:35,10.25,--,5,5125,买盘
1205,11:12:31,10.25,--,45,46125,买盘
1206,11:12:16,10.25,0.01,191,195775,买盘
1207,11:12:11,10.24,--,27,27648,卖盘
1208,11:12:05,10.24,-0.01,1,1024,卖盘
1209,11:11:56,10.25,--,17,17425,买盘
1210,11:11:47,10.25,0.01,17,17425,买盘
1211,11:11:42,10.24,--,2,2048,卖盘
1212,11:11:36,10.24,--,31,32317,卖盘
1213,11:11:31,10.24,-0.01,73,74752,卖盘
1214,11:11:26,10.25,0.01,15,15375,买盘
1215,11:11:16,10.24,--,34,34816,卖盘
1216,11:11:12,10.24,--,28,28672,卖盘
1217,11:11:05,10.24,-0.01,10,10240,卖盘
1218,11:11:02,10.25,0.01,16,16400,买盘
1219,11:10:56,10.24,-0.01,10,10240,卖盘
1220,11:10:51,10.25,0.01,38,38950,买盘
1221,11:10:46,10.24,--,38,38912,卖盘
1222,11:10:41,10.24,-0.01,49,50176,卖盘
1223,11:10:31,10.25,--,18,18450,买盘
1224,11:10:25,10.25,0.01,1,1025,买盘
1225,11:10:20,10.24,--,20,20480,卖盘
1226,11:10:16,10.24,-0.01,92,94208,卖盘
1227,11:10:06,10.25,--,131,135002,买盘
1228,11:09:55,10.25,0.01,75,76875,买盘
1229,11:09:46,10.24,-0.01,26,26818,卖盘
1230,11:09:35,10.25,--,20,20500,买盘
1231,11:09:26,10.25,0.01,20,20500,买盘
1232,11:09:21,10.24,-0.01,122,124928,卖盘
1233,11:09:16,10.25,--,10,10250,买盘
1234,11:09:11,10.25,0.01,17,17425,买盘
1235,11:09:06,10.24,-0.01,11,11264,卖盘
1236,11:09:01,10.25,0.01,16,16400,买盘
1237,11:08:50,10.24,--,50,51200,卖盘
1238,11:08:40,10.24,--,37,37888,卖盘
1239,11:08:35,10.24,-0.01,211,216064,卖盘
1240,11:08:26,10.25,--,18,18450,买盘
1241,11:08:20,10.25,--,302,309550,买盘
1242,11:08:16,10.25,0.01,16,16400,买盘
1243,11:08:10,10.24,-0.01,1000,1024000,卖盘
1244,11:08:05,10.25,--,18,18450,买盘
1245,11:07:56,10.25,0.01,22,22550,买盘
1246,11:07:50,10.24,-0.01,3,3072,卖盘
1247,11:07:45,10.25,0.01,27,27675,买盘
1248,11:07:40,10.24,-0.01,13,13813,卖盘
1249,11:07:35,10.25,0.01,129,132225,买盘
1250,11:07:31,10.24,-0.01,4,4096,卖盘
1251,11:07:20,10.25,--,133,137052,买盘
1252,11:07:10,10.25,0.01,18,18450,买盘
1253,11:07:00,10.24,--,544,557056,卖盘
1254,11:06:51,10.24,-0.01,3,3072,卖盘
1255,11:06:41,10.25,--,2,2050,买盘
1256,11:06:35,10.25,--,10,10250,买盘
1257,11:06:29,10.25,0.01,9,9225,买盘
1258,11:06:25,10.24,--,210,215654,卖盘
1259,11:06:20,10.24,--,1,1024,卖盘
1260,11:06:06,10.24,-0.01,22,22528,卖盘
1261,11:05:56,10.25,0.01,27,27675,买盘
1262,11:05:50,10.24,--,62,63488,卖盘
1263,11:05:40,10.24,-0.01,20,20480,卖盘
1264,11:05:35,10.25,--,10,10250,买盘
1265,11:05:29,10.25,0.01,18,18450,买盘
1266,11:05:25,10.24,-0.01,36,36864,卖盘
1267,11:05:20,10.25,--,95,97375,买盘
1268,11:05:14,10.25,0.01,100,102500,买盘
1269,11:05:10,10.24,--,21,21504,卖盘
1270,11:05:05,10.24,--,8,9052,卖盘
1271,11:04:59,10.24,-0.01,29,29696,卖盘
1272,11:04:55,10.25,--,22,22550,买盘
1273,11:04:50,10.25,0.01,22,22550,买盘
1274,11:04:44,10.24,-0.01,1,1904,卖盘
1275,11:04:35,10.25,--,15,15375,买盘
1276,11:04:25,10.25,--,16,16400,买盘
1277,11:04:20,10.25,0.01,10,10250,买盘
1278,11:04:14,10.24,-0.01,184,189429,卖盘
1279,11:04:05,10.25,--,17,17425,买盘
1280,11:03:59,10.25,0.01,19,19475,买盘
1281,11:03:55,10.24,-0.01,3,3072,卖盘
1282,11:03:49,10.25,0.01,16,16400,买盘
1283,11:03:44,10.24,-0.01,10,10240,卖盘
1284,11:03:40,10.25,0.01,31,31775,买盘
1285,11:03:35,10.24,--,615,630169,买盘
1286,11:03:29,10.24,--,37,37888,买盘
1287,11:03:20,10.24,--,16,16384,买盘
1288,11:03:14,10.24,--,1,1024,买盘
1289,11:03:10,10.24,0.01,23,23552,买盘
1290,11:03:05,10.23,-0.01,4,4092,卖盘
1291,11:02:59,10.24,--,232,238428,买盘
1292,11:02:55,10.24,--,4,4536,卖盘
1293,11:02:49,10.24,-0.01,510,522240,卖盘
1294,11:02:44,10.25,0.01,118,120950,买盘
1295,11:02:40,10.24,-0.01,20,20480,卖盘
1296,11:02:34,10.25,0.01,1042,1068634,买盘
1297,11:02:29,10.24,0.01,19,19456,买盘
1298,11:02:25,10.23,-0.01,37,37851,卖盘
1299,11:02:20,10.24,--,31,31744,买盘
1300,11:02:14,10.24,0.01,19,19456,买盘
1301,11:02:10,10.23,-0.01,20,20460,卖盘
1302,11:02:05,10.24,0.01,16,16384,买盘
1303,11:01:59,10.23,-0.01,212,216876,卖盘
1304,11:01:49,10.24,0.01,30,30720,买盘
1305,11:01:44,10.23,-0.01,68,70044,卖盘
1306,11:01:40,10.24,--,436,446464,买盘
1307,11:01:29,10.24,--,132,135311,买盘
1308,11:01:20,10.24,0.01,18,18432,买盘
1309,11:01:09,10.23,--,31,31713,卖盘
1310,11:01:05,10.23,--,4,4092,卖盘
1311,11:00:59,10.23,--,17,18332,卖盘
1312,11:00:50,10.23,--,5,5115,卖盘
1313,11:00:44,10.23,--,122,124806,卖盘
1314,11:00:34,10.23,--,58,59334,卖盘
1315,11:00:25,10.23,--,106,108438,卖盘
1316,11:00:19,10.23,-0.01,18,18414,卖盘
1317,11:00:14,10.24,0.01,19,19456,买盘
1318,11:00:04,10.23,-0.01,4,4092,卖盘
1319,10:59:59,10.24,--,144,148398,卖盘
1320,10:59:53,10.24,--,14,14336,卖盘
1321,10:59:49,10.24,--,433,443392,卖盘
1322,10:59:44,10.24,--,657,672768,卖盘
1323,10:59:38,10.24,--,457,467968,卖盘
1324,10:59:34,10.24,--,457,467968,卖盘
1325,10:59:29,10.24,--,34,34816,卖盘
1326,10:59:19,10.24,-0.01,149,152719,卖盘
1327,10:59:14,10.25,--,5,5125,买盘
1328,10:59:04,10.25,0.01,18,18450,买盘
1329,10:58:59,10.24,-0.01,23,23552,卖盘
1330,10:58:53,10.25,0.01,17,17425,买盘
1331,10:58:49,10.24,--,95,97280,卖盘
1332,10:58:44,10.24,--,37,38103,卖盘
1333,10:58:34,10.24,--,59,60416,卖盘
1334,10:58:29,10.24,--,34,34816,卖盘
1335,10:58:23,10.24,-0.01,19,19456,卖盘
1336,10:58:19,10.25,0.01,87,89175,买盘
1337,10:58:14,10.24,--,25,25600,卖盘
1338,10:58:08,10.24,--,120,123811,卖盘
1339,10:58:04,10.24,--,7,7168,卖盘
1340,10:57:59,10.24,-0.01,30,31508,卖盘
1341,10:57:49,10.25,--,16,16400,买盘
1342,10:57:44,10.25,--,113,115825,买盘
1343,10:57:38,10.25,0.01,17,17425,买盘
1344,10:57:34,10.24,-0.01,412,421888,卖盘
1345,10:57:29,10.25,0.01,15,15375,买盘
1346,10:57:23,10.24,-0.01,98,100352,卖盘
1347,10:57:14,10.25,0.01,18,18450,买盘
1348,10:57:04,10.24,0.01,498,510003,买盘
1349,10:56:58,10.23,-0.01,10,10230,卖盘
1350,10:56:53,10.24,0.01,66,67584,买盘
1351,10:56:49,10.23,-0.01,310,317130,卖盘
1352,10:56:43,10.24,0.01,1226,1255424,买盘
1353,10:56:38,10.23,-0.01,109,111507,卖盘
1354,10:56:34,10.24,--,17,17408,买盘
1355,10:56:28,10.24,--,6,6144,买盘
1356,10:56:23,10.24,0.01,16,16384,买盘
1357,10:56:19,10.23,-0.01,10,10230,卖盘
1358,10:56:08,10.24,0.01,108,110592,买盘
1359,10:56:04,10.23,-0.01,10,10230,卖盘
1360,10:55:58,10.24,--,188,192512,买盘
1361,10:55:49,10.24,--,16,16384,买盘
1362,10:55:43,10.24,--,2,2048,买盘
1363,10:55:38,10.24,0.01,17,17408,买盘
1364,10:55:34,10.23,-0.01,1,1023,卖盘
1365,10:55:28,10.24,0.01,32,32768,买盘
1366,10:55:19,10.23,-0.01,4,4092,卖盘
1367,10:55:14,10.24,--,47,48128,买盘
1368,10:55:08,10.24,--,30,30720,买盘
1369,10:55:03,10.24,--,18,18432,买盘
1370,10:54:53,10.24,--,17,17408,买盘
1371,10:54:43,10.24,0.01,16,16384,买盘
1372,10:54:38,10.23,-0.01,14,15252,卖盘
1373,10:54:28,10.24,0.01,46,47104,买盘
1374,10:54:23,10.23,--,218,223014,卖盘
1375,10:54:19,10.23,--,179,183526,买盘
1376,10:54:08,10.23,--,243,249202,卖盘
1377,10:53:58,10.23,--,74,75702,卖盘
1378,10:53:53,10.23,--,310,317130,卖盘
1379,10:53:49,10.23,--,68,69564,卖盘
1380,10:53:38,10.23,--,1069,1094303,卖盘
1381,10:53:28,10.23,-0.01,29,29667,卖盘
1382,10:53:22,10.24,0.01,18,18432,买盘
1383,10:53:18,10.23,-0.01,15,15345,卖盘
1384,10:53:13,10.24,0.01,34,34816,买盘
1385,10:53:08,10.23,-0.01,14,14322,卖盘
1386,10:53:02,10.24,0.01,17,17408,买盘
1387,10:52:59,10.23,-0.01,88,90637,卖盘
1388,10:52:53,10.24,0.01,18,18432,买盘
1389,10:52:43,10.23,--,23,23733,卖盘
1390,10:52:38,10.23,-0.01,12,12276,卖盘
1391,10:52:28,10.24,--,17,17408,买盘
1392,10:52:17,10.24,--,18,18432,买盘
1393,10:52:08,10.24,--,32,32768,买盘
1394,10:51:58,10.24,0.01,18,18432,买盘
1395,10:51:53,10.23,-0.01,20,20460,卖盘
1396,10:51:43,10.24,--,18,18432,买盘
1397,10:51:38,10.24,0.01,49,50176,买盘
1398,10:51:32,10.23,--,20,20460,卖盘
1399,10:51:28,10.23,--,19,19437,卖盘
1400,10:51:17,10.23,--,4,4092,卖盘
1401,10:51:13,10.23,-0.01,5,5115,卖盘
1402,10:51:08,10.24,0.01,13,13312,买盘
1403,10:50:43,10.23,--,13,13299,卖盘
1404,10:50:38,10.23,-0.01,13,14281,卖盘
1405,10:50:32,10.24,0.01,1,1024,买盘
1406,10:50:28,10.23,--,46,47058,卖盘
1407,10:50:23,10.23,-0.01,133,136672,卖盘
1408,10:50:13,10.24,0.01,157,160768,买盘
1409,10:50:08,10.23,-0.01,54,55242,卖盘
1410,10:50:02,10.24,--,5,5120,买盘
1411,10:49:53,10.24,--,21,21504,买盘
1412,10:49:43,10.24,0.01,116,118784,买盘
1413,10:49:28,10.23,-0.01,12,12715,卖盘
1414,10:49:17,10.24,0.01,100,102400,买盘
1415,10:49:13,10.23,--,24,24552,卖盘
1416,10:49:07,10.23,--,12,12276,卖盘
1417,10:49:02,10.23,--,136,140058,卖盘
1418,10:48:58,10.23,--,49,50127,卖盘
1419,10:48:52,10.23,0.01,36,36828,中性盘
1420,10:48:47,10.22,--,66,67452,卖盘
1421,10:48:42,10.22,--,6,6418,卖盘
1422,10:48:32,10.22,-0.01,1492,1525559,卖盘
1423,10:48:27,10.23,--,7,7161,卖盘
1424,10:48:17,10.23,--,76,77748,卖盘
1425,10:48:07,10.23,--,82,83886,卖盘
1426,10:48:02,10.23,--,4,4092,卖盘
1427,10:47:58,10.23,--,4,4092,卖盘
1428,10:47:52,10.23,--,495,506671,买盘
1429,10:47:47,10.23,0.01,1,1023,买盘
1430,10:47:37,10.22,--,14,14308,卖盘
1431,10:47:32,10.22,-0.01,3,3066,卖盘
1432,10:47:26,10.23,--,1534,1570274,卖盘
1433,10:47:22,10.23,--,46,47058,卖盘
1434,10:47:17,10.23,-0.01,120,122760,卖盘
1435,10:47:07,10.24,0.01,77,78848,买盘
1436,10:47:02,10.23,--,298,304854,卖盘
1437,10:46:57,10.23,--,5,5115,卖盘
1438,10:46:52,10.23,-0.01,43,43989,卖盘
1439,10:46:47,10.24,0.01,112,114688,买盘
1440,10:46:43,10.23,--,100,102300,卖盘
1441,10:46:37,10.23,--,29,29667,卖盘
1442,10:46:22,10.23,--,196,200508,卖盘
1443,10:46:12,10.23,--,20,20460,卖盘
1444,10:46:07,10.23,--,34,34782,卖盘
1445,10:46:02,10.23,-0.01,43,43989,卖盘
1446,10:45:56,10.24,0.01,78,79872,买盘
1447,10:45:52,10.23,--,30,30690,卖盘
1448,10:45:47,10.23,-0.01,61,62403,卖盘
1449,10:45:41,10.24,0.01,102,104448,买盘
1450,10:45:37,10.23,-0.01,32,32736,卖盘
1451,10:45:32,10.24,--,147,150528,买盘
1452,10:45:25,10.24,0.01,94,96256,买盘
1453,10:45:22,10.23,--,7,7672,卖盘
1454,10:45:16,10.23,--,20,20460,卖盘
1455,10:45:11,10.23,--,6,6138,卖盘
1456,10:45:07,10.23,-0.01,27,27621,卖盘
1457,10:45:02,10.24,0.01,112,114688,买盘
1458,10:44:56,10.23,-0.01,5,5319,卖盘
1459,10:44:52,10.24,--,33,33792,买盘
1460,10:44:47,10.24,0.01,50,51200,买盘
1461,10:44:37,10.23,--,3,3069,卖盘
1462,10:44:32,10.23,--,70,71610,卖盘
1463,10:44:22,10.23,--,35,35989,卖盘
1464,10:44:11,10.23,--,20,20460,卖盘
1465,10:44:07,10.23,-0.01,38,38874,卖盘
1466,10:44:02,10.24,--,270,276480,买盘
1467,10:43:56,10.24,--,194,198656,买盘
1468,10:43:52,10.24,0.01,117,119808,买盘
1469,10:43:47,10.23,-0.01,4,4092,卖盘
1470,10:43:41,10.24,0.01,2,2048,买盘
1471,10:43:37,10.23,--,20,20460,卖盘
1472,10:43:32,10.23,--,92,94116,卖盘
1473,10:43:22,10.23,--,22,22506,卖盘
1474,10:43:17,10.23,0.01,148,151557,买盘
1475,10:43:07,10.22,-0.01,2041,2085902,卖盘
1476,10:42:56,10.23,--,30,30690,买盘
1477,10:42:52,10.23,0.01,200,204600,买盘
1478,10:42:47,10.22,-0.01,2351,2402773,卖盘
1479,10:42:31,10.23,--,63,64449,卖盘
1480,10:42:26,10.23,--,20,20460,卖盘
1481,10:42:22,10.23,0.01,1122,1148777,买盘
1482,10:42:07,10.22,--,27,27594,卖盘
1483,10:42:01,10.22,-0.01,30,30660,卖盘
1484,10:41:56,10.23,0.01,10,10230,买盘
1485,10:41:46,10.22,-0.01,103,105266,卖盘
1486,10:41:41,10.23,0.01,62,63630,买盘
1487,10:41:31,10.22,-0.01,20,20440,卖盘
1488,10:41:26,10.23,--,259,264957,买盘
1489,10:41:16,10.23,0.01,11,12173,买盘
1490,10:41:11,10.22,-0.01,24,24528,卖盘
1491,10:41:07,10.23,--,30,30690,买盘
1492,10:41:01,10.23,--,86,87978,买盘
1493,10:40:56,10.23,0.01,11,11253,买盘
1494,10:40:46,10.22,-0.01,40,40880,卖盘
1495,10:40:41,10.23,--,161,164703,买盘
1496,10:40:36,10.23,--,74,75702,买盘
1497,10:40:31,10.23,--,17,17391,买盘
1498,10:40:26,10.23,--,13,13299,买盘
1499,10:40:16,10.23,--,173,176979,买盘
1500,10:40:11,10.23,--,11,11253,买盘
1501,10:40:06,10.23,--,34,34782,买盘
1502,10:40:01,10.23,--,176,180048,买盘
1503,10:39:56,10.23,--,28,28644,买盘
1504,10:39:51,10.23,0.01,10,10230,买盘
1505,10:39:46,10.22,--,681,696176,卖盘
1506,10:39:41,10.22,-0.01,15,15330,卖盘
1507,10:39:36,10.23,--,95,97185,买盘
1508,10:39:31,10.23,--,74,75702,买盘
1509,10:39:26,10.23,--,14,14322,买盘
1510,10:39:16,10.23,--,9,9207,买盘
1511,10:39:06,10.23,--,13,13299,买盘
1512,10:38:56,10.23,--,11,11253,买盘
1513,10:38:51,10.23,0.01,182,186186,买盘
1514,10:38:46,10.22,-0.01,25,25550,卖盘
1515,10:38:41,10.23,--,2,2046,买盘
1516,10:38:31,10.23,0.01,25,26372,买盘
1517,10:38:26,10.22,-0.01,5,5110,卖盘
1518,10:38:20,10.23,--,10,10230,买盘
1519,10:38:16,10.23,--,47,48081,买盘
1520,10:38:11,10.23,0.01,39,39897,买盘
1521,10:38:01,10.22,-0.01,29,29638,卖盘
1522,10:37:56,10.23,--,197,201531,买盘
1523,10:37:46,10.23,--,11,11253,买盘
1524,10:37:41,10.23,0.01,60,61380,买盘
1525,10:37:31,10.22,-0.01,20,20440,卖盘
1526,10:37:26,10.23,--,11,11253,买盘
1527,10:37:20,10.23,--,12,12276,买盘
1528,10:37:16,10.23,0.01,14,14322,买盘
1529,10:37:11,10.22,--,90,91980,卖盘
1530,10:37:05,10.22,-0.01,20,20440,卖盘
1531,10:37:01,10.23,--,504,515592,买盘
1532,10:36:56,10.23,--,10,10230,买盘
1533,10:36:46,10.23,--,3,3069,买盘
1534,10:36:41,10.23,0.01,19,20071,买盘
1535,10:36:31,10.22,-0.01,13,13286,卖盘
1536,10:36:26,10.23,--,132,135036,买盘
1537,10:36:20,10.23,--,10,10230,买盘
1538,10:36:11,10.23,--,45,46035,买盘
1539,10:36:05,10.23,0.01,13,13299,买盘
1540,10:36:01,10.22,--,35,35770,卖盘
1541,10:35:50,10.22,-0.01,12,12264,卖盘
1542,10:35:46,10.23,0.01,61,62403,买盘
1543,10:35:41,10.22,-0.01,12,12264,卖盘
1544,10:35:35,10.23,--,14,14322,买盘
1545,10:35:31,10.23,--,10,10230,买盘
1546,10:35:26,10.23,--,142,145266,买盘
1547,10:35:16,10.23,0.01,10,10230,买盘
1548,10:35:11,10.22,-0.01,20,20440,卖盘
1549,10:35:01,10.23,0.01,41,41943,买盘
1550,10:34:56,10.22,--,31,31682,卖盘
1551,10:34:46,10.22,-0.01,127,129794,卖盘
1552,10:34:40,10.23,--,11,11253,买盘
1553,10:34:31,10.23,--,11,11253,买盘
1554,10:34:25,10.23,--,2,2046,买盘
1555,10:34:20,10.23,0.01,11,11253,买盘
1556,10:34:10,10.22,-0.01,26,26633,卖盘
1557,10:33:55,10.23,--,13,13299,买盘
1558,10:33:50,10.23,--,10,10230,买盘
1559,10:33:35,10.23,0.01,11,11253,买盘
1560,10:33:25,10.22,--,14,14308,卖盘
1561,10:33:20,10.22,-0.01,39,39858,卖盘
1562,10:33:15,10.23,0.01,10,10230,买盘
1563,10:33:10,10.22,--,8,8349,卖盘
1564,10:33:05,10.22,--,12,12264,卖盘
1565,10:32:55,10.22,-0.01,22,22484,卖盘
1566,10:32:50,10.23,--,282,288486,买盘
1567,10:32:45,10.23,--,60,61380,买盘
1568,10:32:40,10.23,--,11,11253,买盘
1569,10:32:30,10.23,--,11,11253,买盘
1570,10:32:20,10.23,0.01,49,50127,买盘
1571,10:32:15,10.22,-0.01,31,31682,卖盘
1572,10:32:10,10.23,--,11,11253,买盘
1573,10:32:00,10.23,--,1,1023,买盘
1574,10:31:55,10.23,--,11,11253,买盘
1575,10:31:45,10.23,--,11,11253,买盘
1576,10:31:40,10.23,--,7,7161,买盘
1577,10:31:35,10.23,0.01,79,80817,买盘
1578,10:31:25,10.22,-0.01,30,30660,卖盘
1579,10:31:20,10.23,--,129,131967,买盘
1580,10:31:10,10.23,--,11,11253,买盘
1581,10:31:04,10.23,0.01,16,16368,买盘
1582,10:31:00,10.22,--,18,18396,卖盘
1583,10:30:55,10.22,--,27,27594,卖盘
1584,10:30:50,10.22,--,37,37814,卖盘
1585,10:30:45,10.22,--,150,153300,卖盘
1586,10:30:40,10.22,-0.01,119,121618,卖盘
1587,10:30:35,10.23,0.01,121,123783,买盘
1588,10:30:29,10.22,--,32,32704,卖盘
1589,10:30:25,10.22,--,20,20440,卖盘
1590,10:30:20,10.22,--,36,37313,卖盘
1591,10:30:14,10.22,-0.01,3,3066,卖盘
1592,10:30:05,10.23,--,14,14322,买盘
1593,10:29:58,10.23,--,8,8184,买盘
1594,10:29:55,10.23,--,14,14322,买盘
1595,10:29:50,10.23,--,5,5115,买盘
1596,10:29:44,10.23,0.01,11,11253,买盘
1597,10:29:35,10.22,-0.01,168,171696,卖盘
1598,10:29:29,10.23,0.01,4,4092,买盘
1599,10:29:25,10.22,--,250,256317,卖盘
1600,10:29:20,10.22,--,579,592739,卖盘
1601,10:29:14,10.22,-0.01,28,28616,卖盘
1602,10:29:10,10.23,0.01,32,32736,买盘
1603,10:29:05,10.22,-0.01,500,511000,卖盘
1604,10:28:59,10.23,0.01,10,10230,买盘
1605,10:28:55,10.22,-0.01,6,6132,卖盘
1606,10:28:50,10.23,0.01,10,10230,买盘
1607,10:28:44,10.22,-0.01,30,30660,卖盘
1608,10:28:39,10.23,--,131,134013,买盘
1609,10:28:25,10.23,--,32,32736,买盘
1610,10:28:20,10.23,0.01,10,10230,买盘
1611,10:28:09,10.22,--,1056,1079467,买盘
1612,10:28:05,10.22,0.01,54,55188,买盘
1613,10:27:58,10.21,-0.01,2,2042,卖盘
1614,10:27:54,10.22,0.01,123,125992,买盘
1615,10:27:44,10.21,-0.01,50,51050,卖盘
1616,10:27:40,10.22,--,193,197246,买盘
1617,10:27:34,10.22,0.01,11,11242,买盘
1618,10:27:29,10.21,--,168,171936,买盘
1619,10:27:25,10.21,-0.01,187,191539,卖盘
1620,10:27:19,10.22,--,220,224840,买盘
1621,10:27:14,10.22,--,375,383250,买盘
1622,10:27:10,10.22,--,11,11242,买盘
1623,10:27:05,10.22,0.01,140,143488,买盘
1624,10:26:59,10.21,--,242,247694,卖盘
1625,10:26:55,10.21,--,5,5105,卖盘
1626,10:26:49,10.21,--,686,700406,卖盘
1627,10:26:40,10.21,--,46,47374,卖盘
1628,10:26:34,10.21,-0.01,3,3063,卖盘
1629,10:26:25,10.22,0.01,711,726642,买盘
1630,10:26:19,10.21,-0.01,21,21441,卖盘
1631,10:26:14,10.22,--,46,47012,买盘
1632,10:26:04,10.22,--,32,32704,买盘
1633,10:25:59,10.22,--,203,207466,买盘
1634,10:25:55,10.22,--,11,11242,买盘
1635,10:25:49,10.22,--,124,126728,买盘
1636,10:25:44,10.22,--,14,14308,买盘
1637,10:25:39,10.22,--,201,205422,买盘
1638,10:25:34,10.22,--,40,40880,买盘
1639,10:25:29,10.22,--,13,13286,买盘
1640,10:25:25,10.22,0.01,133,136201,买盘
1641,10:25:19,10.21,-0.01,44,44924,卖盘
1642,10:25:14,10.22,--,134,136948,买盘
1643,10:25:09,10.22,0.01,13,13286,买盘
1644,10:25:04,10.21,-0.01,19,19399,卖盘
1645,10:24:59,10.22,0.01,36,36955,买盘
1646,10:24:49,10.21,--,405,413505,卖盘
1647,10:24:44,10.21,-0.01,1025,1046525,卖盘
1648,10:24:39,10.22,--,950,970900,买盘
1649,10:24:34,10.22,--,10,10220,买盘
1650,10:24:28,10.22,--,10,10220,买盘
1651,10:24:19,10.22,--,204,208488,买盘
1652,10:24:14,10.22,--,625,639536,卖盘
1653,10:24:09,10.22,--,14,14308,卖盘
1654,10:24:04,10.22,--,981,1002582,卖盘
1655,10:23:59,10.22,-0.01,18,18396,卖盘
1656,10:23:54,10.23,0.01,11,11253,买盘
1657,10:23:49,10.22,-0.01,1020,1042675,卖盘
1658,10:23:44,10.23,0.02,97,99231,买盘
1659,10:23:39,10.21,-0.02,15,15315,卖盘
1660,10:23:34,10.23,--,236,241990,买盘
1661,10:23:28,10.23,0.01,60,61380,买盘
1662,10:23:24,10.22,-0.01,50,51100,卖盘
1663,10:23:19,10.23,0.01,52,53196,买盘
1664,10:23:14,10.22,-0.01,24,24528,卖盘
1665,10:23:09,10.23,--,10,10230,买盘
1666,10:22:59,10.23,--,10,10230,买盘
1667,10:22:49,10.23,0.01,12,12276,买盘
1668,10:22:44,10.22,--,223,228335,卖盘
1669,10:22:34,10.22,-0.01,24,24987,卖盘
1670,10:22:22,10.23,0.01,12,12276,买盘
1671,10:22:19,10.22,-0.01,27,27594,卖盘
1672,10:22:14,10.23,0.01,223,228129,买盘
1673,10:22:04,10.22,-0.01,14,14308,卖盘
1674,10:21:49,10.23,--,266,272118,买盘
1675,10:21:44,10.23,--,11,11253,买盘
1676,10:21:29,10.23,--,20,20460,买盘
1677,10:21:19,10.23,--,11,11253,买盘
1678,10:21:08,10.23,--,10,10230,买盘
1679,10:21:04,10.23,-0.01,48,49104,卖盘
1680,10:20:59,10.24,0.01,213,218112,买盘
1681,10:20:49,10.23,-0.01,1,1023,卖盘
1682,10:20:44,10.24,--,10,10240,买盘
1683,10:20:34,10.24,0.01,17,17408,买盘
1684,10:20:29,10.23,--,53,54219,买盘
1685,10:20:23,10.23,-0.01,14,14322,卖盘
1686,10:20:13,10.24,0.01,11,11264,买盘
1687,10:20:04,10.23,0.01,165,168795,买盘
1688,10:19:58,10.22,-0.01,86,87892,卖盘
1689,10:19:49,10.23,-0.01,35,35856,中性盘
1690,10:19:44,10.24,0.01,201,205824,买盘
1691,10:19:37,10.23,--,11,11253,买盘
1692,10:19:33,10.23,-0.01,62,63426,中性盘
1693,10:19:29,10.24,--,30,30720,买盘
1694,10:19:18,10.24,--,11,11264,买盘
1695,10:19:03,10.24,--,13,13312,买盘
1696,10:18:58,10.24,--,81,82944,买盘
1697,10:18:49,10.24,0.01,201,205824,买盘
1698,10:18:43,10.23,0.01,10,10230,买盘
1699,10:18:34,10.22,--,27,27594,卖盘
1700,10:18:28,10.22,-0.01,40,40880,卖盘
1701,10:18:22,10.23,0.01,120,122760,买盘
1702,10:18:18,10.22,--,5,5110,卖盘
1703,10:18:13,10.22,--,261,266742,卖盘
1704,10:18:03,10.22,-0.01,13,13929,卖盘
1705,10:17:58,10.23,--,61,62403,买盘
1706,10:17:48,10.23,--,22,22506,买盘
1707,10:17:37,10.23,--,12,12276,买盘
1708,10:17:33,10.23,0.01,3,3069,买盘
1709,10:17:28,10.22,--,233,238126,卖盘
1710,10:17:22,10.22,-0.01,130,132860,卖盘
1711,10:17:18,10.23,0.01,10,10230,买盘
1712,10:17:13,10.22,-0.01,244,249725,卖盘
1713,10:17:08,10.23,-0.01,11,11253,买盘
1714,10:16:58,10.24,--,0,0,买盘
1715,10:16:52,10.24,--,122,124928,买盘
1716,10:16:48,10.24,0.01,201,205824,买盘
1717,10:16:43,10.23,--,10,10230,买盘
1718,10:16:37,10.23,--,162,165726,买盘
1719,10:16:33,10.23,--,9,9207,买盘
1720,10:16:28,10.23,--,117,119691,买盘
1721,10:16:22,10.23,--,12,12276,买盘
1722,10:16:18,10.23,--,10,10230,买盘
1723,10:16:13,10.23,--,1620,1657260,卖盘
1724,10:16:07,10.23,--,148,151404,卖盘
1725,10:16:03,10.23,--,10,10230,卖盘
1726,10:15:58,10.23,--,81,82863,卖盘
1727,10:15:52,10.23,-0.01,62,63426,卖盘
1728,10:15:48,10.24,0.01,23,23552,买盘
1729,10:15:43,10.23,-0.01,28,28644,卖盘
1730,10:15:37,10.24,0.02,70,71680,买盘
1731,10:15:33,10.22,-0.02,30,30660,卖盘
1732,10:15:28,10.24,0.01,20,20480,买盘
1733,10:15:22,10.23,-0.01,72,73656,买盘
1734,10:15:13,10.24,--,189,194232,买盘
1735,10:15:07,10.24,0.01,9,9216,买盘
1736,10:14:57,10.23,-0.01,174,178002,卖盘
1737,10:14:52,10.24,--,252,258048,买盘
1738,10:14:43,10.24,0.01,24,24576,买盘
1739,10:14:37,10.23,-0.01,10,10230,卖盘
1740,10:14:31,10.24,0.01,11,11264,买盘
1741,10:14:28,10.23,-0.01,108,110484,卖盘
1742,10:14:22,10.24,0.01,264,270336,买盘
1743,10:14:13,10.23,-0.01,157,160611,卖盘
1744,10:14:07,10.24,--,57,58368,买盘
1745,10:14:01,10.24,--,13,13312,买盘
1746,10:13:58,10.24,--,10,10240,买盘
1747,10:13:46,10.24,0.01,21,21504,买盘
1748,10:13:42,10.23,-0.01,93,95139,卖盘
1749,10:13:37,10.24,0.01,19,19456,买盘
1750,10:13:28,10.23,--,73,74679,卖盘
1751,10:13:22,10.23,--,15,16132,卖盘
1752,10:13:16,10.23,-0.01,155,158565,卖盘
1753,10:13:12,10.24,0.01,212,217088,买盘
1754,10:13:07,10.23,-0.01,105,107415,卖盘
1755,10:13:01,10.24,--,11,11264,买盘
1756,10:12:57,10.24,-0.01,60,61440,中性盘
1757,10:12:52,10.25,0.01,9,9225,买盘
1758,10:12:46,10.24,--,10,10240,买盘
1759,10:12:42,10.24,0.01,20,20480,买盘
1760,10:12:37,10.23,-0.01,8,8184,卖盘
1761,10:12:31,10.24,-0.01,41,41984,卖盘
1762,10:12:27,10.25,--,10,10250,买盘
1763,10:12:22,10.25,--,211,216275,买盘
1764,10:12:07,10.25,0.02,513,525825,买盘
1765,10:12:01,10.23,-0.01,100,102729,卖盘
1766,10:11:57,10.24,0.01,11,11264,买盘
1767,10:11:52,10.23,-0.01,7,7897,卖盘
1768,10:11:46,10.24,--,11,11264,买盘
1769,10:11:42,10.24,-0.01,236,241664,卖盘
1770,10:11:37,10.25,--,107,109675,买盘
1771,10:11:22,10.25,0.01,320,328000,买盘
1772,10:11:12,10.24,--,210,215040,买盘
1773,10:11:07,10.24,--,78,79872,买盘
1774,10:11:01,10.24,-0.01,12,12288,买盘
1775,10:10:52,10.25,0.01,9,9225,买盘
1776,10:10:42,10.24,-0.01,2,2048,中性盘
1777,10:10:37,10.25,--,66,67650,买盘
1778,10:10:31,10.25,0.02,11,11275,买盘
1779,10:10:22,10.23,-0.02,263,269049,卖盘
1780,10:10:16,10.25,0.02,111,113775,买盘
1781,10:10:12,10.23,-0.01,50,51150,卖盘
1782,10:10:07,10.24,0.01,17,17408,卖盘
1783,10:10:01,10.23,--,51,52950,卖盘
1784,10:09:57,10.23,-0.02,61,62403,卖盘
1785,10:09:52,10.25,--,164,168100,买盘
1786,10:09:46,10.25,--,10,10250,买盘
1787,10:09:31,10.25,--,61,62525,买盘
1788,10:09:27,10.25,0.01,101,103525,买盘
1789,10:09:22,10.24,-0.01,26,26624,买盘
1790,10:09:16,10.25,--,0,0,买盘
1791,10:09:12,10.25,0.02,11,11275,买盘
1792,10:09:07,10.23,-0.02,239,245028,卖盘
1793,10:09:01,10.25,--,211,216275,买盘
1794,10:08:57,10.25,0.01,1950,1998750,买盘
1795,10:08:52,10.24,--,10,10240,买盘
1796,10:08:46,10.24,--,6,6144,买盘
1797,10:08:42,10.24,--,11,11264,买盘
1798,10:08:31,10.24,--,12,12288,买盘
1799,10:08:16,10.24,0.01,210,215040,买盘
1800,10:08:12,10.23,-0.01,70,71610,卖盘
1801,10:08:07,10.24,--,28,28672,买盘
1802,10:07:57,10.24,0.01,9,9216,买盘
1803,10:07:52,10.23,-0.01,6,6138,卖盘
1804,10:07:46,10.24,0.01,167,171008,买盘
1805,10:07:42,10.23,--,15,15477,买盘
1806,10:07:36,10.23,-0.01,209,214697,卖盘
1807,10:07:31,10.24,--,164,167936,买盘
1808,10:07:21,10.24,0.01,11,11264,买盘
1809,10:07:16,10.23,-0.01,9,9339,卖盘
1810,10:07:12,10.24,0.01,48,49152,买盘
1811,10:07:07,10.23,-0.01,190,194370,卖盘
1812,10:07:01,10.24,0.02,13,13312,买盘
1813,10:06:55,10.22,--,53,54166,卖盘
1814,10:06:52,10.22,--,56,57232,卖盘
1815,10:06:46,10.22,-0.01,80,81760,卖盘
1816,10:06:40,10.23,-0.01,3,3089,卖盘
1817,10:06:36,10.24,0.01,61,62464,买盘
1818,10:06:31,10.23,-0.01,74,75702,卖盘
1819,10:06:25,10.24,0.01,79,80896,买盘
1820,10:06:21,10.23,--,150,153450,卖盘
1821,10:06:16,10.23,-0.01,388,397742,卖盘
1822,10:06:10,10.24,--,151,155187,买盘
1823,10:06:07,10.24,--,11,11264,买盘
1824,10:06:01,10.24,0.01,8,8192,买盘
1825,10:05:55,10.23,-0.01,8,8184,卖盘
1826,10:05:52,10.24,0.01,314,321536,买盘
1827,10:05:46,10.23,-0.01,54,55242,卖盘
1828,10:05:40,10.24,0.01,200,204800,买盘
1829,10:05:37,10.23,-0.01,12,12276,卖盘
1830,10:05:31,10.24,--,160,163840,买盘
1831,10:05:25,10.24,--,137,140288,买盘
1832,10:05:22,10.24,0.01,47,48128,买盘
1833,10:05:16,10.23,--,28,28644,卖盘
1834,10:05:10,10.23,--,65,66495,卖盘
1835,10:05:06,10.23,--,146,150002,卖盘
1836,10:05:01,10.23,--,52,53196,卖盘
1837,10:04:55,10.23,--,25,25575,卖盘
1838,10:04:51,10.23,--,73,74679,买盘
1839,10:04:46,10.23,--,47,48081,买盘
1840,10:04:36,10.23,--,21,21483,买盘
1841,10:04:31,10.23,-0.01,45,46035,中性盘
1842,10:04:25,10.24,0.02,11,11264,买盘
1843,10:04:21,10.22,--,6,6132,卖盘
1844,10:04:16,10.22,--,37,37814,卖盘
1845,10:04:10,10.22,--,0,0,卖盘
1846,10:04:06,10.22,-0.01,135,137970,卖盘
1847,10:04:01,10.23,--,1,1023,买盘
1848,10:03:55,10.23,--,11,11253,买盘
1849,10:03:51,10.23,0.01,245,250635,买盘
1850,10:03:46,10.22,-0.01,26,26623,卖盘
1851,10:03:36,10.23,0.01,10,10230,买盘
1852,10:03:31,10.22,-0.01,3,3066,卖盘
1853,10:03:25,10.23,0.01,31,31713,买盘
1854,10:03:21,10.22,-0.01,130,132860,卖盘
1855,10:03:16,10.23,--,2,2046,买盘
1856,10:03:10,10.23,--,12,12276,买盘
1857,10:03:06,10.23,--,215,219945,买盘
1858,10:03:01,10.23,--,21,21483,买盘
1859,10:02:55,10.23,--,10,10230,买盘
1860,10:02:51,10.23,0.01,10,10230,买盘
1861,10:02:46,10.22,--,86,87892,卖盘
1862,10:02:40,10.22,-0.01,115,117785,卖盘
1863,10:02:36,10.23,0.01,9,9207,买盘
1864,10:02:25,10.22,--,37,37814,卖盘
1865,10:02:21,10.22,-0.01,48,49056,卖盘
1866,10:02:16,10.23,0.01,55,56265,买盘
1867,10:02:10,10.22,-0.01,50,51100,卖盘
1868,10:02:00,10.23,0.01,10,10230,买盘
1869,10:01:51,10.22,-0.01,9,9198,卖盘
1870,10:01:45,10.23,--,40,40920,买盘
1871,10:01:40,10.23,--,149,152682,买盘
1872,10:01:36,10.23,0.01,30,30690,买盘
1873,10:01:30,10.22,--,274,280028,买盘
1874,10:01:25,10.22,--,71,72562,买盘
1875,10:01:15,10.22,--,62,63364,买盘
1876,10:01:10,10.22,--,25,25550,买盘
1877,10:01:00,10.22,0.01,61,62342,买盘
1878,10:00:55,10.21,-0.01,16,16775,卖盘
1879,10:00:51,10.22,0.01,12,12264,买盘
1880,10:00:45,10.21,-0.01,582,594222,卖盘
1881,10:00:40,10.22,--,54,55188,买盘
1882,10:00:30,10.22,--,0,0,买盘
1883,10:00:25,10.22,--,410,419020,买盘
1884,10:00:21,10.22,0.01,3,3066,买盘
1885,10:00:15,10.21,--,46,46966,卖盘
1886,10:00:10,10.21,-0.01,102,104142,卖盘
1887,10:00:05,10.22,--,44,44968,买盘
1888,10:00:00,10.22,0.01,102,104244,买盘
1889,09:59:55,10.21,-0.01,45,45945,卖盘
1890,09:59:51,10.22,0.01,170,173740,买盘
1891,09:59:45,10.21,-0.01,25,25525,卖盘
1892,09:59:40,10.22,0.01,36,36792,买盘
1893,09:59:36,10.21,--,19,19399,卖盘
1894,09:59:30,10.21,--,35,35735,卖盘
1895,09:59:25,10.21,--,25,25525,卖盘
1896,09:59:20,10.21,-0.01,41,42065,卖盘
1897,09:59:15,10.22,--,201,205422,买盘
1898,09:59:10,10.22,--,65,66430,买盘
1899,09:59:05,10.22,--,13,13286,买盘
1900,09:59:00,10.22,--,73,74606,买盘
1901,09:58:55,10.22,0.01,4,4088,买盘
1902,09:58:45,10.21,-0.01,19,19399,卖盘
1903,09:58:40,10.22,0.01,34,34748,买盘
1904,09:58:30,10.21,-0.01,6,7106,卖盘
1905,09:58:25,10.22,0.01,10,10220,买盘
1906,09:58:19,10.21,-0.01,36,36756,卖盘
1907,09:58:10,10.22,0.01,160,163520,买盘
1908,09:58:04,10.21,-0.01,55,56155,卖盘
1909,09:58:00,10.22,--,48,49056,买盘
1910,09:57:55,10.22,0.01,231,236082,买盘
1911,09:57:49,10.21,--,13,13273,卖盘
1912,09:57:45,10.21,--,125,127625,卖盘
1913,09:57:40,10.21,--,299,305279,卖盘
1914,09:57:34,10.21,--,222,227397,卖盘
1915,09:57:30,10.21,--,47,47987,卖盘
1916,09:57:25,10.21,--,164,167444,卖盘
1917,09:57:19,10.21,-0.01,10,10210,卖盘
1918,09:57:15,10.22,0.01,4,4088,买盘
1919,09:57:10,10.21,-0.01,2,2042,卖盘
1920,09:57:00,10.22,--,243,248346,买盘
1921,09:56:55,10.22,--,10,10220,买盘
1922,09:56:45,10.22,--,38,38836,买盘
1923,09:56:40,10.22,--,126,128772,卖盘
1924,09:56:34,10.22,--,3,3066,卖盘
1925,09:56:30,10.22,-0.01,12,12264,卖盘
1926,09:56:15,10.23,0.01,35,35805,买盘
1927,09:56:10,10.22,--,15,15330,卖盘
1928,09:56:00,10.22,--,25,25550,卖盘
1929,09:55:55,10.22,--,41,41902,卖盘
1930,09:55:45,10.22,--,29,29638,买盘
1931,09:55:40,10.22,0.01,202,206444,买盘
1932,09:55:34,10.21,--,36,36756,卖盘
1933,09:55:30,10.21,--,25,25525,卖盘
1934,09:55:25,10.21,-0.01,55,56155,卖盘
1935,09:55:19,10.22,--,39,39858,买盘
1936,09:55:15,10.22,--,103,105266,买盘
1937,09:55:09,10.22,--,61,62342,买盘
1938,09:55:00,10.22,--,342,349759,买盘
1939,09:54:54,10.22,0.01,28,28616,买盘
1940,09:54:49,10.21,--,189,192969,卖盘
1941,09:54:45,10.21,--,30,30630,卖盘
1942,09:54:39,10.21,-0.01,90,91890,卖盘
1943,09:54:34,10.22,0.01,145,148190,买盘
1944,09:54:30,10.21,--,3,3063,卖盘
1945,09:54:24,10.21,--,71,72950,卖盘
1946,09:54:19,10.21,-0.01,28,28588,卖盘
1947,09:54:15,10.22,0.01,16,16352,买盘
1948,09:54:09,10.21,-0.01,18,18378,卖盘
1949,09:54:04,10.22,0.01,250,256266,买盘
1950,09:54:00,10.21,-0.01,119,121499,卖盘
1951,09:53:54,10.22,--,390,398580,买盘
1952,09:53:49,10.22,--,275,281050,买盘
1953,09:53:39,10.22,0.01,32,32704,买盘
1954,09:53:34,10.21,--,3,3063,卖盘
1955,09:53:24,10.21,--,25,25525,卖盘
1956,09:53:19,10.21,--,239,244019,卖盘
1957,09:53:15,10.21,--,17,17357,卖盘
1958,09:53:09,10.21,--,1608,1641768,买盘
1959,09:53:00,10.21,0.01,11,11231,买盘
1960,09:52:54,10.2,--,48,48960,卖盘
1961,09:52:49,10.2,--,139,141780,卖盘
1962,09:52:45,10.2,--,38,38760,卖盘
1963,09:52:39,10.2,-0.01,174,177480,卖盘
1964,09:52:34,10.21,--,224,228704,买盘
1965,09:52:29,10.21,0.01,20,20420,买盘
1966,09:52:24,10.2,--,46,46920,卖盘
1967,09:52:19,10.2,--,50,51000,卖盘
1968,09:52:14,10.2,--,18,18360,卖盘
1969,09:52:09,10.2,-0.01,29,30161,卖盘
1970,09:52:04,10.21,0.01,43,43903,买盘
1971,09:51:54,10.2,--,89,90780,卖盘
1972,09:51:49,10.2,--,103,105059,卖盘
1973,09:51:39,10.2,--,30,30599,卖盘
1974,09:51:34,10.2,--,28,28559,卖盘
1975,09:51:24,10.2,--,1,1019,卖盘
1976,09:51:19,10.2,--,38,38760,卖盘
1977,09:51:13,10.2,--,110,112199,卖盘
1978,09:51:09,10.2,--,9,9180,卖盘
1979,09:51:04,10.2,--,17,17340,卖盘
1980,09:50:54,10.2,-0.01,154,157080,卖盘
1981,09:50:49,10.21,0.02,326,332958,买盘
1982,09:50:39,10.19,-0.01,133,135527,卖盘
1983,09:50:34,10.2,--,293,298860,买盘
1984,09:50:24,10.2,--,111,113219,买盘
1985,09:50:19,10.2,--,28,28559,买盘
1986,09:50:13,10.2,--,3,3060,买盘
1987,09:50:09,10.2,--,26,26519,买盘
1988,09:50:04,10.2,--,74,75480,买盘
1989,09:49:54,10.2,0.01,16,16319,中性盘
1990,09:49:49,10.19,-0.01,50,51102,卖盘
1991,09:49:43,10.2,0.01,109,111363,买盘
1992,09:49:39,10.19,--,150,152850,卖盘
1993,09:49:34,10.19,-0.01,367,373973,卖盘
1994,09:49:28,10.2,0.01,30,30599,买盘
1995,09:49:24,10.19,-0.01,64,66051,卖盘
1996,09:49:19,10.2,--,13,13259,卖盘
1997,09:49:09,10.2,--,156,159120,卖盘
1998,09:49:04,10.2,0.01,540,550983,买盘
1999,09:48:54,10.19,--,260,264940,卖盘
2000,09:48:49,10.19,-0.01,7,7133,卖盘
2001,09:48:39,10.2,0.01,50,51000,买盘
2002,09:48:34,10.19,-0.01,104,106516,卖盘
2003,09:48:28,10.2,--,31,31619,买盘
2004,09:48:19,10.2,--,184,187680,买盘
2005,09:48:13,10.2,--,23,23460,买盘
2006,09:48:04,10.2,0.01,22,22440,买盘
2007,09:47:58,10.19,--,15,15285,卖盘
2008,09:47:54,10.19,--,2,2038,卖盘
2009,09:47:49,10.19,-0.01,8,8152,卖盘
2010,09:47:43,10.2,--,10,10200,买盘
2011,09:47:39,10.2,--,5,5100,买盘
2012,09:47:33,10.2,--,29,29579,买盘
2013,09:47:28,10.2,--,20,20400,买盘
2014,09:47:24,10.2,--,234,238679,买盘
2015,09:47:18,10.2,--,2,2039,买盘
2016,09:47:13,10.2,--,50,51000,买盘
2017,09:47:09,10.2,--,1,1019,买盘
2018,09:46:58,10.2,--,240,244799,买盘
2019,09:46:54,10.2,0.01,150,153000,买盘
2020,09:46:48,10.19,-0.01,23,23437,卖盘
2021,09:46:38,10.2,--,28,28559,买盘
2022,09:46:28,10.2,--,57,58139,买盘
2023,09:46:23,10.2,0.01,110,112199,买盘
2024,09:46:18,10.19,--,62,63473,卖盘
2025,09:46:13,10.19,--,124,126356,卖盘
2026,09:46:08,10.19,-0.01,25,25475,卖盘
2027,09:46:03,10.2,0.01,54,55079,买盘
2028,09:45:58,10.19,-0.01,106,108014,卖盘
2029,09:45:48,10.2,0.01,31,31619,买盘
2030,09:45:43,10.19,-0.01,258,262902,卖盘
2031,09:45:39,10.2,--,14,14279,买盘
2032,09:45:28,10.2,0.01,1,1019,买盘
2033,09:45:23,10.19,--,12,12228,卖盘
2034,09:45:13,10.19,-0.01,69,70311,卖盘
2035,09:45:08,10.2,0.01,98,99960,买盘
2036,09:44:58,10.19,--,38,39119,卖盘
2037,09:44:53,10.19,-0.01,87,88653,卖盘
2038,09:44:48,10.2,--,7,7139,买盘
2039,09:44:43,10.2,--,21,21420,买盘
2040,09:44:33,10.2,0.01,82,83640,买盘
2041,09:44:28,10.19,--,125,127375,卖盘
2042,09:44:23,10.19,--,5,5095,卖盘
2043,09:44:18,10.19,-0.01,51,51969,卖盘
2044,09:44:08,10.2,--,17,17340,买盘
2045,09:43:58,10.2,--,75,76500,买盘
2046,09:43:48,10.2,--,56,57119,买盘
2047,09:43:43,10.2,--,170,173400,买盘
2048,09:43:38,10.2,--,3,3060,买盘
2049,09:43:33,10.2,--,56,57119,买盘
2050,09:43:28,10.2,--,79,80641,买盘
2051,09:43:22,10.2,--,92,94676,卖盘
2052,09:43:18,10.2,--,53,54059,卖盘
2053,09:43:13,10.2,--,111,113219,卖盘
2054,09:43:07,10.2,--,370,377583,买盘
2055,09:42:58,10.2,0.01,36,36720,买盘
2056,09:42:52,10.19,--,2,2038,卖盘
2057,09:42:48,10.19,--,126,128394,卖盘
2058,09:42:43,10.19,--,100,101900,卖盘
2059,09:42:37,10.19,--,13,13878,卖盘
2060,09:42:33,10.19,--,10,10190,卖盘
2061,09:42:28,10.19,-0.01,100,101900,卖盘
2062,09:42:13,10.2,--,20,20400,买盘
2063,09:42:07,10.2,--,22,22440,买盘
2064,09:42:03,10.2,--,156,159956,卖盘
2065,09:41:58,10.2,--,401,409020,卖盘
2066,09:41:52,10.2,--,247,251939,卖盘
2067,09:41:48,10.2,--,576,587520,卖盘
2068,09:41:43,10.2,--,0,571,卖盘
2069,09:41:37,10.2,--,32,32639,卖盘
2070,09:41:33,10.2,-0.01,30,30599,卖盘
2071,09:41:27,10.21,0.01,379,386959,买盘
2072,09:41:22,10.2,--,217,221339,卖盘
2073,09:41:18,10.2,--,181,184620,卖盘
2074,09:41:13,10.2,-0.01,58,59700,卖盘
2075,09:41:03,10.21,0.01,20,20420,买盘
2076,09:40:58,10.2,-0.01,73,74460,卖盘
2077,09:40:52,10.21,--,40,40840,卖盘
2078,09:40:48,10.21,--,3,3063,卖盘
2079,09:40:43,10.21,0.01,23,23483,买盘
2080,09:40:37,10.2,-0.01,93,94860,卖盘
2081,09:40:33,10.21,0.01,40,40840,中性盘
2082,09:40:28,10.2,-0.01,642,654840,卖盘
2083,09:40:18,10.21,--,245,250145,卖盘
2084,09:40:13,10.21,--,590,602481,买盘
2085,09:40:07,10.21,0.01,193,197053,买盘
2086,09:40:03,10.2,--,584,595680,卖盘
2087,09:39:58,10.2,-0.01,769,784380,卖盘
2088,09:39:52,10.21,--,2018,2060378,买盘
2089,09:39:48,10.21,0.01,334,341014,买盘
2090,09:39:42,10.2,--,199,202980,卖盘
2091,09:39:37,10.2,--,18,18360,卖盘
2092,09:39:33,10.2,-0.01,88,89760,卖盘
2093,09:39:27,10.21,--,515,525815,买盘
2094,09:39:22,10.21,0.01,41,41861,买盘
2095,09:39:18,10.2,-0.01,15,15901,卖盘
2096,09:39:12,10.21,0.01,318,324678,买盘
2097,09:39:07,10.2,--,75,76500,卖盘
2098,09:39:02,10.2,--,10,10200,卖盘
2099,09:38:57,10.2,--,178,181560,卖盘
2100,09:38:52,10.2,--,70,71400,卖盘
2101,09:38:48,10.2,--,466,475319,卖盘
2102,09:38:42,10.2,--,442,450839,卖盘
2103,09:38:37,10.2,-0.01,680,693600,卖盘
2104,09:38:32,10.21,0.01,30,30630,买盘
2105,09:38:27,10.2,-0.01,25,25500,卖盘
2106,09:38:22,10.21,0.01,10,10210,买盘
2107,09:38:17,10.2,-0.01,111,113556,卖盘
2108,09:38:12,10.21,--,151,154171,买盘
2109,09:38:07,10.21,--,25,25525,买盘
2110,09:38:03,10.21,0.01,5,5105,买盘
2111,09:37:57,10.2,-0.01,105,107099,卖盘
2112,09:37:52,10.21,--,28,28588,买盘
2113,09:37:42,10.21,0.01,607,619747,卖盘
2114,09:37:37,10.2,--,28,28559,卖盘
2115,09:37:32,10.2,-0.01,111,113556,卖盘
2116,09:37:27,10.21,-0.01,85,87448,卖盘
2117,09:37:22,10.22,0.01,31,31682,买盘
2118,09:37:17,10.21,--,31,31651,买盘
2119,09:37:12,10.21,--,178,181962,买盘
2120,09:37:07,10.21,--,57,58197,买盘
2121,09:37:02,10.21,--,55,56155,买盘
2122,09:36:57,10.21,--,100,102100,买盘
2123,09:36:52,10.21,0.01,63,64323,买盘
2124,09:36:47,10.2,-0.01,156,159344,卖盘
2125,09:36:42,10.21,--,24,24504,买盘
2126,09:36:37,10.21,--,107,109471,买盘
2127,09:36:32,10.21,--,2,2042,买盘
2128,09:36:27,10.21,0.01,234,239138,买盘
2129,09:36:22,10.2,-0.01,74,75704,卖盘
2130,09:36:17,10.21,--,85,86785,买盘
2131,09:36:12,10.21,--,167,170986,卖盘
2132,09:36:07,10.21,-0.01,249,254229,卖盘
2133,09:36:02,10.22,0.01,350,357700,买盘
2134,09:35:57,10.21,--,94,96198,卖盘
2135,09:35:52,10.21,--,287,293996,卖盘
2136,09:35:42,10.21,--,164,167444,卖盘
2137,09:35:37,10.21,--,141,144185,卖盘
2138,09:35:31,10.21,--,10,10210,卖盘
2139,09:35:22,10.21,--,84,85906,卖盘
2140,09:35:16,10.21,-0.01,30,30630,卖盘
2141,09:35:12,10.22,--,192,196224,买盘
2142,09:35:07,10.22,0.01,25,25550,买盘
2143,09:35:01,10.21,--,24,24504,卖盘
2144,09:34:52,10.21,--,444,453324,卖盘
2145,09:34:46,10.21,--,1,1021,卖盘
2146,09:34:42,10.21,--,141,143961,卖盘
2147,09:34:37,10.21,0.01,137,139877,买盘
2148,09:34:31,10.2,-0.01,10,10200,卖盘
2149,09:34:27,10.21,--,254,259334,卖盘
2150,09:34:22,10.21,--,9,9189,卖盘
2151,09:34:12,10.21,0.01,112,114352,中性盘
2152,09:34:07,10.2,-0.01,1204,1228080,卖盘
2153,09:34:01,10.21,--,42,42882,买盘
2154,09:33:57,10.21,-0.01,110,112759,卖盘
2155,09:33:52,10.22,0.01,230,235060,买盘
2156,09:33:46,10.21,0.01,16,16907,买盘
2157,09:33:42,10.2,-0.01,3,3060,卖盘
2158,09:33:37,10.21,--,50,51050,买盘
2159,09:33:31,10.21,0.01,10,10210,买盘
2160,09:33:27,10.2,--,131,133620,卖盘
2161,09:33:22,10.2,--,40,40800,卖盘
2162,09:33:16,10.2,--,3,3060,卖盘
2163,09:33:12,10.2,--,88,89760,买盘
2164,09:33:07,10.2,--,202,206040,买盘
2165,09:33:01,10.2,0.01,111,113219,买盘
2166,09:32:57,10.19,-0.01,215,219085,卖盘
2167,09:32:52,10.2,--,83,84660,买盘
2168,09:32:46,10.2,--,225,229499,买盘
2169,09:32:42,10.2,--,65,66300,买盘
2170,09:32:37,10.2,0.01,212,216239,买盘
2171,09:32:31,10.19,-0.01,151,153869,卖盘
2172,09:32:27,10.2,0.01,109,111179,买盘
2173,09:32:22,10.19,-0.01,40,40760,卖盘
2174,09:32:12,10.2,--,32,32639,买盘
2175,09:32:06,10.2,--,57,58139,买盘
2176,09:32:01,10.2,--,398,405960,卖盘
2177,09:31:57,10.2,-0.01,32,32639,卖盘
2178,09:31:51,10.21,0.01,5,5105,买盘
2179,09:31:46,10.2,--,232,236639,卖盘
2180,09:31:31,10.2,-0.01,146,148920,卖盘
2181,09:31:26,10.21,--,162,165402,买盘
2182,09:31:21,10.21,--,358,365967,卖盘
2183,09:31:16,10.21,-0.01,214,219065,卖盘
2184,09:31:11,10.22,0.01,63,64386,买盘
2185,09:31:06,10.21,--,127,129667,卖盘
2186,09:31:01,10.21,--,50,51050,卖盘
2187,09:30:51,10.21,--,79,80659,买盘
2188,09:30:46,10.21,0.01,48,49008,买盘
2189,09:30:41,10.2,-0.01,3,3060,卖盘
2190,09:30:36,10.21,0.01,43,43903,买盘
2191,09:30:31,10.2,--,80,81600,卖盘
2192,09:30:21,10.2,--,64,65279,买盘
2193,09:30:16,10.2,--,19,19380,买盘
2194,09:30:11,10.2,0.01,13,13259,买盘
2195,09:30:06,10.19,-0.01,349,355631,卖盘
2196,09:28:54,10.2,--,0,0,买盘
2197,09:25:05,10.2,10.2,1997,2036939,买盘
