,time,price,change,volume,amount,type
0,15:00:00,18.4,--,0,0,卖盘
1,15:00:00,18.4,--,0,0,卖盘
2,15:00:00,18.4,0.01,89,163760,买盘
3,14:59:51,18.39,-0.01,2,3678,卖盘
4,14:59:46,18.4,--,113,207919,买盘
5,14:59:40,18.4,--,19,34960,买盘
6,14:59:36,18.4,0.01,61,112239,买盘
7,14:59:25,18.39,--,10,18390,卖盘
8,14:59:21,18.39,-0.01,10,18390,卖盘
9,14:59:16,18.4,--,48,88320,买盘
10,14:59:06,18.4,--,15,27599,买盘
11,14:59:01,18.4,0.01,56,103039,买盘
12,14:58:51,18.39,-0.01,6,11034,卖盘
13,14:58:46,18.4,--,5,9200,买盘
14,14:58:40,18.4,0.01,5,9200,买盘
15,14:58:36,18.39,-0.01,50,91950,卖盘
16,14:58:31,18.4,--,7,12879,卖盘
17,14:58:21,18.4,--,12,22080,卖盘
18,14:58:10,18.4,-0.01,2,3679,卖盘
19,14:58:06,18.41,-0.01,204,375564,卖盘
20,14:58:00,18.42,--,5,9210,卖盘
21,14:57:55,18.42,--,59,108678,买盘
22,14:57:51,18.42,--,9,16578,买盘
23,14:57:45,18.42,0.01,40,73680,买盘
24,14:57:40,18.41,--,5,9205,卖盘
25,14:57:36,18.41,--,3,5523,卖盘
26,14:57:30,18.41,--,6,11046,卖盘
27,14:57:25,18.41,--,15,27615,卖盘
28,14:57:10,18.41,--,2,3682,卖盘
29,14:57:06,18.41,--,8,14728,卖盘
30,14:57:00,18.41,0.01,51,93891,买盘
31,14:56:55,18.4,-0.01,10,18400,卖盘
32,14:56:51,18.41,0.01,24,44184,买盘
33,14:56:45,18.4,--,105,193199,卖盘
34,14:56:40,18.4,--,1,1839,卖盘
35,14:56:35,18.4,0.01,170,312800,买盘
36,14:56:30,18.39,--,17,31263,买盘
37,14:56:25,18.39,--,15,27585,买盘
38,14:56:20,18.39,--,217,399063,卖盘
39,14:56:15,18.39,--,1,1839,卖盘
40,14:56:10,18.39,--,1,1839,卖盘
41,14:56:00,18.39,--,15,27585,买盘
42,14:55:50,18.39,0.02,20,36780,买盘
43,14:55:45,18.37,--,2,3674,中性盘
44,14:55:40,18.37,-0.02,2,3674,卖盘
45,14:55:35,18.39,0.01,208,382512,买盘
46,14:55:30,18.38,--,23,42274,买盘
47,14:55:25,18.38,0.01,10,18380,买盘
48,14:55:15,18.37,--,20,36740,卖盘
49,14:55:10,18.37,--,19,34903,买盘
50,14:55:05,18.37,--,25,45925,买盘
51,14:55:00,18.37,0.01,23,42251,买盘
52,14:54:55,18.36,-0.01,5,9180,卖盘
53,14:54:50,18.37,--,5,9185,买盘
54,14:54:45,18.37,-0.01,20,36740,买盘
55,14:54:35,18.38,--,0,0,买盘
56,14:54:30,18.38,0.01,70,128660,买盘
57,14:54:25,18.37,-0.01,30,55110,卖盘
58,14:54:20,18.38,0.01,3,5514,买盘
59,14:54:15,18.37,-0.01,15,27555,卖盘
60,14:54:05,18.38,--,14,25732,买盘
61,14:54:00,18.38,--,68,124984,买盘
62,14:53:40,18.38,--,2,3676,买盘
63,14:53:30,18.38,--,20,36760,买盘
64,14:53:25,18.38,--,23,42274,卖盘
65,14:53:15,18.38,-0.02,10,18380,卖盘
66,14:53:10,18.4,0.01,35,64399,买盘
67,14:53:04,18.39,--,1,1839,中性盘
68,14:52:45,18.39,--,0,0,中性盘
69,14:52:40,18.39,-0.01,9,16551,中性盘
70,14:52:34,18.4,0.02,50,92000,买盘
71,14:52:30,18.38,-0.01,1,1838,卖盘
72,14:52:25,18.39,-0.01,10,18390,卖盘
73,14:52:19,18.4,0.01,10,18400,买盘
74,14:52:10,18.39,--,9,16551,卖盘
75,14:51:55,18.39,0.02,37,68043,买盘
76,14:51:49,18.37,-0.01,1,1837,卖盘
77,14:51:45,18.38,-0.01,1,1838,中性盘
78,14:51:40,18.39,0.02,172,316308,买盘
79,14:51:34,18.37,--,13,23881,卖盘
80,14:51:25,18.37,--,97,178189,买盘
81,14:51:15,18.37,--,2,3674,买盘
82,14:51:10,18.37,0.01,28,51436,买盘
83,14:51:00,18.36,0.01,2,3672,卖盘
84,14:50:45,18.35,--,0,0,卖盘
85,14:50:39,18.35,-0.02,4,7340,卖盘
86,14:50:30,18.37,0.02,7,12859,买盘
87,14:50:24,18.35,-0.02,39,71565,卖盘
88,14:50:15,18.37,--,10,18370,买盘
89,14:50:09,18.37,-0.01,3,5511,卖盘
90,14:50:00,18.38,-0.01,1,1838,卖盘
91,14:49:44,18.39,--,11,20229,买盘
92,14:49:29,18.39,0.01,2,3678,买盘
93,14:49:24,18.38,-0.01,26,47788,卖盘
94,14:49:09,18.39,--,178,327342,卖盘
95,14:49:04,18.39,-0.01,10,18390,卖盘
96,14:48:54,18.4,--,4,7359,买盘
97,14:48:39,18.4,--,3,5520,买盘
98,14:48:29,18.4,--,7,12879,卖盘
99,14:48:14,18.4,-0.01,10,18400,卖盘
100,14:47:59,18.41,--,2,3682,买盘
101,14:47:54,18.41,--,1,1841,买盘
102,14:47:34,18.41,--,2,3682,买盘
103,14:47:29,18.41,--,13,23933,买盘
104,14:47:14,18.41,--,14,25774,买盘
105,14:47:04,18.41,--,59,108619,卖盘
106,14:46:58,18.41,--,7,12887,卖盘
107,14:46:49,18.41,--,3,5523,卖盘
108,14:46:43,18.41,0.01,5,9205,买盘
109,14:46:39,18.4,--,4,7359,卖盘
110,14:46:34,18.4,--,5,9200,卖盘
111,14:46:28,18.4,--,19,34960,买盘
112,14:46:24,18.4,--,1,1839,卖盘
113,14:46:19,18.4,-0.01,10,18400,卖盘
114,14:46:13,18.41,--,4,7364,买盘
115,14:45:54,18.41,--,6,11046,卖盘
116,14:45:49,18.41,--,7,12887,卖盘
117,14:45:43,18.41,--,30,55230,卖盘
118,14:45:39,18.41,--,6,11046,买盘
119,14:45:28,18.41,0.01,28,51548,买盘
120,14:45:24,18.4,0.02,14,25759,买盘
121,14:45:19,18.38,-0.02,101,185638,卖盘
122,14:45:13,18.4,--,14,25759,买盘
123,14:45:04,18.4,--,23,42320,卖盘
124,14:44:58,18.4,0.01,21,38640,卖盘
125,14:44:54,18.39,-0.01,30,55170,卖盘
126,14:44:43,18.4,--,25,46000,买盘
127,14:44:39,18.4,--,14,25759,买盘
128,14:44:24,18.4,-0.02,57,104879,卖盘
129,14:44:19,18.42,--,15,27630,买盘
130,14:44:13,18.42,--,0,0,买盘
131,14:43:43,18.42,--,0,0,买盘
132,14:43:38,18.42,--,14,25788,买盘
133,14:43:28,18.42,--,0,0,买盘
134,14:43:18,18.42,0.02,29,53418,买盘
135,14:43:13,18.4,--,0,0,卖盘
136,14:43:08,18.4,-0.01,16,29439,卖盘
137,14:43:03,18.41,--,3,5523,卖盘
138,14:42:58,18.41,--,4,7364,卖盘
139,14:42:48,18.41,--,19,34979,买盘
140,14:42:43,18.41,0.01,49,90209,买盘
141,14:42:38,18.4,--,20,36800,卖盘
142,14:42:28,18.4,--,0,0,卖盘
143,14:42:23,18.4,-0.01,102,187680,卖盘
144,14:42:18,18.41,-0.01,6,11046,卖盘
145,14:42:13,18.42,--,4,7368,买盘
146,14:42:08,18.42,--,44,81048,卖盘
147,14:41:58,18.42,--,2,3684,卖盘
148,14:41:53,18.42,-0.02,190,349980,卖盘
149,14:41:48,18.44,--,2,3688,卖盘
150,14:41:43,18.44,--,5,9220,卖盘
151,14:41:38,18.44,0.02,14,25816,买盘
152,14:41:28,18.42,-0.02,1,1842,卖盘
153,14:41:23,18.44,-0.01,5,9220,卖盘
154,14:41:18,18.45,0.01,31,57195,买盘
155,14:41:13,18.44,--,12,22128,买盘
156,14:41:03,18.44,-0.01,48,88512,卖盘
157,14:40:53,18.45,0.01,13,23985,买盘
158,14:40:48,18.44,-0.04,105,193620,卖盘
159,14:40:43,18.48,0.02,49,90552,买盘
160,14:40:38,18.46,--,15,27690,买盘
161,14:40:33,18.46,--,7,12922,卖盘
162,14:40:23,18.46,--,1,1846,卖盘
163,14:40:18,18.46,-0.04,1,1846,卖盘
164,14:40:13,18.5,0.02,114,210900,买盘
165,14:40:03,18.48,-0.02,81,149688,卖盘
166,14:39:58,18.5,0.02,28,51800,买盘
167,14:39:52,18.48,--,1,1848,卖盘
168,14:39:48,18.48,-0.02,1,1848,卖盘
169,14:39:43,18.5,0.01,122,225700,买盘
170,14:39:37,18.49,0.03,50,92449,买盘
171,14:39:22,18.46,--,9,16614,买盘
172,14:39:13,18.46,0.01,41,75686,买盘
173,14:39:07,18.45,0.01,282,520290,买盘
174,14:39:03,18.44,0.01,11,20284,买盘
175,14:38:58,18.43,-0.01,1,1843,卖盘
176,14:38:52,18.44,--,1,1844,买盘
177,14:38:43,18.44,--,34,62696,买盘
178,14:38:37,18.44,0.01,15,27660,买盘
179,14:38:28,18.43,--,0,0,中性盘
180,14:38:22,18.43,--,0,0,卖盘
181,14:38:17,18.43,--,2,3686,卖盘
182,14:38:13,18.43,--,10,18430,卖盘
183,14:38:02,18.43,0.02,4,7372,买盘
184,14:37:58,18.41,-0.01,4,7364,卖盘
185,14:37:47,18.42,-0.02,5,9210,中性盘
186,14:37:43,18.44,--,60,110640,买盘
187,14:37:37,18.44,0.02,15,27660,买盘
188,14:37:32,18.42,-0.02,1,1842,卖盘
189,14:37:22,18.44,0.03,1,1844,买盘
190,14:37:17,18.41,0.01,3,5523,卖盘
191,14:37:13,18.4,--,0,0,卖盘
192,14:37:07,18.4,--,7,12879,卖盘
193,14:37:02,18.4,-0.04,104,191359,卖盘
194,14:36:57,18.44,0.04,8,14752,买盘
195,14:36:47,18.4,-0.04,22,40480,卖盘
196,14:36:43,18.44,--,29,53476,买盘
197,14:36:37,18.44,0.04,16,29504,买盘
198,14:36:32,18.4,-0.04,2,3679,卖盘
199,14:36:22,18.44,0.04,1,1844,买盘
200,14:36:17,18.4,-0.04,1,1839,卖盘
201,14:36:12,18.44,--,20,36880,卖盘
202,14:36:02,18.44,--,2,3688,卖盘
203,14:35:52,18.44,--,1,1844,卖盘
204,14:35:42,18.44,--,22,40568,买盘
205,14:35:37,18.44,--,15,27660,买盘
206,14:35:32,18.44,0.04,2,3688,买盘
207,14:35:27,18.4,-0.04,4,7359,卖盘
208,14:35:17,18.44,--,45,82980,卖盘
209,14:35:12,18.44,--,40,73760,卖盘
210,14:35:07,18.44,--,10,18440,卖盘
211,14:35:02,18.44,--,18,33192,卖盘
212,14:34:57,18.44,--,28,51632,卖盘
213,14:34:52,18.44,-0.01,50,92200,卖盘
214,14:34:47,18.45,0.01,25,46125,买盘
215,14:34:37,18.44,--,12,22128,买盘
216,14:34:32,18.44,0.06,2,3688,买盘
217,14:34:27,18.38,--,0,0,卖盘
218,14:34:22,18.38,--,1,1838,卖盘
219,14:34:17,18.38,--,1,1838,卖盘
220,14:34:12,18.38,-0.07,1,1838,卖盘
221,14:34:02,18.45,0.07,9,16605,买盘
222,14:33:57,18.38,--,0,0,卖盘
223,14:33:51,18.38,-0.08,10,18380,卖盘
224,14:33:42,18.46,--,61,112606,买盘
225,14:33:37,18.46,--,15,27690,买盘
226,14:33:27,18.46,--,3,5538,卖盘
227,14:33:22,18.46,--,30,55380,卖盘
228,14:33:17,18.46,-0.03,58,107068,卖盘
229,14:33:02,18.49,--,10,18490,买盘
230,14:32:57,18.49,-0.02,3,5546,卖盘
231,14:32:47,18.51,0.02,1,1851,买盘
232,14:32:42,18.49,-0.01,140,258859,卖盘
233,14:32:37,18.5,--,70,129500,买盘
234,14:32:27,18.5,--,13,24050,买盘
235,14:32:22,18.5,0.01,9,16650,买盘
236,14:32:17,18.49,-0.01,20,36980,卖盘
237,14:32:12,18.5,--,23,42550,卖盘
238,14:32:02,18.5,--,10,18500,卖盘
239,14:31:57,18.5,0.01,60,111000,买盘
240,14:31:51,18.49,--,102,188597,卖盘
241,14:31:46,18.49,-0.01,100,184899,卖盘
242,14:31:41,18.5,0.01,246,455100,买盘
243,14:31:36,18.49,--,34,62865,卖盘
244,14:31:31,18.49,--,13,24036,卖盘
245,14:31:27,18.49,-0.01,174,321726,卖盘
246,14:31:21,18.5,0.01,56,103600,买盘
247,14:31:12,18.49,--,140,258859,卖盘
248,14:31:06,18.49,0.01,137,253312,买盘
249,14:31:01,18.48,-0.01,3,5544,卖盘
250,14:30:57,18.49,0.01,10,18490,买盘
251,14:30:51,18.48,--,60,110880,卖盘
252,14:30:41,18.48,--,21,38808,卖盘
253,14:30:36,18.48,0.01,10,18480,买盘
254,14:30:26,18.47,--,37,68339,买盘
255,14:30:21,18.47,0.01,45,83115,买盘
256,14:30:16,18.46,--,24,44304,卖盘
257,14:30:11,18.46,-0.01,27,49842,卖盘
258,14:30:06,18.47,0.01,8,14776,买盘
259,14:30:01,18.46,0.01,67,123682,买盘
260,14:29:56,18.45,-0.01,36,66420,卖盘
261,14:29:51,18.46,0.01,13,23998,买盘
262,14:29:46,18.45,--,3,5535,卖盘
263,14:29:41,18.45,--,205,378225,买盘
264,14:29:36,18.45,0.01,24,44280,买盘
265,14:29:26,18.44,0.01,326,601144,买盘
266,14:29:21,18.43,--,1,1843,买盘
267,14:29:16,18.43,--,44,81092,买盘
268,14:29:11,18.43,0.01,156,287508,买盘
269,14:29:01,18.42,--,55,101310,卖盘
270,14:28:56,18.42,--,146,268932,买盘
271,14:28:51,18.42,--,53,97626,买盘
272,14:28:46,18.42,0.01,3,5526,买盘
273,14:28:41,18.41,--,60,110460,卖盘
274,14:28:36,18.41,0.03,95,174895,买盘
275,14:28:31,18.38,--,65,119470,卖盘
276,14:28:26,18.38,--,161,295918,买盘
277,14:28:21,18.38,0.01,3,5514,买盘
278,14:28:11,18.37,0.01,347,637439,买盘
279,14:28:06,18.36,--,21,38556,买盘
280,14:28:01,18.36,--,20,36720,买盘
281,14:27:56,18.36,--,121,222156,买盘
282,14:27:51,18.36,--,30,55080,买盘
283,14:27:46,18.36,0.01,100,183600,买盘
284,14:27:31,18.35,0.01,349,640415,买盘
285,14:27:26,18.34,0.01,101,185234,买盘
286,14:27:21,18.33,--,1,1832,卖盘
287,14:27:16,18.33,0.01,124,227291,买盘
288,14:27:06,18.32,0.02,22,41952,买盘
289,14:26:56,18.3,--,1,1830,卖盘
290,14:26:41,18.3,--,7,12810,买盘
291,14:26:36,18.3,0.02,21,38430,买盘
292,14:26:26,18.28,--,1,1828,卖盘
293,14:26:11,18.28,--,207,378414,买盘
294,14:25:41,18.28,--,39,71292,买盘
295,14:25:36,18.28,0.02,14,25592,买盘
296,14:25:26,18.26,--,1,1826,卖盘
297,14:25:21,18.26,-0.04,1,1826,卖盘
298,14:24:56,18.3,--,1,1830,买盘
299,14:24:41,18.3,--,39,71370,买盘
300,14:24:36,18.3,0.04,14,25620,买盘
301,14:24:25,18.26,--,2,3652,卖盘
302,14:24:21,18.26,-0.04,1,1826,卖盘
303,14:23:40,18.3,--,39,71370,买盘
304,14:23:36,18.3,0.01,14,25620,买盘
305,14:23:30,18.29,--,2,3658,卖盘
306,14:23:21,18.29,--,10,18290,卖盘
307,14:23:00,18.29,--,5,9145,卖盘
308,14:22:55,18.29,--,3,5487,买盘
309,14:22:45,18.29,--,17,31093,卖盘
310,14:22:40,18.29,--,22,40238,买盘
311,14:22:35,18.29,--,14,25606,买盘
312,14:22:20,18.29,--,11,20119,卖盘
313,14:21:50,18.29,-0.01,9,16461,卖盘
314,14:21:40,18.3,--,39,71370,买盘
315,14:21:35,18.3,--,14,25620,买盘
316,14:21:20,18.3,-0.01,3,5490,卖盘
317,14:21:15,18.31,0.01,7,12817,买盘
318,14:21:10,18.3,-0.02,12,21960,卖盘
319,14:21:05,18.32,--,0,0,买盘
320,14:20:55,18.32,--,0,0,买盘
321,14:20:50,18.32,--,24,43968,卖盘
322,14:20:45,18.32,--,11,20152,卖盘
323,14:20:40,18.32,--,16,29312,买盘
324,14:20:35,18.32,-0.02,14,25648,买盘
325,14:20:20,18.34,--,0,0,买盘
326,14:20:15,18.34,0.08,11,20174,买盘
327,14:20:00,18.26,-0.04,38,69388,卖盘
328,14:19:50,18.3,-0.04,1,1830,中性盘
329,14:19:39,18.34,0.08,27,49518,买盘
330,14:19:35,18.26,--,43,78518,买盘
331,14:19:24,18.26,-0.08,52,94952,卖盘
332,14:19:00,18.34,0.03,20,36680,中性盘
333,14:18:50,18.31,-0.03,13,23803,卖盘
334,14:18:39,18.34,--,28,51352,买盘
335,14:18:35,18.34,--,14,25676,买盘
336,14:18:14,18.34,--,13,23842,买盘
337,14:18:09,18.34,--,3,5502,买盘
338,14:18:05,18.34,0.01,7,12838,买盘
339,14:17:50,18.33,0.01,3,5498,买盘
340,14:17:39,18.32,--,26,47632,买盘
341,14:17:35,18.32,--,14,25648,买盘
342,14:17:30,18.32,--,10,18320,买盘
343,14:17:05,18.32,0.01,8,14656,买盘
344,14:17:00,18.31,-0.01,10,18310,卖盘
345,14:16:50,18.32,--,3,5496,买盘
346,14:16:39,18.32,--,48,87936,卖盘
347,14:16:34,18.32,-0.02,5,9160,买盘
348,14:16:19,18.34,--,0,0,买盘
349,14:16:14,18.34,0.02,43,78862,买盘
350,14:16:09,18.32,-0.02,6,10992,卖盘
351,14:16:05,18.34,-0.01,5,9170,买盘
352,14:15:49,18.35,--,0,0,买盘
353,14:15:39,18.35,0.03,8,14680,买盘
354,14:15:24,18.32,-0.03,26,47632,卖盘
355,14:15:14,18.35,0.03,53,97255,买盘
356,14:14:59,18.32,--,10,18320,卖盘
357,14:14:39,18.32,0.01,0,36,中性盘
358,14:14:34,18.31,-0.01,1,2856,卖盘
359,14:14:29,18.32,--,0,0,买盘
360,14:14:14,18.32,--,3,5496,卖盘
361,14:14:09,18.32,-0.03,5,9160,卖盘
362,14:14:04,18.35,--,14,25690,卖盘
363,14:13:44,18.35,--,6,11010,卖盘
364,14:13:39,18.35,--,33,60555,买盘
365,14:13:34,18.35,--,10,18350,买盘
366,14:13:29,18.35,--,15,27525,买盘
367,14:13:14,18.35,0.01,29,53215,买盘
368,14:13:09,18.34,-0.01,10,18340,卖盘
369,14:12:39,18.35,0.04,14,25690,买盘
370,14:12:29,18.31,-0.04,6,10986,卖盘
371,14:11:53,18.35,--,73,133955,卖盘
372,14:11:43,18.35,--,7,12845,卖盘
373,14:11:38,18.35,--,31,56885,卖盘
374,14:11:33,18.35,--,6,11010,买盘
375,14:11:23,18.35,--,38,69730,买盘
376,14:11:18,18.35,--,6,11010,买盘
377,14:11:14,18.35,0.01,12,22020,买盘
378,14:11:08,18.34,-0.01,2,3668,卖盘
379,14:11:03,18.35,--,20,36700,买盘
380,14:10:48,18.35,--,1,1835,卖盘
381,14:10:44,18.35,--,4,7340,买盘
382,14:10:38,18.35,--,53,97255,买盘
383,14:10:33,18.35,-0.01,15,27525,买盘
384,14:10:29,18.36,0.01,34,62424,买盘
385,14:10:23,18.35,--,2,3670,卖盘
386,14:10:18,18.35,--,1,1835,卖盘
387,14:10:13,18.35,--,24,44040,卖盘
388,14:10:08,18.35,--,100,183500,卖盘
389,14:09:53,18.35,--,100,183500,卖盘
390,14:09:43,18.35,0.01,78,143130,买盘
391,14:09:38,18.34,0.01,53,97202,买盘
392,14:09:29,18.33,-0.01,82,150306,卖盘
393,14:09:23,18.34,0.01,6,11004,买盘
394,14:09:13,18.33,--,16,29327,买盘
395,14:09:08,18.33,--,0,0,买盘
396,14:09:03,18.33,0.03,3,5498,买盘
397,14:08:58,18.3,--,17,31110,卖盘
398,14:08:53,18.3,--,8,14640,卖盘
399,14:08:38,18.3,0.02,69,126270,买盘
400,14:08:33,18.28,--,0,0,中性盘
401,14:08:28,18.28,--,13,23764,卖盘
402,14:08:23,18.28,-0.01,11,20108,中性盘
403,14:08:18,18.29,0.02,20,36580,买盘
404,14:08:13,18.27,--,0,0,卖盘
405,14:08:08,18.27,--,10,18270,买盘
406,14:08:03,18.27,--,11,20097,买盘
407,14:07:48,18.27,--,0,0,买盘
408,14:07:38,18.27,0.04,54,98658,买盘
409,14:07:23,18.23,--,57,103911,卖盘
410,14:07:03,18.23,0.03,53,96619,买盘
411,14:06:43,18.2,-0.03,35,63700,卖盘
412,14:06:38,18.23,0.03,54,98442,买盘
413,14:06:33,18.2,--,11,20020,卖盘
414,14:06:27,18.2,-0.03,1,1820,卖盘
415,14:06:03,18.23,--,19,34637,卖盘
416,14:05:48,18.23,--,8,14584,卖盘
417,14:05:38,18.23,--,27,49221,买盘
418,14:05:18,18.23,0.03,5,9115,买盘
419,14:05:08,18.2,-0.03,50,91000,卖盘
420,14:04:38,18.23,--,54,98442,买盘
421,14:04:32,18.23,-0.02,21,38283,卖盘
422,14:04:08,18.25,-0.02,7,12775,卖盘
423,14:04:02,18.27,-0.02,30,54810,买盘
424,14:03:47,18.29,--,0,0,买盘
425,14:03:38,18.29,0.02,54,98766,买盘
426,14:03:32,18.27,--,17,31059,卖盘
427,14:03:17,18.27,-0.02,30,54810,卖盘
428,14:03:02,18.29,--,10,18290,买盘
429,14:02:52,18.29,--,5,9145,买盘
430,14:02:37,18.29,--,70,128030,买盘
431,14:02:32,18.29,--,5,9145,买盘
432,14:02:22,18.29,--,0,0,买盘
433,14:02:17,18.29,--,21,38409,买盘
434,14:01:37,18.29,0.01,60,109740,买盘
435,14:01:27,18.28,--,0,0,卖盘
436,14:01:22,18.28,--,66,120648,卖盘
437,14:01:17,18.28,0.01,17,31076,买盘
438,14:01:12,18.27,--,50,91350,卖盘
439,14:01:07,18.27,--,68,124236,买盘
440,14:00:57,18.27,--,5,9135,买盘
441,14:00:52,18.27,--,27,49329,卖盘
442,14:00:47,18.27,--,3,5481,卖盘
443,14:00:42,18.27,0.02,1,1827,买盘
444,14:00:32,18.25,--,63,114975,买盘
445,14:00:21,18.25,--,4,7300,买盘
446,14:00:17,18.25,0.02,26,47450,买盘
447,14:00:12,18.23,-0.02,102,185946,卖盘
448,13:59:42,18.25,--,33,60225,买盘
449,13:59:36,18.25,-0.01,14,25550,买盘
450,13:59:27,18.26,-0.02,60,109560,卖盘
451,13:59:17,18.28,--,0,0,中性盘
452,13:58:47,18.28,--,6,10968,卖盘
453,13:58:41,18.28,--,34,62152,买盘
454,13:58:36,18.28,0.01,14,25592,买盘
455,13:58:32,18.27,-0.01,2,3654,卖盘
456,13:58:21,18.28,--,10,18280,买盘
457,13:58:12,18.28,--,42,76776,卖盘
458,13:58:06,18.28,-0.01,46,84088,卖盘
459,13:58:02,18.29,0.01,3,5487,买盘
460,13:57:36,18.28,--,3,5484,买盘
461,13:57:17,18.28,-0.01,7,12796,卖盘
462,13:57:06,18.29,--,14,25606,买盘
463,13:57:02,18.29,0.01,1,1829,买盘
464,13:56:46,18.28,--,45,82260,卖盘
465,13:56:36,18.28,0.01,5,9140,买盘
466,13:56:16,18.27,-0.03,1,1827,卖盘
467,13:55:41,18.3,--,51,93330,买盘
468,13:55:36,18.3,--,15,27450,买盘
469,13:55:31,18.3,--,0,0,买盘
470,13:55:16,18.3,0.01,20,36600,买盘
471,13:55:11,18.29,--,0,0,买盘
472,13:55:06,18.29,--,11,20119,卖盘
473,13:54:56,18.29,--,1,1829,卖盘
474,13:54:51,18.29,0.01,7,12803,买盘
475,13:54:41,18.28,-0.01,20,36560,中性盘
476,13:54:36,18.29,0.02,15,27435,买盘
477,13:54:31,18.27,-0.01,2,3654,卖盘
478,13:54:26,18.28,--,7,12796,卖盘
479,13:54:16,18.28,--,2,3656,卖盘
480,13:54:11,18.28,--,10,18280,卖盘
481,13:54:01,18.28,--,5,9140,卖盘
482,13:53:56,18.28,--,38,69464,卖盘
483,13:53:36,18.28,0.01,12,21936,买盘
484,13:53:21,18.27,--,34,62118,买盘
485,13:53:11,18.27,0.02,18,32886,买盘
486,13:52:51,18.25,--,5,9125,卖盘
487,13:52:36,18.25,0.01,4,7300,买盘
488,13:52:25,18.24,--,2,3647,卖盘
489,13:52:11,18.24,--,11,20064,买盘
490,13:52:06,18.24,0.02,2,3647,买盘
491,13:51:56,18.22,--,1,1822,卖盘
492,13:51:36,18.22,--,19,34618,买盘
493,13:51:30,18.22,0.02,23,41906,买盘
494,13:51:25,18.2,-0.02,5,9100,中性盘
495,13:51:21,18.22,--,3,5466,买盘
496,13:51:15,18.22,--,45,81990,买盘
497,13:51:11,18.22,0.02,15,27330,买盘
498,13:51:06,18.2,--,0,0,中性盘
499,13:51:00,18.2,--,0,0,买盘
500,13:50:55,18.2,--,11,20020,买盘
501,13:50:51,18.2,--,70,127400,买盘
502,13:50:41,18.2,0.02,156,283920,买盘
503,13:50:36,18.18,-0.01,65,118170,卖盘
504,13:50:30,18.19,--,5,9095,买盘
505,13:50:26,18.19,--,13,23647,买盘
506,13:50:20,18.19,0.01,2,3638,买盘
507,13:50:05,18.18,--,8,14544,卖盘
508,13:49:56,18.18,--,8,14544,买盘
509,13:49:50,18.18,--,25,45450,买盘
510,13:49:40,18.18,--,59,107262,买盘
511,13:49:35,18.18,--,62,112716,买盘
512,13:49:20,18.18,--,5,9090,买盘
513,13:49:15,18.18,--,5,9090,买盘
514,13:49:05,18.18,--,4,7272,买盘
515,13:49:00,18.18,0.02,11,19998,买盘
516,13:48:55,18.16,-0.02,2,3632,卖盘
517,13:48:50,18.18,--,30,54540,买盘
518,13:48:45,18.18,--,5,9090,买盘
519,13:48:40,18.18,--,53,96354,买盘
520,13:48:35,18.18,--,15,27270,买盘
521,13:48:30,18.18,--,8,14544,买盘
522,13:48:25,18.18,--,18,32724,买盘
523,13:48:20,18.18,--,2,3636,买盘
524,13:48:15,18.18,--,20,36360,买盘
525,13:48:10,18.18,--,44,79992,卖盘
526,13:48:05,18.18,-0.01,22,39996,卖盘
527,13:47:55,18.19,-0.01,2,3638,买盘
528,13:47:50,18.2,--,0,0,买盘
529,13:47:45,18.2,0.02,5,9100,买盘
530,13:47:35,18.18,0.02,13,23634,买盘
531,13:47:30,18.16,-0.03,5,9080,卖盘
532,13:47:25,18.19,--,20,36380,买盘
533,13:47:20,18.19,0.06,9,16371,买盘
534,13:47:10,18.13,--,78,141414,买盘
535,13:47:05,18.13,-0.07,154,279202,卖盘
536,13:47:00,18.2,--,19,34580,买盘
537,13:46:55,18.2,0.02,50,91000,买盘
538,13:46:50,18.18,--,48,87264,卖盘
539,13:46:35,18.18,--,5,9090,买盘
540,13:46:25,18.18,-0.02,2,3636,卖盘
541,13:46:20,18.2,0.02,50,91000,买盘
542,13:46:10,18.18,-0.04,391,710838,卖盘
543,13:46:05,18.22,--,0,0,卖盘
544,13:45:54,18.22,-0.03,200,364400,卖盘
545,13:45:50,18.25,--,5,9125,卖盘
546,13:45:45,18.25,--,2,3650,卖盘
547,13:45:39,18.25,--,15,27375,卖盘
548,13:45:35,18.25,--,11,20075,买盘
549,13:45:24,18.25,-0.01,204,372300,卖盘
550,13:45:20,18.26,--,3,5478,卖盘
551,13:44:54,18.26,-0.04,70,127820,卖盘
552,13:44:44,18.3,--,0,0,买盘
553,13:44:34,18.3,--,63,115290,买盘
554,13:44:30,18.3,0.01,13,23790,买盘
555,13:44:24,18.29,--,20,36580,卖盘
556,13:44:15,18.29,0.01,15,27435,买盘
557,13:44:09,18.28,--,0,0,卖盘
558,13:44:00,18.28,--,0,0,卖盘
559,13:43:53,18.28,--,12,21954,卖盘
560,13:43:44,18.28,--,1,1828,卖盘
561,13:43:39,18.28,--,0,0,中性盘
562,13:43:34,18.28,--,0,0,买盘
563,13:43:04,18.28,--,16,29248,卖盘
564,13:42:54,18.28,-0.01,11,20108,卖盘
565,13:42:49,18.29,-0.01,45,84115,卖盘
566,13:42:44,18.3,--,55,100650,买盘
567,13:42:34,18.3,0.01,63,115290,买盘
568,13:42:14,18.29,--,4,7316,卖盘
569,13:42:04,18.29,--,4,7334,卖盘
570,13:41:59,18.29,-0.01,5,9145,卖盘
571,13:41:54,18.3,--,3,5490,买盘
572,13:41:44,18.3,--,1,1830,买盘
573,13:41:39,18.3,--,39,71370,买盘
574,13:41:34,18.3,--,19,34770,买盘
575,13:41:29,18.3,0.01,61,111630,买盘
576,13:41:14,18.29,--,1,1829,卖盘
577,13:41:04,18.29,-0.01,8,14632,卖盘
578,13:40:59,18.3,0.01,107,195810,买盘
579,13:40:53,18.29,-0.01,5,9145,卖盘
580,13:40:49,18.3,0.01,8,14640,买盘
581,13:40:44,18.29,--,1,1829,卖盘
582,13:40:38,18.29,0.04,46,84134,买盘
583,13:40:34,18.25,-0.05,37,67525,卖盘
584,13:40:14,18.3,--,0,0,买盘
585,13:40:04,18.3,--,0,0,买盘
586,13:39:59,18.3,0.07,16,29280,买盘
587,13:39:49,18.23,-0.06,11,20053,卖盘
588,13:39:44,18.29,--,9,16461,卖盘
589,13:39:38,18.29,--,34,62186,卖盘
590,13:39:34,18.29,0.03,10,18290,买盘
591,13:39:29,18.26,-0.03,6,10956,卖盘
592,13:39:23,18.29,0.03,3,5487,买盘
593,13:39:19,18.26,-0.04,10,18260,卖盘
594,13:39:14,18.3,0.04,3,5490,买盘
595,13:39:08,18.26,--,74,135124,卖盘
596,13:38:59,18.26,--,30,54780,卖盘
597,13:38:53,18.26,--,0,0,卖盘
598,13:38:49,18.26,-0.03,1,1826,卖盘
599,13:38:44,18.29,0.03,3,5487,买盘
600,13:38:38,18.26,--,33,60258,卖盘
601,13:38:34,18.26,0.03,18,32868,买盘
602,13:38:19,18.23,--,0,0,卖盘
603,13:38:14,18.23,-0.03,20,36460,卖盘
604,13:38:04,18.26,0.03,5,9130,买盘
605,13:37:59,18.23,-0.07,46,83858,卖盘
606,13:37:47,18.3,--,0,0,买盘
607,13:37:38,18.3,0.04,73,133590,买盘
608,13:37:32,18.26,--,2,3652,卖盘
609,13:37:29,18.26,--,10,18260,卖盘
610,13:37:23,18.26,0.01,13,23738,卖盘
611,13:37:08,18.25,-0.05,500,912500,卖盘
612,13:36:59,18.3,-0.03,17,31110,卖盘
613,13:36:53,18.33,0.03,1,1832,买盘
614,13:36:47,18.3,--,151,276330,卖盘
615,13:36:44,18.3,-0.03,1000,1830000,卖盘
616,13:36:38,18.33,-0.02,71,130142,卖盘
617,13:36:28,18.35,--,20,36700,买盘
618,13:36:23,18.35,--,48,88080,卖盘
619,13:36:08,18.35,--,10,18350,卖盘
620,13:36:02,18.35,--,0,0,卖盘
621,13:35:58,18.35,-0.01,500,917500,卖盘
622,13:35:47,18.36,--,11,20196,卖盘
623,13:35:43,18.36,--,40,73440,卖盘
624,13:35:38,18.36,--,70,128520,卖盘
625,13:35:23,18.36,-0.01,76,139536,卖盘
626,13:35:13,18.37,--,2,3674,卖盘
627,13:34:43,18.37,--,0,0,卖盘
628,13:34:38,18.37,-0.01,70,128590,卖盘
629,13:34:23,18.38,0.01,57,104766,买盘
630,13:34:08,18.37,--,7,12859,卖盘
631,13:33:47,18.37,--,11,20207,卖盘
632,13:33:43,18.37,--,11,20207,卖盘
633,13:33:38,18.37,-0.02,82,150634,卖盘
634,13:33:13,18.39,--,7,12873,卖盘
635,13:32:58,18.39,0.01,27,49653,中性盘
636,13:32:47,18.38,0.02,47,86386,中性盘
637,13:32:43,18.36,-0.04,190,348840,卖盘
638,13:32:38,18.4,0.05,1022,1880479,买盘
639,13:32:28,18.35,--,671,1231285,卖盘
640,13:32:23,18.35,--,56,102760,卖盘
641,13:32:17,18.35,-0.04,28,51380,卖盘
642,13:32:13,18.39,0.03,214,393546,买盘
643,13:32:08,18.36,-0.02,22,40392,卖盘
644,13:32:02,18.38,-0.02,1,1838,卖盘
645,13:31:58,18.4,--,0,0,买盘
646,13:31:53,18.4,0.01,26,47839,买盘
647,13:31:43,18.39,--,376,691464,卖盘
648,13:31:38,18.39,0.01,101,185739,买盘
649,13:31:32,18.38,--,0,0,卖盘
650,13:31:28,18.38,--,11,20218,卖盘
651,13:31:23,18.38,-0.01,33,60654,卖盘
652,13:31:17,18.39,--,117,215163,买盘
653,13:31:13,18.39,0.01,12,22068,买盘
654,13:31:08,18.38,--,2,3676,买盘
655,13:31:02,18.38,0.02,3,5514,买盘
656,13:30:53,18.36,--,0,0,卖盘
657,13:30:43,18.36,--,2,3672,卖盘
658,13:30:38,18.36,0.04,6,11016,买盘
659,13:30:28,18.32,--,0,0,卖盘
660,13:30:17,18.32,-0.04,97,177704,卖盘
661,13:30:13,18.36,-0.03,192,352512,卖盘
662,13:30:07,18.39,--,806,1482234,卖盘
663,13:29:53,18.39,--,3,5517,卖盘
664,13:29:42,18.39,--,44,80916,卖盘
665,13:29:38,18.39,0.03,47,86433,买盘
666,13:29:32,18.36,-0.03,11,20196,卖盘
667,13:29:26,18.39,--,22,40458,买盘
668,13:29:23,18.39,--,0,0,中性盘
669,13:29:08,18.39,--,15,27585,卖盘
670,13:29:02,18.39,--,61,112179,卖盘
671,13:28:56,18.39,-0.01,25,45975,卖盘
672,13:28:52,18.4,0.04,74,136160,买盘
673,13:28:41,18.36,--,1,1836,买盘
674,13:28:38,18.36,-0.03,79,145044,卖盘
675,13:28:26,18.39,--,50,91950,卖盘
676,13:28:23,18.39,0.03,31,57009,买盘
677,13:28:17,18.36,--,16,29376,卖盘
678,13:28:07,18.36,-0.04,32,58752,卖盘
679,13:28:02,18.4,0.04,277,509679,买盘
680,13:27:52,18.36,-0.04,75,137700,卖盘
681,13:27:47,18.4,0.01,223,410319,买盘
682,13:27:41,18.39,--,7,12873,卖盘
683,13:27:37,18.39,--,0,0,中性盘
684,13:27:32,18.39,0.02,30,55170,买盘
685,13:27:26,18.37,-0.03,10,18370,卖盘
686,13:27:22,18.4,0.04,25,46000,买盘
687,13:27:17,18.36,-0.03,10,18360,卖盘
688,13:27:11,18.39,0.03,1,1839,买盘
689,13:27:07,18.36,--,0,0,卖盘
690,13:26:52,18.36,--,2,3672,卖盘
691,13:26:37,18.36,--,50,92681,买盘
692,13:26:26,18.36,--,5,9180,买盘
693,13:26:17,18.36,--,22,40392,买盘
694,13:26:07,18.36,-0.04,220,404874,卖盘
695,13:26:02,18.4,0.04,861,1585123,买盘
696,13:25:41,18.36,-0.03,18,33048,卖盘
697,13:25:37,18.39,0.03,53,97467,买盘
698,13:25:26,18.36,--,2,3672,卖盘
699,13:25:16,18.36,0.01,107,196452,卖盘
700,13:24:56,18.35,--,0,0,卖盘
701,13:24:46,18.35,--,24,44040,卖盘
702,13:24:41,18.35,-0.04,4,7340,卖盘
703,13:24:37,18.39,--,53,97467,买盘
704,13:24:31,18.39,--,0,0,买盘
705,13:24:22,18.39,--,10,18390,买盘
706,13:24:16,18.39,--,143,262977,买盘
707,13:24:11,18.39,0.04,53,97467,买盘
708,13:23:46,18.35,--,0,0,卖盘
709,13:23:37,18.35,--,0,0,卖盘
710,13:23:31,18.35,--,13,23855,卖盘
711,13:23:26,18.35,-0.01,19,34865,卖盘
712,13:23:22,18.36,-0.04,73,134028,卖盘
713,13:23:16,18.4,0.01,300,552000,买盘
714,13:23:07,18.39,--,28,51492,卖盘
715,13:23:01,18.39,--,5,9195,卖盘
716,13:22:52,18.39,0.03,23,42297,买盘
717,13:22:46,18.36,-0.03,11,20196,卖盘
718,13:22:41,18.39,--,8,14712,卖盘
719,13:22:37,18.39,0.03,45,82755,买盘
720,13:22:31,18.36,--,10,18360,卖盘
721,13:22:26,18.36,-0.03,1,1836,卖盘
722,13:22:16,18.39,--,5,9195,买盘
723,13:22:11,18.39,--,5,9195,买盘
724,13:21:56,18.39,--,0,0,买盘
725,13:21:46,18.39,0.03,110,202290,买盘
726,13:21:41,18.36,--,99,181764,卖盘
727,13:21:26,18.36,--,4,7344,买盘
728,13:21:20,18.36,--,4,7344,卖盘
729,13:21:16,18.36,--,34,62424,卖盘
730,13:21:05,18.36,--,0,0,卖盘
731,13:21:01,18.36,-0.04,2,3672,卖盘
732,13:20:56,18.4,0.01,50,92000,买盘
733,13:20:41,18.39,--,122,224358,卖盘
734,13:20:35,18.39,-0.01,44,80916,买盘
735,13:20:26,18.4,--,0,0,买盘
736,13:20:20,18.4,--,99,182160,买盘
737,13:20:11,18.4,--,16,30433,买盘
738,13:20:05,18.4,--,3,5520,买盘
739,13:20:01,18.4,-0.05,146,268640,卖盘
740,13:19:56,18.45,--,0,0,买盘
741,13:19:50,18.45,--,2,3690,卖盘
742,13:19:46,18.45,0.02,89,164205,买盘
743,13:19:41,18.43,-0.02,85,156655,卖盘
744,13:19:35,18.45,--,79,145755,卖盘
745,13:19:31,18.45,--,90,166050,买盘
746,13:19:26,18.45,--,107,197415,卖盘
747,13:19:20,18.45,--,4,7380,卖盘
748,13:19:16,18.45,--,98,180810,买盘
749,13:19:11,18.45,--,0,0,买盘
750,13:19:05,18.45,0.05,6,11070,买盘
751,13:19:01,18.4,-0.01,52,95679,卖盘
752,13:18:56,18.41,-0.04,6,11046,卖盘
753,13:18:50,18.45,--,11,20295,买盘
754,13:18:46,18.45,0.02,127,234315,买盘
755,13:18:41,18.43,0.03,63,116109,买盘
756,13:18:35,18.4,-0.03,30,55199,卖盘
757,13:18:31,18.43,0.03,80,147440,买盘
758,13:18:26,18.4,--,175,322000,卖盘
759,13:18:16,18.4,--,532,978879,买盘
760,13:18:11,18.4,0.02,304,559360,买盘
761,13:18:05,18.38,--,20,36760,卖盘
762,13:18:01,18.38,0.01,216,397008,买盘
763,13:17:56,18.37,0.01,18,33911,买盘
764,13:17:50,18.36,-0.01,55,100980,卖盘
765,13:17:46,18.37,--,65,119405,买盘
766,13:17:40,18.37,0.02,53,97361,买盘
767,13:17:35,18.35,--,0,0,卖盘
768,13:17:31,18.35,-0.02,10,18350,卖盘
769,13:17:25,18.37,0.02,68,124916,买盘
770,13:17:16,18.35,-0.01,23,42205,卖盘
771,13:17:05,18.36,0.01,10,18360,买盘
772,13:17:01,18.35,--,138,253230,卖盘
773,13:16:46,18.35,--,10,18350,卖盘
774,13:16:40,18.35,0.01,256,469760,买盘
775,13:16:35,18.34,--,16,29344,买盘
776,13:16:25,18.34,-0.01,22,40348,中性盘
777,13:16:20,18.35,0.04,7,12845,买盘
778,13:16:15,18.31,--,0,0,卖盘
779,13:16:10,18.31,-0.02,88,161128,卖盘
780,13:16:05,18.33,--,10,18330,卖盘
781,13:16:00,18.33,-0.01,33,60488,卖盘
782,13:15:55,18.34,0.01,191,350294,买盘
783,13:15:50,18.33,--,2,3665,卖盘
784,13:15:46,18.33,--,50,91649,卖盘
785,13:15:40,18.33,--,97,177800,卖盘
786,13:15:35,18.33,--,82,150306,卖盘
787,13:15:30,18.33,--,41,75153,卖盘
788,13:15:25,18.33,--,101,185132,卖盘
789,13:15:15,18.33,--,47,86150,卖盘
790,13:15:05,18.33,--,0,0,卖盘
791,13:15:00,18.33,0.01,17,31160,卖盘
792,13:14:55,18.32,0.01,36,65952,中性盘
793,13:14:50,18.31,-0.02,66,120845,卖盘
794,13:14:45,18.33,--,23,42745,卖盘
795,13:14:40,18.33,-0.01,44,80651,卖盘
796,13:14:35,18.34,-0.01,3,5502,卖盘
797,13:14:30,18.35,0.02,532,977467,买盘
798,13:14:25,18.33,0.02,301,551733,买盘
799,13:14:15,18.31,-0.02,105,192255,卖盘
800,13:14:10,18.33,0.02,400,733199,买盘
801,13:14:00,18.31,--,45,82395,买盘
802,13:13:45,18.31,--,5,9155,卖盘
803,13:13:40,18.31,-0.01,54,98874,卖盘
804,13:13:35,18.32,0.01,63,115416,买盘
805,13:13:30,18.31,--,9,16479,卖盘
806,13:13:25,18.31,-0.01,2,3661,卖盘
807,13:13:05,18.32,0.01,10,18320,买盘
808,13:12:55,18.31,-0.01,1,1830,买盘
809,13:12:50,18.32,--,0,0,买盘
810,13:12:40,18.32,0.01,53,97096,买盘
811,13:12:35,18.31,--,15,27464,卖盘
812,13:12:25,18.31,--,15,27464,卖盘
813,13:12:20,18.31,--,12,21972,卖盘
814,13:12:14,18.31,--,8,14647,卖盘
815,13:12:10,18.31,0.01,22,40282,买盘
816,13:12:05,18.3,--,50,91500,卖盘
817,13:11:55,18.3,--,173,316590,卖盘
818,13:11:50,18.3,--,183,334890,买盘
819,13:11:40,18.3,0.05,53,96990,买盘
820,13:11:35,18.25,--,0,0,卖盘
821,13:11:25,18.25,--,13,23725,卖盘
822,13:11:14,18.25,--,4,7300,卖盘
823,13:11:10,18.25,-0.05,578,1056364,卖盘
824,13:11:05,18.3,--,20,36600,买盘
825,13:10:59,18.3,0.05,12,21960,买盘
826,13:10:44,18.25,-0.06,25,45625,卖盘
827,13:10:40,18.31,--,53,97043,买盘
828,13:10:35,18.31,0.06,1,1830,中性盘
829,13:10:29,18.25,-0.03,10,18250,卖盘
830,13:10:25,18.28,0.03,2,3656,中性盘
831,13:10:20,18.25,-0.06,11,20075,卖盘
832,13:10:14,18.31,0.03,14,25634,买盘
833,13:10:10,18.28,-0.02,25,45700,卖盘
834,13:10:05,18.3,--,10,18300,卖盘
835,13:09:59,18.3,-0.01,10,18300,卖盘
836,13:09:34,18.31,0.01,28,51268,买盘
837,13:09:25,18.3,-0.01,99,181170,卖盘
838,13:09:14,18.31,--,5,9155,卖盘
839,13:09:10,18.31,--,10,18310,卖盘
840,13:08:54,18.31,--,15,27464,卖盘
841,13:08:40,18.31,--,109,199579,买盘
842,13:08:34,18.31,--,25,45775,买盘
843,13:08:19,18.31,--,1,1830,买盘
844,13:08:14,18.31,-0.02,17,31126,卖盘
845,13:08:09,18.33,--,0,0,买盘
846,13:07:54,18.33,0.01,11,20162,买盘
847,13:07:49,18.32,--,5,9160,卖盘
848,13:07:44,18.32,--,20,36640,卖盘
849,13:07:39,18.32,0.01,44,80608,中性盘
850,13:07:34,18.31,--,50,91550,卖盘
851,13:07:29,18.31,--,60,109859,卖盘
852,13:07:24,18.31,0.01,148,270988,买盘
853,13:07:19,18.3,-0.01,16,29280,卖盘
854,13:07:14,18.31,--,455,833105,卖盘
855,13:07:09,18.31,0.01,79,144649,买盘
856,13:07:04,18.3,-0.01,30,54900,卖盘
857,13:06:59,18.31,--,31,56760,卖盘
858,13:06:49,18.31,--,38,69578,卖盘
859,13:06:44,18.31,--,113,206903,卖盘
860,13:06:39,18.31,-0.01,384,703104,卖盘
861,13:06:29,18.32,-0.01,10,18320,中性盘
862,13:06:24,18.33,0.01,200,366599,买盘
863,13:06:19,18.32,0.01,8,14656,买盘
864,13:06:04,18.31,--,3,5493,买盘
865,13:05:54,18.31,--,40,73240,买盘
866,13:05:44,18.31,0.01,4,7323,中性盘
867,13:05:39,18.3,-0.01,62,113460,卖盘
868,13:05:34,18.31,--,6,10986,卖盘
869,13:05:19,18.31,0.01,44,80564,买盘
870,13:05:04,18.3,-0.01,36,65880,卖盘
871,13:04:59,18.31,--,74,135494,卖盘
872,13:04:44,18.31,-0.01,3,5493,卖盘
873,13:04:38,18.32,0.01,57,104424,买盘
874,13:04:34,18.31,-0.01,20,36620,卖盘
875,13:04:19,18.32,0.01,3,5496,买盘
876,13:04:14,18.31,--,36,65916,卖盘
877,13:03:59,18.31,--,31,56760,卖盘
878,13:03:49,18.31,--,8,14647,卖盘
879,13:03:38,18.31,--,27,49437,买盘
880,13:03:29,18.31,0.01,5,9155,买盘
881,13:03:19,18.3,--,12,21960,卖盘
882,13:03:08,18.3,--,0,0,卖盘
883,13:03:04,18.3,-0.01,145,265350,卖盘
884,13:02:59,18.31,--,9,16479,卖盘
885,13:02:49,18.31,--,45,82395,卖盘
886,13:02:44,18.31,-0.01,4,7323,卖盘
887,13:02:38,18.32,0.01,53,97096,买盘
888,13:02:29,18.31,-0.01,10,18310,卖盘
889,13:02:23,18.32,--,1,1832,买盘
890,13:02:19,18.32,0.01,1,1832,买盘
891,13:02:14,18.31,-0.01,2,3661,卖盘
892,13:02:04,18.32,-0.01,23,42136,卖盘
893,13:01:59,18.33,0.01,6,10997,买盘
894,13:01:38,18.32,--,39,71448,中性盘
895,13:01:34,18.32,--,58,106256,买盘
896,13:01:23,18.32,0.01,5,9160,中性盘
897,13:01:13,18.31,-0.02,1,1830,卖盘
898,13:00:58,18.33,--,1,1832,买盘
899,13:00:53,18.33,0.03,8,14663,买盘
900,13:00:48,18.3,--,0,0,卖盘
901,13:00:43,18.3,-0.03,8,14640,卖盘
902,13:00:38,18.33,0.03,53,97148,买盘
903,13:00:18,18.3,-0.01,95,173850,卖盘
904,13:00:13,18.31,--,0,0,卖盘
905,13:00:08,18.31,0.02,266,487045,买盘
906,13:00:03,18.29,-0.01,376,687704,中性盘
907,11:30:00,18.3,--,0,0,买盘
908,11:29:59,18.3,--,0,0,买盘
909,11:29:49,18.3,0.02,696,1273680,买盘
910,11:29:44,18.28,--,20,36560,买盘
911,11:29:29,18.28,--,0,0,买盘
912,11:29:24,18.28,0.01,20,36560,买盘
913,11:29:14,18.27,0.02,1,1827,买盘
914,11:28:59,18.25,--,5,9125,卖盘
915,11:28:44,18.25,--,40,73000,卖盘
916,11:28:34,18.25,--,5,9125,买盘
917,11:28:29,18.25,--,2,3650,买盘
918,11:28:24,18.25,--,0,0,买盘
919,11:28:14,18.25,-0.03,3,5475,卖盘
920,11:27:54,18.28,--,0,0,买盘
921,11:27:44,18.28,--,0,0,买盘
922,11:27:29,18.28,0.03,160,292480,买盘
923,11:27:24,18.25,-0.02,207,377775,卖盘
924,11:27:14,18.27,0.01,30,54810,买盘
925,11:26:59,18.26,-0.01,50,91300,卖盘
926,11:26:49,18.27,--,1,1827,卖盘
927,11:26:44,18.27,--,22,40194,卖盘
928,11:26:39,18.27,--,10,18270,卖盘
929,11:26:29,18.27,-0.01,12,21924,卖盘
930,11:26:14,18.28,--,104,190112,买盘
931,11:25:48,18.28,--,85,155380,卖盘
932,11:25:44,18.28,-0.02,15,27420,卖盘
933,11:25:39,18.3,--,9,16470,买盘
934,11:25:18,18.3,--,0,0,买盘
935,11:25:14,18.3,--,19,34770,买盘
936,11:25:09,18.3,--,2,3660,卖盘
937,11:25:03,18.3,-0.02,36,65880,卖盘
938,11:24:53,18.32,0.02,84,153888,买盘
939,11:24:44,18.3,-0.01,19,34770,卖盘
940,11:24:39,18.31,-0.01,74,135494,中性盘
941,11:24:33,18.32,--,2,3664,买盘
942,11:24:29,18.32,0.01,30,54960,买盘
943,11:24:24,18.31,-0.01,77,140987,卖盘
944,11:24:14,18.32,-0.01,23,42136,卖盘
945,11:24:08,18.33,0.01,20,36660,买盘
946,11:23:59,18.32,0.02,5,9160,卖盘
947,11:23:53,18.3,--,0,0,卖盘
948,11:23:44,18.3,-0.02,92,168360,卖盘
949,11:23:38,18.32,0.01,318,582576,买盘
950,11:23:23,18.31,--,23,42113,卖盘
951,11:23:14,18.31,-0.02,1,1830,中性盘
952,11:23:08,18.33,0.03,30,54989,买盘
953,11:22:53,18.3,--,173,316590,买盘
954,11:22:43,18.3,--,20,36600,买盘
955,11:22:38,18.3,--,40,73200,买盘
956,11:22:28,18.3,--,100,183000,买盘
957,11:22:23,18.3,-0.02,1131,2069730,卖盘
958,11:22:18,18.32,--,12,21984,卖盘
959,11:22:13,18.32,--,20,36640,卖盘
960,11:22:08,18.32,0.02,39,71448,买盘
961,11:21:58,18.3,-0.02,15,27450,中性盘
962,11:21:53,18.32,--,28,51296,买盘
963,11:21:43,18.32,-0.01,3,5496,中性盘
964,11:21:38,18.33,0.03,116,212627,买盘
965,11:21:33,18.3,--,80,146400,买盘
966,11:21:28,18.3,-0.02,707,1293810,卖盘
967,11:21:23,18.32,--,3,5496,买盘
968,11:21:13,18.32,0.01,67,122744,买盘
969,11:21:08,18.31,0.01,27,49437,买盘
970,11:21:03,18.3,--,53,96990,卖盘
971,11:20:58,18.3,--,318,581940,买盘
972,11:20:53,18.3,0.01,12,21960,买盘
973,11:20:48,18.29,--,1,1829,卖盘
974,11:20:43,18.29,0.02,896,1639735,买盘
975,11:20:38,18.27,--,33,60291,买盘
976,11:20:33,18.27,--,66,120582,买盘
977,11:20:13,18.27,0.04,15,27405,买盘
978,11:20:08,18.23,--,0,0,卖盘
979,11:19:57,18.23,-0.04,1,1823,卖盘
980,11:19:38,18.27,--,40,73080,买盘
981,11:19:33,18.27,0.05,4,7308,买盘
982,11:19:23,18.22,-0.05,2,3644,卖盘
983,11:19:12,18.27,--,15,27405,买盘
984,11:18:53,18.27,--,0,0,中性盘
985,11:18:48,18.27,-0.01,12,21924,卖盘
986,11:18:42,18.28,0.01,20,36560,买盘
987,11:18:37,18.27,0.06,28,51156,买盘
988,11:18:33,18.21,-0.05,22,40062,卖盘
989,11:18:27,18.26,0.01,3,5478,买盘
990,11:18:23,18.25,-0.03,15,27375,中性盘
991,11:18:18,18.28,0.01,112,204736,买盘
992,11:18:12,18.27,--,26,47502,买盘
993,11:17:47,18.27,--,3,6357,卖盘
994,11:17:42,18.27,-0.01,50,91350,卖盘
995,11:17:38,18.28,0.01,60,109680,买盘
996,11:17:32,18.27,--,8,14616,卖盘
997,11:17:26,18.27,--,10,18270,卖盘
998,11:17:18,18.27,-0.01,53,96831,卖盘
999,11:17:12,18.28,0.01,65,118820,买盘
1000,11:17:08,18.27,-0.01,4,7308,卖盘
1001,11:17:02,18.28,--,5,9140,买盘
1002,11:16:57,18.28,0.01,19,34732,买盘
1003,11:16:53,18.27,-0.01,5,9135,卖盘
1004,11:16:37,18.28,0.01,65,118820,买盘
1005,11:16:32,18.27,-0.02,51,93177,卖盘
1006,11:16:27,18.29,0.02,5,9145,买盘
1007,11:16:23,18.27,-0.02,20,36540,卖盘
1008,11:16:17,18.29,--,40,73160,买盘
1009,11:16:12,18.29,0.01,25,45725,买盘
1010,11:16:07,18.28,-0.01,1,1828,卖盘
1011,11:16:02,18.29,0.02,62,113398,买盘
1012,11:15:57,18.27,--,0,0,卖盘
1013,11:15:52,18.27,--,179,327033,卖盘
1014,11:15:42,18.27,--,51,93177,卖盘
1015,11:15:32,18.27,--,90,165380,买盘
1016,11:15:27,18.27,0.01,11,20097,买盘
1017,11:15:22,18.26,0.01,7,12782,买盘
1018,11:15:17,18.25,-0.02,13,23725,卖盘
1019,11:15:12,18.27,0.01,15,27405,买盘
1020,11:15:07,18.26,--,5,9130,卖盘
1021,11:15:02,18.26,0.05,174,317724,买盘
1022,11:14:57,18.21,-0.04,6,10926,卖盘
1023,11:14:52,18.25,--,2,3650,卖盘
1024,11:14:47,18.25,0.01,57,104025,买盘
1025,11:14:42,18.24,-0.01,6,10943,买盘
1026,11:14:37,18.25,0.03,43,78475,买盘
1027,11:14:32,18.22,-0.03,2,3644,卖盘
1028,11:14:27,18.25,0.05,51,93075,买盘
1029,11:14:22,18.2,--,0,0,卖盘
1030,11:14:17,18.2,-0.05,10,18200,卖盘
1031,11:14:12,18.25,0.05,24,43800,买盘
1032,11:14:07,18.2,--,27,49140,卖盘
1033,11:14:02,18.2,--,0,0,卖盘
1034,11:13:37,18.2,--,81,147420,买盘
1035,11:13:27,18.2,-0.05,115,209300,卖盘
1036,11:13:17,18.25,0.02,55,100375,买盘
1037,11:13:12,18.23,-0.01,15,27345,中性盘
1038,11:13:06,18.24,--,11,20064,卖盘
1039,11:13:02,18.24,--,59,107615,买盘
1040,11:12:56,18.24,--,42,76608,买盘
1041,11:12:51,18.24,0.01,11,20064,买盘
1042,11:12:47,18.23,-0.01,32,58336,卖盘
1043,11:12:42,18.24,0.04,20,36480,买盘
1044,11:12:32,18.2,--,0,0,卖盘
1045,11:12:27,18.2,-0.04,7,12740,卖盘
1046,11:12:17,18.24,0.06,2,3647,买盘
1047,11:12:11,18.18,--,161,292698,卖盘
1048,11:12:02,18.18,--,0,0,卖盘
1049,11:11:51,18.18,-0.01,910,1654380,卖盘
1050,11:11:42,18.19,0.01,33,60027,买盘
1051,11:11:21,18.18,-0.01,101,183618,卖盘
1052,11:11:16,18.19,--,16,29104,买盘
1053,11:11:12,18.19,--,35,63665,买盘
1054,11:11:02,18.19,--,12,21828,卖盘
1055,11:10:57,18.19,--,11,20009,买盘
1056,11:10:51,18.19,--,4,7276,卖盘
1057,11:10:46,18.19,--,7,12733,卖盘
1058,11:10:42,18.19,--,69,125511,买盘
1059,11:10:32,18.19,--,90,163710,买盘
1060,11:10:27,18.19,--,221,401999,买盘
1061,11:10:21,18.19,--,217,394723,买盘
1062,11:10:16,18.19,--,7,12733,买盘
1063,11:10:11,18.19,0.01,167,303773,买盘
1064,11:10:01,18.18,-0.01,156,283608,卖盘
1065,11:09:51,18.19,--,21,38199,买盘
1066,11:09:46,18.19,--,76,138244,买盘
1067,11:09:41,18.19,0.01,118,214642,买盘
1068,11:09:35,18.18,--,14,25452,卖盘
1069,11:09:31,18.18,--,426,774468,卖盘
1070,11:09:26,18.18,--,18,32724,卖盘
1071,11:09:16,18.18,--,4,7272,卖盘
1072,11:09:11,18.18,-0.01,17,30906,中性盘
1073,11:09:06,18.19,0.03,20,36380,买盘
1074,11:09:01,18.16,-0.02,7,12712,卖盘
1075,11:08:56,18.18,0.02,30,54540,买盘
1076,11:08:51,18.16,0.02,66,119856,买盘
1077,11:08:41,18.14,--,43,78002,买盘
1078,11:08:36,18.14,--,0,0,买盘
1079,11:08:31,18.14,0.01,4,7256,买盘
1080,11:08:16,18.13,0.02,196,355348,买盘
1081,11:08:11,18.11,--,19,34409,买盘
1082,11:08:06,18.11,--,10,18110,买盘
1083,11:07:50,18.11,--,15,27165,买盘
1084,11:07:41,18.11,0.01,40,72440,买盘
1085,11:07:36,18.1,--,3,5430,卖盘
1086,11:07:26,18.1,--,14,25340,卖盘
1087,11:07:11,18.1,0.08,88,159280,买盘
1088,11:06:51,18.02,-0.05,297,535194,卖盘
1089,11:06:41,18.07,0.01,50,90350,买盘
1090,11:06:31,18.06,-0.01,29,52373,卖盘
1091,11:06:20,18.07,0.01,88,159016,买盘
1092,11:06:11,18.06,--,15,27089,买盘
1093,11:05:56,18.06,0.02,1,1805,买盘
1094,11:05:51,18.04,0.02,7,12628,买盘
1095,11:05:41,18.02,-0.04,240,432480,卖盘
1096,11:05:30,18.06,--,0,0,买盘
1097,11:05:14,18.06,--,3,5418,买盘
1098,11:05:11,18.06,--,35,63209,买盘
1099,11:04:55,18.06,--,7,12642,卖盘
1100,11:04:40,18.06,0.06,33,59597,买盘
1101,11:04:35,18.0,-0.01,300,540000,卖盘
1102,11:04:29,18.01,--,2,3602,卖盘
1103,11:04:25,18.01,-0.05,18,32418,中性盘
1104,11:04:20,18.06,--,8,14447,买盘
1105,11:04:14,18.06,0.06,15,27089,买盘
1106,11:03:51,18.0,-0.06,7,12600,卖盘
1107,11:03:40,18.06,--,60,108359,买盘
1108,11:03:14,18.06,--,0,0,中性盘
1109,11:03:10,18.06,--,15,27089,买盘
1110,11:03:05,18.06,-0.01,17,30701,卖盘
1111,11:02:59,18.07,0.02,2,3614,买盘
1112,11:02:55,18.05,0.02,8,14440,买盘
1113,11:02:50,18.03,-0.04,196,353388,卖盘
1114,11:02:44,18.07,--,0,0,买盘
1115,11:02:40,18.07,--,46,83122,买盘
1116,11:02:35,18.07,0.01,10,18070,买盘
1117,11:02:14,18.06,--,2,3611,卖盘
1118,11:02:10,18.06,--,8,14447,买盘
1119,11:01:59,18.06,0.01,68,122807,买盘
1120,11:01:55,18.05,--,1,1805,卖盘
1121,11:01:50,18.05,--,3,5415,卖盘
1122,11:01:40,18.05,0.02,35,63175,买盘
1123,11:01:35,18.03,-0.02,78,140634,中性盘
1124,11:01:10,18.05,0.03,19,34295,买盘
1125,11:01:05,18.02,--,0,0,中性盘
1126,11:00:55,18.02,-0.04,20,36040,卖盘
1127,11:00:50,18.06,-0.01,15,27089,中性盘
1128,11:00:40,18.07,-0.01,40,72280,买盘
1129,11:00:35,18.08,--,0,0,买盘
1130,11:00:29,18.08,0.08,12,21695,买盘
1131,11:00:25,18.0,--,2,3600,卖盘
1132,11:00:20,18.0,--,35,63000,卖盘
1133,11:00:10,18.0,--,51,91800,买盘
1134,10:59:55,18.0,--,10,18000,买盘
1135,10:59:40,18.0,--,40,72000,买盘
1136,10:59:35,18.0,-0.09,119,214200,卖盘
1137,10:59:29,18.09,--,10,18090,买盘
1138,10:59:20,18.09,--,23,41607,卖盘
1139,10:59:14,18.09,0.01,2,3618,中性盘
1140,10:59:08,18.08,0.02,192,347135,中性盘
1141,10:59:05,18.06,-0.02,220,397320,卖盘
1142,10:58:59,18.08,0.01,49,88591,买盘
1143,10:58:53,18.07,--,9,16263,卖盘
1144,10:58:50,18.07,--,5,9035,卖盘
1145,10:58:38,18.07,0.01,13,23491,买盘
1146,10:58:29,18.06,--,5,9030,卖盘
1147,10:58:23,18.06,--,1,1805,卖盘
1148,10:58:19,18.06,--,47,84882,买盘
1149,10:58:14,18.06,0.01,17,30701,买盘
1150,10:58:04,18.05,--,10,18050,卖盘
1151,10:57:59,18.05,0.05,15,27075,买盘
1152,10:57:53,18.0,--,9,16200,卖盘
1153,10:57:44,18.0,0.05,9,16200,卖盘
1154,10:57:38,17.95,--,0,0,卖盘
1155,10:57:34,17.95,-0.1,9,16155,卖盘
1156,10:57:29,18.05,0.01,200,361000,买盘
1157,10:57:23,18.04,--,28,50512,卖盘
1158,10:57:14,18.04,0.06,13,23452,买盘
1159,10:57:04,17.98,-0.06,9,16182,卖盘
1160,10:56:53,18.04,0.06,9,16236,买盘
1161,10:56:44,17.98,--,9,16182,卖盘
1162,10:56:34,17.98,-0.06,9,16182,卖盘
1163,10:56:29,18.04,0.06,28,50512,买盘
1164,10:56:23,17.98,--,3,5394,买盘
1165,10:56:19,17.98,--,5,8990,买盘
1166,10:56:14,17.98,--,17,30566,卖盘
1167,10:56:04,17.98,-0.06,9,16182,卖盘
1168,10:55:59,18.04,0.06,2,3608,买盘
1169,10:55:53,17.98,-0.06,9,16182,卖盘
1170,10:55:43,18.04,-0.01,11,19844,买盘
1171,10:55:38,18.05,0.05,40,72200,买盘
1172,10:55:34,18.0,-0.04,14,25200,卖盘
1173,10:55:29,18.04,--,5,9020,卖盘
1174,10:55:23,18.04,--,12,21648,卖盘
1175,10:55:19,18.04,--,20,36080,卖盘
1176,10:55:14,18.04,-0.01,44,79376,卖盘
1177,10:55:08,18.05,0.01,57,102885,买盘
1178,10:55:04,18.04,--,8,14432,卖盘
1179,10:54:53,18.04,--,125,225500,卖盘
1180,10:54:49,18.04,--,4,7216,卖盘
1181,10:54:44,18.04,--,2,3608,卖盘
1182,10:54:38,18.04,--,19,34276,买盘
1183,10:54:34,18.04,--,20,36080,买盘
1184,10:54:14,18.04,0.1,18,32472,买盘
1185,10:54:08,17.94,--,0,0,卖盘
1186,10:54:04,17.94,-0.06,198,355212,卖盘
1187,10:53:59,18.0,--,204,367200,卖盘
1188,10:53:49,18.0,--,55,99360,买盘
1189,10:53:38,18.0,--,114,205200,买盘
1190,10:53:29,18.0,--,194,350640,卖盘
1191,10:53:19,18.0,--,12,21600,卖盘
1192,10:53:13,18.0,--,18,32760,买盘
1193,10:52:59,18.0,--,3,5400,买盘
1194,10:52:49,18.0,--,12,21600,买盘
1195,10:52:43,18.0,-0.05,218,393840,卖盘
1196,10:52:38,18.05,--,50,90250,买盘
1197,10:52:34,18.05,0.01,14,25270,买盘
1198,10:52:23,18.04,-0.01,10,18040,卖盘
1199,10:52:17,18.05,0.01,5,9025,买盘
1200,10:52:14,18.04,0.04,100,180400,买盘
1201,10:52:08,18.0,--,0,0,卖盘
1202,10:52:02,18.0,-0.03,60,108000,卖盘
1203,10:51:58,18.03,0.03,7,12621,中性盘
1204,10:51:53,18.0,-0.03,60,108000,卖盘
1205,10:51:43,18.03,--,43,77529,买盘
1206,10:51:38,18.03,--,40,72120,买盘
1207,10:51:28,18.03,-0.01,54,97362,卖盘
1208,10:51:23,18.04,0.01,10,18040,买盘
1209,10:51:13,18.03,--,8,14424,买盘
1210,10:51:02,18.03,0.03,1,1803,买盘
1211,10:50:53,18.0,--,5,9000,卖盘
1212,10:50:38,18.0,--,100,180360,卖盘
1213,10:50:32,18.0,0.03,596,1072800,买盘
1214,10:50:23,17.97,-0.02,7,12579,中性盘
1215,10:50:13,17.99,0.04,16,28783,买盘
1216,10:50:08,17.95,-0.04,14,25130,卖盘
1217,10:49:58,17.99,--,2,3597,买盘
1218,10:49:53,17.99,0.04,2,3597,买盘
1219,10:49:47,17.95,--,0,0,卖盘
1220,10:49:43,17.95,-0.03,12,21540,卖盘
1221,10:49:38,17.98,0.03,36,64728,买盘
1222,10:49:13,17.95,--,5,8975,买盘
1223,10:49:08,17.95,0.03,1,1795,买盘
1224,10:49:02,17.92,--,4,7168,卖盘
1225,10:48:58,17.92,0.05,7,12544,卖盘
1226,10:48:52,17.87,--,0,0,卖盘
1227,10:48:47,17.87,--,6,10722,卖盘
1228,10:48:43,17.87,-0.12,15,26805,卖盘
1229,10:48:37,17.99,0.07,40,71960,买盘
1230,10:48:13,17.92,0.06,19,34048,买盘
1231,10:48:07,17.86,-0.13,351,626886,卖盘
1232,10:48:02,17.99,0.08,12,21587,买盘
1233,10:47:43,17.91,-0.08,11,19701,卖盘
1234,10:47:37,17.99,0.08,40,71960,买盘
1235,10:47:32,17.91,-0.06,5,8955,卖盘
1236,10:47:28,17.97,-0.02,3,5391,卖盘
1237,10:47:22,17.99,0.01,39,70161,买盘
1238,10:47:13,17.98,--,15,26970,买盘
1239,10:46:58,17.98,0.08,1,1798,买盘
1240,10:46:52,17.9,--,45,80550,买盘
1241,10:46:47,17.9,--,24,42960,买盘
1242,10:46:43,17.9,--,21,37590,买盘
1243,10:46:37,17.9,0.04,40,71600,买盘
1244,10:46:28,17.86,--,22,39292,卖盘
1245,10:46:22,17.86,-0.18,345,616170,卖盘
1246,10:46:13,18.04,0.07,20,36080,买盘
1247,10:45:52,17.97,0.06,2,3594,买盘
1248,10:45:37,17.91,-0.04,61,109251,卖盘
1249,10:45:32,17.95,-0.02,1,1795,卖盘
1250,10:45:17,17.97,-0.07,43,77271,卖盘
1251,10:45:11,18.04,0.07,110,198440,买盘
1252,10:45:02,17.97,0.02,7,12579,中性盘
1253,10:44:52,17.95,-0.09,125,224375,卖盘
1254,10:44:47,18.04,--,12,21648,卖盘
1255,10:44:37,18.04,0.08,12,21648,买盘
1256,10:44:32,17.96,-0.01,2,3592,中性盘
1257,10:44:26,17.97,0.02,3,5391,卖盘
1258,10:44:22,17.95,--,0,0,卖盘
1259,10:44:17,17.95,0.05,172,308740,中性盘
1260,10:44:11,17.9,-0.07,754,1349660,卖盘
1261,10:44:07,17.97,0.03,27,48519,买盘
1262,10:43:47,17.94,-0.08,11,19734,卖盘
1263,10:43:37,18.02,--,513,924426,买盘
1264,10:43:22,18.02,--,8,14416,买盘
1265,10:43:11,18.02,--,15,27030,买盘
1266,10:43:07,18.02,-0.01,1,1802,卖盘
1267,10:42:47,18.03,0.01,20,36060,买盘
1268,10:42:41,18.02,-0.03,13,23426,卖盘
1269,10:42:37,18.05,--,40,72200,买盘
1270,10:42:32,18.05,0.05,5,9025,买盘
1271,10:42:26,18.0,-0.04,38,68400,卖盘
1272,10:42:22,18.04,0.02,40,72160,买盘
1273,10:42:17,18.02,--,15,27030,买盘
1274,10:42:07,18.02,0.03,10,18020,买盘
1275,10:42:01,17.99,-0.01,103,185296,卖盘
1276,10:41:41,18.0,-0.02,11,19800,卖盘
1277,10:41:37,18.02,0.02,56,100912,买盘
1278,10:41:31,18.0,--,30,54000,卖盘
1279,10:41:26,18.0,0.02,136,244800,买盘
1280,10:41:22,17.98,--,0,0,卖盘
1281,10:41:16,17.98,-0.01,66,118668,卖盘
1282,10:41:11,17.99,-0.01,4,7195,卖盘
1283,10:41:01,18.0,--,27,48600,买盘
1284,10:40:56,18.0,--,100,180000,买盘
1285,10:40:52,18.0,0.01,15,27000,买盘
1286,10:40:36,17.99,0.06,72,129527,买盘
1287,10:40:31,17.93,-0.06,133,238469,卖盘
1288,10:40:16,17.99,0.03,21,37779,买盘
1289,10:40:01,17.96,-0.03,11,19756,卖盘
1290,10:39:56,17.99,--,10,17990,买盘
1291,10:39:51,17.99,--,10,17990,买盘
1292,10:39:46,17.99,0.06,36,64763,买盘
1293,10:39:41,17.93,-0.06,17,30481,卖盘
1294,10:39:36,17.99,-0.01,80,143920,中性盘
1295,10:39:31,18.0,--,18,32400,买盘
1296,10:39:26,18.0,--,11,19800,买盘
1297,10:39:21,18.0,--,41,73800,买盘
1298,10:39:16,18.0,0.01,15,27000,买盘
1299,10:39:06,17.99,--,7,12592,卖盘
1300,10:39:01,17.99,0.01,13,23386,买盘
1301,10:38:56,17.98,--,4,7192,卖盘
1302,10:38:41,17.98,-0.02,10,17980,卖盘
1303,10:38:36,18.0,0.01,50,90000,买盘
1304,10:38:31,17.99,-0.01,5,8995,卖盘
1305,10:38:21,18.0,0.01,33,59400,买盘
1306,10:38:16,17.99,0.01,11,19789,买盘
1307,10:38:11,17.98,-0.02,29,52142,卖盘
1308,10:38:06,18.0,0.02,140,252000,买盘
1309,10:37:51,17.98,--,8,14384,买盘
1310,10:37:46,17.98,0.05,2,3596,买盘
1311,10:37:35,17.93,--,0,0,卖盘
1312,10:37:31,17.93,-0.01,118,211574,卖盘
1313,10:37:26,17.94,-0.05,9,16146,买盘
1314,10:37:16,17.99,--,17,30582,卖盘
1315,10:37:11,17.99,0.01,42,75558,买盘
1316,10:37:05,17.98,-0.01,14,25172,卖盘
1317,10:37:01,17.99,-0.01,29,52170,卖盘
1318,10:36:50,18.0,--,4,7200,买盘
1319,10:36:41,18.0,0.01,27,48600,买盘
1320,10:36:31,17.99,0.07,66,118733,买盘
1321,10:36:26,17.92,--,0,0,卖盘
1322,10:36:20,17.92,--,0,0,卖盘
1323,10:36:16,17.92,0.02,11,19962,买盘
1324,10:36:11,17.9,-0.02,3,5370,卖盘
1325,10:36:05,17.92,0.01,7,12544,买盘
1326,10:36:01,17.91,0.1,40,71640,买盘
1327,10:35:46,17.81,--,104,185224,卖盘
1328,10:35:41,17.81,-0.04,50,89050,卖盘
1329,10:35:35,17.85,--,4,7140,买盘
1330,10:35:31,17.85,0.07,134,239190,中性盘
1331,10:35:26,17.78,-0.02,101,179578,卖盘
1332,10:35:20,17.8,-0.12,621,1105380,卖盘
1333,10:35:16,17.92,--,91,163072,买盘
1334,10:35:11,17.92,0.01,136,243712,买盘
1335,10:35:05,17.91,-0.01,140,250740,卖盘
1336,10:35:01,17.92,0.01,23,41216,买盘
1337,10:34:56,17.91,-0.01,46,82386,卖盘
1338,10:34:50,17.92,--,10,17920,买盘
1339,10:34:46,17.92,--,10,17920,买盘
1340,10:34:41,17.92,0.02,91,163072,买盘
1341,10:34:35,17.9,--,26,46539,卖盘
1342,10:34:31,17.9,-0.02,135,241649,卖盘
1343,10:34:26,17.92,-0.06,674,1209349,卖盘
1344,10:34:01,17.98,-0.05,10,17980,卖盘
1345,10:33:55,18.03,0.05,11,19833,买盘
1346,10:33:50,17.98,--,11,21378,买盘
1347,10:33:35,17.98,-0.05,240,431717,卖盘
1348,10:33:25,18.03,--,0,0,卖盘
1349,10:32:55,18.03,-0.06,7,12621,卖盘
1350,10:32:35,18.09,--,0,0,中性盘
1351,10:32:25,18.09,0.04,20,36180,买盘
1352,10:32:16,18.05,-0.03,9,16245,卖盘
1353,10:32:10,18.08,--,38,68704,卖盘
1354,10:32:00,18.08,--,1,1807,卖盘
1355,10:31:55,18.08,--,7,12655,卖盘
1356,10:31:50,18.08,--,26,47007,卖盘
1357,10:31:45,18.08,0.03,71,128367,买盘
1358,10:31:30,18.05,0.05,9,16245,买盘
1359,10:31:25,18.0,--,0,0,卖盘
1360,10:31:00,18.0,--,3,5400,卖盘
1361,10:30:45,18.0,--,12,21600,卖盘
1362,10:30:40,18.0,-0.01,29,53802,买盘
1363,10:30:30,18.01,--,0,0,买盘
1364,10:30:25,18.01,0.04,30,54030,买盘
1365,10:30:15,17.97,-0.03,270,485387,卖盘
1366,10:30:05,18.0,-0.01,8,14400,卖盘
1367,10:29:44,18.01,0.01,13,23413,买盘
1368,10:29:40,18.0,-0.03,246,442800,卖盘
1369,10:29:25,18.03,-0.03,16,28848,卖盘
1370,10:29:05,18.06,0.01,6,10836,买盘
1371,10:28:55,18.05,--,1,1805,卖盘
1372,10:28:50,18.05,--,11,19855,买盘
1373,10:28:40,18.05,0.02,10,18050,买盘
1374,10:28:29,18.03,--,11,19833,卖盘
1375,10:28:25,18.03,0.02,15,28649,买盘
1376,10:28:10,18.01,-0.02,11,20009,卖盘
1377,10:28:05,18.03,--,4,8816,买盘
1378,10:27:55,18.03,0.01,22,39666,买盘
1379,10:27:35,18.02,--,17,30634,卖盘
1380,10:27:10,18.02,--,0,0,中性盘
1381,10:27:05,18.02,0.01,8,14416,买盘
1382,10:26:59,18.01,--,1,1801,买盘
1383,10:26:50,18.01,--,4,7204,买盘
1384,10:26:40,18.01,-0.01,15,27015,卖盘
1385,10:26:35,18.02,0.01,7,12614,买盘
1386,10:26:29,18.01,--,0,0,卖盘
1387,10:26:25,18.01,-0.02,96,172896,卖盘
1388,10:26:20,18.03,--,11,19833,买盘
1389,10:26:10,18.03,--,0,0,买盘
1390,10:25:55,18.03,--,11,19833,卖盘
1391,10:25:49,18.03,--,10,18030,卖盘
1392,10:25:44,18.03,--,5,9015,卖盘
1393,10:25:39,18.03,--,45,81135,卖盘
1394,10:25:34,18.03,0.04,3,5409,卖盘
1395,10:25:19,17.99,--,0,0,卖盘
1396,10:25:14,17.99,--,0,0,卖盘
1397,10:25:10,17.99,-0.01,114,205085,卖盘
1398,10:25:04,18.0,--,1,1800,买盘
1399,10:24:59,18.0,--,26,46800,买盘
1400,10:24:39,18.0,-0.01,61,109800,卖盘
1401,10:24:19,18.01,0.01,5,9005,买盘
1402,10:24:09,18.0,-0.01,1,1800,卖盘
1403,10:23:59,18.01,-0.02,15,27015,卖盘
1404,10:23:54,18.03,--,2,3606,买盘
1405,10:23:24,18.03,0.02,16,28848,买盘
1406,10:23:19,18.01,-0.02,198,356598,卖盘
1407,10:23:09,18.03,--,20,36060,卖盘
1408,10:23:04,18.03,--,34,61302,卖盘
1409,10:22:54,18.03,--,7,12621,卖盘
1410,10:22:49,18.03,--,0,0,卖盘
1411,10:22:39,18.03,--,205,369615,卖盘
1412,10:22:24,18.03,--,0,0,卖盘
1413,10:22:09,18.03,--,0,0,卖盘
1414,10:21:59,18.03,--,1,1803,卖盘
1415,10:21:38,18.03,-0.06,21,37863,卖盘
1416,10:21:34,18.09,--,36,65124,买盘
1417,10:21:29,18.09,--,42,75978,卖盘
1418,10:21:23,18.09,--,50,90450,卖盘
1419,10:20:59,18.09,0.07,14,25326,买盘
1420,10:20:49,18.02,--,20,36040,卖盘
1421,10:20:29,18.02,-0.03,21,37842,卖盘
1422,10:20:23,18.05,--,100,180500,卖盘
1423,10:20:04,18.05,--,0,0,卖盘
1424,10:19:44,18.05,--,1,1805,卖盘
1425,10:19:34,18.05,0.04,3,5415,买盘
1426,10:19:19,18.01,--,12,21612,卖盘
1427,10:19:14,18.01,-0.04,11,19811,卖盘
1428,10:19:04,18.05,--,7,12635,买盘
1429,10:18:53,18.05,--,25,45125,卖盘
1430,10:18:49,18.05,0.01,5,9025,卖盘
1431,10:18:44,18.04,-0.07,4,7216,卖盘
1432,10:18:38,18.11,--,0,0,买盘
1433,10:18:29,18.11,--,1,1811,买盘
1434,10:18:19,18.11,0.13,1,1811,买盘
1435,10:18:03,17.98,--,0,0,卖盘
1436,10:17:58,17.98,--,0,0,卖盘
1437,10:17:53,17.98,-0.02,13,23374,卖盘
1438,10:17:48,18.0,-0.03,427,768600,卖盘
1439,10:17:43,18.03,--,10,18030,卖盘
1440,10:17:38,18.03,-0.02,30,54090,卖盘
1441,10:17:33,18.05,0.04,39,70395,中性盘
1442,10:17:28,18.01,-0.01,107,192707,卖盘
1443,10:17:18,18.02,--,0,0,卖盘
1444,10:17:13,18.02,-0.08,50,90100,卖盘
1445,10:17:03,18.1,0.05,24,43440,卖盘
1446,10:16:58,18.05,-0.08,100,180500,卖盘
1447,10:16:53,18.13,--,0,0,买盘
1448,10:16:48,18.13,--,25,45325,卖盘
1449,10:16:38,18.13,--,5,9065,卖盘
1450,10:16:33,18.13,0.07,68,123284,卖盘
1451,10:16:28,18.06,--,23,41538,买盘
1452,10:16:23,18.06,-0.04,9,16253,卖盘
1453,10:16:18,18.1,-0.05,36,65160,卖盘
1454,10:16:13,18.15,0.03,132,239579,买盘
1455,10:16:03,18.12,--,4,7248,卖盘
1456,10:15:58,18.12,--,15,27180,卖盘
1457,10:15:52,18.12,--,21,38052,卖盘
1458,10:15:48,18.12,--,19,34428,卖盘
1459,10:15:43,18.12,--,29,52548,卖盘
1460,10:15:38,18.12,--,86,155832,买盘
1461,10:15:33,18.12,0.02,5,9060,买盘
1462,10:15:28,18.1,-0.01,47,85070,卖盘
1463,10:15:23,18.11,0.01,174,315114,买盘
1464,10:15:18,18.1,-0.01,16,28960,卖盘
1465,10:15:13,18.11,0.01,20,36220,买盘
1466,10:15:08,18.1,--,5,9050,卖盘
1467,10:14:58,18.1,-0.01,25,45250,卖盘
1468,10:14:53,18.11,0.01,8,14488,买盘
1469,10:14:48,18.1,--,0,0,卖盘
1470,10:14:37,18.1,--,16,28960,卖盘
1471,10:14:33,18.1,--,41,74210,卖盘
1472,10:14:22,18.1,0.05,14,25340,买盘
1473,10:14:17,18.05,--,0,0,卖盘
1474,10:14:13,18.05,--,240,433200,卖盘
1475,10:13:37,18.05,--,0,0,卖盘
1476,10:13:28,18.05,0.03,1,1805,卖盘
1477,10:13:22,18.02,--,0,0,卖盘
1478,10:13:16,18.02,-0.08,22,39644,卖盘
1479,10:13:13,18.1,--,49,88690,卖盘
1480,10:13:08,18.1,0.02,412,745720,买盘
1481,10:13:01,18.08,0.02,400,723199,买盘
1482,10:12:58,18.06,--,16,28895,买盘
1483,10:12:52,18.06,--,0,0,买盘
1484,10:12:46,18.06,--,0,0,买盘
1485,10:12:38,18.06,--,1,1805,买盘
1486,10:12:28,18.06,--,0,0,买盘
1487,10:12:23,18.06,--,26,46956,买盘
1488,10:12:16,18.06,--,14,25284,买盘
1489,10:12:12,18.06,--,38,68628,买盘
1490,10:12:07,18.06,0.03,277,500261,买盘
1491,10:12:01,18.03,0.01,33,59499,买盘
1492,10:11:57,18.02,-0.04,70,126140,卖盘
1493,10:11:46,18.06,--,21,37926,买盘
1494,10:11:42,18.06,0.03,69,124613,买盘
1495,10:11:37,18.03,-0.03,27,48681,卖盘
1496,10:11:31,18.06,0.03,18,32507,买盘
1497,10:11:27,18.03,-0.03,25,45075,卖盘
1498,10:11:22,18.06,--,11,19866,买盘
1499,10:11:12,18.06,0.03,19,34314,买盘
1500,10:11:07,18.03,-0.03,2,3606,卖盘
1501,10:10:57,18.06,0.04,4,7223,卖盘
1502,10:10:37,18.02,--,0,0,卖盘
1503,10:10:27,18.02,--,237,427074,卖盘
1504,10:10:22,18.02,--,95,171190,卖盘
1505,10:10:12,18.02,--,2,3604,卖盘
1506,10:10:07,18.02,--,12,21624,卖盘
1507,10:10:01,18.02,--,0,0,卖盘
1508,10:09:57,18.02,--,2,3604,卖盘
1509,10:09:46,18.02,-0.05,7,12614,卖盘
1510,10:09:42,18.07,0.05,15,27105,买盘
1511,10:09:31,18.02,--,3,5406,卖盘
1512,10:09:22,18.02,--,45,81090,买盘
1513,10:09:12,18.02,0.01,25,45050,买盘
1514,10:09:01,18.01,-0.01,2,3602,中性盘
1515,10:08:57,18.02,0.04,10,18020,中性盘
1516,10:08:52,17.98,-0.04,28,50344,卖盘
1517,10:08:42,18.02,0.01,72,129744,买盘
1518,10:08:37,18.01,--,224,403424,买盘
1519,10:08:31,18.01,0.03,40,72040,买盘
1520,10:08:27,17.98,-0.03,47,84506,卖盘
1521,10:08:22,18.01,0.01,32,57632,买盘
1522,10:08:16,18.0,--,24,43200,买盘
1523,10:08:12,18.0,--,55,99000,买盘
1524,10:08:07,18.0,--,61,109800,买盘
1525,10:08:01,18.0,--,68,122400,买盘
1526,10:07:57,18.0,0.02,22,39600,买盘
1527,10:07:52,17.98,-0.02,47,84506,卖盘
1528,10:07:46,18.0,-0.01,51,91800,卖盘
1529,10:07:42,18.01,--,32,57632,买盘
1530,10:07:37,18.01,--,47,84647,买盘
1531,10:07:31,18.01,--,33,59433,买盘
1532,10:07:27,18.01,--,128,230528,卖盘
1533,10:07:22,18.01,-0.02,104,187304,卖盘
1534,10:07:16,18.03,--,39,70317,买盘
1535,10:07:12,18.03,--,67,120801,买盘
1536,10:07:07,18.03,0.01,33,59499,买盘
1537,10:06:57,18.02,-0.03,114,205428,卖盘
1538,10:06:52,18.05,0.02,108,194940,买盘
1539,10:06:46,18.03,-0.02,12,21636,卖盘
1540,10:06:42,18.05,--,47,84835,卖盘
1541,10:06:37,18.05,--,15,27075,卖盘
1542,10:06:31,18.05,--,21,37905,卖盘
1543,10:06:27,18.05,--,13,23465,卖盘
1544,10:06:22,18.05,--,191,344755,卖盘
1545,10:06:16,18.05,0.02,29,52345,买盘
1546,10:06:07,18.03,-0.01,123,221769,卖盘
1547,10:06:01,18.04,--,12,21648,卖盘
1548,10:05:55,18.04,--,7,12628,卖盘
1549,10:05:52,18.04,--,112,202048,卖盘
1550,10:05:46,18.04,--,4,7216,卖盘
1551,10:05:40,18.04,--,14,25256,卖盘
1552,10:05:37,18.04,--,149,268796,卖盘
1553,10:05:31,18.04,--,13,23452,卖盘
1554,10:05:22,18.04,--,2,3608,卖盘
1555,10:05:16,18.04,-0.01,27,48708,卖盘
1556,10:05:10,18.05,0.01,130,234650,买盘
1557,10:05:07,18.04,--,14,25256,买盘
1558,10:05:01,18.04,0.01,22,39688,买盘
1559,10:04:55,18.03,0.02,12,21636,中性盘
1560,10:04:52,18.01,0.01,5,9005,卖盘
1561,10:04:46,18.0,-0.03,16,28800,卖盘
1562,10:04:40,18.03,--,13,23439,买盘
1563,10:04:36,18.03,0.03,7,12621,买盘
1564,10:04:31,18.0,--,11,19800,卖盘
1565,10:04:25,18.0,-0.04,51,91800,卖盘
1566,10:04:21,18.04,0.01,149,268796,买盘
1567,10:04:16,18.03,--,76,137028,卖盘
1568,10:04:10,18.03,--,30,54090,买盘
1569,10:04:06,18.03,--,5,9015,买盘
1570,10:04:01,18.03,0.03,45,81135,买盘
1571,10:03:55,18.0,--,100,180000,卖盘
1572,10:03:51,18.0,--,14,25200,卖盘
1573,10:03:46,18.0,--,147,264600,买盘
1574,10:03:36,18.0,--,20,36000,买盘
1575,10:03:31,18.0,0.03,5,9000,买盘
1576,10:03:25,17.97,--,3,5391,卖盘
1577,10:03:21,17.97,-0.03,11,19767,中性盘
1578,10:03:16,18.0,--,34,61200,卖盘
1579,10:03:10,18.0,--,9,16200,买盘
1580,10:03:06,18.0,0.04,21,37800,卖盘
1581,10:02:55,17.96,--,14,25144,卖盘
1582,10:02:51,17.96,-0.04,443,796939,卖盘
1583,10:02:46,18.0,--,2,3600,卖盘
1584,10:02:36,18.0,--,5,9000,卖盘
1585,10:02:31,18.0,0.01,14,25236,买盘
1586,10:02:21,17.99,--,128,230271,卖盘
1587,10:02:16,17.99,--,29,52170,卖盘
1588,10:02:10,17.99,-0.01,66,118733,卖盘
1589,10:02:06,18.0,0.01,4,7200,买盘
1590,10:02:01,17.99,--,32,57567,卖盘
1591,10:01:55,17.99,-0.01,42,75558,卖盘
1592,10:01:51,18.0,--,128,230400,卖盘
1593,10:01:45,18.0,-0.04,4,7200,卖盘
1594,10:01:36,18.04,0.05,8,14432,买盘
1595,10:01:31,17.99,--,0,0,卖盘
1596,10:01:25,17.99,-0.01,38,68362,卖盘
1597,10:01:10,18.0,0.02,22,39600,买盘
1598,10:01:06,17.98,--,21,37758,卖盘
1599,10:01:01,17.98,-0.01,118,213063,卖盘
1600,10:00:55,17.99,--,20,35980,卖盘
1601,10:00:51,17.99,-0.01,209,375990,卖盘
1602,10:00:46,18.0,0.01,2,3600,买盘
1603,10:00:40,17.99,-0.01,4,7195,卖盘
1604,10:00:36,18.0,0.01,79,142200,买盘
1605,10:00:30,17.99,-0.03,243,438056,卖盘
1606,10:00:25,18.02,0.01,152,273904,中性盘
1607,10:00:21,18.01,0.01,15,27015,中性盘
1608,10:00:15,18.0,-0.02,31,55800,卖盘
1609,10:00:06,18.02,0.02,4,7208,中性盘
1610,10:00:00,18.0,-0.04,176,316800,卖盘
1611,09:59:55,18.04,0.04,5,9020,中性盘
1612,09:59:51,18.0,-0.06,423,761400,卖盘
1613,09:59:45,18.06,0.02,69,124613,买盘
1614,09:59:36,18.04,--,32,57728,卖盘
1615,09:59:30,18.04,-0.02,41,73964,卖盘
1616,09:59:21,18.06,--,7,12642,卖盘
1617,09:59:15,18.06,0.02,21,37926,中性盘
1618,09:59:10,18.04,-0.01,101,182204,卖盘
1619,09:59:06,18.05,0.01,505,911525,卖盘
1620,09:59:00,18.04,-0.01,125,225500,卖盘
1621,09:58:51,18.05,--,24,43320,卖盘
1622,09:58:45,18.05,0.02,129,233747,买盘
1623,09:58:40,18.03,-0.01,2,3606,卖盘
1624,09:58:36,18.04,--,8,14432,买盘
1625,09:58:30,18.04,-0.01,21,37884,卖盘
1626,09:58:25,18.05,--,13,23465,买盘
1627,09:58:21,18.05,--,2,3610,买盘
1628,09:58:15,18.05,--,112,203062,卖盘
1629,09:58:00,18.05,-0.03,248,447640,卖盘
1630,09:57:55,18.08,0.01,31,56047,买盘
1631,09:57:45,18.07,-0.02,1,1807,卖盘
1632,09:57:40,18.09,--,170,307530,买盘
1633,09:57:30,18.09,--,10,18090,卖盘
1634,09:57:25,18.09,0.01,98,177282,中性盘
1635,09:57:10,18.08,-0.01,63,113903,卖盘
1636,09:57:00,18.09,-0.01,2,3618,卖盘
1637,09:56:49,18.1,0.01,1,1810,买盘
1638,09:56:45,18.09,-0.01,2,3618,卖盘
1639,09:56:40,18.1,0.01,54,97740,买盘
1640,09:56:25,18.09,--,10,18090,卖盘
1641,09:56:19,18.09,--,15,27135,卖盘
1642,09:56:15,18.09,-0.02,45,81405,卖盘
1643,09:56:10,18.11,0.01,26,47086,买盘
1644,09:56:04,18.1,-0.02,1,1810,卖盘
1645,09:56:00,18.12,0.02,50,90600,买盘
1646,09:55:55,18.1,-0.01,1,1810,卖盘
1647,09:55:45,18.11,-0.01,22,39842,卖盘
1648,09:55:40,18.12,0.01,4,7248,买盘
1649,09:55:30,18.11,--,1,1811,卖盘
1650,09:55:25,18.11,0.01,9,16299,买盘
1651,09:55:19,18.1,--,8,14480,卖盘
1652,09:55:15,18.1,--,8,14480,卖盘
1653,09:55:10,18.1,-0.01,1,1810,卖盘
1654,09:55:04,18.11,0.01,5,9055,买盘
1655,09:55:00,18.1,--,1,1810,卖盘
1656,09:54:40,18.1,--,0,0,卖盘
1657,09:54:34,18.1,-0.01,1,1810,卖盘
1658,09:54:30,18.11,--,11,19921,卖盘
1659,09:54:24,18.11,0.01,1,1811,卖盘
1660,09:54:09,18.1,--,2,3620,卖盘
1661,09:54:04,18.1,--,6,10860,卖盘
1662,09:54:00,18.1,-0.02,28,50680,卖盘
1663,09:53:54,18.12,--,1,1812,卖盘
1664,09:53:49,18.12,--,7,12684,卖盘
1665,09:53:45,18.12,--,1,1812,卖盘
1666,09:53:39,18.12,--,2,3624,买盘
1667,09:53:34,18.12,0.02,4,7248,买盘
1668,09:53:30,18.1,--,3,5430,卖盘
1669,09:53:24,18.1,0.01,13,23530,卖盘
1670,09:53:15,18.09,--,0,0,卖盘
1671,09:53:00,18.09,--,253,458581,买盘
1672,09:52:54,18.09,0.01,13,23517,买盘
1673,09:52:49,18.08,-0.01,14,25311,卖盘
1674,09:52:39,18.09,--,16,28944,买盘
1675,09:52:34,18.09,--,5,9045,买盘
1676,09:52:30,18.09,0.01,100,180900,买盘
1677,09:52:24,18.08,--,25,45199,卖盘
1678,09:52:15,18.08,-0.01,2,3615,卖盘
1679,09:52:09,18.09,--,45,81405,买盘
1680,09:52:04,18.09,-0.02,171,309339,卖盘
1681,09:51:49,18.11,0.01,7,12677,买盘
1682,09:51:39,18.1,--,10,18100,卖盘
1683,09:51:30,18.1,-0.03,88,159280,卖盘
1684,09:51:15,18.13,0.01,18,32634,买盘
1685,09:51:04,18.12,--,2,3624,卖盘
1686,09:50:59,18.12,--,3,5436,卖盘
1687,09:50:49,18.12,--,1,1812,卖盘
1688,09:50:43,18.12,-0.01,1,1812,卖盘
1689,09:50:34,18.13,--,3,5439,买盘
1690,09:50:19,18.13,-0.02,60,108780,卖盘
1691,09:50:13,18.15,0.02,7,12704,买盘
1692,09:49:24,18.13,0.01,5,9065,买盘
1693,09:49:09,18.12,0.02,87,157644,买盘
1694,09:48:54,18.1,--,5,9050,买盘
1695,09:48:49,18.1,--,18,32580,卖盘
1696,09:48:39,18.1,--,100,181000,卖盘
1697,09:48:24,18.1,0.01,20,36200,卖盘
1698,09:48:19,18.09,--,136,246024,买盘
1699,09:47:58,18.09,--,8,14472,买盘
1700,09:47:54,18.09,--,60,108540,卖盘
1701,09:47:49,18.09,--,27,48843,卖盘
1702,09:47:34,18.09,--,5,9045,卖盘
1703,09:47:19,18.09,--,20,36180,卖盘
1704,09:47:04,18.09,--,6,10854,卖盘
1705,09:46:58,18.09,--,8,14472,卖盘
1706,09:46:49,18.09,--,7,12663,买盘
1707,09:46:43,18.09,-0.03,34,61506,卖盘
1708,09:46:39,18.12,0.03,6,10872,买盘
1709,09:46:33,18.09,--,70,126630,卖盘
1710,09:46:18,18.09,--,51,92259,卖盘
1711,09:46:13,18.09,--,51,92259,卖盘
1712,09:46:09,18.09,--,2,3618,卖盘
1713,09:46:03,18.09,--,5,9045,卖盘
1714,09:45:54,18.09,0.01,10,18090,卖盘
1715,09:45:48,18.08,-0.01,2,3615,卖盘
1716,09:45:43,18.09,--,2,3618,卖盘
1717,09:45:39,18.09,--,0,0,中性盘
1718,09:45:33,18.09,--,4,7236,卖盘
1719,09:45:28,18.09,--,2,3618,卖盘
1720,09:45:24,18.09,--,26,47034,卖盘
1721,09:45:18,18.09,--,8,14472,卖盘
1722,09:45:13,18.09,--,3,5427,卖盘
1723,09:45:09,18.09,-0.05,41,74169,卖盘
1724,09:45:03,18.14,--,1,1814,买盘
1725,09:44:48,18.14,0.05,3,5442,买盘
1726,09:44:38,18.09,-0.05,4,7236,卖盘
1727,09:44:23,18.14,-0.01,10,18140,卖盘
1728,09:44:08,18.15,0.01,4,7259,买盘
1729,09:44:03,18.14,--,11,19954,卖盘
1730,09:43:58,18.14,0.04,3,5442,卖盘
1731,09:43:48,18.1,--,427,772870,买盘
1732,09:43:28,18.1,--,1,1810,买盘
1733,09:43:23,18.1,-0.03,319,577390,卖盘
1734,09:43:18,18.13,--,8,14504,买盘
1735,09:43:13,18.13,-0.01,18,32634,卖盘
1736,09:43:08,18.14,--,21,38094,买盘
1737,09:42:58,18.14,0.01,3,5442,卖盘
1738,09:42:53,18.13,--,0,0,卖盘
1739,09:42:48,18.13,--,10,18130,卖盘
1740,09:42:43,18.13,-0.01,19,34447,卖盘
1741,09:42:37,18.14,-0.01,2,3628,买盘
1742,09:42:33,18.15,--,0,0,买盘
1743,09:42:28,18.15,--,223,404744,卖盘
1744,09:42:18,18.15,-0.01,512,929279,卖盘
1745,09:42:13,18.16,0.01,47,85352,买盘
1746,09:42:07,18.15,--,2,3629,卖盘
1747,09:42:03,18.15,-0.01,25,45375,卖盘
1748,09:41:52,18.16,--,10,18160,买盘
1749,09:41:48,18.16,--,1,1816,买盘
1750,09:41:43,18.16,--,9,16344,买盘
1751,09:41:28,18.16,--,20,36320,买盘
1752,09:41:22,18.16,0.01,10,18160,买盘
1753,09:41:18,18.15,--,44,79860,卖盘
1754,09:41:13,18.15,--,4,7259,卖盘
1755,09:41:03,18.15,--,112,203279,卖盘
1756,09:40:58,18.15,--,7,12704,卖盘
1757,09:40:48,18.15,--,56,101639,卖盘
1758,09:40:43,18.15,-0.01,4,7259,卖盘
1759,09:40:28,18.16,0.01,30,54480,买盘
1760,09:40:18,18.15,--,2,3629,卖盘
1761,09:40:13,18.15,--,7,12704,卖盘
1762,09:40:03,18.15,0.02,8,14519,卖盘
1763,09:39:58,18.13,--,0,0,卖盘
1764,09:39:52,18.13,--,27,48951,卖盘
1765,09:39:48,18.13,-0.04,24,43512,卖盘
1766,09:39:43,18.17,-0.03,4,7268,卖盘
1767,09:39:37,18.2,0.05,9,16380,买盘
1768,09:39:33,18.15,--,2,3629,卖盘
1769,09:39:28,18.15,-0.02,260,471899,卖盘
1770,09:39:18,18.17,--,1,1817,卖盘
1771,09:39:13,18.17,0.02,171,310707,买盘
1772,09:39:07,18.15,--,12,21780,卖盘
1773,09:39:03,18.15,--,102,185130,卖盘
1774,09:38:57,18.15,0.03,7,12704,卖盘
1775,09:38:33,18.12,--,40,72480,卖盘
1776,09:38:27,18.12,-0.03,41,74292,卖盘
1777,09:38:22,18.15,-0.03,15,27224,卖盘
1778,09:38:18,18.18,0.02,150,272700,买盘
1779,09:38:12,18.16,--,0,0,卖盘
1780,09:38:07,18.16,-0.01,30,54480,卖盘
1781,09:37:57,18.17,0.01,20,36340,买盘
1782,09:37:48,18.16,0.01,17,30872,卖盘
1783,09:37:42,18.15,--,0,0,卖盘
1784,09:37:33,18.15,--,33,59894,卖盘
1785,09:37:22,18.15,-0.01,18,32669,卖盘
1786,09:37:17,18.16,0.01,15,27240,买盘
1787,09:37:12,18.15,--,1,1814,卖盘
1788,09:37:02,18.15,-0.03,34,61709,卖盘
1789,09:36:57,18.18,0.02,30,54540,买盘
1790,09:36:52,18.16,--,2,3632,卖盘
1791,09:36:42,18.16,-0.03,170,308720,卖盘
1792,09:36:17,18.19,--,0,0,中性盘
1793,09:36:07,18.19,0.01,5,9095,买盘
1794,09:35:57,18.18,-0.02,3,5454,卖盘
1795,09:35:52,18.2,--,0,0,买盘
1796,09:35:32,18.2,--,2,3640,买盘
1797,09:35:27,18.2,--,0,0,买盘
1798,09:35:22,18.2,--,10,18200,买盘
1799,09:35:07,18.2,0.01,22,40040,买盘
1800,09:35:01,18.19,--,15,27285,卖盘
1801,09:34:57,18.19,--,6,10914,卖盘
1802,09:34:52,18.19,--,29,52751,买盘
1803,09:34:46,18.19,-0.01,2,3638,卖盘
1804,09:34:42,18.2,--,291,529620,买盘
1805,09:34:37,18.2,0.01,24,43680,买盘
1806,09:34:31,18.19,0.01,3,5457,买盘
1807,09:34:27,18.18,--,0,0,卖盘
1808,09:34:22,18.18,-0.01,61,110898,卖盘
1809,09:34:16,18.19,--,2,3638,卖盘
1810,09:34:12,18.19,0.01,24,43656,买盘
1811,09:34:07,18.18,--,2,3636,卖盘
1812,09:34:01,18.18,--,2,3636,卖盘
1813,09:33:42,18.18,--,16,29088,买盘
1814,09:33:37,18.18,0.03,13,23634,买盘
1815,09:33:31,18.15,-0.03,1,1814,卖盘
1816,09:33:27,18.18,0.06,50,90900,买盘
1817,09:33:22,18.12,--,0,0,卖盘
1818,09:33:12,18.12,--,0,0,卖盘
1819,09:33:07,18.12,-0.03,77,139524,卖盘
1820,09:32:57,18.15,--,1,1814,买盘
1821,09:32:52,18.15,0.01,38,68970,卖盘
1822,09:32:46,18.14,0.03,12,21768,中性盘
1823,09:32:42,18.11,-0.04,43,77873,卖盘
1824,09:32:37,18.15,0.01,50,90750,买盘
1825,09:32:22,18.14,0.03,12,21768,买盘
1826,09:32:12,18.11,-0.03,8,14488,卖盘
1827,09:32:07,18.14,0.03,10,18140,买盘
1828,09:31:57,18.11,--,11,19921,买盘
1829,09:31:42,18.11,--,23,41653,卖盘
1830,09:31:16,18.11,--,0,0,中性盘
1831,09:31:12,18.11,--,1,1811,买盘
1832,09:31:01,18.11,0.01,29,52519,卖盘
1833,09:30:41,18.1,--,0,0,卖盘
1834,09:30:36,18.1,--,3,5430,卖盘
1835,09:30:26,18.1,-0.05,9,16290,卖盘
1836,09:30:21,18.15,--,66,119789,买盘
1837,09:30:16,18.15,--,6,10890,买盘
1838,09:30:11,18.15,0.04,9,16334,买盘
1839,09:30:06,18.11,-0.04,30,54330,卖盘
1840,09:28:48,18.15,--,0,0,卖盘
1841,09:25:06,18.15,18.15,48,87120,买盘
