,time,price,change,volume,amount,type
0,15:00:00,9.59,--,0,0,买盘
1,15:00:00,9.59,--,0,0,买盘
2,14:59:59,9.59,--,50,47950,买盘
3,14:59:55,9.59,-0.01,179,171661,卖盘
4,14:59:51,9.6,0.01,82,78720,买盘
5,14:59:46,9.59,--,438,420042,卖盘
6,14:59:40,9.59,--,501,480459,卖盘
7,14:59:36,9.59,--,87,83433,卖盘
8,14:59:31,9.59,--,182,174538,卖盘
9,14:59:25,9.59,--,231,221529,买盘
10,14:59:21,9.59,0.01,165,158235,买盘
11,14:59:16,9.58,-0.02,91,87178,卖盘
12,14:59:10,9.6,--,306,293760,买盘
13,14:59:06,9.6,--,141,135360,买盘
14,14:59:01,9.6,--,618,593280,买盘
15,14:58:55,9.6,--,170,163200,买盘
16,14:58:51,9.6,--,146,140160,卖盘
17,14:58:45,9.6,0.01,34,32640,卖盘
18,14:58:40,9.59,0.01,363,348117,买盘
19,14:58:36,9.58,--,469,449302,卖盘
20,14:58:30,9.58,-0.02,732,701256,卖盘
21,14:58:25,9.6,0.02,566,543638,买盘
22,14:58:21,9.58,--,471,451218,卖盘
23,14:58:15,9.58,0.02,51,48858,买盘
24,14:58:10,9.56,--,92,87952,卖盘
25,14:58:06,9.56,--,275,262900,卖盘
26,14:58:00,9.56,--,25,23900,卖盘
27,14:57:55,9.56,--,499,477044,卖盘
28,14:57:51,9.56,--,859,821204,卖盘
29,14:57:45,9.56,--,92,87952,卖盘
30,14:57:40,9.56,0.02,1056,1009536,买盘
31,14:57:36,9.54,0.01,316,301464,买盘
32,14:57:30,9.53,--,0,0,中性盘
33,14:57:25,9.53,-0.01,748,712844,中性盘
34,14:57:20,9.54,0.01,383,365381,买盘
35,14:57:15,9.53,-0.02,54,51462,卖盘
36,14:57:10,9.55,0.03,946,903430,买盘
37,14:57:05,9.52,0.01,198,188496,买盘
38,14:57:00,9.51,-0.01,42,39942,卖盘
39,14:56:55,9.52,0.02,222,211344,买盘
40,14:56:50,9.5,0.01,529,503405,买盘
41,14:56:45,9.49,--,391,371059,卖盘
42,14:56:40,9.49,-0.01,363,344487,卖盘
43,14:56:35,9.5,0.01,879,835050,买盘
44,14:56:30,9.49,--,260,246740,卖盘
45,14:56:25,9.49,--,456,432744,卖盘
46,14:56:20,9.49,--,97,92053,卖盘
47,14:56:10,9.49,-0.01,626,594074,买盘
48,14:56:05,9.5,0.01,369,350645,买盘
49,14:56:00,9.49,--,8,7592,卖盘
50,14:55:55,9.49,--,178,168922,卖盘
51,14:55:50,9.49,0.01,351,333953,买盘
52,14:55:45,9.48,-0.01,132,125136,卖盘
53,14:55:40,9.49,--,80,75920,买盘
54,14:55:35,9.49,0.01,546,518154,买盘
55,14:55:30,9.48,--,7,6636,卖盘
56,14:55:25,9.48,--,5,4740,卖盘
57,14:55:20,9.48,--,136,128928,卖盘
58,14:55:15,9.48,-0.01,134,127032,卖盘
59,14:55:10,9.49,0.01,334,316966,买盘
60,14:55:05,9.48,-0.01,155,146940,卖盘
61,14:55:00,9.49,0.01,134,127166,买盘
62,14:54:55,9.48,--,146,138408,卖盘
63,14:54:50,9.48,--,29,27492,卖盘
64,14:54:45,9.48,0.01,268,254064,买盘
65,14:54:40,9.47,-0.01,81,76707,卖盘
66,14:54:34,9.48,--,90,85320,买盘
67,14:54:30,9.48,--,499,473052,卖盘
68,14:54:25,9.48,--,66,62568,卖盘
69,14:54:19,9.48,--,556,527088,卖盘
70,14:54:15,9.48,--,11,10428,卖盘
71,14:54:10,9.48,--,188,178224,买盘
72,14:54:04,9.48,0.01,200,189600,买盘
73,14:54:00,9.47,-0.01,5,4735,卖盘
74,14:53:55,9.48,-0.01,998,946104,卖盘
75,14:53:49,9.49,0.01,230,218270,买盘
76,14:53:45,9.48,--,170,161160,卖盘
77,14:53:40,9.48,--,8,7584,卖盘
78,14:53:34,9.48,--,169,160212,卖盘
79,14:53:30,9.48,0.01,60,56880,买盘
80,14:53:19,9.47,0.01,8,7576,中性盘
81,14:53:15,9.46,-0.02,288,272448,卖盘
82,14:53:10,9.48,0.01,204,193392,买盘
83,14:53:04,9.47,--,94,89018,买盘
84,14:53:00,9.47,--,144,136368,卖盘
85,14:52:55,9.47,--,315,298305,卖盘
86,14:52:49,9.47,-0.01,40,37880,卖盘
87,14:52:45,9.48,0.01,100,94800,买盘
88,14:52:40,9.47,--,81,76707,买盘
89,14:52:34,9.47,0.01,240,227280,买盘
90,14:52:30,9.46,-0.01,1,946,卖盘
91,14:52:25,9.47,0.01,105,99435,买盘
92,14:52:19,9.46,--,19,17974,卖盘
93,14:52:15,9.46,--,37,35002,买盘
94,14:52:10,9.46,0.01,200,189200,买盘
95,14:51:55,9.45,-0.01,29,27404,卖盘
96,14:51:49,9.46,0.01,36,34056,买盘
97,14:51:45,9.45,--,47,44415,卖盘
98,14:51:40,9.45,--,551,520694,买盘
99,14:51:34,9.45,--,70,66150,买盘
100,14:51:30,9.45,--,220,207899,买盘
101,14:51:24,9.45,--,10,9450,买盘
102,14:51:09,9.45,-0.01,71,67095,卖盘
103,14:51:04,9.46,0.01,16,15136,买盘
104,14:50:45,9.45,--,368,347760,买盘
105,14:50:34,9.45,--,50,47250,买盘
106,14:50:30,9.45,-0.01,3,2835,买盘
107,14:50:19,9.46,--,0,0,买盘
108,14:50:14,9.46,--,65,61490,买盘
109,14:50:09,9.46,0.01,30,28380,买盘
110,14:50:04,9.45,-0.01,8,7559,中性盘
111,14:49:54,9.46,--,40,37840,买盘
112,14:49:49,9.46,--,101,95546,卖盘
113,14:49:44,9.46,--,64,60544,卖盘
114,14:49:34,9.46,--,19,17974,卖盘
115,14:49:29,9.46,0.01,610,577060,买盘
116,14:49:19,9.45,--,0,0,卖盘
117,14:49:14,9.45,--,20,18900,卖盘
118,14:49:04,9.45,--,514,485729,买盘
119,14:48:59,9.45,--,111,104894,买盘
120,14:48:29,9.45,--,7,6614,买盘
121,14:48:24,9.45,0.01,29,27404,买盘
122,14:48:19,9.44,-0.01,5,4720,卖盘
123,14:48:09,9.45,0.01,300,283500,买盘
124,14:47:59,9.44,--,60,56640,卖盘
125,14:47:49,9.44,--,5,4720,卖盘
126,14:47:34,9.44,--,211,199184,买盘
127,14:47:24,9.44,0.01,3,2832,买盘
128,14:47:19,9.43,--,20,18860,卖盘
129,14:47:13,9.43,-0.01,2,1886,中性盘
130,14:47:04,9.44,0.01,450,424800,买盘
131,14:46:58,9.43,--,51,48093,卖盘
132,14:46:43,9.43,--,80,75440,卖盘
133,14:46:28,9.43,--,150,141450,卖盘
134,14:46:19,9.43,--,27,25461,卖盘
135,14:46:13,9.43,--,191,180113,买盘
136,14:45:54,9.43,0.01,15,14145,买盘
137,14:45:43,9.42,-0.01,10,9420,卖盘
138,14:45:39,9.43,0.01,62,58466,买盘
139,14:45:24,9.42,--,40,37680,卖盘
140,14:45:13,9.42,--,24,22608,卖盘
141,14:44:54,9.42,--,30,28260,卖盘
142,14:44:03,9.42,--,5,4710,卖盘
143,14:43:48,9.42,--,29,27318,卖盘
144,14:43:38,9.42,-0.01,10,9420,卖盘
145,14:43:23,9.43,--,6,5658,买盘
146,14:43:18,9.43,--,21,19803,买盘
147,14:43:13,9.43,0.01,28,26404,买盘
148,14:42:48,9.42,-0.01,2,1884,卖盘
149,14:42:43,9.43,--,10,9430,买盘
150,14:42:08,9.43,--,10,9430,买盘
151,14:41:58,9.43,--,56,52808,买盘
152,14:41:53,9.43,--,10,9430,买盘
153,14:41:33,9.43,--,7,6601,买盘
154,14:41:28,9.43,--,23,21689,卖盘
155,14:40:58,9.43,-0.01,56,52808,卖盘
156,14:40:42,9.44,0.01,162,152928,买盘
157,14:40:37,9.43,--,14,13202,买盘
158,14:40:07,9.43,0.01,4,3772,买盘
159,14:39:58,9.42,--,49,46158,买盘
160,14:39:37,9.42,--,5,4710,买盘
161,14:39:28,9.42,--,2,1884,买盘
162,14:39:22,9.42,--,84,79128,卖盘
163,14:39:07,9.42,-0.01,29,27318,卖盘
164,14:38:43,9.43,0.01,2,1886,买盘
165,14:38:37,9.42,-0.01,20,18840,卖盘
166,14:38:28,9.43,0.01,4,3772,买盘
167,14:38:22,9.42,--,37,34854,卖盘
168,14:38:13,9.42,--,15,14130,卖盘
169,14:37:47,9.42,-0.01,50,47100,卖盘
170,14:37:22,9.43,0.01,6,5658,买盘
171,14:37:13,9.42,-0.01,25,23550,卖盘
172,14:36:57,9.43,--,8,7544,买盘
173,14:36:52,9.43,--,6,5658,买盘
174,14:36:02,9.43,--,2,1886,买盘
175,14:35:57,9.43,0.01,31,29233,买盘
176,14:35:52,9.42,-0.01,10,9420,卖盘
177,14:35:47,9.43,0.01,101,95243,买盘
178,14:35:42,9.42,-0.01,6,5652,卖盘
179,14:35:32,9.43,--,7,6601,买盘
180,14:35:22,9.43,--,31,29233,买盘
181,14:35:07,9.43,--,29,27347,卖盘
182,14:35:02,9.43,--,54,50922,买盘
183,14:34:52,9.43,0.01,20,18860,买盘
184,14:34:47,9.42,-0.01,55,51810,卖盘
185,14:34:41,9.43,--,8,7544,买盘
186,14:34:26,9.43,--,100,94300,买盘
187,14:34:21,9.43,--,9,8487,买盘
188,14:34:07,9.43,--,35,33005,买盘
189,14:33:36,9.43,--,35,33005,买盘
190,14:33:32,9.43,0.01,5,4715,买盘
191,14:33:06,9.42,-0.01,8,7536,卖盘
192,14:33:02,9.43,0.01,4,3772,买盘
193,14:32:52,9.42,--,10,9420,卖盘
194,14:32:31,9.42,--,6,5652,卖盘
195,14:32:21,9.42,--,5,4710,卖盘
196,14:32:16,9.42,--,55,51810,买盘
197,14:32:06,9.42,--,34,32028,买盘
198,14:32:01,9.42,--,2,1884,买盘
199,14:31:51,9.42,--,65,61230,买盘
200,14:31:46,9.42,0.01,10,9420,买盘
201,14:31:01,9.41,--,40,37640,卖盘
202,14:30:36,9.41,-0.01,1,941,卖盘
203,14:30:16,9.42,--,20,18840,买盘
204,14:30:11,9.42,--,3,2826,买盘
205,14:30:01,9.42,0.01,2,1884,买盘
206,14:29:51,9.41,--,100,94100,卖盘
207,14:29:46,9.41,--,8,7528,卖盘
208,14:29:21,9.41,--,27,25407,卖盘
209,14:28:41,9.41,--,20,18820,卖盘
210,14:28:36,9.41,--,10,9410,卖盘
211,14:28:26,9.41,--,1,941,卖盘
212,14:27:51,9.41,0.01,209,196669,买盘
213,14:27:45,9.4,0.01,115,108100,买盘
214,14:26:55,9.39,--,50,46950,卖盘
215,14:26:45,9.39,--,5,4695,卖盘
216,14:26:25,9.39,--,10,9390,卖盘
217,14:24:56,9.39,--,44,41700,买盘
218,14:24:00,9.39,--,5,4695,买盘
219,14:23:10,9.39,--,39,37175,卖盘
220,14:22:45,9.39,-0.01,13,12207,卖盘
221,14:22:15,9.4,--,34,31960,买盘
222,14:22:05,9.4,--,16,15040,卖盘
223,14:22:00,9.4,--,20,18800,买盘
224,14:21:50,9.4,--,0,0,中性盘
225,14:21:15,9.4,--,0,0,卖盘
226,14:21:05,9.4,-0.01,15,14100,买盘
227,14:20:39,9.41,--,0,0,买盘
228,14:20:14,9.41,--,48,45168,买盘
229,14:19:50,9.41,0.01,35,32935,买盘
230,14:19:20,9.4,--,0,0,卖盘
231,14:19:15,9.4,--,25,23500,卖盘
232,14:19:09,9.4,--,23,22080,买盘
233,14:18:59,9.4,--,65,61100,卖盘
234,14:18:49,9.4,--,50,47000,卖盘
235,14:18:39,9.4,--,50,47000,卖盘
236,14:18:24,9.4,--,20,18800,卖盘
237,14:18:05,9.4,-0.01,23,21620,卖盘
238,14:17:50,9.41,0.01,14,13174,买盘
239,14:17:20,9.4,--,13,12220,卖盘
240,14:17:04,9.4,--,22,20680,买盘
241,14:16:54,9.4,--,1,940,买盘
242,14:16:09,9.4,-0.01,7,6580,卖盘
243,14:15:34,9.41,--,15,14115,卖盘
244,14:15:24,9.41,--,18,16938,卖盘
245,14:15:14,9.41,--,7,6587,卖盘
246,14:15:09,9.41,--,3,2823,卖盘
247,14:14:54,9.41,--,26,24466,卖盘
248,14:14:39,9.41,--,129,121389,卖盘
249,14:14:24,9.41,--,25,23525,卖盘
250,14:14:19,9.41,--,100,94100,卖盘
251,14:13:54,9.41,--,47,44227,卖盘
252,14:13:29,9.41,0.01,20,18820,买盘
253,14:13:24,9.4,--,1,940,卖盘
254,14:13:03,9.4,--,62,58280,买盘
255,14:12:59,9.4,0.01,67,62980,买盘
256,14:12:44,9.39,-0.01,23,21597,卖盘
257,14:12:33,9.4,0.02,39,37045,买盘
258,14:12:18,9.38,-0.01,13,12194,卖盘
259,14:12:14,9.39,--,218,204702,买盘
260,14:12:03,9.39,0.01,15,14085,买盘
261,14:11:59,9.38,-0.01,6,5628,买盘
262,14:11:53,9.39,--,0,0,买盘
263,14:11:48,9.39,--,30,28170,买盘
264,14:11:43,9.39,0.01,110,103290,买盘
265,14:11:38,9.38,--,9,8442,买盘
266,14:11:33,9.38,-0.01,198,185724,卖盘
267,14:11:28,9.39,--,74,69486,买盘
268,14:11:18,9.39,--,55,51645,买盘
269,14:10:58,9.39,0.01,108,101412,买盘
270,14:10:53,9.38,--,45,42210,买盘
271,14:10:48,9.38,--,8,7504,买盘
272,14:10:43,9.38,--,376,352688,买盘
273,14:10:38,9.38,--,266,249508,买盘
274,14:10:33,9.38,--,24,22512,买盘
275,14:10:29,9.38,--,17,15946,买盘
276,14:10:23,9.38,--,84,78792,买盘
277,14:10:18,9.38,--,75,70350,买盘
278,14:10:13,9.38,--,115,107870,买盘
279,14:10:08,9.38,--,50,46900,买盘
280,14:10:03,9.38,0.01,10,9380,买盘
281,14:09:53,9.37,-0.01,1,936,卖盘
282,14:09:48,9.38,--,1,938,买盘
283,14:09:13,9.38,--,5,4690,买盘
284,14:09:03,9.38,--,151,141638,卖盘
285,14:08:33,9.38,-0.01,20,18760,卖盘
286,14:08:28,9.39,0.01,50,46950,买盘
287,14:08:18,9.38,--,59,55342,卖盘
288,14:08:03,9.38,--,12,11256,卖盘
289,14:07:13,9.38,--,61,57218,买盘
290,14:07:03,9.38,--,30,28140,买盘
291,14:06:42,9.38,--,1,938,买盘
292,14:06:33,9.38,--,10,9380,买盘
293,14:06:12,9.38,--,1,938,买盘
294,14:06:08,9.38,--,19,17822,买盘
295,14:06:03,9.38,--,1,938,买盘
296,14:05:33,9.38,--,69,64722,卖盘
297,14:05:27,9.38,-0.01,101,94738,卖盘
298,14:05:17,9.39,--,11,10329,买盘
299,14:04:47,9.39,0.01,4,3756,买盘
300,14:04:42,9.38,--,1,938,卖盘
301,14:04:38,9.38,--,200,187600,卖盘
302,14:04:12,9.38,-0.01,3,2814,卖盘
303,14:04:07,9.39,0.01,3,2817,买盘
304,14:03:57,9.38,-0.01,30,28140,卖盘
305,14:03:42,9.39,0.01,10,9390,买盘
306,14:03:32,9.38,-0.01,3,2814,卖盘
307,14:03:12,9.39,--,10,9390,买盘
308,14:02:42,9.39,--,1,939,买盘
309,14:02:22,9.39,--,4,4310,卖盘
310,14:02:17,9.39,--,5,5079,买盘
311,14:02:12,9.39,-0.01,26,24968,卖盘
312,14:01:57,9.4,0.01,1,940,买盘
313,14:01:47,9.39,--,10,9390,卖盘
314,14:01:11,9.39,--,12,11652,买盘
315,14:01:02,9.39,--,2,1878,买盘
316,14:00:57,9.39,-0.01,4,4310,卖盘
317,14:00:42,9.4,0.01,53,49820,买盘
318,14:00:36,9.39,--,4,4140,买盘
319,14:00:12,9.39,--,1,939,买盘
320,13:59:57,9.39,--,40,37560,买盘
321,13:59:47,9.39,--,5,4695,买盘
322,13:59:32,9.39,--,27,25907,卖盘
323,13:59:27,9.39,0.01,1,1323,买盘
324,13:59:12,9.38,-0.01,9,8442,卖盘
325,13:58:57,9.39,--,10,9390,买盘
326,13:58:51,9.39,--,42,39438,买盘
327,13:58:47,9.39,--,3,2817,买盘
328,13:58:26,9.39,--,2,1878,买盘
329,13:58:21,9.39,--,30,28170,买盘
330,13:58:12,9.39,--,73,68547,买盘
331,13:58:02,9.39,0.01,5,4695,买盘
332,13:57:26,9.38,--,0,0,中性盘
333,13:57:21,9.38,--,0,0,买盘
334,13:57:02,9.38,--,5,4690,买盘
335,13:56:31,9.38,0.01,5,4690,买盘
336,13:55:51,9.37,-0.01,101,94636,卖盘
337,13:55:31,9.38,--,100,93800,买盘
338,13:55:21,9.38,--,7,6566,买盘
339,13:55:06,9.38,--,4,3752,卖盘
340,13:55:01,9.38,--,20,18760,卖盘
341,13:54:46,9.38,--,30,28140,卖盘
342,13:54:15,9.38,--,10,9380,卖盘
343,13:54:06,9.38,0.01,60,56280,买盘
344,13:54:00,9.37,--,21,19677,卖盘
345,13:53:51,9.37,--,0,0,卖盘
346,13:53:44,9.37,-0.02,40,37480,卖盘
347,13:53:41,9.39,0.01,100,93900,买盘
348,13:53:36,9.38,--,14,13132,买盘
349,13:53:21,9.38,-0.01,23,21574,卖盘
350,13:53:15,9.39,0.01,60,56340,买盘
351,13:53:06,9.38,--,5,4690,卖盘
352,13:52:36,9.38,-0.01,12,11256,卖盘
353,13:52:21,9.39,0.01,1,939,买盘
354,13:52:15,9.38,-0.01,4,3752,卖盘
355,13:51:51,9.39,0.01,70,65730,买盘
356,13:51:36,9.38,--,41,38458,买盘
357,13:51:21,9.38,--,20,18760,买盘
358,13:51:06,9.38,--,1,938,买盘
359,13:51:00,9.38,0.01,100,93800,买盘
360,13:50:45,9.37,--,34,32298,买盘
361,13:50:41,9.37,--,36,33732,买盘
362,13:50:29,9.37,--,10,9370,买盘
363,13:50:14,9.37,--,42,39850,卖盘
364,13:49:56,9.37,--,141,132557,买盘
365,13:49:45,9.37,--,30,28109,买盘
366,13:49:40,9.37,--,30,28109,买盘
367,13:49:35,9.37,--,5,4685,买盘
368,13:49:25,9.37,0.01,3,2810,买盘
369,13:49:10,9.36,--,7,6552,卖盘
370,13:49:00,9.36,-0.01,13,12168,卖盘
371,13:48:55,9.37,0.01,60,56219,买盘
372,13:48:40,9.36,--,5,4680,卖盘
373,13:48:35,9.36,-0.01,3,2808,卖盘
374,13:48:30,9.37,0.02,1,936,买盘
375,13:48:15,9.35,-0.02,10,9350,卖盘
376,13:48:10,9.37,0.02,170,159290,买盘
377,13:48:05,9.35,-0.01,243,227205,卖盘
378,13:48:00,9.36,-0.01,15,14040,卖盘
379,13:47:55,9.37,0.01,100,93699,买盘
380,13:47:45,9.36,-0.01,20,18720,卖盘
381,13:47:30,9.37,--,141,132613,卖盘
382,13:47:25,9.37,--,104,97447,卖盘
383,13:47:15,9.37,--,71,66527,卖盘
384,13:47:05,9.37,-0.01,78,73086,卖盘
385,13:46:45,9.38,0.01,47,44086,买盘
386,13:46:39,9.37,--,23,21991,买盘
387,13:46:30,9.37,--,576,540208,卖盘
388,13:46:24,9.37,-0.01,14,13117,卖盘
389,13:46:15,9.38,0.01,499,468502,买盘
390,13:46:09,9.37,-0.01,20,18740,卖盘
391,13:46:00,9.38,--,110,103527,卖盘
392,13:45:53,9.38,-0.01,20,18760,卖盘
393,13:45:44,9.39,0.01,1,939,买盘
394,13:45:39,9.38,--,15,14070,卖盘
395,13:45:24,9.38,--,10,9380,卖盘
396,13:45:15,9.38,--,105,98490,卖盘
397,13:45:08,9.38,-0.01,228,213864,卖盘
398,13:44:49,9.39,0.01,5,4695,买盘
399,13:44:44,9.38,--,1,938,卖盘
400,13:44:38,9.38,--,1,938,卖盘
401,13:44:24,9.38,--,131,123468,买盘
402,13:44:14,9.38,0.01,25,23450,买盘
403,13:44:09,9.37,--,2,1873,卖盘
404,13:44:00,9.37,-0.01,24,22487,卖盘
405,13:43:49,9.38,--,16,15008,买盘
406,13:43:34,9.38,0.01,10,9380,买盘
407,13:43:29,9.37,-0.01,20,18740,卖盘
408,13:43:19,9.38,--,12,11256,买盘
409,13:43:14,9.38,--,15,14070,买盘
410,13:43:08,9.38,--,5,4690,买盘
411,13:43:04,9.38,--,47,44086,买盘
412,13:42:54,9.38,--,106,99775,卖盘
413,13:42:44,9.38,--,300,281400,卖盘
414,13:42:38,9.38,--,10,9380,卖盘
415,13:42:34,9.38,--,10,9380,卖盘
416,13:42:24,9.38,-0.01,13,12194,卖盘
417,13:42:04,9.39,0.01,8,7512,买盘
418,13:41:53,9.38,--,40,37520,卖盘
419,13:41:39,9.38,--,10,9380,卖盘
420,13:41:34,9.38,--,14,13132,卖盘
421,13:41:19,9.38,--,249,234152,买盘
422,13:41:13,9.38,0.01,5,4690,买盘
423,13:41:04,9.37,-0.01,22,20614,卖盘
424,13:40:59,9.38,0.01,8,7504,买盘
425,13:40:08,9.37,--,35,32795,卖盘
426,13:40:04,9.37,--,57,53408,卖盘
427,13:39:58,9.37,--,73,68401,卖盘
428,13:39:53,9.37,-0.01,4,3747,卖盘
429,13:39:38,9.38,-0.01,450,422100,卖盘
430,13:39:34,9.39,--,44,41316,卖盘
431,13:39:29,9.39,--,36,33804,卖盘
432,13:39:23,9.39,--,109,102351,卖盘
433,13:39:14,9.39,--,100,93900,卖盘
434,13:39:08,9.39,--,100,93900,卖盘
435,13:39:04,9.39,-0.01,100,93900,卖盘
436,13:38:49,9.4,0.01,8,7520,买盘
437,13:38:44,9.39,--,52,48828,卖盘
438,13:38:38,9.39,--,152,142728,卖盘
439,13:38:23,9.39,--,6,5634,卖盘
440,13:38:17,9.39,--,14,13146,卖盘
441,13:38:14,9.39,--,1,939,卖盘
442,13:38:02,9.39,--,187,175593,卖盘
443,13:37:44,9.39,--,2,1878,卖盘
444,13:37:38,9.39,--,130,122070,买盘
445,13:37:29,9.39,-0.01,21,19719,卖盘
446,13:37:23,9.4,--,12,11280,买盘
447,13:37:08,9.4,--,4,3760,买盘
448,13:36:23,9.4,0.01,1,940,买盘
449,13:36:02,9.39,--,8,7512,买盘
450,13:35:47,9.39,-0.01,937,879843,卖盘
451,13:35:32,9.4,-0.01,321,301740,卖盘
452,13:35:28,9.41,0.01,10,9410,买盘
453,13:35:23,9.4,-0.01,6,5640,卖盘
454,13:35:08,9.41,0.01,3,2823,买盘
455,13:35:02,9.4,--,30,28200,卖盘
456,13:34:47,9.4,--,5,4700,卖盘
457,13:34:28,9.4,--,5,4700,卖盘
458,13:34:17,9.4,-0.01,56,52640,卖盘
459,13:34:02,9.41,--,122,114802,卖盘
460,13:33:43,9.41,-0.01,10,9410,卖盘
461,13:32:52,9.42,--,30,28260,买盘
462,13:32:02,9.42,0.01,25,23550,买盘
463,13:31:58,9.41,--,98,92218,卖盘
464,13:31:23,9.41,--,13,12233,卖盘
465,13:30:43,9.41,--,8,7528,买盘
466,13:30:38,9.41,--,6,5646,买盘
467,13:30:32,9.41,--,6,5646,卖盘
468,13:30:17,9.41,--,50,47050,卖盘
469,13:29:56,9.41,-0.01,20,18820,卖盘
470,13:29:02,9.42,0.01,113,106446,买盘
471,13:28:47,9.41,--,11,10351,卖盘
472,13:28:41,9.41,--,20,18820,卖盘
473,13:28:17,9.41,-0.01,2,1882,卖盘
474,13:28:11,9.42,0.01,10,9420,买盘
475,13:27:47,9.41,--,1,941,买盘
476,13:27:22,9.41,--,110,103510,买盘
477,13:27:02,9.41,0.01,19,17879,买盘
478,13:26:41,9.4,-0.01,49,46060,卖盘
479,13:26:26,9.41,--,20,18820,买盘
480,13:26:22,9.41,0.01,14,13174,买盘
481,13:26:07,9.4,-0.01,50,47000,卖盘
482,13:26:02,9.41,--,11,10351,买盘
483,13:25:26,9.41,--,56,52696,买盘
484,13:25:22,9.41,--,20,18820,买盘
485,13:25:11,9.41,0.01,20,18820,买盘
486,13:24:11,9.4,--,25,23500,卖盘
487,13:24:07,9.4,--,99,93060,卖盘
488,13:23:41,9.4,--,10,9400,卖盘
489,13:22:51,9.4,-0.01,4,3760,卖盘
490,13:22:46,9.41,--,28,26348,买盘
491,13:22:31,9.41,--,43,40463,买盘
492,13:22:21,9.41,--,10,9410,买盘
493,13:21:50,9.41,--,70,65870,买盘
494,13:21:26,9.41,--,1,941,买盘
495,13:21:16,9.41,0.01,5,4705,买盘
496,13:21:04,9.4,-0.01,7,6580,卖盘
497,13:20:56,9.41,0.01,100,94100,买盘
498,13:20:41,9.4,--,128,120320,卖盘
499,13:20:35,9.4,--,49,46060,卖盘
500,13:20:11,9.4,--,14,13160,卖盘
501,13:19:35,9.4,-0.01,10,9400,卖盘
502,13:19:20,9.41,--,10,9410,买盘
503,13:18:35,9.41,--,24,22584,卖盘
504,13:18:31,9.41,--,36,33876,买盘
505,13:18:20,9.41,--,27,25407,卖盘
506,13:17:50,9.41,0.01,10,9410,卖盘
507,13:17:40,9.4,--,0,0,卖盘
508,13:17:35,9.4,-0.01,50,47000,卖盘
509,13:17:31,9.41,0.01,4,3764,卖盘
510,13:17:05,9.4,--,0,0,卖盘
511,13:17:00,9.4,-0.02,64,60160,卖盘
512,13:16:45,9.42,0.02,6,5652,买盘
513,13:16:25,9.4,-0.01,100,94000,卖盘
514,13:16:15,9.41,--,0,0,买盘
515,13:16:10,9.41,-0.01,2,1882,买盘
516,13:16:04,9.42,0.01,66,62172,买盘
517,13:16:00,9.41,--,10,9410,卖盘
518,13:15:55,9.41,--,4,3764,卖盘
519,13:15:45,9.41,-0.01,50,47050,卖盘
520,13:15:35,9.42,0.01,5,4710,买盘
521,13:15:30,9.41,--,350,329350,卖盘
522,13:15:10,9.41,--,32,30112,卖盘
523,13:14:35,9.41,-0.01,6,5646,卖盘
524,13:14:25,9.42,--,42,39564,卖盘
525,13:14:20,9.42,-0.01,1,942,卖盘
526,13:13:50,9.43,--,6,5658,卖盘
527,13:13:44,9.43,--,5,4715,卖盘
528,13:13:14,9.43,--,4,3772,卖盘
529,13:13:05,9.43,--,0,0,中性盘
530,13:12:50,9.43,--,2,1886,卖盘
531,13:12:20,9.43,--,7,6601,卖盘
532,13:12:10,9.43,0.01,7,6601,买盘
533,13:11:40,9.42,--,0,0,卖盘
534,13:11:35,9.42,--,7,6594,卖盘
535,13:11:29,9.42,-0.02,21,19782,卖盘
536,13:10:14,9.44,--,100,94400,买盘
537,13:09:59,9.44,--,1,944,买盘
538,13:09:55,9.44,--,0,0,买盘
539,13:09:10,9.44,0.03,38,35872,买盘
540,13:09:04,9.41,--,0,0,卖盘
541,13:08:54,9.41,-0.03,10,9410,卖盘
542,13:08:44,9.44,--,0,0,买盘
543,13:08:39,9.44,0.01,230,217120,买盘
544,13:08:24,9.43,--,4,3772,卖盘
545,13:08:14,9.43,--,5,4715,卖盘
546,13:07:59,9.43,-0.01,300,282900,卖盘
547,13:07:14,9.44,--,3,2832,买盘
548,13:07:09,9.44,--,19,17936,卖盘
549,13:06:39,9.44,--,11,10384,买盘
550,13:06:23,9.44,--,11,10384,买盘
551,13:06:04,9.44,--,1,944,买盘
552,13:04:58,9.44,--,1,944,卖盘
553,13:04:53,9.44,--,4,3776,卖盘
554,13:04:48,9.44,--,80,75520,买盘
555,13:04:38,9.44,--,1,944,买盘
556,13:04:34,9.44,--,133,125552,卖盘
557,13:04:14,9.44,-0.01,18,16992,买盘
558,13:03:38,9.45,--,0,0,买盘
559,13:03:34,9.45,0.01,131,123794,买盘
560,13:03:14,9.44,--,0,0,卖盘
561,13:02:59,9.44,--,12,11328,买盘
562,13:02:53,9.44,--,8,7552,卖盘
563,13:02:08,9.44,--,24,22656,买盘
564,13:02:03,9.44,--,1,944,中性盘
565,13:01:53,9.44,--,0,0,卖盘
566,13:01:38,9.44,0.01,24,22656,买盘
567,13:01:28,9.43,-0.01,10,9430,卖盘
568,13:01:13,9.44,--,69,65136,买盘
569,13:01:08,9.44,--,35,33040,买盘
570,13:00:58,9.44,--,102,96288,买盘
571,13:00:53,9.44,--,34,32096,买盘
572,13:00:48,9.44,--,70,66080,买盘
573,13:00:38,9.44,--,34,32096,买盘
574,13:00:33,9.44,--,35,33040,买盘
575,13:00:23,9.44,--,70,66080,买盘
576,13:00:18,9.44,0.01,34,32096,买盘
577,13:00:08,9.43,-0.01,128,120704,卖盘
578,13:00:03,9.44,--,31,29264,卖盘
579,11:30:00,9.44,--,0,0,卖盘
580,11:29:59,9.44,--,0,0,卖盘
581,11:29:49,9.44,--,1,944,卖盘
582,11:29:24,9.44,-0.01,62,58528,卖盘
583,11:29:19,9.45,0.01,1,944,买盘
584,11:29:04,9.44,0.01,56,52864,买盘
585,11:28:59,9.43,-0.01,48,45264,卖盘
586,11:28:54,9.44,--,46,43424,买盘
587,11:28:39,9.44,0.01,16,15104,买盘
588,11:28:19,9.43,--,2,1886,卖盘
589,11:28:09,9.43,--,21,19803,卖盘
590,11:27:38,9.43,-0.01,20,18860,卖盘
591,11:27:24,9.44,--,0,0,卖盘
592,11:27:19,9.44,0.01,0,358,买盘
593,11:27:03,9.43,-0.01,2,1886,卖盘
594,11:26:54,9.44,--,10,9440,买盘
595,11:26:48,9.44,--,5,4720,买盘
596,11:26:29,9.44,--,34,32681,卖盘
597,11:26:24,9.44,--,50,47200,卖盘
598,11:26:18,9.44,-0.01,62,58528,卖盘
599,11:26:13,9.45,--,10,9450,买盘
600,11:25:59,9.45,0.01,2,1889,买盘
601,11:25:54,9.44,--,136,128384,卖盘
602,11:25:29,9.44,-0.01,10,9440,卖盘
603,11:24:59,9.45,0.01,1,944,买盘
604,11:24:48,9.44,--,20,18880,卖盘
605,11:24:38,9.44,--,27,25488,卖盘
606,11:24:33,9.44,-0.01,20,18880,卖盘
607,11:24:29,9.45,--,60,56699,买盘
608,11:24:03,9.45,0.01,21,19845,买盘
609,11:23:38,9.44,-0.01,20,18880,卖盘
610,11:23:17,9.45,--,100,94500,买盘
611,11:23:13,9.45,--,11,10395,买盘
612,11:22:48,9.45,--,10,9450,买盘
613,11:22:13,9.45,0.01,11,10395,买盘
614,11:21:48,9.44,--,5,4720,卖盘
615,11:21:03,9.44,--,4,3776,卖盘
616,11:20:38,9.44,--,5,4720,卖盘
617,11:20:33,9.44,--,8,7552,卖盘
618,11:20:18,9.44,--,16,15104,卖盘
619,11:20:11,9.44,--,3,2832,卖盘
620,11:19:42,9.44,--,113,107030,买盘
621,11:19:38,9.44,--,100,94400,买盘
622,11:19:23,9.44,0.01,13,12272,买盘
623,11:19:08,9.43,-0.01,55,51865,卖盘
624,11:18:18,9.44,--,56,53449,卖盘
625,11:17:53,9.44,--,10,9440,卖盘
626,11:17:32,9.44,--,50,47200,卖盘
627,11:16:26,9.44,--,93,87792,卖盘
628,11:15:52,9.44,--,30,28320,卖盘
629,11:15:11,9.44,--,35,33040,卖盘
630,11:15:07,9.44,0.01,17,16406,买盘
631,11:15:02,9.43,-0.01,6,5658,卖盘
632,11:14:57,9.44,--,100,94400,买盘
633,11:14:52,9.44,0.01,12,11328,买盘
634,11:14:07,9.43,-0.01,1,943,卖盘
635,11:14:02,9.44,0.01,1,944,买盘
636,11:13:21,9.43,--,111,104673,卖盘
637,11:13:12,9.43,--,300,282900,卖盘
638,11:12:50,9.43,-0.01,50,47150,卖盘
639,11:12:21,9.44,0.01,60,56640,买盘
640,11:12:16,9.43,-0.01,52,49036,卖盘
641,11:11:50,9.44,0.01,93,87792,买盘
642,11:11:26,9.43,--,1,943,卖盘
643,11:11:05,9.43,--,20,18860,买盘
644,11:10:06,9.43,--,19,17917,卖盘
645,11:09:46,9.43,--,1,943,卖盘
646,11:09:21,9.43,--,20,18860,卖盘
647,11:09:06,9.43,-0.01,10,9430,卖盘
648,11:08:51,9.44,0.01,2,1888,买盘
649,11:08:20,9.43,--,11,10373,卖盘
650,11:08:10,9.43,--,23,21689,买盘
651,11:08:05,9.43,--,50,47150,买盘
652,11:07:16,9.43,--,15,14145,买盘
653,11:07:05,9.43,--,33,31119,买盘
654,11:06:45,9.43,--,3,2829,买盘
655,11:05:59,9.43,--,24,22632,卖盘
656,11:05:56,9.43,--,4,3772,卖盘
657,11:05:21,9.43,0.01,84,79212,买盘
658,11:05:10,9.42,--,53,50039,买盘
659,11:04:44,9.42,--,42,39564,买盘
660,11:04:35,9.42,0.01,20,18840,买盘
661,11:04:29,9.41,--,50,47050,卖盘
662,11:03:59,9.41,-0.01,7,6587,卖盘
663,11:03:50,9.42,0.01,40,37680,买盘
664,11:03:44,9.41,-0.01,5,4705,卖盘
665,11:03:40,9.42,--,218,205356,买盘
666,11:03:35,9.42,0.01,8,7536,买盘
667,11:02:59,9.41,--,21,19761,卖盘
668,11:02:25,9.41,--,50,47050,卖盘
669,11:02:14,9.41,--,30,28230,卖盘
670,11:01:59,9.41,-0.01,12,11292,卖盘
671,11:01:44,9.42,0.01,10,9420,买盘
672,11:01:40,9.41,--,30,28230,卖盘
673,11:01:35,9.41,--,120,112920,卖盘
674,11:01:25,9.41,--,19,17879,卖盘
675,11:01:14,9.41,-0.01,1,941,卖盘
676,11:00:59,9.42,--,108,101736,卖盘
677,11:00:55,9.42,--,16,15072,卖盘
678,11:00:44,9.42,--,200,188400,卖盘
679,11:00:34,9.42,--,10,9420,卖盘
680,11:00:25,9.42,-0.01,100,94200,卖盘
681,11:00:14,9.43,--,8,7544,买盘
682,11:00:08,9.43,-0.01,155,146165,卖盘
683,10:59:59,9.44,0.01,19,17936,买盘
684,10:59:23,9.43,--,5,4715,卖盘
685,10:59:19,9.43,-0.01,41,38663,卖盘
686,10:58:29,9.44,--,34,32096,买盘
687,10:58:19,9.44,0.01,13,12272,买盘
688,10:57:29,9.43,-0.01,7,6601,卖盘
689,10:57:19,9.44,--,1,944,买盘
690,10:57:14,9.44,--,20,18880,买盘
691,10:56:49,9.44,0.01,10,9440,买盘
692,10:56:34,9.43,-0.01,20,18860,卖盘
693,10:56:08,9.44,--,1,944,买盘
694,10:55:59,9.44,--,25,24185,卖盘
695,10:55:43,9.44,--,4,3776,卖盘
696,10:55:38,9.44,--,10,9440,卖盘
697,10:55:34,9.44,-0.01,50,47200,卖盘
698,10:55:03,9.45,--,5,4725,买盘
699,10:54:43,9.45,0.01,22,20790,买盘
700,10:53:49,9.44,--,13,12272,卖盘
701,10:53:43,9.44,--,7,6608,卖盘
702,10:53:34,9.44,-0.01,4,3776,卖盘
703,10:53:23,9.45,0.01,1,944,买盘
704,10:53:02,9.44,--,14,13574,买盘
705,10:52:53,9.44,0.01,14,13216,买盘
706,10:52:47,9.43,-0.01,8,7544,卖盘
707,10:52:38,9.44,--,4,3776,买盘
708,10:52:32,9.44,--,28,27017,卖盘
709,10:52:23,9.44,--,30,28320,卖盘
710,10:50:47,9.44,--,7,6608,卖盘
711,10:50:32,9.44,-0.01,10,9440,卖盘
712,10:50:23,9.45,--,2,1889,买盘
713,10:50:02,9.45,--,32,30239,买盘
714,10:49:53,9.45,--,20,18900,买盘
715,10:49:32,9.45,0.01,363,343035,买盘
716,10:49:28,9.44,--,20,18880,卖盘
717,10:49:22,9.44,--,20,18880,卖盘
718,10:49:17,9.44,--,5,4720,卖盘
719,10:49:13,9.44,--,20,18880,卖盘
720,10:48:52,9.44,--,1,944,卖盘
721,10:48:43,9.44,--,10,9440,卖盘
722,10:48:37,9.44,--,10,9440,卖盘
723,10:48:32,9.44,--,2,1888,卖盘
724,10:48:17,9.44,0.01,201,190102,买盘
725,10:47:42,9.43,--,22,20746,卖盘
726,10:47:32,9.43,-0.01,20,18860,卖盘
727,10:47:28,9.44,--,1,944,买盘
728,10:47:13,9.44,-0.01,225,212400,卖盘
729,10:47:07,9.45,0.01,50,47250,买盘
730,10:47:02,9.44,--,20,18880,卖盘
731,10:46:52,9.44,--,5,4720,卖盘
732,10:46:47,9.44,-0.01,31,29264,卖盘
733,10:46:13,9.45,0.01,3,2835,买盘
734,10:46:07,9.44,--,50,47200,卖盘
735,10:46:02,9.44,--,10,9440,卖盘
736,10:45:56,9.44,--,31,29264,卖盘
737,10:45:47,9.44,--,344,324736,买盘
738,10:45:41,9.44,--,20,18880,买盘
739,10:45:07,9.44,--,72,67968,卖盘
740,10:45:02,9.44,-0.01,8,7552,卖盘
741,10:44:37,9.45,--,10,9450,买盘
742,10:44:32,9.45,--,117,110564,卖盘
743,10:44:17,9.45,--,2,1889,卖盘
744,10:44:02,9.45,--,30,28349,卖盘
745,10:43:56,9.45,--,100,94500,卖盘
746,10:43:41,9.45,--,118,111509,卖盘
747,10:43:37,9.45,--,8,7559,卖盘
748,10:43:26,9.45,--,8,7559,卖盘
749,10:43:22,9.45,--,20,18900,卖盘
750,10:43:17,9.45,--,1,944,卖盘
751,10:43:11,9.45,--,126,119069,买盘
752,10:42:52,9.45,--,248,234359,买盘
753,10:42:37,9.45,0.01,10,9450,买盘
754,10:42:26,9.44,--,30,28320,卖盘
755,10:42:16,9.44,--,21,19824,买盘
756,10:42:11,9.44,--,24,22656,卖盘
757,10:41:56,9.44,--,20,18880,卖盘
758,10:41:41,9.44,--,30,28320,卖盘
759,10:41:36,9.44,--,3,2832,买盘
760,10:41:31,9.44,--,3,2832,买盘
761,10:41:26,9.44,--,0,0,中性盘
762,10:41:22,9.44,--,32,30208,卖盘
763,10:41:11,9.44,-0.01,39,36816,卖盘
764,10:40:56,9.45,--,0,0,买盘
765,10:40:46,9.45,0.02,40,37800,买盘
766,10:40:36,9.43,-0.01,240,226320,卖盘
767,10:40:16,9.44,--,23,21712,买盘
768,10:40:11,9.44,0.01,30,28320,买盘
769,10:40:06,9.43,--,27,25461,卖盘
770,10:39:51,9.43,--,4,3772,卖盘
771,10:39:31,9.43,-0.01,20,18860,卖盘
772,10:39:26,9.44,--,36,33984,买盘
773,10:39:21,9.44,--,52,49088,买盘
774,10:39:11,9.44,0.01,50,47200,买盘
775,10:38:56,9.43,--,50,47150,卖盘
776,10:38:46,9.43,--,282,265926,买盘
777,10:38:20,9.43,--,216,203688,买盘
778,10:37:41,9.43,--,3,2829,买盘
779,10:37:35,9.43,--,71,66953,卖盘
780,10:37:05,9.43,-0.01,40,37720,卖盘
781,10:36:35,9.44,--,51,48144,买盘
782,10:36:26,9.44,--,12,11328,买盘
783,10:35:56,9.44,0.01,143,134992,买盘
784,10:35:50,9.43,-0.01,56,52808,卖盘
785,10:35:41,9.44,--,1,944,买盘
786,10:35:31,9.44,--,14,13216,买盘
787,10:35:11,9.44,0.01,2,1888,买盘
788,10:34:50,9.43,--,27,25461,买盘
789,10:34:40,9.43,--,5,4715,买盘
790,10:34:31,9.43,--,18,16974,卖盘
791,10:34:10,9.43,0.01,18,16974,买盘
792,10:33:55,9.42,-0.01,6,5652,卖盘
793,10:33:40,9.43,--,17,16031,卖盘
794,10:33:05,9.43,--,30,28290,买盘
795,10:33:01,9.43,--,1,943,买盘
796,10:32:45,9.43,0.01,99,93357,买盘
797,10:32:40,9.42,-0.01,28,26376,卖盘
798,10:32:35,9.43,--,1,943,买盘
799,10:32:30,9.43,0.01,30,28290,买盘
800,10:32:15,9.42,--,2,1884,卖盘
801,10:32:05,9.42,--,16,15072,卖盘
802,10:31:50,9.42,--,5,4710,卖盘
803,10:31:30,9.42,--,3,2826,卖盘
804,10:31:20,9.42,0.01,42,39564,买盘
805,10:31:15,9.41,-0.01,82,77162,卖盘
806,10:31:00,9.42,0.01,100,94200,买盘
807,10:30:40,9.41,--,78,73398,卖盘
808,10:30:20,9.41,-0.01,9,8469,卖盘
809,10:30:14,9.42,--,0,0,中性盘
810,10:30:10,9.42,--,15,14130,买盘
811,10:29:59,9.42,--,12,11304,买盘
812,10:29:50,9.42,--,20,18840,买盘
813,10:29:44,9.42,--,8,7536,买盘
814,10:29:29,9.42,0.01,6,5652,买盘
815,10:28:59,9.41,-0.01,22,20702,卖盘
816,10:28:44,9.42,0.01,48,45216,买盘
817,10:27:40,9.41,-0.01,5,4705,卖盘
818,10:27:35,9.42,--,16,15072,买盘
819,10:27:25,9.42,0.02,10,9420,买盘
820,10:26:55,9.4,-0.02,593,557420,卖盘
821,10:26:44,9.42,0.01,50,47100,买盘
822,10:26:40,9.41,-0.01,11,10351,卖盘
823,10:26:29,9.42,0.01,10,9420,买盘
824,10:25:49,9.41,-0.01,3,2823,卖盘
825,10:25:29,9.42,0.01,8,7536,买盘
826,10:25:25,9.41,-0.01,80,75280,卖盘
827,10:24:59,9.42,--,10,9420,买盘
828,10:24:39,9.42,--,0,0,中性盘
829,10:24:34,9.42,--,240,226080,卖盘
830,10:24:28,9.42,--,0,0,卖盘
831,10:24:24,9.42,--,11,10362,卖盘
832,10:24:09,9.42,-0.02,3,2826,卖盘
833,10:23:59,9.44,0.02,10,9440,买盘
834,10:23:54,9.42,--,100,94200,卖盘
835,10:23:44,9.42,-0.01,62,58404,卖盘
836,10:23:28,9.43,0.01,184,173512,买盘
837,10:23:24,9.42,--,15,14130,卖盘
838,10:23:14,9.42,--,10,9420,卖盘
839,10:23:09,9.42,--,1,942,卖盘
840,10:22:59,9.42,--,6,5652,卖盘
841,10:22:49,9.42,--,70,65940,卖盘
842,10:22:44,9.42,--,6,5652,卖盘
843,10:22:39,9.42,-0.01,306,288252,卖盘
844,10:22:14,9.43,--,6,5658,买盘
845,10:21:59,9.43,--,93,87699,卖盘
846,10:21:44,9.43,--,20,18860,卖盘
847,10:21:38,9.43,--,1,943,卖盘
848,10:21:34,9.43,--,140,132020,卖盘
849,10:21:29,9.43,--,30,28290,卖盘
850,10:21:19,9.43,--,10,9430,卖盘
851,10:20:59,9.43,--,8,7544,卖盘
852,10:20:44,9.43,--,5,4715,卖盘
853,10:20:19,9.43,--,14,13202,卖盘
854,10:20:13,9.43,--,10,9430,卖盘
855,10:20:04,9.43,-0.01,50,47150,卖盘
856,10:19:58,9.44,--,11,10384,买盘
857,10:19:49,9.44,0.01,100,94400,买盘
858,10:19:44,9.43,--,30,28290,卖盘
859,10:19:29,9.43,--,8,7544,卖盘
860,10:19:22,9.43,--,5,4715,卖盘
861,10:19:14,9.43,--,1,943,卖盘
862,10:19:03,9.43,--,5,4715,卖盘
863,10:18:58,9.43,--,5,4715,卖盘
864,10:18:53,9.43,--,122,115046,卖盘
865,10:18:34,9.43,--,13,12259,卖盘
866,10:18:22,9.43,-0.01,50,47150,卖盘
867,10:18:18,9.44,0.01,200,188800,买盘
868,10:18:13,9.43,--,224,211232,卖盘
869,10:17:58,9.43,-0.01,69,65067,卖盘
870,10:17:43,9.44,--,148,140297,卖盘
871,10:17:33,9.44,--,3,2832,卖盘
872,10:17:28,9.44,--,11,10384,卖盘
873,10:17:23,9.44,-0.01,86,81948,卖盘
874,10:17:18,9.45,0.01,2,1889,买盘
875,10:17:08,9.44,--,2,1888,卖盘
876,10:17:03,9.44,--,30,28320,卖盘
877,10:16:52,9.44,--,99,93456,卖盘
878,10:16:48,9.44,--,2,1888,卖盘
879,10:16:43,9.44,--,20,18880,卖盘
880,10:16:37,9.44,--,100,94400,卖盘
881,10:16:33,9.44,-0.01,500,472000,卖盘
882,10:16:28,9.45,0.01,90,85050,买盘
883,10:16:22,9.44,--,25,23600,卖盘
884,10:16:07,9.44,--,19,17936,卖盘
885,10:16:03,9.44,--,8,7552,卖盘
886,10:15:58,9.44,-0.01,10,9440,卖盘
887,10:15:33,9.45,--,8,7559,买盘
888,10:14:57,9.45,--,10,9450,买盘
889,10:14:52,9.45,--,101,95445,卖盘
890,10:14:48,9.45,--,11,10395,卖盘
891,10:14:28,9.45,--,5,4725,卖盘
892,10:14:22,9.45,--,42,39690,卖盘
893,10:14:13,9.45,--,14,13229,卖盘
894,10:14:07,9.45,--,27,25514,卖盘
895,10:14:01,9.45,--,10,9450,卖盘
896,10:13:58,9.45,--,87,82215,卖盘
897,10:13:37,9.45,-0.01,8,7559,卖盘
898,10:13:22,9.46,0.01,30,28380,买盘
899,10:13:12,9.45,--,240,226799,卖盘
900,10:13:07,9.45,--,10,9450,卖盘
901,10:13:01,9.45,-0.01,15,14174,卖盘
902,10:12:52,9.46,0.01,40,37840,买盘
903,10:12:46,9.45,--,9,8505,卖盘
904,10:12:37,9.45,-0.01,5,4725,卖盘
905,10:12:16,9.46,--,271,256366,买盘
906,10:12:01,9.46,0.01,113,106898,买盘
907,10:11:52,9.45,-0.01,96,90720,卖盘
908,10:11:31,9.46,--,20,18920,买盘
909,10:11:27,9.46,--,1,946,买盘
910,10:11:07,9.46,0.01,10,9460,买盘
911,10:10:52,9.45,--,50,47250,卖盘
912,10:10:37,9.45,-0.01,29,27404,卖盘
913,10:10:31,9.46,--,2,1892,买盘
914,10:10:22,9.46,--,30,28380,买盘
915,10:10:12,9.46,0.01,4,3784,买盘
916,10:10:07,9.45,--,3,2835,卖盘
917,10:09:57,9.45,--,1,944,卖盘
918,10:09:52,9.45,--,1,944,卖盘
919,10:09:46,9.45,-0.01,3,2835,卖盘
920,10:09:16,9.46,--,3,2838,买盘
921,10:09:12,9.46,--,26,24596,买盘
922,10:08:52,9.46,--,10,9460,买盘
923,10:08:46,9.46,--,8,7568,买盘
924,10:08:22,9.46,0.01,20,18920,买盘
925,10:08:12,9.45,-0.01,100,94500,卖盘
926,10:08:07,9.46,0.01,100,94600,买盘
927,10:07:52,9.45,-0.01,15,14174,卖盘
928,10:07:42,9.46,-0.01,39,36894,卖盘
929,10:07:31,9.47,0.01,6,5682,买盘
930,10:07:16,9.46,--,145,137170,卖盘
931,10:07:12,9.46,-0.01,501,473946,卖盘
932,10:07:01,9.47,0.01,9,8523,买盘
933,10:06:55,9.46,--,160,151360,卖盘
934,10:06:31,9.46,--,227,214742,买盘
935,10:06:21,9.46,--,35,33110,买盘
936,10:06:16,9.46,--,110,104060,买盘
937,10:06:01,9.46,--,30,28380,买盘
938,10:05:52,9.46,--,53,50138,买盘
939,10:05:46,9.46,-0.01,49,46354,卖盘
940,10:05:40,9.47,0.01,12,11364,买盘
941,10:05:37,9.46,-0.01,371,350966,卖盘
942,10:05:31,9.47,0.01,78,73866,买盘
943,10:05:25,9.46,-0.01,19,17974,卖盘
944,10:05:22,9.47,0.01,12,11364,买盘
945,10:05:16,9.46,-0.01,100,94600,卖盘
946,10:05:10,9.47,--,28,26516,买盘
947,10:05:01,9.47,0.01,106,100382,买盘
948,10:04:55,9.46,--,5,4730,卖盘
949,10:04:36,9.46,--,98,92708,买盘
950,10:04:25,9.46,0.01,237,224202,买盘
951,10:04:06,9.45,-0.01,40,37800,卖盘
952,10:04:01,9.46,0.01,27,25542,买盘
953,10:03:55,9.45,--,1,944,卖盘
954,10:03:31,9.45,--,10,9450,买盘
955,10:03:21,9.45,--,143,135135,买盘
956,10:03:10,9.45,--,10,9450,买盘
957,10:02:51,9.45,--,29,27404,买盘
958,10:02:46,9.45,--,209,197504,买盘
959,10:02:36,9.45,--,3,2835,买盘
960,10:02:21,9.45,--,28,26459,卖盘
961,10:02:10,9.45,--,26,24569,卖盘
962,10:02:06,9.45,0.01,97,91665,买盘
963,10:01:51,9.44,-0.01,1,944,卖盘
964,10:01:45,9.45,--,6,5670,买盘
965,10:01:36,9.45,--,5,4725,买盘
966,10:01:06,9.45,--,31,29294,卖盘
967,10:00:45,9.45,0.01,14,13229,买盘
968,10:00:36,9.44,-0.01,10,9440,卖盘
969,10:00:25,9.45,-0.01,6,5670,卖盘
970,10:00:21,9.46,0.01,1,946,买盘
971,10:00:06,9.45,--,5,4725,卖盘
972,10:00:00,9.45,0.01,39,36855,买盘
973,09:59:55,9.44,-0.01,2,1888,卖盘
974,09:59:51,9.45,--,2,1889,买盘
975,09:59:40,9.45,--,1,944,买盘
976,09:59:25,9.45,0.01,10,9450,买盘
977,09:59:10,9.44,--,6,6202,买盘
978,09:59:00,9.44,0.01,9,8496,买盘
979,09:58:40,9.43,-0.01,5,4715,卖盘
980,09:58:15,9.44,--,20,18880,买盘
981,09:57:55,9.44,--,84,79296,买盘
982,09:57:49,9.44,--,10,9440,买盘
983,09:57:45,9.44,--,1,944,买盘
984,09:57:40,9.44,--,50,47200,买盘
985,09:57:34,9.44,0.01,85,80240,买盘
986,09:57:25,9.43,-0.01,25,23575,卖盘
987,09:57:15,9.44,--,2,1888,买盘
988,09:57:10,9.44,0.01,20,18880,买盘
989,09:57:04,9.43,--,8,7544,卖盘
990,09:56:49,9.43,-0.02,90,84870,卖盘
991,09:56:34,9.45,--,27,25514,卖盘
992,09:56:25,9.45,--,83,78435,卖盘
993,09:56:19,9.45,-0.01,37,34965,卖盘
994,09:55:55,9.46,--,29,27434,买盘
995,09:55:40,9.46,-0.01,81,76626,卖盘
996,09:55:34,9.47,0.01,131,124057,买盘
997,09:55:30,9.46,--,132,124872,卖盘
998,09:55:25,9.46,--,70,66220,卖盘
999,09:55:15,9.46,0.01,225,212850,买盘
1000,09:55:09,9.45,-0.01,255,240974,卖盘
1001,09:55:04,9.46,0.01,30,28380,买盘
1002,09:54:49,9.45,--,10,9450,卖盘
1003,09:54:45,9.45,0.01,249,235304,买盘
1004,09:54:30,9.44,0.01,17,16048,买盘
1005,09:54:09,9.43,0.01,53,49979,卖盘
1006,09:53:54,9.42,--,0,0,卖盘
1007,09:53:49,9.42,-0.01,101,95142,卖盘
1008,09:53:45,9.43,0.01,20,18860,买盘
1009,09:53:34,9.42,-0.01,5,4710,卖盘
1010,09:52:49,9.43,0.01,2,1886,买盘
1011,09:52:39,9.42,--,3,2826,卖盘
1012,09:52:29,9.42,--,100,94200,卖盘
1013,09:52:19,9.42,--,2,1884,卖盘
1014,09:52:14,9.42,-0.01,40,37680,卖盘
1015,09:52:04,9.43,--,8,7544,买盘
1016,09:51:59,9.43,0.01,51,48093,买盘
1017,09:51:54,9.42,--,41,38622,卖盘
1018,09:51:29,9.42,0.01,49,46158,买盘
1019,09:51:13,9.41,-0.01,42,39522,卖盘
1020,09:51:04,9.42,0.01,31,29202,买盘
1021,09:50:28,9.41,--,5,4705,卖盘
1022,09:50:24,9.41,--,5,4705,卖盘
1023,09:50:09,9.41,--,190,178790,买盘
1024,09:50:04,9.41,0.01,30,28230,买盘
1025,09:49:58,9.4,--,15,14100,卖盘
1026,09:49:49,9.4,-0.01,23,21620,卖盘
1027,09:49:43,9.41,--,14,13174,买盘
1028,09:49:39,9.41,--,5,4705,买盘
1029,09:49:34,9.41,--,71,66811,卖盘
1030,09:49:28,9.41,--,10,9410,卖盘
1031,09:49:04,9.41,--,3,2823,买盘
1032,09:48:58,9.41,0.01,10,9410,买盘
1033,09:48:54,9.4,-0.01,22,20680,卖盘
1034,09:48:49,9.41,0.01,12,11292,买盘
1035,09:48:43,9.4,--,1,940,卖盘
1036,09:48:39,9.4,-0.01,548,515120,卖盘
1037,09:48:34,9.41,--,10,9410,卖盘
1038,09:48:28,9.41,0.01,40,37640,买盘
1039,09:48:24,9.4,--,10,9400,卖盘
1040,09:48:19,9.4,--,3,2820,卖盘
1041,09:47:54,9.4,--,30,28200,卖盘
1042,09:47:49,9.4,-0.02,24,22560,卖盘
1043,09:47:43,9.42,--,0,0,买盘
1044,09:47:39,9.42,0.01,15,14130,买盘
1045,09:47:33,9.41,0.01,1,941,买盘
1046,09:47:18,9.4,-0.01,1,940,卖盘
1047,09:47:13,9.41,--,8,7528,买盘
1048,09:47:03,9.41,0.01,90,84690,买盘
1049,09:46:54,9.4,--,54,50760,卖盘
1050,09:46:48,9.4,--,20,18800,卖盘
1051,09:46:33,9.4,--,4,3760,卖盘
1052,09:46:28,9.4,-0.01,28,26320,卖盘
1053,09:46:24,9.41,0.01,14,13174,买盘
1054,09:46:09,9.4,--,10,9400,卖盘
1055,09:45:58,9.4,--,20,18800,卖盘
1056,09:45:54,9.4,--,235,220900,买盘
1057,09:45:48,9.4,--,3,2820,买盘
1058,09:45:43,9.4,--,13,12220,买盘
1059,09:45:39,9.4,-0.01,355,333700,卖盘
1060,09:45:28,9.41,--,5,4705,买盘
1061,09:45:23,9.41,-0.01,10,9410,中性盘
1062,09:45:13,9.42,--,11,10362,买盘
1063,09:45:08,9.42,0.01,22,20724,买盘
1064,09:44:58,9.41,--,7,6587,买盘
1065,09:44:53,9.41,--,105,98805,卖盘
1066,09:44:43,9.41,--,29,27289,买盘
1067,09:44:38,9.41,--,58,54578,买盘
1068,09:44:28,9.41,0.01,4,3764,买盘
1069,09:44:18,9.4,-0.01,29,27260,卖盘
1070,09:44:08,9.41,--,9,8469,买盘
1071,09:43:58,9.41,--,6,5646,买盘
1072,09:43:38,9.41,-0.01,33,31053,卖盘
1073,09:43:33,9.42,--,101,95142,买盘
1074,09:42:52,9.42,--,0,0,买盘
1075,09:42:43,9.42,0.02,320,301440,买盘
1076,09:42:37,9.4,-0.01,7,6580,卖盘
1077,09:42:33,9.41,--,7,6587,买盘
1078,09:42:28,9.41,--,6,5646,卖盘
1079,09:42:22,9.41,--,13,12233,买盘
1080,09:42:07,9.41,--,12,11292,卖盘
1081,09:41:58,9.41,--,40,37640,卖盘
1082,09:41:48,9.41,-0.01,20,18820,卖盘
1083,09:41:37,9.42,0.01,1,942,买盘
1084,09:41:33,9.41,-0.01,50,47050,卖盘
1085,09:41:28,9.42,0.01,15,14130,买盘
1086,09:41:22,9.41,--,24,22584,卖盘
1087,09:41:13,9.41,--,29,27289,卖盘
1088,09:41:07,9.41,--,15,14115,卖盘
1089,09:41:03,9.41,--,30,28230,卖盘
1090,09:40:52,9.41,--,30,28230,卖盘
1091,09:40:48,9.41,-0.01,52,48932,卖盘
1092,09:40:37,9.42,0.01,3,2826,买盘
1093,09:40:33,9.41,--,119,111979,买盘
1094,09:40:28,9.41,0.01,27,25407,买盘
1095,09:40:22,9.4,--,2,1880,卖盘
1096,09:40:18,9.4,-0.01,30,28200,卖盘
1097,09:40:13,9.41,0.01,523,492143,买盘
1098,09:40:07,9.4,-0.01,534,501960,卖盘
1099,09:39:58,9.41,-0.01,24,22584,买盘
1100,09:39:52,9.42,0.02,260,244920,买盘
1101,09:39:48,9.4,--,34,31960,卖盘
1102,09:39:42,9.4,--,4,3760,卖盘
1103,09:39:37,9.4,-0.02,19,17860,卖盘
1104,09:39:33,9.42,0.02,7,6594,买盘
1105,09:39:22,9.4,-0.01,14,13160,卖盘
1106,09:39:18,9.41,0.01,35,32935,买盘
1107,09:39:12,9.4,-0.01,80,75200,卖盘
1108,09:39:07,9.41,0.01,10,9410,买盘
1109,09:38:57,9.4,--,14,13160,卖盘
1110,09:38:52,9.4,--,0,0,卖盘
1111,09:38:48,9.4,--,14,13160,卖盘
1112,09:38:42,9.4,--,30,28200,卖盘
1113,09:38:22,9.4,--,142,133480,买盘
1114,09:38:18,9.4,--,5,4700,买盘
1115,09:38:07,9.4,--,202,189880,买盘
1116,09:37:57,9.4,0.01,20,18800,买盘
1117,09:37:52,9.39,--,90,84510,卖盘
1118,09:37:37,9.39,--,61,57279,卖盘
1119,09:37:27,9.39,--,32,30048,卖盘
1120,09:37:17,9.39,0.01,10,9390,卖盘
1121,09:37:02,9.38,-0.01,100,93800,卖盘
1122,09:36:57,9.39,--,45,42255,买盘
1123,09:36:52,9.39,0.01,7,6573,买盘
1124,09:36:47,9.38,-0.01,25,23450,卖盘
1125,09:36:42,9.39,0.01,10,9390,买盘
1126,09:36:37,9.38,--,142,133196,卖盘
1127,09:36:27,9.38,-0.01,69,64722,卖盘
1128,09:36:22,9.39,--,64,60096,买盘
1129,09:36:07,9.39,--,37,34743,买盘
1130,09:36:02,9.39,--,6,5634,卖盘
1131,09:35:57,9.39,--,0,0,中性盘
1132,09:35:52,9.39,--,363,340857,卖盘
1133,09:35:46,9.39,--,35,32865,卖盘
1134,09:35:42,9.39,-0.01,10,9390,卖盘
1135,09:35:31,9.4,0.01,210,197400,买盘
1136,09:35:27,9.39,--,94,88266,卖盘
1137,09:35:16,9.39,-0.01,22,20658,卖盘
1138,09:35:07,9.4,0.01,36,33840,买盘
1139,09:35:01,9.39,-0.01,197,184983,卖盘
1140,09:34:52,9.4,--,3,2820,买盘
1141,09:34:31,9.4,--,23,21620,买盘
1142,09:34:27,9.4,--,133,125020,卖盘
1143,09:34:22,9.4,--,12,11280,卖盘
1144,09:34:07,9.4,-0.03,99,93060,卖盘
1145,09:34:01,9.43,0.02,53,49979,买盘
1146,09:33:52,9.41,-0.01,10,9410,买盘
1147,09:33:37,9.42,0.03,35,32970,买盘
1148,09:33:31,9.39,--,0,0,卖盘
1149,09:33:22,9.39,--,0,0,卖盘
1150,09:33:16,9.39,--,30,28170,卖盘
1151,09:33:07,9.39,-0.03,70,65730,卖盘
1152,09:33:01,9.42,0.03,34,32028,买盘
1153,09:32:52,9.39,--,6,5634,卖盘
1154,09:32:42,9.39,--,79,74181,买盘
1155,09:32:37,9.39,--,57,53523,买盘
1156,09:32:31,9.39,--,74,69486,买盘
1157,09:32:27,9.39,--,10,9390,买盘
1158,09:32:22,9.39,--,21,19719,买盘
1159,09:32:16,9.39,--,11,10329,买盘
1160,09:32:12,9.39,--,27,25353,买盘
1161,09:32:06,9.39,0.01,59,55401,买盘
1162,09:32:01,9.38,-0.01,148,138824,卖盘
1163,09:31:57,9.39,--,10,9390,买盘
1164,09:31:51,9.39,0.01,5,4695,买盘
1165,09:31:46,9.38,--,10,9380,卖盘
1166,09:31:41,9.38,-0.01,3,2814,卖盘
1167,09:31:36,9.39,--,2,1878,买盘
1168,09:31:31,9.39,0.01,1,939,买盘
1169,09:31:26,9.38,-0.01,1,938,卖盘
1170,09:31:16,9.39,0.01,335,314611,买盘
1171,09:31:11,9.38,-0.01,4,4643,卖盘
1172,09:31:06,9.39,0.01,10,9390,买盘
1173,09:31:01,9.38,-0.01,310,290780,卖盘
1174,09:30:51,9.39,-0.01,58,54462,卖盘
1175,09:30:46,9.4,--,17,15980,卖盘
1176,09:30:26,9.4,0.02,22,20680,买盘
1177,09:30:16,9.38,-0.01,325,304850,卖盘
1178,09:30:11,9.39,--,224,210336,卖盘
1179,09:30:06,9.39,--,140,131506,买盘
1180,09:28:48,9.39,--,0,0,买盘
1181,09:25:00,9.39,9.39,330,309870,买盘
