,time,price,change,volume,amount,type
0,15:00:00,3.77,--,0,0,卖盘
1,15:00:00,3.77,--,0,0,卖盘
2,14:59:59,3.77,--,1544,582088,卖盘
3,14:59:55,3.77,-0.01,478,180206,卖盘
4,14:59:51,3.78,0.01,647,244566,买盘
5,14:59:45,3.77,-0.01,1332,502164,卖盘
6,14:59:39,3.78,--,783,295974,买盘
7,14:59:36,3.78,0.01,735,277830,买盘
8,14:59:30,3.77,--,777,292929,卖盘
9,14:59:24,3.77,--,12,4524,卖盘
10,14:59:21,3.77,--,192,72384,卖盘
11,14:59:16,3.77,-0.01,364,137228,卖盘
12,14:59:10,3.78,0.01,87,32886,买盘
13,14:59:06,3.77,--,79,29783,卖盘
14,14:59:00,3.77,--,463,174551,卖盘
15,14:58:54,3.77,-0.01,22,8294,卖盘
16,14:58:51,3.78,--,42,15876,买盘
17,14:58:45,3.78,--,24,9072,买盘
18,14:58:39,3.78,0.01,196,74088,买盘
19,14:58:36,3.77,-0.01,98,36946,卖盘
20,14:58:30,3.78,--,86,32508,买盘
21,14:58:24,3.78,0.01,354,133812,买盘
22,14:58:21,3.77,--,160,60320,卖盘
23,14:58:15,3.77,--,38,14326,卖盘
24,14:58:10,3.77,-0.01,158,59566,卖盘
25,14:58:06,3.78,0.01,63,23814,买盘
26,14:58:00,3.77,--,53,19981,卖盘
27,14:57:54,3.77,--,44,16588,卖盘
28,14:57:51,3.77,--,69,26013,卖盘
29,14:57:45,3.77,--,21,7917,卖盘
30,14:57:36,3.77,--,20,7540,卖盘
31,14:57:30,3.77,--,48,18096,卖盘
32,14:57:24,3.77,-0.01,69,26013,卖盘
33,14:57:18,3.78,0.01,1,378,买盘
34,14:57:15,3.77,--,126,47502,卖盘
35,14:57:09,3.77,-0.01,357,134589,卖盘
36,14:57:03,3.78,0.01,4,1512,买盘
37,14:57:00,3.77,--,7,2639,卖盘
38,14:56:48,3.77,--,221,83317,卖盘
39,14:56:45,3.77,--,1252,472004,卖盘
40,14:56:39,3.77,-0.01,67,25259,卖盘
41,14:56:34,3.78,--,87,32886,买盘
42,14:56:30,3.78,0.01,569,215082,买盘
43,14:56:15,3.77,-0.01,148,55796,卖盘
44,14:56:09,3.78,0.01,21,7938,买盘
45,14:56:03,3.77,--,250,94250,卖盘
46,14:56:00,3.77,--,408,153816,买盘
47,14:55:54,3.77,--,138,52026,买盘
48,14:55:48,3.77,--,485,182845,卖盘
49,14:55:45,3.77,--,15,5655,卖盘
50,14:55:39,3.77,--,100,37700,买盘
51,14:55:33,3.77,--,410,154570,买盘
52,14:55:30,3.77,--,50,18850,买盘
53,14:55:24,3.77,--,1218,459186,买盘
54,14:55:15,3.77,-0.01,476,179452,卖盘
55,14:55:09,3.78,0.01,34,12852,买盘
56,14:55:03,3.77,--,35,13195,卖盘
57,14:55:00,3.77,--,224,84448,卖盘
58,14:54:48,3.77,--,139,52403,买盘
59,14:54:45,3.77,--,289,108953,买盘
60,14:54:39,3.77,--,820,309140,中性盘
61,14:54:34,3.77,0.01,103,38831,买盘
62,14:54:30,3.76,-0.01,228,85728,卖盘
63,14:54:24,3.77,0.01,1424,536848,买盘
64,14:54:18,3.76,-0.01,52,19552,卖盘
65,14:54:15,3.77,--,265,99905,买盘
66,14:54:09,3.77,--,450,169650,卖盘
67,14:54:00,3.77,--,186,70122,卖盘
68,14:53:54,3.77,--,50,18850,卖盘
69,14:53:48,3.77,--,156,58812,卖盘
70,14:53:45,3.77,--,3419,1288963,买盘
71,14:53:39,3.77,--,269,101413,买盘
72,14:53:33,3.77,--,414,156078,买盘
73,14:53:30,3.77,--,295,111215,买盘
74,14:53:24,3.77,--,1328,500656,买盘
75,14:53:18,3.77,0.01,27,10179,买盘
76,14:53:15,3.76,-0.01,210,78960,卖盘
77,14:53:09,3.77,--,875,329875,买盘
78,14:53:03,3.77,--,125,47125,买盘
79,14:53:00,3.77,--,196,73892,买盘
80,14:52:54,3.77,--,134,50518,买盘
81,14:52:49,3.77,--,7,2639,买盘
82,14:52:45,3.77,--,220,82940,买盘
83,14:52:40,3.77,0.01,558,210366,买盘
84,14:52:34,3.76,-0.01,50,18800,卖盘
85,14:52:30,3.77,--,63,23751,买盘
86,14:52:25,3.77,--,100,37700,买盘
87,14:52:19,3.77,--,14,5278,买盘
88,14:52:15,3.77,--,313,118001,买盘
89,14:52:09,3.77,--,294,110838,买盘
90,14:52:03,3.77,--,250,94250,买盘
91,14:52:00,3.77,--,310,116870,买盘
92,14:51:54,3.77,--,111,41847,买盘
93,14:51:33,3.77,--,1023,385671,买盘
94,14:51:30,3.77,--,10,3770,买盘
95,14:51:24,3.77,--,13,4901,买盘
96,14:51:19,3.77,0.01,5,1885,买盘
97,14:51:15,3.76,--,269,101144,卖盘
98,14:51:09,3.76,-0.01,30,11280,卖盘
99,14:51:00,3.77,0.01,300,113100,买盘
100,14:50:54,3.76,--,376,141376,卖盘
101,14:50:39,3.76,-0.01,7,2632,卖盘
102,14:50:33,3.77,--,175,65975,买盘
103,14:50:29,3.77,--,52,19604,买盘
104,14:50:24,3.77,--,82,30914,买盘
105,14:50:18,3.77,--,1122,422994,卖盘
106,14:50:09,3.77,-0.01,249,93873,卖盘
107,14:49:54,3.78,--,9,3402,买盘
108,14:49:48,3.78,0.01,30,11340,买盘
109,14:49:33,3.77,--,246,92742,卖盘
110,14:49:27,3.77,--,100,37700,卖盘
111,14:49:18,3.77,-0.01,60,22620,卖盘
112,14:49:09,3.78,--,150,56700,买盘
113,14:49:03,3.78,0.01,23,8694,买盘
114,14:48:57,3.77,--,176,66352,卖盘
115,14:48:54,3.77,0.01,208,78416,买盘
116,14:48:48,3.76,-0.01,34,12784,卖盘
117,14:48:42,3.77,--,101,38077,买盘
118,14:48:39,3.77,--,151,56927,买盘
119,14:48:33,3.77,--,44,16588,买盘
120,14:48:27,3.77,--,23,8671,卖盘
121,14:48:24,3.77,--,40,15080,卖盘
122,14:48:18,3.77,--,269,101413,卖盘
123,14:48:12,3.77,--,78,29406,卖盘
124,14:48:09,3.77,--,145,54665,卖盘
125,14:48:03,3.77,--,221,83317,卖盘
126,14:47:58,3.77,--,230,86710,卖盘
127,14:47:54,3.77,--,137,51649,买盘
128,14:47:48,3.77,--,183,68991,买盘
129,14:47:43,3.77,0.01,50,18850,买盘
130,14:47:39,3.76,-0.01,146,54896,卖盘
131,14:47:27,3.77,--,510,192270,买盘
132,14:47:24,3.77,-0.01,72,27144,中性盘
133,14:47:18,3.78,0.01,267,100926,买盘
134,14:47:12,3.77,0.01,36,13572,买盘
135,14:47:09,3.76,-0.01,394,148144,卖盘
136,14:47:03,3.77,--,189,71253,卖盘
137,14:46:57,3.77,--,219,82563,卖盘
138,14:46:54,3.77,--,1132,426764,卖盘
139,14:46:48,3.77,--,214,80678,卖盘
140,14:46:39,3.77,--,274,103298,卖盘
141,14:46:33,3.77,-0.01,97,36569,卖盘
142,14:46:28,3.78,0.01,204,77112,买盘
143,14:46:24,3.77,-0.01,385,145145,卖盘
144,14:46:18,3.78,--,23,8694,买盘
145,14:46:09,3.78,0.01,161,60858,买盘
146,14:46:03,3.77,--,41,15457,卖盘
147,14:45:57,3.77,--,189,71253,卖盘
148,14:45:42,3.77,--,10,3770,卖盘
149,14:45:39,3.77,-0.01,230,86710,卖盘
150,14:45:32,3.78,0.01,13,4914,买盘
151,14:45:27,3.77,--,435,163995,卖盘
152,14:45:24,3.77,--,329,124033,卖盘
153,14:45:18,3.77,--,952,358904,买盘
154,14:45:12,3.77,--,293,110461,买盘
155,14:45:08,3.77,--,168,63336,买盘
156,14:44:58,3.77,--,72,27144,买盘
157,14:44:54,3.77,0.01,113,42601,买盘
158,14:44:48,3.76,--,189,71064,卖盘
159,14:44:39,3.76,-0.01,206,77456,卖盘
160,14:44:33,3.77,0.01,60,22620,买盘
161,14:44:24,3.76,--,79,29704,卖盘
162,14:44:18,3.76,--,303,113928,卖盘
163,14:44:09,3.76,--,288,108288,卖盘
164,14:44:03,3.76,--,81,30456,卖盘
165,14:43:57,3.76,-0.01,286,107536,卖盘
166,14:43:53,3.77,0.01,60,22620,买盘
167,14:43:48,3.76,-0.01,218,81968,卖盘
168,14:43:42,3.77,0.01,139,52403,买盘
169,14:43:38,3.76,-0.01,407,153032,卖盘
170,14:43:33,3.77,--,31,11687,买盘
171,14:43:26,3.77,--,13,4901,买盘
172,14:43:18,3.77,--,368,138736,卖盘
173,14:43:12,3.77,--,144,54288,卖盘
174,14:43:06,3.77,--,148,55796,卖盘
175,14:43:03,3.77,--,270,101790,卖盘
176,14:42:57,3.77,--,194,73138,卖盘
177,14:42:47,3.77,--,64,24128,卖盘
178,14:42:41,3.77,--,129,48633,卖盘
179,14:42:35,3.77,--,145,54665,卖盘
180,14:42:27,3.77,--,322,121394,卖盘
181,14:42:21,3.77,--,56,21112,卖盘
182,14:42:17,3.77,--,639,240903,卖盘
183,14:42:12,3.77,--,109,41093,卖盘
184,14:42:05,3.77,-0.01,402,151554,卖盘
185,14:42:03,3.78,0.01,581,219618,买盘
186,14:41:57,3.77,-0.01,145,54665,卖盘
187,14:41:51,3.78,--,100,37800,买盘
188,14:41:47,3.78,0.01,936,353808,买盘
189,14:41:42,3.77,--,76,28652,卖盘
190,14:41:36,3.77,--,308,116116,卖盘
191,14:41:33,3.77,--,395,148915,卖盘
192,14:41:28,3.77,--,374,140998,卖盘
193,14:41:20,3.77,--,183,68991,卖盘
194,14:41:17,3.77,--,195,73515,卖盘
195,14:41:11,3.77,--,28,10556,卖盘
196,14:41:06,3.77,--,165,62205,卖盘
197,14:41:03,3.77,-0.01,12,4524,卖盘
198,14:40:57,3.78,0.01,49,18522,买盘
199,14:40:51,3.77,--,157,59189,卖盘
200,14:40:47,3.77,--,430,162110,卖盘
201,14:40:42,3.77,--,2,754,卖盘
202,14:40:36,3.77,--,146,55042,卖盘
203,14:40:32,3.77,-0.01,1000,377000,卖盘
204,14:40:27,3.78,--,1,378,买盘
205,14:40:21,3.78,--,10,3780,买盘
206,14:40:17,3.78,--,253,95634,买盘
207,14:40:11,3.78,0.01,32,12096,买盘
208,14:40:06,3.77,--,397,149669,卖盘
209,14:40:03,3.77,--,52,19604,卖盘
210,14:39:56,3.77,-0.01,792,298584,卖盘
211,14:39:50,3.78,0.01,1290,487620,买盘
212,14:39:41,3.77,--,210,79170,卖盘
213,14:39:36,3.77,-0.01,152,57304,卖盘
214,14:39:32,3.78,0.01,17,6426,买盘
215,14:39:26,3.77,--,386,145522,卖盘
216,14:39:20,3.77,--,268,101036,卖盘
217,14:39:17,3.77,-0.01,217,81809,卖盘
218,14:39:12,3.78,0.01,136,51408,买盘
219,14:39:07,3.77,--,146,55042,卖盘
220,14:39:02,3.77,--,5,1885,卖盘
221,14:38:57,3.77,--,211,79547,卖盘
222,14:38:51,3.77,-0.01,316,119132,卖盘
223,14:38:47,3.78,--,269,101682,买盘
224,14:38:42,3.78,0.01,6,2268,买盘
225,14:38:36,3.77,-0.01,206,77662,卖盘
226,14:38:32,3.78,--,42,15876,买盘
227,14:38:26,3.78,--,19,7182,买盘
228,14:38:21,3.78,--,14,5292,买盘
229,14:38:17,3.78,0.01,261,98658,买盘
230,14:38:05,3.77,-0.01,145,54665,卖盘
231,14:38:02,3.78,0.01,7,2646,买盘
232,14:37:57,3.77,--,239,90103,卖盘
233,14:37:51,3.77,--,592,223184,卖盘
234,14:37:47,3.77,--,180,67860,卖盘
235,14:37:36,3.77,-0.01,146,55042,卖盘
236,14:37:32,3.78,0.01,19,7182,买盘
237,14:37:27,3.77,--,386,145522,卖盘
238,14:37:20,3.77,--,54,20358,卖盘
239,14:37:17,3.77,-0.01,456,171912,卖盘
240,14:37:11,3.78,0.01,36,13608,买盘
241,14:37:06,3.77,-0.01,145,54665,卖盘
242,14:37:02,3.78,--,3,1134,买盘
243,14:36:56,3.78,--,70,26460,买盘
244,14:36:47,3.78,0.01,5,1890,买盘
245,14:36:36,3.77,-0.01,546,205842,卖盘
246,14:36:32,3.78,0.01,1,378,买盘
247,14:36:26,3.77,--,386,145522,卖盘
248,14:36:17,3.77,--,653,246181,卖盘
249,14:36:11,3.77,--,907,341939,卖盘
250,14:36:05,3.77,-0.01,146,55042,卖盘
251,14:36:02,3.78,--,19,7182,买盘
252,14:35:56,3.78,--,39,14742,买盘
253,14:35:41,3.78,0.01,10,3780,买盘
254,14:35:35,3.77,-0.01,225,84825,卖盘
255,14:35:27,3.78,0.01,689,260442,买盘
256,14:35:21,3.77,-0.01,297,111969,卖盘
257,14:35:12,3.78,--,1,378,买盘
258,14:35:05,3.78,--,2456,928368,买盘
259,14:34:41,3.78,0.01,5,1890,买盘
260,14:34:36,3.77,--,200,75400,卖盘
261,14:34:26,3.77,--,389,146653,卖盘
262,14:34:20,3.77,--,194,73138,卖盘
263,14:34:14,3.77,-0.01,250,94250,卖盘
264,14:34:12,3.78,0.01,356,134568,买盘
265,14:34:05,3.77,--,180,67860,卖盘
266,14:34:00,3.77,-0.01,10,3770,卖盘
267,14:33:56,3.78,0.01,30,11340,买盘
268,14:33:51,3.77,-0.01,189,71253,卖盘
269,14:33:41,3.78,0.01,83,31374,买盘
270,14:33:36,3.77,--,146,55042,卖盘
271,14:33:30,3.77,--,644,242788,卖盘
272,14:33:27,3.77,-0.01,82,30914,卖盘
273,14:33:12,3.78,0.01,50,18900,买盘
274,14:33:05,3.77,--,149,56173,卖盘
275,14:32:56,3.77,--,189,71253,卖盘
276,14:32:36,3.77,--,175,65975,卖盘
277,14:32:27,3.77,--,212,79924,卖盘
278,14:32:21,3.77,0.01,181,68237,买盘
279,14:32:14,3.76,-0.01,260,97760,卖盘
280,14:32:11,3.77,--,317,119509,买盘
281,14:32:06,3.77,--,681,256737,买盘
282,14:31:56,3.77,--,89,33553,买盘
283,14:31:50,3.77,0.01,22,8294,买盘
284,14:31:44,3.76,-0.01,119,44744,卖盘
285,14:31:41,3.77,--,30,11310,买盘
286,14:31:36,3.77,--,510,192270,卖盘
287,14:31:26,3.77,--,189,71253,卖盘
288,14:31:20,3.77,-0.01,82,30914,卖盘
289,14:31:15,3.78,0.01,135,51030,买盘
290,14:31:11,3.77,--,408,153816,买盘
291,14:31:05,3.77,--,51,19227,买盘
292,14:31:00,3.77,--,173,65221,卖盘
293,14:30:56,3.77,--,275,103675,卖盘
294,14:30:50,3.77,-0.01,130,49010,卖盘
295,14:30:45,3.78,--,86,32508,买盘
296,14:30:41,3.78,0.01,366,138348,买盘
297,14:30:35,3.77,--,197,74269,卖盘
298,14:30:30,3.77,--,110,41470,卖盘
299,14:30:26,3.77,--,295,111215,卖盘
300,14:30:15,3.77,--,1,377,卖盘
301,14:30:11,3.77,--,1,377,卖盘
302,14:30:06,3.77,--,535,201695,买盘
303,14:30:00,3.77,--,168,63336,卖盘
304,14:29:56,3.77,--,189,71253,卖盘
305,14:29:50,3.77,--,20,7540,卖盘
306,14:29:36,3.77,--,231,87087,卖盘
307,14:29:26,3.77,--,286,107822,卖盘
308,14:29:20,3.77,--,840,316680,买盘
309,14:29:06,3.77,--,130,49010,卖盘
310,14:29:00,3.77,-0.01,10,3770,卖盘
311,14:28:56,3.78,0.02,56,21168,买盘
312,14:28:50,3.76,-0.01,10533,3960408,卖盘
313,14:28:41,3.77,--,1,377,卖盘
314,14:28:35,3.77,-0.01,452,170404,卖盘
315,14:28:30,3.78,0.01,2000,756000,买盘
316,14:28:26,3.77,-0.01,10,3770,卖盘
317,14:28:20,3.78,0.01,3,1134,买盘
318,14:28:14,3.77,-0.01,52,19604,卖盘
319,14:28:11,3.78,0.01,50,18900,买盘
320,14:28:05,3.77,--,501,188877,卖盘
321,14:28:00,3.77,--,221,83317,卖盘
322,14:27:56,3.77,--,239,90103,卖盘
323,14:27:50,3.77,-0.01,210,79170,卖盘
324,14:27:45,3.78,--,457,172746,买盘
325,14:27:35,3.78,0.01,210,79380,买盘
326,14:27:30,3.77,-0.01,99,37323,卖盘
327,14:27:20,3.78,0.01,29,10962,买盘
328,14:27:05,3.77,--,497,187369,卖盘
329,14:27:00,3.77,--,411,154947,卖盘
330,14:26:50,3.77,-0.01,305,114985,卖盘
331,14:26:38,3.78,0.01,655,247722,买盘
332,14:26:35,3.77,--,158,59566,卖盘
333,14:26:30,3.77,-0.01,244,91988,卖盘
334,14:26:23,3.78,0.01,1,378,买盘
335,14:26:20,3.77,--,597,225069,卖盘
336,14:26:14,3.77,--,117,44109,卖盘
337,14:26:05,3.77,--,487,183599,卖盘
338,14:26:00,3.77,--,189,71253,卖盘
339,14:25:50,3.77,-0.01,606,228462,卖盘
340,14:25:45,3.78,0.01,18,6804,买盘
341,14:25:35,3.77,--,664,250328,卖盘
342,14:25:30,3.77,--,189,71253,卖盘
343,14:25:20,3.77,--,424,159848,卖盘
344,14:25:15,3.77,--,5,1885,卖盘
345,14:25:08,3.77,--,20,7540,卖盘
346,14:25:05,3.77,--,699,263523,卖盘
347,14:25:00,3.77,--,621,234117,卖盘
348,14:24:53,3.77,-0.01,430,162110,卖盘
349,14:24:50,3.78,0.01,238,89964,买盘
350,14:24:38,3.77,--,100,37700,卖盘
351,14:24:35,3.77,--,205,77285,卖盘
352,14:24:30,3.77,-0.01,419,157963,卖盘
353,14:24:24,3.78,--,1,378,买盘
354,14:24:14,3.78,0.01,10,3780,买盘
355,14:24:08,3.77,--,4,1508,卖盘
356,14:24:05,3.77,--,155,58435,卖盘
357,14:24:00,3.77,-0.01,189,71253,卖盘
358,14:23:53,3.78,0.01,36,13608,买盘
359,14:23:50,3.77,-0.01,20,7540,卖盘
360,14:23:44,3.78,0.01,81,30618,买盘
361,14:23:35,3.77,--,146,55042,卖盘
362,14:23:24,3.77,-0.01,11,4147,卖盘
363,14:23:20,3.78,--,1,378,买盘
364,14:23:15,3.78,0.01,26,9828,买盘
365,14:23:05,3.77,-0.01,538,202826,卖盘
366,14:23:00,3.78,--,124,46872,买盘
367,14:22:50,3.78,0.01,13,4914,买盘
368,14:22:45,3.77,--,28,10556,卖盘
369,14:22:35,3.77,--,173,65221,卖盘
370,14:22:30,3.77,--,1016,383032,卖盘
371,14:22:23,3.77,--,368,138736,卖盘
372,14:22:20,3.77,-0.01,28,10556,卖盘
373,14:22:15,3.78,0.01,3,1134,买盘
374,14:22:08,3.77,--,1,377,卖盘
375,14:22:05,3.77,-0.01,199,75023,卖盘
376,14:22:00,3.78,0.01,574,216972,买盘
377,14:21:53,3.77,--,1,377,卖盘
378,14:21:50,3.77,-0.01,17,6409,卖盘
379,14:21:44,3.78,0.01,1078,407484,买盘
380,14:21:38,3.77,--,510,192270,卖盘
381,14:21:35,3.77,-0.01,1082,407914,卖盘
382,14:21:23,3.78,--,3,1134,买盘
383,14:21:20,3.78,0.01,13,4914,买盘
384,14:21:14,3.77,--,31,11687,卖盘
385,14:21:05,3.77,-0.01,199,75023,卖盘
386,14:20:59,3.78,0.01,78,29484,买盘
387,14:20:50,3.77,--,124,46748,卖盘
388,14:20:44,3.77,--,54,20358,卖盘
389,14:20:39,3.77,--,240,90480,卖盘
390,14:20:35,3.77,--,146,55042,卖盘
391,14:20:29,3.77,-0.01,160,60320,卖盘
392,14:20:24,3.78,--,80,30240,买盘
393,14:20:20,3.78,--,21,7938,买盘
394,14:20:14,3.78,0.01,53,20034,买盘
395,14:20:05,3.77,-0.01,146,55042,卖盘
396,14:19:59,3.78,--,12,4536,买盘
397,14:19:53,3.78,0.01,224,84672,买盘
398,14:19:50,3.77,--,98,36946,卖盘
399,14:19:38,3.77,--,158,59566,卖盘
400,14:19:32,3.77,-0.01,11,4147,卖盘
401,14:19:29,3.78,--,78,29484,买盘
402,14:19:23,3.78,--,270,102060,买盘
403,14:19:14,3.78,0.01,234,88452,买盘
404,14:19:09,3.77,--,146,55042,卖盘
405,14:19:02,3.77,--,1500,565500,卖盘
406,14:18:58,3.77,-0.01,86,32422,卖盘
407,14:18:48,3.78,--,12,4536,买盘
408,14:18:44,3.78,0.01,1,378,买盘
409,14:18:39,3.77,--,162,61074,卖盘
410,14:18:29,3.77,-0.01,40,15080,卖盘
411,14:18:23,3.78,--,1,378,买盘
412,14:18:17,3.78,0.01,163,61614,买盘
413,14:18:14,3.77,--,771,290667,卖盘
414,14:18:08,3.77,-0.01,145,54665,卖盘
415,14:18:02,3.78,0.01,15,5670,买盘
416,14:17:59,3.77,--,106,39962,卖盘
417,14:17:54,3.77,--,51,19227,卖盘
418,14:17:44,3.77,--,968,364936,卖盘
419,14:17:39,3.77,-0.01,191,72007,卖盘
420,14:17:32,3.78,--,1,378,买盘
421,14:17:29,3.78,--,10,3780,买盘
422,14:17:24,3.78,0.01,1,378,买盘
423,14:17:14,3.77,--,102,38454,卖盘
424,14:17:08,3.77,-0.01,149,56173,卖盘
425,14:16:59,3.78,0.01,142,53676,买盘
426,14:16:54,3.77,--,99,37323,卖盘
427,14:16:38,3.77,--,150,56550,卖盘
428,14:16:29,3.77,-0.01,121,45617,卖盘
429,14:16:23,3.78,0.01,21,7938,买盘
430,14:16:18,3.77,-0.01,1,377,卖盘
431,14:16:14,3.78,0.01,94,35532,买盘
432,14:16:08,3.77,-0.01,146,55042,卖盘
433,14:15:59,3.78,--,20,7560,买盘
434,14:15:53,3.78,0.01,1,378,买盘
435,14:15:44,3.77,-0.01,200,75400,卖盘
436,14:15:38,3.78,--,173,65394,买盘
437,14:15:14,3.78,--,364,137592,买盘
438,14:15:08,3.78,--,147,55566,买盘
439,14:14:54,3.78,0.01,276,104328,买盘
440,14:14:44,3.77,-0.01,203,76531,卖盘
441,14:14:38,3.78,--,2086,788508,买盘
442,14:14:29,3.78,--,555,209790,买盘
443,14:14:23,3.78,0.01,7,2646,买盘
444,14:14:14,3.77,--,1188,447876,卖盘
445,14:14:08,3.77,--,679,255983,卖盘
446,14:13:53,3.77,--,1,377,卖盘
447,14:13:44,3.77,-0.01,777,292929,卖盘
448,14:13:38,3.78,--,159,60102,买盘
449,14:13:32,3.78,--,60,22680,买盘
450,14:13:24,3.78,--,1,378,买盘
451,14:13:08,3.78,0.01,170,64260,买盘
452,14:13:02,3.77,--,21,7917,卖盘
453,14:12:59,3.77,-0.01,41,15457,卖盘
454,14:12:53,3.78,--,13,4914,买盘
455,14:12:47,3.78,--,2,756,买盘
456,14:12:38,3.78,--,158,59724,买盘
457,14:12:29,3.78,--,289,109242,买盘
458,14:12:23,3.78,0.01,804,303912,买盘
459,14:12:18,3.77,-0.01,93,35061,卖盘
460,14:12:08,3.78,--,225,85050,买盘
461,14:12:03,3.78,0.01,50,18900,买盘
462,14:11:59,3.77,--,237,89688,卖盘
463,14:11:53,3.77,--,86,32422,卖盘
464,14:11:48,3.77,-0.01,529,199433,卖盘
465,14:11:38,3.78,0.01,304,115029,买盘
466,14:11:32,3.77,-0.01,90,33930,卖盘
467,14:11:27,3.78,--,28,10584,买盘
468,14:11:23,3.78,0.01,13,4914,买盘
469,14:11:18,3.77,--,650,245050,卖盘
470,14:11:08,3.77,--,150,56550,卖盘
471,14:11:02,3.77,-0.01,20,7540,卖盘
472,14:10:53,3.78,--,51,19278,买盘
473,14:10:48,3.78,0.01,363,137214,买盘
474,14:10:41,3.77,--,5,1885,卖盘
475,14:10:38,3.77,-0.01,188,70876,卖盘
476,14:10:32,3.78,0.01,56,21168,买盘
477,14:10:26,3.77,-0.01,259,97643,卖盘
478,14:10:23,3.78,--,18,6804,买盘
479,14:10:12,3.78,0.01,36,13608,买盘
480,14:10:08,3.77,-0.01,158,59566,卖盘
481,14:10:02,3.78,0.01,46,17388,买盘
482,14:09:56,3.77,--,10,3770,卖盘
483,14:09:53,3.77,--,202,76154,卖盘
484,14:09:47,3.77,0.01,4831,1821592,买盘
485,14:09:41,3.76,-0.01,3,1128,卖盘
486,14:09:38,3.77,--,175,65975,买盘
487,14:09:32,3.77,--,62,23374,买盘
488,14:09:26,3.77,--,35,13195,买盘
489,14:09:23,3.77,--,56,21112,买盘
490,14:09:17,3.77,--,9,3393,买盘
491,14:09:08,3.77,--,1041,392457,买盘
492,14:09:02,3.77,0.01,356,134212,买盘
493,14:08:57,3.76,-0.01,40,15040,卖盘
494,14:08:52,3.77,--,177,66729,买盘
495,14:08:48,3.77,--,37,13949,买盘
496,14:08:38,3.77,--,195,73515,买盘
497,14:08:32,3.77,--,128,48256,买盘
498,14:08:17,3.77,0.01,371,139867,买盘
499,14:08:08,3.76,-0.01,268,101113,卖盘
500,14:08:02,3.77,--,6,2262,买盘
501,14:07:53,3.77,--,172,64844,买盘
502,14:07:48,3.77,0.01,10,3770,买盘
503,14:07:42,3.76,--,100,37600,卖盘
504,14:07:38,3.76,-0.01,215,80840,卖盘
505,14:07:32,3.77,--,38,14326,买盘
506,14:07:23,3.77,0.01,2620,987740,买盘
507,14:07:11,3.76,--,10,3760,卖盘
508,14:07:08,3.76,-0.01,729,274104,卖盘
509,14:07:02,3.77,0.01,13,4901,买盘
510,14:06:57,3.76,--,510,191760,卖盘
511,14:06:47,3.76,--,3,1128,卖盘
512,14:06:38,3.76,--,367,138213,卖盘
513,14:06:27,3.76,--,133,50008,卖盘
514,14:06:17,3.76,--,726,272976,卖盘
515,14:06:10,3.76,--,11,4136,卖盘
516,14:06:08,3.76,--,146,54896,卖盘
517,14:06:02,3.76,--,62,23312,卖盘
518,14:05:56,3.76,-0.01,60,22560,卖盘
519,14:05:47,3.77,--,6,2262,买盘
520,14:05:38,3.77,0.01,191,72007,买盘
521,14:05:32,3.76,-0.01,570,214320,卖盘
522,14:05:26,3.77,--,50,18850,买盘
523,14:05:23,3.77,0.01,50,18850,买盘
524,14:05:11,3.76,-0.01,4,1504,卖盘
525,14:05:08,3.77,0.01,446,168142,买盘
526,14:04:53,3.76,-0.01,8,3008,卖盘
527,14:04:47,3.77,--,10,3770,买盘
528,14:04:41,3.77,0.01,1,377,买盘
529,14:04:38,3.76,-0.01,246,92496,卖盘
530,14:04:32,3.77,--,1007,379639,买盘
531,14:04:17,3.77,--,33,12441,买盘
532,14:04:12,3.77,0.01,3124,1177748,买盘
533,14:04:07,3.76,--,381,143613,卖盘
534,14:03:56,3.76,-0.01,46,17296,卖盘
535,14:03:50,3.77,0.01,6,2262,买盘
536,14:03:47,3.76,-0.01,32,12032,卖盘
537,14:03:41,3.77,--,118,44486,买盘
538,14:03:35,3.77,0.01,246,92742,买盘
539,14:03:32,3.76,--,9,3384,卖盘
540,14:03:27,3.76,--,43,16167,卖盘
541,14:03:17,3.76,--,45,16920,卖盘
542,14:03:05,3.76,-0.01,146,54896,卖盘
543,14:02:56,3.77,0.01,12,4524,买盘
544,14:02:47,3.76,-0.01,820,308320,卖盘
545,14:02:41,3.77,0.01,10,3770,买盘
546,14:02:35,3.76,--,160,60160,卖盘
547,14:02:26,3.76,-0.01,22,8272,卖盘
548,14:02:21,3.77,--,49,18473,买盘
549,14:02:17,3.77,0.01,1,377,买盘
550,14:02:05,3.76,-0.01,146,54896,卖盘
551,14:01:56,3.77,0.01,10,3770,买盘
552,14:01:51,3.76,--,30,11280,卖盘
553,14:01:47,3.76,-0.01,80,30080,卖盘
554,14:01:41,3.77,0.01,33,12441,买盘
555,14:01:35,3.76,-0.01,146,54896,卖盘
556,14:01:32,3.77,--,100,37700,买盘
557,14:01:26,3.77,0.01,33,12441,买盘
558,14:01:20,3.76,-0.01,226,85021,卖盘
559,14:01:17,3.77,0.01,54,20358,买盘
560,14:01:06,3.76,-0.01,145,54520,卖盘
561,14:00:56,3.77,0.01,100,37700,买盘
562,14:00:51,3.76,-0.01,1,376,卖盘
563,14:00:47,3.77,--,35,13195,买盘
564,14:00:42,3.77,0.01,233,87841,买盘
565,14:00:36,3.76,-0.01,146,54896,卖盘
566,14:00:32,3.77,0.01,42,15834,买盘
567,14:00:05,3.76,-0.01,206,77456,卖盘
568,14:00:02,3.77,0.01,40,15080,买盘
569,13:59:57,3.76,-0.01,1,376,卖盘
570,13:59:50,3.77,--,13,4901,买盘
571,13:59:47,3.77,0.01,102,38454,买盘
572,13:59:35,3.76,--,253,95128,卖盘
573,13:59:32,3.76,-0.01,8,3008,卖盘
574,13:59:20,3.77,--,43,16211,买盘
575,13:59:17,3.77,--,25,9425,买盘
576,13:59:11,3.77,0.01,168,63336,买盘
577,13:59:06,3.76,-0.01,159,59784,卖盘
578,13:59:02,3.77,--,150,56550,买盘
579,13:58:46,3.77,--,100,37700,买盘
580,13:58:41,3.77,0.01,1,377,买盘
581,13:58:36,3.76,-0.01,390,146730,卖盘
582,13:58:32,3.77,--,100,37700,买盘
583,13:58:26,3.77,--,295,111215,买盘
584,13:58:11,3.77,0.01,48,18096,买盘
585,13:58:06,3.76,-0.01,145,54520,卖盘
586,13:58:02,3.77,--,26,9802,买盘
587,13:57:56,3.77,--,312,117624,买盘
588,13:57:47,3.77,--,35,13195,买盘
589,13:57:41,3.77,0.01,2,754,买盘
590,13:57:35,3.76,-0.01,147,55272,卖盘
591,13:57:31,3.77,--,2650,999050,买盘
592,13:57:25,3.77,0.01,111,41847,买盘
593,13:57:17,3.76,--,10,3760,卖盘
594,13:57:11,3.76,--,131,49620,卖盘
595,13:57:05,3.76,-0.01,210,78960,卖盘
596,13:57:01,3.77,0.01,15,5655,买盘
597,13:56:56,3.76,--,573,215448,卖盘
598,13:56:50,3.76,-0.01,1,376,卖盘
599,13:56:44,3.77,0.01,288,108576,买盘
600,13:56:41,3.76,--,10,3760,卖盘
601,13:56:35,3.76,--,146,54896,卖盘
602,13:56:29,3.76,--,20,7520,卖盘
603,13:56:26,3.76,--,202,75952,卖盘
604,13:56:20,3.76,--,80,30080,卖盘
605,13:56:14,3.76,--,263,99245,卖盘
606,13:56:11,3.76,--,80,30080,卖盘
607,13:56:05,3.76,--,185,69560,卖盘
608,13:55:51,3.76,--,519,195144,卖盘
609,13:55:41,3.76,--,4,1504,卖盘
610,13:55:36,3.76,-0.01,421,158555,卖盘
611,13:55:25,3.77,0.01,33,12441,买盘
612,13:55:11,3.76,--,37,13912,卖盘
613,13:55:05,3.76,-0.01,183,68808,卖盘
614,13:54:59,3.77,0.01,1,377,买盘
615,13:54:56,3.76,--,363,136845,卖盘
616,13:54:50,3.76,-0.01,287,107912,卖盘
617,13:54:41,3.77,--,102,38454,买盘
618,13:54:35,3.77,0.01,264,99528,买盘
619,13:54:26,3.76,--,500,188000,卖盘
620,13:54:20,3.76,-0.01,55,20680,卖盘
621,13:54:15,3.77,--,132,49764,买盘
622,13:54:11,3.77,0.01,33,12441,买盘
623,13:54:05,3.76,-0.01,659,247784,卖盘
624,13:53:59,3.77,0.01,188,70876,买盘
625,13:53:56,3.76,-0.01,66,24816,卖盘
626,13:53:51,3.77,--,19,7163,买盘
627,13:53:41,3.77,0.01,127,47879,买盘
628,13:53:36,3.76,--,147,55272,卖盘
629,13:53:26,3.76,-0.01,50,18800,卖盘
630,13:53:05,3.77,0.01,186,70122,买盘
631,13:52:44,3.76,--,221,83246,卖盘
632,13:52:35,3.76,--,245,92120,卖盘
633,13:52:20,3.76,-0.01,50,18800,卖盘
634,13:52:14,3.77,0.01,53,19981,买盘
635,13:52:10,3.76,--,532,200381,卖盘
636,13:52:05,3.76,-0.01,166,62416,卖盘
637,13:51:56,3.77,0.01,152,57304,买盘
638,13:51:44,3.76,-0.01,109,41269,卖盘
639,13:51:40,3.77,0.01,150,56550,买盘
640,13:51:36,3.76,-0.01,146,54896,卖盘
641,13:51:29,3.77,0.01,50,18850,买盘
642,13:51:20,3.76,-0.01,204,76704,卖盘
643,13:51:11,3.77,0.01,195,73541,买盘
644,13:51:05,3.76,--,184,69184,卖盘
645,13:50:55,3.76,--,273,103005,卖盘
646,13:50:50,3.76,--,4,1504,卖盘
647,13:50:45,3.76,-0.01,175,66149,卖盘
648,13:50:41,3.77,0.01,267,100659,买盘
649,13:50:34,3.76,-0.01,209,78584,卖盘
650,13:50:25,3.77,0.01,4,1508,买盘
651,13:50:20,3.76,--,2,752,卖盘
652,13:50:10,3.76,--,168,63348,卖盘
653,13:50:04,3.76,-0.01,146,54896,卖盘
654,13:49:59,3.77,--,261,98397,买盘
655,13:49:55,3.77,--,511,192647,买盘
656,13:49:50,3.77,0.01,98,36946,买盘
657,13:49:44,3.76,--,536,201536,卖盘
658,13:49:38,3.76,--,1,376,卖盘
659,13:49:35,3.76,-0.01,231,86856,卖盘
660,13:49:29,3.77,--,177,66729,买盘
661,13:49:23,3.77,--,134,50518,买盘
662,13:49:20,3.77,0.01,413,155701,买盘
663,13:49:14,3.76,-0.01,125,47000,卖盘
664,13:49:08,3.77,0.01,14,5278,买盘
665,13:49:05,3.76,-0.01,645,242527,卖盘
666,13:48:58,3.77,0.01,13,4901,买盘
667,13:48:54,3.76,-0.01,22,8272,卖盘
668,13:48:50,3.77,0.01,878,331006,买盘
669,13:48:37,3.76,--,74,27824,卖盘
670,13:48:35,3.76,-0.01,354,133472,卖盘
671,13:48:28,3.77,0.01,26,9802,买盘
672,13:48:23,3.76,-0.01,100,37600,卖盘
673,13:48:19,3.77,0.01,106,39962,买盘
674,13:48:14,3.76,--,248,93248,卖盘
675,13:48:09,3.76,--,272,102414,卖盘
676,13:48:04,3.76,-0.01,184,69184,卖盘
677,13:47:59,3.77,--,86,32422,买盘
678,13:47:53,3.77,--,29,10933,买盘
679,13:47:50,3.77,0.01,255,96459,买盘
680,13:47:44,3.76,--,357,134284,卖盘
681,13:47:35,3.76,--,180,67680,卖盘
682,13:47:28,3.76,--,287,107912,卖盘
683,13:47:23,3.76,-0.01,69,25944,卖盘
684,13:47:20,3.77,0.01,157,59189,买盘
685,13:47:14,3.76,--,404,151904,卖盘
686,13:47:08,3.76,--,167,63092,卖盘
687,13:47:04,3.76,-0.01,145,54520,卖盘
688,13:46:59,3.77,0.01,341,128557,买盘
689,13:46:49,3.76,-0.01,120,45120,卖盘
690,13:46:44,3.77,--,233,87916,买盘
691,13:46:38,3.77,--,64,24128,买盘
692,13:46:34,3.77,0.01,3,1131,买盘
693,13:46:29,3.76,--,63,23688,卖盘
694,13:46:24,3.76,--,2,752,卖盘
695,13:46:20,3.76,-0.01,46,17296,卖盘
696,13:46:14,3.77,0.01,30,11310,买盘
697,13:46:04,3.76,-0.01,171,64295,卖盘
698,13:45:59,3.77,--,29,10933,买盘
699,13:45:50,3.77,0.01,80,30160,买盘
700,13:45:37,3.76,-0.01,140,52786,卖盘
701,13:45:34,3.77,--,311,117567,买盘
702,13:45:30,3.77,0.01,98,36946,买盘
703,13:45:22,3.76,-0.01,463,174088,卖盘
704,13:45:19,3.77,--,832,313664,买盘
705,13:45:13,3.77,0.01,89,33553,买盘
706,13:45:07,3.76,-0.01,3,1128,卖盘
707,13:45:04,3.77,--,309,116493,买盘
708,13:44:59,3.77,--,32,12064,买盘
709,13:44:53,3.77,--,91,34307,买盘
710,13:44:49,3.77,0.01,50,18850,买盘
711,13:44:44,3.76,-0.01,754,283864,卖盘
712,13:44:34,3.77,--,305,115060,买盘
713,13:44:29,3.77,--,37,13949,买盘
714,13:44:19,3.77,0.01,53,19981,买盘
715,13:44:13,3.76,-0.01,76,28576,卖盘
716,13:44:08,3.77,0.01,137,51649,买盘
717,13:44:04,3.76,-0.01,172,64671,卖盘
718,13:43:59,3.77,--,53,19981,买盘
719,13:43:49,3.77,--,44,16588,买盘
720,13:43:34,3.77,--,227,85579,买盘
721,13:43:29,3.77,--,55,20735,买盘
722,13:43:23,3.77,0.01,38,14326,买盘
723,13:43:19,3.76,-0.01,40,15040,卖盘
724,13:43:14,3.77,0.01,35,13195,买盘
725,13:43:07,3.76,--,10,3760,卖盘
726,13:43:04,3.76,-0.01,211,79336,卖盘
727,13:42:59,3.77,--,39,14703,买盘
728,13:42:53,3.77,--,48,18096,买盘
729,13:42:49,3.77,--,5,1885,买盘
730,13:42:44,3.77,0.01,96,36192,买盘
731,13:42:38,3.76,--,200,75200,卖盘
732,13:42:34,3.76,-0.01,173,65047,卖盘
733,13:42:29,3.77,--,39,14703,买盘
734,13:42:19,3.77,--,144,54288,买盘
735,13:42:14,3.77,0.01,258,97424,买盘
736,13:42:08,3.76,-0.01,89,33464,卖盘
737,13:42:04,3.77,--,505,190385,买盘
738,13:41:59,3.77,--,56,21112,买盘
739,13:41:53,3.77,--,300,113100,买盘
740,13:41:49,3.77,0.01,64,24128,买盘
741,13:41:44,3.76,-0.01,226,84976,卖盘
742,13:41:38,3.77,--,259,97643,买盘
743,13:41:32,3.77,--,1,377,买盘
744,13:41:28,3.77,--,320,120640,买盘
745,13:41:23,3.77,--,34,12818,买盘
746,13:41:17,3.77,--,272,102544,买盘
747,13:41:13,3.77,--,184,69368,买盘
748,13:41:07,3.77,--,213,80301,买盘
749,13:41:02,3.77,--,36,13572,买盘
750,13:40:58,3.77,--,815,307255,买盘
751,13:40:53,3.77,--,456,171912,买盘
752,13:40:47,3.77,0.01,54,20358,买盘
753,13:40:43,3.76,--,177,66552,卖盘
754,13:40:38,3.76,-0.01,275,103400,卖盘
755,13:40:31,3.77,--,76,28652,买盘
756,13:40:29,3.77,0.01,98,36946,买盘
757,13:40:23,3.76,-0.01,50,18800,卖盘
758,13:40:17,3.77,--,132,49764,买盘
759,13:40:13,3.77,--,12,4524,买盘
760,13:40:08,3.77,--,276,104052,买盘
761,13:40:02,3.77,--,2,754,买盘
762,13:39:58,3.77,0.01,136,51272,买盘
763,13:39:53,3.76,--,518,194768,卖盘
764,13:39:47,3.76,-0.01,20,7520,卖盘
765,13:39:43,3.77,--,116,43732,买盘
766,13:39:38,3.77,--,185,69745,买盘
767,13:39:32,3.77,--,539,203203,买盘
768,13:39:29,3.77,--,12,4524,买盘
769,13:39:22,3.77,0.01,41,15457,买盘
770,13:39:17,3.76,-0.01,132,49966,卖盘
771,13:39:14,3.77,0.01,538,202826,买盘
772,13:39:08,3.76,-0.01,270,101520,卖盘
773,13:39:02,3.77,0.01,78,29406,买盘
774,13:38:59,3.76,--,74,27824,卖盘
775,13:38:53,3.76,-0.01,116,43616,卖盘
776,13:38:46,3.77,--,43,16211,买盘
777,13:38:44,3.77,--,61,22997,买盘
778,13:38:38,3.77,0.01,305,114985,买盘
779,13:38:32,3.76,-0.01,6,2256,卖盘
780,13:38:28,3.77,--,35,13195,买盘
781,13:38:23,3.77,--,104,39208,买盘
782,13:38:17,3.77,0.01,40,15080,买盘
783,13:38:13,3.76,-0.01,4,1504,卖盘
784,13:38:08,3.77,--,298,112346,买盘
785,13:38:02,3.77,0.01,1,377,买盘
786,13:37:58,3.76,-0.01,7,2632,卖盘
787,13:37:53,3.77,0.01,170,64090,买盘
788,13:37:43,3.76,--,453,170328,卖盘
789,13:37:38,3.76,-0.01,172,64671,卖盘
790,13:37:31,3.77,0.01,90,33930,买盘
791,13:37:23,3.76,--,127,47752,卖盘
792,13:37:13,3.76,--,338,127088,卖盘
793,13:37:08,3.76,--,441,165816,卖盘
794,13:37:02,3.76,-0.01,213,80088,卖盘
795,13:36:58,3.77,0.01,137,51649,买盘
796,13:36:53,3.76,-0.01,18,6768,卖盘
797,13:36:47,3.77,0.01,40,15080,买盘
798,13:36:43,3.76,--,60,22560,卖盘
799,13:36:38,3.76,-0.01,390,146839,卖盘
800,13:36:32,3.77,0.01,2,754,买盘
801,13:36:28,3.76,--,284,107050,卖盘
802,13:36:22,3.76,-0.01,225,84769,卖盘
803,13:36:17,3.77,--,69,26013,买盘
804,13:36:13,3.77,--,39,14703,买盘
805,13:36:08,3.77,--,325,122860,卖盘
806,13:36:02,3.77,--,253,95381,卖盘
807,13:35:58,3.77,--,660,248820,卖盘
808,13:35:53,3.77,--,535,201695,卖盘
809,13:35:43,3.77,--,1721,648817,卖盘
810,13:35:38,3.77,--,242,91234,卖盘
811,13:35:31,3.77,-0.01,55,20735,卖盘
812,13:35:22,3.78,--,323,122385,买盘
813,13:35:13,3.78,--,11,4158,买盘
814,13:35:08,3.78,--,321,121451,买盘
815,13:35:02,3.78,--,1,378,买盘
816,13:34:58,3.78,0.01,40,15120,买盘
817,13:34:53,3.77,-0.01,350,131950,卖盘
818,13:34:47,3.78,0.01,36,13608,买盘
819,13:34:43,3.77,-0.01,25,9425,卖盘
820,13:34:37,3.78,--,206,77868,买盘
821,13:34:31,3.78,--,2,756,买盘
822,13:34:28,3.78,0.01,174,65772,买盘
823,13:34:22,3.77,-0.01,120,45594,卖盘
824,13:34:13,3.78,0.01,40,15120,买盘
825,13:34:07,3.77,-0.01,171,64467,卖盘
826,13:34:02,3.78,0.01,35,13230,买盘
827,13:33:58,3.77,-0.01,166,62582,卖盘
828,13:33:52,3.78,0.01,615,232470,买盘
829,13:33:46,3.77,-0.01,49,18473,卖盘
830,13:33:43,3.78,0.01,36,13608,买盘
831,13:33:37,3.77,-0.01,431,162622,卖盘
832,13:33:31,3.78,--,36,13608,买盘
833,13:33:25,3.78,--,153,57947,买盘
834,13:33:22,3.78,0.01,38,14364,买盘
835,13:33:17,3.77,--,29,10933,卖盘
836,13:33:10,3.77,-0.01,1,377,卖盘
837,13:33:08,3.78,--,489,184993,买盘
838,13:33:00,3.78,--,17,6426,买盘
839,13:32:55,3.78,0.01,38,14364,买盘
840,13:32:52,3.77,-0.01,110,41470,卖盘
841,13:32:47,3.78,--,304,115271,买盘
842,13:32:37,3.78,0.01,306,115668,买盘
843,13:32:32,3.77,-0.01,140,53134,卖盘
844,13:32:25,3.78,0.01,40,15120,买盘
845,13:32:22,3.77,-0.01,30,11310,卖盘
846,13:32:17,3.78,0.01,36,13608,买盘
847,13:32:08,3.77,-0.01,271,102167,卖盘
848,13:32:01,3.78,0.01,671,253732,买盘
849,13:31:52,3.77,-0.01,42,15834,卖盘
850,13:31:40,3.78,0.01,41,15498,买盘
851,13:31:37,3.77,-0.01,323,122144,卖盘
852,13:31:31,3.78,--,36,13608,买盘
853,13:31:16,3.78,--,33,12474,买盘
854,13:31:08,3.78,--,422,159791,买盘
855,13:31:02,3.78,--,3,1134,买盘
856,13:30:55,3.78,--,139,52542,买盘
857,13:30:52,3.78,--,847,320366,买盘
858,13:30:47,3.78,0.01,120,45360,买盘
859,13:30:40,3.77,-0.01,501,188877,卖盘
860,13:30:37,3.78,--,222,83916,买盘
861,13:30:32,3.78,0.01,1,378,买盘
862,13:30:25,3.77,-0.01,2,754,卖盘
863,13:30:23,3.78,0.01,41,15498,买盘
864,13:30:16,3.77,--,66,24882,卖盘
865,13:30:07,3.77,-0.01,191,72007,卖盘
866,13:30:02,3.78,--,92,34776,买盘
867,13:29:52,3.78,0.01,47,17766,买盘
868,13:29:46,3.77,--,705,265875,卖盘
869,13:29:40,3.77,--,225,84825,卖盘
870,13:29:37,3.77,-0.01,179,67483,卖盘
871,13:29:31,3.78,0.01,58,21924,买盘
872,13:29:22,3.77,-0.01,273,103279,卖盘
873,13:29:17,3.78,0.01,191,72443,买盘
874,13:29:10,3.77,-0.01,781,294437,卖盘
875,13:29:07,3.78,--,207,78246,买盘
876,13:29:01,3.78,--,42,15876,买盘
877,13:28:56,3.78,--,64,24192,买盘
878,13:28:46,3.78,0.01,602,227556,买盘
879,13:28:40,3.77,--,99,37323,卖盘
880,13:28:37,3.77,-0.01,189,71253,卖盘
881,13:28:31,3.78,0.01,267,101205,买盘
882,13:28:25,3.77,--,141,53379,卖盘
883,13:28:22,3.77,--,419,158290,卖盘
884,13:28:16,3.77,-0.01,71,26767,卖盘
885,13:28:11,3.78,0.01,39,14742,买盘
886,13:28:07,3.77,-0.01,171,64467,卖盘
887,13:28:01,3.78,0.01,48,18144,买盘
888,13:27:55,3.77,--,3376,1272951,卖盘
889,13:27:52,3.77,-0.01,489,184703,卖盘
890,13:27:47,3.78,0.01,20,7560,买盘
891,13:27:40,3.77,-0.01,92,34981,卖盘
892,13:27:37,3.78,--,387,146456,买盘
893,13:27:31,3.78,--,2,756,买盘
894,13:27:26,3.78,--,89,33642,买盘
895,13:27:22,3.78,--,3,1134,买盘
896,13:27:17,3.78,--,38,14364,买盘
897,13:27:07,3.78,--,211,79758,买盘
898,13:27:02,3.78,--,1,378,买盘
899,13:26:52,3.78,--,124,46872,买盘
900,13:26:47,3.78,0.01,39,14742,买盘
901,13:26:37,3.77,-0.01,172,64844,卖盘
902,13:26:31,3.78,--,155,58597,买盘
903,13:26:22,3.78,0.01,41,15498,买盘
904,13:26:10,3.77,-0.01,43,16211,卖盘
905,13:26:07,3.78,--,879,332345,买盘
906,13:26:02,3.78,0.01,42,15876,买盘
907,13:25:55,3.77,--,1,377,卖盘
908,13:25:52,3.77,-0.01,4,1508,卖盘
909,13:25:46,3.78,--,385,145677,买盘
910,13:25:37,3.78,--,312,117936,买盘
911,13:25:31,3.78,--,1,378,买盘
912,13:25:25,3.78,--,366,138627,买盘
913,13:25:16,3.78,--,35,13230,买盘
914,13:25:10,3.78,0.01,8,3024,买盘
915,13:25:06,3.77,-0.01,254,95758,卖盘
916,13:25:01,3.78,--,2,756,买盘
917,13:24:55,3.78,0.01,38,14364,买盘
918,13:24:46,3.77,-0.01,4,1508,卖盘
919,13:24:41,3.78,0.01,235,88830,买盘
920,13:24:35,3.77,-0.01,172,64844,卖盘
921,13:24:31,3.78,--,100,37800,买盘
922,13:24:25,3.78,--,152,57554,买盘
923,13:24:19,3.78,--,193,72954,买盘
924,13:24:16,3.78,0.01,1,378,买盘
925,13:24:11,3.77,--,82,30914,卖盘
926,13:24:05,3.77,--,171,64467,卖盘
927,13:24:01,3.77,-0.01,196,73941,卖盘
928,13:23:56,3.78,--,20,7560,买盘
929,13:23:49,3.78,--,55,20790,买盘
930,13:23:46,3.78,0.01,37,13986,买盘
931,13:23:40,3.77,-0.01,324,122148,卖盘
932,13:23:35,3.78,0.01,212,80136,买盘
933,13:23:31,3.77,-0.01,128,48297,卖盘
934,13:23:25,3.78,--,41,15498,买盘
935,13:23:19,3.78,--,115,43470,买盘
936,13:23:16,3.78,0.01,56,21168,买盘
937,13:23:11,3.77,--,212,80123,卖盘
938,13:23:04,3.77,-0.01,171,64467,卖盘
939,13:23:01,3.78,--,1008,381383,买盘
940,13:22:56,3.78,--,48,18144,买盘
941,13:22:46,3.78,--,135,51030,买盘
942,13:22:40,3.78,--,46,17388,买盘
943,13:22:34,3.78,--,682,257796,买盘
944,13:22:31,3.78,--,238,89964,买盘
945,13:22:26,3.78,--,5,1890,买盘
946,13:22:19,3.78,0.01,38,14364,买盘
947,13:22:16,3.77,--,142,53865,卖盘
948,13:22:11,3.77,--,69,26013,卖盘
949,13:22:04,3.77,-0.01,221,83317,卖盘
950,13:22:01,3.78,--,5,1890,买盘
951,13:21:55,3.78,0.01,94,35532,买盘
952,13:21:49,3.77,-0.01,304,114608,卖盘
953,13:21:46,3.78,0.01,37,13986,买盘
954,13:21:40,3.77,-0.01,21,7917,卖盘
955,13:21:35,3.78,--,212,80136,买盘
956,13:21:31,3.78,--,11,4158,买盘
957,13:21:26,3.78,0.01,136,51555,买盘
958,13:21:19,3.77,-0.01,5,1885,卖盘
959,13:21:16,3.78,0.01,108,40824,买盘
960,13:21:11,3.77,-0.01,828,312510,卖盘
961,13:21:04,3.78,--,205,77490,买盘
962,13:21:01,3.78,--,49,18522,买盘
963,13:20:56,3.78,0.01,39,14742,买盘
964,13:20:49,3.77,-0.01,165,62525,卖盘
965,13:20:40,3.78,0.01,83,31374,买盘
966,13:20:34,3.77,-0.01,354,133748,卖盘
967,13:20:31,3.78,0.01,41,15498,买盘
968,13:20:19,3.77,--,18,6786,卖盘
969,13:20:16,3.77,--,44,16814,卖盘
970,13:20:10,3.77,-0.01,115,43392,卖盘
971,13:20:04,3.78,0.01,308,116424,买盘
972,13:20:01,3.77,-0.01,51,19227,卖盘
973,13:19:55,3.78,--,129,48762,买盘
974,13:19:49,3.78,0.01,48,18144,买盘
975,13:19:46,3.77,--,281,105937,卖盘
976,13:19:34,3.77,-0.01,172,64844,卖盘
977,13:19:31,3.78,0.01,49,18522,买盘
978,13:19:25,3.77,-0.01,161,60749,卖盘
979,13:19:19,3.78,0.01,194,73332,买盘
980,13:19:16,3.77,--,17,6409,卖盘
981,13:19:10,3.77,--,703,265132,卖盘
982,13:19:04,3.77,-0.01,229,86333,卖盘
983,13:19:00,3.78,--,42,15876,买盘
984,13:18:55,3.78,--,16,6048,买盘
985,13:18:49,3.78,--,104,39312,买盘
986,13:18:46,3.78,0.01,3,1134,买盘
987,13:18:41,3.77,--,395,149077,卖盘
988,13:18:35,3.77,-0.01,181,68237,卖盘
989,13:18:31,3.78,--,63,23814,买盘
990,13:18:25,3.78,0.01,90,34020,买盘
991,13:18:16,3.77,-0.01,217,81809,卖盘
992,13:18:04,3.78,--,246,92988,买盘
993,13:18:01,3.78,0.01,394,148932,买盘
994,13:17:55,3.77,-0.01,140,52780,卖盘
995,13:17:49,3.78,--,57,21546,买盘
996,13:17:46,3.78,0.01,37,13986,买盘
997,13:17:40,3.77,--,177,66751,卖盘
998,13:17:34,3.77,-0.01,208,78416,卖盘
999,13:17:30,3.78,0.01,412,155736,买盘
1000,13:17:25,3.77,-0.01,144,54408,卖盘
1001,13:17:10,3.78,0.01,243,92201,买盘
1002,13:17:04,3.77,-0.01,186,70122,卖盘
1003,13:16:58,3.78,--,47,17766,买盘
1004,13:16:55,3.78,0.01,13,4914,买盘
1005,13:16:44,3.77,-0.01,195,73515,卖盘
1006,13:16:40,3.78,0.01,39,14742,买盘
1007,13:16:34,3.77,-0.01,175,65975,卖盘
1008,13:16:28,3.78,0.01,52,19656,买盘
1009,13:16:25,3.77,--,33,12441,卖盘
1010,13:16:19,3.77,--,10,3770,卖盘
1011,13:16:10,3.77,--,54,20358,卖盘
1012,13:16:04,3.77,--,315,118845,卖盘
1013,13:15:55,3.77,--,110,41470,卖盘
1014,13:15:50,3.77,--,86,32422,卖盘
1015,13:15:40,3.77,--,817,308009,卖盘
1016,13:15:34,3.77,--,281,106219,卖盘
1017,13:15:28,3.77,--,532,200801,卖盘
1018,13:15:25,3.77,--,833,314041,卖盘
1019,13:15:19,3.77,-0.01,54,20358,卖盘
1020,13:15:14,3.78,0.01,66,24948,买盘
1021,13:15:10,3.77,--,233,87931,卖盘
1022,13:15:04,3.77,-0.01,186,70122,卖盘
1023,13:14:58,3.78,--,35,13230,买盘
1024,13:14:55,3.78,0.01,5,1890,买盘
1025,13:14:50,3.77,-0.01,93,35110,卖盘
1026,13:14:43,3.78,--,33,12474,买盘
1027,13:14:40,3.78,0.01,12,4536,买盘
1028,13:14:34,3.77,-0.01,212,79924,卖盘
1029,13:14:28,3.78,--,1,378,买盘
1030,13:14:25,3.78,--,127,48006,买盘
1031,13:14:19,3.78,0.01,174,65813,买盘
1032,13:14:14,3.77,--,11,4147,卖盘
1033,13:14:10,3.77,--,83,31656,卖盘
1034,13:14:04,3.77,-0.01,677,255229,卖盘
1035,13:13:58,3.78,0.01,37,13986,买盘
1036,13:13:55,3.77,--,14,5278,卖盘
1037,13:13:49,3.77,-0.01,313,118374,卖盘
1038,13:13:40,3.78,0.01,38,14364,买盘
1039,13:13:34,3.77,-0.01,214,80678,卖盘
1040,13:13:25,3.78,--,163,61614,买盘
1041,13:13:13,3.78,0.01,38,14364,买盘
1042,13:13:10,3.77,--,336,126762,卖盘
1043,13:13:05,3.77,--,212,79924,卖盘
1044,13:12:55,3.77,--,82,30914,卖盘
1045,13:12:49,3.77,-0.01,263,99509,卖盘
1046,13:12:40,3.78,0.01,137,51786,买盘
1047,13:12:33,3.77,-0.01,212,79924,卖盘
1048,13:12:28,3.78,0.01,200,75600,买盘
1049,13:12:25,3.77,-0.01,115,43520,卖盘
1050,13:12:19,3.78,0.01,90,34020,买盘
1051,13:12:13,3.77,-0.01,34,12818,卖盘
1052,13:12:10,3.78,0.01,725,274129,买盘
1053,13:12:03,3.77,-0.01,683,257491,卖盘
1054,13:11:59,3.78,0.01,40,15120,买盘
1055,13:11:54,3.77,--,54,20358,卖盘
1056,13:11:49,3.77,-0.01,86,32422,卖盘
1057,13:11:34,3.78,0.01,210,79380,买盘
1058,13:11:28,3.77,-0.01,115,43445,卖盘
1059,13:11:25,3.78,0.01,65,24570,买盘
1060,13:11:19,3.77,-0.01,363,137209,卖盘
1061,13:11:13,3.78,--,271,102645,买盘
1062,13:11:04,3.78,0.01,226,85428,买盘
1063,13:10:58,3.77,-0.01,118,44486,卖盘
1064,13:10:54,3.78,--,66,24948,买盘
1065,13:10:40,3.78,0.01,42,15876,买盘
1066,13:10:34,3.77,-0.01,187,70499,卖盘
1067,13:10:28,3.78,--,39,14742,买盘
1068,13:10:25,3.78,--,250,94500,买盘
1069,13:10:18,3.78,0.01,61,23058,买盘
1070,13:10:13,3.77,-0.01,86,32422,卖盘
1071,13:10:10,3.78,--,193,73237,买盘
1072,13:10:04,3.78,--,309,116987,买盘
1073,13:09:58,3.78,--,268,101304,买盘
1074,13:09:55,3.78,--,303,114534,买盘
1075,13:09:49,3.78,--,61,23058,买盘
1076,13:09:40,3.78,--,10,3780,买盘
1077,13:09:34,3.78,0.01,218,82404,买盘
1078,13:09:28,3.77,-0.01,494,186336,卖盘
1079,13:09:24,3.78,--,57,21546,买盘
1080,13:09:13,3.78,0.01,49,18522,买盘
1081,13:09:04,3.77,--,261,98397,卖盘
1082,13:08:58,3.77,-0.01,134,50857,卖盘
1083,13:08:49,3.78,--,34,12852,买盘
1084,13:08:43,3.78,0.01,1045,395010,买盘
1085,13:08:37,3.77,--,573,216341,卖盘
1086,13:08:34,3.77,-0.01,174,65598,卖盘
1087,13:08:28,3.78,0.01,152,57471,买盘
1088,13:08:22,3.77,-0.01,19,7163,卖盘
1089,13:08:19,3.78,0.01,39,14742,买盘
1090,13:08:13,3.77,-0.01,128,48331,卖盘
1091,13:08:08,3.78,0.01,40,15120,买盘
1092,13:08:04,3.77,--,193,72761,卖盘
1093,13:07:58,3.77,-0.01,189,71253,卖盘
1094,13:07:49,3.78,0.01,30,11340,买盘
1095,13:07:43,3.77,--,47,17719,卖盘
1096,13:07:34,3.77,--,339,127844,卖盘
1097,13:07:28,3.77,-0.01,15,5655,卖盘
1098,13:07:22,3.78,0.01,118,44604,买盘
1099,13:07:18,3.77,-0.01,924,348706,卖盘
1100,13:07:13,3.78,0.01,39,14742,买盘
1101,13:07:03,3.77,--,287,108199,卖盘
1102,13:06:58,3.77,-0.01,381,143776,卖盘
1103,13:06:52,3.78,--,40,15120,买盘
1104,13:06:49,3.78,--,71,26838,买盘
1105,13:06:43,3.78,0.01,34,12852,买盘
1106,13:06:37,3.77,--,129,48844,卖盘
1107,13:06:34,3.77,-0.01,177,66729,卖盘
1108,13:06:28,3.78,--,39,14742,买盘
1109,13:06:22,3.78,0.01,203,76734,买盘
1110,13:06:19,3.77,-0.01,761,286897,卖盘
1111,13:06:13,3.78,--,35,13230,买盘
1112,13:06:07,3.78,--,5,1890,买盘
1113,13:06:04,3.78,--,208,78624,买盘
1114,13:05:58,3.78,0.01,39,14742,买盘
1115,13:05:51,3.77,-0.01,30,11310,卖盘
1116,13:05:48,3.78,--,50,18900,买盘
1117,13:05:42,3.78,0.01,282,106596,买盘
1118,13:05:37,3.77,-0.01,38,14326,卖盘
1119,13:05:34,3.78,0.01,211,79758,买盘
1120,13:05:28,3.77,-0.01,131,49756,卖盘
1121,13:05:22,3.78,--,36,13608,买盘
1122,13:05:13,3.78,0.01,35,13230,买盘
1123,13:05:07,3.77,--,9,3393,卖盘
1124,13:05:04,3.77,-0.01,553,208571,卖盘
1125,13:04:58,3.78,--,35,13230,买盘
1126,13:04:48,3.78,0.01,33,12474,买盘
1127,13:04:43,3.77,-0.01,224,84448,卖盘
1128,13:04:37,3.78,--,4931,1864159,卖盘
1129,13:04:34,3.78,--,421,159138,卖盘
1130,13:04:28,3.78,--,5539,2093742,卖盘
1131,13:04:19,3.78,--,2469,933493,卖盘
1132,13:04:07,3.78,-0.01,569,215082,卖盘
1133,13:04:03,3.79,0.01,520,197303,买盘
1134,13:03:58,3.78,-0.01,176,66785,卖盘
1135,13:03:52,3.79,--,44,16676,买盘
1136,13:03:43,3.79,0.01,72,27288,买盘
1137,13:03:33,3.78,--,215,81270,卖盘
1138,13:03:28,3.78,-0.01,35,13230,卖盘
1139,13:03:22,3.79,--,21,7959,买盘
1140,13:03:19,3.79,0.01,234,88746,买盘
1141,13:03:13,3.78,--,138,52164,卖盘
1142,13:03:08,3.78,--,125,47280,卖盘
1143,13:03:04,3.78,-0.01,721,272844,卖盘
1144,13:02:59,3.79,--,303,115197,买盘
1145,13:02:49,3.79,0.01,35,13265,买盘
1146,13:02:43,3.78,-0.01,640,241920,卖盘
1147,13:02:37,3.79,0.01,34,12886,买盘
1148,13:02:34,3.78,--,228,86184,卖盘
1149,13:02:27,3.78,--,121,45738,卖盘
1150,13:02:19,3.78,--,121,45738,卖盘
1151,13:02:13,3.78,--,87,32886,卖盘
1152,13:02:07,3.78,--,216,81648,卖盘
1153,13:02:03,3.78,--,299,113022,卖盘
1154,13:01:58,3.78,--,100,37800,卖盘
1155,13:01:53,3.78,--,44,16632,卖盘
1156,13:01:49,3.78,-0.01,118,44660,卖盘
1157,13:01:43,3.79,0.01,47,17813,买盘
1158,13:01:36,3.78,--,120,45394,卖盘
1159,13:01:33,3.78,-0.01,172,65016,卖盘
1160,13:01:28,3.79,--,124,46996,买盘
1161,13:01:22,3.79,0.01,355,134639,买盘
1162,13:01:18,3.78,-0.01,96,36654,卖盘
1163,13:01:07,3.79,--,219,83001,买盘
1164,13:00:58,3.79,0.01,34,12886,买盘
1165,13:00:46,3.78,-0.01,176,66630,卖盘
1166,13:00:37,3.79,0.01,207,78453,买盘
1167,13:00:27,3.78,--,322,121863,卖盘
1168,13:00:21,3.78,--,2,756,卖盘
1169,13:00:07,3.78,--,2081,786772,卖盘
1170,11:30:00,3.78,--,0,0,卖盘
1171,11:29:59,3.78,--,0,0,卖盘
1172,11:29:59,3.78,-0.01,70,26460,卖盘
1173,11:29:53,3.79,0.01,186,70850,买盘
1174,11:29:46,3.78,--,44,16632,买盘
1175,11:29:44,3.78,--,10,3780,买盘
1176,11:29:38,3.78,-0.01,1187,448686,卖盘
1177,11:29:29,3.79,--,44,16676,买盘
1178,11:29:17,3.79,0.01,37,14023,买盘
1179,11:29:09,3.78,--,149,56322,卖盘
1180,11:28:59,3.78,--,126,47756,卖盘
1181,11:28:53,3.78,0.01,14,5292,买盘
1182,11:28:47,3.77,--,0,0,卖盘
1183,11:28:44,3.77,-0.01,530,199866,卖盘
1184,11:28:38,3.78,-0.01,10,3780,卖盘
1185,11:28:32,3.79,--,34,12886,买盘
1186,11:28:29,3.79,--,412,156148,买盘
1187,11:28:24,3.79,--,182,69319,买盘
1188,11:28:17,3.79,--,0,0,买盘
1189,11:28:14,3.79,0.01,52,20007,买盘
1190,11:28:02,3.78,--,48,18144,卖盘
1191,11:27:59,3.78,--,10,3780,卖盘
1192,11:27:53,3.78,--,48,18223,买盘
1193,11:27:44,3.78,--,116,44165,买盘
1194,11:27:38,3.78,--,41,15498,买盘
1195,11:27:33,3.78,--,22,8316,买盘
1196,11:27:29,3.78,--,34,12852,买盘
1197,11:27:23,3.78,0.01,10,3780,买盘
1198,11:27:18,3.77,--,50,18850,卖盘
1199,11:27:13,3.77,-0.01,47,17719,卖盘
1200,11:27:08,3.78,--,106,40068,买盘
1201,11:27:02,3.78,--,147,55717,买盘
1202,11:26:59,3.78,--,61,23058,买盘
1203,11:26:53,3.78,--,19,7182,买盘
1204,11:26:43,3.78,0.01,33,12474,买盘
1205,11:26:37,3.77,-0.01,254,95912,卖盘
1206,11:26:33,3.78,--,41,15498,买盘
1207,11:26:28,3.78,0.01,25,9450,买盘
1208,11:26:23,3.77,-0.01,141,53202,卖盘
1209,11:26:17,3.78,--,21,7938,买盘
1210,11:26:13,3.78,--,37,13986,买盘
1211,11:26:08,3.78,--,13,4914,买盘
1212,11:26:02,3.78,--,12,4536,买盘
1213,11:25:59,3.78,--,235,88830,买盘
1214,11:25:53,3.78,--,754,285012,买盘
1215,11:25:47,3.78,--,10,3780,买盘
1216,11:25:43,3.78,--,179,67707,买盘
1217,11:25:38,3.78,--,37,13986,买盘
1218,11:25:32,3.78,--,2,756,买盘
1219,11:25:28,3.78,--,259,97902,买盘
1220,11:25:17,3.78,--,40,15120,买盘
1221,11:25:14,3.78,--,13,4914,买盘
1222,11:25:08,3.78,--,715,270644,买盘
1223,11:25:01,3.78,0.01,102,38556,买盘
1224,11:24:59,3.77,-0.01,99,37383,卖盘
1225,11:24:53,3.78,--,39,14742,买盘
1226,11:24:44,3.78,0.01,206,77868,买盘
1227,11:24:37,3.77,-0.01,569,214513,卖盘
1228,11:24:33,3.78,0.01,39,14742,买盘
1229,11:24:27,3.77,--,76,28652,卖盘
1230,11:24:22,3.77,-0.01,43,16211,卖盘
1231,11:24:16,3.78,0.01,478,180714,买盘
1232,11:24:13,3.77,-0.01,18,6786,卖盘
1233,11:24:08,3.78,--,253,95634,买盘
1234,11:24:02,3.78,--,41,15498,买盘
1235,11:23:58,3.78,--,2,756,买盘
1236,11:23:53,3.78,--,23,8694,买盘
1237,11:23:47,3.78,0.01,66,24948,买盘
1238,11:23:38,3.77,-0.01,508,191779,卖盘
1239,11:23:32,3.78,--,12,4536,买盘
1240,11:23:27,3.78,--,294,111132,买盘
1241,11:23:22,3.78,0.01,401,151782,买盘
1242,11:23:17,3.77,-0.01,44,16588,卖盘
1243,11:23:10,3.78,--,17,6426,买盘
1244,11:23:07,3.78,--,65,24570,买盘
1245,11:23:01,3.78,--,1290,487620,买盘
1246,11:22:53,3.78,0.01,41,15498,买盘
1247,11:22:47,3.77,-0.01,98,36946,卖盘
1248,11:22:40,3.78,--,35,13230,买盘
1249,11:22:37,3.78,--,5,1890,买盘
1250,11:22:32,3.78,0.01,143,54054,买盘
1251,11:22:22,3.77,-0.01,544,205276,卖盘
1252,11:22:18,3.78,--,20,7560,买盘
1253,11:22:11,3.78,--,23,8694,买盘
1254,11:22:07,3.78,--,1073,405594,买盘
1255,11:22:02,3.78,0.01,114,43092,买盘
1256,11:21:53,3.77,--,570,214890,卖盘
1257,11:21:48,3.77,-0.01,502,189269,卖盘
1258,11:21:41,3.78,0.01,107,40446,买盘
1259,11:21:38,3.77,-0.01,331,125065,卖盘
1260,11:21:33,3.78,0.01,80,30240,买盘
1261,11:21:26,3.77,-0.01,203,76602,卖盘
1262,11:21:23,3.78,--,1075,406350,买盘
1263,11:21:16,3.78,0.01,796,300888,买盘
1264,11:21:10,3.77,-0.01,76,28652,卖盘
1265,11:21:08,3.78,--,34,12852,买盘
1266,11:21:02,3.78,0.01,1288,486864,买盘
1267,11:20:56,3.77,-0.01,540,203715,卖盘
1268,11:20:53,3.78,0.01,2196,830088,买盘
1269,11:20:47,3.77,-0.01,10,3770,卖盘
1270,11:20:41,3.78,--,66,24948,买盘
1271,11:20:38,3.78,--,16,6048,买盘
1272,11:20:32,3.78,--,814,307692,买盘
1273,11:20:26,3.78,0.01,751,283896,买盘
1274,11:20:22,3.77,--,62,23374,卖盘
1275,11:20:17,3.77,-0.01,10,3770,卖盘
1276,11:20:08,3.78,--,937,354186,买盘
1277,11:20:01,3.78,--,2,756,买盘
1278,11:19:55,3.78,--,72,27216,买盘
1279,11:19:53,3.78,--,29,10962,买盘
1280,11:19:47,3.78,--,88,33264,买盘
1281,11:19:38,3.78,--,228,86240,买盘
1282,11:19:32,3.78,0.01,203,76734,买盘
1283,11:19:26,3.77,-0.01,2,754,卖盘
1284,11:19:23,3.78,--,80,30240,买盘
1285,11:19:16,3.78,--,197,74500,买盘
1286,11:19:11,3.78,--,77,29106,买盘
1287,11:19:08,3.78,0.01,40,15120,买盘
1288,11:19:02,3.77,-0.01,58,21866,卖盘
1289,11:18:56,3.78,--,33,12474,买盘
1290,11:18:53,3.78,0.01,398,150444,买盘
1291,11:18:47,3.77,-0.01,74,27898,卖盘
1292,11:18:41,3.78,--,272,102963,买盘
1293,11:18:37,3.78,--,440,166320,买盘
1294,11:18:32,3.78,0.01,80,30240,买盘
1295,11:18:23,3.77,-0.01,198,74966,卖盘
1296,11:18:17,3.78,--,393,148554,买盘
1297,11:18:10,3.78,--,37,13986,买盘
1298,11:18:08,3.78,0.01,41,15498,买盘
1299,11:18:01,3.77,-0.01,183,68991,卖盘
1300,11:17:57,3.78,--,35,13230,买盘
1301,11:17:53,3.78,--,1068,403704,买盘
1302,11:17:46,3.78,--,80,30240,买盘
1303,11:17:38,3.78,0.01,98,37044,买盘
1304,11:17:31,3.77,--,231,87320,卖盘
1305,11:17:26,3.77,-0.01,343,129356,卖盘
1306,11:17:22,3.78,--,87,32886,买盘
1307,11:17:16,3.78,--,47,17766,买盘
1308,11:17:11,3.78,0.01,66,24948,买盘
1309,11:17:07,3.77,-0.01,37,13949,卖盘
1310,11:17:02,3.78,0.01,40,15120,买盘
1311,11:16:56,3.77,--,595,224420,卖盘
1312,11:16:46,3.77,-0.01,3329,1255266,卖盘
1313,11:16:41,3.78,--,36,13608,买盘
1314,11:16:37,3.78,--,110,41950,买盘
1315,11:16:31,3.78,--,40,15120,买盘
1316,11:16:26,3.78,--,61,23058,买盘
1317,11:16:21,3.78,--,139,52542,买盘
1318,11:16:17,3.78,--,17,6426,买盘
1319,11:16:11,3.78,--,35,13230,买盘
1320,11:16:05,3.78,--,11,4158,买盘
1321,11:16:01,3.78,--,37,13986,买盘
1322,11:15:46,3.78,0.01,214,80990,买盘
1323,11:15:41,3.77,-0.01,100,37700,卖盘
1324,11:15:35,3.78,--,100,37800,买盘
1325,11:15:32,3.78,--,2,756,买盘
1326,11:15:25,3.78,--,46,17388,买盘
1327,11:15:16,3.78,--,373,140994,买盘
1328,11:15:05,3.78,--,38,14364,买盘
1329,11:15:02,3.78,--,7,2646,买盘
1330,11:14:57,3.78,0.01,119,44982,买盘
1331,11:14:50,3.77,--,107,40640,卖盘
1332,11:14:41,3.77,--,315,118755,卖盘
1333,11:14:32,3.77,-0.01,81,30537,卖盘
1334,11:14:27,3.78,--,69,26082,买盘
1335,11:14:20,3.78,--,36,13608,买盘
1336,11:14:17,3.78,0.01,510,192780,买盘
1337,11:14:11,3.77,--,249,94038,卖盘
1338,11:14:05,3.77,-0.01,46,17349,卖盘
1339,11:14:01,3.78,--,82,30996,买盘
1340,11:13:56,3.78,0.01,108,40824,买盘
1341,11:13:50,3.77,--,595,224315,卖盘
1342,11:13:46,3.77,-0.01,272,102796,卖盘
1343,11:13:40,3.78,--,55,20790,买盘
1344,11:13:34,3.78,--,38,14364,买盘
1345,11:13:32,3.78,--,22,8316,买盘
1346,11:13:25,3.78,--,145,54810,买盘
1347,11:13:16,3.78,0.01,52,19656,买盘
1348,11:13:11,3.77,-0.01,250,94276,卖盘
1349,11:13:02,3.78,--,75,28350,买盘
1350,11:12:55,3.78,--,186,70372,买盘
1351,11:12:50,3.78,--,35,13230,买盘
1352,11:12:40,3.78,0.01,98,37044,买盘
1353,11:12:31,3.77,-0.01,1724,650253,卖盘
1354,11:12:26,3.78,--,56,21168,买盘
1355,11:12:16,3.78,0.01,39,14742,买盘
1356,11:12:11,3.77,--,102,38454,卖盘
1357,11:12:01,3.77,-0.01,136,51434,卖盘
1358,11:11:56,3.78,--,103,38934,买盘
1359,11:11:46,3.78,--,143,54054,买盘
1360,11:11:40,3.78,--,53,20034,买盘
1361,11:11:34,3.78,--,35,13230,买盘
1362,11:11:31,3.78,--,2,756,买盘
1363,11:11:25,3.78,0.01,94,35532,买盘
1364,11:11:20,3.77,-0.01,9,3393,卖盘
1365,11:11:16,3.78,--,13,4914,买盘
1366,11:11:11,3.78,0.01,92,34776,买盘
1367,11:11:05,3.77,-0.01,23,8671,卖盘
1368,11:11:01,3.78,0.01,612,231611,买盘
1369,11:10:56,3.77,-0.01,89,33553,卖盘
1370,11:10:49,3.78,0.01,39,14742,买盘
1371,11:10:46,3.77,-0.01,110,41726,卖盘
1372,11:10:40,3.78,--,92,34776,买盘
1373,11:10:31,3.78,0.01,240,90720,买盘
1374,11:10:25,3.77,-0.01,190,71841,卖盘
1375,11:10:20,3.78,--,61,23058,买盘
1376,11:10:16,3.78,0.01,39,14742,买盘
1377,11:10:10,3.77,-0.01,64,24128,卖盘
1378,11:10:04,3.78,0.01,39,14742,买盘
1379,11:10:01,3.77,-0.01,98,37130,卖盘
1380,11:09:55,3.78,--,101,38178,买盘
1381,11:09:44,3.78,--,34,12852,买盘
1382,11:09:41,3.78,--,189,71725,买盘
1383,11:09:34,3.78,0.01,37,13986,买盘
1384,11:09:30,3.77,-0.01,62,23374,卖盘
1385,11:09:26,3.78,0.01,91,34398,买盘
1386,11:09:19,3.77,-0.01,79,29783,卖盘
1387,11:09:14,3.78,--,29,10962,买盘
1388,11:09:10,3.78,--,91,34398,买盘
1389,11:09:04,3.78,--,2,756,买盘
1390,11:08:58,3.78,--,41,15498,买盘
1391,11:08:55,3.78,--,55,20790,买盘
1392,11:08:49,3.78,0.02,34,12852,买盘
1393,11:08:43,3.76,-0.01,301,113341,卖盘
1394,11:08:40,3.77,--,163,61507,卖盘
1395,11:08:35,3.77,0.01,114,42978,买盘
1396,11:08:28,3.76,-0.02,35,13160,卖盘
1397,11:08:25,3.78,--,8289,3133276,买盘
1398,11:08:19,3.78,0.01,12,4536,买盘
1399,11:08:13,3.77,--,12,4885,买盘
1400,11:08:10,3.77,-0.01,87,32814,卖盘
1401,11:08:04,3.78,--,623,235494,买盘
1402,11:07:56,3.78,0.01,93,35154,买盘
1403,11:07:50,3.77,--,305,114985,卖盘
1404,11:07:43,3.77,-0.01,43,16211,卖盘
1405,11:07:40,3.78,0.01,97,36666,买盘
1406,11:07:35,3.77,-0.01,606,228462,卖盘
1407,11:07:25,3.78,--,60,22680,买盘
1408,11:07:20,3.78,--,585,221492,买盘
1409,11:07:13,3.78,--,16,6048,买盘
1410,11:07:10,3.78,--,111,41958,买盘
1411,11:07:05,3.78,--,40,15120,买盘
1412,11:06:58,3.78,--,107,40446,买盘
1413,11:06:55,3.78,0.01,56,21168,买盘
1414,11:06:49,3.77,-0.01,138,52026,卖盘
1415,11:06:40,3.78,--,105,39690,买盘
1416,11:06:34,3.78,--,21,7938,买盘
1417,11:06:25,3.78,0.01,171,64638,买盘
1418,11:06:19,3.77,--,518,195286,卖盘
1419,11:06:13,3.77,--,150,56550,卖盘
1420,11:06:10,3.77,--,159,59943,卖盘
1421,11:06:04,3.77,--,84,31668,卖盘
1422,11:05:59,3.77,--,72,27144,卖盘
1423,11:05:55,3.77,--,155,58435,卖盘
1424,11:05:40,3.77,--,211,79547,买盘
1425,11:05:35,3.77,--,7,2639,买盘
1426,11:05:29,3.77,--,204,76908,买盘
1427,11:05:25,3.77,--,356,134212,买盘
1428,11:05:20,3.77,--,352,132704,买盘
1429,11:05:13,3.77,0.01,100,37700,买盘
1430,11:05:10,3.76,-0.01,125,47000,卖盘
1431,11:05:04,3.77,0.01,510,192311,买盘
1432,11:04:59,3.76,-0.01,67,25192,卖盘
1433,11:04:55,3.77,0.01,205,77285,买盘
1434,11:04:50,3.76,-0.01,72,27072,卖盘
1435,11:04:43,3.77,0.01,13,4901,买盘
1436,11:04:40,3.76,-0.01,127,47752,卖盘
1437,11:04:34,3.77,0.01,62,23374,买盘
1438,11:04:25,3.76,-0.01,139,52264,卖盘
1439,11:04:20,3.77,--,170,64090,买盘
1440,11:04:13,3.77,0.01,79,29783,买盘
1441,11:04:10,3.76,-0.01,213,80088,卖盘
1442,11:04:05,3.77,0.01,240,90480,买盘
1443,11:03:55,3.76,-0.01,334,125584,卖盘
1444,11:03:49,3.77,--,689,259862,买盘
1445,11:03:40,3.77,--,151,56927,买盘
1446,11:03:34,3.77,--,120,45240,买盘
1447,11:03:28,3.77,--,58,21866,买盘
1448,11:03:25,3.77,0.01,55,20735,买盘
1449,11:03:20,3.76,--,121,45496,卖盘
1450,11:03:14,3.76,-0.01,499,187624,卖盘
1451,11:03:10,3.77,--,155,58435,买盘
1452,11:03:05,3.77,--,150,56550,卖盘
1453,11:02:59,3.77,--,84,31668,卖盘
1454,11:02:55,3.77,--,92,34684,卖盘
1455,11:02:49,3.77,-0.01,2222,837694,卖盘
1456,11:02:43,3.78,0.01,55,20790,买盘
1457,11:02:39,3.77,--,204,76908,卖盘
1458,11:02:34,3.77,--,239,90103,卖盘
1459,11:02:29,3.77,--,67,25259,卖盘
1460,11:02:25,3.77,--,114,42978,卖盘
1461,11:02:19,3.77,--,148,55796,卖盘
1462,11:02:14,3.77,--,1026,386802,卖盘
1463,11:02:08,3.77,--,278,104806,卖盘
1464,11:02:04,3.77,--,1454,548158,卖盘
1465,11:01:59,3.77,--,962,362674,卖盘
1466,11:01:53,3.77,--,106,39962,卖盘
1467,11:01:49,3.77,--,87,32799,卖盘
1468,11:01:43,3.77,-0.01,2265,853905,卖盘
1469,11:01:38,3.78,0.01,101,38178,买盘
1470,11:01:35,3.77,--,524,197548,卖盘
1471,11:01:28,3.77,--,38,14326,卖盘
1472,11:01:22,3.77,-0.01,7768,2928536,卖盘
1473,11:01:20,3.78,0.01,38,14364,买盘
1474,11:01:14,3.77,-0.01,41,15457,卖盘
1475,11:01:07,3.78,0.01,153,57834,买盘
1476,11:01:05,3.77,--,55,20735,卖盘
1477,11:00:58,3.77,--,702,264654,卖盘
1478,11:00:52,3.77,--,123,46371,卖盘
1479,11:00:49,3.77,-0.01,70,26390,卖盘
1480,11:00:44,3.78,0.01,364,137815,买盘
1481,11:00:38,3.77,--,295,111215,卖盘
1482,11:00:34,3.77,--,1638,617526,卖盘
1483,11:00:29,3.77,-0.01,39,14703,卖盘
1484,11:00:22,3.78,0.01,123,46494,买盘
1485,11:00:19,3.77,--,55,20735,卖盘
1486,11:00:13,3.77,-0.01,60,22620,卖盘
1487,11:00:08,3.78,0.01,66,24948,买盘
1488,11:00:04,3.77,-0.01,33,12441,卖盘
1489,10:59:58,3.78,0.01,37,13986,买盘
1490,10:59:52,3.77,-0.01,74,27898,卖盘
1491,10:59:49,3.78,0.01,37,13986,买盘
1492,10:59:43,3.77,-0.01,524,197853,卖盘
1493,10:59:38,3.78,0.01,99,37422,买盘
1494,10:59:34,3.77,-0.01,117,44109,卖盘
1495,10:59:29,3.78,--,55,20790,买盘
1496,10:59:23,3.78,0.01,69,26082,买盘
1497,10:59:19,3.77,-0.01,59,22243,卖盘
1498,10:59:13,3.78,--,19,7182,买盘
1499,10:59:07,3.78,0.01,56,21168,买盘
1500,10:59:04,3.77,--,360,135720,卖盘
1501,10:58:59,3.77,-0.01,76,28802,卖盘
1502,10:58:53,3.78,0.01,91,34398,买盘
1503,10:58:49,3.77,-0.01,115,43355,卖盘
1504,10:58:43,3.78,0.01,55,20790,买盘
1505,10:58:37,3.77,--,120,45390,卖盘
1506,10:58:34,3.77,--,122,45994,卖盘
1507,10:58:29,3.77,--,172,64844,卖盘
1508,10:58:23,3.77,-0.01,127,47879,卖盘
1509,10:58:19,3.78,--,58,21924,买盘
1510,10:58:13,3.78,--,69,26082,买盘
1511,10:58:07,3.78,--,58,21924,买盘
1512,10:58:04,3.78,--,53,20034,买盘
1513,10:57:59,3.78,--,301,113778,买盘
1514,10:57:52,3.78,0.01,58,21924,买盘
1515,10:57:49,3.77,--,72,27144,卖盘
1516,10:57:44,3.77,--,25,9425,卖盘
1517,10:57:37,3.77,--,113,42601,卖盘
1518,10:57:34,3.77,--,24,9048,卖盘
1519,10:57:28,3.77,-0.01,61,22997,卖盘
1520,10:57:23,3.78,0.01,57,21546,买盘
1521,10:57:19,3.77,-0.01,20,7540,卖盘
1522,10:57:13,3.78,--,53,20034,买盘
1523,10:57:07,3.78,--,147,55566,买盘
1524,10:57:04,3.78,--,72,27216,买盘
1525,10:56:58,3.78,0.01,386,146274,买盘
1526,10:56:53,3.77,-0.01,111,41847,卖盘
1527,10:56:49,3.78,0.01,19,7182,买盘
1528,10:56:43,3.77,-0.01,61,22997,卖盘
1529,10:56:38,3.78,0.01,54,20412,买盘
1530,10:56:34,3.77,-0.01,150,56550,卖盘
1531,10:56:28,3.78,0.01,34,12852,买盘
1532,10:56:23,3.77,--,121,45617,卖盘
1533,10:56:18,3.77,--,530,199972,卖盘
1534,10:56:13,3.77,-0.01,20,7540,卖盘
1535,10:56:07,3.78,--,92,34776,买盘
1536,10:56:03,3.78,0.01,7,2646,买盘
1537,10:55:58,3.77,-0.01,55,20735,卖盘
1538,10:55:53,3.78,--,87,32886,买盘
1539,10:55:48,3.78,--,95,35910,买盘
1540,10:55:43,3.78,0.01,35,13230,买盘
1541,10:55:37,3.77,-0.01,497,187369,卖盘
1542,10:55:33,3.78,--,40,15120,买盘
1543,10:55:28,3.78,--,41,15498,买盘
1544,10:55:22,3.78,0.01,85,32130,买盘
1545,10:55:13,3.77,-0.01,56,21112,卖盘
1546,10:55:08,3.78,--,96,36288,买盘
1547,10:55:01,3.78,0.01,35,13230,买盘
1548,10:54:58,3.77,-0.01,20,7540,卖盘
1549,10:54:52,3.78,0.01,156,58968,买盘
1550,10:54:47,3.77,--,20,7540,卖盘
1551,10:54:43,3.77,-0.01,37,13949,卖盘
1552,10:54:38,3.78,--,77,29106,买盘
1553,10:54:31,3.78,0.01,22,8316,买盘
1554,10:54:28,3.77,-0.01,147,55419,卖盘
1555,10:54:22,3.78,0.01,109,41202,买盘
1556,10:54:16,3.77,--,60,22620,卖盘
1557,10:54:13,3.77,-0.01,121,45617,卖盘
1558,10:54:07,3.78,--,96,36288,买盘
1559,10:54:02,3.78,--,2,756,买盘
1560,10:53:58,3.78,--,384,145152,买盘
1561,10:53:52,3.78,--,57,21546,买盘
1562,10:53:46,3.78,0.01,39,14742,买盘
1563,10:53:43,3.77,-0.01,23,8671,卖盘
1564,10:53:37,3.78,--,106,40068,买盘
1565,10:53:31,3.78,0.01,22,8316,买盘
1566,10:53:28,3.77,-0.01,228,86106,卖盘
1567,10:53:22,3.78,0.01,697,263466,买盘
1568,10:53:16,3.77,-0.01,20,7540,卖盘
1569,10:53:13,3.78,0.01,234,88452,买盘
1570,10:53:08,3.77,-0.01,1935,729495,卖盘
1571,10:53:01,3.78,0.01,61,23058,买盘
1572,10:52:58,3.77,-0.01,20,7540,卖盘
1573,10:52:52,3.78,--,87,32886,买盘
1574,10:52:46,3.78,0.01,50,18900,买盘
1575,10:52:43,3.77,-0.01,223,84071,卖盘
1576,10:52:37,3.78,--,299,113267,买盘
1577,10:52:31,3.78,--,2,756,买盘
1578,10:52:28,3.78,--,83,31374,买盘
1579,10:52:22,3.78,--,69,26082,买盘
1580,10:52:16,3.78,0.01,33,12474,买盘
1581,10:52:07,3.77,-0.01,371,139867,卖盘
1582,10:52:01,3.78,0.01,2,756,买盘
1583,10:51:58,3.77,--,609,229875,卖盘
1584,10:51:52,3.77,--,1332,502164,卖盘
1585,10:51:46,3.77,-0.01,22,8294,卖盘
1586,10:51:43,3.78,--,41,15498,买盘
1587,10:51:37,3.78,--,195,73710,买盘
1588,10:51:31,3.78,--,2,756,买盘
1589,10:51:28,3.78,--,50,18900,买盘
1590,10:51:22,3.78,0.01,148,55944,买盘
1591,10:51:13,3.77,--,200,75400,卖盘
1592,10:51:07,3.77,-0.01,170,64090,卖盘
1593,10:51:01,3.78,--,12,4536,买盘
1594,10:50:52,3.78,0.01,586,221508,买盘
1595,10:50:46,3.77,--,2,754,卖盘
1596,10:50:42,3.77,-0.01,22,8294,卖盘
1597,10:50:37,3.78,--,72,27216,买盘
1598,10:50:31,3.78,--,14,5292,买盘
1599,10:50:23,3.78,--,106,40068,买盘
1600,10:50:07,3.78,--,264,99792,买盘
1601,10:50:01,3.78,--,2,756,买盘
1602,10:49:58,3.78,--,3,1134,买盘
1603,10:49:52,3.78,0.01,70,26460,买盘
1604,10:49:46,3.77,--,23,8671,卖盘
1605,10:49:37,3.77,-0.01,342,129099,卖盘
1606,10:49:31,3.78,--,2,756,买盘
1607,10:49:28,3.78,0.01,66,24948,买盘
1608,10:49:22,3.77,--,104,39208,卖盘
1609,10:49:13,3.77,-0.01,91,34307,卖盘
1610,10:49:07,3.78,--,150,56700,买盘
1611,10:49:01,3.78,0.01,157,59346,买盘
1612,10:48:52,3.77,--,185,69895,卖盘
1613,10:48:46,3.77,--,38,14326,卖盘
1614,10:48:42,3.77,-0.01,326,122902,卖盘
1615,10:48:37,3.78,--,90,34171,买盘
1616,10:48:32,3.78,--,25,9450,买盘
1617,10:48:27,3.78,--,19,7182,买盘
1618,10:48:22,3.78,0.01,62,23436,买盘
1619,10:48:16,3.77,-0.01,60,22620,卖盘
1620,10:48:11,3.78,0.01,1,378,买盘
1621,10:48:07,3.77,-0.01,87,32799,卖盘
1622,10:48:01,3.78,0.01,39,14742,买盘
1623,10:47:52,3.77,-0.01,576,217513,卖盘
1624,10:47:46,3.78,0.01,130,49140,买盘
1625,10:47:40,3.77,-0.01,27,10179,卖盘
1626,10:47:37,3.78,--,57,21546,买盘
1627,10:47:22,3.78,--,55,20790,买盘
1628,10:47:07,3.78,--,90,34020,买盘
1629,10:47:01,3.78,--,13,4914,买盘
1630,10:46:55,3.78,0.01,66,24948,买盘
1631,10:46:52,3.77,--,357,134589,卖盘
1632,10:46:46,3.77,--,39,14703,卖盘
1633,10:46:40,3.77,-0.01,45,16965,卖盘
1634,10:46:37,3.78,--,58,21924,买盘
1635,10:46:31,3.78,0.01,1002,378756,买盘
1636,10:46:25,3.77,-0.01,241,90857,卖盘
1637,10:46:22,3.78,0.01,146,55188,买盘
1638,10:46:17,3.77,--,159,59943,卖盘
1639,10:46:10,3.77,--,36,13572,卖盘
1640,10:46:07,3.77,-0.01,111,41847,卖盘
1641,10:46:02,3.78,--,68,25704,买盘
1642,10:45:55,3.78,--,207,78246,买盘
1643,10:45:52,3.78,0.01,76,28728,买盘
1644,10:45:45,3.77,--,56,21112,卖盘
1645,10:45:41,3.77,--,100,37700,卖盘
1646,10:45:37,3.77,-0.01,2451,924027,卖盘
1647,10:45:31,3.78,--,21,7938,买盘
1648,10:45:25,3.78,0.01,1850,699300,买盘
1649,10:45:22,3.77,--,86,32422,卖盘
1650,10:45:16,3.77,-0.01,33,12441,卖盘
1651,10:45:10,3.78,0.01,1,378,买盘
1652,10:45:07,3.77,-0.01,644,242788,卖盘
1653,10:45:01,3.78,0.01,514,194292,买盘
1654,10:44:55,3.77,-0.01,11,4147,卖盘
1655,10:44:52,3.78,0.01,130,49140,买盘
1656,10:44:46,3.77,--,590,222430,卖盘
1657,10:44:40,3.77,-0.01,15,5655,卖盘
1658,10:44:37,3.78,--,290,109888,买盘
1659,10:44:31,3.78,0.01,238,89964,买盘
1660,10:44:26,3.77,--,684,258128,卖盘
1661,10:44:22,3.77,-0.01,173,65221,卖盘
1662,10:44:16,3.78,0.01,40,15120,买盘
1663,10:44:10,3.77,--,1,377,卖盘
1664,10:44:07,3.77,-0.01,135,50895,卖盘
1665,10:44:01,3.78,--,400,151200,买盘
1666,10:43:56,3.78,--,1418,536004,买盘
1667,10:43:52,3.78,--,104,39312,买盘
1668,10:43:46,3.78,0.01,170,64260,买盘
1669,10:43:37,3.77,-0.01,65,24505,卖盘
1670,10:43:31,3.78,0.01,47,17766,买盘
1671,10:43:25,3.77,--,10,3770,卖盘
1672,10:43:22,3.77,-0.01,91,34307,卖盘
1673,10:43:16,3.78,--,53,20034,买盘
1674,10:43:07,3.78,--,78,29484,买盘
1675,10:43:01,3.78,0.01,2,756,买盘
1676,10:42:55,3.77,-0.01,20,7540,卖盘
1677,10:42:52,3.78,--,91,34398,买盘
1678,10:42:37,3.78,--,76,28728,买盘
1679,10:42:31,3.78,0.01,122,46116,买盘
1680,10:42:26,3.77,--,291,109707,卖盘
1681,10:42:21,3.77,--,185,69745,卖盘
1682,10:42:16,3.77,--,11,4147,卖盘
1683,10:42:10,3.77,-0.01,20,7540,卖盘
1684,10:42:07,3.78,--,276,104328,买盘
1685,10:42:01,3.78,--,71,26838,买盘
1686,10:41:55,3.78,--,210,79380,买盘
1687,10:41:51,3.78,0.01,54,20412,买盘
1688,10:41:41,3.77,-0.01,111,41847,卖盘
1689,10:41:31,3.78,--,46,17388,买盘
1690,10:41:25,3.78,--,58,21924,买盘
1691,10:41:22,3.78,--,420,158760,买盘
1692,10:41:16,3.78,--,39,14742,买盘
1693,10:41:10,3.78,--,156,58968,买盘
1694,10:41:06,3.78,--,25,9450,买盘
1695,10:41:01,3.78,--,23,8694,买盘
1696,10:40:55,3.78,--,299,113022,买盘
1697,10:40:51,3.78,--,2,756,买盘
1698,10:40:46,3.78,--,23,8694,买盘
1699,10:40:41,3.78,--,433,163674,买盘
1700,10:40:35,3.78,--,199,75222,买盘
1701,10:40:31,3.78,--,89,33642,买盘
1702,10:40:25,3.78,0.01,125,47250,买盘
1703,10:40:16,3.77,-0.01,1037,390949,卖盘
1704,10:40:11,3.78,--,196,74088,买盘
1705,10:40:04,3.78,--,93,35154,买盘
1706,10:40:01,3.78,--,346,130939,买盘
1707,10:39:55,3.78,--,144,54432,买盘
1708,10:39:49,3.78,0.01,24,9072,买盘
1709,10:39:46,3.77,-0.01,102,38454,卖盘
1710,10:39:40,3.78,0.01,281,106218,买盘
1711,10:39:34,3.77,-0.01,503,189759,卖盘
1712,10:39:31,3.78,--,201,75978,买盘
1713,10:39:25,3.78,--,351,132678,买盘
1714,10:39:19,3.78,--,19,7182,买盘
1715,10:39:16,3.78,--,31,11718,买盘
1716,10:39:10,3.78,--,55,20790,买盘
1717,10:39:04,3.78,--,27,10206,买盘
1718,10:38:56,3.78,0.01,538,203364,买盘
1719,10:38:50,3.77,-0.01,10,3770,卖盘
1720,10:38:45,3.78,--,24,9072,买盘
1721,10:38:40,3.78,0.01,80,30240,买盘
1722,10:38:34,3.77,-0.01,5,1885,卖盘
1723,10:38:31,3.78,--,22,8316,买盘
1724,10:38:25,3.78,--,159,60102,买盘
1725,10:38:19,3.78,--,30,11340,买盘
1726,10:38:16,3.78,--,169,63882,买盘
1727,10:38:10,3.78,0.01,77,29106,买盘
1728,10:38:04,3.77,--,31,11687,卖盘
1729,10:38:01,3.77,--,592,223184,卖盘
1730,10:37:55,3.77,-0.01,160,60320,卖盘
1731,10:37:46,3.78,0.01,588,222264,买盘
1732,10:37:40,3.77,--,130,49010,卖盘
1733,10:37:34,3.77,-0.01,25,9425,卖盘
1734,10:37:31,3.78,--,271,102464,买盘
1735,10:37:26,3.78,--,84,31752,买盘
1736,10:37:19,3.78,--,457,172746,买盘
1737,10:37:16,3.78,0.01,86,32508,买盘
1738,10:37:10,3.77,-0.01,144,54288,卖盘
1739,10:37:04,3.78,0.01,27,10206,买盘
1740,10:37:01,3.77,--,309,116606,卖盘
1741,10:36:55,3.77,-0.01,179,67483,卖盘
1742,10:36:46,3.78,--,1000,378000,买盘
1743,10:36:40,3.78,--,133,50274,买盘
1744,10:36:34,3.78,--,2,756,买盘
1745,10:36:31,3.78,0.01,533,201474,买盘
1746,10:36:25,3.77,-0.01,93,35061,卖盘
1747,10:36:19,3.78,--,24,9072,买盘
1748,10:36:10,3.78,--,476,179928,买盘
1749,10:36:04,3.78,--,82,30996,买盘
1750,10:36:01,3.78,0.01,894,337932,买盘
1751,10:35:55,3.77,--,731,275587,卖盘
1752,10:35:49,3.77,-0.01,38,14326,卖盘
1753,10:35:46,3.78,0.01,62,23436,买盘
1754,10:35:40,3.77,-0.01,665,250705,卖盘
1755,10:35:35,3.78,0.01,34,12852,买盘
1756,10:35:25,3.77,-0.01,10588,3991713,卖盘
1757,10:35:15,3.78,--,137,51786,买盘
1758,10:35:10,3.78,--,54,20412,买盘
1759,10:35:05,3.78,--,2,756,买盘
1760,10:35:01,3.78,--,49,18522,买盘
1761,10:34:54,3.78,--,175,66150,买盘
1762,10:34:50,3.78,0.01,1,378,买盘
1763,10:34:46,3.77,-0.01,121,45617,卖盘
1764,10:34:40,3.78,--,92,34776,买盘
1765,10:34:34,3.78,--,2,756,买盘
1766,10:34:31,3.78,--,37,13986,买盘
1767,10:34:25,3.78,--,265,100374,买盘
1768,10:34:19,3.78,--,25,9450,买盘
1769,10:34:16,3.78,--,103,38990,卖盘
1770,10:34:10,3.78,--,47,18087,买盘
1771,10:34:04,3.78,--,1,378,买盘
1772,10:33:55,3.78,--,339,128142,买盘
1773,10:33:49,3.78,--,49,18522,买盘
1774,10:33:45,3.78,0.01,10,3780,买盘
1775,10:33:40,3.77,--,160,60320,卖盘
1776,10:33:34,3.77,-0.01,337,127094,卖盘
1777,10:33:30,3.78,--,151,57448,买盘
1778,10:33:25,3.78,--,256,96768,买盘
1779,10:33:19,3.78,--,266,100548,买盘
1780,10:33:15,3.78,0.01,23,8694,买盘
1781,10:33:10,3.77,-0.01,256,96512,卖盘
1782,10:33:04,3.78,--,46,17388,买盘
1783,10:32:55,3.78,--,71,26838,买盘
1784,10:32:50,3.78,--,58,21924,买盘
1785,10:32:39,3.78,--,177,66906,买盘
1786,10:32:34,3.78,--,113,42714,买盘
1787,10:32:28,3.78,--,35,13230,买盘
1788,10:32:25,3.78,--,285,107730,买盘
1789,10:32:19,3.78,--,24,9072,买盘
1790,10:32:13,3.78,--,22,8316,买盘
1791,10:32:10,3.78,--,78,29484,买盘
1792,10:32:04,3.78,--,3,1134,买盘
1793,10:31:58,3.78,--,49,18522,买盘
1794,10:31:55,3.78,0.01,95,35910,买盘
1795,10:31:49,3.77,-0.01,605,228431,卖盘
1796,10:31:43,3.78,--,24,9072,买盘
1797,10:31:40,3.78,0.01,66,24948,买盘
1798,10:31:34,3.77,-0.01,316,119312,卖盘
1799,10:31:28,3.78,--,65,24842,卖盘
1800,10:31:24,3.78,--,1638,619164,卖盘
1801,10:31:19,3.78,--,83,31374,卖盘
1802,10:31:10,3.78,-0.01,578,218589,卖盘
1803,10:31:04,3.79,0.01,36,13644,买盘
1804,10:30:58,3.78,--,45,17010,卖盘
1805,10:30:55,3.78,-0.01,78,29484,卖盘
1806,10:30:48,3.79,0.01,798,302442,买盘
1807,10:30:40,3.78,--,113,42714,卖盘
1808,10:30:34,3.78,--,142,53676,卖盘
1809,10:30:28,3.78,-0.01,56,21168,卖盘
1810,10:30:25,3.79,0.01,588,222852,买盘
1811,10:30:18,3.78,--,403,152591,买盘
1812,10:30:13,3.78,--,59,22302,买盘
1813,10:30:10,3.78,--,560,211680,买盘
1814,10:30:04,3.78,--,909,343961,买盘
1815,10:29:58,3.78,--,404,152712,买盘
1816,10:29:55,3.78,0.01,102,38556,买盘
1817,10:29:49,3.77,-0.01,219,82563,卖盘
1818,10:29:43,3.78,--,26,9828,买盘
1819,10:29:40,3.78,--,53,20034,买盘
1820,10:29:34,3.78,--,34,12852,买盘
1821,10:29:28,3.78,--,56,21168,买盘
1822,10:29:25,3.78,--,390,147620,买盘
1823,10:29:19,3.78,--,659,249102,买盘
1824,10:29:13,3.78,--,31,11718,买盘
1825,10:29:10,3.78,--,138,52164,买盘
1826,10:29:03,3.78,--,149,56322,买盘
1827,10:28:58,3.78,-0.01,1430,540540,卖盘
1828,10:28:55,3.79,0.01,56,21224,买盘
1829,10:28:49,3.78,-0.01,79,29862,卖盘
1830,10:28:42,3.79,--,13,4927,买盘
1831,10:28:39,3.79,--,475,180025,买盘
1832,10:28:34,3.79,0.01,3,1137,买盘
1833,10:28:28,3.78,-0.01,25,9450,卖盘
1834,10:28:25,3.79,0.01,153,57987,买盘
1835,10:28:19,3.78,--,75,28350,卖盘
1836,10:28:09,3.78,-0.01,56,21168,卖盘
1837,10:28:03,3.79,--,28,10612,买盘
1838,10:27:58,3.79,0.01,1,379,买盘
1839,10:27:54,3.78,-0.01,139,52542,卖盘
1840,10:27:50,3.79,--,339,128481,买盘
1841,10:27:43,3.79,--,23,8717,买盘
1842,10:27:40,3.79,--,91,34489,买盘
1843,10:27:34,3.79,--,26,9854,买盘
1844,10:27:28,3.79,0.01,54,20466,买盘
1845,10:27:25,3.78,--,158,59724,卖盘
1846,10:27:19,3.78,-0.01,48,18144,卖盘
1847,10:27:13,3.79,0.01,73,27667,买盘
1848,10:27:10,3.78,--,1060,400680,买盘
1849,10:27:04,3.78,--,457,172746,买盘
1850,10:26:59,3.78,0.01,308,116783,买盘
1851,10:26:55,3.77,-0.01,262,98774,卖盘
1852,10:26:49,3.78,--,130,49140,买盘
1853,10:26:40,3.78,0.01,127,48006,买盘
1854,10:26:34,3.77,--,27,10179,卖盘
1855,10:26:28,3.77,-0.02,50,18850,卖盘
1856,10:26:25,3.79,0.01,635,241028,买盘
1857,10:26:19,3.78,0.01,38,14364,买盘
1858,10:26:13,3.77,-0.01,582,219741,卖盘
1859,10:26:09,3.78,0.01,58,21924,买盘
1860,10:26:04,3.77,--,101,38077,卖盘
1861,10:25:58,3.77,-0.02,500,188500,卖盘
1862,10:25:55,3.79,--,80,30320,买盘
1863,10:25:49,3.79,0.01,1063,402877,买盘
1864,10:25:44,3.78,--,166,62748,卖盘
1865,10:25:39,3.78,-0.01,76,28728,卖盘
1866,10:25:34,3.79,--,111,42069,买盘
1867,10:25:28,3.79,0.01,334,126586,买盘
1868,10:25:25,3.78,--,107,40446,卖盘
1869,10:25:18,3.78,--,93,35154,卖盘
1870,10:25:13,3.78,-0.01,179,67662,卖盘
1871,10:25:09,3.79,--,390,147810,买盘
1872,10:25:04,3.79,0.01,50,18950,买盘
1873,10:24:58,3.78,--,84,31752,卖盘
1874,10:24:54,3.78,-0.01,60,22680,卖盘
1875,10:24:49,3.79,0.01,375,142125,买盘
1876,10:24:34,3.78,-0.01,39,14742,中性盘
1877,10:24:28,3.79,0.01,1033,391507,买盘
1878,10:24:22,3.78,--,53,20034,买盘
1879,10:24:18,3.78,-0.01,509,192666,卖盘
1880,10:24:13,3.79,0.01,23,8717,买盘
1881,10:24:07,3.78,-0.01,562,212436,卖盘
1882,10:24:04,3.79,0.01,27,10233,买盘
1883,10:23:58,3.78,-0.01,54,20412,卖盘
1884,10:23:53,3.79,0.01,80,30320,买盘
1885,10:23:49,3.78,-0.01,55,20790,卖盘
1886,10:23:43,3.79,0.01,1029,389991,买盘
1887,10:23:38,3.78,-0.01,345,130410,卖盘
1888,10:23:33,3.79,--,115,43585,买盘
1889,10:23:27,3.79,0.01,26,9854,买盘
1890,10:23:22,3.78,--,6503,2458134,卖盘
1891,10:23:19,3.78,-0.01,598,226267,卖盘
1892,10:23:13,3.79,--,32,12128,买盘
1893,10:23:07,3.79,--,82,31078,买盘
1894,10:23:04,3.79,--,2,758,买盘
1895,10:22:58,3.79,--,416,157664,买盘
1896,10:22:52,3.79,0.01,55,20845,买盘
1897,10:22:48,3.78,-0.01,30,11340,卖盘
1898,10:22:43,3.79,--,23,8717,买盘
1899,10:22:36,3.79,--,55,20845,买盘
1900,10:22:33,3.79,--,64,24256,买盘
1901,10:22:28,3.79,--,85,32215,买盘
1902,10:22:22,3.79,--,100,37900,买盘
1903,10:22:19,3.79,--,1056,400224,买盘
1904,10:22:13,3.79,--,23,8717,买盘
1905,10:22:07,3.79,--,53,20087,买盘
1906,10:22:04,3.79,0.01,35,13265,买盘
1907,10:21:58,3.78,-0.01,24,9072,卖盘
1908,10:21:49,3.79,--,1116,422964,买盘
1909,10:21:43,3.79,--,25,9475,买盘
1910,10:21:37,3.79,--,93,35247,买盘
1911,10:21:34,3.79,0.01,200,75800,买盘
1912,10:21:28,3.78,-0.01,55,20790,卖盘
1913,10:21:22,3.79,0.01,216,81864,买盘
1914,10:21:19,3.78,--,320,120960,卖盘
1915,10:21:13,3.78,-0.01,30,11340,卖盘
1916,10:21:07,3.79,--,87,32973,买盘
1917,10:21:03,3.79,0.01,2,758,买盘
1918,10:20:58,3.78,-0.01,434,164052,卖盘
1919,10:20:52,3.79,0.01,1,379,买盘
1920,10:20:49,3.78,-0.01,66,24948,卖盘
1921,10:20:44,3.79,0.01,191,72389,买盘
1922,10:20:37,3.78,-0.01,60,22680,卖盘
1923,10:20:33,3.79,0.01,146,55334,买盘
1924,10:20:28,3.78,--,3928,1484784,卖盘
1925,10:20:22,3.78,-0.01,602,227556,卖盘
1926,10:20:19,3.79,0.01,141,53439,买盘
1927,10:20:13,3.78,--,245,92610,卖盘
1928,10:20:04,3.78,--,344,130300,卖盘
1929,10:19:58,3.78,--,87,32886,卖盘
1930,10:19:51,3.78,-0.01,77,29106,卖盘
1931,10:19:49,3.79,0.01,1460,553340,买盘
1932,10:19:42,3.78,-0.01,100,37800,卖盘
1933,10:19:36,3.79,--,22,8338,买盘
1934,10:19:33,3.79,--,187,70873,买盘
1935,10:19:27,3.79,0.01,384,145536,买盘
1936,10:19:22,3.78,--,65,24570,卖盘
1937,10:19:18,3.78,-0.01,1044,394632,卖盘
1938,10:19:13,3.79,--,40,15160,买盘
1939,10:19:03,3.79,0.01,122,46238,买盘
1940,10:18:57,3.78,-0.01,118,44604,卖盘
1941,10:18:49,3.79,0.01,1656,627885,买盘
1942,10:18:43,3.78,--,225,85050,卖盘
1943,10:18:37,3.78,-0.01,50,18900,卖盘
1944,10:18:33,3.79,--,128,48512,买盘
1945,10:18:27,3.79,--,30,11370,买盘
1946,10:18:21,3.79,--,2,758,买盘
1947,10:18:18,3.79,0.01,91,34489,买盘
1948,10:18:13,3.78,-0.01,31,11718,卖盘
1949,10:18:07,3.79,--,684,259236,买盘
1950,10:18:03,3.79,--,5426,2056454,买盘
1951,10:17:57,3.79,0.01,43,16297,买盘
1952,10:17:52,3.78,-0.01,6300,2381400,卖盘
1953,10:17:48,3.79,--,10315,3909385,买盘
1954,10:17:37,3.79,--,184,69736,买盘
1955,10:17:27,3.79,--,25,9475,买盘
1956,10:17:22,3.79,--,57,21603,买盘
1957,10:17:13,3.79,--,35,13265,买盘
1958,10:17:06,3.79,--,146,55334,买盘
1959,10:16:52,3.79,--,83,31457,买盘
1960,10:16:46,3.79,--,34,12886,买盘
1961,10:16:42,3.79,--,1035,392265,买盘
1962,10:16:36,3.79,--,57,21603,买盘
1963,10:16:30,3.79,--,122,46238,买盘
1964,10:16:27,3.79,0.01,20,7580,买盘
1965,10:16:21,3.78,-0.01,513,193914,卖盘
1966,10:16:16,3.79,--,370,140230,买盘
1967,10:16:13,3.79,0.01,151,57229,买盘
1968,10:16:07,3.78,-0.01,177,66906,卖盘
1969,10:16:01,3.79,--,290,109910,买盘
1970,10:15:57,3.79,--,9686,3671100,卖盘
1971,10:15:52,3.79,-0.01,407,154253,卖盘
1972,10:15:46,3.8,0.01,60,22800,买盘
1973,10:15:42,3.79,--,95,36005,卖盘
1974,10:15:36,3.79,--,1109,420311,卖盘
1975,10:15:30,3.79,--,513,194787,卖盘
1976,10:15:27,3.79,-0.01,1072,406288,卖盘
1977,10:15:22,3.8,0.01,94,35720,买盘
1978,10:15:16,3.79,--,34,12886,卖盘
1979,10:15:13,3.79,--,192,72768,卖盘
1980,10:15:07,3.79,-0.01,1114,422206,卖盘
1981,10:15:00,3.8,--,60,22800,买盘
1982,10:14:52,3.8,0.01,81,30780,买盘
1983,10:14:42,3.79,-0.01,46,17434,卖盘
1984,10:14:36,3.8,--,1081,410780,买盘
1985,10:14:31,3.8,0.01,21,7980,买盘
1986,10:14:28,3.79,-0.01,800,303200,卖盘
1987,10:14:21,3.8,0.01,84,31920,买盘
1988,10:14:16,3.79,-0.01,47,17813,卖盘
1989,10:14:12,3.8,--,74,28120,买盘
1990,10:14:07,3.8,--,561,213351,买盘
1991,10:14:00,3.8,--,44,16720,买盘
1992,10:13:57,3.8,--,1600,608000,买盘
1993,10:13:51,3.8,--,101,38380,买盘
1994,10:13:45,3.8,--,49,18620,买盘
1995,10:13:42,3.8,--,25,9500,买盘
1996,10:13:37,3.8,--,378,143640,买盘
1997,10:13:28,3.8,--,130,49400,买盘
1998,10:13:22,3.8,0.01,86,32680,买盘
1999,10:13:16,3.79,-0.01,4,1516,卖盘
2000,10:13:12,3.8,0.01,24,9120,买盘
2001,10:13:07,3.79,-0.01,186,70494,卖盘
2002,10:13:00,3.8,0.01,23,8740,买盘
2003,10:12:57,3.79,--,572,216788,卖盘
2004,10:12:51,3.79,--,157,59503,卖盘
2005,10:12:45,3.79,-0.01,61,23119,卖盘
2006,10:12:42,3.8,--,29,11020,买盘
2007,10:12:37,3.8,0.01,250,95000,买盘
2008,10:12:31,3.79,-0.01,3,1137,卖盘
2009,10:12:27,3.8,--,58,22040,买盘
2010,10:12:22,3.8,--,105,39900,买盘
2011,10:12:15,3.8,0.01,20,7600,买盘
2012,10:12:12,3.79,-0.01,89,33731,卖盘
2013,10:12:06,3.8,0.01,127,48260,买盘
2014,10:11:57,3.79,-0.01,74,28046,卖盘
2015,10:11:52,3.8,0.01,1105,419900,买盘
2016,10:11:45,3.79,--,323,122614,卖盘
2017,10:11:42,3.79,--,126,47754,卖盘
2018,10:11:36,3.79,--,1477,559783,卖盘
2019,10:11:31,3.79,-0.01,51,19329,卖盘
2020,10:11:27,3.8,--,69,26220,买盘
2021,10:11:21,3.8,--,77,29260,买盘
2022,10:11:15,3.8,--,77,29260,买盘
2023,10:11:12,3.8,--,26,9880,买盘
2024,10:11:07,3.8,--,1061,403180,买盘
2025,10:11:01,3.8,--,60,22800,买盘
2026,10:10:51,3.8,--,189,71820,买盘
2027,10:10:45,3.8,0.01,1,380,买盘
2028,10:10:42,3.79,-0.01,49,18571,卖盘
2029,10:10:36,3.8,--,415,157700,买盘
2030,10:10:30,3.8,0.01,35,13300,买盘
2031,10:10:27,3.79,--,30,11370,卖盘
2032,10:10:21,3.79,-0.01,139,52681,卖盘
2033,10:10:16,3.8,--,32,12160,买盘
2034,10:10:12,3.8,--,19,7220,买盘
2035,10:10:06,3.8,--,1137,432060,买盘
2036,10:10:01,3.8,--,196,74628,买盘
2037,10:09:57,3.8,--,23,8740,买盘
2038,10:09:51,3.8,0.01,133,50540,买盘
2039,10:09:45,3.79,--,64,24256,卖盘
2040,10:09:42,3.79,-0.01,36,13644,卖盘
2041,10:09:36,3.8,--,605,230234,买盘
2042,10:09:30,3.8,--,29,11020,买盘
2043,10:09:22,3.8,--,142,53960,买盘
2044,10:09:15,3.8,--,342,129960,买盘
2045,10:09:10,3.8,--,102,38760,买盘
2046,10:09:06,3.8,--,77,29260,买盘
2047,10:09:00,3.8,--,2447,929860,买盘
2048,10:08:54,3.8,--,123,46740,买盘
2049,10:08:51,3.8,0.01,78,29640,买盘
2050,10:08:46,3.79,-0.01,1053,399087,卖盘
2051,10:08:39,3.8,--,313,118940,买盘
2052,10:08:36,3.8,0.01,65,24700,买盘
2053,10:08:30,3.79,--,1496,566984,卖盘
2054,10:08:21,3.79,--,216,81864,卖盘
2055,10:08:16,3.79,-0.01,290,110270,卖盘
2056,10:08:09,3.8,0.01,41,15580,买盘
2057,10:08:07,3.79,-0.01,172,65188,卖盘
2058,10:08:00,3.8,--,1068,405840,买盘
2059,10:07:54,3.8,0.01,25,9500,买盘
2060,10:07:51,3.79,--,198,75042,卖盘
2061,10:07:46,3.79,--,223,84884,卖盘
2062,10:07:40,3.79,-0.01,54,20466,卖盘
2063,10:07:36,3.8,--,55,20900,买盘
2064,10:07:30,3.8,0.01,36,13680,买盘
2065,10:07:25,3.79,-0.01,1,379,卖盘
2066,10:07:21,3.8,0.01,338,128489,买盘
2067,10:07:16,3.79,-0.01,274,104206,卖盘
2068,10:07:09,3.8,0.01,130,49400,买盘
2069,10:07:06,3.79,-0.01,823,311917,卖盘
2070,10:07:01,3.8,--,131,49780,买盘
2071,10:06:55,3.8,--,615,233700,买盘
2072,10:06:51,3.8,0.01,1581,600780,买盘
2073,10:06:45,3.79,--,655,248347,卖盘
2074,10:06:40,3.79,-0.01,240,90960,卖盘
2075,10:06:36,3.8,0.01,133,50540,买盘
2076,10:06:31,3.79,-0.01,253,95887,卖盘
2077,10:06:25,3.8,0.01,87,33060,买盘
2078,10:06:21,3.79,-0.01,182,68978,卖盘
2079,10:06:16,3.8,0.01,167,63460,买盘
2080,10:06:10,3.79,--,108,40932,卖盘
2081,10:06:06,3.79,--,112,42448,卖盘
2082,10:06:00,3.79,--,22,8338,卖盘
2083,10:05:52,3.79,--,1100,416900,卖盘
2084,10:05:46,3.79,--,78,29562,卖盘
2085,10:05:40,3.79,--,28,10612,卖盘
2086,10:05:37,3.79,-0.01,242,92089,卖盘
2087,10:05:31,3.8,--,1623,616740,买盘
2088,10:05:25,3.8,--,582,221160,买盘
2089,10:05:21,3.8,--,181,68780,买盘
2090,10:05:15,3.8,--,105,39900,买盘
2091,10:05:10,3.8,--,24,9120,买盘
2092,10:05:06,3.8,--,473,179740,买盘
2093,10:05:00,3.8,--,294,111720,买盘
2094,10:04:54,3.8,--,589,223820,买盘
2095,10:04:51,3.8,--,173,65740,买盘
2096,10:04:46,3.8,--,2779,1056126,买盘
2097,10:04:40,3.8,--,1,380,买盘
2098,10:04:36,3.8,--,155,58900,买盘
2099,10:04:30,3.8,--,401,152380,买盘
2100,10:04:25,3.8,--,48,18240,买盘
2101,10:04:21,3.8,0.01,81,30780,买盘
2102,10:04:16,3.79,-0.01,104,39416,卖盘
2103,10:04:06,3.8,--,122,46360,买盘
2104,10:04:00,3.8,--,64,24320,买盘
2105,10:03:55,3.8,--,30,11400,买盘
2106,10:03:51,3.8,--,144,54720,买盘
2107,10:03:46,3.8,--,2582,981205,买盘
2108,10:03:40,3.8,--,24,9120,买盘
2109,10:03:36,3.8,0.01,76,28880,买盘
2110,10:03:31,3.79,--,1,379,卖盘
2111,10:03:24,3.79,-0.01,15,5685,卖盘
2112,10:03:21,3.8,--,106,40280,买盘
2113,10:03:15,3.8,--,74,28120,买盘
2114,10:03:06,3.8,--,183,69540,买盘
2115,10:03:00,3.8,0.01,28,10640,买盘
2116,10:02:54,3.79,-0.01,31,11749,卖盘
2117,10:02:51,3.8,--,540,205200,买盘
2118,10:02:45,3.8,0.01,203,77140,买盘
2119,10:02:40,3.79,-0.01,306,116068,卖盘
2120,10:02:36,3.8,0.01,101,38380,买盘
2121,10:02:30,3.79,--,12,4548,卖盘
2122,10:02:25,3.79,-0.01,71,26909,卖盘
2123,10:02:21,3.8,0.01,324,123481,买盘
2124,10:02:15,3.79,--,74,28046,卖盘
2125,10:02:10,3.79,-0.01,76,28804,卖盘
2126,10:02:06,3.8,--,55,20900,买盘
2127,10:02:00,3.8,0.01,251,95380,买盘
2128,10:01:54,3.79,--,10,3790,卖盘
2129,10:01:51,3.79,--,40,15413,买盘
2130,10:01:45,3.79,--,267,101193,买盘
2131,10:01:39,3.79,--,395,149784,买盘
2132,10:01:36,3.79,--,80,30320,买盘
2133,10:01:30,3.79,--,610,231190,买盘
2134,10:01:25,3.79,--,57,21603,买盘
2135,10:01:18,3.79,--,58,21982,买盘
2136,10:01:15,3.79,0.01,129,48891,买盘
2137,10:01:10,3.78,-0.01,333,126244,卖盘
2138,10:01:04,3.79,--,109,41311,买盘
2139,10:01:00,3.79,--,2128,806584,买盘
2140,10:00:54,3.79,--,201,76179,买盘
2141,10:00:49,3.79,--,105,39795,买盘
2142,10:00:45,3.79,0.01,193,73147,买盘
2143,10:00:40,3.78,-0.01,96,36288,卖盘
2144,10:00:33,3.79,--,57,21603,买盘
2145,10:00:30,3.79,--,33,12507,买盘
2146,10:00:24,3.79,--,370,140230,买盘
2147,10:00:18,3.79,0.01,93,35247,买盘
2148,10:00:15,3.78,-0.02,9284,3509465,卖盘
2149,10:00:10,3.8,--,425,161500,买盘
2150,10:00:04,3.8,--,68,25840,买盘
2151,10:00:00,3.8,--,361,137180,买盘
2152,09:59:54,3.8,--,126,47880,买盘
2153,09:59:48,3.8,0.01,545,207100,买盘
2154,09:59:45,3.79,-0.01,158,59882,卖盘
2155,09:59:39,3.8,--,123,46740,买盘
2156,09:59:34,3.8,0.01,416,158080,买盘
2157,09:59:30,3.79,--,286,108394,卖盘
2158,09:59:24,3.79,-0.01,490,185710,卖盘
2159,09:59:18,3.8,0.01,116,44080,买盘
2160,09:59:15,3.79,-0.01,492,186835,卖盘
2161,09:59:09,3.8,--,82,31160,买盘
2162,09:59:03,3.8,0.01,237,90060,买盘
2163,09:59:00,3.79,-0.01,237,89823,卖盘
2164,09:58:55,3.8,--,351,133657,买盘
2165,09:58:48,3.8,0.01,106,40280,买盘
2166,09:58:45,3.79,-0.01,270,102330,卖盘
2167,09:58:39,3.8,--,773,293740,买盘
2168,09:58:33,3.8,0.01,64,24320,买盘
2169,09:58:30,3.79,--,594,225497,卖盘
2170,09:58:25,3.79,--,191,72389,卖盘
2171,09:58:18,3.79,-0.01,160,60640,卖盘
2172,09:58:15,3.8,--,331,125780,买盘
2173,09:58:09,3.8,0.01,709,269420,买盘
2174,09:58:04,3.79,--,73,27667,卖盘
2175,09:58:00,3.79,--,109,41311,卖盘
2176,09:57:54,3.79,-0.01,312,118248,卖盘
2177,09:57:49,3.8,0.01,439,166820,买盘
2178,09:57:45,3.79,--,769,291451,卖盘
2179,09:57:39,3.79,-0.01,272,103088,卖盘
2180,09:57:34,3.8,0.01,654,248520,买盘
2181,09:57:30,3.79,-0.01,102,38658,卖盘
2182,09:57:24,3.8,--,111,42180,买盘
2183,09:57:19,3.8,0.01,132,50160,买盘
2184,09:57:15,3.79,--,201,76179,卖盘
2185,09:57:10,3.79,-0.01,768,291325,卖盘
2186,09:57:04,3.8,0.01,559,212420,买盘
2187,09:57:00,3.79,--,184,69736,卖盘
2188,09:56:55,3.79,-0.01,72,27288,卖盘
2189,09:56:48,3.8,0.01,262,99560,买盘
2190,09:56:45,3.79,--,56,21224,卖盘
2191,09:56:40,3.79,-0.01,628,238012,卖盘
2192,09:56:34,3.8,0.01,57,21660,买盘
2193,09:56:30,3.79,--,102,38658,卖盘
2194,09:56:24,3.79,--,81,30699,卖盘
2195,09:56:18,3.79,--,141,53439,卖盘
2196,09:56:15,3.79,--,132,50028,卖盘
2197,09:56:10,3.79,-0.01,89,33731,卖盘
2198,09:56:03,3.8,0.01,262,99560,买盘
2199,09:56:00,3.79,--,565,214135,卖盘
2200,09:55:54,3.79,-0.01,1706,646843,卖盘
2201,09:55:48,3.8,0.01,108,41040,买盘
2202,09:55:45,3.79,--,113,42827,卖盘
2203,09:55:39,3.79,-0.01,296,112184,卖盘
2204,09:55:33,3.8,0.01,134,50920,买盘
2205,09:55:30,3.79,-0.01,104,39416,卖盘
2206,09:55:25,3.8,0.01,206,78280,买盘
2207,09:55:18,3.79,--,92,34868,卖盘
2208,09:55:15,3.79,--,355,134545,卖盘
2209,09:55:09,3.79,-0.01,110,41690,卖盘
2210,09:55:03,3.8,0.01,59,22420,买盘
2211,09:55:00,3.79,--,185,70482,卖盘
2212,09:54:54,3.79,-0.01,195,73905,卖盘
2213,09:54:48,3.8,0.01,190,72200,买盘
2214,09:54:39,3.79,-0.01,299,113321,卖盘
2215,09:54:33,3.8,0.01,468,177840,买盘
2216,09:54:30,3.79,-0.01,198,75413,卖盘
2217,09:54:24,3.8,--,354,134520,买盘
2218,09:54:18,3.8,0.01,127,48260,买盘
2219,09:54:15,3.79,--,542,205679,卖盘
2220,09:54:09,3.79,-0.01,364,137956,卖盘
2221,09:54:04,3.8,0.01,893,339340,买盘
2222,09:54:00,3.79,--,86,32594,卖盘
2223,09:53:54,3.79,-0.01,245,92855,卖盘
2224,09:53:49,3.8,0.01,165,62700,买盘
2225,09:53:45,3.79,--,30,11370,卖盘
2226,09:53:39,3.79,-0.01,258,97782,卖盘
2227,09:53:34,3.8,--,650,247000,买盘
2228,09:53:30,3.8,0.01,128,48640,买盘
2229,09:53:24,3.79,--,145,54955,卖盘
2230,09:53:18,3.79,--,74,28046,卖盘
2231,09:53:12,3.79,--,50,18950,卖盘
2232,09:53:09,3.79,-0.01,302,114458,卖盘
2233,09:53:03,3.8,--,2382,905160,买盘
2234,09:52:57,3.8,0.01,61,23180,买盘
2235,09:52:54,3.79,--,4682,1774838,卖盘
2236,09:52:49,3.79,-0.01,2194,831526,卖盘
2237,09:52:42,3.8,0.01,6200,2356000,买盘
2238,09:52:39,3.79,-0.01,558,211482,卖盘
2239,09:52:32,3.8,0.01,834,316920,买盘
2240,09:52:24,3.79,-0.01,123,46617,卖盘
2241,09:52:18,3.8,--,79,30020,买盘
2242,09:52:12,3.8,0.01,6,2280,买盘
2243,09:52:09,3.79,-0.01,102,38658,卖盘
2244,09:52:03,3.8,--,155,58900,买盘
2245,09:51:57,3.8,--,235,89531,买盘
2246,09:51:54,3.8,--,393,149340,买盘
2247,09:51:49,3.8,0.01,458,174040,买盘
2248,09:51:39,3.79,-0.01,111,42069,卖盘
2249,09:51:33,3.8,--,334,126920,买盘
2250,09:51:27,3.8,0.01,19,7220,买盘
2251,09:51:24,3.79,--,1030,390370,买盘
2252,09:51:19,3.79,--,1182,447978,买盘
2253,09:51:12,3.79,0.01,100,37900,买盘
2254,09:51:09,3.78,-0.01,716,270648,卖盘
2255,09:51:03,3.79,0.01,133,50407,买盘
2256,09:50:53,3.78,--,369,139482,卖盘
2257,09:50:48,3.78,-0.01,668,252802,卖盘
2258,09:50:43,3.79,0.01,26,9854,买盘
2259,09:50:39,3.78,-0.01,81,30618,卖盘
2260,09:50:34,3.79,--,317,120143,买盘
2261,09:50:27,3.79,0.01,20,7580,买盘
2262,09:50:24,3.78,-0.01,327,123606,卖盘
2263,09:50:18,3.79,--,144,54576,买盘
2264,09:50:12,3.79,0.01,20,7580,买盘
2265,09:50:09,3.78,-0.01,174,65772,卖盘
2266,09:50:03,3.79,--,368,139472,买盘
2267,09:49:57,3.79,--,154,58366,买盘
2268,09:49:48,3.79,0.01,55,20845,买盘
2269,09:49:39,3.78,-0.01,47,17766,卖盘
2270,09:49:33,3.79,0.01,145,54955,买盘
2271,09:49:27,3.78,--,28,10584,卖盘
2272,09:49:24,3.78,--,45,17010,卖盘
2273,09:49:19,3.78,--,97,36666,卖盘
2274,09:49:12,3.78,-0.01,20,7560,卖盘
2275,09:49:09,3.79,--,111,42069,买盘
2276,09:49:03,3.79,--,338,128102,买盘
2277,09:48:57,3.79,0.01,21,7959,买盘
2278,09:48:54,3.78,--,641,242577,卖盘
2279,09:48:48,3.78,-0.01,319,120941,卖盘
2280,09:48:39,3.79,0.01,44,16676,买盘
2281,09:48:33,3.78,-0.02,623,235743,卖盘
2282,09:48:27,3.8,0.02,94,35720,买盘
2283,09:48:24,3.78,-0.01,254,96012,卖盘
2284,09:48:19,3.79,--,550,208450,买盘
2285,09:48:09,3.79,-0.01,110,41894,卖盘
2286,09:48:03,3.8,0.01,73,27914,买盘
2287,09:47:57,3.79,--,100,37900,买盘
2288,09:47:54,3.79,--,687,260577,卖盘
2289,09:47:49,3.79,--,566,214514,卖盘
2290,09:47:42,3.79,-0.01,120,45480,卖盘
2291,09:47:39,3.8,0.01,429,163020,买盘
2292,09:47:33,3.79,--,555,210345,卖盘
2293,09:47:28,3.79,--,228,86412,卖盘
2294,09:47:24,3.79,-0.01,8,3032,卖盘
2295,09:47:18,3.8,0.01,85,32300,买盘
2296,09:47:12,3.79,-0.01,38,14402,卖盘
2297,09:47:09,3.8,--,87,33060,买盘
2298,09:47:03,3.8,0.01,5156,1959280,买盘
2299,09:46:58,3.79,--,131,50020,卖盘
2300,09:46:54,3.79,-0.01,277,104983,卖盘
2301,09:46:48,3.8,--,309,117420,买盘
2302,09:46:43,3.8,0.01,56,21280,买盘
2303,09:46:38,3.79,--,54,20466,卖盘
2304,09:46:33,3.79,--,571,216409,卖盘
2305,09:46:27,3.79,--,280,106301,卖盘
2306,09:46:23,3.79,-0.01,333,126207,卖盘
2307,09:46:18,3.8,0.01,204,77520,买盘
2308,09:46:12,3.79,--,612,231948,卖盘
2309,09:46:08,3.79,--,719,272501,卖盘
2310,09:46:03,3.79,--,92,34868,卖盘
2311,09:45:58,3.79,--,142,53818,买盘
2312,09:45:48,3.79,--,183,69357,买盘
2313,09:45:42,3.79,-0.01,1920,727714,卖盘
2314,09:45:39,3.8,--,1,380,买盘
2315,09:45:33,3.8,0.01,511,194180,买盘
2316,09:45:28,3.79,-0.01,243,92097,卖盘
2317,09:45:22,3.8,0.01,10,3800,买盘
2318,09:45:18,3.79,--,2541,963039,卖盘
2319,09:45:12,3.79,--,4752,1801008,卖盘
2320,09:45:06,3.79,-0.01,210,79590,卖盘
2321,09:45:03,3.8,0.01,462,175932,买盘
2322,09:44:58,3.79,--,297,112563,卖盘
2323,09:44:51,3.79,-0.01,157,59503,卖盘
2324,09:44:48,3.8,0.01,94,35720,买盘
2325,09:44:42,3.79,-0.01,983,372905,卖盘
2326,09:44:37,3.8,--,100,38000,买盘
2327,09:44:33,3.8,--,336,127680,买盘
2328,09:44:27,3.8,0.01,150,57000,买盘
2329,09:44:22,3.79,-0.01,78,29562,卖盘
2330,09:44:18,3.8,0.01,95,36100,买盘
2331,09:44:12,3.79,-0.01,23,8717,卖盘
2332,09:44:06,3.8,--,60,22800,买盘
2333,09:44:03,3.8,--,369,140220,买盘
2334,09:43:58,3.8,0.01,2,760,买盘
2335,09:43:52,3.79,-0.01,1,379,卖盘
2336,09:43:48,3.8,0.01,58,22040,买盘
2337,09:43:42,3.79,-0.01,49,18571,卖盘
2338,09:43:36,3.8,--,225,85500,买盘
2339,09:43:33,3.8,0.01,379,144221,买盘
2340,09:43:28,3.79,-0.01,161,61019,卖盘
2341,09:43:21,3.8,--,610,231800,买盘
2342,09:43:18,3.8,--,255,96900,买盘
2343,09:43:13,3.8,--,1200,456000,买盘
2344,09:43:03,3.8,0.01,285,108300,买盘
2345,09:42:58,3.79,--,50,18950,卖盘
2346,09:42:52,3.79,--,1131,428649,卖盘
2347,09:42:48,3.79,-0.01,725,274775,卖盘
2348,09:42:42,3.8,0.01,901,342380,买盘
2349,09:42:36,3.79,-0.01,1974,748146,卖盘
2350,09:42:33,3.8,--,561,213180,买盘
2351,09:42:28,3.8,--,41,15580,买盘
2352,09:42:21,3.8,--,954,362520,买盘
2353,09:42:18,3.8,--,672,255360,买盘
2354,09:42:12,3.8,0.01,615,233700,买盘
2355,09:42:07,3.79,-0.01,735,278565,卖盘
2356,09:42:03,3.8,--,1084,411920,买盘
2357,09:41:57,3.8,0.01,848,322570,买盘
2358,09:41:51,3.79,-0.01,1000,379000,卖盘
2359,09:41:48,3.8,0.01,1216,462080,买盘
2360,09:41:42,3.79,--,222,84138,卖盘
2361,09:41:33,3.79,--,138,52302,卖盘
2362,09:41:27,3.79,--,33,12507,卖盘
2363,09:41:21,3.79,--,1795,680305,卖盘
2364,09:41:18,3.79,--,217,82243,卖盘
2365,09:41:12,3.79,--,493,186847,卖盘
2366,09:41:06,3.79,--,263,99677,卖盘
2367,09:41:03,3.79,--,2195,831905,卖盘
2368,09:40:57,3.79,--,9190,3483010,卖盘
2369,09:40:51,3.79,--,47,17813,卖盘
2370,09:40:48,3.79,-0.01,134,50786,卖盘
2371,09:40:42,3.8,--,146,55480,买盘
2372,09:40:37,3.8,0.01,970,368831,买盘
2373,09:40:33,3.79,--,223,84517,卖盘
2374,09:40:27,3.79,--,68,25772,卖盘
2375,09:40:21,3.79,--,20,7580,卖盘
2376,09:40:18,3.79,--,178,67462,卖盘
2377,09:40:13,3.79,--,422,159938,卖盘
2378,09:40:07,3.79,0.01,2336,885385,买盘
2379,09:40:03,3.78,-0.01,189,71442,卖盘
2380,09:39:58,3.79,--,293,111047,卖盘
2381,09:39:51,3.79,--,329,124691,卖盘
2382,09:39:48,3.79,0.01,550,208450,买盘
2383,09:39:42,3.78,-0.01,1003,379134,卖盘
2384,09:39:36,3.79,0.01,917,347543,买盘
2385,09:39:33,3.78,-0.01,1332,503537,卖盘
2386,09:39:27,3.79,--,848,321392,买盘
2387,09:39:22,3.79,0.01,180,68220,买盘
2388,09:39:12,3.78,-0.02,180,68040,卖盘
2389,09:39:06,3.8,0.01,5077,1929260,买盘
2390,09:39:02,3.79,0.01,19,7201,买盘
2391,09:38:57,3.78,--,579,218862,卖盘
2392,09:38:51,3.78,--,592,224074,卖盘
2393,09:38:47,3.78,--,194,73332,卖盘
2394,09:38:42,3.78,-0.01,189,71442,卖盘
2395,09:38:36,3.79,--,194,73526,买盘
2396,09:38:32,3.79,--,50,18950,买盘
2397,09:38:27,3.79,--,28,10612,买盘
2398,09:38:21,3.79,--,357,135303,买盘
2399,09:38:17,3.79,0.01,74,28046,买盘
2400,09:38:12,3.78,-0.01,5,1890,卖盘
2401,09:38:06,3.79,--,228,86412,买盘
2402,09:38:00,3.79,--,423,160317,买盘
2403,09:37:57,3.79,0.01,119,45101,买盘
2404,09:37:51,3.78,-0.01,152,57456,卖盘
2405,09:37:45,3.79,--,159,60261,买盘
2406,09:37:42,3.79,--,144,54576,买盘
2407,09:37:36,3.79,0.01,177,67083,买盘
2408,09:37:30,3.78,-0.01,73,27594,卖盘
2409,09:37:27,3.79,--,87,32973,买盘
2410,09:37:21,3.79,--,201,76179,买盘
2411,09:37:12,3.79,0.01,55,20845,买盘
2412,09:37:06,3.78,--,398,150444,卖盘
2413,09:36:57,3.78,-0.01,139,52542,卖盘
2414,09:36:51,3.79,--,559,211861,买盘
2415,09:36:45,3.79,--,24,9096,买盘
2416,09:36:42,3.79,--,433,164129,买盘
2417,09:36:36,3.79,--,108,40932,买盘
2418,09:36:31,3.79,--,40,15160,买盘
2419,09:36:27,3.79,--,11,4169,买盘
2420,09:36:21,3.79,--,66,25014,买盘
2421,09:36:16,3.79,0.01,56,21224,买盘
2422,09:36:12,3.78,--,275,103950,卖盘
2423,09:36:06,3.78,-0.01,148,55944,卖盘
2424,09:36:00,3.79,0.01,7,2653,买盘
2425,09:35:57,3.78,-0.01,54,20412,卖盘
2426,09:35:51,3.79,--,211,79969,买盘
2427,09:35:46,3.79,0.01,106,40174,买盘
2428,09:35:42,3.78,--,99,37422,卖盘
2429,09:35:37,3.78,--,5185,1960058,卖盘
2430,09:35:30,3.78,--,122,46116,卖盘
2431,09:35:27,3.78,-0.01,116,43848,卖盘
2432,09:35:21,3.79,0.01,3575,1354925,买盘
2433,09:35:15,3.78,-0.01,110,41580,卖盘
2434,09:35:12,3.79,0.01,12135,4599165,买盘
2435,09:35:07,3.78,--,1081,408618,卖盘
2436,09:35:01,3.78,--,62,23436,卖盘
2437,09:34:57,3.78,--,42,15876,卖盘
2438,09:34:51,3.78,-0.01,78,29484,卖盘
2439,09:34:44,3.79,--,4,1516,买盘
2440,09:34:42,3.79,0.01,138,52302,买盘
2441,09:34:37,3.78,-0.01,164,61992,卖盘
2442,09:34:30,3.79,0.01,410,155390,买盘
2443,09:34:27,3.78,--,120,45360,卖盘
2444,09:34:22,3.78,--,264,99792,卖盘
2445,09:34:12,3.78,--,95,35910,卖盘
2446,09:34:06,3.78,-0.01,365,137970,卖盘
2447,09:34:00,3.79,--,31,11749,买盘
2448,09:33:56,3.79,0.01,42,15918,买盘
2449,09:33:50,3.78,--,497,187866,卖盘
2450,09:33:42,3.78,--,474,179172,卖盘
2451,09:33:36,3.78,--,5175,1956150,卖盘
2452,09:33:30,3.78,--,399,150822,卖盘
2453,09:33:26,3.78,--,99,37422,卖盘
2454,09:33:21,3.78,--,312,117936,买盘
2455,09:33:15,3.78,0.01,17,6426,买盘
2456,09:33:12,3.77,--,200,75400,卖盘
2457,09:33:06,3.77,--,482,181714,卖盘
2458,09:33:00,3.77,--,27,10179,卖盘
2459,09:32:57,3.77,-0.01,97,36569,卖盘
2460,09:32:52,3.78,--,283,106974,买盘
2461,09:32:46,3.78,0.01,280,105840,买盘
2462,09:32:41,3.77,-0.01,10,3770,卖盘
2463,09:32:37,3.78,--,442,167076,买盘
2464,09:32:30,3.78,--,127,48006,买盘
2465,09:32:27,3.78,--,1076,406728,买盘
2466,09:32:21,3.78,0.01,326,123228,买盘
2467,09:32:16,3.77,-0.01,202,76154,卖盘
2468,09:32:12,3.78,--,106,40068,买盘
2469,09:32:06,3.78,--,354,133812,卖盘
2470,09:32:00,3.78,--,104,39312,买盘
2471,09:31:57,3.78,--,503,190134,买盘
2472,09:31:51,3.78,0.01,924,349272,买盘
2473,09:31:45,3.77,-0.01,141,53157,卖盘
2474,09:31:36,3.78,--,176,66528,买盘
2475,09:31:30,3.78,0.01,5481,2071818,买盘
2476,09:31:21,3.77,--,80,30160,卖盘
2477,09:31:15,3.77,--,273,102921,卖盘
2478,09:31:11,3.77,--,135,50895,卖盘
2479,09:31:06,3.77,--,315,118755,卖盘
2480,09:31:00,3.77,--,23,8671,卖盘
2481,09:30:56,3.77,--,800,301600,卖盘
2482,09:30:51,3.77,--,108,40716,卖盘
2483,09:30:45,3.77,-0.01,51,19227,卖盘
2484,09:30:41,3.78,--,30,11340,买盘
2485,09:30:36,3.78,0.01,1530,578340,买盘
2486,09:30:30,3.77,-0.01,20,7540,卖盘
2487,09:30:21,3.78,--,159,60102,买盘
2488,09:30:15,3.78,0.01,82,30996,买盘
2489,09:30:09,3.77,--,292,110084,卖盘
2490,09:30:06,3.77,--,15798,5955846,卖盘
2491,09:30:00,3.77,--,1692,637884,卖盘
2492,09:28:49,3.77,--,0,0,卖盘
2493,09:25:02,3.77,3.77,4904,1848808,买盘
