,time,price,change,volume,amount,type
0,15:00:00,4.39,--,0,0,卖盘
1,15:00:00,4.39,-0.01,0,0,卖盘
2,15:00:00,4.4,0.01,3,1320,买盘
3,14:59:56,4.39,--,32,14047,卖盘
4,14:59:51,4.39,-0.01,73,32046,卖盘
5,14:59:46,4.4,0.01,435,191400,买盘
6,14:59:41,4.39,-0.01,10,4390,卖盘
7,14:59:36,4.4,--,148,65120,买盘
8,14:59:31,4.4,--,28,12320,买盘
9,14:59:25,4.4,0.01,20,8800,买盘
10,14:59:21,4.39,--,312,136968,卖盘
11,14:59:16,4.39,-0.01,46,20194,卖盘
12,14:59:06,4.4,--,58,25520,买盘
13,14:59:01,4.4,0.01,69,30360,买盘
14,14:58:55,4.39,--,15,6584,卖盘
15,14:58:51,4.39,--,105,46095,卖盘
16,14:58:46,4.39,--,100,43900,卖盘
17,14:58:40,4.39,--,246,108222,买盘
18,14:58:36,4.39,--,5,2195,买盘
19,14:58:31,4.39,0.01,145,63654,买盘
20,14:58:25,4.38,--,112,49056,卖盘
21,14:58:21,4.38,-0.01,494,216372,卖盘
22,14:58:16,4.39,0.01,20,8780,买盘
23,14:58:10,4.38,-0.01,112,49056,卖盘
24,14:58:06,4.39,--,364,159796,买盘
25,14:58:01,4.39,0.01,197,86483,买盘
26,14:57:55,4.38,-0.01,63,27594,卖盘
27,14:57:51,4.39,0.01,6,2634,买盘
28,14:57:46,4.38,-0.01,30,13140,卖盘
29,14:57:36,4.39,--,37,16242,买盘
30,14:57:31,4.39,-0.01,372,163518,卖盘
31,14:57:25,4.4,0.01,1,440,买盘
32,14:57:21,4.39,--,664,291724,买盘
33,14:57:16,4.39,--,394,173176,卖盘
34,14:57:10,4.39,--,235,103393,买盘
35,14:57:06,4.39,--,734,322226,买盘
36,14:56:55,4.39,--,50,21950,买盘
37,14:56:46,4.39,--,2,877,买盘
38,14:56:40,4.39,0.01,228,100091,买盘
39,14:56:31,4.38,-0.01,896,392448,卖盘
40,14:56:21,4.39,0.01,263,115456,买盘
41,14:56:16,4.38,-0.01,181,79278,卖盘
42,14:56:10,4.39,--,156,68484,买盘
43,14:56:06,4.39,0.01,18,7901,买盘
44,14:56:01,4.38,-0.01,511,223818,卖盘
45,14:55:55,4.39,--,257,112822,买盘
46,14:55:51,4.39,--,1014,445145,买盘
47,14:55:45,4.39,--,4,1755,买盘
48,14:55:36,4.39,--,14,6146,买盘
49,14:55:30,4.39,--,1057,464022,买盘
50,14:55:15,4.39,--,20,8780,买盘
51,14:55:10,4.39,--,103,45217,买盘
52,14:55:06,4.39,--,1481,650159,买盘
53,14:54:55,4.39,0.01,10,4390,买盘
54,14:54:45,4.38,--,505,221190,卖盘
55,14:54:40,4.38,-0.01,200,87600,卖盘
56,14:54:35,4.39,--,10,4390,买盘
57,14:54:30,4.39,--,1038,455681,买盘
58,14:54:25,4.39,--,56,24584,买盘
59,14:54:20,4.39,--,82,35998,买盘
60,14:54:15,4.39,--,381,167259,买盘
61,14:54:10,4.39,0.01,40,17560,买盘
62,14:54:00,4.38,-0.01,7,3066,卖盘
63,14:53:55,4.39,--,10,4390,买盘
64,14:53:45,4.39,0.01,15,6584,买盘
65,14:53:35,4.38,-0.01,25,10950,卖盘
66,14:53:25,4.39,--,59,25900,买盘
67,14:53:20,4.39,--,23,10097,买盘
68,14:53:10,4.39,0.01,10,4390,买盘
69,14:53:00,4.38,--,8,3504,卖盘
70,14:52:55,4.38,-0.01,28,12264,卖盘
71,14:52:45,4.39,0.01,403,176917,买盘
72,14:52:15,4.38,--,779,341202,卖盘
73,14:52:00,4.38,--,18,7884,卖盘
74,14:51:55,4.38,--,15,6570,卖盘
75,14:51:34,4.38,--,170,74460,卖盘
76,14:51:25,4.38,-0.01,11,4818,卖盘
77,14:51:00,4.39,0.01,1,438,买盘
78,14:50:55,4.38,-0.01,1,438,卖盘
79,14:50:45,4.39,0.01,37,16242,买盘
80,14:50:34,4.38,-0.01,26,11388,卖盘
81,14:50:30,4.39,--,20,8780,买盘
82,14:50:25,4.39,--,2,877,买盘
83,14:50:19,4.39,--,1,438,买盘
84,14:49:10,4.39,0.01,10,4390,买盘
85,14:48:39,4.38,--,41,17958,卖盘
86,14:48:09,4.38,-0.01,20,8760,卖盘
87,14:47:54,4.39,0.01,50,21950,买盘
88,14:47:49,4.38,--,207,90666,卖盘
89,14:47:34,4.38,-0.01,5,2190,卖盘
90,14:47:04,4.39,--,1,438,买盘
91,14:46:59,4.39,--,3,1317,买盘
92,14:46:54,4.39,0.01,29,12730,买盘
93,14:46:39,4.38,--,6,2628,卖盘
94,14:46:19,4.38,--,20,8760,卖盘
95,14:46:14,4.38,--,864,378432,卖盘
96,14:46:09,4.38,--,47,20586,卖盘
97,14:45:59,4.38,--,3,1314,卖盘
98,14:45:54,4.38,-0.01,0,17,卖盘
99,14:45:39,4.39,--,400,175600,买盘
100,14:45:34,4.39,0.01,4,1755,买盘
101,14:45:09,4.38,--,10,4380,卖盘
102,14:45:04,4.38,--,100,43800,卖盘
103,14:44:54,4.38,--,40,17520,卖盘
104,14:44:43,4.38,--,10,4380,卖盘
105,14:44:34,4.38,--,50,21900,卖盘
106,14:44:28,4.38,--,38,16644,卖盘
107,14:44:24,4.38,--,7,3066,卖盘
108,14:43:49,4.38,--,32,14016,卖盘
109,14:43:38,4.38,--,7,3066,卖盘
110,14:43:24,4.38,--,50,21900,卖盘
111,14:43:13,4.38,-0.01,13,5913,卖盘
112,14:42:54,4.39,--,56,24584,卖盘
113,14:42:49,4.39,--,107,46973,卖盘
114,14:42:33,4.39,0.01,192,84288,买盘
115,14:42:24,4.38,--,63,27594,卖盘
116,14:42:19,4.38,-0.01,56,24528,卖盘
117,14:42:08,4.39,0.01,10,4390,买盘
118,14:42:04,4.38,--,92,40296,卖盘
119,14:41:58,4.38,--,14,6132,卖盘
120,14:41:54,4.38,--,632,276816,卖盘
121,14:41:49,4.38,--,529,231702,卖盘
122,14:41:43,4.38,-0.01,653,286014,卖盘
123,14:41:38,4.39,--,29,12730,卖盘
124,14:41:33,4.39,--,132,57947,卖盘
125,14:41:18,4.39,--,55,24145,卖盘
126,14:41:13,4.39,--,3,1655,买盘
127,14:41:08,4.39,--,69,30290,买盘
128,14:41:03,4.39,--,2,877,买盘
129,14:40:58,4.39,--,500,219499,买盘
130,14:40:53,4.39,0.01,2,877,买盘
131,14:40:48,4.38,--,69,30222,卖盘
132,14:40:38,4.38,-0.01,189,82782,卖盘
133,14:40:18,4.39,0.01,12,5268,买盘
134,14:40:13,4.38,-0.01,202,88476,卖盘
135,14:40:03,4.39,0.01,56,24584,买盘
136,14:39:53,4.38,-0.01,20,8760,卖盘
137,14:39:48,4.39,--,54,23706,买盘
138,14:39:13,4.39,--,292,128187,买盘
139,14:38:58,4.39,--,388,170332,买盘
140,14:38:48,4.39,0.01,152,66728,买盘
141,14:38:43,4.38,-0.01,20,8786,卖盘
142,14:38:28,4.39,--,498,218621,买盘
143,14:38:23,4.39,0.01,30,13169,买盘
144,14:38:18,4.38,--,56,24528,卖盘
145,14:38:13,4.38,-0.01,56,24528,卖盘
146,14:38:07,4.39,0.01,160,70240,买盘
147,14:37:43,4.38,-0.01,4,1752,卖盘
148,14:37:33,4.39,0.01,11,4829,买盘
149,14:37:28,4.38,--,7,3066,卖盘
150,14:37:13,4.38,-0.01,28,12264,卖盘
151,14:37:07,4.39,0.01,317,139163,买盘
152,14:37:02,4.38,-0.01,34,14892,卖盘
153,14:36:17,4.39,--,8,3511,买盘
154,14:36:13,4.39,--,10,4390,买盘
155,14:36:07,4.39,0.01,68,29851,买盘
156,14:35:57,4.38,-0.01,27,11826,卖盘
157,14:35:52,4.39,0.01,10,4390,买盘
158,14:35:47,4.38,-0.01,1,438,卖盘
159,14:35:42,4.39,--,24,10536,买盘
160,14:35:28,4.39,0.01,68,29851,买盘
161,14:35:22,4.38,--,79,34602,卖盘
162,14:35:17,4.38,--,45,19710,卖盘
163,14:34:47,4.38,--,56,24528,卖盘
164,14:34:37,4.38,--,63,27594,卖盘
165,14:34:32,4.38,-0.01,31,13578,卖盘
166,14:34:17,4.39,0.01,2,877,买盘
167,14:33:47,4.38,--,40,17520,卖盘
168,14:33:32,4.38,-0.01,50,21900,卖盘
169,14:33:27,4.39,--,50,21950,买盘
170,14:32:57,4.39,--,5,2195,买盘
171,14:32:42,4.39,--,33,14486,买盘
172,14:32:37,4.39,--,1,438,买盘
173,14:32:32,4.39,--,26,11414,买盘
174,14:31:42,4.39,--,56,24584,买盘
175,14:31:36,4.39,--,49,21511,买盘
176,14:31:27,4.39,0.01,100,43900,买盘
177,14:31:21,4.38,--,1,438,卖盘
178,14:31:17,4.38,--,11,4818,买盘
179,14:31:06,4.38,--,53,23214,买盘
180,14:30:57,4.38,--,42,18396,买盘
181,14:30:42,4.38,--,22,9636,买盘
182,14:30:36,4.38,0.01,29,12702,买盘
183,14:30:27,4.37,-0.01,20,8740,卖盘
184,14:30:21,4.38,--,14,6132,买盘
185,14:30:16,4.38,0.01,10,4380,买盘
186,14:29:11,4.37,-0.01,7,3059,卖盘
187,14:29:06,4.38,--,7,3066,买盘
188,14:28:46,4.38,0.01,44,19272,买盘
189,14:28:41,4.37,-0.01,56,24472,卖盘
190,14:28:36,4.38,0.01,100,43800,买盘
191,14:28:26,4.37,--,96,41952,卖盘
192,14:28:11,4.37,-0.01,32,13984,卖盘
193,14:28:06,4.38,--,58,25404,买盘
194,14:27:56,4.38,0.01,76,33288,买盘
195,14:27:51,4.37,--,8,3496,卖盘
196,14:27:36,4.37,--,12,5244,卖盘
197,14:27:11,4.37,--,118,51566,卖盘
198,14:27:06,4.37,-0.01,2,874,卖盘
199,14:26:56,4.38,--,2,876,买盘
200,14:26:41,4.38,--,17,7446,买盘
201,14:26:36,4.38,--,10,4380,买盘
202,14:26:31,4.38,--,100,43800,买盘
203,14:26:06,4.38,0.01,144,63072,买盘
204,14:24:56,4.37,-0.01,10,4370,卖盘
205,14:24:45,4.38,--,10,4380,买盘
206,14:24:41,4.38,--,10,4380,买盘
207,14:23:50,4.38,0.01,50,21900,买盘
208,14:23:45,4.37,-0.01,56,24472,卖盘
209,14:23:15,4.38,0.01,13,5694,买盘
210,14:23:11,4.37,-0.01,5,2185,卖盘
211,14:22:36,4.38,--,11,4818,买盘
212,14:22:30,4.38,--,81,35478,卖盘
213,14:22:21,4.38,--,32,14016,卖盘
214,14:22:10,4.38,--,15,6570,卖盘
215,14:22:00,4.38,-0.01,135,59130,卖盘
216,14:21:45,4.39,0.01,712,312568,买盘
217,14:21:21,4.38,--,100,43800,卖盘
218,14:21:15,4.38,--,10,4380,卖盘
219,14:21:05,4.38,-0.01,7,3066,卖盘
220,14:21:00,4.39,0.01,3,1317,买盘
221,14:20:50,4.38,--,71,31098,卖盘
222,14:20:45,4.38,--,7,3066,卖盘
223,14:20:40,4.38,--,26,11388,卖盘
224,14:20:35,4.38,-0.01,10,4380,卖盘
225,14:20:25,4.39,0.01,90,39510,买盘
226,14:20:15,4.38,-0.01,44,19272,卖盘
227,14:20:10,4.39,0.01,1,438,买盘
228,14:19:50,4.38,--,106,46428,卖盘
229,14:19:40,4.38,-0.01,15,6570,卖盘
230,14:19:35,4.39,--,10,4390,买盘
231,14:19:24,4.39,0.01,3,1317,买盘
232,14:19:00,4.38,-0.01,100,43800,卖盘
233,14:18:30,4.39,0.01,2,877,买盘
234,14:18:15,4.38,--,82,35916,卖盘
235,14:17:50,4.38,-0.01,33,14454,卖盘
236,14:17:15,4.39,0.01,48,21072,买盘
237,14:16:54,4.38,--,25,10950,卖盘
238,14:16:39,4.38,--,19,8322,卖盘
239,14:16:30,4.38,--,236,103368,卖盘
240,14:16:14,4.38,--,40,17520,卖盘
241,14:15:59,4.38,--,1,438,卖盘
242,14:15:54,4.38,-0.01,500,219000,卖盘
243,14:15:24,4.39,0.01,26,11414,买盘
244,14:15:14,4.38,--,230,100740,卖盘
245,14:15:05,4.38,-0.01,22,9636,卖盘
246,14:14:44,4.39,0.01,6,2634,买盘
247,14:14:24,4.38,-0.01,12,5256,卖盘
248,14:14:19,4.39,--,3,1317,买盘
249,14:13:39,4.39,--,25,10975,买盘
250,14:13:29,4.39,--,150,65850,买盘
251,14:13:24,4.39,--,93,40827,买盘
252,14:13:19,4.39,--,40,17560,买盘
253,14:13:14,4.39,0.01,5,2195,买盘
254,14:13:04,4.38,--,5,2190,卖盘
255,14:12:59,4.38,-0.01,95,41610,卖盘
256,14:12:54,4.39,--,46,20194,买盘
257,14:12:49,4.39,--,272,119407,买盘
258,14:12:39,4.39,--,30,13169,买盘
259,14:12:29,4.39,--,2,877,买盘
260,14:11:59,4.39,--,102,44778,买盘
261,14:11:54,4.39,--,20,8780,买盘
262,14:11:39,4.39,--,10,4390,买盘
263,14:11:29,4.39,--,10,4390,买盘
264,14:11:24,4.39,--,85,37315,买盘
265,14:11:19,4.39,--,2,877,买盘
266,14:10:59,4.39,--,50,21950,买盘
267,14:10:54,4.39,--,300,131700,买盘
268,14:10:48,4.39,--,5,2195,买盘
269,14:10:29,4.39,--,32,14047,买盘
270,14:10:24,4.39,0.01,10,4390,买盘
271,14:10:09,4.38,-0.01,120,52560,卖盘
272,14:09:53,4.39,--,1,438,买盘
273,14:09:48,4.39,--,49,21511,买盘
274,14:09:44,4.39,--,2,877,买盘
275,14:09:38,4.39,--,341,149699,买盘
276,14:09:29,4.39,--,5,2195,买盘
277,14:09:13,4.39,--,1,438,买盘
278,14:09:08,4.39,--,70,30729,买盘
279,14:08:59,4.39,--,7,3073,买盘
280,14:08:48,4.39,0.01,60,26339,买盘
281,14:08:43,4.38,-0.01,40,17520,卖盘
282,14:08:33,4.39,--,10,4390,买盘
283,14:08:23,4.39,0.01,23,10097,买盘
284,14:08:18,4.38,--,28,12264,买盘
285,14:08:13,4.38,--,8,3504,买盘
286,14:08:08,4.38,-0.01,24,10512,买盘
287,14:08:03,4.39,--,0,0,买盘
288,14:07:58,4.39,0.01,2180,957019,买盘
289,14:07:53,4.38,--,10,4380,买盘
290,14:07:48,4.38,--,58,25404,卖盘
291,14:06:53,4.38,--,35,15330,卖盘
292,14:06:38,4.38,--,100,43800,卖盘
293,14:06:08,4.38,--,162,70956,卖盘
294,14:05:58,4.38,--,100,43800,卖盘
295,14:05:53,4.38,0.01,123,53874,买盘
296,14:05:48,4.37,--,150,65550,卖盘
297,14:05:42,4.37,--,30,13110,卖盘
298,14:05:18,4.37,-0.01,500,218500,卖盘
299,14:05:13,4.38,--,1,438,买盘
300,14:05:08,4.38,0.01,500,219000,买盘
301,14:04:57,4.37,--,3,1311,卖盘
302,14:04:48,4.37,-0.01,38,16606,卖盘
303,14:04:38,4.38,0.01,40,17520,买盘
304,14:04:12,4.37,--,100,43700,卖盘
305,14:04:03,4.37,--,19,8303,卖盘
306,14:03:33,4.37,-0.01,1,437,卖盘
307,14:03:27,4.38,--,69,30222,买盘
308,14:03:18,4.38,--,48,21024,买盘
309,14:02:02,4.38,0.01,8,3504,买盘
310,14:01:42,4.37,-0.01,5,2185,卖盘
311,14:01:32,4.38,--,6,2628,买盘
312,14:01:12,4.38,--,12,5256,买盘
313,14:01:02,4.38,--,14,6132,买盘
314,14:00:57,4.38,--,5,2190,买盘
315,14:00:32,4.38,--,29,12702,卖盘
316,14:00:27,4.38,--,3,1314,卖盘
317,14:00:07,4.38,--,21,9198,卖盘
318,13:59:57,4.38,--,72,31536,卖盘
319,13:59:52,4.38,0.01,1195,523410,买盘
320,13:59:32,4.37,-0.01,10,4370,卖盘
321,13:59:17,4.38,0.01,30,13140,买盘
322,13:59:12,4.37,--,912,398976,买盘
323,13:59:02,4.37,--,25,10925,买盘
324,13:58:57,4.37,--,17,7429,买盘
325,13:58:47,4.37,--,30,13110,买盘
326,13:58:42,4.37,--,55,24035,买盘
327,13:58:32,4.37,--,100,43700,买盘
328,13:58:22,4.37,--,39,17043,买盘
329,13:58:17,4.37,--,40,17480,买盘
330,13:57:27,4.37,0.01,14,6118,买盘
331,13:57:17,4.36,--,15,6540,卖盘
332,13:57:12,4.36,-0.01,7,3052,卖盘
333,13:57:02,4.37,--,49,21413,买盘
334,13:56:41,4.37,0.01,23,10051,买盘
335,13:56:11,4.36,-0.01,10,4360,卖盘
336,13:55:57,4.37,0.01,10,4370,买盘
337,13:55:47,4.36,--,4,1744,卖盘
338,13:55:27,4.36,--,120,52359,卖盘
339,13:55:21,4.36,--,24,10464,卖盘
340,13:54:41,4.36,--,30,13080,卖盘
341,13:54:31,4.36,-0.01,13,5838,卖盘
342,13:54:21,4.37,--,53,23161,买盘
343,13:53:56,4.37,0.01,36,15732,买盘
344,13:53:46,4.36,-0.01,40,17440,卖盘
345,13:53:36,4.37,--,10,4370,买盘
346,13:53:31,4.37,--,25,10925,买盘
347,13:53:26,4.37,--,62,27094,买盘
348,13:52:56,4.37,0.01,2,874,买盘
349,13:52:51,4.36,-0.01,13,5676,卖盘
350,13:52:41,4.37,0.01,1,437,买盘
351,13:52:31,4.36,-0.01,10,4360,卖盘
352,13:52:26,4.37,0.01,41,17917,买盘
353,13:52:21,4.36,--,4,1744,卖盘
354,13:51:46,4.36,--,334,145693,买盘
355,13:51:41,4.36,--,5,2180,买盘
356,13:51:36,4.36,--,18,7848,买盘
357,13:51:31,4.36,--,20,8720,买盘
358,13:51:26,4.36,--,222,96792,买盘
359,13:51:21,4.36,--,10,4360,买盘
360,13:51:11,4.36,0.01,285,124260,买盘
361,13:51:06,4.35,-0.01,116,50459,卖盘
362,13:50:45,4.36,--,23,10028,买盘
363,13:50:41,4.36,--,63,27468,买盘
364,13:50:36,4.36,--,105,45780,买盘
365,13:50:30,4.36,--,65,28392,买盘
366,13:50:26,4.36,--,20,8720,买盘
367,13:50:21,4.36,--,98,42728,买盘
368,13:50:11,4.36,--,70,30520,买盘
369,13:50:00,4.36,--,80,34880,买盘
370,13:49:56,4.36,0.01,70,30520,买盘
371,13:49:51,4.35,-0.01,51,22185,卖盘
372,13:49:41,4.36,--,63,27468,买盘
373,13:49:36,4.36,--,33,14388,买盘
374,13:49:30,4.36,0.01,10,4360,买盘
375,13:49:26,4.35,-0.01,171,74385,卖盘
376,13:49:21,4.36,--,14,6104,买盘
377,13:49:15,4.36,0.01,5,2180,买盘
378,13:49:10,4.35,-0.01,35,15224,卖盘
379,13:49:06,4.36,--,53,23108,买盘
380,13:48:50,4.36,--,41,17876,买盘
381,13:48:41,4.36,0.01,9,3924,买盘
382,13:48:30,4.35,-0.01,16,6959,卖盘
383,13:48:20,4.36,0.01,100,43600,买盘
384,13:48:11,4.35,-0.01,43,18705,卖盘
385,13:48:06,4.36,--,6,2982,卖盘
386,13:48:00,4.36,--,110,47960,卖盘
387,13:47:50,4.36,--,5,2180,卖盘
388,13:47:45,4.36,--,30,13080,卖盘
389,13:47:40,4.36,--,720,313920,卖盘
390,13:47:35,4.36,--,317,138212,卖盘
391,13:47:30,4.36,-0.01,8,3488,卖盘
392,13:47:25,4.37,--,270,118230,买盘
393,13:47:20,4.37,0.01,97,42389,买盘
394,13:47:15,4.36,--,77,33572,卖盘
395,13:47:10,4.36,--,215,93740,卖盘
396,13:47:00,4.36,--,39,17004,卖盘
397,13:46:55,4.36,-0.01,636,277296,卖盘
398,13:46:50,4.37,0.01,266,116242,买盘
399,13:46:45,4.36,-0.01,2,872,卖盘
400,13:46:35,4.37,--,19,8303,买盘
401,13:46:30,4.37,--,10,4370,买盘
402,13:46:25,4.37,0.01,42,18354,买盘
403,13:46:20,4.36,-0.01,79,34444,卖盘
404,13:46:05,4.37,0.01,20,8740,买盘
405,13:46:00,4.36,-0.01,13,5707,卖盘
406,13:45:50,4.37,--,31,13547,买盘
407,13:45:45,4.37,--,43,18791,买盘
408,13:45:35,4.37,--,257,112309,卖盘
409,13:45:30,4.37,-0.01,133,58121,卖盘
410,13:44:35,4.38,0.01,4,1752,买盘
411,13:44:05,4.37,--,101,44137,卖盘
412,13:44:00,4.37,--,107,46759,买盘
413,13:43:50,4.37,-0.01,1,437,中性盘
414,13:43:45,4.38,0.02,209,91542,买盘
415,13:43:39,4.36,-0.01,20,8720,卖盘
416,13:43:35,4.37,0.01,20,8740,买盘
417,13:43:30,4.36,--,21,9156,卖盘
418,13:43:24,4.36,-0.01,2,872,卖盘
419,13:43:20,4.37,0.01,15,6555,买盘
420,13:43:15,4.36,--,10,4360,卖盘
421,13:42:39,4.36,-0.01,67,29212,卖盘
422,13:42:34,4.37,--,15,6555,买盘
423,13:42:30,4.37,--,54,23969,买盘
424,13:42:14,4.37,--,12,5244,买盘
425,13:41:49,4.37,--,81,35397,卖盘
426,13:41:34,4.37,-0.01,50,21850,卖盘
427,13:41:19,4.38,0.02,5,2190,买盘
428,13:41:14,4.36,-0.02,6,2616,卖盘
429,13:41:08,4.38,0.01,5,2190,买盘
430,13:41:04,4.37,--,208,90896,买盘
431,13:40:59,4.37,--,31,13547,买盘
432,13:40:53,4.37,--,28,12236,买盘
433,13:40:49,4.37,--,43,18791,买盘
434,13:40:44,4.37,--,14,6118,买盘
435,13:40:34,4.37,0.01,3,1311,买盘
436,13:40:29,4.36,--,100,43600,卖盘
437,13:40:14,4.36,--,4,1744,卖盘
438,13:40:08,4.36,-0.01,73,31828,卖盘
439,13:40:04,4.37,--,107,46759,买盘
440,13:39:59,4.37,0.01,119,52003,买盘
441,13:39:49,4.36,-0.01,4,1744,卖盘
442,13:39:44,4.37,0.01,145,63365,买盘
443,13:39:38,4.36,--,40,17440,卖盘
444,13:39:34,4.36,--,30,13080,卖盘
445,13:39:29,4.36,--,259,112924,卖盘
446,13:39:23,4.36,--,1,436,卖盘
447,13:39:19,4.36,--,33,14680,卖盘
448,13:39:04,4.36,--,70,30520,卖盘
449,13:38:59,4.36,-0.01,444,193584,卖盘
450,13:38:49,4.37,0.01,5,2185,买盘
451,13:38:44,4.36,-0.01,666,290376,卖盘
452,13:38:34,4.37,--,49,21413,买盘
453,13:38:29,4.37,--,1,437,买盘
454,13:38:23,4.37,--,11,4807,买盘
455,13:38:08,4.37,0.01,20,8740,买盘
456,13:37:59,4.36,-0.01,5,2180,卖盘
457,13:37:38,4.37,--,90,39330,买盘
458,13:37:23,4.37,0.01,124,54188,买盘
459,13:37:14,4.36,-0.01,71,30956,卖盘
460,13:36:59,4.37,--,100,43700,买盘
461,13:36:53,4.37,--,10,4370,买盘
462,13:36:38,4.37,--,47,20539,卖盘
463,13:36:33,4.37,--,100,43700,卖盘
464,13:36:23,4.37,--,717,313329,卖盘
465,13:36:14,4.37,--,280,122360,卖盘
466,13:35:43,4.37,-0.01,50,21850,卖盘
467,13:35:38,4.38,0.01,150,65700,买盘
468,13:35:23,4.37,--,61,26657,卖盘
469,13:35:17,4.37,--,56,24472,卖盘
470,13:35:08,4.37,-0.01,9,3933,卖盘
471,13:35:02,4.38,--,39,17082,买盘
472,13:34:53,4.38,--,16,7008,买盘
473,13:34:43,4.38,0.01,24,10512,买盘
474,13:34:38,4.37,-0.01,200,87400,卖盘
475,13:34:32,4.38,0.01,1,438,买盘
476,13:34:28,4.37,-0.01,31,13547,卖盘
477,13:34:23,4.38,--,24,10512,买盘
478,13:34:13,4.38,--,63,27594,买盘
479,13:33:53,4.38,--,119,52122,买盘
480,13:33:43,4.38,--,36,15768,买盘
481,13:33:38,4.38,--,25,10950,买盘
482,13:33:32,4.38,0.01,9,3942,买盘
483,13:33:28,4.37,-0.01,200,87400,卖盘
484,13:33:13,4.38,0.01,110,48180,买盘
485,13:33:08,4.37,-0.01,16,6992,卖盘
486,13:32:53,4.38,--,27,11826,卖盘
487,13:32:43,4.38,--,10,4380,卖盘
488,13:32:38,4.38,0.01,9,3942,卖盘
489,13:32:28,4.37,--,0,0,卖盘
490,13:32:23,4.37,--,84,36708,卖盘
491,13:32:17,4.37,--,70,30590,卖盘
492,13:32:13,4.37,-0.01,28,12236,卖盘
493,13:31:58,4.38,--,3,1314,买盘
494,13:31:53,4.38,-0.01,83,36354,卖盘
495,13:31:38,4.39,--,94,41266,买盘
496,13:31:32,4.39,--,10,4390,买盘
497,13:30:58,4.39,--,10,4390,买盘
498,13:30:53,4.39,0.01,63,28074,买盘
499,13:30:43,4.38,--,377,165147,卖盘
500,13:30:13,4.38,--,120,52560,卖盘
501,13:29:53,4.38,--,35,15330,卖盘
502,13:29:47,4.38,--,350,153300,卖盘
503,13:29:28,4.38,-0.01,6,2628,卖盘
504,13:29:13,4.39,--,25,10975,买盘
505,13:29:08,4.39,--,24,10536,买盘
506,13:29:02,4.39,0.01,35,15364,买盘
507,13:28:58,4.38,-0.01,35,15330,卖盘
508,13:28:43,4.39,0.01,24,10536,买盘
509,13:28:32,4.38,-0.01,360,157680,卖盘
510,13:27:53,4.39,0.01,35,15364,买盘
511,13:27:37,4.38,-0.01,20,8760,卖盘
512,13:27:07,4.39,0.01,2,877,买盘
513,13:26:56,4.38,--,5,2190,卖盘
514,13:26:52,4.38,--,11,5085,卖盘
515,13:26:32,4.38,-0.01,10,4380,卖盘
516,13:26:07,4.39,0.01,7,3073,买盘
517,13:25:56,4.38,--,1,438,卖盘
518,13:25:52,4.38,--,36,15768,卖盘
519,13:25:47,4.38,-0.01,40,17787,卖盘
520,13:25:22,4.39,0.01,723,317397,买盘
521,13:25:07,4.38,--,39,17082,卖盘
522,13:24:52,4.38,-0.01,1045,457710,卖盘
523,13:24:47,4.39,0.01,35,15364,买盘
524,13:24:37,4.38,-0.01,11,5006,卖盘
525,13:24:32,4.39,0.01,31,13608,买盘
526,13:24:22,4.38,-0.01,200,87600,卖盘
527,13:24:11,4.39,0.01,31,13608,买盘
528,13:24:07,4.38,-0.01,18,7884,卖盘
529,13:24:02,4.39,0.01,13,5707,买盘
530,13:23:56,4.38,-0.01,80,35040,卖盘
531,13:23:41,4.39,--,13,5707,买盘
532,13:23:37,4.39,--,35,15364,买盘
533,13:23:22,4.39,0.01,13,5707,买盘
534,13:23:01,4.38,-0.01,15,6570,卖盘
535,13:22:41,4.39,--,32,14047,买盘
536,13:22:37,4.39,0.01,16,7023,买盘
537,13:22:31,4.38,-0.01,4,1752,卖盘
538,13:22:22,4.39,--,32,14047,买盘
539,13:22:16,4.39,0.01,25,10975,买盘
540,13:22:07,4.38,-0.01,11,5058,卖盘
541,13:22:01,4.39,0.01,45,19755,买盘
542,13:21:56,4.38,--,2,876,卖盘
543,13:21:52,4.38,-0.01,36,15768,卖盘
544,13:21:41,4.39,--,66,28973,买盘
545,13:21:37,4.39,--,23,10097,买盘
546,13:21:31,4.39,--,10,4390,买盘
547,13:21:21,4.39,--,35,15364,买盘
548,13:21:16,4.39,0.01,37,16242,买盘
549,13:21:07,4.38,-0.01,1,438,卖盘
550,13:21:01,4.39,--,31,13608,买盘
551,13:20:56,4.39,--,47,20633,买盘
552,13:20:46,4.39,0.01,31,13608,买盘
553,13:20:31,4.38,-0.01,10,4380,卖盘
554,13:20:26,4.39,0.01,31,13608,买盘
555,13:20:22,4.38,--,11,5058,卖盘
556,13:20:16,4.38,-0.01,8,3766,卖盘
557,13:20:01,4.39,--,22,9658,买盘
558,13:19:56,4.39,--,5,2195,买盘
559,13:19:31,4.39,0.01,39,17121,买盘
560,13:19:20,4.38,-0.01,1,438,卖盘
561,13:19:16,4.39,--,35,15364,买盘
562,13:19:01,4.39,0.01,51,22389,买盘
563,13:18:50,4.38,--,100,43800,卖盘
564,13:18:46,4.38,-0.01,115,50370,卖盘
565,13:18:41,4.39,0.01,24,10536,买盘
566,13:18:31,4.38,-0.01,7,3066,卖盘
567,13:18:26,4.39,0.01,50,21950,买盘
568,13:18:20,4.38,-0.01,13,5694,卖盘
569,13:18:16,4.39,0.01,24,10536,买盘
570,13:17:35,4.38,-0.01,6,2628,卖盘
571,13:17:31,4.39,0.01,63,27656,买盘
572,13:17:26,4.38,-0.01,31,13578,卖盘
573,13:17:01,4.39,--,1,438,买盘
574,13:16:56,4.39,0.01,13,5707,买盘
575,13:16:41,4.38,--,300,131400,卖盘
576,13:16:11,4.38,-0.01,21,9198,卖盘
577,13:16:05,4.39,--,44,19316,买盘
578,13:16:01,4.39,--,23,10097,买盘
579,13:15:56,4.39,0.01,8,3511,买盘
580,13:15:40,4.38,--,21,9198,卖盘
581,13:15:31,4.38,-0.01,28,12264,卖盘
582,13:15:25,4.39,--,11,4829,买盘
583,13:15:20,4.39,--,188,82632,卖盘
584,13:15:16,4.39,--,7,3073,卖盘
585,13:15:10,4.39,--,2,877,卖盘
586,13:15:01,4.39,--,17,7462,卖盘
587,13:14:50,4.39,--,110,48290,卖盘
588,13:14:40,4.39,--,10,4390,卖盘
589,13:14:30,4.39,-0.01,10,4390,卖盘
590,13:14:25,4.4,0.01,112,49280,买盘
591,13:14:10,4.39,-0.01,2,1040,卖盘
592,13:13:35,4.4,--,3,1320,买盘
593,13:13:25,4.4,0.01,220,96800,买盘
594,13:13:15,4.39,-0.01,200,87800,卖盘
595,13:13:05,4.4,0.01,35,15400,买盘
596,13:12:55,4.39,-0.01,10,4390,卖盘
597,13:12:50,4.4,0.01,30,13200,买盘
598,13:12:40,4.39,--,10,4390,卖盘
599,13:12:35,4.39,--,109,47851,卖盘
600,13:11:55,4.39,--,162,71118,卖盘
601,13:11:44,4.39,--,55,24145,卖盘
602,13:11:29,4.39,-0.01,1,438,卖盘
603,13:11:20,4.4,0.01,2,880,买盘
604,13:11:10,4.39,--,1,438,卖盘
605,13:11:05,4.39,--,20,8780,卖盘
606,13:10:40,4.39,-0.01,50,21950,卖盘
607,13:10:29,4.4,0.01,55,24200,买盘
608,13:10:20,4.39,--,50,21950,卖盘
609,13:10:10,4.39,-0.01,10,4390,卖盘
610,13:10:05,4.4,0.01,24,10560,买盘
611,13:09:55,4.39,--,50,21950,卖盘
612,13:09:44,4.39,--,160,70240,卖盘
613,13:09:35,4.39,--,90,39510,卖盘
614,13:09:25,4.39,--,6,2634,卖盘
615,13:08:55,4.39,--,3,1317,卖盘
616,13:08:40,4.39,--,100,43900,卖盘
617,13:08:35,4.39,--,1,438,卖盘
618,13:07:59,4.39,-0.01,7,3073,卖盘
619,13:07:24,4.4,0.01,51,22440,买盘
620,13:07:20,4.39,-0.01,7,3073,卖盘
621,13:07:10,4.4,0.01,48,21120,买盘
622,13:07:04,4.39,-0.01,8,3511,卖盘
623,13:06:49,4.4,--,9,3960,买盘
624,13:06:34,4.4,--,40,17600,买盘
625,13:05:44,4.4,--,35,15400,买盘
626,13:05:14,4.4,--,4,1760,买盘
627,13:05:09,4.4,0.01,38,16720,买盘
628,13:04:49,4.39,--,300,132086,卖盘
629,13:03:59,4.39,--,21,9565,卖盘
630,13:03:44,4.39,-0.01,270,118529,卖盘
631,13:03:29,4.4,0.01,362,159539,买盘
632,13:03:04,4.39,--,7,3073,卖盘
633,13:02:49,4.39,-0.01,7,3073,卖盘
634,13:02:44,4.4,0.01,21,9240,买盘
635,13:02:38,4.39,--,18,7901,卖盘
636,13:02:34,4.39,-0.01,16,7243,卖盘
637,13:02:29,4.4,--,50,22000,买盘
638,13:02:14,4.4,0.01,4,1760,买盘
639,13:02:08,4.39,-0.01,88,38632,卖盘
640,13:02:04,4.4,0.01,68,29920,买盘
641,13:01:49,4.39,-0.01,15,6655,卖盘
642,13:01:29,4.4,--,34,14960,买盘
643,13:01:14,4.4,--,107,47080,买盘
644,13:00:59,4.4,--,122,53680,买盘
645,13:00:48,4.4,--,13,5720,买盘
646,13:00:13,4.4,--,2,880,买盘
647,13:00:08,4.4,--,8,3520,买盘
648,13:00:04,4.4,--,528,232320,买盘
649,11:30:00,4.4,--,0,0,买盘
650,11:29:59,4.4,--,0,0,买盘
651,11:29:59,4.4,--,23,10120,买盘
652,11:29:45,4.4,--,1,440,买盘
653,11:29:39,4.4,--,20,8800,买盘
654,11:29:05,4.4,--,2,880,买盘
655,11:28:54,4.4,--,16,7040,买盘
656,11:28:14,4.4,0.01,4,1760,买盘
657,11:27:59,4.39,-0.01,9,3950,卖盘
658,11:27:29,4.4,--,17,7480,买盘
659,11:27:09,4.4,--,1,440,买盘
660,11:26:29,4.4,--,1,440,买盘
661,11:25:54,4.4,0.01,10,4400,买盘
662,11:25:49,4.39,--,2,877,卖盘
663,11:25:39,4.39,--,44,19364,卖盘
664,11:25:34,4.39,-0.01,230,100969,卖盘
665,11:25:29,4.4,0.01,2,880,买盘
666,11:24:48,4.39,-0.01,7,3073,卖盘
667,11:24:39,4.4,0.01,10,4400,买盘
668,11:24:29,4.39,--,25,10975,卖盘
669,11:24:24,4.39,-0.01,10,4390,卖盘
670,11:24:14,4.4,0.01,12,5280,买盘
671,11:24:09,4.39,--,12,5268,卖盘
672,11:23:44,4.39,-0.01,20,8780,卖盘
673,11:23:39,4.4,0.01,7,3080,买盘
674,11:23:33,4.39,--,14,6308,卖盘
675,11:23:29,4.39,-0.01,50,21950,卖盘
676,11:23:24,4.4,--,50,22000,买盘
677,11:22:59,4.4,0.01,2114,930160,买盘
678,11:22:54,4.39,--,20,8780,卖盘
679,11:22:48,4.39,--,60,26339,卖盘
680,11:22:13,4.39,--,68,29851,卖盘
681,11:21:53,4.39,0.01,91,39949,买盘
682,11:21:48,4.38,--,2,876,卖盘
683,11:21:44,4.38,-0.01,33,14454,卖盘
684,11:21:38,4.39,0.01,5,2195,买盘
685,11:21:23,4.38,--,112,49279,卖盘
686,11:21:18,4.38,-0.01,6,2628,卖盘
687,11:21:08,4.39,--,553,242766,买盘
688,11:21:03,4.39,0.01,15,6584,买盘
689,11:20:48,4.38,-0.01,4,1752,卖盘
690,11:20:44,4.39,--,10,4390,买盘
691,11:20:38,4.39,--,5,2195,买盘
692,11:20:13,4.39,0.01,128,56191,买盘
693,11:20:08,4.38,--,10,4380,卖盘
694,11:19:53,4.38,--,10,4380,卖盘
695,11:19:33,4.38,-0.01,46,20148,卖盘
696,11:19:23,4.39,0.01,347,152333,买盘
697,11:19:03,4.38,--,1,438,卖盘
698,11:18:48,4.38,--,1,438,卖盘
699,11:18:27,4.38,--,100,43800,卖盘
700,11:18:18,4.38,--,29,13021,卖盘
701,11:18:03,4.38,-0.01,1,438,卖盘
702,11:17:38,4.39,0.01,200,87800,买盘
703,11:17:33,4.38,--,1,438,卖盘
704,11:17:18,4.38,--,9,3942,卖盘
705,11:17:03,4.38,-0.01,28,12469,卖盘
706,11:16:48,4.39,--,54,23706,买盘
707,11:16:38,4.39,--,100,43900,买盘
708,11:15:57,4.39,0.01,6,2634,买盘
709,11:15:53,4.38,-0.01,118,51684,卖盘
710,11:15:42,4.39,0.01,190,83410,买盘
711,11:15:38,4.38,--,8,3504,卖盘
712,11:15:33,4.38,--,10,4380,卖盘
713,11:15:07,4.38,--,27,12145,卖盘
714,11:14:52,4.38,--,447,195786,卖盘
715,11:14:47,4.38,-0.01,10,4380,卖盘
716,11:14:42,4.39,--,6,2634,买盘
717,11:14:02,4.39,0.01,28,12292,买盘
718,11:13:17,4.38,--,1,438,卖盘
719,11:13:12,4.38,--,26,11388,卖盘
720,11:13:02,4.38,-0.01,1,438,卖盘
721,11:12:57,4.39,0.01,1,438,买盘
722,11:12:32,4.38,--,975,427120,买盘
723,11:12:02,4.38,--,1,438,买盘
724,11:11:32,4.38,--,10,4380,买盘
725,11:11:27,4.38,0.01,10,4380,买盘
726,11:11:17,4.37,-0.01,3,1311,卖盘
727,11:11:12,4.38,--,430,188707,卖盘
728,11:10:57,4.38,--,28,12264,卖盘
729,11:10:46,4.38,--,1,438,卖盘
730,11:10:42,4.38,--,59,25912,买盘
731,11:10:32,4.38,--,6,2628,买盘
732,11:10:06,4.38,--,51,22613,卖盘
733,11:09:51,4.38,--,700,306600,卖盘
734,11:09:27,4.38,--,20,8760,卖盘
735,11:08:51,4.38,--,146,64110,买盘
736,11:08:41,4.38,--,20,8760,买盘
737,11:08:26,4.38,--,3,1589,卖盘
738,11:08:11,4.38,--,135,59130,卖盘
739,11:07:56,4.38,--,453,198414,卖盘
740,11:07:41,4.38,-0.01,5,2190,卖盘
741,11:07:26,4.39,0.01,63,28003,买盘
742,11:07:20,4.38,-0.01,100,43800,卖盘
743,11:06:46,4.39,0.01,17,7462,买盘
744,11:06:41,4.38,--,4,1752,卖盘
745,11:06:21,4.38,--,30,13140,卖盘
746,11:06:06,4.38,--,101,44238,卖盘
747,11:05:51,4.38,--,4,1752,卖盘
748,11:05:26,4.38,--,359,157242,卖盘
749,11:05:06,4.38,--,200,87600,卖盘
750,11:04:35,4.38,--,23,10074,卖盘
751,11:04:30,4.38,--,46,20402,买盘
752,11:04:26,4.38,--,34,14892,买盘
753,11:04:20,4.38,--,198,86724,卖盘
754,11:04:14,4.38,--,5,2190,卖盘
755,11:04:11,4.38,--,1,438,卖盘
756,11:04:05,4.38,--,2,876,卖盘
757,11:03:51,4.38,--,24,10512,买盘
758,11:03:44,4.38,--,10,4380,买盘
759,11:03:41,4.38,0.01,7,3066,买盘
760,11:03:35,4.37,-0.01,1,437,卖盘
761,11:03:29,4.38,--,105,45990,买盘
762,11:03:21,4.38,--,60,26280,买盘
763,11:03:11,4.38,--,72,31536,卖盘
764,11:03:05,4.38,--,43,18834,买盘
765,11:02:59,4.38,--,31,13578,买盘
766,11:02:35,4.38,--,991,434347,卖盘
767,11:02:29,4.38,--,864,378432,卖盘
768,11:02:20,4.38,--,32,14016,卖盘
769,11:01:55,4.38,-0.01,3,1314,卖盘
770,11:01:50,4.39,--,52,22828,买盘
771,11:01:40,4.39,0.01,10,4390,买盘
772,11:01:35,4.38,--,180,78840,卖盘
773,11:01:29,4.38,--,13,6009,卖盘
774,11:01:14,4.38,-0.01,1,438,卖盘
775,11:01:05,4.39,0.01,4,1755,买盘
776,11:00:55,4.38,--,233,102054,卖盘
777,11:00:35,4.38,--,330,144540,卖盘
778,11:00:25,4.38,--,300,131400,卖盘
779,11:00:20,4.38,--,307,134466,卖盘
780,11:00:14,4.38,--,28,12264,卖盘
781,11:00:10,4.38,--,1,438,卖盘
782,11:00:05,4.38,-0.01,1,438,卖盘
783,10:59:44,4.39,0.01,2,877,买盘
784,10:59:35,4.38,--,167,73146,卖盘
785,10:59:25,4.38,-0.01,13,6009,卖盘
786,10:59:14,4.39,--,20,8780,买盘
787,10:59:10,4.39,-0.01,19,8341,卖盘
788,10:59:05,4.4,0.01,103,45320,买盘
789,10:58:59,4.39,--,24,10711,卖盘
790,10:58:55,4.39,-0.01,592,259887,卖盘
791,10:58:50,4.4,0.01,45,19800,买盘
792,10:58:44,4.39,--,113,49607,卖盘
793,10:58:40,4.39,--,17,7638,卖盘
794,10:58:35,4.39,--,15,6584,卖盘
795,10:58:29,4.39,--,11,4829,卖盘
796,10:58:25,4.39,--,36,15803,卖盘
797,10:58:14,4.39,--,57,25044,卖盘
798,10:58:10,4.39,--,47,20633,卖盘
799,10:58:05,4.39,--,6,2634,卖盘
800,10:57:35,4.39,--,93,40827,卖盘
801,10:57:29,4.39,--,12,5268,卖盘
802,10:57:20,4.39,--,10,4390,卖盘
803,10:57:04,4.39,--,269,118398,买盘
804,10:56:59,4.39,--,20,8780,买盘
805,10:56:38,4.39,--,50,21950,买盘
806,10:56:14,4.39,--,54,23706,买盘
807,10:56:04,4.39,--,3,1317,买盘
808,10:55:29,4.39,--,5,2195,买盘
809,10:55:14,4.39,0.01,281,123358,买盘
810,10:54:59,4.38,-0.01,1,438,卖盘
811,10:54:44,4.39,--,890,390841,卖盘
812,10:54:29,4.39,--,11,4829,卖盘
813,10:54:19,4.39,--,7,3073,卖盘
814,10:54:14,4.39,--,184,81083,买盘
815,10:54:04,4.39,--,1,438,买盘
816,10:53:53,4.39,0.01,500,219499,买盘
817,10:53:34,4.38,--,5,2190,卖盘
818,10:53:29,4.38,-0.01,9,4117,卖盘
819,10:53:23,4.39,--,500,219499,买盘
820,10:53:19,4.39,0.01,5,2195,买盘
821,10:53:08,4.38,-0.01,55,24090,卖盘
822,10:53:04,4.39,--,70,30729,买盘
823,10:52:59,4.39,0.01,100,43900,买盘
824,10:52:44,4.38,--,4,1752,卖盘
825,10:52:34,4.38,--,60,26280,卖盘
826,10:52:23,4.38,-0.01,11,4818,卖盘
827,10:52:08,4.39,--,10,4390,买盘
828,10:51:58,4.39,--,10,4390,买盘
829,10:51:53,4.39,--,12,5268,买盘
830,10:51:43,4.39,--,110,48290,买盘
831,10:51:34,4.39,-0.01,604,265287,卖盘
832,10:51:23,4.4,--,7,3080,买盘
833,10:51:19,4.4,0.01,48,21120,买盘
834,10:50:58,4.39,--,1,438,卖盘
835,10:50:38,4.39,--,10,4390,卖盘
836,10:50:23,4.39,--,100,43900,卖盘
837,10:49:53,4.39,--,32,14047,卖盘
838,10:49:43,4.39,--,100,43900,卖盘
839,10:49:28,4.39,--,80,35120,卖盘
840,10:49:13,4.39,--,72,31607,卖盘
841,10:49:08,4.39,--,49,21712,卖盘
842,10:49:02,4.39,--,54,23706,卖盘
843,10:48:53,4.39,--,21,9394,卖盘
844,10:48:43,4.39,--,7,3073,卖盘
845,10:48:38,4.39,--,4,1931,卖盘
846,10:48:32,4.39,-0.01,20,8780,卖盘
847,10:48:28,4.4,0.01,52,22880,买盘
848,10:48:23,4.39,--,5,2195,卖盘
849,10:48:17,4.39,--,4,1755,卖盘
850,10:48:02,4.39,-0.01,23,10097,卖盘
851,10:47:58,4.4,0.01,1,440,买盘
852,10:47:28,4.39,--,50,21950,卖盘
853,10:47:23,4.39,--,192,84288,卖盘
854,10:47:13,4.39,--,49,21511,卖盘
855,10:47:02,4.39,-0.01,338,148382,卖盘
856,10:46:43,4.4,0.01,27,11880,买盘
857,10:46:37,4.39,-0.01,258,113261,卖盘
858,10:46:28,4.4,0.01,1,440,买盘
859,10:46:22,4.39,--,11,4829,卖盘
860,10:46:13,4.39,--,37,16242,卖盘
861,10:46:07,4.39,--,53,23267,卖盘
862,10:46:02,4.39,--,5,2195,卖盘
863,10:45:43,4.39,--,36,15803,卖盘
864,10:45:37,4.39,--,4,1755,卖盘
865,10:45:22,4.39,--,51,22389,卖盘
866,10:45:17,4.39,--,202,88678,卖盘
867,10:45:02,4.39,--,17,7462,卖盘
868,10:44:52,4.39,--,50,21950,卖盘
869,10:44:37,4.39,--,20,8780,卖盘
870,10:44:17,4.39,--,2,877,卖盘
871,10:44:07,4.39,--,7,3073,卖盘
872,10:44:02,4.39,--,5,2195,卖盘
873,10:43:37,4.39,--,60,26339,卖盘
874,10:43:17,4.39,-0.01,30,13169,卖盘
875,10:42:47,4.4,0.01,30,13200,买盘
876,10:42:41,4.39,--,2,877,卖盘
877,10:42:22,4.39,-0.01,14,6146,卖盘
878,10:42:07,4.4,0.01,1,440,买盘
879,10:41:56,4.39,--,50,21950,卖盘
880,10:41:52,4.39,--,32,14047,卖盘
881,10:41:32,4.39,--,20,8780,卖盘
882,10:41:17,4.39,-0.01,23,10097,卖盘
883,10:41:02,4.4,0.01,7,3080,买盘
884,10:40:52,4.39,--,20,8780,卖盘
885,10:40:31,4.39,--,78,34242,卖盘
886,10:40:26,4.39,--,700,307300,卖盘
887,10:40:22,4.39,--,25,10975,卖盘
888,10:39:52,4.39,--,1,438,卖盘
889,10:39:37,4.39,--,2,877,卖盘
890,10:39:31,4.39,--,1,438,卖盘
891,10:39:26,4.39,-0.01,1,438,卖盘
892,10:39:16,4.4,0.01,45,19800,买盘
893,10:39:11,4.39,--,1,438,卖盘
894,10:38:01,4.39,-0.01,20,8780,卖盘
895,10:37:41,4.4,0.01,7,3080,买盘
896,10:37:31,4.39,--,20,8780,卖盘
897,10:37:26,4.39,--,20,8780,卖盘
898,10:37:11,4.39,--,144,63215,卖盘
899,10:36:56,4.39,--,15,6584,卖盘
900,10:36:41,4.39,-0.01,20,8780,卖盘
901,10:36:36,4.4,--,109,47960,买盘
902,10:36:31,4.4,0.01,39,17160,买盘
903,10:36:11,4.39,-0.01,33,14486,卖盘
904,10:36:06,4.4,0.01,1,440,买盘
905,10:35:50,4.39,--,36,15803,卖盘
906,10:35:46,4.39,--,56,24584,卖盘
907,10:35:41,4.39,-0.01,36,15803,卖盘
908,10:35:26,4.4,--,772,339680,买盘
909,10:35:01,4.4,0.01,20,8800,买盘
910,10:34:56,4.39,--,59,25900,卖盘
911,10:34:50,4.39,--,20,8780,卖盘
912,10:34:31,4.39,-0.01,22,9658,卖盘
913,10:34:26,4.4,--,246,108240,买盘
914,10:34:11,4.4,--,709,311960,买盘
915,10:34:01,4.4,0.01,234,102960,买盘
916,10:32:35,4.39,--,2,877,卖盘
917,10:32:26,4.39,--,11,4829,卖盘
918,10:32:16,4.39,--,5,2195,卖盘
919,10:32:01,4.39,--,1,438,卖盘
920,10:31:46,4.39,-0.01,500,219499,卖盘
921,10:31:40,4.4,0.01,1,440,买盘
922,10:31:31,4.39,-0.01,500,219499,卖盘
923,10:31:16,4.4,0.01,10,4400,买盘
924,10:31:05,4.39,--,1,438,卖盘
925,10:30:55,4.39,-0.01,4,1755,卖盘
926,10:30:45,4.4,--,13,5720,买盘
927,10:30:40,4.4,0.01,1,440,买盘
928,10:30:25,4.39,--,24,10536,卖盘
929,10:30:20,4.39,--,4,1755,卖盘
930,10:30:15,4.39,--,29,12730,卖盘
931,10:29:55,4.39,--,20,8780,卖盘
932,10:29:25,4.39,--,17,7511,卖盘
933,10:29:15,4.39,--,55,24145,卖盘
934,10:29:05,4.39,--,385,169159,买盘
935,10:28:55,4.39,--,236,103603,买盘
936,10:28:45,4.39,0.01,588,258131,买盘
937,10:28:25,4.38,--,2,876,卖盘
938,10:28:20,4.38,-0.01,86,37668,卖盘
939,10:28:05,4.39,0.01,187,82093,买盘
940,10:27:40,4.38,-0.01,1,438,卖盘
941,10:27:30,4.39,0.01,7,3073,买盘
942,10:27:14,4.38,--,89,38982,卖盘
943,10:26:55,4.38,-0.01,1,438,卖盘
944,10:26:50,4.39,0.01,1,438,买盘
945,10:26:35,4.38,-0.01,121,52998,卖盘
946,10:26:29,4.39,--,1,438,买盘
947,10:26:25,4.39,0.01,134,58825,买盘
948,10:26:10,4.38,-0.01,14,6132,卖盘
949,10:25:59,4.39,0.01,3,1317,买盘
950,10:25:50,4.38,-0.01,316,138408,卖盘
951,10:25:44,4.39,0.01,20,8780,买盘
952,10:25:40,4.38,-0.01,2,876,卖盘
953,10:25:35,4.39,0.01,12,5268,买盘
954,10:25:25,4.38,--,13,5913,卖盘
955,10:25:10,4.38,--,16,7008,卖盘
956,10:24:55,4.38,-0.01,14,6132,卖盘
957,10:24:44,4.39,--,100,43900,买盘
958,10:24:40,4.39,--,1350,592944,卖盘
959,10:24:35,4.39,--,10,4390,卖盘
960,10:24:29,4.39,--,100,43900,卖盘
961,10:24:24,4.39,--,144,63215,卖盘
962,10:24:20,4.39,--,52,22828,卖盘
963,10:24:05,4.39,--,867,380915,卖盘
964,10:23:54,4.39,--,9,3950,卖盘
965,10:23:50,4.39,-0.01,50,21950,卖盘
966,10:23:34,4.4,0.01,133,58520,买盘
967,10:23:29,4.39,--,30,13169,卖盘
968,10:23:14,4.39,-0.01,10,4390,卖盘
969,10:23:09,4.4,0.01,10,4400,买盘
970,10:22:54,4.39,--,1,438,卖盘
971,10:22:49,4.39,-0.01,13,5983,卖盘
972,10:22:39,4.4,--,146,64240,买盘
973,10:22:19,4.4,--,119,52364,买盘
974,10:22:09,4.4,--,50,22000,买盘
975,10:21:49,4.4,0.01,135,59400,买盘
976,10:21:34,4.39,-0.01,12,5268,卖盘
977,10:21:29,4.4,--,7,3080,买盘
978,10:20:49,4.4,--,3,1320,买盘
979,10:20:44,4.4,--,10,4400,买盘
980,10:20:39,4.4,--,4,1760,买盘
981,10:20:29,4.4,--,50,22000,买盘
982,10:20:19,4.4,0.01,20,8800,买盘
983,10:20:04,4.39,--,60,26339,卖盘
984,10:19:54,4.39,--,20,8780,卖盘
985,10:19:34,4.39,--,75,32925,买盘
986,10:19:29,4.39,--,50,21950,买盘
987,10:19:19,4.39,--,22,9658,中性盘
988,10:19:14,4.39,--,20,8780,卖盘
989,10:19:04,4.39,--,50,21950,卖盘
990,10:18:49,4.39,--,80,35120,买盘
991,10:18:44,4.39,--,97,42583,买盘
992,10:18:38,4.39,--,281,123389,卖盘
993,10:18:34,4.39,--,86,37754,卖盘
994,10:18:29,4.39,--,34,14925,卖盘
995,10:18:23,4.39,--,11,4829,卖盘
996,10:18:19,4.39,--,184,80776,卖盘
997,10:18:14,4.39,--,15,6584,卖盘
998,10:17:53,4.39,-0.01,4,1755,卖盘
999,10:17:49,4.4,0.01,22,9680,买盘
1000,10:17:44,4.39,--,22,9658,卖盘
1001,10:17:29,4.39,--,13,5707,卖盘
1002,10:17:18,4.39,--,27,12261,卖盘
1003,10:17:13,4.39,--,33,14486,卖盘
1004,10:17:08,4.39,--,20,8780,卖盘
1005,10:17:03,4.39,-0.01,486,213353,卖盘
1006,10:16:48,4.4,0.01,100,44000,买盘
1007,10:16:44,4.39,-0.01,7,3073,卖盘
1008,10:16:33,4.4,--,72,31680,买盘
1009,10:16:29,4.4,--,30,13200,买盘
1010,10:16:23,4.4,0.01,50,22000,买盘
1011,10:16:18,4.39,--,80,35120,卖盘
1012,10:16:08,4.39,--,7,3073,卖盘
1013,10:16:03,4.39,-0.01,237,104148,卖盘
1014,10:15:59,4.4,--,15,6600,卖盘
1015,10:15:48,4.4,--,99,43560,卖盘
1016,10:15:33,4.4,--,52,23214,买盘
1017,10:15:23,4.4,--,56,24745,卖盘
1018,10:15:18,4.4,--,36,15840,卖盘
1019,10:15:13,4.4,--,232,102080,卖盘
1020,10:15:08,4.4,--,82,36080,卖盘
1021,10:15:03,4.4,--,333,146520,卖盘
1022,10:14:58,4.4,--,679,299094,买盘
1023,10:14:43,4.4,--,127,55880,买盘
1024,10:14:33,4.4,--,70,30800,买盘
1025,10:14:18,4.4,--,70,30800,买盘
1026,10:14:13,4.4,--,221,97240,买盘
1027,10:14:03,4.4,--,29,12760,买盘
1028,10:13:58,4.4,--,4,1760,买盘
1029,10:13:48,4.4,0.01,50,22000,买盘
1030,10:13:43,4.39,--,333,146187,卖盘
1031,10:13:28,4.39,-0.01,1353,593967,卖盘
1032,10:13:18,4.4,--,35,15400,买盘
1033,10:13:13,4.4,--,33,14520,买盘
1034,10:12:58,4.4,--,40,17600,买盘
1035,10:12:52,4.4,--,1126,495545,卖盘
1036,10:12:48,4.4,--,23,10120,卖盘
1037,10:12:38,4.4,--,14,6160,卖盘
1038,10:12:18,4.4,-0.01,502,220880,卖盘
1039,10:11:58,4.41,--,1,441,买盘
1040,10:11:52,4.41,0.01,28,12678,买盘
1041,10:11:43,4.4,--,83,36520,卖盘
1042,10:11:37,4.4,-0.01,9,3960,卖盘
1043,10:11:16,4.41,0.01,100,44100,买盘
1044,10:11:13,4.4,-0.01,51,22440,卖盘
1045,10:10:58,4.41,--,20,8820,买盘
1046,10:10:52,4.41,0.01,22,9702,买盘
1047,10:10:37,4.4,--,125,55000,卖盘
1048,10:10:31,4.4,--,109,47960,卖盘
1049,10:10:27,4.4,-0.01,60,26400,卖盘
1050,10:10:22,4.41,0.01,39,17199,卖盘
1051,10:10:16,4.4,--,0,0,卖盘
1052,10:10:12,4.4,--,10,4400,卖盘
1053,10:10:07,4.4,-0.01,207,91080,卖盘
1054,10:10:01,4.41,--,0,198,卖盘
1055,10:09:57,4.41,--,529,233531,买盘
1056,10:09:52,4.41,--,35,15435,买盘
1057,10:09:46,4.41,--,1,441,买盘
1058,10:09:42,4.41,--,439,193797,卖盘
1059,10:09:37,4.41,--,26,11466,卖盘
1060,10:09:31,4.41,-0.01,2,882,卖盘
1061,10:09:27,4.42,0.01,177,78234,买盘
1062,10:09:22,4.41,--,43,18963,卖盘
1063,10:09:12,4.41,--,129,57131,中性盘
1064,10:09:07,4.41,-0.01,64,28224,卖盘
1065,10:09:01,4.42,0.01,13,5746,买盘
1066,10:08:57,4.41,--,49,21609,卖盘
1067,10:08:52,4.41,--,45,19845,卖盘
1068,10:08:46,4.41,--,34,14994,卖盘
1069,10:08:42,4.41,-0.01,8,3528,卖盘
1070,10:08:37,4.42,0.01,272,120224,买盘
1071,10:08:27,4.41,--,9,3969,卖盘
1072,10:08:22,4.41,--,5,2205,卖盘
1073,10:08:16,4.41,--,169,74529,卖盘
1074,10:08:07,4.41,-0.01,150,66150,卖盘
1075,10:07:57,4.42,0.01,672,297024,买盘
1076,10:07:52,4.41,--,25,11025,卖盘
1077,10:07:42,4.41,--,9,3969,卖盘
1078,10:07:37,4.41,-0.01,7,3087,卖盘
1079,10:07:27,4.42,--,3,1326,买盘
1080,10:07:22,4.42,--,57,25194,买盘
1081,10:07:16,4.42,0.01,7,3094,买盘
1082,10:07:12,4.41,-0.01,23,10143,卖盘
1083,10:07:01,4.42,--,50,22100,买盘
1084,10:06:57,4.42,0.01,22,9724,买盘
1085,10:06:52,4.41,-0.01,310,136710,卖盘
1086,10:06:37,4.42,--,62,27404,买盘
1087,10:06:31,4.42,--,402,177763,卖盘
1088,10:06:27,4.42,--,283,125086,卖盘
1089,10:06:22,4.42,--,33,14586,卖盘
1090,10:06:12,4.42,-0.01,57,25194,卖盘
1091,10:06:01,4.43,0.01,7,3101,买盘
1092,10:05:52,4.42,--,103,45526,卖盘
1093,10:05:46,4.42,-0.01,13,5746,卖盘
1094,10:05:42,4.43,0.01,40,17720,买盘
1095,10:05:37,4.42,--,5,2210,卖盘
1096,10:05:31,4.42,--,61,26962,卖盘
1097,10:05:22,4.42,--,1,442,卖盘
1098,10:05:16,4.42,--,20,8840,卖盘
1099,10:05:12,4.42,--,221,98044,买盘
1100,10:05:07,4.42,--,187,82654,买盘
1101,10:05:01,4.42,0.01,10,4420,买盘
1102,10:04:52,4.41,-0.01,53,23373,卖盘
1103,10:04:46,4.42,--,1441,636922,买盘
1104,10:04:42,4.42,--,92,40664,买盘
1105,10:04:37,4.42,--,212,93704,买盘
1106,10:04:31,4.42,--,43,19006,买盘
1107,10:04:26,4.42,--,48,21216,买盘
1108,10:04:01,4.42,--,574,253708,买盘
1109,10:03:57,4.42,--,30,13260,买盘
1110,10:03:52,4.42,0.01,99,43758,买盘
1111,10:03:46,4.41,-0.01,5,2205,卖盘
1112,10:03:37,4.42,--,6,2652,买盘
1113,10:03:25,4.42,0.01,28,12376,买盘
1114,10:03:16,4.41,--,110,48510,卖盘
1115,10:03:07,4.41,--,70,30870,卖盘
1116,10:02:51,4.41,--,3,1323,卖盘
1117,10:02:36,4.41,--,275,121275,买盘
1118,10:02:25,4.41,--,200,88200,买盘
1119,10:02:21,4.41,--,5,2205,买盘
1120,10:02:16,4.41,--,11,4851,买盘
1121,10:02:10,4.41,--,50,22050,买盘
1122,10:01:51,4.41,--,200,88200,买盘
1123,10:01:46,4.41,--,25,11025,买盘
1124,10:01:36,4.41,--,1007,444087,买盘
1125,10:01:31,4.41,0.01,8,3528,买盘
1126,10:01:21,4.4,--,90,39600,卖盘
1127,10:00:55,4.4,-0.01,11,4840,卖盘
1128,10:00:51,4.41,--,100,44100,买盘
1129,10:00:40,4.41,0.01,101,44541,买盘
1130,10:00:36,4.4,--,45,19800,卖盘
1131,10:00:21,4.4,-0.01,25,11000,卖盘
1132,10:00:01,4.41,--,26,11466,买盘
1133,09:59:55,4.41,-0.01,30,13230,买盘
1134,09:59:51,4.42,0.01,104,45968,买盘
1135,09:59:36,4.41,-0.01,101,44541,中性盘
1136,09:59:30,4.42,0.01,200,88400,买盘
1137,09:59:21,4.41,--,134,59094,卖盘
1138,09:59:15,4.41,--,627,276507,买盘
1139,09:59:06,4.41,--,400,176400,买盘
1140,09:58:55,4.41,--,368,162288,卖盘
1141,09:58:51,4.41,-0.01,659,290619,卖盘
1142,09:58:45,4.42,--,31,13702,买盘
1143,09:58:40,4.42,0.01,2,884,买盘
1144,09:58:36,4.41,-0.01,1064,469224,卖盘
1145,09:58:30,4.42,0.01,111,49062,买盘
1146,09:58:21,4.41,-0.01,25,11025,卖盘
1147,09:58:15,4.42,--,10,4420,买盘
1148,09:58:10,4.42,0.01,28,12376,买盘
1149,09:58:06,4.41,--,51,22491,卖盘
1150,09:58:00,4.41,--,200,88200,卖盘
1151,09:57:51,4.41,--,25,11025,卖盘
1152,09:57:45,4.41,--,2,882,卖盘
1153,09:57:40,4.41,--,86,37926,卖盘
1154,09:57:36,4.41,--,67,29547,卖盘
1155,09:57:30,4.41,--,10,4410,卖盘
1156,09:57:25,4.41,--,4,1764,卖盘
1157,09:57:21,4.41,--,24,10584,卖盘
1158,09:57:15,4.41,--,10,4410,卖盘
1159,09:57:10,4.41,--,5,2205,卖盘
1160,09:56:55,4.41,-0.01,300,132300,卖盘
1161,09:56:50,4.42,--,1,442,买盘
1162,09:56:45,4.42,--,20,8840,买盘
1163,09:56:40,4.42,0.01,133,58786,买盘
1164,09:56:30,4.41,-0.01,7,3087,卖盘
1165,09:56:25,4.42,0.01,10,4420,买盘
1166,09:56:21,4.41,-0.01,37,16317,卖盘
1167,09:56:15,4.42,--,8,3536,买盘
1168,09:56:10,4.42,--,41,18122,买盘
1169,09:56:00,4.42,--,1440,636480,买盘
1170,09:55:45,4.42,--,160,70720,买盘
1171,09:55:40,4.42,0.01,38,16796,买盘
1172,09:55:34,4.41,-0.01,8,3528,卖盘
1173,09:55:30,4.42,--,20,8840,买盘
1174,09:55:19,4.42,--,11,4862,买盘
1175,09:55:15,4.42,0.01,121,53482,买盘
1176,09:55:10,4.41,--,118,52038,卖盘
1177,09:55:00,4.41,-0.01,50,22050,卖盘
1178,09:54:55,4.42,0.01,9,3978,买盘
1179,09:54:49,4.41,--,4,1764,卖盘
1180,09:54:45,4.41,--,200,88200,卖盘
1181,09:54:40,4.41,--,94,41454,买盘
1182,09:54:34,4.41,--,42,18522,卖盘
1183,09:54:30,4.41,-0.01,24,10584,卖盘
1184,09:54:25,4.42,0.01,37,16354,买盘
1185,09:54:19,4.41,--,532,234612,买盘
1186,09:54:15,4.41,--,20,8820,买盘
1187,09:54:10,4.41,0.01,106,46746,买盘
1188,09:54:00,4.4,--,140,61600,卖盘
1189,09:53:55,4.4,--,22,9680,卖盘
1190,09:53:49,4.4,-0.01,10,4400,卖盘
1191,09:53:45,4.41,--,73,32193,买盘
1192,09:53:40,4.41,--,31,13671,买盘
1193,09:53:25,4.41,0.01,121,53361,买盘
1194,09:53:15,4.4,-0.01,100,44000,卖盘
1195,09:53:10,4.41,--,9,3969,买盘
1196,09:53:04,4.41,--,10,4410,买盘
1197,09:53:00,4.41,--,272,119952,买盘
1198,09:52:55,4.41,--,13,5733,买盘
1199,09:52:49,4.41,--,23,10143,买盘
1200,09:52:45,4.41,--,18,7938,买盘
1201,09:52:40,4.41,--,76,33516,买盘
1202,09:52:34,4.41,--,4,1764,买盘
1203,09:52:30,4.41,--,99,43659,买盘
1204,09:52:19,4.41,--,5,2205,买盘
1205,09:52:15,4.41,--,10,4410,买盘
1206,09:52:09,4.41,--,5,2205,买盘
1207,09:52:04,4.41,--,98,43218,买盘
1208,09:52:00,4.41,--,20,8820,买盘
1209,09:51:54,4.41,--,260,114660,买盘
1210,09:51:49,4.41,0.01,5,2205,买盘
1211,09:51:39,4.4,--,10,4400,卖盘
1212,09:51:34,4.4,-0.01,10,4400,卖盘
1213,09:51:30,4.41,0.01,10,4410,买盘
1214,09:51:24,4.4,--,61,26840,卖盘
1215,09:51:15,4.4,-0.01,70,30804,卖盘
1216,09:51:00,4.41,0.01,2,882,买盘
1217,09:50:54,4.4,--,28,12320,买盘
1218,09:50:49,4.4,--,10,4400,买盘
1219,09:50:44,4.4,0.01,1301,572440,买盘
1220,09:50:30,4.39,-0.01,19,8341,卖盘
1221,09:50:19,4.4,0.01,100,44000,买盘
1222,09:50:09,4.39,--,9,3950,卖盘
1223,09:50:04,4.39,--,7,3073,卖盘
1224,09:49:54,4.39,--,90,39510,买盘
1225,09:49:49,4.39,--,1297,569383,买盘
1226,09:49:34,4.39,--,296,129943,买盘
1227,09:49:24,4.39,--,134,58825,买盘
1228,09:49:19,4.39,0.01,471,206768,买盘
1229,09:49:14,4.38,-0.01,1,438,卖盘
1230,09:49:09,4.39,--,208,91312,买盘
1231,09:49:04,4.39,--,244,107115,买盘
1232,09:48:59,4.39,--,3,1317,买盘
1233,09:48:54,4.39,--,105,46095,买盘
1234,09:48:49,4.39,--,260,114139,买盘
1235,09:48:39,4.39,0.01,20,8780,买盘
1236,09:48:34,4.38,-0.01,2,876,卖盘
1237,09:48:13,4.39,--,200,87800,买盘
1238,09:48:09,4.39,--,42,18438,买盘
1239,09:48:04,4.39,--,600,263400,买盘
1240,09:47:54,4.39,0.01,15,6584,买盘
1241,09:47:49,4.38,-0.01,62,27156,卖盘
1242,09:47:43,4.39,--,100,43900,买盘
1243,09:47:39,4.39,0.01,20,8780,买盘
1244,09:47:34,4.38,--,274,120012,卖盘
1245,09:47:28,4.38,--,3,1314,卖盘
1246,09:47:24,4.38,-0.01,52,22776,卖盘
1247,09:47:19,4.39,0.01,60,26339,买盘
1248,09:46:43,4.38,-0.01,5,2190,卖盘
1249,09:46:39,4.39,--,304,133456,买盘
1250,09:46:34,4.39,0.01,50,21950,买盘
1251,09:46:28,4.38,-0.01,6,2628,卖盘
1252,09:46:24,4.39,0.01,100,43900,买盘
1253,09:46:13,4.38,--,7,3066,卖盘
1254,09:46:09,4.38,--,7,3066,卖盘
1255,09:46:04,4.38,--,1427,625026,卖盘
1256,09:45:58,4.38,--,2,876,卖盘
1257,09:45:49,4.38,--,7,3066,卖盘
1258,09:45:43,4.38,-0.01,47,20586,卖盘
1259,09:45:39,4.39,0.01,1403,615917,买盘
1260,09:45:34,4.38,--,5,2190,卖盘
1261,09:45:24,4.38,--,7,3066,卖盘
1262,09:45:09,4.38,--,5,2190,卖盘
1263,09:45:04,4.38,-0.01,16,7008,卖盘
1264,09:44:58,4.39,0.01,5,2195,买盘
1265,09:44:43,4.38,--,10,4380,卖盘
1266,09:44:39,4.38,-0.01,231,101178,卖盘
1267,09:44:33,4.39,--,50,21950,买盘
1268,09:44:18,4.39,--,140,61459,买盘
1269,09:44:13,4.39,--,101,44339,买盘
1270,09:44:09,4.39,0.01,620,272180,买盘
1271,09:44:03,4.38,-0.01,34,14892,卖盘
1272,09:43:58,4.39,--,129,56630,买盘
1273,09:43:54,4.39,--,30,13169,买盘
1274,09:43:43,4.39,--,80,35120,买盘
1275,09:43:39,4.39,0.01,476,208963,买盘
1276,09:43:33,4.38,-0.01,8,3504,卖盘
1277,09:43:28,4.39,--,10,4390,买盘
1278,09:43:18,4.39,--,32,14047,买盘
1279,09:42:58,4.39,--,238,104481,买盘
1280,09:42:54,4.39,0.01,9,3950,买盘
1281,09:42:48,4.38,-0.01,73,31974,卖盘
1282,09:42:43,4.39,--,7,3073,买盘
1283,09:42:13,4.39,--,32,14047,买盘
1284,09:42:03,4.39,0.01,6,2634,买盘
1285,09:41:53,4.38,-0.01,119,52122,卖盘
1286,09:41:48,4.39,0.01,207,90873,买盘
1287,09:41:33,4.38,-0.01,17,7446,卖盘
1288,09:41:28,4.39,0.01,5,2195,买盘
1289,09:41:23,4.38,-0.01,52,22776,卖盘
1290,09:41:18,4.39,0.01,2,877,买盘
1291,09:41:13,4.38,--,39,17082,卖盘
1292,09:40:58,4.38,--,100,43800,卖盘
1293,09:40:48,4.38,--,38,16644,卖盘
1294,09:40:37,4.38,-0.01,25,10950,卖盘
1295,09:40:33,4.39,0.01,28,12292,买盘
1296,09:40:28,4.38,--,24,10512,卖盘
1297,09:40:18,4.38,-0.01,12,5256,卖盘
1298,09:40:13,4.39,--,248,108871,买盘
1299,09:40:07,4.39,0.01,61,26778,买盘
1300,09:40:03,4.38,--,19,8322,卖盘
1301,09:39:58,4.38,-0.01,67,29346,卖盘
1302,09:39:52,4.39,0.01,17,7462,买盘
1303,09:39:48,4.38,-0.01,47,20586,卖盘
1304,09:39:43,4.39,0.01,194,85166,买盘
1305,09:39:37,4.38,-0.01,17,7446,卖盘
1306,09:39:33,4.39,--,124,54435,买盘
1307,09:39:28,4.39,-0.01,496,217743,卖盘
1308,09:39:18,4.4,0.01,130,57200,买盘
1309,09:39:13,4.39,-0.01,7,3073,卖盘
1310,09:39:03,4.4,0.01,48,21120,买盘
1311,09:38:58,4.39,--,358,157162,买盘
1312,09:38:52,4.39,--,50,21950,买盘
1313,09:38:48,4.39,0.01,344,151016,买盘
1314,09:38:43,4.38,-0.01,48,21024,卖盘
1315,09:38:37,4.39,--,12,5268,买盘
1316,09:38:33,4.39,--,68,29851,买盘
1317,09:38:28,4.39,0.01,5,2195,买盘
1318,09:38:18,4.38,-0.01,14,6132,卖盘
1319,09:38:03,4.39,--,138,60581,买盘
1320,09:37:58,4.39,0.01,76,33364,买盘
1321,09:37:48,4.38,-0.01,12,5256,卖盘
1322,09:37:43,4.39,--,1,438,买盘
1323,09:37:37,4.39,0.01,17,7462,买盘
1324,09:37:33,4.38,--,7,3066,卖盘
1325,09:37:13,4.38,--,20,8760,卖盘
1326,09:37:03,4.38,--,223,97674,买盘
1327,09:36:58,4.38,--,4,1752,买盘
1328,09:36:52,4.38,--,100,43800,买盘
1329,09:36:48,4.38,--,363,158994,买盘
1330,09:36:42,4.38,--,360,157680,买盘
1331,09:36:33,4.38,--,10,4380,买盘
1332,09:36:27,4.38,--,158,69204,买盘
1333,09:36:22,4.38,--,10,4380,买盘
1334,09:36:18,4.38,--,50,21900,买盘
1335,09:36:12,4.38,--,283,123954,买盘
1336,09:36:03,4.38,0.01,138,60444,买盘
1337,09:35:57,4.37,-0.01,23,10051,卖盘
1338,09:35:42,4.38,--,10,4380,买盘
1339,09:35:37,4.38,--,56,24528,买盘
1340,09:35:33,4.38,0.01,43,18834,买盘
1341,09:35:27,4.37,--,115,50255,卖盘
1342,09:35:22,4.37,-0.01,17,7429,卖盘
1343,09:35:18,4.38,0.01,2,876,买盘
1344,09:35:12,4.37,-0.01,106,46322,卖盘
1345,09:35:02,4.38,--,89,38982,买盘
1346,09:34:57,4.38,--,151,66138,买盘
1347,09:34:52,4.38,--,51,22338,买盘
1348,09:34:47,4.38,0.01,15,6570,买盘
1349,09:34:42,4.37,--,51,22287,卖盘
1350,09:34:37,4.37,-0.01,2,874,卖盘
1351,09:34:32,4.38,--,250,109500,买盘
1352,09:34:27,4.38,0.01,38,16644,买盘
1353,09:34:22,4.37,-0.01,164,71668,卖盘
1354,09:34:17,4.38,--,275,120450,买盘
1355,09:34:12,4.38,--,184,80592,买盘
1356,09:34:07,4.38,--,10,4380,买盘
1357,09:34:02,4.38,0.01,6,2628,买盘
1358,09:33:52,4.37,-0.01,13,5681,卖盘
1359,09:33:47,4.38,0.01,9,3942,买盘
1360,09:33:42,4.37,-0.01,1,437,卖盘
1361,09:33:27,4.38,0.01,761,333318,买盘
1362,09:33:22,4.37,-0.01,293,128041,卖盘
1363,09:33:17,4.38,--,7,3066,买盘
1364,09:33:12,4.38,--,402,176076,买盘
1365,09:33:02,4.38,0.01,5,2190,买盘
1366,09:32:57,4.37,-0.01,55,24035,卖盘
1367,09:32:52,4.38,--,12,5256,买盘
1368,09:32:42,4.38,--,95,41610,买盘
1369,09:32:37,4.38,--,20,8760,买盘
1370,09:32:31,4.38,--,55,24090,买盘
1371,09:32:27,4.38,--,149,65262,卖盘
1372,09:32:22,4.38,--,30,13140,卖盘
1373,09:32:12,4.38,0.01,173,75774,买盘
1374,09:32:07,4.37,--,400,174800,卖盘
1375,09:32:01,4.37,-0.01,10,4370,卖盘
1376,09:31:57,4.38,0.01,2,876,买盘
1377,09:31:52,4.37,--,40,17480,卖盘
1378,09:31:46,4.37,--,45,19665,卖盘
1379,09:31:42,4.37,-0.01,2,874,卖盘
1380,09:31:37,4.38,--,9,3942,买盘
1381,09:31:27,4.38,--,88,38544,买盘
1382,09:31:22,4.38,0.01,36,15768,买盘
1383,09:31:12,4.37,--,64,27968,买盘
1384,09:31:07,4.37,--,54,23598,卖盘
1385,09:31:01,4.37,--,30,13110,卖盘
1386,09:30:57,4.37,--,364,159068,买盘
1387,09:30:42,4.37,--,22,9614,买盘
1388,09:30:37,4.37,-0.01,336,146832,卖盘
1389,09:30:27,4.38,0.01,50,21900,买盘
1390,09:30:22,4.37,--,0,0,卖盘
1391,09:30:16,4.37,--,307,134159,卖盘
1392,09:30:12,4.37,0.01,375,163875,卖盘
1393,09:30:07,4.36,--,1772,772592,卖盘
1394,09:28:49,4.36,--,0,0,卖盘
1395,09:25:06,4.36,4.36,134,58424,买盘
