,time,price,change,volume,amount,type
0,15:00:00,257.21,--,0,0,卖盘
1,15:00:00,257.21,-0.39,0,0,卖盘
2,14:59:59,257.6,0.3,72,1854720,买盘
3,14:59:55,257.3,-0.2,34,874820,买盘
4,14:59:51,257.5,--,24,618000,买盘
5,14:59:46,257.5,0.26,125,3218750,买盘
6,14:59:40,257.24,0.14,29,749854,买盘
7,14:59:36,257.1,0.08,16,411360,中性盘
8,14:59:31,257.02,-0.22,36,925271,中性盘
9,14:59:25,257.24,0.22,18,465604,买盘
10,14:59:21,257.02,0.02,39,1007775,买盘
11,14:59:16,257.0,0.01,29,745300,买盘
12,14:59:10,256.99,0.08,109,2801191,买盘
13,14:59:06,256.91,0.01,2,51382,中性盘
14,14:59:01,256.9,--,126,3236939,卖盘
15,14:58:55,256.9,-0.09,35,899149,卖盘
16,14:58:51,256.99,0.08,33,848067,买盘
17,14:58:45,256.91,-0.09,44,1130404,卖盘
18,14:58:40,257.0,0.01,58,1490600,买盘
19,14:58:36,256.99,-0.01,28,719572,中性盘
20,14:58:30,257.0,0.01,39,1002300,买盘
21,14:58:25,256.99,--,21,562808,卖盘
22,14:58:21,256.99,--,42,1081927,卖盘
23,14:58:15,256.99,--,13,334087,中性盘
24,14:58:10,256.99,-0.01,77,1987046,卖盘
25,14:58:06,257.0,--,43,1105100,卖盘
26,14:58:00,257.0,0.03,19,505776,买盘
27,14:57:55,256.97,0.03,39,1004752,中性盘
28,14:57:51,256.94,-0.05,30,770820,卖盘
29,14:57:45,256.99,--,67,1721833,卖盘
30,14:57:40,256.99,--,10,256990,卖盘
31,14:57:36,256.99,--,23,598786,买盘
32,14:57:30,256.99,--,38,976562,买盘
33,14:57:25,256.99,-0.01,21,539679,中性盘
34,14:57:20,257.0,0.1,54,1387800,买盘
35,14:57:15,256.9,--,8,205519,卖盘
36,14:57:10,256.9,-0.1,33,847769,卖盘
37,14:57:05,257.0,--,19,488300,买盘
38,14:57:00,257.0,--,4,102800,买盘
39,14:56:55,257.0,0.24,40,1028000,买盘
40,14:56:50,256.76,-0.14,9,231084,卖盘
41,14:56:45,256.9,-0.09,5,128449,卖盘
42,14:56:40,256.99,-0.31,16,411184,中性盘
43,14:56:35,257.3,0.3,23,591790,买盘
44,14:56:30,257.0,--,19,488300,买盘
45,14:56:25,257.0,-0.09,14,382930,卖盘
46,14:56:20,257.09,0.28,69,1776491,买盘
47,14:56:15,256.81,-0.19,30,792258,卖盘
48,14:56:10,257.0,--,49,1263155,卖盘
49,14:56:05,257.0,-0.09,8,205600,中性盘
50,14:56:00,257.09,0.09,6,154253,买盘
51,14:55:55,257.0,-0.09,16,411200,中性盘
52,14:55:50,257.09,0.09,20,514179,中性盘
53,14:55:45,257.0,-0.25,13,334100,卖盘
54,14:55:40,257.25,0.05,29,748597,买盘
55,14:55:35,257.2,-0.05,12,321500,卖盘
56,14:55:30,257.25,0.05,10,257250,买盘
57,14:55:25,257.2,0.41,17,450100,买盘
58,14:55:20,256.79,-0.21,31,798616,中性盘
59,14:55:15,257.0,--,59,1516300,买盘
60,14:55:10,257.0,0.01,72,1850400,买盘
61,14:55:05,256.99,-0.01,1,25699,中性盘
62,14:55:00,257.0,0.4,108,2775600,买盘
63,14:54:55,256.6,0.01,258,6622846,中性盘
64,14:54:50,256.59,0.04,25,641474,买盘
65,14:54:45,256.55,-0.04,84,2155020,卖盘
66,14:54:40,256.59,0.01,25,641474,买盘
67,14:54:34,256.58,-0.08,21,538818,卖盘
68,14:54:30,256.66,0.08,51,1308966,买盘
69,14:54:25,256.58,0.03,18,461844,买盘
70,14:54:19,256.55,-0.1,17,436135,中性盘
71,14:54:15,256.65,0.06,52,1334579,买盘
72,14:54:10,256.59,0.08,24,615815,买盘
73,14:54:04,256.51,0.06,28,718228,中性盘
74,14:54:00,256.45,-0.15,4,120531,卖盘
75,14:53:55,256.6,0.02,28,736442,买盘
76,14:53:49,256.58,0.07,19,505462,买盘
77,14:53:45,256.51,-0.07,10,256510,卖盘
78,14:53:40,256.58,0.09,14,359212,买盘
79,14:53:34,256.49,-0.09,21,538629,卖盘
80,14:53:30,256.58,0.07,6,153948,买盘
81,14:53:25,256.51,0.07,56,1436456,买盘
82,14:53:19,256.44,-0.07,29,743676,卖盘
83,14:53:15,256.51,0.06,13,333463,买盘
84,14:53:10,256.45,0.01,102,2631689,买盘
85,14:53:04,256.44,-0.01,15,384660,中性盘
86,14:53:00,256.45,--,47,1207879,买盘
87,14:52:55,256.45,0.01,71,1820795,买盘
88,14:52:49,256.44,--,19,492621,卖盘
89,14:52:45,256.44,0.02,12,307728,买盘
90,14:52:40,256.42,0.02,55,1412874,中性盘
91,14:52:34,256.4,0.1,2,51279,买盘
92,14:52:25,256.3,-0.08,13,333190,买盘
93,14:52:19,256.38,0.08,34,871692,买盘
94,14:52:15,256.3,-0.14,2,51260,中性盘
95,14:52:10,256.44,-0.04,4,102576,买盘
96,14:52:04,256.48,0.18,5,128240,买盘
97,14:52:00,256.3,--,1,35882,买盘
98,14:51:55,256.3,-0.18,1,41008,卖盘
99,14:51:49,256.48,0.1,52,1333696,买盘
100,14:51:45,256.38,-0.1,17,435846,卖盘
101,14:51:40,256.48,0.06,57,1461936,买盘
102,14:51:34,256.42,0.04,7,179494,买盘
103,14:51:30,256.38,-0.04,10,256380,卖盘
104,14:51:24,256.42,0.02,3,76926,买盘
105,14:51:19,256.4,-0.08,7,179479,卖盘
106,14:51:15,256.48,0.1,121,3103408,买盘
107,14:51:09,256.38,-0.02,19,487122,卖盘
108,14:51:04,256.4,-0.02,5,128199,卖盘
109,14:51:00,256.42,-0.06,35,897470,卖盘
110,14:50:54,256.48,--,8,205184,买盘
111,14:50:49,256.48,-0.01,17,436016,中性盘
112,14:50:45,256.49,0.09,43,1102907,买盘
113,14:50:39,256.4,--,1,25639,买盘
114,14:50:34,256.4,-0.09,33,869195,卖盘
115,14:50:30,256.49,--,10,256490,买盘
116,14:50:24,256.49,0.05,32,820768,买盘
117,14:50:19,256.44,0.04,38,974472,中性盘
118,14:50:14,256.4,-0.08,33,848683,卖盘
119,14:50:09,256.48,0.08,11,282128,买盘
120,14:50:04,256.4,0.02,13,333319,买盘
121,14:49:59,256.38,0.03,38,974244,买盘
122,14:49:54,256.35,--,2,51270,卖盘
123,14:49:49,256.35,--,50,1292004,买盘
124,14:49:44,256.35,--,11,281985,买盘
125,14:49:39,256.35,0.05,1,25635,买盘
126,14:49:34,256.3,--,17,435710,卖盘
127,14:49:29,256.3,0.31,50,1281500,卖盘
128,14:49:24,255.99,-0.01,35,895965,中性盘
129,14:49:19,256.0,--,36,921600,买盘
130,14:49:14,256.0,-0.1,98,2508800,卖盘
131,14:49:09,256.1,0.03,6,153660,买盘
132,14:49:04,256.07,0.06,3,76821,买盘
133,14:48:59,256.01,0.01,83,2130259,买盘
134,14:48:54,256.0,--,68,1740800,买盘
135,14:48:49,256.0,0.07,2,51200,买盘
136,14:48:44,255.93,--,4,102372,中性盘
137,14:48:39,255.93,-0.07,3,76779,卖盘
138,14:48:34,256.0,0.01,23,588800,买盘
139,14:48:29,255.99,0.09,43,1100757,买盘
140,14:48:19,255.9,--,13,348024,买盘
141,14:48:14,255.9,0.12,2,51180,买盘
142,14:48:09,255.78,-0.12,5,127890,卖盘
143,14:48:04,255.9,0.17,8,204720,买盘
144,14:47:59,255.73,--,0,0,卖盘
145,14:47:54,255.73,--,0,0,卖盘
146,14:47:49,255.73,--,0,0,卖盘
147,14:47:43,255.73,-0.05,7,181568,卖盘
148,14:47:39,255.78,-0.22,1,25578,中性盘
149,14:47:34,256.0,0.02,29,742400,买盘
150,14:47:28,255.98,0.24,12,307176,买盘
151,14:47:24,255.74,0.01,6,153444,买盘
152,14:47:19,255.73,--,29,765655,买盘
153,14:47:13,255.73,--,7,179011,买盘
154,14:47:09,255.73,--,4,102292,买盘
155,14:47:04,255.73,-0.27,35,895055,卖盘
156,14:46:58,256.0,0.26,36,921600,买盘
157,14:46:54,255.74,0.03,1,25574,卖盘
158,14:46:49,255.71,-0.27,6,162120,卖盘
159,14:46:43,255.98,0.1,43,1100714,买盘
160,14:46:39,255.88,-0.12,15,383820,卖盘
161,14:46:34,256.0,0.28,8,204800,买盘
162,14:46:28,255.72,-0.23,8,204576,中性盘
163,14:46:24,255.95,0.05,10,255950,买盘
164,14:46:19,255.9,0.19,2,51180,买盘
165,14:46:13,255.71,-0.08,34,869414,卖盘
166,14:46:09,255.79,0.05,24,613896,买盘
167,14:46:04,255.74,-0.16,9,230166,卖盘
168,14:45:58,255.9,0.11,55,1407450,买盘
169,14:45:54,255.79,0.05,14,358106,买盘
170,14:45:49,255.74,-0.05,30,767220,卖盘
171,14:45:43,255.79,-0.11,3,76737,中性盘
172,14:45:39,255.9,0.02,16,409440,买盘
173,14:45:34,255.88,--,8,204704,买盘
174,14:45:28,255.88,0.16,19,486172,买盘
175,14:45:19,255.72,-0.17,2,51144,卖盘
176,14:45:13,255.89,-0.01,26,665314,买盘
177,14:45:09,255.9,0.24,8,204720,买盘
178,14:45:04,255.66,--,22,562452,中性盘
179,14:44:58,255.66,0.03,9,230094,买盘
180,14:44:54,255.63,-0.16,4,102252,卖盘
181,14:44:49,255.79,0.13,38,972002,买盘
182,14:44:43,255.66,--,13,332358,买盘
183,14:44:39,255.66,-0.22,5,127830,中性盘
184,14:44:28,255.88,0.22,4,102352,中性盘
185,14:44:24,255.66,-0.23,4,102264,卖盘
186,14:44:18,255.89,0.01,31,793259,买盘
187,14:44:13,255.88,-0.02,4,102352,中性盘
188,14:44:09,255.9,0.1,38,972420,买盘
189,14:44:03,255.8,-0.09,10,255800,卖盘
190,14:43:58,255.89,0.01,6,153534,买盘
191,14:43:54,255.88,-0.01,4,102352,买盘
192,14:43:43,255.89,--,3,76767,买盘
193,14:43:38,255.89,-0.01,8,204712,中性盘
194,14:43:33,255.9,--,2,51180,买盘
195,14:43:28,255.9,--,32,818880,买盘
196,14:43:23,255.9,0.32,2,51180,买盘
197,14:43:18,255.58,-0.32,7,178906,卖盘
198,14:43:13,255.9,0.1,21,537390,买盘
199,14:43:08,255.8,-0.11,6,153480,卖盘
200,14:43:03,255.91,--,0,0,中性盘
201,14:42:58,255.91,-0.07,15,383865,卖盘
202,14:42:53,255.98,0.07,5,127990,中性盘
203,14:42:48,255.91,--,2,53997,买盘
204,14:42:43,255.91,-0.07,8,227503,卖盘
205,14:42:38,255.98,-0.15,3,76794,卖盘
206,14:42:33,256.13,--,0,0,中性盘
207,14:42:28,256.13,0.13,1,25613,买盘
208,14:42:23,256.0,-0.01,3,76800,中性盘
209,14:42:18,256.01,--,0,0,卖盘
210,14:42:13,256.01,0.01,32,837920,买盘
211,14:42:08,256.0,--,18,460800,买盘
212,14:42:03,256.0,-0.13,36,928512,卖盘
213,14:41:58,256.13,0.13,16,409808,中性盘
214,14:41:53,256.0,--,12,325888,买盘
215,14:41:48,256.0,--,31,793600,买盘
216,14:41:43,256.0,-0.14,15,384000,卖盘
217,14:41:38,256.14,-0.15,26,665964,卖盘
218,14:41:33,256.29,-0.01,1,25629,中性盘
219,14:41:28,256.3,0.26,2,51260,买盘
220,14:41:23,256.04,--,0,0,卖盘
221,14:41:18,256.04,0.04,18,460872,买盘
222,14:41:13,256.0,--,26,665600,买盘
223,14:41:08,256.0,--,15,384000,买盘
224,14:41:03,256.0,0.03,4,102400,买盘
225,14:40:58,255.97,-0.33,7,179179,卖盘
226,14:40:53,256.3,0.3,13,333190,买盘
227,14:40:48,256.0,-0.02,2,51200,卖盘
228,14:40:43,256.02,0.11,6,153612,买盘
229,14:40:37,255.91,-0.09,13,353155,卖盘
230,14:40:33,256.0,0.06,51,1313536,买盘
231,14:40:28,255.94,0.03,8,204752,买盘
232,14:40:22,255.91,--,41,1049231,卖盘
233,14:40:12,255.91,-0.02,3,76773,卖盘
234,14:40:07,255.93,-0.07,32,818976,卖盘
235,14:40:03,256.0,--,1,25600,买盘
236,14:39:58,256.0,--,8,204800,买盘
237,14:39:52,256.0,--,8,204800,买盘
238,14:39:48,256.0,--,11,281600,买盘
239,14:39:43,256.0,-0.39,24,614400,卖盘
240,14:39:37,256.39,0.09,20,512780,买盘
241,14:39:32,256.3,-0.02,4,102520,中性盘
242,14:39:28,256.32,-0.06,5,128160,卖盘
243,14:39:22,256.38,-0.12,1,25638,卖盘
244,14:39:17,256.5,0.2,38,974700,买盘
245,14:39:13,256.3,-0.01,43,1109779,卖盘
246,14:39:07,256.31,-0.06,49,1255919,卖盘
247,14:39:02,256.37,0.06,53,1358761,买盘
248,14:38:58,256.31,0.01,5,128155,卖盘
249,14:38:52,256.3,0.3,14,376761,买盘
250,14:38:47,256.0,-0.26,1,25600,卖盘
251,14:38:43,256.26,0.26,35,912541,买盘
252,14:38:37,256.0,--,7,179200,买盘
253,14:38:32,256.0,-0.16,2,51200,中性盘
254,14:38:28,256.16,0.26,47,1203952,买盘
255,14:38:22,255.9,-0.05,3,76770,卖盘
256,14:38:17,255.95,0.16,70,1791650,中性盘
257,14:38:13,255.79,-0.21,26,665054,卖盘
258,14:38:07,256.0,--,111,2841600,买盘
259,14:38:02,256.0,0.02,60,1536000,买盘
260,14:37:58,255.98,0.16,14,358372,买盘
261,14:37:52,255.82,0.04,4,102328,买盘
262,14:37:47,255.78,-0.22,101,2583378,中性盘
263,14:37:42,256.0,0.12,127,3266560,买盘
264,14:37:37,255.88,-0.02,25,639700,卖盘
265,14:37:32,255.9,--,12,307080,买盘
266,14:37:28,255.9,0.4,87,2236566,中性盘
267,14:37:22,255.5,-0.38,295,7542104,卖盘
268,14:37:17,255.88,--,1,25588,买盘
269,14:37:13,255.88,--,12,307056,卖盘
270,14:37:07,255.88,-0.07,31,793228,卖盘
271,14:37:02,255.95,0.07,16,409520,买盘
272,14:36:57,255.88,0.18,2,51176,买盘
273,14:36:52,255.7,-0.2,42,1086980,卖盘
274,14:36:47,255.9,0.2,80,2047455,买盘
275,14:36:42,255.7,--,2,51140,卖盘
276,14:36:37,255.7,--,62,1607074,卖盘
277,14:36:32,255.7,0.16,18,485062,买盘
278,14:36:27,255.54,0.04,34,868836,卖盘
279,14:36:22,255.5,--,28,715400,卖盘
280,14:36:17,255.5,--,68,1737400,卖盘
281,14:36:12,255.5,--,14,357700,卖盘
282,14:36:07,255.5,--,40,1022000,卖盘
283,14:36:02,255.5,-0.03,39,996450,卖盘
284,14:35:57,255.53,0.03,13,332189,买盘
285,14:35:52,255.5,--,29,740950,卖盘
286,14:35:47,255.5,0.4,427,10935144,买盘
287,14:35:42,255.1,--,2,56122,卖盘
288,14:35:37,255.1,--,16,415813,卖盘
289,14:35:32,255.1,0.1,375,9581556,买盘
290,14:35:27,255.0,--,0,0,买盘
291,14:35:22,255.0,0.03,35,905250,买盘
292,14:35:17,254.97,-0.03,0,12748,卖盘
293,14:35:12,255.0,0.01,5,127500,买盘
294,14:35:07,254.99,-0.02,9,229491,卖盘
295,14:35:02,255.01,0.02,13,331513,买盘
296,14:34:57,254.99,-0.01,4,101996,卖盘
297,14:34:52,255.0,--,4,102000,卖盘
298,14:34:47,255.0,-0.01,13,331500,买盘
299,14:34:42,255.01,-0.02,3,91803,卖盘
300,14:34:37,255.03,0.03,35,892605,买盘
301,14:34:32,255.0,--,11,290700,买盘
302,14:34:21,255.0,--,23,586500,买盘
303,14:34:17,255.0,0.01,29,739500,买盘
304,14:34:07,254.99,--,16,407984,买盘
305,14:34:02,254.99,-0.01,6,152994,卖盘
306,14:33:57,255.0,-0.04,7,178500,买盘
307,14:33:51,255.04,0.05,24,612096,买盘
308,14:33:47,254.99,--,4,101996,买盘
309,14:33:42,254.99,-0.03,8,211641,卖盘
310,14:33:36,255.02,0.03,14,357028,买盘
311,14:33:32,254.99,-0.01,10,272839,卖盘
312,14:33:27,255.0,0.04,3,76500,买盘
313,14:33:17,254.96,0.16,1,25496,买盘
314,14:33:06,254.8,-0.17,203,5172440,卖盘
315,14:33:02,254.97,0.15,41,1045377,买盘
316,14:32:52,254.82,--,5,127410,中性盘
317,14:32:47,254.82,--,1,25482,买盘
318,14:32:37,254.82,--,2,50964,买盘
319,14:32:31,254.82,0.02,17,433194,买盘
320,14:32:27,254.8,--,12,305760,买盘
321,14:32:21,254.8,--,1,25480,买盘
322,14:32:16,254.8,-0.16,11,280280,中性盘
323,14:32:12,254.96,0.26,5,127480,买盘
324,14:32:06,254.7,-0.11,61,1553670,卖盘
325,14:32:01,254.81,-0.1,11,295579,卖盘
326,14:31:57,254.91,0.1,3,76473,买盘
327,14:31:51,254.81,-0.01,44,1131356,买盘
328,14:31:46,254.82,--,0,0,买盘
329,14:31:41,254.82,--,7,178374,买盘
330,14:31:36,254.82,--,2,50964,买盘
331,14:31:31,254.82,--,6,152892,买盘
332,14:31:26,254.82,--,1,25482,买盘
333,14:31:16,254.82,--,3,76446,买盘
334,14:31:11,254.82,--,5,127410,买盘
335,14:31:06,254.82,0.19,11,280302,中性盘
336,14:31:01,254.63,-0.06,41,1043983,卖盘
337,14:30:56,254.69,--,11,280159,买盘
338,14:30:51,254.69,-0.14,49,1247981,卖盘
339,14:30:46,254.83,0.01,13,331279,买盘
340,14:30:41,254.82,--,2,50964,买盘
341,14:30:36,254.82,--,0,0,买盘
342,14:30:31,254.82,0.02,13,331266,买盘
343,14:30:26,254.8,--,8,203840,卖盘
344,14:30:21,254.8,-0.02,7,178360,卖盘
345,14:30:16,254.82,-0.01,23,586086,卖盘
346,14:30:11,254.83,--,32,815456,买盘
347,14:30:06,254.83,-0.07,3,76449,中性盘
348,14:30:01,254.9,--,1,25490,买盘
349,14:29:56,254.9,-0.02,1,25490,买盘
350,14:29:51,254.92,--,0,0,买盘
351,14:29:46,254.92,0.1,8,203936,买盘
352,14:29:41,254.82,--,3,76446,卖盘
353,14:29:36,254.82,-0.01,7,178374,卖盘
354,14:29:26,254.83,--,5,127415,卖盘
355,14:29:16,254.83,--,1,25483,卖盘
356,14:29:11,254.83,-0.13,20,509660,卖盘
357,14:29:06,254.96,--,30,764880,买盘
358,14:29:01,254.96,0.11,6,152976,买盘
359,14:28:56,254.85,-0.12,2,50970,卖盘
360,14:28:51,254.97,0.18,3,76491,买盘
361,14:28:46,254.79,-0.19,2,50958,卖盘
362,14:28:41,254.98,0.2,8,203984,买盘
363,14:28:36,254.78,-0.2,1,25478,卖盘
364,14:28:31,254.98,--,9,229482,买盘
365,14:28:16,254.98,-0.02,2,50996,中性盘
366,14:28:11,255.0,0.02,29,739500,买盘
367,14:28:05,254.98,--,1,25498,买盘
368,14:28:01,254.98,-0.02,9,229482,卖盘
369,14:27:56,255.0,--,6,153000,买盘
370,14:27:51,255.0,--,3,76500,买盘
371,14:27:45,255.0,-0.05,3,76500,买盘
372,14:27:40,255.05,0.05,88,2264844,买盘
373,14:27:36,255.0,-0.04,28,714000,卖盘
374,14:27:30,255.04,0.04,52,1326208,买盘
375,14:27:26,255.0,--,1,25500,卖盘
376,14:27:20,255.0,-0.04,1,25500,卖盘
377,14:27:15,255.04,0.05,240,6126060,买盘
378,14:27:11,254.99,--,28,713972,买盘
379,14:27:06,254.99,--,1,25499,买盘
380,14:27:00,254.99,0.07,10,254990,买盘
381,14:26:55,254.92,-0.07,4,101968,中性盘
382,14:26:51,254.99,--,10,254990,买盘
383,14:26:45,254.99,--,2,50998,买盘
384,14:26:41,254.99,--,1,25499,买盘
385,14:26:36,254.99,--,9,229491,卖盘
386,14:26:30,254.99,-0.01,15,382485,卖盘
387,14:26:25,255.0,--,4,102000,中性盘
388,14:26:14,255.0,--,12,306000,卖盘
389,14:26:11,255.0,-0.04,10,255000,卖盘
390,14:26:05,255.04,0.05,35,892640,买盘
391,14:26:00,254.99,-0.01,11,280489,中性盘
392,14:25:56,255.0,-0.04,3,76500,买盘
393,14:25:50,255.04,0.04,30,765120,买盘
394,14:25:45,255.0,--,95,2422500,买盘
395,14:25:41,255.0,0.04,204,5202000,买盘
396,14:25:36,254.96,-0.03,2,50992,中性盘
397,14:25:30,254.99,0.21,44,1121956,买盘
398,14:25:26,254.78,-0.18,4,101912,卖盘
399,14:25:20,254.96,--,2,50992,买盘
400,14:25:15,254.96,0.18,4,101984,买盘
401,14:25:11,254.78,-0.22,36,917208,卖盘
402,14:25:06,255.0,0.2,20,510000,买盘
403,14:25:00,254.8,--,42,1087996,买盘
404,14:24:51,254.8,-0.17,27,695604,卖盘
405,14:24:45,254.97,0.17,52,1325844,买盘
406,14:24:30,254.8,0.1,11,298116,买盘
407,14:24:25,254.7,0.14,33,840510,买盘
408,14:24:15,254.56,0.06,18,460753,买盘
409,14:24:10,254.5,--,8,203600,买盘
410,14:24:05,254.5,--,2,50900,买盘
411,14:24:00,254.5,--,1,25450,买盘
412,14:23:55,254.5,--,36,916200,买盘
413,14:23:50,254.5,--,2,50900,买盘
414,14:23:45,254.5,-0.01,11,302855,卖盘
415,14:23:40,254.51,-0.07,8,203608,卖盘
416,14:23:35,254.58,0.08,1,25458,买盘
417,14:23:15,254.5,--,13,330850,卖盘
418,14:23:10,254.5,--,1,25450,卖盘
419,14:23:00,254.5,0.49,8,206145,买盘
420,14:22:55,254.01,-0.08,33,843313,卖盘
421,14:22:50,254.09,0.03,17,431953,卖盘
422,14:22:45,254.06,0.06,2,50812,买盘
423,14:22:40,254.0,--,4,101600,卖盘
424,14:22:35,254.0,--,1,25400,卖盘
425,14:22:30,254.0,0.05,146,3717544,买盘
426,14:22:25,253.95,0.01,90,2285550,买盘
427,14:22:20,253.94,0.04,6,152364,买盘
428,14:22:15,253.9,-0.04,2,50780,卖盘
429,14:22:10,253.94,--,12,307267,买盘
430,14:22:05,253.94,--,1,25394,买盘
431,14:22:00,253.94,0.04,4,101576,买盘
432,14:21:55,253.9,--,0,4570,买盘
433,14:21:45,253.9,-0.05,9,249329,卖盘
434,14:21:40,253.95,--,29,736455,买盘
435,14:21:35,253.95,0.05,2,50790,买盘
436,14:21:25,253.9,0.01,2,55350,买盘
437,14:21:20,253.89,--,3,76167,卖盘
438,14:21:15,253.89,--,24,609336,买盘
439,14:21:10,253.89,0.03,2,50778,买盘
440,14:21:05,253.86,-0.01,9,228474,卖盘
441,14:20:59,253.87,-0.02,1,25387,卖盘
442,14:20:50,253.89,0.02,7,177723,买盘
443,14:20:45,253.87,-0.01,2,50774,卖盘
444,14:20:39,253.88,-0.01,11,286630,中性盘
445,14:20:35,253.89,--,3,76167,买盘
446,14:20:30,253.89,--,1,25389,买盘
447,14:20:24,253.89,-0.02,40,1015560,卖盘
448,14:20:20,253.91,--,1,25391,买盘
449,14:20:14,253.91,--,4,101564,买盘
450,14:20:09,253.91,0.01,1,25391,买盘
451,14:20:05,253.9,-0.01,5,126950,卖盘
452,14:19:59,253.91,--,4,101564,买盘
453,14:19:54,253.91,-0.03,9,228519,买盘
454,14:19:50,253.94,--,1,25394,买盘
455,14:19:44,253.94,-0.01,2,50788,中性盘
456,14:19:39,253.95,--,34,863430,买盘
457,14:19:34,253.95,--,2,50790,买盘
458,14:19:30,253.95,0.05,2,50790,买盘
459,14:19:24,253.9,-0.02,12,304680,卖盘
460,14:19:20,253.92,--,11,279312,买盘
461,14:19:15,253.92,0.05,28,710976,买盘
462,14:19:09,253.87,-0.04,10,253870,卖盘
463,14:19:04,253.91,0.04,3,76173,买盘
464,14:19:00,253.87,--,4,101548,卖盘
465,14:18:54,253.87,-0.05,32,812384,中性盘
466,14:18:49,253.92,--,5,126960,买盘
467,14:18:45,253.92,--,2,50784,买盘
468,14:18:39,253.92,-0.01,2,50784,中性盘
469,14:18:34,253.93,0.07,16,406288,买盘
470,14:18:30,253.86,-0.06,5,126930,卖盘
471,14:18:24,253.92,--,8,203136,买盘
472,14:18:20,253.92,0.06,8,203136,买盘
473,14:18:14,253.86,--,0,0,卖盘
474,14:18:09,253.86,-0.07,1,25386,卖盘
475,14:18:05,253.93,--,25,634825,买盘
476,14:17:54,253.93,-0.01,3,76179,中性盘
477,14:17:39,253.94,0.05,2,50788,买盘
478,14:17:35,253.89,-0.06,14,355446,卖盘
479,14:17:29,253.95,--,7,177765,买盘
480,14:17:24,253.95,0.01,2,50790,买盘
481,14:17:20,253.94,0.07,31,787214,中性盘
482,14:17:15,253.87,-0.08,6,152322,卖盘
483,14:17:09,253.95,0.15,3,76185,买盘
484,14:17:04,253.8,-0.15,5,131976,卖盘
485,14:16:54,253.95,0.09,2,50790,中性盘
486,14:16:49,253.86,-0.1,6,152316,卖盘
487,14:16:44,253.96,--,4,101584,买盘
488,14:16:39,253.96,--,29,736484,买盘
489,14:16:34,253.96,0.1,14,355544,买盘
490,14:16:30,253.86,--,3,76158,中性盘
491,14:16:24,253.86,0.16,2,50772,买盘
492,14:16:19,253.7,-0.07,6,152220,卖盘
493,14:16:09,253.77,-0.09,1,25377,卖盘
494,14:16:04,253.86,--,22,558492,卖盘
495,14:15:59,253.86,--,4,101544,卖盘
496,14:15:54,253.86,--,0,0,卖盘
497,14:15:49,253.86,-0.12,4,101544,卖盘
498,14:15:39,253.98,0.1,2,50796,买盘
499,14:15:29,253.88,0.09,2,50776,买盘
500,14:15:24,253.79,-0.09,0,5583,卖盘
501,14:15:19,253.88,-0.12,4,101552,中性盘
502,14:15:14,254.0,--,2,50800,买盘
503,14:15:09,254.0,0.17,30,762000,买盘
504,14:15:04,253.83,-0.08,16,407143,卖盘
505,14:14:59,253.91,--,2,50782,买盘
506,14:14:54,253.91,0.03,2,50782,中性盘
507,14:14:49,253.88,0.01,73,1875157,买盘
508,14:14:44,253.87,--,2,50774,买盘
509,14:14:39,253.87,-0.01,3,76161,买盘
510,14:14:34,253.88,0.05,6,152328,买盘
511,14:14:24,253.83,-0.05,11,279213,卖盘
512,14:14:14,253.88,--,4,101552,买盘
513,14:14:09,253.88,--,24,609312,买盘
514,14:14:04,253.88,0.01,12,304656,买盘
515,14:13:59,253.87,-0.01,1,25387,买盘
516,14:13:54,253.88,0.02,38,967282,买盘
517,14:13:48,253.86,-0.02,6,152316,卖盘
518,14:13:44,253.88,--,12,304656,买盘
519,14:13:39,253.88,0.03,3,76164,买盘
520,14:13:33,253.85,--,32,812320,买盘
521,14:13:29,253.85,0.12,13,330005,买盘
522,14:13:24,253.73,-0.04,2,50746,卖盘
523,14:13:18,253.77,--,7,177639,买盘
524,14:13:14,253.77,0.07,4,101508,买盘
525,14:13:08,253.7,-0.07,1,25370,卖盘
526,14:13:03,253.77,--,2,65218,买盘
527,14:12:59,253.77,0.08,5,126885,买盘
528,14:12:53,253.69,--,0,0,中性盘
529,14:12:48,253.69,-0.01,1,25369,中性盘
530,14:12:44,253.7,--,2,50740,买盘
531,14:12:38,253.7,--,5,126850,买盘
532,14:12:33,253.7,0.1,10,253700,买盘
533,14:12:29,253.6,--,9,228240,卖盘
534,14:12:23,253.6,-0.08,2,50720,卖盘
535,14:12:08,253.68,0.08,1,25368,买盘
536,14:12:03,253.6,-0.08,11,278960,卖盘
537,14:11:59,253.68,0.08,3,87519,买盘
538,14:11:53,253.6,--,2,50720,卖盘
539,14:11:43,253.6,0.04,2,50720,卖盘
540,14:11:38,253.56,0.26,178,4533145,买盘
541,14:11:33,253.3,0.04,34,866792,买盘
542,14:11:28,253.26,-0.18,4,101304,卖盘
543,14:11:23,253.44,0.18,1,25344,买盘
544,14:11:18,253.26,--,1,45080,买盘
545,14:11:14,253.26,0.04,35,886410,买盘
546,14:11:08,253.22,-0.04,2,50644,卖盘
547,14:11:03,253.26,--,16,405216,买盘
548,14:10:58,253.26,0.04,16,405216,买盘
549,14:10:53,253.22,-0.04,2,50644,卖盘
550,14:10:43,253.26,0.13,3,79017,买盘
551,14:10:38,253.13,--,3,75939,买盘
552,14:10:33,253.13,-0.13,29,734077,卖盘
553,14:10:29,253.26,-0.24,9,227934,卖盘
554,14:10:23,253.5,--,5,126750,买盘
555,14:10:18,253.5,0.24,6,152100,买盘
556,14:10:08,253.26,--,1,25326,卖盘
557,14:09:48,253.26,0.06,6,151956,卖盘
558,14:09:43,253.2,0.2,25,633000,买盘
559,14:09:38,253.0,-0.2,7,177100,卖盘
560,14:09:33,253.2,--,249,6305186,买盘
561,14:09:28,253.2,--,3,75960,买盘
562,14:09:23,253.2,0.11,2,50640,买盘
563,14:09:18,253.09,--,7,177163,卖盘
564,14:09:13,253.09,-0.06,132,3340788,卖盘
565,14:09:08,253.15,--,2,52655,买盘
566,14:09:03,253.15,--,3,97209,买盘
567,14:08:58,253.15,0.01,7,177205,买盘
568,14:08:48,253.14,0.06,7,177198,买盘
569,14:08:43,253.08,--,3,75924,卖盘
570,14:08:38,253.08,0.08,61,1551380,买盘
571,14:08:33,253.0,--,6,151800,买盘
572,14:08:28,253.0,0.08,59,1492700,买盘
573,14:08:23,252.92,--,0,0,卖盘
574,14:08:18,252.92,-0.08,8,202336,卖盘
575,14:08:13,253.0,0.08,3,75900,买盘
576,14:08:08,252.92,0.02,7,177044,买盘
577,14:08:03,252.9,--,55,1400054,买盘
578,14:07:58,252.9,--,42,1062180,卖盘
579,14:07:53,252.9,-0.01,7,177030,卖盘
580,14:07:48,252.91,--,15,379365,买盘
581,14:07:43,252.91,-0.09,6,151746,买盘
582,14:07:38,253.0,0.09,29,733700,买盘
583,14:07:33,252.91,--,31,784021,卖盘
584,14:07:28,252.91,-0.01,6,151746,卖盘
585,14:07:23,252.92,--,23,581716,卖盘
586,14:07:18,252.92,--,5,126460,买盘
587,14:07:13,252.92,--,4,101168,买盘
588,14:07:08,252.92,--,2,50584,买盘
589,14:07:03,252.92,--,22,556424,卖盘
590,14:06:57,252.92,-0.03,2,50584,卖盘
591,14:06:53,252.95,0.03,16,404720,买盘
592,14:06:48,252.92,0.02,3,75876,中性盘
593,14:06:42,252.9,--,25,632250,卖盘
594,14:06:38,252.9,--,5,126450,卖盘
595,14:06:33,252.9,-0.06,11,278190,中性盘
596,14:06:27,252.96,0.22,2,50592,买盘
597,14:06:23,252.74,-0.16,1,25274,卖盘
598,14:06:18,252.9,-0.08,6,151740,卖盘
599,14:06:12,252.98,0.02,2,50596,买盘
600,14:06:08,252.96,-0.02,2,50592,卖盘
601,14:06:03,252.98,-0.05,30,758940,卖盘
602,14:05:57,253.03,-0.02,20,506060,卖盘
603,14:05:53,253.05,--,3,75915,中性盘
604,14:05:48,253.05,-0.11,3,75915,卖盘
605,14:05:42,253.16,0.06,15,379740,买盘
606,14:05:38,253.1,-0.06,5,126550,卖盘
607,14:05:33,253.16,--,16,415941,卖盘
608,14:05:27,253.16,--,0,0,卖盘
609,14:05:23,253.16,-0.06,8,202528,卖盘
610,14:05:12,253.22,--,5,126610,买盘
611,14:05:08,253.22,--,7,177254,买盘
612,14:04:57,253.22,-0.08,4,101288,卖盘
613,14:04:53,253.3,-0.24,34,861220,中性盘
614,14:04:42,253.54,-0.02,8,202832,中性盘
615,14:04:38,253.56,0.25,5,126780,买盘
616,14:04:32,253.31,-0.1,30,759930,卖盘
617,14:04:27,253.41,-0.13,1,25341,卖盘
618,14:04:23,253.54,-0.01,4,120177,卖盘
619,14:04:17,253.55,--,3,82657,卖盘
620,14:04:12,253.55,-0.01,4,101420,卖盘
621,14:04:07,253.56,0.01,7,177492,买盘
622,14:03:57,253.55,-0.01,6,152130,卖盘
623,14:03:52,253.56,--,8,202848,买盘
624,14:03:47,253.56,-0.01,16,405696,卖盘
625,14:03:42,253.57,-0.01,3,76071,卖盘
626,14:03:37,253.58,--,31,786098,中性盘
627,14:03:32,253.58,-0.01,5,126790,卖盘
628,14:03:27,253.59,--,13,329667,买盘
629,14:03:22,253.59,-0.11,5,126795,买盘
630,14:03:17,253.7,0.11,10,253700,买盘
631,14:03:12,253.59,-0.01,4,101436,卖盘
632,14:03:07,253.6,--,4,108794,买盘
633,14:03:02,253.6,--,8,220885,卖盘
634,14:02:57,253.6,--,8,202880,卖盘
635,14:02:52,253.6,--,22,565274,买盘
636,14:02:42,253.6,--,26,682184,卖盘
637,14:02:37,253.6,-0.1,4,103976,卖盘
638,14:02:27,253.7,0.1,5,126850,买盘
639,14:02:22,253.6,-0.1,4,101440,卖盘
640,14:02:17,253.7,--,5,126850,买盘
641,14:02:12,253.7,0.14,10,253700,买盘
642,14:02:07,253.56,-0.14,6,152136,卖盘
643,14:02:02,253.7,0.1,2,50740,买盘
644,14:01:57,253.6,0.04,2,50720,中性盘
645,14:01:52,253.56,0.01,2,50712,中性盘
646,14:01:42,253.55,--,2,50710,卖盘
647,14:01:37,253.55,--,4,101420,卖盘
648,14:01:32,253.55,--,1,25355,中性盘
649,14:01:27,253.55,-0.17,33,836715,卖盘
650,14:01:22,253.72,-0.05,6,152232,卖盘
651,14:01:17,253.77,-0.02,10,253770,中性盘
652,14:01:11,253.79,0.02,3,76137,买盘
653,14:01:07,253.77,0.24,2,50754,中性盘
654,14:01:02,253.53,-0.24,1,25353,卖盘
655,14:00:57,253.77,--,6,152262,买盘
656,14:00:52,253.77,0.09,5,126885,买盘
657,14:00:42,253.68,0.18,2,50736,买盘
658,14:00:36,253.5,-0.18,1,25350,卖盘
659,14:00:27,253.68,0.09,1,25368,中性盘
660,14:00:17,253.59,--,0,0,卖盘
661,14:00:12,253.59,-0.09,45,1141155,卖盘
662,14:00:06,253.68,0.08,6,152208,卖盘
663,13:59:51,253.6,-0.11,8,202880,卖盘
664,13:59:41,253.71,--,3,76113,卖盘
665,13:59:36,253.71,-0.08,29,735759,卖盘
666,13:59:27,253.79,-0.01,11,279169,卖盘
667,13:59:21,253.8,--,3,76140,买盘
668,13:59:17,253.8,0.01,2,50760,买盘
669,13:59:12,253.79,--,5,126895,卖盘
670,13:59:06,253.79,-0.06,5,126895,卖盘
671,13:58:57,253.85,0.05,6,152310,买盘
672,13:58:51,253.8,--,4,101520,中性盘
673,13:58:47,253.8,-0.05,1,25380,卖盘
674,13:58:41,253.85,0.01,4,101540,买盘
675,13:58:36,253.84,-0.01,29,736136,中性盘
676,13:58:32,253.85,0.67,3,76155,买盘
677,13:58:27,253.18,-0.52,14,354452,卖盘
678,13:58:21,253.7,-0.1,43,1090910,卖盘
679,13:58:17,253.8,-0.05,2,50760,卖盘
680,13:58:12,253.85,0.05,2,50770,买盘
681,13:58:06,253.8,--,5,126900,卖盘
682,13:58:02,253.8,0.1,4,101520,中性盘
683,13:57:56,253.7,-0.16,1,25370,卖盘
684,13:57:50,253.86,0.16,7,177702,买盘
685,13:57:47,253.7,-0.1,1,25370,卖盘
686,13:57:41,253.8,0.1,3,76140,买盘
687,13:57:36,253.7,-0.1,2,50740,卖盘
688,13:57:32,253.8,0.1,13,329940,买盘
689,13:57:26,253.7,--,1,25370,卖盘
690,13:57:21,253.7,--,3,76110,卖盘
691,13:57:17,253.7,0.03,6,159323,买盘
692,13:57:11,253.67,--,0,0,中性盘
693,13:57:06,253.67,-0.01,17,431239,卖盘
694,13:57:02,253.68,--,0,0,卖盘
695,13:56:56,253.68,-0.15,1,25368,卖盘
696,13:56:51,253.83,-0.04,8,203064,买盘
697,13:56:46,253.87,--,4,101548,买盘
698,13:56:41,253.87,--,0,0,买盘
699,13:56:36,253.87,0.22,6,152322,买盘
700,13:56:31,253.65,-0.15,7,177555,卖盘
701,13:56:26,253.8,--,1,25380,卖盘
702,13:56:21,253.8,0.15,81,2055780,买盘
703,13:56:16,253.65,0.01,9,242743,中性盘
704,13:56:06,253.64,-0.04,6,152184,卖盘
705,13:56:01,253.68,--,1,25368,买盘
706,13:55:56,253.68,--,1,25368,买盘
707,13:55:51,253.68,0.03,3,76104,买盘
708,13:55:46,253.65,--,3,96387,卖盘
709,13:55:36,253.65,-0.03,1,30438,卖盘
710,13:55:31,253.68,--,5,126840,买盘
711,13:55:26,253.68,--,3,76104,买盘
712,13:55:21,253.68,--,3,76104,买盘
713,13:55:16,253.68,--,2,71030,卖盘
714,13:55:11,253.68,--,1,25368,卖盘
715,13:55:06,253.68,-0.12,5,131913,卖盘
716,13:55:01,253.8,0.12,29,736020,买盘
717,13:54:56,253.68,-0.11,11,279048,卖盘
718,13:54:50,253.79,--,7,177653,买盘
719,13:54:46,253.79,0.09,7,177653,买盘
720,13:54:41,253.7,0.02,3,76110,买盘
721,13:54:36,253.68,-0.02,35,887880,卖盘
722,13:54:30,253.7,--,10,253700,卖盘
723,13:54:26,253.7,--,1,25370,卖盘
724,13:54:20,253.7,--,3,76110,卖盘
725,13:54:15,253.7,-0.17,3,76110,买盘
726,13:54:11,253.87,--,3,81746,买盘
727,13:54:06,253.87,0.79,3,76161,买盘
728,13:54:00,253.08,-0.76,3,75924,卖盘
729,13:53:51,253.84,0.16,7,177688,买盘
730,13:53:44,253.68,0.03,13,329784,买盘
731,13:53:41,253.65,-0.15,14,355110,卖盘
732,13:53:36,253.8,0.14,28,710640,买盘
733,13:53:30,253.66,--,2,50732,买盘
734,13:53:21,253.66,-0.14,6,152196,中性盘
735,13:53:15,253.8,0.15,5,126900,买盘
736,13:53:06,253.65,-0.01,1,25365,卖盘
737,13:53:00,253.66,--,22,558052,卖盘
738,13:52:56,253.66,0.63,63,1620887,买盘
739,13:52:51,253.03,--,5,126515,卖盘
740,13:52:45,253.03,-0.02,9,227727,卖盘
741,13:52:40,253.05,0.02,2,50610,买盘
742,13:52:36,253.03,-0.03,6,151818,卖盘
743,13:52:30,253.06,--,40,1014770,买盘
744,13:52:25,253.06,--,0,0,买盘
745,13:52:21,253.06,--,0,0,买盘
746,13:52:15,253.06,0.03,2,50612,中性盘
747,13:52:05,253.03,-0.04,4,101212,卖盘
748,13:52:00,253.07,0.03,14,354298,买盘
749,13:51:56,253.04,--,3,75912,卖盘
750,13:51:51,253.04,-0.16,2,50608,中性盘
751,13:51:45,253.2,--,0,0,买盘
752,13:51:40,253.2,0.14,1,25320,买盘
753,13:51:36,253.06,-0.14,7,177142,卖盘
754,13:51:29,253.2,--,18,455760,买盘
755,13:51:25,253.2,--,14,354480,卖盘
756,13:51:21,253.2,--,2,50640,卖盘
757,13:51:14,253.2,-0.1,23,582360,卖盘
758,13:51:11,253.3,-0.07,2,50660,卖盘
759,13:51:06,253.37,--,5,126685,买盘
760,13:51:00,253.37,--,1,25337,买盘
761,13:50:55,253.37,--,6,152022,卖盘
762,13:50:50,253.37,--,5,126685,卖盘
763,13:50:45,253.37,-0.02,3,76011,卖盘
764,13:50:41,253.39,0.02,1,25339,中性盘
765,13:50:35,253.37,-0.12,34,861458,卖盘
766,13:50:30,253.49,--,7,200257,买盘
767,13:50:25,253.49,0.1,10,253490,买盘
768,13:50:20,253.39,-0.11,0,2533,卖盘
769,13:50:14,253.5,0.3,5,126750,买盘
770,13:50:10,253.2,-0.3,1,25320,卖盘
771,13:50:05,253.5,--,0,0,买盘
772,13:49:59,253.5,0.3,31,785850,买盘
773,13:49:56,253.2,--,5,126600,卖盘
774,13:49:50,253.2,0.16,9,251680,买盘
775,13:49:45,253.04,-0.01,90,2300133,卖盘
776,13:49:40,253.05,-0.15,20,508630,卖盘
777,13:49:35,253.2,--,3,75960,买盘
778,13:49:30,253.2,--,2,50640,买盘
779,13:49:25,253.2,-0.19,49,1240680,卖盘
780,13:49:20,253.39,0.06,9,228051,买盘
781,13:49:15,253.33,0.3,5,126665,买盘
782,13:49:10,253.03,-0.27,7,177121,卖盘
783,13:49:05,253.3,0.27,2,50660,买盘
784,13:49:00,253.03,--,13,334505,卖盘
785,13:48:55,253.03,0.02,32,832721,买盘
786,13:48:50,253.01,-0.02,9,227709,中性盘
787,13:48:45,253.03,--,5,126515,买盘
788,13:48:40,253.03,0.03,8,202424,买盘
789,13:48:35,253.0,--,0,0,买盘
790,13:48:30,253.0,--,12,325105,买盘
791,13:48:25,253.0,--,4,101200,买盘
792,13:48:20,253.0,--,2,50600,买盘
793,13:48:15,253.0,0.5,35,885500,买盘
794,13:48:10,252.5,--,19,479750,买盘
795,13:48:05,252.5,-0.5,6,151500,卖盘
796,13:48:00,253.0,0.5,6,151800,买盘
797,13:47:55,252.5,0.28,20,507525,买盘
798,13:47:50,252.22,-0.09,53,1336766,卖盘
799,13:47:45,252.31,-0.03,7,201091,中性盘
800,13:47:40,252.34,0.13,46,1171109,买盘
801,13:47:35,252.21,-0.01,5,126105,买盘
802,13:47:30,252.22,0.21,33,832326,买盘
803,13:47:25,252.01,-0.02,20,504776,卖盘
804,13:47:20,252.03,-0.03,27,680481,卖盘
805,13:47:15,252.06,0.03,8,201648,中性盘
806,13:47:10,252.03,-0.18,20,504060,卖盘
807,13:47:05,252.21,-0.01,9,226989,卖盘
808,13:47:00,252.22,--,9,226998,买盘
809,13:46:55,252.22,--,104,2623088,买盘
810,13:46:50,252.22,0.12,100,2522200,买盘
811,13:46:45,252.1,-0.11,29,731090,卖盘
812,13:46:39,252.21,0.11,56,1429274,买盘
813,13:46:35,252.1,--,14,352940,买盘
814,13:46:30,252.1,-0.08,98,2470580,中性盘
815,13:46:24,252.18,-0.03,79,1992222,中性盘
816,13:46:20,252.21,0.01,6,151326,中性盘
817,13:46:15,252.2,-0.02,6,151320,卖盘
818,13:46:09,252.22,--,126,3177972,买盘
819,13:46:05,252.22,-0.08,111,2823602,卖盘
820,13:46:00,252.3,-0.14,4,100920,卖盘
821,13:45:53,252.44,-0.26,26,673762,卖盘
822,13:45:50,252.7,-0.1,1,25270,卖盘
823,13:45:44,252.8,0.58,2,50560,中性盘
824,13:45:39,252.22,-0.67,99,2496978,卖盘
825,13:45:30,252.89,--,17,429913,卖盘
826,13:45:24,252.89,-0.11,3,75867,卖盘
827,13:45:19,253.0,--,10,253000,买盘
828,13:45:15,253.0,-0.03,20,506000,卖盘
829,13:45:08,253.03,--,41,1057665,卖盘
830,13:45:04,253.03,-0.37,2,50606,卖盘
831,13:45:00,253.4,-0.1,6,152040,卖盘
832,13:44:54,253.5,-0.09,6,152100,卖盘
833,13:44:49,253.59,0.04,1,25359,买盘
834,13:44:44,253.55,--,0,0,中性盘
835,13:44:38,253.55,-0.25,47,1191685,卖盘
836,13:44:34,253.8,0.01,104,2639520,买盘
837,13:44:29,253.79,-0.11,8,203032,卖盘
838,13:44:24,253.9,--,52,1320280,买盘
839,13:44:14,253.9,-0.1,3,76170,卖盘
840,13:44:09,254.0,--,28,711200,买盘
841,13:44:04,254.0,--,0,0,买盘
842,13:44:00,254.0,-0.1,42,1066800,卖盘
843,13:43:53,254.1,-0.06,26,660660,卖盘
844,13:43:49,254.16,0.06,6,152496,买盘
845,13:43:44,254.1,-0.06,5,127050,卖盘
846,13:43:38,254.16,--,2,50832,中性盘
847,13:43:34,254.16,-0.04,1,25416,卖盘
848,13:43:24,254.2,-0.1,73,1855660,卖盘
849,13:43:19,254.3,--,29,737470,买盘
850,13:43:15,254.3,--,1,25430,买盘
851,13:43:08,254.3,-0.09,20,516483,卖盘
852,13:43:04,254.39,-0.01,4,101756,中性盘
853,13:42:59,254.4,--,9,228960,卖盘
854,13:42:54,254.4,0.05,11,279840,买盘
855,13:42:49,254.35,0.05,8,203480,买盘
856,13:42:44,254.3,--,1,25430,卖盘
857,13:42:38,254.3,-0.01,29,750947,卖盘
858,13:42:34,254.31,-0.04,5,127155,卖盘
859,13:42:29,254.35,-0.05,8,203480,卖盘
860,13:42:24,254.4,-0.01,30,763200,买盘
861,13:42:19,254.41,0.01,10,254410,买盘
862,13:42:14,254.4,--,1,25440,买盘
863,13:42:09,254.4,-0.05,2,50880,买盘
864,13:42:04,254.45,-0.05,9,229005,中性盘
865,13:41:53,254.5,--,0,0,买盘
866,13:41:49,254.5,--,29,738050,买盘
867,13:41:44,254.5,--,0,0,买盘
868,13:41:39,254.5,0.09,5,127250,买盘
869,13:41:34,254.41,-0.15,12,305292,卖盘
870,13:41:24,254.56,0.1,52,1323712,买盘
871,13:41:19,254.46,--,0,0,卖盘
872,13:41:13,254.46,0.04,3,76338,卖盘
873,13:41:08,254.42,-0.04,2,50884,卖盘
874,13:41:04,254.46,-0.23,6,152676,中性盘
875,13:40:59,254.69,--,2,50938,买盘
876,13:40:53,254.69,0.27,20,509380,买盘
877,13:40:49,254.42,0.02,24,627399,买盘
878,13:40:44,254.4,--,14,356160,卖盘
879,13:40:38,254.4,-0.01,13,330720,卖盘
880,13:40:34,254.41,0.04,3,76323,买盘
881,13:40:29,254.37,--,1,25437,卖盘
882,13:40:19,254.37,-0.04,4,101748,卖盘
883,13:40:14,254.41,--,5,127205,买盘
884,13:40:08,254.41,--,38,966758,卖盘
885,13:40:04,254.41,--,8,203528,卖盘
886,13:39:59,254.41,0.11,1,25441,卖盘
887,13:39:53,254.3,-0.11,33,849362,卖盘
888,13:39:49,254.41,0.1,16,407056,买盘
889,13:39:44,254.31,--,0,0,卖盘
890,13:39:38,254.31,--,29,737499,卖盘
891,13:39:34,254.31,-0.1,14,356034,卖盘
892,13:39:29,254.41,0.1,4,101764,买盘
893,13:39:23,254.31,0.01,11,282284,卖盘
894,13:39:19,254.3,--,2,50860,卖盘
895,13:39:08,254.3,--,9,228870,卖盘
896,13:39:04,254.3,0.02,38,966340,买盘
897,13:38:59,254.28,--,0,0,卖盘
898,13:38:53,254.28,-0.1,3,76284,卖盘
899,13:38:49,254.38,0.08,7,178066,买盘
900,13:38:44,254.3,--,8,203440,卖盘
901,13:38:38,254.3,--,6,152580,卖盘
902,13:38:32,254.3,--,18,457740,买盘
903,13:38:29,254.3,--,6,152580,买盘
904,13:38:23,254.3,--,35,890050,买盘
905,13:38:17,254.3,0.02,15,381450,买盘
906,13:38:14,254.28,-0.02,4,101712,卖盘
907,13:38:08,254.3,--,14,356020,卖盘
908,13:38:02,254.3,--,15,381450,卖盘
909,13:37:59,254.3,0.01,1,25430,买盘
910,13:37:53,254.29,0.01,20,508580,买盘
911,13:37:47,254.28,--,3,76284,买盘
912,13:37:44,254.28,--,4,116968,卖盘
913,13:37:38,254.28,--,11,284793,卖盘
914,13:37:32,254.28,0.02,10,254280,卖盘
915,13:37:29,254.26,0.05,6,157641,买盘
916,13:37:23,254.21,-0.09,2,50842,卖盘
917,13:37:17,254.3,0.04,28,712040,买盘
918,13:37:13,254.26,-0.04,1,25426,卖盘
919,13:37:08,254.3,0.01,8,203440,买盘
920,13:37:02,254.29,-0.09,1,25429,卖盘
921,13:36:58,254.38,-0.1,11,279818,卖盘
922,13:36:53,254.48,0.08,1,25448,买盘
923,13:36:47,254.4,--,0,0,买盘
924,13:36:43,254.4,-0.06,2,50880,卖盘
925,13:36:38,254.46,-0.08,54,1374084,卖盘
926,13:36:32,254.54,0.04,28,712712,买盘
927,13:36:28,254.5,--,1,25450,卖盘
928,13:36:23,254.5,--,189,4810050,买盘
929,13:36:17,254.5,--,77,1959650,卖盘
930,13:36:13,254.5,--,2,50900,卖盘
931,13:36:08,254.5,--,9,229050,卖盘
932,13:36:02,254.5,--,31,788950,卖盘
933,13:35:58,254.5,-0.01,38,967100,卖盘
934,13:35:53,254.51,-0.07,10,254510,卖盘
935,13:35:47,254.58,-0.12,10,254580,卖盘
936,13:35:38,254.7,--,3,76410,买盘
937,13:35:32,254.7,-0.02,35,891450,卖盘
938,13:35:28,254.72,0.02,5,127360,买盘
939,13:35:23,254.7,-0.02,3,76410,卖盘
940,13:35:17,254.72,0.02,2,50944,买盘
941,13:35:13,254.7,-0.03,2,50940,卖盘
942,13:35:08,254.73,0.1,6,152838,买盘
943,13:35:02,254.63,--,7,178241,卖盘
944,13:34:47,254.63,--,0,0,卖盘
945,13:34:43,254.63,-0.12,9,229167,卖盘
946,13:34:38,254.75,--,9,229275,买盘
947,13:34:32,254.75,--,0,0,买盘
948,13:34:28,254.75,0.05,1,25475,买盘
949,13:34:17,254.7,--,0,0,中性盘
950,13:34:13,254.7,-0.03,4,101880,买盘
951,13:34:07,254.73,-0.17,2,50946,卖盘
952,13:34:02,254.9,--,30,787641,卖盘
953,13:33:58,254.9,0.1,8,206469,中性盘
954,13:33:52,254.8,-0.06,2,50960,卖盘
955,13:33:43,254.86,-0.11,7,178402,卖盘
956,13:33:37,254.97,--,0,0,买盘
957,13:33:32,254.97,-0.03,20,509940,卖盘
958,13:33:28,255.0,--,16,408000,买盘
959,13:33:17,255.0,-0.08,60,1537650,卖盘
960,13:33:13,255.08,--,1,25508,卖盘
961,13:33:08,255.08,-0.04,15,382620,卖盘
962,13:33:02,255.12,-0.01,53,1352136,中性盘
963,13:32:58,255.13,--,5,127565,买盘
964,13:32:47,255.13,-0.05,7,178591,卖盘
965,13:32:37,255.18,-0.02,5,127590,中性盘
966,13:32:32,255.2,0.02,1,25520,买盘
967,13:32:27,255.18,-0.09,9,229662,卖盘
968,13:32:17,255.27,--,31,791337,买盘
969,13:32:13,255.27,-0.02,29,740283,卖盘
970,13:32:08,255.29,--,2,51058,买盘
971,13:32:02,255.29,--,21,548873,卖盘
972,13:31:58,255.29,0.03,2,63822,卖盘
973,13:31:52,255.26,0.01,7,178682,买盘
974,13:31:47,255.25,-0.04,11,280775,卖盘
975,13:31:43,255.29,--,8,204232,买盘
976,13:31:37,255.29,--,1,25529,买盘
977,13:31:32,255.29,--,44,1123276,卖盘
978,13:31:28,255.29,-0.06,8,204232,卖盘
979,13:31:23,255.35,0.06,1,25535,中性盘
980,13:31:17,255.29,-0.09,6,153174,卖盘
981,13:31:13,255.38,--,37,944906,买盘
982,13:31:08,255.38,0.01,29,740602,买盘
983,13:31:02,255.37,--,58,1481146,买盘
984,13:30:58,255.37,-0.02,24,612888,卖盘
985,13:30:53,255.39,--,1,25539,买盘
986,13:30:47,255.39,0.01,11,280929,中性盘
987,13:30:43,255.38,--,11,280918,卖盘
988,13:30:38,255.38,--,1,25538,卖盘
989,13:30:32,255.38,-0.02,19,485222,中性盘
990,13:30:28,255.4,0.05,18,459720,买盘
991,13:30:23,255.35,--,10,255350,卖盘
992,13:30:17,255.35,0.1,91,2333899,买盘
993,13:30:11,255.25,0.12,58,1496530,买盘
994,13:30:07,255.13,-0.03,82,2092066,卖盘
995,13:30:02,255.16,0.11,4,102064,买盘
996,13:29:56,255.05,--,170,4335850,卖盘
997,13:29:47,255.05,0.03,21,535605,买盘
998,13:29:41,255.02,--,5,133375,买盘
999,13:29:37,255.02,-0.02,3,76506,买盘
1000,13:29:32,255.04,0.04,11,280544,买盘
1001,13:29:26,255.0,0.03,83,2134350,买盘
1002,13:29:23,254.97,-0.02,22,560934,卖盘
1003,13:29:17,254.99,-0.01,1,25499,中性盘
1004,13:29:11,255.0,-0.02,11,280500,买盘
1005,13:29:08,255.02,0.01,52,1326104,买盘
1006,13:29:02,255.01,0.01,59,1504559,买盘
1007,13:28:56,255.0,--,55,1402500,买盘
1008,13:28:52,255.0,0.01,2,51000,买盘
1009,13:28:47,254.99,-0.03,6,152994,卖盘
1010,13:28:41,255.02,--,14,357028,买盘
1011,13:28:37,255.02,--,11,280522,买盘
1012,13:28:32,255.02,0.01,6,153012,买盘
1013,13:28:26,255.01,--,17,433517,卖盘
1014,13:28:17,255.01,-0.01,19,484519,中性盘
1015,13:28:11,255.02,0.11,28,714056,买盘
1016,13:28:07,254.91,--,1,25491,卖盘
1017,13:28:02,254.91,-0.09,4,110121,卖盘
1018,13:27:56,255.0,--,21,552840,买盘
1019,13:27:52,255.0,0.15,51,1300500,买盘
1020,13:27:47,254.85,-0.15,61,1554585,卖盘
1021,13:27:41,255.0,0.09,50,1275000,买盘
1022,13:27:37,254.91,-0.09,1,25491,卖盘
1023,13:27:32,255.0,--,50,1275000,买盘
1024,13:27:26,255.0,--,178,4539000,卖盘
1025,13:27:22,255.0,-0.02,21,535500,卖盘
1026,13:27:17,255.02,0.02,68,1734136,买盘
1027,13:27:11,255.0,--,18,459000,卖盘
1028,13:27:07,255.0,--,8,204000,卖盘
1029,13:27:02,255.0,-0.02,57,1453500,买盘
1030,13:26:56,255.02,0.12,1,25502,买盘
1031,13:26:52,254.9,--,51,1299990,卖盘
1032,13:26:47,254.9,-0.12,5,127450,卖盘
1033,13:26:41,255.02,0.01,5,127510,买盘
1034,13:26:37,255.01,0.01,9,229509,买盘
1035,13:26:31,255.0,--,12,306000,卖盘
1036,13:26:26,255.0,-0.02,23,609450,卖盘
1037,13:26:22,255.02,--,44,1136369,卖盘
1038,13:26:16,255.02,-0.07,18,459036,卖盘
1039,13:26:11,255.09,0.07,10,255090,中性盘
1040,13:26:07,255.02,--,310,7916840,卖盘
1041,13:26:02,255.02,0.01,6,153012,买盘
1042,13:25:56,255.01,--,38,971588,买盘
1043,13:25:52,255.01,0.01,75,1922265,买盘
1044,13:25:46,255.0,0.1,10,255000,买盘
1045,13:25:41,254.9,-0.1,11,280390,中性盘
1046,13:25:37,255.0,0.01,106,2703000,买盘
1047,13:25:31,254.99,0.16,6,152994,买盘
1048,13:25:22,254.83,-0.17,2,50966,卖盘
1049,13:25:16,255.0,--,0,0,买盘
1050,13:25:11,255.0,0.17,228,5814000,买盘
1051,13:25:07,254.83,-0.07,1,28540,卖盘
1052,13:25:01,254.9,--,0,0,买盘
1053,13:24:52,254.9,--,6,161606,买盘
1054,13:24:41,254.9,--,9,246233,买盘
1055,13:24:37,254.9,0.07,4,101960,买盘
1056,13:24:31,254.83,--,0,0,卖盘
1057,13:24:26,254.83,-0.09,1,25483,卖盘
1058,13:24:22,254.92,0.01,15,382380,买盘
1059,13:24:11,254.91,0.08,29,752494,买盘
1060,13:24:07,254.83,0.01,23,586109,买盘
1061,13:24:01,254.82,-0.01,1,25482,卖盘
1062,13:23:56,254.83,-0.07,3,76449,卖盘
1063,13:23:52,254.9,0.07,10,254900,买盘
1064,13:23:41,254.83,--,1,25483,卖盘
1065,13:23:37,254.83,-0.07,1,25483,中性盘
1066,13:23:26,254.9,0.08,1,25490,买盘
1067,13:23:21,254.82,--,0,0,卖盘
1068,13:23:16,254.82,-0.17,9,229338,卖盘
1069,13:23:11,254.99,0.08,29,739471,买盘
1070,13:23:06,254.91,--,12,305892,买盘
1071,13:23:01,254.91,-0.08,33,841203,卖盘
1072,13:22:56,254.99,0.08,9,229491,买盘
1073,13:22:51,254.91,-0.08,2,50982,卖盘
1074,13:22:46,254.99,0.08,1,25499,买盘
1075,13:22:41,254.91,-0.09,1,25491,卖盘
1076,13:22:37,255.0,--,4,102000,买盘
1077,13:22:26,255.0,--,150,3825000,买盘
1078,13:22:21,255.0,--,4,102000,买盘
1079,13:22:11,255.0,0.32,28,714000,买盘
1080,13:22:05,254.68,-0.02,2,50936,卖盘
1081,13:22:01,254.7,--,1,35403,买盘
1082,13:21:56,254.7,-0.21,18,473996,卖盘
1083,13:21:50,254.91,0.01,160,4078560,卖盘
1084,13:21:46,254.9,0.11,76,1947181,买盘
1085,13:21:35,254.79,0.08,3,76437,买盘
1086,13:21:31,254.71,-0.08,4,101884,卖盘
1087,13:21:26,254.79,0.02,1,25479,买盘
1088,13:21:20,254.77,-0.12,4,101908,卖盘
1089,13:21:11,254.89,0.08,29,739181,买盘
1090,13:21:05,254.81,0.02,22,560582,买盘
1091,13:21:01,254.79,-0.02,2,50958,买盘
1092,13:20:56,254.81,--,1,25481,买盘
1093,13:20:50,254.81,--,3,76443,买盘
1094,13:20:46,254.81,0.23,2,50962,买盘
1095,13:20:41,254.58,-0.23,2,50916,卖盘
1096,13:20:35,254.81,0.02,4,101924,中性盘
1097,13:20:31,254.79,-0.02,11,280269,卖盘
1098,13:20:26,254.81,-0.01,1,25481,卖盘
1099,13:20:20,254.82,0.01,6,152892,买盘
1100,13:20:11,254.81,0.23,28,732833,买盘
1101,13:20:05,254.58,-0.08,1,25458,卖盘
1102,13:20:01,254.66,0.08,29,738514,买盘
1103,13:19:50,254.58,--,1,25458,买盘
1104,13:19:46,254.58,0.02,3,76374,买盘
1105,13:19:41,254.56,-0.02,1,25456,卖盘
1106,13:19:35,254.58,--,7,178206,中性盘
1107,13:19:31,254.58,--,7,178206,买盘
1108,13:19:26,254.58,--,0,0,中性盘
1109,13:19:20,254.58,-0.09,1,25458,买盘
1110,13:19:16,254.67,--,0,0,中性盘
1111,13:19:11,254.67,0.11,29,738543,买盘
1112,13:19:05,254.56,-0.02,3,76368,卖盘
1113,13:19:01,254.58,--,0,0,中性盘
1114,13:18:56,254.58,-0.09,1,25458,中性盘
1115,13:18:50,254.67,0.09,12,315790,买盘
1116,13:18:46,254.58,--,0,0,卖盘
1117,13:18:41,254.58,--,9,229122,卖盘
1118,13:18:35,254.58,--,10,254580,卖盘
1119,13:18:31,254.58,--,2,50916,卖盘
1120,13:18:20,254.58,0.04,7,178206,卖盘
1121,13:18:16,254.54,0.08,42,1084340,买盘
1122,13:18:05,254.46,-0.08,31,788826,卖盘
1123,13:18:01,254.54,--,0,0,买盘
1124,13:17:55,254.54,--,4,101816,中性盘
1125,13:17:50,254.54,-0.04,2,50908,买盘
1126,13:17:46,254.58,0.08,2,50916,买盘
1127,13:17:40,254.5,-0.04,5,127250,卖盘
1128,13:17:35,254.54,-0.06,5,127270,卖盘
1129,13:17:31,254.6,0.01,4,101840,买盘
1130,13:17:25,254.59,-0.01,5,127295,中性盘
1131,13:17:20,254.6,-0.03,73,1864945,卖盘
1132,13:17:16,254.63,0.03,7,178241,买盘
1133,13:17:05,254.6,--,38,967480,卖盘
1134,13:17:00,254.6,--,15,381900,卖盘
1135,13:16:55,254.6,--,5,127300,卖盘
1136,13:16:50,254.6,-0.03,14,356440,卖盘
1137,13:16:40,254.63,--,0,0,中性盘
1138,13:16:35,254.63,-0.06,7,178241,中性盘
1139,13:16:30,254.69,0.06,13,331097,买盘
1140,13:16:25,254.63,--,2,50926,卖盘
1141,13:16:20,254.63,--,23,601690,卖盘
1142,13:16:15,254.63,--,7,178241,卖盘
1143,13:16:10,254.63,--,2,50926,卖盘
1144,13:16:04,254.63,--,39,993057,卖盘
1145,13:16:00,254.63,--,10,254630,卖盘
1146,13:15:50,254.63,--,3,76389,卖盘
1147,13:15:45,254.63,-0.14,32,819908,卖盘
1148,13:15:40,254.77,0.14,11,300628,买盘
1149,13:15:35,254.63,-0.13,12,305556,卖盘
1150,13:15:30,254.76,0.15,9,234379,卖盘
1151,13:15:25,254.61,-0.16,5,147673,卖盘
1152,13:15:20,254.77,0.16,7,178339,买盘
1153,13:15:15,254.61,-0.17,2,50922,卖盘
1154,13:15:05,254.78,0.04,60,1528680,买盘
1155,13:15:00,254.74,-0.04,6,152844,卖盘
1156,13:14:55,254.78,--,0,0,买盘
1157,13:14:50,254.78,--,2,50956,买盘
1158,13:14:45,254.78,--,35,891730,买盘
1159,13:14:40,254.78,--,4,101912,买盘
1160,13:14:35,254.78,--,15,382170,买盘
1161,13:14:30,254.78,-0.03,52,1332499,卖盘
1162,13:14:25,254.81,0.01,6,165116,买盘
1163,13:14:20,254.8,0.02,4,107525,买盘
1164,13:14:14,254.78,--,40,1019120,卖盘
1165,13:14:05,254.78,-0.02,9,229302,卖盘
1166,13:13:59,254.8,0.1,14,356720,买盘
1167,13:13:55,254.7,0.1,6,152820,买盘
1168,13:13:50,254.6,-0.19,14,356440,卖盘
1169,13:13:44,254.79,--,3,76437,买盘
1170,13:13:40,254.79,--,0,0,买盘
1171,13:13:35,254.79,-0.01,15,405116,卖盘
1172,13:13:29,254.8,--,4,101920,卖盘
1173,13:13:25,254.8,0.06,20,512148,买盘
1174,13:13:20,254.74,--,6,152844,买盘
1175,13:13:14,254.74,-0.01,4,101896,卖盘
1176,13:13:10,254.75,0.01,5,127375,中性盘
1177,13:13:05,254.74,-0.02,11,280214,卖盘
1178,13:12:59,254.76,0.02,4,101904,买盘
1179,13:12:50,254.74,-0.02,10,254740,卖盘
1180,13:12:44,254.76,--,13,331188,卖盘
1181,13:12:35,254.76,-0.04,14,356664,卖盘
1182,13:12:29,254.8,0.09,2,50960,买盘
1183,13:12:20,254.71,--,10,254710,卖盘
1184,13:12:14,254.71,--,23,588380,卖盘
1185,13:12:10,254.71,-0.09,5,127355,卖盘
1186,13:12:05,254.8,0.09,2,50960,买盘
1187,13:11:59,254.71,--,5,127355,卖盘
1188,13:11:55,254.71,--,6,152826,卖盘
1189,13:11:50,254.71,-0.1,2,50942,卖盘
1190,13:11:44,254.81,0.01,19,484139,买盘
1191,13:11:40,254.8,0.09,3,76440,卖盘
1192,13:11:35,254.71,-0.1,15,382065,卖盘
1193,13:11:25,254.81,0.01,9,229329,买盘
1194,13:11:20,254.8,-0.1,3,76440,卖盘
1195,13:11:14,254.9,0.1,4,101960,买盘
1196,13:11:10,254.8,--,0,0,卖盘
1197,13:11:05,254.8,-0.02,7,178360,卖盘
1198,13:10:59,254.82,--,6,152892,买盘
1199,13:10:55,254.82,0.02,9,229338,买盘
1200,13:10:50,254.8,-0.02,6,152880,卖盘
1201,13:10:44,254.82,--,4,101928,卖盘
1202,13:10:40,254.82,-0.15,1,25482,卖盘
1203,13:10:35,254.97,0.17,15,382455,买盘
1204,13:10:29,254.8,-0.17,4,101920,卖盘
1205,13:10:25,254.97,0.37,12,305964,买盘
1206,13:10:19,254.6,-0.38,3,76380,卖盘
1207,13:10:14,254.98,0.02,22,560956,买盘
1208,13:10:10,254.96,0.07,4,101984,买盘
1209,13:10:04,254.89,--,1,25489,中性盘
1210,13:09:59,254.89,0.07,12,305868,买盘
1211,13:09:55,254.82,--,6,152892,买盘
1212,13:09:44,254.82,--,12,305784,买盘
1213,13:09:40,254.82,0.01,4,101928,买盘
1214,13:09:34,254.81,--,1,25481,卖盘
1215,13:09:29,254.81,--,26,669895,卖盘
1216,13:09:25,254.81,--,22,560582,卖盘
1217,13:09:14,254.81,--,29,738949,买盘
1218,13:09:10,254.81,0.01,4,101924,买盘
1219,13:09:04,254.8,-0.01,31,789880,卖盘
1220,13:08:59,254.81,-0.01,3,76443,卖盘
1221,13:08:54,254.82,-0.05,2,50964,买盘
1222,13:08:44,254.87,--,56,1450210,中性盘
1223,13:08:39,254.87,0.01,7,178409,买盘
1224,13:08:34,254.86,--,5,127430,卖盘
1225,13:08:29,254.86,0.05,53,1350758,买盘
1226,13:08:24,254.81,--,11,280291,卖盘
1227,13:08:19,254.81,0.01,10,257358,买盘
1228,13:08:14,254.8,--,6,152880,卖盘
1229,13:08:09,254.8,0.2,53,1350440,买盘
1230,13:08:04,254.6,--,0,0,卖盘
1231,13:07:59,254.6,-0.2,15,381900,卖盘
1232,13:07:54,254.8,0.02,5,127400,买盘
1233,13:07:49,254.78,-0.02,4,101912,卖盘
1234,13:07:44,254.8,0.2,41,1044680,买盘
1235,13:07:39,254.6,--,24,611294,卖盘
1236,13:07:34,254.6,--,0,0,卖盘
1237,13:07:29,254.6,-0.2,1,25460,卖盘
1238,13:07:24,254.8,--,20,532532,卖盘
1239,13:07:19,254.8,-0.07,2,50960,卖盘
1240,13:07:14,254.87,0.06,14,356818,买盘
1241,13:07:09,254.81,--,8,203848,卖盘
1242,13:07:04,254.81,--,3,76443,卖盘
1243,13:06:54,254.81,-0.06,28,713468,卖盘
1244,13:06:49,254.87,-0.12,10,254870,卖盘
1245,13:06:44,254.99,--,6,152994,买盘
1246,13:06:39,254.99,0.1,10,254990,中性盘
1247,13:06:34,254.89,-0.11,1,25489,卖盘
1248,13:06:29,255.0,--,1,25500,买盘
1249,13:06:23,255.0,--,7,178500,买盘
1250,13:06:19,255.0,--,38,971040,卖盘
1251,13:06:14,255.0,--,19,484500,卖盘
1252,13:06:08,255.0,0.1,69,1782960,买盘
1253,13:06:04,254.9,-0.1,4,101960,卖盘
1254,13:05:59,255.0,--,6,153000,买盘
1255,13:05:53,255.0,--,45,1150560,卖盘
1256,13:05:49,255.0,--,8,204000,卖盘
1257,13:05:43,255.0,--,23,586500,卖盘
1258,13:05:38,255.0,--,20,510000,卖盘
1259,13:05:34,255.0,--,9,229500,卖盘
1260,13:05:29,255.0,--,32,838440,买盘
1261,13:05:19,255.0,--,2,73950,买盘
1262,13:05:14,255.0,0.02,9,229500,买盘
1263,13:05:08,254.98,0.11,1,25498,买盘
1264,13:05:04,254.87,-0.13,1,25487,卖盘
1265,13:04:58,255.0,-0.01,13,331500,买盘
1266,13:04:53,255.01,0.03,2,51002,买盘
1267,13:04:48,254.98,-0.03,6,152988,卖盘
1268,13:04:44,255.01,0.2,13,334063,买盘
1269,13:04:38,254.81,--,4,101924,卖盘
1270,13:04:34,254.81,--,1,25481,卖盘
1271,13:04:29,254.81,-0.15,65,1656265,卖盘
1272,13:04:23,254.96,-0.02,5,127480,中性盘
1273,13:04:19,254.98,-0.03,1,25498,中性盘
1274,13:04:14,255.01,--,3,76503,买盘
1275,13:04:08,255.01,0.01,26,673991,买盘
1276,13:04:03,255.0,--,2,51000,买盘
1277,13:03:59,255.0,--,17,433500,买盘
1278,13:03:53,255.0,0.02,136,3468000,买盘
1279,13:03:44,254.98,0.17,7,193019,买盘
1280,13:03:38,254.81,--,20,509620,卖盘
1281,13:03:34,254.81,-0.17,2,50962,卖盘
1282,13:03:29,254.98,0.17,2,50996,买盘
1283,13:03:23,254.81,0.01,4,101924,中性盘
1284,13:03:19,254.8,-0.17,4,101920,卖盘
1285,13:03:14,254.97,0.17,8,203976,买盘
1286,13:03:08,254.8,-0.16,17,433160,卖盘
1287,13:03:04,254.96,-0.02,7,178472,卖盘
1288,13:02:59,254.98,0.02,4,101992,买盘
1289,13:02:53,254.96,-0.02,16,407936,卖盘
1290,13:02:49,254.98,-0.01,2,50996,卖盘
1291,13:02:44,254.99,0.19,25,637475,买盘
1292,13:02:38,254.8,-0.19,13,331240,卖盘
1293,13:02:34,254.99,--,10,254990,卖盘
1294,13:02:28,254.99,-0.01,15,382485,卖盘
1295,13:02:23,255.0,-0.2,54,1394595,卖盘
1296,13:02:19,255.2,0.2,32,824296,买盘
1297,13:02:13,255.0,-0.1,13,331500,卖盘
1298,13:02:08,255.1,0.1,43,1096930,买盘
1299,13:02:04,255.0,--,42,1071255,买盘
1300,13:01:58,255.0,--,24,612000,买盘
1301,13:01:53,255.0,--,27,688500,买盘
1302,13:01:49,255.0,--,62,1581000,买盘
1303,13:01:43,255.0,0.2,299,7624500,买盘
1304,13:01:38,254.8,-0.07,42,1070160,卖盘
1305,13:01:34,254.87,-0.01,23,586201,买盘
1306,13:01:28,254.88,-0.02,9,229392,卖盘
1307,13:01:23,254.9,0.02,18,458820,买盘
1308,13:01:18,254.88,--,32,815616,买盘
1309,13:01:13,254.88,0.08,3,76464,买盘
1310,13:01:08,254.8,--,23,586040,卖盘
1311,13:01:03,254.8,--,29,741468,买盘
1312,13:00:58,254.8,--,5,127400,买盘
1313,13:00:53,254.8,--,5,127400,买盘
1314,13:00:48,254.8,0.03,23,586040,买盘
1315,13:00:38,254.77,0.08,10,254770,买盘
1316,13:00:33,254.69,0.05,6,158162,买盘
1317,13:00:28,254.64,--,0,0,中性盘
1318,13:00:23,254.64,0.04,17,453768,买盘
1319,13:00:18,254.6,0.06,40,1018400,买盘
1320,13:00:08,254.54,0.4,342,8715704,买盘
1321,13:00:03,254.14,-0.06,46,1169044,卖盘
1322,11:30:00,254.2,--,0,0,买盘
1323,11:29:59,254.2,--,0,0,买盘
1324,11:29:54,254.2,-0.03,5,127100,卖盘
1325,11:29:44,254.23,--,1,25423,中性盘
1326,11:29:39,254.23,-0.17,7,177961,卖盘
1327,11:29:34,254.4,-0.02,13,330720,卖盘
1328,11:29:29,254.42,0.02,1,25442,中性盘
1329,11:29:24,254.4,--,1,25440,卖盘
1330,11:29:19,254.4,--,6,152640,卖盘
1331,11:29:14,254.4,0.17,8,203520,买盘
1332,11:29:09,254.23,-0.17,13,330499,卖盘
1333,11:29:04,254.4,--,31,788640,买盘
1334,11:28:54,254.4,-0.02,3,76320,卖盘
1335,11:28:49,254.42,0.02,4,101768,买盘
1336,11:28:44,254.4,0.17,27,686880,买盘
1337,11:28:39,254.23,-0.17,7,177961,卖盘
1338,11:28:34,254.4,0.11,6,152640,买盘
1339,11:28:29,254.29,-0.11,1,25429,卖盘
1340,11:28:19,254.4,--,1,25440,买盘
1341,11:28:14,254.4,-0.01,2,50880,中性盘
1342,11:28:09,254.41,0.01,5,127205,买盘
1343,11:28:04,254.4,--,11,279840,卖盘
1344,11:27:59,254.4,--,1,25440,卖盘
1345,11:27:54,254.4,--,1,25440,卖盘
1346,11:27:49,254.4,0.04,14,356160,买盘
1347,11:27:44,254.36,--,2,50872,卖盘
1348,11:27:38,254.36,--,0,0,中性盘
1349,11:27:34,254.36,--,3,76308,卖盘
1350,11:27:29,254.36,-0.03,2,50872,卖盘
1351,11:27:24,254.39,--,1,25439,卖盘
1352,11:27:19,254.39,-0.11,2,50878,卖盘
1353,11:27:09,254.5,0.08,24,610800,买盘
1354,11:27:03,254.42,--,1,25442,卖盘
1355,11:26:59,254.42,-0.03,1,25442,卖盘
1356,11:26:54,254.45,--,2,50890,买盘
1357,11:26:48,254.45,0.06,9,229005,买盘
1358,11:26:39,254.39,-0.05,5,127195,卖盘
1359,11:26:33,254.44,0.3,2,50888,中性盘
1360,11:26:29,254.14,--,0,0,卖盘
1361,11:26:24,254.14,-0.31,1,25414,卖盘
1362,11:26:18,254.45,0.01,10,254450,买盘
1363,11:26:13,254.44,-0.01,2,50888,买盘
1364,11:26:09,254.45,0.3,1,25445,卖盘
1365,11:26:03,254.15,-0.35,4,101660,卖盘
1366,11:25:59,254.5,0.03,11,279950,买盘
1367,11:25:54,254.47,0.33,33,839751,买盘
1368,11:25:48,254.14,-0.33,8,203312,卖盘
1369,11:25:44,254.47,0.33,11,279917,买盘
1370,11:25:39,254.14,--,4,101656,卖盘
1371,11:25:33,254.14,-0.31,11,279554,卖盘
1372,11:25:29,254.45,0.29,1,25445,买盘
1373,11:25:23,254.16,0.01,4,107255,中性盘
1374,11:25:18,254.15,-0.31,4,101660,卖盘
1375,11:25:14,254.46,0.32,7,178122,买盘
1376,11:25:08,254.14,-0.32,19,482866,卖盘
1377,11:24:53,254.46,0.06,8,203568,买盘
1378,11:24:48,254.4,-0.06,4,101760,卖盘
1379,11:24:44,254.46,0.33,10,254460,买盘
1380,11:24:38,254.13,-0.11,15,381195,卖盘
1381,11:24:33,254.24,0.11,7,177968,中性盘
1382,11:24:29,254.13,--,3,76239,卖盘
1383,11:24:23,254.13,-0.33,12,304956,卖盘
1384,11:24:17,254.46,0.34,9,229014,买盘
1385,11:24:13,254.12,-0.28,4,101648,中性盘
1386,11:24:08,254.4,0.29,2,71232,买盘
1387,11:24:03,254.11,-0.17,8,208370,卖盘
1388,11:23:58,254.28,-0.18,1,25428,中性盘
1389,11:23:53,254.46,0.35,9,229014,买盘
1390,11:23:44,254.11,-0.09,2,50822,卖盘
1391,11:23:38,254.2,--,14,355880,买盘
1392,11:23:33,254.2,--,8,203360,买盘
1393,11:23:28,254.2,-0.26,7,177940,卖盘
1394,11:23:23,254.46,0.18,3,76338,买盘
1395,11:23:17,254.28,-0.17,1,25428,中性盘
1396,11:23:13,254.45,0.25,12,305340,买盘
1397,11:23:08,254.2,-0.1,4,110068,卖盘
1398,11:23:03,254.3,0.1,4,124607,中性盘
1399,11:22:58,254.2,--,1,25420,卖盘
1400,11:22:48,254.2,-0.27,14,355880,卖盘
1401,11:22:43,254.47,0.19,4,106877,买盘
1402,11:22:38,254.28,0.08,1,25428,买盘
1403,11:22:33,254.2,-0.3,15,396552,卖盘
1404,11:22:28,254.5,0.22,193,4916940,买盘
1405,11:22:23,254.28,--,0,5085,卖盘
1406,11:22:18,254.28,-0.17,4,101712,卖盘
1407,11:22:13,254.45,0.25,6,152670,中性盘
1408,11:22:08,254.2,0.1,7,177940,买盘
1409,11:22:03,254.1,--,152,3862320,卖盘
1410,11:21:58,254.1,--,6,152460,卖盘
1411,11:21:53,254.1,--,5,127050,卖盘
1412,11:21:48,254.1,-0.1,1,25410,卖盘
1413,11:21:43,254.2,0.1,8,203360,买盘
1414,11:21:38,254.1,--,1,25410,卖盘
1415,11:21:33,254.1,-0.01,109,2769690,卖盘
1416,11:21:28,254.11,0.01,39,991029,中性盘
1417,11:21:23,254.1,-0.25,10,254100,卖盘
1418,11:21:18,254.35,0.24,4,101740,买盘
1419,11:21:13,254.11,-0.2,2,50822,买盘
1420,11:21:08,254.31,0.21,4,101724,买盘
1421,11:21:03,254.1,--,149,3786090,卖盘
1422,11:20:58,254.1,-0.01,36,914760,卖盘
1423,11:20:48,254.11,0.01,4,101644,中性盘
1424,11:20:41,254.1,--,3,76230,卖盘
1425,11:20:38,254.1,--,5,137214,卖盘
1426,11:20:33,254.1,0.09,7,177870,卖盘
1427,11:20:27,254.01,--,0,0,卖盘
1428,11:20:23,254.01,--,1,25401,卖盘
1429,11:20:18,254.01,-0.1,11,279411,卖盘
1430,11:20:08,254.11,--,0,0,中性盘
1431,11:20:02,254.11,-0.24,56,1423016,卖盘
1432,11:19:57,254.35,0.05,2,50870,买盘
1433,11:19:53,254.3,--,3,76290,买盘
1434,11:19:48,254.3,--,0,0,中性盘
1435,11:19:42,254.3,0.19,3,76290,卖盘
1436,11:19:33,254.11,--,3,76233,卖盘
1437,11:19:27,254.11,-0.34,10,256651,卖盘
1438,11:19:23,254.45,--,0,0,买盘
1439,11:19:18,254.45,0.1,89,2264605,买盘
1440,11:19:12,254.35,0.21,6,152610,买盘
1441,11:19:08,254.14,0.04,7,177898,中性盘
1442,11:19:03,254.1,-0.25,12,304920,卖盘
1443,11:18:57,254.35,0.25,34,864790,中性盘
1444,11:18:53,254.1,-0.25,79,2007390,卖盘
1445,11:18:48,254.35,0.25,1,25435,中性盘
1446,11:18:42,254.1,--,16,406560,卖盘
1447,11:18:37,254.1,-0.03,2,50820,卖盘
1448,11:18:33,254.13,-0.17,10,254130,中性盘
1449,11:18:26,254.3,0.2,2,50860,买盘
1450,11:18:23,254.1,--,2,50820,卖盘
1451,11:18:18,254.1,-0.04,9,228690,卖盘
1452,11:18:12,254.14,--,2,50828,卖盘
1453,11:18:08,254.14,-0.16,3,76242,卖盘
1454,11:18:03,254.3,-0.1,2,50860,中性盘
1455,11:17:57,254.4,0.2,7,178080,买盘
1456,11:17:53,254.2,--,3,76260,卖盘
1457,11:17:47,254.2,--,0,0,中性盘
1458,11:17:41,254.2,-0.1,4,119474,卖盘
1459,11:17:38,254.3,-0.08,4,101720,买盘
1460,11:17:32,254.38,-0.18,3,76314,卖盘
1461,11:17:26,254.56,--,1,25456,卖盘
1462,11:17:22,254.56,0.26,21,544758,买盘
1463,11:17:17,254.3,-0.2,1,25430,卖盘
1464,11:17:12,254.5,0.11,21,534450,买盘
1465,11:17:02,254.39,--,2,50878,卖盘
1466,11:16:57,254.39,0.01,3,76317,中性盘
1467,11:16:53,254.38,--,28,712264,买盘
1468,11:16:47,254.38,--,0,0,买盘
1469,11:16:41,254.38,0.1,14,356132,买盘
1470,11:16:37,254.28,-0.1,15,381420,卖盘
1471,11:16:32,254.38,0.06,7,178066,买盘
1472,11:16:27,254.32,0.12,8,203456,买盘
1473,11:16:22,254.2,-0.08,17,432140,中性盘
1474,11:16:17,254.28,0.08,1,25428,买盘
1475,11:16:12,254.2,-0.08,82,2084440,卖盘
1476,11:16:07,254.28,--,16,406848,卖盘
1477,11:16:02,254.28,--,10,254280,卖盘
1478,11:15:56,254.28,--,3,76284,卖盘
1479,11:15:52,254.28,-0.01,5,127140,卖盘
1480,11:15:47,254.29,--,3,76287,买盘
1481,11:15:41,254.29,--,3,76287,买盘
1482,11:15:37,254.29,0.01,25,635725,中性盘
1483,11:15:32,254.28,-0.02,6,152568,卖盘
1484,11:15:27,254.3,0.02,29,737470,买盘
1485,11:15:22,254.28,--,15,381420,卖盘
1486,11:15:17,254.28,-0.02,9,228852,卖盘
1487,11:15:12,254.3,0.02,123,3127890,买盘
1488,11:15:07,254.28,--,54,1373112,买盘
1489,11:15:02,254.28,0.08,3,76284,中性盘
1490,11:14:57,254.2,-0.09,4,101680,中性盘
1491,11:14:52,254.29,0.01,7,178003,买盘
1492,11:14:47,254.28,-0.01,1,25428,中性盘
1493,11:14:42,254.29,--,9,228861,买盘
1494,11:14:37,254.29,0.1,2,50858,买盘
1495,11:14:32,254.19,0.12,2,50838,中性盘
1496,11:14:27,254.07,-0.21,31,787617,卖盘
1497,11:14:22,254.28,--,11,279708,买盘
1498,11:14:17,254.28,0.08,21,533988,买盘
1499,11:14:11,254.2,0.15,8,203360,买盘
1500,11:14:07,254.05,-0.05,19,482695,卖盘
1501,11:14:02,254.1,--,21,533610,买盘
1502,11:13:56,254.1,-0.09,5,127050,中性盘
1503,11:13:52,254.19,0.09,5,127095,买盘
1504,11:13:47,254.1,--,0,0,中性盘
1505,11:13:42,254.1,0.06,22,559020,中性盘
1506,11:13:36,254.04,0.03,13,352861,卖盘
1507,11:13:32,254.01,--,0,0,卖盘
1508,11:13:27,254.01,--,5,127005,中性盘
1509,11:13:21,254.01,0.01,7,177807,中性盘
1510,11:13:17,254.0,--,43,1092200,卖盘
1511,11:13:12,254.0,--,10,254000,卖盘
1512,11:13:05,254.0,0.15,209,5326634,买盘
1513,11:12:56,253.85,-0.04,1,25385,卖盘
1514,11:12:50,253.89,-0.01,49,1244061,卖盘
1515,11:12:47,253.9,0.01,7,177730,买盘
1516,11:12:42,253.89,-0.08,4,101556,卖盘
1517,11:12:35,253.97,--,11,279367,买盘
1518,11:12:32,253.97,--,5,126985,买盘
1519,11:12:26,253.97,--,54,1371438,卖盘
1520,11:12:21,253.97,-0.03,36,932323,卖盘
1521,11:12:11,254.0,--,10,254000,卖盘
1522,11:12:05,254.0,-0.19,130,3302000,卖盘
1523,11:12:01,254.19,0.09,9,228771,买盘
1524,11:11:56,254.1,-0.09,83,2109030,中性盘
1525,11:11:50,254.19,0.19,28,711732,买盘
1526,11:11:47,254.0,--,9,228600,卖盘
1527,11:11:42,254.0,--,16,406400,卖盘
1528,11:11:36,254.0,-0.19,5,127000,卖盘
1529,11:11:31,254.19,--,4,101676,买盘
1530,11:11:26,254.19,0.05,139,3533241,买盘
1531,11:11:20,254.14,-0.02,16,406624,卖盘
1532,11:11:16,254.16,-0.02,1,25416,买盘
1533,11:11:12,254.18,-0.02,11,299932,卖盘
1534,11:11:05,254.2,--,8,203360,买盘
1535,11:11:02,254.2,-0.1,3,76260,买盘
1536,11:10:57,254.3,0.1,12,310246,买盘
1537,11:10:51,254.2,-0.16,15,381300,卖盘
1538,11:10:46,254.36,0.16,3,76308,买盘
1539,11:10:41,254.2,-0.01,1,25420,卖盘
1540,11:10:36,254.21,0.03,13,330473,买盘
1541,11:10:31,254.18,-0.01,6,152508,卖盘
1542,11:10:25,254.19,--,11,279609,买盘
1543,11:10:20,254.19,0.12,8,203352,买盘
1544,11:10:16,254.07,-0.03,9,228663,卖盘
1545,11:10:11,254.1,--,7,177870,卖盘
1546,11:10:06,254.1,0.1,18,464748,买盘
1547,11:10:01,254.0,0.03,24,609600,买盘
1548,11:09:56,253.97,--,52,1320644,卖盘
1549,11:09:51,253.97,-0.03,241,6144550,卖盘
1550,11:09:46,254.0,0.05,355,9018524,买盘
1551,11:09:41,253.95,--,0,0,中性盘
1552,11:09:35,253.95,0.05,9,228555,买盘
1553,11:09:31,253.9,--,4,101560,中性盘
1554,11:09:26,253.9,--,2,50780,买盘
1555,11:09:21,253.9,-0.09,18,457020,卖盘
1556,11:09:16,253.99,0.03,23,584177,买盘
1557,11:09:11,253.96,-0.03,1,25396,中性盘
1558,11:09:06,253.99,0.3,42,1066758,买盘
1559,11:09:01,253.69,-0.05,36,933579,卖盘
1560,11:08:56,253.74,0.1,2,50748,卖盘
1561,11:08:51,253.64,-0.34,11,279004,卖盘
1562,11:08:46,253.98,0.38,41,1041318,买盘
1563,11:08:41,253.6,--,2,50720,卖盘
1564,11:08:35,253.6,-0.2,6,152160,中性盘
1565,11:08:31,253.8,0.22,25,634500,买盘
1566,11:08:26,253.58,0.03,10,253580,中性盘
1567,11:08:20,253.55,0.15,21,532455,卖盘
1568,11:08:16,253.4,-0.04,74,1875160,卖盘
1569,11:08:11,253.44,--,2,50688,卖盘
1570,11:08:05,253.44,0.14,79,2002176,买盘
1571,11:08:01,253.3,-0.02,8,207706,卖盘
1572,11:07:56,253.32,-0.08,1,25332,卖盘
1573,11:07:50,253.4,0.2,43,1089620,买盘
1574,11:07:46,253.2,--,29,734280,卖盘
1575,11:07:41,253.2,--,0,0,卖盘
1576,11:07:35,253.2,-0.1,1,25320,卖盘
1577,11:07:31,253.3,-0.08,7,177310,买盘
1578,11:07:26,253.38,-0.17,4,101352,中性盘
1579,11:07:20,253.55,0.35,140,3549700,买盘
1580,11:07:16,253.2,-0.17,28,708960,卖盘
1581,11:07:11,253.37,--,13,329381,卖盘
1582,11:07:05,253.37,0.17,48,1216176,买盘
1583,11:07:00,253.2,-0.1,36,911520,卖盘
1584,11:06:55,253.3,--,1,25330,卖盘
1585,11:06:51,253.3,0.12,13,329290,买盘
1586,11:06:45,253.18,-0.02,6,151908,卖盘
1587,11:06:41,253.2,-0.13,20,506400,卖盘
1588,11:06:35,253.33,0.03,18,455994,买盘
1589,11:06:29,253.3,0.3,42,1063860,买盘
1590,11:06:25,253.0,-0.13,34,860200,卖盘
1591,11:06:20,253.13,0.02,35,885955,买盘
1592,11:06:14,253.11,0.09,117,2961387,买盘
1593,11:06:11,253.02,--,0,0,中性盘
1594,11:06:06,253.02,0.01,5,126510,中性盘
1595,11:05:59,253.01,0.31,240,6077300,买盘
1596,11:05:56,252.7,-0.3,24,606480,卖盘
1597,11:05:50,253.0,0.3,96,2428800,买盘
1598,11:05:44,252.7,--,12,310821,卖盘
1599,11:05:40,252.7,-0.19,4,101080,卖盘
1600,11:05:36,252.89,0.19,99,2520048,买盘
1601,11:05:29,252.7,0.02,15,379050,买盘
1602,11:05:25,252.68,-0.02,3,75804,中性盘
1603,11:05:21,252.7,0.2,26,657020,买盘
1604,11:05:14,252.5,-0.18,16,404000,卖盘
1605,11:05:10,252.68,0.1,10,252680,买盘
1606,11:05:05,252.58,0.01,1,25258,卖盘
1607,11:04:59,252.57,0.07,15,378855,中性盘
1608,11:04:55,252.5,--,3,75750,卖盘
1609,11:04:50,252.5,--,19,479750,卖盘
1610,11:04:44,252.5,--,43,1085750,买盘
1611,11:04:35,252.5,--,0,0,买盘
1612,11:04:29,252.5,0.02,26,679225,买盘
1613,11:04:25,252.48,0.26,5,126240,买盘
1614,11:04:20,252.22,--,36,907992,卖盘
1615,11:04:14,252.22,--,16,421459,买盘
1616,11:04:05,252.22,--,7,176554,买盘
1617,11:03:59,252.22,0.1,15,378330,买盘
1618,11:03:55,252.12,--,8,201696,卖盘
1619,11:03:50,252.12,--,17,428604,卖盘
1620,11:03:40,252.12,--,12,302544,卖盘
1621,11:03:35,252.12,0.12,10,264726,买盘
1622,11:03:29,252.0,--,1,25200,卖盘
1623,11:03:25,252.0,-0.05,7,176400,卖盘
1624,11:03:14,252.05,-0.05,12,302460,卖盘
1625,11:03:10,252.1,-0.12,9,239495,卖盘
1626,11:03:05,252.22,0.1,3,88277,买盘
1627,11:02:59,252.12,--,1,30254,卖盘
1628,11:02:55,252.12,-0.08,2,50424,卖盘
1629,11:02:50,252.2,-0.01,4,100880,买盘
1630,11:02:44,252.21,-0.01,3,95839,卖盘
1631,11:02:40,252.22,--,0,0,卖盘
1632,11:02:35,252.22,-0.16,3,75666,卖盘
1633,11:02:29,252.38,0.04,5,126190,卖盘
1634,11:02:25,252.34,0.11,6,151404,买盘
1635,11:02:14,252.23,-0.15,15,378345,卖盘
1636,11:02:05,252.38,--,7,176666,卖盘
1637,11:01:59,252.38,--,0,0,卖盘
1638,11:01:55,252.38,-0.12,17,429046,卖盘
1639,11:01:50,252.5,-0.1,1,25250,卖盘
1640,11:01:44,252.6,0.1,5,126300,买盘
1641,11:01:40,252.5,-0.1,8,202000,卖盘
1642,11:01:35,252.6,0.09,3,75780,中性盘
1643,11:01:25,252.51,-0.16,20,505020,中性盘
1644,11:01:20,252.67,0.07,9,227403,买盘
1645,11:01:14,252.6,0.1,4,101040,中性盘
1646,11:01:10,252.5,--,8,202000,卖盘
1647,11:01:05,252.5,-0.08,2,50500,卖盘
1648,11:00:59,252.58,0.08,1,25258,买盘
1649,11:00:55,252.5,0.04,28,707000,买盘
1650,11:00:50,252.46,--,5,126230,卖盘
1651,11:00:44,252.46,0.06,10,252460,中性盘
1652,11:00:40,252.4,-0.1,62,1564880,卖盘
1653,11:00:34,252.5,--,23,580750,买盘
1654,11:00:29,252.5,0.06,4,101000,买盘
1655,11:00:25,252.44,-0.03,12,302928,卖盘
1656,11:00:20,252.47,--,7,179253,卖盘
1657,11:00:14,252.47,-0.03,28,706916,卖盘
1658,11:00:08,252.5,0.05,17,429250,买盘
1659,11:00:04,252.45,--,2,50490,卖盘
1660,10:59:59,252.45,0.01,10,252450,买盘
1661,10:59:53,252.44,--,23,580612,卖盘
1662,10:59:50,252.44,-0.01,5,126220,卖盘
1663,10:59:44,252.45,--,22,555390,买盘
1664,10:59:38,252.45,0.01,26,656370,买盘
1665,10:59:34,252.44,0.04,2,50488,买盘
1666,10:59:29,252.4,--,3,75720,卖盘
1667,10:59:23,252.4,-0.03,12,320548,卖盘
1668,10:59:20,252.43,--,4,106020,买盘
1669,10:59:14,252.43,0.06,12,310488,买盘
1670,10:59:08,252.37,--,13,338175,卖盘
1671,10:59:05,252.37,--,17,429029,卖盘
1672,10:58:59,252.37,-0.01,9,232180,中性盘
1673,10:58:53,252.38,0.15,16,403808,买盘
1674,10:58:50,252.23,-0.12,15,378345,卖盘
1675,10:58:44,252.35,--,3,75705,卖盘
1676,10:58:38,252.35,0.13,7,181692,买盘
1677,10:58:34,252.22,--,1,25222,卖盘
1678,10:58:29,252.22,0.02,7,176554,买盘
1679,10:58:23,252.2,-0.01,11,277420,卖盘
1680,10:58:19,252.21,-0.17,5,126105,卖盘
1681,10:58:14,252.38,0.13,20,504760,买盘
1682,10:58:08,252.25,0.05,4,100900,买盘
1683,10:58:04,252.2,0.09,1,25220,卖盘
1684,10:57:59,252.11,--,31,781541,卖盘
1685,10:57:53,252.11,-0.24,44,1109284,卖盘
1686,10:57:49,252.35,0.05,37,933695,买盘
1687,10:57:44,252.3,--,47,1185810,买盘
1688,10:57:38,252.3,0.19,6,151380,买盘
1689,10:57:34,252.11,--,8,201688,卖盘
1690,10:57:29,252.11,0.01,5,126055,卖盘
1691,10:57:23,252.1,--,1,25210,卖盘
1692,10:57:19,252.1,--,2,50420,卖盘
1693,10:57:14,252.1,-0.2,1,25210,卖盘
1694,10:57:08,252.3,-0.1,14,353220,卖盘
1695,10:57:04,252.4,0.05,3,75720,买盘
1696,10:56:58,252.35,0.05,5,126175,买盘
1697,10:56:49,252.3,-0.06,4,100920,卖盘
1698,10:56:44,252.36,-0.08,12,302832,卖盘
1699,10:56:38,252.44,0.04,4,100976,买盘
1700,10:56:34,252.4,0.1,17,429080,买盘
1701,10:56:29,252.3,--,1,25230,买盘
1702,10:56:23,252.3,--,6,151380,卖盘
1703,10:56:19,252.3,-0.07,1,25230,卖盘
1704,10:56:14,252.37,0.07,2,50474,买盘
1705,10:56:08,252.3,-0.07,3,75690,卖盘
1706,10:56:04,252.37,0.07,1,25237,买盘
1707,10:55:59,252.3,--,0,0,卖盘
1708,10:55:53,252.3,-0.15,8,201840,卖盘
1709,10:55:49,252.45,--,2,50490,卖盘
1710,10:55:38,252.45,-0.22,1,25245,卖盘
1711,10:55:34,252.67,-0.01,3,75801,中性盘
1712,10:55:29,252.68,0.38,2,50536,买盘
1713,10:55:23,252.3,--,0,0,卖盘
1714,10:55:19,252.3,0.29,2,50460,中性盘
1715,10:55:14,252.01,-0.69,3,75603,卖盘
1716,10:55:08,252.7,--,12,303240,买盘
1717,10:55:03,252.7,--,40,1010800,卖盘
1718,10:54:59,252.7,--,2,50540,卖盘
1719,10:54:53,252.7,--,7,176890,卖盘
1720,10:54:49,252.7,-0.01,4,101080,卖盘
1721,10:54:44,252.71,0.01,27,682317,买盘
1722,10:54:38,252.7,--,7,176890,卖盘
1723,10:54:34,252.7,-0.18,51,1288770,卖盘
1724,10:54:29,252.88,-0.01,8,202304,买盘
1725,10:54:23,252.89,0.19,7,177023,买盘
1726,10:54:19,252.7,-0.18,20,505400,卖盘
1727,10:54:14,252.88,--,7,177016,卖盘
1728,10:54:08,252.88,--,2,50576,买盘
1729,10:54:03,252.88,-0.01,3,75864,中性盘
1730,10:53:58,252.89,0.01,2,50578,买盘
1731,10:53:53,252.88,--,2,50576,买盘
1732,10:53:49,252.88,-0.06,21,536105,卖盘
1733,10:53:43,252.94,0.01,9,227646,买盘
1734,10:53:38,252.93,0.03,69,1745217,买盘
1735,10:53:34,252.9,0.01,83,2111715,买盘
1736,10:53:28,252.89,0.01,32,816834,买盘
1737,10:53:23,252.88,--,16,404608,卖盘
1738,10:53:18,252.88,--,18,455184,卖盘
1739,10:53:13,252.88,0.09,11,278168,买盘
1740,10:53:08,252.79,-0.09,49,1238671,卖盘
1741,10:53:02,252.88,--,13,328744,买盘
1742,10:52:59,252.88,--,0,0,卖盘
1743,10:52:53,252.88,-0.01,4,101152,中性盘
1744,10:52:47,252.89,-0.01,25,654985,卖盘
1745,10:52:43,252.9,0.19,24,609489,买盘
1746,10:52:38,252.71,-0.07,18,454878,卖盘
1747,10:52:32,252.78,-0.12,10,252780,卖盘
1748,10:52:23,252.9,0.01,21,531090,买盘
1749,10:52:17,252.89,-0.01,3,75867,中性盘
1750,10:52:08,252.9,--,5,126450,买盘
1751,10:52:02,252.9,0.2,6,151740,卖盘
1752,10:51:58,252.7,-0.21,205,5180350,卖盘
1753,10:51:53,252.91,0.12,11,278201,卖盘
1754,10:51:47,252.79,-0.14,32,808928,卖盘
1755,10:51:43,252.93,-0.06,2,50586,中性盘
1756,10:51:38,252.99,0.03,204,5160996,买盘
1757,10:51:32,252.96,--,8,202368,买盘
1758,10:51:28,252.96,-0.01,8,202368,卖盘
1759,10:51:23,252.97,0.02,16,404752,买盘
1760,10:51:17,252.95,0.03,6,151770,中性盘
1761,10:51:13,252.92,-0.01,9,227628,卖盘
1762,10:51:08,252.93,0.02,50,1264650,买盘
1763,10:51:02,252.91,-0.03,7,177037,卖盘
1764,10:50:58,252.94,--,31,784114,买盘
1765,10:50:53,252.94,0.04,21,531174,买盘
1766,10:50:47,252.9,0.11,14,354060,买盘
1767,10:50:43,252.79,0.04,13,328627,买盘
1768,10:50:38,252.75,0.15,6,151650,买盘
1769,10:50:32,252.6,--,12,303120,买盘
1770,10:50:28,252.6,0.02,10,252600,买盘
1771,10:50:23,252.58,0.08,7,189435,买盘
1772,10:50:17,252.5,0.01,25,633775,买盘
1773,10:50:13,252.49,0.01,13,328237,买盘
1774,10:50:08,252.48,0.38,52,1312896,买盘
1775,10:50:02,252.1,-0.38,6,151260,卖盘
1776,10:49:58,252.48,0.3,17,429216,买盘
1777,10:49:53,252.18,0.15,15,378270,买盘
1778,10:49:47,252.03,0.03,7,176421,买盘
1779,10:49:43,252.0,--,5,126000,卖盘
1780,10:49:37,252.0,--,5,126000,卖盘
1781,10:49:32,252.0,0.01,288,7260120,买盘
1782,10:49:28,251.99,0.01,30,755970,买盘
1783,10:49:22,251.98,0.03,6,151188,买盘
1784,10:49:17,251.95,0.02,3,75585,卖盘
1785,10:49:13,251.93,--,17,428281,卖盘
1786,10:49:07,251.93,-0.05,2,50386,卖盘
1787,10:49:02,251.98,0.05,26,679842,买盘
1788,10:48:58,251.93,0.04,6,151158,买盘
1789,10:48:52,251.89,-0.02,50,1264487,卖盘
1790,10:48:47,251.91,0.01,1,25191,中性盘
1791,10:48:43,251.9,0.01,14,352660,卖盘
1792,10:48:37,251.89,--,0,0,卖盘
1793,10:48:32,251.89,-0.01,17,448364,卖盘
1794,10:48:28,251.9,0.01,6,151140,买盘
1795,10:48:22,251.89,--,3,75567,卖盘
1796,10:48:17,251.89,--,11,277079,买盘
1797,10:48:13,251.89,0.01,8,201512,买盘
1798,10:48:07,251.88,0.03,6,163722,买盘
1799,10:48:02,251.85,-0.01,6,151110,卖盘
1800,10:47:58,251.86,0.01,4,100744,买盘
1801,10:47:47,251.85,0.01,75,1888875,买盘
1802,10:47:42,251.84,0.05,9,245292,买盘
1803,10:47:37,251.79,0.13,2,50358,中性盘
1804,10:47:32,251.66,-0.18,7,176162,卖盘
1805,10:47:28,251.84,0.04,29,730336,买盘
1806,10:47:22,251.8,0.14,2,50360,中性盘
1807,10:47:17,251.66,0.01,45,1132470,中性盘
1808,10:47:13,251.65,-0.18,13,327145,卖盘
1809,10:47:07,251.83,0.17,11,277013,买盘
1810,10:47:02,251.66,-0.13,14,352324,卖盘
1811,10:46:57,251.79,--,4,100716,中性盘
1812,10:46:52,251.79,0.13,9,226611,买盘
1813,10:46:47,251.66,--,2,50332,卖盘
1814,10:46:43,251.66,--,5,125830,卖盘
1815,10:46:37,251.66,-0.14,7,176162,中性盘
1816,10:46:32,251.8,0.15,4,103238,中性盘
1817,10:46:28,251.65,--,11,276815,卖盘
1818,10:46:22,251.65,--,1,25165,卖盘
1819,10:46:17,251.65,-0.15,3,75495,中性盘
1820,10:46:13,251.8,0.18,4,100720,买盘
1821,10:46:07,251.62,0.02,1,25162,卖盘
1822,10:46:02,251.6,-0.22,2,50320,卖盘
1823,10:45:56,251.82,-0.04,5,125910,买盘
1824,10:45:52,251.86,--,0,0,买盘
1825,10:45:47,251.86,--,6,151116,买盘
1826,10:45:41,251.86,0.01,25,629650,买盘
1827,10:45:37,251.85,--,13,327405,卖盘
1828,10:45:32,251.85,0.01,7,176295,买盘
1829,10:45:26,251.84,0.21,53,1334752,买盘
1830,10:45:22,251.63,-0.17,2,50326,卖盘
1831,10:45:17,251.8,0.16,12,302160,买盘
1832,10:45:11,251.64,--,14,352296,卖盘
1833,10:45:07,251.64,-0.14,3,75492,卖盘
1834,10:45:02,251.78,0.14,4,100712,买盘
1835,10:44:56,251.64,--,2,50328,卖盘
1836,10:44:52,251.64,--,2,50328,卖盘
1837,10:44:47,251.64,-0.21,2,50328,卖盘
1838,10:44:41,251.85,0.22,28,705180,买盘
1839,10:44:37,251.63,--,66,1660758,卖盘
1840,10:44:26,251.63,-0.27,8,201304,卖盘
1841,10:44:17,251.9,--,5,125950,卖盘
1842,10:44:11,251.9,0.02,5,125950,中性盘
1843,10:44:07,251.88,--,18,453384,中性盘
1844,10:44:02,251.88,--,7,176316,卖盘
1845,10:43:56,251.88,-0.02,1,25188,卖盘
1846,10:43:52,251.9,-0.03,1,25190,买盘
1847,10:43:47,251.93,0.03,5,125965,买盘
1848,10:43:41,251.9,-0.01,6,151140,卖盘
1849,10:43:37,251.91,-0.03,1,25191,卖盘
1850,10:43:32,251.94,--,7,176358,买盘
1851,10:43:26,251.94,0.33,16,403104,买盘
1852,10:43:22,251.61,-0.35,17,427737,卖盘
1853,10:43:17,251.96,--,7,176372,买盘
1854,10:43:11,251.96,0.02,55,1385780,买盘
1855,10:43:07,251.94,0.06,1,25194,买盘
1856,10:43:02,251.88,-0.08,2,50376,中性盘
1857,10:42:56,251.96,0.36,2,52911,买盘
1858,10:42:52,251.6,--,0,0,卖盘
1859,10:42:47,251.6,-0.35,45,1132200,卖盘
1860,10:42:41,251.95,0.06,35,881825,买盘
1861,10:42:37,251.89,-0.07,33,831237,中性盘
1862,10:42:31,251.96,--,65,1637740,买盘
1863,10:42:26,251.96,0.01,59,1486564,买盘
1864,10:42:22,251.95,0.01,13,327535,买盘
1865,10:42:16,251.94,0.02,7,176358,买盘
1866,10:42:11,251.92,0.02,16,403072,中性盘
1867,10:42:07,251.9,--,21,528990,买盘
1868,10:42:01,251.9,0.02,7,176330,买盘
1869,10:41:56,251.88,--,23,584613,卖盘
1870,10:41:52,251.88,0.21,0,9319,买盘
1871,10:41:46,251.67,-0.21,2,50334,卖盘
1872,10:41:41,251.88,--,2,50376,买盘
1873,10:41:36,251.88,0.29,11,277068,买盘
1874,10:41:31,251.59,--,3,75477,卖盘
1875,10:41:26,251.59,-0.27,3,75477,卖盘
1876,10:41:22,251.86,0.36,57,1435602,买盘
1877,10:41:16,251.5,--,4,100600,卖盘
1878,10:41:11,251.5,--,11,276650,中性盘
1879,10:41:07,251.5,0.08,38,955700,买盘
1880,10:41:01,251.42,-0.03,2,50284,卖盘
1881,10:40:56,251.45,-0.05,6,151121,中性盘
1882,10:40:52,251.5,0.1,19,477850,买盘
1883,10:40:46,251.4,--,3,75420,卖盘
1884,10:40:41,251.4,--,21,527940,买盘
1885,10:40:36,251.4,--,16,402240,买盘
1886,10:40:31,251.4,0.19,12,301680,买盘
1887,10:40:26,251.21,-0.19,3,75363,中性盘
1888,10:40:22,251.4,0.2,22,553080,买盘
1889,10:40:16,251.2,-0.1,11,276320,卖盘
1890,10:40:11,251.3,-0.06,12,301560,卖盘
1891,10:40:06,251.36,0.04,11,276496,卖盘
1892,10:40:01,251.32,--,0,0,卖盘
1893,10:39:56,251.32,0.12,28,703696,中性盘
1894,10:39:51,251.2,0.02,12,301440,买盘
1895,10:39:46,251.18,-0.02,1,25118,卖盘
1896,10:39:41,251.2,0.02,2,50240,买盘
1897,10:39:36,251.18,0.03,4,100472,买盘
1898,10:39:31,251.15,--,2,50230,卖盘
1899,10:39:26,251.15,0.15,21,539972,买盘
1900,10:39:21,251.0,--,41,1029100,买盘
1901,10:39:16,251.0,--,23,577300,买盘
1902,10:39:11,251.0,--,29,727900,买盘
1903,10:39:06,251.0,--,13,326300,买盘
1904,10:39:01,251.0,0.03,19,476900,买盘
1905,10:38:56,250.97,0.01,3,75291,买盘
1906,10:38:51,250.96,-0.01,55,1380280,卖盘
1907,10:38:46,250.97,--,11,276067,买盘
1908,10:38:41,250.97,0.01,17,426649,买盘
1909,10:38:36,250.96,-0.01,9,225864,中性盘
1910,10:38:31,250.97,0.09,20,501940,买盘
1911,10:38:26,250.88,--,6,150528,买盘
1912,10:38:20,250.88,0.02,13,326144,买盘
1913,10:38:16,250.86,0.06,17,431479,买盘
1914,10:38:11,250.8,0.01,1,25080,买盘
1915,10:38:05,250.79,--,8,200632,买盘
1916,10:38:01,250.79,0.11,12,300948,买盘
1917,10:37:56,250.68,0.01,13,325884,买盘
1918,10:37:50,250.67,0.02,20,501340,买盘
1919,10:37:46,250.65,0.06,2,50130,买盘
1920,10:37:41,250.59,--,3,75177,卖盘
1921,10:37:35,250.59,-0.01,5,125295,卖盘
1922,10:37:31,250.6,0.01,12,300720,买盘
1923,10:37:26,250.59,0.19,26,673836,买盘
1924,10:37:20,250.4,-0.1,9,225360,卖盘
1925,10:37:16,250.5,--,12,309868,买盘
1926,10:37:11,250.5,0.16,24,601200,买盘
1927,10:37:05,250.34,-0.01,97,2428298,卖盘
1928,10:37:01,250.35,0.01,2,50070,买盘
1929,10:36:56,250.34,-0.01,4,100136,中性盘
1930,10:36:50,250.35,0.02,60,1502100,买盘
1931,10:36:46,250.33,0.01,1,25033,卖盘
1932,10:36:41,250.32,-0.01,6,150192,卖盘
1933,10:36:35,250.33,0.03,24,616813,买盘
1934,10:36:31,250.3,0.02,17,425510,买盘
1935,10:36:26,250.28,--,22,550616,买盘
1936,10:36:20,250.28,--,10,250280,买盘
1937,10:36:16,250.28,--,0,0,买盘
1938,10:36:11,250.28,0.08,41,1026148,买盘
1939,10:36:05,250.2,-0.08,2,50040,买盘
1940,10:35:56,250.28,0.08,4,100112,买盘
1941,10:35:50,250.2,0.12,9,225180,卖盘
1942,10:35:46,250.08,-0.12,21,525168,卖盘
1943,10:35:41,250.2,--,8,200160,买盘
1944,10:35:35,250.2,0.12,6,150120,买盘
1945,10:35:31,250.08,--,3,75024,卖盘
1946,10:35:26,250.08,0.03,10,250080,买盘
1947,10:35:20,250.05,-0.03,17,425085,卖盘
1948,10:35:05,250.08,-0.19,28,700224,卖盘
1949,10:35:01,250.27,--,1,25027,卖盘
1950,10:34:56,250.27,0.22,2,50054,买盘
1951,10:34:50,250.05,0.02,56,1403780,买盘
1952,10:34:46,250.03,-0.01,5,125015,卖盘
1953,10:34:35,250.04,-0.01,3,75012,中性盘
1954,10:34:31,250.05,0.02,14,350070,中性盘
1955,10:34:20,250.03,-0.02,35,875105,卖盘
1956,10:34:16,250.05,-0.23,9,225045,卖盘
1957,10:34:10,250.28,0.24,76,1902128,买盘
1958,10:34:05,250.04,--,3,75012,买盘
1959,10:33:55,250.04,0.02,1,25004,买盘
1960,10:33:50,250.02,--,1,25002,卖盘
1961,10:33:45,250.02,-0.02,9,225018,卖盘
1962,10:33:35,250.04,-0.01,1,25004,卖盘
1963,10:33:31,250.05,-0.05,9,243048,卖盘
1964,10:33:25,250.1,0.05,16,407162,买盘
1965,10:33:20,250.05,--,34,850170,卖盘
1966,10:33:16,250.05,--,48,1200240,买盘
1967,10:33:10,250.05,--,12,300060,买盘
1968,10:33:05,250.05,0.01,2,50010,买盘
1969,10:33:01,250.04,-0.01,1,25004,卖盘
1970,10:32:55,250.05,-0.04,18,450090,卖盘
1971,10:32:50,250.09,--,48,1200432,买盘
1972,10:32:45,250.09,0.04,7,175063,买盘
1973,10:32:40,250.05,--,1,25005,卖盘
1974,10:32:35,250.05,0.01,4,100020,中性盘
1975,10:32:30,250.04,-0.05,5,125020,卖盘
1976,10:32:25,250.09,--,8,200072,卖盘
1977,10:32:20,250.09,-0.01,4,100036,卖盘
1978,10:32:15,250.1,0.01,14,350140,买盘
1979,10:32:10,250.09,--,2,50018,卖盘
1980,10:32:05,250.09,--,4,100036,卖盘
1981,10:32:00,250.09,-0.01,1,25009,卖盘
1982,10:31:50,250.1,--,10,250100,卖盘
1983,10:31:45,250.1,--,5,132553,卖盘
1984,10:31:40,250.1,--,2,50020,卖盘
1985,10:31:35,250.1,--,5,125050,卖盘
1986,10:31:30,250.1,0.07,75,1878751,买盘
1987,10:31:25,250.03,-0.06,7,175021,卖盘
1988,10:31:20,250.09,--,2,50018,卖盘
1989,10:31:15,250.09,-0.01,10,250090,中性盘
1990,10:31:10,250.1,0.01,15,375150,买盘
1991,10:31:04,250.09,0.03,3,75027,买盘
1992,10:30:45,250.06,--,2,50012,卖盘
1993,10:30:35,250.06,--,16,400096,卖盘
1994,10:30:29,250.06,0.04,8,214301,买盘
1995,10:30:20,250.02,-0.03,3,75006,卖盘
1996,10:30:14,250.05,0.03,20,500100,买盘
1997,10:30:10,250.02,-0.01,40,1000080,卖盘
1998,10:30:05,250.03,-0.07,2,50006,中性盘
1999,10:29:59,250.1,0.08,33,825330,买盘
2000,10:29:55,250.02,-0.01,8,200016,卖盘
2001,10:29:50,250.03,-0.05,3,75009,卖盘
2002,10:29:44,250.08,-0.02,2,50016,买盘
2003,10:29:40,250.1,--,0,0,买盘
2004,10:29:35,250.1,0.07,54,1350540,买盘
2005,10:29:29,250.03,0.03,17,425051,买盘
2006,10:29:25,250.0,-0.01,9,225000,卖盘
2007,10:29:20,250.01,--,3,75003,卖盘
2008,10:29:14,250.01,-0.01,3,85003,买盘
2009,10:29:05,250.02,--,33,825066,卖盘
2010,10:28:59,250.02,0.02,3,80506,买盘
2011,10:28:55,250.0,--,12,300000,卖盘
2012,10:28:50,250.0,--,5,125000,卖盘
2013,10:28:44,250.0,--,4,100000,卖盘
2014,10:28:40,250.0,-0.02,1,25000,卖盘
2015,10:28:34,250.02,0.02,31,775062,买盘
2016,10:28:29,250.0,--,8,200000,卖盘
2017,10:28:25,250.0,-0.02,1,25000,卖盘
2018,10:28:20,250.02,--,8,200016,买盘
2019,10:28:14,250.02,0.02,23,575046,买盘
2020,10:28:05,250.0,--,6,163500,卖盘
2021,10:27:58,250.0,-0.02,22,550000,卖盘
2022,10:27:55,250.02,--,2,50004,买盘
2023,10:27:50,250.02,0.02,26,650052,买盘
2024,10:27:44,250.0,-0.02,6,158000,卖盘
2025,10:27:40,250.02,0.02,1,25002,买盘
2026,10:27:35,250.0,--,27,678250,买盘
2027,10:27:29,250.0,0.02,3,75000,买盘
2028,10:27:20,249.98,--,92,2299816,卖盘
2029,10:27:14,249.98,--,2,49996,卖盘
2030,10:27:05,249.98,0.09,27,674946,买盘
2031,10:26:59,249.89,--,15,374835,卖盘
2032,10:26:55,249.89,--,2,49978,卖盘
2033,10:26:44,249.89,0.09,2,51727,买盘
2034,10:26:40,249.8,--,4,99920,卖盘
2035,10:26:29,249.8,--,20,499600,卖盘
2036,10:26:25,249.8,--,36,913518,卖盘
2037,10:26:19,249.8,-0.2,1,24980,卖盘
2038,10:26:14,250.0,--,7,175000,买盘
2039,10:26:09,250.0,--,26,650000,买盘
2040,10:25:59,250.0,-0.13,54,1372500,卖盘
2041,10:25:55,250.13,--,5,149327,买盘
2042,10:25:49,250.13,0.03,4,100052,买盘
2043,10:25:44,250.1,-0.03,2,50020,卖盘
2044,10:25:39,250.13,--,9,225117,买盘
2045,10:25:34,250.13,--,4,100052,买盘
2046,10:25:29,250.13,0.01,24,600312,买盘
2047,10:25:25,250.12,-0.22,1,25012,卖盘
2048,10:25:19,250.34,0.04,22,550748,买盘
2049,10:25:14,250.3,0.17,13,325390,买盘
2050,10:25:10,250.13,--,5,125065,卖盘
2051,10:25:04,250.13,-0.17,4,100052,卖盘
2052,10:24:59,250.3,-0.04,4,100120,卖盘
2053,10:24:54,250.34,0.2,9,225306,买盘
2054,10:24:49,250.14,-0.16,2,50028,卖盘
2055,10:24:44,250.3,--,19,475570,卖盘
2056,10:24:39,250.3,0.17,8,200240,买盘
2057,10:24:29,250.13,--,3,75039,卖盘
2058,10:24:24,250.13,-0.17,2,50026,卖盘
2059,10:24:14,250.3,0.01,79,1986881,买盘
2060,10:24:09,250.29,0.09,9,225261,中性盘
2061,10:23:59,250.2,-0.1,5,125100,中性盘
2062,10:23:54,250.3,0.2,83,2078240,买盘
2063,10:23:49,250.1,--,27,675270,买盘
2064,10:23:44,250.1,--,13,325130,买盘
2065,10:23:39,250.1,-0.1,31,799569,卖盘
2066,10:23:34,250.2,0.08,33,825660,买盘
2067,10:23:28,250.12,-0.01,22,550264,中性盘
2068,10:23:24,250.13,0.03,5,125065,买盘
2069,10:23:19,250.1,--,0,0,卖盘
2070,10:23:14,250.1,--,7,175070,卖盘
2071,10:23:09,250.1,0.08,96,2401710,买盘
2072,10:23:04,250.02,--,2,50004,卖盘
2073,10:22:59,250.02,0.02,39,977578,买盘
2074,10:22:54,250.0,--,5,125000,卖盘
2075,10:22:49,250.0,0.01,15,388500,买盘
2076,10:22:44,249.99,--,0,0,中性盘
2077,10:22:39,249.99,0.19,3,74997,买盘
2078,10:22:34,249.8,0.04,2,49960,卖盘
2079,10:22:29,249.76,--,1,24976,卖盘
2080,10:22:22,249.76,--,46,1148896,卖盘
2081,10:22:19,249.76,--,0,0,卖盘
2082,10:22:14,249.76,0.03,4,99904,中性盘
2083,10:22:08,249.73,--,13,324649,卖盘
2084,10:22:04,249.73,-0.26,1,24973,卖盘
2085,10:21:59,249.99,0.01,26,649974,买盘
2086,10:21:53,249.98,-0.02,3,74994,中性盘
2087,10:21:49,250.0,--,0,0,买盘
2088,10:21:44,250.0,0.01,4,100000,买盘
2089,10:21:38,249.99,--,55,1374945,卖盘
2090,10:21:34,249.99,0.29,9,224991,买盘
2091,10:21:29,249.7,-0.25,6,149820,中性盘
2092,10:21:23,249.95,-0.04,2,49990,买盘
2093,10:21:19,249.99,--,0,0,买盘
2094,10:21:13,249.99,0.01,2,49998,买盘
2095,10:21:08,249.98,0.33,3,74994,买盘
2096,10:21:04,249.65,--,6,149790,卖盘
2097,10:20:59,249.65,-0.34,8,199720,卖盘
2098,10:20:53,249.99,--,0,0,买盘
2099,10:20:49,249.99,--,16,399984,买盘
2100,10:20:44,249.99,0.32,9,232490,买盘
2101,10:20:38,249.67,-0.32,1,24967,卖盘
2102,10:20:34,249.99,--,0,0,买盘
2103,10:20:29,249.99,0.37,7,174993,买盘
2104,10:20:23,249.62,-0.37,27,673974,卖盘
2105,10:20:19,249.99,--,0,0,买盘
2106,10:20:13,249.99,0.34,1,24999,买盘
2107,10:20:08,249.65,-0.02,5,124825,卖盘
2108,10:20:04,249.67,-0.35,1,24967,卖盘
2109,10:19:59,250.02,0.33,103,2575206,买盘
2110,10:19:53,249.69,-0.31,11,274659,卖盘
2111,10:19:49,250.0,--,6,150000,买盘
2112,10:19:44,250.0,--,22,550000,买盘
2113,10:19:37,250.0,--,0,0,买盘
2114,10:19:33,250.0,--,72,1803750,卖盘
2115,10:19:29,250.0,--,2,50000,卖盘
2116,10:19:23,250.0,--,4,100000,卖盘
2117,10:19:19,250.0,0.12,226,5671250,买盘
2118,10:19:14,249.88,0.06,19,474772,买盘
2119,10:19:08,249.82,0.14,4,99928,买盘
2120,10:19:03,249.68,--,0,0,卖盘
2121,10:18:58,249.68,--,1,24968,卖盘
2122,10:18:53,249.68,-0.25,1,24968,中性盘
2123,10:18:49,249.93,0.26,8,199944,中性盘
2124,10:18:43,249.67,-0.32,2,49934,买盘
2125,10:18:37,249.99,0.32,47,1174953,买盘
2126,10:18:34,249.67,-0.26,5,147305,卖盘
2127,10:18:28,249.93,--,1,24993,卖盘
2128,10:18:22,249.93,0.23,16,399888,买盘
2129,10:18:18,249.7,--,0,0,中性盘
2130,10:18:13,249.7,0.03,2,49940,卖盘
2131,10:18:08,249.67,--,36,898812,卖盘
2132,10:18:03,249.67,-0.33,6,149802,卖盘
2133,10:17:58,250.0,0.33,75,1877500,买盘
2134,10:17:53,249.67,--,3,74901,卖盘
2135,10:17:48,249.67,-0.33,22,549274,卖盘
2136,10:17:43,250.0,0.33,23,575000,买盘
2137,10:17:38,249.67,-0.33,4,99868,卖盘
2138,10:17:28,250.0,--,20,524500,卖盘
2139,10:17:23,250.0,--,7,175000,卖盘
2140,10:17:18,250.0,--,14,350000,卖盘
2141,10:17:13,250.0,--,16,400000,卖盘
2142,10:17:08,250.0,--,18,450000,卖盘
2143,10:17:03,250.0,--,3,75000,卖盘
2144,10:16:58,250.0,--,7,175000,卖盘
2145,10:16:52,250.0,--,31,775500,买盘
2146,10:16:48,250.0,--,3,75000,买盘
2147,10:16:43,250.0,0.35,13,325000,买盘
2148,10:16:37,249.65,-0.35,41,1047032,卖盘
2149,10:16:33,250.0,--,11,276500,卖盘
2150,10:16:28,250.0,-0.15,2,50000,卖盘
2151,10:16:22,250.15,0.1,56,1400840,买盘
2152,10:16:18,250.05,0.03,14,350070,买盘
2153,10:16:13,250.02,--,2,50004,卖盘
2154,10:16:07,250.02,-0.18,43,1075086,卖盘
2155,10:16:03,250.2,0.08,60,1501200,买盘
2156,10:15:58,250.12,0.01,6,150072,买盘
2157,10:15:52,250.11,-0.06,13,325143,中性盘
2158,10:15:48,250.17,-0.02,5,125085,中性盘
2159,10:15:43,250.19,0.01,13,325247,买盘
2160,10:15:37,250.18,0.06,47,1175846,买盘
2161,10:15:33,250.12,--,23,575276,卖盘
2162,10:15:28,250.12,0.1,48,1200576,买盘
2163,10:15:22,250.02,0.02,46,1150092,买盘
2164,10:15:18,250.0,--,127,3198500,买盘
2165,10:15:07,250.0,--,92,2302000,卖盘
2166,10:15:03,250.0,--,6,150000,卖盘
2167,10:14:58,250.0,0.29,9,248000,买盘
2168,10:14:52,249.71,-0.29,11,276678,卖盘
2169,10:14:48,250.0,0.36,101,2548000,买盘
2170,10:14:43,249.64,--,0,0,卖盘
2171,10:14:37,249.64,-0.36,1,24964,卖盘
2172,10:14:31,250.0,0.38,200,5000000,买盘
2173,10:14:28,249.62,-0.18,2,49924,卖盘
2174,10:14:22,249.8,0.18,1,24980,买盘
2175,10:14:13,249.62,-0.18,13,324506,卖盘
2176,10:14:07,249.8,0.16,5,124900,买盘
2177,10:14:01,249.64,--,3,74892,卖盘
2178,10:13:58,249.64,-0.02,1,24964,卖盘
2179,10:13:52,249.66,-0.14,12,299592,卖盘
2180,10:13:46,249.8,0.16,6,149880,买盘
2181,10:13:37,249.64,-0.24,30,752664,卖盘
2182,10:13:31,249.88,0.08,7,174916,买盘
2183,10:13:28,249.8,0.14,1,24980,中性盘
2184,10:13:22,249.66,-0.24,12,299592,卖盘
2185,10:13:16,249.9,--,2,49980,买盘
2186,10:13:07,249.9,-0.09,5,124950,卖盘
2187,10:13:01,249.99,--,8,199992,买盘
2188,10:12:57,249.99,--,0,0,买盘
2189,10:12:52,249.99,--,23,574977,买盘
2190,10:12:46,249.99,--,0,0,买盘
2191,10:12:42,249.99,0.33,12,299988,买盘
2192,10:12:37,249.66,-0.14,19,474354,卖盘
2193,10:12:31,249.8,-0.2,2,49960,买盘
2194,10:12:22,250.0,0.1,87,2175000,买盘
2195,10:12:16,249.9,0.1,2,49980,中性盘
2196,10:12:12,249.8,-0.2,11,274780,卖盘
2197,10:12:07,250.0,--,110,2750000,买盘
2198,10:12:01,250.0,0.02,16,400000,买盘
2199,10:11:57,249.98,0.34,21,524958,中性盘
2200,10:11:52,249.64,-0.35,145,3619780,卖盘
2201,10:11:46,249.99,--,22,549978,买盘
2202,10:11:42,249.99,0.1,19,474981,买盘
2203,10:11:37,249.89,-0.1,151,3773339,中性盘
2204,10:11:31,249.99,--,4,99996,买盘
2205,10:11:27,249.99,-0.01,3,74997,中性盘
2206,10:11:22,250.0,0.01,12,300000,买盘
2207,10:11:16,249.99,-0.01,13,324987,买盘
2208,10:11:12,250.0,--,16,400000,买盘
2209,10:11:07,250.0,--,21,525000,买盘
2210,10:11:01,250.0,--,29,748250,卖盘
2211,10:10:57,250.0,0.39,150,3751750,买盘
2212,10:10:52,249.61,0.02,10,249610,买盘
2213,10:10:46,249.59,0.26,8,199672,买盘
2214,10:10:42,249.33,-0.57,123,3086456,卖盘
2215,10:10:37,249.9,-0.1,11,274890,买盘
2216,10:10:31,250.0,0.01,120,3005250,买盘
2217,10:10:27,249.99,-0.01,14,349986,中性盘
2218,10:10:22,250.0,0.4,27,675000,买盘
2219,10:10:16,249.6,0.02,17,426816,买盘
2220,10:10:12,249.58,-0.02,303,7562274,买盘
2221,10:10:07,249.6,0.4,11,274560,买盘
2222,10:10:01,249.2,--,25,623000,卖盘
2223,10:09:57,249.2,-0.3,21,543505,卖盘
2224,10:09:52,249.5,-0.09,4,99800,中性盘
2225,10:09:46,249.59,0.09,139,3469301,买盘
2226,10:09:42,249.5,--,4,124500,卖盘
2227,10:09:31,249.5,0.3,8,199849,买盘
2228,10:09:27,249.2,-0.3,18,448560,卖盘
2229,10:09:22,249.5,0.15,46,1147700,买盘
2230,10:09:16,249.35,0.13,53,1321555,买盘
2231,10:09:12,249.22,0.02,7,174454,买盘
2232,10:09:07,249.2,--,1,24920,卖盘
2233,10:09:01,249.2,--,7,174440,卖盘
2234,10:08:57,249.2,0.2,32,797440,买盘
2235,10:08:52,249.0,--,12,298800,卖盘
2236,10:08:46,249.0,--,1,24900,卖盘
2237,10:08:42,249.0,--,10,249000,卖盘
2238,10:08:37,249.0,--,1,24900,卖盘
2239,10:08:31,249.0,0.4,13,326439,买盘
2240,10:08:27,248.6,-0.39,3,74580,卖盘
2241,10:08:22,248.99,0.39,12,298788,卖盘
2242,10:08:16,248.6,-0.4,12,312241,卖盘
2243,10:08:12,249.0,0.01,7,174300,买盘
2244,10:08:07,248.99,0.01,4,99596,买盘
2245,10:08:01,248.98,0.08,65,1618370,买盘
2246,10:07:57,248.9,--,4,99560,买盘
2247,10:07:52,248.9,0.32,14,348460,买盘
2248,10:07:46,248.58,-0.21,27,671166,卖盘
2249,10:07:42,248.79,-0.21,26,646854,卖盘
2250,10:07:36,249.0,0.06,53,1319700,买盘
2251,10:07:31,248.94,-0.05,5,124470,卖盘
2252,10:07:27,248.99,0.2,14,348586,买盘
2253,10:07:21,248.79,-0.21,2,49758,中性盘
2254,10:07:16,249.0,0.5,128,3187200,买盘
2255,10:07:12,248.5,0.17,2,49700,卖盘
2256,10:07:07,248.33,-0.52,2,49666,卖盘
2257,10:07:01,248.85,0.05,6,149310,买盘
2258,10:06:55,248.8,0.22,11,273680,买盘
2259,10:06:52,248.58,0.48,1,24858,中性盘
2260,10:06:46,248.1,-0.1,58,1438980,卖盘
2261,10:06:40,248.2,--,0,0,卖盘
2262,10:06:37,248.2,--,4,99280,卖盘
2263,10:06:31,248.2,-0.3,6,148920,卖盘
2264,10:06:25,248.5,0.5,11,273350,中性盘
2265,10:06:21,248.0,-0.33,10,248000,卖盘
2266,10:06:16,248.33,0.32,8,198664,中性盘
2267,10:06:10,248.01,0.01,2,49602,中性盘
2268,10:06:07,248.0,-0.2,2,49600,卖盘
2269,10:06:01,248.2,-0.13,3,74460,中性盘
2270,10:05:55,248.33,--,9,223497,买盘
2271,10:05:52,248.33,-0.37,51,1267227,卖盘
2272,10:05:46,248.7,0.37,20,497400,买盘
2273,10:05:40,248.33,-0.37,2,49666,卖盘
2274,10:05:37,248.7,--,11,273570,买盘
2275,10:05:31,248.7,-0.1,20,497400,卖盘
2276,10:05:25,248.8,--,3,74640,买盘
2277,10:05:22,248.8,-0.03,3,74640,买盘
2278,10:05:16,248.83,0.13,15,373245,买盘
2279,10:05:10,248.7,-0.27,54,1342980,卖盘
2280,10:05:06,248.97,0.13,20,497940,买盘
2281,10:05:01,248.84,0.14,49,1219316,中性盘
2282,10:04:55,248.7,-0.15,26,646620,卖盘
2283,10:04:51,248.85,0.11,34,859030,买盘
2284,10:04:46,248.74,-0.24,11,273614,中性盘
2285,10:04:40,248.98,0.2,62,1543676,买盘
2286,10:04:36,248.78,--,5,124390,买盘
2287,10:04:31,248.78,-0.07,11,288087,卖盘
2288,10:04:25,248.85,-0.13,13,333956,卖盘
2289,10:04:21,248.98,--,1,24898,买盘
2290,10:04:16,248.98,0.18,19,473062,买盘
2291,10:04:10,248.8,0.09,2,49760,中性盘
2292,10:04:06,248.71,-0.07,5,124355,卖盘
2293,10:04:01,248.78,0.04,3,74634,卖盘
2294,10:03:55,248.74,0.04,34,845716,中性盘
2295,10:03:51,248.7,--,0,0,卖盘
2296,10:03:46,248.7,--,5,124350,卖盘
2297,10:03:40,248.7,0.02,26,646620,买盘
2298,10:03:36,248.68,0.1,12,298416,买盘
2299,10:03:31,248.58,0.07,3,74574,买盘
2300,10:03:25,248.51,0.18,26,670231,买盘
2301,10:03:21,248.33,--,7,173831,卖盘
2302,10:03:16,248.33,0.09,6,148998,买盘
2303,10:03:10,248.24,--,13,322712,卖盘
2304,10:03:06,248.24,0.16,23,570952,买盘
2305,10:03:01,248.08,0.04,2,49616,中性盘
2306,10:02:55,248.04,0.04,5,124020,卖盘
2307,10:02:51,248.0,-0.01,6,148800,卖盘
2308,10:02:46,248.01,--,0,0,中性盘
2309,10:02:40,248.01,0.01,1,24801,买盘
2310,10:02:36,248.0,0.18,35,885112,买盘
2311,10:02:31,247.82,-0.17,12,311261,卖盘
2312,10:02:25,247.99,0.17,4,99196,买盘
2313,10:02:21,247.82,--,3,74346,中性盘
2314,10:02:16,247.82,--,1,24782,中性盘
2315,10:02:10,247.82,0.12,1,24782,买盘
2316,10:02:06,247.7,-0.3,27,668790,卖盘
2317,10:02:01,248.0,--,3,74400,买盘
2318,10:01:55,248.0,--,30,744000,买盘
2319,10:01:51,248.0,0.3,203,5034400,买盘
2320,10:01:45,247.7,0.48,3,74310,买盘
2321,10:01:40,247.22,--,1,24722,卖盘
2322,10:01:36,247.22,--,5,123610,卖盘
2323,10:01:30,247.22,-0.62,6,148332,卖盘
2324,10:01:25,247.84,0.14,16,396544,买盘
2325,10:01:21,247.7,--,2,49540,买盘
2326,10:01:15,247.7,0.55,1,24770,买盘
2327,10:01:10,247.15,-0.55,3,74145,卖盘
2328,10:01:06,247.7,-0.1,4,99080,买盘
2329,10:01:00,247.8,0.1,50,1239000,中性盘
2330,10:00:55,247.7,0.01,3,74310,中性盘
2331,10:00:51,247.69,-0.01,2,49538,卖盘
2332,10:00:46,247.7,0.01,6,148620,买盘
2333,10:00:40,247.69,0.46,5,123845,中性盘
2334,10:00:36,247.23,-0.47,1,24723,卖盘
2335,10:00:30,247.7,0.47,1,24770,买盘
2336,10:00:25,247.23,-0.47,9,222507,卖盘
2337,10:00:21,247.7,-0.04,4,99080,卖盘
2338,10:00:15,247.74,--,1,24774,买盘
2339,10:00:10,247.74,0.62,2,49548,买盘
2340,10:00:06,247.12,-0.58,2,49424,卖盘
2341,10:00:00,247.7,0.55,16,396320,买盘
2342,09:59:55,247.15,-0.57,7,173005,卖盘
2343,09:59:51,247.72,0.02,122,3022184,中性盘
2344,09:59:45,247.7,--,4,99080,卖盘
2345,09:59:40,247.7,--,6,148620,卖盘
2346,09:59:36,247.7,-0.05,5,123850,卖盘
2347,09:59:30,247.75,-0.01,6,148650,买盘
2348,09:59:25,247.76,0.66,3,74328,买盘
2349,09:59:21,247.1,-0.6,13,321230,卖盘
2350,09:59:15,247.7,0.17,7,173390,买盘
2351,09:59:10,247.53,0.43,3,74259,中性盘
2352,09:59:05,247.1,-0.59,2,49420,卖盘
2353,09:58:55,247.69,0.19,3,74307,买盘
2354,09:58:49,247.5,-0.01,0,17325,买盘
2355,09:58:45,247.51,0.49,18,445518,买盘
2356,09:58:40,247.02,-0.08,15,370530,卖盘
2357,09:58:34,247.1,-0.4,25,617750,卖盘
2358,09:58:30,247.5,--,1,24750,卖盘
2359,09:58:19,247.5,0.1,11,272250,买盘
2360,09:58:15,247.4,--,3,74220,买盘
2361,09:58:10,247.4,-0.38,6,148440,卖盘
2362,09:58:04,247.78,0.27,37,916786,买盘
2363,09:58:00,247.51,0.01,1,24751,卖盘
2364,09:57:55,247.5,0.1,7,173250,中性盘
2365,09:57:49,247.4,-0.1,9,222660,卖盘
2366,09:57:45,247.5,--,10,247500,买盘
2367,09:57:40,247.5,-0.01,26,643500,买盘
2368,09:57:34,247.51,--,3,74253,卖盘
2369,09:57:30,247.51,0.01,15,371265,买盘
2370,09:57:25,247.5,--,7,183150,卖盘
2371,09:57:19,247.5,-0.01,22,544500,卖盘
2372,09:57:15,247.51,--,9,222759,买盘
2373,09:57:10,247.51,-0.24,72,1782072,卖盘
2374,09:57:04,247.75,0.24,3,74325,中性盘
2375,09:57:00,247.51,-0.25,3,74253,卖盘
2376,09:56:55,247.76,--,4,99104,买盘
2377,09:56:49,247.76,-0.02,4,99104,卖盘
2378,09:56:45,247.78,--,0,0,中性盘
2379,09:56:40,247.78,0.16,6,148668,买盘
2380,09:56:34,247.62,-0.16,3,74286,卖盘
2381,09:56:30,247.78,0.02,5,123890,买盘
2382,09:56:25,247.76,-0.01,1,24776,中性盘
2383,09:56:19,247.77,0.27,7,173439,买盘
2384,09:56:15,247.5,-0.12,167,4146615,卖盘
2385,09:56:10,247.62,--,3,74286,卖盘
2386,09:56:04,247.62,--,1,24762,卖盘
2387,09:56:00,247.62,--,42,1040004,卖盘
2388,09:55:55,247.62,0.03,20,495240,买盘
2389,09:55:49,247.59,-0.01,1,24759,卖盘
2390,09:55:45,247.6,0.1,7,173320,买盘
2391,09:55:40,247.5,-0.08,4,99000,卖盘
2392,09:55:34,247.58,0.03,8,198064,卖盘
2393,09:55:25,247.55,-0.03,4,99020,买盘
2394,09:55:15,247.58,0.03,8,198064,买盘
2395,09:55:09,247.55,-0.03,2,49510,卖盘
2396,09:55:04,247.58,0.03,1,24758,买盘
2397,09:55:00,247.55,--,5,130953,卖盘
2398,09:54:54,247.55,0.05,6,155461,买盘
2399,09:54:49,247.5,-0.05,5,123750,卖盘
2400,09:54:45,247.55,--,11,272305,买盘
2401,09:54:30,247.55,--,7,173285,卖盘
2402,09:54:24,247.55,--,8,198040,卖盘
2403,09:54:19,247.55,--,1,24755,卖盘
2404,09:54:15,247.55,0.03,11,272305,买盘
2405,09:54:04,247.52,--,7,173264,卖盘
2406,09:54:00,247.52,-0.03,20,495040,卖盘
2407,09:53:49,247.55,-0.04,1,24755,卖盘
2408,09:53:45,247.59,--,9,222831,卖盘
2409,09:53:39,247.59,--,3,74277,卖盘
2410,09:53:34,247.59,0.01,20,502112,买盘
2411,09:53:30,247.58,--,2,49516,买盘
2412,09:53:24,247.58,-0.01,22,544676,卖盘
2413,09:53:19,247.59,0.03,5,123795,买盘
2414,09:53:15,247.56,-0.02,33,816948,卖盘
2415,09:53:09,247.58,0.02,1,24758,卖盘
2416,09:53:04,247.56,0.01,3,74268,中性盘
2417,09:53:00,247.55,-0.04,9,222795,卖盘
2418,09:52:45,247.59,--,15,371385,卖盘
2419,09:52:39,247.59,--,2,49518,卖盘
2420,09:52:34,247.59,-0.03,1,24759,卖盘
2421,09:52:29,247.62,0.03,4,99048,买盘
2422,09:52:19,247.59,-0.01,4,99036,卖盘
2423,09:52:14,247.6,--,1,27483,买盘
2424,09:52:09,247.6,0.01,3,74280,买盘
2425,09:52:04,247.59,-0.01,1,24759,中性盘
2426,09:51:59,247.6,0.01,28,693280,买盘
2427,09:51:45,247.59,--,11,294632,卖盘
2428,09:51:39,247.59,--,0,0,卖盘
2429,09:51:34,247.59,--,3,74277,卖盘
2430,09:51:29,247.59,0.04,1,24759,卖盘
2431,09:51:19,247.55,0.05,37,918410,买盘
2432,09:51:13,247.5,-0.02,9,222750,卖盘
2433,09:51:09,247.52,--,1,47028,卖盘
2434,09:51:04,247.52,0.02,2,51979,卖盘
2435,09:50:58,247.5,0.01,34,851895,买盘
2436,09:50:54,247.49,-0.01,3,74247,买盘
2437,09:50:49,247.5,--,9,222750,卖盘
2438,09:50:43,247.5,--,109,2717550,买盘
2439,09:50:39,247.5,0.1,16,396000,买盘
2440,09:50:28,247.4,--,1,24740,卖盘
2441,09:50:24,247.4,-0.05,4,98960,卖盘
2442,09:50:19,247.45,0.15,29,717605,买盘
2443,09:50:13,247.3,--,33,816090,卖盘
2444,09:50:09,247.3,0.05,3,74190,买盘
2445,09:50:04,247.25,-0.05,4,98900,中性盘
2446,09:49:58,247.3,0.02,3,74190,买盘
2447,09:49:49,247.28,0.03,3,74184,中性盘
2448,09:49:43,247.25,0.16,2,49450,中性盘
2449,09:49:34,247.09,--,0,0,中性盘
2450,09:49:28,247.09,0.08,1,24709,买盘
2451,09:49:24,247.01,-0.27,3,74103,卖盘
2452,09:49:19,247.28,0.27,9,222552,买盘
2453,09:49:13,247.01,--,6,148206,卖盘
2454,09:49:09,247.01,0.01,4,98804,卖盘
2455,09:49:04,247.0,0.12,1,24700,卖盘
2456,09:48:58,246.88,--,4,98752,卖盘
2457,09:48:49,246.88,-0.12,22,557208,卖盘
2458,09:48:43,247.0,0.12,1,24700,买盘
2459,09:48:39,246.88,-0.02,6,148128,卖盘
2460,09:48:34,246.9,0.02,18,444420,卖盘
2461,09:48:28,246.88,-0.12,5,123440,卖盘
2462,09:48:24,247.0,0.12,10,247000,买盘
2463,09:48:19,246.88,-0.11,1,24688,卖盘
2464,09:48:13,246.99,0.27,2,49398,买盘
2465,09:47:58,246.72,0.02,6,148032,卖盘
2466,09:47:49,246.7,-0.1,1,24670,卖盘
2467,09:47:43,246.8,0.03,11,271480,买盘
2468,09:47:39,246.77,-0.03,3,74031,买盘
2469,09:47:33,246.8,--,0,0,买盘
2470,09:47:28,246.8,0.1,12,296160,买盘
2471,09:47:24,246.7,-0.17,40,994447,卖盘
2472,09:47:18,246.87,--,0,0,中性盘
2473,09:47:13,246.87,0.17,8,211567,买盘
2474,09:47:03,246.7,--,2,49340,卖盘
2475,09:46:58,246.7,--,20,511162,卖盘
2476,09:46:54,246.7,--,1,24670,卖盘
2477,09:46:48,246.7,--,1,24670,卖盘
2478,09:46:43,246.7,--,3,74010,卖盘
2479,09:46:39,246.7,0.4,34,854075,买盘
2480,09:46:33,246.3,-0.1,1,24630,中性盘
2481,09:46:28,246.4,0.11,9,221760,买盘
2482,09:46:24,246.29,--,3,83246,卖盘
2483,09:46:18,246.29,-0.28,20,492580,卖盘
2484,09:46:13,246.57,-0.01,9,241885,卖盘
2485,09:46:09,246.58,0.01,23,567134,买盘
2486,09:46:03,246.57,--,3,73971,卖盘
2487,09:45:58,246.57,-0.02,26,645766,卖盘
2488,09:45:54,246.59,0.01,13,320567,中性盘
2489,09:45:48,246.58,-0.02,2,49316,卖盘
2490,09:45:43,246.6,0.01,44,1085040,买盘
2491,09:45:39,246.59,-0.01,17,419203,卖盘
2492,09:45:33,246.6,-0.17,6,167934,卖盘
2493,09:45:28,246.77,--,0,0,买盘
2494,09:45:23,246.77,0.09,15,370155,中性盘
2495,09:45:18,246.68,0.08,11,278501,买盘
2496,09:45:13,246.6,--,22,564714,卖盘
2497,09:45:08,246.6,-0.28,13,320580,卖盘
2498,09:44:58,246.88,0.2,9,222192,买盘
2499,09:44:53,246.68,--,14,345352,卖盘
2500,09:44:43,246.68,-0.2,6,148008,卖盘
2501,09:44:38,246.88,--,2,49376,中性盘
2502,09:44:33,246.88,--,0,0,卖盘
2503,09:44:28,246.88,--,7,172816,买盘
2504,09:44:08,246.88,--,2,49376,卖盘
2505,09:44:03,246.88,0.2,1,24688,买盘
2506,09:43:58,246.68,-0.31,8,197344,卖盘
2507,09:43:53,246.99,-0.01,2,49398,买盘
2508,09:43:43,247.0,--,0,0,买盘
2509,09:43:38,247.0,0.06,4,98800,买盘
2510,09:43:33,246.94,-0.06,3,74082,卖盘
2511,09:43:28,247.0,0.12,4,98800,买盘
2512,09:43:18,246.88,--,0,0,卖盘
2513,09:43:13,246.88,--,0,0,卖盘
2514,09:43:07,246.88,--,0,0,中性盘
2515,09:43:03,246.88,0.18,1,24688,买盘
2516,09:42:58,246.7,-0.31,2,49340,卖盘
2517,09:42:52,247.01,--,0,0,买盘
2518,09:42:48,247.01,--,0,0,买盘
2519,09:42:43,247.01,0.44,45,1111545,买盘
2520,09:42:37,246.57,--,7,172599,卖盘
2521,09:42:33,246.57,--,4,98628,卖盘
2522,09:42:28,246.57,0.17,18,443826,买盘
2523,09:42:22,246.4,-0.18,55,1355200,卖盘
2524,09:42:18,246.58,0.01,3,73974,中性盘
2525,09:42:13,246.57,0.01,3,73971,买盘
2526,09:42:07,246.56,0.01,2,49312,中性盘
2527,09:42:03,246.55,--,0,0,中性盘
2528,09:41:58,246.55,--,3,73965,卖盘
2529,09:41:52,246.55,-0.45,20,493100,卖盘
2530,09:41:48,247.0,--,0,0,买盘
2531,09:41:43,247.0,--,3,74100,买盘
2532,09:41:37,247.0,0.5,1,24700,买盘
2533,09:41:33,246.5,-0.5,1,24650,卖盘
2534,09:41:28,247.0,0.5,2,49400,买盘
2535,09:41:22,246.5,-0.5,58,1429700,卖盘
2536,09:41:13,247.0,--,9,222300,卖盘
2537,09:41:07,247.0,-0.01,19,469300,卖盘
2538,09:41:03,247.01,--,1,24701,卖盘
2539,09:40:58,247.01,--,20,494020,卖盘
2540,09:40:52,247.01,--,2,49402,卖盘
2541,09:40:43,247.01,--,6,148206,买盘
2542,09:40:37,247.01,-0.01,11,271711,卖盘
2543,09:40:33,247.02,-0.09,1,24702,买盘
2544,09:40:28,247.11,0.11,11,271821,中性盘
2545,09:40:22,247.0,-0.09,51,1259700,卖盘
2546,09:40:18,247.09,--,1,24709,卖盘
2547,09:40:13,247.09,--,4,98836,卖盘
2548,09:40:07,247.09,--,81,2001429,买盘
2549,09:40:03,247.09,0.08,1,24709,买盘
2550,09:39:58,247.01,-0.08,4,98804,卖盘
2551,09:39:52,247.09,--,22,543598,买盘
2552,09:39:48,247.09,--,16,395344,卖盘
2553,09:39:42,247.09,-0.01,2,49418,卖盘
2554,09:39:37,247.1,-0.3,17,420070,卖盘
2555,09:39:33,247.4,0.29,5,123700,中性盘
2556,09:39:27,247.11,0.01,3,74133,卖盘
2557,09:39:22,247.1,-0.4,2,49420,卖盘
2558,09:39:18,247.5,0.05,4,99000,买盘
2559,09:39:12,247.45,0.09,7,173215,买盘
2560,09:39:07,247.36,--,3,74208,买盘
2561,09:39:02,247.36,0.06,9,222624,买盘
2562,09:38:57,247.3,-0.06,3,74190,卖盘
2563,09:38:52,247.36,--,2,49472,买盘
2564,09:38:48,247.36,0.01,8,197888,卖盘
2565,09:38:42,247.35,-0.15,9,222615,卖盘
2566,09:38:37,247.5,0.15,9,222750,买盘
2567,09:38:33,247.35,-0.14,4,98940,卖盘
2568,09:38:27,247.49,0.03,4,98996,买盘
2569,09:38:22,247.46,--,2,55183,卖盘
2570,09:38:18,247.46,-0.04,7,192276,卖盘
2571,09:38:12,247.5,--,6,148500,买盘
2572,09:38:07,247.5,0.05,10,247500,买盘
2573,09:38:03,247.45,-0.05,7,173215,卖盘
2574,09:37:57,247.5,0.05,2,49500,买盘
2575,09:37:52,247.45,--,2,49490,卖盘
2576,09:37:47,247.45,0.45,4,98980,买盘
2577,09:37:37,247.0,-0.01,27,671346,卖盘
2578,09:37:32,247.01,-0.29,6,162779,卖盘
2579,09:37:22,247.3,0.2,20,503502,买盘
2580,09:37:17,247.1,-0.2,2,49420,卖盘
2581,09:37:07,247.3,-0.16,4,98920,卖盘
2582,09:37:02,247.46,0.46,9,222714,买盘
2583,09:36:57,247.0,-0.5,1,24700,卖盘
2584,09:36:52,247.5,0.5,9,222750,买盘
2585,09:36:47,247.0,-0.36,15,374946,卖盘
2586,09:36:42,247.36,-0.16,10,267643,卖盘
2587,09:36:37,247.52,-0.15,3,78711,买盘
2588,09:36:32,247.67,0.15,10,247670,买盘
2589,09:36:22,247.52,--,11,272272,卖盘
2590,09:36:17,247.52,-0.14,81,2004912,中性盘
2591,09:36:12,247.66,--,3,74298,卖盘
2592,09:36:07,247.66,0.03,15,371490,买盘
2593,09:36:02,247.63,0.03,79,1956277,中性盘
2594,09:35:57,247.6,--,21,529368,卖盘
2595,09:35:52,247.6,--,6,153016,卖盘
2596,09:35:46,247.6,--,5,123800,卖盘
2597,09:35:42,247.6,0.2,88,2197450,买盘
2598,09:35:37,247.4,--,0,0,买盘
2599,09:35:31,247.4,--,6,171200,卖盘
2600,09:35:27,247.4,-0.1,1,24740,卖盘
2601,09:35:22,247.5,0.06,58,1435500,买盘
2602,09:35:16,247.44,--,8,210818,卖盘
2603,09:35:12,247.44,-0.06,4,98976,卖盘
2604,09:35:07,247.5,-0.02,10,247500,卖盘
2605,09:35:01,247.52,-0.02,29,717808,中性盘
2606,09:34:57,247.54,0.1,1,24754,买盘
2607,09:34:52,247.44,-0.16,8,197952,卖盘
2608,09:34:46,247.6,--,12,297120,卖盘
2609,09:34:42,247.6,--,7,174805,买盘
2610,09:34:37,247.6,0.02,2,49520,买盘
2611,09:34:31,247.58,-0.09,3,97546,卖盘
2612,09:34:27,247.67,-0.02,6,148602,卖盘
2613,09:34:22,247.69,--,12,297228,卖盘
2614,09:34:16,247.69,-0.08,50,1238450,卖盘
2615,09:34:12,247.77,0.07,10,247770,买盘
2616,09:34:07,247.7,-0.06,12,297240,卖盘
2617,09:34:01,247.76,-0.02,11,272536,中性盘
2618,09:33:57,247.78,--,0,0,买盘
2619,09:33:52,247.78,0.1,23,569894,买盘
2620,09:33:46,247.68,0.15,21,521614,买盘
2621,09:33:42,247.53,-0.05,5,123765,卖盘
2622,09:33:37,247.58,--,40,990320,买盘
2623,09:33:31,247.58,--,31,767498,卖盘
2624,09:33:27,247.58,0.04,8,198064,中性盘
2625,09:33:22,247.54,-0.04,6,148524,卖盘
2626,09:33:16,247.58,0.14,11,272338,买盘
2627,09:33:12,247.44,--,7,185580,卖盘
2628,09:33:07,247.44,0.06,18,445392,买盘
2629,09:33:01,247.38,-0.02,36,890568,中性盘
2630,09:32:57,247.4,--,13,321620,买盘
2631,09:32:52,247.4,--,41,1014340,卖盘
2632,09:32:46,247.4,-0.18,43,1063820,卖盘
2633,09:32:42,247.58,0.06,8,198064,买盘
2634,09:32:37,247.52,0.08,35,878448,买盘
2635,09:32:31,247.44,-0.06,15,371160,中性盘
2636,09:32:27,247.5,0.2,42,1039500,买盘
2637,09:32:22,247.3,0.12,11,272030,买盘
2638,09:32:16,247.18,-0.01,31,766258,中性盘
2639,09:32:12,247.19,0.19,6,148314,买盘
2640,09:32:06,247.0,-0.18,2,49400,卖盘
2641,09:32:01,247.18,0.18,9,236056,买盘
2642,09:31:57,247.0,0.09,75,1852500,买盘
2643,09:31:51,246.91,0.03,2,49382,卖盘
2644,09:31:46,246.88,-0.07,5,123440,卖盘
2645,09:31:41,246.95,0.15,9,222255,买盘
2646,09:31:36,246.8,0.01,12,296160,买盘
2647,09:31:31,246.79,-0.01,15,370185,中性盘
2648,09:31:26,246.8,0.22,16,394880,买盘
2649,09:31:21,246.58,-0.2,5,123290,卖盘
2650,09:31:16,246.78,0.2,12,296136,买盘
2651,09:31:11,246.58,0.08,3,73974,买盘
2652,09:31:06,246.5,--,1,24650,卖盘
2653,09:31:01,246.5,--,3,73950,卖盘
2654,09:30:56,246.5,--,21,517650,买盘
2655,09:30:51,246.5,0.01,4,98600,买盘
2656,09:30:46,246.49,0.01,14,345086,买盘
2657,09:30:41,246.48,--,2,49296,卖盘
2658,09:30:36,246.48,0.2,4,98592,买盘
2659,09:30:31,246.28,0.18,5,123140,买盘
2660,09:30:21,246.1,0.1,8,202048,买盘
2661,09:30:11,246.0,--,6,147600,卖盘
2662,09:30:06,246.0,-0.46,34,836400,卖盘
2663,09:30:01,246.46,0.66,140,3450440,买盘
2664,09:28:48,245.8,--,0,0,卖盘
2665,09:25:00,245.8,245.8,138,3396956,买盘
