,time,price,change,volume,amount,type
0,15:00:00,11.37,--,0,0,卖盘
1,15:00:00,11.37,--,45,51165,卖盘
2,15:00:00,11.37,-0.01,75,85275,卖盘
3,14:59:55,11.38,0.01,120,136560,买盘
4,14:59:51,11.37,--,189,214892,卖盘
5,14:59:46,11.37,-0.01,78,88686,卖盘
6,14:59:40,11.38,0.01,162,184356,买盘
7,14:59:36,11.37,--,195,221714,卖盘
8,14:59:31,11.37,-0.01,37,42069,卖盘
9,14:59:25,11.38,0.01,248,282224,买盘
10,14:59:21,11.37,--,76,86412,卖盘
11,14:59:16,11.37,--,242,275154,卖盘
12,14:59:10,11.37,--,230,261873,买盘
13,14:59:06,11.37,--,92,104604,买盘
14,14:59:01,11.37,0.01,139,158043,买盘
15,14:58:55,11.36,-0.01,38,43168,卖盘
16,14:58:51,11.37,--,89,101193,买盘
17,14:58:46,11.37,0.01,112,127343,买盘
18,14:58:40,11.36,--,187,212432,买盘
19,14:58:36,11.36,-0.01,66,74976,中性盘
20,14:58:31,11.37,0.01,121,138350,买盘
21,14:58:25,11.36,--,180,204480,卖盘
22,14:58:21,11.36,--,128,145408,卖盘
23,14:58:16,11.36,--,42,47712,卖盘
24,14:58:10,11.36,--,292,331712,卖盘
25,14:58:06,11.36,--,163,185168,卖盘
26,14:58:00,11.36,--,36,40896,卖盘
27,14:57:55,11.36,--,17,19312,卖盘
28,14:57:51,11.36,--,512,581995,买盘
29,14:57:45,11.36,0.01,18,20448,买盘
30,14:57:40,11.35,--,32,36320,卖盘
31,14:57:36,11.35,-0.01,311,352985,卖盘
32,14:57:30,11.36,0.01,5,5680,买盘
33,14:57:25,11.35,-0.01,131,148685,卖盘
34,14:57:21,11.36,0.02,43,48848,买盘
35,14:57:15,11.34,-0.01,1170,1326780,卖盘
36,14:57:10,11.35,--,189,214515,卖盘
37,14:57:06,11.35,--,179,203165,卖盘
38,14:57:00,11.35,--,42,47670,卖盘
39,14:56:55,11.35,--,139,157765,卖盘
40,14:56:51,11.35,-0.01,92,104420,卖盘
41,14:56:45,11.36,0.01,110,124960,买盘
42,14:56:40,11.35,--,202,229270,卖盘
43,14:56:35,11.35,--,25,28375,卖盘
44,14:56:30,11.35,--,5,5675,卖盘
45,14:56:25,11.35,--,76,86260,卖盘
46,14:56:20,11.35,-0.01,299,339365,卖盘
47,14:56:15,11.36,0.01,60,68160,买盘
48,14:56:10,11.35,--,75,85125,卖盘
49,14:56:05,11.35,-0.01,277,314395,卖盘
50,14:55:55,11.36,0.01,105,119280,买盘
51,14:55:50,11.35,--,35,39725,卖盘
52,14:55:45,11.35,--,10,11350,卖盘
53,14:55:40,11.35,-0.01,94,106690,中性盘
54,14:55:35,11.36,0.01,190,215840,买盘
55,14:55:30,11.35,--,38,43130,买盘
56,14:55:25,11.35,-0.01,280,318276,卖盘
57,14:55:20,11.36,0.01,39,44304,买盘
58,14:55:15,11.35,--,29,32915,卖盘
59,14:55:10,11.35,--,135,153225,卖盘
60,14:55:05,11.35,--,9,10215,卖盘
61,14:55:00,11.35,--,235,267383,卖盘
62,14:54:55,11.35,--,5,5675,卖盘
63,14:54:50,11.35,--,272,308720,买盘
64,14:54:45,11.35,--,130,147550,买盘
65,14:54:40,11.35,--,153,173655,买盘
66,14:54:35,11.35,--,114,129390,买盘
67,14:54:30,11.35,--,410,465350,卖盘
68,14:54:25,11.35,--,242,274670,卖盘
69,14:54:20,11.35,--,10,11350,卖盘
70,14:54:15,11.35,--,37,41995,卖盘
71,14:54:10,11.35,0.01,243,275805,买盘
72,14:54:05,11.34,--,113,128142,卖盘
73,14:54:00,11.34,--,46,52164,卖盘
74,14:53:55,11.34,-0.01,135,153090,卖盘
75,14:53:49,11.35,--,234,265590,买盘
76,14:53:40,11.35,0.01,66,74910,买盘
77,14:53:34,11.34,-0.01,88,99792,卖盘
78,14:53:30,11.35,-0.01,88,99880,卖盘
79,14:53:25,11.36,0.01,109,123824,买盘
80,14:53:19,11.35,--,85,96475,卖盘
81,14:53:15,11.35,--,78,88530,卖盘
82,14:53:04,11.35,0.01,61,69235,买盘
83,14:53:00,11.34,-0.02,23,26082,卖盘
84,14:52:55,11.36,--,0,0,买盘
85,14:52:49,11.36,0.01,130,147680,买盘
86,14:52:40,11.35,0.01,6,6810,卖盘
87,14:52:34,11.34,-0.01,318,360612,卖盘
88,14:52:30,11.35,--,24,27240,卖盘
89,14:52:25,11.35,--,47,53492,买盘
90,14:52:19,11.35,0.01,41,46535,买盘
91,14:52:15,11.34,-0.01,119,134946,卖盘
92,14:52:10,11.35,0.01,9,10215,买盘
93,14:52:04,11.34,--,42,47628,卖盘
94,14:52:00,11.34,-0.01,88,99792,卖盘
95,14:51:55,11.35,0.01,7,7945,买盘
96,14:51:49,11.34,-0.01,27,30618,卖盘
97,14:51:45,11.35,--,112,127120,买盘
98,14:51:40,11.35,--,505,573175,买盘
99,14:51:34,11.35,--,363,412005,买盘
100,14:51:30,11.35,--,108,122580,买盘
101,14:51:25,11.35,--,2,2270,买盘
102,14:51:19,11.35,--,130,147550,买盘
103,14:51:15,11.35,--,118,133930,买盘
104,14:51:10,11.35,0.01,25,28375,买盘
105,14:51:00,11.34,--,14,15876,卖盘
106,14:50:55,11.34,-0.01,50,56700,卖盘
107,14:50:49,11.35,--,151,171385,买盘
108,14:50:45,11.35,0.01,7,7945,买盘
109,14:50:39,11.34,--,5,5670,卖盘
110,14:50:34,11.34,--,271,307314,卖盘
111,14:50:30,11.34,--,43,48762,卖盘
112,14:50:19,11.34,--,16,18144,卖盘
113,14:50:15,11.34,--,25,28350,卖盘
114,14:50:09,11.34,-0.01,26,29484,卖盘
115,14:50:04,11.35,0.01,52,59020,买盘
116,14:50:00,11.34,--,107,121338,买盘
117,14:49:54,11.34,--,7,7938,买盘
118,14:49:49,11.34,-0.01,853,967302,卖盘
119,14:49:44,11.35,--,174,197490,买盘
120,14:49:34,11.35,--,164,186140,中性盘
121,14:49:29,11.35,--,120,136200,买盘
122,14:49:24,11.35,--,43,48805,买盘
123,14:49:19,11.35,--,10,11350,买盘
124,14:49:14,11.35,-0.01,133,151556,卖盘
125,14:49:09,11.36,0.01,72,81792,买盘
126,14:49:04,11.35,--,68,77713,买盘
127,14:48:59,11.35,--,18,20430,买盘
128,14:48:54,11.35,--,16,18160,买盘
129,14:48:49,11.35,-0.01,43,49406,卖盘
130,14:48:44,11.36,0.01,23,26128,买盘
131,14:48:39,11.35,--,42,47670,卖盘
132,14:48:34,11.35,--,248,281480,卖盘
133,14:48:29,11.35,--,120,136200,卖盘
134,14:48:24,11.35,-0.01,5,5675,卖盘
135,14:48:19,11.36,0.01,212,240832,买盘
136,14:48:14,11.35,--,7,7945,卖盘
137,14:48:09,11.35,--,6,6810,卖盘
138,14:48:04,11.35,--,207,234945,卖盘
139,14:47:59,11.35,--,73,82855,卖盘
140,14:47:54,11.35,--,50,56750,卖盘
141,14:47:49,11.35,-0.01,65,73775,卖盘
142,14:47:44,11.36,0.01,37,42032,买盘
143,14:47:34,11.35,--,246,279743,买盘
144,14:47:29,11.35,--,235,266725,买盘
145,14:47:19,11.35,0.01,126,143010,买盘
146,14:47:14,11.34,--,69,78246,卖盘
147,14:47:09,11.34,--,69,78246,卖盘
148,14:47:04,11.34,-0.01,10,11340,卖盘
149,14:46:58,11.35,0.01,3,3405,买盘
150,14:46:54,11.34,--,17,19278,卖盘
151,14:46:49,11.34,--,6,6804,卖盘
152,14:46:43,11.34,--,58,65772,卖盘
153,14:46:39,11.34,--,87,98658,买盘
154,14:46:34,11.34,--,20,22680,买盘
155,14:46:28,11.34,--,115,130410,买盘
156,14:46:24,11.34,--,46,52164,卖盘
157,14:46:19,11.34,--,20,22680,卖盘
158,14:46:13,11.34,--,41,46494,卖盘
159,14:46:09,11.34,--,20,22680,卖盘
160,14:45:58,11.34,--,39,44226,卖盘
161,14:45:54,11.34,0.01,62,70308,中性盘
162,14:45:43,11.33,-0.01,159,180147,卖盘
163,14:45:39,11.34,0.01,5,5670,卖盘
164,14:45:34,11.33,-0.01,10,11330,卖盘
165,14:45:28,11.34,--,115,131339,买盘
166,14:45:24,11.34,0.01,93,105462,买盘
167,14:45:19,11.33,-0.01,10,11330,卖盘
168,14:45:13,11.34,--,48,54432,买盘
169,14:45:09,11.34,--,224,254016,买盘
170,14:45:04,11.34,-0.01,145,164634,卖盘
171,14:44:58,11.35,--,55,62425,买盘
172,14:44:54,11.35,0.01,46,52210,买盘
173,14:44:49,11.34,--,1,1134,卖盘
174,14:44:43,11.34,--,77,87318,卖盘
175,14:44:39,11.34,-0.01,13,14742,卖盘
176,14:44:34,11.35,0.01,86,97610,买盘
177,14:44:28,11.34,--,110,124740,卖盘
178,14:44:24,11.34,--,68,77112,卖盘
179,14:44:19,11.34,-0.01,25,28350,卖盘
180,14:44:13,11.35,0.01,20,22700,买盘
181,14:44:09,11.34,-0.01,40,45360,卖盘
182,14:43:58,11.35,0.01,12,13620,买盘
183,14:43:54,11.34,-0.01,4,4536,卖盘
184,14:43:48,11.35,--,22,25083,卖盘
185,14:43:43,11.35,--,25,28375,卖盘
186,14:43:38,11.35,--,160,182621,卖盘
187,14:43:33,11.35,0.01,128,145280,买盘
188,14:43:28,11.34,-0.01,44,49896,卖盘
189,14:43:23,11.35,0.01,5,5675,买盘
190,14:43:18,11.34,-0.01,30,34020,卖盘
191,14:43:13,11.35,--,34,38590,买盘
192,14:43:08,11.35,-0.01,40,45400,买盘
193,14:42:58,11.36,--,59,67024,买盘
194,14:42:43,11.36,0.01,101,114940,买盘
195,14:42:38,11.35,-0.01,413,469685,卖盘
196,14:42:33,11.36,--,7,7952,买盘
197,14:42:23,11.36,-0.01,68,77248,中性盘
198,14:42:18,11.37,0.01,65,73905,买盘
199,14:42:13,11.36,--,73,82928,买盘
200,14:42:08,11.36,-0.01,239,271504,卖盘
201,14:42:03,11.37,-0.01,100,113904,卖盘
202,14:41:58,11.38,0.01,34,38692,买盘
203,14:41:53,11.37,--,29,32973,卖盘
204,14:41:48,11.37,--,3,3410,卖盘
205,14:41:43,11.37,0.01,127,145331,买盘
206,14:41:38,11.36,--,48,54528,卖盘
207,14:41:33,11.36,--,3,3408,卖盘
208,14:41:28,11.36,-0.01,28,31808,卖盘
209,14:41:23,11.37,0.01,62,70494,买盘
210,14:41:13,11.36,--,10,11360,卖盘
211,14:41:08,11.36,--,12,13632,卖盘
212,14:41:03,11.36,--,18,20448,卖盘
213,14:40:58,11.36,--,45,51120,卖盘
214,14:40:53,11.36,--,29,32944,卖盘
215,14:40:48,11.36,--,54,61344,卖盘
216,14:40:43,11.36,--,21,23856,卖盘
217,14:40:38,11.36,--,88,99968,卖盘
218,14:40:33,11.36,--,11,12496,卖盘
219,14:40:28,11.36,0.01,13,14768,中性盘
220,14:40:23,11.35,-0.01,114,129390,卖盘
221,14:40:18,11.36,--,59,67024,买盘
222,14:40:13,11.36,--,17,19312,买盘
223,14:40:08,11.36,-0.01,227,257872,卖盘
224,14:40:03,11.37,0.01,47,53438,买盘
225,14:39:58,11.36,--,10,11360,卖盘
226,14:39:52,11.36,-0.01,136,154496,卖盘
227,14:39:48,11.37,0.01,202,229673,买盘
228,14:39:43,11.36,-0.01,94,106784,卖盘
229,14:39:37,11.37,0.01,139,158043,买盘
230,14:39:33,11.36,--,16,18176,卖盘
231,14:39:28,11.36,--,649,737264,卖盘
232,14:39:22,11.36,--,4,4544,卖盘
233,14:39:18,11.36,--,7,7952,卖盘
234,14:39:07,11.36,-0.01,44,49984,卖盘
235,14:39:03,11.37,--,317,360429,买盘
236,14:38:58,11.37,--,10,11370,买盘
237,14:38:52,11.37,--,239,271743,买盘
238,14:38:47,11.37,--,13,14780,买盘
239,14:38:43,11.37,0.01,10,11370,买盘
240,14:38:37,11.36,-0.01,18,20448,卖盘
241,14:38:32,11.37,--,18,20466,买盘
242,14:38:28,11.37,-0.01,67,76179,卖盘
243,14:38:22,11.38,0.01,8,9104,买盘
244,14:38:17,11.37,-0.01,20,22740,卖盘
245,14:38:13,11.38,--,3,3414,买盘
246,14:38:07,11.38,--,42,47796,买盘
247,14:38:02,11.38,--,76,86488,买盘
248,14:37:58,11.38,--,164,186632,卖盘
249,14:37:52,11.38,-0.01,160,182080,卖盘
250,14:37:47,11.39,--,40,45560,买盘
251,14:37:43,11.39,--,20,22780,买盘
252,14:37:37,11.39,--,113,128707,卖盘
253,14:37:32,11.39,-0.01,10,11390,卖盘
254,14:37:28,11.4,0.01,13,14820,买盘
255,14:37:22,11.39,--,49,55811,卖盘
256,14:37:17,11.39,--,35,39865,卖盘
257,14:37:13,11.39,--,34,38726,买盘
258,14:37:07,11.39,--,53,60367,买盘
259,14:37:02,11.39,--,79,89981,卖盘
260,14:36:57,11.39,--,24,27336,卖盘
261,14:36:52,11.39,-0.01,51,58089,卖盘
262,14:36:47,11.4,0.01,27,30780,买盘
263,14:36:42,11.39,--,71,80869,卖盘
264,14:36:37,11.39,--,56,63784,卖盘
265,14:36:32,11.39,-0.01,38,43282,卖盘
266,14:36:28,11.4,--,2,2280,买盘
267,14:36:22,11.4,-0.01,25,28500,卖盘
268,14:36:17,11.41,0.01,68,77588,买盘
269,14:36:12,11.4,-0.01,17,19380,卖盘
270,14:36:07,11.41,0.01,28,31948,买盘
271,14:36:02,11.4,-0.01,24,27360,卖盘
272,14:35:57,11.41,-0.01,512,584192,卖盘
273,14:35:52,11.42,0.01,318,363156,买盘
274,14:35:47,11.41,-0.02,174,198534,卖盘
275,14:35:42,11.43,--,56,64008,买盘
276,14:35:37,11.43,0.01,103,118014,买盘
277,14:35:32,11.42,--,97,111630,卖盘
278,14:35:27,11.42,-0.01,202,230684,卖盘
279,14:35:22,11.43,0.01,198,226314,买盘
280,14:35:17,11.42,--,97,110774,卖盘
281,14:35:12,11.42,-0.01,44,50248,卖盘
282,14:35:07,11.43,-0.01,105,120015,买盘
283,14:35:02,11.44,0.01,545,623480,买盘
284,14:34:57,11.43,--,7,8115,卖盘
285,14:34:52,11.43,--,131,149733,卖盘
286,14:34:47,11.43,--,209,238887,卖盘
287,14:34:42,11.43,--,59,67437,卖盘
288,14:34:37,11.43,0.02,600,686828,买盘
289,14:34:32,11.41,--,220,251020,买盘
290,14:34:27,11.41,0.01,55,62755,中性盘
291,14:34:22,11.4,-0.02,126,143640,卖盘
292,14:34:17,11.42,0.01,61,69662,买盘
293,14:34:12,11.41,--,410,467810,卖盘
294,14:34:07,11.41,--,52,59332,卖盘
295,14:34:02,11.41,--,277,316057,卖盘
296,14:33:57,11.41,0.02,1721,1964185,买盘
297,14:33:51,11.39,--,38,43282,卖盘
298,14:33:47,11.39,-0.01,10,11390,卖盘
299,14:33:42,11.4,0.01,262,298680,买盘
300,14:33:37,11.39,--,20,22780,卖盘
301,14:33:32,11.39,--,38,43282,卖盘
302,14:33:27,11.39,--,30,34170,买盘
303,14:33:22,11.39,--,20,22780,卖盘
304,14:33:17,11.39,--,371,422569,买盘
305,14:33:12,11.39,0.01,206,234634,买盘
306,14:33:06,11.38,--,105,119490,卖盘
307,14:33:02,11.38,--,23,26174,卖盘
308,14:32:57,11.38,--,215,244670,卖盘
309,14:32:52,11.38,--,12,13656,卖盘
310,14:32:47,11.38,0.01,280,318640,买盘
311,14:32:42,11.37,-0.01,18,20466,卖盘
312,14:32:37,11.38,--,25,28450,买盘
313,14:32:31,11.38,0.01,75,85350,买盘
314,14:32:27,11.37,--,26,29561,卖盘
315,14:32:22,11.37,--,5,5685,卖盘
316,14:32:17,11.37,--,55,62534,买盘
317,14:32:12,11.37,--,157,178509,买盘
318,14:32:07,11.37,--,38,43206,买盘
319,14:32:02,11.37,--,52,59123,买盘
320,14:31:57,11.37,0.01,40,45480,买盘
321,14:31:51,11.36,--,57,64752,卖盘
322,14:31:46,11.36,--,124,140864,买盘
323,14:31:41,11.36,0.01,205,232880,买盘
324,14:31:31,11.35,--,1,1135,买盘
325,14:31:27,11.35,0.01,41,46535,买盘
326,14:31:21,11.34,-0.01,15,17010,卖盘
327,14:31:16,11.35,--,91,103285,买盘
328,14:31:12,11.35,0.01,46,52210,买盘
329,14:30:56,11.34,--,34,39485,买盘
330,14:30:51,11.34,0.01,5,5670,买盘
331,14:30:41,11.33,-0.01,130,147290,卖盘
332,14:30:36,11.34,--,45,51030,买盘
333,14:30:31,11.34,0.01,151,171234,买盘
334,14:30:26,11.33,--,28,31724,卖盘
335,14:30:21,11.33,-0.01,10,11330,卖盘
336,14:30:16,11.34,0.01,174,197316,买盘
337,14:30:11,11.33,-0.01,35,39655,卖盘
338,14:30:06,11.34,--,3,3402,买盘
339,14:30:01,11.34,--,26,29484,买盘
340,14:29:56,11.34,0.01,68,77112,买盘
341,14:29:51,11.33,--,60,67980,卖盘
342,14:29:46,11.33,--,60,67980,卖盘
343,14:29:41,11.33,-0.01,70,79310,卖盘
344,14:29:31,11.34,--,39,44226,买盘
345,14:29:26,11.34,0.01,104,117936,买盘
346,14:29:21,11.33,-0.01,11,12463,卖盘
347,14:29:16,11.34,--,2,2268,买盘
348,14:29:06,11.34,--,203,230202,卖盘
349,14:29:01,11.34,-0.01,86,97524,卖盘
350,14:28:56,11.35,--,3,3405,买盘
351,14:28:51,11.35,--,1,1135,买盘
352,14:28:46,11.35,--,93,105555,买盘
353,14:28:41,11.35,--,30,34050,买盘
354,14:28:36,11.35,0.01,20,22700,买盘
355,14:28:31,11.34,-0.01,2,2268,卖盘
356,14:28:26,11.35,--,12,13620,买盘
357,14:28:21,11.35,--,3,3405,买盘
358,14:28:16,11.35,--,58,65830,买盘
359,14:28:11,11.35,--,37,41995,买盘
360,14:28:06,11.35,--,55,62425,买盘
361,14:28:01,11.35,--,8,9080,买盘
362,14:27:56,11.35,--,38,43130,买盘
363,14:27:45,11.35,--,106,120310,买盘
364,14:27:41,11.35,--,30,34050,买盘
365,14:27:31,11.35,-0.01,86,97814,卖盘
366,14:27:26,11.36,0.01,135,153360,买盘
367,14:27:21,11.35,-0.01,1,1135,卖盘
368,14:27:16,11.36,0.01,61,69296,买盘
369,14:27:11,11.35,-0.01,66,74910,卖盘
370,14:27:06,11.36,0.01,189,214704,买盘
371,14:27:00,11.35,--,17,19295,卖盘
372,14:26:56,11.35,-0.01,105,119175,卖盘
373,14:26:51,11.36,0.01,36,40896,买盘
374,14:26:41,11.35,--,31,35185,卖盘
375,14:26:36,11.35,--,238,271060,买盘
376,14:26:30,11.35,--,12,13620,买盘
377,14:26:26,11.35,--,376,426760,买盘
378,14:26:21,11.35,0.01,241,273535,买盘
379,14:26:15,11.34,--,52,58968,卖盘
380,14:26:11,11.34,--,412,467208,卖盘
381,14:26:05,11.34,-0.01,46,52164,卖盘
382,14:26:00,11.35,--,44,49940,买盘
383,14:25:56,11.35,-0.01,254,288290,中性盘
384,14:25:51,11.36,--,518,588448,买盘
385,14:25:45,11.36,0.01,1,1136,买盘
386,14:25:41,11.35,-0.01,61,69235,卖盘
387,14:25:36,11.36,-0.01,38,43168,卖盘
388,14:25:30,11.37,0.01,46,52302,买盘
389,14:25:26,11.36,0.01,30,34080,买盘
390,14:25:21,11.35,-0.02,136,154360,卖盘
391,14:25:15,11.37,0.01,78,88686,买盘
392,14:25:11,11.36,--,56,63616,买盘
393,14:25:06,11.36,--,10,11360,买盘
394,14:25:00,11.36,-0.01,139,157904,卖盘
395,14:24:56,11.37,--,83,94371,买盘
396,14:24:51,11.37,0.02,40,45480,买盘
397,14:24:41,11.35,-0.01,22,24970,卖盘
398,14:24:36,11.36,--,38,43168,卖盘
399,14:24:25,11.36,--,63,71568,买盘
400,14:24:20,11.36,--,71,80656,买盘
401,14:24:15,11.36,0.01,3,3408,买盘
402,14:24:10,11.35,--,38,43130,卖盘
403,14:24:06,11.35,--,204,231540,买盘
404,14:24:00,11.35,--,20,22700,买盘
405,14:23:55,11.35,0.01,166,188410,买盘
406,14:23:50,11.34,-0.01,106,120204,卖盘
407,14:23:45,11.35,--,13,14755,买盘
408,14:23:40,11.35,--,28,31780,买盘
409,14:23:36,11.35,--,3,3405,买盘
410,14:23:30,11.35,0.01,30,34050,买盘
411,14:23:20,11.34,--,25,28350,卖盘
412,14:23:15,11.34,0.01,222,252507,买盘
413,14:23:10,11.33,--,27,30591,买盘
414,14:23:06,11.33,--,199,225840,卖盘
415,14:23:00,11.33,--,67,75911,卖盘
416,14:22:55,11.33,--,30,33990,卖盘
417,14:22:50,11.33,--,70,80069,买盘
418,14:22:45,11.33,--,15,16995,买盘
419,14:22:40,11.33,--,39,44187,买盘
420,14:22:35,11.33,0.01,142,160886,买盘
421,14:22:30,11.32,--,22,24904,卖盘
422,14:22:25,11.32,-0.01,74,83768,卖盘
423,14:22:20,11.33,--,17,19261,买盘
424,14:22:15,11.33,--,7,7931,买盘
425,14:22:10,11.33,--,14,15862,买盘
426,14:22:05,11.33,--,2,2266,买盘
427,14:22:00,11.33,--,10,11330,买盘
428,14:21:55,11.33,--,94,106875,卖盘
429,14:21:50,11.33,--,5,5665,卖盘
430,14:21:45,11.33,--,25,28325,卖盘
431,14:21:40,11.33,0.01,25,28325,卖盘
432,14:21:35,11.32,--,35,40378,买盘
433,14:21:30,11.32,-0.01,409,462988,卖盘
434,14:21:25,11.33,--,126,142758,买盘
435,14:21:20,11.33,0.01,106,120098,买盘
436,14:21:15,11.32,-0.01,36,40752,卖盘
437,14:21:10,11.33,0.01,65,73645,买盘
438,14:21:05,11.32,-0.01,63,71316,卖盘
439,14:21:00,11.33,--,54,61182,买盘
440,14:20:55,11.33,-0.02,487,551771,卖盘
441,14:20:50,11.35,--,140,158900,卖盘
442,14:20:45,11.35,--,123,139605,卖盘
443,14:20:40,11.35,-0.01,11,12485,卖盘
444,14:20:35,11.36,-0.01,569,646384,卖盘
445,14:20:30,11.37,--,17,19329,买盘
446,14:20:24,11.37,-0.01,216,245591,卖盘
447,14:20:20,11.38,--,201,228738,买盘
448,14:20:15,11.38,--,41,46658,买盘
449,14:20:10,11.38,--,142,161596,买盘
450,14:20:05,11.38,-0.01,198,225324,卖盘
451,14:20:00,11.39,0.01,987,1124193,买盘
452,14:19:54,11.38,-0.01,59,67142,卖盘
453,14:19:50,11.39,0.01,40,45560,买盘
454,14:19:45,11.38,-0.01,72,81936,卖盘
455,14:19:39,11.39,--,159,181101,买盘
456,14:19:35,11.39,-0.01,323,367897,卖盘
457,14:19:30,11.4,0.01,476,542640,买盘
458,14:19:24,11.39,-0.01,92,104788,卖盘
459,14:19:20,11.4,0.01,143,163020,买盘
460,14:19:15,11.39,-0.01,160,182240,卖盘
461,14:19:09,11.4,0.01,40,45600,买盘
462,14:19:05,11.39,-0.01,94,107066,卖盘
463,14:19:00,11.4,--,721,821940,买盘
464,14:18:54,11.4,--,10,11400,买盘
465,14:18:50,11.4,--,108,123120,买盘
466,14:18:45,11.4,-0.01,86,98040,卖盘
467,14:18:39,11.41,--,30,34230,买盘
468,14:18:35,11.41,-0.01,58,66178,中性盘
469,14:18:30,11.42,0.01,2155,2461010,买盘
470,14:18:24,11.41,-0.01,28,31948,卖盘
471,14:18:20,11.42,0.01,158,180436,买盘
472,14:18:14,11.41,0.01,112,127792,买盘
473,14:18:09,11.4,-0.02,100,114000,卖盘
474,14:18:05,11.42,--,418,477356,买盘
475,14:18:00,11.42,0.02,125,142750,买盘
476,14:17:54,11.4,-0.02,351,400140,卖盘
477,14:17:50,11.42,0.02,401,457942,买盘
478,14:17:44,11.4,--,78,88920,卖盘
479,14:17:39,11.4,0.01,486,554040,买盘
480,14:17:35,11.39,--,121,137819,卖盘
481,14:17:30,11.39,--,137,156043,卖盘
482,14:17:24,11.39,--,139,158321,卖盘
483,14:17:20,11.39,0.01,775,882725,买盘
484,14:17:15,11.38,--,150,170700,卖盘
485,14:17:09,11.38,-0.01,8,9104,卖盘
486,14:17:05,11.39,0.01,158,179962,买盘
487,14:17:00,11.38,-0.01,426,484788,卖盘
488,14:16:54,11.39,--,40,45560,买盘
489,14:16:50,11.39,--,56,63784,买盘
490,14:16:44,11.39,--,164,186796,卖盘
491,14:16:39,11.39,--,96,109344,卖盘
492,14:16:34,11.39,--,356,405484,卖盘
493,14:16:30,11.39,--,84,95676,卖盘
494,14:16:24,11.39,-0.01,110,125290,卖盘
495,14:16:19,11.4,--,98,111720,买盘
496,14:16:14,11.4,-0.01,366,417240,卖盘
497,14:16:09,11.41,--,150,171150,买盘
498,14:16:04,11.41,--,349,398209,买盘
499,14:15:59,11.41,-0.01,91,103831,卖盘
500,14:15:54,11.42,--,28,31976,买盘
501,14:15:49,11.42,-0.01,165,188430,卖盘
502,14:15:45,11.43,--,241,275463,买盘
503,14:15:39,11.43,--,1415,1617345,买盘
504,14:15:34,11.43,-0.01,266,304038,卖盘
505,14:15:29,11.44,--,462,528528,卖盘
506,14:15:24,11.44,-0.01,15,17160,卖盘
507,14:15:19,11.45,0.02,566,648070,买盘
508,14:15:14,11.43,-0.03,502,573786,卖盘
509,14:15:09,11.46,--,127,145542,买盘
510,14:15:04,11.46,0.01,358,410268,买盘
511,14:14:59,11.45,0.02,226,258769,买盘
512,14:14:54,11.43,-0.02,152,173736,中性盘
513,14:14:49,11.45,0.03,504,577080,买盘
514,14:14:44,11.42,--,1581,1805502,卖盘
515,14:14:39,11.42,0.01,142,162164,买盘
516,14:14:34,11.41,--,1195,1363495,买盘
517,14:14:29,11.41,--,128,146048,买盘
518,14:14:24,11.41,--,251,286391,买盘
519,14:14:19,11.41,0.02,522,595887,买盘
520,14:14:14,11.39,--,622,709471,买盘
521,14:14:09,11.39,0.02,45,51255,买盘
522,14:14:04,11.37,-0.01,141,160317,中性盘
523,14:13:59,11.38,-0.01,112,128207,卖盘
524,14:13:54,11.39,0.01,578,658342,买盘
525,14:13:49,11.38,-0.02,155,176390,卖盘
526,14:13:44,11.4,--,69,78660,买盘
527,14:13:39,11.4,0.02,61,69540,买盘
528,14:13:34,11.38,-0.02,202,229876,卖盘
529,14:13:29,11.4,--,279,318060,卖盘
530,14:13:24,11.4,-0.02,229,261060,卖盘
531,14:13:18,11.42,--,92,105064,买盘
532,14:13:14,11.42,0.01,289,330038,买盘
533,14:13:09,11.41,-0.03,605,690305,卖盘
534,14:13:03,11.44,--,310,354640,买盘
535,14:12:59,11.44,--,208,237952,买盘
536,14:12:54,11.44,--,245,280280,买盘
537,14:12:48,11.44,--,144,164736,买盘
538,14:12:44,11.44,-0.01,644,736736,卖盘
539,14:12:39,11.45,0.01,1354,1550330,中性盘
540,14:12:33,11.44,--,299,342056,卖盘
541,14:12:29,11.44,-0.03,1234,1411696,卖盘
542,14:12:23,11.47,0.02,760,871720,买盘
543,14:12:18,11.45,-0.02,454,519829,卖盘
544,14:12:14,11.47,0.02,1691,1939577,买盘
545,14:12:08,11.45,--,698,799210,卖盘
546,14:12:03,11.45,-0.02,341,390445,中性盘
547,14:11:59,11.47,--,916,1050652,买盘
548,14:11:53,11.47,0.04,1213,1391311,买盘
549,14:11:48,11.43,--,229,261747,卖盘
550,14:11:43,11.43,--,443,506349,卖盘
551,14:11:38,11.43,0.03,876,1001553,买盘
552,14:11:33,11.4,-0.01,139,158460,卖盘
553,14:11:29,11.41,0.03,368,419888,买盘
554,14:11:23,11.38,--,73,83074,卖盘
555,14:11:18,11.38,-0.02,34,38692,卖盘
556,14:11:14,11.4,0.05,3611,4116927,买盘
557,14:11:08,11.35,0.02,94,106690,买盘
558,14:11:03,11.33,0.01,984,1114872,买盘
559,14:10:58,11.32,0.01,729,825228,买盘
560,14:10:53,11.31,0.01,1686,1906866,买盘
561,14:10:48,11.3,--,20,22600,卖盘
562,14:10:44,11.3,--,1493,1687090,卖盘
563,14:10:38,11.3,0.01,632,714386,买盘
564,14:10:33,11.29,-0.01,228,257411,卖盘
565,14:10:29,11.3,--,702,793260,买盘
566,14:10:23,11.3,--,310,350300,买盘
567,14:10:18,11.3,--,566,639580,买盘
568,14:10:13,11.3,--,375,423863,买盘
569,14:10:08,11.3,0.01,1046,1181980,买盘
570,14:10:03,11.29,--,41,46289,买盘
571,14:09:59,11.29,--,65,73385,买盘
572,14:09:53,11.29,0.04,281,317440,买盘
573,14:09:48,11.25,-0.04,280,315371,卖盘
574,14:09:43,11.29,--,36,40644,买盘
575,14:09:38,11.29,0.04,1040,1174160,买盘
576,14:09:29,11.25,0.05,988,1112253,买盘
577,14:09:23,11.2,0.04,309,346080,买盘
578,14:09:18,11.16,--,10,11160,卖盘
579,14:09:13,11.16,--,605,675180,买盘
580,14:09:08,11.16,0.01,189,210924,买盘
581,14:09:03,11.15,--,3,3345,卖盘
582,14:08:58,11.15,--,363,404745,买盘
583,14:08:53,11.15,0.03,11,12265,买盘
584,14:08:48,11.12,--,1,1112,买盘
585,14:08:43,11.12,-0.03,16,17792,卖盘
586,14:08:38,11.15,0.03,224,249760,买盘
587,14:08:33,11.12,0.01,17,18904,卖盘
588,14:08:28,11.11,-0.04,50,55550,卖盘
589,14:08:23,11.15,0.03,300,334500,买盘
590,14:08:18,11.12,0.01,25,27799,买盘
591,14:08:13,11.11,-0.01,9,9999,卖盘
592,14:08:08,11.12,--,1,1112,买盘
593,14:08:03,11.12,0.01,6,6671,买盘
594,14:07:58,11.11,--,7,7777,卖盘
595,14:07:53,11.11,-0.01,30,33330,卖盘
596,14:07:43,11.12,0.01,32,35584,买盘
597,14:07:38,11.11,-0.01,10,11110,卖盘
598,14:07:28,11.12,0.01,2,2224,买盘
599,14:07:23,11.11,--,28,31108,卖盘
600,14:07:18,11.11,--,0,0,卖盘
601,14:07:13,11.11,-0.01,20,22220,卖盘
602,14:07:03,11.12,--,62,68944,买盘
603,14:06:53,11.12,0.01,10,11120,买盘
604,14:06:43,11.11,--,2,2222,卖盘
605,14:06:38,11.11,--,18,19998,卖盘
606,14:06:27,11.11,--,10,11110,卖盘
607,14:06:23,11.11,--,8,8888,买盘
608,14:06:18,11.11,--,52,57772,买盘
609,14:06:12,11.11,0.01,26,28886,买盘
610,14:06:08,11.1,-0.01,32,35520,卖盘
611,14:06:03,11.11,0.01,4,4444,买盘
612,14:05:57,11.1,--,25,27750,卖盘
613,14:05:53,11.1,--,6,6660,卖盘
614,14:05:48,11.1,--,223,247530,卖盘
615,14:05:42,11.1,-0.01,67,74370,卖盘
616,14:05:38,11.11,--,11,12221,买盘
617,14:05:27,11.11,--,149,165539,买盘
618,14:05:23,11.11,--,16,17776,买盘
619,14:05:18,11.11,--,37,41107,买盘
620,14:05:08,11.11,--,5,5555,买盘
621,14:05:03,11.11,--,8,8888,买盘
622,14:04:57,11.11,--,2,2222,买盘
623,14:04:53,11.11,0.01,22,24442,买盘
624,14:04:48,11.1,-0.01,94,104340,卖盘
625,14:04:42,11.11,0.01,5,5555,买盘
626,14:04:38,11.1,--,17,18870,卖盘
627,14:04:32,11.1,--,56,62160,卖盘
628,14:04:27,11.1,-0.01,9,9990,卖盘
629,14:04:23,11.11,--,7,7777,买盘
630,14:04:17,11.11,--,36,39996,买盘
631,14:04:12,11.11,0.01,10,11110,买盘
632,14:04:08,11.1,-0.01,71,78810,卖盘
633,14:04:02,11.11,--,32,35552,买盘
634,14:03:57,11.11,-0.01,4,4444,买盘
635,14:03:47,11.12,--,937,1041943,卖盘
636,14:03:42,11.12,--,2,2224,卖盘
637,14:03:38,11.12,-0.02,11,12232,卖盘
638,14:03:32,11.14,--,0,0,买盘
639,14:03:23,11.14,--,200,222800,买盘
640,14:02:57,11.14,--,1,1114,买盘
641,14:02:52,11.14,0.01,13,14482,买盘
642,14:02:47,11.13,-0.01,58,64554,卖盘
643,14:02:42,11.14,0.01,29,32306,买盘
644,14:02:37,11.13,-0.01,5,5565,卖盘
645,14:02:32,11.14,--,33,36762,买盘
646,14:02:27,11.14,0.01,3,3342,买盘
647,14:02:22,11.13,-0.01,37,41181,卖盘
648,14:02:12,11.14,0.01,20,22280,买盘
649,14:02:07,11.13,-0.02,39,43407,卖盘
650,14:01:57,11.15,--,0,0,买盘
651,14:01:52,11.15,0.03,4,4460,买盘
652,14:01:47,11.12,--,15,16680,买盘
653,14:01:42,11.12,0.01,6,6671,卖盘
654,14:01:37,11.11,-0.02,75,83325,卖盘
655,14:01:32,11.13,0.01,31,34503,买盘
656,14:01:17,11.12,-0.01,31,34472,卖盘
657,14:01:07,11.13,--,3,3339,买盘
658,14:01:02,11.13,-0.01,13,14469,卖盘
659,14:00:52,11.14,--,10,11140,买盘
660,14:00:47,11.14,--,119,132566,卖盘
661,14:00:42,11.14,-0.01,65,72410,卖盘
662,14:00:37,11.15,--,8,8920,买盘
663,14:00:32,11.15,--,75,83625,卖盘
664,14:00:17,11.15,--,55,61325,卖盘
665,14:00:12,11.15,-0.01,28,31220,中性盘
666,14:00:02,11.16,0.02,34,37944,买盘
667,13:59:57,11.14,-0.02,24,26736,卖盘
668,13:59:47,11.16,0.02,10,11160,买盘
669,13:59:42,11.14,-0.01,37,41218,卖盘
670,13:59:32,11.15,--,30,33450,买盘
671,13:59:27,11.15,-0.01,13,14495,卖盘
672,13:59:21,11.16,0.01,12,13392,买盘
673,13:59:17,11.15,-0.01,40,44600,卖盘
674,13:59:06,11.16,--,0,0,买盘
675,13:59:02,11.16,0.02,103,114948,买盘
676,13:58:57,11.14,-0.02,112,124768,卖盘
677,13:58:47,11.16,--,0,0,买盘
678,13:58:41,11.16,0.01,18,20088,买盘
679,13:58:27,11.15,-0.01,20,22300,卖盘
680,13:58:21,11.16,--,1,1116,买盘
681,13:58:17,11.16,--,5,5580,买盘
682,13:58:12,11.16,--,6,6696,买盘
683,13:58:06,11.16,--,4,4464,买盘
684,13:58:02,11.16,--,32,35712,买盘
685,13:57:47,11.16,--,14,15624,买盘
686,13:57:42,11.16,--,221,246636,卖盘
687,13:57:36,11.16,--,28,31248,卖盘
688,13:57:32,11.16,--,27,30132,卖盘
689,13:57:26,11.16,0.01,227,253332,买盘
690,13:57:17,11.15,0.01,71,79165,买盘
691,13:57:11,11.14,0.01,31,34534,买盘
692,13:57:02,11.13,--,5,5565,卖盘
693,13:56:56,11.13,0.03,273,303860,买盘
694,13:56:51,11.1,-0.01,2,2220,卖盘
695,13:56:46,11.11,--,7,7777,买盘
696,13:56:41,11.11,0.01,40,44440,买盘
697,13:56:36,11.1,-0.01,30,33300,卖盘
698,13:56:31,11.11,--,108,119988,买盘
699,13:56:26,11.11,--,81,89991,买盘
700,13:56:21,11.11,--,5,5555,买盘
701,13:56:16,11.11,--,31,34441,卖盘
702,13:56:06,11.11,--,0,0,卖盘
703,13:56:01,11.11,-0.01,28,31108,卖盘
704,13:55:56,11.12,0.01,10,11120,买盘
705,13:55:46,11.11,-0.01,110,122210,卖盘
706,13:55:41,11.12,--,4,4448,买盘
707,13:55:36,11.12,--,5,5560,买盘
708,13:55:26,11.12,0.01,25,27799,中性盘
709,13:55:21,11.11,-0.01,9,9999,卖盘
710,13:55:16,11.12,--,5,5560,买盘
711,13:55:06,11.12,--,46,51152,卖盘
712,13:54:51,11.12,--,26,28911,买盘
713,13:54:46,11.12,0.02,48,53375,买盘
714,13:54:36,11.1,--,49,54390,买盘
715,13:54:31,11.1,-0.02,2,2220,中性盘
716,13:54:26,11.12,0.02,60,66720,买盘
717,13:54:21,11.1,--,45,49950,卖盘
718,13:54:11,11.1,0.01,10,11100,买盘
719,13:53:56,11.09,--,39,43251,买盘
720,13:53:51,11.09,--,83,92047,买盘
721,13:53:46,11.09,-0.01,138,153042,卖盘
722,13:53:41,11.1,--,10,11100,卖盘
723,13:53:36,11.1,--,5,5550,卖盘
724,13:53:30,11.1,--,24,26640,买盘
725,13:53:26,11.1,0.01,62,68820,买盘
726,13:53:21,11.09,-0.01,108,119772,卖盘
727,13:53:15,11.1,--,10,11100,买盘
728,13:53:11,11.1,--,68,75480,买盘
729,13:53:06,11.1,--,18,19980,买盘
730,13:53:00,11.1,--,6,6660,买盘
731,13:52:56,11.1,-0.03,110,122100,买盘
732,13:52:51,11.13,--,0,0,买盘
733,13:52:45,11.13,--,9,10017,买盘
734,13:52:40,11.13,-0.01,10,11130,买盘
735,13:52:36,11.14,0.08,24,26736,买盘
736,13:52:30,11.06,-0.07,10,11060,卖盘
737,13:52:25,11.13,-0.01,35,38955,中性盘
738,13:52:21,11.14,--,50,55700,买盘
739,13:52:15,11.14,0.01,50,55700,买盘
740,13:52:11,11.13,-0.01,1,1113,卖盘
741,13:52:06,11.14,0.11,25,28295,买盘
742,13:52:00,11.03,--,12,13236,买盘
743,13:51:56,11.03,--,12,13236,买盘
744,13:51:51,11.03,--,866,955198,买盘
745,13:51:45,11.03,-0.11,4113,4537300,卖盘
746,13:51:40,11.14,-0.01,150,167100,卖盘
747,13:51:36,11.15,--,20,22300,卖盘
748,13:51:25,11.15,0.01,147,163905,买盘
749,13:51:21,11.14,-0.01,109,121426,卖盘
750,13:51:15,11.15,--,29,32335,买盘
751,13:51:11,11.15,0.01,10,11150,买盘
752,13:51:06,11.14,--,13,14482,卖盘
753,13:51:00,11.14,--,10,11140,卖盘
754,13:50:55,11.14,--,72,80208,买盘
755,13:50:51,11.14,0.02,22,24508,买盘
756,13:50:41,11.12,-0.01,230,255759,卖盘
757,13:50:36,11.13,--,7,7791,买盘
758,13:50:30,11.13,--,2,2226,买盘
759,13:50:26,11.13,--,17,18921,买盘
760,13:50:20,11.13,0.01,1,1113,买盘
761,13:50:11,11.12,--,15,16680,卖盘
762,13:50:05,11.12,0.01,13,14455,买盘
763,13:49:59,11.11,--,109,121099,买盘
764,13:49:56,11.11,--,113,125543,买盘
765,13:49:50,11.11,-0.01,306,339966,卖盘
766,13:49:45,11.12,--,15,16680,买盘
767,13:49:40,11.12,0.01,24,26687,买盘
768,13:49:35,11.11,--,469,521059,卖盘
769,13:49:30,11.11,--,10,11110,卖盘
770,13:49:25,11.11,--,79,87769,卖盘
771,13:49:20,11.11,0.01,98,108878,买盘
772,13:49:15,11.1,-0.01,30,33300,卖盘
773,13:49:10,11.11,0.01,1,1111,中性盘
774,13:49:05,11.1,-0.01,65,72150,卖盘
775,13:49:00,11.11,0.01,6,6666,买盘
776,13:48:55,11.1,--,37,41514,买盘
777,13:48:50,11.1,--,43,47730,买盘
778,13:48:45,11.1,-0.01,429,476467,卖盘
779,13:48:40,11.11,0.01,743,825473,买盘
780,13:48:35,11.1,-0.01,190,210900,卖盘
781,13:48:30,11.11,--,332,368852,买盘
782,13:48:25,11.11,--,81,89991,买盘
783,13:48:20,11.11,--,65,72215,买盘
784,13:48:10,11.11,0.01,18,19998,买盘
785,13:48:05,11.1,-0.01,91,101010,卖盘
786,13:48:00,11.11,--,6,6666,卖盘
787,13:47:55,11.11,--,25,27775,卖盘
788,13:47:50,11.11,-0.01,5,5555,中性盘
789,13:47:45,11.12,0.01,74,82288,买盘
790,13:47:40,11.11,--,58,64438,买盘
791,13:47:35,11.11,--,115,127765,卖盘
792,13:47:30,11.11,--,47,52217,卖盘
793,13:47:25,11.11,--,34,37774,卖盘
794,13:47:20,11.11,--,87,96657,卖盘
795,13:47:15,11.11,-0.01,203,225533,卖盘
796,13:47:10,11.12,--,329,365848,买盘
797,13:47:05,11.12,0.01,34,37808,买盘
798,13:47:00,11.11,--,244,271084,卖盘
799,13:46:55,11.11,--,10,11110,卖盘
800,13:46:50,11.11,--,23,25553,卖盘
801,13:46:45,11.11,--,35,38885,卖盘
802,13:46:40,11.11,--,35,38885,卖盘
803,13:46:35,11.11,-0.01,27,29997,卖盘
804,13:46:30,11.12,0.01,2,2224,买盘
805,13:46:25,11.11,-0.01,5,5555,卖盘
806,13:46:20,11.12,0.01,67,74504,买盘
807,13:46:15,11.11,-0.01,17,18887,卖盘
808,13:46:10,11.12,--,94,104527,卖盘
809,13:46:05,11.12,-0.01,3,3335,卖盘
810,13:46:00,11.13,--,25,27825,买盘
811,13:45:54,11.13,0.01,30,33390,买盘
812,13:45:50,11.12,--,46,51152,卖盘
813,13:45:45,11.12,-0.01,309,343608,卖盘
814,13:45:39,11.13,--,12,13356,买盘
815,13:45:35,11.13,--,32,35616,买盘
816,13:45:30,11.13,-0.01,32,35616,卖盘
817,13:45:24,11.14,--,38,42332,卖盘
818,13:45:20,11.14,--,63,70182,买盘
819,13:45:15,11.14,0.01,27,30078,买盘
820,13:45:09,11.13,--,10,11130,卖盘
821,13:45:05,11.13,-0.01,205,228165,卖盘
822,13:44:54,11.14,--,1,1114,买盘
823,13:44:49,11.14,--,5,5570,买盘
824,13:44:44,11.14,--,313,348682,买盘
825,13:44:39,11.14,--,301,335314,买盘
826,13:44:34,11.14,--,4,4456,买盘
827,13:44:30,11.14,-0.01,1,1114,买盘
828,13:44:24,11.15,0.01,18,20070,买盘
829,13:44:19,11.14,--,8,8912,买盘
830,13:44:15,11.14,--,23,25622,卖盘
831,13:44:04,11.14,--,231,257334,买盘
832,13:44:00,11.14,--,115,128110,买盘
833,13:43:53,11.14,--,4,4456,卖盘
834,13:43:49,11.14,-0.01,54,60156,卖盘
835,13:43:39,11.15,0.01,26,28990,买盘
836,13:43:34,11.14,--,5,5570,买盘
837,13:43:29,11.14,-0.01,298,331972,卖盘
838,13:43:24,11.15,--,5,5575,买盘
839,13:43:19,11.15,--,54,60210,买盘
840,13:43:15,11.15,--,2,2230,买盘
841,13:43:08,11.15,--,20,22300,买盘
842,13:43:04,11.15,--,180,200700,买盘
843,13:42:49,11.15,--,7,7805,买盘
844,13:42:44,11.15,0.01,7,7805,买盘
845,13:42:34,11.14,-0.01,114,126996,卖盘
846,13:42:29,11.15,--,29,32335,买盘
847,13:42:24,11.15,--,17,18955,买盘
848,13:42:19,11.15,--,10,11150,买盘
849,13:42:14,11.15,0.01,17,18955,中性盘
850,13:42:04,11.14,-0.02,36,40104,卖盘
851,13:41:59,11.16,--,64,71424,买盘
852,13:41:54,11.16,--,0,0,买盘
853,13:41:49,11.16,--,20,22320,买盘
854,13:41:44,11.16,--,29,32364,买盘
855,13:41:39,11.16,--,5,5580,买盘
856,13:41:34,11.16,--,1,1116,买盘
857,13:41:29,11.16,--,62,69192,买盘
858,13:41:24,11.16,--,28,31248,买盘
859,13:41:19,11.16,--,26,29574,卖盘
860,13:41:14,11.16,--,90,100440,卖盘
861,13:41:08,11.16,--,10,11160,卖盘
862,13:41:04,11.16,--,3,3348,卖盘
863,13:40:59,11.16,--,41,45756,卖盘
864,13:40:53,11.16,--,10,11160,卖盘
865,13:40:49,11.16,0.04,330,368838,买盘
866,13:40:44,11.12,--,56,62271,买盘
867,13:40:38,11.12,--,32,35584,买盘
868,13:40:34,11.12,-0.01,102,113423,卖盘
869,13:40:29,11.13,0.01,45,50085,买盘
870,13:40:19,11.12,0.01,13,14455,中性盘
871,13:40:14,11.11,-0.01,41,45551,卖盘
872,13:40:08,11.12,0.01,37,41144,中性盘
873,13:40:04,11.11,-0.01,120,134053,卖盘
874,13:39:59,11.12,--,13,14455,卖盘
875,13:39:53,11.12,0.01,163,181256,中性盘
876,13:39:49,11.11,-0.01,62,68882,卖盘
877,13:39:44,11.12,--,55,61159,买盘
878,13:39:38,11.12,-0.02,13,14455,中性盘
879,13:39:34,11.14,0.02,2002,2230228,买盘
880,13:39:29,11.12,-0.01,355,394760,卖盘
881,13:39:23,11.13,--,59,66501,买盘
882,13:39:19,11.13,--,96,106848,买盘
883,13:39:14,11.13,--,46,51198,买盘
884,13:39:08,11.13,--,61,67893,买盘
885,13:39:04,11.13,-0.01,370,411810,卖盘
886,13:38:59,11.14,--,21,23394,买盘
887,13:38:53,11.14,--,59,65726,卖盘
888,13:38:49,11.14,--,35,38990,卖盘
889,13:38:44,11.14,-0.01,227,252878,卖盘
890,13:38:38,11.15,--,23,25645,买盘
891,13:38:34,11.15,--,9,10035,买盘
892,13:38:29,11.15,--,16,17840,买盘
893,13:38:23,11.15,--,9,10035,买盘
894,13:38:19,11.15,-0.01,437,487634,卖盘
895,13:38:14,11.16,--,74,82584,卖盘
896,13:38:08,11.16,--,113,126108,卖盘
897,13:38:04,11.16,-0.01,36,40176,卖盘
898,13:37:59,11.17,--,14,15638,买盘
899,13:37:53,11.17,--,36,40212,买盘
900,13:37:44,11.17,--,10,11170,买盘
901,13:37:38,11.17,0.01,261,291537,买盘
902,13:37:29,11.16,0.01,12,13392,中性盘
903,13:37:23,11.15,--,192,214815,卖盘
904,13:37:17,11.15,--,44,49060,卖盘
905,13:37:14,11.15,-0.01,13,14495,卖盘
906,13:37:08,11.16,0.01,10,11160,买盘
907,13:37:02,11.15,-0.01,20,22300,卖盘
908,13:36:59,11.16,0.01,65,72540,买盘
909,13:36:53,11.15,-0.01,27,30105,卖盘
910,13:36:47,11.16,0.01,1,1116,买盘
911,13:36:44,11.15,--,89,99235,买盘
912,13:36:38,11.15,--,43,47945,买盘
913,13:36:32,11.15,--,59,65785,买盘
914,13:36:28,11.15,--,44,49060,买盘
915,13:36:23,11.15,--,972,1083780,卖盘
916,13:36:13,11.15,--,100,111500,卖盘
917,13:36:08,11.15,--,164,182860,卖盘
918,13:36:02,11.15,-0.01,12,13380,卖盘
919,13:35:58,11.16,0.01,136,151776,买盘
920,13:35:53,11.15,-0.02,1227,1368105,卖盘
921,13:35:47,11.17,--,35,39095,卖盘
922,13:35:43,11.17,-0.01,177,197709,卖盘
923,13:35:38,11.18,--,417,466206,买盘
924,13:35:32,11.18,--,83,93073,卖盘
925,13:35:28,11.18,--,533,596531,卖盘
926,13:35:23,11.18,--,1068,1194024,卖盘
927,13:35:13,11.18,--,183,204594,卖盘
928,13:35:08,11.18,-0.01,209,233662,卖盘
929,13:34:58,11.19,--,48,53712,买盘
930,13:34:53,11.19,--,47,53700,卖盘
931,13:34:47,11.19,-0.01,3,3357,卖盘
932,13:34:43,11.2,0.01,30,33600,买盘
933,13:34:38,11.19,--,1,1119,卖盘
934,13:34:32,11.19,--,50,55950,卖盘
935,13:34:28,11.19,--,6,6714,卖盘
936,13:34:23,11.19,0.01,294,328997,买盘
937,13:34:17,11.18,-0.01,25,27950,卖盘
938,13:34:13,11.19,0.01,47,52593,买盘
939,13:34:08,11.18,-0.01,10,11381,卖盘
940,13:34:02,11.19,--,20,22380,买盘
941,13:33:58,11.19,0.01,10,11190,买盘
942,13:33:53,11.18,-0.01,10,11180,卖盘
943,13:33:47,11.19,--,20,22380,买盘
944,13:33:43,11.19,--,20,22380,买盘
945,13:33:38,11.19,--,51,57069,买盘
946,13:33:32,11.19,--,11,12309,买盘
947,13:33:28,11.19,--,21,23499,买盘
948,13:33:23,11.19,--,25,27975,买盘
949,13:33:17,11.19,--,7,7833,买盘
950,13:33:13,11.19,-0.01,847,948900,卖盘
951,13:33:08,11.2,--,39,43680,买盘
952,13:33:02,11.2,--,399,446880,买盘
953,13:32:53,11.2,--,10,11200,买盘
954,13:32:47,11.2,--,67,75040,买盘
955,13:32:43,11.2,--,15,16800,买盘
956,13:32:38,11.2,--,10,11200,买盘
957,13:32:32,11.2,--,55,61599,买盘
958,13:32:28,11.2,--,3,3360,买盘
959,13:32:23,11.2,--,41,45920,买盘
960,13:32:17,11.2,--,6,6720,买盘
961,13:32:13,11.2,--,287,321440,买盘
962,13:32:08,11.2,--,77,86240,买盘
963,13:32:02,11.2,--,6,6720,买盘
964,13:31:58,11.2,--,23,25760,买盘
965,13:31:52,11.2,-0.01,120,134400,卖盘
966,13:31:47,11.21,0.01,330,369930,买盘
967,13:31:43,11.2,--,62,69440,卖盘
968,13:31:38,11.2,--,42,47040,卖盘
969,13:31:32,11.2,--,11,12320,卖盘
970,13:31:23,11.2,--,7,7839,卖盘
971,13:31:17,11.2,--,221,247519,买盘
972,13:31:13,11.2,--,5,5600,买盘
973,13:31:08,11.2,0.01,73,82510,买盘
974,13:31:02,11.19,--,146,163374,卖盘
975,13:30:58,11.19,-0.01,10,11190,卖盘
976,13:30:53,11.2,--,26,29119,买盘
977,13:30:47,11.2,--,86,96320,买盘
978,13:30:43,11.2,0.01,16,17920,买盘
979,13:30:38,11.19,--,493,551667,卖盘
980,13:30:32,11.19,-0.01,48,53712,卖盘
981,13:30:28,11.2,--,5,5600,买盘
982,13:30:23,11.2,--,42,47040,买盘
983,13:30:17,11.2,--,27,30239,买盘
984,13:30:12,11.2,--,256,286720,买盘
985,13:30:07,11.2,--,156,174720,卖盘
986,13:30:02,11.2,--,30,33600,买盘
987,13:29:58,11.2,--,11,12320,买盘
988,13:29:52,11.2,--,91,101920,买盘
989,13:29:47,11.2,--,63,70560,买盘
990,13:29:42,11.2,--,99,110880,买盘
991,13:29:38,11.2,--,94,105280,买盘
992,13:29:32,11.2,--,156,174720,买盘
993,13:29:23,11.2,--,2,2240,买盘
994,13:29:17,11.2,--,52,58239,买盘
995,13:29:11,11.2,--,25,28000,买盘
996,13:29:08,11.2,--,93,104160,买盘
997,13:29:02,11.2,--,65,72800,买盘
998,13:28:56,11.2,--,3,3360,买盘
999,13:28:52,11.2,0.01,315,352800,卖盘
1000,13:28:41,11.19,-0.01,100,111900,卖盘
1001,13:28:37,11.2,--,22,24976,买盘
1002,13:28:32,11.2,--,38,42560,买盘
1003,13:28:26,11.2,--,17,19040,买盘
1004,13:28:22,11.2,--,16,17920,买盘
1005,13:28:17,11.2,0.01,24,26880,买盘
1006,13:28:11,11.19,-0.01,31,34689,卖盘
1007,13:28:07,11.2,--,82,91840,买盘
1008,13:28:02,11.2,--,95,106400,买盘
1009,13:27:56,11.2,--,5,5600,买盘
1010,13:27:52,11.2,--,7,7839,买盘
1011,13:27:47,11.2,--,86,96320,买盘
1012,13:27:41,11.2,0.01,60,67200,买盘
1013,13:27:37,11.19,-0.01,81,90639,卖盘
1014,13:27:32,11.2,--,12,13440,买盘
1015,13:27:26,11.2,0.01,20,22400,买盘
1016,13:27:22,11.19,-0.01,22,25569,卖盘
1017,13:27:17,11.2,--,668,748944,卖盘
1018,13:27:07,11.2,--,35,39536,卖盘
1019,13:27:02,11.2,--,68,76160,买盘
1020,13:26:56,11.2,--,28,31359,买盘
1021,13:26:52,11.2,--,78,87360,买盘
1022,13:26:47,11.2,--,2,2240,买盘
1023,13:26:41,11.2,--,3,3360,买盘
1024,13:26:37,11.2,--,85,95200,买盘
1025,13:26:32,11.2,--,75,84000,买盘
1026,13:26:26,11.2,--,10,11200,买盘
1027,13:26:22,11.2,0.01,99,110880,买盘
1028,13:26:17,11.19,-0.01,87,97353,卖盘
1029,13:26:11,11.2,0.01,23,25760,买盘
1030,13:26:07,11.19,-0.01,46,51474,卖盘
1031,13:26:02,11.2,--,33,36960,买盘
1032,13:25:56,11.2,0.01,31,34720,买盘
1033,13:25:52,11.19,-0.01,5,5595,卖盘
1034,13:25:46,11.2,0.01,51,57120,买盘
1035,13:25:41,11.19,--,61,68259,卖盘
1036,13:25:37,11.19,-0.01,280,313320,卖盘
1037,13:25:32,11.2,--,48,53760,买盘
1038,13:25:26,11.2,0.01,86,96320,买盘
1039,13:25:22,11.19,-0.01,1,1119,卖盘
1040,13:25:16,11.2,--,25,28000,买盘
1041,13:25:11,11.2,0.01,100,112000,买盘
1042,13:25:01,11.19,-0.01,6,6714,卖盘
1043,13:24:56,11.2,0.01,24,26880,买盘
1044,13:24:52,11.19,--,146,163374,卖盘
1045,13:24:46,11.19,-0.01,10,11190,卖盘
1046,13:24:37,11.2,--,20,22400,买盘
1047,13:24:31,11.2,--,5,5600,买盘
1048,13:24:26,11.2,--,149,166880,卖盘
1049,13:24:22,11.2,-0.02,18,20160,卖盘
1050,13:24:16,11.22,0.02,80,89760,买盘
1051,13:24:11,11.2,0.01,195,218400,中性盘
1052,13:24:07,11.19,-0.03,78,87282,卖盘
1053,13:24:01,11.22,--,12,13464,买盘
1054,13:23:56,11.22,--,30,33660,买盘
1055,13:23:52,11.22,0.03,1,1122,买盘
1056,13:23:46,11.19,-0.01,75,84137,卖盘
1057,13:23:41,11.2,-0.03,3469,3885996,卖盘
1058,13:23:37,11.23,--,0,0,买盘
1059,13:23:31,11.23,0.01,28,31444,买盘
1060,13:23:26,11.22,-0.01,489,549634,卖盘
1061,13:23:16,11.23,0.01,33,37059,买盘
1062,13:23:11,11.22,-0.01,33,37026,卖盘
1063,13:23:01,11.23,--,11,12353,买盘
1064,13:22:56,11.23,--,15,16845,买盘
1065,13:22:52,11.23,--,25,28075,买盘
1066,13:22:46,11.23,--,30,33690,买盘
1067,13:22:41,11.23,-0.01,14,15912,卖盘
1068,13:22:31,11.24,0.01,18,20973,买盘
1069,13:22:26,11.23,--,11,12543,买盘
1070,13:22:21,11.23,-0.01,393,442271,卖盘
1071,13:22:16,11.24,0.01,1,1124,买盘
1072,13:22:01,11.23,--,55,61765,卖盘
1073,13:21:56,11.23,--,20,22460,卖盘
1074,13:21:51,11.23,--,10,11230,卖盘
1075,13:21:46,11.23,-0.01,28,31444,卖盘
1076,13:21:41,11.24,--,11,12364,买盘
1077,13:21:31,11.24,--,10,11240,买盘
1078,13:21:26,11.24,0.01,13,14612,买盘
1079,13:21:20,11.23,-0.01,5,5615,卖盘
1080,13:21:16,11.24,0.01,62,69688,买盘
1081,13:21:05,11.23,-0.01,14,15722,卖盘
1082,13:21:01,11.24,0.01,50,56200,买盘
1083,13:20:56,11.23,--,8,8984,卖盘
1084,13:20:50,11.23,-0.01,5,5805,卖盘
1085,13:20:41,11.24,--,4,4496,买盘
1086,13:20:35,11.24,0.01,15,16860,买盘
1087,13:20:31,11.23,--,43,48289,卖盘
1088,13:20:26,11.23,-0.01,12,13476,卖盘
1089,13:20:16,11.24,--,103,115772,买盘
1090,13:20:11,11.24,--,35,39340,买盘
1091,13:20:01,11.24,0.01,70,78680,买盘
1092,13:19:56,11.23,--,12,13476,卖盘
1093,13:19:35,11.23,--,59,66257,买盘
1094,13:19:31,11.23,--,60,67380,买盘
1095,13:19:26,11.23,--,19,21337,买盘
1096,13:19:20,11.23,--,14,15722,买盘
1097,13:19:16,11.23,0.01,70,78610,买盘
1098,13:19:11,11.22,--,3,3366,卖盘
1099,13:19:05,11.22,--,10,11220,卖盘
1100,13:19:01,11.22,-0.01,10,11220,卖盘
1101,13:18:56,11.23,0.01,5,5615,买盘
1102,13:18:50,11.22,--,19,21318,卖盘
1103,13:18:46,11.22,-0.01,43,48246,卖盘
1104,13:18:41,11.23,--,23,26592,买盘
1105,13:18:35,11.23,--,45,50535,卖盘
1106,13:18:26,11.23,-0.01,50,56150,卖盘
1107,13:18:20,11.24,0.01,23,25852,买盘
1108,13:18:16,11.23,--,20,22460,卖盘
1109,13:18:11,11.23,--,1,1123,卖盘
1110,13:18:05,11.23,--,36,40428,买盘
1111,13:17:56,11.23,0.01,22,24706,中性盘
1112,13:17:50,11.22,--,20,22440,卖盘
1113,13:17:46,11.22,-0.01,35,39270,卖盘
1114,13:17:40,11.23,--,58,65639,买盘
1115,13:17:35,11.23,--,10,11230,买盘
1116,13:17:31,11.23,--,10,11230,买盘
1117,13:17:25,11.23,--,9,10107,买盘
1118,13:17:20,11.23,-0.01,255,286982,卖盘
1119,13:17:10,11.24,0.01,83,93292,买盘
1120,13:17:05,11.23,-0.01,32,35936,卖盘
1121,13:17:01,11.24,0.01,7,7868,买盘
1122,13:16:55,11.23,-0.01,40,44920,卖盘
1123,13:16:50,11.24,--,3,3372,买盘
1124,13:16:35,11.24,0.01,93,104846,买盘
1125,13:16:30,11.23,-0.01,100,112300,卖盘
1126,13:16:25,11.24,--,29,32596,买盘
1127,13:16:20,11.24,0.01,72,80928,买盘
1128,13:16:10,11.23,--,51,57273,卖盘
1129,13:16:05,11.23,--,43,48289,卖盘
1130,13:15:50,11.23,-0.01,26,29198,卖盘
1131,13:15:35,11.24,--,159,178716,卖盘
1132,13:15:30,11.24,--,10,11240,卖盘
1133,13:15:25,11.24,--,21,23604,卖盘
1134,13:15:20,11.24,--,97,109331,卖盘
1135,13:15:10,11.24,--,3,3372,卖盘
1136,13:14:55,11.24,--,7,7868,卖盘
1137,13:14:50,11.24,0.01,29,32596,买盘
1138,13:14:45,11.23,--,2,2246,卖盘
1139,13:14:40,11.23,--,20,22460,卖盘
1140,13:14:35,11.23,--,10,11230,卖盘
1141,13:14:30,11.23,-0.01,5,5615,卖盘
1142,13:14:25,11.24,0.01,32,35968,买盘
1143,13:14:20,11.23,-0.01,1,1123,卖盘
1144,13:14:15,11.24,--,10,11240,买盘
1145,13:14:05,11.24,--,100,112400,买盘
1146,13:14:00,11.24,-0.01,379,425996,卖盘
1147,13:13:55,11.25,--,2,2250,买盘
1148,13:13:45,11.25,--,670,754020,卖盘
1149,13:13:35,11.25,--,22,24750,卖盘
1150,13:13:20,11.25,--,69,78356,卖盘
1151,13:13:14,11.25,--,1,1125,卖盘
1152,13:13:10,11.25,--,61,68625,卖盘
1153,13:13:05,11.25,--,22,24750,卖盘
1154,13:12:59,11.25,--,5,5625,卖盘
1155,13:12:55,11.25,--,4,5062,卖盘
1156,13:12:50,11.25,--,131,147375,卖盘
1157,13:12:35,11.25,-0.01,9,10350,卖盘
1158,13:12:29,11.26,--,13,14638,买盘
1159,13:12:20,11.26,--,14,15820,卖盘
1160,13:12:14,11.26,--,9,10134,卖盘
1161,13:12:05,11.26,--,4,4504,卖盘
1162,13:11:59,11.26,--,5,5630,卖盘
1163,13:11:55,11.26,-0.01,20,22520,卖盘
1164,13:11:50,11.27,0.01,106,119462,买盘
1165,13:11:40,11.26,-0.01,4,4616,卖盘
1166,13:11:35,11.27,0.01,21,23667,买盘
1167,13:11:29,11.26,--,30,33780,卖盘
1168,13:11:20,11.26,--,58,65308,卖盘
1169,13:11:05,11.26,--,1,1126,卖盘
1170,13:10:50,11.26,-0.01,1,1126,卖盘
1171,13:10:35,11.27,0.01,8,9016,买盘
1172,13:10:29,11.26,--,27,30402,卖盘
1173,13:10:25,11.26,--,10,11260,卖盘
1174,13:10:20,11.26,--,1,1126,卖盘
1175,13:10:14,11.26,--,4,4819,卖盘
1176,13:10:05,11.26,--,1,1126,卖盘
1177,13:09:59,11.26,--,4,4504,卖盘
1178,13:09:50,11.26,--,7,7882,卖盘
1179,13:09:44,11.26,--,136,153136,卖盘
1180,13:09:34,11.26,--,39,43914,卖盘
1181,13:09:29,11.26,--,1,1126,卖盘
1182,13:09:25,11.26,-0.01,42,47292,卖盘
1183,13:09:19,11.27,0.01,9,10143,买盘
1184,13:09:14,11.26,--,9,10775,卖盘
1185,13:08:59,11.26,--,60,67560,卖盘
1186,13:08:49,11.26,--,25,28150,卖盘
1187,13:08:44,11.26,--,9,10134,卖盘
1188,13:08:40,11.26,--,50,56300,卖盘
1189,13:08:29,11.26,--,20,22520,卖盘
1190,13:08:19,11.26,-0.01,40,45040,卖盘
1191,13:08:14,11.27,-0.01,21,24658,卖盘
1192,13:08:04,11.28,0.01,15,16920,买盘
1193,13:07:59,11.27,--,3,3381,卖盘
1194,13:07:49,11.27,--,5,5635,卖盘
1195,13:07:44,11.27,-0.01,1,1127,卖盘
1196,13:07:34,11.28,0.01,5,5640,买盘
1197,13:07:29,11.27,--,6,6897,买盘
1198,13:07:24,11.27,0.01,54,60858,买盘
1199,13:07:14,11.26,-0.01,66,74316,卖盘
1200,13:06:49,11.27,--,27,31420,卖盘
1201,13:06:34,11.27,--,13,14651,卖盘
1202,13:06:29,11.27,-0.01,17,20139,卖盘
1203,13:06:19,11.28,0.01,3,3384,买盘
1204,13:06:14,11.27,-0.01,33,37191,卖盘
1205,13:06:04,11.28,0.01,5,5640,买盘
1206,13:05:59,11.27,-0.01,30,33810,卖盘
1207,13:05:54,11.28,0.01,12,13536,买盘
1208,13:05:49,11.27,--,10,11270,卖盘
1209,13:05:44,11.27,-0.01,2,2254,卖盘
1210,13:05:34,11.28,0.01,11,12408,买盘
1211,13:05:29,11.27,--,16,18032,卖盘
1212,13:04:58,11.27,--,7,7889,卖盘
1213,13:04:53,11.27,-0.01,22,24794,卖盘
1214,13:04:19,11.28,0.01,3,3384,买盘
1215,13:04:08,11.27,--,13,14651,卖盘
1216,13:04:04,11.27,-0.01,5,5916,卖盘
1217,13:03:44,11.28,--,204,230597,卖盘
1218,13:03:34,11.28,--,10,11280,卖盘
1219,13:03:29,11.28,--,24,27072,卖盘
1220,13:03:19,11.28,--,20,22560,卖盘
1221,13:03:14,11.28,--,11,12408,卖盘
1222,13:02:53,11.28,--,0,0,卖盘
1223,13:02:44,11.28,-0.02,56,63168,卖盘
1224,13:02:38,11.3,0.01,42,48138,买盘
1225,13:02:34,11.29,--,43,48546,买盘
1226,13:02:29,11.29,0.01,8,9032,买盘
1227,13:02:23,11.28,-0.01,22,25380,卖盘
1228,13:02:19,11.29,--,3,3386,买盘
1229,13:02:14,11.29,0.01,102,115157,买盘
1230,13:01:53,11.28,-0.01,5,5640,卖盘
1231,13:01:49,11.29,0.01,1,1129,买盘
1232,13:01:34,11.28,-0.01,1,1128,卖盘
1233,13:01:28,11.29,--,39,44031,买盘
1234,13:01:13,11.29,--,30,33870,买盘
1235,13:00:58,11.29,--,1,1129,买盘
1236,13:00:53,11.29,--,5,5645,买盘
1237,13:00:48,11.29,--,20,22580,买盘
1238,13:00:33,11.29,0.01,20,22580,买盘
1239,13:00:23,11.28,--,5,5640,卖盘
1240,13:00:18,11.28,--,5,6170,卖盘
1241,13:00:08,11.28,--,533,601675,买盘
1242,13:00:03,11.28,--,1,1128,买盘
1243,11:30:00,11.28,--,0,0,买盘
1244,11:29:59,11.28,--,0,0,买盘
1245,11:29:59,11.28,0.01,20,22560,买盘
1246,11:29:49,11.27,--,27,30676,买盘
1247,11:29:44,11.27,--,24,27048,买盘
1248,11:29:34,11.27,-0.01,167,189088,卖盘
1249,11:29:29,11.28,0.01,10,11280,买盘
1250,11:29:24,11.27,-0.01,15,16905,卖盘
1251,11:29:14,11.28,--,18,20304,买盘
1252,11:29:09,11.28,--,33,37224,买盘
1253,11:28:59,11.28,--,50,56400,买盘
1254,11:28:54,11.28,--,20,22560,买盘
1255,11:28:44,11.28,--,6,6768,买盘
1256,11:28:34,11.28,--,17,19176,买盘
1257,11:28:29,11.28,0.01,43,48504,买盘
1258,11:28:19,11.27,--,60,68048,卖盘
1259,11:28:09,11.27,-0.01,9,10143,卖盘
1260,11:28:04,11.28,--,20,22560,买盘
1261,11:27:54,11.28,--,9,10152,买盘
1262,11:27:44,11.28,--,1,1128,买盘
1263,11:27:34,11.28,0.01,3,3384,买盘
1264,11:27:19,11.27,--,105,118335,卖盘
1265,11:27:14,11.27,--,1,1127,卖盘
1266,11:26:59,11.27,-0.01,15,17851,卖盘
1267,11:26:48,11.28,0.01,3,3384,买盘
1268,11:26:44,11.27,-0.01,11,12397,卖盘
1269,11:26:39,11.28,--,40,45120,买盘
1270,11:26:34,11.28,--,9,10152,买盘
1271,11:26:24,11.28,--,10,11280,买盘
1272,11:26:18,11.28,0.01,10,11280,买盘
1273,11:26:14,11.27,-0.01,1,1127,卖盘
1274,11:26:09,11.28,--,6,6768,买盘
1275,11:26:03,11.28,--,3,3384,买盘
1276,11:25:59,11.28,--,86,97008,买盘
1277,11:25:39,11.28,--,8,9024,买盘
1278,11:25:33,11.28,--,64,72868,卖盘
1279,11:25:29,11.28,--,3,3384,卖盘
1280,11:25:24,11.28,--,61,69259,买盘
1281,11:25:18,11.28,--,94,106708,卖盘
1282,11:25:14,11.28,--,5,5640,卖盘
1283,11:25:09,11.28,-0.01,110,124080,卖盘
1284,11:25:03,11.29,0.01,1,1129,买盘
1285,11:24:59,11.28,--,30,33840,卖盘
1286,11:24:53,11.28,-0.01,23,25944,卖盘
1287,11:24:48,11.29,0.01,3,3386,买盘
1288,11:24:44,11.28,-0.01,29,32711,卖盘
1289,11:24:29,11.29,--,3,3386,买盘
1290,11:24:23,11.29,0.01,10,11290,买盘
1291,11:24:14,11.28,-0.01,12,13547,卖盘
1292,11:24:03,11.29,0.01,10,11290,买盘
1293,11:23:59,11.28,--,8,9463,买盘
1294,11:23:53,11.28,--,50,56400,买盘
1295,11:23:44,11.28,--,10,11280,买盘
1296,11:23:38,11.28,--,23,25944,买盘
1297,11:23:33,11.28,--,44,49632,买盘
1298,11:23:23,11.28,--,31,34968,买盘
1299,11:23:18,11.28,--,29,32711,买盘
1300,11:23:14,11.28,0.01,58,65423,买盘
1301,11:23:08,11.27,-0.01,159,179193,卖盘
1302,11:23:03,11.28,--,20,22560,买盘
1303,11:22:58,11.28,0.01,5,5640,买盘
1304,11:22:48,11.27,--,30,33810,卖盘
1305,11:22:23,11.27,--,47,52969,买盘
1306,11:22:08,11.27,--,22,24794,买盘
1307,11:21:58,11.27,0.01,2,2254,买盘
1308,11:21:53,11.26,-0.01,78,87828,卖盘
1309,11:21:48,11.27,--,30,33810,买盘
1310,11:21:43,11.27,--,79,89033,买盘
1311,11:21:38,11.27,0.01,2,2254,买盘
1312,11:21:33,11.26,--,21,24276,卖盘
1313,11:21:23,11.26,-0.01,5,5630,卖盘
1314,11:21:18,11.27,--,2,2254,买盘
1315,11:21:08,11.27,--,1,1127,买盘
1316,11:21:03,11.27,--,116,130732,买盘
1317,11:20:58,11.27,0.01,25,28175,买盘
1318,11:20:53,11.26,-0.01,13,14638,卖盘
1319,11:20:43,11.27,0.01,6,6762,买盘
1320,11:20:27,11.26,-0.01,20,22520,卖盘
1321,11:20:23,11.27,--,125,140875,买盘
1322,11:20:18,11.27,0.01,55,61985,买盘
1323,11:20:12,11.26,-0.01,26,29602,卖盘
1324,11:20:08,11.27,--,14,15778,买盘
1325,11:19:57,11.27,0.01,30,33810,买盘
1326,11:19:53,11.26,-0.01,17,19142,卖盘
1327,11:19:48,11.27,--,17,19159,买盘
1328,11:19:38,11.27,--,55,61985,买盘
1329,11:19:33,11.27,--,2,2254,买盘
1330,11:19:23,11.27,0.01,5,5635,买盘
1331,11:19:12,11.26,--,10,11260,卖盘
1332,11:19:08,11.26,-0.01,20,22520,卖盘
1333,11:19:03,11.27,--,14,15778,买盘
1334,11:18:57,11.27,0.01,11,12397,买盘
1335,11:18:53,11.26,-0.01,25,28150,卖盘
1336,11:18:48,11.27,0.01,12,13524,买盘
1337,11:18:27,11.26,--,6,6756,卖盘
1338,11:18:18,11.26,-0.01,8,9008,卖盘
1339,11:18:12,11.27,0.01,13,14651,买盘
1340,11:18:08,11.26,--,8,9008,买盘
1341,11:18:03,11.26,-0.01,20,22520,买盘
1342,11:17:53,11.27,--,0,0,买盘
1343,11:17:47,11.27,--,5,5635,买盘
1344,11:17:42,11.27,0.02,37,41699,买盘
1345,11:17:38,11.25,--,6,6750,卖盘
1346,11:17:23,11.25,-0.02,320,360180,卖盘
1347,11:17:18,11.27,--,8,9016,买盘
1348,11:17:08,11.27,--,1,1127,买盘
1349,11:17:02,11.27,--,106,119462,买盘
1350,11:16:53,11.27,--,193,217860,卖盘
1351,11:16:32,11.27,-0.01,76,85652,卖盘
1352,11:16:12,11.28,0.01,4,4512,买盘
1353,11:16:07,11.27,-0.01,10,12047,卖盘
1354,11:16:02,11.28,--,31,34968,买盘
1355,11:15:57,11.28,--,4,4512,买盘
1356,11:15:47,11.28,--,10,11280,买盘
1357,11:15:37,11.28,0.01,4,4512,买盘
1358,11:15:32,11.27,-0.01,1,1127,卖盘
1359,11:15:27,11.28,--,8,9024,买盘
1360,11:15:17,11.28,0.01,20,22560,买盘
1361,11:14:47,11.27,-0.01,5,5635,中性盘
1362,11:14:37,11.28,--,24,27072,买盘
1363,11:14:32,11.28,0.02,15,16920,买盘
1364,11:14:27,11.26,0.01,13,14919,卖盘
1365,11:14:22,11.25,--,0,0,卖盘
1366,11:14:17,11.25,-0.03,120,135000,卖盘
1367,11:14:07,11.28,0.03,7,7896,买盘
1368,11:13:52,11.25,-0.03,6,6750,卖盘
1369,11:13:47,11.28,0.03,50,56400,买盘
1370,11:13:37,11.25,-0.03,98,110250,卖盘
1371,11:13:32,11.28,0.02,387,436536,买盘
1372,11:13:27,11.26,--,10,11260,买盘
1373,11:13:22,11.26,0.01,1,1126,买盘
1374,11:13:12,11.25,-0.01,58,65250,卖盘
1375,11:13:06,11.26,--,80,90080,买盘
1376,11:13:02,11.26,0.01,50,56300,买盘
1377,11:12:56,11.25,-0.01,9,10451,卖盘
1378,11:12:51,11.26,--,10,11260,买盘
1379,11:12:42,11.26,0.01,6,6756,买盘
1380,11:12:27,11.25,--,37,41625,卖盘
1381,11:12:21,11.25,-0.01,18,20250,卖盘
1382,11:12:17,11.26,0.01,6,6756,买盘
1383,11:12:06,11.25,--,30,33750,卖盘
1384,11:11:57,11.25,--,81,91125,卖盘
1385,11:11:42,11.25,--,5,5625,卖盘
1386,11:11:36,11.25,--,21,23625,卖盘
1387,11:11:31,11.25,--,43,48375,卖盘
1388,11:11:06,11.25,-0.01,13,15255,卖盘
1389,11:10:57,11.26,0.01,34,38284,买盘
1390,11:10:51,11.25,-0.01,25,28125,卖盘
1391,11:10:46,11.26,0.01,54,60804,买盘
1392,11:10:42,11.25,--,9,10125,卖盘
1393,11:10:32,11.25,--,22,24750,卖盘
1394,11:10:27,11.25,--,5,5625,卖盘
1395,11:10:21,11.25,--,5,5793,卖盘
1396,11:10:11,11.25,--,10,11250,卖盘
1397,11:10:06,11.25,-0.01,20,22500,卖盘
1398,11:09:56,11.26,0.01,12,13512,买盘
1399,11:09:51,11.25,--,2,2250,卖盘
1400,11:09:46,11.25,-0.01,2,2250,卖盘
1401,11:09:31,11.26,--,20,22520,买盘
1402,11:09:06,11.26,--,25,28150,卖盘
1403,11:09:01,11.26,--,11,12386,卖盘
1404,11:08:46,11.26,0.01,5,5630,卖盘
1405,11:08:36,11.25,--,0,0,卖盘
1406,11:08:26,11.25,--,11,12375,卖盘
1407,11:08:20,11.25,--,6,6750,卖盘
1408,11:08:16,11.25,--,50,56250,卖盘
1409,11:08:11,11.25,--,116,130500,卖盘
1410,11:08:06,11.25,--,0,0,卖盘
1411,11:08:01,11.25,--,22,24750,卖盘
1412,11:07:50,11.25,-0.02,3,3375,卖盘
1413,11:07:46,11.27,--,14,16116,卖盘
1414,11:07:41,11.27,-0.01,7,7889,卖盘
1415,11:07:11,11.28,--,20,22560,买盘
1416,11:07:06,11.28,0.01,92,103776,买盘
1417,11:07:01,11.27,--,1,1127,卖盘
1418,11:06:56,11.27,--,23,26709,卖盘
1419,11:06:46,11.27,--,2,2254,卖盘
1420,11:06:41,11.27,--,101,113827,买盘
1421,11:06:36,11.27,0.01,10,11270,买盘
1422,11:06:20,11.26,-0.01,10,11260,卖盘
1423,11:06:14,11.27,0.01,15,16905,买盘
1424,11:06:11,11.26,--,4,4504,卖盘
1425,11:06:06,11.26,--,9,10134,卖盘
1426,11:05:56,11.26,--,5,5630,卖盘
1427,11:05:41,11.26,--,23,26190,卖盘
1428,11:05:36,11.26,--,1,1126,卖盘
1429,11:05:30,11.26,--,4,4504,卖盘
1430,11:05:21,11.26,-0.01,35,39410,卖盘
1431,11:05:10,11.27,--,23,25921,买盘
1432,11:05:05,11.27,0.02,50,56350,买盘
1433,11:04:55,11.25,-0.01,500,562500,卖盘
1434,11:04:29,11.26,--,135,152010,买盘
1435,11:04:25,11.26,--,18,20268,买盘
1436,11:04:14,11.26,0.01,22,24772,买盘
1437,11:04:10,11.25,-0.01,18,20913,卖盘
1438,11:04:05,11.26,0.01,55,61930,买盘
1439,11:03:40,11.25,-0.01,5,5625,卖盘
1440,11:03:35,11.26,0.01,1,1126,买盘
1441,11:03:29,11.25,--,6,6750,卖盘
1442,11:03:25,11.25,--,6,6750,卖盘
1443,11:03:14,11.25,--,341,383625,卖盘
1444,11:03:05,11.25,-0.01,37,41625,卖盘
1445,11:02:55,11.26,0.01,10,11260,买盘
1446,11:02:44,11.25,--,20,22500,卖盘
1447,11:02:25,11.25,--,15,16875,卖盘
1448,11:02:20,11.25,-0.01,11,12375,卖盘
1449,11:02:14,11.26,0.01,24,27024,买盘
1450,11:02:10,11.25,--,110,123750,卖盘
1451,11:02:05,11.25,--,6,6750,卖盘
1452,11:01:55,11.25,--,8,9000,卖盘
1453,11:01:50,11.25,--,2,2250,卖盘
1454,11:01:44,11.25,--,20,22500,卖盘
1455,11:01:35,11.25,--,12,13500,卖盘
1456,11:01:25,11.25,--,4,5445,卖盘
1457,11:01:14,11.25,--,115,129375,卖盘
1458,11:01:10,11.25,--,100,112500,卖盘
1459,11:01:05,11.25,--,15,16875,卖盘
1460,11:00:59,11.25,--,12,13500,卖盘
1461,11:00:50,11.25,--,1,1125,卖盘
1462,11:00:44,11.25,--,2,2250,卖盘
1463,11:00:35,11.25,-0.02,5,5625,卖盘
1464,11:00:29,11.27,--,4,4508,买盘
1465,11:00:14,11.27,--,84,94668,买盘
1466,11:00:10,11.27,--,105,118335,卖盘
1467,11:00:04,11.27,--,9,10143,卖盘
1468,10:59:59,11.27,-0.01,10,11270,卖盘
1469,10:59:55,11.28,--,1,1128,买盘
1470,10:59:23,11.28,--,292,329759,卖盘
1471,10:59:20,11.28,--,10,11280,卖盘
1472,10:59:14,11.28,-0.01,26,29328,卖盘
1473,10:59:05,11.29,0.01,11,12418,买盘
1474,10:58:59,11.28,--,28,31584,卖盘
1475,10:58:53,11.28,--,68,76715,卖盘
1476,10:58:50,11.28,-0.01,6,6768,卖盘
1477,10:58:44,11.29,0.01,30,33870,买盘
1478,10:58:34,11.28,-0.01,17,19176,卖盘
1479,10:58:23,11.29,--,33,37257,买盘
1480,10:58:19,11.29,--,132,149028,卖盘
1481,10:58:14,11.29,--,115,129834,卖盘
1482,10:58:08,11.29,--,45,50804,卖盘
1483,10:58:04,11.29,--,25,28224,卖盘
1484,10:57:59,11.29,--,0,0,中性盘
1485,10:57:53,11.29,--,30,33870,卖盘
1486,10:57:49,11.29,--,8,9032,卖盘
1487,10:57:44,11.29,-0.01,10,11290,卖盘
1488,10:57:38,11.3,0.01,2,2260,买盘
1489,10:57:34,11.29,--,6,6773,买盘
1490,10:57:29,11.29,--,55,62094,买盘
1491,10:57:14,11.29,--,89,100480,买盘
1492,10:57:04,11.29,--,11,12418,买盘
1493,10:56:59,11.29,--,22,24837,买盘
1494,10:56:53,11.29,--,2,2258,买盘
1495,10:56:44,11.29,-0.01,5,5645,中性盘
1496,10:56:38,11.3,--,121,137464,买盘
1497,10:56:34,11.3,0.02,228,257640,买盘
1498,10:56:14,11.28,--,0,0,卖盘
1499,10:56:04,11.28,-0.01,24,27072,卖盘
1500,10:55:59,11.29,0.01,2,2258,买盘
1501,10:55:49,11.28,--,5,5640,卖盘
1502,10:55:43,11.28,-0.01,15,16920,卖盘
1503,10:55:38,11.29,--,17,19193,买盘
1504,10:55:34,11.29,--,21,23709,买盘
1505,10:55:29,11.29,0.01,11,12418,买盘
1506,10:55:23,11.28,-0.01,81,91368,卖盘
1507,10:55:14,11.29,--,0,0,买盘
1508,10:55:08,11.29,0.01,9,10161,买盘
1509,10:54:59,11.28,-0.02,3,3384,买盘
1510,10:54:38,11.3,0.03,21,23730,买盘
1511,10:54:34,11.27,-0.02,306,344862,卖盘
1512,10:54:29,11.29,--,35,39515,买盘
1513,10:54:23,11.29,--,2,2258,买盘
1514,10:54:19,11.29,--,30,33870,卖盘
1515,10:54:14,11.29,-0.01,10,11290,卖盘
1516,10:54:08,11.3,0.01,165,186450,买盘
1517,10:54:04,11.29,--,1,1129,买盘
1518,10:53:59,11.29,-0.01,24,27095,卖盘
1519,10:53:38,11.3,0.01,58,65540,买盘
1520,10:53:34,11.29,--,5,5645,卖盘
1521,10:53:29,11.29,--,2,2258,卖盘
1522,10:53:23,11.29,0.01,32,36128,买盘
1523,10:53:19,11.28,-0.02,6,6768,卖盘
1524,10:53:13,11.3,0.01,200,226000,买盘
1525,10:53:08,11.29,0.01,14,15805,中性盘
1526,10:53:03,11.28,-0.02,53,59784,卖盘
1527,10:52:59,11.3,0.01,1,1909,买盘
1528,10:52:53,11.29,--,22,25187,卖盘
1529,10:52:49,11.29,-0.01,6,7553,卖盘
1530,10:52:43,11.3,--,0,0,买盘
1531,10:52:38,11.3,--,560,632800,买盘
1532,10:52:34,11.3,0.01,17,19210,买盘
1533,10:52:23,11.29,-0.01,40,45160,卖盘
1534,10:52:14,11.3,--,33,37290,买盘
1535,10:52:08,11.3,0.01,124,140120,买盘
1536,10:52:02,11.29,-0.01,5,5645,卖盘
1537,10:51:58,11.3,--,14,15820,买盘
1538,10:51:38,11.3,--,80,90400,买盘
1539,10:51:28,11.3,--,4,4520,买盘
1540,10:51:23,11.3,--,10,11300,买盘
1541,10:51:17,11.3,--,18,20340,卖盘
1542,10:51:13,11.3,--,28,31640,买盘
1543,10:51:08,11.3,--,25,28250,买盘
1544,10:51:02,11.3,--,94,106220,卖盘
1545,10:50:58,11.3,--,22,25176,买盘
1546,10:50:53,11.3,--,23,25990,买盘
1547,10:50:43,11.3,--,1,1130,买盘
1548,10:50:38,11.3,0.01,146,164980,买盘
1549,10:50:32,11.29,--,5,5645,卖盘
1550,10:50:17,11.29,--,10,11290,卖盘
1551,10:50:13,11.29,-0.01,16,19181,卖盘
1552,10:50:08,11.3,0.01,123,138990,买盘
1553,10:50:02,11.29,-0.01,43,48546,卖盘
1554,10:49:58,11.3,0.01,6,6780,买盘
1555,10:49:53,11.29,--,13,14676,卖盘
1556,10:49:43,11.29,--,1,1129,卖盘
1557,10:49:38,11.29,0.01,202,228057,卖盘
1558,10:49:23,11.28,--,0,0,卖盘
1559,10:49:17,11.28,--,6,6768,卖盘
1560,10:49:13,11.28,-0.02,200,225600,卖盘
1561,10:49:08,11.3,0.02,353,398890,买盘
1562,10:49:02,11.28,--,41,46248,卖盘
1563,10:48:58,11.28,--,0,0,卖盘
1564,10:48:47,11.28,-0.01,54,61882,卖盘
1565,10:48:37,11.29,0.01,54,60965,买盘
1566,10:48:28,11.28,-0.01,10,11280,卖盘
1567,10:48:22,11.29,--,463,522885,卖盘
1568,10:48:17,11.29,-0.01,1,1129,卖盘
1569,10:48:13,11.3,0.01,1,1130,买盘
1570,10:48:07,11.29,--,725,819495,卖盘
1571,10:48:02,11.29,--,2,2258,卖盘
1572,10:47:52,11.29,--,5,5645,卖盘
1573,10:47:47,11.29,--,100,112899,卖盘
1574,10:47:37,11.29,-0.01,19,21451,卖盘
1575,10:47:32,11.3,0.01,54,61020,买盘
1576,10:47:22,11.29,--,19,21451,买盘
1577,10:47:17,11.29,-0.01,51,57578,卖盘
1578,10:47:13,11.3,--,2,2260,买盘
1579,10:47:07,11.3,0.01,17,19210,买盘
1580,10:47:02,11.29,0.01,13,14676,买盘
1581,10:46:52,11.28,-0.02,25,28200,卖盘
1582,10:46:47,11.3,--,31,35030,买盘
1583,10:46:43,11.3,--,3,3390,买盘
1584,10:46:37,11.3,0.02,111,125430,买盘
1585,10:46:32,11.28,-0.02,13,14664,卖盘
1586,10:46:22,11.3,0.01,138,155940,买盘
1587,10:46:17,11.29,-0.01,16,18064,买盘
1588,10:46:07,11.3,0.02,184,207920,买盘
1589,10:46:02,11.28,--,0,0,卖盘
1590,10:45:57,11.28,--,11,12408,卖盘
1591,10:45:52,11.28,-0.01,100,112800,卖盘
1592,10:45:47,11.29,0.01,41,47203,买盘
1593,10:45:43,11.28,--,5,5640,卖盘
1594,10:45:37,11.28,--,185,208680,卖盘
1595,10:45:32,11.28,--,3,3384,卖盘
1596,10:45:26,11.28,--,10,11280,卖盘
1597,10:45:22,11.28,--,13,14664,卖盘
1598,10:45:17,11.28,-0.01,11,12408,卖盘
1599,10:45:11,11.29,--,7,7902,买盘
1600,10:45:07,11.29,--,40,45160,买盘
1601,10:44:52,11.29,--,18,20322,买盘
1602,10:44:47,11.29,-0.01,23,25966,卖盘
1603,10:44:37,11.3,0.01,153,172890,买盘
1604,10:44:32,11.29,--,34,38386,卖盘
1605,10:44:26,11.29,--,16,18064,卖盘
1606,10:44:22,11.29,--,31,35044,卖盘
1607,10:44:17,11.29,--,22,24837,卖盘
1608,10:44:11,11.29,--,7,7902,卖盘
1609,10:44:07,11.29,--,208,234831,卖盘
1610,10:44:02,11.29,--,84,94836,卖盘
1611,10:43:52,11.29,--,11,12418,买盘
1612,10:43:47,11.29,-0.01,10,11290,卖盘
1613,10:43:37,11.3,0.02,76,85880,买盘
1614,10:43:32,11.28,--,2,2256,买盘
1615,10:43:26,11.28,--,11,12408,买盘
1616,10:43:22,11.28,-0.01,27,30456,卖盘
1617,10:43:17,11.29,--,2,2258,买盘
1618,10:43:11,11.29,--,2,2258,买盘
1619,10:43:07,11.29,-0.01,184,207735,卖盘
1620,10:43:02,11.3,--,18,20340,买盘
1621,10:42:56,11.3,0.02,15,16950,买盘
1622,10:42:47,11.28,--,0,0,卖盘
1623,10:42:41,11.28,-0.02,26,29328,卖盘
1624,10:42:37,11.3,0.01,38,42940,买盘
1625,10:42:31,11.29,--,36,40644,买盘
1626,10:42:26,11.29,--,0,0,买盘
1627,10:42:22,11.29,--,2,2258,买盘
1628,10:42:17,11.29,--,157,177253,买盘
1629,10:42:11,11.29,-0.01,206,232573,卖盘
1630,10:42:07,11.3,--,94,107214,卖盘
1631,10:42:01,11.3,--,48,54375,买盘
1632,10:41:52,11.3,--,96,108480,买盘
1633,10:41:46,11.3,--,48,54240,买盘
1634,10:41:41,11.3,--,97,109610,买盘
1635,10:41:37,11.3,0.01,184,207920,买盘
1636,10:41:31,11.29,--,10,11290,卖盘
1637,10:41:26,11.29,--,5,5645,卖盘
1638,10:41:22,11.29,--,2,2258,买盘
1639,10:41:16,11.29,--,2,2258,买盘
1640,10:41:11,11.29,-0.01,46,51933,中性盘
1641,10:41:07,11.3,--,187,211310,买盘
1642,10:41:01,11.3,0.01,6,6780,买盘
1643,10:40:56,11.29,-0.01,3,3386,中性盘
1644,10:40:52,11.3,0.01,500,565000,买盘
1645,10:40:46,11.29,0.02,12,13547,买盘
1646,10:40:41,11.27,-0.02,44,49588,卖盘
1647,10:40:36,11.29,0.01,52,58707,买盘
1648,10:40:31,11.28,--,6,7467,卖盘
1649,10:40:26,11.28,-0.01,206,232796,卖盘
1650,10:40:22,11.29,--,11,12418,买盘
1651,10:40:16,11.29,--,13,14676,买盘
1652,10:40:11,11.29,--,114,128705,买盘
1653,10:40:07,11.29,--,200,225799,买盘
1654,10:39:56,11.29,--,112,126447,买盘
1655,10:39:51,11.29,--,30,33870,买盘
1656,10:39:46,11.29,--,26,29353,买盘
1657,10:39:41,11.29,--,112,126447,买盘
1658,10:39:36,11.29,0.01,638,720302,买盘
1659,10:39:31,11.28,-0.01,16,18048,中性盘
1660,10:39:26,11.29,0.01,600,677400,买盘
1661,10:39:21,11.28,0.01,5,5640,买盘
1662,10:39:11,11.27,-0.01,1,1127,卖盘
1663,10:39:06,11.28,0.01,19,21432,买盘
1664,10:39:01,11.27,--,18,20286,买盘
1665,10:38:46,11.27,0.01,95,107065,买盘
1666,10:38:41,11.26,-0.01,137,154262,卖盘
1667,10:38:36,11.27,0.01,47,52969,买盘
1668,10:38:31,11.26,0.02,5,5630,卖盘
1669,10:38:26,11.24,--,0,0,卖盘
1670,10:38:16,11.24,-0.02,538,604869,卖盘
1671,10:38:06,11.26,0.01,17,19671,买盘
1672,10:38:01,11.25,--,2,2250,卖盘
1673,10:37:46,11.25,--,10,11250,中性盘
1674,10:37:41,11.25,-0.01,3,3375,卖盘
1675,10:37:35,11.26,0.01,18,20268,买盘
1676,10:37:31,11.25,0.01,6,7098,中性盘
1677,10:37:26,11.24,-0.01,25,28100,卖盘
1678,10:37:16,11.25,--,7,8887,买盘
1679,10:37:11,11.25,--,10,11250,买盘
1680,10:37:05,11.25,--,20,22500,买盘
1681,10:36:56,11.25,--,10,11250,买盘
1682,10:36:46,11.25,--,8,9000,买盘
1683,10:36:41,11.25,--,4,4500,买盘
1684,10:36:35,11.25,--,56,63112,卖盘
1685,10:36:26,11.25,--,2,3262,卖盘
1686,10:36:20,11.25,--,40,45000,卖盘
1687,10:36:16,11.25,--,1,1125,卖盘
1688,10:36:11,11.25,-0.01,22,24750,卖盘
1689,10:36:05,11.26,0.01,101,113726,买盘
1690,10:35:56,11.25,--,4,4500,卖盘
1691,10:35:46,11.25,--,6,6750,卖盘
1692,10:35:41,11.25,0.01,79,88875,买盘
1693,10:35:31,11.24,--,16,17984,卖盘
1694,10:35:20,11.24,-0.01,13,14612,卖盘
1695,10:35:01,11.25,0.01,3,3375,买盘
1696,10:34:50,11.24,-0.01,30,33720,卖盘
1697,10:34:46,11.25,--,7,7875,买盘
1698,10:34:41,11.25,0.02,2,2250,买盘
1699,10:34:35,11.23,--,28,32050,卖盘
1700,10:34:31,11.23,--,10,11230,卖盘
1701,10:34:20,11.23,--,0,0,卖盘
1702,10:34:16,11.23,-0.03,1600,1796800,卖盘
1703,10:34:10,11.26,0.01,21,23646,买盘
1704,10:34:05,11.25,--,126,141750,卖盘
1705,10:33:55,11.25,-0.01,1,1125,卖盘
1706,10:33:50,11.26,0.01,8,9008,买盘
1707,10:33:45,11.25,--,199,223875,卖盘
1708,10:33:40,11.25,-0.01,22,24750,卖盘
1709,10:33:35,11.26,0.01,62,69812,买盘
1710,10:33:20,11.25,--,21,23625,卖盘
1711,10:33:16,11.25,--,1,1125,卖盘
1712,10:33:10,11.25,--,5,5625,卖盘
1713,10:33:05,11.25,--,47,52875,卖盘
1714,10:32:50,11.25,--,21,23625,卖盘
1715,10:32:45,11.25,--,246,277470,买盘
1716,10:32:40,11.25,0.01,10,11250,买盘
1717,10:32:35,11.24,--,23,25852,卖盘
1718,10:32:25,11.24,-0.01,49,55076,卖盘
1719,10:32:16,11.25,0.01,13,14625,买盘
1720,10:32:10,11.24,-0.01,50,56200,卖盘
1721,10:32:05,11.25,0.01,205,230625,买盘
1722,10:32:00,11.24,--,1,1124,卖盘
1723,10:31:50,11.24,-0.01,25,28448,卖盘
1724,10:31:40,11.25,--,5,5625,买盘
1725,10:31:35,11.25,--,0,405,卖盘
1726,10:31:30,11.25,--,1,1125,卖盘
1727,10:31:25,11.25,--,103,116595,买盘
1728,10:31:20,11.25,--,10,11250,买盘
1729,10:31:15,11.25,--,58,65317,卖盘
1730,10:31:10,11.25,--,24,27000,卖盘
1731,10:31:05,11.25,--,16,18000,卖盘
1732,10:31:00,11.25,--,20,22500,卖盘
1733,10:30:50,11.25,--,74,84307,买盘
1734,10:30:35,11.25,--,76,85567,卖盘
1735,10:30:25,11.25,--,15,16875,卖盘
1736,10:30:20,11.25,-0.01,9,10575,卖盘
1737,10:30:15,11.26,0.01,13,14638,买盘
1738,10:30:10,11.25,-0.01,14,16357,卖盘
1739,10:30:05,11.26,--,3,3378,买盘
1740,10:29:55,11.26,--,48,54048,买盘
1741,10:29:50,11.26,0.01,2,2252,买盘
1742,10:29:40,11.25,--,31,34875,卖盘
1743,10:29:35,11.25,--,82,92441,买盘
1744,10:29:29,11.25,--,440,495933,买盘
1745,10:29:25,11.25,0.01,136,153461,买盘
1746,10:29:20,11.24,-0.01,100,112400,卖盘
1747,10:29:14,11.25,--,6,6750,买盘
1748,10:29:05,11.25,--,25,28125,买盘
1749,10:28:59,11.25,--,79,88875,买盘
1750,10:28:44,11.25,--,5,5625,买盘
1751,10:28:35,11.25,--,15,16875,买盘
1752,10:28:29,11.25,0.01,10,11250,中性盘
1753,10:28:25,11.24,-0.01,23,25852,卖盘
1754,10:28:20,11.25,--,29,33086,卖盘
1755,10:28:14,11.25,--,1,1125,卖盘
1756,10:28:10,11.25,0.01,25,28125,买盘
1757,10:28:05,11.24,-0.01,10,11240,卖盘
1758,10:27:59,11.25,0.01,2,2250,买盘
1759,10:27:50,11.24,--,27,31067,卖盘
1760,10:27:44,11.24,--,0,0,卖盘
1761,10:27:35,11.24,-0.01,76,85424,卖盘
1762,10:27:29,11.25,--,10,12183,买盘
1763,10:27:25,11.25,0.01,2,2250,买盘
1764,10:27:20,11.24,-0.01,10,11700,卖盘
1765,10:27:05,11.25,0.01,30,33750,买盘
1766,10:26:59,11.24,--,69,77792,卖盘
1767,10:26:55,11.24,-0.01,15,16860,卖盘
1768,10:26:50,11.25,0.01,33,37125,买盘
1769,10:26:44,11.24,--,24,26976,卖盘
1770,10:26:40,11.24,--,29,32596,卖盘
1771,10:26:20,11.24,--,19,21648,买盘
1772,10:26:14,11.24,0.01,76,85424,买盘
1773,10:26:10,11.23,--,20,22460,卖盘
1774,10:26:04,11.23,-0.01,18,20214,卖盘
1775,10:25:59,11.24,0.01,10,11240,买盘
1776,10:25:49,11.23,-0.01,30,33690,卖盘
1777,10:25:44,11.24,--,69,77556,买盘
1778,10:25:39,11.24,--,20,22480,买盘
1779,10:25:34,11.24,--,25,28100,买盘
1780,10:25:25,11.24,--,124,139555,卖盘
1781,10:25:19,11.24,--,35,40284,卖盘
1782,10:25:10,11.24,--,9,10116,卖盘
1783,10:25:04,11.24,0.01,72,80928,买盘
1784,10:24:59,11.23,-0.01,5,5615,卖盘
1785,10:24:54,11.24,0.01,11,12364,买盘
1786,10:24:49,11.23,-0.01,82,92086,卖盘
1787,10:24:39,11.24,--,7,7868,买盘
1788,10:24:34,11.24,--,7,7868,卖盘
1789,10:24:29,11.24,0.01,54,60696,卖盘
1790,10:24:19,11.23,--,59,66728,卖盘
1791,10:24:14,11.23,-0.02,18,20214,卖盘
1792,10:24:04,11.25,0.01,160,180000,买盘
1793,10:23:59,11.24,-0.01,22,24728,卖盘
1794,10:23:49,11.25,0.01,64,72000,买盘
1795,10:23:44,11.24,--,79,88796,卖盘
1796,10:23:39,11.24,--,1,1124,卖盘
1797,10:23:34,11.24,--,47,52828,卖盘
1798,10:23:29,11.24,--,5,5620,卖盘
1799,10:23:19,11.24,0.01,68,76904,买盘
1800,10:23:14,11.23,-0.01,47,52781,卖盘
1801,10:23:04,11.24,-0.01,4,4496,中性盘
1802,10:22:59,11.25,0.01,220,247972,买盘
1803,10:22:54,11.24,0.01,10,11240,买盘
1804,10:22:49,11.23,--,18,20214,卖盘
1805,10:22:44,11.23,-0.01,12,13476,卖盘
1806,10:22:29,11.24,--,24,26976,买盘
1807,10:22:24,11.24,-0.01,148,167003,卖盘
1808,10:22:14,11.25,--,16,18000,买盘
1809,10:22:09,11.25,--,315,354375,买盘
1810,10:22:04,11.25,--,5,5625,买盘
1811,10:21:59,11.25,-0.01,59,66375,卖盘
1812,10:21:54,11.26,--,3,3378,买盘
1813,10:21:49,11.26,0.01,2,2252,买盘
1814,10:21:44,11.25,--,26,29250,卖盘
1815,10:21:34,11.25,--,9,10125,卖盘
1816,10:21:23,11.25,--,27,30847,买盘
1817,10:21:19,11.25,--,5,5625,买盘
1818,10:21:08,11.25,-0.01,10,11250,中性盘
1819,10:20:59,11.26,0.01,8,9323,买盘
1820,10:20:53,11.25,-0.01,6,6750,卖盘
1821,10:20:49,11.26,0.01,2,2252,买盘
1822,10:20:44,11.25,--,25,28935,卖盘
1823,10:20:38,11.25,-0.01,75,84375,卖盘
1824,10:20:23,11.26,0.03,42,47764,买盘
1825,10:20:19,11.23,-0.02,3,3369,卖盘
1826,10:20:14,11.25,0.03,20,22500,买盘
1827,10:20:08,11.22,-0.01,26,29172,卖盘
1828,10:20:04,11.23,-0.01,20,22460,卖盘
1829,10:19:59,11.24,-0.02,5,5620,卖盘
1830,10:19:44,11.26,0.04,65,73190,买盘
1831,10:19:38,11.22,-0.02,20,22440,卖盘
1832,10:19:29,11.24,--,16,17984,买盘
1833,10:19:23,11.24,-0.01,41,46084,卖盘
1834,10:19:19,11.25,--,9,10125,买盘
1835,10:19:14,11.25,0.01,4,4500,买盘
1836,10:19:08,11.24,0.03,89,100036,买盘
1837,10:19:04,11.21,-0.04,1000,1121000,卖盘
1838,10:18:58,11.25,0.01,1,1125,中性盘
1839,10:18:53,11.24,--,30,33720,卖盘
1840,10:18:49,11.24,-0.02,5,5620,卖盘
1841,10:18:44,11.26,0.03,13,14638,买盘
1842,10:18:38,11.23,-0.01,55,61765,卖盘
1843,10:18:34,11.24,--,8,8992,卖盘
1844,10:18:29,11.24,-0.01,91,102284,卖盘
1845,10:18:23,11.25,0.01,43,48375,买盘
1846,10:18:19,11.24,-0.01,29,33056,卖盘
1847,10:18:14,11.25,0.01,22,24750,买盘
1848,10:18:08,11.24,--,37,41588,卖盘
1849,10:18:03,11.24,--,39,43836,卖盘
1850,10:17:53,11.24,0.01,28,31472,买盘
1851,10:17:48,11.23,-0.02,1,1123,卖盘
1852,10:17:43,11.25,0.01,51,57375,买盘
1853,10:17:38,11.24,--,43,48332,卖盘
1854,10:17:33,11.24,--,11,12476,卖盘
1855,10:17:28,11.24,--,12,13488,卖盘
1856,10:17:23,11.24,--,40,44960,卖盘
1857,10:17:18,11.24,--,9,10576,卖盘
1858,10:17:13,11.24,--,48,54098,卖盘
1859,10:17:08,11.24,-0.01,28,31472,卖盘
1860,10:16:58,11.25,-0.01,19,21375,卖盘
1861,10:16:53,11.26,0.02,33,37158,买盘
1862,10:16:48,11.24,-0.01,123,138252,卖盘
1863,10:16:43,11.25,--,167,187875,卖盘
1864,10:16:38,11.25,-0.01,127,142875,卖盘
1865,10:16:28,11.26,0.01,13,14638,买盘
1866,10:16:23,11.25,-0.01,18,20250,卖盘
1867,10:16:18,11.26,0.01,10,11260,买盘
1868,10:16:13,11.25,-0.02,902,1015357,卖盘
1869,10:16:08,11.27,-0.01,102,114954,卖盘
1870,10:16:03,11.28,--,9,10152,买盘
1871,10:15:58,11.28,0.01,84,94752,买盘
1872,10:15:52,11.27,--,159,179711,卖盘
1873,10:15:48,11.27,-0.01,12,13524,卖盘
1874,10:15:43,11.28,0.01,34,38352,买盘
1875,10:15:38,11.27,-0.01,381,430254,卖盘
1876,10:15:28,11.28,--,13,14664,卖盘
1877,10:15:22,11.28,--,79,89112,卖盘
1878,10:15:18,11.28,-0.01,69,78260,卖盘
1879,10:15:03,11.29,0.01,29,32740,买盘
1880,10:14:58,11.28,-0.01,7,7896,卖盘
1881,10:14:53,11.29,0.01,9,10161,买盘
1882,10:14:48,11.28,-0.01,20,22560,卖盘
1883,10:14:43,11.29,--,3,3386,买盘
1884,10:14:37,11.29,--,13,15376,买盘
1885,10:14:33,11.29,--,161,181769,买盘
1886,10:14:22,11.29,--,42,47418,买盘
1887,10:14:17,11.29,--,50,56879,买盘
1888,10:14:13,11.29,0.01,30,33870,买盘
1889,10:14:07,11.28,--,30,33840,卖盘
1890,10:13:58,11.28,-0.01,1,1128,卖盘
1891,10:13:53,11.29,0.01,5,5645,买盘
1892,10:13:43,11.28,--,4,4512,卖盘
1893,10:13:31,11.28,--,22,24816,卖盘
1894,10:13:28,11.28,--,20,22560,卖盘
1895,10:13:22,11.28,--,13,14664,卖盘
1896,10:13:16,11.28,--,12,13964,卖盘
1897,10:13:01,11.28,--,150,169730,买盘
1898,10:12:58,11.28,0.01,126,142128,买盘
1899,10:12:52,11.27,-0.01,32,36064,卖盘
1900,10:12:31,11.28,--,148,166944,买盘
1901,10:12:28,11.28,-0.01,86,97605,卖盘
1902,10:12:22,11.29,0.01,63,71127,买盘
1903,10:12:16,11.28,--,111,126200,卖盘
1904,10:12:07,11.28,-0.01,26,29328,卖盘
1905,10:12:01,11.29,--,22,24837,买盘
1906,10:11:57,11.29,--,10,11290,买盘
1907,10:11:52,11.29,--,17,19193,买盘
1908,10:11:42,11.29,--,53,59836,买盘
1909,10:11:31,11.29,--,11,12418,买盘
1910,10:11:22,11.29,--,67,76478,买盘
1911,10:11:16,11.29,--,43,48546,卖盘
1912,10:11:12,11.29,--,19,21451,卖盘
1913,10:11:07,11.29,--,7,7902,卖盘
1914,10:11:01,11.29,--,320,361280,卖盘
1915,10:10:57,11.29,--,23,26926,买盘
1916,10:10:52,11.29,--,81,91618,卖盘
1917,10:10:46,11.29,--,9,10161,卖盘
1918,10:10:42,11.29,--,21,23709,卖盘
1919,10:10:37,11.29,--,29,32740,卖盘
1920,10:10:31,11.29,--,30,33870,卖盘
1921,10:10:22,11.29,--,135,152415,卖盘
1922,10:10:16,11.29,--,192,217185,卖盘
1923,10:10:12,11.29,--,2,2258,卖盘
1924,10:10:07,11.29,--,135,152415,卖盘
1925,10:10:01,11.29,--,51,57578,卖盘
1926,10:09:57,11.29,-0.01,70,79030,卖盘
1927,10:09:52,11.3,0.01,50,56500,买盘
1928,10:09:46,11.29,--,19,21451,卖盘
1929,10:09:42,11.29,--,5,5645,卖盘
1930,10:09:37,11.29,--,52,58832,卖盘
1931,10:09:31,11.29,-0.01,42,47418,卖盘
1932,10:09:16,11.3,--,109,123588,买盘
1933,10:09:12,11.3,--,16,18080,买盘
1934,10:09:07,11.3,--,19,21470,买盘
1935,10:09:01,11.3,--,22,24860,买盘
1936,10:08:57,11.3,--,3,3390,买盘
1937,10:08:52,11.3,--,1,1130,买盘
1938,10:08:46,11.3,--,79,89270,买盘
1939,10:08:42,11.3,--,25,28250,买盘
1940,10:08:37,11.3,--,104,117633,卖盘
1941,10:08:31,11.3,--,52,58760,卖盘
1942,10:08:27,11.3,--,9,10170,卖盘
1943,10:08:22,11.3,--,45,50850,卖盘
1944,10:08:16,11.3,--,39,44476,卖盘
1945,10:08:12,11.3,--,11,12430,卖盘
1946,10:08:07,11.3,-0.01,10,11300,卖盘
1947,10:08:01,11.31,0.01,20,22620,买盘
1948,10:07:57,11.3,-0.01,9,10170,卖盘
1949,10:07:52,11.31,0.01,8,9048,买盘
1950,10:07:42,11.3,--,95,107745,卖盘
1951,10:07:37,11.3,--,2,2260,卖盘
1952,10:07:31,11.3,-0.01,38,42940,卖盘
1953,10:07:27,11.31,0.01,57,64467,买盘
1954,10:07:16,11.3,--,80,90614,买盘
1955,10:07:12,11.3,--,2,2260,买盘
1956,10:07:07,11.3,--,109,123373,卖盘
1957,10:07:01,11.3,-0.01,71,80230,卖盘
1958,10:06:57,11.31,0.01,112,126672,买盘
1959,10:06:52,11.3,--,55,62150,卖盘
1960,10:06:46,11.3,-0.01,336,379680,卖盘
1961,10:06:42,11.31,0.01,47,53157,买盘
1962,10:06:37,11.3,-0.01,32,36160,卖盘
1963,10:06:31,11.31,--,27,30537,买盘
1964,10:06:27,11.31,-0.01,85,96870,卖盘
1965,10:06:22,11.32,--,17,19244,买盘
1966,10:06:16,11.32,0.01,43,48676,买盘
1967,10:06:10,11.31,-0.01,199,225069,卖盘
1968,10:06:07,11.32,--,5,5660,卖盘
1969,10:06:01,11.32,-0.01,60,67920,卖盘
1970,10:05:55,11.33,--,89,100837,买盘
1971,10:05:52,11.33,0.02,128,145420,买盘
1972,10:05:46,11.31,-0.01,911,1031076,卖盘
1973,10:05:40,11.32,-0.01,30,33960,卖盘
1974,10:05:37,11.33,0.01,2,2266,买盘
1975,10:05:31,11.32,--,109,123388,卖盘
1976,10:05:25,11.32,--,337,381484,买盘
1977,10:05:22,11.32,0.01,127,143764,买盘
1978,10:05:16,11.31,--,20,23015,卖盘
1979,10:05:10,11.31,0.01,5,5655,卖盘
1980,10:05:07,11.3,-0.01,98,110740,卖盘
1981,10:05:01,11.31,--,35,39585,买盘
1982,10:04:55,11.31,0.01,17,19227,买盘
1983,10:04:51,11.3,--,22,24860,卖盘
1984,10:04:46,11.3,--,41,47256,卖盘
1985,10:04:40,11.3,0.01,1378,1557140,买盘
1986,10:04:36,11.29,-0.01,6,6773,卖盘
1987,10:04:31,11.3,0.01,7,7910,买盘
1988,10:04:25,11.29,--,17,19193,卖盘
1989,10:04:21,11.29,--,7,7902,卖盘
1990,10:04:16,11.29,0.01,59,67040,买盘
1991,10:04:10,11.28,-0.01,133,150024,卖盘
1992,10:04:06,11.29,--,19,21451,买盘
1993,10:04:01,11.29,0.01,73,82417,买盘
1994,10:03:55,11.28,-0.01,113,127464,卖盘
1995,10:03:51,11.29,0.01,215,242734,买盘
1996,10:03:46,11.28,-0.01,58,65423,卖盘
1997,10:03:40,11.29,0.01,22,24837,买盘
1998,10:03:31,11.28,-0.01,15,16920,卖盘
1999,10:03:25,11.29,--,232,261927,买盘
2000,10:03:16,11.29,--,88,99781,买盘
2001,10:03:10,11.29,--,36,40644,买盘
2002,10:03:06,11.29,--,83,93740,买盘
2003,10:03:01,11.29,--,43,48546,买盘
2004,10:02:55,11.29,--,36,40644,买盘
2005,10:02:51,11.29,--,76,85804,买盘
2006,10:02:46,11.29,0.01,213,240476,买盘
2007,10:02:40,11.28,-0.01,99,111672,卖盘
2008,10:02:36,11.29,--,10,11290,买盘
2009,10:02:31,11.29,0.01,16,18064,买盘
2010,10:02:25,11.28,--,90,101520,卖盘
2011,10:02:21,11.28,-0.01,12,13536,卖盘
2012,10:02:16,11.29,--,11,12848,买盘
2013,10:02:10,11.29,--,22,24837,买盘
2014,10:02:06,11.29,0.01,45,50804,买盘
2015,10:02:01,11.28,-0.01,41,46248,卖盘
2016,10:01:55,11.29,--,138,155802,买盘
2017,10:01:51,11.29,--,40,45160,买盘
2018,10:01:45,11.29,0.01,64,72256,买盘
2019,10:01:40,11.28,-0.01,149,168072,卖盘
2020,10:01:36,11.29,0.01,4,4516,买盘
2021,10:01:30,11.28,--,4,4703,卖盘
2022,10:01:25,11.28,--,5,5640,卖盘
2023,10:01:21,11.28,--,118,133104,卖盘
2024,10:01:15,11.28,-0.01,21,24590,卖盘
2025,10:01:10,11.29,--,15,16935,买盘
2026,10:01:06,11.29,0.01,36,40644,买盘
2027,10:01:01,11.28,--,20,22560,卖盘
2028,10:00:55,11.28,-0.01,15,16920,卖盘
2029,10:00:51,11.29,--,41,46289,买盘
2030,10:00:46,11.29,--,10,11290,买盘
2031,10:00:40,11.29,0.01,34,38871,买盘
2032,10:00:36,11.28,--,8,9024,卖盘
2033,10:00:30,11.28,-0.01,169,190632,卖盘
2034,10:00:25,11.29,--,10,11290,买盘
2035,10:00:21,11.29,0.01,67,75643,买盘
2036,10:00:15,11.28,--,10,11697,卖盘
2037,10:00:10,11.28,-0.01,85,95880,卖盘
2038,10:00:06,11.29,0.01,52,58707,买盘
2039,10:00:00,11.28,--,14,15792,卖盘
2040,09:59:55,11.28,--,6,6768,卖盘
2041,09:59:51,11.28,--,58,65423,卖盘
2042,09:59:40,11.28,--,1,1128,卖盘
2043,09:59:36,11.28,--,30,33840,卖盘
2044,09:59:30,11.28,-0.01,93,104904,卖盘
2045,09:59:25,11.29,0.01,85,95965,买盘
2046,09:59:21,11.28,--,66,74448,卖盘
2047,09:59:15,11.28,--,9,10580,卖盘
2048,09:59:10,11.28,--,83,93624,卖盘
2049,09:59:06,11.28,-0.01,216,244426,卖盘
2050,09:58:55,11.29,--,226,255153,买盘
2051,09:58:51,11.29,0.01,15,16935,买盘
2052,09:58:45,11.28,-0.01,18,20304,卖盘
2053,09:58:40,11.29,--,38,42902,买盘
2054,09:58:36,11.29,--,14,15805,买盘
2055,09:58:30,11.29,--,126,142705,买盘
2056,09:58:25,11.29,--,39,44031,买盘
2057,09:58:21,11.29,-0.01,183,206956,卖盘
2058,09:58:15,11.3,--,19,21888,卖盘
2059,09:58:10,11.3,--,156,177263,买盘
2060,09:58:04,11.3,0.01,144,163228,买盘
2061,09:58:00,11.29,-0.01,5,5645,卖盘
2062,09:57:55,11.3,--,72,81360,买盘
2063,09:57:49,11.3,0.01,99,111870,买盘
2064,09:57:45,11.29,-0.01,50,56449,卖盘
2065,09:57:40,11.3,0.01,18,20340,买盘
2066,09:57:34,11.29,--,230,259669,中性盘
2067,09:57:30,11.29,--,17,19193,卖盘
2068,09:57:25,11.29,-0.01,24,27095,卖盘
2069,09:57:19,11.3,0.01,11,12430,买盘
2070,09:57:15,11.29,0.02,1,1129,中性盘
2071,09:57:10,11.27,-0.02,285,321634,卖盘
2072,09:57:04,11.29,-0.01,16,18064,买盘
2073,09:57:00,11.3,0.03,36,40680,买盘
2074,09:56:55,11.27,-0.02,590,664930,卖盘
2075,09:56:49,11.29,-0.01,55,62094,卖盘
2076,09:56:45,11.3,--,54,61020,买盘
2077,09:56:40,11.3,0.01,112,126560,买盘
2078,09:56:34,11.29,-0.01,56,63223,卖盘
2079,09:56:30,11.3,0.02,2,2260,买盘
2080,09:56:25,11.28,--,12,14224,买盘
2081,09:56:19,11.28,--,26,29767,卖盘
2082,09:56:15,11.28,--,42,47376,卖盘
2083,09:56:10,11.28,-0.01,99,112089,卖盘
2084,09:56:04,11.29,--,6,6773,买盘
2085,09:56:00,11.29,0.01,90,101609,买盘
2086,09:55:55,11.28,--,4,4782,卖盘
2087,09:55:49,11.28,0.01,38,42864,买盘
2088,09:55:45,11.27,-0.01,86,96922,卖盘
2089,09:55:40,11.28,0.01,29,32711,买盘
2090,09:55:34,11.27,--,4,4508,卖盘
2091,09:55:30,11.27,--,96,108192,买盘
2092,09:55:25,11.27,--,26,29302,买盘
2093,09:55:19,11.27,0.01,49,55685,买盘
2094,09:55:15,11.26,0.01,10,11260,买盘
2095,09:55:10,11.25,-0.01,61,69086,卖盘
2096,09:55:04,11.26,--,59,66434,买盘
2097,09:55:00,11.26,0.01,56,63056,买盘
2098,09:54:55,11.25,--,20,22500,卖盘
2099,09:54:49,11.25,--,40,45067,买盘
2100,09:54:45,11.25,0.01,26,29250,买盘
2101,09:54:40,11.24,-0.01,26,29224,卖盘
2102,09:54:34,11.25,0.01,126,141750,买盘
2103,09:54:30,11.24,-0.01,93,104532,卖盘
2104,09:54:24,11.25,--,21,23625,买盘
2105,09:54:19,11.25,0.01,51,57375,买盘
2106,09:54:15,11.24,--,284,319238,卖盘
2107,09:54:09,11.24,--,5,5620,卖盘
2108,09:54:04,11.24,--,61,68564,卖盘
2109,09:54:00,11.24,-0.01,77,86548,卖盘
2110,09:53:54,11.25,--,3,3375,买盘
2111,09:53:49,11.25,--,41,46125,买盘
2112,09:53:45,11.25,0.01,55,61875,买盘
2113,09:53:39,11.24,--,3,3372,卖盘
2114,09:53:34,11.24,-0.01,21,23604,卖盘
2115,09:53:30,11.25,0.01,7,7875,买盘
2116,09:53:24,11.24,--,1,1124,买盘
2117,09:53:19,11.24,--,141,158484,买盘
2118,09:53:15,11.24,-0.02,262,294870,卖盘
2119,09:53:09,11.26,0.01,101,113726,买盘
2120,09:53:04,11.25,--,228,256500,卖盘
2121,09:53:00,11.25,--,109,122625,卖盘
2122,09:52:54,11.25,--,14,15750,卖盘
2123,09:52:49,11.25,--,361,406563,买盘
2124,09:52:45,11.25,--,30,33750,买盘
2125,09:52:39,11.25,0.01,115,129375,买盘
2126,09:52:34,11.24,-0.01,72,80928,卖盘
2127,09:52:30,11.25,--,19,21375,买盘
2128,09:52:24,11.25,--,32,36000,买盘
2129,09:52:19,11.25,-0.01,77,87615,卖盘
2130,09:52:15,11.26,--,119,134455,买盘
2131,09:52:04,11.26,0.01,76,85576,买盘
2132,09:52:00,11.25,-0.01,22,24750,卖盘
2133,09:51:49,11.26,--,68,76568,买盘
2134,09:51:45,11.26,--,57,64835,买盘
2135,09:51:39,11.26,0.01,33,37158,买盘
2136,09:51:34,11.25,--,111,124875,卖盘
2137,09:51:30,11.25,-0.01,13,14625,卖盘
2138,09:51:24,11.26,0.01,11,12386,买盘
2139,09:51:19,11.25,--,236,265500,卖盘
2140,09:51:15,11.25,-0.01,9,10575,卖盘
2141,09:51:04,11.26,--,51,57426,买盘
2142,09:50:59,11.26,--,91,102466,买盘
2143,09:50:54,11.26,--,1,1126,买盘
2144,09:50:49,11.26,0.01,27,30402,买盘
2145,09:50:43,11.25,-0.01,3,3375,中性盘
2146,09:50:39,11.26,0.01,30,33780,买盘
2147,09:50:34,11.25,--,9,10125,买盘
2148,09:50:28,11.25,--,68,77163,卖盘
2149,09:50:19,11.25,--,2,2250,卖盘
2150,09:50:13,11.25,0.01,49,55586,买盘
2151,09:50:09,11.24,-0.01,187,210188,卖盘
2152,09:50:04,11.25,0.01,77,86625,买盘
2153,09:49:58,11.24,--,16,17984,卖盘
2154,09:49:49,11.24,--,14,15736,卖盘
2155,09:49:43,11.24,--,68,76432,买盘
2156,09:49:39,11.24,--,3,3372,买盘
2157,09:49:34,11.24,0.01,20,22480,买盘
2158,09:49:28,11.23,0.01,67,75241,中性盘
2159,09:49:24,11.22,-0.01,51,57222,卖盘
2160,09:49:19,11.23,--,93,104439,买盘
2161,09:49:13,11.23,0.01,61,68503,买盘
2162,09:49:09,11.22,--,12,13946,卖盘
2163,09:49:04,11.22,--,5,5610,卖盘
2164,09:48:58,11.22,--,88,99240,买盘
2165,09:48:54,11.22,--,15,16830,买盘
2166,09:48:49,11.22,--,31,34782,买盘
2167,09:48:43,11.22,--,149,167178,买盘
2168,09:48:34,11.22,0.01,51,57222,买盘
2169,09:48:28,11.21,--,177,198495,买盘
2170,09:48:24,11.21,--,465,522307,卖盘
2171,09:48:19,11.21,--,20,22420,卖盘
2172,09:48:13,11.21,--,126,141246,卖盘
2173,09:48:09,11.21,--,28,31634,卖盘
2174,09:48:04,11.21,--,38,42598,卖盘
2175,09:47:58,11.21,--,52,58292,卖盘
2176,09:47:54,11.21,-0.01,86,96406,卖盘
2177,09:47:49,11.22,-0.01,33,37026,卖盘
2178,09:47:43,11.23,0.01,29,32567,买盘
2179,09:47:39,11.22,0.01,18,20196,买盘
2180,09:47:34,11.21,--,76,86148,买盘
2181,09:47:28,11.21,-0.01,220,246788,卖盘
2182,09:47:24,11.22,0.01,44,50321,买盘
2183,09:47:19,11.21,--,38,42766,卖盘
2184,09:47:13,11.21,-0.01,273,306515,卖盘
2185,09:47:09,11.22,0.01,60,67320,中性盘
2186,09:47:04,11.21,-0.02,208,233168,卖盘
2187,09:46:58,11.23,--,25,28075,买盘
2188,09:46:54,11.23,0.01,275,308825,买盘
2189,09:46:43,11.22,-0.01,54,60588,卖盘
2190,09:46:39,11.23,0.01,35,39305,买盘
2191,09:46:33,11.22,-0.01,226,253572,卖盘
2192,09:46:28,11.23,--,5,5615,卖盘
2193,09:46:24,11.23,-0.01,26,29198,卖盘
2194,09:46:13,11.24,--,4,4496,买盘
2195,09:46:09,11.24,-0.01,374,420376,卖盘
2196,09:46:03,11.25,--,24,27000,买盘
2197,09:45:58,11.25,0.01,15,16875,买盘
2198,09:45:54,11.24,-0.01,23,25852,卖盘
2199,09:45:43,11.25,--,35,39375,买盘
2200,09:45:39,11.25,--,279,314021,卖盘
2201,09:45:33,11.25,--,6,6750,卖盘
2202,09:45:28,11.25,--,469,527625,卖盘
2203,09:45:24,11.25,--,140,158028,卖盘
2204,09:45:18,11.25,--,73,82125,卖盘
2205,09:45:13,11.25,--,266,299250,卖盘
2206,09:45:09,11.25,--,96,108450,卖盘
2207,09:45:03,11.25,--,3,3375,卖盘
2208,09:44:58,11.25,--,149,167625,卖盘
2209,09:44:53,11.25,-0.01,323,363375,卖盘
2210,09:44:48,11.26,--,25,28150,买盘
2211,09:44:43,11.26,--,503,566378,买盘
2212,09:44:38,11.26,--,598,674226,卖盘
2213,09:44:33,11.26,--,146,164396,卖盘
2214,09:44:28,11.26,-0.01,24,27024,卖盘
2215,09:44:23,11.27,--,356,401212,买盘
2216,09:44:18,11.27,0.01,60,67620,买盘
2217,09:44:13,11.26,--,5,5630,卖盘
2218,09:44:08,11.26,-0.01,65,73640,卖盘
2219,09:44:03,11.27,0.01,1,1127,买盘
2220,09:43:58,11.26,-0.01,93,104718,卖盘
2221,09:43:53,11.27,-0.01,134,152009,卖盘
2222,09:43:48,11.28,0.01,65,73320,买盘
2223,09:43:43,11.27,-0.01,538,606889,卖盘
2224,09:43:38,11.28,--,107,120752,买盘
2225,09:43:33,11.28,0.01,19,21432,买盘
2226,09:43:28,11.27,--,95,107065,卖盘
2227,09:43:23,11.27,-0.01,59,66493,卖盘
2228,09:43:13,11.28,0.01,12,13536,买盘
2229,09:43:08,11.27,-0.01,93,105239,卖盘
2230,09:42:58,11.28,--,25,28200,买盘
2231,09:42:53,11.28,0.01,2,2256,买盘
2232,09:42:48,11.27,--,6,6762,卖盘
2233,09:42:43,11.27,--,10,11270,卖盘
2234,09:42:37,11.27,-0.01,66,74382,卖盘
2235,09:42:33,11.28,0.01,100,112800,买盘
2236,09:42:28,11.27,--,193,217511,卖盘
2237,09:42:22,11.27,-0.01,177,199479,卖盘
2238,09:42:18,11.28,0.01,211,238008,买盘
2239,09:42:13,11.27,-0.01,435,491169,卖盘
2240,09:42:07,11.28,-0.01,82,92924,卖盘
2241,09:42:03,11.29,--,32,36128,买盘
2242,09:41:58,11.29,--,49,55320,卖盘
2243,09:41:52,11.29,--,70,79030,卖盘
2244,09:41:43,11.29,-0.01,18,20322,卖盘
2245,09:41:37,11.3,0.01,20,22600,买盘
2246,09:41:33,11.29,-0.01,206,232573,卖盘
2247,09:41:28,11.3,--,11,12430,买盘
2248,09:41:22,11.3,0.01,7,7910,买盘
2249,09:41:18,11.29,-0.01,133,150157,卖盘
2250,09:41:13,11.3,0.02,32,36160,买盘
2251,09:41:07,11.28,-0.02,389,439220,卖盘
2252,09:41:03,11.3,0.01,284,320920,买盘
2253,09:40:58,11.29,-0.01,69,77901,卖盘
2254,09:40:52,11.3,0.02,35,39550,买盘
2255,09:40:48,11.28,--,150,169200,卖盘
2256,09:40:43,11.28,-0.01,41,46248,卖盘
2257,09:40:37,11.29,--,84,95084,买盘
2258,09:40:33,11.29,--,28,31611,卖盘
2259,09:40:28,11.29,--,51,57578,买盘
2260,09:40:22,11.29,-0.01,133,150157,卖盘
2261,09:40:18,11.3,--,250,282500,买盘
2262,09:40:13,11.3,0.01,82,92660,买盘
2263,09:40:07,11.29,--,161,181769,卖盘
2264,09:40:03,11.29,-0.01,246,277734,卖盘
2265,09:39:52,11.3,0.01,272,307360,买盘
2266,09:39:48,11.29,-0.01,94,106125,卖盘
2267,09:39:43,11.3,--,55,62150,买盘
2268,09:39:37,11.3,0.01,358,404540,买盘
2269,09:39:33,11.29,--,38,42902,卖盘
2270,09:39:28,11.29,--,39,44031,卖盘
2271,09:39:22,11.29,-0.01,99,111770,卖盘
2272,09:39:18,11.3,0.02,178,201140,买盘
2273,09:39:13,11.28,-0.01,851,959928,卖盘
2274,09:39:07,11.29,--,185,209294,买盘
2275,09:39:03,11.29,--,11,13130,买盘
2276,09:38:57,11.29,0.01,33,37257,买盘
2277,09:38:52,11.28,--,48,54144,卖盘
2278,09:38:48,11.28,--,81,92484,买盘
2279,09:38:42,11.28,--,49,55272,买盘
2280,09:38:37,11.28,--,25,28200,买盘
2281,09:38:33,11.28,0.01,205,231240,买盘
2282,09:38:27,11.27,--,283,319380,买盘
2283,09:38:22,11.27,0.01,100,112700,买盘
2284,09:38:18,11.26,-0.01,619,697680,卖盘
2285,09:38:07,11.27,--,61,69186,卖盘
2286,09:38:03,11.27,0.01,241,271607,买盘
2287,09:37:57,11.26,-0.01,34,38284,卖盘
2288,09:37:52,11.27,0.01,26,29302,买盘
2289,09:37:48,11.26,-0.01,73,82198,卖盘
2290,09:37:42,11.27,--,30,33810,买盘
2291,09:37:37,11.27,--,83,93541,买盘
2292,09:37:32,11.27,--,15,16927,买盘
2293,09:37:27,11.27,--,55,61985,买盘
2294,09:37:22,11.27,--,17,19159,买盘
2295,09:37:17,11.27,0.01,61,68747,中性盘
2296,09:37:12,11.26,-0.01,117,131742,卖盘
2297,09:37:07,11.27,--,128,144706,买盘
2298,09:37:02,11.27,--,41,46207,买盘
2299,09:36:57,11.27,--,79,89033,买盘
2300,09:36:52,11.27,0.01,36,40572,买盘
2301,09:36:47,11.26,-0.01,94,105844,卖盘
2302,09:36:42,11.27,--,2,2254,买盘
2303,09:36:37,11.27,--,22,24805,卖盘
2304,09:36:32,11.27,-0.01,209,235543,卖盘
2305,09:36:27,11.28,--,28,31584,买盘
2306,09:36:22,11.28,--,38,42864,买盘
2307,09:36:17,11.28,--,79,89112,买盘
2308,09:36:12,11.28,--,14,15792,买盘
2309,09:36:07,11.28,--,133,150260,买盘
2310,09:36:02,11.28,--,71,80088,买盘
2311,09:35:57,11.28,--,11,12408,买盘
2312,09:35:52,11.28,-0.01,172,194016,卖盘
2313,09:35:47,11.29,--,10,11290,买盘
2314,09:35:42,11.29,0.01,27,30482,买盘
2315,09:35:37,11.28,-0.01,38,42864,卖盘
2316,09:35:32,11.29,0.01,11,12418,买盘
2317,09:35:27,11.28,-0.01,5,5640,卖盘
2318,09:35:22,11.29,0.01,36,40644,买盘
2319,09:35:17,11.28,0.01,40,45120,买盘
2320,09:35:07,11.27,-0.01,29,33122,卖盘
2321,09:34:57,11.28,0.01,35,39480,买盘
2322,09:34:52,11.27,--,18,20286,卖盘
2323,09:34:46,11.27,-0.01,73,82271,卖盘
2324,09:34:42,11.28,--,45,50760,买盘
2325,09:34:37,11.28,0.01,76,85728,买盘
2326,09:34:31,11.27,-0.01,87,98049,卖盘
2327,09:34:27,11.28,--,564,636192,买盘
2328,09:34:22,11.28,--,25,28200,买盘
2329,09:34:16,11.28,0.01,35,39480,买盘
2330,09:34:12,11.27,--,39,44392,卖盘
2331,09:34:07,11.27,--,96,108192,卖盘
2332,09:34:01,11.27,-0.01,225,253575,卖盘
2333,09:33:57,11.28,-0.01,69,77832,卖盘
2334,09:33:42,11.29,0.01,51,57578,买盘
2335,09:33:37,11.28,--,26,29328,卖盘
2336,09:33:31,11.28,0.01,103,116184,买盘
2337,09:33:22,11.27,0.01,14,15778,中性盘
2338,09:33:16,11.26,--,12,13512,卖盘
2339,09:33:12,11.26,--,13,14638,卖盘
2340,09:33:07,11.26,--,9,10584,卖盘
2341,09:33:01,11.26,0.01,223,251098,买盘
2342,09:32:57,11.25,-0.01,62,69750,卖盘
2343,09:32:52,11.26,0.01,30,33780,买盘
2344,09:32:46,11.25,--,35,39375,卖盘
2345,09:32:42,11.25,0.01,80,90011,买盘
2346,09:32:37,11.24,--,36,40464,卖盘
2347,09:32:31,11.24,--,90,101160,卖盘
2348,09:32:27,11.24,--,95,106780,卖盘
2349,09:32:22,11.24,--,15,16860,卖盘
2350,09:32:16,11.24,-0.01,17,19108,中性盘
2351,09:32:12,11.25,0.01,134,151222,买盘
2352,09:32:07,11.24,0.02,3,3372,买盘
2353,09:32:01,11.22,-0.02,9,10098,卖盘
2354,09:31:57,11.24,0.02,217,243908,买盘
2355,09:31:52,11.22,-0.01,5,5610,卖盘
2356,09:31:46,11.23,-0.02,15,16845,卖盘
2357,09:31:42,11.25,0.04,48,54000,买盘
2358,09:31:37,11.21,-0.03,86,96899,卖盘
2359,09:31:31,11.24,--,126,141624,买盘
2360,09:31:27,11.24,0.02,72,80928,买盘
2361,09:31:21,11.22,0.01,10,11220,买盘
2362,09:31:16,11.21,--,65,72865,卖盘
2363,09:31:12,11.21,0.01,66,73986,中性盘
2364,09:31:06,11.2,-0.02,4,4480,卖盘
2365,09:31:01,11.22,0.02,39,43758,买盘
2366,09:30:56,11.2,--,9,10080,卖盘
2367,09:30:51,11.2,--,2,2240,卖盘
2368,09:30:46,11.2,-0.02,35,39200,卖盘
2369,09:30:41,11.22,--,3,3366,买盘
2370,09:30:36,11.22,-0.03,2,2244,卖盘
2371,09:30:31,11.25,0.07,8,9000,买盘
2372,09:30:26,11.18,-0.04,125,139750,卖盘
2373,09:30:11,11.22,0.02,180,201960,买盘
2374,09:30:06,11.2,-0.06,570,638400,卖盘
2375,09:30:01,11.26,--,91,102466,买盘
2376,09:28:48,11.26,--,0,0,买盘
2377,09:25:05,11.26,11.26,718,808468,买盘
