,time,price,change,volume,amount,type
0,15:00:00,11.28,--,0,0,卖盘
1,15:00:00,11.28,-0.01,98,110544,卖盘
2,15:00:00,11.29,--,42,47418,买盘
3,14:59:55,11.29,0.01,933,1053357,买盘
4,14:59:51,11.28,--,260,293280,卖盘
5,14:59:46,11.28,--,194,218832,卖盘
6,14:59:40,11.28,--,283,319224,卖盘
7,14:59:36,11.28,--,142,160176,卖盘
8,14:59:31,11.28,--,1349,1521672,买盘
9,14:59:25,11.28,--,815,919320,买盘
10,14:59:21,11.28,0.01,380,428640,买盘
11,14:59:16,11.27,--,320,360640,卖盘
12,14:59:10,11.27,--,51,57477,卖盘
13,14:59:06,11.27,--,20,22540,卖盘
14,14:59:01,11.27,0.02,1589,1790983,买盘
15,14:58:55,11.25,-0.01,449,505125,卖盘
16,14:58:51,11.26,0.01,227,255602,买盘
17,14:58:46,11.25,-0.01,185,208125,卖盘
18,14:58:40,11.26,--,129,145254,买盘
19,14:58:36,11.26,0.01,21,23646,买盘
20,14:58:31,11.25,--,138,155250,卖盘
21,14:58:25,11.25,--,108,121500,卖盘
22,14:58:21,11.25,-0.01,162,182250,卖盘
23,14:58:16,11.26,0.01,124,139624,买盘
24,14:58:10,11.25,--,454,510750,卖盘
25,14:58:06,11.25,--,50,56250,卖盘
26,14:58:01,11.25,--,15,16875,卖盘
27,14:57:55,11.25,--,375,421875,卖盘
28,14:57:51,11.25,--,9,10125,卖盘
29,14:57:46,11.25,--,78,87750,卖盘
30,14:57:40,11.25,--,357,401625,买盘
31,14:57:36,11.25,0.01,30,33750,买盘
32,14:57:31,11.24,--,10,11240,卖盘
33,14:57:25,11.24,--,2104,2364896,卖盘
34,14:57:21,11.24,--,34,38216,卖盘
35,14:57:15,11.24,-0.01,27,30348,卖盘
36,14:57:10,11.25,0.01,624,702000,买盘
37,14:57:06,11.24,--,12,13488,卖盘
38,14:57:00,11.24,--,271,304604,卖盘
39,14:56:55,11.24,-0.01,69,77556,卖盘
40,14:56:51,11.25,0.01,55,61875,买盘
41,14:56:45,11.24,--,170,191080,卖盘
42,14:56:40,11.24,--,217,244829,买盘
43,14:56:36,11.24,--,26,29224,买盘
44,14:56:30,11.24,--,136,152864,买盘
45,14:56:25,11.24,-0.01,787,884588,卖盘
46,14:56:21,11.25,0.01,308,346500,买盘
47,14:56:15,11.24,-0.01,32,35968,卖盘
48,14:56:10,11.25,--,79,88875,买盘
49,14:56:06,11.25,0.01,54,60750,买盘
50,14:56:00,11.24,-0.01,210,236040,卖盘
51,14:55:55,11.25,--,119,133875,买盘
52,14:55:50,11.25,0.01,310,348750,买盘
53,14:55:45,11.24,-0.01,12,13488,卖盘
54,14:55:40,11.25,0.01,124,139500,买盘
55,14:55:35,11.24,-0.01,121,136004,卖盘
56,14:55:30,11.25,--,8,9000,买盘
57,14:55:25,11.25,0.01,41,46125,买盘
58,14:55:20,11.24,--,55,61820,卖盘
59,14:55:10,11.24,--,233,261892,卖盘
60,14:55:05,11.24,--,62,69688,卖盘
61,14:55:00,11.24,--,20,22480,卖盘
62,14:54:55,11.24,--,203,228172,买盘
63,14:54:50,11.24,--,154,173096,买盘
64,14:54:45,11.24,--,40,44960,买盘
65,14:54:40,11.24,0.01,55,61820,买盘
66,14:54:35,11.23,-0.01,514,577222,卖盘
67,14:54:25,11.24,0.01,384,431616,买盘
68,14:54:20,11.23,-0.01,123,138129,卖盘
69,14:54:15,11.24,--,67,75308,买盘
70,14:54:10,11.24,0.01,78,87672,买盘
71,14:54:05,11.23,--,106,119038,卖盘
72,14:54:00,11.23,--,35,39305,卖盘
73,14:53:55,11.23,-0.01,14,15722,卖盘
74,14:53:50,11.24,0.01,14,15736,买盘
75,14:53:45,11.23,--,22,24706,卖盘
76,14:53:40,11.23,--,8,8984,卖盘
77,14:53:35,11.23,-0.01,37,41551,卖盘
78,14:53:30,11.24,--,21,23604,买盘
79,14:53:25,11.24,--,12,13488,买盘
80,14:53:20,11.24,--,35,39340,买盘
81,14:53:15,11.24,0.01,39,43836,买盘
82,14:53:10,11.23,--,60,67380,卖盘
83,14:53:04,11.23,-0.01,156,175188,卖盘
84,14:52:55,11.24,--,30,33720,买盘
85,14:52:49,11.24,--,12,13488,买盘
86,14:52:45,11.24,--,4,4496,买盘
87,14:52:40,11.24,--,75,84300,买盘
88,14:52:34,11.24,-0.01,1030,1157922,卖盘
89,14:52:30,11.25,--,24,27000,买盘
90,14:52:25,11.25,--,17,19125,买盘
91,14:52:19,11.25,--,20,22500,买盘
92,14:52:15,11.25,--,30,33750,买盘
93,14:52:10,11.25,--,13,14625,买盘
94,14:52:04,11.25,--,90,101250,买盘
95,14:52:00,11.25,--,30,33750,买盘
96,14:51:55,11.25,0.01,12,13500,买盘
97,14:51:49,11.24,--,241,270884,卖盘
98,14:51:45,11.24,--,7,8789,买盘
99,14:51:40,11.24,-0.01,20,22682,卖盘
100,14:51:34,11.25,0.01,130,146250,买盘
101,14:51:30,11.24,--,124,140297,买盘
102,14:51:25,11.24,--,76,85424,买盘
103,14:51:15,11.24,--,125,140702,卖盘
104,14:51:10,11.24,--,2,2248,卖盘
105,14:51:04,11.24,-0.01,10,11240,卖盘
106,14:51:00,11.25,0.01,17,19125,买盘
107,14:50:55,11.24,-0.01,237,266388,卖盘
108,14:50:49,11.25,0.01,21,23625,买盘
109,14:50:40,11.24,-0.01,25,28100,卖盘
110,14:50:30,11.25,--,18,20250,买盘
111,14:50:25,11.25,0.01,24,27000,买盘
112,14:50:19,11.24,--,117,131508,卖盘
113,14:50:15,11.24,--,31,35765,卖盘
114,14:50:04,11.24,--,85,95540,卖盘
115,14:50:00,11.24,-0.01,10,11240,卖盘
116,14:49:54,11.25,0.01,5,5625,买盘
117,14:49:49,11.24,--,22,24728,卖盘
118,14:49:45,11.24,--,55,61820,卖盘
119,14:49:30,11.24,--,12,13488,卖盘
120,14:49:24,11.24,-0.01,5,5620,买盘
121,14:49:19,11.25,0.01,322,362250,买盘
122,14:49:15,11.24,-0.01,6,6744,卖盘
123,14:49:09,11.25,--,1,1125,买盘
124,14:49:04,11.25,0.01,240,270000,买盘
125,14:48:54,11.24,--,5,5620,卖盘
126,14:48:44,11.24,0.01,70,78680,买盘
127,14:48:39,11.23,--,33,37059,卖盘
128,14:48:34,11.23,-0.01,20,22460,卖盘
129,14:48:29,11.24,--,11,12364,买盘
130,14:48:24,11.24,0.01,2,2248,买盘
131,14:48:19,11.23,-0.01,0,11,卖盘
132,14:48:14,11.24,--,17,19108,买盘
133,14:48:09,11.24,--,23,25852,买盘
134,14:48:04,11.24,0.01,565,635060,买盘
135,14:47:59,11.23,-0.01,176,197648,卖盘
136,14:47:54,11.24,0.01,42,47208,买盘
137,14:47:49,11.23,-0.01,102,114546,卖盘
138,14:47:44,11.24,--,15,16860,买盘
139,14:47:39,11.24,--,10,11240,买盘
140,14:47:34,11.24,--,539,605836,卖盘
141,14:47:29,11.24,--,220,247280,卖盘
142,14:47:24,11.24,--,28,31472,卖盘
143,14:47:19,11.24,-0.01,59,66316,卖盘
144,14:47:04,11.25,--,6,6750,买盘
145,14:46:44,11.25,0.01,22,24750,买盘
146,14:46:39,11.24,0.01,341,383284,买盘
147,14:46:34,11.23,-0.01,10,11230,卖盘
148,14:46:28,11.24,--,17,19108,买盘
149,14:46:19,11.24,0.01,45,50580,买盘
150,14:46:13,11.23,-0.01,18,20214,卖盘
151,14:46:04,11.24,0.01,120,134880,买盘
152,14:45:58,11.23,--,1,1123,卖盘
153,14:45:49,11.23,-0.01,33,37059,卖盘
154,14:45:43,11.24,0.01,40,44960,买盘
155,14:45:39,11.23,-0.01,4,4492,卖盘
156,14:45:34,11.24,--,54,60696,买盘
157,14:45:28,11.24,0.01,113,127012,买盘
158,14:45:24,11.23,-0.01,10,11230,卖盘
159,14:45:19,11.24,0.01,203,228172,买盘
160,14:45:13,11.23,-0.01,1,1123,卖盘
161,14:45:04,11.24,--,3,3372,买盘
162,14:44:58,11.24,--,31,34844,买盘
163,14:44:54,11.24,0.01,10,11240,买盘
164,14:44:49,11.23,-0.01,10,11230,卖盘
165,14:44:43,11.24,0.01,103,115772,买盘
166,14:44:34,11.23,-0.01,4,4492,卖盘
167,14:44:24,11.24,0.01,11,12364,买盘
168,14:44:19,11.23,-0.01,12,13476,卖盘
169,14:44:13,11.24,--,13,14612,买盘
170,14:44:04,11.24,--,93,104532,买盘
171,14:43:58,11.24,--,2,2248,卖盘
172,14:43:54,11.24,--,20,22480,买盘
173,14:43:49,11.24,--,40,44960,买盘
174,14:43:43,11.24,--,113,127012,买盘
175,14:43:38,11.24,--,11,12364,卖盘
176,14:43:34,11.24,-0.01,86,96664,卖盘
177,14:43:28,11.25,0.01,126,141750,买盘
178,14:43:24,11.24,--,54,60696,卖盘
179,14:43:19,11.24,--,60,67440,卖盘
180,14:43:13,11.24,--,41,46084,卖盘
181,14:43:08,11.24,--,48,53952,卖盘
182,14:43:03,11.24,--,30,33720,卖盘
183,14:42:58,11.24,--,151,169724,卖盘
184,14:42:48,11.24,--,4,4496,卖盘
185,14:42:38,11.24,--,40,44960,卖盘
186,14:42:28,11.24,--,44,49456,卖盘
187,14:42:23,11.24,-0.01,14,15736,卖盘
188,14:42:18,11.25,0.01,51,57375,买盘
189,14:42:13,11.24,-0.01,22,24728,卖盘
190,14:42:08,11.25,0.01,120,135000,买盘
191,14:41:58,11.24,--,31,34844,卖盘
192,14:41:48,11.24,-0.01,14,15736,买盘
193,14:41:43,11.25,0.02,270,303750,买盘
194,14:41:38,11.23,-0.01,15,16845,卖盘
195,14:41:28,11.24,-0.01,2,2248,卖盘
196,14:41:23,11.25,--,307,345375,买盘
197,14:41:13,11.25,0.01,116,130500,买盘
198,14:41:08,11.24,-0.01,1506,1692744,卖盘
199,14:41:03,11.25,--,108,121500,买盘
200,14:40:58,11.25,--,83,93375,买盘
201,14:40:53,11.25,--,47,52875,买盘
202,14:40:43,11.25,--,10,11250,买盘
203,14:40:28,11.25,0.01,55,61875,买盘
204,14:40:23,11.24,-0.01,30,33720,卖盘
205,14:40:13,11.25,--,80,90000,买盘
206,14:40:03,11.25,--,30,33750,买盘
207,14:39:58,11.25,--,29,32625,买盘
208,14:39:53,11.25,--,11,12375,买盘
209,14:39:48,11.25,--,60,67500,买盘
210,14:39:43,11.25,0.01,12,13500,买盘
211,14:39:38,11.24,--,10,11240,卖盘
212,14:39:33,11.24,--,29,32596,卖盘
213,14:39:28,11.24,-0.01,10,11240,卖盘
214,14:39:23,11.25,--,74,83250,买盘
215,14:39:18,11.25,0.01,3,3375,买盘
216,14:39:13,11.24,-0.01,1,1124,卖盘
217,14:39:08,11.25,0.01,2,2250,买盘
218,14:38:58,11.24,--,53,59572,卖盘
219,14:38:52,11.24,--,84,94416,卖盘
220,14:38:43,11.24,-0.01,10,11240,卖盘
221,14:38:28,11.25,--,95,106998,卖盘
222,14:38:22,11.25,-0.01,11,12375,卖盘
223,14:38:13,11.26,0.01,168,189168,买盘
224,14:38:07,11.25,--,22,24750,卖盘
225,14:38:02,11.25,-0.01,8,9000,卖盘
226,14:37:58,11.26,0.01,25,28150,买盘
227,14:37:52,11.25,-0.01,166,186750,卖盘
228,14:37:47,11.26,0.01,50,56300,买盘
229,14:37:43,11.25,-0.01,10,11250,卖盘
230,14:37:37,11.26,0.01,8,9008,买盘
231,14:37:32,11.25,-0.01,29,32625,卖盘
232,14:37:28,11.26,0.01,10,11260,买盘
233,14:37:22,11.25,-0.01,19,21375,卖盘
234,14:37:17,11.26,--,18,20268,买盘
235,14:37:13,11.26,0.01,11,12386,买盘
236,14:37:07,11.25,--,28,31500,卖盘
237,14:36:58,11.25,-0.01,20,22500,卖盘
238,14:36:52,11.26,--,46,51796,买盘
239,14:36:43,11.26,--,37,41662,买盘
240,14:36:17,11.26,0.01,28,31528,买盘
241,14:36:12,11.25,--,158,177750,卖盘
242,14:36:07,11.25,-0.01,40,45000,卖盘
243,14:36:02,11.26,0.01,25,28150,买盘
244,14:35:57,11.25,-0.01,146,164250,卖盘
245,14:35:52,11.26,--,100,112600,买盘
246,14:35:32,11.26,--,23,25898,买盘
247,14:35:22,11.26,--,81,91206,买盘
248,14:35:17,11.26,--,26,29276,买盘
249,14:35:12,11.26,--,59,66434,买盘
250,14:35:07,11.26,--,9,10134,买盘
251,14:35:02,11.26,--,4,4504,买盘
252,14:34:57,11.26,--,4,4504,买盘
253,14:34:52,11.26,--,414,466164,卖盘
254,14:34:47,11.26,-0.01,10,11260,卖盘
255,14:34:37,11.27,0.01,37,41699,买盘
256,14:34:32,11.26,--,95,106970,卖盘
257,14:34:27,11.26,-0.01,4,4504,卖盘
258,14:34:17,11.27,--,102,114954,买盘
259,14:34:07,11.27,--,33,37191,买盘
260,14:34:02,11.27,--,20,22540,买盘
261,14:33:57,11.27,--,21,24331,卖盘
262,14:33:52,11.27,--,64,72128,卖盘
263,14:33:47,11.27,--,60,68082,买盘
264,14:33:42,11.27,--,209,236207,卖盘
265,14:33:37,11.27,--,10,11270,卖盘
266,14:33:32,11.27,--,594,669900,买盘
267,14:33:27,11.27,--,27,30429,买盘
268,14:33:22,11.27,--,102,115618,卖盘
269,14:33:17,11.27,--,7,7889,卖盘
270,14:33:06,11.27,0.01,272,307006,买盘
271,14:33:02,11.26,-0.01,240,270240,卖盘
272,14:32:57,11.27,0.01,10,11270,买盘
273,14:32:52,11.26,-0.01,1,1126,卖盘
274,14:32:47,11.27,0.01,432,486864,买盘
275,14:32:42,11.26,--,29,32654,卖盘
276,14:32:37,11.26,-0.01,48,54048,卖盘
277,14:32:32,11.27,--,45,50715,买盘
278,14:32:27,11.27,--,16,18032,买盘
279,14:32:22,11.27,0.01,23,25921,买盘
280,14:32:17,11.26,--,3,3378,卖盘
281,14:32:07,11.26,0.01,575,647450,买盘
282,14:32:02,11.25,--,82,92250,卖盘
283,14:31:57,11.25,--,26,29250,卖盘
284,14:31:36,11.25,--,22,25751,买盘
285,14:31:32,11.25,0.01,274,308250,买盘
286,14:31:21,11.24,-0.01,223,250652,卖盘
287,14:31:17,11.25,0.01,130,146250,买盘
288,14:31:12,11.24,--,193,216943,卖盘
289,14:30:51,11.24,--,101,113524,买盘
290,14:30:42,11.24,--,12,13488,买盘
291,14:30:31,11.24,--,41,46084,买盘
292,14:30:27,11.24,--,500,562000,买盘
293,14:30:16,11.24,--,10,11240,买盘
294,14:30:12,11.24,--,7,7868,卖盘
295,14:30:06,11.24,--,290,325960,卖盘
296,14:30:01,11.24,--,47,52828,卖盘
297,14:29:51,11.24,-0.01,38,42712,卖盘
298,14:29:46,11.25,--,2,2250,买盘
299,14:29:41,11.25,0.01,14,15750,买盘
300,14:29:36,11.24,-0.01,8,8992,卖盘
301,14:29:26,11.25,0.01,22,24750,买盘
302,14:29:06,11.24,-0.01,10,11240,卖盘
303,14:29:01,11.25,0.01,65,73125,买盘
304,14:28:51,11.24,--,223,250652,卖盘
305,14:28:41,11.24,--,10,11240,卖盘
306,14:28:31,11.24,--,44,49456,买盘
307,14:28:26,11.24,--,26,29224,买盘
308,14:28:21,11.24,--,53,59572,买盘
309,14:28:16,11.24,0.01,54,60696,买盘
310,14:28:11,11.23,--,3,3369,卖盘
311,14:28:06,11.23,--,74,83102,买盘
312,14:27:56,11.23,--,26,29198,买盘
313,14:27:51,11.23,--,43,48289,买盘
314,14:27:46,11.23,-0.01,82,92086,卖盘
315,14:27:41,11.24,--,200,224800,买盘
316,14:27:36,11.24,--,12,13488,买盘
317,14:27:26,11.24,--,30,33720,买盘
318,14:27:21,11.24,0.01,30,33720,买盘
319,14:27:16,11.23,--,30,33690,卖盘
320,14:27:11,11.23,--,10,11230,卖盘
321,14:27:06,11.23,--,20,22460,卖盘
322,14:26:51,11.23,0.01,20,22460,卖盘
323,14:26:46,11.22,-0.01,50,56100,卖盘
324,14:26:41,11.23,0.01,3,3447,买盘
325,14:26:36,11.22,-0.01,130,145860,卖盘
326,14:26:30,11.23,0.01,10,11230,买盘
327,14:26:26,11.22,--,50,56100,卖盘
328,14:26:11,11.22,--,237,265914,买盘
329,14:26:06,11.22,--,1,1122,买盘
330,14:26:00,11.22,--,143,160446,买盘
331,14:25:56,11.22,--,23,25806,买盘
332,14:25:51,11.22,-0.01,303,339966,卖盘
333,14:25:45,11.23,--,13,14599,买盘
334,14:25:41,11.23,--,224,251552,买盘
335,14:25:36,11.23,--,21,23583,买盘
336,14:25:30,11.23,--,5,5615,买盘
337,14:25:21,11.23,--,351,395217,卖盘
338,14:25:15,11.23,-0.01,60,67380,卖盘
339,14:25:11,11.24,--,1,1124,买盘
340,14:24:56,11.24,--,481,540644,买盘
341,14:24:51,11.24,--,11,12364,买盘
342,14:24:45,11.24,0.01,65,73060,买盘
343,14:24:30,11.23,--,18,20214,卖盘
344,14:24:21,11.23,--,15,16845,卖盘
345,14:24:15,11.23,-0.01,30,33690,卖盘
346,14:24:11,11.24,--,20,22480,买盘
347,14:24:00,11.24,0.01,50,56200,买盘
348,14:23:56,11.23,--,28,31444,卖盘
349,14:23:50,11.23,--,25,28075,卖盘
350,14:23:45,11.23,-0.01,8,8984,卖盘
351,14:23:41,11.24,0.01,510,573240,买盘
352,14:23:26,11.23,-0.01,50,56150,卖盘
353,14:23:15,11.24,0.01,73,82052,买盘
354,14:23:11,11.23,-0.01,105,117915,卖盘
355,14:23:06,11.24,0.01,38,42712,买盘
356,14:22:55,11.23,-0.01,23,25829,卖盘
357,14:22:40,11.24,0.01,46,51704,买盘
358,14:22:35,11.23,-0.02,38,42674,卖盘
359,14:22:30,11.25,0.01,11,12375,买盘
360,14:22:25,11.24,-0.01,9,10116,买盘
361,14:22:15,11.25,0.01,145,163125,买盘
362,14:22:06,11.24,0.01,11,12364,买盘
363,14:22:00,11.23,-0.02,6,6738,卖盘
364,14:21:55,11.25,0.01,55,61875,买盘
365,14:21:45,11.24,--,267,300108,卖盘
366,14:21:40,11.24,--,50,56200,卖盘
367,14:21:35,11.24,--,2,2248,卖盘
368,14:21:30,11.24,-0.01,10,11240,卖盘
369,14:21:25,11.25,--,7,7875,买盘
370,14:21:20,11.25,0.01,61,68625,买盘
371,14:21:10,11.24,--,45,50580,买盘
372,14:21:00,11.24,--,20,22480,卖盘
373,14:20:55,11.24,-0.01,123,138252,卖盘
374,14:20:50,11.25,0.01,11,12375,买盘
375,14:20:45,11.24,--,136,152864,卖盘
376,14:20:40,11.24,--,286,321464,卖盘
377,14:20:35,11.24,-0.01,2,2248,卖盘
378,14:20:30,11.25,0.01,11,12375,买盘
379,14:20:25,11.24,-0.01,111,124764,卖盘
380,14:20:20,11.25,--,1,1125,买盘
381,14:20:15,11.25,--,56,63000,买盘
382,14:20:10,11.25,--,29,32625,买盘
383,14:20:00,11.25,--,127,142998,卖盘
384,14:19:55,11.25,--,28,31500,卖盘
385,14:19:50,11.25,-0.01,5,5625,卖盘
386,14:19:40,11.26,0.01,82,92332,买盘
387,14:19:35,11.25,--,5,5625,卖盘
388,14:19:30,11.25,-0.01,12,13500,卖盘
389,14:19:20,11.26,0.01,277,312904,买盘
390,14:19:15,11.25,0.01,17,19125,买盘
391,14:19:09,11.24,-0.01,90,101160,卖盘
392,14:19:05,11.25,--,27,30375,买盘
393,14:19:00,11.25,--,5,5625,买盘
394,14:18:54,11.25,--,55,61998,卖盘
395,14:18:50,11.25,--,41,46125,卖盘
396,14:18:45,11.25,-0.01,40,45000,卖盘
397,14:18:39,11.26,0.01,90,102342,买盘
398,14:18:35,11.25,--,60,67500,买盘
399,14:18:30,11.25,-0.01,744,837000,卖盘
400,14:18:24,11.26,--,202,227452,买盘
401,14:18:20,11.26,--,248,279248,卖盘
402,14:18:14,11.26,--,10,11260,卖盘
403,14:18:09,11.26,--,244,274744,买盘
404,14:18:05,11.26,--,31,34906,买盘
405,14:17:54,11.26,--,54,60804,买盘
406,14:17:50,11.26,0.01,65,73190,买盘
407,14:17:39,11.25,-0.01,32,36000,卖盘
408,14:17:35,11.26,--,6,6756,买盘
409,14:17:30,11.26,--,50,56300,买盘
410,14:17:20,11.26,--,70,78820,买盘
411,14:17:15,11.26,0.02,197,221822,买盘
412,14:17:09,11.24,--,122,137128,卖盘
413,14:17:05,11.24,--,10,11240,卖盘
414,14:17:00,11.24,-0.01,66,74184,卖盘
415,14:16:54,11.25,--,48,54000,买盘
416,14:16:50,11.25,0.01,54,60750,买盘
417,14:16:35,11.24,0.01,13,14612,买盘
418,14:16:30,11.23,-0.01,8,8984,卖盘
419,14:16:24,11.24,--,2,2248,买盘
420,14:16:20,11.24,--,27,30348,买盘
421,14:16:09,11.24,-0.01,2,2248,中性盘
422,14:16:05,11.25,0.01,580,652500,买盘
423,14:15:59,11.24,-0.01,5,5620,卖盘
424,14:15:54,11.25,--,10,11250,买盘
425,14:15:39,11.25,--,34,38250,买盘
426,14:15:34,11.25,--,129,145125,买盘
427,14:15:29,11.25,--,5,5625,买盘
428,14:15:24,11.25,--,9,10125,买盘
429,14:15:20,11.25,--,107,120375,卖盘
430,14:15:14,11.25,-0.01,37,41625,卖盘
431,14:15:09,11.26,--,14,15764,买盘
432,14:15:04,11.26,--,28,31528,买盘
433,14:14:59,11.26,--,15,16890,买盘
434,14:14:54,11.26,0.01,72,81072,买盘
435,14:14:49,11.25,--,53,59625,卖盘
436,14:14:44,11.25,--,6,6750,卖盘
437,14:14:39,11.25,-0.01,154,173250,卖盘
438,14:14:34,11.26,0.01,9,10134,买盘
439,14:14:29,11.25,-0.01,104,117000,卖盘
440,14:14:24,11.26,0.01,11,12386,买盘
441,14:14:19,11.25,--,17,19125,卖盘
442,14:14:09,11.25,-0.01,36,40500,卖盘
443,14:14:04,11.26,--,4,4504,买盘
444,14:13:54,11.26,0.01,15,16890,买盘
445,14:13:49,11.25,-0.01,88,99000,卖盘
446,14:13:44,11.26,--,9,10134,买盘
447,14:13:39,11.26,--,33,37158,买盘
448,14:13:34,11.26,--,65,73190,买盘
449,14:13:29,11.26,--,14,15764,买盘
450,14:13:24,11.26,-0.01,60,67560,中性盘
451,14:13:19,11.27,0.01,1101,1240827,买盘
452,14:13:09,11.26,--,219,246594,卖盘
453,14:13:04,11.26,-0.01,7,7882,卖盘
454,14:12:59,11.27,--,15,16905,买盘
455,14:12:54,11.27,0.01,132,148764,买盘
456,14:12:49,11.26,--,19,21394,买盘
457,14:12:39,11.26,--,11,12386,买盘
458,14:12:33,11.26,0.01,84,94584,买盘
459,14:12:29,11.25,-0.01,50,56250,卖盘
460,14:12:24,11.26,--,32,36032,买盘
461,14:12:18,11.26,--,11,12386,买盘
462,14:12:09,11.26,--,101,113726,买盘
463,14:12:03,11.26,--,3,3378,买盘
464,14:11:59,11.26,0.03,15,16890,买盘
465,14:11:54,11.23,-0.02,125,140375,卖盘
466,14:11:48,11.25,-0.01,564,635175,卖盘
467,14:11:44,11.26,--,30,33780,买盘
468,14:11:39,11.26,0.01,201,226776,买盘
469,14:11:33,11.25,-0.01,12,13500,卖盘
470,14:11:29,11.26,--,145,163270,卖盘
471,14:11:23,11.26,--,38,42788,买盘
472,14:11:18,11.26,--,139,156514,买盘
473,14:11:14,11.26,--,84,94584,买盘
474,14:11:08,11.26,--,2,2252,买盘
475,14:11:03,11.26,0.01,25,28150,买盘
476,14:10:59,11.25,--,54,60750,买盘
477,14:10:53,11.25,-0.01,96,108000,卖盘
478,14:10:48,11.26,--,11,12386,买盘
479,14:10:44,11.26,0.01,656,738656,买盘
480,14:10:38,11.25,--,292,328500,买盘
481,14:10:33,11.25,0.01,30,33750,买盘
482,14:10:29,11.24,--,18,20232,卖盘
483,14:10:23,11.24,--,14,15736,买盘
484,14:10:18,11.24,--,144,161856,买盘
485,14:10:13,11.24,--,65,73060,买盘
486,14:10:03,11.24,0.01,20,22480,买盘
487,14:09:53,11.23,--,3,3369,卖盘
488,14:09:48,11.23,0.01,544,610990,买盘
489,14:09:44,11.22,--,1,1122,卖盘
490,14:09:33,11.22,--,38,42636,买盘
491,14:09:29,11.22,0.01,140,157080,买盘
492,14:09:18,11.21,--,6,6726,卖盘
493,14:09:13,11.21,-0.01,51,57171,卖盘
494,14:09:03,11.22,0.01,28,31416,买盘
495,14:08:59,11.21,0.01,23,25783,买盘
496,14:08:48,11.2,-0.01,252,282240,卖盘
497,14:08:43,11.21,--,66,73986,买盘
498,14:08:33,11.21,0.01,92,103132,买盘
499,14:08:29,11.2,--,2,2240,买盘
500,14:08:23,11.2,0.01,5,5600,买盘
501,14:08:13,11.19,--,11,12309,卖盘
502,14:08:03,11.19,--,70,78330,卖盘
503,14:07:58,11.19,-0.01,13,15106,卖盘
504,14:07:48,11.2,--,223,249759,买盘
505,14:07:33,11.2,--,11,12320,买盘
506,14:07:28,11.2,--,13,14559,买盘
507,14:07:23,11.2,--,57,63839,买盘
508,14:07:18,11.2,-0.01,135,151200,卖盘
509,14:07:13,11.21,-0.01,10,11210,买盘
510,14:07:08,11.22,0.01,14,15708,买盘
511,14:07:03,11.21,--,16,17936,买盘
512,14:06:58,11.21,--,122,136762,买盘
513,14:06:53,11.21,--,10,11210,买盘
514,14:06:48,11.21,--,86,96406,买盘
515,14:06:43,11.21,0.01,5,5605,买盘
516,14:06:33,11.2,--,74,82880,卖盘
517,14:06:28,11.2,--,4,4480,卖盘
518,14:06:13,11.2,-0.01,34,38080,卖盘
519,14:06:03,11.21,0.01,13,14573,买盘
520,14:05:48,11.2,--,1,1120,卖盘
521,14:05:42,11.2,--,7,7839,买盘
522,14:05:38,11.2,--,17,19040,买盘
523,14:05:33,11.2,--,11,12320,买盘
524,14:05:27,11.2,--,10,11200,买盘
525,14:05:23,11.2,0.01,10,11200,卖盘
526,14:05:18,11.19,--,0,0,卖盘
527,14:05:12,11.19,-0.01,48,53712,卖盘
528,14:05:03,11.2,0.01,19,21280,买盘
529,14:04:57,11.19,-0.01,19,21261,卖盘
530,14:04:48,11.2,--,34,38080,卖盘
531,14:04:42,11.2,--,189,211680,买盘
532,14:04:38,11.2,--,44,49280,卖盘
533,14:04:27,11.2,--,6,6720,买盘
534,14:04:23,11.2,0.01,28,31359,买盘
535,14:04:18,11.19,-0.01,40,44760,卖盘
536,14:04:08,11.2,--,3,3360,买盘
537,14:04:03,11.2,--,37,41440,买盘
538,14:03:57,11.2,0.01,7,7839,买盘
539,14:03:53,11.19,-0.01,22,24618,卖盘
540,14:03:47,11.2,--,23,25760,卖盘
541,14:03:42,11.2,--,1,1120,买盘
542,14:03:38,11.2,-0.01,198,221760,卖盘
543,14:03:23,11.21,0.01,14,15694,买盘
544,14:03:08,11.2,-0.02,199,222880,卖盘
545,14:02:57,11.22,0.02,26,29172,买盘
546,14:02:53,11.2,--,0,0,卖盘
547,14:02:47,11.2,--,4,4480,卖盘
548,14:02:42,11.2,-0.01,611,684320,卖盘
549,14:02:37,11.21,-0.01,88,98648,卖盘
550,14:02:22,11.22,-0.01,21,23562,卖盘
551,14:02:02,11.23,0.02,1,1123,买盘
552,14:01:57,11.21,--,17,19057,卖盘
553,14:01:47,11.21,--,63,70623,卖盘
554,14:01:42,11.21,-0.01,28,31388,卖盘
555,14:01:37,11.22,--,180,201960,买盘
556,14:01:27,11.22,0.01,41,46002,买盘
557,14:01:12,11.21,-0.01,10,11210,卖盘
558,14:01:07,11.22,--,6,6732,买盘
559,14:00:57,11.22,--,64,71808,卖盘
560,14:00:52,11.22,-0.01,25,28050,卖盘
561,14:00:47,11.23,--,1,1123,买盘
562,14:00:42,11.23,0.01,15,16845,买盘
563,14:00:37,11.22,--,12,13464,卖盘
564,14:00:27,11.22,--,66,74052,卖盘
565,14:00:17,11.22,-0.01,3,3366,卖盘
566,14:00:12,11.23,0.01,3,3369,买盘
567,14:00:07,11.22,--,3,3366,卖盘
568,13:59:57,11.22,--,87,97614,卖盘
569,13:59:52,11.22,--,15,16830,卖盘
570,13:59:42,11.22,--,3,3366,卖盘
571,13:59:37,11.22,--,2,2244,卖盘
572,13:59:27,11.22,--,55,61710,卖盘
573,13:59:21,11.22,--,0,0,中性盘
574,13:59:12,11.22,--,12,13464,买盘
575,13:59:06,11.22,0.01,14,15708,中性盘
576,13:58:57,11.21,-0.01,107,119947,卖盘
577,13:58:51,11.22,--,16,17952,买盘
578,13:58:47,11.22,0.01,15,16830,买盘
579,13:58:36,11.21,--,5,5605,卖盘
580,13:58:27,11.21,--,62,69502,卖盘
581,13:58:21,11.21,--,0,0,卖盘
582,13:58:06,11.21,-0.02,110,123310,卖盘
583,13:58:02,11.23,--,3,3369,买盘
584,13:57:57,11.23,--,26,29198,买盘
585,13:57:51,11.23,0.01,26,29198,买盘
586,13:57:47,11.22,--,248,278256,买盘
587,13:57:36,11.22,--,12,13464,买盘
588,13:57:32,11.22,--,5,5610,买盘
589,13:57:27,11.22,--,157,176154,买盘
590,13:57:21,11.22,--,205,230010,买盘
591,13:57:12,11.22,--,23,25806,买盘
592,13:56:57,11.22,0.01,15,16830,买盘
593,13:56:47,11.21,--,164,183844,卖盘
594,13:56:41,11.21,--,29,32509,卖盘
595,13:56:36,11.21,0.02,400,448400,买盘
596,13:56:32,11.19,-0.01,58,64902,卖盘
597,13:56:21,11.2,--,8,8960,卖盘
598,13:56:11,11.2,--,5,5600,卖盘
599,13:56:06,11.2,--,189,211713,买盘
600,13:56:02,11.2,--,26,29119,买盘
601,13:55:56,11.2,--,15,16800,买盘
602,13:55:51,11.2,--,7,7839,买盘
603,13:55:47,11.2,--,14,15679,买盘
604,13:55:41,11.2,0.01,1,1120,买盘
605,13:55:36,11.19,-0.01,142,158898,卖盘
606,13:55:31,11.2,--,11,12320,买盘
607,13:55:26,11.2,--,4,4480,买盘
608,13:55:21,11.2,--,117,131039,买盘
609,13:55:16,11.2,--,6,6720,买盘
610,13:55:06,11.2,--,20,22400,买盘
611,13:55:01,11.2,--,30,34686,卖盘
612,13:54:56,11.2,--,23,25793,买盘
613,13:54:51,11.2,--,6,6720,买盘
614,13:54:46,11.2,--,9,10080,买盘
615,13:54:41,11.2,0.01,56,62719,买盘
616,13:54:36,11.19,-0.01,30,33570,卖盘
617,13:54:31,11.2,--,58,64959,买盘
618,13:54:16,11.2,--,54,61566,卖盘
619,13:54:06,11.2,-0.01,100,112000,卖盘
620,13:53:56,11.21,0.01,15,16815,买盘
621,13:53:51,11.2,--,50,56000,卖盘
622,13:53:46,11.2,--,59,66080,卖盘
623,13:53:41,11.2,-0.01,5,5600,卖盘
624,13:53:36,11.21,0.01,47,52687,买盘
625,13:53:31,11.2,--,55,61599,卖盘
626,13:53:21,11.2,--,35,39200,卖盘
627,13:53:16,11.2,-0.01,1,1120,卖盘
628,13:53:11,11.21,0.01,16,17936,买盘
629,13:53:01,11.2,--,96,107553,买盘
630,13:52:51,11.2,--,11,12320,买盘
631,13:52:45,11.2,--,95,107486,卖盘
632,13:52:36,11.2,--,75,84000,卖盘
633,13:52:30,11.2,--,20,22400,卖盘
634,13:52:21,11.2,--,5,5600,卖盘
635,13:52:15,11.2,--,20,22400,卖盘
636,13:52:11,11.2,--,4,4480,卖盘
637,13:52:00,11.2,--,13,14559,卖盘
638,13:51:56,11.2,--,61,68320,卖盘
639,13:51:51,11.2,--,4,4513,买盘
640,13:51:45,11.2,--,59,66080,买盘
641,13:51:41,11.2,--,2,2240,买盘
642,13:51:36,11.2,--,6,6720,买盘
643,13:51:30,11.2,--,23,25760,买盘
644,13:51:21,11.2,-0.01,83,94046,卖盘
645,13:51:15,11.21,0.01,73,81833,买盘
646,13:51:06,11.2,--,40,44800,卖盘
647,13:50:55,11.2,--,11,12320,卖盘
648,13:50:51,11.2,--,245,274433,买盘
649,13:50:45,11.2,--,50,56000,买盘
650,13:50:41,11.2,--,80,89600,买盘
651,13:50:36,11.2,--,33,36960,买盘
652,13:50:30,11.2,0.01,51,57120,买盘
653,13:50:26,11.19,--,7,7833,卖盘
654,13:50:21,11.19,--,112,125328,卖盘
655,13:50:15,11.19,--,30,33570,卖盘
656,13:50:11,11.19,-0.01,15,16785,卖盘
657,13:50:05,11.2,--,15,16800,买盘
658,13:50:00,11.2,0.01,8,8960,买盘
659,13:49:56,11.19,--,26,29094,买盘
660,13:49:51,11.19,--,21,23499,买盘
661,13:49:45,11.19,--,85,95115,买盘
662,13:49:41,11.19,0.01,12,13428,买盘
663,13:49:36,11.18,--,231,258258,卖盘
664,13:49:30,11.18,--,8,8944,卖盘
665,13:49:26,11.18,--,22,24596,卖盘
666,13:49:20,11.18,--,10,11180,卖盘
667,13:49:15,11.18,0.01,300,335400,买盘
668,13:49:10,11.17,-0.01,72,80424,卖盘
669,13:49:05,11.18,0.01,28,31304,买盘
670,13:48:55,11.17,--,313,349621,卖盘
671,13:48:50,11.17,--,91,101647,买盘
672,13:48:45,11.17,--,94,104998,买盘
673,13:48:41,11.17,--,81,90477,买盘
674,13:48:35,11.17,--,181,202177,卖盘
675,13:48:30,11.17,--,51,56967,卖盘
676,13:48:26,11.17,--,197,220049,买盘
677,13:48:20,11.17,--,10,11170,买盘
678,13:48:15,11.17,--,371,414407,卖盘
679,13:48:10,11.17,--,106,118402,卖盘
680,13:48:05,11.17,-0.01,10,11170,卖盘
681,13:48:00,11.18,--,123,137514,买盘
682,13:47:55,11.18,--,178,199004,卖盘
683,13:47:50,11.18,--,700,782600,卖盘
684,13:47:45,11.18,-0.01,157,175526,卖盘
685,13:47:40,11.19,--,36,40284,买盘
686,13:47:35,11.19,--,767,858664,卖盘
687,13:47:30,11.19,--,119,133161,卖盘
688,13:47:25,11.19,--,1328,1486032,卖盘
689,13:47:20,11.19,--,94,105186,卖盘
690,13:47:15,11.19,--,105,117495,卖盘
691,13:47:10,11.19,-0.01,444,496836,卖盘
692,13:47:05,11.2,0.01,61,68320,买盘
693,13:47:00,11.19,-0.01,22,24618,卖盘
694,13:46:55,11.2,0.01,16,17920,买盘
695,13:46:50,11.19,-0.01,73,81687,卖盘
696,13:46:45,11.2,--,76,85120,买盘
697,13:46:40,11.2,--,27,30239,买盘
698,13:46:35,11.2,--,18,20160,买盘
699,13:46:30,11.2,--,108,120959,卖盘
700,13:46:25,11.2,-0.01,228,255359,卖盘
701,13:46:20,11.21,--,102,114342,买盘
702,13:46:15,11.21,--,16,17936,买盘
703,13:46:10,11.21,0.01,6,6726,中性盘
704,13:46:05,11.2,-0.01,400,448000,卖盘
705,13:46:00,11.21,0.01,14,15694,中性盘
706,13:45:55,11.2,--,110,123199,卖盘
707,13:45:50,11.2,--,0,0,卖盘
708,13:45:45,11.2,-0.02,1109,1242080,卖盘
709,13:45:40,11.22,0.01,20,22440,买盘
710,13:45:30,11.21,-0.01,135,151335,卖盘
711,13:45:25,11.22,--,16,17952,买盘
712,13:45:05,11.22,--,13,14586,买盘
713,13:45:00,11.22,0.01,1,1122,买盘
714,13:44:54,11.21,-0.01,86,96406,卖盘
715,13:44:50,11.22,--,10,11220,买盘
716,13:44:44,11.22,--,23,25806,买盘
717,13:44:39,11.22,--,100,112200,买盘
718,13:44:30,11.22,0.01,230,258060,买盘
719,13:44:24,11.21,-0.01,5,5605,卖盘
720,13:44:15,11.22,--,211,236742,买盘
721,13:44:09,11.22,0.01,102,114444,买盘
722,13:44:05,11.21,-0.01,5,5605,卖盘
723,13:43:54,11.22,--,61,68442,买盘
724,13:43:45,11.22,--,33,37026,买盘
725,13:43:39,11.22,0.01,76,85272,买盘
726,13:43:34,11.21,-0.01,94,105374,卖盘
727,13:43:30,11.22,--,30,33660,买盘
728,13:43:09,11.22,0.01,8,8976,买盘
729,13:43:04,11.21,-0.01,3,3363,卖盘
730,13:43:00,11.22,0.01,4,4488,买盘
731,13:42:54,11.21,--,10,11210,卖盘
732,13:42:39,11.21,--,100,112100,卖盘
733,13:42:34,11.21,--,31,34751,买盘
734,13:42:30,11.21,0.01,11,12331,买盘
735,13:42:24,11.2,-0.01,20,22400,卖盘
736,13:42:19,11.21,--,15,16815,买盘
737,13:42:14,11.21,--,103,115463,买盘
738,13:42:09,11.21,--,28,31388,买盘
739,13:42:00,11.21,--,14,15694,买盘
740,13:41:54,11.21,--,50,56050,买盘
741,13:41:49,11.21,0.01,10,11210,买盘
742,13:41:44,11.2,-0.01,444,497279,卖盘
743,13:41:39,11.21,--,42,47082,买盘
744,13:41:34,11.21,--,43,48203,买盘
745,13:41:29,11.21,--,24,26904,买盘
746,13:41:24,11.21,-0.01,18,20178,卖盘
747,13:41:19,11.22,0.01,95,106590,买盘
748,13:41:08,11.21,-0.01,93,104253,卖盘
749,13:40:59,11.22,--,34,38148,买盘
750,13:40:53,11.22,--,27,30294,买盘
751,13:40:49,11.22,--,15,16830,买盘
752,13:40:44,11.22,0.01,5,5610,买盘
753,13:40:38,11.21,--,14,15694,卖盘
754,13:40:34,11.21,-0.01,26,29146,买盘
755,13:40:29,11.22,--,0,0,买盘
756,13:40:24,11.22,--,255,286110,买盘
757,13:40:19,11.22,0.01,30,33660,买盘
758,13:40:14,11.21,-0.01,87,97527,卖盘
759,13:40:08,11.22,--,21,23562,买盘
760,13:40:04,11.22,--,10,11220,买盘
761,13:39:59,11.22,0.01,10,11220,买盘
762,13:39:53,11.21,0.01,224,251104,卖盘
763,13:39:49,11.2,-0.01,820,918399,卖盘
764,13:39:44,11.21,-0.01,10,11210,卖盘
765,13:39:38,11.22,0.01,41,46002,买盘
766,13:39:34,11.21,0.01,16,17936,买盘
767,13:39:29,11.2,-0.01,70,78400,卖盘
768,13:39:23,11.21,--,10,11210,买盘
769,13:39:19,11.21,--,43,48203,买盘
770,13:39:14,11.21,--,135,151335,卖盘
771,13:39:08,11.21,-0.01,18,20178,卖盘
772,13:39:04,11.22,--,59,66198,买盘
773,13:38:59,11.22,--,40,44880,买盘
774,13:38:53,11.22,--,15,16830,买盘
775,13:38:49,11.22,--,20,22440,买盘
776,13:38:38,11.22,--,18,20196,卖盘
777,13:38:34,11.22,--,12,13464,买盘
778,13:38:29,11.22,0.02,10,11220,买盘
779,13:38:23,11.2,--,338,378560,卖盘
780,13:38:19,11.2,--,5,5600,卖盘
781,13:38:08,11.2,--,159,178460,买盘
782,13:38:04,11.2,--,128,143360,买盘
783,13:37:59,11.2,--,386,432320,买盘
784,13:37:53,11.2,--,15,16800,买盘
785,13:37:49,11.2,-0.02,1862,2086179,卖盘
786,13:37:44,11.22,-0.01,17,19074,卖盘
787,13:37:38,11.23,--,98,110054,买盘
788,13:37:34,11.23,--,45,50535,买盘
789,13:37:29,11.23,--,18,20214,买盘
790,13:37:23,11.23,--,5,5615,买盘
791,13:37:19,11.23,--,137,153851,卖盘
792,13:37:14,11.23,--,405,454815,卖盘
793,13:37:08,11.23,-0.01,61,68503,卖盘
794,13:37:04,11.24,--,20,22480,买盘
795,13:36:59,11.24,--,8,8992,买盘
796,13:36:53,11.24,-0.01,23,25852,卖盘
797,13:36:47,11.25,--,16,18000,买盘
798,13:36:44,11.25,--,100,112500,买盘
799,13:36:38,11.25,0.01,63,70875,买盘
800,13:36:32,11.24,--,230,258520,卖盘
801,13:36:28,11.24,-0.01,34,38216,卖盘
802,13:36:17,11.25,--,16,18000,买盘
803,13:36:14,11.25,-0.01,912,1026000,卖盘
804,13:36:08,11.26,--,3,3378,买盘
805,13:36:02,11.26,-0.01,10,11260,买盘
806,13:35:59,11.27,0.01,142,160034,买盘
807,13:35:53,11.26,--,36,40536,卖盘
808,13:35:47,11.26,--,144,162144,卖盘
809,13:35:32,11.26,--,1,1126,卖盘
810,13:35:28,11.26,-0.01,5,5630,卖盘
811,13:35:23,11.27,--,1,1127,买盘
812,13:35:17,11.27,0.01,86,96922,买盘
813,13:35:13,11.26,-0.01,6,6756,卖盘
814,13:35:02,11.27,--,50,56350,买盘
815,13:34:58,11.27,--,3,3381,买盘
816,13:34:53,11.27,--,7,7889,买盘
817,13:34:47,11.27,--,80,90160,买盘
818,13:34:23,11.27,-0.01,11,12397,买盘
819,13:34:17,11.28,0.01,5,5640,买盘
820,13:34:13,11.27,--,10,11270,买盘
821,13:34:08,11.27,--,121,136367,卖盘
822,13:34:02,11.27,--,257,289639,卖盘
823,13:33:53,11.27,-0.01,200,225400,卖盘
824,13:33:47,11.28,--,25,28200,买盘
825,13:33:43,11.28,--,4,4512,买盘
826,13:33:38,11.28,--,60,67680,买盘
827,13:33:32,11.28,-0.01,193,217704,卖盘
828,13:33:28,11.29,0.01,8,9032,买盘
829,13:33:23,11.28,-0.01,8,9024,卖盘
830,13:33:17,11.29,--,49,55320,买盘
831,13:33:13,11.29,--,118,133222,买盘
832,13:33:08,11.29,--,10,11290,买盘
833,13:33:02,11.29,--,224,252895,买盘
834,13:32:58,11.29,--,3,3386,买盘
835,13:32:53,11.29,--,5,5645,买盘
836,13:32:47,11.29,0.01,104,117415,买盘
837,13:32:43,11.28,-0.01,23,25944,卖盘
838,13:32:32,11.29,0.01,144,162576,买盘
839,13:32:28,11.28,-0.01,33,37224,卖盘
840,13:32:17,11.29,0.01,534,602886,买盘
841,13:32:13,11.28,--,313,353064,卖盘
842,13:32:08,11.28,--,30,33840,卖盘
843,13:32:02,11.28,0.01,399,450072,买盘
844,13:31:53,11.27,-0.01,21,23667,卖盘
845,13:31:47,11.28,--,124,139872,买盘
846,13:31:43,11.28,--,1,1128,买盘
847,13:31:38,11.28,-0.01,71,80088,卖盘
848,13:31:32,11.29,--,35,39515,买盘
849,13:31:28,11.29,0.01,26,29353,买盘
850,13:31:17,11.28,--,126,142128,买盘
851,13:31:13,11.28,--,53,59784,买盘
852,13:31:08,11.28,--,20,22560,买盘
853,13:31:02,11.28,--,2,2256,买盘
854,13:30:47,11.28,--,86,97008,卖盘
855,13:30:43,11.28,-0.01,22,24816,卖盘
856,13:30:38,11.29,0.01,11,12418,买盘
857,13:30:32,11.28,-0.01,63,71064,卖盘
858,13:30:28,11.29,0.01,66,74514,买盘
859,13:30:23,11.28,--,4,4692,卖盘
860,13:30:17,11.28,-0.01,4,4512,卖盘
861,13:30:13,11.29,0.01,180,203219,买盘
862,13:30:02,11.28,--,52,58656,卖盘
863,13:29:58,11.28,-0.01,26,29328,卖盘
864,13:29:53,11.29,0.01,35,39515,买盘
865,13:29:47,11.28,--,54,61859,买盘
866,13:29:43,11.28,--,11,12408,买盘
867,13:29:32,11.28,--,62,69936,买盘
868,13:29:28,11.28,--,61,68808,买盘
869,13:29:23,11.28,--,52,58656,买盘
870,13:29:13,11.28,--,0,0,买盘
871,13:29:08,11.28,0.01,42,47376,买盘
872,13:29:02,11.27,-0.01,315,355185,卖盘
873,13:28:58,11.28,--,27,30456,买盘
874,13:28:53,11.28,--,9,10152,买盘
875,13:28:47,11.28,0.01,26,29328,买盘
876,13:28:38,11.27,-0.01,5,5635,卖盘
877,13:28:32,11.28,--,19,21432,买盘
878,13:28:26,11.28,--,10,11280,买盘
879,13:28:23,11.28,--,31,34968,买盘
880,13:28:07,11.28,--,3,3384,买盘
881,13:28:02,11.28,--,11,12408,卖盘
882,13:27:56,11.28,--,21,23688,卖盘
883,13:27:52,11.28,0.01,33,37224,买盘
884,13:27:47,11.27,--,10,11270,卖盘
885,13:27:41,11.27,-0.01,250,281750,卖盘
886,13:27:37,11.28,--,63,71064,买盘
887,13:27:32,11.28,--,32,36096,买盘
888,13:27:26,11.28,--,58,65423,买盘
889,13:27:17,11.28,0.01,19,21432,买盘
890,13:27:11,11.27,--,12,13524,卖盘
891,13:27:07,11.27,--,10,11270,卖盘
892,13:27:02,11.27,--,23,26867,买盘
893,13:26:56,11.27,--,14,15778,买盘
894,13:26:52,11.27,--,15,16905,买盘
895,13:26:47,11.27,--,61,68747,买盘
896,13:26:41,11.27,--,38,42826,买盘
897,13:26:32,11.27,--,30,33810,买盘
898,13:26:26,11.27,0.01,26,29302,买盘
899,13:26:17,11.26,--,2,2252,卖盘
900,13:26:11,11.26,--,60,67560,卖盘
901,13:26:07,11.26,-0.01,20,22520,卖盘
902,13:26:02,11.27,--,13,14651,买盘
903,13:25:56,11.27,0.01,38,42826,买盘
904,13:25:52,11.26,-0.01,21,23646,卖盘
905,13:25:47,11.27,0.01,96,108192,买盘
906,13:25:37,11.26,-0.01,12,13512,卖盘
907,13:25:26,11.27,0.01,108,121716,买盘
908,13:25:17,11.26,--,30,33780,卖盘
909,13:25:11,11.26,--,20,22520,卖盘
910,13:25:07,11.26,-0.01,12,13512,卖盘
911,13:25:02,11.27,0.01,7,7889,买盘
912,13:24:56,11.26,--,8,9008,卖盘
913,13:24:52,11.26,-0.01,5,5630,卖盘
914,13:24:41,11.27,--,63,71001,买盘
915,13:24:37,11.27,0.01,50,56350,买盘
916,13:24:26,11.26,-0.01,152,171152,卖盘
917,13:24:22,11.27,--,59,66493,买盘
918,13:24:07,11.27,0.01,110,123970,买盘
919,13:24:01,11.26,-0.01,26,29276,卖盘
920,13:23:56,11.27,0.01,17,19159,买盘
921,13:23:52,11.26,-0.01,110,123860,卖盘
922,13:23:37,11.27,--,55,61985,买盘
923,13:23:26,11.27,--,97,109319,买盘
924,13:23:22,11.27,--,67,76399,卖盘
925,13:23:11,11.27,--,100,112700,卖盘
926,13:23:07,11.27,--,2,2254,卖盘
927,13:22:56,11.27,--,38,42826,卖盘
928,13:22:41,11.27,--,41,46207,卖盘
929,13:22:37,11.27,--,153,172431,卖盘
930,13:22:31,11.27,--,10,11270,卖盘
931,13:22:26,11.27,-0.01,127,143129,卖盘
932,13:22:22,11.28,0.01,13,14664,买盘
933,13:22:11,11.27,--,2,2254,卖盘
934,13:22:07,11.27,-0.01,164,184828,卖盘
935,13:21:56,11.28,0.01,32,36096,买盘
936,13:21:52,11.27,-0.01,65,73255,卖盘
937,13:21:46,11.28,--,20,22560,买盘
938,13:21:41,11.28,--,7,7896,买盘
939,13:21:37,11.28,-0.01,119,134232,卖盘
940,13:21:31,11.29,--,7,7902,买盘
941,13:21:26,11.29,0.01,100,112899,买盘
942,13:21:21,11.28,--,110,124080,卖盘
943,13:21:16,11.28,-0.01,12,13536,卖盘
944,13:21:11,11.29,0.01,74,83546,买盘
945,13:21:06,11.28,--,20,22560,卖盘
946,13:20:56,11.28,0.01,278,313820,买盘
947,13:20:51,11.27,-0.01,51,57477,卖盘
948,13:20:41,11.28,--,13,14664,买盘
949,13:20:35,11.28,0.01,127,143256,买盘
950,13:20:26,11.27,-0.01,20,22540,卖盘
951,13:20:20,11.28,0.01,1,1128,买盘
952,13:20:16,11.27,--,9,10143,卖盘
953,13:20:11,11.27,--,5,5635,卖盘
954,13:20:05,11.27,0.01,274,308798,买盘
955,13:20:01,11.26,--,290,326540,卖盘
956,13:19:56,11.26,--,17,19142,卖盘
957,13:19:50,11.26,-0.01,9,10134,卖盘
958,13:19:46,11.27,--,22,24794,买盘
959,13:19:41,11.27,--,25,28175,买盘
960,13:19:35,11.27,--,132,148764,买盘
961,13:19:31,11.27,--,4,4508,买盘
962,13:19:26,11.27,-0.01,315,355005,卖盘
963,13:19:20,11.28,--,24,27072,买盘
964,13:19:16,11.28,--,51,57528,买盘
965,13:19:11,11.28,0.01,96,108288,买盘
966,13:19:05,11.27,--,114,128478,卖盘
967,13:19:01,11.27,-0.01,20,22540,卖盘
968,13:18:56,11.28,--,20,22560,买盘
969,13:18:50,11.28,0.01,5,5640,买盘
970,13:18:46,11.27,-0.01,78,87906,卖盘
971,13:18:41,11.28,--,141,159048,买盘
972,13:18:35,11.28,--,3,3384,买盘
973,13:18:20,11.28,--,107,120696,买盘
974,13:18:16,11.28,--,37,41736,买盘
975,13:18:11,11.28,--,40,45120,卖盘
976,13:18:05,11.28,0.01,30,33840,卖盘
977,13:18:01,11.27,-0.01,794,894838,卖盘
978,13:17:56,11.28,--,76,85728,买盘
979,13:17:50,11.28,--,45,50760,买盘
980,13:17:46,11.28,--,1,1128,买盘
981,13:17:41,11.28,0.01,16,18048,买盘
982,13:17:35,11.27,-0.01,32,36064,卖盘
983,13:17:31,11.28,--,26,29328,买盘
984,13:17:26,11.28,--,45,50760,买盘
985,13:17:20,11.28,--,1,1128,买盘
986,13:17:11,11.28,--,54,60912,买盘
987,13:17:05,11.28,0.01,33,37224,买盘
988,13:17:01,11.27,-0.01,39,43953,卖盘
989,13:16:55,11.28,--,15,16920,买盘
990,13:16:50,11.28,0.01,10,11280,买盘
991,13:16:46,11.27,--,50,56350,卖盘
992,13:16:35,11.27,--,24,27048,卖盘
993,13:16:31,11.27,-0.01,132,148764,卖盘
994,13:16:25,11.28,--,2,2256,买盘
995,13:16:20,11.28,--,345,389160,买盘
996,13:16:16,11.28,--,403,454584,买盘
997,13:16:10,11.28,0.01,57,64295,买盘
998,13:16:05,11.27,--,90,101430,卖盘
999,13:16:01,11.27,-0.01,35,39445,卖盘
1000,13:15:55,11.28,--,1,1128,买盘
1001,13:15:50,11.28,--,10,11280,买盘
1002,13:15:46,11.28,--,20,22560,买盘
1003,13:15:40,11.28,0.01,18,20304,买盘
1004,13:15:35,11.27,-0.01,32,36064,卖盘
1005,13:15:25,11.28,--,77,86856,买盘
1006,13:15:20,11.28,0.01,56,63168,买盘
1007,13:15:15,11.27,-0.01,4,4508,卖盘
1008,13:15:10,11.28,--,78,88987,卖盘
1009,13:15:05,11.28,--,357,402820,卖盘
1010,13:15:00,11.28,--,70,78960,卖盘
1011,13:14:50,11.28,--,55,62040,卖盘
1012,13:14:45,11.28,-0.01,36,40608,卖盘
1013,13:14:40,11.29,--,32,36128,买盘
1014,13:14:35,11.29,--,35,39515,买盘
1015,13:14:30,11.29,--,10,11290,买盘
1016,13:14:25,11.29,--,47,53062,买盘
1017,13:14:20,11.29,--,11,12418,买盘
1018,13:14:15,11.29,--,32,36128,卖盘
1019,13:14:10,11.29,--,48,54191,卖盘
1020,13:14:05,11.29,--,3,3386,卖盘
1021,13:14:00,11.29,--,45,50804,买盘
1022,13:13:55,11.29,--,42,47418,买盘
1023,13:13:50,11.29,--,60,67740,买盘
1024,13:13:45,11.29,-0.01,32,36128,卖盘
1025,13:13:40,11.3,0.01,13,14690,买盘
1026,13:13:35,11.29,--,1,1129,卖盘
1027,13:13:30,11.29,--,189,213380,买盘
1028,13:13:20,11.29,0.01,3,3386,买盘
1029,13:13:15,11.28,--,3,3384,卖盘
1030,13:13:10,11.28,--,112,126336,卖盘
1031,13:13:05,11.28,--,7,7896,卖盘
1032,13:13:00,11.28,-0.01,288,324864,卖盘
1033,13:12:55,11.29,0.01,94,106125,买盘
1034,13:12:50,11.28,-0.01,6,6768,卖盘
1035,13:12:45,11.29,0.01,20,22580,买盘
1036,13:12:35,11.28,-0.01,11,12408,卖盘
1037,13:12:29,11.29,--,176,198703,买盘
1038,13:12:25,11.29,--,30,33870,买盘
1039,13:12:20,11.29,--,47,53062,买盘
1040,13:12:14,11.29,-0.01,557,628853,卖盘
1041,13:12:10,11.3,0.01,18,20340,买盘
1042,13:12:05,11.29,-0.01,43,48546,卖盘
1043,13:11:59,11.3,--,7,7910,卖盘
1044,13:11:55,11.3,--,14,15820,卖盘
1045,13:11:50,11.3,--,833,941290,买盘
1046,13:11:44,11.3,--,141,159330,买盘
1047,13:11:40,11.3,0.01,18,20340,买盘
1048,13:11:35,11.29,--,20,22580,卖盘
1049,13:11:29,11.29,-0.01,47,53062,卖盘
1050,13:11:20,11.3,0.01,531,600030,买盘
1051,13:11:10,11.29,--,10,11290,买盘
1052,13:11:05,11.29,--,13,14676,买盘
1053,13:10:59,11.29,--,53,59836,买盘
1054,13:10:55,11.29,--,7,7902,买盘
1055,13:10:50,11.29,--,13,14676,买盘
1056,13:10:44,11.29,--,325,366925,买盘
1057,13:10:40,11.29,--,32,36128,买盘
1058,13:10:35,11.29,--,108,121931,买盘
1059,13:10:29,11.29,-0.01,183,206606,卖盘
1060,13:10:25,11.3,--,0,0,买盘
1061,13:10:20,11.3,0.01,533,602290,买盘
1062,13:10:14,11.29,--,187,211122,买盘
1063,13:10:10,11.29,--,10,11290,卖盘
1064,13:10:05,11.29,-0.01,166,187414,卖盘
1065,13:09:59,11.3,--,11,12430,买盘
1066,13:09:55,11.3,--,17,19210,买盘
1067,13:09:50,11.3,0.02,24,27120,买盘
1068,13:09:44,11.28,-0.01,24,27072,卖盘
1069,13:09:40,11.29,--,81,91449,买盘
1070,13:09:35,11.29,--,128,144512,买盘
1071,13:09:29,11.29,--,24,27095,买盘
1072,13:09:20,11.29,--,54,60965,买盘
1073,13:09:14,11.29,--,47,53062,买盘
1074,13:09:10,11.29,0.01,36,40644,买盘
1075,13:09:05,11.28,--,7,7896,卖盘
1076,13:08:59,11.28,-0.01,15,16920,卖盘
1077,13:08:55,11.29,0.01,15,16935,买盘
1078,13:08:49,11.28,-0.01,70,78960,卖盘
1079,13:08:44,11.29,0.01,10,11290,买盘
1080,13:08:40,11.28,--,45,50760,卖盘
1081,13:08:29,11.28,-0.01,50,56400,卖盘
1082,13:08:25,11.29,--,41,46289,买盘
1083,13:08:14,11.29,--,59,66611,买盘
1084,13:08:10,11.29,--,189,213380,买盘
1085,13:08:04,11.29,--,10,11290,买盘
1086,13:07:59,11.29,--,122,137738,买盘
1087,13:07:55,11.29,--,14,15805,买盘
1088,13:07:49,11.29,0.01,56,63223,买盘
1089,13:07:44,11.28,-0.01,9,10152,卖盘
1090,13:07:39,11.29,--,115,129834,买盘
1091,13:07:29,11.29,0.01,260,293540,买盘
1092,13:07:24,11.28,-0.01,264,297792,卖盘
1093,13:07:19,11.29,--,15,16935,买盘
1094,13:07:14,11.29,--,11,12418,买盘
1095,13:07:09,11.29,--,27,30482,买盘
1096,13:07:04,11.29,-0.01,98,110641,卖盘
1097,13:06:59,11.3,--,9,10170,买盘
1098,13:06:54,11.3,--,84,94920,买盘
1099,13:06:49,11.3,--,37,41810,买盘
1100,13:06:44,11.3,--,87,98310,买盘
1101,13:06:39,11.3,0.01,36,40680,买盘
1102,13:06:34,11.29,--,11,12418,卖盘
1103,13:06:29,11.29,--,120,135480,卖盘
1104,13:06:24,11.29,--,46,51933,卖盘
1105,13:06:19,11.29,-0.01,70,79030,卖盘
1106,13:06:14,11.3,--,61,68930,买盘
1107,13:06:09,11.3,--,40,45200,买盘
1108,13:06:04,11.3,--,115,129950,卖盘
1109,13:05:59,11.3,--,318,359340,卖盘
1110,13:05:54,11.3,-0.01,2,2260,卖盘
1111,13:05:49,11.31,0.01,147,166257,买盘
1112,13:05:44,11.3,--,556,628280,卖盘
1113,13:05:39,11.3,--,192,216960,买盘
1114,13:05:34,11.3,--,108,122040,买盘
1115,13:05:29,11.3,--,114,128820,卖盘
1116,13:05:24,11.3,--,60,67800,卖盘
1117,13:05:19,11.3,--,11,12430,卖盘
1118,13:05:14,11.3,-0.01,615,694950,中性盘
1119,13:05:09,11.31,--,44,49764,买盘
1120,13:05:04,11.31,-0.01,21,23751,中性盘
1121,13:04:59,11.32,--,421,476572,买盘
1122,13:04:54,11.32,--,480,543360,买盘
1123,13:04:49,11.32,-0.01,171,193572,卖盘
1124,13:04:44,11.33,0.01,537,608421,买盘
1125,13:04:39,11.32,--,1252,1417264,买盘
1126,13:04:34,11.32,--,205,232060,买盘
1127,13:04:29,11.32,--,249,281868,买盘
1128,13:04:23,11.32,--,180,203760,买盘
1129,13:04:19,11.32,--,22,24904,买盘
1130,13:04:14,11.32,--,174,196968,买盘
1131,13:04:08,11.32,--,115,130180,买盘
1132,13:04:04,11.32,0.01,25,28300,买盘
1133,13:03:59,11.31,-0.02,118,133458,卖盘
1134,13:03:53,11.33,0.03,11,12463,买盘
1135,13:03:49,11.3,-0.03,32,36160,卖盘
1136,13:03:44,11.33,0.03,1284,1454772,买盘
1137,13:03:38,11.3,--,39,44070,买盘
1138,13:03:34,11.3,0.02,17,19210,买盘
1139,13:03:29,11.28,-0.02,596,672288,卖盘
1140,13:03:23,11.3,0.01,290,327700,买盘
1141,13:03:19,11.29,--,63,71127,买盘
1142,13:03:08,11.29,0.01,384,433535,买盘
1143,13:03:04,11.28,--,96,108288,买盘
1144,13:02:59,11.28,--,2260,2549280,卖盘
1145,13:02:53,11.28,-0.01,78,87984,卖盘
1146,13:02:49,11.29,-0.01,55,62094,买盘
1147,13:02:44,11.3,--,94,106220,买盘
1148,13:02:38,11.3,0.01,659,744670,买盘
1149,13:02:34,11.29,-0.01,860,970939,卖盘
1150,13:02:29,11.3,--,385,435050,卖盘
1151,13:02:23,11.3,--,129,145770,卖盘
1152,13:02:19,11.3,-0.01,10,11300,卖盘
1153,13:02:14,11.31,0.01,666,753246,买盘
1154,13:02:08,11.3,--,280,316445,卖盘
1155,13:02:04,11.3,--,159,180754,买盘
1156,13:01:59,11.3,0.01,794,897220,买盘
1157,13:01:53,11.29,--,153,172737,卖盘
1158,13:01:49,11.29,-0.01,250,282250,卖盘
1159,13:01:44,11.3,0.01,435,491550,买盘
1160,13:01:38,11.29,--,272,307088,买盘
1161,13:01:34,11.29,--,335,378215,买盘
1162,13:01:29,11.29,0.01,115,129834,买盘
1163,13:01:23,11.28,--,153,172584,买盘
1164,13:01:19,11.28,--,285,321480,买盘
1165,13:01:13,11.28,0.01,443,499704,买盘
1166,13:01:08,11.27,-0.01,162,182574,卖盘
1167,13:01:04,11.28,0.01,119,134232,买盘
1168,13:00:58,11.27,0.01,76,85652,买盘
1169,13:00:53,11.26,--,242,272492,卖盘
1170,13:00:48,11.26,--,349,392974,卖盘
1171,13:00:43,11.26,--,70,79304,买盘
1172,13:00:38,11.26,--,281,317047,卖盘
1173,13:00:33,11.26,--,98,110832,买盘
1174,13:00:28,11.26,--,445,501070,买盘
1175,13:00:23,11.26,0.01,1150,1294900,买盘
1176,13:00:18,11.25,--,57,64125,买盘
1177,13:00:13,11.25,0.01,830,933750,买盘
1178,13:00:08,11.24,0.01,825,927862,买盘
1179,13:00:04,11.23,--,476,535255,买盘
1180,11:30:00,11.23,--,0,0,买盘
1181,11:29:59,11.23,--,0,0,买盘
1182,11:29:54,11.23,0.01,11,12353,买盘
1183,11:29:50,11.22,-0.01,18,20196,卖盘
1184,11:29:39,11.23,0.01,473,531179,买盘
1185,11:29:29,11.22,--,61,68442,买盘
1186,11:29:24,11.22,--,268,300696,买盘
1187,11:29:20,11.22,--,20,22440,买盘
1188,11:29:09,11.22,--,11,12342,买盘
1189,11:29:04,11.22,-0.01,100,112200,中性盘
1190,11:28:54,11.23,0.02,500,561500,买盘
1191,11:28:49,11.21,-0.02,57,63897,卖盘
1192,11:28:44,11.23,--,6,6738,买盘
1193,11:28:39,11.23,--,1,1123,买盘
1194,11:28:29,11.23,--,11,12353,买盘
1195,11:28:19,11.23,0.01,44,49412,买盘
1196,11:28:09,11.22,--,20,22440,卖盘
1197,11:28:04,11.22,--,21,23562,卖盘
1198,11:27:59,11.22,--,19,21318,卖盘
1199,11:27:49,11.22,-0.01,11,12342,卖盘
1200,11:27:44,11.23,0.01,11,12353,买盘
1201,11:27:39,11.22,-0.01,10,11220,卖盘
1202,11:27:34,11.23,0.02,128,143744,买盘
1203,11:27:29,11.21,-0.01,6,6726,卖盘
1204,11:27:09,11.22,--,3,3366,买盘
1205,11:26:54,11.22,0.01,8,8976,买盘
1206,11:26:34,11.21,-0.01,10,11210,卖盘
1207,11:26:29,11.22,0.01,6,6732,买盘
1208,11:26:19,11.21,-0.01,5,5616,卖盘
1209,11:26:04,11.22,0.01,506,567732,卖盘
1210,11:25:48,11.21,-0.01,31,34751,卖盘
1211,11:25:44,11.22,0.01,21,23562,买盘
1212,11:25:39,11.21,--,0,0,卖盘
1213,11:25:33,11.21,-0.02,255,285855,卖盘
1214,11:25:29,11.23,--,10,11230,买盘
1215,11:25:24,11.23,0.01,44,49412,买盘
1216,11:25:18,11.22,--,135,151470,卖盘
1217,11:25:09,11.22,--,17,19074,卖盘
1218,11:24:54,11.22,--,55,61710,买盘
1219,11:24:48,11.22,--,78,87516,买盘
1220,11:24:39,11.22,--,45,50490,买盘
1221,11:24:33,11.22,--,56,62832,买盘
1222,11:24:24,11.22,-0.01,293,328746,卖盘
1223,11:24:14,11.23,0.01,1,1123,买盘
1224,11:24:09,11.22,--,2,2244,卖盘
1225,11:23:54,11.22,--,36,40392,卖盘
1226,11:23:44,11.22,-0.01,3,3366,卖盘
1227,11:23:38,11.23,0.01,1,1123,买盘
1228,11:23:33,11.22,0.01,6,6732,卖盘
1229,11:23:29,11.21,-0.01,30,33630,卖盘
1230,11:23:23,11.22,--,32,35904,卖盘
1231,11:23:14,11.22,0.01,11,12342,买盘
1232,11:23:08,11.21,-0.01,22,24662,卖盘
1233,11:23:03,11.22,--,43,48246,买盘
1234,11:22:59,11.22,--,15,16830,买盘
1235,11:22:53,11.22,--,35,39270,买盘
1236,11:22:48,11.22,--,3,3366,买盘
1237,11:22:43,11.22,--,28,31416,买盘
1238,11:22:38,11.22,--,53,59466,买盘
1239,11:22:33,11.22,--,82,92004,买盘
1240,11:22:29,11.22,--,1,1122,买盘
1241,11:22:23,11.22,--,9,10098,买盘
1242,11:22:13,11.22,--,70,78540,买盘
1243,11:22:03,11.22,--,1,1122,买盘
1244,11:21:58,11.22,-0.01,788,884977,卖盘
1245,11:21:48,11.23,-0.01,35,39305,卖盘
1246,11:21:33,11.24,0.01,6,6744,买盘
1247,11:21:23,11.23,--,48,53904,卖盘
1248,11:21:18,11.23,--,0,224,买盘
1249,11:21:13,11.23,--,95,106685,买盘
1250,11:20:58,11.23,--,224,251552,买盘
1251,11:20:48,11.23,--,15,16845,买盘
1252,11:20:38,11.23,--,5,5615,买盘
1253,11:20:28,11.23,0.01,17,19091,买盘
1254,11:20:13,11.22,-0.01,78,87516,卖盘
1255,11:20:03,11.23,--,6,6738,买盘
1256,11:19:58,11.23,--,20,22460,买盘
1257,11:19:48,11.23,--,11,12353,买盘
1258,11:19:43,11.23,--,10,11230,买盘
1259,11:19:38,11.23,0.01,8,8984,买盘
1260,11:19:23,11.22,-0.01,20,22440,卖盘
1261,11:19:18,11.23,--,11,12353,买盘
1262,11:19:12,11.23,0.01,20,22460,买盘
1263,11:19:03,11.22,-0.01,1,1122,卖盘
1264,11:18:53,11.23,0.01,20,22460,买盘
1265,11:18:48,11.22,-0.01,170,191637,卖盘
1266,11:18:42,11.23,--,3,3369,卖盘
1267,11:18:38,11.23,--,50,56150,卖盘
1268,11:18:33,11.23,-0.01,2,2246,卖盘
1269,11:18:27,11.24,--,41,46084,买盘
1270,11:18:23,11.24,0.01,1,1124,买盘
1271,11:18:18,11.23,--,137,154131,买盘
1272,11:18:12,11.23,0.01,20,22460,买盘
1273,11:18:03,11.22,--,16,17952,卖盘
1274,11:17:57,11.22,--,7,7854,卖盘
1275,11:17:48,11.22,--,3,3366,卖盘
1276,11:17:33,11.22,-0.01,18,20196,买盘
1277,11:17:27,11.23,0.01,7,7861,买盘
1278,11:17:18,11.22,--,35,39270,买盘
1279,11:17:12,11.22,-0.01,172,193881,卖盘
1280,11:17:08,11.23,--,6,6738,卖盘
1281,11:17:03,11.23,--,348,390804,买盘
1282,11:16:57,11.23,--,30,33690,买盘
1283,11:16:53,11.23,0.01,22,24706,买盘
1284,11:16:42,11.22,-0.01,4,4488,卖盘
1285,11:16:38,11.23,--,1,1123,买盘
1286,11:16:32,11.23,--,6,6738,买盘
1287,11:16:23,11.23,--,10,11230,买盘
1288,11:16:17,11.23,--,73,81979,买盘
1289,11:16:12,11.23,--,30,33690,买盘
1290,11:16:02,11.23,--,24,26952,买盘
1291,11:15:53,11.23,0.01,18,20214,买盘
1292,11:15:27,11.22,--,17,19074,卖盘
1293,11:15:22,11.22,-0.01,63,70686,卖盘
1294,11:15:12,11.23,--,2,2246,买盘
1295,11:15:07,11.23,0.01,5,5615,买盘
1296,11:15:02,11.22,-0.01,20,22440,卖盘
1297,11:14:57,11.23,0.01,16,17968,买盘
1298,11:14:27,11.22,--,22,24684,卖盘
1299,11:14:22,11.22,0.01,74,83252,买盘
1300,11:14:17,11.21,-0.01,31,34751,卖盘
1301,11:14:07,11.22,0.01,45,50490,买盘
1302,11:14:02,11.21,--,2,2242,卖盘
1303,11:13:56,11.21,-0.01,44,49324,卖盘
1304,11:13:42,11.22,0.01,180,201960,买盘
1305,11:13:37,11.21,--,5,5605,卖盘
1306,11:13:22,11.21,-0.01,100,112100,卖盘
1307,11:13:17,11.22,0.01,11,12342,买盘
1308,11:13:12,11.21,-0.01,1,1121,卖盘
1309,11:12:57,11.22,--,100,112200,买盘
1310,11:12:52,11.22,0.01,72,80784,买盘
1311,11:12:36,11.21,--,40,44840,卖盘
1312,11:12:17,11.21,--,7,7847,买盘
1313,11:11:57,11.21,--,3,3363,买盘
1314,11:11:51,11.21,-0.01,25,28025,卖盘
1315,11:11:47,11.22,--,7,7854,买盘
1316,11:11:32,11.22,--,22,24684,买盘
1317,11:11:21,11.22,--,0,0,买盘
1318,11:11:17,11.22,--,110,123420,买盘
1319,11:11:06,11.22,0.01,18,20196,买盘
1320,11:11:02,11.21,--,10,11210,卖盘
1321,11:10:57,11.21,--,113,126673,买盘
1322,11:10:51,11.21,-0.01,75,84075,卖盘
1323,11:10:42,11.22,0.01,30,33660,买盘
1324,11:10:36,11.21,--,31,34751,卖盘
1325,11:10:27,11.21,--,12,13452,卖盘
1326,11:10:12,11.21,--,65,72865,买盘
1327,11:10:06,11.21,--,21,23541,买盘
1328,11:10:02,11.21,--,14,15694,买盘
1329,11:09:57,11.21,--,11,12331,买盘
1330,11:09:36,11.21,-0.01,2,2242,买盘
1331,11:09:27,11.22,0.02,13,14586,买盘
1332,11:09:21,11.2,-0.01,162,181440,卖盘
1333,11:09:16,11.21,--,13,14573,买盘
1334,11:09:11,11.21,--,17,19057,买盘
1335,11:09:06,11.21,--,7,7847,买盘
1336,11:09:01,11.21,0.01,14,15694,买盘
1337,11:08:56,11.2,-0.01,10,11200,卖盘
1338,11:08:46,11.21,--,10,11210,买盘
1339,11:08:41,11.21,-0.01,14,15694,中性盘
1340,11:08:36,11.22,0.02,52,58725,买盘
1341,11:08:21,11.2,-0.01,130,145600,卖盘
1342,11:08:16,11.21,0.01,2,2242,买盘
1343,11:08:06,11.2,-0.01,4,4480,卖盘
1344,11:08:01,11.21,0.01,299,335179,买盘
1345,11:07:51,11.2,-0.01,5,5600,卖盘
1346,11:07:41,11.21,--,15,16815,买盘
1347,11:07:36,11.21,--,20,22420,买盘
1348,11:07:31,11.21,--,20,22420,买盘
1349,11:07:20,11.21,--,20,22420,买盘
1350,11:07:16,11.21,-0.01,42,47821,卖盘
1351,11:07:11,11.22,--,23,25806,买盘
1352,11:06:56,11.22,0.01,26,29172,买盘
1353,11:06:46,11.21,--,28,31769,买盘
1354,11:06:41,11.21,--,122,137501,卖盘
1355,11:06:26,11.21,--,4,4484,卖盘
1356,11:06:16,11.21,--,50,56050,卖盘
1357,11:06:06,11.21,--,13,14573,卖盘
1358,11:05:51,11.21,--,10,11210,卖盘
1359,11:05:46,11.21,--,100,112100,卖盘
1360,11:05:41,11.21,--,110,123691,买盘
1361,11:05:36,11.21,--,74,82954,买盘
1362,11:05:30,11.21,0.01,18,20178,买盘
1363,11:05:21,11.2,--,4,4480,卖盘
1364,11:05:14,11.2,--,78,87360,买盘
1365,11:05:11,11.2,--,10,11200,买盘
1366,11:05:06,11.2,-0.01,128,143360,卖盘
1367,11:04:50,11.21,--,109,122189,买盘
1368,11:04:44,11.21,0.01,43,48942,买盘
1369,11:04:41,11.2,--,29,32479,卖盘
1370,11:04:35,11.2,--,5,5600,卖盘
1371,11:04:29,11.2,--,10,11200,卖盘
1372,11:04:26,11.2,--,15,16800,卖盘
1373,11:04:20,11.2,--,73,82140,买盘
1374,11:04:14,11.2,--,20,22400,买盘
1375,11:04:10,11.2,--,17,19040,买盘
1376,11:04:05,11.2,--,101,113859,卖盘
1377,11:03:59,11.2,--,10,11200,卖盘
1378,11:03:51,11.2,--,10,11200,卖盘
1379,11:03:29,11.2,-0.01,84,94080,卖盘
1380,11:03:21,11.21,--,13,14573,买盘
1381,11:03:14,11.21,--,42,47082,买盘
1382,11:03:10,11.21,--,4,4484,买盘
1383,11:03:05,11.21,--,14,16075,买盘
1384,11:02:59,11.21,0.01,66,73986,买盘
1385,11:02:55,11.2,--,10,11200,卖盘
1386,11:02:50,11.2,--,11,12320,卖盘
1387,11:02:44,11.2,0.01,10,11200,卖盘
1388,11:02:35,11.19,--,0,0,卖盘
1389,11:02:29,11.19,-0.01,124,139427,卖盘
1390,11:02:25,11.2,--,73,81760,买盘
1391,11:02:20,11.2,--,1,1120,买盘
1392,11:02:14,11.2,--,29,32479,买盘
1393,11:02:10,11.2,0.01,11,12320,买盘
1394,11:02:05,11.19,-0.01,4,4476,卖盘
1395,11:01:59,11.2,--,29,32479,买盘
1396,11:01:44,11.2,--,35,39200,买盘
1397,11:01:40,11.2,--,19,21280,买盘
1398,11:01:35,11.2,--,1,1120,买盘
1399,11:01:29,11.2,--,31,35168,卖盘
1400,11:01:25,11.2,--,283,316960,卖盘
1401,11:01:14,11.2,--,461,516319,卖盘
1402,11:01:10,11.2,--,115,128799,卖盘
1403,11:00:59,11.2,--,234,262079,卖盘
1404,11:00:55,11.2,--,176,197792,卖盘
1405,11:00:50,11.2,--,6,6720,卖盘
1406,11:00:44,11.2,-0.01,22,24640,卖盘
1407,11:00:40,11.21,0.01,7,7847,买盘
1408,11:00:35,11.2,--,12,13440,卖盘
1409,11:00:29,11.2,--,356,398720,卖盘
1410,11:00:25,11.2,--,13,14559,卖盘
1411,11:00:20,11.2,-0.01,4,4480,卖盘
1412,11:00:14,11.21,--,287,321727,卖盘
1413,11:00:10,11.21,-0.01,5,5605,卖盘
1414,10:59:59,11.22,0.01,183,205326,买盘
1415,10:59:55,11.21,-0.01,175,196175,卖盘
1416,10:59:44,11.22,--,17,19074,买盘
1417,10:59:40,11.22,0.01,77,86394,买盘
1418,10:59:35,11.21,--,78,87438,卖盘
1419,10:59:29,11.21,-0.01,46,51566,卖盘
1420,10:59:25,11.22,--,3,3366,买盘
1421,10:59:14,11.22,--,34,39045,卖盘
1422,10:58:59,11.22,--,2,3141,卖盘
1423,10:58:55,11.22,--,72,80784,卖盘
1424,10:58:50,11.22,-0.01,28,31416,卖盘
1425,10:58:44,11.23,--,28,31444,买盘
1426,10:58:38,11.23,-0.01,3,4267,买盘
1427,10:58:35,11.24,0.02,6,6744,买盘
1428,10:58:29,11.22,-0.01,14,15708,卖盘
1429,10:58:23,11.23,--,16,17968,卖盘
1430,10:58:20,11.23,--,2,2246,卖盘
1431,10:58:14,11.23,0.01,381,428536,买盘
1432,10:58:04,11.22,-0.01,10,11220,卖盘
1433,10:57:59,11.23,--,0,0,买盘
1434,10:57:44,11.23,0.01,40,44920,买盘
1435,10:57:38,11.22,--,31,34782,买盘
1436,10:57:29,11.22,--,43,48246,卖盘
1437,10:57:23,11.22,--,18,20196,卖盘
1438,10:57:19,11.22,-0.01,9,10098,卖盘
1439,10:57:14,11.23,--,170,190910,买盘
1440,10:57:08,11.23,--,60,67380,买盘
1441,10:57:04,11.23,0.01,31,34813,买盘
1442,10:56:59,11.22,0.01,13,14586,中性盘
1443,10:56:53,11.21,-0.02,215,241015,卖盘
1444,10:56:44,11.23,0.02,24,26952,买盘
1445,10:56:38,11.21,-0.02,5,5605,卖盘
1446,10:56:34,11.23,--,7,7861,买盘
1447,10:56:29,11.23,0.01,136,152728,买盘
1448,10:56:23,11.22,-0.01,37,41514,中性盘
1449,10:56:14,11.23,0.01,210,235830,买盘
1450,10:56:08,11.22,-0.01,10,11220,卖盘
1451,10:56:04,11.23,0.01,57,64011,买盘
1452,10:55:59,11.22,-0.01,58,65076,卖盘
1453,10:55:44,11.23,--,0,0,买盘
1454,10:55:38,11.23,0.01,11,12353,买盘
1455,10:55:34,11.22,--,66,74500,卖盘
1456,10:55:23,11.22,-0.01,204,228888,卖盘
1457,10:55:19,11.23,--,61,68503,买盘
1458,10:55:04,11.23,0.01,11,12353,买盘
1459,10:54:53,11.22,--,5,5610,卖盘
1460,10:54:38,11.22,-0.01,20,22440,卖盘
1461,10:54:34,11.23,0.01,159,178557,买盘
1462,10:54:29,11.22,-0.01,84,94248,卖盘
1463,10:54:23,11.23,--,10,11230,买盘
1464,10:54:19,11.23,0.01,35,39305,买盘
1465,10:54:14,11.22,-0.01,2,2244,卖盘
1466,10:53:53,11.23,--,41,46043,卖盘
1467,10:53:49,11.23,--,130,145990,卖盘
1468,10:53:44,11.23,--,60,67380,卖盘
1469,10:53:38,11.23,-0.01,3,3369,卖盘
1470,10:53:34,11.24,--,15,17759,买盘
1471,10:53:23,11.24,--,360,405123,卖盘
1472,10:53:19,11.24,--,72,80928,卖盘
1473,10:53:13,11.24,--,25,28100,卖盘
1474,10:53:08,11.24,-0.01,3,3372,卖盘
1475,10:52:53,11.25,--,35,39375,买盘
1476,10:52:44,11.25,--,48,54000,买盘
1477,10:52:38,11.25,0.01,177,199125,买盘
1478,10:52:34,11.24,-0.01,27,30348,卖盘
1479,10:52:29,11.25,--,58,65250,买盘
1480,10:52:18,11.25,0.01,11,12375,买盘
1481,10:52:14,11.24,-0.01,5,5620,卖盘
1482,10:52:04,11.25,0.01,13,14625,买盘
1483,10:51:58,11.24,--,70,78680,卖盘
1484,10:51:53,11.24,-0.01,31,34844,卖盘
1485,10:51:49,11.25,0.01,17,19125,买盘
1486,10:51:38,11.24,-0.01,18,20232,卖盘
1487,10:51:32,11.25,0.01,50,56250,买盘
1488,10:51:28,11.24,--,47,52828,卖盘
1489,10:51:23,11.24,--,210,236040,卖盘
1490,10:51:17,11.24,--,217,244548,买盘
1491,10:51:08,11.24,--,136,152864,买盘
1492,10:50:47,11.24,--,2,2248,买盘
1493,10:50:38,11.24,--,6,6744,买盘
1494,10:50:32,11.24,--,12,13488,买盘
1495,10:50:28,11.24,--,20,22480,买盘
1496,10:50:23,11.24,--,68,76432,买盘
1497,10:50:17,11.24,--,24,26976,买盘
1498,10:50:08,11.24,0.01,4,4496,买盘
1499,10:50:02,11.23,-0.01,100,112412,卖盘
1500,10:49:58,11.24,--,10,11240,买盘
1501,10:49:53,11.24,0.01,89,100036,买盘
1502,10:49:47,11.23,-0.01,10,11230,卖盘
1503,10:49:32,11.24,-0.01,52,58448,卖盘
1504,10:49:23,11.25,0.02,337,379125,买盘
1505,10:49:17,11.23,--,81,90963,卖盘
1506,10:49:02,11.23,0.01,21,23583,中性盘
1507,10:48:58,11.22,-0.02,5,5610,卖盘
1508,10:48:53,11.24,0.02,812,913587,买盘
1509,10:48:47,11.22,--,14,15708,卖盘
1510,10:48:43,11.22,--,1,1122,卖盘
1511,10:48:32,11.22,--,239,269055,卖盘
1512,10:48:28,11.22,--,625,701250,买盘
1513,10:48:17,11.22,--,22,24684,买盘
1514,10:48:13,11.22,0.01,22,24684,买盘
1515,10:48:07,11.21,--,2,2242,卖盘
1516,10:48:02,11.21,--,16,17936,卖盘
1517,10:47:58,11.21,-0.01,75,84075,卖盘
1518,10:47:43,11.22,--,1,1122,买盘
1519,10:47:32,11.22,0.01,39,43758,买盘
1520,10:47:17,11.21,-0.01,5,5605,卖盘
1521,10:47:13,11.22,--,90,100980,买盘
1522,10:47:02,11.22,0.01,77,86394,买盘
1523,10:46:52,11.21,-0.01,19,21299,卖盘
1524,10:46:43,11.22,0.01,212,237864,买盘
1525,10:46:32,11.21,-0.01,28,31388,卖盘
1526,10:46:28,11.22,0.01,37,41514,买盘
1527,10:46:22,11.21,--,3,3363,卖盘
1528,10:46:17,11.21,--,710,795910,卖盘
1529,10:46:13,11.21,--,76,85196,卖盘
1530,10:46:02,11.21,-0.01,93,104253,卖盘
1531,10:45:58,11.22,--,26,29172,买盘
1532,10:45:52,11.22,--,28,31416,买盘
1533,10:45:47,11.22,--,3,3366,买盘
1534,10:45:43,11.22,--,146,163812,卖盘
1535,10:45:37,11.22,-0.01,3,3366,卖盘
1536,10:45:22,11.23,0.01,30,34015,买盘
1537,10:45:12,11.22,-0.01,61,68442,中性盘
1538,10:45:07,11.23,0.01,14,15722,买盘
1539,10:45:02,11.22,--,88,98736,卖盘
1540,10:44:58,11.22,-0.01,100,112200,卖盘
1541,10:44:37,11.23,--,4,4492,买盘
1542,10:44:32,11.23,--,286,321178,卖盘
1543,10:44:26,11.23,--,6,6738,卖盘
1544,10:44:22,11.23,--,31,34813,卖盘
1545,10:44:17,11.23,-0.01,35,39305,卖盘
1546,10:44:11,11.24,0.01,20,22480,买盘
1547,10:44:07,11.23,--,4,4492,卖盘
1548,10:43:56,11.23,-0.01,5,5615,卖盘
1549,10:43:52,11.24,--,24,26976,买盘
1550,10:43:47,11.24,--,5,5620,买盘
1551,10:43:41,11.24,0.01,6,6744,买盘
1552,10:43:32,11.23,--,10,11230,卖盘
1553,10:43:26,11.23,-0.01,244,274012,卖盘
1554,10:43:22,11.24,0.01,61,68564,买盘
1555,10:43:17,11.23,--,10,11230,卖盘
1556,10:43:02,11.23,--,3,3369,卖盘
1557,10:42:56,11.23,-0.01,98,110054,卖盘
1558,10:42:47,11.24,--,36,40464,买盘
1559,10:42:41,11.24,0.01,8,8992,买盘
1560,10:42:37,11.23,-0.01,104,116792,卖盘
1561,10:42:32,11.24,0.01,48,53952,买盘
1562,10:42:26,11.23,-0.01,100,112300,卖盘
1563,10:42:22,11.24,--,15,16860,买盘
1564,10:42:17,11.24,0.01,8,8992,买盘
1565,10:42:11,11.23,--,110,123530,卖盘
1566,10:42:07,11.23,--,10,11230,卖盘
1567,10:41:56,11.23,--,196,220108,买盘
1568,10:41:52,11.23,--,91,102193,买盘
1569,10:41:41,11.23,0.01,52,58396,买盘
1570,10:41:37,11.22,-0.01,2,2244,卖盘
1571,10:41:32,11.23,--,21,23583,买盘
1572,10:41:17,11.23,--,2,2246,买盘
1573,10:41:11,11.23,0.02,6,6738,买盘
1574,10:41:07,11.21,-0.01,81,90801,卖盘
1575,10:41:01,11.22,--,125,140250,买盘
1576,10:40:52,11.22,0.01,80,89760,买盘
1577,10:40:37,11.21,0.01,217,243257,买盘
1578,10:40:31,11.2,-0.01,35,39200,卖盘
1579,10:40:26,11.21,--,29,32509,买盘
1580,10:40:22,11.21,--,154,172634,买盘
1581,10:40:16,11.21,--,3,3363,买盘
1582,10:40:11,11.21,0.01,183,205143,买盘
1583,10:40:07,11.2,--,46,51520,卖盘
1584,10:40:01,11.2,-0.01,19,21280,卖盘
1585,10:39:56,11.21,--,362,405802,买盘
1586,10:39:52,11.21,--,15,16815,买盘
1587,10:39:46,11.21,0.01,135,151335,买盘
1588,10:39:41,11.2,-0.01,322,360640,卖盘
1589,10:39:37,11.21,0.01,17,19057,买盘
1590,10:39:31,11.2,-0.01,10,11200,卖盘
1591,10:39:26,11.21,--,40,44840,买盘
1592,10:39:11,11.21,--,23,25783,买盘
1593,10:39:06,11.21,0.01,159,178239,买盘
1594,10:38:56,11.2,--,2,2240,卖盘
1595,10:38:51,11.2,--,143,160160,买盘
1596,10:38:46,11.2,-0.01,45,50400,卖盘
1597,10:38:41,11.21,--,60,67260,买盘
1598,10:38:36,11.21,0.01,11,12331,买盘
1599,10:38:31,11.2,--,50,56000,卖盘
1600,10:38:26,11.2,--,12,13440,卖盘
1601,10:38:21,11.2,--,10,11200,卖盘
1602,10:38:11,11.2,-0.01,39,43680,卖盘
1603,10:38:06,11.21,0.01,186,208506,买盘
1604,10:38:01,11.2,0.01,128,143360,买盘
1605,10:37:51,11.19,-0.01,25,27975,卖盘
1606,10:37:46,11.2,0.01,5,5600,买盘
1607,10:37:41,11.19,-0.01,171,191349,卖盘
1608,10:37:36,11.2,--,0,0,中性盘
1609,10:37:31,11.2,-0.01,70,78400,卖盘
1610,10:37:26,11.21,0.01,211,236531,买盘
1611,10:37:21,11.2,-0.01,33,36960,卖盘
1612,10:37:11,11.21,0.01,36,40356,买盘
1613,10:37:06,11.2,0.01,115,128799,买盘
1614,10:37:01,11.19,-0.01,25,27975,卖盘
1615,10:36:56,11.2,--,7,7839,买盘
1616,10:36:50,11.2,--,6,6720,买盘
1617,10:36:41,11.2,0.01,11,12320,买盘
1618,10:36:35,11.19,-0.01,10,11190,卖盘
1619,10:36:20,11.2,--,44,49280,买盘
1620,10:36:16,11.2,--,287,321440,卖盘
1621,10:36:11,11.2,--,59,66080,卖盘
1622,10:36:05,11.2,--,40,44800,卖盘
1623,10:36:01,11.2,--,20,22400,卖盘
1624,10:35:56,11.2,-0.01,17,19040,卖盘
1625,10:35:41,11.21,--,75,84075,买盘
1626,10:35:31,11.21,--,6,6726,买盘
1627,10:35:26,11.21,--,25,28025,买盘
1628,10:35:20,11.21,--,69,77349,卖盘
1629,10:35:05,11.21,--,31,34751,卖盘
1630,10:34:56,11.21,-0.01,20,22420,卖盘
1631,10:34:50,11.22,0.01,63,70686,买盘
1632,10:34:46,11.21,--,9,10089,卖盘
1633,10:34:35,11.21,--,5,5605,卖盘
1634,10:34:31,11.21,-0.01,11,12331,卖盘
1635,10:34:26,11.22,0.01,16,17952,买盘
1636,10:34:16,11.21,--,1,1121,买盘
1637,10:34:11,11.21,--,7,7847,买盘
1638,10:33:56,11.21,--,1,1121,买盘
1639,10:33:50,11.21,--,11,12331,买盘
1640,10:33:46,11.21,-0.01,15,16815,卖盘
1641,10:33:35,11.22,0.01,2,2244,买盘
1642,10:33:31,11.21,--,5,5605,买盘
1643,10:33:20,11.21,--,20,22420,买盘
1644,10:33:10,11.21,0.01,40,44840,买盘
1645,10:33:05,11.2,--,31,34720,卖盘
1646,10:33:01,11.2,-0.02,38,42560,卖盘
1647,10:32:50,11.22,--,117,131274,买盘
1648,10:32:46,11.22,0.01,21,23562,买盘
1649,10:32:40,11.21,0.01,11,12331,买盘
1650,10:32:31,11.2,0.01,13,14559,买盘
1651,10:32:25,11.19,-0.01,4,4476,卖盘
1652,10:32:20,11.2,--,201,225120,买盘
1653,10:32:16,11.2,--,66,73920,买盘
1654,10:32:10,11.2,--,20,22400,买盘
1655,10:32:01,11.2,--,21,23520,买盘
1656,10:31:50,11.2,--,50,56000,买盘
1657,10:31:46,11.2,--,41,45920,买盘
1658,10:31:40,11.2,--,10,11200,买盘
1659,10:31:35,11.2,--,120,134400,买盘
1660,10:31:31,11.2,-0.02,235,263200,卖盘
1661,10:31:25,11.22,--,1,1122,买盘
1662,10:31:15,11.22,0.01,22,24684,买盘
1663,10:31:10,11.21,-0.01,205,229805,卖盘
1664,10:31:05,11.22,--,11,12342,买盘
1665,10:31:00,11.22,0.01,29,32538,买盘
1666,10:30:55,11.21,0.02,554,621034,买盘
1667,10:30:45,11.19,-0.01,152,170334,卖盘
1668,10:30:40,11.2,--,200,224000,卖盘
1669,10:30:35,11.2,--,75,84000,卖盘
1670,10:30:30,11.2,--,8,8960,卖盘
1671,10:30:25,11.2,--,10,11200,卖盘
1672,10:30:20,11.2,--,126,141120,卖盘
1673,10:30:15,11.2,-0.01,170,190400,卖盘
1674,10:30:10,11.21,--,10,11210,买盘
1675,10:30:05,11.21,--,11,12331,买盘
1676,10:30:00,11.21,0.01,18,20178,买盘
1677,10:29:55,11.2,-0.01,10,11200,卖盘
1678,10:29:45,11.21,0.01,28,31388,买盘
1679,10:29:35,11.2,-0.01,20,22400,卖盘
1680,10:29:30,11.21,0.01,79,88559,买盘
1681,10:29:25,11.2,-0.01,16,18760,卖盘
1682,10:29:15,11.21,0.01,11,12331,买盘
1683,10:29:10,11.2,--,127,142240,卖盘
1684,10:29:05,11.2,--,7,7839,卖盘
1685,10:28:59,11.2,--,110,123199,卖盘
1686,10:28:55,11.2,-0.01,10,11200,卖盘
1687,10:28:50,11.21,0.01,13,14573,买盘
1688,10:28:44,11.2,-0.01,333,372960,卖盘
1689,10:28:40,11.21,0.01,159,178519,买盘
1690,10:28:35,11.2,--,253,283360,买盘
1691,10:28:29,11.2,--,15,16800,买盘
1692,10:28:25,11.2,--,2,2240,买盘
1693,10:28:14,11.2,--,20,22400,卖盘
1694,10:28:05,11.2,--,79,88480,卖盘
1695,10:27:59,11.2,-0.01,10,11200,卖盘
1696,10:27:55,11.21,0.01,11,12331,买盘
1697,10:27:50,11.2,-0.01,91,101920,卖盘
1698,10:27:44,11.21,0.01,41,45961,买盘
1699,10:27:40,11.2,--,19,21280,买盘
1700,10:27:35,11.2,0.01,15,16800,买盘
1701,10:27:29,11.19,-0.02,449,502431,卖盘
1702,10:27:25,11.21,0.02,19,21299,买盘
1703,10:27:20,11.19,-0.01,169,189390,卖盘
1704,10:27:14,11.2,--,58,64959,买盘
1705,10:27:10,11.2,--,27,30239,买盘
1706,10:27:05,11.2,--,22,25513,卖盘
1707,10:26:59,11.2,--,60,67446,买盘
1708,10:26:55,11.2,--,137,154313,卖盘
1709,10:26:50,11.2,--,28,31359,卖盘
1710,10:26:35,11.2,--,182,203840,卖盘
1711,10:26:29,11.2,--,56,62719,卖盘
1712,10:26:25,11.2,-0.01,120,134400,卖盘
1713,10:26:20,11.21,0.01,65,73145,买盘
1714,10:26:14,11.2,0.01,77,87326,买盘
1715,10:26:10,11.19,--,307,343533,卖盘
1716,10:26:05,11.19,--,168,187992,卖盘
1717,10:25:59,11.19,--,113,126447,卖盘
1718,10:25:55,11.19,-0.01,11,12309,卖盘
1719,10:25:50,11.2,0.01,54,60479,买盘
1720,10:25:44,11.19,-0.01,128,143232,卖盘
1721,10:25:40,11.2,--,145,162400,买盘
1722,10:25:35,11.2,0.01,240,268867,买盘
1723,10:25:29,11.19,-0.01,65,72735,卖盘
1724,10:25:25,11.2,0.01,45,50680,买盘
1725,10:25:19,11.19,-0.01,20,22380,卖盘
1726,10:25:14,11.2,--,15,16800,买盘
1727,10:25:10,11.2,--,191,213920,买盘
1728,10:25:04,11.2,0.01,41,45920,买盘
1729,10:24:59,11.19,--,35,39165,卖盘
1730,10:24:55,11.19,--,244,273036,卖盘
1731,10:24:44,11.19,--,25,27975,卖盘
1732,10:24:39,11.19,--,73,81687,卖盘
1733,10:24:34,11.19,--,80,89520,卖盘
1734,10:24:29,11.19,--,2007,2246638,卖盘
1735,10:24:24,11.19,-0.01,17,19313,卖盘
1736,10:24:14,11.2,--,871,975519,买盘
1737,10:24:09,11.2,--,8,8960,买盘
1738,10:24:04,11.2,--,317,355073,卖盘
1739,10:23:59,11.2,--,16,17920,卖盘
1740,10:23:49,11.2,-0.01,1422,1592640,卖盘
1741,10:23:44,11.21,--,9,10089,卖盘
1742,10:23:39,11.21,--,94,105374,卖盘
1743,10:23:34,11.21,--,385,431585,卖盘
1744,10:23:29,11.21,-0.01,20,22420,卖盘
1745,10:23:24,11.22,0.01,28,31416,买盘
1746,10:23:19,11.21,0.01,25,28563,买盘
1747,10:23:14,11.2,-0.01,29,33331,卖盘
1748,10:23:09,11.21,-0.01,21,23541,卖盘
1749,10:23:04,11.22,0.01,22,24684,买盘
1750,10:22:59,11.21,-0.01,120,134520,卖盘
1751,10:22:54,11.22,0.01,69,77418,买盘
1752,10:22:49,11.21,--,47,52687,卖盘
1753,10:22:44,11.21,-0.01,64,71744,卖盘
1754,10:22:29,11.22,0.01,35,39270,买盘
1755,10:22:24,11.21,--,8,9237,卖盘
1756,10:22:19,11.21,-0.01,150,168150,卖盘
1757,10:22:09,11.22,0.01,49,54978,买盘
1758,10:21:59,11.21,--,220,246620,卖盘
1759,10:21:54,11.21,--,4,4764,买盘
1760,10:21:44,11.21,--,34,38114,买盘
1761,10:21:39,11.21,--,80,89680,买盘
1762,10:21:34,11.21,0.01,90,100890,买盘
1763,10:21:29,11.2,-0.01,42,47040,卖盘
1764,10:21:24,11.21,--,2,2242,买盘
1765,10:21:19,11.21,--,45,50714,买盘
1766,10:21:14,11.21,0.01,205,229805,买盘
1767,10:21:09,11.2,-0.01,1,1120,卖盘
1768,10:20:59,11.21,--,54,60534,买盘
1769,10:20:53,11.21,0.01,1,1121,买盘
1770,10:20:49,11.2,-0.01,801,897120,卖盘
1771,10:20:44,11.21,-0.01,205,230645,卖盘
1772,10:20:38,11.22,0.01,39,43758,买盘
1773,10:20:34,11.21,-0.01,24,26904,卖盘
1774,10:20:29,11.22,0.01,10,11220,买盘
1775,10:20:23,11.21,--,3,3363,卖盘
1776,10:20:19,11.21,-0.01,8,9237,卖盘
1777,10:20:14,11.22,0.01,15,16830,中性盘
1778,10:20:08,11.21,-0.01,294,329574,卖盘
1779,10:20:04,11.22,--,297,333234,买盘
1780,10:19:59,11.22,--,10,11220,买盘
1781,10:19:53,11.22,--,11,12342,买盘
1782,10:19:49,11.22,0.01,8,8976,买盘
1783,10:19:44,11.21,--,40,44840,卖盘
1784,10:19:34,11.21,-0.01,62,69502,卖盘
1785,10:19:29,11.22,0.01,110,123420,中性盘
1786,10:19:23,11.21,--,364,408044,卖盘
1787,10:19:19,11.21,-0.01,93,104522,卖盘
1788,10:19:14,11.22,--,243,273173,买盘
1789,10:19:08,11.22,0.01,76,85653,买盘
1790,10:18:53,11.21,--,283,317243,卖盘
1791,10:18:49,11.21,--,119,133399,卖盘
1792,10:18:44,11.21,-0.01,271,303791,卖盘
1793,10:18:38,11.22,0.01,35,39270,买盘
1794,10:18:34,11.21,--,13,14573,卖盘
1795,10:18:29,11.21,--,95,106495,卖盘
1796,10:18:23,11.21,--,80,89680,卖盘
1797,10:18:19,11.21,-0.01,8,9237,卖盘
1798,10:18:14,11.22,--,10,11220,买盘
1799,10:18:08,11.22,--,43,48246,买盘
1800,10:18:04,11.22,0.01,20,22440,买盘
1801,10:17:59,11.21,-0.01,624,699504,卖盘
1802,10:17:53,11.22,0.01,27,30294,买盘
1803,10:17:48,11.21,--,45,50445,卖盘
1804,10:17:44,11.21,--,2,2242,卖盘
1805,10:17:38,11.21,--,10,11210,卖盘
1806,10:17:34,11.21,--,10,11210,卖盘
1807,10:17:29,11.21,-0.01,44,49324,卖盘
1808,10:17:23,11.22,--,43,48515,买盘
1809,10:17:18,11.22,--,21,23562,买盘
1810,10:17:13,11.22,--,5,5610,买盘
1811,10:17:08,11.22,--,70,78540,买盘
1812,10:16:58,11.22,--,151,170016,卖盘
1813,10:16:53,11.22,--,100,112200,卖盘
1814,10:16:48,11.22,--,40,44880,卖盘
1815,10:16:43,11.22,-0.01,17,19074,卖盘
1816,10:16:38,11.23,0.01,122,137006,买盘
1817,10:16:33,11.22,-0.01,4,4488,卖盘
1818,10:16:28,11.23,0.01,26,29198,买盘
1819,10:16:23,11.22,--,40,44880,卖盘
1820,10:16:18,11.22,-0.01,121,136031,卖盘
1821,10:16:13,11.23,--,35,39305,买盘
1822,10:16:08,11.23,0.01,6,6738,买盘
1823,10:16:03,11.22,--,15,16830,卖盘
1824,10:15:58,11.22,-0.01,2000,2244000,卖盘
1825,10:15:52,11.23,-0.01,133,149359,卖盘
1826,10:15:48,11.24,--,100,112400,买盘
1827,10:15:38,11.24,--,44,50343,卖盘
1828,10:15:33,11.24,--,7,7868,卖盘
1829,10:15:28,11.24,-0.01,6,6744,卖盘
1830,10:15:23,11.25,0.01,53,59625,买盘
1831,10:15:18,11.24,--,68,76668,卖盘
1832,10:15:13,11.24,-0.01,7,7868,卖盘
1833,10:15:08,11.25,0.01,15,16875,买盘
1834,10:15:03,11.24,-0.01,62,69688,卖盘
1835,10:14:58,11.25,0.01,70,78750,买盘
1836,10:14:53,11.24,-0.01,8,8992,卖盘
1837,10:14:48,11.25,0.01,13,14625,买盘
1838,10:14:43,11.24,-0.01,14,15736,买盘
1839,10:14:38,11.25,0.01,106,119880,买盘
1840,10:14:33,11.24,-0.01,110,123640,卖盘
1841,10:14:28,11.25,0.01,2,2250,买盘
1842,10:14:23,11.24,--,82,92168,卖盘
1843,10:14:18,11.24,--,8,9239,卖盘
1844,10:14:03,11.24,--,53,59572,卖盘
1845,10:13:58,11.24,--,15,16860,卖盘
1846,10:13:53,11.24,--,89,100036,卖盘
1847,10:13:48,11.24,-0.01,49,55076,卖盘
1848,10:13:43,11.25,0.01,16,18000,买盘
1849,10:13:37,11.24,-0.01,375,421500,卖盘
1850,10:13:33,11.25,0.01,152,171000,买盘
1851,10:13:28,11.24,-0.01,1,1124,卖盘
1852,10:13:23,11.25,0.01,41,46125,买盘
1853,10:13:18,11.24,--,60,67687,卖盘
1854,10:13:08,11.24,-0.01,46,51704,卖盘
1855,10:12:58,11.25,--,10,11250,买盘
1856,10:12:52,11.25,0.01,59,66375,买盘
1857,10:12:43,11.24,-0.01,10,11240,卖盘
1858,10:12:38,11.25,0.01,10,11250,买盘
1859,10:12:32,11.24,-0.01,39,43836,卖盘
1860,10:12:28,11.25,--,20,22500,买盘
1861,10:12:23,11.25,--,14,15750,买盘
1862,10:12:16,11.25,--,75,84375,买盘
1863,10:12:13,11.25,--,52,58500,卖盘
1864,10:12:08,11.25,-0.01,64,72000,中性盘
1865,10:12:01,11.26,0.01,74,83324,买盘
1866,10:11:58,11.25,--,3,3375,买盘
1867,10:11:52,11.25,--,15,16875,买盘
1868,10:11:46,11.25,--,86,96750,买盘
1869,10:11:43,11.25,--,52,58500,卖盘
1870,10:11:37,11.25,--,53,59625,卖盘
1871,10:11:31,11.25,-0.01,65,73125,卖盘
1872,10:11:27,11.26,0.01,132,148632,买盘
1873,10:11:22,11.25,--,2,2250,买盘
1874,10:11:16,11.25,--,106,120150,卖盘
1875,10:11:07,11.25,--,115,129847,买盘
1876,10:11:01,11.25,--,20,22500,买盘
1877,10:10:52,11.25,--,72,81000,买盘
1878,10:10:46,11.25,--,496,558652,卖盘
1879,10:10:42,11.25,-0.01,13,14625,卖盘
1880,10:10:37,11.26,--,80,90080,买盘
1881,10:10:31,11.26,--,31,34906,买盘
1882,10:10:27,11.26,--,6,6756,买盘
1883,10:10:22,11.26,0.01,100,112600,买盘
1884,10:10:16,11.25,--,8,9236,卖盘
1885,10:10:07,11.25,--,114,128250,卖盘
1886,10:10:01,11.25,-0.01,38,42750,卖盘
1887,10:09:57,11.26,--,9,10134,买盘
1888,10:09:52,11.26,0.01,76,85576,买盘
1889,10:09:46,11.25,-0.01,21,23625,卖盘
1890,10:09:42,11.26,--,100,112600,买盘
1891,10:09:37,11.26,--,13,14638,买盘
1892,10:09:31,11.26,--,129,145254,买盘
1893,10:09:27,11.26,--,22,24772,买盘
1894,10:09:22,11.26,--,7,7882,买盘
1895,10:09:16,11.26,--,56,63292,买盘
1896,10:09:12,11.26,--,10,11260,买盘
1897,10:09:07,11.26,0.01,20,22520,买盘
1898,10:08:57,11.25,-0.01,71,79875,卖盘
1899,10:08:52,11.26,0.01,110,123860,买盘
1900,10:08:46,11.25,-0.01,2,2250,卖盘
1901,10:08:42,11.26,0.01,55,61930,买盘
1902,10:08:37,11.25,-0.01,258,290250,卖盘
1903,10:08:31,11.26,--,169,190294,买盘
1904,10:08:27,11.26,0.01,284,319784,买盘
1905,10:08:22,11.25,--,0,0,中性盘
1906,10:08:16,11.25,--,120,135247,买盘
1907,10:08:12,11.25,--,38,42750,买盘
1908,10:08:07,11.25,--,36,40500,买盘
1909,10:08:01,11.25,0.01,33,37125,买盘
1910,10:07:57,11.24,--,97,109028,卖盘
1911,10:07:52,11.24,--,10,11240,卖盘
1912,10:07:46,11.24,--,18,20232,卖盘
1913,10:07:42,11.24,--,4,4496,卖盘
1914,10:07:37,11.24,-0.01,5,5620,卖盘
1915,10:07:31,11.25,--,3,3375,买盘
1916,10:07:27,11.25,--,5,5625,买盘
1917,10:07:22,11.25,--,1,1125,买盘
1918,10:07:16,11.25,--,37,41861,买盘
1919,10:07:12,11.25,--,14,15750,买盘
1920,10:07:07,11.25,-0.01,130,146250,卖盘
1921,10:07:01,11.26,0.01,35,39410,买盘
1922,10:06:57,11.25,--,167,187875,卖盘
1923,10:06:52,11.25,0.01,8,9000,买盘
1924,10:06:46,11.24,-0.01,925,1039700,卖盘
1925,10:06:42,11.25,--,104,117000,卖盘
1926,10:06:37,11.25,-0.01,3,3375,卖盘
1927,10:06:31,11.26,--,83,93458,买盘
1928,10:06:27,11.26,--,8,9008,买盘
1929,10:06:22,11.26,-0.01,149,168438,卖盘
1930,10:06:16,11.27,--,102,115190,买盘
1931,10:06:12,11.27,--,258,290766,买盘
1932,10:06:07,11.27,0.01,64,72128,买盘
1933,10:06:01,11.26,--,196,220696,卖盘
1934,10:05:57,11.26,--,164,184664,卖盘
1935,10:05:52,11.26,-0.01,126,141876,卖盘
1936,10:05:46,11.27,--,203,228781,买盘
1937,10:05:42,11.27,0.01,81,91287,买盘
1938,10:05:37,11.26,--,20,22520,卖盘
1939,10:05:31,11.26,-0.01,306,344556,卖盘
1940,10:05:25,11.27,--,95,107065,买盘
1941,10:05:22,11.27,--,49,55223,买盘
1942,10:05:16,11.27,--,209,235768,买盘
1943,10:05:10,11.27,0.01,112,126224,买盘
1944,10:05:07,11.26,--,28,31528,卖盘
1945,10:05:01,11.26,--,250,281500,卖盘
1946,10:04:55,11.26,--,89,100214,买盘
1947,10:04:52,11.26,0.01,3,3378,买盘
1948,10:04:46,11.25,-0.01,498,560250,卖盘
1949,10:04:40,11.26,--,115,129490,买盘
1950,10:04:37,11.26,--,94,105844,买盘
1951,10:04:31,11.26,--,73,82198,买盘
1952,10:04:25,11.26,--,174,195924,买盘
1953,10:04:22,11.26,--,12,13512,买盘
1954,10:04:16,11.26,--,45,50906,买盘
1955,10:04:10,11.26,--,99,111474,买盘
1956,10:04:07,11.26,--,2,2252,买盘
1957,10:04:01,11.26,--,1,1126,买盘
1958,10:03:55,11.26,0.01,11,12386,买盘
1959,10:03:46,11.25,--,226,254250,买盘
1960,10:03:40,11.25,--,44,49500,买盘
1961,10:03:36,11.25,0.01,30,33750,买盘
1962,10:03:31,11.24,--,100,112400,卖盘
1963,10:03:25,11.24,--,14,15736,卖盘
1964,10:03:16,11.24,--,131,147985,买盘
1965,10:03:10,11.24,--,222,249528,买盘
1966,10:03:06,11.24,--,155,174220,买盘
1967,10:03:01,11.24,--,146,164104,买盘
1968,10:02:55,11.24,--,103,115772,买盘
1969,10:02:51,11.24,--,1,1124,买盘
1970,10:02:46,11.24,0.01,94,105656,买盘
1971,10:02:40,11.23,-0.01,18,20214,卖盘
1972,10:02:36,11.24,--,20,22480,买盘
1973,10:02:31,11.24,--,78,87672,买盘
1974,10:02:21,11.24,0.01,475,533900,买盘
1975,10:02:16,11.23,-0.01,8,9231,卖盘
1976,10:02:06,11.24,0.01,2,2248,买盘
1977,10:02:01,11.23,--,28,31444,卖盘
1978,10:01:55,11.23,--,326,366098,买盘
1979,10:01:46,11.23,--,58,65134,买盘
1980,10:01:40,11.23,--,10,11230,买盘
1981,10:01:36,11.23,--,13,14599,卖盘
1982,10:01:25,11.23,--,2,2246,买盘
1983,10:01:21,11.23,0.01,195,218985,中性盘
1984,10:01:16,11.22,-0.02,8,9234,卖盘
1985,10:01:10,11.24,0.01,126,141624,买盘
1986,10:01:06,11.23,--,110,123530,买盘
1987,10:01:01,11.23,-0.01,109,122407,卖盘
1988,10:00:55,11.24,--,27,30348,买盘
1989,10:00:51,11.24,--,4,4496,买盘
1990,10:00:46,11.24,--,1,1124,买盘
1991,10:00:40,11.24,--,43,48332,买盘
1992,10:00:36,11.24,0.01,6,6744,买盘
1993,10:00:25,11.23,-0.01,91,102193,卖盘
1994,10:00:21,11.24,0.01,431,484444,买盘
1995,10:00:15,11.23,-0.01,68,76622,卖盘
1996,10:00:10,11.24,--,25,28100,买盘
1997,10:00:06,11.24,--,1,1124,买盘
1998,09:59:55,11.24,--,105,118020,买盘
1999,09:59:51,11.24,0.01,140,157360,买盘
2000,09:59:45,11.23,-0.01,7,7861,卖盘
2001,09:59:40,11.24,0.01,14,15736,买盘
2002,09:59:36,11.23,--,12,13487,卖盘
2003,09:59:30,11.23,-0.01,110,123530,卖盘
2004,09:59:21,11.24,0.01,72,80928,买盘
2005,09:59:15,11.23,-0.01,9,10354,卖盘
2006,09:59:10,11.24,--,10,11240,买盘
2007,09:59:06,11.24,0.01,136,152864,买盘
2008,09:58:55,11.23,-0.01,5,5615,卖盘
2009,09:58:45,11.24,--,10,11240,买盘
2010,09:58:40,11.24,0.01,153,171972,买盘
2011,09:58:36,11.23,-0.01,22,24706,卖盘
2012,09:58:25,11.24,--,86,96664,买盘
2013,09:58:21,11.24,--,38,42712,买盘
2014,09:58:10,11.24,--,22,24728,买盘
2015,09:58:06,11.24,--,40,45847,卖盘
2016,09:58:00,11.24,-0.01,5,5620,卖盘
2017,09:57:55,11.25,0.02,287,323111,买盘
2018,09:57:51,11.23,-0.01,180,202140,卖盘
2019,09:57:45,11.24,--,112,125888,买盘
2020,09:57:40,11.24,0.01,170,191080,买盘
2021,09:57:36,11.23,-0.01,144,161712,卖盘
2022,09:57:30,11.24,--,215,241660,买盘
2023,09:57:25,11.24,0.01,128,143872,买盘
2024,09:57:19,11.23,--,7,7861,卖盘
2025,09:57:15,11.23,--,2,2246,卖盘
2026,09:57:10,11.23,-0.01,8,9242,卖盘
2027,09:57:04,11.24,--,100,112400,买盘
2028,09:57:00,11.24,--,108,121392,买盘
2029,09:56:55,11.24,--,23,25852,买盘
2030,09:56:49,11.24,--,98,110152,买盘
2031,09:56:40,11.24,0.01,286,321464,买盘
2032,09:56:34,11.23,--,8,8984,卖盘
2033,09:56:30,11.23,-0.01,2,2246,卖盘
2034,09:56:25,11.24,--,13,14612,买盘
2035,09:56:19,11.24,--,85,95540,买盘
2036,09:56:15,11.24,--,111,124764,买盘
2037,09:56:10,11.24,-0.01,3,3372,中性盘
2038,09:56:04,11.25,0.01,283,318555,买盘
2039,09:56:00,11.24,--,47,52828,卖盘
2040,09:55:55,11.24,-0.01,6,6744,卖盘
2041,09:55:49,11.25,0.01,5,5625,买盘
2042,09:55:45,11.24,0.01,48,54896,买盘
2043,09:55:40,11.23,--,135,151605,卖盘
2044,09:55:34,11.23,-0.01,8,8984,卖盘
2045,09:55:30,11.24,--,11,12364,买盘
2046,09:55:25,11.24,--,145,163609,卖盘
2047,09:55:19,11.24,--,42,47208,卖盘
2048,09:55:15,11.24,--,41,46084,卖盘
2049,09:55:10,11.24,--,23,26099,卖盘
2050,09:55:04,11.24,-0.01,435,488940,卖盘
2051,09:55:00,11.25,--,16,18000,买盘
2052,09:54:55,11.25,0.01,27,30375,买盘
2053,09:54:49,11.24,--,51,57571,买盘
2054,09:54:40,11.24,--,17,19108,买盘
2055,09:54:34,11.24,0.01,48,53952,买盘
2056,09:54:30,11.23,-0.01,12,13476,卖盘
2057,09:54:25,11.24,--,26,29224,买盘
2058,09:54:19,11.24,--,180,202320,买盘
2059,09:54:15,11.24,--,68,76690,买盘
2060,09:54:10,11.24,0.01,149,167476,买盘
2061,09:54:04,11.23,--,22,24706,卖盘
2062,09:54:00,11.23,--,4,4492,卖盘
2063,09:53:55,11.23,--,122,137006,卖盘
2064,09:53:49,11.23,--,217,243691,卖盘
2065,09:53:45,11.23,-0.01,20,22460,卖盘
2066,09:53:39,11.24,--,13,14612,买盘
2067,09:53:30,11.24,--,124,139376,买盘
2068,09:53:24,11.24,0.01,46,51962,买盘
2069,09:53:19,11.23,-0.01,73,82843,卖盘
2070,09:53:15,11.24,0.01,320,359938,买盘
2071,09:53:04,11.23,--,92,103316,买盘
2072,09:53:00,11.23,-0.01,22,25581,卖盘
2073,09:52:49,11.24,0.01,4,4496,买盘
2074,09:52:45,11.23,--,130,146237,买盘
2075,09:52:39,11.23,--,5,5615,买盘
2076,09:52:34,11.23,--,512,574976,买盘
2077,09:52:30,11.23,--,54,60642,买盘
2078,09:52:24,11.23,--,5,5615,买盘
2079,09:52:19,11.23,--,2,2246,买盘
2080,09:52:15,11.23,--,45,50793,买盘
2081,09:52:09,11.23,--,200,224600,买盘
2082,09:52:04,11.23,--,26,29198,买盘
2083,09:52:00,11.23,--,170,190910,买盘
2084,09:51:54,11.23,0.01,9,10107,买盘
2085,09:51:49,11.22,-0.01,3,3366,卖盘
2086,09:51:45,11.23,--,11,12353,买盘
2087,09:51:39,11.23,0.01,2,2504,买盘
2088,09:51:34,11.22,--,404,453288,买盘
2089,09:51:30,11.22,--,100,112200,买盘
2090,09:51:19,11.22,--,67,75174,买盘
2091,09:51:15,11.22,0.01,9,10367,买盘
2092,09:51:04,11.21,-0.01,60,67260,卖盘
2093,09:51:00,11.22,0.02,68,76565,买盘
2094,09:50:54,11.2,-0.01,55,61599,卖盘
2095,09:50:49,11.21,--,218,244378,买盘
2096,09:50:44,11.21,--,48,53808,买盘
2097,09:50:39,11.21,--,47,52687,买盘
2098,09:50:34,11.21,--,27,30267,买盘
2099,09:50:30,11.21,--,10,11210,买盘
2100,09:50:24,11.21,--,205,229805,买盘
2101,09:50:19,11.21,0.01,268,300428,买盘
2102,09:50:14,11.2,-0.01,61,68600,卖盘
2103,09:50:09,11.21,--,89,99769,买盘
2104,09:50:04,11.21,0.01,16,17936,买盘
2105,09:49:59,11.2,--,32,35840,卖盘
2106,09:49:49,11.2,-0.01,18,20160,卖盘
2107,09:49:43,11.21,0.01,68,76228,买盘
2108,09:49:39,11.2,-0.01,20,22400,卖盘
2109,09:49:34,11.21,0.01,344,385624,买盘
2110,09:49:28,11.2,--,33,36960,卖盘
2111,09:49:19,11.2,--,2,2240,卖盘
2112,09:49:13,11.2,--,129,145051,买盘
2113,09:49:09,11.2,--,52,58239,买盘
2114,09:49:04,11.2,--,78,87360,买盘
2115,09:48:58,11.2,--,84,94080,买盘
2116,09:48:54,11.2,0.01,69,77280,买盘
2117,09:48:49,11.19,-0.01,225,251775,卖盘
2118,09:48:43,11.2,--,222,248639,买盘
2119,09:48:39,11.2,--,43,48988,卖盘
2120,09:48:34,11.2,--,174,194880,卖盘
2121,09:48:28,11.2,-0.01,52,58239,卖盘
2122,09:48:24,11.21,--,39,43719,买盘
2123,09:48:19,11.21,--,1,1121,买盘
2124,09:48:13,11.21,0.01,3,3363,买盘
2125,09:48:09,11.2,--,508,569251,卖盘
2126,09:48:04,11.2,0.01,320,358624,买盘
2127,09:47:58,11.19,-0.01,53,59307,卖盘
2128,09:47:54,11.2,--,22,24640,买盘
2129,09:47:49,11.2,--,545,610400,买盘
2130,09:47:43,11.2,--,209,234079,买盘
2131,09:47:39,11.2,0.01,148,165760,买盘
2132,09:47:34,11.19,--,90,100710,卖盘
2133,09:47:28,11.19,--,139,155541,卖盘
2134,09:47:24,11.19,-0.01,500,559500,卖盘
2135,09:47:19,11.2,--,70,78400,买盘
2136,09:47:13,11.2,--,141,158200,买盘
2137,09:47:09,11.2,--,3,3360,买盘
2138,09:47:04,11.2,--,20,22400,买盘
2139,09:46:58,11.2,--,0,0,中性盘
2140,09:46:54,11.2,0.01,100,112000,卖盘
2141,09:46:49,11.19,-0.01,90,100710,卖盘
2142,09:46:43,11.2,0.01,34,38740,买盘
2143,09:46:39,11.19,-0.01,32,35808,卖盘
2144,09:46:34,11.2,--,25,28000,买盘
2145,09:46:28,11.2,-0.01,659,738931,卖盘
2146,09:46:24,11.21,--,10,11210,卖盘
2147,09:46:19,11.21,--,10,11210,卖盘
2148,09:46:13,11.21,-0.01,73,82102,卖盘
2149,09:46:09,11.22,0.01,3,3366,买盘
2150,09:46:04,11.21,0.01,5,5605,卖盘
2151,09:45:58,11.2,-0.02,668,748160,卖盘
2152,09:45:54,11.22,--,65,72930,买盘
2153,09:45:48,11.22,--,59,66198,买盘
2154,09:45:43,11.22,0.01,90,100980,买盘
2155,09:45:39,11.21,-0.01,48,53808,卖盘
2156,09:45:33,11.22,0.01,14,15708,买盘
2157,09:45:28,11.21,--,10,11210,卖盘
2158,09:45:24,11.21,--,191,214111,卖盘
2159,09:45:18,11.21,--,25,28025,卖盘
2160,09:45:13,11.21,--,37,41477,卖盘
2161,09:45:09,11.21,-0.01,68,76497,卖盘
2162,09:45:03,11.22,0.01,124,139128,买盘
2163,09:44:58,11.21,--,150,168150,卖盘
2164,09:44:54,11.21,--,68,76228,卖盘
2165,09:44:43,11.21,--,99,110979,卖盘
2166,09:44:39,11.21,-0.01,50,56050,卖盘
2167,09:44:28,11.22,0.01,1,1122,买盘
2168,09:44:24,11.21,--,25,28025,卖盘
2169,09:44:13,11.21,0.01,46,51857,买盘
2170,09:44:08,11.2,-0.01,16,18200,卖盘
2171,09:43:58,11.21,0.01,141,158061,买盘
2172,09:43:53,11.2,-0.01,102,114240,卖盘
2173,09:43:48,11.21,--,12,13452,买盘
2174,09:43:43,11.21,--,56,62776,买盘
2175,09:43:38,11.21,--,67,75107,买盘
2176,09:43:33,11.21,0.01,50,56050,买盘
2177,09:43:23,11.2,--,37,41440,卖盘
2178,09:43:18,11.2,--,35,39200,卖盘
2179,09:43:13,11.2,--,5,5600,卖盘
2180,09:43:08,11.2,-0.01,70,78680,卖盘
2181,09:42:58,11.21,--,2,3071,卖盘
2182,09:42:53,11.21,--,102,114342,卖盘
2183,09:42:48,11.21,-0.01,50,56050,卖盘
2184,09:42:43,11.22,--,150,168300,买盘
2185,09:42:38,11.22,--,53,59466,买盘
2186,09:42:33,11.22,--,30,33660,买盘
2187,09:42:28,11.22,--,30,33660,买盘
2188,09:42:18,11.22,--,344,386831,卖盘
2189,09:42:13,11.22,--,271,304062,卖盘
2190,09:42:07,11.22,--,97,109092,卖盘
2191,09:42:03,11.22,--,60,67320,卖盘
2192,09:41:58,11.22,--,1,1122,卖盘
2193,09:41:52,11.22,--,92,103224,卖盘
2194,09:41:48,11.22,--,40,44880,卖盘
2195,09:41:43,11.22,--,51,57222,卖盘
2196,09:41:37,11.22,-0.01,70,78540,卖盘
2197,09:41:33,11.23,--,2,2246,买盘
2198,09:41:28,11.23,--,10,11230,买盘
2199,09:41:22,11.23,--,349,392802,卖盘
2200,09:41:18,11.23,-0.01,22,24706,卖盘
2201,09:41:13,11.24,0.01,31,34844,买盘
2202,09:41:07,11.23,-0.02,120,135007,卖盘
2203,09:41:03,11.25,0.01,79,88875,买盘
2204,09:40:58,11.24,--,328,369694,卖盘
2205,09:40:52,11.24,--,1237,1390388,卖盘
2206,09:40:48,11.24,-0.01,97,109028,卖盘
2207,09:40:43,11.25,--,111,124875,买盘
2208,09:40:37,11.25,0.01,72,81000,买盘
2209,09:40:33,11.24,-0.01,9,10116,卖盘
2210,09:40:28,11.25,--,92,103500,买盘
2211,09:40:22,11.25,0.01,69,77625,买盘
2212,09:40:18,11.24,-0.01,16,17984,卖盘
2213,09:40:13,11.25,0.01,23,25875,买盘
2214,09:40:07,11.24,--,112,126157,卖盘
2215,09:40:03,11.24,0.01,1267,1425063,买盘
2216,09:39:58,11.23,0.01,143,160589,买盘
2217,09:39:52,11.22,--,20,22440,卖盘
2218,09:39:48,11.22,-0.01,4,4488,卖盘
2219,09:39:43,11.23,--,73,81979,买盘
2220,09:39:37,11.23,--,206,231955,卖盘
2221,09:39:33,11.23,--,145,162835,卖盘
2222,09:39:28,11.23,--,86,96578,卖盘
2223,09:39:22,11.23,--,38,42674,卖盘
2224,09:39:13,11.23,--,12,13476,卖盘
2225,09:39:07,11.23,-0.01,42,47413,卖盘
2226,09:39:03,11.24,0.01,17,19108,买盘
2227,09:38:58,11.23,--,15,16845,卖盘
2228,09:38:52,11.23,-0.01,50,56150,卖盘
2229,09:38:48,11.24,0.01,3,3372,买盘
2230,09:38:43,11.23,--,20,22460,卖盘
2231,09:38:37,11.23,--,123,138129,卖盘
2232,09:38:33,11.23,--,416,467168,卖盘
2233,09:38:27,11.23,-0.01,2,2246,卖盘
2234,09:38:18,11.24,0.01,25,28100,买盘
2235,09:38:07,11.23,--,108,121542,卖盘
2236,09:38:03,11.23,0.01,271,304333,买盘
2237,09:37:52,11.22,--,13,14586,卖盘
2238,09:37:48,11.22,--,212,238402,买盘
2239,09:37:37,11.22,--,176,197472,买盘
2240,09:37:33,11.22,0.01,10,11220,买盘
2241,09:37:27,11.21,--,54,60534,卖盘
2242,09:37:18,11.21,-0.01,444,497724,卖盘
2243,09:37:12,11.22,--,61,68442,买盘
2244,09:37:07,11.22,0.01,23,26086,买盘
2245,09:37:03,11.21,--,230,257841,买盘
2246,09:36:57,11.21,0.01,55,61655,买盘
2247,09:36:52,11.2,-0.01,371,415520,卖盘
2248,09:36:48,11.21,--,51,57171,买盘
2249,09:36:42,11.21,--,11,12331,买盘
2250,09:36:37,11.21,0.01,191,214111,卖盘
2251,09:36:32,11.2,-0.01,423,473759,卖盘
2252,09:36:27,11.21,--,4,4484,卖盘
2253,09:36:22,11.21,0.01,186,208506,买盘
2254,09:36:17,11.2,-0.01,176,197120,卖盘
2255,09:36:12,11.21,0.01,2,2242,买盘
2256,09:36:07,11.2,--,32,36120,卖盘
2257,09:36:02,11.2,--,45,50400,卖盘
2258,09:35:57,11.2,-0.01,1040,1164800,卖盘
2259,09:35:52,11.21,0.01,61,68381,买盘
2260,09:35:47,11.2,-0.01,149,166880,卖盘
2261,09:35:42,11.21,--,228,255588,买盘
2262,09:35:37,11.21,0.01,30,33630,买盘
2263,09:35:32,11.2,-0.01,22,24640,卖盘
2264,09:35:27,11.21,0.01,3,3363,买盘
2265,09:35:22,11.2,-0.02,53,59359,卖盘
2266,09:35:17,11.22,0.01,193,216546,买盘
2267,09:35:12,11.21,0.01,31,34751,买盘
2268,09:35:07,11.2,-0.01,36,40600,卖盘
2269,09:35:02,11.21,--,86,96406,买盘
2270,09:34:52,11.21,--,33,37575,卖盘
2271,09:34:47,11.21,-0.01,450,504450,卖盘
2272,09:34:42,11.22,0.01,154,173057,买盘
2273,09:34:37,11.21,--,68,76228,卖盘
2274,09:34:22,11.21,--,117,131157,卖盘
2275,09:34:16,11.21,--,86,96406,卖盘
2276,09:34:12,11.21,--,22,24931,买盘
2277,09:34:07,11.21,-0.01,599,671479,卖盘
2278,09:34:01,11.22,--,130,145860,买盘
2279,09:33:57,11.22,--,30,33660,买盘
2280,09:33:52,11.22,--,468,525096,买盘
2281,09:33:46,11.22,--,53,59466,买盘
2282,09:33:42,11.22,--,35,39270,买盘
2283,09:33:31,11.22,--,11,12342,买盘
2284,09:33:27,11.22,--,70,79392,卖盘
2285,09:33:22,11.22,--,383,429726,卖盘
2286,09:33:16,11.22,--,16,17952,卖盘
2287,09:33:12,11.22,--,14,15708,卖盘
2288,09:33:07,11.22,--,44,49637,买盘
2289,09:33:01,11.22,0.01,190,213180,买盘
2290,09:32:57,11.21,--,5,5605,卖盘
2291,09:32:52,11.21,-0.01,23,25783,卖盘
2292,09:32:46,11.22,0.01,3,3366,中性盘
2293,09:32:37,11.21,-0.01,16,17936,卖盘
2294,09:32:31,11.22,0.01,68,76296,买盘
2295,09:32:27,11.21,--,68,76228,卖盘
2296,09:32:16,11.21,0.01,9,10089,卖盘
2297,09:32:07,11.2,0.01,338,378840,买盘
2298,09:32:01,11.19,--,34,38046,卖盘
2299,09:31:57,11.19,--,42,46998,卖盘
2300,09:31:52,11.19,--,13,14547,卖盘
2301,09:31:46,11.19,0.01,179,200301,买盘
2302,09:31:42,11.18,-0.01,100,111800,卖盘
2303,09:31:37,11.19,0.01,247,276393,买盘
2304,09:31:31,11.18,--,31,34658,卖盘
2305,09:31:27,11.18,--,403,450554,买盘
2306,09:31:22,11.18,0.01,190,212420,买盘
2307,09:31:16,11.17,-0.01,22,24574,卖盘
2308,09:31:12,11.18,--,164,183352,买盘
2309,09:31:07,11.18,--,326,364468,买盘
2310,09:31:01,11.18,--,114,127452,买盘
2311,09:30:57,11.18,--,60,67080,买盘
2312,09:30:51,11.18,--,21,23478,买盘
2313,09:30:46,11.18,--,194,216892,卖盘
2314,09:30:42,11.18,--,256,286208,卖盘
2315,09:30:36,11.18,-0.01,1,1118,卖盘
2316,09:30:31,11.19,0.01,28,31332,买盘
2317,09:30:27,11.18,--,56,62608,卖盘
2318,09:30:21,11.18,-0.01,13,14534,卖盘
2319,09:30:16,11.19,--,9,10071,买盘
2320,09:30:11,11.19,0.01,327,365913,买盘
2321,09:30:06,11.18,-0.01,680,760240,卖盘
2322,09:30:01,11.19,-0.01,15,16785,卖盘
2323,09:28:48,11.2,--,0,0,买盘
2324,09:25:06,11.2,11.2,1505,1685600,买盘
