,time,price,change,volume,amount,type
0,15:00:00,29.15,--,0,0,买盘
1,15:00:00,29.15,0.01,0,0,买盘
2,15:00:00,29.14,0.01,1,2914,买盘
3,14:59:55,29.13,--,7,20391,卖盘
4,14:59:51,29.13,-0.01,22,64086,卖盘
5,14:59:46,29.14,--,65,189410,卖盘
6,14:59:40,29.14,-0.01,54,157356,卖盘
7,14:59:31,29.15,0.01,68,198220,买盘
8,14:59:25,29.14,-0.01,35,102223,卖盘
9,14:59:21,29.15,--,24,69960,买盘
10,14:59:16,29.15,--,24,69960,买盘
11,14:59:10,29.15,0.01,19,55385,买盘
12,14:59:06,29.14,-0.01,21,61194,卖盘
13,14:58:55,29.15,--,39,113685,买盘
14,14:58:51,29.15,--,12,34980,买盘
15,14:58:40,29.15,--,7,20405,买盘
16,14:58:36,29.15,--,176,513040,卖盘
17,14:58:31,29.15,--,25,72875,卖盘
18,14:58:25,29.15,--,22,64130,卖盘
19,14:58:21,29.15,--,6,17490,卖盘
20,14:58:16,29.15,--,5,14575,卖盘
21,14:58:10,29.15,--,46,134090,卖盘
22,14:58:06,29.15,-0.01,10,29150,卖盘
23,14:58:01,29.16,0.01,4,11664,买盘
24,14:57:55,29.15,--,79,230285,卖盘
25,14:57:51,29.15,-0.01,18,52470,卖盘
26,14:57:46,29.16,0.01,2,5832,买盘
27,14:57:40,29.15,--,11,32065,卖盘
28,14:57:36,29.15,--,42,122430,买盘
29,14:57:31,29.15,0.01,37,107855,买盘
30,14:57:25,29.14,--,39,113646,卖盘
31,14:57:21,29.14,--,1,2914,卖盘
32,14:57:15,29.14,--,23,69702,买盘
33,14:57:10,29.14,0.01,2,5828,买盘
34,14:57:06,29.13,--,1,2913,卖盘
35,14:56:51,29.13,--,21,61173,卖盘
36,14:56:40,29.13,--,32,93216,买盘
37,14:56:36,29.13,--,28,81564,买盘
38,14:56:25,29.13,0.01,29,84477,买盘
39,14:56:21,29.12,-0.02,1,2912,卖盘
40,14:56:10,29.14,0.01,17,49538,买盘
41,14:56:06,29.13,--,3,8739,卖盘
42,14:56:00,29.13,0.03,6,20099,买盘
43,14:55:55,29.1,--,10,29100,卖盘
44,14:55:50,29.1,-0.01,197,573270,卖盘
45,14:55:45,29.11,--,30,87330,卖盘
46,14:55:40,29.11,--,241,701551,买盘
47,14:55:30,29.11,--,9,26199,买盘
48,14:55:25,29.11,-0.01,7,20377,中性盘
49,14:55:20,29.12,0.01,14,40768,买盘
50,14:55:15,29.11,--,1,2911,买盘
51,14:55:10,29.11,-0.01,21,61131,卖盘
52,14:55:05,29.12,0.01,30,87360,买盘
53,14:55:00,29.11,--,2,5822,卖盘
54,14:54:55,29.11,--,24,69864,卖盘
55,14:54:50,29.11,--,2,5822,卖盘
56,14:54:45,29.11,--,21,61131,卖盘
57,14:54:40,29.11,--,25,72775,买盘
58,14:54:35,29.11,--,2,5822,买盘
59,14:54:30,29.11,0.01,8,23288,买盘
60,14:54:25,29.1,-0.01,30,87300,卖盘
61,14:54:20,29.11,--,7,20377,卖盘
62,14:54:15,29.11,--,6,17466,卖盘
63,14:54:10,29.11,--,19,55309,卖盘
64,14:54:05,29.11,--,1,2911,卖盘
65,14:54:00,29.11,--,1,2911,卖盘
66,14:53:55,29.11,--,6,17466,卖盘
67,14:53:50,29.11,-0.01,11,32021,卖盘
68,14:53:45,29.12,0.01,10,29120,买盘
69,14:53:40,29.11,-0.01,2,5822,卖盘
70,14:53:35,29.12,--,6,17472,买盘
71,14:53:20,29.12,0.01,17,49504,买盘
72,14:53:15,29.11,--,22,64042,卖盘
73,14:53:10,29.11,--,20,58220,卖盘
74,14:53:04,29.11,--,11,32021,卖盘
75,14:53:00,29.11,--,1,2911,卖盘
76,14:52:55,29.11,--,2,5822,卖盘
77,14:52:49,29.11,--,57,165927,买盘
78,14:52:45,29.11,--,3,8733,买盘
79,14:52:34,29.11,-0.01,52,151372,卖盘
80,14:52:30,29.12,0.01,7,20384,买盘
81,14:52:19,29.11,--,1,2911,卖盘
82,14:52:15,29.11,--,10,29110,卖盘
83,14:52:04,29.11,--,2,5822,卖盘
84,14:52:00,29.11,--,1,2911,买盘
85,14:51:55,29.11,-0.01,6,17466,中性盘
86,14:51:49,29.12,0.01,35,101920,买盘
87,14:51:45,29.11,-0.01,3,8733,买盘
88,14:51:40,29.12,--,0,0,买盘
89,14:51:34,29.12,0.02,8,23296,买盘
90,14:51:30,29.1,-0.02,20,58200,卖盘
91,14:51:25,29.12,0.01,1,2912,买盘
92,14:51:15,29.11,--,12,34932,买盘
93,14:51:04,29.11,--,25,72775,买盘
94,14:51:00,29.11,--,60,174660,卖盘
95,14:50:45,29.11,-0.01,1,2911,买盘
96,14:50:39,29.12,--,0,0,买盘
97,14:50:34,29.12,0.02,7,20384,买盘
98,14:50:30,29.1,--,6,17460,买盘
99,14:50:25,29.1,-0.02,9,26190,卖盘
100,14:50:19,29.12,--,70,203840,买盘
101,14:50:15,29.12,--,5,14560,买盘
102,14:50:04,29.12,--,2,5824,买盘
103,14:50:00,29.12,--,4,11648,买盘
104,14:49:45,29.12,--,14,40768,买盘
105,14:49:39,29.12,0.02,8,23296,买盘
106,14:49:34,29.1,--,0,0,买盘
107,14:49:29,29.1,--,9,26190,买盘
108,14:49:24,29.1,0.05,7,20370,中性盘
109,14:49:19,29.05,-0.07,50,145250,卖盘
110,14:49:15,29.12,--,42,122304,卖盘
111,14:48:59,29.12,--,1,2912,卖盘
112,14:48:49,29.12,0.03,14,40768,买盘
113,14:48:39,29.09,-0.05,2,5818,卖盘
114,14:48:34,29.14,0.07,30,87420,买盘
115,14:48:29,29.07,-0.07,7,21657,卖盘
116,14:48:24,29.14,0.07,161,469154,买盘
117,14:48:19,29.07,--,12,37587,卖盘
118,14:48:09,29.07,0.01,1,2907,卖盘
119,14:48:04,29.06,-0.03,19,57887,卖盘
120,14:47:59,29.09,0.03,118,345938,买盘
121,14:47:49,29.06,0.03,69,202722,买盘
122,14:47:44,29.03,--,11,32165,卖盘
123,14:47:39,29.03,--,1,2903,卖盘
124,14:47:34,29.03,0.01,12,37506,卖盘
125,14:47:29,29.02,-0.02,12,37493,卖盘
126,14:47:24,29.04,0.02,10,30550,买盘
127,14:47:19,29.02,--,12,37493,卖盘
128,14:47:14,29.02,--,12,34824,卖盘
129,14:46:59,29.02,-0.01,1,2902,卖盘
130,14:46:54,29.03,0.01,2,5806,买盘
131,14:46:49,29.02,-0.01,29,85260,卖盘
132,14:46:44,29.03,--,8,23224,买盘
133,14:46:39,29.03,--,6,17418,买盘
134,14:46:34,29.03,-0.01,28,83780,卖盘
135,14:46:28,29.04,--,21,62087,买盘
136,14:46:24,29.04,0.01,104,303119,买盘
137,14:46:13,29.03,--,19,56260,卖盘
138,14:46:04,29.03,-0.01,13,37739,卖盘
139,14:45:58,29.04,--,19,55176,卖盘
140,14:45:54,29.04,--,1,2904,卖盘
141,14:45:43,29.04,0.02,9,26136,买盘
142,14:45:19,29.02,--,16,46432,卖盘
143,14:45:13,29.02,-0.02,2,5804,卖盘
144,14:45:09,29.04,0.02,8,23232,买盘
145,14:44:58,29.02,--,1,2902,卖盘
146,14:44:39,29.02,-0.02,1,2902,卖盘
147,14:44:24,29.04,--,40,116160,买盘
148,14:44:09,29.04,--,0,0,买盘
149,14:44:04,29.04,-0.01,1,2904,卖盘
150,14:43:48,29.05,0.01,10,29050,买盘
151,14:43:43,29.04,0.01,1,2904,买盘
152,14:43:38,29.03,--,1,2903,卖盘
153,14:43:34,29.03,--,0,0,卖盘
154,14:43:08,29.03,--,2,5806,买盘
155,14:42:58,29.03,--,8,23224,买盘
156,14:42:54,29.03,0.02,7,20321,买盘
157,14:42:48,29.01,--,0,0,卖盘
158,14:42:43,29.01,-0.04,12,34812,卖盘
159,14:42:28,29.05,--,19,55195,买盘
160,14:42:23,29.05,-0.02,31,90055,卖盘
161,14:42:13,29.07,-0.01,1,2907,买盘
162,14:42:08,29.08,--,0,0,买盘
163,14:42:03,29.08,0.03,4,11632,买盘
164,14:41:58,29.05,-0.03,2,5810,卖盘
165,14:41:48,29.08,--,0,0,买盘
166,14:41:43,29.08,--,21,61068,买盘
167,14:41:38,29.08,--,53,154124,买盘
168,14:41:28,29.08,0.01,1,2908,买盘
169,14:41:08,29.07,--,20,58140,买盘
170,14:40:53,29.07,0.01,13,37791,买盘
171,14:40:38,29.06,--,54,156924,买盘
172,14:40:33,29.06,--,0,0,买盘
173,14:40:28,29.06,0.01,14,40684,买盘
174,14:40:18,29.05,--,7,20335,卖盘
175,14:39:52,29.05,--,9,26145,卖盘
176,14:39:22,29.05,--,13,37765,买盘
177,14:39:18,29.05,0.01,9,26145,买盘
178,14:39:07,29.04,0.01,9,26136,买盘
179,14:39:03,29.03,-0.01,3,8709,卖盘
180,14:38:43,29.04,-0.01,5,14520,卖盘
181,14:38:22,29.05,--,5,14525,卖盘
182,14:38:17,29.05,--,5,14525,卖盘
183,14:38:02,29.05,-0.02,3,8715,卖盘
184,14:37:58,29.07,0.02,7,20349,买盘
185,14:37:37,29.05,--,3,8715,卖盘
186,14:37:32,29.05,--,2,5810,卖盘
187,14:37:22,29.05,--,2,5810,卖盘
188,14:37:02,29.05,-0.02,2,5810,卖盘
189,14:36:52,29.07,-0.01,12,34884,卖盘
190,14:36:47,29.08,--,10,29080,买盘
191,14:36:43,29.08,--,5,14540,买盘
192,14:36:37,29.08,--,1,2908,买盘
193,14:36:32,29.08,--,28,81424,卖盘
194,14:36:02,29.08,-0.01,1,2908,卖盘
195,14:35:57,29.09,--,10,29090,买盘
196,14:35:52,29.09,--,2,5818,买盘
197,14:35:32,29.09,--,0,0,中性盘
198,14:35:27,29.09,0.01,5,14545,买盘
199,14:35:22,29.08,-0.01,3,8724,卖盘
200,14:35:17,29.09,--,0,0,中性盘
201,14:35:02,29.09,0.02,15,43635,买盘
202,14:34:57,29.07,--,11,31977,买盘
203,14:34:47,29.07,--,4,11628,卖盘
204,14:34:42,29.07,--,0,0,卖盘
205,14:34:37,29.07,--,11,31977,卖盘
206,14:34:32,29.07,-0.01,1,2907,卖盘
207,14:34:22,29.08,--,1,2908,买盘
208,14:34:12,29.08,0.01,3,8724,中性盘
209,14:34:07,29.07,--,4,11628,买盘
210,14:34:02,29.07,-0.02,8,23256,卖盘
211,14:33:57,29.09,0.01,9,26181,买盘
212,14:33:52,29.08,0.01,1,2908,买盘
213,14:33:47,29.07,--,0,0,卖盘
214,14:33:42,29.07,--,2,5814,卖盘
215,14:33:37,29.07,0.01,25,72675,买盘
216,14:33:27,29.06,--,3,8718,卖盘
217,14:33:22,29.06,0.01,16,46496,买盘
218,14:33:02,29.05,0.02,9,26145,买盘
219,14:32:42,29.03,-0.02,1,2903,买盘
220,14:32:32,29.05,0.02,6,17430,买盘
221,14:32:17,29.03,--,22,63866,买盘
222,14:32:12,29.03,0.01,2,5806,买盘
223,14:32:07,29.02,--,2,5804,卖盘
224,14:31:42,29.02,--,3,8706,买盘
225,14:31:31,29.02,0.01,5,14510,买盘
226,14:30:57,29.01,--,4,12938,买盘
227,14:30:46,29.01,--,1,2901,买盘
228,14:30:41,29.01,--,12,34812,买盘
229,14:30:26,29.01,--,2,5802,买盘
230,14:30:06,29.01,0.01,3,8703,买盘
231,14:30:01,29.0,-0.01,1,2900,卖盘
232,14:29:56,29.01,--,7,20307,买盘
233,14:29:16,29.01,0.01,2,5802,买盘
234,14:29:06,29.0,--,3,8700,买盘
235,14:29:01,29.0,--,7,20300,买盘
236,14:28:56,29.0,--,6,17400,买盘
237,14:28:46,29.0,0.01,44,127600,买盘
238,14:28:31,28.99,--,1,2899,卖盘
239,14:28:26,28.99,0.01,2,5798,中性盘
240,14:28:21,28.98,-0.01,23,66654,卖盘
241,14:28:06,28.99,0.01,6,17394,买盘
242,14:27:56,28.98,-0.01,1,2898,卖盘
243,14:27:31,28.99,--,52,150748,买盘
244,14:27:16,28.99,--,1,2899,买盘
245,14:27:01,28.99,0.01,10,28990,买盘
246,14:26:56,28.98,--,62,179676,买盘
247,14:26:51,28.98,--,20,57960,买盘
248,14:26:46,28.98,--,33,95634,买盘
249,14:26:41,28.98,--,98,284004,卖盘
250,14:26:30,28.98,--,1,2898,卖盘
251,14:26:06,28.98,0.01,2,5796,中性盘
252,14:26:00,28.97,-0.01,8,23176,卖盘
253,14:25:36,28.98,--,1,2898,卖盘
254,14:25:26,28.98,--,0,0,中性盘
255,14:25:21,28.98,--,7,20286,买盘
256,14:25:15,28.98,0.01,2,5796,买盘
257,14:25:00,28.97,-0.01,1,2897,卖盘
258,14:24:41,28.98,--,1,2898,买盘
259,14:24:36,28.98,--,3,8694,买盘
260,14:24:30,28.98,--,1,2898,买盘
261,14:24:11,28.98,--,11,31878,买盘
262,14:24:06,28.98,0.01,1,2898,买盘
263,14:24:00,28.97,-0.01,1,2897,卖盘
264,14:23:50,28.98,--,4,11592,卖盘
265,14:23:45,28.98,--,2,5796,卖盘
266,14:23:40,28.98,-0.01,4,11592,卖盘
267,14:23:30,28.99,--,5,14495,买盘
268,14:23:25,28.99,0.02,8,23192,买盘
269,14:23:06,28.97,--,0,0,卖盘
270,14:22:55,28.97,--,0,0,卖盘
271,14:22:51,28.97,-0.02,6,18453,卖盘
272,14:22:40,28.99,--,15,43485,买盘
273,14:22:35,28.99,--,0,0,买盘
274,14:22:10,28.99,--,0,0,买盘
275,14:22:05,28.99,0.02,58,168142,买盘
276,14:22:00,28.97,-0.01,1,2897,卖盘
277,14:21:55,28.98,--,2,5796,买盘
278,14:21:50,28.98,-0.01,30,86940,卖盘
279,14:21:35,28.99,--,12,34788,买盘
280,14:21:30,28.99,0.01,7,20293,买盘
281,14:21:10,28.98,--,10,28980,卖盘
282,14:21:05,28.98,--,3,8694,卖盘
283,14:21:00,28.98,--,1,2898,卖盘
284,14:20:45,28.98,--,1,2898,卖盘
285,14:20:40,28.98,--,3,8694,卖盘
286,14:20:25,28.98,--,3,8694,买盘
287,14:20:20,28.98,--,7,20286,卖盘
288,14:20:05,28.98,--,1,2898,卖盘
289,14:20:00,28.98,--,1,2898,卖盘
290,14:19:30,28.98,--,20,57960,买盘
291,14:19:24,28.98,--,6,17388,买盘
292,14:19:20,28.98,0.01,8,23184,买盘
293,14:19:00,28.97,--,2,5794,卖盘
294,14:18:35,28.97,-0.01,1,2897,卖盘
295,14:18:05,28.98,--,7,20286,卖盘
296,14:18:00,28.98,--,2,5796,卖盘
297,14:17:50,28.98,--,2,5796,卖盘
298,14:17:44,28.98,--,6,17388,买盘
299,14:17:35,28.98,--,8,23184,买盘
300,14:17:30,28.98,-0.01,11,31878,卖盘
301,14:17:20,28.99,0.01,7,20293,买盘
302,14:16:54,28.98,-0.01,3,8694,卖盘
303,14:16:50,28.99,0.01,3,8697,买盘
304,14:16:35,28.98,-0.01,1,2898,卖盘
305,14:16:20,28.99,--,0,0,买盘
306,14:16:09,28.99,0.02,2,5798,买盘
307,14:16:05,28.97,--,0,0,卖盘
308,14:15:59,28.97,-0.02,3,8691,卖盘
309,14:15:49,28.99,--,10,28990,买盘
310,14:15:39,28.99,0.02,7,20293,买盘
311,14:15:34,28.97,-0.01,7,20279,卖盘
312,14:14:59,28.98,0.01,2,5796,卖盘
313,14:14:49,28.97,-0.01,53,153541,卖盘
314,14:14:39,28.98,0.01,4,11592,买盘
315,14:14:24,28.97,--,0,0,卖盘
316,14:13:44,28.97,-0.02,8,23176,卖盘
317,14:13:29,28.99,--,0,0,买盘
318,14:13:24,28.99,0.01,30,86970,买盘
319,14:13:19,28.98,--,6,17388,卖盘
320,14:13:14,28.98,--,34,98532,买盘
321,14:13:09,28.98,0.01,1,2898,买盘
322,14:12:49,28.97,--,6,17382,卖盘
323,14:12:39,28.97,--,11,31867,买盘
324,14:12:33,28.97,--,1,2897,买盘
325,14:12:29,28.97,--,7,20279,买盘
326,14:12:24,28.97,--,5,14485,买盘
327,14:12:14,28.97,0.01,1,2897,买盘
328,14:11:59,28.96,-0.01,3,8688,卖盘
329,14:11:29,28.97,0.01,1,2897,买盘
330,14:10:59,28.96,--,1,2896,卖盘
331,14:10:53,28.96,--,0,0,卖盘
332,14:10:48,28.96,--,10,28960,卖盘
333,14:10:13,28.96,0.01,19,55024,买盘
334,14:10:08,28.95,--,4,11580,卖盘
335,14:09:53,28.95,0.01,12,34740,买盘
336,14:09:38,28.94,0.01,16,46304,买盘
337,14:09:23,28.93,--,1,2893,买盘
338,14:09:13,28.93,0.01,8,23144,买盘
339,14:09:08,28.92,--,5,14460,卖盘
340,14:08:53,28.92,--,2,5784,卖盘
341,14:08:48,28.92,0.01,31,89652,买盘
342,14:08:38,28.91,-0.01,1,2891,买盘
343,14:08:33,28.92,--,0,0,买盘
344,14:08:28,28.92,--,1,2892,买盘
345,14:08:08,28.92,0.02,20,57840,买盘
346,14:07:58,28.9,-0.03,1,2890,卖盘
347,14:07:38,28.93,0.01,8,23144,买盘
348,14:07:33,28.92,-0.01,2,5784,卖盘
349,14:07:08,28.93,0.01,3,8679,买盘
350,14:06:58,28.92,-0.01,1,2892,卖盘
351,14:06:53,28.93,--,0,0,买盘
352,14:06:43,28.93,0.03,7,20251,买盘
353,14:06:33,28.9,-0.03,2,5780,卖盘
354,14:06:12,28.93,0.03,1,2893,买盘
355,14:05:57,28.9,0.01,3,8670,买盘
356,14:05:48,28.89,-0.01,1,2889,卖盘
357,14:05:42,28.9,--,7,20230,买盘
358,14:05:23,28.9,-0.03,7,20230,卖盘
359,14:05:18,28.93,--,7,20251,买盘
360,14:05:08,28.93,--,6,17358,买盘
361,14:05:03,28.93,-0.01,12,34716,中性盘
362,14:04:48,28.94,--,0,0,买盘
363,14:04:17,28.94,0.05,7,20258,买盘
364,14:04:03,28.89,--,2,5778,卖盘
365,14:03:38,28.89,--,1,2889,买盘
366,14:03:32,28.89,--,6,17334,买盘
367,14:03:27,28.89,--,3,8667,买盘
368,14:03:23,28.89,--,3,8667,买盘
369,14:03:17,28.89,--,11,31779,卖盘
370,14:03:02,28.89,--,1,2889,卖盘
371,14:02:57,28.89,--,5,14445,卖盘
372,14:02:37,28.89,-0.05,3,8667,卖盘
373,14:02:22,28.94,0.05,1,2894,中性盘
374,14:02:07,28.89,--,7,20223,买盘
375,14:02:02,28.89,--,2,5778,买盘
376,14:01:52,28.89,--,6,17334,卖盘
377,14:01:47,28.89,-0.01,171,494019,卖盘
378,14:01:37,28.9,0.01,2,5780,买盘
379,14:01:32,28.89,-0.01,2,5778,卖盘
380,14:01:22,28.9,-0.01,36,104040,卖盘
381,14:01:02,28.91,-0.01,2,5782,卖盘
382,14:00:47,28.92,--,1,2892,买盘
383,14:00:37,28.92,-0.01,3,8676,卖盘
384,14:00:32,28.93,0.01,28,81004,买盘
385,14:00:27,28.92,-0.01,1,2892,卖盘
386,14:00:22,28.93,0.01,13,37609,买盘
387,14:00:07,28.92,--,0,0,卖盘
388,14:00:02,28.92,-0.01,3,8676,卖盘
389,13:59:57,28.93,0.01,2,5786,卖盘
390,13:59:36,28.92,--,0,0,卖盘
391,13:59:02,28.92,-0.04,1,2892,卖盘
392,13:58:27,28.96,--,2,5792,买盘
393,13:58:17,28.96,--,10,28960,买盘
394,13:58:06,28.96,0.01,9,26064,买盘
395,13:58:02,28.95,--,0,0,卖盘
396,13:57:57,28.95,--,1,2895,卖盘
397,13:57:51,28.95,--,1,2895,卖盘
398,13:57:42,28.95,0.04,48,138960,买盘
399,13:57:36,28.91,0.02,3,8673,买盘
400,13:57:12,28.89,--,28,80892,卖盘
401,13:57:02,28.89,-0.01,2,5778,卖盘
402,13:56:47,28.9,--,4,11560,买盘
403,13:56:41,28.9,0.01,3,8670,买盘
404,13:56:01,28.89,-0.02,3,8667,卖盘
405,13:55:56,28.91,--,1,2891,买盘
406,13:55:46,28.91,0.01,8,23128,买盘
407,13:55:41,28.9,-0.01,3,8670,卖盘
408,13:55:26,28.91,0.01,10,28910,买盘
409,13:55:21,28.9,-0.01,3,8670,卖盘
410,13:55:16,28.91,0.01,5,14455,中性盘
411,13:55:11,28.9,--,1,2890,买盘
412,13:55:06,28.9,--,4,11560,卖盘
413,13:55:01,28.9,--,1,2890,卖盘
414,13:54:16,28.9,--,0,0,卖盘
415,13:54:11,28.9,--,8,23120,卖盘
416,13:54:01,28.9,-0.04,2,5780,卖盘
417,13:53:56,28.94,--,3,8682,买盘
418,13:53:36,28.94,--,4,11576,买盘
419,13:53:11,28.94,0.05,5,14470,买盘
420,13:52:56,28.89,-0.01,6,17334,卖盘
421,13:52:51,28.9,--,0,0,中性盘
422,13:52:41,28.9,0.01,10,28900,买盘
423,13:52:30,28.89,--,0,0,中性盘
424,13:52:26,28.89,--,6,17334,卖盘
425,13:52:21,28.89,0.01,4,11556,买盘
426,13:51:40,28.88,--,1,2916,买盘
427,13:51:36,28.88,--,3,8664,买盘
428,13:51:21,28.88,--,1,2888,买盘
429,13:50:55,28.88,--,1,2888,卖盘
430,13:50:41,28.88,--,3,8664,卖盘
431,13:50:36,28.88,0.01,29,83752,买盘
432,13:50:15,28.87,0.01,4,11548,买盘
433,13:50:11,28.86,--,2,5772,买盘
434,13:50:00,28.86,0.01,7,20202,中性盘
435,13:49:56,28.85,-0.02,41,118285,卖盘
436,13:49:45,28.87,0.01,5,14435,买盘
437,13:49:41,28.86,--,20,57720,卖盘
438,13:49:36,28.86,--,10,28860,买盘
439,13:49:30,28.86,-0.01,2,5772,中性盘
440,13:49:26,28.87,0.02,1,2887,买盘
441,13:49:20,28.85,-0.01,8,23080,卖盘
442,13:49:15,28.86,--,2,5772,买盘
443,13:49:10,28.86,--,9,25974,买盘
444,13:49:05,28.86,--,1,2886,买盘
445,13:49:00,28.86,-0.01,21,60606,卖盘
446,13:48:55,28.87,--,33,95271,买盘
447,13:48:50,28.87,--,46,132802,买盘
448,13:48:45,28.87,--,10,28870,买盘
449,13:48:41,28.87,0.01,1,2887,买盘
450,13:48:35,28.86,--,1,2886,卖盘
451,13:48:25,28.86,--,29,83694,卖盘
452,13:48:20,28.86,-0.01,163,470418,卖盘
453,13:48:15,28.87,--,5,14435,卖盘
454,13:48:05,28.87,-0.01,4,11548,卖盘
455,13:48:00,28.88,--,4,11552,买盘
456,13:47:55,28.88,-0.01,138,398544,卖盘
457,13:47:50,28.89,--,3,8667,买盘
458,13:47:45,28.89,--,33,95337,买盘
459,13:47:40,28.89,0.01,9,26001,买盘
460,13:47:35,28.88,-0.01,1,2888,卖盘
461,13:47:25,28.89,--,12,34668,买盘
462,13:47:20,28.89,0.01,6,17334,买盘
463,13:47:15,28.88,-0.01,12,34656,卖盘
464,13:47:05,28.89,--,31,89559,买盘
465,13:47:00,28.89,--,221,638469,买盘
466,13:46:55,28.89,--,31,89559,卖盘
467,13:46:50,28.89,--,31,89559,卖盘
468,13:46:40,28.89,--,20,57780,卖盘
469,13:46:35,28.89,-0.01,17,49113,卖盘
470,13:46:30,28.9,--,100,289000,买盘
471,13:46:25,28.9,--,2,5780,买盘
472,13:46:20,28.9,--,98,283220,卖盘
473,13:46:15,28.9,-0.06,11,31790,卖盘
474,13:46:05,28.96,0.05,60,173760,买盘
475,13:46:00,28.91,-0.01,1,2891,卖盘
476,13:45:55,28.92,--,0,0,中性盘
477,13:45:50,28.92,--,10,28920,卖盘
478,13:45:15,28.92,--,29,83868,买盘
479,13:45:05,28.92,--,10,28920,买盘
480,13:44:44,28.92,0.01,7,20244,买盘
481,13:44:35,28.91,-0.01,11,31801,卖盘
482,13:44:30,28.92,--,11,31812,买盘
483,13:44:15,28.92,0.02,1,2892,买盘
484,13:44:04,28.9,--,2,5780,卖盘
485,13:44:00,28.9,--,3,8670,卖盘
486,13:43:49,28.9,--,5,14450,卖盘
487,13:43:45,28.9,--,10,28900,卖盘
488,13:43:34,28.9,--,0,0,卖盘
489,13:43:19,28.9,--,200,578000,中性盘
490,13:43:15,28.9,--,0,0,卖盘
491,13:43:04,28.9,--,4,11560,卖盘
492,13:43:00,28.9,--,1,2890,卖盘
493,13:42:49,28.9,-0.03,9,26010,卖盘
494,13:42:34,28.93,0.03,3,8679,买盘
495,13:42:29,28.9,--,33,95370,卖盘
496,13:42:19,28.9,--,0,0,卖盘
497,13:42:14,28.9,-0.02,17,49130,卖盘
498,13:42:09,28.92,--,6,17352,买盘
499,13:41:59,28.92,--,8,23136,买盘
500,13:41:34,28.92,--,2,5784,买盘
501,13:41:29,28.92,--,0,0,买盘
502,13:41:24,28.92,--,1,2892,买盘
503,13:41:19,28.92,-0.01,2,5784,买盘
504,13:41:14,28.93,--,0,0,买盘
505,13:41:08,28.93,--,6,17358,买盘
506,13:40:59,28.93,--,10,28930,买盘
507,13:40:53,28.93,0.03,12,34716,买盘
508,13:40:49,28.9,--,20,57800,卖盘
509,13:40:44,28.9,--,3,8670,卖盘
510,13:40:34,28.9,--,20,59678,买盘
511,13:40:29,28.9,--,10,28900,买盘
512,13:40:24,28.9,0.01,50,144500,买盘
513,13:40:08,28.89,-0.01,16,46224,卖盘
514,13:40:04,28.9,0.01,7,20230,买盘
515,13:39:59,28.89,--,5,14445,卖盘
516,13:39:49,28.89,-0.01,5,14445,卖盘
517,13:39:44,28.9,-0.03,201,581901,卖盘
518,13:39:38,28.93,--,5,14465,卖盘
519,13:39:34,28.93,--,2,5786,卖盘
520,13:39:29,28.93,--,4,11572,买盘
521,13:39:23,28.93,--,2,5786,买盘
522,13:39:14,28.93,--,3,8679,卖盘
523,13:39:08,28.93,--,4,11572,卖盘
524,13:39:04,28.93,--,0,0,卖盘
525,13:38:59,28.93,-0.02,11,31823,买盘
526,13:38:53,28.95,0.02,6,17370,买盘
527,13:38:49,28.93,0.02,1,2893,买盘
528,13:38:44,28.91,-0.02,144,416304,卖盘
529,13:38:34,28.93,--,0,0,中性盘
530,13:38:29,28.93,--,2,5786,买盘
531,13:38:19,28.93,-0.02,24,69432,卖盘
532,13:37:59,28.95,-0.01,43,124485,卖盘
533,13:37:53,28.96,--,20,57920,卖盘
534,13:37:44,28.96,-0.01,3,8688,卖盘
535,13:37:34,28.97,--,22,63734,卖盘
536,13:37:14,28.97,-0.01,12,34764,卖盘
537,13:36:59,28.98,--,29,84042,卖盘
538,13:36:53,28.98,--,26,75348,卖盘
539,13:36:47,28.98,--,39,113022,卖盘
540,13:36:23,28.98,-0.01,7,20286,卖盘
541,13:36:13,28.99,-0.01,2,5798,卖盘
542,13:36:08,29.0,--,6,17400,卖盘
543,13:36:02,29.0,--,2,5800,卖盘
544,13:35:58,29.0,0.01,2,5800,卖盘
545,13:35:53,28.99,--,0,0,卖盘
546,13:35:47,28.99,-0.02,12,34788,卖盘
547,13:35:38,29.01,--,10,29010,买盘
548,13:35:32,29.01,--,0,0,买盘
549,13:35:02,29.01,0.01,2,5802,买盘
550,13:34:58,29.0,0.01,1,2900,买盘
551,13:34:53,28.99,-0.01,2,5798,卖盘
552,13:34:32,29.0,--,0,0,中性盘
553,13:34:13,29.0,--,0,0,卖盘
554,13:34:02,29.0,-0.01,1,2900,卖盘
555,13:33:58,29.01,--,0,0,买盘
556,13:33:43,29.01,0.01,3,8703,买盘
557,13:33:32,29.0,--,0,0,中性盘
558,13:33:28,29.0,--,15,43500,买盘
559,13:33:02,29.0,0.01,14,40600,买盘
560,13:32:38,28.99,--,10,28990,卖盘
561,13:32:32,28.99,--,1,2899,卖盘
562,13:32:02,28.99,--,2,5798,卖盘
563,13:31:53,28.99,--,9,26091,卖盘
564,13:31:17,28.99,-0.01,8,23192,卖盘
565,13:31:02,29.0,--,41,120118,卖盘
566,13:30:53,29.0,--,19,55100,卖盘
567,13:30:47,29.0,--,1,2900,卖盘
568,13:30:38,29.0,--,10,30682,买盘
569,13:30:32,29.0,--,13,37700,卖盘
570,13:30:23,29.0,--,27,78300,卖盘
571,13:30:17,29.0,--,9,26100,卖盘
572,13:30:02,29.0,--,1,2900,卖盘
573,13:29:32,29.0,--,1,2900,卖盘
574,13:29:26,29.0,--,4,11600,卖盘
575,13:29:23,29.0,--,10,29000,卖盘
576,13:29:08,29.0,--,18,52200,卖盘
577,13:29:02,29.0,0.01,48,139200,买盘
578,13:28:52,28.99,--,8,23192,卖盘
579,13:28:32,28.99,-0.01,1,2899,卖盘
580,13:28:26,29.0,0.01,7,20300,买盘
581,13:28:02,28.99,--,1,2899,卖盘
582,13:27:52,28.99,--,2,5798,卖盘
583,13:27:32,28.99,-0.01,1,2899,卖盘
584,13:27:26,29.0,-0.01,8,23200,买盘
585,13:27:22,29.01,0.02,6,17406,买盘
586,13:27:07,28.99,--,10,28990,卖盘
587,13:27:02,28.99,-0.01,3,8697,卖盘
588,13:26:56,29.0,0.01,5,14500,买盘
589,13:26:37,28.99,-0.01,2,5798,卖盘
590,13:26:32,29.0,0.01,7,20300,买盘
591,13:26:26,28.99,-0.01,10,28990,卖盘
592,13:26:11,29.0,-0.01,4,13398,卖盘
593,13:26:02,29.01,0.01,41,118941,买盘
594,13:25:52,29.0,--,2,5800,卖盘
595,13:25:32,29.0,-0.01,15,43500,卖盘
596,13:25:26,29.01,0.01,10,29010,买盘
597,13:25:01,29.0,--,3,8700,卖盘
598,13:24:46,29.0,-0.01,2,5800,卖盘
599,13:24:41,29.01,--,8,23208,买盘
600,13:24:31,29.01,0.01,8,23208,买盘
601,13:24:07,29.0,-0.01,11,31900,卖盘
602,13:24:01,29.01,--,3,8703,买盘
603,13:23:56,29.01,--,1,5569,卖盘
604,13:23:46,29.01,--,1,2901,卖盘
605,13:23:37,29.01,--,2,5802,卖盘
606,13:23:31,29.01,0.01,2,6034,买盘
607,13:23:22,29.0,-0.01,22,63800,卖盘
608,13:23:11,29.01,0.01,12,34812,买盘
609,13:23:01,29.0,--,8,24302,买盘
610,13:22:56,29.0,-0.01,16,48198,卖盘
611,13:22:37,29.01,--,8,23208,买盘
612,13:22:11,29.01,--,27,78327,买盘
613,13:22:07,29.01,--,10,29010,买盘
614,13:22:01,29.01,0.01,82,237882,买盘
615,13:21:56,29.0,--,5,14500,卖盘
616,13:21:52,29.0,-0.01,2,5800,卖盘
617,13:21:46,29.01,--,2,5802,买盘
618,13:21:41,29.01,0.01,7,20307,买盘
619,13:21:31,29.0,-0.01,1,2900,卖盘
620,13:21:26,29.01,0.01,1,2901,买盘
621,13:21:16,29.0,--,1,2900,卖盘
622,13:21:01,29.0,--,8,23200,卖盘
623,13:20:56,29.0,--,20,59102,买盘
624,13:20:46,29.0,--,2,5800,买盘
625,13:20:41,29.0,--,7,20300,买盘
626,13:20:16,29.0,--,2,5800,买盘
627,13:20:11,29.0,--,6,17400,买盘
628,13:20:01,29.0,--,6,17400,买盘
629,13:19:56,29.0,-0.01,18,53998,卖盘
630,13:19:46,29.01,0.01,7,20307,买盘
631,13:19:41,29.0,--,19,56202,买盘
632,13:19:35,29.0,0.01,3,8700,买盘
633,13:19:31,28.99,-0.01,1,2899,卖盘
634,13:19:26,29.0,--,3,8700,买盘
635,13:19:16,29.0,-0.01,11,33698,卖盘
636,13:19:11,29.01,0.01,21,60921,买盘
637,13:19:05,29.0,--,30,87000,卖盘
638,13:19:01,29.0,-0.01,2,5800,卖盘
639,13:18:50,29.01,0.01,2,5802,买盘
640,13:18:46,29.0,-0.01,8,23200,卖盘
641,13:18:41,29.01,0.01,1,2901,买盘
642,13:18:31,29.0,-0.01,2,5800,卖盘
643,13:18:26,29.01,--,11,31911,买盘
644,13:18:20,29.01,0.01,1,2901,买盘
645,13:18:16,29.0,-0.01,30,87000,卖盘
646,13:18:11,29.01,0.01,4,11604,买盘
647,13:18:05,29.0,--,3,8700,卖盘
648,13:18:01,29.0,-0.01,1,2900,卖盘
649,13:17:56,29.01,--,20,58020,买盘
650,13:17:50,29.01,-0.04,55,161643,卖盘
651,13:17:46,29.05,--,8,23240,买盘
652,13:17:35,29.05,--,0,0,买盘
653,13:17:10,29.05,--,1,2905,买盘
654,13:17:05,29.05,0.04,1,2905,买盘
655,13:17:01,29.01,-0.04,1,2901,卖盘
656,13:16:55,29.05,0.04,3,8715,买盘
657,13:16:50,29.01,-0.04,5,14505,卖盘
658,13:16:46,29.05,-0.01,7,20335,买盘
659,13:16:35,29.06,--,0,0,买盘
660,13:16:25,29.06,0.05,3,8718,买盘
661,13:16:20,29.01,-0.05,10,29010,卖盘
662,13:16:05,29.06,0.04,13,37778,买盘
663,13:15:55,29.02,--,40,116080,买盘
664,13:15:50,29.02,0.01,8,23216,买盘
665,13:15:40,29.01,-0.01,3,8703,卖盘
666,13:15:35,29.02,--,3,8706,买盘
667,13:15:25,29.02,-0.02,8,23216,卖盘
668,13:15:20,29.04,--,7,20328,买盘
669,13:15:15,29.04,-0.01,19,55176,卖盘
670,13:15:10,29.05,-0.01,36,104580,卖盘
671,13:15:05,29.06,0.01,9,26154,买盘
672,13:15:00,29.05,--,2,5810,卖盘
673,13:14:50,29.05,0.01,10,29050,中性盘
674,13:14:40,29.04,--,4,11616,卖盘
675,13:14:25,29.04,0.02,2,5808,卖盘
676,13:14:20,29.02,--,0,0,卖盘
677,13:14:05,29.02,--,3,8706,卖盘
678,13:14:00,29.02,-0.04,1,2902,卖盘
679,13:13:50,29.06,--,7,20342,买盘
680,13:13:35,29.06,--,0,0,买盘
681,13:13:30,29.06,0.05,2,5812,买盘
682,13:13:25,29.01,--,0,0,卖盘
683,13:13:10,29.01,--,2,5802,卖盘
684,13:13:05,29.01,--,2,5802,卖盘
685,13:12:59,29.01,--,2,5802,卖盘
686,13:12:55,29.01,--,4,12416,买盘
687,13:12:50,29.01,0.01,12,34812,买盘
688,13:12:10,29.0,--,2,5800,卖盘
689,13:12:05,29.0,0.01,6,18502,买盘
690,13:11:59,28.99,--,30,88071,卖盘
691,13:11:44,28.99,--,31,90970,卖盘
692,13:11:40,28.99,--,19,56182,卖盘
693,13:11:35,28.99,--,1,2899,卖盘
694,13:11:29,28.99,--,19,56182,卖盘
695,13:11:14,28.99,--,2,5798,卖盘
696,13:10:59,28.99,-0.01,10,28990,卖盘
697,13:10:55,29.0,--,0,0,中性盘
698,13:10:50,29.0,-0.01,5,14500,卖盘
699,13:10:44,29.01,--,0,0,买盘
700,13:10:35,29.01,--,36,104436,买盘
701,13:10:29,29.01,--,3,8993,卖盘
702,13:10:20,29.01,-0.05,21,62023,卖盘
703,13:10:14,29.06,0.05,4,11624,买盘
704,13:10:10,29.01,--,0,0,卖盘
705,13:10:05,29.01,-0.03,35,101535,卖盘
706,13:09:59,29.04,--,2,5808,卖盘
707,13:09:44,29.04,--,8,23232,卖盘
708,13:09:34,29.04,--,18,52272,买盘
709,13:08:59,29.04,0.01,8,23232,买盘
710,13:08:49,29.03,-0.01,1,2903,买盘
711,13:08:34,29.04,--,0,0,买盘
712,13:08:14,29.04,--,3,8712,卖盘
713,13:08:04,29.04,0.03,4,11616,买盘
714,13:07:59,29.01,--,23,67825,卖盘
715,13:07:54,29.01,--,19,56221,卖盘
716,13:07:44,29.01,--,19,56221,卖盘
717,13:07:34,29.01,--,0,0,卖盘
718,13:07:29,29.01,0.01,12,35914,买盘
719,13:07:19,29.0,-0.01,7,20300,卖盘
720,13:07:14,29.01,-0.03,26,75426,卖盘
721,13:07:04,29.04,--,9,26136,卖盘
722,13:06:59,29.04,--,19,56279,卖盘
723,13:06:54,29.04,--,0,0,卖盘
724,13:06:49,29.04,--,19,56279,卖盘
725,13:06:44,29.04,-0.04,12,37519,卖盘
726,13:06:39,29.08,--,1,2908,买盘
727,13:06:34,29.08,0.01,21,63743,买盘
728,13:06:29,29.07,-0.01,12,35407,卖盘
729,13:06:09,29.08,-0.01,14,40944,卖盘
730,13:06:04,29.09,0.01,4,11636,买盘
731,13:05:59,29.08,--,1,2908,卖盘
732,13:05:49,29.08,0.01,23,69559,中性盘
733,13:05:44,29.07,--,5,14535,卖盘
734,13:05:39,29.07,--,12,37558,卖盘
735,13:05:29,29.07,--,12,37558,卖盘
736,13:05:24,29.07,--,190,555178,买盘
737,13:05:19,29.07,--,2,5814,卖盘
738,13:05:14,29.07,--,1,2907,卖盘
739,13:05:08,29.07,0.01,8,23256,买盘
740,13:04:59,29.06,-0.01,1,2906,卖盘
741,13:04:44,29.07,--,2,5814,买盘
742,13:04:38,29.07,--,4,11628,卖盘
743,13:04:29,29.07,-0.03,10,29070,卖盘
744,13:04:23,29.1,0.03,11,32010,买盘
745,13:04:14,29.07,-0.03,2,5814,卖盘
746,13:04:08,29.1,0.03,9,26190,买盘
747,13:03:59,29.07,-0.03,2,5814,中性盘
748,13:03:38,29.1,0.02,2,5820,买盘
749,13:03:29,29.08,-0.01,10,29080,卖盘
750,13:03:14,29.09,0.03,4,11636,买盘
751,13:03:08,29.06,--,0,0,卖盘
752,13:03:04,29.06,--,1,2906,卖盘
753,13:02:59,29.06,-0.04,1,2906,卖盘
754,13:02:38,29.1,0.02,6,17460,买盘
755,13:02:34,29.08,-0.02,17,49436,卖盘
756,13:02:23,29.1,--,0,0,买盘
757,13:02:19,29.1,0.01,122,355020,买盘
758,13:02:14,29.09,0.01,3,8727,买盘
759,13:02:08,29.08,--,6,17448,卖盘
760,13:01:59,29.08,--,0,0,卖盘
761,13:01:53,29.08,0.01,2,5816,买盘
762,13:01:49,29.07,--,0,0,中性盘
763,13:01:34,29.07,--,1,2907,卖盘
764,13:01:28,29.07,0.03,29,84303,买盘
765,13:01:08,29.04,0.03,2,5808,买盘
766,13:01:04,29.01,--,21,60921,卖盘
767,13:00:58,29.01,--,1,2901,卖盘
768,13:00:08,29.01,0.01,196,568596,买盘
769,13:00:04,29.0,-0.01,33,95700,卖盘
770,11:30:00,29.01,--,0,0,买盘
771,11:29:59,29.01,--,0,0,买盘
772,11:29:34,29.01,0.01,3,8703,买盘
773,11:29:29,29.0,--,10,29000,卖盘
774,11:29:19,29.0,--,4,11600,卖盘
775,11:29:09,29.0,0.01,32,92800,买盘
776,11:29:04,28.99,-0.01,9,26091,卖盘
777,11:28:49,29.0,0.01,10,29000,买盘
778,11:28:39,28.99,-0.01,4,11596,卖盘
779,11:28:34,29.0,--,14,40600,买盘
780,11:28:29,29.0,0.01,30,87000,买盘
781,11:28:19,28.99,--,5,14495,卖盘
782,11:28:04,28.99,-0.01,2,5798,卖盘
783,11:27:59,29.0,--,70,203000,买盘
784,11:27:54,29.0,0.01,20,58000,买盘
785,11:27:34,28.99,-0.01,1,2899,卖盘
786,11:27:14,29.0,0.01,83,240700,买盘
787,11:27:04,28.99,--,2,5798,卖盘
788,11:26:59,28.99,--,2,5798,卖盘
789,11:26:39,28.99,--,0,0,卖盘
790,11:26:34,28.99,-0.02,1,2899,卖盘
791,11:26:29,29.01,0.02,10,29010,买盘
792,11:25:59,28.99,--,3,8697,卖盘
793,11:25:33,28.99,--,0,0,卖盘
794,11:24:59,28.99,-0.01,2,5798,卖盘
795,11:24:33,29.0,0.01,1,2900,卖盘
796,11:24:24,28.99,--,0,0,卖盘
797,11:23:59,28.99,-0.01,2,5798,卖盘
798,11:23:48,29.0,0.01,4,11600,买盘
799,11:23:38,28.99,--,1,2899,卖盘
800,11:23:29,28.99,--,0,0,卖盘
801,11:22:53,28.99,0.01,2,5798,买盘
802,11:22:48,28.98,-0.01,6,17388,卖盘
803,11:22:38,28.99,0.01,5,14495,买盘
804,11:22:08,28.98,--,22,63756,卖盘
805,11:21:58,28.98,-0.01,3,8694,卖盘
806,11:21:28,28.99,--,8,23192,卖盘
807,11:21:23,28.99,--,0,0,卖盘
808,11:21:13,28.99,-0.01,20,57980,卖盘
809,11:21:03,29.0,--,0,0,中性盘
810,11:20:58,29.0,--,1,2900,卖盘
811,11:20:53,29.0,--,6,17400,买盘
812,11:20:43,29.0,-0.02,4,11600,买盘
813,11:20:38,29.02,--,0,0,买盘
814,11:20:33,29.02,--,0,0,买盘
815,11:20:08,29.02,0.03,50,145100,买盘
816,11:20:03,28.99,0.01,1,2899,中性盘
817,11:19:48,28.98,-0.01,3,8694,卖盘
818,11:19:33,28.99,--,0,0,中性盘
819,11:19:23,28.99,0.01,60,173940,买盘
820,11:18:57,28.98,-0.01,52,150696,卖盘
821,11:18:53,28.99,--,3,8697,买盘
822,11:18:23,28.99,--,4,11596,买盘
823,11:18:18,28.99,-0.02,81,234819,卖盘
824,11:18:12,29.01,0.02,3,8703,买盘
825,11:18:03,28.99,-0.02,1,2899,卖盘
826,11:17:57,29.01,--,2,5802,买盘
827,11:17:48,29.01,--,0,0,买盘
828,11:17:27,29.01,0.04,50,145050,买盘
829,11:17:23,28.97,-0.03,19,55043,卖盘
830,11:17:12,29.0,--,18,52200,买盘
831,11:17:02,29.0,0.03,7,20300,买盘
832,11:16:47,28.97,-0.03,1,2897,卖盘
833,11:16:07,29.0,0.01,34,98600,买盘
834,11:16:02,28.99,--,0,0,中性盘
835,11:15:42,28.99,--,1,2899,买盘
836,11:15:32,28.99,--,0,0,中性盘
837,11:15:22,28.99,--,40,115960,买盘
838,11:15:17,28.99,0.02,160,463840,买盘
839,11:15:02,28.97,-0.01,8,23176,卖盘
840,11:14:32,28.98,--,5,14490,买盘
841,11:14:22,28.98,0.02,7,20286,买盘
842,11:14:07,28.96,--,0,0,卖盘
843,11:14:02,28.96,--,0,0,卖盘
844,11:13:56,28.96,--,0,0,卖盘
845,11:13:47,28.96,-0.01,14,40544,卖盘
846,11:13:32,28.97,0.01,15,43455,买盘
847,11:13:02,28.96,-0.01,1,2896,卖盘
848,11:12:17,28.97,-0.02,6,17382,买盘
849,11:12:11,28.99,0.01,9,26091,买盘
850,11:12:02,28.98,0.02,51,147798,买盘
851,11:11:57,28.96,--,12,34752,卖盘
852,11:11:27,28.96,-0.02,12,34752,卖盘
853,11:10:57,28.98,--,0,0,买盘
854,11:10:46,28.98,0.01,33,95634,买盘
855,11:10:32,28.97,-0.01,1,2897,卖盘
856,11:10:16,28.98,--,0,0,买盘
857,11:10:12,28.98,--,4,11592,买盘
858,11:10:02,28.98,--,1,2898,买盘
859,11:09:46,28.98,--,20,57960,买盘
860,11:09:31,28.98,--,0,0,买盘
861,11:09:16,28.98,0.06,100,289800,买盘
862,11:09:06,28.92,--,0,0,卖盘
863,11:08:56,28.92,-0.05,1,2892,卖盘
864,11:08:51,28.97,0.01,50,144850,买盘
865,11:08:31,28.96,--,0,0,中性盘
866,11:08:11,28.96,0.04,4,11584,买盘
867,11:08:01,28.92,-0.06,1,2892,卖盘
868,11:07:41,28.98,--,0,0,买盘
869,11:07:36,28.98,--,0,0,买盘
870,11:07:31,28.98,--,0,0,买盘
871,11:07:20,28.98,0.01,15,43470,买盘
872,11:07:11,28.97,0.07,3,8691,买盘
873,11:07:06,28.9,--,0,0,卖盘
874,11:07:01,28.9,--,1,2890,卖盘
875,11:06:11,28.9,--,38,111698,卖盘
876,11:05:51,28.9,--,8,23120,买盘
877,11:05:41,28.9,--,10,28900,买盘
878,11:05:26,28.9,--,23,66470,买盘
879,11:05:21,28.9,--,12,34680,买盘
880,11:05:14,28.9,-0.05,16,46240,卖盘
881,11:05:11,28.95,0.05,24,69480,买盘
882,11:05:06,28.9,--,0,0,卖盘
883,11:05:00,28.9,--,1,2890,卖盘
884,11:04:35,28.9,-0.01,20,57800,卖盘
885,11:04:26,28.91,--,6,17346,买盘
886,11:04:14,28.91,--,3,8673,买盘
887,11:04:05,28.91,0.01,13,37583,买盘
888,11:03:59,28.9,--,2,5780,卖盘
889,11:03:51,28.9,--,2,5780,卖盘
890,11:03:40,28.9,--,1,2890,卖盘
891,11:03:35,28.9,--,1,2890,卖盘
892,11:03:21,28.9,--,4,11560,卖盘
893,11:03:10,28.9,--,1,2890,卖盘
894,11:02:35,28.9,--,22,63580,卖盘
895,11:02:29,28.9,-0.01,3,8670,卖盘
896,11:02:20,28.91,--,5,14455,买盘
897,11:02:05,28.91,0.01,3,8673,买盘
898,11:01:59,28.9,--,2,5780,卖盘
899,11:01:55,28.9,--,1,2890,卖盘
900,11:01:35,28.9,--,10,28900,卖盘
901,11:01:29,28.9,-0.01,24,69360,卖盘
902,11:01:25,28.91,--,5,14455,买盘
903,11:01:10,28.91,--,4,11564,卖盘
904,11:01:05,28.91,--,0,0,卖盘
905,11:00:59,28.91,--,0,0,中性盘
906,11:00:55,28.91,0.01,7,20237,买盘
907,11:00:50,28.9,--,125,361250,卖盘
908,11:00:44,28.9,--,3,8670,卖盘
909,11:00:35,28.9,-0.01,97,280330,卖盘
910,11:00:29,28.91,0.01,2,5782,买盘
911,11:00:20,28.9,-0.01,6,17340,卖盘
912,11:00:05,28.91,--,125,361375,卖盘
913,10:59:59,28.91,-0.01,2,5782,卖盘
914,10:59:44,28.92,-0.02,62,179304,卖盘
915,10:59:40,28.94,--,38,111129,卖盘
916,10:59:35,28.94,-0.01,5,14470,卖盘
917,10:59:23,28.95,0.01,3,8685,买盘
918,10:58:59,28.94,--,3,10997,卖盘
919,10:58:50,28.94,--,3,8682,卖盘
920,10:58:35,28.94,--,2,8103,卖盘
921,10:58:29,28.94,--,6,17364,卖盘
922,10:57:59,28.94,-0.01,3,8682,卖盘
923,10:57:29,28.95,--,4,11580,买盘
924,10:57:14,28.95,0.03,7,20265,买盘
925,10:57:04,28.92,--,0,0,卖盘
926,10:56:59,28.92,-0.03,23,66516,卖盘
927,10:56:44,28.95,--,2,5790,买盘
928,10:56:29,28.95,0.01,4,11580,买盘
929,10:56:19,28.94,-0.01,1,2894,卖盘
930,10:56:04,28.95,0.01,2,5790,买盘
931,10:55:59,28.94,-0.01,4,11576,卖盘
932,10:55:34,28.95,--,7,21278,卖盘
933,10:55:29,28.95,--,0,0,卖盘
934,10:55:23,28.95,--,5,14475,卖盘
935,10:54:59,28.95,--,2,5790,卖盘
936,10:54:29,28.95,--,2,7671,买盘
937,10:54:19,28.95,--,22,64703,卖盘
938,10:53:59,28.95,-0.02,3,8685,卖盘
939,10:53:53,28.97,--,0,0,买盘
940,10:53:49,28.97,0.02,1,2897,买盘
941,10:53:44,28.95,--,2,5790,卖盘
942,10:53:34,28.95,--,0,0,卖盘
943,10:53:29,28.95,--,1,5211,卖盘
944,10:53:23,28.95,-0.01,0,2460,卖盘
945,10:53:13,28.96,-0.02,19,55024,卖盘
946,10:53:08,28.98,--,3,8694,买盘
947,10:53:04,28.98,--,3,8694,买盘
948,10:52:59,28.98,--,5,14490,买盘
949,10:52:49,28.98,--,10,28980,买盘
950,10:52:44,28.98,--,6,17388,卖盘
951,10:52:38,28.98,--,1,2898,卖盘
952,10:52:34,28.98,--,1,2898,卖盘
953,10:52:29,28.98,--,2,5796,卖盘
954,10:52:17,28.98,-0.01,2,5796,卖盘
955,10:52:08,28.99,0.01,4,11596,买盘
956,10:52:02,28.98,-0.01,2,5796,卖盘
957,10:51:43,28.99,0.01,2,5798,买盘
958,10:51:38,28.98,--,2,5796,卖盘
959,10:51:32,28.98,--,1,2898,卖盘
960,10:51:23,28.98,--,1,2898,买盘
961,10:51:17,28.98,0.02,14,40572,买盘
962,10:51:14,28.96,-0.01,5,14480,卖盘
963,10:51:08,28.97,--,0,0,中性盘
964,10:50:58,28.97,--,1,2897,卖盘
965,10:50:53,28.97,0.01,4,11588,买盘
966,10:50:38,28.96,--,57,165072,买盘
967,10:50:28,28.96,0.01,7,20272,买盘
968,10:50:02,28.95,--,1,2895,卖盘
969,10:49:53,28.95,--,8,23160,买盘
970,10:49:43,28.95,--,5,14475,买盘
971,10:49:38,28.95,--,16,46320,买盘
972,10:49:28,28.95,0.01,7,20265,买盘
973,10:48:58,28.94,--,39,112866,卖盘
974,10:48:52,28.94,--,1,5209,卖盘
975,10:48:43,28.94,--,1,2894,卖盘
976,10:48:37,28.94,--,1,5209,卖盘
977,10:48:32,28.94,-0.01,10,28940,卖盘
978,10:48:17,28.95,--,0,0,中性盘
979,10:48:07,28.95,--,0,0,卖盘
980,10:48:02,28.95,--,2,5790,卖盘
981,10:47:52,28.95,--,0,0,中性盘
982,10:47:47,28.95,-0.01,1,2895,买盘
983,10:47:32,28.96,0.02,7,20272,买盘
984,10:47:28,28.94,-0.01,3,8682,卖盘
985,10:47:02,28.95,-0.01,4,11580,卖盘
986,10:46:47,28.96,--,51,147696,卖盘
987,10:46:37,28.96,-0.01,1,2896,卖盘
988,10:46:32,28.97,0.02,14,40558,买盘
989,10:46:22,28.95,--,1,2895,卖盘
990,10:46:17,28.95,--,1,2895,卖盘
991,10:46:13,28.95,--,0,0,卖盘
992,10:46:02,28.95,-0.01,3,8685,卖盘
993,10:45:43,28.96,--,6,17376,卖盘
994,10:45:37,28.96,-0.01,8,23168,卖盘
995,10:45:22,28.97,--,4,11588,卖盘
996,10:45:02,28.97,-0.01,4,11588,卖盘
997,10:44:52,28.98,--,5,14490,买盘
998,10:44:32,28.98,--,2,5796,买盘
999,10:44:22,28.98,--,2,5796,买盘
1000,10:44:11,28.98,0.01,10,28980,买盘
1001,10:44:07,28.97,-0.01,1,2897,卖盘
1002,10:44:02,28.98,0.01,2,5796,买盘
1003,10:43:37,28.97,--,2,5794,买盘
1004,10:43:17,28.97,--,2,5794,买盘
1005,10:43:11,28.97,0.01,2,5794,买盘
1006,10:42:56,28.96,--,2,5792,买盘
1007,10:42:47,28.96,0.01,10,28960,买盘
1008,10:42:26,28.95,--,153,442935,买盘
1009,10:42:17,28.95,--,8,23160,买盘
1010,10:42:11,28.95,0.01,52,150540,买盘
1011,10:42:02,28.94,-0.01,21,60774,卖盘
1012,10:41:47,28.95,0.01,10,28950,买盘
1013,10:41:31,28.94,-0.01,1,2894,卖盘
1014,10:41:17,28.95,0.01,50,144750,买盘
1015,10:41:01,28.94,-0.01,12,34728,卖盘
1016,10:40:46,28.95,--,10,28950,买盘
1017,10:40:41,28.95,0.01,8,23160,买盘
1018,10:40:31,28.94,-0.01,1,2894,卖盘
1019,10:40:26,28.95,--,5,14475,买盘
1020,10:40:16,28.95,--,20,57900,买盘
1021,10:40:07,28.95,0.01,8,23160,买盘
1022,10:40:01,28.94,-0.01,3,8682,卖盘
1023,10:39:46,28.95,0.01,7,20265,买盘
1024,10:39:31,28.94,--,1,2894,卖盘
1025,10:39:01,28.94,-0.01,3,8682,卖盘
1026,10:38:46,28.95,0.01,8,23160,买盘
1027,10:38:31,28.94,--,1,2894,卖盘
1028,10:38:16,28.94,-0.01,1,2894,卖盘
1029,10:38:11,28.95,0.01,1,2895,买盘
1030,10:38:01,28.94,-0.01,2,5788,卖盘
1031,10:37:46,28.95,0.01,10,28950,买盘
1032,10:37:41,28.94,--,2,5788,买盘
1033,10:37:31,28.94,--,4,11576,卖盘
1034,10:37:26,28.94,-0.01,3,8682,卖盘
1035,10:37:11,28.95,0.01,8,23160,买盘
1036,10:37:01,28.94,--,2,5788,卖盘
1037,10:36:50,28.94,0.01,5,14470,买盘
1038,10:36:46,28.93,0.01,1,2893,卖盘
1039,10:36:31,28.92,--,6,17352,卖盘
1040,10:36:01,28.92,-0.02,4,11568,卖盘
1041,10:35:56,28.94,0.02,7,20258,买盘
1042,10:35:31,28.92,--,0,0,卖盘
1043,10:35:26,28.92,-0.02,41,118572,卖盘
1044,10:35:20,28.94,--,3,8682,卖盘
1045,10:35:11,28.94,0.01,62,179428,买盘
1046,10:35:05,28.93,-0.01,19,54967,卖盘
1047,10:35:01,28.94,--,11,31834,买盘
1048,10:34:56,28.94,-0.01,37,107078,卖盘
1049,10:34:50,28.95,0.01,3,8685,买盘
1050,10:34:35,28.94,--,11,31834,卖盘
1051,10:34:16,28.94,--,13,37622,卖盘
1052,10:34:11,28.94,--,4,11576,卖盘
1053,10:34:05,28.94,-0.01,1,2894,卖盘
1054,10:33:55,28.95,0.01,8,23160,买盘
1055,10:33:35,28.94,-0.01,1,2894,卖盘
1056,10:33:20,28.95,0.01,2,5790,买盘
1057,10:33:05,28.94,-0.01,2,5788,卖盘
1058,10:33:01,28.95,-0.01,38,110010,卖盘
1059,10:32:55,28.96,--,7,20272,买盘
1060,10:32:40,28.96,--,2,5792,买盘
1061,10:32:25,28.96,0.01,10,28960,买盘
1062,10:32:05,28.95,-0.01,3,8685,卖盘
1063,10:32:00,28.96,0.01,8,23168,买盘
1064,10:31:45,28.95,--,0,0,中性盘
1065,10:31:35,28.95,--,20,57900,买盘
1066,10:31:15,28.95,--,10,28950,买盘
1067,10:31:05,28.95,--,11,31845,买盘
1068,10:31:00,28.95,0.01,9,26055,买盘
1069,10:30:35,28.94,-0.01,1,2894,卖盘
1070,10:30:20,28.95,-0.01,11,31845,卖盘
1071,10:30:05,28.96,--,68,196928,卖盘
1072,10:30:00,28.96,-0.01,3,8688,卖盘
1073,10:29:20,28.97,--,0,0,买盘
1074,10:29:14,28.97,--,1,2897,买盘
1075,10:29:10,28.97,--,5,14485,买盘
1076,10:29:05,28.97,0.02,8,23176,买盘
1077,10:28:59,28.95,-0.02,16,46320,卖盘
1078,10:28:25,28.97,-0.01,4,11588,买盘
1079,10:28:14,28.98,0.01,5,14490,卖盘
1080,10:28:05,28.97,--,2,5794,中性盘
1081,10:27:59,28.97,--,2,5794,卖盘
1082,10:27:50,28.97,--,2,5794,卖盘
1083,10:27:35,28.97,-0.02,13,37661,卖盘
1084,10:27:29,28.99,--,1,2899,买盘
1085,10:27:14,28.99,0.01,9,26091,买盘
1086,10:27:10,28.98,--,15,45295,卖盘
1087,10:27:05,28.98,--,47,136206,卖盘
1088,10:26:59,28.98,--,38,110124,卖盘
1089,10:26:50,28.98,--,41,118818,卖盘
1090,10:26:44,28.98,--,10,28980,卖盘
1091,10:26:35,28.98,--,20,57960,卖盘
1092,10:26:25,28.98,--,0,0,卖盘
1093,10:26:20,28.98,-0.01,38,110124,卖盘
1094,10:26:14,28.99,--,0,0,中性盘
1095,10:26:10,28.99,--,7,20293,买盘
1096,10:25:55,28.99,0.01,5,14495,买盘
1097,10:25:50,28.98,-0.01,1,2898,卖盘
1098,10:25:35,28.99,-0.01,1,2899,卖盘
1099,10:25:19,29.0,--,7,20300,买盘
1100,10:25:14,29.0,--,7,20300,买盘
1101,10:25:10,29.0,--,0,0,中性盘
1102,10:25:04,29.0,--,28,81200,卖盘
1103,10:24:59,29.0,--,37,107300,卖盘
1104,10:24:54,29.0,--,10,29000,卖盘
1105,10:24:49,29.0,--,2,5800,卖盘
1106,10:24:44,29.0,--,38,110200,卖盘
1107,10:24:39,29.0,--,5,14500,卖盘
1108,10:24:34,29.0,--,2,5800,卖盘
1109,10:24:29,29.0,--,1,2900,卖盘
1110,10:24:19,29.0,--,11,31900,买盘
1111,10:24:14,29.0,0.01,22,63800,买盘
1112,10:24:04,28.99,--,19,55081,卖盘
1113,10:23:59,28.99,-0.01,3,8697,卖盘
1114,10:23:24,29.0,-0.01,1,2900,卖盘
1115,10:23:14,29.01,0.02,7,20307,买盘
1116,10:23:04,28.99,--,11,31889,卖盘
1117,10:22:59,28.99,-0.02,5,14495,卖盘
1118,10:22:19,29.01,0.03,7,20307,买盘
1119,10:22:14,28.98,--,0,0,卖盘
1120,10:21:59,28.98,-0.02,10,28980,卖盘
1121,10:21:49,29.0,0.02,13,38773,买盘
1122,10:21:44,28.98,-0.02,2,5796,卖盘
1123,10:21:39,29.0,--,1,2900,买盘
1124,10:21:19,29.0,0.01,10,29000,买盘
1125,10:21:14,28.99,--,3,8697,卖盘
1126,10:21:08,28.99,-0.01,1,2899,卖盘
1127,10:20:44,29.0,0.01,3,8700,买盘
1128,10:20:34,28.99,--,7,20293,买盘
1129,10:20:23,28.99,0.01,7,20293,买盘
1130,10:20:04,28.98,--,2,5796,卖盘
1131,10:19:59,28.98,--,1,2898,卖盘
1132,10:19:53,28.98,-0.01,2,5796,卖盘
1133,10:19:44,28.99,0.01,1,2899,买盘
1134,10:19:38,28.98,-0.01,50,144900,卖盘
1135,10:19:34,28.99,0.01,3,8697,买盘
1136,10:19:29,28.98,-0.02,8,23184,卖盘
1137,10:19:23,29.0,0.02,8,23200,买盘
1138,10:19:19,28.98,-0.01,4,11592,卖盘
1139,10:19:08,28.99,--,1,2899,卖盘
1140,10:19:04,28.99,--,1,2899,卖盘
1141,10:18:59,28.99,0.02,52,150748,买盘
1142,10:18:49,28.97,-0.01,35,101395,卖盘
1143,10:18:44,28.98,--,4,11592,卖盘
1144,10:18:38,28.98,--,1,2898,卖盘
1145,10:18:29,28.98,-0.01,44,127512,卖盘
1146,10:18:23,28.99,0.01,7,20293,买盘
1147,10:18:14,28.98,--,32,92736,卖盘
1148,10:18:08,28.98,--,10,28980,卖盘
1149,10:18:04,28.98,--,2,5796,卖盘
1150,10:17:59,28.98,--,1,2898,卖盘
1151,10:17:53,28.98,--,9,26082,卖盘
1152,10:17:48,28.98,--,5,14490,卖盘
1153,10:17:43,28.98,-0.01,5,14490,卖盘
1154,10:17:23,28.99,--,32,92768,卖盘
1155,10:17:08,28.99,--,22,63778,卖盘
1156,10:17:03,28.99,--,32,92768,卖盘
1157,10:16:58,28.99,--,11,31889,卖盘
1158,10:16:53,28.99,--,1,2899,卖盘
1159,10:16:48,28.99,--,1,2899,卖盘
1160,10:16:38,28.99,--,1,2899,卖盘
1161,10:16:28,28.99,--,12,34788,卖盘
1162,10:16:23,28.99,--,3,8697,卖盘
1163,10:16:18,28.99,--,1,2899,卖盘
1164,10:16:13,28.99,--,10,28990,卖盘
1165,10:16:08,28.99,--,8,23192,卖盘
1166,10:16:03,28.99,--,1,2899,卖盘
1167,10:15:58,28.99,-0.01,7,20293,卖盘
1168,10:15:48,29.0,--,3,8700,买盘
1169,10:15:43,29.0,--,51,149727,卖盘
1170,10:15:38,29.0,--,5,14500,卖盘
1171,10:15:33,29.0,-0.01,2,5800,卖盘
1172,10:15:28,29.01,0.01,7,20307,买盘
1173,10:15:23,29.0,--,2,5800,卖盘
1174,10:15:18,29.0,-0.01,1,2900,卖盘
1175,10:15:03,29.01,0.01,2,5802,买盘
1176,10:14:58,29.0,--,8,23200,卖盘
1177,10:14:53,29.0,--,41,118900,卖盘
1178,10:14:38,29.0,-0.01,2,5800,卖盘
1179,10:14:33,29.01,0.01,11,31911,买盘
1180,10:14:23,29.0,--,11,31900,卖盘
1181,10:14:03,29.0,-0.01,3,8700,卖盘
1182,10:13:47,29.01,--,3,8703,买盘
1183,10:13:32,29.01,0.01,7,20307,买盘
1184,10:13:23,29.0,--,10,29000,卖盘
1185,10:13:18,29.0,-0.01,7,20300,卖盘
1186,10:13:08,29.01,0.01,1,2901,买盘
1187,10:13:01,29.0,-0.01,68,197200,卖盘
1188,10:12:43,29.01,0.01,3,8703,买盘
1189,10:12:38,29.0,--,6,17400,卖盘
1190,10:12:16,29.0,-0.01,5,14500,卖盘
1191,10:12:12,29.01,0.01,6,17406,买盘
1192,10:12:01,29.0,-0.01,8,23200,卖盘
1193,10:11:52,29.01,--,2,5802,买盘
1194,10:11:46,29.01,-0.01,3,8703,卖盘
1195,10:11:42,29.02,-0.01,3,8706,买盘
1196,10:11:22,29.03,0.03,5,14515,买盘
1197,10:11:07,29.0,-0.02,40,116000,卖盘
1198,10:11:01,29.02,0.01,8,23216,卖盘
1199,10:10:52,29.01,--,0,0,卖盘
1200,10:10:37,29.01,--,2,5802,卖盘
1201,10:10:27,29.01,-0.02,10,29010,卖盘
1202,10:10:22,29.03,0.02,10,29030,买盘
1203,10:10:07,29.01,--,8,23208,卖盘
1204,10:10:01,29.01,--,1,2901,卖盘
1205,10:09:52,29.01,0.01,7,21380,买盘
1206,10:09:46,29.0,--,2,5800,卖盘
1207,10:09:31,29.0,-0.01,5,14500,卖盘
1208,10:09:22,29.01,0.01,2,5802,买盘
1209,10:09:16,29.0,--,3,8700,卖盘
1210,10:09:12,29.0,-0.01,10,29000,卖盘
1211,10:09:07,29.01,0.01,13,37713,买盘
1212,10:09:01,29.0,-0.01,1,2900,卖盘
1213,10:08:52,29.01,--,67,194367,买盘
1214,10:08:46,29.01,--,91,263991,卖盘
1215,10:08:37,29.01,--,0,0,卖盘
1216,10:08:27,29.01,-0.01,4,11604,卖盘
1217,10:08:22,29.02,--,0,0,卖盘
1218,10:08:16,29.02,--,28,81256,卖盘
1219,10:08:01,29.02,0.01,6,17412,买盘
1220,10:07:52,29.01,--,6,17406,买盘
1221,10:07:46,29.01,-0.02,41,118941,卖盘
1222,10:07:37,29.03,-0.01,1,2903,买盘
1223,10:07:31,29.04,--,0,0,买盘
1224,10:07:16,29.04,0.01,46,133584,买盘
1225,10:07:01,29.03,0.02,10,29030,买盘
1226,10:06:57,29.01,--,6,17406,卖盘
1227,10:06:42,29.01,--,1,2901,卖盘
1228,10:06:31,29.01,0.01,8,23208,买盘
1229,10:06:27,29.0,--,1,2900,卖盘
1230,10:06:22,29.0,0.01,2,5800,卖盘
1231,10:06:16,28.99,--,0,0,卖盘
1232,10:06:12,28.99,-0.01,1,2899,卖盘
1233,10:06:07,29.0,--,3,8700,买盘
1234,10:06:01,29.0,--,19,55100,买盘
1235,10:05:57,29.0,0.01,10,29000,买盘
1236,10:05:52,28.99,-0.01,8,23192,卖盘
1237,10:05:46,29.0,0.01,20,58000,买盘
1238,10:05:42,28.99,-0.01,1,2899,卖盘
1239,10:05:37,29.0,0.01,17,49300,买盘
1240,10:05:31,28.99,-0.01,33,95667,卖盘
1241,10:05:10,29.0,0.02,45,130500,买盘
1242,10:05:07,28.98,--,7,20286,卖盘
1243,10:05:01,28.98,-0.01,171,495558,卖盘
1244,10:04:55,28.99,0.01,2,5798,买盘
1245,10:04:52,28.98,--,5,14490,卖盘
1246,10:04:40,28.98,--,3,8694,卖盘
1247,10:04:36,28.98,-0.01,1,2898,卖盘
1248,10:04:31,28.99,--,0,0,买盘
1249,10:04:25,28.99,0.01,21,60879,买盘
1250,10:04:16,28.98,--,0,0,买盘
1251,10:04:01,28.98,--,6,17822,卖盘
1252,10:03:55,28.98,--,1,2898,卖盘
1253,10:03:46,28.98,--,2,8259,买盘
1254,10:03:40,28.98,--,3,8694,买盘
1255,10:03:31,28.98,0.03,10,28980,买盘
1256,10:03:25,28.95,-0.03,17,49215,卖盘
1257,10:03:16,28.98,--,0,0,买盘
1258,10:03:10,28.98,0.04,15,43470,买盘
1259,10:03:01,28.94,--,3,8682,卖盘
1260,10:02:55,28.94,--,31,89714,卖盘
1261,10:02:46,28.94,-0.01,3,8682,卖盘
1262,10:02:31,28.95,--,5,14475,买盘
1263,10:02:10,28.95,--,6,17370,卖盘
1264,10:02:01,28.95,--,1,2895,卖盘
1265,10:01:55,28.95,--,0,0,卖盘
1266,10:01:46,28.95,-0.01,5,14475,卖盘
1267,10:01:40,28.96,--,0,0,买盘
1268,10:01:31,28.96,-0.01,3,8688,卖盘
1269,10:01:25,28.97,--,0,0,买盘
1270,10:01:10,28.97,0.01,12,34764,买盘
1271,10:01:06,28.96,--,4,11584,卖盘
1272,10:01:01,28.96,-0.01,1,2896,卖盘
1273,10:00:51,28.97,-0.01,9,26073,卖盘
1274,10:00:40,28.98,0.01,1,2898,中性盘
1275,10:00:36,28.97,-0.02,3,8691,卖盘
1276,10:00:25,28.99,--,3,8697,买盘
1277,10:00:15,28.99,--,8,23192,买盘
1278,10:00:10,28.99,--,2,5798,买盘
1279,10:00:06,28.99,--,17,49283,卖盘
1280,09:59:51,28.99,-0.01,8,23192,卖盘
1281,09:59:40,29.0,0.01,2,5800,买盘
1282,09:59:36,28.99,-0.01,17,49283,卖盘
1283,09:59:30,29.0,0.01,3,8700,买盘
1284,09:59:25,28.99,--,9,26091,卖盘
1285,09:59:15,28.99,--,5,14495,卖盘
1286,09:59:10,28.99,0.01,15,43485,买盘
1287,09:59:06,28.98,-0.01,17,49266,卖盘
1288,09:59:00,28.99,--,3,8697,买盘
1289,09:58:55,28.99,--,5,14495,买盘
1290,09:58:51,28.99,--,1,2899,买盘
1291,09:58:40,28.99,0.01,5,14495,买盘
1292,09:58:36,28.98,--,5,14490,卖盘
1293,09:58:10,28.98,--,6,17388,卖盘
1294,09:58:05,28.98,--,2,5796,卖盘
1295,09:58:00,28.98,0.02,17,49266,买盘
1296,09:57:35,28.96,--,16,46336,卖盘
1297,09:57:10,28.96,0.02,25,72400,卖盘
1298,09:57:04,28.94,--,0,0,卖盘
1299,09:57:00,28.94,-0.01,10,28940,卖盘
1300,09:56:55,28.95,0.01,4,11580,买盘
1301,09:56:49,28.94,-0.02,9,26046,卖盘
1302,09:56:40,28.96,0.02,5,14480,买盘
1303,09:56:34,28.94,--,1,2894,卖盘
1304,09:56:30,28.94,--,3,8682,卖盘
1305,09:56:25,28.94,0.02,1,2894,买盘
1306,09:56:15,28.92,--,3,8676,卖盘
1307,09:56:04,28.92,--,71,205332,买盘
1308,09:56:00,28.92,--,5,14460,买盘
1309,09:55:55,28.92,--,30,86760,买盘
1310,09:55:49,28.92,0.01,32,92544,买盘
1311,09:55:40,28.91,-0.01,2,5782,卖盘
1312,09:55:34,28.92,--,2,5784,买盘
1313,09:55:25,28.92,--,10,28920,买盘
1314,09:55:15,28.92,0.01,2,5784,买盘
1315,09:55:10,28.91,--,1,2891,买盘
1316,09:55:04,28.91,0.01,1,2891,卖盘
1317,09:55:00,28.9,--,0,0,卖盘
1318,09:54:55,28.9,--,22,63580,卖盘
1319,09:54:45,28.9,-0.01,3,8670,卖盘
1320,09:54:40,28.91,--,5,14455,买盘
1321,09:54:34,28.91,--,5,14455,买盘
1322,09:54:25,28.91,0.01,2,5782,买盘
1323,09:54:19,28.9,--,6,17340,卖盘
1324,09:54:04,28.9,-0.01,2,5780,卖盘
1325,09:54:00,28.91,--,31,89621,买盘
1326,09:53:55,28.91,--,1,2891,买盘
1327,09:53:49,28.91,--,7,20237,买盘
1328,09:53:34,28.91,--,5,14455,买盘
1329,09:53:30,28.91,--,37,106967,卖盘
1330,09:53:24,28.91,-0.01,13,37583,卖盘
1331,09:53:19,28.92,--,42,121464,买盘
1332,09:53:15,28.92,0.01,8,23136,买盘
1333,09:53:00,28.91,-0.01,14,40474,卖盘
1334,09:52:49,28.92,--,3,8676,买盘
1335,09:52:45,28.92,0.01,20,57840,买盘
1336,09:52:15,28.91,0.01,8,23128,买盘
1337,09:52:04,28.9,--,4,11560,卖盘
1338,09:52:00,28.9,--,1,2890,卖盘
1339,09:51:49,28.9,--,18,52020,买盘
1340,09:51:45,28.9,--,10,28900,买盘
1341,09:51:39,28.9,-0.01,12,34680,卖盘
1342,09:51:34,28.91,0.01,31,89621,买盘
1343,09:51:30,28.9,--,10,28900,卖盘
1344,09:51:19,28.9,0.01,3,8670,买盘
1345,09:51:15,28.89,-0.01,10,28890,卖盘
1346,09:51:09,28.9,0.01,2,5780,买盘
1347,09:50:54,28.89,0.02,3,8667,买盘
1348,09:50:49,28.87,-0.01,60,173220,卖盘
1349,09:50:44,28.88,--,2,5776,卖盘
1350,09:50:34,28.88,--,6,17328,买盘
1351,09:50:30,28.88,--,13,37544,买盘
1352,09:50:19,28.88,--,15,43320,买盘
1353,09:50:14,28.88,-0.01,28,80864,卖盘
1354,09:50:04,28.89,0.01,14,40446,买盘
1355,09:49:59,28.88,-0.01,18,51984,卖盘
1356,09:49:43,28.89,0.03,1,2889,中性盘
1357,09:49:34,28.86,-0.02,7,20202,卖盘
1358,09:49:24,28.88,--,2,5776,买盘
1359,09:49:19,28.88,0.01,12,34656,买盘
1360,09:49:13,28.87,--,9,25983,卖盘
1361,09:49:09,28.87,-0.01,3,8661,卖盘
1362,09:49:04,28.88,0.01,21,60648,买盘
1363,09:48:58,28.87,--,3,8661,买盘
1364,09:48:49,28.87,--,10,28870,买盘
1365,09:48:43,28.87,0.01,4,11548,买盘
1366,09:48:34,28.86,--,4,11544,卖盘
1367,09:48:28,28.86,-0.01,3,8658,卖盘
1368,09:48:24,28.87,-0.01,21,60627,卖盘
1369,09:48:13,28.88,--,11,31768,买盘
1370,09:48:04,28.88,--,58,167504,卖盘
1371,09:47:58,28.88,--,39,112632,卖盘
1372,09:47:49,28.88,--,0,0,卖盘
1373,09:47:43,28.88,-0.02,11,31768,卖盘
1374,09:47:19,28.9,--,7,20230,卖盘
1375,09:47:13,28.9,--,9,26010,卖盘
1376,09:46:54,28.9,0.01,3,8670,买盘
1377,09:46:49,28.89,--,5,14445,买盘
1378,09:46:43,28.89,--,6,17334,卖盘
1379,09:46:39,28.89,--,23,66447,卖盘
1380,09:46:24,28.89,--,10,28890,卖盘
1381,09:46:13,28.89,-0.01,1,2889,卖盘
1382,09:46:09,28.9,--,13,37570,买盘
1383,09:45:58,28.9,--,22,63580,买盘
1384,09:45:48,28.9,--,5,14450,卖盘
1385,09:45:39,28.9,--,32,92480,卖盘
1386,09:45:33,28.9,--,1,2890,卖盘
1387,09:45:28,28.9,--,17,49130,卖盘
1388,09:45:24,28.9,--,0,0,中性盘
1389,09:45:13,28.9,--,0,0,卖盘
1390,09:45:09,28.9,0.02,12,34680,买盘
1391,09:45:03,28.88,--,0,0,卖盘
1392,09:44:58,28.88,-0.02,16,46208,卖盘
1393,09:44:54,28.9,--,5,14450,买盘
1394,09:44:43,28.9,0.01,10,28900,买盘
1395,09:44:39,28.89,0.01,5,14445,买盘
1396,09:44:28,28.88,-0.03,15,43320,卖盘
1397,09:44:24,28.91,0.01,67,193697,中性盘
1398,09:44:13,28.9,--,1,2890,买盘
1399,09:44:08,28.9,-0.01,11,31790,卖盘
1400,09:44:03,28.91,0.01,5,14455,卖盘
1401,09:43:58,28.9,--,0,0,卖盘
1402,09:43:53,28.9,-0.02,20,57800,卖盘
1403,09:43:43,28.92,0.01,20,57840,买盘
1404,09:43:38,28.91,0.01,6,17346,买盘
1405,09:43:33,28.9,-0.01,50,144500,卖盘
1406,09:43:23,28.91,--,35,101185,买盘
1407,09:43:18,28.91,0.01,3,8673,卖盘
1408,09:43:08,28.9,-0.01,71,205190,卖盘
1409,09:43:03,28.91,--,2,5782,卖盘
1410,09:42:58,28.91,--,7,20237,买盘
1411,09:42:53,28.91,--,1,2891,买盘
1412,09:42:48,28.91,-0.01,37,106967,卖盘
1413,09:42:43,28.92,--,9,26028,卖盘
1414,09:42:38,28.92,--,32,92544,卖盘
1415,09:42:33,28.92,-0.01,1,2892,卖盘
1416,09:42:28,28.93,0.01,6,17358,买盘
1417,09:42:23,28.92,--,6,17352,卖盘
1418,09:42:13,28.92,-0.01,20,57840,卖盘
1419,09:42:07,28.93,--,20,57860,卖盘
1420,09:42:03,28.93,-0.01,2,5786,卖盘
1421,09:41:58,28.94,0.02,11,31834,买盘
1422,09:41:52,28.92,-0.01,7,20244,卖盘
1423,09:41:48,28.93,-0.01,18,52074,卖盘
1424,09:41:43,28.94,0.01,2,5788,买盘
1425,09:41:33,28.93,-0.01,1,2893,卖盘
1426,09:41:22,28.94,-0.01,97,280718,卖盘
1427,09:41:13,28.95,--,7,20265,卖盘
1428,09:40:58,28.95,-0.02,5,14475,卖盘
1429,09:40:52,28.97,--,1,2897,买盘
1430,09:40:48,28.97,--,5,14485,卖盘
1431,09:40:43,28.97,--,11,31867,卖盘
1432,09:40:33,28.97,--,11,31867,卖盘
1433,09:40:28,28.97,--,1,2897,卖盘
1434,09:40:22,28.97,--,6,17382,卖盘
1435,09:40:13,28.97,-0.01,2,5794,卖盘
1436,09:40:07,28.98,0.01,16,46368,买盘
1437,09:40:03,28.97,--,4,11588,卖盘
1438,09:39:58,28.97,--,2,5794,卖盘
1439,09:39:52,28.97,--,2,5794,卖盘
1440,09:39:48,28.97,-0.01,20,57940,卖盘
1441,09:39:43,28.98,--,31,89838,卖盘
1442,09:39:37,28.98,--,9,26082,卖盘
1443,09:39:33,28.98,--,0,0,卖盘
1444,09:39:28,28.98,-0.02,2,5796,卖盘
1445,09:39:22,29.0,--,0,0,买盘
1446,09:39:18,29.0,0.02,2,5800,买盘
1447,09:39:07,28.98,-0.02,14,40572,卖盘
1448,09:39:03,29.0,0.01,20,58000,买盘
1449,09:38:58,28.99,--,12,34788,卖盘
1450,09:38:52,28.99,--,1,2899,卖盘
1451,09:38:48,28.99,0.02,12,34788,买盘
1452,09:38:43,28.97,-0.01,2,5794,卖盘
1453,09:38:37,28.98,0.01,7,20286,卖盘
1454,09:38:33,28.97,--,1,2897,卖盘
1455,09:38:22,28.97,--,4,11588,中性盘
1456,09:38:18,28.97,--,2,5794,卖盘
1457,09:38:07,28.97,--,2,5794,买盘
1458,09:38:03,28.97,--,10,28970,买盘
1459,09:37:48,28.97,0.03,1,2897,买盘
1460,09:37:33,28.94,-0.01,10,28940,卖盘
1461,09:37:27,28.95,0.02,2,5790,卖盘
1462,09:37:22,28.93,--,0,0,卖盘
1463,09:37:18,28.93,--,21,60753,卖盘
1464,09:37:07,28.93,--,8,23144,买盘
1465,09:37:02,28.93,--,11,31823,买盘
1466,09:36:57,28.93,--,30,86790,买盘
1467,09:36:52,28.93,--,1,2893,买盘
1468,09:36:47,28.93,--,11,31823,买盘
1469,09:36:37,28.93,0.01,9,26037,买盘
1470,09:36:32,28.92,-0.01,36,104112,卖盘
1471,09:36:27,28.93,--,1,2893,买盘
1472,09:36:17,28.93,0.01,8,23144,买盘
1473,09:36:12,28.92,-0.01,1,2892,卖盘
1474,09:36:07,28.93,0.01,29,83897,买盘
1475,09:36:02,28.92,-0.01,4,11568,卖盘
1476,09:35:57,28.93,--,20,57860,买盘
1477,09:35:52,28.93,--,1,2893,买盘
1478,09:35:47,28.93,--,6,17358,买盘
1479,09:35:42,28.93,--,115,332695,卖盘
1480,09:35:32,28.93,--,52,150436,卖盘
1481,09:35:27,28.93,--,4,11572,卖盘
1482,09:35:22,28.93,0.01,36,104148,买盘
1483,09:35:17,28.92,-0.01,9,26028,卖盘
1484,09:35:07,28.93,--,19,54967,中性盘
1485,09:35:02,28.93,--,95,274835,卖盘
1486,09:34:57,28.93,-0.01,1,2893,卖盘
1487,09:34:52,28.94,0.02,20,57880,买盘
1488,09:34:42,28.92,-0.02,13,37596,卖盘
1489,09:34:37,28.94,0.01,2,5788,买盘
1490,09:34:32,28.93,0.01,1,2893,卖盘
1491,09:34:22,28.92,-0.01,6,17352,卖盘
1492,09:34:16,28.93,--,7,20251,买盘
1493,09:34:12,28.93,0.01,6,17358,买盘
1494,09:34:07,28.92,-0.01,1,2892,卖盘
1495,09:33:57,28.93,--,4,11572,买盘
1496,09:33:46,28.93,-0.01,96,277728,卖盘
1497,09:33:42,28.94,-0.01,29,83926,卖盘
1498,09:33:37,28.95,0.01,35,101325,买盘
1499,09:33:31,28.94,-0.01,4,11576,卖盘
1500,09:33:16,28.95,0.01,3,8685,买盘
1501,09:33:12,28.94,-0.01,7,20258,卖盘
1502,09:33:07,28.95,-0.01,25,72375,卖盘
1503,09:33:01,28.96,--,1,2896,卖盘
1504,09:32:57,28.96,--,0,0,中性盘
1505,09:32:46,28.96,--,16,46336,卖盘
1506,09:32:31,28.96,--,0,0,卖盘
1507,09:32:16,28.96,--,23,66608,卖盘
1508,09:32:12,28.96,--,25,72400,卖盘
1509,09:32:07,28.96,0.02,17,49232,卖盘
1510,09:32:01,28.94,--,0,0,卖盘
1511,09:31:57,28.94,0.01,17,49198,中性盘
1512,09:31:46,28.93,--,5,14465,卖盘
1513,09:31:42,28.93,0.01,8,23144,卖盘
1514,09:31:37,28.92,-0.01,14,40488,卖盘
1515,09:31:27,28.93,-0.03,2,5786,卖盘
1516,09:31:16,28.96,--,0,0,买盘
1517,09:31:12,28.96,0.04,2,5792,买盘
1518,09:31:07,28.92,-0.03,5,14460,卖盘
1519,09:31:01,28.95,--,5,14475,卖盘
1520,09:30:57,28.95,--,15,43425,买盘
1521,09:30:46,28.95,--,4,11580,卖盘
1522,09:30:31,28.95,0.01,6,17370,中性盘
1523,09:30:26,28.94,-0.02,3,8682,卖盘
1524,09:30:11,28.96,-0.04,2,5792,中性盘
1525,09:30:06,29.0,--,82,237800,卖盘
1526,09:30:01,29.0,-0.04,12,34800,卖盘
1527,09:28:48,29.04,--,0,0,买盘
1528,09:25:06,29.04,29.04,81,235224,买盘
