,time,price,change,volume,amount,type
0,15:00:00,5.6,--,0,0,卖盘
1,15:00:00,5.6,--,0,0,卖盘
2,15:00:00,5.6,--,498,278880,卖盘
3,14:59:55,5.6,--,836,468159,卖盘
4,14:59:51,5.6,-0.01,430,240799,卖盘
5,14:59:46,5.61,0.01,864,484704,买盘
6,14:59:40,5.6,--,2383,1334480,卖盘
7,14:59:36,5.6,--,283,158480,卖盘
8,14:59:31,5.6,-0.01,1283,718480,卖盘
9,14:59:25,5.61,0.01,55,30855,买盘
10,14:59:21,5.6,--,567,317520,卖盘
11,14:59:16,5.6,--,763,427280,卖盘
12,14:59:10,5.6,--,252,141120,卖盘
13,14:59:06,5.6,--,82,45920,卖盘
14,14:59:01,5.6,--,555,310800,卖盘
15,14:58:55,5.6,--,708,396480,卖盘
16,14:58:51,5.6,--,3851,2156560,卖盘
17,14:58:46,5.6,--,180,100800,卖盘
18,14:58:40,5.6,--,203,113680,卖盘
19,14:58:36,5.6,--,121,67760,卖盘
20,14:58:31,5.6,-0.01,604,338240,卖盘
21,14:58:25,5.61,0.01,486,272646,买盘
22,14:58:21,5.6,-0.01,45,25200,卖盘
23,14:58:16,5.61,0.01,270,151470,买盘
24,14:58:10,5.6,--,323,180880,卖盘
25,14:58:06,5.6,--,264,147840,卖盘
26,14:58:01,5.6,--,62,34720,卖盘
27,14:57:55,5.6,--,137,76720,卖盘
28,14:57:51,5.6,--,7,3919,卖盘
29,14:57:46,5.6,-0.01,55,30799,卖盘
30,14:57:40,5.61,0.01,968,543306,买盘
31,14:57:36,5.6,-0.01,20,11200,卖盘
32,14:57:31,5.61,--,81,45441,买盘
33,14:57:25,5.61,0.01,86,48246,买盘
34,14:57:21,5.6,-0.01,96,53760,卖盘
35,14:57:15,5.61,--,141,79101,买盘
36,14:57:10,5.61,--,100,56100,买盘
37,14:57:00,5.61,--,1166,654126,买盘
38,14:56:55,5.61,0.01,195,109395,买盘
39,14:56:51,5.6,--,382,213920,卖盘
40,14:56:45,5.6,--,1390,778400,卖盘
41,14:56:40,5.6,--,289,161840,卖盘
42,14:56:36,5.6,-0.01,843,472079,卖盘
43,14:56:30,5.61,0.01,100,56100,买盘
44,14:56:25,5.6,--,995,557200,卖盘
45,14:56:21,5.6,--,55,30799,卖盘
46,14:56:15,5.6,-0.01,231,129359,卖盘
47,14:56:10,5.61,0.01,409,229449,买盘
48,14:56:06,5.6,--,128,71680,卖盘
49,14:56:00,5.6,--,770,431200,卖盘
50,14:55:55,5.6,--,259,145040,卖盘
51,14:55:50,5.6,--,134,75040,卖盘
52,14:55:45,5.6,--,691,386960,卖盘
53,14:55:40,5.6,-0.01,81,45360,卖盘
54,14:55:35,5.61,0.01,15,8415,买盘
55,14:55:30,5.6,--,517,289520,卖盘
56,14:55:25,5.6,--,425,237999,卖盘
57,14:55:20,5.6,-0.01,494,276640,卖盘
58,14:55:15,5.61,0.01,190,106590,买盘
59,14:55:10,5.6,-0.01,216,120959,卖盘
60,14:55:05,5.61,--,12,6732,买盘
61,14:55:00,5.61,0.01,362,203082,买盘
62,14:54:55,5.6,-0.01,799,447440,卖盘
63,14:54:50,5.61,0.01,22,12342,买盘
64,14:54:45,5.6,-0.01,77,43120,卖盘
65,14:54:40,5.61,--,274,153714,买盘
66,14:54:35,5.61,--,17,9537,买盘
67,14:54:30,5.61,0.01,130,72930,买盘
68,14:54:25,5.6,-0.01,308,172480,卖盘
69,14:54:20,5.61,0.01,208,116688,买盘
70,14:54:15,5.6,--,205,114799,卖盘
71,14:54:10,5.6,--,123,68880,卖盘
72,14:54:05,5.6,-0.01,22,12320,卖盘
73,14:54:00,5.61,0.01,254,142494,买盘
74,14:53:55,5.6,--,42,23520,卖盘
75,14:53:50,5.6,--,228,127679,卖盘
76,14:53:45,5.6,-0.01,394,220640,卖盘
77,14:53:40,5.61,--,449,251889,买盘
78,14:53:30,5.61,0.01,86,48246,买盘
79,14:53:25,5.6,-0.01,727,407120,卖盘
80,14:53:20,5.61,0.01,57,31977,买盘
81,14:53:15,5.6,--,2016,1128960,卖盘
82,14:53:10,5.6,--,133,74480,卖盘
83,14:53:04,5.6,--,229,128239,卖盘
84,14:53:00,5.6,--,404,226240,卖盘
85,14:52:55,5.6,--,95,53200,卖盘
86,14:52:49,5.6,--,1049,587440,卖盘
87,14:52:40,5.6,-0.01,126,70560,卖盘
88,14:52:34,5.61,0.01,50,28050,买盘
89,14:52:30,5.6,-0.01,110,61599,卖盘
90,14:52:25,5.61,0.01,691,387651,买盘
91,14:52:19,5.6,-0.01,61,34160,卖盘
92,14:52:15,5.61,--,1035,580635,买盘
93,14:52:10,5.61,0.01,30,16830,买盘
94,14:52:04,5.6,-0.01,117,65519,卖盘
95,14:52:00,5.61,--,10,5610,买盘
96,14:51:55,5.61,--,208,116688,买盘
97,14:51:49,5.61,0.01,317,177837,买盘
98,14:51:45,5.6,--,50,28000,卖盘
99,14:51:40,5.6,--,124,69440,卖盘
100,14:51:34,5.6,--,16,8960,卖盘
101,14:51:30,5.6,-0.01,1,560,卖盘
102,14:51:25,5.61,--,37,20757,买盘
103,14:51:19,5.61,0.01,268,150348,买盘
104,14:51:15,5.6,--,81,45360,卖盘
105,14:51:10,5.6,--,49,27440,卖盘
106,14:51:04,5.6,--,150,84000,卖盘
107,14:51:00,5.6,-0.01,45,25200,卖盘
108,14:50:55,5.61,0.01,207,116127,买盘
109,14:50:49,5.6,--,203,113680,卖盘
110,14:50:45,5.6,--,1,560,卖盘
111,14:50:39,5.6,--,324,181440,卖盘
112,14:50:34,5.6,--,510,285600,卖盘
113,14:50:25,5.6,-0.01,349,195440,卖盘
114,14:50:19,5.61,0.01,17,9537,买盘
115,14:50:15,5.6,--,20,11200,卖盘
116,14:50:09,5.6,-0.01,42,23520,卖盘
117,14:50:04,5.61,0.01,233,130713,买盘
118,14:49:54,5.6,-0.01,353,197680,卖盘
119,14:49:49,5.61,--,84,47124,买盘
120,14:49:45,5.61,0.01,257,144177,买盘
121,14:49:39,5.6,--,667,373520,卖盘
122,14:49:34,5.6,-0.01,329,184240,卖盘
123,14:49:24,5.61,0.01,466,261426,买盘
124,14:49:19,5.6,--,111,62159,卖盘
125,14:49:15,5.6,-0.01,109,61039,卖盘
126,14:49:09,5.61,--,4,2244,买盘
127,14:49:04,5.61,0.01,288,161568,买盘
128,14:48:59,5.6,-0.01,257,143920,卖盘
129,14:48:54,5.61,0.01,88,49368,买盘
130,14:48:49,5.6,-0.01,931,521359,卖盘
131,14:48:44,5.61,--,15,8415,买盘
132,14:48:39,5.61,0.01,61,34221,买盘
133,14:48:34,5.6,--,65,36400,卖盘
134,14:48:29,5.6,-0.01,200,112000,卖盘
135,14:48:24,5.61,--,66,37026,买盘
136,14:48:19,5.61,0.01,93,52173,买盘
137,14:48:14,5.6,-0.01,130,72800,卖盘
138,14:48:09,5.61,0.01,106,59466,买盘
139,14:48:04,5.6,--,52,29119,卖盘
140,14:47:59,5.6,--,4,2240,卖盘
141,14:47:54,5.6,--,231,129359,卖盘
142,14:47:39,5.6,--,172,96320,卖盘
143,14:47:34,5.6,--,129,72240,卖盘
144,14:47:24,5.6,--,119,66640,卖盘
145,14:47:19,5.6,--,1129,632240,卖盘
146,14:47:14,5.6,--,14,7839,卖盘
147,14:47:09,5.6,-0.01,79,44240,卖盘
148,14:47:04,5.61,0.01,6,3366,买盘
149,14:46:59,5.6,--,850,475999,卖盘
150,14:46:54,5.6,-0.01,95,53200,卖盘
151,14:46:49,5.61,--,538,301818,买盘
152,14:46:44,5.61,--,45,25245,买盘
153,14:46:39,5.61,0.01,140,78540,买盘
154,14:46:34,5.6,-0.01,43,24080,卖盘
155,14:46:28,5.61,0.01,4,2244,买盘
156,14:46:24,5.6,-0.01,10,5600,卖盘
157,14:46:19,5.61,--,939,526779,买盘
158,14:46:13,5.61,--,41,23001,买盘
159,14:46:09,5.61,--,95,53295,买盘
160,14:46:04,5.61,0.01,151,84711,买盘
161,14:45:58,5.6,--,2,1120,卖盘
162,14:45:54,5.6,-0.01,214,119839,卖盘
163,14:45:49,5.61,0.01,578,324628,买盘
164,14:45:43,5.6,--,196,109760,卖盘
165,14:45:39,5.6,--,191,106960,卖盘
166,14:45:34,5.6,--,19,10640,卖盘
167,14:45:28,5.6,--,63,35280,卖盘
168,14:45:19,5.6,--,121,67760,卖盘
169,14:45:13,5.6,--,362,202720,卖盘
170,14:45:09,5.6,--,20,11200,卖盘
171,14:45:04,5.6,--,54,30239,卖盘
172,14:44:58,5.6,-0.01,257,143920,卖盘
173,14:44:54,5.61,0.01,41,23001,买盘
174,14:44:49,5.6,--,923,516879,卖盘
175,14:44:43,5.6,--,241,134960,卖盘
176,14:44:34,5.6,-0.01,39,21840,卖盘
177,14:44:28,5.61,0.01,346,194106,买盘
178,14:44:19,5.6,--,141,78960,卖盘
179,14:44:13,5.6,--,15,8400,卖盘
180,14:44:09,5.6,-0.01,39,21840,卖盘
181,14:44:04,5.61,0.01,132,74052,买盘
182,14:43:58,5.6,-0.01,1649,923439,卖盘
183,14:43:54,5.61,--,42,23562,买盘
184,14:43:48,5.61,0.01,30,16830,买盘
185,14:43:43,5.6,-0.01,271,151760,卖盘
186,14:43:38,5.61,--,10,5610,买盘
187,14:43:34,5.61,0.01,11,6171,买盘
188,14:43:28,5.6,-0.01,63,35280,卖盘
189,14:43:24,5.61,0.01,9,5049,买盘
190,14:43:18,5.6,-0.01,56,31359,卖盘
191,14:43:13,5.61,0.01,225,126225,买盘
192,14:43:08,5.6,--,50,28000,卖盘
193,14:43:03,5.6,-0.01,15,8400,卖盘
194,14:42:54,5.61,0.01,78,43758,买盘
195,14:42:48,5.6,-0.01,591,330960,卖盘
196,14:42:43,5.61,0.01,402,225522,买盘
197,14:42:38,5.6,--,78,43680,卖盘
198,14:42:33,5.6,-0.01,79,44240,卖盘
199,14:42:28,5.61,0.01,293,164373,买盘
200,14:42:23,5.6,--,1190,666400,卖盘
201,14:42:18,5.6,-0.01,90,50400,卖盘
202,14:42:13,5.61,0.01,56,31416,买盘
203,14:42:08,5.6,-0.01,113,63279,卖盘
204,14:42:03,5.61,0.01,82,46002,买盘
205,14:41:58,5.6,-0.01,300,168000,卖盘
206,14:41:48,5.61,--,48,26928,买盘
207,14:41:43,5.61,0.01,303,169983,买盘
208,14:41:38,5.6,--,250,140000,卖盘
209,14:41:33,5.6,-0.01,34,19040,卖盘
210,14:41:28,5.61,0.01,76,42636,买盘
211,14:41:23,5.6,--,157,87920,卖盘
212,14:41:18,5.6,-0.01,29,16239,卖盘
213,14:41:13,5.61,0.01,38,21318,买盘
214,14:41:08,5.6,-0.01,39,21840,卖盘
215,14:41:03,5.61,--,130,72930,买盘
216,14:40:58,5.61,--,5,2805,买盘
217,14:40:48,5.61,0.01,229,128469,买盘
218,14:40:43,5.6,--,301,168560,卖盘
219,14:40:38,5.6,--,11,6160,卖盘
220,14:40:33,5.6,-0.01,28,15679,卖盘
221,14:40:28,5.61,0.01,60,33660,买盘
222,14:40:23,5.6,-0.01,100,56000,卖盘
223,14:40:18,5.61,0.01,135,75735,买盘
224,14:40:13,5.6,--,96,53760,卖盘
225,14:40:08,5.6,-0.01,45,25200,卖盘
226,14:40:03,5.61,0.01,257,144177,买盘
227,14:39:58,5.6,--,30,16800,卖盘
228,14:39:53,5.6,-0.01,922,516319,卖盘
229,14:39:48,5.61,0.01,30,16830,买盘
230,14:39:43,5.6,-0.01,182,101920,卖盘
231,14:39:37,5.61,--,39,21879,买盘
232,14:39:33,5.61,--,40,22440,买盘
233,14:39:28,5.61,--,327,183447,买盘
234,14:39:18,5.61,--,31,17391,买盘
235,14:39:13,5.61,0.01,301,168861,买盘
236,14:39:07,5.6,-0.01,49,27440,卖盘
237,14:38:58,5.61,0.01,131,73491,买盘
238,14:38:52,5.6,--,12,6720,卖盘
239,14:38:47,5.6,-0.01,206,115359,卖盘
240,14:38:43,5.61,--,597,334917,卖盘
241,14:38:37,5.61,--,164,92004,卖盘
242,14:38:32,5.61,--,8355,4687155,卖盘
243,14:38:28,5.61,--,4376,2454936,卖盘
244,14:38:17,5.61,--,301,168861,卖盘
245,14:38:13,5.61,--,96,53856,卖盘
246,14:38:07,5.61,-0.01,52,29172,卖盘
247,14:38:02,5.62,0.01,9,5058,买盘
248,14:37:58,5.61,--,157,88077,卖盘
249,14:37:52,5.61,--,190,106590,卖盘
250,14:37:47,5.61,--,20,11220,卖盘
251,14:37:43,5.61,--,184,103224,卖盘
252,14:37:37,5.61,-0.01,810,454410,卖盘
253,14:37:32,5.62,0.01,9,5058,买盘
254,14:37:28,5.61,--,167,93687,卖盘
255,14:37:22,5.61,--,216,121176,卖盘
256,14:37:17,5.61,-0.01,122,68442,卖盘
257,14:37:13,5.62,0.01,542,304604,买盘
258,14:37:07,5.61,--,153,85833,卖盘
259,14:37:02,5.61,--,138,77418,卖盘
260,14:36:58,5.61,--,20,11220,卖盘
261,14:36:52,5.61,--,82,46002,卖盘
262,14:36:43,5.61,--,182,102102,卖盘
263,14:36:37,5.61,--,31,17391,卖盘
264,14:36:28,5.61,--,84,47124,卖盘
265,14:36:22,5.61,--,47,26367,卖盘
266,14:36:17,5.61,--,145,81345,卖盘
267,14:36:07,5.61,-0.01,3,1683,卖盘
268,14:36:02,5.62,0.01,72,40464,买盘
269,14:35:57,5.61,--,30,16830,卖盘
270,14:35:52,5.61,--,142,79662,卖盘
271,14:35:42,5.61,-0.01,542,304062,卖盘
272,14:35:32,5.62,--,17,9554,买盘
273,14:35:27,5.62,0.01,1353,760386,买盘
274,14:35:22,5.61,-0.01,89,49929,卖盘
275,14:35:17,5.62,0.01,72,40464,买盘
276,14:35:12,5.61,--,137,76857,卖盘
277,14:35:07,5.61,--,293,164373,卖盘
278,14:35:02,5.61,--,11,6171,卖盘
279,14:34:57,5.61,--,30,16830,卖盘
280,14:34:52,5.61,--,10,5610,卖盘
281,14:34:47,5.61,--,59,33099,卖盘
282,14:34:42,5.61,-0.01,352,197472,卖盘
283,14:34:37,5.62,0.01,122,68564,买盘
284,14:34:32,5.61,-0.01,18,10098,卖盘
285,14:34:27,5.62,--,44,24728,买盘
286,14:34:17,5.62,0.01,71,39902,买盘
287,14:34:12,5.61,--,521,292281,卖盘
288,14:34:07,5.61,-0.01,3,1683,卖盘
289,14:34:02,5.62,0.01,27,15174,买盘
290,14:33:57,5.61,--,237,132957,卖盘
291,14:33:52,5.61,--,5285,2965204,买盘
292,14:33:47,5.61,--,56,31416,买盘
293,14:33:42,5.61,--,600,336600,买盘
294,14:33:37,5.61,--,170,95370,买盘
295,14:33:32,5.61,--,43,24123,买盘
296,14:33:27,5.61,--,162,90882,买盘
297,14:33:22,5.61,0.01,7,3927,买盘
298,14:33:17,5.6,-0.01,32,17920,卖盘
299,14:33:12,5.61,0.01,10011,5616171,买盘
300,14:33:06,5.6,-0.01,42,23520,卖盘
301,14:33:02,5.61,--,28,15708,买盘
302,14:32:57,5.61,0.01,287,161007,买盘
303,14:32:52,5.6,--,144,80640,卖盘
304,14:32:47,5.6,--,3000,1680000,卖盘
305,14:32:42,5.6,--,263,147280,卖盘
306,14:32:37,5.6,--,65,36400,卖盘
307,14:32:32,5.6,-0.01,905,506799,卖盘
308,14:32:27,5.61,--,217,121737,买盘
309,14:32:22,5.61,--,56,31416,买盘
310,14:32:12,5.61,0.01,266,149226,买盘
311,14:32:07,5.6,-0.01,3258,1824480,卖盘
312,14:32:02,5.61,--,9,5049,买盘
313,14:31:57,5.61,--,292,163812,买盘
314,14:31:51,5.61,0.01,63,35343,买盘
315,14:31:46,5.6,--,123,68880,卖盘
316,14:31:42,5.6,-0.01,277,155120,卖盘
317,14:31:36,5.61,0.01,20,11220,买盘
318,14:31:32,5.6,--,73,40880,卖盘
319,14:31:27,5.6,--,41,22960,卖盘
320,14:31:21,5.6,--,9012,5046720,买盘
321,14:31:17,5.6,--,120,67200,买盘
322,14:31:12,5.6,--,601,336560,买盘
323,14:31:06,5.6,--,15,8400,买盘
324,14:30:57,5.6,0.01,188,105280,买盘
325,14:30:51,5.59,-0.01,301,168259,卖盘
326,14:30:46,5.6,--,148,82880,买盘
327,14:30:41,5.6,--,317,177520,买盘
328,14:30:36,5.6,--,230,128799,买盘
329,14:30:31,5.6,0.01,12,6720,买盘
330,14:30:26,5.59,--,167,93353,卖盘
331,14:30:21,5.59,--,152,84968,卖盘
332,14:30:16,5.59,--,33,18447,卖盘
333,14:30:11,5.59,--,15,8385,卖盘
334,14:30:06,5.59,-0.01,1,559,卖盘
335,14:30:01,5.6,--,151,84560,买盘
336,14:29:56,5.6,0.01,4,2240,买盘
337,14:29:51,5.59,--,239,133601,卖盘
338,14:29:46,5.59,--,226,126334,卖盘
339,14:29:41,5.59,-0.01,184,102856,卖盘
340,14:29:36,5.6,--,143,80080,买盘
341,14:29:31,5.6,--,309,173040,买盘
342,14:29:26,5.6,0.01,154,86240,买盘
343,14:29:21,5.59,--,31,17329,卖盘
344,14:29:16,5.59,--,236,131924,卖盘
345,14:29:11,5.59,--,14,7826,卖盘
346,14:29:06,5.59,--,268,149812,卖盘
347,14:29:01,5.59,--,209,116831,卖盘
348,14:28:56,5.59,--,60,33540,卖盘
349,14:28:51,5.59,--,30,16770,卖盘
350,14:28:46,5.59,-0.01,194,108446,卖盘
351,14:28:41,5.6,--,210,117599,买盘
352,14:28:36,5.6,--,101,56560,买盘
353,14:28:31,5.6,--,178,99680,买盘
354,14:28:21,5.6,0.01,61,34160,买盘
355,14:28:16,5.59,--,30,16770,卖盘
356,14:28:11,5.59,-0.01,241,134719,卖盘
357,14:27:56,5.6,--,30,16800,买盘
358,14:27:51,5.6,--,9,5040,买盘
359,14:27:46,5.6,--,189,105840,买盘
360,14:27:41,5.6,0.01,243,136080,买盘
361,14:27:36,5.59,--,104,58136,卖盘
362,14:27:31,5.59,--,204,114036,卖盘
363,14:27:26,5.59,--,132,73788,卖盘
364,14:27:21,5.59,--,89,49751,卖盘
365,14:27:16,5.59,--,30,16770,卖盘
366,14:27:11,5.59,-0.01,14,7826,卖盘
367,14:27:06,5.6,--,330,184800,买盘
368,14:26:51,5.6,--,9,5040,买盘
369,14:26:46,5.6,0.01,193,108080,买盘
370,14:26:41,5.59,--,20,11180,卖盘
371,14:26:26,5.59,--,33,18447,卖盘
372,14:26:21,5.59,-0.01,30,16770,卖盘
373,14:26:15,5.6,--,42,23520,买盘
374,14:26:06,5.6,--,26,14559,买盘
375,14:25:56,5.6,--,37,20720,买盘
376,14:25:51,5.6,0.01,12,6720,买盘
377,14:25:45,5.59,--,238,133042,卖盘
378,14:25:41,5.59,--,47,26440,卖盘
379,14:25:36,5.59,--,63,35217,卖盘
380,14:25:30,5.59,-0.01,255,142545,卖盘
381,14:25:21,5.6,--,12,6720,买盘
382,14:25:15,5.6,0.01,18,10080,买盘
383,14:25:11,5.59,--,40,22360,卖盘
384,14:25:06,5.59,-0.01,330,184470,卖盘
385,14:25:00,5.6,0.01,75,42000,买盘
386,14:24:56,5.59,--,30,16770,卖盘
387,14:24:45,5.59,--,269,150371,卖盘
388,14:24:41,5.59,--,320,178880,卖盘
389,14:24:36,5.59,--,4,2236,卖盘
390,14:24:30,5.59,--,2,1118,卖盘
391,14:24:26,5.59,--,108,60372,卖盘
392,14:24:21,5.59,-0.01,21,11739,卖盘
393,14:24:15,5.6,--,19,10640,买盘
394,14:24:06,5.6,0.01,306,171360,买盘
395,14:24:00,5.59,--,31,17329,卖盘
396,14:23:56,5.59,-0.01,15,8385,卖盘
397,14:23:50,5.6,0.01,47,26320,买盘
398,14:23:45,5.59,--,182,101738,卖盘
399,14:23:40,5.59,-0.01,3,1677,卖盘
400,14:23:36,5.6,--,9,5040,买盘
401,14:23:30,5.6,--,150,84000,买盘
402,14:23:26,5.6,0.01,1,560,买盘
403,14:23:10,5.59,-0.01,3,1677,卖盘
404,14:23:06,5.6,0.01,79,44240,买盘
405,14:22:45,5.59,-0.01,440,245960,卖盘
406,14:22:40,5.6,--,59,33040,买盘
407,14:22:35,5.6,--,51,28560,买盘
408,14:22:30,5.6,--,10,5600,买盘
409,14:22:20,5.6,0.01,4,2240,买盘
410,14:22:15,5.59,--,321,179439,卖盘
411,14:22:10,5.59,-0.01,25,13975,卖盘
412,14:22:05,5.6,--,53,29679,买盘
413,14:22:00,5.6,0.01,113,63279,买盘
414,14:21:55,5.59,-0.01,305,170495,卖盘
415,14:21:50,5.6,0.01,30,16800,买盘
416,14:21:45,5.59,-0.01,182,101738,卖盘
417,14:21:40,5.6,--,41,22960,买盘
418,14:21:30,5.6,-0.01,1023,572880,卖盘
419,14:21:25,5.61,0.01,1,561,买盘
420,14:21:20,5.6,--,100,56000,卖盘
421,14:21:15,5.6,--,54,30239,卖盘
422,14:21:10,5.6,--,105,58799,卖盘
423,14:21:05,5.6,-0.01,60,33600,卖盘
424,14:21:00,5.61,0.01,160,89760,买盘
425,14:20:55,5.6,--,38,21280,卖盘
426,14:20:50,5.6,--,110,61599,卖盘
427,14:20:45,5.6,--,283,158480,卖盘
428,14:20:40,5.6,--,357,199920,卖盘
429,14:20:30,5.6,-0.01,70,39200,卖盘
430,14:20:25,5.61,--,125,70125,买盘
431,14:20:20,5.61,0.01,9,5049,买盘
432,14:20:10,5.6,--,267,149520,卖盘
433,14:20:05,5.6,--,80,44800,卖盘
434,14:20:00,5.6,--,389,217840,卖盘
435,14:19:55,5.6,--,655,366800,卖盘
436,14:19:50,5.6,--,28,15679,卖盘
437,14:19:45,5.6,--,228,127679,卖盘
438,14:19:40,5.6,-0.01,220,123199,卖盘
439,14:19:35,5.61,0.01,10,5610,买盘
440,14:19:30,5.6,--,9,5040,卖盘
441,14:19:24,5.6,--,257,143920,卖盘
442,14:19:15,5.6,--,76,42560,卖盘
443,14:19:09,5.6,--,11,6160,卖盘
444,14:19:05,5.6,--,22,12320,卖盘
445,14:19:00,5.6,-0.01,125,70000,卖盘
446,14:18:54,5.61,--,147,82467,买盘
447,14:18:50,5.61,0.01,94,52734,买盘
448,14:18:45,5.6,-0.01,303,169680,卖盘
449,14:18:39,5.61,0.01,149,83589,买盘
450,14:18:35,5.6,--,843,472359,买盘
451,14:18:30,5.6,--,98,54880,买盘
452,14:18:24,5.6,--,112,62719,买盘
453,14:18:20,5.6,--,177,99120,买盘
454,14:18:14,5.6,0.01,310,173600,买盘
455,14:18:09,5.59,-0.01,51,28509,卖盘
456,14:18:05,5.6,0.01,500,280000,买盘
457,14:18:00,5.59,-0.01,1088,608192,卖盘
458,14:17:54,5.6,0.01,204,114240,买盘
459,14:17:50,5.59,-0.01,20,11180,卖盘
460,14:17:44,5.6,0.01,197,110320,买盘
461,14:17:39,5.59,-0.01,41,22919,卖盘
462,14:17:30,5.6,--,564,315840,买盘
463,14:17:24,5.6,0.01,201,112560,买盘
464,14:17:20,5.59,-0.01,151,84409,卖盘
465,14:17:15,5.6,--,135,75600,买盘
466,14:17:09,5.6,--,51,28560,买盘
467,14:17:05,5.6,0.01,174,97440,买盘
468,14:17:00,5.59,-0.01,15,8390,卖盘
469,14:16:54,5.6,--,60,33600,买盘
470,14:16:50,5.6,--,21,11760,买盘
471,14:16:44,5.6,--,189,105840,买盘
472,14:16:39,5.6,0.01,209,117039,买盘
473,14:16:35,5.59,--,49,27391,卖盘
474,14:16:30,5.59,-0.01,906,506454,卖盘
475,14:16:24,5.6,0.01,3,1680,买盘
476,14:16:20,5.59,-0.01,54,30186,卖盘
477,14:16:14,5.6,--,484,271040,买盘
478,14:16:09,5.6,--,85,47600,买盘
479,14:15:59,5.6,--,24,13440,买盘
480,14:15:49,5.6,0.01,9,5040,买盘
481,14:15:45,5.59,-0.01,182,101738,卖盘
482,14:15:39,5.6,0.01,1078,603680,买盘
483,14:15:34,5.59,-0.01,57,31863,卖盘
484,14:15:29,5.6,--,2704,1514240,买盘
485,14:15:24,5.6,--,27,15119,买盘
486,14:15:19,5.6,--,10,5600,买盘
487,14:15:14,5.6,--,21,11760,买盘
488,14:15:09,5.6,--,128,71680,买盘
489,14:15:04,5.6,0.01,15,8400,买盘
490,14:14:59,5.59,-0.01,77,43043,卖盘
491,14:14:54,5.6,--,45,25200,买盘
492,14:14:49,5.6,--,29,16239,买盘
493,14:14:44,5.6,--,404,226240,买盘
494,14:14:39,5.6,--,201,112560,买盘
495,14:14:34,5.6,--,27,15119,买盘
496,14:14:29,5.6,--,11,6160,买盘
497,14:14:24,5.6,--,93,52080,买盘
498,14:14:19,5.6,--,13,7279,买盘
499,14:14:14,5.6,--,80,44800,买盘
500,14:14:09,5.6,--,23,12880,买盘
501,14:14:04,5.6,0.01,103,57679,买盘
502,14:13:59,5.59,--,20,11180,卖盘
503,14:13:54,5.59,--,40,22360,卖盘
504,14:13:49,5.59,-0.01,431,240929,卖盘
505,14:13:44,5.6,--,771,431760,买盘
506,14:13:39,5.6,--,57,31919,买盘
507,14:13:34,5.6,--,61,34160,买盘
508,14:13:29,5.6,--,46,25760,买盘
509,14:13:24,5.6,--,77,43120,买盘
510,14:13:14,5.6,--,12,6720,买盘
511,14:13:09,5.6,--,426,238559,买盘
512,14:13:04,5.6,--,49,27440,买盘
513,14:12:59,5.6,--,15,8400,买盘
514,14:12:54,5.6,--,555,310800,买盘
515,14:12:49,5.6,0.01,250,140000,买盘
516,14:12:44,5.59,-0.01,181,101179,卖盘
517,14:12:39,5.6,--,262,146720,买盘
518,14:12:33,5.6,0.01,555,310800,买盘
519,14:12:29,5.59,-0.01,409,228631,卖盘
520,14:12:24,5.6,--,108,60479,买盘
521,14:12:18,5.6,0.01,55,30799,买盘
522,14:12:14,5.59,-0.01,18,10062,卖盘
523,14:12:09,5.6,--,863,483279,买盘
524,14:12:03,5.6,0.01,381,213651,买盘
525,14:11:59,5.59,-0.01,70,39135,卖盘
526,14:11:54,5.6,0.01,65,36400,买盘
527,14:11:48,5.59,--,76,42484,卖盘
528,14:11:44,5.59,-0.01,182,101738,卖盘
529,14:11:39,5.6,--,212,118719,买盘
530,14:11:33,5.6,--,484,271101,买盘
531,14:11:29,5.6,--,200,112000,买盘
532,14:11:23,5.6,--,94,52640,买盘
533,14:11:18,5.6,--,74,41440,买盘
534,14:11:14,5.6,--,314,175840,买盘
535,14:11:08,5.6,0.01,384,215040,买盘
536,14:11:03,5.59,-0.01,1271,710673,卖盘
537,14:10:59,5.6,0.01,83,46480,买盘
538,14:10:53,5.59,--,16,8944,卖盘
539,14:10:48,5.59,-0.01,55,30745,卖盘
540,14:10:44,5.6,--,383,214480,买盘
541,14:10:38,5.6,--,10,5600,买盘
542,14:10:33,5.6,--,236,132160,买盘
543,14:10:29,5.6,--,492,275520,买盘
544,14:10:23,5.6,--,179,100240,买盘
545,14:10:18,5.6,--,218,122079,买盘
546,14:10:08,5.6,0.01,22,12320,买盘
547,14:10:03,5.59,--,1304,728936,卖盘
548,14:09:53,5.59,-0.01,503,281585,卖盘
549,14:09:48,5.6,0.01,120,67200,买盘
550,14:09:44,5.59,--,271,151489,卖盘
551,14:09:38,5.59,--,125,69875,卖盘
552,14:09:33,5.59,--,36,20124,卖盘
553,14:09:29,5.59,--,274,153166,卖盘
554,14:09:23,5.59,--,265,148135,卖盘
555,14:09:18,5.59,--,368,205712,卖盘
556,14:09:13,5.59,-0.01,303,169377,卖盘
557,14:09:08,5.6,0.01,896,501759,买盘
558,14:09:03,5.59,-0.01,89,49751,卖盘
559,14:08:59,5.6,0.01,272,152320,买盘
560,14:08:53,5.59,-0.01,1297,725023,卖盘
561,14:08:48,5.6,0.01,252,141120,买盘
562,14:08:43,5.59,--,190,106210,卖盘
563,14:08:38,5.59,--,208,116272,卖盘
564,14:08:33,5.59,-0.01,351,196209,卖盘
565,14:08:23,5.6,0.01,324,181440,买盘
566,14:08:13,5.59,-0.01,302,169365,卖盘
567,14:08:08,5.6,0.01,1293,724080,买盘
568,14:08:03,5.59,--,47,26273,卖盘
569,14:07:58,5.59,--,1,559,卖盘
570,14:07:53,5.59,-0.01,105,58695,卖盘
571,14:07:48,5.6,0.01,1704,954239,买盘
572,14:07:43,5.59,--,210,117390,卖盘
573,14:07:38,5.59,--,523,292357,卖盘
574,14:07:28,5.59,-0.01,131,73229,卖盘
575,14:07:23,5.6,0.01,21,11760,买盘
576,14:07:18,5.59,--,129,72111,卖盘
577,14:07:13,5.59,--,34,19006,卖盘
578,14:07:08,5.59,--,132,73788,卖盘
579,14:07:03,5.59,-0.01,89,49751,卖盘
580,14:06:58,5.6,0.01,72,40320,买盘
581,14:06:53,5.59,--,116,64844,卖盘
582,14:06:48,5.59,--,89,49751,卖盘
583,14:06:43,5.59,--,181,101179,卖盘
584,14:06:38,5.59,--,88,49192,卖盘
585,14:06:33,5.59,--,17,9503,卖盘
586,14:06:27,5.59,--,306,171054,卖盘
587,14:06:23,5.59,--,191,106769,卖盘
588,14:06:18,5.59,--,251,140309,卖盘
589,14:06:12,5.59,--,96,53664,卖盘
590,14:06:08,5.59,-0.01,540,301860,卖盘
591,14:06:03,5.6,--,407,227920,买盘
592,14:05:57,5.6,0.01,1003,561680,买盘
593,14:05:53,5.59,-0.01,63,35217,卖盘
594,14:05:48,5.6,0.01,139,77840,买盘
595,14:05:42,5.59,-0.01,401,224159,卖盘
596,14:05:38,5.6,--,326,182856,买盘
597,14:05:33,5.6,--,22,12320,买盘
598,14:05:27,5.6,--,53,29679,买盘
599,14:05:23,5.6,0.01,40,22400,买盘
600,14:05:18,5.59,--,267,149476,卖盘
601,14:05:12,5.59,--,128,71552,卖盘
602,14:05:08,5.59,-0.01,4,2236,卖盘
603,14:05:03,5.6,--,101,56560,买盘
604,14:04:57,5.6,0.01,36,20160,买盘
605,14:04:53,5.59,--,100,55900,卖盘
606,14:04:48,5.59,-0.01,7,3913,卖盘
607,14:04:42,5.6,--,212,118719,买盘
608,14:04:38,5.6,0.01,123,68880,买盘
609,14:04:32,5.59,-0.01,24,13416,卖盘
610,14:04:27,5.6,--,41,22960,买盘
611,14:04:17,5.6,0.01,120,67200,买盘
612,14:04:12,5.59,--,10,5590,卖盘
613,14:04:08,5.59,--,124,69316,卖盘
614,14:04:03,5.59,-0.01,38,21242,卖盘
615,14:03:57,5.6,0.01,11,6160,买盘
616,14:03:53,5.59,--,69,38571,卖盘
617,14:03:47,5.59,--,5,2795,卖盘
618,14:03:42,5.59,--,209,116831,卖盘
619,14:03:38,5.59,--,18,10062,卖盘
620,14:03:32,5.59,-0.01,40,22360,卖盘
621,14:03:27,5.6,--,100,56000,买盘
622,14:03:23,5.6,0.01,46,25760,买盘
623,14:03:17,5.59,-0.01,86,48074,卖盘
624,14:03:12,5.6,0.01,53,29679,买盘
625,14:03:02,5.59,-0.01,97,54223,卖盘
626,14:02:57,5.6,--,352,197568,买盘
627,14:02:52,5.6,0.01,9,5040,买盘
628,14:02:47,5.59,--,136,76024,卖盘
629,14:02:42,5.59,-0.01,192,107328,卖盘
630,14:02:37,5.6,--,1,560,买盘
631,14:02:32,5.6,0.01,29,16239,买盘
632,14:02:27,5.59,--,8,4472,卖盘
633,14:02:17,5.59,--,57,31863,卖盘
634,14:02:07,5.59,-0.01,18,10062,卖盘
635,14:02:02,5.6,--,98,54880,买盘
636,14:01:57,5.6,0.01,163,91280,买盘
637,14:01:52,5.59,-0.01,1,559,卖盘
638,14:01:47,5.6,0.01,59,33040,买盘
639,14:01:42,5.59,--,462,258258,卖盘
640,14:01:37,5.59,--,26,14534,卖盘
641,14:01:32,5.59,-0.01,3,1677,卖盘
642,14:01:27,5.6,0.01,72,40320,买盘
643,14:01:17,5.59,--,39,21801,卖盘
644,14:01:12,5.59,-0.01,18,10062,卖盘
645,14:01:07,5.6,0.01,39,21840,买盘
646,14:01:02,5.59,--,71,39689,卖盘
647,14:00:57,5.59,-0.01,39,21801,卖盘
648,14:00:52,5.6,0.01,76,42560,买盘
649,14:00:47,5.59,--,9,5031,卖盘
650,14:00:42,5.59,--,204,114036,卖盘
651,14:00:37,5.59,--,33,18447,卖盘
652,14:00:32,5.59,--,14,7826,卖盘
653,14:00:27,5.59,-0.01,36,20124,卖盘
654,14:00:22,5.6,--,21,11760,买盘
655,14:00:17,5.6,0.01,30,16800,买盘
656,14:00:12,5.59,--,29,16211,卖盘
657,14:00:07,5.59,--,199,111615,卖盘
658,14:00:02,5.59,--,38,21242,卖盘
659,13:59:57,5.59,--,20,11180,卖盘
660,13:59:51,5.59,-0.01,25,13975,卖盘
661,13:59:47,5.6,0.01,14,7839,买盘
662,13:59:42,5.59,-0.01,212,118508,卖盘
663,13:59:36,5.6,--,60,33600,买盘
664,13:59:32,5.6,0.01,74,41440,买盘
665,13:59:27,5.59,-0.01,31,17329,卖盘
666,13:59:17,5.6,--,36,20160,买盘
667,13:59:12,5.6,0.01,49,27440,买盘
668,13:59:06,5.59,-0.01,64,35776,卖盘
669,13:58:57,5.6,0.01,76,42560,买盘
670,13:58:42,5.59,--,222,124098,卖盘
671,13:58:36,5.59,--,18,10062,卖盘
672,13:58:32,5.59,--,31,17329,卖盘
673,13:58:27,5.59,--,153,85683,卖盘
674,13:58:21,5.59,--,344,192296,卖盘
675,13:58:17,5.59,--,100,55900,卖盘
676,13:58:12,5.59,--,6,3354,卖盘
677,13:58:06,5.59,-0.01,15,8385,卖盘
678,13:58:02,5.6,0.01,16,8960,买盘
679,13:57:57,5.59,--,1340,749060,卖盘
680,13:57:51,5.59,--,10,5590,卖盘
681,13:57:47,5.59,--,15,8385,卖盘
682,13:57:42,5.59,--,183,102297,卖盘
683,13:57:36,5.59,-0.01,13,7267,卖盘
684,13:57:32,5.6,--,10,5600,买盘
685,13:57:27,5.6,--,6,3360,买盘
686,13:57:21,5.6,0.01,40,22400,买盘
687,13:57:17,5.59,--,8,4472,卖盘
688,13:57:12,5.59,-0.01,154,86153,卖盘
689,13:57:06,5.6,--,75,42000,买盘
690,13:56:56,5.6,--,135,75600,买盘
691,13:56:51,5.6,--,11,6160,买盘
692,13:56:41,5.6,--,413,231279,买盘
693,13:56:36,5.6,0.01,124,69440,买盘
694,13:56:32,5.59,-0.01,25,13975,卖盘
695,13:56:26,5.6,0.01,263,147280,买盘
696,13:56:21,5.59,--,20,11180,卖盘
697,13:56:16,5.59,-0.01,448,250566,卖盘
698,13:56:11,5.6,0.01,49,27440,买盘
699,13:56:06,5.59,-0.01,19,10621,卖盘
700,13:56:01,5.6,--,7,3919,买盘
701,13:55:56,5.6,--,45,25200,买盘
702,13:55:51,5.6,0.01,349,195440,买盘
703,13:55:41,5.59,--,202,112918,卖盘
704,13:55:36,5.59,-0.01,5,2795,卖盘
705,13:55:31,5.6,0.01,10,5600,买盘
706,13:55:26,5.59,-0.01,50,27950,卖盘
707,13:55:21,5.6,0.01,41,22960,买盘
708,13:55:16,5.59,--,13,7267,买盘
709,13:55:11,5.59,--,189,105651,买盘
710,13:55:06,5.59,--,338,188942,买盘
711,13:55:01,5.59,--,15,8385,买盘
712,13:54:56,5.59,--,160,89440,买盘
713,13:54:51,5.59,-0.01,533,297947,卖盘
714,13:54:46,5.6,0.01,314,176069,买盘
715,13:54:41,5.59,--,383,214465,买盘
716,13:54:36,5.59,--,2627,1468493,买盘
717,13:54:31,5.59,0.01,55,30745,买盘
718,13:54:26,5.58,--,49,27342,卖盘
719,13:54:21,5.58,-0.01,183,102114,卖盘
720,13:54:16,5.59,--,9,5031,买盘
721,13:54:11,5.59,--,49,27391,买盘
722,13:54:06,5.59,--,552,308568,买盘
723,13:53:56,5.59,--,382,213538,买盘
724,13:53:51,5.59,0.01,166,92794,买盘
725,13:53:46,5.58,-0.01,522,291276,卖盘
726,13:53:41,5.59,--,312,174408,买盘
727,13:53:36,5.59,--,70,39130,买盘
728,13:53:31,5.59,--,40,22360,买盘
729,13:53:26,5.59,--,90,50310,买盘
730,13:53:21,5.59,--,52,29068,买盘
731,13:53:16,5.59,0.01,19,10621,买盘
732,13:53:11,5.58,--,4,2232,卖盘
733,13:53:06,5.58,--,153,85374,卖盘
734,13:53:00,5.58,-0.01,320,178560,卖盘
735,13:52:56,5.59,--,92,51428,买盘
736,13:52:51,5.59,--,171,95589,买盘
737,13:52:41,5.59,--,261,145899,买盘
738,13:52:36,5.59,--,4,2236,买盘
739,13:52:30,5.59,--,147,82173,买盘
740,13:52:26,5.59,--,89,49751,买盘
741,13:52:21,5.59,--,100,55900,买盘
742,13:52:15,5.59,0.01,149,83291,买盘
743,13:52:11,5.58,-0.01,514,287007,卖盘
744,13:52:06,5.59,0.01,285,159538,买盘
745,13:52:00,5.58,-0.01,1862,1038996,卖盘
746,13:51:56,5.59,0.01,18,10062,买盘
747,13:51:51,5.58,-0.01,121,67518,卖盘
748,13:51:45,5.59,--,381,212979,买盘
749,13:51:40,5.59,--,24,13416,买盘
750,13:51:36,5.59,0.01,516,288444,买盘
751,13:51:30,5.58,-0.01,145,80910,卖盘
752,13:51:25,5.59,--,65,36335,买盘
753,13:51:21,5.59,0.01,114,63726,买盘
754,13:51:15,5.58,--,272,151776,卖盘
755,13:51:11,5.58,-0.01,138,77004,卖盘
756,13:51:06,5.59,--,154,86086,买盘
757,13:51:00,5.59,0.01,137,76583,买盘
758,13:50:55,5.58,-0.01,374,208825,卖盘
759,13:50:51,5.59,--,39,21801,买盘
760,13:50:45,5.59,--,872,487448,买盘
761,13:50:41,5.59,--,214,119626,买盘
762,13:50:36,5.59,0.01,1171,654879,买盘
763,13:50:30,5.58,-0.01,129,71982,卖盘
764,13:50:26,5.59,--,313,174967,买盘
765,13:50:21,5.59,--,4,2236,买盘
766,13:50:15,5.59,0.01,145,81055,买盘
767,13:50:11,5.58,-0.01,40,22320,卖盘
768,13:50:05,5.59,--,101,56459,买盘
769,13:50:00,5.59,--,223,124657,买盘
770,13:49:56,5.59,0.01,368,205712,买盘
771,13:49:51,5.58,-0.01,157,87606,卖盘
772,13:49:45,5.59,--,393,219687,买盘
773,13:49:41,5.59,0.01,141,78819,买盘
774,13:49:36,5.58,-0.01,200,111600,卖盘
775,13:49:30,5.59,--,1172,655148,买盘
776,13:49:26,5.59,--,104,58136,买盘
777,13:49:20,5.59,--,488,272792,买盘
778,13:49:15,5.59,0.01,276,154284,买盘
779,13:49:10,5.58,--,43,23994,卖盘
780,13:49:05,5.58,-0.01,413,230454,卖盘
781,13:49:00,5.59,0.01,273,152607,买盘
782,13:48:55,5.58,-0.01,141,78678,卖盘
783,13:48:50,5.59,0.01,693,387387,买盘
784,13:48:45,5.58,-0.01,406,226548,卖盘
785,13:48:41,5.59,--,147,82173,买盘
786,13:48:35,5.59,0.01,495,276705,买盘
787,13:48:30,5.58,-0.01,385,214830,卖盘
788,13:48:25,5.59,--,162,90558,买盘
789,13:48:20,5.59,--,311,173849,买盘
790,13:48:15,5.59,0.01,247,138318,买盘
791,13:48:10,5.58,--,133,74214,卖盘
792,13:48:05,5.58,--,396,220968,卖盘
793,13:48:00,5.58,-0.01,363,202554,卖盘
794,13:47:55,5.59,--,59,32981,买盘
795,13:47:50,5.59,--,158,88322,买盘
796,13:47:45,5.59,0.01,340,190060,买盘
797,13:47:40,5.58,--,431,240949,卖盘
798,13:47:35,5.58,-0.01,288,160704,卖盘
799,13:47:30,5.59,--,253,141427,买盘
800,13:47:25,5.59,--,181,101179,买盘
801,13:47:20,5.59,--,447,249873,买盘
802,13:47:15,5.59,--,112,62608,买盘
803,13:47:10,5.59,0.01,267,149253,买盘
804,13:47:05,5.58,--,605,337590,卖盘
805,13:47:00,5.58,--,422,235476,卖盘
806,13:46:55,5.58,--,145,80910,卖盘
807,13:46:50,5.58,--,575,321212,卖盘
808,13:46:45,5.58,--,360,200880,卖盘
809,13:46:35,5.58,--,107,59706,卖盘
810,13:46:30,5.58,--,274,152892,卖盘
811,13:46:25,5.58,-0.01,109,60822,卖盘
812,13:46:20,5.59,0.01,131,73229,买盘
813,13:46:15,5.58,-0.01,89,49662,卖盘
814,13:46:10,5.59,0.01,20,11180,买盘
815,13:46:05,5.58,--,89,49662,卖盘
816,13:46:00,5.58,-0.01,51,28458,卖盘
817,13:45:45,5.59,--,230,128570,买盘
818,13:45:35,5.59,-0.01,1777,993538,卖盘
819,13:45:30,5.6,--,25,14000,买盘
820,13:45:24,5.6,0.01,242,135520,买盘
821,13:45:20,5.59,-0.01,196,109927,卖盘
822,13:45:15,5.6,0.01,161,90160,买盘
823,13:45:09,5.59,-0.01,2,1118,卖盘
824,13:45:05,5.6,--,123,68880,买盘
825,13:45:00,5.6,--,39,21840,买盘
826,13:44:54,5.6,0.01,15,8400,买盘
827,13:44:50,5.59,--,838,468442,卖盘
828,13:44:44,5.59,-0.01,273,152607,卖盘
829,13:44:39,5.6,--,189,105840,买盘
830,13:44:35,5.6,0.01,83,46480,买盘
831,13:44:30,5.59,-0.01,55,30745,卖盘
832,13:44:24,5.6,--,121,67760,买盘
833,13:44:19,5.6,--,268,150080,买盘
834,13:44:09,5.6,0.01,112,62719,买盘
835,13:44:04,5.59,--,30,16770,卖盘
836,13:44:00,5.59,--,5,2795,卖盘
837,13:43:54,5.59,--,18,10062,卖盘
838,13:43:49,5.59,--,37,20683,卖盘
839,13:43:45,5.59,--,583,325897,买盘
840,13:43:39,5.59,--,292,163228,买盘
841,13:43:34,5.59,--,4,2236,买盘
842,13:43:30,5.59,--,55,30745,买盘
843,13:43:24,5.59,--,117,65403,买盘
844,13:43:19,5.59,--,5,2795,买盘
845,13:43:15,5.59,--,46,25714,买盘
846,13:43:08,5.59,--,2427,1356810,卖盘
847,13:43:04,5.59,--,20,11180,卖盘
848,13:43:00,5.59,--,92,51428,卖盘
849,13:42:54,5.59,--,112,62608,卖盘
850,13:42:45,5.59,--,187,104533,卖盘
851,13:42:38,5.59,--,173,96707,卖盘
852,13:42:34,5.59,--,11,6149,卖盘
853,13:42:29,5.59,--,220,122980,卖盘
854,13:42:24,5.59,--,66,36894,卖盘
855,13:42:19,5.59,--,2,1118,卖盘
856,13:42:14,5.59,--,93,51987,卖盘
857,13:42:09,5.59,--,4,2236,卖盘
858,13:42:04,5.59,--,54,30186,卖盘
859,13:41:59,5.59,--,341,191060,买盘
860,13:41:54,5.59,--,357,199563,买盘
861,13:41:49,5.59,--,378,211302,买盘
862,13:41:44,5.59,--,221,123539,买盘
863,13:41:39,5.59,--,289,161551,买盘
864,13:41:34,5.59,0.01,58,32422,买盘
865,13:41:29,5.58,--,563,314154,卖盘
866,13:41:24,5.58,-0.01,385,214830,卖盘
867,13:41:19,5.59,--,512,286208,买盘
868,13:41:14,5.59,--,312,174408,买盘
869,13:41:08,5.59,--,74,41366,买盘
870,13:41:04,5.59,--,62,34658,买盘
871,13:40:59,5.59,--,1885,1053715,买盘
872,13:40:53,5.59,--,706,394654,买盘
873,13:40:49,5.59,--,123,68757,买盘
874,13:40:44,5.59,--,351,196209,买盘
875,13:40:38,5.59,--,88,49192,买盘
876,13:40:34,5.59,--,56,31304,买盘
877,13:40:29,5.59,0.01,41,22919,买盘
878,13:40:24,5.58,-0.01,89,49662,卖盘
879,13:40:19,5.59,0.01,36,20124,买盘
880,13:40:14,5.58,--,3165,1766070,卖盘
881,13:40:08,5.58,-0.01,20,11611,卖盘
882,13:40:04,5.59,0.01,115,64285,买盘
883,13:39:59,5.58,-0.02,4267,2381147,卖盘
884,13:39:53,5.6,0.01,194,108640,买盘
885,13:39:49,5.59,--,4967,2776553,卖盘
886,13:39:44,5.59,--,339,189501,卖盘
887,13:39:38,5.59,--,95,53105,卖盘
888,13:39:34,5.59,--,239,133601,卖盘
889,13:39:29,5.59,--,183,102297,卖盘
890,13:39:23,5.59,--,1535,858065,卖盘
891,13:39:19,5.59,-0.01,165,92235,卖盘
892,13:39:14,5.6,0.01,80,44800,买盘
893,13:39:08,5.59,--,108,60372,卖盘
894,13:39:04,5.59,--,206,115181,卖盘
895,13:38:59,5.59,--,58,32422,卖盘
896,13:38:53,5.59,--,1315,735085,卖盘
897,13:38:49,5.59,-0.01,124,69316,卖盘
898,13:38:44,5.6,--,382,213920,买盘
899,13:38:38,5.6,0.01,102,57120,买盘
900,13:38:29,5.59,--,151,84409,卖盘
901,13:38:23,5.59,-0.01,209,116831,卖盘
902,13:38:19,5.6,--,1,560,买盘
903,13:38:14,5.6,0.01,18,10080,买盘
904,13:38:08,5.59,--,1868,1044212,卖盘
905,13:38:04,5.59,--,55,30745,卖盘
906,13:37:59,5.59,--,1,559,卖盘
907,13:37:53,5.59,-0.01,1093,610987,卖盘
908,13:37:49,5.6,--,90,50400,买盘
909,13:37:44,5.6,0.01,500,280000,买盘
910,13:37:38,5.59,--,13,7267,卖盘
911,13:37:34,5.59,-0.01,20,11180,卖盘
912,13:37:29,5.6,0.01,227,127119,买盘
913,13:37:23,5.59,--,53,29627,卖盘
914,13:37:19,5.59,-0.01,257,143663,卖盘
915,13:37:14,5.6,--,200,112000,买盘
916,13:37:08,5.6,0.01,224,125658,买盘
917,13:37:02,5.59,--,1,559,卖盘
918,13:36:59,5.59,--,101,56459,卖盘
919,13:36:53,5.59,--,1,559,卖盘
920,13:36:47,5.59,--,12,6708,卖盘
921,13:36:44,5.59,-0.01,334,186706,卖盘
922,13:36:38,5.6,0.01,62,34720,买盘
923,13:36:28,5.59,--,149,83291,卖盘
924,13:36:23,5.59,--,32,17888,卖盘
925,13:36:17,5.59,-0.01,11,6149,卖盘
926,13:36:13,5.6,0.01,747,418320,买盘
927,13:36:08,5.59,-0.01,288,160992,卖盘
928,13:36:02,5.6,0.01,96,53760,买盘
929,13:35:58,5.59,-0.01,118,65962,卖盘
930,13:35:53,5.6,0.01,16,8960,买盘
931,13:35:47,5.59,--,47,26273,卖盘
932,13:35:43,5.59,-0.01,181,101179,卖盘
933,13:35:38,5.6,0.01,1218,682080,买盘
934,13:35:32,5.59,--,75,41925,卖盘
935,13:35:28,5.59,--,1,559,卖盘
936,13:35:23,5.59,--,22,12298,卖盘
937,13:35:17,5.59,--,10,5590,卖盘
938,13:35:13,5.59,--,17,9503,卖盘
939,13:35:08,5.59,--,159,88881,卖盘
940,13:35:02,5.59,--,145,81055,卖盘
941,13:34:58,5.59,-0.01,11,6149,卖盘
942,13:34:47,5.6,0.01,1000,560000,买盘
943,13:34:43,5.59,-0.01,184,102856,卖盘
944,13:34:38,5.6,0.01,9,5040,买盘
945,13:34:32,5.59,-0.01,1,559,卖盘
946,13:34:28,5.6,--,31,17360,买盘
947,13:34:23,5.6,--,9,5040,买盘
948,13:34:17,5.6,--,3,1680,买盘
949,13:34:13,5.6,--,20,11200,买盘
950,13:34:08,5.6,0.01,9,5040,买盘
951,13:34:02,5.59,-0.01,268,149812,卖盘
952,13:33:53,5.6,0.01,14,7839,买盘
953,13:33:47,5.59,-0.01,100,55900,卖盘
954,13:33:43,5.6,0.01,252,141120,买盘
955,13:33:38,5.59,-0.01,45,25155,卖盘
956,13:33:32,5.6,--,41,22960,买盘
957,13:33:28,5.6,-0.01,899,503439,卖盘
958,13:33:23,5.61,--,79,44319,买盘
959,13:33:17,5.61,0.01,149,83589,买盘
960,13:33:13,5.6,-0.01,56,31359,卖盘
961,13:33:08,5.61,0.02,371,208131,买盘
962,13:33:02,5.59,-0.01,20,11180,卖盘
963,13:32:58,5.6,--,10,5600,买盘
964,13:32:53,5.6,-0.01,43,24080,买盘
965,13:32:47,5.61,0.01,590,331500,买盘
966,13:32:43,5.6,0.01,185,103600,买盘
967,13:32:38,5.59,--,183,102297,卖盘
968,13:32:32,5.59,-0.01,72,40248,卖盘
969,13:32:28,5.6,--,30,16800,买盘
970,13:32:23,5.6,--,168,94080,买盘
971,13:32:17,5.6,0.01,17,9520,买盘
972,13:32:13,5.59,-0.01,50,27950,卖盘
973,13:32:08,5.6,--,99,55440,买盘
974,13:32:02,5.6,--,4801,2688644,卖盘
975,13:31:58,5.6,-0.01,82,45920,卖盘
976,13:31:53,5.61,0.01,35,19635,买盘
977,13:31:47,5.6,--,105,58799,卖盘
978,13:31:43,5.6,-0.01,182,101920,卖盘
979,13:31:38,5.61,0.01,83,46563,买盘
980,13:31:32,5.6,--,1360,761600,卖盘
981,13:31:28,5.6,-0.01,132,73920,卖盘
982,13:31:23,5.61,0.01,9,5049,买盘
983,13:31:17,5.6,--,52,29119,卖盘
984,13:31:08,5.6,--,24,13440,卖盘
985,13:31:02,5.6,--,294,164948,卖盘
986,13:30:58,5.6,-0.01,87,48720,卖盘
987,13:30:53,5.61,--,553,310233,买盘
988,13:30:43,5.61,--,182,102102,买盘
989,13:30:38,5.61,0.01,5,2805,买盘
990,13:30:32,5.6,--,2,1120,卖盘
991,13:30:28,5.6,--,81,45360,卖盘
992,13:30:23,5.6,--,65,36400,卖盘
993,13:30:17,5.6,--,35,19600,卖盘
994,13:30:13,5.6,--,100,56000,卖盘
995,13:30:08,5.6,--,27,15119,卖盘
996,13:30:02,5.6,--,418,234079,卖盘
997,13:29:58,5.6,--,1,560,卖盘
998,13:29:53,5.6,-0.01,45,25200,卖盘
999,13:29:47,5.61,0.01,9,5049,买盘
1000,13:29:43,5.6,--,437,245246,卖盘
1001,13:29:38,5.6,--,24,13440,卖盘
1002,13:29:32,5.6,-0.01,24,13440,卖盘
1003,13:29:26,5.61,0.01,10,5610,买盘
1004,13:29:23,5.6,--,308,172614,卖盘
1005,13:29:17,5.6,-0.01,223,124879,卖盘
1006,13:29:11,5.61,0.01,4,2244,买盘
1007,13:29:08,5.6,-0.01,13,7279,卖盘
1008,13:29:02,5.61,0.01,52,29172,买盘
1009,13:28:52,5.6,--,130,72800,卖盘
1010,13:28:47,5.6,-0.01,1376,770560,卖盘
1011,13:28:41,5.61,--,186,104346,买盘
1012,13:28:38,5.61,0.01,88,49368,买盘
1013,13:28:32,5.6,-0.01,10,5600,卖盘
1014,13:28:26,5.61,--,65,36465,买盘
1015,13:28:23,5.61,--,110,61710,买盘
1016,13:28:17,5.61,0.01,21,11781,买盘
1017,13:28:11,5.6,--,50,28000,卖盘
1018,13:28:07,5.6,--,146,81760,卖盘
1019,13:28:02,5.6,--,97,54320,卖盘
1020,13:27:56,5.6,--,2188,1225280,卖盘
1021,13:27:52,5.6,--,280,156867,卖盘
1022,13:27:47,5.6,--,41,22960,卖盘
1023,13:27:41,5.6,-0.01,181,101360,卖盘
1024,13:27:37,5.61,0.01,52,29172,买盘
1025,13:27:32,5.6,--,90,50400,卖盘
1026,13:27:26,5.6,--,359,201040,卖盘
1027,13:27:22,5.6,-0.01,8,4480,卖盘
1028,13:27:17,5.61,0.01,8,4488,买盘
1029,13:27:11,5.6,--,492,275520,买盘
1030,13:27:07,5.6,--,40,22400,买盘
1031,13:27:02,5.6,--,73,40880,买盘
1032,13:26:56,5.6,--,243,136080,买盘
1033,13:26:47,5.6,0.01,282,157920,买盘
1034,13:26:41,5.59,-0.02,183,102297,卖盘
1035,13:26:37,5.61,0.01,2509,1407549,买盘
1036,13:26:32,5.6,--,144,81065,买盘
1037,13:26:26,5.6,--,30,16800,买盘
1038,13:26:17,5.6,--,168,94080,买盘
1039,13:26:11,5.6,-0.01,293,164080,卖盘
1040,13:26:07,5.61,--,33,18513,买盘
1041,13:26:02,5.61,--,114,63954,买盘
1042,13:25:56,5.61,0.01,100,56100,买盘
1043,13:25:52,5.6,--,10,5600,买盘
1044,13:25:47,5.6,0.01,102,57120,买盘
1045,13:25:41,5.59,-0.02,407,227513,卖盘
1046,13:25:37,5.61,--,72,40392,买盘
1047,13:25:32,5.61,--,2028,1137708,买盘
1048,13:25:26,5.61,--,38,21318,买盘
1049,13:25:22,5.61,0.01,38,21318,买盘
1050,13:25:16,5.6,0.01,2433,1362620,买盘
1051,13:25:11,5.59,-0.01,389,217451,卖盘
1052,13:25:07,5.6,--,94,52640,买盘
1053,13:25:02,5.6,--,132,73920,买盘
1054,13:24:56,5.6,0.01,129,72240,买盘
1055,13:24:52,5.59,--,47,26273,卖盘
1056,13:24:46,5.59,-0.01,100,55900,卖盘
1057,13:24:41,5.6,--,270,151200,买盘
1058,13:24:37,5.6,--,162,90720,买盘
1059,13:24:31,5.6,0.01,803,449680,买盘
1060,13:24:26,5.59,-0.01,274,153166,卖盘
1061,13:24:22,5.6,0.01,2,1120,买盘
1062,13:24:16,5.59,-0.01,110,61490,卖盘
1063,13:24:11,5.6,--,76,42560,买盘
1064,13:24:07,5.6,--,1013,567280,买盘
1065,13:24:01,5.6,--,318,178080,买盘
1066,13:23:56,5.6,0.01,412,230764,买盘
1067,13:23:46,5.59,--,1040,581360,卖盘
1068,13:23:41,5.59,-0.01,342,191178,卖盘
1069,13:23:37,5.6,--,51,28560,买盘
1070,13:23:31,5.6,--,59,33040,买盘
1071,13:23:26,5.6,--,76,42560,买盘
1072,13:23:22,5.6,--,29,16239,买盘
1073,13:23:16,5.6,0.01,208,116479,买盘
1074,13:23:11,5.59,-0.01,84,46956,卖盘
1075,13:23:07,5.6,--,145,81200,买盘
1076,13:23:01,5.6,--,164,91840,买盘
1077,13:22:56,5.6,--,344,193015,卖盘
1078,13:22:52,5.6,--,1245,697200,卖盘
1079,13:22:46,5.6,-0.01,433,242479,卖盘
1080,13:22:41,5.61,0.01,339,190179,买盘
1081,13:22:37,5.6,-0.01,1432,801920,卖盘
1082,13:22:31,5.61,0.01,116,65076,买盘
1083,13:22:26,5.6,-0.01,766,428960,卖盘
1084,13:22:22,5.61,0.01,85,47685,买盘
1085,13:22:16,5.6,--,206,115359,卖盘
1086,13:22:11,5.6,-0.01,790,442400,卖盘
1087,13:22:01,5.61,0.01,427,239547,买盘
1088,13:21:56,5.6,--,5100,2856000,卖盘
1089,13:21:52,5.6,-0.01,6,3360,卖盘
1090,13:21:46,5.61,--,9,5049,买盘
1091,13:21:41,5.61,--,284,159324,买盘
1092,13:21:36,5.61,0.01,12,6732,买盘
1093,13:21:31,5.6,-0.01,987,552720,卖盘
1094,13:21:26,5.61,--,623,349503,买盘
1095,13:21:20,5.61,0.01,95,53295,买盘
1096,13:21:16,5.6,--,192,107520,卖盘
1097,13:21:05,5.6,-0.01,228,127679,卖盘
1098,13:21:01,5.61,--,32,17952,买盘
1099,13:20:56,5.61,--,240,134640,买盘
1100,13:20:50,5.61,--,81,45441,买盘
1101,13:20:46,5.61,--,74,41514,买盘
1102,13:20:41,5.61,--,306,171666,买盘
1103,13:20:31,5.61,0.01,18,10098,买盘
1104,13:20:26,5.6,-0.01,258,144844,卖盘
1105,13:20:16,5.61,0.01,130,72930,买盘
1106,13:20:11,5.6,-0.01,31,17360,卖盘
1107,13:20:01,5.61,--,83,46563,买盘
1108,13:19:56,5.61,--,115,64515,买盘
1109,13:19:50,5.61,0.01,21,11781,买盘
1110,13:19:46,5.6,-0.01,494,276640,卖盘
1111,13:19:41,5.61,--,293,164373,买盘
1112,13:19:31,5.61,0.01,361,202521,买盘
1113,13:19:26,5.6,-0.01,7,3919,卖盘
1114,13:19:20,5.61,0.01,252,141372,买盘
1115,13:19:16,5.6,--,6,3360,卖盘
1116,13:19:11,5.6,-0.01,223,124879,卖盘
1117,13:19:05,5.61,--,114,63954,买盘
1118,13:19:01,5.61,0.01,4,2244,买盘
1119,13:18:56,5.6,--,103,57679,卖盘
1120,13:18:50,5.6,--,214,119839,卖盘
1121,13:18:41,5.6,-0.01,366,204960,卖盘
1122,13:18:35,5.61,--,99,55539,买盘
1123,13:18:31,5.61,0.01,21,11781,买盘
1124,13:18:26,5.6,-0.01,131,73360,卖盘
1125,13:18:20,5.61,0.01,112,62832,买盘
1126,13:18:11,5.6,--,259,145040,卖盘
1127,13:18:05,5.6,-0.01,58,32530,卖盘
1128,13:18:01,5.61,0.01,12,6732,买盘
1129,13:17:56,5.6,--,42,23520,卖盘
1130,13:17:50,5.6,--,459,257224,卖盘
1131,13:17:41,5.6,--,363,203280,卖盘
1132,13:17:35,5.6,-0.01,228,127679,卖盘
1133,13:17:31,5.61,0.01,19,10659,买盘
1134,13:17:25,5.6,--,36,20160,卖盘
1135,13:17:16,5.6,--,120,67200,卖盘
1136,13:17:10,5.6,--,169,94640,卖盘
1137,13:17:05,5.6,-0.01,150,84000,卖盘
1138,13:17:01,5.61,0.01,21,11781,买盘
1139,13:16:50,5.6,--,375,210000,卖盘
1140,13:16:40,5.6,-0.01,308,172480,卖盘
1141,13:16:35,5.61,--,98,54978,买盘
1142,13:16:31,5.61,0.01,168,94248,买盘
1143,13:16:25,5.6,-0.01,205,114799,卖盘
1144,13:16:20,5.61,0.01,10,5610,买盘
1145,13:16:15,5.6,--,230,128799,卖盘
1146,13:16:10,5.6,--,87,48720,卖盘
1147,13:16:05,5.6,--,83,46480,卖盘
1148,13:15:55,5.6,--,290,162730,卖盘
1149,13:15:50,5.6,--,49,27440,卖盘
1150,13:15:46,5.6,--,424,237439,卖盘
1151,13:15:40,5.6,-0.01,898,502879,卖盘
1152,13:15:35,5.61,0.01,17,9537,买盘
1153,13:15:25,5.6,-0.01,153,85680,卖盘
1154,13:15:20,5.61,0.01,209,117249,买盘
1155,13:15:15,5.6,--,20,11200,卖盘
1156,13:15:10,5.6,-0.01,516,288960,卖盘
1157,13:15:05,5.61,--,50,28050,买盘
1158,13:14:55,5.61,0.01,1,561,买盘
1159,13:14:50,5.6,--,21,11760,卖盘
1160,13:14:45,5.6,--,3,1680,卖盘
1161,13:14:40,5.6,--,189,105840,卖盘
1162,13:14:35,5.6,-0.01,2318,1298080,卖盘
1163,13:14:30,5.61,--,21,11781,买盘
1164,13:14:25,5.61,--,141,79101,买盘
1165,13:14:20,5.61,0.01,9,5049,买盘
1166,13:14:15,5.6,--,10,5600,卖盘
1167,13:14:10,5.6,-0.01,10,5600,卖盘
1168,13:14:05,5.61,--,226,126786,买盘
1169,13:14:00,5.61,0.01,45,25245,买盘
1170,13:13:55,5.6,--,16,8960,卖盘
1171,13:13:50,5.6,-0.01,39,21840,卖盘
1172,13:13:45,5.61,0.01,9,5049,买盘
1173,13:13:40,5.6,--,233,130479,卖盘
1174,13:13:35,5.6,-0.01,230,128889,卖盘
1175,13:13:25,5.61,--,147,82467,买盘
1176,13:13:20,5.61,--,103,57783,买盘
1177,13:13:14,5.61,--,30,16830,买盘
1178,13:13:10,5.61,0.01,10,5610,买盘
1179,13:13:05,5.6,-0.01,72,40320,卖盘
1180,13:12:59,5.61,--,5,2805,买盘
1181,13:12:55,5.61,0.01,12,6732,买盘
1182,13:12:50,5.6,-0.01,308,172608,卖盘
1183,13:12:44,5.61,0.01,52,29172,买盘
1184,13:12:40,5.6,-0.01,226,126559,卖盘
1185,13:12:35,5.61,--,31,17391,买盘
1186,13:12:25,5.61,--,10,5610,买盘
1187,13:12:20,5.61,--,10,5610,买盘
1188,13:12:10,5.61,0.01,49,27489,买盘
1189,13:12:05,5.6,-0.01,682,381920,卖盘
1190,13:11:59,5.61,--,121,67881,买盘
1191,13:11:50,5.61,--,3,1683,买盘
1192,13:11:44,5.61,--,241,135201,买盘
1193,13:11:40,5.61,0.01,422,236742,买盘
1194,13:11:35,5.6,--,945,529200,卖盘
1195,13:11:29,5.6,-0.01,10,5600,卖盘
1196,13:11:25,5.61,0.01,10,5610,买盘
1197,13:11:20,5.6,-0.01,338,189414,卖盘
1198,13:11:14,5.61,0.01,10,5610,买盘
1199,13:11:05,5.6,--,39,21840,卖盘
1200,13:10:59,5.6,--,20,11200,卖盘
1201,13:10:50,5.6,--,115,64399,卖盘
1202,13:10:44,5.6,-0.01,188,105280,卖盘
1203,13:10:35,5.61,0.01,171,95931,买盘
1204,13:10:29,5.6,--,15,8400,卖盘
1205,13:10:25,5.6,--,18,10080,卖盘
1206,13:10:20,5.6,--,67,37520,卖盘
1207,13:10:14,5.6,--,190,106400,卖盘
1208,13:10:05,5.6,-0.01,79,44240,卖盘
1209,13:09:59,5.61,0.01,113,63393,买盘
1210,13:09:55,5.6,-0.01,500,280000,卖盘
1211,13:09:50,5.61,0.01,21,11781,买盘
1212,13:09:44,5.6,-0.01,196,109760,卖盘
1213,13:09:40,5.61,0.01,80,44880,买盘
1214,13:09:35,5.6,-0.01,38,21280,卖盘
1215,13:09:29,5.61,--,604,339045,买盘
1216,13:09:25,5.61,0.01,10,5610,买盘
1217,13:09:19,5.6,-0.01,179,100240,卖盘
1218,13:09:14,5.61,--,559,313599,买盘
1219,13:09:10,5.61,0.01,3,1683,买盘
1220,13:09:04,5.6,-0.01,276,154560,卖盘
1221,13:08:59,5.61,0.01,9,5049,买盘
1222,13:08:49,5.6,--,211,118159,卖盘
1223,13:08:44,5.6,--,1182,661920,卖盘
1224,13:08:40,5.6,--,2,1120,卖盘
1225,13:08:34,5.6,--,62,34720,卖盘
1226,13:08:29,5.6,-0.01,147,82320,卖盘
1227,13:08:24,5.61,0.01,9,5049,买盘
1228,13:08:19,5.6,--,3,1680,卖盘
1229,13:08:14,5.6,--,10,5600,卖盘
1230,13:08:09,5.6,--,5,2800,卖盘
1231,13:08:04,5.6,--,87,48720,卖盘
1232,13:07:59,5.6,-0.01,592,331520,卖盘
1233,13:07:54,5.61,0.01,9,5049,买盘
1234,13:07:49,5.6,--,212,118719,卖盘
1235,13:07:44,5.6,--,510,285600,卖盘
1236,13:07:39,5.6,--,61,34160,卖盘
1237,13:07:34,5.6,--,375,210072,卖盘
1238,13:07:29,5.6,-0.01,12,6720,卖盘
1239,13:07:24,5.61,0.01,9,5049,买盘
1240,13:07:19,5.6,-0.01,569,318640,卖盘
1241,13:07:09,5.61,--,3,1683,买盘
1242,13:07:04,5.61,--,118,66198,买盘
1243,13:06:59,5.61,0.01,32,17952,买盘
1244,13:06:54,5.6,-0.01,4,2240,卖盘
1245,13:06:49,5.61,0.01,152,85272,买盘
1246,13:06:44,5.6,--,181,101360,卖盘
1247,13:06:39,5.6,-0.01,1000,560000,卖盘
1248,13:06:34,5.61,--,417,233937,买盘
1249,13:06:29,5.61,--,50,28050,买盘
1250,13:06:24,5.61,--,72,40392,买盘
1251,13:06:19,5.61,--,9,5049,买盘
1252,13:06:14,5.61,0.01,70,39270,买盘
1253,13:06:09,5.6,-0.01,10,5600,卖盘
1254,13:06:04,5.61,--,20,11220,买盘
1255,13:05:59,5.61,--,44,24684,买盘
1256,13:05:54,5.61,--,24,13464,买盘
1257,13:05:49,5.61,0.01,111,62271,买盘
1258,13:05:44,5.6,-0.01,537,300720,卖盘
1259,13:05:34,5.61,0.01,59,33099,买盘
1260,13:05:29,5.6,--,154,86307,卖盘
1261,13:05:24,5.6,-0.01,150,84000,卖盘
1262,13:05:19,5.61,--,10,5610,买盘
1263,13:05:14,5.61,--,13,7293,买盘
1264,13:05:08,5.61,--,39,21879,买盘
1265,13:05:04,5.61,--,140,78540,买盘
1266,13:04:53,5.61,--,10,5610,买盘
1267,13:04:49,5.61,--,209,117249,买盘
1268,13:04:44,5.61,0.01,341,191301,买盘
1269,13:04:34,5.6,-0.01,47,26320,卖盘
1270,13:04:29,5.61,0.01,112,62832,买盘
1271,13:04:23,5.6,--,50,28000,卖盘
1272,13:04:14,5.6,--,100,56000,卖盘
1273,13:04:08,5.6,-0.01,277,155120,卖盘
1274,13:04:04,5.61,--,23,12903,买盘
1275,13:03:59,5.61,0.01,611,342771,买盘
1276,13:03:53,5.6,--,60,33600,卖盘
1277,13:03:49,5.6,-0.01,26,14559,卖盘
1278,13:03:44,5.61,--,533,299013,买盘
1279,13:03:38,5.61,--,59,33099,买盘
1280,13:03:34,5.61,--,18,10098,买盘
1281,13:03:23,5.61,0.01,212,118932,买盘
1282,13:03:19,5.6,-0.01,43,24080,卖盘
1283,13:03:14,5.61,--,234,131274,买盘
1284,13:03:08,5.61,0.01,1126,631686,买盘
1285,13:03:04,5.6,--,99,55440,卖盘
1286,13:02:59,5.6,-0.01,427,239254,卖盘
1287,13:02:53,5.61,0.01,86,48246,买盘
1288,13:02:49,5.6,--,68,38080,卖盘
1289,13:02:44,5.6,--,508,284480,卖盘
1290,13:02:38,5.6,-0.01,89,49840,卖盘
1291,13:02:34,5.61,--,147,82467,买盘
1292,13:02:29,5.61,--,336,188496,买盘
1293,13:02:23,5.61,0.01,32,17952,买盘
1294,13:02:19,5.6,--,133,74480,卖盘
1295,13:02:14,5.6,--,136,76160,卖盘
1296,13:02:08,5.6,--,388,217280,卖盘
1297,13:02:04,5.6,-0.01,177,99120,卖盘
1298,13:01:59,5.61,0.01,41,23001,买盘
1299,13:01:53,5.6,--,56,31359,卖盘
1300,13:01:49,5.6,--,87,48720,卖盘
1301,13:01:44,5.6,--,181,101360,卖盘
1302,13:01:38,5.6,-0.01,78,43680,卖盘
1303,13:01:28,5.61,--,52,29172,买盘
1304,13:01:23,5.61,0.01,65,36465,买盘
1305,13:01:13,5.6,-0.01,255,142800,卖盘
1306,13:01:08,5.61,0.01,57,31977,买盘
1307,13:01:04,5.6,-0.01,280,156800,卖盘
1308,13:00:58,5.61,--,40,22440,买盘
1309,13:00:53,5.61,--,127,71247,买盘
1310,13:00:48,5.61,--,36,20196,买盘
1311,13:00:43,5.61,--,120,67320,买盘
1312,13:00:38,5.61,0.01,64,35904,买盘
1313,13:00:33,5.6,--,69,38640,卖盘
1314,13:00:28,5.6,-0.01,225,126106,卖盘
1315,13:00:23,5.61,0.01,68,38148,买盘
1316,13:00:18,5.6,-0.01,1,560,卖盘
1317,13:00:13,5.61,--,67,37587,买盘
1318,13:00:08,5.61,0.01,2540,1425007,买盘
1319,13:00:04,5.6,-0.01,291,162960,卖盘
1320,11:30:00,5.61,--,0,0,买盘
1321,11:29:59,5.61,--,0,0,买盘
1322,11:29:54,5.61,--,2,1122,买盘
1323,11:29:44,5.61,0.01,198,111078,买盘
1324,11:29:39,5.6,-0.01,185,103600,卖盘
1325,11:29:34,5.61,--,100,56100,买盘
1326,11:29:29,5.61,0.01,504,282744,买盘
1327,11:29:24,5.6,-0.01,100,56000,卖盘
1328,11:29:19,5.61,--,9,5049,买盘
1329,11:29:09,5.61,--,165,92565,买盘
1330,11:29:04,5.61,0.01,9,5049,买盘
1331,11:28:59,5.6,-0.01,23,12880,卖盘
1332,11:28:54,5.61,--,108,60588,买盘
1333,11:28:49,5.61,0.01,72,40392,买盘
1334,11:28:44,5.6,-0.01,259,145040,卖盘
1335,11:28:39,5.61,--,39,21879,买盘
1336,11:28:29,5.61,0.01,45,25245,买盘
1337,11:28:24,5.6,-0.01,528,295680,卖盘
1338,11:28:19,5.61,--,35,19635,买盘
1339,11:28:14,5.61,0.01,59,33099,买盘
1340,11:28:09,5.6,--,22,12320,卖盘
1341,11:27:59,5.6,--,800,448000,卖盘
1342,11:27:49,5.6,--,1,560,卖盘
1343,11:27:44,5.6,-0.01,491,274960,卖盘
1344,11:27:39,5.61,--,82,46002,买盘
1345,11:27:34,5.61,0.01,13,7293,买盘
1346,11:27:29,5.6,--,12,6720,卖盘
1347,11:27:24,5.6,-0.01,21,11760,卖盘
1348,11:27:19,5.61,--,32,17952,买盘
1349,11:27:14,5.61,0.01,4,2244,买盘
1350,11:27:09,5.6,-0.01,849,475439,卖盘
1351,11:27:04,5.61,0.01,51,28611,买盘
1352,11:26:59,5.6,-0.01,17,9520,卖盘
1353,11:26:49,5.61,0.01,40,22440,买盘
1354,11:26:44,5.6,-0.01,181,101360,卖盘
1355,11:26:39,5.61,0.01,109,61149,买盘
1356,11:26:34,5.6,--,10,5600,卖盘
1357,11:26:29,5.6,--,16,8960,卖盘
1358,11:26:24,5.6,--,10,5600,卖盘
1359,11:26:14,5.6,--,10,5600,卖盘
1360,11:26:09,5.6,-0.01,52,29119,卖盘
1361,11:26:03,5.61,0.01,1813,1017093,买盘
1362,11:25:59,5.6,--,10,5600,卖盘
1363,11:25:48,5.6,--,801,448560,卖盘
1364,11:25:44,5.6,-0.01,182,101920,卖盘
1365,11:25:39,5.61,--,105,58905,买盘
1366,11:25:33,5.61,0.01,2020,1133220,买盘
1367,11:25:29,5.6,--,10,5600,卖盘
1368,11:25:24,5.6,-0.01,10,5600,卖盘
1369,11:25:18,5.61,--,68,38148,买盘
1370,11:25:03,5.61,--,50,28050,买盘
1371,11:24:59,5.61,--,50,28050,买盘
1372,11:24:54,5.61,--,2095,1175295,卖盘
1373,11:24:48,5.61,--,275,154275,卖盘
1374,11:24:44,5.61,-0.01,182,102102,卖盘
1375,11:24:39,5.62,0.01,1073,603026,买盘
1376,11:24:33,5.61,--,104,58344,卖盘
1377,11:24:29,5.61,--,16,8976,卖盘
1378,11:24:24,5.61,-0.01,20,11220,卖盘
1379,11:24:18,5.62,0.01,130,73060,买盘
1380,11:24:14,5.61,--,491,275451,卖盘
1381,11:24:09,5.61,-0.01,235,131835,卖盘
1382,11:24:03,5.62,--,152,85424,买盘
1383,11:23:59,5.62,0.01,488,274256,买盘
1384,11:23:53,5.61,--,203,113883,卖盘
1385,11:23:48,5.61,--,322,180642,卖盘
1386,11:23:44,5.61,--,215,120615,卖盘
1387,11:23:38,5.61,--,94,52734,卖盘
1388,11:23:33,5.61,-0.01,168,94248,卖盘
1389,11:23:29,5.62,--,9,5058,买盘
1390,11:23:23,5.62,0.01,15,8430,买盘
1391,11:23:18,5.61,--,5,2805,卖盘
1392,11:23:08,5.61,--,3,1683,卖盘
1393,11:23:03,5.61,--,12,6732,卖盘
1394,11:22:53,5.61,--,59,33099,卖盘
1395,11:22:48,5.61,--,1093,613173,卖盘
1396,11:22:43,5.61,-0.01,212,118932,卖盘
1397,11:22:38,5.62,0.01,76,42712,买盘
1398,11:22:33,5.61,--,10,5610,卖盘
1399,11:22:28,5.61,-0.01,10,5610,卖盘
1400,11:22:23,5.62,--,39,21918,买盘
1401,11:22:13,5.62,0.01,411,230982,买盘
1402,11:22:08,5.61,--,250,140250,买盘
1403,11:22:03,5.61,--,1235,692835,买盘
1404,11:21:58,5.61,--,4,2244,买盘
1405,11:21:53,5.61,--,266,149226,买盘
1406,11:21:48,5.61,0.01,1112,623832,买盘
1407,11:21:43,5.6,-0.01,199,111440,卖盘
1408,11:21:38,5.61,0.01,539,302379,买盘
1409,11:21:33,5.6,-0.01,693,388080,卖盘
1410,11:21:28,5.61,--,67,37587,买盘
1411,11:21:23,5.61,0.01,203,113883,买盘
1412,11:21:18,5.6,-0.01,1096,613760,卖盘
1413,11:21:13,5.61,--,1882,1055802,买盘
1414,11:21:08,5.61,--,5515,3093915,买盘
1415,11:21:03,5.61,--,132,74052,买盘
1416,11:20:58,5.61,--,98,54978,买盘
1417,11:20:48,5.61,--,1518,851598,买盘
1418,11:20:43,5.61,0.01,1230,690030,买盘
1419,11:20:33,5.6,--,47,26320,卖盘
1420,11:20:28,5.6,-0.01,45,25200,卖盘
1421,11:20:23,5.61,--,10,5610,买盘
1422,11:20:18,5.61,--,131,73491,买盘
1423,11:20:13,5.61,--,29,16269,买盘
1424,11:20:08,5.61,--,636,356796,买盘
1425,11:19:57,5.61,--,30,16830,买盘
1426,11:19:53,5.61,--,57,31977,买盘
1427,11:19:48,5.61,0.01,56,31416,买盘
1428,11:19:42,5.6,-0.01,190,106400,卖盘
1429,11:19:38,5.61,--,2,1122,买盘
1430,11:19:33,5.61,--,132,74052,买盘
1431,11:19:27,5.61,--,10,5610,买盘
1432,11:19:23,5.61,--,170,95370,买盘
1433,11:19:18,5.61,--,2,1122,买盘
1434,11:19:08,5.61,0.01,16,8976,买盘
1435,11:19:03,5.6,--,18,10080,卖盘
1436,11:18:53,5.6,--,30,16800,卖盘
1437,11:18:48,5.6,--,26,14559,卖盘
1438,11:18:42,5.6,--,181,101360,卖盘
1439,11:18:38,5.6,-0.01,19,10640,卖盘
1440,11:18:33,5.61,--,1,561,买盘
1441,11:18:18,5.61,--,20,11220,买盘
1442,11:18:12,5.61,--,10,5610,买盘
1443,11:18:08,5.61,0.01,9,5049,买盘
1444,11:18:03,5.6,-0.01,63,35280,卖盘
1445,11:17:57,5.61,--,74,41514,买盘
1446,11:17:48,5.61,0.01,59,33099,买盘
1447,11:17:42,5.6,-0.01,183,102480,卖盘
1448,11:17:33,5.61,--,52,29172,买盘
1449,11:17:27,5.61,0.01,1,561,买盘
1450,11:17:18,5.6,--,2,1120,卖盘
1451,11:17:12,5.6,--,10,5600,卖盘
1452,11:17:08,5.6,-0.01,3,1680,卖盘
1453,11:17:02,5.61,0.01,550,308550,买盘
1454,11:16:53,5.6,--,9,5040,卖盘
1455,11:16:47,5.6,--,117,65519,卖盘
1456,11:16:42,5.6,--,262,146720,卖盘
1457,11:16:32,5.6,-0.01,10,5600,卖盘
1458,11:16:27,5.61,--,9,5049,买盘
1459,11:16:23,5.61,0.01,125,70125,买盘
1460,11:16:17,5.6,--,18,10080,卖盘
1461,11:16:12,5.6,-0.01,609,341040,卖盘
1462,11:16:02,5.61,--,21,11781,买盘
1463,11:15:57,5.61,0.01,110,61710,买盘
1464,11:15:47,5.6,--,249,139440,卖盘
1465,11:15:42,5.6,-0.01,734,411040,卖盘
1466,11:15:32,5.61,--,84,47124,买盘
1467,11:15:27,5.61,0.01,19,10659,买盘
1468,11:15:17,5.6,--,100,56000,卖盘
1469,11:15:12,5.6,-0.01,700,392000,卖盘
1470,11:15:02,5.61,--,218,122298,买盘
1471,11:14:57,5.61,0.01,9,5049,买盘
1472,11:14:47,5.6,--,12,6720,卖盘
1473,11:14:42,5.6,--,582,325920,卖盘
1474,11:14:37,5.6,-0.01,10,5600,卖盘
1475,11:14:32,5.61,--,893,500973,买盘
1476,11:14:22,5.61,0.01,18,10098,买盘
1477,11:14:12,5.6,-0.01,87,48720,卖盘
1478,11:14:02,5.61,--,81,45441,买盘
1479,11:13:56,5.61,--,1050,589050,买盘
1480,11:13:52,5.61,0.01,42,23562,买盘
1481,11:13:42,5.6,--,537,300720,卖盘
1482,11:13:37,5.6,-0.01,1000,560000,卖盘
1483,11:13:27,5.61,0.01,556,312202,买盘
1484,11:13:22,5.6,--,61,34160,买盘
1485,11:13:17,5.6,--,2261,1266160,买盘
1486,11:13:12,5.6,--,578,323680,买盘
1487,11:13:06,5.6,--,145,81200,买盘
1488,11:13:02,5.6,--,363,203280,买盘
1489,11:12:57,5.6,--,451,252559,买盘
1490,11:12:51,5.6,0.01,54,30239,买盘
1491,11:12:47,5.59,--,69,38721,卖盘
1492,11:12:42,5.59,-0.01,2476,1384084,卖盘
1493,11:12:36,5.6,--,45,25200,买盘
1494,11:12:32,5.6,--,498,278880,买盘
1495,11:12:27,5.6,0.01,591,330960,买盘
1496,11:12:21,5.59,-0.01,34,19006,卖盘
1497,11:12:17,5.6,0.01,146,81760,买盘
1498,11:12:11,5.59,-0.01,856,478504,卖盘
1499,11:12:06,5.6,--,20,11200,买盘
1500,11:12:02,5.6,--,107,59919,买盘
1501,11:11:57,5.6,--,60,33600,买盘
1502,11:11:51,5.6,--,12,6720,买盘
1503,11:11:47,5.6,0.01,253,141680,买盘
1504,11:11:42,5.59,--,202,112918,卖盘
1505,11:11:36,5.59,-0.01,104,58136,卖盘
1506,11:11:32,5.6,0.01,1707,955919,买盘
1507,11:11:27,5.59,-0.01,54,30186,卖盘
1508,11:11:21,5.6,--,59,33040,买盘
1509,11:11:16,5.6,--,834,467039,买盘
1510,11:11:12,5.6,--,83,46480,买盘
1511,11:11:06,5.6,0.01,47,26320,买盘
1512,11:11:02,5.59,-0.01,20,11180,卖盘
1513,11:10:57,5.6,--,1,560,买盘
1514,11:10:51,5.6,0.01,225,125999,买盘
1515,11:10:46,5.59,--,12,6708,卖盘
1516,11:10:42,5.59,--,516,288444,卖盘
1517,11:10:36,5.59,--,256,143104,卖盘
1518,11:10:27,5.59,-0.01,257,143663,卖盘
1519,11:10:21,5.6,0.01,57,31919,买盘
1520,11:10:16,5.59,-0.01,20,11180,卖盘
1521,11:10:12,5.6,0.01,70,39200,买盘
1522,11:10:06,5.59,--,1329,742911,卖盘
1523,11:09:56,5.59,--,185,103415,卖盘
1524,11:09:51,5.59,-0.01,183,102297,卖盘
1525,11:09:46,5.6,0.01,20,11200,买盘
1526,11:09:41,5.59,-0.01,247,138073,卖盘
1527,11:09:36,5.6,--,51,28560,买盘
1528,11:09:31,5.6,--,62,34720,买盘
1529,11:09:26,5.6,0.01,257,143920,买盘
1530,11:09:21,5.59,-0.01,124,69316,卖盘
1531,11:09:16,5.6,0.01,89,49840,买盘
1532,11:09:11,5.59,-0.01,70,39130,卖盘
1533,11:09:06,5.6,--,349,195440,买盘
1534,11:09:01,5.6,--,117,65519,买盘
1535,11:08:56,5.6,--,126,70560,买盘
1536,11:08:51,5.6,0.01,597,334320,买盘
1537,11:08:46,5.59,-0.01,23,12857,卖盘
1538,11:08:41,5.6,0.01,223,124879,买盘
1539,11:08:36,5.59,-0.01,124,69316,卖盘
1540,11:08:31,5.6,0.01,145,81200,买盘
1541,11:08:26,5.59,--,50,27950,卖盘
1542,11:08:21,5.59,-0.01,282,157638,卖盘
1543,11:08:16,5.6,--,20,11200,买盘
1544,11:08:11,5.6,--,267,149520,买盘
1545,11:08:06,5.6,0.01,26,14559,买盘
1546,11:08:01,5.59,-0.01,40,22360,卖盘
1547,11:07:56,5.6,--,115,64399,买盘
1548,11:07:50,5.6,--,55,30799,买盘
1549,11:07:46,5.6,0.01,30,16800,买盘
1550,11:07:41,5.59,--,233,130247,卖盘
1551,11:07:36,5.59,--,215,120185,卖盘
1552,11:07:31,5.59,--,106,59254,卖盘
1553,11:07:26,5.59,--,89,49751,卖盘
1554,11:07:20,5.59,-0.01,100,55900,卖盘
1555,11:07:16,5.6,--,280,156800,买盘
1556,11:07:11,5.6,0.01,279,156240,买盘
1557,11:07:06,5.59,-0.01,839,469001,卖盘
1558,11:07:01,5.6,0.01,50,28000,买盘
1559,11:06:56,5.59,-0.01,325,181675,卖盘
1560,11:06:51,5.6,--,29,16239,买盘
1561,11:06:46,5.6,0.01,31,17360,买盘
1562,11:06:41,5.59,--,284,158756,卖盘
1563,11:06:31,5.59,-0.01,20,11180,卖盘
1564,11:06:26,5.6,--,10,5600,买盘
1565,11:06:21,5.6,0.01,125,70000,买盘
1566,11:06:11,5.59,-0.01,676,377884,卖盘
1567,11:06:06,5.6,--,2995,1677474,卖盘
1568,11:06:00,5.6,-0.01,384,215040,卖盘
1569,11:05:56,5.61,0.01,94,52734,买盘
1570,11:05:51,5.6,--,62,34720,卖盘
1571,11:05:44,5.6,--,88,49280,卖盘
1572,11:05:41,5.6,--,239,133840,卖盘
1573,11:05:36,5.6,--,31,17360,卖盘
1574,11:05:26,5.6,--,22,12320,卖盘
1575,11:05:21,5.6,-0.01,897,502319,卖盘
1576,11:05:14,5.61,0.01,80,44880,买盘
1577,11:05:11,5.6,-0.01,2117,1185520,卖盘
1578,11:05:06,5.61,0.01,121,67881,买盘
1579,11:05:00,5.6,--,74,41440,卖盘
1580,11:04:50,5.6,-0.01,97,54320,卖盘
1581,11:04:44,5.61,0.01,9,5049,买盘
1582,11:04:40,5.6,-0.01,221,123759,卖盘
1583,11:04:35,5.61,0.01,21,11781,买盘
1584,11:04:26,5.6,--,769,430925,买盘
1585,11:04:20,5.6,--,711,398434,卖盘
1586,11:04:14,5.6,-0.01,99,55440,卖盘
1587,11:04:10,5.61,0.01,133,74613,买盘
1588,11:04:05,5.6,--,143,80080,卖盘
1589,11:03:59,5.6,-0.01,424,237439,卖盘
1590,11:03:55,5.61,0.01,4,2244,买盘
1591,11:03:51,5.6,--,421,235759,卖盘
1592,11:03:44,5.6,--,498,278885,卖盘
1593,11:03:40,5.6,--,27,15119,卖盘
1594,11:03:35,5.6,--,135,75600,卖盘
1595,11:03:29,5.6,--,461,258159,卖盘
1596,11:03:21,5.6,--,433,242479,卖盘
1597,11:03:14,5.6,--,350,196000,卖盘
1598,11:03:10,5.6,--,124,69440,卖盘
1599,11:03:05,5.6,--,208,116479,卖盘
1600,11:02:59,5.6,--,676,378560,卖盘
1601,11:02:55,5.6,--,120,67200,卖盘
1602,11:02:50,5.6,--,1352,757120,卖盘
1603,11:02:44,5.6,-0.01,263,147280,卖盘
1604,11:02:40,5.61,--,10664,5982504,买盘
1605,11:02:35,5.61,0.01,103,57783,买盘
1606,11:02:29,5.6,-0.01,22,12320,卖盘
1607,11:02:25,5.61,0.01,501,281061,买盘
1608,11:02:20,5.6,-0.01,108,60479,卖盘
1609,11:02:14,5.61,0.01,6,3366,买盘
1610,11:02:10,5.6,-0.01,45,25200,卖盘
1611,11:02:05,5.61,0.01,139,77979,买盘
1612,11:01:59,5.6,-0.01,34,19040,卖盘
1613,11:01:55,5.61,0.01,63,35343,买盘
1614,11:01:50,5.6,--,101,56560,卖盘
1615,11:01:44,5.6,--,202,113120,卖盘
1616,11:01:35,5.6,-0.01,133,74480,卖盘
1617,11:01:29,5.61,0.01,24,13464,买盘
1618,11:01:25,5.6,--,20,11200,卖盘
1619,11:01:20,5.6,--,263,147280,卖盘
1620,11:01:14,5.6,--,121,67760,卖盘
1621,11:01:10,5.6,--,10097,5654320,卖盘
1622,11:01:05,5.6,-0.01,408,228480,卖盘
1623,11:00:59,5.61,0.01,13,7293,买盘
1624,11:00:55,5.6,--,30,16800,卖盘
1625,11:00:50,5.6,--,69,38640,卖盘
1626,11:00:44,5.6,-0.01,226,126559,卖盘
1627,11:00:40,5.61,0.01,67,37587,买盘
1628,11:00:35,5.6,-0.01,1934,1083040,卖盘
1629,11:00:29,5.61,0.01,291,163251,买盘
1630,11:00:20,5.6,--,100,56000,卖盘
1631,11:00:14,5.6,--,20,11200,卖盘
1632,11:00:10,5.6,--,30,16800,卖盘
1633,11:00:05,5.6,--,84,47040,卖盘
1634,10:59:59,5.6,--,56,31359,卖盘
1635,10:59:55,5.6,--,220,123199,卖盘
1636,10:59:50,5.6,--,21,11760,卖盘
1637,10:59:44,5.6,-0.01,328,183680,卖盘
1638,10:59:40,5.61,0.01,78,43758,买盘
1639,10:59:35,5.6,--,246,137760,卖盘
1640,10:59:29,5.6,-0.01,52,29119,卖盘
1641,10:59:24,5.61,0.01,30,16830,买盘
1642,10:59:20,5.6,-0.01,136,76160,卖盘
1643,10:59:14,5.61,0.01,3,1683,买盘
1644,10:59:10,5.6,-0.01,20,11200,卖盘
1645,10:59:05,5.61,0.01,310,173910,买盘
1646,10:58:59,5.6,-0.01,102,57455,卖盘
1647,10:58:50,5.61,0.01,111,62271,买盘
1648,10:58:44,5.6,--,232,129919,卖盘
1649,10:58:35,5.6,--,79,44576,卖盘
1650,10:58:29,5.6,--,147,82320,卖盘
1651,10:58:23,5.6,-0.01,181,101360,卖盘
1652,10:58:20,5.61,0.01,42,23562,买盘
1653,10:58:14,5.6,-0.01,40,22400,卖盘
1654,10:58:04,5.61,0.01,48,26928,买盘
1655,10:57:59,5.6,-0.01,130,72800,卖盘
1656,10:57:53,5.61,0.01,87,48807,买盘
1657,10:57:49,5.6,--,30,16800,卖盘
1658,10:57:44,5.6,-0.01,195,109200,卖盘
1659,10:57:38,5.61,--,40,22440,买盘
1660,10:57:34,5.61,0.01,1,561,买盘
1661,10:57:29,5.6,-0.01,50,28000,卖盘
1662,10:57:23,5.61,--,115,64515,买盘
1663,10:57:19,5.61,--,163,91931,买盘
1664,10:57:14,5.61,--,29,16269,买盘
1665,10:57:08,5.61,0.01,112,62832,买盘
1666,10:57:04,5.6,--,28,15679,卖盘
1667,10:56:59,5.6,--,4,2240,卖盘
1668,10:56:53,5.6,-0.01,96,53760,卖盘
1669,10:56:49,5.61,--,30,16830,买盘
1670,10:56:44,5.61,0.01,517,290037,买盘
1671,10:56:38,5.6,-0.01,20,11200,卖盘
1672,10:56:34,5.61,--,45,25245,买盘
1673,10:56:29,5.61,--,40,22440,买盘
1674,10:56:23,5.61,0.01,290,162690,买盘
1675,10:56:19,5.6,-0.01,40,22400,卖盘
1676,10:56:14,5.61,0.01,9,5049,买盘
1677,10:56:08,5.6,-0.01,40,22400,卖盘
1678,10:56:04,5.61,--,31,17391,买盘
1679,10:55:59,5.61,--,16,8976,买盘
1680,10:55:53,5.61,--,25,14025,买盘
1681,10:55:49,5.61,--,100,56100,买盘
1682,10:55:44,5.61,--,430,241230,买盘
1683,10:55:34,5.61,--,64,35904,买盘
1684,10:55:29,5.61,0.01,2021,1133781,买盘
1685,10:55:23,5.6,--,22,12320,卖盘
1686,10:55:14,5.6,-0.01,58,32479,卖盘
1687,10:55:08,5.61,0.01,177,99297,买盘
1688,10:55:04,5.6,--,35,19600,卖盘
1689,10:54:59,5.6,--,216,120959,卖盘
1690,10:54:53,5.6,--,6,3360,卖盘
1691,10:54:49,5.6,-0.01,55,30799,卖盘
1692,10:54:44,5.61,0.01,409,229449,买盘
1693,10:54:38,5.6,-0.01,98,54880,卖盘
1694,10:54:34,5.61,0.01,100,56100,买盘
1695,10:54:29,5.6,--,154,86240,卖盘
1696,10:54:23,5.6,--,133,74480,卖盘
1697,10:54:19,5.6,-0.01,32,17920,卖盘
1698,10:54:14,5.61,--,791,443751,买盘
1699,10:54:08,5.61,--,9,5049,买盘
1700,10:54:04,5.61,--,21,11781,买盘
1701,10:53:53,5.61,--,10,5610,买盘
1702,10:53:49,5.61,0.01,3,1683,买盘
1703,10:53:44,5.6,-0.01,353,197680,卖盘
1704,10:53:38,5.61,--,123,69003,买盘
1705,10:53:34,5.61,0.01,21,11781,买盘
1706,10:53:29,5.6,--,226,126895,卖盘
1707,10:53:23,5.6,-0.01,181,101360,卖盘
1708,10:53:13,5.61,0.01,30,16830,买盘
1709,10:53:08,5.6,-0.01,90,50400,卖盘
1710,10:53:04,5.61,--,18,10098,买盘
1711,10:52:59,5.61,0.01,79,44319,买盘
1712,10:52:53,5.6,--,40,22400,卖盘
1713,10:52:44,5.6,--,646,361760,卖盘
1714,10:52:38,5.6,-0.01,104,58239,卖盘
1715,10:52:34,5.61,--,1,561,买盘
1716,10:52:29,5.61,0.01,131,73491,买盘
1717,10:52:23,5.6,--,32,17920,卖盘
1718,10:52:14,5.6,-0.01,88,49280,卖盘
1719,10:52:08,5.61,--,36,20196,买盘
1720,10:52:02,5.61,--,104,58344,买盘
1721,10:51:58,5.61,0.01,94,52734,买盘
1722,10:51:43,5.6,-0.01,183,102480,卖盘
1723,10:51:38,5.61,--,139,77979,买盘
1724,10:51:32,5.61,0.01,1,561,买盘
1725,10:51:28,5.6,-0.01,2216,1240960,卖盘
1726,10:51:23,5.61,--,163,91443,买盘
1727,10:51:17,5.61,--,35,19635,买盘
1728,10:51:14,5.61,--,47,26367,买盘
1729,10:51:08,5.61,--,1003,562683,买盘
1730,10:51:02,5.61,--,34,19074,买盘
1731,10:50:58,5.61,--,44,24684,买盘
1732,10:50:53,5.61,--,68,38148,买盘
1733,10:50:47,5.61,0.01,10,5610,买盘
1734,10:50:43,5.6,--,182,101920,卖盘
1735,10:50:38,5.6,-0.01,48,26880,卖盘
1736,10:50:32,5.61,0.01,28,15708,买盘
1737,10:50:28,5.6,-0.01,201,112560,卖盘
1738,10:50:23,5.61,--,76,42636,买盘
1739,10:50:17,5.61,--,2,1122,买盘
1740,10:50:02,5.61,0.01,46,25806,买盘
1741,10:49:58,5.6,-0.01,44,24640,卖盘
1742,10:49:53,5.61,0.01,9,5049,买盘
1743,10:49:47,5.6,--,2,1120,卖盘
1744,10:49:43,5.6,-0.01,181,101360,卖盘
1745,10:49:38,5.61,--,164,92004,买盘
1746,10:49:32,5.61,--,3,1683,买盘
1747,10:49:28,5.61,0.01,6,3366,中性盘
1748,10:49:23,5.6,-0.01,178,99680,卖盘
1749,10:49:17,5.61,0.01,143,80223,买盘
1750,10:49:13,5.6,-0.01,54,30239,卖盘
1751,10:49:08,5.61,--,123,69003,买盘
1752,10:49:02,5.61,--,73,40953,买盘
1753,10:48:52,5.61,-0.01,261,146757,卖盘
1754,10:48:47,5.62,0.01,1163,653606,买盘
1755,10:48:43,5.61,--,551,309111,卖盘
1756,10:48:38,5.61,-0.01,54,30630,卖盘
1757,10:48:32,5.62,--,87,48894,买盘
1758,10:48:28,5.62,0.01,36,20232,买盘
1759,10:48:17,5.61,-0.01,138,77418,卖盘
1760,10:48:13,5.62,0.01,86,48332,买盘
1761,10:48:07,5.61,-0.01,56,31416,卖盘
1762,10:48:02,5.62,0.01,42,23604,买盘
1763,10:47:58,5.61,-0.01,500,280500,卖盘
1764,10:47:52,5.62,0.01,279,156798,买盘
1765,10:47:47,5.61,--,23,12903,卖盘
1766,10:47:43,5.61,--,200,112200,卖盘
1767,10:47:37,5.61,-0.01,8,4488,卖盘
1768,10:47:32,5.62,0.01,2,1124,买盘
1769,10:47:28,5.61,--,15,8415,卖盘
1770,10:47:22,5.61,--,121,67881,卖盘
1771,10:47:17,5.61,-0.01,10,5610,卖盘
1772,10:47:13,5.62,0.01,9,5058,买盘
1773,10:47:07,5.61,--,861,483021,买盘
1774,10:47:02,5.61,--,1348,756228,买盘
1775,10:46:58,5.61,--,30,16830,买盘
1776,10:46:52,5.61,0.01,268,150348,买盘
1777,10:46:47,5.6,-0.01,30,16800,卖盘
1778,10:46:43,5.61,--,245,137445,买盘
1779,10:46:37,5.61,0.01,60,33660,买盘
1780,10:46:32,5.6,-0.01,20,11200,卖盘
1781,10:46:28,5.61,--,1415,793815,买盘
1782,10:46:22,5.61,0.01,325,182325,买盘
1783,10:46:17,5.6,--,28,15679,卖盘
1784,10:46:07,5.6,-0.02,708,396480,卖盘
1785,10:46:02,5.62,0.01,1591,894142,买盘
1786,10:45:58,5.61,--,1254,703494,卖盘
1787,10:45:52,5.61,--,734,411774,卖盘
1788,10:45:47,5.61,--,289,162129,卖盘
1789,10:45:43,5.61,--,778,436458,卖盘
1790,10:45:37,5.61,-0.01,123,69003,卖盘
1791,10:45:32,5.62,0.01,10,5620,买盘
1792,10:45:26,5.61,--,1874,1051314,卖盘
1793,10:45:22,5.61,--,441,247401,卖盘
1794,10:45:17,5.61,--,68,38148,卖盘
1795,10:45:12,5.61,--,18,10098,卖盘
1796,10:45:07,5.61,--,50,28050,卖盘
1797,10:45:02,5.61,--,300,168300,卖盘
1798,10:44:56,5.61,--,20,11220,卖盘
1799,10:44:52,5.61,--,125,70125,卖盘
1800,10:44:47,5.61,--,470,263670,卖盘
1801,10:44:41,5.61,--,276,154836,卖盘
1802,10:44:37,5.61,-0.01,39,21879,卖盘
1803,10:44:32,5.62,--,54,30348,买盘
1804,10:44:26,5.62,0.01,4391,2467742,买盘
1805,10:44:22,5.61,--,20,11220,卖盘
1806,10:44:17,5.61,--,33,18513,卖盘
1807,10:44:07,5.61,-0.01,123,69003,卖盘
1808,10:44:02,5.62,--,29,16298,买盘
1809,10:43:56,5.62,0.01,9,5058,买盘
1810,10:43:52,5.61,--,40,22440,卖盘
1811,10:43:47,5.61,--,120,67320,卖盘
1812,10:43:41,5.61,--,182,102102,卖盘
1813,10:43:37,5.61,-0.01,400,224400,卖盘
1814,10:43:32,5.62,--,150,84300,买盘
1815,10:43:26,5.62,0.01,9,5058,买盘
1816,10:43:22,5.61,--,160,89760,卖盘
1817,10:43:17,5.61,--,87,48807,卖盘
1818,10:43:11,5.61,--,574,322014,卖盘
1819,10:43:02,5.61,-0.01,1101,617661,卖盘
1820,10:42:56,5.62,0.01,100,56200,买盘
1821,10:42:52,5.61,--,39,21879,卖盘
1822,10:42:47,5.61,--,78,43758,卖盘
1823,10:42:41,5.61,--,182,102102,卖盘
1824,10:42:37,5.61,--,250,140317,卖盘
1825,10:42:32,5.61,-0.01,99,55539,卖盘
1826,10:42:26,5.62,0.02,431,242222,买盘
1827,10:42:22,5.6,-0.01,304,170240,卖盘
1828,10:42:17,5.61,--,3701,2076261,买盘
1829,10:42:11,5.61,--,324,181764,买盘
1830,10:42:07,5.61,--,620,347820,买盘
1831,10:42:02,5.61,--,418,234498,买盘
1832,10:41:56,5.61,0.01,355,199155,买盘
1833,10:41:52,5.6,--,129,72240,卖盘
1834,10:41:47,5.6,-0.01,212,118719,卖盘
1835,10:41:41,5.61,--,339,190179,买盘
1836,10:41:37,5.61,--,120,67320,买盘
1837,10:41:31,5.61,--,1368,767448,买盘
1838,10:41:26,5.61,--,122,68442,买盘
1839,10:41:22,5.61,--,29,16269,买盘
1840,10:41:17,5.61,--,158,88638,买盘
1841,10:41:11,5.61,0.01,312,175032,买盘
1842,10:41:07,5.6,-0.01,1260,705600,卖盘
1843,10:41:01,5.61,--,111,62271,买盘
1844,10:40:56,5.61,--,508,284988,买盘
1845,10:40:52,5.61,--,220,123420,买盘
1846,10:40:46,5.61,--,110,61710,买盘
1847,10:40:41,5.61,--,511,286671,买盘
1848,10:40:37,5.61,--,50,28050,买盘
1849,10:40:31,5.61,--,636,356796,买盘
1850,10:40:26,5.61,0.01,346,194106,买盘
1851,10:40:22,5.6,-0.01,8,4480,卖盘
1852,10:40:16,5.61,0.01,545,305745,买盘
1853,10:40:11,5.6,--,1345,753200,卖盘
1854,10:40:07,5.6,-0.01,86,48160,卖盘
1855,10:40:01,5.61,--,148,83028,买盘
1856,10:39:56,5.61,--,266,149226,买盘
1857,10:39:51,5.61,--,4,2244,买盘
1858,10:39:46,5.61,--,1240,696111,买盘
1859,10:39:41,5.61,--,440,246840,买盘
1860,10:39:37,5.61,--,210,117810,买盘
1861,10:39:31,5.61,0.01,11,6171,买盘
1862,10:39:26,5.6,--,50,28000,卖盘
1863,10:39:21,5.6,-0.01,13,7279,卖盘
1864,10:39:16,5.61,0.01,100,56100,买盘
1865,10:39:11,5.6,-0.01,795,445362,卖盘
1866,10:39:01,5.61,--,97,54417,买盘
1867,10:38:56,5.61,--,282,158202,买盘
1868,10:38:51,5.61,--,95,53295,买盘
1869,10:38:46,5.61,--,96,53856,买盘
1870,10:38:41,5.61,--,272,152592,买盘
1871,10:38:36,5.61,--,507,284427,买盘
1872,10:38:31,5.61,--,244,136884,买盘
1873,10:38:26,5.61,0.01,300,168300,买盘
1874,10:38:21,5.6,-0.01,171,95760,卖盘
1875,10:38:16,5.61,0.01,518,290598,买盘
1876,10:38:11,5.6,-0.01,146,81760,卖盘
1877,10:38:06,5.61,--,61,34221,买盘
1878,10:38:01,5.61,0.01,21,11781,买盘
1879,10:37:56,5.6,--,732,409920,卖盘
1880,10:37:51,5.6,--,9,5040,卖盘
1881,10:37:46,5.6,--,11,6160,卖盘
1882,10:37:41,5.6,-0.01,568,318080,卖盘
1883,10:37:35,5.61,--,83,46563,买盘
1884,10:37:31,5.61,--,116,65076,买盘
1885,10:37:26,5.61,--,19,10659,买盘
1886,10:37:20,5.61,0.01,10,5610,买盘
1887,10:37:16,5.6,--,20,11200,卖盘
1888,10:37:11,5.6,-0.01,74,41440,卖盘
1889,10:37:05,5.61,--,71,39831,买盘
1890,10:37:01,5.61,0.01,182,102102,买盘
1891,10:36:56,5.6,-0.01,264,147840,卖盘
1892,10:36:46,5.61,0.01,2,1122,买盘
1893,10:36:41,5.6,-0.01,181,101360,卖盘
1894,10:36:35,5.61,0.01,227,127347,买盘
1895,10:36:31,5.6,--,244,136640,卖盘
1896,10:36:26,5.6,--,825,462055,卖盘
1897,10:36:20,5.6,-0.01,70,39200,卖盘
1898,10:36:16,5.61,0.01,500,280500,买盘
1899,10:36:11,5.6,--,40,22400,卖盘
1900,10:36:05,5.6,-0.01,579,324240,卖盘
1901,10:36:01,5.61,--,105,58905,买盘
1902,10:35:56,5.61,0.01,212,118932,买盘
1903,10:35:50,5.6,--,169,94640,卖盘
1904,10:35:46,5.6,--,188,105280,卖盘
1905,10:35:41,5.6,-0.01,344,192640,卖盘
1906,10:35:35,5.61,--,50,28050,买盘
1907,10:35:31,5.61,--,69,38709,买盘
1908,10:35:26,5.61,0.01,275,154275,买盘
1909,10:35:20,5.6,-0.01,1067,597520,卖盘
1910,10:35:16,5.61,--,10,5610,买盘
1911,10:35:11,5.61,--,21,11781,买盘
1912,10:35:05,5.61,--,190,106618,卖盘
1913,10:35:01,5.61,--,248,139128,卖盘
1914,10:34:56,5.61,--,3685,2067285,卖盘
1915,10:34:50,5.61,--,2996,1680756,卖盘
1916,10:34:46,5.61,--,230,129030,卖盘
1917,10:34:41,5.61,--,623,349503,卖盘
1918,10:34:35,5.61,--,1244,697884,卖盘
1919,10:34:31,5.61,--,200,112200,卖盘
1920,10:34:26,5.61,-0.01,1037,581757,卖盘
1921,10:34:20,5.62,0.01,18,10116,买盘
1922,10:34:16,5.61,--,11,6171,卖盘
1923,10:34:11,5.61,-0.01,1564,877404,卖盘
1924,10:34:05,5.62,0.01,6,3372,买盘
1925,10:34:01,5.61,-0.01,14,7854,卖盘
1926,10:33:55,5.62,--,6818,3831839,买盘
1927,10:33:50,5.62,0.01,109,61258,买盘
1928,10:33:46,5.61,--,1,561,卖盘
1929,10:33:41,5.61,--,414,232254,卖盘
1930,10:33:35,5.61,--,52,29172,卖盘
1931,10:33:31,5.61,--,351,196978,卖盘
1932,10:33:25,5.61,--,153,85833,卖盘
1933,10:33:20,5.61,-0.01,194,108834,卖盘
1934,10:33:16,5.62,0.01,198,111276,买盘
1935,10:33:10,5.61,--,90,50490,卖盘
1936,10:33:05,5.61,--,47,26367,卖盘
1937,10:33:01,5.61,--,25,14025,卖盘
1938,10:32:55,5.61,--,87,48807,卖盘
1939,10:32:50,5.61,-0.01,383,214863,卖盘
1940,10:32:45,5.62,--,14,7868,买盘
1941,10:32:40,5.62,0.01,388,218056,买盘
1942,10:32:35,5.61,--,34,19074,卖盘
1943,10:32:25,5.61,-0.01,33,18513,卖盘
1944,10:32:20,5.62,0.01,152,85424,买盘
1945,10:32:16,5.61,--,74,41514,卖盘
1946,10:32:10,5.61,--,93,52173,卖盘
1947,10:32:05,5.61,--,60,33660,卖盘
1948,10:32:00,5.61,--,514,288354,卖盘
1949,10:31:55,5.61,--,1651,926211,卖盘
1950,10:31:50,5.61,--,562,315483,卖盘
1951,10:31:45,5.61,--,149,83589,卖盘
1952,10:31:40,5.61,-0.01,758,425238,卖盘
1953,10:31:35,5.62,0.01,1,562,买盘
1954,10:31:25,5.61,--,1872,1050192,卖盘
1955,10:31:20,5.61,--,62,34782,卖盘
1956,10:31:10,5.61,-0.01,624,350596,卖盘
1957,10:31:05,5.62,--,630,354060,买盘
1958,10:31:00,5.62,--,343,192766,买盘
1959,10:30:55,5.62,--,244,137128,买盘
1960,10:30:50,5.62,0.01,1769,994178,买盘
1961,10:30:40,5.61,-0.01,206,115566,卖盘
1962,10:30:35,5.62,0.01,56,31472,买盘
1963,10:30:30,5.61,--,5,2805,卖盘
1964,10:30:20,5.61,--,232,130152,卖盘
1965,10:30:15,5.61,--,305,171105,卖盘
1966,10:30:10,5.61,--,421,236181,卖盘
1967,10:30:05,5.61,-0.01,790,443319,卖盘
1968,10:30:00,5.62,0.01,507,284934,买盘
1969,10:29:55,5.61,--,10,5610,卖盘
1970,10:29:50,5.61,--,33,18513,卖盘
1971,10:29:44,5.61,-0.01,45,25245,卖盘
1972,10:29:40,5.62,--,647,363614,买盘
1973,10:29:35,5.62,--,410,230420,买盘
1974,10:29:20,5.62,0.01,68,38216,买盘
1975,10:29:14,5.61,-0.01,627,351747,卖盘
1976,10:29:10,5.62,0.01,539,303019,买盘
1977,10:29:05,5.61,-0.01,18,10098,卖盘
1978,10:28:59,5.62,0.01,112,62944,买盘
1979,10:28:50,5.61,-0.01,245,137445,卖盘
1980,10:28:44,5.62,0.01,22,12364,买盘
1981,10:28:40,5.61,--,190,106590,卖盘
1982,10:28:35,5.61,-0.01,19,10659,卖盘
1983,10:28:29,5.62,--,51,28662,买盘
1984,10:28:25,5.62,0.01,302,169724,买盘
1985,10:28:20,5.61,-0.01,180,101406,卖盘
1986,10:28:14,5.62,0.01,229,128698,买盘
1987,10:28:10,5.61,--,20,11220,卖盘
1988,10:28:05,5.61,-0.01,1201,673761,卖盘
1989,10:27:59,5.62,--,20,11240,买盘
1990,10:27:55,5.62,--,209,117458,买盘
1991,10:27:50,5.62,0.01,76,42712,买盘
1992,10:27:40,5.61,-0.01,564,316712,卖盘
1993,10:27:35,5.62,0.01,51,28662,买盘
1994,10:27:29,5.61,-0.01,296,166056,卖盘
1995,10:27:25,5.62,--,30,16860,买盘
1996,10:27:20,5.62,0.01,185,103970,买盘
1997,10:27:14,5.61,--,159,89199,卖盘
1998,10:27:10,5.61,--,34,19074,卖盘
1999,10:27:05,5.61,--,56,31416,卖盘
2000,10:26:59,5.61,--,367,206021,卖盘
2001,10:26:55,5.61,-0.01,100,56100,卖盘
2002,10:26:50,5.62,0.01,212,119144,买盘
2003,10:26:44,5.61,--,253,141933,卖盘
2004,10:26:40,5.61,--,42,23562,卖盘
2005,10:26:35,5.61,--,52,29172,卖盘
2006,10:26:29,5.61,-0.01,498,279512,卖盘
2007,10:26:20,5.62,0.01,176,98912,买盘
2008,10:26:14,5.61,-0.01,215,120615,卖盘
2009,10:26:10,5.62,--,60,33720,买盘
2010,10:26:05,5.62,0.01,12,6744,买盘
2011,10:25:59,5.61,-0.01,11,6171,卖盘
2012,10:25:55,5.62,--,38,21356,买盘
2013,10:25:50,5.62,0.01,31,17422,买盘
2014,10:25:44,5.61,-0.01,182,102102,卖盘
2015,10:25:35,5.62,--,638,358556,买盘
2016,10:25:29,5.62,0.01,4,2248,买盘
2017,10:25:25,5.61,-0.01,5,2805,卖盘
2018,10:25:14,5.62,0.01,49,27538,买盘
2019,10:25:04,5.61,-0.01,56,31416,卖盘
2020,10:24:59,5.62,--,244,137128,买盘
2021,10:24:54,5.62,0.01,30,16860,买盘
2022,10:24:49,5.61,-0.01,36,20196,卖盘
2023,10:24:44,5.62,0.01,791,444542,买盘
2024,10:24:39,5.61,-0.01,10,5610,卖盘
2025,10:24:34,5.62,0.01,31,17422,买盘
2026,10:24:29,5.61,--,455,255255,卖盘
2027,10:24:24,5.61,--,465,260865,卖盘
2028,10:24:19,5.61,-0.01,105,58905,卖盘
2029,10:24:14,5.62,0.01,93,52266,买盘
2030,10:24:09,5.61,--,1,561,卖盘
2031,10:24:04,5.61,--,468,262548,卖盘
2032,10:23:59,5.61,-0.01,616,345576,卖盘
2033,10:23:54,5.62,0.01,12,6744,买盘
2034,10:23:49,5.61,-0.01,79,44319,卖盘
2035,10:23:44,5.62,--,223,125326,买盘
2036,10:23:39,5.62,--,606,340572,买盘
2037,10:23:34,5.62,0.01,1,562,买盘
2038,10:23:29,5.61,--,116,65076,卖盘
2039,10:23:24,5.61,-0.01,2,1122,卖盘
2040,10:23:19,5.62,0.01,137,76994,买盘
2041,10:23:14,5.61,--,42,23562,卖盘
2042,10:23:09,5.61,--,59,33099,卖盘
2043,10:23:04,5.61,--,15,8415,卖盘
2044,10:22:59,5.61,--,10,5610,卖盘
2045,10:22:54,5.61,-0.01,91,51051,卖盘
2046,10:22:49,5.62,0.01,285,160170,买盘
2047,10:22:44,5.61,--,601,337161,卖盘
2048,10:22:39,5.61,--,161,90321,卖盘
2049,10:22:34,5.61,--,11,6171,卖盘
2050,10:22:29,5.61,-0.01,59,33099,卖盘
2051,10:22:24,5.62,--,30,16860,买盘
2052,10:22:19,5.62,0.01,355,199510,买盘
2053,10:22:14,5.61,--,14,7854,卖盘
2054,10:22:09,5.61,-0.01,105,58905,卖盘
2055,10:22:04,5.62,0.01,8,4496,买盘
2056,10:21:59,5.61,-0.01,61,34221,卖盘
2057,10:21:54,5.62,0.01,35,19670,买盘
2058,10:21:49,5.61,--,128,71808,卖盘
2059,10:21:44,5.61,--,188,105468,卖盘
2060,10:21:34,5.61,-0.01,56,31416,卖盘
2061,10:21:29,5.62,0.01,49,27538,买盘
2062,10:21:24,5.61,-0.01,26,14586,卖盘
2063,10:21:19,5.62,0.01,221,124202,买盘
2064,10:21:14,5.61,--,41,23001,卖盘
2065,10:21:04,5.61,-0.01,14,7854,卖盘
2066,10:20:59,5.62,--,29,16298,买盘
2067,10:20:49,5.62,--,187,105094,买盘
2068,10:20:44,5.62,--,265,148930,买盘
2069,10:20:38,5.62,0.01,81,45522,买盘
2070,10:20:34,5.61,--,22,12342,卖盘
2071,10:20:29,5.61,-0.01,192,107712,卖盘
2072,10:20:23,5.62,--,295,165790,买盘
2073,10:20:19,5.62,--,156,87672,买盘
2074,10:20:14,5.62,--,78,43836,买盘
2075,10:20:04,5.62,--,334,187708,买盘
2076,10:19:59,5.62,--,67,37654,买盘
2077,10:19:53,5.62,0.01,103,57886,买盘
2078,10:19:49,5.61,--,111,62271,卖盘
2079,10:19:44,5.61,--,272,152592,卖盘
2080,10:19:38,5.61,-0.01,177,99297,卖盘
2081,10:19:34,5.62,0.01,338,189956,买盘
2082,10:19:29,5.61,--,19,10659,卖盘
2083,10:19:23,5.61,--,24,13464,卖盘
2084,10:19:08,5.61,--,28,15708,卖盘
2085,10:19:04,5.61,--,32,17952,卖盘
2086,10:18:59,5.61,-0.01,10,5610,卖盘
2087,10:18:53,5.62,--,75,42150,买盘
2088,10:18:49,5.62,--,2,1124,买盘
2089,10:18:44,5.62,0.01,217,121954,买盘
2090,10:18:38,5.61,-0.01,91,51051,卖盘
2091,10:18:34,5.62,--,116,65192,买盘
2092,10:18:29,5.62,0.01,100,56200,买盘
2093,10:18:23,5.61,--,316,177276,卖盘
2094,10:18:19,5.61,-0.01,136,76296,卖盘
2095,10:18:14,5.62,--,655,368110,买盘
2096,10:18:08,5.62,--,4,2248,买盘
2097,10:18:04,5.62,--,355,199510,买盘
2098,10:17:59,5.62,0.01,25,14050,买盘
2099,10:17:53,5.61,--,702,393822,卖盘
2100,10:17:48,5.61,--,40,22440,卖盘
2101,10:17:43,5.61,-0.01,252,141372,卖盘
2102,10:17:38,5.62,0.01,46,25852,买盘
2103,10:17:34,5.61,-0.01,20,11220,卖盘
2104,10:17:28,5.62,0.01,220,123640,买盘
2105,10:17:23,5.61,--,249,139689,卖盘
2106,10:17:18,5.61,-0.01,1,561,卖盘
2107,10:17:13,5.62,0.01,176,98912,买盘
2108,10:17:08,5.61,--,721,404481,卖盘
2109,10:17:03,5.61,--,125,70125,卖盘
2110,10:16:58,5.61,--,98,54978,卖盘
2111,10:16:53,5.61,--,1568,879648,卖盘
2112,10:16:48,5.61,--,40,22440,卖盘
2113,10:16:43,5.61,-0.01,499,279939,卖盘
2114,10:16:38,5.62,--,188,105656,买盘
2115,10:16:33,5.62,--,116,65192,买盘
2116,10:16:28,5.62,--,110,61820,买盘
2117,10:16:23,5.62,--,323,181526,买盘
2118,10:16:18,5.62,--,247,138814,买盘
2119,10:16:13,5.62,--,12,6744,买盘
2120,10:16:08,5.62,--,568,319216,买盘
2121,10:16:03,5.62,--,175,98350,买盘
2122,10:15:58,5.62,0.01,738,414756,买盘
2123,10:15:52,5.61,-0.01,114,63954,卖盘
2124,10:15:48,5.62,0.01,12,6744,买盘
2125,10:15:43,5.61,-0.01,569,319209,卖盘
2126,10:15:38,5.62,--,826,464751,卖盘
2127,10:15:33,5.62,--,367,206254,卖盘
2128,10:15:28,5.62,--,513,288306,卖盘
2129,10:15:23,5.62,--,418,234916,卖盘
2130,10:15:18,5.62,--,2227,1251574,卖盘
2131,10:15:13,5.62,--,385,216370,卖盘
2132,10:15:08,5.62,--,190,106780,卖盘
2133,10:14:58,5.62,--,61,34282,卖盘
2134,10:14:43,5.62,--,230,129260,卖盘
2135,10:14:38,5.62,-0.01,71,39902,卖盘
2136,10:14:33,5.63,0.01,3,1689,买盘
2137,10:14:28,5.62,--,7,3934,卖盘
2138,10:14:23,5.62,--,74,41588,卖盘
2139,10:14:13,5.62,-0.01,164,92168,卖盘
2140,10:14:07,5.63,--,72,40536,买盘
2141,10:14:03,5.63,--,55,30965,买盘
2142,10:13:58,5.63,--,93,52359,买盘
2143,10:13:53,5.63,0.01,90,50670,买盘
2144,10:13:43,5.62,--,541,304042,卖盘
2145,10:13:37,5.62,--,140,78680,卖盘
2146,10:13:32,5.62,--,22,12364,卖盘
2147,10:13:28,5.62,--,351,197262,卖盘
2148,10:13:23,5.62,--,610,342820,卖盘
2149,10:13:18,5.62,--,6,3372,卖盘
2150,10:13:13,5.62,--,7,3934,卖盘
2151,10:13:08,5.62,--,6,3372,卖盘
2152,10:13:01,5.62,--,103,57886,卖盘
2153,10:12:58,5.62,--,25,14050,卖盘
2154,10:12:52,5.62,--,2825,1587650,卖盘
2155,10:12:46,5.62,--,389,218618,卖盘
2156,10:12:43,5.62,--,399,224238,卖盘
2157,10:12:38,5.62,--,194,109028,卖盘
2158,10:12:32,5.62,--,95,53390,卖盘
2159,10:12:28,5.62,--,93,52266,卖盘
2160,10:12:23,5.62,--,148,83513,卖盘
2161,10:12:16,5.62,-0.01,24,13488,卖盘
2162,10:12:12,5.63,0.01,164,92332,买盘
2163,10:12:08,5.62,--,11,6182,卖盘
2164,10:12:01,5.62,-0.01,61,34282,卖盘
2165,10:11:57,5.63,0.01,313,176219,买盘
2166,10:11:52,5.62,--,110,61820,卖盘
2167,10:11:46,5.62,--,137,76994,卖盘
2168,10:11:42,5.62,--,200,112400,卖盘
2169,10:11:37,5.62,--,5,2810,卖盘
2170,10:11:31,5.62,--,75,42150,卖盘
2171,10:11:27,5.62,--,188,105656,卖盘
2172,10:11:22,5.62,--,3,1686,卖盘
2173,10:11:16,5.62,--,104,58448,卖盘
2174,10:11:12,5.62,--,9,5058,卖盘
2175,10:11:07,5.62,--,29,16298,卖盘
2176,10:11:01,5.62,--,63,35406,卖盘
2177,10:10:57,5.62,--,101,56762,卖盘
2178,10:10:52,5.62,--,34,19108,卖盘
2179,10:10:42,5.62,-0.01,239,134318,卖盘
2180,10:10:37,5.63,0.01,162,91206,买盘
2181,10:10:31,5.62,--,91,51142,卖盘
2182,10:10:22,5.62,-0.01,67,37654,卖盘
2183,10:10:16,5.63,0.01,184,103592,买盘
2184,10:10:12,5.62,--,297,166914,卖盘
2185,10:10:07,5.62,--,132,74184,卖盘
2186,10:10:01,5.62,--,284,159714,卖盘
2187,10:09:57,5.62,-0.01,23,12926,卖盘
2188,10:09:52,5.63,0.01,86,48418,买盘
2189,10:09:46,5.62,--,6,3372,卖盘
2190,10:09:42,5.62,--,232,130384,卖盘
2191,10:09:37,5.62,--,11,6182,卖盘
2192,10:09:31,5.62,-0.01,372,209064,卖盘
2193,10:09:22,5.63,--,20,11260,买盘
2194,10:09:16,5.63,0.01,162,91206,买盘
2195,10:09:12,5.62,--,50,28100,卖盘
2196,10:09:07,5.62,--,70,39340,卖盘
2197,10:09:01,5.62,--,336,188832,卖盘
2198,10:08:52,5.62,--,535,300670,卖盘
2199,10:08:46,5.62,--,339,190518,卖盘
2200,10:08:42,5.62,--,197,110714,卖盘
2201,10:08:37,5.62,--,106,59572,卖盘
2202,10:08:31,5.62,--,808,454236,买盘
2203,10:08:27,5.62,--,325,182650,买盘
2204,10:08:22,5.62,0.01,267,150054,买盘
2205,10:08:16,5.61,-0.01,486,272780,卖盘
2206,10:08:12,5.62,--,40,22480,买盘
2207,10:08:07,5.62,-0.01,4817,2707575,卖盘
2208,10:08:01,5.63,--,22,12386,买盘
2209,10:07:57,5.63,0.01,37,20831,买盘
2210,10:07:52,5.62,--,118,66316,卖盘
2211,10:07:46,5.62,--,314,176535,卖盘
2212,10:07:42,5.62,--,258,144996,卖盘
2213,10:07:37,5.62,-0.01,163,91606,卖盘
2214,10:07:31,5.63,0.01,387,217881,买盘
2215,10:07:22,5.62,--,70,39340,卖盘
2216,10:07:16,5.62,-0.01,334,187708,卖盘
2217,10:07:12,5.63,0.01,185,104155,买盘
2218,10:07:07,5.62,--,510,286620,卖盘
2219,10:07:01,5.62,--,1394,783428,卖盘
2220,10:06:57,5.62,--,10,5620,卖盘
2221,10:06:52,5.62,--,174,97788,卖盘
2222,10:06:46,5.62,-0.01,173,97226,卖盘
2223,10:06:42,5.63,0.01,887,499381,买盘
2224,10:06:37,5.62,--,709,398458,卖盘
2225,10:06:31,5.62,--,1728,971136,卖盘
2226,10:06:27,5.62,--,3,1686,卖盘
2227,10:06:22,5.62,--,303,170286,卖盘
2228,10:06:16,5.62,--,118,66316,卖盘
2229,10:06:12,5.62,--,100,56200,卖盘
2230,10:06:07,5.62,--,1360,764320,卖盘
2231,10:06:01,5.62,--,1281,719995,买盘
2232,10:05:57,5.62,0.01,710,399020,买盘
2233,10:05:52,5.61,-0.01,4468,2506548,卖盘
2234,10:05:46,5.62,--,333,187146,买盘
2235,10:05:42,5.62,--,3238,1819756,买盘
2236,10:05:37,5.62,--,1256,705939,买盘
2237,10:05:31,5.62,0.01,2798,1572476,买盘
2238,10:05:25,5.61,-0.01,157,88077,卖盘
2239,10:05:22,5.62,--,406,228172,买盘
2240,10:05:16,5.62,--,866,486692,买盘
2241,10:05:10,5.62,--,174,97788,买盘
2242,10:05:07,5.62,--,975,547950,买盘
2243,10:05:01,5.62,0.01,229,128698,买盘
2244,10:04:55,5.61,-0.01,431,241791,卖盘
2245,10:04:52,5.62,0.01,883,496246,买盘
2246,10:04:46,5.61,-0.01,370,207570,卖盘
2247,10:04:40,5.62,--,204,114648,买盘
2248,10:04:36,5.62,--,26,14617,买盘
2249,10:04:31,5.62,0.01,1099,617638,买盘
2250,10:04:25,5.61,-0.01,8,4488,卖盘
2251,10:04:21,5.62,0.01,1225,688450,买盘
2252,10:04:16,5.61,-0.01,395,221595,卖盘
2253,10:04:10,5.62,0.01,80,44960,买盘
2254,10:04:07,5.61,-0.01,823,461703,卖盘
2255,10:04:01,5.62,--,1940,1090280,买盘
2256,10:03:55,5.62,--,461,259082,买盘
2257,10:03:51,5.62,--,110,61820,买盘
2258,10:03:46,5.62,--,1439,808718,买盘
2259,10:03:40,5.62,0.01,1044,586728,买盘
2260,10:03:36,5.61,-0.01,21,11781,卖盘
2261,10:03:31,5.62,0.01,2156,1211672,买盘
2262,10:03:25,5.61,-0.01,812,455532,卖盘
2263,10:03:21,5.62,0.01,546,306852,买盘
2264,10:03:16,5.61,--,69,38709,卖盘
2265,10:03:10,5.61,-0.01,140,78540,卖盘
2266,10:03:06,5.62,0.01,126,70812,买盘
2267,10:03:01,5.61,-0.01,400,224400,卖盘
2268,10:02:55,5.62,0.01,302,170005,买盘
2269,10:02:51,5.61,--,34,19074,卖盘
2270,10:02:46,5.61,-0.01,729,408969,卖盘
2271,10:02:40,5.62,0.01,645,362490,买盘
2272,10:02:36,5.61,--,49,27489,卖盘
2273,10:02:31,5.61,--,273,153153,卖盘
2274,10:02:25,5.61,--,264,148104,卖盘
2275,10:02:21,5.61,-0.01,309,173478,卖盘
2276,10:02:16,5.62,0.01,42,23604,买盘
2277,10:02:10,5.61,-0.01,98,54978,卖盘
2278,10:02:06,5.62,0.01,101,56762,买盘
2279,10:02:01,5.61,--,200,112200,卖盘
2280,10:01:55,5.61,-0.01,46,25806,卖盘
2281,10:01:51,5.62,--,82,46084,买盘
2282,10:01:46,5.62,--,153,85986,买盘
2283,10:01:40,5.62,--,760,427120,买盘
2284,10:01:36,5.62,0.01,20,11240,买盘
2285,10:01:31,5.61,-0.01,44,24684,卖盘
2286,10:01:25,5.62,--,165,92730,买盘
2287,10:01:21,5.62,0.01,2,1124,买盘
2288,10:01:16,5.61,--,188,105468,卖盘
2289,10:01:10,5.61,--,154,86461,卖盘
2290,10:01:06,5.61,-0.01,85,47685,卖盘
2291,10:01:01,5.62,0.01,2158,1212796,买盘
2292,10:00:55,5.61,--,60,33660,卖盘
2293,10:00:51,5.61,--,68,38148,卖盘
2294,10:00:46,5.61,--,96,53856,卖盘
2295,10:00:40,5.61,-0.01,292,163812,卖盘
2296,10:00:36,5.62,0.01,2,1124,买盘
2297,10:00:30,5.61,--,215,120615,卖盘
2298,10:00:25,5.61,-0.01,131,73491,卖盘
2299,10:00:21,5.62,0.01,6,3372,买盘
2300,10:00:15,5.61,-0.01,123,69003,卖盘
2301,10:00:10,5.62,0.01,305,171410,买盘
2302,10:00:06,5.61,-0.01,34,19074,卖盘
2303,10:00:01,5.62,0.01,551,309662,买盘
2304,09:59:55,5.61,-0.01,71,39831,卖盘
2305,09:59:51,5.62,-0.01,204,115142,卖盘
2306,09:59:45,5.63,0.01,247,139061,买盘
2307,09:59:40,5.62,--,504,283248,卖盘
2308,09:59:36,5.62,--,10,5620,卖盘
2309,09:59:30,5.62,--,393,220866,卖盘
2310,09:59:25,5.62,--,482,270884,卖盘
2311,09:59:21,5.62,--,320,179907,买盘
2312,09:59:15,5.62,--,372,209064,买盘
2313,09:59:10,5.62,--,403,226486,卖盘
2314,09:59:06,5.62,--,206,115772,卖盘
2315,09:59:00,5.62,--,279,156798,卖盘
2316,09:58:55,5.62,--,5,2810,卖盘
2317,09:58:45,5.62,0.01,115,64630,卖盘
2318,09:58:40,5.61,-0.01,1572,881959,卖盘
2319,09:58:36,5.62,--,100,56200,买盘
2320,09:58:30,5.62,--,659,370425,买盘
2321,09:58:25,5.62,0.01,116,65192,买盘
2322,09:58:21,5.61,-0.01,237,132957,卖盘
2323,09:58:15,5.62,--,163,91606,买盘
2324,09:58:10,5.62,--,846,475452,买盘
2325,09:58:05,5.62,--,2953,1659586,买盘
2326,09:58:00,5.62,--,121,68002,买盘
2327,09:57:55,5.62,0.01,592,332704,买盘
2328,09:57:50,5.61,--,101,56661,卖盘
2329,09:57:45,5.61,-0.01,244,136884,卖盘
2330,09:57:40,5.62,--,427,239974,买盘
2331,09:57:35,5.62,0.01,1196,672152,买盘
2332,09:57:30,5.61,-0.01,177,99801,卖盘
2333,09:57:25,5.62,--,262,147244,买盘
2334,09:57:19,5.62,--,148,83176,买盘
2335,09:57:15,5.62,--,65,36530,买盘
2336,09:57:10,5.62,--,149,83738,买盘
2337,09:57:04,5.62,--,98,55076,买盘
2338,09:57:00,5.62,--,267,150054,买盘
2339,09:56:55,5.62,--,282,158484,买盘
2340,09:56:49,5.62,0.01,398,223676,买盘
2341,09:56:45,5.61,-0.01,519,291159,卖盘
2342,09:56:40,5.62,--,1363,766006,买盘
2343,09:56:34,5.62,--,44,24728,买盘
2344,09:56:30,5.62,--,1547,869414,买盘
2345,09:56:25,5.62,--,161,90482,买盘
2346,09:56:19,5.62,--,4,2248,买盘
2347,09:56:15,5.62,--,605,340010,买盘
2348,09:56:10,5.62,--,1007,565934,买盘
2349,09:56:04,5.62,--,113,63506,买盘
2350,09:56:00,5.62,--,208,116896,买盘
2351,09:55:55,5.62,--,955,536710,买盘
2352,09:55:49,5.62,--,1035,581670,买盘
2353,09:55:45,5.62,0.01,468,263016,买盘
2354,09:55:40,5.61,--,322,180642,卖盘
2355,09:55:34,5.61,-0.01,429,240669,卖盘
2356,09:55:30,5.62,0.01,236,132632,买盘
2357,09:55:25,5.61,--,221,123981,卖盘
2358,09:55:19,5.61,--,88,49368,卖盘
2359,09:55:15,5.61,--,157,88077,卖盘
2360,09:55:10,5.61,-0.01,341,191301,卖盘
2361,09:55:04,5.62,--,518,291183,买盘
2362,09:55:00,5.62,--,151,84862,买盘
2363,09:54:55,5.62,--,230,129260,买盘
2364,09:54:49,5.62,--,123,69126,买盘
2365,09:54:45,5.62,--,1078,605836,买盘
2366,09:54:40,5.62,-0.01,5463,3070700,卖盘
2367,09:54:34,5.63,--,262,147506,买盘
2368,09:54:30,5.63,--,176,99155,买盘
2369,09:54:25,5.63,0.01,279,157077,买盘
2370,09:54:19,5.62,--,388,218056,卖盘
2371,09:54:15,5.62,--,170,95540,卖盘
2372,09:54:10,5.62,--,515,289430,卖盘
2373,09:54:04,5.62,--,275,154550,卖盘
2374,09:54:00,5.62,--,73,41026,卖盘
2375,09:53:55,5.62,-0.01,181,101722,卖盘
2376,09:53:49,5.63,--,493,277559,买盘
2377,09:53:39,5.63,0.01,220,123860,买盘
2378,09:53:34,5.62,-0.01,84,47208,卖盘
2379,09:53:30,5.63,0.01,7,3941,买盘
2380,09:53:24,5.62,--,1092,613704,卖盘
2381,09:53:19,5.62,--,109,61258,卖盘
2382,09:53:15,5.62,--,7,3934,卖盘
2383,09:53:09,5.62,--,43,24166,卖盘
2384,09:53:04,5.62,--,1375,772750,卖盘
2385,09:53:00,5.62,--,272,152864,卖盘
2386,09:52:54,5.62,--,548,308110,卖盘
2387,09:52:49,5.62,--,74,41588,卖盘
2388,09:52:45,5.62,--,105,59010,卖盘
2389,09:52:39,5.62,--,458,257677,卖盘
2390,09:52:34,5.62,0.01,4459,2505958,买盘
2391,09:52:30,5.61,--,200,112200,卖盘
2392,09:52:24,5.61,-0.01,405,227205,卖盘
2393,09:52:19,5.62,--,86,48332,买盘
2394,09:52:15,5.62,--,273,153426,买盘
2395,09:52:09,5.62,--,136,76432,买盘
2396,09:52:04,5.62,0.01,129,72498,买盘
2397,09:52:00,5.61,-0.01,169,94809,卖盘
2398,09:51:54,5.62,--,104,58448,买盘
2399,09:51:49,5.62,--,168,94416,买盘
2400,09:51:45,5.62,--,351,197262,买盘
2401,09:51:39,5.62,0.01,334,187708,买盘
2402,09:51:34,5.61,-0.01,55,30855,卖盘
2403,09:51:24,5.62,--,559,314158,买盘
2404,09:51:19,5.62,0.01,84,47208,买盘
2405,09:51:15,5.61,-0.01,10,5610,卖盘
2406,09:51:09,5.62,--,133,74746,买盘
2407,09:51:04,5.62,--,315,177030,买盘
2408,09:50:59,5.62,--,379,212998,卖盘
2409,09:50:54,5.62,--,87,48894,卖盘
2410,09:50:49,5.62,--,488,274256,卖盘
2411,09:50:39,5.62,-0.01,253,142186,卖盘
2412,09:50:34,5.63,0.01,37,20831,买盘
2413,09:50:30,5.62,--,60,33720,卖盘
2414,09:50:24,5.62,--,137,76994,买盘
2415,09:50:19,5.62,--,186,104532,买盘
2416,09:50:14,5.62,--,85,47770,卖盘
2417,09:50:09,5.62,-0.01,346,194452,卖盘
2418,09:50:04,5.63,0.01,153,86139,买盘
2419,09:49:59,5.62,0.01,161,90482,买盘
2420,09:49:54,5.61,-0.01,403,226083,卖盘
2421,09:49:49,5.62,--,105,59010,卖盘
2422,09:49:43,5.62,0.01,35,19670,买盘
2423,09:49:39,5.61,-0.01,212,118932,卖盘
2424,09:49:34,5.62,0.01,216,121392,中性盘
2425,09:49:28,5.61,--,95,53295,卖盘
2426,09:49:24,5.61,-0.01,9370,5256570,卖盘
2427,09:49:19,5.62,--,7540,4237496,买盘
2428,09:49:13,5.62,0.01,5,2810,买盘
2429,09:49:09,5.61,-0.01,268,150348,卖盘
2430,09:49:04,5.62,0.01,515,289430,买盘
2431,09:48:58,5.61,--,30,16830,卖盘
2432,09:48:54,5.61,--,255,143055,卖盘
2433,09:48:49,5.61,-0.01,511,286805,卖盘
2434,09:48:39,5.62,0.01,256,143872,买盘
2435,09:48:34,5.61,--,984,552024,卖盘
2436,09:48:28,5.61,-0.01,91,51051,卖盘
2437,09:48:24,5.62,0.01,79,44398,买盘
2438,09:48:19,5.61,-0.01,150,84150,卖盘
2439,09:48:13,5.62,0.01,58,32596,买盘
2440,09:48:09,5.61,-0.01,277,155397,卖盘
2441,09:48:04,5.62,0.01,27,15174,买盘
2442,09:47:58,5.61,--,109,61149,卖盘
2443,09:47:54,5.61,--,53,29733,卖盘
2444,09:47:49,5.61,--,103,57923,卖盘
2445,09:47:43,5.61,--,399,223839,卖盘
2446,09:47:39,5.61,-0.01,5,2805,卖盘
2447,09:47:34,5.62,0.01,172,96664,买盘
2448,09:47:28,5.61,-0.01,520,291720,卖盘
2449,09:47:24,5.62,--,100,56200,买盘
2450,09:47:19,5.62,--,154,86548,买盘
2451,09:47:13,5.62,0.01,130,73060,买盘
2452,09:47:09,5.61,-0.01,242,135762,卖盘
2453,09:47:04,5.62,0.01,253,142186,买盘
2454,09:46:58,5.61,--,268,150415,卖盘
2455,09:46:54,5.61,--,211,118371,卖盘
2456,09:46:49,5.61,-0.01,217,121737,卖盘
2457,09:46:43,5.62,0.01,346,194452,买盘
2458,09:46:39,5.61,-0.01,13,7293,卖盘
2459,09:46:34,5.62,--,188,105656,买盘
2460,09:46:28,5.62,0.01,63,35406,买盘
2461,09:46:24,5.61,--,90,50490,卖盘
2462,09:46:19,5.61,--,50,28050,卖盘
2463,09:46:13,5.61,-0.01,1686,945846,卖盘
2464,09:46:09,5.62,0.01,137,76994,买盘
2465,09:46:03,5.61,--,40,22440,卖盘
2466,09:45:58,5.61,--,41,23001,卖盘
2467,09:45:54,5.61,-0.01,37,20757,卖盘
2468,09:45:48,5.62,0.01,221,124202,买盘
2469,09:45:43,5.61,-0.01,1649,925089,卖盘
2470,09:45:39,5.62,--,110,61820,买盘
2471,09:45:33,5.62,-0.01,112,62944,卖盘
2472,09:45:28,5.63,0.01,163,92264,买盘
2473,09:45:24,5.62,--,559,314158,卖盘
2474,09:45:18,5.62,--,819,460278,卖盘
2475,09:45:13,5.62,--,170,95540,卖盘
2476,09:45:09,5.62,-0.01,20,11240,卖盘
2477,09:45:03,5.63,0.01,1061,597410,买盘
2478,09:44:58,5.62,-0.01,39,21918,卖盘
2479,09:44:54,5.63,0.01,45,25335,买盘
2480,09:44:48,5.62,--,141,79242,卖盘
2481,09:44:43,5.62,-0.01,348,195576,卖盘
2482,09:44:33,5.63,0.01,227,127801,买盘
2483,09:44:28,5.62,--,134,75308,卖盘
2484,09:44:24,5.62,--,514,288868,卖盘
2485,09:44:18,5.62,--,10072,5660464,卖盘
2486,09:44:13,5.62,--,672,377664,卖盘
2487,09:44:08,5.62,--,220,123640,卖盘
2488,09:44:03,5.62,--,6,3372,卖盘
2489,09:43:58,5.62,--,446,250652,卖盘
2490,09:43:53,5.62,-0.01,213,119706,卖盘
2491,09:43:48,5.63,0.01,177,99651,买盘
2492,09:43:43,5.62,--,315,177030,卖盘
2493,09:43:38,5.62,--,67,37654,卖盘
2494,09:43:33,5.62,--,416,233792,卖盘
2495,09:43:28,5.62,--,1252,703624,卖盘
2496,09:43:23,5.62,--,20,11240,卖盘
2497,09:43:18,5.62,--,193,108466,卖盘
2498,09:43:13,5.62,--,137,76994,卖盘
2499,09:43:08,5.62,--,45,25290,卖盘
2500,09:43:03,5.62,--,25,14050,卖盘
2501,09:42:58,5.62,-0.01,94,52828,卖盘
2502,09:42:53,5.63,--,1,563,买盘
2503,09:42:48,5.63,0.01,230,129490,买盘
2504,09:42:43,5.62,--,621,349002,卖盘
2505,09:42:38,5.62,--,623,350126,卖盘
2506,09:42:33,5.62,--,13,7306,卖盘
2507,09:42:28,5.62,--,545,306290,卖盘
2508,09:42:18,5.62,--,410,230420,卖盘
2509,09:42:13,5.62,--,430,241660,卖盘
2510,09:42:07,5.62,--,91,51142,卖盘
2511,09:42:03,5.62,--,62,34844,卖盘
2512,09:41:58,5.62,--,247,138814,卖盘
2513,09:41:52,5.62,--,78,43836,买盘
2514,09:41:48,5.62,--,299,168184,买盘
2515,09:41:43,5.62,--,941,528842,买盘
2516,09:41:37,5.62,--,116,65192,买盘
2517,09:41:33,5.62,--,745,418690,买盘
2518,09:41:28,5.62,--,92,51704,买盘
2519,09:41:22,5.62,--,2502,1406124,买盘
2520,09:41:18,5.62,--,994,558628,买盘
2521,09:41:13,5.62,--,601,337762,卖盘
2522,09:41:07,5.62,--,165,92730,卖盘
2523,09:41:03,5.62,--,278,156236,买盘
2524,09:40:58,5.62,--,484,272008,买盘
2525,09:40:52,5.62,--,30,16860,买盘
2526,09:40:48,5.62,--,339,190518,买盘
2527,09:40:43,5.62,--,252,141624,买盘
2528,09:40:37,5.62,0.01,1030,578860,买盘
2529,09:40:33,5.61,-0.02,58,32538,卖盘
2530,09:40:28,5.63,0.01,247,139061,买盘
2531,09:40:22,5.62,0.01,1083,608646,买盘
2532,09:40:18,5.61,-0.01,409,229449,卖盘
2533,09:40:13,5.62,--,1025,576050,买盘
2534,09:40:07,5.62,--,1741,978515,卖盘
2535,09:40:03,5.62,--,259,145558,卖盘
2536,09:39:58,5.62,--,1137,638994,卖盘
2537,09:39:52,5.62,--,954,536148,卖盘
2538,09:39:48,5.62,--,491,275942,买盘
2539,09:39:43,5.62,0.01,1110,623820,买盘
2540,09:39:37,5.61,-0.01,2170,1217555,卖盘
2541,09:39:33,5.62,--,2701,1517962,卖盘
2542,09:39:28,5.62,--,358,201196,卖盘
2543,09:39:22,5.62,--,1117,627754,卖盘
2544,09:39:18,5.62,--,6239,3506767,买盘
2545,09:39:13,5.62,0.01,911,511982,买盘
2546,09:39:07,5.61,-0.01,98,54978,卖盘
2547,09:39:03,5.62,0.01,100,56200,买盘
2548,09:38:58,5.61,--,489,274329,卖盘
2549,09:38:52,5.61,-0.01,574,322014,卖盘
2550,09:38:48,5.62,0.01,577,324274,买盘
2551,09:38:43,5.61,--,732,410652,卖盘
2552,09:38:37,5.61,--,249,139689,卖盘
2553,09:38:33,5.61,-0.01,238,133518,卖盘
2554,09:38:27,5.62,0.01,207,116334,买盘
2555,09:38:22,5.61,--,1472,825792,卖盘
2556,09:38:18,5.61,--,15,8415,卖盘
2557,09:38:12,5.61,--,445,249645,卖盘
2558,09:38:07,5.61,-0.01,362,203575,卖盘
2559,09:38:03,5.62,--,1025,576050,买盘
2560,09:37:57,5.62,0.01,760,427120,买盘
2561,09:37:52,5.61,--,249,139689,卖盘
2562,09:37:48,5.61,-0.01,3530,1980330,卖盘
2563,09:37:42,5.62,0.01,76,42712,买盘
2564,09:37:37,5.61,--,990,555395,卖盘
2565,09:37:33,5.61,--,69,38709,卖盘
2566,09:37:27,5.61,--,168,94248,卖盘
2567,09:37:22,5.61,--,167,93687,卖盘
2568,09:37:18,5.61,--,102,57222,卖盘
2569,09:37:12,5.61,--,375,210375,卖盘
2570,09:37:07,5.61,-0.01,826,463386,卖盘
2571,09:37:02,5.62,--,1227,689574,买盘
2572,09:36:57,5.62,--,660,370920,买盘
2573,09:36:52,5.62,--,641,360242,买盘
2574,09:36:47,5.62,--,120,67440,买盘
2575,09:36:42,5.62,0.01,69,38778,买盘
2576,09:36:37,5.61,--,331,185691,卖盘
2577,09:36:32,5.61,-0.01,57,31977,卖盘
2578,09:36:27,5.62,--,238,133756,买盘
2579,09:36:22,5.62,--,147,82614,买盘
2580,09:36:17,5.62,0.01,75,42150,买盘
2581,09:36:12,5.61,-0.01,372,208692,卖盘
2582,09:36:07,5.62,--,617,346754,买盘
2583,09:36:02,5.62,--,50,28100,买盘
2584,09:35:57,5.62,--,801,450162,买盘
2585,09:35:52,5.62,--,223,125326,买盘
2586,09:35:47,5.62,0.01,28,15736,买盘
2587,09:35:42,5.61,-0.01,223,125103,卖盘
2588,09:35:37,5.62,--,411,230982,买盘
2589,09:35:32,5.62,--,31,17422,买盘
2590,09:35:27,5.62,--,237,133194,买盘
2591,09:35:22,5.62,--,397,223114,买盘
2592,09:35:17,5.62,--,1126,632812,买盘
2593,09:35:12,5.62,--,1100,618200,买盘
2594,09:35:07,5.62,--,189,106218,买盘
2595,09:35:02,5.62,0.01,51,28662,买盘
2596,09:34:57,5.61,-0.01,174,97614,卖盘
2597,09:34:52,5.62,--,309,173658,卖盘
2598,09:34:47,5.62,-0.01,10,5620,卖盘
2599,09:34:42,5.63,0.02,853,480239,买盘
2600,09:34:37,5.61,-0.01,341,191301,卖盘
2601,09:34:32,5.62,--,82,46084,卖盘
2602,09:34:27,5.62,--,968,544016,卖盘
2603,09:34:22,5.62,--,339,190518,卖盘
2604,09:34:16,5.62,--,107,60134,卖盘
2605,09:34:12,5.62,--,622,349564,卖盘
2606,09:34:07,5.62,--,505,283810,卖盘
2607,09:34:01,5.62,--,68,38216,卖盘
2608,09:33:57,5.62,--,469,263578,卖盘
2609,09:33:52,5.62,--,221,124202,卖盘
2610,09:33:46,5.62,--,56,31472,卖盘
2611,09:33:42,5.62,--,1421,798602,卖盘
2612,09:33:37,5.62,--,129,72498,买盘
2613,09:33:31,5.62,--,1329,746898,卖盘
2614,09:33:27,5.62,--,54,30348,卖盘
2615,09:33:22,5.62,--,1657,931234,卖盘
2616,09:33:16,5.62,--,16,8992,卖盘
2617,09:33:12,5.62,-0.01,296,166352,卖盘
2618,09:33:07,5.63,--,199,112037,买盘
2619,09:33:01,5.63,0.01,94,52922,买盘
2620,09:32:57,5.62,-0.01,385,216370,卖盘
2621,09:32:52,5.63,0.01,97,54611,买盘
2622,09:32:46,5.62,--,116,65192,卖盘
2623,09:32:42,5.62,--,303,170286,买盘
2624,09:32:37,5.62,--,1269,713178,买盘
2625,09:32:31,5.62,--,259,145558,中性盘
2626,09:32:27,5.62,0.01,10,5620,中性盘
2627,09:32:22,5.61,--,1161,651640,卖盘
2628,09:32:16,5.61,-0.01,647,362967,卖盘
2629,09:32:12,5.62,0.01,920,517040,买盘
2630,09:32:07,5.61,-0.01,741,415701,卖盘
2631,09:32:01,5.62,0.01,132,74184,买盘
2632,09:31:57,5.61,-0.01,424,237864,卖盘
2633,09:31:52,5.62,--,487,273694,买盘
2634,09:31:46,5.62,--,476,267512,买盘
2635,09:31:42,5.62,0.01,134,75308,买盘
2636,09:31:37,5.61,-0.01,507,284427,卖盘
2637,09:31:31,5.62,0.01,508,285496,买盘
2638,09:31:27,5.61,--,695,389895,卖盘
2639,09:31:22,5.61,--,1232,691152,卖盘
2640,09:31:16,5.61,-0.01,240,134640,卖盘
2641,09:31:12,5.62,--,806,452972,买盘
2642,09:31:07,5.62,--,774,434988,买盘
2643,09:31:01,5.62,--,149,83738,买盘
2644,09:30:57,5.62,--,1150,646300,买盘
2645,09:30:51,5.62,--,1071,601902,买盘
2646,09:30:46,5.62,--,156,87672,买盘
2647,09:30:36,5.62,0.01,537,301794,买盘
2648,09:30:31,5.61,-0.01,132,74052,卖盘
2649,09:30:26,5.62,--,193,108466,买盘
2650,09:30:21,5.62,0.01,616,346192,买盘
2651,09:30:16,5.61,--,29,16269,卖盘
2652,09:30:11,5.61,--,501,281061,卖盘
2653,09:30:06,5.61,-0.01,6973,3912066,卖盘
2654,09:28:48,5.62,--,0,0,买盘
2655,09:25:08,5.62,5.62,6045,3397290,买盘
