,time,price,change,volume,amount,type
0,15:00:00,9.83,--,0,0,卖盘
1,15:00:00,9.83,-0.01,37,36371,卖盘
2,15:00:00,9.84,0.01,58,57072,买盘
3,14:59:55,9.83,-0.01,31,30473,卖盘
4,14:59:51,9.84,--,89,87576,买盘
5,14:59:46,9.84,0.01,262,257808,买盘
6,14:59:40,9.83,-0.01,641,630103,卖盘
7,14:59:36,9.84,--,37,36408,买盘
8,14:59:31,9.84,0.01,390,383760,买盘
9,14:59:25,9.83,--,241,236903,买盘
10,14:59:21,9.83,0.01,75,73725,买盘
11,14:59:16,9.82,-0.02,41,40262,卖盘
12,14:59:10,9.84,0.01,262,257808,买盘
13,14:59:06,9.83,0.01,30,29490,中性盘
14,14:59:01,9.82,-0.03,65,63830,卖盘
15,14:58:55,9.85,0.02,1723,1697155,买盘
16,14:58:51,9.83,0.01,51,50133,中性盘
17,14:58:46,9.82,--,25,24550,卖盘
18,14:58:40,9.82,-0.02,232,227824,卖盘
19,14:58:36,9.84,0.02,246,242064,买盘
20,14:58:31,9.82,-0.02,40,39280,卖盘
21,14:58:25,9.84,0.02,121,119064,买盘
22,14:58:21,9.82,-0.02,298,292636,卖盘
23,14:58:16,9.84,--,181,178104,卖盘
24,14:58:10,9.84,-0.01,494,486096,卖盘
25,14:58:06,9.85,0.01,315,310275,买盘
26,14:58:01,9.84,--,6,5904,卖盘
27,14:57:55,9.84,--,228,224352,卖盘
28,14:57:51,9.84,0.01,1381,1358904,买盘
29,14:57:46,9.83,0.01,830,815890,买盘
30,14:57:40,9.82,--,57,55974,卖盘
31,14:57:36,9.82,--,19,18658,卖盘
32,14:57:25,9.82,-0.01,84,82488,卖盘
33,14:57:21,9.83,0.02,29,28507,买盘
34,14:57:15,9.81,-0.01,359,352179,卖盘
35,14:57:10,9.82,--,376,369232,卖盘
36,14:57:06,9.82,0.01,829,814078,买盘
37,14:57:00,9.81,--,34,33354,卖盘
38,14:56:55,9.81,-0.01,402,394362,卖盘
39,14:56:51,9.82,--,379,372178,买盘
40,14:56:45,9.82,0.01,30,29460,买盘
41,14:56:40,9.81,--,213,208953,卖盘
42,14:56:36,9.81,--,176,173597,卖盘
43,14:56:30,9.81,--,78,76518,买盘
44,14:56:25,9.81,--,983,964323,买盘
45,14:56:21,9.81,--,73,71613,买盘
46,14:56:15,9.81,--,11,10791,买盘
47,14:56:10,9.81,0.01,8,7848,买盘
48,14:56:06,9.8,-0.01,113,110985,卖盘
49,14:56:00,9.81,--,47,46107,卖盘
50,14:55:55,9.81,--,751,737466,买盘
51,14:55:50,9.81,0.01,202,198162,买盘
52,14:55:45,9.8,--,49,48020,中性盘
53,14:55:40,9.8,--,368,360640,卖盘
54,14:55:35,9.8,--,865,847700,买盘
55,14:55:30,9.8,--,16,15680,卖盘
56,14:55:25,9.8,--,66,64680,卖盘
57,14:55:20,9.8,--,424,415520,卖盘
58,14:55:15,9.8,--,112,109760,卖盘
59,14:55:10,9.8,--,158,154840,卖盘
60,14:55:05,9.8,0.01,76,74480,中性盘
61,14:55:00,9.79,--,47,46502,卖盘
62,14:54:55,9.79,-0.01,103,100836,卖盘
63,14:54:50,9.8,--,17,16660,买盘
64,14:54:45,9.8,--,67,65660,买盘
65,14:54:40,9.8,-0.01,422,414050,卖盘
66,14:54:35,9.81,--,88,86328,买盘
67,14:54:30,9.81,-0.01,73,71613,卖盘
68,14:54:25,9.82,0.01,714,701148,买盘
69,14:54:20,9.81,-0.01,1,981,中性盘
70,14:54:15,9.82,--,144,141899,买盘
71,14:54:10,9.82,--,381,374142,买盘
72,14:54:05,9.82,--,167,163994,买盘
73,14:54:00,9.82,--,46,45172,买盘
74,14:53:55,9.82,--,94,92308,买盘
75,14:53:50,9.82,--,126,123732,买盘
76,14:53:45,9.82,--,110,108020,卖盘
77,14:53:40,9.82,-0.01,17,16694,卖盘
78,14:53:35,9.83,0.02,142,139586,买盘
79,14:53:30,9.81,-0.01,65,63765,卖盘
80,14:53:25,9.82,--,145,142390,买盘
81,14:53:20,9.82,--,615,603930,买盘
82,14:53:15,9.82,--,522,512604,买盘
83,14:53:10,9.82,0.01,28,27496,买盘
84,14:53:04,9.81,--,118,115758,买盘
85,14:53:00,9.81,--,75,73575,买盘
86,14:52:55,9.81,--,263,258003,买盘
87,14:52:49,9.81,--,172,168732,买盘
88,14:52:45,9.81,--,101,99081,买盘
89,14:52:40,9.81,--,51,50031,买盘
90,14:52:34,9.81,0.01,65,63765,买盘
91,14:52:30,9.8,--,125,122500,卖盘
92,14:52:25,9.8,--,37,36260,卖盘
93,14:52:19,9.8,--,605,592900,买盘
94,14:52:15,9.8,--,685,671300,买盘
95,14:52:10,9.8,--,60,58800,买盘
96,14:52:04,9.8,0.01,1367,1339660,买盘
97,14:52:00,9.79,--,1094,1071026,买盘
98,14:51:55,9.79,--,3,2936,买盘
99,14:51:49,9.79,--,101,98878,买盘
100,14:51:45,9.79,0.01,96,93983,买盘
101,14:51:40,9.78,-0.01,3,2934,卖盘
102,14:51:34,9.79,--,302,295658,买盘
103,14:51:30,9.79,--,129,126290,买盘
104,14:51:25,9.79,--,12,11747,买盘
105,14:51:19,9.79,0.02,400,391599,买盘
106,14:51:15,9.77,-0.01,227,222267,卖盘
107,14:51:10,9.78,0.01,890,870420,买盘
108,14:51:04,9.77,--,77,75229,卖盘
109,14:51:00,9.77,0.01,31,30287,中性盘
110,14:50:55,9.76,-0.01,51,49776,卖盘
111,14:50:49,9.77,--,291,284307,买盘
112,14:50:45,9.77,--,12,11724,买盘
113,14:50:40,9.77,0.01,122,119194,买盘
114,14:50:34,9.76,-0.01,63,61488,卖盘
115,14:50:30,9.77,--,5,4885,买盘
116,14:50:25,9.77,--,100,97700,买盘
117,14:50:19,9.77,0.01,14,13678,买盘
118,14:50:15,9.76,--,41,40016,卖盘
119,14:50:09,9.76,-0.01,142,138592,卖盘
120,14:50:04,9.77,-0.01,62,60740,卖盘
121,14:50:00,9.78,0.02,42,41076,买盘
122,14:49:54,9.76,-0.01,573,559248,卖盘
123,14:49:49,9.77,--,227,221779,买盘
124,14:49:45,9.77,--,31,30287,卖盘
125,14:49:39,9.77,-0.01,18,17586,中性盘
126,14:49:34,9.78,--,22,21516,买盘
127,14:49:30,9.78,0.01,61,59657,买盘
128,14:49:19,9.77,0.01,143,139711,中性盘
129,14:49:15,9.76,-0.02,64,62464,卖盘
130,14:49:09,9.78,--,50,48900,买盘
131,14:49:04,9.78,0.02,54,52812,买盘
132,14:48:59,9.76,-0.01,600,585600,卖盘
133,14:48:54,9.77,--,6,5862,卖盘
134,14:48:44,9.77,--,51,49827,卖盘
135,14:48:39,9.77,--,10,9770,卖盘
136,14:48:34,9.77,--,118,115286,买盘
137,14:48:29,9.77,--,61,59597,买盘
138,14:48:24,9.77,--,306,298962,买盘
139,14:48:19,9.77,0.01,108,105516,买盘
140,14:48:14,9.76,--,62,60512,卖盘
141,14:48:09,9.76,-0.01,3,2928,卖盘
142,14:48:04,9.77,0.02,94,91838,买盘
143,14:47:59,9.75,-0.01,304,296400,卖盘
144,14:47:54,9.76,--,56,54656,买盘
145,14:47:49,9.76,0.01,45,43920,买盘
146,14:47:34,9.75,--,281,273975,卖盘
147,14:47:29,9.75,-0.01,2,1950,中性盘
148,14:47:24,9.76,--,50,48800,买盘
149,14:47:19,9.76,--,14,13664,买盘
150,14:47:14,9.76,0.03,278,271328,买盘
151,14:47:09,9.73,-0.02,140,136220,卖盘
152,14:47:04,9.75,--,195,190125,卖盘
153,14:46:59,9.75,0.02,1625,1584375,买盘
154,14:46:49,9.73,0.02,13,12649,买盘
155,14:46:44,9.71,-0.02,5,4855,卖盘
156,14:46:39,9.73,--,42,40866,买盘
157,14:46:34,9.73,--,14,13622,买盘
158,14:46:24,9.73,0.01,179,174167,买盘
159,14:46:19,9.72,-0.01,56,54432,卖盘
160,14:46:13,9.73,--,38,36974,买盘
161,14:46:09,9.73,--,19,18487,买盘
162,14:46:04,9.73,--,14,13622,买盘
163,14:45:58,9.73,0.01,12,11676,买盘
164,14:45:54,9.72,-0.01,304,295488,卖盘
165,14:45:49,9.73,--,5,4865,卖盘
166,14:45:43,9.73,--,27,26271,卖盘
167,14:45:39,9.73,-0.01,87,84651,卖盘
168,14:45:34,9.74,--,18,17532,买盘
169,14:45:28,9.74,--,277,269798,买盘
170,14:45:24,9.74,0.01,101,98374,买盘
171,14:45:13,9.73,-0.01,67,65191,卖盘
172,14:45:09,9.74,-0.01,42,40908,卖盘
173,14:45:04,9.75,--,12,11700,买盘
174,14:44:54,9.75,-0.01,206,200850,卖盘
175,14:44:49,9.76,0.01,454,443104,买盘
176,14:44:43,9.75,--,9,8775,卖盘
177,14:44:39,9.75,-0.01,212,206700,卖盘
178,14:44:34,9.76,--,438,427488,买盘
179,14:44:28,9.76,--,31,30256,买盘
180,14:44:24,9.76,--,176,171776,买盘
181,14:44:19,9.76,0.01,25,24400,买盘
182,14:44:13,9.75,--,67,65325,卖盘
183,14:44:09,9.75,-0.01,20,19500,卖盘
184,14:44:04,9.76,--,12,11712,买盘
185,14:43:58,9.76,--,51,49776,买盘
186,14:43:54,9.76,--,58,56608,买盘
187,14:43:38,9.76,-0.01,86,83936,中性盘
188,14:43:34,9.77,0.01,71,69367,买盘
189,14:43:28,9.76,--,43,42456,卖盘
190,14:43:24,9.76,--,41,40016,卖盘
191,14:43:19,9.76,--,4,3904,卖盘
192,14:43:13,9.76,-0.01,228,222528,卖盘
193,14:43:08,9.77,--,51,49827,买盘
194,14:43:03,9.77,0.01,14,13678,买盘
195,14:42:58,9.76,--,174,169824,卖盘
196,14:42:54,9.76,-0.01,32,31720,卖盘
197,14:42:48,9.77,0.02,16,15632,买盘
198,14:42:43,9.75,-0.02,2,1950,卖盘
199,14:42:38,9.77,0.01,496,484592,买盘
200,14:42:33,9.76,--,12,11712,中性盘
201,14:42:28,9.76,--,94,91744,买盘
202,14:42:23,9.76,--,61,59536,卖盘
203,14:42:18,9.76,-0.01,77,75152,卖盘
204,14:42:13,9.77,0.01,112,109424,买盘
205,14:42:08,9.76,-0.01,11,10736,卖盘
206,14:42:03,9.77,--,12,11724,买盘
207,14:41:58,9.77,0.01,17,16609,买盘
208,14:41:53,9.76,-0.01,87,84912,卖盘
209,14:41:48,9.77,0.01,10,9770,买盘
210,14:41:43,9.76,--,76,74176,卖盘
211,14:41:38,9.76,-0.01,2,1952,卖盘
212,14:41:33,9.77,0.01,13,12701,买盘
213,14:41:28,9.76,--,23,22448,卖盘
214,14:41:23,9.76,--,175,170800,买盘
215,14:41:18,9.76,--,4,3904,买盘
216,14:41:13,9.76,--,131,127856,买盘
217,14:41:08,9.76,-0.01,6,5856,中性盘
218,14:41:03,9.77,0.01,37,36149,买盘
219,14:40:58,9.76,--,27,26352,卖盘
220,14:40:53,9.76,--,12,11712,卖盘
221,14:40:48,9.76,--,1,976,卖盘
222,14:40:43,9.76,--,40,39040,卖盘
223,14:40:38,9.76,-0.01,11,10736,卖盘
224,14:40:33,9.77,--,909,888767,卖盘
225,14:40:28,9.77,--,54,53060,卖盘
226,14:40:23,9.77,--,160,156320,卖盘
227,14:40:18,9.77,0.01,262,255974,买盘
228,14:40:13,9.76,--,529,516304,卖盘
229,14:40:08,9.76,-0.01,24,23424,卖盘
230,14:40:03,9.77,0.01,25,24425,买盘
231,14:39:58,9.76,--,3,2928,卖盘
232,14:39:53,9.76,--,94,91744,买盘
233,14:39:48,9.76,--,73,71248,买盘
234,14:39:38,9.76,-0.01,197,192272,卖盘
235,14:39:33,9.77,--,61,59597,买盘
236,14:39:23,9.77,0.01,48,46896,买盘
237,14:39:18,9.76,--,27,26352,卖盘
238,14:39:08,9.76,-0.01,24,23424,卖盘
239,14:39:03,9.77,0.01,26,25402,买盘
240,14:38:58,9.76,--,15,14640,卖盘
241,14:38:52,9.76,--,109,106384,卖盘
242,14:38:48,9.76,--,97,94672,买盘
243,14:38:43,9.76,--,310,302560,买盘
244,14:38:37,9.76,--,10,9760,买盘
245,14:38:33,9.76,--,13,12688,买盘
246,14:38:28,9.76,--,10,9760,买盘
247,14:38:22,9.76,0.01,319,311344,买盘
248,14:38:18,9.75,-0.01,30,29250,卖盘
249,14:38:13,9.76,0.01,10,9760,买盘
250,14:38:07,9.75,--,206,200850,买盘
251,14:38:02,9.75,0.01,12,11700,买盘
252,14:37:58,9.74,-0.01,10,9740,卖盘
253,14:37:52,9.75,--,101,98475,卖盘
254,14:37:47,9.75,--,145,141375,卖盘
255,14:37:43,9.75,--,38,37050,卖盘
256,14:37:37,9.75,-0.01,32,31200,卖盘
257,14:37:32,9.76,0.01,32,31232,买盘
258,14:37:22,9.75,--,220,214500,卖盘
259,14:37:17,9.75,-0.01,5,4875,卖盘
260,14:37:13,9.76,0.01,2,1952,买盘
261,14:37:07,9.75,-0.01,117,114075,卖盘
262,14:37:02,9.76,-0.01,162,158112,卖盘
263,14:36:58,9.77,0.01,10,9770,买盘
264,14:36:52,9.76,--,100,97600,卖盘
265,14:36:47,9.76,0.01,23,22448,卖盘
266,14:36:43,9.75,--,2,1950,卖盘
267,14:36:37,9.75,-0.02,46,44850,卖盘
268,14:36:32,9.77,0.01,34,33218,买盘
269,14:36:28,9.76,--,65,63440,卖盘
270,14:36:22,9.76,0.02,37,36112,买盘
271,14:36:17,9.74,-0.01,177,172398,卖盘
272,14:36:12,9.75,--,200,195000,卖盘
273,14:36:07,9.75,-0.01,69,67275,卖盘
274,14:36:02,9.76,0.02,94,91744,买盘
275,14:35:57,9.74,--,1,974,卖盘
276,14:35:52,9.74,--,60,58440,卖盘
277,14:35:47,9.74,-0.01,76,74024,卖盘
278,14:35:42,9.75,--,8,7800,买盘
279,14:35:37,9.75,-0.01,15,14625,卖盘
280,14:35:32,9.76,0.02,103,100528,买盘
281,14:35:27,9.74,-0.01,9,8766,卖盘
282,14:35:22,9.75,--,45,43875,买盘
283,14:35:17,9.75,--,193,188175,买盘
284,14:35:12,9.75,0.01,28,27300,买盘
285,14:35:07,9.74,-0.01,3,2922,卖盘
286,14:35:02,9.75,--,15,14625,买盘
287,14:34:57,9.75,0.01,19,18525,买盘
288,14:34:47,9.74,0.01,6,5844,买盘
289,14:34:42,9.73,--,13,12814,买盘
290,14:34:37,9.73,-0.01,35,34055,中性盘
291,14:34:32,9.74,0.01,22,21428,买盘
292,14:34:27,9.73,0.01,2,1946,中性盘
293,14:34:22,9.72,-0.01,234,227448,卖盘
294,14:34:17,9.73,--,41,39893,卖盘
295,14:34:12,9.73,-0.02,3,2919,卖盘
296,14:34:07,9.75,--,33,32175,买盘
297,14:34:02,9.75,0.03,13,12675,买盘
298,14:33:57,9.72,--,0,0,卖盘
299,14:33:52,9.72,-0.03,113,109836,卖盘
300,14:33:47,9.75,0.01,200,195000,买盘
301,14:33:42,9.74,0.02,10,9740,买盘
302,14:33:37,9.72,-0.03,59,58154,卖盘
303,14:33:32,9.75,--,160,156000,买盘
304,14:33:27,9.75,--,60,58500,买盘
305,14:33:22,9.75,0.01,14,13650,买盘
306,14:33:17,9.74,--,46,44804,卖盘
307,14:33:12,9.74,-0.01,1,974,卖盘
308,14:33:02,9.75,--,58,56550,买盘
309,14:32:57,9.75,--,19,18525,买盘
310,14:32:52,9.75,--,10,9750,买盘
311,14:32:47,9.75,--,54,52650,买盘
312,14:32:42,9.75,0.01,5,4875,买盘
313,14:32:37,9.74,-0.01,1,974,卖盘
314,14:32:32,9.75,0.01,83,80925,买盘
315,14:32:27,9.74,--,59,57466,卖盘
316,14:32:22,9.74,--,31,30194,卖盘
317,14:32:17,9.74,--,44,42856,卖盘
318,14:32:12,9.74,-0.01,5,4870,卖盘
319,14:32:02,9.75,0.03,129,125940,买盘
320,14:31:57,9.72,--,0,0,卖盘
321,14:31:51,9.72,-0.02,70,68040,卖盘
322,14:31:47,9.74,0.01,242,235708,买盘
323,14:31:42,9.73,0.01,114,110922,买盘
324,14:31:36,9.72,-0.01,17,16524,卖盘
325,14:31:32,9.73,--,243,236439,买盘
326,14:31:27,9.73,--,8,7784,买盘
327,14:31:21,9.73,0.02,11,10703,买盘
328,14:31:17,9.71,-0.02,165,160215,卖盘
329,14:31:12,9.73,0.01,23,22379,买盘
330,14:31:06,9.72,-0.01,1,972,卖盘
331,14:31:01,9.73,0.01,13,12649,买盘
332,14:30:57,9.72,--,25,24300,买盘
333,14:30:51,9.72,0.01,10,9720,买盘
334,14:30:46,9.71,0.01,31,30101,买盘
335,14:30:42,9.7,-0.01,30,29099,卖盘
336,14:30:36,9.71,--,5,4855,买盘
337,14:30:31,9.71,0.01,29,28469,买盘
338,14:30:21,9.7,--,156,151872,买盘
339,14:30:16,9.7,0.01,29,28129,买盘
340,14:30:12,9.69,-0.01,33,31977,卖盘
341,14:30:06,9.7,--,36,34920,买盘
342,14:30:01,9.7,0.01,12,11640,买盘
343,14:29:56,9.69,-0.01,8,7752,卖盘
344,14:29:51,9.7,0.02,10,9700,买盘
345,14:29:46,9.68,-0.01,389,376552,卖盘
346,14:29:41,9.69,0.01,31,30039,买盘
347,14:29:36,9.68,-0.01,15,14520,卖盘
348,14:29:31,9.69,0.01,13,12597,买盘
349,14:29:26,9.68,-0.01,4,3872,卖盘
350,14:29:21,9.69,0.01,11,10659,买盘
351,14:29:16,9.68,--,57,55660,买盘
352,14:29:11,9.68,--,1,968,买盘
353,14:29:06,9.68,0.01,90,87120,买盘
354,14:29:01,9.67,-0.01,40,38680,卖盘
355,14:28:56,9.68,--,229,221672,买盘
356,14:28:51,9.68,--,811,785048,买盘
357,14:28:46,9.68,--,13,12584,买盘
358,14:28:41,9.68,-0.01,144,139876,卖盘
359,14:28:36,9.69,--,40,38760,买盘
360,14:28:31,9.69,-0.01,30,29070,买盘
361,14:28:26,9.7,--,0,0,买盘
362,14:28:21,9.7,0.02,11,10670,买盘
363,14:28:16,9.68,-0.01,36,34848,卖盘
364,14:28:06,9.69,-0.01,43,41667,卖盘
365,14:28:01,9.7,0.01,15,14549,买盘
366,14:27:56,9.69,--,95,92055,买盘
367,14:27:51,9.69,--,10,9690,买盘
368,14:27:46,9.69,-0.01,10,9690,买盘
369,14:27:41,9.7,-0.01,60,58199,卖盘
370,14:27:36,9.71,--,0,0,买盘
371,14:27:31,9.71,--,242,234982,买盘
372,14:27:21,9.71,0.01,11,10681,买盘
373,14:27:16,9.7,-0.01,76,73720,卖盘
374,14:27:11,9.71,--,14,13594,买盘
375,14:27:01,9.71,--,20,19420,买盘
376,14:26:51,9.71,0.02,22,21362,买盘
377,14:26:46,9.69,--,31,30523,买盘
378,14:26:41,9.69,--,5,4845,买盘
379,14:26:36,9.69,--,46,44574,买盘
380,14:26:26,9.69,--,1,969,买盘
381,14:26:21,9.69,--,11,10659,买盘
382,14:26:11,9.69,-0.02,188,182656,卖盘
383,14:26:06,9.71,--,23,22333,卖盘
384,14:25:51,9.71,0.01,68,66513,买盘
385,14:25:45,9.7,--,120,116399,买盘
386,14:25:41,9.7,--,13,12609,买盘
387,14:25:36,9.7,--,17,16490,买盘
388,14:25:30,9.7,--,32,31039,买盘
389,14:25:26,9.7,--,22,21340,买盘
390,14:25:21,9.7,--,21,20370,买盘
391,14:25:15,9.7,-0.01,6,5820,卖盘
392,14:25:11,9.71,--,28,27188,买盘
393,14:25:06,9.71,--,13,12623,买盘
394,14:24:56,9.71,0.01,271,263141,买盘
395,14:24:51,9.7,-0.01,30,29099,卖盘
396,14:24:36,9.71,--,12,11652,买盘
397,14:24:30,9.71,--,0,0,买盘
398,14:24:26,9.71,--,0,0,买盘
399,14:24:21,9.71,0.02,29,28159,买盘
400,14:24:15,9.69,--,26,25678,卖盘
401,14:24:11,9.69,-0.02,42,40698,卖盘
402,14:24:06,9.71,0.01,13,12623,买盘
403,14:24:00,9.7,--,5,4850,卖盘
404,14:23:56,9.7,--,30,29099,卖盘
405,14:23:50,9.7,-0.01,25,24250,卖盘
406,14:23:41,9.71,--,12,11652,买盘
407,14:23:36,9.71,0.02,238,231098,买盘
408,14:23:30,9.69,-0.02,11,10659,卖盘
409,14:23:26,9.71,0.02,101,98071,买盘
410,14:23:21,9.69,-0.01,24,23256,卖盘
411,14:23:15,9.7,-0.01,11,10670,卖盘
412,14:23:06,9.71,0.02,31,30101,买盘
413,14:23:00,9.69,-0.02,114,110950,卖盘
414,14:22:51,9.71,0.02,23,22333,买盘
415,14:22:40,9.69,-0.02,50,48450,卖盘
416,14:22:35,9.71,0.02,64,62144,买盘
417,14:22:30,9.69,-0.01,98,94962,卖盘
418,14:22:25,9.7,-0.01,8,7759,卖盘
419,14:22:21,9.71,0.01,222,215562,买盘
420,14:22:15,9.7,-0.01,3,2910,卖盘
421,14:22:05,9.71,-0.02,83,80593,卖盘
422,14:21:50,9.73,-0.01,30,29190,买盘
423,14:21:45,9.74,--,0,0,买盘
424,14:21:40,9.74,--,3,3409,卖盘
425,14:21:35,9.74,--,17,16558,卖盘
426,14:21:25,9.74,-0.01,6,5844,卖盘
427,14:21:20,9.75,0.02,286,279337,买盘
428,14:21:15,9.73,0.02,23,22379,买盘
429,14:21:10,9.71,-0.02,5,4855,卖盘
430,14:21:05,9.73,--,12,11676,买盘
431,14:21:00,9.73,--,0,0,买盘
432,14:20:55,9.73,0.02,52,50596,买盘
433,14:20:50,9.71,-0.02,240,233525,卖盘
434,14:20:45,9.73,-0.02,30,29190,卖盘
435,14:20:40,9.75,--,29,28275,买盘
436,14:20:35,9.75,0.02,13,12675,买盘
437,14:20:30,9.73,-0.03,1,973,卖盘
438,14:20:25,9.76,0.01,1,976,买盘
439,14:20:20,9.75,0.01,51,49725,中性盘
440,14:20:15,9.74,-0.01,26,25324,卖盘
441,14:20:05,9.75,--,42,40950,卖盘
442,14:19:55,9.75,--,8,7800,买盘
443,14:19:50,9.75,0.01,10,9750,买盘
444,14:19:40,9.74,--,52,50648,买盘
445,14:19:35,9.74,0.01,64,62336,中性盘
446,14:19:30,9.73,-0.02,221,215033,卖盘
447,14:19:20,9.75,0.02,38,37050,买盘
448,14:19:15,9.73,-0.01,26,25298,卖盘
449,14:19:09,9.74,-0.01,2,1948,卖盘
450,14:19:05,9.75,0.01,36,35100,买盘
451,14:19:00,9.74,0.01,10,9740,卖盘
452,14:18:54,9.73,-0.01,36,35028,卖盘
453,14:18:50,9.74,--,520,506967,买盘
454,14:18:45,9.74,0.01,48,46752,买盘
455,14:18:39,9.73,-0.01,106,103138,卖盘
456,14:18:35,9.74,--,16,15584,买盘
457,14:18:20,9.74,0.01,348,338952,买盘
458,14:18:14,9.73,-0.01,40,38920,卖盘
459,14:18:05,9.74,0.01,13,12662,买盘
460,14:17:54,9.73,-0.01,1,973,卖盘
461,14:17:50,9.74,0.01,10,9740,买盘
462,14:17:44,9.73,0.01,27,26271,买盘
463,14:17:39,9.72,-0.01,93,90396,卖盘
464,14:17:35,9.73,--,30,29190,买盘
465,14:17:30,9.73,0.01,33,32109,买盘
466,14:17:24,9.72,-0.02,1,972,卖盘
467,14:17:20,9.74,0.01,11,10714,买盘
468,14:17:15,9.73,--,230,223790,买盘
469,14:17:09,9.73,--,17,16541,买盘
470,14:17:05,9.73,--,12,11676,买盘
471,14:17:00,9.73,--,45,43785,买盘
472,14:16:54,9.73,--,2,1946,买盘
473,14:16:50,9.73,--,71,69083,买盘
474,14:16:44,9.73,--,120,116760,买盘
475,14:16:35,9.73,0.01,51,49623,买盘
476,14:16:24,9.72,-0.01,25,24300,卖盘
477,14:16:20,9.73,0.01,21,20433,买盘
478,14:16:14,9.72,--,51,49572,买盘
479,14:16:05,9.72,0.01,58,56376,买盘
480,14:15:59,9.71,-0.01,97,94187,卖盘
481,14:15:54,9.72,-0.01,22,21384,卖盘
482,14:15:49,9.73,--,51,49623,买盘
483,14:15:39,9.73,0.02,5,4865,买盘
484,14:15:34,9.71,-0.01,32,31072,卖盘
485,14:15:29,9.72,0.01,14,13608,买盘
486,14:15:24,9.71,-0.01,45,43695,卖盘
487,14:15:20,9.72,0.02,11,10692,买盘
488,14:15:14,9.7,-0.01,26,25219,卖盘
489,14:15:09,9.71,--,17,16507,买盘
490,14:15:04,9.71,0.01,15,14565,买盘
491,14:14:59,9.7,-0.01,12,11640,卖盘
492,14:14:49,9.71,0.01,25,24275,中性盘
493,14:14:44,9.7,-0.02,100,97000,卖盘
494,14:14:34,9.72,0.01,18,17496,买盘
495,14:14:29,9.71,-0.01,320,310720,卖盘
496,14:14:24,9.72,--,130,126360,卖盘
497,14:14:19,9.72,--,18,17496,卖盘
498,14:14:14,9.72,-0.01,13,12636,卖盘
499,14:14:04,9.73,-0.02,39,37947,卖盘
500,14:13:49,9.75,-0.01,18,17550,卖盘
501,14:13:39,9.76,--,7,6832,买盘
502,14:13:34,9.76,--,13,12688,买盘
503,14:13:29,9.76,-0.01,6,5856,卖盘
504,14:13:24,9.77,--,0,0,买盘
505,14:13:19,9.77,--,279,272583,卖盘
506,14:13:14,9.77,--,772,754244,卖盘
507,14:13:09,9.77,--,43,42011,卖盘
508,14:13:04,9.77,--,249,243273,卖盘
509,14:12:59,9.77,--,43,42011,卖盘
510,14:12:54,9.77,--,6,5862,卖盘
511,14:12:49,9.77,--,336,328272,卖盘
512,14:12:44,9.77,--,175,170975,卖盘
513,14:12:39,9.77,-0.01,210,205170,卖盘
514,14:12:33,9.78,--,99,96822,买盘
515,14:12:29,9.78,0.01,65,63569,买盘
516,14:12:24,9.77,--,316,308732,卖盘
517,14:12:18,9.77,--,51,49827,卖盘
518,14:12:14,9.77,-0.01,131,127987,卖盘
519,14:12:09,9.78,--,115,112469,买盘
520,14:12:03,9.78,--,15,14669,买盘
521,14:11:59,9.78,--,96,93888,买盘
522,14:11:54,9.78,0.01,82,80196,中性盘
523,14:11:48,9.77,-0.01,151,147527,卖盘
524,14:11:44,9.78,--,13,12714,买盘
525,14:11:39,9.78,0.01,41,40098,买盘
526,14:11:33,9.77,-0.01,333,325341,卖盘
527,14:11:29,9.78,--,665,650370,买盘
528,14:11:23,9.78,--,42,41076,买盘
529,14:11:18,9.78,--,112,109536,买盘
530,14:11:14,9.78,0.01,138,134964,买盘
531,14:11:08,9.77,-0.01,127,124079,卖盘
532,14:11:03,9.78,0.01,12,11736,买盘
533,14:10:53,9.77,0.05,1288,1258376,买盘
534,14:10:44,9.72,0.01,1,972,买盘
535,14:10:38,9.71,--,39,37869,卖盘
536,14:10:33,9.71,--,27,26217,买盘
537,14:10:29,9.71,--,30,29130,买盘
538,14:10:23,9.71,--,58,56318,买盘
539,14:10:13,9.71,-0.02,177,171867,卖盘
540,14:10:08,9.73,--,0,0,买盘
541,14:10:03,9.73,0.03,13,12649,买盘
542,14:09:59,9.7,--,0,0,卖盘
543,14:09:53,9.7,-0.02,17,16490,买盘
544,14:09:44,9.72,0.03,10,9720,买盘
545,14:09:38,9.69,-0.03,28,27132,卖盘
546,14:09:33,9.72,0.02,26,25272,买盘
547,14:09:29,9.7,--,6,5820,卖盘
548,14:09:23,9.7,--,34,32980,买盘
549,14:09:18,9.7,0.02,11,10670,买盘
550,14:09:13,9.68,-0.01,31,30008,卖盘
551,14:09:08,9.69,-0.01,1,969,卖盘
552,14:09:03,9.7,0.01,19,18430,买盘
553,14:08:59,9.69,0.01,15,14535,买盘
554,14:08:53,9.68,--,19,18392,买盘
555,14:08:48,9.68,--,15,14520,买盘
556,14:08:38,9.68,--,7,6776,买盘
557,14:08:33,9.68,--,38,36784,卖盘
558,14:08:23,9.68,-0.01,31,30008,卖盘
559,14:08:13,9.69,--,26,25194,卖盘
560,14:08:08,9.69,0.01,307,297483,买盘
561,14:08:03,9.68,-0.01,30,29040,卖盘
562,14:07:53,9.69,0.02,10,9690,买盘
563,14:07:43,9.67,--,0,0,卖盘
564,14:07:38,9.67,-0.01,193,186631,卖盘
565,14:07:33,9.68,0.01,19,18392,买盘
566,14:07:28,9.67,0.05,302,292275,买盘
567,14:07:23,9.62,-0.04,18,17316,卖盘
568,14:07:18,9.66,0.03,11,10626,中性盘
569,14:07:13,9.63,-0.04,27,26001,卖盘
570,14:07:03,9.67,0.06,13,12571,买盘
571,14:06:58,9.61,--,65,62464,卖盘
572,14:06:53,9.61,-0.02,114,109554,卖盘
573,14:06:48,9.63,0.02,1,963,中性盘
574,14:06:43,9.61,-0.06,211,202771,卖盘
575,14:06:38,9.67,--,60,58020,买盘
576,14:06:33,9.67,0.06,19,18373,买盘
577,14:06:28,9.61,-0.06,147,141267,卖盘
578,14:06:23,9.67,0.03,21,20307,买盘
579,14:06:18,9.64,--,1,964,买盘
580,14:06:13,9.64,0.04,10,9640,中性盘
581,14:06:08,9.6,-0.08,3062,2939520,卖盘
582,14:06:03,9.68,--,12,11616,买盘
583,14:05:58,9.68,--,0,0,买盘
584,14:05:48,9.68,0.03,17,16456,买盘
585,14:05:42,9.65,--,10,9650,卖盘
586,14:05:38,9.65,--,6,5790,买盘
587,14:05:33,9.65,--,26,25090,买盘
588,14:05:27,9.65,--,104,100360,买盘
589,14:05:23,9.65,--,61,58865,买盘
590,14:05:18,9.65,0.01,1,965,买盘
591,14:05:08,9.64,-0.01,216,208224,卖盘
592,14:05:03,9.65,-0.03,120,115800,卖盘
593,14:04:53,9.68,0.01,10,9680,买盘
594,14:04:38,9.67,0.02,10,9670,中性盘
595,14:04:33,9.65,-0.03,84,81060,卖盘
596,14:04:27,9.68,--,0,0,买盘
597,14:04:23,9.68,0.03,11,10648,买盘
598,14:04:18,9.65,-0.01,626,604090,卖盘
599,14:04:12,9.66,-0.01,42,40572,卖盘
600,14:04:08,9.67,--,7,6769,买盘
601,14:04:03,9.67,--,21,20307,卖盘
602,14:03:57,9.67,-0.01,1,967,卖盘
603,14:03:53,9.68,--,0,0,买盘
604,14:03:47,9.68,0.01,231,223608,买盘
605,14:03:38,9.67,-0.01,15,14505,卖盘
606,14:03:32,9.68,0.02,32,30976,买盘
607,14:03:23,9.66,--,51,49266,卖盘
608,14:03:17,9.66,--,26,25116,卖盘
609,14:03:12,9.66,-0.01,200,193200,卖盘
610,14:03:08,9.67,--,18,17406,买盘
611,14:03:02,9.67,--,90,87030,买盘
612,14:02:53,9.67,--,14,13538,买盘
613,14:02:47,9.67,--,43,41581,买盘
614,14:02:42,9.67,--,26,25142,卖盘
615,14:02:37,9.67,-0.01,16,15472,卖盘
616,14:02:32,9.68,0.01,13,12584,买盘
617,14:02:22,9.67,-0.01,10,9670,卖盘
618,14:02:17,9.68,0.02,54,52272,买盘
619,14:02:07,9.66,-0.02,50,48300,卖盘
620,14:02:02,9.68,--,23,22264,买盘
621,14:01:57,9.68,--,33,31944,卖盘
622,14:01:52,9.68,0.02,5,4840,买盘
623,14:01:47,9.66,-0.02,211,203826,卖盘
624,14:01:42,9.68,0.02,19,18392,买盘
625,14:01:37,9.66,-0.02,310,299460,卖盘
626,14:01:32,9.68,--,79,76472,买盘
627,14:01:22,9.68,--,31,30008,买盘
628,14:01:17,9.68,0.01,24,23232,买盘
629,14:01:07,9.67,-0.01,30,29010,卖盘
630,14:01:02,9.68,0.01,60,58080,买盘
631,14:00:57,9.67,-0.01,330,319110,卖盘
632,14:00:52,9.68,-0.01,10,9680,卖盘
633,14:00:47,9.69,--,10,9690,买盘
634,14:00:42,9.69,--,132,127908,买盘
635,14:00:37,9.69,--,10,9690,买盘
636,14:00:32,9.69,--,43,41667,买盘
637,14:00:27,9.69,0.02,32,31008,卖盘
638,14:00:22,9.67,--,0,0,卖盘
639,14:00:17,9.67,--,292,282364,卖盘
640,14:00:12,9.67,-0.03,26,25142,卖盘
641,14:00:07,9.7,--,73,70810,买盘
642,14:00:02,9.7,-0.02,12,11640,中性盘
643,13:59:57,9.72,--,16,15552,买盘
644,13:59:52,9.72,0.03,461,448092,买盘
645,13:59:47,9.69,--,22,21318,买盘
646,13:59:42,9.69,--,20,19380,买盘
647,13:59:37,9.69,--,9,8721,买盘
648,13:59:32,9.69,--,23,22287,买盘
649,13:59:27,9.69,--,50,48450,买盘
650,13:59:21,9.69,--,10,9690,买盘
651,13:59:17,9.69,0.02,38,36822,买盘
652,13:59:12,9.67,-0.02,30,29010,卖盘
653,13:59:06,9.69,--,35,33915,买盘
654,13:59:02,9.69,--,12,11628,买盘
655,13:58:57,9.69,0.03,13,12597,买盘
656,13:58:51,9.66,-0.03,5,4830,卖盘
657,13:58:47,9.69,0.03,10,9690,买盘
658,13:58:42,9.66,--,91,87906,买盘
659,13:58:36,9.66,0.01,30,28980,买盘
660,13:58:32,9.65,-0.01,25,24125,卖盘
661,13:58:27,9.66,--,10,9660,买盘
662,13:58:17,9.66,--,37,35742,买盘
663,13:58:12,9.66,0.02,57,55062,买盘
664,13:58:06,9.64,--,93,89652,买盘
665,13:58:02,9.64,-0.02,134,129176,卖盘
666,13:57:57,9.66,--,0,0,买盘
667,13:57:51,9.66,--,215,207690,买盘
668,13:57:47,9.66,-0.01,50,48300,卖盘
669,13:57:42,9.67,--,45,43515,买盘
670,13:57:32,9.67,-0.01,16,15472,中性盘
671,13:57:27,9.68,--,363,351384,买盘
672,13:57:17,9.68,0.03,42,40656,买盘
673,13:57:12,9.65,-0.03,560,540400,卖盘
674,13:57:06,9.68,--,61,59048,买盘
675,13:57:02,9.68,-0.01,17,16456,卖盘
676,13:56:57,9.69,0.01,38,36822,买盘
677,13:56:47,9.68,0.02,5,4840,买盘
678,13:56:41,9.66,--,42,40572,买盘
679,13:56:32,9.66,0.01,311,300426,买盘
680,13:56:26,9.65,--,70,67550,买盘
681,13:56:17,9.65,--,50,48250,买盘
682,13:56:11,9.65,-0.01,130,125450,卖盘
683,13:56:02,9.66,0.01,577,557382,买盘
684,13:55:47,9.65,--,520,501800,买盘
685,13:55:41,9.65,--,26,25090,买盘
686,13:55:36,9.65,--,102,98430,买盘
687,13:55:31,9.65,-0.01,567,547155,卖盘
688,13:55:26,9.66,--,6,5796,买盘
689,13:55:21,9.66,--,1,966,买盘
690,13:55:16,9.66,--,131,126546,卖盘
691,13:55:06,9.66,-0.04,500,483000,卖盘
692,13:55:01,9.7,0.01,42,40740,买盘
693,13:54:56,9.69,--,12,11628,买盘
694,13:54:51,9.69,--,8,7752,买盘
695,13:54:46,9.69,-0.01,69,66967,卖盘
696,13:54:41,9.7,--,30,29099,卖盘
697,13:54:36,9.7,--,33,32009,卖盘
698,13:54:31,9.7,-0.01,112,108639,卖盘
699,13:54:26,9.71,0.01,95,92245,买盘
700,13:54:21,9.7,-0.01,14,13579,卖盘
701,13:54:16,9.71,-0.01,201,195171,卖盘
702,13:54:11,9.72,--,117,113724,买盘
703,13:54:06,9.72,--,4,3888,买盘
704,13:54:01,9.72,--,117,113724,买盘
705,13:53:56,9.72,--,50,48600,买盘
706,13:53:51,9.72,-0.01,28,27216,卖盘
707,13:53:46,9.73,--,69,67137,买盘
708,13:53:41,9.73,0.03,40,38920,买盘
709,13:53:36,9.7,-0.02,223,216309,卖盘
710,13:53:31,9.72,0.01,26,25272,买盘
711,13:53:26,9.71,0.01,100,97964,买盘
712,13:53:21,9.7,--,45,43650,卖盘
713,13:53:11,9.7,0.02,360,349200,买盘
714,13:53:06,9.68,0.01,43,41624,买盘
715,13:53:01,9.67,--,10,9670,买盘
716,13:52:56,9.67,--,748,723896,买盘
717,13:52:51,9.67,--,10,9670,买盘
718,13:52:45,9.67,0.01,4,3868,买盘
719,13:52:41,9.66,--,15,14490,卖盘
720,13:52:36,9.66,--,111,107226,卖盘
721,13:52:30,9.66,0.01,418,403788,买盘
722,13:52:26,9.65,-0.01,125,120625,卖盘
723,13:52:21,9.66,--,1126,1087716,买盘
724,13:52:15,9.66,0.01,28,27048,买盘
725,13:52:11,9.65,-0.01,16,15440,卖盘
726,13:52:06,9.66,0.01,13,12558,买盘
727,13:51:56,9.65,--,9,8685,卖盘
728,13:51:51,9.65,--,18,17370,买盘
729,13:51:45,9.65,--,26,25090,买盘
730,13:51:41,9.65,--,36,34740,买盘
731,13:51:36,9.65,0.01,128,123520,买盘
732,13:51:30,9.64,--,20,19280,卖盘
733,13:51:25,9.64,--,68,65552,卖盘
734,13:51:21,9.64,--,16,15424,卖盘
735,13:51:11,9.64,--,2,1928,卖盘
736,13:51:06,9.64,--,30,28920,买盘
737,13:51:00,9.64,--,13,12532,买盘
738,13:50:55,9.64,--,52,50128,买盘
739,13:50:51,9.64,-0.02,418,402952,卖盘
740,13:50:45,9.66,0.01,7,6762,买盘
741,13:50:41,9.65,-0.01,88,84920,卖盘
742,13:50:36,9.66,--,99,95634,买盘
743,13:50:30,9.66,--,100,96600,买盘
744,13:50:26,9.66,-0.01,34,32844,卖盘
745,13:50:21,9.67,0.02,223,215641,买盘
746,13:50:15,9.65,-0.01,26,25090,卖盘
747,13:50:11,9.66,--,209,201894,买盘
748,13:50:05,9.66,--,54,52164,买盘
749,13:50:00,9.66,--,16,15456,买盘
750,13:49:56,9.66,--,38,36708,买盘
751,13:49:51,9.66,0.04,13,12558,买盘
752,13:49:41,9.62,-0.02,1000,961999,卖盘
753,13:49:36,9.64,--,122,118186,买盘
754,13:49:30,9.64,--,27,26028,买盘
755,13:49:26,9.64,--,120,115680,买盘
756,13:49:20,9.64,0.02,47,45308,买盘
757,13:49:15,9.62,-0.02,26,25011,卖盘
758,13:49:10,9.64,0.02,77,74228,买盘
759,13:49:05,9.62,-0.01,78,75036,卖盘
760,13:49:00,9.63,0.01,1182,1138266,买盘
761,13:48:55,9.62,0.01,427,410773,买盘
762,13:48:50,9.61,-0.01,115,110515,卖盘
763,13:48:45,9.62,--,55,52909,买盘
764,13:48:41,9.62,--,319,306878,买盘
765,13:48:35,9.62,--,815,784029,买盘
766,13:48:30,9.62,--,51,49061,买盘
767,13:48:25,9.62,--,1218,1171716,买盘
768,13:48:20,9.62,--,690,663780,买盘
769,13:48:15,9.62,--,279,268398,卖盘
770,13:48:10,9.62,--,32,30783,买盘
771,13:48:05,9.62,0.01,128,123135,买盘
772,13:48:00,9.61,--,130,124929,卖盘
773,13:47:55,9.61,--,470,451670,卖盘
774,13:47:50,9.61,--,96,92256,卖盘
775,13:47:45,9.61,-0.01,45,43245,卖盘
776,13:47:40,9.62,--,136,130831,买盘
777,13:47:35,9.62,--,26,25011,买盘
778,13:47:30,9.62,0.02,22,21164,买盘
779,13:47:25,9.6,-0.02,3912,3755520,卖盘
780,13:47:20,9.62,--,188,180855,卖盘
781,13:47:15,9.62,-0.01,67,64453,卖盘
782,13:47:10,9.63,-0.01,119,114597,中性盘
783,13:47:05,9.64,--,2039,1965596,买盘
784,13:46:55,9.64,-0.02,768,740737,卖盘
785,13:46:50,9.66,-0.01,60,57960,卖盘
786,13:46:45,9.67,0.01,22,21274,买盘
787,13:46:40,9.66,-0.01,30,28980,卖盘
788,13:46:35,9.67,0.02,191,184697,买盘
789,13:46:30,9.65,--,469,452585,卖盘
790,13:46:25,9.65,--,0,0,卖盘
791,13:46:20,9.65,-0.02,2139,2064135,卖盘
792,13:46:15,9.67,0.01,22,21274,买盘
793,13:46:10,9.66,-0.01,113,109158,卖盘
794,13:46:05,9.67,-0.01,358,346186,卖盘
795,13:46:00,9.68,0.01,80,77440,买盘
796,13:45:55,9.67,-0.01,24,23208,卖盘
797,13:45:50,9.68,--,39,37752,卖盘
798,13:45:45,9.68,-0.01,2,1936,卖盘
799,13:45:35,9.69,0.02,12,11628,买盘
800,13:45:30,9.67,--,20,19340,卖盘
801,13:45:25,9.67,-0.04,1004,970868,卖盘
802,13:45:20,9.71,0.01,13,12623,买盘
803,13:45:15,9.7,--,27,26189,卖盘
804,13:45:05,9.7,--,20,19400,卖盘
805,13:45:00,9.7,--,22,21340,卖盘
806,13:44:54,9.7,-0.01,84,81480,卖盘
807,13:44:50,9.71,0.02,18,17478,买盘
808,13:44:44,9.69,-0.01,172,166668,卖盘
809,13:44:39,9.7,--,40,38800,卖盘
810,13:44:35,9.7,--,21,20370,卖盘
811,13:44:30,9.7,-0.01,413,400609,卖盘
812,13:44:24,9.71,--,6,5826,买盘
813,13:44:19,9.71,--,11,10681,买盘
814,13:44:04,9.71,0.01,12,11652,买盘
815,13:44:00,9.7,-0.01,50,48500,卖盘
816,13:43:54,9.71,--,5,4855,买盘
817,13:43:49,9.71,0.01,10,9710,买盘
818,13:43:45,9.7,--,32,31039,卖盘
819,13:43:39,9.7,-0.01,2,1939,卖盘
820,13:43:34,9.71,-0.02,46,44772,卖盘
821,13:43:30,9.73,--,85,82705,卖盘
822,13:43:19,9.73,--,14,13622,卖盘
823,13:43:15,9.73,-0.01,26,25298,卖盘
824,13:43:08,9.74,--,5,4870,买盘
825,13:43:04,9.74,0.01,13,12662,买盘
826,13:43:00,9.73,--,18,18379,买盘
827,13:42:54,9.73,--,82,79786,买盘
828,13:42:49,9.73,--,15,14595,买盘
829,13:42:34,9.73,--,34,33082,买盘
830,13:42:19,9.73,0.03,39,37947,买盘
831,13:42:14,9.7,-0.02,37,35890,卖盘
832,13:42:04,9.72,0.02,72,69984,买盘
833,13:41:59,9.7,0.01,77,74690,买盘
834,13:41:49,9.69,-0.01,46,44574,卖盘
835,13:41:44,9.7,--,9,8730,买盘
836,13:41:34,9.7,0.01,13,12609,买盘
837,13:41:29,9.69,-0.01,202,195738,卖盘
838,13:41:19,9.7,--,145,140650,买盘
839,13:41:14,9.7,--,1034,1002979,买盘
840,13:41:04,9.7,0.01,159,154230,买盘
841,13:40:59,9.69,-0.01,10,9690,卖盘
842,13:40:49,9.7,--,10,9700,买盘
843,13:40:44,9.7,0.01,30,29099,买盘
844,13:40:38,9.69,0.01,10,9690,中性盘
845,13:40:34,9.68,-0.01,116,112810,卖盘
846,13:40:29,9.69,--,9,8721,买盘
847,13:40:19,9.69,0.01,31,30039,买盘
848,13:40:14,9.68,--,110,106480,卖盘
849,13:40:08,9.68,-0.02,211,204248,卖盘
850,13:40:04,9.7,0.02,13,12609,买盘
851,13:39:59,9.68,-0.02,32,30976,卖盘
852,13:39:49,9.7,0.02,11,10670,买盘
853,13:39:44,9.68,--,106,102608,卖盘
854,13:39:34,9.68,--,139,134552,卖盘
855,13:39:29,9.68,-0.01,8,7744,卖盘
856,13:39:23,9.69,--,48,46512,买盘
857,13:39:19,9.69,0.01,19,18411,买盘
858,13:39:14,9.68,--,31,30008,买盘
859,13:39:08,9.68,--,47,45496,买盘
860,13:39:04,9.68,--,67,64856,卖盘
861,13:38:59,9.68,--,116,112288,买盘
862,13:38:53,9.68,0.01,134,129712,买盘
863,13:38:49,9.67,-0.01,52,50284,卖盘
864,13:38:44,9.68,0.01,14,13552,买盘
865,13:38:38,9.67,-0.01,22,21274,卖盘
866,13:38:34,9.68,--,23,22264,买盘
867,13:38:29,9.68,--,118,114224,买盘
868,13:38:23,9.68,0.01,171,165528,中性盘
869,13:38:19,9.67,--,51,49317,卖盘
870,13:38:14,9.67,-0.01,554,535950,卖盘
871,13:38:08,9.68,-0.02,353,341704,卖盘
872,13:38:04,9.7,0.02,348,337560,买盘
873,13:37:59,9.68,--,471,455928,卖盘
874,13:37:53,9.68,--,3,2904,卖盘
875,13:37:49,9.68,--,58,56144,卖盘
876,13:37:44,9.68,--,18,17424,卖盘
877,13:37:38,9.68,-0.01,329,319391,卖盘
878,13:37:34,9.69,--,117,113373,买盘
879,13:37:29,9.69,0.01,68,65892,买盘
880,13:37:23,9.68,--,94,90992,卖盘
881,13:37:19,9.68,-0.01,320,309808,卖盘
882,13:37:14,9.69,--,346,335274,卖盘
883,13:37:08,9.69,-0.01,460,445740,卖盘
884,13:37:04,9.7,0.01,35,33950,买盘
885,13:36:59,9.69,-0.01,38,36822,卖盘
886,13:36:53,9.7,--,57,55289,买盘
887,13:36:47,9.7,--,13,12609,买盘
888,13:36:44,9.7,0.01,3,2910,买盘
889,13:36:38,9.69,-0.01,25,24225,卖盘
890,13:36:32,9.7,--,471,456869,卖盘
891,13:36:28,9.7,--,539,522829,卖盘
892,13:36:23,9.7,-0.01,30,29099,卖盘
893,13:36:17,9.71,0.01,23,22333,买盘
894,13:36:13,9.7,-0.03,394,382180,卖盘
895,13:36:08,9.73,0.01,170,165517,买盘
896,13:36:02,9.72,0.01,22,21384,买盘
897,13:35:58,9.71,-0.02,9,8739,卖盘
898,13:35:53,9.73,--,0,0,买盘
899,13:35:47,9.73,0.01,10,9730,买盘
900,13:35:38,9.72,--,36,34992,买盘
901,13:35:32,9.72,--,64,62208,买盘
902,13:35:23,9.72,--,7,6804,买盘
903,13:35:17,9.72,--,15,14580,卖盘
904,13:35:13,9.72,--,46,44712,卖盘
905,13:35:08,9.72,-0.01,12,11664,中性盘
906,13:35:02,9.73,0.02,16,16433,买盘
907,13:34:58,9.71,0.01,1,971,卖盘
908,13:34:53,9.7,-0.02,30,29099,卖盘
909,13:34:47,9.72,0.01,40,38880,买盘
910,13:34:38,9.71,-0.01,11,10681,卖盘
911,13:34:32,9.72,0.01,12,11664,买盘
912,13:34:23,9.71,-0.01,164,159244,卖盘
913,13:34:17,9.72,-0.01,76,73872,卖盘
914,13:34:08,9.73,--,20,19460,买盘
915,13:34:02,9.73,--,13,12649,买盘
916,13:33:53,9.73,-0.01,10,9730,卖盘
917,13:33:47,9.74,0.01,10,9740,买盘
918,13:33:38,9.73,0.02,43,41839,买盘
919,13:33:32,9.71,--,18,17478,卖盘
920,13:33:28,9.71,-0.01,175,169925,卖盘
921,13:33:23,9.72,--,88,85536,买盘
922,13:33:17,9.72,--,14,13608,买盘
923,13:33:02,9.72,--,26,25272,买盘
924,13:32:58,9.72,-0.03,84,81648,卖盘
925,13:32:53,9.75,--,0,0,买盘
926,13:32:47,9.75,0.01,17,16575,买盘
927,13:32:43,9.74,--,9,8766,买盘
928,13:32:38,9.74,-0.01,193,187982,卖盘
929,13:32:32,9.75,--,13,12675,买盘
930,13:32:28,9.75,0.01,5,4875,买盘
931,13:32:17,9.74,--,48,46752,卖盘
932,13:32:13,9.74,-0.01,26,25324,卖盘
933,13:32:02,9.75,--,22,21450,买盘
934,13:31:47,9.75,0.01,10,9750,买盘
935,13:31:43,9.74,--,21,20454,卖盘
936,13:31:38,9.74,--,38,37012,买盘
937,13:31:32,9.74,0.01,59,57466,买盘
938,13:31:23,9.73,0.01,196,190708,买盘
939,13:31:17,9.72,--,55,53460,买盘
940,13:31:08,9.72,--,179,173988,买盘
941,13:31:02,9.72,-0.01,270,262440,卖盘
942,13:30:58,9.73,--,49,47677,买盘
943,13:30:47,9.73,0.01,10,9730,买盘
944,13:30:43,9.72,--,2,1944,卖盘
945,13:30:38,9.72,-0.01,4,3888,卖盘
946,13:30:32,9.73,--,42,40866,买盘
947,13:30:23,9.73,--,4,3892,买盘
948,13:30:17,9.73,--,36,35028,买盘
949,13:30:13,9.73,-0.01,28,27244,卖盘
950,13:30:08,9.74,--,25,24350,买盘
951,13:30:02,9.74,--,14,13636,买盘
952,13:29:53,9.74,--,0,0,买盘
953,13:29:47,9.74,0.02,15,14610,买盘
954,13:29:43,9.72,-0.02,1,972,卖盘
955,13:29:32,9.74,0.02,13,12662,买盘
956,13:29:23,9.72,--,10,9720,买盘
957,13:29:17,9.72,0.02,16,15901,买盘
958,13:29:13,9.7,--,47,45590,买盘
959,13:29:08,9.7,--,71,68870,买盘
960,13:29:02,9.7,--,67,64989,买盘
961,13:28:58,9.7,0.01,76,73720,买盘
962,13:28:52,9.69,-0.01,82,79458,卖盘
963,13:28:47,9.7,--,80,77600,买盘
964,13:28:43,9.7,-0.06,676,656340,卖盘
965,13:28:32,9.76,0.02,12,11712,买盘
966,13:28:26,9.74,0.01,1,1636,卖盘
967,13:28:23,9.73,-0.02,5,5176,买盘
968,13:28:17,9.75,0.01,79,77025,买盘
969,13:28:11,9.74,--,0,0,买盘
970,13:28:07,9.74,-0.02,5,5532,卖盘
971,13:28:02,9.76,0.03,28,27640,买盘
972,13:27:56,9.73,-0.03,11,10703,卖盘
973,13:27:52,9.76,0.01,16,15616,买盘
974,13:27:47,9.75,--,219,213525,买盘
975,13:27:32,9.75,--,2812,2741700,买盘
976,13:27:17,9.75,0.02,12,11700,买盘
977,13:27:11,9.73,-0.01,34,33082,卖盘
978,13:27:02,9.74,--,38,37012,买盘
979,13:26:47,9.74,--,10,9740,买盘
980,13:26:41,9.74,--,20,19480,卖盘
981,13:26:37,9.74,--,2,1948,卖盘
982,13:26:32,9.74,--,19,18506,买盘
983,13:26:26,9.74,--,1,974,买盘
984,13:26:17,9.74,--,12,11688,买盘
985,13:26:11,9.74,-0.01,4,3896,买盘
986,13:26:07,9.75,--,17,16575,买盘
987,13:26:02,9.75,--,24,23400,买盘
988,13:25:52,9.75,--,0,0,买盘
989,13:25:47,9.75,--,10,9750,买盘
990,13:25:37,9.75,--,18,17550,买盘
991,13:25:32,9.75,0.01,12,11700,买盘
992,13:25:17,9.74,--,11,10714,买盘
993,13:25:11,9.74,--,27,26298,买盘
994,13:25:07,9.74,-0.01,20,19480,买盘
995,13:25:02,9.75,0.02,79,77025,买盘
996,13:24:56,9.73,--,0,0,卖盘
997,13:24:46,9.73,--,31,30163,卖盘
998,13:24:37,9.73,-0.02,1,973,卖盘
999,13:24:31,9.75,--,12,11700,买盘
1000,13:24:26,9.75,--,0,0,买盘
1001,13:24:22,9.75,--,8,7800,买盘
1002,13:24:16,9.75,0.02,11,10725,买盘
1003,13:24:11,9.73,-0.02,34,33082,卖盘
1004,13:24:01,9.75,0.02,42,40950,买盘
1005,13:23:56,9.73,-0.02,9,8757,卖盘
1006,13:23:52,9.75,--,0,0,买盘
1007,13:23:46,9.75,0.02,19,18525,买盘
1008,13:23:41,9.73,-0.02,50,48650,卖盘
1009,13:23:31,9.75,0.02,15,14625,买盘
1010,13:23:22,9.73,--,0,0,卖盘
1011,13:23:16,9.73,-0.01,122,118706,卖盘
1012,13:23:11,9.74,--,26,25324,卖盘
1013,13:23:07,9.74,-0.01,15,14610,卖盘
1014,13:23:01,9.75,--,14,13650,买盘
1015,13:22:56,9.75,0.01,65,63375,买盘
1016,13:22:41,9.74,-0.02,23,22402,卖盘
1017,13:22:37,9.76,--,0,0,买盘
1018,13:22:31,9.76,0.01,46,44896,买盘
1019,13:22:26,9.75,--,1,975,买盘
1020,13:22:22,9.75,--,3,2925,买盘
1021,13:22:16,9.75,-0.01,6,5850,买盘
1022,13:22:11,9.76,--,62,60512,买盘
1023,13:22:07,9.76,--,281,274256,买盘
1024,13:22:01,9.76,--,16,15616,买盘
1025,13:21:56,9.76,--,4,3904,买盘
1026,13:21:52,9.76,0.02,4,3904,买盘
1027,13:21:46,9.74,--,30,29220,卖盘
1028,13:21:41,9.74,-0.02,17,16558,卖盘
1029,13:21:36,9.76,--,0,0,买盘
1030,13:21:31,9.76,0.02,41,40016,买盘
1031,13:21:26,9.74,-0.01,350,340900,卖盘
1032,13:21:21,9.75,--,3,2925,买盘
1033,13:21:11,9.75,-0.01,33,32175,卖盘
1034,13:21:06,9.76,--,10,9760,买盘
1035,13:21:01,9.76,0.01,23,22448,买盘
1036,13:20:56,9.75,--,48,46800,买盘
1037,13:20:51,9.75,-0.01,156,152100,卖盘
1038,13:20:41,9.76,--,5,4880,买盘
1039,13:20:31,9.76,--,20,19520,买盘
1040,13:20:26,9.76,--,17,16592,买盘
1041,13:20:20,9.76,0.02,3,2928,买盘
1042,13:20:16,9.74,--,0,0,卖盘
1043,13:20:11,9.74,-0.02,30,29220,卖盘
1044,13:20:01,9.76,0.01,25,24400,买盘
1045,13:19:56,9.75,0.01,97,94575,买盘
1046,13:19:50,9.74,-0.01,9,8766,卖盘
1047,13:19:46,9.75,--,8,7800,买盘
1048,13:19:41,9.75,--,3,2925,买盘
1049,13:19:35,9.75,-0.01,13,12675,买盘
1050,13:19:31,9.76,0.01,105,102480,买盘
1051,13:19:26,9.75,--,1,975,卖盘
1052,13:19:20,9.75,--,17,16575,卖盘
1053,13:19:16,9.75,0.01,55,53625,买盘
1054,13:19:11,9.74,-0.01,30,29220,卖盘
1055,13:19:05,9.75,--,20,19500,买盘
1056,13:19:01,9.75,--,18,17550,买盘
1057,13:18:56,9.75,--,15,14625,买盘
1058,13:18:50,9.75,--,18,17550,买盘
1059,13:18:41,9.75,--,24,23400,买盘
1060,13:18:31,9.75,--,21,20475,买盘
1061,13:18:20,9.75,--,7,6825,买盘
1062,13:18:16,9.75,0.01,47,45825,中性盘
1063,13:18:11,9.74,-0.01,31,30194,卖盘
1064,13:18:05,9.75,-0.01,64,62400,卖盘
1065,13:18:01,9.76,--,3,2928,买盘
1066,13:17:50,9.76,0.02,73,71248,买盘
1067,13:17:41,9.74,-0.01,49,47726,卖盘
1068,13:17:35,9.75,--,13,12675,买盘
1069,13:17:31,9.75,0.01,4,3900,买盘
1070,13:17:26,9.74,--,6,5844,买盘
1071,13:17:20,9.74,0.01,16,15584,中性盘
1072,13:17:16,9.73,--,0,0,卖盘
1073,13:17:11,9.73,-0.03,58,56434,卖盘
1074,13:17:05,9.76,--,12,11712,买盘
1075,13:17:01,9.76,0.03,3,2928,买盘
1076,13:16:55,9.73,--,7,6811,卖盘
1077,13:16:50,9.73,-0.04,40,38920,卖盘
1078,13:16:46,9.77,--,0,0,买盘
1079,13:16:40,9.77,--,216,211032,买盘
1080,13:16:35,9.77,--,12,11724,买盘
1081,13:16:31,9.77,0.02,4,3908,买盘
1082,13:16:20,9.75,-0.01,501,488484,卖盘
1083,13:16:10,9.76,-0.01,30,29280,卖盘
1084,13:16:05,9.77,--,23,22471,买盘
1085,13:16:01,9.77,--,12,11724,买盘
1086,13:15:50,9.77,0.01,17,16609,买盘
1087,13:15:40,9.76,--,110,107360,卖盘
1088,13:15:35,9.76,-0.01,30,29280,卖盘
1089,13:15:30,9.77,--,4,3908,买盘
1090,13:15:20,9.77,0.01,13,12701,买盘
1091,13:15:10,9.76,-0.01,40,39040,卖盘
1092,13:15:05,9.77,--,22,21494,买盘
1093,13:15:00,9.77,--,3,2931,买盘
1094,13:14:55,9.77,0.01,16,15632,买盘
1095,13:14:50,9.76,-0.01,7,6832,卖盘
1096,13:14:40,9.77,--,3,2931,买盘
1097,13:14:35,9.77,--,18,17586,买盘
1098,13:14:30,9.77,-0.01,4,3908,买盘
1099,13:14:25,9.78,--,14,13692,买盘
1100,13:14:20,9.78,0.01,22,21516,买盘
1101,13:14:10,9.77,--,30,29310,卖盘
1102,13:14:05,9.77,-0.01,28,27356,卖盘
1103,13:14:00,9.78,0.01,3,2934,买盘
1104,13:13:55,9.77,-0.01,10,9770,卖盘
1105,13:13:50,9.78,--,4,3911,买盘
1106,13:13:45,9.78,--,10,9780,买盘
1107,13:13:40,9.78,--,3,2934,买盘
1108,13:13:35,9.78,--,12,11736,买盘
1109,13:13:30,9.78,0.01,8,7823,买盘
1110,13:13:25,9.77,-0.01,50,48850,卖盘
1111,13:13:20,9.78,--,3,2934,买盘
1112,13:13:15,9.78,-0.01,3,2934,买盘
1113,13:13:10,9.79,--,4,3915,买盘
1114,13:13:05,9.79,--,15,14684,买盘
1115,13:13:00,9.79,--,8,7831,买盘
1116,13:12:55,9.79,--,31,30348,买盘
1117,13:12:50,9.79,--,4,3915,买盘
1118,13:12:40,9.79,--,3,2936,买盘
1119,13:12:35,9.79,--,12,11747,买盘
1120,13:12:29,9.79,0.01,16,15663,买盘
1121,13:12:25,9.78,--,0,0,卖盘
1122,13:12:20,9.78,--,48,46944,卖盘
1123,13:12:10,9.78,-0.01,34,33252,卖盘
1124,13:12:05,9.79,0.01,12,11747,买盘
1125,13:11:59,9.78,--,3,2934,买盘
1126,13:11:55,9.78,--,10,9780,买盘
1127,13:11:50,9.78,--,4,3911,买盘
1128,13:11:44,9.78,--,8,7823,买盘
1129,13:11:40,9.78,--,5,4890,买盘
1130,13:11:35,9.78,--,13,12714,买盘
1131,13:11:29,9.78,0.01,14,13692,买盘
1132,13:11:25,9.77,--,2,1954,卖盘
1133,13:11:20,9.77,-0.01,8,7816,卖盘
1134,13:11:10,9.78,--,9,8802,买盘
1135,13:11:05,9.78,0.01,12,11736,买盘
1136,13:10:59,9.77,-0.01,17,16609,卖盘
1137,13:10:55,9.78,--,5,4890,买盘
1138,13:10:50,9.78,--,64,62591,买盘
1139,13:10:40,9.78,-0.02,72,70416,卖盘
1140,13:10:35,9.8,--,22,21560,买盘
1141,13:10:29,9.8,0.02,4,3920,买盘
1142,13:10:25,9.78,-0.01,2,1955,卖盘
1143,13:10:20,9.79,0.02,3,2936,买盘
1144,13:10:14,9.77,-0.02,26,25402,卖盘
1145,13:10:10,9.79,0.01,5,4895,中性盘
1146,13:10:05,9.78,-0.02,18,17604,卖盘
1147,13:09:59,9.8,0.02,216,211680,买盘
1148,13:09:55,9.78,--,100,97800,买盘
1149,13:09:50,9.78,--,22,21516,买盘
1150,13:09:40,9.78,0.01,3,2934,买盘
1151,13:09:35,9.77,-0.01,23,22471,卖盘
1152,13:09:29,9.78,-0.01,20,19560,卖盘
1153,13:09:20,9.79,--,5,4895,买盘
1154,13:09:14,9.79,-0.01,33,32306,卖盘
1155,13:09:10,9.8,0.01,4,3920,买盘
1156,13:09:04,9.79,-0.01,25,24474,卖盘
1157,13:08:59,9.8,--,11,10780,买盘
1158,13:08:49,9.8,--,14,13720,买盘
1159,13:08:40,9.8,--,59,57820,买盘
1160,13:08:34,9.8,--,13,12740,买盘
1161,13:08:29,9.8,--,87,85260,卖盘
1162,13:08:19,9.8,--,42,41160,卖盘
1163,13:08:14,9.8,-0.01,142,139160,卖盘
1164,13:08:09,9.81,0.02,719,705339,买盘
1165,13:08:04,9.79,--,112,109647,买盘
1166,13:07:59,9.79,-0.01,42,41118,卖盘
1167,13:07:49,9.8,--,41,40180,买盘
1168,13:07:44,9.8,0.01,2,1960,买盘
1169,13:07:39,9.79,-0.01,16,15663,卖盘
1170,13:07:34,9.8,--,31,30380,买盘
1171,13:07:29,9.8,0.01,19,18620,买盘
1172,13:07:24,9.79,--,71,69509,买盘
1173,13:07:19,9.79,--,13,12726,买盘
1174,13:07:14,9.79,--,39,38181,买盘
1175,13:07:09,9.79,0.01,4,3915,买盘
1176,13:07:04,9.78,--,23,22494,卖盘
1177,13:06:59,9.78,-0.01,105,102690,卖盘
1178,13:06:49,9.79,0.01,4,3915,买盘
1179,13:06:44,9.78,-0.01,8,7823,卖盘
1180,13:06:39,9.79,--,3,2936,买盘
1181,13:06:34,9.79,0.01,20,19580,买盘
1182,13:06:29,9.78,--,4,3911,买盘
1183,13:06:19,9.78,0.02,3,2934,买盘
1184,13:06:14,9.76,-0.02,33,32208,卖盘
1185,13:06:09,9.78,--,4,3911,买盘
1186,13:06:04,9.78,0.03,12,11736,买盘
1187,13:05:59,9.75,--,27,26325,卖盘
1188,13:05:54,9.75,-0.01,7,6825,卖盘
1189,13:05:49,9.76,--,73,71248,买盘
1190,13:05:39,9.76,--,13,12688,买盘
1191,13:05:34,9.76,--,22,22438,买盘
1192,13:05:29,9.76,0.01,4,3904,买盘
1193,13:05:19,9.75,--,43,41925,卖盘
1194,13:05:14,9.75,-0.01,26,25350,卖盘
1195,13:05:09,9.76,--,4,3904,买盘
1196,13:05:04,9.76,--,72,70272,买盘
1197,13:04:59,9.76,--,3,2928,买盘
1198,13:04:49,9.76,--,14,13664,买盘
1199,13:04:44,9.76,--,3,2928,买盘
1200,13:04:39,9.76,--,7,6832,买盘
1201,13:04:34,9.76,--,32,31232,买盘
1202,13:04:29,9.76,--,7,6832,买盘
1203,13:04:23,9.76,--,30,29280,买盘
1204,13:04:19,9.76,0.01,3,2928,买盘
1205,13:04:14,9.75,--,66,64350,卖盘
1206,13:04:08,9.75,-0.01,11,10725,卖盘
1207,13:04:04,9.76,--,21,20496,买盘
1208,13:03:59,9.76,--,3,2928,买盘
1209,13:03:49,9.76,--,4,3904,买盘
1210,13:03:38,9.76,--,18,17568,买盘
1211,13:03:34,9.76,--,12,11712,买盘
1212,13:03:29,9.76,--,4,3904,买盘
1213,13:03:23,9.76,-0.02,83,81008,卖盘
1214,13:03:19,9.78,0.02,3,2934,买盘
1215,13:03:14,9.76,-0.02,27,26352,卖盘
1216,13:03:08,9.78,--,38,37164,买盘
1217,13:03:04,9.78,0.01,12,11736,买盘
1218,13:02:59,9.77,--,13,12701,买盘
1219,13:02:49,9.77,0.01,4,3908,买盘
1220,13:02:44,9.76,--,0,0,卖盘
1221,13:02:38,9.76,-0.02,37,36112,卖盘
1222,13:02:34,9.78,--,13,12714,买盘
1223,13:02:29,9.78,--,55,53790,卖盘
1224,13:02:23,9.78,-0.01,17,16626,卖盘
1225,13:02:19,9.79,--,8,7831,买盘
1226,13:02:14,9.79,--,24,23495,买盘
1227,13:02:08,9.79,--,4,3915,买盘
1228,13:02:04,9.79,--,517,506142,买盘
1229,13:01:59,9.79,--,39,38181,买盘
1230,13:01:49,9.79,--,4,3915,买盘
1231,13:01:44,9.79,-0.01,1,978,卖盘
1232,13:01:38,9.8,--,187,183260,买盘
1233,13:01:34,9.8,--,13,12740,买盘
1234,13:01:28,9.8,--,12,11760,买盘
1235,13:01:19,9.8,--,3,2940,买盘
1236,13:01:13,9.8,--,3,2940,买盘
1237,13:01:08,9.8,--,4,3920,买盘
1238,13:01:04,9.8,--,26,25480,买盘
1239,13:00:58,9.8,-0.01,115,112700,卖盘
1240,13:00:48,9.81,--,14,13734,买盘
1241,13:00:43,9.81,0.01,15,14715,买盘
1242,13:00:38,9.8,-0.01,23,22540,卖盘
1243,13:00:33,9.81,--,12,11772,买盘
1244,13:00:28,9.81,0.01,5,4905,买盘
1245,13:00:23,9.8,-0.01,5,4900,卖盘
1246,13:00:18,9.81,--,3,2943,买盘
1247,13:00:08,9.81,0.01,629,617049,买盘
1248,13:00:04,9.8,--,61,59780,买盘
1249,11:30:00,9.8,--,0,0,买盘
1250,11:29:59,9.8,--,0,0,买盘
1251,11:29:59,9.8,--,6,5880,买盘
1252,11:29:54,9.8,0.01,22,21560,买盘
1253,11:29:49,9.79,--,35,34265,买盘
1254,11:29:44,9.79,--,93,91046,卖盘
1255,11:29:39,9.79,-0.01,16,15663,卖盘
1256,11:29:34,9.8,--,15,14700,买盘
1257,11:29:29,9.8,0.01,7,6860,买盘
1258,11:29:24,9.79,-0.01,10,9790,卖盘
1259,11:29:20,9.8,0.01,5,4900,买盘
1260,11:29:14,9.79,--,58,57574,买盘
1261,11:29:09,9.79,--,11,10768,买盘
1262,11:29:04,9.79,--,5,4895,买盘
1263,11:28:59,9.79,--,45,44054,买盘
1264,11:28:54,9.79,--,0,0,买盘
1265,11:28:49,9.79,--,73,71467,买盘
1266,11:28:44,9.79,--,81,79299,买盘
1267,11:28:39,9.79,--,3,2936,买盘
1268,11:28:34,9.79,--,4,3915,买盘
1269,11:28:29,9.79,--,204,199715,买盘
1270,11:28:24,9.79,0.01,11,10768,买盘
1271,11:28:19,9.78,0.03,5,4890,买盘
1272,11:28:14,9.75,-0.04,26,25350,卖盘
1273,11:28:09,9.79,0.03,4,3915,买盘
1274,11:28:04,9.76,0.01,5,4880,买盘
1275,11:27:59,9.75,--,22,21450,买盘
1276,11:27:54,9.75,--,4,3900,买盘
1277,11:27:49,9.75,-0.04,34,33150,卖盘
1278,11:27:44,9.79,0.04,1039,1017180,买盘
1279,11:27:39,9.75,0.01,3,2925,买盘
1280,11:27:34,9.74,-0.01,24,23376,卖盘
1281,11:27:29,9.75,--,12,11700,买盘
1282,11:27:19,9.75,0.01,8,7800,买盘
1283,11:27:14,9.74,-0.01,49,47726,卖盘
1284,11:27:09,9.75,--,4,3900,买盘
1285,11:26:59,9.75,0.01,3,2925,买盘
1286,11:26:49,9.74,--,19,18506,卖盘
1287,11:26:44,9.74,--,4,3896,买盘
1288,11:26:39,9.74,--,87,84738,买盘
1289,11:26:29,9.74,0.01,4,3896,买盘
1290,11:26:24,9.73,-0.01,1,1323,卖盘
1291,11:26:19,9.74,-0.01,11,10714,买盘
1292,11:26:14,9.75,--,0,0,买盘
1293,11:26:09,9.75,--,4,3900,买盘
1294,11:26:04,9.75,0.02,5,4875,买盘
1295,11:25:59,9.73,--,43,41839,卖盘
1296,11:25:54,9.73,-0.02,27,26271,卖盘
1297,11:25:48,9.75,0.01,4,3900,买盘
1298,11:25:44,9.74,--,18,17532,买盘
1299,11:25:39,9.74,0.01,3,2922,买盘
1300,11:25:29,9.73,-0.01,29,28217,卖盘
1301,11:25:24,9.74,0.01,10,9740,中性盘
1302,11:25:18,9.73,--,86,83678,卖盘
1303,11:25:14,9.73,-0.01,91,88543,卖盘
1304,11:25:09,9.74,0.01,4,3896,买盘
1305,11:25:03,9.73,-0.01,50,48650,卖盘
1306,11:24:59,9.74,--,3,2922,买盘
1307,11:24:54,9.74,--,11,10714,买盘
1308,11:24:48,9.74,--,4,3896,买盘
1309,11:24:39,9.74,--,3,2922,买盘
1310,11:24:29,9.74,0.01,40,38960,买盘
1311,11:24:18,9.73,-0.01,23,22379,卖盘
1312,11:24:14,9.74,--,27,26298,买盘
1313,11:24:09,9.74,0.01,8,7792,买盘
1314,11:24:03,9.73,-0.01,18,17514,卖盘
1315,11:23:59,9.74,--,3,2922,买盘
1316,11:23:48,9.74,0.01,4,3896,买盘
1317,11:23:44,9.73,--,8,7784,卖盘
1318,11:23:38,9.73,-0.01,10,9730,卖盘
1319,11:23:29,9.74,--,12,11688,买盘
1320,11:23:23,9.74,--,0,0,买盘
1321,11:23:18,9.74,0.02,3,2922,买盘
1322,11:23:14,9.72,-0.01,33,32076,卖盘
1323,11:23:08,9.73,--,35,34055,买盘
1324,11:23:03,9.73,--,10,9730,买盘
1325,11:22:59,9.73,0.01,13,12649,买盘
1326,11:22:53,9.72,-0.01,231,224532,卖盘
1327,11:22:48,9.73,--,4,3892,买盘
1328,11:22:38,9.73,--,13,12649,买盘
1329,11:22:33,9.73,--,5,4865,买盘
1330,11:22:28,9.73,0.01,4,3892,买盘
1331,11:22:23,9.72,-0.01,20,19440,卖盘
1332,11:22:18,9.73,0.01,3,2919,买盘
1333,11:22:13,9.72,-0.01,128,124416,卖盘
1334,11:22:08,9.73,0.01,4,3892,买盘
1335,11:21:58,9.72,-0.01,149,144828,卖盘
1336,11:21:48,9.73,--,48,46704,买盘
1337,11:21:38,9.73,--,25,24325,买盘
1338,11:21:33,9.73,--,505,491365,买盘
1339,11:21:28,9.73,--,7,6811,买盘
1340,11:21:23,9.73,--,38,36974,买盘
1341,11:21:18,9.73,--,80,77840,卖盘
1342,11:21:13,9.73,--,251,244223,卖盘
1343,11:21:08,9.73,-0.01,31,30163,卖盘
1344,11:21:03,9.74,--,25,24350,买盘
1345,11:20:58,9.74,0.01,11,10714,买盘
1346,11:20:53,9.73,-0.01,30,29190,卖盘
1347,11:20:48,9.74,--,68,66232,买盘
1348,11:20:43,9.74,--,20,19480,买盘
1349,11:20:38,9.74,0.01,6,5844,买盘
1350,11:20:33,9.73,-0.01,3,2919,卖盘
1351,11:20:28,9.74,--,4,3896,买盘
1352,11:20:18,9.74,--,3,2922,买盘
1353,11:20:13,9.74,--,101,98374,买盘
1354,11:20:08,9.74,--,4,3896,买盘
1355,11:20:03,9.74,--,13,12662,买盘
1356,11:19:58,9.74,--,10,9740,买盘
1357,11:19:53,9.74,-0.01,26,25324,卖盘
1358,11:19:48,9.75,--,15,14625,买盘
1359,11:19:38,9.75,0.01,3,2925,买盘
1360,11:19:33,9.74,--,0,0,中性盘
1361,11:19:27,9.74,--,4,3896,买盘
1362,11:19:23,9.74,--,104,101296,买盘
1363,11:19:18,9.74,0.01,53,51622,买盘
1364,11:19:12,9.73,-0.01,26,25298,卖盘
1365,11:19:08,9.74,--,24,23376,买盘
1366,11:18:57,9.74,--,3,2922,买盘
1367,11:18:53,9.74,--,82,79868,买盘
1368,11:18:48,9.74,--,4,3896,买盘
1369,11:18:38,9.74,--,63,61362,买盘
1370,11:18:27,9.74,--,4,3896,买盘
1371,11:18:23,9.74,--,6,5844,买盘
1372,11:18:18,9.74,0.01,26,25324,买盘
1373,11:18:12,9.73,--,46,44758,买盘
1374,11:18:08,9.73,--,44,42812,买盘
1375,11:18:03,9.73,--,9,8757,买盘
1376,11:17:57,9.73,--,6,5838,买盘
1377,11:17:53,9.73,0.01,25,24325,买盘
1378,11:17:48,9.72,--,36,34992,卖盘
1379,11:17:18,9.72,--,34,33048,卖盘
1380,11:17:12,9.72,--,46,44712,卖盘
1381,11:17:08,9.72,-0.01,50,48600,卖盘
1382,11:17:03,9.73,--,4,3892,买盘
1383,11:16:57,9.73,--,19,18487,买盘
1384,11:16:53,9.73,--,101,98273,卖盘
1385,11:16:47,9.73,--,137,133301,买盘
1386,11:16:38,9.73,--,1,973,买盘
1387,11:16:32,9.73,--,10,9730,买盘
1388,11:16:27,9.73,--,0,0,买盘
1389,11:16:23,9.73,0.01,5,4865,买盘
1390,11:16:17,9.72,--,76,73872,卖盘
1391,11:16:12,9.72,--,34,33048,卖盘
1392,11:16:07,9.72,-0.01,5,4860,卖盘
1393,11:16:02,9.73,--,7,6811,买盘
1394,11:15:47,9.73,0.01,8,7784,买盘
1395,11:15:38,9.72,-0.02,7,6804,买盘
1396,11:15:32,9.74,--,0,0,买盘
1397,11:15:22,9.74,0.02,20,19480,买盘
1398,11:15:17,9.72,--,202,196344,卖盘
1399,11:15:12,9.72,--,26,25272,卖盘
1400,11:15:07,9.72,-0.02,10,9720,卖盘
1401,11:15:02,9.74,0.01,4,3896,买盘
1402,11:14:57,9.73,--,32,31136,卖盘
1403,11:14:52,9.73,--,12,11676,买盘
1404,11:14:47,9.73,--,10,9730,买盘
1405,11:14:42,9.73,0.01,8,7784,买盘
1406,11:14:37,9.72,-0.01,3,2916,卖盘
1407,11:14:32,9.73,--,1,973,买盘
1408,11:14:22,9.73,--,1,973,买盘
1409,11:14:17,9.73,--,20,19460,买盘
1410,11:14:12,9.73,--,15,14595,卖盘
1411,11:14:07,9.73,-0.01,127,123571,卖盘
1412,11:14:02,9.74,--,51,49674,买盘
1413,11:13:56,9.74,--,60,58440,买盘
1414,11:13:52,9.74,--,43,41882,买盘
1415,11:13:42,9.74,--,32,31168,买盘
1416,11:13:37,9.74,--,4,3896,买盘
1417,11:13:22,9.74,0.01,3,2922,买盘
1418,11:13:17,9.73,-0.01,52,50596,买盘
1419,11:13:12,9.74,0.01,7,6818,买盘
1420,11:13:02,9.73,--,34,33082,买盘
1421,11:12:57,9.73,-0.01,11,10703,买盘
1422,11:12:52,9.74,--,0,0,买盘
1423,11:12:47,9.74,--,312,303888,买盘
1424,11:12:42,9.74,--,229,223046,买盘
1425,11:12:32,9.74,0.01,7,6818,买盘
1426,11:12:21,9.73,-0.01,15,14595,卖盘
1427,11:12:17,9.74,0.01,12,11688,买盘
1428,11:12:11,9.73,-0.01,76,73948,卖盘
1429,11:12:06,9.74,0.01,10,9740,买盘
1430,11:11:57,9.73,--,56,54488,买盘
1431,11:11:51,9.73,--,1,973,买盘
1432,11:11:47,9.73,--,5,4865,买盘
1433,11:11:42,9.73,--,38,36974,买盘
1434,11:11:36,9.73,--,7,6811,买盘
1435,11:11:32,9.73,--,53,51569,买盘
1436,11:11:27,9.73,--,8,7784,买盘
1437,11:11:12,9.73,0.01,98,95354,买盘
1438,11:10:57,9.72,--,20,19440,卖盘
1439,11:10:51,9.72,-0.01,15,14580,卖盘
1440,11:10:46,9.73,0.01,106,103138,买盘
1441,11:10:42,9.72,--,15,14580,卖盘
1442,11:10:36,9.72,0.01,20,19440,卖盘
1443,11:10:32,9.71,--,121,117491,卖盘
1444,11:10:27,9.71,-0.01,3,2913,卖盘
1445,11:10:16,9.72,--,20,19440,买盘
1446,11:10:12,9.72,--,30,29160,买盘
1447,11:09:57,9.72,--,116,112752,卖盘
1448,11:09:46,9.72,--,10,9720,买盘
1449,11:09:41,9.72,0.01,2,1944,买盘
1450,11:09:26,9.71,-0.01,3,2913,卖盘
1451,11:09:21,9.72,0.01,5,4860,买盘
1452,11:09:11,9.71,0.02,44,42724,卖盘
1453,11:09:06,9.69,--,0,0,卖盘
1454,11:09:01,9.69,-0.02,233,225777,卖盘
1455,11:08:56,9.71,0.01,38,36898,买盘
1456,11:08:46,9.7,-0.01,20,19400,卖盘
1457,11:08:41,9.71,-0.01,2,1942,中性盘
1458,11:08:36,9.72,0.02,5,4860,买盘
1459,11:08:26,9.7,--,29,28129,卖盘
1460,11:08:16,9.7,--,52,50439,卖盘
1461,11:08:11,9.7,-0.02,36,34920,卖盘
1462,11:08:01,9.72,--,5,4860,买盘
1463,11:07:56,9.72,0.01,7,6804,买盘
1464,11:07:46,9.71,--,40,38840,买盘
1465,11:07:41,9.71,--,145,140795,买盘
1466,11:07:31,9.71,0.01,16,15536,买盘
1467,11:07:20,9.7,--,1,969,卖盘
1468,11:07:11,9.7,--,64,62079,卖盘
1469,11:07:06,9.7,--,37,36675,卖盘
1470,11:06:56,9.7,--,94,91180,买盘
1471,11:06:51,9.7,--,30,29099,买盘
1472,11:06:41,9.7,--,23,22310,卖盘
1473,11:06:36,9.7,--,9,8730,卖盘
1474,11:06:31,9.7,--,5,4850,买盘
1475,11:06:26,9.7,0.01,15,14549,买盘
1476,11:06:21,9.69,--,7,6783,卖盘
1477,11:06:11,9.69,-0.01,294,284886,卖盘
1478,11:06:06,9.7,--,64,62079,中性盘
1479,11:06:01,9.7,--,7,6789,卖盘
1480,11:05:56,9.7,--,60,58199,买盘
1481,11:05:51,9.7,--,14,13579,买盘
1482,11:05:46,9.7,--,40,38800,买盘
1483,11:05:41,9.7,0.01,211,204669,买盘
1484,11:05:30,9.69,--,58,56202,卖盘
1485,11:05:26,9.69,--,419,406146,买盘
1486,11:05:21,9.69,--,18,17442,买盘
1487,11:05:14,9.69,0.01,10,9690,买盘
1488,11:05:11,9.68,--,146,141328,卖盘
1489,11:05:06,9.68,-0.01,222,214896,卖盘
1490,11:05:00,9.69,--,5,4845,买盘
1491,11:04:56,9.69,--,35,33915,买盘
1492,11:04:50,9.69,--,36,34884,买盘
1493,11:04:44,9.69,--,15,14535,买盘
1494,11:04:41,9.69,--,331,320739,买盘
1495,11:04:35,9.69,--,26,25678,买盘
1496,11:04:29,9.69,--,9,8721,买盘
1497,11:04:26,9.69,--,20,19380,买盘
1498,11:04:20,9.69,-0.01,46,44632,卖盘
1499,11:04:14,9.7,--,2,1939,卖盘
1500,11:04:10,9.7,0.01,46,45531,买盘
1501,11:04:05,9.69,-0.01,1013,981655,卖盘
1502,11:03:59,9.7,--,19,18430,卖盘
1503,11:03:55,9.7,--,41,39770,买盘
1504,11:03:51,9.7,-0.01,23,22310,卖盘
1505,11:03:40,9.71,0.02,43,41753,买盘
1506,11:03:35,9.69,--,40,38760,卖盘
1507,11:03:29,9.69,-0.01,28,27132,卖盘
1508,11:03:21,9.7,--,95,92150,卖盘
1509,11:03:14,9.7,--,22,21340,买盘
1510,11:03:10,9.7,-0.01,33,32009,卖盘
1511,11:03:05,9.71,--,67,65057,买盘
1512,11:02:55,9.71,0.01,34,33014,买盘
1513,11:02:40,9.7,--,16,16431,买盘
1514,11:02:35,9.7,--,18,17460,买盘
1515,11:02:29,9.7,-0.01,660,640258,卖盘
1516,11:02:20,9.71,0.01,35,33985,买盘
1517,11:02:14,9.7,--,52,50439,卖盘
1518,11:02:10,9.7,-0.01,214,207579,卖盘
1519,11:02:05,9.71,--,8,7768,买盘
1520,11:01:59,9.71,0.01,71,68941,买盘
1521,11:01:55,9.7,-0.01,230,223099,卖盘
1522,11:01:44,9.71,--,25,24275,买盘
1523,11:01:40,9.71,0.01,25,24275,卖盘
1524,11:01:35,9.7,-0.02,273,265712,卖盘
1525,11:01:29,9.72,--,5,4860,买盘
1526,11:01:20,9.72,0.01,116,112752,买盘
1527,11:01:10,9.71,--,46,44666,卖盘
1528,11:01:05,9.71,--,11,10681,卖盘
1529,11:00:59,9.71,0.01,5,4855,买盘
1530,11:00:55,9.7,--,0,0,卖盘
1531,11:00:50,9.7,-0.02,30,29099,卖盘
1532,11:00:40,9.72,0.01,2,1944,买盘
1533,11:00:29,9.71,0.01,1,971,中性盘
1534,11:00:20,9.7,-0.01,274,265780,卖盘
1535,11:00:10,9.71,-0.02,26,25246,卖盘
1536,11:00:05,9.73,--,0,0,买盘
1537,10:59:59,9.73,0.02,4,3892,买盘
1538,10:59:50,9.71,-0.02,41,39811,卖盘
1539,10:59:44,9.73,0.02,39,37947,中性盘
1540,10:59:40,9.71,-0.02,22,21362,卖盘
1541,10:59:29,9.73,0.02,197,191690,买盘
1542,10:59:25,9.71,--,17,16507,买盘
1543,10:59:20,9.71,--,47,45637,卖盘
1544,10:59:14,9.71,-0.02,159,154389,卖盘
1545,10:59:10,9.73,0.01,200,194600,买盘
1546,10:59:05,9.72,--,414,402408,买盘
1547,10:58:59,9.72,0.01,11,10692,买盘
1548,10:58:55,9.71,--,5,4855,卖盘
1549,10:58:50,9.71,-0.02,21,20391,卖盘
1550,10:58:44,9.73,--,121,117733,买盘
1551,10:58:38,9.73,0.03,40,38920,买盘
1552,10:58:35,9.7,-0.03,97,94090,卖盘
1553,10:58:29,9.73,0.02,16,15568,买盘
1554,10:58:20,9.71,-0.02,98,95158,卖盘
1555,10:58:14,9.73,--,454,441742,买盘
1556,10:58:08,9.73,0.02,11,10703,买盘
1557,10:58:04,9.71,--,0,0,卖盘
1558,10:57:59,9.71,-0.02,101,98071,卖盘
1559,10:57:53,9.73,--,2,1946,买盘
1560,10:57:49,9.73,0.02,25,24325,买盘
1561,10:57:35,9.71,--,201,195171,卖盘
1562,10:57:29,9.71,-0.02,70,67970,卖盘
1563,10:57:19,9.73,0.02,97,94381,买盘
1564,10:57:08,9.71,--,26,25246,卖盘
1565,10:56:59,9.71,--,9,8739,买盘
1566,10:56:53,9.71,0.01,62,60202,买盘
1567,10:56:49,9.7,-0.01,99,96030,卖盘
1568,10:56:44,9.71,--,326,316546,买盘
1569,10:56:34,9.71,--,16,15536,买盘
1570,10:56:29,9.71,--,72,69912,卖盘
1571,10:56:19,9.71,0.01,7,6797,卖盘
1572,10:56:14,9.7,-0.01,109,105729,卖盘
1573,10:56:08,9.71,0.01,30,29130,买盘
1574,10:56:04,9.7,-0.01,86,83420,卖盘
1575,10:55:59,9.71,0.01,13,12623,买盘
1576,10:55:53,9.7,--,0,0,卖盘
1577,10:55:49,9.7,--,8,7759,卖盘
1578,10:55:44,9.7,--,25,24250,卖盘
1579,10:55:38,9.7,--,100,97000,卖盘
1580,10:55:34,9.7,-0.01,244,236679,卖盘
1581,10:55:29,9.71,--,25,24275,卖盘
1582,10:55:23,9.71,-0.01,1,971,卖盘
1583,10:55:14,9.72,--,12,11664,卖盘
1584,10:55:08,9.72,--,26,25272,卖盘
1585,10:55:04,9.72,--,104,101088,卖盘
1586,10:54:59,9.72,--,160,155520,卖盘
1587,10:54:53,9.72,--,104,101088,卖盘
1588,10:54:44,9.72,--,7,6804,卖盘
1589,10:54:38,9.72,--,54,52488,卖盘
1590,10:54:34,9.72,-0.01,5,4860,卖盘
1591,10:54:29,9.73,0.01,4,3892,买盘
1592,10:54:23,9.72,--,88,85536,卖盘
1593,10:54:19,9.72,-0.01,71,69012,卖盘
1594,10:54:14,9.73,0.01,102,99246,买盘
1595,10:54:08,9.72,-0.01,49,47628,卖盘
1596,10:54:04,9.73,--,4,3892,买盘
1597,10:53:59,9.73,--,5,4865,买盘
1598,10:53:53,9.73,0.01,9,8757,买盘
1599,10:53:49,9.72,-0.01,5,4860,卖盘
1600,10:53:44,9.73,0.01,146,142058,中性盘
1601,10:53:38,9.72,-0.02,12,11664,卖盘
1602,10:53:34,9.74,0.02,15,14610,买盘
1603,10:53:29,9.72,-0.02,90,87480,卖盘
1604,10:53:23,9.74,0.03,15,14610,买盘
1605,10:53:19,9.71,--,4,3884,卖盘
1606,10:53:13,9.71,0.01,35,33985,中性盘
1607,10:53:08,9.7,-0.01,234,226979,卖盘
1608,10:53:04,9.71,-0.01,62,60202,卖盘
1609,10:52:59,9.72,--,27,26244,卖盘
1610,10:52:44,9.72,0.01,3,2916,买盘
1611,10:52:38,9.71,-0.01,17,16507,卖盘
1612,10:52:34,9.72,0.01,9,8748,买盘
1613,10:52:29,9.71,0.01,26,26003,买盘
1614,10:52:18,9.7,-0.01,143,138710,卖盘
1615,10:52:14,9.71,--,54,52647,卖盘
1616,10:52:08,9.71,--,20,19420,卖盘
1617,10:52:04,9.71,--,0,0,卖盘
1618,10:51:58,9.71,--,113,110480,卖盘
1619,10:51:53,9.71,-0.01,21,20391,卖盘
1620,10:51:49,9.72,--,4,3888,买盘
1621,10:51:43,9.72,--,115,111780,买盘
1622,10:51:38,9.72,--,110,106920,买盘
1623,10:51:32,9.72,0.01,18,17496,买盘
1624,10:51:28,9.71,-0.01,13,12623,卖盘
1625,10:51:23,9.72,0.01,21,20412,买盘
1626,10:51:17,9.71,--,18,17478,买盘
1627,10:51:14,9.71,0.01,8,7768,买盘
1628,10:51:08,9.7,-0.01,61,59169,卖盘
1629,10:51:02,9.71,-0.01,91,88361,卖盘
1630,10:50:58,9.72,0.01,10,9720,买盘
1631,10:50:53,9.71,-0.01,34,33014,卖盘
1632,10:50:38,9.72,0.01,10,9720,买盘
1633,10:50:32,9.71,--,18,17478,卖盘
1634,10:50:28,9.71,0.01,157,152447,卖盘
1635,10:50:23,9.7,-0.01,89,86330,卖盘
1636,10:50:13,9.71,--,2,1942,卖盘
1637,10:50:08,9.71,--,38,36898,卖盘
1638,10:50:02,9.71,--,20,19420,卖盘
1639,10:49:53,9.71,-0.01,80,77680,卖盘
1640,10:49:47,9.72,0.01,8,7776,买盘
1641,10:49:43,9.71,-0.01,84,81564,卖盘
1642,10:49:38,9.72,--,16,15552,买盘
1643,10:49:28,9.72,--,10,9720,买盘
1644,10:49:23,9.72,--,10,9720,卖盘
1645,10:49:13,9.72,--,191,185652,卖盘
1646,10:49:08,9.72,--,32,31104,卖盘
1647,10:49:02,9.72,--,12,11664,卖盘
1648,10:48:58,9.72,--,70,68040,卖盘
1649,10:48:53,9.72,--,14,13608,卖盘
1650,10:48:47,9.72,0.01,10,9720,卖盘
1651,10:48:43,9.71,-0.02,69,66999,卖盘
1652,10:48:38,9.73,0.02,152,147896,买盘
1653,10:48:32,9.71,--,97,94187,卖盘
1654,10:48:22,9.71,--,0,0,卖盘
1655,10:48:07,9.71,-0.01,93,90303,卖盘
1656,10:48:02,9.72,--,1,972,卖盘
1657,10:47:58,9.72,--,35,34020,卖盘
1658,10:47:52,9.72,0.01,87,84564,买盘
1659,10:47:47,9.71,-0.01,17,16507,卖盘
1660,10:47:43,9.72,0.01,14,13608,买盘
1661,10:47:37,9.71,--,2,1942,买盘
1662,10:47:32,9.71,--,78,75738,卖盘
1663,10:47:28,9.71,0.01,2,1942,中性盘
1664,10:47:22,9.7,--,4,3879,卖盘
1665,10:47:17,9.7,--,85,82450,卖盘
1666,10:47:13,9.7,--,0,0,卖盘
1667,10:47:07,9.7,--,281,272715,买盘
1668,10:46:58,9.7,--,15,14549,买盘
1669,10:46:52,9.7,-0.04,1279,1241221,卖盘
1670,10:46:47,9.74,--,121,117854,买盘
1671,10:46:43,9.74,--,0,0,买盘
1672,10:46:37,9.74,--,93,90582,买盘
1673,10:46:32,9.74,0.01,12,11688,买盘
1674,10:46:28,9.73,0.01,4,3892,中性盘
1675,10:46:22,9.72,-0.02,17,16524,卖盘
1676,10:46:17,9.74,0.01,43,41882,买盘
1677,10:46:13,9.73,0.01,28,27244,买盘
1678,10:46:07,9.72,0.01,71,69012,卖盘
1679,10:46:02,9.71,--,73,70883,卖盘
1680,10:45:52,9.71,--,7,6797,卖盘
1681,10:45:47,9.71,--,7,6797,卖盘
1682,10:45:43,9.71,--,0,0,卖盘
1683,10:45:37,9.71,-0.01,11,10681,卖盘
1684,10:45:32,9.72,0.01,67,65124,中性盘
1685,10:45:27,9.71,--,78,75738,买盘
1686,10:45:22,9.71,0.01,17,16507,买盘
1687,10:45:17,9.7,-0.05,93,90210,卖盘
1688,10:45:12,9.75,--,9,8775,买盘
1689,10:45:07,9.75,0.04,4,3900,买盘
1690,10:45:02,9.71,-0.04,917,890407,卖盘
1691,10:44:58,9.75,0.01,22,21450,买盘
1692,10:44:52,9.74,-0.01,154,149996,卖盘
1693,10:44:47,9.75,0.01,22,21450,买盘
1694,10:44:41,9.74,-0.01,5,4870,卖盘
1695,10:44:37,9.75,0.02,455,443625,买盘
1696,10:44:32,9.73,-0.01,36,35028,卖盘
1697,10:44:26,9.74,--,4,3896,卖盘
1698,10:44:22,9.74,0.01,98,95452,中性盘
1699,10:44:17,9.73,-0.03,83,80759,卖盘
1700,10:44:11,9.76,--,0,0,买盘
1701,10:44:07,9.76,--,31,30256,买盘
1702,10:43:56,9.76,0.01,1,976,买盘
1703,10:43:52,9.75,0.02,18,17550,买盘
1704,10:43:47,9.73,--,7,6811,卖盘
1705,10:43:37,9.73,-0.03,177,172221,卖盘
1706,10:43:32,9.76,0.03,5,4880,买盘
1707,10:43:22,9.73,-0.01,51,49623,卖盘
1708,10:43:17,9.74,--,33,32142,买盘
1709,10:43:11,9.74,--,3,2922,买盘
1710,10:43:07,9.74,-0.01,325,316550,卖盘
1711,10:42:56,9.75,--,20,19500,买盘
1712,10:42:52,9.75,--,13,12675,买盘
1713,10:42:47,9.75,--,6,5850,买盘
1714,10:42:41,9.75,0.01,6,5850,买盘
1715,10:42:37,9.74,--,10,9740,卖盘
1716,10:42:32,9.74,0.01,1,974,卖盘
1717,10:42:26,9.73,--,0,0,卖盘
1718,10:42:22,9.73,-0.01,159,154707,卖盘
1719,10:42:17,9.74,--,123,119802,买盘
1720,10:42:11,9.74,--,21,20454,买盘
1721,10:42:02,9.74,-0.01,60,58440,卖盘
1722,10:41:56,9.75,--,275,268125,卖盘
1723,10:41:52,9.75,--,268,261300,买盘
1724,10:41:47,9.75,0.01,62,60450,买盘
1725,10:41:41,9.74,--,31,30194,卖盘
1726,10:41:37,9.74,-0.01,1,974,卖盘
1727,10:41:32,9.75,0.01,3,2925,买盘
1728,10:41:26,9.74,--,89,86686,买盘
1729,10:41:22,9.74,--,30,29220,买盘
1730,10:41:17,9.74,0.01,149,145126,买盘
1731,10:41:11,9.73,-0.01,26,25298,卖盘
1732,10:41:07,9.74,0.02,10,9740,买盘
1733,10:41:01,9.72,--,0,0,卖盘
1734,10:40:56,9.72,-0.01,7,6804,卖盘
1735,10:40:52,9.73,--,14,13622,买盘
1736,10:40:46,9.73,0.01,20,19460,买盘
1737,10:40:41,9.72,--,203,197316,卖盘
1738,10:40:37,9.72,-0.01,49,47628,卖盘
1739,10:40:31,9.73,--,16,15568,买盘
1740,10:40:26,9.73,--,27,26271,买盘
1741,10:40:22,9.73,0.01,10,9730,买盘
1742,10:40:16,9.72,--,10,9720,买盘
1743,10:40:11,9.72,0.02,47,45684,买盘
1744,10:40:07,9.7,-0.01,134,129979,卖盘
1745,10:40:01,9.71,--,11,10681,卖盘
1746,10:39:56,9.71,--,58,56318,买盘
1747,10:39:51,9.71,--,45,43695,买盘
1748,10:39:46,9.71,0.01,61,59231,买盘
1749,10:39:41,9.7,-0.01,10,9700,卖盘
1750,10:39:31,9.71,0.01,157,152447,买盘
1751,10:39:22,9.7,0.01,93,90588,买盘
1752,10:39:16,9.69,-0.01,100,96900,卖盘
1753,10:39:11,9.7,--,45,43650,买盘
1754,10:39:06,9.7,0.01,105,101849,买盘
1755,10:39:01,9.69,-0.01,117,113373,卖盘
1756,10:38:56,9.7,0.01,174,168780,买盘
1757,10:38:51,9.69,--,5,4845,卖盘
1758,10:38:46,9.69,-0.01,11,10659,卖盘
1759,10:38:41,9.7,--,21,20370,买盘
1760,10:38:36,9.7,0.01,38,36860,买盘
1761,10:38:31,9.69,-0.01,47,45543,卖盘
1762,10:38:26,9.7,0.01,60,58199,买盘
1763,10:38:21,9.69,-0.01,136,131784,卖盘
1764,10:38:16,9.7,0.01,12,11640,买盘
1765,10:38:11,9.69,--,85,82365,卖盘
1766,10:38:06,9.69,--,11,10659,买盘
1767,10:38:01,9.69,--,125,121125,买盘
1768,10:37:56,9.69,0.01,16,15504,买盘
1769,10:37:51,9.68,-0.01,53,51304,卖盘
1770,10:37:46,9.69,-0.01,152,147288,卖盘
1771,10:37:41,9.7,0.02,49,47530,买盘
1772,10:37:36,9.68,-0.02,22,21296,卖盘
1773,10:37:31,9.7,--,134,129979,买盘
1774,10:37:26,9.7,0.01,250,242499,买盘
1775,10:37:21,9.69,-0.01,22,21318,卖盘
1776,10:37:16,9.7,0.02,36,34920,买盘
1777,10:37:11,9.68,-0.02,157,151976,卖盘
1778,10:37:06,9.7,--,0,0,买盘
1779,10:37:01,9.7,--,199,193030,买盘
1780,10:36:56,9.7,0.02,55,53349,买盘
1781,10:36:50,9.68,-0.02,10,9680,卖盘
1782,10:36:46,9.7,0.02,14,13579,买盘
1783,10:36:41,9.68,-0.02,10,9680,卖盘
1784,10:36:35,9.7,0.02,13,12609,买盘
1785,10:36:31,9.68,--,153,148104,卖盘
1786,10:36:26,9.68,-0.02,70,67760,卖盘
1787,10:36:16,9.7,--,97,94090,买盘
1788,10:36:11,9.7,0.02,321,311370,买盘
1789,10:36:05,9.68,--,42,40656,买盘
1790,10:36:01,9.68,--,837,810216,卖盘
1791,10:35:56,9.68,-0.02,56,54208,卖盘
1792,10:35:50,9.7,0.02,9,8730,买盘
1793,10:35:46,9.68,--,9,8712,卖盘
1794,10:35:41,9.68,--,21,20328,卖盘
1795,10:35:35,9.68,--,38,36784,卖盘
1796,10:35:31,9.68,0.01,34,33270,买盘
1797,10:35:26,9.67,-0.01,304,293968,卖盘
1798,10:35:20,9.68,--,27,26136,买盘
1799,10:35:16,9.68,--,75,72600,买盘
1800,10:35:11,9.68,--,79,76472,买盘
1801,10:35:05,9.68,--,151,146168,买盘
1802,10:35:01,9.68,--,136,131648,买盘
1803,10:34:56,9.68,-0.01,488,472993,卖盘
1804,10:34:50,9.69,-0.01,202,195738,卖盘
1805,10:34:46,9.7,--,0,0,买盘
1806,10:34:41,9.7,0.01,27,26189,买盘
1807,10:34:35,9.69,--,28,27132,卖盘
1808,10:34:31,9.69,-0.01,53,51357,卖盘
1809,10:34:26,9.7,--,2142,2077739,买盘
1810,10:34:20,9.7,--,68,65960,买盘
1811,10:34:16,9.7,--,129,125129,买盘
1812,10:34:11,9.7,--,362,351140,买盘
1813,10:34:05,9.7,--,43,41710,买盘
1814,10:34:01,9.7,--,126,122219,买盘
1815,10:33:56,9.7,--,211,205368,卖盘
1816,10:33:50,9.7,--,4,3879,卖盘
1817,10:33:46,9.7,0.01,439,426208,买盘
1818,10:33:41,9.69,--,78,75582,卖盘
1819,10:33:35,9.69,-0.01,140,135660,卖盘
1820,10:33:31,9.7,--,212,205639,买盘
1821,10:33:26,9.7,--,98,95060,买盘
1822,10:33:20,9.7,-0.01,195,189741,卖盘
1823,10:33:16,9.71,-0.01,17,16507,卖盘
1824,10:33:10,9.72,0.01,34,33048,买盘
1825,10:33:05,9.71,0.01,840,816018,买盘
1826,10:33:01,9.7,-0.01,490,475891,卖盘
1827,10:32:55,9.71,--,49,47579,卖盘
1828,10:32:50,9.71,0.01,365,355279,中性盘
1829,10:32:46,9.7,-0.01,1018,987459,卖盘
1830,10:32:40,9.71,--,43,42238,买盘
1831,10:32:35,9.71,--,586,569491,卖盘
1832,10:32:31,9.71,--,400,388885,卖盘
1833,10:32:25,9.71,-0.01,757,735047,卖盘
1834,10:32:20,9.72,--,5,4860,买盘
1835,10:32:16,9.72,--,117,114210,卖盘
1836,10:32:10,9.72,--,64,62208,卖盘
1837,10:32:05,9.72,-0.01,510,495720,卖盘
1838,10:31:55,9.73,--,38,36974,买盘
1839,10:31:50,9.73,0.01,141,137193,买盘
1840,10:31:46,9.72,-0.01,86,83592,卖盘
1841,10:31:40,9.73,--,50,48650,买盘
1842,10:31:35,9.73,--,9,8757,买盘
1843,10:31:30,9.73,--,8,7784,买盘
1844,10:31:25,9.73,0.01,15,14595,买盘
1845,10:31:20,9.72,-0.01,136,132192,卖盘
1846,10:31:15,9.73,0.01,26,25298,买盘
1847,10:31:10,9.72,--,214,208008,卖盘
1848,10:31:05,9.72,--,31,30132,卖盘
1849,10:30:55,9.72,--,40,39366,买盘
1850,10:30:50,9.72,--,8,7776,买盘
1851,10:30:40,9.72,0.01,100,97200,买盘
1852,10:30:35,9.71,-0.01,155,150505,卖盘
1853,10:30:30,9.72,0.01,162,157464,买盘
1854,10:30:25,9.71,-0.01,302,293727,卖盘
1855,10:30:10,9.72,0.02,280,272646,买盘
1856,10:30:05,9.7,-0.01,97,94090,卖盘
1857,10:30:00,9.71,--,486,471906,卖盘
1858,10:29:55,9.71,--,84,81564,卖盘
1859,10:29:50,9.71,--,10,9710,卖盘
1860,10:29:45,9.71,--,256,248576,买盘
1861,10:29:40,9.71,0.01,21,20391,买盘
1862,10:29:35,9.7,-0.01,16,15519,卖盘
1863,10:29:30,9.71,0.01,6,5826,买盘
1864,10:29:25,9.7,--,268,259959,卖盘
1865,10:29:20,9.7,--,121,117369,卖盘
1866,10:29:15,9.7,-0.01,41,39770,卖盘
1867,10:29:10,9.71,0.01,205,199055,买盘
1868,10:29:05,9.7,-0.01,616,597520,卖盘
1869,10:28:59,9.71,0.01,64,62144,买盘
1870,10:28:55,9.7,-0.01,102,98940,卖盘
1871,10:28:50,9.71,--,88,85448,买盘
1872,10:28:44,9.71,--,30,29130,买盘
1873,10:28:40,9.71,--,172,167012,买盘
1874,10:28:35,9.71,-0.01,298,289358,卖盘
1875,10:28:29,9.72,--,97,94284,买盘
1876,10:28:25,9.72,--,40,38880,买盘
1877,10:28:20,9.72,-0.01,189,183708,卖盘
1878,10:28:14,9.73,--,2,1946,卖盘
1879,10:28:10,9.73,--,30,29190,卖盘
1880,10:28:05,9.73,--,392,381416,买盘
1881,10:27:59,9.73,--,60,58380,买盘
1882,10:27:55,9.73,--,5,4865,买盘
1883,10:27:50,9.73,--,517,503041,买盘
1884,10:27:44,9.73,--,14,13622,买盘
1885,10:27:40,9.73,--,94,91462,买盘
1886,10:27:35,9.73,--,69,67137,买盘
1887,10:27:29,9.73,--,23,22379,买盘
1888,10:27:25,9.73,-0.01,24,23352,卖盘
1889,10:27:20,9.74,--,24,23376,买盘
1890,10:27:14,9.74,0.01,1,974,买盘
1891,10:27:10,9.73,--,26,25298,卖盘
1892,10:27:05,9.73,0.01,108,105084,买盘
1893,10:26:59,9.72,--,28,27216,卖盘
1894,10:26:55,9.72,--,63,61236,卖盘
1895,10:26:44,9.72,--,712,692064,买盘
1896,10:26:40,9.72,0.02,15,14580,买盘
1897,10:26:35,9.7,-0.01,253,245409,卖盘
1898,10:26:29,9.71,--,111,107781,卖盘
1899,10:26:25,9.71,--,4,3884,卖盘
1900,10:26:20,9.71,--,67,65057,卖盘
1901,10:26:10,9.71,--,36,34956,卖盘
1902,10:26:05,9.71,--,10,9710,卖盘
1903,10:25:59,9.71,0.01,16,15536,卖盘
1904,10:25:55,9.7,-0.02,72,69840,卖盘
1905,10:25:50,9.72,--,31,30132,买盘
1906,10:25:44,9.72,0.01,160,155520,买盘
1907,10:25:40,9.71,--,17,16507,买盘
1908,10:25:35,9.71,--,109,105839,买盘
1909,10:25:29,9.71,--,84,81564,买盘
1910,10:25:25,9.71,--,38,36898,卖盘
1911,10:25:19,9.71,-0.02,95,92245,卖盘
1912,10:25:14,9.73,0.02,107,104111,买盘
1913,10:25:10,9.71,-0.01,68,66028,卖盘
1914,10:25:04,9.72,--,1046,1016712,卖盘
1915,10:24:59,9.72,--,5,4860,卖盘
1916,10:24:55,9.72,-0.01,13,12636,卖盘
1917,10:24:49,9.73,0.01,18,17514,买盘
1918,10:24:44,9.72,--,73,70956,卖盘
1919,10:24:34,9.72,-0.01,80,77760,卖盘
1920,10:24:29,9.73,--,131,127463,卖盘
1921,10:24:24,9.73,--,8,7784,卖盘
1922,10:24:19,9.73,-0.01,40,38920,卖盘
1923,10:24:14,9.74,--,81,78894,买盘
1924,10:24:09,9.74,0.01,49,47726,买盘
1925,10:24:04,9.73,--,90,87570,卖盘
1926,10:23:59,9.73,-0.01,71,69083,卖盘
1927,10:23:54,9.74,--,20,19480,卖盘
1928,10:23:49,9.74,--,311,302914,卖盘
1929,10:23:44,9.74,--,200,194800,卖盘
1930,10:23:39,9.74,--,323,314602,卖盘
1931,10:23:34,9.74,-0.01,426,414924,卖盘
1932,10:23:29,9.75,--,89,86775,买盘
1933,10:23:24,9.75,0.01,10,9750,买盘
1934,10:23:19,9.74,-0.02,82,79868,卖盘
1935,10:23:14,9.76,0.01,80,78080,买盘
1936,10:23:04,9.75,--,482,469950,卖盘
1937,10:22:59,9.75,-0.01,117,114075,卖盘
1938,10:22:54,9.76,0.01,15,14640,买盘
1939,10:22:49,9.75,-0.01,148,144300,卖盘
1940,10:22:44,9.76,--,71,69296,买盘
1941,10:22:39,9.76,0.01,79,77104,买盘
1942,10:22:34,9.75,--,188,183300,卖盘
1943,10:22:29,9.75,-0.01,25,24375,卖盘
1944,10:22:24,9.76,--,80,78080,买盘
1945,10:22:19,9.76,--,123,120048,买盘
1946,10:22:14,9.76,--,58,56608,买盘
1947,10:22:09,9.76,0.01,150,146400,买盘
1948,10:22:04,9.75,--,111,108225,卖盘
1949,10:21:59,9.75,--,30,29250,卖盘
1950,10:21:54,9.75,-0.01,13,12675,卖盘
1951,10:21:49,9.76,0.01,91,88816,买盘
1952,10:21:44,9.75,--,3,2925,卖盘
1953,10:21:39,9.75,--,62,60450,买盘
1954,10:21:34,9.75,0.01,64,62400,买盘
1955,10:21:29,9.74,-0.01,440,428560,卖盘
1956,10:21:24,9.75,0.01,233,227175,买盘
1957,10:21:19,9.74,-0.01,21,20454,卖盘
1958,10:21:14,9.75,0.01,7,6825,买盘
1959,10:21:09,9.74,--,101,98374,卖盘
1960,10:21:04,9.74,--,114,111036,买盘
1961,10:20:59,9.74,0.01,89,86686,买盘
1962,10:20:53,9.73,--,75,72975,卖盘
1963,10:20:49,9.73,-0.01,21,20433,卖盘
1964,10:20:44,9.74,--,15,14610,买盘
1965,10:20:38,9.74,--,27,26298,买盘
1966,10:20:34,9.74,0.01,174,169476,买盘
1967,10:20:29,9.73,-0.01,116,112868,卖盘
1968,10:20:23,9.74,--,771,750954,买盘
1969,10:20:19,9.74,--,63,61362,买盘
1970,10:20:14,9.74,0.01,46,44804,买盘
1971,10:20:08,9.73,--,34,33082,卖盘
1972,10:20:04,9.73,--,10,9730,卖盘
1973,10:19:59,9.73,0.01,257,250061,买盘
1974,10:19:53,9.72,--,15,14580,卖盘
1975,10:19:49,9.72,0.01,20,19440,卖盘
1976,10:19:44,9.71,--,204,198084,卖盘
1977,10:19:38,9.71,--,63,61173,卖盘
1978,10:19:34,9.71,-0.01,2,1942,卖盘
1979,10:19:29,9.72,-0.01,18,17496,卖盘
1980,10:19:23,9.73,0.01,200,194600,买盘
1981,10:19:19,9.72,-0.01,105,102060,卖盘
1982,10:19:14,9.73,0.01,27,26271,买盘
1983,10:19:08,9.72,--,87,84564,卖盘
1984,10:19:04,9.72,-0.01,7,6804,卖盘
1985,10:18:59,9.73,--,58,56434,卖盘
1986,10:18:53,9.73,0.02,53,51569,中性盘
1987,10:18:49,9.71,-0.03,73,70883,卖盘
1988,10:18:44,9.74,0.01,32,31168,买盘
1989,10:18:38,9.73,--,96,93408,买盘
1990,10:18:34,9.73,0.01,167,162491,买盘
1991,10:18:29,9.72,--,75,72900,卖盘
1992,10:18:23,9.72,0.01,21,20412,中性盘
1993,10:18:19,9.71,-0.02,113,109723,卖盘
1994,10:18:14,9.73,0.02,75,72975,买盘
1995,10:18:08,9.71,-0.01,94,91274,卖盘
1996,10:18:04,9.72,0.02,4,3888,买盘
1997,10:17:59,9.7,-0.01,61,59169,卖盘
1998,10:17:53,9.71,-0.01,117,113607,卖盘
1999,10:17:48,9.72,0.02,15,14580,买盘
2000,10:17:44,9.7,--,465,451049,卖盘
2001,10:17:38,9.7,-0.01,418,405459,卖盘
2002,10:17:34,9.71,--,270,262170,买盘
2003,10:17:29,9.71,0.01,126,122346,卖盘
2004,10:17:23,9.7,-0.01,234,226979,卖盘
2005,10:17:18,9.71,-0.01,30,29130,卖盘
2006,10:17:13,9.72,--,711,691092,买盘
2007,10:17:08,9.72,0.01,13,12636,买盘
2008,10:17:03,9.71,--,35,33985,卖盘
2009,10:16:58,9.71,-0.01,127,123317,卖盘
2010,10:16:53,9.72,-0.01,954,927288,卖盘
2011,10:16:48,9.73,0.01,48,46704,买盘
2012,10:16:43,9.72,-0.03,310,301320,卖盘
2013,10:16:38,9.75,0.01,45,43875,买盘
2014,10:16:33,9.74,--,45,43830,卖盘
2015,10:16:28,9.74,--,124,120776,买盘
2016,10:16:23,9.74,--,45,43830,卖盘
2017,10:16:18,9.74,--,47,45778,买盘
2018,10:16:13,9.74,--,159,154866,卖盘
2019,10:16:08,9.74,0.01,70,68180,买盘
2020,10:16:03,9.73,--,53,52415,卖盘
2021,10:15:58,9.73,--,55,53515,卖盘
2022,10:15:52,9.73,-0.01,213,207249,卖盘
2023,10:15:48,9.74,0.01,104,101296,买盘
2024,10:15:43,9.73,-0.01,202,196672,卖盘
2025,10:15:38,9.74,-0.02,93,90582,卖盘
2026,10:15:33,9.76,0.01,30,29280,买盘
2027,10:15:28,9.75,-0.01,409,398775,卖盘
2028,10:15:23,9.76,-0.01,89,86864,卖盘
2029,10:15:18,9.77,0.01,94,91838,买盘
2030,10:15:13,9.76,-0.01,97,94672,卖盘
2031,10:15:08,9.77,--,203,198331,卖盘
2032,10:15:03,9.77,-0.01,61,59597,卖盘
2033,10:14:58,9.78,0.01,85,83130,买盘
2034,10:14:53,9.77,--,7,6839,卖盘
2035,10:14:48,9.77,0.01,400,390800,买盘
2036,10:14:43,9.76,--,302,295601,卖盘
2037,10:14:38,9.76,0.01,22,21472,卖盘
2038,10:14:33,9.75,--,235,229125,卖盘
2039,10:14:28,9.75,--,71,69225,卖盘
2040,10:14:23,9.75,-0.01,68,66300,卖盘
2041,10:14:18,9.76,0.01,97,94672,买盘
2042,10:14:07,9.75,--,346,337350,买盘
2043,10:14:03,9.75,--,82,79950,买盘
2044,10:13:58,9.75,--,29,28275,买盘
2045,10:13:53,9.75,0.02,81,78975,买盘
2046,10:13:48,9.73,--,663,645099,卖盘
2047,10:13:43,9.73,-0.01,131,127463,卖盘
2048,10:13:37,9.74,--,90,88137,买盘
2049,10:13:33,9.74,--,193,187982,买盘
2050,10:13:28,9.74,0.02,178,173372,买盘
2051,10:13:23,9.72,-0.01,187,181764,卖盘
2052,10:13:18,9.73,--,688,669424,卖盘
2053,10:13:13,9.73,--,41,39893,卖盘
2054,10:13:08,9.73,-0.01,228,221844,卖盘
2055,10:13:01,9.74,0.02,141,137334,买盘
2056,10:12:58,9.72,--,291,282852,卖盘
2057,10:12:52,9.72,-0.02,25,24300,卖盘
2058,10:12:46,9.74,0.03,410,399340,买盘
2059,10:12:43,9.71,--,0,0,卖盘
2060,10:12:38,9.71,--,85,82535,卖盘
2061,10:12:32,9.71,--,65,63115,卖盘
2062,10:12:28,9.71,0.01,52,50492,买盘
2063,10:12:23,9.7,--,133,129009,卖盘
2064,10:12:16,9.7,0.02,339,328830,中性盘
2065,10:12:13,9.68,-0.04,1969,1906243,卖盘
2066,10:12:08,9.72,0.02,1254,1218888,买盘
2067,10:12:01,9.7,--,1660,1610199,卖盘
2068,10:11:58,9.7,--,37,35890,卖盘
2069,10:11:52,9.7,-0.01,417,404489,卖盘
2070,10:11:46,9.71,0.02,551,535021,买盘
2071,10:11:43,9.69,-0.02,135,130815,卖盘
2072,10:11:37,9.71,--,202,196142,买盘
2073,10:11:31,9.71,-0.01,203,197113,卖盘
2074,10:11:27,9.72,0.01,61,59292,买盘
2075,10:11:22,9.71,-0.02,1038,1007898,卖盘
2076,10:11:16,9.73,--,76,73948,买盘
2077,10:11:12,9.73,0.03,59,57407,中性盘
2078,10:11:07,9.7,-0.03,356,345320,卖盘
2079,10:11:01,9.73,-0.01,1837,1787401,卖盘
2080,10:10:57,9.74,0.01,12,11688,买盘
2081,10:10:52,9.73,-0.02,193,187789,卖盘
2082,10:10:46,9.75,0.02,467,455325,买盘
2083,10:10:42,9.73,-0.01,256,249088,卖盘
2084,10:10:37,9.74,-0.01,864,841536,卖盘
2085,10:10:31,9.75,--,191,186225,卖盘
2086,10:10:27,9.75,--,22,21450,卖盘
2087,10:10:22,9.75,-0.01,219,213525,卖盘
2088,10:10:16,9.76,-0.01,340,331840,卖盘
2089,10:10:12,9.77,--,80,78160,买盘
2090,10:10:07,9.77,--,263,256951,卖盘
2091,10:10:01,9.77,-0.01,284,277468,卖盘
2092,10:09:57,9.78,--,20,19560,买盘
2093,10:09:52,9.78,--,317,310026,买盘
2094,10:09:46,9.78,-0.01,1056,1032767,卖盘
2095,10:09:37,9.79,--,20,19580,买盘
2096,10:09:31,9.79,--,204,200440,卖盘
2097,10:09:22,9.79,-0.02,14,13705,卖盘
2098,10:09:16,9.81,0.02,102,100062,买盘
2099,10:09:12,9.79,--,63,61676,卖盘
2100,10:09:07,9.79,-0.01,249,243770,卖盘
2101,10:09:01,9.8,--,34,33320,卖盘
2102,10:08:57,9.8,--,50,49000,卖盘
2103,10:08:52,9.8,--,11,10780,卖盘
2104,10:08:46,9.8,--,5,4900,卖盘
2105,10:08:42,9.8,0.01,44,43120,买盘
2106,10:08:37,9.79,-0.01,139,136081,卖盘
2107,10:08:31,9.8,--,123,120540,买盘
2108,10:08:27,9.8,--,5,4900,买盘
2109,10:08:22,9.8,--,71,69580,买盘
2110,10:08:16,9.8,--,96,94080,卖盘
2111,10:08:12,9.8,--,8,7840,卖盘
2112,10:08:07,9.8,--,251,245980,卖盘
2113,10:08:01,9.8,--,163,159740,卖盘
2114,10:07:57,9.8,--,68,66640,买盘
2115,10:07:52,9.8,--,140,137200,买盘
2116,10:07:46,9.8,0.01,20,19600,买盘
2117,10:07:42,9.79,-0.01,192,187967,卖盘
2118,10:07:37,9.8,-0.01,607,594860,卖盘
2119,10:07:31,9.81,0.01,10,9810,买盘
2120,10:07:27,9.8,--,143,140140,卖盘
2121,10:07:16,9.8,-0.02,227,222460,卖盘
2122,10:07:12,9.82,0.01,24,23568,买盘
2123,10:07:07,9.81,--,4,3924,卖盘
2124,10:07:01,9.81,-0.01,72,70632,中性盘
2125,10:06:57,9.82,0.01,37,36334,买盘
2126,10:06:52,9.81,--,147,144207,卖盘
2127,10:06:46,9.81,-0.01,360,353160,卖盘
2128,10:06:42,9.82,0.01,114,111948,买盘
2129,10:06:37,9.81,0.01,17,16677,卖盘
2130,10:06:31,9.8,-0.01,292,286160,卖盘
2131,10:06:27,9.81,--,212,207972,买盘
2132,10:06:22,9.81,--,30,29430,买盘
2133,10:06:16,9.81,-0.01,195,191295,卖盘
2134,10:06:12,9.82,--,89,87398,买盘
2135,10:06:07,9.82,--,60,58920,买盘
2136,10:06:01,9.82,0.01,15,14730,买盘
2137,10:05:57,9.81,-0.01,54,52974,卖盘
2138,10:05:52,9.82,0.02,15,14730,买盘
2139,10:05:46,9.8,-0.02,410,401800,卖盘
2140,10:05:42,9.82,--,551,541082,卖盘
2141,10:05:37,9.82,-0.01,5,4910,卖盘
2142,10:05:31,9.83,--,189,185787,买盘
2143,10:05:25,9.83,0.01,5,4915,买盘
2144,10:05:22,9.82,--,1,982,卖盘
2145,10:05:16,9.82,-0.01,69,67758,卖盘
2146,10:05:10,9.83,0.01,78,76674,买盘
2147,10:05:07,9.82,--,155,152210,卖盘
2148,10:05:01,9.82,--,7,6874,卖盘
2149,10:04:55,9.82,--,124,121768,卖盘
2150,10:04:52,9.82,0.02,218,214076,中性盘
2151,10:04:46,9.8,-0.02,378,370440,卖盘
2152,10:04:40,9.82,0.01,68,66776,买盘
2153,10:04:36,9.81,-0.02,22,21582,卖盘
2154,10:04:31,9.83,--,9,8847,买盘
2155,10:04:25,9.83,--,173,170059,买盘
2156,10:04:16,9.83,0.02,3,2949,买盘
2157,10:04:10,9.81,0.01,64,62784,卖盘
2158,10:04:07,9.8,-0.02,792,776160,卖盘
2159,10:04:01,9.82,--,129,126678,买盘
2160,10:03:55,9.82,0.01,152,149264,买盘
2161,10:03:51,9.81,--,31,30411,卖盘
2162,10:03:46,9.81,--,187,183447,卖盘
2163,10:03:40,9.81,0.01,216,211896,买盘
2164,10:03:36,9.8,--,7,6860,卖盘
2165,10:03:31,9.8,--,76,74480,卖盘
2166,10:03:25,9.8,-0.01,111,108780,卖盘
2167,10:03:21,9.81,0.01,47,46107,买盘
2168,10:03:16,9.8,--,265,259700,卖盘
2169,10:03:10,9.8,--,125,122500,卖盘
2170,10:03:06,9.8,--,2,1960,卖盘
2171,10:03:01,9.8,--,271,265580,卖盘
2172,10:02:51,9.8,-0.01,11,10780,卖盘
2173,10:02:46,9.81,0.01,80,78480,买盘
2174,10:02:40,9.8,-0.01,255,249900,卖盘
2175,10:02:36,9.81,0.01,10,9810,买盘
2176,10:02:31,9.8,--,28,27440,卖盘
2177,10:02:25,9.8,--,32,31360,卖盘
2178,10:02:21,9.8,--,10,9800,卖盘
2179,10:02:16,9.8,-0.01,315,308700,卖盘
2180,10:02:10,9.81,0.01,37,36297,买盘
2181,10:02:01,9.8,-0.01,261,255780,卖盘
2182,10:01:55,9.81,--,31,30411,买盘
2183,10:01:51,9.81,--,6,5886,买盘
2184,10:01:46,9.81,0.01,70,68670,买盘
2185,10:01:40,9.8,-0.01,7,6860,卖盘
2186,10:01:36,9.81,-0.01,417,409077,卖盘
2187,10:01:31,9.82,--,496,487072,买盘
2188,10:01:25,9.82,--,52,51064,买盘
2189,10:01:21,9.82,--,45,44190,买盘
2190,10:01:16,9.82,0.01,12,11784,买盘
2191,10:01:10,9.81,--,202,198162,卖盘
2192,10:01:06,9.81,--,39,38259,卖盘
2193,10:01:01,9.81,--,0,0,卖盘
2194,10:00:51,9.81,-0.01,689,675909,卖盘
2195,10:00:40,9.82,0.01,164,161048,买盘
2196,10:00:36,9.81,--,24,23544,卖盘
2197,10:00:25,9.81,0.01,619,607239,买盘
2198,10:00:21,9.8,--,96,94080,卖盘
2199,10:00:15,9.8,-0.01,11,10780,卖盘
2200,10:00:10,9.81,--,28,27468,卖盘
2201,10:00:06,9.81,0.01,37,36297,中性盘
2202,10:00:01,9.8,-0.02,51,49980,卖盘
2203,09:59:55,9.82,0.02,104,102128,买盘
2204,09:59:51,9.8,-0.01,1277,1251460,卖盘
2205,09:59:45,9.81,--,42,41202,卖盘
2206,09:59:40,9.81,-0.01,50,49050,卖盘
2207,09:59:36,9.82,--,2,1964,买盘
2208,09:59:30,9.82,--,25,24550,买盘
2209,09:59:25,9.82,-0.01,24,23568,买盘
2210,09:59:21,9.83,--,0,0,买盘
2211,09:59:15,9.83,0.01,703,691049,买盘
2212,09:59:10,9.82,--,27,26514,卖盘
2213,09:59:06,9.82,--,122,119804,卖盘
2214,09:59:00,9.82,--,5,4910,卖盘
2215,09:58:55,9.82,--,53,52046,卖盘
2216,09:58:51,9.82,--,25,24550,卖盘
2217,09:58:45,9.82,--,8,7856,卖盘
2218,09:58:40,9.82,-0.01,12,11784,卖盘
2219,09:58:36,9.83,0.01,116,114028,买盘
2220,09:58:30,9.82,-0.01,25,24550,卖盘
2221,09:58:25,9.83,0.01,3,2949,买盘
2222,09:58:21,9.82,-0.01,53,52046,卖盘
2223,09:58:15,9.83,--,340,334220,卖盘
2224,09:58:10,9.83,-0.01,56,55048,卖盘
2225,09:58:06,9.84,0.01,195,191880,买盘
2226,09:57:55,9.83,--,128,125824,卖盘
2227,09:57:51,9.83,--,418,410894,买盘
2228,09:57:45,9.83,0.01,60,58980,买盘
2229,09:57:40,9.82,--,27,26514,卖盘
2230,09:57:36,9.82,--,75,73650,卖盘
2231,09:57:30,9.82,0.01,123,120786,买盘
2232,09:57:25,9.81,-0.01,99,97119,卖盘
2233,09:57:19,9.82,0.01,284,278888,买盘
2234,09:57:15,9.81,--,27,26487,卖盘
2235,09:57:10,9.81,--,93,91233,买盘
2236,09:57:04,9.81,--,118,115758,卖盘
2237,09:57:00,9.81,-0.01,39,38259,卖盘
2238,09:56:55,9.82,0.01,107,105074,买盘
2239,09:56:49,9.81,-0.01,27,26487,卖盘
2240,09:56:45,9.82,0.01,2,1964,买盘
2241,09:56:40,9.81,-0.01,5,4905,卖盘
2242,09:56:34,9.82,0.01,38,37316,买盘
2243,09:56:30,9.81,--,18,17658,买盘
2244,09:56:25,9.81,-0.01,624,612144,中性盘
2245,09:56:19,9.82,0.02,133,130606,买盘
2246,09:56:15,9.8,-0.02,500,490000,卖盘
2247,09:56:10,9.82,--,28,27496,买盘
2248,09:56:04,9.82,--,490,481180,买盘
2249,09:56:00,9.82,--,10,9820,买盘
2250,09:55:55,9.82,-0.01,13,12766,卖盘
2251,09:55:49,9.83,--,51,50133,买盘
2252,09:55:45,9.83,--,10,9830,买盘
2253,09:55:40,9.83,--,53,52099,卖盘
2254,09:55:34,9.83,--,29,28507,卖盘
2255,09:55:30,9.83,0.03,30,29490,中性盘
2256,09:55:25,9.8,-0.03,807,790860,卖盘
2257,09:55:19,9.83,0.02,95,93385,买盘
2258,09:55:15,9.81,--,25,24525,买盘
2259,09:55:10,9.81,-0.02,395,387495,卖盘
2260,09:55:04,9.83,0.02,39,38337,买盘
2261,09:55:00,9.81,-0.01,350,343350,卖盘
2262,09:54:55,9.82,-0.01,20,19640,卖盘
2263,09:54:49,9.83,0.01,181,177923,买盘
2264,09:54:45,9.82,0.01,35,34370,中性盘
2265,09:54:40,9.81,-0.01,500,490500,卖盘
2266,09:54:34,9.82,--,57,55974,买盘
2267,09:54:30,9.82,0.01,4,3928,中性盘
2268,09:54:25,9.81,--,40,39240,卖盘
2269,09:54:19,9.81,-0.01,60,58860,卖盘
2270,09:54:15,9.82,0.01,221,217022,买盘
2271,09:54:10,9.81,--,20,19620,卖盘
2272,09:54:04,9.81,--,29,28449,卖盘
2273,09:54:00,9.81,--,21,20601,卖盘
2274,09:53:55,9.81,--,109,106929,买盘
2275,09:53:49,9.81,--,24,23544,买盘
2276,09:53:45,9.81,-0.02,20,19620,买盘
2277,09:53:34,9.83,0.03,38,37354,中性盘
2278,09:53:30,9.8,-0.02,707,693203,卖盘
2279,09:53:24,9.82,--,60,58920,买盘
2280,09:53:19,9.82,0.01,31,30442,买盘
2281,09:53:15,9.81,-0.01,10,10447,卖盘
2282,09:53:09,9.82,--,20,19640,卖盘
2283,09:53:04,9.82,--,122,120147,买盘
2284,09:53:00,9.82,--,121,119460,卖盘
2285,09:52:54,9.82,--,30,29460,卖盘
2286,09:52:49,9.82,--,36,35352,卖盘
2287,09:52:45,9.82,--,13,13109,卖盘
2288,09:52:39,9.82,--,1,982,卖盘
2289,09:52:34,9.82,0.01,24,23568,买盘
2290,09:52:24,9.81,--,4,3924,卖盘
2291,09:52:19,9.81,--,119,116739,卖盘
2292,09:52:15,9.81,--,78,77410,买盘
2293,09:52:04,9.81,--,27,26487,买盘
2294,09:52:00,9.81,0.01,63,61803,买盘
2295,09:51:54,9.8,-0.01,466,456768,卖盘
2296,09:51:49,9.81,-0.01,328,322258,卖盘
2297,09:51:45,9.82,--,45,44190,买盘
2298,09:51:39,9.82,0.02,20,19640,买盘
2299,09:51:34,9.8,-0.01,129,126420,卖盘
2300,09:51:30,9.81,0.01,237,232899,买盘
2301,09:51:24,9.8,--,18,17640,卖盘
2302,09:51:19,9.8,-0.01,30,29400,中性盘
2303,09:51:15,9.81,0.02,250,245250,买盘
2304,09:51:09,9.79,-0.01,9,8811,卖盘
2305,09:51:04,9.8,--,108,105840,买盘
2306,09:51:00,9.8,--,162,158760,买盘
2307,09:50:54,9.8,--,16,15680,买盘
2308,09:50:49,9.8,--,127,124460,卖盘
2309,09:50:44,9.8,0.01,120,117600,买盘
2310,09:50:39,9.79,--,0,0,卖盘
2311,09:50:34,9.79,-0.01,102,99857,卖盘
2312,09:50:30,9.8,0.01,14,13720,中性盘
2313,09:50:24,9.79,--,5,4895,卖盘
2314,09:50:19,9.79,-0.02,173,169366,买盘
2315,09:50:14,9.81,0.02,153,150093,买盘
2316,09:50:09,9.79,0.01,1,978,买盘
2317,09:50:04,9.78,--,106,103668,卖盘
2318,09:49:59,9.78,--,159,155502,卖盘
2319,09:49:54,9.78,--,29,28361,卖盘
2320,09:49:49,9.78,--,201,196578,卖盘
2321,09:49:43,9.78,-0.02,144,140832,卖盘
2322,09:49:39,9.8,--,1,980,买盘
2323,09:49:34,9.8,0.02,136,133280,买盘
2324,09:49:28,9.78,--,102,99756,买盘
2325,09:49:24,9.78,-0.01,375,366750,卖盘
2326,09:49:19,9.79,--,122,119437,卖盘
2327,09:49:13,9.79,0.01,284,278036,卖盘
2328,09:49:09,9.78,-0.01,526,514427,卖盘
2329,09:49:04,9.79,--,95,93004,买盘
2330,09:48:58,9.79,--,124,121395,卖盘
2331,09:48:54,9.79,--,32,31327,买盘
2332,09:48:49,9.79,--,107,104752,买盘
2333,09:48:43,9.79,--,232,227127,买盘
2334,09:48:39,9.79,-0.01,33,32306,卖盘
2335,09:48:34,9.8,0.01,369,361620,买盘
2336,09:48:28,9.79,--,24,23495,卖盘
2337,09:48:24,9.79,--,108,105731,卖盘
2338,09:48:19,9.79,-0.01,65,63634,卖盘
2339,09:48:13,9.8,0.01,74,72520,买盘
2340,09:48:09,9.79,-0.01,70,68530,卖盘
2341,09:48:04,9.8,--,61,59780,卖盘
2342,09:47:58,9.8,--,40,39200,买盘
2343,09:47:54,9.8,--,16,15680,中性盘
2344,09:47:49,9.8,-0.01,103,100940,中性盘
2345,09:47:43,9.81,0.02,58,56898,买盘
2346,09:47:39,9.79,-0.02,1116,1092564,卖盘
2347,09:47:34,9.81,--,59,58457,卖盘
2348,09:47:28,9.81,-0.01,1030,1010430,卖盘
2349,09:47:24,9.82,0.01,86,84452,买盘
2350,09:47:19,9.81,-0.01,138,135378,卖盘
2351,09:47:13,9.82,0.01,51,50082,买盘
2352,09:47:09,9.81,-0.01,387,379647,卖盘
2353,09:47:04,9.82,--,32,31424,买盘
2354,09:46:58,9.82,--,10,9820,买盘
2355,09:46:54,9.82,--,196,192638,卖盘
2356,09:46:49,9.82,-0.01,3,2946,卖盘
2357,09:46:43,9.83,0.01,2,1966,中性盘
2358,09:46:39,9.82,--,91,89362,卖盘
2359,09:46:34,9.82,-0.01,26,25532,卖盘
2360,09:46:28,9.83,--,206,202498,买盘
2361,09:46:24,9.83,0.01,261,256563,买盘
2362,09:46:19,9.82,-0.01,545,535190,卖盘
2363,09:46:13,9.83,0.01,21,20643,买盘
2364,09:46:09,9.82,-0.01,27,26514,卖盘
2365,09:46:03,9.83,--,8,7864,卖盘
2366,09:45:58,9.83,-0.01,209,205447,卖盘
2367,09:45:54,9.84,--,160,157440,买盘
2368,09:45:48,9.84,0.01,10,9840,买盘
2369,09:45:43,9.83,-0.03,20,19660,卖盘
2370,09:45:39,9.86,0.02,118,116545,买盘
2371,09:45:33,9.84,--,74,72816,卖盘
2372,09:45:28,9.84,-0.01,75,74587,卖盘
2373,09:45:24,9.85,-0.02,202,198970,卖盘
2374,09:45:18,9.87,0.02,427,421448,买盘
2375,09:45:13,9.85,--,33,32505,卖盘
2376,09:45:09,9.85,-0.01,24,23640,卖盘
2377,09:44:58,9.86,--,201,198186,卖盘
2378,09:44:48,9.86,-0.01,21,20706,卖盘
2379,09:44:43,9.87,0.01,160,157920,买盘
2380,09:44:39,9.86,--,563,555127,卖盘
2381,09:44:33,9.86,-0.01,28,27608,卖盘
2382,09:44:28,9.87,--,314,309918,买盘
2383,09:44:24,9.87,0.01,74,73038,买盘
2384,09:44:18,9.86,--,4,3944,卖盘
2385,09:44:13,9.86,-0.01,138,136068,卖盘
2386,09:44:08,9.87,0.01,101,99686,买盘
2387,09:44:03,9.86,--,1,986,卖盘
2388,09:43:58,9.86,-0.01,75,73950,卖盘
2389,09:43:53,9.87,--,20,19740,卖盘
2390,09:43:43,9.87,--,107,106586,买盘
2391,09:43:38,9.87,0.01,123,121400,买盘
2392,09:43:33,9.86,0.01,15,14790,中性盘
2393,09:43:28,9.85,-0.01,211,207835,卖盘
2394,09:43:23,9.86,--,276,272136,卖盘
2395,09:43:18,9.86,--,103,101558,卖盘
2396,09:43:13,9.86,--,100,98600,卖盘
2397,09:43:08,9.86,--,66,65075,卖盘
2398,09:43:03,9.86,--,17,16762,卖盘
2399,09:42:58,9.86,--,16,15776,卖盘
2400,09:42:53,9.86,0.01,270,266220,买盘
2401,09:42:48,9.85,-0.01,25,24625,卖盘
2402,09:42:43,9.86,0.02,103,101558,买盘
2403,09:42:38,9.84,-0.01,139,136776,卖盘
2404,09:42:33,9.85,--,5,4925,卖盘
2405,09:42:28,9.85,--,148,145780,卖盘
2406,09:42:23,9.85,--,67,65995,卖盘
2407,09:42:18,9.85,--,8,7880,卖盘
2408,09:42:13,9.85,--,251,247727,买盘
2409,09:42:07,9.85,0.01,110,108350,买盘
2410,09:42:03,9.84,0.01,97,95448,买盘
2411,09:41:58,9.83,-0.01,6,5898,卖盘
2412,09:41:52,9.84,--,44,43296,买盘
2413,09:41:48,9.84,-0.01,31,30504,中性盘
2414,09:41:43,9.85,0.02,199,196015,买盘
2415,09:41:37,9.83,--,122,119926,卖盘
2416,09:41:33,9.83,--,56,55048,卖盘
2417,09:41:28,9.83,--,13,12779,卖盘
2418,09:41:22,9.83,--,20,19660,卖盘
2419,09:41:18,9.83,-0.01,61,59963,卖盘
2420,09:41:13,9.84,0.02,495,487896,买盘
2421,09:41:07,9.82,-0.01,153,150246,卖盘
2422,09:41:03,9.83,--,55,54065,买盘
2423,09:40:58,9.83,--,43,42269,卖盘
2424,09:40:52,9.83,-0.01,173,170059,卖盘
2425,09:40:48,9.84,0.02,47,46248,买盘
2426,09:40:43,9.82,--,36,35352,卖盘
2427,09:40:37,9.82,--,31,30442,卖盘
2428,09:40:33,9.82,--,24,23568,卖盘
2429,09:40:28,9.82,-0.01,116,113912,卖盘
2430,09:40:22,9.83,-0.02,18,17694,卖盘
2431,09:40:18,9.85,--,173,170405,买盘
2432,09:40:13,9.85,0.03,114,112290,买盘
2433,09:40:07,9.82,--,91,89362,卖盘
2434,09:40:03,9.82,-0.01,303,297546,卖盘
2435,09:39:58,9.83,--,66,64878,买盘
2436,09:39:52,9.83,--,180,176940,买盘
2437,09:39:48,9.83,-0.02,235,231005,卖盘
2438,09:39:43,9.85,0.01,27,26595,买盘
2439,09:39:37,9.84,--,608,598272,卖盘
2440,09:39:33,9.84,-0.01,567,557928,卖盘
2441,09:39:28,9.85,--,69,67965,卖盘
2442,09:39:22,9.85,--,57,56145,卖盘
2443,09:39:18,9.85,--,82,80770,卖盘
2444,09:39:13,9.85,--,140,137900,卖盘
2445,09:39:07,9.85,--,149,146765,卖盘
2446,09:39:03,9.85,0.02,43,42355,卖盘
2447,09:38:58,9.83,-0.02,807,793281,卖盘
2448,09:38:52,9.85,--,107,105395,买盘
2449,09:38:48,9.85,0.01,94,92590,买盘
2450,09:38:43,9.84,-0.01,14,13776,卖盘
2451,09:38:37,9.85,0.01,36,35460,买盘
2452,09:38:33,9.84,0.01,201,197784,买盘
2453,09:38:27,9.83,-0.01,9,8847,卖盘
2454,09:38:22,9.84,0.01,53,52152,买盘
2455,09:38:18,9.83,--,16,15728,卖盘
2456,09:38:12,9.83,--,5,4915,卖盘
2457,09:38:07,9.83,--,147,144501,买盘
2458,09:38:03,9.83,0.01,278,273274,买盘
2459,09:37:57,9.82,--,40,39280,卖盘
2460,09:37:52,9.82,--,127,124714,卖盘
2461,09:37:48,9.82,0.01,760,746722,买盘
2462,09:37:42,9.81,--,1,981,卖盘
2463,09:37:37,9.81,0.01,117,114777,卖盘
2464,09:37:33,9.8,--,405,396900,卖盘
2465,09:37:27,9.8,--,8,7840,卖盘
2466,09:37:22,9.8,-0.01,180,176400,卖盘
2467,09:37:18,9.81,--,197,193257,卖盘
2468,09:37:12,9.81,0.01,18,17658,中性盘
2469,09:37:07,9.8,--,193,189140,买盘
2470,09:37:03,9.8,-0.01,409,400820,卖盘
2471,09:36:57,9.81,--,138,135378,买盘
2472,09:36:52,9.81,0.01,384,376704,买盘
2473,09:36:47,9.8,-0.01,413,404740,卖盘
2474,09:36:42,9.81,--,113,110853,卖盘
2475,09:36:37,9.81,-0.01,184,180504,卖盘
2476,09:36:32,9.82,0.01,63,61866,买盘
2477,09:36:27,9.81,--,139,136359,卖盘
2478,09:36:22,9.81,--,252,247212,卖盘
2479,09:36:17,9.81,--,120,117720,买盘
2480,09:36:12,9.81,0.01,128,125568,买盘
2481,09:36:07,9.8,--,101,98980,买盘
2482,09:36:02,9.8,-0.02,1743,1708630,卖盘
2483,09:35:57,9.82,--,59,57938,卖盘
2484,09:35:52,9.82,-0.01,199,195418,卖盘
2485,09:35:47,9.83,--,83,81589,买盘
2486,09:35:42,9.83,0.01,223,219209,中性盘
2487,09:35:37,9.82,0.01,203,199346,中性盘
2488,09:35:32,9.81,-0.02,320,313920,卖盘
2489,09:35:27,9.83,--,1406,1382589,买盘
2490,09:35:22,9.83,0.02,36,35388,买盘
2491,09:35:17,9.81,-0.02,369,361989,卖盘
2492,09:35:12,9.83,0.02,145,142535,买盘
2493,09:35:07,9.81,-0.02,445,436545,卖盘
2494,09:35:02,9.83,--,182,178906,卖盘
2495,09:34:57,9.83,-0.01,60,58980,卖盘
2496,09:34:52,9.84,--,206,202704,买盘
2497,09:34:47,9.84,-0.01,131,128904,卖盘
2498,09:34:42,9.85,0.01,66,65010,买盘
2499,09:34:37,9.84,--,124,122016,卖盘
2500,09:34:32,9.84,-0.01,289,284376,卖盘
2501,09:34:27,9.85,--,50,49250,买盘
2502,09:34:22,9.85,--,195,192075,买盘
2503,09:34:16,9.85,--,32,31520,买盘
2504,09:34:12,9.85,--,213,209805,卖盘
2505,09:34:07,9.85,-0.01,134,131990,卖盘
2506,09:34:01,9.86,--,290,285940,买盘
2507,09:33:57,9.86,-0.01,239,235654,卖盘
2508,09:33:52,9.87,--,111,109556,买盘
2509,09:33:46,9.87,--,51,50336,买盘
2510,09:33:42,9.87,--,25,24674,买盘
2511,09:33:37,9.87,--,53,52310,卖盘
2512,09:33:31,9.87,-0.01,59,58232,卖盘
2513,09:33:27,9.88,--,320,316160,买盘
2514,09:33:22,9.88,--,11,10868,买盘
2515,09:33:16,9.88,--,95,93860,卖盘
2516,09:33:12,9.88,--,212,209456,卖盘
2517,09:33:07,9.88,--,83,82004,卖盘
2518,09:33:01,9.88,--,276,272688,卖盘
2519,09:32:57,9.88,--,205,202540,买盘
2520,09:32:52,9.88,--,87,85956,买盘
2521,09:32:46,9.88,--,181,178828,买盘
2522,09:32:42,9.88,--,24,23712,买盘
2523,09:32:37,9.88,--,157,155116,买盘
2524,09:32:31,9.88,--,147,145236,买盘
2525,09:32:27,9.88,--,200,197600,买盘
2526,09:32:22,9.88,0.01,19,18772,买盘
2527,09:32:16,9.87,--,25,24674,卖盘
2528,09:32:12,9.87,--,148,146076,卖盘
2529,09:32:07,9.87,0.01,105,103634,买盘
2530,09:32:01,9.86,--,50,49300,卖盘
2531,09:31:57,9.86,0.02,92,90712,买盘
2532,09:31:52,9.84,-0.01,429,422136,卖盘
2533,09:31:46,9.85,0.02,25,24625,买盘
2534,09:31:42,9.83,0.01,513,504279,中性盘
2535,09:31:37,9.82,--,163,160066,卖盘
2536,09:31:31,9.82,--,1114,1093948,卖盘
2537,09:31:27,9.82,--,172,168904,卖盘
2538,09:31:22,9.82,0.01,98,96236,买盘
2539,09:31:16,9.81,-0.02,108,105948,卖盘
2540,09:31:12,9.83,0.01,110,108130,买盘
2541,09:31:07,9.82,-0.03,203,199346,卖盘
2542,09:31:01,9.85,--,178,175330,买盘
2543,09:30:57,9.85,--,142,139870,中性盘
2544,09:30:51,9.85,--,201,197985,卖盘
2545,09:30:46,9.85,-0.01,143,140855,卖盘
2546,09:30:42,9.86,--,52,51272,卖盘
2547,09:30:36,9.86,-0.01,40,39440,卖盘
2548,09:30:31,9.87,-0.01,8,7895,中性盘
2549,09:30:27,9.88,--,219,216372,卖盘
2550,09:30:21,9.88,-0.02,3,2964,卖盘
2551,09:30:16,9.9,--,299,296010,买盘
2552,09:30:11,9.9,0.01,348,344520,买盘
2553,09:30:06,9.89,-0.03,1039,1027966,卖盘
2554,09:30:01,9.92,--,112,111104,卖盘
2555,09:28:48,9.92,--,0,0,卖盘
2556,09:25:06,9.92,9.92,1185,1176115,买盘
