,time,price,change,volume,amount,type
0,15:00:00,3.18,--,0,0,卖盘
1,15:00:00,3.18,--,498,158364,卖盘
2,15:00:00,3.18,--,228,72504,卖盘
3,14:59:55,3.18,-0.01,820,260760,卖盘
4,14:59:51,3.19,--,854,272426,买盘
5,14:59:46,3.19,0.01,970,309430,买盘
6,14:59:40,3.18,--,2156,685608,卖盘
7,14:59:36,3.18,--,589,187302,卖盘
8,14:59:31,3.18,--,1089,346302,卖盘
9,14:59:25,3.18,-0.01,235,74730,卖盘
10,14:59:21,3.19,0.01,897,286143,买盘
11,14:59:16,3.18,-0.01,949,301782,卖盘
12,14:59:10,3.19,0.01,611,194909,买盘
13,14:59:06,3.18,--,24,7632,卖盘
14,14:59:01,3.18,--,326,103668,卖盘
15,14:58:55,3.18,--,937,297966,卖盘
16,14:58:51,3.18,-0.01,34,10812,卖盘
17,14:58:46,3.19,--,156,49764,买盘
18,14:58:40,3.19,0.01,110,35090,买盘
19,14:58:36,3.18,--,61,19398,卖盘
20,14:58:31,3.18,--,92,29256,卖盘
21,14:58:25,3.18,--,103,32754,卖盘
22,14:58:21,3.18,-0.01,44,13992,卖盘
23,14:58:16,3.19,--,77,24563,买盘
24,14:58:10,3.19,0.01,295,94105,买盘
25,14:58:06,3.18,--,203,64554,卖盘
26,14:58:01,3.18,-0.01,171,54378,卖盘
27,14:57:55,3.19,0.01,313,99847,买盘
28,14:57:51,3.18,-0.01,100,31800,卖盘
29,14:57:46,3.19,--,393,125367,买盘
30,14:57:40,3.19,--,42,13398,买盘
31,14:57:36,3.19,0.01,10,3190,买盘
32,14:57:31,3.18,-0.01,32,10176,卖盘
33,14:57:25,3.19,0.01,150,47850,买盘
34,14:57:21,3.18,--,2,636,卖盘
35,14:57:16,3.18,-0.01,5,1590,卖盘
36,14:57:10,3.19,0.01,166,52954,买盘
37,14:57:06,3.18,--,8,2544,卖盘
38,14:57:00,3.18,--,21,6678,卖盘
39,14:56:55,3.18,--,2,636,卖盘
40,14:56:51,3.18,--,247,78546,卖盘
41,14:56:46,3.18,-0.01,1,318,卖盘
42,14:56:40,3.19,--,110,35090,买盘
43,14:56:36,3.19,0.01,218,69542,买盘
44,14:56:30,3.18,--,210,66780,卖盘
45,14:56:25,3.18,--,2,636,卖盘
46,14:56:21,3.18,--,122,38796,卖盘
47,14:56:15,3.18,-0.01,172,54696,卖盘
48,14:56:10,3.19,0.01,273,87087,买盘
49,14:56:06,3.18,-0.01,172,54696,卖盘
50,14:56:00,3.19,--,82,26158,买盘
51,14:55:55,3.19,0.01,1,319,买盘
52,14:55:50,3.18,-0.01,232,73776,卖盘
53,14:55:45,3.19,0.01,405,129195,买盘
54,14:55:40,3.18,--,17,5406,卖盘
55,14:55:36,3.18,--,46,14628,卖盘
56,14:55:30,3.18,--,2,636,卖盘
57,14:55:25,3.18,--,21,6678,卖盘
58,14:55:20,3.18,--,57,18126,卖盘
59,14:55:15,3.18,--,100,31800,卖盘
60,14:55:10,3.18,--,506,160908,卖盘
61,14:55:05,3.18,-0.01,1,318,卖盘
62,14:54:55,3.19,0.01,274,87406,买盘
63,14:54:50,3.18,-0.01,2293,729174,卖盘
64,14:54:45,3.19,--,14,4466,买盘
65,14:54:40,3.19,--,114,36366,买盘
66,14:54:35,3.19,0.01,619,197461,买盘
67,14:54:25,3.18,--,513,163134,卖盘
68,14:54:20,3.18,-0.01,49,15582,卖盘
69,14:54:15,3.19,0.01,114,36366,买盘
70,14:54:10,3.18,-0.01,206,65508,卖盘
71,14:54:05,3.19,--,362,115478,买盘
72,14:53:55,3.19,0.01,483,154077,买盘
73,14:53:50,3.18,--,303,96354,卖盘
74,14:53:35,3.18,--,20,6360,卖盘
75,14:53:25,3.18,-0.01,1195,380010,卖盘
76,14:53:20,3.19,--,82,26158,买盘
77,14:53:15,3.19,--,247,78793,买盘
78,14:53:10,3.19,0.01,499,159181,买盘
79,14:53:05,3.18,-0.01,25,7950,卖盘
80,14:53:00,3.19,--,1,319,买盘
81,14:52:55,3.19,0.01,1,319,买盘
82,14:52:50,3.18,--,16,5088,卖盘
83,14:52:40,3.18,--,1263,401634,卖盘
84,14:52:34,3.18,--,120,38160,卖盘
85,14:52:30,3.18,--,1,318,卖盘
86,14:52:25,3.18,-0.01,2,636,卖盘
87,14:52:19,3.19,0.01,47,14993,买盘
88,14:52:15,3.18,-0.01,4,1272,卖盘
89,14:52:10,3.19,--,57,18183,买盘
90,14:52:04,3.19,--,111,35409,买盘
91,14:51:55,3.19,0.01,43,13717,买盘
92,14:51:49,3.18,-0.01,2,636,卖盘
93,14:51:45,3.19,0.01,5,1595,买盘
94,14:51:40,3.18,-0.01,7,2226,卖盘
95,14:51:34,3.19,--,33,10527,买盘
96,14:51:25,3.19,0.01,600,191400,买盘
97,14:51:19,3.18,--,141,44838,卖盘
98,14:51:15,3.18,--,1,318,卖盘
99,14:51:10,3.18,-0.01,77,24486,卖盘
100,14:51:04,3.19,--,191,60929,买盘
101,14:51:00,3.19,--,12,3828,买盘
102,14:50:55,3.19,0.01,65,20735,买盘
103,14:50:49,3.18,--,303,96354,卖盘
104,14:50:45,3.18,-0.01,110,34980,卖盘
105,14:50:40,3.19,0.01,7,2233,买盘
106,14:50:34,3.18,-0.01,51,16218,卖盘
107,14:50:30,3.19,0.01,1,319,买盘
108,14:50:25,3.18,-0.01,546,173628,卖盘
109,14:50:19,3.19,--,13194,4208886,买盘
110,14:50:15,3.19,0.01,47,14993,买盘
111,14:50:10,3.18,--,4,1272,卖盘
112,14:50:04,3.18,-0.01,251,79818,卖盘
113,14:50:00,3.19,--,18,5742,买盘
114,14:49:55,3.19,0.01,54,17226,买盘
115,14:49:49,3.18,-0.01,1,318,卖盘
116,14:49:45,3.19,--,49,15631,买盘
117,14:49:40,3.19,0.01,33,10527,买盘
118,14:49:34,3.18,-0.01,2323,738714,卖盘
119,14:49:30,3.19,--,143,45617,买盘
120,14:49:24,3.19,0.01,108,34452,买盘
121,14:49:19,3.18,-0.01,15220,4839960,卖盘
122,14:49:15,3.19,0.01,102,32538,买盘
123,14:49:09,3.18,-0.01,351,111618,卖盘
124,14:49:04,3.19,--,37,11803,买盘
125,14:49:00,3.19,0.01,25,7975,买盘
126,14:48:54,3.18,--,39,12402,卖盘
127,14:48:49,3.18,-0.01,65,20670,卖盘
128,14:48:44,3.19,0.01,51,16269,买盘
129,14:48:39,3.18,-0.01,1054,335172,卖盘
130,14:48:34,3.19,--,39,12441,买盘
131,14:48:29,3.19,0.01,34,10846,买盘
132,14:48:24,3.18,-0.01,1,318,卖盘
133,14:48:19,3.19,--,136,43384,买盘
134,14:48:14,3.19,0.01,54,17226,买盘
135,14:48:09,3.18,--,468,148824,卖盘
136,14:48:04,3.18,-0.01,140,44520,卖盘
137,14:47:59,3.19,--,137,43703,买盘
138,14:47:54,3.19,0.01,108,34452,买盘
139,14:47:49,3.18,-0.01,571,181578,卖盘
140,14:47:44,3.19,0.01,53,16907,买盘
141,14:47:39,3.18,-0.01,266,84588,卖盘
142,14:47:34,3.19,0.01,1556,496364,买盘
143,14:47:29,3.18,--,6231,1981458,卖盘
144,14:47:24,3.18,-0.01,1,318,卖盘
145,14:47:19,3.19,0.01,92,29348,买盘
146,14:47:14,3.18,--,1,318,卖盘
147,14:47:09,3.18,--,266,84588,卖盘
148,14:47:04,3.18,--,5,1590,卖盘
149,14:46:59,3.18,--,1465,465870,卖盘
150,14:46:49,3.18,--,337,107166,卖盘
151,14:46:44,3.18,--,21,6678,卖盘
152,14:46:39,3.18,-0.01,338,107484,卖盘
153,14:46:34,3.19,0.01,630,200970,买盘
154,14:46:29,3.18,-0.01,1,318,卖盘
155,14:46:19,3.19,0.01,1475,470525,买盘
156,14:46:14,3.18,--,102,32436,卖盘
157,14:46:09,3.18,--,268,85224,卖盘
158,14:46:04,3.18,-0.01,114,36252,卖盘
159,14:45:59,3.19,0.01,121,38599,买盘
160,14:45:54,3.18,--,3105,987390,卖盘
161,14:45:49,3.18,--,1080,343440,卖盘
162,14:45:43,3.18,--,1,318,卖盘
163,14:45:39,3.18,--,548,174264,卖盘
164,14:45:34,3.18,--,6,1908,卖盘
165,14:45:28,3.18,--,67,21306,卖盘
166,14:45:24,3.18,--,61,19398,卖盘
167,14:45:19,3.18,--,120,38160,卖盘
168,14:45:13,3.18,--,100,31800,卖盘
169,14:45:09,3.18,-0.01,266,84588,卖盘
170,14:44:58,3.19,--,78,24882,买盘
171,14:44:54,3.19,0.01,100,31900,买盘
172,14:44:49,3.18,--,6,1908,卖盘
173,14:44:39,3.18,--,690,219420,卖盘
174,14:44:34,3.18,--,2,636,卖盘
175,14:44:28,3.18,--,196,62328,卖盘
176,14:44:24,3.18,--,5,1590,卖盘
177,14:44:19,3.18,-0.01,260,82680,卖盘
178,14:44:13,3.19,0.01,3,957,买盘
179,14:44:09,3.18,-0.01,266,84588,卖盘
180,14:44:04,3.19,0.01,154,49126,买盘
181,14:43:58,3.18,-0.01,21,6678,卖盘
182,14:43:54,3.19,--,10,3190,买盘
183,14:43:49,3.19,0.01,44,14036,买盘
184,14:43:43,3.18,--,14,4452,卖盘
185,14:43:38,3.18,--,399,126882,卖盘
186,14:43:34,3.18,--,9,2862,卖盘
187,14:43:28,3.18,-0.01,66,20988,卖盘
188,14:43:24,3.19,0.01,60,19140,买盘
189,14:43:19,3.18,--,181,57558,卖盘
190,14:43:13,3.18,--,452,143736,卖盘
191,14:43:08,3.18,-0.01,266,84588,卖盘
192,14:43:03,3.19,--,81,25839,买盘
193,14:42:58,3.19,0.01,116,37039,买盘
194,14:42:54,3.18,-0.01,29,9222,卖盘
195,14:42:49,3.19,--,241,76879,买盘
196,14:42:43,3.19,0.01,16,5104,买盘
197,14:42:39,3.18,-0.01,268,85224,卖盘
198,14:42:33,3.19,0.01,26,8294,买盘
199,14:42:28,3.18,--,135,42930,卖盘
200,14:42:23,3.18,--,132,41976,卖盘
201,14:42:18,3.18,--,152,48336,卖盘
202,14:42:13,3.18,--,1,318,卖盘
203,14:42:08,3.18,--,1771,563178,卖盘
204,14:41:58,3.18,-0.01,592,188256,卖盘
205,14:41:43,3.19,0.01,101,32219,买盘
206,14:41:38,3.18,--,657,208926,卖盘
207,14:41:28,3.18,--,69,21942,卖盘
208,14:41:23,3.18,--,40,12720,卖盘
209,14:41:18,3.18,--,152,48336,卖盘
210,14:41:13,3.18,--,233,74094,卖盘
211,14:41:08,3.18,--,442,140556,卖盘
212,14:41:03,3.18,--,20,6360,卖盘
213,14:40:58,3.18,-0.01,134,42612,卖盘
214,14:40:53,3.19,--,36,11484,买盘
215,14:40:43,3.19,0.01,102,32538,买盘
216,14:40:38,3.18,--,280,89040,卖盘
217,14:40:33,3.18,--,4920,1564626,卖盘
218,14:40:28,3.18,--,10067,3201306,卖盘
219,14:40:23,3.18,--,10148,3227064,卖盘
220,14:40:18,3.18,-0.01,75,23850,卖盘
221,14:40:13,3.19,0.01,104,33176,买盘
222,14:40:08,3.18,--,409,130062,卖盘
223,14:39:58,3.18,--,8,2547,卖盘
224,14:39:53,3.18,--,6222,1978596,卖盘
225,14:39:48,3.18,-0.01,1,318,卖盘
226,14:39:43,3.19,0.01,101,32219,买盘
227,14:39:38,3.18,-0.01,363,115434,卖盘
228,14:39:33,3.19,--,3,957,买盘
229,14:39:28,3.19,--,338,107822,买盘
230,14:39:23,3.19,0.01,220,70180,买盘
231,14:39:18,3.18,-0.01,152,48336,卖盘
232,14:39:13,3.19,0.01,225,71775,买盘
233,14:39:08,3.18,--,344,109392,卖盘
234,14:39:03,3.18,--,1,318,卖盘
235,14:38:58,3.18,-0.01,20,6360,卖盘
236,14:38:43,3.19,0.01,161,51359,买盘
237,14:38:37,3.18,--,473,150414,卖盘
238,14:38:33,3.18,-0.01,4,1272,卖盘
239,14:38:28,3.19,0.01,701,223619,买盘
240,14:38:23,3.18,--,2,636,卖盘
241,14:38:18,3.18,--,182,57876,卖盘
242,14:38:13,3.18,-0.01,3,954,卖盘
243,14:38:07,3.19,0.01,297,94743,买盘
244,14:38:03,3.18,-0.01,2,636,卖盘
245,14:37:58,3.19,0.01,217,69223,买盘
246,14:37:52,3.18,--,70,22260,卖盘
247,14:37:43,3.18,--,270,85860,卖盘
248,14:37:37,3.18,-0.01,425,135150,卖盘
249,14:37:33,3.19,0.01,101,32219,买盘
250,14:37:28,3.18,-0.01,268,85224,卖盘
251,14:37:22,3.19,0.01,1,319,买盘
252,14:37:17,3.18,-0.01,156,49608,卖盘
253,14:37:13,3.19,0.01,45,14355,买盘
254,14:37:07,3.18,-0.01,402,127836,卖盘
255,14:37:02,3.19,0.01,36,11484,买盘
256,14:36:58,3.18,--,38,12084,卖盘
257,14:36:52,3.18,--,180,57240,卖盘
258,14:36:47,3.18,--,4,1272,卖盘
259,14:36:43,3.18,--,67,21306,卖盘
260,14:36:37,3.18,--,299,95082,卖盘
261,14:36:32,3.18,--,5,1590,卖盘
262,14:36:28,3.18,-0.01,140,44520,卖盘
263,14:36:22,3.19,--,147,46893,买盘
264,14:36:13,3.19,0.01,49,15631,买盘
265,14:36:07,3.18,-0.01,426,135468,卖盘
266,14:36:02,3.19,--,1,319,买盘
267,14:35:57,3.19,--,202,64438,买盘
268,14:35:52,3.19,--,32,10208,买盘
269,14:35:42,3.19,--,34,10846,买盘
270,14:35:37,3.19,--,301,96019,买盘
271,14:35:32,3.19,--,35,11165,买盘
272,14:35:28,3.19,--,291,92829,买盘
273,14:35:22,3.19,--,166,52954,买盘
274,14:35:17,3.19,--,372,118668,买盘
275,14:35:12,3.19,0.01,70,22330,买盘
276,14:35:07,3.18,--,382,121476,卖盘
277,14:35:02,3.18,--,114,36252,卖盘
278,14:34:57,3.18,--,171,54378,卖盘
279,14:34:52,3.18,--,2,636,卖盘
280,14:34:47,3.18,--,443,140874,卖盘
281,14:34:37,3.18,--,447,142146,卖盘
282,14:34:32,3.18,-0.01,6,1908,卖盘
283,14:34:22,3.19,0.01,72,22968,买盘
284,14:34:17,3.18,-0.01,43,13674,卖盘
285,14:34:12,3.19,0.01,31,9889,买盘
286,14:34:07,3.18,--,360,114480,卖盘
287,14:34:02,3.18,-0.01,73,23214,卖盘
288,14:33:57,3.19,0.01,209,66671,买盘
289,14:33:52,3.18,--,96,30528,卖盘
290,14:33:47,3.18,--,251,79818,卖盘
291,14:33:37,3.18,-0.01,307,97626,卖盘
292,14:33:32,3.19,0.01,89,28391,买盘
293,14:33:27,3.18,-0.01,95,30210,卖盘
294,14:33:22,3.19,0.01,173,55187,买盘
295,14:33:17,3.18,--,105,33390,卖盘
296,14:33:12,3.18,--,101,32118,卖盘
297,14:33:07,3.18,-0.01,336,106848,卖盘
298,14:33:02,3.19,0.01,51,16269,买盘
299,14:32:57,3.18,--,67,21306,卖盘
300,14:32:52,3.18,--,30147,9586746,卖盘
301,14:32:47,3.18,--,514,163452,卖盘
302,14:32:42,3.18,--,41,13038,卖盘
303,14:32:37,3.18,--,268,85224,卖盘
304,14:32:32,3.18,-0.01,3,954,卖盘
305,14:32:27,3.19,--,100,31900,买盘
306,14:32:22,3.19,0.01,337,107503,买盘
307,14:32:17,3.18,--,546,173628,卖盘
308,14:32:07,3.18,--,472,150096,卖盘
309,14:32:02,3.18,--,47,14946,卖盘
310,14:31:51,3.18,-0.01,231,73458,卖盘
311,14:31:47,3.19,0.01,72,22968,买盘
312,14:31:42,3.18,--,1,318,卖盘
313,14:31:36,3.18,--,268,85224,卖盘
314,14:31:32,3.18,--,113,35934,卖盘
315,14:31:27,3.18,-0.01,67,21306,卖盘
316,14:31:21,3.19,--,478,152482,买盘
317,14:31:17,3.19,--,67,21373,买盘
318,14:31:12,3.19,0.01,391,124729,买盘
319,14:31:06,3.18,-0.01,559,177762,卖盘
320,14:31:02,3.19,0.01,91,29029,买盘
321,14:30:57,3.18,--,676,214968,卖盘
322,14:30:51,3.18,--,201,63918,卖盘
323,14:30:46,3.18,--,248,78864,卖盘
324,14:30:36,3.18,-0.01,266,84588,卖盘
325,14:30:32,3.19,0.01,381,121539,买盘
326,14:30:27,3.18,-0.01,289,91902,卖盘
327,14:30:21,3.19,0.01,1577,503063,买盘
328,14:30:16,3.18,--,67,21306,卖盘
329,14:30:12,3.18,--,47,14946,卖盘
330,14:30:06,3.18,--,287,91266,卖盘
331,14:30:01,3.18,-0.01,300,95400,卖盘
332,14:29:51,3.19,--,30,9570,买盘
333,14:29:46,3.19,0.01,46,14674,买盘
334,14:29:36,3.18,-0.01,2522,801996,卖盘
335,14:29:31,3.19,0.01,209,66671,买盘
336,14:29:26,3.18,--,84,26712,卖盘
337,14:29:16,3.18,--,112,35616,卖盘
338,14:29:11,3.18,--,76,24168,卖盘
339,14:29:06,3.18,--,359,114162,卖盘
340,14:29:01,3.18,-0.01,5,1590,卖盘
341,14:28:56,3.19,--,100,31900,买盘
342,14:28:51,3.19,--,2,638,买盘
343,14:28:46,3.19,--,147,46893,买盘
344,14:28:41,3.19,0.01,50,15950,买盘
345,14:28:36,3.18,-0.01,477,151686,卖盘
346,14:28:31,3.19,0.01,93,29667,买盘
347,14:28:26,3.18,-0.01,67,21306,卖盘
348,14:28:21,3.19,0.01,340,108460,买盘
349,14:28:16,3.18,--,20,6360,卖盘
350,14:28:11,3.18,-0.01,399,126882,卖盘
351,14:28:06,3.19,--,760,242440,买盘
352,14:28:01,3.19,0.01,103,32857,买盘
353,14:27:56,3.18,--,68,21624,卖盘
354,14:27:46,3.18,-0.01,67,21306,卖盘
355,14:27:41,3.19,0.01,84,26796,买盘
356,14:27:36,3.18,-0.01,274,87132,卖盘
357,14:27:31,3.19,0.01,685,218515,买盘
358,14:27:26,3.18,-0.01,69,21942,卖盘
359,14:27:16,3.19,0.01,35,11165,买盘
360,14:27:06,3.18,--,707,224826,卖盘
361,14:27:01,3.18,--,46,14628,卖盘
362,14:26:56,3.18,--,67,21306,卖盘
363,14:26:51,3.18,-0.01,2201,699918,卖盘
364,14:26:46,3.19,0.01,122,38918,买盘
365,14:26:41,3.18,--,267,84906,卖盘
366,14:26:36,3.18,--,10,3180,卖盘
367,14:26:30,3.18,--,7,2226,卖盘
368,14:26:26,3.18,--,117,37206,卖盘
369,14:26:21,3.18,--,1,318,卖盘
370,14:26:15,3.18,--,186,59148,卖盘
371,14:26:11,3.18,-0.01,309,98262,卖盘
372,14:26:00,3.19,--,387,123453,买盘
373,14:25:56,3.19,--,10,3190,买盘
374,14:25:51,3.19,--,49,15631,买盘
375,14:25:41,3.19,0.01,294,93786,买盘
376,14:25:36,3.18,-0.01,2,636,卖盘
377,14:25:30,3.19,0.01,426,135894,买盘
378,14:25:26,3.18,--,107,34026,卖盘
379,14:25:15,3.18,-0.01,115,36570,卖盘
380,14:25:11,3.19,0.01,1302,415338,买盘
381,14:25:06,3.18,--,397,126246,卖盘
382,14:25:00,3.18,--,5,1590,卖盘
383,14:24:56,3.18,-0.01,71,22578,卖盘
384,14:24:51,3.19,0.01,34,10846,买盘
385,14:24:45,3.18,--,56,17808,卖盘
386,14:24:41,3.18,--,308,97944,卖盘
387,14:24:30,3.18,--,50,15900,卖盘
388,14:24:26,3.18,--,67,21306,卖盘
389,14:24:11,3.18,-0.01,266,84588,卖盘
390,14:24:06,3.19,0.01,47,14993,买盘
391,14:24:00,3.18,--,68,21624,卖盘
392,14:23:56,3.18,--,1,318,卖盘
393,14:23:45,3.18,--,12,3816,卖盘
394,14:23:41,3.18,-0.01,314,99852,卖盘
395,14:23:36,3.19,0.01,15,4785,买盘
396,14:23:26,3.18,--,2,636,卖盘
397,14:23:15,3.18,--,63,20034,卖盘
398,14:23:11,3.18,--,270,85860,卖盘
399,14:23:06,3.18,--,1,318,卖盘
400,14:23:00,3.18,--,4,1272,卖盘
401,14:22:55,3.18,--,481,152958,卖盘
402,14:22:51,3.18,--,3,954,卖盘
403,14:22:45,3.18,--,79,25122,卖盘
404,14:22:40,3.18,--,275,87450,卖盘
405,14:22:36,3.18,--,69,21942,卖盘
406,14:22:30,3.18,--,34,10812,卖盘
407,14:22:15,3.18,--,106,33708,卖盘
408,14:22:10,3.18,--,267,84906,卖盘
409,14:21:55,3.18,-0.01,569,180942,卖盘
410,14:21:45,3.19,0.01,934,297946,买盘
411,14:21:40,3.18,-0.01,281,89358,卖盘
412,14:21:30,3.19,0.01,91,29029,买盘
413,14:21:25,3.18,-0.01,1,318,卖盘
414,14:21:20,3.19,0.01,1,319,买盘
415,14:21:15,3.18,-0.01,137,43566,卖盘
416,14:21:10,3.19,0.01,613,195547,买盘
417,14:21:00,3.18,-0.01,440,139920,卖盘
418,14:20:55,3.19,0.01,70,22330,买盘
419,14:20:50,3.18,-0.01,853,271254,卖盘
420,14:20:45,3.19,0.01,150,47850,买盘
421,14:20:40,3.18,-0.01,918,291924,卖盘
422,14:20:30,3.19,--,78,24882,买盘
423,14:20:25,3.19,0.01,303,96657,买盘
424,14:20:20,3.18,--,43,13674,卖盘
425,14:20:15,3.18,--,31,9858,卖盘
426,14:20:10,3.18,--,266,84588,卖盘
427,14:20:00,3.18,--,576,183168,卖盘
428,14:19:55,3.18,-0.01,734,233412,卖盘
429,14:19:50,3.19,0.01,1,319,买盘
430,14:19:45,3.18,-0.01,351,111618,卖盘
431,14:19:40,3.19,--,324,103356,买盘
432,14:19:35,3.19,--,45,14355,买盘
433,14:19:30,3.19,0.01,20,6380,买盘
434,14:19:24,3.18,-0.01,344,109392,卖盘
435,14:19:20,3.19,0.01,6,1914,买盘
436,14:19:15,3.18,--,163,51834,卖盘
437,14:19:10,3.18,--,527,167586,卖盘
438,14:19:05,3.18,-0.01,1,318,卖盘
439,14:19:00,3.19,--,208,66352,买盘
440,14:18:54,3.19,--,156,49764,买盘
441,14:18:50,3.19,0.01,1,319,买盘
442,14:18:45,3.18,-0.01,3,954,卖盘
443,14:18:39,3.19,--,382,121858,买盘
444,14:18:35,3.19,--,53,16907,买盘
445,14:18:30,3.19,--,45,14355,买盘
446,14:18:24,3.19,--,520,165880,买盘
447,14:18:20,3.19,0.01,407,129833,买盘
448,14:18:14,3.18,-0.01,45,14310,卖盘
449,14:18:09,3.19,0.01,474,151206,买盘
450,14:18:05,3.18,-0.01,1,318,卖盘
451,14:18:00,3.19,--,2,638,买盘
452,14:17:54,3.19,0.01,239,76241,买盘
453,14:17:50,3.18,-0.01,1,318,卖盘
454,14:17:44,3.19,--,27,8613,买盘
455,14:17:39,3.19,--,373,118987,买盘
456,14:17:35,3.19,--,20,6380,买盘
457,14:17:20,3.19,--,39,12441,买盘
458,14:17:15,3.19,0.01,198,63162,买盘
459,14:17:09,3.18,--,266,84588,卖盘
460,14:17:05,3.18,--,12,3816,卖盘
461,14:17:00,3.18,-0.01,30,9540,卖盘
462,14:16:54,3.19,--,37,11803,买盘
463,14:16:50,3.19,--,226,72094,买盘
464,14:16:44,3.19,--,3,957,买盘
465,14:16:39,3.19,0.01,300,95700,买盘
466,14:16:35,3.18,--,22,6996,卖盘
467,14:16:30,3.18,--,276,87768,卖盘
468,14:16:24,3.18,-0.01,87,27666,卖盘
469,14:16:20,3.19,--,36,11484,买盘
470,14:16:09,3.19,--,267,85173,买盘
471,14:16:05,3.19,0.01,48,15312,买盘
472,14:15:54,3.18,-0.01,11,3498,卖盘
473,14:15:49,3.19,0.01,15,4785,买盘
474,14:15:45,3.18,-0.01,41,13038,卖盘
475,14:15:39,3.19,0.01,334,106546,买盘
476,14:15:35,3.18,-0.01,98,31164,卖盘
477,14:15:24,3.19,--,35,11165,买盘
478,14:15:20,3.19,--,11,3509,买盘
479,14:15:09,3.19,--,267,85173,买盘
480,14:15:05,3.19,0.01,182,58058,买盘
481,14:14:54,3.18,--,76,24168,卖盘
482,14:14:49,3.18,-0.01,1,318,卖盘
483,14:14:44,3.19,--,58,18502,买盘
484,14:14:39,3.19,0.01,613,195547,买盘
485,14:14:34,3.18,--,1,318,卖盘
486,14:14:29,3.18,--,1,318,卖盘
487,14:14:24,3.18,-0.01,45,14310,卖盘
488,14:14:14,3.19,--,72,22968,买盘
489,14:14:09,3.19,0.01,912,290928,买盘
490,14:13:59,3.18,-0.01,2,636,卖盘
491,14:13:54,3.19,--,33,10527,买盘
492,14:13:49,3.19,--,132,42108,买盘
493,14:13:44,3.19,0.01,711,226809,买盘
494,14:13:39,3.18,-0.01,511,162498,卖盘
495,14:13:29,3.19,--,11,3509,买盘
496,14:13:24,3.19,--,796,253924,买盘
497,14:13:19,3.19,--,113,36047,买盘
498,14:13:14,3.19,--,107,34133,买盘
499,14:13:09,3.19,--,375,119625,买盘
500,14:13:04,3.19,--,243,77517,买盘
501,14:12:54,3.19,--,106,33814,买盘
502,14:12:49,3.19,0.01,176,56144,买盘
503,14:12:44,3.18,-0.01,1,318,卖盘
504,14:12:39,3.19,0.01,823,262537,买盘
505,14:12:33,3.18,--,99,31482,卖盘
506,14:12:29,3.18,--,684,217512,卖盘
507,14:12:24,3.18,-0.01,206,65508,卖盘
508,14:12:18,3.19,--,109,34771,买盘
509,14:12:09,3.19,0.01,326,103994,买盘
510,14:12:04,3.18,-0.01,6,1908,卖盘
511,14:11:59,3.19,0.01,89,28391,买盘
512,14:11:54,3.18,-0.01,2564,815577,卖盘
513,14:11:48,3.19,0.01,38,12122,买盘
514,14:11:44,3.18,-0.01,890,283020,卖盘
515,14:11:39,3.19,--,353,112607,买盘
516,14:11:33,3.19,--,472,150568,买盘
517,14:11:29,3.19,--,33,10527,买盘
518,14:11:18,3.19,0.01,59,18821,买盘
519,14:11:09,3.18,--,266,84588,卖盘
520,14:11:03,3.18,-0.01,72,22896,卖盘
521,14:10:59,3.19,--,100,31900,买盘
522,14:10:48,3.19,--,16,5104,买盘
523,14:10:44,3.19,0.01,69,22011,买盘
524,14:10:38,3.18,--,266,84588,卖盘
525,14:10:33,3.18,--,299,95082,卖盘
526,14:10:23,3.18,-0.01,61,19398,卖盘
527,14:10:18,3.19,--,60,19140,买盘
528,14:10:14,3.19,0.01,118,37642,买盘
529,14:10:08,3.18,-0.01,266,84588,卖盘
530,14:10:03,3.19,--,62,19778,买盘
531,14:09:59,3.19,--,548,174812,买盘
532,14:09:53,3.19,0.01,30,9570,买盘
533,14:09:48,3.18,--,1,318,卖盘
534,14:09:44,3.18,-0.01,168,53424,卖盘
535,14:09:38,3.19,--,270,86130,买盘
536,14:09:33,3.19,--,300,95700,买盘
537,14:09:29,3.19,--,439,140041,买盘
538,14:09:18,3.19,0.01,33,10527,买盘
539,14:09:13,3.18,-0.01,1267,402906,卖盘
540,14:09:08,3.19,--,767,244673,买盘
541,14:09:03,3.19,--,54,17226,买盘
542,14:08:59,3.19,--,464,148016,买盘
543,14:08:48,3.19,--,2016,643104,买盘
544,14:08:38,3.19,0.01,299,95381,买盘
545,14:08:33,3.18,-0.01,322,102396,卖盘
546,14:08:29,3.19,0.01,2,638,买盘
547,14:08:23,3.18,--,33,10494,卖盘
548,14:08:13,3.18,-0.01,1,318,卖盘
549,14:08:08,3.19,--,269,85811,买盘
550,14:08:03,3.19,0.01,37,11803,买盘
551,14:07:58,3.18,--,259,82362,卖盘
552,14:07:53,3.18,--,20,6360,卖盘
553,14:07:48,3.18,--,344,109392,卖盘
554,14:07:38,3.18,--,486,154548,卖盘
555,14:07:33,3.18,--,100,31800,卖盘
556,14:07:28,3.18,-0.01,471,149778,卖盘
557,14:07:23,3.19,0.01,31,9889,买盘
558,14:07:18,3.18,--,101,32118,卖盘
559,14:07:13,3.18,-0.01,56,17808,卖盘
560,14:07:08,3.19,0.01,303,96657,买盘
561,14:07:03,3.18,--,334,106212,卖盘
562,14:06:58,3.18,-0.01,4,1272,卖盘
563,14:06:53,3.19,--,10,3190,买盘
564,14:06:48,3.19,0.01,70,22330,买盘
565,14:06:43,3.18,--,115,36570,卖盘
566,14:06:38,3.18,--,267,84906,卖盘
567,14:06:28,3.18,--,119,37842,卖盘
568,14:06:18,3.18,--,41,13038,卖盘
569,14:06:13,3.18,-0.01,791,251538,卖盘
570,14:06:08,3.19,--,270,86130,买盘
571,14:06:03,3.19,0.01,15,4785,买盘
572,14:05:58,3.18,-0.01,400,127200,卖盘
573,14:05:53,3.19,--,21,6699,买盘
574,14:05:48,3.19,0.01,89,28391,买盘
575,14:05:42,3.18,--,82,26076,卖盘
576,14:05:38,3.18,-0.01,266,84588,卖盘
577,14:05:33,3.19,0.01,41,13079,买盘
578,14:05:27,3.18,--,1,318,卖盘
579,14:05:12,3.18,--,44,13992,卖盘
580,14:05:08,3.18,--,269,85542,卖盘
581,14:05:03,3.18,-0.01,6,1908,卖盘
582,14:04:48,3.19,0.01,51,16269,买盘
583,14:04:42,3.18,-0.01,831,264258,卖盘
584,14:04:38,3.19,--,464,148016,买盘
585,14:04:27,3.19,0.01,1041,332331,买盘
586,14:04:12,3.18,--,43,13674,卖盘
587,14:04:08,3.18,-0.01,266,84588,卖盘
588,14:04:03,3.19,0.01,16,5104,买盘
589,14:03:57,3.18,--,4,1272,卖盘
590,14:03:53,3.18,-0.01,4,1272,卖盘
591,14:03:48,3.19,--,134,42746,买盘
592,14:03:38,3.19,0.01,296,94424,买盘
593,14:03:32,3.18,--,143,45474,卖盘
594,14:03:17,3.18,--,36,11448,卖盘
595,14:03:12,3.18,--,43,13674,卖盘
596,14:03:08,3.18,--,276,87768,卖盘
597,14:03:02,3.18,--,200,63600,卖盘
598,14:02:57,3.18,--,14,4452,卖盘
599,14:02:53,3.18,--,35,11130,卖盘
600,14:02:47,3.18,-0.01,748,237864,卖盘
601,14:02:42,3.19,0.01,7,2233,买盘
602,14:02:37,3.18,-0.01,271,86178,卖盘
603,14:02:32,3.19,0.01,39,12441,买盘
604,14:02:27,3.18,--,35,11130,卖盘
605,14:02:22,3.18,-0.01,4,1272,卖盘
606,14:02:12,3.19,0.01,40,12760,买盘
607,14:02:07,3.18,--,285,90630,卖盘
608,14:02:02,3.18,--,6,1908,卖盘
609,14:01:52,3.18,--,54,17172,卖盘
610,14:01:47,3.18,--,303,96554,卖盘
611,14:01:37,3.18,--,299,95082,卖盘
612,14:01:27,3.18,-0.01,81,25758,卖盘
613,14:01:22,3.19,--,4,1276,买盘
614,14:01:17,3.19,0.01,762,243078,买盘
615,14:01:12,3.18,--,1,318,卖盘
616,14:01:07,3.18,-0.01,308,97944,卖盘
617,14:01:02,3.19,--,46,14674,买盘
618,14:00:57,3.19,0.01,5,1595,买盘
619,14:00:47,3.18,--,1,318,卖盘
620,14:00:42,3.18,--,42,13356,卖盘
621,14:00:37,3.18,--,304,96672,卖盘
622,14:00:32,3.18,--,1,318,卖盘
623,14:00:27,3.18,--,42,13356,卖盘
624,14:00:22,3.18,--,30,9540,卖盘
625,14:00:17,3.18,--,194,61692,卖盘
626,14:00:12,3.18,--,100,31800,卖盘
627,14:00:07,3.18,-0.01,331,105258,卖盘
628,13:59:57,3.19,0.01,15,4785,买盘
629,13:59:52,3.18,--,200,63600,卖盘
630,13:59:47,3.18,--,2,636,卖盘
631,13:59:42,3.18,--,45,14310,卖盘
632,13:59:37,3.18,--,317,100806,卖盘
633,13:59:27,3.18,--,2,636,卖盘
634,13:59:21,3.18,-0.01,44,13992,卖盘
635,13:59:17,3.19,0.01,32,10208,买盘
636,13:59:12,3.18,--,12,3816,卖盘
637,13:59:07,3.18,--,326,103668,卖盘
638,13:59:02,3.18,--,77,24486,卖盘
639,13:58:57,3.18,-0.01,504,160535,卖盘
640,13:58:52,3.19,--,12,3828,买盘
641,13:58:42,3.19,0.01,38,12122,买盘
642,13:58:36,3.18,--,272,86496,卖盘
643,13:58:27,3.18,-0.01,37,11766,卖盘
644,13:58:12,3.19,0.01,50,15950,买盘
645,13:58:06,3.18,-0.01,308,97944,卖盘
646,13:57:57,3.19,--,428,136532,买盘
647,13:57:51,3.19,0.01,39,12441,买盘
648,13:57:42,3.18,--,83,26394,卖盘
649,13:57:36,3.18,-0.01,266,84588,卖盘
650,13:57:32,3.19,0.01,38,12122,买盘
651,13:57:27,3.18,--,55,17490,卖盘
652,13:57:21,3.18,-0.01,3,954,卖盘
653,13:57:12,3.19,0.01,397,126646,买盘
654,13:57:06,3.18,--,271,86178,卖盘
655,13:57:02,3.18,--,1,318,卖盘
656,13:56:57,3.18,-0.01,748,237864,卖盘
657,13:56:51,3.19,0.01,49,15631,买盘
658,13:56:47,3.18,--,23,7314,卖盘
659,13:56:41,3.18,--,2,636,卖盘
660,13:56:36,3.18,--,605,192549,卖盘
661,13:56:26,3.18,--,7,2226,卖盘
662,13:56:21,3.18,--,1,318,卖盘
663,13:56:17,3.18,--,691,219744,卖盘
664,13:56:06,3.18,--,268,85224,卖盘
665,13:56:02,3.18,-0.01,80,25440,卖盘
666,13:55:56,3.19,--,39,12441,买盘
667,13:55:51,3.19,--,598,190762,买盘
668,13:55:47,3.19,--,5,1595,买盘
669,13:55:41,3.19,--,19,6061,买盘
670,13:55:36,3.19,0.01,310,98890,买盘
671,13:55:31,3.18,-0.01,20,6360,卖盘
672,13:55:21,3.19,--,46,14674,买盘
673,13:55:16,3.19,--,1,319,买盘
674,13:55:11,3.19,0.01,10,3190,买盘
675,13:55:06,3.18,--,318,101124,卖盘
676,13:55:01,3.18,--,989,314505,卖盘
677,13:54:56,3.18,--,1,318,卖盘
678,13:54:51,3.18,-0.01,696,221328,卖盘
679,13:54:41,3.19,--,205,65395,买盘
680,13:54:36,3.19,0.01,304,96976,买盘
681,13:54:31,3.18,--,101,32118,卖盘
682,13:54:26,3.18,--,8,2544,卖盘
683,13:54:21,3.18,-0.01,66,20988,卖盘
684,13:54:11,3.19,0.01,4,1276,买盘
685,13:54:06,3.18,--,316,100488,卖盘
686,13:54:01,3.18,-0.01,128,40704,卖盘
687,13:53:51,3.19,0.01,104,33176,买盘
688,13:53:46,3.18,-0.01,204,64872,卖盘
689,13:53:41,3.19,0.01,89,28391,买盘
690,13:53:36,3.18,-0.01,268,85224,卖盘
691,13:53:31,3.19,0.01,20,6380,买盘
692,13:53:26,3.18,-0.01,452,143736,卖盘
693,13:53:21,3.19,--,42,13398,买盘
694,13:53:16,3.19,--,7,2233,买盘
695,13:53:11,3.19,0.01,10,3190,买盘
696,13:53:06,3.18,--,840,267202,卖盘
697,13:52:56,3.18,--,1,318,卖盘
698,13:52:51,3.18,-0.01,5,1590,卖盘
699,13:52:46,3.19,--,48,15312,买盘
700,13:52:41,3.19,0.01,37,11803,买盘
701,13:52:36,3.18,--,278,88404,卖盘
702,13:52:31,3.18,--,249,79182,卖盘
703,13:52:26,3.18,--,30,9540,卖盘
704,13:52:21,3.18,-0.01,42,13356,卖盘
705,13:52:15,3.19,0.01,1025,326981,买盘
706,13:52:11,3.18,--,3,954,卖盘
707,13:52:06,3.18,--,311,98898,卖盘
708,13:52:00,3.18,--,11,3498,卖盘
709,13:51:56,3.18,-0.01,34,10812,卖盘
710,13:51:51,3.19,--,3,957,买盘
711,13:51:45,3.19,0.01,39,12441,买盘
712,13:51:41,3.18,--,1,318,卖盘
713,13:51:36,3.18,--,268,85224,卖盘
714,13:51:30,3.18,--,8,2544,卖盘
715,13:51:26,3.18,--,97,30846,卖盘
716,13:51:21,3.18,--,1,318,卖盘
717,13:51:15,3.18,--,200,63600,卖盘
718,13:51:11,3.18,-0.01,171,54378,卖盘
719,13:51:06,3.19,0.01,384,122496,买盘
720,13:51:00,3.18,--,7,2226,卖盘
721,13:50:55,3.18,--,642,204162,卖盘
722,13:50:51,3.18,--,55,17490,卖盘
723,13:50:45,3.18,-0.01,3,954,卖盘
724,13:50:41,3.19,0.01,316,100804,买盘
725,13:50:36,3.18,--,377,119886,卖盘
726,13:50:30,3.18,--,526,167287,卖盘
727,13:50:26,3.18,--,391,124338,卖盘
728,13:50:21,3.18,--,159,50562,卖盘
729,13:50:15,3.18,--,5,1590,卖盘
730,13:50:05,3.18,-0.01,266,84588,卖盘
731,13:50:00,3.19,--,260,82940,买盘
732,13:49:56,3.19,0.01,764,243716,买盘
733,13:49:51,3.18,--,224,71232,卖盘
734,13:49:45,3.18,-0.01,364,115752,卖盘
735,13:49:41,3.19,--,94,29986,买盘
736,13:49:36,3.19,--,955,304645,买盘
737,13:49:30,3.19,0.01,650,207621,买盘
738,13:49:26,3.18,-0.01,167,53106,卖盘
739,13:49:20,3.19,--,741,236379,买盘
740,13:49:15,3.19,--,696,222024,买盘
741,13:49:10,3.19,--,127,40513,买盘
742,13:49:05,3.19,0.01,531,169389,买盘
743,13:49:00,3.18,-0.01,394,125292,卖盘
744,13:48:55,3.19,0.01,896,285824,买盘
745,13:48:50,3.18,--,598,190164,卖盘
746,13:48:45,3.18,-0.01,413,131334,卖盘
747,13:48:41,3.19,0.01,439,140041,买盘
748,13:48:35,3.18,-0.01,140,44520,卖盘
749,13:48:26,3.19,0.01,248,79112,买盘
750,13:48:20,3.18,--,1,318,卖盘
751,13:48:15,3.18,-0.01,317,100806,卖盘
752,13:48:11,3.19,0.01,496,158224,买盘
753,13:48:05,3.18,-0.01,32,10176,卖盘
754,13:47:55,3.19,0.01,1047,334165,买盘
755,13:47:50,3.18,--,3,954,卖盘
756,13:47:45,3.18,-0.01,50,15900,卖盘
757,13:47:40,3.19,--,642,204798,买盘
758,13:47:30,3.19,0.01,329,104951,买盘
759,13:47:25,3.18,--,262,83316,卖盘
760,13:47:15,3.18,--,105,33390,卖盘
761,13:47:10,3.18,-0.01,619,196842,卖盘
762,13:47:05,3.19,0.01,1,319,买盘
763,13:47:00,3.18,--,39,12402,卖盘
764,13:46:55,3.18,--,61,19398,卖盘
765,13:46:50,3.18,--,30,9540,卖盘
766,13:46:45,3.18,-0.01,1,318,卖盘
767,13:46:40,3.19,0.01,111,35409,买盘
768,13:46:35,3.18,--,50,15900,卖盘
769,13:46:30,3.18,--,1,318,卖盘
770,13:46:20,3.18,-0.01,17,5406,卖盘
771,13:46:15,3.19,0.01,141,44979,买盘
772,13:46:10,3.18,--,313,99534,卖盘
773,13:46:05,3.18,--,1,318,卖盘
774,13:46:00,3.18,--,132,41976,卖盘
775,13:45:55,3.18,-0.01,3,954,卖盘
776,13:45:45,3.19,0.01,37,11803,买盘
777,13:45:40,3.18,--,315,100170,卖盘
778,13:45:35,3.18,-0.01,33,10494,卖盘
779,13:45:30,3.19,--,55,17545,买盘
780,13:45:25,3.19,--,699,222981,买盘
781,13:45:15,3.19,--,1486,474187,买盘
782,13:45:10,3.19,0.01,521,166199,买盘
783,13:45:05,3.18,-0.01,1,318,卖盘
784,13:45:00,3.19,0.01,383,122177,买盘
785,13:44:54,3.18,-0.01,21,6678,卖盘
786,13:44:44,3.19,--,409,130471,买盘
787,13:44:40,3.19,--,336,107184,买盘
788,13:44:35,3.19,--,2,638,买盘
789,13:44:30,3.19,0.01,10,3190,买盘
790,13:44:24,3.18,-0.01,297,94446,卖盘
791,13:44:15,3.19,0.01,63,20097,买盘
792,13:44:09,3.18,--,601,191118,卖盘
793,13:43:54,3.18,-0.01,158,50244,卖盘
794,13:43:45,3.19,0.01,52,16588,买盘
795,13:43:39,3.18,--,375,119250,卖盘
796,13:43:35,3.18,--,20,6360,卖盘
797,13:43:30,3.18,--,43,13674,卖盘
798,13:43:24,3.18,--,6,1908,卖盘
799,13:43:15,3.18,-0.01,2,636,卖盘
800,13:43:09,3.19,0.01,355,113245,买盘
801,13:43:04,3.18,--,1,318,卖盘
802,13:43:00,3.18,--,10,3180,卖盘
803,13:42:54,3.18,--,711,226098,卖盘
804,13:42:49,3.18,--,1,318,卖盘
805,13:42:45,3.18,--,724,230235,卖盘
806,13:42:39,3.18,--,536,170448,卖盘
807,13:42:34,3.18,-0.01,19,6042,卖盘
808,13:42:24,3.19,0.01,36,11484,买盘
809,13:42:19,3.18,-0.01,1,318,卖盘
810,13:42:14,3.19,0.01,30,9570,买盘
811,13:42:09,3.18,-0.01,427,135786,卖盘
812,13:42:04,3.19,0.01,53,16907,买盘
813,13:42:00,3.18,--,23,7314,卖盘
814,13:41:54,3.18,--,455,144690,卖盘
815,13:41:44,3.18,-0.01,37,11766,卖盘
816,13:41:39,3.19,0.01,320,102080,买盘
817,13:41:34,3.18,-0.01,100,31800,卖盘
818,13:41:29,3.19,0.01,400,127600,买盘
819,13:41:24,3.18,-0.01,103,32754,卖盘
820,13:41:19,3.19,--,150,47850,买盘
821,13:41:14,3.19,--,61,19459,买盘
822,13:41:08,3.19,--,484,154396,买盘
823,13:40:59,3.19,--,833,265727,买盘
824,13:40:53,3.19,--,1327,423313,买盘
825,13:40:49,3.19,--,131,41789,买盘
826,13:40:44,3.19,0.01,301,96019,买盘
827,13:40:38,3.18,--,317,100806,卖盘
828,13:40:34,3.18,-0.01,199,63282,卖盘
829,13:40:24,3.19,0.01,38,12122,买盘
830,13:40:19,3.18,--,138,43884,卖盘
831,13:40:14,3.18,--,116,36888,卖盘
832,13:40:08,3.18,--,416,132288,卖盘
833,13:40:04,3.18,--,62,19716,卖盘
834,13:39:59,3.18,--,180,57240,卖盘
835,13:39:53,3.18,--,471,149778,卖盘
836,13:39:49,3.18,-0.01,526,167357,卖盘
837,13:39:38,3.19,0.01,367,117073,买盘
838,13:39:34,3.18,-0.01,15,4770,卖盘
839,13:39:29,3.19,--,69,22011,买盘
840,13:39:23,3.19,0.01,37,11803,买盘
841,13:39:19,3.18,--,98,31164,卖盘
842,13:39:08,3.18,--,340,108120,卖盘
843,13:39:04,3.18,-0.01,39,12402,卖盘
844,13:38:53,3.19,--,24,7656,买盘
845,13:38:49,3.19,--,93,29667,买盘
846,13:38:44,3.19,0.01,36,11484,买盘
847,13:38:38,3.18,--,420,133560,卖盘
848,13:38:34,3.18,--,548,174264,卖盘
849,13:38:29,3.18,--,6,1908,卖盘
850,13:38:23,3.18,--,282,89676,卖盘
851,13:38:19,3.18,--,19,6042,卖盘
852,13:38:14,3.18,--,10,3180,卖盘
853,13:38:08,3.18,-0.01,315,100170,卖盘
854,13:38:04,3.19,0.01,53,16907,买盘
855,13:37:59,3.18,--,47,14946,卖盘
856,13:37:53,3.18,--,991,315138,卖盘
857,13:37:49,3.18,--,48,15264,卖盘
858,13:37:44,3.18,--,497,158046,卖盘
859,13:37:38,3.18,-0.01,400,127200,卖盘
860,13:37:34,3.19,--,51,16269,买盘
861,13:37:29,3.19,0.01,40,12760,买盘
862,13:37:23,3.18,--,15,4770,卖盘
863,13:37:19,3.18,--,801,254778,卖盘
864,13:37:14,3.18,-0.01,1,318,卖盘
865,13:37:08,3.19,0.01,1701,542619,买盘
866,13:37:04,3.18,--,1,318,卖盘
867,13:36:53,3.18,--,40,12720,卖盘
868,13:36:38,3.18,-0.01,361,114798,卖盘
869,13:36:33,3.19,0.01,198,63162,买盘
870,13:36:23,3.18,-0.01,17,5406,卖盘
871,13:36:19,3.19,0.01,2,638,买盘
872,13:36:14,3.18,--,356,113208,卖盘
873,13:36:08,3.18,--,515,163770,卖盘
874,13:36:02,3.18,-0.01,1,318,卖盘
875,13:35:53,3.19,--,2,638,买盘
876,13:35:47,3.19,0.01,1961,625559,买盘
877,13:35:43,3.18,-0.01,47,14946,卖盘
878,13:35:38,3.19,0.01,520,165880,买盘
879,13:35:32,3.18,-0.01,8,2544,卖盘
880,13:35:28,3.19,0.01,37,11803,买盘
881,13:35:23,3.18,--,5,1590,卖盘
882,13:35:13,3.18,-0.01,1,318,卖盘
883,13:35:08,3.19,0.01,367,117073,买盘
884,13:35:02,3.18,--,26,8268,卖盘
885,13:34:58,3.18,--,17,5406,卖盘
886,13:34:53,3.18,-0.01,45,14310,卖盘
887,13:34:47,3.19,0.01,45,14355,买盘
888,13:34:43,3.18,--,1,318,卖盘
889,13:34:38,3.18,--,313,99534,卖盘
890,13:34:32,3.18,--,657,209037,卖盘
891,13:34:28,3.18,-0.01,10,3180,卖盘
892,13:34:23,3.19,0.01,342,109098,买盘
893,13:34:17,3.18,-0.01,137,43566,卖盘
894,13:34:08,3.19,--,469,149611,买盘
895,13:34:02,3.19,0.01,437,139403,买盘
896,13:33:58,3.18,-0.01,31,9858,卖盘
897,13:33:53,3.19,0.01,316,100804,买盘
898,13:33:47,3.18,-0.01,896,284928,卖盘
899,13:33:38,3.19,0.01,330,105270,买盘
900,13:33:32,3.18,-0.01,48,15264,卖盘
901,13:33:17,3.19,--,198,63162,买盘
902,13:33:13,3.19,--,283,90277,买盘
903,13:33:08,3.19,--,314,100166,买盘
904,13:33:02,3.19,0.01,61,19459,买盘
905,13:32:53,3.18,--,32,10176,卖盘
906,13:32:47,3.18,-0.01,670,213063,卖盘
907,13:32:43,3.19,0.01,52,16588,买盘
908,13:32:38,3.18,--,314,99852,卖盘
909,13:32:32,3.18,-0.01,1,318,卖盘
910,13:32:28,3.19,0.01,95,30305,买盘
911,13:32:23,3.18,--,1,318,卖盘
912,13:32:17,3.18,--,1,318,卖盘
913,13:32:13,3.18,-0.01,29,9222,卖盘
914,13:32:08,3.19,--,333,106227,买盘
915,13:32:02,3.19,0.01,58,18502,买盘
916,13:31:58,3.18,-0.01,20,6360,卖盘
917,13:31:47,3.19,--,1,319,买盘
918,13:31:43,3.19,0.01,599,191119,买盘
919,13:31:38,3.18,--,314,99852,卖盘
920,13:31:32,3.18,-0.01,56,17808,卖盘
921,13:31:28,3.19,0.01,90,28710,买盘
922,13:31:13,3.18,--,89,28302,卖盘
923,13:31:08,3.18,--,313,99534,卖盘
924,13:31:02,3.18,-0.01,1,318,卖盘
925,13:30:58,3.19,--,111,35409,买盘
926,13:30:53,3.19,--,9,2871,买盘
927,13:30:47,3.19,0.01,99,31581,买盘
928,13:30:38,3.18,-0.01,335,106530,卖盘
929,13:30:32,3.19,--,46,14674,买盘
930,13:30:28,3.19,0.01,1,319,买盘
931,13:30:23,3.18,--,1,318,卖盘
932,13:30:17,3.18,-0.01,4,1272,卖盘
933,13:30:13,3.19,0.01,105,33495,买盘
934,13:30:08,3.18,--,313,99534,卖盘
935,13:30:02,3.18,-0.01,5,1590,卖盘
936,13:29:53,3.19,0.01,40,12760,买盘
937,13:29:47,3.18,--,2,636,卖盘
938,13:29:43,3.18,--,892,283656,卖盘
939,13:29:38,3.18,-0.01,314,99852,卖盘
940,13:29:32,3.19,0.01,42,13398,买盘
941,13:29:28,3.18,--,1,318,卖盘
942,13:29:23,3.18,-0.01,628,199710,卖盘
943,13:29:17,3.19,--,53,16907,买盘
944,13:29:13,3.19,0.01,4,1276,买盘
945,13:29:08,3.18,--,364,115752,卖盘
946,13:28:58,3.18,--,683,217473,卖盘
947,13:28:47,3.18,--,1,318,卖盘
948,13:28:43,3.18,-0.01,2812,894216,卖盘
949,13:28:38,3.19,0.01,378,120582,买盘
950,13:28:32,3.18,--,31,9858,卖盘
951,13:28:26,3.18,-0.01,218,69324,卖盘
952,13:28:23,3.19,--,2,638,买盘
953,13:28:17,3.19,--,178,56782,买盘
954,13:28:12,3.19,0.01,52,16588,买盘
955,13:28:07,3.18,-0.01,314,99852,卖盘
956,13:27:56,3.19,0.01,3806,1214114,买盘
957,13:27:53,3.18,--,942,299562,卖盘
958,13:27:41,3.18,-0.01,108,34344,卖盘
959,13:27:37,3.19,0.01,345,110055,买盘
960,13:27:32,3.18,--,13,4134,卖盘
961,13:27:26,3.18,--,1,318,卖盘
962,13:27:23,3.18,-0.01,192,61056,卖盘
963,13:27:17,3.19,--,135,43065,买盘
964,13:27:07,3.19,0.01,353,112607,买盘
965,13:27:02,3.18,-0.01,166,52788,卖盘
966,13:26:56,3.19,--,49,15631,买盘
967,13:26:47,3.19,0.01,8,2552,买盘
968,13:26:41,3.18,--,181,57558,卖盘
969,13:26:37,3.18,-0.01,314,99852,卖盘
970,13:26:32,3.19,--,44,14036,买盘
971,13:26:26,3.19,0.01,755,240845,买盘
972,13:26:22,3.18,-0.01,170,54060,卖盘
973,13:26:11,3.19,0.01,35,11165,买盘
974,13:26:07,3.18,-0.01,911,289767,卖盘
975,13:26:02,3.19,0.01,216,68904,买盘
976,13:25:56,3.18,-0.01,1843,586074,卖盘
977,13:25:52,3.19,0.01,32,10208,买盘
978,13:25:41,3.18,--,208,66144,卖盘
979,13:25:37,3.18,--,315,100170,卖盘
980,13:25:32,3.18,-0.01,45,14310,卖盘
981,13:25:26,3.19,0.01,765,244035,买盘
982,13:25:22,3.18,--,16,5088,卖盘
983,13:25:17,3.18,--,36,11448,卖盘
984,13:25:07,3.18,--,410,130380,卖盘
985,13:25:02,3.18,--,36,11448,卖盘
986,13:24:56,3.18,-0.01,4,1272,卖盘
987,13:24:46,3.19,--,32,10208,买盘
988,13:24:41,3.19,--,68,21692,买盘
989,13:24:37,3.19,0.01,512,163328,买盘
990,13:24:31,3.18,--,2,636,卖盘
991,13:24:26,3.18,-0.01,5,1590,卖盘
992,13:24:22,3.19,0.01,249,79431,买盘
993,13:24:16,3.18,--,20,6360,卖盘
994,13:24:07,3.18,--,355,112890,卖盘
995,13:23:56,3.18,--,34,10812,卖盘
996,13:23:52,3.18,-0.01,51,16218,卖盘
997,13:23:41,3.19,--,7,2233,买盘
998,13:23:37,3.19,0.01,386,123134,买盘
999,13:23:26,3.18,-0.01,1,318,卖盘
1000,13:23:22,3.19,0.01,13,4147,买盘
1001,13:23:11,3.18,-0.01,273,86960,卖盘
1002,13:23:07,3.19,0.01,326,103994,买盘
1003,13:23:01,3.18,-0.01,942,299562,卖盘
1004,13:22:56,3.19,0.01,1,319,买盘
1005,13:22:52,3.18,-0.01,4,1272,卖盘
1006,13:22:46,3.19,0.01,43,13717,买盘
1007,13:22:41,3.18,--,253,80454,卖盘
1008,13:22:37,3.18,--,313,99534,卖盘
1009,13:22:31,3.18,--,37,11766,卖盘
1010,13:22:26,3.18,-0.01,550,174900,卖盘
1011,13:22:22,3.19,0.01,31,9889,买盘
1012,13:22:16,3.18,--,5,1590,卖盘
1013,13:22:11,3.18,--,1,318,卖盘
1014,13:22:07,3.18,-0.01,334,106212,卖盘
1015,13:22:01,3.19,--,36,11484,买盘
1016,13:21:56,3.19,--,90,28710,买盘
1017,13:21:41,3.19,--,37,11803,买盘
1018,13:21:37,3.19,0.01,315,100485,买盘
1019,13:21:31,3.18,--,20,6360,卖盘
1020,13:21:26,3.18,-0.01,662,210516,卖盘
1021,13:21:21,3.19,0.01,2569,819511,买盘
1022,13:21:07,3.18,-0.01,1064,338352,卖盘
1023,13:21:01,3.19,--,197,62843,买盘
1024,13:20:56,3.19,--,787,251053,买盘
1025,13:20:51,3.19,0.01,38,12122,买盘
1026,13:20:41,3.18,--,35,11130,卖盘
1027,13:20:37,3.18,--,314,99852,卖盘
1028,13:20:31,3.18,--,1,318,卖盘
1029,13:20:26,3.18,-0.01,594,188984,卖盘
1030,13:20:21,3.19,0.01,67,21373,买盘
1031,13:20:16,3.18,--,130,41340,卖盘
1032,13:20:05,3.18,--,314,99852,卖盘
1033,13:20:01,3.18,--,1,318,卖盘
1034,13:19:56,3.18,--,107,34026,卖盘
1035,13:19:50,3.18,--,1,318,卖盘
1036,13:19:46,3.18,--,35,11130,卖盘
1037,13:19:41,3.18,--,65,20670,卖盘
1038,13:19:35,3.18,-0.01,314,99906,卖盘
1039,13:19:20,3.19,--,325,103675,买盘
1040,13:19:11,3.19,0.01,754,240526,买盘
1041,13:19:05,3.18,--,419,133242,卖盘
1042,13:19:01,3.18,-0.01,1,318,卖盘
1043,13:18:56,3.19,--,5,1595,买盘
1044,13:18:50,3.19,--,33,10527,买盘
1045,13:18:41,3.19,0.01,2,638,买盘
1046,13:18:35,3.18,--,355,112890,卖盘
1047,13:18:26,3.18,--,1014,322452,卖盘
1048,13:18:20,3.18,--,87,27666,卖盘
1049,13:18:16,3.18,--,1,318,卖盘
1050,13:18:05,3.18,-0.01,314,99852,卖盘
1051,13:17:50,3.19,0.01,47,14993,买盘
1052,13:17:41,3.18,--,50,15900,卖盘
1053,13:17:35,3.18,--,801,254775,卖盘
1054,13:17:26,3.18,-0.01,1,318,卖盘
1055,13:17:20,3.19,0.01,35,11165,买盘
1056,13:17:16,3.18,--,100,31800,卖盘
1057,13:17:11,3.18,--,4,1272,卖盘
1058,13:17:05,3.18,--,386,122748,卖盘
1059,13:16:55,3.18,--,5,1590,卖盘
1060,13:16:46,3.18,-0.01,66,20988,卖盘
1061,13:16:41,3.19,0.01,794,253286,买盘
1062,13:16:35,3.18,-0.01,313,99534,卖盘
1063,13:16:26,3.19,0.01,100,31900,买盘
1064,13:16:20,3.18,-0.01,50,15900,卖盘
1065,13:16:16,3.19,0.01,1,319,买盘
1066,13:16:10,3.18,--,130,41340,卖盘
1067,13:16:05,3.18,-0.01,313,99534,卖盘
1068,13:16:01,3.19,--,74,23606,买盘
1069,13:15:55,3.19,0.01,1,319,买盘
1070,13:15:50,3.18,--,1,318,卖盘
1071,13:15:46,3.18,--,446,141828,卖盘
1072,13:15:40,3.18,--,425,135150,卖盘
1073,13:15:35,3.18,-0.01,1063,338034,卖盘
1074,13:15:30,3.19,0.01,80,25615,买盘
1075,13:15:20,3.18,--,9,2862,卖盘
1076,13:15:15,3.18,--,262,83316,卖盘
1077,13:15:05,3.18,--,315,100170,卖盘
1078,13:15:00,3.18,--,114,36252,卖盘
1079,13:14:50,3.18,--,1,318,卖盘
1080,13:14:45,3.18,--,57,18126,卖盘
1081,13:14:35,3.18,--,314,99852,卖盘
1082,13:14:30,3.18,--,1,318,卖盘
1083,13:14:15,3.18,--,1,318,卖盘
1084,13:14:05,3.18,-0.01,1437,456966,卖盘
1085,13:14:00,3.19,0.01,16,5104,买盘
1086,13:13:50,3.18,--,36,11448,卖盘
1087,13:13:35,3.18,-0.01,317,100806,卖盘
1088,13:13:30,3.19,--,100,31900,买盘
1089,13:13:25,3.19,--,18,5742,买盘
1090,13:13:20,3.19,--,4,1276,买盘
1091,13:13:15,3.19,--,6810,2172390,买盘
1092,13:13:10,3.19,0.01,93,29667,买盘
1093,13:13:05,3.18,-0.01,314,99852,卖盘
1094,13:13:00,3.19,--,1,319,买盘
1095,13:12:50,3.19,0.01,6,1914,买盘
1096,13:12:45,3.18,-0.01,628,199710,卖盘
1097,13:12:35,3.19,0.01,325,103675,买盘
1098,13:12:29,3.18,--,10,3180,卖盘
1099,13:12:20,3.18,--,232,73776,卖盘
1100,13:12:14,3.18,--,105,33390,卖盘
1101,13:12:05,3.18,-0.01,912,290016,卖盘
1102,13:11:59,3.19,0.01,1,319,买盘
1103,13:11:55,3.18,-0.01,206,65508,卖盘
1104,13:11:44,3.19,0.01,59,18821,买盘
1105,13:11:35,3.18,--,324,103032,卖盘
1106,13:11:29,3.18,--,1012,321816,卖盘
1107,13:11:25,3.18,--,100,31800,卖盘
1108,13:11:20,3.18,--,1628,517707,卖盘
1109,13:11:14,3.18,--,34,10812,卖盘
1110,13:11:10,3.18,--,3,954,卖盘
1111,13:11:05,3.18,--,314,99852,卖盘
1112,13:10:59,3.18,--,4,1272,卖盘
1113,13:10:55,3.18,--,2,636,卖盘
1114,13:10:44,3.18,--,6,1908,卖盘
1115,13:10:35,3.18,-0.01,334,106212,卖盘
1116,13:10:29,3.19,--,102,32538,买盘
1117,13:10:25,3.19,--,25,7975,买盘
1118,13:10:20,3.19,0.01,10,3190,买盘
1119,13:10:14,3.18,-0.01,198,62964,卖盘
1120,13:10:05,3.19,0.01,325,103675,买盘
1121,13:09:59,3.18,-0.01,1,318,卖盘
1122,13:09:50,3.19,0.01,131,41789,买盘
1123,13:09:44,3.18,--,1,318,卖盘
1124,13:09:35,3.18,--,314,99852,卖盘
1125,13:09:29,3.18,-0.01,942,299562,卖盘
1126,13:09:20,3.19,--,2,638,买盘
1127,13:09:14,3.19,0.01,51,16269,买盘
1128,13:09:10,3.18,--,2,636,卖盘
1129,13:09:05,3.18,--,433,137694,卖盘
1130,13:08:59,3.18,--,9,2862,卖盘
1131,13:08:44,3.18,--,16,5088,卖盘
1132,13:08:34,3.18,--,314,99852,卖盘
1133,13:08:29,3.18,-0.01,12,3816,卖盘
1134,13:08:20,3.19,--,73,23287,买盘
1135,13:08:14,3.19,--,16,5104,买盘
1136,13:08:10,3.19,--,11,3509,买盘
1137,13:08:04,3.19,--,231,73689,卖盘
1138,13:07:59,3.19,--,234,74646,卖盘
1139,13:07:55,3.19,--,385,122815,卖盘
1140,13:07:44,3.19,--,40,12760,卖盘
1141,13:07:39,3.19,--,1076,343330,买盘
1142,13:07:29,3.19,0.01,3,957,买盘
1143,13:07:24,3.18,--,130,41340,卖盘
1144,13:07:19,3.18,--,130,41340,卖盘
1145,13:07:14,3.18,-0.01,1,318,卖盘
1146,13:07:09,3.19,--,386,123134,买盘
1147,13:07:04,3.19,--,257,81983,买盘
1148,13:06:59,3.19,--,546,174339,卖盘
1149,13:06:54,3.19,--,272,86768,卖盘
1150,13:06:49,3.19,--,477,152163,卖盘
1151,13:06:44,3.19,--,971,309749,卖盘
1152,13:06:34,3.19,--,313,99847,卖盘
1153,13:06:14,3.19,--,3,957,卖盘
1154,13:06:09,3.19,--,1695,540705,卖盘
1155,13:06:04,3.19,--,314,100166,卖盘
1156,13:05:54,3.19,--,430,137170,卖盘
1157,13:05:49,3.19,--,31,9889,卖盘
1158,13:05:44,3.19,--,32,10208,卖盘
1159,13:05:39,3.19,--,3911,1247609,卖盘
1160,13:05:34,3.19,--,319,101761,卖盘
1161,13:05:29,3.19,--,314,100169,卖盘
1162,13:05:24,3.19,-0.01,6,1914,卖盘
1163,13:05:09,3.2,0.01,32,10240,买盘
1164,13:05:04,3.19,--,315,100485,卖盘
1165,13:04:59,3.19,--,1,319,卖盘
1166,13:04:54,3.19,--,84,26796,卖盘
1167,13:04:49,3.19,--,198,63162,卖盘
1168,13:04:44,3.19,--,200,63800,卖盘
1169,13:04:39,3.19,--,292,93148,卖盘
1170,13:04:34,3.19,--,363,115797,卖盘
1171,13:04:29,3.19,--,14,4466,卖盘
1172,13:04:23,3.19,--,50,15950,卖盘
1173,13:04:19,3.19,-0.01,330,105270,卖盘
1174,13:04:14,3.2,0.01,45,14400,买盘
1175,13:04:09,3.19,--,100,31900,卖盘
1176,13:04:04,3.19,--,1063,339097,卖盘
1177,13:03:59,3.19,-0.01,131,41789,卖盘
1178,13:03:54,3.2,0.01,82,26240,买盘
1179,13:03:49,3.19,--,118,37642,卖盘
1180,13:03:44,3.19,-0.01,2,638,卖盘
1181,13:03:38,3.2,0.01,340,108800,买盘
1182,13:03:34,3.19,--,313,99847,卖盘
1183,13:03:23,3.19,-0.01,71,22649,卖盘
1184,13:03:14,3.2,0.01,262,83840,买盘
1185,13:03:04,3.19,--,549,175131,卖盘
1186,13:02:59,3.19,-0.01,632,201611,卖盘
1187,13:02:53,3.2,--,245,78400,买盘
1188,13:02:49,3.2,0.01,131,41920,买盘
1189,13:02:44,3.19,-0.01,374,119306,卖盘
1190,13:02:38,3.2,0.01,724,231680,买盘
1191,13:02:29,3.19,--,314,100166,卖盘
1192,13:02:19,3.19,-0.01,590,188210,卖盘
1193,13:02:14,3.2,0.01,259,82880,买盘
1194,13:02:08,3.19,--,4591,1464529,卖盘
1195,13:02:04,3.19,--,1,319,卖盘
1196,13:01:59,3.19,--,3801,1212519,卖盘
1197,13:01:44,3.19,--,5,1595,卖盘
1198,13:01:38,3.19,--,60,19140,卖盘
1199,13:01:34,3.19,--,330,105270,卖盘
1200,13:01:23,3.19,--,100,31900,卖盘
1201,13:01:13,3.19,--,1,319,卖盘
1202,13:01:04,3.19,--,314,100166,卖盘
1203,13:00:53,3.19,--,33,10527,卖盘
1204,13:00:48,3.19,-0.01,1,319,卖盘
1205,13:00:38,3.2,0.01,331,105920,买盘
1206,13:00:33,3.19,--,135,43125,卖盘
1207,13:00:18,3.19,--,1,319,卖盘
1208,13:00:13,3.19,--,12,3828,卖盘
1209,13:00:08,3.19,--,3294,1050872,卖盘
1210,13:00:04,3.19,--,562,179278,卖盘
1211,11:30:00,3.19,--,0,0,卖盘
1212,11:29:59,3.19,--,0,0,卖盘
1213,11:29:59,3.19,--,11,3509,卖盘
1214,11:29:54,3.19,-0.01,8,2552,卖盘
1215,11:29:50,3.2,0.01,10,3200,买盘
1216,11:29:20,3.19,--,7,2233,卖盘
1217,11:29:09,3.19,-0.01,273,87087,卖盘
1218,11:29:05,3.2,--,30,9600,买盘
1219,11:28:54,3.2,0.01,73,23360,买盘
1220,11:28:49,3.19,--,1,319,卖盘
1221,11:28:44,3.19,--,34,10846,卖盘
1222,11:28:39,3.19,--,2,638,卖盘
1223,11:28:34,3.19,-0.01,20,6380,卖盘
1224,11:28:29,3.2,0.01,3,960,买盘
1225,11:28:24,3.19,--,1101,351219,卖盘
1226,11:28:19,3.19,--,20,6380,卖盘
1227,11:28:14,3.19,--,100,31900,卖盘
1228,11:28:09,3.19,-0.01,20,6380,卖盘
1229,11:27:59,3.2,0.01,23,7360,买盘
1230,11:27:54,3.19,--,2,638,卖盘
1231,11:27:49,3.19,--,25,7975,卖盘
1232,11:27:39,3.19,--,114,36366,卖盘
1233,11:27:34,3.19,--,20,6380,卖盘
1234,11:27:24,3.19,--,20,6380,卖盘
1235,11:27:14,3.19,--,24,7656,卖盘
1236,11:27:04,3.19,--,21,6699,卖盘
1237,11:26:59,3.19,--,1,319,卖盘
1238,11:26:54,3.19,--,42,13398,卖盘
1239,11:26:49,3.19,-0.01,73,23287,卖盘
1240,11:26:39,3.2,0.01,154,49280,买盘
1241,11:26:34,3.19,--,125,39875,卖盘
1242,11:26:24,3.19,--,115,36685,卖盘
1243,11:26:19,3.19,--,20,6380,卖盘
1244,11:26:14,3.19,--,134,42746,卖盘
1245,11:26:09,3.19,--,20,6380,卖盘
1246,11:26:04,3.19,--,21,6699,卖盘
1247,11:25:59,3.19,--,132,42108,卖盘
1248,11:25:54,3.19,--,153,48807,卖盘
1249,11:25:49,3.19,--,442,140998,卖盘
1250,11:25:44,3.19,-0.01,21,6699,卖盘
1251,11:25:39,3.2,0.01,10001,3200320,买盘
1252,11:25:33,3.19,--,20,6380,卖盘
1253,11:25:29,3.19,--,104,33176,卖盘
1254,11:25:24,3.19,--,21,6699,卖盘
1255,11:25:18,3.19,--,72,22968,卖盘
1256,11:25:09,3.19,--,20,6380,卖盘
1257,11:25:03,3.19,--,2,638,卖盘
1258,11:24:59,3.19,-0.01,61,19459,卖盘
1259,11:24:54,3.2,0.01,97,31040,买盘
1260,11:24:48,3.19,--,21,6699,卖盘
1261,11:24:44,3.19,--,105,33495,卖盘
1262,11:24:39,3.19,--,20,6380,卖盘
1263,11:24:33,3.19,--,768,244992,卖盘
1264,11:24:24,3.19,--,221,70499,卖盘
1265,11:24:18,3.19,--,1,319,卖盘
1266,11:24:14,3.19,--,237,75603,卖盘
1267,11:24:09,3.19,--,110,35090,卖盘
1268,11:24:03,3.19,-0.01,20,6380,卖盘
1269,11:23:59,3.2,0.01,95,30400,买盘
1270,11:23:54,3.19,--,22,7018,卖盘
1271,11:23:48,3.19,-0.01,20,6380,卖盘
1272,11:23:44,3.2,0.01,72,23040,买盘
1273,11:23:39,3.19,--,110,35090,卖盘
1274,11:23:33,3.19,--,54,17226,卖盘
1275,11:23:29,3.19,--,21,6699,卖盘
1276,11:23:18,3.19,--,21,6699,卖盘
1277,11:23:14,3.19,--,1,319,卖盘
1278,11:23:08,3.19,--,22,7018,卖盘
1279,11:23:03,3.19,--,244,77836,卖盘
1280,11:22:59,3.19,--,30,9570,卖盘
1281,11:22:53,3.19,--,20,6380,卖盘
1282,11:22:48,3.19,--,203,64757,卖盘
1283,11:22:43,3.19,--,20,6380,卖盘
1284,11:22:38,3.19,-0.01,1,319,卖盘
1285,11:22:33,3.2,--,27,8640,买盘
1286,11:22:29,3.2,0.01,21,6720,买盘
1287,11:22:23,3.19,--,1524,486156,卖盘
1288,11:22:18,3.19,-0.01,20,6380,卖盘
1289,11:22:13,3.2,0.01,97,31040,买盘
1290,11:22:08,3.19,--,24,7656,卖盘
1291,11:22:03,3.19,--,2,638,卖盘
1292,11:21:58,3.19,--,20,6380,卖盘
1293,11:21:53,3.19,--,90,28710,卖盘
1294,11:21:48,3.19,--,812,259028,卖盘
1295,11:21:43,3.19,-0.01,20,6380,卖盘
1296,11:21:38,3.2,0.01,27,8640,买盘
1297,11:21:33,3.19,--,20,6380,卖盘
1298,11:21:28,3.19,--,2131,679789,卖盘
1299,11:21:23,3.19,--,162,51678,卖盘
1300,11:21:18,3.19,--,1,319,卖盘
1301,11:21:13,3.19,--,140,44660,卖盘
1302,11:21:08,3.19,--,10,3190,卖盘
1303,11:21:03,3.19,-0.01,20,6380,卖盘
1304,11:20:58,3.2,0.01,5249,1679680,买盘
1305,11:20:48,3.19,--,93,29667,卖盘
1306,11:20:38,3.19,--,20,6380,卖盘
1307,11:20:28,3.19,--,21,6699,卖盘
1308,11:20:23,3.19,--,1,319,卖盘
1309,11:20:18,3.19,--,20,6380,卖盘
1310,11:20:13,3.19,-0.01,30,9570,卖盘
1311,11:20:08,3.2,0.01,1099,351680,买盘
1312,11:20:03,3.19,--,21,6699,卖盘
1313,11:19:58,3.19,--,135,43065,卖盘
1314,11:19:53,3.19,--,20,6380,卖盘
1315,11:19:48,3.19,--,58,18502,卖盘
1316,11:19:43,3.19,--,34,10846,卖盘
1317,11:19:38,3.19,-0.01,1,319,卖盘
1318,11:19:33,3.2,0.01,26,8320,买盘
1319,11:19:27,3.19,--,91,29029,卖盘
1320,11:19:23,3.19,--,252,80388,卖盘
1321,11:19:18,3.19,--,20,6380,卖盘
1322,11:19:12,3.19,-0.01,80,25520,卖盘
1323,11:19:08,3.2,--,129,41280,买盘
1324,11:19:03,3.2,0.01,48,15360,买盘
1325,11:18:57,3.19,--,34,10846,卖盘
1326,11:18:53,3.19,--,3,957,卖盘
1327,11:18:48,3.19,--,50,15950,卖盘
1328,11:18:42,3.19,--,39,12441,卖盘
1329,11:18:38,3.19,--,20,6380,卖盘
1330,11:18:33,3.19,--,112,35728,卖盘
1331,11:18:23,3.19,-0.01,23,7337,卖盘
1332,11:18:18,3.2,0.01,1,320,买盘
1333,11:18:12,3.19,--,201,64119,卖盘
1334,11:18:03,3.19,--,78,24882,卖盘
1335,11:17:57,3.19,-0.01,32,10208,卖盘
1336,11:17:48,3.2,0.01,23,7360,买盘
1337,11:17:42,3.19,--,29,9251,卖盘
1338,11:17:38,3.19,--,92,29348,卖盘
1339,11:17:33,3.19,--,28,8932,卖盘
1340,11:17:27,3.19,-0.01,21,6699,卖盘
1341,11:17:23,3.2,0.01,20,6400,买盘
1342,11:17:18,3.19,-0.01,45,14355,卖盘
1343,11:17:12,3.2,0.01,130,41600,买盘
1344,11:17:08,3.19,--,20,6380,卖盘
1345,11:17:03,3.19,--,21,6699,卖盘
1346,11:16:53,3.19,--,20,6380,卖盘
1347,11:16:48,3.19,--,35,11165,卖盘
1348,11:16:42,3.19,-0.01,150,47850,卖盘
1349,11:16:33,3.2,0.01,827,264640,买盘
1350,11:16:27,3.19,-0.01,63,20097,卖盘
1351,11:16:23,3.2,0.01,109,34880,买盘
1352,11:16:17,3.19,--,32,10208,卖盘
1353,11:16:07,3.19,--,20,6380,卖盘
1354,11:16:02,3.19,--,1,319,卖盘
1355,11:15:57,3.19,--,20,6380,卖盘
1356,11:15:48,3.19,-0.01,20,6380,卖盘
1357,11:15:42,3.2,0.01,493,157760,买盘
1358,11:15:38,3.19,--,1,319,卖盘
1359,11:15:32,3.19,--,20,6380,卖盘
1360,11:15:27,3.19,--,67,21373,卖盘
1361,11:15:22,3.19,--,20,6380,卖盘
1362,11:15:12,3.19,--,20,6380,卖盘
1363,11:15:07,3.19,--,20,6380,卖盘
1364,11:15:02,3.19,--,1,319,卖盘
1365,11:14:57,3.19,--,22,7018,卖盘
1366,11:14:47,3.19,--,20,6380,卖盘
1367,11:14:42,3.19,--,66,21054,卖盘
1368,11:14:37,3.19,--,40,12760,卖盘
1369,11:14:27,3.19,--,138,44022,卖盘
1370,11:14:22,3.19,--,51,16269,卖盘
1371,11:14:17,3.19,--,40,12760,卖盘
1372,11:14:12,3.19,--,20,6380,卖盘
1373,11:14:07,3.19,--,10,3190,卖盘
1374,11:14:02,3.19,--,20,6380,卖盘
1375,11:13:56,3.19,--,66,21054,卖盘
1376,11:13:52,3.19,--,21,6699,卖盘
1377,11:13:42,3.19,--,192,61248,卖盘
1378,11:13:37,3.19,--,40,12760,卖盘
1379,11:13:27,3.19,--,25,7975,卖盘
1380,11:13:17,3.19,-0.01,21,6699,卖盘
1381,11:13:12,3.2,0.01,237,75840,买盘
1382,11:13:07,3.19,--,891,284229,卖盘
1383,11:13:02,3.19,--,26,8294,卖盘
1384,11:12:57,3.19,--,22,7018,卖盘
1385,11:12:52,3.19,--,7,2233,卖盘
1386,11:12:47,3.19,--,20,6380,卖盘
1387,11:12:42,3.19,-0.01,71,22649,卖盘
1388,11:12:32,3.2,0.01,218,69760,买盘
1389,11:12:27,3.19,--,20,6380,卖盘
1390,11:12:21,3.19,--,21,6699,卖盘
1391,11:12:17,3.19,--,90,28710,卖盘
1392,11:12:11,3.19,--,23,7337,卖盘
1393,11:12:06,3.19,--,272,86768,卖盘
1394,11:12:02,3.19,--,5,1595,卖盘
1395,11:11:57,3.19,--,20,6380,卖盘
1396,11:11:51,3.19,--,83,26477,卖盘
1397,11:11:47,3.19,--,31,9889,卖盘
1398,11:11:42,3.19,--,80,25520,卖盘
1399,11:11:36,3.19,--,20,6380,卖盘
1400,11:11:27,3.19,--,112,35728,卖盘
1401,11:11:21,3.19,--,90,28710,卖盘
1402,11:11:17,3.19,--,1,319,卖盘
1403,11:11:12,3.19,--,2,638,卖盘
1404,11:11:06,3.19,--,20,6380,卖盘
1405,11:11:02,3.19,--,20,6380,卖盘
1406,11:10:57,3.19,0.01,428,136532,买盘
1407,11:10:51,3.18,--,70,22260,卖盘
1408,11:10:46,3.18,--,1,318,卖盘
1409,11:10:42,3.18,-0.01,21,6678,卖盘
1410,11:10:36,3.19,0.01,130,41470,买盘
1411,11:10:27,3.18,--,20,6360,卖盘
1412,11:10:21,3.18,--,10,3180,卖盘
1413,11:10:16,3.18,-0.01,22,6996,卖盘
1414,11:10:12,3.19,0.01,2,638,买盘
1415,11:10:06,3.18,-0.01,33,10494,卖盘
1416,11:10:02,3.19,0.01,10,3190,买盘
1417,11:09:57,3.18,--,31,9858,卖盘
1418,11:09:51,3.18,--,20,6360,卖盘
1419,11:09:36,3.18,--,91,28938,卖盘
1420,11:09:31,3.18,-0.01,21,6678,卖盘
1421,11:09:27,3.19,--,180,57420,买盘
1422,11:09:21,3.19,--,21,6699,买盘
1423,11:09:16,3.19,--,40,12760,买盘
1424,11:09:11,3.19,0.01,218,69542,买盘
1425,11:09:01,3.18,--,20,6360,卖盘
1426,11:08:56,3.18,-0.01,834,265212,卖盘
1427,11:08:51,3.19,--,19,6061,卖盘
1428,11:08:46,3.19,--,2,638,卖盘
1429,11:08:41,3.19,--,31,9889,买盘
1430,11:08:36,3.19,0.01,54,17226,买盘
1431,11:08:31,3.18,-0.01,20,6360,卖盘
1432,11:08:26,3.19,0.01,2,638,买盘
1433,11:08:21,3.18,--,21,6678,卖盘
1434,11:08:16,3.18,--,559,177762,卖盘
1435,11:08:11,3.18,--,20,6360,卖盘
1436,11:08:06,3.18,--,1,318,卖盘
1437,11:08:01,3.18,--,21,6678,卖盘
1438,11:07:56,3.18,--,10,3180,卖盘
1439,11:07:51,3.18,--,21,6678,卖盘
1440,11:07:46,3.18,--,221,70278,卖盘
1441,11:07:41,3.18,--,154,48972,卖盘
1442,11:07:36,3.18,--,20,6360,卖盘
1443,11:07:31,3.18,-0.01,121,38478,卖盘
1444,11:07:26,3.19,--,68,21692,卖盘
1445,11:07:20,3.19,--,22,7018,卖盘
1446,11:07:16,3.19,--,648,206712,卖盘
1447,11:07:06,3.19,--,22,7018,卖盘
1448,11:07:01,3.19,-0.01,22,7018,卖盘
1449,11:06:56,3.2,--,100,32000,买盘
1450,11:06:51,3.2,0.01,56,17920,买盘
1451,11:06:46,3.19,--,80,25520,卖盘
1452,11:06:41,3.19,--,20,6380,卖盘
1453,11:06:31,3.19,--,72,22968,卖盘
1454,11:06:21,3.19,--,23,7337,卖盘
1455,11:06:16,3.19,--,33,10527,卖盘
1456,11:06:06,3.19,--,46,14674,卖盘
1457,11:06:01,3.19,--,79,25201,卖盘
1458,11:05:56,3.19,--,20,6380,卖盘
1459,11:05:51,3.19,--,11,3509,卖盘
1460,11:05:46,3.19,--,56,17864,卖盘
1461,11:05:36,3.19,--,22,7018,卖盘
1462,11:05:30,3.19,0.01,489,155991,买盘
1463,11:05:26,3.18,--,2,636,卖盘
1464,11:05:21,3.18,--,53,16854,卖盘
1465,11:05:11,3.18,--,20,6360,卖盘
1466,11:05:06,3.18,-0.01,103,32754,卖盘
1467,11:05:00,3.19,0.01,70,22330,买盘
1468,11:04:50,3.18,-0.01,51,16218,卖盘
1469,11:04:44,3.19,0.01,128,40832,买盘
1470,11:04:35,3.18,--,22,6996,卖盘
1471,11:04:29,3.18,--,1003,318954,卖盘
1472,11:04:26,3.18,--,21,6678,卖盘
1473,11:04:20,3.18,--,2,636,卖盘
1474,11:04:14,3.18,-0.01,38,12084,卖盘
1475,11:04:05,3.19,0.01,21,6699,买盘
1476,11:03:59,3.18,--,21,6678,卖盘
1477,11:03:51,3.18,--,56,17808,卖盘
1478,11:03:41,3.18,-0.01,22,6996,卖盘
1479,11:03:35,3.19,0.01,140,44660,买盘
1480,11:03:29,3.18,--,50,15900,卖盘
1481,11:03:21,3.18,-0.01,778,247404,卖盘
1482,11:03:14,3.19,--,750,239250,买盘
1483,11:03:10,3.19,0.01,124,39556,买盘
1484,11:03:05,3.18,--,756,240408,卖盘
1485,11:02:59,3.18,--,57,18126,卖盘
1486,11:02:55,3.18,--,21,6678,卖盘
1487,11:02:50,3.18,--,2,636,卖盘
1488,11:02:44,3.18,--,20,6360,卖盘
1489,11:02:40,3.18,-0.01,109,34662,卖盘
1490,11:02:35,3.19,0.01,49,15631,买盘
1491,11:02:29,3.18,--,22,6996,卖盘
1492,11:02:25,3.18,--,1,318,卖盘
1493,11:02:20,3.18,--,20,6360,卖盘
1494,11:02:10,3.18,-0.01,20,6360,卖盘
1495,11:02:05,3.19,0.01,100,31900,买盘
1496,11:01:59,3.18,--,273,86814,卖盘
1497,11:01:55,3.18,--,530,168540,卖盘
1498,11:01:44,3.18,-0.01,129,41022,卖盘
1499,11:01:40,3.19,0.01,6,1914,买盘
1500,11:01:35,3.18,--,52,16536,卖盘
1501,11:01:25,3.18,--,22,6996,卖盘
1502,11:01:14,3.18,-0.01,65,20670,卖盘
1503,11:01:10,3.19,--,26,8294,卖盘
1504,11:01:05,3.19,-0.01,11,3509,卖盘
1505,11:00:59,3.2,0.01,236,75520,买盘
1506,11:00:55,3.19,--,317,101123,卖盘
1507,11:00:50,3.19,-0.01,120,38280,卖盘
1508,11:00:44,3.2,0.01,72,23040,买盘
1509,11:00:40,3.19,--,4072,1298968,卖盘
1510,11:00:35,3.19,--,13,4147,卖盘
1511,11:00:29,3.19,--,20,6380,卖盘
1512,11:00:25,3.19,--,22,7018,卖盘
1513,11:00:20,3.19,--,238,75922,卖盘
1514,11:00:14,3.19,--,81,25839,卖盘
1515,11:00:10,3.19,--,416,132704,卖盘
1516,11:00:05,3.19,--,21,6699,卖盘
1517,10:59:59,3.19,--,5,1595,卖盘
1518,10:59:55,3.19,--,23,7337,卖盘
1519,10:59:50,3.19,--,201,64119,卖盘
1520,10:59:44,3.19,--,3227,1029413,买盘
1521,10:59:40,3.19,0.01,46,14674,买盘
1522,10:59:35,3.18,--,20,6360,卖盘
1523,10:59:29,3.18,--,162,51516,卖盘
1524,10:59:25,3.18,-0.01,1,318,卖盘
1525,10:59:20,3.19,0.01,50,15950,买盘
1526,10:59:14,3.18,--,7,2226,卖盘
1527,10:59:10,3.18,--,41,13038,卖盘
1528,10:58:59,3.18,-0.01,432,137630,卖盘
1529,10:58:55,3.19,0.01,147,46893,买盘
1530,10:58:50,3.18,--,565,179670,卖盘
1531,10:58:44,3.18,--,49,15582,卖盘
1532,10:58:39,3.18,-0.01,229,73076,卖盘
1533,10:58:35,3.19,0.01,53,16907,买盘
1534,10:58:29,3.18,--,241,76638,卖盘
1535,10:58:23,3.18,-0.01,150,47700,卖盘
1536,10:58:14,3.19,0.01,21,6699,买盘
1537,10:58:08,3.18,-0.01,1098,349164,卖盘
1538,10:58:05,3.19,--,59,18821,卖盘
1539,10:57:59,3.19,--,21,6699,卖盘
1540,10:57:53,3.19,--,2,638,卖盘
1541,10:57:50,3.19,--,20,6380,卖盘
1542,10:57:44,3.19,--,18,5742,买盘
1543,10:57:38,3.19,--,43,13717,买盘
1544,10:57:35,3.19,--,104,33176,买盘
1545,10:57:29,3.19,0.01,30,9570,买盘
1546,10:57:23,3.18,--,50,15900,卖盘
1547,10:57:19,3.18,--,1,318,卖盘
1548,10:57:14,3.18,--,20,6360,卖盘
1549,10:57:08,3.18,-0.02,82,26076,卖盘
1550,10:57:04,3.2,0.01,132,42240,买盘
1551,10:56:59,3.19,0.01,6005,1915595,买盘
1552,10:56:53,3.18,-0.01,318,101124,卖盘
1553,10:56:49,3.19,0.01,5,1595,买盘
1554,10:56:44,3.18,--,20,6360,卖盘
1555,10:56:38,3.18,--,20,6360,卖盘
1556,10:56:34,3.18,-0.01,1,318,卖盘
1557,10:56:29,3.19,0.01,198,63162,买盘
1558,10:56:23,3.18,--,2,636,卖盘
1559,10:56:19,3.18,--,84,26712,卖盘
1560,10:56:14,3.18,--,1,318,卖盘
1561,10:56:08,3.18,-0.01,20,6360,卖盘
1562,10:56:04,3.19,0.01,10,3190,买盘
1563,10:55:59,3.18,--,24,7632,卖盘
1564,10:55:53,3.18,--,22,6996,卖盘
1565,10:55:44,3.18,-0.01,25,7950,卖盘
1566,10:55:34,3.19,--,151,48169,买盘
1567,10:55:29,3.19,0.01,2,638,买盘
1568,10:55:23,3.18,--,22,6996,卖盘
1569,10:55:14,3.18,--,22,6996,卖盘
1570,10:55:08,3.18,--,32,10176,卖盘
1571,10:55:04,3.18,--,4,1272,卖盘
1572,10:54:59,3.18,--,22,6996,卖盘
1573,10:54:53,3.18,--,4,1272,卖盘
1574,10:54:49,3.18,--,89,28302,卖盘
1575,10:54:38,3.18,--,22,6996,卖盘
1576,10:54:34,3.18,--,50,15900,卖盘
1577,10:54:29,3.18,--,667,212106,卖盘
1578,10:54:23,3.18,--,21,6678,卖盘
1579,10:54:19,3.18,-0.01,191,60738,卖盘
1580,10:54:14,3.19,--,30,9570,买盘
1581,10:54:08,3.19,--,102,32538,买盘
1582,10:54:04,3.19,0.01,10,3190,买盘
1583,10:53:59,3.18,--,1,318,卖盘
1584,10:53:53,3.18,-0.01,220,69960,卖盘
1585,10:53:49,3.19,0.01,114,36366,买盘
1586,10:53:44,3.18,-0.01,34,10812,卖盘
1587,10:53:38,3.19,0.01,168,53592,买盘
1588,10:53:34,3.18,--,260,82934,卖盘
1589,10:53:29,3.18,-0.01,87,27666,卖盘
1590,10:53:23,3.19,0.01,22,7018,买盘
1591,10:53:19,3.18,-0.01,768,244224,卖盘
1592,10:53:08,3.19,0.01,108,34452,买盘
1593,10:52:59,3.18,--,40,12720,卖盘
1594,10:52:53,3.18,-0.01,26,8268,卖盘
1595,10:52:49,3.19,--,5,1595,买盘
1596,10:52:44,3.19,0.01,150,47850,买盘
1597,10:52:38,3.18,-0.01,187,59466,卖盘
1598,10:52:34,3.19,0.01,367,117073,买盘
1599,10:52:29,3.18,--,97,30846,卖盘
1600,10:52:23,3.18,--,62,19716,卖盘
1601,10:52:19,3.18,--,3,954,卖盘
1602,10:52:08,3.18,-0.01,3,954,卖盘
1603,10:52:04,3.19,0.01,10,3190,买盘
1604,10:51:58,3.18,--,1,318,卖盘
1605,10:51:53,3.18,-0.01,3,954,卖盘
1606,10:51:49,3.19,0.01,207,66033,买盘
1607,10:51:43,3.18,-0.01,26,8268,卖盘
1608,10:51:38,3.19,--,717,228723,买盘
1609,10:51:32,3.19,0.01,68,21692,买盘
1610,10:51:23,3.18,-0.01,51,16218,卖盘
1611,10:51:17,3.19,--,212,67628,买盘
1612,10:51:08,3.19,--,168,53592,买盘
1613,10:51:02,3.19,0.01,1793,571967,买盘
1614,10:50:53,3.18,-0.01,2,636,卖盘
1615,10:50:47,3.19,0.01,10,3190,买盘
1616,10:50:43,3.18,--,1,318,卖盘
1617,10:50:38,3.18,--,1,318,卖盘
1618,10:50:28,3.18,--,1,318,卖盘
1619,10:50:23,3.18,-0.01,48,15264,卖盘
1620,10:50:17,3.19,--,22,7018,买盘
1621,10:50:08,3.19,0.01,1,319,买盘
1622,10:50:02,3.18,-0.01,494,157092,卖盘
1623,10:49:58,3.19,0.01,10,3190,买盘
1624,10:49:53,3.18,-0.01,102,32436,卖盘
1625,10:49:47,3.19,0.01,172,54868,买盘
1626,10:49:38,3.18,--,1,318,卖盘
1627,10:49:32,3.18,--,55,17490,卖盘
1628,10:49:28,3.18,--,1,318,卖盘
1629,10:49:23,3.18,-0.01,101,32118,卖盘
1630,10:49:17,3.19,0.01,118,37642,买盘
1631,10:49:13,3.18,--,1,318,卖盘
1632,10:49:08,3.18,--,361,114798,卖盘
1633,10:49:02,3.18,--,89,28302,卖盘
1634,10:48:58,3.18,--,100,31800,卖盘
1635,10:48:53,3.18,-0.01,276,88022,卖盘
1636,10:48:47,3.19,--,465,148335,买盘
1637,10:48:43,3.19,0.01,1026,327294,买盘
1638,10:48:38,3.18,--,1,318,卖盘
1639,10:48:32,3.18,--,109,34916,卖盘
1640,10:48:28,3.18,--,44,13992,卖盘
1641,10:48:23,3.18,--,2,636,卖盘
1642,10:48:17,3.18,-0.01,63,20034,卖盘
1643,10:48:13,3.19,0.01,212,67628,买盘
1644,10:48:08,3.18,--,1,318,卖盘
1645,10:48:02,3.18,--,96,30528,卖盘
1646,10:47:58,3.18,-0.01,1,318,卖盘
1647,10:47:52,3.19,0.01,1,319,买盘
1648,10:47:47,3.18,-0.01,26,8268,卖盘
1649,10:47:43,3.19,--,88,28072,买盘
1650,10:47:37,3.19,--,20,6380,买盘
1651,10:47:32,3.19,--,70,22330,买盘
1652,10:47:28,3.19,--,21,6699,买盘
1653,10:47:22,3.19,0.01,112,35728,买盘
1654,10:47:17,3.18,-0.01,1,318,卖盘
1655,10:47:13,3.19,--,10,3190,买盘
1656,10:47:07,3.19,0.01,3,957,买盘
1657,10:47:02,3.18,-0.01,52,16536,卖盘
1658,10:46:58,3.19,0.01,230,73370,买盘
1659,10:46:52,3.18,-0.01,17,5406,卖盘
1660,10:46:47,3.19,0.01,27,8613,买盘
1661,10:46:43,3.18,--,349,110982,卖盘
1662,10:46:37,3.18,-0.01,20,6360,卖盘
1663,10:46:32,3.19,0.01,1358,433202,中性盘
1664,10:46:28,3.18,-0.01,271,86178,卖盘
1665,10:46:22,3.19,0.01,4,1276,中性盘
1666,10:46:17,3.18,-0.01,162,51516,卖盘
1667,10:46:13,3.19,0.01,110,35090,中性盘
1668,10:46:02,3.18,-0.02,204,64872,卖盘
1669,10:45:58,3.2,0.02,456,145920,买盘
1670,10:45:52,3.18,--,20,6360,卖盘
1671,10:45:47,3.18,-0.01,108,34344,卖盘
1672,10:45:43,3.19,0.01,112,35728,买盘
1673,10:45:37,3.18,-0.01,30,9540,卖盘
1674,10:45:32,3.19,0.01,112,35728,卖盘
1675,10:45:27,3.18,-0.01,4132,1313976,卖盘
1676,10:45:17,3.19,--,20,6380,卖盘
1677,10:45:12,3.19,--,2,638,卖盘
1678,10:45:07,3.19,-0.01,21,6699,卖盘
1679,10:45:02,3.2,0.01,521,166720,买盘
1680,10:44:58,3.19,--,138,44022,卖盘
1681,10:44:52,3.19,--,317,101123,卖盘
1682,10:44:47,3.19,--,41,13079,卖盘
1683,10:44:42,3.19,--,749,238931,卖盘
1684,10:44:32,3.19,--,230,73370,卖盘
1685,10:44:28,3.19,--,126,40194,卖盘
1686,10:44:17,3.19,--,1,319,卖盘
1687,10:44:12,3.19,--,26,8294,卖盘
1688,10:44:07,3.19,--,130,41470,卖盘
1689,10:44:02,3.19,--,42,13398,卖盘
1690,10:43:56,3.19,--,506,161414,卖盘
1691,10:43:47,3.19,-0.01,21,6699,卖盘
1692,10:43:41,3.2,0.01,774,247680,买盘
1693,10:43:32,3.19,--,17,5423,卖盘
1694,10:43:26,3.19,--,59,18821,卖盘
1695,10:43:22,3.19,--,49,15631,卖盘
1696,10:43:17,3.19,--,131,41789,卖盘
1697,10:43:11,3.19,-0.01,20,6380,卖盘
1698,10:43:07,3.2,0.01,18,5760,买盘
1699,10:43:02,3.19,--,21,6699,卖盘
1700,10:42:56,3.19,--,30,9570,卖盘
1701,10:42:52,3.19,-0.01,25,7975,卖盘
1702,10:42:47,3.2,0.01,287,91840,买盘
1703,10:42:41,3.19,--,20,6380,卖盘
1704,10:42:32,3.19,--,54,17226,卖盘
1705,10:42:26,3.19,--,75,23925,卖盘
1706,10:42:17,3.19,--,80,25520,买盘
1707,10:42:11,3.19,--,202,64438,卖盘
1708,10:42:07,3.19,0.01,622,198418,买盘
1709,10:42:02,3.18,-0.01,50,15900,卖盘
1710,10:41:56,3.19,--,284,90596,买盘
1711,10:41:52,3.19,--,4,1276,买盘
1712,10:41:47,3.19,0.01,141,44979,买盘
1713,10:41:41,3.18,--,39,12402,卖盘
1714,10:41:37,3.18,-0.01,140,44520,卖盘
1715,10:41:32,3.19,--,102,32538,买盘
1716,10:41:26,3.19,--,172,54868,买盘
1717,10:41:22,3.19,--,650,207350,买盘
1718,10:41:17,3.19,0.01,31,9889,买盘
1719,10:41:11,3.18,-0.01,120,38160,卖盘
1720,10:41:07,3.19,--,336,107184,买盘
1721,10:41:01,3.19,0.01,4,1276,买盘
1722,10:40:56,3.18,--,1,318,卖盘
1723,10:40:52,3.18,--,86,27348,卖盘
1724,10:40:46,3.18,--,26,8268,卖盘
1725,10:40:41,3.18,-0.01,147,46746,卖盘
1726,10:40:31,3.19,--,458,146102,买盘
1727,10:40:26,3.19,--,662,211178,买盘
1728,10:40:22,3.19,0.01,1865,594935,买盘
1729,10:40:16,3.18,--,336,106848,卖盘
1730,10:40:11,3.18,-0.01,862,274116,卖盘
1731,10:40:01,3.19,0.01,101,32219,买盘
1732,10:39:56,3.18,-0.01,319,101442,卖盘
1733,10:39:52,3.19,0.01,2596,828382,买盘
1734,10:39:46,3.18,--,1865,593232,卖盘
1735,10:39:41,3.18,-0.01,441,140238,卖盘
1736,10:39:37,3.19,0.01,396,126324,买盘
1737,10:39:31,3.18,--,935,297330,卖盘
1738,10:39:26,3.18,-0.01,187,59466,卖盘
1739,10:39:22,3.19,--,765,244035,买盘
1740,10:39:11,3.19,--,123,39237,买盘
1741,10:39:06,3.19,0.01,36,11484,买盘
1742,10:39:01,3.18,-0.01,8,2544,卖盘
1743,10:38:56,3.19,0.01,3,957,买盘
1744,10:38:52,3.18,-0.01,2,636,卖盘
1745,10:38:46,3.19,0.01,11,3509,买盘
1746,10:38:41,3.18,--,14,4452,卖盘
1747,10:38:36,3.18,--,130,41340,卖盘
1748,10:38:26,3.18,-0.01,1070,340260,卖盘
1749,10:38:16,3.19,--,45,14355,买盘
1750,10:38:11,3.19,0.01,466,148654,买盘
1751,10:38:06,3.18,--,232,73776,卖盘
1752,10:38:01,3.18,--,10,3180,卖盘
1753,10:37:51,3.18,--,20,6360,卖盘
1754,10:37:41,3.18,-0.01,120,38160,卖盘
1755,10:37:36,3.19,0.01,2,638,买盘
1756,10:37:21,3.18,-0.01,20,6360,卖盘
1757,10:37:16,3.19,--,6,1914,买盘
1758,10:37:11,3.19,0.01,118,37642,买盘
1759,10:37:06,3.18,--,38,12084,卖盘
1760,10:37:01,3.18,--,10,3180,卖盘
1761,10:36:56,3.18,--,1,318,卖盘
1762,10:36:50,3.18,--,1656,526741,卖盘
1763,10:36:46,3.18,--,1,318,卖盘
1764,10:36:41,3.18,--,36,11448,卖盘
1765,10:36:36,3.18,-0.01,1,318,卖盘
1766,10:36:26,3.19,0.01,119,37961,买盘
1767,10:36:21,3.18,--,271,86178,卖盘
1768,10:36:11,3.18,-0.01,1,318,卖盘
1769,10:36:01,3.19,--,9,2871,买盘
1770,10:35:56,3.19,0.01,1,319,买盘
1771,10:35:50,3.18,-0.01,838,266484,卖盘
1772,10:35:46,3.19,0.01,225,71775,买盘
1773,10:35:41,3.18,--,89,28302,卖盘
1774,10:35:35,3.18,--,210,66780,卖盘
1775,10:35:26,3.18,--,46,14628,卖盘
1776,10:35:20,3.18,-0.01,40,12720,卖盘
1777,10:35:11,3.19,0.01,150,47850,买盘
1778,10:34:56,3.18,-0.01,32,10176,卖盘
1779,10:34:50,3.19,0.01,85,27115,买盘
1780,10:34:41,3.18,-0.01,2,636,卖盘
1781,10:34:35,3.19,0.01,183,58377,买盘
1782,10:34:26,3.18,-0.01,11,3498,卖盘
1783,10:34:20,3.19,--,10,3190,买盘
1784,10:34:11,3.19,--,118,37642,买盘
1785,10:34:05,3.19,0.01,17,5423,买盘
1786,10:34:01,3.18,-0.01,1973,627566,卖盘
1787,10:33:56,3.19,--,47,14993,买盘
1788,10:33:50,3.19,0.01,186,59334,买盘
1789,10:33:41,3.18,-0.01,257,81726,卖盘
1790,10:33:35,3.19,0.01,103,32857,买盘
1791,10:33:31,3.18,--,445,141513,卖盘
1792,10:33:26,3.18,--,202,64236,卖盘
1793,10:33:20,3.18,-0.01,129,41022,卖盘
1794,10:33:16,3.19,0.01,25,7975,买盘
1795,10:33:10,3.18,--,118,37524,卖盘
1796,10:33:05,3.18,--,2,636,卖盘
1797,10:32:55,3.18,--,21,6678,卖盘
1798,10:32:50,3.18,--,1,318,卖盘
1799,10:32:41,3.18,--,2,636,卖盘
1800,10:32:35,3.18,--,50,15900,卖盘
1801,10:32:31,3.18,--,1,318,卖盘
1802,10:32:25,3.18,--,58,18444,卖盘
1803,10:32:20,3.18,-0.01,133,42294,卖盘
1804,10:32:16,3.19,--,21,6699,买盘
1805,10:32:10,3.19,--,33,10527,买盘
1806,10:32:01,3.19,0.01,190,60610,买盘
1807,10:31:55,3.18,--,82,26076,卖盘
1808,10:31:50,3.18,--,972,309105,卖盘
1809,10:31:46,3.18,--,33,10494,卖盘
1810,10:31:35,3.18,--,4,1272,卖盘
1811,10:31:31,3.18,--,5351,1701885,卖盘
1812,10:31:20,3.18,-0.01,1,318,卖盘
1813,10:31:15,3.19,--,16,5104,买盘
1814,10:31:05,3.19,0.01,1,319,买盘
1815,10:31:00,3.18,-0.01,1,318,卖盘
1816,10:30:55,3.19,--,115,36685,买盘
1817,10:30:50,3.19,0.01,104,33176,买盘
1818,10:30:45,3.18,--,2,636,卖盘
1819,10:30:30,3.18,--,5,1590,卖盘
1820,10:30:25,3.18,--,6,1908,卖盘
1821,10:30:20,3.18,--,934,297012,卖盘
1822,10:30:15,3.18,-0.01,95,30210,卖盘
1823,10:30:10,3.19,0.01,20,6380,买盘
1824,10:30:05,3.18,--,645,205113,卖盘
1825,10:30:00,3.18,--,105,33390,卖盘
1826,10:29:55,3.18,--,38,12084,卖盘
1827,10:29:50,3.18,--,52,16536,卖盘
1828,10:29:45,3.18,-0.01,201,63918,卖盘
1829,10:29:35,3.19,0.01,12,3828,买盘
1830,10:29:25,3.18,-0.01,2,636,卖盘
1831,10:29:20,3.19,0.01,413,131957,买盘
1832,10:29:15,3.18,-0.01,84,26712,卖盘
1833,10:29:10,3.19,0.01,50,15950,买盘
1834,10:29:05,3.18,--,4,1272,卖盘
1835,10:28:40,3.18,--,1,318,卖盘
1836,10:28:35,3.18,--,1,318,卖盘
1837,10:28:30,3.18,--,36,11448,卖盘
1838,10:28:25,3.18,-0.01,11,3498,卖盘
1839,10:28:05,3.19,--,271,86449,买盘
1840,10:27:59,3.19,--,1,319,买盘
1841,10:27:55,3.19,0.01,176,56144,买盘
1842,10:27:50,3.18,--,2,636,卖盘
1843,10:27:44,3.18,--,92,29256,卖盘
1844,10:27:35,3.18,-0.01,151,48018,卖盘
1845,10:27:29,3.19,0.01,130,41470,买盘
1846,10:27:20,3.18,-0.01,40,12720,卖盘
1847,10:27:14,3.19,--,97,30984,买盘
1848,10:27:10,3.19,0.01,37,11803,买盘
1849,10:27:05,3.18,--,12,3816,卖盘
1850,10:26:59,3.18,--,630,200343,卖盘
1851,10:26:35,3.18,-0.01,49,15582,卖盘
1852,10:26:29,3.19,0.01,100,31900,买盘
1853,10:26:25,3.18,-0.01,629,200028,卖盘
1854,10:26:20,3.19,0.01,2,638,买盘
1855,10:26:14,3.18,--,303,96354,卖盘
1856,10:26:10,3.18,-0.01,10,3180,卖盘
1857,10:25:50,3.19,0.01,120,38280,买盘
1858,10:25:44,3.18,--,1,318,卖盘
1859,10:25:40,3.18,--,4,1272,卖盘
1860,10:25:35,3.18,--,8,2544,卖盘
1861,10:25:29,3.18,--,2,636,卖盘
1862,10:25:14,3.18,-0.01,301,95718,卖盘
1863,10:25:10,3.19,0.01,10,3190,买盘
1864,10:25:04,3.18,--,113,35934,卖盘
1865,10:24:59,3.18,-0.01,1,318,卖盘
1866,10:24:55,3.19,0.01,10,3190,买盘
1867,10:24:49,3.18,--,137,43566,卖盘
1868,10:24:44,3.18,--,221,70278,卖盘
1869,10:24:34,3.18,--,391,124338,卖盘
1870,10:24:24,3.18,-0.01,15,4770,卖盘
1871,10:24:19,3.19,--,25,7975,买盘
1872,10:24:14,3.19,0.01,15,4785,买盘
1873,10:24:09,3.18,-0.01,1,318,卖盘
1874,10:24:04,3.19,--,300,95700,买盘
1875,10:23:59,3.19,0.01,131,41789,买盘
1876,10:23:54,3.18,--,1,318,卖盘
1877,10:23:44,3.18,--,1,318,卖盘
1878,10:23:39,3.18,-0.01,207,65826,卖盘
1879,10:23:34,3.19,0.01,2,638,买盘
1880,10:23:29,3.18,--,12,3816,卖盘
1881,10:23:24,3.18,-0.01,21,6678,卖盘
1882,10:23:19,3.19,--,95,30305,买盘
1883,10:23:14,3.19,0.01,310,98890,买盘
1884,10:23:04,3.18,-0.01,6,1908,卖盘
1885,10:22:59,3.19,--,133,42427,买盘
1886,10:22:54,3.19,--,128,40832,买盘
1887,10:22:44,3.19,0.01,30,9570,买盘
1888,10:22:39,3.18,-0.01,50,15900,卖盘
1889,10:22:34,3.19,--,115,36685,买盘
1890,10:22:29,3.19,0.01,100,31900,买盘
1891,10:22:24,3.18,-0.01,23,7314,卖盘
1892,10:22:19,3.19,--,90,28710,买盘
1893,10:22:14,3.19,--,105,33495,买盘
1894,10:22:09,3.19,--,209,66671,买盘
1895,10:22:04,3.19,0.01,5,1595,买盘
1896,10:21:59,3.18,-0.01,151,48018,卖盘
1897,10:21:54,3.19,--,18,5742,买盘
1898,10:21:44,3.19,0.01,20,6380,买盘
1899,10:21:39,3.18,--,15,4770,卖盘
1900,10:21:34,3.18,-0.01,23,7314,卖盘
1901,10:21:29,3.19,0.01,115,36685,买盘
1902,10:21:24,3.18,-0.01,50,15900,卖盘
1903,10:21:19,3.19,0.01,374,119306,买盘
1904,10:21:14,3.18,-0.01,109,34662,卖盘
1905,10:21:09,3.19,0.01,7,2233,买盘
1906,10:21:04,3.18,-0.01,102,32436,卖盘
1907,10:20:59,3.19,0.01,315,100485,买盘
1908,10:20:44,3.18,--,3,954,卖盘
1909,10:20:39,3.18,--,5,1590,卖盘
1910,10:20:29,3.18,--,3,954,卖盘
1911,10:20:24,3.18,--,276,87768,卖盘
1912,10:20:19,3.18,--,816,259488,卖盘
1913,10:20:14,3.18,--,360,114480,卖盘
1914,10:20:08,3.18,--,31,9858,卖盘
1915,10:20:04,3.18,-0.01,1,318,卖盘
1916,10:19:59,3.19,--,221,70499,买盘
1917,10:19:53,3.19,0.01,51,16269,买盘
1918,10:19:49,3.18,-0.01,27,8586,卖盘
1919,10:19:44,3.19,0.01,301,96019,买盘
1920,10:19:38,3.18,-0.01,1,318,卖盘
1921,10:19:34,3.19,0.01,200,63800,买盘
1922,10:19:29,3.18,-0.01,2,636,卖盘
1923,10:19:23,3.19,0.01,117,37323,买盘
1924,10:19:19,3.18,-0.01,1,318,卖盘
1925,10:19:14,3.19,--,23,7337,买盘
1926,10:18:59,3.19,--,50,15950,买盘
1927,10:18:53,3.19,0.01,251,80069,买盘
1928,10:18:49,3.18,-0.01,10,3180,卖盘
1929,10:18:38,3.19,0.01,278,88682,买盘
1930,10:18:34,3.18,-0.01,28,8904,卖盘
1931,10:18:29,3.19,--,2688,857472,买盘
1932,10:18:23,3.19,0.01,197,62843,买盘
1933,10:18:19,3.18,-0.01,65,20670,卖盘
1934,10:18:14,3.19,0.01,84,26796,买盘
1935,10:18:08,3.18,--,12,3816,卖盘
1936,10:17:59,3.18,-0.01,102,32436,卖盘
1937,10:17:53,3.19,0.01,1164,371316,买盘
1938,10:17:44,3.18,-0.01,546,173628,卖盘
1939,10:17:38,3.19,0.01,144,45936,买盘
1940,10:17:34,3.18,-0.01,629,200022,卖盘
1941,10:17:29,3.19,--,31,9889,买盘
1942,10:17:23,3.19,--,43,13717,买盘
1943,10:17:18,3.19,--,100,31900,买盘
1944,10:17:13,3.19,--,236,75284,买盘
1945,10:17:08,3.19,--,122,38918,买盘
1946,10:16:58,3.19,0.01,86,27434,买盘
1947,10:16:53,3.18,-0.01,21,6678,卖盘
1948,10:16:48,3.19,0.01,100,31900,买盘
1949,10:16:43,3.18,--,41,13038,卖盘
1950,10:16:38,3.18,--,114,36252,卖盘
1951,10:16:33,3.18,-0.01,36,11448,卖盘
1952,10:16:28,3.19,0.01,100,31900,买盘
1953,10:16:23,3.18,-0.01,26,8268,卖盘
1954,10:16:18,3.19,0.01,146,46574,买盘
1955,10:16:08,3.18,--,193,61374,卖盘
1956,10:16:03,3.18,-0.01,15819,5030670,卖盘
1957,10:15:58,3.19,--,1500,478500,卖盘
1958,10:15:53,3.19,--,1391,443729,卖盘
1959,10:15:48,3.19,--,374,119306,卖盘
1960,10:15:38,3.19,-0.01,2207,704033,卖盘
1961,10:15:33,3.2,0.01,143,45760,买盘
1962,10:15:28,3.19,--,354,112926,卖盘
1963,10:15:23,3.19,--,110,35090,卖盘
1964,10:15:18,3.19,--,47,14993,卖盘
1965,10:15:13,3.19,--,93,29667,卖盘
1966,10:15:08,3.19,--,548,174812,卖盘
1967,10:15:03,3.19,-0.01,299,95381,卖盘
1968,10:14:58,3.2,--,19,6080,买盘
1969,10:14:53,3.2,0.01,123,39360,买盘
1970,10:14:48,3.19,--,4,1276,卖盘
1971,10:14:43,3.19,-0.01,100,31900,卖盘
1972,10:14:38,3.2,0.01,60,19200,买盘
1973,10:14:33,3.19,--,677,215963,卖盘
1974,10:14:28,3.19,--,2,638,卖盘
1975,10:14:18,3.19,--,318,101442,卖盘
1976,10:14:13,3.19,--,132,42108,卖盘
1977,10:14:07,3.19,-0.01,653,208307,卖盘
1978,10:14:03,3.2,0.01,103,32960,买盘
1979,10:13:58,3.19,--,200,63800,卖盘
1980,10:13:53,3.19,--,31,9889,卖盘
1981,10:13:43,3.19,--,94,29986,卖盘
1982,10:13:37,3.19,--,12,3828,卖盘
1983,10:13:33,3.19,--,120,38280,卖盘
1984,10:13:23,3.19,-0.01,453,144507,卖盘
1985,10:13:18,3.2,0.01,44,14080,买盘
1986,10:13:13,3.19,--,120,38280,卖盘
1987,10:13:08,3.19,--,301,96019,卖盘
1988,10:13:02,3.19,--,3,957,卖盘
1989,10:12:52,3.19,--,31,9889,卖盘
1990,10:12:48,3.19,--,131,41789,卖盘
1991,10:12:43,3.19,--,80,25520,卖盘
1992,10:12:38,3.19,--,83,26477,卖盘
1993,10:12:32,3.19,--,29,9251,卖盘
1994,10:12:28,3.19,-0.01,23,7337,卖盘
1995,10:12:23,3.2,--,130,41600,买盘
1996,10:12:16,3.2,0.01,17,5440,买盘
1997,10:12:13,3.19,-0.01,39,12441,卖盘
1998,10:12:08,3.2,0.01,98,31360,买盘
1999,10:12:01,3.19,-0.01,405,129195,卖盘
2000,10:11:58,3.2,0.01,6,1920,买盘
2001,10:11:52,3.19,--,30,9570,卖盘
2002,10:11:46,3.19,--,1,319,卖盘
2003,10:11:43,3.19,--,2000,638000,卖盘
2004,10:11:37,3.19,-0.01,2,638,卖盘
2005,10:11:31,3.2,0.01,275,88000,买盘
2006,10:11:28,3.19,--,110,35090,卖盘
2007,10:11:22,3.19,--,258,82302,卖盘
2008,10:11:16,3.19,--,60,19140,卖盘
2009,10:11:12,3.19,--,1,319,卖盘
2010,10:11:07,3.19,--,1211,386309,卖盘
2011,10:11:01,3.19,--,1299,414381,卖盘
2012,10:10:58,3.19,--,21,6699,卖盘
2013,10:10:52,3.19,-0.01,100,31900,卖盘
2014,10:10:46,3.2,0.01,1744,558080,买盘
2015,10:10:42,3.19,--,1126,359194,卖盘
2016,10:10:37,3.19,--,2366,754754,卖盘
2017,10:10:27,3.19,--,1512,482328,卖盘
2018,10:10:22,3.19,--,143,45617,卖盘
2019,10:10:16,3.19,--,4076,1300244,卖盘
2020,10:10:12,3.19,--,223,71137,卖盘
2021,10:10:07,3.19,--,9561,3049959,卖盘
2022,10:10:01,3.19,--,480,153120,卖盘
2023,10:09:57,3.19,--,199,63541,卖盘
2024,10:09:52,3.19,-0.01,64,20416,卖盘
2025,10:09:46,3.2,0.01,8054,2577280,买盘
2026,10:09:42,3.19,-0.01,20,6380,卖盘
2027,10:09:37,3.2,0.01,16,5120,买盘
2028,10:09:31,3.19,--,104,33176,卖盘
2029,10:09:27,3.19,--,25,7975,卖盘
2030,10:09:22,3.19,-0.01,567,180873,卖盘
2031,10:09:16,3.2,--,184,58880,买盘
2032,10:09:12,3.2,0.01,50,16000,买盘
2033,10:09:07,3.19,-0.01,299,95381,卖盘
2034,10:09:01,3.2,0.01,144,46080,买盘
2035,10:08:57,3.19,--,116,37004,卖盘
2036,10:08:52,3.19,--,28,8932,卖盘
2037,10:08:46,3.19,-0.01,84,26796,卖盘
2038,10:08:42,3.2,--,7015,2244800,买盘
2039,10:08:37,3.2,--,120,38400,买盘
2040,10:08:31,3.2,0.01,244,78080,买盘
2041,10:08:27,3.19,--,66,21054,卖盘
2042,10:08:22,3.19,--,1,319,卖盘
2043,10:08:16,3.19,--,1413,450750,卖盘
2044,10:08:12,3.19,-0.01,73,23287,卖盘
2045,10:08:07,3.2,0.01,5,1600,买盘
2046,10:08:01,3.19,--,3,957,卖盘
2047,10:07:57,3.19,-0.01,77,24563,卖盘
2048,10:07:52,3.2,0.01,119,38080,买盘
2049,10:07:46,3.19,-0.01,944,301139,卖盘
2050,10:07:42,3.2,0.01,149,47680,买盘
2051,10:07:37,3.19,--,2,638,卖盘
2052,10:07:31,3.19,-0.01,59,18821,卖盘
2053,10:07:27,3.2,0.01,370,118400,买盘
2054,10:07:22,3.19,--,190,60610,卖盘
2055,10:07:16,3.19,-0.01,1076,343247,卖盘
2056,10:07:12,3.2,--,5298,1695360,买盘
2057,10:07:07,3.2,0.01,182,58240,买盘
2058,10:07:01,3.19,--,2,638,卖盘
2059,10:06:57,3.19,--,77,24563,卖盘
2060,10:06:52,3.19,-0.01,3,957,卖盘
2061,10:06:46,3.2,--,114,36480,买盘
2062,10:06:42,3.2,0.01,506,161920,买盘
2063,10:06:37,3.19,--,64,20416,卖盘
2064,10:06:31,3.19,--,7007,2235398,卖盘
2065,10:06:27,3.19,--,20558,6558002,卖盘
2066,10:06:22,3.19,--,498,158862,卖盘
2067,10:06:16,3.19,--,269,85811,卖盘
2068,10:06:12,3.19,--,270,86130,卖盘
2069,10:06:07,3.19,--,18,5742,卖盘
2070,10:06:01,3.19,--,38,12122,卖盘
2071,10:05:57,3.19,-0.01,241,76879,卖盘
2072,10:05:52,3.2,--,1004,321280,买盘
2073,10:05:46,3.2,0.01,462,147840,买盘
2074,10:05:42,3.19,--,530,169073,卖盘
2075,10:05:37,3.19,--,15,4785,卖盘
2076,10:05:31,3.19,-0.01,840,267960,卖盘
2077,10:05:27,3.2,0.01,369,118080,买盘
2078,10:05:22,3.19,--,74,23606,卖盘
2079,10:05:16,3.19,--,1,319,卖盘
2080,10:05:12,3.19,-0.01,273,87087,卖盘
2081,10:05:07,3.2,0.01,967,309440,买盘
2082,10:05:01,3.19,--,128,40832,卖盘
2083,10:04:56,3.19,--,283,90277,卖盘
2084,10:04:52,3.19,--,123,39237,卖盘
2085,10:04:46,3.19,--,284,90596,卖盘
2086,10:04:40,3.19,--,64,20416,卖盘
2087,10:04:37,3.19,--,142,45298,卖盘
2088,10:04:31,3.19,--,53,16907,卖盘
2089,10:04:25,3.19,--,306,97614,卖盘
2090,10:04:16,3.19,-0.01,187,59653,卖盘
2091,10:04:10,3.2,0.01,2232,714240,买盘
2092,10:04:07,3.19,-0.01,25,7975,卖盘
2093,10:03:55,3.2,0.01,5,1600,买盘
2094,10:03:51,3.19,-0.01,82,26158,卖盘
2095,10:03:46,3.2,--,10,3200,买盘
2096,10:03:40,3.2,--,57,18240,买盘
2097,10:03:37,3.2,--,122,39040,买盘
2098,10:03:31,3.2,0.01,167,53440,买盘
2099,10:03:25,3.19,-0.01,1101,351219,卖盘
2100,10:03:21,3.2,0.01,11,3520,买盘
2101,10:03:16,3.19,--,1,319,卖盘
2102,10:03:10,3.19,--,206,65714,卖盘
2103,10:03:07,3.19,--,15,4785,卖盘
2104,10:03:01,3.19,-0.01,104,33176,卖盘
2105,10:02:55,3.2,0.01,175,56000,买盘
2106,10:02:51,3.19,--,3,957,卖盘
2107,10:02:46,3.19,-0.01,46,14674,卖盘
2108,10:02:40,3.2,--,79,25280,买盘
2109,10:02:36,3.2,0.01,46,14720,买盘
2110,10:02:31,3.19,--,49,15631,卖盘
2111,10:02:25,3.19,--,253,80707,卖盘
2112,10:02:21,3.19,--,629,200657,卖盘
2113,10:02:16,3.19,-0.01,172,54868,卖盘
2114,10:02:10,3.2,0.01,251,80320,买盘
2115,10:02:06,3.19,--,53,16907,卖盘
2116,10:02:01,3.19,--,1,319,卖盘
2117,10:01:51,3.19,-0.01,144,45936,卖盘
2118,10:01:46,3.2,--,200,64000,买盘
2119,10:01:40,3.2,0.01,720,230400,买盘
2120,10:01:36,3.19,--,41,13079,卖盘
2121,10:01:31,3.19,-0.01,122,38918,卖盘
2122,10:01:25,3.2,0.01,232,74240,买盘
2123,10:01:21,3.19,--,20,6380,卖盘
2124,10:01:16,3.19,-0.01,1,319,卖盘
2125,10:01:10,3.2,0.01,10,3200,买盘
2126,10:01:06,3.19,--,315,100488,卖盘
2127,10:01:01,3.19,-0.01,4024,1283656,卖盘
2128,10:00:55,3.2,0.01,11,3520,买盘
2129,10:00:51,3.19,--,9,2871,卖盘
2130,10:00:46,3.19,--,6,1914,卖盘
2131,10:00:40,3.19,-0.01,3,957,卖盘
2132,10:00:36,3.2,0.01,120,38400,买盘
2133,10:00:25,3.19,--,165,52635,卖盘
2134,10:00:21,3.19,--,56,17864,卖盘
2135,10:00:16,3.19,--,28,8932,卖盘
2136,10:00:10,3.19,--,507,161733,卖盘
2137,10:00:06,3.19,-0.01,36,11484,卖盘
2138,10:00:01,3.2,--,60,19200,买盘
2139,09:59:55,3.2,--,473,151360,买盘
2140,09:59:51,3.2,0.01,1228,392960,买盘
2141,09:59:45,3.19,--,161,51359,卖盘
2142,09:59:40,3.19,--,3,957,卖盘
2143,09:59:36,3.19,-0.01,131,41789,卖盘
2144,09:59:30,3.2,0.01,89,28480,买盘
2145,09:59:25,3.19,--,15,4785,卖盘
2146,09:59:21,3.19,--,163,51997,卖盘
2147,09:59:15,3.19,--,314,100169,卖盘
2148,09:59:10,3.19,-0.01,63,20097,卖盘
2149,09:59:06,3.2,0.01,101,32320,买盘
2150,09:59:00,3.19,--,15,4785,卖盘
2151,09:58:55,3.19,-0.01,432,137808,卖盘
2152,09:58:51,3.2,--,119,38080,买盘
2153,09:58:45,3.2,0.01,10,3200,买盘
2154,09:58:40,3.19,--,107,34133,卖盘
2155,09:58:36,3.19,--,12,3828,卖盘
2156,09:58:30,3.19,--,324,103359,卖盘
2157,09:58:25,3.19,-0.01,2,638,卖盘
2158,09:58:21,3.2,--,32,10240,买盘
2159,09:58:15,3.2,0.01,119,38080,买盘
2160,09:58:10,3.19,-0.01,896,285824,卖盘
2161,09:58:06,3.2,0.01,140,44800,买盘
2162,09:58:00,3.19,-0.01,86,27434,卖盘
2163,09:57:55,3.2,0.01,227,72640,买盘
2164,09:57:51,3.19,--,28,8932,卖盘
2165,09:57:45,3.19,--,29,9251,卖盘
2166,09:57:40,3.19,--,25,7975,卖盘
2167,09:57:36,3.19,--,1465,467335,卖盘
2168,09:57:30,3.19,--,27,8613,卖盘
2169,09:57:25,3.19,--,27,8613,卖盘
2170,09:57:21,3.19,--,144,45936,卖盘
2171,09:57:10,3.19,--,14,4466,卖盘
2172,09:57:05,3.19,--,140,44660,卖盘
2173,09:56:55,3.19,--,3,957,卖盘
2174,09:56:50,3.19,-0.01,2,638,卖盘
2175,09:56:45,3.2,--,1,320,买盘
2176,09:56:40,3.2,0.01,77,24640,买盘
2177,09:56:34,3.19,--,201,64119,卖盘
2178,09:56:30,3.19,--,86,27434,卖盘
2179,09:56:19,3.19,--,15,4785,卖盘
2180,09:56:10,3.19,-0.01,146,46574,卖盘
2181,09:56:04,3.2,0.01,202,64640,买盘
2182,09:55:55,3.19,--,261,83259,卖盘
2183,09:55:49,3.19,--,29,9251,卖盘
2184,09:55:45,3.19,-0.01,47,14993,卖盘
2185,09:55:40,3.2,0.01,132,42240,买盘
2186,09:55:34,3.19,-0.01,290,92510,卖盘
2187,09:55:30,3.2,--,78,24960,买盘
2188,09:55:25,3.2,0.01,97,31040,买盘
2189,09:55:19,3.19,--,414,132066,卖盘
2190,09:55:10,3.19,-0.01,35,11165,卖盘
2191,09:55:04,3.2,0.01,11,3520,买盘
2192,09:55:00,3.19,-0.01,347,110696,卖盘
2193,09:54:55,3.2,--,273,87360,买盘
2194,09:54:49,3.2,0.01,300,96000,买盘
2195,09:54:45,3.19,-0.01,199,63481,卖盘
2196,09:54:40,3.2,0.01,12,3840,买盘
2197,09:54:34,3.19,-0.01,32,10208,卖盘
2198,09:54:30,3.2,0.01,318,101760,买盘
2199,09:54:25,3.19,--,560,178640,卖盘
2200,09:54:19,3.19,--,219,69861,卖盘
2201,09:54:15,3.19,--,1,319,卖盘
2202,09:54:10,3.19,--,130,41470,卖盘
2203,09:54:04,3.19,--,498,158862,卖盘
2204,09:54:00,3.19,--,130,41470,卖盘
2205,09:53:55,3.19,-0.01,160,51040,卖盘
2206,09:53:49,3.2,0.01,297,95040,买盘
2207,09:53:45,3.19,-0.01,51,16269,卖盘
2208,09:53:40,3.2,0.01,185,59200,买盘
2209,09:53:34,3.19,--,21,6699,卖盘
2210,09:53:30,3.19,--,1,319,卖盘
2211,09:53:25,3.19,--,178,56782,卖盘
2212,09:53:19,3.19,--,88,28072,卖盘
2213,09:53:10,3.19,--,61,19459,卖盘
2214,09:53:04,3.19,-0.01,1025,327134,卖盘
2215,09:53:00,3.2,0.01,157,50240,买盘
2216,09:52:54,3.19,-0.01,628,200338,卖盘
2217,09:52:49,3.2,--,126,40320,买盘
2218,09:52:45,3.2,--,14,4480,买盘
2219,09:52:34,3.2,--,243,77760,买盘
2220,09:52:30,3.2,0.01,36,11520,买盘
2221,09:52:19,3.19,--,4,1276,卖盘
2222,09:52:15,3.19,-0.01,9,2871,卖盘
2223,09:52:09,3.2,0.01,2,640,买盘
2224,09:52:04,3.19,--,3,957,卖盘
2225,09:52:00,3.19,--,1885,601315,卖盘
2226,09:51:54,3.19,-0.01,166,52954,卖盘
2227,09:51:49,3.2,0.01,85,27200,买盘
2228,09:51:45,3.19,--,198,63162,卖盘
2229,09:51:39,3.19,-0.01,86,27434,卖盘
2230,09:51:34,3.2,0.01,2319,742080,买盘
2231,09:51:30,3.19,-0.01,1,319,卖盘
2232,09:51:24,3.2,0.01,880,281600,买盘
2233,09:51:19,3.19,--,323,103037,卖盘
2234,09:51:15,3.19,-0.01,111,35409,卖盘
2235,09:51:09,3.2,0.01,5,1600,买盘
2236,09:51:00,3.19,--,127,40513,卖盘
2237,09:50:49,3.19,-0.01,131,41789,卖盘
2238,09:50:44,3.2,--,20,6400,买盘
2239,09:50:39,3.2,--,59,18880,买盘
2240,09:50:34,3.2,0.01,133,42560,买盘
2241,09:50:30,3.19,-0.01,604,192676,卖盘
2242,09:50:24,3.2,0.01,7,2240,买盘
2243,09:50:19,3.19,--,7,2233,卖盘
2244,09:50:14,3.19,-0.01,70,22330,卖盘
2245,09:50:04,3.2,--,299,95680,买盘
2246,09:49:59,3.2,--,11,3520,买盘
2247,09:49:49,3.2,--,2,640,买盘
2248,09:49:44,3.2,0.01,124,39680,买盘
2249,09:49:39,3.19,-0.01,202,64438,卖盘
2250,09:49:34,3.2,--,217,69440,买盘
2251,09:49:29,3.2,0.01,10,3200,买盘
2252,09:49:19,3.19,-0.01,321,102399,卖盘
2253,09:49:14,3.2,0.01,148,47360,买盘
2254,09:49:09,3.19,--,5,1595,卖盘
2255,09:49:04,3.19,--,8,2552,卖盘
2256,09:48:58,3.19,-0.01,39,12441,卖盘
2257,09:48:54,3.2,--,160,51200,买盘
2258,09:48:49,3.2,0.01,987,315846,买盘
2259,09:48:43,3.19,-0.01,162,51678,卖盘
2260,09:48:34,3.2,--,177,56640,买盘
2261,09:48:28,3.2,0.01,327,104640,买盘
2262,09:48:24,3.19,--,3,957,卖盘
2263,09:48:19,3.19,-0.01,5073,1618287,卖盘
2264,09:48:13,3.2,0.01,9090,2908800,买盘
2265,09:48:04,3.19,--,56,17864,卖盘
2266,09:47:58,3.19,-0.01,14,4466,卖盘
2267,09:47:54,3.2,0.01,15,4800,买盘
2268,09:47:49,3.19,--,28,8932,卖盘
2269,09:47:43,3.19,--,146,46574,卖盘
2270,09:47:39,3.19,--,26,8294,卖盘
2271,09:47:34,3.19,-0.01,304,96976,卖盘
2272,09:47:28,3.2,0.01,205,65600,买盘
2273,09:47:24,3.19,--,50,15950,卖盘
2274,09:47:13,3.19,--,50,15950,卖盘
2275,09:47:09,3.19,--,5,1595,卖盘
2276,09:46:58,3.19,--,8321,2654399,卖盘
2277,09:46:54,3.19,--,1,319,卖盘
2278,09:46:49,3.19,--,127,40513,卖盘
2279,09:46:39,3.19,--,1,319,卖盘
2280,09:46:34,3.19,-0.01,10,3190,卖盘
2281,09:46:28,3.2,--,29,9280,买盘
2282,09:46:24,3.2,0.01,11,3520,买盘
2283,09:46:13,3.19,-0.01,9805,3127795,卖盘
2284,09:46:09,3.2,0.01,641,205120,买盘
2285,09:46:04,3.19,--,211,67309,卖盘
2286,09:45:58,3.19,--,259,82621,卖盘
2287,09:45:48,3.19,-0.01,210,66990,卖盘
2288,09:45:43,3.2,0.01,102,32640,买盘
2289,09:45:39,3.19,-0.01,1435,457765,卖盘
2290,09:45:33,3.2,0.01,4,1280,买盘
2291,09:45:28,3.19,--,187,59653,卖盘
2292,09:45:24,3.19,--,1179,376101,卖盘
2293,09:45:18,3.19,--,352,112288,卖盘
2294,09:45:13,3.19,--,153,48807,卖盘
2295,09:45:09,3.19,--,241,76879,卖盘
2296,09:45:03,3.19,--,389,124091,卖盘
2297,09:44:58,3.19,--,316,100807,卖盘
2298,09:44:54,3.19,--,678,216282,卖盘
2299,09:44:48,3.19,--,13,4147,卖盘
2300,09:44:43,3.19,-0.01,36,11484,卖盘
2301,09:44:39,3.2,0.01,20,6400,买盘
2302,09:44:33,3.19,-0.01,262,83578,卖盘
2303,09:44:28,3.2,--,251,80320,买盘
2304,09:44:24,3.2,--,633,202560,买盘
2305,09:44:13,3.2,0.01,168,53760,买盘
2306,09:44:08,3.19,-0.01,18,5742,卖盘
2307,09:43:58,3.2,0.01,2,640,买盘
2308,09:43:53,3.19,--,102,32538,卖盘
2309,09:43:43,3.19,--,283,90277,卖盘
2310,09:43:38,3.19,--,100,31900,卖盘
2311,09:43:33,3.19,-0.01,41,13079,卖盘
2312,09:43:28,3.2,0.01,88,28160,买盘
2313,09:43:18,3.19,--,3,957,卖盘
2314,09:43:13,3.19,-0.01,8,2552,卖盘
2315,09:43:08,3.2,0.01,112,35840,买盘
2316,09:43:03,3.19,-0.01,4,1276,卖盘
2317,09:42:58,3.2,0.01,555,177600,买盘
2318,09:42:53,3.19,--,7,2233,卖盘
2319,09:42:48,3.19,-0.01,3,957,卖盘
2320,09:42:43,3.2,0.01,899,287680,买盘
2321,09:42:38,3.19,--,3,957,卖盘
2322,09:42:33,3.19,--,116,37004,卖盘
2323,09:42:28,3.19,--,14,4466,卖盘
2324,09:42:23,3.19,--,11,3509,卖盘
2325,09:42:18,3.19,-0.01,1,319,卖盘
2326,09:42:13,3.2,--,539,172480,买盘
2327,09:42:08,3.2,0.01,3,960,买盘
2328,09:42:03,3.19,-0.01,15,4785,卖盘
2329,09:41:58,3.2,0.01,26,8320,买盘
2330,09:41:53,3.19,-0.01,6146,1960574,卖盘
2331,09:41:48,3.2,--,10,3200,买盘
2332,09:41:38,3.2,0.01,64,20480,买盘
2333,09:41:33,3.19,-0.01,35,11165,卖盘
2334,09:41:28,3.2,0.01,110,35200,买盘
2335,09:41:23,3.19,--,3951,1260369,卖盘
2336,09:41:18,3.19,--,50,15950,卖盘
2337,09:41:13,3.19,--,1246,397474,卖盘
2338,09:41:07,3.19,-0.01,5,1595,卖盘
2339,09:41:03,3.2,0.01,20,6400,买盘
2340,09:40:58,3.19,--,553,176407,卖盘
2341,09:40:52,3.19,-0.01,69,22011,卖盘
2342,09:40:48,3.2,0.01,9,2880,买盘
2343,09:40:43,3.19,-0.01,125,39875,卖盘
2344,09:40:37,3.2,0.01,1304,417280,买盘
2345,09:40:33,3.19,-0.01,1,319,卖盘
2346,09:40:28,3.2,0.01,304,97280,买盘
2347,09:40:22,3.19,-0.01,174,55506,卖盘
2348,09:40:18,3.2,0.01,543,173760,买盘
2349,09:40:13,3.19,--,1385,441815,卖盘
2350,09:40:07,3.19,-0.01,3145,1003341,卖盘
2351,09:39:58,3.2,0.01,403,128960,买盘
2352,09:39:52,3.19,--,131,41789,卖盘
2353,09:39:48,3.19,--,331,105589,卖盘
2354,09:39:43,3.19,--,1067,340373,卖盘
2355,09:39:37,3.19,--,2884,920082,卖盘
2356,09:39:33,3.19,--,474,151206,卖盘
2357,09:39:28,3.19,--,406,129514,卖盘
2358,09:39:22,3.19,-0.01,15,4785,卖盘
2359,09:39:18,3.2,--,1,320,买盘
2360,09:39:13,3.2,0.01,1343,429760,买盘
2361,09:39:07,3.19,--,12,3828,卖盘
2362,09:38:58,3.19,--,90,28710,卖盘
2363,09:38:52,3.19,--,16,5104,卖盘
2364,09:38:48,3.19,--,110,35090,卖盘
2365,09:38:43,3.19,--,1,319,卖盘
2366,09:38:37,3.19,-0.01,89,28391,卖盘
2367,09:38:33,3.2,0.01,133,42560,买盘
2368,09:38:28,3.19,-0.01,3,957,卖盘
2369,09:38:22,3.2,--,16,5120,买盘
2370,09:38:18,3.2,0.01,372,119040,买盘
2371,09:38:13,3.19,--,996,317857,卖盘
2372,09:38:07,3.19,--,86,27434,卖盘
2373,09:38:03,3.19,-0.01,6,1914,卖盘
2374,09:37:58,3.2,--,197,63040,买盘
2375,09:37:52,3.2,--,38,12160,买盘
2376,09:37:48,3.2,0.01,2,640,买盘
2377,09:37:37,3.19,--,56,17864,卖盘
2378,09:37:33,3.19,--,372,118805,卖盘
2379,09:37:27,3.19,--,6,1914,卖盘
2380,09:37:22,3.19,-0.01,450,143747,卖盘
2381,09:37:18,3.2,0.01,501,160320,买盘
2382,09:37:12,3.19,--,237,75800,卖盘
2383,09:37:07,3.19,-0.01,103,32857,卖盘
2384,09:37:03,3.2,--,3671,1174720,买盘
2385,09:36:52,3.2,--,215,68800,买盘
2386,09:36:48,3.2,0.01,601,192518,买盘
2387,09:36:42,3.19,--,30,9570,卖盘
2388,09:36:37,3.19,-0.01,405,129392,卖盘
2389,09:36:32,3.2,0.01,25,8000,买盘
2390,09:36:27,3.19,--,238,76119,卖盘
2391,09:36:22,3.19,--,257,82180,卖盘
2392,09:36:17,3.19,--,14,4466,卖盘
2393,09:36:12,3.19,--,321,102596,卖盘
2394,09:36:07,3.19,--,8,2552,卖盘
2395,09:36:02,3.19,--,2152,686488,卖盘
2396,09:35:57,3.19,--,237,75803,卖盘
2397,09:35:52,3.19,--,239,76438,卖盘
2398,09:35:47,3.19,-0.01,1,319,卖盘
2399,09:35:42,3.2,0.01,15,4800,买盘
2400,09:35:37,3.19,--,114,36366,卖盘
2401,09:35:32,3.19,-0.01,246,78671,卖盘
2402,09:35:27,3.2,--,6,1920,买盘
2403,09:35:22,3.2,0.01,261,83820,买盘
2404,09:35:17,3.19,--,57,18183,卖盘
2405,09:35:12,3.19,-0.01,21,6699,卖盘
2406,09:35:07,3.2,--,11,3520,买盘
2407,09:35:02,3.2,0.01,17,5440,买盘
2408,09:34:52,3.19,--,124,39556,卖盘
2409,09:34:47,3.19,-0.01,220,70180,卖盘
2410,09:34:42,3.2,0.01,131,41920,买盘
2411,09:34:37,3.19,--,146,46574,卖盘
2412,09:34:32,3.19,--,742,236698,卖盘
2413,09:34:27,3.19,--,2,638,卖盘
2414,09:34:22,3.19,-0.01,128,40832,卖盘
2415,09:34:17,3.2,0.01,227,72640,买盘
2416,09:34:12,3.19,-0.01,127,40513,卖盘
2417,09:34:07,3.2,--,99,31680,买盘
2418,09:34:02,3.2,--,480,153600,买盘
2419,09:33:57,3.2,--,132,42240,买盘
2420,09:33:52,3.2,0.01,109,34880,买盘
2421,09:33:47,3.19,-0.01,8,2552,卖盘
2422,09:33:42,3.2,0.01,22,7040,买盘
2423,09:33:37,3.19,--,1,319,卖盘
2424,09:33:31,3.19,-0.01,180,57420,卖盘
2425,09:33:27,3.2,--,28,8960,买盘
2426,09:33:22,3.2,--,51,16320,买盘
2427,09:33:16,3.2,0.01,30,9600,买盘
2428,09:33:12,3.19,--,22,7018,卖盘
2429,09:33:07,3.19,-0.01,170,54230,卖盘
2430,09:33:01,3.2,0.01,2,640,买盘
2431,09:32:57,3.19,--,6,1914,卖盘
2432,09:32:52,3.19,--,15,4785,卖盘
2433,09:32:46,3.19,--,1105,352495,卖盘
2434,09:32:42,3.19,-0.01,9,2871,卖盘
2435,09:32:37,3.2,--,1138,364160,买盘
2436,09:32:31,3.2,--,79,25280,买盘
2437,09:32:27,3.2,--,3,960,买盘
2438,09:32:22,3.2,--,31,9920,买盘
2439,09:32:12,3.2,--,10,3200,买盘
2440,09:32:07,3.2,--,199,63680,买盘
2441,09:32:01,3.2,0.01,297,95040,买盘
2442,09:31:57,3.19,--,1,319,卖盘
2443,09:31:52,3.19,-0.01,3,957,卖盘
2444,09:31:46,3.2,0.01,631,201920,买盘
2445,09:31:42,3.19,--,6,1914,卖盘
2446,09:31:37,3.19,--,123,39237,卖盘
2447,09:31:31,3.19,--,6,1914,卖盘
2448,09:31:27,3.19,--,1626,518694,卖盘
2449,09:31:22,3.19,--,2,638,卖盘
2450,09:31:16,3.19,-0.01,7,2233,卖盘
2451,09:31:12,3.2,--,92,29440,买盘
2452,09:31:07,3.2,0.01,205,65600,买盘
2453,09:31:01,3.19,--,14,4466,卖盘
2454,09:30:57,3.19,--,3,957,卖盘
2455,09:30:52,3.19,--,1133,361548,卖盘
2456,09:30:46,3.19,--,101,32219,卖盘
2457,09:30:42,3.19,--,16,5104,卖盘
2458,09:30:37,3.19,--,324,103356,卖盘
2459,09:30:31,3.19,--,16,5104,卖盘
2460,09:30:27,3.19,--,24,7656,卖盘
2461,09:30:22,3.19,--,254,81026,卖盘
2462,09:30:16,3.19,-0.01,10,3190,卖盘
2463,09:30:12,3.2,0.01,656,209920,买盘
2464,09:30:06,3.19,--,768,244992,卖盘
2465,09:30:01,3.19,--,474,151206,卖盘
2466,09:28:49,3.19,--,0,0,卖盘
2467,09:25:06,3.19,3.19,7009,2235871,买盘
