,time,price,change,volume,amount,type
0,15:00:00,12.48,--,0,0,买盘
1,14:59:59,12.48,--,0,0,买盘
2,14:59:55,12.48,0.01,27,33696,买盘
3,14:59:51,12.47,--,46,57362,卖盘
4,14:59:40,12.47,-0.01,2,2494,卖盘
5,14:59:36,12.48,--,40,49920,买盘
6,14:59:10,12.48,--,57,71136,买盘
7,14:59:06,12.48,0.01,26,32448,买盘
8,14:59:01,12.47,-0.01,10,12470,卖盘
9,14:58:45,12.48,--,50,62400,买盘
10,14:58:40,12.48,0.01,6,7488,买盘
11,14:58:30,12.47,-0.01,20,24940,卖盘
12,14:58:25,12.48,0.01,15,18720,买盘
13,14:58:21,12.47,--,20,24940,卖盘
14,14:58:06,12.47,-0.01,20,24940,卖盘
15,14:58:00,12.48,--,1,1248,买盘
16,14:57:55,12.48,0.01,20,24960,买盘
17,14:57:45,12.47,-0.01,281,350407,卖盘
18,14:57:40,12.48,--,1,1248,买盘
19,14:57:30,12.48,--,34,42432,卖盘
20,14:57:25,12.48,0.01,5,6240,卖盘
21,14:57:15,12.47,-0.01,30,37410,卖盘
22,14:57:10,12.48,0.01,37,46176,买盘
23,14:56:55,12.47,--,15,18705,买盘
24,14:56:50,12.47,0.01,20,24940,买盘
25,14:56:45,12.46,-0.01,52,64792,卖盘
26,14:56:40,12.47,--,5,6235,买盘
27,14:56:20,12.47,0.01,10,12470,买盘
28,14:56:15,12.46,--,8,9968,卖盘
29,14:56:05,12.46,--,10,12460,卖盘
30,14:56:00,12.46,--,2,2492,卖盘
31,14:55:55,12.46,--,20,24920,卖盘
32,14:55:35,12.46,-0.01,17,21182,卖盘
33,14:55:30,12.47,--,3,3741,买盘
34,14:55:15,12.47,-0.02,13,16211,卖盘
35,14:55:10,12.49,0.01,8,9992,买盘
36,14:55:05,12.48,-0.01,2,2496,卖盘
37,14:55:00,12.49,--,5,6245,买盘
38,14:54:55,12.49,--,20,24980,卖盘
39,14:54:50,12.49,--,5,6245,卖盘
40,14:54:40,12.49,-0.01,20,24980,卖盘
41,14:54:30,12.5,0.01,65,81250,买盘
42,14:54:15,12.49,--,0,0,中性盘
43,14:54:10,12.49,--,66,82434,买盘
44,14:54:00,12.49,--,0,0,买盘
45,14:53:55,12.49,--,1,1249,买盘
46,14:53:40,12.49,--,25,31225,卖盘
47,14:53:34,12.49,-0.01,24,29976,卖盘
48,14:53:30,12.5,--,10,12500,买盘
49,14:53:19,12.5,--,8,10000,买盘
50,14:52:55,12.5,--,58,72500,卖盘
51,14:52:49,12.5,--,45,56250,卖盘
52,14:52:45,12.5,--,20,25000,卖盘
53,14:52:40,12.5,--,10,12500,卖盘
54,14:52:34,12.5,--,200,250000,卖盘
55,14:52:30,12.5,--,9,11250,卖盘
56,14:52:25,12.5,--,3,3750,买盘
57,14:52:15,12.5,--,18,22500,卖盘
58,14:52:10,12.5,--,30,37500,卖盘
59,14:52:04,12.5,-0.01,2,2500,卖盘
60,14:52:00,12.51,--,0,0,买盘
61,14:51:55,12.51,--,20,25645,卖盘
62,14:51:49,12.51,--,20,25020,卖盘
63,14:51:34,12.51,--,231,288981,卖盘
64,14:51:24,12.51,--,0,0,中性盘
65,14:51:19,12.51,0.01,10,12510,卖盘
66,14:51:15,12.5,--,0,0,卖盘
67,14:51:09,12.5,-0.01,19,23750,卖盘
68,14:51:04,12.51,0.01,25,31275,买盘
69,14:51:00,12.5,--,17,21250,卖盘
70,14:50:54,12.5,--,17,21875,买盘
71,14:50:49,12.5,-0.01,10,12500,买盘
72,14:50:39,12.51,0.01,45,56295,买盘
73,14:50:34,12.5,--,7,8750,买盘
74,14:50:24,12.5,-0.01,131,163750,卖盘
75,14:50:19,12.51,0.01,51,63801,买盘
76,14:50:09,12.5,--,25,31250,卖盘
77,14:50:04,12.5,0.01,45,56250,买盘
78,14:49:59,12.49,--,11,13739,买盘
79,14:49:49,12.49,--,69,86181,买盘
80,14:49:39,12.49,-0.01,50,62450,中性盘
81,14:49:34,12.5,0.01,303,378750,买盘
82,14:49:29,12.49,--,6,7494,卖盘
83,14:49:24,12.49,--,25,31225,卖盘
84,14:49:19,12.49,--,10,12490,卖盘
85,14:49:14,12.49,--,16,19984,买盘
86,14:49:09,12.49,--,1,1249,买盘
87,14:48:54,12.49,-0.01,35,43715,卖盘
88,14:48:49,12.5,0.01,2,2500,中性盘
89,14:48:44,12.49,-0.02,5,6245,卖盘
90,14:48:39,12.51,0.01,50,62550,买盘
91,14:48:34,12.5,-0.02,9,11250,中性盘
92,14:48:29,12.52,0.01,100,125200,买盘
93,14:48:24,12.51,-0.01,10,12510,卖盘
94,14:48:14,12.52,-0.01,20,25040,卖盘
95,14:48:09,12.53,--,22,27566,买盘
96,14:48:04,12.53,--,7,8771,买盘
97,14:47:59,12.53,-0.02,54,67662,卖盘
98,14:47:54,12.55,0.02,63,79065,买盘
99,14:47:49,12.53,--,4,5012,卖盘
100,14:47:43,12.53,--,1,1253,卖盘
101,14:47:39,12.53,0.03,579,725487,买盘
102,14:47:34,12.5,0.02,24,30000,买盘
103,14:47:28,12.48,-0.02,50,62400,卖盘
104,14:47:24,12.5,0.01,923,1153750,买盘
105,14:47:19,12.49,0.02,116,144884,买盘
106,14:47:09,12.47,0.01,20,24940,买盘
107,14:46:58,12.46,0.02,446,555716,买盘
108,14:46:49,12.44,--,20,24880,卖盘
109,14:46:43,12.44,0.02,308,383152,买盘
110,14:46:39,12.42,0.01,33,41457,买盘
111,14:46:19,12.41,--,308,382228,卖盘
112,14:46:13,12.41,0.03,229,284189,买盘
113,14:45:58,12.38,--,15,18570,卖盘
114,14:45:43,12.38,0.01,8,9904,买盘
115,14:45:34,12.37,--,0,0,卖盘
116,14:45:19,12.37,-0.03,33,40821,卖盘
117,14:44:58,12.4,--,5,6200,买盘
118,14:44:43,12.4,-0.01,270,334800,卖盘
119,14:44:39,12.41,0.01,35,43435,买盘
120,14:44:28,12.4,-0.01,28,34720,卖盘
121,14:44:24,12.41,--,15,18615,买盘
122,14:44:18,12.41,-0.01,75,93075,卖盘
123,14:44:13,12.42,--,40,49680,买盘
124,14:44:09,12.42,--,28,34776,买盘
125,14:43:58,12.42,0.01,20,24840,买盘
126,14:43:54,12.41,-0.01,10,12410,卖盘
127,14:43:48,12.42,0.01,1,1242,买盘
128,14:43:43,12.41,--,7,8687,卖盘
129,14:43:33,12.41,--,21,26061,卖盘
130,14:42:58,12.41,--,2,2482,卖盘
131,14:42:43,12.41,--,10,12410,卖盘
132,14:42:28,12.41,-0.01,14,17374,卖盘
133,14:42:18,12.42,0.01,112,139104,买盘
134,14:42:13,12.41,-0.01,12,14892,卖盘
135,14:42:03,12.42,--,80,99360,买盘
136,14:41:58,12.42,--,50,62100,买盘
137,14:41:47,12.42,0.01,10,12420,买盘
138,14:41:38,12.41,-0.01,4,4964,卖盘
139,14:41:33,12.42,0.01,1,1242,买盘
140,14:41:23,12.41,-0.01,35,43435,卖盘
141,14:41:03,12.42,0.01,17,21114,买盘
142,14:40:48,12.41,0.01,23,28543,买盘
143,14:40:42,12.4,--,5,6200,卖盘
144,14:40:28,12.4,--,14,17360,卖盘
145,14:40:07,12.4,--,10,12400,卖盘
146,14:39:57,12.4,-0.02,10,12400,卖盘
147,14:39:48,12.42,0.02,5,6210,买盘
148,14:39:37,12.4,--,150,186000,卖盘
149,14:39:17,12.4,--,0,0,卖盘
150,14:39:12,12.4,-0.02,38,47120,卖盘
151,14:38:57,12.42,0.01,6,7452,买盘
152,14:38:47,12.41,0.01,2,2482,买盘
153,14:38:43,12.4,-0.02,30,37200,卖盘
154,14:38:37,12.42,0.02,32,39744,买盘
155,14:38:32,12.4,-0.01,10,12400,卖盘
156,14:38:22,12.41,--,5,6205,卖盘
157,14:38:07,12.41,0.01,5,6205,买盘
158,14:37:58,12.4,-0.01,41,50840,卖盘
159,14:37:47,12.41,-0.01,14,17374,买盘
160,14:37:28,12.42,0.01,67,83214,买盘
161,14:37:22,12.41,--,70,86870,卖盘
162,14:37:13,12.41,-0.01,50,62050,卖盘
163,14:36:57,12.42,0.01,10,12420,买盘
164,14:36:42,12.41,--,10,12410,卖盘
165,14:36:26,12.41,-0.01,3,3723,卖盘
166,14:36:22,12.42,--,1,1242,买盘
167,14:36:17,12.42,--,2,2484,买盘
168,14:35:52,12.42,0.01,1,1242,买盘
169,14:35:47,12.41,0.01,5,6205,卖盘
170,14:35:41,12.4,-0.02,70,86800,卖盘
171,14:35:37,12.42,0.02,4,4968,买盘
172,14:35:32,12.4,-0.02,15,18600,卖盘
173,14:35:27,12.42,0.02,12,14904,买盘
174,14:35:22,12.4,--,0,0,卖盘
175,14:35:17,12.4,--,120,148812,买盘
176,14:35:12,12.4,--,203,251720,买盘
177,14:35:02,12.4,-0.02,6,8667,卖盘
178,14:34:57,12.42,0.02,104,129168,买盘
179,14:34:52,12.4,--,1,1240,卖盘
180,14:34:32,12.4,0.02,492,610092,买盘
181,14:34:21,12.38,--,492,609096,买盘
182,14:34:12,12.38,--,18,22284,买盘
183,14:34:07,12.38,--,5,6190,买盘
184,14:33:57,12.38,--,10,12380,买盘
185,14:33:51,12.38,0.01,64,79232,买盘
186,14:33:47,12.37,-0.01,10,12370,卖盘
187,14:33:27,12.38,0.01,4,4952,买盘
188,14:33:21,12.37,--,17,21029,买盘
189,14:33:06,12.37,-0.01,25,30924,卖盘
190,14:32:56,12.38,0.01,159,196842,买盘
191,14:32:51,12.37,--,28,34636,买盘
192,14:32:41,12.37,0.01,4,4948,买盘
193,14:32:37,12.36,-0.01,50,61800,卖盘
194,14:32:27,12.37,0.01,171,211527,买盘
195,14:32:16,12.36,--,1,1236,买盘
196,14:32:12,12.36,--,9,11124,卖盘
197,14:31:57,12.36,--,25,30900,卖盘
198,14:31:51,12.36,--,20,24720,买盘
199,14:31:46,12.36,--,63,77868,买盘
200,14:31:21,12.36,--,3,3708,买盘
201,14:30:51,12.36,0.01,3,3708,买盘
202,14:30:46,12.35,-0.01,1,1235,卖盘
203,14:30:36,12.36,0.01,82,101352,买盘
204,14:30:21,12.35,--,78,96330,卖盘
205,14:30:01,12.35,--,20,24700,卖盘
206,14:29:56,12.35,--,41,50635,卖盘
207,14:29:51,12.35,--,1,1235,买盘
208,14:29:36,12.35,-0.01,9,11115,买盘
209,14:29:31,12.36,--,0,0,买盘
210,14:29:16,12.36,--,20,24720,买盘
211,14:29:06,12.36,--,1,1236,买盘
212,14:29:01,12.36,0.02,3,3708,买盘
213,14:28:51,12.34,-0.02,9,11106,卖盘
214,14:28:46,12.36,0.02,41,50676,买盘
215,14:28:05,12.34,--,165,203610,买盘
216,14:27:51,12.34,-0.01,40,49360,卖盘
217,14:27:45,12.35,--,3,3705,买盘
218,14:27:30,12.35,-0.01,9,11115,买盘
219,14:27:20,12.36,0.01,40,49440,买盘
220,14:27:05,12.35,0.02,43,53105,买盘
221,14:26:55,12.33,--,2,2466,买盘
222,14:26:25,12.33,--,150,184950,买盘
223,14:26:05,12.33,--,14,17262,买盘
224,14:25:50,12.33,--,341,420453,买盘
225,14:25:36,12.33,--,0,0,买盘
226,14:25:30,12.33,--,3,3699,卖盘
227,14:25:06,12.33,--,0,0,卖盘
228,14:24:56,12.33,--,80,98640,卖盘
229,14:24:45,12.33,-0.03,15,18495,卖盘
230,14:24:20,12.36,--,0,0,买盘
231,14:23:45,12.36,0.03,364,449904,买盘
232,14:23:25,12.33,--,0,0,卖盘
233,14:22:45,12.33,-0.02,4,4932,卖盘
234,14:22:35,12.35,--,180,222300,买盘
235,14:22:25,12.35,--,0,0,买盘
236,14:22:10,12.35,--,25,30875,买盘
237,14:21:35,12.35,--,5,6175,买盘
238,14:21:25,12.35,--,10,12350,买盘
239,14:21:15,12.35,0.02,1,1235,买盘
240,14:20:54,12.33,--,34,41922,买盘
241,14:20:14,12.33,-0.02,39,48087,卖盘
242,14:20:09,12.35,0.01,12,14820,买盘
243,14:19:59,12.34,--,17,20978,卖盘
244,14:19:54,12.34,0.01,32,39488,买盘
245,14:19:50,12.33,--,8,9864,卖盘
246,14:19:39,12.33,-0.02,10,12330,卖盘
247,14:18:59,12.35,--,20,24700,买盘
248,14:18:54,12.35,0.02,5,6175,买盘
249,14:18:49,12.33,-0.02,48,59184,卖盘
250,14:18:44,12.35,--,0,0,买盘
251,14:18:14,12.35,0.01,55,67925,买盘
252,14:18:09,12.34,--,15,18510,买盘
253,14:18:05,12.34,--,88,108592,买盘
254,14:17:29,12.34,0.01,1,1234,买盘
255,14:17:09,12.33,--,31,38223,买盘
256,14:16:34,12.33,--,11,13563,买盘
257,14:16:19,12.33,--,50,61650,买盘
258,14:16:09,12.33,0.01,4,4932,买盘
259,14:16:04,12.32,--,6,7392,卖盘
260,14:15:44,12.32,--,3,3696,买盘
261,14:15:39,12.32,--,1,1232,买盘
262,14:15:24,12.32,-0.01,6,7392,买盘
263,14:15:19,12.33,--,0,0,买盘
264,14:15:04,12.33,--,7,8631,卖盘
265,14:14:59,12.33,0.02,115,141795,买盘
266,14:14:39,12.31,-0.01,1,1231,买盘
267,14:14:34,12.32,--,0,0,买盘
268,14:14:19,12.32,--,10,12320,买盘
269,14:14:14,12.32,0.03,30,36960,买盘
270,14:14:09,12.29,--,0,0,卖盘
271,14:13:33,12.29,-0.03,36,44244,卖盘
272,14:12:53,12.32,--,49,60368,买盘
273,14:12:48,12.32,-0.01,10,12320,卖盘
274,14:12:23,12.33,0.01,10,12330,买盘
275,14:12:18,12.32,--,50,61600,卖盘
276,14:12:14,12.32,--,5,6160,卖盘
277,14:12:03,12.32,-0.01,5,6160,卖盘
278,14:11:33,12.33,0.01,5,6165,买盘
279,14:10:53,12.32,--,47,57904,买盘
280,14:10:48,12.32,--,13,16016,买盘
281,14:10:29,12.32,--,5,6160,买盘
282,14:10:03,12.32,0.01,100,123200,买盘
283,14:09:48,12.31,--,7,8617,卖盘
284,14:09:38,12.31,0.04,176,216656,买盘
285,14:09:33,12.27,-0.02,66,80982,卖盘
286,14:09:08,12.29,--,2,2458,卖盘
287,14:08:33,12.29,--,5,6145,卖盘
288,14:07:33,12.29,-0.01,20,24580,卖盘
289,14:07:28,12.3,--,32,39360,买盘
290,14:07:18,12.3,0.01,6,7380,买盘
291,14:07:13,12.29,--,250,307250,卖盘
292,14:06:53,12.29,--,1,1229,卖盘
293,14:05:57,12.29,--,10,12290,卖盘
294,14:05:33,12.29,--,5,6145,卖盘
295,14:04:32,12.29,-0.01,20,24580,卖盘
296,14:04:27,12.3,--,0,0,中性盘
297,14:03:47,12.3,0.01,2,2460,中性盘
298,14:03:32,12.29,--,38,46702,卖盘
299,14:03:22,12.29,--,5,6145,卖盘
300,14:03:02,12.29,-0.02,2,2458,卖盘
301,14:02:12,12.31,--,7,8617,买盘
302,14:01:32,12.31,0.01,5,6155,买盘
303,14:01:27,12.3,-0.01,7,8610,卖盘
304,14:01:11,12.31,0.01,1,1231,买盘
305,14:01:07,12.3,--,5,6150,卖盘
306,14:00:47,12.3,--,21,25830,买盘
307,14:00:32,12.3,--,40,49200,买盘
308,14:00:06,12.3,--,48,59040,买盘
309,13:59:32,12.3,--,8,9840,卖盘
310,13:59:27,12.3,--,2,2460,卖盘
311,13:59:21,12.3,--,14,17220,卖盘
312,13:58:57,12.3,0.02,9,11070,中性盘
313,13:58:36,12.28,--,0,0,卖盘
314,13:58:32,12.28,--,0,0,卖盘
315,13:58:21,12.28,--,10,12280,卖盘
316,13:57:56,12.28,-0.04,1,1228,卖盘
317,13:57:26,12.32,--,10,12320,买盘
318,13:57:17,12.32,--,0,0,买盘
319,13:56:46,12.32,0.03,300,369600,买盘
320,13:56:41,12.29,0.01,84,103236,买盘
321,13:56:36,12.28,--,2,2456,卖盘
322,13:56:21,12.28,--,10,12280,卖盘
323,13:56:16,12.28,--,9,11052,买盘
324,13:55:41,12.28,0.01,3,3684,买盘
325,13:55:11,12.27,--,2,2454,卖盘
326,13:55:06,12.27,--,50,61350,卖盘
327,13:54:06,12.27,--,5,6135,卖盘
328,13:53:44,12.27,--,0,0,中性盘
329,13:53:41,12.27,--,166,203682,买盘
330,13:53:26,12.27,0.01,18,22086,买盘
331,13:53:00,12.26,0.01,29,35554,买盘
332,13:52:40,12.25,-0.01,22,26950,卖盘
333,13:52:21,12.26,0.01,10,12260,买盘
334,13:51:36,12.25,-0.01,110,134750,卖盘
335,13:51:29,12.26,--,20,24520,卖盘
336,13:51:21,12.26,0.01,138,169384,买盘
337,13:51:14,12.25,--,15,18375,买盘
338,13:51:06,12.25,--,4,4900,买盘
339,13:50:55,12.25,0.01,10,12250,买盘
340,13:50:50,12.24,-0.01,13,15912,卖盘
341,13:50:45,12.25,0.02,2,2450,买盘
342,13:50:35,12.23,-0.01,28,34244,卖盘
343,13:50:29,12.24,--,1,2252,卖盘
344,13:50:14,12.24,0.02,198,242547,买盘
345,13:49:59,12.22,-0.01,5,6110,卖盘
346,13:49:56,12.23,--,1,1223,买盘
347,13:49:45,12.23,--,20,24460,买盘
348,13:49:35,12.23,--,112,136976,卖盘
349,13:49:25,12.23,--,27,33021,卖盘
350,13:49:20,12.23,--,87,106401,卖盘
351,13:49:05,12.23,--,10,12230,卖盘
352,13:48:50,12.23,-0.01,37,45251,卖盘
353,13:48:45,12.24,--,23,28568,卖盘
354,13:48:30,12.24,--,30,36720,卖盘
355,13:48:25,12.24,--,38,46512,卖盘
356,13:48:15,12.24,-0.01,50,61200,卖盘
357,13:48:10,12.25,--,1,1225,买盘
358,13:47:50,12.25,--,26,31850,卖盘
359,13:47:45,12.25,--,10,12250,卖盘
360,13:47:35,12.25,--,24,29400,卖盘
361,13:47:30,12.25,--,10,12250,卖盘
362,13:47:20,12.25,--,26,31850,卖盘
363,13:47:15,12.25,--,45,55125,卖盘
364,13:47:05,12.25,--,1,1225,卖盘
365,13:47:00,12.25,-0.01,30,36750,卖盘
366,13:46:50,12.26,--,1,1226,卖盘
367,13:46:39,12.26,-0.01,40,49040,卖盘
368,13:46:35,12.27,--,10,12270,买盘
369,13:46:20,12.27,--,13,15951,卖盘
370,13:46:15,12.27,--,5,6135,卖盘
371,13:46:00,12.27,--,10,12270,卖盘
372,13:45:15,12.27,0.01,2,2454,中性盘
373,13:44:53,12.26,--,107,131182,卖盘
374,13:44:38,12.26,--,0,0,卖盘
375,13:44:23,12.26,-0.04,5,6130,卖盘
376,13:44:09,12.3,0.01,200,246000,买盘
377,13:44:00,12.29,--,0,0,买盘
378,13:43:38,12.29,--,10,12290,买盘
379,13:42:44,12.29,0.01,20,24580,买盘
380,13:42:29,12.28,0.02,10,12280,买盘
381,13:42:24,12.26,--,4,4904,卖盘
382,13:41:59,12.26,--,0,0,中性盘
383,13:41:44,12.26,0.01,3,3678,卖盘
384,13:41:24,12.25,--,0,0,卖盘
385,13:41:13,12.25,--,50,61250,卖盘
386,13:40:34,12.25,--,0,0,卖盘
387,13:40:23,12.25,--,0,0,卖盘
388,13:40:08,12.25,--,30,36750,卖盘
389,13:39:58,12.25,0.01,105,128625,买盘
390,13:39:49,12.24,-0.01,4,4896,卖盘
391,13:39:44,12.25,--,35,42875,卖盘
392,13:39:38,12.25,-0.05,30,36750,卖盘
393,13:39:29,12.3,0.05,100,123000,买盘
394,13:39:23,12.25,--,0,0,卖盘
395,13:39:14,12.25,0.01,15,18375,卖盘
396,13:38:44,12.24,--,0,0,卖盘
397,13:37:59,12.24,-0.01,100,122400,卖盘
398,13:37:53,12.25,--,4,4900,卖盘
399,13:37:44,12.25,--,2,2450,卖盘
400,13:37:38,12.25,--,102,125758,买盘
401,13:37:29,12.25,--,50,61250,买盘
402,13:37:23,12.25,-0.02,771,944475,卖盘
403,13:37:13,12.27,--,0,0,卖盘
404,13:37:02,12.27,-0.01,37,45399,卖盘
405,13:36:53,12.28,--,0,0,中性盘
406,13:36:47,12.28,-0.03,100,122800,卖盘
407,13:36:32,12.31,--,0,0,买盘
408,13:36:08,12.31,0.01,8,9848,买盘
409,13:35:53,12.3,--,63,77490,卖盘
410,13:35:47,12.3,--,3,3690,卖盘
411,13:35:23,12.3,--,3,3690,卖盘
412,13:35:08,12.3,--,42,51660,卖盘
413,13:34:53,12.3,--,5,6150,卖盘
414,13:34:38,12.3,-0.01,10,12300,卖盘
415,13:34:17,12.31,--,30,36930,卖盘
416,13:33:08,12.31,--,36,44316,买盘
417,13:32:58,12.31,--,24,29544,卖盘
418,13:32:52,12.31,--,7,8617,卖盘
419,13:32:37,12.31,0.01,6,7386,买盘
420,13:32:17,12.3,-0.01,1,1230,卖盘
421,13:31:17,12.31,-0.01,44,54164,卖盘
422,13:30:52,12.32,0.01,2,2464,买盘
423,13:30:32,12.31,0.01,2,2462,卖盘
424,13:30:07,12.3,--,0,0,卖盘
425,13:29:56,12.3,--,43,52890,卖盘
426,13:29:41,12.3,-0.01,250,307500,卖盘
427,13:29:26,12.31,--,10,12310,卖盘
428,13:29:17,12.31,--,2,2462,卖盘
429,13:29:11,12.31,--,1,1231,卖盘
430,13:29:07,12.31,--,0,0,卖盘
431,13:28:56,12.31,--,1,1231,卖盘
432,13:28:41,12.31,--,143,176033,卖盘
433,13:28:26,12.31,0.01,29,35699,买盘
434,13:28:22,12.3,0.03,42,51660,买盘
435,13:28:11,12.27,--,0,0,卖盘
436,13:28:02,12.27,-0.03,5,6135,卖盘
437,13:27:47,12.3,0.03,250,307500,买盘
438,13:27:41,12.27,-0.03,10,12270,卖盘
439,13:27:32,12.3,--,0,0,买盘
440,13:27:22,12.3,-0.01,5,6150,买盘
441,13:27:07,12.31,--,0,0,买盘
442,13:26:56,12.31,--,0,0,买盘
443,13:26:47,12.31,0.06,6,7386,买盘
444,13:26:41,12.25,-0.06,150,183750,卖盘
445,13:26:26,12.31,0.01,50,61550,买盘
446,13:26:22,12.3,--,2,2460,卖盘
447,13:25:37,12.3,0.02,68,83640,买盘
448,13:25:31,12.28,--,9,11052,卖盘
449,13:25:16,12.28,--,20,24560,卖盘
450,13:25:01,12.28,--,10,12280,卖盘
451,13:24:31,12.28,-0.01,51,62628,卖盘
452,13:23:46,12.29,--,20,24580,买盘
453,13:23:16,12.29,--,10,12290,买盘
454,13:22:21,12.29,--,1,1229,买盘
455,13:22:16,12.29,--,9,11061,卖盘
456,13:21:31,12.29,0.01,15,18435,买盘
457,13:21:16,12.28,0.02,16,19648,买盘
458,13:20:26,12.26,--,5,6130,卖盘
459,13:20:05,12.26,--,0,0,中性盘
460,13:19:56,12.26,--,6,7356,买盘
461,13:19:50,12.26,--,10,12260,买盘
462,13:19:35,12.26,--,85,104210,卖盘
463,13:19:19,12.26,--,1,1226,卖盘
464,13:19:05,12.26,-0.01,26,31876,卖盘
465,13:18:56,12.27,0.01,1,1227,卖盘
466,13:18:50,12.26,--,0,0,卖盘
467,13:18:41,12.26,--,0,0,卖盘
468,13:18:20,12.26,--,10,12260,卖盘
469,13:17:55,12.26,--,0,0,卖盘
470,13:17:35,12.26,--,0,0,卖盘
471,13:17:10,12.26,-0.01,20,24520,卖盘
472,13:16:35,12.27,--,21,25767,买盘
473,13:16:25,12.27,--,9,11043,卖盘
474,13:16:20,12.27,--,46,56442,买盘
475,13:16:04,12.27,--,5,6135,卖盘
476,13:15:35,12.27,--,1,1227,卖盘
477,13:15:15,12.27,-0.03,190,233130,卖盘
478,13:14:10,12.3,--,0,0,中性盘
479,13:13:50,12.3,0.01,46,56580,买盘
480,13:13:35,12.29,--,13,15976,中性盘
481,13:13:29,12.29,0.01,34,41786,买盘
482,13:13:25,12.28,-0.01,10,12280,卖盘
483,13:12:59,12.29,--,66,81114,卖盘
484,13:12:20,12.29,--,2,2458,卖盘
485,13:12:10,12.29,--,1,1229,卖盘
486,13:11:55,12.29,-0.01,1,1229,卖盘
487,13:11:50,12.3,--,0,0,中性盘
488,13:11:40,12.3,--,63,77490,买盘
489,13:11:25,12.3,--,0,0,中性盘
490,13:11:10,12.3,0.01,11,13530,买盘
491,13:11:05,12.29,-0.01,30,36870,卖盘
492,13:10:29,12.3,--,0,0,买盘
493,13:10:14,12.3,-0.01,22,27060,卖盘
494,13:09:44,12.31,--,57,70167,卖盘
495,13:09:19,12.31,--,1,1231,卖盘
496,13:08:59,12.31,--,100,123100,卖盘
497,13:08:19,12.31,0.01,7,8617,买盘
498,13:08:04,12.3,--,10,12300,卖盘
499,13:07:59,12.3,-0.01,1,1230,卖盘
500,13:07:44,12.31,0.01,1,1231,买盘
501,13:07:34,12.3,-0.01,3,3690,卖盘
502,13:07:29,12.31,--,1,1231,买盘
503,13:07:24,12.31,-0.02,1,1231,买盘
504,13:07:19,12.33,--,0,0,买盘
505,13:07:14,12.33,--,78,96174,卖盘
506,13:07:04,12.33,--,10,12330,卖盘
507,13:06:39,12.33,0.03,13,16029,买盘
508,13:06:23,12.3,--,20,24600,卖盘
509,13:06:04,12.3,--,10,12300,卖盘
510,13:05:29,12.3,--,10,12300,卖盘
511,13:05:14,12.3,0.02,22,27060,买盘
512,13:05:04,12.28,-0.02,57,69996,卖盘
513,13:04:53,12.3,--,52,63960,买盘
514,13:04:29,12.3,--,37,45510,卖盘
515,13:04:23,12.3,--,50,61500,卖盘
516,13:04:14,12.3,--,0,0,中性盘
517,13:04:03,12.3,--,0,0,买盘
518,13:03:44,12.3,-0.01,28,34440,卖盘
519,13:03:23,12.31,-0.02,41,50471,卖盘
520,13:03:14,12.33,-0.01,20,24660,卖盘
521,13:02:53,12.34,--,20,24680,卖盘
522,13:02:44,12.34,--,5,6170,卖盘
523,13:02:34,12.34,-0.01,1,1234,卖盘
524,13:02:28,12.35,0.01,1,1235,买盘
525,13:01:53,12.34,--,57,70338,卖盘
526,13:01:28,12.34,0.01,109,134506,买盘
527,13:01:18,12.33,--,15,18495,卖盘
528,13:01:13,12.33,--,3,3699,卖盘
529,13:00:33,12.33,--,20,24660,卖盘
530,13:00:13,12.33,--,30,36990,卖盘
531,13:00:08,12.33,-0.01,34,41922,卖盘
532,13:00:03,12.34,0.01,24,29616,买盘
533,11:30:00,12.33,--,0,0,买盘
534,11:29:59,12.33,--,0,0,买盘
535,11:29:59,12.33,--,5,6165,买盘
536,11:29:44,12.33,--,1,1233,买盘
537,11:29:39,12.33,--,19,23427,卖盘
538,11:29:14,12.33,0.01,123,151659,买盘
539,11:28:59,12.32,--,12,14784,卖盘
540,11:28:54,12.32,--,20,24640,卖盘
541,11:28:49,12.32,--,2,2464,卖盘
542,11:28:34,12.32,--,5,6160,卖盘
543,11:28:29,12.32,--,1,1232,卖盘
544,11:28:24,12.32,-0.01,16,19712,卖盘
545,11:28:14,12.33,--,10,12330,买盘
546,11:27:54,12.33,0.01,1,1233,买盘
547,11:27:29,12.32,0.01,18,22176,买盘
548,11:27:09,12.31,0.01,177,217887,买盘
549,11:26:59,12.3,--,2,2460,卖盘
550,11:26:54,12.3,--,3,3690,卖盘
551,11:26:48,12.3,--,29,35670,买盘
552,11:26:33,12.3,0.01,6,7380,买盘
553,11:26:24,12.29,-0.01,10,12290,卖盘
554,11:26:18,12.3,--,101,124230,买盘
555,11:26:08,12.3,--,1,1230,买盘
556,11:25:59,12.3,--,4,4920,买盘
557,11:25:48,12.3,--,3,3690,买盘
558,11:25:39,12.3,--,1,1230,买盘
559,11:25:08,12.3,0.01,200,246000,买盘
560,11:24:47,12.29,--,81,99549,买盘
561,11:24:44,12.29,--,2,2458,买盘
562,11:24:29,12.29,0.01,20,24580,买盘
563,11:24:17,12.28,--,1,1228,卖盘
564,11:23:53,12.28,--,115,141220,买盘
565,11:23:38,12.28,0.03,2,2456,买盘
566,11:23:28,12.25,--,10,12250,卖盘
567,11:23:22,12.25,--,12,14700,卖盘
568,11:23:02,12.25,0.01,26,31850,买盘
569,11:22:53,12.24,0.01,20,24480,买盘
570,11:22:38,12.23,-0.01,5,6115,卖盘
571,11:22:18,12.24,0.01,19,23256,卖盘
572,11:21:48,12.23,0.01,5,6115,买盘
573,11:21:43,12.22,--,0,0,卖盘
574,11:21:33,12.22,-0.01,100,122200,卖盘
575,11:21:23,12.23,--,17,20791,买盘
576,11:21:18,12.23,--,10,12230,买盘
577,11:21:13,12.23,--,22,26906,买盘
578,11:21:08,12.23,-0.02,101,123523,卖盘
579,11:20:11,12.25,0.02,1,1225,买盘
580,11:20:02,12.23,0.01,12,14676,买盘
581,11:19:53,12.22,-0.01,100,122200,卖盘
582,11:19:48,12.23,--,50,61150,买盘
583,11:19:41,12.23,--,4,4892,买盘
584,11:18:53,12.23,-0.03,50,61150,卖盘
585,11:18:23,12.26,--,50,61300,买盘
586,11:18:03,12.26,-0.01,41,50266,卖盘
587,11:17:17,12.27,--,100,122700,卖盘
588,11:17:12,12.27,-0.01,7,8589,卖盘
589,11:17:07,12.28,0.01,100,122800,买盘
590,11:16:41,12.27,--,100,122700,卖盘
591,11:16:07,12.27,0.02,30,36810,买盘
592,11:15:52,12.25,--,0,0,中性盘
593,11:15:41,12.25,--,0,0,卖盘
594,11:15:32,12.25,--,0,0,中性盘
595,11:15:17,12.25,--,0,0,卖盘
596,11:15:11,12.25,--,44,53900,卖盘
597,11:14:42,12.25,--,10,12250,卖盘
598,11:14:17,12.25,0.02,54,66150,买盘
599,11:14:02,12.23,-0.02,8,9784,卖盘
600,11:13:56,12.25,--,9,11025,买盘
601,11:13:50,12.25,--,107,131075,买盘
602,11:13:11,12.25,0.02,10,12250,买盘
603,11:13:05,12.23,--,5,6115,卖盘
604,11:12:50,12.23,-0.02,5,6115,卖盘
605,11:12:46,12.25,--,2,2450,买盘
606,11:12:21,12.25,--,9,11025,买盘
607,11:12:05,12.25,--,41,50225,买盘
608,11:12:01,12.25,--,100,122500,买盘
609,11:11:56,12.25,0.02,7,8575,买盘
610,11:11:42,12.23,--,43,52589,卖盘
611,11:11:26,12.23,--,0,0,卖盘
612,11:11:16,12.23,--,10,12230,卖盘
613,11:09:50,12.23,--,15,18345,卖盘
614,11:08:20,12.23,--,8,9784,卖盘
615,11:08:05,12.23,-0.01,20,24460,卖盘
616,11:06:25,12.24,0.01,50,61200,买盘
617,11:06:06,12.23,--,29,35467,卖盘
618,11:05:50,12.23,0.01,3,3669,卖盘
619,11:05:40,12.22,--,0,0,卖盘
620,11:05:35,12.22,--,47,57434,卖盘
621,11:05:14,12.22,--,15,18330,卖盘
622,11:05:10,12.22,-0.01,33,40326,卖盘
623,11:04:59,12.23,--,7,8561,买盘
624,11:04:55,12.23,0.01,10,12230,买盘
625,11:04:44,12.22,-0.01,18,21996,卖盘
626,11:04:20,12.23,--,4,4892,买盘
627,11:03:59,12.23,--,7,8561,卖盘
628,11:03:49,12.23,0.01,3,3669,买盘
629,11:03:40,12.22,-0.01,3,3666,卖盘
630,11:03:25,12.23,-0.02,3,3669,卖盘
631,11:02:55,12.25,--,0,0,买盘
632,11:02:14,12.25,0.03,3,3675,买盘
633,11:02:05,12.22,--,10,12220,卖盘
634,11:01:44,12.22,--,5,6110,卖盘
635,11:01:20,12.22,-0.03,15,18330,卖盘
636,11:01:10,12.25,0.03,5,6125,买盘
637,11:00:59,12.22,--,3,3666,卖盘
638,11:00:14,12.22,--,50,61100,卖盘
639,11:00:04,12.22,-0.03,90,109980,卖盘
640,10:59:19,12.25,-0.03,58,71050,卖盘
641,10:59:14,12.28,--,7,8596,买盘
642,10:59:08,12.28,--,3,3684,卖盘
643,10:58:59,12.28,-0.01,17,20876,买盘
644,10:58:19,12.29,--,0,0,买盘
645,10:58:08,12.29,0.04,23,28266,买盘
646,10:57:38,12.25,--,38,46550,卖盘
647,10:57:29,12.25,--,10,12250,卖盘
648,10:57:08,12.25,0.02,28,34300,买盘
649,10:56:58,12.23,0.01,10,12230,中性盘
650,10:56:38,12.22,--,7,8554,卖盘
651,10:56:34,12.22,--,10,12220,卖盘
652,10:55:58,12.22,--,70,85540,卖盘
653,10:55:43,12.22,-0.01,50,61100,卖盘
654,10:55:23,12.23,--,9,11007,卖盘
655,10:55:03,12.23,--,0,0,卖盘
656,10:54:58,12.23,-0.02,600,733800,卖盘
657,10:54:28,12.25,--,24,30024,卖盘
658,10:54:13,12.25,-0.01,51,62475,卖盘
659,10:53:38,12.26,--,44,53944,卖盘
660,10:52:28,12.26,-0.01,68,83368,卖盘
661,10:52:23,12.27,0.01,31,38037,买盘
662,10:51:38,12.26,--,38,46588,买盘
663,10:51:32,12.26,-0.01,3,3678,卖盘
664,10:51:02,12.27,0.01,8,9816,买盘
665,10:50:23,12.26,--,14,17164,卖盘
666,10:48:52,12.26,-0.02,50,61300,卖盘
667,10:47:42,12.28,--,0,0,买盘
668,10:47:37,12.28,0.02,10,12280,买盘
669,10:47:32,12.26,--,10,12260,卖盘
670,10:47:22,12.26,--,15,18390,卖盘
671,10:46:47,12.26,--,0,0,卖盘
672,10:46:17,12.26,-0.02,3,3678,卖盘
673,10:45:22,12.28,-0.01,5,6140,卖盘
674,10:44:47,12.29,--,0,0,买盘
675,10:44:32,12.29,--,26,31953,买盘
676,10:43:41,12.29,--,0,0,买盘
677,10:42:11,12.29,--,20,24580,买盘
678,10:41:46,12.29,-0.01,20,24580,买盘
679,10:41:11,12.3,--,0,0,买盘
680,10:41:01,12.3,0.04,3,3690,买盘
681,10:40:56,12.26,--,0,0,卖盘
682,10:40:46,12.26,--,0,0,卖盘
683,10:40:26,12.26,0.01,48,58848,买盘
684,10:40:22,12.25,-0.01,237,290325,卖盘
685,10:40:16,12.26,--,30,36780,买盘
686,10:40:01,12.26,-0.02,12,14712,卖盘
687,10:39:56,12.28,0.02,5,6140,买盘
688,10:38:46,12.26,0.01,40,49040,买盘
689,10:38:41,12.25,-0.01,8,9800,卖盘
690,10:38:26,12.26,--,10,12260,买盘
691,10:38:11,12.26,--,4,4904,买盘
692,10:38:05,12.26,-0.01,154,188804,卖盘
693,10:38:01,12.27,--,0,0,中性盘
694,10:37:46,12.27,--,7,8589,买盘
695,10:37:16,12.27,--,3,3681,买盘
696,10:36:31,12.27,--,10,12270,买盘
697,10:36:20,12.27,--,27,33129,买盘
698,10:35:56,12.27,--,13,15951,卖盘
699,10:35:46,12.27,-0.02,20,24540,卖盘
700,10:35:35,12.29,0.01,50,61449,买盘
701,10:35:31,12.28,0.01,21,25788,买盘
702,10:35:11,12.27,--,10,12270,卖盘
703,10:34:50,12.27,0.01,57,69939,买盘
704,10:34:35,12.26,--,56,68656,买盘
705,10:33:50,12.26,0.01,55,67430,买盘
706,10:33:25,12.25,-0.01,13,15925,卖盘
707,10:33:20,12.26,--,18,22068,买盘
708,10:33:05,12.26,--,14,17164,卖盘
709,10:32:55,12.26,--,1,1226,卖盘
710,10:32:05,12.26,0.01,5,6130,买盘
711,10:31:50,12.25,-0.01,20,24500,卖盘
712,10:31:20,12.26,--,20,24520,买盘
713,10:31:04,12.26,--,50,61300,买盘
714,10:30:05,12.26,--,10,12260,买盘
715,10:29:50,12.26,0.01,20,24520,买盘
716,10:29:20,12.25,0.01,8,9800,买盘
717,10:28:55,12.24,0.01,2,2448,买盘
718,10:28:34,12.23,--,1,1223,买盘
719,10:28:13,12.23,0.01,5,6115,买盘
720,10:27:58,12.22,--,1,1222,卖盘
721,10:27:55,12.22,-0.01,14,17108,卖盘
722,10:27:50,12.23,0.01,3,3669,买盘
723,10:27:34,12.22,-0.01,38,46436,卖盘
724,10:27:29,12.23,--,0,0,买盘
725,10:27:25,12.23,--,10,12230,买盘
726,10:27:19,12.23,--,9,11007,卖盘
727,10:27:10,12.23,--,11,13453,卖盘
728,10:26:55,12.23,-0.01,4,4892,卖盘
729,10:26:44,12.24,--,1,1224,卖盘
730,10:26:29,12.24,0.01,9,11016,卖盘
731,10:26:25,12.23,--,0,0,卖盘
732,10:26:19,12.23,--,1,1223,卖盘
733,10:25:59,12.23,--,0,0,卖盘
734,10:25:44,12.23,-0.04,10,12230,卖盘
735,10:25:39,12.27,0.04,100,122700,买盘
736,10:25:34,12.23,--,0,0,卖盘
737,10:25:29,12.23,-0.02,240,293520,卖盘
738,10:25:19,12.25,--,20,24500,买盘
739,10:25:14,12.25,--,0,0,买盘
740,10:24:54,12.25,-0.02,42,51450,卖盘
741,10:24:28,12.27,-0.01,48,58896,卖盘
742,10:24:19,12.28,--,78,95784,买盘
743,10:23:49,12.28,0.01,93,114204,买盘
744,10:23:24,12.27,-0.01,16,19632,卖盘
745,10:23:19,12.28,0.01,10,12280,卖盘
746,10:22:59,12.27,--,0,0,卖盘
747,10:22:54,12.27,-0.02,21,25767,卖盘
748,10:22:49,12.29,0.02,5,6145,买盘
749,10:22:29,12.27,0.02,40,49080,中性盘
750,10:22:19,12.25,--,110,134750,卖盘
751,10:22:14,12.25,--,10,12250,卖盘
752,10:22:08,12.25,-0.02,4,4900,卖盘
753,10:21:59,12.27,--,4,4908,买盘
754,10:21:49,12.27,--,57,69939,卖盘
755,10:21:37,12.27,--,75,92025,卖盘
756,10:21:22,12.27,--,10,12270,卖盘
757,10:21:19,12.27,--,63,77301,买盘
758,10:20:53,12.27,--,10,12270,买盘
759,10:20:44,12.27,--,3,3681,卖盘
760,10:20:34,12.27,--,1,1227,卖盘
761,10:20:23,12.27,0.05,50,61350,买盘
762,10:20:19,12.22,-0.04,500,611000,卖盘
763,10:19:58,12.26,--,62,76012,买盘
764,10:19:52,12.26,--,76,93176,买盘
765,10:19:33,12.26,--,10,12260,买盘
766,10:19:29,12.26,0.01,8,9808,买盘
767,10:19:22,12.25,--,20,24500,卖盘
768,10:19:14,12.25,0.01,69,85247,买盘
769,10:19:08,12.24,0.01,1,1224,卖盘
770,10:18:58,12.23,--,0,0,卖盘
771,10:18:53,12.23,--,7,8561,卖盘
772,10:18:37,12.23,0.01,55,67265,买盘
773,10:18:34,12.22,--,36,43992,卖盘
774,10:18:28,12.22,0.01,37,45214,买盘
775,10:18:22,12.21,--,51,62271,卖盘
776,10:18:18,12.21,-0.02,10,12210,卖盘
777,10:18:13,12.23,--,0,0,买盘
778,10:17:58,12.23,0.01,10,12230,买盘
779,10:17:53,12.22,-0.01,95,116090,卖盘
780,10:17:48,12.23,-0.02,60,73380,卖盘
781,10:17:37,12.25,0.01,30,36750,买盘
782,10:17:13,12.24,--,10,12240,卖盘
783,10:17:03,12.24,--,11,13464,卖盘
784,10:16:58,12.24,--,1,1224,卖盘
785,10:16:52,12.24,-0.01,66,80784,卖盘
786,10:16:48,12.25,0.01,83,101675,买盘
787,10:16:43,12.24,--,15,18360,卖盘
788,10:16:37,12.24,-0.01,6,7344,卖盘
789,10:16:33,12.25,--,88,108302,卖盘
790,10:16:28,12.25,--,7,8575,卖盘
791,10:16:22,12.25,--,83,102397,买盘
792,10:16:18,12.25,-0.01,30,37252,卖盘
793,10:16:07,12.26,-0.01,42,51492,买盘
794,10:15:58,12.27,0.02,4,4908,买盘
795,10:15:52,12.25,--,161,197225,卖盘
796,10:15:43,12.25,-0.01,823,1008175,卖盘
797,10:15:37,12.26,0.01,27,33102,卖盘
798,10:15:28,12.25,--,0,0,卖盘
799,10:15:18,12.25,-0.04,400,490000,卖盘
800,10:15:07,12.29,0.03,5,6267,买盘
801,10:14:57,12.26,--,0,0,卖盘
802,10:14:43,12.26,-0.03,6,7356,卖盘
803,10:14:37,12.29,--,10,12290,买盘
804,10:14:22,12.29,-0.01,10,12290,卖盘
805,10:14:13,12.3,-0.01,10,12300,买盘
806,10:14:07,12.31,--,0,0,买盘
807,10:14:01,12.31,--,1,1231,买盘
808,10:13:58,12.31,--,0,0,买盘
809,10:13:52,12.31,0.06,2,2462,买盘
810,10:13:46,12.25,-0.06,1000,1225000,卖盘
811,10:13:42,12.31,0.01,2,2462,买盘
812,10:13:37,12.3,0.01,8,9840,卖盘
813,10:13:22,12.29,--,0,0,卖盘
814,10:13:07,12.29,--,0,0,卖盘
815,10:12:57,12.29,--,156,191724,卖盘
816,10:12:42,12.29,--,0,0,卖盘
817,10:12:37,12.29,--,116,142564,卖盘
818,10:12:31,12.29,--,0,0,卖盘
819,10:12:16,12.29,--,4,4916,卖盘
820,10:11:57,12.29,--,46,56533,卖盘
821,10:11:52,12.29,-0.01,197,242715,卖盘
822,10:11:37,12.3,-0.02,124,153147,卖盘
823,10:11:16,12.32,0.02,94,116411,买盘
824,10:11:12,12.3,-0.02,480,591027,卖盘
825,10:11:07,12.32,-0.01,40,49280,卖盘
826,10:11:01,12.33,--,10,12330,卖盘
827,10:10:37,12.33,-0.01,19,23427,卖盘
828,10:09:52,12.34,-0.01,22,27148,中性盘
829,10:09:42,12.35,--,0,0,买盘
830,10:09:37,12.35,0.05,2,2470,买盘
831,10:09:22,12.3,--,3,3690,卖盘
832,10:09:01,12.3,--,0,0,卖盘
833,10:08:52,12.3,-0.06,1000,1230000,卖盘
834,10:08:37,12.36,0.01,68,84048,买盘
835,10:08:27,12.35,-0.01,3,3705,卖盘
836,10:08:22,12.36,--,3,3708,买盘
837,10:08:16,12.36,--,12,14832,买盘
838,10:07:52,12.36,--,39,48204,买盘
839,10:07:46,12.36,--,23,28428,买盘
840,10:07:31,12.36,-0.01,1,1236,买盘
841,10:07:21,12.37,--,70,86590,卖盘
842,10:07:01,12.37,--,274,338938,买盘
843,10:06:52,12.37,--,0,0,买盘
844,10:06:46,12.37,0.02,1,1237,买盘
845,10:06:07,12.35,-0.01,143,176605,卖盘
846,10:06:01,12.36,--,11,13596,卖盘
847,10:05:52,12.36,0.01,80,98880,买盘
848,10:05:46,12.35,-0.01,57,70407,卖盘
849,10:05:37,12.36,0.01,3,3708,买盘
850,10:05:31,12.35,-0.01,8,9880,卖盘
851,10:05:22,12.36,--,4,4944,买盘
852,10:05:10,12.36,--,87,107532,卖盘
853,10:04:51,12.36,--,40,49440,卖盘
854,10:04:46,12.36,--,5,6180,卖盘
855,10:04:40,12.36,--,10,12360,卖盘
856,10:04:36,12.36,--,10,12360,卖盘
857,10:04:21,12.36,-0.01,2,2472,卖盘
858,10:04:16,12.37,--,100,123699,买盘
859,10:04:10,12.37,0.01,23,28451,卖盘
860,10:03:55,12.36,--,0,0,卖盘
861,10:03:51,12.36,--,5,6180,卖盘
862,10:03:40,12.36,-0.02,88,108768,卖盘
863,10:03:25,12.38,0.02,21,25998,买盘
864,10:03:16,12.36,-0.02,1,1236,卖盘
865,10:03:10,12.38,--,2,2476,买盘
866,10:02:55,12.38,0.02,13,16094,买盘
867,10:02:40,12.36,-0.03,8,9888,卖盘
868,10:02:31,12.39,--,0,0,买盘
869,10:02:25,12.39,0.04,66,81774,买盘
870,10:02:16,12.35,--,74,91390,买盘
871,10:02:00,12.35,--,54,66690,卖盘
872,10:01:40,12.35,--,5,6175,卖盘
873,10:01:10,12.35,0.02,22,27170,买盘
874,10:01:00,12.33,-0.02,4,4932,卖盘
875,10:00:40,12.35,0.02,200,247000,买盘
876,10:00:36,12.33,--,3,3699,卖盘
877,10:00:30,12.33,-0.02,34,41922,卖盘
878,10:00:15,12.35,--,10,12350,买盘
879,10:00:10,12.35,--,1,1235,买盘
880,10:00:00,12.35,--,163,201305,买盘
881,09:59:55,12.35,--,0,0,买盘
882,09:59:45,12.35,-0.04,105,129675,卖盘
883,09:59:40,12.39,--,0,1226,卖盘
884,09:59:36,12.39,--,85,105327,买盘
885,09:59:30,12.39,0.02,19,23541,买盘
886,09:59:25,12.37,-0.02,24,29687,卖盘
887,09:59:10,12.39,--,141,174699,买盘
888,09:59:00,12.39,--,0,0,买盘
889,09:58:55,12.39,--,0,0,买盘
890,09:58:40,12.39,0.03,100,123900,买盘
891,09:58:30,12.36,-0.01,90,111240,中性盘
892,09:58:25,12.37,-0.01,78,96486,卖盘
893,09:58:19,12.38,--,3,3714,卖盘
894,09:58:15,12.38,--,12,14856,卖盘
895,09:58:10,12.38,0.01,56,69328,买盘
896,09:58:00,12.37,0.01,5,6185,卖盘
897,09:57:49,12.36,--,0,0,中性盘
898,09:57:45,12.36,-0.02,12,14832,卖盘
899,09:57:40,12.38,0.02,20,24760,买盘
900,09:57:34,12.36,-0.01,100,123600,卖盘
901,09:57:30,12.37,0.07,123,152955,买盘
902,09:57:19,12.3,--,0,0,卖盘
903,09:57:15,12.3,-0.06,1000,1230000,卖盘
904,09:57:10,12.36,--,16,19776,买盘
905,09:57:04,12.36,--,5,6180,买盘
906,09:56:55,12.36,--,22,27192,买盘
907,09:56:40,12.36,--,0,0,买盘
908,09:56:34,12.36,0.02,30,37080,买盘
909,09:56:30,12.34,0.01,67,83270,买盘
910,09:56:25,12.33,-0.01,18,22194,卖盘
911,09:56:19,12.34,--,280,345520,买盘
912,09:56:10,12.34,--,10,12340,买盘
913,09:56:04,12.34,0.01,21,25914,买盘
914,09:56:00,12.33,-0.01,14,17262,卖盘
915,09:55:55,12.34,0.01,52,64168,买盘
916,09:55:34,12.33,--,52,64116,买盘
917,09:55:25,12.33,--,37,45621,买盘
918,09:55:00,12.33,--,17,20961,卖盘
919,09:54:54,12.33,0.02,9,11097,卖盘
920,09:54:49,12.31,--,0,0,卖盘
921,09:54:45,12.31,-0.02,284,349604,卖盘
922,09:54:39,12.33,--,0,0,买盘
923,09:54:24,12.33,0.02,26,32058,买盘
924,09:54:04,12.31,--,0,0,买盘
925,09:54:00,12.31,0.01,57,70167,买盘
926,09:53:54,12.3,--,2,2460,买盘
927,09:53:39,12.3,--,15,18450,卖盘
928,09:53:34,12.3,--,7,8610,卖盘
929,09:53:19,12.3,0.02,14,17220,买盘
930,09:53:09,12.28,-0.01,35,42980,卖盘
931,09:53:04,12.29,0.02,8,9832,买盘
932,09:52:45,12.27,0.01,54,66258,买盘
933,09:52:39,12.26,-0.01,56,68656,卖盘
934,09:52:29,12.27,--,10,12270,买盘
935,09:52:24,12.27,--,15,18405,买盘
936,09:52:09,12.27,--,52,63804,买盘
937,09:52:04,12.27,--,50,61350,买盘
938,09:51:59,12.27,-0.01,101,123927,卖盘
939,09:51:54,12.28,--,7,8596,买盘
940,09:51:45,12.28,--,100,122800,买盘
941,09:51:39,12.28,0.01,6,7368,买盘
942,09:51:34,12.27,0.01,1,1227,买盘
943,09:51:29,12.26,-0.02,5,6130,卖盘
944,09:51:09,12.28,--,42,51576,卖盘
945,09:51:04,12.28,--,0,0,卖盘
946,09:50:58,12.28,--,109,133852,卖盘
947,09:50:54,12.28,-0.02,200,245600,卖盘
948,09:50:49,12.3,0.02,39,47970,买盘
949,09:50:43,12.28,--,0,0,卖盘
950,09:50:39,12.28,-0.01,123,151044,卖盘
951,09:50:34,12.29,-0.01,15,18435,卖盘
952,09:50:28,12.3,--,2,2460,卖盘
953,09:50:24,12.3,0.01,107,131610,买盘
954,09:50:19,12.29,-0.01,36,44244,卖盘
955,09:50:13,12.3,0.01,50,61500,买盘
956,09:50:04,12.29,--,25,30724,卖盘
957,09:49:58,12.29,--,0,0,卖盘
958,09:49:54,12.29,--,21,25809,买盘
959,09:49:43,12.29,-0.01,56,68824,卖盘
960,09:49:39,12.3,--,10,12300,卖盘
961,09:49:34,12.3,0.01,7,8610,买盘
962,09:49:28,12.29,--,82,100778,卖盘
963,09:49:24,12.29,-0.01,100,122899,卖盘
964,09:49:19,12.3,--,10,12300,买盘
965,09:49:04,12.3,0.01,14,17220,中性盘
966,09:48:58,12.29,-0.01,31,38099,卖盘
967,09:48:39,12.3,--,43,52890,买盘
968,09:48:19,12.3,--,118,145140,卖盘
969,09:48:13,12.3,-0.02,5,6150,卖盘
970,09:48:09,12.32,--,0,0,买盘
971,09:48:04,12.32,0.03,154,189728,买盘
972,09:47:58,12.29,-0.02,183,225017,卖盘
973,09:47:54,12.31,--,207,255346,卖盘
974,09:47:49,12.31,--,100,123100,卖盘
975,09:47:43,12.31,-0.01,8,9848,卖盘
976,09:47:33,12.32,0.01,20,24640,买盘
977,09:47:18,12.31,-0.03,454,558874,卖盘
978,09:47:03,12.34,--,0,0,买盘
979,09:46:43,12.34,--,6,7404,卖盘
980,09:46:39,12.34,0.03,1,1234,卖盘
981,09:46:33,12.31,--,0,0,卖盘
982,09:46:28,12.31,-0.04,70,86871,卖盘
983,09:46:23,12.35,0.02,300,370500,买盘
984,09:46:18,12.33,0.01,2,2466,卖盘
985,09:46:13,12.32,--,0,0,卖盘
986,09:46:03,12.32,-0.02,71,87472,卖盘
987,09:45:58,12.34,0.01,100,123400,买盘
988,09:45:48,12.33,-0.01,56,69048,卖盘
989,09:45:43,12.34,--,18,22212,买盘
990,09:45:39,12.34,-0.01,42,51828,卖盘
991,09:45:33,12.35,--,17,20995,买盘
992,09:45:28,12.35,--,8,9880,买盘
993,09:45:18,12.35,--,44,54340,买盘
994,09:45:13,12.35,--,0,0,买盘
995,09:45:03,12.35,--,20,24700,买盘
996,09:44:58,12.35,--,1,1235,买盘
997,09:44:53,12.35,--,75,92625,卖盘
998,09:44:48,12.35,--,47,58045,买盘
999,09:44:43,12.35,--,269,332215,买盘
1000,09:44:38,12.35,--,51,62985,买盘
1001,09:44:33,12.35,--,0,0,买盘
1002,09:44:23,12.35,--,5,6175,买盘
1003,09:44:03,12.35,--,4,4940,卖盘
1004,09:43:53,12.35,0.03,48,59280,买盘
1005,09:43:48,12.32,-0.03,80,98560,买盘
1006,09:43:43,12.35,--,0,0,买盘
1007,09:43:33,12.35,0.03,66,81510,买盘
1008,09:43:22,12.32,--,1,1232,卖盘
1009,09:43:18,12.32,--,1,1232,卖盘
1010,09:43:13,12.32,--,2,2464,卖盘
1011,09:43:07,12.32,--,0,0,卖盘
1012,09:43:03,12.32,--,288,354816,卖盘
1013,09:42:48,12.32,--,6,7392,买盘
1014,09:42:43,12.32,0.01,100,123200,买盘
1015,09:42:37,12.31,-0.01,1,1231,卖盘
1016,09:42:33,12.32,0.01,27,33264,买盘
1017,09:42:28,12.31,0.01,79,97249,卖盘
1018,09:42:22,12.3,--,0,0,卖盘
1019,09:42:18,12.3,--,10,12300,卖盘
1020,09:42:13,12.3,--,51,62730,卖盘
1021,09:42:07,12.3,--,0,615,卖盘
1022,09:42:03,12.3,-0.03,10,12300,卖盘
1023,09:41:58,12.33,--,0,0,买盘
1024,09:41:52,12.33,0.03,4,4932,买盘
1025,09:41:37,12.3,--,137,168510,卖盘
1026,09:41:33,12.3,--,39,49089,买盘
1027,09:41:27,12.3,--,51,62730,买盘
1028,09:41:22,12.3,--,28,34440,买盘
1029,09:41:13,12.3,--,148,182040,买盘
1030,09:41:03,12.3,--,10,12300,买盘
1031,09:40:58,12.3,--,20,24600,买盘
1032,09:40:52,12.3,0.02,21,25830,买盘
1033,09:40:43,12.28,-0.02,50,61400,中性盘
1034,09:40:37,12.3,0.04,468,575640,买盘
1035,09:40:28,12.26,--,10,12260,卖盘
1036,09:40:13,12.26,-0.03,5,6130,卖盘
1037,09:40:07,12.29,0.01,84,103236,买盘
1038,09:40:03,12.28,--,32,39296,买盘
1039,09:39:58,12.28,--,0,0,买盘
1040,09:39:52,12.28,--,32,40511,卖盘
1041,09:39:48,12.28,--,60,73680,卖盘
1042,09:39:37,12.28,-0.01,163,200164,卖盘
1043,09:39:27,12.29,0.01,2,2458,买盘
1044,09:39:22,12.28,-0.02,250,307000,卖盘
1045,09:39:18,12.3,--,10,12300,买盘
1046,09:39:12,12.3,--,30,36900,买盘
1047,09:39:07,12.3,--,256,314880,卖盘
1048,09:39:02,12.3,-0.03,30,36900,卖盘
1049,09:38:57,12.33,--,14,17262,买盘
1050,09:38:52,12.33,0.03,16,19728,买盘
1051,09:38:48,12.3,-0.02,89,109470,卖盘
1052,09:38:42,12.32,-0.01,37,45584,卖盘
1053,09:38:37,12.33,-0.01,22,27126,中性盘
1054,09:38:32,12.34,--,25,30850,买盘
1055,09:38:27,12.34,0.02,162,199908,买盘
1056,09:38:22,12.32,-0.02,16,19712,卖盘
1057,09:38:18,12.34,-0.01,24,29616,卖盘
1058,09:38:12,12.35,0.01,67,82745,买盘
1059,09:38:07,12.34,--,41,50594,买盘
1060,09:38:03,12.34,0.02,103,127102,买盘
1061,09:37:57,12.32,-0.01,171,210672,卖盘
1062,09:37:42,12.33,-0.01,10,12330,卖盘
1063,09:37:37,12.34,0.02,56,69104,买盘
1064,09:37:32,12.32,--,5,6160,卖盘
1065,09:37:22,12.32,0.02,35,43120,买盘
1066,09:37:17,12.3,-0.02,20,24600,卖盘
1067,09:37:12,12.32,0.03,10,12320,买盘
1068,09:36:57,12.29,-0.03,50,61449,卖盘
1069,09:36:52,12.32,0.03,36,44352,买盘
1070,09:36:42,12.29,--,20,24580,卖盘
1071,09:36:32,12.29,--,20,24580,卖盘
1072,09:36:27,12.29,--,10,12290,买盘
1073,09:36:22,12.29,--,20,24580,买盘
1074,09:36:17,12.29,0.01,20,24580,买盘
1075,09:36:12,12.28,--,10,12280,卖盘
1076,09:35:57,12.28,0.04,288,353676,买盘
1077,09:35:52,12.24,--,30,36720,买盘
1078,09:35:46,12.24,--,25,30600,买盘
1079,09:35:42,12.24,-0.01,42,51408,卖盘
1080,09:35:37,12.25,--,15,18375,买盘
1081,09:35:27,12.25,0.01,1,1225,买盘
1082,09:35:16,12.24,--,200,244800,卖盘
1083,09:35:12,12.24,--,192,235008,卖盘
1084,09:35:07,12.24,0.02,98,119952,买盘
1085,09:35:01,12.22,--,28,34216,买盘
1086,09:34:57,12.22,--,11,13442,买盘
1087,09:34:52,12.22,--,30,36660,卖盘
1088,09:34:46,12.22,--,0,0,卖盘
1089,09:34:42,12.22,--,30,36660,卖盘
1090,09:34:37,12.22,--,21,25662,买盘
1091,09:34:27,12.22,0.02,10,12220,买盘
1092,09:34:16,12.2,-0.01,115,140300,卖盘
1093,09:34:01,12.21,0.01,9,10989,买盘
1094,09:33:52,12.2,--,98,119560,买盘
1095,09:33:42,12.2,0.01,36,43920,买盘
1096,09:33:22,12.19,--,10,12202,买盘
1097,09:33:16,12.19,--,0,0,买盘
1098,09:33:07,12.19,--,10,12190,买盘
1099,09:33:01,12.19,--,49,59731,买盘
1100,09:32:57,12.19,--,0,0,买盘
1101,09:32:52,12.19,--,199,243787,买盘
1102,09:32:46,12.19,0.02,39,47541,买盘
1103,09:32:37,12.17,-0.02,0,12,卖盘
1104,09:32:27,12.19,--,0,0,买盘
1105,09:32:22,12.19,0.04,55,67045,买盘
1106,09:32:06,12.15,--,91,110565,买盘
1107,09:32:01,12.15,0.02,13,15795,买盘
1108,09:31:51,12.13,--,10,12130,卖盘
1109,09:31:46,12.13,--,1,1213,卖盘
1110,09:31:41,12.13,--,1,1213,卖盘
1111,09:31:36,12.13,--,21,25473,买盘
1112,09:31:31,12.13,--,2,2426,买盘
1113,09:31:21,12.13,-0.06,176,213488,卖盘
1114,09:30:56,12.19,--,0,0,买盘
1115,09:30:51,12.19,0.04,30,36570,买盘
1116,09:30:46,12.15,-0.04,10,12150,卖盘
1117,09:30:06,12.19,-0.02,58,70702,卖盘
1118,09:28:48,12.21,--,0,0,买盘
1119,09:25:05,12.21,12.21,380,463980,买盘
