,time,price,change,volume,amount,type
0,15:00:23,5.37,--,10993,5903477,卖盘
1,14:57:35,5.37,--,0,0,买盘
2,14:57:05,5.37,--,190,102072,卖盘
3,14:57:02,5.37,--,86,46697,卖盘
4,14:56:59,5.37,--,148,79476,卖盘
5,14:56:56,5.37,--,94,50993,卖盘
6,14:56:50,5.37,-0.01,445,238986,卖盘
7,14:56:47,5.38,0.01,632,340016,买盘
8,14:56:44,5.37,-0.01,125,67146,卖盘
9,14:56:41,5.38,--,348,187224,买盘
10,14:56:38,5.38,0.01,436,235084,买盘
11,14:56:35,5.37,--,931,500054,卖盘
12,14:56:32,5.37,--,428,229836,卖盘
13,14:56:29,5.37,--,353,189711,卖盘
14,14:56:26,5.37,-0.01,2198,1180326,卖盘
15,14:56:23,5.38,--,266,143108,买盘
16,14:56:20,5.38,--,533,286775,买盘
17,14:56:17,5.38,0.01,164,88232,买盘
18,14:56:14,5.37,-0.01,616,331049,卖盘
19,14:56:11,5.38,--,276,148488,买盘
20,14:56:08,5.38,--,138,74244,买盘
21,14:56:05,5.38,--,186,100068,买盘
22,14:56:02,5.38,--,832,447616,买盘
23,14:55:59,5.38,--,358,192604,买盘
24,14:55:56,5.38,--,124,67228,买盘
25,14:55:53,5.38,--,108,58104,买盘
26,14:55:50,5.38,--,155,83411,买盘
27,14:55:47,5.38,--,56,30128,买盘
28,14:55:44,5.38,-0.01,906,487428,卖盘
29,14:55:38,5.39,0.01,438,236082,买盘
30,14:55:35,5.38,--,146,79064,卖盘
31,14:55:32,5.38,-0.01,150,80700,卖盘
32,14:55:29,5.39,--,1719,926562,买盘
33,14:55:26,5.39,--,130,70070,买盘
34,14:55:23,5.39,--,256,137984,买盘
35,14:55:17,5.39,--,66,35574,买盘
36,14:55:14,5.39,--,54,29106,买盘
37,14:55:11,5.39,--,58,31779,买盘
38,14:55:08,5.39,--,191,102970,买盘
39,14:55:05,5.39,--,110,59290,买盘
40,14:55:02,5.39,--,46,25311,买盘
41,14:54:59,5.39,--,156,84084,买盘
42,14:54:56,5.39,--,338,182182,买盘
43,14:54:53,5.39,--,220,118580,买盘
44,14:54:47,5.39,--,163,87878,买盘
45,14:54:44,5.39,--,132,71665,买盘
46,14:54:41,5.39,--,1381,744380,买盘
47,14:54:38,5.39,--,744,401016,买盘
48,14:54:32,5.39,--,700,377817,买盘
49,14:54:29,5.39,--,71,38290,买盘
50,14:54:26,5.39,0.01,50,26950,买盘
51,14:54:23,5.38,-0.01,414,223248,卖盘
52,14:54:20,5.39,--,88,47432,买盘
53,14:54:17,5.39,--,297,160104,买盘
54,14:54:14,5.39,--,592,319605,买盘
55,14:54:08,5.39,--,324,174636,买盘
56,14:54:05,5.39,--,43,23198,买盘
57,14:54:02,5.39,--,130,70070,买盘
58,14:53:59,5.39,--,182,98615,买盘
59,14:53:56,5.39,--,53,28588,买盘
60,14:53:53,5.39,--,212,114268,卖盘
61,14:53:50,5.39,-0.01,336,181104,卖盘
62,14:53:47,5.4,--,188,101520,买盘
63,14:53:44,5.4,0.01,208,112838,买盘
64,14:53:41,5.39,--,198,106722,卖盘
65,14:53:38,5.39,-0.01,216,116424,卖盘
66,14:53:35,5.4,0.01,54,29678,买盘
67,14:53:32,5.39,--,96,51744,卖盘
68,14:53:29,5.39,-0.01,57,30744,卖盘
69,14:53:23,5.4,0.01,30,16200,买盘
70,14:53:20,5.39,-0.01,275,148246,卖盘
71,14:53:17,5.4,0.01,68,36720,买盘
72,14:53:14,5.39,--,320,172997,买盘
73,14:53:08,5.39,--,198,106722,买盘
74,14:53:05,5.39,-0.01,302,162778,卖盘
75,14:53:02,5.4,0.01,82,44280,买盘
76,14:52:59,5.39,-0.01,736,396704,卖盘
77,14:52:56,5.4,0.01,32,17280,买盘
78,14:52:53,5.39,-0.01,62,33418,卖盘
79,14:52:50,5.4,0.01,137,74001,买盘
80,14:52:44,5.39,--,16,9141,买盘
81,14:52:41,5.39,--,422,227458,卖盘
82,14:52:38,5.39,-0.01,36,19404,卖盘
83,14:52:35,5.4,0.01,18,9720,买盘
84,14:52:32,5.39,-0.01,33,17808,卖盘
85,14:52:29,5.4,--,814,439560,买盘
86,14:52:23,5.4,--,316,170640,买盘
87,14:52:20,5.4,--,60,32400,买盘
88,14:52:14,5.4,--,0,518,买盘
89,14:52:11,5.4,--,96,51840,买盘
90,14:52:08,5.4,0.01,388,209520,买盘
91,14:52:05,5.39,-0.01,1185,638736,卖盘
92,14:52:02,5.4,0.01,280,151718,买盘
93,14:51:59,5.39,--,4,2156,卖盘
94,14:51:56,5.39,--,6,3234,卖盘
95,14:51:53,5.39,0.01,28,15092,买盘
96,14:51:50,5.38,-0.02,342,183996,卖盘
97,14:51:44,5.4,0.01,75,40521,买盘
98,14:51:41,5.39,0.01,812,438185,买盘
99,14:51:35,5.38,-0.01,15,8091,卖盘
100,14:51:32,5.39,--,104,56573,买盘
101,14:51:29,5.39,--,228,122891,买盘
102,14:51:23,5.39,--,684,368676,买盘
103,14:51:17,5.39,0.01,2,1078,买盘
104,14:51:14,5.38,-0.01,112,60256,卖盘
105,14:51:11,5.39,0.01,120,64679,买盘
106,14:51:05,5.38,--,502,270076,卖盘
107,14:51:02,5.38,--,40,21520,卖盘
108,14:50:56,5.38,--,87,46827,卖盘
109,14:50:53,5.38,--,138,74244,买盘
110,14:50:50,5.38,--,30,16656,买盘
111,14:50:47,5.38,--,112,60256,买盘
112,14:50:44,5.38,--,24,12912,买盘
113,14:50:41,5.38,--,909,489063,买盘
114,14:50:38,5.38,-0.01,928,499264,卖盘
115,14:50:35,5.39,0.01,126,68431,买盘
116,14:50:32,5.38,-0.01,125,67271,卖盘
117,14:50:29,5.39,0.01,564,303996,买盘
118,14:50:26,5.38,--,52,28492,卖盘
119,14:50:23,5.38,--,379,203923,卖盘
120,14:50:16,5.38,--,4,2152,卖盘
121,14:50:13,5.38,--,350,188300,卖盘
122,14:50:10,5.38,--,96,51648,卖盘
123,14:50:07,5.38,--,1612,867772,买盘
124,14:50:04,5.38,--,890,478863,买盘
125,14:50:01,5.38,--,185,100024,买盘
126,14:49:55,5.38,0.01,1480,796240,买盘
127,14:49:52,5.37,--,215,115476,卖盘
128,14:49:49,5.37,--,20,11255,卖盘
129,14:49:46,5.37,-0.01,92,49404,卖盘
130,14:49:43,5.38,--,91,48979,买盘
131,14:49:40,5.38,0.01,12,6456,买盘
132,14:49:37,5.37,--,248,133176,卖盘
133,14:49:34,5.37,--,328,176651,卖盘
134,14:49:28,5.37,--,99,53184,卖盘
135,14:49:25,5.37,--,103,55332,卖盘
136,14:49:22,5.37,--,304,163763,买盘
137,14:49:19,5.37,--,226,121362,买盘
138,14:49:16,5.37,--,46,25217,买盘
139,14:49:13,5.37,--,159,85404,买盘
140,14:49:10,5.37,--,48,26291,买盘
141,14:49:07,5.37,--,330,177252,买盘
142,14:49:04,5.37,--,234,126173,卖盘
143,14:49:01,5.37,--,80,42960,卖盘
144,14:48:58,5.37,--,1430,768425,买盘
145,14:48:55,5.37,--,244,131028,买盘
146,14:48:52,5.37,--,124,66588,买盘
147,14:48:46,5.37,--,1064,571368,买盘
148,14:48:43,5.37,--,177,95070,买盘
149,14:48:40,5.37,--,86,46697,买盘
150,14:48:37,5.37,0.01,185,99366,买盘
151,14:48:34,5.36,-0.01,262,140432,卖盘
152,14:48:31,5.37,0.01,246,132102,买盘
153,14:48:25,5.36,-0.01,54,28944,卖盘
154,14:48:22,5.37,--,32,17184,买盘
155,14:48:19,5.37,--,343,184212,买盘
156,14:48:13,5.37,--,96,51552,买盘
157,14:48:10,5.37,--,8,4296,买盘
158,14:48:07,5.37,--,296,159467,买盘
159,14:48:04,5.37,0.01,32,17184,买盘
160,14:48:01,5.36,-0.01,1323,709149,卖盘
161,14:47:58,5.37,--,61,33251,买盘
162,14:47:55,5.37,--,103,55332,买盘
163,14:47:52,5.37,--,152,81624,买盘
164,14:47:49,5.37,--,93,50177,买盘
165,14:47:46,5.37,--,175,93996,买盘
166,14:47:43,5.37,0.01,436,234132,买盘
167,14:47:37,5.36,-0.01,48,25728,卖盘
168,14:47:34,5.37,--,116,62807,买盘
169,14:47:31,5.37,--,38,20406,买盘
170,14:47:28,5.37,--,97,52110,买盘
171,14:47:25,5.37,--,378,202986,买盘
172,14:47:19,5.37,--,78,41886,买盘
173,14:47:16,5.37,--,50,26850,买盘
174,14:47:13,5.37,--,58,31661,买盘
175,14:47:10,5.37,--,69,37074,买盘
176,14:47:07,5.37,--,172,92879,买盘
177,14:47:04,5.37,--,175,93996,卖盘
178,14:47:01,5.37,--,72,38664,卖盘
179,14:46:58,5.37,-0.01,50,26850,卖盘
180,14:46:55,5.38,--,54,29052,买盘
181,14:46:52,5.38,--,58,31204,买盘
182,14:46:49,5.38,0.01,4084,2197192,买盘
183,14:46:46,5.37,--,468,251831,卖盘
184,14:46:43,5.37,-0.01,47,25260,卖盘
185,14:46:40,5.38,0.01,520,280276,买盘
186,14:46:37,5.37,--,424,227688,卖盘
187,14:46:28,5.37,-0.01,27,14520,卖盘
188,14:46:25,5.38,--,308,165704,买盘
189,14:46:22,5.38,--,50,27416,买盘
190,14:46:19,5.38,--,190,102220,买盘
191,14:46:16,5.38,--,65,34991,买盘
192,14:46:13,5.38,--,236,127484,买盘
193,14:46:10,5.38,--,122,65636,买盘
194,14:46:07,5.38,0.01,89,47903,买盘
195,14:46:04,5.37,--,376,202427,卖盘
196,14:46:01,5.37,--,225,120846,卖盘
197,14:45:58,5.37,--,36,19847,卖盘
198,14:45:55,5.37,--,88,47256,卖盘
199,14:45:52,5.37,--,56,30072,卖盘
200,14:45:49,5.37,--,5,2706,卖盘
201,14:45:46,5.37,--,82,44549,卖盘
202,14:45:43,5.37,--,39,20964,卖盘
203,14:45:40,5.37,--,410,220170,卖盘
204,14:45:37,5.37,-0.01,322,173429,卖盘
205,14:45:34,5.38,--,270,145260,买盘
206,14:45:28,5.38,0.01,28,15064,买盘
207,14:45:25,5.37,-0.01,492,264204,卖盘
208,14:45:19,5.38,--,55,29611,买盘
209,14:45:16,5.38,0.01,48,26340,买盘
210,14:45:13,5.37,--,20,10740,卖盘
211,14:45:10,5.37,--,254,136398,卖盘
212,14:45:07,5.37,--,70,37590,卖盘
213,14:45:04,5.37,--,52,27924,卖盘
214,14:45:01,5.37,-0.01,152,81624,卖盘
215,14:44:58,5.38,--,18,9684,买盘
216,14:44:55,5.38,0.01,22,11836,买盘
217,14:44:52,5.37,-0.01,67,36000,卖盘
218,14:44:49,5.38,0.01,220,118360,买盘
219,14:44:46,5.37,-0.01,258,138546,卖盘
220,14:44:43,5.38,--,92,49496,买盘
221,14:44:40,5.38,0.01,586,315268,买盘
222,14:44:37,5.37,-0.01,524,281903,卖盘
223,14:44:34,5.38,--,16,8608,买盘
224,14:44:31,5.38,--,355,191011,买盘
225,14:44:25,5.38,--,10,5380,买盘
226,14:44:22,5.38,--,130,70456,买盘
227,14:44:19,5.38,0.01,91,48979,买盘
228,14:44:16,5.37,-0.01,200,107915,卖盘
229,14:44:10,5.38,--,82,44116,买盘
230,14:44:07,5.38,--,57,30687,买盘
231,14:44:04,5.38,--,874,470728,买盘
232,14:44:01,5.38,--,185,99551,买盘
233,14:43:58,5.38,--,4,2152,买盘
234,14:43:55,5.38,--,724,389512,卖盘
235,14:43:52,5.38,-0.01,366,197424,卖盘
236,14:43:49,5.39,0.01,220,118580,买盘
237,14:43:46,5.38,--,856,460528,卖盘
238,14:43:43,5.38,-0.01,114,61332,卖盘
239,14:43:40,5.39,--,708,381612,买盘
240,14:43:37,5.39,--,100,53900,买盘
241,14:43:34,5.39,0.01,195,105126,买盘
242,14:43:28,5.38,-0.01,20,10760,卖盘
243,14:43:25,5.39,--,264,142296,买盘
244,14:43:22,5.39,--,154,83006,买盘
245,14:43:19,5.39,--,40,22077,买盘
246,14:43:16,5.39,--,144,77616,买盘
247,14:43:13,5.39,--,37,19964,买盘
248,14:43:10,5.39,--,44,24233,买盘
249,14:43:07,5.39,--,252,135828,买盘
250,14:43:01,5.39,0.01,166,89474,买盘
251,14:42:58,5.38,--,127,68347,卖盘
252,14:42:52,5.38,-0.01,40,21520,卖盘
253,14:42:49,5.39,--,56,30701,买盘
254,14:42:46,5.39,--,46,24794,买盘
255,14:42:43,5.39,--,11,5950,买盘
256,14:42:40,5.39,--,20,11297,买盘
257,14:42:37,5.39,--,113,60928,买盘
258,14:42:34,5.39,0.01,56,30184,买盘
259,14:42:31,5.38,-0.01,366,196908,卖盘
260,14:42:28,5.39,0.01,340,183777,买盘
261,14:42:25,5.38,--,51,27459,卖盘
262,14:42:22,5.38,-0.01,170,91976,卖盘
263,14:42:19,5.39,--,73,39368,买盘
264,14:42:16,5.39,--,34,18843,买盘
265,14:42:13,5.39,--,22,11858,买盘
266,14:42:10,5.39,--,10,5390,买盘
267,14:42:07,5.39,--,268,144452,买盘
268,14:42:01,5.39,--,411,221550,买盘
269,14:41:58,5.39,--,30,16169,买盘
270,14:41:52,5.39,--,12,6468,买盘
271,14:41:49,5.39,-0.01,132,71148,买盘
272,14:41:46,5.4,0.01,250,135000,买盘
273,14:41:43,5.39,--,586,316371,卖盘
274,14:41:40,5.39,--,118,63601,卖盘
275,14:41:37,5.39,--,314,169246,卖盘
276,14:41:34,5.39,--,62,33418,卖盘
277,14:41:31,5.39,--,32,17248,卖盘
278,14:41:28,5.39,-0.01,922,496957,卖盘
279,14:41:25,5.4,0.01,30,16200,买盘
280,14:41:22,5.39,--,120,64679,卖盘
281,14:41:19,5.39,--,33,17808,卖盘
282,14:41:16,5.39,-0.01,100,53900,卖盘
283,14:41:13,5.4,--,822,444398,买盘
284,14:41:10,5.4,--,69,37281,买盘
285,14:41:07,5.4,--,10,5918,买盘
286,14:41:01,5.4,--,49,26481,买盘
287,14:40:58,5.4,0.01,20,10800,买盘
288,14:40:55,5.39,--,32,17248,卖盘
289,14:40:52,5.39,--,2000,1078000,卖盘
290,14:40:49,5.39,-0.01,140,75460,卖盘
291,14:40:43,5.4,0.01,26,14040,买盘
292,14:40:40,5.39,-0.01,68,36652,卖盘
293,14:40:37,5.4,0.01,742,401198,买盘
294,14:40:34,5.39,-0.01,62,33418,卖盘
295,14:40:31,5.4,--,203,109641,买盘
296,14:40:25,5.4,--,24,13478,买盘
297,14:40:22,5.4,--,22,11880,买盘
298,14:40:19,5.4,--,97,52401,买盘
299,14:40:10,5.4,--,130,70200,买盘
300,14:40:04,5.4,--,10,5400,买盘
301,14:40:01,5.4,--,26,14040,买盘
302,14:39:58,5.4,-0.01,2516,1358899,卖盘
303,14:39:55,5.41,--,314,170393,买盘
304,14:39:52,5.41,--,138,74701,买盘
305,14:39:49,5.41,--,56,30296,买盘
306,14:39:46,5.41,--,37,20514,买盘
307,14:39:43,5.41,--,124,67084,买盘
308,14:39:40,5.41,--,1202,650325,买盘
309,14:39:34,5.41,0.01,89,48646,买盘
310,14:39:31,5.4,--,241,130161,卖盘
311,14:39:22,5.4,-0.01,2050,1107000,卖盘
312,14:39:19,5.41,0.01,120,65439,买盘
313,14:39:13,5.4,--,434,234403,卖盘
314,14:39:10,5.4,-0.01,164,89078,卖盘
315,14:39:07,5.41,--,20,10820,买盘
316,14:39:04,5.41,--,568,307807,买盘
317,14:39:01,5.41,--,3,1644,买盘
318,14:38:58,5.41,--,79,42760,买盘
319,14:38:55,5.41,--,109,59466,买盘
320,14:38:52,5.41,0.01,1,562,买盘
321,14:38:49,5.4,--,220,118800,卖盘
322,14:38:46,5.4,--,62,33480,卖盘
323,14:38:43,5.4,-0.01,4,2160,卖盘
324,14:38:40,5.41,--,3,1644,买盘
325,14:38:37,5.41,--,10,5929,买盘
326,14:38:34,5.41,--,245,132566,买盘
327,14:38:31,5.41,0.01,316,170956,买盘
328,14:38:25,5.4,--,1,1036,卖盘
329,14:38:22,5.4,--,6,3283,卖盘
330,14:38:19,5.4,--,24,12960,卖盘
331,14:38:16,5.4,-0.01,10,5918,卖盘
332,14:38:13,5.41,--,357,193158,买盘
333,14:38:10,5.41,--,66,36225,买盘
334,14:38:07,5.41,--,8,4328,买盘
335,14:38:04,5.41,--,36,19476,买盘
336,14:38:01,5.41,--,54,29214,买盘
337,14:37:58,5.41,--,95,51416,买盘
338,14:37:55,5.41,--,612,331092,买盘
339,14:37:52,5.41,--,29,16186,买盘
340,14:37:49,5.41,0.01,14,7617,买盘
341,14:37:46,5.4,-0.01,29,16156,卖盘
342,14:37:43,5.41,0.01,107,57908,买盘
343,14:37:37,5.4,-0.01,264,143078,卖盘
344,14:37:34,5.41,--,119,64400,买盘
345,14:37:31,5.41,--,50,27050,买盘
346,14:37:25,5.41,--,40,21640,买盘
347,14:37:22,5.41,--,126,68166,买盘
348,14:37:16,5.41,--,259,140140,买盘
349,14:37:10,5.41,--,62,34061,买盘
350,14:37:07,5.41,--,70,37870,买盘
351,14:37:04,5.41,--,12,6492,买盘
352,14:36:58,5.41,--,122,66304,卖盘
353,14:36:55,5.41,-0.01,22,11902,卖盘
354,14:36:52,5.42,0.01,108,58752,买盘
355,14:36:49,5.41,--,11,5972,买盘
356,14:36:46,5.41,--,157,85261,卖盘
357,14:36:43,5.41,--,40,21640,卖盘
358,14:36:40,5.41,--,158,85997,卖盘
359,14:36:37,5.41,--,586,317285,买盘
360,14:36:34,5.41,--,192,103872,买盘
361,14:36:31,5.41,--,38,21077,买盘
362,14:36:28,5.41,--,29,15710,买盘
363,14:36:22,5.41,0.01,9,5366,买盘
364,14:36:19,5.4,-0.01,347,187401,卖盘
365,14:36:16,5.41,--,140,76259,买盘
366,14:36:13,5.41,--,123,66564,买盘
367,14:36:04,5.41,--,23,12464,买盘
368,14:36:01,5.41,--,24,13503,买盘
369,14:35:58,5.41,--,20,11339,买盘
370,14:35:55,5.41,--,262,141785,买盘
371,14:35:52,5.41,0.01,78,42717,买盘
372,14:35:49,5.4,-0.02,551,297864,卖盘
373,14:35:46,5.42,0.01,34,18428,买盘
374,14:35:43,5.41,-0.01,172,93571,卖盘
375,14:35:37,5.42,0.01,946,512732,买盘
376,14:35:34,5.41,--,230,124430,卖盘
377,14:35:31,5.41,-0.01,48,25968,卖盘
378,14:35:28,5.42,0.01,70,37940,买盘
379,14:35:25,5.41,-0.01,2,1082,卖盘
380,14:35:22,5.42,--,68,36856,买盘
381,14:35:19,5.42,--,51,27663,买盘
382,14:35:16,5.42,0.01,284,154448,买盘
383,14:35:10,5.41,-0.01,97,52498,卖盘
384,14:35:07,5.42,0.01,28,15696,买盘
385,14:35:04,5.41,-0.01,109,58990,卖盘
386,14:34:58,5.42,0.01,4,2688,买盘
387,14:34:55,5.41,-0.01,2096,1133936,卖盘
388,14:34:52,5.42,0.01,133,72107,买盘
389,14:34:49,5.41,--,20,10820,卖盘
390,14:34:46,5.41,-0.01,30,16230,卖盘
391,14:34:43,5.42,0.01,46,25452,买盘
392,14:34:40,5.41,-0.01,112,60592,卖盘
393,14:34:37,5.42,--,86,46612,买盘
394,14:34:34,5.42,--,231,125223,买盘
395,14:34:31,5.42,0.01,70,38460,买盘
396,14:34:25,5.41,-0.01,50,27050,卖盘
397,14:34:22,5.42,--,10,5420,买盘
398,14:34:19,5.42,--,5,2731,买盘
399,14:34:16,5.42,--,28,15176,买盘
400,14:34:13,5.42,--,66,36292,买盘
401,14:34:10,5.42,0.01,53,28747,买盘
402,14:34:07,5.41,-0.01,20,11339,卖盘
403,14:34:04,5.42,0.01,187,101375,买盘
404,14:34:01,5.41,-0.01,124,67603,卖盘
405,14:33:58,5.42,--,223,120887,买盘
406,14:33:55,5.42,--,32,17344,买盘
407,14:33:49,5.42,0.01,32,17864,买盘
408,14:33:46,5.41,-0.01,4,2164,卖盘
409,14:33:43,5.42,0.01,143,77527,买盘
410,14:33:40,5.41,-0.01,10,5410,卖盘
411,14:33:37,5.42,0.01,146,79652,买盘
412,14:33:34,5.41,--,402,217482,卖盘
413,14:33:28,5.41,-0.01,9,4890,卖盘
414,14:33:25,5.42,0.01,10,5420,买盘
415,14:33:19,5.41,--,551,298285,买盘
416,14:33:16,5.41,--,43,23284,买盘
417,14:33:13,5.41,--,104,56783,买盘
418,14:33:10,5.41,--,421,227782,买盘
419,14:33:07,5.41,--,98,53018,买盘
420,14:33:04,5.41,--,92,50291,买盘
421,14:33:01,5.41,--,196,106036,买盘
422,14:32:55,5.41,--,15,8136,买盘
423,14:32:52,5.41,--,70,37870,买盘
424,14:32:49,5.41,--,58,31378,买盘
425,14:32:46,5.41,--,187,101188,买盘
426,14:32:40,5.41,--,72,39471,买盘
427,14:32:37,5.41,--,52,28651,买盘
428,14:32:34,5.41,--,81,43842,买盘
429,14:32:31,5.41,--,60,32460,买盘
430,14:32:28,5.41,--,70,38389,买盘
431,14:32:22,5.41,--,137,74138,买盘
432,14:32:19,5.41,--,6,3246,买盘
433,14:32:16,5.41,--,124,67603,买盘
434,14:32:10,5.41,--,520,281320,买盘
435,14:32:07,5.41,0.01,10,5453,买盘
436,14:32:04,5.4,-0.01,113,61516,卖盘
437,14:32:01,5.41,--,115,62236,买盘
438,14:31:58,5.41,--,2,1082,买盘
439,14:31:55,5.41,--,66,36225,买盘
440,14:31:52,5.41,--,226,122309,买盘
441,14:31:49,5.41,0.01,8,4328,买盘
442,14:31:46,5.4,-0.01,73,39916,卖盘
443,14:31:43,5.41,--,48,25968,买盘
444,14:31:40,5.41,--,46,24929,买盘
445,14:31:37,5.41,--,40,22159,买盘
446,14:31:31,5.41,--,136,73576,买盘
447,14:31:28,5.41,--,151,81712,买盘
448,14:31:25,5.41,--,32,17831,买盘
449,14:31:22,5.41,--,10,5410,买盘
450,14:31:19,5.41,0.01,300,162300,买盘
451,14:31:16,5.4,-0.01,14,8078,卖盘
452,14:31:13,5.41,--,3,1644,买盘
453,14:31:10,5.41,--,22,11902,买盘
454,14:31:07,5.41,--,33,17874,买盘
455,14:31:04,5.41,0.01,16,9175,买盘
456,14:31:01,5.4,-0.01,240,130118,卖盘
457,14:30:58,5.41,--,9,4890,买盘
458,14:30:55,5.41,--,26,14585,买盘
459,14:30:52,5.41,--,227,123088,买盘
460,14:30:46,5.41,--,36,19476,买盘
461,14:30:43,5.41,--,13,7054,买盘
462,14:30:40,5.41,--,118,64357,买盘
463,14:30:34,5.41,--,1,562,买盘
464,14:30:31,5.41,--,120,65439,买盘
465,14:30:28,5.41,--,42,22722,买盘
466,14:30:19,5.41,--,176,95216,买盘
467,14:30:16,5.41,0.01,240,129840,买盘
468,14:30:06,5.4,-0.01,5,2721,卖盘
469,14:29:57,5.41,0.01,56,30815,买盘
470,14:29:51,5.4,--,89,48081,卖盘
471,14:29:48,5.4,--,40,21600,卖盘
472,14:29:42,5.4,-0.01,52,28598,卖盘
473,14:29:39,5.41,--,110,59510,买盘
474,14:29:36,5.41,--,245,132566,买盘
475,14:29:30,5.41,0.01,40,21640,买盘
476,14:29:27,5.4,-0.01,20,10800,卖盘
477,14:29:24,5.41,--,8,4328,买盘
478,14:29:21,5.41,0.01,24,12984,买盘
479,14:29:18,5.4,-0.01,916,495158,卖盘
480,14:29:12,5.41,--,109,58990,买盘
481,14:29:09,5.41,--,2,1082,买盘
482,14:29:06,5.41,--,22,12421,买盘
483,14:29:00,5.41,0.01,5,2726,买盘
484,14:28:54,5.4,-0.01,530,286200,卖盘
485,14:28:48,5.41,--,2,1082,买盘
486,14:28:45,5.41,--,20,11339,买盘
487,14:28:42,5.41,--,5,2726,买盘
488,14:28:39,5.41,0.01,10,5410,买盘
489,14:28:36,5.4,-0.01,1310,707400,卖盘
490,14:28:30,5.41,--,74,40553,买盘
491,14:28:27,5.41,--,76,41116,买盘
492,14:28:24,5.41,0.01,8,4328,买盘
493,14:28:21,5.4,-0.01,64,34560,卖盘
494,14:28:18,5.41,--,12,6492,买盘
495,14:28:15,5.41,--,25,13546,买盘
496,14:28:12,5.41,--,98,53018,买盘
497,14:28:09,5.41,--,46,24886,买盘
498,14:28:03,5.41,--,38,20558,买盘
499,14:28:00,5.41,--,14,8093,买盘
500,14:27:57,5.41,--,231,124992,买盘
501,14:27:54,5.41,--,44,23804,买盘
502,14:27:51,5.41,--,870,470670,买盘
503,14:27:45,5.41,--,66,36225,买盘
504,14:27:42,5.41,--,9,4890,买盘
505,14:27:39,5.41,--,48,25968,买盘
506,14:27:33,5.41,--,0,519,买盘
507,14:27:30,5.41,-0.01,319,172643,卖盘
508,14:27:27,5.42,--,230,124660,买盘
509,14:27:24,5.42,--,6,3772,买盘
510,14:27:21,5.42,--,9,4899,买盘
511,14:27:18,5.42,0.01,62,34124,买盘
512,14:27:15,5.41,-0.01,333,180174,卖盘
513,14:27:12,5.42,--,20,11360,买盘
514,14:27:06,5.42,0.01,50,27100,买盘
515,14:27:03,5.41,-0.01,50,27050,卖盘
516,14:27:00,5.42,--,14,7588,买盘
517,14:26:54,5.42,--,10,5420,买盘
518,14:26:51,5.42,--,55,29831,买盘
519,14:26:48,5.42,--,100,54200,买盘
520,14:26:45,5.42,--,8,4336,买盘
521,14:26:42,5.42,0.01,0,520,买盘
522,14:26:36,5.41,--,57,30858,卖盘
523,14:26:33,5.41,-0.01,8,4328,卖盘
524,14:26:21,5.42,0.01,10,5420,买盘
525,14:26:18,5.41,--,25,14022,买盘
526,14:26:15,5.41,--,112,61111,买盘
527,14:26:12,5.41,--,131,70892,买盘
528,14:26:06,5.41,--,96,51936,买盘
529,14:26:03,5.41,--,78,42717,买盘
530,14:26:00,5.41,--,94,50854,买盘
531,14:25:57,5.41,--,1,562,买盘
532,14:25:54,5.41,--,64,35143,买盘
533,14:25:51,5.41,0.01,37,20038,买盘
534,14:25:45,5.4,--,10,5918,卖盘
535,14:25:42,5.4,-0.01,33,17841,卖盘
536,14:25:36,5.41,0.01,1084,586444,买盘
537,14:25:33,5.4,-0.01,50,27000,卖盘
538,14:25:30,5.41,--,142,76822,买盘
539,14:25:27,5.41,0.01,354,192033,买盘
540,14:25:24,5.4,-0.01,119,64281,卖盘
541,14:25:21,5.41,--,64,34624,买盘
542,14:25:18,5.41,--,108,58947,买盘
543,14:25:15,5.41,--,34,18394,买盘
544,14:25:12,5.41,--,13,7054,买盘
545,14:25:09,5.41,--,130,70330,买盘
546,14:25:06,5.41,--,34,18394,买盘
547,14:25:03,5.41,0.01,42,22722,买盘
548,14:24:57,5.4,-0.01,200,108000,卖盘
549,14:24:54,5.41,0.01,166,89806,买盘
550,14:24:51,5.4,-0.01,16,9158,卖盘
551,14:24:48,5.41,--,5,2726,买盘
552,14:24:42,5.41,0.01,2,1082,买盘
553,14:24:36,5.4,-0.01,26,14040,卖盘
554,14:24:33,5.41,--,2,1082,买盘
555,14:24:27,5.41,--,126,68685,买盘
556,14:24:24,5.41,--,41,22202,买盘
557,14:24:21,5.41,--,10,5410,买盘
558,14:24:18,5.41,-0.01,409,221290,卖盘
559,14:24:15,5.42,0.01,199,107879,买盘
560,14:24:12,5.41,--,112,61111,卖盘
561,14:24:09,5.41,--,2,1082,卖盘
562,14:24:06,5.41,-0.01,39,21120,卖盘
563,14:24:03,5.42,--,46,24932,买盘
564,14:24:00,5.42,--,38,21116,买盘
565,14:23:51,5.42,0.01,20,10840,买盘
566,14:23:48,5.41,-0.01,52,28132,卖盘
567,14:23:45,5.42,--,31,16823,买盘
568,14:23:42,5.42,0.01,168,91576,买盘
569,14:23:36,5.41,--,40,21640,卖盘
570,14:23:33,5.41,--,10,5410,卖盘
571,14:23:30,5.41,-0.01,513,277554,卖盘
572,14:23:24,5.42,0.01,62,34124,买盘
573,14:23:21,5.41,-0.01,65,35186,卖盘
574,14:23:18,5.42,0.01,30,16260,买盘
575,14:23:12,5.41,--,892,482572,卖盘
576,14:23:09,5.41,-0.01,30,16230,卖盘
577,14:23:06,5.42,--,58,31436,买盘
578,14:23:00,5.42,0.01,6,3772,买盘
579,14:22:54,5.41,-0.02,22,11902,卖盘
580,14:22:51,5.43,--,4,2172,买盘
581,14:22:48,5.43,0.01,43,23370,买盘
582,14:22:45,5.42,0.01,468,253656,买盘
583,14:22:42,5.41,-0.01,206,111446,卖盘
584,14:22:39,5.42,--,1158,627636,卖盘
585,14:22:33,5.42,-0.01,14,7588,卖盘
586,14:22:27,5.43,--,24,13553,买盘
587,14:22:24,5.43,0.01,1153,626100,买盘
588,14:22:18,5.42,-0.01,50,27100,卖盘
589,14:22:15,5.43,--,54,29322,买盘
590,14:22:12,5.43,0.01,4,2693,买盘
591,14:22:09,5.42,--,185,100291,卖盘
592,14:22:03,5.42,--,6,3252,卖盘
593,14:22:00,5.42,-0.01,16,8672,卖盘
594,14:21:57,5.43,--,56,30408,买盘
595,14:21:54,5.43,--,10,5430,买盘
596,14:21:51,5.43,--,36,20069,买盘
597,14:21:48,5.43,--,9,4908,买盘
598,14:21:45,5.43,--,8,4344,买盘
599,14:21:42,5.43,--,32,17376,买盘
600,14:21:39,5.43,--,66,35838,买盘
601,14:21:36,5.43,--,58,32015,买盘
602,14:21:33,5.43,0.01,49,26628,买盘
603,14:21:27,5.42,-0.01,52,28704,卖盘
604,14:21:24,5.43,--,93,50520,买盘
605,14:21:21,5.43,--,102,55386,买盘
606,14:21:18,5.43,--,30,16290,买盘
607,14:21:09,5.43,--,2,1086,买盘
608,14:21:00,5.43,--,228,124325,买盘
609,14:20:57,5.43,--,3,1650,买盘
610,14:20:54,5.43,--,63,34534,卖盘
611,14:20:51,5.43,-0.01,392,212856,卖盘
612,14:20:48,5.44,0.01,1214,660938,买盘
613,14:20:45,5.43,-0.01,10,5430,卖盘
614,14:20:42,5.44,--,568,308992,买盘
615,14:20:36,5.44,0.01,2023,1100751,买盘
616,14:20:30,5.43,--,56,30408,卖盘
617,14:20:27,5.43,-0.01,320,173760,卖盘
618,14:20:24,5.44,0.01,44,23936,买盘
619,14:20:21,5.43,-0.01,4,2693,卖盘
620,14:20:18,5.44,0.01,13,7093,买盘
621,14:20:15,5.43,--,26,14639,卖盘
622,14:20:09,5.43,--,172,93396,卖盘
623,14:20:06,5.43,-0.01,24,13032,卖盘
624,14:20:00,5.44,0.01,2,1088,买盘
625,14:19:57,5.43,-0.01,211,114594,卖盘
626,14:19:54,5.44,--,76,41866,买盘
627,14:19:51,5.44,--,2,1088,买盘
628,14:19:48,5.44,--,10,5440,买盘
629,14:19:45,5.44,--,122,66368,买盘
630,14:19:36,5.44,--,2,1088,买盘
631,14:19:33,5.44,--,31,16885,买盘
632,14:19:30,5.44,--,50,27200,买盘
633,14:19:27,5.44,--,84,45696,买盘
634,14:19:21,5.44,--,110,60362,买盘
635,14:19:18,5.44,0.01,4,2176,买盘
636,14:19:15,5.43,-0.01,153,83100,卖盘
637,14:19:12,5.44,0.01,814,443338,买盘
638,14:19:09,5.43,-0.01,11,5994,卖盘
639,14:19:06,5.44,--,220,119680,买盘
640,14:19:03,5.44,--,136,73984,买盘
641,14:19:00,5.44,--,68,36992,买盘
642,14:18:57,5.44,--,56,30464,买盘
643,14:18:51,5.44,0.01,30,16320,买盘
644,14:18:48,5.43,-0.01,4,2172,卖盘
645,14:18:45,5.44,--,80,44042,买盘
646,14:18:42,5.44,--,50,27200,买盘
647,14:18:39,5.44,--,52,28288,买盘
648,14:18:36,5.44,--,4,2176,买盘
649,14:18:33,5.44,--,50,27200,买盘
650,14:18:30,5.44,--,67,36469,买盘
651,14:18:24,5.44,--,18,10314,买盘
652,14:18:21,5.44,--,291,158325,买盘
653,14:18:15,5.44,0.01,6,3264,买盘
654,14:18:15,5.43,-0.01,392,212856,卖盘
655,14:18:09,5.44,--,372,202368,买盘
656,14:18:06,5.44,--,130,71242,买盘
657,14:18:03,5.44,0.01,150,81600,买盘
658,14:17:57,5.43,--,137,74412,卖盘
659,14:17:54,5.43,--,30,16290,卖盘
660,14:17:51,5.43,--,30,16290,卖盘
661,14:17:48,5.43,-0.01,102,55386,卖盘
662,14:17:42,5.44,--,512,279050,买盘
663,14:17:39,5.44,0.01,86,46784,买盘
664,14:17:36,5.43,-0.01,62,33666,卖盘
665,14:17:33,5.44,--,125,68021,买盘
666,14:17:30,5.44,--,658,358474,买盘
667,14:17:27,5.44,--,62,33728,买盘
668,14:17:24,5.44,0.01,89,48437,买盘
669,14:17:18,5.43,--,8,4344,卖盘
670,14:17:15,5.43,-0.01,6,3258,卖盘
671,14:17:12,5.44,0.01,32,17408,买盘
672,14:17:09,5.43,--,20,10860,卖盘
673,14:17:06,5.43,--,56,30408,卖盘
674,14:17:03,5.43,-0.01,20,10860,卖盘
675,14:17:00,5.44,0.01,54,29898,买盘
676,14:16:54,5.43,-0.01,30,16290,卖盘
677,14:16:51,5.44,0.01,38,20672,买盘
678,14:16:48,5.43,-0.01,175,95046,卖盘
679,14:16:42,5.44,--,30,16842,买盘
680,14:16:39,5.44,--,26,14144,买盘
681,14:16:36,5.44,--,131,71285,买盘
682,14:16:30,5.44,--,332,181130,买盘
683,14:16:27,5.44,0.01,39,21237,买盘
684,14:16:24,5.43,--,10,5430,卖盘
685,14:16:21,5.43,--,90,48870,卖盘
686,14:16:18,5.43,-0.01,10,5430,卖盘
687,14:16:15,5.44,--,14,8138,买盘
688,14:16:12,5.44,--,22,11968,买盘
689,14:16:03,5.44,0.01,1,565,买盘
690,14:16:00,5.43,-0.01,188,102605,卖盘
691,14:15:57,5.44,--,70,38080,买盘
692,14:15:54,5.44,0.01,93,50613,买盘
693,14:15:51,5.43,-0.01,24,13553,卖盘
694,14:15:48,5.44,--,21,11445,买盘
695,14:15:45,5.44,--,14,8138,买盘
696,14:15:42,5.44,--,29,15797,买盘
697,14:15:39,5.44,--,10,5440,买盘
698,14:15:36,5.44,0.01,230,125642,买盘
699,14:15:33,5.43,--,30,16290,卖盘
700,14:15:30,5.43,-0.01,13,7080,卖盘
701,14:15:24,5.44,--,84,46218,买盘
702,14:15:18,5.44,--,42,22848,买盘
703,14:15:15,5.44,0.01,15,8181,买盘
704,14:15:12,5.43,-0.01,56,30929,卖盘
705,14:15:09,5.44,0.01,5,2741,买盘
706,14:15:06,5.43,-0.01,6,3258,卖盘
707,14:15:00,5.44,--,152,83210,买盘
708,14:14:54,5.44,--,20,10880,买盘
709,14:14:51,5.44,--,40,21760,买盘
710,14:14:48,5.44,--,48,26112,买盘
711,14:14:45,5.44,--,49,26677,买盘
712,14:14:39,5.44,--,20,11402,买盘
713,14:14:36,5.44,0.01,59,32117,买盘
714,14:14:33,5.43,-0.01,4,2693,卖盘
715,14:14:30,5.44,--,20,10880,买盘
716,14:14:27,5.44,--,13,7093,买盘
717,14:14:24,5.44,--,26,14144,买盘
718,14:14:21,5.44,--,36,20106,买盘
719,14:14:15,5.44,--,5,2741,买盘
720,14:14:12,5.44,--,32,17930,买盘
721,14:14:09,5.44,--,3,1653,买盘
722,14:14:06,5.44,--,32,17408,买盘
723,14:14:03,5.44,--,182,99008,买盘
724,14:14:00,5.44,--,20,10880,买盘
725,14:13:57,5.44,--,522,283968,买盘
726,14:13:54,5.44,0.01,86,46784,买盘
727,14:13:51,5.43,-0.01,8,4604,卖盘
728,14:13:48,5.44,--,2,1610,买盘
729,14:13:45,5.44,--,61,33205,买盘
730,14:13:39,5.44,--,36,19584,买盘
731,14:13:33,5.44,--,6,3786,买盘
732,14:13:30,5.44,--,92,50048,买盘
733,14:13:27,5.44,--,10,5483,买盘
734,14:13:24,5.44,0.01,108,59274,买盘
735,14:13:21,5.43,-0.01,8,4344,卖盘
736,14:13:18,5.44,--,0,522,买盘
737,14:13:15,5.44,--,31,16885,买盘
738,14:13:12,5.44,--,136,74506,买盘
739,14:13:06,5.44,--,42,22891,买盘
740,14:13:03,5.44,--,14,8138,买盘
741,14:13:00,5.44,--,104,56576,买盘
742,14:12:57,5.44,--,20,10880,买盘
743,14:12:54,5.44,0.01,1,565,买盘
744,14:12:51,5.43,-0.01,41,22762,卖盘
745,14:12:45,5.44,--,30,16363,买盘
746,14:12:39,5.44,--,8,4352,买盘
747,14:12:36,5.44,--,220,120202,买盘
748,14:12:33,5.44,0.01,34,18496,买盘
749,14:12:30,5.43,--,8,4344,卖盘
750,14:12:27,5.43,--,4,2172,卖盘
751,14:12:18,5.43,-0.01,64,35012,卖盘
752,14:12:15,5.44,0.01,46,25024,买盘
753,14:12:12,5.43,--,56,30408,买盘
754,14:12:06,5.43,--,23,12510,买盘
755,14:12:06,5.43,0.01,28,15204,买盘
756,14:12:00,5.42,-0.01,104,56888,卖盘
757,14:11:57,5.43,--,5,2736,买盘
758,14:11:54,5.43,--,406,220458,买盘
759,14:11:51,5.43,--,134,73283,买盘
760,14:11:45,5.43,--,8,4344,买盘
761,14:11:42,5.43,--,29,15768,买盘
762,14:11:39,5.43,--,100,54300,买盘
763,14:11:36,5.43,--,132,71676,买盘
764,14:11:33,5.43,0.01,96,52128,买盘
765,14:11:30,5.42,-0.01,110,59620,卖盘
766,14:11:27,5.43,0.01,204,110772,买盘
767,14:11:21,5.42,-0.01,98,53116,卖盘
768,14:11:18,5.43,--,80,43440,买盘
769,14:11:15,5.43,--,0,521,买盘
770,14:11:12,5.43,0.01,135,73326,买盘
771,14:11:06,5.42,-0.01,106,57972,卖盘
772,14:11:03,5.43,--,187,101562,买盘
773,14:10:57,5.43,--,154,84143,买盘
774,14:10:50,5.43,0.01,135,73326,买盘
775,14:10:47,5.42,-0.01,74,40628,卖盘
776,14:10:44,5.43,--,19,10338,买盘
777,14:10:41,5.43,--,18,9774,买盘
778,14:10:38,5.43,--,298,162335,买盘
779,14:10:35,5.43,--,26,14118,买盘
780,14:10:32,5.43,--,43,23848,买盘
781,14:10:26,5.43,0.01,16,9209,买盘
782,14:10:23,5.42,--,250,135500,卖盘
783,14:10:20,5.42,0.01,10,5420,中性盘
784,14:10:11,5.41,-0.01,350,189350,卖盘
785,14:10:08,5.42,--,179,97516,买盘
786,14:10:05,5.42,--,185,100291,买盘
787,14:10:02,5.42,--,28,15696,买盘
788,14:09:59,5.42,--,337,182675,买盘
789,14:09:56,5.42,--,28,15176,买盘
790,14:09:53,5.42,--,126,68812,买盘
791,14:09:50,5.42,--,500,271000,买盘
792,14:09:47,5.42,--,10,5420,买盘
793,14:09:41,5.42,--,62,33604,买盘
794,14:09:38,5.42,--,68,36856,买盘
795,14:09:35,5.42,--,133,72107,买盘
796,14:09:32,5.42,0.01,20,10840,买盘
797,14:09:29,5.41,-0.01,94,51373,卖盘
798,14:09:23,5.42,--,15,8151,买盘
799,14:09:20,5.42,--,24,13008,买盘
800,14:09:17,5.42,0.01,0,520,买盘
801,14:09:14,5.41,--,138,74658,卖盘
802,14:09:11,5.41,--,4,2164,卖盘
803,14:09:08,5.41,-0.01,30,16230,卖盘
804,14:09:05,5.42,0.01,1037,562075,买盘
805,14:09:02,5.41,--,382,206662,卖盘
806,14:08:59,5.41,--,100,54100,卖盘
807,14:08:56,5.41,--,36,19995,卖盘
808,14:08:53,5.41,--,50,27050,卖盘
809,14:08:50,5.41,0.01,130,70330,买盘
810,14:08:47,5.4,-0.01,136,73440,卖盘
811,14:08:41,5.41,--,290,156890,卖盘
812,14:08:38,5.41,--,114,61674,卖盘
813,14:08:32,5.41,--,599,324080,买盘
814,14:08:29,5.41,0.01,56,30296,买盘
815,14:08:26,5.4,-0.01,350,189000,卖盘
816,14:08:23,5.41,--,66,36225,买盘
817,14:08:20,5.41,0.01,22,11902,买盘
818,14:08:17,5.4,--,180,97200,卖盘
819,14:08:14,5.4,-0.01,460,248400,卖盘
820,14:08:11,5.41,--,564,305124,买盘
821,14:08:08,5.41,--,76,41116,买盘
822,14:08:05,5.41,--,205,110926,买盘
823,14:08:02,5.41,0.01,12,7011,买盘
824,14:07:59,5.4,-0.01,49,26481,卖盘
825,14:07:56,5.41,0.01,0,519,买盘
826,14:07:53,5.4,-0.01,33,17841,卖盘
827,14:07:50,5.41,--,48,26487,买盘
828,14:07:47,5.41,0.01,110,59510,买盘
829,14:07:44,5.4,-0.01,114,61560,卖盘
830,14:07:41,5.41,--,74,40034,买盘
831,14:07:32,5.41,--,1,562,买盘
832,14:07:26,5.41,-0.01,992,537191,卖盘
833,14:07:23,5.42,0.01,42,22764,买盘
834,14:07:20,5.41,--,24,12984,卖盘
835,14:07:17,5.41,--,65,35186,卖盘
836,14:07:14,5.41,-0.01,98,53018,卖盘
837,14:07:11,5.42,--,0,520,买盘
838,14:07:08,5.42,--,10,5420,买盘
839,14:07:05,5.42,--,2,1084,买盘
840,14:07:02,5.42,--,10,5420,买盘
841,14:06:59,5.42,--,132,71544,买盘
842,14:06:50,5.42,--,9,4899,买盘
843,14:06:47,5.42,--,142,77484,买盘
844,14:06:44,5.42,--,21,11403,买盘
845,14:06:41,5.42,0.01,10,5940,买盘
846,14:06:38,5.41,-0.01,480,259680,卖盘
847,14:06:32,5.42,--,7,3815,买盘
848,14:06:26,5.42,--,0,520,买盘
849,14:06:23,5.42,--,103,55847,买盘
850,14:06:17,5.42,0.01,0,520,买盘
851,14:06:14,5.41,-0.01,10,5410,卖盘
852,14:06:11,5.42,--,21,11403,买盘
853,14:06:08,5.42,--,114,61788,买盘
854,14:06:05,5.42,0.01,22,12444,买盘
855,14:06:02,5.41,-0.01,251,135812,卖盘
856,14:05:59,5.42,--,8,4856,买盘
857,14:05:56,5.42,--,25,13571,买盘
858,14:05:50,5.42,--,4,2688,买盘
859,14:05:47,5.42,--,70,37940,买盘
860,14:05:44,5.42,--,174,94351,卖盘
861,14:05:41,5.42,--,20,10840,卖盘
862,14:05:38,5.42,--,94,50948,卖盘
863,14:05:32,5.42,--,250,135500,卖盘
864,14:05:29,5.42,--,638,346316,买盘
865,14:05:26,5.42,--,20,10840,买盘
866,14:05:23,5.42,--,10,5420,买盘
867,14:05:20,5.42,--,78,42276,买盘
868,14:05:14,5.42,--,187,101375,卖盘
869,14:05:08,5.42,--,605,327931,卖盘
870,14:05:05,5.42,--,160,86720,卖盘
871,14:05:02,5.42,--,304,165288,卖盘
872,14:04:56,5.42,--,76,41192,卖盘
873,14:04:50,5.42,--,99,53679,卖盘
874,14:04:44,5.42,--,14,7588,卖盘
875,14:04:41,5.42,--,196,106232,卖盘
876,14:04:38,5.42,--,362,196724,卖盘
877,14:04:32,5.42,--,150,81300,卖盘
878,14:04:29,5.42,-0.01,15,8151,卖盘
879,14:04:26,5.43,0.01,114,61902,买盘
880,14:04:20,5.42,--,10,5420,卖盘
881,14:04:17,5.42,--,74,40108,卖盘
882,14:04:14,5.42,-0.01,400,216800,卖盘
883,14:04:11,5.43,--,4,2693,买盘
884,14:04:08,5.43,--,11,5994,买盘
885,14:03:56,5.43,0.01,16,9209,买盘
886,14:03:53,5.42,--,23,12487,卖盘
887,14:03:50,5.42,-0.01,60,33040,卖盘
888,14:03:47,5.43,0.01,76,41268,买盘
889,14:03:41,5.42,-0.01,3,1647,卖盘
890,14:03:38,5.43,--,14,7602,买盘
891,14:03:35,5.43,--,20,11381,买盘
892,14:03:29,5.43,--,16,8688,买盘
893,14:03:26,5.43,--,74,40182,买盘
894,14:03:20,5.43,--,16,8688,买盘
895,14:03:17,5.43,0.01,106,57558,买盘
896,14:03:14,5.42,-0.01,1076,583192,卖盘
897,14:03:11,5.43,--,6,3258,买盘
898,14:03:08,5.43,--,2,1086,买盘
899,14:03:05,5.43,--,103,55950,买盘
900,14:03:02,5.43,--,30,16290,买盘
901,14:02:59,5.43,0.01,14,7602,买盘
902,14:02:56,5.42,-0.01,302,164204,卖盘
903,14:02:47,5.43,--,11,5994,买盘
904,14:02:44,5.43,0.01,64,34752,买盘
905,14:02:41,5.42,-0.01,392,212464,卖盘
906,14:02:38,5.43,--,14,7602,买盘
907,14:02:35,5.43,--,44,23892,买盘
908,14:02:32,5.43,--,4,2693,买盘
909,14:02:29,5.43,0.01,66,35838,买盘
910,14:02:26,5.42,-0.01,42,22764,卖盘
911,14:02:23,5.43,--,55,29886,买盘
912,14:02:20,5.43,--,76,41268,买盘
913,14:02:17,5.43,--,108,59165,买盘
914,14:02:14,5.43,0.01,611,331794,买盘
915,14:02:11,5.42,-0.01,138,75316,卖盘
916,14:02:08,5.43,--,41,22284,买盘
917,14:02:05,5.43,--,50,27150,买盘
918,14:02:02,5.43,--,70,38531,买盘
919,14:01:59,5.43,--,174,94482,买盘
920,14:01:53,5.43,--,50,27150,买盘
921,14:01:50,5.43,--,241,130884,买盘
922,14:01:47,5.43,--,4,2693,买盘
923,14:01:44,5.43,--,208,112944,买盘
924,14:01:38,5.43,0.01,60,32580,买盘
925,14:01:35,5.42,--,127,68855,卖盘
926,14:01:29,5.42,--,48,26016,卖盘
927,14:01:23,5.42,--,24,13528,卖盘
928,14:01:17,5.42,--,10,5420,卖盘
929,14:01:14,5.42,0.01,2878,1560396,买盘
930,14:01:08,5.41,--,44,23804,买盘
931,14:01:05,5.41,--,42,23241,买盘
932,14:01:02,5.41,-0.01,161,87122,卖盘
933,14:00:59,5.42,0.01,74,40628,买盘
934,14:00:56,5.41,--,157,84958,卖盘
935,14:00:53,5.41,-0.01,178,96817,卖盘
936,14:00:50,5.42,--,11,5983,买盘
937,14:00:47,5.42,--,36,19512,买盘
938,14:00:44,5.42,--,118,63956,买盘
939,14:00:41,5.42,0.01,20,10840,买盘
940,14:00:38,5.41,-0.01,0,519,卖盘
941,14:00:32,5.42,--,110,59620,买盘
942,14:00:29,5.42,0.01,35,18991,买盘
943,14:00:26,5.41,--,586,317026,卖盘
944,14:00:20,5.41,--,50,27050,卖盘
945,14:00:14,5.41,--,396,214755,卖盘
946,14:00:05,5.41,--,546,295386,买盘
947,14:00:02,5.41,--,92,49772,买盘
948,13:59:59,5.41,--,21,11382,买盘
949,13:59:56,5.41,--,88,48127,买盘
950,13:59:53,5.41,--,115,62236,买盘
951,13:59:50,5.41,0.01,120,65439,买盘
952,13:59:47,5.4,--,64,34560,卖盘
953,13:59:38,5.4,--,11,5961,卖盘
954,13:59:35,5.4,--,4,2678,卖盘
955,13:59:32,5.4,--,329,177681,买盘
956,13:59:29,5.4,--,176,95040,买盘
957,13:59:20,5.4,--,66,35640,买盘
958,13:59:17,5.4,--,4,2678,买盘
959,13:59:14,5.4,--,26,14040,买盘
960,13:59:11,5.4,--,258,139320,买盘
961,13:59:08,5.4,--,3,1641,买盘
962,13:59:05,5.4,--,1100,594000,买盘
963,13:59:02,5.4,--,70,38188,买盘
964,13:58:59,5.4,0.01,30,16200,买盘
965,13:58:56,5.39,--,31,16730,卖盘
966,13:58:53,5.39,-0.01,28,15092,卖盘
967,13:58:50,5.4,--,20,11318,买盘
968,13:58:47,5.4,--,56,30240,买盘
969,13:58:44,5.4,--,77,41601,买盘
970,13:58:41,5.4,0.01,138,75038,买盘
971,13:58:38,5.39,-0.01,111,59850,卖盘
972,13:58:35,5.4,--,4,2160,买盘
973,13:58:32,5.4,--,4,2678,买盘
974,13:58:29,5.4,--,59,31881,买盘
975,13:58:26,5.4,--,140,76118,买盘
976,13:58:23,5.4,--,10,5400,买盘
977,13:58:20,5.4,--,6,3240,买盘
978,13:58:14,5.4,0.01,177,95601,买盘
979,13:58:11,5.39,-0.01,100,53900,卖盘
980,13:58:08,5.4,--,44,23760,买盘
981,13:58:05,5.4,0.01,10,5400,买盘
982,13:58:02,5.39,-0.01,50,26950,卖盘
983,13:57:56,5.4,--,154,83160,买盘
984,13:57:53,5.4,--,14,7560,买盘
985,13:57:50,5.4,--,10,5918,买盘
986,13:57:47,5.4,--,30,16200,买盘
987,13:57:41,5.4,--,23,12441,买盘
988,13:57:38,5.4,--,70,37800,买盘
989,13:57:32,5.4,--,62,33998,买盘
990,13:57:29,5.4,--,21,11361,买盘
991,13:57:26,5.4,--,110,59918,买盘
992,13:57:23,5.4,--,30,16200,买盘
993,13:57:20,5.4,--,14,7560,买盘
994,13:57:17,5.4,--,10,5400,买盘
995,13:57:14,5.4,--,28,15120,买盘
996,13:57:11,5.4,0.01,58,31320,买盘
997,13:57:05,5.39,-0.01,15,8106,卖盘
998,13:57:02,5.4,--,14,8078,买盘
999,13:56:56,5.4,--,12,6480,买盘
1000,13:56:53,5.4,--,184,99360,买盘
1001,13:56:50,5.4,--,30,16200,买盘
1002,13:56:47,5.4,0.01,21,11361,买盘
1003,13:56:44,5.39,-0.01,50,26950,卖盘
1004,13:56:41,5.4,--,40,22118,买盘
1005,13:56:35,5.4,0.01,20,10800,买盘
1006,13:56:32,5.39,-0.01,18,9702,卖盘
1007,13:56:29,5.4,--,51,27561,买盘
1008,13:56:26,5.4,--,40,21600,买盘
1009,13:56:20,5.4,--,28,15120,买盘
1010,13:56:17,5.4,0.01,18,9720,买盘
1011,13:56:14,5.39,-0.01,10,5907,卖盘
1012,13:56:11,5.4,0.01,20,10800,买盘
1013,13:56:08,5.39,--,161,86800,卖盘
1014,13:56:05,5.39,-0.01,12,6468,卖盘
1015,13:56:02,5.4,--,4,2160,买盘
1016,13:55:56,5.4,--,18,9720,买盘
1017,13:55:53,5.4,0.01,2,1598,买盘
1018,13:55:50,5.39,-0.01,73,39368,卖盘
1019,13:55:47,5.4,--,70,37800,买盘
1020,13:55:44,5.4,0.01,2,1080,买盘
1021,13:55:41,5.39,--,254,136906,卖盘
1022,13:55:32,5.39,--,42,22896,卖盘
1023,13:55:29,5.39,--,55,29666,卖盘
1024,13:55:26,5.39,0.01,516,278641,买盘
1025,13:55:23,5.38,-0.01,6,3228,卖盘
1026,13:55:20,5.39,--,192,103488,买盘
1027,13:55:17,5.39,--,12,6468,买盘
1028,13:55:14,5.39,--,103,55538,买盘
1029,13:55:11,5.39,--,12,6985,买盘
1030,13:55:08,5.39,--,3,1638,买盘
1031,13:55:05,5.39,0.01,64,35013,买盘
1032,13:55:02,5.38,-0.01,62,33356,卖盘
1033,13:54:59,5.39,--,173,93268,买盘
1034,13:54:56,5.39,--,22,11858,买盘
1035,13:54:47,5.39,--,32,17248,买盘
1036,13:54:44,5.39,--,134,72226,买盘
1037,13:54:38,5.39,0.01,76,40964,买盘
1038,13:54:35,5.38,-0.01,4,2668,卖盘
1039,13:54:32,5.39,--,5,2716,买盘
1040,13:54:29,5.39,--,236,127721,买盘
1041,13:54:26,5.39,--,15,8106,买盘
1042,13:54:23,5.39,--,28,15092,买盘
1043,13:54:20,5.39,--,102,54978,买盘
1044,13:54:17,5.39,--,2,1595,买盘
1045,13:54:14,5.39,--,139,74942,买盘
1046,13:54:11,5.39,--,86,46871,买盘
1047,13:54:08,5.39,--,85,45836,买盘
1048,13:54:05,5.39,--,4,2156,买盘
1049,13:54:02,5.39,--,130,70587,买盘
1050,13:53:56,5.39,--,20,10780,买盘
1051,13:53:53,5.39,0.01,150,80850,买盘
1052,13:53:50,5.38,-0.01,85,45751,卖盘
1053,13:53:47,5.39,--,32,17248,买盘
1054,13:53:44,5.39,--,60,32339,买盘
1055,13:53:41,5.39,--,34,18326,买盘
1056,13:53:35,5.39,--,20,10780,买盘
1057,13:53:32,5.39,--,16,8624,买盘
1058,13:53:26,5.39,--,16,8624,买盘
1059,13:53:23,5.39,--,98,52822,买盘
1060,13:53:20,5.39,--,30,16687,买盘
1061,13:53:14,5.39,0.01,44,23716,买盘
1062,13:53:11,5.38,--,7,3787,卖盘
1063,13:53:08,5.38,-0.01,108,58620,卖盘
1064,13:53:05,5.39,--,13,7028,买盘
1065,13:52:56,5.39,--,24,13453,买盘
1066,13:52:53,5.39,--,231,124530,买盘
1067,13:52:50,5.39,--,20,11297,买盘
1068,13:52:44,5.39,--,47,25354,买盘
1069,13:52:41,5.39,--,72,39325,买盘
1070,13:52:38,5.39,--,91,49070,买盘
1071,13:52:35,5.39,0.01,2,1078,买盘
1072,13:52:29,5.38,-0.01,30,16140,卖盘
1073,13:52:26,5.39,--,112,60885,买盘
1074,13:52:23,5.39,--,238,128281,买盘
1075,13:52:20,5.39,--,3,1638,买盘
1076,13:52:17,5.39,--,48,25872,买盘
1077,13:52:14,5.39,--,112,60368,买盘
1078,13:52:11,5.39,--,234,126643,买盘
1079,13:52:08,5.39,--,72,38808,买盘
1080,13:52:05,5.39,--,14,7546,买盘
1081,13:52:02,5.39,--,59,31822,买盘
1082,13:51:56,5.39,0.01,0,517,买盘
1083,13:51:53,5.38,-0.01,300,161400,卖盘
1084,13:51:50,5.39,0.01,46,24794,买盘
1085,13:51:47,5.38,-0.01,120,64560,卖盘
1086,13:51:44,5.39,--,99,53382,买盘
1087,13:51:41,5.39,--,256,138501,买盘
1088,13:51:38,5.39,0.01,31,16730,买盘
1089,13:51:34,5.38,-0.01,6,3744,卖盘
1090,13:51:31,5.39,--,184,99176,买盘
1091,13:51:28,5.39,--,35,18886,买盘
1092,13:51:25,5.39,--,54,29106,买盘
1093,13:51:19,5.39,--,12,6468,买盘
1094,13:51:16,5.39,--,108,58212,买盘
1095,13:51:13,5.39,--,70,38247,买盘
1096,13:51:07,5.39,--,128,68992,买盘
1097,13:51:04,5.39,-0.01,67,36134,卖盘
1098,13:51:01,5.4,--,74,40478,买盘
1099,13:50:58,5.4,0.01,5,2721,买盘
1100,13:50:55,5.39,--,94,50666,卖盘
1101,13:50:49,5.39,--,94,50666,买盘
1102,13:50:46,5.39,--,96,51744,卖盘
1103,13:50:43,5.39,--,210,113190,卖盘
1104,13:50:37,5.39,--,470,253847,买盘
1105,13:50:34,5.39,0.01,110,59290,买盘
1106,13:50:31,5.38,-0.01,167,89867,卖盘
1107,13:50:28,5.39,--,520,280797,买盘
1108,13:50:25,5.39,--,23,12418,买盘
1109,13:50:22,5.39,--,68,37169,买盘
1110,13:50:19,5.39,--,54,29106,买盘
1111,13:50:13,5.39,--,290,156310,买盘
1112,13:50:10,5.39,0.01,8,4312,买盘
1113,13:50:07,5.38,-0.01,168,90384,卖盘
1114,13:50:04,5.39,--,7,3794,买盘
1115,13:50:01,5.39,0.01,22,12375,买盘
1116,13:49:58,5.38,--,37,19927,卖盘
1117,13:49:55,5.38,--,136,73684,卖盘
1118,13:49:46,5.38,0.01,146,78548,卖盘
1119,13:49:43,5.37,-0.01,61,32778,卖盘
1120,13:49:40,5.38,--,164,88748,买盘
1121,13:49:37,5.38,--,54,29052,买盘
1122,13:49:34,5.38,0.01,56,30128,买盘
1123,13:49:31,5.37,-0.01,227,121920,卖盘
1124,13:49:28,5.38,--,12,6456,买盘
1125,13:49:25,5.38,--,328,176464,卖盘
1126,13:49:22,5.38,--,764,411548,卖盘
1127,13:49:19,5.38,-0.01,70,37660,卖盘
1128,13:49:16,5.39,0.01,18,9702,买盘
1129,13:49:13,5.38,--,63,33915,卖盘
1130,13:49:10,5.38,--,2,1076,卖盘
1131,13:49:04,5.38,0.01,896,482048,买盘
1132,13:49:01,5.37,--,20,10740,卖盘
1133,13:48:58,5.37,--,46,24702,卖盘
1134,13:48:55,5.37,-0.01,174,93953,卖盘
1135,13:48:52,5.38,0.01,120,64560,买盘
1136,13:48:49,5.37,--,917,492450,买盘
1137,13:48:46,5.37,--,64,34883,买盘
1138,13:48:43,5.37,--,163,87552,买盘
1139,13:48:40,5.37,--,108,58511,买盘
1140,13:48:37,5.37,--,619,332424,买盘
1141,13:48:34,5.37,--,78,41886,买盘
1142,13:48:31,5.37,0.01,526,282977,买盘
1143,13:48:28,5.36,--,114,61104,卖盘
1144,13:48:25,5.36,--,78,41808,卖盘
1145,13:48:22,5.36,-0.01,189,101325,卖盘
1146,13:48:19,5.37,--,112,60144,买盘
1147,13:48:16,5.37,--,10,5370,买盘
1148,13:48:13,5.37,0.01,34,18258,买盘
1149,13:48:10,5.36,--,1270,681234,卖盘
1150,13:48:07,5.36,-0.01,285,152781,卖盘
1151,13:48:01,5.37,0.01,88,47771,买盘
1152,13:47:55,5.36,-0.01,171,91677,卖盘
1153,13:47:52,5.37,--,1172,629364,买盘
1154,13:47:49,5.37,--,128,68736,买盘
1155,13:47:46,5.37,0.01,160,85920,买盘
1156,13:47:43,5.36,-0.01,46,25170,卖盘
1157,13:47:40,5.37,--,67,36000,买盘
1158,13:47:37,5.37,--,100,54215,买盘
1159,13:47:34,5.37,--,25,13446,买盘
1160,13:47:31,5.37,--,294,157878,买盘
1161,13:47:28,5.37,0.01,218,117066,买盘
1162,13:47:25,5.36,-0.01,136,73410,卖盘
1163,13:47:16,5.37,--,36,19332,买盘
1164,13:47:13,5.37,--,9,4854,买盘
1165,13:47:10,5.37,--,1428,766836,卖盘
1166,13:47:07,5.37,--,612,329159,卖盘
1167,13:47:04,5.37,--,160,85920,卖盘
1168,13:47:01,5.37,--,90,48330,卖盘
1169,13:46:58,5.37,-0.01,42,22554,卖盘
1170,13:46:55,5.38,0.01,1,559,买盘
1171,13:46:49,5.37,--,130,70325,卖盘
1172,13:46:46,5.37,--,256,137472,卖盘
1173,13:46:43,5.37,-0.01,112,60144,卖盘
1174,13:46:40,5.38,0.01,4,2152,买盘
1175,13:46:37,5.37,-0.01,59,31704,卖盘
1176,13:46:34,5.38,--,62,33356,买盘
1177,13:46:28,5.38,0.01,56,30128,买盘
1178,13:46:25,5.37,-0.01,322,172914,卖盘
1179,13:46:22,5.38,--,32,17216,买盘
1180,13:46:19,5.38,--,680,366356,卖盘
1181,13:46:16,5.38,-0.01,23,12395,卖盘
1182,13:46:13,5.39,0.01,110,59807,买盘
1183,13:46:10,5.38,--,92,49496,卖盘
1184,13:46:07,5.38,-0.01,20,10760,卖盘
1185,13:46:04,5.39,0.01,204,109956,买盘
1186,13:46:01,5.38,-0.01,42,22596,卖盘
1187,13:45:55,5.39,--,24,12936,买盘
1188,13:45:52,5.39,0.01,525,282996,买盘
1189,13:45:46,5.38,-0.01,442,237796,卖盘
1190,13:45:40,5.39,--,12,6985,买盘
1191,13:45:37,5.39,--,67,36134,买盘
1192,13:45:34,5.39,--,34,18326,买盘
1193,13:45:31,5.39,--,12,6468,买盘
1194,13:45:28,5.39,--,6,3751,买盘
1195,13:45:25,5.39,--,152,81928,买盘
1196,13:45:19,5.39,--,10,5390,买盘
1197,13:45:16,5.39,0.01,10,5390,买盘
1198,13:45:13,5.38,-0.01,60,32280,卖盘
1199,13:45:10,5.39,--,124,66836,买盘
1200,13:45:04,5.39,--,21,11340,买盘
1201,13:44:58,5.39,0.01,16,9141,中性盘
1202,13:44:55,5.38,--,92,49496,卖盘
1203,13:44:52,5.38,-0.01,408,219504,卖盘
1204,13:44:49,5.39,--,20,10780,卖盘
1205,13:44:46,5.39,--,3,1638,卖盘
1206,13:44:43,5.39,--,8,4829,卖盘
1207,13:44:40,5.39,--,87,46914,买盘
1208,13:44:31,5.39,-0.01,184,99176,卖盘
1209,13:44:28,5.4,0.01,94,50760,买盘
1210,13:44:25,5.39,--,14,7546,买盘
1211,13:44:22,5.39,--,74,39886,买盘
1212,13:44:19,5.39,--,4,2156,买盘
1213,13:44:16,5.39,--,72,38808,卖盘
1214,13:44:07,5.39,--,20,10780,卖盘
1215,13:44:04,5.39,--,44,24233,卖盘
1216,13:44:01,5.39,--,16,8624,买盘
1217,13:43:58,5.39,--,80,43120,买盘
1218,13:43:52,5.39,--,11,5950,买盘
1219,13:43:49,5.39,--,135,72872,卖盘
1220,13:43:46,5.39,-0.01,13,7028,卖盘
1221,13:43:43,5.4,--,10,5400,买盘
1222,13:43:40,5.4,0.01,38,20520,买盘
1223,13:43:37,5.39,-0.01,78,42042,卖盘
1224,13:43:34,5.4,--,88,47520,买盘
1225,13:43:31,5.4,0.01,130,70718,买盘
1226,13:43:28,5.39,-0.01,13,7028,卖盘
1227,13:43:22,5.4,--,16,8640,买盘
1228,13:43:19,5.4,--,8,4320,买盘
1229,13:43:16,5.4,0.01,526,284428,买盘
1230,13:43:13,5.39,-0.01,41,22120,卖盘
1231,13:43:10,5.4,--,30,16200,买盘
1232,13:43:07,5.4,--,12,6480,买盘
1233,13:43:04,5.4,--,20,10800,买盘
1234,13:43:01,5.4,--,124,67478,买盘
1235,13:42:49,5.4,--,3,1641,买盘
1236,13:42:46,5.4,--,118,64238,买盘
1237,13:42:40,5.4,--,139,75081,买盘
1238,13:42:34,5.4,--,2,1080,买盘
1239,13:42:31,5.4,--,64,34560,买盘
1240,13:42:28,5.4,--,40,21600,买盘
1241,13:42:25,5.4,--,22,11880,买盘
1242,13:42:19,5.4,--,26,14040,买盘
1243,13:42:13,5.4,0.01,60,32400,买盘
1244,13:42:10,5.39,-0.01,50,26950,卖盘
1245,13:42:07,5.4,--,14,7560,买盘
1246,13:42:04,5.4,--,10,5918,买盘
1247,13:42:01,5.4,--,30,16200,买盘
1248,13:41:58,5.4,--,149,80481,买盘
1249,13:41:55,5.4,--,44,24278,买盘
1250,13:41:52,5.4,--,20,10800,买盘
1251,13:41:49,5.4,--,254,137160,买盘
1252,13:41:43,5.4,0.01,25,13521,买盘
1253,13:41:40,5.39,-0.01,10,5390,卖盘
1254,13:41:37,5.4,0.01,6,3240,买盘
1255,13:41:34,5.39,-0.01,166,89991,卖盘
1256,13:41:31,5.4,--,104,56160,买盘
1257,13:41:28,5.4,--,107,57801,买盘
1258,13:41:25,5.4,--,66,35640,买盘
1259,13:41:19,5.4,--,88,47520,买盘
1260,13:41:16,5.4,--,294,159278,买盘
1261,13:41:13,5.4,0.01,5,2721,买盘
1262,13:41:10,5.39,--,200,107800,卖盘
1263,13:41:04,5.39,--,72,39325,卖盘
1264,13:41:01,5.39,--,240,129359,卖盘
1265,13:40:58,5.39,--,100,53900,卖盘
1266,13:40:52,5.39,--,16,8624,卖盘
1267,13:40:49,5.39,0.01,577,311024,买盘
1268,13:40:46,5.38,-0.01,266,143108,卖盘
1269,13:40:43,5.39,--,360,194557,买盘
1270,13:40:40,5.39,0.01,55,29666,买盘
1271,13:40:37,5.38,-0.01,60,32796,卖盘
1272,13:40:34,5.39,--,138,74382,买盘
1273,13:40:31,5.39,--,165,88956,买盘
1274,13:40:25,5.39,--,96,51744,买盘
1275,13:40:22,5.39,--,196,106161,买盘
1276,13:40:16,5.39,--,105,56616,买盘
1277,13:40:13,5.39,--,12,6985,买盘
1278,13:40:10,5.39,--,23,12418,买盘
1279,13:40:07,5.39,0.01,32,17765,买盘
1280,13:40:04,5.38,--,148,79624,中性盘
1281,13:39:55,5.38,--,86,46268,买盘
1282,13:39:52,5.38,--,73,39295,买盘
1283,13:39:49,5.38,-0.01,20,10760,卖盘
1284,13:39:43,5.39,0.01,12,6468,买盘
1285,13:39:40,5.38,--,98,52724,买盘
1286,13:39:37,5.38,--,508,273820,卖盘
1287,13:39:34,5.38,--,547,294307,卖盘
1288,13:39:31,5.38,--,140,75836,卖盘
1289,13:39:28,5.38,-0.01,107,57587,卖盘
1290,13:39:25,5.39,--,90,49027,买盘
1291,13:39:22,5.39,--,12,6468,买盘
1292,13:39:19,5.39,0.01,4,2156,买盘
1293,13:39:16,5.38,--,23,12395,卖盘
1294,13:39:13,5.38,-0.01,226,122104,卖盘
1295,13:39:10,5.39,0.01,4,2156,买盘
1296,13:39:07,5.38,--,51,27459,卖盘
1297,13:39:04,5.38,-0.01,16,8608,卖盘
1298,13:39:01,5.39,--,114,61963,卖盘
1299,13:38:58,5.39,--,1111,598850,买盘
1300,13:38:55,5.39,--,2006,1081234,买盘
1301,13:38:52,5.39,--,60,32339,买盘
1302,13:38:49,5.39,--,572,308308,卖盘
1303,13:38:43,5.39,-0.01,150,81367,卖盘
1304,13:38:40,5.4,0.01,283,152841,买盘
1305,13:38:37,5.39,--,80,43637,卖盘
1306,13:38:31,5.39,-0.01,13,7028,卖盘
1307,13:38:28,5.4,0.01,276,149558,买盘
1308,13:38:25,5.39,-0.01,58,31261,卖盘
1309,13:38:22,5.4,--,16,8640,买盘
1310,13:38:19,5.4,--,516,278640,买盘
1311,13:38:16,5.4,--,15,8121,买盘
1312,13:38:13,5.4,--,14,7560,买盘
1313,13:38:10,5.4,0.01,14,7560,买盘
1314,13:38:07,5.39,-0.01,60,32339,卖盘
1315,13:38:04,5.4,--,2,1080,买盘
1316,13:38:01,5.4,--,866,467640,卖盘
1317,13:37:58,5.4,--,1048,565920,卖盘
1318,13:37:52,5.4,--,676,365558,卖盘
1319,13:37:49,5.4,--,249,134481,卖盘
1320,13:37:46,5.4,--,142,77198,卖盘
1321,13:37:43,5.4,--,1295,699321,卖盘
1322,13:37:37,5.4,--,272,147398,卖盘
1323,13:37:34,5.4,--,500,270000,卖盘
1324,13:37:31,5.4,-0.01,37,20001,卖盘
1325,13:37:25,5.41,--,6,3765,买盘
1326,13:37:22,5.41,--,1886,1020326,卖盘
1327,13:37:16,5.41,-0.01,218,117938,卖盘
1328,13:37:13,5.42,0.01,59,31999,买盘
1329,13:37:10,5.41,--,26,14585,卖盘
1330,13:37:07,5.41,-0.01,24,12984,卖盘
1331,13:37:04,5.42,--,182,98644,买盘
1332,13:37:01,5.42,0.01,14,7588,买盘
1333,13:36:58,5.41,--,427,231028,卖盘
1334,13:36:55,5.41,-0.01,54,29733,卖盘
1335,13:36:52,5.42,--,110,59620,买盘
1336,13:36:49,5.42,--,740,401080,买盘
1337,13:36:46,5.42,--,64,34688,买盘
1338,13:36:43,5.42,0.01,7,3815,买盘
1339,13:36:40,5.41,--,684,370563,卖盘
1340,13:36:37,5.41,-0.01,170,91970,卖盘
1341,13:36:34,5.42,--,48,26016,买盘
1342,13:36:28,5.42,--,118,63956,买盘
1343,13:36:22,5.42,--,54,29268,买盘
1344,13:36:16,5.42,--,1354,733868,卖盘
1345,13:36:07,5.42,--,374,202708,卖盘
1346,13:36:01,5.42,-0.01,266,144172,卖盘
1347,13:35:58,5.43,0.01,6,3258,买盘
1348,13:35:55,5.42,--,111,60183,卖盘
1349,13:35:49,5.42,-0.01,114,62308,卖盘
1350,13:35:46,5.43,0.01,20,10860,买盘
1351,13:35:43,5.42,-0.01,76,41192,卖盘
1352,13:35:40,5.43,--,60,32580,买盘
1353,13:35:37,5.43,--,20,10860,买盘
1354,13:35:34,5.43,--,35,19026,买盘
1355,13:35:31,5.43,--,10,5430,买盘
1356,13:35:28,5.43,--,40,22241,买盘
1357,13:35:19,5.43,--,165,89747,卖盘
1358,13:35:13,5.43,--,122,66767,卖盘
1359,13:35:10,5.43,-0.01,224,121632,卖盘
1360,13:35:07,5.44,0.01,60,32640,买盘
1361,13:35:01,5.43,--,30,16290,卖盘
1362,13:34:58,5.43,-0.01,598,324714,卖盘
1363,13:34:55,5.44,0.01,41,22325,买盘
1364,13:34:52,5.43,-0.01,300,162900,卖盘
1365,13:34:49,5.44,0.01,6,3264,买盘
1366,13:34:46,5.43,-0.01,98,53735,卖盘
1367,13:34:43,5.44,0.01,11,6005,买盘
1368,13:34:40,5.43,--,152,82536,卖盘
1369,13:34:37,5.43,--,10,5430,卖盘
1370,13:34:34,5.43,-0.01,204,111293,卖盘
1371,13:34:31,5.44,0.01,16,8704,买盘
1372,13:34:28,5.43,-0.01,140,76020,卖盘
1373,13:34:25,5.44,--,611,332797,买盘
1374,13:34:22,5.44,0.01,30,16320,买盘
1375,13:34:16,5.43,--,69,37488,卖盘
1376,13:34:10,5.43,--,6,3779,卖盘
1377,13:34:07,5.43,--,200,108600,卖盘
1378,13:34:04,5.43,-0.01,50,27671,卖盘
1379,13:34:01,5.44,0.01,105,57141,买盘
1380,13:33:58,5.43,--,30,16290,卖盘
1381,13:33:55,5.43,-0.01,106,57558,卖盘
1382,13:33:49,5.44,--,1,565,买盘
1383,13:33:46,5.44,--,5,3220,买盘
1384,13:33:43,5.44,0.01,21,11445,买盘
1385,13:33:37,5.43,-0.01,322,175367,卖盘
1386,13:33:34,5.44,0.01,72,39168,买盘
1387,13:33:31,5.43,-0.01,10,5473,卖盘
1388,13:33:25,5.44,--,102,56010,买盘
1389,13:33:22,5.44,--,153,83253,买盘
1390,13:33:19,5.44,--,12,7050,买盘
1391,13:33:16,5.44,--,87,47349,买盘
1392,13:33:13,5.44,--,132,71808,买盘
1393,13:33:10,5.44,0.01,22,12490,买盘
1394,13:33:01,5.43,-0.01,113,61380,卖盘
1395,13:32:49,5.44,0.01,1109,603796,买盘
1396,13:32:46,5.43,-0.01,200,108600,卖盘
1397,13:32:43,5.44,--,3,1653,买盘
1398,13:32:40,5.44,0.01,42,22848,买盘
1399,13:32:34,5.43,--,42,22806,卖盘
1400,13:32:28,5.43,-0.01,503,273150,卖盘
1401,13:32:19,5.44,--,26,14666,买盘
1402,13:32:13,5.44,--,554,301898,买盘
1403,13:32:10,5.44,--,3,1653,买盘
1404,13:32:04,5.44,0.01,3,1653,买盘
1405,13:32:00,5.43,--,26,14639,卖盘
1406,13:31:57,5.43,-0.01,2,1086,卖盘
1407,13:31:48,5.44,--,50,27200,买盘
1408,13:31:42,5.44,--,10,5440,买盘
1409,13:31:39,5.44,0.01,72,39168,买盘
1410,13:31:36,5.43,-0.01,8,4344,卖盘
1411,13:31:33,5.44,--,52,28288,买盘
1412,13:31:30,5.44,0.01,56,30464,买盘
1413,13:31:27,5.43,-0.01,168,91745,卖盘
1414,13:31:24,5.44,--,70,38123,买盘
1415,13:31:15,5.44,--,24,13578,买盘
1416,13:31:12,5.44,--,20,10880,买盘
1417,13:31:09,5.44,--,4,2176,买盘
1418,13:31:06,5.44,--,2,1088,买盘
1419,13:31:03,5.44,--,10,5962,买盘
1420,13:30:57,5.44,--,50,27243,买盘
1421,13:30:54,5.44,--,1,1044,买盘
1422,13:30:48,5.44,0.01,105,57141,买盘
1423,13:30:39,5.43,-0.01,62,33666,卖盘
1424,13:30:33,5.44,0.01,10,5440,买盘
1425,13:30:30,5.43,-0.01,37,20112,卖盘
1426,13:30:27,5.44,--,40,21760,买盘
1427,13:30:24,5.44,--,5,3220,买盘
1428,13:30:18,5.44,--,37,20149,买盘
1429,13:30:15,5.44,--,40,21760,买盘
1430,13:30:12,5.44,--,44,23936,买盘
1431,13:30:09,5.44,--,58,32074,买盘
1432,13:30:03,5.44,--,1,565,买盘
1433,13:30:00,5.44,--,114,62538,买盘
1434,13:29:57,5.44,--,15,8181,买盘
1435,13:29:51,5.44,0.01,0,522,买盘
1436,13:29:48,5.43,--,306,166201,卖盘
1437,13:29:45,5.43,-0.01,20,10860,卖盘
1438,13:29:39,5.44,--,0,522,买盘
1439,13:29:27,5.44,0.01,20,10880,买盘
1440,13:29:24,5.43,--,18,9774,买盘
1441,13:29:21,5.43,--,341,185184,买盘
1442,13:29:15,5.43,--,10,5430,买盘
1443,13:29:12,5.43,--,24,13553,买盘
1444,13:29:09,5.43,--,111,60294,买盘
1445,13:29:03,5.43,--,152,83057,买盘
1446,13:29:00,5.43,--,151,82014,买盘
1447,13:28:57,5.43,--,0,521,买盘
1448,13:28:51,5.43,--,10,5430,买盘
1449,13:28:48,5.43,--,3,1650,买盘
1450,13:28:42,5.43,--,60,32580,买盘
1451,13:28:39,5.43,--,14,7602,买盘
1452,13:28:36,5.43,0.01,358,194915,买盘
1453,13:28:33,5.42,--,100,54200,卖盘
1454,13:28:30,5.42,-0.01,43,23327,卖盘
1455,13:28:24,5.43,--,20,10860,买盘
1456,13:28:21,5.43,--,20,11381,买盘
1457,13:28:18,5.43,--,111,60294,买盘
1458,13:28:15,5.43,--,30,16290,买盘
1459,13:28:12,5.43,0.01,18,10295,买盘
1460,13:28:09,5.42,-0.01,31,16823,卖盘
1461,13:28:06,5.43,0.01,22,12467,买盘
1462,13:28:03,5.42,-0.01,16,8672,卖盘
1463,13:28:00,5.43,--,25,13596,买盘
1464,13:27:57,5.43,--,40,21720,买盘
1465,13:27:54,5.43,--,132,72197,买盘
1466,13:27:48,5.43,--,20,10860,买盘
1467,13:27:45,5.43,--,34,18462,买盘
1468,13:27:42,5.43,--,102,55386,买盘
1469,13:27:39,5.43,--,2,1086,买盘
1470,13:27:36,5.43,--,61,33144,买盘
1471,13:27:33,5.43,--,6,3779,买盘
1472,13:27:30,5.43,--,41,22284,买盘
1473,13:27:27,5.43,--,4,2172,买盘
1474,13:27:24,5.43,--,18,10295,买盘
1475,13:27:21,5.43,--,453,246000,买盘
1476,13:27:15,5.43,--,2,1607,买盘
1477,13:27:12,5.43,--,312,169416,买盘
1478,13:27:06,5.43,0.01,1,564,买盘
1479,13:27:00,5.42,-0.01,6,3772,卖盘
1480,13:26:57,5.43,--,308,167244,买盘
1481,13:26:54,5.43,--,75,40746,买盘
1482,13:26:51,5.43,--,14,7602,买盘
1483,13:26:48,5.43,--,18,9774,买盘
1484,13:26:42,5.43,0.01,0,521,买盘
1485,13:26:36,5.42,--,156,84552,卖盘
1486,13:26:33,5.42,-0.01,43,23327,卖盘
1487,13:26:30,5.43,0.01,4,2693,买盘
1488,13:26:27,5.42,-0.01,97,52595,卖盘
1489,13:26:24,5.43,--,2,1607,买盘
1490,13:26:21,5.43,--,6,3258,买盘
1491,13:26:18,5.43,--,1,564,买盘
1492,13:26:15,5.43,0.01,24,13032,买盘
1493,13:26:12,5.42,-0.01,102,55804,卖盘
1494,13:26:06,5.43,0.01,60,32580,买盘
1495,13:26:03,5.42,-0.01,35,18991,卖盘
1496,13:26:00,5.43,--,6,3258,买盘
1497,13:25:57,5.43,0.01,4,2693,买盘
1498,13:25:54,5.42,-0.01,4,2168,卖盘
1499,13:25:51,5.43,--,47,25542,买盘
1500,13:25:48,5.43,--,54,29843,买盘
1501,13:25:45,5.43,0.01,74,40182,买盘
1502,13:25:42,5.42,--,47,25495,卖盘
1503,13:25:36,5.42,-0.01,18,9756,卖盘
1504,13:25:33,5.43,--,186,100998,买盘
1505,13:25:27,5.43,0.01,48,26585,买盘
1506,13:25:24,5.42,-0.01,60,32520,卖盘
1507,13:25:18,5.43,--,10,5430,买盘
1508,13:25:15,5.43,0.01,94,51042,买盘
1509,13:25:09,5.42,--,40,21680,卖盘
1510,13:25:03,5.42,-0.01,3,1647,卖盘
1511,13:25:00,5.43,--,26,14118,买盘
1512,13:24:51,5.43,0.01,12,6516,买盘
1513,13:24:48,5.42,--,0,520,卖盘
1514,13:24:42,5.42,--,46,24932,卖盘
1515,13:24:39,5.42,-0.01,57,30915,卖盘
1516,13:24:36,5.43,--,232,125976,买盘
1517,13:24:33,5.43,0.01,524,285053,买盘
1518,13:24:30,5.42,-0.01,54,29268,卖盘
1519,13:24:24,5.43,0.01,14,7602,买盘
1520,13:24:18,5.42,-0.01,52,28184,卖盘
1521,13:24:09,5.43,-0.01,116,62988,卖盘
1522,13:24:06,5.44,--,32,17408,买盘
1523,13:24:03,5.44,--,1067,580469,买盘
1524,13:24:00,5.44,--,8,4874,买盘
1525,13:23:54,5.44,0.01,632,343808,买盘
1526,13:23:51,5.43,--,5,2736,卖盘
1527,13:23:45,5.43,--,24,13553,卖盘
1528,13:23:42,5.43,-0.01,130,70590,卖盘
1529,13:23:33,5.44,--,3,1653,买盘
1530,13:23:30,5.44,--,166,90826,买盘
1531,13:23:27,5.44,--,30,16320,买盘
1532,13:23:21,5.44,0.01,117,63669,买盘
1533,13:23:18,5.43,-0.01,104,56472,卖盘
1534,13:23:12,5.44,0.01,26,14144,买盘
1535,13:23:09,5.43,--,10,5430,卖盘
1536,13:23:06,5.43,--,28,15725,卖盘
1537,13:23:03,5.43,--,90,48870,卖盘
1538,13:23:00,5.43,--,41,22284,卖盘
1539,13:22:57,5.43,-0.01,4,2172,卖盘
1540,13:22:51,5.44,--,40,22282,买盘
1541,13:22:45,5.44,0.01,103,56053,买盘
1542,13:22:42,5.43,-0.01,4,2693,卖盘
1543,13:22:36,5.44,0.01,58,31552,买盘
1544,13:22:33,5.43,--,383,207990,卖盘
1545,13:22:30,5.43,-0.01,150,81971,卖盘
1546,13:22:27,5.44,0.01,72,39168,买盘
1547,13:22:21,5.43,-0.01,30,16290,卖盘
1548,13:22:18,5.44,0.01,10,5440,买盘
1549,13:22:15,5.43,-0.01,28,15204,卖盘
1550,13:22:12,5.44,0.01,12,6528,买盘
1551,13:22:09,5.43,-0.01,308,167244,卖盘
1552,13:22:03,5.44,--,45,24501,买盘
1553,13:21:57,5.44,--,16,9226,买盘
1554,13:21:54,5.44,--,38,20672,买盘
1555,13:21:51,5.44,0.01,177,96309,买盘
1556,13:21:48,5.43,--,16,8688,卖盘
1557,13:21:42,5.43,-0.01,54,29843,卖盘
1558,13:21:39,5.44,0.01,78,42432,买盘
1559,13:21:36,5.43,--,2,1086,卖盘
1560,13:21:33,5.43,--,300,162900,卖盘
1561,13:21:27,5.43,-0.01,62,33666,卖盘
1562,13:21:21,5.44,--,68,36992,买盘
1563,13:21:18,5.44,--,33,17973,买盘
1564,13:21:12,5.44,0.01,94,51658,买盘
1565,13:21:06,5.43,-0.01,29,15768,卖盘
1566,13:21:03,5.44,0.01,26,14144,买盘
1567,13:21:00,5.43,--,4,2172,卖盘
1568,13:20:54,5.43,--,34,18462,卖盘
1569,13:20:51,5.43,--,78,42875,卖盘
1570,13:20:45,5.43,-0.01,3,1650,卖盘
1571,13:20:42,5.44,--,2,1610,买盘
1572,13:20:39,5.44,--,2,1088,买盘
1573,13:20:36,5.44,--,18,9792,买盘
1574,13:20:33,5.44,--,177,96309,买盘
1575,13:20:27,5.44,--,12,7050,买盘
1576,13:20:18,5.44,--,12,6528,买盘
1577,13:20:15,5.44,--,11,6005,买盘
1578,13:20:09,5.44,--,10,5962,买盘
1579,13:20:03,5.44,--,600,326400,买盘
1580,13:20:00,5.44,--,13,7093,买盘
1581,13:19:57,5.44,0.01,12,7050,买盘
1582,13:19:54,5.43,-0.01,3,1650,卖盘
1583,13:19:51,5.44,--,34,19018,买盘
1584,13:19:48,5.44,--,164,89216,买盘
1585,13:19:45,5.44,--,30,16320,买盘
1586,13:19:39,5.44,--,13,7093,买盘
1587,13:19:36,5.44,0.01,4,2698,买盘
1588,13:19:33,5.43,-0.01,130,70590,卖盘
1589,13:19:30,5.44,--,7,3829,买盘
1590,13:19:27,5.44,--,46,25546,买盘
1591,13:19:21,5.44,--,72,39168,买盘
1592,13:19:03,5.44,0.01,14,7616,买盘
1593,13:19:00,5.43,-0.01,28,15204,卖盘
1594,13:18:57,5.44,--,15,8181,买盘
1595,13:18:54,5.44,--,24,13578,买盘
1596,13:18:51,5.44,0.01,12,6528,买盘
1597,13:18:45,5.43,--,15,8166,卖盘
1598,13:18:42,5.43,--,10,5430,卖盘
1599,13:18:39,5.43,--,48,26585,买盘
1600,13:18:36,5.43,--,424,230232,买盘
1601,13:18:30,5.43,--,93,50520,买盘
1602,13:18:27,5.43,0.01,10,5951,买盘
1603,13:18:24,5.42,-0.01,314,170188,卖盘
1604,13:18:18,5.43,--,11,5994,买盘
1605,13:18:15,5.43,--,310,168851,买盘
1606,13:18:06,5.43,--,72,39096,买盘
1607,13:18:00,5.43,0.01,13,7080,买盘
1608,13:17:57,5.42,-0.01,88,48216,卖盘
1609,13:17:54,5.43,--,29,15768,买盘
1610,13:17:51,5.43,--,10,5430,买盘
1611,13:17:48,5.43,0.01,46,25499,买盘
1612,13:17:45,5.42,--,43,23327,卖盘
1613,13:17:39,5.42,-0.01,10,5940,卖盘
1614,13:17:36,5.43,--,17,9252,买盘
1615,13:17:33,5.43,--,56,30408,买盘
1616,13:17:30,5.43,0.01,98,53735,买盘
1617,13:17:27,5.42,-0.01,10,5420,卖盘
1618,13:17:24,5.43,--,21,11424,买盘
1619,13:17:21,5.43,--,136,74369,卖盘
1620,13:17:18,5.43,--,1,564,卖盘
1621,13:17:12,5.43,--,84,46133,买盘
1622,13:17:03,5.43,--,12,6516,买盘
1623,13:16:57,5.43,--,61,33144,买盘
1624,13:16:51,5.43,--,38,20634,买盘
1625,13:16:48,5.43,-0.01,156,85229,卖盘
1626,13:16:45,5.44,0.01,29,15797,买盘
1627,13:16:42,5.43,--,8,4865,卖盘
1628,13:16:36,5.43,--,10,5430,卖盘
1629,13:16:33,5.43,--,30,16290,卖盘
1630,13:16:30,5.43,--,6,3258,卖盘
1631,13:16:27,5.43,0.01,833,452514,买盘
1632,13:16:24,5.42,--,100,54200,卖盘
1633,13:16:21,5.42,--,161,87283,卖盘
1634,13:16:15,5.42,--,10,5940,卖盘
1635,13:16:12,5.42,-0.01,360,195120,卖盘
1636,13:16:09,5.43,--,3,1650,买盘
1637,13:16:03,5.43,0.01,14,7602,买盘
1638,13:16:00,5.42,--,18,9756,卖盘
1639,13:15:57,5.42,-0.01,14,7588,卖盘
1640,13:15:54,5.43,0.01,40,21720,买盘
1641,13:15:51,5.42,--,40,21680,卖盘
1642,13:15:48,5.42,--,10,5940,卖盘
1643,13:15:39,5.42,--,232,125744,卖盘
1644,13:15:36,5.42,--,30,16303,卖盘
1645,13:15:33,5.42,-0.01,54,29788,卖盘
1646,13:15:30,5.43,0.01,17,9252,买盘
1647,13:15:27,5.42,--,156,84552,卖盘
1648,13:15:21,5.42,-0.01,12,6504,卖盘
1649,13:15:18,5.43,0.01,8,4865,买盘
1650,13:15:15,5.42,-0.01,10,5420,卖盘
1651,13:15:12,5.43,0.01,34,18462,买盘
1652,13:15:09,5.42,--,4,2168,卖盘
1653,13:15:06,5.42,--,539,292159,卖盘
1654,13:15:03,5.42,-0.01,120,65560,卖盘
1655,13:15:00,5.43,--,12,6516,买盘
1656,13:14:57,5.43,0.01,0,521,买盘
1657,13:14:54,5.42,-0.01,60,32520,卖盘
1658,13:14:51,5.43,--,104,56472,买盘
1659,13:14:48,5.43,--,27,14682,买盘
1660,13:14:45,5.43,--,16,9209,买盘
1661,13:14:39,5.43,--,32,17376,买盘
1662,13:14:36,5.43,--,709,385356,卖盘
1663,13:14:30,5.43,--,17,9339,卖盘
1664,13:14:27,5.43,--,28,15204,卖盘
1665,13:14:24,5.43,-0.01,70,38010,卖盘
1666,13:14:18,5.44,--,4,2176,买盘
1667,13:14:15,5.44,--,21,11445,买盘
1668,13:14:09,5.44,--,50,27722,买盘
1669,13:14:03,5.44,--,46,25024,买盘
1670,13:14:00,5.44,--,39,21237,买盘
1671,13:13:57,5.44,--,12,6528,买盘
1672,13:13:51,5.44,--,4,2176,买盘
1673,13:13:48,5.44,--,20,10880,买盘
1674,13:13:45,5.44,--,8,4874,买盘
1675,13:13:42,5.44,--,12,6528,买盘
1676,13:13:39,5.44,--,11,6005,买盘
1677,13:13:36,5.44,--,4,2176,买盘
1678,13:13:33,5.44,--,154,84298,卖盘
1679,13:13:30,5.44,--,23,12533,卖盘
1680,13:13:27,5.44,-0.01,10,5440,卖盘
1681,13:13:20,5.45,0.01,6,3793,买盘
1682,13:13:17,5.44,-0.01,233,126773,卖盘
1683,13:13:08,5.45,--,4,2703,买盘
1684,13:13:05,5.45,--,23,12556,买盘
1685,13:13:02,5.45,--,140,76300,买盘
1686,13:12:53,5.45,0.01,30,16350,买盘
1687,13:12:50,5.44,-0.01,172,93568,卖盘
1688,13:12:47,5.45,0.01,6,3270,买盘
1689,13:12:44,5.44,-0.01,32,17408,卖盘
1690,13:12:41,5.45,0.01,18,10333,买盘
1691,13:12:35,5.44,--,150,81600,卖盘
1692,13:12:29,5.44,-0.01,193,105013,卖盘
1693,13:12:23,5.45,0.01,10,5450,买盘
1694,13:12:11,5.44,--,20,10880,卖盘
1695,13:12:08,5.44,-0.01,8,4352,卖盘
1696,13:12:05,5.45,--,0,523,买盘
1697,13:12:02,5.45,--,1,566,买盘
1698,13:11:59,5.45,--,42,22890,买盘
1699,13:11:56,5.45,0.01,0,523,买盘
1700,13:11:53,5.44,--,12,6528,卖盘
1701,13:11:44,5.44,--,10,5440,卖盘
1702,13:11:38,5.44,-0.01,12,6528,卖盘
1703,13:11:35,5.45,0.01,11,6016,买盘
1704,13:11:32,5.44,--,26,14144,买盘
1705,13:11:29,5.44,--,58,32074,买盘
1706,13:11:23,5.44,--,45,24501,买盘
1707,13:11:20,5.44,--,8,4874,买盘
1708,13:11:17,5.44,--,163,88693,卖盘
1709,13:11:14,5.44,-0.01,10,5440,卖盘
1710,13:11:08,5.45,0.01,2,1090,买盘
1711,13:11:02,5.44,--,20,10880,卖盘
1712,13:10:59,5.44,--,118,64192,卖盘
1713,13:10:53,5.44,--,508,276352,买盘
1714,13:10:50,5.44,--,16,9226,买盘
1715,13:10:47,5.44,--,81,44085,买盘
1716,13:10:44,5.44,0.01,60,32640,买盘
1717,13:10:41,5.43,--,4,2693,卖盘
1718,13:10:38,5.43,-0.01,102,55386,卖盘
1719,13:10:32,5.44,--,78,42432,买盘
1720,13:10:29,5.44,--,94,51136,买盘
1721,13:10:26,5.44,--,5,2741,买盘
1722,13:10:23,5.44,--,94,51136,买盘
1723,13:10:20,5.44,0.01,28,15754,买盘
1724,13:10:17,5.43,-0.01,96,52128,卖盘
1725,13:10:14,5.44,--,130,70720,买盘
1726,13:10:11,5.44,--,3,1653,买盘
1727,13:10:08,5.44,--,50,27722,买盘
1728,13:10:02,5.44,-0.01,109,59317,卖盘
1729,13:09:59,5.45,0.01,0,523,买盘
1730,13:09:53,5.44,-0.01,24,13056,卖盘
1731,13:09:50,5.45,0.01,41,22366,买盘
1732,13:09:47,5.44,--,20,11402,卖盘
1733,13:09:44,5.44,-0.01,167,90869,卖盘
1734,13:09:38,5.45,0.01,50,27773,买盘
1735,13:09:35,5.44,--,10,5440,卖盘
1736,13:09:32,5.44,-0.01,50,27200,卖盘
1737,13:09:29,5.45,0.01,3431,1869916,买盘
1738,13:09:26,5.44,-0.01,146,79946,卖盘
1739,13:09:23,5.45,--,40,21800,买盘
1740,13:09:20,5.45,--,12,6540,买盘
1741,13:09:17,5.45,--,7,3836,买盘
1742,13:09:14,5.45,--,22,11990,买盘
1743,13:09:11,5.45,0.01,10,5450,买盘
1744,13:09:08,5.44,--,30,16320,卖盘
1745,13:09:05,5.44,-0.01,40,21760,卖盘
1746,13:09:02,5.45,--,60,32700,买盘
1747,13:08:59,5.45,0.01,250,136250,买盘
1748,13:08:56,5.44,-0.01,216,118026,卖盘
1749,13:08:50,5.45,0.01,34,18530,买盘
1750,13:08:44,5.44,-0.01,66,35904,卖盘
1751,13:08:41,5.45,--,20,10900,买盘
1752,13:08:38,5.45,--,14,7630,买盘
1753,13:08:32,5.45,0.01,51,27816,买盘
1754,13:08:26,5.44,-0.01,10,5440,卖盘
1755,13:08:23,5.45,0.01,300,163500,买盘
1756,13:08:20,5.44,--,34,19018,卖盘
1757,13:08:17,5.44,--,60,32640,卖盘
1758,13:08:14,5.44,-0.01,20,10880,卖盘
1759,13:08:11,5.45,--,7,3836,买盘
1760,13:08:08,5.45,0.01,102,55590,买盘
1761,13:08:02,5.44,--,92,50048,卖盘
1762,13:07:59,5.44,-0.01,206,112586,卖盘
1763,13:07:56,5.45,0.01,14,7630,买盘
1764,13:07:53,5.44,-0.01,330,179520,卖盘
1765,13:07:50,5.45,0.01,71,38716,买盘
1766,13:07:47,5.44,-0.01,34,19018,卖盘
1767,13:07:35,5.45,--,102,55590,买盘
1768,13:07:32,5.45,-0.01,76,41856,卖盘
1769,13:07:29,5.46,--,122,66612,买盘
1770,13:07:26,5.46,0.01,380,207480,买盘
1771,13:07:23,5.45,--,100,54500,卖盘
1772,13:07:20,5.45,-0.01,24,13080,卖盘
1773,13:07:14,5.46,--,90,49140,买盘
1774,13:07:11,5.46,--,46,25640,买盘
1775,13:07:08,5.46,--,10,5460,买盘
1776,13:06:59,5.46,0.01,31,16947,买盘
1777,13:06:53,5.45,-0.01,322,175490,卖盘
1778,13:06:50,5.46,--,294,161048,买盘
1779,13:06:44,5.46,--,1,567,买盘
1780,13:06:41,5.46,--,38,21272,买盘
1781,13:06:35,5.46,--,5,2751,买盘
1782,13:06:29,5.46,--,0,524,买盘
1783,13:06:23,5.46,--,36,19656,买盘
1784,13:06:17,5.46,--,14,7644,买盘
1785,13:06:14,5.46,0.01,957,522543,买盘
1786,13:06:08,5.45,--,24,13603,卖盘
1787,13:06:05,5.45,--,40,21800,卖盘
1788,13:06:02,5.45,-0.01,36,19620,卖盘
1789,13:05:59,5.46,--,1,567,买盘
1790,13:05:56,5.46,0.01,44,24024,买盘
1791,13:05:50,5.45,--,58,31610,卖盘
1792,13:05:47,5.45,--,34,19053,卖盘
1793,13:05:44,5.45,--,40,21800,卖盘
1794,13:05:41,5.45,-0.01,2,1090,卖盘
1795,13:05:38,5.46,--,41,22407,买盘
1796,13:05:32,5.46,0.01,14,7644,买盘
1797,13:05:29,5.45,--,82,44690,卖盘
1798,13:05:26,5.45,--,110,60473,卖盘
1799,13:05:20,5.45,-0.01,47,25636,卖盘
1800,13:05:17,5.46,0.01,656,358176,买盘
1801,13:05:11,5.45,-0.01,122,66490,卖盘
1802,13:05:08,5.46,0.01,124,68228,买盘
1803,13:05:05,5.45,-0.01,20,10900,卖盘
1804,13:05:02,5.46,0.01,12,6552,买盘
1805,13:04:56,5.45,-0.01,50,27250,卖盘
1806,13:04:53,5.46,0.01,1,567,买盘
1807,13:04:50,5.45,-0.01,200,109000,卖盘
1808,13:04:44,5.46,--,0,524,买盘
1809,13:04:41,5.46,0.01,7,3843,买盘
1810,13:04:38,5.45,-0.01,142,77913,卖盘
1811,13:04:35,5.46,--,20,10920,买盘
1812,13:04:32,5.46,--,206,112476,买盘
1813,13:04:23,5.46,--,13,7119,买盘
1814,13:04:20,5.46,--,4,2184,买盘
1815,13:04:17,5.46,--,4,2708,买盘
1816,13:04:08,5.46,--,301,164367,卖盘
1817,13:04:05,5.46,-0.01,67,36603,卖盘
1818,13:04:02,5.47,--,10,5995,买盘
1819,13:03:59,5.47,--,13,7132,买盘
1820,13:03:56,5.47,--,0,525,买盘
1821,13:03:53,5.47,--,4,2188,买盘
1822,13:03:50,5.47,--,52,28969,买盘
1823,13:03:44,5.47,--,269,147164,买盘
1824,13:03:41,5.47,0.01,4,2188,买盘
1825,13:03:38,5.46,-0.01,10,5460,卖盘
1826,13:03:32,5.47,0.01,86,47042,买盘
1827,13:03:29,5.46,-0.01,1000,546000,卖盘
1828,13:03:26,5.47,--,4,2188,卖盘
1829,13:03:20,5.47,--,22,12559,卖盘
1830,13:03:17,5.47,--,86,47085,买盘
1831,13:03:14,5.47,--,12,6564,买盘
1832,13:03:11,5.47,--,180,98460,买盘
1833,13:03:08,5.47,--,253,138894,买盘
1834,13:03:02,5.47,0.01,17,9320,买盘
1835,13:02:59,5.46,-0.01,38,20748,卖盘
1836,13:02:56,5.47,--,66,36102,买盘
1837,13:02:53,5.47,--,61,33388,买盘
1838,13:02:50,5.47,-0.01,10,5995,卖盘
1839,13:02:47,5.48,0.01,44,24112,买盘
1840,13:02:44,5.47,--,25,13696,买盘
1841,13:02:41,5.47,--,1,1050,买盘
1842,13:02:35,5.47,-0.01,36,19692,卖盘
1843,13:02:32,5.48,0.01,53,29065,买盘
1844,13:02:29,5.47,--,21,11508,买盘
1845,13:02:23,5.47,--,1,1050,买盘
1846,13:02:20,5.47,-0.01,2,1137,中性盘
1847,13:02:17,5.48,0.01,25,14204,买盘
1848,13:02:14,5.47,-0.01,92,50324,卖盘
1849,13:02:11,5.48,0.01,41,22489,买盘
1850,13:02:08,5.47,--,290,158630,卖盘
1851,13:02:05,5.47,-0.01,32,17504,卖盘
1852,13:02:02,5.48,--,8,4384,买盘
1853,13:01:59,5.48,--,7,3857,买盘
1854,13:01:53,5.48,--,17,9820,买盘
1855,13:01:50,5.48,--,7,3857,买盘
1856,13:01:47,5.48,0.01,483,265012,买盘
1857,13:01:41,5.47,--,83,45422,卖盘
1858,13:01:38,5.47,--,72,39909,卖盘
1859,13:01:32,5.47,-0.01,598,327106,卖盘
1860,13:01:29,5.48,--,5,2761,买盘
1861,13:01:26,5.48,0.01,148,81104,买盘
1862,13:01:20,5.47,-0.01,118,65071,卖盘
1863,13:01:14,5.48,--,22,12056,买盘
1864,13:01:14,5.48,0.01,32,17536,买盘
1865,13:01:11,5.47,--,98,53606,卖盘
1866,13:01:05,5.47,--,60,32820,卖盘
1867,13:01:02,5.47,--,15,8226,卖盘
1868,13:00:56,5.47,--,10,5470,卖盘
1869,13:00:47,5.47,--,367,200945,买盘
1870,13:00:38,5.47,--,13,7132,买盘
1871,13:00:32,5.47,--,101,55750,买盘
1872,13:00:29,5.47,--,106,58025,买盘
1873,13:00:23,5.47,0.01,254,139463,买盘
1874,13:00:17,5.46,-0.01,220,120120,卖盘
1875,13:00:14,5.47,0.01,410,224270,买盘
1876,13:00:11,5.46,--,928,506688,卖盘
1877,13:00:08,5.46,0.01,1638,894610,买盘
1878,13:00:05,5.45,-0.01,1696,924320,卖盘
1879,11:30:06,5.46,0.01,34,18564,买盘
1880,11:30:00,5.45,-0.01,35,19096,卖盘
1881,11:29:54,5.46,0.01,72,39312,买盘
1882,11:29:48,5.45,--,24,13603,卖盘
1883,11:29:42,5.45,--,15,8589,买盘
1884,11:29:36,5.45,--,54,29430,买盘
1885,11:29:33,5.45,--,32,17440,买盘
1886,11:29:30,5.45,--,14,8153,买盘
1887,11:29:27,5.45,--,507,276336,买盘
1888,11:29:24,5.45,0.01,20,10900,买盘
1889,11:29:21,5.44,-0.01,56,30464,卖盘
1890,11:29:18,5.45,0.01,106,57770,买盘
1891,11:29:12,5.44,-0.01,30,16842,卖盘
1892,11:29:09,5.45,--,234,127530,买盘
1893,11:29:06,5.45,0.01,23,12556,买盘
1894,11:29:03,5.44,--,268,145792,卖盘
1895,11:29:00,5.44,-0.01,6,3264,卖盘
1896,11:28:57,5.45,0.01,12,6540,买盘
1897,11:28:48,5.44,--,10,5440,卖盘
1898,11:28:42,5.44,--,330,180042,买盘
1899,11:28:39,5.44,--,139,75637,买盘
1900,11:28:36,5.44,--,186,101184,买盘
1901,11:28:33,5.44,--,22,11968,买盘
1902,11:28:30,5.44,--,122,66368,买盘
1903,11:28:27,5.44,--,2,1088,买盘
1904,11:28:24,5.44,--,114,62538,买盘
1905,11:28:18,5.44,--,20,10880,买盘
1906,11:28:15,5.44,--,25,13621,买盘
1907,11:28:12,5.44,--,40,22282,买盘
1908,11:28:06,5.44,--,1,565,买盘
1909,11:28:00,5.44,--,194,106058,买盘
1910,11:27:57,5.44,--,20,10880,买盘
1911,11:27:54,5.44,--,34,18496,买盘
1912,11:27:51,5.44,--,7,3829,买盘
1913,11:27:48,5.44,--,90,49482,买盘
1914,11:27:42,5.44,--,69,37557,买盘
1915,11:27:39,5.44,--,22,12490,买盘
1916,11:27:33,5.44,--,24,13056,买盘
1917,11:27:30,5.44,--,50,27200,买盘
1918,11:27:27,5.44,--,20,10880,买盘
1919,11:27:24,5.44,--,22,11968,买盘
1920,11:27:21,5.44,--,46,25024,买盘
1921,11:27:12,5.44,--,29,15797,买盘
1922,11:27:09,5.44,--,4,2698,买盘
1923,11:27:06,5.44,--,13,7093,买盘
1924,11:27:03,5.44,-0.01,310,169162,卖盘
1925,11:27:00,5.45,0.01,25,13646,买盘
1926,11:26:54,5.44,-0.01,238,129472,卖盘
1927,11:26:51,5.45,0.01,0,523,买盘
1928,11:26:48,5.44,-0.01,10,5440,卖盘
1929,11:26:45,5.45,0.01,218,118810,买盘
1930,11:26:39,5.44,-0.01,43,23413,卖盘
1931,11:26:36,5.45,0.01,12,7063,买盘
1932,11:26:33,5.44,--,212,115328,卖盘
1933,11:26:27,5.44,--,40,21760,卖盘
1934,11:26:24,5.44,--,4,2176,卖盘
1935,11:26:15,5.44,-0.01,270,146880,卖盘
1936,11:26:12,5.45,--,165,89946,买盘
1937,11:26:06,5.45,--,370,201650,买盘
1938,11:26:00,5.45,--,24,13080,买盘
1939,11:25:57,5.45,--,42,22890,买盘
1940,11:25:54,5.45,0.01,70,38150,买盘
1941,11:25:51,5.44,-0.01,166,90826,卖盘
1942,11:25:45,5.45,--,305,166246,买盘
1943,11:25:42,5.45,--,14,8153,买盘
1944,11:25:39,5.45,--,3,1656,买盘
1945,11:25:36,5.45,0.01,0,523,买盘
1946,11:25:33,5.44,-0.01,20,10880,卖盘
1947,11:25:30,5.45,--,54,29430,买盘
1948,11:25:27,5.45,--,35,19096,买盘
1949,11:25:24,5.45,--,46,25070,买盘
1950,11:25:21,5.45,0.01,10,5973,买盘
1951,11:25:18,5.44,-0.01,610,331840,卖盘
1952,11:25:15,5.45,--,273,148806,买盘
1953,11:25:12,5.45,--,14,7630,买盘
1954,11:25:09,5.45,--,0,523,买盘
1955,11:25:03,5.45,--,22,11990,买盘
1956,11:25:00,5.45,--,31,16916,买盘
1957,11:24:54,5.45,--,0,523,买盘
1958,11:24:51,5.45,--,237,129186,买盘
1959,11:24:42,5.45,--,90,49050,买盘
1960,11:24:36,5.45,0.01,12,7063,买盘
1961,11:24:33,5.44,--,32,17408,卖盘
1962,11:24:27,5.44,-0.02,14,7616,卖盘
1963,11:24:21,5.46,0.02,651,355467,买盘
1964,11:24:18,5.44,--,16,9226,买盘
1965,11:24:15,5.44,--,189,102837,买盘
1966,11:24:12,5.44,-0.01,114,62016,卖盘
1967,11:24:09,5.45,0.01,692,377663,买盘
1968,11:24:06,5.44,-0.01,160,87040,中性盘
1969,11:24:03,5.45,0.01,170,92650,买盘
1970,11:24:00,5.44,--,284,154496,买盘
1971,11:23:57,5.44,-0.01,9,4917,中性盘
1972,11:23:54,5.45,0.01,1026,559170,买盘
1973,11:23:51,5.44,--,310,168640,买盘
1974,11:23:48,5.44,--,144,78858,买盘
1975,11:23:45,5.44,--,84,45696,买盘
1976,11:23:42,5.44,--,261,142005,买盘
1977,11:23:33,5.44,--,258,140352,卖盘
1978,11:23:27,5.44,--,12,7050,卖盘
1979,11:23:24,5.44,-0.01,10,5440,卖盘
1980,11:23:21,5.45,0.01,2,1090,买盘
1981,11:23:18,5.44,--,142,77248,买盘
1982,11:23:15,5.44,--,19,10357,买盘
1983,11:23:12,5.44,--,120,65802,买盘
1984,11:23:09,5.44,--,4,2176,买盘
1985,11:23:06,5.44,--,59,32117,买盘
1986,11:23:00,5.44,--,58,31552,卖盘
1987,11:22:57,5.44,--,80,44042,买盘
1988,11:22:54,5.44,-0.01,951,517365,卖盘
1989,11:22:51,5.45,--,4,2703,买盘
1990,11:22:45,5.45,--,69,37626,买盘
1991,11:22:36,5.45,--,0,523,买盘
1992,11:22:33,5.45,0.01,12,6540,买盘
1993,11:22:30,5.44,-0.01,112,60928,卖盘
1994,11:22:27,5.45,--,42,22890,买盘
1995,11:22:24,5.45,0.01,1,566,买盘
1996,11:22:12,5.44,-0.01,202,110410,卖盘
1997,11:22:03,5.45,0.01,10,5450,买盘
1998,11:22:00,5.44,--,439,238837,买盘
1999,11:21:57,5.44,--,34,18496,买盘
2000,11:21:54,5.44,--,2,1610,买盘
2001,11:21:51,5.44,--,13,7093,买盘
2002,11:21:48,5.44,--,582,316608,买盘
2003,11:21:42,5.44,--,26,14144,买盘
2004,11:21:36,5.44,--,32,17408,买盘
2005,11:21:33,5.44,--,26,14666,买盘
2006,11:21:24,5.44,-0.01,167,90869,卖盘
2007,11:21:18,5.45,--,4,2180,买盘
2008,11:21:15,5.45,--,300,164023,买盘
2009,11:21:09,5.45,0.01,10,5450,买盘
2010,11:21:06,5.44,-0.01,130,70720,卖盘
2011,11:21:03,5.45,--,43,23456,买盘
2012,11:21:00,5.45,0.01,40,21800,买盘
2013,11:20:57,5.44,-0.01,12,7050,卖盘
2014,11:20:54,5.45,--,11,6016,买盘
2015,11:20:51,5.45,0.01,12,6540,买盘
2016,11:20:48,5.44,-0.01,54,29376,卖盘
2017,11:20:45,5.45,0.01,36,20143,买盘
2018,11:20:42,5.44,-0.01,80,43520,卖盘
2019,11:20:39,5.45,--,23,12556,买盘
2020,11:20:33,5.45,--,2,1090,买盘
2021,11:20:30,5.45,0.01,20,11423,买盘
2022,11:20:27,5.44,-0.01,27,14709,卖盘
2023,11:20:24,5.45,0.01,8,4883,买盘
2024,11:20:18,5.44,0.01,5,2741,卖盘
2025,11:20:12,5.43,-0.01,100,54300,卖盘
2026,11:20:09,5.44,0.01,6,3351,买盘
2027,11:20:06,5.43,-0.01,522,283967,卖盘
2028,11:20:00,5.44,--,10,5440,买盘
2029,11:19:54,5.44,--,108,59274,买盘
2030,11:19:51,5.44,--,57,31029,买盘
2031,11:19:48,5.44,0.01,60,32640,买盘
2032,11:19:45,5.43,-0.01,233,126540,卖盘
2033,11:19:42,5.44,--,21,11924,买盘
2034,11:19:39,5.44,--,203,110453,买盘
2035,11:19:36,5.44,0.01,34,18496,买盘
2036,11:19:30,5.43,-0.01,137,74412,卖盘
2037,11:19:27,5.44,0.02,56,30464,买盘
2038,11:19:24,5.42,-0.01,292,158784,卖盘
2039,11:19:21,5.43,--,0,521,卖盘
2040,11:19:15,5.43,--,1,564,卖盘
2041,11:19:09,5.43,--,22,11946,买盘
2042,11:19:05,5.43,0.01,6,3258,买盘
2043,11:19:02,5.42,-0.01,90,49300,卖盘
2044,11:18:59,5.43,--,13,7080,买盘
2045,11:18:56,5.43,--,5,2736,买盘
2046,11:18:50,5.43,--,261,142222,买盘
2047,11:18:47,5.43,--,32,17376,买盘
2048,11:18:44,5.43,--,62,33709,买盘
2049,11:18:41,5.43,0.01,64,35273,买盘
2050,11:18:35,5.42,-0.01,100,54200,卖盘
2051,11:18:29,5.43,--,71,38574,买盘
2052,11:18:26,5.43,0.01,138,75455,买盘
2053,11:18:20,5.42,--,14,7588,卖盘
2054,11:18:17,5.42,--,10,5420,卖盘
2055,11:18:08,5.42,--,10,5420,卖盘
2056,11:18:05,5.42,--,2,1084,卖盘
2057,11:18:02,5.42,--,113,61267,买盘
2058,11:17:56,5.42,--,12,7024,买盘
2059,11:17:53,5.42,--,46,24932,买盘
2060,11:17:50,5.42,--,82,44964,买盘
2061,11:17:41,5.42,--,24,13008,买盘
2062,11:17:38,5.42,-0.02,539,292159,卖盘
2063,11:17:29,5.44,--,188,102272,买盘
2064,11:17:26,5.44,--,15,8181,买盘
2065,11:17:23,5.44,--,40,22282,买盘
2066,11:17:20,5.44,-0.01,228,124032,卖盘
2067,11:17:14,5.45,0.01,2,1090,买盘
2068,11:17:11,5.44,-0.01,50,27200,卖盘
2069,11:17:08,5.45,--,20,11423,买盘
2070,11:17:05,5.45,0.01,24,13080,买盘
2071,11:17:02,5.44,-0.01,77,41909,卖盘
2072,11:16:59,5.45,--,36,19620,买盘
2073,11:16:56,5.45,0.01,53,28906,买盘
2074,11:16:53,5.44,-0.01,333,181652,卖盘
2075,11:16:50,5.45,--,221,120466,买盘
2076,11:16:47,5.45,--,30,16873,买盘
2077,11:16:44,5.45,--,26,14213,买盘
2078,11:16:41,5.45,--,113,62086,买盘
2079,11:16:38,5.45,--,20,10900,买盘
2080,11:16:35,5.45,0.01,6,3313,买盘
2081,11:16:29,5.44,-0.01,160,87040,卖盘
2082,11:16:26,5.45,--,0,523,买盘
2083,11:16:23,5.45,--,10,5450,买盘
2084,11:16:20,5.45,--,120,65400,买盘
2085,11:16:17,5.45,0.01,185,100846,买盘
2086,11:16:14,5.44,-0.01,24,13056,卖盘
2087,11:16:11,5.45,--,569,310606,买盘
2088,11:16:08,5.45,--,215,117196,买盘
2089,11:16:05,5.45,0.01,20,10900,买盘
2090,11:16:02,5.44,-0.01,636,345984,卖盘
2091,11:15:59,5.45,--,47,25636,买盘
2092,11:15:56,5.45,--,36,20143,买盘
2093,11:15:53,5.45,--,16,8720,买盘
2094,11:15:50,5.45,--,186,101370,买盘
2095,11:15:44,5.45,--,52,28340,买盘
2096,11:15:38,5.45,--,4,2180,买盘
2097,11:15:35,5.45,--,94,51230,买盘
2098,11:15:32,5.45,0.01,103,56156,买盘
2099,11:15:29,5.44,-0.01,113,61972,卖盘
2100,11:15:23,5.45,--,17,9286,买盘
2101,11:15:20,5.45,0.01,36,19620,买盘
2102,11:15:14,5.44,-0.01,93,50613,卖盘
2103,11:15:11,5.45,0.01,1040,566800,买盘
2104,11:15:08,5.44,--,56,30464,卖盘
2105,11:15:05,5.44,--,1828,994432,买盘
2106,11:15:02,5.44,--,121,66324,买盘
2107,11:14:59,5.44,0.01,1149,625077,买盘
2108,11:14:56,5.43,--,10,5430,卖盘
2109,11:14:50,5.43,--,110,59730,卖盘
2110,11:14:47,5.43,0.01,505,274236,买盘
2111,11:14:44,5.42,-0.01,10,5940,卖盘
2112,11:14:41,5.43,--,34,18983,买盘
2113,11:14:38,5.43,0.01,84,45612,买盘
2114,11:14:35,5.42,-0.01,18,9799,卖盘
2115,11:14:32,5.43,--,12,6516,买盘
2116,11:14:29,5.43,0.01,29,16246,买盘
2117,11:14:26,5.42,--,1,563,卖盘
2118,11:14:23,5.42,--,6,3252,卖盘
2119,11:14:20,5.42,--,18,9756,卖盘
2120,11:14:14,5.42,--,30,16260,卖盘
2121,11:14:11,5.42,--,190,102980,买盘
2122,11:14:08,5.42,--,18,10276,买盘
2123,11:14:05,5.42,0.01,186,100855,买盘
2124,11:14:02,5.41,-0.01,14,8093,卖盘
2125,11:13:59,5.42,0.01,2,1604,买盘
2126,11:13:56,5.41,-0.01,110,59553,卖盘
2127,11:13:44,5.42,0.02,288,156616,买盘
2128,11:13:38,5.4,-0.01,124,67478,卖盘
2129,11:13:35,5.41,--,65,35186,买盘
2130,11:13:32,5.41,0.01,48,25968,买盘
2131,11:13:29,5.4,--,4,2160,卖盘
2132,11:13:26,5.4,--,65,35121,卖盘
2133,11:13:23,5.4,--,4,2678,卖盘
2134,11:13:20,5.4,0.01,195,105321,中性盘
2135,11:13:17,5.39,-0.01,305,164890,卖盘
2136,11:13:14,5.4,--,23,12441,买盘
2137,11:13:11,5.4,--,26,14040,买盘
2138,11:13:08,5.4,--,78,42638,买盘
2139,11:13:02,5.4,0.01,49,26481,买盘
2140,11:12:59,5.39,--,481,259280,买盘
2141,11:12:53,5.39,-0.01,350,188779,卖盘
2142,11:12:50,5.4,0.01,2070,1117800,买盘
2143,11:12:47,5.39,--,2,1078,卖盘
2144,11:12:44,5.39,--,10,5390,卖盘
2145,11:12:41,5.39,--,20,11297,卖盘
2146,11:12:32,5.39,-0.01,23,12418,卖盘
2147,11:12:29,5.4,0.01,54,29548,买盘
2148,11:12:26,5.39,--,330,177999,卖盘
2149,11:12:17,5.39,--,16,9012,卖盘
2150,11:12:14,5.39,--,133,71708,买盘
2151,11:12:08,5.39,--,60,32339,买盘
2152,11:12:05,5.39,--,10,5390,买盘
2153,11:12:02,5.39,--,155,83566,买盘
2154,11:11:56,5.39,--,9,5346,买盘
2155,11:11:53,5.39,--,129,69552,卖盘
2156,11:11:50,5.39,-0.01,330,177870,卖盘
2157,11:11:44,5.4,0.01,338,182520,买盘
2158,11:11:41,5.39,-0.01,329,177352,卖盘
2159,11:11:38,5.4,0.01,228,123638,买盘
2160,11:11:32,5.39,--,4,2156,卖盘
2161,11:11:29,5.39,--,16,9141,卖盘
2162,11:11:26,5.39,-0.01,98,52865,卖盘
2163,11:11:23,5.4,0.01,21,11836,买盘
2164,11:11:17,5.39,--,437,235564,买盘
2165,11:11:14,5.39,--,46,24794,买盘
2166,11:11:11,5.39,--,316,170841,买盘
2167,11:11:08,5.39,--,49,26432,买盘
2168,11:11:05,5.39,--,10,5907,买盘
2169,11:11:02,5.39,--,21,11340,买盘
2170,11:10:59,5.39,--,152,81928,买盘
2171,11:10:53,5.39,-0.01,1080,582120,卖盘
2172,11:10:50,5.4,--,1,561,买盘
2173,11:10:44,5.4,--,24,12960,买盘
2174,11:10:41,5.4,--,20,11318,买盘
2175,11:10:38,5.4,0.01,320,173318,买盘
2176,11:10:35,5.39,-0.01,37,19964,卖盘
2177,11:10:32,5.4,0.01,24,12960,买盘
2178,11:10:29,5.39,-0.01,85,45836,卖盘
2179,11:10:26,5.4,--,170,92318,买盘
2180,11:10:23,5.4,0.01,14,7560,买盘
2181,11:10:20,5.39,--,0,517,卖盘
2182,11:10:17,5.39,--,39,21042,卖盘
2183,11:10:14,5.39,--,43,23198,卖盘
2184,11:10:11,5.39,--,9,5346,卖盘
2185,11:10:08,5.39,--,20,10780,卖盘
2186,11:10:05,5.39,--,332,178948,卖盘
2187,11:10:02,5.39,--,60,32339,卖盘
2188,11:09:59,5.39,--,20,10780,卖盘
2189,11:09:56,5.39,--,91,49070,买盘
2190,11:09:53,5.39,--,132,71148,买盘
2191,11:09:50,5.39,--,335,180586,买盘
2192,11:09:44,5.39,--,4,2673,买盘
2193,11:09:41,5.39,--,68,36652,买盘
2194,11:09:35,5.39,--,80,43120,买盘
2195,11:09:32,5.39,--,72,38808,卖盘
2196,11:09:29,5.39,--,400,215600,卖盘
2197,11:09:26,5.39,-0.01,56,30184,卖盘
2198,11:09:23,5.4,0.01,10,5400,买盘
2199,11:09:17,5.39,--,70,37730,卖盘
2200,11:09:14,5.39,-0.01,24,12936,卖盘
2201,11:09:11,5.4,0.01,204,110160,买盘
2202,11:09:08,5.39,0.01,206,111034,买盘
2203,11:09:05,5.38,-0.01,140,75320,卖盘
2204,11:09:02,5.39,--,14,7546,买盘
2205,11:08:59,5.39,--,27,14574,买盘
2206,11:08:56,5.39,--,225,121770,卖盘
2207,11:08:53,5.39,--,406,218877,买盘
2208,11:08:50,5.39,0.01,32,17248,买盘
2209,11:08:47,5.38,-0.01,93,50528,卖盘
2210,11:08:44,5.39,--,9,4872,买盘
2211,11:08:41,5.39,--,14,8063,买盘
2212,11:08:38,5.39,--,23,12418,买盘
2213,11:08:35,5.39,--,11,5950,买盘
2214,11:08:32,5.39,--,22,12375,卖盘
2215,11:08:26,5.39,--,25,13496,卖盘
2216,11:08:23,5.39,-0.01,1,1034,卖盘
2217,11:08:20,5.4,0.01,35,18921,买盘
2218,11:08:17,5.39,--,160,86240,卖盘
2219,11:08:14,5.39,-0.01,4,2673,卖盘
2220,11:08:11,5.4,0.01,148,79920,买盘
2221,11:08:08,5.39,--,100,53900,买盘
2222,11:08:05,5.39,--,81,43680,买盘
2223,11:08:02,5.39,--,234,126643,买盘
2224,11:07:59,5.39,-0.01,66,35617,卖盘
2225,11:07:56,5.4,0.02,118,64238,买盘
2226,11:07:53,5.38,-0.01,868,466984,卖盘
2227,11:07:50,5.39,--,16,8624,卖盘
2228,11:07:47,5.39,--,30,16169,卖盘
2229,11:07:44,5.39,0.01,126,67914,买盘
2230,11:07:41,5.38,-0.01,326,175904,卖盘
2231,11:07:38,5.39,--,72,38808,买盘
2232,11:07:35,5.39,--,115,62006,卖盘
2233,11:07:32,5.39,--,10,5390,卖盘
2234,11:07:29,5.39,--,190,102410,买盘
2235,11:07:26,5.39,--,36,19404,买盘
2236,11:07:23,5.39,--,138,74382,买盘
2237,11:07:20,5.39,--,66,36091,买盘
2238,11:07:14,5.39,--,18,9745,买盘
2239,11:07:11,5.39,--,97,52778,买盘
2240,11:07:05,5.39,--,18,9745,买盘
2241,11:07:02,5.39,-0.01,660,356171,卖盘
2242,11:06:59,5.4,0.01,14,7560,买盘
2243,11:06:53,5.39,--,520,280280,卖盘
2244,11:06:50,5.39,-0.01,20,10780,卖盘
2245,11:06:47,5.4,0.01,26,14040,买盘
2246,11:06:44,5.39,-0.01,576,310464,卖盘
2247,11:06:41,5.4,0.01,6,3240,买盘
2248,11:06:38,5.39,-0.01,69,37212,卖盘
2249,11:06:35,5.4,--,28,15120,买盘
2250,11:06:32,5.4,--,152,82598,买盘
2251,11:06:29,5.4,0.01,11,5961,买盘
2252,11:06:26,5.39,-0.01,162,87318,卖盘
2253,11:06:23,5.4,--,24,13478,买盘
2254,11:06:20,5.4,--,71,38361,买盘
2255,11:06:17,5.4,--,30,16718,买盘
2256,11:06:08,5.4,--,12,6480,买盘
2257,11:06:05,5.4,--,32,17280,买盘
2258,11:06:02,5.4,--,12,6480,买盘
2259,11:05:59,5.4,--,74,39960,买盘
2260,11:05:56,5.4,0.01,10,5400,买盘
2261,11:05:53,5.39,-0.01,29,15652,卖盘
2262,11:05:50,5.4,--,38,20520,买盘
2263,11:05:47,5.4,-0.01,287,155088,卖盘
2264,11:05:44,5.41,0.01,42,23154,买盘
2265,11:05:41,5.4,--,56,30240,买盘
2266,11:05:38,5.4,--,38,20520,买盘
2267,11:05:35,5.4,--,70,38318,买盘
2268,11:05:29,5.4,-0.01,463,250171,卖盘
2269,11:05:23,5.41,0.01,27,14628,买盘
2270,11:05:20,5.4,-0.01,8,4320,卖盘
2271,11:05:17,5.41,0.01,1,1038,买盘
2272,11:05:14,5.4,--,10,5443,卖盘
2273,11:05:11,5.4,-0.01,40,21600,卖盘
2274,11:05:08,5.41,0.01,110,60029,买盘
2275,11:05:05,5.4,--,68,37108,买盘
2276,11:04:59,5.4,--,24,12960,买盘
2277,11:04:56,5.4,--,72,38880,买盘
2278,11:04:53,5.4,--,37,20001,买盘
2279,11:04:50,5.4,--,62,33480,买盘
2280,11:04:47,5.4,-0.01,141,76291,卖盘
2281,11:04:44,5.41,--,37,20514,买盘
2282,11:04:41,5.41,--,250,135293,买盘
2283,11:04:38,5.41,0.01,20,11339,买盘
2284,11:04:35,5.4,--,330,178200,卖盘
2285,11:04:29,5.4,-0.01,161,86961,卖盘
2286,11:04:26,5.41,0.01,56,30296,买盘
2287,11:04:23,5.4,--,58,31838,卖盘
2288,11:04:20,5.4,--,408,220708,买盘
2289,11:04:17,5.4,--,35,18921,买盘
2290,11:04:14,5.4,--,26,14558,买盘
2291,11:04:11,5.4,--,193,104241,卖盘
2292,11:04:08,5.4,--,4,2160,卖盘
2293,11:04:05,5.4,--,12,6998,卖盘
2294,11:04:02,5.4,0.01,23,12441,中性盘
2295,11:03:59,5.39,--,81,43723,卖盘
2296,11:03:56,5.39,-0.01,36,19404,卖盘
2297,11:03:50,5.4,--,12,6480,买盘
2298,11:03:47,5.4,--,468,253238,买盘
2299,11:03:44,5.4,0.01,175,94521,买盘
2300,11:03:38,5.39,-0.01,172,92708,卖盘
2301,11:03:35,5.4,--,40,22118,买盘
2302,11:03:32,5.4,0.01,12,6480,买盘
2303,11:03:29,5.39,-0.01,27,14574,卖盘
2304,11:03:23,5.4,--,20,10800,买盘
2305,11:03:20,5.4,--,252,136080,买盘
2306,11:03:17,5.4,0.01,336,181958,买盘
2307,11:03:14,5.39,--,31,16730,卖盘
2308,11:03:11,5.39,--,7,3794,中性盘
2309,11:03:08,5.39,--,80,43637,卖盘
2310,11:03:05,5.39,--,200,107800,买盘
2311,11:03:02,5.39,0.01,258,139062,买盘
2312,11:02:59,5.38,--,150,80700,卖盘
2313,11:02:56,5.38,--,364,196348,卖盘
2314,11:02:50,5.38,--,12,6456,卖盘
2315,11:02:47,5.38,-0.01,11,5939,卖盘
2316,11:02:41,5.39,0.01,119,64162,买盘
2317,11:02:38,5.38,--,596,320648,买盘
2318,11:02:35,5.38,--,140,75320,买盘
2319,11:02:32,5.38,0.01,144,77988,买盘
2320,11:02:29,5.37,-0.01,260,139620,卖盘
2321,11:02:26,5.38,--,104,56468,卖盘
2322,11:02:23,5.38,0.01,322,173752,买盘
2323,11:02:20,5.37,-0.01,62,33294,卖盘
2324,11:02:17,5.38,0.01,240,129120,买盘
2325,11:02:14,5.37,-0.01,294,157878,卖盘
2326,11:02:08,5.38,--,573,308295,卖盘
2327,11:02:05,5.38,--,48,25824,卖盘
2328,11:02:02,5.38,--,661,356112,卖盘
2329,11:01:59,5.38,--,80,43040,卖盘
2330,11:01:56,5.38,--,25,13471,卖盘
2331,11:01:53,5.38,-0.01,326,175388,卖盘
2332,11:01:50,5.39,--,58,31261,买盘
2333,11:01:47,5.39,--,40,22077,买盘
2334,11:01:44,5.39,--,1125,606396,卖盘
2335,11:01:41,5.39,--,18,9702,卖盘
2336,11:01:38,5.39,0.01,156,84601,买盘
2337,11:01:32,5.38,-0.01,390,209820,卖盘
2338,11:01:29,5.39,--,60,32339,买盘
2339,11:01:26,5.39,--,190,102410,买盘
2340,11:01:23,5.39,--,127,68474,买盘
2341,11:01:20,5.39,-0.01,1212,653268,卖盘
2342,11:01:17,5.4,--,16,8640,买盘
2343,11:01:14,5.4,-0.01,588,317520,卖盘
2344,11:01:11,5.41,--,342,185541,买盘
2345,11:01:08,5.41,--,1,562,买盘
2346,11:01:05,5.41,0.01,172,93571,买盘
2347,11:01:02,5.4,--,73,39441,卖盘
2348,11:00:59,5.4,-0.01,110,59918,卖盘
2349,11:00:56,5.41,0.01,30,16230,买盘
2350,11:00:53,5.4,--,136,73440,卖盘
2351,11:00:50,5.4,--,332,179280,卖盘
2352,11:00:47,5.4,--,176,95040,卖盘
2353,11:00:44,5.4,-0.01,73,39441,卖盘
2354,11:00:41,5.41,0.01,2,1082,中性盘
2355,11:00:38,5.4,--,102,55080,卖盘
2356,11:00:35,5.4,--,10,5918,卖盘
2357,11:00:32,5.4,-0.02,55,29721,卖盘
2358,11:00:29,5.42,--,116,63392,买盘
2359,11:00:26,5.42,--,3,1647,买盘
2360,11:00:20,5.42,--,10,5420,买盘
2361,11:00:17,5.42,--,4,2168,卖盘
2362,11:00:14,5.42,--,10050,5447620,卖盘
2363,11:00:07,5.42,-0.01,2015,1092151,卖盘
2364,11:00:04,5.43,--,0,521,买盘
2365,11:00:01,5.43,--,60,32580,买盘
2366,10:59:58,5.43,--,80,43440,买盘
2367,10:59:55,5.43,0.01,47,25542,买盘
2368,10:59:52,5.42,-0.01,120,65560,卖盘
2369,10:59:49,5.43,--,331,179754,买盘
2370,10:59:46,5.43,--,38,20634,买盘
2371,10:59:43,5.43,--,4,2693,买盘
2372,10:59:40,5.43,--,15,8166,买盘
2373,10:59:37,5.43,--,14,7602,买盘
2374,10:59:34,5.43,--,123,67245,卖盘
2375,10:59:31,5.43,--,209,113508,卖盘
2376,10:59:28,5.43,--,112,61337,卖盘
2377,10:59:25,5.43,-0.01,577,313332,卖盘
2378,10:59:19,5.44,--,180,97920,买盘
2379,10:59:16,5.44,--,30,16842,买盘
2380,10:59:10,5.44,--,10,5440,买盘
2381,10:59:07,5.44,0.01,21,11445,买盘
2382,10:59:04,5.43,-0.01,72,39096,卖盘
2383,10:59:01,5.44,0.01,140,76160,买盘
2384,10:58:58,5.43,--,10,5951,卖盘
2385,10:58:55,5.43,--,222,120546,卖盘
2386,10:58:52,5.43,--,328,178104,卖盘
2387,10:58:49,5.43,--,29,15768,卖盘
2388,10:58:43,5.43,--,32,17897,卖盘
2389,10:58:40,5.43,-0.01,216,117288,卖盘
2390,10:58:37,5.44,--,11,6005,买盘
2391,10:58:34,5.44,--,22,11968,买盘
2392,10:58:31,5.44,--,0,522,买盘
2393,10:58:28,5.44,--,12,6528,买盘
2394,10:58:25,5.44,--,65,35381,买盘
2395,10:58:19,5.44,--,16,8704,买盘
2396,10:58:16,5.44,0.01,2,1088,买盘
2397,10:58:13,5.43,--,28,15725,卖盘
2398,10:58:10,5.43,-0.01,23,12510,卖盘
2399,10:58:04,5.44,--,472,256768,买盘
2400,10:58:01,5.44,--,2,1610,买盘
2401,10:57:58,5.44,--,2,1088,买盘
2402,10:57:55,5.44,0.01,30,16320,买盘
2403,10:57:52,5.43,-0.01,49,26628,卖盘
2404,10:57:49,5.44,0.01,34,18496,买盘
2405,10:57:46,5.43,-0.01,300,163421,卖盘
2406,10:57:40,5.44,--,52,28288,买盘
2407,10:57:37,5.44,0.01,4,2176,买盘
2408,10:57:34,5.43,-0.01,11,5994,卖盘
2409,10:57:31,5.44,0.01,20,11402,买盘
2410,10:57:28,5.43,--,100,54300,卖盘
2411,10:57:25,5.43,-0.01,58,31494,卖盘
2412,10:57:19,5.44,--,5,2741,买盘
2413,10:57:16,5.44,--,2,1088,买盘
2414,10:57:13,5.44,--,14,8138,买盘
2415,10:57:10,5.44,--,14,7616,买盘
2416,10:57:04,5.44,--,2,1088,买盘
2417,10:57:01,5.44,--,2,1088,买盘
2418,10:56:55,5.44,0.01,10,5440,买盘
2419,10:56:49,5.43,--,74,40182,卖盘
2420,10:56:49,5.43,-0.01,6,3258,卖盘
2421,10:56:46,5.44,--,138,75072,买盘
2422,10:56:43,5.44,0.01,3,1653,买盘
2423,10:56:40,5.43,--,174,94482,卖盘
2424,10:56:37,5.43,-0.01,4,2693,卖盘
2425,10:56:34,5.44,--,22,11968,买盘
2426,10:56:31,5.44,0.01,104,56576,买盘
2427,10:56:28,5.43,--,70,38010,卖盘
2428,10:56:25,5.43,--,6,3258,卖盘
2429,10:56:19,5.43,-0.01,139,75498,卖盘
2430,10:56:16,5.44,--,6,3264,买盘
2431,10:56:13,5.44,0.01,14,8138,买盘
2432,10:56:10,5.43,-0.01,2,1086,卖盘
2433,10:56:07,5.44,--,18,9792,买盘
2434,10:56:04,5.44,0.01,40,21760,买盘
2435,10:56:01,5.43,-0.01,52,28236,卖盘
2436,10:55:58,5.44,0.01,16,8704,买盘
2437,10:55:55,5.43,-0.01,73,39660,卖盘
2438,10:55:52,5.44,0.01,30,16842,买盘
2439,10:55:49,5.43,-0.01,1,564,卖盘
2440,10:55:43,5.44,0.01,18,9792,买盘
2441,10:55:37,5.43,--,106,58079,卖盘
2442,10:55:34,5.43,--,70,38010,卖盘
2443,10:55:31,5.43,--,58,31494,卖盘
2444,10:55:28,5.43,--,160,86880,卖盘
2445,10:55:25,5.43,-0.01,20,10860,卖盘
2446,10:55:22,5.44,0.01,49,26677,买盘
2447,10:55:19,5.43,-0.01,26,14118,卖盘
2448,10:55:16,5.44,--,78,42432,买盘
2449,10:55:13,5.44,--,8,4352,买盘
2450,10:55:10,5.44,--,250,136000,买盘
2451,10:55:07,5.44,0.01,30,16842,买盘
2452,10:55:04,5.43,-0.01,51,27714,卖盘
2453,10:55:01,5.44,--,50,27722,买盘
2454,10:54:58,5.44,0.01,80,43520,买盘
2455,10:54:55,5.43,--,2,1086,卖盘
2456,10:54:52,5.43,--,35,19026,卖盘
2457,10:54:49,5.43,-0.01,10,5951,卖盘
2458,10:54:46,5.44,--,5,2741,买盘
2459,10:54:43,5.44,0.01,26,14666,买盘
2460,10:54:40,5.43,-0.01,25,13596,卖盘
2461,10:54:34,5.44,0.01,106,57664,买盘
2462,10:54:31,5.43,-0.01,50,27150,卖盘
2463,10:54:22,5.44,0.01,74,40256,买盘
2464,10:54:19,5.43,-0.01,98,53735,卖盘
2465,10:54:16,5.44,0.01,97,52789,买盘
2466,10:54:13,5.43,-0.01,2,1607,卖盘
2467,10:54:10,5.44,--,10,5440,买盘
2468,10:54:07,5.44,0.01,43,23413,买盘
2469,10:54:04,5.43,--,214,116723,卖盘
2470,10:54:01,5.43,-0.01,212,115116,卖盘
2471,10:53:58,5.44,--,12,6528,买盘
2472,10:53:55,5.44,--,330,179520,买盘
2473,10:53:52,5.44,0.01,82,44608,买盘
2474,10:53:49,5.43,-0.01,40,21720,卖盘
2475,10:53:46,5.44,--,42,22848,买盘
2476,10:53:43,5.44,--,93,50613,买盘
2477,10:53:40,5.44,--,38,21194,买盘
2478,10:53:34,5.44,--,31,16885,买盘
2479,10:53:31,5.44,--,8,4352,买盘
2480,10:53:25,5.44,--,212,115850,卖盘
2481,10:53:22,5.44,--,26,14144,卖盘
2482,10:53:19,5.44,--,64,34816,买盘
2483,10:53:16,5.44,--,32,17408,买盘
2484,10:53:13,5.44,--,11,6005,买盘
2485,10:53:10,5.44,--,46,25546,买盘
2486,10:53:04,5.44,-0.01,207,112629,卖盘
2487,10:52:58,5.45,0.01,20,10900,买盘
2488,10:52:55,5.44,--,28,15232,买盘
2489,10:52:49,5.44,0.01,12,7050,买盘
2490,10:52:46,5.43,-0.01,654,355122,卖盘
2491,10:52:43,5.44,--,82,44608,卖盘
2492,10:52:40,5.44,--,5,2741,卖盘
2493,10:52:37,5.44,--,190,103882,买盘
2494,10:52:34,5.44,0.01,60,32640,买盘
2495,10:52:31,5.43,-0.01,101,54864,卖盘
2496,10:52:28,5.44,--,190,103882,买盘
2497,10:52:25,5.44,--,148,80512,买盘
2498,10:52:22,5.44,--,20,10880,买盘
2499,10:52:13,5.44,--,31,16885,买盘
2500,10:52:10,5.44,--,22,11968,买盘
2501,10:52:07,5.44,0.01,82,44608,买盘
2502,10:52:04,5.43,-0.01,94,51085,卖盘
2503,10:52:01,5.44,--,47,25589,买盘
2504,10:51:55,5.44,--,128,70154,买盘
2505,10:51:52,5.44,0.01,10,5440,买盘
2506,10:51:49,5.43,-0.01,155,84186,卖盘
2507,10:51:46,5.44,--,234,127296,买盘
2508,10:51:40,5.44,--,20,10880,买盘
2509,10:51:37,5.44,--,102,56010,买盘
2510,10:51:31,5.44,--,6,3264,买盘
2511,10:51:28,5.44,--,36,19584,买盘
2512,10:51:25,5.44,--,72,39168,买盘
2513,10:51:22,5.44,--,15,8181,买盘
2514,10:51:19,5.44,--,120,65802,卖盘
2515,10:51:10,5.44,--,20,10880,卖盘
2516,10:51:04,5.44,--,74,40256,买盘
2517,10:51:01,5.44,--,4,2176,买盘
2518,10:50:58,5.44,0.01,2,1088,买盘
2519,10:50:55,5.43,-0.01,204,110772,卖盘
2520,10:50:52,5.44,0.01,4,2176,买盘
2521,10:50:49,5.43,-0.01,172,93396,卖盘
2522,10:50:46,5.44,--,48,26112,买盘
2523,10:50:43,5.44,--,78,42432,买盘
2524,10:50:40,5.44,--,60,32640,买盘
2525,10:50:37,5.44,--,272,147968,买盘
2526,10:50:34,5.44,--,12,6528,买盘
2527,10:50:31,5.44,--,63,34293,买盘
2528,10:50:28,5.44,--,0,522,买盘
2529,10:50:25,5.44,--,5,2741,买盘
2530,10:50:22,5.44,--,378,205632,买盘
2531,10:50:19,5.44,--,68,37514,买盘
2532,10:50:13,5.44,0.01,15,8181,买盘
2533,10:50:10,5.43,-0.01,42,22806,卖盘
2534,10:50:07,5.44,--,24,13578,买盘
2535,10:50:04,5.44,0.01,62,33728,买盘
2536,10:49:58,5.43,-0.01,128,69504,卖盘
2537,10:49:55,5.44,--,175,95221,买盘
2538,10:49:52,5.44,0.01,48,26112,买盘
2539,10:49:46,5.43,-0.01,88,47784,卖盘
2540,10:49:43,5.44,--,376,205066,买盘
2541,10:49:40,5.44,--,797,433589,买盘
2542,10:49:37,5.44,--,16,8704,买盘
2543,10:49:34,5.44,--,58,32074,买盘
2544,10:49:31,5.44,--,51,27765,买盘
2545,10:49:25,5.44,--,50,27722,买盘
2546,10:49:22,5.44,--,12,6528,买盘
2547,10:49:19,5.44,--,12,6528,买盘
2548,10:49:16,5.44,0.01,110,59840,买盘
2549,10:49:13,5.43,-0.01,140,76020,卖盘
2550,10:49:10,5.44,--,120,65280,买盘
2551,10:49:07,5.44,--,18,9792,买盘
2552,10:49:04,5.44,0.01,147,79989,买盘
2553,10:49:01,5.43,-0.01,54,29322,卖盘
2554,10:48:58,5.44,--,58,32074,卖盘
2555,10:48:52,5.44,--,643,349813,买盘
2556,10:48:46,5.44,--,44,23936,买盘
2557,10:48:43,5.44,--,78,42954,买盘
2558,10:48:40,5.44,--,2,1088,买盘
2559,10:48:37,5.44,--,38,20672,买盘
2560,10:48:34,5.44,0.01,131,71285,买盘
2561,10:48:31,5.43,-0.01,32,17897,卖盘
2562,10:48:28,5.44,0.01,20,10880,买盘
2563,10:48:25,5.43,--,131,71154,卖盘
2564,10:48:19,5.43,--,128,70025,卖盘
2565,10:48:13,5.43,-0.01,5,2736,卖盘
2566,10:48:10,5.44,--,32,17930,买盘
2567,10:48:04,5.44,0.01,38,20672,买盘
2568,10:48:01,5.43,-0.01,16,8688,卖盘
2569,10:47:58,5.44,0.01,9,4917,买盘
2570,10:47:52,5.43,-0.01,98,53735,卖盘
2571,10:47:49,5.44,--,45,24501,买盘
2572,10:47:46,5.44,--,44,23936,买盘
2573,10:47:40,5.44,--,316,171904,买盘
2574,10:47:37,5.44,--,266,144704,买盘
2575,10:47:34,5.44,--,1500,816261,卖盘
2576,10:47:31,5.44,-0.01,397,215989,卖盘
2577,10:47:28,5.45,--,8,4883,买盘
2578,10:47:25,5.45,--,524,285580,买盘
2579,10:47:22,5.45,--,11,6016,买盘
2580,10:47:19,5.45,--,192,104640,买盘
2581,10:47:16,5.45,--,1,1046,买盘
2582,10:47:10,5.45,--,20,10900,买盘
2583,10:47:07,5.45,--,50,27293,买盘
2584,10:47:04,5.45,--,222,121513,买盘
2585,10:47:01,5.45,--,36,19620,买盘
2586,10:46:58,5.45,--,16,8720,买盘
2587,10:46:55,5.45,--,1,566,买盘
2588,10:46:52,5.45,--,20,11423,买盘
2589,10:46:49,5.45,--,210,114450,买盘
2590,10:46:46,5.45,0.01,38,21233,买盘
2591,10:46:43,5.44,-0.01,28,15232,卖盘
2592,10:46:40,5.45,--,180,98100,买盘
2593,10:46:34,5.45,--,32,17440,买盘
2594,10:46:31,5.45,--,12,6540,买盘
2595,10:46:28,5.45,--,31,16916,买盘
2596,10:46:25,5.45,--,0,523,买盘
2597,10:46:22,5.45,--,119,64876,买盘
2598,10:46:16,5.45,--,67,36536,买盘
2599,10:46:13,5.45,--,10,5973,买盘
2600,10:46:10,5.45,-0.01,9,4926,中性盘
2601,10:46:01,5.46,--,1124,613704,买盘
2602,10:45:58,5.46,0.01,28,15288,买盘
2603,10:45:55,5.45,--,16,8720,卖盘
2604,10:45:52,5.45,--,8,4360,卖盘
2605,10:45:49,5.45,-0.01,9,5406,卖盘
2606,10:45:46,5.46,--,23,12579,买盘
2607,10:45:43,5.46,--,212,115752,买盘
2608,10:45:40,5.46,--,15,8211,买盘
2609,10:45:37,5.46,--,57,31624,买盘
2610,10:45:34,5.46,0.01,76,41496,买盘
2611,10:45:31,5.45,-0.01,21,11466,卖盘
2612,10:45:28,5.46,--,90,49140,买盘
2613,10:45:22,5.46,--,8,4368,买盘
2614,10:45:19,5.46,--,10,5460,买盘
2615,10:45:16,5.46,0.01,102,55692,买盘
2616,10:45:10,5.45,-0.01,10,5450,卖盘
2617,10:45:07,5.46,--,290,158340,买盘
2618,10:45:01,5.46,0.01,23,12579,买盘
2619,10:44:58,5.45,-0.01,214,117153,卖盘
2620,10:44:55,5.46,--,6,3800,买盘
2621,10:44:49,5.46,--,22,12055,买盘
2622,10:44:46,5.46,--,116,63860,买盘
2623,10:44:43,5.46,--,92,50232,买盘
2624,10:44:40,5.46,--,112,61152,买盘
2625,10:44:37,5.46,--,55,30051,买盘
2626,10:44:34,5.46,--,109,60016,买盘
2627,10:44:31,5.46,0.01,80,43680,买盘
2628,10:44:28,5.45,-0.01,45,24546,卖盘
2629,10:44:25,5.46,--,596,325416,买盘
2630,10:44:22,5.46,0.01,18,10352,买盘
2631,10:44:19,5.45,-0.01,569,310126,卖盘
2632,10:44:13,5.46,--,49,26775,买盘
2633,10:44:10,5.46,0.01,93,51280,买盘
2634,10:44:07,5.45,-0.01,83,45256,卖盘
2635,10:43:58,5.46,--,4,2184,买盘
2636,10:43:55,5.46,--,68,37128,买盘
2637,10:43:52,5.46,--,135,73731,买盘
2638,10:43:49,5.46,--,2,1616,买盘
2639,10:43:46,5.46,--,72,39312,买盘
2640,10:43:43,5.46,--,2,1092,买盘
2641,10:43:40,5.46,--,110,60060,买盘
2642,10:43:37,5.46,--,28,15288,买盘
2643,10:43:34,5.46,--,45,24591,买盘
2644,10:43:28,5.46,--,101,55648,买盘
2645,10:43:25,5.46,0.01,30,16423,买盘
2646,10:43:22,5.45,-0.01,69,38106,卖盘
2647,10:43:19,5.46,--,15,8211,买盘
2648,10:43:16,5.46,--,0,524,买盘
2649,10:43:13,5.46,--,67,36603,买盘
2650,10:43:10,5.46,--,104,57308,买盘
2651,10:43:04,5.46,--,217,118503,卖盘
2652,10:43:01,5.46,--,10,5460,买盘
2653,10:42:58,5.46,--,30,16380,买盘
2654,10:42:55,5.46,--,306,167600,卖盘
2655,10:42:52,5.46,--,10,5503,卖盘
2656,10:42:43,5.46,--,126,69320,买盘
2657,10:42:40,5.46,--,10,5984,买盘
2658,10:42:37,5.46,--,16,8736,买盘
2659,10:42:34,5.46,0.01,243,132699,买盘
2660,10:42:31,5.45,-0.01,3,1656,卖盘
2661,10:42:28,5.46,--,12,6552,买盘
2662,10:42:25,5.46,--,20,11444,买盘
2663,10:42:22,5.46,0.01,23,12579,买盘
2664,10:42:19,5.45,--,24,13080,卖盘
2665,10:42:16,5.45,-0.01,78,43033,卖盘
2666,10:42:13,5.46,--,278,151788,买盘
2667,10:42:07,5.46,0.01,127,69363,买盘
2668,10:42:04,5.45,-0.01,72,39763,卖盘
2669,10:41:58,5.46,--,84,45864,买盘
2670,10:41:55,5.46,--,232,127196,买盘
2671,10:41:52,5.46,0.01,166,90679,买盘
2672,10:41:49,5.45,-0.01,189,103506,卖盘
2673,10:41:46,5.46,--,7,3843,买盘
2674,10:41:43,5.46,0.01,111,60627,买盘
2675,10:41:37,5.45,-0.01,225,123126,卖盘
2676,10:41:34,5.46,--,31,16947,买盘
2677,10:41:31,5.46,--,74,40404,买盘
2678,10:41:28,5.46,--,10,5984,买盘
2679,10:41:22,5.46,0.01,27,14763,买盘
2680,10:41:16,5.45,--,406,221270,卖盘
2681,10:41:10,5.45,-0.01,24,13080,卖盘
2682,10:41:07,5.46,0.01,2,1616,买盘
2683,10:41:04,5.45,-0.01,100,54500,卖盘
2684,10:41:01,5.46,0.01,113,61719,买盘
2685,10:40:58,5.45,0.01,46,25070,中性盘
2686,10:40:55,5.44,-0.01,235,127861,卖盘
2687,10:40:52,5.45,-0.01,125,68626,卖盘
2688,10:40:46,5.46,0.01,12,6552,买盘
2689,10:40:43,5.45,0.01,44,24285,买盘
2690,10:40:39,5.44,-0.01,20,10880,卖盘
2691,10:40:36,5.45,--,32,17701,卖盘
2692,10:40:33,5.45,--,25,13908,买盘
2693,10:40:30,5.45,--,12,7063,买盘
2694,10:40:27,5.45,--,257,140086,买盘
2695,10:40:24,5.45,--,258,140871,卖盘
2696,10:40:18,5.45,--,366,199731,买盘
2697,10:40:15,5.45,--,44,23980,买盘
2698,10:40:12,5.45,--,172,93740,买盘
2699,10:40:09,5.45,0.01,160,87200,买盘
2700,10:40:06,5.44,-0.01,179,97397,卖盘
2701,10:40:03,5.45,--,752,409840,买盘
2702,10:40:00,5.45,--,70,38150,买盘
2703,10:39:57,5.45,0.01,220,120423,买盘
2704,10:39:54,5.44,-0.01,114,62016,卖盘
2705,10:39:48,5.45,0.01,39,21276,买盘
2706,10:39:45,5.44,--,462,251850,卖盘
2707,10:39:42,5.44,--,136,73984,卖盘
2708,10:39:36,5.44,--,24,13056,卖盘
2709,10:39:33,5.44,-0.01,1067,580469,卖盘
2710,10:39:30,5.45,--,8,4360,买盘
2711,10:39:27,5.45,--,0,523,买盘
2712,10:39:24,5.45,--,7,3836,买盘
2713,10:39:21,5.45,--,22,12513,买盘
2714,10:39:18,5.45,0.01,40,21800,买盘
2715,10:39:15,5.44,--,115,62581,买盘
2716,10:39:12,5.44,--,54,29898,买盘
2717,10:39:09,5.44,-0.01,13,7093,买盘
2718,10:39:06,5.45,--,16,8720,买盘
2719,10:39:03,5.45,0.01,125,68408,买盘
2720,10:39:00,5.44,--,20,10880,卖盘
2721,10:38:57,5.44,--,52,28288,卖盘
2722,10:38:54,5.44,--,29,16276,卖盘
2723,10:38:51,5.44,--,2,1131,卖盘
2724,10:38:48,5.44,--,70,38602,卖盘
2725,10:38:45,5.44,--,257,140090,买盘
2726,10:38:42,5.44,--,220,119680,买盘
2727,10:38:36,5.44,--,232,126730,买盘
2728,10:38:33,5.44,--,11,6005,买盘
2729,10:38:27,5.44,--,28,15232,买盘
2730,10:38:24,5.44,-0.01,610,332101,卖盘
2731,10:38:21,5.45,0.01,312,170040,买盘
2732,10:38:18,5.44,--,6,3786,卖盘
2733,10:38:12,5.44,-0.01,1396,759424,卖盘
2734,10:38:09,5.45,--,49,26726,买盘
2735,10:38:03,5.45,--,53,28906,买盘
2736,10:38:00,5.45,0.01,8,4883,买盘
2737,10:37:57,5.44,-0.01,40,21760,卖盘
2738,10:37:54,5.45,0.01,16,8720,买盘
2739,10:37:51,5.44,-0.01,422,229568,卖盘
2740,10:37:48,5.45,--,14,7630,买盘
2741,10:37:45,5.45,--,302,164590,买盘
2742,10:37:42,5.45,--,20,10900,买盘
2743,10:37:39,5.45,--,212,115540,买盘
2744,10:37:36,5.45,--,50,27773,买盘
2745,10:37:33,5.45,--,12,6540,买盘
2746,10:37:30,5.45,--,8,4360,买盘
2747,10:37:27,5.45,--,75,40896,买盘
2748,10:37:24,5.45,--,12,7063,买盘
2749,10:37:18,5.45,--,19,10376,买盘
2750,10:37:15,5.45,--,35,19096,买盘
2751,10:37:12,5.45,--,49,27206,买盘
2752,10:37:09,5.45,-0.01,2462,1341833,卖盘
2753,10:37:06,5.46,--,4,2184,买盘
2754,10:37:03,5.46,--,12,6552,买盘
2755,10:37:00,5.46,--,40,21840,卖盘
2756,10:36:57,5.46,-0.01,40,22364,卖盘
2757,10:36:51,5.47,--,207,113250,买盘
2758,10:36:48,5.47,0.01,4,2713,买盘
2759,10:36:45,5.46,--,180,98280,买盘
2760,10:36:42,5.46,0.01,30,16380,买盘
2761,10:36:39,5.45,-0.01,62,33790,卖盘
2762,10:36:36,5.46,0.01,216,117936,买盘
2763,10:36:33,5.45,-0.01,110,59950,卖盘
2764,10:36:30,5.46,--,306,167600,卖盘
2765,10:36:27,5.46,--,8,4368,卖盘
2766,10:36:21,5.46,--,20,10920,买盘
2767,10:36:18,5.46,--,156,85176,买盘
2768,10:36:15,5.46,--,42,22975,买盘
2769,10:36:09,5.46,--,53,29440,买盘
2770,10:36:06,5.46,--,96,52416,买盘
2771,10:36:03,5.46,--,101,55167,买盘
2772,10:35:57,5.46,--,20,10920,卖盘
2773,10:35:54,5.46,-0.01,157,85743,卖盘
2774,10:35:51,5.47,--,40,21880,买盘
2775,10:35:48,5.47,--,18,10371,买盘
2776,10:35:45,5.47,--,242,132374,买盘
2777,10:35:39,5.47,--,64,35008,买盘
2778,10:35:36,5.47,0.01,52,28444,买盘
2779,10:35:33,5.46,--,2002,1093092,买盘
2780,10:35:27,5.46,0.01,10,5984,买盘
2781,10:35:24,5.45,-0.01,81,44166,卖盘
2782,10:35:21,5.46,-0.01,21,11487,卖盘
2783,10:35:18,5.47,--,6,3807,买盘
2784,10:35:15,5.47,--,38,20786,买盘
2785,10:35:12,5.47,0.01,220,120865,买盘
2786,10:35:09,5.46,-0.01,236,128856,卖盘
2787,10:35:00,5.47,0.01,1036,566692,买盘
2788,10:34:57,5.46,-0.01,41,22407,卖盘
2789,10:34:54,5.47,--,266,146027,买盘
2790,10:34:51,5.47,0.01,8,4376,买盘
2791,10:34:48,5.46,-0.01,6,3319,卖盘
2792,10:34:45,5.47,--,70,38815,买盘
2793,10:34:39,5.47,--,12,6564,买盘
2794,10:34:36,5.47,--,6,3282,买盘
2795,10:34:33,5.47,--,40,21880,买盘
2796,10:34:30,5.47,--,71,38858,买盘
2797,10:34:27,5.47,--,13,7614,买盘
2798,10:34:24,5.47,--,24,13128,买盘
2799,10:34:21,5.47,--,212,115964,买盘
2800,10:34:18,5.47,--,35,19166,买盘
2801,10:34:12,5.47,--,39,21354,买盘
2802,10:34:09,5.47,--,50,27875,买盘
2803,10:34:06,5.47,--,60,32820,买盘
2804,10:34:03,5.47,--,8,4376,买盘
2805,10:34:00,5.47,-0.01,440,240680,卖盘
2806,10:33:57,5.48,--,2,1622,买盘
2807,10:33:51,5.48,0.01,121,66329,买盘
2808,10:33:48,5.47,-0.01,132,72204,卖盘
2809,10:33:45,5.48,0.01,81,44409,买盘
2810,10:33:42,5.47,-0.01,145,79818,卖盘
2811,10:33:39,5.48,--,51,27969,买盘
2812,10:33:36,5.48,0.01,30,16440,买盘
2813,10:33:30,5.47,--,6,3807,买盘
2814,10:33:27,5.47,--,34,18641,买盘
2815,10:33:24,5.47,--,5,3238,买盘
2816,10:33:21,5.47,--,84,45948,卖盘
2817,10:33:18,5.47,-0.01,57,31200,卖盘
2818,10:33:15,5.48,--,24,13152,买盘
2819,10:33:12,5.48,--,40,21920,买盘
2820,10:33:09,5.48,--,64,35072,买盘
2821,10:33:03,5.48,--,37,20297,买盘
2822,10:33:00,5.48,0.01,105,58044,买盘
2823,10:32:57,5.47,--,26,14265,卖盘
2824,10:32:51,5.47,-0.01,60,32820,卖盘
2825,10:32:42,5.48,0.01,54,30118,买盘
2826,10:32:39,5.47,-0.01,158,86951,卖盘
2827,10:32:36,5.48,0.01,80,43840,买盘
2828,10:32:33,5.47,--,15,8226,买盘
2829,10:32:30,5.47,--,20,10940,买盘
2830,10:32:27,5.47,--,232,127429,卖盘
2831,10:32:24,5.47,-0.01,267,146070,卖盘
2832,10:32:21,5.48,--,0,526,买盘
2833,10:32:18,5.48,0.01,30,16483,买盘
2834,10:32:15,5.47,-0.01,232,126904,卖盘
2835,10:32:09,5.48,0.01,101,55852,买盘
2836,10:32:06,5.47,--,6,3325,卖盘
2837,10:32:03,5.47,--,576,315597,买盘
2838,10:32:00,5.47,--,62,33914,卖盘
2839,10:31:57,5.47,-0.01,177,96840,卖盘
2840,10:31:54,5.48,0.01,1652,905822,买盘
2841,10:31:51,5.47,-0.01,60,32820,卖盘
2842,10:31:48,5.48,0.01,83,45505,买盘
2843,10:31:45,5.47,-0.01,28,15316,卖盘
2844,10:31:42,5.48,--,61,33932,买盘
2845,10:31:39,5.48,0.01,58,31827,买盘
2846,10:31:33,5.47,-0.01,9,5426,卖盘
2847,10:31:30,5.48,0.01,35,19201,买盘
2848,10:31:27,5.47,--,52,28444,卖盘
2849,10:31:21,5.47,--,92,50324,买盘
2850,10:31:18,5.47,--,32,17504,卖盘
2851,10:31:15,5.47,0.01,24,13128,买盘
2852,10:31:12,5.46,-0.01,524,286628,卖盘
2853,10:31:09,5.47,--,20,10940,买盘
2854,10:31:06,5.47,0.01,307,167950,买盘
2855,10:31:00,5.46,-0.01,40,21840,卖盘
2856,10:30:57,5.47,--,56,31157,买盘
2857,10:30:54,5.47,--,515,281726,买盘
2858,10:30:51,5.47,--,302,165194,买盘
2859,10:30:48,5.47,--,114,62883,买盘
2860,10:30:45,5.47,--,21,11508,买盘
2861,10:30:42,5.47,--,128,70016,买盘
2862,10:30:39,5.47,--,45,24636,买盘
2863,10:30:36,5.47,--,220,120340,买盘
2864,10:30:30,5.47,--,2,1619,买盘
2865,10:30:24,5.47,0.01,52,28444,买盘
2866,10:30:15,5.46,-0.01,90,49664,卖盘
2867,10:30:12,5.47,0.01,10,5513,买盘
2868,10:30:09,5.46,--,418,228752,买盘
2869,10:30:06,5.46,--,74,40404,买盘
2870,10:30:00,5.46,0.01,304,165984,买盘
2871,10:29:57,5.45,-0.01,296,161843,卖盘
2872,10:29:54,5.46,--,34,18607,买盘
2873,10:29:51,5.46,0.01,56,31100,买盘
2874,10:29:48,5.45,-0.01,20,11423,卖盘
2875,10:29:45,5.46,0.01,34,18607,买盘
2876,10:29:42,5.45,-0.01,56,30520,卖盘
2877,10:29:39,5.46,0.01,72,39312,买盘
2878,10:29:36,5.45,-0.01,36,19620,卖盘
2879,10:29:33,5.46,0.01,24,13104,买盘
2880,10:29:30,5.45,--,40,21800,买盘
2881,10:29:27,5.45,--,4,2180,买盘
2882,10:29:24,5.45,--,108,58860,买盘
2883,10:29:21,5.45,--,113,62086,卖盘
2884,10:29:15,5.45,--,7,3836,卖盘
2885,10:29:12,5.45,--,84,46303,卖盘
2886,10:29:09,5.45,--,126,68713,买盘
