,time,price,change,volume,amount,type
0,15:00:23,26.04,--,2356,6135024,买盘
1,14:57:35,26.04,--,0,0,买盘
2,14:57:02,26.04,0.01,28,72912,卖盘
3,14:56:59,26.03,-0.01,86,223858,卖盘
4,14:56:56,26.04,0.01,30,78120,买盘
5,14:56:53,26.03,--,20,52060,卖盘
6,14:56:50,26.03,-0.01,38,98914,卖盘
7,14:56:47,26.04,-0.01,59,153636,中性盘
8,14:56:44,26.05,0.01,86,224030,买盘
9,14:56:41,26.04,0.01,32,83328,买盘
10,14:56:38,26.03,--,47,122341,卖盘
11,14:56:35,26.03,-0.01,210,546630,卖盘
12,14:56:32,26.04,-0.01,65,169260,卖盘
13,14:56:29,26.05,--,56,145880,买盘
14,14:56:26,26.05,--,65,169325,买盘
15,14:56:23,26.05,--,101,263105,买盘
16,14:56:20,26.05,--,95,247475,买盘
17,14:56:17,26.05,0.01,16,41680,买盘
18,14:56:11,26.04,0.01,121,315084,中性盘
19,14:56:08,26.03,-0.01,208,541424,卖盘
20,14:56:05,26.04,-0.01,16,41664,卖盘
21,14:56:02,26.05,0.01,291,758055,买盘
22,14:55:59,26.04,-0.02,110,286440,卖盘
23,14:55:56,26.06,0.02,117,304902,买盘
24,14:55:53,26.04,-0.01,317,825468,卖盘
25,14:55:50,26.05,--,56,145880,卖盘
26,14:55:47,26.05,0.01,222,578310,买盘
27,14:55:44,26.04,-0.01,10,26040,中性盘
28,14:55:41,26.05,--,95,247475,买盘
29,14:55:38,26.05,0.01,114,296970,买盘
30,14:55:35,26.04,-0.01,19,49476,卖盘
31,14:55:32,26.05,0.01,27,70335,买盘
32,14:55:29,26.04,-0.01,110,286440,卖盘
33,14:55:26,26.05,--,11,28655,买盘
34,14:55:23,26.05,--,151,393355,买盘
35,14:55:17,26.05,--,3,7815,卖盘
36,14:55:14,26.05,-0.01,8,20840,中性盘
37,14:55:11,26.06,--,119,311677,买盘
38,14:55:08,26.06,--,43,112058,买盘
39,14:55:02,26.06,--,22,57332,买盘
40,14:54:59,26.06,--,37,96422,买盘
41,14:54:56,26.06,--,50,130300,买盘
42,14:54:53,26.06,--,60,157402,卖盘
43,14:54:47,26.06,-0.01,70,182420,卖盘
44,14:54:44,26.07,0.01,168,437976,买盘
45,14:54:41,26.06,0.01,1,2606,买盘
46,14:54:38,26.05,-0.01,113,294365,卖盘
47,14:54:32,26.06,--,47,122482,卖盘
48,14:54:29,26.06,0.01,87,226722,卖盘
49,14:54:26,26.05,--,53,138065,卖盘
50,14:54:23,26.05,--,43,112015,卖盘
51,14:54:20,26.05,--,12,31260,卖盘
52,14:54:17,26.05,--,168,437640,卖盘
53,14:54:14,26.05,0.02,334,870070,卖盘
54,14:54:08,26.03,-0.02,19,49457,卖盘
55,14:54:05,26.05,0.01,98,255290,买盘
56,14:54:02,26.04,-0.01,7,18228,卖盘
57,14:53:59,26.05,--,26,67730,买盘
58,14:53:53,26.05,0.02,108,281340,买盘
59,14:53:50,26.03,--,34,88502,卖盘
60,14:53:47,26.03,-0.01,6,15618,卖盘
61,14:53:44,26.04,0.01,31,80724,买盘
62,14:53:41,26.03,0.01,58,150974,买盘
63,14:53:38,26.02,--,62,161324,卖盘
64,14:53:35,26.02,--,75,195150,卖盘
65,14:53:32,26.02,--,9,23418,卖盘
66,14:53:29,26.02,0.02,511,1329622,买盘
67,14:53:23,26.0,0.01,79,205400,买盘
68,14:53:20,25.99,--,13,33787,卖盘
69,14:53:17,25.99,-0.01,73,189727,卖盘
70,14:53:14,26.0,0.01,48,124800,买盘
71,14:53:08,25.99,-0.01,69,179331,卖盘
72,14:53:05,26.0,0.01,46,119600,买盘
73,14:53:02,25.99,-0.01,17,44183,卖盘
74,14:52:59,26.0,--,12,31200,买盘
75,14:52:56,26.0,--,134,348400,买盘
76,14:52:53,26.0,0.01,68,176800,买盘
77,14:52:50,25.99,-0.01,16,41584,卖盘
78,14:52:44,26.0,--,47,122200,买盘
79,14:52:41,26.0,0.01,78,202800,买盘
80,14:52:38,25.99,--,17,44183,卖盘
81,14:52:35,25.99,-0.01,65,168935,卖盘
82,14:52:32,26.0,--,43,111800,买盘
83,14:52:29,26.0,0.01,38,98800,买盘
84,14:52:23,25.99,--,28,72772,卖盘
85,14:52:20,25.99,-0.01,44,114356,卖盘
86,14:52:14,26.0,--,25,65000,买盘
87,14:52:11,26.0,0.01,64,166400,买盘
88,14:52:08,25.99,--,1,2599,卖盘
89,14:52:05,25.99,0.01,2,5198,中性盘
90,14:52:02,25.98,-0.01,122,316956,卖盘
91,14:51:59,25.99,--,31,80569,买盘
92,14:51:56,25.99,--,41,106559,买盘
93,14:51:53,25.99,--,41,106559,买盘
94,14:51:50,25.99,-0.01,118,306682,卖盘
95,14:51:44,26.0,0.01,45,117000,买盘
96,14:51:41,25.99,--,9,23391,卖盘
97,14:51:35,25.99,0.01,24,62375,买盘
98,14:51:32,25.98,--,59,153282,卖盘
99,14:51:29,25.98,-0.01,49,127302,卖盘
100,14:51:23,25.99,--,43,111757,买盘
101,14:51:17,25.99,--,108,280692,买盘
102,14:51:14,25.99,--,22,57178,买盘
103,14:51:11,25.99,--,66,171534,买盘
104,14:51:08,25.99,--,101,262499,卖盘
105,14:51:05,25.99,-0.01,43,111757,卖盘
106,14:51:02,26.0,--,4,10400,买盘
107,14:50:59,26.0,--,43,111800,买盘
108,14:50:56,26.0,0.05,207,538200,买盘
109,14:50:53,25.95,-0.05,1005,2607975,卖盘
110,14:50:50,26.0,0.01,34,88400,买盘
111,14:50:47,25.99,-0.01,20,51980,卖盘
112,14:50:44,26.0,0.01,17,44200,买盘
113,14:50:41,25.99,--,93,241707,卖盘
114,14:50:38,25.99,--,71,184529,买盘
115,14:50:35,25.99,-0.01,143,371657,卖盘
116,14:50:32,26.0,0.01,76,197600,买盘
117,14:50:26,25.99,--,35,90965,卖盘
118,14:50:23,25.99,-0.01,15,38985,卖盘
119,14:50:20,26.0,--,14,36400,买盘
120,14:50:13,26.0,0.01,3,7800,买盘
121,14:50:10,25.99,--,10,25990,卖盘
122,14:50:07,25.99,--,84,218316,买盘
123,14:50:04,25.99,0.01,47,122152,买盘
124,14:50:01,25.98,-0.01,3,7794,卖盘
125,14:49:58,25.99,0.01,23,59777,买盘
126,14:49:52,25.98,--,10,25980,卖盘
127,14:49:49,25.98,-0.01,48,124704,卖盘
128,14:49:46,25.99,0.01,25,64974,买盘
129,14:49:43,25.98,0.01,22,57156,买盘
130,14:49:40,25.97,--,36,93492,卖盘
131,14:49:37,25.97,--,43,111671,卖盘
132,14:49:34,25.97,--,437,1134889,卖盘
133,14:49:28,25.97,--,10,25970,卖盘
134,14:49:25,25.97,0.01,101,264374,买盘
135,14:49:22,25.96,-0.01,139,360844,卖盘
136,14:49:13,25.97,--,13,33761,买盘
137,14:49:10,25.97,--,8,20776,买盘
138,14:49:07,25.97,--,30,77910,买盘
139,14:49:04,25.97,--,3,7791,买盘
140,14:49:01,25.97,-0.01,42,109593,卖盘
141,14:48:58,25.98,0.01,21,54558,买盘
142,14:48:52,25.97,-0.01,128,332416,卖盘
143,14:48:49,25.98,--,57,148086,卖盘
144,14:48:46,25.98,--,7,18186,卖盘
145,14:48:43,25.98,0.01,22,57156,买盘
146,14:48:40,25.97,-0.01,20,51940,卖盘
147,14:48:37,25.98,0.01,107,277986,买盘
148,14:48:34,25.97,-0.01,16,41552,卖盘
149,14:48:31,25.98,--,98,254604,买盘
150,14:48:25,25.98,0.01,7,18186,买盘
151,14:48:22,25.97,-0.01,201,521997,卖盘
152,14:48:19,25.98,--,97,252006,买盘
153,14:48:13,25.98,--,71,184458,卖盘
154,14:48:07,25.98,--,59,155360,买盘
155,14:48:04,25.98,--,10,25980,买盘
156,14:48:01,25.98,--,2,5196,买盘
157,14:47:58,25.98,--,74,192252,买盘
158,14:47:55,25.98,--,31,80538,买盘
159,14:47:52,25.98,-0.01,64,168194,卖盘
160,14:47:49,25.99,0.01,152,395048,买盘
161,14:47:46,25.98,-0.01,102,264996,卖盘
162,14:47:43,25.99,0.01,11,28589,买盘
163,14:47:40,25.98,--,20,51960,卖盘
164,14:47:37,25.98,--,49,127977,买盘
165,14:47:34,25.98,-0.01,20,51960,卖盘
166,14:47:31,25.99,0.02,25,64974,买盘
167,14:47:25,25.97,-0.03,56,145432,卖盘
168,14:47:19,26.0,0.01,3,7800,买盘
169,14:47:16,25.99,0.01,87,226113,买盘
170,14:47:10,25.98,-0.01,96,249408,卖盘
171,14:47:04,25.99,--,4,10396,卖盘
172,14:46:58,25.99,0.01,97,252102,买盘
173,14:46:55,25.98,--,2,5196,卖盘
174,14:46:52,25.98,--,52,135096,卖盘
175,14:46:49,25.98,-0.01,3,7794,卖盘
176,14:46:46,25.99,--,38,98762,买盘
177,14:46:43,25.99,--,22,57178,买盘
178,14:46:40,25.99,--,100,259899,买盘
179,14:46:37,25.99,--,18,46782,买盘
180,14:46:31,25.99,--,6,15593,买盘
181,14:46:28,25.99,--,5,12995,买盘
182,14:46:25,25.99,--,18,46782,买盘
183,14:46:22,25.99,--,292,760467,卖盘
184,14:46:19,25.99,--,120,311880,卖盘
185,14:46:16,25.99,--,13,33787,卖盘
186,14:46:13,25.99,-0.01,66,171534,卖盘
187,14:46:07,26.0,0.01,63,163800,买盘
188,14:46:04,25.99,-0.01,20,51980,卖盘
189,14:46:01,26.0,-0.01,8,20800,中性盘
190,14:45:58,26.01,0.01,75,195075,买盘
191,14:45:55,26.0,--,130,338000,卖盘
192,14:45:49,26.0,--,8,20800,卖盘
193,14:45:46,26.0,0.01,82,213200,买盘
194,14:45:40,25.99,-0.01,163,424572,卖盘
195,14:45:37,26.0,--,13,33800,买盘
196,14:45:34,26.0,--,169,439400,买盘
197,14:45:28,26.0,--,126,327600,买盘
198,14:45:25,26.0,--,18,46800,买盘
199,14:45:22,26.0,--,3,7800,买盘
200,14:45:19,26.0,--,46,119600,买盘
201,14:45:16,26.0,--,129,335400,卖盘
202,14:45:13,26.0,--,10,26000,卖盘
203,14:45:10,26.0,--,2,5200,卖盘
204,14:45:07,26.0,0.01,9,23400,卖盘
205,14:45:04,25.99,-0.01,61,158539,卖盘
206,14:45:01,26.0,--,22,57200,卖盘
207,14:44:58,26.0,--,7,18200,卖盘
208,14:44:55,26.0,0.01,116,301704,买盘
209,14:44:52,25.99,-0.01,132,343068,卖盘
210,14:44:49,26.0,0.01,9,23400,买盘
211,14:44:46,25.99,-0.01,100,259899,卖盘
212,14:44:40,26.0,--,31,80600,买盘
213,14:44:34,26.0,-0.01,388,1011296,卖盘
214,14:44:31,26.01,--,15,39015,卖盘
215,14:44:25,26.01,0.01,84,218484,买盘
216,14:44:22,26.0,--,50,130000,卖盘
217,14:44:19,26.0,-0.01,13,33800,卖盘
218,14:44:16,26.01,0.01,109,283509,买盘
219,14:44:13,26.0,-0.01,4,10400,卖盘
220,14:44:10,26.01,--,279,725679,买盘
221,14:44:07,26.01,--,45,117045,买盘
222,14:44:04,26.01,0.01,5,13005,买盘
223,14:44:01,26.0,-0.01,27,70200,卖盘
224,14:43:58,26.01,--,20,52020,卖盘
225,14:43:55,26.01,--,26,67626,卖盘
226,14:43:52,26.01,-0.01,12,31212,卖盘
227,14:43:49,26.02,0.01,574,1493548,买盘
228,14:43:46,26.01,0.01,53,137853,买盘
229,14:43:43,26.0,-0.01,72,187200,卖盘
230,14:43:40,26.01,--,150,390150,买盘
231,14:43:37,26.01,--,177,460377,买盘
232,14:43:34,26.01,--,71,184671,买盘
233,14:43:28,26.01,--,13,33813,买盘
234,14:43:25,26.01,0.01,5,13005,中性盘
235,14:43:22,26.0,-0.02,163,423904,卖盘
236,14:43:19,26.02,--,5,13010,买盘
237,14:43:13,26.02,-0.01,63,163926,卖盘
238,14:43:10,26.03,--,26,67678,卖盘
239,14:43:07,26.03,--,40,104120,卖盘
240,14:43:04,26.03,-0.01,47,122341,中性盘
241,14:43:01,26.04,--,22,57288,买盘
242,14:42:58,26.04,--,171,445284,买盘
243,14:42:52,26.04,--,20,52080,买盘
244,14:42:49,26.04,--,26,67704,买盘
245,14:42:46,26.04,0.01,19,49476,买盘
246,14:42:43,26.03,-0.02,1,2603,中性盘
247,14:42:40,26.05,--,97,252685,买盘
248,14:42:37,26.05,0.01,5,13025,买盘
249,14:42:34,26.04,--,12,31248,卖盘
250,14:42:31,26.04,--,16,41664,卖盘
251,14:42:28,26.04,-0.01,17,44268,卖盘
252,14:42:22,26.05,--,6,15630,买盘
253,14:42:19,26.05,--,30,78150,卖盘
254,14:42:16,26.05,--,50,130250,卖盘
255,14:42:13,26.05,--,30,78150,卖盘
256,14:42:10,26.05,-0.01,29,75545,卖盘
257,14:42:07,26.06,--,6,15636,买盘
258,14:42:01,26.06,--,14,36484,买盘
259,14:41:58,26.06,--,113,294478,卖盘
260,14:41:55,26.06,-0.01,51,132906,卖盘
261,14:41:52,26.07,0.01,55,143385,买盘
262,14:41:49,26.06,--,18,46908,卖盘
263,14:41:46,26.06,-0.01,5,13030,卖盘
264,14:41:43,26.07,-0.01,83,217945,卖盘
265,14:41:40,26.08,0.01,137,358339,买盘
266,14:41:37,26.07,--,12,31284,卖盘
267,14:41:31,26.07,--,1,2607,卖盘
268,14:41:28,26.07,--,17,44319,卖盘
269,14:41:22,26.07,--,184,479688,买盘
270,14:41:19,26.07,--,18,46926,买盘
271,14:41:13,26.07,0.01,111,289377,买盘
272,14:41:10,26.06,-0.01,21,54726,中性盘
273,14:41:04,26.07,0.01,133,346731,买盘
274,14:41:01,26.06,-0.01,20,52120,卖盘
275,14:40:55,26.07,0.01,157,409299,买盘
276,14:40:52,26.06,--,10,26060,卖盘
277,14:40:49,26.06,--,10,26060,卖盘
278,14:40:46,26.06,--,1,2606,卖盘
279,14:40:43,26.06,--,20,52120,卖盘
280,14:40:40,26.06,-0.01,59,153754,卖盘
281,14:40:37,26.07,0.01,69,179883,买盘
282,14:40:34,26.06,--,50,130300,卖盘
283,14:40:31,26.06,--,31,80786,卖盘
284,14:40:25,26.06,--,5,13030,卖盘
285,14:40:22,26.06,--,84,218904,买盘
286,14:40:19,26.06,--,33,85998,买盘
287,14:40:10,26.06,0.01,1,2606,买盘
288,14:40:04,26.05,-0.01,10,26050,卖盘
289,14:40:01,26.06,--,42,109452,卖盘
290,14:39:58,26.06,--,32,83392,买盘
291,14:39:55,26.06,-0.01,8,20848,买盘
292,14:39:49,26.07,--,11,28677,买盘
293,14:39:46,26.07,0.01,158,411906,买盘
294,14:39:43,26.06,-0.01,41,106846,卖盘
295,14:39:40,26.07,0.01,33,86031,买盘
296,14:39:37,26.06,--,59,153754,卖盘
297,14:39:34,26.06,-0.01,14,36484,卖盘
298,14:39:31,26.07,--,20,52140,买盘
299,14:39:25,26.07,--,12,31284,买盘
300,14:39:22,26.07,--,6,15642,买盘
301,14:39:19,26.07,-0.01,7,18249,中性盘
302,14:39:13,26.08,0.01,24,62591,买盘
303,14:39:10,26.07,--,2,5214,卖盘
304,14:39:07,26.07,--,68,177276,买盘
305,14:39:04,26.07,--,19,49533,卖盘
306,14:39:01,26.07,--,20,52140,卖盘
307,14:38:55,26.07,--,11,28677,卖盘
308,14:38:52,26.07,--,12,31284,卖盘
309,14:38:49,26.07,--,171,445797,卖盘
310,14:38:46,26.07,--,87,226809,卖盘
311,14:38:37,26.07,--,31,80817,卖盘
312,14:38:34,26.07,--,4,10428,卖盘
313,14:38:31,26.07,--,38,99066,买盘
314,14:38:28,26.07,0.01,48,125136,买盘
315,14:38:25,26.06,--,3,7818,卖盘
316,14:38:22,26.06,--,4,10424,卖盘
317,14:38:19,26.06,--,31,80786,卖盘
318,14:38:16,26.06,--,22,57332,卖盘
319,14:38:13,26.06,-0.01,12,31272,卖盘
320,14:38:10,26.07,0.01,21,54747,买盘
321,14:38:07,26.06,-0.01,50,130300,卖盘
322,14:38:04,26.07,--,25,65175,买盘
323,14:38:01,26.07,0.01,17,44319,买盘
324,14:37:58,26.06,--,6,15636,卖盘
325,14:37:49,26.06,-0.01,21,54726,卖盘
326,14:37:46,26.07,0.01,16,41712,买盘
327,14:37:43,26.06,-0.01,29,75574,卖盘
328,14:37:37,26.07,0.01,35,91245,买盘
329,14:37:31,26.06,--,109,284054,卖盘
330,14:37:25,26.06,--,12,31272,卖盘
331,14:37:22,26.06,-0.01,206,536836,卖盘
332,14:37:16,26.07,-0.01,37,96459,中性盘
333,14:37:07,26.08,-0.01,19,49552,买盘
334,14:37:04,26.09,0.01,20,52180,买盘
335,14:37:01,26.08,--,35,91280,卖盘
336,14:36:58,26.08,-0.02,20,52160,中性盘
337,14:36:55,26.1,0.02,132,344520,买盘
338,14:36:52,26.08,0.01,8,20864,中性盘
339,14:36:49,26.07,-0.02,8,20856,卖盘
340,14:36:46,26.09,0.01,15,39135,买盘
341,14:36:40,26.08,-0.01,12,31295,卖盘
342,14:36:37,26.09,--,136,354824,卖盘
343,14:36:34,26.09,--,2,5218,卖盘
344,14:36:31,26.09,-0.01,41,106969,卖盘
345,14:36:28,26.1,--,6,15660,买盘
346,14:36:25,26.1,--,30,78300,买盘
347,14:36:19,26.1,--,66,174034,卖盘
348,14:36:16,26.1,-0.01,63,164430,卖盘
349,14:36:13,26.11,0.01,50,130550,买盘
350,14:36:04,26.1,--,1,2610,卖盘
351,14:36:01,26.1,-0.01,106,276660,卖盘
352,14:35:58,26.11,0.01,16,41776,买盘
353,14:35:55,26.1,-0.01,5,13050,卖盘
354,14:35:52,26.11,0.01,7,18277,中性盘
355,14:35:49,26.1,-0.02,106,276660,卖盘
356,14:35:46,26.12,0.01,83,216796,买盘
357,14:35:43,26.11,--,26,67886,卖盘
358,14:35:37,26.11,-0.01,9,23499,卖盘
359,14:35:28,26.12,--,3,7836,买盘
360,14:35:25,26.12,--,47,122764,卖盘
361,14:35:22,26.12,-0.01,30,78360,卖盘
362,14:35:19,26.13,--,142,371046,卖盘
363,14:35:16,26.13,-0.01,86,224718,卖盘
364,14:35:10,26.14,0.01,621,1623294,买盘
365,14:35:07,26.13,--,33,86229,卖盘
366,14:35:04,26.13,-0.01,14,36582,卖盘
367,14:35:01,26.14,0.01,2,5228,买盘
368,14:34:58,26.13,-0.01,68,177684,卖盘
369,14:34:55,26.14,--,48,125472,卖盘
370,14:34:52,26.14,--,3,7842,卖盘
371,14:34:49,26.14,--,22,57508,卖盘
372,14:34:46,26.14,0.01,40,104560,卖盘
373,14:34:43,26.13,-0.01,108,282204,卖盘
374,14:34:40,26.14,--,15,39210,买盘
375,14:34:37,26.14,--,159,415626,买盘
376,14:34:34,26.14,--,19,49666,买盘
377,14:34:31,26.14,0.01,51,133314,买盘
378,14:34:22,26.13,-0.01,19,49647,卖盘
379,14:34:19,26.14,--,6,15684,卖盘
380,14:34:16,26.14,--,2,5228,卖盘
381,14:34:13,26.14,--,96,250944,卖盘
382,14:34:10,26.14,0.01,119,311066,买盘
383,14:34:07,26.13,--,7,18291,卖盘
384,14:34:04,26.13,--,1,2613,卖盘
385,14:33:58,26.13,--,30,78390,卖盘
386,14:33:55,26.13,0.01,193,504309,买盘
387,14:33:52,26.12,-0.01,50,130600,卖盘
388,14:33:49,26.13,--,106,276978,买盘
389,14:33:46,26.13,0.01,61,159393,买盘
390,14:33:43,26.12,-0.01,62,161944,卖盘
391,14:33:40,26.13,0.01,22,57486,买盘
392,14:33:37,26.12,--,2,5224,卖盘
393,14:33:34,26.12,--,11,28732,卖盘
394,14:33:31,26.12,--,3,7836,卖盘
395,14:33:28,26.12,-0.01,65,169780,卖盘
396,14:33:25,26.13,0.01,20,52260,买盘
397,14:33:22,26.12,--,114,297768,买盘
398,14:33:19,26.12,0.01,138,360456,买盘
399,14:33:16,26.11,-0.01,36,93996,卖盘
400,14:33:10,26.12,--,5,13060,买盘
401,14:33:07,26.12,--,25,65300,买盘
402,14:32:55,26.12,0.01,121,316887,买盘
403,14:32:49,26.11,--,27,70497,买盘
404,14:32:46,26.11,--,7,18277,买盘
405,14:32:43,26.11,0.01,39,101829,买盘
406,14:32:37,26.1,--,87,227070,买盘
407,14:32:34,26.1,0.01,57,148770,买盘
408,14:32:31,26.09,-0.01,63,164367,卖盘
409,14:32:28,26.1,0.01,128,334080,买盘
410,14:32:22,26.09,--,21,54789,卖盘
411,14:32:19,26.09,--,13,33917,卖盘
412,14:32:16,26.09,--,3,7827,卖盘
413,14:32:10,26.09,--,112,292208,买盘
414,14:32:01,26.09,0.01,21,54789,买盘
415,14:31:58,26.08,-0.01,10,26080,卖盘
416,14:31:55,26.09,0.01,102,266118,买盘
417,14:31:52,26.08,0.01,89,232111,买盘
418,14:31:49,26.07,-0.01,5,13035,卖盘
419,14:31:46,26.08,0.01,10,26080,买盘
420,14:31:43,26.07,--,51,132957,卖盘
421,14:31:37,26.07,-0.01,4,10428,卖盘
422,14:31:31,26.08,0.01,14,36512,买盘
423,14:31:28,26.07,--,115,299805,买盘
424,14:31:19,26.07,0.02,66,172062,买盘
425,14:31:16,26.05,--,14,36470,卖盘
426,14:31:13,26.05,--,17,44285,卖盘
427,14:31:10,26.05,--,1,2605,卖盘
428,14:31:07,26.05,-0.01,22,57310,卖盘
429,14:31:04,26.06,--,22,57332,买盘
430,14:31:01,26.06,0.01,37,96422,买盘
431,14:30:55,26.05,-0.01,15,39075,卖盘
432,14:30:52,26.06,--,33,85998,买盘
433,14:30:46,26.06,0.01,30,78180,买盘
434,14:30:43,26.05,-0.01,9,23445,卖盘
435,14:30:40,26.06,--,13,33878,买盘
436,14:30:34,26.06,0.01,30,78180,买盘
437,14:30:31,26.05,-0.01,3,7815,卖盘
438,14:30:25,26.06,0.01,3,7818,买盘
439,14:30:22,26.05,--,49,127645,买盘
440,14:30:19,26.05,--,8,20840,买盘
441,14:30:16,26.05,--,11,28655,买盘
442,14:30:03,26.05,0.03,22,57310,买盘
443,14:30:00,26.02,0.01,4,10408,买盘
444,14:29:57,26.01,-0.01,16,41616,卖盘
445,14:29:54,26.02,-0.03,44,114488,卖盘
446,14:29:51,26.05,--,5,13025,买盘
447,14:29:45,26.05,0.03,4,10420,买盘
448,14:29:42,26.02,--,71,184742,卖盘
449,14:29:36,26.02,--,10,26020,卖盘
450,14:29:21,26.02,0.01,2,5204,中性盘
451,14:29:18,26.01,--,3,7803,卖盘
452,14:29:15,26.01,--,4,10404,卖盘
453,14:29:12,26.01,--,15,39015,卖盘
454,14:29:09,26.01,--,14,36414,卖盘
455,14:29:06,26.01,--,94,244494,买盘
456,14:29:03,26.01,0.01,3,7803,买盘
457,14:29:00,26.0,--,62,161200,卖盘
458,14:28:57,26.0,--,10,26000,卖盘
459,14:28:54,26.0,-0.01,12,31200,卖盘
460,14:28:51,26.01,--,22,57222,买盘
461,14:28:48,26.01,0.01,24,62424,买盘
462,14:28:45,26.0,-0.01,26,67600,卖盘
463,14:28:42,26.01,--,38,98838,卖盘
464,14:28:36,26.01,--,57,148257,卖盘
465,14:28:24,26.01,-0.04,10,26010,卖盘
466,14:28:21,26.05,0.04,10,26050,买盘
467,14:28:15,26.01,-0.05,48,124848,卖盘
468,14:28:09,26.06,--,30,78180,买盘
469,14:28:00,26.06,0.05,23,59938,卖盘
470,14:27:57,26.01,-0.05,1658,4312458,卖盘
471,14:27:54,26.06,--,23,59938,卖盘
472,14:27:51,26.06,-0.01,23,59938,卖盘
473,14:27:48,26.07,0.01,8,20856,买盘
474,14:27:45,26.06,--,7,18242,卖盘
475,14:27:42,26.06,-0.01,10,26060,卖盘
476,14:27:36,26.07,--,14,36498,买盘
477,14:27:27,26.07,0.01,36,93852,买盘
478,14:27:24,26.06,-0.01,21,54726,卖盘
479,14:27:21,26.07,0.01,8,20856,买盘
480,14:27:18,26.06,--,1,2606,卖盘
481,14:27:15,26.06,--,1,2606,卖盘
482,14:27:12,26.06,--,40,104240,买盘
483,14:27:06,26.06,0.01,5,13030,买盘
484,14:27:03,26.05,--,11,28655,卖盘
485,14:27:00,26.05,--,3,7815,卖盘
486,14:26:57,26.05,--,82,213610,买盘
487,14:26:54,26.05,--,26,67730,买盘
488,14:26:51,26.05,--,16,41680,买盘
489,14:26:48,26.05,0.01,4,10420,买盘
490,14:26:45,26.04,-0.01,5,13020,卖盘
491,14:26:39,26.05,--,19,49495,卖盘
492,14:26:36,26.05,-0.01,1,2605,卖盘
493,14:26:30,26.06,--,7,18242,买盘
494,14:26:27,26.06,0.02,4,10424,买盘
495,14:26:15,26.04,--,13,33852,卖盘
496,14:26:12,26.04,--,100,260400,卖盘
497,14:26:03,26.04,--,6,15624,卖盘
498,14:26:00,26.04,-0.01,13,33852,买盘
499,14:25:57,26.05,-0.01,4,10420,卖盘
500,14:25:54,26.06,0.02,8,20848,买盘
501,14:25:51,26.04,--,29,75516,买盘
502,14:25:48,26.04,-0.01,65,169260,卖盘
503,14:25:45,26.05,0.01,5,13025,买盘
504,14:25:42,26.04,--,47,122388,卖盘
505,14:25:36,26.04,-0.03,10,26040,卖盘
506,14:25:33,26.07,0.03,6,15642,买盘
507,14:25:30,26.04,--,12,31248,中性盘
508,14:25:27,26.04,--,15,39060,买盘
509,14:25:24,26.04,--,7,18228,卖盘
510,14:25:18,26.04,-0.02,1,2604,卖盘
511,14:25:15,26.06,0.03,10,26060,买盘
512,14:25:12,26.03,--,8,20824,卖盘
513,14:25:06,26.03,--,5,13015,卖盘
514,14:25:03,26.03,-0.01,161,419083,卖盘
515,14:24:57,26.04,0.01,4,10416,买盘
516,14:24:54,26.03,--,2,5206,卖盘
517,14:24:51,26.03,-0.01,24,62472,卖盘
518,14:24:48,26.04,0.01,15,39060,买盘
519,14:24:45,26.03,--,7,18221,卖盘
520,14:24:42,26.03,--,22,57266,卖盘
521,14:24:39,26.03,--,75,195225,卖盘
522,14:24:36,26.03,--,1,2603,卖盘
523,14:24:33,26.03,-0.01,10,26030,卖盘
524,14:24:30,26.04,-0.01,36,93744,中性盘
525,14:24:27,26.05,0.01,18,46890,买盘
526,14:24:24,26.04,--,8,20832,买盘
527,14:24:21,26.04,0.01,34,88536,买盘
528,14:24:18,26.03,-0.01,113,294139,卖盘
529,14:24:15,26.04,--,30,78120,买盘
530,14:24:12,26.04,0.01,44,114576,买盘
531,14:24:09,26.03,--,13,33839,卖盘
532,14:24:06,26.03,-0.01,129,335787,卖盘
533,14:24:03,26.04,0.01,7,18228,买盘
534,14:24:00,26.03,-0.01,45,117135,卖盘
535,14:23:51,26.04,0.01,16,41664,中性盘
536,14:23:48,26.03,-0.01,77,200431,卖盘
537,14:23:45,26.04,0.01,74,192696,买盘
538,14:23:42,26.03,--,45,117135,卖盘
539,14:23:36,26.03,-0.01,30,78090,卖盘
540,14:23:33,26.04,--,3,7812,买盘
541,14:23:30,26.04,--,159,414036,买盘
542,14:23:21,26.04,0.01,33,85932,买盘
543,14:23:18,26.03,-0.01,207,538821,卖盘
544,14:23:12,26.04,--,1,2604,买盘
545,14:23:09,26.04,-0.01,2,5208,买盘
546,14:23:06,26.05,0.01,219,570495,买盘
547,14:23:00,26.04,-0.01,2,5208,卖盘
548,14:22:57,26.05,0.01,45,117225,买盘
549,14:22:54,26.04,--,37,96348,卖盘
550,14:22:48,26.04,--,14,36456,卖盘
551,14:22:45,26.04,--,46,119784,卖盘
552,14:22:42,26.04,-0.01,17,44268,卖盘
553,14:22:39,26.05,--,5,13025,买盘
554,14:22:33,26.05,--,18,46890,买盘
555,14:22:27,26.05,-0.02,17,44285,卖盘
556,14:22:24,26.07,0.01,25,65175,买盘
557,14:22:21,26.06,--,31,80786,买盘
558,14:22:18,26.06,--,21,54726,买盘
559,14:22:15,26.06,--,10,26060,买盘
560,14:22:12,26.06,--,10,26060,买盘
561,14:22:09,26.06,--,11,28666,卖盘
562,14:22:06,26.06,-0.02,34,88604,卖盘
563,14:22:03,26.08,0.02,27,70416,买盘
564,14:21:54,26.06,-0.03,45,117270,卖盘
565,14:21:51,26.09,--,101,264343,卖盘
566,14:21:48,26.09,--,28,73052,卖盘
567,14:21:45,26.09,--,195,508755,卖盘
568,14:21:39,26.09,--,6,15654,卖盘
569,14:21:36,26.09,-0.01,50,130450,卖盘
570,14:21:33,26.1,-0.01,41,107010,买盘
571,14:21:30,26.11,0.01,7,18277,买盘
572,14:21:27,26.1,0.01,3,7830,卖盘
573,14:21:21,26.09,-0.02,43,112187,卖盘
574,14:21:18,26.11,--,68,177548,卖盘
575,14:21:12,26.11,--,2,5222,卖盘
576,14:21:09,26.11,-0.01,20,52220,卖盘
577,14:21:06,26.12,--,20,52240,买盘
578,14:21:03,26.12,0.03,42,109704,买盘
579,14:20:57,26.09,-0.03,846,2207214,卖盘
580,14:20:54,26.12,-0.01,50,130600,卖盘
581,14:20:51,26.13,0.01,13,33969,买盘
582,14:20:48,26.12,--,30,78360,卖盘
583,14:20:45,26.12,-0.01,51,133212,卖盘
584,14:20:39,26.13,--,42,109746,卖盘
585,14:20:36,26.13,--,81,214239,卖盘
586,14:20:30,26.13,--,50,130650,卖盘
587,14:20:27,26.13,--,98,256074,卖盘
588,14:20:24,26.13,--,180,470340,卖盘
589,14:20:21,26.13,-0.01,53,138489,卖盘
590,14:20:18,26.14,--,58,151612,买盘
591,14:20:15,26.14,--,27,70578,买盘
592,14:20:12,26.14,--,112,292768,卖盘
593,14:20:09,26.14,--,3,7842,卖盘
594,14:20:03,26.14,--,64,167296,买盘
595,14:20:00,26.14,0.01,44,115016,买盘
596,14:19:57,26.13,-0.01,18,47034,买盘
597,14:19:54,26.14,0.01,2,5228,买盘
598,14:19:51,26.13,-0.01,39,101907,卖盘
599,14:19:48,26.14,0.01,2,5228,买盘
600,14:19:45,26.13,--,11,28743,卖盘
601,14:19:42,26.13,0.01,89,232557,买盘
602,14:19:39,26.12,--,13,33956,卖盘
603,14:19:36,26.12,-0.01,7,18284,卖盘
604,14:19:33,26.13,--,20,52260,买盘
605,14:19:30,26.13,0.01,39,101907,买盘
606,14:19:27,26.12,0.02,34,88808,买盘
607,14:19:21,26.1,--,1,2610,卖盘
608,14:19:18,26.1,-0.02,62,161820,卖盘
609,14:19:15,26.12,0.01,34,88808,买盘
610,14:19:12,26.11,--,3,7833,买盘
611,14:19:09,26.11,0.01,27,70497,买盘
612,14:19:06,26.1,0.01,11,28710,中性盘
613,14:18:57,26.09,-0.01,136,356624,卖盘
614,14:18:54,26.1,0.02,28,73080,买盘
615,14:18:51,26.08,-0.02,10,26080,卖盘
616,14:18:48,26.1,0.01,112,292320,买盘
617,14:18:45,26.09,-0.01,5,13045,中性盘
618,14:18:42,26.1,0.01,73,190530,买盘
619,14:18:39,26.09,0.01,5,13045,买盘
620,14:18:36,26.08,-0.01,2,5216,卖盘
621,14:18:33,26.09,0.01,36,93924,买盘
622,14:18:27,26.08,0.01,7,18256,买盘
623,14:18:24,26.07,-0.01,6,15642,中性盘
624,14:18:21,26.08,0.02,23,59983,买盘
625,14:18:15,26.06,--,4,10424,卖盘
626,14:18:15,26.06,--,3,7818,卖盘
627,14:18:09,26.06,--,7,18242,买盘
628,14:18:06,26.06,--,16,41696,买盘
629,14:18:03,26.06,--,11,28666,买盘
630,14:17:57,26.06,-0.04,20,52120,买盘
631,14:17:51,26.1,0.04,500,1305000,买盘
632,14:17:45,26.06,-0.02,22,57332,卖盘
633,14:17:42,26.08,0.02,17,44336,买盘
634,14:17:39,26.06,-0.02,3,7818,卖盘
635,14:17:33,26.08,0.01,40,104320,买盘
636,14:17:30,26.07,0.01,3,7821,买盘
637,14:17:27,26.06,-0.02,1,2606,卖盘
638,14:17:24,26.08,--,16,41728,买盘
639,14:17:15,26.08,--,134,349472,买盘
640,14:17:12,26.08,--,5,13040,买盘
641,14:17:09,26.08,--,15,39120,买盘
642,14:17:00,26.08,0.02,13,33904,卖盘
643,14:16:54,26.06,-0.03,1,2606,卖盘
644,14:16:51,26.09,0.01,29,75661,买盘
645,14:16:45,26.08,0.03,5,13040,买盘
646,14:16:42,26.05,-0.03,11,28655,中性盘
647,14:16:36,26.08,0.03,393,1024943,买盘
648,14:16:30,26.05,0.02,10,26050,买盘
649,14:16:27,26.03,-0.02,6,15618,卖盘
650,14:16:24,26.05,0.02,1,2605,买盘
651,14:16:15,26.03,-0.02,1,2603,卖盘
652,14:16:12,26.05,0.02,34,88570,买盘
653,14:16:03,26.03,0.01,10,26030,买盘
654,14:16:00,26.02,--,6,15612,卖盘
655,14:15:54,26.02,-0.01,81,210762,卖盘
656,14:15:51,26.03,0.01,3,7809,买盘
657,14:15:48,26.02,-0.01,25,65050,卖盘
658,14:15:39,26.03,-0.01,338,879814,卖盘
659,14:15:36,26.04,0.01,14,36456,买盘
660,14:15:33,26.03,--,22,57266,卖盘
661,14:15:30,26.03,--,18,46854,卖盘
662,14:15:27,26.03,--,10,26030,卖盘
663,14:15:24,26.03,--,27,70281,买盘
664,14:15:18,26.03,0.01,8,20824,卖盘
665,14:15:15,26.02,0.02,4,10408,中性盘
666,14:15:12,26.0,-0.03,16,41600,卖盘
667,14:15:09,26.03,0.02,30,78090,买盘
668,14:15:06,26.01,-0.01,31,80631,中性盘
669,14:15:00,26.02,-0.01,44,114488,卖盘
670,14:14:51,26.03,0.01,71,184813,买盘
671,14:14:45,26.02,--,17,44234,卖盘
672,14:14:39,26.02,--,17,44234,中性盘
673,14:14:33,26.02,-0.01,11,28622,卖盘
674,14:14:24,26.03,0.01,5,13015,卖盘
675,14:14:21,26.02,-0.01,32,83264,卖盘
676,14:14:06,26.03,-0.01,16,41648,卖盘
677,14:14:03,26.04,-0.01,2,5208,卖盘
678,14:13:57,26.05,-0.01,26,67730,卖盘
679,14:13:51,26.06,0.01,1,2606,买盘
680,14:13:45,26.05,-0.01,15,39075,卖盘
681,14:13:42,26.06,--,1,2606,买盘
682,14:13:33,26.06,-0.01,170,443020,卖盘
683,14:13:30,26.07,--,12,31284,买盘
684,14:13:27,26.07,--,13,33891,买盘
685,14:13:24,26.07,-0.01,17,44319,卖盘
686,14:13:21,26.08,0.01,29,75632,买盘
687,14:13:18,26.07,--,66,172062,卖盘
688,14:13:15,26.07,-0.01,1,2607,卖盘
689,14:13:12,26.08,0.01,48,125183,买盘
690,14:13:06,26.07,--,10,26070,卖盘
691,14:13:03,26.07,--,12,31284,卖盘
692,14:13:00,26.07,-0.01,13,33891,卖盘
693,14:12:57,26.08,--,8,20864,买盘
694,14:12:54,26.08,0.01,2,5216,买盘
695,14:12:51,26.07,-0.01,25,65175,卖盘
696,14:12:48,26.08,--,91,237327,买盘
697,14:12:42,26.08,--,53,138224,买盘
698,14:12:36,26.08,--,5,13040,买盘
699,14:12:33,26.08,--,417,1087536,买盘
700,14:12:27,26.08,-0.01,66,172128,卖盘
701,14:12:24,26.09,--,20,52180,买盘
702,14:12:21,26.09,0.01,8,20872,买盘
703,14:12:18,26.08,--,49,127791,卖盘
704,14:12:15,26.08,-0.01,22,57375,卖盘
705,14:12:12,26.09,--,121,315689,买盘
706,14:12:06,26.09,--,44,114796,买盘
707,14:12:06,26.09,0.01,56,146104,买盘
708,14:11:57,26.08,--,33,86064,卖盘
709,14:11:54,26.08,--,10,26080,卖盘
710,14:11:51,26.08,--,73,190384,卖盘
711,14:11:45,26.08,0.01,73,190384,买盘
712,14:11:42,26.07,--,5,13035,卖盘
713,14:11:39,26.07,-0.01,3,7821,卖盘
714,14:11:36,26.08,0.01,4,10432,买盘
715,14:11:33,26.07,0.01,4,10428,买盘
716,14:11:30,26.06,--,46,119876,卖盘
717,14:11:27,26.06,-0.01,22,57332,卖盘
718,14:11:24,26.07,--,19,49533,买盘
719,14:11:18,26.07,0.01,19,49533,买盘
720,14:11:15,26.06,-0.02,24,62544,卖盘
721,14:11:12,26.08,--,32,83456,买盘
722,14:11:06,26.08,0.01,104,271232,买盘
723,14:11:03,26.07,-0.01,35,91245,卖盘
724,14:11:00,26.08,--,22,57375,买盘
725,14:10:57,26.08,0.01,15,39120,买盘
726,14:10:53,26.07,-0.01,8,20856,卖盘
727,14:10:50,26.08,--,3,7823,买盘
728,14:10:44,26.08,0.01,14,36512,买盘
729,14:10:41,26.07,--,10,26070,买盘
730,14:10:38,26.07,--,66,172062,买盘
731,14:10:35,26.07,--,33,86031,买盘
732,14:10:32,26.07,--,66,172062,卖盘
733,14:10:26,26.07,--,2,5214,卖盘
734,14:10:23,26.07,-0.01,3,7821,卖盘
735,14:10:20,26.08,0.02,5,13040,买盘
736,14:10:17,26.06,-0.01,117,304902,卖盘
737,14:10:14,26.07,0.01,24,62568,买盘
738,14:10:08,26.06,0.01,2,5212,卖盘
739,14:10:05,26.05,-0.02,50,130250,卖盘
740,14:10:02,26.07,0.02,42,109494,买盘
741,14:09:53,26.05,--,18,46890,卖盘
742,14:09:50,26.05,-0.01,15,39075,买盘
743,14:09:47,26.06,0.01,20,52120,买盘
744,14:09:44,26.05,0.03,53,138065,买盘
745,14:09:41,26.02,--,1,2602,卖盘
746,14:09:38,26.02,--,13,33826,卖盘
747,14:09:35,26.02,0.02,7,18214,买盘
748,14:09:32,26.0,--,4,10400,卖盘
749,14:09:29,26.0,-0.02,4,10400,中性盘
750,14:09:23,26.02,0.02,16,41632,买盘
751,14:09:20,26.0,--,22,57200,买盘
752,14:09:17,26.0,--,307,798200,买盘
753,14:09:14,26.0,--,55,143000,买盘
754,14:09:11,26.0,--,160,416000,买盘
755,14:08:56,26.0,0.01,15,39000,买盘
756,14:08:53,25.99,--,184,478216,买盘
757,14:08:47,25.99,0.06,10,25990,买盘
758,14:08:38,25.93,-0.06,3,7779,中性盘
759,14:08:32,25.99,0.06,203,527597,买盘
760,14:08:29,25.93,--,13,33709,买盘
761,14:08:23,25.93,0.03,6,15558,买盘
762,14:08:20,25.9,--,2,5180,卖盘
763,14:08:17,25.9,0.05,46,120901,买盘
764,14:08:14,25.85,--,65,168025,买盘
765,14:08:11,25.85,-0.03,84,217967,卖盘
766,14:08:08,25.88,0.03,2,5176,买盘
767,14:08:02,25.85,--,48,125837,买盘
768,14:07:59,25.85,0.02,53,137005,买盘
769,14:07:56,25.83,-0.02,11,28412,卖盘
770,14:07:50,25.85,--,576,1489787,买盘
771,14:07:47,25.85,--,34,87890,买盘
772,14:07:44,25.85,--,66,170610,买盘
773,14:07:38,25.85,--,8,20680,买盘
774,14:07:35,25.85,--,104,268840,买盘
775,14:07:32,25.85,--,17,43945,买盘
776,14:07:29,25.85,0.04,11,28435,买盘
777,14:07:23,25.81,-0.09,620,1600220,卖盘
778,14:07:20,25.9,-0.07,9,23310,卖盘
779,14:07:17,25.97,0.08,14,36358,买盘
780,14:07:14,25.89,-0.01,5,12945,卖盘
781,14:07:11,25.9,0.01,2,5180,中性盘
782,14:07:02,25.89,0.01,1,2589,中性盘
783,14:06:59,25.88,-0.11,59,152692,卖盘
784,14:06:53,25.99,0.11,8,20792,买盘
785,14:06:38,25.88,-0.11,12,31703,卖盘
786,14:06:35,25.99,0.06,29,77320,买盘
787,14:06:32,25.93,0.05,10,25930,买盘
788,14:06:26,25.88,0.02,30,77640,买盘
789,14:06:23,25.86,-0.02,47,121542,卖盘
790,14:06:20,25.88,--,18,46584,买盘
791,14:06:17,25.88,-0.11,777,2010876,卖盘
792,14:06:14,25.99,0.02,3,7796,中性盘
793,14:06:05,25.97,-0.02,110,285670,卖盘
794,14:05:59,25.99,--,5,12995,买盘
795,14:05:56,25.99,--,2,5198,买盘
796,14:05:53,25.99,0.01,21,54579,买盘
797,14:05:50,25.98,--,19,49362,卖盘
798,14:05:47,25.98,-0.01,18,46764,卖盘
799,14:05:44,25.99,0.03,6,15593,买盘
800,14:05:38,25.96,-0.03,25,64900,卖盘
801,14:05:32,25.99,--,13,33787,买盘
802,14:05:29,25.99,0.01,10,25990,买盘
803,14:05:23,25.98,-0.01,32,83136,卖盘
804,14:05:20,25.99,0.03,11,28589,买盘
805,14:05:14,25.96,--,12,31152,卖盘
806,14:05:08,25.96,0.01,62,160952,买盘
807,14:05:05,25.95,-0.01,35,90825,卖盘
808,14:05:02,25.96,--,46,119416,买盘
809,14:04:56,25.96,0.01,3,7788,买盘
810,14:04:53,25.95,-0.01,3,7785,卖盘
811,14:04:50,25.96,0.01,7,18172,买盘
812,14:04:47,25.95,--,3,7785,买盘
813,14:04:44,25.95,--,38,98610,买盘
814,14:04:38,25.95,0.02,7,18165,卖盘
815,14:04:32,25.93,-0.03,92,238556,卖盘
816,14:04:29,25.96,0.01,15,38940,买盘
817,14:04:26,25.95,-0.01,14,36330,卖盘
818,14:04:20,25.96,--,9,23364,买盘
819,14:04:14,25.96,0.02,1,2596,买盘
820,14:04:08,25.94,-0.02,22,57068,卖盘
821,14:04:05,25.96,-0.02,1,2596,卖盘
822,14:04:02,25.98,0.01,1,2598,买盘
823,14:03:59,25.97,--,62,161014,卖盘
824,14:03:56,25.97,0.02,138,358386,买盘
825,14:03:53,25.95,-0.01,14,36330,卖盘
826,14:03:50,25.96,--,2,5192,买盘
827,14:03:47,25.96,--,6,15576,中性盘
828,14:03:41,25.96,--,11,28556,卖盘
829,14:03:38,25.96,--,14,36344,卖盘
830,14:03:35,25.96,--,10,25960,卖盘
831,14:03:32,25.96,-0.01,23,59708,卖盘
832,14:03:29,25.97,0.01,7,18179,买盘
833,14:03:26,25.96,-0.02,20,51920,卖盘
834,14:03:17,25.98,-0.01,212,550776,卖盘
835,14:03:11,25.99,-0.01,25,64974,卖盘
836,14:03:02,26.0,-0.06,397,1032200,卖盘
837,14:02:59,26.06,--,152,396112,卖盘
838,14:02:56,26.06,-0.01,20,52120,卖盘
839,14:02:53,26.07,--,19,49533,卖盘
840,14:02:50,26.07,--,7,18249,卖盘
841,14:02:47,26.07,--,13,33891,卖盘
842,14:02:44,26.07,--,111,289377,卖盘
843,14:02:41,26.07,--,23,59961,卖盘
844,14:02:38,26.07,-0.02,61,159027,中性盘
845,14:02:26,26.09,0.01,302,787918,买盘
846,14:02:23,26.08,--,7,18256,卖盘
847,14:02:20,26.08,-0.01,21,54768,卖盘
848,14:02:17,26.09,0.01,15,39135,买盘
849,14:02:14,26.08,--,91,237327,卖盘
850,14:02:11,26.08,--,6,15647,卖盘
851,14:02:08,26.08,0.01,166,432928,买盘
852,14:02:02,26.07,--,283,737781,卖盘
853,14:01:59,26.07,--,40,104280,卖盘
854,14:01:53,26.07,--,44,114708,卖盘
855,14:01:50,26.07,-0.01,4,10428,卖盘
856,14:01:47,26.08,0.01,13,33904,买盘
857,14:01:44,26.07,0.01,99,258093,买盘
858,14:01:38,26.06,-0.04,52,135512,卖盘
859,14:01:29,26.1,0.04,77,200970,买盘
860,14:01:23,26.06,-0.03,95,247570,卖盘
861,14:01:20,26.09,--,44,114796,卖盘
862,14:01:17,26.09,--,40,104360,卖盘
863,14:01:14,26.09,0.04,361,941849,买盘
864,14:01:08,26.05,--,24,62520,卖盘
865,14:01:05,26.05,-0.01,111,289155,卖盘
866,14:01:02,26.06,0.01,135,351810,买盘
867,14:00:59,26.05,--,10,26050,卖盘
868,14:00:53,26.05,-0.01,7,18235,卖盘
869,14:00:50,26.06,--,15,39090,买盘
870,14:00:47,26.06,-0.01,19,49514,卖盘
871,14:00:44,26.07,0.01,5,13035,买盘
872,14:00:41,26.06,-0.01,11,28666,卖盘
873,14:00:38,26.07,-0.02,15,39105,买盘
874,14:00:35,26.09,--,40,104360,买盘
875,14:00:32,26.09,0.02,75,195675,买盘
876,14:00:29,26.07,-0.02,70,182490,卖盘
877,14:00:26,26.09,--,153,399177,买盘
878,14:00:20,26.09,--,30,78270,卖盘
879,14:00:17,26.09,--,26,67834,卖盘
880,14:00:14,26.09,--,69,180021,卖盘
881,14:00:08,26.09,0.03,31,80879,买盘
882,14:00:05,26.06,-0.01,36,93816,卖盘
883,14:00:02,26.07,0.01,49,127743,买盘
884,13:59:59,26.06,--,22,57332,买盘
885,13:59:56,26.06,0.01,5,13030,买盘
886,13:59:53,26.05,--,24,62520,买盘
887,13:59:50,26.05,0.01,54,140670,买盘
888,13:59:41,26.04,--,9,23436,卖盘
889,13:59:38,26.04,-0.01,4,10416,卖盘
890,13:59:35,26.05,0.02,299,778895,买盘
891,13:59:32,26.03,0.01,105,273315,买盘
892,13:59:29,26.02,-0.01,11,28622,卖盘
893,13:59:26,26.03,0.01,4,10412,买盘
894,13:59:23,26.02,--,5,13010,卖盘
895,13:59:20,26.02,--,22,57244,买盘
896,13:59:17,26.02,--,101,262802,买盘
897,13:59:14,26.02,--,12,31224,买盘
898,13:59:11,26.02,--,6,15612,买盘
899,13:59:08,26.02,0.01,35,91070,买盘
900,13:59:05,26.01,0.01,4,10404,中性盘
901,13:58:53,26.0,--,26,67600,买盘
902,13:58:50,26.0,--,23,59800,买盘
903,13:58:47,26.0,--,38,98800,买盘
904,13:58:44,26.0,0.01,35,91000,买盘
905,13:58:41,25.99,--,103,267697,卖盘
906,13:58:35,25.99,--,44,114356,卖盘
907,13:58:29,25.99,-0.01,7,18193,中性盘
908,13:58:26,26.0,0.02,25,65000,买盘
909,13:58:20,25.98,0.01,55,142890,买盘
910,13:58:17,25.97,--,188,488236,买盘
911,13:58:11,25.97,0.01,4,10388,买盘
912,13:58:08,25.96,-0.01,30,77880,卖盘
913,13:58:05,25.97,0.01,36,93492,买盘
914,13:58:02,25.96,--,10,25960,卖盘
915,13:57:59,25.96,0.01,10,25960,买盘
916,13:57:56,25.95,0.01,2,5190,卖盘
917,13:57:53,25.94,-0.02,328,850832,卖盘
918,13:57:50,25.96,--,4,10384,买盘
919,13:57:47,25.96,0.01,6,15576,买盘
920,13:57:44,25.95,--,38,98610,卖盘
921,13:57:38,25.95,--,141,365895,买盘
922,13:57:32,25.95,--,7,18165,买盘
923,13:57:26,25.95,0.01,1,2595,买盘
924,13:57:20,25.94,0.01,2,5188,买盘
925,13:57:14,25.93,--,15,40191,买盘
926,13:57:11,25.93,0.01,78,202254,买盘
927,13:57:08,25.92,--,20,51840,卖盘
928,13:57:05,25.92,--,1,2592,卖盘
929,13:57:02,25.92,--,67,173664,卖盘
930,13:56:56,25.92,--,129,335404,买盘
931,13:56:53,25.92,--,17,44064,买盘
932,13:56:50,25.92,0.01,5,12960,买盘
933,13:56:47,25.91,0.01,8,20728,卖盘
934,13:56:41,25.9,-0.01,61,157990,卖盘
935,13:56:35,25.91,--,20,51820,买盘
936,13:56:29,25.91,--,2,5182,买盘
937,13:56:26,25.91,--,5,12955,买盘
938,13:56:23,25.91,-0.01,5,12955,中性盘
939,13:56:11,25.92,0.03,2,5184,买盘
940,13:56:08,25.89,-0.01,11,28479,卖盘
941,13:56:05,25.9,-0.02,10,25900,中性盘
942,13:55:59,25.92,0.03,3,7776,买盘
943,13:55:53,25.89,--,15,38835,卖盘
944,13:55:50,25.89,--,1,2589,卖盘
945,13:55:44,25.89,--,2,5178,卖盘
946,13:55:41,25.89,0.01,418,1082202,买盘
947,13:55:35,25.88,--,27,69876,买盘
948,13:55:32,25.88,-0.01,8,20704,买盘
949,13:55:29,25.89,-0.02,1,2589,卖盘
950,13:55:26,25.91,0.02,10,25910,买盘
951,13:55:23,25.89,--,22,56958,买盘
952,13:55:20,25.89,--,57,147573,买盘
953,13:55:17,25.89,--,3,7767,买盘
954,13:55:14,25.89,--,3,7767,买盘
955,13:55:08,25.89,-0.02,375,972428,卖盘
956,13:55:05,25.91,--,58,150278,买盘
957,13:55:02,25.91,0.01,76,196916,买盘
958,13:54:59,25.9,-0.01,10,25900,卖盘
959,13:54:56,25.91,--,26,67366,买盘
960,13:54:50,25.91,--,43,111413,买盘
961,13:54:47,25.91,--,2,5182,买盘
962,13:54:44,25.91,--,83,215053,卖盘
963,13:54:38,25.91,--,1,2591,卖盘
964,13:54:35,25.91,--,7,18137,卖盘
965,13:54:32,25.91,--,10,25910,卖盘
966,13:54:26,25.91,--,14,36274,买盘
967,13:54:23,25.91,--,11,28501,买盘
968,13:54:20,25.91,--,1,2591,买盘
969,13:54:17,25.91,--,27,69957,买盘
970,13:54:14,25.91,--,8,20728,买盘
971,13:54:08,25.91,--,8,20728,买盘
972,13:54:05,25.91,--,14,36274,卖盘
973,13:54:02,25.91,--,5,12955,卖盘
974,13:53:56,25.91,-0.01,113,292783,卖盘
975,13:53:53,25.92,0.01,1,2592,买盘
976,13:53:50,25.91,--,3,7773,卖盘
977,13:53:47,25.91,-0.01,31,80321,卖盘
978,13:53:44,25.92,--,39,101088,买盘
979,13:53:41,25.92,--,34,88128,买盘
980,13:53:35,25.92,--,2,5184,买盘
981,13:53:29,25.92,-0.01,4,11664,卖盘
982,13:53:26,25.93,0.01,16,42784,买盘
983,13:53:23,25.92,-0.01,5,12960,卖盘
984,13:53:20,25.93,0.01,20,51860,买盘
985,13:53:17,25.92,--,45,116640,卖盘
986,13:53:14,25.92,--,4,10368,卖盘
987,13:53:11,25.92,-0.01,2,5184,卖盘
988,13:53:08,25.93,--,99,256707,卖盘
989,13:53:02,25.93,--,83,215219,卖盘
990,13:52:59,25.93,--,19,49267,卖盘
991,13:52:50,25.93,--,254,658622,买盘
992,13:52:41,25.93,0.02,52,134836,买盘
993,13:52:38,25.91,-0.02,34,88094,卖盘
994,13:52:35,25.93,0.01,17,44081,买盘
995,13:52:32,25.92,--,43,111456,买盘
996,13:52:29,25.92,-0.01,6,15552,卖盘
997,13:52:26,25.93,-0.01,28,72604,卖盘
998,13:52:23,25.94,0.01,50,129700,买盘
999,13:52:20,25.93,-0.01,2,5186,买盘
1000,13:52:17,25.94,0.01,85,220490,买盘
1001,13:52:14,25.93,--,20,51860,卖盘
1002,13:52:11,25.93,-0.01,13,33709,卖盘
1003,13:52:08,25.94,0.01,5,12970,中性盘
1004,13:52:05,25.93,-0.02,100,259300,卖盘
1005,13:52:02,25.95,0.02,466,1209270,买盘
1006,13:51:56,25.93,-0.01,9,23337,卖盘
1007,13:51:53,25.94,0.01,19,49286,买盘
1008,13:51:47,25.93,--,89,230777,卖盘
1009,13:51:41,25.93,--,300,777900,卖盘
1010,13:51:34,25.93,--,20,51860,卖盘
1011,13:51:31,25.93,--,163,422659,卖盘
1012,13:51:28,25.93,--,149,386357,买盘
1013,13:51:25,25.93,0.01,97,251521,买盘
1014,13:51:19,25.92,-0.01,13,33696,中性盘
1015,13:51:16,25.93,-0.02,261,676773,买盘
1016,13:51:13,25.95,0.02,15,38925,买盘
1017,13:51:07,25.93,--,22,57046,买盘
1018,13:51:04,25.93,-0.02,25,64825,卖盘
1019,13:51:01,25.95,0.02,4,10380,买盘
1020,13:50:58,25.93,--,47,121871,卖盘
1021,13:50:55,25.93,--,323,837539,卖盘
1022,13:50:49,25.93,0.02,16,41488,买盘
1023,13:50:43,25.91,--,11,28501,卖盘
1024,13:50:40,25.91,-0.02,13,33683,卖盘
1025,13:50:37,25.93,0.03,26,67418,买盘
1026,13:50:31,25.9,-0.01,7,19166,卖盘
1027,13:50:28,25.91,0.01,47,121777,买盘
1028,13:50:25,25.9,--,17,44030,卖盘
1029,13:50:22,25.9,--,51,132090,买盘
1030,13:50:19,25.9,0.01,45,116550,买盘
1031,13:50:13,25.89,0.03,57,147573,买盘
1032,13:50:04,25.86,-0.02,24,62064,卖盘
1033,13:50:01,25.88,0.03,85,219980,买盘
1034,13:49:58,25.85,--,11,28435,买盘
1035,13:49:55,25.85,0.02,1,2585,买盘
1036,13:49:52,25.83,--,18,46494,买盘
1037,13:49:49,25.83,0.01,43,111068,买盘
1038,13:49:46,25.82,-0.01,3,7746,中性盘
1039,13:49:43,25.83,0.01,60,154980,买盘
1040,13:49:40,25.82,0.01,32,82624,买盘
1041,13:49:37,25.81,--,198,511038,买盘
1042,13:49:34,25.81,--,34,87754,买盘
1043,13:49:31,25.81,--,19,49039,买盘
1044,13:49:25,25.81,0.01,125,322625,买盘
1045,13:49:22,25.8,--,6,15480,买盘
1046,13:49:19,25.8,0.02,73,188340,买盘
1047,13:49:13,25.78,--,84,216552,买盘
1048,13:49:10,25.78,0.01,154,397012,买盘
1049,13:49:07,25.77,-0.01,16,41232,卖盘
1050,13:49:04,25.78,--,43,110854,买盘
1051,13:49:01,25.78,0.01,112,288736,买盘
1052,13:48:58,25.77,0.01,22,56694,买盘
1053,13:48:55,25.76,--,12,30912,卖盘
1054,13:48:52,25.76,0.01,134,345184,买盘
1055,13:48:49,25.75,--,6,15450,卖盘
1056,13:48:43,25.75,--,551,1418825,卖盘
1057,13:48:40,25.75,-0.01,71,182825,中性盘
1058,13:48:37,25.76,--,266,685216,买盘
1059,13:48:34,25.76,0.01,174,448224,买盘
1060,13:48:31,25.75,--,23,59225,卖盘
1061,13:48:28,25.75,-0.01,3,7725,卖盘
1062,13:48:25,25.76,--,61,157136,买盘
1063,13:48:22,25.76,--,116,298816,买盘
1064,13:48:16,25.76,-0.01,216,556416,卖盘
1065,13:48:13,25.77,-0.01,65,167505,卖盘
1066,13:48:10,25.78,--,187,482086,卖盘
1067,13:48:07,25.78,--,77,198506,卖盘
1068,13:48:01,25.78,-0.01,47,121166,卖盘
1069,13:47:58,25.79,--,68,175372,买盘
1070,13:47:55,25.79,0.01,46,118634,买盘
1071,13:47:52,25.78,--,27,69606,卖盘
1072,13:47:49,25.78,-0.01,11,28358,卖盘
1073,13:47:46,25.79,-0.01,26,67054,卖盘
1074,13:47:43,25.8,--,68,175440,买盘
1075,13:47:40,25.8,--,69,178020,买盘
1076,13:47:37,25.8,--,16,41280,买盘
1077,13:47:34,25.8,-0.03,244,631248,卖盘
1078,13:47:31,25.83,0.02,267,689661,买盘
1079,13:47:28,25.81,-0.02,110,283910,卖盘
1080,13:47:25,25.83,--,112,290148,买盘
1081,13:47:19,25.83,--,4,10332,卖盘
1082,13:47:16,25.83,--,6,15497,卖盘
1083,13:47:13,25.83,-0.02,20,51660,卖盘
1084,13:47:07,25.85,-0.01,26,67210,卖盘
1085,13:47:04,25.86,-0.02,6,15516,卖盘
1086,13:46:58,25.88,-0.01,62,160456,卖盘
1087,13:46:55,25.89,--,30,77670,卖盘
1088,13:46:52,25.89,-0.01,10,25890,卖盘
1089,13:46:49,25.9,0.01,9,23310,买盘
1090,13:46:46,25.89,-0.01,1,2589,卖盘
1091,13:46:43,25.9,-0.01,169,437710,卖盘
1092,13:46:40,25.91,-0.01,13,33683,中性盘
1093,13:46:37,25.92,--,155,401760,中性盘
1094,13:46:34,25.92,-0.01,26,67392,卖盘
1095,13:46:28,25.93,--,7,18151,买盘
1096,13:46:25,25.93,--,9,23337,卖盘
1097,13:46:22,25.93,-0.02,4,10372,卖盘
1098,13:46:19,25.95,0.02,35,90825,买盘
1099,13:46:16,25.93,-0.02,211,547123,卖盘
1100,13:46:13,25.95,-0.01,27,70065,卖盘
1101,13:46:10,25.96,--,40,103840,买盘
1102,13:46:07,25.96,0.01,51,132396,买盘
1103,13:46:04,25.95,--,11,28545,卖盘
1104,13:45:58,25.95,-0.02,70,181650,卖盘
1105,13:45:55,25.97,--,70,181790,买盘
1106,13:45:52,25.97,--,115,298655,卖盘
1107,13:45:46,25.97,--,17,44149,卖盘
1108,13:45:43,25.97,-0.01,17,44149,卖盘
1109,13:45:40,25.98,0.01,12,31176,买盘
1110,13:45:37,25.97,-0.01,384,997248,卖盘
1111,13:45:34,25.98,-0.01,22,57156,卖盘
1112,13:45:31,25.99,-0.01,58,150742,中性盘
1113,13:45:22,26.0,0.02,10,26000,买盘
1114,13:45:19,25.98,-0.02,26,67548,卖盘
1115,13:45:16,26.0,0.01,5,13000,买盘
1116,13:45:13,25.99,-0.01,42,109158,卖盘
1117,13:45:10,26.0,--,21,54600,买盘
1118,13:45:07,26.0,--,22,57200,买盘
1119,13:45:04,26.0,--,40,104000,买盘
1120,13:44:58,26.0,--,17,44200,买盘
1121,13:44:55,26.0,0.01,14,36400,买盘
1122,13:44:46,25.99,--,1,2599,卖盘
1123,13:44:43,25.99,-0.01,5,12995,中性盘
1124,13:44:40,26.0,--,35,91000,买盘
1125,13:44:34,26.0,--,31,80600,买盘
1126,13:44:31,26.0,--,250,650000,买盘
1127,13:44:25,26.0,--,1,2600,买盘
1128,13:44:22,26.0,--,2,5200,买盘
1129,13:44:19,26.0,--,62,161200,买盘
1130,13:44:16,26.0,0.03,25,65000,买盘
1131,13:44:13,25.97,-0.03,50,129850,卖盘
1132,13:44:10,26.0,--,34,88400,买盘
1133,13:44:07,26.0,0.03,13,33800,买盘
1134,13:44:04,25.97,-0.03,45,116865,卖盘
1135,13:44:01,26.0,0.03,70,182000,买盘
1136,13:43:58,25.97,-0.01,418,1085546,卖盘
1137,13:43:55,25.98,-0.02,2,5196,中性盘
1138,13:43:49,26.0,0.03,14,36400,买盘
1139,13:43:40,25.97,-0.01,10,25970,卖盘
1140,13:43:37,25.98,--,57,148086,卖盘
1141,13:43:34,25.98,-0.02,1,2598,中性盘
1142,13:43:31,26.0,--,5,13000,买盘
1143,13:43:28,26.0,--,1,2600,买盘
1144,13:43:25,26.0,--,34,88400,买盘
1145,13:43:22,26.0,0.03,1,2600,买盘
1146,13:43:19,25.97,-0.03,43,111671,卖盘
1147,13:43:16,26.0,0.01,22,57200,买盘
1148,13:43:13,25.99,-0.01,9,23391,中性盘
1149,13:43:10,26.0,--,7,18200,买盘
1150,13:43:07,26.0,0.01,5,13000,买盘
1151,13:43:04,25.99,-0.01,15,38985,卖盘
1152,13:43:01,26.0,--,14,36400,买盘
1153,13:42:58,26.0,--,10,26000,买盘
1154,13:42:55,26.0,--,54,140400,买盘
1155,13:42:52,26.0,--,41,106600,买盘
1156,13:42:49,26.0,--,9,23400,买盘
1157,13:42:46,26.0,--,80,208000,买盘
1158,13:42:40,26.0,--,36,93600,买盘
1159,13:42:31,26.0,-0.02,1189,3091400,卖盘
1160,13:42:28,26.02,0.02,3,7806,买盘
1161,13:42:25,26.0,-0.03,105,273000,卖盘
1162,13:42:19,26.03,--,427,1111481,买盘
1163,13:42:13,26.03,0.01,43,111929,买盘
1164,13:42:10,26.02,-0.01,8,20816,卖盘
1165,13:42:07,26.03,--,22,57266,买盘
1166,13:42:04,26.03,--,10,26030,买盘
1167,13:42:01,26.03,--,21,54663,买盘
1168,13:41:58,26.03,-0.01,43,111929,卖盘
1169,13:41:55,26.04,-0.01,11,28644,卖盘
1170,13:41:52,26.05,0.01,35,91175,买盘
1171,13:41:49,26.04,0.02,57,148428,买盘
1172,13:41:43,26.02,-0.02,98,254996,卖盘
1173,13:41:40,26.04,--,45,117180,买盘
1174,13:41:37,26.04,0.03,26,67704,买盘
1175,13:41:34,26.01,--,6,15606,卖盘
1176,13:41:31,26.01,-0.04,38,98838,卖盘
1177,13:41:28,26.05,0.01,24,62520,买盘
1178,13:41:25,26.04,0.01,55,143220,买盘
1179,13:41:19,26.03,-0.02,12,31236,中性盘
1180,13:41:16,26.05,--,31,80755,买盘
1181,13:41:13,26.05,--,411,1070655,买盘
1182,13:41:10,26.05,--,20,52100,买盘
1183,13:41:07,26.05,--,29,75545,买盘
1184,13:41:04,26.05,--,2,5210,买盘
1185,13:41:01,26.05,--,23,59915,买盘
1186,13:40:58,26.05,0.02,11,28655,买盘
1187,13:40:55,26.03,-0.02,36,93708,卖盘
1188,13:40:52,26.05,-0.01,57,148485,卖盘
1189,13:40:49,26.06,0.06,97,252782,买盘
1190,13:40:46,26.0,-0.05,9,23400,卖盘
1191,13:40:43,26.05,--,98,255290,买盘
1192,13:40:40,26.05,--,730,1901650,买盘
1193,13:40:37,26.05,-0.01,51,132855,卖盘
1194,13:40:34,26.06,--,22,57332,卖盘
1195,13:40:31,26.06,0.01,17,44302,买盘
1196,13:40:25,26.05,--,33,85965,中性盘
1197,13:40:22,26.05,0.01,207,539235,中性盘
1198,13:40:13,26.04,-0.01,10,26040,卖盘
1199,13:40:10,26.05,0.02,109,283945,买盘
1200,13:40:07,26.03,--,10,26030,卖盘
1201,13:40:04,26.03,--,35,91105,卖盘
1202,13:39:58,26.03,0.03,28,72884,买盘
1203,13:39:55,26.0,--,4,10400,卖盘
1204,13:39:52,26.0,--,85,221000,买盘
1205,13:39:49,26.0,0.01,55,143000,买盘
1206,13:39:43,25.99,--,18,46782,卖盘
1207,13:39:40,25.99,--,28,72772,买盘
1208,13:39:37,25.99,0.03,107,278093,买盘
1209,13:39:34,25.96,--,23,59708,卖盘
1210,13:39:31,25.96,--,21,54516,买盘
1211,13:39:28,25.96,--,56,145376,买盘
1212,13:39:25,25.96,0.01,49,127801,买盘
1213,13:39:22,25.95,-0.01,55,142725,卖盘
1214,13:39:19,25.96,0.03,13,33748,买盘
1215,13:39:16,25.93,--,58,150394,卖盘
1216,13:39:13,25.93,--,19,49267,卖盘
1217,13:39:10,25.93,--,30,77790,卖盘
1218,13:39:04,25.93,0.01,56,145208,中性盘
1219,13:39:01,25.92,-0.01,177,458784,卖盘
1220,13:38:58,25.93,0.01,19,49267,买盘
1221,13:38:55,25.92,-0.01,45,116640,卖盘
1222,13:38:52,25.93,--,181,469333,卖盘
1223,13:38:49,25.93,--,130,337090,卖盘
1224,13:38:43,25.93,0.01,15,38895,中性盘
1225,13:38:40,25.92,-0.03,55,142560,卖盘
1226,13:38:37,25.95,0.02,31,80445,买盘
1227,13:38:34,25.93,--,4,10372,买盘
1228,13:38:31,25.93,-0.02,80,207440,卖盘
1229,13:38:28,25.95,-0.01,18,46710,卖盘
1230,13:38:25,25.96,--,81,210276,卖盘
1231,13:38:22,25.96,-0.02,7,18172,卖盘
1232,13:38:19,25.98,0.02,5,12990,中性盘
1233,13:38:16,25.96,--,71,184316,卖盘
1234,13:38:13,25.96,-0.03,15,38940,卖盘
1235,13:38:10,25.99,--,24,62375,买盘
1236,13:38:07,25.99,-0.01,26,67574,卖盘
1237,13:38:04,26.0,--,19,49400,买盘
1238,13:38:01,26.0,--,5,13000,买盘
1239,13:37:58,26.0,-0.03,1389,3611400,卖盘
1240,13:37:52,26.03,--,37,96311,卖盘
1241,13:37:49,26.03,-0.02,146,380038,卖盘
1242,13:37:46,26.05,-0.01,12,31260,卖盘
1243,13:37:40,26.06,-0.01,16,41696,买盘
1244,13:37:37,26.07,0.01,21,54747,买盘
1245,13:37:34,26.06,--,1,2606,卖盘
1246,13:37:31,26.06,-0.01,137,357022,卖盘
1247,13:37:25,26.07,-0.01,8,20856,卖盘
1248,13:37:22,26.08,--,33,86064,买盘
1249,13:37:16,26.08,-0.02,391,1019727,卖盘
1250,13:37:13,26.1,--,42,109620,卖盘
1251,13:37:10,26.1,-0.01,3,7830,卖盘
1252,13:37:07,26.11,--,44,114884,卖盘
1253,13:37:04,26.11,-0.02,19,49609,卖盘
1254,13:37:01,26.13,0.02,65,169845,买盘
1255,13:36:58,26.11,--,19,49609,卖盘
1256,13:36:55,26.11,--,10,26110,卖盘
1257,13:36:52,26.11,-0.01,12,31332,卖盘
1258,13:36:46,26.12,0.01,1,2612,买盘
1259,13:36:43,26.11,-0.02,107,279377,卖盘
1260,13:36:40,26.13,-0.01,232,606216,买盘
1261,13:36:34,26.14,--,79,206506,买盘
1262,13:36:31,26.14,--,229,598606,买盘
1263,13:36:28,26.14,--,2,5228,买盘
1264,13:36:25,26.14,--,5,13070,买盘
1265,13:36:22,26.14,--,48,125472,买盘
1266,13:36:16,26.14,-0.01,206,538484,卖盘
1267,13:36:13,26.15,-0.01,25,65375,卖盘
1268,13:36:10,26.16,0.01,10,26160,买盘
1269,13:36:07,26.15,-0.01,95,248425,卖盘
1270,13:36:01,26.16,--,5,13080,买盘
1271,13:35:58,26.16,0.01,5,13080,买盘
1272,13:35:55,26.15,-0.01,94,245810,卖盘
1273,13:35:49,26.16,--,44,115104,卖盘
1274,13:35:46,26.16,-0.01,22,57552,卖盘
1275,13:35:43,26.17,--,4,10468,买盘
1276,13:35:37,26.17,0.01,50,130850,买盘
1277,13:35:34,26.16,-0.01,106,277296,卖盘
1278,13:35:31,26.17,--,44,115148,卖盘
1279,13:35:28,26.17,-0.02,21,54957,卖盘
1280,13:35:25,26.19,0.02,63,164997,买盘
1281,13:35:19,26.17,-0.01,261,683037,卖盘
1282,13:35:13,26.18,-0.01,2,5236,卖盘
1283,13:35:10,26.19,--,10,26190,买盘
1284,13:35:07,26.19,--,41,107379,买盘
1285,13:35:04,26.19,-0.01,98,256662,卖盘
1286,13:35:01,26.2,0.01,10,26200,买盘
1287,13:34:58,26.19,--,29,75951,卖盘
1288,13:34:55,26.19,--,2,5238,卖盘
1289,13:34:52,26.19,--,44,115236,卖盘
1290,13:34:49,26.19,--,12,31428,买盘
1291,13:34:46,26.19,--,39,102141,买盘
1292,13:34:43,26.19,--,29,75951,卖盘
1293,13:34:37,26.19,--,36,94284,卖盘
1294,13:34:34,26.19,--,86,225234,买盘
1295,13:34:25,26.19,--,51,133569,买盘
1296,13:34:22,26.19,--,17,44523,买盘
1297,13:34:19,26.19,--,59,154521,卖盘
1298,13:34:16,26.19,--,18,47142,买盘
1299,13:34:13,26.19,--,15,39285,卖盘
1300,13:34:10,26.19,-0.01,53,138807,卖盘
1301,13:34:07,26.2,--,10,26200,买盘
1302,13:34:04,26.2,0.01,63,165060,买盘
1303,13:34:01,26.19,--,32,83808,买盘
1304,13:33:58,26.19,-0.01,8,20952,卖盘
1305,13:33:55,26.2,--,20,52400,买盘
1306,13:33:52,26.2,--,10,26200,买盘
1307,13:33:49,26.2,--,13,34060,买盘
1308,13:33:46,26.2,-0.01,18,49151,卖盘
1309,13:33:43,26.21,-0.04,128,335488,卖盘
1310,13:33:40,26.25,0.02,312,819000,买盘
1311,13:33:34,26.23,--,40,104920,卖盘
1312,13:33:31,26.23,-0.01,74,194102,卖盘
1313,13:33:28,26.24,0.02,60,157440,买盘
1314,13:33:25,26.22,0.02,14,36708,中性盘
1315,13:33:19,26.2,-0.02,229,599980,卖盘
1316,13:33:16,26.22,0.01,1,2622,买盘
1317,13:33:13,26.21,-0.01,8,20968,卖盘
1318,13:33:10,26.22,0.01,44,115368,买盘
1319,13:33:04,26.21,-0.01,12,31452,卖盘
1320,13:33:01,26.22,0.01,11,28842,买盘
1321,13:32:55,26.21,-0.01,8,20968,卖盘
1322,13:32:52,26.22,0.01,15,39959,买盘
1323,13:32:49,26.21,--,6,15726,买盘
1324,13:32:46,26.21,--,7,18347,买盘
1325,13:32:43,26.21,-0.01,148,389899,卖盘
1326,13:32:40,26.22,--,26,68172,买盘
1327,13:32:37,26.22,--,19,50447,买盘
1328,13:32:34,26.22,--,73,191406,买盘
1329,13:32:28,26.22,--,9,23598,买盘
1330,13:32:25,26.22,--,3,7866,买盘
1331,13:32:19,26.22,--,35,91770,卖盘
1332,13:32:16,26.22,0.01,9,23598,买盘
1333,13:32:10,26.21,--,1,2621,卖盘
1334,13:32:07,26.21,-0.01,8,20968,卖盘
1335,13:32:04,26.22,0.02,11,28842,买盘
1336,13:32:00,26.2,-0.02,10,26200,卖盘
1337,13:31:57,26.22,0.01,21,55062,买盘
1338,13:31:54,26.21,-0.02,1,2621,中性盘
1339,13:31:48,26.23,0.01,180,472140,买盘
1340,13:31:42,26.22,0.01,10,26220,买盘
1341,13:31:39,26.21,-0.02,5,13105,卖盘
1342,13:31:36,26.23,0.01,5,13115,买盘
1343,13:31:33,26.22,--,101,264822,卖盘
1344,13:31:30,26.22,-0.03,43,112746,卖盘
1345,13:31:27,26.25,--,20,52500,买盘
1346,13:31:24,26.25,--,134,351750,买盘
1347,13:31:18,26.25,--,58,152250,买盘
1348,13:31:15,26.25,-0.02,10,26250,卖盘
1349,13:31:09,26.27,0.01,25,65675,买盘
1350,13:31:06,26.26,-0.01,145,380770,卖盘
1351,13:31:00,26.27,--,55,144485,买盘
1352,13:30:57,26.27,--,50,131350,卖盘
1353,13:30:54,26.27,-0.02,5,13135,卖盘
1354,13:30:51,26.29,--,35,92015,买盘
1355,13:30:48,26.29,--,11,28919,买盘
1356,13:30:45,26.29,--,23,60467,卖盘
1357,13:30:42,26.29,-0.01,74,194546,卖盘
1358,13:30:39,26.3,0.01,112,294560,买盘
1359,13:30:36,26.29,-0.01,60,157740,卖盘
1360,13:30:33,26.3,0.01,64,168320,买盘
1361,13:30:30,26.29,--,16,42064,买盘
1362,13:30:27,26.29,--,35,92015,买盘
1363,13:30:24,26.29,0.01,9,23661,买盘
1364,13:30:21,26.28,-0.02,59,155052,卖盘
1365,13:30:18,26.3,-0.01,62,163060,中性盘
1366,13:30:15,26.31,0.01,52,136812,买盘
1367,13:30:12,26.3,0.01,388,1020440,买盘
1368,13:30:09,26.29,--,217,570493,中性盘
1369,13:30:03,26.29,-0.01,92,241868,卖盘
1370,13:30:00,26.3,--,61,160430,买盘
1371,13:29:57,26.3,-0.01,108,284040,买盘
1372,13:29:51,26.31,--,217,572795,买盘
1373,13:29:48,26.31,--,151,397281,买盘
1374,13:29:45,26.31,0.01,182,478842,买盘
1375,13:29:42,26.3,-0.02,279,735611,卖盘
1376,13:29:39,26.32,0.02,39,102648,买盘
1377,13:29:36,26.3,--,120,317151,卖盘
1378,13:29:33,26.3,-0.01,58,152540,卖盘
1379,13:29:30,26.31,--,71,186801,买盘
1380,13:29:27,26.31,0.02,300,789300,买盘
1381,13:29:24,26.29,-0.01,341,896489,卖盘
1382,13:29:21,26.3,--,225,591750,买盘
1383,13:29:15,26.3,--,398,1046740,买盘
1384,13:29:12,26.3,0.02,8,21040,买盘
1385,13:29:09,26.28,-0.01,133,349524,卖盘
1386,13:29:03,26.29,0.03,250,657250,买盘
1387,13:29:00,26.26,--,1,2626,卖盘
1388,13:28:57,26.26,0.01,57,149682,买盘
1389,13:28:54,26.25,0.03,862,2262750,买盘
1390,13:28:51,26.22,--,25,65550,卖盘
1391,13:28:48,26.22,--,5,13110,卖盘
1392,13:28:42,26.22,0.02,12,31464,买盘
1393,13:28:39,26.2,--,200,524000,卖盘
1394,13:28:36,26.2,--,23,60260,买盘
1395,13:28:33,26.2,0.01,365,956300,买盘
1396,13:28:30,26.19,0.01,40,104760,中性盘
1397,13:28:24,26.18,--,617,1615306,卖盘
1398,13:28:21,26.18,--,4,10472,卖盘
1399,13:28:18,26.18,0.03,10,28195,买盘
1400,13:28:15,26.15,--,2,5230,卖盘
1401,13:28:09,26.15,-0.03,1,2615,中性盘
1402,13:28:06,26.18,0.03,323,845614,买盘
1403,13:28:03,26.15,--,3,7845,买盘
1404,13:28:00,26.15,--,6,15690,买盘
1405,13:27:57,26.15,--,15,39225,买盘
1406,13:27:54,26.15,--,85,222275,买盘
1407,13:27:48,26.15,0.01,105,274575,买盘
1408,13:27:45,26.14,-0.01,42,109788,卖盘
1409,13:27:42,26.15,--,48,125520,买盘
1410,13:27:39,26.15,0.01,44,115060,买盘
1411,13:27:33,26.14,-0.01,23,60122,卖盘
1412,13:27:30,26.15,--,43,112445,买盘
1413,13:27:27,26.15,--,3,7845,买盘
1414,13:27:24,26.15,0.01,52,135980,买盘
1415,13:27:21,26.14,-0.01,1,2614,卖盘
1416,13:27:18,26.15,--,53,138595,买盘
1417,13:27:15,26.15,--,3,7845,买盘
1418,13:27:12,26.15,0.01,29,75835,买盘
1419,13:27:09,26.14,--,6,15684,卖盘
1420,13:27:06,26.14,-0.01,13,33982,卖盘
1421,13:27:03,26.15,0.01,59,154285,买盘
1422,13:27:00,26.14,-0.01,19,49666,卖盘
1423,13:26:54,26.15,0.01,5,13075,买盘
1424,13:26:51,26.14,--,20,52280,卖盘
1425,13:26:48,26.14,--,8,20912,卖盘
1426,13:26:45,26.14,--,30,78420,卖盘
1427,13:26:42,26.14,--,43,112402,卖盘
1428,13:26:39,26.14,--,3,7842,卖盘
1429,13:26:36,26.14,--,8,20912,卖盘
1430,13:26:33,26.14,--,10,26140,卖盘
1431,13:26:30,26.14,--,80,209120,买盘
1432,13:26:24,26.14,0.01,22,57508,买盘
1433,13:26:21,26.13,--,4,10452,卖盘
1434,13:26:18,26.13,--,4,10452,卖盘
1435,13:26:12,26.13,-0.01,9,23517,卖盘
1436,13:26:09,26.14,0.01,17,44438,买盘
1437,13:26:06,26.13,--,17,44421,卖盘
1438,13:26:03,26.13,--,11,28743,卖盘
1439,13:26:00,26.13,-0.01,33,86229,卖盘
1440,13:25:57,26.14,--,15,39210,买盘
1441,13:25:54,26.14,0.01,10,26140,买盘
1442,13:25:51,26.13,-0.01,8,20904,卖盘
1443,13:25:48,26.14,--,41,107174,买盘
1444,13:25:45,26.14,-0.01,21,54894,卖盘
1445,13:25:42,26.15,0.01,168,439320,买盘
1446,13:25:36,26.14,--,22,57508,卖盘
1447,13:25:33,26.14,--,3,7842,卖盘
1448,13:25:30,26.14,-0.01,41,107174,卖盘
1449,13:25:27,26.15,--,20,52300,买盘
1450,13:25:24,26.15,--,50,130750,买盘
1451,13:25:21,26.15,--,7,18305,买盘
1452,13:25:15,26.15,--,44,115060,买盘
1453,13:25:12,26.15,0.01,45,117675,买盘
1454,13:25:09,26.14,-0.01,16,41824,卖盘
1455,13:25:06,26.15,--,58,151670,买盘
1456,13:25:03,26.15,--,11,28765,买盘
1457,13:25:00,26.15,--,20,52300,买盘
1458,13:24:54,26.15,0.01,1,2615,买盘
1459,13:24:51,26.14,-0.01,8,20912,卖盘
1460,13:24:48,26.15,0.01,21,56222,买盘
1461,13:24:45,26.14,--,14,36596,买盘
1462,13:24:42,26.14,0.01,114,297996,买盘
1463,13:24:39,26.13,-0.01,34,88842,卖盘
1464,13:24:36,26.14,0.01,31,81034,买盘
1465,13:24:33,26.13,--,55,143715,卖盘
1466,13:24:30,26.13,--,59,154167,卖盘
1467,13:24:27,26.13,-0.01,5,13065,卖盘
1468,13:24:24,26.14,--,23,60122,买盘
1469,13:24:18,26.14,0.01,14,36596,买盘
1470,13:24:15,26.13,--,11,28743,卖盘
1471,13:24:12,26.13,--,1,2613,中性盘
1472,13:24:03,26.13,--,40,104520,买盘
1473,13:24:00,26.13,--,10,26130,买盘
1474,13:23:57,26.13,-0.01,3,7839,买盘
1475,13:23:54,26.14,0.02,48,125472,买盘
1476,13:23:51,26.12,-0.01,129,336948,卖盘
1477,13:23:48,26.13,-0.01,96,250848,卖盘
1478,13:23:45,26.14,0.01,46,120244,买盘
1479,13:23:42,26.13,--,19,49647,卖盘
1480,13:23:36,26.13,-0.01,35,91455,卖盘
1481,13:23:33,26.14,--,19,49666,买盘
1482,13:23:30,26.14,0.02,45,117630,买盘
1483,13:23:27,26.12,-0.02,20,52240,卖盘
1484,13:23:24,26.14,--,46,120244,买盘
1485,13:23:21,26.14,--,3,7842,买盘
1486,13:23:18,26.14,0.01,78,203892,买盘
1487,13:23:15,26.13,-0.01,55,143715,卖盘
1488,13:23:12,26.14,0.01,34,88876,买盘
1489,13:23:09,26.13,-0.01,9,23517,卖盘
1490,13:23:06,26.14,0.01,145,379030,买盘
1491,13:23:03,26.13,--,7,18291,卖盘
1492,13:23:00,26.13,--,19,49647,卖盘
1493,13:22:54,26.13,0.01,17,44421,买盘
1494,13:22:51,26.12,-0.01,8,20896,卖盘
1495,13:22:48,26.13,--,11,28743,买盘
1496,13:22:45,26.13,--,11,28743,买盘
1497,13:22:42,26.13,--,8,20904,买盘
1498,13:22:39,26.13,--,4,10452,买盘
1499,13:22:36,26.13,--,5,13065,买盘
1500,13:22:33,26.13,--,24,62712,卖盘
1501,13:22:30,26.13,--,70,182910,卖盘
1502,13:22:27,26.13,--,20,52260,卖盘
1503,13:22:21,26.13,-0.01,17,44421,卖盘
1504,13:22:18,26.14,--,12,31368,买盘
1505,13:22:15,26.14,0.01,7,18298,买盘
1506,13:22:12,26.13,-0.01,43,112359,卖盘
1507,13:22:09,26.14,0.01,2,5228,买盘
1508,13:22:06,26.13,-0.01,13,33969,卖盘
1509,13:22:03,26.14,-0.01,67,175138,中性盘
1510,13:22:00,26.15,0.01,114,298711,买盘
1511,13:21:57,26.14,-0.01,13,33982,卖盘
1512,13:21:54,26.15,--,2,5230,买盘
1513,13:21:48,26.15,--,10,26150,买盘
1514,13:21:45,26.15,-0.01,243,635445,卖盘
1515,13:21:42,26.16,--,2,5232,买盘
1516,13:21:39,26.16,0.01,10,26160,买盘
1517,13:21:36,26.15,-0.01,5,13075,卖盘
1518,13:21:33,26.16,--,34,88944,卖盘
1519,13:21:30,26.16,--,45,117720,卖盘
1520,13:21:27,26.16,--,81,211896,卖盘
1521,13:21:21,26.16,-0.02,6,15696,卖盘
1522,13:21:15,26.18,--,10,26180,买盘
1523,13:21:12,26.18,--,6,15708,买盘
1524,13:21:09,26.18,--,49,128282,买盘
1525,13:21:06,26.18,--,194,509201,卖盘
1526,13:21:03,26.18,--,12,32725,卖盘
1527,13:21:00,26.18,-0.01,10,26180,卖盘
1528,13:20:57,26.19,--,8,20952,买盘
1529,13:20:54,26.19,--,30,78570,买盘
1530,13:20:51,26.19,--,27,70713,买盘
1531,13:20:45,26.19,--,27,70713,卖盘
1532,13:20:39,26.19,-0.01,16,41904,卖盘
1533,13:20:36,26.2,0.01,101,264620,买盘
1534,13:20:33,26.19,--,20,52380,卖盘
1535,13:20:30,26.19,--,89,233091,卖盘
1536,13:20:27,26.19,--,23,60237,卖盘
1537,13:20:24,26.19,--,12,31428,卖盘
1538,13:20:21,26.19,-0.01,34,89046,卖盘
1539,13:20:18,26.2,0.01,68,178160,买盘
1540,13:20:15,26.19,-0.01,10,26190,卖盘
1541,13:20:12,26.2,--,2,5240,买盘
1542,13:20:09,26.2,-0.02,312,817440,卖盘
1543,13:20:03,26.22,0.01,19,49818,买盘
1544,13:20:00,26.21,-0.01,51,133671,卖盘
1545,13:19:57,26.22,0.01,22,57684,中性盘
1546,13:19:54,26.21,-0.01,43,112703,卖盘
1547,13:19:51,26.22,--,51,133722,买盘
1548,13:19:48,26.22,--,13,34086,买盘
1549,13:19:45,26.22,0.02,29,76038,中性盘
1550,13:19:42,26.2,-0.02,16,41920,卖盘
1551,13:19:39,26.22,0.01,95,249090,买盘
1552,13:19:36,26.21,-0.01,33,86493,卖盘
1553,13:19:30,26.22,--,34,89148,卖盘
1554,13:19:27,26.22,0.02,61,159942,中性盘
1555,13:19:21,26.2,-0.02,115,301300,卖盘
1556,13:19:18,26.22,-0.01,83,217626,中性盘
1557,13:19:12,26.23,0.01,83,217709,买盘
1558,13:19:09,26.22,--,6,15732,买盘
1559,13:19:06,26.22,--,157,411654,买盘
1560,13:19:03,26.22,--,24,62928,买盘
1561,13:19:00,26.22,--,153,401166,买盘
1562,13:18:57,26.22,-0.02,27,70794,卖盘
1563,13:18:54,26.24,0.02,164,430729,买盘
1564,13:18:51,26.22,--,18,47196,买盘
1565,13:18:48,26.22,0.02,24,62928,买盘
1566,13:18:45,26.2,--,20,52400,买盘
1567,13:18:42,26.2,--,30,78600,买盘
1568,13:18:39,26.2,-0.02,45,117900,卖盘
1569,13:18:36,26.22,0.02,64,167808,买盘
1570,13:18:30,26.2,0.01,4,10480,买盘
1571,13:18:27,26.19,-0.01,104,272376,卖盘
1572,13:18:24,26.2,--,13,34060,卖盘
1573,13:18:18,26.2,-0.02,42,110040,中性盘
1574,13:18:15,26.22,0.02,257,673854,买盘
1575,13:18:12,26.2,0.01,119,311780,买盘
1576,13:18:09,26.19,-0.01,26,68094,卖盘
1577,13:18:06,26.2,--,7,18340,买盘
1578,13:18:03,26.2,0.02,8,20960,买盘
1579,13:18:00,26.18,--,7,18326,卖盘
1580,13:17:57,26.18,-0.02,58,151844,卖盘
1581,13:17:54,26.2,0.02,167,437540,买盘
1582,13:17:51,26.18,--,25,65450,卖盘
1583,13:17:48,26.18,--,19,49742,卖盘
1584,13:17:45,26.18,--,90,235620,买盘
1585,13:17:39,26.18,0.01,12,31416,买盘
1586,13:17:36,26.17,--,2,5234,卖盘
1587,13:17:33,26.17,--,22,57574,卖盘
1588,13:17:30,26.17,--,17,44489,卖盘
1589,13:17:27,26.17,0.02,32,83744,买盘
1590,13:17:24,26.15,--,63,164745,卖盘
1591,13:17:21,26.15,--,73,190895,卖盘
1592,13:17:18,26.15,--,148,387020,卖盘
1593,13:17:12,26.15,--,23,60145,买盘
1594,13:17:06,26.15,0.01,35,91525,买盘
1595,13:17:03,26.14,-0.01,75,196050,卖盘
1596,13:17:00,26.15,--,71,185665,买盘
1597,13:16:57,26.15,--,61,159515,卖盘
1598,13:16:54,26.15,0.01,6,15690,中性盘
1599,13:16:51,26.14,-0.01,81,211734,卖盘
1600,13:16:48,26.15,--,194,509323,买盘
1601,13:16:45,26.15,0.01,110,287650,买盘
1602,13:16:42,26.14,-0.01,16,41824,卖盘
1603,13:16:39,26.15,0.01,17,44455,买盘
1604,13:16:36,26.14,0.01,28,73192,买盘
1605,13:16:33,26.13,-0.02,47,122811,卖盘
1606,13:16:30,26.15,0.02,50,130750,买盘
1607,13:16:27,26.13,-0.01,48,125424,卖盘
1608,13:16:24,26.14,0.01,2,5228,买盘
1609,13:16:21,26.13,-0.01,87,227331,卖盘
1610,13:16:15,26.14,0.01,125,326750,买盘
1611,13:16:12,26.13,-0.01,27,70551,卖盘
1612,13:16:09,26.14,--,36,94104,买盘
1613,13:16:03,26.14,--,15,39210,买盘
1614,13:16:00,26.14,0.01,38,99332,买盘
1615,13:15:57,26.13,--,24,64645,卖盘
1616,13:15:54,26.13,--,6,15678,卖盘
1617,13:15:51,26.13,-0.01,27,70551,卖盘
1618,13:15:48,26.14,0.01,12,31368,卖盘
1619,13:15:45,26.13,-0.01,20,52260,卖盘
1620,13:15:42,26.14,0.01,2,5228,买盘
1621,13:15:39,26.13,0.01,37,96681,中性盘
1622,13:15:36,26.12,-0.01,218,570722,卖盘
1623,13:15:33,26.13,--,10,26130,买盘
1624,13:15:30,26.13,0.01,3,7839,中性盘
1625,13:15:27,26.12,-0.03,13,33956,卖盘
1626,13:15:24,26.15,--,173,452395,买盘
1627,13:15:21,26.15,0.01,40,104600,买盘
1628,13:15:15,26.14,--,10,26140,卖盘
1629,13:15:12,26.14,-0.01,25,65951,卖盘
1630,13:15:09,26.15,--,30,80463,买盘
1631,13:15:06,26.15,--,10,26751,卖盘
1632,13:15:03,26.15,--,94,245810,卖盘
1633,13:15:00,26.15,--,56,146440,卖盘
1634,13:14:54,26.15,--,42,109830,卖盘
1635,13:14:51,26.15,-0.01,12,31380,卖盘
1636,13:14:48,26.16,--,61,159576,买盘
1637,13:14:45,26.16,0.01,50,130800,买盘
1638,13:14:39,26.15,-0.02,146,382051,卖盘
1639,13:14:36,26.17,0.01,28,75029,买盘
1640,13:14:33,26.16,-0.02,8,20928,卖盘
1641,13:14:30,26.18,--,49,128282,买盘
1642,13:14:27,26.18,0.01,27,70686,买盘
1643,13:14:24,26.17,-0.01,7,18319,中性盘
1644,13:14:21,26.18,--,75,196350,买盘
1645,13:14:18,26.18,--,20,52360,买盘
1646,13:14:15,26.18,-0.02,15,39270,买盘
1647,13:14:12,26.2,0.01,34,89080,买盘
1648,13:14:09,26.19,--,340,890460,卖盘
1649,13:14:03,26.19,--,18,47142,卖盘
1650,13:14:00,26.19,-0.01,5,13095,卖盘
1651,13:13:57,26.2,0.02,102,267240,买盘
1652,13:13:51,26.18,--,15,39270,卖盘
1653,13:13:48,26.18,--,8,20944,卖盘
1654,13:13:42,26.18,-0.01,6,15708,卖盘
1655,13:13:39,26.19,0.01,56,146664,买盘
1656,13:13:36,26.18,--,75,196350,买盘
1657,13:13:33,26.18,0.01,36,94248,买盘
1658,13:13:30,26.17,-0.01,78,204126,卖盘
1659,13:13:27,26.18,0.01,10,26180,买盘
1660,13:13:24,26.17,--,21,54957,卖盘
1661,13:13:20,26.17,0.01,69,182404,买盘
1662,13:13:17,26.16,-0.01,177,463816,卖盘
1663,13:13:11,26.17,--,65,170105,买盘
1664,13:13:08,26.17,0.01,42,109914,买盘
1665,13:13:05,26.16,--,47,122952,卖盘
1666,13:13:02,26.16,--,128,334848,卖盘
1667,13:12:56,26.16,--,2,5232,卖盘
1668,13:12:53,26.16,--,40,104640,卖盘
1669,13:12:50,26.16,-0.01,30,78480,卖盘
1670,13:12:47,26.17,--,10,26170,买盘
1671,13:12:44,26.17,-0.01,8,20936,中性盘
1672,13:12:41,26.18,0.01,145,379610,买盘
1673,13:12:38,26.17,-0.01,37,96829,卖盘
1674,13:12:32,26.18,0.01,23,60214,买盘
1675,13:12:29,26.17,-0.01,101,264317,卖盘
1676,13:12:23,26.18,-0.01,304,795872,卖盘
1677,13:12:20,26.19,--,95,248805,买盘
1678,13:12:17,26.19,--,24,62856,买盘
1679,13:12:14,26.19,-0.01,116,303804,中性盘
1680,13:12:11,26.2,0.01,42,110040,买盘
1681,13:12:08,26.19,--,11,28809,卖盘
1682,13:12:02,26.19,-0.02,66,172854,卖盘
1683,13:11:59,26.21,0.01,60,157260,买盘
1684,13:11:56,26.2,--,4,10480,买盘
1685,13:11:53,26.2,-0.01,39,104407,卖盘
1686,13:11:50,26.21,--,14,36694,买盘
1687,13:11:47,26.21,--,66,172986,买盘
1688,13:11:44,26.21,--,2,5242,买盘
1689,13:11:41,26.21,--,136,356456,买盘
1690,13:11:38,26.21,--,16,41936,买盘
1691,13:11:35,26.21,--,78,204438,卖盘
1692,13:11:32,26.21,-0.01,110,288310,卖盘
1693,13:11:29,26.22,--,30,78660,买盘
1694,13:11:23,26.22,--,12,31464,买盘
1695,13:11:20,26.22,--,41,107502,买盘
1696,13:11:17,26.22,--,118,309396,卖盘
1697,13:11:14,26.22,--,133,348726,卖盘
1698,13:11:11,26.22,-0.01,57,149454,卖盘
1699,13:11:08,26.23,--,32,83936,买盘
1700,13:11:05,26.23,--,9,23607,买盘
1701,13:11:02,26.23,--,41,107543,买盘
1702,13:10:59,26.23,0.01,66,173118,买盘
1703,13:10:53,26.22,0.01,172,450984,中性盘
1704,13:10:50,26.21,-0.01,172,451126,卖盘
1705,13:10:47,26.22,-0.01,180,474267,卖盘
1706,13:10:44,26.23,--,51,133773,买盘
1707,13:10:41,26.23,--,47,123281,买盘
1708,13:10:38,26.23,0.01,223,585243,买盘
1709,13:10:32,26.22,--,58,152076,卖盘
1710,13:10:29,26.22,--,34,89148,卖盘
1711,13:10:26,26.22,--,92,242456,买盘
1712,13:10:23,26.22,--,140,367080,买盘
1713,13:10:20,26.22,--,91,238602,买盘
1714,13:10:14,26.22,--,45,120218,买盘
1715,13:10:11,26.22,--,103,270066,卖盘
1716,13:10:08,26.22,--,166,435645,卖盘
1717,13:10:02,26.22,-0.01,27,70794,卖盘
1718,13:09:59,26.23,0.01,77,201971,买盘
1719,13:09:56,26.22,--,70,183540,买盘
1720,13:09:53,26.22,0.02,18,47196,买盘
1721,13:09:50,26.2,-0.02,234,613080,卖盘
1722,13:09:47,26.22,0.01,46,120612,中性盘
1723,13:09:44,26.21,--,81,213768,卖盘
1724,13:09:38,26.21,--,144,377424,卖盘
1725,13:09:35,26.21,0.03,83,217543,买盘
1726,13:09:32,26.18,-0.02,142,374059,卖盘
1727,13:09:29,26.2,-0.01,108,282960,卖盘
1728,13:09:26,26.21,0.01,26,68146,买盘
1729,13:09:23,26.2,0.02,170,445714,买盘
1730,13:09:20,26.18,-0.02,61,161661,卖盘
1731,13:09:17,26.2,--,46,120520,买盘
1732,13:09:14,26.2,0.02,161,421820,买盘
1733,13:09:11,26.18,--,39,102102,卖盘
1734,13:09:05,26.18,-0.02,36,94248,卖盘
1735,13:09:02,26.2,--,39,102180,卖盘
1736,13:08:59,26.2,--,177,463740,卖盘
1737,13:08:56,26.2,-0.03,19,49780,卖盘
1738,13:08:53,26.23,0.05,114,299022,买盘
1739,13:08:50,26.18,-0.05,128,335104,卖盘
1740,13:08:47,26.23,--,283,742309,买盘
1741,13:08:44,26.23,-0.02,52,136396,中性盘
1742,13:08:41,26.25,--,76,199500,买盘
1743,13:08:38,26.25,--,136,357000,买盘
1744,13:08:35,26.25,--,315,826875,卖盘
1745,13:08:32,26.25,--,346,908250,卖盘
1746,13:08:26,26.25,-0.03,104,273000,卖盘
1747,13:08:23,26.28,-0.01,365,959509,中性盘
1748,13:08:20,26.29,0.01,362,951698,买盘
1749,13:08:17,26.28,-0.02,416,1095219,卖盘
1750,13:08:14,26.3,--,287,754810,买盘
1751,13:08:11,26.3,--,132,347160,买盘
1752,13:08:08,26.3,-0.02,398,1046740,卖盘
1753,13:08:05,26.32,-0.02,105,276360,卖盘
1754,13:08:02,26.34,0.04,248,653232,买盘
1755,13:07:56,26.3,-0.01,111,291930,卖盘
1756,13:07:53,26.31,-0.01,81,213111,中性盘
1757,13:07:50,26.32,0.04,280,737618,买盘
1758,13:07:47,26.28,--,360,946080,卖盘
1759,13:07:41,26.28,-0.01,100,262800,卖盘
1760,13:07:38,26.29,--,76,199804,买盘
1761,13:07:35,26.29,0.03,291,767378,买盘
1762,13:07:32,26.26,-0.01,177,464802,卖盘
1763,13:07:29,26.27,--,221,580567,卖盘
1764,13:07:26,26.27,--,85,223295,买盘
1765,13:07:23,26.27,--,52,136604,买盘
1766,13:07:20,26.27,0.02,106,278462,买盘
1767,13:07:14,26.25,--,167,438375,卖盘
1768,13:07:11,26.25,--,131,343875,买盘
1769,13:07:08,26.25,0.01,252,661500,买盘
1770,13:07:02,26.24,--,105,275520,买盘
1771,13:06:59,26.24,0.02,246,645504,买盘
1772,13:06:56,26.22,--,48,125856,买盘
1773,13:06:53,26.22,--,53,138966,买盘
1774,13:06:47,26.22,0.02,72,189439,买盘
1775,13:06:44,26.2,--,84,221101,买盘
1776,13:06:41,26.2,--,639,1674180,买盘
1777,13:06:38,26.2,0.02,194,508280,买盘
1778,13:06:35,26.18,-0.02,23,60214,卖盘
1779,13:06:32,26.2,0.03,588,1540560,买盘
1780,13:06:29,26.17,0.01,24,62808,中性盘
1781,13:06:26,26.16,--,130,341911,卖盘
1782,13:06:23,26.16,0.01,39,102024,卖盘
1783,13:06:20,26.15,-0.01,103,269345,卖盘
1784,13:06:17,26.16,--,60,156960,买盘
1785,13:06:14,26.16,--,236,617376,买盘
1786,13:06:08,26.16,0.02,135,353160,买盘
1787,13:06:05,26.14,--,108,282312,买盘
1788,13:06:02,26.14,0.02,53,138542,买盘
1789,13:05:59,26.12,--,62,161944,买盘
1790,13:05:56,26.12,-0.04,140,365680,卖盘
1791,13:05:50,26.16,--,38,99408,卖盘
1792,13:05:47,26.16,0.01,137,358392,买盘
1793,13:05:44,26.15,0.01,100,261500,买盘
1794,13:05:38,26.14,-0.01,19,49666,中性盘
1795,13:05:35,26.15,--,16,41840,买盘
1796,13:05:32,26.15,--,279,729585,买盘
1797,13:05:29,26.15,-0.02,45,117675,卖盘
1798,13:05:26,26.17,0.02,154,403018,买盘
1799,13:05:23,26.15,-0.01,57,149055,卖盘
1800,13:05:20,26.16,--,54,143382,卖盘
1801,13:05:17,26.16,-0.02,45,117720,卖盘
1802,13:05:11,26.18,0.02,39,102102,买盘
1803,13:05:08,26.16,-0.02,47,122952,卖盘
1804,13:05:05,26.18,0.01,24,62832,买盘
1805,13:05:02,26.17,-0.02,13,34021,卖盘
1806,13:04:56,26.19,--,82,214758,卖盘
1807,13:04:53,26.19,-0.01,36,94284,卖盘
1808,13:04:50,26.2,--,46,120520,买盘
1809,13:04:47,26.2,0.01,92,241040,买盘
1810,13:04:44,26.19,-0.02,145,379755,卖盘
1811,13:04:41,26.21,-0.01,82,214922,买盘
1812,13:04:38,26.22,0.02,67,175674,买盘
1813,13:04:35,26.2,-0.01,219,573780,卖盘
1814,13:04:29,26.21,-0.01,80,209680,卖盘
1815,13:04:26,26.22,--,86,225492,买盘
1816,13:04:23,26.22,--,27,70794,买盘
1817,13:04:20,26.22,-0.01,372,975384,卖盘
1818,13:04:17,26.23,--,197,516731,买盘
1819,13:04:14,26.23,--,42,110166,买盘
1820,13:04:11,26.23,--,68,178364,卖盘
1821,13:04:08,26.23,--,230,603290,卖盘
1822,13:04:05,26.23,-0.01,128,335744,卖盘
1823,13:04:02,26.24,0.01,72,188928,买盘
1824,13:03:59,26.23,--,154,403942,卖盘
1825,13:03:56,26.23,-0.02,288,755424,卖盘
1826,13:03:53,26.25,0.02,134,351750,买盘
1827,13:03:50,26.23,-0.02,286,750178,卖盘
1828,13:03:44,26.25,0.02,92,241500,中性盘
1829,13:03:41,26.23,-0.04,322,844606,卖盘
1830,13:03:38,26.27,--,58,152366,买盘
1831,13:03:35,26.27,0.02,204,535908,买盘
1832,13:03:32,26.25,--,89,233625,买盘
1833,13:03:29,26.25,0.02,133,349125,买盘
1834,13:03:26,26.23,-0.04,313,820999,中性盘
1835,13:03:23,26.27,0.01,191,501757,买盘
1836,13:03:17,26.26,-0.01,59,154934,卖盘
1837,13:03:14,26.27,--,106,278462,卖盘
1838,13:03:11,26.27,0.02,311,816997,买盘
1839,13:03:08,26.25,-0.01,227,595875,卖盘
1840,13:03:05,26.26,0.03,6,15756,中性盘
1841,13:03:02,26.23,--,118,309514,买盘
1842,13:02:59,26.23,-0.04,273,716079,卖盘
1843,13:02:56,26.27,0.02,288,756576,买盘
1844,13:02:53,26.25,--,76,199500,买盘
1845,13:02:50,26.25,--,184,483000,买盘
1846,13:02:47,26.25,-0.03,172,451500,中性盘
1847,13:02:44,26.28,0.03,174,457272,卖盘
1848,13:02:41,26.25,-0.05,675,1771875,卖盘
1849,13:02:35,26.3,--,360,946800,买盘
1850,13:02:32,26.3,--,257,675910,买盘
1851,13:02:29,26.3,--,259,681170,买盘
1852,13:02:26,26.3,--,496,1306452,买盘
1853,13:02:23,26.3,--,301,791630,买盘
1854,13:02:20,26.3,0.02,139,365570,买盘
1855,13:02:17,26.28,-0.01,298,783144,中性盘
1856,13:02:14,26.29,0.03,92,241868,买盘
1857,13:02:11,26.26,-0.04,153,401778,卖盘
1858,13:02:05,26.3,0.09,856,2251937,买盘
1859,13:02:02,26.21,-0.01,206,539926,卖盘
1860,13:01:59,26.22,--,299,783978,买盘
1861,13:01:56,26.22,-0.03,588,1541736,卖盘
1862,13:01:53,26.25,0.03,314,824250,买盘
1863,13:01:50,26.22,0.02,329,862638,中性盘
1864,13:01:47,26.2,0.01,646,1692520,买盘
1865,13:01:41,26.19,-0.01,411,1076906,中性盘
1866,13:01:38,26.2,0.04,440,1152800,买盘
1867,13:01:32,26.16,--,238,622608,买盘
1868,13:01:29,26.16,0.04,508,1328928,中性盘
1869,13:01:26,26.12,-0.02,434,1133608,卖盘
1870,13:01:20,26.14,0.01,29,75806,买盘
1871,13:01:14,26.13,0.06,152,397829,买盘
1872,13:01:14,26.07,-0.01,164,427548,中性盘
1873,13:01:11,26.08,0.03,553,1442224,买盘
1874,13:01:05,26.05,--,205,534025,买盘
1875,13:01:02,26.05,--,102,265710,买盘
1876,13:00:56,26.05,0.03,140,364700,买盘
1877,13:00:53,26.02,-0.01,33,85866,中性盘
1878,13:00:50,26.03,0.03,326,848578,买盘
1879,13:00:47,26.0,--,549,1427400,买盘
1880,13:00:41,26.0,0.01,90,234000,买盘
1881,13:00:38,25.99,--,261,678364,买盘
1882,13:00:32,25.99,0.04,814,2115586,买盘
1883,13:00:29,25.95,--,1612,4183140,卖盘
1884,13:00:26,25.95,-0.01,84,217980,卖盘
1885,13:00:23,25.96,--,88,228448,买盘
1886,13:00:20,25.96,0.06,60,155760,买盘
1887,13:00:17,25.9,-0.03,538,1393420,中性盘
1888,13:00:14,25.93,0.04,676,1752868,买盘
1889,13:00:11,25.89,0.09,242,626538,买盘
1890,13:00:08,25.8,0.04,1919,4951020,买盘
1891,13:00:05,25.76,0.02,3316,8542016,买盘
1892,11:30:00,25.74,0.02,130,334620,买盘
1893,11:29:57,25.72,--,6,15432,买盘
1894,11:29:51,25.72,0.01,12,30864,买盘
1895,11:29:45,25.71,-0.01,20,51420,卖盘
1896,11:29:42,25.72,0.01,17,43724,买盘
1897,11:29:36,25.71,--,12,30852,卖盘
1898,11:29:33,25.71,--,10,25710,卖盘
1899,11:29:30,25.71,--,1,2571,卖盘
1900,11:29:24,25.71,--,2,5142,卖盘
1901,11:29:21,25.71,0.03,83,213393,买盘
1902,11:29:15,25.68,-0.02,6,15408,卖盘
1903,11:29:06,25.7,0.01,19,48830,买盘
1904,11:29:03,25.69,-0.01,4,10276,卖盘
1905,11:29:00,25.7,--,25,64250,买盘
1906,11:28:54,25.7,--,1,2570,买盘
1907,11:28:51,25.7,--,10,25700,买盘
1908,11:28:48,25.7,--,1,2570,买盘
1909,11:28:42,25.7,--,7,17990,买盘
1910,11:28:36,25.7,--,15,38550,买盘
1911,11:28:33,25.7,0.01,5,12850,买盘
1912,11:28:30,25.69,--,4,10276,卖盘
1913,11:28:27,25.69,--,20,51380,卖盘
1914,11:28:24,25.69,-0.01,59,151571,卖盘
1915,11:28:21,25.7,--,17,43690,买盘
1916,11:28:18,25.7,0.01,2,5140,买盘
1917,11:28:06,25.69,--,106,272314,卖盘
1918,11:28:03,25.69,--,35,89915,买盘
1919,11:28:00,25.69,--,75,192675,买盘
1920,11:27:57,25.69,--,65,166985,买盘
1921,11:27:51,25.69,--,20,51380,买盘
1922,11:27:42,25.69,0.01,20,51380,买盘
1923,11:27:39,25.68,-0.01,10,25680,中性盘
1924,11:27:36,25.69,0.02,15,38535,买盘
1925,11:27:33,25.67,-0.02,1,2567,卖盘
1926,11:27:30,25.69,-0.02,10,25690,中性盘
1927,11:27:15,25.71,0.04,18,46278,买盘
1928,11:27:12,25.67,--,107,274669,卖盘
1929,11:27:09,25.67,-0.02,0,1540,卖盘
1930,11:27:06,25.69,--,36,92484,买盘
1931,11:27:00,25.69,0.02,50,128450,买盘
1932,11:26:57,25.67,-0.02,1,2567,卖盘
1933,11:26:54,25.69,--,2,5138,买盘
1934,11:26:48,25.69,0.01,40,102760,买盘
1935,11:26:45,25.68,-0.01,10,25680,中性盘
1936,11:26:30,25.69,--,5,12845,买盘
1937,11:26:24,25.69,-0.01,8,20552,卖盘
1938,11:26:18,25.7,--,2,5140,买盘
1939,11:26:15,25.7,0.01,16,41120,买盘
1940,11:26:03,25.69,0.03,43,110467,买盘
1941,11:26:00,25.66,--,16,41056,卖盘
1942,11:25:57,25.66,--,53,135998,卖盘
1943,11:25:54,25.66,--,5,12830,卖盘
1944,11:25:51,25.66,--,11,28226,卖盘
1945,11:25:48,25.66,--,4,10264,卖盘
1946,11:25:42,25.66,--,37,94942,买盘
1947,11:25:39,25.66,0.01,48,123168,买盘
1948,11:25:36,25.65,-0.01,7,17955,卖盘
1949,11:25:33,25.66,--,10,25660,买盘
1950,11:25:27,25.66,--,40,102640,卖盘
1951,11:25:18,25.66,--,2,5132,卖盘
1952,11:25:12,25.66,-0.03,3,7698,卖盘
1953,11:25:00,25.69,--,15,38535,卖盘
1954,11:24:54,25.69,--,40,102760,卖盘
1955,11:24:51,25.69,--,37,95053,卖盘
1956,11:24:48,25.69,--,1,2569,卖盘
1957,11:24:45,25.69,--,9,23121,卖盘
1958,11:24:33,25.69,0.03,1,2569,买盘
1959,11:24:30,25.66,-0.03,1,2566,卖盘
1960,11:24:27,25.69,0.03,2,5138,买盘
1961,11:24:24,25.66,--,1,2566,卖盘
1962,11:24:12,25.66,--,45,115470,买盘
1963,11:24:09,25.66,--,43,110338,买盘
1964,11:24:00,25.66,--,68,174488,卖盘
1965,11:23:57,25.66,-0.04,49,125734,卖盘
1966,11:23:51,25.7,0.04,219,562830,买盘
1967,11:23:42,25.66,--,3,7698,买盘
1968,11:23:36,25.66,-0.01,1,2566,卖盘
1969,11:23:33,25.67,0.01,1,2567,买盘
1970,11:23:27,25.66,--,3,7698,卖盘
1971,11:23:24,25.66,0.01,1,2566,卖盘
1972,11:23:21,25.65,--,11,28215,买盘
1973,11:23:18,25.65,--,22,56430,买盘
1974,11:23:15,25.65,--,5,12825,买盘
1975,11:23:09,25.65,--,2,5130,买盘
1976,11:23:06,25.65,--,27,69511,买盘
1977,11:23:03,25.65,-0.03,10,25650,卖盘
1978,11:23:00,25.68,--,23,59064,买盘
1979,11:22:54,25.68,--,5,12840,买盘
1980,11:22:51,25.68,0.03,20,51360,买盘
1981,11:22:45,25.65,-0.02,36,92340,卖盘
1982,11:22:39,25.67,0.02,6,15402,中性盘
1983,11:22:30,25.65,0.02,13,33345,中性盘
1984,11:22:18,25.63,-0.02,100,256300,卖盘
1985,11:22:12,25.65,--,13,33345,卖盘
1986,11:22:06,25.65,--,30,76950,买盘
1987,11:22:00,25.65,--,12,30780,买盘
1988,11:21:57,25.65,--,33,84645,买盘
1989,11:21:54,25.65,--,8,20520,买盘
1990,11:21:51,25.65,-0.03,40,102600,卖盘
1991,11:21:48,25.68,--,10,25680,买盘
1992,11:21:42,25.68,--,3,7704,买盘
1993,11:21:36,25.68,--,20,51360,买盘
1994,11:21:33,25.68,--,1,2568,买盘
1995,11:21:30,25.68,--,22,56496,买盘
1996,11:21:24,25.68,--,33,84744,卖盘
1997,11:21:21,25.68,-0.02,18,46224,卖盘
1998,11:21:12,25.7,--,44,113080,买盘
1999,11:21:06,25.7,-0.01,40,102800,卖盘
2000,11:21:03,25.71,0.01,28,71988,买盘
2001,11:20:57,25.7,-0.01,9,23130,卖盘
2002,11:20:48,25.71,--,6,15426,卖盘
2003,11:20:45,25.71,--,1,2571,卖盘
2004,11:20:42,25.71,0.01,70,179970,买盘
2005,11:20:33,25.7,0.01,15,38550,买盘
2006,11:20:30,25.69,0.01,1,2569,中性盘
2007,11:20:27,25.68,-0.01,102,261936,卖盘
2008,11:20:21,25.69,-0.02,100,256900,卖盘
2009,11:20:18,25.71,0.01,23,59133,买盘
2010,11:20:12,25.7,0.01,21,53970,买盘
2011,11:20:09,25.69,--,10,25690,卖盘
2012,11:20:03,25.69,--,2,5138,卖盘
2013,11:20:00,25.69,-0.01,5,12845,卖盘
2014,11:19:57,25.7,0.02,43,110510,买盘
2015,11:19:54,25.68,--,160,410880,卖盘
2016,11:19:39,25.68,0.03,72,184896,买盘
2017,11:19:36,25.65,0.02,1,2565,中性盘
2018,11:19:27,25.63,-0.02,104,266552,卖盘
2019,11:19:24,25.65,--,84,215460,买盘
2020,11:19:21,25.65,--,20,51300,买盘
2021,11:19:18,25.65,--,58,148770,买盘
2022,11:19:15,25.65,0.02,11,28215,买盘
2023,11:19:12,25.63,0.02,6,15378,中性盘
2024,11:19:05,25.61,--,1,2561,卖盘
2025,11:19:02,25.61,-0.02,37,94757,卖盘
2026,11:18:53,25.63,0.02,52,133276,买盘
2027,11:18:47,25.61,-0.02,1,2561,卖盘
2028,11:18:41,25.63,-0.01,97,248611,卖盘
2029,11:18:32,25.64,-0.01,9,23076,中性盘
2030,11:18:26,25.65,--,9,23085,买盘
2031,11:18:23,25.65,--,50,128250,买盘
2032,11:18:20,25.65,--,109,279585,卖盘
2033,11:18:17,25.65,--,5,12825,卖盘
2034,11:18:11,25.65,0.01,2,5130,中性盘
2035,11:18:02,25.64,-0.01,10,25640,卖盘
2036,11:17:59,25.65,--,19,48735,买盘
2037,11:17:56,25.65,--,19,48735,买盘
2038,11:17:44,25.65,--,1,2565,买盘
2039,11:17:41,25.65,--,1,2565,买盘
2040,11:17:38,25.65,-0.02,297,761805,卖盘
2041,11:17:29,25.67,--,1,2567,卖盘
2042,11:17:23,25.67,--,8,20536,卖盘
2043,11:17:20,25.67,--,20,51340,卖盘
2044,11:17:14,25.67,--,4,10268,卖盘
2045,11:17:11,25.67,--,8,20536,卖盘
2046,11:17:08,25.67,--,5,12835,卖盘
2047,11:17:05,25.67,--,8,20536,卖盘
2048,11:17:02,25.67,-0.01,6,15402,卖盘
2049,11:16:56,25.68,--,21,53928,买盘
2050,11:16:53,25.68,--,10,25680,买盘
2051,11:16:50,25.68,0.01,3,7704,中性盘
2052,11:16:44,25.67,-0.02,6,15402,卖盘
2053,11:16:38,25.69,--,5,12845,买盘
2054,11:16:26,25.69,--,12,30828,买盘
2055,11:16:14,25.69,0.02,5,12845,买盘
2056,11:16:11,25.67,-0.01,18,46206,卖盘
2057,11:16:05,25.68,--,4,10272,买盘
2058,11:16:02,25.68,0.01,20,51360,买盘
2059,11:15:59,25.67,--,1,2567,卖盘
2060,11:15:56,25.67,--,22,56474,卖盘
2061,11:15:53,25.67,0.02,10,25670,买盘
2062,11:15:44,25.65,--,45,115425,买盘
2063,11:15:38,25.65,0.01,5,12825,买盘
2064,11:15:32,25.64,--,21,53844,卖盘
2065,11:15:29,25.64,--,5,12820,卖盘
2066,11:15:23,25.64,--,27,69228,买盘
2067,11:15:14,25.64,--,61,156404,买盘
2068,11:15:11,25.64,--,53,135892,买盘
2069,11:15:05,25.64,--,24,61536,买盘
2070,11:14:59,25.64,--,50,128200,买盘
2071,11:14:50,25.64,--,105,269220,买盘
2072,11:14:47,25.64,--,129,330756,卖盘
2073,11:14:32,25.64,--,43,110252,买盘
2074,11:14:26,25.64,--,12,30768,买盘
2075,11:14:23,25.64,--,23,58972,卖盘
2076,11:14:20,25.64,-0.03,22,56408,卖盘
2077,11:14:17,25.67,--,104,266968,买盘
2078,11:14:14,25.67,--,13,33371,买盘
2079,11:14:11,25.67,--,1,2567,买盘
2080,11:14:02,25.67,-0.02,34,87278,卖盘
2081,11:13:50,25.69,0.01,10,25690,买盘
2082,11:13:47,25.68,0.01,11,28248,买盘
2083,11:13:44,25.67,--,3,7701,卖盘
2084,11:13:38,25.67,-0.02,1,2567,卖盘
2085,11:13:35,25.69,0.06,34,87346,买盘
2086,11:13:29,25.63,-0.05,4,10252,买盘
2087,11:13:26,25.68,--,20,51360,卖盘
2088,11:13:23,25.68,0.05,161,413448,买盘
2089,11:13:20,25.63,--,4,10252,买盘
2090,11:13:11,25.63,--,1,2563,卖盘
2091,11:13:08,25.63,-0.01,1,2563,中性盘
2092,11:12:53,25.64,-0.01,37,94868,卖盘
2093,11:12:44,25.65,0.01,2,5130,买盘
2094,11:12:38,25.64,--,4,10256,卖盘
2095,11:12:35,25.64,0.04,187,479468,买盘
2096,11:12:32,25.6,--,2,5120,卖盘
2097,11:12:29,25.6,-0.02,11,28160,卖盘
2098,11:12:20,25.62,0.02,2,5124,买盘
2099,11:12:17,25.6,--,12,30720,卖盘
2100,11:12:02,25.6,--,1,2560,卖盘
2101,11:11:53,25.6,0.03,171,437785,买盘
2102,11:11:50,25.57,-0.01,5,12785,卖盘
2103,11:11:44,25.58,-0.02,72,186708,卖盘
2104,11:11:41,25.6,0.02,4,10240,买盘
2105,11:11:38,25.58,-0.02,4,10232,卖盘
2106,11:11:32,25.6,--,10,25600,买盘
2107,11:11:29,25.6,0.02,50,128000,买盘
2108,11:11:23,25.58,--,7,17906,卖盘
2109,11:11:17,25.58,--,8,20489,买盘
2110,11:11:11,25.58,0.01,2,5116,买盘
2111,11:11:05,25.57,--,28,71596,买盘
2112,11:11:02,25.57,--,5,12785,买盘
2113,11:10:59,25.57,--,102,260814,卖盘
2114,11:10:50,25.57,-0.01,40,102280,卖盘
2115,11:10:47,25.58,--,1,2558,买盘
2116,11:10:44,25.58,--,28,71624,买盘
2117,11:10:41,25.58,0.01,8,20464,买盘
2118,11:10:38,25.57,-0.01,1,2557,卖盘
2119,11:10:32,25.58,-0.01,216,552528,卖盘
2120,11:10:26,25.59,-0.01,19,48621,卖盘
2121,11:10:23,25.6,--,10,25600,买盘
2122,11:10:17,25.6,0.02,16,40960,买盘
2123,11:10:08,25.58,-0.02,1,2558,卖盘
2124,11:10:05,25.6,0.03,130,332800,买盘
2125,11:10:02,25.57,-0.01,1,2557,卖盘
2126,11:09:59,25.58,0.01,100,255799,买盘
2127,11:09:50,25.57,0.01,2,5114,买盘
2128,11:09:41,25.56,--,4,10224,卖盘
2129,11:09:29,25.56,--,2,5112,卖盘
2130,11:09:17,25.56,--,15,38340,卖盘
2131,11:09:14,25.56,--,4,10224,买盘
2132,11:09:11,25.56,--,7,17892,买盘
2133,11:09:05,25.56,--,34,86904,买盘
2134,11:08:56,25.56,--,40,102240,买盘
2135,11:08:53,25.56,--,2,5112,买盘
2136,11:08:50,25.56,--,31,79236,买盘
2137,11:08:47,25.56,--,29,74124,卖盘
2138,11:08:41,25.56,-0.01,15,38340,卖盘
2139,11:08:23,25.57,0.01,1,2557,买盘
2140,11:08:20,25.56,-0.02,52,132912,卖盘
2141,11:08:17,25.58,--,5,12790,买盘
2142,11:08:14,25.58,0.01,2,5116,买盘
2143,11:08:05,25.57,-0.01,10,25570,卖盘
2144,11:07:59,25.58,--,1,2558,买盘
2145,11:07:56,25.58,-0.01,9,25554,卖盘
2146,11:07:53,25.59,0.01,21,53739,买盘
2147,11:07:44,25.58,--,8,20464,卖盘
2148,11:07:41,25.58,-0.01,15,38370,卖盘
2149,11:07:32,25.59,--,7,17913,买盘
2150,11:07:14,25.59,--,5,12795,买盘
2151,11:07:11,25.59,0.01,1,2559,卖盘
2152,11:07:05,25.58,-0.01,25,63949,卖盘
2153,11:06:59,25.59,--,8,20472,卖盘
2154,11:06:53,25.59,-0.01,2,5118,中性盘
2155,11:06:47,25.6,0.01,4,10240,买盘
2156,11:06:44,25.59,-0.01,3,7677,买盘
2157,11:06:38,25.6,0.01,16,40960,卖盘
2158,11:06:35,25.59,--,8,20472,买盘
2159,11:06:32,25.59,-0.01,50,127950,卖盘
2160,11:06:29,25.6,0.01,12,30720,买盘
2161,11:06:26,25.59,-0.01,1,2559,卖盘
2162,11:06:23,25.6,0.01,24,61440,买盘
2163,11:06:17,25.59,-0.01,9,23031,中性盘
2164,11:06:11,25.6,0.02,10,25600,买盘
2165,11:06:08,25.58,-0.01,31,79298,卖盘
2166,11:06:05,25.59,-0.01,2,5118,中性盘
2167,11:05:59,25.6,0.02,52,133120,买盘
2168,11:05:56,25.58,-0.01,5,12790,卖盘
2169,11:05:50,25.59,--,10,25590,买盘
2170,11:05:47,25.59,0.01,11,28149,买盘
2171,11:05:41,25.58,--,33,84439,买盘
2172,11:05:38,25.58,0.01,4,10232,买盘
2173,11:05:35,25.57,-0.01,49,125293,卖盘
2174,11:05:26,25.58,--,12,30695,买盘
2175,11:05:23,25.58,0.01,200,511599,买盘
2176,11:05:20,25.57,--,13,33241,卖盘
2177,11:05:17,25.57,--,22,56254,卖盘
2178,11:05:14,25.57,--,34,86938,买盘
2179,11:05:11,25.57,--,3,7671,买盘
2180,11:05:08,25.57,--,1,2557,买盘
2181,11:05:05,25.57,--,20,51140,买盘
2182,11:05:02,25.57,0.01,14,35798,卖盘
2183,11:04:56,25.56,-0.01,15,38340,卖盘
2184,11:04:47,25.57,0.01,2,5114,中性盘
2185,11:04:41,25.56,-0.01,10,25560,卖盘
2186,11:04:38,25.57,--,12,30684,买盘
2187,11:04:35,25.57,0.01,24,61368,买盘
2188,11:04:32,25.56,-0.01,2,5112,卖盘
2189,11:04:29,25.57,--,20,51140,买盘
2190,11:04:23,25.57,0.01,5,12785,买盘
2191,11:04:14,25.56,--,24,61344,买盘
2192,11:04:11,25.56,-0.01,3,7668,卖盘
2193,11:04:02,25.57,0.01,1,2557,中性盘
2194,11:03:59,25.56,-0.02,1,2556,卖盘
2195,11:03:56,25.58,0.03,2,5116,买盘
2196,11:03:53,25.55,-0.02,3,7665,中性盘
2197,11:03:47,25.57,0.01,49,125293,买盘
2198,11:03:44,25.56,0.01,20,51120,买盘
2199,11:03:38,25.55,--,12,30660,卖盘
2200,11:03:29,25.55,-0.03,17,43435,卖盘
2201,11:03:23,25.58,--,29,76714,卖盘
2202,11:03:17,25.58,--,1,2558,卖盘
2203,11:03:14,25.58,--,15,38370,卖盘
2204,11:03:05,25.58,--,1,2558,卖盘
2205,11:02:56,25.58,0.06,185,473255,买盘
2206,11:02:50,25.52,-0.03,273,699222,卖盘
2207,11:02:47,25.55,0.01,6,15330,买盘
2208,11:02:44,25.54,-0.01,35,89390,卖盘
2209,11:02:41,25.55,0.01,17,43435,中性盘
2210,11:02:35,25.54,-0.04,144,367776,卖盘
2211,11:02:23,25.58,--,5,12790,买盘
2212,11:02:20,25.58,0.01,21,53718,买盘
2213,11:02:17,25.57,0.03,16,40912,买盘
2214,11:02:14,25.54,--,9,22986,卖盘
2215,11:02:08,25.54,--,4,10216,卖盘
2216,11:02:05,25.54,--,1,2554,卖盘
2217,11:02:02,25.54,--,3,7662,卖盘
2218,11:01:59,25.54,0.01,4,10216,买盘
2219,11:01:56,25.53,-0.01,12,30636,卖盘
2220,11:01:53,25.54,0.01,13,33202,买盘
2221,11:01:50,25.53,--,4,10212,卖盘
2222,11:01:47,25.53,--,5,12765,卖盘
2223,11:01:41,25.53,-0.01,91,232323,卖盘
2224,11:01:38,25.54,0.01,4,10216,买盘
2225,11:01:35,25.53,--,106,270618,卖盘
2226,11:01:29,25.53,--,96,245088,卖盘
2227,11:01:26,25.53,0.01,10,25555,买盘
2228,11:01:23,25.52,-0.01,70,178640,卖盘
2229,11:01:20,25.53,--,18,45954,买盘
2230,11:01:14,25.53,0.01,192,490176,买盘
2231,11:01:11,25.52,--,28,71456,卖盘
2232,11:01:08,25.52,-0.01,6,15312,卖盘
2233,11:01:05,25.53,0.01,6,15318,买盘
2234,11:00:59,25.52,-0.01,2,5104,卖盘
2235,11:00:56,25.53,0.01,5,12765,买盘
2236,11:00:53,25.52,-0.01,6,15312,卖盘
2237,11:00:50,25.53,--,21,53613,买盘
2238,11:00:47,25.53,--,64,165919,卖盘
2239,11:00:44,25.53,--,31,79143,卖盘
2240,11:00:41,25.53,--,32,81696,卖盘
2241,11:00:35,25.53,--,2,5106,卖盘
2242,11:00:32,25.53,--,19,48507,卖盘
2243,11:00:29,25.53,--,145,370210,卖盘
2244,11:00:26,25.53,--,43,109779,卖盘
2245,11:00:17,25.53,-0.01,6,15318,卖盘
2246,11:00:14,25.54,--,14,35756,买盘
2247,11:00:11,25.54,--,12,30648,买盘
2248,11:00:04,25.54,--,35,89390,卖盘
2249,11:00:01,25.54,--,10,25540,卖盘
2250,10:59:58,25.54,-0.01,4,10216,卖盘
2251,10:59:55,25.55,--,15,38325,买盘
2252,10:59:52,25.55,-0.02,307,784385,卖盘
2253,10:59:49,25.57,0.01,4,10228,买盘
2254,10:59:43,25.56,-0.01,42,107352,卖盘
2255,10:59:40,25.57,--,10,25570,买盘
2256,10:59:37,25.57,0.01,48,122736,买盘
2257,10:59:34,25.56,-0.01,15,38340,卖盘
2258,10:59:28,25.57,0.01,38,97166,买盘
2259,10:59:25,25.56,-0.01,6,15336,卖盘
2260,10:59:19,25.57,0.01,7,17899,中性盘
2261,10:59:16,25.56,-0.01,58,148248,卖盘
2262,10:59:07,25.57,-0.01,2,5114,卖盘
2263,10:59:04,25.58,--,3,7673,买盘
2264,10:59:01,25.58,--,16,40928,买盘
2265,10:58:55,25.58,--,62,158596,买盘
2266,10:58:52,25.58,0.01,52,133016,买盘
2267,10:58:49,25.57,-0.01,13,33241,卖盘
2268,10:58:46,25.58,--,2,5116,买盘
2269,10:58:40,25.58,--,15,38370,买盘
2270,10:58:37,25.58,-0.01,143,367303,卖盘
2271,10:58:34,25.59,--,19,48621,买盘
2272,10:58:28,25.59,--,9,23031,卖盘
2273,10:58:25,25.59,--,8,20472,买盘
2274,10:58:22,25.59,--,15,38385,卖盘
2275,10:58:19,25.59,0.01,11,28149,卖盘
2276,10:58:13,25.58,-0.02,15,38370,卖盘
2277,10:58:10,25.6,0.02,8,20480,中性盘
2278,10:58:01,25.58,-0.03,300,767400,卖盘
2279,10:57:58,25.61,0.02,10,25610,买盘
2280,10:57:52,25.59,-0.01,41,104919,卖盘
2281,10:57:46,25.6,0.01,5,12800,中性盘
2282,10:57:43,25.59,-0.01,6,15354,卖盘
2283,10:57:40,25.6,0.01,43,110080,买盘
2284,10:57:37,25.59,--,1,2559,买盘
2285,10:57:31,25.59,--,17,43503,买盘
2286,10:57:28,25.59,-0.01,26,66534,卖盘
2287,10:57:25,25.6,0.02,32,81920,买盘
2288,10:57:13,25.58,-0.01,21,53718,卖盘
2289,10:57:10,25.59,--,108,276372,卖盘
2290,10:57:04,25.59,-0.01,15,38385,卖盘
2291,10:57:01,25.6,0.01,2,5120,买盘
2292,10:56:58,25.59,-0.01,6,15354,卖盘
2293,10:56:55,25.6,0.01,28,71680,买盘
2294,10:56:49,25.59,-0.01,33,84447,卖盘
2295,10:56:46,25.6,--,10,25600,买盘
2296,10:56:34,25.6,--,1,2560,买盘
2297,10:56:31,25.6,-0.01,181,463360,卖盘
2298,10:56:16,25.61,-0.02,179,459443,卖盘
2299,10:56:07,25.63,--,9,23067,卖盘
2300,10:56:04,25.63,--,38,97394,卖盘
2301,10:55:55,25.63,--,7,17941,卖盘
2302,10:55:49,25.63,--,4,10252,卖盘
2303,10:55:46,25.63,--,22,56386,卖盘
2304,10:55:43,25.63,-0.01,35,89705,卖盘
2305,10:55:37,25.64,--,10,25640,买盘
2306,10:55:28,25.64,--,6,15384,卖盘
2307,10:55:25,25.64,--,13,33332,卖盘
2308,10:55:22,25.64,--,12,30768,卖盘
2309,10:55:19,25.64,--,45,115380,卖盘
2310,10:55:16,25.64,--,31,79484,卖盘
2311,10:55:13,25.64,--,70,179480,卖盘
2312,10:55:04,25.64,--,22,56408,卖盘
2313,10:54:52,25.64,--,28,71792,买盘
2314,10:54:40,25.64,--,20,51280,买盘
2315,10:54:37,25.64,--,14,35896,卖盘
2316,10:54:34,25.64,-0.02,2,5128,卖盘
2317,10:54:31,25.66,0.02,32,82112,买盘
2318,10:54:25,25.64,-0.02,1,2564,卖盘
2319,10:54:19,25.66,--,1,2566,买盘
2320,10:54:16,25.66,0.02,122,313052,买盘
2321,10:54:10,25.64,-0.02,7,17948,卖盘
2322,10:54:07,25.66,0.02,3,7698,买盘
2323,10:54:04,25.64,-0.02,10,25640,卖盘
2324,10:53:58,25.66,--,6,15396,买盘
2325,10:53:55,25.66,0.01,1,2566,买盘
2326,10:53:52,25.65,-0.01,4,10260,中性盘
2327,10:53:49,25.66,0.02,6,15396,买盘
2328,10:53:43,25.64,-0.01,15,38460,卖盘
2329,10:53:40,25.65,0.01,25,64125,卖盘
2330,10:53:37,25.64,--,2,5128,卖盘
2331,10:53:34,25.64,-0.02,15,38460,卖盘
2332,10:53:31,25.66,0.01,211,541426,买盘
2333,10:53:25,25.65,--,9,23085,买盘
2334,10:53:22,25.65,--,15,38475,买盘
2335,10:53:19,25.65,0.01,33,84645,买盘
2336,10:53:16,25.64,-0.01,3,7692,卖盘
2337,10:53:10,25.65,--,56,143640,买盘
2338,10:53:07,25.65,0.01,4,10260,买盘
2339,10:52:58,25.64,--,25,64100,卖盘
2340,10:52:49,25.64,-0.01,39,99996,卖盘
2341,10:52:46,25.65,0.01,184,471960,买盘
2342,10:52:37,25.64,--,107,274348,卖盘
2343,10:52:25,25.64,--,23,58972,买盘
2344,10:52:16,25.64,--,1,2564,买盘
2345,10:52:13,25.64,0.01,5,12820,买盘
2346,10:51:58,25.63,0.01,41,107338,买盘
2347,10:51:55,25.62,0.01,1,2562,中性盘
2348,10:51:52,25.61,--,61,156221,卖盘
2349,10:51:49,25.61,-0.01,34,87074,卖盘
2350,10:51:46,25.62,--,31,80959,买盘
2351,10:51:40,25.62,--,10,25620,中性盘
2352,10:51:37,25.62,--,13,33306,买盘
2353,10:51:31,25.62,--,6,15372,买盘
2354,10:51:19,25.62,-0.01,39,99918,卖盘
2355,10:51:04,25.63,0.01,8,20504,买盘
2356,10:51:01,25.62,-0.01,1,2562,卖盘
2357,10:50:58,25.63,0.01,2,5126,买盘
2358,10:50:52,25.62,-0.01,20,51240,卖盘
2359,10:50:49,25.63,--,24,61512,买盘
2360,10:50:46,25.63,--,18,46134,买盘
2361,10:50:43,25.63,--,4,10252,买盘
2362,10:50:40,25.63,--,4,10252,买盘
2363,10:50:37,25.63,-0.02,87,223288,卖盘
2364,10:50:28,25.65,0.01,5,12825,买盘
2365,10:50:25,25.64,--,6,15384,卖盘
2366,10:50:22,25.64,0.01,6,15384,买盘
2367,10:50:13,25.63,--,6,15378,卖盘
2368,10:50:10,25.63,0.01,14,38137,买盘
2369,10:50:04,25.62,--,63,161406,卖盘
2370,10:49:55,25.62,-0.01,5,12810,卖盘
2371,10:49:43,25.63,0.01,14,35882,买盘
2372,10:49:37,25.62,-0.01,3,7686,卖盘
2373,10:49:22,25.63,--,0,307,卖盘
2374,10:49:16,25.63,--,9,25322,买盘
2375,10:49:13,25.63,--,16,41008,买盘
2376,10:49:07,25.63,--,17,44365,卖盘
2377,10:49:04,25.63,--,1,2563,卖盘
2378,10:49:01,25.63,--,6,15378,卖盘
2379,10:48:55,25.63,0.01,11,29961,买盘
2380,10:48:46,25.62,-0.01,4,10248,卖盘
2381,10:48:43,25.63,--,2,5126,买盘
2382,10:48:34,25.63,--,14,35882,买盘
2383,10:48:28,25.63,--,2,5126,买盘
2384,10:48:25,25.63,--,20,52054,卖盘
2385,10:48:19,25.63,--,3,7689,卖盘
2386,10:48:13,25.63,--,5,12815,卖盘
2387,10:48:07,25.63,--,20,51260,卖盘
2388,10:48:01,25.63,--,10,25630,卖盘
2389,10:47:58,25.63,--,23,60717,买盘
2390,10:47:52,25.63,-0.02,2,5126,卖盘
2391,10:47:43,25.65,0.01,5,12825,买盘
2392,10:47:37,25.64,-0.01,6,15384,卖盘
2393,10:47:34,25.65,--,5,12825,买盘
2394,10:47:25,25.65,--,1,2565,卖盘
2395,10:47:22,25.65,-0.01,40,102600,卖盘
2396,10:47:19,25.66,0.01,2,5132,买盘
2397,10:47:13,25.65,-0.01,1,2565,卖盘
2398,10:47:10,25.66,--,20,51320,买盘
2399,10:46:58,25.66,--,50,128300,卖盘
2400,10:46:55,25.66,-0.02,1,2566,卖盘
2401,10:46:49,25.68,0.02,41,105288,买盘
2402,10:46:46,25.66,--,17,43622,卖盘
2403,10:46:43,25.66,--,2,5132,卖盘
2404,10:46:40,25.66,--,4,10264,卖盘
2405,10:46:31,25.66,-0.01,12,30792,卖盘
2406,10:46:28,25.67,--,5,12835,卖盘
2407,10:46:25,25.67,--,21,53907,卖盘
2408,10:46:13,25.67,-0.01,10,25670,卖盘
2409,10:46:10,25.68,--,40,102720,买盘
2410,10:46:07,25.68,0.01,1,2568,买盘
2411,10:46:04,25.67,--,3,7701,卖盘
2412,10:46:01,25.67,--,1,2567,卖盘
2413,10:45:55,25.67,--,5,12835,卖盘
2414,10:45:52,25.67,--,50,128350,买盘
2415,10:45:49,25.67,0.01,34,87278,买盘
2416,10:45:46,25.66,-0.01,21,53886,卖盘
2417,10:45:43,25.67,--,6,15402,卖盘
2418,10:45:40,25.67,-0.01,24,61608,卖盘
2419,10:45:37,25.68,0.01,4,10272,买盘
2420,10:45:34,25.67,--,1,2567,卖盘
2421,10:45:28,25.67,--,10,25670,卖盘
2422,10:45:25,25.67,--,10,25670,卖盘
2423,10:45:22,25.67,--,3,7701,卖盘
2424,10:45:19,25.67,--,3,7701,卖盘
2425,10:45:16,25.67,--,53,136051,买盘
2426,10:45:13,25.67,--,11,28237,买盘
2427,10:45:07,25.67,--,10,25670,买盘
2428,10:44:58,25.67,-0.02,17,43639,卖盘
2429,10:44:55,25.69,--,28,71932,买盘
2430,10:44:49,25.69,0.01,5,12845,买盘
2431,10:44:46,25.68,--,5,12840,卖盘
2432,10:44:43,25.68,-0.02,42,107856,卖盘
2433,10:44:37,25.7,--,5,12850,买盘
2434,10:44:34,25.7,--,20,51400,买盘
2435,10:44:28,25.7,-0.02,359,922630,卖盘
2436,10:44:25,25.72,0.01,27,69444,中性盘
2437,10:44:19,25.71,-0.01,15,38565,卖盘
2438,10:44:16,25.72,0.01,3,7716,买盘
2439,10:44:13,25.71,-0.01,2,5142,卖盘
2440,10:44:10,25.72,0.01,1,2572,买盘
2441,10:44:07,25.71,-0.01,40,102840,卖盘
2442,10:44:04,25.72,-0.01,6,15432,卖盘
2443,10:43:58,25.73,0.01,20,51460,买盘
2444,10:43:52,25.72,--,3,7716,卖盘
2445,10:43:49,25.72,--,6,15432,买盘
2446,10:43:46,25.72,0.01,29,74588,中性盘
2447,10:43:40,25.71,-0.01,51,131121,卖盘
2448,10:43:37,25.72,0.01,35,90020,买盘
2449,10:43:34,25.71,-0.01,200,514200,卖盘
2450,10:43:31,25.72,--,6,15432,卖盘
2451,10:43:28,25.72,--,3,7716,卖盘
2452,10:43:25,25.72,--,3,7716,卖盘
2453,10:43:22,25.72,--,21,54012,卖盘
2454,10:43:19,25.72,0.01,19,48868,买盘
2455,10:43:16,25.71,-0.01,3,7713,卖盘
2456,10:43:13,25.72,0.01,10,25720,买盘
2457,10:43:04,25.71,0.01,37,95127,买盘
2458,10:43:01,25.7,--,44,113080,卖盘
2459,10:42:55,25.7,-0.01,94,241580,卖盘
2460,10:42:43,25.71,-0.01,4,10284,卖盘
2461,10:42:40,25.72,-0.03,1,2572,卖盘
2462,10:42:37,25.75,0.03,60,154500,买盘
2463,10:42:31,25.72,--,1,2572,买盘
2464,10:42:28,25.72,--,6,15432,买盘
2465,10:42:25,25.72,-0.02,24,61728,买盘
2466,10:42:22,25.74,--,12,30887,买盘
2467,10:42:19,25.74,--,21,54054,卖盘
2468,10:42:16,25.74,--,14,36036,买盘
2469,10:42:13,25.74,0.05,8,20592,买盘
2470,10:42:07,25.69,-0.05,3,7707,卖盘
2471,10:41:58,25.74,0.06,6,15443,买盘
2472,10:41:52,25.68,-0.04,45,115560,卖盘
2473,10:41:46,25.72,0.03,96,246912,买盘
2474,10:41:43,25.69,0.01,2,5138,买盘
2475,10:41:31,25.68,0.01,24,61632,买盘
2476,10:41:28,25.67,--,1,2567,买盘
2477,10:41:22,25.67,--,7,17969,买盘
2478,10:41:07,25.67,0.01,5,12835,买盘
2479,10:41:04,25.66,--,1,2566,买盘
2480,10:41:01,25.66,--,12,30792,买盘
2481,10:40:58,25.66,--,4,10264,买盘
2482,10:40:55,25.66,0.05,35,89810,买盘
2483,10:40:52,25.61,-0.04,91,233051,卖盘
2484,10:40:39,25.65,--,12,32242,买盘
2485,10:40:36,25.65,0.01,10,25650,买盘
2486,10:40:30,25.64,--,11,28204,卖盘
2487,10:40:27,25.64,0.02,13,33332,中性盘
2488,10:40:18,25.62,--,49,125538,卖盘
2489,10:40:15,25.62,-0.01,4,10248,卖盘
2490,10:40:12,25.63,0.01,63,161469,买盘
2491,10:40:09,25.62,--,11,28182,买盘
2492,10:40:06,25.62,--,8,20496,买盘
2493,10:40:00,25.62,--,30,76860,买盘
2494,10:39:57,25.62,--,4,10248,买盘
2495,10:39:54,25.62,--,20,51240,卖盘
2496,10:39:48,25.62,--,8,20496,买盘
2497,10:39:45,25.62,--,4,10248,卖盘
2498,10:39:39,25.62,--,1,2562,买盘
2499,10:39:33,25.62,-0.01,34,87108,卖盘
2500,10:39:30,25.63,0.01,45,115335,买盘
2501,10:39:27,25.62,-0.01,20,51240,卖盘
2502,10:39:21,25.63,--,2,5126,买盘
2503,10:39:18,25.63,0.01,102,261426,买盘
2504,10:39:15,25.62,--,9,23058,卖盘
2505,10:39:12,25.62,--,15,39864,卖盘
2506,10:39:09,25.62,-0.01,26,66612,卖盘
2507,10:39:06,25.63,0.01,7,17941,买盘
2508,10:39:03,25.62,--,2,5124,卖盘
2509,10:38:57,25.62,--,13,33306,卖盘
2510,10:38:54,25.62,-0.01,12,30744,卖盘
2511,10:38:51,25.63,0.01,24,61512,买盘
2512,10:38:48,25.62,--,12,30744,卖盘
2513,10:38:33,25.62,-0.01,90,230580,卖盘
2514,10:38:30,25.63,-0.01,5,12815,卖盘
2515,10:38:27,25.64,0.01,1,2564,买盘
2516,10:38:24,25.63,--,5,12815,卖盘
2517,10:38:21,25.63,--,12,30756,卖盘
2518,10:38:18,25.63,--,14,35882,卖盘
2519,10:38:12,25.63,-0.01,10,25630,卖盘
2520,10:38:09,25.64,--,33,84612,买盘
2521,10:38:03,25.64,--,17,43588,买盘
2522,10:38:00,25.64,--,70,179480,买盘
2523,10:37:57,25.64,0.01,1,2564,买盘
2524,10:37:51,25.63,--,4,10252,卖盘
2525,10:37:45,25.63,-0.01,1,2563,卖盘
2526,10:37:42,25.64,0.01,50,128200,买盘
2527,10:37:39,25.63,--,23,58949,卖盘
2528,10:37:30,25.63,0.01,9,23067,买盘
2529,10:37:24,25.62,-0.01,15,38430,卖盘
2530,10:37:15,25.63,0.01,2,5126,买盘
2531,10:37:12,25.62,--,8,20496,卖盘
2532,10:37:09,25.62,--,79,202551,买盘
2533,10:37:03,25.62,--,110,281820,买盘
2534,10:37:00,25.62,--,247,632814,买盘
2535,10:36:54,25.62,0.02,5,12810,买盘
2536,10:36:51,25.6,--,24,61440,卖盘
2537,10:36:48,25.6,--,52,133120,买盘
2538,10:36:42,25.6,--,15,38400,买盘
2539,10:36:36,25.6,--,25,64000,卖盘
2540,10:36:33,25.6,--,1,2560,卖盘
2541,10:36:30,25.6,--,61,156160,卖盘
2542,10:36:24,25.6,--,2,5120,买盘
2543,10:36:21,25.6,--,5,12800,买盘
2544,10:36:18,25.6,--,1,2560,买盘
2545,10:36:15,25.6,0.01,6,15360,中性盘
2546,10:36:09,25.59,--,19,48621,卖盘
2547,10:36:06,25.59,-0.01,3,7677,卖盘
2548,10:36:03,25.6,0.01,49,125440,买盘
2549,10:36:00,25.59,-0.01,9,23031,卖盘
2550,10:35:54,25.6,--,3,7680,买盘
2551,10:35:51,25.6,--,19,48640,买盘
2552,10:35:45,25.6,--,15,38400,买盘
2553,10:35:42,25.6,0.02,40,102400,买盘
2554,10:35:39,25.58,-0.02,10,25580,卖盘
2555,10:35:36,25.6,--,15,38400,买盘
2556,10:35:33,25.6,--,5,12800,买盘
2557,10:35:30,25.6,0.02,2,5120,买盘
2558,10:35:27,25.58,--,22,56275,卖盘
2559,10:35:18,25.58,-0.02,6,15347,卖盘
2560,10:35:09,25.6,0.02,46,117760,买盘
2561,10:34:57,25.58,--,22,57324,买盘
2562,10:34:54,25.58,--,4,10232,买盘
2563,10:34:51,25.58,--,34,86972,买盘
2564,10:34:45,25.58,--,1,2558,买盘
2565,10:34:39,25.58,--,2,5116,买盘
2566,10:34:36,25.58,--,30,76740,买盘
2567,10:34:33,25.58,--,20,52669,卖盘
2568,10:34:30,25.58,-0.02,11,28137,卖盘
2569,10:34:24,25.6,-0.01,2,5120,买盘
2570,10:34:21,25.61,0.03,10,25610,中性盘
2571,10:34:18,25.58,-0.04,188,480903,卖盘
2572,10:34:09,25.62,--,9,23058,买盘
2573,10:34:06,25.62,0.02,3,7686,买盘
2574,10:34:03,25.6,--,0,1177,卖盘
2575,10:34:00,25.6,--,1,2560,卖盘
2576,10:33:57,25.6,--,14,35840,卖盘
2577,10:33:51,25.6,--,33,84480,卖盘
2578,10:33:48,25.6,--,3,7680,卖盘
2579,10:33:36,25.6,-0.01,2,5120,卖盘
2580,10:33:33,25.61,--,27,69147,买盘
2581,10:33:27,25.61,0.01,1,2561,买盘
2582,10:33:24,25.6,--,10,25600,卖盘
2583,10:33:21,25.6,-0.01,7,17920,卖盘
2584,10:33:18,25.61,--,4,10244,买盘
2585,10:33:12,25.61,--,184,471224,买盘
2586,10:33:09,25.61,0.01,29,74269,买盘
2587,10:33:03,25.6,--,5,14233,卖盘
2588,10:33:00,25.6,-0.01,279,714240,卖盘
2589,10:32:54,25.61,-0.01,43,110123,卖盘
2590,10:32:51,25.62,--,5,12810,买盘
2591,10:32:48,25.62,--,3,7686,买盘
2592,10:32:42,25.62,--,38,99764,卖盘
2593,10:32:39,25.62,--,54,138348,卖盘
2594,10:32:36,25.62,-0.01,10,25620,卖盘
2595,10:32:27,25.63,--,1,2563,买盘
2596,10:32:24,25.63,0.01,5,12815,买盘
2597,10:32:18,25.62,-0.01,9,23058,卖盘
2598,10:32:09,25.63,0.01,5,12815,买盘
2599,10:32:03,25.62,--,2,5124,卖盘
2600,10:32:00,25.62,-0.01,55,140910,卖盘
2601,10:31:57,25.63,--,26,66638,卖盘
2602,10:31:54,25.63,--,38,97394,卖盘
2603,10:31:51,25.63,--,10,25630,买盘
2604,10:31:42,25.63,0.01,2,5126,中性盘
2605,10:31:36,25.62,-0.01,50,128100,卖盘
2606,10:31:30,25.63,-0.01,5,12815,卖盘
2607,10:31:27,25.64,-0.01,10,25640,中性盘
2608,10:31:18,25.65,0.02,20,51300,买盘
2609,10:31:15,25.63,-0.01,3,7689,卖盘
2610,10:31:12,25.64,--,4,11358,卖盘
2611,10:31:09,25.64,--,1,2564,卖盘
2612,10:31:00,25.64,--,0,1461,卖盘
2613,10:30:57,25.64,--,5,12820,卖盘
2614,10:30:54,25.64,0.02,85,219401,买盘
2615,10:30:51,25.62,-0.01,22,56364,卖盘
2616,10:30:48,25.63,-0.01,20,51260,中性盘
2617,10:30:39,25.64,0.02,10,25640,买盘
2618,10:30:36,25.62,-0.01,7,17934,卖盘
2619,10:30:33,25.63,0.01,1,2563,中性盘
2620,10:30:30,25.62,-0.01,25,64050,卖盘
2621,10:30:27,25.63,0.01,72,184536,中性盘
2622,10:30:21,25.62,-0.01,2,7506,卖盘
2623,10:30:15,25.63,0.02,33,86014,买盘
2624,10:30:09,25.61,--,1,2561,买盘
2625,10:30:06,25.61,-0.01,27,69147,卖盘
2626,10:30:00,25.62,--,15,38430,买盘
2627,10:29:57,25.62,--,1,2562,买盘
2628,10:29:51,25.62,-0.01,33,84546,卖盘
2629,10:29:48,25.63,--,2,5126,卖盘
2630,10:29:42,25.63,--,8,20504,买盘
2631,10:29:39,25.63,0.02,3,7689,买盘
2632,10:29:27,25.61,--,2,5122,卖盘
2633,10:29:24,25.61,0.01,5,12805,卖盘
2634,10:29:21,25.6,-0.03,13,34739,卖盘
2635,10:29:18,25.63,0.01,2,5433,买盘
2636,10:29:15,25.62,0.02,3,7686,中性盘
2637,10:29:12,25.6,--,27,69120,买盘
2638,10:29:09,25.6,--,13,34713,卖盘
2639,10:29:00,25.6,--,7,17920,买盘
2640,10:28:57,25.6,-0.01,47,120320,卖盘
2641,10:28:54,25.61,-0.01,14,35854,卖盘
2642,10:28:51,25.62,0.02,8,20496,买盘
2643,10:28:48,25.6,-0.01,11,28160,卖盘
2644,10:28:45,25.61,--,65,166465,买盘
2645,10:28:39,25.61,--,61,156221,买盘
2646,10:28:36,25.61,--,26,66586,买盘
2647,10:28:33,25.61,--,25,64025,买盘
2648,10:28:21,25.61,0.03,26,68045,买盘
2649,10:28:12,25.58,--,131,335430,买盘
2650,10:28:09,25.58,--,2,5116,买盘
2651,10:28:06,25.58,--,14,35812,买盘
2652,10:28:03,25.58,0.01,57,145806,买盘
2653,10:28:00,25.57,--,3,9128,卖盘
2654,10:27:57,25.57,0.01,11,28127,中性盘
2655,10:27:51,25.56,0.01,1,4345,买盘
2656,10:27:48,25.55,--,25,63875,卖盘
2657,10:27:45,25.55,--,5,12775,卖盘
2658,10:27:42,25.55,--,4,10220,卖盘
2659,10:27:39,25.55,0.01,15,38325,买盘
2660,10:27:36,25.54,-0.01,43,109822,卖盘
2661,10:27:33,25.55,--,25,63875,买盘
2662,10:27:30,25.55,--,70,178850,买盘
2663,10:27:27,25.55,--,59,150745,买盘
2664,10:27:24,25.55,0.01,9,22995,买盘
2665,10:27:21,25.54,--,39,101087,卖盘
2666,10:27:18,25.54,-0.01,148,377992,卖盘
2667,10:27:15,25.55,--,20,51100,买盘
2668,10:27:12,25.55,0.01,10,25550,买盘
2669,10:27:09,25.54,--,6,15324,卖盘
2670,10:27:06,25.54,-0.01,11,29524,中性盘
2671,10:27:00,25.55,--,21,53655,买盘
2672,10:26:57,25.55,0.01,24,61320,买盘
2673,10:26:51,25.54,-0.02,136,347344,卖盘
2674,10:26:48,25.56,--,31,79236,买盘
2675,10:26:42,25.56,0.01,63,161028,买盘
2676,10:26:36,25.55,-0.01,101,259153,卖盘
2677,10:26:33,25.56,--,66,168696,买盘
2678,10:26:30,25.56,0.01,13,33228,买盘
2679,10:26:27,25.55,--,43,109865,卖盘
2680,10:26:24,25.55,-0.01,28,71540,卖盘
2681,10:26:18,25.56,0.01,36,93472,买盘
2682,10:26:15,25.55,-0.01,34,86870,卖盘
2683,10:26:12,25.56,0.01,156,398736,买盘
2684,10:26:06,25.55,--,10,25550,卖盘
2685,10:26:03,25.55,-0.01,14,35770,卖盘
2686,10:26:00,25.56,--,27,69012,卖盘
2687,10:25:54,25.56,--,15,38340,卖盘
2688,10:25:51,25.56,-0.02,134,342504,卖盘
2689,10:25:45,25.58,-0.01,117,301511,卖盘
2690,10:25:33,25.59,--,2,5118,买盘
2691,10:25:30,25.59,--,199,510341,卖盘
2692,10:25:27,25.59,-0.02,12,30708,卖盘
2693,10:25:24,25.61,0.01,85,217685,买盘
2694,10:25:21,25.6,0.01,2,5120,买盘
2695,10:25:18,25.59,-0.02,3,9135,卖盘
2696,10:25:12,25.61,--,51,132685,卖盘
2697,10:25:09,25.61,--,3,7683,卖盘
2698,10:25:06,25.61,--,73,186953,卖盘
2699,10:25:03,25.61,--,15,39874,卖盘
2700,10:25:00,25.61,0.01,87,224394,买盘
2701,10:24:54,25.6,--,44,113612,卖盘
2702,10:24:51,25.6,--,7,17920,卖盘
2703,10:24:48,25.6,-0.02,371,949760,卖盘
2704,10:24:45,25.62,0.01,65,168887,买盘
2705,10:24:39,25.61,--,4,10244,买盘
2706,10:24:36,25.61,--,60,153864,卖盘
2707,10:24:33,25.61,--,20,51220,卖盘
2708,10:24:30,25.61,--,44,112684,卖盘
2709,10:24:24,25.61,--,17,43537,卖盘
2710,10:24:21,25.61,--,42,107562,卖盘
2711,10:24:18,25.61,--,14,37313,卖盘
2712,10:24:15,25.61,-0.01,64,163904,卖盘
2713,10:24:12,25.62,--,12,30744,买盘
2714,10:24:09,25.62,0.01,10,25620,买盘
2715,10:24:06,25.61,-0.01,67,173021,卖盘
2716,10:24:03,25.62,0.01,2,5124,买盘
2717,10:24:00,25.61,-0.01,15,38415,卖盘
2718,10:23:57,25.62,--,1,2562,买盘
2719,10:23:48,25.62,--,10,25620,买盘
2720,10:23:45,25.62,-0.01,46,118953,卖盘
2721,10:23:42,25.63,0.01,66,169158,买盘
2722,10:23:36,25.62,-0.01,9,23058,卖盘
2723,10:23:33,25.63,0.01,1,2563,买盘
2724,10:23:30,25.62,--,22,56364,卖盘
2725,10:23:27,25.62,--,14,35868,卖盘
2726,10:23:24,25.62,--,16,40992,卖盘
2727,10:23:21,25.62,--,36,92232,卖盘
2728,10:23:15,25.62,-0.02,22,58618,卖盘
2729,10:23:09,25.64,--,24,61536,买盘
2730,10:23:06,25.64,0.01,68,174352,买盘
2731,10:23:03,25.63,--,108,276804,卖盘
2732,10:23:00,25.63,-0.01,11,29602,卖盘
2733,10:22:57,25.64,--,102,261528,买盘
2734,10:22:54,25.64,--,1,2564,买盘
2735,10:22:51,25.64,-0.02,31,79484,中性盘
2736,10:22:45,25.66,0.03,38,97508,买盘
2737,10:22:42,25.63,-0.03,110,281930,卖盘
2738,10:22:39,25.66,0.03,3,7698,买盘
2739,10:22:33,25.63,-0.01,1,2563,卖盘
2740,10:22:30,25.64,--,10,25640,卖盘
2741,10:22:27,25.64,--,38,97432,买盘
2742,10:22:24,25.64,--,11,28204,买盘
2743,10:22:21,25.64,0.01,11,29665,买盘
2744,10:22:15,25.63,--,6,15378,卖盘
2745,10:22:09,25.63,--,237,607431,买盘
2746,10:22:06,25.63,0.01,18,47594,买盘
2747,10:22:00,25.62,0.01,1,2562,卖盘
2748,10:21:54,25.61,-0.01,100,256100,卖盘
2749,10:21:51,25.62,--,14,35868,卖盘
2750,10:21:48,25.62,--,0,1690,买盘
2751,10:21:45,25.62,--,16,40992,买盘
2752,10:21:42,25.62,--,7,17934,买盘
2753,10:21:39,25.62,--,19,48678,买盘
2754,10:21:36,25.62,--,42,107604,买盘
2755,10:21:33,25.62,--,1,2562,买盘
2756,10:21:30,25.62,--,13,33306,买盘
2757,10:21:27,25.62,-0.01,150,386554,卖盘
2758,10:21:24,25.63,0.01,1,2563,买盘
2759,10:21:20,25.62,--,15,39864,卖盘
2760,10:21:14,25.62,--,5,12810,卖盘
2761,10:21:08,25.62,-0.01,23,58926,卖盘
2762,10:21:05,25.63,0.02,85,219290,买盘
2763,10:20:59,25.61,-0.01,0,1434,卖盘
2764,10:20:53,25.62,0.01,2,5124,买盘
2765,10:20:50,25.61,--,25,65484,买盘
2766,10:20:47,25.61,--,5,12805,买盘
2767,10:20:44,25.61,--,2,5122,买盘
2768,10:20:41,25.61,--,52,133172,买盘
2769,10:20:38,25.61,-0.01,41,106102,卖盘
2770,10:20:35,25.62,0.01,2,5124,买盘
2771,10:20:32,25.61,--,7,17927,卖盘
2772,10:20:29,25.61,-0.01,3,7683,卖盘
2773,10:20:26,25.62,0.01,259,663558,买盘
2774,10:20:23,25.61,--,10,25610,卖盘
2775,10:20:20,25.61,-0.01,98,252437,卖盘
