,time,price,change,volume,amount,type
0,15:00:23,8.52,0.01,3415,2909580,卖盘
1,14:57:35,8.51,--,0,0,卖盘
2,14:56:59,8.51,-0.01,22,18722,卖盘
3,14:56:53,8.52,-0.01,61,51972,买盘
4,14:56:50,8.53,0.01,342,291726,买盘
5,14:56:47,8.52,--,13,11076,卖盘
6,14:56:44,8.52,--,9,7668,卖盘
7,14:56:41,8.52,0.01,172,146544,买盘
8,14:56:38,8.51,--,19,16169,买盘
9,14:56:35,8.51,--,2,1702,买盘
10,14:56:32,8.51,-0.01,882,750582,卖盘
11,14:56:29,8.52,-0.01,232,197664,卖盘
12,14:56:26,8.53,0.01,38,32413,买盘
13,14:56:23,8.52,--,58,49416,卖盘
14,14:56:14,8.52,--,176,149952,卖盘
15,14:56:11,8.52,0.01,255,217260,买盘
16,14:56:08,8.51,-0.01,23,19573,卖盘
17,14:56:05,8.52,--,103,87756,买盘
18,14:56:02,8.52,--,312,265824,买盘
19,14:55:59,8.52,--,20,17040,买盘
20,14:55:53,8.52,--,28,23856,买盘
21,14:55:50,8.52,--,80,68160,买盘
22,14:55:47,8.52,0.01,13,11076,买盘
23,14:55:44,8.51,-0.01,303,257853,卖盘
24,14:55:41,8.52,0.01,18,15336,买盘
25,14:55:35,8.51,-0.01,58,49358,卖盘
26,14:55:32,8.52,0.01,10,8520,买盘
27,14:55:29,8.51,--,10,8510,卖盘
28,14:55:26,8.51,--,11,9361,卖盘
29,14:55:23,8.51,--,224,190624,卖盘
30,14:55:17,8.51,--,87,74037,买盘
31,14:55:14,8.51,--,51,43401,买盘
32,14:55:11,8.51,--,10,8510,买盘
33,14:55:05,8.51,--,75,63825,买盘
34,14:55:02,8.51,0.01,34,28934,买盘
35,14:54:59,8.5,-0.01,30,25500,卖盘
36,14:54:56,8.51,0.01,21,17871,买盘
37,14:54:53,8.5,--,30,25500,卖盘
38,14:54:41,8.5,--,9,7650,买盘
39,14:54:38,8.5,0.01,25,21250,买盘
40,14:54:32,8.49,-0.01,81,68769,卖盘
41,14:54:29,8.5,--,8,6800,买盘
42,14:54:26,8.5,--,57,48450,买盘
43,14:54:23,8.5,-0.01,2564,2179400,卖盘
44,14:54:20,8.51,-0.01,10,8510,卖盘
45,14:54:17,8.52,--,31,26412,买盘
46,14:54:14,8.52,--,18,15336,买盘
47,14:54:05,8.52,--,148,126096,卖盘
48,14:54:02,8.52,--,112,95424,卖盘
49,14:53:56,8.52,--,65,55380,卖盘
50,14:53:53,8.52,--,6,5112,卖盘
51,14:53:44,8.52,--,17,14484,卖盘
52,14:53:38,8.52,--,15,12780,卖盘
53,14:53:35,8.52,-0.01,48,40896,卖盘
54,14:53:32,8.53,0.01,15,12794,买盘
55,14:53:29,8.52,-0.01,27,23004,卖盘
56,14:53:23,8.53,0.01,170,145010,买盘
57,14:53:20,8.52,--,50,42600,卖盘
58,14:53:14,8.52,--,50,42600,卖盘
59,14:53:05,8.52,--,10,8520,卖盘
60,14:53:02,8.52,--,190,161880,买盘
61,14:52:59,8.52,--,53,45156,买盘
62,14:52:53,8.52,--,69,58788,买盘
63,14:52:50,8.52,0.01,56,47712,买盘
64,14:52:35,8.51,-0.01,20,17020,卖盘
65,14:52:29,8.52,--,535,455820,买盘
66,14:52:20,8.52,--,57,48564,买盘
67,14:52:08,8.52,--,116,98832,买盘
68,14:52:05,8.52,--,9,7668,买盘
69,14:52:02,8.52,-0.01,142,120984,卖盘
70,14:51:59,8.53,0.01,27,23031,买盘
71,14:51:56,8.52,-0.01,20,17040,卖盘
72,14:51:53,8.53,--,10,8530,买盘
73,14:51:50,8.53,0.01,170,145010,买盘
74,14:51:44,8.52,-0.01,15,12780,卖盘
75,14:51:32,8.53,--,500,426499,买盘
76,14:51:29,8.53,--,109,92977,买盘
77,14:51:23,8.53,0.01,50,42650,买盘
78,14:51:17,8.52,--,40,34080,卖盘
79,14:51:14,8.52,--,25,21300,卖盘
80,14:51:11,8.52,--,71,60492,卖盘
81,14:51:02,8.52,--,132,112464,卖盘
82,14:50:59,8.52,-0.01,1,852,卖盘
83,14:50:56,8.53,0.01,226,192778,买盘
84,14:50:53,8.52,--,5,4260,买盘
85,14:50:47,8.52,--,3,2556,买盘
86,14:50:44,8.52,--,2,1704,买盘
87,14:50:41,8.52,--,6,5112,买盘
88,14:50:38,8.52,0.01,399,339948,买盘
89,14:50:23,8.51,0.01,87,74037,买盘
90,14:50:20,8.5,--,20,17000,卖盘
91,14:50:16,8.5,-0.02,25,21250,卖盘
92,14:50:07,8.52,0.02,2500,2130000,买盘
93,14:49:58,8.5,--,10,8500,卖盘
94,14:49:55,8.5,-0.01,32,27200,卖盘
95,14:49:46,8.51,0.01,21,17871,买盘
96,14:49:43,8.5,--,1,850,卖盘
97,14:49:37,8.5,-0.01,3,2550,中性盘
98,14:49:28,8.51,--,67,57017,买盘
99,14:49:16,8.51,0.01,263,223813,买盘
100,14:49:13,8.5,-0.01,336,285600,卖盘
101,14:49:10,8.51,--,7,5957,买盘
102,14:49:07,8.51,0.01,1,851,买盘
103,14:49:04,8.5,--,5,4250,卖盘
104,14:48:58,8.5,--,2,1700,卖盘
105,14:48:55,8.5,--,1,850,卖盘
106,14:48:49,8.5,--,41,34850,买盘
107,14:48:46,8.5,--,20,17000,买盘
108,14:48:34,8.5,--,136,115600,买盘
109,14:48:31,8.5,--,109,92650,买盘
110,14:48:25,8.5,--,30,25500,买盘
111,14:48:19,8.5,--,65,55250,卖盘
112,14:48:10,8.5,--,5,4250,卖盘
113,14:48:07,8.5,0.01,217,184450,买盘
114,14:47:58,8.49,--,11,9339,卖盘
115,14:47:55,8.49,--,2,1698,卖盘
116,14:47:49,8.49,-0.01,10,8490,卖盘
117,14:47:40,8.5,0.01,62,52700,买盘
118,14:47:34,8.49,--,25,21225,卖盘
119,14:47:28,8.49,--,80,67920,卖盘
120,14:47:25,8.49,--,100,84900,卖盘
121,14:47:19,8.49,--,36,30564,卖盘
122,14:47:16,8.49,--,10,8490,卖盘
123,14:47:10,8.49,-0.01,10,8490,卖盘
124,14:47:07,8.5,--,574,487900,买盘
125,14:47:01,8.5,0.01,76,64600,买盘
126,14:46:52,8.49,--,12,10188,卖盘
127,14:46:43,8.49,--,202,171498,买盘
128,14:46:37,8.49,--,4,3396,买盘
129,14:46:25,8.49,--,157,133293,卖盘
130,14:46:22,8.49,--,30,25470,卖盘
131,14:46:16,8.49,--,20,16980,卖盘
132,14:46:04,8.49,--,2,1698,卖盘
133,14:45:58,8.49,--,227,192723,卖盘
134,14:45:52,8.49,-0.01,30,25470,卖盘
135,14:45:49,8.5,0.01,10,8500,买盘
136,14:45:46,8.49,--,16,13584,卖盘
137,14:45:43,8.49,-0.01,40,33960,卖盘
138,14:45:34,8.5,--,2,1700,买盘
139,14:45:28,8.5,--,61,51850,买盘
140,14:45:19,8.5,0.01,12,10200,买盘
141,14:45:16,8.49,--,2,1698,卖盘
142,14:45:13,8.49,--,30,25470,卖盘
143,14:45:07,8.49,-0.01,2,1698,卖盘
144,14:45:04,8.5,0.01,15,12750,买盘
145,14:44:58,8.49,--,109,92541,买盘
146,14:44:52,8.49,0.01,33,28017,买盘
147,14:44:49,8.48,-0.01,3,2544,卖盘
148,14:44:40,8.49,--,119,101031,买盘
149,14:44:37,8.49,0.02,200,169800,买盘
150,14:44:25,8.47,-0.02,65,55055,卖盘
151,14:44:19,8.49,0.01,174,147726,买盘
152,14:44:16,8.48,--,30,25440,卖盘
153,14:44:13,8.48,--,179,151792,卖盘
154,14:44:07,8.48,--,109,92432,买盘
155,14:44:04,8.48,--,7,5936,买盘
156,14:43:52,8.48,--,13,11024,买盘
157,14:43:49,8.48,--,50,42400,买盘
158,14:43:40,8.48,-0.01,310,262880,卖盘
159,14:43:28,8.49,--,69,58581,买盘
160,14:43:25,8.49,0.01,13,11037,买盘
161,14:43:22,8.48,-0.01,75,63600,卖盘
162,14:43:16,8.49,--,69,58581,卖盘
163,14:43:13,8.49,--,40,33960,卖盘
164,14:43:07,8.49,-0.01,1,849,卖盘
165,14:43:04,8.5,0.01,12,10200,买盘
166,14:43:01,8.49,-0.01,200,169800,卖盘
167,14:42:58,8.5,--,2,1700,买盘
168,14:42:52,8.5,--,4,3400,买盘
169,14:42:49,8.5,--,174,147900,卖盘
170,14:42:46,8.5,--,40,34000,卖盘
171,14:42:43,8.5,--,320,272000,卖盘
172,14:42:40,8.5,--,20,17000,卖盘
173,14:42:37,8.5,--,100,85000,卖盘
174,14:42:31,8.5,--,115,97750,卖盘
175,14:42:25,8.5,--,20,17000,卖盘
176,14:42:22,8.5,--,11,9350,卖盘
177,14:42:19,8.5,-0.01,4,3400,卖盘
178,14:42:16,8.51,0.01,17,14467,买盘
179,14:42:13,8.5,-0.01,2,1700,卖盘
180,14:42:10,8.51,--,8,6808,卖盘
181,14:42:07,8.51,0.01,58,49358,卖盘
182,14:42:01,8.5,-0.02,1720,1462000,卖盘
183,14:41:58,8.52,0.01,22,18744,买盘
184,14:41:55,8.51,--,2,1702,卖盘
185,14:41:52,8.51,-0.01,2,1702,卖盘
186,14:41:46,8.52,0.01,5,4260,买盘
187,14:41:40,8.51,--,4,3404,卖盘
188,14:41:37,8.51,--,4,3404,卖盘
189,14:41:28,8.51,-0.01,11,9361,卖盘
190,14:41:25,8.52,--,10,8520,买盘
191,14:41:22,8.52,0.01,6,5112,买盘
192,14:41:13,8.51,--,10,8510,卖盘
193,14:40:58,8.51,--,6,5446,买盘
194,14:40:55,8.51,-0.01,34,29444,卖盘
195,14:40:52,8.52,--,139,118428,买盘
196,14:40:49,8.52,0.01,20,17040,买盘
197,14:40:46,8.51,-0.01,20,17020,卖盘
198,14:40:43,8.52,0.01,214,182328,买盘
199,14:40:40,8.51,-0.01,162,137862,卖盘
200,14:40:37,8.52,0.01,23,19596,买盘
201,14:40:34,8.51,--,189,160839,卖盘
202,14:40:31,8.51,--,195,165945,卖盘
203,14:40:25,8.51,-0.01,67,57017,卖盘
204,14:40:22,8.52,0.01,11,9372,买盘
205,14:40:19,8.51,--,14,12254,卖盘
206,14:40:01,8.51,--,5,4255,卖盘
207,14:39:58,8.51,--,9,7659,买盘
208,14:39:55,8.51,--,117,99567,卖盘
209,14:39:52,8.51,--,40,34040,卖盘
210,14:39:49,8.51,--,255,217005,买盘
211,14:39:46,8.51,--,58,49358,买盘
212,14:39:43,8.51,--,15,12765,买盘
213,14:39:37,8.51,-0.01,87,74037,卖盘
214,14:39:34,8.52,--,100,85200,买盘
215,14:39:31,8.52,0.01,12,10224,买盘
216,14:39:25,8.51,--,41,34891,卖盘
217,14:39:22,8.51,--,25,21275,卖盘
218,14:39:19,8.51,--,29,24679,卖盘
219,14:39:10,8.51,--,22,18722,卖盘
220,14:39:07,8.51,--,362,308062,卖盘
221,14:38:58,8.51,--,100,85100,卖盘
222,14:38:55,8.51,--,27,22977,卖盘
223,14:38:52,8.51,--,114,97014,卖盘
224,14:38:43,8.51,-0.01,70,59570,卖盘
225,14:38:40,8.52,0.01,5,4260,买盘
226,14:38:37,8.51,--,18,15318,卖盘
227,14:38:34,8.51,-0.01,22,18722,卖盘
228,14:38:25,8.52,0.01,30,25560,买盘
229,14:38:22,8.51,--,200,170200,卖盘
230,14:38:16,8.51,-0.01,10,8510,卖盘
231,14:38:04,8.52,0.01,1,852,买盘
232,14:37:58,8.51,-0.01,5,4255,卖盘
233,14:37:55,8.52,0.02,22,18744,买盘
234,14:37:43,8.5,--,71,60350,卖盘
235,14:37:37,8.5,-0.01,35,29750,卖盘
236,14:37:31,8.51,-0.01,193,164243,卖盘
237,14:37:25,8.52,--,6,5112,卖盘
238,14:37:22,8.52,0.01,75,63900,卖盘
239,14:37:16,8.51,--,218,185518,卖盘
240,14:37:07,8.51,-0.01,7,5957,卖盘
241,14:37:04,8.52,0.01,29,24708,买盘
242,14:37:01,8.51,-0.01,52,44252,卖盘
243,14:36:58,8.52,0.01,10,8520,买盘
244,14:36:55,8.51,-0.01,9,7659,卖盘
245,14:36:52,8.52,0.01,35,29820,买盘
246,14:36:49,8.51,-0.01,105,89355,卖盘
247,14:36:46,8.52,0.01,1,852,买盘
248,14:36:40,8.51,-0.01,1,851,卖盘
249,14:36:37,8.52,0.01,10,8520,买盘
250,14:36:34,8.51,--,1,851,卖盘
251,14:36:31,8.51,-0.01,74,62974,卖盘
252,14:36:28,8.52,--,71,60492,卖盘
253,14:36:22,8.52,--,106,90312,卖盘
254,14:36:16,8.52,--,101,86052,卖盘
255,14:36:13,8.52,0.01,370,315240,买盘
256,14:36:01,8.51,--,8,6808,买盘
257,14:35:58,8.51,0.01,90,76590,买盘
258,14:35:55,8.5,-0.01,4,3400,卖盘
259,14:35:43,8.51,--,91,77441,卖盘
260,14:35:37,8.51,-0.01,4,3404,卖盘
261,14:35:31,8.52,0.01,20,17040,买盘
262,14:35:25,8.51,--,10,8510,卖盘
263,14:35:22,8.51,--,30,25530,卖盘
264,14:35:19,8.51,--,51,43401,卖盘
265,14:35:16,8.51,-0.01,141,119991,卖盘
266,14:35:10,8.52,--,153,130356,买盘
267,14:35:07,8.52,0.01,73,62196,买盘
268,14:35:04,8.51,--,25,21275,卖盘
269,14:34:58,8.51,-0.01,31,26381,卖盘
270,14:34:55,8.52,--,3,2556,买盘
271,14:34:52,8.52,--,10,8520,买盘
272,14:34:49,8.52,--,80,68160,买盘
273,14:34:46,8.52,--,453,385956,卖盘
274,14:34:43,8.52,--,900,766800,卖盘
275,14:34:40,8.52,--,3,2556,卖盘
276,14:34:37,8.52,--,4,3408,卖盘
277,14:34:34,8.52,--,100,85200,卖盘
278,14:34:31,8.52,0.01,70,59640,买盘
279,14:34:22,8.51,--,29,24679,卖盘
280,14:34:19,8.51,-0.01,41,34891,卖盘
281,14:34:16,8.52,0.01,110,93720,买盘
282,14:34:13,8.51,-0.01,70,59570,卖盘
283,14:34:10,8.52,--,51,43452,买盘
284,14:34:07,8.52,--,21,17892,买盘
285,14:34:04,8.52,0.01,20,17040,买盘
286,14:34:01,8.51,--,10,8510,卖盘
287,14:33:52,8.51,--,91,77441,买盘
288,14:33:49,8.51,--,53,45103,买盘
289,14:33:46,8.51,--,170,144670,买盘
290,14:33:43,8.51,0.01,1000,851000,买盘
291,14:33:40,8.5,-0.01,12,10200,卖盘
292,14:33:37,8.51,0.01,10,8510,买盘
293,14:33:28,8.5,--,82,69734,买盘
294,14:33:25,8.5,0.01,6,5100,买盘
295,14:33:22,8.49,-0.01,96,81504,卖盘
296,14:33:10,8.5,--,333,283050,买盘
297,14:33:07,8.5,--,11,9350,买盘
298,14:33:04,8.5,--,56,47600,买盘
299,14:33:01,8.5,0.01,119,101150,买盘
300,14:32:55,8.49,--,6,5094,中性盘
301,14:32:43,8.49,-0.01,60,50940,中性盘
302,14:32:37,8.5,--,9,7650,买盘
303,14:32:31,8.5,0.02,752,639200,买盘
304,14:32:28,8.48,--,100,84800,卖盘
305,14:32:19,8.48,-0.01,1,848,卖盘
306,14:32:01,8.49,--,20,16980,买盘
307,14:31:49,8.49,0.01,6,5094,买盘
308,14:31:43,8.48,--,10,8480,买盘
309,14:31:22,8.48,--,12,10176,买盘
310,14:31:13,8.48,-0.01,148,125504,卖盘
311,14:31:10,8.49,0.01,10,8490,买盘
312,14:31:07,8.48,--,2,1696,买盘
313,14:31:04,8.48,0.03,8,6784,中性盘
314,14:31:01,8.45,-0.04,6329,5348005,卖盘
315,14:30:52,8.49,--,20,16980,买盘
316,14:30:40,8.49,0.01,288,244512,买盘
317,14:30:31,8.48,--,64,54272,卖盘
318,14:30:25,8.48,-0.01,32,27136,卖盘
319,14:30:06,8.49,--,12,10188,买盘
320,14:29:57,8.49,0.01,134,113766,买盘
321,14:29:39,8.48,-0.01,150,127200,卖盘
322,14:29:30,8.49,0.01,20,16980,买盘
323,14:29:06,8.48,--,491,416368,买盘
324,14:29:03,8.48,0.01,13,11024,买盘
325,14:29:00,8.47,--,15,12705,卖盘
326,14:28:57,8.47,--,20,16940,卖盘
327,14:28:54,8.47,--,10,8470,卖盘
328,14:28:15,8.47,-0.01,300,254100,卖盘
329,14:28:06,8.48,0.01,93,78864,买盘
330,14:28:03,8.47,--,60,50820,卖盘
331,14:27:57,8.47,--,100,84700,卖盘
332,14:27:36,8.47,-0.01,37,31339,卖盘
333,14:27:21,8.48,0.01,1,848,买盘
334,14:27:18,8.47,--,30,25410,卖盘
335,14:27:06,8.47,--,31,26257,买盘
336,14:27:03,8.47,--,44,37268,买盘
337,14:26:57,8.47,--,50,42350,买盘
338,14:26:54,8.47,--,356,301532,买盘
339,14:26:48,8.47,--,506,428582,买盘
340,14:26:45,8.47,--,50,42350,买盘
341,14:26:42,8.47,--,21,17787,买盘
342,14:26:39,8.47,--,2,1694,买盘
343,14:26:27,8.47,--,14,11858,买盘
344,14:26:18,8.47,0.01,15,12705,买盘
345,14:25:57,8.46,--,5,4230,卖盘
346,14:25:36,8.46,--,4,3384,卖盘
347,14:25:27,8.46,--,1,846,卖盘
348,14:25:24,8.46,--,115,97290,卖盘
349,14:25:21,8.46,--,2,1692,卖盘
350,14:25:18,8.46,--,150,126900,卖盘
351,14:24:57,8.46,--,11,9306,卖盘
352,14:24:51,8.46,--,10,8460,卖盘
353,14:24:48,8.46,--,15,12690,卖盘
354,14:24:45,8.46,-0.01,10,8460,卖盘
355,14:24:27,8.47,--,298,252406,卖盘
356,14:24:21,8.47,--,5,4235,卖盘
357,14:24:09,8.47,--,10,8470,卖盘
358,14:24:06,8.47,--,2,1694,卖盘
359,14:24:00,8.47,--,21,17787,卖盘
360,14:23:51,8.47,--,9,7623,卖盘
361,14:23:42,8.47,0.01,272,230384,买盘
362,14:23:36,8.46,-0.01,10,8460,卖盘
363,14:23:12,8.47,--,6,5082,买盘
364,14:23:09,8.47,--,11,9317,买盘
365,14:22:57,8.47,--,32,27104,买盘
366,14:22:51,8.47,--,1,847,买盘
367,14:22:33,8.47,-0.01,14,11858,卖盘
368,14:22:30,8.48,0.01,35,29680,买盘
369,14:22:27,8.47,--,25,21175,卖盘
370,14:22:21,8.47,--,16,13552,卖盘
371,14:22:15,8.47,--,247,209209,卖盘
372,14:22:12,8.47,-0.01,11,9317,卖盘
373,14:22:09,8.48,--,10,8480,买盘
374,14:22:00,8.48,--,36,30528,买盘
375,14:21:57,8.48,--,38,32224,买盘
376,14:21:42,8.48,0.01,5,4240,买盘
377,14:21:39,8.47,-0.01,300,254100,卖盘
378,14:21:27,8.48,--,35,29680,买盘
379,14:21:24,8.48,--,10,8480,买盘
380,14:21:18,8.48,--,30,25440,买盘
381,14:21:09,8.48,--,171,145008,卖盘
382,14:21:00,8.48,-0.01,37,31376,卖盘
383,14:20:48,8.49,--,345,292905,卖盘
384,14:20:45,8.49,--,68,57732,卖盘
385,14:20:33,8.49,-0.01,200,169800,卖盘
386,14:20:30,8.5,--,7,5950,买盘
387,14:20:21,8.5,0.01,30,25500,买盘
388,14:20:18,8.49,-0.01,57,48393,卖盘
389,14:20:03,8.5,0.01,58,49300,买盘
390,14:20:00,8.49,-0.01,200,169800,卖盘
391,14:19:51,8.5,0.01,55,46750,买盘
392,14:19:48,8.49,-0.01,20,16980,卖盘
393,14:19:45,8.5,--,3,2550,买盘
394,14:19:42,8.5,--,30,25500,买盘
395,14:19:03,8.5,--,20,17000,卖盘
396,14:19:00,8.5,--,100,85000,卖盘
397,14:18:57,8.5,--,100,85000,卖盘
398,14:18:54,8.5,--,36,30600,卖盘
399,14:18:51,8.5,--,100,85000,卖盘
400,14:18:48,8.5,--,56,47600,卖盘
401,14:18:45,8.5,--,2,1700,卖盘
402,14:18:42,8.5,-0.01,228,193800,卖盘
403,14:18:39,8.51,0.01,100,85100,买盘
404,14:18:36,8.5,-0.01,102,86700,卖盘
405,14:18:33,8.51,0.01,142,120842,买盘
406,14:18:27,8.5,--,30,25500,卖盘
407,14:18:24,8.5,--,10,8500,卖盘
408,14:18:09,8.5,--,32,27200,卖盘
409,14:18:06,8.5,--,130,110500,卖盘
410,14:18:03,8.5,--,5,4250,卖盘
411,14:17:57,8.5,--,20,17000,卖盘
412,14:17:54,8.5,--,100,85000,卖盘
413,14:17:48,8.5,--,10,8500,卖盘
414,14:17:42,8.5,--,6,5100,卖盘
415,14:17:39,8.5,-0.01,11,9350,卖盘
416,14:17:36,8.51,0.01,6,5106,买盘
417,14:17:30,8.5,--,2,1700,卖盘
418,14:17:27,8.5,--,18,15300,卖盘
419,14:17:24,8.5,--,22,18700,卖盘
420,14:17:15,8.5,--,50,42500,卖盘
421,14:17:06,8.5,-0.01,5,4250,卖盘
422,14:17:03,8.51,0.01,136,115736,买盘
423,14:17:00,8.5,--,20,17000,卖盘
424,14:16:48,8.5,-0.01,169,143650,卖盘
425,14:16:45,8.51,0.01,158,134458,买盘
426,14:16:42,8.5,-0.01,44,37400,卖盘
427,14:16:39,8.51,--,17,14467,买盘
428,14:16:36,8.51,0.01,10,8510,买盘
429,14:16:15,8.5,-0.01,6,5100,卖盘
430,14:16:06,8.51,0.01,30,25530,买盘
431,14:15:57,8.5,-0.01,4,3400,卖盘
432,14:15:45,8.51,0.01,3,2553,买盘
433,14:15:39,8.5,--,318,270300,买盘
434,14:15:30,8.5,--,50,42500,买盘
435,14:15:15,8.5,--,56,47600,卖盘
436,14:15:12,8.5,--,5,4250,卖盘
437,14:15:09,8.5,--,100,85000,卖盘
438,14:15:06,8.5,--,10,8500,卖盘
439,14:15:00,8.5,--,15,12750,卖盘
440,14:14:54,8.5,--,8,6800,卖盘
441,14:14:48,8.5,--,5,4250,卖盘
442,14:14:45,8.5,--,49,41650,买盘
443,14:14:39,8.5,--,20,17000,买盘
444,14:14:36,8.5,--,37,31450,卖盘
445,14:14:21,8.5,--,52,44200,买盘
446,14:14:15,8.5,0.01,107,90950,买盘
447,14:14:12,8.49,-0.01,4,3396,卖盘
448,14:14:09,8.5,--,11,9350,买盘
449,14:14:00,8.5,-0.01,122,103700,卖盘
450,14:13:54,8.51,0.01,15,12765,买盘
451,14:13:48,8.5,-0.01,20,17000,卖盘
452,14:13:36,8.51,--,12,10212,买盘
453,14:13:33,8.51,--,6,5106,买盘
454,14:13:27,8.51,0.01,5,4255,买盘
455,14:13:15,8.5,--,78,66300,买盘
456,14:13:12,8.5,0.01,30,25500,买盘
457,14:13:06,8.49,-0.01,10,8490,卖盘
458,14:12:51,8.5,--,39,33150,买盘
459,14:12:48,8.5,0.01,211,179350,买盘
460,14:12:45,8.49,-0.01,23,19527,卖盘
461,14:12:36,8.5,--,10,8500,买盘
462,14:12:27,8.5,--,20,17000,买盘
463,14:12:09,8.5,-0.01,83,70550,卖盘
464,14:12:06,8.51,0.01,100,85100,买盘
465,14:12:00,8.5,--,9,7650,买盘
466,14:11:57,8.5,--,15,12750,买盘
467,14:11:54,8.5,--,5,4250,买盘
468,14:11:51,8.5,--,73,62050,卖盘
469,14:11:45,8.5,--,10,8500,卖盘
470,14:11:42,8.5,-0.01,9,7650,卖盘
471,14:11:39,8.51,0.01,112,95312,买盘
472,14:11:33,8.5,--,61,51850,卖盘
473,14:11:21,8.5,--,7,5950,买盘
474,14:11:18,8.5,--,5,4250,买盘
475,14:11:15,8.5,--,120,102000,买盘
476,14:11:12,8.5,--,88,74800,买盘
477,14:11:06,8.5,--,38,32300,买盘
478,14:11:03,8.5,--,3,2550,买盘
479,14:10:57,8.5,--,200,170000,买盘
480,14:10:47,8.5,0.01,152,129200,买盘
481,14:10:41,8.49,--,281,238569,卖盘
482,14:10:26,8.49,--,1,849,买盘
483,14:10:23,8.49,--,49,41601,买盘
484,14:10:20,8.49,--,20,16980,买盘
485,14:10:17,8.49,0.01,3,2547,买盘
486,14:10:11,8.48,-0.01,8,6784,卖盘
487,14:10:02,8.49,--,61,51789,买盘
488,14:09:59,8.49,0.01,10,8490,买盘
489,14:09:47,8.48,0.01,118,100064,买盘
490,14:09:44,8.47,--,12,10164,买盘
491,14:09:41,8.47,--,26,22022,买盘
492,14:09:38,8.47,-0.01,371,314237,卖盘
493,14:09:35,8.48,--,100,84800,买盘
494,14:09:32,8.48,--,29,24592,买盘
495,14:09:17,8.48,--,2,1696,买盘
496,14:08:59,8.48,--,30,25440,买盘
497,14:08:53,8.48,0.01,2,1696,买盘
498,14:08:41,8.47,--,2,1694,卖盘
499,14:08:38,8.47,--,187,158389,卖盘
500,14:08:26,8.47,--,70,59290,买盘
501,14:08:20,8.47,--,5,4235,买盘
502,14:08:08,8.47,0.01,3,2541,买盘
503,14:07:59,8.46,-0.01,8,6768,卖盘
504,14:07:47,8.47,--,3,2541,买盘
505,14:07:41,8.47,--,90,76230,买盘
506,14:07:38,8.47,0.01,40,33880,中性盘
507,14:07:23,8.46,-0.01,28,23688,卖盘
508,14:07:17,8.47,0.01,10,8470,中性盘
509,14:06:59,8.46,-0.01,455,385403,卖盘
510,14:06:32,8.47,-0.01,10,8470,卖盘
511,14:06:23,8.48,0.01,30,25440,买盘
512,14:06:17,8.47,--,10,8470,卖盘
513,14:05:53,8.47,-0.01,50,42350,卖盘
514,14:05:50,8.48,0.01,400,339200,买盘
515,14:05:38,8.47,-0.01,8,6776,卖盘
516,14:05:29,8.48,0.01,10,8480,买盘
517,14:05:17,8.47,--,71,60137,买盘
518,14:05:02,8.47,--,129,109263,卖盘
519,14:04:56,8.47,--,162,137214,卖盘
520,14:04:47,8.47,--,167,141449,卖盘
521,14:04:44,8.47,-0.01,30,25410,卖盘
522,14:04:41,8.48,--,210,178080,买盘
523,14:04:17,8.48,--,200,169600,买盘
524,14:04:14,8.48,-0.01,546,463008,卖盘
525,14:04:05,8.49,0.01,50,42450,买盘
526,14:04:02,8.48,--,21,17808,卖盘
527,14:03:59,8.48,--,50,42400,卖盘
528,14:03:53,8.48,--,5,4240,卖盘
529,14:03:50,8.48,--,108,91584,卖盘
530,14:03:35,8.48,--,54,45792,买盘
531,14:03:29,8.48,--,8,6784,买盘
532,14:03:11,8.48,-0.01,208,176384,卖盘
533,14:03:05,8.49,0.01,1,849,买盘
534,14:02:59,8.48,--,25,21200,卖盘
535,14:02:56,8.48,--,11,9328,卖盘
536,14:02:53,8.48,--,19,16112,卖盘
537,14:02:50,8.48,--,46,39008,卖盘
538,14:02:38,8.48,--,5,4240,卖盘
539,14:02:35,8.48,--,1,848,卖盘
540,14:02:32,8.48,--,40,33920,卖盘
541,14:02:20,8.48,-0.01,181,153488,卖盘
542,14:02:17,8.49,--,11,9339,买盘
543,14:01:50,8.49,--,200,169800,买盘
544,14:01:38,8.49,--,251,213099,卖盘
545,14:01:23,8.49,--,9,7641,卖盘
546,14:01:17,8.49,--,50,42450,卖盘
547,14:01:08,8.49,--,113,95937,买盘
548,14:00:47,8.49,--,3,2547,买盘
549,14:00:41,8.49,0.01,2,1698,买盘
550,14:00:38,8.48,-0.01,50,42400,卖盘
551,14:00:35,8.49,0.01,9,7641,买盘
552,14:00:26,8.48,-0.01,30,25440,卖盘
553,14:00:20,8.49,0.01,16,13584,买盘
554,14:00:17,8.48,--,34,28832,卖盘
555,14:00:08,8.48,--,344,291712,买盘
556,14:00:05,8.48,--,22,18656,买盘
557,13:59:59,8.48,--,98,83104,买盘
558,13:59:56,8.48,--,16,13568,买盘
559,13:59:17,8.48,0.01,50,42400,买盘
560,13:59:08,8.47,-0.01,6,5082,卖盘
561,13:59:02,8.48,--,509,431632,买盘
562,13:58:56,8.48,--,5,4240,买盘
563,13:58:47,8.48,-0.01,149,126352,卖盘
564,13:58:38,8.49,0.01,8,6792,买盘
565,13:58:29,8.48,-0.01,11,9328,卖盘
566,13:58:20,8.49,--,1,849,买盘
567,13:58:14,8.49,--,100,84900,买盘
568,13:58:05,8.49,0.01,30,25470,买盘
569,13:57:59,8.48,-0.01,164,139072,卖盘
570,13:57:38,8.49,--,90,76410,买盘
571,13:57:29,8.49,0.01,3,2547,买盘
572,13:57:11,8.48,-0.01,88,74624,卖盘
573,13:57:08,8.49,--,100,84900,买盘
574,13:57:02,8.49,0.01,38,32262,买盘
575,13:56:53,8.48,-0.01,20,16960,卖盘
576,13:56:47,8.49,--,104,88296,卖盘
577,13:56:44,8.49,--,108,91692,买盘
578,13:56:41,8.49,0.01,18,15282,买盘
579,13:56:35,8.48,--,1,848,卖盘
580,13:56:26,8.48,-0.01,26,22048,卖盘
581,13:56:17,8.49,0.01,9,7641,买盘
582,13:56:02,8.48,--,115,97520,买盘
583,13:55:53,8.48,--,1,848,买盘
584,13:55:50,8.48,--,20,16960,买盘
585,13:55:47,8.48,-0.01,86,72928,卖盘
586,13:55:41,8.49,0.01,136,115464,买盘
587,13:55:26,8.48,--,36,30528,买盘
588,13:55:11,8.48,-0.01,113,95824,卖盘
589,13:55:05,8.49,0.01,30,25470,买盘
590,13:54:56,8.48,--,4,3392,卖盘
591,13:54:47,8.48,-0.01,5,4240,中性盘
592,13:54:35,8.49,0.01,760,645240,买盘
593,13:54:26,8.48,--,176,149248,卖盘
594,13:54:20,8.48,--,2,1696,卖盘
595,13:54:14,8.48,--,43,36464,卖盘
596,13:54:08,8.48,0.01,178,150944,买盘
597,13:54:02,8.47,-0.01,12,10164,卖盘
598,13:53:47,8.48,--,3,2544,买盘
599,13:53:26,8.48,0.01,60,50880,买盘
600,13:53:05,8.47,-0.01,8,6776,卖盘
601,13:53:02,8.48,--,78,66144,买盘
602,13:52:59,8.48,--,40,33920,买盘
603,13:52:53,8.48,--,10,8480,买盘
604,13:52:50,8.48,--,20,16960,买盘
605,13:52:38,8.48,0.01,183,155184,买盘
606,13:52:35,8.47,--,4,3388,卖盘
607,13:52:20,8.47,-0.01,4,3388,卖盘
608,13:52:17,8.48,0.01,12,10176,买盘
609,13:52:02,8.47,--,200,169400,卖盘
610,13:51:56,8.47,--,13,11011,卖盘
611,13:51:53,8.47,--,10,8470,卖盘
612,13:51:50,8.47,-0.01,2,1694,卖盘
613,13:51:44,8.48,0.01,1,848,买盘
614,13:51:41,8.47,--,103,87241,卖盘
615,13:51:25,8.47,--,58,49126,买盘
616,13:51:13,8.47,--,2,1694,买盘
617,13:51:07,8.47,-0.01,140,118580,卖盘
618,13:51:01,8.48,0.01,3,2544,买盘
619,13:50:55,8.47,--,8,6776,卖盘
620,13:50:49,8.47,-0.01,22,18634,卖盘
621,13:50:46,8.48,--,58,49184,卖盘
622,13:50:40,8.48,0.01,127,107696,买盘
623,13:50:34,8.47,-0.01,1,847,卖盘
624,13:50:31,8.48,--,255,216240,买盘
625,13:50:25,8.48,--,5,4240,买盘
626,13:50:16,8.48,--,50,42400,买盘
627,13:50:10,8.48,-0.01,191,161968,卖盘
628,13:50:07,8.49,--,305,258945,买盘
629,13:50:01,8.49,0.01,100,84900,买盘
630,13:49:58,8.48,--,10,8480,卖盘
631,13:49:55,8.48,--,32,27136,买盘
632,13:49:52,8.48,--,3,2544,买盘
633,13:49:43,8.48,-0.01,5,4240,中性盘
634,13:49:34,8.49,--,5,4245,买盘
635,13:49:31,8.49,0.02,33,28017,买盘
636,13:49:22,8.47,--,40,33880,卖盘
637,13:49:19,8.47,-0.01,110,93170,卖盘
638,13:49:13,8.48,--,4,3392,卖盘
639,13:49:10,8.48,--,291,246768,买盘
640,13:49:07,8.48,0.01,38,32224,买盘
641,13:49:04,8.47,0.01,38,32186,中性盘
642,13:48:58,8.46,-0.01,183,154818,卖盘
643,13:48:55,8.47,--,256,216832,买盘
644,13:48:52,8.47,--,21,17787,买盘
645,13:48:46,8.47,0.01,331,280357,买盘
646,13:48:43,8.46,--,77,65142,卖盘
647,13:48:40,8.46,--,246,208116,卖盘
648,13:48:28,8.46,0.01,483,408618,买盘
649,13:48:25,8.45,--,57,48164,卖盘
650,13:48:22,8.45,--,20,16900,卖盘
651,13:48:16,8.45,--,96,81120,卖盘
652,13:48:10,8.45,--,147,124214,卖盘
653,13:48:07,8.45,--,63,53234,卖盘
654,13:48:01,8.45,--,74,62529,卖盘
655,13:47:58,8.45,--,4,3379,卖盘
656,13:47:55,8.45,--,180,152100,卖盘
657,13:47:52,8.45,--,2,1689,卖盘
658,13:47:49,8.45,--,50,42250,卖盘
659,13:47:46,8.45,--,63,53234,卖盘
660,13:47:43,8.45,0.01,359,304191,买盘
661,13:47:37,8.44,-0.01,451,380644,卖盘
662,13:47:31,8.45,--,495,418274,买盘
663,13:47:25,8.45,--,95,80275,买盘
664,13:47:19,8.45,-0.01,1047,884714,卖盘
665,13:47:16,8.46,0.01,321,271566,买盘
666,13:47:13,8.45,--,99,83655,卖盘
667,13:47:07,8.45,--,12,10140,卖盘
668,13:47:04,8.45,--,101,85345,卖盘
669,13:47:01,8.45,--,40,33800,卖盘
670,13:46:58,8.45,--,94,79430,卖盘
671,13:46:52,8.45,--,30,25349,卖盘
672,13:46:49,8.45,--,951,803594,卖盘
673,13:46:46,8.45,--,50,42250,卖盘
674,13:46:43,8.45,--,115,97174,卖盘
675,13:46:40,8.45,--,90,76050,卖盘
676,13:46:37,8.45,--,20,16900,卖盘
677,13:46:34,8.45,--,48,40560,卖盘
678,13:46:28,8.45,--,11,9295,卖盘
679,13:46:25,8.45,--,200,169000,卖盘
680,13:46:22,8.45,--,61,51544,卖盘
681,13:46:19,8.45,--,178,150410,卖盘
682,13:46:16,8.45,-0.01,14,11829,卖盘
683,13:46:13,8.46,0.01,57,48222,买盘
684,13:46:10,8.45,--,25,21125,卖盘
685,13:46:07,8.45,--,292,246739,卖盘
686,13:46:04,8.45,--,15,12674,卖盘
687,13:45:58,8.45,--,145,122524,卖盘
688,13:45:55,8.45,--,29,24504,卖盘
689,13:45:52,8.45,--,50,42250,卖盘
690,13:45:46,8.45,--,5,4225,卖盘
691,13:45:43,8.45,--,2,1689,卖盘
692,13:45:28,8.45,-0.02,2050,1732249,卖盘
693,13:45:25,8.47,0.01,26,22022,买盘
694,13:45:22,8.46,-0.01,23,19458,卖盘
695,13:45:19,8.47,--,50,42350,买盘
696,13:45:04,8.47,--,227,192269,卖盘
697,13:44:49,8.47,0.01,261,221067,买盘
698,13:44:46,8.46,--,1,846,卖盘
699,13:44:40,8.46,-0.01,2,1692,卖盘
700,13:44:31,8.47,0.01,11,9317,买盘
701,13:44:22,8.46,--,9,7614,卖盘
702,13:44:07,8.46,-0.01,12,10152,卖盘
703,13:44:01,8.47,0.01,6,5082,买盘
704,13:43:52,8.46,-0.01,100,84600,卖盘
705,13:43:49,8.47,0.01,5,4235,买盘
706,13:43:37,8.46,-0.01,2,1692,卖盘
707,13:43:31,8.47,--,31,26257,买盘
708,13:43:22,8.47,--,6,5082,买盘
709,13:43:10,8.47,--,24,20328,卖盘
710,13:43:07,8.47,-0.01,9,7623,卖盘
711,13:43:04,8.48,0.01,10,8480,买盘
712,13:42:58,8.47,--,58,49126,卖盘
713,13:42:55,8.47,--,1,847,卖盘
714,13:42:40,8.47,--,2,1694,卖盘
715,13:42:31,8.47,-0.01,12,10164,卖盘
716,13:42:28,8.48,0.01,1,848,买盘
717,13:42:25,8.47,--,215,182105,买盘
718,13:42:13,8.47,0.01,10,8470,中性盘
719,13:41:58,8.46,-0.02,70,59220,卖盘
720,13:41:55,8.48,0.02,2,1696,买盘
721,13:41:40,8.46,-0.02,17,14382,卖盘
722,13:41:37,8.48,0.02,10,8480,买盘
723,13:41:31,8.46,--,2,1692,卖盘
724,13:41:25,8.46,-0.02,5,4230,卖盘
725,13:41:10,8.48,0.02,233,197584,买盘
726,13:41:04,8.46,--,15,12690,卖盘
727,13:41:01,8.46,-0.01,11,9306,卖盘
728,13:40:58,8.47,--,14,11858,买盘
729,13:40:55,8.47,--,51,43197,买盘
730,13:40:52,8.47,0.01,17,14399,买盘
731,13:40:46,8.46,--,80,67680,卖盘
732,13:40:43,8.46,--,8,6768,卖盘
733,13:40:40,8.46,--,48,40608,买盘
734,13:40:37,8.46,--,3,2538,卖盘
735,13:40:34,8.46,--,70,59220,卖盘
736,13:40:31,8.46,--,2,1692,卖盘
737,13:40:22,8.46,0.01,3,2538,中性盘
738,13:40:10,8.45,--,5,4225,卖盘
739,13:40:07,8.45,--,50,42250,卖盘
740,13:39:58,8.45,--,13,10984,卖盘
741,13:39:55,8.45,--,246,207869,卖盘
742,13:39:49,8.45,-0.01,25,21125,卖盘
743,13:39:43,8.46,-0.01,40,33840,卖盘
744,13:39:37,8.47,0.02,50,42350,买盘
745,13:39:25,8.45,--,1,844,卖盘
746,13:39:22,8.45,-0.01,10,8450,卖盘
747,13:39:13,8.46,0.01,10,8460,买盘
748,13:39:01,8.45,--,10,8450,卖盘
749,13:38:58,8.45,--,8,6759,卖盘
750,13:38:55,8.45,--,2,1689,卖盘
751,13:38:31,8.45,-0.01,140,118299,卖盘
752,13:38:28,8.46,--,20,16920,卖盘
753,13:38:16,8.46,0.01,435,368010,买盘
754,13:38:13,8.45,--,46,38870,卖盘
755,13:38:10,8.45,-0.01,151,127594,卖盘
756,13:38:07,8.46,0.01,1442,1219932,买盘
757,13:38:04,8.45,--,50,42250,卖盘
758,13:37:58,8.45,--,95,80275,卖盘
759,13:37:40,8.45,--,100,84500,卖盘
760,13:37:31,8.45,--,21,17745,卖盘
761,13:37:22,8.45,--,34,28729,卖盘
762,13:37:16,8.45,--,10,8450,卖盘
763,13:37:13,8.45,--,1,844,卖盘
764,13:37:10,8.45,--,386,326170,卖盘
765,13:37:07,8.45,--,253,213784,卖盘
766,13:37:01,8.45,--,2,1689,卖盘
767,13:36:52,8.45,--,18,15209,买盘
768,13:36:46,8.45,0.01,60,50699,卖盘
769,13:36:43,8.44,-0.02,36,30384,卖盘
770,13:36:34,8.46,--,18,15228,买盘
771,13:36:25,8.46,0.01,5,4230,买盘
772,13:36:22,8.45,--,35,29574,买盘
773,13:36:16,8.45,--,12,10140,买盘
774,13:36:13,8.45,--,10,8450,买盘
775,13:36:10,8.45,--,67,56614,卖盘
776,13:36:07,8.45,--,20,16900,中性盘
777,13:35:46,8.45,-0.01,5,4225,卖盘
778,13:35:43,8.46,0.01,10,8460,买盘
779,13:35:34,8.45,--,6,5070,买盘
780,13:35:31,8.45,-0.01,1002,846689,卖盘
781,13:35:25,8.46,0.01,17,14382,买盘
782,13:35:13,8.45,-0.01,305,258198,卖盘
783,13:35:10,8.46,--,1,846,卖盘
784,13:35:07,8.46,-0.01,30,25380,卖盘
785,13:34:58,8.47,0.01,32,27104,买盘
786,13:34:49,8.46,--,240,203040,卖盘
787,13:34:46,8.46,--,50,42300,卖盘
788,13:34:40,8.46,--,119,100674,卖盘
789,13:34:22,8.46,-0.01,100,84600,卖盘
790,13:34:16,8.47,--,3,2541,卖盘
791,13:34:13,8.47,0.01,17,14399,中性盘
792,13:34:04,8.46,-0.02,10,8460,卖盘
793,13:33:55,8.48,0.02,7,5936,买盘
794,13:33:43,8.46,--,1,846,卖盘
795,13:33:40,8.46,-0.01,50,42300,卖盘
796,13:33:34,8.47,--,32,27476,买盘
797,13:33:31,8.47,--,323,273581,买盘
798,13:33:25,8.47,--,5,4235,买盘
799,13:33:16,8.47,--,4,3388,买盘
800,13:33:10,8.47,--,10,8470,买盘
801,13:33:04,8.47,--,19,16567,卖盘
802,13:33:01,8.47,--,156,132132,卖盘
803,13:32:49,8.47,-0.01,379,321385,卖盘
804,13:32:46,8.48,0.01,4,3392,买盘
805,13:32:19,8.47,--,4,3388,卖盘
806,13:31:57,8.47,--,20,16940,卖盘
807,13:31:54,8.47,--,55,46585,卖盘
808,13:31:48,8.47,--,50,42350,卖盘
809,13:31:39,8.47,--,300,254100,卖盘
810,13:31:24,8.47,--,80,67760,卖盘
811,13:31:03,8.47,-0.01,5,4235,卖盘
812,13:30:45,8.48,--,1,848,买盘
813,13:30:39,8.48,0.01,3,2544,买盘
814,13:30:36,8.47,-0.01,1,847,卖盘
815,13:30:30,8.48,--,24,20352,买盘
816,13:30:03,8.48,0.01,62,52576,买盘
817,13:30:00,8.47,--,80,67760,卖盘
818,13:29:57,8.47,--,14,11858,卖盘
819,13:29:39,8.47,--,72,60984,卖盘
820,13:29:36,8.47,--,24,20328,卖盘
821,13:29:30,8.47,--,20,16940,卖盘
822,13:29:21,8.47,-0.01,244,206668,卖盘
823,13:29:12,8.48,--,117,99216,买盘
824,13:29:00,8.48,--,127,107696,买盘
825,13:28:15,8.48,--,14,11872,买盘
826,13:28:09,8.48,--,59,50032,买盘
827,13:27:54,8.48,--,7,5936,买盘
828,13:27:30,8.48,--,23,19504,买盘
829,13:27:21,8.48,--,76,64448,买盘
830,13:27:09,8.48,0.01,15,12720,买盘
831,13:27:06,8.47,-0.01,5,4235,卖盘
832,13:26:57,8.48,--,4,3392,买盘
833,13:26:45,8.48,0.01,5,4240,买盘
834,13:26:06,8.47,--,3,2541,卖盘
835,13:25:51,8.47,-0.01,20,16940,卖盘
836,13:25:45,8.48,0.01,25,21200,买盘
837,13:25:30,8.47,0.01,77,65219,买盘
838,13:25:27,8.46,-0.01,10,8460,卖盘
839,13:25:21,8.47,--,5,4235,买盘
840,13:25:12,8.47,--,10,8470,买盘
841,13:24:54,8.47,--,39,33033,买盘
842,13:24:51,8.47,0.01,45,38115,买盘
843,13:24:48,8.46,-0.01,72,60912,卖盘
844,13:24:42,8.47,0.01,5,4235,买盘
845,13:24:36,8.46,-0.01,52,43992,卖盘
846,13:24:18,8.47,--,46,38962,买盘
847,13:24:06,8.47,--,1,847,买盘
848,13:23:33,8.47,0.01,15,12705,买盘
849,13:23:27,8.46,--,30,25380,卖盘
850,13:23:24,8.46,--,5,4230,卖盘
851,13:23:09,8.46,0.01,15,12690,买盘
852,13:22:51,8.45,-0.01,292,246739,卖盘
853,13:22:48,8.46,--,6,5076,买盘
854,13:22:42,8.46,0.01,20,16920,买盘
855,13:22:33,8.45,-0.01,5,4225,卖盘
856,13:22:15,8.46,--,10,8460,买盘
857,13:22:12,8.46,--,5,4230,买盘
858,13:22:06,8.46,--,1069,904374,卖盘
859,13:21:51,8.46,--,12,10152,卖盘
860,13:21:39,8.46,-0.01,76,64296,卖盘
861,13:21:33,8.47,--,50,42350,买盘
862,13:21:30,8.47,-0.01,675,571725,卖盘
863,13:21:27,8.48,--,7,5936,买盘
864,13:21:18,8.48,--,55,46640,买盘
865,13:21:15,8.48,--,1064,902272,买盘
866,13:21:12,8.48,--,10,8480,买盘
867,13:21:09,8.48,-0.01,155,131779,卖盘
868,13:21:03,8.49,0.01,6,5094,中性盘
869,13:21:00,8.48,--,0,508,卖盘
870,13:20:57,8.48,-0.02,54,45792,卖盘
871,13:20:54,8.5,0.02,50,42500,买盘
872,13:20:45,8.48,--,40,33920,卖盘
873,13:20:42,8.48,--,10,8480,卖盘
874,13:20:33,8.48,--,9,7632,买盘
875,13:20:27,8.48,0.02,3,2544,买盘
876,13:20:03,8.46,-0.01,3,2538,卖盘
877,13:19:54,8.47,--,109,92323,买盘
878,13:19:42,8.47,0.02,44,37268,买盘
879,13:19:18,8.45,--,91,76895,买盘
880,13:19:12,8.45,--,400,338000,买盘
881,13:19:09,8.45,--,4,3379,买盘
882,13:19:06,8.45,--,346,292370,买盘
883,13:19:03,8.45,--,122,103089,买盘
884,13:19:00,8.45,--,69,58304,买盘
885,13:18:57,8.45,--,94,79430,买盘
886,13:18:54,8.45,--,91,76895,买盘
887,13:18:51,8.45,--,41,34645,买盘
888,13:18:48,8.45,--,88,74360,买盘
889,13:18:45,8.45,--,163,137735,买盘
890,13:18:42,8.45,--,14,11829,买盘
891,13:18:39,8.45,--,114,96329,买盘
892,13:18:36,8.45,--,3,2535,买盘
893,13:18:30,8.45,0.01,139,117454,买盘
894,13:18:24,8.44,-0.01,1,844,卖盘
895,13:18:15,8.45,--,6,5070,买盘
896,13:18:12,8.45,0.01,23,19435,买盘
897,13:18:09,8.44,-0.01,96,81024,卖盘
898,13:18:06,8.45,--,20,16900,买盘
899,13:18:03,8.45,0.01,44,37180,买盘
900,13:17:57,8.44,--,296,249823,卖盘
901,13:17:54,8.44,-0.01,291,245604,卖盘
902,13:17:48,8.45,--,20,16900,买盘
903,13:17:45,8.45,--,40,33800,买盘
904,13:17:39,8.45,0.01,10,8450,买盘
905,13:17:36,8.44,-0.01,51,43060,卖盘
906,13:17:33,8.45,--,285,240824,买盘
907,13:17:30,8.45,--,50,42250,买盘
908,13:17:21,8.45,0.01,3,2535,买盘
909,13:16:57,8.44,--,708,597552,卖盘
910,13:16:54,8.44,--,10,8440,卖盘
911,13:16:39,8.44,-0.01,4,3376,卖盘
912,13:16:36,8.45,--,20,16900,买盘
913,13:16:33,8.45,--,34,28729,买盘
914,13:16:27,8.45,-0.01,304,256879,卖盘
915,13:16:15,8.46,--,200,169200,卖盘
916,13:16:12,8.46,--,26,21996,卖盘
917,13:16:09,8.46,0.01,35,29610,买盘
918,13:16:06,8.45,-0.01,1035,874574,卖盘
919,13:16:03,8.46,--,16,13536,卖盘
920,13:15:54,8.46,-0.01,88,74448,卖盘
921,13:15:51,8.47,--,13,11011,买盘
922,13:15:48,8.47,0.01,6,5082,买盘
923,13:15:45,8.46,-0.01,1050,888300,卖盘
924,13:15:42,8.47,0.01,444,376068,买盘
925,13:15:39,8.46,-0.01,20,16920,卖盘
926,13:15:33,8.47,--,44,37268,买盘
927,13:15:30,8.47,--,20,16940,买盘
928,13:15:21,8.47,--,294,249018,买盘
929,13:15:15,8.47,--,36,30492,买盘
930,13:15:12,8.47,--,2,1694,买盘
931,13:15:03,8.47,--,20,16940,买盘
932,13:14:54,8.47,--,20,16940,买盘
933,13:14:45,8.47,--,22,18634,买盘
934,13:14:36,8.47,--,10,8470,买盘
935,13:14:30,8.47,0.01,8,6776,买盘
936,13:14:24,8.46,-0.01,277,234342,卖盘
937,13:14:18,8.47,--,3,2541,买盘
938,13:14:09,8.47,-0.01,2370,2008220,卖盘
939,13:14:03,8.48,--,5,4240,卖盘
940,13:13:57,8.48,--,30,25440,卖盘
941,13:13:48,8.48,--,3,2544,卖盘
942,13:13:30,8.48,--,11,9328,卖盘
943,13:13:24,8.48,--,1,848,卖盘
944,13:13:17,8.48,-0.01,100,84800,卖盘
945,13:13:02,8.49,--,2,1698,买盘
946,13:12:56,8.49,--,22,18678,买盘
947,13:12:53,8.49,--,10,8490,买盘
948,13:12:47,8.49,--,100,84900,买盘
949,13:12:41,8.49,--,5,4245,买盘
950,13:12:38,8.49,--,60,50940,买盘
951,13:12:35,8.49,--,105,89145,买盘
952,13:12:20,8.49,--,50,42450,买盘
953,13:12:17,8.49,0.01,50,42450,买盘
954,13:12:05,8.48,--,5,4240,卖盘
955,13:11:59,8.48,--,79,66992,卖盘
956,13:11:53,8.48,--,37,31376,卖盘
957,13:11:41,8.48,--,40,33920,卖盘
958,13:11:38,8.48,-0.01,27,22896,卖盘
959,13:11:32,8.49,--,16,13584,买盘
960,13:11:29,8.49,0.01,100,84900,买盘
961,13:11:23,8.48,-0.01,1,848,卖盘
962,13:11:02,8.49,0.01,2,1698,买盘
963,13:10:47,8.48,-0.01,20,16960,卖盘
964,13:10:44,8.49,--,19,16131,买盘
965,13:10:41,8.49,0.01,203,172347,中性盘
966,13:10:23,8.48,-0.02,1514,1283888,卖盘
967,13:10:17,8.5,--,2,1700,买盘
968,13:10:02,8.5,--,8,6800,买盘
969,13:09:53,8.5,-0.01,59,50150,卖盘
970,13:09:50,8.51,0.01,5,4255,买盘
971,13:09:44,8.5,--,100,85000,卖盘
972,13:09:32,8.5,--,5,4250,卖盘
973,13:09:26,8.5,--,8,6800,卖盘
974,13:09:23,8.5,--,143,121550,卖盘
975,13:09:20,8.5,--,200,170000,卖盘
976,13:09:14,8.5,--,100,85000,卖盘
977,13:09:11,8.5,--,10,8500,卖盘
978,13:09:08,8.5,--,100,85000,卖盘
979,13:08:50,8.5,--,16,13600,卖盘
980,13:08:47,8.5,--,76,64600,卖盘
981,13:08:44,8.5,--,41,34850,卖盘
982,13:08:26,8.5,-0.01,6,5100,卖盘
983,13:07:59,8.51,0.01,20,17020,买盘
984,13:07:56,8.5,-0.01,265,225250,卖盘
985,13:07:41,8.51,0.01,2,1702,买盘
986,13:07:38,8.5,--,5,4250,卖盘
987,13:07:14,8.5,-0.01,83,70550,卖盘
988,13:07:11,8.51,0.01,93,79143,中性盘
989,13:06:41,8.5,--,20,17000,卖盘
990,13:06:35,8.5,-0.02,100,85000,卖盘
991,13:06:32,8.52,0.02,11,9372,买盘
992,13:06:14,8.5,-0.02,39,33150,卖盘
993,13:06:08,8.52,0.01,1,852,买盘
994,13:06:05,8.51,--,5,4255,卖盘
995,13:05:56,8.51,--,91,77441,卖盘
996,13:05:47,8.51,--,17,14467,卖盘
997,13:05:41,8.51,--,12,10212,卖盘
998,13:05:17,8.51,--,80,68080,买盘
999,13:05:08,8.51,--,5,4255,买盘
1000,13:05:05,8.51,-0.01,30,25530,中性盘
1001,13:05:02,8.52,--,89,75828,买盘
1002,13:04:53,8.52,--,35,29820,买盘
1003,13:04:41,8.52,--,2,1704,卖盘
1004,13:04:29,8.52,--,9,7668,卖盘
1005,13:04:23,8.52,--,7,5964,买盘
1006,13:04:20,8.52,--,7,5964,买盘
1007,13:04:08,8.52,--,57,48564,买盘
1008,13:03:59,8.52,0.01,1,852,买盘
1009,13:03:44,8.51,--,132,112332,卖盘
1010,13:03:38,8.51,--,8,6808,卖盘
1011,13:03:23,8.51,-0.02,114,97014,卖盘
1012,13:03:11,8.53,0.01,143,121978,买盘
1013,13:03:08,8.52,--,23,19596,卖盘
1014,13:03:05,8.52,--,5,4260,卖盘
1015,13:03:02,8.52,--,41,34932,卖盘
1016,13:02:56,8.52,--,31,26412,卖盘
1017,13:02:53,8.52,-0.01,50,42600,卖盘
1018,13:02:50,8.53,0.01,57,48620,买盘
1019,13:02:47,8.52,-0.01,41,34932,卖盘
1020,13:02:44,8.53,0.01,5,4265,买盘
1021,13:02:41,8.52,--,97,82644,卖盘
1022,13:02:35,8.52,--,2,1704,卖盘
1023,13:02:29,8.52,--,29,24708,卖盘
1024,13:02:11,8.52,-0.01,48,40896,卖盘
1025,13:02:08,8.53,--,2,1705,买盘
1026,13:01:59,8.53,--,7,5971,买盘
1027,13:01:53,8.53,--,280,238839,买盘
1028,13:01:47,8.53,--,453,386409,卖盘
1029,13:01:38,8.53,-0.01,118,100653,卖盘
1030,13:01:32,8.54,--,7,5977,买盘
1031,13:01:29,8.54,--,10,8540,买盘
1032,13:01:26,8.54,0.01,4,3415,买盘
1033,13:01:14,8.53,-0.01,7,5971,卖盘
1034,13:01:02,8.54,--,158,134932,卖盘
1035,13:00:59,8.54,--,28,23911,卖盘
1036,13:00:53,8.54,--,28,23911,卖盘
1037,13:00:32,8.54,--,394,336475,买盘
1038,13:00:29,8.54,0.01,183,156281,买盘
1039,13:00:17,8.53,--,9,7676,卖盘
1040,13:00:14,8.53,--,2,1705,卖盘
1041,13:00:11,8.53,-0.01,66,56297,卖盘
1042,13:00:08,8.54,0.01,762,650747,买盘
1043,13:00:05,8.53,0.01,216,184248,买盘
1044,11:29:57,8.52,0.01,6,5112,买盘
1045,11:29:45,8.51,-0.01,5,4255,卖盘
1046,11:29:42,8.52,-0.01,10,8520,买盘
1047,11:29:33,8.53,0.01,846,721638,买盘
1048,11:29:24,8.52,--,1,852,卖盘
1049,11:29:18,8.52,-0.01,10,8520,中性盘
1050,11:29:06,8.53,--,8,6823,买盘
1051,11:29:00,8.53,0.01,93,79329,买盘
1052,11:28:57,8.52,--,610,519720,卖盘
1053,11:28:30,8.52,0.01,359,305868,买盘
1054,11:28:21,8.51,-0.01,8,6808,卖盘
1055,11:28:12,8.52,--,7,5964,买盘
1056,11:28:06,8.52,--,219,186588,买盘
1057,11:28:03,8.52,--,468,398736,卖盘
1058,11:27:57,8.52,--,10,8520,卖盘
1059,11:27:48,8.52,--,132,112464,买盘
1060,11:27:42,8.52,--,13,11076,买盘
1061,11:27:39,8.52,--,2,1704,买盘
1062,11:27:09,8.52,--,25,21300,买盘
1063,11:27:03,8.52,--,27,23004,买盘
1064,11:26:57,8.52,--,85,72420,卖盘
1065,11:26:54,8.52,--,13,11076,买盘
1066,11:26:51,8.52,-0.01,7,5964,卖盘
1067,11:26:48,8.53,0.01,1,852,买盘
1068,11:26:45,8.52,--,93,79236,卖盘
1069,11:26:39,8.52,--,8,6816,买盘
1070,11:26:36,8.52,--,2,1704,卖盘
1071,11:26:27,8.52,-0.01,5,4260,中性盘
1072,11:26:18,8.53,0.02,54,46062,买盘
1073,11:26:09,8.51,--,20,17020,卖盘
1074,11:26:06,8.51,--,10,8510,卖盘
1075,11:26:00,8.51,-0.02,5,4255,卖盘
1076,11:25:57,8.53,0.01,2000,1705999,买盘
1077,11:25:54,8.52,0.01,1,852,买盘
1078,11:25:51,8.51,-0.01,600,510600,卖盘
1079,11:25:42,8.52,--,43,36636,买盘
1080,11:25:36,8.52,--,35,29820,卖盘
1081,11:25:33,8.52,--,2,1704,卖盘
1082,11:25:21,8.52,--,2,1704,卖盘
1083,11:25:18,8.52,--,1,852,卖盘
1084,11:25:09,8.52,--,20,17040,卖盘
1085,11:24:57,8.52,--,23,19596,买盘
1086,11:24:54,8.52,0.01,12,10224,买盘
1087,11:24:51,8.51,--,1,851,卖盘
1088,11:24:45,8.51,-0.02,29,24679,卖盘
1089,11:24:42,8.53,0.01,30,25589,买盘
1090,11:24:36,8.52,--,1,852,卖盘
1091,11:24:33,8.52,-0.01,20,17040,卖盘
1092,11:24:27,8.53,--,20,17060,买盘
1093,11:24:21,8.53,--,10,8530,买盘
1094,11:24:18,8.53,--,579,493886,卖盘
1095,11:24:12,8.53,--,10,8530,卖盘
1096,11:24:09,8.53,-0.01,5,4265,卖盘
1097,11:24:06,8.54,0.01,77,65758,买盘
1098,11:24:03,8.53,-0.01,30,25589,卖盘
1099,11:23:45,8.54,--,6,5123,买盘
1100,11:23:42,8.54,--,117,99917,卖盘
1101,11:23:36,8.54,--,104,88815,卖盘
1102,11:23:33,8.54,--,232,198127,卖盘
1103,11:23:30,8.54,-0.01,121,103333,卖盘
1104,11:23:24,8.55,0.01,3,2565,买盘
1105,11:23:21,8.54,--,104,88815,卖盘
1106,11:23:18,8.54,--,200,170799,卖盘
1107,11:23:15,8.54,--,60,51239,卖盘
1108,11:23:12,8.54,0.01,285,243389,买盘
1109,11:23:09,8.53,--,7,5971,卖盘
1110,11:23:06,8.53,-0.01,10,8530,卖盘
1111,11:23:03,8.54,0.01,500,426999,买盘
1112,11:22:57,8.53,--,10,8530,卖盘
1113,11:22:54,8.53,-0.01,144,122831,卖盘
1114,11:22:51,8.54,0.01,510,435539,买盘
1115,11:22:45,8.53,--,258,220073,买盘
1116,11:22:39,8.53,--,226,192778,买盘
1117,11:22:36,8.53,--,28,23884,买盘
1118,11:22:30,8.53,--,137,116860,买盘
1119,11:22:21,8.53,--,40,34120,卖盘
1120,11:22:18,8.53,--,21,17913,买盘
1121,11:22:12,8.53,--,4,3411,买盘
1122,11:22:09,8.53,--,92,78476,卖盘
1123,11:22:06,8.53,--,2,1705,卖盘
1124,11:22:00,8.53,--,676,576628,买盘
1125,11:21:54,8.53,0.01,1,852,买盘
1126,11:21:48,8.52,--,40,34080,卖盘
1127,11:21:42,8.52,-0.01,20,17040,买盘
1128,11:21:39,8.53,0.01,529,451236,买盘
1129,11:21:33,8.52,0.01,4,3408,买盘
1130,11:21:27,8.51,-0.01,100,85100,卖盘
1131,11:21:24,8.52,--,82,69864,买盘
1132,11:21:21,8.52,--,2,1704,买盘
1133,11:21:09,8.52,0.01,91,77532,买盘
1134,11:20:51,8.51,--,130,110630,卖盘
1135,11:20:42,8.51,--,5,4255,卖盘
1136,11:20:39,8.51,0.01,258,220196,买盘
1137,11:20:36,8.5,-0.01,57,48450,卖盘
1138,11:20:30,8.51,0.01,87,74037,买盘
1139,11:20:27,8.5,--,372,316200,卖盘
1140,11:20:21,8.5,--,192,163200,卖盘
1141,11:20:18,8.5,--,21,17850,卖盘
1142,11:20:15,8.5,0.01,233,198050,买盘
1143,11:20:12,8.49,-0.01,11,9339,卖盘
1144,11:20:06,8.5,--,9,7650,买盘
1145,11:20:03,8.5,--,230,195500,卖盘
1146,11:20:00,8.5,--,1,850,卖盘
1147,11:19:45,8.5,0.01,270,229500,买盘
1148,11:19:39,8.49,--,10,8490,卖盘
1149,11:19:33,8.49,--,96,81504,卖盘
1150,11:19:30,8.49,-0.01,96,81504,卖盘
1151,11:19:24,8.5,0.01,30,25500,买盘
1152,11:19:18,8.49,-0.01,65,55185,卖盘
1153,11:19:09,8.5,--,9,7650,买盘
1154,11:18:41,8.5,--,10,8500,买盘
1155,11:18:35,8.5,--,100,85000,买盘
1156,11:18:26,8.5,-0.01,186,158100,卖盘
1157,11:18:23,8.51,--,13,11063,买盘
1158,11:18:20,8.51,--,20,17020,买盘
1159,11:18:17,8.51,--,39,33189,卖盘
1160,11:18:11,8.51,--,30,25530,卖盘
1161,11:18:02,8.51,--,31,26381,买盘
1162,11:17:56,8.51,--,55,46805,买盘
1163,11:17:50,8.51,-0.01,108,91908,卖盘
1164,11:17:41,8.52,0.01,89,75828,买盘
1165,11:17:38,8.51,-0.01,10,8510,卖盘
1166,11:17:29,8.52,0.01,98,83496,买盘
1167,11:17:26,8.51,-0.01,4,3404,卖盘
1168,11:17:20,8.52,--,78,66456,买盘
1169,11:17:08,8.52,0.02,205,174660,买盘
1170,11:16:59,8.5,--,2,1700,卖盘
1171,11:16:47,8.5,-0.03,3,2550,卖盘
1172,11:16:35,8.53,0.04,9,7676,买盘
1173,11:16:29,8.49,--,25,21225,卖盘
1174,11:16:17,8.49,-0.04,1,849,卖盘
1175,11:16:14,8.53,--,2,1705,买盘
1176,11:16:11,8.53,0.03,823,702019,买盘
1177,11:16:08,8.5,0.01,543,461550,买盘
1178,11:15:59,8.49,0.01,25,21225,买盘
1179,11:15:56,8.48,--,15,12720,卖盘
1180,11:15:50,8.48,-0.01,39,33072,卖盘
1181,11:15:44,8.49,--,22,18678,买盘
1182,11:15:38,8.49,--,19,16131,买盘
1183,11:15:26,8.49,--,20,16980,买盘
1184,11:15:23,8.49,--,2,1698,买盘
1185,11:15:17,8.49,--,382,324318,卖盘
1186,11:15:11,8.49,--,49,41601,卖盘
1187,11:15:08,8.49,0.02,674,572226,买盘
1188,11:14:56,8.47,-0.01,10,8470,卖盘
1189,11:14:44,8.48,0.03,6,5088,中性盘
1190,11:14:23,8.45,-0.03,800,676000,卖盘
1191,11:14:14,8.48,--,309,262337,买盘
1192,11:14:08,8.48,0.01,300,254400,买盘
1193,11:13:59,8.47,0.01,20,16940,买盘
1194,11:13:56,8.46,-0.01,4,3384,卖盘
1195,11:13:50,8.47,--,37,31339,买盘
1196,11:13:47,8.47,--,5,4235,买盘
1197,11:13:38,8.47,--,4,3388,买盘
1198,11:13:35,8.47,0.01,181,153307,买盘
1199,11:13:20,8.46,--,20,16920,卖盘
1200,11:13:14,8.46,0.01,1,846,买盘
1201,11:13:02,8.45,--,26,21969,买盘
1202,11:12:59,8.45,--,20,16900,买盘
1203,11:12:50,8.45,--,10,8450,买盘
1204,11:12:47,8.45,--,2,1689,买盘
1205,11:12:41,8.45,--,59,49854,买盘
1206,11:12:29,8.45,--,4,3379,买盘
1207,11:12:26,8.45,--,22,18590,买盘
1208,11:12:23,8.45,--,10,8450,买盘
1209,11:12:17,8.45,--,2,1689,买盘
1210,11:12:14,8.45,--,10,8450,买盘
1211,11:12:08,8.45,-0.01,445,376024,卖盘
1212,11:12:05,8.46,--,9,7614,卖盘
1213,11:11:53,8.46,0.01,15,12690,买盘
1214,11:11:50,8.45,-0.01,11,9295,卖盘
1215,11:11:44,8.46,0.01,30,25380,买盘
1216,11:11:41,8.45,-0.01,10,8450,卖盘
1217,11:11:38,8.46,0.01,55,46530,中性盘
1218,11:11:23,8.45,-0.01,80,67600,卖盘
1219,11:11:17,8.46,--,60,50760,买盘
1220,11:11:11,8.46,--,1,846,买盘
1221,11:11:05,8.46,--,11,9306,买盘
1222,11:11:02,8.46,--,100,84600,买盘
1223,11:10:59,8.46,--,17,14382,买盘
1224,11:10:53,8.46,--,85,71910,买盘
1225,11:10:44,8.46,--,42,35532,买盘
1226,11:10:32,8.46,--,10,8460,买盘
1227,11:10:26,8.46,--,181,153126,买盘
1228,11:10:17,8.46,--,14,11844,买盘
1229,11:10:05,8.46,0.01,10,8460,买盘
1230,11:09:56,8.45,--,25,21125,卖盘
1231,11:09:41,8.45,--,50,42250,卖盘
1232,11:09:35,8.45,--,113,95484,卖盘
1233,11:09:23,8.45,--,6,5070,卖盘
1234,11:09:20,8.45,--,60,50699,卖盘
1235,11:09:08,8.45,--,5,4225,卖盘
1236,11:09:05,8.45,--,30,25349,卖盘
1237,11:08:59,8.45,--,60,50699,卖盘
1238,11:08:53,8.45,-0.01,8,6759,卖盘
1239,11:08:41,8.46,--,9,7614,买盘
1240,11:08:35,8.46,--,26,21996,买盘
1241,11:08:26,8.46,0.01,17,14382,中性盘
1242,11:08:20,8.45,-0.01,53,44784,卖盘
1243,11:08:17,8.46,0.01,420,355320,买盘
1244,11:08:11,8.45,-0.01,8,6759,卖盘
1245,11:08:08,8.46,--,8,6768,买盘
1246,11:07:56,8.46,--,5,4230,买盘
1247,11:07:53,8.46,--,387,327402,卖盘
1248,11:07:50,8.46,--,30,25380,卖盘
1249,11:07:44,8.46,-0.01,5,4230,卖盘
1250,11:07:35,8.47,0.01,28,23716,买盘
1251,11:07:14,8.46,--,40,33840,买盘
1252,11:07:11,8.46,--,221,186966,买盘
1253,11:07:05,8.46,--,64,54144,买盘
1254,11:07:02,8.46,--,15,12690,买盘
1255,11:06:59,8.46,--,1,846,买盘
1256,11:06:44,8.46,--,21,17766,卖盘
1257,11:06:41,8.46,0.01,89,75294,买盘
1258,11:06:35,8.45,-0.01,58,49009,卖盘
1259,11:06:26,8.46,0.01,60,50760,买盘
1260,11:06:23,8.45,-0.01,3,2535,卖盘
1261,11:06:20,8.46,0.01,10,8460,买盘
1262,11:06:17,8.45,-0.01,30,25349,卖盘
1263,11:06:11,8.46,--,50,42300,买盘
1264,11:06:05,8.46,--,20,16920,买盘
1265,11:06:02,8.46,--,20,16920,买盘
1266,11:05:59,8.46,--,10,8460,买盘
1267,11:05:56,8.46,0.01,52,43992,买盘
1268,11:05:53,8.45,--,15,12674,卖盘
1269,11:05:47,8.45,--,100,84500,卖盘
1270,11:05:35,8.45,--,11,9295,买盘
1271,11:05:29,8.45,0.01,9,7604,买盘
1272,11:05:26,8.44,-0.01,5,4220,卖盘
1273,11:05:20,8.45,--,160,135200,买盘
1274,11:05:17,8.45,--,6,5070,买盘
1275,11:05:14,8.45,--,152,128439,买盘
1276,11:05:11,8.45,--,15,12674,买盘
1277,11:05:08,8.45,0.01,50,42250,买盘
1278,11:05:02,8.44,-0.01,12,10128,卖盘
1279,11:04:56,8.45,--,1,844,买盘
1280,11:04:53,8.45,--,10,8450,买盘
1281,11:04:35,8.45,--,3,2535,买盘
1282,11:04:29,8.45,--,5,4225,买盘
1283,11:04:23,8.45,0.01,5,4225,买盘
1284,11:04:17,8.44,--,45,37980,卖盘
1285,11:03:59,8.44,--,6,5064,卖盘
1286,11:03:56,8.44,--,1,844,卖盘
1287,11:03:44,8.44,--,3,2532,卖盘
1288,11:03:32,8.44,-0.01,5,4220,卖盘
1289,11:03:29,8.45,0.01,19,16054,买盘
1290,11:02:59,8.44,--,88,74272,买盘
1291,11:02:56,8.44,--,254,214376,买盘
1292,11:02:44,8.44,0.01,10,8440,买盘
1293,11:02:29,8.43,-0.01,384,323712,卖盘
1294,11:02:23,8.44,0.01,51,43044,买盘
1295,11:02:20,8.43,--,12,10116,卖盘
1296,11:02:14,8.43,-0.01,100,84300,卖盘
1297,11:02:08,8.44,0.01,61,51484,买盘
1298,11:02:05,8.43,--,200,168600,卖盘
1299,11:02:02,8.43,--,173,146142,卖盘
1300,11:01:59,8.43,-0.01,80,67440,卖盘
1301,11:01:53,8.44,--,62,52328,买盘
1302,11:01:47,8.44,--,141,119004,买盘
1303,11:01:44,8.44,0.01,9,7596,买盘
1304,11:01:38,8.43,-0.01,59,49737,卖盘
1305,11:01:35,8.44,--,10,8440,买盘
1306,11:01:32,8.44,--,20,16880,买盘
1307,11:01:26,8.44,--,494,416936,卖盘
1308,11:01:14,8.44,-0.01,8,6752,卖盘
1309,11:01:11,8.45,--,253,213784,买盘
1310,11:01:08,8.45,0.01,2,1689,买盘
1311,11:01:05,8.44,--,61,51484,卖盘
1312,11:01:02,8.44,--,50,42200,卖盘
1313,11:00:56,8.44,--,2,1688,卖盘
1314,11:00:53,8.44,--,50,42200,买盘
1315,11:00:50,8.44,--,30,25320,买盘
1316,11:00:44,8.44,--,10,8440,买盘
1317,11:00:38,8.44,0.01,201,169644,买盘
1318,11:00:35,8.43,-0.01,20,16860,卖盘
1319,11:00:32,8.44,0.01,100,84400,买盘
1320,11:00:29,8.43,--,10,8430,卖盘
1321,11:00:26,8.43,--,270,227610,卖盘
1322,11:00:20,8.43,--,30,25290,卖盘
1323,11:00:14,8.43,-0.01,140,118020,卖盘
1324,11:00:11,8.44,0.01,111,93684,买盘
1325,11:00:07,8.43,-0.01,891,751113,卖盘
1326,11:00:04,8.44,0.01,20,16880,买盘
1327,11:00:01,8.43,--,212,178716,卖盘
1328,10:59:58,8.43,-0.01,62,52266,卖盘
1329,10:59:52,8.44,--,6,5064,买盘
1330,10:59:49,8.44,--,9,7596,卖盘
1331,10:59:46,8.44,--,10,8440,卖盘
1332,10:59:43,8.44,--,3,2532,卖盘
1333,10:59:40,8.44,-0.01,807,681108,卖盘
1334,10:59:28,8.45,--,4,3379,买盘
1335,10:59:19,8.45,--,84,70980,卖盘
1336,10:59:16,8.45,--,511,431794,卖盘
1337,10:59:10,8.45,--,26,21969,卖盘
1338,10:59:07,8.45,--,179,151255,卖盘
1339,10:59:04,8.45,--,200,169000,卖盘
1340,10:59:01,8.45,-0.01,100,84500,卖盘
1341,10:58:58,8.46,0.01,20,16920,买盘
1342,10:58:55,8.45,--,6,5070,卖盘
1343,10:58:52,8.45,--,3,2535,卖盘
1344,10:58:43,8.45,--,10,8450,卖盘
1345,10:58:37,8.45,-0.01,2,1689,卖盘
1346,10:58:31,8.46,0.01,7,5922,买盘
1347,10:58:25,8.45,-0.01,9,7604,卖盘
1348,10:58:22,8.46,0.01,22,18612,买盘
1349,10:58:13,8.45,--,3,2535,卖盘
1350,10:58:10,8.45,-0.01,50,42250,卖盘
1351,10:58:04,8.46,--,1,846,买盘
1352,10:57:52,8.46,--,6,5076,买盘
1353,10:57:49,8.46,0.01,13,10998,买盘
1354,10:57:37,8.45,-0.01,9,7604,卖盘
1355,10:57:34,8.46,--,5,4230,买盘
1356,10:57:28,8.46,--,20,16920,买盘
1357,10:57:13,8.46,--,5,4230,买盘
1358,10:56:58,8.46,--,2,1692,买盘
1359,10:56:55,8.46,-0.01,467,395082,卖盘
1360,10:56:40,8.47,--,20,16940,买盘
1361,10:56:37,8.47,--,5,4235,买盘
1362,10:56:25,8.47,0.01,15,12705,买盘
1363,10:56:07,8.46,--,21,17766,卖盘
1364,10:56:01,8.46,--,10,8460,卖盘
1365,10:55:58,8.46,--,40,33840,卖盘
1366,10:55:46,8.46,--,40,33840,卖盘
1367,10:55:43,8.46,--,18,15228,卖盘
1368,10:55:37,8.46,-0.01,36,30456,卖盘
1369,10:55:19,8.47,0.01,21,17787,买盘
1370,10:54:52,8.46,-0.01,3,2538,卖盘
1371,10:54:49,8.47,0.01,35,29645,买盘
1372,10:54:31,8.46,-0.01,50,42300,卖盘
1373,10:54:25,8.47,0.01,10,8470,买盘
1374,10:54:22,8.46,-0.01,2,1692,卖盘
1375,10:54:19,8.47,0.01,10,8470,买盘
1376,10:53:58,8.46,--,50,42300,卖盘
1377,10:53:40,8.46,--,118,99828,卖盘
1378,10:53:34,8.46,--,2,1692,卖盘
1379,10:53:31,8.46,--,12,10152,卖盘
1380,10:53:28,8.46,--,88,74448,卖盘
1381,10:53:22,8.46,-0.01,7,5922,卖盘
1382,10:53:19,8.47,0.01,27,22869,买盘
1383,10:53:13,8.46,--,31,26226,卖盘
1384,10:53:04,8.46,--,71,60066,卖盘
1385,10:52:58,8.46,--,4,3384,卖盘
1386,10:52:55,8.46,-0.01,1,846,卖盘
1387,10:52:52,8.47,0.01,15,12705,买盘
1388,10:52:49,8.46,-0.01,9,7614,卖盘
1389,10:52:46,8.47,--,5,4235,买盘
1390,10:52:37,8.47,--,10,8470,买盘
1391,10:52:19,8.47,--,8,6776,买盘
1392,10:52:13,8.47,--,64,54208,卖盘
1393,10:52:04,8.47,--,29,24563,卖盘
1394,10:51:52,8.47,0.01,10,8470,中性盘
1395,10:51:22,8.46,-0.01,55,46530,卖盘
1396,10:51:19,8.47,--,288,243936,买盘
1397,10:51:13,8.47,--,62,52514,买盘
1398,10:51:04,8.47,--,4,3388,买盘
1399,10:50:55,8.47,--,20,16940,买盘
1400,10:50:43,8.47,0.01,15,12705,买盘
1401,10:50:34,8.46,--,2,1692,卖盘
1402,10:50:25,8.46,--,41,34686,卖盘
1403,10:50:10,8.46,--,17,14382,买盘
1404,10:50:04,8.46,--,277,234342,买盘
1405,10:49:55,8.46,--,20,16920,买盘
1406,10:49:52,8.46,--,22,18612,买盘
1407,10:49:43,8.46,--,63,53298,买盘
1408,10:49:40,8.46,--,15,12690,买盘
1409,10:49:37,8.46,--,31,26226,买盘
1410,10:49:34,8.46,0.01,12,10152,买盘
1411,10:49:31,8.45,-0.01,11,9295,卖盘
1412,10:49:28,8.46,--,2,1692,买盘
1413,10:49:25,8.46,0.01,17,14382,买盘
1414,10:49:19,8.45,-0.01,80,67600,卖盘
1415,10:49:16,8.46,--,16,13536,买盘
1416,10:49:04,8.46,0.01,2,1692,买盘
1417,10:49:01,8.45,--,2,1689,卖盘
1418,10:48:58,8.45,--,4,3379,卖盘
1419,10:48:46,8.45,--,2,1689,卖盘
1420,10:48:34,8.45,-0.02,292,246739,卖盘
1421,10:48:13,8.47,--,49,41503,买盘
1422,10:47:58,8.47,--,37,31339,卖盘
1423,10:47:52,8.47,--,12,10164,买盘
1424,10:47:43,8.47,0.01,25,21175,中性盘
1425,10:47:19,8.46,--,15,12690,卖盘
1426,10:47:16,8.46,-0.02,116,98136,卖盘
1427,10:47:13,8.48,0.02,100,84800,买盘
1428,10:47:04,8.46,--,30,25380,卖盘
1429,10:47:01,8.46,-0.01,280,236880,卖盘
1430,10:46:55,8.47,--,57,48279,卖盘
1431,10:46:52,8.47,--,25,21175,卖盘
1432,10:46:49,8.47,--,88,74536,卖盘
1433,10:46:46,8.47,0.01,11,9317,买盘
1434,10:46:43,8.46,-0.01,58,49068,卖盘
1435,10:46:40,8.47,--,59,49973,卖盘
1436,10:46:31,8.47,0.01,11,9317,买盘
1437,10:46:28,8.46,-0.02,1,846,卖盘
1438,10:46:16,8.48,--,393,333264,买盘
1439,10:46:07,8.48,--,67,57358,卖盘
1440,10:46:01,8.48,-0.01,10,8480,卖盘
1441,10:45:58,8.49,0.01,51,43299,买盘
1442,10:45:55,8.48,-0.01,10,8480,卖盘
1443,10:45:52,8.49,0.01,10,8490,买盘
1444,10:45:43,8.48,--,7,5936,卖盘
1445,10:45:40,8.48,--,10,8480,卖盘
1446,10:45:37,8.48,--,108,91584,卖盘
1447,10:45:34,8.48,--,1,848,卖盘
1448,10:45:31,8.48,--,31,26288,卖盘
1449,10:45:25,8.48,--,3,2544,卖盘
1450,10:45:22,8.48,--,50,42400,卖盘
1451,10:45:19,8.48,--,160,135985,卖盘
1452,10:45:07,8.48,-0.01,4,3392,卖盘
1453,10:44:58,8.49,0.01,10,8490,买盘
1454,10:44:55,8.48,--,140,118720,卖盘
1455,10:44:52,8.48,--,35,29680,卖盘
1456,10:44:46,8.48,--,11,9328,卖盘
1457,10:44:43,8.48,-0.01,2,1696,卖盘
1458,10:44:34,8.49,0.01,20,16980,买盘
1459,10:44:28,8.48,--,42,35616,卖盘
1460,10:44:25,8.48,--,2,1696,卖盘
1461,10:44:13,8.48,-0.01,2,1696,卖盘
1462,10:44:10,8.49,--,29,24621,买盘
1463,10:44:01,8.49,--,234,198666,卖盘
1464,10:43:55,8.49,--,10,8490,卖盘
1465,10:43:52,8.49,--,103,87447,卖盘
1466,10:43:25,8.49,--,33,28017,买盘
1467,10:43:22,8.49,--,1,849,买盘
1468,10:43:19,8.49,--,5,4245,买盘
1469,10:43:13,8.49,--,24,20376,买盘
1470,10:43:07,8.49,--,10,8490,买盘
1471,10:43:04,8.49,--,20,16980,买盘
1472,10:42:58,8.49,--,5,4245,买盘
1473,10:42:55,8.49,--,9,7641,卖盘
1474,10:42:49,8.49,--,28,23772,卖盘
1475,10:42:46,8.49,--,10,8490,卖盘
1476,10:42:43,8.49,-0.01,11,9339,卖盘
1477,10:42:40,8.5,0.01,20,17000,买盘
1478,10:42:16,8.49,--,2,1698,卖盘
1479,10:42:13,8.49,0.01,519,440631,买盘
1480,10:42:07,8.48,--,2,1696,卖盘
1481,10:41:58,8.48,-0.01,40,33920,卖盘
1482,10:41:55,8.49,--,14,11886,买盘
1483,10:41:52,8.49,0.01,2,1698,买盘
1484,10:41:46,8.48,--,1,848,卖盘
1485,10:41:34,8.48,--,3,2544,卖盘
1486,10:41:28,8.48,--,209,177232,买盘
1487,10:41:22,8.48,--,165,139920,买盘
1488,10:41:16,8.48,--,50,42400,买盘
1489,10:41:07,8.48,--,48,40704,卖盘
1490,10:41:01,8.48,0.01,1,848,卖盘
1491,10:40:58,8.47,-0.01,130,110110,卖盘
1492,10:40:55,8.48,0.01,104,88242,买盘
1493,10:40:52,8.47,--,200,169400,卖盘
1494,10:40:49,8.47,-0.01,76,64372,卖盘
1495,10:40:46,8.48,--,47,39856,买盘
1496,10:40:39,8.48,0.01,53,44944,买盘
1497,10:40:33,8.47,--,60,50820,卖盘
1498,10:40:21,8.47,--,80,67760,卖盘
1499,10:40:18,8.47,--,25,21175,卖盘
1500,10:40:09,8.47,0.01,382,323570,买盘
1501,10:40:06,8.46,-0.01,13,10998,卖盘
1502,10:39:57,8.47,--,81,68607,买盘
1503,10:39:54,8.47,0.01,2,1694,买盘
1504,10:39:45,8.46,--,31,26226,卖盘
1505,10:39:42,8.46,--,44,37224,卖盘
1506,10:39:36,8.46,--,10,8460,卖盘
1507,10:39:33,8.46,--,8,6768,买盘
1508,10:39:30,8.46,0.01,26,21996,买盘
1509,10:39:27,8.45,-0.01,30,25349,卖盘
1510,10:39:24,8.46,--,3,2538,买盘
1511,10:39:21,8.46,--,168,142128,买盘
1512,10:39:18,8.46,--,32,27072,买盘
1513,10:39:12,8.46,--,54,45684,买盘
1514,10:39:09,8.46,--,5,4230,买盘
1515,10:39:06,8.46,--,39,32994,买盘
1516,10:39:03,8.46,--,5,4230,买盘
1517,10:39:00,8.46,--,67,56682,买盘
1518,10:38:51,8.46,0.01,46,38916,买盘
1519,10:38:48,8.45,-0.01,6,5070,卖盘
1520,10:38:45,8.46,0.01,5,4230,买盘
1521,10:38:42,8.45,-0.01,25,21125,卖盘
1522,10:38:36,8.46,--,37,31302,买盘
1523,10:38:33,8.46,0.01,24,20304,买盘
1524,10:38:27,8.45,-0.01,5,4225,卖盘
1525,10:38:21,8.46,--,43,36378,买盘
1526,10:38:18,8.46,--,118,99828,卖盘
1527,10:38:12,8.46,--,4,3384,卖盘
1528,10:38:09,8.46,--,25,21150,卖盘
1529,10:38:03,8.46,--,68,57528,买盘
1530,10:38:00,8.46,--,12,10152,买盘
1531,10:37:57,8.46,--,18,15228,买盘
1532,10:37:54,8.46,--,5,4230,买盘
1533,10:37:48,8.46,--,10,8460,买盘
1534,10:37:42,8.46,--,10,8460,买盘
1535,10:37:39,8.46,0.01,60,50760,买盘
1536,10:37:33,8.45,-0.01,288,243359,卖盘
1537,10:37:30,8.46,--,8,6768,买盘
1538,10:37:27,8.46,--,40,33840,买盘
1539,10:37:24,8.46,--,1,846,买盘
1540,10:37:21,8.46,--,5,4230,买盘
1541,10:37:18,8.46,--,40,33840,买盘
1542,10:37:12,8.46,--,117,98982,卖盘
1543,10:37:09,8.46,-0.01,11,9306,卖盘
1544,10:37:06,8.47,0.01,7,5929,买盘
1545,10:37:03,8.46,-0.01,56,47376,卖盘
1546,10:36:39,8.47,--,36,31322,卖盘
1547,10:36:21,8.47,--,10,8470,卖盘
1548,10:36:12,8.47,--,470,398090,卖盘
1549,10:36:06,8.47,--,10,8470,卖盘
1550,10:36:00,8.47,--,25,21175,卖盘
1551,10:35:57,8.47,0.02,1478,1251882,买盘
1552,10:35:51,8.45,--,4,3379,卖盘
1553,10:35:48,8.45,--,230,194349,买盘
1554,10:35:39,8.45,--,50,42250,买盘
1555,10:35:33,8.45,-0.01,734,620230,卖盘
1556,10:35:18,8.46,--,358,302868,卖盘
1557,10:35:15,8.46,-0.01,49,41454,卖盘
1558,10:35:09,8.47,--,273,231231,买盘
1559,10:34:54,8.47,--,70,59290,买盘
1560,10:34:51,8.47,0.01,20,16940,买盘
1561,10:34:45,8.46,-0.01,59,49914,卖盘
1562,10:34:27,8.47,0.01,22,18634,买盘
1563,10:34:18,8.46,-0.01,26,21996,卖盘
1564,10:33:57,8.47,--,86,72842,买盘
1565,10:33:54,8.47,--,23,19481,卖盘
1566,10:33:51,8.47,--,27,22869,买盘
1567,10:33:48,8.47,--,45,38115,买盘
1568,10:33:39,8.47,--,231,195657,卖盘
1569,10:33:33,8.47,--,2,1694,卖盘
1570,10:33:30,8.47,--,5,4235,卖盘
1571,10:33:21,8.47,-0.01,3,2541,卖盘
1572,10:33:18,8.48,--,52,44096,买盘
1573,10:33:09,8.48,0.01,143,121264,买盘
1574,10:33:03,8.47,--,30,25410,卖盘
1575,10:33:00,8.47,--,74,62678,卖盘
1576,10:32:48,8.47,-0.01,20,16940,卖盘
1577,10:32:42,8.48,--,30,25440,买盘
1578,10:32:39,8.48,0.02,4,3392,买盘
1579,10:32:36,8.46,-0.01,40,33840,卖盘
1580,10:32:33,8.47,--,4,3388,卖盘
1581,10:32:30,8.47,--,2,1694,买盘
1582,10:32:27,8.47,--,58,49126,买盘
1583,10:32:15,8.47,-0.01,50,42350,卖盘
1584,10:32:09,8.48,0.01,18,15264,买盘
1585,10:32:06,8.47,--,30,25410,卖盘
1586,10:32:00,8.47,--,10,8470,卖盘
1587,10:31:54,8.47,--,270,228690,卖盘
1588,10:31:51,8.47,-0.01,10,8470,卖盘
1589,10:31:48,8.48,--,5,4240,买盘
1590,10:31:45,8.48,0.01,40,33920,买盘
1591,10:31:36,8.47,-0.01,141,119427,卖盘
1592,10:31:30,8.48,--,1,848,买盘
1593,10:31:27,8.48,0.01,107,90736,买盘
1594,10:31:18,8.47,-0.01,40,33880,卖盘
1595,10:31:15,8.48,0.01,8,6784,买盘
1596,10:31:09,8.47,--,5,4235,卖盘
1597,10:31:00,8.47,--,17,14399,卖盘
1598,10:30:57,8.47,--,236,199892,买盘
1599,10:30:51,8.47,0.01,17,14399,买盘
1600,10:30:48,8.46,-0.01,20,16920,卖盘
1601,10:30:42,8.47,--,65,55055,买盘
1602,10:30:33,8.47,0.01,5,4235,买盘
1603,10:30:24,8.46,--,5,4230,卖盘
1604,10:30:09,8.46,-0.01,8,6768,卖盘
1605,10:30:06,8.47,0.01,55,46585,买盘
1606,10:29:57,8.46,0.01,30,25380,中性盘
1607,10:29:51,8.45,-0.01,126,106469,卖盘
1608,10:29:48,8.46,--,4,3384,买盘
1609,10:29:42,8.46,--,13,10998,买盘
1610,10:29:39,8.46,0.01,100,84600,买盘
1611,10:29:36,8.45,-0.01,55,46474,卖盘
1612,10:29:24,8.46,--,233,197118,卖盘
1613,10:29:21,8.46,--,67,56682,买盘
1614,10:29:18,8.46,--,5,4230,买盘
1615,10:29:15,8.46,0.01,86,72756,买盘
1616,10:29:12,8.45,-0.01,10,8450,卖盘
1617,10:29:06,8.46,--,12,10152,卖盘
1618,10:29:00,8.46,--,58,49068,买盘
1619,10:28:57,8.46,0.01,70,59220,买盘
1620,10:28:54,8.45,-0.01,444,375179,卖盘
1621,10:28:45,8.46,--,36,30456,买盘
1622,10:28:42,8.46,--,12,10152,买盘
1623,10:28:39,8.46,--,50,42300,买盘
1624,10:28:33,8.46,-0.01,189,159894,卖盘
1625,10:28:24,8.47,--,23,19481,买盘
1626,10:28:21,8.47,0.01,50,42350,买盘
1627,10:28:18,8.46,--,25,21150,卖盘
1628,10:28:15,8.46,0.01,57,48222,中性盘
1629,10:28:06,8.45,-0.02,200,169000,卖盘
1630,10:28:03,8.47,0.01,2,1694,买盘
1631,10:27:57,8.46,--,64,54144,买盘
1632,10:27:54,8.46,--,209,176814,买盘
1633,10:27:51,8.46,--,20,16920,买盘
1634,10:27:48,8.46,0.01,25,21150,买盘
1635,10:27:45,8.45,--,21,17745,卖盘
1636,10:27:42,8.45,--,23,19435,卖盘
1637,10:27:39,8.45,--,181,152945,卖盘
1638,10:27:33,8.45,-0.01,58,49009,卖盘
1639,10:27:30,8.46,0.01,10,8460,买盘
1640,10:27:21,8.45,-0.01,10,8450,卖盘
1641,10:27:12,8.46,0.01,10,8460,买盘
1642,10:27:09,8.45,--,63,53234,买盘
1643,10:27:06,8.45,--,10,8450,买盘
1644,10:27:03,8.45,0.01,20,16900,买盘
1645,10:27:00,8.44,--,79,66676,卖盘
1646,10:26:57,8.44,0.01,150,126599,卖盘
1647,10:26:45,8.43,-0.02,151,127293,卖盘
1648,10:26:42,8.45,0.01,93,78585,买盘
1649,10:26:36,8.44,--,140,118160,卖盘
1650,10:26:33,8.44,--,28,23632,卖盘
1651,10:26:30,8.44,--,12,10128,卖盘
1652,10:26:27,8.44,--,1,844,卖盘
1653,10:26:21,8.44,-0.01,65,54860,卖盘
1654,10:26:12,8.45,--,16,13519,买盘
1655,10:26:06,8.45,--,912,770639,卖盘
1656,10:26:03,8.45,--,130,109849,卖盘
1657,10:26:00,8.45,-0.01,181,152945,卖盘
1658,10:25:57,8.46,0.01,27,22842,买盘
1659,10:25:54,8.45,--,5,4225,卖盘
1660,10:25:51,8.45,--,5,4225,卖盘
1661,10:25:48,8.45,-0.01,138,116609,卖盘
1662,10:25:45,8.46,0.01,149,126054,买盘
1663,10:25:39,8.45,-0.01,200,169000,卖盘
1664,10:25:36,8.46,--,9,7614,买盘
1665,10:25:33,8.46,--,16,13536,买盘
1666,10:25:30,8.46,--,683,577818,卖盘
1667,10:25:27,8.46,-0.01,97,82062,卖盘
1668,10:25:21,8.47,0.01,28,23716,买盘
1669,10:25:18,8.46,--,100,84600,卖盘
1670,10:25:12,8.46,--,159,134514,卖盘
1671,10:25:06,8.46,--,20,16920,卖盘
1672,10:25:03,8.46,--,126,106596,卖盘
1673,10:25:00,8.46,--,5,4230,卖盘
1674,10:24:57,8.46,--,200,169200,卖盘
1675,10:24:48,8.46,-0.01,10,8460,卖盘
1676,10:24:42,8.47,0.01,73,61831,买盘
1677,10:24:36,8.46,--,20,16920,卖盘
1678,10:24:30,8.46,--,9,7614,卖盘
1679,10:24:18,8.46,-0.01,27,22842,卖盘
1680,10:24:12,8.47,--,5,4235,买盘
1681,10:24:09,8.47,--,45,38115,买盘
1682,10:24:06,8.47,-0.01,211,178717,卖盘
1683,10:24:00,8.48,0.01,3,2544,买盘
1684,10:23:57,8.47,--,13,11011,卖盘
1685,10:23:54,8.47,-0.01,10,8470,卖盘
1686,10:23:48,8.48,0.01,10,8480,买盘
1687,10:23:45,8.47,-0.01,70,59290,卖盘
1688,10:23:33,8.48,0.01,22,18656,买盘
1689,10:23:30,8.47,--,8,6776,卖盘
1690,10:23:18,8.47,--,210,177870,卖盘
1691,10:23:15,8.47,--,77,65219,卖盘
1692,10:23:03,8.47,-0.01,10,8470,卖盘
1693,10:22:57,8.48,0.01,44,37312,买盘
1694,10:22:48,8.47,--,3,2541,卖盘
1695,10:22:45,8.47,-0.01,16,13552,卖盘
1696,10:22:42,8.48,--,76,64448,买盘
1697,10:22:30,8.48,--,10,8480,买盘
1698,10:22:24,8.48,--,19,16112,买盘
1699,10:22:21,8.48,0.01,37,31376,买盘
1700,10:22:15,8.47,-0.01,20,16940,卖盘
1701,10:22:12,8.48,--,10,8480,买盘
1702,10:22:06,8.48,--,44,37312,买盘
1703,10:21:54,8.48,--,10,8480,买盘
1704,10:21:51,8.48,--,5,4240,买盘
1705,10:21:48,8.48,0.01,105,89040,买盘
1706,10:21:36,8.47,--,19,16093,卖盘
1707,10:21:30,8.47,-0.01,119,100793,卖盘
1708,10:21:27,8.48,--,10,8480,买盘
1709,10:21:24,8.48,--,70,59360,买盘
1710,10:21:20,8.48,--,4,3392,买盘
1711,10:21:14,8.48,--,15,12720,买盘
1712,10:21:05,8.48,--,24,20352,买盘
1713,10:20:59,8.48,0.01,64,54272,买盘
1714,10:20:56,8.47,--,7,5929,卖盘
1715,10:20:53,8.47,-0.01,58,49126,卖盘
1716,10:20:47,8.48,--,104,88192,买盘
1717,10:20:44,8.48,--,25,21200,买盘
1718,10:20:41,8.48,0.01,20,16960,买盘
1719,10:20:29,8.47,-0.01,20,16940,卖盘
1720,10:20:26,8.48,0.01,59,50032,买盘
1721,10:20:23,8.47,--,72,60984,卖盘
1722,10:20:17,8.47,--,68,57596,卖盘
1723,10:20:11,8.47,-0.01,60,50820,卖盘
1724,10:20:08,8.48,0.01,50,42400,买盘
1725,10:20:02,8.47,-0.01,20,16940,卖盘
1726,10:19:56,8.48,0.01,84,71232,买盘
1727,10:19:53,8.47,--,23,19481,卖盘
1728,10:19:44,8.47,-0.01,3,2541,卖盘
1729,10:19:38,8.48,0.01,10,8480,买盘
1730,10:19:32,8.47,--,30,25410,中性盘
1731,10:19:29,8.47,--,53,44891,卖盘
1732,10:19:23,8.47,-0.01,7,5929,卖盘
1733,10:19:20,8.48,--,1,848,买盘
1734,10:19:14,8.48,0.01,144,122112,买盘
1735,10:19:11,8.47,--,12,10164,卖盘
1736,10:19:08,8.47,--,118,99946,卖盘
1737,10:19:05,8.47,--,179,151613,卖盘
1738,10:18:59,8.47,-0.01,5,4235,中性盘
1739,10:18:50,8.48,0.01,22,18656,买盘
1740,10:18:47,8.47,0.01,26,22022,买盘
1741,10:18:44,8.46,-0.01,20,16920,卖盘
1742,10:18:38,8.47,0.01,37,31339,中性盘
1743,10:18:32,8.46,-0.02,62,52452,卖盘
1744,10:18:29,8.48,0.01,1,848,买盘
1745,10:18:26,8.47,0.01,175,148225,买盘
1746,10:18:23,8.46,-0.01,83,70218,卖盘
1747,10:18:20,8.47,--,5,4235,买盘
1748,10:18:14,8.47,--,34,28798,买盘
1749,10:18:11,8.47,0.01,14,11858,买盘
1750,10:18:08,8.46,--,23,19458,卖盘
1751,10:18:05,8.46,-0.01,115,97290,卖盘
1752,10:18:02,8.47,0.01,1,847,买盘
1753,10:17:59,8.46,-0.01,20,16920,卖盘
1754,10:17:56,8.47,0.01,32,27104,买盘
1755,10:17:53,8.46,-0.01,55,46530,卖盘
1756,10:17:50,8.47,0.01,16,13552,买盘
1757,10:17:47,8.46,--,41,34686,卖盘
1758,10:17:44,8.46,--,6,5076,卖盘
1759,10:17:41,8.46,-0.01,15,12690,卖盘
1760,10:17:38,8.47,0.01,10,8470,买盘
1761,10:17:32,8.46,--,127,107442,卖盘
1762,10:17:26,8.46,-0.01,97,82062,卖盘
1763,10:17:23,8.47,0.01,53,44891,买盘
1764,10:17:20,8.46,--,181,153126,卖盘
1765,10:17:14,8.46,-0.01,30,25380,卖盘
1766,10:17:08,8.47,--,115,97405,买盘
1767,10:17:02,8.47,--,813,688611,卖盘
1768,10:16:59,8.47,--,104,88088,卖盘
1769,10:16:56,8.47,-0.01,20,16940,卖盘
1770,10:16:50,8.48,--,5,4240,买盘
1771,10:16:47,8.48,--,5,4240,买盘
1772,10:16:44,8.48,--,167,142413,卖盘
1773,10:16:41,8.48,--,410,347680,卖盘
1774,10:16:35,8.48,-0.01,91,77168,卖盘
1775,10:16:32,8.49,0.01,1176,998424,买盘
1776,10:16:29,8.48,--,85,72080,卖盘
1777,10:16:23,8.48,-0.01,249,211152,卖盘
1778,10:16:20,8.49,--,737,625713,卖盘
1779,10:16:08,8.49,--,517,438933,卖盘
1780,10:16:02,8.49,-0.01,3,2547,卖盘
1781,10:15:59,8.5,--,24,20400,买盘
1782,10:15:56,8.5,0.01,52,44200,买盘
1783,10:15:53,8.49,--,5,4245,卖盘
1784,10:15:44,8.49,-0.01,4,3396,卖盘
1785,10:15:41,8.5,--,12,10200,买盘
1786,10:15:38,8.5,--,11,9350,买盘
1787,10:15:26,8.5,--,172,146200,卖盘
1788,10:15:14,8.5,--,868,737800,卖盘
1789,10:15:11,8.5,--,26,22100,卖盘
1790,10:15:02,8.5,--,21,17850,卖盘
1791,10:14:59,8.5,--,39,33150,卖盘
1792,10:14:53,8.5,--,12,10200,卖盘
1793,10:14:47,8.5,--,20,17000,卖盘
1794,10:14:38,8.5,0.01,419,356150,买盘
1795,10:14:35,8.49,-0.01,57,48393,卖盘
1796,10:14:32,8.5,--,5,4250,买盘
1797,10:14:29,8.5,--,10,8500,买盘
1798,10:14:26,8.5,--,223,189550,买盘
1799,10:14:23,8.5,--,103,87550,买盘
1800,10:14:20,8.5,--,1,850,买盘
1801,10:14:17,8.5,--,9,7650,买盘
1802,10:14:14,8.5,--,41,34850,买盘
1803,10:14:11,8.5,0.01,131,111350,买盘
1804,10:14:05,8.49,-0.01,5,4245,卖盘
1805,10:14:02,8.5,--,30,25500,买盘
1806,10:13:56,8.5,0.01,33,28050,买盘
1807,10:13:53,8.49,-0.01,70,59430,卖盘
1808,10:13:50,8.5,--,4,3400,买盘
1809,10:13:41,8.5,--,65,55250,买盘
1810,10:13:38,8.5,--,26,22100,买盘
1811,10:13:35,8.5,--,123,104550,买盘
1812,10:13:32,8.5,--,20,17000,买盘
1813,10:13:29,8.5,0.01,100,85000,买盘
1814,10:13:26,8.49,--,12,10188,卖盘
1815,10:13:23,8.49,-0.01,165,140085,卖盘
1816,10:13:20,8.5,--,6,5100,买盘
1817,10:13:17,8.5,--,596,506600,买盘
1818,10:13:14,8.5,--,10,8500,买盘
1819,10:13:11,8.5,--,23,19550,买盘
1820,10:13:08,8.5,--,120,102000,买盘
1821,10:13:05,8.5,--,10,8500,买盘
1822,10:13:02,8.5,--,244,207400,买盘
1823,10:12:59,8.5,--,50,42500,买盘
1824,10:12:50,8.5,--,401,340850,买盘
1825,10:12:47,8.5,--,57,48450,卖盘
1826,10:12:41,8.5,--,153,130050,卖盘
1827,10:12:23,8.5,--,85,72250,卖盘
1828,10:12:20,8.5,0.01,37,31450,买盘
1829,10:12:17,8.49,-0.01,241,204609,卖盘
1830,10:12:14,8.5,0.01,42,35700,买盘
1831,10:12:11,8.49,-0.01,22,18678,卖盘
1832,10:12:08,8.5,--,29,24650,买盘
1833,10:12:05,8.5,0.01,101,85850,买盘
1834,10:12:02,8.49,--,307,260643,卖盘
1835,10:11:50,8.49,-0.01,10,8490,卖盘
1836,10:11:47,8.5,--,10,8500,买盘
1837,10:11:38,8.5,0.01,8,6800,中性盘
1838,10:11:23,8.49,-0.03,3572,3032628,卖盘
1839,10:11:20,8.52,0.01,20,17040,买盘
1840,10:11:17,8.51,-0.01,518,440818,卖盘
1841,10:11:14,8.52,--,13,11076,买盘
1842,10:11:08,8.52,--,86,73272,买盘
1843,10:11:05,8.52,0.01,30,25560,买盘
1844,10:11:02,8.51,-0.01,6,5106,卖盘
1845,10:10:56,8.52,--,147,125244,买盘
1846,10:10:53,8.52,-0.01,509,433668,卖盘
1847,10:10:50,8.53,0.01,15,12794,买盘
1848,10:10:47,8.52,--,1,852,卖盘
1849,10:10:38,8.52,--,50,42600,卖盘
1850,10:10:32,8.52,--,10,8520,卖盘
1851,10:10:26,8.52,--,54,46008,买盘
1852,10:10:17,8.52,-0.01,2,1704,中性盘
1853,10:10:05,8.53,0.01,20,17060,买盘
1854,10:10:02,8.52,--,5,4260,卖盘
1855,10:09:59,8.52,--,19,16188,卖盘
1856,10:09:50,8.52,--,45,38340,买盘
1857,10:09:47,8.52,0.01,30,25560,买盘
1858,10:09:44,8.51,--,7,5957,卖盘
1859,10:09:32,8.51,0.01,5,4255,卖盘
1860,10:09:29,8.5,-0.03,102,86700,卖盘
1861,10:09:26,8.53,--,20,17060,买盘
1862,10:09:08,8.53,-0.01,10,8530,中性盘
1863,10:08:59,8.54,0.05,20,17080,买盘
1864,10:08:56,8.49,--,2,1698,卖盘
1865,10:08:50,8.49,-0.05,5,4245,卖盘
1866,10:08:47,8.54,0.06,511,436445,买盘
1867,10:08:41,8.48,--,600,508800,买盘
1868,10:08:38,8.48,--,13,11024,买盘
1869,10:08:35,8.48,--,435,368880,买盘
1870,10:08:32,8.48,--,15,12720,买盘
1871,10:08:29,8.48,-0.06,7241,6141165,卖盘
1872,10:08:20,8.54,0.01,2,1707,买盘
1873,10:08:17,8.53,-0.01,20,17060,卖盘
1874,10:08:11,8.54,0.01,40,34160,买盘
1875,10:08:08,8.53,-0.01,50,42650,卖盘
1876,10:07:56,8.54,--,179,152865,卖盘
1877,10:07:50,8.54,0.01,345,294629,买盘
1878,10:07:47,8.53,--,11,9383,卖盘
1879,10:07:44,8.53,-0.01,95,81035,卖盘
1880,10:07:38,8.54,--,11,9393,买盘
1881,10:07:35,8.54,0.01,29,24765,买盘
1882,10:07:32,8.53,--,536,457207,卖盘
1883,10:07:29,8.53,-0.01,44,37532,卖盘
1884,10:07:26,8.54,--,7,5977,买盘
1885,10:07:20,8.54,0.01,4,3415,买盘
1886,10:07:17,8.53,-0.01,489,417116,卖盘
1887,10:07:14,8.54,--,4,3415,买盘
1888,10:07:11,8.54,0.01,10,8540,买盘
1889,10:07:08,8.53,-0.01,22,18766,卖盘
1890,10:06:59,8.54,0.01,30,25619,买盘
1891,10:06:53,8.53,--,80,68240,卖盘
1892,10:06:47,8.53,-0.01,8,6823,卖盘
1893,10:06:44,8.54,--,2,1707,买盘
1894,10:06:38,8.54,--,66,56363,卖盘
1895,10:06:35,8.54,--,343,292921,卖盘
1896,10:06:32,8.54,-0.01,3,2561,卖盘
1897,10:06:29,8.55,0.01,86,73530,买盘
1898,10:06:26,8.54,-0.01,49,41845,卖盘
1899,10:06:23,8.55,--,14,11970,买盘
1900,10:06:20,8.55,0.01,36,30780,买盘
1901,10:06:17,8.54,-0.01,246,210083,卖盘
1902,10:06:14,8.55,0.01,51,43605,买盘
1903,10:06:11,8.54,-0.01,6,5123,卖盘
1904,10:06:02,8.55,0.01,5,4275,买盘
1905,10:05:56,8.54,0.01,2,1707,卖盘
1906,10:05:50,8.53,-0.01,4,3411,卖盘
1907,10:05:44,8.54,--,285,243389,买盘
1908,10:05:38,8.54,--,192,163967,买盘
1909,10:05:35,8.54,--,45,38429,买盘
1910,10:05:32,8.54,--,212,181047,买盘
1911,10:05:29,8.54,--,15,12809,买盘
1912,10:05:26,8.54,--,10,8540,买盘
1913,10:05:23,8.54,--,121,103333,买盘
1914,10:05:20,8.54,--,26,22203,买盘
1915,10:05:17,8.54,--,415,354409,买盘
1916,10:05:11,8.54,--,141,120413,买盘
1917,10:05:08,8.54,--,130,111019,买盘
1918,10:05:05,8.54,--,313,267302,卖盘
1919,10:04:59,8.54,--,262,223799,买盘
1920,10:04:56,8.54,--,47,40137,买盘
1921,10:04:53,8.54,--,188,160551,买盘
1922,10:04:50,8.54,--,8,6831,买盘
1923,10:04:47,8.54,--,101,87056,卖盘
1924,10:04:44,8.54,--,95,81181,买盘
1925,10:04:41,8.54,0.01,261,222893,买盘
1926,10:04:35,8.53,-0.01,18,15353,卖盘
1927,10:04:32,8.54,--,523,446641,买盘
1928,10:04:29,8.54,--,130,111019,买盘
1929,10:04:26,8.54,--,165,140910,买盘
1930,10:04:23,8.54,--,11,9393,买盘
1931,10:04:20,8.54,--,17,14517,买盘
1932,10:04:17,8.54,--,290,247659,买盘
1933,10:04:14,8.54,-0.01,163,140004,卖盘
1934,10:04:11,8.55,0.01,42,35910,买盘
1935,10:04:05,8.54,--,107,91377,卖盘
1936,10:03:56,8.54,--,131,111925,买盘
1937,10:03:53,8.54,--,19,16225,买盘
1938,10:03:50,8.54,--,3,2561,买盘
1939,10:03:47,8.54,--,74,63195,买盘
1940,10:03:41,8.54,--,76,64903,买盘
1941,10:03:38,8.54,0.01,20,17080,买盘
1942,10:03:26,8.53,--,9,7676,卖盘
1943,10:03:20,8.53,--,72,61415,卖盘
1944,10:03:08,8.53,--,5,4265,买盘
1945,10:03:05,8.53,--,67,57150,买盘
1946,10:03:02,8.53,--,35,29854,卖盘
1947,10:02:59,8.53,0.01,18,15353,买盘
1948,10:02:56,8.52,--,35,29820,卖盘
1949,10:02:47,8.52,-0.01,1,852,卖盘
1950,10:02:41,8.53,0.01,113,96389,买盘
1951,10:02:38,8.52,--,10,8520,卖盘
1952,10:02:35,8.52,--,6,5112,买盘
1953,10:02:32,8.52,-0.01,74,63048,卖盘
1954,10:02:26,8.53,--,30,25589,买盘
1955,10:02:23,8.53,0.01,121,103212,买盘
1956,10:02:14,8.52,--,131,111612,卖盘
1957,10:02:11,8.52,--,123,104796,卖盘
1958,10:02:05,8.52,-0.01,6,5112,卖盘
1959,10:02:02,8.53,0.01,100,85300,买盘
1960,10:01:58,8.52,-0.01,7,5964,卖盘
1961,10:01:49,8.53,--,5,4265,买盘
1962,10:01:46,8.53,0.01,11,9383,买盘
1963,10:01:40,8.52,-0.01,46,39192,卖盘
1964,10:01:28,8.53,0.01,40,34120,买盘
1965,10:01:16,8.52,--,61,51972,卖盘
1966,10:00:58,8.52,-0.01,10,8520,卖盘
1967,10:00:37,8.53,--,1,852,买盘
1968,10:00:25,8.53,--,77,65681,卖盘
1969,10:00:22,8.53,--,13,11089,卖盘
1970,10:00:19,8.53,0.01,29,24736,买盘
1971,10:00:16,8.52,-0.01,28,23856,卖盘
1972,10:00:10,8.53,--,55,46915,卖盘
1973,10:00:07,8.53,0.01,22,18766,买盘
1974,09:59:58,8.52,-0.01,139,118428,卖盘
1975,09:59:55,8.53,0.01,103,87859,买盘
1976,09:59:52,8.52,--,19,16188,卖盘
1977,09:59:49,8.52,-0.01,200,170400,卖盘
1978,09:59:40,8.53,--,4,3411,买盘
1979,09:59:37,8.53,--,15,12794,买盘
1980,09:59:34,8.53,0.01,27,23031,买盘
1981,09:59:31,8.52,-0.01,330,281160,卖盘
1982,09:59:28,8.53,--,61,52032,买盘
1983,09:59:22,8.53,--,223,190219,卖盘
1984,09:59:19,8.53,-0.01,1057,901620,卖盘
1985,09:59:16,8.54,0.01,104,88815,买盘
1986,09:59:10,8.53,-0.01,22,18766,卖盘
1987,09:59:07,8.54,--,55,46969,买盘
1988,09:58:52,8.54,--,8,6831,买盘
1989,09:58:49,8.54,--,18,15371,买盘
1990,09:58:43,8.54,--,292,249367,买盘
1991,09:58:40,8.54,--,34,29035,买盘
1992,09:58:25,8.54,0.01,40,34160,买盘
1993,09:58:19,8.53,-0.01,4,3411,卖盘
1994,09:58:13,8.54,0.01,18,15371,买盘
1995,09:58:07,8.53,--,8,6823,卖盘
1996,09:58:01,8.53,--,130,110889,买盘
1997,09:57:55,8.53,0.01,49,41797,买盘
1998,09:57:52,8.52,-0.01,2,1704,卖盘
1999,09:57:49,8.53,--,20,17060,买盘
2000,09:57:40,8.53,--,1,852,买盘
2001,09:57:28,8.53,--,5,4265,买盘
2002,09:57:25,8.53,0.01,3,2559,买盘
2003,09:57:22,8.52,-0.01,2,1704,卖盘
2004,09:57:13,8.53,-0.01,237,202160,卖盘
2005,09:57:10,8.54,--,5,4270,买盘
2006,09:57:04,8.54,--,10,8540,买盘
2007,09:57:01,8.54,0.01,5,4270,买盘
2008,09:56:58,8.53,--,4,3411,卖盘
2009,09:56:55,8.53,-0.01,17,14500,卖盘
2010,09:56:52,8.54,--,47,40137,买盘
2011,09:56:49,8.54,--,44,37575,买盘
2012,09:56:46,8.54,0.01,1,853,买盘
2013,09:56:43,8.53,-0.01,100,85300,卖盘
2014,09:56:37,8.54,0.01,25,21349,买盘
2015,09:56:31,8.53,-0.01,2,1705,卖盘
2016,09:56:28,8.54,--,148,127194,卖盘
2017,09:56:25,8.54,--,288,245951,卖盘
2018,09:56:22,8.54,--,192,163967,卖盘
2019,09:56:19,8.54,--,378,322863,买盘
2020,09:56:13,8.54,--,13,11101,买盘
2021,09:56:10,8.54,--,10,8540,买盘
2022,09:56:07,8.54,0.01,15,12809,买盘
2023,09:56:04,8.53,-0.01,23,19619,卖盘
2024,09:56:01,8.54,--,20,17080,买盘
2025,09:55:58,8.54,--,16,13663,买盘
2026,09:55:52,8.54,--,53,45261,卖盘
2027,09:55:43,8.54,--,44,37575,卖盘
2028,09:55:37,8.54,0.01,243,207521,买盘
2029,09:55:28,8.53,-0.01,147,125390,卖盘
2030,09:55:25,8.54,0.01,30,25619,买盘
2031,09:55:19,8.53,-0.01,70,59709,卖盘
2032,09:55:16,8.54,--,10,8540,买盘
2033,09:55:13,8.54,0.01,8,6831,买盘
2034,09:55:10,8.53,-0.01,40,34120,卖盘
2035,09:55:04,8.54,0.01,69,58925,买盘
2036,09:55:01,8.53,--,14,11942,卖盘
2037,09:54:55,8.53,-0.01,43,36679,卖盘
2038,09:54:52,8.54,--,48,40991,买盘
2039,09:54:49,8.54,0.01,75,64049,买盘
2040,09:54:46,8.53,-0.01,5,4265,卖盘
2041,09:54:43,8.54,--,46,39283,买盘
2042,09:54:40,8.54,--,30,25619,买盘
2043,09:54:37,8.54,--,47,40137,买盘
2044,09:54:28,8.54,--,21,17934,买盘
2045,09:54:22,8.54,--,10,8540,买盘
2046,09:54:19,8.54,--,32,27327,买盘
2047,09:54:16,8.54,--,263,224601,买盘
2048,09:54:13,8.54,0.01,30,25619,买盘
2049,09:54:10,8.53,-0.01,270,230309,卖盘
2050,09:54:07,8.54,--,40,34160,买盘
2051,09:54:04,8.54,0.01,18,15371,买盘
2052,09:54:01,8.53,-0.01,16,13647,卖盘
2053,09:53:58,8.54,--,72,61487,买盘
2054,09:53:52,8.54,0.01,5,4270,买盘
2055,09:53:49,8.53,-0.01,13,11089,卖盘
2056,09:53:43,8.54,0.01,204,174215,买盘
2057,09:53:34,8.53,--,18,15353,卖盘
2058,09:53:25,8.53,--,298,254193,买盘
2059,09:53:13,8.53,--,20,17060,买盘
2060,09:53:10,8.53,0.01,10,8530,买盘
2061,09:53:07,8.52,--,3,2556,卖盘
2062,09:53:01,8.52,--,42,35784,买盘
2063,09:52:58,8.52,--,15,12780,买盘
2064,09:52:55,8.52,--,20,17040,买盘
2065,09:52:46,8.52,--,6,5112,买盘
2066,09:52:43,8.52,--,37,31524,买盘
2067,09:52:40,8.52,--,1,852,买盘
2068,09:52:37,8.52,-0.01,122,103944,卖盘
2069,09:52:31,8.53,0.01,13,11089,买盘
2070,09:52:28,8.52,--,80,68160,卖盘
2071,09:52:25,8.52,--,38,32376,卖盘
2072,09:52:22,8.52,-0.01,7,5964,卖盘
2073,09:52:19,8.53,0.01,33,28148,买盘
2074,09:52:16,8.52,--,29,24708,卖盘
2075,09:52:13,8.52,-0.01,7,5964,卖盘
2076,09:52:10,8.53,--,5,4265,买盘
2077,09:52:04,8.53,0.01,20,17060,买盘
2078,09:52:01,8.52,-0.01,41,34932,卖盘
2079,09:51:55,8.53,--,26,22178,买盘
2080,09:51:49,8.53,--,29,24736,买盘
2081,09:51:46,8.53,--,25,21325,买盘
2082,09:51:37,8.53,0.01,65,55444,买盘
2083,09:51:31,8.52,-0.01,121,103092,卖盘
2084,09:51:22,8.53,0.01,42,35826,买盘
2085,09:51:19,8.52,-0.01,5,4260,卖盘
2086,09:51:16,8.53,0.01,97,82741,买盘
2087,09:51:13,8.52,--,20,17040,卖盘
2088,09:51:10,8.52,--,115,97980,卖盘
2089,09:51:07,8.52,--,1,852,卖盘
2090,09:50:55,8.52,--,34,28968,买盘
2091,09:50:52,8.52,--,42,35784,买盘
2092,09:50:49,8.52,0.01,21,17892,买盘
2093,09:50:46,8.51,-0.01,2,1702,卖盘
2094,09:50:43,8.52,--,30,25560,买盘
2095,09:50:40,8.52,--,31,26412,买盘
2096,09:50:37,8.52,--,5,4260,买盘
2097,09:50:34,8.52,--,55,46860,买盘
2098,09:50:28,8.52,0.01,54,46008,买盘
2099,09:50:22,8.51,-0.01,11,9361,卖盘
2100,09:50:19,8.52,0.01,1,852,买盘
2101,09:50:16,8.51,-0.01,8,6808,卖盘
2102,09:50:13,8.52,--,120,102240,买盘
2103,09:50:04,8.52,0.01,45,38340,买盘
2104,09:49:49,8.51,--,13,11063,买盘
2105,09:49:40,8.51,--,50,42550,买盘
2106,09:49:37,8.51,--,20,17020,买盘
2107,09:49:31,8.51,0.01,2,1702,买盘
2108,09:49:28,8.5,--,35,29750,卖盘
2109,09:49:19,8.5,--,136,115600,买盘
2110,09:49:16,8.5,--,116,98600,买盘
2111,09:49:13,8.5,--,2,1700,买盘
2112,09:49:04,8.5,--,13,11050,买盘
2113,09:49:01,8.5,0.01,9,7650,买盘
2114,09:48:58,8.49,--,10,8490,卖盘
2115,09:48:55,8.49,--,301,255549,买盘
2116,09:48:49,8.49,--,101,85749,买盘
2117,09:48:40,8.49,-0.01,15,12735,卖盘
2118,09:48:31,8.5,0.02,13,11050,买盘
2119,09:48:28,8.48,--,300,254400,卖盘
2120,09:48:25,8.48,--,78,66144,卖盘
2121,09:48:19,8.48,-0.01,213,180624,卖盘
2122,09:48:16,8.49,0.01,4,3396,买盘
2123,09:48:13,8.48,--,56,47488,卖盘
2124,09:48:10,8.48,-0.01,183,155184,卖盘
2125,09:48:07,8.49,0.01,200,169800,买盘
2126,09:48:04,8.48,--,5,4240,卖盘
2127,09:48:01,8.48,-0.01,10,8480,卖盘
2128,09:47:58,8.49,0.01,30,25470,买盘
2129,09:47:52,8.48,--,29,24592,卖盘
2130,09:47:49,8.48,--,97,82256,卖盘
2131,09:47:46,8.48,-0.01,44,37312,卖盘
2132,09:47:43,8.49,0.01,113,95937,买盘
2133,09:47:40,8.48,-0.01,445,377360,卖盘
2134,09:47:31,8.49,0.01,30,25470,买盘
2135,09:47:28,8.48,-0.01,46,39008,卖盘
2136,09:47:25,8.49,0.01,42,35658,买盘
2137,09:47:22,8.48,--,495,419760,卖盘
2138,09:47:19,8.48,-0.01,64,54272,卖盘
2139,09:47:13,8.49,--,20,16980,买盘
2140,09:47:10,8.49,--,10,8490,买盘
2141,09:47:07,8.49,--,169,143481,卖盘
2142,09:47:04,8.49,-0.01,7,5943,卖盘
2143,09:46:55,8.5,0.01,13,11050,买盘
2144,09:46:52,8.49,0.01,24,20376,买盘
2145,09:46:43,8.48,-0.02,23,19504,卖盘
2146,09:46:40,8.5,0.01,20,17000,买盘
2147,09:46:37,8.49,--,50,42450,买盘
2148,09:46:34,8.49,--,50,42450,买盘
2149,09:46:22,8.49,0.01,33,28017,中性盘
2150,09:46:19,8.48,-0.02,760,644480,卖盘
2151,09:46:16,8.5,--,15,12750,买盘
2152,09:46:13,8.5,0.01,13,11050,买盘
2153,09:46:10,8.49,--,100,84900,卖盘
2154,09:46:07,8.49,--,2,1698,卖盘
2155,09:46:04,8.49,-0.01,278,236022,卖盘
2156,09:46:01,8.5,--,5,4250,买盘
2157,09:45:58,8.5,--,30,25500,买盘
2158,09:45:55,8.5,--,97,82450,卖盘
2159,09:45:43,8.5,--,125,106250,买盘
2160,09:45:40,8.5,--,140,119000,买盘
2161,09:45:37,8.5,--,3,2550,买盘
2162,09:45:34,8.5,--,9,7650,买盘
2163,09:45:31,8.5,--,325,276250,卖盘
2164,09:45:28,8.5,-0.01,2,1700,卖盘
2165,09:45:25,8.51,0.01,45,38295,买盘
2166,09:45:22,8.5,-0.01,289,245650,卖盘
2167,09:45:16,8.51,--,136,116569,卖盘
2168,09:45:13,8.51,--,20,17037,买盘
2169,09:45:10,8.51,--,3,2553,买盘
2170,09:45:07,8.51,--,77,65527,买盘
2171,09:45:04,8.51,--,176,149776,买盘
2172,09:45:01,8.51,--,20,17020,买盘
2173,09:44:58,8.51,0.01,59,50209,买盘
2174,09:44:55,8.5,--,165,140250,卖盘
2175,09:44:52,8.5,-0.01,14,11900,卖盘
2176,09:44:49,8.51,0.01,21,17871,买盘
2177,09:44:46,8.5,-0.01,41,34850,卖盘
2178,09:44:43,8.51,--,7,5957,买盘
2179,09:44:40,8.51,0.01,40,34040,买盘
2180,09:44:37,8.5,--,63,53550,卖盘
2181,09:44:34,8.5,--,40,34000,卖盘
2182,09:44:31,8.5,-0.01,603,512550,卖盘
2183,09:44:28,8.51,--,80,68080,买盘
2184,09:44:19,8.51,0.01,37,31487,买盘
2185,09:44:16,8.5,-0.01,88,74800,卖盘
2186,09:44:04,8.51,0.02,20,17020,买盘
2187,09:44:01,8.49,-0.01,336,285264,卖盘
2188,09:43:58,8.5,-0.01,206,175100,卖盘
2189,09:43:55,8.51,--,54,45954,买盘
2190,09:43:52,8.51,0.01,44,37444,买盘
2191,09:43:49,8.5,--,1,850,卖盘
2192,09:43:46,8.5,-0.01,47,39950,卖盘
2193,09:43:43,8.51,0.01,20,17020,买盘
2194,09:43:37,8.5,--,79,67150,卖盘
2195,09:43:34,8.5,--,39,33150,卖盘
2196,09:43:28,8.5,--,32,27200,卖盘
2197,09:43:19,8.5,--,43,36550,卖盘
2198,09:43:16,8.5,--,133,113050,卖盘
2199,09:43:13,8.5,-0.01,245,208250,卖盘
2200,09:43:07,8.51,--,100,85100,买盘
2201,09:43:04,8.51,0.01,377,320827,买盘
2202,09:42:58,8.5,-0.01,84,71400,卖盘
2203,09:42:55,8.51,--,47,39997,买盘
2204,09:42:52,8.51,0.01,50,42550,买盘
2205,09:42:49,8.5,-0.01,190,161500,卖盘
2206,09:42:46,8.51,--,37,31487,买盘
2207,09:42:40,8.51,--,115,97865,买盘
2208,09:42:37,8.51,--,3,2553,买盘
2209,09:42:34,8.51,-0.01,930,791430,卖盘
2210,09:42:28,8.52,--,74,63048,买盘
2211,09:42:22,8.52,0.01,10,8520,买盘
2212,09:42:16,8.51,--,365,310615,卖盘
2213,09:42:13,8.51,--,11,9361,卖盘
2214,09:42:10,8.51,-0.01,73,62123,卖盘
2215,09:42:07,8.52,--,45,38340,买盘
2216,09:42:04,8.52,0.01,10,8520,买盘
2217,09:41:58,8.51,-0.01,62,52762,卖盘
2218,09:41:46,8.52,0.01,30,25560,买盘
2219,09:41:43,8.51,--,63,53613,卖盘
2220,09:41:40,8.51,-0.01,678,576978,卖盘
2221,09:41:37,8.52,0.01,30,25560,买盘
2222,09:41:34,8.51,--,78,66378,卖盘
2223,09:41:31,8.51,-0.01,68,57868,卖盘
2224,09:41:28,8.52,0.01,5,4260,买盘
2225,09:41:25,8.51,-0.01,23,19573,卖盘
2226,09:41:22,8.52,--,105,89460,买盘
2227,09:41:19,8.52,--,637,542724,卖盘
2228,09:41:16,8.52,--,1177,1002804,卖盘
2229,09:41:13,8.52,--,865,736980,卖盘
2230,09:41:10,8.52,-0.01,390,332280,卖盘
2231,09:41:06,8.53,--,74,63121,买盘
2232,09:41:03,8.53,--,182,155561,卖盘
2233,09:41:00,8.53,--,394,336082,卖盘
2234,09:40:57,8.53,-0.02,113,96389,卖盘
2235,09:40:54,8.55,0.01,80,68400,买盘
2236,09:40:51,8.54,-0.01,155,132370,卖盘
2237,09:40:48,8.55,0.01,20,17100,买盘
2238,09:40:45,8.54,--,20,17080,卖盘
2239,09:40:39,8.54,-0.01,31,26473,卖盘
2240,09:40:36,8.55,0.01,55,47025,买盘
2241,09:40:33,8.54,-0.01,22,18787,卖盘
2242,09:40:30,8.55,--,19,16245,买盘
2243,09:40:27,8.55,0.01,31,26505,买盘
2244,09:40:24,8.54,-0.01,90,76859,卖盘
2245,09:40:18,8.55,--,23,19665,买盘
2246,09:40:15,8.55,--,10,8550,买盘
2247,09:40:12,8.55,0.01,80,68400,买盘
2248,09:40:09,8.54,-0.01,80,68320,卖盘
2249,09:40:06,8.55,--,109,93195,卖盘
2250,09:40:03,8.55,--,98,83790,买盘
2251,09:40:00,8.55,0.01,2,1710,买盘
2252,09:39:57,8.54,-0.01,6,5123,卖盘
2253,09:39:54,8.55,0.01,50,42750,买盘
2254,09:39:51,8.54,-0.01,74,63195,卖盘
2255,09:39:48,8.55,0.01,54,46170,买盘
2256,09:39:45,8.54,--,2,1707,卖盘
2257,09:39:39,8.54,--,15,12809,卖盘
2258,09:39:33,8.54,0.01,95,81129,买盘
2259,09:39:30,8.53,-0.01,33,28148,卖盘
2260,09:39:24,8.54,0.01,39,33306,买盘
2261,09:39:21,8.53,--,58,49473,卖盘
2262,09:39:15,8.53,--,1,852,卖盘
2263,09:39:12,8.53,--,29,24736,卖盘
2264,09:39:09,8.53,--,315,268695,卖盘
2265,09:39:06,8.53,--,9,7676,卖盘
2266,09:39:03,8.53,0.01,191,163460,买盘
2267,09:39:00,8.52,--,4,3408,卖盘
2268,09:38:54,8.52,--,62,52824,卖盘
2269,09:38:51,8.52,--,15,12780,卖盘
2270,09:38:48,8.52,-0.01,10,8520,卖盘
2271,09:38:45,8.53,--,100,85300,买盘
2272,09:38:42,8.53,0.01,7,5971,买盘
2273,09:38:39,8.52,-0.01,85,72420,卖盘
2274,09:38:36,8.53,--,7,5971,买盘
2275,09:38:30,8.53,0.01,14,11942,买盘
2276,09:38:24,8.52,-0.01,24,20448,卖盘
2277,09:38:21,8.53,--,39,33267,买盘
2278,09:38:12,8.53,--,27,23031,买盘
2279,09:38:09,8.53,--,550,469149,买盘
2280,09:38:00,8.53,--,99,84447,买盘
2281,09:37:54,8.53,0.01,14,11942,买盘
2282,09:37:51,8.52,-0.01,115,97980,卖盘
2283,09:37:48,8.53,--,136,116007,买盘
2284,09:37:45,8.53,0.01,54,46062,买盘
2285,09:37:39,8.52,--,82,69864,卖盘
2286,09:37:33,8.52,--,117,99684,卖盘
2287,09:37:30,8.52,--,122,103944,卖盘
2288,09:37:24,8.52,-0.01,70,59640,卖盘
2289,09:37:21,8.53,--,4,3411,买盘
2290,09:37:12,8.53,0.01,57,48620,买盘
2291,09:37:06,8.52,-0.01,1,852,卖盘
2292,09:37:03,8.53,0.01,20,17060,买盘
2293,09:37:00,8.52,-0.01,5,4260,卖盘
2294,09:36:57,8.53,0.01,25,21325,买盘
2295,09:36:54,8.52,--,3,2556,卖盘
2296,09:36:51,8.52,-0.01,178,151656,卖盘
2297,09:36:48,8.53,--,5,4265,买盘
2298,09:36:45,8.53,0.01,5,4265,买盘
2299,09:36:42,8.52,--,37,31524,卖盘
2300,09:36:39,8.52,-0.01,76,64752,卖盘
2301,09:36:36,8.53,0.01,139,118566,买盘
2302,09:36:33,8.52,-0.01,10,8520,卖盘
2303,09:36:30,8.53,--,180,153540,买盘
2304,09:36:27,8.53,0.01,4,3411,买盘
2305,09:36:24,8.52,--,58,49416,卖盘
2306,09:36:21,8.52,-0.01,100,85200,卖盘
2307,09:36:15,8.53,--,110,93830,买盘
2308,09:36:06,8.53,0.01,52,44356,买盘
2309,09:35:57,8.52,--,14,11928,卖盘
2310,09:35:51,8.52,-0.01,4,3408,卖盘
2311,09:35:48,8.53,0.01,59,50326,买盘
2312,09:35:45,8.52,--,147,125244,买盘
2313,09:35:42,8.52,--,20,17040,买盘
2314,09:35:33,8.52,--,55,46860,买盘
2315,09:35:30,8.52,--,144,122688,卖盘
2316,09:35:27,8.52,--,350,298200,卖盘
2317,09:35:21,8.52,--,27,23004,卖盘
2318,09:35:18,8.52,--,17,14484,卖盘
2319,09:35:15,8.52,--,3,2556,卖盘
2320,09:35:12,8.52,-0.01,36,30672,卖盘
2321,09:35:06,8.53,0.01,56,47768,买盘
2322,09:35:03,8.52,-0.01,29,24708,卖盘
2323,09:34:57,8.53,0.01,50,42650,买盘
2324,09:34:51,8.52,--,11,9372,卖盘
2325,09:34:48,8.52,--,11,9372,卖盘
2326,09:34:45,8.52,--,106,90312,卖盘
2327,09:34:42,8.52,--,5,4260,卖盘
2328,09:34:39,8.52,-0.01,102,86904,卖盘
2329,09:34:36,8.53,0.01,50,42650,买盘
2330,09:34:33,8.52,--,107,91164,卖盘
2331,09:34:30,8.52,--,27,23004,卖盘
2332,09:34:27,8.52,--,25,21300,卖盘
2333,09:34:24,8.52,-0.01,51,43452,卖盘
2334,09:34:21,8.53,0.01,95,81035,买盘
2335,09:34:18,8.52,--,49,41748,卖盘
2336,09:34:15,8.52,--,17,14484,卖盘
2337,09:34:12,8.52,--,273,232596,卖盘
2338,09:34:09,8.52,-0.01,21,17892,卖盘
2339,09:34:06,8.53,--,147,125390,买盘
2340,09:34:03,8.53,0.01,26,22178,买盘
2341,09:34:00,8.52,-0.01,16,13632,卖盘
2342,09:33:57,8.53,--,11,9383,买盘
2343,09:33:54,8.53,--,66,56297,卖盘
2344,09:33:51,8.53,--,122,104065,卖盘
2345,09:33:42,8.53,0.01,178,151834,买盘
2346,09:33:39,8.52,--,123,104796,卖盘
2347,09:33:36,8.52,-0.01,80,68160,卖盘
2348,09:33:33,8.53,0.01,22,18766,买盘
2349,09:33:30,8.52,-0.01,11,9372,卖盘
2350,09:33:27,8.53,--,40,34120,买盘
2351,09:33:21,8.53,--,80,68240,买盘
2352,09:33:15,8.53,--,36,30707,买盘
2353,09:33:12,8.53,0.01,30,25589,买盘
2354,09:33:09,8.52,--,76,64752,卖盘
2355,09:33:06,8.52,--,53,45156,卖盘
2356,09:33:03,8.52,--,30,25560,卖盘
2357,09:32:57,8.52,0.01,134,114168,买盘
2358,09:32:54,8.51,-0.01,57,48507,卖盘
2359,09:32:51,8.52,--,52,44304,买盘
2360,09:32:48,8.52,--,9,7668,买盘
2361,09:32:42,8.52,-0.01,22,18744,卖盘
2362,09:32:39,8.53,--,219,186807,买盘
2363,09:32:36,8.53,--,2,1705,买盘
2364,09:32:33,8.53,0.01,440,375320,买盘
2365,09:32:30,8.52,--,11,9372,卖盘
2366,09:32:21,8.52,--,5,4260,卖盘
2367,09:32:18,8.52,--,357,304164,买盘
2368,09:32:15,8.52,0.01,19,16188,买盘
2369,09:32:12,8.51,--,38,32338,卖盘
2370,09:32:09,8.51,-0.01,20,17020,中性盘
2371,09:32:03,8.52,0.01,287,244524,买盘
2372,09:32:00,8.51,0.01,100,85100,买盘
2373,09:31:51,8.5,--,3,2550,卖盘
2374,09:31:45,8.5,--,113,96050,买盘
2375,09:31:42,8.5,0.01,6,5100,买盘
2376,09:31:39,8.49,-0.01,28,23772,卖盘
2377,09:31:33,8.5,--,50,42500,买盘
2378,09:31:30,8.5,0.01,20,17000,买盘
2379,09:31:27,8.49,--,30,25470,卖盘
2380,09:31:21,8.49,--,20,16980,卖盘
2381,09:31:12,8.49,--,158,134142,买盘
2382,09:31:09,8.49,--,9,7641,买盘
2383,09:31:03,8.49,0.01,10,8490,买盘
2384,09:31:00,8.48,-0.01,29,24592,卖盘
2385,09:30:54,8.49,0.01,20,16980,买盘
2386,09:30:51,8.48,--,145,122960,买盘
2387,09:30:48,8.48,--,25,21200,卖盘
2388,09:30:45,8.48,--,126,106848,卖盘
2389,09:30:42,8.48,--,9,7632,卖盘
2390,09:30:39,8.48,--,24,20352,卖盘
2391,09:30:36,8.48,--,21,17808,卖盘
2392,09:30:30,8.48,--,119,100912,卖盘
2393,09:30:21,8.48,-0.01,16,13568,卖盘
2394,09:30:18,8.49,0.01,510,432990,买盘
2395,09:30:15,8.48,-0.01,107,90736,卖盘
2396,09:30:12,8.49,--,222,188478,买盘
2397,09:30:06,8.49,--,463,393087,中性盘
2398,09:30:03,8.49,-0.01,342,290358,卖盘
2399,09:25:15,8.5,--,0,0,买盘
2400,09:25:03,8.5,8.5,1455,1236750,买盘
