,time,price,change,volume,amount,type
0,15:00:23,38.43,0.01,531,2040633,卖盘
1,14:57:35,38.42,--,0,0,买盘
2,14:57:02,38.42,-0.01,5,19210,卖盘
3,14:56:59,38.43,--,1,3843,买盘
4,14:56:56,38.43,0.01,1,3843,买盘
5,14:56:53,38.42,-0.01,6,23052,卖盘
6,14:56:44,38.43,-0.01,13,49959,卖盘
7,14:56:35,38.44,--,12,46128,买盘
8,14:56:32,38.44,0.01,18,69192,买盘
9,14:56:26,38.43,--,3,11529,买盘
10,14:56:23,38.43,-0.01,43,165249,卖盘
11,14:56:17,38.44,0.01,4,15376,买盘
12,14:56:14,38.43,-0.01,2,7686,卖盘
13,14:56:11,38.44,--,34,130695,买盘
14,14:56:08,38.44,0.01,13,49972,买盘
15,14:56:02,38.43,--,11,42273,卖盘
16,14:55:59,38.43,--,3,11529,卖盘
17,14:55:56,38.43,--,1,3843,买盘
18,14:55:50,38.43,0.01,9,34587,买盘
19,14:55:47,38.42,-0.01,3,11526,卖盘
20,14:55:44,38.43,--,221,849303,卖盘
21,14:55:41,38.43,-0.01,13,49959,中性盘
22,14:55:38,38.44,--,2,7688,买盘
23,14:55:32,38.44,0.02,20,76880,买盘
24,14:55:29,38.42,-0.02,50,192100,卖盘
25,14:55:23,38.44,0.02,31,119164,买盘
26,14:55:14,38.42,-0.02,1,3842,卖盘
27,14:55:08,38.44,--,5,19220,买盘
28,14:55:05,38.44,--,3,11532,买盘
29,14:54:59,38.44,--,15,57660,卖盘
30,14:54:56,38.44,--,2,7688,卖盘
31,14:54:53,38.44,--,5,19220,买盘
32,14:54:47,38.44,--,3,11532,买盘
33,14:54:44,38.44,--,11,42284,买盘
34,14:54:41,38.44,0.02,3,11532,买盘
35,14:54:38,38.42,--,1,3842,卖盘
36,14:54:32,38.42,--,125,480250,卖盘
37,14:54:29,38.42,-0.07,4,15368,卖盘
38,14:54:26,38.49,0.07,200,769800,买盘
39,14:54:23,38.42,--,9,34578,卖盘
40,14:54:20,38.42,-0.02,5,19210,卖盘
41,14:54:17,38.44,--,12,46128,买盘
42,14:54:14,38.44,0.02,1,3844,买盘
43,14:54:08,38.42,--,2,7684,卖盘
44,14:53:56,38.42,--,30,115260,卖盘
45,14:53:47,38.42,--,3,11526,卖盘
46,14:53:35,38.42,--,5,19210,卖盘
47,14:53:29,38.42,-0.02,42,161364,卖盘
48,14:53:23,38.44,0.02,5,19220,中性盘
49,14:53:17,38.42,-0.02,34,130628,卖盘
50,14:53:14,38.44,0.01,30,115320,买盘
51,14:52:59,38.43,--,4,15372,买盘
52,14:52:50,38.43,--,27,103761,买盘
53,14:52:44,38.43,-0.01,5,19215,卖盘
54,14:52:38,38.44,--,7,26908,买盘
55,14:52:35,38.44,0.01,5,19220,买盘
56,14:52:29,38.43,--,104,399672,卖盘
57,14:52:23,38.43,-0.01,3,11529,卖盘
58,14:52:20,38.44,0.01,17,65347,买盘
59,14:52:02,38.43,0.01,2,7686,买盘
60,14:51:56,38.42,--,9,34578,卖盘
61,14:51:50,38.42,-0.01,17,65314,卖盘
62,14:51:41,38.43,0.01,77,295911,买盘
63,14:51:35,38.42,--,4,15368,卖盘
64,14:51:32,38.42,--,10,38420,卖盘
65,14:51:29,38.42,-0.01,8,30736,卖盘
66,14:51:14,38.43,--,11,42273,买盘
67,14:51:05,38.43,--,15,57645,买盘
68,14:51:02,38.43,--,1,3843,买盘
69,14:50:59,38.43,--,24,92232,买盘
70,14:50:56,38.43,--,46,176778,买盘
71,14:50:47,38.43,--,2,7686,买盘
72,14:50:44,38.43,--,136,522648,卖盘
73,14:50:41,38.43,-0.01,12,46116,卖盘
74,14:50:32,38.44,0.01,27,103788,买盘
75,14:50:29,38.43,-0.01,23,88389,卖盘
76,14:50:26,38.44,--,2,7688,买盘
77,14:50:23,38.44,0.01,32,123008,买盘
78,14:50:20,38.43,--,10,38430,卖盘
79,14:50:16,38.43,--,10,38430,卖盘
80,14:50:04,38.43,--,18,69174,买盘
81,14:49:49,38.43,--,12,46116,卖盘
82,14:49:46,38.43,-0.01,7,26901,卖盘
83,14:49:34,38.44,0.01,1,3844,买盘
84,14:49:28,38.43,--,1,3843,卖盘
85,14:49:25,38.43,--,44,169092,买盘
86,14:49:19,38.43,-0.01,9,34587,卖盘
87,14:49:16,38.44,--,21,80724,买盘
88,14:49:13,38.44,--,2,7688,买盘
89,14:49:10,38.44,--,76,292144,买盘
90,14:49:07,38.44,--,12,46128,买盘
91,14:49:04,38.44,0.01,1,3844,买盘
92,14:48:58,38.43,-0.01,28,107604,卖盘
93,14:48:52,38.44,--,78,299832,买盘
94,14:48:46,38.44,--,0,422,卖盘
95,14:48:43,38.44,--,1,3844,卖盘
96,14:48:34,38.44,--,11,42284,卖盘
97,14:48:31,38.44,0.01,9,38017,买盘
98,14:48:25,38.43,-0.01,474,1821582,卖盘
99,14:48:22,38.44,--,2,7688,买盘
100,14:48:19,38.44,--,22,84568,买盘
101,14:48:07,38.44,0.01,12,46128,买盘
102,14:48:04,38.43,-0.01,24,92232,卖盘
103,14:48:01,38.44,--,95,365180,买盘
104,14:47:55,38.44,--,3,11532,买盘
105,14:47:52,38.44,--,81,311364,买盘
106,14:47:49,38.44,--,38,146072,买盘
107,14:47:43,38.44,--,4,15376,买盘
108,14:47:40,38.44,--,1,3844,买盘
109,14:47:37,38.44,-0.04,31,119164,卖盘
110,14:47:25,38.48,0.01,12,46175,买盘
111,14:47:19,38.47,-0.01,2,7694,卖盘
112,14:47:16,38.48,0.01,1,3847,买盘
113,14:47:13,38.47,0.02,10,38470,买盘
114,14:47:07,38.45,-0.03,1,3845,卖盘
115,14:46:58,38.48,--,13,50023,买盘
116,14:46:55,38.48,--,3,11543,买盘
117,14:46:52,38.48,--,30,115439,买盘
118,14:46:46,38.48,--,50,192399,买盘
119,14:46:37,38.48,--,29,111591,买盘
120,14:46:31,38.48,--,5,19240,买盘
121,14:46:22,38.48,--,1,3847,买盘
122,14:46:04,38.48,--,1,3847,买盘
123,14:46:01,38.48,0.03,36,138528,买盘
124,14:45:58,38.45,-0.04,15,57675,卖盘
125,14:45:34,38.49,0.07,5,19245,买盘
126,14:45:28,38.42,-0.05,100,384200,卖盘
127,14:45:25,38.47,-0.02,4,15388,中性盘
128,14:45:19,38.49,0.04,3,11547,买盘
129,14:45:16,38.45,-0.02,40,153800,卖盘
130,14:45:13,38.47,--,5,19235,买盘
131,14:45:07,38.47,--,5,19235,买盘
132,14:45:04,38.47,0.01,2,7694,买盘
133,14:44:58,38.46,--,3,15230,卖盘
134,14:44:49,38.46,0.04,48,184608,买盘
135,14:44:43,38.42,-0.03,41,157522,卖盘
136,14:44:40,38.45,0.03,58,223010,买盘
137,14:44:37,38.42,--,8,30736,卖盘
138,14:44:34,38.42,-0.03,5,19210,卖盘
139,14:44:31,38.45,0.03,56,215320,中性盘
140,14:44:25,38.42,-0.01,1,3842,卖盘
141,14:44:19,38.43,0.01,1,3843,中性盘
142,14:44:10,38.42,-0.04,50,192100,卖盘
143,14:44:04,38.46,0.04,2,7692,买盘
144,14:44:01,38.42,-0.04,28,107576,卖盘
145,14:43:58,38.46,0.01,1,3846,买盘
146,14:43:46,38.45,0.03,56,215320,买盘
147,14:43:43,38.42,-0.03,27,103734,卖盘
148,14:43:40,38.45,0.03,1,3845,买盘
149,14:43:34,38.42,-0.02,62,238204,卖盘
150,14:43:25,38.44,0.02,6,23064,买盘
151,14:43:22,38.42,--,19,72998,卖盘
152,14:43:19,38.42,--,7,26894,卖盘
153,14:43:10,38.42,-0.02,3,11526,卖盘
154,14:43:07,38.44,0.04,4,15376,中性盘
155,14:43:01,38.4,--,2,7680,卖盘
156,14:42:52,38.4,-0.05,4,15360,卖盘
157,14:42:49,38.45,--,17,65365,买盘
158,14:42:43,38.45,0.05,3,11535,买盘
159,14:42:37,38.4,-0.05,0,1152,卖盘
160,14:42:34,38.45,0.05,37,142265,买盘
161,14:42:31,38.4,-0.05,5,19200,中性盘
162,14:42:19,38.45,0.05,6,23070,买盘
163,14:42:13,38.4,-0.06,347,1332480,卖盘
164,14:42:07,38.46,0.01,9,34614,买盘
165,14:42:01,38.45,--,6,23070,卖盘
166,14:41:52,38.45,--,21,80745,中性盘
167,14:41:49,38.45,0.03,9,34605,买盘
168,14:41:46,38.42,--,15,57630,卖盘
169,14:41:43,38.42,--,11,42262,卖盘
170,14:41:40,38.42,--,1,3842,卖盘
171,14:41:37,38.42,--,8,30736,买盘
172,14:41:34,38.42,--,2,7684,买盘
173,14:41:28,38.42,--,12,46104,买盘
174,14:41:25,38.42,-0.03,8,30736,卖盘
175,14:41:22,38.45,0.03,12,46140,买盘
176,14:41:16,38.42,--,1,3842,卖盘
177,14:41:10,38.42,-0.03,15,57630,卖盘
178,14:41:07,38.45,--,20,76900,买盘
179,14:41:01,38.45,--,6,23070,中性盘
180,14:40:49,38.45,--,1,3845,买盘
181,14:40:46,38.45,--,6,23070,买盘
182,14:40:34,38.45,-0.01,3,11535,买盘
183,14:40:31,38.46,--,1,3846,卖盘
184,14:40:19,38.46,0.06,7,26922,买盘
185,14:40:07,38.4,--,13,49920,卖盘
186,14:40:04,38.4,--,1,3840,卖盘
187,14:39:49,38.4,0.03,87,334080,买盘
188,14:39:46,38.37,-0.03,6,23022,中性盘
189,14:39:43,38.4,--,1,3840,买盘
190,14:39:40,38.4,--,12,46080,买盘
191,14:39:37,38.4,0.05,43,165120,买盘
192,14:39:34,38.35,0.03,11,42185,中性盘
193,14:39:19,38.32,-0.08,5,19160,卖盘
194,14:39:13,38.4,--,2,7680,买盘
195,14:39:10,38.4,0.01,70,268800,买盘
196,14:38:58,38.39,-0.01,9,34551,卖盘
197,14:38:52,38.4,--,23,88320,卖盘
198,14:38:37,38.4,--,10,38400,卖盘
199,14:38:31,38.4,--,11,42240,买盘
200,14:38:25,38.4,--,12,46080,买盘
201,14:38:22,38.4,--,2,7680,买盘
202,14:38:19,38.4,-0.06,48,184320,卖盘
203,14:38:16,38.46,-0.01,40,153840,卖盘
204,14:38:13,38.47,-0.05,4,15388,卖盘
205,14:38:10,38.52,0.03,10,38520,买盘
206,14:37:58,38.49,-0.01,13,50037,中性盘
207,14:37:43,38.5,0.03,12,46200,买盘
208,14:37:37,38.47,-0.03,2,7694,卖盘
209,14:37:31,38.5,-0.04,9,34650,卖盘
210,14:37:22,38.54,--,21,80934,买盘
211,14:37:16,38.54,--,22,84788,卖盘
212,14:37:07,38.54,--,13,50102,卖盘
213,14:37:01,38.54,--,1,3854,卖盘
214,14:36:49,38.54,-0.01,2,7708,卖盘
215,14:36:34,38.55,--,10,38550,买盘
216,14:36:28,38.55,--,11,42405,买盘
217,14:36:25,38.55,--,3,11565,卖盘
218,14:36:19,38.55,--,2,7709,中性盘
219,14:36:13,38.55,--,13,50114,买盘
220,14:36:01,38.55,--,18,69390,卖盘
221,14:35:58,38.55,--,3,11565,卖盘
222,14:35:52,38.55,--,4,15419,卖盘
223,14:35:49,38.55,--,4,15419,买盘
224,14:35:46,38.55,0.03,5,19275,买盘
225,14:35:43,38.52,-0.02,2,7704,卖盘
226,14:35:25,38.54,--,2,7708,卖盘
227,14:35:22,38.54,0.02,12,46248,买盘
228,14:35:16,38.52,--,1,3852,卖盘
229,14:35:10,38.52,--,6,23112,买盘
230,14:34:49,38.52,0.06,7,26964,买盘
231,14:34:43,38.46,-0.08,5,19230,卖盘
232,14:34:40,38.54,--,11,42394,买盘
233,14:34:37,38.54,--,12,46248,买盘
234,14:34:31,38.54,--,5,19270,中性盘
235,14:34:19,38.54,--,12,46248,卖盘
236,14:34:04,38.54,0.02,1,3854,中性盘
237,14:33:58,38.52,-0.02,6,23112,卖盘
238,14:33:55,38.54,0.02,5,19270,买盘
239,14:33:52,38.52,--,4,15408,卖盘
240,14:33:49,38.52,--,9,34668,卖盘
241,14:33:40,38.52,--,4,15408,卖盘
242,14:33:37,38.52,0.01,3,11556,买盘
243,14:33:31,38.51,--,7,26957,卖盘
244,14:33:25,38.51,0.01,1,3851,卖盘
245,14:33:16,38.5,-0.01,4,15400,卖盘
246,14:33:07,38.51,--,1,3851,买盘
247,14:33:04,38.51,--,1,3851,买盘
248,14:33:01,38.51,-0.01,3,11553,买盘
249,14:32:55,38.52,-0.02,4,15408,卖盘
250,14:32:46,38.54,0.02,73,281342,买盘
251,14:32:43,38.52,0.01,5,19260,买盘
252,14:32:34,38.51,0.01,4,15404,买盘
253,14:32:31,38.5,--,1,3850,卖盘
254,14:32:28,38.5,-0.01,2,7700,卖盘
255,14:32:22,38.51,0.03,115,445021,买盘
256,14:32:19,38.48,-0.02,7,26935,卖盘
257,14:32:16,38.5,--,2,7700,买盘
258,14:32:04,38.5,--,140,539000,买盘
259,14:31:55,38.5,0.02,60,231000,买盘
260,14:31:49,38.48,--,2,7695,买盘
261,14:31:40,38.48,0.01,12,46175,买盘
262,14:31:37,38.47,--,6,23082,买盘
263,14:31:34,38.47,--,12,46817,卖盘
264,14:31:07,38.47,--,2,7694,卖盘
265,14:31:04,38.47,--,3,14734,买盘
266,14:30:52,38.47,--,8,30776,买盘
267,14:30:40,38.47,0.01,12,46164,买盘
268,14:30:25,38.46,0.06,1,3846,中性盘
269,14:30:22,38.4,--,45,172800,卖盘
270,14:30:16,38.4,-0.02,15,57600,卖盘
271,14:30:06,38.42,0.02,3,11526,买盘
272,14:30:03,38.4,--,31,119040,卖盘
273,14:29:42,38.4,--,5,19200,卖盘
274,14:29:36,38.4,--,19,75225,买盘
275,14:29:15,38.4,--,3,11520,买盘
276,14:29:09,38.4,-0.06,83,320294,卖盘
277,14:29:06,38.46,0.04,12,46152,买盘
278,14:29:00,38.42,0.01,14,53788,中性盘
279,14:28:51,38.41,-0.05,10,38410,卖盘
280,14:28:36,38.46,0.05,54,207684,买盘
281,14:28:30,38.41,-0.04,1,3840,卖盘
282,14:28:27,38.45,--,1,3845,买盘
283,14:28:24,38.45,--,5,19225,买盘
284,14:28:15,38.45,--,1,3845,买盘
285,14:28:09,38.45,0.04,2,7690,买盘
286,14:27:57,38.41,-0.04,1,3840,卖盘
287,14:27:54,38.45,0.04,1,3845,买盘
288,14:27:51,38.41,--,1,3840,卖盘
289,14:27:45,38.41,--,4,15363,卖盘
290,14:27:27,38.41,--,1,3840,卖盘
291,14:27:24,38.41,0.01,2,7681,买盘
292,14:27:18,38.4,-0.01,1,3840,卖盘
293,14:27:12,38.41,--,10,38410,买盘
294,14:27:00,38.41,0.01,12,46091,买盘
295,14:26:54,38.4,--,10,38400,卖盘
296,14:26:39,38.4,--,1,3840,卖盘
297,14:26:36,38.4,--,5,19200,卖盘
298,14:26:33,38.4,--,1,3840,卖盘
299,14:26:30,38.4,-0.06,5,19200,卖盘
300,14:26:21,38.46,0.06,51,196146,买盘
301,14:26:18,38.4,-0.01,7,26880,卖盘
302,14:26:15,38.41,--,1,6107,买盘
303,14:26:12,38.41,--,15,57614,买盘
304,14:25:57,38.41,0.02,3,11522,买盘
305,14:25:54,38.39,--,11,42229,买盘
306,14:25:51,38.39,-0.02,4,15356,卖盘
307,14:25:48,38.41,--,13,49932,买盘
308,14:25:42,38.41,--,12,46091,买盘
309,14:25:21,38.41,--,3,11522,买盘
310,14:25:15,38.41,0.05,17,65296,买盘
311,14:25:12,38.36,-0.02,1,3836,买盘
312,14:25:06,38.38,--,1,3838,买盘
313,14:24:48,38.38,-0.02,12,46056,中性盘
314,14:24:45,38.4,0.02,41,157440,买盘
315,14:24:42,38.38,--,27,103626,卖盘
316,14:24:33,38.38,--,2,7676,卖盘
317,14:24:12,38.38,-0.02,19,72922,买盘
318,14:24:09,38.4,0.02,1,3840,卖盘
319,14:24:06,38.38,-0.03,1,3838,卖盘
320,14:24:00,38.41,0.01,1,3840,买盘
321,14:23:51,38.4,--,6,23040,买盘
322,14:23:42,38.4,--,8,30720,卖盘
323,14:23:36,38.4,--,70,268800,买盘
324,14:23:33,38.4,--,3,11520,买盘
325,14:23:30,38.4,--,3,11520,卖盘
326,14:23:24,38.4,-0.01,19,72960,卖盘
327,14:23:21,38.41,--,82,314962,买盘
328,14:23:18,38.41,0.01,6,23045,买盘
329,14:23:12,38.4,-0.01,13,49920,卖盘
330,14:23:09,38.41,0.01,1,3840,买盘
331,14:23:06,38.4,--,1,3840,卖盘
332,14:23:00,38.4,-0.02,5,19200,卖盘
333,14:22:57,38.42,-0.03,30,116796,卖盘
334,14:22:54,38.45,0.03,5,19225,买盘
335,14:22:48,38.42,0.01,15,57630,卖盘
336,14:22:45,38.41,--,3,13827,买盘
337,14:22:39,38.41,-0.05,13,51469,卖盘
338,14:22:18,38.46,0.05,3,11538,买盘
339,14:22:12,38.41,--,4,15363,卖盘
340,14:22:06,38.41,-0.05,10,38410,卖盘
341,14:21:39,38.46,--,15,57690,卖盘
342,14:21:27,38.46,--,22,84612,买盘
343,14:21:24,38.46,0.05,23,88458,买盘
344,14:21:12,38.41,--,3,13827,买盘
345,14:21:09,38.41,--,1,3840,买盘
346,14:21:06,38.41,0.01,1,3840,买盘
347,14:21:03,38.4,-0.01,1,3840,卖盘
348,14:21:00,38.41,--,5,20741,卖盘
349,14:20:51,38.41,--,1,3840,卖盘
350,14:20:48,38.41,--,16,61455,卖盘
351,14:20:42,38.41,-0.04,0,1920,卖盘
352,14:20:15,38.45,--,72,276840,买盘
353,14:20:09,38.45,-0.03,113,434485,卖盘
354,14:20:06,38.48,--,16,61567,买盘
355,14:20:00,38.48,0.01,1,3847,买盘
356,14:19:54,38.47,--,1,3847,卖盘
357,14:19:45,38.47,0.02,22,84634,买盘
358,14:19:39,38.45,-0.02,9,34605,卖盘
359,14:19:36,38.47,0.02,1,3847,买盘
360,14:19:33,38.45,--,5,19225,卖盘
361,14:19:27,38.45,--,4,15380,卖盘
362,14:19:21,38.45,-0.02,10,38450,卖盘
363,14:19:18,38.47,--,1,3847,买盘
364,14:19:15,38.47,0.06,12,46164,买盘
365,14:19:06,38.41,-0.05,51,195890,卖盘
366,14:18:48,38.46,0.03,12,46536,买盘
367,14:18:45,38.43,-0.02,1,3843,卖盘
368,14:18:42,38.45,-0.01,2,7690,中性盘
369,14:18:24,38.46,--,3,11538,买盘
370,14:18:21,38.46,--,11,42306,买盘
371,14:18:15,38.46,--,1,3846,买盘
372,14:18:15,38.46,--,2,7692,买盘
373,14:17:54,38.46,--,32,123072,买盘
374,14:17:45,38.46,--,3,11538,买盘
375,14:17:42,38.46,--,1,3846,买盘
376,14:17:33,38.46,--,12,46152,买盘
377,14:17:27,38.46,--,3,11538,买盘
378,14:17:24,38.46,--,5,19230,买盘
379,14:17:06,38.46,--,1,3846,买盘
380,14:17:00,38.46,0.01,0,3461,卖盘
381,14:16:51,38.45,--,14,54214,买盘
382,14:16:48,38.45,-0.01,30,115350,卖盘
383,14:16:45,38.46,--,10,38460,卖盘
384,14:16:39,38.46,-0.01,3,11538,卖盘
385,14:16:36,38.47,-0.01,10,38470,中性盘
386,14:16:21,38.48,--,14,53871,买盘
387,14:16:03,38.48,--,1,3847,买盘
388,14:16:00,38.48,--,9,34632,卖盘
389,14:15:48,38.48,--,17,65415,卖盘
390,14:15:36,38.48,-0.02,3,11543,卖盘
391,14:15:33,38.5,--,1,3850,买盘
392,14:15:27,38.5,0.01,12,46200,买盘
393,14:15:24,38.49,-0.01,10,38490,中性盘
394,14:15:12,38.5,--,1,3850,买盘
395,14:15:09,38.5,0.01,18,69300,买盘
396,14:15:06,38.49,--,15,57735,卖盘
397,14:15:03,38.49,-0.01,10,38490,卖盘
398,14:15:00,38.5,--,5,19250,买盘
399,14:14:54,38.5,--,1,3850,买盘
400,14:14:45,38.5,--,36,138600,买盘
401,14:14:39,38.5,--,66,254100,买盘
402,14:14:36,38.5,--,3,11550,买盘
403,14:14:33,38.5,--,2,7700,买盘
404,14:14:27,38.5,--,1,3850,买盘
405,14:14:24,38.5,0.01,36,138600,买盘
406,14:14:09,38.49,--,13,50037,卖盘
407,14:14:06,38.49,-0.01,2,7698,卖盘
408,14:14:03,38.5,0.01,2,7700,买盘
409,14:13:57,38.49,0.01,9,34641,买盘
410,14:13:54,38.48,--,1,3847,卖盘
411,14:13:42,38.48,--,11,42328,卖盘
412,14:13:39,38.48,--,20,76960,买盘
413,14:13:21,38.48,0.01,15,57719,买盘
414,14:13:18,38.47,--,3,11541,卖盘
415,14:13:15,38.47,-0.01,9,34623,卖盘
416,14:13:12,38.48,--,1,3847,买盘
417,14:13:06,38.48,0.03,5,19240,买盘
418,14:12:57,38.45,-0.01,2,7690,卖盘
419,14:12:48,38.46,-0.02,6,23076,中性盘
420,14:12:39,38.48,0.02,10,38480,买盘
421,14:12:33,38.46,-0.02,1,3846,卖盘
422,14:12:30,38.48,0.02,1,3847,买盘
423,14:12:24,38.46,-0.02,3,11538,卖盘
424,14:12:21,38.48,0.03,7,26935,买盘
425,14:12:15,38.45,--,4,15380,卖盘
426,14:12:12,38.45,-0.01,20,76900,卖盘
427,14:12:09,38.46,--,11,42306,卖盘
428,14:12:06,38.46,--,5,19230,买盘
429,14:12:00,38.46,--,54,207684,买盘
430,14:11:57,38.46,0.01,10,38460,买盘
431,14:11:54,38.45,-0.01,2,7690,卖盘
432,14:11:51,38.46,-0.02,1,3846,买盘
433,14:11:45,38.48,-0.02,2,7695,卖盘
434,14:11:39,38.5,0.01,84,323400,买盘
435,14:11:33,38.49,--,5,19245,买盘
436,14:11:30,38.49,--,1,3849,买盘
437,14:11:24,38.49,0.04,58,223242,买盘
438,14:11:12,38.45,-0.03,8,30760,卖盘
439,14:11:03,38.48,0.02,81,311688,买盘
440,14:10:57,38.46,--,20,76920,买盘
441,14:10:53,38.46,--,65,249990,买盘
442,14:10:47,38.46,--,7,26922,买盘
443,14:10:41,38.46,-0.02,12,46152,卖盘
444,14:10:32,38.48,0.01,14,53871,买盘
445,14:10:26,38.47,--,2,7694,卖盘
446,14:10:23,38.47,--,1,3847,卖盘
447,14:10:17,38.47,0.01,6,23082,买盘
448,14:10:08,38.46,--,2,7692,卖盘
449,14:10:02,38.46,-0.01,1,3846,卖盘
450,14:09:59,38.47,0.01,6,23082,买盘
451,14:09:50,38.46,--,8,30768,卖盘
452,14:09:47,38.46,--,23,88458,买盘
453,14:09:38,38.46,0.01,15,57690,买盘
454,14:09:35,38.45,--,12,46140,买盘
455,14:09:32,38.45,--,1,3845,买盘
456,14:09:23,38.45,--,1,3845,买盘
457,14:09:17,38.45,--,1,3845,买盘
458,14:09:14,38.45,--,1,3845,买盘
459,14:08:53,38.45,--,1,3845,中性盘
460,14:08:38,38.45,-0.01,2,7690,中性盘
461,14:08:35,38.46,0.01,7,26922,买盘
462,14:08:29,38.45,--,3,11535,卖盘
463,14:08:26,38.45,--,5,19225,卖盘
464,14:08:11,38.45,-0.01,5,19225,卖盘
465,14:08:08,38.46,0.01,3,11538,买盘
466,14:08:02,38.45,--,20,76900,卖盘
467,14:07:56,38.45,--,27,103815,卖盘
468,14:07:53,38.45,0.01,18,69210,买盘
469,14:07:50,38.44,-0.01,7,26908,卖盘
470,14:07:38,38.45,-0.01,3,11535,卖盘
471,14:07:35,38.46,0.02,5,19230,买盘
472,14:07:32,38.44,-0.01,38,146072,卖盘
473,14:07:29,38.45,--,5,19225,卖盘
474,14:07:20,38.45,--,28,107660,买盘
475,14:07:17,38.45,--,10,38450,买盘
476,14:07:14,38.45,--,1,3845,买盘
477,14:07:11,38.45,--,2,7690,买盘
478,14:07:08,38.45,--,1,3845,买盘
479,14:07:05,38.45,--,3,11535,买盘
480,14:07:02,38.45,--,1,3845,买盘
481,14:06:59,38.45,--,5,19225,买盘
482,14:06:53,38.45,-0.01,3,11535,卖盘
483,14:06:47,38.46,0.01,8,30768,买盘
484,14:06:44,38.45,--,10,38450,买盘
485,14:06:41,38.45,--,14,53830,买盘
486,14:06:35,38.45,--,12,46140,买盘
487,14:06:32,38.45,-0.01,15,57675,卖盘
488,14:06:29,38.46,0.01,1,3846,买盘
489,14:06:23,38.45,0.04,1,3845,卖盘
490,14:06:20,38.41,-0.04,7,26886,卖盘
491,14:06:14,38.45,0.05,19,73055,买盘
492,14:06:02,38.4,-0.01,56,215040,卖盘
493,14:05:47,38.41,0.01,1,3840,买盘
494,14:05:38,38.4,--,49,188160,买盘
495,14:05:23,38.4,0.03,13,49920,买盘
496,14:05:14,38.37,--,7,26859,买盘
497,14:05:11,38.37,--,2,7673,买盘
498,14:05:02,38.37,0.02,13,49881,买盘
499,14:04:56,38.35,-0.01,10,38350,卖盘
500,14:04:50,38.36,0.01,14,55583,买盘
501,14:04:47,38.35,--,2,7670,卖盘
502,14:04:44,38.35,--,2,7670,卖盘
503,14:04:26,38.35,--,3,11505,买盘
504,14:04:14,38.35,--,13,49855,买盘
505,14:04:05,38.35,--,2,7670,买盘
506,14:03:59,38.35,-0.01,4,15340,卖盘
507,14:03:56,38.36,--,6,23016,买盘
508,14:03:47,38.36,--,3,11508,买盘
509,14:03:38,38.36,--,1,5792,卖盘
510,14:03:35,38.36,-0.01,166,638655,卖盘
511,14:03:32,38.37,--,7,26859,买盘
512,14:03:29,38.37,0.01,1,3836,买盘
513,14:03:23,38.36,--,20,76720,卖盘
514,14:03:17,38.36,--,2,7672,卖盘
515,14:03:14,38.36,0.01,20,76720,买盘
516,14:03:11,38.35,-0.01,6,23010,卖盘
517,14:03:08,38.36,0.01,4,15344,买盘
518,14:02:59,38.35,--,1,3835,卖盘
519,14:02:56,38.35,--,11,42185,卖盘
520,14:02:53,38.35,--,1,3835,卖盘
521,14:02:50,38.35,-0.01,15,57525,卖盘
522,14:02:47,38.36,0.01,2,7672,买盘
523,14:02:44,38.35,--,12,46020,卖盘
524,14:02:41,38.35,--,1,3835,卖盘
525,14:02:35,38.35,-0.01,69,264615,卖盘
526,14:02:29,38.36,0.01,3,11508,买盘
527,14:02:20,38.35,0.04,47,180245,买盘
528,14:02:17,38.31,--,1,3831,卖盘
529,14:02:14,38.31,--,6,22986,卖盘
530,14:02:02,38.31,--,3,11493,卖盘
531,14:01:59,38.31,--,11,42141,买盘
532,14:01:44,38.31,--,5,19155,卖盘
533,14:01:35,38.31,-0.05,103,394593,卖盘
534,14:01:29,38.36,--,7,26852,买盘
535,14:01:23,38.36,--,65,249340,买盘
536,14:01:20,38.36,--,75,287700,买盘
537,14:01:17,38.36,0.01,18,69048,买盘
538,14:01:14,38.35,-0.01,3,11505,卖盘
539,14:01:08,38.36,--,7,26852,买盘
540,14:01:05,38.36,0.01,2,7672,买盘
541,14:01:02,38.35,-0.01,8,30680,卖盘
542,14:00:56,38.36,0.01,25,95900,买盘
543,14:00:53,38.35,--,12,46020,卖盘
544,14:00:50,38.35,-0.01,6,23010,卖盘
545,14:00:41,38.36,--,5,19180,买盘
546,14:00:38,38.36,0.06,19,72884,买盘
547,14:00:35,38.3,-0.06,10,38300,卖盘
548,14:00:26,38.36,0.01,16,61376,买盘
549,14:00:20,38.35,0.05,14,53690,买盘
550,14:00:17,38.3,-0.05,5,19150,中性盘
551,14:00:14,38.35,0.05,59,226265,买盘
552,14:00:08,38.3,--,0,1761,卖盘
553,14:00:02,38.3,0.03,336,1288756,买盘
554,13:59:59,38.27,0.01,9,34443,买盘
555,13:59:56,38.26,--,1,3826,卖盘
556,13:59:47,38.26,0.02,5,19130,买盘
557,13:59:41,38.24,--,1,3824,买盘
558,13:59:35,38.24,0.07,1,3824,中性盘
559,13:59:26,38.17,-0.1,49,187033,卖盘
560,13:59:23,38.27,--,43,164561,买盘
561,13:59:14,38.27,0.02,10,38270,买盘
562,13:59:11,38.25,0.01,2,7650,买盘
563,13:59:05,38.24,--,3,11472,卖盘
564,13:59:02,38.24,--,2,7648,卖盘
565,13:58:59,38.24,--,1,3824,卖盘
566,13:58:56,38.24,-0.01,4,15296,卖盘
567,13:58:50,38.25,--,1,3825,买盘
568,13:58:47,38.25,0.01,3,11475,买盘
569,13:58:44,38.24,--,20,76480,买盘
570,13:58:41,38.24,--,1,3824,买盘
571,13:58:38,38.24,--,10,38240,买盘
572,13:58:23,38.24,--,1,3824,买盘
573,13:58:17,38.24,--,6,22944,买盘
574,13:58:05,38.24,0.09,84,321216,买盘
575,13:58:02,38.15,-0.05,21,80115,卖盘
576,13:57:56,38.2,0.05,225,859500,买盘
577,13:57:41,38.15,--,2,7630,买盘
578,13:57:38,38.15,0.01,7,26705,买盘
579,13:57:35,38.14,--,2,7628,卖盘
580,13:57:29,38.14,0.01,7,26698,买盘
581,13:57:26,38.13,-0.01,2,7626,卖盘
582,13:57:23,38.14,0.01,1,3814,买盘
583,13:57:05,38.13,--,9,34317,买盘
584,13:56:56,38.13,0.03,11,41943,买盘
585,13:56:50,38.1,--,8,30480,买盘
586,13:56:47,38.1,--,2,7620,买盘
587,13:56:44,38.1,--,3,11430,买盘
588,13:56:41,38.1,--,8,30480,卖盘
589,13:56:26,38.1,--,1,3810,卖盘
590,13:56:20,38.1,0.02,156,594360,买盘
591,13:56:17,38.08,--,2,7616,卖盘
592,13:56:14,38.08,--,37,144665,买盘
593,13:56:08,38.08,0.01,5,19040,买盘
594,13:55:53,38.07,-0.01,1,3807,卖盘
595,13:55:50,38.08,--,1,3808,买盘
596,13:55:44,38.08,0.01,1,3808,买盘
597,13:55:35,38.07,-0.01,30,114210,中性盘
598,13:55:29,38.08,0.01,107,407456,买盘
599,13:55:20,38.07,0.04,3,11421,买盘
600,13:55:17,38.03,-0.05,85,323255,卖盘
601,13:55:08,38.08,0.01,65,247520,买盘
602,13:54:56,38.07,0.04,53,201771,买盘
603,13:54:47,38.03,--,50,190150,卖盘
604,13:54:44,38.03,0.01,10,38030,卖盘
605,13:54:38,38.02,0.01,127,482854,买盘
606,13:54:35,38.01,--,8,30408,买盘
607,13:54:32,38.01,--,11,41811,买盘
608,13:54:29,38.01,--,5,19005,买盘
609,13:54:26,38.01,--,59,224259,卖盘
610,13:54:20,38.01,-0.01,7,26607,卖盘
611,13:54:17,38.02,0.01,3,11406,卖盘
612,13:54:11,38.01,0.01,4,15204,买盘
613,13:54:08,38.0,-0.01,120,456000,卖盘
614,13:54:02,38.01,0.01,40,152040,买盘
615,13:53:50,38.0,--,100,380000,卖盘
616,13:53:47,38.0,-0.01,50,190000,卖盘
617,13:53:41,38.01,--,64,243264,买盘
618,13:53:35,38.01,--,3,11403,买盘
619,13:53:32,38.01,--,51,193851,买盘
620,13:53:26,38.01,--,55,209055,卖盘
621,13:53:14,38.01,--,50,190050,卖盘
622,13:53:11,38.01,--,13,49413,卖盘
623,13:53:08,38.01,-0.07,100,380100,卖盘
624,13:53:02,38.08,0.07,30,114240,买盘
625,13:52:59,38.01,--,1,3801,卖盘
626,13:52:56,38.01,0.01,13,49413,买盘
627,13:52:50,38.0,--,205,779000,卖盘
628,13:52:41,38.0,-0.01,31,117800,卖盘
629,13:52:32,38.01,--,39,148239,卖盘
630,13:52:20,38.01,--,25,95025,买盘
631,13:52:17,38.01,--,2,7602,买盘
632,13:52:14,38.01,--,10,38010,买盘
633,13:52:11,38.01,--,13,49413,卖盘
634,13:52:02,38.01,--,20,76020,卖盘
635,13:51:56,38.01,--,10,38010,卖盘
636,13:51:53,38.01,--,5,19005,卖盘
637,13:51:50,38.01,-0.07,30,114030,卖盘
638,13:51:44,38.08,0.07,21,79968,买盘
639,13:51:41,38.01,0.01,2,7602,买盘
640,13:51:38,38.0,-0.01,42,159600,卖盘
641,13:51:31,38.01,0.01,8,30408,买盘
642,13:51:25,38.0,-0.01,100,380000,卖盘
643,13:51:16,38.01,-0.07,3,11403,卖盘
644,13:51:13,38.08,0.08,1,3808,中性盘
645,13:51:01,38.0,--,50,190000,卖盘
646,13:50:58,38.0,--,72,273600,买盘
647,13:50:55,38.0,-0.08,28,106400,卖盘
648,13:50:46,38.08,--,10,38080,买盘
649,13:50:40,38.08,0.08,4,15232,买盘
650,13:50:37,38.0,--,2,7600,卖盘
651,13:50:28,38.0,--,34,129200,买盘
652,13:50:19,38.0,--,10,38000,买盘
653,13:50:16,38.0,--,65,247000,卖盘
654,13:50:04,38.0,-0.08,1,3800,卖盘
655,13:50:01,38.08,0.08,29,110432,买盘
656,13:49:55,38.0,-0.01,35,133000,卖盘
657,13:49:49,38.01,--,38,144438,买盘
658,13:49:43,38.01,0.01,8,30408,买盘
659,13:49:40,38.0,--,58,220400,卖盘
660,13:49:37,38.0,--,10,38000,卖盘
661,13:49:34,38.0,-0.01,112,425600,卖盘
662,13:49:31,38.01,0.01,22,83622,买盘
663,13:49:28,38.0,--,2,7600,卖盘
664,13:49:25,38.0,--,1,3800,卖盘
665,13:49:19,38.0,--,5,19000,卖盘
666,13:49:13,38.0,--,1,3800,卖盘
667,13:49:10,38.0,--,23,87400,卖盘
668,13:49:07,38.0,--,60,228000,买盘
669,13:49:04,38.0,--,1,3800,买盘
670,13:49:01,38.0,--,2,7600,买盘
671,13:48:55,38.0,--,87,330600,卖盘
672,13:48:52,38.0,--,5,19000,卖盘
673,13:48:49,38.0,-0.01,30,114000,卖盘
674,13:48:46,38.01,0.01,12,45612,买盘
675,13:48:43,38.0,-0.01,20,76000,卖盘
676,13:48:37,38.01,--,12,45612,卖盘
677,13:48:34,38.01,--,41,155841,卖盘
678,13:48:31,38.01,--,76,288876,买盘
679,13:48:28,38.01,0.01,20,76020,买盘
680,13:48:25,38.0,--,4,15200,卖盘
681,13:48:22,38.0,--,51,193800,卖盘
682,13:48:19,38.0,--,4,15200,买盘
683,13:48:16,38.0,--,38,144400,卖盘
684,13:48:13,38.0,--,5,19000,卖盘
685,13:48:10,38.0,--,3,11400,卖盘
686,13:48:01,38.0,--,175,665000,买盘
687,13:47:55,38.0,--,6,22800,买盘
688,13:47:52,38.0,0.01,56,212800,买盘
689,13:47:49,37.99,-0.01,12,45588,卖盘
690,13:47:46,38.0,0.01,2,7600,买盘
691,13:47:43,37.99,-0.01,12,45588,卖盘
692,13:47:40,38.0,--,31,117800,卖盘
693,13:47:37,38.0,-0.01,12,45600,卖盘
694,13:47:34,38.01,0.01,19,72219,买盘
695,13:47:31,38.0,--,3,11400,卖盘
696,13:47:28,38.0,-0.01,100,380000,卖盘
697,13:47:25,38.01,0.01,54,205254,买盘
698,13:47:19,38.0,-0.01,18,68400,卖盘
699,13:47:16,38.01,0.01,65,247065,买盘
700,13:47:10,38.0,-0.01,4,15200,卖盘
701,13:47:01,38.01,--,45,171045,卖盘
702,13:46:55,38.01,--,3,11403,卖盘
703,13:46:49,38.01,-0.09,5,19005,卖盘
704,13:46:46,38.1,--,29,110490,卖盘
705,13:46:43,38.1,-0.03,4,15240,卖盘
706,13:46:37,38.13,0.03,64,244032,中性盘
707,13:46:34,38.1,-0.04,5,19050,卖盘
708,13:46:28,38.14,--,7,26698,卖盘
709,13:46:25,38.14,--,15,57210,卖盘
710,13:46:22,38.14,--,60,228840,卖盘
711,13:46:19,38.14,--,19,72466,买盘
712,13:46:13,38.14,0.04,4,15256,买盘
713,13:46:10,38.1,--,2,7620,卖盘
714,13:46:07,38.1,-0.05,58,220980,卖盘
715,13:46:01,38.15,0.05,17,64855,买盘
716,13:45:55,38.1,-0.07,50,190500,卖盘
717,13:45:37,38.17,--,11,41987,卖盘
718,13:45:31,38.17,--,2,7634,卖盘
719,13:45:28,38.17,--,4,15268,卖盘
720,13:45:25,38.17,--,30,114510,卖盘
721,13:45:19,38.17,-0.01,23,87791,买盘
722,13:45:04,38.18,0.01,12,45816,买盘
723,13:44:58,38.17,--,35,133595,卖盘
724,13:44:55,38.17,-0.01,7,26719,卖盘
725,13:44:46,38.18,0.01,1,3818,买盘
726,13:44:43,38.17,0.04,38,145046,买盘
727,13:44:40,38.13,-0.05,1,3813,卖盘
728,13:44:28,38.18,--,1,3818,买盘
729,13:44:16,38.18,--,3,11454,买盘
730,13:44:07,38.18,-0.01,30,114540,卖盘
731,13:44:04,38.19,--,58,221502,买盘
732,13:44:01,38.19,--,1,3819,买盘
733,13:43:58,38.19,-0.01,15,57285,卖盘
734,13:43:52,38.2,--,3,11460,买盘
735,13:43:49,38.2,--,24,91680,买盘
736,13:43:43,38.2,0.01,2,7640,买盘
737,13:43:37,38.19,--,1,3819,卖盘
738,13:43:34,38.19,--,1,3819,卖盘
739,13:43:31,38.19,--,12,45828,卖盘
740,13:43:25,38.19,0.01,30,114570,买盘
741,13:43:19,38.18,--,22,83996,卖盘
742,13:43:16,38.18,--,15,57270,买盘
743,13:43:10,38.18,--,9,34362,买盘
744,13:43:04,38.18,--,1,3818,买盘
745,13:43:01,38.18,0.01,7,26726,买盘
746,13:42:52,38.17,0.01,39,148863,买盘
747,13:42:49,38.16,0.06,20,76320,买盘
748,13:42:40,38.1,-0.05,5,19050,卖盘
749,13:42:31,38.15,--,1,3815,卖盘
750,13:42:28,38.15,0.05,74,282310,买盘
751,13:42:10,38.1,--,2,7620,卖盘
752,13:42:04,38.1,0.03,27,102870,买盘
753,13:41:58,38.07,-0.02,27,102789,卖盘
754,13:41:52,38.09,0.03,16,60944,买盘
755,13:41:49,38.06,0.06,1,3806,买盘
756,13:41:40,38.0,-0.06,5,19000,卖盘
757,13:41:37,38.06,0.06,5,19030,买盘
758,13:41:34,38.0,--,10,38000,卖盘
759,13:41:31,38.0,0.01,9,34200,买盘
760,13:41:28,37.99,--,3,11397,卖盘
761,13:41:25,37.99,0.02,10,37990,卖盘
762,13:41:16,37.97,0.02,14,53158,买盘
763,13:41:13,37.95,--,7,26565,买盘
764,13:40:58,37.95,-0.04,129,489555,卖盘
765,13:40:55,37.99,0.02,60,227940,买盘
766,13:40:49,37.97,0.01,1,3797,买盘
767,13:40:46,37.96,-0.01,6,22776,卖盘
768,13:40:43,37.97,0.03,15,56955,买盘
769,13:40:37,37.94,-0.05,23,87262,卖盘
770,13:40:34,37.99,0.04,47,178553,买盘
771,13:40:31,37.95,--,3,11385,卖盘
772,13:40:25,37.95,-0.02,1,3795,卖盘
773,13:40:22,37.97,0.02,1,3797,买盘
774,13:40:16,37.95,--,7,26565,买盘
775,13:40:13,37.95,0.01,2,7590,买盘
776,13:40:10,37.94,--,42,159348,卖盘
777,13:40:04,37.94,--,23,87262,卖盘
778,13:39:37,37.94,-0.01,44,166936,卖盘
779,13:39:34,37.95,--,2,7590,买盘
780,13:39:28,37.95,0.02,3,11385,买盘
781,13:39:25,37.93,--,7,26551,卖盘
782,13:39:22,37.93,-0.02,1,3793,中性盘
783,13:39:19,37.95,0.03,1,3795,买盘
784,13:39:16,37.92,--,6,22752,卖盘
785,13:39:13,37.92,-0.03,10,37920,卖盘
786,13:39:10,37.95,0.04,10,37950,买盘
787,13:39:07,37.91,-0.01,40,151640,卖盘
788,13:39:01,37.92,0.01,10,37920,中性盘
789,13:38:49,37.91,--,13,49282,卖盘
790,13:38:43,37.91,0.01,29,109938,买盘
791,13:38:40,37.9,--,3,11370,卖盘
792,13:38:37,37.9,--,5,18950,卖盘
793,13:38:34,37.9,--,15,56850,卖盘
794,13:38:28,37.9,--,3,11370,卖盘
795,13:38:19,37.9,--,30,113700,卖盘
796,13:38:10,37.9,--,30,113700,卖盘
797,13:38:07,37.9,--,1,3790,卖盘
798,13:38:04,37.9,--,3,11370,卖盘
799,13:38:01,37.9,--,10,37900,卖盘
800,13:37:58,37.9,--,16,60640,卖盘
801,13:37:49,37.9,--,5,18950,卖盘
802,13:37:43,37.9,--,2,7580,卖盘
803,13:37:40,37.9,--,1,3790,卖盘
804,13:37:37,37.9,--,6,22740,卖盘
805,13:37:31,37.9,--,15,56850,卖盘
806,13:37:25,37.9,--,14,53060,卖盘
807,13:37:16,37.9,-0.01,4,15160,卖盘
808,13:37:13,37.91,--,1,3790,卖盘
809,13:37:07,37.91,-0.09,4,15163,卖盘
810,13:36:55,38.0,--,1,3800,买盘
811,13:36:46,38.0,--,148,562400,卖盘
812,13:36:43,38.0,--,130,494000,卖盘
813,13:36:34,38.0,-0.02,51,193800,卖盘
814,13:36:31,38.02,-0.08,1,3802,卖盘
815,13:36:25,38.1,0.04,3,11430,买盘
816,13:36:07,38.06,-0.04,52,197912,卖盘
817,13:35:55,38.1,--,1,3810,卖盘
818,13:35:46,38.1,--,2,7620,卖盘
819,13:35:37,38.1,--,4,15240,卖盘
820,13:35:22,38.1,--,17,64770,买盘
821,13:35:19,38.1,0.01,1,3810,买盘
822,13:35:07,38.09,0.08,34,129506,买盘
823,13:35:04,38.01,0.01,4,15204,中性盘
824,13:34:52,38.0,-0.01,50,190000,卖盘
825,13:34:49,38.01,0.01,13,49413,中性盘
826,13:34:37,38.0,--,5,19000,卖盘
827,13:34:31,38.0,-0.01,54,205200,卖盘
828,13:34:25,38.01,--,1,3801,买盘
829,13:34:22,38.01,0.01,105,399105,买盘
830,13:34:13,38.0,-0.01,100,380000,卖盘
831,13:34:07,38.01,0.01,5,19005,买盘
832,13:34:04,38.0,--,16,60800,卖盘
833,13:34:01,38.0,--,2,7600,卖盘
834,13:33:58,38.0,--,138,524400,买盘
835,13:33:46,38.0,--,16,60800,卖盘
836,13:33:40,38.0,-0.01,2,7600,卖盘
837,13:33:37,38.01,0.01,15,57015,买盘
838,13:33:34,38.0,--,5,19000,卖盘
839,13:33:28,38.0,-0.01,309,1174200,卖盘
840,13:33:25,38.01,--,1,3801,卖盘
841,13:33:22,38.01,-0.01,3,11403,卖盘
842,13:33:16,38.02,0.01,4,15208,买盘
843,13:33:10,38.01,-0.01,1,3801,卖盘
844,13:33:01,38.02,-0.02,7,26614,买盘
845,13:32:55,38.04,-0.01,7,26628,卖盘
846,13:32:46,38.05,-0.05,13,49464,卖盘
847,13:32:40,38.1,--,1,3810,中性盘
848,13:32:34,38.1,-0.07,10,38100,卖盘
849,13:32:22,38.17,--,1,3817,卖盘
850,13:32:19,38.17,--,2,7634,卖盘
851,13:32:16,38.17,--,3,11451,卖盘
852,13:32:13,38.17,-0.03,1,3817,卖盘
853,13:31:51,38.2,-0.04,4,15280,卖盘
854,13:31:48,38.24,--,54,209478,卖盘
855,13:31:42,38.24,--,5,19120,卖盘
856,13:31:39,38.24,--,3,12313,卖盘
857,13:31:36,38.24,--,11,42064,卖盘
858,13:31:33,38.24,-0.01,88,336512,卖盘
859,13:31:30,38.25,0.01,3,11475,买盘
860,13:31:27,38.24,--,23,87952,卖盘
861,13:31:24,38.24,--,14,53536,卖盘
862,13:31:18,38.24,-0.01,45,172080,卖盘
863,13:31:15,38.25,--,1,3825,买盘
864,13:31:12,38.25,--,3,11475,卖盘
865,13:31:09,38.25,--,15,57375,卖盘
866,13:31:06,38.25,0.01,6,22950,买盘
867,13:31:00,38.24,-0.01,14,53536,卖盘
868,13:30:57,38.25,-0.01,5,19125,买盘
869,13:30:54,38.26,--,200,765200,买盘
870,13:30:51,38.26,--,14,53564,买盘
871,13:30:45,38.26,0.01,7,26782,买盘
872,13:30:42,38.25,--,47,179775,卖盘
873,13:30:36,38.25,-0.05,10,38250,卖盘
874,13:30:33,38.3,0.04,312,1194960,买盘
875,13:30:30,38.26,-0.01,4,15304,卖盘
876,13:30:27,38.27,--,1,3827,买盘
877,13:30:24,38.27,0.01,16,61232,买盘
878,13:30:21,38.26,--,13,49738,卖盘
879,13:30:15,38.26,--,49,187474,卖盘
880,13:30:09,38.26,--,50,191300,卖盘
881,13:30:03,38.26,--,6,22956,卖盘
882,13:30:00,38.26,--,1,3826,卖盘
883,13:29:57,38.26,--,7,26782,卖盘
884,13:29:48,38.26,0.01,1,3826,买盘
885,13:29:39,38.25,--,5,19125,卖盘
886,13:29:30,38.25,--,2,7650,卖盘
887,13:29:24,38.25,--,7,26775,买盘
888,13:29:21,38.25,0.04,4,15300,买盘
889,13:29:09,38.21,--,5,19105,卖盘
890,13:29:03,38.21,-0.03,7,26747,卖盘
891,13:29:00,38.24,0.04,5,19120,买盘
892,13:28:57,38.2,0.01,12,45840,卖盘
893,13:28:48,38.19,-0.01,3,11457,买盘
894,13:28:45,38.2,--,68,259760,买盘
895,13:28:42,38.2,--,23,87860,买盘
896,13:28:39,38.2,--,1,3820,买盘
897,13:28:36,38.2,0.03,41,156620,买盘
898,13:28:33,38.17,-0.02,24,91608,卖盘
899,13:28:30,38.19,-0.01,1,3819,卖盘
900,13:28:24,38.2,--,12,45840,买盘
901,13:28:21,38.2,--,1,3820,买盘
902,13:28:18,38.2,0.02,9,34380,买盘
903,13:28:12,38.18,-0.02,6,22908,卖盘
904,13:28:09,38.2,--,2,7640,买盘
905,13:28:06,38.2,0.02,69,263580,买盘
906,13:28:00,38.18,--,2,7636,买盘
907,13:27:54,38.18,0.02,22,83996,买盘
908,13:27:45,38.16,-0.01,5,19080,卖盘
909,13:27:42,38.17,0.01,3,11451,买盘
910,13:27:39,38.16,--,22,84715,买盘
911,13:27:30,38.16,0.01,31,118295,买盘
912,13:27:27,38.15,0.02,18,68670,买盘
913,13:27:21,38.13,--,8,30504,卖盘
914,13:27:15,38.13,-0.01,1,3813,卖盘
915,13:27:09,38.14,0.01,6,22884,买盘
916,13:27:06,38.13,0.01,24,91512,买盘
917,13:27:03,38.12,0.04,91,349407,买盘
918,13:27:00,38.08,-0.03,23,87584,卖盘
919,13:26:57,38.11,-0.01,2,7622,卖盘
920,13:26:48,38.12,--,20,77536,卖盘
921,13:26:45,38.12,--,6,22872,卖盘
922,13:26:42,38.12,-0.01,10,38120,卖盘
923,13:26:39,38.13,0.01,2,7626,买盘
924,13:26:36,38.12,--,21,80052,卖盘
925,13:26:30,38.12,-0.01,45,171540,卖盘
926,13:26:27,38.13,0.01,5,19065,买盘
927,13:26:24,38.12,-0.01,3,11436,卖盘
928,13:26:21,38.13,--,3,11439,买盘
929,13:26:15,38.13,--,5,19065,买盘
930,13:26:12,38.13,--,4,15252,买盘
931,13:26:03,38.13,0.01,1,3813,买盘
932,13:26:00,38.12,0.01,49,189303,买盘
933,13:25:57,38.11,-0.01,31,119436,卖盘
934,13:25:54,38.12,0.01,20,76240,买盘
935,13:25:48,38.11,--,4,17759,买盘
936,13:25:45,38.11,--,3,11433,买盘
937,13:25:42,38.11,0.01,25,96570,买盘
938,13:25:33,38.1,--,2,7620,卖盘
939,13:25:30,38.1,--,7,26670,卖盘
940,13:25:24,38.1,0.02,78,299694,买盘
941,13:25:21,38.08,0.03,2,7616,买盘
942,13:25:18,38.05,--,1,3804,卖盘
943,13:25:15,38.05,--,12,45660,卖盘
944,13:25:06,38.05,--,17,64684,买盘
945,13:25:03,38.05,--,1,3804,买盘
946,13:25:00,38.05,--,11,41855,买盘
947,13:24:51,38.05,--,5,19025,买盘
948,13:24:45,38.05,--,3,11415,买盘
949,13:24:42,38.05,0.05,2,7609,买盘
950,13:24:30,38.0,-0.05,6,22800,卖盘
951,13:24:27,38.05,0.02,4,15219,买盘
952,13:24:24,38.03,--,29,110287,买盘
953,13:24:18,38.03,--,4,15212,买盘
954,13:24:09,38.03,0.07,2,7606,买盘
955,13:24:06,37.96,-0.01,98,375766,卖盘
956,13:24:00,37.97,-0.03,6,22782,卖盘
957,13:23:57,38.0,0.02,415,1577000,买盘
958,13:23:54,37.98,0.01,8,30383,买盘
959,13:23:42,37.97,0.01,11,41767,买盘
960,13:23:33,37.96,0.06,1,3796,中性盘
961,13:23:27,37.9,-0.06,9,34110,卖盘
962,13:23:24,37.96,--,1,3796,卖盘
963,13:23:12,37.96,0.06,25,94900,买盘
964,13:22:57,37.9,-0.08,5,18950,卖盘
965,13:22:51,37.98,0.01,100,379799,买盘
966,13:22:48,37.97,0.01,9,34173,买盘
967,13:22:36,37.96,-0.01,15,56940,中性盘
968,13:22:27,37.97,-0.01,8,30376,中性盘
969,13:22:09,37.98,0.1,1,3797,买盘
970,13:21:57,37.88,-0.1,7,26516,卖盘
971,13:21:48,37.98,0.1,300,1139400,买盘
972,13:21:39,37.88,--,77,291676,买盘
973,13:21:33,37.88,0.01,1,3788,买盘
974,13:21:27,37.87,-0.01,19,71953,卖盘
975,13:21:00,37.88,-0.03,27,102276,卖盘
976,13:20:57,37.91,--,5,18955,卖盘
977,13:20:54,37.91,0.02,11,41700,买盘
978,13:20:42,37.89,0.01,31,117459,买盘
979,13:20:36,37.88,--,5,18940,卖盘
980,13:20:27,37.88,--,2,7576,卖盘
981,13:20:12,37.88,0.01,2,7576,卖盘
982,13:20:09,37.87,-0.01,247,935388,卖盘
983,13:20:00,37.88,0.01,5,18940,买盘
984,13:19:54,37.87,-0.01,2,7573,卖盘
985,13:19:51,37.88,--,8,30304,买盘
986,13:19:42,37.88,--,30,113640,买盘
987,13:19:36,37.88,--,29,109852,买盘
988,13:19:33,37.88,--,5,18940,买盘
989,13:19:30,37.88,--,3,11364,买盘
990,13:19:27,37.88,--,24,90912,买盘
991,13:19:09,37.88,0.01,44,166672,买盘
992,13:19:03,37.87,--,3,11361,买盘
993,13:19:00,37.87,--,8,30295,中性盘
994,13:18:51,37.87,0.01,7,26509,买盘
995,13:18:48,37.86,--,10,37860,买盘
996,13:18:45,37.86,--,5,18930,买盘
997,13:18:39,37.86,--,8,30288,买盘
998,13:18:36,37.86,0.01,20,75720,买盘
999,13:18:27,37.85,0.02,8,30280,买盘
1000,13:18:24,37.83,-0.02,6,22698,中性盘
1001,13:18:18,37.85,0.04,2,7570,买盘
1002,13:18:12,37.81,--,3,11343,卖盘
1003,13:18:06,37.81,--,4,15124,卖盘
1004,13:18:03,37.81,--,4,15124,卖盘
1005,13:17:57,37.81,-0.01,5,18905,卖盘
1006,13:17:54,37.82,0.01,8,30256,买盘
1007,13:17:51,37.81,--,1,3781,卖盘
1008,13:17:39,37.81,0.01,16,60496,买盘
1009,13:17:24,37.8,--,1,3779,卖盘
1010,13:17:21,37.8,0.04,192,725760,买盘
1011,13:17:15,37.76,-0.01,8,30208,卖盘
1012,13:17:06,37.77,--,10,37770,卖盘
1013,13:16:54,37.77,--,1,3777,卖盘
1014,13:16:45,37.77,--,3,11331,买盘
1015,13:16:42,37.77,--,1,3777,买盘
1016,13:16:36,37.77,0.01,1,3777,买盘
1017,13:16:30,37.76,0.01,11,41536,买盘
1018,13:16:27,37.75,0.01,2,7550,卖盘
1019,13:16:21,37.74,--,134,505716,卖盘
1020,13:15:57,37.74,0.03,29,109446,买盘
1021,13:15:51,37.71,-0.02,4,15084,卖盘
1022,13:15:48,37.73,--,1,3772,买盘
1023,13:15:36,37.73,--,6,22637,卖盘
1024,13:15:24,37.73,--,2,7545,卖盘
1025,13:15:21,37.73,-0.02,1,3772,中性盘
1026,13:15:00,37.75,0.04,1,3775,买盘
1027,13:14:57,37.71,--,1,3771,卖盘
1028,13:14:51,37.71,0.01,1,3771,卖盘
1029,13:14:45,37.7,--,2,7540,卖盘
1030,13:14:30,37.7,-0.05,2,7540,卖盘
1031,13:14:24,37.75,--,8,30200,买盘
1032,13:14:15,37.75,0.05,1,3775,买盘
1033,13:14:09,37.7,-0.01,3,11310,卖盘
1034,13:13:48,37.71,-0.04,2,7542,中性盘
1035,13:13:27,37.75,--,320,1208000,买盘
1036,13:13:02,37.75,-0.02,11,41525,卖盘
1037,13:12:56,37.77,--,8,30216,卖盘
1038,13:12:44,37.77,-0.01,1,3777,卖盘
1039,13:12:29,37.78,-0.01,32,120896,卖盘
1040,13:12:23,37.79,-0.01,1,3779,中性盘
1041,13:12:11,37.8,0.02,100,378000,买盘
1042,13:12:05,37.78,-0.01,6,22668,买盘
1043,13:11:59,37.79,--,1,3779,买盘
1044,13:11:56,37.79,0.01,3,11337,买盘
1045,13:11:53,37.78,--,13,49114,卖盘
1046,13:11:50,37.78,--,2,7556,卖盘
1047,13:11:44,37.78,-0.01,1,3778,卖盘
1048,13:11:32,37.79,--,13,49127,买盘
1049,13:11:29,37.79,--,6,22674,买盘
1050,13:11:26,37.79,--,2,7558,买盘
1051,13:11:23,37.79,-0.01,11,41569,卖盘
1052,13:11:20,37.8,--,6,22680,买盘
1053,13:11:17,37.8,--,30,113399,买盘
1054,13:11:11,37.8,--,3,11340,买盘
1055,13:11:08,37.8,0.01,36,136080,买盘
1056,13:10:59,37.79,-0.01,1,3779,卖盘
1057,13:10:50,37.8,0.01,1,3779,买盘
1058,13:10:47,37.79,--,11,41569,卖盘
1059,13:10:44,37.79,--,1,3779,卖盘
1060,13:10:41,37.79,--,5,18895,卖盘
1061,13:10:32,37.79,--,22,83138,买盘
1062,13:10:17,37.79,0.01,6,22674,买盘
1063,13:10:11,37.78,--,2,7556,卖盘
1064,13:09:50,37.78,0.01,239,902942,买盘
1065,13:09:47,37.77,0.01,2,7554,买盘
1066,13:09:44,37.76,--,7,26432,卖盘
1067,13:09:35,37.76,--,5,18880,卖盘
1068,13:09:32,37.76,--,5,18880,卖盘
1069,13:09:29,37.76,--,5,18880,卖盘
1070,13:09:23,37.76,--,5,18880,卖盘
1071,13:09:14,37.76,--,3,11328,卖盘
1072,13:09:11,37.76,0.05,13,49088,买盘
1073,13:08:59,37.71,--,1,3771,买盘
1074,13:08:47,37.71,-0.06,8,30168,卖盘
1075,13:08:38,37.77,0.01,4,15108,买盘
1076,13:08:35,37.76,-0.01,1,3776,买盘
1077,13:08:32,37.77,--,1,3777,买盘
1078,13:08:17,37.77,0.06,1,3777,买盘
1079,13:08:14,37.71,-0.07,2,7542,卖盘
1080,13:07:59,37.78,0.05,9,34002,买盘
1081,13:07:56,37.73,0.03,2,7545,卖盘
1082,13:07:47,37.7,-0.04,1,3770,卖盘
1083,13:07:41,37.74,0.01,2,7548,买盘
1084,13:07:38,37.73,-0.04,5,18865,中性盘
1085,13:07:20,37.77,0.06,6,22662,中性盘
1086,13:07:11,37.71,0.01,1,3771,卖盘
1087,13:07:08,37.7,--,19,71630,买盘
1088,13:06:50,37.7,--,1,3770,买盘
1089,13:06:44,37.7,0.02,3,11310,买盘
1090,13:06:35,37.68,0.02,5,18840,中性盘
1091,13:06:23,37.66,-0.02,8,30127,卖盘
1092,13:06:20,37.68,0.02,1,3768,买盘
1093,13:06:14,37.66,-0.02,7,26361,卖盘
1094,13:06:08,37.68,-0.12,4,15072,卖盘
1095,13:06:02,37.8,0.1,1,3779,买盘
1096,13:05:56,37.7,-0.1,1,3770,卖盘
1097,13:05:47,37.8,-0.01,57,215459,卖盘
1098,13:05:44,37.81,--,2,7562,卖盘
1099,13:05:41,37.81,0.01,8,30248,中性盘
1100,13:05:35,37.8,-0.01,19,71820,卖盘
1101,13:05:29,37.81,0.01,21,79401,买盘
1102,13:05:26,37.8,--,5,18900,中性盘
1103,13:05:08,37.8,0.05,57,215459,买盘
1104,13:05:02,37.75,-0.05,6,22650,卖盘
1105,13:04:53,37.8,0.03,60,226799,买盘
1106,13:04:50,37.77,0.02,1,3777,买盘
1107,13:04:47,37.75,0.05,7,26425,买盘
1108,13:04:41,37.7,--,1,3770,卖盘
1109,13:04:29,37.7,--,7,26390,卖盘
1110,13:04:23,37.7,0.02,10,37700,买盘
1111,13:04:20,37.68,-0.02,1,3768,中性盘
1112,13:04:14,37.7,0.02,10,37700,买盘
1113,13:04:11,37.68,--,6,22608,卖盘
1114,13:03:56,37.68,--,2,7536,买盘
1115,13:03:50,37.68,0.02,4,15072,买盘
1116,13:03:38,37.66,--,5,18830,卖盘
1117,13:03:35,37.66,0.02,55,209163,买盘
1118,13:03:32,37.64,0.02,5,18820,买盘
1119,13:03:29,37.62,--,4,15047,卖盘
1120,13:03:26,37.62,--,1,3761,卖盘
1121,13:03:23,37.62,0.02,4,15047,买盘
1122,13:03:20,37.6,--,5,18800,卖盘
1123,13:03:14,37.6,0.05,24,90240,买盘
1124,13:03:08,37.55,-0.05,12,45060,卖盘
1125,13:03:02,37.6,--,23,86480,买盘
1126,13:02:56,37.6,--,7,26320,买盘
1127,13:02:44,37.6,0.02,20,75200,买盘
1128,13:02:41,37.58,0.03,92,345736,买盘
1129,13:02:35,37.55,--,1,3754,卖盘
1130,13:02:32,37.55,--,1,3754,卖盘
1131,13:02:20,37.55,0.03,145,544475,买盘
1132,13:02:17,37.52,--,1,3752,买盘
1133,13:02:11,37.52,0.01,2,7504,买盘
1134,13:02:08,37.51,0.01,12,45012,中性盘
1135,13:02:05,37.5,--,1,3750,卖盘
1136,13:02:02,37.5,-0.02,1,3750,卖盘
1137,13:01:59,37.52,0.01,10,37520,买盘
1138,13:01:56,37.51,--,4,15004,买盘
1139,13:01:47,37.51,--,1,3751,买盘
1140,13:01:41,37.51,0.01,2,7502,买盘
1141,13:01:38,37.5,-0.01,1,3750,卖盘
1142,13:01:26,37.51,0.01,7,26257,买盘
1143,13:01:14,37.5,--,17,63750,买盘
1144,13:01:11,37.5,0.03,160,600000,买盘
1145,13:01:05,37.47,-0.02,1,3747,卖盘
1146,13:00:59,37.49,0.02,14,52486,买盘
1147,13:00:53,37.47,0.02,172,645308,买盘
1148,13:00:50,37.45,--,20,74900,买盘
1149,13:00:41,37.45,--,20,74900,买盘
1150,13:00:38,37.45,--,1,3745,买盘
1151,13:00:20,37.45,0.03,60,224700,买盘
1152,13:00:17,37.42,--,5,18710,卖盘
1153,13:00:11,37.42,--,25,93550,卖盘
1154,13:00:08,37.42,0.03,12,44904,卖盘
1155,13:00:05,37.39,-0.03,7,26173,卖盘
1156,13:00:02,37.42,0.03,9,33678,买盘
1157,11:29:57,37.39,-0.03,4,14956,卖盘
1158,11:29:45,37.42,0.03,13,48646,买盘
1159,11:29:33,37.39,-0.03,1,3739,卖盘
1160,11:29:30,37.42,0.03,9,33678,买盘
1161,11:29:27,37.39,-0.03,6,22434,卖盘
1162,11:29:24,37.42,0.03,1,3742,买盘
1163,11:29:21,37.39,0.08,6,22434,买盘
1164,11:28:57,37.31,0.01,15,55965,中性盘
1165,11:28:33,37.3,-0.09,1,3729,卖盘
1166,11:28:30,37.39,0.09,6,22434,买盘
1167,11:28:27,37.3,--,20,74600,卖盘
1168,11:28:00,37.3,--,15,55949,卖盘
1169,11:27:27,37.3,-0.09,15,55949,卖盘
1170,11:27:15,37.39,0.09,1,3739,买盘
1171,11:26:57,37.3,-0.09,16,59679,卖盘
1172,11:26:51,37.39,--,1,3739,买盘
1173,11:26:36,37.39,0.09,5,18695,买盘
1174,11:26:27,37.3,-0.1,15,55949,卖盘
1175,11:26:00,37.4,--,2,7480,卖盘
1176,11:25:57,37.4,--,10,37400,卖盘
1177,11:25:51,37.4,0.01,16,59840,买盘
1178,11:25:42,37.39,0.09,2,7478,中性盘
1179,11:25:24,37.3,--,10,37300,卖盘
1180,11:25:18,37.3,--,1,3729,卖盘
1181,11:24:57,37.3,-0.09,10,37300,卖盘
1182,11:24:42,37.39,0.09,1,3739,买盘
1183,11:24:30,37.3,-0.07,1,3729,卖盘
1184,11:24:12,37.37,--,1,3736,买盘
1185,11:24:03,37.37,0.07,40,149480,买盘
1186,11:23:57,37.3,-0.04,1,3729,卖盘
1187,11:23:42,37.34,--,2,7468,卖盘
1188,11:23:30,37.34,0.04,1,3734,买盘
1189,11:23:27,37.3,-0.04,1,3729,卖盘
1190,11:23:15,37.34,0.04,1,3734,买盘
1191,11:22:54,37.3,--,1,3729,卖盘
1192,11:22:45,37.3,-0.01,8,29839,卖盘
1193,11:22:33,37.31,--,7,26191,买盘
1194,11:22:27,37.31,-0.03,23,89469,卖盘
1195,11:22:15,37.34,0.03,1,3734,买盘
1196,11:21:54,37.31,--,1,3731,卖盘
1197,11:21:51,37.31,--,0,74,买盘
1198,11:21:42,37.31,-0.01,18,70814,卖盘
1199,11:21:39,37.32,0.01,2,7538,买盘
1200,11:21:24,37.31,--,1,3731,卖盘
1201,11:21:18,37.31,-0.01,11,41041,卖盘
1202,11:21:00,37.32,0.01,12,44784,买盘
1203,11:20:54,37.31,-0.01,1,3731,卖盘
1204,11:20:45,37.32,--,1,3732,买盘
1205,11:20:36,37.32,--,10,37320,买盘
1206,11:20:15,37.32,-0.04,14,55905,卖盘
1207,11:19:57,37.36,-0.01,12,44832,卖盘
1208,11:19:51,37.37,0.01,1,3736,买盘
1209,11:19:39,37.36,0.01,1,3736,卖盘
1210,11:19:30,37.35,-0.02,17,63495,中性盘
1211,11:19:18,37.37,--,53,198061,买盘
1212,11:19:09,37.37,0.02,3,11211,买盘
1213,11:18:53,37.35,-0.01,10,37350,卖盘
1214,11:18:50,37.36,0.01,5,18680,买盘
1215,11:18:20,37.35,--,10,37350,卖盘
1216,11:18:11,37.35,--,20,74700,买盘
1217,11:18:02,37.35,0.01,1,3735,买盘
1218,11:17:53,37.34,-0.01,11,41074,卖盘
1219,11:17:50,37.35,--,1,3735,买盘
1220,11:17:38,37.35,--,50,186750,买盘
1221,11:17:20,37.35,0.01,20,74700,买盘
1222,11:17:14,37.34,--,2,7468,卖盘
1223,11:17:11,37.34,-0.01,25,93350,卖盘
1224,11:17:02,37.35,--,10,37350,买盘
1225,11:16:53,37.35,0.01,2,7470,买盘
1226,11:16:50,37.34,-0.02,19,70946,卖盘
1227,11:16:35,37.36,0.02,1,3736,买盘
1228,11:16:23,37.34,-0.01,19,70946,卖盘
1229,11:16:14,37.35,-0.01,7,26145,卖盘
1230,11:16:05,37.36,--,8,29888,买盘
1231,11:15:59,37.36,0.02,2,7472,买盘
1232,11:15:50,37.34,--,5,18670,卖盘
1233,11:15:20,37.34,--,5,18670,卖盘
1234,11:15:17,37.34,--,3,11276,买盘
1235,11:15:02,37.34,--,1,3734,买盘
1236,11:14:59,37.34,-0.02,25,97009,卖盘
1237,11:14:53,37.36,0.02,6,22416,买盘
1238,11:14:50,37.34,--,13,48542,卖盘
1239,11:14:20,37.34,0.01,50,186774,买盘
1240,11:14:14,37.33,--,23,85859,买盘
1241,11:14:05,37.33,0.01,2,7466,买盘
1242,11:13:50,37.32,-0.01,3,11196,卖盘
1243,11:13:47,37.33,0.01,5,18665,买盘
1244,11:13:44,37.32,-0.01,5,18660,卖盘
1245,11:13:35,37.33,--,67,250111,买盘
1246,11:13:23,37.33,0.01,1,3733,买盘
1247,11:13:20,37.32,--,3,11196,卖盘
1248,11:13:08,37.32,--,1,3732,卖盘
1249,11:13:02,37.32,0.04,17,63444,买盘
1250,11:12:59,37.28,0.03,6,22368,买盘
1251,11:12:50,37.25,-0.03,2,7450,卖盘
1252,11:12:44,37.28,--,1,3728,买盘
1253,11:12:41,37.28,-0.02,32,119296,卖盘
1254,11:12:29,37.3,0.01,18,67140,买盘
1255,11:12:20,37.29,--,2,7458,买盘
1256,11:12:14,37.29,0.01,124,462396,买盘
1257,11:12:02,37.28,0.03,5,18640,买盘
1258,11:11:59,37.25,--,5,18625,卖盘
1259,11:11:56,37.25,-0.03,10,37250,卖盘
1260,11:11:53,37.28,0.03,20,74560,买盘
1261,11:11:50,37.25,--,1,3725,卖盘
1262,11:11:29,37.25,--,2,7450,卖盘
1263,11:11:26,37.25,--,1,3725,卖盘
1264,11:11:23,37.25,-0.03,8,29800,中性盘
1265,11:11:17,37.28,0.03,1,3728,买盘
1266,11:10:59,37.25,-0.03,3,11175,卖盘
1267,11:10:47,37.28,0.03,1,3728,买盘
1268,11:10:44,37.25,-0.03,1,3725,卖盘
1269,11:10:41,37.28,-0.01,1,3728,买盘
1270,11:10:32,37.29,-0.03,1,3729,卖盘
1271,11:09:59,37.32,0.02,20,74640,买盘
1272,11:09:50,37.3,-0.02,7,26109,卖盘
1273,11:09:20,37.32,0.02,1,3732,买盘
1274,11:09:17,37.3,-0.02,7,26109,卖盘
1275,11:09:05,37.32,0.02,5,18660,中性盘
1276,11:08:44,37.3,-0.03,7,26109,卖盘
1277,11:08:26,37.33,-0.01,7,26131,卖盘
1278,11:08:20,37.34,0.01,12,44808,买盘
1279,11:08:17,37.33,-0.01,1,3733,卖盘
1280,11:08:08,37.34,0.01,6,22404,买盘
1281,11:07:50,37.33,0.03,2,7466,买盘
1282,11:07:41,37.3,-0.03,1,3729,卖盘
1283,11:07:35,37.33,--,1,3733,中性盘
1284,11:07:29,37.33,0.03,1,3733,买盘
1285,11:07:14,37.3,--,1,3729,卖盘
1286,11:07:05,37.3,0.01,8,29839,买盘
1287,11:07:02,37.29,-0.01,11,41019,卖盘
1288,11:06:50,37.3,--,101,376730,买盘
1289,11:06:44,37.3,0.01,1,3729,买盘
1290,11:06:41,37.29,-0.01,1,3729,卖盘
1291,11:06:38,37.3,-0.04,3,11190,中性盘
1292,11:06:29,37.34,0.1,1,3734,买盘
1293,11:06:17,37.24,-0.05,1,3724,卖盘
1294,11:06:02,37.29,--,1,3729,买盘
1295,11:05:56,37.29,0.05,10,37290,买盘
1296,11:05:41,37.24,-0.05,1,3724,卖盘
1297,11:05:38,37.29,0.06,1,3729,买盘
1298,11:05:35,37.23,--,1,3722,买盘
1299,11:05:11,37.23,0.01,1,3722,买盘
1300,11:04:56,37.22,--,10,37220,卖盘
1301,11:04:47,37.22,--,27,100494,卖盘
1302,11:04:44,37.22,-0.03,5,18610,卖盘
1303,11:04:35,37.25,--,10,37250,买盘
1304,11:04:23,37.25,0.03,12,44700,买盘
1305,11:04:08,37.22,--,29,107938,卖盘
1306,11:03:35,37.22,-0.03,4,14888,卖盘
1307,11:03:29,37.25,0.03,11,40975,买盘
1308,11:03:17,37.22,--,2,7444,卖盘
1309,11:03:11,37.22,--,5,18610,卖盘
1310,11:03:05,37.22,-0.03,5,18610,卖盘
1311,11:02:56,37.25,-0.01,19,70775,卖盘
1312,11:02:47,37.26,0.01,1,3726,买盘
1313,11:02:41,37.25,--,5,18625,卖盘
1314,11:02:38,37.25,--,15,55875,卖盘
1315,11:02:23,37.25,-0.01,19,70775,卖盘
1316,11:02:17,37.26,-0.03,16,59616,中性盘
1317,11:01:53,37.29,--,8,29832,卖盘
1318,11:01:50,37.29,--,1,3729,卖盘
1319,11:01:47,37.29,--,1,3729,卖盘
1320,11:01:38,37.29,-0.01,20,74580,卖盘
1321,11:01:14,37.3,-0.01,1,3729,买盘
1322,11:01:02,37.31,--,3,13095,卖盘
1323,11:00:53,37.31,-0.04,1,3731,卖盘
1324,11:00:47,37.35,0.05,34,126990,买盘
1325,11:00:41,37.3,--,1,5557,买盘
1326,11:00:38,37.3,--,2,9362,卖盘
1327,11:00:29,37.3,--,1,3729,卖盘
1328,11:00:11,37.3,--,4,14919,卖盘
1329,10:59:40,37.3,-0.07,7,26109,卖盘
1330,10:59:25,37.37,--,5,18685,买盘
1331,10:59:13,37.37,0.07,12,44844,买盘
1332,10:59:10,37.3,-0.06,7,26109,卖盘
1333,10:59:07,37.36,--,1,3736,卖盘
1334,10:58:55,37.36,--,1,3736,卖盘
1335,10:58:49,37.36,0.06,2,7472,买盘
1336,10:58:40,37.3,--,12,44760,卖盘
1337,10:58:34,37.3,-0.05,4,14919,卖盘
1338,10:58:25,37.35,0.05,56,209160,买盘
1339,10:58:10,37.3,-0.05,22,82060,卖盘
1340,10:58:01,37.35,--,1,3735,买盘
1341,10:57:58,37.35,0.05,15,56025,买盘
1342,10:57:37,37.3,-0.05,22,82060,卖盘
1343,10:57:34,37.35,0.02,1,3735,买盘
1344,10:57:25,37.33,0.03,2,7466,买盘
1345,10:57:16,37.3,--,2,7459,卖盘
1346,10:57:10,37.3,-0.01,22,82060,卖盘
1347,10:57:01,37.31,--,4,14924,买盘
1348,10:56:49,37.31,--,10,37310,买盘
1349,10:56:40,37.31,--,12,44772,买盘
1350,10:56:37,37.31,--,20,74620,买盘
1351,10:56:31,37.31,0.01,1,3731,买盘
1352,10:56:25,37.3,-0.01,16,59679,卖盘
1353,10:56:01,37.31,--,13,48503,卖盘
1354,10:55:43,37.31,--,10,37310,卖盘
1355,10:55:37,37.31,--,12,44772,卖盘
1356,10:55:34,37.31,--,5,18655,卖盘
1357,10:55:22,37.31,--,1,3731,卖盘
1358,10:55:19,37.31,--,10,37310,卖盘
1359,10:55:07,37.31,-0.04,3,11193,卖盘
1360,10:55:01,37.35,--,1,3735,买盘
1361,10:54:55,37.35,0.04,1,3735,买盘
1362,10:54:37,37.31,-0.04,3,11193,卖盘
1363,10:54:31,37.35,0.04,1,3735,买盘
1364,10:54:04,37.31,--,3,11193,卖盘
1365,10:53:58,37.31,0.01,1,3731,中性盘
1366,10:53:37,37.3,-0.01,33,123089,卖盘
1367,10:53:22,37.31,--,2,7462,卖盘
1368,10:53:13,37.31,-0.04,1,3731,卖盘
1369,10:53:10,37.35,0.05,1,3735,买盘
1370,10:53:07,37.3,-0.05,32,119359,卖盘
1371,10:53:04,37.35,0.04,5,18675,买盘
1372,10:52:58,37.31,-0.04,16,59696,卖盘
1373,10:52:46,37.35,--,12,44820,买盘
1374,10:52:40,37.35,0.04,10,37350,买盘
1375,10:52:34,37.31,-0.04,32,119392,卖盘
1376,10:52:28,37.35,0.04,1,3735,买盘
1377,10:52:25,37.31,0.01,40,149240,买盘
1378,10:52:22,37.3,-0.01,13,48489,卖盘
1379,10:52:07,37.31,--,8,29848,买盘
1380,10:52:04,37.31,--,20,74620,买盘
1381,10:51:46,37.31,0.01,12,44772,买盘
1382,10:51:37,37.3,--,101,378557,买盘
1383,10:51:28,37.3,--,10,37300,买盘
1384,10:51:19,37.3,--,1,3729,买盘
1385,10:51:07,37.3,0.05,5,18650,买盘
1386,10:51:04,37.25,-0.05,2,7450,卖盘
1387,10:51:01,37.3,--,10,37300,买盘
1388,10:50:49,37.3,0.05,12,44760,买盘
1389,10:50:40,37.25,--,0,372,卖盘
1390,10:50:34,37.25,-0.05,2,7450,卖盘
1391,10:50:28,37.3,--,1,3729,买盘
1392,10:50:04,37.3,0.05,42,156660,买盘
1393,10:49:52,37.25,0.03,6,22350,买盘
1394,10:49:31,37.22,-0.03,2,7444,卖盘
1395,10:49:16,37.25,-0.04,1,3725,中性盘
1396,10:49:07,37.29,--,1,3729,卖盘
1397,10:49:04,37.29,0.07,11,41019,买盘
1398,10:49:01,37.22,-0.07,3,11166,卖盘
1399,10:48:52,37.29,0.04,34,126786,买盘
1400,10:48:46,37.25,--,3,11175,卖盘
1401,10:48:43,37.25,--,1,3725,卖盘
1402,10:48:37,37.25,--,1,3725,卖盘
1403,10:48:34,37.25,--,2,7450,中性盘
1404,10:48:07,37.25,--,1,3725,买盘
1405,10:48:01,37.25,-0.05,14,52150,卖盘
1406,10:47:52,37.3,0.05,13,48489,买盘
1407,10:47:49,37.25,--,5,18625,卖盘
1408,10:47:34,37.25,--,15,55875,卖盘
1409,10:47:13,37.25,--,2,7450,卖盘
1410,10:47:07,37.25,--,3,11175,卖盘
1411,10:47:01,37.25,-0.05,15,55875,卖盘
1412,10:46:55,37.3,0.05,12,44760,买盘
1413,10:46:40,37.25,-0.05,2,7450,卖盘
1414,10:46:31,37.3,--,40,149200,买盘
1415,10:46:22,37.3,--,21,78330,买盘
1416,10:46:16,37.3,-0.01,99,372067,卖盘
1417,10:46:01,37.31,--,1,3731,买盘
1418,10:45:58,37.31,--,26,97006,卖盘
1419,10:45:40,37.31,-0.04,2,7462,卖盘
1420,10:45:37,37.35,--,1,3735,买盘
1421,10:45:19,37.35,--,5,18675,买盘
1422,10:45:10,37.35,--,16,59760,卖盘
1423,10:45:01,37.35,--,13,48555,卖盘
1424,10:44:43,37.35,--,1,3735,卖盘
1425,10:44:31,37.35,--,6,22410,卖盘
1426,10:44:28,37.35,--,3,11205,卖盘
1427,10:44:13,37.35,-0.08,1,3735,卖盘
1428,10:44:01,37.43,--,14,52402,买盘
1429,10:43:40,37.43,--,13,48659,买盘
1430,10:43:34,37.43,--,1,3743,买盘
1431,10:43:31,37.43,0.01,10,37430,买盘
1432,10:43:10,37.42,--,1,3742,买盘
1433,10:43:07,37.42,-0.01,1,3742,卖盘
1434,10:43:04,37.43,0.01,12,44916,买盘
1435,10:43:01,37.42,-0.01,3,11226,卖盘
1436,10:42:58,37.43,0.01,1,3743,买盘
1437,10:42:55,37.42,-0.01,1,3742,卖盘
1438,10:42:49,37.43,--,11,41173,买盘
1439,10:42:43,37.43,0.01,20,74860,买盘
1440,10:42:28,37.42,-0.01,3,11226,卖盘
1441,10:42:19,37.43,0.01,5,18715,买盘
1442,10:42:07,37.42,--,1,3742,卖盘
1443,10:42:04,37.42,--,9,33678,买盘
1444,10:42:01,37.42,0.07,2,7484,买盘
1445,10:41:58,37.35,-0.07,1,3735,卖盘
1446,10:41:43,37.42,0.07,1,3742,买盘
1447,10:41:31,37.35,--,1,3735,卖盘
1448,10:41:22,37.35,-0.07,1,3735,中性盘
1449,10:41:04,37.42,--,10,37420,买盘
1450,10:40:58,37.42,0.11,10,37420,买盘
1451,10:40:39,37.31,0.01,10,37310,卖盘
1452,10:40:30,37.3,--,14,52219,卖盘
1453,10:40:12,37.3,-0.11,20,76427,卖盘
1454,10:40:06,37.41,0.11,4,14963,买盘
1455,10:39:57,37.3,-0.11,14,52219,卖盘
1456,10:39:54,37.41,0.11,3,11222,中性盘
1457,10:39:27,37.3,-0.11,16,59679,卖盘
1458,10:39:09,37.41,0.11,1,6471,买盘
1459,10:38:57,37.3,--,28,104439,卖盘
1460,10:38:51,37.3,-0.11,2,7459,卖盘
1461,10:38:45,37.41,--,1,3740,买盘
1462,10:38:42,37.41,0.11,62,231941,买盘
1463,10:38:30,37.3,-0.11,8,29839,卖盘
1464,10:38:27,37.41,0.07,116,433955,买盘
1465,10:38:12,37.34,0.04,8,29872,买盘
1466,10:38:03,37.3,--,1,3729,卖盘
1467,10:38:00,37.3,--,8,29839,卖盘
1468,10:37:45,37.3,--,9,33570,卖盘
1469,10:37:15,37.3,-0.04,48,179040,卖盘
1470,10:37:12,37.34,--,4,14936,买盘
1471,10:36:54,37.34,-0.03,2,7468,中性盘
1472,10:36:15,37.37,0.02,17,63528,买盘
1473,10:36:03,37.35,0.05,1,3735,买盘
1474,10:36:00,37.3,-0.02,18,67140,卖盘
1475,10:35:51,37.32,--,5,18660,卖盘
1476,10:35:33,37.32,--,30,111960,卖盘
1477,10:35:27,37.32,-0.02,18,67176,卖盘
1478,10:35:15,37.34,0.04,2,7468,中性盘
1479,10:34:57,37.3,-0.05,18,67140,卖盘
1480,10:34:48,37.35,0.05,4,14940,买盘
1481,10:34:33,37.3,--,1,3729,卖盘
1482,10:34:30,37.3,-0.05,18,67140,卖盘
1483,10:34:18,37.35,0.05,12,44820,买盘
1484,10:34:06,37.3,-0.05,2,7459,卖盘
1485,10:34:00,37.35,0.05,20,74700,买盘
1486,10:33:57,37.3,--,18,67140,卖盘
1487,10:33:54,37.3,--,40,149200,卖盘
1488,10:33:42,37.3,--,1,3729,卖盘
1489,10:33:27,37.3,-0.04,16,59679,卖盘
1490,10:33:21,37.34,--,12,44808,买盘
1491,10:33:18,37.34,0.04,8,29872,买盘
1492,10:33:00,37.3,--,14,52219,卖盘
1493,10:32:54,37.3,--,16,59679,卖盘
1494,10:32:48,37.3,--,1,3729,卖盘
1495,10:32:42,37.3,--,39,145581,买盘
1496,10:32:39,37.3,--,2,7459,买盘
1497,10:32:33,37.3,--,40,149200,买盘
1498,10:32:24,37.3,-0.01,66,248268,卖盘
1499,10:32:18,37.31,--,1,3731,买盘
1500,10:32:03,37.31,--,12,44772,买盘
1501,10:31:57,37.31,0.01,10,37310,中性盘
1502,10:31:39,37.3,-0.02,40,149200,卖盘
1503,10:31:33,37.32,0.01,45,167940,买盘
1504,10:31:27,37.31,-0.01,42,156702,卖盘
1505,10:31:15,37.32,0.01,2,7538,买盘
1506,10:31:12,37.31,--,2,7462,卖盘
1507,10:31:09,37.31,--,0,746,卖盘
1508,10:30:54,37.31,-0.01,63,235053,卖盘
1509,10:30:48,37.32,--,22,82104,买盘
1510,10:30:27,37.32,--,12,44784,买盘
1511,10:30:24,37.32,--,2,7464,买盘
1512,10:30:15,37.32,0.01,1,3732,买盘
1513,10:30:06,37.31,-0.01,0,820,卖盘
1514,10:29:54,37.32,--,6,22392,卖盘
1515,10:29:39,37.32,--,29,108228,买盘
1516,10:29:27,37.32,--,12,44784,买盘
1517,10:29:24,37.32,-0.03,12,44784,卖盘
1518,10:29:21,37.35,0.01,1,3735,买盘
1519,10:29:06,37.34,0.02,1,4592,中性盘
1520,10:28:54,37.32,--,82,306024,卖盘
1521,10:28:45,37.32,--,3,11196,卖盘
1522,10:28:33,37.32,--,2,7464,卖盘
1523,10:28:27,37.32,0.01,8,30677,买盘
1524,10:28:24,37.31,--,88,328328,买盘
1525,10:28:21,37.31,--,1,3731,买盘
1526,10:28:15,37.31,--,19,73799,卖盘
1527,10:28:03,37.31,--,0,820,卖盘
1528,10:27:54,37.31,-0.01,90,335790,卖盘
1529,10:27:48,37.32,0.01,1,3732,买盘
1530,10:27:33,37.31,0.01,29,108199,买盘
1531,10:27:24,37.3,-0.01,39,146178,卖盘
1532,10:27:15,37.31,0.01,23,85813,买盘
1533,10:27:09,37.3,--,5,18650,卖盘
1534,10:27:06,37.3,-0.01,15,56807,卖盘
1535,10:27:03,37.31,0.01,5,18655,买盘
1536,10:26:57,37.3,--,3,11190,卖盘
1537,10:26:42,37.3,--,8,32973,买盘
1538,10:26:36,37.3,--,13,48489,买盘
1539,10:26:33,37.3,--,9,33570,买盘
1540,10:26:21,37.3,-0.02,114,426338,卖盘
1541,10:26:15,37.32,0.01,3,11196,买盘
1542,10:26:12,37.31,-0.01,67,249977,卖盘
1543,10:26:00,37.32,0.01,6,23213,买盘
1544,10:25:57,37.31,--,5,18655,卖盘
1545,10:25:51,37.31,-0.01,68,253708,卖盘
1546,10:25:48,37.32,-0.05,3,11196,中性盘
1547,10:25:39,37.37,--,14,52318,卖盘
1548,10:25:36,37.37,0.06,6,22422,买盘
1549,10:25:24,37.31,-0.04,68,253708,卖盘
1550,10:25:21,37.35,-0.02,2,7470,中性盘
1551,10:25:03,37.37,--,2,7473,买盘
1552,10:25:00,37.37,0.06,6,22422,买盘
1553,10:24:57,37.31,--,0,858,卖盘
1554,10:24:54,37.31,--,1,3731,卖盘
1555,10:24:51,37.31,-0.08,84,313404,卖盘
1556,10:24:48,37.39,0.01,6,22434,买盘
1557,10:24:42,37.38,0.03,20,74760,买盘
1558,10:24:36,37.35,-0.02,1,3735,中性盘
1559,10:24:33,37.37,-0.01,1,3736,中性盘
1560,10:24:30,37.38,0.07,6,22428,买盘
1561,10:24:27,37.31,--,3,11193,卖盘
1562,10:24:24,37.31,--,4,14924,卖盘
1563,10:24:21,37.31,-0.04,25,93275,卖盘
1564,10:24:18,37.35,0.04,1,3735,买盘
1565,10:24:06,37.31,--,0,820,卖盘
1566,10:23:51,37.31,-0.07,23,85813,卖盘
1567,10:23:45,37.38,--,19,71022,买盘
1568,10:23:39,37.38,--,12,44856,买盘
1569,10:23:36,37.38,-0.01,1,3738,买盘
1570,10:23:30,37.39,0.08,12,44868,买盘
1571,10:23:21,37.31,-0.08,24,89544,卖盘
1572,10:23:18,37.39,0.01,1,3739,买盘
1573,10:23:15,37.38,--,1,3738,买盘
1574,10:23:09,37.38,0.07,2,7476,买盘
1575,10:23:06,37.31,--,0,858,卖盘
1576,10:23:03,37.31,--,4,14924,卖盘
1577,10:22:51,37.31,-0.05,93,346983,卖盘
1578,10:22:39,37.36,0.01,10,37360,买盘
1579,10:22:30,37.35,0.04,0,821,买盘
1580,10:22:27,37.31,--,2,7462,卖盘
1581,10:22:21,37.31,--,84,313404,卖盘
1582,10:22:15,37.31,--,10,37310,卖盘
1583,10:22:06,37.31,-0.04,25,93275,卖盘
1584,10:22:00,37.35,0.04,1,3735,买盘
1585,10:21:54,37.31,--,8,29848,卖盘
1586,10:21:51,37.31,-0.01,134,499954,卖盘
1587,10:21:45,37.32,0.01,8,30677,买盘
1588,10:21:33,37.31,-0.01,3,11193,卖盘
1589,10:21:30,37.32,--,5,18660,买盘
1590,10:21:17,37.32,--,4,14928,买盘
1591,10:21:08,37.32,--,11,41052,买盘
1592,10:21:02,37.32,--,1,3732,买盘
1593,10:20:59,37.32,--,7,26982,买盘
1594,10:20:47,37.32,-0.01,11,43962,卖盘
1595,10:20:44,37.33,--,6,23219,买盘
1596,10:20:26,37.33,-0.02,5,18665,买盘
1597,10:20:20,37.35,--,5,21588,卖盘
1598,10:20:17,37.35,-0.03,16,59760,卖盘
1599,10:20:08,37.38,0.03,15,56070,买盘
1600,10:20:05,37.35,-0.03,0,821,卖盘
1601,10:20:02,37.38,0.03,10,37380,买盘
1602,10:19:50,37.35,-0.03,11,41085,卖盘
1603,10:19:44,37.38,0.03,18,67284,买盘
1604,10:19:32,37.35,0.05,1,3735,买盘
1605,10:19:29,37.3,-0.02,500,1864999,卖盘
1606,10:19:17,37.32,-0.03,10,37320,卖盘
1607,10:19:14,37.35,0.03,10,38209,买盘
1608,10:19:08,37.32,--,1,3732,买盘
1609,10:19:05,37.32,--,7,28997,卖盘
1610,10:18:59,37.32,--,8,30714,卖盘
1611,10:18:56,37.32,--,2,7464,卖盘
1612,10:18:50,37.32,--,10,37320,卖盘
1613,10:18:47,37.32,--,29,108228,买盘
1614,10:18:35,37.32,0.01,1,3732,买盘
1615,10:18:32,37.31,--,20,74620,卖盘
1616,10:18:20,37.31,-0.05,13,48503,卖盘
1617,10:18:17,37.36,0.05,24,89664,买盘
1618,10:18:05,37.31,--,20,74620,卖盘
1619,10:18:02,37.31,--,12,44772,卖盘
1620,10:17:59,37.31,--,10,38130,卖盘
1621,10:17:56,37.31,--,9,33579,卖盘
1622,10:17:50,37.31,-0.05,10,37310,卖盘
1623,10:17:47,37.36,0.05,32,119552,买盘
1624,10:17:32,37.31,--,149,555919,买盘
1625,10:17:20,37.31,-0.06,54,201474,卖盘
1626,10:17:14,37.37,--,12,47758,卖盘
1627,10:17:11,37.37,--,2,7473,卖盘
1628,10:17:08,37.37,--,5,19507,买盘
1629,10:16:59,37.37,--,2,7473,买盘
1630,10:16:56,37.37,-0.02,5,18685,卖盘
1631,10:16:50,37.39,--,13,49616,卖盘
1632,10:16:47,37.39,-0.01,5,18695,卖盘
1633,10:16:44,37.4,0.01,17,63580,买盘
1634,10:16:41,37.39,--,1,3739,卖盘
1635,10:16:29,37.39,0.08,13,51336,买盘
1636,10:16:20,37.31,-0.08,5,18655,卖盘
1637,10:16:08,37.39,-0.02,25,94484,卖盘
1638,10:16:05,37.41,--,2,7481,卖盘
1639,10:16:02,37.41,--,20,77550,买盘
1640,10:15:53,37.41,0.02,12,44891,买盘
1641,10:15:47,37.39,--,1,3739,卖盘
1642,10:15:44,37.39,--,2,7478,卖盘
1643,10:15:41,37.39,0.08,3,11217,买盘
1644,10:15:35,37.31,-0.06,1,3731,卖盘
1645,10:15:29,37.37,-0.02,10,37370,中性盘
1646,10:15:23,37.39,--,15,56085,买盘
1647,10:15:20,37.39,-0.02,1,3739,中性盘
1648,10:15:14,37.41,0.01,38,142158,买盘
1649,10:15:02,37.4,--,26,97240,买盘
1650,10:14:59,37.4,0.01,68,257237,买盘
1651,10:14:56,37.39,--,12,45690,卖盘
1652,10:14:53,37.39,--,1,3739,卖盘
1653,10:14:50,37.39,--,1,3739,卖盘
1654,10:14:38,37.39,--,32,119648,买盘
1655,10:14:29,37.39,--,12,44868,买盘
1656,10:14:14,37.39,--,11,41129,买盘
1657,10:14:05,37.39,-0.01,2,10357,卖盘
1658,10:14:02,37.4,0.01,23,86020,买盘
1659,10:13:59,37.39,--,0,859,卖盘
1660,10:13:56,37.39,--,15,56085,卖盘
1661,10:13:53,37.39,--,13,48607,卖盘
1662,10:13:50,37.39,-0.01,1,3739,卖盘
1663,10:13:47,37.4,--,8,29920,买盘
1664,10:13:38,37.4,0.01,1,3740,买盘
1665,10:13:29,37.39,-0.01,15,56085,卖盘
1666,10:13:17,37.4,--,11,44693,卖盘
1667,10:13:08,37.4,--,11,41140,卖盘
1668,10:13:02,37.4,-0.01,42,157902,卖盘
1669,10:12:59,37.41,0.01,2,7481,买盘
1670,10:12:47,37.4,-0.01,86,321640,卖盘
1671,10:12:32,37.41,0.01,4,14963,买盘
1672,10:12:29,37.4,-0.01,5,18700,卖盘
1673,10:12:23,37.41,0.01,1,3740,买盘
1674,10:12:20,37.4,--,1,3740,卖盘
1675,10:12:17,37.4,-0.01,86,321640,卖盘
1676,10:12:14,37.41,0.01,4,14963,买盘
1677,10:12:05,37.4,--,1,3740,卖盘
1678,10:11:56,37.4,-0.02,0,860,卖盘
1679,10:11:50,37.42,0.02,1,3742,买盘
1680,10:11:47,37.4,-0.02,89,332860,卖盘
1681,10:11:32,37.42,0.01,1,3742,买盘
1682,10:11:17,37.41,0.01,3,11222,买盘
1683,10:11:08,37.4,-0.01,1,3740,卖盘
1684,10:11:05,37.41,0.01,10,37410,买盘
1685,10:10:56,37.4,-0.01,0,822,卖盘
1686,10:10:47,37.41,--,6,22445,卖盘
1687,10:10:23,37.41,--,2,7481,卖盘
1688,10:10:20,37.41,--,4,14963,买盘
1689,10:10:17,37.41,--,7,26186,买盘
1690,10:09:59,37.41,0.01,6,22445,买盘
1691,10:09:53,37.4,-0.02,0,860,卖盘
1692,10:09:50,37.42,--,4,14968,卖盘
1693,10:09:47,37.42,0.02,2,7484,买盘
1694,10:09:44,37.4,--,106,396440,卖盘
1695,10:09:41,37.4,-0.02,1,3740,卖盘
1696,10:09:38,37.42,0.02,4,14968,买盘
1697,10:09:35,37.4,-0.01,24,89760,卖盘
1698,10:09:26,37.41,0.01,5,18705,卖盘
1699,10:09:17,37.4,-0.01,106,396440,卖盘
1700,10:09:14,37.41,--,11,41150,买盘
1701,10:09:02,37.41,0.01,7,26186,买盘
1702,10:08:53,37.4,--,0,822,卖盘
1703,10:08:50,37.4,-0.01,19,71060,卖盘
1704,10:08:47,37.41,--,117,437696,买盘
1705,10:08:29,37.41,0.01,18,67338,买盘
1706,10:08:26,37.4,--,10,37400,卖盘
1707,10:08:23,37.4,-0.01,1,3740,卖盘
1708,10:08:17,37.41,0.01,23,86042,买盘
1709,10:08:08,37.4,--,17,63580,卖盘
1710,10:08:05,37.4,-0.01,11,41140,卖盘
1711,10:08:02,37.41,0.01,22,82301,买盘
1712,10:07:59,37.4,--,57,216695,卖盘
1713,10:07:56,37.4,--,3,12042,卖盘
1714,10:07:50,37.4,-0.01,5,18700,卖盘
1715,10:07:44,37.41,--,11,41150,买盘
1716,10:07:32,37.41,0.01,10,37410,中性盘
1717,10:07:23,37.4,-0.02,79,295460,卖盘
1718,10:07:20,37.42,0.01,1,3742,买盘
1719,10:07:14,37.41,--,34,127193,卖盘
1720,10:07:11,37.41,--,34,127193,卖盘
1721,10:07:08,37.41,--,2,7481,卖盘
1722,10:06:59,37.41,-0.01,0,860,卖盘
1723,10:06:53,37.42,0.01,5,18710,买盘
1724,10:06:50,37.41,--,4,14963,卖盘
1725,10:06:47,37.41,-0.01,10,37410,卖盘
1726,10:06:44,37.42,--,31,116002,买盘
1727,10:06:35,37.42,0.01,3,11226,买盘
1728,10:06:32,37.41,--,4,14963,卖盘
1729,10:06:26,37.41,--,1,3740,卖盘
1730,10:06:23,37.41,-0.01,10,37410,卖盘
1731,10:06:05,37.42,0.01,1,3742,买盘
1732,10:06:02,37.41,--,0,823,卖盘
1733,10:05:56,37.41,--,1,3740,卖盘
1734,10:05:47,37.41,--,2,7481,卖盘
1735,10:05:44,37.41,-0.02,4,14963,卖盘
1736,10:05:38,37.43,0.02,1,3743,中性盘
1737,10:05:17,37.41,--,38,142158,卖盘
1738,10:05:11,37.41,-0.02,25,93524,卖盘
1739,10:05:05,37.43,0.02,0,860,中性盘
1740,10:04:53,37.41,--,1,3740,卖盘
1741,10:04:50,37.41,-0.05,2,7481,卖盘
1742,10:04:47,37.46,0.05,10,37460,买盘
1743,10:04:44,37.41,-0.01,26,97265,卖盘
1744,10:04:41,37.42,--,19,74016,卖盘
1745,10:04:26,37.42,--,1,3742,卖盘
1746,10:04:23,37.42,--,1,3742,卖盘
1747,10:03:56,37.42,-0.03,0,823,中性盘
1748,10:03:47,37.45,0.04,1,3745,买盘
1749,10:03:41,37.41,--,1,3740,卖盘
1750,10:03:26,37.41,-0.04,1,3740,卖盘
1751,10:03:17,37.45,0.04,3,11235,买盘
1752,10:03:08,37.41,--,4,14963,卖盘
1753,10:02:56,37.41,-0.02,0,823,卖盘
1754,10:02:44,37.43,0.02,5,18715,买盘
1755,10:02:32,37.41,--,15,56114,卖盘
1756,10:02:23,37.41,--,2,7481,卖盘
1757,10:02:14,37.41,--,3,11222,卖盘
1758,10:02:08,37.41,--,1,3740,卖盘
1759,10:02:05,37.41,--,10,37410,卖盘
1760,10:01:55,37.41,--,2,7481,卖盘
1761,10:01:52,37.41,--,2,8342,卖盘
1762,10:01:49,37.41,--,6,22445,卖盘
1763,10:01:46,37.41,--,4,14963,卖盘
1764,10:01:40,37.41,--,31,115970,卖盘
1765,10:01:31,37.41,--,30,112229,卖盘
1766,10:01:25,37.41,-0.02,20,74820,卖盘
1767,10:00:58,37.43,0.02,6,22458,买盘
1768,10:00:55,37.41,--,12,48221,卖盘
1769,10:00:49,37.41,--,30,112229,卖盘
1770,10:00:37,37.41,-0.02,10,40215,卖盘
1771,10:00:13,37.43,--,1,3743,卖盘
1772,10:00:01,37.43,--,1,3743,卖盘
1773,09:59:58,37.43,-0.02,0,860,卖盘
1774,09:59:55,37.45,0.02,1,3745,买盘
1775,09:59:49,37.43,--,1,3743,卖盘
1776,09:59:37,37.43,0.02,1,3743,中性盘
1777,09:59:28,37.41,-0.02,15,56114,卖盘
1778,09:59:19,37.43,--,3,11229,卖盘
1779,09:59:10,37.43,-0.06,2,7486,卖盘
1780,09:58:58,37.49,0.06,1,3749,买盘
1781,09:58:55,37.43,-0.06,5,18715,卖盘
1782,09:58:43,37.49,-0.01,5,20806,卖盘
1783,09:58:10,37.5,--,18,67500,卖盘
1784,09:58:04,37.5,--,10,37500,买盘
1785,09:58:01,37.5,0.01,5,18750,买盘
1786,09:57:58,37.49,-0.01,1,4573,卖盘
1787,09:57:52,37.5,0.01,5,18750,买盘
1788,09:57:49,37.49,-0.01,48,179952,卖盘
1789,09:57:46,37.5,--,9,33750,卖盘
1790,09:57:43,37.5,--,15,56250,卖盘
1791,09:57:40,37.5,0.01,7,26250,卖盘
1792,09:57:34,37.49,-0.01,5,18745,卖盘
1793,09:57:31,37.5,--,2,7500,卖盘
1794,09:57:28,37.5,--,47,176250,买盘
1795,09:57:22,37.5,0.01,1,3750,买盘
1796,09:57:19,37.49,--,10,37490,卖盘
1797,09:57:04,37.49,--,6,22494,卖盘
1798,09:56:55,37.49,--,0,862,卖盘
1799,09:56:52,37.49,--,1,3749,卖盘
1800,09:56:49,37.49,--,1,3749,卖盘
1801,09:56:40,37.49,--,2,7498,卖盘
1802,09:56:34,37.49,0.04,10,37490,买盘
1803,09:56:31,37.45,--,1,3745,卖盘
1804,09:56:28,37.45,--,1,3745,卖盘
1805,09:56:19,37.45,-0.04,2,7490,卖盘
1806,09:56:13,37.49,--,1,3749,买盘
1807,09:55:58,37.49,0.04,10,37490,买盘
1808,09:55:52,37.45,-0.01,0,823,卖盘
1809,09:55:46,37.46,0.01,4,14984,买盘
1810,09:55:34,37.45,0.01,0,1685,买盘
1811,09:55:25,37.44,0.01,2,7488,卖盘
1812,09:55:22,37.43,--,1,3743,卖盘
1813,09:55:19,37.43,--,1,3743,卖盘
1814,09:55:01,37.43,-0.02,1,3743,卖盘
1815,09:54:55,37.45,-0.01,4,17901,卖盘
1816,09:54:52,37.46,--,1,3746,买盘
1817,09:54:43,37.46,--,2,7492,买盘
1818,09:54:40,37.46,-0.05,3,11238,卖盘
1819,09:54:28,37.51,0.05,2,7502,买盘
1820,09:54:16,37.46,-0.05,5,18730,卖盘
1821,09:54:13,37.51,--,4,15004,买盘
1822,09:54:10,37.51,0.05,1,3751,买盘
1823,09:54:07,37.46,--,2,7492,卖盘
1824,09:54:01,37.46,-0.01,3,11238,卖盘
1825,09:53:55,37.47,-0.03,0,824,卖盘
1826,09:53:49,37.5,0.03,2,8362,买盘
1827,09:53:40,37.47,--,1,3747,买盘
1828,09:53:37,37.47,-0.03,9,36608,卖盘
1829,09:53:34,37.5,--,2,7500,卖盘
1830,09:53:31,37.5,--,7,26250,买盘
1831,09:53:28,37.5,0.03,2,7500,买盘
1832,09:53:19,37.47,-0.03,2,7494,卖盘
1833,09:53:13,37.5,0.03,1,3750,买盘
1834,09:53:04,37.47,-0.03,8,29976,卖盘
1835,09:53:01,37.5,0.03,1,3750,买盘
1836,09:52:58,37.47,-0.03,0,861,卖盘
1837,09:52:55,37.5,0.03,1,3750,买盘
1838,09:52:46,37.47,-0.03,4,14988,卖盘
1839,09:52:37,37.5,0.03,11,41250,买盘
1840,09:52:31,37.47,-0.03,7,26229,买盘
1841,09:52:28,37.5,0.03,5,18750,买盘
1842,09:52:22,37.47,-0.03,12,44964,卖盘
1843,09:52:16,37.5,--,2,7500,买盘
1844,09:52:13,37.5,0.03,2,7500,买盘
1845,09:52:07,37.47,--,2,7494,卖盘
1846,09:52:04,37.47,-0.03,1,3747,卖盘
1847,09:52:01,37.5,0.03,211,791250,买盘
1848,09:51:52,37.47,-0.01,0,824,卖盘
1849,09:51:43,37.48,0.01,2,7495,买盘
1850,09:51:37,37.47,--,7,26229,买盘
1851,09:51:31,37.47,0.02,8,29976,买盘
1852,09:51:16,37.45,--,16,60743,买盘
1853,09:51:13,37.45,--,1,3745,买盘
1854,09:51:10,37.45,0.02,3,11235,买盘
1855,09:51:07,37.43,-0.02,3,11229,卖盘
1856,09:51:01,37.45,--,12,44940,买盘
1857,09:50:55,37.45,-0.01,1,3745,卖盘
1858,09:50:49,37.46,0.03,1,3746,买盘
1859,09:50:46,37.43,--,4,14972,买盘
1860,09:50:43,37.43,--,1,3743,买盘
1861,09:50:40,37.43,-0.02,25,93575,卖盘
1862,09:50:37,37.45,--,6,22470,买盘
1863,09:50:34,37.45,--,1,3745,买盘
1864,09:50:19,37.45,0.05,70,262150,买盘
1865,09:50:16,37.4,-0.04,5,18700,卖盘
1866,09:50:10,37.44,0.04,6,22464,买盘
1867,09:49:58,37.4,0.01,4,15034,买盘
1868,09:49:55,37.39,--,30,112955,卖盘
1869,09:49:40,37.39,--,1,6692,买盘
1870,09:49:37,37.39,0.02,31,115909,买盘
1871,09:49:31,37.37,--,11,41107,买盘
1872,09:49:28,37.37,0.01,1,3736,买盘
1873,09:49:16,37.36,--,6,22416,卖盘
1874,09:49:13,37.36,--,1,3736,卖盘
1875,09:49:07,37.36,0.04,24,90149,买盘
1876,09:48:58,37.32,-0.04,0,821,卖盘
1877,09:48:43,37.36,0.01,52,197522,买盘
1878,09:48:34,37.35,--,23,85905,卖盘
1879,09:48:22,37.35,0.02,4,14940,买盘
1880,09:48:19,37.33,--,1,3733,卖盘
1881,09:48:10,37.33,--,2,7466,卖盘
1882,09:48:07,37.33,0.01,18,67679,买盘
1883,09:47:58,37.32,--,4,14928,买盘
1884,09:47:55,37.32,0.01,3,11196,买盘
1885,09:47:52,37.31,--,4,14924,卖盘
1886,09:47:49,37.31,0.01,0,858,中性盘
1887,09:47:46,37.3,-0.01,20,74600,卖盘
1888,09:47:43,37.31,--,65,242515,卖盘
1889,09:47:40,37.31,0.01,3,11193,买盘
1890,09:47:37,37.3,--,1,3729,卖盘
1891,09:47:31,37.3,-0.01,1,3729,卖盘
1892,09:47:28,37.31,0.01,3,11193,买盘
1893,09:47:25,37.3,--,6,22380,卖盘
1894,09:47:22,37.3,--,5,18650,卖盘
1895,09:47:16,37.3,--,4,14919,卖盘
1896,09:47:13,37.3,--,3,11190,卖盘
1897,09:47:07,37.3,--,11,41030,卖盘
1898,09:46:55,37.3,--,39,145470,卖盘
1899,09:46:52,37.3,--,13,50168,买盘
1900,09:46:43,37.3,--,7,28982,卖盘
1901,09:46:40,37.3,--,19,70870,卖盘
1902,09:46:34,37.3,-0.01,12,44760,卖盘
1903,09:46:28,37.31,0.01,104,388024,买盘
1904,09:46:25,37.3,--,2,7459,卖盘
1905,09:46:22,37.3,--,1,3729,卖盘
1906,09:46:19,37.3,--,12,44760,卖盘
1907,09:46:07,37.3,--,73,273147,买盘
1908,09:46:04,37.3,--,5,18650,买盘
1909,09:45:55,37.3,--,57,215482,卖盘
1910,09:45:52,37.3,-0.01,0,857,卖盘
1911,09:45:46,37.31,--,5,18655,买盘
1912,09:45:43,37.31,-0.01,2,7462,卖盘
1913,09:45:40,37.32,0.01,1,3732,买盘
1914,09:45:34,37.31,--,1,3731,卖盘
1915,09:45:31,37.31,-0.02,1,3731,卖盘
1916,09:45:28,37.33,0.02,4,14932,买盘
1917,09:45:25,37.31,--,1,3731,卖盘
1918,09:45:22,37.31,--,7,26117,买盘
1919,09:45:19,37.31,--,2,7462,卖盘
1920,09:45:16,37.31,--,1,3731,卖盘
1921,09:45:10,37.31,-0.02,1,3731,中性盘
1922,09:45:04,37.33,0.03,20,74660,买盘
1923,09:44:55,37.3,-0.03,0,820,卖盘
1924,09:44:52,37.33,0.03,80,298640,买盘
1925,09:44:43,37.3,-0.01,3,11190,卖盘
1926,09:44:40,37.31,0.01,7,26117,买盘
1927,09:44:37,37.3,--,1,3729,卖盘
1928,09:44:34,37.3,--,2,7459,卖盘
1929,09:44:31,37.3,--,3,11190,卖盘
1930,09:44:28,37.3,--,1,3729,卖盘
1931,09:44:22,37.3,--,65,242897,买盘
1932,09:44:13,37.3,--,32,119359,买盘
1933,09:44:07,37.3,0.15,1,3729,买盘
1934,09:44:04,37.15,-0.01,110,408650,卖盘
1935,09:43:55,37.16,-0.14,0,854,卖盘
1936,09:43:46,37.3,0.14,40,149200,买盘
1937,09:43:43,37.16,--,8,29727,卖盘
1938,09:43:37,37.16,--,5,18580,卖盘
1939,09:43:22,37.16,-0.04,10,37160,卖盘
1940,09:43:07,37.2,--,1,3720,卖盘
1941,09:43:01,37.2,--,1,3720,卖盘
1942,09:42:46,37.2,-0.01,9,33480,卖盘
1943,09:42:40,37.21,--,27,100467,卖盘
1944,09:42:34,37.21,-0.02,2,7442,卖盘
1945,09:42:28,37.23,--,6,22337,买盘
1946,09:42:16,37.23,--,2,10349,卖盘
1947,09:42:04,37.23,-0.06,1,3722,卖盘
1948,09:41:58,37.29,0.06,12,44748,买盘
1949,09:41:49,37.23,-0.1,0,819,中性盘
1950,09:41:28,37.33,0.03,3,11199,买盘
1951,09:41:16,37.3,0.1,5,18650,买盘
1952,09:41:13,37.2,-0.13,1,3720,卖盘
1953,09:41:03,37.33,0.03,47,175786,买盘
1954,09:41:00,37.3,--,15,55949,卖盘
1955,09:40:54,37.3,0.02,10,37300,中性盘
1956,09:40:48,37.28,--,0,857,卖盘
1957,09:40:36,37.28,-0.07,9,36459,卖盘
1958,09:40:33,37.35,--,6,22410,买盘
1959,09:40:30,37.35,--,11,41085,买盘
1960,09:40:27,37.35,--,1,3735,买盘
1961,09:40:24,37.35,--,4,14940,买盘
1962,09:40:12,37.35,--,1,3735,买盘
1963,09:40:09,37.35,0.02,3,11205,买盘
1964,09:40:06,37.33,-0.03,1,3733,卖盘
1965,09:40:03,37.36,0.03,1,3736,买盘
1966,09:40:00,37.33,-0.01,1,3733,卖盘
1967,09:39:57,37.34,-0.02,3,11202,卖盘
1968,09:39:54,37.36,0.03,13,48568,买盘
1969,09:39:51,37.33,-0.03,3,12020,卖盘
1970,09:39:48,37.36,0.03,1,3736,买盘
1971,09:39:45,37.33,--,1,3733,卖盘
1972,09:39:39,37.33,--,3,11199,卖盘
1973,09:39:33,37.33,-0.03,17,63461,卖盘
1974,09:39:30,37.36,0.03,37,138232,买盘
1975,09:39:24,37.33,--,3,11199,卖盘
1976,09:39:21,37.33,--,11,41063,中性盘
1977,09:38:54,37.33,0.05,2,7466,买盘
1978,09:38:48,37.28,0.06,2,8313,卖盘
1979,09:38:39,37.22,--,4,16562,买盘
1980,09:38:33,37.22,-0.08,195,727837,卖盘
1981,09:38:30,37.3,0.02,23,85790,买盘
1982,09:38:27,37.28,--,10,37280,买盘
1983,09:38:15,37.28,0.06,3,11184,买盘
1984,09:38:12,37.22,--,1,3722,卖盘
1985,09:38:03,37.22,0.02,24,91002,买盘
1986,09:37:57,37.2,--,53,200061,买盘
1987,09:37:51,37.2,0.01,3,11160,买盘
1988,09:37:48,37.19,-0.01,2,8256,卖盘
1989,09:37:42,37.2,0.01,1,3720,买盘
1990,09:37:39,37.19,--,2,7438,卖盘
1991,09:37:36,37.19,--,5,18595,卖盘
1992,09:37:33,37.19,--,4,14876,卖盘
1993,09:37:30,37.19,--,24,89256,买盘
1994,09:37:24,37.19,0.01,3,11157,买盘
1995,09:37:15,37.18,--,1,3718,卖盘
1996,09:37:09,37.18,--,6,22308,卖盘
1997,09:37:06,37.18,--,5,18590,卖盘
1998,09:36:54,37.18,0.03,9,33462,买盘
1999,09:36:48,37.15,-0.01,0,854,卖盘
2000,09:36:39,37.16,--,26,96615,买盘
2001,09:36:33,37.16,--,23,85467,买盘
2002,09:36:30,37.16,-0.04,8,29727,中性盘
2003,09:36:12,37.2,0.01,50,186000,买盘
2004,09:35:57,37.19,--,47,177656,卖盘
2005,09:35:51,37.19,0.08,5,19450,买盘
2006,09:35:48,37.11,-0.08,1,3711,卖盘
2007,09:35:36,37.19,0.01,5,18595,买盘
2008,09:35:30,37.18,0.08,4,14872,卖盘
2009,09:35:21,37.1,-0.08,10,37100,卖盘
2010,09:35:18,37.18,--,20,74360,卖盘
2011,09:35:15,37.18,--,2,7436,卖盘
2012,09:35:09,37.18,0.08,11,40898,买盘
2013,09:35:06,37.1,-0.09,6,22260,卖盘
2014,09:35:00,37.19,0.09,19,70661,买盘
2015,09:34:54,37.1,--,1,3710,卖盘
2016,09:34:51,37.1,--,10,37100,卖盘
2017,09:34:48,37.1,-0.04,15,56466,卖盘
2018,09:34:39,37.14,0.04,2,7428,中性盘
2019,09:34:18,37.1,0.1,11,40810,买盘
2020,09:34:12,37.0,-0.18,8,29600,卖盘
2021,09:33:57,37.18,0.08,29,107822,买盘
2022,09:33:54,37.1,0.32,1,4563,中性盘
2023,09:33:45,36.78,-0.22,47,172939,卖盘
2024,09:33:42,37.0,--,2,7400,卖盘
2025,09:33:39,37.0,0.01,1,3700,中性盘
2026,09:33:36,36.99,-0.11,1,3699,卖盘
2027,09:33:24,37.1,0.1,40,148400,买盘
2028,09:33:21,37.0,0.01,3,11100,买盘
2029,09:33:18,36.99,-0.01,7,25893,卖盘
2030,09:33:12,37.0,--,5,18500,买盘
2031,09:33:09,37.0,--,1,3700,买盘
2032,09:33:06,37.0,--,11,40700,买盘
2033,09:32:54,37.0,0.24,6,22200,买盘
2034,09:32:48,36.76,-0.23,8,29408,卖盘
2035,09:32:42,36.99,--,3,11097,买盘
2036,09:32:39,36.99,0.03,1,3699,买盘
2037,09:32:33,36.96,0.21,2,7392,中性盘
2038,09:32:15,36.75,--,42,154350,卖盘
2039,09:32:03,36.75,-0.23,3,11025,卖盘
2040,09:31:51,36.98,0.26,50,184899,买盘
2041,09:31:48,36.72,-0.25,3,11016,中性盘
2042,09:31:36,36.97,0.26,15,55455,买盘
2043,09:31:33,36.71,0.01,3,11013,中性盘
2044,09:31:18,36.7,0.02,17,62390,中性盘
2045,09:31:00,36.68,--,3,11004,中性盘
2046,09:30:48,36.68,-0.32,3,11004,卖盘
2047,09:30:45,37.0,0.01,40,148000,买盘
2048,09:30:36,36.99,0.36,50,184950,买盘
2049,09:30:33,36.63,-0.34,4,14652,卖盘
2050,09:30:30,36.97,0.34,8,29576,买盘
2051,09:30:24,36.63,--,4,14652,卖盘
2052,09:30:21,36.63,-0.05,40,146520,卖盘
2053,09:30:12,36.68,0.06,92,337456,买盘
2054,09:30:06,36.62,-0.37,23,84226,卖盘
2055,09:30:00,36.99,--,4,14796,买盘
2056,09:25:15,36.99,--,0,0,买盘
2057,09:25:03,36.99,36.99,6,22194,买盘
