,time,price,change,volume,amount,type
0,15:00:23,16.75,--,4798,8037990,卖盘
1,14:57:35,16.75,--,0,0,买盘
2,14:57:02,16.75,--,69,115575,买盘
3,14:56:59,16.75,--,132,221100,买盘
4,14:56:56,16.75,0.01,28,46900,买盘
5,14:56:53,16.74,--,38,63611,卖盘
6,14:56:50,16.74,--,32,53567,卖盘
7,14:56:47,16.74,--,102,170747,卖盘
8,14:56:41,16.74,--,28,46871,卖盘
9,14:56:38,16.74,--,160,267840,买盘
10,14:56:35,16.74,--,279,467045,买盘
11,14:56:32,16.74,-0.01,159,266166,卖盘
12,14:56:29,16.75,--,464,777200,买盘
13,14:56:26,16.75,0.01,157,262975,买盘
14,14:56:23,16.74,--,78,130571,卖盘
15,14:56:20,16.74,--,13,21761,卖盘
16,14:56:17,16.74,-0.01,80,133920,卖盘
17,14:56:14,16.75,0.01,643,1077025,买盘
18,14:56:11,16.74,--,31,51893,卖盘
19,14:56:08,16.74,--,297,497177,卖盘
20,14:56:05,16.74,--,41,68634,卖盘
21,14:56:02,16.74,--,523,875501,买盘
22,14:55:59,16.74,0.01,84,140616,买盘
23,14:55:56,16.73,--,37,61901,卖盘
24,14:55:53,16.73,--,33,55209,卖盘
25,14:55:50,16.73,--,145,242585,卖盘
26,14:55:47,16.73,-0.01,94,157262,卖盘
27,14:55:44,16.74,0.01,107,179117,买盘
28,14:55:41,16.73,-0.01,56,93688,卖盘
29,14:55:38,16.74,0.01,94,157355,买盘
30,14:55:32,16.73,-0.01,176,294448,卖盘
31,14:55:29,16.74,0.01,22,36828,买盘
32,14:55:26,16.73,-0.01,1,1673,卖盘
33,14:55:23,16.74,-0.01,152,254447,卖盘
34,14:55:17,16.75,0.02,216,361800,买盘
35,14:55:14,16.73,-0.01,242,404866,卖盘
36,14:55:11,16.74,--,126,210923,卖盘
37,14:55:08,16.74,-0.01,233,390041,卖盘
38,14:55:05,16.75,0.01,85,142375,买盘
39,14:55:02,16.74,-0.01,29,48545,卖盘
40,14:54:59,16.75,--,2366,3963050,买盘
41,14:54:56,16.75,--,64,107200,买盘
42,14:54:53,16.75,--,85,142375,买盘
43,14:54:47,16.75,0.01,162,271350,买盘
44,14:54:44,16.74,--,51,85373,卖盘
45,14:54:41,16.74,--,351,587574,买盘
46,14:54:38,16.74,--,239,400085,卖盘
47,14:54:32,16.74,--,44,73656,卖盘
48,14:54:29,16.74,0.01,148,247751,买盘
49,14:54:23,16.73,-0.01,44,73612,卖盘
50,14:54:20,16.74,--,131,219293,卖盘
51,14:54:17,16.74,--,205,343169,卖盘
52,14:54:14,16.74,--,1075,1799549,买盘
53,14:54:08,16.74,0.01,64,107135,买盘
54,14:54:05,16.73,--,32,53536,卖盘
55,14:54:02,16.73,--,547,915131,买盘
56,14:53:59,16.73,--,404,675892,卖盘
57,14:53:56,16.73,--,87,145551,卖盘
58,14:53:50,16.73,-0.01,255,426615,卖盘
59,14:53:47,16.74,0.01,61,102113,买盘
60,14:53:44,16.73,-0.01,22,36806,卖盘
61,14:53:41,16.74,0.01,71,118853,买盘
62,14:53:38,16.73,--,20,33460,卖盘
63,14:53:35,16.73,--,282,471786,买盘
64,14:53:32,16.73,--,101,168973,买盘
65,14:53:29,16.73,-0.01,295,493535,卖盘
66,14:53:23,16.74,0.01,100,167399,买盘
67,14:53:20,16.73,--,161,269353,卖盘
68,14:53:14,16.73,-0.01,66,110418,中性盘
69,14:53:08,16.74,0.01,311,520747,买盘
70,14:53:05,16.73,--,47,78631,卖盘
71,14:53:02,16.73,--,4,6692,卖盘
72,14:52:59,16.73,--,126,210798,卖盘
73,14:52:56,16.73,--,210,351330,卖盘
74,14:52:53,16.73,0.01,699,1170230,买盘
75,14:52:50,16.72,--,358,598576,卖盘
76,14:52:44,16.72,-0.01,19,31767,卖盘
77,14:52:41,16.73,--,4,6692,买盘
78,14:52:38,16.73,0.01,17,28441,买盘
79,14:52:35,16.72,0.01,13,21736,买盘
80,14:52:32,16.71,-0.02,39,65169,卖盘
81,14:52:29,16.73,0.01,236,394828,买盘
82,14:52:23,16.72,-0.01,42,70224,卖盘
83,14:52:20,16.73,0.01,132,220836,买盘
84,14:52:14,16.72,--,145,242439,买盘
85,14:52:11,16.72,--,28,46816,买盘
86,14:52:05,16.72,--,29,48488,买盘
87,14:52:02,16.72,--,98,163856,买盘
88,14:51:59,16.72,-0.01,234,391248,卖盘
89,14:51:56,16.73,0.01,3,5019,买盘
90,14:51:53,16.72,--,100,167200,卖盘
91,14:51:50,16.72,--,128,214016,卖盘
92,14:51:44,16.72,--,26,43472,卖盘
93,14:51:41,16.72,-0.01,46,76912,卖盘
94,14:51:35,16.73,--,26,43498,买盘
95,14:51:32,16.73,0.01,68,113764,买盘
96,14:51:29,16.72,--,178,297616,卖盘
97,14:51:23,16.72,-0.01,350,585200,卖盘
98,14:51:17,16.73,--,3,5019,买盘
99,14:51:14,16.73,--,55,92015,买盘
100,14:51:11,16.73,--,124,207452,买盘
101,14:51:08,16.73,0.01,126,210798,买盘
102,14:51:05,16.72,-0.01,85,142120,卖盘
103,14:51:02,16.73,--,49,81977,买盘
104,14:50:56,16.73,0.01,39,65247,买盘
105,14:50:53,16.72,-0.01,100,167200,卖盘
106,14:50:50,16.73,0.01,59,98707,买盘
107,14:50:47,16.72,-0.01,21,35112,卖盘
108,14:50:44,16.73,0.01,3,5019,买盘
109,14:50:41,16.72,-0.01,164,274208,卖盘
110,14:50:35,16.73,--,77,128821,卖盘
111,14:50:32,16.73,--,16,26768,卖盘
112,14:50:29,16.73,--,72,120456,卖盘
113,14:50:26,16.73,-0.01,27,45171,卖盘
114,14:50:23,16.74,0.01,8,13391,买盘
115,14:50:20,16.73,-0.01,82,137186,卖盘
116,14:50:16,16.74,0.01,111,185813,买盘
117,14:50:13,16.73,-0.01,3,5019,卖盘
118,14:50:10,16.74,--,12,20087,买盘
119,14:50:07,16.74,--,20,33480,买盘
120,14:50:04,16.74,0.01,50,83699,买盘
121,14:50:01,16.73,--,13,21749,卖盘
122,14:49:58,16.73,-0.01,143,239239,卖盘
123,14:49:55,16.74,0.01,50,83699,买盘
124,14:49:52,16.73,--,14,23422,卖盘
125,14:49:46,16.73,-0.01,11,18403,卖盘
126,14:49:43,16.74,--,12,20087,买盘
127,14:49:40,16.74,--,72,120527,买盘
128,14:49:37,16.74,0.01,14,23435,买盘
129,14:49:34,16.73,-0.01,238,398174,卖盘
130,14:49:28,16.74,0.01,19,31805,买盘
131,14:49:25,16.73,--,27,45171,卖盘
132,14:49:22,16.73,--,34,56882,卖盘
133,14:49:19,16.73,--,40,66920,卖盘
134,14:49:16,16.73,--,121,202433,买盘
135,14:49:13,16.73,--,15,25095,买盘
136,14:49:10,16.73,--,20,33460,买盘
137,14:49:07,16.73,--,15,25095,买盘
138,14:49:04,16.73,--,72,120456,买盘
139,14:49:01,16.73,0.01,263,439999,买盘
140,14:48:58,16.72,-0.01,12,20064,卖盘
141,14:48:55,16.73,--,32,53536,买盘
142,14:48:52,16.73,--,55,92015,买盘
143,14:48:49,16.73,--,21,35133,买盘
144,14:48:46,16.73,--,13,21749,买盘
145,14:48:37,16.73,--,73,122129,卖盘
146,14:48:34,16.73,--,40,66920,卖盘
147,14:48:31,16.73,--,126,210798,卖盘
148,14:48:25,16.73,--,166,277718,卖盘
149,14:48:22,16.73,--,86,143878,卖盘
150,14:48:19,16.73,--,32,53536,卖盘
151,14:48:13,16.73,--,284,475132,买盘
152,14:48:10,16.73,--,96,160608,买盘
153,14:48:07,16.73,0.01,39,65247,买盘
154,14:48:04,16.72,--,13,21736,卖盘
155,14:48:01,16.72,-0.01,193,322696,卖盘
156,14:47:58,16.73,0.01,97,162281,买盘
157,14:47:55,16.72,--,150,250799,卖盘
158,14:47:52,16.72,-0.01,18,30095,卖盘
159,14:47:49,16.73,--,40,66920,买盘
160,14:47:46,16.73,0.01,120,200760,买盘
161,14:47:43,16.72,--,32,53504,卖盘
162,14:47:40,16.72,--,7,11704,卖盘
163,14:47:37,16.72,--,5,8360,卖盘
164,14:47:28,16.72,0.01,499,835464,买盘
165,14:47:25,16.71,--,182,305726,卖盘
166,14:47:19,16.71,-0.01,99,165495,卖盘
167,14:47:16,16.72,0.01,112,188869,买盘
168,14:47:13,16.71,--,196,328384,卖盘
169,14:47:10,16.71,-0.01,101,168771,卖盘
170,14:47:07,16.72,0.01,49,81928,买盘
171,14:47:01,16.71,--,9,15039,卖盘
172,14:46:58,16.71,--,11,18381,卖盘
173,14:46:55,16.71,--,32,53472,卖盘
174,14:46:52,16.71,--,115,192967,买盘
175,14:46:49,16.71,--,3,5079,买盘
176,14:46:46,16.71,0.01,16,28340,买盘
177,14:46:43,16.7,-0.01,14,23380,卖盘
178,14:46:40,16.71,0.01,604,1009284,买盘
179,14:46:37,16.7,-0.01,25,41816,卖盘
180,14:46:31,16.71,0.01,78,130338,买盘
181,14:46:28,16.7,--,166,277220,卖盘
182,14:46:25,16.7,--,134,223780,卖盘
183,14:46:19,16.7,--,20,33400,卖盘
184,14:46:16,16.7,--,100,168603,卖盘
185,14:46:13,16.7,--,20,33400,卖盘
186,14:46:07,16.7,--,73,121976,卖盘
187,14:46:04,16.7,--,16,26720,卖盘
188,14:46:01,16.7,0.01,34,56780,买盘
189,14:45:58,16.69,--,14,23366,卖盘
190,14:45:55,16.69,--,44,75038,卖盘
191,14:45:52,16.69,--,89,148607,卖盘
192,14:45:49,16.69,-0.01,12,20028,卖盘
193,14:45:46,16.7,--,16,26720,买盘
194,14:45:43,16.7,0.01,54,91783,买盘
195,14:45:40,16.69,-0.01,73,121903,卖盘
196,14:45:37,16.7,0.01,2,3340,买盘
197,14:45:34,16.69,--,24,40056,卖盘
198,14:45:28,16.69,--,20,34982,卖盘
199,14:45:25,16.69,-0.01,30,50070,卖盘
200,14:45:22,16.7,0.01,13,21776,买盘
201,14:45:19,16.69,--,108,180252,卖盘
202,14:45:16,16.69,-0.01,94,158488,卖盘
203,14:45:10,16.7,0.01,332,554440,买盘
204,14:45:07,16.69,--,69,115227,卖盘
205,14:45:04,16.69,-0.01,30,50070,卖盘
206,14:45:01,16.7,0.01,12,21643,买盘
207,14:44:58,16.69,--,209,348887,卖盘
208,14:44:55,16.69,--,14,24968,卖盘
209,14:44:52,16.69,--,102,170238,卖盘
210,14:44:49,16.69,-0.01,1,1735,卖盘
211,14:44:46,16.7,--,10,16700,买盘
212,14:44:43,16.7,--,56,93520,卖盘
213,14:44:40,16.7,--,72,121843,卖盘
214,14:44:37,16.7,--,43,71876,卖盘
215,14:44:31,16.7,--,8,14963,卖盘
216,14:44:31,16.7,-0.01,105,175416,卖盘
217,14:44:25,16.71,0.01,142,237282,买盘
218,14:44:22,16.7,-0.01,266,445823,卖盘
219,14:44:19,16.71,--,18,30078,买盘
220,14:44:16,16.71,0.01,16,26736,买盘
221,14:44:13,16.7,-0.01,246,410820,卖盘
222,14:44:10,16.71,--,2,3342,买盘
223,14:44:07,16.71,--,27,45183,买盘
224,14:44:01,16.71,-0.01,345,577297,卖盘
225,14:43:58,16.72,0.01,211,353527,买盘
226,14:43:55,16.71,-0.01,50,83550,卖盘
227,14:43:52,16.72,--,14,23408,买盘
228,14:43:49,16.72,--,20,33440,买盘
229,14:43:43,16.72,--,86,143792,卖盘
230,14:43:40,16.72,--,153,255815,卖盘
231,14:43:37,16.72,--,40,66880,卖盘
232,14:43:34,16.72,-0.01,47,78584,卖盘
233,14:43:28,16.73,0.01,3,5019,买盘
234,14:43:25,16.72,-0.01,260,434719,卖盘
235,14:43:22,16.73,--,19,31787,买盘
236,14:43:19,16.73,--,29,48517,买盘
237,14:43:16,16.73,--,228,381444,卖盘
238,14:43:13,16.73,--,20,33460,卖盘
239,14:43:10,16.73,--,141,235893,卖盘
240,14:43:07,16.73,--,8,13384,卖盘
241,14:43:04,16.73,--,591,988743,卖盘
242,14:43:01,16.73,--,57,95361,卖盘
243,14:42:58,16.73,--,15,25095,卖盘
244,14:42:52,16.73,--,49,81977,卖盘
245,14:42:49,16.73,--,1,1673,卖盘
246,14:42:46,16.73,-0.01,39,65247,卖盘
247,14:42:43,16.74,0.01,93,155682,买盘
248,14:42:40,16.73,0.01,31,51863,买盘
249,14:42:37,16.72,-0.01,5,8360,卖盘
250,14:42:34,16.73,--,166,277718,卖盘
251,14:42:31,16.73,-0.01,34,56882,卖盘
252,14:42:28,16.74,--,9,15065,卖盘
253,14:42:25,16.74,--,21,35154,买盘
254,14:42:22,16.74,0.01,250,418499,买盘
255,14:42:19,16.73,--,31,51863,卖盘
256,14:42:16,16.73,--,10,16730,卖盘
257,14:42:13,16.73,--,3,5019,卖盘
258,14:42:10,16.73,--,573,958629,卖盘
259,14:42:07,16.73,-0.01,77,128821,卖盘
260,14:41:58,16.74,--,26,43523,买盘
261,14:41:55,16.74,0.01,1,1673,买盘
262,14:41:52,16.73,-0.01,15,25095,卖盘
263,14:41:49,16.74,--,106,177443,卖盘
264,14:41:43,16.74,-0.01,37,61937,中性盘
265,14:41:40,16.75,0.01,708,1186771,买盘
266,14:41:37,16.74,-0.01,201,336473,卖盘
267,14:41:34,16.75,--,89,149075,买盘
268,14:41:31,16.75,0.01,51,85425,买盘
269,14:41:28,16.74,--,78,130571,卖盘
270,14:41:25,16.74,-0.01,68,113831,卖盘
271,14:41:19,16.75,--,76,127300,买盘
272,14:41:16,16.75,--,33,55275,买盘
273,14:41:13,16.75,--,72,120600,卖盘
274,14:41:10,16.75,--,8,13400,卖盘
275,14:41:07,16.75,--,140,234500,卖盘
276,14:41:04,16.75,0.01,34,56950,买盘
277,14:41:01,16.74,-0.01,6,10043,卖盘
278,14:40:55,16.75,--,17,28475,买盘
279,14:40:52,16.75,--,10,16750,卖盘
280,14:40:49,16.75,--,22,36850,卖盘
281,14:40:46,16.75,--,93,155775,卖盘
282,14:40:43,16.75,--,25,41875,卖盘
283,14:40:40,16.75,0.01,569,953879,买盘
284,14:40:34,16.74,--,18,30131,买盘
285,14:40:31,16.74,--,21,35154,买盘
286,14:40:25,16.74,--,137,229337,卖盘
287,14:40:22,16.74,--,3,5021,卖盘
288,14:40:19,16.74,--,235,393389,卖盘
289,14:40:10,16.74,--,52,87047,卖盘
290,14:40:07,16.74,--,12,20087,卖盘
291,14:40:04,16.74,--,10,16740,卖盘
292,14:39:58,16.74,--,4,6695,卖盘
293,14:39:55,16.74,0.01,3,5021,中性盘
294,14:39:52,16.73,-0.01,316,528668,卖盘
295,14:39:49,16.74,--,6,10043,卖盘
296,14:39:46,16.74,-0.01,24,40175,买盘
297,14:39:43,16.75,0.01,188,314900,买盘
298,14:39:40,16.74,--,46,77004,买盘
299,14:39:37,16.74,--,85,142290,买盘
300,14:39:34,16.74,0.01,120,200879,买盘
301,14:39:28,16.73,-0.01,54,90342,卖盘
302,14:39:25,16.74,0.01,90,150660,买盘
303,14:39:22,16.73,--,5,8365,卖盘
304,14:39:19,16.73,--,267,446691,卖盘
305,14:39:13,16.73,--,34,56882,卖盘
306,14:39:10,16.73,-0.01,3,5019,卖盘
307,14:39:07,16.74,--,25,41849,买盘
308,14:39:04,16.74,0.01,20,33480,买盘
309,14:39:01,16.73,--,5,8365,卖盘
310,14:38:58,16.73,--,9,15057,卖盘
311,14:38:55,16.73,-0.01,37,61901,卖盘
312,14:38:49,16.74,--,7,11717,买盘
313,14:38:46,16.74,--,68,113831,买盘
314,14:38:40,16.74,-0.01,171,286254,卖盘
315,14:38:37,16.75,0.01,40,67000,买盘
316,14:38:34,16.74,-0.01,24,40175,卖盘
317,14:38:31,16.75,--,22,36850,买盘
318,14:38:28,16.75,--,27,45225,买盘
319,14:38:25,16.75,0.01,28,46900,买盘
320,14:38:22,16.74,--,12,20087,卖盘
321,14:38:16,16.74,-0.01,43,71982,卖盘
322,14:38:13,16.75,0.01,30,50250,买盘
323,14:38:10,16.74,-0.01,20,33480,卖盘
324,14:38:07,16.75,--,32,53600,买盘
325,14:38:04,16.75,--,54,90450,买盘
326,14:38:01,16.75,--,49,82075,买盘
327,14:37:58,16.75,--,66,110550,卖盘
328,14:37:55,16.75,--,30,50250,卖盘
329,14:37:52,16.75,--,15,25125,卖盘
330,14:37:49,16.75,--,10,16750,卖盘
331,14:37:46,16.75,--,12,20100,卖盘
332,14:37:43,16.75,--,176,294800,卖盘
333,14:37:37,16.75,0.01,34,56950,卖盘
334,14:37:34,16.74,-0.01,41,68634,卖盘
335,14:37:31,16.75,--,502,840850,卖盘
336,14:37:25,16.75,--,27,45225,卖盘
337,14:37:22,16.75,--,25,41875,卖盘
338,14:37:16,16.75,--,453,758775,卖盘
339,14:37:07,16.75,-0.01,29,48575,卖盘
340,14:37:04,16.76,0.01,5,8380,买盘
341,14:36:58,16.75,-0.01,56,93800,卖盘
342,14:36:55,16.76,--,3,5028,买盘
343,14:36:52,16.76,--,44,73744,买盘
344,14:36:49,16.76,-0.01,77,129052,卖盘
345,14:36:46,16.77,0.01,201,337077,买盘
346,14:36:43,16.76,--,78,130728,卖盘
347,14:36:40,16.76,-0.01,169,283244,卖盘
348,14:36:37,16.77,--,40,67080,买盘
349,14:36:34,16.77,--,122,204594,买盘
350,14:36:31,16.77,0.01,27,45279,买盘
351,14:36:25,16.76,-0.01,3,5028,卖盘
352,14:36:22,16.77,--,40,67080,买盘
353,14:36:19,16.77,-0.01,5,8385,卖盘
354,14:36:16,16.78,0.01,16,26848,买盘
355,14:36:13,16.77,0.01,284,476268,买盘
356,14:36:04,16.76,-0.01,6,10056,卖盘
357,14:35:58,16.77,--,62,103974,卖盘
358,14:35:55,16.77,--,29,48633,卖盘
359,14:35:52,16.77,--,466,781482,买盘
360,14:35:49,16.77,0.01,49,82173,买盘
361,14:35:46,16.76,--,40,67040,卖盘
362,14:35:43,16.76,--,67,112292,卖盘
363,14:35:37,16.76,--,5,8380,卖盘
364,14:35:31,16.76,-0.01,482,807832,卖盘
365,14:35:28,16.77,--,23,38571,买盘
366,14:35:22,16.77,--,58,97266,买盘
367,14:35:19,16.77,--,9,15093,买盘
368,14:35:16,16.77,--,181,303537,卖盘
369,14:35:10,16.77,--,72,120744,卖盘
370,14:35:07,16.77,--,51,85527,卖盘
371,14:35:04,16.77,--,125,209625,买盘
372,14:35:01,16.77,0.01,55,92235,买盘
373,14:34:58,16.76,--,106,177656,卖盘
374,14:34:55,16.76,-0.01,47,78772,卖盘
375,14:34:49,16.77,--,106,177762,买盘
376,14:34:46,16.77,0.01,30,50310,买盘
377,14:34:43,16.76,-0.01,7,11732,卖盘
378,14:34:40,16.77,0.01,30,50310,买盘
379,14:34:37,16.76,--,203,340228,卖盘
380,14:34:34,16.76,0.01,124,207824,中性盘
381,14:34:31,16.75,-0.01,162,271350,卖盘
382,14:34:25,16.76,--,101,169276,买盘
383,14:34:22,16.76,0.01,50,83800,买盘
384,14:34:19,16.75,-0.01,43,72025,卖盘
385,14:34:16,16.76,--,36,60336,买盘
386,14:34:13,16.76,--,82,137432,买盘
387,14:34:10,16.76,--,10,16760,买盘
388,14:34:04,16.76,0.01,41,68716,买盘
389,14:34:01,16.75,--,492,824100,买盘
390,14:33:58,16.75,0.02,1,1675,买盘
391,14:33:55,16.73,-0.02,5,8365,卖盘
392,14:33:52,16.75,0.02,119,199325,买盘
393,14:33:49,16.73,-0.01,12,20076,卖盘
394,14:33:46,16.74,-0.01,80,133920,卖盘
395,14:33:40,16.75,0.02,1,1675,买盘
396,14:33:37,16.73,--,15,25095,卖盘
397,14:33:34,16.73,0.01,977,1634521,买盘
398,14:33:31,16.72,-0.02,258,431375,卖盘
399,14:33:28,16.74,0.02,50,83699,买盘
400,14:33:25,16.72,--,10,16720,卖盘
401,14:33:22,16.72,--,62,104332,买盘
402,14:33:19,16.72,0.01,11,18392,买盘
403,14:33:13,16.71,--,151,252387,卖盘
404,14:33:10,16.71,--,74,123654,买盘
405,14:33:07,16.71,--,149,248979,买盘
406,14:33:04,16.71,0.01,50,83550,买盘
407,14:32:55,16.7,0.01,249,416698,买盘
408,14:32:52,16.69,--,1,1936,卖盘
409,14:32:49,16.69,-0.01,136,226984,卖盘
410,14:32:46,16.7,0.01,14,23380,买盘
411,14:32:40,16.69,--,525,876358,买盘
412,14:32:37,16.69,--,130,216970,买盘
413,14:32:28,16.69,--,190,317110,买盘
414,14:32:28,16.69,0.01,281,468989,买盘
415,14:32:22,16.68,-0.01,24,40032,卖盘
416,14:32:19,16.69,--,15,25035,买盘
417,14:32:16,16.69,0.01,197,328793,买盘
418,14:32:10,16.68,-0.01,13,21684,卖盘
419,14:32:07,16.69,--,112,186928,买盘
420,14:32:04,16.69,--,74,123506,买盘
421,14:32:01,16.69,--,137,228653,买盘
422,14:31:58,16.69,--,7,11683,买盘
423,14:31:55,16.69,0.01,17,28373,买盘
424,14:31:52,16.68,--,66,110088,卖盘
425,14:31:49,16.68,-0.01,24,40032,卖盘
426,14:31:46,16.69,--,20,33380,买盘
427,14:31:43,16.69,0.01,50,83450,买盘
428,14:31:40,16.68,-0.01,175,291900,卖盘
429,14:31:37,16.69,--,61,101809,买盘
430,14:31:34,16.69,--,25,41725,买盘
431,14:31:28,16.69,--,26,43394,买盘
432,14:31:22,16.69,0.01,5,8345,买盘
433,14:31:19,16.68,--,75,125100,卖盘
434,14:31:16,16.68,--,3,5004,卖盘
435,14:31:10,16.68,--,9,15012,买盘
436,14:31:07,16.68,--,60,100080,买盘
437,14:31:04,16.68,--,68,113424,买盘
438,14:31:01,16.68,--,21,35028,买盘
439,14:30:58,16.68,--,63,105084,买盘
440,14:30:55,16.68,--,82,136776,买盘
441,14:30:52,16.68,--,338,563784,卖盘
442,14:30:46,16.68,-0.01,141,235188,卖盘
443,14:30:43,16.69,--,2,3338,买盘
444,14:30:40,16.69,--,74,123506,买盘
445,14:30:34,16.69,--,61,101809,买盘
446,14:30:31,16.69,--,30,50070,买盘
447,14:30:28,16.69,-0.01,257,428933,卖盘
448,14:30:25,16.7,--,104,173680,买盘
449,14:30:22,16.7,--,66,110220,买盘
450,14:30:16,16.7,--,355,592850,买盘
451,14:30:06,16.7,0.01,52,86840,买盘
452,14:30:03,16.69,-0.01,131,218639,卖盘
453,14:30:00,16.7,--,17,28390,买盘
454,14:29:57,16.7,--,2,3340,买盘
455,14:29:54,16.7,--,67,111890,买盘
456,14:29:51,16.7,0.01,119,198730,买盘
457,14:29:48,16.69,-0.01,2,3338,卖盘
458,14:29:45,16.7,--,2,3340,买盘
459,14:29:39,16.7,--,11,18370,买盘
460,14:29:36,16.7,0.01,69,115230,买盘
461,14:29:30,16.69,-0.01,26,43394,卖盘
462,14:29:27,16.7,--,46,76820,买盘
463,14:29:24,16.7,--,26,43420,买盘
464,14:29:21,16.7,--,24,40080,卖盘
465,14:29:18,16.7,--,72,120240,买盘
466,14:29:15,16.7,0.01,51,85170,买盘
467,14:29:12,16.69,--,61,101809,卖盘
468,14:29:09,16.69,-0.01,56,93464,卖盘
469,14:29:00,16.7,0.01,1,1670,买盘
470,14:28:57,16.69,-0.01,5,8345,卖盘
471,14:28:54,16.7,--,30,50100,买盘
472,14:28:48,16.7,--,110,183700,买盘
473,14:28:45,16.7,--,15,25050,买盘
474,14:28:42,16.7,0.01,3,5010,买盘
475,14:28:39,16.69,--,8,13352,卖盘
476,14:28:36,16.69,-0.01,98,163562,卖盘
477,14:28:30,16.7,--,20,33400,买盘
478,14:28:27,16.7,0.01,11,18370,买盘
479,14:28:21,16.69,--,513,856197,卖盘
480,14:28:18,16.69,--,20,33380,卖盘
481,14:28:15,16.69,-0.01,1,1669,卖盘
482,14:28:12,16.7,0.01,94,156980,买盘
483,14:28:09,16.69,-0.01,6,10014,卖盘
484,14:28:06,16.7,--,87,145290,买盘
485,14:28:03,16.7,--,10,16700,买盘
486,14:28:00,16.7,--,25,41750,买盘
487,14:27:54,16.7,--,89,149632,卖盘
488,14:27:51,16.7,-0.01,50,83500,卖盘
489,14:27:48,16.71,0.01,13,21723,买盘
490,14:27:39,16.7,--,10,16700,卖盘
491,14:27:36,16.7,--,0,668,买盘
492,14:27:30,16.7,0.01,99,165330,买盘
493,14:27:27,16.69,-0.01,75,125175,卖盘
494,14:27:24,16.7,0.01,11,18370,买盘
495,14:27:21,16.69,--,2,3338,卖盘
496,14:27:18,16.69,-0.01,1,1669,卖盘
497,14:27:15,16.7,0.01,26,43420,买盘
498,14:27:12,16.69,--,22,36718,买盘
499,14:27:00,16.69,0.01,29,48467,买盘
500,14:26:51,16.68,0.01,40,68321,买盘
501,14:26:42,16.67,--,21,35073,卖盘
502,14:26:39,16.67,0.01,8,13336,买盘
503,14:26:27,16.66,0.01,2,4931,买盘
504,14:26:21,16.65,-0.01,48,79920,卖盘
505,14:26:18,16.66,--,88,146608,买盘
506,14:26:12,16.66,--,25,41716,买盘
507,14:26:12,16.66,0.01,50,84899,买盘
508,14:26:06,16.65,-0.01,7,11721,卖盘
509,14:26:03,16.66,0.01,32,54911,买盘
510,14:26:00,16.65,--,171,284781,买盘
511,14:25:57,16.65,--,38,63269,买盘
512,14:25:54,16.65,--,2,4928,买盘
513,14:25:48,16.65,--,5,8391,卖盘
514,14:25:45,16.65,--,40,66600,买盘
515,14:25:42,16.65,-0.01,24,39960,买盘
516,14:25:36,16.66,--,142,236572,买盘
517,14:25:33,16.66,0.01,4,6664,买盘
518,14:25:30,16.65,--,32,54878,卖盘
519,14:25:27,16.65,-0.01,15,25041,卖盘
520,14:25:24,16.66,0.01,32,53312,买盘
521,14:25:21,16.65,-0.02,4,8258,卖盘
522,14:25:09,16.67,0.01,35,58411,买盘
523,14:25:06,16.66,-0.01,4,8263,中性盘
524,14:25:03,16.67,--,7,11735,买盘
525,14:24:57,16.67,--,22,36674,买盘
526,14:24:54,16.67,0.01,20,33340,买盘
527,14:24:51,16.66,--,2,3332,卖盘
528,14:24:48,16.66,-0.01,4,8263,卖盘
529,14:24:42,16.67,0.03,43,71747,买盘
530,14:24:39,16.64,-0.02,14,24893,卖盘
531,14:24:36,16.66,0.03,21,35052,买盘
532,14:24:33,16.63,-0.02,50,84746,卖盘
533,14:24:30,16.65,0.01,46,76590,买盘
534,14:24:24,16.64,-0.02,2,3328,买盘
535,14:24:18,16.66,0.04,31,51712,买盘
536,14:24:12,16.62,-0.02,78,131231,卖盘
537,14:24:09,16.64,0.03,20,34478,买盘
538,14:24:06,16.61,-0.01,62,102982,卖盘
539,14:24:03,16.62,0.01,124,206088,卖盘
540,14:24:00,16.61,-0.02,96,159456,卖盘
541,14:23:51,16.63,--,7,11641,买盘
542,14:23:48,16.63,-0.02,31,52085,卖盘
543,14:23:45,16.65,0.02,39,66067,买盘
544,14:23:42,16.63,-0.01,666,1107558,卖盘
545,14:23:36,16.64,--,4,6656,卖盘
546,14:23:33,16.64,--,66,109824,卖盘
547,14:23:30,16.64,--,28,46592,卖盘
548,14:23:24,16.64,0.01,4,6656,中性盘
549,14:23:21,16.63,--,311,517259,卖盘
550,14:23:18,16.63,--,42,69846,卖盘
551,14:23:12,16.63,-0.01,12,19956,卖盘
552,14:23:09,16.64,0.01,6,9984,买盘
553,14:23:06,16.63,--,52,88072,卖盘
554,14:23:00,16.63,-0.01,100,166300,卖盘
555,14:22:57,16.64,--,6,9984,买盘
556,14:22:54,16.64,--,29,48322,买盘
557,14:22:51,16.64,--,32,54845,买盘
558,14:22:48,16.64,--,6,9984,买盘
559,14:22:45,16.64,-0.01,7,11714,卖盘
560,14:22:39,16.65,0.01,10,16650,卖盘
561,14:22:33,16.64,-0.02,12,19968,卖盘
562,14:22:27,16.66,-0.01,0,1599,中性盘
563,14:22:24,16.67,0.02,42,70014,买盘
564,14:22:21,16.65,--,1,1731,买盘
565,14:22:18,16.65,-0.02,78,129869,卖盘
566,14:22:12,16.67,--,6,11602,买盘
567,14:22:06,16.67,-0.01,9,15069,中性盘
568,14:22:03,16.68,--,46,76728,买盘
569,14:22:00,16.68,0.01,1610,2685480,买盘
570,14:21:57,16.67,-0.01,14,24938,卖盘
571,14:21:48,16.68,--,131,218574,卖盘
572,14:21:45,16.68,-0.01,20,33360,卖盘
573,14:21:39,16.69,--,56,95066,买盘
574,14:21:36,16.69,--,21,35115,买盘
575,14:21:33,16.69,--,24,40056,卖盘
576,14:21:30,16.69,--,80,135122,卖盘
577,14:21:27,16.69,--,55,91861,卖盘
578,14:21:24,16.69,-0.01,50,85052,卖盘
579,14:21:21,16.7,0.01,51,85236,买盘
580,14:21:18,16.69,-0.01,40,68362,中性盘
581,14:21:12,16.7,--,4,6680,买盘
582,14:21:09,16.7,--,39,65196,买盘
583,14:21:06,16.7,--,40,66800,买盘
584,14:21:03,16.7,--,83,139411,卖盘
585,14:20:57,16.7,--,197,329791,卖盘
586,14:20:54,16.7,--,310,517700,卖盘
587,14:20:51,16.7,-0.01,37,61856,卖盘
588,14:20:48,16.71,0.01,50,83550,买盘
589,14:20:45,16.7,-0.01,26,45023,卖盘
590,14:20:42,16.71,0.01,62,103602,买盘
591,14:20:36,16.7,-0.01,83,138676,卖盘
592,14:20:33,16.71,--,16,26736,买盘
593,14:20:30,16.71,0.01,4,8288,买盘
594,14:20:27,16.7,--,3,5076,卖盘
595,14:20:24,16.7,-0.01,20,35003,卖盘
596,14:20:21,16.71,--,87,145443,买盘
597,14:20:18,16.71,--,22,38366,卖盘
598,14:20:15,16.71,--,12,20052,卖盘
599,14:20:12,16.71,-0.01,71,118707,卖盘
600,14:20:09,16.72,0.01,30,50160,买盘
601,14:20:06,16.71,--,24,40104,卖盘
602,14:20:00,16.71,--,16,26736,卖盘
603,14:19:54,16.71,-0.01,2,4946,卖盘
604,14:19:48,16.72,-0.01,59,99718,卖盘
605,14:19:45,16.73,--,11,18403,买盘
606,14:19:42,16.73,0.01,9,15057,买盘
607,14:19:39,16.72,--,112,187264,卖盘
608,14:19:36,16.72,-0.01,3,5016,卖盘
609,14:19:33,16.73,-0.01,5,8365,买盘
610,14:19:30,16.74,0.01,3,5021,买盘
611,14:19:27,16.73,-0.01,139,232547,卖盘
612,14:19:21,16.74,--,11,18414,买盘
613,14:19:18,16.74,--,27,45197,买盘
614,14:19:12,16.74,--,3,5021,买盘
615,14:19:09,16.74,0.01,5,8370,买盘
616,14:19:06,16.73,-0.02,23,38479,卖盘
617,14:19:03,16.75,0.01,52,87100,买盘
618,14:19:00,16.74,--,22,36828,卖盘
619,14:18:57,16.74,0.01,20,33480,买盘
620,14:18:54,16.73,-0.02,7,11711,中性盘
621,14:18:51,16.75,0.01,71,118925,买盘
622,14:18:48,16.74,0.01,206,344843,买盘
623,14:18:45,16.73,--,5,8365,卖盘
624,14:18:39,16.73,-0.01,66,110418,卖盘
625,14:18:36,16.74,--,49,82025,卖盘
626,14:18:33,16.74,--,17,28457,卖盘
627,14:18:30,16.74,-0.01,84,140616,买盘
628,14:18:27,16.75,--,5,8375,买盘
629,14:18:24,16.75,--,12,20100,买盘
630,14:18:21,16.75,0.01,7,11725,买盘
631,14:18:15,16.74,0.01,28,46871,卖盘
632,14:18:15,16.73,-0.01,20,33460,卖盘
633,14:18:09,16.74,0.01,83,139611,买盘
634,14:18:06,16.73,--,10,18336,买盘
635,14:18:03,16.73,--,95,159001,买盘
636,14:17:54,16.73,--,68,113764,买盘
637,14:17:51,16.73,--,12,21682,买盘
638,14:17:48,16.73,--,3,5085,买盘
639,14:17:42,16.73,--,244,408212,买盘
640,14:17:39,16.73,0.01,0,1606,买盘
641,14:17:36,16.72,--,3,5082,卖盘
642,14:17:30,16.72,0.01,6,11637,买盘
643,14:17:24,16.71,--,80,133680,卖盘
644,14:17:15,16.71,--,29,48525,买盘
645,14:17:09,16.71,--,12,20052,买盘
646,14:17:06,16.71,--,24,40104,买盘
647,14:17:00,16.71,0.01,94,158678,买盘
648,14:16:54,16.7,--,30,50100,卖盘
649,14:16:51,16.7,--,1,1736,卖盘
650,14:16:48,16.7,--,20,33400,卖盘
651,14:16:42,16.7,--,84,141883,买盘
652,14:16:39,16.7,--,15,25116,买盘
653,14:16:36,16.7,--,8,13360,买盘
654,14:16:30,16.7,--,30,50100,买盘
655,14:16:27,16.7,--,58,96860,买盘
656,14:16:21,16.7,--,28,46760,买盘
657,14:16:18,16.7,--,12,21643,买盘
658,14:16:15,16.7,--,32,53440,买盘
659,14:16:12,16.7,--,87,145356,买盘
660,14:16:06,16.7,0.01,2,3340,买盘
661,14:16:00,16.69,-0.01,98,165164,卖盘
662,14:15:57,16.7,--,28,46760,买盘
663,14:15:54,16.7,--,6,10020,买盘
664,14:15:51,16.7,--,15,25116,买盘
665,14:15:48,16.7,--,174,292183,卖盘
666,14:15:45,16.7,--,215,359116,卖盘
667,14:15:39,16.7,-0.01,82,138543,卖盘
668,14:15:36,16.71,--,20,33420,买盘
669,14:15:33,16.71,--,13,21789,买盘
670,14:15:30,16.71,-0.01,104,173784,卖盘
671,14:15:27,16.72,0.01,32,55109,买盘
672,14:15:24,16.71,--,91,152127,卖盘
673,14:15:18,16.71,--,12,20052,卖盘
674,14:15:12,16.71,-0.01,18,30078,卖盘
675,14:15:09,16.72,--,22,38389,买盘
676,14:15:06,16.72,--,21,35178,买盘
677,14:15:00,16.72,--,110,183920,卖盘
678,14:14:51,16.72,-0.01,48,80256,卖盘
679,14:14:45,16.73,-0.02,255,427618,卖盘
680,14:14:39,16.75,0.01,80,134000,买盘
681,14:14:36,16.74,--,81,135594,买盘
682,14:14:33,16.74,-0.01,14,23435,卖盘
683,14:14:30,16.75,--,10,16750,买盘
684,14:14:27,16.75,0.01,2,3350,买盘
685,14:14:24,16.74,--,15,25109,卖盘
686,14:14:21,16.74,--,62,103787,卖盘
687,14:14:18,16.74,-0.01,74,123875,卖盘
688,14:14:15,16.75,0.01,110,184250,买盘
689,14:14:12,16.74,--,62,103787,卖盘
690,14:14:09,16.74,--,1,1673,卖盘
691,14:14:03,16.74,--,30,50219,卖盘
692,14:14:00,16.74,--,27,45197,卖盘
693,14:13:57,16.74,--,6,10043,卖盘
694,14:13:54,16.74,--,4,6695,卖盘
695,14:13:51,16.74,-0.01,11,18414,卖盘
696,14:13:48,16.75,--,19,31825,买盘
697,14:13:45,16.75,0.02,21,35175,买盘
698,14:13:42,16.73,-0.01,21,35133,卖盘
699,14:13:39,16.74,--,42,70308,买盘
700,14:13:36,16.74,--,75,125549,买盘
701,14:13:33,16.74,--,10,16740,买盘
702,14:13:30,16.74,--,98,164051,买盘
703,14:13:27,16.74,--,111,185813,卖盘
704,14:13:24,16.74,--,21,35154,卖盘
705,14:13:21,16.74,-0.01,8,13391,卖盘
706,14:13:18,16.75,0.01,2,3350,买盘
707,14:13:15,16.74,--,36,60263,卖盘
708,14:13:12,16.74,--,135,225989,卖盘
709,14:13:06,16.74,-0.01,94,157355,卖盘
710,14:13:03,16.75,0.01,51,85425,买盘
711,14:13:00,16.74,--,365,611010,买盘
712,14:12:54,16.74,--,53,88721,买盘
713,14:12:51,16.74,--,24,40175,买盘
714,14:12:48,16.74,0.01,9,15065,买盘
715,14:12:45,16.73,-0.02,37,61901,卖盘
716,14:12:39,16.75,0.01,65,108875,买盘
717,14:12:36,16.74,--,22,36828,卖盘
718,14:12:30,16.74,0.01,114,190835,中性盘
719,14:12:27,16.73,-0.03,18,30114,卖盘
720,14:12:24,16.76,--,17,28492,买盘
721,14:12:21,16.76,0.03,35,58660,买盘
722,14:12:18,16.73,-0.04,84,140532,卖盘
723,14:12:15,16.77,--,68,114036,买盘
724,14:12:12,16.77,--,31,51987,买盘
725,14:12:06,16.77,-0.01,355,595335,卖盘
726,14:12:06,16.78,--,177,297006,买盘
727,14:12:00,16.78,0.01,30,50340,买盘
728,14:11:57,16.77,--,31,51987,卖盘
729,14:11:54,16.77,-0.01,30,50310,卖盘
730,14:11:51,16.78,0.01,164,275192,买盘
731,14:11:45,16.77,--,104,174408,卖盘
732,14:11:42,16.77,--,57,95589,买盘
733,14:11:39,16.77,--,30,50310,买盘
734,14:11:33,16.77,0.01,3,5031,买盘
735,14:11:30,16.76,--,56,93856,买盘
736,14:11:27,16.76,--,18,30168,买盘
737,14:11:24,16.76,--,88,147488,买盘
738,14:11:21,16.76,0.01,3,5028,买盘
739,14:11:18,16.75,--,10,16750,卖盘
740,14:11:15,16.75,--,20,33500,卖盘
741,14:11:12,16.75,0.02,522,874350,买盘
742,14:11:06,16.73,--,5,8365,卖盘
743,14:10:57,16.73,--,389,651399,买盘
744,14:10:53,16.73,--,8,13384,买盘
745,14:10:47,16.73,--,31,51929,买盘
746,14:10:44,16.73,0.01,200,334600,买盘
747,14:10:41,16.72,0.01,8,13376,买盘
748,14:10:35,16.71,--,38,63498,买盘
749,14:10:32,16.71,--,62,103602,买盘
750,14:10:26,16.71,--,20,33420,买盘
751,14:10:20,16.71,0.01,100,168704,买盘
752,14:10:17,16.7,--,61,101936,买盘
753,14:10:14,16.7,0.02,208,348963,买盘
754,14:10:08,16.68,-0.01,57,95142,卖盘
755,14:10:05,16.69,--,18,30042,买盘
756,14:10:02,16.69,--,40,66760,买盘
757,14:09:59,16.69,--,42,70098,买盘
758,14:09:56,16.69,0.01,32,55010,买盘
759,14:09:47,16.68,0.01,461,769014,买盘
760,14:09:41,16.67,-0.01,4,6668,卖盘
761,14:09:38,16.68,0.01,6,10008,买盘
762,14:09:35,16.67,--,34,56678,卖盘
763,14:09:32,16.67,0.02,216,361672,买盘
764,14:09:26,16.65,-0.02,79,131601,卖盘
765,14:09:23,16.67,0.01,8,13336,买盘
766,14:09:20,16.66,-0.01,0,1599,卖盘
767,14:09:17,16.67,0.02,2,3334,买盘
768,14:09:11,16.65,-0.01,59,98301,卖盘
769,14:09:08,16.66,--,20,34919,买盘
770,14:09:05,16.66,--,63,105024,买盘
771,14:09:02,16.66,0.01,62,104891,买盘
772,14:08:59,16.65,--,30,49949,买盘
773,14:08:56,16.65,--,91,151581,买盘
774,14:08:53,16.65,--,42,69930,买盘
775,14:08:50,16.65,--,42,69930,买盘
776,14:08:47,16.65,0.01,70,116549,买盘
777,14:08:41,16.64,0.01,20,34877,买盘
778,14:08:38,16.63,0.01,109,181333,买盘
779,14:08:35,16.62,--,10,18215,卖盘
780,14:08:26,16.62,--,11,18348,卖盘
781,14:08:23,16.62,0.01,158,264191,买盘
782,14:08:17,16.61,--,1,1727,卖盘
783,14:08:11,16.61,-0.01,4,8238,卖盘
784,14:08:08,16.62,-0.01,82,136284,卖盘
785,14:08:05,16.63,0.01,2,3326,买盘
786,14:07:59,16.62,-0.01,90,149580,卖盘
787,14:07:56,16.63,0.02,68,113084,买盘
788,14:07:53,16.61,-0.01,56,93016,卖盘
789,14:07:50,16.62,0.01,10,16620,买盘
790,14:07:47,16.61,-0.01,151,250877,卖盘
791,14:07:44,16.62,0.01,8,14891,买盘
792,14:07:41,16.61,--,20,33220,卖盘
793,14:07:35,16.61,-0.01,11,18337,卖盘
794,14:07:29,16.62,--,132,219384,买盘
795,14:07:26,16.62,-0.01,18,29916,卖盘
796,14:07:23,16.63,0.02,8,13304,买盘
797,14:07:17,16.61,-0.01,122,204236,卖盘
798,14:07:05,16.62,-0.01,4,6648,卖盘
799,14:07:02,16.63,0.01,16,26608,买盘
800,14:06:59,16.62,0.01,69,114744,买盘
801,14:06:53,16.61,--,10,18204,卖盘
802,14:06:50,16.61,-0.01,1,1727,卖盘
803,14:06:47,16.62,--,28,46536,买盘
804,14:06:44,16.62,--,4,6648,买盘
805,14:06:41,16.62,--,6,9972,买盘
806,14:06:38,16.62,-0.01,2,3324,买盘
807,14:06:35,16.63,--,58,96454,买盘
808,14:06:32,16.63,--,0,1596,买盘
809,14:06:26,16.63,0.01,221,367523,买盘
810,14:06:23,16.62,--,14,23268,卖盘
811,14:06:20,16.62,-0.01,5,8310,卖盘
812,14:06:17,16.63,--,54,89802,买盘
813,14:06:14,16.63,--,46,76498,买盘
814,14:06:11,16.63,0.01,20,33260,买盘
815,14:06:08,16.62,-0.01,172,285864,卖盘
816,14:06:05,16.63,-0.01,13,21619,卖盘
817,14:05:59,16.64,0.01,44,73216,买盘
818,14:05:56,16.63,--,106,176278,卖盘
819,14:05:53,16.63,-0.01,23,38249,卖盘
820,14:05:50,16.64,--,2,3328,买盘
821,14:05:44,16.64,0.01,10,16640,买盘
822,14:05:41,16.63,-0.01,30,49890,卖盘
823,14:05:38,16.64,--,5,8320,买盘
824,14:05:32,16.64,0.01,1,1664,买盘
825,14:05:29,16.63,-0.01,15,24945,卖盘
826,14:05:26,16.64,--,38,64097,卖盘
827,14:05:23,16.64,--,36,59904,卖盘
828,14:05:17,16.64,--,30,49920,卖盘
829,14:05:14,16.64,--,25,41600,卖盘
830,14:05:11,16.64,0.01,28,47390,买盘
831,14:05:08,16.63,-0.01,11,18293,卖盘
832,14:05:02,16.64,--,13,21632,买盘
833,14:04:56,16.64,--,51,85729,卖盘
834,14:04:44,16.64,-0.01,211,351902,卖盘
835,14:04:41,16.65,0.01,1,1664,买盘
836,14:04:38,16.64,-0.01,59,98176,卖盘
837,14:04:26,16.65,--,46,76590,卖盘
838,14:04:20,16.65,0.01,61,101564,买盘
839,14:04:17,16.64,--,42,69888,卖盘
840,14:04:14,16.64,0.02,46,76544,中性盘
841,14:04:08,16.62,-0.02,28,46536,卖盘
842,14:04:02,16.64,--,5,8320,卖盘
843,14:03:59,16.64,--,10,16640,卖盘
844,14:03:56,16.64,--,6,9984,买盘
845,14:03:53,16.64,--,7,11714,买盘
846,14:03:47,16.64,0.03,8,14909,买盘
847,14:03:38,16.61,-0.01,35,58201,卖盘
848,14:03:35,16.62,--,32,54779,卖盘
849,14:03:29,16.62,0.02,112,186144,买盘
850,14:03:23,16.6,--,8,13280,卖盘
851,14:03:20,16.6,-0.01,7,11686,卖盘
852,14:03:17,16.61,--,18,31492,买盘
853,14:03:14,16.61,--,6,9966,买盘
854,14:03:11,16.61,--,12,19932,买盘
855,14:03:08,16.61,-0.01,348,578426,卖盘
856,14:03:05,16.62,0.01,103,171186,买盘
857,14:02:59,16.61,--,11,18271,卖盘
858,14:02:56,16.61,-0.01,1,1661,卖盘
859,14:02:53,16.62,0.01,1,1662,买盘
860,14:02:44,16.61,-0.01,83,137863,卖盘
861,14:02:41,16.62,-0.02,149,247638,卖盘
862,14:02:38,16.64,--,41,68224,买盘
863,14:02:35,16.64,0.01,43,71552,买盘
864,14:02:26,16.63,--,172,287632,卖盘
865,14:02:23,16.63,-0.01,15,25011,卖盘
866,14:02:20,16.64,-0.01,30,49920,买盘
867,14:02:17,16.65,--,50,83250,买盘
868,14:02:14,16.65,--,0,1598,买盘
869,14:02:11,16.65,--,13,21711,买盘
870,14:02:08,16.65,--,2,3329,卖盘
871,14:02:05,16.65,--,28,48218,买盘
872,14:02:02,16.65,--,1,1731,买盘
873,14:01:59,16.65,-0.01,410,684248,卖盘
874,14:01:53,16.66,--,12,19992,买盘
875,14:01:50,16.66,--,25,41716,买盘
876,14:01:44,16.66,-0.01,40,66640,中性盘
877,14:01:38,16.67,--,68,114956,买盘
878,14:01:35,16.67,0.01,23,38407,买盘
879,14:01:29,16.66,-0.01,168,279888,卖盘
880,14:01:20,16.67,--,22,38274,买盘
881,14:01:17,16.67,--,63,105087,卖盘
882,14:01:14,16.67,-0.01,46,76682,卖盘
883,14:01:08,16.68,0.01,244,406992,买盘
884,14:01:05,16.67,--,8,13336,卖盘
885,14:01:02,16.67,--,66,110022,买盘
886,14:00:59,16.67,--,144,240048,买盘
887,14:00:56,16.67,--,34,56678,买盘
888,14:00:53,16.67,--,14,24938,买盘
889,14:00:50,16.67,0.01,174,290058,买盘
890,14:00:47,16.66,-0.01,25,41716,卖盘
891,14:00:41,16.67,--,56,94952,买盘
892,14:00:38,16.67,--,2,3334,买盘
893,14:00:35,16.67,0.01,51,85083,买盘
894,14:00:32,16.66,--,0,1599,卖盘
895,14:00:26,16.66,--,116,193256,买盘
896,14:00:20,16.66,0.01,191,318272,买盘
897,14:00:17,16.65,-0.01,24,39960,卖盘
898,14:00:08,16.66,0.01,22,36652,买盘
899,14:00:05,16.65,0.01,62,104828,中性盘
900,14:00:02,16.64,--,17,28354,卖盘
901,13:59:59,16.64,-0.01,62,104765,卖盘
902,13:59:56,16.65,--,168,279720,买盘
903,13:59:53,16.65,0.01,4,6659,买盘
904,13:59:50,16.64,-0.01,47,78274,卖盘
905,13:59:47,16.65,0.02,290,482849,买盘
906,13:59:41,16.63,-0.02,70,118006,卖盘
907,13:59:38,16.65,--,150,249749,买盘
908,13:59:35,16.65,--,60,99899,买盘
909,13:59:32,16.65,0.01,72,119879,买盘
910,13:59:17,16.64,0.01,76,126464,买盘
911,13:59:14,16.63,--,20,33260,卖盘
912,13:59:11,16.63,-0.01,6,9978,卖盘
913,13:59:08,16.64,0.01,10,16640,买盘
914,13:59:02,16.63,-0.01,75,124791,卖盘
915,13:58:59,16.64,0.01,2,3328,买盘
916,13:58:56,16.63,-0.01,30,49890,卖盘
917,13:58:53,16.64,0.01,4,6656,买盘
918,13:58:50,16.63,--,30,49890,买盘
919,13:58:47,16.63,--,12,19956,买盘
920,13:58:44,16.63,--,25,41575,买盘
921,13:58:41,16.63,--,2,3326,买盘
922,13:58:38,16.63,--,115,191245,买盘
923,13:58:35,16.63,0.01,10,16630,买盘
924,13:58:32,16.62,-0.01,15,24930,卖盘
925,13:58:26,16.63,0.01,13,21619,买盘
926,13:58:23,16.62,-0.01,6,9972,卖盘
927,13:58:20,16.63,0.01,13,21619,买盘
928,13:58:17,16.62,--,22,36564,卖盘
929,13:58:14,16.62,--,10,16620,卖盘
930,13:58:08,16.62,--,2,3324,卖盘
931,13:58:05,16.62,--,3,4986,卖盘
932,13:58:02,16.62,--,160,265920,买盘
933,13:57:59,16.62,--,7,11634,买盘
934,13:57:53,16.62,0.01,2,3324,买盘
935,13:57:47,16.61,-0.01,18,29898,卖盘
936,13:57:44,16.62,--,285,473670,买盘
937,13:57:41,16.62,--,32,53184,买盘
938,13:57:38,16.62,--,33,54846,买盘
939,13:57:35,16.62,--,151,250962,买盘
940,13:57:29,16.62,--,1,1662,买盘
941,13:57:26,16.62,--,25,41550,卖盘
942,13:57:23,16.62,-0.01,93,154566,卖盘
943,13:57:20,16.63,0.01,10,16630,买盘
944,13:57:17,16.62,-0.01,9,14958,卖盘
945,13:57:14,16.63,--,36,59868,买盘
946,13:57:11,16.63,0.01,25,41575,买盘
947,13:57:08,16.62,-0.01,5,8310,卖盘
948,13:57:05,16.63,--,10,16630,买盘
949,13:57:02,16.63,--,124,207808,买盘
950,13:56:56,16.63,0.01,4,6652,买盘
951,13:56:53,16.62,-0.01,42,69804,卖盘
952,13:56:50,16.63,--,7,11641,买盘
953,13:56:41,16.63,0.01,82,136366,买盘
954,13:56:35,16.62,--,44,73128,卖盘
955,13:56:32,16.62,-0.02,37,61494,卖盘
956,13:56:26,16.64,--,323,537472,买盘
957,13:56:20,16.64,--,4,6656,买盘
958,13:56:14,16.64,--,19,31616,买盘
959,13:56:11,16.64,--,29,48256,买盘
960,13:56:08,16.64,--,20,33280,买盘
961,13:56:05,16.64,0.01,18,29952,买盘
962,13:56:02,16.63,-0.01,60,99780,卖盘
963,13:55:59,16.64,--,5,8320,买盘
964,13:55:56,16.64,--,5,8320,买盘
965,13:55:50,16.64,0.01,60,99840,买盘
966,13:55:47,16.63,-0.01,32,53216,卖盘
967,13:55:41,16.64,0.01,6,9984,买盘
968,13:55:35,16.63,--,18,29934,卖盘
969,13:55:32,16.63,--,32,53282,卖盘
970,13:55:29,16.63,--,1,1663,卖盘
971,13:55:23,16.63,0.01,24,39912,买盘
972,13:55:20,16.62,-0.01,6,9972,卖盘
973,13:55:17,16.63,--,78,129713,买盘
974,13:55:14,16.63,--,2,3326,买盘
975,13:55:11,16.63,--,17,28271,买盘
976,13:55:08,16.63,--,36,59868,卖盘
977,13:55:05,16.63,-0.01,1,1663,卖盘
978,13:55:02,16.64,0.01,50,83200,买盘
979,13:54:56,16.63,--,26,43238,卖盘
980,13:54:50,16.63,--,1,1663,卖盘
981,13:54:47,16.63,--,37,61530,买盘
982,13:54:44,16.63,--,107,177941,买盘
983,13:54:38,16.63,0.01,5,8315,买盘
984,13:54:35,16.62,-0.01,17,28254,卖盘
985,13:54:32,16.63,--,41,68183,买盘
986,13:54:26,16.63,--,72,119736,买盘
987,13:54:23,16.63,--,7,11641,买盘
988,13:54:20,16.63,--,10,16630,买盘
989,13:54:17,16.63,0.01,28,46564,买盘
990,13:54:14,16.62,-0.01,70,116340,卖盘
991,13:54:11,16.63,0.01,11,18293,买盘
992,13:54:08,16.62,-0.01,179,297498,卖盘
993,13:54:05,16.63,0.01,10,16630,买盘
994,13:54:02,16.62,--,18,29916,买盘
995,13:53:56,16.62,--,16,26592,买盘
996,13:53:53,16.62,--,8,13296,卖盘
997,13:53:50,16.62,--,12,19944,卖盘
998,13:53:47,16.62,0.01,59,98058,买盘
999,13:53:44,16.61,-0.01,10,16610,卖盘
1000,13:53:41,16.62,-0.01,29,48198,买盘
1001,13:53:35,16.63,0.01,2,3326,买盘
1002,13:53:32,16.62,--,32,53184,卖盘
1003,13:53:29,16.62,--,39,64818,买盘
1004,13:53:26,16.62,0.01,18,29916,中性盘
1005,13:53:23,16.61,-0.01,42,69762,卖盘
1006,13:53:17,16.62,--,5,8310,卖盘
1007,13:53:11,16.62,--,11,18282,卖盘
1008,13:53:08,16.62,0.01,44,74424,买盘
1009,13:53:05,16.61,--,5,8305,买盘
1010,13:53:02,16.61,--,46,76406,买盘
1011,13:52:59,16.61,-0.01,30,49830,中性盘
1012,13:52:56,16.62,0.01,193,320766,买盘
1013,13:52:53,16.61,--,90,149490,卖盘
1014,13:52:50,16.61,--,90,149490,卖盘
1015,13:52:44,16.61,-0.01,9,14949,中性盘
1016,13:52:41,16.62,0.01,21,34902,买盘
1017,13:52:35,16.61,--,28,46508,卖盘
1018,13:52:32,16.61,--,5,8305,卖盘
1019,13:52:26,16.61,-0.01,17,28237,中性盘
1020,13:52:23,16.62,0.02,3,4986,买盘
1021,13:52:20,16.6,--,112,185920,卖盘
1022,13:52:17,16.6,-0.01,6,9960,卖盘
1023,13:52:14,16.61,--,231,383691,卖盘
1024,13:52:08,16.61,-0.01,15,24915,卖盘
1025,13:52:05,16.62,--,15,24930,买盘
1026,13:52:02,16.62,0.01,61,101382,买盘
1027,13:51:56,16.61,--,16,26576,卖盘
1028,13:51:53,16.61,-0.01,9,14949,卖盘
1029,13:51:50,16.62,--,38,63156,买盘
1030,13:51:47,16.62,0.01,2,3324,买盘
1031,13:51:44,16.61,-0.02,79,132215,卖盘
1032,13:51:41,16.63,0.01,19,31596,卖盘
1033,13:51:38,16.62,-0.01,50,83100,卖盘
1034,13:51:34,16.63,--,3,4989,卖盘
1035,13:51:31,16.63,0.01,42,69846,中性盘
1036,13:51:28,16.62,--,64,106368,卖盘
1037,13:51:25,16.62,-0.01,113,187806,卖盘
1038,13:51:19,16.63,-0.01,11,18293,买盘
1039,13:51:16,16.64,--,11,18304,买盘
1040,13:51:13,16.64,-0.01,176,294494,卖盘
1041,13:51:07,16.65,--,38,63269,买盘
1042,13:51:04,16.65,0.01,303,504494,买盘
1043,13:50:58,16.64,--,70,116480,卖盘
1044,13:50:55,16.64,--,50,83200,买盘
1045,13:50:49,16.64,--,66,109824,买盘
1046,13:50:46,16.64,--,175,291200,买盘
1047,13:50:43,16.64,--,25,41600,买盘
1048,13:50:40,16.64,0.01,34,57274,买盘
1049,13:50:31,16.63,--,335,557105,买盘
1050,13:50:28,16.63,0.01,86,143018,买盘
1051,13:50:25,16.62,--,65,108030,卖盘
1052,13:50:22,16.62,-0.01,170,282540,卖盘
1053,13:50:19,16.63,0.01,12,19956,买盘
1054,13:50:16,16.62,0.01,110,182820,买盘
1055,13:50:13,16.61,-0.01,78,129558,卖盘
1056,13:50:10,16.62,0.01,3,4986,买盘
1057,13:50:07,16.61,-0.01,71,117931,卖盘
1058,13:50:04,16.62,--,11,18282,买盘
1059,13:50:01,16.62,0.01,30,49860,买盘
1060,13:49:58,16.61,--,30,49830,买盘
1061,13:49:55,16.61,0.01,20,33220,买盘
1062,13:49:49,16.6,--,30,49800,买盘
1063,13:49:46,16.6,0.01,56,92960,卖盘
1064,13:49:43,16.59,-0.02,23,38787,卖盘
1065,13:49:37,16.61,0.02,143,237556,买盘
1066,13:49:34,16.59,--,97,160923,卖盘
1067,13:49:31,16.59,-0.01,62,102858,卖盘
1068,13:49:25,16.6,0.01,120,200826,买盘
1069,13:49:22,16.59,0.01,77,127743,买盘
1070,13:49:19,16.58,--,2,3315,卖盘
1071,13:49:16,16.58,-0.01,50,82899,卖盘
1072,13:49:13,16.59,0.01,118,195762,买盘
1073,13:49:10,16.58,--,82,135956,买盘
1074,13:49:07,16.58,--,36,59687,买盘
1075,13:49:04,16.58,--,14,23211,买盘
1076,13:49:01,16.58,0.03,75,124349,买盘
1077,13:48:58,16.55,0.01,169,280952,中性盘
1078,13:48:55,16.54,-0.02,305,504470,卖盘
1079,13:48:52,16.56,0.01,91,151755,买盘
1080,13:48:49,16.55,--,3,4965,买盘
1081,13:48:43,16.55,0.02,41,67855,买盘
1082,13:48:40,16.53,--,91,150423,卖盘
1083,13:48:37,16.53,--,105,174424,卖盘
1084,13:48:34,16.53,-0.01,71,117363,卖盘
1085,13:48:31,16.54,0.01,60,99240,中性盘
1086,13:48:28,16.53,-0.01,162,267786,卖盘
1087,13:48:25,16.54,0.01,28,46312,买盘
1088,13:48:22,16.53,-0.02,126,208278,卖盘
1089,13:48:19,16.55,0.02,8,13240,买盘
1090,13:48:16,16.53,-0.02,199,328947,卖盘
1091,13:48:13,16.55,-0.01,44,72820,中性盘
1092,13:48:10,16.56,0.01,174,288144,买盘
1093,13:48:07,16.55,-0.01,890,1473943,卖盘
1094,13:48:01,16.56,--,1051,1740455,买盘
1095,13:47:58,16.56,0.01,137,226871,买盘
1096,13:47:55,16.55,-0.01,263,435265,卖盘
1097,13:47:52,16.56,--,193,319608,买盘
1098,13:47:49,16.56,--,53,87768,买盘
1099,13:47:46,16.56,0.01,70,116582,买盘
1100,13:47:43,16.55,-0.01,62,102610,卖盘
1101,13:47:40,16.56,--,324,536544,买盘
1102,13:47:37,16.56,-0.01,2498,4136687,卖盘
1103,13:47:31,16.57,-0.01,307,509494,卖盘
1104,13:47:28,16.58,0.01,48,79583,买盘
1105,13:47:25,16.57,--,94,155758,卖盘
1106,13:47:19,16.57,--,277,458989,卖盘
1107,13:47:16,16.57,-0.01,51,84507,卖盘
1108,13:47:13,16.58,0.01,27,44765,买盘
1109,13:47:07,16.57,--,772,1280131,卖盘
1110,13:47:04,16.57,--,43,71251,卖盘
1111,13:47:01,16.57,--,55,91135,卖盘
1112,13:46:58,16.57,-0.01,100,165700,卖盘
1113,13:46:55,16.58,--,18,29843,买盘
1114,13:46:52,16.58,0.01,18,29843,买盘
1115,13:46:49,16.57,-0.01,57,95840,卖盘
1116,13:46:46,16.58,--,25,41449,卖盘
1117,13:46:43,16.58,0.01,30,49739,卖盘
1118,13:46:40,16.57,-0.01,166,275062,卖盘
1119,13:46:37,16.58,--,8,13263,卖盘
1120,13:46:34,16.58,0.01,86,142587,中性盘
1121,13:46:28,16.57,--,115,190555,卖盘
1122,13:46:22,16.57,--,2,3314,卖盘
1123,13:46:19,16.57,-0.02,1404,2326428,卖盘
1124,13:46:16,16.59,--,30,49770,卖盘
1125,13:46:10,16.59,0.01,1,1659,卖盘
1126,13:46:07,16.58,--,191,316876,卖盘
1127,13:46:04,16.58,-0.01,1734,2874971,卖盘
1128,13:46:01,16.59,0.01,120,199080,买盘
1129,13:45:58,16.58,-0.01,118,195643,卖盘
1130,13:45:55,16.59,0.01,105,174195,买盘
1131,13:45:52,16.58,--,65,107769,卖盘
1132,13:45:46,16.58,0.01,205,339889,买盘
1133,13:45:40,16.57,--,125,207887,卖盘
1134,13:45:37,16.57,-0.01,97,161789,卖盘
1135,13:45:34,16.58,0.01,210,348179,买盘
1136,13:45:31,16.57,--,93,154101,买盘
1137,13:45:28,16.57,-0.01,65,107705,卖盘
1138,13:45:25,16.58,--,5,8290,买盘
1139,13:45:22,16.58,0.02,70,116059,买盘
1140,13:45:19,16.56,-0.02,319,528264,卖盘
1141,13:45:13,16.58,--,296,490767,买盘
1142,13:45:10,16.58,--,86,142587,买盘
1143,13:45:07,16.58,--,43,71293,买盘
1144,13:45:04,16.58,-0.01,418,693043,买盘
1145,13:44:58,16.59,0.01,299,496041,买盘
1146,13:44:55,16.58,--,41,67978,买盘
1147,13:44:49,16.58,--,616,1022820,卖盘
1148,13:44:46,16.58,-0.01,109,180854,卖盘
1149,13:44:43,16.59,--,57,94563,买盘
1150,13:44:40,16.59,--,152,252168,买盘
1151,13:44:34,16.59,-0.01,260,431373,卖盘
1152,13:44:31,16.6,0.01,324,537840,买盘
1153,13:44:28,16.59,-0.01,61,101199,卖盘
1154,13:44:25,16.6,0.01,60,99600,买盘
1155,13:44:22,16.59,-0.01,78,129402,卖盘
1156,13:44:19,16.6,--,142,235720,买盘
1157,13:44:16,16.6,--,62,102920,买盘
1158,13:44:13,16.6,-0.01,154,257134,卖盘
1159,13:44:10,16.61,0.01,1046,1737406,买盘
1160,13:44:01,16.6,-0.01,102,169320,卖盘
1161,13:43:58,16.61,0.01,55,91355,买盘
1162,13:43:55,16.6,-0.01,96,159360,卖盘
1163,13:43:52,16.61,--,38,63118,卖盘
1164,13:43:49,16.61,--,553,918533,买盘
1165,13:43:46,16.61,--,402,667722,卖盘
1166,13:43:43,16.61,-0.01,46,76406,卖盘
1167,13:43:40,16.62,--,2,3324,买盘
1168,13:43:37,16.62,--,226,375612,卖盘
1169,13:43:34,16.62,--,45,74790,买盘
1170,13:43:31,16.62,-0.01,25,41550,中性盘
1171,13:43:25,16.63,--,357,593857,买盘
1172,13:43:22,16.63,0.02,70,116410,买盘
1173,13:43:19,16.61,-0.01,741,1230801,卖盘
1174,13:43:16,16.62,--,55,91410,买盘
1175,13:43:13,16.62,--,48,79776,买盘
1176,13:43:10,16.62,--,15,24930,买盘
1177,13:43:07,16.62,-0.01,489,812718,卖盘
1178,13:43:04,16.63,--,84,139692,买盘
1179,13:43:01,16.63,--,47,78161,买盘
1180,13:42:55,16.63,--,64,106432,买盘
1181,13:42:52,16.63,-0.01,25,41575,中性盘
1182,13:42:46,16.64,0.01,277,460928,买盘
1183,13:42:46,16.63,-0.01,385,640255,卖盘
1184,13:42:40,16.64,-0.01,109,181376,卖盘
1185,13:42:34,16.65,0.01,77,128204,买盘
1186,13:42:31,16.64,--,24,39936,买盘
1187,13:42:28,16.64,--,81,134784,卖盘
1188,13:42:25,16.64,-0.01,27,44928,卖盘
1189,13:42:16,16.65,--,79,132434,卖盘
1190,13:42:13,16.65,--,101,168930,卖盘
1191,13:42:10,16.65,0.02,914,1521809,买盘
1192,13:42:07,16.63,--,63,104769,买盘
1193,13:42:04,16.63,--,155,257764,买盘
1194,13:42:01,16.63,-0.02,506,841478,卖盘
1195,13:41:58,16.65,--,77,128204,买盘
1196,13:41:55,16.65,0.01,40,66600,买盘
1197,13:41:52,16.64,--,346,575744,买盘
1198,13:41:49,16.64,-0.01,37,61568,卖盘
1199,13:41:43,16.65,--,115,191474,买盘
1200,13:41:40,16.65,0.01,38,63269,买盘
1201,13:41:34,16.64,-0.01,296,492544,卖盘
1202,13:41:31,16.65,0.01,94,156510,买盘
1203,13:41:28,16.64,-0.01,46,76544,卖盘
1204,13:41:25,16.65,-0.01,86,143190,卖盘
1205,13:41:19,16.66,--,39,64974,买盘
1206,13:41:16,16.66,--,41,68306,买盘
1207,13:41:13,16.66,0.02,45,74970,买盘
1208,13:41:10,16.64,--,85,141440,卖盘
1209,13:41:07,16.64,-0.02,15,24960,卖盘
1210,13:41:04,16.66,0.04,27,44982,买盘
1211,13:41:01,16.62,0.01,219,363978,买盘
1212,13:40:58,16.61,-0.01,943,1566323,卖盘
1213,13:40:55,16.62,--,404,671448,卖盘
1214,13:40:52,16.62,-0.01,440,731280,卖盘
1215,13:40:49,16.63,0.02,137,227831,买盘
1216,13:40:46,16.61,--,173,287353,卖盘
1217,13:40:43,16.61,-0.01,33,54813,卖盘
1218,13:40:40,16.62,--,62,103044,买盘
1219,13:40:34,16.62,--,131,217722,买盘
1220,13:40:31,16.62,--,56,93072,买盘
1221,13:40:25,16.62,0.01,61,101382,买盘
1222,13:40:22,16.61,0.01,265,440165,买盘
1223,13:40:16,16.6,--,635,1054100,买盘
1224,13:40:10,16.6,--,1983,3291780,卖盘
1225,13:40:07,16.6,-0.01,169,280540,卖盘
1226,13:40:04,16.61,-0.01,66,109626,卖盘
1227,13:39:58,16.62,--,747,1241514,买盘
1228,13:39:55,16.62,-0.01,694,1153428,卖盘
1229,13:39:52,16.63,0.01,124,206212,买盘
1230,13:39:49,16.62,-0.01,430,714660,卖盘
1231,13:39:43,16.63,--,335,557105,买盘
1232,13:39:40,16.63,--,214,355882,买盘
1233,13:39:37,16.63,--,96,159648,买盘
1234,13:39:34,16.63,--,1085,1804355,卖盘
1235,13:39:31,16.63,-0.02,184,305992,卖盘
1236,13:39:25,16.65,0.01,264,439559,买盘
1237,13:39:22,16.64,--,86,143104,买盘
1238,13:39:19,16.64,--,94,156416,卖盘
1239,13:39:16,16.64,-0.01,79,131456,卖盘
1240,13:39:13,16.65,-0.01,201,334665,卖盘
1241,13:39:10,16.66,--,391,651406,买盘
1242,13:39:07,16.66,--,215,358190,买盘
1243,13:39:04,16.66,--,64,106624,买盘
1244,13:39:01,16.66,-0.01,231,384846,卖盘
1245,13:38:58,16.67,0.01,203,338401,买盘
1246,13:38:55,16.66,--,841,1401106,卖盘
1247,13:38:52,16.66,-0.01,77,128282,卖盘
1248,13:38:49,16.67,-0.01,230,383410,卖盘
1249,13:38:43,16.68,0.01,54,90072,买盘
1250,13:38:40,16.67,0.01,82,136694,买盘
1251,13:38:37,16.66,--,61,101626,卖盘
1252,13:38:34,16.66,-0.01,269,448154,卖盘
1253,13:38:31,16.67,--,85,141695,卖盘
1254,13:38:25,16.67,-0.02,651,1085217,卖盘
1255,13:38:22,16.69,--,4,6676,买盘
1256,13:38:16,16.69,-0.01,25,41725,卖盘
1257,13:38:13,16.7,--,183,305610,买盘
1258,13:38:07,16.7,--,31,51770,买盘
1259,13:38:04,16.7,-0.01,109,182931,卖盘
1260,13:38:01,16.71,0.01,328,548088,买盘
1261,13:37:58,16.7,--,637,1063790,卖盘
1262,13:37:52,16.7,--,552,921840,卖盘
1263,13:37:49,16.7,-0.01,43,71810,卖盘
1264,13:37:46,16.71,0.01,26,43446,买盘
1265,13:37:43,16.7,--,524,875080,卖盘
1266,13:37:40,16.7,--,274,457580,卖盘
1267,13:37:37,16.7,--,6,10020,卖盘
1268,13:37:34,16.7,-0.01,205,342350,卖盘
1269,13:37:31,16.71,--,902,1507242,卖盘
1270,13:37:25,16.71,--,224,374304,卖盘
1271,13:37:22,16.71,-0.01,568,949128,卖盘
1272,13:37:13,16.72,0.01,329,550088,买盘
1273,13:37:07,16.71,-0.01,109,182139,卖盘
1274,13:37:04,16.72,--,79,132088,买盘
1275,13:36:58,16.72,-0.01,21,35112,中性盘
1276,13:36:49,16.73,0.01,291,486843,买盘
1277,13:36:46,16.72,--,95,159308,卖盘
1278,13:36:43,16.72,-0.01,419,701370,卖盘
1279,13:36:40,16.73,--,204,341292,买盘
1280,13:36:37,16.73,0.01,40,66920,买盘
1281,13:36:34,16.72,--,71,118711,卖盘
1282,13:36:31,16.72,-0.01,152,254143,卖盘
1283,13:36:28,16.73,0.01,15,25095,买盘
1284,13:36:25,16.72,-0.01,28,47886,卖盘
1285,13:36:22,16.73,0.01,10,16730,买盘
1286,13:36:16,16.72,--,200,334400,卖盘
1287,13:36:13,16.72,-0.01,10,16720,卖盘
1288,13:36:10,16.73,--,25,41825,买盘
1289,13:36:07,16.73,--,22,36806,买盘
1290,13:35:58,16.73,--,10,16730,买盘
1291,13:35:55,16.73,-0.01,273,457732,卖盘
1292,13:35:49,16.74,--,77,128897,买盘
1293,13:35:46,16.74,0.01,18,30131,买盘
1294,13:35:40,16.73,--,65,108745,卖盘
1295,13:35:37,16.73,--,10,16730,卖盘
1296,13:35:34,16.73,--,5,8365,卖盘
1297,13:35:31,16.73,-0.01,100,167300,卖盘
1298,13:35:25,16.74,0.01,5,8370,买盘
1299,13:35:22,16.73,--,49,82411,卖盘
1300,13:35:19,16.73,-0.01,21,35133,卖盘
1301,13:35:13,16.74,--,1,1673,买盘
1302,13:35:10,16.74,--,32,53567,买盘
1303,13:35:07,16.74,--,20,33480,买盘
1304,13:35:04,16.74,--,54,90395,卖盘
1305,13:35:01,16.74,0.01,44,73656,买盘
1306,13:34:58,16.73,-0.01,21,35133,卖盘
1307,13:34:55,16.74,--,8,13391,买盘
1308,13:34:49,16.74,--,323,542141,买盘
1309,13:34:46,16.74,0.01,8,13391,买盘
1310,13:34:43,16.73,-0.01,12,20076,卖盘
1311,13:34:40,16.74,0.01,19,31805,买盘
1312,13:34:31,16.73,-0.01,80,133840,卖盘
1313,13:34:28,16.74,-0.01,319,534006,卖盘
1314,13:34:25,16.75,--,4,6700,买盘
1315,13:34:19,16.75,0.01,4,6700,买盘
1316,13:34:16,16.74,-0.01,9,15065,卖盘
1317,13:34:13,16.75,0.01,33,55275,买盘
1318,13:34:07,16.74,-0.01,1,1673,卖盘
1319,13:34:04,16.75,--,2,3350,买盘
1320,13:34:01,16.75,0.01,10,16750,买盘
1321,13:33:55,16.74,-0.01,89,150593,卖盘
1322,13:33:52,16.75,--,41,68675,卖盘
1323,13:33:49,16.75,--,28,46900,卖盘
1324,13:33:40,16.75,0.01,3,5025,卖盘
1325,13:33:37,16.74,-0.01,195,326429,卖盘
1326,13:33:34,16.75,0.01,13,21775,中性盘
1327,13:33:28,16.74,-0.02,80,133920,卖盘
1328,13:33:25,16.76,0.01,60,100560,买盘
1329,13:33:19,16.75,--,32,53600,卖盘
1330,13:33:16,16.75,--,10,16750,卖盘
1331,13:33:10,16.75,--,134,224450,买盘
1332,13:33:10,16.75,0.01,6,10050,买盘
1333,13:33:04,16.74,--,50,83900,卖盘
1334,13:33:01,16.74,-0.01,130,217619,卖盘
1335,13:32:49,16.75,0.01,6,10050,买盘
1336,13:32:43,16.74,--,16,26783,卖盘
1337,13:32:40,16.74,-0.01,51,85373,卖盘
1338,13:32:34,16.75,0.02,1,1675,买盘
1339,13:32:28,16.73,-0.01,94,157262,卖盘
1340,13:32:25,16.74,--,9,15400,买盘
1341,13:32:22,16.74,--,212,356227,买盘
1342,13:32:19,16.74,0.01,33,55241,买盘
1343,13:32:16,16.73,-0.01,55,92015,卖盘
1344,13:32:10,16.74,--,13,21761,买盘
1345,13:32:07,16.74,0.01,22,36828,买盘
1346,13:32:04,16.73,--,17,28775,卖盘
1347,13:31:54,16.73,-0.01,47,78631,卖盘
1348,13:31:51,16.74,--,69,115505,买盘
1349,13:31:48,16.74,0.01,41,68634,买盘
1350,13:31:42,16.73,-0.01,30,50190,卖盘
1351,13:31:39,16.74,--,1,1673,买盘
1352,13:31:36,16.74,0.02,4,6695,买盘
1353,13:31:33,16.72,--,29,48488,卖盘
1354,13:31:30,16.72,-0.01,80,133760,卖盘
1355,13:31:24,16.73,--,5,8365,卖盘
1356,13:31:18,16.73,--,19,33326,卖盘
1357,13:31:15,16.73,--,25,43029,买盘
1358,13:31:06,16.73,-0.02,176,294916,卖盘
1359,13:31:03,16.75,0.02,5,8375,买盘
1360,13:31:00,16.73,-0.01,222,372811,卖盘
1361,13:30:57,16.74,--,48,80351,卖盘
1362,13:30:51,16.74,-0.01,13,21761,卖盘
1363,13:30:48,16.75,0.01,23,38525,买盘
1364,13:30:45,16.74,-0.01,3,5021,中性盘
1365,13:30:42,16.75,--,27,45225,买盘
1366,13:30:39,16.75,0.01,204,341700,买盘
1367,13:30:36,16.74,-0.01,16,26783,卖盘
1368,13:30:33,16.75,0.01,10,16750,买盘
1369,13:30:30,16.74,--,11,19753,卖盘
1370,13:30:27,16.74,-0.01,100,167399,卖盘
1371,13:30:18,16.75,--,12,20100,买盘
1372,13:30:12,16.75,--,15,25125,买盘
1373,13:30:09,16.75,--,16,26800,买盘
1374,13:30:03,16.75,-0.01,8,13400,中性盘
1375,13:29:57,16.76,0.02,8,13408,中性盘
1376,13:29:51,16.74,-0.03,198,332523,卖盘
1377,13:29:48,16.77,0.01,107,179807,买盘
1378,13:29:45,16.76,0.01,67,112828,买盘
1379,13:29:42,16.75,-0.01,13,21775,卖盘
1380,13:29:39,16.76,--,23,38548,买盘
1381,13:29:36,16.76,--,24,40224,买盘
1382,13:29:33,16.76,--,16,28190,买盘
1383,13:29:30,16.76,--,30,50280,买盘
1384,13:29:27,16.76,-0.01,120,201120,卖盘
1385,13:29:24,16.77,0.01,14,23478,买盘
1386,13:29:21,16.76,--,91,152516,卖盘
1387,13:29:15,16.76,-0.01,10,16760,卖盘
1388,13:29:12,16.77,--,181,303537,买盘
1389,13:29:09,16.77,--,30,50310,买盘
1390,13:29:03,16.77,0.01,20,33540,买盘
1391,13:28:57,16.76,--,15,25140,卖盘
1392,13:28:54,16.76,--,32,53632,卖盘
1393,13:28:48,16.76,0.01,32,53632,买盘
1394,13:28:45,16.75,--,13,22244,卖盘
1395,13:28:42,16.75,-0.01,21,35175,卖盘
1396,13:28:39,16.76,--,11,18436,买盘
1397,13:28:36,16.76,0.01,9,15084,买盘
1398,13:28:33,16.75,-0.01,32,53600,卖盘
1399,13:28:30,16.76,0.01,97,162572,卖盘
1400,13:28:27,16.75,-0.01,80,134000,卖盘
1401,13:28:21,16.76,--,81,135756,买盘
1402,13:28:18,16.76,--,14,23464,买盘
1403,13:28:15,16.76,--,59,98884,买盘
1404,13:28:09,16.76,--,1,1676,买盘
1405,13:28:06,16.76,--,22,36872,买盘
1406,13:28:03,16.76,--,14,23464,买盘
1407,13:28:00,16.76,--,10,16760,买盘
1408,13:27:54,16.76,0.01,102,171655,买盘
1409,13:27:36,16.75,--,83,139661,买盘
1410,13:27:33,16.75,--,14,23450,买盘
1411,13:27:27,16.75,0.01,96,160800,买盘
1412,13:27:24,16.74,--,93,156887,卖盘
1413,13:27:21,16.74,--,10,16740,卖盘
1414,13:27:18,16.74,--,8,13391,卖盘
1415,13:27:15,16.74,--,1,1673,卖盘
1416,13:27:12,16.74,--,54,90395,买盘
1417,13:27:09,16.74,-0.01,8,13391,中性盘
1418,13:27:03,16.75,0.02,85,142375,买盘
1419,13:27:00,16.73,-0.01,20,33460,卖盘
1420,13:26:57,16.74,0.01,9,15065,买盘
1421,13:26:51,16.73,--,173,289696,买盘
1422,13:26:45,16.73,--,44,73612,买盘
1423,13:26:42,16.73,0.01,52,86996,中性盘
1424,13:26:39,16.72,-0.01,18,30095,卖盘
1425,13:26:36,16.73,--,14,23422,中性盘
1426,13:26:33,16.73,--,44,73612,买盘
1427,13:26:30,16.73,0.01,38,63574,买盘
1428,13:26:27,16.72,--,87,145464,卖盘
1429,13:26:24,16.72,-0.01,85,142120,卖盘
1430,13:26:21,16.73,0.01,51,85323,买盘
1431,13:26:18,16.72,-0.01,31,52668,卖盘
1432,13:26:12,16.73,--,24,40152,买盘
1433,13:26:09,16.73,--,5,8365,买盘
1434,13:26:06,16.73,--,247,413231,买盘
1435,13:26:03,16.73,0.01,73,122129,买盘
1436,13:26:00,16.72,-0.01,10,16720,卖盘
1437,13:25:57,16.73,0.01,15,26132,买盘
1438,13:25:54,16.72,-0.01,90,150480,卖盘
1439,13:25:48,16.73,--,18,30114,买盘
1440,13:25:45,16.73,0.01,41,68593,买盘
1441,13:25:42,16.72,-0.01,10,18091,卖盘
1442,13:25:36,16.73,--,139,232547,买盘
1443,13:25:33,16.73,--,32,53536,买盘
1444,13:25:30,16.73,--,75,125475,买盘
1445,13:25:27,16.73,0.01,3,5019,买盘
1446,13:25:24,16.72,-0.01,90,150480,卖盘
1447,13:25:15,16.73,--,29,48517,买盘
1448,13:25:12,16.73,--,8,13384,买盘
1449,13:25:06,16.73,--,45,76255,卖盘
1450,13:25:03,16.73,--,29,48517,卖盘
1451,13:25:00,16.73,--,89,148897,卖盘
1452,13:24:54,16.73,-0.01,15,25563,卖盘
1453,13:24:51,16.74,0.01,91,152334,买盘
1454,13:24:48,16.73,--,342,572400,买盘
1455,13:24:45,16.73,0.02,291,486843,买盘
1456,13:24:39,16.71,-0.01,132,221140,卖盘
1457,13:24:36,16.72,--,27,45144,卖盘
1458,13:24:33,16.72,--,58,96976,买盘
1459,13:24:24,16.72,0.01,20,33440,买盘
1460,13:24:21,16.71,-0.01,114,190494,卖盘
1461,13:24:18,16.72,--,146,244111,卖盘
1462,13:24:15,16.72,-0.01,22,36784,卖盘
1463,13:24:12,16.73,0.01,22,36806,买盘
1464,13:24:09,16.72,--,114,190608,卖盘
1465,13:24:06,16.72,--,262,439669,卖盘
1466,13:24:03,16.72,-0.01,10,16720,卖盘
1467,13:24:00,16.73,0.01,11,18403,买盘
1468,13:23:57,16.72,-0.01,179,299288,卖盘
1469,13:23:54,16.73,0.01,43,71939,买盘
1470,13:23:51,16.72,-0.01,51,85272,卖盘
1471,13:23:48,16.73,--,19,31787,买盘
1472,13:23:45,16.73,0.01,18,30114,买盘
1473,13:23:42,16.72,-0.02,73,123493,卖盘
1474,13:23:36,16.74,0.01,73,122201,买盘
1475,13:23:33,16.73,--,47,78865,卖盘
1476,13:23:30,16.73,--,25,41825,卖盘
1477,13:23:27,16.73,--,216,361368,卖盘
1478,13:23:24,16.73,-0.01,107,179011,卖盘
1479,13:23:21,16.74,--,6,10043,买盘
1480,13:23:15,16.74,--,2,3347,卖盘
1481,13:23:12,16.74,-0.01,35,58589,卖盘
1482,13:23:09,16.75,0.01,15,25125,买盘
1483,13:23:06,16.74,-0.01,12,20087,中性盘
1484,13:23:03,16.75,0.02,3,5025,卖盘
1485,13:23:00,16.73,-0.02,172,288124,卖盘
1486,13:22:57,16.75,0.01,239,400727,买盘
1487,13:22:54,16.74,-0.01,526,881963,卖盘
1488,13:22:51,16.75,--,8,13400,买盘
1489,13:22:48,16.75,0.01,56,93800,买盘
1490,13:22:45,16.74,-0.01,30,50219,卖盘
1491,13:22:42,16.75,0.01,10,16750,买盘
1492,13:22:39,16.74,-0.01,23,38502,卖盘
1493,13:22:36,16.75,--,54,90450,买盘
1494,13:22:33,16.75,--,4,6700,买盘
1495,13:22:27,16.75,--,121,204182,卖盘
1496,13:22:21,16.75,-0.01,40,67502,卖盘
1497,13:22:18,16.76,--,18,30804,卖盘
1498,13:22:15,16.76,--,18,30168,卖盘
1499,13:22:12,16.76,--,5,8380,卖盘
1500,13:22:06,16.76,--,23,39084,买盘
1501,13:22:03,16.76,0.01,1,1676,买盘
1502,13:22:00,16.75,-0.01,55,92125,卖盘
1503,13:21:57,16.76,--,17,28492,买盘
1504,13:21:54,16.76,--,3,5028,买盘
1505,13:21:51,16.76,--,4,7843,卖盘
1506,13:21:48,16.76,0.01,36,60872,买盘
1507,13:21:45,16.75,-0.01,38,63650,卖盘
1508,13:21:42,16.76,--,101,169276,买盘
1509,13:21:39,16.76,0.01,90,150840,买盘
1510,13:21:36,16.75,--,21,35175,卖盘
1511,13:21:33,16.75,-0.01,27,45225,卖盘
1512,13:21:30,16.76,--,33,55308,买盘
1513,13:21:27,16.76,0.01,70,117320,买盘
1514,13:21:21,16.75,-0.01,120,201000,卖盘
1515,13:21:18,16.76,0.01,50,83800,买盘
1516,13:21:15,16.75,--,58,97150,卖盘
1517,13:21:12,16.75,-0.01,182,304850,卖盘
1518,13:21:09,16.76,--,31,51956,买盘
1519,13:21:06,16.76,0.01,10,16760,买盘
1520,13:21:03,16.75,-0.01,55,93498,卖盘
1521,13:20:57,16.76,--,61,102236,买盘
1522,13:20:54,16.76,0.01,65,108940,买盘
1523,13:20:51,16.75,-0.01,139,233294,卖盘
1524,13:20:45,16.76,--,15,25140,买盘
1525,13:20:42,16.76,--,58,97208,买盘
1526,13:20:39,16.76,--,75,125700,买盘
1527,13:20:36,16.76,0.01,10,16760,买盘
1528,13:20:33,16.75,-0.01,31,51925,卖盘
1529,13:20:27,16.76,--,20,33520,买盘
1530,13:20:24,16.76,0.01,5,8380,买盘
1531,13:20:21,16.75,-0.01,82,137350,卖盘
1532,13:20:18,16.76,0.01,22,36872,买盘
1533,13:20:15,16.75,0.01,57,95475,卖盘
1534,13:20:12,16.74,-0.01,170,284580,卖盘
1535,13:20:09,16.75,--,93,156143,买盘
1536,13:20:03,16.75,--,166,278083,买盘
1537,13:20:00,16.75,--,12,20100,买盘
1538,13:19:57,16.75,--,7,11725,买盘
1539,13:19:54,16.75,--,7,11725,买盘
1540,13:19:48,16.75,--,49,82075,买盘
1541,13:19:45,16.75,--,10,16750,买盘
1542,13:19:42,16.75,--,84,142207,买盘
1543,13:19:39,16.75,--,42,70350,买盘
1544,13:19:36,16.75,--,3,6331,卖盘
1545,13:19:33,16.75,--,48,80768,卖盘
1546,13:19:30,16.75,--,6,10050,卖盘
1547,13:19:27,16.75,0.01,3,5025,卖盘
1548,13:19:21,16.74,-0.01,116,194183,卖盘
1549,13:19:18,16.75,--,162,272723,买盘
1550,13:19:12,16.75,0.01,81,135976,买盘
1551,13:19:09,16.74,--,10,16740,卖盘
1552,13:19:06,16.74,-0.01,35,58589,卖盘
1553,13:19:03,16.75,0.01,10,16750,买盘
1554,13:19:00,16.74,0.01,61,102113,买盘
1555,13:18:57,16.73,-0.01,35,58555,卖盘
1556,13:18:54,16.74,--,100,167399,买盘
1557,13:18:51,16.74,0.01,11,18414,买盘
1558,13:18:48,16.73,-0.01,15,25095,卖盘
1559,13:18:45,16.74,--,43,71982,买盘
1560,13:18:39,16.74,--,7,11717,买盘
1561,13:18:36,16.74,--,146,244403,卖盘
1562,13:18:30,16.74,--,9,15065,买盘
1563,13:18:27,16.74,0.01,84,140616,买盘
1564,13:18:24,16.73,-0.01,88,147224,卖盘
1565,13:18:18,16.74,--,141,237574,买盘
1566,13:18:15,16.74,--,121,202553,买盘
1567,13:18:12,16.74,--,7,11717,买盘
1568,13:18:09,16.74,--,87,145638,买盘
1569,13:18:06,16.74,--,34,56915,卖盘
1570,13:18:03,16.74,--,22,36828,买盘
1571,13:18:00,16.74,0.01,69,115874,买盘
1572,13:17:57,16.73,--,9,15057,买盘
1573,13:17:54,16.73,--,246,412862,卖盘
1574,13:17:51,16.73,--,38,63574,卖盘
1575,13:17:45,16.73,-0.02,361,603953,卖盘
1576,13:17:39,16.75,0.01,11,18425,买盘
1577,13:17:36,16.74,0.01,28,47909,买盘
1578,13:17:27,16.73,-0.01,130,218125,卖盘
1579,13:17:24,16.74,-0.01,10,16740,卖盘
1580,13:17:21,16.75,0.01,11,19463,买盘
1581,13:17:18,16.74,--,85,142290,卖盘
1582,13:17:15,16.74,-0.01,13,21761,中性盘
1583,13:17:12,16.75,0.01,25,42679,买盘
1584,13:17:06,16.74,--,9,15065,卖盘
1585,13:17:03,16.74,-0.01,8,13391,中性盘
1586,13:17:00,16.75,0.02,51,85425,买盘
1587,13:16:57,16.73,-0.02,42,70266,卖盘
1588,13:16:54,16.75,0.01,246,412050,买盘
1589,13:16:51,16.74,0.01,30,50219,买盘
1590,13:16:48,16.73,-0.01,32,54740,卖盘
1591,13:16:45,16.74,--,12,20087,卖盘
1592,13:16:42,16.74,--,19,31805,卖盘
1593,13:16:36,16.74,-0.01,1,1673,中性盘
1594,13:16:30,16.75,0.01,5,8375,买盘
1595,13:16:27,16.74,-0.01,5,8370,中性盘
1596,13:16:21,16.75,0.01,247,413725,买盘
1597,13:16:15,16.74,-0.01,25,41849,卖盘
1598,13:16:12,16.75,--,17,28475,买盘
1599,13:16:09,16.75,--,28,47570,买盘
1600,13:16:06,16.75,0.01,6,10050,买盘
1601,13:16:03,16.74,-0.02,25,41849,卖盘
1602,13:16:00,16.76,0.02,1,1676,买盘
1603,13:15:57,16.74,--,51,85373,卖盘
1604,13:15:54,16.74,-0.01,7,11717,卖盘
1605,13:15:51,16.75,0.01,23,38525,中性盘
1606,13:15:48,16.74,--,5,8370,卖盘
1607,13:15:42,16.74,-0.01,89,148986,卖盘
1608,13:15:39,16.75,--,200,335000,买盘
1609,13:15:36,16.75,--,18,30150,买盘
1610,13:15:33,16.75,0.01,57,95475,买盘
1611,13:15:30,16.74,-0.01,13,21761,卖盘
1612,13:15:27,16.75,--,27,45225,买盘
1613,13:15:24,16.75,0.01,7,11725,买盘
1614,13:15:21,16.74,--,26,43523,卖盘
1615,13:15:18,16.74,-0.01,88,147312,卖盘
1616,13:15:12,16.75,0.01,177,298116,中性盘
1617,13:15:09,16.74,-0.01,45,75330,卖盘
1618,13:15:06,16.75,--,50,84554,卖盘
1619,13:15:03,16.75,--,2,3350,卖盘
1620,13:15:00,16.75,0.01,52,87100,买盘
1621,13:14:57,16.74,-0.01,6,10043,卖盘
1622,13:14:54,16.75,0.01,13,21775,买盘
1623,13:14:51,16.74,-0.01,55,92069,卖盘
1624,13:14:45,16.75,--,25,42042,买盘
1625,13:14:39,16.75,0.01,12,20100,买盘
1626,13:14:36,16.74,-0.01,88,147814,卖盘
1627,13:14:33,16.75,--,30,50250,买盘
1628,13:14:30,16.75,0.01,5,8375,买盘
1629,13:14:27,16.74,-0.01,2,3347,卖盘
1630,13:14:24,16.75,0.01,15,25125,卖盘
1631,13:14:21,16.74,--,6,10043,卖盘
1632,13:14:18,16.74,--,86,143964,卖盘
1633,13:14:15,16.74,--,20,33480,卖盘
1634,13:14:12,16.74,-0.01,24,40175,卖盘
1635,13:14:09,16.75,0.01,38,63650,中性盘
1636,13:14:00,16.74,-0.01,119,199205,卖盘
1637,13:13:57,16.75,--,89,149075,买盘
1638,13:13:51,16.75,0.01,26,43550,卖盘
1639,13:13:48,16.74,--,57,95417,卖盘
1640,13:13:45,16.74,-0.02,1062,1777787,卖盘
1641,13:13:42,16.76,--,15,25140,买盘
1642,13:13:39,16.76,0.01,48,80448,买盘
1643,13:13:36,16.75,-0.01,38,63650,卖盘
1644,13:13:33,16.76,0.01,127,212852,买盘
1645,13:13:30,16.75,--,5,8375,卖盘
1646,13:13:27,16.75,--,40,67000,卖盘
1647,13:13:24,16.75,-0.01,10,16750,卖盘
1648,13:13:20,16.76,0.01,3,5028,买盘
1649,13:13:17,16.75,-0.01,210,352520,卖盘
1650,13:13:11,16.76,--,69,116716,买盘
1651,13:13:08,16.76,0.01,1,1676,买盘
1652,13:13:05,16.75,-0.01,120,201000,卖盘
1653,13:13:02,16.76,--,180,301680,买盘
1654,13:12:56,16.76,0.01,13,21788,买盘
1655,13:12:50,16.75,-0.01,20,33500,卖盘
1656,13:12:44,16.76,0.01,7,11732,买盘
1657,13:12:38,16.75,-0.01,99,166863,卖盘
1658,13:12:32,16.76,--,10,16760,卖盘
1659,13:12:29,16.76,--,64,108135,卖盘
1660,13:12:23,16.76,--,7,11732,卖盘
1661,13:12:20,16.76,--,71,118996,卖盘
1662,13:12:17,16.76,--,51,85476,卖盘
1663,13:12:14,16.76,--,80,134080,卖盘
1664,13:12:11,16.76,-0.01,8,13408,卖盘
1665,13:12:08,16.77,--,17,28509,买盘
1666,13:12:05,16.77,--,17,28509,买盘
1667,13:12:02,16.77,-0.01,97,162669,卖盘
1668,13:11:59,16.78,-0.01,67,112426,卖盘
1669,13:11:56,16.79,0.01,125,209875,买盘
1670,13:11:53,16.78,0.01,6,10068,买盘
1671,13:11:50,16.77,-0.01,607,1017939,卖盘
1672,13:11:41,16.78,0.01,15,25170,中性盘
1673,13:11:38,16.77,-0.02,8,13416,卖盘
1674,13:11:35,16.79,0.01,3,5037,买盘
1675,13:11:32,16.78,--,17,28660,卖盘
1676,13:11:29,16.78,0.01,16,26848,买盘
1677,13:11:26,16.77,--,10,16770,卖盘
1678,13:11:23,16.77,-0.02,51,85527,卖盘
1679,13:11:20,16.79,-0.01,6,10074,中性盘
1680,13:11:17,16.8,--,14,23520,买盘
1681,13:11:14,16.8,0.02,98,166286,买盘
1682,13:11:11,16.78,-0.02,15,25237,卖盘
1683,13:11:08,16.8,0.02,26,43680,买盘
1684,13:11:05,16.78,-0.01,19,31882,卖盘
1685,13:11:02,16.79,--,10,16790,卖盘
1686,13:10:59,16.79,--,5,8395,卖盘
1687,13:10:53,16.79,0.01,173,291743,中性盘
1688,13:10:50,16.78,--,3,5034,卖盘
1689,13:10:47,16.78,--,20,33560,卖盘
1690,13:10:44,16.78,--,132,221496,卖盘
1691,13:10:32,16.78,--,17,28526,卖盘
1692,13:10:26,16.78,--,20,33560,卖盘
1693,13:10:23,16.78,--,10,16780,卖盘
1694,13:10:20,16.78,0.01,34,57421,买盘
1695,13:10:17,16.77,--,15,25155,买盘
1696,13:10:14,16.77,0.01,5,8385,买盘
1697,13:10:11,16.76,-0.01,208,349915,卖盘
1698,13:10:08,16.77,--,136,228440,卖盘
1699,13:10:02,16.77,--,22,36894,卖盘
1700,13:09:59,16.77,--,48,80496,卖盘
1701,13:09:56,16.77,--,11,18447,卖盘
1702,13:09:53,16.77,--,39,65403,卖盘
1703,13:09:50,16.77,-0.01,16,26832,买盘
1704,13:09:47,16.78,0.01,71,119138,买盘
1705,13:09:44,16.77,0.01,56,93912,买盘
1706,13:09:38,16.76,--,8,13408,卖盘
1707,13:09:35,16.76,--,27,45252,卖盘
1708,13:09:32,16.76,--,7,11732,卖盘
1709,13:09:29,16.76,-0.01,8,13408,卖盘
1710,13:09:23,16.77,--,5,8385,买盘
1711,13:09:20,16.77,0.01,20,34177,中性盘
1712,13:09:14,16.76,-0.01,259,434184,卖盘
1713,13:09:11,16.77,-0.01,86,144222,卖盘
1714,13:09:08,16.78,--,4,6712,买盘
1715,13:09:05,16.78,--,66,111788,卖盘
1716,13:08:59,16.78,--,33,55374,卖盘
1717,13:08:53,16.78,--,15,25170,卖盘
1718,13:08:50,16.78,-0.02,45,75510,卖盘
1719,13:08:44,16.8,0.02,51,85680,买盘
1720,13:08:41,16.78,--,2,3356,卖盘
1721,13:08:38,16.78,-0.02,3,5034,卖盘
1722,13:08:32,16.8,0.02,89,149721,买盘
1723,13:08:23,16.78,-0.02,7,11746,卖盘
1724,13:08:20,16.8,--,183,307440,买盘
1725,13:08:17,16.8,--,217,365635,卖盘
1726,13:08:11,16.8,--,86,144480,卖盘
1727,13:08:08,16.8,--,11,18480,卖盘
1728,13:08:05,16.8,--,19,31920,卖盘
1729,13:08:02,16.8,--,44,73920,卖盘
1730,13:07:59,16.8,--,44,73920,卖盘
1731,13:07:56,16.8,--,37,62160,卖盘
1732,13:07:53,16.8,--,127,213360,卖盘
1733,13:07:50,16.8,--,28,47040,卖盘
1734,13:07:47,16.8,--,90,151200,卖盘
1735,13:07:41,16.8,--,5,8400,卖盘
1736,13:07:38,16.8,--,82,139406,卖盘
1737,13:07:35,16.8,--,50,84000,卖盘
1738,13:07:32,16.8,-0.01,151,253680,卖盘
1739,13:07:29,16.81,0.01,26,43706,买盘
1740,13:07:26,16.8,--,33,55440,卖盘
1741,13:07:23,16.8,--,11,19118,卖盘
1742,13:07:20,16.8,--,5,8400,卖盘
1743,13:07:14,16.8,--,124,208320,卖盘
1744,13:07:11,16.8,--,280,470400,卖盘
1745,13:07:08,16.8,--,60,100800,卖盘
1746,13:07:02,16.8,-0.01,17,28560,卖盘
1747,13:06:56,16.81,0.01,2,3361,买盘
1748,13:06:53,16.8,-0.01,13,21840,卖盘
1749,13:06:50,16.81,--,72,122578,卖盘
1750,13:06:47,16.81,--,10,16810,卖盘
1751,13:06:44,16.81,--,61,102540,卖盘
1752,13:06:41,16.81,-0.01,371,624390,卖盘
1753,13:06:38,16.82,--,7,11774,买盘
1754,13:06:35,16.82,0.01,38,63916,买盘
1755,13:06:32,16.81,--,7,11767,卖盘
1756,13:06:26,16.81,--,81,136161,卖盘
1757,13:06:23,16.81,--,45,76788,卖盘
1758,13:06:20,16.81,-0.01,118,198357,卖盘
1759,13:06:17,16.82,0.01,9,15138,买盘
1760,13:06:14,16.81,-0.01,579,973298,卖盘
1761,13:06:08,16.82,--,7,11774,买盘
1762,13:06:05,16.82,--,52,87464,买盘
1763,13:06:02,16.82,--,16,26912,买盘
1764,13:05:59,16.82,--,65,109330,买盘
1765,13:05:56,16.82,--,1,1682,买盘
1766,13:05:47,16.82,--,77,129514,买盘
1767,13:05:41,16.82,--,1,1682,买盘
1768,13:05:38,16.82,0.01,50,84100,买盘
1769,13:05:32,16.81,-0.02,82,137842,卖盘
1770,13:05:29,16.83,0.01,12,20195,买盘
1771,13:05:26,16.82,--,11,18972,买盘
1772,13:05:23,16.82,--,10,16820,买盘
1773,13:05:20,16.82,--,6,11303,卖盘
1774,13:05:17,16.82,--,207,348174,卖盘
1775,13:05:11,16.82,--,159,268850,卖盘
1776,13:05:08,16.82,--,11,19982,卖盘
1777,13:05:05,16.82,-0.01,10,16820,卖盘
1778,13:05:02,16.83,0.01,34,57625,买盘
1779,13:04:56,16.82,-0.01,21,35322,卖盘
1780,13:04:53,16.83,0.01,27,45440,买盘
1781,13:04:50,16.82,--,2,3364,卖盘
1782,13:04:44,16.82,-0.01,10,16820,卖盘
1783,13:04:41,16.83,0.01,17,30024,买盘
1784,13:04:38,16.82,-0.01,310,521420,卖盘
1785,13:04:35,16.83,0.01,11,18512,买盘
1786,13:04:29,16.82,-0.01,9,15138,卖盘
1787,13:04:26,16.83,0.01,30,52105,中性盘
1788,13:04:20,16.82,--,7,11774,卖盘
1789,13:04:17,16.82,-0.01,292,491144,卖盘
1790,13:04:14,16.83,0.01,53,89198,买盘
1791,13:04:11,16.82,--,5,8410,卖盘
1792,13:04:08,16.82,--,188,316216,卖盘
1793,13:04:02,16.82,--,21,35322,卖盘
1794,13:03:59,16.82,-0.02,14,23548,卖盘
1795,13:03:56,16.84,0.02,121,203764,买盘
1796,13:03:53,16.82,--,16,26912,卖盘
1797,13:03:50,16.82,-0.01,169,284527,卖盘
1798,13:03:38,16.83,0.01,10,16830,买盘
1799,13:03:29,16.82,--,88,148823,卖盘
1800,13:03:26,16.82,--,105,176610,卖盘
1801,13:03:23,16.82,--,9,15138,卖盘
1802,13:03:20,16.82,--,12,21462,卖盘
1803,13:03:17,16.82,--,20,33640,卖盘
1804,13:03:14,16.82,-0.01,12,20184,卖盘
1805,13:03:11,16.83,0.01,24,40391,买盘
1806,13:03:08,16.82,-0.02,80,134560,卖盘
1807,13:03:05,16.84,0.01,157,264960,买盘
1808,13:03:02,16.83,--,21,35915,中性盘
1809,13:02:59,16.83,--,10,16830,卖盘
1810,13:02:56,16.83,--,13,21878,卖盘
1811,13:02:53,16.83,--,2,3365,卖盘
1812,13:02:50,16.83,--,19,31976,卖盘
1813,13:02:44,16.83,--,27,45440,卖盘
1814,13:02:41,16.83,--,214,360161,买盘
1815,13:02:32,16.83,0.01,27,45440,买盘
1816,13:02:29,16.82,-0.01,29,48778,卖盘
1817,13:02:26,16.83,-0.01,55,92564,卖盘
1818,13:02:20,16.84,--,40,67360,买盘
1819,13:02:17,16.84,--,50,84200,买盘
1820,13:02:11,16.84,--,65,109460,买盘
1821,13:02:08,16.84,--,365,615771,卖盘
1822,13:02:05,16.84,-0.01,52,87568,卖盘
1823,13:02:02,16.85,0.01,41,69085,买盘
1824,13:01:59,16.84,-0.01,42,70728,卖盘
1825,13:01:56,16.85,--,63,106155,买盘
1826,13:01:53,16.85,0.01,77,129745,买盘
1827,13:01:50,16.84,--,25,42302,卖盘
1828,13:01:47,16.84,-0.02,123,208782,卖盘
1829,13:01:41,16.86,--,7,11802,买盘
1830,13:01:38,16.86,0.01,107,180402,买盘
1831,13:01:32,16.85,0.01,14,23590,卖盘
1832,13:01:29,16.84,-0.01,10,16840,卖盘
1833,13:01:26,16.85,--,34,57290,买盘
1834,13:01:20,16.85,--,1,1685,买盘
1835,13:01:17,16.85,--,8,13480,卖盘
1836,13:01:11,16.85,0.01,13,21905,中性盘
1837,13:01:05,16.84,-0.01,97,163516,卖盘
1838,13:00:59,16.85,-0.01,8,13480,卖盘
1839,13:00:56,16.86,0.01,50,84300,买盘
1840,13:00:50,16.85,-0.02,95,160310,卖盘
1841,13:00:47,16.87,0.01,176,296912,买盘
1842,13:00:38,16.86,--,32,53952,卖盘
1843,13:00:32,16.86,0.01,21,35406,买盘
1844,13:00:29,16.85,--,12,20220,卖盘
1845,13:00:20,16.85,0.01,22,37070,买盘
1846,13:00:17,16.84,--,60,101040,卖盘
1847,13:00:14,16.84,-0.02,10,16840,卖盘
1848,13:00:11,16.86,0.01,456,768816,买盘
1849,13:00:05,16.85,0.03,280,471800,买盘
1850,13:00:02,16.82,--,350,589709,买盘
1851,11:30:06,16.82,--,1,1682,买盘
1852,11:30:00,16.82,--,112,188384,买盘
1853,11:29:57,16.82,--,12,20184,买盘
1854,11:29:51,16.82,--,5,8410,买盘
1855,11:29:48,16.82,-0.01,4,6728,卖盘
1856,11:29:45,16.83,0.02,14,24706,买盘
1857,11:29:42,16.81,-0.01,100,168100,卖盘
1858,11:29:36,16.82,--,1,1682,卖盘
1859,11:29:33,16.82,--,9,15138,卖盘
1860,11:29:27,16.82,-0.01,26,43732,卖盘
1861,11:29:24,16.83,--,9,16055,卖盘
1862,11:29:21,16.83,-0.02,169,285571,卖盘
1863,11:29:18,16.85,--,8,13480,卖盘
1864,11:29:15,16.85,0.02,93,156705,买盘
1865,11:29:12,16.83,-0.02,8,13463,卖盘
1866,11:29:06,16.85,--,64,107840,买盘
1867,11:29:03,16.85,0.02,97,164691,买盘
1868,11:29:00,16.83,-0.01,108,181763,卖盘
1869,11:28:54,16.84,-0.01,24,40416,中性盘
1870,11:28:51,16.85,--,29,48865,买盘
1871,11:28:48,16.85,--,49,82565,买盘
1872,11:28:42,16.85,0.01,2,3370,买盘
1873,11:28:39,16.84,0.01,0,606,买盘
1874,11:28:36,16.83,-0.01,59,100374,卖盘
1875,11:28:33,16.84,--,113,190292,卖盘
1876,11:28:27,16.84,-0.01,8,13472,卖盘
1877,11:28:24,16.85,0.01,8,13480,买盘
1878,11:28:18,16.84,--,19,31996,卖盘
1879,11:28:15,16.84,-0.01,18,30312,卖盘
1880,11:28:06,16.85,0.01,19,32015,中性盘
1881,11:28:03,16.84,-0.01,100,168400,卖盘
1882,11:28:00,16.85,--,47,79801,卖盘
1883,11:27:57,16.85,--,164,276340,卖盘
1884,11:27:54,16.85,0.01,21,36530,买盘
1885,11:27:48,16.84,--,245,412580,卖盘
1886,11:27:42,16.84,--,5,8420,卖盘
1887,11:27:39,16.84,--,1,1684,卖盘
1888,11:27:30,16.84,-0.02,7,11788,卖盘
1889,11:27:24,16.86,0.02,2,3372,买盘
1890,11:27:21,16.84,-0.03,44,74096,卖盘
1891,11:27:12,16.87,0.04,89,150143,买盘
1892,11:27:09,16.83,-0.01,8,13463,卖盘
1893,11:27:06,16.84,-0.02,5,8420,中性盘
1894,11:27:03,16.86,0.01,21,35406,买盘
1895,11:27:00,16.85,0.02,29,49606,中性盘
1896,11:26:57,16.83,-0.02,80,134640,卖盘
1897,11:26:54,16.85,-0.02,75,127925,中性盘
1898,11:26:51,16.87,0.03,69,116403,买盘
1899,11:26:48,16.84,--,47,79148,卖盘
1900,11:26:45,16.84,0.01,55,92620,卖盘
1901,11:26:39,16.83,-0.02,27,45440,卖盘
1902,11:26:36,16.85,0.02,35,59345,买盘
1903,11:26:33,16.83,--,33,55538,卖盘
1904,11:26:24,16.83,--,8,13463,卖盘
1905,11:26:18,16.83,--,100,169579,卖盘
1906,11:26:15,16.83,-0.02,214,360161,卖盘
1907,11:26:06,16.85,0.02,1,1685,买盘
1908,11:26:03,16.83,-0.03,8,13463,卖盘
1909,11:26:00,16.86,0.03,13,21918,买盘
1910,11:25:57,16.83,-0.02,83,139689,卖盘
1911,11:25:54,16.85,--,8,13480,卖盘
1912,11:25:51,16.85,--,38,64030,卖盘
1913,11:25:48,16.85,0.02,46,77678,买盘
1914,11:25:42,16.83,--,9,15146,卖盘
1915,11:25:36,16.83,-0.02,44,74051,卖盘
1916,11:25:33,16.85,0.02,19,32015,买盘
1917,11:25:30,16.83,-0.01,150,252449,卖盘
1918,11:25:27,16.84,-0.01,37,63823,卖盘
1919,11:25:21,16.85,--,13,21905,买盘
1920,11:25:18,16.85,0.01,5,8425,买盘
1921,11:25:12,16.84,-0.01,168,284427,卖盘
1922,11:25:09,16.85,--,13,21905,买盘
1923,11:25:06,16.85,--,1,1685,买盘
1924,11:25:03,16.85,-0.02,75,127891,卖盘
1925,11:25:00,16.87,0.02,57,96159,买盘
1926,11:24:57,16.85,--,24,40440,卖盘
1927,11:24:54,16.85,-0.01,90,153166,卖盘
1928,11:24:51,16.86,0.01,11,18546,买盘
1929,11:24:48,16.85,--,7,11795,卖盘
1930,11:24:45,16.85,-0.01,16,27297,卖盘
1931,11:24:42,16.86,--,35,59010,卖盘
1932,11:24:39,16.86,--,8,13488,卖盘
1933,11:24:36,16.86,-0.01,8,13488,卖盘
1934,11:24:33,16.87,0.01,3,5061,买盘
1935,11:24:30,16.86,--,13,21918,卖盘
1936,11:24:27,16.86,-0.01,87,146682,卖盘
1937,11:24:24,16.87,--,2,3374,买盘
1938,11:24:18,16.87,--,14,23618,买盘
1939,11:24:15,16.87,0.01,101,170387,买盘
1940,11:24:12,16.86,--,6,10116,卖盘
1941,11:24:09,16.86,-0.02,2,3372,中性盘
1942,11:24:03,16.88,0.01,47,79336,买盘
1943,11:24:00,16.87,-0.01,1,1687,买盘
1944,11:23:57,16.88,0.03,3,5064,买盘
1945,11:23:54,16.85,-0.02,103,173555,卖盘
1946,11:23:51,16.87,--,18,30366,卖盘
1947,11:23:48,16.87,--,15,25305,卖盘
1948,11:23:45,16.87,--,31,52297,卖盘
1949,11:23:42,16.87,--,9,15183,卖盘
1950,11:23:36,16.87,--,37,63026,卖盘
1951,11:23:30,16.87,--,25,42175,卖盘
1952,11:23:27,16.87,--,5,8435,卖盘
1953,11:23:24,16.87,0.01,130,219512,买盘
1954,11:23:21,16.86,--,21,36687,卖盘
1955,11:23:18,16.86,-0.01,9,15174,卖盘
1956,11:23:15,16.87,--,95,160265,买盘
1957,11:23:12,16.87,0.01,26,43862,买盘
1958,11:23:09,16.86,--,10,16860,卖盘
1959,11:23:06,16.86,--,15,25290,卖盘
1960,11:23:03,16.86,0.01,26,44577,买盘
1961,11:23:00,16.85,--,7,11795,卖盘
1962,11:22:54,16.85,-0.01,89,149965,卖盘
1963,11:22:51,16.86,0.01,64,107904,买盘
1964,11:22:48,16.85,--,66,112524,卖盘
1965,11:22:45,16.85,--,8,13480,卖盘
1966,11:22:39,16.85,--,6,10110,卖盘
1967,11:22:36,16.85,--,32,55065,卖盘
1968,11:22:33,16.85,--,135,227475,买盘
1969,11:22:30,16.85,0.01,79,133115,买盘
1970,11:22:27,16.84,--,9,15156,卖盘
1971,11:22:24,16.84,--,8,13472,卖盘
1972,11:22:21,16.84,-0.02,13,21892,卖盘
1973,11:22:15,16.86,0.02,5,8430,买盘
1974,11:22:12,16.84,-0.02,10,16840,卖盘
1975,11:22:09,16.86,0.02,104,176456,买盘
1976,11:22:06,16.84,--,25,42100,卖盘
1977,11:22:03,16.84,--,8,13472,卖盘
1978,11:21:54,16.84,--,104,175876,卖盘
1979,11:21:51,16.84,--,9,15156,卖盘
1980,11:21:48,16.84,-0.02,1,1684,卖盘
1981,11:21:42,16.86,0.02,10,16860,买盘
1982,11:21:39,16.84,--,19,31996,卖盘
1983,11:21:36,16.84,--,2,3368,卖盘
1984,11:21:30,16.84,-0.02,8,13472,卖盘
1985,11:21:24,16.86,0.02,1,1686,买盘
1986,11:21:21,16.84,--,24,40416,卖盘
1987,11:21:18,16.84,--,8,13472,卖盘
1988,11:21:15,16.84,-0.02,5,8420,卖盘
1989,11:21:09,16.86,0.02,19,32034,买盘
1990,11:21:00,16.84,-0.01,35,60421,卖盘
1991,11:20:57,16.85,0.01,10,16850,中性盘
1992,11:20:54,16.84,-0.03,86,144824,卖盘
1993,11:20:51,16.87,0.02,21,35831,买盘
1994,11:20:48,16.85,--,14,23590,卖盘
1995,11:20:45,16.85,0.01,8,13480,中性盘
1996,11:20:33,16.84,--,8,13472,卖盘
1997,11:20:30,16.84,-0.02,181,305039,卖盘
1998,11:20:27,16.86,--,3,6373,买盘
1999,11:20:24,16.86,0.02,44,74184,买盘
2000,11:20:21,16.84,--,33,55572,卖盘
2001,11:20:15,16.84,-0.01,98,165032,卖盘
2002,11:20:12,16.85,--,9,15165,买盘
2003,11:20:06,16.85,--,2,3370,中性盘
2004,11:20:00,16.85,-0.01,9,15165,中性盘
2005,11:19:54,16.86,0.03,28,47208,买盘
2006,11:19:51,16.83,-0.02,131,220472,卖盘
2007,11:19:48,16.85,--,30,50550,卖盘
2008,11:19:45,16.85,--,11,18535,卖盘
2009,11:19:42,16.85,0.02,26,45461,买盘
2010,11:19:39,16.83,-0.01,14,24672,卖盘
2011,11:19:36,16.84,-0.01,10,16840,卖盘
2012,11:19:33,16.85,0.01,300,505500,买盘
2013,11:19:30,16.84,--,30,51092,卖盘
2014,11:19:24,16.84,-0.01,34,57256,卖盘
2015,11:19:18,16.85,--,14,23590,买盘
2016,11:19:15,16.85,0.01,17,28645,买盘
2017,11:19:12,16.84,--,8,13472,买盘
2018,11:19:09,16.84,0.01,16,26944,买盘
2019,11:19:05,16.83,--,11,18512,卖盘
2020,11:19:02,16.83,-0.02,1,1682,卖盘
2021,11:18:59,16.85,0.02,6,10110,买盘
2022,11:18:56,16.83,--,11,19489,卖盘
2023,11:18:53,16.83,--,8,13463,卖盘
2024,11:18:50,16.83,-0.01,97,163250,卖盘
2025,11:18:47,16.84,--,2,3368,买盘
2026,11:18:44,16.84,--,18,30312,买盘
2027,11:18:41,16.84,--,46,77464,买盘
2028,11:18:35,16.84,0.01,8,13472,买盘
2029,11:18:32,16.83,-0.01,11,18512,卖盘
2030,11:18:26,16.84,0.01,12,20208,买盘
2031,11:18:23,16.83,-0.01,8,13463,卖盘
2032,11:18:20,16.84,0.01,16,26944,买盘
2033,11:18:11,16.83,-0.01,154,260259,卖盘
2034,11:18:05,16.84,0.01,3,5052,买盘
2035,11:18:02,16.83,-0.01,18,30293,卖盘
2036,11:17:59,16.84,--,33,56447,买盘
2037,11:17:56,16.84,--,6,10104,卖盘
2038,11:17:53,16.84,0.01,54,90936,买盘
2039,11:17:50,16.83,-0.01,100,168299,卖盘
2040,11:17:47,16.84,--,7,11788,卖盘
2041,11:17:44,16.84,--,47,79148,卖盘
2042,11:17:41,16.84,--,12,20208,卖盘
2043,11:17:38,16.84,0.01,36,60758,买盘
2044,11:17:29,16.83,-0.01,96,162140,卖盘
2045,11:17:26,16.84,--,8,13472,卖盘
2046,11:17:23,16.84,--,134,225656,卖盘
2047,11:17:20,16.84,-0.01,15,25260,卖盘
2048,11:17:14,16.85,0.01,29,48865,买盘
2049,11:17:11,16.84,-0.01,15,25361,卖盘
2050,11:17:05,16.85,0.01,14,23590,买盘
2051,11:17:02,16.84,--,57,95988,卖盘
2052,11:16:53,16.84,--,8,13472,卖盘
2053,11:16:50,16.84,0.01,170,287290,买盘
2054,11:16:44,16.83,--,145,244034,卖盘
2055,11:16:41,16.83,-0.01,9,15146,卖盘
2056,11:16:38,16.84,--,18,30312,买盘
2057,11:16:35,16.84,--,78,131352,买盘
2058,11:16:29,16.84,--,5,8420,买盘
2059,11:16:26,16.84,--,1,1684,买盘
2060,11:16:20,16.84,0.01,25,42100,买盘
2061,11:16:17,16.83,-0.01,18,30293,卖盘
2062,11:16:14,16.84,--,24,40416,买盘
2063,11:16:11,16.84,0.01,87,146508,买盘
2064,11:16:08,16.83,--,65,109596,卖盘
2065,11:16:02,16.83,0.01,1,1682,卖盘
2066,11:15:56,16.82,-0.01,114,191748,卖盘
2067,11:15:50,16.83,0.02,71,119492,买盘
2068,11:15:47,16.81,-0.01,89,149609,卖盘
2069,11:15:44,16.82,--,44,74008,卖盘
2070,11:15:38,16.82,-0.01,8,13456,卖盘
2071,11:15:35,16.83,0.01,52,87515,买盘
2072,11:15:29,16.82,0.01,25,43698,买盘
2073,11:15:26,16.81,-0.01,11,18491,卖盘
2074,11:15:23,16.82,0.02,30,50460,买盘
2075,11:15:17,16.8,--,222,373262,卖盘
2076,11:15:14,16.8,-0.02,24,40320,卖盘
2077,11:15:11,16.82,--,6,10092,卖盘
2078,11:15:08,16.82,--,5,8410,卖盘
2079,11:15:05,16.82,--,8,13456,卖盘
2080,11:15:02,16.82,--,29,48778,卖盘
2081,11:14:59,16.82,0.02,26,44673,买盘
2082,11:14:53,16.8,-0.02,13,21840,卖盘
2083,11:14:47,16.82,--,54,90828,买盘
2084,11:14:44,16.82,-0.01,53,89818,卖盘
2085,11:14:41,16.83,-0.01,19,31976,卖盘
2086,11:14:38,16.84,0.01,18,30312,买盘
2087,11:14:35,16.83,-0.01,10,16830,卖盘
2088,11:14:32,16.84,0.01,15,25260,买盘
2089,11:14:29,16.83,-0.01,17,28610,卖盘
2090,11:14:26,16.84,--,11,18524,买盘
2091,11:14:23,16.84,--,50,84200,买盘
2092,11:14:17,16.84,0.01,30,51530,买盘
2093,11:14:08,16.83,0.02,70,117809,买盘
2094,11:14:05,16.81,--,14,23534,买盘
2095,11:14:02,16.81,-0.01,50,84050,卖盘
2096,11:13:59,16.82,--,18,30276,卖盘
2097,11:13:56,16.82,--,3,5046,卖盘
2098,11:13:50,16.82,0.02,15,25230,买盘
2099,11:13:47,16.8,-0.01,97,162960,卖盘
2100,11:13:38,16.81,-0.01,5,8405,卖盘
2101,11:13:35,16.82,0.03,308,518056,买盘
2102,11:13:32,16.79,-0.01,83,139357,卖盘
2103,11:13:29,16.8,--,10,16800,买盘
2104,11:13:26,16.8,--,45,75600,卖盘
2105,11:13:23,16.8,0.01,65,109200,买盘
2106,11:13:20,16.79,--,19,33378,卖盘
2107,11:13:17,16.79,-0.01,12,20148,卖盘
2108,11:13:14,16.8,--,17,28560,买盘
2109,11:13:11,16.8,0.01,65,109200,买盘
2110,11:13:08,16.79,--,34,57086,卖盘
2111,11:13:02,16.79,-0.01,28,47012,卖盘
2112,11:12:59,16.8,0.01,28,47040,买盘
2113,11:12:53,16.79,-0.01,10,16790,卖盘
2114,11:12:50,16.8,0.01,93,156240,买盘
2115,11:12:47,16.79,0.01,95,159505,买盘
2116,11:12:44,16.78,--,35,58730,卖盘
2117,11:12:41,16.78,--,25,42319,卖盘
2118,11:12:38,16.78,--,5,8390,卖盘
2119,11:12:35,16.78,--,35,58730,卖盘
2120,11:12:32,16.78,--,39,65442,卖盘
2121,11:12:26,16.78,--,15,25170,卖盘
2122,11:12:20,16.78,--,12,20236,卖盘
2123,11:12:17,16.78,0.01,99,166122,买盘
2124,11:12:14,16.77,-0.01,31,51987,卖盘
2125,11:12:08,16.78,--,29,48662,买盘
2126,11:12:05,16.78,--,10,16780,买盘
2127,11:12:02,16.78,--,25,41950,买盘
2128,11:11:59,16.78,0.02,26,43628,买盘
2129,11:11:56,16.76,--,7,11732,卖盘
2130,11:11:53,16.76,-0.02,160,269500,卖盘
2131,11:11:50,16.78,0.02,34,57052,买盘
2132,11:11:44,16.76,--,83,139108,卖盘
2133,11:11:41,16.76,-0.01,15,25207,卖盘
2134,11:11:38,16.77,-0.01,30,50310,卖盘
2135,11:11:32,16.78,0.01,11,18458,买盘
2136,11:11:29,16.77,--,110,184470,卖盘
2137,11:11:26,16.77,-0.01,162,271674,卖盘
2138,11:11:23,16.78,0.01,5,8390,买盘
2139,11:11:17,16.77,--,20,33540,卖盘
2140,11:11:11,16.77,-0.01,8,13416,卖盘
2141,11:11:08,16.78,0.01,128,214784,买盘
2142,11:11:05,16.77,-0.01,12,20124,卖盘
2143,11:11:02,16.78,-0.01,41,68798,买盘
2144,11:10:53,16.79,0.02,6,10074,买盘
2145,11:10:50,16.77,--,8,13416,卖盘
2146,11:10:47,16.77,--,12,20928,卖盘
2147,11:10:44,16.77,-0.01,119,199563,卖盘
2148,11:10:41,16.78,--,13,22887,卖盘
2149,11:10:35,16.78,-0.01,33,55374,卖盘
2150,11:10:32,16.79,0.01,65,109135,买盘
2151,11:10:29,16.78,-0.01,8,13424,卖盘
2152,11:10:26,16.79,-0.01,1,1679,中性盘
2153,11:10:23,16.8,0.02,3,5040,买盘
2154,11:10:20,16.78,--,32,55038,卖盘
2155,11:10:17,16.78,-0.02,13,23055,卖盘
2156,11:10:08,16.8,0.02,8,13440,买盘
2157,11:10:05,16.78,-0.02,9,15404,卖盘
2158,11:09:59,16.8,--,146,245280,卖盘
2159,11:09:56,16.8,0.01,87,146160,买盘
2160,11:09:53,16.79,-0.01,13,21827,卖盘
2161,11:09:50,16.8,0.01,1,1680,中性盘
2162,11:09:44,16.79,--,93,156348,卖盘
2163,11:09:41,16.79,-0.01,250,419750,卖盘
2164,11:09:35,16.8,--,7,11760,卖盘
2165,11:09:32,16.8,--,5,8400,卖盘
2166,11:09:29,16.8,0.01,36,61152,买盘
2167,11:09:26,16.79,-0.01,50,83950,卖盘
2168,11:09:23,16.8,0.01,55,92400,买盘
2169,11:09:20,16.79,-0.01,32,53728,卖盘
2170,11:09:17,16.8,--,13,21840,买盘
2171,11:09:14,16.8,--,38,63840,买盘
2172,11:09:11,16.8,--,21,35280,买盘
2173,11:09:08,16.8,--,60,100800,买盘
2174,11:09:02,16.8,--,53,89040,买盘
2175,11:08:59,16.8,--,17,28560,买盘
2176,11:08:56,16.8,0.01,1,1680,买盘
2177,11:08:53,16.79,-0.01,83,139357,卖盘
2178,11:08:50,16.8,--,69,115920,买盘
2179,11:08:47,16.8,0.01,93,156240,买盘
2180,11:08:44,16.79,-0.01,20,33580,卖盘
2181,11:08:41,16.8,0.01,36,60480,买盘
2182,11:08:38,16.79,-0.01,25,42478,卖盘
2183,11:08:35,16.8,--,26,43680,买盘
2184,11:08:32,16.8,--,2,3360,买盘
2185,11:08:29,16.8,0.01,71,119280,买盘
2186,11:08:26,16.79,-0.01,7,11753,卖盘
2187,11:08:23,16.8,--,14,24830,卖盘
2188,11:08:20,16.8,--,19,31920,卖盘
2189,11:08:17,16.8,-0.01,19,31920,卖盘
2190,11:08:14,16.81,0.01,27,46059,买盘
2191,11:08:11,16.8,-0.01,28,48417,卖盘
2192,11:08:08,16.81,--,24,40344,买盘
2193,11:08:05,16.81,--,33,55472,买盘
2194,11:08:02,16.81,0.01,71,119855,买盘
2195,11:07:59,16.8,-0.01,40,67200,卖盘
2196,11:07:56,16.81,--,17,28576,买盘
2197,11:07:53,16.81,0.01,85,142885,买盘
2198,11:07:47,16.8,-0.01,100,168000,卖盘
2199,11:07:44,16.81,0.01,10,16810,买盘
2200,11:07:41,16.8,--,3,5040,卖盘
2201,11:07:38,16.8,--,3,5040,卖盘
2202,11:07:32,16.8,--,156,263256,卖盘
2203,11:07:29,16.8,-0.01,81,136080,卖盘
2204,11:07:26,16.81,0.01,40,67240,买盘
2205,11:07:23,16.8,--,8,13440,卖盘
2206,11:07:20,16.8,--,35,58800,卖盘
2207,11:07:11,16.8,--,8,13440,卖盘
2208,11:07:02,16.8,--,9,15120,卖盘
2209,11:06:59,16.8,--,27,45360,卖盘
2210,11:06:53,16.8,--,3,5040,卖盘
2211,11:06:50,16.8,0.01,91,152880,买盘
2212,11:06:47,16.79,--,5,8395,卖盘
2213,11:06:44,16.79,--,61,102419,卖盘
2214,11:06:38,16.79,-0.01,12,20148,卖盘
2215,11:06:32,16.8,--,68,114240,买盘
2216,11:06:29,16.8,--,54,90720,买盘
2217,11:06:26,16.8,--,3,5040,买盘
2218,11:06:23,16.8,--,30,50400,买盘
2219,11:06:17,16.8,--,53,89040,买盘
2220,11:06:11,16.8,0.01,21,35280,买盘
2221,11:06:08,16.79,--,18,30222,卖盘
2222,11:06:05,16.79,--,1,1679,卖盘
2223,11:05:59,16.79,--,8,13432,卖盘
2224,11:05:56,16.79,--,109,183011,买盘
2225,11:05:53,16.79,0.01,11,18469,买盘
2226,11:05:50,16.78,-0.01,54,90612,卖盘
2227,11:05:47,16.79,0.01,110,184690,买盘
2228,11:05:44,16.78,--,7,11746,卖盘
2229,11:05:41,16.78,-0.01,13,21814,卖盘
2230,11:05:38,16.79,0.01,1,1679,买盘
2231,11:05:35,16.78,-0.01,14,23492,卖盘
2232,11:05:29,16.79,0.01,12,20148,卖盘
2233,11:05:26,16.78,-0.01,207,347346,卖盘
2234,11:05:23,16.79,-0.01,74,124246,卖盘
2235,11:05:20,16.8,0.02,38,63840,买盘
2236,11:05:17,16.78,-0.02,76,127528,卖盘
2237,11:05:14,16.8,0.02,26,43680,买盘
2238,11:05:11,16.78,-0.02,12,20136,卖盘
2239,11:05:08,16.8,0.02,10,16800,买盘
2240,11:05:05,16.78,-0.02,2,3356,卖盘
2241,11:05:02,16.8,--,30,50400,买盘
2242,11:04:59,16.8,--,1,1680,买盘
2243,11:04:53,16.8,0.03,55,92400,买盘
2244,11:04:50,16.77,-0.02,76,127955,卖盘
2245,11:04:47,16.79,0.01,8,13432,中性盘
2246,11:04:44,16.78,-0.01,20,33560,卖盘
2247,11:04:41,16.79,--,9,15111,买盘
2248,11:04:38,16.79,--,18,30222,卖盘
2249,11:04:35,16.79,--,53,88987,卖盘
2250,11:04:32,16.79,--,10,16790,卖盘
2251,11:04:29,16.79,--,10,16790,卖盘
2252,11:04:26,16.79,--,39,65481,买盘
2253,11:04:17,16.79,--,160,268640,买盘
2254,11:04:08,16.79,0.01,2,3358,买盘
2255,11:04:05,16.78,--,13,21814,卖盘
2256,11:04:02,16.78,-0.01,26,43628,中性盘
2257,11:03:59,16.79,0.03,10,16790,买盘
2258,11:03:56,16.76,--,35,58660,卖盘
2259,11:03:53,16.76,-0.02,159,267355,卖盘
2260,11:03:50,16.78,0.02,37,62086,卖盘
2261,11:03:47,16.76,-0.02,10,16760,卖盘
2262,11:03:44,16.78,--,98,164444,买盘
2263,11:03:38,16.78,--,90,151020,买盘
2264,11:03:35,16.78,0.01,90,151020,买盘
2265,11:03:32,16.77,-0.01,119,199563,卖盘
2266,11:03:29,16.78,--,67,112426,卖盘
2267,11:03:23,16.78,--,19,31882,卖盘
2268,11:03:20,16.78,--,12,20136,卖盘
2269,11:03:17,16.78,--,36,60408,买盘
2270,11:03:11,16.78,0.01,20,33560,买盘
2271,11:03:08,16.77,-0.01,21,35217,卖盘
2272,11:03:02,16.78,--,104,174512,卖盘
2273,11:02:59,16.78,0.01,54,90612,买盘
2274,11:02:56,16.77,--,338,567899,买盘
2275,11:02:50,16.77,0.01,13,21801,买盘
2276,11:02:47,16.76,--,304,509504,卖盘
2277,11:02:44,16.76,-0.01,26,43576,卖盘
2278,11:02:41,16.77,0.01,1,1677,买盘
2279,11:02:38,16.76,--,68,113968,买盘
2280,11:02:35,16.76,--,29,48604,买盘
2281,11:02:32,16.76,--,21,35196,买盘
2282,11:02:29,16.76,0.01,106,177656,买盘
2283,11:02:26,16.75,--,21,35175,卖盘
2284,11:02:23,16.75,--,19,31825,卖盘
2285,11:02:20,16.75,--,207,346725,卖盘
2286,11:02:17,16.75,--,28,46900,卖盘
2287,11:02:14,16.75,--,104,174200,买盘
2288,11:02:05,16.75,--,35,58625,买盘
2289,11:02:02,16.75,--,21,35175,买盘
2290,11:01:59,16.75,0.01,30,50250,买盘
2291,11:01:56,16.74,--,50,83699,卖盘
2292,11:01:53,16.74,--,29,48545,卖盘
2293,11:01:50,16.74,--,10,16740,卖盘
2294,11:01:47,16.74,-0.01,51,86077,卖盘
2295,11:01:44,16.75,0.01,132,221100,买盘
2296,11:01:41,16.74,0.01,439,736325,买盘
2297,11:01:38,16.73,--,47,78865,卖盘
2298,11:01:35,16.73,--,74,125240,买盘
2299,11:01:32,16.73,--,156,261222,卖盘
2300,11:01:29,16.73,-0.02,40,66920,卖盘
2301,11:01:26,16.75,0.01,57,95475,买盘
2302,11:01:23,16.74,-0.01,19,31805,卖盘
2303,11:01:20,16.75,--,28,46900,买盘
2304,11:01:17,16.75,--,25,41875,买盘
2305,11:01:14,16.75,0.01,173,289775,买盘
2306,11:01:11,16.74,-0.01,291,487133,卖盘
2307,11:01:08,16.75,0.01,24,40200,买盘
2308,11:01:05,16.74,-0.01,49,82025,卖盘
2309,11:01:02,16.75,--,25,42880,卖盘
2310,11:00:59,16.75,--,128,215070,卖盘
2311,11:00:53,16.75,--,7,11725,卖盘
2312,11:00:50,16.75,--,121,202675,卖盘
2313,11:00:47,16.75,--,111,185925,卖盘
2314,11:00:44,16.75,--,13,21775,卖盘
2315,11:00:41,16.75,-0.01,266,446521,卖盘
2316,11:00:38,16.76,--,43,72068,卖盘
2317,11:00:35,16.76,-0.01,44,73744,卖盘
2318,11:00:32,16.77,0.01,17,28509,买盘
2319,11:00:29,16.76,-0.02,434,728724,卖盘
2320,11:00:26,16.78,--,85,143636,卖盘
2321,11:00:20,16.78,--,15,25170,卖盘
2322,11:00:17,16.78,-0.01,31,52018,卖盘
2323,11:00:14,16.79,--,22,36938,卖盘
2324,11:00:04,16.79,-0.01,10,16790,卖盘
2325,11:00:01,16.8,0.01,6,10080,买盘
2326,10:59:58,16.79,-0.01,36,60444,卖盘
2327,10:59:55,16.8,--,13,21840,卖盘
2328,10:59:52,16.8,--,279,468720,卖盘
2329,10:59:49,16.8,--,131,220080,卖盘
2330,10:59:43,16.8,--,104,174720,卖盘
2331,10:59:40,16.8,-0.01,8,13440,卖盘
2332,10:59:37,16.81,--,78,131118,卖盘
2333,10:59:34,16.81,--,14,23534,卖盘
2334,10:59:31,16.81,--,23,38663,卖盘
2335,10:59:28,16.81,--,14,23534,卖盘
2336,10:59:25,16.81,-0.01,41,69862,卖盘
2337,10:59:19,16.82,--,8,13456,卖盘
2338,10:59:16,16.82,--,54,90828,卖盘
2339,10:59:10,16.82,--,147,247254,卖盘
2340,10:59:07,16.82,--,30,50460,卖盘
2341,10:59:04,16.82,--,173,291726,卖盘
2342,10:59:01,16.82,-0.01,239,402670,卖盘
2343,10:58:58,16.83,--,47,80110,卖盘
2344,10:58:55,16.83,--,2,3365,卖盘
2345,10:58:52,16.83,--,62,104345,卖盘
2346,10:58:49,16.83,--,14,23561,卖盘
2347,10:58:46,16.83,--,14,23561,卖盘
2348,10:58:43,16.83,-0.01,42,70686,卖盘
2349,10:58:40,16.84,--,100,169073,卖盘
2350,10:58:34,16.84,--,131,221614,卖盘
2351,10:58:31,16.84,--,26,43784,卖盘
2352,10:58:28,16.84,--,187,314908,卖盘
2353,10:58:25,16.84,--,546,919464,卖盘
2354,10:58:22,16.84,--,50,84200,卖盘
2355,10:58:19,16.84,-0.01,42,70728,卖盘
2356,10:58:13,16.85,0.01,14,23590,买盘
2357,10:58:10,16.84,--,11,18524,卖盘
2358,10:58:04,16.84,--,58,97672,卖盘
2359,10:58:01,16.84,--,28,47152,卖盘
2360,10:57:58,16.84,--,16,26944,卖盘
2361,10:57:52,16.84,--,8,13472,卖盘
2362,10:57:49,16.84,0.01,27,45468,中性盘
2363,10:57:46,16.83,-0.01,60,100979,卖盘
2364,10:57:43,16.84,0.01,161,271124,买盘
2365,10:57:40,16.83,--,8,13463,卖盘
2366,10:57:37,16.83,-0.01,2,3365,卖盘
2367,10:57:34,16.84,--,20,33680,买盘
2368,10:57:31,16.84,--,9,15156,买盘
2369,10:57:25,16.84,0.01,16,26944,买盘
2370,10:57:16,16.83,--,26,43757,买盘
2371,10:57:13,16.83,0.01,11,18512,买盘
2372,10:57:10,16.82,--,60,100920,卖盘
2373,10:57:04,16.82,--,153,257346,买盘
2374,10:56:58,16.82,--,17,28594,买盘
2375,10:56:55,16.82,-0.02,57,95874,卖盘
2376,10:56:46,16.84,0.02,115,193660,买盘
2377,10:56:43,16.82,--,28,47096,买盘
2378,10:56:40,16.82,0.01,21,35322,买盘
2379,10:56:37,16.81,--,76,128764,卖盘
2380,10:56:31,16.81,-0.01,33,55472,卖盘
2381,10:56:28,16.82,0.01,108,181656,买盘
2382,10:56:25,16.81,0.01,148,248787,买盘
2383,10:56:22,16.8,-0.01,36,60480,卖盘
2384,10:56:16,16.81,0.01,91,152971,买盘
2385,10:56:10,16.8,--,72,120960,卖盘
2386,10:56:07,16.8,--,52,87360,卖盘
2387,10:56:04,16.8,--,2,3360,卖盘
2388,10:56:01,16.8,--,21,35280,卖盘
2389,10:55:58,16.8,-0.01,5,8400,卖盘
2390,10:55:55,16.81,0.01,17,28576,买盘
2391,10:55:52,16.8,--,19,31920,卖盘
2392,10:55:49,16.8,--,39,65520,买盘
2393,10:55:46,16.8,--,135,226800,买盘
2394,10:55:43,16.8,--,628,1055040,买盘
2395,10:55:37,16.8,--,60,100800,买盘
2396,10:55:34,16.8,0.01,40,67233,买盘
2397,10:55:31,16.79,--,76,129249,卖盘
2398,10:55:28,16.79,--,29,48691,卖盘
2399,10:55:25,16.79,-0.01,76,127604,卖盘
2400,10:55:22,16.8,--,2,3360,卖盘
2401,10:55:19,16.8,0.01,93,156240,中性盘
2402,10:55:16,16.79,-0.01,176,295504,卖盘
2403,10:55:13,16.8,--,210,354211,卖盘
2404,10:55:07,16.8,--,17,28560,卖盘
2405,10:55:04,16.8,--,50,84000,卖盘
2406,10:55:01,16.8,-0.01,17,28560,卖盘
2407,10:54:58,16.81,0.01,1015,1706214,买盘
2408,10:54:55,16.8,-0.02,18,30240,卖盘
2409,10:54:49,16.82,0.02,47,79054,买盘
2410,10:54:46,16.8,-0.01,1020,1713600,卖盘
2411,10:54:43,16.81,-0.01,33,55472,卖盘
2412,10:54:37,16.82,--,240,404352,卖盘
2413,10:54:34,16.82,-0.01,8,13456,卖盘
2414,10:54:31,16.83,--,165,277695,买盘
2415,10:54:25,16.83,--,93,156518,卖盘
2416,10:54:22,16.83,-0.01,12,20195,卖盘
2417,10:54:19,16.84,0.01,48,80832,买盘
2418,10:54:16,16.83,-0.02,5,8415,卖盘
2419,10:54:13,16.85,0.01,13,21905,买盘
2420,10:54:10,16.84,-0.01,279,469836,卖盘
2421,10:54:04,16.85,0.01,15,25275,买盘
2422,10:53:58,16.84,-0.01,13,21892,卖盘
2423,10:53:55,16.85,--,10,16850,买盘
2424,10:53:52,16.85,--,24,41248,卖盘
2425,10:53:49,16.85,-0.01,90,151650,卖盘
2426,10:53:46,16.86,0.01,11,18546,买盘
2427,10:53:43,16.85,--,113,190405,卖盘
2428,10:53:40,16.85,--,70,117950,卖盘
2429,10:53:37,16.85,--,31,52235,卖盘
2430,10:53:34,16.85,--,56,94360,卖盘
2431,10:53:31,16.85,-0.01,3,5055,卖盘
2432,10:53:28,16.86,--,81,137577,买盘
2433,10:53:25,16.86,--,49,82614,买盘
2434,10:53:22,16.86,--,7,11802,买盘
2435,10:53:19,16.86,0.01,13,21918,买盘
2436,10:53:16,16.85,-0.01,29,48865,卖盘
2437,10:53:13,16.86,--,2,4923,卖盘
2438,10:53:10,16.86,--,40,67440,卖盘
2439,10:53:07,16.86,0.01,161,271580,买盘
2440,10:53:04,16.85,-0.01,259,436819,卖盘
2441,10:52:58,16.86,--,30,50580,买盘
2442,10:52:55,16.86,--,22,37092,买盘
2443,10:52:52,16.86,--,7,11802,买盘
2444,10:52:46,16.86,--,20,35271,卖盘
2445,10:52:43,16.86,--,18,30348,卖盘
2446,10:52:40,16.86,0.01,68,114782,买盘
2447,10:52:37,16.85,-0.01,6,10110,卖盘
2448,10:52:34,16.86,0.01,10,16860,买盘
2449,10:52:31,16.85,-0.01,48,80880,卖盘
2450,10:52:28,16.86,0.01,16,26976,买盘
2451,10:52:25,16.85,-0.01,13,23050,卖盘
2452,10:52:22,16.86,--,17,28662,买盘
2453,10:52:16,16.86,0.01,93,156798,买盘
2454,10:52:13,16.85,--,22,37070,卖盘
2455,10:52:10,16.85,--,58,97730,卖盘
2456,10:52:07,16.85,--,1,1685,卖盘
2457,10:52:04,16.85,--,10,16850,卖盘
2458,10:52:01,16.85,--,117,197145,卖盘
2459,10:51:58,16.85,0.01,110,185350,买盘
2460,10:51:55,16.84,-0.01,20,33680,卖盘
2461,10:51:52,16.85,0.01,45,75825,买盘
2462,10:51:49,16.84,-0.01,28,47152,卖盘
2463,10:51:46,16.85,0.01,50,84250,买盘
2464,10:51:37,16.84,--,35,58940,卖盘
2465,10:51:31,16.84,-0.01,10,16840,卖盘
2466,10:51:25,16.85,--,48,80880,买盘
2467,10:51:22,16.85,0.01,40,67400,买盘
2468,10:51:19,16.84,--,17,28628,卖盘
2469,10:51:13,16.84,0.01,19,31996,买盘
2470,10:51:10,16.83,-0.01,50,84149,卖盘
2471,10:51:07,16.84,--,48,80832,买盘
2472,10:51:04,16.84,0.01,28,47152,买盘
2473,10:51:01,16.83,0.01,10,16830,中性盘
2474,10:50:58,16.82,-0.01,179,302087,卖盘
2475,10:50:55,16.83,0.01,7,11780,买盘
2476,10:50:52,16.82,--,30,50460,卖盘
2477,10:50:49,16.82,--,91,153062,卖盘
2478,10:50:46,16.82,--,17,28594,买盘
2479,10:50:43,16.82,--,23,38686,买盘
2480,10:50:40,16.82,0.01,11,18502,买盘
2481,10:50:37,16.81,-0.01,9,15128,卖盘
2482,10:50:34,16.82,0.01,7,11774,买盘
2483,10:50:28,16.81,-0.01,43,72283,卖盘
2484,10:50:25,16.82,--,5,8410,买盘
2485,10:50:22,16.82,0.01,2,3364,中性盘
2486,10:50:19,16.81,-0.04,13,21853,中性盘
2487,10:50:10,16.85,--,17,28645,买盘
2488,10:50:07,16.85,--,26,43810,买盘
2489,10:50:04,16.85,--,3016,5081960,买盘
2490,10:49:58,16.85,--,118,199167,卖盘
2491,10:49:55,16.85,--,23,38755,卖盘
2492,10:49:52,16.85,--,29,48865,卖盘
2493,10:49:46,16.85,-0.01,7,11795,卖盘
2494,10:49:43,16.86,0.01,14,23604,买盘
2495,10:49:40,16.85,-0.01,11,18535,卖盘
2496,10:49:37,16.86,0.01,120,203803,买盘
2497,10:49:34,16.85,-0.01,53,89305,卖盘
2498,10:49:31,16.86,--,7,13218,卖盘
2499,10:49:25,16.86,--,10,16860,卖盘
2500,10:49:19,16.86,--,35,59010,卖盘
2501,10:49:16,16.86,--,12,20232,卖盘
2502,10:49:13,16.86,--,211,355746,卖盘
2503,10:49:10,16.86,--,40,67440,卖盘
2504,10:49:07,16.86,--,16,26976,卖盘
2505,10:49:04,16.86,--,5,8430,卖盘
2506,10:49:01,16.86,-0.01,32,53952,卖盘
2507,10:48:58,16.87,-0.01,53,89411,中性盘
2508,10:48:55,16.88,0.02,90,151920,买盘
2509,10:48:52,16.86,--,75,127461,卖盘
2510,10:48:46,16.86,-0.01,27,45522,卖盘
2511,10:48:43,16.87,-0.01,20,33740,卖盘
2512,10:48:40,16.88,0.01,48,81024,买盘
2513,10:48:34,16.87,--,39,66805,买盘
2514,10:48:31,16.87,--,44,74228,买盘
2515,10:48:25,16.87,-0.01,53,89411,卖盘
2516,10:48:25,16.88,0.01,3,5064,买盘
2517,10:48:19,16.87,-0.01,20,33740,卖盘
2518,10:48:07,16.88,0.01,9,15192,买盘
2519,10:48:04,16.87,--,101,170387,卖盘
2520,10:48:01,16.87,--,24,40488,卖盘
2521,10:47:55,16.87,-0.01,90,151830,卖盘
2522,10:47:52,16.88,0.02,38,64143,买盘
2523,10:47:46,16.86,-0.01,107,180402,卖盘
2524,10:47:43,16.87,-0.01,11,18557,卖盘
2525,10:47:37,16.88,0.01,35,59080,买盘
2526,10:47:34,16.87,--,17,28679,卖盘
2527,10:47:31,16.87,--,11,18557,卖盘
2528,10:47:28,16.87,--,5,8435,卖盘
2529,10:47:25,16.87,-0.01,108,182196,卖盘
2530,10:47:22,16.88,0.02,18,30384,买盘
2531,10:47:19,16.86,-0.01,188,318586,卖盘
2532,10:47:16,16.87,--,7,11809,卖盘
2533,10:47:13,16.87,--,11,18557,卖盘
2534,10:47:10,16.87,-0.01,6,10122,卖盘
2535,10:47:07,16.88,0.01,35,59080,买盘
2536,10:47:04,16.87,--,13,21931,卖盘
2537,10:46:58,16.87,--,13,21931,卖盘
2538,10:46:52,16.87,--,30,50610,卖盘
2539,10:46:49,16.87,--,7,11809,卖盘
2540,10:46:43,16.87,--,15,25305,卖盘
2541,10:46:40,16.87,--,11,18557,卖盘
2542,10:46:37,16.87,--,4,6748,卖盘
2543,10:46:34,16.87,--,19,32053,卖盘
2544,10:46:31,16.87,-0.01,21,35427,卖盘
2545,10:46:28,16.88,--,163,275144,买盘
2546,10:46:25,16.88,--,16,27008,买盘
2547,10:46:22,16.88,--,608,1027249,卖盘
2548,10:46:16,16.88,--,97,164478,卖盘
2549,10:46:13,16.88,--,71,119848,卖盘
2550,10:46:10,16.88,--,71,119848,卖盘
2551,10:46:07,16.88,--,113,190744,卖盘
2552,10:46:04,16.88,--,3,5064,卖盘
2553,10:46:01,16.88,--,10,16880,卖盘
2554,10:45:58,16.88,--,11,18568,卖盘
2555,10:45:55,16.88,--,58,97904,卖盘
2556,10:45:46,16.88,--,11,18568,卖盘
2557,10:45:43,16.88,--,8,13504,卖盘
2558,10:45:40,16.88,--,7,11816,卖盘
2559,10:45:37,16.88,--,4,6752,卖盘
2560,10:45:34,16.88,--,51,86088,卖盘
2561,10:45:31,16.88,-0.01,5,8440,卖盘
2562,10:45:28,16.89,0.01,3,5067,买盘
2563,10:45:22,16.88,--,13,21944,卖盘
2564,10:45:19,16.88,-0.02,32,54016,卖盘
2565,10:45:16,16.9,--,66,111539,买盘
2566,10:45:13,16.9,0.01,8,13519,买盘
2567,10:45:07,16.89,0.01,124,209436,买盘
2568,10:45:01,16.88,-0.01,40,67520,卖盘
2569,10:44:58,16.89,--,9,15201,卖盘
2570,10:44:55,16.89,--,28,47292,卖盘
2571,10:44:52,16.89,-0.01,34,57426,卖盘
2572,10:44:49,16.9,--,100,169000,买盘
2573,10:44:46,16.9,--,4,6759,卖盘
2574,10:44:40,16.9,0.02,6,10140,买盘
2575,10:44:37,16.88,--,98,165424,卖盘
2576,10:44:34,16.88,--,250,422000,卖盘
2577,10:44:31,16.88,--,21,35448,卖盘
2578,10:44:28,16.88,-0.02,71,119848,卖盘
2579,10:44:25,16.9,0.01,5,8450,中性盘
2580,10:44:22,16.89,-0.02,69,116541,卖盘
2581,10:44:19,16.91,--,2,3382,买盘
2582,10:44:16,16.91,-0.01,182,307762,卖盘
2583,10:44:13,16.92,0.02,237,401646,买盘
2584,10:44:10,16.9,--,23,38870,卖盘
2585,10:44:07,16.9,-0.01,210,354899,卖盘
2586,10:44:04,16.91,0.01,69,116679,买盘
2587,10:44:01,16.9,-0.01,7,11829,卖盘
2588,10:43:58,16.91,0.01,6,10146,买盘
2589,10:43:55,16.9,-0.01,15,25349,卖盘
2590,10:43:52,16.91,--,2,3382,买盘
2591,10:43:49,16.91,0.01,59,99769,买盘
2592,10:43:46,16.9,-0.01,7,11829,卖盘
2593,10:43:43,16.91,--,2,3382,买盘
2594,10:43:37,16.91,--,465,786315,卖盘
2595,10:43:31,16.91,-0.01,127,214757,卖盘
2596,10:43:28,16.92,0.01,14,23688,买盘
2597,10:43:25,16.91,-0.01,12,20292,卖盘
2598,10:43:22,16.92,0.01,26,43992,买盘
2599,10:43:19,16.91,-0.01,10,16910,卖盘
2600,10:43:16,16.92,--,19,32148,买盘
2601,10:43:13,16.92,0.01,4,6768,买盘
2602,10:43:10,16.91,-0.01,14,23674,卖盘
2603,10:43:07,16.92,--,27,45684,卖盘
2604,10:43:04,16.92,--,5,8460,卖盘
2605,10:43:01,16.92,--,43,72756,中性盘
2606,10:42:58,16.92,--,134,226728,卖盘
2607,10:42:55,16.92,-0.01,22,37224,卖盘
2608,10:42:52,16.93,0.01,35,59255,买盘
2609,10:42:49,16.92,--,37,62604,卖盘
2610,10:42:40,16.92,--,63,106596,卖盘
2611,10:42:37,16.92,--,30,50760,买盘
2612,10:42:34,16.92,--,10,16920,买盘
2613,10:42:31,16.92,--,2,3384,买盘
2614,10:42:28,16.92,--,41,69372,买盘
2615,10:42:22,16.92,--,22,37224,买盘
2616,10:42:19,16.92,0.01,5,8460,买盘
2617,10:42:16,16.91,0.01,11,18601,买盘
2618,10:42:13,16.9,-0.01,112,189279,卖盘
2619,10:42:07,16.91,-0.01,65,109915,卖盘
2620,10:42:04,16.92,-0.01,75,126900,卖盘
2621,10:42:01,16.93,0.02,48,81264,买盘
2622,10:41:58,16.91,-0.02,9,15219,卖盘
2623,10:41:55,16.93,0.02,201,340293,买盘
2624,10:41:52,16.91,--,13,21983,卖盘
2625,10:41:49,16.91,-0.02,92,156248,卖盘
2626,10:41:46,16.93,0.01,5,8465,买盘
2627,10:41:43,16.92,-0.01,298,504216,卖盘
2628,10:41:37,16.93,--,15,25395,买盘
2629,10:41:31,16.93,--,142,240406,卖盘
2630,10:41:28,16.93,-0.01,111,187923,卖盘
2631,10:41:25,16.94,--,3,5082,买盘
2632,10:41:22,16.94,0.02,38,64372,买盘
2633,10:41:13,16.92,-0.01,9,15228,卖盘
2634,10:41:10,16.93,0.01,4,6772,买盘
2635,10:41:07,16.92,--,10,16920,卖盘
2636,10:41:04,16.92,--,1,2707,买盘
2637,10:41:01,16.92,--,110,186120,买盘
2638,10:40:58,16.92,0.02,11,18612,买盘
2639,10:40:49,16.9,0.02,69,116609,买盘
2640,10:40:46,16.88,-0.01,25,42875,卖盘
2641,10:40:39,16.89,-0.01,111,187479,卖盘
2642,10:40:36,16.9,-0.01,8,13519,卖盘
2643,10:40:33,16.91,--,26,43966,卖盘
2644,10:40:30,16.91,0.02,1491,2522295,买盘
2645,10:40:27,16.89,0.01,57,96273,卖盘
2646,10:40:24,16.88,0.01,12,20256,卖盘
2647,10:40:21,16.87,-0.01,170,287633,卖盘
2648,10:40:18,16.88,--,24,40512,卖盘
2649,10:40:15,16.88,-0.01,38,64143,卖盘
2650,10:40:12,16.89,--,26,43914,买盘
2651,10:40:09,16.89,--,3,5067,买盘
2652,10:40:03,16.89,0.01,35,59115,买盘
2653,10:40:00,16.88,--,7,11816,中性盘
2654,10:39:54,16.88,--,44,74272,卖盘
2655,10:39:48,16.88,0.01,37,62455,买盘
2656,10:39:45,16.87,-0.01,25,42175,卖盘
2657,10:39:42,16.88,0.01,107,180616,买盘
2658,10:39:39,16.87,-0.01,11,18557,卖盘
2659,10:39:36,16.88,--,9,15192,买盘
2660,10:39:33,16.88,0.01,7,11816,买盘
2661,10:39:30,16.87,-0.01,8,13496,卖盘
2662,10:39:24,16.88,--,26,43888,买盘
2663,10:39:21,16.88,0.01,1,1688,买盘
2664,10:39:18,16.87,-0.01,18,30366,卖盘
2665,10:39:15,16.88,--,35,59080,买盘
2666,10:39:12,16.88,--,24,40512,买盘
2667,10:39:09,16.88,--,45,75960,买盘
2668,10:39:06,16.88,--,5,8440,买盘
2669,10:39:03,16.88,0.02,50,84400,买盘
2670,10:39:00,16.86,-0.02,35,59010,卖盘
2671,10:38:57,16.88,-0.01,29,48952,买盘
2672,10:38:51,16.89,--,42,70938,买盘
2673,10:38:48,16.89,0.02,29,48981,买盘
2674,10:38:45,16.87,-0.01,73,123151,卖盘
2675,10:38:42,16.88,0.01,79,133352,买盘
2676,10:38:36,16.87,--,27,45549,卖盘
2677,10:38:33,16.87,0.01,20,33740,买盘
2678,10:38:27,16.86,--,280,472080,卖盘
2679,10:38:24,16.86,--,82,138589,买盘
2680,10:38:18,16.86,0.01,15,25290,买盘
2681,10:38:12,16.85,-0.01,11,18535,卖盘
2682,10:38:09,16.86,--,217,367210,卖盘
2683,10:38:03,16.86,--,64,107904,卖盘
2684,10:38:00,16.86,--,139,234893,卖盘
2685,10:37:57,16.86,-0.01,5,8430,卖盘
2686,10:37:54,16.87,0.01,24,41432,买盘
2687,10:37:51,16.86,--,13,21918,卖盘
2688,10:37:48,16.86,--,16,26976,卖盘
2689,10:37:39,16.86,--,7,11802,卖盘
2690,10:37:36,16.86,-0.02,20,33720,卖盘
2691,10:37:33,16.88,0.02,24,40512,买盘
2692,10:37:27,16.86,-0.01,138,232668,卖盘
2693,10:37:24,16.87,-0.01,6,10122,卖盘
2694,10:37:21,16.88,0.02,13,21944,买盘
2695,10:37:18,16.86,-0.02,185,311910,卖盘
2696,10:37:15,16.88,0.01,20,33760,买盘
2697,10:37:12,16.87,0.01,26,43862,中性盘
2698,10:37:06,16.86,-0.02,126,212840,卖盘
2699,10:37:03,16.88,0.02,14,23632,买盘
2700,10:37:00,16.86,--,100,168600,卖盘
2701,10:36:57,16.86,-0.02,21,35406,卖盘
2702,10:36:54,16.88,--,66,111408,买盘
2703,10:36:51,16.88,0.02,53,89464,买盘
2704,10:36:48,16.86,--,6,10116,卖盘
2705,10:36:42,16.86,--,40,67440,卖盘
2706,10:36:39,16.86,-0.01,22,37092,卖盘
2707,10:36:33,16.87,--,114,192318,买盘
2708,10:36:30,16.87,-0.01,22,37114,买盘
2709,10:36:27,16.88,--,10,18162,买盘
2710,10:36:24,16.88,0.01,75,127005,买盘
2711,10:36:21,16.87,--,27,45549,买盘
2712,10:36:18,16.87,0.01,29,48923,买盘
2713,10:36:15,16.86,-0.01,76,128675,卖盘
2714,10:36:12,16.87,--,56,94472,买盘
2715,10:36:09,16.87,--,146,246302,卖盘
2716,10:36:06,16.87,-0.01,30,50610,卖盘
2717,10:36:03,16.88,0.01,5,8440,买盘
2718,10:36:00,16.87,-0.01,51,86037,卖盘
2719,10:35:57,16.88,--,12,20256,买盘
2720,10:35:54,16.88,0.01,275,464200,买盘
2721,10:35:51,16.87,-0.01,44,74228,卖盘
2722,10:35:48,16.88,-0.01,183,308904,卖盘
2723,10:35:45,16.89,0.01,11,18579,买盘
2724,10:35:42,16.88,--,42,70896,卖盘
2725,10:35:39,16.88,--,32,54016,卖盘
2726,10:35:36,16.88,-0.01,44,74272,卖盘
2727,10:35:33,16.89,0.01,126,212814,买盘
2728,10:35:30,16.88,--,29,48952,卖盘
2729,10:35:24,16.88,--,188,317344,卖盘
2730,10:35:21,16.88,-0.01,42,70896,卖盘
2731,10:35:18,16.89,--,28,47292,买盘
2732,10:35:15,16.89,--,18,30402,买盘
2733,10:35:12,16.89,--,144,243216,卖盘
2734,10:35:09,16.89,--,130,219570,卖盘
2735,10:35:03,16.89,--,126,212814,卖盘
2736,10:34:54,16.89,--,178,300642,卖盘
2737,10:34:51,16.89,-0.01,6,10134,卖盘
2738,10:34:48,16.9,0.01,50,84500,买盘
2739,10:34:45,16.89,--,48,81072,买盘
2740,10:34:39,16.89,--,70,118230,买盘
2741,10:34:36,16.89,--,103,173967,卖盘
2742,10:34:33,16.89,--,69,116541,卖盘
2743,10:34:27,16.89,--,11,18579,卖盘
2744,10:34:24,16.89,--,21,35469,卖盘
2745,10:34:21,16.89,--,8,13512,卖盘
2746,10:34:18,16.89,0.01,50,84450,买盘
2747,10:34:12,16.88,-0.02,32,54016,卖盘
2748,10:34:09,16.9,0.02,219,370109,买盘
2749,10:34:06,16.88,-0.01,20,33760,卖盘
2750,10:34:03,16.89,--,3,5067,买盘
2751,10:34:00,16.89,--,33,57189,卖盘
2752,10:33:57,16.89,--,7,11823,卖盘
2753,10:33:51,16.89,0.01,193,327091,买盘
2754,10:33:48,16.88,-0.01,8,13504,卖盘
2755,10:33:45,16.89,0.01,76,128364,买盘
2756,10:33:42,16.88,--,19,32071,卖盘
2757,10:33:39,16.88,--,90,151920,卖盘
2758,10:33:36,16.88,--,2,3376,卖盘
2759,10:33:33,16.88,-0.01,2,3376,卖盘
2760,10:33:30,16.89,--,51,86139,买盘
2761,10:33:27,16.89,0.01,19,32091,买盘
2762,10:33:24,16.88,--,5,8440,卖盘
2763,10:33:21,16.88,--,37,62455,买盘
2764,10:33:18,16.88,--,28,47264,买盘
2765,10:33:15,16.88,0.02,190,320720,买盘
2766,10:33:12,16.86,-0.02,1,1686,卖盘
2767,10:33:09,16.88,0.01,3,5064,买盘
2768,10:33:03,16.87,-0.01,25,42175,卖盘
2769,10:33:00,16.88,0.02,123,207624,买盘
2770,10:32:57,16.86,-0.02,13,21918,卖盘
2771,10:32:54,16.88,0.01,105,177240,买盘
