,time,price,change,volume,amount,type
0,15:00:23,28.59,0.03,4620,13208580,买盘
1,14:57:35,28.56,--,0,0,卖盘
2,14:57:02,28.56,--,30,85680,卖盘
3,14:56:59,28.56,--,40,114240,卖盘
4,14:56:56,28.56,0.01,508,1450848,买盘
5,14:56:50,28.55,--,423,1207665,卖盘
6,14:56:47,28.55,--,217,619535,卖盘
7,14:56:44,28.55,--,153,436815,卖盘
8,14:56:41,28.55,--,96,274080,卖盘
9,14:56:38,28.55,0.01,622,1775810,买盘
10,14:56:35,28.54,-0.01,12,34248,卖盘
11,14:56:32,28.55,0.02,192,548160,买盘
12,14:56:29,28.53,--,127,362331,卖盘
13,14:56:26,28.53,-0.01,36,102708,卖盘
14,14:56:23,28.54,--,12,34248,中性盘
15,14:56:20,28.54,-0.01,6,17124,买盘
16,14:56:17,28.55,0.02,66,188430,买盘
17,14:56:14,28.53,0.01,59,168327,卖盘
18,14:56:11,28.52,--,20,57040,卖盘
19,14:56:08,28.52,-0.02,46,131192,卖盘
20,14:56:05,28.54,-0.01,56,159824,卖盘
21,14:56:02,28.55,0.02,55,157310,买盘
22,14:55:59,28.53,--,267,761922,买盘
23,14:55:56,28.53,0.02,117,333801,中性盘
24,14:55:53,28.51,-0.01,32,91232,卖盘
25,14:55:50,28.52,-0.03,7,19964,中性盘
26,14:55:47,28.55,0.03,523,1493165,买盘
27,14:55:44,28.52,--,14,39928,买盘
28,14:55:38,28.52,--,201,573252,买盘
29,14:55:35,28.52,--,2,8270,卖盘
30,14:55:32,28.52,-0.02,109,310868,卖盘
31,14:55:29,28.54,--,10,28540,卖盘
32,14:55:26,28.54,0.01,123,351042,买盘
33,14:55:23,28.53,0.01,593,1691829,买盘
34,14:55:17,28.52,-0.02,93,265236,卖盘
35,14:55:14,28.54,0.02,12,34533,买盘
36,14:55:11,28.52,--,16,45632,卖盘
37,14:55:08,28.52,--,1,2852,卖盘
38,14:55:05,28.52,-0.03,13,37076,卖盘
39,14:55:02,28.55,0.03,23,65665,买盘
40,14:54:59,28.52,0.01,7,19964,买盘
41,14:54:56,28.51,--,37,105487,卖盘
42,14:54:53,28.51,0.01,41,116891,中性盘
43,14:54:47,28.5,-0.04,7,19950,买盘
44,14:54:44,28.54,0.03,755,2154770,买盘
45,14:54:41,28.51,--,26,74126,买盘
46,14:54:38,28.51,0.01,23,65573,买盘
47,14:54:32,28.5,--,41,116850,卖盘
48,14:54:29,28.5,0.02,159,453150,买盘
49,14:54:26,28.48,--,11,31328,卖盘
50,14:54:23,28.48,-0.02,161,458528,卖盘
51,14:54:20,28.5,0.02,98,279300,买盘
52,14:54:17,28.48,0.03,727,2072204,买盘
53,14:54:14,28.45,-0.03,135,384075,卖盘
54,14:54:08,28.48,0.03,879,2503392,中性盘
55,14:54:05,28.45,-0.03,35,99575,卖盘
56,14:54:02,28.48,0.03,42,119616,卖盘
57,14:53:59,28.45,-0.03,670,1906150,卖盘
58,14:53:56,28.48,--,9,25632,买盘
59,14:53:53,28.48,--,3,8544,买盘
60,14:53:50,28.48,0.02,10,28480,买盘
61,14:53:47,28.46,-0.02,6,17076,卖盘
62,14:53:44,28.48,-0.02,13,37024,买盘
63,14:53:41,28.5,0.1,277,789450,买盘
64,14:53:38,28.4,--,40,113600,买盘
65,14:53:35,28.4,--,27,76680,买盘
66,14:53:32,28.4,-0.1,1362,3869443,卖盘
67,14:53:29,28.5,0.02,71,202350,买盘
68,14:53:23,28.48,-0.01,163,464224,卖盘
69,14:53:20,28.49,-0.01,6,17094,中性盘
70,14:53:17,28.5,--,9,25650,买盘
71,14:53:14,28.5,--,46,131100,买盘
72,14:53:08,28.5,--,113,322050,买盘
73,14:53:05,28.5,--,141,403218,买盘
74,14:53:02,28.5,--,619,1765632,买盘
75,14:52:59,28.5,--,205,584250,买盘
76,14:52:56,28.5,--,120,342000,买盘
77,14:52:53,28.5,0.01,171,487350,买盘
78,14:52:50,28.49,--,45,128205,卖盘
79,14:52:44,28.49,--,27,76923,卖盘
80,14:52:41,28.49,-0.01,15,42735,中性盘
81,14:52:38,28.5,0.01,32,91200,买盘
82,14:52:35,28.49,0.01,6,17094,买盘
83,14:52:32,28.48,-0.01,3,8544,卖盘
84,14:52:29,28.49,--,231,659600,买盘
85,14:52:23,28.49,--,5,14245,买盘
86,14:52:20,28.49,0.01,122,347578,买盘
87,14:52:14,28.48,--,142,404416,卖盘
88,14:52:11,28.48,0.02,32,91136,中性盘
89,14:52:08,28.46,-0.01,46,130916,卖盘
90,14:52:05,28.47,--,70,199290,卖盘
91,14:52:02,28.47,-0.01,5,14235,买盘
92,14:51:59,28.48,--,11,31328,买盘
93,14:51:56,28.48,0.02,75,213600,买盘
94,14:51:53,28.46,--,1018,2897228,卖盘
95,14:51:50,28.46,-0.01,10,28460,卖盘
96,14:51:44,28.47,--,15,42705,买盘
97,14:51:41,28.47,0.01,136,387192,买盘
98,14:51:35,28.46,-0.01,51,145146,中性盘
99,14:51:32,28.47,0.02,77,219219,买盘
100,14:51:29,28.45,--,132,375540,卖盘
101,14:51:23,28.45,-0.01,46,130870,卖盘
102,14:51:17,28.46,--,4,11384,买盘
103,14:51:14,28.46,--,81,230526,买盘
104,14:51:11,28.46,--,28,79688,买盘
105,14:51:05,28.46,--,23,65458,买盘
106,14:51:02,28.46,0.01,14,39844,买盘
107,14:50:56,28.45,--,24,68280,卖盘
108,14:50:50,28.45,--,9,27482,买盘
109,14:50:47,28.45,-0.01,17,49332,卖盘
110,14:50:44,28.46,0.01,25,71150,买盘
111,14:50:41,28.45,--,5,14225,卖盘
112,14:50:38,28.45,-0.01,192,546240,卖盘
113,14:50:35,28.46,0.01,37,107180,买盘
114,14:50:32,28.45,--,8,22760,买盘
115,14:50:29,28.45,--,36,102420,买盘
116,14:50:26,28.45,0.02,118,335710,买盘
117,14:50:23,28.43,-0.02,103,292829,卖盘
118,14:50:20,28.45,0.01,266,756770,买盘
119,14:50:16,28.44,--,73,207612,买盘
120,14:50:13,28.44,0.01,8,22752,买盘
121,14:50:10,28.43,-0.01,35,99505,卖盘
122,14:50:07,28.44,-0.01,72,204768,中性盘
123,14:50:04,28.45,0.02,1,2845,买盘
124,14:50:01,28.43,-0.01,181,514583,卖盘
125,14:49:55,28.44,--,21,59724,买盘
126,14:49:52,28.44,0.02,49,139356,买盘
127,14:49:46,28.42,-0.01,31,88102,卖盘
128,14:49:43,28.43,--,13,37925,卖盘
129,14:49:40,28.43,-0.01,9,25587,卖盘
130,14:49:37,28.44,0.01,20,56880,买盘
131,14:49:34,28.43,0.01,256,729684,买盘
132,14:49:28,28.42,--,20,56840,卖盘
133,14:49:25,28.42,--,39,110838,买盘
134,14:49:22,28.42,0.01,4,11368,买盘
135,14:49:19,28.41,-0.01,57,161937,卖盘
136,14:49:16,28.42,0.01,10,28420,买盘
137,14:49:13,28.41,--,1,2841,卖盘
138,14:49:10,28.41,--,9,25569,卖盘
139,14:49:07,28.41,--,33,93753,买盘
140,14:49:04,28.41,0.01,258,732978,买盘
141,14:49:01,28.4,0.01,18,51120,中性盘
142,14:48:58,28.39,-0.02,39,110721,卖盘
143,14:48:55,28.41,--,4,11364,买盘
144,14:48:52,28.41,--,6,17046,买盘
145,14:48:46,28.41,--,1,2841,买盘
146,14:48:43,28.41,--,30,85230,买盘
147,14:48:40,28.41,0.01,1,2841,买盘
148,14:48:34,28.4,--,25,71000,买盘
149,14:48:31,28.4,-0.01,12,34080,中性盘
150,14:48:25,28.41,0.01,17,48297,买盘
151,14:48:19,28.4,-0.01,80,227200,卖盘
152,14:48:13,28.41,0.01,15,42615,买盘
153,14:48:10,28.4,0.01,20,56800,买盘
154,14:48:07,28.39,-0.01,33,93687,卖盘
155,14:48:04,28.4,0.01,16,45440,买盘
156,14:48:01,28.39,-0.01,20,56780,卖盘
157,14:47:58,28.4,--,15,42600,买盘
158,14:47:55,28.4,--,4,11360,买盘
159,14:47:52,28.4,0.01,3,8520,买盘
160,14:47:49,28.39,--,60,170340,卖盘
161,14:47:46,28.39,--,12,34068,卖盘
162,14:47:43,28.39,--,10,28390,卖盘
163,14:47:37,28.39,-0.01,13,36907,卖盘
164,14:47:34,28.4,--,41,116440,买盘
165,14:47:31,28.4,--,9,25560,买盘
166,14:47:28,28.4,--,23,65320,买盘
167,14:47:25,28.4,--,75,213000,卖盘
168,14:47:19,28.4,--,8,22720,卖盘
169,14:47:16,28.4,--,7,19880,卖盘
170,14:47:13,28.4,0.02,205,582200,买盘
171,14:47:10,28.38,0.02,22,62492,买盘
172,14:47:07,28.36,-0.02,33,93588,卖盘
173,14:47:04,28.38,--,18,51084,买盘
174,14:47:01,28.38,0.02,3,8514,买盘
175,14:46:58,28.36,-0.02,9,25524,卖盘
176,14:46:55,28.38,0.02,15,42570,买盘
177,14:46:52,28.36,--,3,8508,卖盘
178,14:46:49,28.36,--,27,76572,买盘
179,14:46:46,28.36,0.01,3,8508,买盘
180,14:46:43,28.35,-0.01,9,25515,卖盘
181,14:46:40,28.36,0.01,17,48212,买盘
182,14:46:37,28.35,--,30,85050,买盘
183,14:46:28,28.35,--,36,102060,买盘
184,14:46:25,28.35,--,1,2835,买盘
185,14:46:22,28.35,-0.03,182,515970,卖盘
186,14:46:19,28.38,--,1,2838,买盘
187,14:46:16,28.38,--,3,8514,买盘
188,14:46:13,28.38,-0.02,34,96492,卖盘
189,14:46:07,28.4,0.02,222,630480,买盘
190,14:46:04,28.38,--,21,59598,卖盘
191,14:46:01,28.38,-0.01,21,59598,卖盘
192,14:45:58,28.39,--,12,34068,买盘
193,14:45:55,28.39,0.03,7,19873,买盘
194,14:45:49,28.36,-0.03,6,17016,卖盘
195,14:45:46,28.39,0.03,8,22712,买盘
196,14:45:43,28.36,--,12,34032,卖盘
197,14:45:40,28.36,-0.03,18,51048,卖盘
198,14:45:37,28.39,0.03,16,45424,买盘
199,14:45:34,28.36,-0.03,47,133292,卖盘
200,14:45:25,28.39,0.04,25,70975,买盘
201,14:45:16,28.35,--,28,79380,卖盘
202,14:45:13,28.35,--,223,632205,买盘
203,14:45:10,28.35,0.02,17,48195,买盘
204,14:45:07,28.33,-0.02,17,48161,卖盘
205,14:45:04,28.35,--,242,686070,买盘
206,14:45:01,28.35,--,3,8505,买盘
207,14:44:58,28.35,--,9,25515,买盘
208,14:44:55,28.35,--,48,136080,买盘
209,14:44:52,28.35,--,63,178605,买盘
210,14:44:46,28.35,-0.05,105,297675,卖盘
211,14:44:43,28.4,0.01,247,701480,买盘
212,14:44:40,28.39,--,17,48263,卖盘
213,14:44:34,28.39,0.03,4,11356,买盘
214,14:44:31,28.36,--,26,73736,买盘
215,14:44:25,28.36,--,33,93588,买盘
216,14:44:19,28.36,--,3,8508,买盘
217,14:44:16,28.36,--,15,42540,卖盘
218,14:44:10,28.36,-0.04,6,17016,卖盘
219,14:44:07,28.4,--,12,34080,买盘
220,14:44:04,28.4,0.04,462,1312080,买盘
221,14:44:01,28.36,-0.04,2,5672,卖盘
222,14:43:58,28.4,0.04,200,568000,买盘
223,14:43:55,28.36,-0.04,18,51048,卖盘
224,14:43:52,28.4,0.1,56,159040,买盘
225,14:43:49,28.3,-0.1,28,79240,卖盘
226,14:43:43,28.4,--,87,247080,买盘
227,14:43:37,28.4,--,25,71000,买盘
228,14:43:34,28.4,-0.05,9,25560,中性盘
229,14:43:28,28.45,--,60,170700,买盘
230,14:43:25,28.45,0.01,522,1485090,买盘
231,14:43:22,28.44,0.03,15,42660,卖盘
232,14:43:19,28.41,-0.04,6,17046,卖盘
233,14:43:16,28.45,0.04,4,11380,买盘
234,14:43:13,28.41,-0.03,195,553995,卖盘
235,14:43:10,28.44,-0.03,9,25596,卖盘
236,14:43:07,28.47,0.03,371,1056237,买盘
237,14:43:01,28.44,-0.01,5,14220,买盘
238,14:42:58,28.45,--,165,470164,卖盘
239,14:42:52,28.45,--,3,8535,卖盘
240,14:42:49,28.45,--,113,323590,卖盘
241,14:42:46,28.45,-0.01,4,11380,卖盘
242,14:42:43,28.46,0.01,24,68304,买盘
243,14:42:40,28.45,0.04,14,39830,买盘
244,14:42:37,28.41,-0.04,52,147732,卖盘
245,14:42:34,28.45,--,3,8535,买盘
246,14:42:31,28.45,--,122,347090,买盘
247,14:42:28,28.45,0.04,6,17070,买盘
248,14:42:25,28.41,-0.05,13,36933,卖盘
249,14:42:19,28.46,0.01,60,170760,买盘
250,14:42:16,28.45,--,18,51210,卖盘
251,14:42:10,28.45,--,193,549085,买盘
252,14:42:07,28.45,--,28,79660,买盘
253,14:42:01,28.45,0.04,1,2845,买盘
254,14:41:58,28.41,-0.04,88,250008,卖盘
255,14:41:52,28.45,0.02,3,8535,买盘
256,14:41:49,28.43,-0.02,18,51174,卖盘
257,14:41:43,28.45,--,16,45520,卖盘
258,14:41:40,28.45,--,23,65435,卖盘
259,14:41:37,28.45,-0.01,19,54055,卖盘
260,14:41:34,28.46,0.01,161,458206,买盘
261,14:41:31,28.45,--,72,204840,卖盘
262,14:41:28,28.45,--,42,119490,卖盘
263,14:41:25,28.45,--,6,17070,卖盘
264,14:41:22,28.45,--,18,51210,卖盘
265,14:41:19,28.45,--,26,73970,卖盘
266,14:41:16,28.45,0.04,386,1098170,买盘
267,14:41:13,28.41,-0.03,303,860823,卖盘
268,14:41:10,28.44,--,43,122292,买盘
269,14:41:07,28.44,0.01,22,62568,中性盘
270,14:41:04,28.43,-0.01,22,62546,卖盘
271,14:41:01,28.44,--,26,73944,卖盘
272,14:40:58,28.44,0.01,25,71100,买盘
273,14:40:55,28.43,--,10,28430,卖盘
274,14:40:52,28.43,-0.01,18,51174,卖盘
275,14:40:43,28.44,--,4,11376,买盘
276,14:40:40,28.44,--,9,25596,卖盘
277,14:40:37,28.44,--,5,14220,卖盘
278,14:40:34,28.44,--,70,199080,买盘
279,14:40:31,28.44,-0.01,57,162108,卖盘
280,14:40:25,28.45,0.01,4,11380,买盘
281,14:40:22,28.44,-0.01,52,147888,卖盘
282,14:40:19,28.45,--,57,162165,买盘
283,14:40:10,28.45,0.01,33,93885,买盘
284,14:40:07,28.44,0.01,56,159264,中性盘
285,14:40:04,28.43,-0.01,112,318416,卖盘
286,14:40:01,28.44,-0.01,15,42660,中性盘
287,14:39:55,28.45,0.01,21,59745,买盘
288,14:39:52,28.44,0.02,108,307152,买盘
289,14:39:46,28.42,--,35,99470,卖盘
290,14:39:43,28.42,--,2,5684,卖盘
291,14:39:40,28.42,--,1,2842,卖盘
292,14:39:34,28.42,0.01,19,53998,买盘
293,14:39:31,28.41,--,10,28410,卖盘
294,14:39:28,28.41,0.04,138,392512,买盘
295,14:39:25,28.37,-0.03,14,39718,卖盘
296,14:39:22,28.4,--,103,292520,买盘
297,14:39:19,28.4,--,111,315240,买盘
298,14:39:10,28.4,0.03,276,783840,买盘
299,14:39:07,28.37,--,20,56740,买盘
300,14:39:04,28.37,--,21,59577,买盘
301,14:39:01,28.37,-0.02,92,262819,卖盘
302,14:38:55,28.39,0.03,126,358736,买盘
303,14:38:52,28.36,--,152,431072,买盘
304,14:38:49,28.36,--,72,204192,买盘
305,14:38:46,28.36,--,22,62392,买盘
306,14:38:43,28.36,-0.03,279,791244,卖盘
307,14:38:40,28.39,0.02,3,8517,买盘
308,14:38:37,28.37,--,88,249656,卖盘
309,14:38:34,28.37,-0.02,2,5674,卖盘
310,14:38:31,28.39,--,117,332163,买盘
311,14:38:25,28.39,0.03,59,167501,买盘
312,14:38:22,28.36,--,360,1020960,卖盘
313,14:38:19,28.36,-0.01,4,11344,卖盘
314,14:38:16,28.37,--,23,65251,买盘
315,14:38:13,28.37,--,8,22696,买盘
316,14:38:10,28.37,0.01,10,28370,买盘
317,14:38:07,28.36,-0.01,12,34032,卖盘
318,14:38:04,28.37,0.01,15,42555,买盘
319,14:37:58,28.36,--,10,28360,买盘
320,14:37:55,28.36,--,25,70900,买盘
321,14:37:46,28.36,0.03,19,53884,买盘
322,14:37:43,28.33,--,76,215308,卖盘
323,14:37:37,28.33,--,42,119099,买盘
324,14:37:34,28.33,--,24,67992,买盘
325,14:37:31,28.33,-0.04,218,617594,卖盘
326,14:37:25,28.37,--,11,31207,买盘
327,14:37:22,28.37,0.03,10,28370,买盘
328,14:37:16,28.34,-0.02,434,1229956,卖盘
329,14:37:10,28.36,0.01,27,76572,买盘
330,14:37:07,28.35,-0.01,15,42525,卖盘
331,14:37:04,28.36,0.01,45,127620,买盘
332,14:36:58,28.35,0.01,57,161595,买盘
333,14:36:55,28.34,--,11,31174,卖盘
334,14:36:52,28.34,-0.01,20,56680,卖盘
335,14:36:49,28.35,--,65,184275,买盘
336,14:36:46,28.35,--,15,42525,买盘
337,14:36:43,28.35,--,4,11340,买盘
338,14:36:40,28.35,-0.01,125,354375,卖盘
339,14:36:37,28.36,--,20,56720,买盘
340,14:36:34,28.36,--,3,8508,买盘
341,14:36:31,28.36,0.02,42,119112,买盘
342,14:36:28,28.34,-0.01,5,14170,卖盘
343,14:36:25,28.35,0.01,30,85050,中性盘
344,14:36:19,28.34,-0.02,25,70850,卖盘
345,14:36:16,28.36,--,6,17016,买盘
346,14:36:13,28.36,--,73,207028,买盘
347,14:36:04,28.36,0.03,24,68064,买盘
348,14:36:01,28.33,--,6,16998,卖盘
349,14:35:58,28.33,-0.03,9,25497,卖盘
350,14:35:55,28.36,0.01,3,8508,买盘
351,14:35:52,28.35,-0.01,3,8505,买盘
352,14:35:43,28.36,--,199,564364,买盘
353,14:35:37,28.36,--,21,59556,买盘
354,14:35:34,28.36,-0.01,6,17016,买盘
355,14:35:25,28.37,0.04,13,36881,买盘
356,14:35:19,28.33,-0.04,1,2833,卖盘
357,14:35:16,28.37,-0.01,66,187242,中性盘
358,14:35:10,28.38,0.01,73,207174,买盘
359,14:35:07,28.37,--,74,209938,卖盘
360,14:35:04,28.37,--,9,25533,卖盘
361,14:34:58,28.37,-0.01,10,28370,卖盘
362,14:34:52,28.38,0.01,16,45408,买盘
363,14:34:49,28.37,--,9,25533,卖盘
364,14:34:46,28.37,-0.01,6,17022,卖盘
365,14:34:43,28.38,0.01,63,178794,买盘
366,14:34:40,28.37,-0.01,20,56740,卖盘
367,14:34:37,28.38,--,20,56760,买盘
368,14:34:34,28.38,0.02,30,85140,买盘
369,14:34:31,28.36,-0.02,12,34032,卖盘
370,14:34:25,28.38,--,197,559086,卖盘
371,14:34:22,28.38,-0.01,11,31218,卖盘
372,14:34:16,28.39,--,3,8517,买盘
373,14:34:10,28.39,0.02,62,176018,买盘
374,14:34:07,28.37,--,70,198590,卖盘
375,14:34:04,28.37,-0.02,8,22696,卖盘
376,14:34:01,28.39,0.01,13,36907,买盘
377,14:33:55,28.38,-0.01,8,22704,中性盘
378,14:33:49,28.39,--,42,119238,买盘
379,14:33:46,28.39,--,75,212925,买盘
380,14:33:43,28.39,--,8,22712,买盘
381,14:33:40,28.39,-0.01,26,73814,卖盘
382,14:33:37,28.4,--,89,252760,买盘
383,14:33:34,28.4,--,236,670240,买盘
384,14:33:31,28.4,0.01,164,465760,买盘
385,14:33:28,28.39,-0.01,10,28390,卖盘
386,14:33:25,28.4,--,13,36920,买盘
387,14:33:22,28.4,--,23,65320,买盘
388,14:33:19,28.4,--,10,28400,买盘
389,14:33:13,28.4,0.01,70,198800,买盘
390,14:33:10,28.39,-0.01,9,25551,卖盘
391,14:33:07,28.4,--,131,372040,买盘
392,14:33:04,28.4,--,8,22720,买盘
393,14:33:01,28.4,--,148,420320,买盘
394,14:32:55,28.4,0.01,4,11360,买盘
395,14:32:52,28.39,--,12,34068,卖盘
396,14:32:49,28.39,--,5,14195,买盘
397,14:32:46,28.39,0.01,11,31229,买盘
398,14:32:37,28.38,-0.01,7,19866,卖盘
399,14:32:34,28.39,--,86,244154,买盘
400,14:32:28,28.39,0.01,32,90848,买盘
401,14:32:22,28.38,--,89,252582,卖盘
402,14:32:19,28.38,--,18,51084,卖盘
403,14:32:16,28.38,--,221,627198,买盘
404,14:32:07,28.38,0.01,83,235554,买盘
405,14:32:04,28.37,-0.01,130,368810,卖盘
406,14:32:01,28.38,--,40,113520,买盘
407,14:31:58,28.38,--,16,45408,买盘
408,14:31:55,28.38,0.01,3,8514,买盘
409,14:31:49,28.37,-0.01,28,79436,卖盘
410,14:31:46,28.38,0.02,145,411510,买盘
411,14:31:43,28.36,-0.01,12,34032,卖盘
412,14:31:40,28.37,--,45,127665,买盘
413,14:31:37,28.37,--,29,82273,买盘
414,14:31:31,28.37,--,11,31207,买盘
415,14:31:28,28.37,--,3,8511,买盘
416,14:31:25,28.37,--,7,19859,买盘
417,14:31:22,28.37,--,10,28370,买盘
418,14:31:16,28.37,0.01,1,2837,买盘
419,14:31:13,28.36,--,63,178668,卖盘
420,14:31:10,28.36,--,16,45376,买盘
421,14:31:07,28.36,--,26,73736,中性盘
422,14:31:04,28.36,-0.01,116,328976,中性盘
423,14:31:01,28.37,0.01,17,48229,买盘
424,14:30:55,28.36,0.01,1,2836,买盘
425,14:30:52,28.35,--,47,134152,买盘
426,14:30:46,28.35,--,107,303345,买盘
427,14:30:43,28.35,--,87,248572,买盘
428,14:30:40,28.35,0.01,21,59535,买盘
429,14:30:31,28.34,0.01,47,134104,买盘
430,14:30:28,28.33,--,1,2833,卖盘
431,14:30:22,28.33,-0.01,10,28330,卖盘
432,14:30:19,28.34,0.01,108,306072,买盘
433,14:30:16,28.33,0.01,43,121818,买盘
434,14:30:06,28.32,-0.01,24,67968,卖盘
435,14:30:03,28.33,--,8,22664,买盘
436,14:30:00,28.33,0.01,18,50994,买盘
437,14:29:54,28.32,0.01,8,22656,卖盘
438,14:29:51,28.31,0.02,40,113240,买盘
439,14:29:48,28.29,-0.02,7,19803,卖盘
440,14:29:45,28.31,--,3,8493,买盘
441,14:29:42,28.31,0.02,11,31141,买盘
442,14:29:39,28.29,-0.03,3,8487,卖盘
443,14:29:36,28.32,--,23,65136,买盘
444,14:29:30,28.32,0.03,8,22656,买盘
445,14:29:24,28.29,0.02,7,19803,买盘
446,14:29:21,28.27,-0.02,24,67848,卖盘
447,14:29:18,28.29,0.01,51,144279,中性盘
448,14:29:12,28.28,-0.01,5,14140,卖盘
449,14:29:09,28.29,--,29,82041,买盘
450,14:29:03,28.29,--,4,11316,买盘
451,14:29:00,28.29,0.01,43,121647,买盘
452,14:28:57,28.28,-0.05,63,178164,卖盘
453,14:28:54,28.33,--,55,155815,买盘
454,14:28:51,28.33,--,3,8499,买盘
455,14:28:48,28.33,--,33,93489,买盘
456,14:28:45,28.33,--,44,124651,买盘
457,14:28:42,28.33,0.04,11,31162,买盘
458,14:28:39,28.29,0.01,2,5658,中性盘
459,14:28:36,28.28,--,25,70700,卖盘
460,14:28:30,28.28,-0.05,1,2828,卖盘
461,14:28:27,28.33,--,3,8499,买盘
462,14:28:24,28.33,--,16,45328,买盘
463,14:28:21,28.33,0.05,54,152982,买盘
464,14:28:18,28.28,-0.05,9,25452,卖盘
465,14:28:15,28.33,0.05,3,8499,买盘
466,14:28:12,28.28,-0.05,9,25452,卖盘
467,14:28:09,28.33,0.08,1,2833,买盘
468,14:28:03,28.25,-0.03,1004,2836300,卖盘
469,14:28:00,28.28,--,6,16968,卖盘
470,14:27:57,28.28,-0.05,10,28280,卖盘
471,14:27:54,28.33,--,66,186978,买盘
472,14:27:51,28.33,0.05,5,14165,买盘
473,14:27:48,28.28,-0.05,15,42420,中性盘
474,14:27:45,28.33,--,7,19831,买盘
475,14:27:42,28.33,--,306,868087,卖盘
476,14:27:39,28.33,-0.01,5,14165,卖盘
477,14:27:36,28.34,--,31,87854,买盘
478,14:27:33,28.34,0.01,6,17004,买盘
479,14:27:27,28.33,-0.01,4,11332,卖盘
480,14:27:24,28.34,--,13,36842,买盘
481,14:27:21,28.34,0.01,54,153036,买盘
482,14:27:18,28.33,-0.01,23,65158,卖盘
483,14:27:15,28.34,--,15,42510,买盘
484,14:27:12,28.34,0.01,3,8502,买盘
485,14:27:06,28.33,0.01,5,14165,卖盘
486,14:27:03,28.32,-0.01,74,209568,卖盘
487,14:27:00,28.33,--,11,31162,买盘
488,14:26:54,28.33,0.08,8,22664,买盘
489,14:26:51,28.25,-0.08,291,822979,卖盘
490,14:26:48,28.33,--,6,16998,买盘
491,14:26:42,28.33,0.02,9,25497,买盘
492,14:26:39,28.31,-0.02,17,48127,卖盘
493,14:26:36,28.33,-0.01,23,65158,卖盘
494,14:26:33,28.34,0.01,232,657488,买盘
495,14:26:27,28.33,--,5,14165,卖盘
496,14:26:21,28.33,-0.01,70,198310,中性盘
497,14:26:18,28.34,0.09,442,1252628,买盘
498,14:26:12,28.25,-0.09,281,795463,卖盘
499,14:26:12,28.34,0.01,861,2440244,买盘
500,14:26:06,28.33,--,25,70825,卖盘
501,14:26:03,28.33,--,10,28330,卖盘
502,14:26:00,28.33,0.01,33,93489,买盘
503,14:25:57,28.32,-0.01,3,8496,中性盘
504,14:25:54,28.33,0.05,5,14165,买盘
505,14:25:51,28.28,-0.04,56,158368,卖盘
506,14:25:45,28.32,--,49,138768,卖盘
507,14:25:42,28.32,--,8,22656,卖盘
508,14:25:36,28.32,-0.01,14,39648,卖盘
509,14:25:33,28.33,--,20,56660,买盘
510,14:25:30,28.33,0.01,13,36829,买盘
511,14:25:24,28.32,0.06,24,67968,买盘
512,14:25:21,28.26,--,42,119652,买盘
513,14:25:18,28.26,--,13,36738,买盘
514,14:25:15,28.26,--,18,50868,买盘
515,14:25:12,28.26,--,74,209237,卖盘
516,14:25:06,28.26,-0.07,122,344772,卖盘
517,14:25:03,28.33,--,87,246470,买盘
518,14:24:54,28.33,--,3,8499,买盘
519,14:24:51,28.33,0.01,58,164314,买盘
520,14:24:48,28.32,--,11,31152,卖盘
521,14:24:45,28.32,-0.01,4,11328,卖盘
522,14:24:42,28.33,--,4,11332,买盘
523,14:24:33,28.33,--,60,169980,买盘
524,14:24:30,28.33,0.07,3,8499,买盘
525,14:24:27,28.26,-0.06,200,565200,卖盘
526,14:24:24,28.32,0.01,46,130272,买盘
527,14:24:21,28.31,-0.01,10,28310,卖盘
528,14:24:18,28.32,--,15,42480,买盘
529,14:24:12,28.32,0.01,3,8496,买盘
530,14:24:09,28.31,--,7,19817,卖盘
531,14:24:06,28.31,--,3,8493,卖盘
532,14:24:03,28.31,0.01,33,93423,买盘
533,14:24:00,28.3,-0.01,48,135840,卖盘
534,14:23:51,28.31,-0.01,23,65113,买盘
535,14:23:48,28.32,0.01,1,2832,卖盘
536,14:23:45,28.31,-0.02,20,56620,卖盘
537,14:23:42,28.33,0.01,102,288966,买盘
538,14:23:36,28.32,--,21,59472,买盘
539,14:23:33,28.32,--,3,8496,买盘
540,14:23:30,28.32,0.01,54,152928,买盘
541,14:23:24,28.31,-0.01,7,19817,卖盘
542,14:23:21,28.32,0.01,24,67968,买盘
543,14:23:18,28.31,0.01,33,93423,买盘
544,14:23:12,28.3,--,9,25470,卖盘
545,14:23:09,28.3,--,96,274396,买盘
546,14:23:06,28.3,0.06,83,234890,买盘
547,14:23:00,28.24,-0.06,14,39536,卖盘
548,14:22:51,28.3,--,7,19810,买盘
549,14:22:45,28.3,--,9,25470,买盘
550,14:22:42,28.3,-0.02,85,240663,卖盘
551,14:22:39,28.32,--,43,121776,买盘
552,14:22:33,28.32,--,3,8496,买盘
553,14:22:30,28.32,0.02,55,155760,买盘
554,14:22:27,28.3,--,3,11206,卖盘
555,14:22:24,28.3,--,18,50940,卖盘
556,14:22:18,28.3,-0.02,40,113200,卖盘
557,14:22:15,28.32,--,10,28320,卖盘
558,14:22:12,28.32,0.02,16,45312,买盘
559,14:22:09,28.3,0.1,30,84900,买盘
560,14:22:06,28.2,--,30,84600,卖盘
561,14:22:03,28.2,0.01,37,104340,买盘
562,14:22:00,28.19,-0.01,193,544067,卖盘
563,14:21:54,28.2,--,7,19740,买盘
564,14:21:51,28.2,-0.1,967,2726940,卖盘
565,14:21:48,28.3,0.09,1,2830,买盘
566,14:21:45,28.21,-0.09,1441,4065061,卖盘
567,14:21:42,28.3,--,10,28300,卖盘
568,14:21:39,28.3,--,15,42450,买盘
569,14:21:36,28.3,--,120,339600,买盘
570,14:21:33,28.3,--,62,175460,买盘
571,14:21:30,28.3,--,13,36790,卖盘
572,14:21:27,28.3,-0.03,101,285830,卖盘
573,14:21:24,28.33,0.03,23,65158,买盘
574,14:21:18,28.3,-0.03,14,39620,卖盘
575,14:21:09,28.33,0.03,8,22664,买盘
576,14:21:03,28.3,--,58,164140,买盘
577,14:21:00,28.3,--,8,22640,买盘
578,14:20:57,28.3,--,13,36790,卖盘
579,14:20:54,28.3,-0.01,5,14150,卖盘
580,14:20:51,28.31,0.04,1,2831,买盘
581,14:20:48,28.27,-0.03,637,1800799,卖盘
582,14:20:45,28.3,--,26,73580,买盘
583,14:20:42,28.3,--,11,31130,买盘
584,14:20:39,28.3,--,62,175460,买盘
585,14:20:36,28.3,--,63,178290,买盘
586,14:20:33,28.3,--,69,195270,买盘
587,14:20:30,28.3,--,39,110370,买盘
588,14:20:27,28.3,-0.03,853,2413990,卖盘
589,14:20:24,28.33,--,114,322962,买盘
590,14:20:21,28.33,0.02,4,11332,买盘
591,14:20:15,28.31,-0.02,3,8493,卖盘
592,14:20:12,28.33,0.03,11,31162,买盘
593,14:20:06,28.3,--,124,350920,卖盘
594,14:20:00,28.3,--,114,322620,买盘
595,14:19:54,28.3,--,21,59430,买盘
596,14:19:51,28.3,--,60,169800,买盘
597,14:19:48,28.3,--,46,130180,卖盘
598,14:19:42,28.3,-0.01,130,367900,卖盘
599,14:19:39,28.31,0.01,50,141550,买盘
600,14:19:36,28.3,--,23,65090,买盘
601,14:19:33,28.3,-0.03,119,336770,卖盘
602,14:19:30,28.33,0.02,5,14165,买盘
603,14:19:27,28.31,-0.02,14,39634,中性盘
604,14:19:21,28.33,--,338,959820,买盘
605,14:19:18,28.33,0.02,104,294632,买盘
606,14:19:12,28.31,-0.03,76,215156,卖盘
607,14:19:09,28.34,0.01,64,181376,买盘
608,14:19:06,28.33,0.03,163,461779,买盘
609,14:19:03,28.3,-0.01,46,130180,卖盘
610,14:19:00,28.31,--,1,2831,买盘
611,14:18:51,28.31,0.02,3,8493,买盘
612,14:18:48,28.29,-0.01,26,73554,卖盘
613,14:18:45,28.3,0.01,2,6226,买盘
614,14:18:42,28.29,-0.01,14,39606,卖盘
615,14:18:39,28.3,--,18,50940,买盘
616,14:18:36,28.3,--,75,212250,买盘
617,14:18:33,28.3,--,252,713160,买盘
618,14:18:30,28.3,--,3,8490,买盘
619,14:18:27,28.3,--,17,48110,买盘
620,14:18:24,28.3,-0.03,40,114445,卖盘
621,14:18:21,28.33,0.03,4,11332,买盘
622,14:18:15,28.3,--,155,440234,买盘
623,14:18:09,28.3,0.01,37,104710,买盘
624,14:18:06,28.29,-0.01,321,909353,卖盘
625,14:18:03,28.3,--,8,22640,卖盘
626,14:17:57,28.3,--,15,44034,买盘
627,14:17:54,28.3,0.03,26,73580,买盘
628,14:17:51,28.27,-0.03,114,322278,卖盘
629,14:17:48,28.3,--,99,280170,买盘
630,14:17:42,28.3,--,7,19810,买盘
631,14:17:39,28.3,--,51,144330,买盘
632,14:17:36,28.3,-0.02,330,935145,卖盘
633,14:17:33,28.32,--,321,909072,买盘
634,14:17:30,28.32,0.02,3,8496,买盘
635,14:17:27,28.3,--,2,5660,卖盘
636,14:17:24,28.3,--,90,256284,买盘
637,14:17:18,28.3,--,101,285830,买盘
638,14:17:15,28.3,--,4,11320,买盘
639,14:17:12,28.3,--,83,234890,买盘
640,14:17:09,28.3,--,10,28300,买盘
641,14:17:06,28.3,--,232,656560,买盘
642,14:17:03,28.3,-0.01,406,1148980,卖盘
643,14:17:00,28.31,--,44,124564,买盘
644,14:16:54,28.31,0.01,30,84930,买盘
645,14:16:51,28.3,--,16,45280,卖盘
646,14:16:45,28.3,-0.04,250,707500,卖盘
647,14:16:42,28.34,--,73,206882,买盘
648,14:16:36,28.34,--,144,408096,买盘
649,14:16:30,28.34,--,3,8502,买盘
650,14:16:27,28.34,--,24,68016,买盘
651,14:16:24,28.34,--,2,5668,买盘
652,14:16:21,28.34,-0.05,480,1361000,卖盘
653,14:16:18,28.39,--,3,8517,买盘
654,14:16:15,28.39,0.03,55,156145,买盘
655,14:16:12,28.36,-0.03,28,79408,卖盘
656,14:16:06,28.39,--,251,712589,买盘
657,14:16:03,28.39,0.04,4,11356,买盘
658,14:15:54,28.35,-0.04,7,19845,卖盘
659,14:15:51,28.39,0.04,5,14195,买盘
660,14:15:42,28.35,--,468,1328934,买盘
661,14:15:36,28.35,--,37,104895,买盘
662,14:15:33,28.35,--,11,31185,买盘
663,14:15:30,28.35,--,45,127575,买盘
664,14:15:24,28.35,--,72,204120,买盘
665,14:15:18,28.35,--,7,19845,买盘
666,14:15:15,28.35,--,55,155925,买盘
667,14:15:12,28.35,--,23,65205,买盘
668,14:15:09,28.35,--,61,172935,卖盘
669,14:15:06,28.35,--,55,155925,买盘
670,14:15:00,28.35,--,19,53865,买盘
671,14:14:54,28.35,--,10,28350,买盘
672,14:14:51,28.35,--,142,402570,买盘
673,14:14:48,28.35,--,50,141750,买盘
674,14:14:45,28.35,--,59,167265,买盘
675,14:14:39,28.35,--,1,2835,买盘
676,14:14:36,28.35,--,51,144585,买盘
677,14:14:33,28.35,--,3,8505,买盘
678,14:14:30,28.35,-0.04,145,411075,卖盘
679,14:14:27,28.39,-0.01,11,31229,卖盘
680,14:14:24,28.4,--,61,173240,买盘
681,14:14:21,28.4,--,57,161880,买盘
682,14:14:15,28.4,0.01,19,53960,买盘
683,14:14:12,28.39,-0.01,11,31229,卖盘
684,14:14:09,28.4,--,15,42600,买盘
685,14:14:06,28.4,--,21,59640,买盘
686,14:14:03,28.4,--,31,88040,买盘
687,14:14:00,28.4,-0.02,25,71000,卖盘
688,14:13:57,28.42,--,3,8526,买盘
689,14:13:54,28.42,--,505,1435210,买盘
690,14:13:51,28.42,-0.01,14,39788,中性盘
691,14:13:48,28.43,--,1,2843,买盘
692,14:13:45,28.43,-0.01,3,8529,买盘
693,14:13:42,28.44,--,4,11376,买盘
694,14:13:36,28.44,0.04,33,93852,买盘
695,14:13:33,28.4,-0.04,7,19880,卖盘
696,14:13:30,28.44,0.04,8,22752,买盘
697,14:13:24,28.4,--,47,133480,卖盘
698,14:13:21,28.4,-0.04,55,156200,卖盘
699,14:13:18,28.44,0.04,43,122292,买盘
700,14:13:15,28.4,--,30,85200,买盘
701,14:13:12,28.4,--,10,28400,买盘
702,14:13:06,28.4,-0.04,424,1204160,卖盘
703,14:13:03,28.44,--,40,113760,买盘
704,14:13:00,28.44,--,90,255960,买盘
705,14:12:57,28.44,--,8,22752,买盘
706,14:12:54,28.44,--,8,22752,买盘
707,14:12:51,28.44,--,101,287244,卖盘
708,14:12:48,28.44,-0.01,5,14220,卖盘
709,14:12:45,28.45,--,69,196305,买盘
710,14:12:42,28.45,--,50,142250,买盘
711,14:12:39,28.45,0.01,3,8535,买盘
712,14:12:36,28.44,--,70,199080,卖盘
713,14:12:33,28.44,-0.01,7,19908,卖盘
714,14:12:30,28.45,--,42,119490,买盘
715,14:12:27,28.45,0.01,8,22760,买盘
716,14:12:24,28.44,--,60,170640,卖盘
717,14:12:21,28.44,-0.01,3,8532,卖盘
718,14:12:18,28.45,0.01,13,36985,买盘
719,14:12:15,28.44,-0.01,4,11376,卖盘
720,14:12:12,28.45,--,133,378385,买盘
721,14:12:06,28.45,--,51,145095,买盘
722,14:12:06,28.45,--,21,59745,买盘
723,14:12:00,28.45,0.01,3,8535,买盘
724,14:11:57,28.44,-0.01,10,28440,卖盘
725,14:11:54,28.45,--,17,48365,买盘
726,14:11:51,28.45,--,113,321485,买盘
727,14:11:45,28.45,-0.02,8,22760,卖盘
728,14:11:42,28.47,--,27,76869,卖盘
729,14:11:39,28.47,--,7,19929,卖盘
730,14:11:36,28.47,--,1,2847,买盘
731,14:11:33,28.47,0.03,55,156585,买盘
732,14:11:30,28.44,-0.03,2,5688,卖盘
733,14:11:27,28.47,0.03,25,71175,卖盘
734,14:11:24,28.44,-0.03,70,199080,卖盘
735,14:11:21,28.47,0.03,3,8541,买盘
736,14:11:18,28.44,-0.03,4,11376,卖盘
737,14:11:15,28.47,-0.01,12,34164,卖盘
738,14:11:12,28.48,0.03,319,908512,买盘
739,14:11:06,28.45,-0.03,291,827895,卖盘
740,14:11:03,28.48,--,12,34176,买盘
741,14:11:00,28.48,0.01,35,99680,买盘
742,14:10:57,28.47,-0.01,20,56940,卖盘
743,14:10:50,28.48,--,19,54112,买盘
744,14:10:47,28.48,--,54,153792,买盘
745,14:10:44,28.48,--,5,14240,买盘
746,14:10:41,28.48,--,3,8544,买盘
747,14:10:35,28.48,0.01,20,56960,买盘
748,14:10:32,28.47,--,42,119574,卖盘
749,14:10:26,28.47,--,69,196443,买盘
750,14:10:20,28.47,--,15,42705,买盘
751,14:10:17,28.47,0.01,18,51246,买盘
752,14:10:14,28.46,-0.01,5,14230,卖盘
753,14:10:11,28.47,0.01,43,122421,买盘
754,14:10:08,28.46,--,216,614736,买盘
755,14:10:05,28.46,--,32,91072,买盘
756,14:10:02,28.46,0.01,3,8538,买盘
757,14:09:56,28.45,--,6,17070,卖盘
758,14:09:53,28.45,--,45,128195,买盘
759,14:09:50,28.45,0.01,40,113800,买盘
760,14:09:47,28.44,-0.01,12,34128,卖盘
761,14:09:41,28.45,--,33,93885,买盘
762,14:09:38,28.45,--,5,14225,买盘
763,14:09:35,28.45,--,39,110955,买盘
764,14:09:32,28.45,--,66,187770,买盘
765,14:09:29,28.45,--,19,54055,买盘
766,14:09:26,28.45,0.02,37,105265,买盘
767,14:09:23,28.43,-0.01,224,636832,卖盘
768,14:09:20,28.44,0.01,14,39816,买盘
769,14:09:17,28.43,--,3,8529,卖盘
770,14:09:14,28.43,--,11,31273,卖盘
771,14:09:11,28.43,0.01,8,22744,买盘
772,14:09:08,28.42,--,39,110838,买盘
773,14:09:05,28.42,0.01,20,56840,买盘
774,14:09:02,28.41,--,4,11364,卖盘
775,14:08:59,28.41,0.01,1,2841,中性盘
776,14:08:53,28.4,-0.01,123,349320,卖盘
777,14:08:50,28.41,--,35,99435,买盘
778,14:08:47,28.41,--,17,48297,买盘
779,14:08:41,28.41,--,10,28410,买盘
780,14:08:38,28.41,--,3,8523,买盘
781,14:08:32,28.41,--,30,85230,买盘
782,14:08:29,28.41,0.01,4,11364,买盘
783,14:08:26,28.4,0.02,29,82360,买盘
784,14:08:20,28.38,-0.02,12,34056,卖盘
785,14:08:17,28.4,0.02,667,1894280,买盘
786,14:08:14,28.38,--,9,25542,卖盘
787,14:08:11,28.38,--,10,28380,卖盘
788,14:08:08,28.38,--,13,36894,卖盘
789,14:08:05,28.38,--,33,93654,买盘
790,14:08:02,28.38,--,3,8514,中性盘
791,14:07:56,28.38,-0.01,3,8514,买盘
792,14:07:53,28.39,0.01,60,170340,买盘
793,14:07:50,28.38,--,15,42570,卖盘
794,14:07:47,28.38,--,12,34056,卖盘
795,14:07:44,28.38,--,10,28380,卖盘
796,14:07:41,28.38,--,2,5676,卖盘
797,14:07:38,28.38,--,1,2838,卖盘
798,14:07:35,28.38,--,27,76626,买盘
799,14:07:29,28.38,0.02,68,192984,买盘
800,14:07:26,28.36,-0.01,3,8508,卖盘
801,14:07:23,28.37,0.01,61,173057,买盘
802,14:07:20,28.36,-0.01,5,14180,卖盘
803,14:07:14,28.37,-0.01,8,22696,买盘
804,14:07:11,28.38,0.01,4,11352,买盘
805,14:07:08,28.37,-0.01,3,8511,卖盘
806,14:07:05,28.38,0.02,20,56760,买盘
807,14:06:59,28.36,0.01,25,70900,中性盘
808,14:06:53,28.35,-0.01,95,269325,卖盘
809,14:06:50,28.36,-0.01,18,51048,中性盘
810,14:06:44,28.37,--,8,22696,买盘
811,14:06:41,28.37,0.02,3,8511,中性盘
812,14:06:32,28.35,--,60,170100,买盘
813,14:06:26,28.35,-0.03,440,1247400,卖盘
814,14:06:23,28.38,0.01,48,136224,买盘
815,14:06:17,28.37,--,5,14185,卖盘
816,14:06:14,28.37,--,63,178731,卖盘
817,14:06:11,28.37,-0.02,5,14185,卖盘
818,14:06:08,28.39,--,12,34068,买盘
819,14:06:05,28.39,0.01,28,79492,买盘
820,14:06:02,28.38,-0.01,41,116358,卖盘
821,14:05:59,28.39,0.01,5,14195,买盘
822,14:05:56,28.38,--,25,70950,买盘
823,14:05:50,28.38,--,14,39732,买盘
824,14:05:47,28.38,--,46,130548,卖盘
825,14:05:41,28.38,--,9,25542,买盘
826,14:05:38,28.38,--,28,79464,买盘
827,14:05:32,28.38,-0.01,65,184470,卖盘
828,14:05:23,28.39,--,44,124916,买盘
829,14:05:20,28.39,--,100,283900,卖盘
830,14:05:17,28.39,0.01,21,59619,买盘
831,14:05:14,28.38,-0.01,4,11352,卖盘
832,14:05:08,28.39,--,13,36907,买盘
833,14:05:05,28.39,--,1,2839,卖盘
834,14:05:02,28.39,0.01,157,445723,买盘
835,14:04:53,28.38,-0.01,6,17028,卖盘
836,14:04:50,28.39,0.01,4,11356,买盘
837,14:04:44,28.38,-0.02,2,5676,卖盘
838,14:04:41,28.4,--,13,36920,买盘
839,14:04:38,28.4,0.03,95,269800,买盘
840,14:04:32,28.37,--,5,14185,卖盘
841,14:04:29,28.37,-0.01,81,229797,卖盘
842,14:04:26,28.38,--,53,150414,买盘
843,14:04:20,28.38,--,17,48246,卖盘
844,14:04:17,28.38,--,120,340560,卖盘
845,14:04:14,28.38,-0.01,7,19866,卖盘
846,14:04:11,28.39,0.01,12,34068,买盘
847,14:04:08,28.38,-0.01,6,17028,卖盘
848,14:04:05,28.39,--,21,59619,买盘
849,14:03:59,28.39,0.01,63,178857,买盘
850,14:03:53,28.38,-0.01,15,42570,卖盘
851,14:03:50,28.39,--,9,25551,买盘
852,14:03:47,28.39,-0.01,39,110721,卖盘
853,14:03:41,28.4,--,3,8520,买盘
854,14:03:38,28.4,0.01,68,193120,买盘
855,14:03:35,28.39,--,43,122077,卖盘
856,14:03:32,28.39,-0.01,72,204408,卖盘
857,14:03:29,28.4,0.01,13,36920,买盘
858,14:03:23,28.39,-0.01,10,28390,卖盘
859,14:03:20,28.4,0.01,59,167560,买盘
860,14:03:14,28.39,--,4,11356,卖盘
861,14:03:11,28.39,0.01,71,201569,买盘
862,14:03:05,28.38,0.02,21,59598,中性盘
863,14:03:02,28.36,-0.03,107,303452,卖盘
864,14:02:56,28.39,0.02,8,22712,买盘
865,14:02:50,28.37,--,4,11348,买盘
866,14:02:47,28.37,-0.01,53,150361,卖盘
867,14:02:44,28.38,--,1,2838,买盘
868,14:02:41,28.38,-0.01,5,14190,卖盘
869,14:02:38,28.39,0.01,64,181696,买盘
870,14:02:35,28.38,-0.01,38,107844,卖盘
871,14:02:29,28.39,0.01,4,11356,买盘
872,14:02:26,28.38,--,8,22704,卖盘
873,14:02:20,28.38,--,6,17028,卖盘
874,14:02:17,28.38,--,57,161766,卖盘
875,14:02:14,28.38,--,29,82302,卖盘
876,14:02:11,28.38,--,5,14190,卖盘
877,14:02:05,28.38,--,12,34056,买盘
878,14:02:02,28.38,--,10,28380,买盘
879,14:01:53,28.38,--,1,2838,买盘
880,14:01:50,28.38,--,43,122034,卖盘
881,14:01:38,28.38,--,44,124872,买盘
882,14:01:35,28.38,--,31,87978,买盘
883,14:01:29,28.38,0.02,8,22704,买盘
884,14:01:23,28.36,-0.02,14,39704,卖盘
885,14:01:20,28.38,--,3,8514,买盘
886,14:01:17,28.38,--,36,102168,买盘
887,14:01:14,28.38,--,22,62436,买盘
888,14:01:08,28.38,--,113,320694,卖盘
889,14:01:05,28.38,--,14,39732,买盘
890,14:00:59,28.38,--,62,175956,买盘
891,14:00:56,28.38,0.01,88,249744,买盘
892,14:00:53,28.37,-0.02,31,87947,卖盘
893,14:00:50,28.39,--,10,28390,买盘
894,14:00:47,28.39,--,1,2839,买盘
895,14:00:44,28.39,--,55,156145,买盘
896,14:00:41,28.39,0.01,3,8517,买盘
897,14:00:32,28.38,--,18,51084,买盘
898,14:00:29,28.38,0.01,4,11352,买盘
899,14:00:26,28.37,-0.01,54,153198,卖盘
900,14:00:20,28.38,-0.01,3,8514,买盘
901,14:00:14,28.39,0.01,67,190213,买盘
902,14:00:08,28.38,--,60,170280,卖盘
903,14:00:05,28.38,--,70,198660,卖盘
904,14:00:02,28.38,-0.01,1,2838,卖盘
905,13:59:59,28.39,--,34,96526,买盘
906,13:59:56,28.39,0.01,11,31229,买盘
907,13:59:53,28.38,-0.01,55,156090,卖盘
908,13:59:50,28.39,-0.01,14,39746,买盘
909,13:59:47,28.4,0.01,71,201640,买盘
910,13:59:41,28.39,--,30,85170,买盘
911,13:59:38,28.39,-0.01,110,312290,卖盘
912,13:59:35,28.4,--,20,56800,买盘
913,13:59:32,28.4,--,37,105080,买盘
914,13:59:29,28.4,--,90,255600,买盘
915,13:59:20,28.4,--,6,17040,买盘
916,13:59:17,28.4,--,52,147680,买盘
917,13:59:14,28.4,--,49,139160,买盘
918,13:59:08,28.4,--,58,164720,买盘
919,13:59:05,28.4,0.01,104,295360,买盘
920,13:59:02,28.39,-0.01,5,14195,卖盘
921,13:58:59,28.4,--,11,31240,买盘
922,13:58:56,28.4,0.02,88,249920,买盘
923,13:58:53,28.38,-0.02,50,141900,卖盘
924,13:58:50,28.4,--,11,31240,买盘
925,13:58:47,28.4,--,103,292520,买盘
926,13:58:44,28.4,0.01,48,136320,买盘
927,13:58:41,28.39,--,31,88009,买盘
928,13:58:38,28.39,-0.01,40,113560,卖盘
929,13:58:35,28.4,--,90,255600,买盘
930,13:58:32,28.4,0.01,12,34080,买盘
931,13:58:29,28.39,-0.01,5,14195,卖盘
932,13:58:20,28.4,0.01,4,11360,买盘
933,13:58:14,28.39,--,7,19873,卖盘
934,13:58:11,28.39,--,7,19873,买盘
935,13:58:08,28.39,--,4,11356,买盘
936,13:58:05,28.39,--,98,278222,买盘
937,13:57:59,28.39,0.02,11,31229,买盘
938,13:57:53,28.37,-0.02,55,156035,卖盘
939,13:57:50,28.39,0.01,5,14195,买盘
940,13:57:47,28.38,--,55,156090,买盘
941,13:57:41,28.38,--,25,70950,买盘
942,13:57:38,28.38,--,12,34056,买盘
943,13:57:35,28.38,0.01,103,292314,买盘
944,13:57:32,28.37,--,4,11348,卖盘
945,13:57:29,28.37,--,45,127665,买盘
946,13:57:26,28.37,-0.01,11,31207,卖盘
947,13:57:23,28.38,--,15,42570,买盘
948,13:57:17,28.38,--,62,175956,买盘
949,13:57:14,28.38,--,70,198660,买盘
950,13:57:11,28.38,0.02,3,8514,买盘
951,13:57:05,28.36,-0.02,7,19852,卖盘
952,13:57:02,28.38,0.02,198,561924,买盘
953,13:56:56,28.36,--,2,5672,买盘
954,13:56:53,28.36,0.01,8,22688,中性盘
955,13:56:50,28.35,-0.02,85,240975,卖盘
956,13:56:44,28.37,--,2,5674,买盘
957,13:56:41,28.37,--,8,22696,买盘
958,13:56:35,28.37,-0.01,20,56740,买盘
959,13:56:32,28.38,0.01,69,195822,买盘
960,13:56:29,28.37,0.02,27,76599,买盘
961,13:56:26,28.35,-0.03,15,42525,卖盘
962,13:56:20,28.38,0.03,13,36894,买盘
963,13:56:17,28.35,--,71,201285,卖盘
964,13:56:14,28.35,-0.03,9,25515,卖盘
965,13:56:11,28.38,0.01,7,19866,买盘
966,13:56:08,28.37,--,32,90784,卖盘
967,13:56:05,28.37,-0.01,21,59577,中性盘
968,13:56:02,28.38,0.03,92,261096,买盘
969,13:55:56,28.35,-0.02,45,127575,卖盘
970,13:55:53,28.37,-0.01,8,22696,中性盘
971,13:55:47,28.38,0.02,26,73788,买盘
972,13:55:41,28.36,0.01,7,19852,中性盘
973,13:55:32,28.35,-0.02,94,266490,卖盘
974,13:55:29,28.37,0.02,8,22696,中性盘
975,13:55:26,28.35,--,94,266490,卖盘
976,13:55:20,28.35,-0.01,51,144585,卖盘
977,13:55:17,28.36,0.01,20,56720,买盘
978,13:55:14,28.35,--,538,1525230,买盘
979,13:55:11,28.35,--,4,11340,买盘
980,13:55:08,28.35,--,7,19845,买盘
981,13:55:05,28.35,-0.01,564,1598940,卖盘
982,13:54:59,28.36,-0.01,70,198520,买盘
983,13:54:56,28.37,-0.01,166,470942,中性盘
984,13:54:47,28.38,--,6,17028,买盘
985,13:54:44,28.38,-0.01,15,42570,卖盘
986,13:54:38,28.39,0.01,3,8517,买盘
987,13:54:35,28.38,--,6,17028,买盘
988,13:54:32,28.38,0.02,5,14190,中性盘
989,13:54:29,28.36,-0.02,80,226880,卖盘
990,13:54:26,28.38,--,1,2838,买盘
991,13:54:23,28.38,-0.01,25,70950,卖盘
992,13:54:20,28.39,0.01,67,190213,买盘
993,13:54:14,28.38,-0.01,2,5676,中性盘
994,13:54:11,28.39,--,47,133433,买盘
995,13:54:08,28.39,0.04,49,139111,买盘
996,13:54:05,28.35,-0.03,40,113400,卖盘
997,13:54:02,28.38,0.03,75,212850,买盘
998,13:53:53,28.35,-0.01,161,456435,卖盘
999,13:53:50,28.36,--,14,39704,买盘
1000,13:53:44,28.36,--,1,2836,买盘
1001,13:53:41,28.36,0.01,3,8508,买盘
1002,13:53:32,28.35,--,6,17010,卖盘
1003,13:53:29,28.35,0.03,86,243810,买盘
1004,13:53:23,28.32,-0.01,59,167088,卖盘
1005,13:53:20,28.33,--,47,134000,买盘
1006,13:53:17,28.33,0.01,4,11332,买盘
1007,13:53:08,28.32,--,9,25488,卖盘
1008,13:53:05,28.32,0.01,12,33984,中性盘
1009,13:52:59,28.31,-0.01,78,220818,卖盘
1010,13:52:56,28.32,-0.01,59,167088,买盘
1011,13:52:53,28.33,0.01,77,218141,买盘
1012,13:52:50,28.32,-0.01,26,73632,卖盘
1013,13:52:41,28.33,--,3,8499,买盘
1014,13:52:35,28.33,--,40,113320,买盘
1015,13:52:29,28.33,-0.01,42,120969,卖盘
1016,13:52:26,28.34,--,67,189878,买盘
1017,13:52:23,28.34,--,60,170040,买盘
1018,13:52:20,28.34,--,13,36842,买盘
1019,13:52:17,28.34,--,22,62348,卖盘
1020,13:52:14,28.34,-0.01,3,8502,卖盘
1021,13:52:11,28.35,--,4,11340,买盘
1022,13:52:08,28.35,--,4,11340,买盘
1023,13:52:05,28.35,--,20,56700,买盘
1024,13:52:02,28.35,-0.02,242,686070,卖盘
1025,13:51:56,28.37,0.01,70,198590,买盘
1026,13:51:53,28.36,0.01,94,266584,买盘
1027,13:51:50,28.35,--,278,788130,卖盘
1028,13:51:47,28.35,--,13,36855,卖盘
1029,13:51:41,28.35,-0.01,33,93555,卖盘
1030,13:51:34,28.36,0.01,69,195684,买盘
1031,13:51:31,28.35,-0.01,15,42525,卖盘
1032,13:51:28,28.36,0.01,13,36868,买盘
1033,13:51:25,28.35,-0.01,71,201285,卖盘
1034,13:51:19,28.36,0.01,1,2836,中性盘
1035,13:51:16,28.35,-0.01,9,25515,卖盘
1036,13:51:13,28.36,--,8,22688,买盘
1037,13:51:07,28.36,-0.01,42,119112,卖盘
1038,13:51:04,28.37,-0.01,7,19859,卖盘
1039,13:51:01,28.38,0.01,81,229878,买盘
1040,13:50:58,28.37,--,173,490801,买盘
1041,13:50:55,28.37,--,85,241145,买盘
1042,13:50:49,28.37,--,28,79436,买盘
1043,13:50:46,28.37,--,3,8511,买盘
1044,13:50:43,28.37,-0.01,28,79436,卖盘
1045,13:50:37,28.38,--,31,87978,买盘
1046,13:50:34,28.38,--,45,127710,买盘
1047,13:50:31,28.38,--,17,48246,买盘
1048,13:50:28,28.38,-0.01,69,195822,卖盘
1049,13:50:25,28.39,-0.01,9,25551,中性盘
1050,13:50:22,28.4,0.01,159,451560,买盘
1051,13:50:19,28.39,--,16,45424,买盘
1052,13:50:13,28.39,0.01,36,102204,中性盘
1053,13:50:04,28.38,--,26,73788,买盘
1054,13:50:01,28.38,--,23,65274,买盘
1055,13:49:58,28.38,--,3,8514,买盘
1056,13:49:55,28.38,0.03,22,62436,中性盘
1057,13:49:49,28.35,-0.04,24,68040,卖盘
1058,13:49:46,28.39,0.03,127,360553,买盘
1059,13:49:43,28.36,--,3,8508,卖盘
1060,13:49:40,28.36,0.01,109,309124,买盘
1061,13:49:37,28.35,--,3,8505,买盘
1062,13:49:34,28.35,--,41,117085,买盘
1063,13:49:28,28.35,--,51,144585,买盘
1064,13:49:25,28.35,0.01,59,167265,买盘
1065,13:49:22,28.34,0.01,15,42510,中性盘
1066,13:49:16,28.33,--,6,16998,卖盘
1067,13:49:13,28.33,0.03,13,36829,买盘
1068,13:49:10,28.3,0.01,152,432820,买盘
1069,13:49:04,28.29,-0.01,1,2829,卖盘
1070,13:49:01,28.3,--,11,31130,买盘
1071,13:48:58,28.3,0.01,629,1780070,买盘
1072,13:48:52,28.29,-0.01,98,277242,中性盘
1073,13:48:49,28.3,0.02,353,999612,买盘
1074,13:48:43,28.28,-0.02,16,45248,卖盘
1075,13:48:40,28.3,0.05,86,243380,买盘
1076,13:48:37,28.25,-0.01,406,1146950,卖盘
1077,13:48:34,28.26,-0.01,38,107388,卖盘
1078,13:48:28,28.27,0.02,60,169620,买盘
1079,13:48:25,28.25,0.01,3,8475,买盘
1080,13:48:22,28.24,-0.04,581,1640744,卖盘
1081,13:48:19,28.28,0.03,17,48076,买盘
1082,13:48:16,28.25,--,2,5650,卖盘
1083,13:48:10,28.25,--,31,87575,卖盘
1084,13:48:07,28.25,--,380,1073669,买盘
1085,13:48:01,28.25,--,35,98875,买盘
1086,13:47:55,28.25,0.01,47,132775,买盘
1087,13:47:52,28.24,-0.01,11,31064,卖盘
1088,13:47:49,28.25,--,101,285325,买盘
1089,13:47:46,28.25,-0.01,85,242780,卖盘
1090,13:47:43,28.26,0.01,6,16956,买盘
1091,13:47:40,28.25,-0.01,3,8644,中性盘
1092,13:47:37,28.26,0.01,53,149778,买盘
1093,13:47:34,28.25,--,11,31075,买盘
1094,13:47:31,28.25,--,129,364425,买盘
1095,13:47:28,28.25,--,66,186450,买盘
1096,13:47:25,28.25,--,30,84750,卖盘
1097,13:47:19,28.25,--,86,242950,卖盘
1098,13:47:16,28.25,-0.01,77,217525,卖盘
1099,13:47:13,28.26,--,2,5652,卖盘
1100,13:47:10,28.26,--,16,45216,买盘
1101,13:47:04,28.26,--,60,169560,买盘
1102,13:47:01,28.26,--,100,282600,买盘
1103,13:46:58,28.26,0.03,8,22608,买盘
1104,13:46:55,28.23,-0.02,58,163734,卖盘
1105,13:46:46,28.25,0.02,14,39550,卖盘
1106,13:46:43,28.23,--,25,70575,卖盘
1107,13:46:37,28.23,-0.02,37,104451,卖盘
1108,13:46:34,28.25,-0.01,136,384200,中性盘
1109,13:46:28,28.26,0.04,66,186516,买盘
1110,13:46:25,28.22,--,150,423300,卖盘
1111,13:46:22,28.22,--,70,197540,卖盘
1112,13:46:19,28.22,-0.04,107,301954,卖盘
1113,13:46:16,28.26,0.01,27,76302,中性盘
1114,13:46:13,28.25,0.03,18,50850,买盘
1115,13:46:10,28.22,-0.06,52,146744,卖盘
1116,13:46:07,28.28,--,31,87668,买盘
1117,13:46:01,28.28,0.02,70,197960,买盘
1118,13:45:58,28.26,-0.03,7,19782,中性盘
1119,13:45:55,28.29,0.02,146,413034,买盘
1120,13:45:52,28.27,-0.01,360,1017720,卖盘
1121,13:45:46,28.28,0.01,12,33936,买盘
1122,13:45:40,28.27,-0.01,33,93291,卖盘
1123,13:45:37,28.28,--,152,429856,卖盘
1124,13:45:34,28.28,-0.02,96,271488,卖盘
1125,13:45:31,28.3,--,60,169800,买盘
1126,13:45:28,28.3,--,11,31130,买盘
1127,13:45:25,28.3,--,63,178290,买盘
1128,13:45:22,28.3,-0.04,1213,3432790,卖盘
1129,13:45:19,28.34,0.01,9,25506,买盘
1130,13:45:16,28.33,-0.01,4,11332,卖盘
1131,13:45:13,28.34,--,46,130364,买盘
1132,13:45:10,28.34,-0.01,65,184210,卖盘
1133,13:45:07,28.35,0.01,18,51030,买盘
1134,13:45:04,28.34,-0.01,26,73684,中性盘
1135,13:44:58,28.35,0.01,64,181440,买盘
1136,13:44:55,28.34,--,26,73684,卖盘
1137,13:44:52,28.34,-0.01,168,476112,卖盘
1138,13:44:49,28.35,0.01,4,11340,买盘
1139,13:44:46,28.34,--,47,133198,卖盘
1140,13:44:43,28.34,--,22,62348,卖盘
1141,13:44:40,28.34,--,190,538460,卖盘
1142,13:44:31,28.34,--,10,28340,卖盘
1143,13:44:28,28.34,-0.01,9,25506,卖盘
1144,13:44:25,28.35,0.01,70,198450,买盘
1145,13:44:22,28.34,-0.01,10,28340,卖盘
1146,13:44:19,28.35,--,19,53865,买盘
1147,13:44:16,28.35,--,25,70875,买盘
1148,13:44:13,28.35,0.01,3,8505,买盘
1149,13:44:10,28.34,-0.01,4,11336,卖盘
1150,13:44:07,28.35,--,4,11340,买盘
1151,13:44:01,28.35,--,22,62370,买盘
1152,13:43:58,28.35,-0.04,248,703080,卖盘
1153,13:43:55,28.39,0.02,20,56780,买盘
1154,13:43:52,28.37,-0.02,8,22696,卖盘
1155,13:43:49,28.39,--,101,286739,买盘
1156,13:43:46,28.39,--,10,28390,买盘
1157,13:43:43,28.39,-0.01,13,36907,卖盘
1158,13:43:40,28.4,--,3,8520,买盘
1159,13:43:37,28.4,--,54,153360,买盘
1160,13:43:34,28.4,0.01,25,71000,买盘
1161,13:43:31,28.39,-0.01,6,17034,中性盘
1162,13:43:28,28.4,--,162,460080,买盘
1163,13:43:19,28.4,--,7,19880,买盘
1164,13:43:16,28.4,--,24,68160,买盘
1165,13:43:13,28.4,-0.02,90,255600,卖盘
1166,13:43:10,28.42,--,8,22736,买盘
1167,13:43:07,28.42,0.02,10,28420,买盘
1168,13:43:04,28.4,0.05,8,22720,买盘
1169,13:43:01,28.35,-0.05,1020,2891700,卖盘
1170,13:42:58,28.4,0.05,3,8520,买盘
1171,13:42:52,28.35,-0.05,11,31185,卖盘
1172,13:42:46,28.4,0.05,64,181760,买盘
1173,13:42:40,28.35,--,261,739935,买盘
1174,13:42:34,28.35,--,22,62370,买盘
1175,13:42:31,28.35,--,207,586845,买盘
1176,13:42:28,28.35,0.01,45,127575,买盘
1177,13:42:25,28.34,-0.01,52,147368,卖盘
1178,13:42:19,28.35,0.01,7,19845,买盘
1179,13:42:13,28.34,-0.01,113,320242,卖盘
1180,13:42:10,28.35,--,151,428085,买盘
1181,13:42:07,28.35,--,21,59535,买盘
1182,13:42:04,28.35,--,130,368550,买盘
1183,13:42:01,28.35,-0.03,331,938385,卖盘
1184,13:41:58,28.38,-0.02,15,42570,卖盘
1185,13:41:55,28.4,--,6,17040,买盘
1186,13:41:49,28.4,0.02,6,17040,买盘
1187,13:41:43,28.38,-0.02,20,56760,卖盘
1188,13:41:40,28.4,0.01,56,159040,买盘
1189,13:41:34,28.39,0.05,7,19873,中性盘
1190,13:41:31,28.34,-0.05,35,99190,卖盘
1191,13:41:28,28.39,0.04,24,68136,买盘
1192,13:41:25,28.35,--,140,396900,买盘
1193,13:41:19,28.35,--,66,187110,买盘
1194,13:41:16,28.35,-0.04,1294,3668490,卖盘
1195,13:41:13,28.39,-0.01,2,5678,买盘
1196,13:41:10,28.4,-0.01,14,39760,卖盘
1197,13:41:04,28.41,-0.01,57,161937,卖盘
1198,13:41:01,28.42,0.04,274,778708,中性盘
1199,13:40:58,28.38,-0.07,1026,2911788,卖盘
1200,13:40:55,28.45,--,10,28450,买盘
1201,13:40:52,28.45,--,6,17070,买盘
1202,13:40:49,28.45,0.05,93,264585,买盘
1203,13:40:46,28.4,-0.01,15,42600,中性盘
1204,13:40:43,28.41,--,299,849459,买盘
1205,13:40:40,28.41,0.02,105,298305,买盘
1206,13:40:37,28.39,-0.02,16,45424,卖盘
1207,13:40:34,28.41,0.02,21,59661,买盘
1208,13:40:31,28.39,-0.01,55,156145,卖盘
1209,13:40:25,28.4,0.01,108,306720,买盘
1210,13:40:22,28.39,--,8,22712,卖盘
1211,13:40:16,28.39,--,62,176018,卖盘
1212,13:40:10,28.39,--,36,102204,卖盘
1213,13:40:07,28.39,--,31,88009,卖盘
1214,13:40:04,28.39,-0.01,27,76653,卖盘
1215,13:39:58,28.4,0.01,71,201640,买盘
1216,13:39:55,28.39,0.01,83,235637,买盘
1217,13:39:52,28.38,--,95,269610,卖盘
1218,13:39:49,28.38,--,76,215688,卖盘
1219,13:39:43,28.38,--,24,68112,卖盘
1220,13:39:40,28.38,-0.01,54,153252,中性盘
1221,13:39:37,28.39,0.01,44,124916,买盘
1222,13:39:34,28.38,-0.02,24,68112,卖盘
1223,13:39:31,28.4,0.01,30,85200,买盘
1224,13:39:28,28.39,--,52,147628,卖盘
1225,13:39:25,28.39,--,26,73814,卖盘
1226,13:39:22,28.39,--,48,136272,卖盘
1227,13:39:19,28.39,--,31,88009,卖盘
1228,13:39:16,28.39,--,227,644453,买盘
1229,13:39:10,28.39,--,77,218603,买盘
1230,13:39:07,28.39,--,114,323646,买盘
1231,13:39:04,28.39,--,91,258349,买盘
1232,13:39:01,28.39,-0.01,103,292417,卖盘
1233,13:38:55,28.4,--,56,159040,买盘
1234,13:38:52,28.4,-0.01,336,954240,卖盘
1235,13:38:49,28.41,0.01,163,463083,买盘
1236,13:38:43,28.4,-0.01,112,318080,卖盘
1237,13:38:40,28.41,--,121,343761,卖盘
1238,13:38:37,28.41,--,22,62502,卖盘
1239,13:38:34,28.41,-0.01,28,79548,卖盘
1240,13:38:31,28.42,--,66,187572,买盘
1241,13:38:28,28.42,--,60,170520,卖盘
1242,13:38:25,28.42,-0.02,20,56840,卖盘
1243,13:38:22,28.44,0.02,4,11376,买盘
1244,13:38:19,28.42,-0.02,24,68208,卖盘
1245,13:38:16,28.44,--,5,14220,买盘
1246,13:38:13,28.44,-0.01,51,145044,卖盘
1247,13:38:10,28.45,-0.01,20,56900,卖盘
1248,13:38:07,28.46,--,2,5692,买盘
1249,13:38:04,28.46,--,40,113840,买盘
1250,13:38:01,28.46,0.01,20,56920,买盘
1251,13:37:58,28.45,-0.01,99,281655,卖盘
1252,13:37:52,28.46,--,63,179298,卖盘
1253,13:37:49,28.46,--,8,22768,卖盘
1254,13:37:46,28.46,-0.02,15,42690,买盘
1255,13:37:43,28.48,0.02,201,572448,买盘
1256,13:37:37,28.46,-0.01,34,96764,卖盘
1257,13:37:34,28.47,0.01,21,59787,买盘
1258,13:37:31,28.46,-0.01,2,5692,卖盘
1259,13:37:22,28.47,0.01,78,222066,中性盘
1260,13:37:16,28.46,-0.02,51,145146,卖盘
1261,13:37:13,28.48,-0.03,380,1082240,卖盘
1262,13:37:10,28.51,--,2,5702,卖盘
1263,13:37:07,28.51,0.02,15,42765,买盘
1264,13:37:04,28.49,--,22,62678,买盘
1265,13:37:01,28.49,-0.01,35,99715,卖盘
1266,13:36:58,28.5,0.01,57,162450,买盘
1267,13:36:55,28.49,--,15,42735,卖盘
1268,13:36:52,28.49,--,1,2849,卖盘
1269,13:36:49,28.49,0.01,91,259259,买盘
1270,13:36:46,28.48,--,30,85440,卖盘
1271,13:36:43,28.48,-0.01,13,37024,卖盘
1272,13:36:40,28.49,--,65,185185,买盘
1273,13:36:37,28.49,--,43,122507,买盘
1274,13:36:34,28.49,0.01,62,176638,买盘
1275,13:36:28,28.48,-0.01,1,2848,卖盘
1276,13:36:25,28.49,--,10,28490,买盘
1277,13:36:22,28.49,-0.06,45,128205,卖盘
1278,13:36:16,28.55,0.06,3,8565,买盘
1279,13:36:13,28.49,--,1,2849,卖盘
1280,13:36:07,28.49,--,41,116809,卖盘
1281,13:35:58,28.49,-0.01,175,498575,卖盘
1282,13:35:55,28.5,--,35,99750,买盘
1283,13:35:40,28.5,--,2,5700,买盘
1284,13:35:37,28.5,-0.07,977,2784450,卖盘
1285,13:35:34,28.57,0.02,12,34284,买盘
1286,13:35:31,28.55,-0.01,136,388280,卖盘
1287,13:35:28,28.56,--,55,157080,卖盘
1288,13:35:25,28.56,-0.02,150,428400,卖盘
1289,13:35:19,28.58,-0.01,63,180054,中性盘
1290,13:35:13,28.59,0.01,79,225861,买盘
1291,13:35:10,28.58,0.02,37,105746,买盘
1292,13:35:07,28.56,-0.03,6,17136,卖盘
1293,13:35:04,28.59,0.01,128,365952,买盘
1294,13:35:01,28.58,--,1,2858,卖盘
1295,13:34:58,28.58,--,25,71450,卖盘
1296,13:34:52,28.58,--,2,5716,卖盘
1297,13:34:49,28.58,-0.02,2,5716,卖盘
1298,13:34:46,28.6,0.02,90,257400,买盘
1299,13:34:40,28.58,0.02,15,42870,中性盘
1300,13:34:37,28.56,-0.03,103,294168,卖盘
1301,13:34:34,28.59,0.02,71,202989,买盘
1302,13:34:31,28.57,-0.01,8,22856,卖盘
1303,13:34:28,28.58,0.01,10,28580,买盘
1304,13:34:25,28.57,-0.01,9,25713,卖盘
1305,13:34:10,28.58,--,22,62875,卖盘
1306,13:34:07,28.58,-0.03,1,2858,中性盘
1307,13:34:01,28.61,0.04,112,320432,买盘
1308,13:33:58,28.57,0.01,13,37141,中性盘
1309,13:33:55,28.56,-0.01,171,488376,卖盘
1310,13:33:40,28.57,-0.01,231,659967,卖盘
1311,13:33:34,28.58,--,75,214350,买盘
1312,13:33:31,28.58,0.01,1,2858,买盘
1313,13:33:25,28.57,-0.01,194,554258,卖盘
1314,13:33:19,28.58,--,1,2858,买盘
1315,13:33:16,28.58,--,4,11432,买盘
1316,13:33:10,28.58,--,32,91456,买盘
1317,13:33:01,28.58,-0.01,44,125751,卖盘
1318,13:32:55,28.59,--,31,88629,买盘
1319,13:32:46,28.59,-0.01,30,85770,卖盘
1320,13:32:43,28.6,--,34,97240,买盘
1321,13:32:34,28.6,--,92,263120,卖盘
1322,13:32:25,28.6,-0.01,10,28600,卖盘
1323,13:32:16,28.61,0.01,1,2861,买盘
1324,13:32:13,28.6,-0.01,80,228800,卖盘
1325,13:32:04,28.61,--,99,283239,卖盘
1326,13:32:00,28.61,--,15,42915,买盘
1327,13:31:57,28.61,0.01,1,2861,买盘
1328,13:31:51,28.6,-0.01,1,2860,卖盘
1329,13:31:48,28.61,--,33,94413,买盘
1330,13:31:42,28.61,--,1,2861,卖盘
1331,13:31:39,28.61,--,40,114440,卖盘
1332,13:31:36,28.61,-0.01,5,14305,卖盘
1333,13:31:33,28.62,0.01,26,74412,买盘
1334,13:31:30,28.61,--,4,11444,卖盘
1335,13:31:27,28.61,0.01,5,14305,卖盘
1336,13:31:24,28.6,-0.01,72,205920,卖盘
1337,13:31:18,28.61,-0.01,1,2861,中性盘
1338,13:31:15,28.62,0.03,320,915840,买盘
1339,13:31:09,28.59,-0.01,100,285900,卖盘
1340,13:31:03,28.6,0.01,5,14300,卖盘
1341,13:31:00,28.59,-0.01,105,300195,卖盘
1342,13:30:57,28.6,--,3,8580,买盘
1343,13:30:51,28.6,--,50,143000,买盘
1344,13:30:48,28.6,0.01,118,339253,买盘
1345,13:30:42,28.59,-0.01,19,55407,卖盘
1346,13:30:39,28.6,--,2,5720,买盘
1347,13:30:36,28.6,0.01,4,11440,中性盘
1348,13:30:33,28.59,-0.02,67,191553,卖盘
1349,13:30:30,28.61,--,4,11444,卖盘
1350,13:30:27,28.61,--,2,5722,卖盘
1351,13:30:24,28.61,0.01,273,782826,买盘
1352,13:30:21,28.6,0.01,49,140140,买盘
1353,13:30:15,28.59,--,14,40026,卖盘
1354,13:30:09,28.59,--,7,20013,卖盘
1355,13:30:03,28.59,0.01,60,171540,买盘
1356,13:29:57,28.58,-0.01,142,405836,卖盘
1357,13:29:51,28.59,0.01,10,28590,买盘
1358,13:29:48,28.58,-0.02,13,37154,卖盘
1359,13:29:42,28.6,--,1,2860,买盘
1360,13:29:33,28.6,--,5,14300,买盘
1361,13:29:30,28.6,0.01,29,82940,买盘
1362,13:29:27,28.59,-0.02,12,34308,卖盘
1363,13:29:12,28.61,0.02,8,22888,买盘
1364,13:29:09,28.59,-0.01,9,25731,卖盘
1365,13:29:03,28.6,--,95,271700,买盘
1366,13:29:00,28.6,--,30,85800,卖盘
1367,13:28:57,28.6,--,12,34320,卖盘
1368,13:28:54,28.6,-0.01,46,131560,卖盘
1369,13:28:51,28.61,0.01,73,208853,买盘
1370,13:28:48,28.6,0.01,73,208780,买盘
1371,13:28:45,28.59,-0.01,39,111501,卖盘
1372,13:28:42,28.6,-0.01,5,14300,买盘
1373,13:28:33,28.61,--,64,183104,买盘
1374,13:28:30,28.61,--,2,5722,买盘
1375,13:28:24,28.61,--,10,28610,买盘
1376,13:28:21,28.61,--,5,14305,买盘
1377,13:28:18,28.61,0.01,4,11444,买盘
1378,13:28:15,28.6,-0.01,10,28600,中性盘
1379,13:28:12,28.61,-0.01,31,89778,卖盘
1380,13:28:09,28.62,--,1,2862,买盘
1381,13:28:06,28.62,--,30,85860,买盘
1382,13:28:03,28.62,0.01,117,334854,买盘
1383,13:28:00,28.61,--,55,157355,卖盘
1384,13:27:57,28.61,--,239,685552,卖盘
1385,13:27:54,28.61,0.01,373,1067153,买盘
1386,13:27:48,28.6,--,273,780780,卖盘
1387,13:27:45,28.6,-0.01,155,443300,卖盘
1388,13:27:42,28.61,--,62,177382,买盘
1389,13:27:36,28.61,0.01,2,5722,买盘
1390,13:27:33,28.6,--,35,100100,卖盘
1391,13:27:30,28.6,-0.01,50,143000,卖盘
1392,13:27:27,28.61,--,2,5722,卖盘
1393,13:27:24,28.61,0.01,12,34332,买盘
1394,13:27:21,28.6,--,13,37180,卖盘
1395,13:27:15,28.6,--,8,22880,卖盘
1396,13:27:12,28.6,-0.01,54,154440,卖盘
1397,13:27:06,28.61,-0.01,120,343320,卖盘
1398,13:27:03,28.62,0.01,29,82998,买盘
1399,13:27:00,28.61,-0.01,15,42915,中性盘
1400,13:26:57,28.62,0.02,5,14310,买盘
1401,13:26:54,28.6,--,227,649220,卖盘
1402,13:26:51,28.6,-0.01,40,114400,卖盘
1403,13:26:48,28.61,--,2,5722,买盘
1404,13:26:45,28.61,0.01,18,51498,中性盘
1405,13:26:42,28.6,-0.01,132,377520,卖盘
1406,13:26:36,28.61,--,11,31471,卖盘
1407,13:26:33,28.61,--,10,28610,卖盘
1408,13:26:30,28.61,0.02,282,806802,买盘
1409,13:26:27,28.59,-0.01,20,57180,卖盘
1410,13:26:24,28.6,--,6,17160,买盘
1411,13:26:18,28.6,0.01,1,2860,买盘
1412,13:26:15,28.59,--,13,37167,卖盘
1413,13:26:12,28.59,-0.02,5,14295,卖盘
1414,13:26:06,28.61,--,62,177382,买盘
1415,13:26:00,28.61,--,22,62942,买盘
1416,13:25:54,28.61,0.02,178,509258,买盘
1417,13:25:51,28.59,0.01,15,42885,买盘
1418,13:25:48,28.58,0.01,22,62875,买盘
1419,13:25:45,28.57,--,37,105709,卖盘
1420,13:25:36,28.57,--,1,2857,卖盘
1421,13:25:33,28.57,--,17,48569,买盘
1422,13:25:27,28.57,-0.03,1,2857,中性盘
1423,13:25:21,28.6,0.03,180,514800,买盘
1424,13:25:18,28.57,--,6,17142,买盘
1425,13:25:15,28.57,-0.01,134,382838,卖盘
1426,13:25:12,28.58,--,55,157190,买盘
1427,13:25:03,28.58,-0.01,49,140042,卖盘
1428,13:24:54,28.59,-0.01,1,2859,中性盘
1429,13:24:48,28.6,0.02,167,477620,买盘
1430,13:24:45,28.58,-0.01,3,8574,卖盘
1431,13:24:42,28.59,0.01,1,2859,买盘
1432,13:24:39,28.58,-0.01,10,28580,卖盘
1433,13:24:36,28.59,--,7,20013,卖盘
1434,13:24:33,28.59,--,12,34308,卖盘
1435,13:24:30,28.59,0.02,56,160104,买盘
1436,13:24:18,28.57,-0.02,177,505689,卖盘
1437,13:24:12,28.59,0.01,55,157245,买盘
1438,13:24:09,28.58,--,27,77166,卖盘
1439,13:24:06,28.58,-0.01,5,14290,卖盘
1440,13:24:03,28.59,0.01,20,57180,买盘
1441,13:24:00,28.58,--,12,34296,卖盘
1442,13:23:57,28.58,-0.01,1,2858,卖盘
1443,13:23:51,28.59,--,183,523197,买盘
1444,13:23:45,28.59,-0.01,2,5718,买盘
1445,13:23:42,28.6,0.01,371,1061060,买盘
1446,13:23:33,28.59,-0.01,21,60039,卖盘
1447,13:23:30,28.6,--,129,368940,卖盘
1448,13:23:27,28.6,--,58,165880,卖盘
1449,13:23:24,28.6,--,93,265980,卖盘
1450,13:23:21,28.6,-0.01,20,57200,卖盘
1451,13:23:15,28.61,--,112,320432,卖盘
1452,13:23:12,28.61,--,97,277517,卖盘
1453,13:23:09,28.61,--,2,5722,卖盘
1454,13:23:03,28.61,0.01,33,94413,买盘
1455,13:23:00,28.6,0.01,31,88660,买盘
1456,13:22:57,28.59,-0.01,56,160104,卖盘
1457,13:22:54,28.6,0.01,3,8580,买盘
1458,13:22:51,28.59,-0.01,20,57180,卖盘
1459,13:22:48,28.6,-0.01,62,177320,卖盘
1460,13:22:45,28.61,-0.01,32,91552,卖盘
1461,13:22:42,28.62,0.02,95,271890,买盘
1462,13:22:36,28.6,--,3,8580,卖盘
1463,13:22:33,28.6,-0.02,25,71500,卖盘
1464,13:22:30,28.62,0.02,253,724086,买盘
1465,13:22:27,28.6,--,28,80080,卖盘
1466,13:22:18,28.6,--,10,28600,卖盘
1467,13:22:15,28.6,--,63,180180,卖盘
1468,13:22:12,28.6,0.01,67,191620,买盘
1469,13:22:09,28.59,-0.01,15,42885,卖盘
1470,13:22:06,28.6,0.01,139,397540,买盘
1471,13:22:03,28.59,-0.01,41,117219,卖盘
1472,13:22:00,28.6,--,2,5720,买盘
1473,13:21:54,28.6,--,34,97240,买盘
1474,13:21:51,28.6,--,47,134420,买盘
1475,13:21:42,28.6,--,10,28600,买盘
1476,13:21:39,28.6,-0.02,267,763620,卖盘
1477,13:21:33,28.62,0.01,20,57240,买盘
1478,13:21:27,28.61,--,90,257490,卖盘
1479,13:21:21,28.61,--,43,123023,卖盘
1480,13:21:18,28.61,--,78,223158,卖盘
1481,13:21:15,28.61,--,86,246046,买盘
1482,13:21:12,28.61,0.01,8,22888,买盘
1483,13:21:09,28.6,--,13,37180,卖盘
1484,13:21:03,28.6,0.01,1,2860,卖盘
1485,13:21:00,28.59,-0.01,10,28590,卖盘
1486,13:20:57,28.6,0.01,60,171600,买盘
1487,13:20:54,28.59,--,55,157245,卖盘
1488,13:20:51,28.59,--,1,2859,卖盘
1489,13:20:45,28.59,-0.01,273,780507,卖盘
1490,13:20:36,28.6,-0.01,3,9724,卖盘
1491,13:20:33,28.61,0.01,20,57220,买盘
1492,13:20:30,28.6,--,2,5720,卖盘
1493,13:20:24,28.6,--,56,160160,卖盘
1494,13:20:18,28.6,0.02,16,47476,买盘
1495,13:20:15,28.58,-0.02,6,17148,卖盘
1496,13:20:12,28.6,0.02,1,2860,买盘
1497,13:20:09,28.58,-0.02,16,45728,卖盘
1498,13:20:03,28.6,--,20,57200,买盘
1499,13:20:00,28.6,-0.02,17,48620,中性盘
1500,13:19:54,28.62,0.01,86,246132,买盘
1501,13:19:51,28.61,--,7,20027,中性盘
1502,13:19:48,28.61,0.01,15,42915,卖盘
1503,13:19:45,28.6,0.02,5,14300,中性盘
1504,13:19:36,28.58,-0.02,30,85740,卖盘
1505,13:19:33,28.6,--,2,5720,买盘
1506,13:19:27,28.6,-0.01,103,294580,卖盘
1507,13:19:21,28.61,0.01,11,31471,买盘
1508,13:19:18,28.6,--,72,205920,卖盘
1509,13:19:06,28.6,-0.03,13,37180,卖盘
1510,13:19:03,28.63,--,18,51534,买盘
1511,13:19:00,28.63,0.01,136,389368,买盘
1512,13:18:57,28.62,-0.01,1,2862,中性盘
1513,13:18:51,28.63,--,306,876078,买盘
1514,13:18:45,28.63,--,1,2863,买盘
1515,13:18:42,28.63,0.02,368,1053584,买盘
1516,13:18:36,28.61,0.01,20,57220,买盘
1517,13:18:30,28.6,-0.01,36,102960,卖盘
1518,13:18:27,28.61,--,7,20027,卖盘
1519,13:18:24,28.61,-0.01,103,294683,买盘
1520,13:18:18,28.62,0.02,155,443610,买盘
1521,13:18:15,28.6,0.03,1,2860,中性盘
1522,13:18:06,28.57,-0.04,58,165706,卖盘
1523,13:18:00,28.61,0.04,10,28610,买盘
1524,13:17:57,28.57,-0.03,4,11428,卖盘
1525,13:17:51,28.6,-0.02,1,2860,中性盘
1526,13:17:48,28.62,0.02,109,311958,买盘
1527,13:17:45,28.6,--,80,228800,买盘
1528,13:17:39,28.6,--,2,5720,买盘
1529,13:17:36,28.6,-0.01,17,50850,卖盘
1530,13:17:33,28.61,0.01,21,60081,买盘
1531,13:17:30,28.6,--,120,343200,卖盘
1532,13:17:27,28.6,-0.01,107,306020,卖盘
1533,13:17:24,28.61,0.01,55,157355,买盘
1534,13:17:21,28.6,--,122,348920,卖盘
1535,13:17:18,28.6,--,17,48620,卖盘
1536,13:17:15,28.6,0.01,116,332389,买盘
1537,13:17:12,28.59,0.04,42,120078,买盘
1538,13:17:06,28.55,-0.04,28,79940,卖盘
1539,13:17:03,28.59,-0.01,96,276694,卖盘
1540,13:17:00,28.6,0.05,449,1284769,买盘
1541,13:16:51,28.55,-0.04,301,859355,卖盘
1542,13:16:48,28.59,0.01,111,317349,买盘
1543,13:16:45,28.58,0.02,5,14290,买盘
1544,13:16:42,28.56,-0.02,15,42840,卖盘
1545,13:16:33,28.58,--,280,800240,卖盘
1546,13:16:27,28.58,--,39,111462,买盘
1547,13:16:24,28.58,0.02,82,234356,买盘
1548,13:16:21,28.56,--,47,134232,卖盘
1549,13:16:15,28.56,0.01,9,25704,卖盘
1550,13:16:12,28.55,--,165,471075,卖盘
1551,13:16:09,28.55,--,5,14275,卖盘
1552,13:16:06,28.55,-0.01,56,159880,卖盘
1553,13:16:03,28.56,0.01,14,39984,买盘
1554,13:16:00,28.55,--,15,42825,卖盘
1555,13:15:57,28.55,--,10,28550,卖盘
1556,13:15:54,28.55,--,20,57100,卖盘
1557,13:15:51,28.55,0.01,141,402555,卖盘
1558,13:15:48,28.54,0.01,12,34248,中性盘
1559,13:15:42,28.53,-0.01,71,202563,卖盘
1560,13:15:39,28.54,0.01,39,111306,买盘
1561,13:15:33,28.53,0.01,8,22824,卖盘
1562,13:15:30,28.52,-0.02,33,94116,卖盘
1563,13:15:27,28.54,0.02,54,154116,买盘
1564,13:15:24,28.52,-0.02,10,28520,卖盘
1565,13:15:21,28.54,0.01,13,37102,中性盘
1566,13:15:18,28.53,-0.02,5,14265,卖盘
1567,13:15:12,28.55,0.03,4,11420,买盘
1568,13:15:09,28.52,0.02,1,2852,中性盘
1569,13:15:06,28.5,-0.09,500,1425000,卖盘
1570,13:15:03,28.59,--,20,57180,买盘
1571,13:15:00,28.59,--,40,114360,买盘
1572,13:14:57,28.59,0.07,1,2859,买盘
1573,13:14:54,28.52,-0.07,670,1910840,卖盘
1574,13:14:51,28.59,--,45,128655,卖盘
1575,13:14:48,28.59,-0.01,3,8577,卖盘
1576,13:14:45,28.6,--,12,36550,卖盘
1577,13:14:39,28.6,-0.01,21,60060,卖盘
1578,13:14:36,28.61,--,29,82969,买盘
1579,13:14:27,28.61,0.01,80,228880,买盘
1580,13:14:24,28.6,--,17,48620,卖盘
1581,13:14:21,28.6,--,52,148720,卖盘
1582,13:14:18,28.6,--,20,57200,卖盘
1583,13:14:15,28.6,--,59,169369,卖盘
1584,13:14:12,28.6,--,3,8580,卖盘
1585,13:14:09,28.6,-0.01,72,205920,中性盘
1586,13:14:03,28.61,0.02,21,60081,买盘
1587,13:14:00,28.59,-0.01,54,154386,卖盘
1588,13:13:57,28.6,--,102,291720,卖盘
1589,13:13:51,28.6,0.01,185,529100,买盘
1590,13:13:45,28.59,--,18,51462,买盘
1591,13:13:42,28.59,-0.01,1,2859,卖盘
1592,13:13:36,28.6,--,4,11440,卖盘
1593,13:13:33,28.6,--,79,225940,买盘
1594,13:13:30,28.6,--,8,22880,买盘
1595,13:13:27,28.6,--,9,25740,卖盘
1596,13:13:20,28.6,--,51,145860,卖盘
1597,13:13:17,28.6,--,43,122980,卖盘
1598,13:13:11,28.6,--,2,5720,卖盘
1599,13:13:08,28.6,-0.01,21,60060,卖盘
1600,13:13:05,28.61,0.01,23,65803,买盘
1601,13:13:02,28.6,--,104,297440,卖盘
1602,13:12:56,28.6,--,17,48620,卖盘
1603,13:12:53,28.6,--,75,214500,卖盘
1604,13:12:50,28.6,--,30,85800,卖盘
1605,13:12:47,28.6,--,33,94380,卖盘
1606,13:12:44,28.6,0.05,100,286000,买盘
1607,13:12:41,28.55,-0.05,47,134185,卖盘
1608,13:12:38,28.6,0.04,34,97240,买盘
1609,13:12:35,28.56,-0.04,12,34272,卖盘
1610,13:12:32,28.6,0.04,84,240240,买盘
1611,13:12:29,28.56,--,20,57120,卖盘
1612,13:12:23,28.56,-0.04,51,145656,卖盘
1613,13:12:20,28.6,0.04,584,1670240,买盘
1614,13:12:17,28.56,--,1,2856,卖盘
1615,13:12:08,28.56,-0.02,10,28560,卖盘
1616,13:12:05,28.58,--,2,5716,买盘
1617,13:12:02,28.58,0.02,34,97172,买盘
1618,13:11:59,28.56,--,777,2219112,卖盘
1619,13:11:56,28.56,-0.02,52,148512,卖盘
1620,13:11:53,28.58,--,19,54302,卖盘
1621,13:11:50,28.58,--,4,11432,卖盘
1622,13:11:47,28.58,-0.02,15,42870,卖盘
1623,13:11:44,28.6,0.02,88,251680,买盘
1624,13:11:41,28.58,--,2,5716,卖盘
1625,13:11:38,28.58,--,19,54302,卖盘
1626,13:11:35,28.58,--,2,5716,买盘
1627,13:11:32,28.58,--,21,60018,买盘
1628,13:11:26,28.58,0.02,1,2858,买盘
1629,13:11:20,28.56,-0.04,12,34272,卖盘
1630,13:11:17,28.6,0.04,4,11440,买盘
1631,13:11:14,28.56,-0.04,6,17136,卖盘
1632,13:11:02,28.6,--,28,80080,买盘
1633,13:10:59,28.6,-0.02,7,20020,买盘
1634,13:10:53,28.62,0.01,214,612468,买盘
1635,13:10:50,28.61,-0.01,2,5722,中性盘
1636,13:10:47,28.62,0.01,20,57240,买盘
1637,13:10:44,28.61,--,32,91552,卖盘
1638,13:10:41,28.61,--,5,14305,卖盘
1639,13:10:38,28.61,--,25,71525,买盘
1640,13:10:32,28.61,0.01,21,60081,买盘
1641,13:10:26,28.6,--,3,8580,卖盘
1642,13:10:23,28.6,--,60,171600,卖盘
1643,13:10:20,28.6,0.04,260,743600,买盘
1644,13:10:17,28.56,-0.04,12,34272,卖盘
1645,13:10:14,28.6,-0.01,279,797940,卖盘
1646,13:10:11,28.61,--,10,28610,买盘
1647,13:10:08,28.61,--,39,111579,买盘
1648,13:10:02,28.61,--,86,246046,买盘
1649,13:09:59,28.61,0.01,5,14305,买盘
1650,13:09:53,28.6,-0.01,6,17160,卖盘
1651,13:09:50,28.61,--,7,20027,中性盘
1652,13:09:47,28.61,-0.01,5,14305,中性盘
1653,13:09:44,28.62,0.02,901,2578662,买盘
1654,13:09:38,28.6,--,63,180180,卖盘
1655,13:09:35,28.6,--,209,597740,卖盘
1656,13:09:32,28.6,--,1,2860,卖盘
1657,13:09:29,28.6,--,2,5720,卖盘
1658,13:09:26,28.6,0.05,293,837980,买盘
1659,13:09:23,28.55,--,60,171300,买盘
1660,13:09:20,28.55,--,8,22840,买盘
1661,13:09:17,28.55,--,12,34260,买盘
1662,13:09:14,28.55,--,41,117055,买盘
1663,13:09:11,28.55,--,59,168445,买盘
1664,13:09:08,28.55,-0.01,49,139895,卖盘
1665,13:09:05,28.56,--,17,48552,卖盘
1666,13:09:02,28.56,0.01,21,59976,买盘
1667,13:08:59,28.55,--,2,5710,卖盘
1668,13:08:56,28.55,--,12,34260,卖盘
1669,13:08:53,28.55,-0.01,162,462510,卖盘
1670,13:08:50,28.56,--,25,71400,买盘
1671,13:08:38,28.56,-0.02,77,219912,卖盘
1672,13:08:35,28.58,--,50,142900,买盘
1673,13:08:32,28.58,--,28,80024,卖盘
1674,13:08:26,28.58,--,34,97172,卖盘
1675,13:08:17,28.58,-0.02,1,2858,卖盘
1676,13:08:14,28.6,0.02,6,17160,买盘
1677,13:08:11,28.58,-0.04,140,400120,卖盘
1678,13:08:08,28.62,--,30,85860,买盘
1679,13:08:05,28.62,0.01,48,137376,买盘
1680,13:08:02,28.61,-0.01,9,25749,卖盘
1681,13:07:59,28.62,0.01,1,2862,买盘
1682,13:07:56,28.61,-0.01,6,17166,卖盘
1683,13:07:53,28.62,-0.03,131,375437,卖盘
1684,13:07:50,28.65,0.02,78,223470,买盘
1685,13:07:47,28.63,--,72,206136,卖盘
1686,13:07:41,28.63,-0.02,6,17178,卖盘
1687,13:07:35,28.65,-0.01,24,68760,卖盘
1688,13:07:29,28.66,0.01,32,91712,买盘
1689,13:07:23,28.65,-0.01,155,444075,卖盘
1690,13:07:20,28.66,--,77,220682,卖盘
1691,13:07:14,28.66,--,317,908522,卖盘
1692,13:07:11,28.66,--,21,60186,卖盘
1693,13:07:08,28.66,--,50,143300,卖盘
1694,13:07:02,28.66,-0.01,151,432766,卖盘
1695,13:06:59,28.67,0.04,10,28670,买盘
1696,13:06:56,28.63,-0.03,27,77301,卖盘
1697,13:06:53,28.66,--,69,197754,卖盘
1698,13:06:50,28.66,--,537,1539042,买盘
1699,13:06:47,28.66,0.01,126,361116,买盘
1700,13:06:44,28.65,-0.01,63,180495,中性盘
1701,13:06:41,28.66,--,603,1728198,买盘
1702,13:06:38,28.66,0.01,85,243610,买盘
1703,13:06:29,28.65,--,1,2865,卖盘
1704,13:06:26,28.65,--,20,57300,卖盘
1705,13:06:23,28.65,--,1,2865,卖盘
1706,13:06:20,28.65,--,657,1882305,买盘
1707,13:06:17,28.65,0.01,1,2865,买盘
1708,13:06:14,28.64,0.01,120,344625,买盘
1709,13:06:08,28.63,--,37,105931,卖盘
1710,13:06:02,28.63,--,34,97342,买盘
1711,13:05:59,28.63,--,3,8589,买盘
1712,13:05:56,28.63,--,32,91616,卖盘
1713,13:05:50,28.63,--,24,68712,卖盘
1714,13:05:47,28.63,0.01,14,40082,买盘
1715,13:05:44,28.62,--,6,17172,卖盘
1716,13:05:41,28.62,-0.01,96,274752,卖盘
1717,13:05:38,28.63,0.01,15,42945,买盘
1718,13:05:32,28.62,0.02,298,855251,买盘
1719,13:05:29,28.6,--,8,22880,卖盘
1720,13:05:26,28.6,-0.01,220,629200,卖盘
1721,13:05:20,28.61,--,53,151633,卖盘
1722,13:05:17,28.61,0.01,44,125884,买盘
1723,13:05:11,28.6,--,2,5720,卖盘
1724,13:05:08,28.6,-0.01,6,17160,卖盘
1725,13:05:05,28.61,0.01,24,68664,买盘
1726,13:05:02,28.6,-0.01,26,74360,卖盘
1727,13:04:53,28.61,-0.01,21,60081,卖盘
1728,13:04:50,28.62,0.01,5,14310,买盘
1729,13:04:47,28.61,--,74,211714,卖盘
1730,13:04:44,28.61,--,51,145911,卖盘
1731,13:04:41,28.61,-0.01,50,143050,卖盘
1732,13:04:38,28.62,0.01,21,60102,买盘
1733,13:04:35,28.61,-0.01,366,1047126,卖盘
1734,13:04:32,28.62,--,3,8586,买盘
1735,13:04:29,28.62,--,16,46278,卖盘
1736,13:04:26,28.62,--,86,248507,买盘
1737,13:04:23,28.62,--,8,23382,卖盘
1738,13:04:20,28.62,--,25,71550,卖盘
1739,13:04:17,28.62,--,142,406404,卖盘
1740,13:04:11,28.62,--,16,45792,卖盘
1741,13:04:08,28.62,-0.01,7,20034,卖盘
1742,13:04:05,28.63,0.01,81,231903,买盘
1743,13:04:02,28.62,--,1,2862,卖盘
1744,13:03:59,28.62,--,18,51516,卖盘
1745,13:03:56,28.62,-0.01,7,20034,卖盘
1746,13:03:53,28.63,--,115,329245,买盘
1747,13:03:50,28.63,--,499,1428637,买盘
1748,13:03:44,28.63,--,141,403683,卖盘
1749,13:03:41,28.63,--,23,65849,卖盘
1750,13:03:38,28.63,-0.01,168,480984,卖盘
1751,13:03:32,28.64,--,6,17184,买盘
1752,13:03:29,28.64,--,10,28640,买盘
1753,13:03:26,28.64,--,76,217664,买盘
1754,13:03:23,28.64,--,150,431518,卖盘
1755,13:03:20,28.64,--,11,31504,卖盘
1756,13:03:17,28.64,-0.01,12,34368,卖盘
1757,13:03:14,28.65,0.01,1,2865,买盘
1758,13:03:11,28.64,-0.01,6,17184,卖盘
1759,13:03:08,28.65,-0.02,20,57300,中性盘
1760,13:03:02,28.67,-0.01,37,106079,卖盘
1761,13:02:59,28.68,--,100,286800,买盘
1762,13:02:56,28.68,--,6,17208,买盘
1763,13:02:53,28.68,-0.01,8,22944,买盘
1764,13:02:50,28.69,--,59,169271,买盘
1765,13:02:47,28.69,--,46,131974,买盘
1766,13:02:44,28.69,--,21,60249,买盘
1767,13:02:41,28.69,--,202,579538,卖盘
1768,13:02:35,28.69,--,201,576669,卖盘
1769,13:02:29,28.69,--,18,51642,卖盘
1770,13:02:26,28.69,--,70,200830,卖盘
1771,13:02:23,28.69,-0.01,51,146319,卖盘
1772,13:02:20,28.7,0.01,202,579740,买盘
1773,13:02:17,28.69,-0.01,14,40166,卖盘
1774,13:02:14,28.7,--,20,57400,卖盘
1775,13:02:11,28.7,--,333,955710,卖盘
1776,13:02:08,28.7,--,180,516600,卖盘
1777,13:02:05,28.7,-0.01,35,100450,卖盘
1778,13:02:02,28.71,0.01,46,132066,买盘
1779,13:01:59,28.7,--,8,22960,卖盘
1780,13:01:53,28.7,0.01,452,1297240,买盘
1781,13:01:50,28.69,--,88,252472,卖盘
1782,13:01:47,28.69,0.02,105,301245,买盘
1783,13:01:41,28.67,-0.03,90,258030,卖盘
1784,13:01:38,28.7,0.01,30,86100,买盘
1785,13:01:32,28.69,0.02,55,158741,买盘
1786,13:01:29,28.67,-0.03,262,753074,卖盘
1787,13:01:26,28.7,0.03,718,2060660,买盘
1788,13:01:20,28.67,-0.02,48,137616,卖盘
1789,13:01:14,28.69,--,270,774630,买盘
1790,13:01:14,28.69,0.01,64,183616,买盘
1791,13:01:11,28.68,0.01,210,602280,中性盘
1792,13:01:05,28.67,-0.02,30,86010,卖盘
1793,13:01:02,28.69,--,40,114760,买盘
1794,13:00:53,28.69,0.02,5,14345,买盘
1795,13:00:47,28.67,-0.01,1120,3211040,卖盘
1796,13:00:41,28.68,--,20,57360,买盘
1797,13:00:38,28.68,0.01,52,149136,买盘
1798,13:00:32,28.67,0.02,139,399459,买盘
1799,13:00:26,28.65,-0.02,5,14325,中性盘
1800,13:00:23,28.67,0.01,110,315370,买盘
1801,13:00:20,28.66,0.02,133,381178,买盘
1802,13:00:17,28.64,--,25,71600,卖盘
1803,13:00:14,28.64,--,100,286400,卖盘
1804,13:00:11,28.64,0.02,186,532704,买盘
1805,13:00:08,28.62,0.02,288,824256,卖盘
1806,13:00:05,28.6,-0.02,2015,5762900,卖盘
1807,11:30:06,28.62,0.01,21,60102,买盘
1808,11:29:57,28.61,--,10,28610,卖盘
1809,11:29:54,28.61,-0.01,110,314710,中性盘
1810,11:29:51,28.62,0.02,50,143100,买盘
1811,11:29:48,28.6,--,53,151580,卖盘
1812,11:29:45,28.6,--,3,8580,卖盘
1813,11:29:42,28.6,--,7,20020,卖盘
1814,11:29:36,28.6,--,183,525753,买盘
1815,11:29:33,28.6,--,21,60060,买盘
1816,11:29:30,28.6,--,75,214500,买盘
1817,11:29:27,28.6,--,500,1430000,买盘
1818,11:29:24,28.6,--,100,286000,买盘
1819,11:29:21,28.6,0.02,45,128700,买盘
1820,11:29:18,28.58,-0.02,31,88598,卖盘
1821,11:29:12,28.6,0.02,566,1618760,买盘
1822,11:29:09,28.58,--,4,11432,卖盘
1823,11:29:06,28.58,-0.01,83,237214,卖盘
1824,11:29:03,28.59,0.01,22,62898,买盘
1825,11:29:00,28.58,0.03,36,102888,中性盘
1826,11:28:57,28.55,-0.03,124,354020,卖盘
1827,11:28:48,28.58,--,53,151474,卖盘
1828,11:28:42,28.58,--,7,20006,卖盘
1829,11:28:39,28.58,-0.01,19,54302,卖盘
1830,11:28:30,28.59,0.04,47,134373,买盘
1831,11:28:27,28.55,-0.03,43,122765,卖盘
1832,11:28:21,28.58,--,205,585890,买盘
1833,11:28:18,28.58,--,1,2858,买盘
1834,11:28:15,28.58,-0.01,21,60018,中性盘
1835,11:28:12,28.59,0.02,5,14295,买盘
1836,11:28:06,28.57,-0.01,28,79996,卖盘
1837,11:28:03,28.58,--,7,20006,买盘
1838,11:27:57,28.58,--,45,128609,买盘
1839,11:27:54,28.58,--,100,285800,买盘
1840,11:27:48,28.58,0.01,23,65734,中性盘
1841,11:27:42,28.57,0.02,2,5714,卖盘
1842,11:27:39,28.55,-0.02,31,88505,卖盘
1843,11:27:36,28.57,-0.02,8,22856,卖盘
1844,11:27:33,28.59,0.02,366,1046394,买盘
1845,11:27:30,28.57,0.03,1,2857,买盘
1846,11:27:27,28.54,--,16,45664,卖盘
1847,11:27:24,28.54,--,17,48518,卖盘
1848,11:27:21,28.54,-0.01,42,119868,卖盘
1849,11:27:12,28.55,0.01,37,105635,买盘
1850,11:27:09,28.54,--,1,2854,卖盘
1851,11:27:06,28.54,--,65,185510,卖盘
1852,11:27:03,28.54,--,6,17124,卖盘
1853,11:27:00,28.54,--,13,37102,买盘
1854,11:26:54,28.54,0.01,1805,5151470,买盘
1855,11:26:51,28.53,-0.01,59,168327,卖盘
1856,11:26:48,28.54,0.01,276,787704,买盘
1857,11:26:45,28.53,--,12,34236,卖盘
1858,11:26:39,28.53,--,24,68472,买盘
1859,11:26:33,28.53,0.01,57,162621,买盘
1860,11:26:30,28.52,--,14,39928,卖盘
1861,11:26:27,28.52,--,37,105524,卖盘
1862,11:26:24,28.52,-0.02,1,2852,卖盘
1863,11:26:21,28.54,0.01,51,145554,买盘
1864,11:26:15,28.53,0.01,3,8559,买盘
1865,11:26:12,28.52,-0.01,74,211048,卖盘
1866,11:26:06,28.53,-0.01,57,162621,卖盘
1867,11:26:03,28.54,0.01,61,174094,买盘
1868,11:26:00,28.53,--,75,213975,卖盘
1869,11:25:57,28.53,-0.02,18,51354,卖盘
1870,11:25:54,28.55,0.01,56,159880,买盘
1871,11:25:51,28.54,-0.01,7,19978,卖盘
1872,11:25:42,28.55,--,32,91360,买盘
1873,11:25:39,28.55,--,8,22840,买盘
1874,11:25:36,28.55,--,3,8565,买盘
1875,11:25:33,28.55,0.01,25,71375,买盘
1876,11:25:30,28.54,-0.01,30,85620,卖盘
1877,11:25:27,28.55,0.01,126,359730,买盘
1878,11:25:18,28.54,-0.01,16,45664,卖盘
1879,11:25:15,28.55,-0.01,31,88505,卖盘
1880,11:25:12,28.56,0.01,29,82824,买盘
1881,11:25:09,28.55,--,26,74230,卖盘
1882,11:25:06,28.55,-0.01,48,137040,卖盘
1883,11:25:03,28.56,0.02,75,214200,买盘
1884,11:25:00,28.54,-0.01,3,8562,卖盘
1885,11:24:57,28.55,-0.01,72,205560,卖盘
1886,11:24:54,28.56,0.01,1,2856,买盘
1887,11:24:51,28.55,--,39,111345,买盘
1888,11:24:48,28.55,--,2,5710,买盘
1889,11:24:45,28.55,0.01,3,8565,买盘
1890,11:24:42,28.54,-0.01,5,14270,卖盘
1891,11:24:36,28.55,--,2,5710,卖盘
1892,11:24:30,28.55,0.02,174,496770,买盘
1893,11:24:21,28.53,-0.02,5,14265,卖盘
1894,11:24:18,28.55,0.01,3,8565,买盘
1895,11:24:15,28.54,--,1,2854,卖盘
1896,11:24:12,28.54,0.01,6,17124,中性盘
1897,11:24:09,28.53,-0.02,54,154062,卖盘
1898,11:24:06,28.55,--,122,348310,卖盘
1899,11:24:03,28.55,--,120,342600,卖盘
1900,11:24:00,28.55,-0.01,112,319760,卖盘
1901,11:23:57,28.56,0.01,3,8568,买盘
1902,11:23:54,28.55,-0.02,2,5710,卖盘
1903,11:23:48,28.57,--,43,122851,买盘
1904,11:23:45,28.57,--,10,28570,买盘
1905,11:23:42,28.57,0.01,208,594256,买盘
1906,11:23:36,28.56,-0.01,128,365853,卖盘
1907,11:23:33,28.57,--,95,271415,卖盘
1908,11:23:27,28.57,--,3,8571,卖盘
1909,11:23:24,28.57,-0.01,311,888527,卖盘
1910,11:23:21,28.58,--,70,202060,卖盘
1911,11:23:18,28.58,--,1,2858,卖盘
1912,11:23:15,28.58,--,140,400120,卖盘
1913,11:23:12,28.58,--,14,40012,卖盘
1914,11:23:09,28.58,0.01,91,260935,买盘
1915,11:23:06,28.57,-0.01,8,22856,卖盘
1916,11:23:03,28.58,--,18,51444,买盘
1917,11:23:00,28.58,--,3,8574,买盘
1918,11:22:57,28.58,0.02,268,765944,买盘
1919,11:22:54,28.56,-0.02,50,142800,卖盘
1920,11:22:48,28.58,0.01,4,11432,买盘
1921,11:22:45,28.57,--,5,14285,卖盘
1922,11:22:39,28.57,--,1,2857,卖盘
1923,11:22:36,28.57,-0.01,21,59997,卖盘
1924,11:22:33,28.58,0.02,21,60018,买盘
1925,11:22:27,28.56,-0.01,193,551208,卖盘
1926,11:22:24,28.57,--,94,268558,卖盘
1927,11:22:18,28.57,--,14,42569,买盘
1928,11:22:15,28.57,--,56,159992,买盘
1929,11:22:12,28.57,--,1,2857,买盘
1930,11:22:09,28.57,0.01,55,157135,买盘
1931,11:22:06,28.56,--,5,14280,卖盘
1932,11:22:03,28.56,--,66,188496,卖盘
1933,11:22:00,28.56,--,20,57120,卖盘
1934,11:21:57,28.56,--,58,165648,卖盘
1935,11:21:54,28.56,--,92,262752,卖盘
1936,11:21:51,28.56,0.01,80,228480,卖盘
1937,11:21:48,28.55,--,515,1470325,卖盘
1938,11:21:42,28.55,--,6,17130,卖盘
1939,11:21:39,28.55,--,21,59955,卖盘
1940,11:21:36,28.55,--,5,14275,卖盘
1941,11:21:33,28.55,--,30,85650,卖盘
1942,11:21:30,28.55,--,20,57100,卖盘
1943,11:21:27,28.55,--,6,17130,卖盘
1944,11:21:24,28.55,-0.01,6,17130,卖盘
1945,11:21:21,28.56,--,10,28560,买盘
1946,11:21:18,28.56,--,100,285600,买盘
1947,11:21:09,28.56,--,1,2856,买盘
1948,11:21:06,28.56,--,538,1536528,买盘
1949,11:21:03,28.56,--,30,85680,买盘
1950,11:21:00,28.56,-0.01,37,105672,卖盘
1951,11:20:57,28.57,0.01,43,122851,买盘
1952,11:20:54,28.56,-0.01,57,162792,卖盘
1953,11:20:51,28.57,0.01,8,22856,买盘
1954,11:20:48,28.56,--,94,268464,卖盘
1955,11:20:45,28.56,-0.03,50,143057,卖盘
1956,11:20:42,28.59,0.02,498,1423782,买盘
1957,11:20:39,28.57,--,147,419979,卖盘
1958,11:20:36,28.57,0.01,12,36883,买盘
1959,11:20:33,28.56,--,42,119952,卖盘
1960,11:20:30,28.56,--,6,17136,卖盘
1961,11:20:27,28.56,--,3,8568,卖盘
1962,11:20:24,28.56,--,20,57120,卖盘
1963,11:20:21,28.56,--,5,14280,卖盘
1964,11:20:18,28.56,--,117,334152,卖盘
1965,11:20:15,28.56,--,5,14280,卖盘
1966,11:20:12,28.56,0.04,705,2013480,买盘
1967,11:20:09,28.52,--,27,77004,买盘
1968,11:20:06,28.52,--,16,45632,买盘
1969,11:20:00,28.52,--,2,5704,买盘
1970,11:19:57,28.52,0.02,36,102672,买盘
1971,11:19:54,28.5,-0.01,18,51300,卖盘
1972,11:19:51,28.51,--,156,444756,买盘
1973,11:19:48,28.51,--,40,114040,买盘
1974,11:19:45,28.51,--,41,116891,买盘
1975,11:19:42,28.51,--,174,496074,买盘
1976,11:19:36,28.51,0.01,20,57020,买盘
1977,11:19:33,28.5,-0.01,43,122550,卖盘
1978,11:19:30,28.51,--,116,330716,卖盘
1979,11:19:27,28.51,--,10,28510,卖盘
1980,11:19:24,28.51,-0.01,15,42765,卖盘
1981,11:19:21,28.52,-0.02,20,57040,卖盘
1982,11:19:18,28.54,0.02,3,8562,中性盘
1983,11:19:15,28.52,--,26,74152,卖盘
1984,11:19:12,28.52,-0.03,2,5704,中性盘
1985,11:19:09,28.55,0.06,4,11420,买盘
1986,11:19:05,28.49,-0.06,721,2054129,卖盘
1987,11:19:02,28.55,--,24,68520,买盘
1988,11:18:59,28.55,0.05,140,399700,买盘
1989,11:18:56,28.5,-0.05,7,19950,中性盘
1990,11:18:50,28.55,0.05,87,248385,买盘
1991,11:18:47,28.5,--,3,8550,卖盘
1992,11:18:44,28.5,-0.01,52,148200,卖盘
1993,11:18:41,28.51,0.01,69,196719,中性盘
1994,11:18:35,28.5,-0.03,6,17100,卖盘
1995,11:18:32,28.53,0.03,25,71325,买盘
1996,11:18:29,28.5,--,2,5700,卖盘
1997,11:18:26,28.5,-0.05,1,2850,卖盘
1998,11:18:23,28.55,--,3,8565,买盘
1999,11:18:20,28.55,0.05,46,131330,买盘
2000,11:18:17,28.5,--,86,245100,买盘
2001,11:18:11,28.5,0.01,3,8550,买盘
2002,11:18:08,28.49,-0.06,78,224529,卖盘
2003,11:18:05,28.55,-0.01,18,51390,卖盘
2004,11:18:02,28.56,-0.01,213,608328,买盘
2005,11:17:59,28.57,--,6,17142,买盘
2006,11:17:56,28.57,0.01,538,1537066,买盘
2007,11:17:53,28.56,-0.01,44,125664,中性盘
2008,11:17:50,28.57,0.01,529,1511353,买盘
2009,11:17:47,28.56,-0.01,13,37128,卖盘
2010,11:17:41,28.57,0.01,18,51426,买盘
2011,11:17:38,28.56,-0.01,96,274176,卖盘
2012,11:17:29,28.57,0.01,37,105709,买盘
2013,11:17:26,28.56,--,12,34272,卖盘
2014,11:17:23,28.56,-0.01,204,582624,中性盘
2015,11:17:20,28.57,0.02,618,1765626,买盘
2016,11:17:14,28.55,--,46,133328,买盘
2017,11:17:11,28.55,-0.01,28,79940,卖盘
2018,11:17:08,28.56,-0.01,335,956760,买盘
2019,11:17:05,28.57,0.01,1030,2942710,买盘
2020,11:17:02,28.56,--,20,57120,买盘
2021,11:16:59,28.56,0.01,285,813960,买盘
2022,11:16:56,28.55,--,29,82795,买盘
2023,11:16:53,28.55,0.01,11,31405,中性盘
2024,11:16:50,28.54,-0.02,113,322502,卖盘
2025,11:16:44,28.56,0.01,24,69943,买盘
2026,11:16:41,28.55,-0.01,245,700931,卖盘
2027,11:16:38,28.56,0.01,925,2643199,买盘
2028,11:16:35,28.55,0.01,274,783012,买盘
2029,11:16:29,28.54,-0.01,20,57080,卖盘
2030,11:16:26,28.55,--,106,302630,买盘
2031,11:16:20,28.55,--,156,445380,卖盘
2032,11:16:17,28.55,--,32,91360,卖盘
2033,11:16:14,28.55,--,4,13532,卖盘
2034,11:16:11,28.55,--,7,19985,中性盘
2035,11:16:05,28.55,-0.01,10,28550,中性盘
2036,11:16:02,28.56,0.02,118,337008,买盘
2037,11:15:59,28.54,--,8,22832,买盘
2038,11:15:56,28.54,--,240,684960,买盘
2039,11:15:53,28.54,-0.01,14,39956,买盘
2040,11:15:50,28.55,-0.02,39,111345,中性盘
2041,11:15:47,28.57,0.07,474,1354218,买盘
2042,11:15:44,28.5,-0.05,89,253650,卖盘
2043,11:15:38,28.55,0.01,17,48535,买盘
2044,11:15:35,28.54,-0.02,25,71350,卖盘
2045,11:15:32,28.56,0.01,84,239904,买盘
2046,11:15:29,28.55,--,7,19985,卖盘
2047,11:15:23,28.55,--,2213,6318115,卖盘
2048,11:15:20,28.55,0.01,24,68520,中性盘
2049,11:15:14,28.54,--,277,790558,卖盘
2050,11:15:11,28.54,-0.01,77,219758,卖盘
2051,11:15:08,28.55,0.01,73,208415,买盘
2052,11:15:05,28.54,--,49,139846,卖盘
2053,11:15:02,28.54,-0.01,57,162678,卖盘
2054,11:14:59,28.55,0.01,14,39970,买盘
2055,11:14:56,28.54,-0.01,39,111306,卖盘
2056,11:14:53,28.55,--,196,559580,买盘
2057,11:14:50,28.55,0.03,167,476785,买盘
2058,11:14:47,28.52,-0.01,13,37076,卖盘
2059,11:14:44,28.53,0.01,6,17118,买盘
2060,11:14:41,28.52,-0.01,6,17112,卖盘
2061,11:14:38,28.53,--,2,5706,买盘
2062,11:14:35,28.53,-0.02,4,11412,卖盘
2063,11:14:32,28.55,-0.01,41,117055,买盘
2064,11:14:29,28.56,0.03,244,696864,买盘
2065,11:14:26,28.53,--,318,907254,卖盘
2066,11:14:23,28.53,--,26,74178,卖盘
2067,11:14:17,28.53,--,5,14265,卖盘
2068,11:14:14,28.53,--,46,131238,卖盘
2069,11:14:11,28.53,--,9,25677,卖盘
2070,11:14:08,28.53,--,208,593424,买盘
2071,11:14:05,28.53,--,4,11412,买盘
2072,11:14:02,28.53,--,48,136944,买盘
2073,11:13:59,28.53,-0.03,66,188298,卖盘
2074,11:13:56,28.56,--,219,625464,卖盘
2075,11:13:50,28.56,-0.01,164,468384,中性盘
2076,11:13:47,28.57,0.01,31,88567,买盘
2077,11:13:44,28.56,-0.02,238,679899,卖盘
2078,11:13:38,28.58,0.01,157,448706,中性盘
2079,11:13:35,28.57,-0.01,146,418264,卖盘
2080,11:13:32,28.58,0.03,1911,5463181,买盘
2081,11:13:29,28.55,--,58,165590,卖盘
2082,11:13:26,28.55,--,9,25695,卖盘
2083,11:13:23,28.55,--,98,279790,卖盘
2084,11:13:20,28.55,--,99,282645,买盘
2085,11:13:17,28.55,--,21,59955,买盘
2086,11:13:14,28.55,--,89,254095,买盘
2087,11:13:11,28.55,--,164,468220,买盘
2088,11:13:08,28.55,0.02,41,117055,买盘
2089,11:13:02,28.53,-0.02,110,313830,卖盘
2090,11:12:59,28.55,0.02,106,302630,买盘
2091,11:12:53,28.53,--,213,607689,卖盘
2092,11:12:50,28.53,0.02,200,570600,买盘
2093,11:12:47,28.51,--,24,68424,卖盘
2094,11:12:44,28.51,0.01,11,31361,卖盘
2095,11:12:41,28.5,--,408,1162800,卖盘
2096,11:12:38,28.5,--,155,441750,卖盘
2097,11:12:35,28.5,0.03,2001,5703391,买盘
2098,11:12:32,28.47,0.02,21,59787,买盘
2099,11:12:29,28.45,--,77,219065,卖盘
2100,11:12:26,28.45,-0.01,534,1519230,卖盘
2101,11:12:23,28.46,--,4414,12562244,卖盘
2102,11:12:20,28.46,--,77,219142,卖盘
2103,11:12:17,28.46,--,51,145146,卖盘
2104,11:12:14,28.46,0.03,564,1605144,买盘
2105,11:12:08,28.43,--,12,34116,卖盘
2106,11:12:05,28.43,-0.01,722,2052646,卖盘
2107,11:12:02,28.44,--,65,184860,买盘
2108,11:11:56,28.44,0.01,17,48348,买盘
2109,11:11:53,28.43,--,4,11372,卖盘
2110,11:11:50,28.43,0.01,546,1554865,买盘
2111,11:11:44,28.42,--,87,247254,卖盘
2112,11:11:41,28.42,--,26,73892,买盘
2113,11:11:38,28.42,--,7,19894,买盘
2114,11:11:32,28.42,0.01,32,90944,买盘
2115,11:11:29,28.41,-0.01,81,230121,买盘
2116,11:11:26,28.42,--,38,107996,买盘
2117,11:11:23,28.42,--,127,360934,买盘
2118,11:11:17,28.42,0.01,40,113680,买盘
2119,11:11:14,28.41,--,8,22728,买盘
2120,11:11:11,28.41,0.01,67,190347,买盘
2121,11:11:08,28.4,--,24,68160,卖盘
2122,11:11:05,28.4,--,7,19880,卖盘
2123,11:11:02,28.4,--,149,423160,买盘
2124,11:10:59,28.4,0.01,430,1221200,买盘
2125,11:10:53,28.39,0.01,149,423011,买盘
2126,11:10:50,28.38,--,36,102168,买盘
2127,11:10:44,28.38,0.01,51,144738,买盘
2128,11:10:41,28.37,-0.01,67,190079,卖盘
2129,11:10:35,28.38,0.01,111,315018,买盘
2130,11:10:32,28.37,0.01,7,19859,买盘
2131,11:10:23,28.36,--,14,39704,卖盘
2132,11:10:20,28.36,0.02,7,19852,中性盘
2133,11:10:17,28.34,--,36,102024,卖盘
2134,11:10:14,28.34,-0.02,2,5668,卖盘
2135,11:10:11,28.36,--,1,2836,卖盘
2136,11:10:08,28.36,0.02,119,337484,买盘
2137,11:09:59,28.34,-0.01,228,646152,卖盘
2138,11:09:56,28.35,0.02,64,181440,买盘
2139,11:09:53,28.33,--,90,254969,卖盘
2140,11:09:50,28.33,-0.01,3,8499,卖盘
2141,11:09:44,28.34,0.01,48,136032,买盘
2142,11:09:35,28.33,0.03,20,56660,买盘
2143,11:09:23,28.3,--,35,99050,买盘
2144,11:09:17,28.3,0.01,10,28300,买盘
2145,11:09:11,28.29,-0.01,24,67896,卖盘
2146,11:09:08,28.3,--,26,73580,买盘
2147,11:09:05,28.3,--,22,62260,买盘
2148,11:09:02,28.3,0.01,23,65090,买盘
2149,11:08:59,28.29,-0.01,17,48093,卖盘
2150,11:08:44,28.3,--,270,764100,买盘
2151,11:08:41,28.3,-0.04,176,498080,卖盘
2152,11:08:38,28.34,--,32,90688,买盘
2153,11:08:35,28.34,--,20,56680,买盘
2154,11:08:26,28.34,--,10,28340,买盘
2155,11:08:23,28.34,--,10,28340,买盘
2156,11:08:17,28.34,0.01,10,28340,买盘
2157,11:08:14,28.33,-0.01,3,8499,卖盘
2158,11:08:11,28.34,--,42,119028,卖盘
2159,11:08:08,28.34,-0.01,89,252226,卖盘
2160,11:08:05,28.35,0.01,23,65205,买盘
2161,11:07:53,28.34,0.01,7,19838,买盘
2162,11:07:47,28.33,--,25,70825,卖盘
2163,11:07:44,28.33,0.01,239,677087,买盘
2164,11:07:41,28.32,-0.01,1,2832,卖盘
2165,11:07:38,28.33,0.01,26,73658,买盘
2166,11:07:32,28.32,-0.01,11,31152,卖盘
2167,11:07:26,28.33,--,3,8499,买盘
2168,11:07:20,28.33,--,5,14165,买盘
2169,11:07:14,28.33,0.01,10,28330,买盘
2170,11:07:11,28.32,-0.01,39,110448,卖盘
2171,11:07:05,28.33,--,50,141650,买盘
2172,11:06:59,28.33,0.02,55,155815,买盘
2173,11:06:53,28.31,--,34,96254,卖盘
2174,11:06:50,28.31,--,62,175522,卖盘
2175,11:06:47,28.31,--,121,342551,卖盘
2176,11:06:44,28.31,--,273,772863,买盘
2177,11:06:38,28.31,0.01,201,569031,买盘
2178,11:06:35,28.3,--,12,33960,买盘
2179,11:06:32,28.3,--,20,56600,买盘
2180,11:06:29,28.3,--,54,152820,买盘
2181,11:06:26,28.3,--,3,8490,买盘
2182,11:06:23,28.3,--,9,25470,卖盘
2183,11:06:17,28.3,--,49,138670,买盘
2184,11:06:08,28.3,-0.02,39,110370,中性盘
2185,11:06:05,28.32,0.02,20,56640,买盘
2186,11:06:02,28.3,--,75,212250,卖盘
2187,11:05:59,28.3,--,1,2830,中性盘
2188,11:05:50,28.3,--,31,87730,买盘
2189,11:05:44,28.3,0.02,13,36790,买盘
2190,11:05:41,28.28,-0.02,16,45248,卖盘
2191,11:05:38,28.3,--,25,70750,买盘
2192,11:05:35,28.3,--,3,8490,买盘
2193,11:05:26,28.3,-0.01,31,87730,卖盘
2194,11:05:23,28.31,0.01,10,28310,买盘
2195,11:05:20,28.3,--,40,113200,卖盘
2196,11:05:17,28.3,-0.02,42,118860,卖盘
2197,11:05:14,28.32,0.01,53,150096,买盘
2198,11:05:05,28.31,0.01,3,8493,买盘
2199,11:04:56,28.3,--,8,22640,卖盘
2200,11:04:53,28.3,--,3,8490,卖盘
2201,11:04:50,28.3,--,10,28300,买盘
2202,11:04:44,28.3,0.01,29,82070,买盘
2203,11:04:41,28.29,-0.01,21,59409,卖盘
2204,11:04:38,28.3,0.01,21,59430,买盘
2205,11:04:32,28.29,--,1,2829,卖盘
2206,11:04:29,28.29,--,4,11316,买盘
2207,11:04:26,28.29,0.01,46,130134,买盘
2208,11:04:23,28.28,--,48,136564,卖盘
2209,11:04:20,28.28,--,3,8484,卖盘
2210,11:04:14,28.28,--,106,299768,买盘
2211,11:04:11,28.28,--,18,50904,买盘
2212,11:04:08,28.28,--,20,56560,买盘
2213,11:04:05,28.28,--,3,8484,买盘
2214,11:03:56,28.28,--,29,82012,买盘
2215,11:03:50,28.28,0.05,12,33936,买盘
2216,11:03:44,28.23,-0.05,115,324645,卖盘
2217,11:03:38,28.28,--,20,56560,买盘
2218,11:03:35,28.28,0.02,20,56560,买盘
2219,11:03:32,28.26,--,2,5652,卖盘
2220,11:03:29,28.26,0.03,14,39564,买盘
2221,11:03:23,28.23,-0.03,2,5646,卖盘
2222,11:03:20,28.26,-0.02,5,14130,买盘
2223,11:03:14,28.28,0.06,30,84840,买盘
2224,11:03:11,28.22,-0.06,100,282200,卖盘
2225,11:03:08,28.28,0.01,95,268660,买盘
2226,11:03:05,28.27,--,3,8481,中性盘
2227,11:02:59,28.27,--,2,5654,卖盘
2228,11:02:56,28.27,--,2,5654,卖盘
2229,11:02:50,28.27,0.06,47,132869,买盘
2230,11:02:47,28.21,-0.01,55,155155,卖盘
2231,11:02:38,28.22,-0.04,21,59262,卖盘
2232,11:02:35,28.26,0.06,18,50868,买盘
2233,11:02:32,28.2,--,19,53580,卖盘
2234,11:02:26,28.2,-0.06,358,1009560,卖盘
2235,11:02:23,28.26,--,9,25434,卖盘
2236,11:02:20,28.26,--,44,124344,卖盘
2237,11:02:14,28.26,-0.01,41,115866,卖盘
2238,11:02:08,28.27,--,24,67848,买盘
2239,11:02:05,28.27,--,3,8481,买盘
2240,11:01:59,28.27,--,11,31097,买盘
2241,11:01:56,28.27,-0.01,10,28270,买盘
2242,11:01:53,28.28,0.02,43,121604,买盘
2243,11:01:50,28.26,--,3,8478,买盘
2244,11:01:47,28.26,--,3,8478,买盘
2245,11:01:44,28.26,--,52,146952,买盘
2246,11:01:41,28.26,-0.01,67,189342,卖盘
2247,11:01:38,28.27,--,16,45232,卖盘
2248,11:01:32,28.27,0.01,106,299662,买盘
2249,11:01:29,28.26,-0.01,3,8478,卖盘
2250,11:01:23,28.27,--,11,31097,买盘
2251,11:01:20,28.27,-0.01,5,14135,卖盘
2252,11:01:17,28.28,--,18,50904,买盘
2253,11:01:14,28.28,--,7,19796,买盘
2254,11:01:11,28.28,--,19,53732,卖盘
2255,11:01:08,28.28,-0.01,30,84840,卖盘
2256,11:01:05,28.29,--,3,8487,买盘
2257,11:01:02,28.29,-0.01,16,45264,买盘
2258,11:00:56,28.3,0.01,58,164140,买盘
2259,11:00:53,28.29,--,51,144279,卖盘
2260,11:00:50,28.29,--,30,84870,卖盘
2261,11:00:47,28.29,-0.01,9,25461,卖盘
2262,11:00:44,28.3,--,17,48110,买盘
2263,11:00:38,28.3,-0.02,20,56600,买盘
2264,11:00:35,28.32,--,5,14160,买盘
2265,11:00:32,28.32,0.02,25,70800,买盘
2266,11:00:29,28.3,-0.02,81,229230,卖盘
2267,11:00:26,28.32,--,3,8496,买盘
2268,11:00:20,28.32,0.02,3,8496,中性盘
2269,11:00:17,28.3,-0.03,25,70750,卖盘
2270,11:00:14,28.33,0.01,12,33996,买盘
2271,11:00:11,28.32,0.02,125,354000,中性盘
2272,11:00:07,28.3,-0.02,187,529210,卖盘
2273,11:00:04,28.32,--,118,334176,卖盘
2274,11:00:01,28.32,-0.01,5,14160,卖盘
2275,10:59:58,28.33,0.01,51,144483,买盘
2276,10:59:55,28.32,--,21,59472,卖盘
2277,10:59:52,28.32,--,10,28320,卖盘
2278,10:59:43,28.32,0.01,30,84960,买盘
2279,10:59:40,28.31,--,10,28310,买盘
2280,10:59:37,28.31,--,22,62282,买盘
2281,10:59:34,28.31,0.01,6,16986,买盘
2282,10:59:28,28.3,-0.01,45,127350,卖盘
2283,10:59:25,28.31,-0.01,74,209494,卖盘
2284,10:59:19,28.32,--,76,215232,买盘
2285,10:59:16,28.32,0.01,7,19824,买盘
2286,10:59:10,28.31,-0.01,24,67944,卖盘
2287,10:59:04,28.32,-0.03,44,126307,卖盘
2288,10:59:01,28.35,0.02,15,42525,买盘
2289,10:58:58,28.33,0.01,38,107654,中性盘
2290,10:58:55,28.32,-0.02,47,134236,卖盘
2291,10:58:52,28.34,-0.01,5,14170,卖盘
2292,10:58:49,28.35,--,49,140616,卖盘
2293,10:58:46,28.35,--,105,297675,卖盘
2294,10:58:40,28.35,-0.03,20,56700,卖盘
2295,10:58:37,28.38,--,51,145873,买盘
2296,10:58:34,28.38,--,47,133386,卖盘
2297,10:58:31,28.38,0.03,52,147576,买盘
2298,10:58:25,28.35,--,31,87885,卖盘
2299,10:58:22,28.35,-0.02,20,56700,卖盘
2300,10:58:19,28.37,0.02,1,2837,买盘
2301,10:58:16,28.35,-0.03,24,68040,卖盘
2302,10:58:13,28.38,0.03,1,2838,买盘
2303,10:58:10,28.35,-0.02,23,65205,卖盘
2304,10:58:04,28.37,--,11,31207,卖盘
2305,10:58:01,28.37,0.02,34,96458,买盘
2306,10:57:58,28.35,--,18,51030,卖盘
2307,10:57:55,28.35,-0.02,6,17010,卖盘
2308,10:57:52,28.37,0.03,78,221286,买盘
2309,10:57:49,28.34,0.01,50,141700,中性盘
2310,10:57:43,28.33,-0.01,21,59493,卖盘
2311,10:57:40,28.34,0.01,12,34008,买盘
2312,10:57:37,28.33,0.03,7,19831,买盘
2313,10:57:34,28.3,-0.03,9,25470,卖盘
2314,10:57:31,28.33,0.03,3,8499,买盘
2315,10:57:28,28.3,-0.04,33,93390,卖盘
2316,10:57:25,28.34,0.04,44,124696,买盘
2317,10:57:19,28.3,--,36,101880,卖盘
2318,10:57:16,28.3,--,11,32375,卖盘
2319,10:57:13,28.3,0.01,2,5660,卖盘
2320,10:57:10,28.29,-0.01,268,758172,卖盘
2321,10:57:04,28.3,--,65,183950,买盘
2322,10:57:01,28.3,--,502,1420660,买盘
2323,10:56:55,28.3,0.01,228,645240,买盘
2324,10:56:49,28.29,-0.01,19,53751,卖盘
2325,10:56:46,28.3,--,5,14150,买盘
2326,10:56:43,28.3,0.01,47,133010,买盘
2327,10:56:37,28.29,-0.01,189,534681,卖盘
2328,10:56:34,28.3,--,27,76410,买盘
2329,10:56:31,28.3,0.01,5,14150,买盘
2330,10:56:28,28.29,-0.01,30,84870,卖盘
2331,10:56:25,28.3,--,67,189610,买盘
2332,10:56:22,28.3,--,150,424500,买盘
2333,10:56:19,28.3,--,14,39620,买盘
2334,10:56:16,28.3,--,23,65090,买盘
2335,10:56:13,28.3,--,21,59430,买盘
2336,10:56:10,28.3,--,10,28300,买盘
2337,10:56:07,28.3,--,74,209420,买盘
2338,10:56:04,28.3,-0.03,116,329864,卖盘
2339,10:56:01,28.33,0.01,145,410785,买盘
2340,10:55:58,28.32,0.02,12,33984,买盘
2341,10:55:55,28.3,-0.02,703,1989490,卖盘
2342,10:55:52,28.32,0.02,331,937392,买盘
2343,10:55:49,28.3,--,381,1078230,卖盘
2344,10:55:43,28.3,-0.01,1041,2947162,卖盘
2345,10:55:37,28.31,--,418,1183358,卖盘
2346,10:55:34,28.31,--,139,393509,卖盘
2347,10:55:31,28.31,--,47,133057,卖盘
2348,10:55:28,28.31,-0.02,50,141550,卖盘
2349,10:55:25,28.33,--,48,135984,买盘
2350,10:55:22,28.33,--,33,93489,买盘
2351,10:55:19,28.33,--,52,147316,买盘
2352,10:55:16,28.33,--,48,135984,买盘
2353,10:55:13,28.33,--,42,118986,买盘
2354,10:55:10,28.33,-0.02,89,252136,卖盘
2355,10:55:07,28.35,0.02,48,136080,买盘
2356,10:55:04,28.33,-0.02,52,147316,卖盘
2357,10:55:01,28.35,0.02,118,334530,买盘
2358,10:54:58,28.33,-0.01,121,342793,卖盘
2359,10:54:55,28.34,0.03,4,11336,卖盘
2360,10:54:52,28.31,-0.02,501,1418331,卖盘
2361,10:54:49,28.33,0.03,245,694085,买盘
2362,10:54:46,28.3,-0.01,13,36790,卖盘
2363,10:54:43,28.31,--,5,14155,中性盘
2364,10:54:40,28.31,-0.03,2,5662,卖盘
2365,10:54:34,28.34,--,112,317408,卖盘
2366,10:54:31,28.34,0.04,1407,3987438,买盘
2367,10:54:25,28.3,--,267,755610,买盘
2368,10:54:22,28.3,--,390,1103700,买盘
2369,10:54:19,28.3,--,55,155650,买盘
2370,10:54:16,28.3,--,14,39620,买盘
2371,10:54:13,28.3,-0.08,234,662220,卖盘
2372,10:54:10,28.38,0.03,325,922350,买盘
2373,10:54:07,28.35,--,71,201285,买盘
2374,10:54:04,28.35,--,8,22680,卖盘
2375,10:54:01,28.35,-0.03,26,73710,卖盘
2376,10:53:58,28.38,--,4,11352,买盘
2377,10:53:55,28.38,-0.02,40,113520,卖盘
2378,10:53:52,28.4,0.02,697,1979480,买盘
2379,10:53:49,28.38,-0.02,53,150414,卖盘
2380,10:53:46,28.4,--,104,295360,买盘
2381,10:53:43,28.4,--,50,142000,买盘
2382,10:53:40,28.4,-0.01,79,226064,卖盘
2383,10:53:37,28.41,-0.02,192,545472,卖盘
2384,10:53:34,28.43,0.02,54,153522,买盘
2385,10:53:31,28.41,-0.01,129,367625,卖盘
2386,10:53:25,28.42,-0.01,140,397880,中性盘
2387,10:53:22,28.43,-0.01,872,2479096,卖盘
2388,10:53:19,28.44,0.01,20,56880,买盘
2389,10:53:16,28.43,--,42,119406,卖盘
2390,10:53:13,28.43,-0.01,188,534484,买盘
2391,10:53:10,28.44,-0.01,82,233208,卖盘
2392,10:53:07,28.45,--,108,307260,买盘
2393,10:53:04,28.45,--,105,298725,买盘
2394,10:52:58,28.45,0.01,36,102420,买盘
2395,10:52:55,28.44,-0.01,116,329904,卖盘
2396,10:52:52,28.45,--,57,162165,买盘
2397,10:52:49,28.45,0.01,71,201995,买盘
2398,10:52:46,28.44,0.01,25,71100,买盘
2399,10:52:43,28.43,-0.02,53,150679,卖盘
2400,10:52:40,28.45,0.01,163,463735,买盘
2401,10:52:37,28.44,0.01,458,1302552,买盘
2402,10:52:34,28.43,--,28,79604,买盘
2403,10:52:31,28.43,--,105,298515,卖盘
2404,10:52:28,28.43,-0.01,31,88133,卖盘
2405,10:52:25,28.44,0.01,167,474948,买盘
2406,10:52:22,28.43,--,163,463409,卖盘
2407,10:52:16,28.43,--,92,261556,卖盘
2408,10:52:13,28.43,0.02,62,176266,买盘
2409,10:52:10,28.41,-0.01,461,1309701,卖盘
2410,10:52:07,28.42,-0.01,35,99470,卖盘
2411,10:52:04,28.43,0.03,540,1535220,买盘
2412,10:52:01,28.4,-0.01,45,127800,卖盘
2413,10:51:58,28.41,-0.01,6,17046,买盘
2414,10:51:55,28.42,--,145,412090,买盘
2415,10:51:52,28.42,--,71,201782,买盘
2416,10:51:49,28.42,0.02,17,48314,买盘
2417,10:51:46,28.4,0.01,329,934956,买盘
2418,10:51:40,28.39,--,109,309451,卖盘
2419,10:51:37,28.39,-0.01,162,459918,卖盘
2420,10:51:31,28.4,--,313,888920,买盘
2421,10:51:28,28.4,0.01,176,499840,买盘
2422,10:51:25,28.39,-0.01,188,533732,卖盘
2423,10:51:22,28.4,--,65,184600,买盘
2424,10:51:19,28.4,0.02,209,593560,买盘
2425,10:51:10,28.38,-0.01,195,553410,卖盘
2426,10:51:07,28.39,0.01,71,201569,买盘
2427,10:51:04,28.38,0.01,514,1458732,买盘
2428,10:51:01,28.37,--,55,156035,卖盘
2429,10:50:58,28.37,-0.01,191,541867,卖盘
2430,10:50:55,28.38,0.01,200,567600,买盘
2431,10:50:49,28.37,--,32,90784,卖盘
2432,10:50:46,28.37,0.02,1302,3693774,买盘
2433,10:50:43,28.35,--,14,39690,卖盘
2434,10:50:40,28.35,--,50,141750,卖盘
2435,10:50:37,28.35,--,56,158760,卖盘
2436,10:50:34,28.35,-0.01,3,8505,卖盘
2437,10:50:31,28.36,0.03,170,482120,买盘
2438,10:50:28,28.33,-0.02,5,14165,中性盘
2439,10:50:25,28.35,--,49,138915,买盘
2440,10:50:22,28.35,--,99,280665,买盘
2441,10:50:19,28.35,0.04,569,1613115,买盘
2442,10:50:13,28.31,-0.03,38,107578,卖盘
2443,10:50:10,28.34,0.01,2,5668,买盘
2444,10:50:07,28.33,--,2,5666,卖盘
2445,10:50:04,28.33,0.02,388,1099317,买盘
2446,10:49:58,28.31,0.01,6,16986,卖盘
2447,10:49:55,28.3,-0.03,100,283000,卖盘
2448,10:49:52,28.33,0.02,246,696918,买盘
2449,10:49:46,28.31,--,29,83797,卖盘
2450,10:49:43,28.31,-0.01,1,2831,卖盘
2451,10:49:40,28.32,0.02,55,156892,买盘
2452,10:49:37,28.3,-0.01,6,16980,卖盘
2453,10:49:34,28.31,0.01,32,90592,买盘
2454,10:49:31,28.3,--,12,33960,买盘
2455,10:49:28,28.3,0.02,24,67920,买盘
2456,10:49:25,28.28,-0.03,17,48076,卖盘
2457,10:49:22,28.31,0.01,120,339720,买盘
2458,10:49:19,28.3,0.02,50,141500,买盘
2459,10:49:13,28.28,-0.04,76,216624,卖盘
2460,10:49:10,28.32,--,33,93456,买盘
2461,10:49:07,28.32,0.02,22,62304,买盘
2462,10:49:04,28.3,-0.02,29,82070,卖盘
2463,10:49:01,28.32,0.02,152,430464,买盘
2464,10:48:58,28.3,-0.02,79,223570,卖盘
2465,10:48:52,28.32,--,467,1322544,卖盘
2466,10:48:46,28.32,-0.01,57,161424,卖盘
2467,10:48:43,28.33,0.01,24,67992,中性盘
2468,10:48:40,28.32,-0.01,138,390816,卖盘
2469,10:48:37,28.33,--,221,626093,买盘
2470,10:48:34,28.33,--,35,100288,买盘
2471,10:48:28,28.33,0.01,53,150149,卖盘
2472,10:48:25,28.32,-0.02,62,175584,卖盘
2473,10:48:19,28.34,0.02,22,62348,买盘
2474,10:48:13,28.32,--,35,99120,卖盘
2475,10:48:10,28.32,--,192,543744,买盘
2476,10:48:07,28.32,--,63,178416,买盘
2477,10:48:04,28.32,0.02,133,376656,买盘
2478,10:48:01,28.3,-0.01,11,31130,卖盘
2479,10:47:58,28.31,--,3,8493,卖盘
2480,10:47:52,28.31,0.01,114,322847,买盘
2481,10:47:46,28.3,--,101,285830,买盘
2482,10:47:40,28.3,--,163,461290,买盘
2483,10:47:37,28.3,0.02,20,56600,买盘
2484,10:47:31,28.28,-0.02,119,336532,卖盘
2485,10:47:28,28.3,--,9,25470,买盘
2486,10:47:25,28.3,--,61,172630,买盘
2487,10:47:22,28.3,--,88,249040,买盘
2488,10:47:19,28.3,0.01,12,33960,买盘
2489,10:47:16,28.29,-0.01,11,31119,卖盘
2490,10:47:13,28.3,0.01,42,118860,买盘
2491,10:47:10,28.29,-0.01,12,33948,中性盘
2492,10:47:07,28.3,0.02,109,308470,买盘
2493,10:47:04,28.28,-0.01,125,353500,卖盘
2494,10:46:58,28.29,--,11,31119,卖盘
2495,10:46:55,28.29,-0.01,11,31119,中性盘
2496,10:46:52,28.3,0.02,300,849000,买盘
2497,10:46:49,28.28,-0.01,71,200788,卖盘
2498,10:46:46,28.29,--,18,50922,买盘
2499,10:46:43,28.29,-0.01,5,14145,中性盘
2500,10:46:40,28.3,--,1,2830,买盘
2501,10:46:34,28.3,--,126,356580,买盘
2502,10:46:28,28.3,0.02,34,96220,买盘
2503,10:46:25,28.28,-0.02,6,16968,卖盘
2504,10:46:22,28.3,--,126,356580,买盘
2505,10:46:16,28.3,0.02,13,36790,买盘
2506,10:46:13,28.28,-0.02,114,322392,卖盘
2507,10:46:10,28.3,--,15,42450,买盘
2508,10:46:07,28.3,0.02,33,93390,买盘
2509,10:46:04,28.28,-0.02,13,36764,卖盘
2510,10:46:01,28.3,-0.01,846,2396896,卖盘
2511,10:45:58,28.31,-0.01,192,543552,卖盘
2512,10:45:55,28.32,--,51,144432,卖盘
2513,10:45:52,28.32,0.01,371,1050672,买盘
2514,10:45:49,28.31,--,12,33972,卖盘
2515,10:45:46,28.31,-0.01,20,56620,卖盘
2516,10:45:40,28.32,0.01,2,5664,买盘
2517,10:45:37,28.31,-0.01,24,67944,卖盘
2518,10:45:34,28.32,0.01,21,59472,买盘
2519,10:45:31,28.31,0.01,5,14155,中性盘
2520,10:45:28,28.3,-0.03,1,2830,卖盘
2521,10:45:22,28.33,0.01,104,294632,买盘
2522,10:45:19,28.32,0.02,4,11328,中性盘
2523,10:45:13,28.3,-0.04,600,1698000,卖盘
2524,10:45:10,28.34,0.02,55,155870,买盘
2525,10:45:07,28.32,--,409,1158288,买盘
2526,10:44:58,28.32,--,62,175584,买盘
2527,10:44:55,28.32,-0.02,209,592652,卖盘
2528,10:44:52,28.34,0.01,4,11336,买盘
2529,10:44:46,28.33,-0.02,15,42495,买盘
2530,10:44:43,28.35,0.01,6,17010,买盘
2531,10:44:40,28.34,--,5,14170,买盘
2532,10:44:37,28.34,0.01,89,252226,中性盘
2533,10:44:34,28.33,-0.02,257,728081,卖盘
2534,10:44:31,28.35,--,132,374220,卖盘
2535,10:44:28,28.35,0.02,250,708750,买盘
2536,10:44:25,28.33,-0.02,40,113320,卖盘
2537,10:44:22,28.35,0.01,37,104895,买盘
2538,10:44:19,28.34,--,1,2834,卖盘
2539,10:44:13,28.34,--,104,294736,卖盘
2540,10:44:10,28.34,-0.01,26,73684,卖盘
2541,10:44:07,28.35,0.01,20,56700,买盘
2542,10:44:04,28.34,--,10,28340,卖盘
2543,10:44:01,28.34,--,46,130364,卖盘
2544,10:43:58,28.34,-0.01,59,167206,卖盘
2545,10:43:55,28.35,0.01,13,36855,买盘
2546,10:43:52,28.34,--,95,269230,卖盘
2547,10:43:49,28.34,--,1,2834,卖盘
2548,10:43:46,28.34,--,27,76518,卖盘
2549,10:43:43,28.34,--,10,28340,卖盘
2550,10:43:40,28.34,--,17,48178,卖盘
2551,10:43:37,28.34,--,54,153036,卖盘
2552,10:43:34,28.34,--,10,28340,卖盘
2553,10:43:31,28.34,--,9,25506,卖盘
2554,10:43:28,28.34,--,12,36076,买盘
2555,10:43:25,28.34,-0.01,56,158704,中性盘
2556,10:43:22,28.35,0.01,135,382725,买盘
2557,10:43:19,28.34,--,56,158704,卖盘
2558,10:43:16,28.34,-0.01,3,8502,卖盘
2559,10:43:13,28.35,--,9,25515,买盘
2560,10:43:10,28.35,--,86,243810,买盘
2561,10:43:04,28.35,--,30,85050,买盘
2562,10:43:01,28.35,--,10,28350,买盘
2563,10:42:58,28.35,--,28,79380,买盘
2564,10:42:52,28.35,-0.01,52,147420,卖盘
2565,10:42:49,28.36,0.03,11,31196,买盘
2566,10:42:46,28.33,-0.01,23,65158,卖盘
2567,10:42:43,28.34,--,4,11336,卖盘
2568,10:42:40,28.34,--,5,14170,卖盘
2569,10:42:37,28.34,0.01,1,2834,买盘
2570,10:42:31,28.33,0.01,3,9150,买盘
2571,10:42:28,28.32,-0.01,9,25488,卖盘
2572,10:42:25,28.33,-0.01,6,16998,卖盘
2573,10:42:22,28.34,0.01,42,119028,买盘
2574,10:42:19,28.33,0.01,45,127484,买盘
2575,10:42:13,28.32,-0.01,85,240720,卖盘
2576,10:42:07,28.33,-0.04,330,937071,卖盘
2577,10:42:04,28.37,--,29,82273,卖盘
2578,10:41:58,28.37,0.02,905,2568137,买盘
2579,10:41:55,28.35,--,22,62370,买盘
2580,10:41:52,28.35,--,27,76545,买盘
2581,10:41:49,28.35,--,182,517954,卖盘
2582,10:41:46,28.35,--,0,850,买盘
2583,10:41:43,28.35,0.03,198,561330,买盘
2584,10:41:37,28.32,-0.03,10,28320,中性盘
2585,10:41:31,28.35,0.04,1069,3030615,买盘
2586,10:41:28,28.31,-0.03,106,300086,卖盘
2587,10:41:25,28.34,--,103,291902,买盘
2588,10:41:22,28.34,0.03,82,232388,买盘
2589,10:41:16,28.31,-0.02,5,14155,卖盘
2590,10:41:13,28.33,0.02,300,849900,买盘
2591,10:41:10,28.31,0.01,7,19817,卖盘
2592,10:41:07,28.3,--,14,39620,卖盘
2593,10:41:04,28.3,--,91,257530,卖盘
2594,10:41:01,28.3,--,216,611280,卖盘
2595,10:40:58,28.3,--,246,696293,买盘
2596,10:40:55,28.3,--,338,956540,买盘
2597,10:40:49,28.3,--,639,1808370,买盘
2598,10:40:46,28.3,--,58,164140,买盘
2599,10:40:43,28.3,0.02,500,1415000,买盘
2600,10:40:39,28.28,-0.02,652,1843856,卖盘
2601,10:40:36,28.3,0.02,445,1259350,买盘
2602,10:40:33,28.28,--,32,90496,卖盘
2603,10:40:27,28.28,--,35,98980,买盘
2604,10:40:24,28.28,--,21,59388,买盘
2605,10:40:21,28.28,--,126,356328,买盘
2606,10:40:18,28.28,--,34,96152,买盘
2607,10:40:15,28.28,0.01,10,28280,买盘
2608,10:40:12,28.27,-0.01,7,19789,卖盘
2609,10:40:09,28.28,--,126,356328,买盘
2610,10:40:06,28.28,0.01,30,84840,买盘
2611,10:40:03,28.27,--,27,76329,卖盘
2612,10:39:57,28.27,--,12,33924,卖盘
2613,10:39:54,28.27,--,262,740674,买盘
2614,10:39:48,28.27,0.01,143,404261,买盘
2615,10:39:42,28.26,0.01,8,22608,买盘
2616,10:39:36,28.25,-0.01,22,62150,卖盘
2617,10:39:33,28.26,0.01,10,28260,买盘
2618,10:39:30,28.25,--,165,466125,买盘
2619,10:39:27,28.25,0.01,32,90400,买盘
2620,10:39:24,28.24,--,3,8472,卖盘
2621,10:39:21,28.24,--,18,50832,买盘
2622,10:39:18,28.24,--,9,25416,买盘
2623,10:39:15,28.24,--,1,2824,买盘
2624,10:39:12,28.24,--,13,36712,买盘
2625,10:39:09,28.24,--,43,121432,买盘
2626,10:39:06,28.24,0.01,16,45184,买盘
2627,10:39:03,28.23,--,16,45168,卖盘
2628,10:39:00,28.23,0.01,46,129858,买盘
2629,10:38:57,28.22,-0.01,1,2822,中性盘
2630,10:38:54,28.23,0.01,64,180672,买盘
2631,10:38:51,28.22,--,21,59262,买盘
2632,10:38:48,28.22,--,45,126990,卖盘
2633,10:38:45,28.22,--,2,5644,卖盘
2634,10:38:36,28.22,0.01,49,138278,买盘
2635,10:38:27,28.21,-0.01,1,2821,卖盘
2636,10:38:21,28.22,--,3,8466,买盘
2637,10:38:18,28.22,--,1,2822,买盘
2638,10:38:12,28.22,-0.02,44,124168,卖盘
2639,10:38:09,28.24,0.04,54,152496,买盘
2640,10:38:03,28.2,--,5,14100,卖盘
2641,10:37:57,28.2,-0.04,1,2820,中性盘
2642,10:37:54,28.24,0.02,238,672112,买盘
2643,10:37:48,28.22,--,35,98770,卖盘
2644,10:37:42,28.22,--,1,2822,卖盘
2645,10:37:39,28.22,--,95,268090,买盘
2646,10:37:36,28.22,--,20,56440,买盘
2647,10:37:27,28.22,0.02,1,2822,买盘
2648,10:37:24,28.2,0.02,10,28200,买盘
2649,10:37:18,28.18,--,104,293072,卖盘
2650,10:37:12,28.18,-0.01,114,321252,卖盘
2651,10:37:09,28.19,-0.01,52,146588,中性盘
2652,10:37:06,28.2,--,23,64860,买盘
2653,10:36:57,28.2,--,29,81780,买盘
2654,10:36:54,28.2,--,2,5640,买盘
2655,10:36:51,28.2,--,5,14100,买盘
2656,10:36:42,28.2,-0.03,98,276360,卖盘
2657,10:36:39,28.23,--,20,56460,卖盘
2658,10:36:36,28.23,-0.01,27,76221,卖盘
2659,10:36:30,28.24,0.02,72,203328,买盘
2660,10:36:24,28.22,--,33,93126,卖盘
2661,10:36:18,28.22,-0.02,16,45152,卖盘
2662,10:36:15,28.24,0.02,37,104488,买盘
2663,10:36:09,28.22,-0.02,700,1975400,卖盘
2664,10:36:06,28.24,0.01,23,64952,买盘
2665,10:36:03,28.23,-0.01,2,5646,中性盘
2666,10:35:57,28.24,0.02,77,217448,买盘
2667,10:35:48,28.22,-0.01,90,253980,卖盘
2668,10:35:45,28.23,-0.01,7,19761,卖盘
2669,10:35:42,28.24,--,55,155320,买盘
2670,10:35:36,28.24,0.01,21,59304,买盘
2671,10:35:33,28.23,--,2,5646,卖盘
2672,10:35:27,28.23,-0.02,46,129858,卖盘
2673,10:35:24,28.25,--,5,14125,买盘
2674,10:35:21,28.25,0.01,4,11300,买盘
2675,10:35:18,28.24,--,133,375592,卖盘
2676,10:35:15,28.24,-0.01,6,16944,卖盘
2677,10:35:09,28.25,0.01,30,84750,买盘
2678,10:34:57,28.24,--,38,107312,卖盘
2679,10:34:51,28.24,0.01,122,344528,买盘
2680,10:34:45,28.23,--,48,135504,卖盘
2681,10:34:36,28.23,0.01,16,45168,买盘
2682,10:34:33,28.22,--,11,31042,卖盘
2683,10:34:27,28.22,-0.02,27,76194,卖盘
2684,10:34:24,28.24,0.02,5,14120,买盘
2685,10:34:21,28.22,--,2,5644,卖盘
2686,10:34:18,28.22,-0.02,50,141100,买盘
2687,10:34:12,28.24,0.01,228,643872,买盘
2688,10:34:06,28.23,0.03,20,56460,买盘
2689,10:34:00,28.2,-0.01,27,76140,卖盘
2690,10:33:51,28.21,-0.03,7,19747,卖盘
2691,10:33:45,28.24,-0.01,50,141200,中性盘
2692,10:33:42,28.25,0.05,81,228825,买盘
2693,10:33:36,28.2,--,21,59220,卖盘
2694,10:33:30,28.2,--,326,921632,买盘
2695,10:33:27,28.2,0.01,31,87420,买盘
2696,10:33:24,28.19,-0.01,10,28190,卖盘
2697,10:33:18,28.2,--,89,250980,买盘
2698,10:33:12,28.2,--,34,95880,买盘
2699,10:33:09,28.2,--,47,132540,买盘
2700,10:33:03,28.2,-0.05,705,1988607,卖盘
2701,10:33:00,28.25,--,3,8475,买盘
2702,10:32:57,28.25,--,5,14125,买盘
2703,10:32:54,28.25,0.01,10,28250,买盘
2704,10:32:51,28.24,-0.02,22,62128,卖盘
2705,10:32:48,28.26,0.01,50,141300,买盘
2706,10:32:42,28.25,--,17,48025,卖盘
2707,10:32:39,28.25,--,6,16950,卖盘
2708,10:32:36,28.25,-0.01,1,2825,卖盘
2709,10:32:33,28.26,--,4,11304,买盘
2710,10:32:30,28.26,0.01,8,22608,买盘
2711,10:32:24,28.25,-0.01,10,28250,中性盘
2712,10:32:15,28.26,-0.02,19,53694,卖盘
2713,10:32:06,28.28,--,23,65044,买盘
2714,10:32:03,28.28,0.04,117,330876,买盘
2715,10:32:00,28.24,-0.03,6,16944,卖盘
2716,10:31:57,28.27,--,77,217679,卖盘
2717,10:31:54,28.27,0.01,33,93291,买盘
2718,10:31:51,28.26,--,20,56520,买盘
2719,10:31:48,28.26,--,66,186516,买盘
2720,10:31:45,28.26,-0.01,50,141300,中性盘
2721,10:31:33,28.27,0.02,20,56540,买盘
2722,10:31:30,28.25,0.01,1,2825,卖盘
2723,10:31:27,28.24,-0.03,582,1644867,卖盘
2724,10:31:21,28.27,0.02,3,8481,中性盘
2725,10:31:12,28.25,-0.02,59,166675,卖盘
2726,10:31:09,28.27,0.02,39,110253,买盘
2727,10:31:06,28.25,--,24,68817,买盘
2728,10:31:00,28.25,-0.03,2,5650,中性盘
2729,10:30:57,28.28,0.03,360,1018080,买盘
2730,10:30:54,28.25,--,1,2825,买盘
2731,10:30:51,28.25,0.01,51,144075,中性盘
2732,10:30:48,28.24,-0.01,396,1118304,卖盘
2733,10:30:42,28.25,-0.01,2,5650,中性盘
2734,10:30:39,28.26,0.02,7,19782,买盘
2735,10:30:36,28.24,-0.01,31,87544,买盘
2736,10:30:30,28.25,--,99,281200,卖盘
2737,10:30:24,28.25,-0.01,152,429400,卖盘
2738,10:30:21,28.26,--,9,25434,卖盘
2739,10:30:18,28.26,--,206,582156,卖盘
2740,10:30:15,28.26,--,280,791308,买盘
2741,10:30:12,28.26,0.02,253,716249,买盘
2742,10:30:09,28.24,-0.01,139,394343,卖盘
2743,10:30:06,28.25,--,44,125317,买盘
2744,10:30:00,28.25,0.01,8,22600,买盘
2745,10:29:54,28.24,--,81,228744,卖盘
2746,10:29:51,28.24,--,182,513968,买盘
2747,10:29:48,28.24,--,1,2824,买盘
2748,10:29:45,28.24,--,46,129904,买盘
2749,10:29:42,28.24,--,5,14120,买盘
2750,10:29:39,28.24,-0.01,31,87544,卖盘
2751,10:29:36,28.25,--,20,56500,买盘
2752,10:29:30,28.25,0.01,87,245775,买盘
2753,10:29:27,28.24,0.01,13,36712,买盘
2754,10:29:24,28.23,--,58,163734,卖盘
2755,10:29:21,28.23,-0.01,43,121389,卖盘
2756,10:29:15,28.24,--,10,28240,买盘
2757,10:29:12,28.24,0.01,4,11296,买盘
2758,10:29:09,28.23,--,11,31053,卖盘
2759,10:29:06,28.23,0.01,27,76221,卖盘
2760,10:29:00,28.22,-0.01,11,32029,卖盘
2761,10:28:57,28.23,-0.01,3,8469,中性盘
2762,10:28:54,28.24,0.01,123,347352,买盘
