,time,price,change,volume,amount,type
0,15:00:23,25.17,0.02,874,2199858,卖盘
1,14:57:35,25.15,--,0,0,买盘
2,14:57:02,25.15,-0.03,2,5030,卖盘
3,14:56:59,25.18,-0.02,1,2518,中性盘
4,14:56:56,25.2,0.03,21,52920,买盘
5,14:56:53,25.17,-0.02,27,67959,卖盘
6,14:56:50,25.19,0.01,104,261976,中性盘
7,14:56:47,25.18,-0.02,33,83094,卖盘
8,14:56:44,25.2,0.01,81,204120,买盘
9,14:56:41,25.19,-0.01,133,335027,卖盘
10,14:56:35,25.2,--,13,32760,买盘
11,14:56:32,25.2,--,10,25200,买盘
12,14:56:29,25.2,0.01,31,78120,买盘
13,14:56:26,25.19,--,13,32747,卖盘
14,14:56:23,25.19,0.01,19,47861,中性盘
15,14:56:17,25.18,--,2,5036,卖盘
16,14:56:14,25.18,-0.01,86,216548,卖盘
17,14:56:11,25.19,--,31,78089,卖盘
18,14:56:08,25.19,0.01,12,30228,中性盘
19,14:56:05,25.18,-0.01,55,138490,卖盘
20,14:56:02,25.19,--,57,143583,卖盘
21,14:55:59,25.19,--,132,332508,卖盘
22,14:55:56,25.19,--,12,30228,卖盘
23,14:55:53,25.19,-0.01,107,269533,卖盘
24,14:55:50,25.2,0.01,8,20160,买盘
25,14:55:47,25.19,--,141,355179,卖盘
26,14:55:44,25.19,--,23,57937,卖盘
27,14:55:41,25.19,-0.01,16,40304,卖盘
28,14:55:38,25.2,0.01,2,5040,买盘
29,14:55:35,25.19,-0.01,3,7557,卖盘
30,14:55:32,25.2,0.01,67,168840,买盘
31,14:55:26,25.19,--,14,35266,卖盘
32,14:55:23,25.19,-0.01,61,153659,卖盘
33,14:55:17,25.2,--,4,10080,买盘
34,14:55:14,25.2,0.01,59,148680,买盘
35,14:55:11,25.19,--,5,12595,卖盘
36,14:55:08,25.19,-0.01,3,7557,卖盘
37,14:55:05,25.2,0.01,28,70560,买盘
38,14:55:02,25.19,--,57,143583,卖盘
39,14:54:59,25.19,--,2,5038,卖盘
40,14:54:56,25.19,-0.01,35,88165,卖盘
41,14:54:53,25.2,--,4,10080,买盘
42,14:54:47,25.2,--,32,80640,买盘
43,14:54:44,25.2,--,9,22680,买盘
44,14:54:41,25.2,--,3,7560,卖盘
45,14:54:38,25.2,--,30,75600,买盘
46,14:54:32,25.2,--,2,5040,买盘
47,14:54:29,25.2,0.01,26,65520,买盘
48,14:54:26,25.19,-0.01,12,30228,卖盘
49,14:54:23,25.2,--,4,10080,卖盘
50,14:54:17,25.2,-0.01,47,118440,卖盘
51,14:54:14,25.21,--,260,655460,买盘
52,14:54:08,25.21,0.01,7,17647,买盘
53,14:54:05,25.2,-0.01,11,27720,卖盘
54,14:54:02,25.21,-0.02,20,50420,中性盘
55,14:53:59,25.23,--,12,30276,买盘
56,14:53:56,25.23,0.03,16,40368,买盘
57,14:53:53,25.2,--,39,98280,卖盘
58,14:53:50,25.2,-0.02,179,451080,卖盘
59,14:53:47,25.22,-0.01,8,20176,中性盘
60,14:53:44,25.23,0.01,36,90828,买盘
61,14:53:41,25.22,--,25,63050,卖盘
62,14:53:38,25.22,-0.01,6,15132,卖盘
63,14:53:35,25.23,0.01,11,27753,买盘
64,14:53:32,25.22,-0.01,6,15132,中性盘
65,14:53:29,25.23,0.02,27,68121,买盘
66,14:53:23,25.21,-0.01,2,5042,卖盘
67,14:53:20,25.22,0.02,6,15132,买盘
68,14:53:17,25.2,-0.01,58,146160,卖盘
69,14:53:14,25.21,--,14,35294,买盘
70,14:53:08,25.21,-0.02,25,63025,买盘
71,14:53:05,25.23,0.03,5,12615,买盘
72,14:53:02,25.2,-0.03,8,20160,卖盘
73,14:52:59,25.23,-0.02,5,12615,中性盘
74,14:52:56,25.25,0.06,65,164125,买盘
75,14:52:53,25.19,-0.06,118,297242,卖盘
76,14:52:50,25.25,0.01,111,280275,买盘
77,14:52:44,25.24,0.01,2,5048,买盘
78,14:52:41,25.23,0.02,21,52983,买盘
79,14:52:38,25.21,0.01,134,337814,卖盘
80,14:52:32,25.2,-0.02,28,70560,卖盘
81,14:52:29,25.22,-0.01,110,277420,中性盘
82,14:52:23,25.23,0.01,66,166518,买盘
83,14:52:20,25.22,0.02,17,42874,卖盘
84,14:52:14,25.2,--,8,20160,买盘
85,14:52:11,25.2,-0.01,21,52920,买盘
86,14:52:08,25.21,0.01,26,65546,卖盘
87,14:52:02,25.2,-0.01,6,15120,卖盘
88,14:51:59,25.21,--,29,73109,卖盘
89,14:51:56,25.21,--,77,194117,买盘
90,14:51:53,25.21,0.01,53,133613,买盘
91,14:51:50,25.2,0.04,528,1330560,买盘
92,14:51:44,25.16,-0.03,8,20128,卖盘
93,14:51:41,25.19,0.03,149,375331,买盘
94,14:51:35,25.16,--,55,138380,买盘
95,14:51:32,25.16,-0.03,56,140896,中性盘
96,14:51:29,25.19,0.06,105,264495,买盘
97,14:51:23,25.13,-0.03,223,560399,卖盘
98,14:51:17,25.16,-0.02,65,163540,卖盘
99,14:51:14,25.18,0.02,110,276980,买盘
100,14:51:11,25.16,0.05,255,641580,买盘
101,14:51:08,25.11,-0.04,5,12555,卖盘
102,14:51:05,25.15,0.04,358,900370,买盘
103,14:51:02,25.11,--,6,15066,卖盘
104,14:50:53,25.11,--,15,37665,卖盘
105,14:50:50,25.11,--,58,145638,买盘
106,14:50:47,25.11,--,4,10044,买盘
107,14:50:44,25.11,0.01,30,75330,买盘
108,14:50:41,25.1,--,2,5020,卖盘
109,14:50:38,25.1,0.01,901,2262012,买盘
110,14:50:35,25.09,--,54,135486,卖盘
111,14:50:32,25.09,--,3,7527,卖盘
112,14:50:29,25.09,-0.01,34,85306,卖盘
113,14:50:26,25.1,--,25,62750,买盘
114,14:50:23,25.1,0.01,11,27610,买盘
115,14:50:20,25.09,-0.01,6,15054,卖盘
116,14:50:16,25.1,0.01,70,175700,买盘
117,14:50:13,25.09,--,10,25090,卖盘
118,14:50:07,25.09,--,31,77779,卖盘
119,14:50:04,25.09,--,66,165594,卖盘
120,14:50:01,25.09,--,9,22581,卖盘
121,14:49:58,25.09,--,31,77779,卖盘
122,14:49:55,25.09,--,4,10036,卖盘
123,14:49:52,25.09,-0.01,12,30108,卖盘
124,14:49:49,25.1,0.02,123,308730,买盘
125,14:49:40,25.08,-0.01,7,17556,卖盘
126,14:49:37,25.09,--,25,62725,买盘
127,14:49:34,25.09,--,123,308607,买盘
128,14:49:28,25.09,--,40,100360,买盘
129,14:49:25,25.09,--,119,298571,买盘
130,14:49:19,25.09,0.01,25,62725,买盘
131,14:49:13,25.08,0.01,10,25080,中性盘
132,14:49:10,25.07,-0.01,8,20056,卖盘
133,14:49:07,25.08,-0.01,6,15047,中性盘
134,14:49:04,25.09,0.02,111,278499,买盘
135,14:49:01,25.07,-0.01,49,122843,卖盘
136,14:48:58,25.08,--,59,147972,买盘
137,14:48:55,25.08,--,35,87780,买盘
138,14:48:49,25.08,0.01,23,57683,买盘
139,14:48:46,25.07,-0.01,4,10028,卖盘
140,14:48:43,25.08,0.01,1,2508,买盘
141,14:48:34,25.07,--,31,77717,卖盘
142,14:48:31,25.07,--,13,34521,卖盘
143,14:48:25,25.07,-0.01,60,150420,卖盘
144,14:48:22,25.08,0.01,1,2508,买盘
145,14:48:19,25.07,--,39,97773,卖盘
146,14:48:13,25.07,-0.01,25,62675,卖盘
147,14:48:10,25.08,0.01,101,253307,买盘
148,14:48:07,25.07,--,6,15042,卖盘
149,14:48:01,25.07,0.01,2,5014,中性盘
150,14:47:58,25.06,--,3,7518,卖盘
151,14:47:55,25.06,--,32,80192,卖盘
152,14:47:46,25.06,-0.01,57,142842,卖盘
153,14:47:43,25.07,0.01,50,125350,买盘
154,14:47:37,25.06,--,25,62650,卖盘
155,14:47:34,25.06,-0.01,1,2506,卖盘
156,14:47:28,25.07,0.01,48,120912,买盘
157,14:47:25,25.06,--,66,167325,卖盘
158,14:47:19,25.06,-0.01,10,25060,卖盘
159,14:47:16,25.07,0.01,106,265742,买盘
160,14:47:13,25.06,--,2,5012,卖盘
161,14:47:10,25.06,--,30,75180,卖盘
162,14:47:07,25.06,-0.01,29,72674,卖盘
163,14:47:01,25.07,0.01,9,22563,买盘
164,14:46:58,25.06,--,26,65156,卖盘
165,14:46:55,25.06,--,13,32578,卖盘
166,14:46:52,25.06,-0.01,2,5012,卖盘
167,14:46:49,25.07,--,30,75210,买盘
168,14:46:40,25.07,0.01,36,90252,买盘
169,14:46:37,25.06,--,29,72674,卖盘
170,14:46:31,25.06,--,2,5012,卖盘
171,14:46:25,25.06,0.01,29,73250,买盘
172,14:46:19,25.05,-0.01,1,2505,中性盘
173,14:46:10,25.06,0.01,23,57638,买盘
174,14:46:07,25.05,--,4,10521,卖盘
175,14:46:04,25.05,-0.01,24,62124,卖盘
176,14:45:58,25.06,--,2,6440,卖盘
177,14:45:55,25.06,--,20,51197,买盘
178,14:45:52,25.06,--,1,2506,买盘
179,14:45:49,25.06,0.01,4,10024,买盘
180,14:45:46,25.05,-0.01,6,15030,卖盘
181,14:45:43,25.06,--,55,137830,买盘
182,14:45:40,25.06,--,4,10024,买盘
183,14:45:37,25.06,0.01,33,82698,买盘
184,14:45:34,25.05,--,129,323145,卖盘
185,14:45:25,25.05,--,1,2505,卖盘
186,14:45:22,25.05,-0.01,12,30060,卖盘
187,14:45:19,25.06,0.01,51,127806,买盘
188,14:45:13,25.05,--,11,27555,卖盘
189,14:45:10,25.05,--,2,5010,卖盘
190,14:45:07,25.05,--,54,135270,卖盘
191,14:45:01,25.05,-0.01,2,5010,卖盘
192,14:44:58,25.06,0.01,26,65156,买盘
193,14:44:55,25.05,--,24,60120,卖盘
194,14:44:52,25.05,--,28,70140,卖盘
195,14:44:46,25.05,-0.01,1,2505,卖盘
196,14:44:43,25.06,0.02,3,7518,买盘
197,14:44:37,25.04,-0.01,93,232872,卖盘
198,14:44:34,25.05,--,23,57615,买盘
199,14:44:25,25.05,-0.01,57,142785,卖盘
200,14:44:22,25.06,0.02,66,165396,买盘
201,14:44:19,25.04,-0.01,10,25040,卖盘
202,14:44:16,25.05,--,23,57615,买盘
203,14:44:13,25.05,--,5,12525,买盘
204,14:44:04,25.05,--,41,102705,卖盘
205,14:44:01,25.05,--,10,25050,卖盘
206,14:43:58,25.05,-0.01,2,5010,卖盘
207,14:43:55,25.06,--,33,82698,买盘
208,14:43:52,25.06,0.01,49,122794,买盘
209,14:43:49,25.05,--,6,15030,中性盘
210,14:43:46,25.05,-0.01,43,107715,卖盘
211,14:43:43,25.06,0.01,81,202986,买盘
212,14:43:40,25.05,-0.01,72,180360,卖盘
213,14:43:37,25.06,0.01,33,82698,买盘
214,14:43:34,25.05,--,55,137775,卖盘
215,14:43:28,25.05,--,3,7515,卖盘
216,14:43:25,25.05,--,4,10020,卖盘
217,14:43:22,25.05,-0.01,3,7515,卖盘
218,14:43:19,25.06,0.01,26,65156,买盘
219,14:43:16,25.05,-0.01,5,12525,卖盘
220,14:43:13,25.06,0.01,38,95228,买盘
221,14:43:10,25.05,--,5,12525,卖盘
222,14:43:07,25.05,-0.01,4,10020,卖盘
223,14:43:04,25.06,0.01,21,52626,买盘
224,14:42:58,25.05,-0.01,16,40080,卖盘
225,14:42:52,25.06,0.01,3,7518,买盘
226,14:42:46,25.05,0.01,35,87675,买盘
227,14:42:40,25.04,--,2,5008,卖盘
228,14:42:37,25.04,-0.02,7,17528,中性盘
229,14:42:25,25.06,--,35,89288,买盘
230,14:42:19,25.06,0.01,23,57638,买盘
231,14:42:16,25.05,--,4,10020,卖盘
232,14:42:13,25.05,-0.01,29,72645,卖盘
233,14:42:10,25.06,0.01,32,80192,买盘
234,14:42:07,25.05,--,9,22545,卖盘
235,14:41:58,25.05,0.01,56,141206,买盘
236,14:41:55,25.04,-0.01,18,45072,卖盘
237,14:41:49,25.05,--,30,75150,买盘
238,14:41:43,25.05,-0.01,25,64203,卖盘
239,14:41:40,25.06,0.01,25,62650,买盘
240,14:41:37,25.05,--,5,12525,卖盘
241,14:41:34,25.05,--,30,75150,卖盘
242,14:41:25,25.05,-0.01,50,125250,卖盘
243,14:41:22,25.06,0.01,6,15963,买盘
244,14:41:19,25.05,-0.01,3,7515,卖盘
245,14:41:16,25.06,0.01,22,55132,买盘
246,14:41:10,25.05,-0.01,2,5010,卖盘
247,14:41:07,25.06,0.02,49,122794,买盘
248,14:41:01,25.04,-0.02,30,75120,卖盘
249,14:40:58,25.06,-0.01,27,67662,卖盘
250,14:40:55,25.07,0.02,211,528977,买盘
251,14:40:49,25.05,-0.01,170,425850,卖盘
252,14:40:46,25.06,--,6,15036,买盘
253,14:40:37,25.06,--,25,62650,买盘
254,14:40:31,25.06,--,35,87710,卖盘
255,14:40:25,25.06,--,34,85204,卖盘
256,14:40:22,25.06,-0.01,13,32578,卖盘
257,14:40:19,25.07,0.01,32,80224,买盘
258,14:40:10,25.06,0.02,23,57638,买盘
259,14:40:07,25.04,-0.02,4,10016,卖盘
260,14:40:04,25.06,0.01,5,12530,买盘
261,14:40:01,25.05,0.01,28,70140,买盘
262,14:39:58,25.04,--,102,255408,卖盘
263,14:39:49,25.04,--,2,5008,卖盘
264,14:39:46,25.04,--,6,15024,买盘
265,14:39:43,25.04,--,2,5008,买盘
266,14:39:37,25.04,--,23,57592,买盘
267,14:39:31,25.04,-0.02,16,40064,卖盘
268,14:39:28,25.06,0.01,25,62650,买盘
269,14:39:25,25.05,--,1,2505,买盘
270,14:39:22,25.05,--,8,20040,卖盘
271,14:39:19,25.05,--,178,445890,卖盘
272,14:39:10,25.05,-0.02,2,5010,卖盘
273,14:39:07,25.07,--,28,70196,买盘
274,14:39:04,25.07,0.01,54,135378,买盘
275,14:39:01,25.06,-0.01,45,112770,卖盘
276,14:38:52,25.07,--,27,67689,买盘
277,14:38:46,25.07,-0.01,2,5014,买盘
278,14:38:43,25.08,--,102,255815,买盘
279,14:38:40,25.08,0.01,115,288420,买盘
280,14:38:37,25.07,--,4,10028,卖盘
281,14:38:34,25.07,-0.01,196,491372,卖盘
282,14:38:31,25.08,0.01,4,10032,买盘
283,14:38:25,25.07,--,55,137885,卖盘
284,14:38:22,25.07,--,104,260728,卖盘
285,14:38:19,25.07,--,13,32591,卖盘
286,14:38:16,25.07,--,4,10028,卖盘
287,14:38:13,25.07,--,16,40112,买盘
288,14:38:10,25.07,0.01,15,37605,买盘
289,14:38:07,25.06,-0.01,6,15036,卖盘
290,14:38:04,25.07,--,23,57661,买盘
291,14:38:01,25.07,-0.01,1,2507,买盘
292,14:37:58,25.08,--,24,60191,买盘
293,14:37:55,25.08,0.01,20,50160,买盘
294,14:37:52,25.07,--,4,10028,卖盘
295,14:37:49,25.07,-0.01,12,30084,卖盘
296,14:37:46,25.08,0.02,11,27587,买盘
297,14:37:43,25.06,--,11,27566,卖盘
298,14:37:37,25.06,--,23,57638,卖盘
299,14:37:31,25.06,0.01,77,192962,买盘
300,14:37:25,25.05,--,10,25050,卖盘
301,14:37:16,25.05,--,35,87675,买盘
302,14:37:10,25.05,0.01,30,75150,买盘
303,14:37:07,25.04,0.01,35,87640,卖盘
304,14:37:01,25.03,-0.02,2,5006,卖盘
305,14:36:52,25.05,0.01,26,65130,买盘
306,14:36:49,25.04,--,7,17528,卖盘
307,14:36:43,25.04,-0.01,18,45072,买盘
308,14:36:37,25.05,0.01,112,280560,买盘
309,14:36:34,25.04,--,3,7512,卖盘
310,14:36:28,25.04,-0.01,5,12520,卖盘
311,14:36:25,25.05,0.01,44,110220,买盘
312,14:36:19,25.04,0.01,4,10016,中性盘
313,14:36:13,25.03,-0.02,6,15018,中性盘
314,14:36:01,25.05,0.01,5,12525,买盘
315,14:35:58,25.04,-0.01,31,77624,卖盘
316,14:35:49,25.05,-0.02,27,67635,卖盘
317,14:35:43,25.07,0.01,106,265742,买盘
318,14:35:37,25.06,-0.01,17,44656,卖盘
319,14:35:34,25.07,0.01,30,75210,买盘
320,14:35:31,25.06,--,49,123245,卖盘
321,14:35:28,25.06,--,1,2506,卖盘
322,14:35:25,25.06,-0.01,2,5012,卖盘
323,14:35:22,25.07,-0.01,28,70196,中性盘
324,14:35:16,25.08,0.01,59,147972,买盘
325,14:35:10,25.07,--,24,60168,卖盘
326,14:35:07,25.07,--,25,62675,卖盘
327,14:35:04,25.07,--,7,17549,卖盘
328,14:34:58,25.07,-0.01,4,10028,卖盘
329,14:34:55,25.08,0.01,24,60191,买盘
330,14:34:49,25.07,--,41,102787,卖盘
331,14:34:46,25.07,-0.01,16,40112,买盘
332,14:34:43,25.08,0.01,50,125399,买盘
333,14:34:40,25.07,0.01,27,67689,买盘
334,14:34:37,25.06,--,6,15036,卖盘
335,14:34:31,25.06,-0.02,28,70168,卖盘
336,14:34:25,25.08,0.02,9,22572,买盘
337,14:34:22,25.06,-0.02,15,37590,卖盘
338,14:34:19,25.08,--,47,117875,买盘
339,14:34:13,25.08,--,24,60191,买盘
340,14:34:10,25.08,0.01,6,15047,买盘
341,14:34:07,25.07,-0.01,14,35098,卖盘
342,14:34:04,25.08,--,24,60191,买盘
343,14:34:01,25.08,-0.01,92,230735,卖盘
344,14:33:58,25.09,0.01,9,22581,买盘
345,14:33:52,25.08,--,25,62699,买盘
346,14:33:43,25.08,--,28,70224,卖盘
347,14:33:40,25.08,-0.01,56,140448,卖盘
348,14:33:37,25.09,--,14,35126,卖盘
349,14:33:34,25.09,0.01,249,624741,买盘
350,14:33:31,25.08,0.01,5,12540,买盘
351,14:33:28,25.07,-0.01,41,102787,卖盘
352,14:33:25,25.08,0.01,17,42636,买盘
353,14:33:19,25.07,-0.01,24,60168,卖盘
354,14:33:13,25.08,0.01,8,20064,买盘
355,14:33:07,25.07,-0.01,55,137885,卖盘
356,14:33:01,25.08,0.01,66,165528,买盘
357,14:32:55,25.07,--,20,50140,买盘
358,14:32:49,25.07,0.01,27,67689,买盘
359,14:32:43,25.06,--,24,60144,卖盘
360,14:32:40,25.06,--,536,1343216,买盘
361,14:32:37,25.06,--,38,95228,买盘
362,14:32:34,25.06,0.01,18,45108,买盘
363,14:32:31,25.05,--,32,80160,卖盘
364,14:32:28,25.05,--,17,42585,卖盘
365,14:32:19,25.05,-0.01,9,22545,卖盘
366,14:32:16,25.06,0.01,236,591416,买盘
367,14:32:10,25.05,0.01,109,273045,买盘
368,14:32:07,25.04,--,23,57592,卖盘
369,14:32:01,25.04,0.01,15,37560,中性盘
370,14:31:58,25.03,--,260,650780,卖盘
371,14:31:52,25.03,--,28,70084,卖盘
372,14:31:49,25.03,--,58,145174,买盘
373,14:31:46,25.03,--,3,7509,买盘
374,14:31:40,25.03,--,56,140168,买盘
375,14:31:31,25.03,--,10,25030,买盘
376,14:31:28,25.03,0.01,24,60072,买盘
377,14:31:19,25.02,--,2,5004,卖盘
378,14:31:16,25.02,0.01,53,132606,买盘
379,14:31:13,25.01,-0.01,1,2501,卖盘
380,14:31:10,25.02,0.01,30,75060,买盘
381,14:31:07,25.01,--,5,12505,卖盘
382,14:31:04,25.01,0.01,25,62525,买盘
383,14:30:55,25.0,-0.01,1,2500,卖盘
384,14:30:52,25.01,0.01,8,20008,买盘
385,14:30:46,25.0,--,39,97500,买盘
386,14:30:40,25.0,--,7,17500,买盘
387,14:30:34,25.0,0.01,32,80000,买盘
388,14:30:31,24.99,--,21,52479,卖盘
389,14:30:25,24.99,--,52,129947,卖盘
390,14:30:19,24.99,--,28,69972,卖盘
391,14:30:16,24.99,0.01,54,134946,买盘
392,14:30:06,24.98,--,4,9992,卖盘
393,14:30:00,24.98,0.01,7,17486,买盘
394,14:29:54,24.97,-0.01,3,7491,卖盘
395,14:29:51,24.98,0.01,24,59952,买盘
396,14:29:48,24.97,-0.01,2,4994,卖盘
397,14:29:45,24.98,0.01,9,22482,买盘
398,14:29:42,24.97,--,39,97383,卖盘
399,14:29:36,24.97,--,15,37455,卖盘
400,14:29:30,24.97,--,57,142329,买盘
401,14:29:27,24.97,0.01,4,9988,买盘
402,14:29:24,24.96,--,6,14976,买盘
403,14:29:12,24.96,-0.01,28,69888,卖盘
404,14:29:09,24.97,--,2,4994,买盘
405,14:29:06,24.97,-0.01,4,9988,卖盘
406,14:29:03,24.98,0.01,26,64948,买盘
407,14:29:00,24.97,-0.01,8,19976,卖盘
408,14:28:57,24.98,0.01,26,64948,买盘
409,14:28:54,24.97,--,2,4994,卖盘
410,14:28:48,24.97,-0.01,6,14982,卖盘
411,14:28:45,24.98,0.01,35,87430,买盘
412,14:28:39,24.97,--,2,4994,卖盘
413,14:28:36,24.97,--,69,172293,买盘
414,14:28:30,24.97,--,25,62425,买盘
415,14:28:27,24.97,-0.01,13,32461,卖盘
416,14:28:21,24.98,--,3,7494,买盘
417,14:28:18,24.98,--,26,64948,买盘
418,14:28:12,24.98,-0.01,15,37470,卖盘
419,14:28:09,24.99,0.01,28,69972,买盘
420,14:28:06,24.98,-0.01,4,9992,卖盘
421,14:28:00,24.99,--,1,2499,买盘
422,14:27:51,24.99,0.01,22,54978,买盘
423,14:27:45,24.98,-0.01,76,191421,卖盘
424,14:27:42,24.99,--,72,180852,买盘
425,14:27:39,24.99,--,3,7496,买盘
426,14:27:36,24.99,--,1,2499,买盘
427,14:27:33,24.99,-0.02,72,181502,卖盘
428,14:27:30,25.01,0.01,2,5002,买盘
429,14:27:27,25.0,--,21,53425,买盘
430,14:27:24,25.0,--,2,5000,买盘
431,14:27:18,25.0,--,9,22500,买盘
432,14:27:15,25.0,--,38,96575,卖盘
433,14:27:12,25.0,-0.01,16,40925,中性盘
434,14:26:57,25.01,--,68,170068,卖盘
435,14:26:54,25.01,--,25,62525,卖盘
436,14:26:51,25.01,--,2,5002,卖盘
437,14:26:48,25.01,0.01,42,105042,买盘
438,14:26:45,25.0,--,5,12500,卖盘
439,14:26:42,25.0,-0.01,33,82500,卖盘
440,14:26:39,25.01,0.01,3,7503,买盘
441,14:26:36,25.0,--,4,10000,卖盘
442,14:26:33,25.0,0.01,7,17500,中性盘
443,14:26:21,24.99,--,27,67473,卖盘
444,14:26:18,24.99,--,2,4998,卖盘
445,14:26:15,24.99,--,16,39984,卖盘
446,14:26:12,24.99,0.01,1,2499,买盘
447,14:26:06,24.98,-0.01,23,57454,卖盘
448,14:26:03,24.99,-0.01,27,67473,卖盘
449,14:26:00,25.0,--,2,5000,卖盘
450,14:25:54,25.0,0.01,75,187500,买盘
451,14:25:51,24.99,--,4,9996,卖盘
452,14:25:45,24.99,--,16,39984,买盘
453,14:25:42,24.99,-0.01,4,9996,中性盘
454,14:25:36,25.0,--,24,60000,买盘
455,14:25:33,25.0,0.01,37,92500,买盘
456,14:25:30,24.99,-0.01,127,317373,卖盘
457,14:25:27,25.0,0.01,4,10000,买盘
458,14:25:21,24.99,--,30,74970,卖盘
459,14:25:18,24.99,--,2,4998,卖盘
460,14:25:15,24.99,-0.01,8,19992,卖盘
461,14:25:12,25.0,--,33,82500,买盘
462,14:25:09,25.0,0.01,3,7500,买盘
463,14:25:06,24.99,--,5,12495,卖盘
464,14:25:03,24.99,0.02,82,204918,买盘
465,14:24:57,24.97,-0.02,1,2497,卖盘
466,14:24:45,24.99,0.04,164,409836,买盘
467,14:24:42,24.95,--,8,19960,卖盘
468,14:24:36,24.95,-0.01,4,9980,卖盘
469,14:24:33,24.96,--,24,59904,买盘
470,14:24:24,24.96,--,73,182208,卖盘
471,14:24:18,24.96,--,8,19968,卖盘
472,14:24:15,24.96,--,8,19968,卖盘
473,14:24:09,24.96,0.01,68,169728,买盘
474,14:24:06,24.95,--,26,64870,卖盘
475,14:24:03,24.95,--,2,4990,卖盘
476,14:24:00,24.95,0.01,1,2495,买盘
477,14:23:51,24.94,--,54,134676,卖盘
478,14:23:45,24.94,--,8,19952,卖盘
479,14:23:42,24.94,0.01,61,153854,买盘
480,14:23:36,24.93,-0.01,32,79776,卖盘
481,14:23:33,24.94,--,25,62350,买盘
482,14:23:21,24.94,--,3,7482,买盘
483,14:23:18,24.94,0.03,87,216978,买盘
484,14:23:12,24.91,--,19,47329,卖盘
485,14:23:06,24.91,-0.01,28,69748,卖盘
486,14:22:54,24.92,--,24,59808,买盘
487,14:22:48,24.92,0.01,23,57316,买盘
488,14:22:45,24.91,--,10,24910,中性盘
489,14:22:39,24.91,--,47,117077,卖盘
490,14:22:33,24.91,-0.01,66,164406,卖盘
491,14:22:21,24.92,--,40,99680,买盘
492,14:22:18,24.92,--,30,74760,买盘
493,14:22:12,24.92,-0.01,63,156996,卖盘
494,14:22:06,24.93,--,1,2493,买盘
495,14:22:00,24.93,--,36,89748,卖盘
496,14:21:57,24.93,-0.01,5,12465,卖盘
497,14:21:51,24.94,--,22,54868,买盘
498,14:21:45,24.94,0.01,22,54868,买盘
499,14:21:36,24.93,-0.01,27,67311,卖盘
500,14:21:30,24.94,-0.01,114,284316,卖盘
501,14:21:27,24.95,--,23,57385,买盘
502,14:21:18,24.95,--,10,24950,买盘
503,14:21:12,24.95,--,3,7485,买盘
504,14:21:09,24.95,--,19,47405,买盘
505,14:21:06,24.95,0.03,24,59880,买盘
506,14:21:03,24.92,-0.03,2,4984,卖盘
507,14:20:57,24.95,--,61,152968,卖盘
508,14:20:54,24.95,-0.01,161,401695,卖盘
509,14:20:51,24.96,--,1,2496,买盘
510,14:20:48,24.96,--,25,62400,买盘
511,14:20:42,24.96,--,1,2496,买盘
512,14:20:39,24.96,--,119,298571,卖盘
513,14:20:36,24.96,-0.01,85,212160,卖盘
514,14:20:33,24.97,--,26,64922,买盘
515,14:20:24,24.97,--,1,2497,买盘
516,14:20:21,24.97,-0.02,27,67419,卖盘
517,14:20:18,24.99,0.01,1,2499,买盘
518,14:20:12,24.98,--,3,7494,买盘
519,14:20:09,24.98,0.01,24,59952,买盘
520,14:20:06,24.97,-0.01,5,12485,卖盘
521,14:20:03,24.98,0.01,22,54956,买盘
522,14:20:00,24.97,-0.01,12,29964,卖盘
523,14:19:57,24.98,0.01,22,54956,买盘
524,14:19:54,24.97,--,1,2497,卖盘
525,14:19:48,24.97,-0.01,10,24970,卖盘
526,14:19:45,24.98,--,91,227318,卖盘
527,14:19:42,24.98,0.01,12,29976,买盘
528,14:19:36,24.97,-0.01,54,134838,卖盘
529,14:19:33,24.98,--,25,62450,买盘
530,14:19:30,24.98,-0.01,55,137390,卖盘
531,14:19:27,24.99,--,6,14993,买盘
532,14:19:15,24.99,--,20,49980,买盘
533,14:19:12,24.99,0.03,24,59975,买盘
534,14:19:09,24.96,-0.03,86,214656,卖盘
535,14:19:03,24.99,0.01,7,17493,买盘
536,14:19:00,24.98,-0.01,34,84932,卖盘
537,14:18:51,24.99,0.01,3,7496,买盘
538,14:18:48,24.98,--,30,74940,买盘
539,14:18:45,24.98,--,2,4996,买盘
540,14:18:42,24.98,-0.01,32,79936,买盘
541,14:18:36,24.99,--,1,2499,卖盘
542,14:18:33,24.99,0.01,34,84966,中性盘
543,14:18:30,24.98,-0.02,25,62450,卖盘
544,14:18:27,25.0,0.01,301,752500,买盘
545,14:18:24,24.99,0.01,24,59975,买盘
546,14:18:15,24.98,0.01,13,32474,买盘
547,14:18:09,24.97,-0.01,4,9988,卖盘
548,14:18:06,24.98,--,118,294764,买盘
549,14:18:03,24.98,0.01,6,14988,买盘
550,14:17:48,24.97,--,27,67419,卖盘
551,14:17:39,24.97,0.01,32,79904,买盘
552,14:17:36,24.96,-0.01,6,14976,卖盘
553,14:17:30,24.97,-0.01,42,104874,中性盘
554,14:17:24,24.98,--,26,64948,买盘
555,14:17:18,24.98,0.02,15,37470,买盘
556,14:17:15,24.96,-0.02,88,219648,卖盘
557,14:17:06,24.98,-0.01,26,64948,卖盘
558,14:17:03,24.99,--,79,197421,买盘
559,14:17:00,24.99,0.01,29,72471,买盘
560,14:16:54,24.98,-0.01,10,24980,卖盘
561,14:16:45,24.99,--,26,64973,买盘
562,14:16:36,24.99,0.01,43,107457,买盘
563,14:16:30,24.98,--,7,17486,卖盘
564,14:16:27,24.98,-0.02,50,124900,卖盘
565,14:16:21,25.0,0.01,1,2500,买盘
566,14:16:18,24.99,0.01,1,2499,买盘
567,14:16:15,24.98,-0.02,50,124900,卖盘
568,14:16:12,25.0,0.01,120,300000,买盘
569,14:16:06,24.99,-0.01,2,4998,买盘
570,14:16:03,25.0,0.01,44,110000,买盘
571,14:16:00,24.99,-0.01,8,19992,卖盘
572,14:15:54,25.0,0.01,23,57500,买盘
573,14:15:48,24.99,-0.01,5,12495,卖盘
574,14:15:45,25.0,--,24,60000,买盘
575,14:15:42,25.0,--,2,5000,买盘
576,14:15:36,25.0,--,9,22500,买盘
577,14:15:33,25.0,--,25,62500,买盘
578,14:15:30,25.0,-0.01,50,125000,卖盘
579,14:15:27,25.01,--,8,20008,买盘
580,14:15:24,25.01,-0.02,50,125050,卖盘
581,14:15:18,25.03,0.01,18,45054,买盘
582,14:15:15,25.02,0.01,82,205164,买盘
583,14:15:12,25.01,--,19,47519,卖盘
584,14:15:09,25.01,0.01,5,12505,卖盘
585,14:15:06,25.0,-0.02,47,117500,卖盘
586,14:15:03,25.02,0.02,1,2502,买盘
587,14:15:00,25.0,-0.01,315,787500,卖盘
588,14:14:54,25.01,0.01,14,35014,中性盘
589,14:14:48,25.0,-0.02,20,50000,卖盘
590,14:14:45,25.02,0.03,127,317754,买盘
591,14:14:39,24.99,-0.02,4,9996,卖盘
592,14:14:30,25.01,0.01,25,62525,买盘
593,14:14:27,25.0,-0.01,8,20000,卖盘
594,14:14:24,25.01,--,5,12505,买盘
595,14:14:21,25.01,--,114,285114,买盘
596,14:14:18,25.01,0.01,17,42517,买盘
597,14:14:15,25.0,-0.01,10,25000,卖盘
598,14:14:12,25.01,-0.01,41,102541,卖盘
599,14:14:09,25.02,0.02,61,152622,买盘
600,14:14:06,25.0,-0.01,5,12500,卖盘
601,14:14:03,25.01,0.01,18,45018,买盘
602,14:14:00,25.0,-0.02,55,137500,卖盘
603,14:13:57,25.02,0.01,64,160128,买盘
604,14:13:54,25.01,--,3,7503,卖盘
605,14:13:51,25.01,--,20,50020,卖盘
606,14:13:48,25.01,-0.01,12,30012,卖盘
607,14:13:45,25.02,--,38,95076,买盘
608,14:13:39,25.02,0.01,52,130104,买盘
609,14:13:36,25.01,--,18,45018,卖盘
610,14:13:33,25.01,--,100,250100,卖盘
611,14:13:27,25.01,0.01,10,25010,买盘
612,14:13:21,25.0,--,13,32500,卖盘
613,14:13:18,25.0,-0.01,5,12500,卖盘
614,14:13:15,25.01,--,43,107543,买盘
615,14:13:12,25.01,0.01,21,52521,买盘
616,14:13:06,25.0,-0.01,6,15000,卖盘
617,14:13:03,25.01,0.01,19,47519,买盘
618,14:13:00,25.0,0.01,49,122525,中性盘
619,14:12:57,24.99,-0.01,501,1251999,卖盘
620,14:12:54,25.0,--,43,107500,买盘
621,14:12:51,25.0,0.01,30,75000,买盘
622,14:12:39,24.99,-0.01,4,9996,卖盘
623,14:12:36,25.0,--,4,10000,买盘
624,14:12:30,25.0,0.01,37,92500,买盘
625,14:12:27,24.99,0.01,15,37485,中性盘
626,14:12:21,24.98,-0.02,50,124900,卖盘
627,14:12:12,25.0,--,6,15000,买盘
628,14:12:06,25.0,--,70,175000,买盘
629,14:12:00,25.0,--,30,75000,买盘
630,14:11:57,25.0,--,13,32500,买盘
631,14:11:51,25.0,--,5,12500,买盘
632,14:11:45,25.0,0.01,15,37500,买盘
633,14:11:42,24.99,--,79,197421,买盘
634,14:11:39,24.99,--,43,107457,卖盘
635,14:11:36,24.99,-0.01,7,17493,卖盘
636,14:11:33,25.0,0.01,33,82500,买盘
637,14:11:30,24.99,-0.01,10,24990,卖盘
638,14:11:27,25.0,--,3,7500,买盘
639,14:11:24,25.0,0.01,29,72500,买盘
640,14:11:21,24.99,--,1,2499,卖盘
641,14:11:15,24.99,-0.01,6,14993,卖盘
642,14:11:12,25.0,0.01,45,112500,买盘
643,14:11:03,24.99,--,15,37485,买盘
644,14:10:53,24.99,--,50,124949,卖盘
645,14:10:47,24.99,--,76,189924,买盘
646,14:10:44,24.99,0.01,54,134946,买盘
647,14:10:38,24.98,--,6,14988,卖盘
648,14:10:35,24.98,0.02,116,289768,买盘
649,14:10:32,24.96,-0.01,42,105780,卖盘
650,14:10:26,24.97,0.01,3,7491,买盘
651,14:10:20,24.96,--,30,74880,卖盘
652,14:10:08,24.96,--,7,17472,买盘
653,14:10:05,24.96,0.01,4,9984,买盘
654,14:10:02,24.95,-0.01,25,62375,卖盘
655,14:09:53,24.96,0.01,79,197184,买盘
656,14:09:44,24.95,--,174,435851,买盘
657,14:09:41,24.95,0.01,26,64870,买盘
658,14:09:38,24.94,--,9,22446,卖盘
659,14:09:35,24.94,-0.01,17,42398,卖盘
660,14:09:32,24.95,--,25,62375,买盘
661,14:09:29,24.95,--,1,2495,买盘
662,14:09:26,24.95,0.01,1,2495,买盘
663,14:09:23,24.94,--,12,29928,买盘
664,14:09:17,24.94,0.02,3,7482,买盘
665,14:09:14,24.92,-0.02,5,12460,卖盘
666,14:09:11,24.94,--,42,104748,买盘
667,14:09:08,24.94,0.01,18,44892,买盘
668,14:09:05,24.93,--,23,57339,买盘
669,14:09:02,24.93,--,109,274180,买盘
670,14:08:59,24.93,0.02,25,62325,买盘
671,14:08:47,24.91,--,39,97149,卖盘
672,14:08:41,24.91,--,2,4982,卖盘
673,14:08:35,24.91,--,15,37365,卖盘
674,14:08:32,24.91,0.01,380,946580,买盘
675,14:08:29,24.9,--,51,126990,卖盘
676,14:08:26,24.9,--,4,9960,卖盘
677,14:08:23,24.9,-0.01,5,12450,卖盘
678,14:08:20,24.91,0.01,25,62275,买盘
679,14:08:17,24.9,--,1,2490,卖盘
680,14:08:11,24.9,-0.01,2,4980,卖盘
681,14:08:08,24.91,0.04,16,39856,买盘
682,14:08:05,24.87,-0.04,6,14922,中性盘
683,14:07:56,24.91,--,21,52311,买盘
684,14:07:53,24.91,0.01,3,7473,买盘
685,14:07:50,24.9,-0.01,68,169320,卖盘
686,14:07:47,24.91,--,26,64766,买盘
687,14:07:38,24.91,--,52,129532,买盘
688,14:07:35,24.91,-0.02,140,348740,卖盘
689,14:07:32,24.93,0.01,8,19944,买盘
690,14:07:26,24.92,0.01,15,37380,买盘
691,14:07:17,24.91,--,10,24910,卖盘
692,14:07:14,24.91,-0.01,1,2491,中性盘
693,14:07:11,24.92,0.01,5,12460,买盘
694,14:07:08,24.91,--,43,107113,买盘
695,14:07:05,24.91,-0.01,2,4982,卖盘
696,14:07:02,24.92,-0.01,25,62300,中性盘
697,14:06:59,24.93,--,18,44874,买盘
698,14:06:50,24.93,0.01,22,54846,买盘
699,14:06:47,24.92,-0.01,10,24920,卖盘
700,14:06:44,24.93,--,23,57339,买盘
701,14:06:38,24.93,0.01,13,32409,买盘
702,14:06:32,24.92,--,30,74760,卖盘
703,14:06:26,24.92,--,23,57316,卖盘
704,14:06:20,24.92,--,56,139552,买盘
705,14:06:17,24.92,--,143,356356,买盘
706,14:06:14,24.92,0.01,23,57316,买盘
707,14:06:08,24.91,-0.01,17,42347,卖盘
708,14:06:05,24.92,--,28,69776,买盘
709,14:06:02,24.92,--,1,2492,买盘
710,14:05:56,24.92,0.01,31,77252,买盘
711,14:05:53,24.91,--,8,19928,卖盘
712,14:05:47,24.91,--,10,24910,卖盘
713,14:05:44,24.91,0.01,10,24910,中性盘
714,14:05:38,24.9,--,27,67230,卖盘
715,14:05:29,24.9,--,229,570210,买盘
716,14:05:23,24.9,--,3,7470,买盘
717,14:05:20,24.9,-0.02,102,253980,卖盘
718,14:05:17,24.92,-0.01,14,34888,卖盘
719,14:05:11,24.93,--,24,59832,买盘
720,14:05:08,24.93,--,8,19944,卖盘
721,14:05:05,24.93,--,9,22437,卖盘
722,14:05:02,24.93,-0.02,10,24930,卖盘
723,14:04:56,24.95,0.01,40,99800,买盘
724,14:04:50,24.94,--,20,49880,买盘
725,14:04:47,24.94,--,34,85569,卖盘
726,14:04:41,24.94,--,2,4988,卖盘
727,14:04:38,24.94,0.01,60,149640,中性盘
728,14:04:26,24.93,-0.01,38,94734,卖盘
729,14:04:20,24.94,0.01,21,52374,买盘
730,14:04:08,24.93,0.01,37,93961,买盘
731,14:04:05,24.92,-0.01,7,17444,卖盘
732,14:04:02,24.93,0.01,3,7479,买盘
733,14:03:59,24.92,0.01,18,44856,买盘
734,14:03:47,24.91,--,45,112095,买盘
735,14:03:38,24.91,0.01,1,2491,买盘
736,14:03:35,24.9,-0.01,5,12450,卖盘
737,14:03:32,24.91,--,24,59784,买盘
738,14:03:29,24.91,-0.01,11,27401,卖盘
739,14:03:26,24.92,--,15,37380,买盘
740,14:03:23,24.92,--,15,37380,买盘
741,14:03:20,24.92,--,92,229264,买盘
742,14:03:17,24.92,0.01,25,62300,买盘
743,14:03:14,24.91,-0.01,10,24910,卖盘
744,14:03:11,24.92,--,5,12460,卖盘
745,14:03:05,24.92,-0.01,53,132076,卖盘
746,14:02:59,24.93,0.01,17,42381,买盘
747,14:02:56,24.92,0.01,7,17444,买盘
748,14:02:47,24.91,-0.01,10,24910,中性盘
749,14:02:38,24.92,0.04,3,7476,买盘
750,14:02:35,24.88,-0.05,4,9952,卖盘
751,14:02:32,24.93,--,3,7479,买盘
752,14:02:29,24.93,0.03,24,59832,买盘
753,14:02:26,24.9,-0.02,234,582660,卖盘
754,14:02:20,24.92,--,5,12460,卖盘
755,14:02:17,24.92,--,10,24920,卖盘
756,14:02:14,24.92,-0.01,2,4984,中性盘
757,14:02:08,24.93,0.01,9,22437,买盘
758,14:02:05,24.92,--,23,57316,买盘
759,14:02:02,24.92,-0.03,70,175212,卖盘
760,14:01:59,24.95,--,50,126471,买盘
761,14:01:53,24.95,0.01,23,57385,买盘
762,14:01:47,24.94,--,9,22446,卖盘
763,14:01:44,24.94,0.01,25,62350,买盘
764,14:01:35,24.93,--,37,92241,买盘
765,14:01:29,24.93,-0.01,52,129636,卖盘
766,14:01:23,24.94,--,1,2494,买盘
767,14:01:14,24.94,--,25,62350,买盘
768,14:01:08,24.94,--,8,19952,买盘
769,14:01:05,24.94,--,3,7482,买盘
770,14:01:02,24.94,--,57,142158,卖盘
771,14:00:59,24.94,--,35,87290,卖盘
772,14:00:53,24.94,-0.01,2,4988,卖盘
773,14:00:47,24.95,0.02,23,57385,买盘
774,14:00:38,24.93,--,5,12465,卖盘
775,14:00:35,24.93,-0.02,4,9972,卖盘
776,14:00:32,24.95,0.02,3,7485,买盘
777,14:00:26,24.93,--,16,39888,买盘
778,14:00:17,24.93,0.03,5,12465,买盘
779,14:00:14,24.9,-0.02,101,251490,卖盘
780,14:00:08,24.92,-0.01,37,92204,卖盘
781,14:00:05,24.93,--,19,47367,买盘
782,14:00:02,24.93,-0.01,22,54846,卖盘
783,13:59:59,24.94,--,35,87290,买盘
784,13:59:53,24.94,--,4,9976,买盘
785,13:59:50,24.94,--,22,54868,买盘
786,13:59:47,24.94,--,28,69832,卖盘
787,13:59:35,24.94,-0.01,6,14964,中性盘
788,13:59:29,24.95,0.03,22,54890,买盘
789,13:59:26,24.92,-0.02,78,194376,卖盘
790,13:59:23,24.94,-0.01,80,200293,卖盘
791,13:59:17,24.95,0.01,5,12475,买盘
792,13:59:14,24.94,--,29,74046,买盘
793,13:59:11,24.94,0.01,45,113003,买盘
794,13:59:08,24.93,--,12,29916,卖盘
795,13:59:05,24.93,--,26,64818,卖盘
796,13:59:02,24.93,--,1,2493,卖盘
797,13:58:53,24.93,--,39,98947,买盘
798,13:58:47,24.93,--,24,59832,买盘
799,13:58:41,24.93,--,2,4986,买盘
800,13:58:38,24.93,--,48,119664,买盘
801,13:58:32,24.93,--,1,2493,买盘
802,13:58:29,24.93,--,3,7479,买盘
803,13:58:23,24.93,--,25,62325,买盘
804,13:58:17,24.93,0.01,25,62325,买盘
805,13:58:05,24.92,--,4,9968,卖盘
806,13:58:02,24.92,0.02,28,69776,买盘
807,13:57:53,24.9,-0.02,34,84660,卖盘
808,13:57:47,24.92,0.01,3,7476,买盘
809,13:57:44,24.91,-0.01,8,19928,卖盘
810,13:57:41,24.92,--,45,112140,买盘
811,13:57:38,24.92,--,18,44856,买盘
812,13:57:32,24.92,--,25,62300,买盘
813,13:57:20,24.92,-0.01,9,22428,中性盘
814,13:57:14,24.93,0.02,41,102213,买盘
815,13:57:05,24.91,-0.02,29,73011,卖盘
816,13:57:02,24.93,0.01,27,67311,买盘
817,13:56:56,24.92,0.01,32,79744,买盘
818,13:56:53,24.91,-0.01,9,22419,卖盘
819,13:56:47,24.92,--,22,54824,买盘
820,13:56:41,24.92,--,64,159488,卖盘
821,13:56:35,24.92,-0.01,5,12460,卖盘
822,13:56:29,24.93,0.01,3,7479,买盘
823,13:56:23,24.92,0.01,11,27412,中性盘
824,13:56:14,24.91,0.01,11,27401,卖盘
825,13:56:11,24.9,-0.02,62,154380,卖盘
826,13:56:08,24.92,0.02,395,984340,买盘
827,13:56:05,24.9,--,7,17430,卖盘
828,13:56:02,24.9,-0.01,14,34860,卖盘
829,13:55:59,24.91,0.01,24,59784,买盘
830,13:55:53,24.9,--,14,34860,卖盘
831,13:55:47,24.9,--,11,29108,买盘
832,13:55:35,24.9,--,52,129479,买盘
833,13:55:32,24.9,-0.01,61,152661,卖盘
834,13:55:29,24.91,--,3,7473,买盘
835,13:55:26,24.91,--,26,64766,买盘
836,13:55:23,24.91,-0.01,34,84694,卖盘
837,13:55:11,24.92,0.02,34,84728,买盘
838,13:55:05,24.9,--,5,12450,卖盘
839,13:55:02,24.9,-0.02,4,9960,卖盘
840,13:54:59,24.92,--,14,34888,买盘
841,13:54:56,24.92,0.02,27,67284,买盘
842,13:54:50,24.9,-0.02,110,273900,卖盘
843,13:54:44,24.92,0.02,41,102172,买盘
844,13:54:35,24.9,-0.01,15,37350,卖盘
845,13:54:32,24.91,--,13,33628,买盘
846,13:54:23,24.91,--,31,77221,买盘
847,13:54:20,24.91,-0.01,15,38610,卖盘
848,13:54:17,24.92,--,10,24920,卖盘
849,13:54:14,24.92,--,9,23674,买盘
850,13:54:11,24.92,0.01,3,7476,买盘
851,13:54:08,24.91,--,23,57293,卖盘
852,13:54:05,24.91,0.01,10,24910,中性盘
853,13:53:56,24.9,--,30,74700,卖盘
854,13:53:47,24.9,0.02,399,993983,买盘
855,13:53:44,24.88,0.01,25,62200,买盘
856,13:53:41,24.87,0.01,33,82071,买盘
857,13:53:35,24.86,-0.01,5,12430,卖盘
858,13:53:32,24.87,--,10,24870,买盘
859,13:53:26,24.87,--,35,87045,买盘
860,13:53:20,24.87,--,53,131811,卖盘
861,13:53:17,24.87,--,1,2487,卖盘
862,13:53:14,24.87,-0.01,1,2487,中性盘
863,13:53:08,24.88,--,3,7464,买盘
864,13:53:05,24.88,--,25,62200,买盘
865,13:53:02,24.88,--,3,7464,买盘
866,13:52:59,24.88,--,4,9952,卖盘
867,13:52:56,24.88,--,9,22392,卖盘
868,13:52:50,24.88,0.01,39,97032,买盘
869,13:52:44,24.87,-0.01,1,2487,卖盘
870,13:52:41,24.88,0.01,23,57224,买盘
871,13:52:35,24.87,--,12,29844,买盘
872,13:52:32,24.87,--,22,54714,买盘
873,13:52:26,24.87,0.01,33,82071,买盘
874,13:52:17,24.86,--,33,82038,买盘
875,13:52:14,24.86,0.01,23,57178,买盘
876,13:52:08,24.85,--,4,9940,卖盘
877,13:52:02,24.85,-0.01,1,2485,卖盘
878,13:51:56,24.86,--,11,27346,买盘
879,13:51:53,24.86,--,11,27346,买盘
880,13:51:47,24.86,--,30,74580,买盘
881,13:51:38,24.86,0.02,8,19888,买盘
882,13:51:34,24.84,-0.01,5,12420,卖盘
883,13:51:28,24.85,--,5,12425,买盘
884,13:51:25,24.85,--,22,54670,买盘
885,13:51:16,24.85,--,75,186375,买盘
886,13:51:13,24.85,--,2,4970,买盘
887,13:51:04,24.85,--,18,44730,买盘
888,13:50:58,24.85,--,11,27335,卖盘
889,13:50:55,24.85,-0.01,11,27335,卖盘
890,13:50:49,24.86,0.03,56,139216,买盘
891,13:50:43,24.83,-0.03,51,126632,卖盘
892,13:50:40,24.86,0.01,5,12430,卖盘
893,13:50:34,24.85,--,5,12425,卖盘
894,13:50:31,24.85,--,73,182896,买盘
895,13:50:28,24.85,--,7,17395,买盘
896,13:50:25,24.85,0.02,13,32305,买盘
897,13:50:22,24.83,-0.02,10,24830,卖盘
898,13:50:19,24.85,--,3,7455,买盘
899,13:50:13,24.85,0.03,10,24850,买盘
900,13:50:07,24.82,--,3,7446,卖盘
901,13:50:04,24.82,--,6,14892,卖盘
902,13:50:01,24.82,--,10,24820,卖盘
903,13:49:58,24.82,--,5,12410,卖盘
904,13:49:55,24.82,--,10,24820,卖盘
905,13:49:52,24.82,--,24,59568,卖盘
906,13:49:49,24.82,0.02,26,64532,买盘
907,13:49:46,24.8,--,11,27280,卖盘
908,13:49:37,24.8,--,50,125190,买盘
909,13:49:31,24.8,--,3,7440,买盘
910,13:49:25,24.8,0.02,12,29760,买盘
911,13:49:22,24.78,--,14,34692,卖盘
912,13:49:19,24.78,--,10,24780,卖盘
913,13:49:16,24.78,0.01,9,22302,卖盘
914,13:49:10,24.77,-0.01,10,24770,卖盘
915,13:49:07,24.78,--,449,1112622,卖盘
916,13:49:04,24.78,--,22,54516,买盘
917,13:49:01,24.78,--,8,19824,买盘
918,13:48:58,24.78,0.01,30,74340,买盘
919,13:48:55,24.77,-0.01,10,24770,卖盘
920,13:48:52,24.78,--,14,34692,买盘
921,13:48:49,24.78,-0.01,2,4956,卖盘
922,13:48:46,24.79,0.01,32,79328,买盘
923,13:48:43,24.78,--,160,396480,卖盘
924,13:48:40,24.78,--,3,7434,卖盘
925,13:48:37,24.78,--,4,9912,卖盘
926,13:48:34,24.78,-0.01,2,4956,卖盘
927,13:48:31,24.79,--,7,17353,买盘
928,13:48:28,24.79,0.01,15,37185,买盘
929,13:48:25,24.78,-0.02,10,24780,卖盘
930,13:48:22,24.8,0.01,14,34720,买盘
931,13:48:16,24.79,--,31,76849,卖盘
932,13:48:13,24.79,-0.01,9,22311,卖盘
933,13:48:10,24.8,--,2,4960,买盘
934,13:48:07,24.8,--,23,57040,买盘
935,13:48:01,24.8,--,38,95876,卖盘
936,13:47:58,24.8,--,1,2480,卖盘
937,13:47:55,24.8,--,10,24800,卖盘
938,13:47:52,24.8,--,110,272800,卖盘
939,13:47:49,24.8,--,126,312480,卖盘
940,13:47:46,24.8,--,207,513360,卖盘
941,13:47:40,24.8,-0.02,3,7440,卖盘
942,13:47:37,24.82,--,182,451724,买盘
943,13:47:31,24.82,-0.01,3,7446,中性盘
944,13:47:28,24.83,0.03,204,506531,买盘
945,13:47:25,24.8,-0.02,27,66960,卖盘
946,13:47:19,24.82,0.01,39,96798,买盘
947,13:47:16,24.81,--,25,62025,卖盘
948,13:47:04,24.81,--,14,34734,卖盘
949,13:46:55,24.81,-0.01,10,24810,卖盘
950,13:46:52,24.82,--,37,91834,买盘
951,13:46:49,24.82,--,20,49640,卖盘
952,13:46:46,24.82,-0.01,25,62050,卖盘
953,13:46:37,24.83,--,18,44694,买盘
954,13:46:34,24.83,--,41,101803,卖盘
955,13:46:28,24.83,--,85,211055,卖盘
956,13:46:25,24.83,--,10,24830,卖盘
957,13:46:22,24.83,-0.01,152,377416,卖盘
958,13:46:19,24.84,--,23,57132,卖盘
959,13:46:16,24.84,--,1,2484,卖盘
960,13:46:13,24.84,-0.01,100,248400,卖盘
961,13:46:07,24.85,--,41,102879,卖盘
962,13:46:01,24.85,--,40,100891,卖盘
963,13:45:52,24.85,--,115,285775,卖盘
964,13:45:43,24.85,--,2,4970,卖盘
965,13:45:40,24.85,-0.01,8,19880,卖盘
966,13:45:37,24.86,0.01,5,12430,中性盘
967,13:45:34,24.85,-0.02,12,29820,卖盘
968,13:45:31,24.87,0.02,37,92019,中性盘
969,13:45:22,24.85,--,10,24850,卖盘
970,13:45:19,24.85,-0.02,20,49700,卖盘
971,13:45:16,24.87,-0.03,5,12435,卖盘
972,13:45:13,24.9,0.05,29,72210,买盘
973,13:45:07,24.85,--,22,54670,卖盘
974,13:44:52,24.85,--,33,82005,卖盘
975,13:44:49,24.85,-0.02,36,89460,卖盘
976,13:44:46,24.87,0.02,10,24870,买盘
977,13:44:34,24.85,-0.04,5,12425,卖盘
978,13:44:31,24.89,0.02,200,497800,买盘
979,13:44:28,24.87,0.02,1,2487,买盘
980,13:44:25,24.85,-0.02,10,24850,卖盘
981,13:44:16,24.87,-0.01,102,253674,卖盘
982,13:44:13,24.88,--,33,82104,买盘
983,13:44:10,24.88,0.01,1,2488,买盘
984,13:44:07,24.87,--,4,9948,卖盘
985,13:43:55,24.87,-0.01,11,27357,卖盘
986,13:43:52,24.88,-0.01,16,39808,卖盘
987,13:43:46,24.89,0.02,8,19912,买盘
988,13:43:34,24.87,--,11,27357,买盘
989,13:43:31,24.87,--,5,12435,买盘
990,13:43:28,24.87,0.01,3,7461,中性盘
991,13:43:22,24.86,-0.01,60,149160,卖盘
992,13:43:16,24.87,--,95,236265,卖盘
993,13:43:13,24.87,-0.01,1,2487,卖盘
994,13:43:10,24.88,0.01,3,7464,买盘
995,13:43:07,24.87,--,9,22383,卖盘
996,13:43:04,24.87,--,1,2487,卖盘
997,13:42:58,24.87,--,3,7461,卖盘
998,13:42:55,24.87,0.01,23,57201,买盘
999,13:42:52,24.86,--,12,29832,卖盘
1000,13:42:40,24.86,0.01,60,149160,买盘
1001,13:42:34,24.85,--,35,86975,卖盘
1002,13:42:25,24.85,-0.02,25,62125,卖盘
1003,13:42:13,24.87,0.03,3,7461,买盘
1004,13:42:10,24.84,-0.03,60,149040,卖盘
1005,13:42:07,24.87,--,21,52227,买盘
1006,13:42:04,24.87,--,18,44766,买盘
1007,13:41:58,24.87,--,55,136785,卖盘
1008,13:41:55,24.87,--,10,24870,卖盘
1009,13:41:52,24.87,--,17,42279,卖盘
1010,13:41:49,24.87,--,28,69636,买盘
1011,13:41:40,24.87,0.03,65,161655,买盘
1012,13:41:37,24.84,--,4,9936,卖盘
1013,13:41:28,24.84,-0.03,7,17388,卖盘
1014,13:41:25,24.87,0.03,23,57201,买盘
1015,13:41:19,24.84,-0.03,20,49680,中性盘
1016,13:41:13,24.87,0.01,225,559575,买盘
1017,13:41:07,24.86,0.02,2,4972,买盘
1018,13:41:04,24.84,-0.02,14,34776,卖盘
1019,13:41:01,24.86,--,2,4972,买盘
1020,13:40:58,24.86,--,74,183964,买盘
1021,13:40:55,24.86,--,25,62150,买盘
1022,13:40:52,24.86,--,2,4972,买盘
1023,13:40:46,24.86,0.02,73,181478,买盘
1024,13:40:40,24.84,-0.01,4,9936,卖盘
1025,13:40:37,24.85,0.01,23,57155,买盘
1026,13:40:34,24.84,-0.01,3,7452,卖盘
1027,13:40:31,24.85,--,25,62125,卖盘
1028,13:40:22,24.85,--,41,101885,卖盘
1029,13:40:16,24.85,--,4,9940,卖盘
1030,13:40:13,24.85,--,10,24850,卖盘
1031,13:40:10,24.85,--,36,89460,卖盘
1032,13:40:07,24.85,0.03,120,298200,买盘
1033,13:40:04,24.82,-0.02,20,49640,卖盘
1034,13:39:58,24.84,0.03,20,49680,买盘
1035,13:39:55,24.81,--,14,34734,卖盘
1036,13:39:52,24.81,--,7,17367,卖盘
1037,13:39:49,24.81,-0.01,36,90159,卖盘
1038,13:39:43,24.82,--,3,7446,卖盘
1039,13:39:40,24.82,--,2,4964,卖盘
1040,13:39:37,24.82,--,5,12410,卖盘
1041,13:39:34,24.82,-0.02,5,12410,卖盘
1042,13:39:31,24.84,--,7,17388,买盘
1043,13:39:28,24.84,-0.01,2,4968,买盘
1044,13:39:25,24.85,--,53,133345,卖盘
1045,13:39:22,24.85,--,100,248500,卖盘
1046,13:39:19,24.85,-0.01,13,32305,卖盘
1047,13:39:13,24.86,--,25,62150,卖盘
1048,13:39:10,24.86,-0.01,1,2486,卖盘
1049,13:39:04,24.87,--,28,69636,卖盘
1050,13:39:01,24.87,--,2,4974,卖盘
1051,13:38:58,24.87,--,103,256161,卖盘
1052,13:38:55,24.87,-0.01,12,29844,卖盘
1053,13:38:52,24.88,--,9,22392,买盘
1054,13:38:49,24.88,0.02,81,201528,买盘
1055,13:38:43,24.86,0.01,22,54692,买盘
1056,13:38:40,24.85,-0.01,23,58173,卖盘
1057,13:38:37,24.86,-0.01,6,14916,卖盘
1058,13:38:28,24.87,--,100,248700,卖盘
1059,13:38:25,24.87,-0.01,85,211395,卖盘
1060,13:38:22,24.88,0.01,8,19904,买盘
1061,13:38:19,24.87,--,26,64662,卖盘
1062,13:38:16,24.87,--,8,19896,卖盘
1063,13:38:13,24.87,--,20,49740,卖盘
1064,13:38:04,24.87,-0.03,21,52227,中性盘
1065,13:37:43,24.9,0.05,2,4980,中性盘
1066,13:37:40,24.85,-0.05,290,722961,卖盘
1067,13:37:37,24.9,-0.01,56,139440,卖盘
1068,13:37:34,24.91,--,3,7473,卖盘
1069,13:37:31,24.91,--,24,59784,卖盘
1070,13:37:25,24.91,--,95,236645,买盘
1071,13:37:22,24.91,0.01,28,69748,买盘
1072,13:37:16,24.9,--,32,79680,卖盘
1073,13:37:07,24.9,-0.01,50,124500,卖盘
1074,13:36:58,24.91,--,4,9964,卖盘
1075,13:36:55,24.91,--,4,9964,卖盘
1076,13:36:52,24.91,--,11,27401,卖盘
1077,13:36:49,24.91,--,1,2491,卖盘
1078,13:36:46,24.91,-0.01,10,24910,卖盘
1079,13:36:37,24.92,--,3,7476,买盘
1080,13:36:34,24.92,--,62,155750,卖盘
1081,13:36:31,24.92,--,53,132076,卖盘
1082,13:36:28,24.92,--,15,37380,卖盘
1083,13:36:25,24.92,--,9,22428,卖盘
1084,13:36:07,24.92,--,177,442330,卖盘
1085,13:35:55,24.92,-0.01,86,214312,卖盘
1086,13:35:43,24.93,--,20,49860,卖盘
1087,13:35:37,24.93,0.01,31,77283,买盘
1088,13:35:34,24.92,--,45,112140,卖盘
1089,13:35:25,24.92,--,10,24920,卖盘
1090,13:35:19,24.92,--,33,82236,卖盘
1091,13:35:10,24.92,-0.01,2,4984,卖盘
1092,13:35:07,24.93,-0.02,41,102213,卖盘
1093,13:35:01,24.95,0.02,8,19960,买盘
1094,13:34:55,24.93,-0.02,10,24930,卖盘
1095,13:34:52,24.95,--,6,14970,买盘
1096,13:34:34,24.95,0.01,178,444110,买盘
1097,13:34:31,24.94,-0.01,3,7482,卖盘
1098,13:34:25,24.95,--,13,32435,买盘
1099,13:34:19,24.95,0.03,400,998000,买盘
1100,13:34:07,24.92,0.01,10,24920,买盘
1101,13:34:04,24.91,-0.01,1,2491,卖盘
1102,13:34:01,24.92,--,1,2492,买盘
1103,13:33:58,24.92,--,50,124600,卖盘
1104,13:33:55,24.92,-0.01,95,236740,卖盘
1105,13:33:46,24.93,--,10,24930,买盘
1106,13:33:31,24.93,-0.01,39,97227,卖盘
1107,13:33:28,24.94,--,84,209496,买盘
1108,13:33:25,24.94,--,14,34916,买盘
1109,13:33:22,24.94,0.01,149,371606,买盘
1110,13:33:13,24.93,--,10,24930,卖盘
1111,13:33:10,24.93,--,7,17451,卖盘
1112,13:33:04,24.93,--,88,219384,卖盘
1113,13:33:01,24.93,-0.01,3,7479,卖盘
1114,13:32:55,24.94,0.01,37,92278,买盘
1115,13:32:52,24.93,-0.01,2,4986,卖盘
1116,13:32:49,24.94,0.01,33,82302,买盘
1117,13:32:46,24.93,--,2,4986,卖盘
1118,13:32:37,24.93,--,28,69804,卖盘
1119,13:32:34,24.93,-0.01,73,181989,卖盘
1120,13:32:25,24.94,0.01,7,17458,买盘
1121,13:32:22,24.93,-0.01,1,2493,卖盘
1122,13:32:19,24.94,0.01,3,7482,买盘
1123,13:32:16,24.93,-0.01,63,157059,卖盘
1124,13:32:13,24.94,0.01,5,12470,买盘
1125,13:32:07,24.93,--,31,77283,卖盘
1126,13:32:04,24.93,--,4,9972,卖盘
1127,13:32:00,24.93,-0.01,2,4986,卖盘
1128,13:31:54,24.94,--,80,199520,买盘
1129,13:31:48,24.94,0.01,10,24940,买盘
1130,13:31:39,24.93,-0.01,15,37395,卖盘
1131,13:31:36,24.94,--,58,144652,买盘
1132,13:31:30,24.94,--,17,42398,买盘
1133,13:31:27,24.94,--,12,29928,卖盘
1134,13:31:24,24.94,--,19,47386,卖盘
1135,13:31:18,24.94,--,21,52374,卖盘
1136,13:31:15,24.94,0.01,12,29928,中性盘
1137,13:31:06,24.93,-0.01,31,77283,卖盘
1138,13:31:03,24.94,--,5,12470,卖盘
1139,13:30:57,24.94,-0.01,4,9976,卖盘
1140,13:30:51,24.95,--,100,249500,买盘
1141,13:30:48,24.95,-0.02,88,221032,卖盘
1142,13:30:45,24.97,-0.01,4,9988,中性盘
1143,13:30:36,24.98,0.02,17,42466,买盘
1144,13:30:33,24.96,-0.01,12,29952,卖盘
1145,13:30:30,24.97,--,19,47443,买盘
1146,13:30:24,24.97,0.01,3,7491,买盘
1147,13:30:18,24.96,-0.01,10,24960,卖盘
1148,13:30:09,24.97,-0.01,31,77407,卖盘
1149,13:30:03,24.98,0.01,6,14988,买盘
1150,13:30:00,24.97,--,12,29964,卖盘
1151,13:29:57,24.97,0.01,2,4994,卖盘
1152,13:29:48,24.96,-0.01,9,22464,卖盘
1153,13:29:45,24.97,--,2,4994,买盘
1154,13:29:39,24.97,--,4,9988,买盘
1155,13:29:36,24.97,-0.01,24,59928,卖盘
1156,13:29:33,24.98,-0.01,4,9992,中性盘
1157,13:29:21,24.99,-0.01,20,49980,中性盘
1158,13:29:15,25.0,0.01,4,10000,买盘
1159,13:29:09,24.99,-0.01,20,49980,卖盘
1160,13:29:03,25.0,0.03,76,190250,买盘
1161,13:29:00,24.97,--,4,9988,买盘
1162,13:28:57,24.97,-0.03,84,211995,卖盘
1163,13:28:51,25.0,0.01,5,12500,买盘
1164,13:28:48,24.99,-0.01,9,22491,卖盘
1165,13:28:36,25.0,--,22,55000,买盘
1166,13:28:33,25.0,0.01,9,22750,买盘
1167,13:28:30,24.99,-0.01,6,14993,卖盘
1168,13:28:27,25.0,--,399,997500,买盘
1169,13:28:24,25.0,--,6,15000,买盘
1170,13:28:21,25.0,--,100,250000,买盘
1171,13:28:18,25.0,--,19,47500,买盘
1172,13:28:15,25.0,--,2,5000,买盘
1173,13:28:12,25.0,--,11,27500,买盘
1174,13:28:06,25.0,0.01,29,72500,买盘
1175,13:28:00,24.99,-0.01,6,14993,卖盘
1176,13:27:54,25.0,0.01,17,42500,买盘
1177,13:27:45,24.99,-0.01,9,22491,卖盘
1178,13:27:42,25.0,0.01,5,12500,买盘
1179,13:27:33,24.99,--,5,12495,卖盘
1180,13:27:30,24.99,--,6,14993,卖盘
1181,13:27:27,24.99,0.03,27,67473,买盘
1182,13:27:18,24.96,-0.01,10,24960,卖盘
1183,13:27:12,24.97,--,48,119856,买盘
1184,13:27:06,24.97,0.01,22,54934,买盘
1185,13:27:00,24.96,-0.01,4,9984,卖盘
1186,13:26:57,24.97,0.01,5,12485,买盘
1187,13:26:54,24.96,-0.01,1,2496,卖盘
1188,13:26:45,24.97,--,136,339592,卖盘
1189,13:26:33,24.97,--,5,12485,卖盘
1190,13:26:30,24.97,-0.02,9,22473,卖盘
1191,13:26:24,24.99,0.02,21,52479,买盘
1192,13:26:18,24.97,--,9,22473,卖盘
1193,13:26:12,24.97,--,12,29964,买盘
1194,13:26:06,24.97,0.01,17,42449,买盘
1195,13:26:03,24.96,--,11,27456,卖盘
1196,13:26:00,24.96,--,1,2496,卖盘
1197,13:25:57,24.96,-0.01,1,2496,卖盘
1198,13:25:54,24.97,--,1,2497,买盘
1199,13:25:51,24.97,0.01,7,17479,买盘
1200,13:25:48,24.96,--,9,22464,卖盘
1201,13:25:45,24.96,0.01,4,9984,卖盘
1202,13:25:42,24.95,-0.01,50,124750,卖盘
1203,13:25:33,24.96,0.01,17,42432,中性盘
1204,13:25:18,24.95,-0.02,8,19960,卖盘
1205,13:25:15,24.97,0.01,10,24970,买盘
1206,13:25:12,24.96,0.01,12,29952,买盘
1207,13:25:03,24.95,-0.01,15,37425,卖盘
1208,13:24:54,24.96,0.01,10,24960,中性盘
1209,13:24:45,24.95,-0.04,50,124750,卖盘
1210,13:24:42,24.99,0.01,4,9996,买盘
1211,13:24:39,24.98,0.02,10,24980,买盘
1212,13:24:36,24.96,-0.01,6,14976,卖盘
1213,13:24:27,24.97,--,87,217239,买盘
1214,13:24:18,24.97,-0.02,19,47443,卖盘
1215,13:24:06,24.99,0.01,18,44982,买盘
1216,13:24:03,24.98,-0.01,5,12490,中性盘
1217,13:24:00,24.99,0.02,7,17493,买盘
1218,13:23:57,24.97,-0.01,4,9988,卖盘
1219,13:23:51,24.98,-0.02,4,9992,中性盘
1220,13:23:45,25.0,--,4,10000,买盘
1221,13:23:36,25.0,--,8,20000,买盘
1222,13:23:33,25.0,--,3,7500,买盘
1223,13:23:30,25.0,--,50,125000,卖盘
1224,13:23:27,25.0,--,2,5000,卖盘
1225,13:23:21,25.0,--,10,25000,卖盘
1226,13:23:18,25.0,--,9,22500,卖盘
1227,13:23:15,25.0,--,14,35000,卖盘
1228,13:23:09,25.0,--,5,12500,卖盘
1229,13:23:06,25.0,--,40,100000,卖盘
1230,13:23:03,25.0,--,5,12500,卖盘
1231,13:22:57,25.0,--,100,250000,卖盘
1232,13:22:54,25.0,--,1,2500,卖盘
1233,13:22:48,25.0,--,9,22500,卖盘
1234,13:22:42,25.0,-0.01,20,50000,卖盘
1235,13:22:36,25.01,0.01,13,32513,买盘
1236,13:22:33,25.0,-0.01,5,12500,卖盘
1237,13:22:30,25.01,--,3,7503,买盘
1238,13:22:27,25.01,0.01,31,77531,买盘
1239,13:22:15,25.0,--,9,22500,卖盘
1240,13:22:12,25.0,-0.01,18,45000,卖盘
1241,13:22:09,25.01,0.01,3,7503,买盘
1242,13:22:06,25.0,--,20,50000,卖盘
1243,13:22:03,25.0,--,5,12500,卖盘
1244,13:22:00,25.0,0.03,307,767500,买盘
1245,13:21:57,24.97,0.01,32,79904,买盘
1246,13:21:54,24.96,-0.01,1,2496,卖盘
1247,13:21:51,24.97,--,14,34958,买盘
1248,13:21:48,24.97,--,11,27467,买盘
1249,13:21:42,24.97,--,50,124850,买盘
1250,13:21:39,24.97,0.01,8,19976,买盘
1251,13:21:33,24.96,-0.01,5,12480,卖盘
1252,13:21:27,24.97,0.01,19,47443,买盘
1253,13:21:18,24.96,--,29,72384,卖盘
1254,13:21:15,24.96,-0.01,100,249600,卖盘
1255,13:21:03,24.97,--,28,69916,买盘
1256,13:20:57,24.97,0.01,7,17479,买盘
1257,13:20:54,24.96,-0.01,17,42432,卖盘
1258,13:20:51,24.97,-0.01,85,212245,卖盘
1259,13:20:42,24.98,--,5,12490,买盘
1260,13:20:39,24.98,0.01,20,49960,买盘
1261,13:20:33,24.97,--,5,12485,卖盘
1262,13:20:24,24.97,-0.03,17,42449,卖盘
1263,13:20:21,25.0,0.02,3,7500,买盘
1264,13:20:18,24.98,--,9,22482,中性盘
1265,13:20:15,24.98,--,5,12490,买盘
1266,13:20:12,24.98,--,5,12490,买盘
1267,13:20:03,24.98,--,54,134892,卖盘
1268,13:19:57,24.98,--,39,97422,卖盘
1269,13:19:54,24.98,--,17,42466,卖盘
1270,13:19:48,24.98,-0.01,29,72442,卖盘
1271,13:19:45,24.99,--,22,54978,买盘
1272,13:19:33,24.99,0.01,34,84966,买盘
1273,13:19:21,24.98,0.01,73,182354,买盘
1274,13:19:18,24.97,-0.01,14,34958,卖盘
1275,13:19:12,24.98,0.01,3,7494,买盘
1276,13:19:06,24.97,0.01,4,9988,中性盘
1277,13:18:54,24.96,-0.02,24,59904,卖盘
1278,13:18:45,24.98,-0.01,8,19984,卖盘
1279,13:18:39,24.99,--,20,49980,卖盘
1280,13:18:36,24.99,-0.01,4,9996,卖盘
1281,13:18:24,25.0,-0.01,142,355000,卖盘
1282,13:18:18,25.01,--,22,55022,卖盘
1283,13:18:15,25.01,0.01,65,162565,中性盘
1284,13:18:09,25.0,-0.01,50,125000,卖盘
1285,13:18:06,25.01,-0.01,10,25010,中性盘
1286,13:18:03,25.02,0.02,10,25020,买盘
1287,13:18:00,25.0,--,21,52500,卖盘
1288,13:17:54,25.0,--,98,245000,卖盘
1289,13:17:45,25.0,--,88,220000,卖盘
1290,13:17:39,25.0,--,10,25000,卖盘
1291,13:17:36,25.0,--,5,12500,卖盘
1292,13:17:33,25.0,-0.01,14,35000,卖盘
1293,13:17:30,25.01,0.01,1,2501,买盘
1294,13:17:24,25.0,--,20,50000,卖盘
1295,13:17:18,25.0,--,14,35000,卖盘
1296,13:17:15,25.0,--,32,80000,卖盘
1297,13:17:12,25.0,--,300,750000,卖盘
1298,13:17:06,25.0,-0.03,5,12500,卖盘
1299,13:17:03,25.03,0.01,10,25030,买盘
1300,13:16:57,25.02,0.02,4,10008,中性盘
1301,13:16:48,25.0,--,19,47500,卖盘
1302,13:16:45,25.0,--,2,5000,卖盘
1303,13:16:39,25.0,--,5,12500,卖盘
1304,13:16:36,25.0,-0.02,20,50000,卖盘
1305,13:16:33,25.02,0.02,22,55044,中性盘
1306,13:16:27,25.0,-0.01,51,127500,卖盘
1307,13:16:24,25.01,--,3,7503,卖盘
1308,13:16:21,25.01,0.01,38,95038,中性盘
1309,13:16:15,25.0,-0.04,22,55000,卖盘
1310,13:16:12,25.04,0.03,190,475760,买盘
1311,13:16:06,25.01,0.01,2,5002,买盘
1312,13:16:03,25.0,-0.01,5,12500,卖盘
1313,13:15:57,25.01,-0.01,1,2501,买盘
1314,13:15:51,25.02,0.02,22,55044,买盘
1315,13:15:48,25.0,--,62,155000,卖盘
1316,13:15:45,25.0,--,10,25000,卖盘
1317,13:15:42,25.0,--,28,70000,卖盘
1318,13:15:39,25.0,--,10,25000,卖盘
1319,13:15:36,25.0,--,4,10000,卖盘
1320,13:15:30,25.0,-0.02,20,50000,卖盘
1321,13:15:27,25.02,0.02,10,25020,买盘
1322,13:15:21,25.0,--,11,27500,卖盘
1323,13:15:18,25.0,-0.01,9,22500,卖盘
1324,13:15:12,25.01,-0.01,17,42517,买盘
1325,13:15:06,25.02,0.02,18,45036,买盘
1326,13:15:03,25.0,--,4,10000,卖盘
1327,13:15:00,25.0,-0.02,2,5000,卖盘
1328,13:14:54,25.02,0.02,11,27522,买盘
1329,13:14:51,25.0,--,14,35000,卖盘
1330,13:14:48,25.0,--,10,25000,卖盘
1331,13:14:45,25.0,-0.01,15,37500,卖盘
1332,13:14:39,25.01,--,6,15006,卖盘
1333,13:14:36,25.01,--,20,50020,中性盘
1334,13:14:33,25.01,0.01,17,42517,买盘
1335,13:14:30,25.0,--,48,120000,卖盘
1336,13:14:27,25.0,--,5,12500,卖盘
1337,13:14:21,25.0,0.01,14,35000,买盘
1338,13:14:18,24.99,-0.01,20,49980,卖盘
1339,13:14:15,25.0,--,9,22500,卖盘
1340,13:14:12,25.0,--,2,5000,卖盘
1341,13:14:09,25.0,--,4,10000,卖盘
1342,13:14:03,25.0,--,6,15000,卖盘
1343,13:14:00,25.0,--,41,102500,买盘
1344,13:13:51,25.0,0.01,3,7500,买盘
1345,13:13:48,24.99,-0.01,10,26339,卖盘
1346,13:13:45,25.0,-0.02,11,29675,中性盘
1347,13:13:42,25.02,0.03,18,45036,买盘
1348,13:13:39,24.99,-0.01,20,49980,卖盘
1349,13:13:36,25.0,--,31,77500,买盘
1350,13:13:33,25.0,0.01,21,52500,买盘
1351,13:13:24,24.99,--,2,4998,卖盘
1352,13:13:08,24.99,-0.03,7,17493,卖盘
1353,13:13:05,25.02,0.02,4,10008,买盘
1354,13:13:02,25.0,--,8,20000,卖盘
1355,13:12:56,25.0,-0.02,27,67500,卖盘
1356,13:12:53,25.02,0.02,9,22518,买盘
1357,13:12:47,25.0,--,36,90000,卖盘
1358,13:12:41,25.0,--,11,27500,卖盘
1359,13:12:38,25.0,-0.02,6,15000,卖盘
1360,13:12:35,25.02,0.02,23,57546,买盘
1361,13:12:32,25.0,--,5,12500,卖盘
1362,13:12:29,25.0,--,28,70000,卖盘
1363,13:12:23,25.0,--,1,2500,卖盘
1364,13:12:20,25.0,--,6,15000,卖盘
1365,13:12:17,25.0,--,9,22500,卖盘
1366,13:12:11,25.0,-0.01,3,7500,卖盘
1367,13:12:02,25.01,--,23,57523,买盘
1368,13:11:56,25.01,0.01,6,15006,买盘
1369,13:11:53,25.0,-0.01,11,27500,卖盘
1370,13:11:50,25.01,--,2,5002,卖盘
1371,13:11:47,25.01,-0.03,10,25010,卖盘
1372,13:11:41,25.04,0.03,17,42568,买盘
1373,13:11:35,25.01,--,10,25010,卖盘
1374,13:11:32,25.01,-0.03,4,10004,卖盘
1375,13:11:26,25.04,--,2,5008,买盘
1376,13:11:23,25.04,--,16,40064,卖盘
1377,13:11:20,25.04,--,20,50080,卖盘
1378,13:11:17,25.04,--,59,147736,卖盘
1379,13:11:14,25.04,-0.01,4,10016,卖盘
1380,13:11:11,25.05,--,27,67635,买盘
1381,13:11:05,25.05,--,1,2505,买盘
1382,13:11:02,25.05,--,14,35070,卖盘
1383,13:10:53,25.05,--,16,40080,卖盘
1384,13:10:50,25.05,-0.01,100,250500,卖盘
1385,13:10:47,25.06,0.01,11,27566,买盘
1386,13:10:38,25.05,--,38,95190,卖盘
1387,13:10:32,25.05,--,16,40080,卖盘
1388,13:10:29,25.05,-0.01,5,12525,卖盘
1389,13:10:26,25.06,0.01,30,75180,买盘
1390,13:10:17,25.05,-0.03,5,12525,卖盘
1391,13:10:08,25.08,0.02,28,70224,买盘
1392,13:10:02,25.06,0.01,8,20048,买盘
1393,13:09:59,25.05,--,8,20040,卖盘
1394,13:09:56,25.05,--,1,2505,卖盘
1395,13:09:53,25.05,-0.03,7,17535,卖盘
1396,13:09:44,25.08,0.03,6,15047,买盘
1397,13:09:38,25.05,-0.03,8,20040,卖盘
1398,13:09:26,25.08,--,72,180576,卖盘
1399,13:09:23,25.08,--,6,15047,卖盘
1400,13:09:20,25.08,--,20,50160,卖盘
1401,13:09:17,25.08,0.03,210,526680,买盘
1402,13:09:14,25.05,--,1,2505,卖盘
1403,13:09:11,25.05,--,4,10020,卖盘
1404,13:09:08,25.05,-0.01,66,165330,卖盘
1405,13:09:05,25.06,0.01,22,55132,中性盘
1406,13:08:59,25.05,-0.01,17,42585,卖盘
1407,13:08:53,25.06,0.01,176,441056,卖盘
1408,13:08:50,25.05,--,5,12525,卖盘
1409,13:08:47,25.05,-0.02,13,32565,卖盘
1410,13:08:41,25.07,0.02,7,17549,买盘
1411,13:08:38,25.05,-0.02,16,40080,卖盘
1412,13:08:32,25.07,0.02,10,25070,买盘
1413,13:08:26,25.05,--,6,15030,卖盘
1414,13:08:23,25.05,--,27,67635,卖盘
1415,13:08:17,25.05,-0.02,9,22545,卖盘
1416,13:08:11,25.07,0.01,16,40112,买盘
1417,13:08:08,25.06,--,37,92722,卖盘
1418,13:08:05,25.06,--,70,175420,卖盘
1419,13:08:02,25.06,--,20,50120,卖盘
1420,13:07:56,25.06,-0.02,4,10024,卖盘
1421,13:07:53,25.08,0.01,63,158004,买盘
1422,13:07:50,25.07,--,30,75210,买盘
1423,13:07:47,25.07,--,35,87745,卖盘
1424,13:07:41,25.07,--,51,127857,卖盘
1425,13:07:38,25.07,-0.01,9,22563,卖盘
1426,13:07:32,25.08,--,25,62699,买盘
1427,13:07:26,25.08,--,2,5016,买盘
1428,13:07:23,25.08,0.01,5,12540,买盘
1429,13:07:20,25.07,-0.01,95,238165,卖盘
1430,13:07:14,25.08,-0.01,66,165528,卖盘
1431,13:07:08,25.09,0.01,71,178139,买盘
1432,13:07:02,25.08,--,10,25080,卖盘
1433,13:06:56,25.08,-0.01,2,5016,卖盘
1434,13:06:53,25.09,--,17,42653,买盘
1435,13:06:50,25.09,0.01,2,5018,买盘
1436,13:06:47,25.08,-0.02,10,25080,卖盘
1437,13:06:41,25.1,0.02,189,474390,买盘
1438,13:06:38,25.08,--,9,22572,卖盘
1439,13:06:35,25.08,-0.01,7,17556,卖盘
1440,13:06:32,25.09,--,24,60216,中性盘
1441,13:06:26,25.09,--,507,1272063,买盘
1442,13:06:23,25.09,--,5,12545,买盘
1443,13:06:20,25.09,--,11,27599,买盘
1444,13:06:17,25.09,--,63,158067,卖盘
1445,13:06:14,25.09,-0.01,210,526890,卖盘
1446,13:06:08,25.1,0.01,31,77810,买盘
1447,13:06:05,25.09,-0.01,38,95342,卖盘
1448,13:06:02,25.1,--,20,50200,买盘
1449,13:05:59,25.1,--,11,27610,买盘
1450,13:05:56,25.1,-0.01,18,45180,买盘
1451,13:05:50,25.11,0.01,153,384183,买盘
1452,13:05:47,25.1,--,26,66766,卖盘
1453,13:05:44,25.1,--,9,22590,卖盘
1454,13:05:41,25.1,--,46,115460,卖盘
1455,13:05:38,25.1,-0.01,88,220880,卖盘
1456,13:05:35,25.11,0.01,39,97929,买盘
1457,13:05:32,25.1,--,70,175700,卖盘
1458,13:05:29,25.1,--,2,5020,卖盘
1459,13:05:26,25.1,--,6,15060,卖盘
1460,13:05:23,25.1,0.01,267,671174,买盘
1461,13:05:17,25.09,--,105,263445,卖盘
1462,13:05:11,25.09,--,5,12545,卖盘
1463,13:05:08,25.09,--,11,27599,卖盘
1464,13:05:02,25.09,-0.01,11,27599,中性盘
1465,13:04:53,25.1,--,85,213350,买盘
1466,13:04:50,25.1,0.01,15,37650,买盘
1467,13:04:47,25.09,--,12,30108,买盘
1468,13:04:44,25.09,0.01,8,20072,中性盘
1469,13:04:41,25.08,--,38,95304,卖盘
1470,13:04:38,25.08,-0.02,26,65207,卖盘
1471,13:04:35,25.1,0.02,17,42670,买盘
1472,13:04:32,25.08,--,5,12540,卖盘
1473,13:04:29,25.08,--,32,80256,买盘
1474,13:04:26,25.08,-0.01,22,55175,卖盘
1475,13:04:23,25.09,0.01,507,1272063,买盘
1476,13:04:17,25.08,--,19,47652,卖盘
1477,13:04:14,25.08,0.01,29,72732,卖盘
1478,13:04:08,25.07,--,33,82731,卖盘
1479,13:04:05,25.07,--,5,12535,卖盘
1480,13:04:02,25.07,-0.01,143,358501,卖盘
1481,13:03:59,25.08,0.01,11,27587,买盘
1482,13:03:56,25.07,--,10,25070,卖盘
1483,13:03:53,25.07,--,1,2507,卖盘
1484,13:03:50,25.07,--,30,75210,卖盘
1485,13:03:44,25.07,-0.02,13,32591,卖盘
1486,13:03:41,25.09,0.02,200,501800,买盘
1487,13:03:38,25.07,--,47,117829,卖盘
1488,13:03:35,25.07,--,4,10028,卖盘
1489,13:03:26,25.07,0.01,17,42619,买盘
1490,13:03:23,25.06,-0.01,1,2506,卖盘
1491,13:03:20,25.07,--,20,50140,买盘
1492,13:03:17,25.07,0.01,22,55154,买盘
1493,13:03:14,25.06,-0.04,20,50120,卖盘
1494,13:03:11,25.1,0.03,104,261040,买盘
1495,13:03:08,25.07,--,28,70196,卖盘
1496,13:03:05,25.07,0.01,135,338445,中性盘
1497,13:02:47,25.06,-0.03,9,22554,卖盘
1498,13:02:44,25.09,0.03,12,30108,买盘
1499,13:02:41,25.06,-0.01,51,127806,卖盘
1500,13:02:35,25.07,0.01,1,2507,中性盘
1501,13:02:29,25.06,-0.01,70,175420,卖盘
1502,13:02:26,25.07,-0.01,58,145406,卖盘
1503,13:02:23,25.08,0.01,6,15047,中性盘
1504,13:02:20,25.07,--,5,12535,卖盘
1505,13:02:17,25.07,-0.01,33,82731,卖盘
1506,13:02:14,25.08,0.01,461,1156188,买盘
1507,13:02:11,25.07,0.01,5,12535,中性盘
1508,13:02:08,25.06,-0.02,44,110264,卖盘
1509,13:02:02,25.08,--,100,250799,买盘
1510,13:01:56,25.08,-0.02,124,310992,卖盘
1511,13:01:50,25.1,--,9,22590,买盘
1512,13:01:47,25.1,--,39,97890,买盘
1513,13:01:38,25.1,0.01,54,135540,买盘
1514,13:01:29,25.09,-0.01,17,42653,中性盘
1515,13:01:26,25.1,0.02,41,102910,买盘
1516,13:01:20,25.08,0.02,2,5016,买盘
1517,13:01:14,25.06,-0.04,5,12530,卖盘
1518,13:01:11,25.1,0.04,24,60240,买盘
1519,13:01:05,25.06,-0.04,22,55132,卖盘
1520,13:01:02,25.1,--,4,10040,买盘
1521,13:00:59,25.1,0.01,54,135540,买盘
1522,13:00:56,25.09,0.03,1,2509,中性盘
1523,13:00:50,25.06,0.01,9,22554,中性盘
1524,13:00:41,25.05,--,514,1287570,卖盘
1525,13:00:38,25.05,-0.01,33,82665,卖盘
1526,13:00:32,25.06,0.01,23,57638,买盘
1527,13:00:20,25.05,0.04,99,248470,买盘
1528,13:00:17,25.01,--,34,85034,买盘
1529,13:00:14,25.01,--,1,2501,买盘
1530,13:00:11,25.01,--,41,102541,买盘
1531,13:00:08,25.01,-0.01,210,527235,卖盘
1532,13:00:05,25.02,-0.01,247,619970,卖盘
1533,13:00:02,25.03,0.01,18,45054,买盘
1534,11:30:06,25.02,-0.02,1,2502,卖盘
1535,11:30:00,25.04,0.01,28,70112,买盘
1536,11:29:54,25.03,--,57,142671,卖盘
1537,11:29:51,25.03,--,21,52563,卖盘
1538,11:29:48,25.03,0.01,14,35042,买盘
1539,11:29:33,25.02,--,7,17514,卖盘
1540,11:29:27,25.02,--,9,22518,卖盘
1541,11:29:24,25.02,-0.01,6,15012,卖盘
1542,11:29:21,25.03,0.01,1,2503,买盘
1543,11:29:18,25.02,--,1,2502,卖盘
1544,11:29:15,25.02,-0.01,17,42534,卖盘
1545,11:29:12,25.03,--,3,7509,买盘
1546,11:29:09,25.03,0.02,3,7509,买盘
1547,11:29:06,25.01,-0.05,1,2501,卖盘
1548,11:29:03,25.06,0.03,150,375900,买盘
1549,11:29:00,25.03,--,23,57569,买盘
1550,11:28:57,25.03,--,2,5006,卖盘
1551,11:28:54,25.03,--,3,7509,卖盘
1552,11:28:51,25.03,0.01,5,12515,卖盘
1553,11:28:48,25.02,0.01,19,47538,卖盘
1554,11:28:42,25.01,-0.02,65,162565,卖盘
1555,11:28:39,25.03,0.01,10,25030,买盘
1556,11:28:36,25.02,0.01,55,137610,买盘
1557,11:28:30,25.01,-0.01,3,7503,卖盘
1558,11:28:27,25.02,--,24,61048,买盘
1559,11:28:24,25.02,0.01,6,15012,买盘
1560,11:28:21,25.01,--,30,75030,买盘
1561,11:28:18,25.01,0.01,46,115046,买盘
1562,11:28:15,25.0,--,12,30000,卖盘
1563,11:28:12,25.0,--,5,12500,卖盘
1564,11:28:06,25.0,--,14,35000,卖盘
1565,11:28:03,25.0,-0.01,8,20000,卖盘
1566,11:28:00,25.01,0.01,4,10004,买盘
1567,11:27:57,25.0,--,18,45000,卖盘
1568,11:27:48,25.0,--,18,45000,卖盘
1569,11:27:39,25.0,-0.02,1,2500,卖盘
1570,11:27:36,25.02,0.01,112,280224,买盘
1571,11:27:33,25.01,0.02,4,10004,卖盘
1572,11:27:30,24.99,-0.02,37,92463,卖盘
1573,11:27:27,25.01,0.02,2,5002,买盘
1574,11:27:21,24.99,-0.01,51,127448,卖盘
1575,11:27:15,25.0,-0.02,9,22500,卖盘
1576,11:27:06,25.02,--,18,45036,买盘
1577,11:27:03,25.02,--,21,52542,买盘
1578,11:26:57,25.02,--,49,122598,买盘
1579,11:26:54,25.02,--,2,5004,买盘
1580,11:26:51,25.02,--,54,135108,卖盘
1581,11:26:48,25.02,--,17,42534,卖盘
1582,11:26:45,25.02,0.01,79,197658,买盘
1583,11:26:39,25.01,-0.01,32,80032,卖盘
1584,11:26:36,25.02,0.04,21,52542,买盘
1585,11:26:33,24.98,--,5,12490,卖盘
1586,11:26:30,24.98,--,7,17486,卖盘
1587,11:26:27,24.98,-0.02,38,94924,卖盘
1588,11:26:24,25.0,--,5,12500,卖盘
1589,11:26:21,25.0,0.03,76,190000,买盘
1590,11:26:15,24.97,-0.01,1,2497,卖盘
1591,11:26:12,24.98,-0.02,1,2498,卖盘
1592,11:26:09,25.0,0.03,8,20000,买盘
1593,11:26:03,24.97,--,4,9988,卖盘
1594,11:25:54,24.97,-0.03,1,2497,卖盘
1595,11:25:48,25.0,0.04,374,935000,买盘
1596,11:25:42,24.96,-0.02,36,89856,卖盘
1597,11:25:36,24.98,0.01,44,109912,买盘
1598,11:25:30,24.97,--,43,107371,买盘
1599,11:25:27,24.97,--,7,17479,买盘
1600,11:25:21,24.97,-0.01,5,12485,中性盘
1601,11:25:12,24.98,0.01,4,9992,中性盘
1602,11:25:03,24.97,-0.01,11,27467,卖盘
1603,11:25:00,24.98,--,1,2498,卖盘
1604,11:24:57,24.98,--,33,82434,买盘
1605,11:24:48,24.98,-0.02,80,199840,卖盘
1606,11:24:42,25.0,0.01,9,22500,买盘
1607,11:24:36,24.99,-0.01,1,2499,卖盘
1608,11:24:30,25.0,--,1,2500,买盘
1609,11:24:27,25.0,--,8,20000,买盘
1610,11:24:24,25.0,--,12,30000,卖盘
1611,11:24:21,25.0,-0.02,14,35000,卖盘
1612,11:24:15,25.02,0.02,1,2502,买盘
1613,11:24:12,25.0,--,5,12500,卖盘
1614,11:24:09,25.0,-0.02,1,2500,卖盘
1615,11:24:06,25.02,--,17,42534,买盘
1616,11:23:57,25.02,--,5,12510,卖盘
1617,11:23:54,25.02,--,65,162630,卖盘
1618,11:23:51,25.02,--,1,2502,卖盘
1619,11:23:48,25.02,0.02,145,362790,买盘
1620,11:23:42,25.0,--,6,15000,买盘
1621,11:23:36,25.0,-0.01,126,315000,卖盘
1622,11:23:33,25.01,-0.01,25,62525,卖盘
1623,11:23:30,25.02,0.01,72,180144,买盘
1624,11:23:27,25.01,-0.01,31,77531,卖盘
1625,11:23:24,25.02,0.01,73,182646,买盘
1626,11:23:18,25.01,--,10,25010,买盘
1627,11:23:15,25.01,0.01,13,32513,买盘
1628,11:23:09,25.0,--,36,90000,卖盘
1629,11:23:06,25.0,--,291,727500,卖盘
1630,11:23:03,25.0,--,46,115000,卖盘
1631,11:23:00,25.0,--,1,2500,卖盘
1632,11:22:51,25.0,-0.02,24,60000,卖盘
1633,11:22:48,25.02,--,56,140112,买盘
1634,11:22:45,25.02,--,60,150120,买盘
1635,11:22:39,25.02,-0.06,6,15012,买盘
1636,11:22:36,25.08,0.06,583,1462164,买盘
1637,11:22:33,25.02,0.02,14,35028,买盘
1638,11:22:27,25.0,0.02,4,10000,卖盘
1639,11:22:24,24.98,--,6,14988,卖盘
1640,11:22:21,24.98,-0.06,4,9992,卖盘
1641,11:22:15,25.04,--,5,12520,卖盘
1642,11:22:12,25.04,--,25,62600,卖盘
1643,11:22:09,25.04,0.07,40,100160,买盘
1644,11:22:06,24.97,-0.08,5,12485,卖盘
1645,11:22:03,25.05,0.07,428,1072140,买盘
1646,11:22:00,24.98,--,4,9992,买盘
1647,11:21:57,24.98,-0.02,97,242306,卖盘
1648,11:21:54,25.0,-0.01,2,5000,卖盘
1649,11:21:51,25.01,-0.01,51,127551,卖盘
1650,11:21:48,25.02,-0.02,67,167634,卖盘
1651,11:21:42,25.04,0.02,64,160256,买盘
1652,11:21:39,25.02,--,16,40032,卖盘
1653,11:21:36,25.02,--,23,57546,卖盘
1654,11:21:33,25.02,--,4,10008,卖盘
1655,11:21:27,25.02,0.04,182,455364,买盘
1656,11:21:24,24.98,-0.01,111,277278,卖盘
1657,11:21:21,24.99,-0.01,5,12495,卖盘
1658,11:21:18,25.0,--,33,82500,卖盘
1659,11:21:15,25.0,--,50,125000,卖盘
1660,11:21:12,25.0,--,9,22500,卖盘
1661,11:21:09,25.0,0.01,21,52500,买盘
1662,11:21:06,24.99,--,17,42483,买盘
1663,11:21:03,24.99,-0.01,23,57477,卖盘
1664,11:21:00,25.0,--,6,15000,卖盘
1665,11:20:57,25.0,0.01,198,495000,买盘
1666,11:20:54,24.99,-0.01,1,2499,卖盘
1667,11:20:51,25.0,0.01,10,25000,买盘
1668,11:20:48,24.99,--,4,9996,卖盘
1669,11:20:45,24.99,--,21,52479,卖盘
1670,11:20:42,24.99,0.01,14,34986,买盘
1671,11:20:39,24.98,--,25,62450,卖盘
1672,11:20:33,24.98,-0.01,24,59952,卖盘
1673,11:20:30,24.99,0.01,66,164934,买盘
1674,11:20:27,24.98,-0.01,46,114908,卖盘
1675,11:20:24,24.99,0.01,124,309876,买盘
1676,11:20:21,24.98,--,29,72442,卖盘
1677,11:20:18,24.98,--,7,17486,卖盘
1678,11:20:15,24.98,0.01,46,114908,买盘
1679,11:20:06,24.97,-0.01,5,12485,买盘
1680,11:20:03,24.98,-0.01,20,49960,中性盘
1681,11:20:00,24.99,0.02,46,114954,买盘
1682,11:19:57,24.97,0.01,17,42449,卖盘
1683,11:19:54,24.96,-0.03,84,209664,卖盘
1684,11:19:51,24.99,0.02,19,47481,买盘
1685,11:19:45,24.97,-0.01,4,9988,卖盘
1686,11:19:42,24.98,-0.02,36,89928,中性盘
1687,11:19:39,25.0,0.02,60,150000,买盘
1688,11:19:36,24.98,--,22,54956,买盘
1689,11:19:33,24.98,-0.01,10,24980,买盘
1690,11:19:27,24.99,--,7,17493,买盘
1691,11:19:24,24.99,--,77,192423,卖盘
1692,11:19:21,24.99,-0.01,105,262395,卖盘
1693,11:19:18,25.0,0.01,9,22500,买盘
1694,11:19:15,24.99,-0.01,72,179928,卖盘
1695,11:19:09,25.0,--,8,20000,买盘
1696,11:19:05,25.0,0.01,8,20000,买盘
1697,11:19:02,24.99,--,163,407337,卖盘
1698,11:18:59,24.99,--,19,47481,卖盘
1699,11:18:56,24.99,-0.01,20,49980,卖盘
1700,11:18:53,25.0,0.01,42,105000,买盘
1701,11:18:50,24.99,0.01,13,33636,买盘
1702,11:18:47,24.98,0.02,7,17486,买盘
1703,11:18:44,24.96,-0.03,25,62400,买盘
1704,11:18:41,24.99,-0.12,139,347361,卖盘
1705,11:18:35,25.11,0.12,896,2249856,买盘
1706,11:18:29,24.99,0.04,20,49980,买盘
1707,11:18:26,24.95,--,1,2495,卖盘
1708,11:18:23,24.95,-0.02,1,2495,中性盘
1709,11:18:17,24.97,0.02,1239,3093783,买盘
1710,11:18:11,24.95,0.03,300,748500,买盘
1711,11:18:08,24.92,--,34,84728,买盘
1712,11:18:05,24.92,0.01,13,32396,买盘
1713,11:18:02,24.91,--,28,69748,买盘
1714,11:17:59,24.91,--,67,166897,买盘
1715,11:17:56,24.91,0.01,1,2491,买盘
1716,11:17:53,24.9,--,17,42330,卖盘
1717,11:17:50,24.9,--,63,156870,买盘
1718,11:17:44,24.9,--,26,64739,买盘
1719,11:17:41,24.9,0.01,140,348600,买盘
1720,11:17:38,24.89,0.02,152,378427,买盘
1721,11:17:29,24.87,-0.01,7,17409,卖盘
1722,11:17:26,24.88,0.01,2,4976,买盘
1723,11:17:23,24.87,--,44,109428,卖盘
1724,11:17:20,24.87,--,60,149220,卖盘
1725,11:17:14,24.87,--,172,427764,买盘
1726,11:17:08,24.87,0.02,110,273570,买盘
1727,11:17:05,24.85,--,22,54670,卖盘
1728,11:17:02,24.85,-0.01,6,14910,卖盘
1729,11:16:59,24.86,0.01,1,2486,买盘
1730,11:16:53,24.85,--,10,24850,卖盘
1731,11:16:50,24.85,-0.01,13,32305,买盘
1732,11:16:44,24.86,--,5,12430,卖盘
1733,11:16:35,24.86,--,20,49720,买盘
1734,11:16:29,24.86,--,10,24860,买盘
1735,11:16:26,24.86,0.01,24,59664,买盘
1736,11:16:23,24.85,-0.01,25,62125,卖盘
1737,11:16:20,24.86,0.01,6,14916,买盘
1738,11:16:14,24.85,-0.01,16,39760,卖盘
1739,11:16:02,24.86,--,9,22374,买盘
1740,11:15:59,24.86,--,20,49720,买盘
1741,11:15:56,24.86,--,35,87010,卖盘
1742,11:15:53,24.86,--,5,12430,卖盘
1743,11:15:50,24.86,-0.01,16,39776,卖盘
1744,11:15:47,24.87,--,1,2487,买盘
1745,11:15:44,24.87,0.01,27,67149,买盘
1746,11:15:38,24.86,--,32,79552,卖盘
1747,11:15:35,24.86,--,10,24860,卖盘
1748,11:15:32,24.86,--,7,17402,中性盘
1749,11:15:29,24.86,--,22,54692,买盘
1750,11:15:26,24.86,0.01,53,131758,买盘
1751,11:15:20,24.85,-0.01,11,27335,卖盘
1752,11:15:17,24.86,0.01,11,27346,买盘
1753,11:15:14,24.85,-0.01,16,39760,卖盘
1754,11:15:11,24.86,-0.01,4,9944,买盘
1755,11:15:08,24.87,--,10,24870,买盘
1756,11:15:05,24.87,--,24,59688,买盘
1757,11:14:53,24.87,0.01,4,9948,买盘
1758,11:14:50,24.86,--,16,39776,卖盘
1759,11:14:47,24.86,--,18,44748,卖盘
1760,11:14:44,24.86,--,9,22374,卖盘
1761,11:14:41,24.86,-0.01,10,24860,卖盘
1762,11:14:38,24.87,--,50,124350,买盘
1763,11:14:35,24.87,--,89,221343,卖盘
1764,11:14:32,24.87,0.01,10,24870,卖盘
1765,11:14:29,24.86,--,7,17402,卖盘
1766,11:14:26,24.86,-0.02,28,69608,卖盘
1767,11:14:23,24.88,--,34,84592,卖盘
1768,11:14:20,24.88,0.02,48,119424,卖盘
1769,11:14:17,24.86,--,35,87010,卖盘
1770,11:14:14,24.86,--,11,27346,卖盘
1771,11:14:08,24.86,--,11,27346,卖盘
1772,11:14:02,24.86,-0.02,6,14916,卖盘
1773,11:13:59,24.88,--,5,12440,买盘
1774,11:13:56,24.88,0.02,11,27368,中性盘
1775,11:13:50,24.86,-0.02,42,104412,卖盘
1776,11:13:44,24.88,-0.02,9,22392,卖盘
1777,11:13:38,24.9,--,5,12450,买盘
1778,11:13:35,24.9,--,17,42330,买盘
1779,11:13:32,24.9,--,143,356070,卖盘
1780,11:13:29,24.9,-0.01,323,804270,卖盘
1781,11:13:26,24.91,0.01,100,249100,买盘
1782,11:13:23,24.9,--,63,156870,买盘
1783,11:13:20,24.9,--,73,181770,买盘
1784,11:13:17,24.9,--,102,253980,卖盘
1785,11:13:14,24.9,-0.01,141,351090,卖盘
1786,11:13:11,24.91,-0.01,21,52311,卖盘
1787,11:13:08,24.92,0.01,78,194376,买盘
1788,11:13:02,24.91,0.02,52,129532,买盘
1789,11:12:59,24.89,0.01,199,495311,买盘
1790,11:12:53,24.88,-0.02,16,39808,买盘
1791,11:12:50,24.9,--,42,104580,卖盘
1792,11:12:47,24.9,--,225,560250,买盘
1793,11:12:44,24.9,--,37,92130,买盘
1794,11:12:38,24.9,0.01,40,99600,买盘
1795,11:12:35,24.89,0.03,100,248900,买盘
1796,11:12:32,24.86,--,56,139216,买盘
1797,11:12:29,24.86,-0.02,58,144188,卖盘
1798,11:12:26,24.88,0.02,234,582192,买盘
1799,11:12:23,24.86,0.01,16,39776,买盘
1800,11:12:20,24.85,--,30,74550,卖盘
1801,11:12:17,24.85,--,112,278320,卖盘
1802,11:12:14,24.85,-0.01,109,270865,卖盘
1803,11:12:08,24.86,-0.02,7,17402,卖盘
1804,11:12:05,24.88,0.02,212,527456,买盘
1805,11:12:02,24.86,--,28,69608,买盘
1806,11:11:59,24.86,0.01,16,39776,买盘
1807,11:11:56,24.85,-0.01,30,74550,卖盘
1808,11:11:53,24.86,0.01,8,19888,买盘
1809,11:11:50,24.85,0.09,1241,3084456,买盘
1810,11:11:44,24.76,-0.01,16,39616,卖盘
1811,11:11:41,24.77,0.01,4,9908,买盘
1812,11:11:38,24.76,--,213,529616,买盘
1813,11:11:29,24.76,0.01,17,42092,买盘
1814,11:11:23,24.75,--,36,89100,卖盘
1815,11:11:17,24.75,0.05,943,2333925,买盘
1816,11:11:14,24.7,-0.01,18,44460,卖盘
1817,11:11:08,24.71,0.01,11,27181,买盘
1818,11:10:59,24.7,--,58,143260,买盘
1819,11:10:53,24.7,--,7,17290,买盘
1820,11:10:50,24.7,0.02,7,17290,买盘
1821,11:10:47,24.68,0.01,27,66636,买盘
1822,11:10:44,24.67,0.01,7,17269,中性盘
1823,11:10:38,24.66,-0.04,11,27126,卖盘
1824,11:10:35,24.7,--,17,41990,买盘
1825,11:10:32,24.7,--,35,86450,买盘
1826,11:10:23,24.7,0.04,7,17290,买盘
1827,11:10:20,24.66,-0.04,3,7398,卖盘
1828,11:10:17,24.7,0.01,17,41990,买盘
1829,11:10:14,24.69,--,16,39504,卖盘
1830,11:10:08,24.69,-0.01,5,12345,卖盘
1831,11:10:02,24.7,0.01,7,17290,买盘
1832,11:09:59,24.69,-0.01,3,7407,卖盘
1833,11:09:56,24.7,--,35,86450,买盘
1834,11:09:53,24.7,--,8,19760,买盘
1835,11:09:50,24.7,--,6,14820,卖盘
1836,11:09:44,24.7,-0.02,30,74100,卖盘
1837,11:09:41,24.72,0.02,51,126072,买盘
1838,11:09:32,24.7,--,17,41990,卖盘
1839,11:09:29,24.7,-0.01,59,145730,卖盘
1840,11:09:20,24.71,0.01,73,180383,买盘
1841,11:09:14,24.7,-0.01,29,71630,卖盘
1842,11:09:08,24.71,0.01,13,32123,买盘
1843,11:09:05,24.7,-0.01,27,66690,卖盘
1844,11:08:56,24.71,0.01,27,66717,买盘
1845,11:08:53,24.7,--,5,12350,卖盘
1846,11:08:47,24.7,--,12,29640,卖盘
1847,11:08:44,24.7,--,11,27170,卖盘
1848,11:08:41,24.7,--,40,98800,卖盘
1849,11:08:38,24.7,-0.01,4,9880,卖盘
1850,11:08:35,24.71,0.01,9,22239,买盘
1851,11:08:29,24.7,--,34,83980,买盘
1852,11:08:26,24.7,--,7,17290,买盘
1853,11:08:23,24.7,--,5,12350,买盘
1854,11:08:17,24.7,--,24,59280,买盘
1855,11:08:14,24.7,--,7,17290,买盘
1856,11:08:11,24.7,-0.01,7,17290,卖盘
1857,11:08:02,24.71,--,10,24710,买盘
1858,11:07:59,24.71,0.01,5,12355,买盘
1859,11:07:56,24.7,-0.01,26,64220,卖盘
1860,11:07:50,24.71,0.01,7,17297,买盘
1861,11:07:47,24.7,0.01,10,24700,中性盘
1862,11:07:44,24.69,-0.01,21,51849,卖盘
1863,11:07:41,24.7,--,28,69160,卖盘
1864,11:07:38,24.7,-0.01,5,12350,卖盘
1865,11:07:35,24.71,--,17,42007,买盘
1866,11:07:29,24.71,0.01,11,27181,买盘
1867,11:07:26,24.7,-0.01,95,234650,卖盘
1868,11:07:20,24.71,0.01,23,56833,买盘
1869,11:07:14,24.7,--,22,54340,卖盘
1870,11:07:11,24.7,0.01,66,163020,中性盘
1871,11:07:05,24.69,-0.01,1,2469,卖盘
1872,11:07:02,24.7,--,35,86450,买盘
1873,11:06:59,24.7,0.01,8,19760,中性盘
1874,11:06:44,24.69,-0.01,9,22221,卖盘
1875,11:06:41,24.7,0.01,46,113620,买盘
1876,11:06:38,24.69,-0.01,5,12345,卖盘
1877,11:06:32,24.7,0.01,10,24700,买盘
1878,11:06:17,24.69,0.03,99,244677,买盘
1879,11:06:08,24.66,-0.02,12,29592,卖盘
1880,11:06:05,24.68,0.02,22,54296,买盘
1881,11:05:59,24.66,--,16,39456,买盘
1882,11:05:47,24.66,--,18,44388,买盘
1883,11:05:44,24.66,0.01,18,44388,买盘
1884,11:05:41,24.65,--,17,41905,卖盘
1885,11:05:38,24.65,-0.01,5,12325,卖盘
1886,11:05:35,24.66,--,8,19728,买盘
1887,11:05:29,24.66,--,1,2466,买盘
1888,11:05:23,24.66,--,9,22194,买盘
1889,11:05:14,24.66,0.03,8,19728,买盘
1890,11:05:11,24.63,-0.01,17,41871,卖盘
1891,11:05:08,24.64,-0.02,5,12320,卖盘
1892,11:05:05,24.66,--,2,4932,买盘
1893,11:05:02,24.66,--,10,24660,买盘
1894,11:04:53,24.66,0.03,7,17262,买盘
1895,11:04:47,24.63,--,10,24630,卖盘
1896,11:04:41,24.63,-0.03,17,41871,卖盘
1897,11:04:38,24.66,0.01,12,29592,买盘
1898,11:04:32,24.65,-0.01,17,41905,中性盘
1899,11:04:29,24.66,0.01,8,19728,买盘
1900,11:04:26,24.65,0.02,10,24650,买盘
1901,11:04:23,24.63,-0.02,18,44334,卖盘
1902,11:04:20,24.65,--,8,19720,买盘
1903,11:04:17,24.65,0.02,10,24650,买盘
1904,11:04:14,24.63,-0.02,9,22167,卖盘
1905,11:04:11,24.65,0.02,3,7395,买盘
1906,11:04:08,24.63,-0.03,40,98520,卖盘
1907,11:03:56,24.66,--,8,19728,买盘
1908,11:03:53,24.66,0.03,5,12330,买盘
1909,11:03:50,24.63,-0.03,3,7389,卖盘
1910,11:03:47,24.66,--,11,27126,买盘
1911,11:03:44,24.66,0.03,19,46854,买盘
1912,11:03:38,24.63,-0.03,4,9852,卖盘
1913,11:03:32,24.66,0.01,20,49320,买盘
1914,11:03:23,24.65,--,8,19720,买盘
1915,11:03:11,24.65,0.02,7,17255,中性盘
1916,11:03:05,24.63,-0.04,67,165021,卖盘
1917,11:03:02,24.67,0.03,9,22203,买盘
1918,11:02:59,24.64,-0.03,10,24640,卖盘
1919,11:02:56,24.67,--,5,12335,买盘
1920,11:02:50,24.67,0.02,7,17269,买盘
1921,11:02:44,24.65,-0.02,48,118320,卖盘
1922,11:02:41,24.67,0.02,13,32071,买盘
1923,11:02:38,24.65,--,10,24650,卖盘
1924,11:02:35,24.65,-0.02,21,51765,卖盘
1925,11:02:32,24.67,--,50,123350,买盘
1926,11:02:29,24.67,0.02,13,32071,买盘
1927,11:02:20,24.65,-0.02,2,4930,卖盘
1928,11:02:17,24.67,0.02,7,17269,买盘
1929,11:02:14,24.65,--,27,66555,卖盘
1930,11:02:08,24.65,-0.02,4,9860,卖盘
1931,11:02:05,24.67,0.02,8,19736,中性盘
1932,11:01:59,24.65,-0.02,10,24650,卖盘
1933,11:01:56,24.67,0.02,4,9868,买盘
1934,11:01:50,24.65,-0.02,36,88740,卖盘
1935,11:01:44,24.67,0.02,7,17269,买盘
1936,11:01:41,24.65,--,3,7395,卖盘
1937,11:01:38,24.65,-0.04,17,41905,卖盘
1938,11:01:35,24.69,--,30,74070,买盘
1939,11:01:32,24.69,--,13,32097,买盘
1940,11:01:29,24.69,--,25,61725,买盘
1941,11:01:26,24.69,--,1,2469,买盘
1942,11:01:23,24.69,--,7,17283,买盘
1943,11:01:20,24.69,0.02,25,62663,买盘
1944,11:01:14,24.67,-0.02,8,19736,卖盘
1945,11:01:11,24.69,0.02,8,19752,买盘
1946,11:01:08,24.67,--,9,22203,卖盘
1947,11:01:05,24.67,-0.02,10,24670,卖盘
1948,11:01:02,24.69,--,11,27159,买盘
1949,11:00:59,24.69,0.02,8,19752,买盘
1950,11:00:50,24.67,-0.01,37,91279,卖盘
1951,11:00:47,24.68,--,1,2468,卖盘
1952,11:00:44,24.68,--,24,59232,卖盘
1953,11:00:38,24.68,--,12,29616,卖盘
1954,11:00:35,24.68,--,12,29616,卖盘
1955,11:00:32,24.68,--,207,510876,买盘
1956,11:00:29,24.68,--,8,19744,买盘
1957,11:00:26,24.68,0.01,6,14808,买盘
1958,11:00:20,24.67,-0.01,15,37005,卖盘
1959,11:00:17,24.68,--,17,41956,买盘
1960,11:00:11,24.68,--,6,14808,买盘
1961,11:00:04,24.68,--,113,278884,卖盘
1962,10:59:58,24.68,-0.01,90,222120,卖盘
1963,10:59:52,24.69,--,24,59256,买盘
1964,10:59:49,24.69,--,10,24690,买盘
1965,10:59:46,24.69,--,20,49380,买盘
1966,10:59:43,24.69,--,13,32097,买盘
1967,10:59:40,24.69,-0.01,336,831806,卖盘
1968,10:59:37,24.7,--,8,19760,卖盘
1969,10:59:34,24.7,-0.02,20,49400,卖盘
1970,10:59:31,24.72,--,145,358440,买盘
1971,10:59:28,24.72,0.01,210,519120,买盘
1972,10:59:25,24.71,-0.02,41,101311,卖盘
1973,10:59:19,24.73,--,12,29676,买盘
1974,10:59:16,24.73,0.01,17,42041,买盘
1975,10:59:10,24.72,--,38,93936,卖盘
1976,10:59:07,24.72,--,12,31147,买盘
1977,10:59:04,24.72,-0.03,6,15820,卖盘
1978,10:58:55,24.75,0.01,22,55935,买盘
1979,10:58:52,24.74,--,6,14843,买盘
1980,10:58:49,24.74,-0.01,85,211823,卖盘
1981,10:58:46,24.75,--,22,54450,卖盘
1982,10:58:43,24.75,--,27,66825,卖盘
1983,10:58:40,24.75,0.02,319,789525,买盘
1984,10:58:37,24.73,-0.02,4,9892,卖盘
1985,10:58:34,24.75,0.02,164,407385,买盘
1986,10:58:31,24.73,--,96,237408,卖盘
1987,10:58:28,24.73,-0.02,24,59352,卖盘
1988,10:58:25,24.75,--,16,39600,买盘
1989,10:58:22,24.75,0.02,25,61875,买盘
1990,10:58:19,24.73,--,126,313526,买盘
1991,10:58:16,24.73,0.02,36,89028,买盘
1992,10:58:13,24.71,-0.01,21,51891,卖盘
1993,10:58:10,24.72,-0.01,195,482040,卖盘
1994,10:58:04,24.73,0.01,8,19784,买盘
1995,10:58:01,24.72,-0.01,6,14832,卖盘
1996,10:57:55,24.73,--,102,252246,买盘
1997,10:57:49,24.73,--,31,76663,买盘
1998,10:57:46,24.73,--,5,12365,买盘
1999,10:57:43,24.73,-0.02,79,196158,卖盘
2000,10:57:40,24.75,0.01,25,61875,买盘
2001,10:57:37,24.74,--,50,123699,卖盘
2002,10:57:34,24.74,--,2,4948,卖盘
2003,10:57:31,24.74,--,129,320828,买盘
2004,10:57:28,24.74,0.01,84,207816,买盘
2005,10:57:25,24.73,-0.01,22,55197,卖盘
2006,10:57:19,24.74,0.01,68,168232,买盘
2007,10:57:16,24.73,--,5,12365,卖盘
2008,10:57:13,24.73,--,19,46987,卖盘
2009,10:57:10,24.73,--,208,514384,卖盘
2010,10:57:04,24.73,--,23,56879,卖盘
2011,10:56:58,24.73,--,37,91501,卖盘
2012,10:56:55,24.73,0.01,175,434456,买盘
2013,10:56:49,24.72,--,13,32136,卖盘
2014,10:56:46,24.72,--,39,96408,中性盘
2015,10:56:40,24.72,0.02,9,22248,买盘
2016,10:56:37,24.7,-0.03,47,116090,卖盘
2017,10:56:34,24.73,0.02,80,197840,买盘
2018,10:56:31,24.71,-0.01,74,182854,卖盘
2019,10:56:25,24.72,--,15,37080,买盘
2020,10:56:22,24.72,0.01,17,42024,买盘
2021,10:56:19,24.71,-0.01,7,17297,卖盘
2022,10:56:16,24.72,0.02,42,103824,买盘
2023,10:56:13,24.7,--,57,140790,卖盘
2024,10:56:07,24.7,-0.01,58,143260,卖盘
2025,10:56:01,24.71,0.01,18,44478,买盘
2026,10:55:55,24.7,0.01,161,398905,买盘
2027,10:55:52,24.69,0.02,3,7407,中性盘
2028,10:55:49,24.67,--,92,226964,买盘
2029,10:55:46,24.67,0.02,10,24670,买盘
2030,10:55:43,24.65,-0.02,624,1538160,卖盘
2031,10:55:37,24.67,--,2,4934,买盘
2032,10:55:31,24.67,-0.02,17,41939,买盘
2033,10:55:28,24.69,0.04,18,44442,买盘
2034,10:55:19,24.65,-0.04,12,29580,卖盘
2035,10:55:16,24.69,--,7,17283,买盘
2036,10:55:13,24.69,-0.01,60,149374,卖盘
2037,10:55:10,24.7,0.01,22,54340,买盘
2038,10:55:07,24.69,--,17,41973,卖盘
2039,10:55:04,24.69,-0.01,12,29628,卖盘
2040,10:55:01,24.7,-0.01,11,27170,中性盘
2041,10:54:58,24.71,--,89,219919,买盘
2042,10:54:55,24.71,--,108,266868,买盘
2043,10:54:52,24.71,0.01,1,2471,买盘
2044,10:54:49,24.7,--,20,49400,买盘
2045,10:54:46,24.7,--,16,39520,买盘
2046,10:54:43,24.7,--,4,9880,买盘
2047,10:54:37,24.7,--,19,46930,买盘
2048,10:54:34,24.7,-0.03,8,19760,中性盘
2049,10:54:31,24.73,0.01,76,188937,买盘
2050,10:54:22,24.72,0.02,156,387115,买盘
2051,10:54:19,24.7,--,30,74100,买盘
2052,10:54:16,24.7,--,6,14820,买盘
2053,10:54:13,24.7,-0.03,67,166478,卖盘
2054,10:54:10,24.73,--,78,192894,买盘
2055,10:54:07,24.73,0.01,201,497073,买盘
2056,10:54:04,24.72,--,37,91464,买盘
2057,10:54:01,24.72,0.02,35,86520,中性盘
2058,10:53:58,24.7,-0.02,26,64220,卖盘
2059,10:53:55,24.72,-0.01,3,7416,卖盘
2060,10:53:52,24.73,--,45,111285,买盘
2061,10:53:49,24.73,0.03,213,526749,买盘
2062,10:53:46,24.7,-0.02,10,24700,卖盘
2063,10:53:43,24.72,--,559,1381848,卖盘
2064,10:53:40,24.72,-0.03,103,256890,卖盘
2065,10:53:37,24.75,--,107,264825,卖盘
2066,10:53:34,24.75,0.01,808,1999998,买盘
2067,10:53:31,24.74,0.04,57,141018,买盘
2068,10:53:28,24.7,-0.02,9,23712,卖盘
2069,10:53:25,24.72,-0.02,38,93936,卖盘
2070,10:53:22,24.74,0.04,13,32161,买盘
2071,10:53:16,24.7,--,16,39520,卖盘
2072,10:53:13,24.7,-0.02,44,108680,卖盘
2073,10:53:10,24.72,0.02,2,4944,买盘
2074,10:53:07,24.7,0.01,6,14820,中性盘
2075,10:53:04,24.69,--,233,575277,卖盘
2076,10:52:58,24.69,--,10,24690,卖盘
2077,10:52:52,24.69,--,18,44442,卖盘
2078,10:52:49,24.69,0.03,153,378991,买盘
2079,10:52:46,24.66,0.03,200,493200,买盘
2080,10:52:43,24.63,--,42,103446,卖盘
2081,10:52:40,24.63,--,2,4926,卖盘
2082,10:52:37,24.63,--,202,497526,卖盘
2083,10:52:34,24.63,--,1016,2502481,买盘
2084,10:52:31,24.63,0.01,23,56649,买盘
2085,10:52:28,24.62,--,3,7386,卖盘
2086,10:52:25,24.62,-0.01,575,1415650,卖盘
2087,10:52:22,24.63,--,163,401469,买盘
2088,10:52:16,24.63,--,37,91131,买盘
2089,10:52:13,24.63,--,8,19704,买盘
2090,10:52:07,24.63,0.02,184,454177,买盘
2091,10:52:04,24.61,--,11,27071,卖盘
2092,10:52:01,24.61,-0.01,2,4922,卖盘
2093,10:51:58,24.62,--,12,29544,买盘
2094,10:51:55,24.62,--,10,24620,买盘
2095,10:51:52,24.62,0.01,113,278206,买盘
2096,10:51:49,24.61,-0.01,43,105823,卖盘
2097,10:51:46,24.62,--,242,595804,买盘
2098,10:51:37,24.62,0.01,107,265206,买盘
2099,10:51:31,24.61,--,139,342079,买盘
2100,10:51:28,24.61,--,8,19688,买盘
2101,10:51:25,24.61,0.01,89,219029,买盘
2102,10:51:19,24.6,0.01,295,725896,买盘
2103,10:51:10,24.59,0.01,30,73770,买盘
2104,10:51:07,24.58,--,21,52158,卖盘
2105,10:51:04,24.58,--,41,100778,卖盘
2106,10:50:58,24.58,--,19,48619,买盘
2107,10:50:52,24.58,--,38,93944,卖盘
2108,10:50:43,24.58,--,16,39328,卖盘
2109,10:50:40,24.58,0.01,12,31413,买盘
2110,10:50:37,24.57,--,24,58968,卖盘
2111,10:50:34,24.57,-0.01,102,250614,卖盘
2112,10:50:31,24.58,--,8,19664,买盘
2113,10:50:22,24.58,--,8,19664,买盘
2114,10:50:19,24.58,--,19,46702,买盘
2115,10:50:10,24.58,0.02,7,17206,买盘
2116,10:50:07,24.56,--,5,12280,卖盘
2117,10:50:04,24.56,--,25,61400,买盘
2118,10:49:55,24.56,0.01,36,89889,买盘
2119,10:49:52,24.55,--,63,154665,买盘
2120,10:49:46,24.55,0.01,10,24550,买盘
2121,10:49:43,24.54,-0.01,19,46626,卖盘
2122,10:49:40,24.55,--,5,12275,买盘
2123,10:49:37,24.55,-0.01,10,25532,卖盘
2124,10:49:34,24.56,0.01,17,41752,买盘
2125,10:49:25,24.55,--,12,29460,卖盘
2126,10:49:22,24.55,-0.01,82,201310,卖盘
2127,10:49:16,24.56,0.01,7,17192,买盘
2128,10:49:13,24.55,--,27,66285,卖盘
2129,10:49:07,24.55,-0.03,4,9820,卖盘
2130,10:49:04,24.58,0.03,8,19664,买盘
2131,10:49:01,24.55,--,22,54010,卖盘
2132,10:48:58,24.55,--,6,14730,卖盘
2133,10:48:55,24.55,--,11,27005,卖盘
2134,10:48:52,24.55,-0.01,5,13748,卖盘
2135,10:48:40,24.56,--,8,20188,卖盘
2136,10:48:37,24.56,--,8,19648,卖盘
2137,10:48:34,24.56,--,5,12280,卖盘
2138,10:48:31,24.56,-0.02,8,21121,卖盘
2139,10:48:28,24.58,--,7,17206,买盘
2140,10:48:25,24.58,0.01,1,2458,买盘
2141,10:48:19,24.57,0.01,10,24570,中性盘
2142,10:48:13,24.56,-0.01,9,22104,卖盘
2143,10:48:10,24.57,-0.01,1,2457,卖盘
2144,10:48:07,24.58,0.01,11,27037,买盘
2145,10:48:04,24.57,0.01,15,36855,买盘
2146,10:48:01,24.56,-0.01,1,2456,卖盘
2147,10:47:58,24.57,0.01,7,17199,买盘
2148,10:47:40,24.56,--,4,9824,卖盘
2149,10:47:37,24.56,-0.01,42,103152,卖盘
2150,10:47:31,24.57,--,4,9828,卖盘
2151,10:47:25,24.57,--,3,7371,买盘
2152,10:47:22,24.57,0.01,4,9828,买盘
2153,10:47:13,24.56,--,9,22104,卖盘
2154,10:47:07,24.56,--,6,14736,卖盘
2155,10:47:04,24.56,--,2,4912,卖盘
2156,10:46:58,24.56,--,2,4912,卖盘
2157,10:46:52,24.56,-0.01,12,29472,卖盘
2158,10:46:49,24.57,--,5,12285,买盘
2159,10:46:46,24.57,0.01,12,29484,买盘
2160,10:46:40,24.56,-0.02,4,9824,卖盘
2161,10:46:37,24.58,0.02,5,12290,买盘
2162,10:46:34,24.56,-0.01,90,221040,卖盘
2163,10:46:22,24.57,--,12,29484,卖盘
2164,10:46:16,24.57,--,14,34398,卖盘
2165,10:46:07,24.57,--,6,14742,卖盘
2166,10:46:04,24.57,--,3,7371,卖盘
2167,10:46:01,24.57,--,13,31941,卖盘
2168,10:45:49,24.57,--,1,2457,买盘
2169,10:45:40,24.57,--,25,61425,买盘
2170,10:45:37,24.57,--,1,2457,买盘
2171,10:45:31,24.57,-0.02,5,12285,卖盘
2172,10:45:07,24.59,0.02,17,41803,买盘
2173,10:45:01,24.57,--,33,81081,卖盘
2174,10:44:58,24.57,-0.02,2,4914,卖盘
2175,10:44:55,24.59,0.01,18,44262,买盘
2176,10:44:52,24.58,--,5,12290,买盘
2177,10:44:46,24.58,0.01,10,24580,买盘
2178,10:44:43,24.57,-0.01,4,9828,卖盘
2179,10:44:40,24.58,-0.01,2,4916,买盘
2180,10:44:37,24.59,0.02,131,322129,买盘
2181,10:44:34,24.57,--,13,31941,买盘
2182,10:44:31,24.57,--,20,49140,卖盘
2183,10:44:22,24.57,-0.01,4,9828,卖盘
2184,10:44:16,24.58,0.01,4,9832,买盘
2185,10:44:13,24.57,--,25,61425,卖盘
2186,10:44:07,24.57,--,5,12285,卖盘
2187,10:44:04,24.57,-0.01,5,12285,卖盘
2188,10:44:01,24.58,0.01,6,14747,买盘
2189,10:43:58,24.57,-0.02,33,81081,卖盘
2190,10:43:52,24.59,--,5,12295,买盘
2191,10:43:40,24.59,0.01,5,12295,买盘
2192,10:43:37,24.58,-0.01,7,17206,卖盘
2193,10:43:34,24.59,--,17,41803,买盘
2194,10:43:31,24.59,0.01,86,211474,买盘
2195,10:43:28,24.58,-0.01,4,9832,卖盘
2196,10:43:25,24.59,--,5,12295,买盘
2197,10:43:22,24.59,--,27,66393,买盘
2198,10:43:13,24.59,0.01,213,523767,买盘
2199,10:43:10,24.58,0.01,9,22122,买盘
2200,10:43:07,24.57,-0.01,4,9828,卖盘
2201,10:43:04,24.58,--,5,12290,买盘
2202,10:42:58,24.58,0.01,93,228593,买盘
2203,10:42:55,24.57,-0.01,42,103194,卖盘
2204,10:42:52,24.58,0.01,6,14747,买盘
2205,10:42:46,24.57,--,10,24570,卖盘
2206,10:42:43,24.57,-0.01,5,12285,卖盘
2207,10:42:40,24.58,0.02,94,231051,买盘
2208,10:42:37,24.56,-0.01,15,36840,卖盘
2209,10:42:34,24.57,0.01,35,85995,买盘
2210,10:42:28,24.56,-0.01,109,267704,卖盘
2211,10:42:25,24.57,--,38,93366,买盘
2212,10:42:22,24.57,--,13,31941,买盘
2213,10:42:19,24.57,--,81,199017,买盘
2214,10:42:16,24.57,0.01,80,196560,买盘
2215,10:42:13,24.56,--,65,159640,卖盘
2216,10:42:07,24.56,-0.01,26,63856,卖盘
2217,10:42:04,24.57,0.01,24,58968,买盘
2218,10:42:01,24.56,--,48,118035,卖盘
2219,10:41:58,24.56,--,3,7662,买盘
2220,10:41:55,24.56,--,15,36840,买盘
2221,10:41:49,24.56,--,107,262792,买盘
2222,10:41:46,24.56,--,20,49120,买盘
2223,10:41:43,24.56,0.01,222,545232,买盘
2224,10:41:37,24.55,-0.01,29,71195,卖盘
2225,10:41:34,24.56,0.01,13,31928,买盘
2226,10:41:31,24.55,--,3,7365,卖盘
2227,10:41:28,24.55,-0.01,48,117840,卖盘
2228,10:41:25,24.56,--,48,117888,买盘
2229,10:41:22,24.56,--,25,61400,买盘
2230,10:41:10,24.56,0.01,50,122800,买盘
2231,10:41:07,24.55,-0.01,4,9820,中性盘
2232,10:41:01,24.56,0.01,211,518216,买盘
2233,10:40:58,24.55,--,122,299510,买盘
2234,10:40:52,24.55,--,60,147300,买盘
2235,10:40:49,24.55,--,206,505730,卖盘
2236,10:40:46,24.55,--,4,9820,卖盘
2237,10:40:39,24.55,--,107,262685,买盘
2238,10:40:36,24.55,0.01,48,117840,买盘
2239,10:40:33,24.54,-0.01,54,132516,卖盘
2240,10:40:30,24.55,--,1,2455,买盘
2241,10:40:27,24.55,--,151,370705,买盘
2242,10:40:24,24.55,--,6,14730,买盘
2243,10:40:21,24.55,--,7,17185,买盘
2244,10:40:18,24.55,-0.01,181,444355,中性盘
2245,10:40:09,24.56,0.01,23,56488,买盘
2246,10:40:06,24.55,--,114,279870,买盘
2247,10:40:03,24.55,-0.01,375,922785,卖盘
2248,10:40:00,24.56,0.01,10,24560,买盘
2249,10:39:57,24.55,--,25,61375,卖盘
2250,10:39:54,24.55,-0.01,316,775780,卖盘
2251,10:39:48,24.56,--,51,125256,买盘
2252,10:39:42,24.56,--,121,297176,买盘
2253,10:39:39,24.56,--,9,22104,买盘
2254,10:39:33,24.56,0.01,20,49120,买盘
2255,10:39:27,24.55,-0.01,25,61375,卖盘
2256,10:39:24,24.56,0.01,1,2456,买盘
2257,10:39:21,24.55,--,110,270344,买盘
2258,10:39:15,24.55,0.01,9,22095,买盘
2259,10:39:06,24.54,-0.01,5,12270,卖盘
2260,10:39:03,24.55,0.02,14,34370,买盘
2261,10:39:00,24.53,-0.01,14,34342,卖盘
2262,10:38:57,24.54,-0.01,1,2454,中性盘
2263,10:38:54,24.55,--,41,100655,买盘
2264,10:38:48,24.55,--,1,2455,买盘
2265,10:38:42,24.55,0.02,5,12275,买盘
2266,10:38:36,24.53,-0.01,14,34342,卖盘
2267,10:38:33,24.54,--,68,166872,买盘
2268,10:38:24,24.54,--,10,24540,买盘
2269,10:38:21,24.54,--,3,7362,买盘
2270,10:38:09,24.54,0.02,10,24540,买盘
2271,10:38:00,24.52,-0.01,9,22068,卖盘
2272,10:37:57,24.53,-0.01,57,139821,卖盘
2273,10:37:54,24.54,--,10,24540,买盘
2274,10:37:51,24.54,0.01,8,19632,买盘
2275,10:37:45,24.53,0.01,3,7359,中性盘
2276,10:37:39,24.52,--,101,247652,卖盘
2277,10:37:36,24.52,-0.01,4,9808,卖盘
2278,10:37:33,24.53,--,26,63778,买盘
2279,10:37:30,24.53,--,73,179069,买盘
2280,10:37:24,24.53,--,20,49060,买盘
2281,10:37:21,24.53,--,55,134915,卖盘
2282,10:37:15,24.53,--,9,22077,卖盘
2283,10:37:09,24.53,--,11,26983,卖盘
2284,10:37:03,24.53,-0.01,101,247753,卖盘
2285,10:37:00,24.54,--,10,24540,卖盘
2286,10:36:57,24.54,0.01,40,98160,买盘
2287,10:36:54,24.53,-0.02,20,49060,卖盘
2288,10:36:48,24.55,0.02,19,46645,买盘
2289,10:36:45,24.53,-0.01,101,247753,卖盘
2290,10:36:42,24.54,0.01,3,7362,中性盘
2291,10:36:33,24.53,--,9,22077,卖盘
2292,10:36:30,24.53,-0.01,20,49060,卖盘
2293,10:36:27,24.54,--,143,350922,卖盘
2294,10:36:18,24.54,-0.01,50,122700,卖盘
2295,10:36:15,24.55,0.01,19,46645,买盘
2296,10:36:12,24.54,0.01,61,149694,买盘
2297,10:36:06,24.53,-0.01,130,318890,卖盘
2298,10:36:03,24.54,0.01,38,93252,买盘
2299,10:36:00,24.53,-0.01,9,22077,卖盘
2300,10:35:57,24.54,--,1,2454,买盘
2301,10:35:54,24.54,--,9,22086,买盘
2302,10:35:51,24.54,--,24,58896,卖盘
2303,10:35:48,24.54,--,6,14724,卖盘
2304,10:35:45,24.54,-0.01,20,49080,中性盘
2305,10:35:33,24.55,0.01,107,264845,买盘
2306,10:35:30,24.54,--,17,41718,卖盘
2307,10:35:27,24.54,--,52,127608,卖盘
2308,10:35:24,24.54,--,5,12270,卖盘
2309,10:35:21,24.54,--,89,218700,买盘
2310,10:35:15,24.54,-0.02,31,78233,卖盘
2311,10:35:00,24.56,0.02,9,22104,买盘
2312,10:34:57,24.54,--,52,127608,卖盘
2313,10:34:54,24.54,-0.02,136,333744,卖盘
2314,10:34:33,24.56,0.02,17,41752,买盘
2315,10:34:30,24.54,--,9,22086,卖盘
2316,10:34:27,24.54,-0.02,52,127608,卖盘
2317,10:34:21,24.56,0.01,37,90872,买盘
2318,10:34:18,24.55,0.01,2,4910,中性盘
2319,10:34:03,24.54,--,9,22086,卖盘
2320,10:34:00,24.54,-0.02,52,127608,卖盘
2321,10:33:51,24.56,0.01,10,24560,买盘
2322,10:33:48,24.55,--,70,171850,卖盘
2323,10:33:39,24.55,0.01,412,1011558,买盘
2324,10:33:36,24.54,--,1,2454,卖盘
2325,10:33:30,24.54,--,9,22086,卖盘
2326,10:33:21,24.54,-0.01,7,17178,卖盘
2327,10:33:18,24.55,--,1,2455,买盘
2328,10:33:15,24.55,0.01,17,41735,买盘
2329,10:33:09,24.54,-0.01,3,7362,卖盘
2330,10:33:03,24.55,--,122,299510,买盘
2331,10:33:00,24.55,--,1,2455,买盘
2332,10:32:57,24.55,--,29,71195,买盘
2333,10:32:48,24.55,--,3,7365,买盘
2334,10:32:36,24.55,--,50,122750,买盘
2335,10:32:33,24.55,--,5,12275,买盘
2336,10:32:27,24.55,--,14,36726,卖盘
2337,10:32:24,24.55,--,8,19738,买盘
2338,10:32:21,24.55,--,2,4910,买盘
2339,10:32:15,24.55,--,63,157021,卖盘
2340,10:32:03,24.55,--,9,22095,卖盘
2341,10:31:57,24.55,-0.01,312,765960,卖盘
2342,10:31:54,24.56,-0.01,2,4912,卖盘
2343,10:31:45,24.57,0.01,9,22113,买盘
2344,10:31:36,24.56,--,247,606754,买盘
2345,10:31:33,24.56,0.01,17,41752,买盘
2346,10:31:30,24.55,-0.01,11,27005,卖盘
2347,10:31:27,24.56,--,7,17192,买盘
2348,10:31:18,24.56,--,42,105485,卖盘
2349,10:31:15,24.56,--,2,4912,卖盘
2350,10:31:12,24.56,--,41,100818,买盘
2351,10:31:09,24.56,--,100,245600,买盘
2352,10:31:06,24.56,0.01,65,159640,买盘
2353,10:31:00,24.55,-0.01,59,144845,卖盘
2354,10:30:57,24.56,-0.01,97,238232,卖盘
2355,10:30:51,24.57,--,10,24570,买盘
2356,10:30:45,24.57,--,27,66339,买盘
2357,10:30:39,24.57,0.01,12,29484,买盘
2358,10:30:33,24.56,--,9,22104,卖盘
2359,10:30:24,24.56,--,37,90872,卖盘
2360,10:30:21,24.56,-0.01,2,4912,卖盘
2361,10:30:18,24.57,0.01,8,19656,买盘
2362,10:30:15,24.56,-0.01,6,14736,卖盘
2363,10:30:06,24.57,0.02,60,148157,买盘
2364,10:30:00,24.55,--,9,22095,卖盘
2365,10:29:54,24.55,--,37,90835,卖盘
2366,10:29:45,24.55,-0.02,8,19640,卖盘
2367,10:29:42,24.57,0.02,50,122850,买盘
2368,10:29:39,24.55,-0.02,3,7365,卖盘
2369,10:29:36,24.57,0.02,50,122850,买盘
2370,10:29:33,24.55,-0.02,11,27005,卖盘
2371,10:29:30,24.57,0.01,10,24570,买盘
2372,10:29:27,24.56,--,103,252968,买盘
2373,10:29:15,24.56,--,16,39296,买盘
2374,10:29:12,24.56,--,1,2456,买盘
2375,10:29:09,24.56,0.01,39,95784,买盘
2376,10:29:03,24.55,--,1,3191,卖盘
2377,10:29:00,24.55,-0.01,19,46645,卖盘
2378,10:28:57,24.56,--,20,49120,买盘
2379,10:28:54,24.56,--,70,171920,买盘
2380,10:28:42,24.56,0.01,18,44208,买盘
2381,10:28:39,24.55,-0.01,8,19640,卖盘
2382,10:28:36,24.56,0.01,17,41752,买盘
2383,10:28:33,24.55,-0.01,10,24550,卖盘
2384,10:28:27,24.56,0.01,2,4912,买盘
2385,10:28:24,24.55,-0.01,23,56465,卖盘
2386,10:28:21,24.56,0.01,88,216128,买盘
2387,10:28:09,24.55,--,9,22095,卖盘
2388,10:28:03,24.55,--,1,3191,卖盘
2389,10:28:00,24.55,-0.01,23,56465,卖盘
2390,10:27:57,24.56,0.01,73,179509,买盘
2391,10:27:54,24.55,--,9,22095,买盘
2392,10:27:48,24.55,0.01,100,245500,买盘
2393,10:27:45,24.54,-0.01,3,7362,卖盘
2394,10:27:42,24.55,--,19,46645,买盘
2395,10:27:39,24.55,--,6,14730,买盘
2396,10:27:33,24.55,--,2,4910,买盘
2397,10:27:21,24.55,--,24,58920,买盘
2398,10:27:15,24.55,--,92,228094,卖盘
2399,10:27:12,24.55,-0.01,8,19640,卖盘
2400,10:27:06,24.56,0.01,24,58944,买盘
2401,10:27:00,24.55,--,1,3191,卖盘
2402,10:26:57,24.55,--,28,68740,卖盘
2403,10:26:48,24.55,--,20,49100,卖盘
2404,10:26:45,24.55,--,3,7365,卖盘
2405,10:26:42,24.55,-0.01,21,51555,卖盘
2406,10:26:36,24.56,0.01,1,2456,买盘
2407,10:26:33,24.55,--,28,68740,卖盘
2408,10:26:30,24.55,--,2,4910,卖盘
2409,10:26:27,24.55,--,1,2455,卖盘
2410,10:26:12,24.55,-0.01,104,257259,卖盘
2411,10:26:00,24.56,--,0,1719,卖盘
2412,10:25:54,24.56,-0.02,1,2456,卖盘
2413,10:25:42,24.58,--,12,29495,买盘
2414,10:25:39,24.58,0.02,9,22122,买盘
2415,10:25:36,24.56,--,3,7368,卖盘
2416,10:25:33,24.56,--,28,68768,卖盘
2417,10:25:30,24.56,-0.01,6,14736,卖盘
2418,10:25:27,24.57,0.01,10,24570,买盘
2419,10:25:21,24.56,--,10,24560,卖盘
2420,10:25:09,24.56,-0.01,33,81048,卖盘
2421,10:25:03,24.57,-0.01,1,3194,中性盘
2422,10:24:57,24.58,0.01,19,46702,买盘
2423,10:24:45,24.57,--,2,4914,买盘
2424,10:24:36,24.57,--,8,21646,卖盘
2425,10:24:33,24.57,--,20,49140,卖盘
2426,10:24:24,24.57,--,12,29484,卖盘
2427,10:24:12,24.57,-0.01,9,22113,卖盘
2428,10:24:09,24.58,0.01,3,7373,买盘
2429,10:24:06,24.57,-0.01,2,5626,卖盘
2430,10:24:03,24.58,0.01,17,41786,中性盘
2431,10:23:51,24.57,-0.02,50,122850,卖盘
2432,10:23:45,24.59,0.02,27,68606,买盘
2433,10:23:42,24.57,0.03,9,22113,中性盘
2434,10:23:36,24.54,-0.04,510,1251540,卖盘
2435,10:23:33,24.58,--,3,7373,买盘
2436,10:23:24,24.58,--,12,29741,卖盘
2437,10:23:21,24.58,--,27,66366,卖盘
2438,10:23:18,24.58,--,12,29495,卖盘
2439,10:23:15,24.58,--,14,34412,卖盘
2440,10:23:03,24.58,--,1,3195,卖盘
2441,10:22:57,24.58,--,2,4916,卖盘
2442,10:22:51,24.58,-0.01,42,103236,卖盘
2443,10:22:42,24.59,--,9,22131,卖盘
2444,10:22:36,24.59,--,7,17213,买盘
2445,10:22:27,24.59,-0.01,10,24590,卖盘
2446,10:22:24,24.6,0.01,130,319800,买盘
2447,10:22:21,24.59,--,55,136966,卖盘
2448,10:22:12,24.59,--,30,73770,卖盘
2449,10:22:09,24.59,-0.01,10,24590,卖盘
2450,10:22:06,24.6,0.01,5,12300,买盘
2451,10:22:00,24.59,--,1,3196,卖盘
2452,10:21:54,24.59,--,3,7377,卖盘
2453,10:21:51,24.59,--,40,98360,卖盘
2454,10:21:48,24.59,--,10,24590,买盘
2455,10:21:45,24.59,0.01,4,9836,买盘
2456,10:21:42,24.58,--,9,22122,卖盘
2457,10:21:36,24.58,--,5,12290,卖盘
2458,10:21:20,24.58,-0.01,19,46702,卖盘
2459,10:21:14,24.59,--,18,44262,买盘
2460,10:21:02,24.59,0.01,17,41803,买盘
2461,10:20:56,24.58,--,61,151412,买盘
2462,10:20:53,24.58,0.01,8,19664,买盘
2463,10:20:50,24.57,--,5,12285,卖盘
2464,10:20:47,24.57,--,2,4914,卖盘
2465,10:20:41,24.57,--,9,22113,卖盘
2466,10:20:35,24.57,--,2,4914,卖盘
2467,10:20:29,24.57,0.01,19,47395,买盘
2468,10:20:20,24.56,--,5,12280,卖盘
2469,10:20:11,24.56,-0.01,27,68055,卖盘
2470,10:20:05,24.57,--,10,24570,卖盘
2471,10:19:59,24.57,--,43,106363,卖盘
2472,10:19:56,24.57,0.01,38,93366,买盘
2473,10:19:50,24.56,-0.02,20,49120,卖盘
2474,10:19:38,24.58,--,8,19664,买盘
2475,10:19:32,24.58,0.02,17,41786,买盘
2476,10:19:26,24.56,--,3,7368,买盘
2477,10:19:20,24.56,-0.02,25,61400,卖盘
2478,10:19:17,24.58,--,1,2458,买盘
2479,10:19:08,24.58,--,15,36870,卖盘
2480,10:19:05,24.58,--,20,49160,卖盘
2481,10:18:59,24.58,--,3,7373,卖盘
2482,10:18:56,24.58,--,8,19664,卖盘
2483,10:18:53,24.58,--,46,113067,卖盘
2484,10:18:50,24.58,0.02,54,132732,买盘
2485,10:18:47,24.56,-0.02,34,83504,卖盘
2486,10:18:44,24.58,--,12,29495,卖盘
2487,10:18:38,24.58,--,7,17206,买盘
2488,10:18:32,24.58,0.02,50,122899,买盘
2489,10:18:26,24.56,--,1,2456,卖盘
2490,10:18:20,24.56,-0.02,28,68768,卖盘
2491,10:18:14,24.58,--,15,36870,买盘
2492,10:18:05,24.58,0.01,17,41786,买盘
2493,10:18:02,24.57,-0.01,31,76904,卖盘
2494,10:17:56,24.58,0.01,10,24580,买盘
2495,10:17:50,24.57,0.01,38,93366,买盘
2496,10:17:44,24.56,-0.02,15,36840,卖盘
2497,10:17:38,24.58,0.02,22,54075,买盘
2498,10:17:35,24.56,-0.02,7,17192,卖盘
2499,10:17:32,24.58,0.02,14,34412,买盘
2500,10:17:23,24.56,-0.01,49,120344,卖盘
2501,10:17:20,24.57,--,31,76167,买盘
2502,10:17:14,24.57,0.01,50,122850,买盘
2503,10:17:05,24.56,--,2,4912,卖盘
2504,10:17:02,24.56,0.01,5,12280,买盘
2505,10:16:59,24.55,-0.02,1,3191,卖盘
2506,10:16:56,24.57,--,50,122850,买盘
2507,10:16:32,24.57,--,17,41769,买盘
2508,10:16:26,24.57,-0.03,75,184275,卖盘
2509,10:16:23,24.6,--,9,22140,买盘
2510,10:16:20,24.6,0.06,9,22140,买盘
2511,10:16:08,24.54,-0.04,500,1227000,卖盘
2512,10:16:02,24.58,-0.01,12,29495,卖盘
2513,10:15:59,24.59,--,12,29508,卖盘
2514,10:15:56,24.59,-0.02,3,7377,卖盘
2515,10:15:53,24.61,--,59,145592,卖盘
2516,10:15:47,24.61,-0.01,8,19688,卖盘
2517,10:15:41,24.62,--,32,78784,买盘
2518,10:15:35,24.62,0.01,4,9848,买盘
2519,10:15:32,24.61,-0.01,4,9844,卖盘
2520,10:15:26,24.62,--,2,4924,买盘
2521,10:15:23,24.62,--,26,65735,卖盘
2522,10:15:20,24.62,--,3,7386,卖盘
2523,10:15:17,24.62,--,18,44316,卖盘
2524,10:15:14,24.62,--,2,4924,卖盘
2525,10:15:08,24.62,--,141,347142,卖盘
2526,10:15:05,24.62,--,23,57364,卖盘
2527,10:14:56,24.62,--,1,2462,卖盘
2528,10:14:50,24.62,--,17,41854,买盘
2529,10:14:41,24.62,--,3,7386,买盘
2530,10:14:38,24.62,-0.01,4,9848,卖盘
2531,10:14:32,24.63,--,100,246300,买盘
2532,10:14:20,24.63,0.01,22,54186,买盘
2533,10:14:17,24.62,--,53,130486,卖盘
2534,10:14:14,24.62,--,78,192036,买盘
2535,10:14:02,24.62,--,9,22896,买盘
2536,10:13:53,24.62,0.01,30,73860,买盘
2537,10:13:47,24.61,-0.01,52,127972,卖盘
2538,10:13:44,24.62,--,20,49240,买盘
2539,10:13:41,24.62,--,7,17234,卖盘
2540,10:13:38,24.62,-0.01,10,24620,卖盘
2541,10:13:35,24.63,0.01,615,1514745,买盘
2542,10:13:32,24.62,--,1,2462,卖盘
2543,10:13:29,24.62,-0.01,3,7386,卖盘
2544,10:13:23,24.63,--,36,88668,买盘
2545,10:13:20,24.63,0.01,13,32019,买盘
2546,10:13:17,24.62,-0.01,92,226504,卖盘
2547,10:13:14,24.63,0.01,4,9852,买盘
2548,10:13:11,24.62,--,20,49240,卖盘
2549,10:13:08,24.62,--,7,17234,买盘
2550,10:13:05,24.62,0.01,83,204346,买盘
2551,10:12:59,24.61,-0.01,1,3174,卖盘
2552,10:12:53,24.62,0.01,40,98480,买盘
2553,10:12:50,24.61,--,12,29532,卖盘
2554,10:12:47,24.61,--,9,22149,卖盘
2555,10:12:44,24.61,--,40,98440,卖盘
2556,10:12:41,24.61,0.01,22,54757,买盘
2557,10:12:38,24.6,--,34,83640,卖盘
2558,10:12:35,24.6,--,19,46740,卖盘
2559,10:12:32,24.6,--,12,29520,卖盘
2560,10:12:20,24.6,-0.01,9,22140,卖盘
2561,10:12:14,24.61,0.01,18,44298,买盘
2562,10:12:11,24.6,0.01,66,162360,买盘
2563,10:12:02,24.59,--,2,4918,买盘
2564,10:11:56,24.59,0.01,16,40081,买盘
2565,10:11:53,24.58,--,1,2458,卖盘
2566,10:11:47,24.58,--,34,84309,买盘
2567,10:11:35,24.58,0.01,88,216303,买盘
2568,10:11:26,24.57,--,71,174447,买盘
2569,10:11:17,24.57,-0.01,255,628254,卖盘
2570,10:11:05,24.58,0.01,6,14747,买盘
2571,10:11:02,24.57,-0.03,26,64619,卖盘
2572,10:10:59,24.6,0.02,10,24600,买盘
2573,10:10:56,24.58,--,11,27037,卖盘
2574,10:10:53,24.58,0.01,1,2458,中性盘
2575,10:10:50,24.57,0.01,1,2457,卖盘
2576,10:10:47,24.56,-0.02,108,265248,卖盘
2577,10:10:41,24.58,--,12,30012,买盘
2578,10:10:38,24.58,--,30,73740,买盘
2579,10:10:32,24.58,0.02,9,22122,买盘
2580,10:10:29,24.56,0.01,4,9824,卖盘
2581,10:10:17,24.55,-0.03,108,265140,卖盘
2582,10:10:11,24.58,0.02,100,245799,买盘
2583,10:10:08,24.56,0.01,110,270160,买盘
2584,10:10:05,24.55,--,5,12275,卖盘
2585,10:09:56,24.55,-0.01,54,133281,卖盘
2586,10:09:50,24.56,0.01,8,19648,买盘
2587,10:09:47,24.55,-0.01,107,262685,卖盘
2588,10:09:38,24.56,0.01,1,2456,买盘
2589,10:09:35,24.55,-0.01,50,122750,卖盘
2590,10:09:32,24.56,--,22,54032,买盘
2591,10:09:26,24.56,0.01,691,1697096,买盘
2592,10:09:23,24.55,-0.01,11,27005,卖盘
2593,10:09:17,24.56,0.01,10,24560,买盘
2594,10:09:14,24.55,-0.01,3,7365,卖盘
2595,10:09:11,24.56,--,10,24560,买盘
2596,10:09:05,24.56,0.01,17,41752,买盘
2597,10:09:02,24.55,--,1,3191,卖盘
2598,10:08:47,24.55,-0.01,33,81015,卖盘
2599,10:08:41,24.56,-0.01,16,40278,卖盘
2600,10:08:38,24.57,0.01,461,1132677,买盘
2601,10:08:32,24.56,-0.01,9,22104,卖盘
2602,10:08:23,24.57,--,7,17199,买盘
2603,10:08:20,24.57,0.01,2,4914,买盘
2604,10:08:17,24.56,-0.01,55,135080,卖盘
2605,10:08:11,24.57,0.01,28,68796,买盘
2606,10:08:08,24.56,-0.01,15,36840,卖盘
2607,10:08:05,24.57,0.01,12,29484,买盘
2608,10:08:02,24.56,--,10,24560,卖盘
2609,10:07:59,24.56,--,1,3192,卖盘
2610,10:07:56,24.56,-0.01,15,36840,卖盘
2611,10:07:44,24.57,0.01,69,169533,买盘
2612,10:07:38,24.56,-0.01,30,73680,卖盘
2613,10:07:35,24.57,--,17,41769,买盘
2614,10:07:32,24.57,0.01,10,24570,买盘
2615,10:07:29,24.56,-0.01,32,78592,卖盘
2616,10:07:23,24.57,--,2,4914,买盘
2617,10:07:14,24.57,0.01,59,144963,买盘
2618,10:07:11,24.56,--,5,12280,卖盘
2619,10:07:05,24.56,-0.01,12,29472,卖盘
2620,10:07:02,24.57,0.01,2,5651,买盘
2621,10:06:56,24.56,0.01,29,71224,买盘
2622,10:06:53,24.55,--,5,12275,卖盘
2623,10:06:50,24.55,-0.01,3,7365,卖盘
2624,10:06:47,24.56,-0.01,5,12280,中性盘
2625,10:06:32,24.57,0.01,12,29484,买盘
2626,10:06:29,24.56,--,2,4912,卖盘
2627,10:06:26,24.56,0.01,7,17192,中性盘
2628,10:06:20,24.55,-0.01,538,1320790,卖盘
2629,10:06:17,24.56,-0.01,2,4912,卖盘
2630,10:06:14,24.57,0.01,10,24570,买盘
2631,10:06:11,24.56,-0.01,4,9824,卖盘
2632,10:06:08,24.57,0.01,34,83538,买盘
2633,10:06:05,24.56,--,19,46664,卖盘
2634,10:06:02,24.56,-0.01,1,3192,卖盘
2635,10:05:56,24.57,0.01,5,12285,买盘
2636,10:05:50,24.56,-0.01,23,56488,卖盘
2637,10:05:44,24.57,--,79,195822,卖盘
2638,10:05:38,24.57,-0.01,29,71253,卖盘
2639,10:05:35,24.58,--,6,14747,买盘
2640,10:05:29,24.58,0.01,22,54075,买盘
2641,10:05:26,24.57,--,2,4914,卖盘
2642,10:05:20,24.57,-0.01,2,4914,卖盘
2643,10:05:17,24.58,0.01,100,245799,买盘
2644,10:05:11,24.57,-0.01,67,164619,卖盘
2645,10:05:08,24.58,--,30,73740,买盘
2646,10:05:05,24.58,0.01,51,125357,买盘
2647,10:04:59,24.57,-0.01,1,3194,卖盘
2648,10:04:56,24.58,--,21,51618,买盘
2649,10:04:50,24.58,--,54,132732,买盘
2650,10:04:47,24.58,0.01,10,24580,买盘
2651,10:04:44,24.57,-0.01,67,164619,卖盘
2652,10:04:41,24.58,--,10,24580,买盘
2653,10:04:35,24.58,--,22,54075,买盘
2654,10:04:32,24.58,--,19,46702,买盘
2655,10:04:29,24.58,--,3,7373,买盘
2656,10:04:26,24.58,--,31,76198,买盘
2657,10:04:20,24.58,0.01,1150,2826700,买盘
2658,10:04:11,24.57,--,5,12285,买盘
2659,10:03:59,24.57,0.01,10,24570,买盘
2660,10:03:53,24.56,-0.01,11,27728,卖盘
2661,10:03:50,24.57,0.01,89,218673,买盘
2662,10:03:47,24.56,--,100,245600,卖盘
2663,10:03:41,24.56,0.01,40,98240,买盘
2664,10:03:29,24.55,--,2,4910,卖盘
2665,10:03:23,24.55,--,28,68740,买盘
2666,10:03:14,24.55,0.01,7,17185,买盘
2667,10:03:11,24.54,--,2,4908,卖盘
2668,10:03:08,24.54,-0.01,34,83436,卖盘
2669,10:03:05,24.55,--,2,4910,买盘
2670,10:03:02,24.55,0.01,17,41735,买盘
2671,10:02:56,24.54,--,152,373008,卖盘
2672,10:02:53,24.54,--,1,3190,卖盘
2673,10:02:47,24.54,--,7,17178,买盘
2674,10:02:44,24.54,--,1,2454,买盘
2675,10:02:41,24.54,0.01,2,4908,买盘
2676,10:02:35,24.53,--,1,2453,卖盘
2677,10:02:29,24.53,-0.02,1,2453,卖盘
2678,10:02:26,24.55,--,1,2455,买盘
2679,10:02:23,24.55,--,9,22095,买盘
2680,10:02:17,24.55,0.03,78,192226,买盘
2681,10:02:14,24.52,--,11,28688,卖盘
2682,10:02:02,24.52,--,7,17164,卖盘
2683,10:01:58,24.52,0.02,1,3187,卖盘
2684,10:01:46,24.5,--,117,287703,买盘
2685,10:01:40,24.5,--,3,7350,买盘
2686,10:01:34,24.5,--,95,232750,买盘
2687,10:01:31,24.5,--,4,9800,买盘
2688,10:01:28,24.5,-0.02,146,359096,卖盘
2689,10:01:25,24.52,0.02,1,2452,卖盘
2690,10:01:22,24.5,--,5,12250,卖盘
2691,10:01:19,24.5,-0.07,30,73500,卖盘
2692,10:01:13,24.57,--,1,2457,买盘
2693,10:01:10,24.57,0.07,5,12285,买盘
2694,10:01:07,24.5,-0.01,36,88200,卖盘
2695,10:00:58,24.51,0.01,4,10563,中性盘
2696,10:00:46,24.5,--,474,1161594,买盘
2697,10:00:37,24.5,-0.07,2770,6787651,卖盘
2698,10:00:31,24.57,--,2,4914,卖盘
2699,10:00:25,24.57,--,4,9828,卖盘
2700,10:00:16,24.57,--,63,154791,卖盘
2701,10:00:10,24.57,--,29,71253,卖盘
2702,10:00:04,24.57,-0.01,28,68796,卖盘
2703,10:00:01,24.58,0.01,35,86742,买盘
2704,09:59:58,24.57,--,57,140049,卖盘
2705,09:59:46,24.57,-0.01,23,56511,卖盘
2706,09:59:43,24.58,0.01,7,17206,买盘
2707,09:59:40,24.57,-0.01,168,412776,卖盘
2708,09:59:37,24.58,0.01,7,17206,买盘
2709,09:59:34,24.57,-0.01,1,2457,卖盘
2710,09:59:28,24.58,0.01,12,29495,买盘
2711,09:59:16,24.57,--,187,459459,卖盘
2712,09:59:04,24.57,-0.01,1,2457,卖盘
2713,09:59:01,24.58,--,63,155812,卖盘
2714,09:58:58,24.58,--,20,49897,卖盘
2715,09:58:43,24.58,--,11,27037,卖盘
2716,09:58:40,24.58,--,147,362087,买盘
2717,09:58:28,24.58,0.01,20,49160,买盘
2718,09:58:13,24.57,--,13,31941,卖盘
2719,09:58:10,24.57,--,1,2457,卖盘
2720,09:58:07,24.57,-0.01,20,49140,卖盘
2721,09:58:04,24.58,--,10,24580,买盘
2722,09:57:52,24.58,0.01,4,10569,买盘
2723,09:57:49,24.57,-0.01,82,201474,卖盘
2724,09:57:43,24.58,--,3,7373,买盘
2725,09:57:37,24.58,0.01,1,2458,买盘
2726,09:57:34,24.57,-0.02,845,2077860,卖盘
2727,09:57:28,24.59,0.01,5,12295,中性盘
2728,09:57:25,24.58,-0.02,31,76198,卖盘
2729,09:57:22,24.6,--,4,9840,买盘
2730,09:57:19,24.6,--,2,4920,买盘
2731,09:57:16,24.6,0.02,15,36900,买盘
2732,09:57:01,24.58,-0.01,9,22122,卖盘
2733,09:56:55,24.59,--,1,3196,卖盘
2734,09:56:49,24.59,--,1,2459,卖盘
2735,09:56:46,24.59,0.01,11,27049,卖盘
2736,09:56:43,24.58,0.01,169,415426,买盘
2737,09:56:40,24.57,-0.01,2,4914,卖盘
2738,09:56:37,24.58,0.01,531,1305198,买盘
2739,09:56:34,24.57,--,5,12285,卖盘
2740,09:56:28,24.57,-0.01,34,83538,卖盘
2741,09:56:22,24.58,--,10,24580,买盘
2742,09:56:19,24.58,-0.03,462,1138029,卖盘
2743,09:56:10,24.61,0.01,19,46759,买盘
2744,09:56:07,24.6,--,1,2460,卖盘
2745,09:56:04,24.6,--,2,6371,买盘
2746,09:56:01,24.6,--,10,24600,买盘
2747,09:55:55,24.6,0.01,6,14760,买盘
2748,09:55:52,24.59,-0.01,21,52352,卖盘
2749,09:55:46,24.6,0.02,24,59040,买盘
2750,09:55:34,24.58,-0.02,26,63907,卖盘
2751,09:55:28,24.6,0.02,201,494460,买盘
2752,09:55:22,24.58,-0.01,92,226135,卖盘
2753,09:55:19,24.59,-0.01,14,34426,卖盘
2754,09:55:07,24.6,--,1,2460,买盘
2755,09:55:01,24.6,--,26,64968,卖盘
2756,09:54:58,24.6,-0.01,14,34440,卖盘
2757,09:54:55,24.61,0.01,15,36915,买盘
2758,09:54:52,24.6,--,1,3198,卖盘
2759,09:54:49,24.6,--,10,24600,卖盘
2760,09:54:46,24.6,--,25,61500,卖盘
2761,09:54:37,24.6,--,2,5633,买盘
2762,09:54:34,24.6,0.01,3,7380,买盘
2763,09:54:28,24.59,-0.01,74,181966,卖盘
2764,09:54:25,24.6,--,10,24600,买盘
2765,09:54:19,24.6,--,3,7380,买盘
2766,09:54:07,24.6,0.02,10,24600,买盘
2767,09:54:04,24.58,--,2,4916,卖盘
2768,09:54:01,24.58,--,4,9832,卖盘
2769,09:53:58,24.58,-0.02,4,9832,卖盘
2770,09:53:55,24.6,0.02,276,679279,买盘
2771,09:53:49,24.58,-0.02,761,1872676,卖盘
2772,09:53:40,24.6,--,1,2460,卖盘
2773,09:53:37,24.6,--,97,238620,买盘
2774,09:53:34,24.6,--,20,49200,买盘
2775,09:53:31,24.6,--,68,167280,买盘
2776,09:53:28,24.6,0.01,48,118080,买盘
2777,09:53:22,24.59,-0.01,31,76229,卖盘
2778,09:53:19,24.6,--,17,41820,买盘
2779,09:53:13,24.6,0.01,30,73800,买盘
2780,09:53:07,24.59,-0.01,3,7377,卖盘
2781,09:53:01,24.6,0.01,16,39360,买盘
2782,09:52:58,24.59,-0.01,4,10573,卖盘
2783,09:52:55,24.6,0.01,19,46740,买盘
2784,09:52:52,24.59,-0.01,10,24590,卖盘
2785,09:52:46,24.6,0.01,68,167280,买盘
2786,09:52:43,24.59,-0.01,3,7377,卖盘
2787,09:52:40,24.6,--,10,24600,买盘
2788,09:52:28,24.6,0.02,18,44280,买盘
2789,09:52:25,24.58,-0.02,13,31953,卖盘
2790,09:52:19,24.6,0.02,5,12300,买盘
2791,09:52:13,24.58,-0.02,2,4916,卖盘
2792,09:52:10,24.6,0.02,245,602700,买盘
2793,09:52:07,24.58,--,10,24580,卖盘
2794,09:52:01,24.58,0.01,55,137230,买盘
2795,09:51:55,24.57,-0.01,1,3194,卖盘
2796,09:51:52,24.58,--,245,602210,买盘
2797,09:51:49,24.58,--,199,489141,买盘
2798,09:51:46,24.58,--,20,49160,买盘
2799,09:51:40,24.58,--,62,152396,买盘
2800,09:51:37,24.58,--,2,4916,买盘
2801,09:51:31,24.58,--,5,12290,买盘
