,time,price,change,volume,amount,type
0,15:00:20,13.59,-0.01,2148,2919132,卖盘
1,14:57:35,13.6,--,0,0,买盘
2,14:57:02,13.6,0.01,59,80240,买盘
3,14:56:53,13.59,--,15,20385,卖盘
4,14:56:50,13.59,0.01,41,55719,中性盘
5,14:56:47,13.58,--,65,88270,卖盘
6,14:56:41,13.58,0.01,8,11624,买盘
7,14:56:38,13.57,-0.01,63,85491,卖盘
8,14:56:35,13.58,--,5,6790,买盘
9,14:56:32,13.58,0.01,195,264810,买盘
10,14:56:29,13.57,-0.02,48,65733,卖盘
11,14:56:26,13.59,--,453,616388,买盘
12,14:56:23,13.59,0.01,639,868401,买盘
13,14:56:20,13.58,--,5,6790,买盘
14,14:56:17,13.58,-0.01,229,311199,卖盘
15,14:56:14,13.59,--,522,709398,买盘
16,14:56:08,13.59,--,217,294903,买盘
17,14:56:05,13.59,--,18,24462,买盘
18,14:56:02,13.59,--,8,10872,买盘
19,14:55:59,13.59,--,16,21744,买盘
20,14:55:56,13.59,0.01,15,20385,买盘
21,14:55:53,13.58,--,13,17654,卖盘
22,14:55:47,13.58,--,44,59752,卖盘
23,14:55:44,13.58,--,20,27160,卖盘
24,14:55:41,13.58,--,10,13580,卖盘
25,14:55:38,13.58,--,10,13580,卖盘
26,14:55:35,13.58,--,18,24444,卖盘
27,14:55:32,13.58,--,10,13580,卖盘
28,14:55:29,13.58,--,1,1358,卖盘
29,14:55:26,13.58,--,19,26073,卖盘
30,14:55:23,13.58,--,6,8148,卖盘
31,14:55:14,13.58,--,114,155681,买盘
32,14:55:11,13.58,--,3,4074,买盘
33,14:55:08,13.58,--,100,135800,买盘
34,14:55:05,13.58,0.01,58,78764,买盘
35,14:55:02,13.57,-0.01,5,6785,卖盘
36,14:54:56,13.58,--,15,20370,买盘
37,14:54:53,13.58,0.01,6,8148,买盘
38,14:54:47,13.57,--,7,9499,卖盘
39,14:54:44,13.57,-0.01,41,55637,卖盘
40,14:54:38,13.58,0.01,36,48888,买盘
41,14:54:32,13.57,--,9,12213,卖盘
42,14:54:29,13.57,-0.01,23,31211,卖盘
43,14:54:26,13.58,0.01,17,23086,买盘
44,14:54:23,13.57,-0.01,99,134343,卖盘
45,14:54:20,13.58,--,17,23086,买盘
46,14:54:17,13.58,-0.01,148,201472,卖盘
47,14:54:14,13.59,0.01,27,36693,买盘
48,14:54:08,13.58,--,19,25802,卖盘
49,14:54:05,13.58,-0.01,139,188762,卖盘
50,14:54:02,13.59,0.01,16,21744,买盘
51,14:53:59,13.58,--,13,17654,卖盘
52,14:53:56,13.58,--,31,42098,卖盘
53,14:53:53,13.58,-0.01,110,149380,卖盘
54,14:53:50,13.59,0.01,18,24462,买盘
55,14:53:47,13.58,--,500,679000,卖盘
56,14:53:44,13.58,-0.01,22,29876,卖盘
57,14:53:41,13.59,0.01,13,17667,买盘
58,14:53:38,13.58,--,10,13580,卖盘
59,14:53:32,13.58,--,50,67900,卖盘
60,14:53:29,13.58,-0.01,5,6790,卖盘
61,14:53:23,13.59,--,65,88335,买盘
62,14:53:20,13.59,0.01,93,126387,买盘
63,14:53:17,13.58,--,3,4074,卖盘
64,14:53:14,13.58,--,17,23086,卖盘
65,14:53:08,13.58,--,5,6790,卖盘
66,14:53:05,13.58,-0.01,16,21728,卖盘
67,14:52:59,13.59,0.01,60,81540,买盘
68,14:52:56,13.58,--,27,36666,卖盘
69,14:52:50,13.58,--,74,100492,卖盘
70,14:52:41,13.58,--,30,40740,卖盘
71,14:52:29,13.58,--,17,23086,卖盘
72,14:52:14,13.58,--,18,24444,卖盘
73,14:52:05,13.58,--,757,1028875,买盘
74,14:52:02,13.58,0.01,3,4074,买盘
75,14:51:59,13.57,--,72,97704,卖盘
76,14:51:56,13.57,--,73,99061,卖盘
77,14:51:53,13.57,--,39,52977,买盘
78,14:51:50,13.57,--,17,23069,买盘
79,14:51:41,13.57,0.01,20,27140,买盘
80,14:51:35,13.56,-0.01,166,225096,卖盘
81,14:51:32,13.57,--,20,27140,买盘
82,14:51:29,13.57,0.01,220,298540,买盘
83,14:51:23,13.56,-0.01,200,271200,卖盘
84,14:51:17,13.57,0.01,61,82777,买盘
85,14:51:08,13.56,-0.01,18,24408,卖盘
86,14:51:05,13.57,0.01,36,48852,买盘
87,14:51:02,13.56,--,37,50172,卖盘
88,14:50:59,13.56,-0.01,16,21696,卖盘
89,14:50:56,13.57,0.01,34,46138,买盘
90,14:50:44,13.56,--,102,138312,卖盘
91,14:50:35,13.56,--,40,55216,卖盘
92,14:50:32,13.56,--,29,39324,卖盘
93,14:50:29,13.56,-0.01,55,74661,卖盘
94,14:50:26,13.57,--,147,199479,买盘
95,14:50:16,13.57,--,20,27140,买盘
96,14:50:13,13.57,--,56,75992,买盘
97,14:50:07,13.57,--,106,144303,卖盘
98,14:50:04,13.57,--,37,50263,卖盘
99,14:49:55,13.57,-0.01,17,23069,卖盘
100,14:49:52,13.58,0.01,105,142590,买盘
101,14:49:49,13.57,--,103,139771,卖盘
102,14:49:46,13.57,--,4,5428,卖盘
103,14:49:40,13.57,--,150,203550,卖盘
104,14:49:37,13.57,--,200,271400,卖盘
105,14:49:34,13.57,--,35,47549,卖盘
106,14:49:25,13.57,--,21,28497,卖盘
107,14:49:22,13.57,--,55,74689,卖盘
108,14:49:16,13.57,-0.01,35,47549,卖盘
109,14:49:10,13.58,--,17,23086,买盘
110,14:49:07,13.58,0.01,23,31234,买盘
111,14:49:04,13.57,-0.01,50,67850,卖盘
112,14:48:58,13.58,0.01,7,9506,买盘
113,14:48:49,13.57,-0.01,3,4071,卖盘
114,14:48:46,13.58,0.01,36,48888,买盘
115,14:48:43,13.57,--,35,47549,卖盘
116,14:48:40,13.57,-0.01,125,170249,卖盘
117,14:48:37,13.58,--,28,38024,买盘
118,14:48:34,13.58,--,26,35308,买盘
119,14:48:31,13.58,--,56,76591,卖盘
120,14:48:25,13.58,--,10,13580,卖盘
121,14:48:22,13.58,--,20,27160,卖盘
122,14:48:19,13.58,--,96,130368,卖盘
123,14:48:13,13.58,--,15,20370,卖盘
124,14:48:10,13.58,--,66,89628,卖盘
125,14:48:07,13.58,--,8,10864,卖盘
126,14:48:04,13.58,--,34,46986,卖盘
127,14:48:01,13.58,--,20,27160,卖盘
128,14:47:55,13.58,--,4,5432,卖盘
129,14:47:52,13.58,--,45,61110,卖盘
130,14:47:49,13.58,--,16,21728,卖盘
131,14:47:37,13.58,--,13,17654,卖盘
132,14:47:34,13.58,--,8,10864,卖盘
133,14:47:31,13.58,-0.01,10,13580,卖盘
134,14:47:25,13.59,0.01,19,25821,买盘
135,14:47:19,13.58,--,13,17654,卖盘
136,14:47:16,13.58,--,84,114072,卖盘
137,14:47:13,13.58,--,21,28518,卖盘
138,14:47:10,13.58,-0.01,49,66542,中性盘
139,14:47:04,13.59,0.01,5,6795,买盘
140,14:47:01,13.58,--,36,48888,卖盘
141,14:46:58,13.58,--,168,228144,买盘
142,14:46:55,13.58,0.01,19,25802,买盘
143,14:46:52,13.57,-0.01,1,1357,卖盘
144,14:46:40,13.58,--,94,127652,卖盘
145,14:46:37,13.58,--,228,309624,卖盘
146,14:46:25,13.58,--,1,1358,卖盘
147,14:46:22,13.58,-0.01,130,176540,卖盘
148,14:46:19,13.59,0.01,340,462060,买盘
149,14:46:16,13.58,--,58,78764,卖盘
150,14:46:07,13.58,-0.01,12,16296,卖盘
151,14:46:01,13.59,--,169,230078,卖盘
152,14:45:58,13.59,--,10,13590,卖盘
153,14:45:55,13.59,--,118,160362,卖盘
154,14:45:52,13.59,--,150,203850,卖盘
155,14:45:49,13.59,--,25,33975,卖盘
156,14:45:46,13.59,--,513,697167,卖盘
157,14:45:43,13.59,--,14,19026,卖盘
158,14:45:40,13.59,-0.01,10,13590,卖盘
159,14:45:37,13.6,0.01,101,137360,买盘
160,14:45:34,13.59,--,6,8154,卖盘
161,14:45:28,13.59,--,290,394110,卖盘
162,14:45:19,13.59,--,95,129105,卖盘
163,14:45:16,13.59,--,12,16308,卖盘
164,14:45:10,13.59,--,320,434880,卖盘
165,14:45:07,13.59,--,30,40770,卖盘
166,14:45:01,13.59,-0.01,36,50011,卖盘
167,14:44:55,13.6,0.01,158,214880,买盘
168,14:44:52,13.59,--,100,135900,卖盘
169,14:44:49,13.59,--,14,19026,卖盘
170,14:44:46,13.59,--,40,54360,卖盘
171,14:44:43,13.59,-0.01,41,55719,卖盘
172,14:44:40,13.6,0.01,3,4080,买盘
173,14:44:37,13.59,-0.01,13,17667,卖盘
174,14:44:31,13.6,--,537,730320,买盘
175,14:44:31,13.6,0.01,14,19040,买盘
176,14:44:25,13.59,--,10,13590,卖盘
177,14:44:22,13.59,-0.01,80,108720,卖盘
178,14:44:19,13.6,0.01,23,31280,买盘
179,14:44:16,13.59,--,379,515061,卖盘
180,14:44:10,13.59,--,10,13590,卖盘
181,14:44:07,13.59,-0.01,40,54360,卖盘
182,14:43:58,13.6,0.01,1,1360,买盘
183,14:43:55,13.59,-0.01,7,9513,卖盘
184,14:43:49,13.6,0.01,30,40800,买盘
185,14:43:46,13.59,-0.01,50,67950,卖盘
186,14:43:40,13.6,0.01,1,1360,买盘
187,14:43:37,13.59,--,106,144054,卖盘
188,14:43:34,13.59,-0.01,17,23103,卖盘
189,14:43:28,13.6,--,3,4080,买盘
190,14:43:25,13.6,--,64,87040,买盘
191,14:43:22,13.6,0.01,99,134640,买盘
192,14:43:19,13.59,--,12,16308,卖盘
193,14:43:16,13.59,-0.01,103,139977,卖盘
194,14:43:13,13.6,0.01,83,112880,买盘
195,14:43:10,13.59,--,28,38052,卖盘
196,14:43:07,13.59,-0.01,58,78822,卖盘
197,14:43:01,13.6,0.01,17,23120,买盘
198,14:42:58,13.59,--,33,44847,卖盘
199,14:42:52,13.59,-0.01,12,16308,卖盘
200,14:42:49,13.6,0.01,68,92480,买盘
201,14:42:43,13.59,-0.01,10,13590,卖盘
202,14:42:40,13.6,0.01,22,29920,买盘
203,14:42:37,13.59,-0.01,27,36693,卖盘
204,14:42:34,13.6,0.01,6,8160,买盘
205,14:42:31,13.59,--,50,67950,卖盘
206,14:42:25,13.59,--,6,8154,卖盘
207,14:42:22,13.59,--,2,2718,卖盘
208,14:42:19,13.59,-0.01,15,20385,卖盘
209,14:42:16,13.6,0.01,15,20400,买盘
210,14:42:10,13.59,--,13,17667,卖盘
211,14:42:07,13.59,-0.01,52,70668,卖盘
212,14:42:01,13.6,0.01,100,136000,买盘
213,14:41:58,13.59,-0.01,23,31257,卖盘
214,14:41:49,13.6,0.01,71,96560,买盘
215,14:41:43,13.59,-0.01,213,289467,卖盘
216,14:41:40,13.6,0.01,100,136000,买盘
217,14:41:37,13.59,-0.01,8,10872,卖盘
218,14:41:34,13.6,0.01,71,96560,买盘
219,14:41:31,13.59,--,23,31257,卖盘
220,14:41:28,13.59,--,23,31257,卖盘
221,14:41:25,13.59,--,69,93771,卖盘
222,14:41:19,13.59,--,17,23103,卖盘
223,14:41:13,13.59,--,3,4077,卖盘
224,14:41:10,13.59,--,38,51642,卖盘
225,14:41:07,13.59,-0.01,8,10872,卖盘
226,14:41:04,13.6,0.01,26,35360,买盘
227,14:41:01,13.59,-0.01,41,55719,卖盘
228,14:40:55,13.6,--,325,442000,买盘
229,14:40:46,13.6,--,1085,1475600,买盘
230,14:40:40,13.6,0.01,3,4080,买盘
231,14:40:34,13.59,--,10,13590,卖盘
232,14:40:31,13.59,-0.01,30,40770,卖盘
233,14:40:25,13.6,0.01,26,35360,买盘
234,14:40:19,13.59,--,22,29898,卖盘
235,14:40:07,13.59,-0.01,38,51642,卖盘
236,14:40:04,13.6,0.01,230,312800,买盘
237,14:40:01,13.59,--,11,14949,卖盘
238,14:39:58,13.59,-0.01,20,27180,卖盘
239,14:39:55,13.6,0.01,17,23120,买盘
240,14:39:52,13.59,--,12,16308,卖盘
241,14:39:46,13.59,--,24,32616,卖盘
242,14:39:37,13.59,--,48,65232,卖盘
243,14:39:28,13.59,-0.01,2,2718,卖盘
244,14:39:25,13.6,--,11,14960,买盘
245,14:39:22,13.6,0.01,26,35360,买盘
246,14:39:19,13.59,--,36,48924,卖盘
247,14:39:13,13.59,-0.01,102,138618,卖盘
248,14:39:10,13.6,0.01,30,40800,买盘
249,14:39:07,13.59,-0.01,8,10872,卖盘
250,14:39:04,13.6,0.01,7,9520,买盘
251,14:39:01,13.59,--,16,21744,卖盘
252,14:38:58,13.59,-0.01,234,318006,卖盘
253,14:38:49,13.6,0.01,249,338640,买盘
254,14:38:46,13.59,--,6,8154,卖盘
255,14:38:40,13.59,--,14,19026,卖盘
256,14:38:37,13.59,--,8,10872,卖盘
257,14:38:31,13.59,-0.01,3,4077,卖盘
258,14:38:28,13.6,--,30,40800,买盘
259,14:38:22,13.6,0.01,7,9520,买盘
260,14:38:19,13.59,--,35,47565,卖盘
261,14:38:13,13.59,--,10,13590,卖盘
262,14:38:10,13.59,--,13,17667,卖盘
263,14:38:07,13.59,-0.01,8,10872,卖盘
264,14:38:04,13.6,--,9,12240,买盘
265,14:37:58,13.6,0.01,66,89760,买盘
266,14:37:49,13.59,--,16,21744,卖盘
267,14:37:43,13.59,--,54,73386,卖盘
268,14:37:37,13.59,-0.01,31,42129,卖盘
269,14:37:34,13.6,0.01,11,14960,买盘
270,14:37:31,13.59,-0.01,60,81540,卖盘
271,14:37:22,13.6,--,83,112880,买盘
272,14:37:16,13.6,--,19,25840,买盘
273,14:37:10,13.6,--,22,29920,买盘
274,14:37:07,13.6,--,52,70720,买盘
275,14:37:04,13.6,--,18,24480,买盘
276,14:36:58,13.6,0.01,141,191760,买盘
277,14:36:55,13.59,--,100,135900,卖盘
278,14:36:52,13.59,-0.01,23,31257,卖盘
279,14:36:49,13.6,0.01,14,19040,买盘
280,14:36:43,13.59,-0.01,14,19026,卖盘
281,14:36:40,13.6,0.01,2,2720,买盘
282,14:36:37,13.59,--,8,10872,卖盘
283,14:36:34,13.59,--,33,44847,卖盘
284,14:36:31,13.59,-0.01,31,42129,卖盘
285,14:36:28,13.6,0.01,11,14960,买盘
286,14:36:25,13.59,--,9,12231,卖盘
287,14:36:22,13.59,-0.01,25,33975,卖盘
288,14:36:19,13.6,0.01,10,13600,买盘
289,14:36:13,13.59,--,187,254133,卖盘
290,14:36:01,13.59,--,24,32616,卖盘
291,14:35:58,13.59,-0.01,1147,1558773,卖盘
292,14:35:55,13.6,0.01,33,44880,买盘
293,14:35:49,13.59,-0.01,12,16308,卖盘
294,14:35:46,13.6,0.01,25,34000,买盘
295,14:35:43,13.59,--,80,108720,卖盘
296,14:35:37,13.59,-0.01,8,10872,卖盘
297,14:35:34,13.6,--,24,32640,买盘
298,14:35:31,13.6,--,21,28560,买盘
299,14:35:22,13.6,-0.01,37,50320,卖盘
300,14:35:19,13.61,0.02,251,341611,买盘
301,14:35:16,13.59,-0.01,110,149490,卖盘
302,14:35:07,13.6,--,36,48960,卖盘
303,14:35:04,13.6,-0.01,23,31280,卖盘
304,14:34:58,13.61,0.02,52,70772,买盘
305,14:34:52,13.59,-0.01,16,21744,卖盘
306,14:34:49,13.6,--,36,48960,卖盘
307,14:34:46,13.6,0.01,30,40800,中性盘
308,14:34:40,13.59,-0.01,46,62514,卖盘
309,14:34:37,13.6,-0.01,31,42160,卖盘
310,14:34:34,13.61,0.01,25,34025,买盘
311,14:34:31,13.6,--,212,288809,买盘
312,14:34:25,13.6,--,334,454240,买盘
313,14:34:22,13.6,0.01,15,20400,买盘
314,14:34:19,13.59,--,48,65232,卖盘
315,14:34:16,13.59,-0.01,44,59796,卖盘
316,14:34:13,13.6,--,4,5440,买盘
317,14:34:10,13.6,--,8,10880,买盘
318,14:34:07,13.6,--,109,148240,买盘
319,14:34:04,13.6,--,357,485520,买盘
320,14:33:58,13.6,0.01,32,43520,买盘
321,14:33:55,13.59,--,30,40770,卖盘
322,14:33:49,13.59,--,12,16308,卖盘
323,14:33:43,13.59,--,50,67950,卖盘
324,14:33:37,13.59,--,11,14949,卖盘
325,14:33:34,13.59,--,364,495409,买盘
326,14:33:31,13.59,--,2,2718,买盘
327,14:33:22,13.59,--,8,10872,买盘
328,14:33:19,13.59,0.01,36,48924,买盘
329,14:33:07,13.58,-0.01,8,10864,卖盘
330,14:33:04,13.59,--,70,95130,买盘
331,14:32:55,13.59,0.01,5,6795,买盘
332,14:32:49,13.58,--,17,23086,卖盘
333,14:32:43,13.58,--,12,16296,卖盘
334,14:32:34,13.58,--,32,43456,卖盘
335,14:32:31,13.58,-0.01,5,6790,卖盘
336,14:32:22,13.59,--,30,40770,买盘
337,14:32:10,13.59,--,35,47565,卖盘
338,14:32:07,13.59,--,8,10872,卖盘
339,14:31:58,13.59,--,27,36693,买盘
340,14:31:46,13.59,--,56,76104,买盘
341,14:31:43,13.59,0.01,120,163080,买盘
342,14:31:37,13.58,-0.01,8,10864,卖盘
343,14:31:22,13.59,--,2,2718,卖盘
344,14:31:19,13.59,-0.01,18,24462,卖盘
345,14:31:13,13.6,0.02,66,89760,买盘
346,14:31:10,13.58,-0.02,2,2716,卖盘
347,14:31:07,13.6,--,31,42160,买盘
348,14:31:04,13.6,0.02,46,62560,买盘
349,14:31:01,13.58,-0.02,40,54320,中性盘
350,14:30:58,13.6,--,69,93840,买盘
351,14:30:55,13.6,0.02,261,354960,买盘
352,14:30:52,13.58,-0.01,92,124936,卖盘
353,14:30:46,13.59,0.01,23,31257,买盘
354,14:30:40,13.58,0.01,83,112714,买盘
355,14:30:34,13.57,--,47,63779,买盘
356,14:30:28,13.57,--,69,93633,买盘
357,14:30:25,13.57,-0.01,43,58351,买盘
358,14:30:22,13.58,-0.01,82,111356,买盘
359,14:30:16,13.59,0.02,171,232389,买盘
360,14:30:06,13.57,--,11,14927,卖盘
361,14:30:03,13.57,--,5,6785,卖盘
362,14:30:00,13.57,0.01,10,13570,买盘
363,14:29:57,13.56,-0.01,441,597996,卖盘
364,14:29:51,13.57,0.01,17,23069,买盘
365,14:29:45,13.56,-0.01,1,1356,卖盘
366,14:29:42,13.57,--,42,57998,卖盘
367,14:29:39,13.57,--,10,13570,卖盘
368,14:29:36,13.57,0.01,18,24778,买盘
369,14:29:30,13.56,-0.01,20,27120,卖盘
370,14:29:27,13.57,--,24,32568,买盘
371,14:29:24,13.57,--,33,44781,买盘
372,14:29:21,13.57,0.01,8,10856,买盘
373,14:29:18,13.56,--,118,160008,卖盘
374,14:29:15,13.56,--,20,27120,卖盘
375,14:29:12,13.56,-0.01,80,108480,卖盘
376,14:29:09,13.57,--,32,43424,买盘
377,14:29:00,13.57,0.01,47,63779,买盘
378,14:28:57,13.56,-0.01,8,10848,卖盘
379,14:28:42,13.57,--,29,40357,卖盘
380,14:28:39,13.57,--,1,1709,买盘
381,14:28:36,13.57,--,61,82777,买盘
382,14:28:30,13.57,--,334,453238,买盘
383,14:28:27,13.57,--,11,14927,买盘
384,14:28:18,13.57,--,47,63779,买盘
385,14:28:15,13.57,--,25,33925,买盘
386,14:28:12,13.57,0.01,19,25783,买盘
387,14:28:06,13.56,-0.01,9,12204,卖盘
388,14:28:03,13.57,--,5,6785,买盘
389,14:27:54,13.57,--,10,13570,买盘
390,14:27:51,13.57,--,43,58351,卖盘
391,14:27:48,13.57,--,13,17641,卖盘
392,14:27:39,13.57,--,3,4071,卖盘
393,14:27:36,13.57,-0.01,8,10856,卖盘
394,14:27:33,13.58,--,50,67900,买盘
395,14:27:30,13.58,0.01,9,12222,买盘
396,14:27:21,13.57,--,3,4071,买盘
397,14:27:18,13.57,--,26,35282,卖盘
398,14:27:15,13.57,--,77,104489,卖盘
399,14:27:12,13.57,--,30,40710,卖盘
400,14:27:06,13.57,--,8,10856,卖盘
401,14:27:00,13.57,-0.01,5,6785,卖盘
402,14:26:39,13.58,0.01,40,54320,买盘
403,14:26:36,13.57,--,15,20355,卖盘
404,14:26:18,13.57,--,13,17641,卖盘
405,14:26:12,13.57,0.01,51,69207,卖盘
406,14:26:12,13.56,-0.01,11,14916,卖盘
407,14:26:06,13.57,-0.01,16,21712,卖盘
408,14:26:03,13.58,0.02,115,156170,买盘
409,14:25:54,13.56,-0.01,1,1356,卖盘
410,14:25:51,13.57,--,33,44781,买盘
411,14:25:48,13.57,0.01,232,314824,买盘
412,14:25:36,13.56,-0.01,31,42036,卖盘
413,14:25:33,13.57,--,13,17641,买盘
414,14:25:30,13.57,--,22,29854,买盘
415,14:25:24,13.57,0.01,14,18998,买盘
416,14:25:21,13.56,--,15,20340,卖盘
417,14:25:18,13.56,--,13,17628,卖盘
418,14:25:15,13.56,--,10,13560,卖盘
419,14:25:09,13.56,-0.01,20,27120,卖盘
420,14:25:06,13.57,0.01,16,21712,买盘
421,14:25:03,13.56,-0.01,5,6780,卖盘
422,14:24:57,13.57,0.01,20,27140,买盘
423,14:24:54,13.56,-0.01,122,165432,卖盘
424,14:24:51,13.57,0.01,110,149270,买盘
425,14:24:48,13.56,--,18,24408,卖盘
426,14:24:42,13.56,--,46,62376,卖盘
427,14:24:39,13.56,-0.01,28,37968,卖盘
428,14:24:36,13.57,0.01,52,70564,买盘
429,14:24:33,13.56,-0.01,10,13560,卖盘
430,14:24:21,13.57,0.01,10,13570,买盘
431,14:24:18,13.56,--,36,48816,卖盘
432,14:24:15,13.56,--,10,13560,卖盘
433,14:24:09,13.56,--,2,2712,卖盘
434,14:24:06,13.56,--,41,55596,卖盘
435,14:23:51,13.56,-0.01,13,17628,卖盘
436,14:23:45,13.57,0.01,23,31211,买盘
437,14:23:42,13.56,--,14,18984,卖盘
438,14:23:36,13.56,--,8,10848,卖盘
439,14:23:33,13.56,--,5,6780,卖盘
440,14:23:30,13.56,--,2,2712,卖盘
441,14:23:18,13.56,--,5,6780,卖盘
442,14:23:06,13.56,-0.01,28,37968,卖盘
443,14:22:54,13.57,--,643,872551,买盘
444,14:22:51,13.57,--,9,12213,买盘
445,14:22:48,13.57,0.01,95,128915,买盘
446,14:22:42,13.56,--,51,69156,卖盘
447,14:22:39,13.56,--,68,92208,卖盘
448,14:22:33,13.56,--,10,13560,卖盘
449,14:22:30,13.56,--,11,14916,卖盘
450,14:22:18,13.56,--,7,9492,卖盘
451,14:22:15,13.56,--,167,226452,卖盘
452,14:22:09,13.56,-0.01,50,67800,卖盘
453,14:22:06,13.57,0.01,25,33925,买盘
454,14:22:00,13.56,--,12,16272,卖盘
455,14:21:57,13.56,-0.01,8,10848,卖盘
456,14:21:48,13.57,0.01,100,135700,买盘
457,14:21:45,13.56,--,225,305100,卖盘
458,14:21:36,13.56,--,13,17628,卖盘
459,14:21:30,13.56,-0.01,23,31188,卖盘
460,14:21:24,13.57,0.01,5,6785,买盘
461,14:21:21,13.56,-0.01,28,37968,卖盘
462,14:21:18,13.57,0.01,43,58351,买盘
463,14:21:12,13.56,--,23,31188,卖盘
464,14:21:09,13.56,-0.01,36,48816,卖盘
465,14:21:06,13.57,--,54,73278,买盘
466,14:21:00,13.57,0.01,9,12213,买盘
467,14:20:57,13.56,-0.01,125,169500,卖盘
468,14:20:54,13.57,0.01,74,100418,买盘
469,14:20:51,13.56,--,29,39324,卖盘
470,14:20:45,13.56,-0.01,62,84072,卖盘
471,14:20:42,13.57,0.01,13,17641,买盘
472,14:20:36,13.56,-0.01,145,196620,卖盘
473,14:20:33,13.57,--,100,135700,买盘
474,14:20:30,13.57,0.01,9,12213,买盘
475,14:20:24,13.56,-0.01,23,31188,卖盘
476,14:20:21,13.57,--,10,13570,买盘
477,14:20:18,13.57,-0.01,161,218477,卖盘
478,14:20:15,13.58,0.01,4,5432,买盘
479,14:20:06,13.57,-0.01,24,32568,卖盘
480,14:20:00,13.58,--,16,21728,买盘
481,14:19:57,13.58,0.01,7,9506,买盘
482,14:19:54,13.57,-0.01,10,13570,卖盘
483,14:19:48,13.58,--,10,13580,买盘
484,14:19:39,13.58,0.01,106,143948,买盘
485,14:19:36,13.57,-0.01,8,10856,中性盘
486,14:19:33,13.58,0.01,9,12222,买盘
487,14:19:30,13.57,0.01,1,1357,买盘
488,14:19:27,13.56,--,10,13560,卖盘
489,14:19:12,13.56,--,8,10848,卖盘
490,14:19:03,13.56,--,59,80004,卖盘
491,14:19:00,13.56,--,33,44748,卖盘
492,14:18:51,13.56,-0.01,49,66444,卖盘
493,14:18:48,13.57,--,23,31211,卖盘
494,14:18:45,13.57,--,107,145199,卖盘
495,14:18:39,13.57,--,23,31211,卖盘
496,14:18:36,13.57,-0.02,8,10856,卖盘
497,14:18:33,13.59,--,230,312570,买盘
498,14:18:27,13.59,--,2,2718,买盘
499,14:18:24,13.59,--,20,27180,买盘
500,14:18:15,13.59,0.02,23,31257,买盘
501,14:18:15,13.57,-0.01,57,77349,卖盘
502,14:18:06,13.58,0.01,248,336784,买盘
503,14:17:54,13.57,--,48,65136,卖盘
504,14:17:39,13.57,--,491,666287,卖盘
505,14:17:36,13.57,--,2,2714,卖盘
506,14:17:27,13.57,--,2,2714,卖盘
507,14:17:24,13.57,--,80,108560,卖盘
508,14:17:06,13.57,--,8,10856,卖盘
509,14:17:00,13.57,--,198,268686,买盘
510,14:16:39,13.57,--,7,9499,卖盘
511,14:16:36,13.57,0.01,657,891549,买盘
512,14:16:21,13.56,-0.01,4,6508,卖盘
513,14:16:15,13.57,--,12,16284,买盘
514,14:16:12,13.57,0.01,138,187266,买盘
515,14:16:06,13.56,-0.01,8,10848,卖盘
516,14:16:03,13.57,--,1,1357,买盘
517,14:15:57,13.57,0.01,23,31211,买盘
518,14:15:45,13.56,--,10,13560,卖盘
519,14:15:42,13.56,-0.01,8,10848,卖盘
520,14:15:36,13.57,--,74,100418,买盘
521,14:15:30,13.57,-0.01,134,181838,卖盘
522,14:15:27,13.58,0.01,23,31234,买盘
523,14:15:24,13.57,--,82,111274,卖盘
524,14:15:09,13.57,0.01,118,160126,买盘
525,14:15:06,13.56,-0.01,46,62376,卖盘
526,14:15:03,13.57,--,5,6785,买盘
527,14:15:00,13.57,--,10,13570,买盘
528,14:14:54,13.57,--,33,44781,买盘
529,14:14:51,13.57,--,1,1357,买盘
530,14:14:48,13.57,--,10,13570,买盘
531,14:14:45,13.57,--,177,240189,买盘
532,14:14:39,13.57,0.01,20,27140,买盘
533,14:14:36,13.56,--,8,10848,卖盘
534,14:14:33,13.56,--,2,3254,卖盘
535,14:14:15,13.56,-0.01,105,142380,卖盘
536,14:14:09,13.57,0.01,85,115345,买盘
537,14:14:03,13.56,--,29,39324,卖盘
538,14:14:00,13.56,--,45,61020,卖盘
539,14:13:51,13.56,-0.01,1,1356,卖盘
540,14:13:48,13.57,--,1,1357,买盘
541,14:13:42,13.57,--,25,33925,买盘
542,14:13:39,13.57,0.01,11,14927,买盘
543,14:13:36,13.56,-0.01,21,28476,卖盘
544,14:13:33,13.57,--,10,13570,买盘
545,14:13:27,13.57,--,2,2714,买盘
546,14:13:21,13.57,0.01,1,1357,买盘
547,14:13:18,13.56,-0.01,14,18984,卖盘
548,14:13:15,13.57,--,5,6785,买盘
549,14:13:12,13.57,--,33,44781,买盘
550,14:13:00,13.57,0.01,10,13570,买盘
551,14:12:57,13.56,0.01,36,48816,卖盘
552,14:12:36,13.55,-0.02,8,10840,卖盘
553,14:12:30,13.57,0.01,54,73278,买盘
554,14:12:24,13.56,0.01,8,10848,中性盘
555,14:12:21,13.55,-0.01,23,31165,卖盘
556,14:12:18,13.56,--,92,124752,卖盘
557,14:12:06,13.56,--,41,55596,卖盘
558,14:12:06,13.56,--,32,43392,卖盘
559,14:11:51,13.56,--,9,12204,卖盘
560,14:11:36,13.56,-0.01,8,10848,卖盘
561,14:11:33,13.57,--,5,6785,买盘
562,14:11:27,13.57,--,1,1357,买盘
563,14:11:21,13.57,--,40,54280,买盘
564,14:11:15,13.57,--,310,420670,买盘
565,14:11:12,13.57,--,20,27140,买盘
566,14:11:06,13.57,--,67,90919,买盘
567,14:11:03,13.57,--,20,27140,买盘
568,14:11:00,13.57,--,10,13570,买盘
569,14:10:57,13.57,0.01,29,39353,买盘
570,14:10:53,13.56,--,4,5424,卖盘
571,14:10:44,13.56,--,17,23052,卖盘
572,14:10:38,13.56,--,150,204539,买盘
573,14:10:32,13.56,--,29,39324,买盘
574,14:10:26,13.56,--,5,6780,买盘
575,14:10:23,13.56,0.02,2,2712,买盘
576,14:10:20,13.54,--,141,190914,卖盘
577,14:10:17,13.54,--,11,14893,卖盘
578,14:10:11,13.54,--,183,247781,买盘
579,14:10:08,13.54,0.01,94,127275,买盘
580,14:10:05,13.53,-0.01,25,33825,卖盘
581,14:09:59,13.54,--,1,1354,买盘
582,14:09:56,13.54,--,42,56868,买盘
583,14:09:44,13.54,-0.02,56,75824,卖盘
584,14:09:41,13.56,0.01,28,37968,买盘
585,14:09:38,13.55,--,4,5420,卖盘
586,14:09:35,13.55,--,53,71815,卖盘
587,14:09:32,13.55,-0.01,5,6775,卖盘
588,14:09:23,13.56,--,15,20340,买盘
589,14:09:20,13.56,--,9,12204,买盘
590,14:09:17,13.56,--,5,6780,买盘
591,14:09:11,13.56,0.01,74,100344,买盘
592,14:09:08,13.55,-0.01,107,144985,卖盘
593,14:09:05,13.56,--,91,123396,买盘
594,14:09:02,13.56,--,69,93564,买盘
595,14:08:59,13.56,--,23,31188,买盘
596,14:08:56,13.56,--,92,124752,买盘
597,14:08:53,13.56,0.03,132,178992,买盘
598,14:08:50,13.53,-0.03,469,634557,卖盘
599,14:08:47,13.56,0.01,69,93564,买盘
600,14:08:41,13.55,--,23,31165,买盘
601,14:08:38,13.55,--,172,233060,卖盘
602,14:08:35,13.55,-0.01,8,10840,卖盘
603,14:08:32,13.56,0.01,66,89496,买盘
604,14:08:29,13.55,-0.01,1,1355,中性盘
605,14:08:20,13.56,0.02,110,149160,买盘
606,14:08:14,13.54,-0.01,3,4061,中性盘
607,14:08:11,13.55,--,10,13550,买盘
608,14:08:08,13.55,0.02,10,13550,中性盘
609,14:08:05,13.53,-0.02,22,29766,卖盘
610,14:07:56,13.55,0.02,46,62330,买盘
611,14:07:53,13.53,--,49,66297,卖盘
612,14:07:50,13.53,-0.02,12,16236,卖盘
613,14:07:44,13.55,0.02,1,1355,买盘
614,14:07:35,13.53,--,21,28413,卖盘
615,14:07:29,13.53,-0.02,15,20295,卖盘
616,14:07:23,13.55,0.02,260,352300,买盘
617,14:07:14,13.53,-0.02,24,32472,卖盘
618,14:07:11,13.55,0.02,10,13550,买盘
619,14:07:05,13.53,--,8,10824,卖盘
620,14:06:59,13.53,--,23,31119,卖盘
621,14:06:44,13.53,-0.02,15,20295,卖盘
622,14:06:41,13.55,0.02,1,1355,买盘
623,14:06:38,13.53,--,5,6765,买盘
624,14:06:35,13.53,--,60,81180,卖盘
625,14:06:26,13.53,--,26,35448,买盘
626,14:06:20,13.53,--,42,56826,买盘
627,14:06:17,13.53,0.01,71,96063,买盘
628,14:06:14,13.52,--,33,44616,卖盘
629,14:06:11,13.52,--,11,14872,卖盘
630,14:06:08,13.52,--,321,433992,买盘
631,14:06:05,13.52,0.01,14,18928,买盘
632,14:06:02,13.51,-0.01,300,405300,卖盘
633,14:05:50,13.52,--,1,1352,买盘
634,14:05:38,13.52,--,17,22984,买盘
635,14:05:17,13.52,--,4,5408,买盘
636,14:05:14,13.52,--,48,64896,卖盘
637,14:05:11,13.52,--,10,13520,卖盘
638,14:05:05,13.52,--,8,10816,卖盘
639,14:05:02,13.52,--,7,9464,卖盘
640,14:04:56,13.52,--,3,4056,卖盘
641,14:04:38,13.52,-0.01,63,85176,卖盘
642,14:04:32,13.53,--,13,17589,买盘
643,14:04:29,13.53,-0.01,79,107428,卖盘
644,14:04:14,13.54,0.01,80,108320,买盘
645,14:04:05,13.53,--,8,10824,卖盘
646,14:03:59,13.53,--,1,1353,卖盘
647,14:03:50,13.53,-0.01,17,23812,卖盘
648,14:03:47,13.54,0.01,3,4061,卖盘
649,14:03:35,13.53,-0.01,64,86592,卖盘
650,14:03:20,13.54,--,71,96134,卖盘
651,14:03:14,13.54,--,3,4061,卖盘
652,14:03:08,13.54,--,24,32495,卖盘
653,14:03:05,13.54,0.02,87,117797,买盘
654,14:03:02,13.52,-0.01,200,270400,卖盘
655,14:02:53,13.53,0.01,15,20295,中性盘
656,14:02:50,13.52,-0.01,10,13520,卖盘
657,14:02:44,13.53,0.01,10,13530,买盘
658,14:02:41,13.52,--,14,18928,卖盘
659,14:02:38,13.52,--,13,17576,卖盘
660,14:02:35,13.52,--,23,31096,卖盘
661,14:02:26,13.52,--,45,60840,卖盘
662,14:02:11,13.52,--,50,67600,卖盘
663,14:02:08,13.52,--,8,10816,卖盘
664,14:02:05,13.52,0.01,245,331240,买盘
665,14:01:59,13.51,-0.01,55,74305,卖盘
666,14:01:53,13.52,--,5,6760,买盘
667,14:01:47,13.52,--,27,36504,买盘
668,14:01:44,13.52,0.01,11,14872,买盘
669,14:01:38,13.51,-0.01,8,10808,卖盘
670,14:01:35,13.52,--,13,17576,买盘
671,14:01:23,13.52,0.01,2,2704,买盘
672,14:01:14,13.51,--,20,27020,卖盘
673,14:01:08,13.51,0.01,11,14861,买盘
674,14:01:05,13.5,-0.01,8,10800,卖盘
675,14:01:02,13.51,0.01,150,202650,买盘
676,14:00:59,13.5,--,31,41850,卖盘
677,14:00:56,13.5,-0.01,18,24300,卖盘
678,14:00:53,13.51,0.01,3,4053,买盘
679,14:00:50,13.5,-0.01,358,483300,卖盘
680,14:00:47,13.51,--,27,36477,卖盘
681,14:00:35,13.51,-0.02,6,8106,卖盘
682,14:00:32,13.53,0.02,1,1353,买盘
683,14:00:29,13.51,-0.02,15,20265,卖盘
684,14:00:20,13.53,--,1,1353,买盘
685,14:00:17,13.53,0.02,10,13530,买盘
686,14:00:08,13.51,--,6,8106,卖盘
687,14:00:05,13.51,-0.01,143,193193,卖盘
688,14:00:02,13.52,0.01,36,48672,买盘
689,13:59:59,13.51,-0.01,89,120239,卖盘
690,13:59:56,13.52,--,22,29744,卖盘
691,13:59:50,13.52,--,46,62192,卖盘
692,13:59:47,13.52,-0.01,46,62192,卖盘
693,13:59:41,13.53,--,30,40590,卖盘
694,13:59:35,13.53,-0.01,38,51414,中性盘
695,13:59:17,13.54,0.02,10,13540,买盘
696,13:59:08,13.52,--,8,10816,卖盘
697,13:59:05,13.52,--,63,85176,卖盘
698,13:58:53,13.52,--,4,5408,卖盘
699,13:58:50,13.52,--,30,40560,卖盘
700,13:58:47,13.52,--,20,27040,买盘
701,13:58:44,13.52,--,1,1352,买盘
702,13:58:41,13.52,--,25,33800,买盘
703,13:58:35,13.52,--,25,33800,买盘
704,13:58:32,13.52,--,121,163592,买盘
705,13:58:29,13.52,--,12,16224,买盘
706,13:58:23,13.52,--,28,37856,买盘
707,13:58:17,13.52,0.01,50,67600,买盘
708,13:58:14,13.51,-0.01,3,4053,卖盘
709,13:58:11,13.52,0.01,10,13520,买盘
710,13:58:08,13.51,-0.01,8,10808,卖盘
711,13:58:05,13.52,0.01,46,62192,买盘
712,13:58:02,13.51,-0.01,73,98623,卖盘
713,13:57:50,13.52,--,3,4056,买盘
714,13:57:47,13.52,--,20,27040,买盘
715,13:57:44,13.52,-0.01,70,94640,卖盘
716,13:57:41,13.53,--,4,5412,买盘
717,13:57:38,13.53,--,50,67650,买盘
718,13:57:35,13.53,--,10,13530,买盘
719,13:57:26,13.53,0.02,59,79827,买盘
720,13:57:23,13.51,--,23,31073,卖盘
721,13:57:17,13.51,--,60,81060,卖盘
722,13:57:08,13.51,--,23,31073,卖盘
723,13:57:05,13.51,--,22,29722,卖盘
724,13:57:02,13.51,-0.01,48,64848,卖盘
725,13:56:56,13.52,--,10,13520,买盘
726,13:56:53,13.52,--,11,14872,卖盘
727,13:56:44,13.52,--,46,62192,卖盘
728,13:56:41,13.52,--,112,151424,卖盘
729,13:56:35,13.52,--,51,68952,卖盘
730,13:56:32,13.52,-0.01,36,48672,卖盘
731,13:56:26,13.53,-0.01,38,51414,卖盘
732,13:56:17,13.54,0.01,8,10832,买盘
733,13:56:05,13.53,-0.01,8,10824,卖盘
734,13:55:50,13.54,0.02,142,192268,买盘
735,13:55:35,13.52,-0.01,23,31096,卖盘
736,13:55:26,13.53,0.01,79,106887,买盘
737,13:55:23,13.52,--,18,24336,卖盘
738,13:55:17,13.52,-0.01,77,104104,卖盘
739,13:55:14,13.53,0.01,4,5412,买盘
740,13:55:11,13.52,-0.01,1,1352,卖盘
741,13:55:08,13.53,--,10,13530,买盘
742,13:55:05,13.53,--,86,116358,买盘
743,13:54:59,13.53,0.01,10,13530,买盘
744,13:54:47,13.52,-0.01,7,9464,卖盘
745,13:54:44,13.53,--,94,127182,卖盘
746,13:54:38,13.53,-0.01,8,10824,卖盘
747,13:54:35,13.54,0.01,2,2708,买盘
748,13:54:23,13.53,--,12,16236,卖盘
749,13:54:17,13.53,--,8,10824,卖盘
750,13:54:05,13.53,--,22,29766,卖盘
751,13:53:56,13.53,-0.01,8,10824,卖盘
752,13:53:47,13.54,--,42,56868,买盘
753,13:53:41,13.54,--,40,54160,买盘
754,13:53:32,13.54,--,20,27080,买盘
755,13:53:26,13.54,--,9,12186,买盘
756,13:53:17,13.54,0.02,10,13540,买盘
757,13:53:08,13.52,--,10,13520,卖盘
758,13:53:05,13.52,-0.02,8,10816,卖盘
759,13:52:53,13.54,0.01,1,1354,买盘
760,13:52:44,13.53,--,4,5412,卖盘
761,13:52:41,13.53,-0.01,19,25707,中性盘
762,13:52:35,13.54,0.02,39,52806,买盘
763,13:52:26,13.52,-0.02,30,40560,卖盘
764,13:52:17,13.54,0.01,6,8123,买盘
765,13:52:11,13.53,0.01,5,6765,买盘
766,13:52:05,13.52,-0.01,5,6760,卖盘
767,13:52:02,13.53,-0.01,20,27060,卖盘
768,13:51:50,13.54,--,3,4061,买盘
769,13:51:47,13.54,0.01,93,125921,买盘
770,13:51:34,13.53,-0.01,63,85239,卖盘
771,13:51:31,13.54,--,32,43328,买盘
772,13:51:28,13.54,--,2,2708,买盘
773,13:51:25,13.54,--,18,24372,买盘
774,13:51:16,13.54,--,105,142170,买盘
775,13:51:13,13.54,--,58,78532,买盘
776,13:51:07,13.54,--,31,41974,买盘
777,13:50:58,13.54,--,83,112382,卖盘
778,13:50:55,13.54,--,36,48744,卖盘
779,13:50:46,13.54,--,10,13540,卖盘
780,13:50:43,13.54,-0.01,15,20310,卖盘
781,13:50:37,13.55,0.01,42,56910,买盘
782,13:50:34,13.54,--,24,32495,卖盘
783,13:50:31,13.54,0.01,83,112382,买盘
784,13:50:25,13.53,--,19,25707,卖盘
785,13:50:19,13.53,--,13,17589,卖盘
786,13:50:16,13.53,--,11,14883,卖盘
787,13:50:10,13.53,--,1,1353,卖盘
788,13:50:07,13.53,0.01,24,32472,卖盘
789,13:50:01,13.52,-0.01,100,135200,卖盘
790,13:49:55,13.53,0.01,5,6765,买盘
791,13:49:52,13.52,--,177,239304,卖盘
792,13:49:49,13.52,-0.01,20,27040,卖盘
793,13:49:46,13.53,--,3,4059,买盘
794,13:49:37,13.53,-0.01,107,144771,卖盘
795,13:49:34,13.54,-0.01,113,153002,卖盘
796,13:49:31,13.55,--,14,18970,买盘
797,13:49:25,13.55,0.01,52,70460,买盘
798,13:49:22,13.54,0.01,83,112382,买盘
799,13:49:16,13.53,-0.03,3,4059,卖盘
800,13:49:13,13.56,0.01,143,193908,买盘
801,13:49:10,13.55,0.02,23,31165,买盘
802,13:49:07,13.53,-0.02,101,136653,中性盘
803,13:49:01,13.55,0.02,76,102980,买盘
804,13:48:58,13.53,-0.02,46,62238,买盘
805,13:48:55,13.55,0.03,37,50135,买盘
806,13:48:52,13.52,-0.01,244,331226,卖盘
807,13:48:43,13.53,0.01,71,96063,买盘
808,13:48:40,13.52,--,9,12168,卖盘
809,13:48:37,13.52,-0.01,10,13533,卖盘
810,13:48:34,13.53,--,33,44649,买盘
811,13:48:31,13.53,--,73,98769,买盘
812,13:48:28,13.53,--,23,31119,买盘
813,13:48:25,13.53,0.01,23,31119,买盘
814,13:48:22,13.52,--,40,54080,卖盘
815,13:48:19,13.52,-0.01,30,40560,中性盘
816,13:48:16,13.53,--,23,31119,买盘
817,13:48:13,13.53,0.02,23,31119,买盘
818,13:48:10,13.51,--,49,66199,卖盘
819,13:48:07,13.51,-0.03,132,178332,卖盘
820,13:47:58,13.54,0.03,70,94780,买盘
821,13:47:52,13.51,-0.03,51,68901,中性盘
822,13:47:49,13.54,0.03,46,62283,买盘
823,13:47:46,13.51,--,15,20265,买盘
824,13:47:40,13.51,--,23,31073,买盘
825,13:47:37,13.51,0.01,72,97272,中性盘
826,13:47:34,13.5,--,51,68850,卖盘
827,13:47:31,13.5,-0.01,53,71550,卖盘
828,13:47:28,13.51,0.01,14,18914,买盘
829,13:47:25,13.5,--,12,16200,卖盘
830,13:47:16,13.5,-0.01,224,302400,卖盘
831,13:47:13,13.51,0.01,12,16212,买盘
832,13:47:07,13.5,--,83,112320,卖盘
833,13:47:04,13.5,-0.01,7,9450,卖盘
834,13:47:01,13.51,--,5,6755,买盘
835,13:46:58,13.51,0.01,26,35126,买盘
836,13:46:55,13.5,-0.02,66,89869,卖盘
837,13:46:52,13.52,0.01,14,18928,买盘
838,13:46:40,13.51,--,133,180263,买盘
839,13:46:37,13.51,--,24,32424,买盘
840,13:46:28,13.51,--,60,81060,买盘
841,13:46:22,13.51,-0.02,645,871489,卖盘
842,13:46:19,13.53,0.01,30,40590,买盘
843,13:46:13,13.52,-0.01,3,4056,卖盘
844,13:46:10,13.53,0.01,8,10824,买盘
845,13:46:07,13.52,--,31,41912,卖盘
846,13:46:04,13.52,--,18,24336,卖盘
847,13:46:01,13.52,--,250,338000,卖盘
848,13:45:58,13.52,--,23,31096,卖盘
849,13:45:52,13.52,--,23,31096,卖盘
850,13:45:46,13.52,-0.01,23,31096,卖盘
851,13:45:40,13.53,--,20,27060,卖盘
852,13:45:37,13.53,--,18,24354,卖盘
853,13:45:31,13.53,0.01,27,36531,买盘
854,13:45:25,13.52,--,90,121680,卖盘
855,13:45:22,13.52,--,152,205504,卖盘
856,13:45:19,13.52,-0.01,23,31096,卖盘
857,13:45:13,13.53,0.01,5,6765,中性盘
858,13:45:10,13.52,-0.02,86,116272,卖盘
859,13:45:07,13.54,--,1,1354,买盘
860,13:45:04,13.54,--,65,88010,买盘
861,13:44:49,13.54,-0.01,75,101550,中性盘
862,13:44:43,13.55,0.02,5,6775,买盘
863,13:44:40,13.53,-0.02,108,146124,卖盘
864,13:44:31,13.55,--,6,8130,买盘
865,13:44:22,13.55,0.02,19,25745,买盘
866,13:44:16,13.53,--,23,31119,卖盘
867,13:44:13,13.53,-0.02,107,144771,卖盘
868,13:44:10,13.55,--,6,8130,买盘
869,13:44:07,13.55,--,6,8130,买盘
870,13:44:01,13.55,--,10,13550,买盘
871,13:43:58,13.55,0.01,10,13550,买盘
872,13:43:55,13.54,--,30,40620,卖盘
873,13:43:52,13.54,--,15,20310,卖盘
874,13:43:49,13.54,-0.01,23,31141,卖盘
875,13:43:46,13.55,0.01,5,6775,买盘
876,13:43:37,13.54,--,42,56868,卖盘
877,13:43:34,13.54,--,14,18956,卖盘
878,13:43:31,13.54,-0.01,20,27080,卖盘
879,13:43:25,13.55,--,23,31165,买盘
880,13:43:22,13.55,0.02,15,20325,买盘
881,13:43:16,13.53,--,69,93357,卖盘
882,13:43:13,13.53,-0.02,6,8118,卖盘
883,13:43:07,13.55,0.02,12,16260,买盘
884,13:43:04,13.53,-0.02,8,10824,卖盘
885,13:43:01,13.55,0.02,5,6775,买盘
886,13:42:58,13.53,--,20,27060,卖盘
887,13:42:55,13.53,--,10,13530,卖盘
888,13:42:52,13.53,--,137,185361,卖盘
889,13:42:46,13.53,--,10,13530,卖盘
890,13:42:46,13.53,--,20,27060,卖盘
891,13:42:40,13.53,--,36,48708,卖盘
892,13:42:34,13.53,--,8,10824,卖盘
893,13:42:31,13.53,--,55,74415,卖盘
894,13:42:25,13.53,--,793,1074187,买盘
895,13:42:19,13.53,0.01,6,8118,买盘
896,13:42:10,13.52,-0.01,15,20280,卖盘
897,13:42:07,13.53,--,21,28413,买盘
898,13:41:55,13.53,0.01,10,13530,买盘
899,13:41:52,13.52,--,8,10816,买盘
900,13:41:49,13.52,0.01,207,279864,买盘
901,13:41:43,13.51,-0.01,10,13510,卖盘
902,13:41:34,13.52,0.01,27,36504,买盘
903,13:41:31,13.51,-0.01,23,31073,卖盘
904,13:41:25,13.52,--,44,59488,买盘
905,13:41:19,13.52,--,30,40560,买盘
906,13:41:16,13.52,--,119,160888,买盘
907,13:41:13,13.52,--,14,18928,买盘
908,13:41:10,13.52,--,29,39208,买盘
909,13:41:07,13.52,0.01,38,51376,买盘
910,13:41:04,13.51,-0.01,22,29722,卖盘
911,13:41:01,13.52,--,159,214968,买盘
912,13:40:58,13.52,0.01,106,143312,买盘
913,13:40:52,13.51,--,103,139153,买盘
914,13:40:49,13.51,0.01,113,152663,买盘
915,13:40:46,13.5,-0.01,105,141750,卖盘
916,13:40:43,13.51,--,17,22967,买盘
917,13:40:40,13.51,0.01,6,8106,买盘
918,13:40:37,13.5,0.01,1,1350,卖盘
919,13:40:34,13.49,-0.01,13,17537,卖盘
920,13:40:31,13.5,--,83,112050,买盘
921,13:40:25,13.5,--,64,86400,买盘
922,13:40:22,13.5,-0.01,276,372600,卖盘
923,13:40:16,13.51,--,28,37828,买盘
924,13:40:10,13.51,--,16,21616,买盘
925,13:40:07,13.51,--,110,148610,买盘
926,13:40:04,13.51,--,61,82681,买盘
927,13:39:58,13.51,--,164,221564,买盘
928,13:39:55,13.51,0.01,39,52689,买盘
929,13:39:49,13.5,-0.01,63,85050,卖盘
930,13:39:43,13.51,0.01,25,33775,买盘
931,13:39:34,13.5,-0.01,29,39150,卖盘
932,13:39:31,13.51,0.02,32,43232,买盘
933,13:39:28,13.49,-0.01,12,16188,卖盘
934,13:39:25,13.5,--,11,16011,买盘
935,13:39:22,13.5,--,82,111631,买盘
936,13:39:19,13.5,--,253,341550,买盘
937,13:39:16,13.5,--,23,31050,买盘
938,13:39:13,13.5,--,6,8100,买盘
939,13:39:10,13.5,--,49,66150,买盘
940,13:39:07,13.5,--,31,41850,买盘
941,13:39:04,13.5,--,11,14850,买盘
942,13:39:01,13.5,--,35,47250,买盘
943,13:38:58,13.5,-0.02,2788,3764880,卖盘
944,13:38:55,13.52,0.01,33,44616,买盘
945,13:38:52,13.51,-0.01,165,222915,卖盘
946,13:38:49,13.52,--,21,28662,买盘
947,13:38:43,13.52,0.01,162,219024,买盘
948,13:38:37,13.51,-0.01,16,21616,卖盘
949,13:38:34,13.52,--,118,159536,买盘
950,13:38:31,13.52,0.01,33,44616,买盘
951,13:38:28,13.51,--,16,21616,卖盘
952,13:38:25,13.51,-0.01,64,86464,卖盘
953,13:38:22,13.52,0.01,87,117624,买盘
954,13:38:19,13.51,-0.01,3,4053,卖盘
955,13:38:16,13.52,--,28,37856,买盘
956,13:38:13,13.52,0.01,30,40560,买盘
957,13:38:10,13.51,-0.01,200,270200,卖盘
958,13:38:07,13.52,0.01,10,13520,买盘
959,13:38:04,13.51,--,161,217511,卖盘
960,13:37:58,13.51,-0.01,65,88895,卖盘
961,13:37:52,13.52,--,261,352872,卖盘
962,13:37:49,13.52,-0.01,10,13520,卖盘
963,13:37:46,13.53,0.01,31,41943,买盘
964,13:37:43,13.52,--,46,62192,卖盘
965,13:37:40,13.52,--,282,381264,卖盘
966,13:37:37,13.52,--,419,566488,卖盘
967,13:37:34,13.52,-0.01,315,425880,卖盘
968,13:37:22,13.53,0.01,14,18942,买盘
969,13:37:13,13.52,--,23,31096,卖盘
970,13:37:10,13.52,-0.01,196,264992,卖盘
971,13:37:07,13.53,0.01,14,18942,买盘
972,13:37:04,13.52,--,8,10816,卖盘
973,13:37:01,13.52,--,6,8382,卖盘
974,13:36:58,13.52,--,233,315016,卖盘
975,13:36:52,13.52,-0.01,3,4056,卖盘
976,13:36:49,13.53,--,5,6765,买盘
977,13:36:46,13.53,0.01,1,1353,买盘
978,13:36:43,13.52,--,3,4056,卖盘
979,13:36:40,13.52,--,16,21632,卖盘
980,13:36:37,13.52,--,13,17576,卖盘
981,13:36:34,13.52,-0.01,49,66248,卖盘
982,13:36:31,13.53,--,50,67650,买盘
983,13:36:28,13.53,--,26,35178,买盘
984,13:36:16,13.53,--,5,6765,买盘
985,13:36:07,13.53,0.01,441,596673,买盘
986,13:36:01,13.52,-0.01,657,888264,卖盘
987,13:35:58,13.53,-0.01,20,27060,卖盘
988,13:35:55,13.54,--,5,6770,买盘
989,13:35:49,13.54,--,11,14893,买盘
990,13:35:46,13.54,--,10,13540,买盘
991,13:35:40,13.54,0.01,16,21664,买盘
992,13:35:37,13.53,-0.01,28,37884,卖盘
993,13:35:34,13.54,0.01,5,6770,买盘
994,13:35:31,13.53,-0.01,10,13530,卖盘
995,13:35:28,13.54,--,1,1354,买盘
996,13:35:25,13.54,0.01,15,20310,买盘
997,13:35:22,13.53,--,38,51414,卖盘
998,13:35:19,13.53,-0.01,20,27060,卖盘
999,13:35:13,13.54,--,30,40620,买盘
1000,13:35:07,13.54,0.01,74,100196,买盘
1001,13:35:04,13.53,-0.01,18,24354,卖盘
1002,13:34:58,13.54,--,10,13540,买盘
1003,13:34:52,13.54,--,12,16247,买盘
1004,13:34:46,13.54,0.01,6,8123,买盘
1005,13:34:37,13.53,--,38,51414,卖盘
1006,13:34:34,13.53,-0.01,8,10824,卖盘
1007,13:34:31,13.54,0.01,23,31141,买盘
1008,13:34:28,13.53,-0.01,6,8118,卖盘
1009,13:34:25,13.54,--,56,75824,买盘
1010,13:34:16,13.54,--,98,132692,买盘
1011,13:34:13,13.54,--,2,2708,买盘
1012,13:34:04,13.54,--,21,28434,买盘
1013,13:34:01,13.54,--,20,27080,买盘
1014,13:33:58,13.54,--,84,114751,卖盘
1015,13:33:55,13.54,-0.02,3,4061,卖盘
1016,13:33:52,13.56,0.02,5,6780,买盘
1017,13:33:46,13.54,-0.02,48,64991,卖盘
1018,13:33:43,13.56,0.02,5,6780,买盘
1019,13:33:40,13.54,--,23,31141,卖盘
1020,13:33:37,13.54,--,23,31141,卖盘
1021,13:33:34,13.54,--,16,22002,买盘
1022,13:33:31,13.54,-0.02,194,263691,卖盘
1023,13:33:28,13.56,--,16,21696,买盘
1024,13:33:25,13.56,--,1,1356,买盘
1025,13:33:22,13.56,--,10,13560,买盘
1026,13:33:19,13.56,0.02,5,6780,买盘
1027,13:33:16,13.54,-0.02,3,4061,卖盘
1028,13:33:10,13.56,--,3,4068,买盘
1029,13:33:10,13.56,0.02,28,37968,中性盘
1030,13:33:01,13.54,-0.02,206,278924,卖盘
1031,13:32:55,13.56,0.02,15,20340,买盘
1032,13:32:49,13.54,-0.02,20,27080,卖盘
1033,13:32:46,13.56,0.01,25,33900,买盘
1034,13:32:40,13.55,--,2,2710,买盘
1035,13:32:37,13.55,--,28,37940,买盘
1036,13:32:34,13.55,--,233,315715,买盘
1037,13:32:25,13.55,--,5,6775,买盘
1038,13:32:19,13.55,--,43,58265,卖盘
1039,13:32:16,13.55,--,15,20325,卖盘
1040,13:32:10,13.55,--,44,59620,买盘
1041,13:32:07,13.55,--,78,105690,买盘
1042,13:32:04,13.55,--,5,6775,买盘
1043,13:31:54,13.55,--,56,75880,买盘
1044,13:31:48,13.55,--,16,21680,买盘
1045,13:31:39,13.55,--,10,13550,买盘
1046,13:31:36,13.55,--,132,178860,买盘
1047,13:31:33,13.55,--,21,28455,买盘
1048,13:31:30,13.55,--,5,6775,买盘
1049,13:31:27,13.55,--,5,6775,买盘
1050,13:31:24,13.55,--,57,77235,买盘
1051,13:31:18,13.55,--,5,6775,买盘
1052,13:31:15,13.55,--,2,2710,买盘
1053,13:31:09,13.55,--,6,8130,买盘
1054,13:31:06,13.55,--,70,94850,卖盘
1055,13:31:00,13.55,--,22,29810,卖盘
1056,13:30:57,13.55,--,38,51490,卖盘
1057,13:30:54,13.55,--,10,13550,卖盘
1058,13:30:48,13.55,-0.01,10,13550,卖盘
1059,13:30:45,13.56,0.01,5,6780,买盘
1060,13:30:39,13.55,--,5,6775,卖盘
1061,13:30:33,13.55,-0.01,36,48780,卖盘
1062,13:30:30,13.56,0.01,18,24408,买盘
1063,13:30:27,13.55,--,13,17615,卖盘
1064,13:30:24,13.55,-0.02,16,21680,卖盘
1065,13:30:21,13.57,0.01,110,149270,买盘
1066,13:30:18,13.56,0.01,18,24408,买盘
1067,13:30:15,13.55,--,10,13550,卖盘
1068,13:30:12,13.55,-0.01,79,107045,卖盘
1069,13:30:03,13.56,--,22,29832,买盘
1070,13:30:00,13.56,0.01,5,6780,买盘
1071,13:29:57,13.55,-0.02,20,27100,卖盘
1072,13:29:51,13.57,0.02,5,6785,买盘
1073,13:29:45,13.55,-0.02,10,13550,卖盘
1074,13:29:39,13.57,0.02,6,8142,买盘
1075,13:29:36,13.55,-0.02,8,10840,卖盘
1076,13:29:27,13.57,0.02,5,6785,买盘
1077,13:29:24,13.55,-0.02,13,17615,卖盘
1078,13:29:21,13.57,--,27,36639,买盘
1079,13:29:15,13.57,0.02,5,6785,买盘
1080,13:29:09,13.55,--,14,18970,卖盘
1081,13:29:03,13.55,-0.02,8,10840,中性盘
1082,13:29:00,13.57,--,42,56994,买盘
1083,13:28:57,13.57,--,18,24426,买盘
1084,13:28:54,13.57,--,217,294469,买盘
1085,13:28:51,13.57,-0.01,97,131629,卖盘
1086,13:28:45,13.58,0.01,6,8148,买盘
1087,13:28:36,13.57,-0.01,18,24426,买盘
1088,13:28:33,13.58,0.04,35,47530,买盘
1089,13:28:21,13.54,-0.01,218,295172,卖盘
1090,13:28:15,13.55,-0.01,50,67750,卖盘
1091,13:28:12,13.56,--,3,4068,买盘
1092,13:28:09,13.56,--,6,8136,买盘
1093,13:28:06,13.56,--,10,13560,买盘
1094,13:28:00,13.56,--,56,75936,卖盘
1095,13:27:57,13.56,0.01,50,67800,买盘
1096,13:27:54,13.55,-0.01,212,287260,卖盘
1097,13:27:48,13.56,-0.01,29,39324,卖盘
1098,13:27:45,13.57,--,3,4071,买盘
1099,13:27:39,13.57,0.01,6,8142,中性盘
1100,13:27:33,13.56,--,8,10848,卖盘
1101,13:27:30,13.56,-0.02,20,27120,卖盘
1102,13:27:27,13.58,--,5,6790,买盘
1103,13:27:24,13.58,0.02,144,195552,买盘
1104,13:27:15,13.56,--,32,43392,买盘
1105,13:27:12,13.56,0.01,46,62376,买盘
1106,13:27:09,13.55,-0.01,39,52845,卖盘
1107,13:27:03,13.56,0.02,61,82716,买盘
1108,13:26:54,13.54,-0.01,10,13540,卖盘
1109,13:26:51,13.55,-0.01,63,85365,中性盘
1110,13:26:45,13.56,--,76,103056,买盘
1111,13:26:42,13.56,0.02,42,56952,买盘
1112,13:26:33,13.54,-0.01,13,17602,卖盘
1113,13:26:30,13.55,--,30,40650,买盘
1114,13:26:27,13.55,--,175,237125,买盘
1115,13:26:24,13.55,--,12,16260,买盘
1116,13:26:21,13.55,0.01,7,9485,买盘
1117,13:26:18,13.54,-0.01,50,67700,卖盘
1118,13:26:12,13.55,--,17,23035,买盘
1119,13:26:06,13.55,0.01,10,13550,买盘
1120,13:26:03,13.54,-0.01,9,12186,卖盘
1121,13:26:00,13.55,--,1,1355,买盘
1122,13:25:57,13.55,--,5,6775,买盘
1123,13:25:54,13.55,--,2,2710,买盘
1124,13:25:51,13.55,0.01,8,10840,买盘
1125,13:25:48,13.54,-0.01,45,60929,卖盘
1126,13:25:36,13.55,0.01,19,25745,买盘
1127,13:25:33,13.54,-0.02,74,100196,卖盘
1128,13:25:27,13.56,0.01,40,54240,买盘
1129,13:25:21,13.55,-0.01,268,363140,卖盘
1130,13:25:15,13.56,--,5,6780,买盘
1131,13:25:06,13.56,0.01,13,17628,买盘
1132,13:25:03,13.55,-0.01,40,54200,卖盘
1133,13:25:00,13.56,--,23,31188,买盘
1134,13:24:54,13.56,--,5,6780,买盘
1135,13:24:51,13.56,0.01,51,69156,买盘
1136,13:24:48,13.55,--,268,363140,卖盘
1137,13:24:45,13.55,-0.01,91,123305,卖盘
1138,13:24:39,13.56,--,124,168144,买盘
1139,13:24:36,13.56,0.01,33,44748,买盘
1140,13:24:33,13.55,-0.01,18,24390,卖盘
1141,13:24:30,13.56,--,6,8136,买盘
1142,13:24:27,13.56,0.01,11,14916,买盘
1143,13:24:21,13.55,--,275,372625,卖盘
1144,13:24:15,13.55,-0.01,50,67750,卖盘
1145,13:24:09,13.56,--,15,20340,买盘
1146,13:24:06,13.56,0.01,13,17628,买盘
1147,13:24:03,13.55,--,38,51490,卖盘
1148,13:24:00,13.55,-0.01,18,24390,卖盘
1149,13:23:45,13.56,0.01,6,8136,买盘
1150,13:23:42,13.55,-0.01,10,13550,卖盘
1151,13:23:36,13.56,0.01,5,6780,买盘
1152,13:23:33,13.55,-0.01,48,65040,卖盘
1153,13:23:30,13.56,--,3,4068,买盘
1154,13:23:27,13.56,-0.01,88,119328,卖盘
1155,13:23:24,13.57,0.01,16,21712,买盘
1156,13:23:15,13.56,--,8,10848,买盘
1157,13:23:09,13.56,0.01,3,4068,中性盘
1158,13:23:03,13.55,-0.02,19,25745,卖盘
1159,13:23:00,13.57,0.01,5,6785,买盘
1160,13:22:57,13.56,-0.01,249,338186,卖盘
1161,13:22:54,13.57,--,5,6785,买盘
1162,13:22:51,13.57,--,10,13570,买盘
1163,13:22:48,13.57,--,5,6785,买盘
1164,13:22:45,13.57,--,40,54280,买盘
1165,13:22:39,13.57,--,10,13570,买盘
1166,13:22:33,13.57,-0.01,21,28497,中性盘
1167,13:22:30,13.58,0.01,47,63826,买盘
1168,13:22:21,13.57,--,5,6785,买盘
1169,13:22:18,13.57,--,144,195408,卖盘
1170,13:22:15,13.57,-0.01,1,1357,卖盘
1171,13:22:09,13.58,--,5,6790,买盘
1172,13:22:06,13.58,0.01,1,1358,买盘
1173,13:22:03,13.57,-0.01,8,10856,卖盘
1174,13:21:57,13.58,--,5,6790,买盘
1175,13:21:54,13.58,0.02,2,2716,买盘
1176,13:21:51,13.56,-0.02,41,55596,卖盘
1177,13:21:48,13.58,0.02,5,6790,买盘
1178,13:21:45,13.56,--,15,20340,卖盘
1179,13:21:39,13.56,-0.02,28,37968,卖盘
1180,13:21:33,13.58,-0.01,14,19012,买盘
1181,13:21:27,13.59,0.03,5,6795,买盘
1182,13:21:21,13.56,--,1,1356,卖盘
1183,13:21:15,13.56,--,94,128277,买盘
1184,13:21:12,13.56,0.01,7,9492,买盘
1185,13:21:06,13.55,--,129,174795,卖盘
1186,13:21:03,13.55,-0.01,24,32520,卖盘
1187,13:21:00,13.56,--,43,58308,买盘
1188,13:20:54,13.56,--,15,20340,买盘
1189,13:20:51,13.56,--,164,222926,卖盘
1190,13:20:45,13.56,-0.03,38,51528,卖盘
1191,13:20:42,13.59,--,36,48924,买盘
1192,13:20:39,13.59,0.01,5,6795,买盘
1193,13:20:36,13.58,-0.01,8,10864,卖盘
1194,13:20:30,13.59,0.01,5,6795,买盘
1195,13:20:18,13.58,0.01,405,549990,买盘
1196,13:20:15,13.57,--,19,26597,卖盘
1197,13:20:09,13.57,--,29,39353,卖盘
1198,13:20:03,13.57,-0.01,8,10856,中性盘
1199,13:19:54,13.58,--,75,101850,买盘
1200,13:19:51,13.58,0.02,24,32592,买盘
1201,13:19:48,13.56,-0.01,413,560028,卖盘
1202,13:19:45,13.57,--,34,46138,买盘
1203,13:19:42,13.57,--,40,54280,买盘
1204,13:19:36,13.57,0.01,13,17641,买盘
1205,13:19:33,13.56,-0.01,28,37968,卖盘
1206,13:19:30,13.57,--,150,203550,买盘
1207,13:19:27,13.57,0.01,21,28497,买盘
1208,13:19:18,13.56,-0.01,227,307812,卖盘
1209,13:19:12,13.57,--,1,1357,买盘
1210,13:19:09,13.57,--,6,8142,买盘
1211,13:19:06,13.57,0.01,17,23069,卖盘
1212,13:19:03,13.56,-0.02,8,10848,卖盘
1213,13:19:00,13.58,0.01,95,129010,买盘
1214,13:18:51,13.57,--,17,23069,买盘
1215,13:18:48,13.57,0.01,196,265972,买盘
1216,13:18:45,13.56,-0.01,3,4068,卖盘
1217,13:18:42,13.57,--,23,31211,买盘
1218,13:18:39,13.57,0.01,20,27140,买盘
1219,13:18:36,13.56,-0.01,105,142380,卖盘
1220,13:18:27,13.57,0.02,13,17980,买盘
1221,13:18:18,13.55,-0.01,265,359075,卖盘
1222,13:18:15,13.56,--,177,240012,买盘
1223,13:18:09,13.56,--,46,62376,买盘
1224,13:18:03,13.56,--,50,67800,买盘
1225,13:18:00,13.56,--,5,6780,买盘
1226,13:17:54,13.56,0.01,5,6780,买盘
1227,13:17:51,13.55,-0.01,20,27100,卖盘
1228,13:17:48,13.56,--,23,31188,买盘
1229,13:17:45,13.56,--,14,18984,买盘
1230,13:17:36,13.56,0.01,53,71868,买盘
1231,13:17:33,13.55,-0.01,23,31165,卖盘
1232,13:17:27,13.56,0.01,35,47460,买盘
1233,13:17:24,13.55,-0.01,11,14905,卖盘
1234,13:17:21,13.56,--,38,51528,买盘
1235,13:17:15,13.56,0.01,3,4068,买盘
1236,13:17:12,13.55,-0.01,49,66395,卖盘
1237,13:17:06,13.56,--,30,40680,买盘
1238,13:16:57,13.56,--,3,4068,买盘
1239,13:16:54,13.56,0.01,62,84072,买盘
1240,13:16:51,13.55,--,10,13550,卖盘
1241,13:16:48,13.55,-0.01,20,27100,卖盘
1242,13:16:45,13.56,0.01,1033,1400748,买盘
1243,13:16:42,13.55,-0.01,7,9485,卖盘
1244,13:16:36,13.56,0.01,63,85428,买盘
1245,13:16:33,13.55,-0.01,8,10840,卖盘
1246,13:16:30,13.56,--,33,44748,买盘
1247,13:16:27,13.56,--,39,52884,买盘
1248,13:16:24,13.56,0.01,104,141024,买盘
1249,13:16:21,13.55,--,80,108400,卖盘
1250,13:16:12,13.55,--,50,67750,卖盘
1251,13:16:06,13.55,--,57,77235,卖盘
1252,13:16:03,13.55,-0.02,33,44715,卖盘
1253,13:15:48,13.57,0.01,42,56994,买盘
1254,13:15:45,13.56,--,241,326796,卖盘
1255,13:15:42,13.56,--,23,31188,卖盘
1256,13:15:39,13.56,--,56,75936,卖盘
1257,13:15:36,13.56,--,86,116616,卖盘
1258,13:15:33,13.56,-0.01,8,10848,卖盘
1259,13:15:30,13.57,--,40,54280,买盘
1260,13:15:24,13.57,0.01,8,10856,买盘
1261,13:15:21,13.56,--,23,31188,卖盘
1262,13:15:18,13.56,--,30,40680,卖盘
1263,13:15:15,13.56,--,351,475956,卖盘
1264,13:15:12,13.56,-0.01,10,13560,卖盘
1265,13:15:06,13.57,--,42,56994,买盘
1266,13:15:00,13.57,0.01,21,28497,买盘
1267,13:14:54,13.56,--,100,135600,卖盘
1268,13:14:51,13.56,--,129,174924,卖盘
1269,13:14:45,13.56,--,292,395952,卖盘
1270,13:14:39,13.56,--,18,24408,卖盘
1271,13:14:36,13.56,--,40,54240,卖盘
1272,13:14:33,13.56,-0.01,8,10848,卖盘
1273,13:14:30,13.57,--,4,5428,买盘
1274,13:14:27,13.57,--,4,5428,买盘
1275,13:14:24,13.57,--,63,85491,买盘
1276,13:14:21,13.57,0.01,6,8142,买盘
1277,13:14:18,13.56,-0.01,10,13560,卖盘
1278,13:14:15,13.57,--,1,1357,买盘
1279,13:14:12,13.57,--,3,4071,买盘
1280,13:14:09,13.57,0.01,77,104489,买盘
1281,13:14:03,13.56,-0.01,18,24408,卖盘
1282,13:14:00,13.57,0.01,15,20355,买盘
1283,13:13:57,13.56,-0.01,24,32544,卖盘
1284,13:13:48,13.57,--,19,25783,买盘
1285,13:13:42,13.57,--,6,8142,买盘
1286,13:13:36,13.57,-0.03,327,444987,卖盘
1287,13:13:33,13.6,--,32,43520,买盘
1288,13:13:24,13.6,0.03,8,10880,买盘
1289,13:13:20,13.57,-0.02,343,465451,卖盘
1290,13:13:17,13.59,0.02,157,213363,买盘
1291,13:13:08,13.57,-0.02,7,9499,卖盘
1292,13:13:02,13.59,-0.01,85,115515,中性盘
1293,13:12:53,13.6,0.02,12,16320,买盘
1294,13:12:44,13.58,-0.02,146,198268,卖盘
1295,13:12:38,13.6,--,27,36720,买盘
1296,13:12:35,13.6,--,13,17680,买盘
1297,13:12:32,13.6,0.01,5,6800,买盘
1298,13:12:29,13.59,0.02,10,13671,买盘
1299,13:12:23,13.57,-0.03,5,6785,卖盘
1300,13:12:17,13.6,0.01,6,8160,买盘
1301,13:12:14,13.59,--,23,31257,买盘
1302,13:12:08,13.59,0.02,5,6795,买盘
1303,13:12:05,13.57,-0.01,155,210335,卖盘
1304,13:12:02,13.58,-0.01,10,13580,卖盘
1305,13:11:56,13.59,0.01,8,10872,买盘
1306,13:11:50,13.58,-0.01,431,585325,卖盘
1307,13:11:47,13.59,-0.01,5,6795,中性盘
1308,13:11:35,13.6,0.02,16,21760,买盘
1309,13:11:29,13.58,--,40,54320,卖盘
1310,13:11:26,13.58,-0.01,28,38024,卖盘
1311,13:11:23,13.59,--,4,5436,卖盘
1312,13:11:17,13.59,0.01,4,5436,买盘
1313,13:11:14,13.58,-0.02,107,145306,卖盘
1314,13:11:11,13.6,0.01,5,6800,买盘
1315,13:11:08,13.59,--,41,55719,卖盘
1316,13:11:02,13.59,-0.01,14,19026,卖盘
1317,13:10:50,13.6,--,175,238000,买盘
1318,13:10:44,13.6,--,25,34000,买盘
1319,13:10:41,13.6,-0.01,184,250784,卖盘
1320,13:10:38,13.61,0.01,67,91187,买盘
1321,13:10:32,13.6,-0.01,8,10880,卖盘
1322,13:10:29,13.61,0.01,25,34025,买盘
1323,13:10:26,13.6,-0.01,15,20400,卖盘
1324,13:10:20,13.61,0.01,6,8166,买盘
1325,13:10:17,13.6,--,90,122400,卖盘
1326,13:10:14,13.6,-0.01,19,25840,卖盘
1327,13:10:08,13.61,0.01,5,6805,买盘
1328,13:10:02,13.6,-0.01,18,24480,卖盘
1329,13:09:56,13.61,0.01,5,6805,买盘
1330,13:09:53,13.6,--,2,2720,卖盘
1331,13:09:50,13.6,-0.01,27,37536,卖盘
1332,13:09:44,13.61,--,15,20415,买盘
1333,13:09:35,13.61,--,9,12249,买盘
1334,13:09:29,13.61,--,36,49622,卖盘
1335,13:09:26,13.61,-0.01,3,4817,卖盘
1336,13:09:23,13.62,0.01,6,8171,买盘
1337,13:09:17,13.61,-0.01,10,13610,卖盘
1338,13:09:14,13.62,--,5,6810,买盘
1339,13:08:59,13.62,--,39,53118,买盘
1340,13:08:56,13.62,0.01,46,62652,买盘
1341,13:08:53,13.61,--,39,53079,卖盘
1342,13:08:50,13.61,0.01,50,68050,买盘
1343,13:08:47,13.6,-0.02,8,10880,卖盘
1344,13:08:38,13.62,0.02,25,34050,买盘
1345,13:08:32,13.6,--,32,43520,卖盘
1346,13:08:26,13.6,-0.02,30,40800,卖盘
1347,13:08:17,13.62,0.02,5,6810,买盘
1348,13:08:08,13.6,-0.03,14,19040,卖盘
1349,13:07:53,13.63,--,12,16356,买盘
1350,13:07:47,13.63,0.03,24,32712,买盘
1351,13:07:41,13.6,-0.03,6,8160,卖盘
1352,13:07:38,13.63,--,42,57246,卖盘
1353,13:07:35,13.63,-0.01,70,95410,卖盘
1354,13:07:32,13.64,0.01,28,38192,买盘
1355,13:07:26,13.63,-0.01,55,74965,卖盘
1356,13:07:23,13.64,0.01,5,6820,买盘
1357,13:07:20,13.63,--,17,23171,卖盘
1358,13:07:14,13.63,-0.01,148,201724,卖盘
1359,13:07:11,13.64,0.01,23,31372,买盘
1360,13:07:08,13.63,--,15,20445,卖盘
1361,13:07:02,13.63,--,13,17719,卖盘
1362,13:06:59,13.63,--,60,81780,卖盘
1363,13:06:56,13.63,--,7,9541,卖盘
1364,13:06:53,13.63,--,163,222169,买盘
1365,13:06:50,13.63,0.02,5,6815,买盘
1366,13:06:44,13.61,--,20,27220,卖盘
1367,13:06:38,13.61,--,22,29942,卖盘
1368,13:06:35,13.61,-0.01,4,5444,卖盘
1369,13:06:32,13.62,0.01,45,61290,买盘
1370,13:06:29,13.61,-0.01,45,61245,卖盘
1371,13:06:26,13.62,--,5,6810,买盘
1372,13:06:17,13.62,0.01,15,20430,买盘
1373,13:06:14,13.61,0.01,50,68050,买盘
1374,13:06:08,13.6,-0.02,22,29920,卖盘
1375,13:06:05,13.62,--,19,25878,买盘
1376,13:06:02,13.62,0.01,15,20430,买盘
1377,13:05:56,13.61,--,30,40830,买盘
1378,13:05:44,13.61,--,31,42191,卖盘
1379,13:05:41,13.61,-0.01,19,25859,卖盘
1380,13:05:32,13.62,--,5,6810,买盘
1381,13:05:20,13.62,0.01,6,8171,买盘
1382,13:05:17,13.61,--,13,17693,卖盘
1383,13:05:11,13.61,--,44,59884,卖盘
1384,13:05:08,13.61,--,19,25859,卖盘
1385,13:05:05,13.61,-0.01,90,122490,卖盘
1386,13:05:02,13.62,0.01,5,6810,买盘
1387,13:04:50,13.61,0.01,5,6805,买盘
1388,13:04:41,13.6,--,74,100640,卖盘
1389,13:04:38,13.6,-0.01,27,36720,卖盘
1390,13:04:26,13.61,-0.01,5,6805,买盘
1391,13:04:23,13.62,--,20,27240,买盘
1392,13:04:14,13.62,0.01,6,8171,买盘
1393,13:04:11,13.61,0.01,8,10888,买盘
1394,13:04:08,13.6,-0.01,74,100640,卖盘
1395,13:04:05,13.61,0.01,5,6805,买盘
1396,13:04:02,13.6,-0.01,23,31280,卖盘
1397,13:03:59,13.61,--,9,12249,卖盘
1398,13:03:56,13.61,-0.02,23,31303,卖盘
1399,13:03:53,13.63,--,11,14993,买盘
1400,13:03:44,13.63,0.03,5,6815,买盘
1401,13:03:38,13.6,-0.03,82,111520,卖盘
1402,13:03:32,13.63,0.03,6,8178,买盘
1403,13:03:29,13.6,-0.03,40,54400,卖盘
1404,13:03:23,13.63,0.03,5,6815,买盘
1405,13:03:14,13.6,-0.03,7,9520,卖盘
1406,13:03:08,13.63,--,31,42253,买盘
1407,13:03:05,13.63,--,13,17719,买盘
1408,13:02:59,13.63,--,55,74965,卖盘
1409,13:02:56,13.63,--,27,36801,买盘
1410,13:02:53,13.63,-0.01,10,13630,卖盘
1411,13:02:50,13.64,0.01,58,79112,买盘
1412,13:02:47,13.63,--,6,8178,买盘
1413,13:02:44,13.63,0.02,8,10904,买盘
1414,13:02:41,13.61,-0.03,5,6805,卖盘
1415,13:02:35,13.64,--,28,38192,买盘
1416,13:02:26,13.64,0.01,42,57288,买盘
1417,13:02:23,13.63,0.03,83,113129,买盘
1418,13:02:20,13.6,-0.01,23,31280,卖盘
1419,13:02:17,13.61,-0.02,19,25859,卖盘
1420,13:02:14,13.63,0.01,26,35438,买盘
1421,13:02:05,13.62,-0.01,49,66738,卖盘
1422,13:02:02,13.63,--,72,98136,卖盘
1423,13:01:59,13.63,-0.01,46,62698,卖盘
1424,13:01:56,13.64,0.02,95,129580,买盘
1425,13:01:53,13.62,-0.02,30,40860,卖盘
1426,13:01:50,13.64,0.02,36,49104,买盘
1427,13:01:47,13.62,-0.02,69,93978,卖盘
1428,13:01:41,13.64,0.01,5,6820,买盘
1429,13:01:38,13.63,--,115,156745,卖盘
1430,13:01:32,13.63,-0.01,17,23171,卖盘
1431,13:01:29,13.64,0.02,43,58652,买盘
1432,13:01:26,13.62,--,47,64013,买盘
1433,13:01:20,13.62,--,5,6810,买盘
1434,13:01:11,13.62,-0.02,13,17706,中性盘
1435,13:00:59,13.64,--,10,13640,买盘
1436,13:00:56,13.64,0.02,5,6820,买盘
1437,13:00:47,13.62,0.02,60,81992,买盘
1438,13:00:38,13.6,-0.02,8,10880,卖盘
1439,13:00:35,13.62,0.02,25,34050,中性盘
1440,13:00:26,13.6,-0.04,100,136000,卖盘
1441,13:00:23,13.64,0.01,5,6820,买盘
1442,13:00:20,13.63,--,19,26987,卖盘
1443,13:00:17,13.63,--,0,272,买盘
1444,13:00:14,13.63,0.01,142,193546,买盘
1445,13:00:11,13.62,--,80,108960,买盘
1446,13:00:05,13.62,-0.01,794,1081428,卖盘
1447,11:30:06,13.63,0.01,5,6815,买盘
1448,11:30:00,13.62,--,9,12258,卖盘
1449,11:29:54,13.62,--,10,13620,买盘
1450,11:29:42,13.62,--,5,6810,中性盘
1451,11:29:30,13.62,--,25,34050,卖盘
1452,11:29:27,13.62,-0.01,5,6810,卖盘
1453,11:29:18,13.63,--,6,8178,买盘
1454,11:29:09,13.63,--,63,85869,买盘
1455,11:29:06,13.63,0.02,55,74965,买盘
1456,11:29:03,13.61,-0.02,75,102075,卖盘
1457,11:28:57,13.63,0.01,5,6815,买盘
1458,11:28:54,13.62,-0.01,4,5448,卖盘
1459,11:28:51,13.63,--,36,49068,买盘
1460,11:28:48,13.63,0.01,51,69513,买盘
1461,11:28:42,13.62,--,1,1362,卖盘
1462,11:28:39,13.62,-0.01,31,42222,卖盘
1463,11:28:33,13.63,0.02,37,50431,买盘
1464,11:28:30,13.61,--,24,32664,卖盘
1465,11:28:24,13.61,0.01,24,32936,买盘
1466,11:28:21,13.6,-0.01,24,32640,卖盘
1467,11:28:12,13.61,0.01,6,8166,买盘
1468,11:28:03,13.6,-0.01,8,10880,卖盘
1469,11:28:00,13.61,--,8,10888,买盘
1470,11:27:57,13.61,--,10,13610,买盘
1471,11:27:54,13.61,--,9,13337,卖盘
1472,11:27:51,13.61,--,12,16332,卖盘
1473,11:27:48,13.61,-0.01,55,75127,卖盘
1474,11:27:39,13.62,0.01,15,20430,买盘
1475,11:27:36,13.61,--,15,20415,卖盘
1476,11:27:33,13.61,-0.01,1,1361,卖盘
1477,11:27:30,13.62,0.01,5,6810,买盘
1478,11:27:21,13.61,-0.01,8,10888,卖盘
1479,11:27:15,13.62,--,29,39498,买盘
1480,11:27:06,13.62,--,6,8171,买盘
1481,11:27:03,13.62,--,43,58566,买盘
1482,11:27:00,13.62,--,23,31326,买盘
1483,11:26:57,13.62,0.01,6,8171,买盘
1484,11:26:54,13.61,-0.01,5,6805,卖盘
1485,11:26:45,13.62,--,5,6810,买盘
1486,11:26:36,13.62,-0.01,27,36774,卖盘
1487,11:26:33,13.63,--,30,40890,买盘
1488,11:26:24,13.63,0.01,6,8178,买盘
1489,11:26:21,13.62,-0.01,10,13620,卖盘
1490,11:26:09,13.63,0.01,5,6815,买盘
1491,11:26:03,13.62,-0.01,8,10896,卖盘
1492,11:26:00,13.63,--,5,6815,买盘
1493,11:25:57,13.63,--,63,85869,卖盘
1494,11:25:54,13.63,-0.01,10,13630,卖盘
1495,11:25:48,13.64,0.01,5,6820,买盘
1496,11:25:42,13.63,--,5,6815,买盘
1497,11:25:39,13.63,--,5,6815,买盘
1498,11:25:36,13.63,--,13,17719,买盘
1499,11:25:33,13.63,--,5,6815,卖盘
1500,11:25:30,13.63,-0.01,1,1363,卖盘
1501,11:25:27,13.64,0.01,16,21824,买盘
1502,11:25:24,13.63,--,10,13630,卖盘
1503,11:25:21,13.63,-0.01,130,177190,卖盘
1504,11:25:18,13.64,0.01,5,6820,买盘
1505,11:25:15,13.63,-0.01,5,6815,卖盘
1506,11:25:03,13.64,--,100,136454,卖盘
1507,11:25:00,13.64,--,26,35464,卖盘
1508,11:24:57,13.64,--,5,6820,卖盘
1509,11:24:54,13.64,--,30,40920,卖盘
1510,11:24:51,13.64,--,5,6820,卖盘
1511,11:24:48,13.64,--,20,27280,卖盘
1512,11:24:42,13.64,--,16,21824,卖盘
1513,11:24:36,13.64,--,36,49104,卖盘
1514,11:24:33,13.64,--,63,85932,卖盘
1515,11:24:27,13.64,-0.01,5,6820,卖盘
1516,11:24:21,13.65,0.01,10,13650,买盘
1517,11:24:18,13.64,-0.01,15,20460,卖盘
1518,11:24:15,13.65,0.01,16,21840,买盘
1519,11:24:12,13.64,--,8,10912,卖盘
1520,11:24:09,13.64,-0.01,7,9548,卖盘
1521,11:24:06,13.65,0.01,107,146055,买盘
1522,11:24:03,13.64,-0.01,70,95480,卖盘
1523,11:23:57,13.65,-0.01,5,6825,买盘
1524,11:23:54,13.66,--,85,116110,买盘
1525,11:23:51,13.66,--,2,2732,买盘
1526,11:23:48,13.66,0.02,19,25954,买盘
1527,11:23:45,13.64,-0.02,23,31372,卖盘
1528,11:23:36,13.66,0.01,35,47810,买盘
1529,11:23:33,13.65,--,56,76440,卖盘
1530,11:23:30,13.65,--,129,176085,买盘
1531,11:23:27,13.65,--,19,25935,买盘
1532,11:23:18,13.65,0.01,9,12285,买盘
1533,11:23:15,13.64,-0.01,25,34100,卖盘
1534,11:23:12,13.65,0.01,26,35490,买盘
1535,11:23:06,13.64,--,42,57288,卖盘
1536,11:23:00,13.64,-0.02,90,122760,卖盘
1537,11:22:54,13.66,0.01,5,6830,买盘
1538,11:22:48,13.65,--,54,73710,买盘
1539,11:22:45,13.65,--,5,6825,买盘
1540,11:22:39,13.65,0.01,4,5460,中性盘
1541,11:22:33,13.64,-0.02,170,231880,卖盘
1542,11:22:30,13.66,--,6,8196,买盘
1543,11:22:24,13.66,0.01,40,54640,买盘
1544,11:22:21,13.65,--,28,38220,卖盘
1545,11:22:12,13.65,--,27,38165,买盘
1546,11:22:09,13.65,0.01,5,6825,买盘
1547,11:22:06,13.64,--,12,16368,卖盘
1548,11:22:03,13.64,-0.01,8,10912,卖盘
1549,11:22:00,13.65,--,5,6825,买盘
1550,11:21:54,13.65,0.01,39,53235,买盘
1551,11:21:48,13.64,-0.01,31,42284,卖盘
1552,11:21:36,13.65,0.01,52,70980,买盘
1553,11:21:33,13.64,--,32,43648,卖盘
1554,11:21:27,13.64,-0.01,20,27280,卖盘
1555,11:21:24,13.65,0.01,6,8190,买盘
1556,11:21:21,13.64,--,1,1364,卖盘
1557,11:21:15,13.64,-0.01,230,313720,卖盘
1558,11:21:06,13.65,0.01,13,17745,买盘
1559,11:21:03,13.64,--,25,34100,卖盘
1560,11:20:54,13.64,--,69,94116,买盘
1561,11:20:51,13.64,--,30,40920,买盘
1562,11:20:48,13.64,--,7,9548,买盘
1563,11:20:42,13.64,0.01,25,34100,买盘
1564,11:20:36,13.63,-0.01,13,17719,卖盘
1565,11:20:33,13.64,--,126,171864,买盘
1566,11:20:27,13.64,--,40,54560,买盘
1567,11:20:18,13.64,--,5,6820,买盘
1568,11:20:12,13.64,--,28,38192,买盘
1569,11:20:09,13.64,0.02,6,8184,买盘
1570,11:20:03,13.62,-0.02,8,10896,卖盘
1571,11:19:57,13.64,-0.01,46,62744,卖盘
1572,11:19:54,13.65,0.01,123,167895,买盘
1573,11:19:51,13.64,--,50,68200,买盘
1574,11:19:48,13.64,0.02,5,6820,买盘
1575,11:19:45,13.62,-0.01,29,39498,卖盘
1576,11:19:42,13.63,--,7,9541,买盘
1577,11:19:39,13.63,--,5,6815,买盘
1578,11:19:36,13.63,--,26,35438,买盘
1579,11:19:33,13.63,--,105,143115,买盘
1580,11:19:30,13.63,--,5,6815,买盘
1581,11:19:27,13.63,--,5,6815,买盘
1582,11:19:15,13.63,-0.01,5,6815,中性盘
1583,11:19:12,13.64,--,82,111848,买盘
1584,11:19:09,13.64,--,35,47740,买盘
1585,11:19:05,13.64,0.03,6,8184,买盘
1586,11:19:02,13.61,-0.03,9,12249,卖盘
1587,11:18:59,13.64,--,125,170500,买盘
1588,11:18:56,13.64,--,22,30008,买盘
1589,11:18:50,13.64,0.03,88,120032,买盘
1590,11:18:47,13.61,-0.02,18,24498,卖盘
1591,11:18:44,13.63,-0.01,33,45033,卖盘
1592,11:18:41,13.64,--,15,20460,买盘
1593,11:18:32,13.64,--,33,45012,买盘
1594,11:18:29,13.64,--,6,8184,买盘
1595,11:18:23,13.64,0.01,5,6820,买盘
1596,11:18:20,13.63,0.02,58,80362,买盘
1597,11:18:17,13.61,-0.02,1,1361,卖盘
1598,11:18:08,13.63,--,5,6815,买盘
1599,11:18:05,13.63,--,26,35438,买盘
1600,11:18:02,13.63,0.01,56,76328,买盘
1601,11:17:59,13.62,-0.01,12,16343,中性盘
1602,11:17:56,13.63,--,1,1363,买盘
1603,11:17:53,13.63,0.04,6,8178,买盘
1604,11:17:50,13.59,-0.04,24,32616,卖盘
1605,11:17:47,13.63,--,19,25897,买盘
1606,11:17:44,13.63,--,529,721027,买盘
1607,11:17:41,13.63,0.01,68,92684,买盘
1608,11:17:38,13.62,0.01,33,44946,中性盘
1609,11:17:29,13.61,-0.02,44,59884,卖盘
1610,11:17:26,13.63,--,5,6815,买盘
1611,11:17:23,13.63,--,4,5452,买盘
1612,11:17:20,13.63,0.03,5,6815,买盘
1613,11:17:14,13.6,-0.03,7,9520,卖盘
1614,11:17:11,13.63,--,66,89958,买盘
1615,11:17:05,13.63,0.02,47,64061,买盘
1616,11:16:59,13.61,--,52,70772,卖盘
1617,11:16:56,13.61,-0.02,7,9527,中性盘
1618,11:16:53,13.63,0.02,5,6815,买盘
1619,11:16:50,13.61,-0.02,23,31303,卖盘
1620,11:16:44,13.63,--,35,47705,买盘
1621,11:16:41,13.63,--,6,8178,买盘
1622,11:16:35,13.63,-0.03,24,32712,中性盘
1623,11:16:29,13.66,0.03,544,743104,买盘
1624,11:16:26,13.63,--,1,1363,卖盘
1625,11:16:20,13.63,0.03,501,682863,买盘
1626,11:16:11,13.6,--,6,8160,买盘
1627,11:16:08,13.6,0.01,9,12240,买盘
1628,11:16:05,13.59,-0.01,8,10872,卖盘
1629,11:16:02,13.6,--,1,1360,买盘
1630,11:15:59,13.6,--,82,111520,买盘
1631,11:15:50,13.6,--,11,14960,买盘
1632,11:15:47,13.6,--,5,6800,买盘
1633,11:15:38,13.6,--,3,4080,买盘
1634,11:15:35,13.6,0.01,53,72080,买盘
1635,11:15:32,13.59,--,9,12231,卖盘
1636,11:15:26,13.59,-0.01,82,111438,卖盘
1637,11:15:23,13.6,0.01,37,50320,买盘
1638,11:15:17,13.59,-0.01,23,31257,卖盘
1639,11:15:14,13.6,--,84,114240,买盘
1640,11:15:05,13.6,0.01,27,36720,买盘
1641,11:15:02,13.59,--,31,42129,卖盘
1642,11:14:59,13.59,-0.01,77,104643,卖盘
1643,11:14:56,13.6,--,5,6800,买盘
1644,11:14:53,13.6,--,6,8160,买盘
1645,11:14:41,13.6,0.01,68,92480,买盘
1646,11:14:32,13.59,-0.01,10,13590,卖盘
1647,11:14:29,13.6,0.01,6,8160,买盘
1648,11:14:26,13.59,-0.01,88,119592,卖盘
1649,11:14:17,13.6,--,6,8160,买盘
1650,11:14:08,13.6,--,5,6800,买盘
1651,11:14:05,13.6,0.01,1,1360,买盘
1652,11:14:02,13.59,--,8,10872,卖盘
1653,11:13:59,13.59,-0.01,7,9513,卖盘
1654,11:13:56,13.6,--,3,4080,买盘
1655,11:13:50,13.6,--,42,57120,买盘
1656,11:13:47,13.6,0.01,97,131920,买盘
1657,11:13:44,13.59,-0.01,23,31257,卖盘
1658,11:13:38,13.6,--,5,6800,买盘
1659,11:13:32,13.6,0.01,24,32640,买盘
1660,11:13:26,13.59,-0.01,1,1359,卖盘
1661,11:13:23,13.6,0.01,5,6800,买盘
1662,11:13:20,13.59,--,29,39411,买盘
1663,11:13:17,13.59,-0.01,18,24462,卖盘
1664,11:13:11,13.6,0.01,5,6800,买盘
1665,11:13:08,13.59,-0.01,40,54360,卖盘
1666,11:13:02,13.6,0.02,37,50320,买盘
1667,11:12:59,13.58,-0.02,10,13580,卖盘
1668,11:12:53,13.6,--,28,38080,买盘
1669,11:12:50,13.6,--,23,31280,买盘
1670,11:12:44,13.6,--,10,13600,买盘
1671,11:12:41,13.6,0.02,6,8160,买盘
1672,11:12:35,13.58,-0.02,11,14938,卖盘
1673,11:12:32,13.6,0.02,6,8160,买盘
1674,11:12:29,13.58,-0.02,10,13580,卖盘
1675,11:12:23,13.6,--,7,9520,买盘
1676,11:12:17,13.6,--,17,23120,买盘
1677,11:12:14,13.6,--,41,55760,买盘
1678,11:12:08,13.6,--,6,8160,买盘
1679,11:12:05,13.6,0.02,14,19040,买盘
1680,11:12:02,13.58,--,9,12222,卖盘
1681,11:11:59,13.58,-0.02,6,8148,卖盘
1682,11:11:56,13.6,--,38,51680,买盘
1683,11:11:50,13.6,0.01,29,39440,买盘
1684,11:11:38,13.59,0.01,13,17667,买盘
1685,11:11:26,13.58,-0.01,24,32592,卖盘
1686,11:11:23,13.59,--,66,89694,买盘
1687,11:11:11,13.59,0.01,5,6795,买盘
1688,11:11:08,13.58,-0.02,8,10864,卖盘
1689,11:11:02,13.6,0.02,6,8160,买盘
1690,11:10:59,13.58,-0.02,30,40740,卖盘
1691,11:10:50,13.6,0.02,5,6800,买盘
1692,11:10:44,13.58,-0.01,6,8148,卖盘
1693,11:10:41,13.59,-0.01,10,13590,中性盘
1694,11:10:35,13.6,--,27,36720,买盘
1695,11:10:32,13.6,0.02,9,12240,买盘
1696,11:10:29,13.58,-0.01,31,42098,卖盘
1697,11:10:26,13.59,0.01,44,59796,中性盘
1698,11:10:20,13.58,-0.02,23,31234,卖盘
1699,11:10:17,13.6,0.01,11,14973,买盘
1700,11:10:14,13.59,--,23,31257,卖盘
1701,11:10:08,13.59,--,13,17667,卖盘
1702,11:09:59,13.59,--,10,13590,卖盘
1703,11:09:56,13.59,-0.01,23,31257,卖盘
1704,11:09:53,13.6,--,26,35360,买盘
1705,11:09:50,13.6,--,4,5440,买盘
1706,11:09:44,13.6,0.01,16,21760,买盘
1707,11:09:41,13.59,--,30,40770,卖盘
1708,11:09:32,13.59,--,6,8154,卖盘
1709,11:09:29,13.59,0.01,157,213363,买盘
1710,11:09:26,13.58,-0.01,16,21728,卖盘
1711,11:09:23,13.59,-0.01,5,6795,买盘
1712,11:09:20,13.6,--,23,31280,买盘
1713,11:09:17,13.6,--,16,21760,买盘
1714,11:09:14,13.6,--,27,36720,买盘
1715,11:09:11,13.6,0.02,5,6800,买盘
1716,11:09:08,13.58,-0.01,51,69258,卖盘
1717,11:09:02,13.59,0.01,65,88335,买盘
1718,11:08:59,13.58,--,16,21728,卖盘
1719,11:08:47,13.58,-0.01,16,21728,卖盘
1720,11:08:41,13.59,--,23,31257,买盘
1721,11:08:38,13.59,--,58,78822,买盘
1722,11:08:35,13.59,--,23,31257,买盘
1723,11:08:26,13.59,0.01,27,36693,买盘
1724,11:08:17,13.58,--,13,17654,卖盘
1725,11:08:08,13.58,-0.01,8,10864,卖盘
1726,11:08:05,13.59,0.03,48,65232,买盘
1727,11:07:56,13.56,-0.02,88,119328,卖盘
1728,11:07:50,13.58,--,8,10864,买盘
1729,11:07:41,13.58,0.01,5,6790,买盘
1730,11:07:38,13.57,-0.02,8,10856,卖盘
1731,11:07:32,13.59,0.02,48,65232,买盘
1732,11:07:23,13.57,-0.02,84,113988,卖盘
1733,11:07:20,13.59,0.02,9,12231,买盘
1734,11:07:14,13.57,-0.01,5,6785,卖盘
1735,11:07:11,13.58,-0.01,13,17654,中性盘
1736,11:06:59,13.59,--,94,127746,买盘
1737,11:06:53,13.59,0.01,6,8154,买盘
1738,11:06:38,13.58,0.02,8,10864,中性盘
1739,11:06:23,13.56,-0.01,115,155940,卖盘
1740,11:06:17,13.57,--,3,4071,卖盘
1741,11:06:11,13.57,--,1,1357,卖盘
1742,11:06:08,13.57,-0.03,70,94990,卖盘
1743,11:06:05,13.6,0.04,19,25840,买盘
1744,11:05:56,13.56,-0.04,124,168144,卖盘
1745,11:05:53,13.6,--,6,8160,买盘
1746,11:05:50,13.6,--,68,92480,买盘
1747,11:05:44,13.6,0.04,4,5440,买盘
1748,11:05:41,13.56,--,5,6780,卖盘
1749,11:05:38,13.56,-0.04,8,10848,卖盘
1750,11:05:35,13.6,0.04,6,8160,买盘
1751,11:05:23,13.56,-0.02,148,200688,卖盘
1752,11:05:20,13.58,-0.01,47,64627,卖盘
1753,11:05:17,13.59,--,35,47565,买盘
1754,11:05:14,13.59,0.01,10,13590,买盘
1755,11:05:11,13.58,-0.01,3,4074,卖盘
1756,11:05:08,13.59,--,13,17667,买盘
1757,11:04:59,13.59,0.01,5,6795,买盘
1758,11:04:56,13.58,0.01,4,5988,买盘
1759,11:04:53,13.57,-0.01,133,181023,中性盘
1760,11:04:47,13.58,--,5,6790,买盘
1761,11:04:35,13.58,--,28,38024,买盘
1762,11:04:32,13.58,--,11,15739,卖盘
1763,11:04:29,13.58,--,1,1914,买盘
1764,11:04:26,13.58,0.02,6,8148,买盘
1765,11:04:23,13.56,-0.02,119,161364,卖盘
1766,11:04:14,13.58,--,40,54320,买盘
1767,11:04:11,13.58,0.02,5,6790,买盘
1768,11:04:08,13.56,--,8,10848,卖盘
1769,11:04:05,13.56,-0.02,5,6780,卖盘
1770,11:04:02,13.58,0.01,9,12222,买盘
1771,11:03:56,13.57,-0.01,10,13570,中性盘
1772,11:03:53,13.58,--,144,195552,买盘
1773,11:03:44,13.58,0.01,37,50246,买盘
1774,11:03:38,13.57,--,8,10856,卖盘
1775,11:03:35,13.57,-0.01,0,13,卖盘
1776,11:03:29,13.58,0.02,29,39382,买盘
1777,11:03:23,13.56,-0.01,119,161364,卖盘
1778,11:03:20,13.57,--,106,143842,买盘
1779,11:03:14,13.57,--,5,6785,买盘
1780,11:03:08,13.57,0.01,5,6785,买盘
1781,11:03:05,13.56,-0.01,30,40680,卖盘
1782,11:03:02,13.57,--,13,17641,买盘
1783,11:02:56,13.57,--,6,8142,买盘
1784,11:02:50,13.57,--,27,36639,卖盘
1785,11:02:47,13.57,-0.01,2,2714,卖盘
1786,11:02:44,13.58,--,4,5432,买盘
1787,11:02:38,13.58,--,13,17654,买盘
1788,11:02:35,13.58,0.02,6,8148,买盘
1789,11:02:32,13.56,--,10,13560,卖盘
1790,11:02:29,13.56,--,5,6780,卖盘
1791,11:02:26,13.56,-0.01,109,147804,卖盘
1792,11:02:23,13.57,0.01,7,9499,买盘
1793,11:02:20,13.56,--,226,306456,卖盘
1794,11:02:17,13.56,-0.01,10,13560,卖盘
1795,11:02:14,13.57,0.01,5,6785,买盘
1796,11:02:08,13.56,--,8,10848,卖盘
1797,11:02:05,13.56,-0.01,50,67800,卖盘
1798,11:01:59,13.57,0.01,8,10856,买盘
1799,11:01:56,13.56,-0.01,384,521151,卖盘
1800,11:01:53,13.57,--,24,32568,买盘
1801,11:01:50,13.57,--,5,6785,买盘
1802,11:01:47,13.57,--,22,29854,买盘
1803,11:01:41,13.57,--,10,13570,买盘
1804,11:01:38,13.57,-0.01,6,8142,买盘
1805,11:01:35,13.58,0.02,13,17654,买盘
1806,11:01:32,13.56,-0.02,100,136739,卖盘
1807,11:01:29,13.58,0.01,31,42098,买盘
1808,11:01:26,13.57,--,2,3270,买盘
1809,11:01:23,13.57,--,0,800,卖盘
1810,11:01:17,13.57,--,20,27140,卖盘
1811,11:01:14,13.57,--,46,62422,卖盘
1812,11:01:11,13.57,--,4,5428,卖盘
1813,11:01:08,13.57,--,54,73278,卖盘
1814,11:01:02,13.57,-0.01,7,9499,卖盘
1815,11:00:56,13.58,--,122,165676,买盘
1816,11:00:53,13.58,--,60,81480,买盘
1817,11:00:47,13.58,--,11,14938,买盘
1818,11:00:44,13.58,0.01,41,55678,买盘
1819,11:00:38,13.57,--,25,33925,卖盘
1820,11:00:35,13.57,-0.01,4,5441,卖盘
1821,11:00:32,13.58,0.01,6,8148,买盘
1822,11:00:29,13.57,--,6,8142,卖盘
1823,11:00:26,13.57,-0.01,16,21712,卖盘
1824,11:00:20,13.58,0.01,9,12222,买盘
1825,11:00:17,13.57,-0.01,25,33925,卖盘
1826,11:00:11,13.58,-0.01,15,20370,卖盘
1827,11:00:07,13.59,0.01,46,62514,买盘
1828,11:00:04,13.58,-0.01,14,19012,卖盘
1829,11:00:01,13.59,0.02,7,9513,买盘
1830,10:59:58,13.57,-0.02,732,993324,卖盘
1831,10:59:49,13.59,--,5,6795,买盘
1832,10:59:43,13.59,--,20,27180,买盘
1833,10:59:37,13.59,-0.01,113,153567,卖盘
1834,10:59:34,13.6,0.01,30,40800,买盘
1835,10:59:25,13.59,--,66,89694,卖盘
1836,10:59:19,13.59,--,33,44847,卖盘
1837,10:59:16,13.59,-0.02,90,122310,卖盘
1838,10:59:10,13.61,0.01,45,61245,买盘
1839,10:59:07,13.6,-0.01,57,77520,卖盘
1840,10:59:04,13.61,0.02,21,28581,买盘
1841,10:58:58,13.59,-0.01,54,73929,卖盘
1842,10:58:55,13.6,0.01,5,6800,买盘
1843,10:58:52,13.59,--,23,31257,卖盘
1844,10:58:49,13.59,--,88,119592,卖盘
1845,10:58:46,13.59,--,32,43488,卖盘
1846,10:58:43,13.59,--,101,137259,卖盘
1847,10:58:40,13.59,--,108,146772,卖盘
1848,10:58:37,13.59,--,13,18210,卖盘
1849,10:58:34,13.59,--,65,88335,卖盘
1850,10:58:28,13.59,--,12,16308,卖盘
1851,10:58:25,13.59,--,23,31257,卖盘
1852,10:58:22,13.59,-0.01,7,9513,卖盘
1853,10:58:19,13.6,0.01,28,38080,买盘
1854,10:58:16,13.59,-0.02,68,92412,卖盘
1855,10:58:13,13.61,0.02,10,13610,买盘
1856,10:58:10,13.59,--,19,25821,卖盘
1857,10:58:01,13.59,-0.02,20,27180,卖盘
1858,10:57:58,13.61,--,11,14971,买盘
1859,10:57:52,13.61,--,21,28581,买盘
1860,10:57:49,13.61,--,70,95270,买盘
1861,10:57:43,13.61,0.01,11,15243,买盘
1862,10:57:40,13.6,--,28,38080,买盘
1863,10:57:37,13.6,--,16,21760,买盘
1864,10:57:34,13.6,-0.01,15,20400,中性盘
1865,10:57:28,13.61,0.01,15,20415,买盘
1866,10:57:19,13.6,--,16,21760,卖盘
1867,10:57:16,13.6,-0.01,84,114240,卖盘
1868,10:57:13,13.61,0.01,7,9527,买盘
1869,10:57:10,13.6,-0.01,19,25840,卖盘
1870,10:57:04,13.61,0.01,14,19054,买盘
1871,10:56:49,13.6,-0.01,7,9520,卖盘
1872,10:56:49,13.61,--,22,29942,买盘
1873,10:56:46,13.61,0.01,106,144266,买盘
1874,10:56:43,13.6,0.01,5,6800,买盘
1875,10:56:37,13.59,-0.01,18,24462,卖盘
1876,10:56:31,13.6,--,29,39440,买盘
1877,10:56:28,13.6,--,92,125120,买盘
1878,10:56:25,13.6,0.01,70,95200,买盘
1879,10:56:22,13.59,--,33,44847,买盘
1880,10:56:19,13.59,0.01,56,76104,中性盘
1881,10:56:16,13.58,-0.02,93,126294,卖盘
1882,10:56:07,13.6,0.01,14,19040,买盘
1883,10:56:01,13.59,0.01,8,10872,买盘
1884,10:55:58,13.58,-0.01,55,74690,卖盘
1885,10:55:55,13.59,0.01,60,81540,买盘
1886,10:55:52,13.58,-0.01,10,13580,卖盘
1887,10:55:49,13.59,--,5,6795,买盘
1888,10:55:46,13.59,0.01,136,184824,买盘
1889,10:55:43,13.58,--,10,13580,卖盘
1890,10:55:37,13.58,--,23,31234,卖盘
1891,10:55:34,13.58,--,39,52962,卖盘
1892,10:55:31,13.58,-0.01,20,27160,卖盘
1893,10:55:25,13.59,0.01,5,6795,买盘
1894,10:55:22,13.58,--,16,21728,卖盘
1895,10:55:19,13.58,--,15,20913,买盘
1896,10:55:16,13.58,--,62,85010,卖盘
1897,10:55:13,13.58,-0.01,1,1358,卖盘
1898,10:55:10,13.59,0.01,50,67950,买盘
1899,10:55:07,13.58,--,8,10864,卖盘
1900,10:55:01,13.58,--,7,9506,卖盘
1901,10:54:52,13.58,--,26,35851,买盘
1902,10:54:49,13.58,--,2,2716,买盘
1903,10:54:46,13.58,--,192,261550,卖盘
1904,10:54:43,13.58,-0.01,57,77406,卖盘
1905,10:54:40,13.59,0.01,5,6795,买盘
1906,10:54:37,13.58,--,8,10864,卖盘
1907,10:54:31,13.58,-0.01,68,92344,卖盘
1908,10:54:25,13.59,--,33,44847,买盘
1909,10:54:22,13.59,0.01,50,67950,买盘
1910,10:54:19,13.58,--,17,23086,卖盘
1911,10:54:16,13.58,--,57,77406,卖盘
1912,10:54:10,13.58,-0.01,6,8148,卖盘
1913,10:54:07,13.59,--,12,16308,买盘
1914,10:54:04,13.59,0.01,13,17667,买盘
1915,10:54:01,13.58,--,7,9506,卖盘
1916,10:53:58,13.58,--,21,28518,卖盘
1917,10:53:52,13.58,--,30,40740,卖盘
1918,10:53:49,13.58,-0.01,160,217280,卖盘
1919,10:53:46,13.59,--,20,27180,买盘
1920,10:53:43,13.59,0.01,81,110079,买盘
1921,10:53:40,13.58,--,25,33950,卖盘
1922,10:53:37,13.58,--,34,46172,卖盘
1923,10:53:34,13.58,-0.01,67,90986,卖盘
1924,10:53:31,13.59,--,58,78822,买盘
1925,10:53:28,13.59,--,12,16851,买盘
1926,10:53:22,13.59,0.01,5,6795,买盘
1927,10:53:19,13.58,--,14,19012,卖盘
1928,10:53:16,13.58,--,139,188762,卖盘
1929,10:53:13,13.58,-0.01,77,104566,卖盘
1930,10:53:10,13.59,0.01,5,6795,买盘
1931,10:53:07,13.58,--,43,58394,卖盘
1932,10:53:04,13.58,--,62,84196,卖盘
1933,10:52:58,13.58,-0.01,200,271600,卖盘
1934,10:52:55,13.59,--,30,40770,买盘
1935,10:52:52,13.59,0.01,6,8154,买盘
1936,10:52:46,13.58,-0.01,71,96418,卖盘
1937,10:52:40,13.59,0.01,5,6795,买盘
1938,10:52:37,13.58,--,12,16296,卖盘
1939,10:52:34,13.58,--,20,27160,卖盘
1940,10:52:31,13.58,-0.01,10,13580,卖盘
1941,10:52:28,13.59,0.01,6,8154,买盘
1942,10:52:25,13.58,-0.01,7,9506,卖盘
1943,10:52:22,13.59,--,11,14949,买盘
1944,10:52:19,13.59,--,12,16308,买盘
1945,10:52:16,13.59,0.01,31,42129,买盘
1946,10:52:13,13.58,--,101,137158,卖盘
1947,10:52:07,13.58,--,57,77406,卖盘
1948,10:52:01,13.58,--,192,260736,卖盘
1949,10:51:58,13.58,--,58,78764,卖盘
1950,10:51:55,13.58,-0.01,19,25802,卖盘
1951,10:51:49,13.59,--,10,13590,买盘
1952,10:51:46,13.59,0.01,13,17667,买盘
1953,10:51:40,13.58,--,58,78764,卖盘
1954,10:51:37,13.58,--,17,23086,卖盘
1955,10:51:31,13.58,--,1,1358,卖盘
1956,10:51:28,13.58,-0.01,10,13580,卖盘
1957,10:51:25,13.59,--,12,16308,买盘
1958,10:51:22,13.59,0.01,120,163080,买盘
1959,10:51:07,13.58,--,8,10864,卖盘
1960,10:51:04,13.58,-0.01,14,19012,卖盘
1961,10:50:58,13.59,--,78,106002,买盘
1962,10:50:55,13.59,--,36,48924,买盘
1963,10:50:52,13.59,--,27,36693,买盘
1964,10:50:49,13.59,0.01,48,65232,买盘
1965,10:50:46,13.58,--,1,1358,卖盘
1966,10:50:43,13.58,-0.01,53,73019,卖盘
1967,10:50:40,13.59,--,218,296262,卖盘
1968,10:50:37,13.59,-0.01,34,46206,卖盘
1969,10:50:28,13.6,0.01,24,32912,买盘
1970,10:50:10,13.59,--,94,127746,卖盘
1971,10:50:07,13.59,-0.01,8,10872,卖盘
1972,10:50:04,13.6,0.01,29,39440,买盘
1973,10:49:52,13.59,--,2,2718,卖盘
1974,10:49:43,13.59,--,1,1359,卖盘
1975,10:49:40,13.59,--,4,5436,卖盘
1976,10:49:37,13.59,-0.01,13,17667,卖盘
1977,10:49:34,13.6,0.01,13,17680,买盘
1978,10:49:31,13.59,--,70,95130,卖盘
1979,10:49:13,13.59,--,18,24462,卖盘
1980,10:49:10,13.59,-0.01,228,310273,卖盘
1981,10:49:07,13.6,--,12,16320,卖盘
1982,10:49:01,13.6,--,73,99280,卖盘
1983,10:48:58,13.6,--,94,127840,卖盘
1984,10:48:55,13.6,--,10,13600,卖盘
1985,10:48:52,13.6,--,40,54944,卖盘
1986,10:48:46,13.6,--,184,250240,卖盘
1987,10:48:43,13.6,--,78,106080,卖盘
1988,10:48:40,13.6,--,532,723520,卖盘
1989,10:48:37,13.6,--,9,12240,卖盘
1990,10:48:34,13.6,-0.01,21,29104,卖盘
1991,10:48:31,13.61,0.01,10,13610,买盘
1992,10:48:28,13.6,--,52,70720,卖盘
1993,10:48:25,13.6,-0.01,43,58480,卖盘
1994,10:48:19,13.61,--,12,16332,买盘
1995,10:48:10,13.61,--,11,14971,买盘
1996,10:48:04,13.61,0.01,13,17693,买盘
1997,10:48:01,13.6,-0.01,1,1360,卖盘
1998,10:47:49,13.61,0.01,41,55801,买盘
1999,10:47:46,13.6,--,4,5440,卖盘
2000,10:47:43,13.6,--,45,61200,卖盘
2001,10:47:37,13.6,-0.01,12,16320,卖盘
2002,10:47:34,13.61,0.01,45,61245,买盘
2003,10:47:31,13.6,-0.01,1,1360,卖盘
2004,10:47:25,13.61,--,3,4083,买盘
2005,10:47:19,13.61,0.01,21,28581,买盘
2006,10:47:16,13.6,-0.01,1,1360,卖盘
2007,10:47:13,13.61,--,3,4083,买盘
2008,10:47:10,13.61,0.01,54,73494,买盘
2009,10:47:07,13.6,-0.01,6,8160,卖盘
2010,10:47:04,13.61,--,26,35386,卖盘
2011,10:47:01,13.61,-0.01,6,8166,卖盘
2012,10:46:46,13.62,--,60,81720,买盘
2013,10:46:43,13.62,--,1,1362,买盘
2014,10:46:40,13.62,0.01,161,219282,买盘
2015,10:46:37,13.61,--,32,43552,卖盘
2016,10:46:34,13.61,--,19,25859,卖盘
2017,10:46:31,13.61,--,56,76216,卖盘
2018,10:46:28,13.61,--,85,115685,卖盘
2019,10:46:22,13.61,--,53,72133,卖盘
2020,10:46:16,13.61,0.01,62,84382,中性盘
2021,10:46:13,13.6,--,407,553520,卖盘
2022,10:46:10,13.6,--,10,13600,卖盘
2023,10:46:07,13.6,-0.01,11,14960,卖盘
2024,10:46:04,13.61,--,15,20415,卖盘
2025,10:46:01,13.61,--,28,38108,卖盘
2026,10:45:58,13.61,--,15,20415,卖盘
2027,10:45:52,13.61,--,64,87104,卖盘
2028,10:45:43,13.61,--,4,5444,卖盘
2029,10:45:40,13.61,--,26,35386,卖盘
2030,10:45:37,13.61,-0.01,36,48996,卖盘
2031,10:45:34,13.62,--,38,51756,买盘
2032,10:45:28,13.62,--,60,81720,买盘
2033,10:45:25,13.62,0.01,23,31326,买盘
2034,10:45:19,13.61,-0.01,2,2722,卖盘
2035,10:45:13,13.62,0.01,21,28602,买盘
2036,10:45:10,13.61,--,10,13610,卖盘
2037,10:45:07,13.61,--,369,502209,卖盘
2038,10:45:01,13.61,--,60,81660,卖盘
2039,10:44:58,13.61,--,7,9527,卖盘
2040,10:44:55,13.61,--,23,31303,卖盘
2041,10:44:52,13.61,--,23,31303,卖盘
2042,10:44:49,13.61,--,9,12249,卖盘
2043,10:44:43,13.61,0.01,23,31303,买盘
2044,10:44:37,13.6,-0.01,69,93840,卖盘
2045,10:44:34,13.61,--,67,91187,卖盘
2046,10:44:31,13.61,--,177,240897,卖盘
2047,10:44:28,13.61,--,46,62606,卖盘
2048,10:44:25,13.61,--,23,31303,卖盘
2049,10:44:22,13.61,--,146,198706,卖盘
2050,10:44:19,13.61,--,12,16332,卖盘
2051,10:44:16,13.61,--,30,40830,卖盘
2052,10:44:13,13.61,-0.01,7,9527,卖盘
2053,10:44:10,13.62,0.01,41,55842,买盘
2054,10:44:07,13.61,-0.01,8,10888,卖盘
2055,10:43:55,13.62,--,91,123942,买盘
2056,10:43:46,13.62,0.01,89,121218,买盘
2057,10:43:40,13.61,--,64,87104,卖盘
2058,10:43:37,13.61,--,21,28581,卖盘
2059,10:43:34,13.61,--,23,31303,卖盘
2060,10:43:19,13.61,-0.02,115,156515,卖盘
2061,10:43:10,13.63,0.01,90,122670,买盘
2062,10:43:07,13.62,--,79,107598,卖盘
2063,10:43:04,13.62,--,1,1362,卖盘
2064,10:43:01,13.62,--,23,31326,卖盘
2065,10:42:58,13.62,--,5,6810,卖盘
2066,10:42:55,13.62,--,2,2724,卖盘
2067,10:42:52,13.62,0.01,14,19068,买盘
2068,10:42:49,13.61,--,20,27220,卖盘
2069,10:42:46,13.61,--,10,13610,卖盘
2070,10:42:43,13.61,0.01,15,20415,中性盘
2071,10:42:40,13.6,-0.01,107,145520,卖盘
2072,10:42:37,13.61,--,39,53079,卖盘
2073,10:42:28,13.61,--,39,53079,卖盘
2074,10:42:13,13.61,0.01,3,4083,中性盘
2075,10:42:07,13.6,--,532,723520,卖盘
2076,10:42:04,13.6,-0.02,89,121040,卖盘
2077,10:41:58,13.62,0.02,30,40860,买盘
2078,10:41:52,13.6,--,25,34000,卖盘
2079,10:41:49,13.6,--,30,40800,卖盘
2080,10:41:46,13.6,-0.01,25,34000,卖盘
2081,10:41:43,13.61,0.01,23,31303,卖盘
2082,10:41:37,13.6,-0.03,519,705840,卖盘
2083,10:41:31,13.63,0.01,52,70876,买盘
2084,10:41:28,13.62,--,16,21792,卖盘
2085,10:41:25,13.62,-0.01,20,27240,卖盘
2086,10:41:22,13.63,-0.01,8,10904,买盘
2087,10:41:16,13.64,0.03,97,132308,买盘
2088,10:41:07,13.61,-0.03,34,46274,卖盘
2089,10:41:04,13.64,0.01,502,684728,买盘
2090,10:40:58,13.63,--,50,68150,买盘
2091,10:40:55,13.63,0.02,6,8178,买盘
2092,10:40:49,13.61,-0.02,59,80299,卖盘
2093,10:40:43,13.63,0.02,29,39527,买盘
2094,10:40:36,13.61,-0.01,69,93909,卖盘
2095,10:40:33,13.62,0.01,295,402484,买盘
2096,10:40:27,13.61,-0.01,60,81660,卖盘
2097,10:40:24,13.62,--,8,10896,买盘
2098,10:40:21,13.62,--,4,5448,买盘
2099,10:40:15,13.62,--,46,62652,买盘
2100,10:40:12,13.62,0.01,33,44946,买盘
2101,10:40:09,13.61,-0.01,82,111602,卖盘
2102,10:40:06,13.62,0.02,134,183025,买盘
2103,10:40:03,13.6,-0.01,35,47600,卖盘
2104,10:39:57,13.61,--,123,167403,买盘
2105,10:39:54,13.61,--,128,174208,买盘
2106,10:39:48,13.61,--,77,104797,买盘
2107,10:39:45,13.61,-0.01,62,84382,卖盘
2108,10:39:42,13.62,--,115,156630,买盘
2109,10:39:36,13.62,0.01,31,42222,买盘
2110,10:39:33,13.61,--,87,118407,买盘
2111,10:39:30,13.61,0.01,20,27220,买盘
2112,10:39:27,13.6,-0.01,28,38080,卖盘
2113,10:39:21,13.61,--,5,6805,买盘
2114,10:39:18,13.61,--,30,40830,买盘
2115,10:39:15,13.61,0.01,61,83021,买盘
2116,10:39:12,13.6,-0.01,30,40800,卖盘
2117,10:39:09,13.61,--,23,31303,买盘
2118,10:39:06,13.61,--,3,4083,买盘
2119,10:39:03,13.61,-0.01,157,213677,卖盘
2120,10:39:00,13.62,--,23,31326,买盘
2121,10:38:57,13.62,--,23,31326,买盘
2122,10:38:54,13.62,--,49,66738,买盘
2123,10:38:48,13.62,--,23,31326,买盘
2124,10:38:45,13.62,0.01,69,93978,买盘
2125,10:38:42,13.61,0.01,128,174208,买盘
2126,10:38:33,13.6,-0.02,148,201579,卖盘
2127,10:38:30,13.62,--,23,31326,买盘
2128,10:38:21,13.62,0.01,56,76272,买盘
2129,10:38:18,13.61,-0.01,106,144266,卖盘
2130,10:38:09,13.62,0.01,183,249246,买盘
2131,10:38:03,13.61,-0.01,279,379719,卖盘
2132,10:38:00,13.62,--,4,5448,买盘
2133,10:37:54,13.62,0.01,76,103512,买盘
2134,10:37:51,13.61,--,5,6805,卖盘
2135,10:37:48,13.61,--,20,27220,卖盘
2136,10:37:45,13.61,-0.01,50,68050,卖盘
2137,10:37:39,13.62,0.01,50,68100,买盘
2138,10:37:36,13.61,--,32,43552,卖盘
2139,10:37:33,13.61,--,292,397412,卖盘
2140,10:37:27,13.61,-0.01,133,181013,卖盘
2141,10:37:24,13.62,0.01,3,4085,买盘
2142,10:37:18,13.61,-0.01,40,54440,卖盘
2143,10:37:15,13.62,--,337,458994,买盘
2144,10:37:09,13.62,0.01,20,27240,买盘
2145,10:37:06,13.61,-0.01,7,9527,卖盘
2146,10:37:03,13.62,0.01,36,49032,买盘
2147,10:36:57,13.61,--,25,34025,卖盘
2148,10:36:54,13.61,-0.01,54,73494,卖盘
2149,10:36:48,13.62,--,16,21792,买盘
2150,10:36:42,13.62,0.01,103,140286,买盘
2151,10:36:39,13.61,-0.01,15,20415,卖盘
2152,10:36:36,13.62,--,52,70824,买盘
2153,10:36:30,13.62,--,14,19068,买盘
2154,10:36:24,13.62,--,55,74910,买盘
2155,10:36:21,13.62,--,2,2724,买盘
2156,10:36:18,13.62,--,4,5448,买盘
2157,10:36:15,13.62,--,8,10896,买盘
2158,10:36:12,13.62,--,17,23154,买盘
2159,10:36:09,13.62,0.01,3,4085,买盘
2160,10:36:06,13.61,-0.01,8,10888,卖盘
2161,10:36:03,13.62,--,33,44946,买盘
2162,10:35:57,13.62,0.01,4,5448,买盘
2163,10:35:54,13.61,-0.01,46,62606,卖盘
2164,10:35:51,13.62,--,32,43584,买盘
2165,10:35:48,13.62,--,4,5448,买盘
2166,10:35:45,13.62,0.01,58,78996,买盘
2167,10:35:42,13.61,-0.01,27,36747,卖盘
2168,10:35:39,13.62,--,47,64013,卖盘
2169,10:35:36,13.62,--,84,114408,卖盘
2170,10:35:33,13.62,--,23,31326,卖盘
2171,10:35:30,13.62,--,50,68100,卖盘
2172,10:35:27,13.62,--,26,35412,卖盘
2173,10:35:21,13.62,-0.01,87,118494,卖盘
2174,10:35:18,13.63,0.01,125,170375,买盘
2175,10:35:15,13.62,-0.01,23,31326,卖盘
2176,10:35:12,13.63,0.01,10,13630,中性盘
2177,10:35:09,13.62,--,204,277848,卖盘
2178,10:35:03,13.62,-0.01,67,91254,卖盘
2179,10:35:00,13.63,-0.01,3,4089,卖盘
2180,10:34:57,13.64,--,7,9548,买盘
2181,10:34:51,13.64,0.01,38,51832,买盘
2182,10:34:45,13.63,--,57,78045,买盘
2183,10:34:36,13.63,--,15,20445,买盘
2184,10:34:33,13.63,-0.01,142,194554,卖盘
2185,10:34:30,13.64,0.01,3,4092,买盘
2186,10:34:27,13.63,--,20,27260,卖盘
2187,10:34:24,13.63,--,46,62698,卖盘
2188,10:34:21,13.63,-0.01,103,140389,卖盘
2189,10:34:18,13.64,--,15,20460,买盘
2190,10:34:06,13.64,0.01,21,28644,买盘
2191,10:34:00,13.63,-0.01,83,113129,卖盘
2192,10:33:57,13.64,0.01,10,13640,买盘
2193,10:33:45,13.63,-0.01,5,6815,卖盘
2194,10:33:36,13.64,--,31,42284,买盘
2195,10:33:33,13.64,--,128,174592,买盘
2196,10:33:24,13.64,0.01,27,36828,买盘
2197,10:33:21,13.63,-0.01,37,50431,卖盘
2198,10:33:18,13.64,--,5,6820,买盘
2199,10:33:15,13.64,0.01,3,4092,买盘
2200,10:33:09,13.63,--,30,40890,卖盘
2201,10:33:00,13.63,--,133,181279,卖盘
2202,10:32:54,13.63,--,15,20445,卖盘
2203,10:32:51,13.63,-0.01,17,23171,卖盘
2204,10:32:48,13.64,--,27,36828,买盘
2205,10:32:39,13.64,0.01,5,6820,买盘
2206,10:32:36,13.63,--,5,6815,卖盘
2207,10:32:33,13.63,-0.02,125,170375,卖盘
2208,10:32:30,13.65,--,4,5460,买盘
2209,10:32:18,13.65,0.02,62,84630,买盘
2210,10:32:15,13.63,-0.01,29,39527,卖盘
2211,10:32:09,13.64,0.01,12,16368,买盘
2212,10:32:06,13.63,--,33,44979,卖盘
2213,10:31:54,13.63,-0.02,6,8178,卖盘
2214,10:31:48,13.65,--,9,12285,买盘
2215,10:31:45,13.65,0.02,4,5460,买盘
2216,10:31:42,13.63,--,6,8178,卖盘
2217,10:31:36,13.63,-0.01,9,12267,卖盘
2218,10:31:33,13.64,-0.01,23,31372,买盘
2219,10:31:30,13.65,0.01,25,34125,买盘
2220,10:31:27,13.64,--,11,15004,卖盘
2221,10:31:21,13.64,-0.01,15,20460,卖盘
2222,10:31:12,13.65,0.01,8,10920,买盘
2223,10:31:06,13.64,-0.01,26,35464,卖盘
2224,10:31:00,13.65,0.01,4,5460,买盘
2225,10:30:57,13.64,--,10,13640,买盘
2226,10:30:54,13.64,--,41,55924,买盘
2227,10:30:51,13.64,--,24,32736,买盘
2228,10:30:48,13.64,--,18,24552,买盘
2229,10:30:42,13.64,--,30,40920,买盘
2230,10:30:39,13.64,--,4,5456,买盘
2231,10:30:30,13.64,-0.02,52,70928,卖盘
2232,10:30:27,13.66,0.02,3,4098,买盘
2233,10:30:24,13.64,0.01,5,6820,买盘
2234,10:30:21,13.63,--,9,12267,卖盘
2235,10:30:18,13.63,-0.01,6,8178,卖盘
2236,10:30:15,13.64,-0.01,123,168140,卖盘
2237,10:30:12,13.65,0.01,10,13650,买盘
2238,10:30:09,13.64,--,23,31372,卖盘
2239,10:30:06,13.64,-0.01,127,173228,卖盘
2240,10:30:00,13.65,-0.01,60,81900,卖盘
2241,10:29:54,13.66,0.01,13,17758,买盘
2242,10:29:48,13.65,-0.01,5,6825,卖盘
2243,10:29:45,13.66,0.01,54,73764,买盘
2244,10:29:42,13.65,--,2,2730,卖盘
2245,10:29:39,13.65,-0.01,8,10920,卖盘
2246,10:29:30,13.66,0.01,96,131136,买盘
2247,10:29:24,13.65,-0.01,5,6825,卖盘
2248,10:29:21,13.66,--,3,4098,买盘
2249,10:29:18,13.66,0.01,10,13660,买盘
2250,10:29:12,13.65,-0.01,28,38220,卖盘
2251,10:29:09,13.66,0.02,17,23222,买盘
2252,10:29:06,13.64,--,8,10912,卖盘
2253,10:29:03,13.64,--,10,13981,卖盘
2254,10:29:00,13.64,-0.01,39,53850,卖盘
2255,10:28:51,13.65,--,72,98280,买盘
2256,10:28:48,13.65,--,13,17745,买盘
2257,10:28:45,13.65,0.01,1,1365,买盘
2258,10:28:42,13.64,-0.01,13,17732,卖盘
2259,10:28:39,13.65,0.01,21,28665,买盘
2260,10:28:36,13.64,-0.01,22,30008,卖盘
2261,10:28:33,13.65,--,30,40950,买盘
2262,10:28:24,13.65,--,30,40950,买盘
2263,10:28:15,13.65,--,3,4095,买盘
2264,10:28:09,13.65,--,35,47775,买盘
2265,10:28:06,13.65,0.01,41,55965,买盘
2266,10:28:03,13.64,--,42,57288,买盘
2267,10:28:00,13.64,0.01,24,32736,卖盘
2268,10:27:57,13.63,-0.02,8,10904,卖盘
2269,10:27:54,13.65,0.01,4,5460,买盘
2270,10:27:48,13.64,--,1,1364,中性盘
2271,10:27:45,13.64,0.01,20,27280,买盘
2272,10:27:42,13.63,-0.01,25,34075,卖盘
2273,10:27:39,13.64,0.01,17,23188,买盘
2274,10:27:36,13.63,--,14,19082,卖盘
2275,10:27:33,13.63,--,48,65424,卖盘
2276,10:27:30,13.63,-0.01,105,143115,卖盘
2277,10:27:27,13.64,--,66,90024,买盘
2278,10:27:24,13.64,--,55,75020,买盘
2279,10:27:21,13.64,--,8,10912,买盘
2280,10:27:15,13.64,-0.01,82,112871,卖盘
2281,10:27:12,13.65,--,86,117390,买盘
2282,10:27:09,13.65,--,33,45045,买盘
2283,10:27:06,13.65,--,20,27641,买盘
2284,10:27:03,13.65,0.01,53,72345,买盘
2285,10:27:00,13.64,-0.01,110,150040,卖盘
2286,10:26:57,13.65,0.01,26,35490,买盘
2287,10:26:51,13.64,--,75,102300,买盘
2288,10:26:48,13.64,--,7,9548,买盘
2289,10:26:42,13.64,--,87,118668,买盘
2290,10:26:36,13.64,0.01,13,17732,买盘
2291,10:26:33,13.63,--,1,1363,卖盘
2292,10:26:30,13.63,-0.01,105,143115,卖盘
2293,10:26:27,13.64,--,45,61380,买盘
2294,10:26:21,13.64,-0.01,72,98208,中性盘
2295,10:26:18,13.65,--,26,35490,买盘
2296,10:26:15,13.65,--,4,5460,买盘
2297,10:26:12,13.65,0.02,46,62790,买盘
2298,10:26:06,13.63,-0.02,11,15347,卖盘
2299,10:26:03,13.65,0.01,26,35490,买盘
2300,10:26:00,13.64,0.01,108,147312,买盘
2301,10:25:57,13.63,-0.01,115,156745,卖盘
2302,10:25:54,13.64,--,38,51832,买盘
2303,10:25:51,13.64,--,205,279620,买盘
2304,10:25:48,13.64,0.01,79,107756,买盘
2305,10:25:45,13.63,-0.01,62,84506,卖盘
2306,10:25:42,13.64,--,62,84568,买盘
2307,10:25:39,13.64,--,71,96844,买盘
2308,10:25:36,13.64,0.01,109,148676,买盘
2309,10:25:30,13.63,--,132,179916,买盘
2310,10:25:27,13.63,0.01,25,34075,买盘
2311,10:25:24,13.62,-0.01,12,16343,卖盘
2312,10:25:21,13.63,--,4,5452,买盘
2313,10:25:18,13.63,0.01,54,73602,买盘
2314,10:25:15,13.62,--,9,12258,卖盘
2315,10:25:12,13.62,-0.01,235,320070,卖盘
2316,10:25:09,13.63,0.01,45,61689,买盘
2317,10:25:06,13.62,-0.01,22,29964,卖盘
2318,10:25:03,13.63,--,133,181279,买盘
2319,10:24:57,13.63,--,3,4089,买盘
2320,10:24:54,13.63,--,256,350263,卖盘
2321,10:24:48,13.63,-0.01,17,23171,卖盘
2322,10:24:42,13.64,0.01,8,10912,买盘
2323,10:24:39,13.63,--,5,6815,卖盘
2324,10:24:36,13.63,--,113,155068,卖盘
2325,10:24:33,13.63,--,35,47705,卖盘
2326,10:24:30,13.63,-0.01,70,95410,卖盘
2327,10:24:27,13.64,--,21,28644,买盘
2328,10:24:24,13.64,0.01,46,63085,买盘
2329,10:24:18,13.63,--,5,6815,买盘
2330,10:24:15,13.63,--,5,6815,买盘
2331,10:24:12,13.63,--,39,53157,买盘
2332,10:24:06,13.63,-0.01,62,85528,卖盘
2333,10:24:03,13.64,0.01,62,84568,买盘
2334,10:24:00,13.63,--,3,4429,卖盘
2335,10:23:57,13.63,--,10,13630,卖盘
2336,10:23:54,13.63,--,10,13630,卖盘
2337,10:23:48,13.63,--,47,64061,卖盘
2338,10:23:45,13.63,-0.01,23,31349,卖盘
2339,10:23:42,13.64,0.01,35,47740,买盘
2340,10:23:39,13.63,-0.01,227,309401,卖盘
2341,10:23:36,13.64,0.01,11,15004,买盘
2342,10:23:33,13.63,--,26,35438,卖盘
2343,10:23:30,13.63,-0.01,14,19082,卖盘
2344,10:23:18,13.64,-0.01,3,4092,买盘
2345,10:23:15,13.65,--,22,30343,买盘
2346,10:23:06,13.65,--,48,65874,买盘
2347,10:23:00,13.65,--,110,150150,买盘
2348,10:22:57,13.65,0.01,191,260715,买盘
2349,10:22:54,13.64,--,7,9548,卖盘
2350,10:22:51,13.64,-0.01,10,13640,卖盘
2351,10:22:48,13.65,0.01,60,81900,买盘
2352,10:22:45,13.64,--,20,27280,卖盘
2353,10:22:39,13.64,--,11,15004,卖盘
2354,10:22:36,13.64,-0.01,108,147312,卖盘
2355,10:22:33,13.65,0.01,86,117390,买盘
2356,10:22:27,13.64,--,10,13640,卖盘
2357,10:22:24,13.64,--,159,216876,卖盘
2358,10:22:18,13.64,--,117,159588,卖盘
2359,10:22:15,13.64,-0.01,31,42284,卖盘
2360,10:22:12,13.65,0.01,3,4095,买盘
2361,10:22:09,13.64,--,23,31372,卖盘
2362,10:22:06,13.64,-0.01,18,24552,卖盘
2363,10:22:00,13.65,--,213,291086,买盘
2364,10:21:54,13.65,0.01,10,13650,买盘
2365,10:21:51,13.64,--,35,47740,卖盘
2366,10:21:48,13.64,--,90,122760,卖盘
2367,10:21:45,13.64,-0.01,30,40920,卖盘
2368,10:21:42,13.65,0.01,3,4095,买盘
2369,10:21:39,13.64,--,8,10912,卖盘
2370,10:21:36,13.64,-0.01,82,111848,卖盘
2371,10:21:30,13.65,--,5,6825,买盘
2372,10:21:27,13.65,0.01,18,24570,买盘
2373,10:21:20,13.64,--,157,214148,卖盘
2374,10:21:17,13.64,--,11,15004,卖盘
2375,10:21:14,13.64,-0.01,21,28644,卖盘
2376,10:21:05,13.65,--,21,28665,买盘
2377,10:21:02,13.65,0.01,26,35844,买盘
2378,10:20:59,13.64,-0.01,313,426932,卖盘
2379,10:20:56,13.65,--,120,163800,买盘
2380,10:20:50,13.65,--,13,17745,买盘
2381,10:20:44,13.65,--,18,24570,买盘
2382,10:20:41,13.65,--,100,136500,买盘
2383,10:20:38,13.65,--,75,102375,买盘
2384,10:20:35,13.65,0.01,148,202020,买盘
2385,10:20:32,13.64,-0.01,50,68200,卖盘
2386,10:20:29,13.65,0.01,4,5460,买盘
2387,10:20:23,13.64,-0.01,21,28644,卖盘
2388,10:20:20,13.65,0.01,9,12285,买盘
2389,10:20:17,13.64,-0.02,92,125488,中性盘
2390,10:20:11,13.66,0.02,27,36882,买盘
2391,10:20:08,13.64,--,13,17732,买盘
2392,10:20:05,13.64,--,75,103323,卖盘
2393,10:20:02,13.64,-0.01,104,142197,卖盘
2394,10:19:59,13.65,0.01,3,4095,买盘
2395,10:19:56,13.64,--,12,16368,卖盘
2396,10:19:53,13.64,0.01,19,25916,中性盘
2397,10:19:50,13.63,-0.02,63,85869,卖盘
2398,10:19:47,13.65,0.02,11,15015,买盘
2399,10:19:44,13.63,-0.03,3,4089,卖盘
2400,10:19:41,13.66,0.01,824,1125584,买盘
2401,10:19:38,13.65,0.01,4,5460,买盘
2402,10:19:35,13.64,0.01,27,36828,中性盘
2403,10:19:32,13.63,-0.01,20,27260,卖盘
2404,10:19:29,13.64,-0.01,104,141856,中性盘
2405,10:19:26,13.65,0.02,163,222495,买盘
2406,10:19:23,13.63,-0.01,49,66787,卖盘
2407,10:19:17,13.64,--,36,49104,买盘
2408,10:19:08,13.64,0.02,41,55924,中性盘
2409,10:19:05,13.62,-0.02,250,340500,卖盘
2410,10:18:59,13.64,--,3,4446,卖盘
2411,10:18:56,13.64,-0.01,20,27280,买盘
2412,10:18:53,13.65,--,3,4095,买盘
2413,10:18:50,13.65,0.02,43,58695,买盘
2414,10:18:47,13.63,--,1,1363,买盘
2415,10:18:44,13.63,--,108,147967,卖盘
2416,10:18:38,13.63,--,140,190820,卖盘
2417,10:18:35,13.63,--,30,40890,卖盘
2418,10:18:32,13.63,-0.01,30,40890,卖盘
2419,10:18:29,13.64,--,217,295988,买盘
2420,10:18:26,13.64,--,19,25916,买盘
2421,10:18:23,13.64,0.01,3,4092,买盘
2422,10:18:20,13.63,--,0,545,卖盘
2423,10:18:17,13.63,--,1,1363,卖盘
2424,10:18:14,13.63,-0.01,3,4089,卖盘
2425,10:18:11,13.64,-0.01,4,6465,卖盘
2426,10:18:08,13.65,--,38,52224,买盘
2427,10:17:59,13.65,0.02,4,5460,买盘
2428,10:17:50,13.63,-0.02,203,276689,卖盘
2429,10:17:47,13.65,--,3,4095,买盘
2430,10:17:44,13.65,--,3,4095,买盘
2431,10:17:41,13.65,--,0,1296,卖盘
2432,10:17:38,13.65,-0.01,39,53235,卖盘
2433,10:17:35,13.66,0.01,58,79228,买盘
2434,10:17:32,13.65,--,142,193830,卖盘
2435,10:17:26,13.65,--,53,73437,卖盘
2436,10:17:20,13.65,-0.01,168,229320,卖盘
2437,10:17:14,13.66,-0.01,99,136545,卖盘
2438,10:17:11,13.67,0.01,601,821567,买盘
2439,10:17:08,13.66,--,458,625628,卖盘
2440,10:17:05,13.66,--,34,46785,卖盘
2441,10:17:02,13.66,--,88,120208,卖盘
2442,10:16:59,13.66,--,89,121574,卖盘
2443,10:16:50,13.66,--,9,12294,卖盘
2444,10:16:47,13.66,-0.01,8,10928,卖盘
2445,10:16:44,13.67,-0.01,232,317144,卖盘
2446,10:16:41,13.68,0.01,23,31464,买盘
2447,10:16:38,13.67,--,40,54680,卖盘
2448,10:16:35,13.67,-0.01,43,58781,卖盘
2449,10:16:32,13.68,--,15,20520,买盘
2450,10:16:29,13.68,0.01,28,38304,买盘
2451,10:16:20,13.67,-0.01,55,75185,卖盘
2452,10:16:20,13.68,0.01,4,5472,买盘
2453,10:16:14,13.67,0.01,20,27340,中性盘
2454,10:16:11,13.66,-0.02,310,423460,卖盘
2455,10:16:08,13.68,0.02,69,94392,买盘
2456,10:16:05,13.66,--,53,72398,卖盘
2457,10:16:02,13.66,--,69,94595,卖盘
2458,10:15:59,13.66,-0.01,80,109280,卖盘
2459,10:15:53,13.67,-0.02,126,172242,中性盘
2460,10:15:44,13.69,0.03,127,173863,买盘
2461,10:15:41,13.66,-0.02,46,62836,卖盘
2462,10:15:38,13.68,0.01,61,83448,买盘
2463,10:15:35,13.67,--,57,77919,卖盘
2464,10:15:32,13.67,-0.01,83,113461,卖盘
2465,10:15:29,13.68,--,45,61560,买盘
2466,10:15:26,13.68,0.01,63,86184,买盘
2467,10:15:23,13.67,-0.01,189,258363,卖盘
2468,10:15:20,13.68,0.01,59,80712,买盘
2469,10:15:17,13.67,-0.01,7,9569,卖盘
2470,10:15:14,13.68,0.01,37,50616,买盘
2471,10:15:11,13.67,-0.01,23,31441,卖盘
2472,10:15:08,13.68,--,19,27031,卖盘
2473,10:15:05,13.68,-0.01,22,30096,卖盘
2474,10:15:02,13.69,0.01,3,4107,买盘
2475,10:14:59,13.68,-0.01,25,34528,卖盘
2476,10:14:53,13.69,--,134,183446,买盘
2477,10:14:50,13.69,--,11,15059,买盘
2478,10:14:41,13.69,0.02,3,4107,买盘
2479,10:14:35,13.67,-0.02,28,38276,卖盘
2480,10:14:29,13.69,0.01,5,6845,买盘
2481,10:14:23,13.68,--,41,56088,买盘
2482,10:14:20,13.68,-0.01,11,15048,卖盘
2483,10:14:17,13.69,--,3,4107,买盘
2484,10:14:11,13.69,0.01,179,245051,买盘
2485,10:14:02,13.68,--,172,235296,买盘
2486,10:13:59,13.68,--,27,37278,买盘
2487,10:13:56,13.68,0.01,42,57551,买盘
2488,10:13:53,13.67,--,23,31441,买盘
2489,10:13:50,13.67,--,59,80653,买盘
2490,10:13:47,13.67,--,27,36909,买盘
2491,10:13:44,13.67,0.01,91,124397,买盘
2492,10:13:38,13.66,--,12,16392,卖盘
2493,10:13:35,13.66,-0.01,223,304618,卖盘
2494,10:13:32,13.67,--,43,58781,买盘
2495,10:13:23,13.67,0.01,39,53313,买盘
2496,10:13:17,13.66,--,25,34150,卖盘
2497,10:13:14,13.66,-0.01,286,390976,卖盘
2498,10:13:11,13.67,--,3,4101,买盘
2499,10:13:08,13.67,0.01,6,8202,买盘
2500,10:13:05,13.66,-0.01,8,10928,卖盘
2501,10:13:02,13.67,--,5,6835,买盘
2502,10:12:59,13.67,--,136,185912,卖盘
2503,10:12:53,13.67,--,63,86121,卖盘
2504,10:12:50,13.67,-0.01,103,140801,卖盘
2505,10:12:41,13.68,--,4,5472,买盘
2506,10:12:35,13.68,-0.01,174,239099,卖盘
2507,10:12:29,13.69,--,3,4107,买盘
2508,10:12:20,13.69,--,6,8214,买盘
2509,10:12:17,13.69,--,331,453837,卖盘
2510,10:12:08,13.69,-0.01,87,119103,卖盘
2511,10:12:05,13.7,0.01,21,28770,买盘
2512,10:12:02,13.69,--,16,22232,卖盘
2513,10:11:56,13.69,--,114,156066,卖盘
2514,10:11:53,13.69,-0.01,50,68450,卖盘
2515,10:11:50,13.7,0.01,313,428810,买盘
2516,10:11:47,13.69,--,34,46546,卖盘
2517,10:11:41,13.69,--,14,19166,卖盘
2518,10:11:35,13.69,--,27,36963,卖盘
2519,10:11:32,13.69,-0.01,43,58867,卖盘
2520,10:11:29,13.7,0.01,4,5480,买盘
2521,10:11:26,13.69,-0.01,1,1369,卖盘
2522,10:11:23,13.7,0.01,138,189060,买盘
2523,10:11:20,13.69,-0.01,70,95830,卖盘
2524,10:11:14,13.7,0.01,4,5480,买盘
2525,10:11:05,13.69,--,22,30118,卖盘
2526,10:11:02,13.69,-0.01,613,839197,卖盘
2527,10:10:59,13.7,0.01,26,35620,买盘
2528,10:10:56,13.69,-0.01,3,4449,卖盘
2529,10:10:53,13.7,0.01,85,116450,买盘
2530,10:10:50,13.69,--,20,27380,卖盘
2531,10:10:47,13.69,-0.01,60,82140,卖盘
2532,10:10:38,13.7,--,175,239750,买盘
2533,10:10:32,13.7,0.01,14,19180,买盘
2534,10:10:29,13.69,--,13,17797,卖盘
2535,10:10:26,13.69,--,1,1369,卖盘
2536,10:10:23,13.69,0.01,62,84878,买盘
2537,10:10:20,13.68,-0.01,5,6840,卖盘
2538,10:10:17,13.69,--,27,36963,卖盘
2539,10:10:14,13.69,0.01,4,5476,中性盘
2540,10:10:11,13.68,-0.02,33,45144,卖盘
2541,10:10:08,13.7,0.02,19,26030,买盘
2542,10:09:59,13.68,-0.02,23,31464,卖盘
2543,10:09:56,13.7,--,49,67458,买盘
2544,10:09:53,13.7,--,4,5480,买盘
2545,10:09:50,13.7,0.01,29,40387,买盘
2546,10:09:47,13.69,-0.01,13,18508,卖盘
2547,10:09:44,13.7,0.01,3,4110,买盘
2548,10:09:41,13.69,-0.01,43,60030,卖盘
2549,10:09:38,13.7,0.01,26,35825,买盘
2550,10:09:32,13.69,-0.01,118,162705,卖盘
2551,10:09:29,13.7,--,20,27400,卖盘
2552,10:09:26,13.7,--,54,74185,卖盘
2553,10:09:23,13.7,--,148,202760,买盘
2554,10:09:14,13.7,-0.01,429,587730,卖盘
2555,10:09:11,13.71,0.01,277,379767,买盘
2556,10:09:08,13.7,--,59,80830,卖盘
2557,10:09:05,13.7,--,362,495940,卖盘
2558,10:09:02,13.7,0.01,221,302770,买盘
2559,10:08:59,13.69,-0.01,4,5804,卖盘
2560,10:08:56,13.7,0.01,10,13700,买盘
2561,10:08:47,13.69,-0.01,55,75295,卖盘
2562,10:08:41,13.7,0.01,54,73980,买盘
2563,10:08:38,13.69,--,98,134162,卖盘
2564,10:08:35,13.69,--,7,9583,卖盘
2565,10:08:32,13.69,-0.01,48,65712,卖盘
2566,10:08:29,13.7,--,19,26030,卖盘
2567,10:08:26,13.7,--,34,46580,卖盘
2568,10:08:23,13.7,0.01,55,75350,买盘
2569,10:08:20,13.69,-0.01,1,1369,卖盘
2570,10:08:17,13.7,--,69,94530,卖盘
2571,10:08:11,13.7,0.01,18,24660,中性盘
2572,10:08:08,13.69,-0.01,79,108479,卖盘
2573,10:08:05,13.7,--,13,17810,买盘
2574,10:07:59,13.7,0.02,19,26030,买盘
2575,10:07:56,13.68,-0.01,32,43776,卖盘
2576,10:07:50,13.69,--,17,23273,卖盘
2577,10:07:47,13.69,-0.01,10,13690,卖盘
2578,10:07:44,13.7,0.02,19,26030,买盘
2579,10:07:35,13.68,--,40,55404,买盘
2580,10:07:32,13.68,--,232,317376,买盘
2581,10:07:29,13.68,--,168,229824,买盘
2582,10:07:23,13.68,--,140,191520,买盘
2583,10:07:17,13.68,0.01,23,31464,买盘
2584,10:07:11,13.67,--,37,50579,卖盘
2585,10:07:05,13.67,0.01,36,49212,买盘
2586,10:07:02,13.66,--,23,31418,卖盘
2587,10:06:56,13.66,--,148,202509,买盘
2588,10:06:53,13.66,0.01,180,245880,买盘
2589,10:06:50,13.65,-0.01,52,70980,中性盘
2590,10:06:47,13.66,0.02,44,60104,买盘
2591,10:06:44,13.64,-0.02,1276,1740464,卖盘
2592,10:06:38,13.66,0.01,34,46444,中性盘
2593,10:06:29,13.65,--,45,61425,卖盘
2594,10:06:26,13.65,--,10,13650,卖盘
2595,10:06:23,13.65,--,41,55965,卖盘
2596,10:06:20,13.65,-0.01,67,91455,卖盘
2597,10:06:17,13.66,-0.01,69,94254,卖盘
2598,10:06:14,13.67,-0.01,10,13670,中性盘
2599,10:06:11,13.68,0.03,60,82080,买盘
2600,10:06:08,13.65,--,24,32760,卖盘
2601,10:06:05,13.65,-0.01,25,34125,卖盘
2602,10:06:02,13.66,-0.02,476,651240,卖盘
2603,10:05:59,13.68,--,119,162792,买盘
2604,10:05:56,13.68,0.01,362,495216,中性盘
2605,10:05:50,13.67,-0.01,136,185912,卖盘
2606,10:05:47,13.68,-0.02,42,57456,卖盘
2607,10:05:44,13.7,0.02,166,227420,买盘
2608,10:05:38,13.68,-0.02,58,79344,卖盘
2609,10:05:35,13.7,0.02,48,65760,买盘
2610,10:05:32,13.68,-0.01,108,147744,卖盘
2611,10:05:29,13.69,-0.01,54,73926,卖盘
2612,10:05:23,13.7,-0.01,30,41100,中性盘
2613,10:05:20,13.71,--,138,189198,买盘
2614,10:05:17,13.71,0.01,165,226215,买盘
2615,10:05:11,13.7,-0.01,30,41100,卖盘
2616,10:05:08,13.71,--,23,31533,买盘
2617,10:05:05,13.71,-0.01,172,237128,卖盘
2618,10:04:59,13.72,0.01,7,9604,买盘
2619,10:04:56,13.71,--,60,82589,卖盘
2620,10:04:53,13.71,--,4,5484,卖盘
2621,10:04:50,13.71,--,10,13710,卖盘
2622,10:04:47,13.71,0.01,212,291748,买盘
2623,10:04:44,13.7,--,81,111244,卖盘
2624,10:04:41,13.7,--,3,4110,卖盘
2625,10:04:38,13.7,-0.01,13,17810,卖盘
2626,10:04:35,13.71,0.01,35,47985,买盘
2627,10:04:32,13.7,-0.02,30,41100,卖盘
2628,10:04:29,13.72,0.01,2023,2775556,买盘
2629,10:04:26,13.71,-0.01,373,511383,中性盘
2630,10:04:20,13.72,0.01,20,27440,买盘
2631,10:04:14,13.71,-0.01,66,90979,卖盘
2632,10:04:11,13.72,0.01,64,87808,买盘
2633,10:04:08,13.71,--,16,21936,卖盘
2634,10:04:05,13.71,-0.01,130,178230,卖盘
2635,10:04:02,13.72,--,36,49721,买盘
2636,10:03:59,13.72,0.01,28,38416,买盘
2637,10:03:56,13.71,-0.01,14,19194,卖盘
2638,10:03:53,13.72,--,6,8232,买盘
2639,10:03:50,13.72,0.01,78,107016,买盘
2640,10:03:47,13.71,-0.02,50,68550,卖盘
2641,10:03:41,13.73,0.01,281,386911,买盘
2642,10:03:38,13.72,--,37,50764,卖盘
2643,10:03:32,13.72,-0.01,157,215404,卖盘
2644,10:03:29,13.73,0.01,470,645310,买盘
2645,10:03:26,13.72,--,106,145432,卖盘
2646,10:03:23,13.72,-0.01,109,149822,卖盘
2647,10:03:20,13.73,-0.01,138,189474,卖盘
2648,10:03:17,13.74,0.01,93,127782,买盘
2649,10:03:14,13.73,-0.01,46,63158,卖盘
2650,10:03:11,13.74,0.02,127,174498,买盘
2651,10:03:05,13.72,--,113,155036,卖盘
2652,10:03:02,13.72,-0.01,352,483492,卖盘
2653,10:02:59,13.73,--,124,170252,买盘
2654,10:02:56,13.73,0.02,583,800459,买盘
2655,10:02:53,13.71,-0.01,237,325256,卖盘
2656,10:02:50,13.72,--,119,163268,买盘
2657,10:02:47,13.72,--,150,205800,买盘
2658,10:02:44,13.72,0.02,233,319676,买盘
2659,10:02:41,13.7,-0.02,206,282220,卖盘
2660,10:02:38,13.72,--,230,315560,买盘
2661,10:02:35,13.72,0.01,97,133084,买盘
2662,10:02:32,13.71,--,83,113793,卖盘
2663,10:02:29,13.71,--,147,201537,卖盘
2664,10:02:26,13.71,-0.01,30,41130,卖盘
2665,10:02:23,13.72,--,79,108388,买盘
2666,10:02:14,13.72,0.01,243,333807,买盘
2667,10:02:11,13.71,0.01,42,57582,买盘
2668,10:02:08,13.7,--,64,87680,卖盘
2669,10:02:05,13.7,0.01,2026,2776305,买盘
2670,10:02:02,13.69,0.01,335,458615,买盘
2671,10:01:58,13.68,--,4,5472,买盘
2672,10:01:52,13.68,0.02,324,443574,买盘
2673,10:01:49,13.66,-0.02,58,79228,卖盘
2674,10:01:46,13.68,0.01,222,303696,买盘
2675,10:01:37,13.67,0.01,37,50579,买盘
2676,10:01:34,13.66,-0.01,34,46444,卖盘
2677,10:01:31,13.67,0.01,82,112094,买盘
2678,10:01:28,13.66,--,26,35516,卖盘
2679,10:01:25,13.66,-0.01,20,27320,卖盘
2680,10:01:22,13.67,-0.01,30,41010,卖盘
2681,10:01:19,13.68,0.01,119,162792,买盘
2682,10:01:10,13.67,--,3,4101,买盘
2683,10:01:07,13.67,0.01,168,229656,买盘
2684,10:01:01,13.66,--,33,45078,卖盘
2685,10:00:58,13.66,0.02,8,10928,买盘
2686,10:00:55,13.64,-0.03,253,345433,卖盘
2687,10:00:49,13.67,0.01,54,73818,买盘
2688,10:00:40,13.66,--,11,15026,买盘
2689,10:00:37,13.66,0.01,61,83326,中性盘
2690,10:00:34,13.65,-0.01,113,154245,卖盘
2691,10:00:31,13.66,0.01,479,654314,买盘
2692,10:00:28,13.65,--,33,45045,买盘
2693,10:00:22,13.65,0.01,34,46410,中性盘
2694,10:00:16,13.64,-0.01,82,111848,卖盘
2695,10:00:10,13.65,--,26,35490,买盘
2696,10:00:07,13.65,0.01,174,237510,买盘
2697,10:00:04,13.64,-0.01,30,40920,卖盘
2698,10:00:01,13.65,--,65,88725,卖盘
2699,09:59:58,13.65,0.01,32,44021,买盘
2700,09:59:55,13.64,--,17,23188,卖盘
2701,09:59:52,13.64,-0.02,1,1364,卖盘
2702,09:59:49,13.66,0.01,56,76496,买盘
2703,09:59:46,13.65,-0.01,92,125580,卖盘
2704,09:59:43,13.66,0.01,18,24588,买盘
2705,09:59:40,13.65,0.01,30,40950,买盘
2706,09:59:34,13.64,-0.02,24,32736,卖盘
2707,09:59:31,13.66,0.02,206,281764,买盘
2708,09:59:28,13.64,--,171,233625,卖盘
2709,09:59:19,13.64,-0.02,24,32736,卖盘
2710,09:59:16,13.66,0.02,134,183426,买盘
2711,09:59:10,13.64,-0.01,96,130944,卖盘
2712,09:59:07,13.65,-0.01,7,9555,买盘
2713,09:59:04,13.66,0.01,159,217194,买盘
2714,09:59:01,13.65,-0.01,10,14291,卖盘
2715,09:58:58,13.66,0.01,6,8537,买盘
2716,09:58:55,13.65,-0.01,111,151897,卖盘
2717,09:58:46,13.66,0.01,4,5464,买盘
2718,09:58:43,13.65,--,126,171990,卖盘
2719,09:58:40,13.65,--,321,438165,买盘
2720,09:58:34,13.65,0.01,24,32760,买盘
2721,09:58:28,13.64,-0.01,137,187577,卖盘
2722,09:58:25,13.65,0.01,5,6825,买盘
2723,09:58:22,13.64,--,14,19096,卖盘
2724,09:58:19,13.64,0.01,137,186922,买盘
2725,09:58:16,13.63,--,1,1363,卖盘
2726,09:58:13,13.63,-0.01,67,92043,卖盘
2727,09:58:10,13.64,--,4,5456,买盘
2728,09:58:07,13.64,--,131,179393,买盘
2729,09:58:04,13.64,--,121,165044,买盘
2730,09:58:01,13.64,--,93,128202,买盘
2731,09:57:55,13.64,--,32,44016,卖盘
2732,09:57:52,13.64,-0.01,33,45012,卖盘
2733,09:57:49,13.65,--,142,194539,买盘
2734,09:57:46,13.65,--,50,68250,买盘
2735,09:57:43,13.65,0.01,182,249139,买盘
2736,09:57:40,13.64,-0.01,14,19096,卖盘
2737,09:57:37,13.65,--,32,43680,买盘
2738,09:57:34,13.65,--,144,196560,卖盘
2739,09:57:31,13.65,-0.01,56,76440,卖盘
2740,09:57:28,13.66,--,31,42346,买盘
2741,09:57:25,13.66,0.01,29,39614,买盘
2742,09:57:22,13.65,-0.01,21,29620,卖盘
2743,09:57:16,13.66,--,225,307350,卖盘
2744,09:57:13,13.66,-0.01,93,127038,卖盘
2745,09:57:10,13.67,--,81,110727,买盘
2746,09:57:07,13.67,0.01,190,259730,买盘
2747,09:57:04,13.66,--,113,155068,卖盘
2748,09:57:01,13.66,--,25,34150,卖盘
2749,09:56:58,13.66,--,180,245880,卖盘
2750,09:56:55,13.66,--,66,90156,卖盘
2751,09:56:52,13.66,--,85,116451,卖盘
2752,09:56:49,13.66,--,38,51908,卖盘
2753,09:56:46,13.66,--,67,91522,卖盘
2754,09:56:43,13.66,--,20,27320,卖盘
2755,09:56:40,13.66,--,13,17758,卖盘
2756,09:56:37,13.66,--,128,175558,卖盘
2757,09:56:34,13.66,--,56,76496,卖盘
2758,09:56:31,13.66,--,170,232930,卖盘
2759,09:56:28,13.66,--,22,30721,买盘
2760,09:56:25,13.66,0.02,92,125672,买盘
2761,09:56:22,13.64,-0.01,67,92097,卖盘
2762,09:56:19,13.65,-0.01,257,350805,中性盘
2763,09:56:13,13.66,--,66,91125,买盘
2764,09:56:07,13.66,0.01,48,65568,买盘
2765,09:56:04,13.65,--,119,163144,卖盘
2766,09:56:01,13.65,-0.01,26,35490,卖盘
2767,09:55:58,13.66,0.01,1,1366,买盘
2768,09:55:55,13.65,--,75,103426,卖盘
2769,09:55:52,13.65,--,517,705705,买盘
2770,09:55:46,13.65,0.02,69,94417,买盘
2771,09:55:43,13.63,-0.01,24,32712,卖盘
2772,09:55:40,13.64,-0.01,62,85754,卖盘
2773,09:55:37,13.65,0.01,97,132405,中性盘
2774,09:55:34,13.64,--,516,703824,卖盘
2775,09:55:28,13.64,--,150,205309,卖盘
2776,09:55:25,13.64,0.01,94,128393,买盘
2777,09:55:22,13.63,-0.01,1,1363,卖盘
2778,09:55:19,13.64,0.01,66,90024,买盘
2779,09:55:16,13.63,0.01,9,12267,中性盘
2780,09:55:10,13.62,-0.02,84,115116,卖盘
2781,09:55:07,13.64,--,482,657979,卖盘
2782,09:55:04,13.64,0.02,253,345924,买盘
2783,09:54:58,13.62,--,5,6810,买盘
2784,09:54:55,13.62,-0.02,56,76272,卖盘
2785,09:54:52,13.64,0.01,106,144884,买盘
2786,09:54:49,13.63,--,3,4443,卖盘
2787,09:54:46,13.63,0.01,39,53865,买盘
2788,09:54:43,13.62,0.01,59,80358,卖盘
2789,09:54:40,13.61,-0.01,153,208233,卖盘
2790,09:54:37,13.62,--,5,6810,卖盘
2791,09:54:34,13.62,--,30,40860,中性盘
2792,09:54:31,13.62,0.01,66,89892,卖盘
2793,09:54:25,13.61,-0.01,151,205892,卖盘
2794,09:54:22,13.62,0.01,53,72186,买盘
2795,09:54:19,13.61,--,174,237521,卖盘
