,time,price,change,volume,amount,type
0,15:00:23,10.72,0.02,4622,4955813,买盘
1,14:57:35,10.7,--,0,0,买盘
2,14:57:02,10.7,--,5,5392,卖盘
3,14:56:59,10.7,--,24,25680,卖盘
4,14:56:56,10.7,--,12,13867,卖盘
5,14:56:53,10.7,0.01,30,32099,买盘
6,14:56:50,10.69,-0.02,206,220214,卖盘
7,14:56:47,10.71,--,89,95361,买盘
8,14:56:44,10.71,0.02,138,148826,买盘
9,14:56:41,10.69,-0.02,73,78079,卖盘
10,14:56:35,10.71,--,81,87265,卖盘
11,14:56:32,10.71,--,91,97461,卖盘
12,14:56:29,10.71,0.02,1905,2040811,买盘
13,14:56:26,10.69,-0.01,452,483188,卖盘
14,14:56:23,10.7,-0.01,12,13867,卖盘
15,14:56:20,10.71,--,165,176715,卖盘
16,14:56:17,10.71,--,758,811818,卖盘
17,14:56:14,10.71,0.01,169,180999,买盘
18,14:56:11,10.7,-0.01,9,10015,卖盘
19,14:56:08,10.71,0.01,16,18164,买盘
20,14:56:05,10.7,--,193,206552,卖盘
21,14:56:02,10.7,--,110,118727,卖盘
22,14:55:59,10.7,--,9,9672,卖盘
23,14:55:56,10.7,-0.01,58,62059,卖盘
24,14:55:53,10.71,0.01,67,71757,买盘
25,14:55:50,10.7,--,23,24610,卖盘
26,14:55:47,10.7,-0.02,59,63129,卖盘
27,14:55:44,10.72,0.02,3014,3231008,买盘
28,14:55:41,10.7,-0.01,27,28889,卖盘
29,14:55:38,10.71,0.01,99,106029,买盘
30,14:55:35,10.7,--,30,32099,卖盘
31,14:55:32,10.7,--,112,119839,卖盘
32,14:55:29,10.7,--,119,127329,卖盘
33,14:55:23,10.7,--,107,114489,卖盘
34,14:55:17,10.7,--,110,117699,卖盘
35,14:55:14,10.7,--,9,9630,卖盘
36,14:55:11,10.7,-0.01,4,4280,卖盘
37,14:55:08,10.71,0.01,12,12852,买盘
38,14:55:05,10.7,--,3,3210,卖盘
39,14:55:02,10.7,--,2,2140,卖盘
40,14:54:56,10.7,-0.02,31,33170,卖盘
41,14:54:53,10.72,0.02,5101,5468272,买盘
42,14:54:47,10.7,--,48,51788,买盘
43,14:54:44,10.7,--,205,219349,买盘
44,14:54:41,10.7,--,41,43870,买盘
45,14:54:38,10.7,0.01,241,257869,买盘
46,14:54:32,10.69,-0.01,58,62002,卖盘
47,14:54:29,10.7,--,24,25680,买盘
48,14:54:26,10.7,0.01,194,207580,买盘
49,14:54:23,10.69,-0.01,19,20311,卖盘
50,14:54:14,10.7,--,668,714760,卖盘
51,14:54:08,10.7,-0.01,4858,5198060,卖盘
52,14:54:05,10.71,0.01,101,108171,买盘
53,14:54:02,10.7,--,60,64199,卖盘
54,14:53:59,10.7,--,1027,1098890,卖盘
55,14:53:56,10.7,--,60,64199,卖盘
56,14:53:50,10.7,0.01,323,345610,买盘
57,14:53:47,10.69,--,26,27794,卖盘
58,14:53:44,10.69,--,45,48105,卖盘
59,14:53:41,10.69,--,50,53450,卖盘
60,14:53:38,10.69,--,500,534500,卖盘
61,14:53:35,10.69,--,2623,2803987,卖盘
62,14:53:23,10.69,--,16,17104,卖盘
63,14:53:20,10.69,--,3,3207,卖盘
64,14:53:17,10.69,-0.01,10,10690,卖盘
65,14:53:14,10.7,--,2,2140,买盘
66,14:53:05,10.7,0.01,1,1070,买盘
67,14:53:02,10.69,--,59,63926,买盘
68,14:52:59,10.69,--,50,53450,买盘
69,14:52:56,10.69,--,52,55588,买盘
70,14:52:53,10.69,0.01,114,121866,买盘
71,14:52:50,10.68,-0.01,276,294768,卖盘
72,14:52:41,10.69,--,219,234111,买盘
73,14:52:38,10.69,0.01,85,90865,买盘
74,14:52:35,10.68,--,96,102528,卖盘
75,14:52:32,10.68,-0.01,192,205995,卖盘
76,14:52:29,10.69,--,9,9621,买盘
77,14:52:23,10.69,0.01,2,2138,买盘
78,14:52:20,10.68,-0.01,160,170880,卖盘
79,14:52:14,10.69,--,18,19242,买盘
80,14:52:11,10.69,0.01,57,60933,买盘
81,14:52:08,10.68,--,65,69420,卖盘
82,14:52:02,10.68,--,3,3204,卖盘
83,14:51:56,10.68,-0.01,26,27768,卖盘
84,14:51:53,10.69,--,2,2138,买盘
85,14:51:50,10.69,--,90,96210,买盘
86,14:51:44,10.69,--,10,10690,买盘
87,14:51:41,10.69,0.01,20,21380,买盘
88,14:51:35,10.68,-0.01,58,61944,卖盘
89,14:51:32,10.69,0.01,1,1069,买盘
90,14:51:29,10.68,-0.01,5,5340,卖盘
91,14:51:23,10.69,--,44,47036,买盘
92,14:51:14,10.69,0.01,3,3207,买盘
93,14:51:08,10.68,--,38,40584,卖盘
94,14:51:02,10.68,-0.01,33,35244,卖盘
95,14:50:59,10.69,--,15,16035,买盘
96,14:50:53,10.69,--,43,45967,买盘
97,14:50:47,10.69,0.01,2,2138,买盘
98,14:50:41,10.68,-0.01,20,21360,卖盘
99,14:50:38,10.69,0.01,1,1069,买盘
100,14:50:35,10.68,--,58,61944,卖盘
101,14:50:29,10.68,--,1579,1686372,卖盘
102,14:50:26,10.68,--,3,3204,卖盘
103,14:50:23,10.68,--,69,73692,卖盘
104,14:50:16,10.68,--,48,51264,卖盘
105,14:50:13,10.68,-0.01,90,96120,卖盘
106,14:50:10,10.69,--,11,11759,买盘
107,14:50:07,10.69,--,5,5345,买盘
108,14:50:04,10.69,--,110,117590,买盘
109,14:50:01,10.69,0.01,143,152867,买盘
110,14:49:58,10.68,-0.01,131,139908,卖盘
111,14:49:55,10.69,--,36,38484,买盘
112,14:49:52,10.69,--,42,44898,买盘
113,14:49:43,10.69,--,182,194558,买盘
114,14:49:40,10.69,--,4,4276,买盘
115,14:49:28,10.69,--,5,5345,买盘
116,14:49:22,10.69,--,1,1069,买盘
117,14:49:19,10.69,--,61,65209,卖盘
118,14:49:16,10.69,--,1,1069,卖盘
119,14:49:13,10.69,--,2,2138,卖盘
120,14:49:10,10.69,--,164,175316,卖盘
121,14:49:07,10.69,0.01,329,351701,买盘
122,14:49:04,10.68,--,34,36312,卖盘
123,14:48:58,10.68,-0.01,40,42720,卖盘
124,14:48:52,10.69,--,3,3207,买盘
125,14:48:46,10.69,--,2,2138,买盘
126,14:48:43,10.69,0.01,30,32070,买盘
127,14:48:37,10.68,-0.01,4,4272,卖盘
128,14:48:34,10.69,-0.01,108,115452,卖盘
129,14:48:25,10.7,0.02,109,117314,买盘
130,14:48:19,10.68,-0.01,348,372646,卖盘
131,14:48:13,10.69,--,9,9621,买盘
132,14:48:07,10.69,-0.02,68,73418,卖盘
133,14:48:04,10.71,0.01,288,308448,买盘
134,14:48:01,10.7,--,98,104860,卖盘
135,14:47:55,10.7,0.01,228,244302,买盘
136,14:47:49,10.69,0.01,1,1069,买盘
137,14:47:46,10.68,-0.03,112,119915,卖盘
138,14:47:43,10.71,0.02,316,338436,买盘
139,14:47:40,10.69,0.01,156,167106,中性盘
140,14:47:37,10.68,--,120,128160,卖盘
141,14:47:34,10.68,-0.01,373,398663,卖盘
142,14:47:31,10.69,0.01,9,9621,买盘
143,14:47:28,10.68,-0.03,104,111413,卖盘
144,14:47:25,10.71,0.02,293,313803,买盘
145,14:47:19,10.69,--,102,109337,中性盘
146,14:47:10,10.69,--,320,342080,买盘
147,14:47:07,10.69,-0.01,183,195627,中性盘
148,14:47:04,10.7,--,1,1070,买盘
149,14:47:01,10.7,-0.01,2,2140,买盘
150,14:46:58,10.71,0.02,275,294525,买盘
151,14:46:55,10.69,0.01,10,10690,买盘
152,14:46:52,10.68,-0.03,106,113208,卖盘
153,14:46:49,10.71,0.03,262,280602,买盘
154,14:46:46,10.68,-0.03,201,215693,卖盘
155,14:46:37,10.71,0.01,510,546295,买盘
156,14:46:31,10.7,--,62,66340,卖盘
157,14:46:28,10.7,0.02,128,137944,买盘
158,14:46:25,10.68,-0.01,181,194333,卖盘
159,14:46:22,10.69,--,4,4276,买盘
160,14:46:19,10.69,-0.01,37,39553,卖盘
161,14:46:16,10.7,0.02,291,311370,买盘
162,14:46:07,10.68,-0.02,120,128160,卖盘
163,14:46:04,10.7,--,370,395900,买盘
164,14:46:01,10.7,0.02,54,57779,中性盘
165,14:45:52,10.68,-0.02,308,328986,卖盘
166,14:45:49,10.7,--,359,384130,卖盘
167,14:45:46,10.7,--,54,57779,卖盘
168,14:45:43,10.7,0.01,605,648377,买盘
169,14:45:40,10.69,--,10,10690,买盘
170,14:45:34,10.69,-0.01,281,300389,卖盘
171,14:45:25,10.7,--,27,28889,买盘
172,14:45:22,10.7,0.02,271,289970,买盘
173,14:45:16,10.68,-0.02,10,10680,卖盘
174,14:45:10,10.7,0.02,290,310300,买盘
175,14:45:07,10.68,-0.02,124,132432,卖盘
176,14:45:01,10.7,--,309,330630,买盘
177,14:44:46,10.7,0.02,299,319930,买盘
178,14:44:43,10.68,0.01,30,32040,中性盘
179,14:44:37,10.67,-0.03,380,405460,卖盘
180,14:44:34,10.7,0.02,22,23540,买盘
181,14:44:31,10.68,-0.02,6,6408,中性盘
182,14:44:25,10.7,0.02,279,298530,买盘
183,14:44:22,10.68,0.01,25,26700,中性盘
184,14:44:16,10.67,-0.01,277,295559,卖盘
185,14:44:13,10.68,--,10,10680,买盘
186,14:44:07,10.68,-0.02,36,38618,卖盘
187,14:44:04,10.7,0.01,317,339190,买盘
188,14:44:01,10.69,0.01,4,4276,中性盘
189,14:43:55,10.68,--,311,333045,买盘
190,14:43:49,10.68,--,3,3374,卖盘
191,14:43:46,10.68,--,1,1965,买盘
192,14:43:43,10.68,-0.01,4434,4735512,卖盘
193,14:43:40,10.69,--,312,333528,买盘
194,14:43:37,10.69,--,168,179592,买盘
195,14:43:34,10.69,--,337,360253,买盘
196,14:43:25,10.69,--,20,21380,买盘
197,14:43:19,10.69,0.01,306,327114,买盘
198,14:43:16,10.68,--,29,30972,卖盘
199,14:43:13,10.68,--,51,54468,卖盘
200,14:43:10,10.68,--,356,380208,卖盘
201,14:43:07,10.68,-0.01,121,129228,卖盘
202,14:42:58,10.69,--,320,342080,买盘
203,14:42:52,10.69,--,18,19242,买盘
204,14:42:49,10.69,--,309,330321,买盘
205,14:42:46,10.69,0.01,31,33139,买盘
206,14:42:40,10.68,--,29,30972,卖盘
207,14:42:37,10.68,-0.01,139,148452,卖盘
208,14:42:34,10.69,0.01,296,316424,买盘
209,14:42:31,10.68,--,10,10680,卖盘
210,14:42:28,10.68,--,4,4272,卖盘
211,14:42:25,10.68,-0.01,336,358848,卖盘
212,14:42:19,10.69,0.01,300,320700,买盘
213,14:42:16,10.68,-0.01,75,80100,卖盘
214,14:42:13,10.69,0.01,287,306803,买盘
215,14:42:10,10.68,--,125,133500,买盘
216,14:42:07,10.68,-0.01,321,342828,卖盘
217,14:42:01,10.69,--,58,62002,买盘
218,14:41:58,10.69,0.01,53,56657,买盘
219,14:41:55,10.68,-0.01,1,1068,卖盘
220,14:41:52,10.69,--,343,366667,买盘
221,14:41:49,10.69,--,5,5345,卖盘
222,14:41:46,10.69,--,3,3207,卖盘
223,14:41:43,10.69,0.01,277,296113,买盘
224,14:41:37,10.68,-0.01,678,724104,卖盘
225,14:41:34,10.69,-0.01,48,51312,卖盘
226,14:41:28,10.7,0.01,305,326350,买盘
227,14:41:25,10.69,0.01,11,11759,买盘
228,14:41:22,10.68,--,63,67284,卖盘
229,14:41:19,10.68,--,345,368460,卖盘
230,14:41:16,10.68,--,29,30972,卖盘
231,14:41:13,10.68,--,8,8544,卖盘
232,14:41:07,10.68,-0.01,370,395160,卖盘
233,14:41:04,10.69,0.01,86,91934,买盘
234,14:41:01,10.68,-0.01,38,40584,卖盘
235,14:40:58,10.69,0.01,309,330321,买盘
236,14:40:55,10.68,--,184,196512,卖盘
237,14:40:49,10.68,-0.02,29,30972,卖盘
238,14:40:46,10.7,0.02,285,304950,买盘
239,14:40:40,10.68,-0.02,43,45924,卖盘
240,14:40:34,10.7,0.01,292,312440,买盘
241,14:40:31,10.69,-0.01,197,210593,卖盘
242,14:40:25,10.7,--,330,353100,买盘
243,14:40:19,10.7,--,40,42800,买盘
244,14:40:10,10.7,0.02,589,630230,买盘
245,14:40:07,10.68,-0.02,120,128160,卖盘
246,14:40:04,10.7,--,3,3210,买盘
247,14:40:01,10.7,0.01,303,324210,买盘
248,14:39:58,10.69,--,18,19242,买盘
249,14:39:55,10.69,-0.01,44,47036,卖盘
250,14:39:52,10.7,--,10,10700,买盘
251,14:39:49,10.7,0.01,265,283550,买盘
252,14:39:43,10.69,-0.01,14,14966,买盘
253,14:39:40,10.7,0.02,313,334910,买盘
254,14:39:37,10.68,-0.02,120,128160,卖盘
255,14:39:28,10.7,0.01,275,294250,买盘
256,14:39:22,10.69,-0.01,129,137901,买盘
257,14:39:19,10.7,0.01,369,394830,买盘
258,14:39:10,10.69,0.01,63,67347,买盘
259,14:39:07,10.68,-0.01,158,168744,卖盘
260,14:39:04,10.69,0.01,312,333528,买盘
261,14:38:58,10.68,-0.01,17,18156,卖盘
262,14:38:55,10.69,--,295,315355,买盘
263,14:38:52,10.69,0.01,4,4276,买盘
264,14:38:46,10.68,-0.01,129,137772,卖盘
265,14:38:43,10.69,0.01,335,358115,买盘
266,14:38:40,10.68,--,29,30972,卖盘
267,14:38:37,10.68,-0.01,131,139908,卖盘
268,14:38:34,10.69,0.01,446,476774,买盘
269,14:38:31,10.68,-0.01,1,1068,卖盘
270,14:38:25,10.69,-0.01,17,18173,中性盘
271,14:38:22,10.7,0.01,274,293180,买盘
272,14:38:19,10.69,--,9,9621,卖盘
273,14:38:16,10.69,-0.01,9,9621,卖盘
274,14:38:13,10.7,0.01,292,312440,买盘
275,14:38:10,10.69,0.01,144,153936,买盘
276,14:38:07,10.68,-0.01,60,64080,卖盘
277,14:38:01,10.69,--,2,2138,买盘
278,14:37:58,10.69,--,313,334597,买盘
279,14:37:49,10.69,0.01,306,327114,买盘
280,14:37:43,10.68,-0.01,48,51264,中性盘
281,14:37:37,10.69,--,415,443635,买盘
282,14:37:34,10.69,--,76,81244,买盘
283,14:37:31,10.69,--,517,552673,买盘
284,14:37:22,10.69,0.01,239,255491,买盘
285,14:37:16,10.68,--,325,347100,卖盘
286,14:37:10,10.68,--,80,85440,卖盘
287,14:37:07,10.68,--,410,437880,卖盘
288,14:37:04,10.68,--,10,10680,卖盘
289,14:37:01,10.68,-0.01,21,22428,卖盘
290,14:36:52,10.69,0.01,310,331390,买盘
291,14:36:46,10.68,-0.01,36,38448,卖盘
292,14:36:43,10.69,--,322,344218,买盘
293,14:36:40,10.69,--,109,116521,买盘
294,14:36:37,10.69,--,128,136832,买盘
295,14:36:34,10.69,--,4,4276,买盘
296,14:36:31,10.69,0.01,262,280078,买盘
297,14:36:28,10.68,-0.01,60,64080,卖盘
298,14:36:25,10.69,--,9,9621,买盘
299,14:36:22,10.69,0.01,310,331390,买盘
300,14:36:16,10.68,-0.01,19,20292,卖盘
301,14:36:13,10.69,--,409,437221,买盘
302,14:36:01,10.69,--,268,286492,买盘
303,14:35:58,10.69,--,76,81244,买盘
304,14:35:49,10.69,0.01,329,351701,买盘
305,14:35:46,10.68,--,18,19224,买盘
306,14:35:43,10.68,-0.01,16,17088,中性盘
307,14:35:37,10.69,0.01,341,364529,买盘
308,14:35:34,10.68,--,10,10680,卖盘
309,14:35:31,10.68,-0.01,5,5340,卖盘
310,14:35:28,10.69,--,19,20311,买盘
311,14:35:25,10.69,0.01,260,277940,买盘
312,14:35:22,10.68,-0.01,20,21360,卖盘
313,14:35:19,10.69,0.02,51,54519,买盘
314,14:35:16,10.67,--,521,555907,卖盘
315,14:35:10,10.67,--,29,30943,卖盘
316,14:35:07,10.67,-0.02,121,129107,卖盘
317,14:35:04,10.69,0.02,298,318562,买盘
318,14:35:01,10.67,-0.01,100,106700,卖盘
319,14:34:58,10.68,--,28,29904,买盘
320,14:34:55,10.68,--,288,307584,买盘
321,14:34:52,10.68,--,40,42720,买盘
322,14:34:49,10.68,-0.01,69,73692,中性盘
323,14:34:46,10.69,--,1,1069,买盘
324,14:34:43,10.69,0.02,279,298251,买盘
325,14:34:40,10.67,-0.01,120,128040,卖盘
326,14:34:37,10.68,0.01,10,10680,买盘
327,14:34:31,10.67,--,316,337172,卖盘
328,14:34:19,10.67,--,322,343958,卖盘
329,14:34:16,10.67,--,29,30943,卖盘
330,14:34:10,10.67,-0.01,366,390522,卖盘
331,14:34:07,10.68,--,99,105732,卖盘
332,14:34:01,10.68,-0.01,39,41652,卖盘
333,14:33:58,10.69,0.01,297,317493,买盘
334,14:33:55,10.68,--,1,1068,买盘
335,14:33:49,10.68,--,322,343896,买盘
336,14:33:46,10.68,--,2,2136,买盘
337,14:33:43,10.68,--,24,25632,买盘
338,14:33:37,10.68,-0.01,346,369528,卖盘
339,14:33:34,10.69,0.01,48,51312,买盘
340,14:33:31,10.68,-0.01,132,140976,卖盘
341,14:33:28,10.69,0.01,312,333528,买盘
342,14:33:22,10.68,--,10,10680,卖盘
343,14:33:19,10.68,--,17,18156,卖盘
344,14:33:16,10.68,-0.01,39,41652,卖盘
345,14:33:13,10.69,0.02,287,306803,买盘
346,14:33:07,10.67,-0.01,320,341440,卖盘
347,14:33:04,10.68,-0.01,316,337488,中性盘
348,14:32:55,10.69,0.01,112,119728,买盘
349,14:32:52,10.68,--,10,10680,买盘
350,14:32:49,10.68,-0.01,45,48060,中性盘
351,14:32:43,10.69,0.02,131,140039,买盘
352,14:32:37,10.67,-0.02,120,128040,卖盘
353,14:32:34,10.69,0.01,116,124004,买盘
354,14:32:22,10.68,--,124,132432,买盘
355,14:32:19,10.68,--,1100,1174800,买盘
356,14:32:10,10.68,--,119,127092,买盘
357,14:32:07,10.68,0.01,264,281952,买盘
358,14:32:01,10.67,-0.01,39,41613,卖盘
359,14:31:58,10.68,0.01,127,135636,买盘
360,14:31:49,10.67,--,153,163251,卖盘
361,14:31:46,10.67,--,1,1067,卖盘
362,14:31:43,10.67,-0.01,6,6402,卖盘
363,14:31:40,10.68,0.02,1,1068,买盘
364,14:31:37,10.66,-0.01,243,259038,卖盘
365,14:31:34,10.67,--,23,24541,卖盘
366,14:31:31,10.67,-0.01,28,29876,中性盘
367,14:31:25,10.68,0.01,132,140976,买盘
368,14:31:19,10.67,-0.01,16,17072,中性盘
369,14:31:16,10.68,0.01,121,129228,买盘
370,14:31:13,10.67,--,63,67221,买盘
371,14:31:10,10.67,--,61,65087,买盘
372,14:31:04,10.67,-0.01,268,285956,卖盘
373,14:31:01,10.68,0.01,251,268068,买盘
374,14:30:58,10.67,--,64,68288,卖盘
375,14:30:52,10.67,0.01,343,365981,买盘
376,14:30:46,10.66,--,34,36244,卖盘
377,14:30:43,10.66,-0.01,204,217464,卖盘
378,14:30:40,10.67,--,157,167519,买盘
379,14:30:34,10.67,--,142,151514,买盘
380,14:30:31,10.67,--,500,533500,买盘
381,14:30:22,10.67,0.01,40,42680,买盘
382,14:30:19,10.66,--,147,156702,卖盘
383,14:30:16,10.66,--,793,845338,买盘
384,14:29:39,10.66,0.01,34,36244,买盘
385,14:29:36,10.65,--,120,127800,卖盘
386,14:29:21,10.65,-0.01,10,10650,卖盘
387,14:29:18,10.66,0.01,1,1066,买盘
388,14:29:15,10.65,-0.01,31,33015,卖盘
389,14:29:12,10.66,0.01,22,23452,买盘
390,14:29:06,10.65,--,238,253470,卖盘
391,14:29:00,10.65,--,103,109695,卖盘
392,14:28:54,10.65,--,31,33015,卖盘
393,14:28:48,10.65,--,29,30885,卖盘
394,14:28:36,10.65,-0.01,148,157620,卖盘
395,14:28:21,10.66,0.01,1,1066,买盘
396,14:28:12,10.65,--,39,41535,卖盘
397,14:28:09,10.65,--,26,27690,卖盘
398,14:28:06,10.65,-0.01,155,165075,卖盘
399,14:28:03,10.66,--,20,21320,买盘
400,14:27:57,10.66,--,50,53300,买盘
401,14:27:51,10.66,0.01,38,40508,买盘
402,14:27:48,10.65,-0.01,79,84135,卖盘
403,14:27:45,10.66,0.01,4,4264,买盘
404,14:27:39,10.65,--,149,158685,卖盘
405,14:27:27,10.65,-0.01,126,134190,卖盘
406,14:27:18,10.66,--,134,142844,买盘
407,14:27:12,10.66,--,1,1066,买盘
408,14:27:06,10.66,0.01,439,467974,买盘
409,14:27:00,10.65,-0.01,36,38340,卖盘
410,14:26:57,10.66,0.01,9,9594,买盘
411,14:26:54,10.65,--,25,26625,卖盘
412,14:26:48,10.65,--,30,31950,卖盘
413,14:26:45,10.65,--,10,10650,卖盘
414,14:26:39,10.65,--,120,127800,卖盘
415,14:26:33,10.65,--,27,28755,买盘
416,14:26:21,10.65,--,87,92655,买盘
417,14:26:18,10.65,--,21,22365,买盘
418,14:26:12,10.65,--,168,178920,卖盘
419,14:26:06,10.65,-0.01,163,173595,卖盘
420,14:26:03,10.66,0.01,136,144976,买盘
421,14:26:00,10.65,-0.01,10,10650,卖盘
422,14:25:57,10.66,0.01,1,1066,买盘
423,14:25:54,10.65,--,34,36210,卖盘
424,14:25:48,10.65,--,29,30885,卖盘
425,14:25:45,10.65,--,20,21342,卖盘
426,14:25:42,10.65,--,240,255600,卖盘
427,14:25:36,10.65,-0.01,129,137385,卖盘
428,14:25:33,10.66,0.01,7,7462,买盘
429,14:25:30,10.65,--,59,62835,卖盘
430,14:25:27,10.65,--,29,30885,卖盘
431,14:25:24,10.65,--,6,6390,卖盘
432,14:25:21,10.65,--,24,25560,卖盘
433,14:25:18,10.65,--,34,36210,卖盘
434,14:25:06,10.65,--,120,127800,卖盘
435,14:25:03,10.65,--,149,158685,卖盘
436,14:24:54,10.65,--,1,1065,卖盘
437,14:24:51,10.65,--,7,7455,卖盘
438,14:24:48,10.65,--,34,36210,卖盘
439,14:24:45,10.65,--,1,1065,卖盘
440,14:24:36,10.65,--,122,129930,卖盘
441,14:24:33,10.65,-0.01,30,31950,卖盘
442,14:24:24,10.66,--,39,41574,买盘
443,14:24:21,10.66,0.01,1,1066,买盘
444,14:24:18,10.65,-0.01,46,48990,卖盘
445,14:24:15,10.66,0.01,1,1066,买盘
446,14:24:12,10.65,--,193,205545,卖盘
447,14:24:09,10.65,-0.01,122,129930,卖盘
448,14:24:03,10.66,--,10,10660,买盘
449,14:23:51,10.66,0.01,3,3198,买盘
450,14:23:48,10.65,--,29,30885,卖盘
451,14:23:42,10.65,--,10,10650,卖盘
452,14:23:36,10.65,--,120,127800,卖盘
453,14:23:30,10.65,-0.01,4,4260,卖盘
454,14:23:24,10.66,--,44,46904,买盘
455,14:23:21,10.66,0.01,1,1066,买盘
456,14:23:18,10.65,--,334,355710,卖盘
457,14:23:06,10.65,-0.01,441,469665,卖盘
458,14:23:00,10.66,0.01,10,10660,买盘
459,14:22:45,10.65,-0.01,4,4260,卖盘
460,14:22:42,10.66,0.01,18,19188,买盘
461,14:22:39,10.65,-0.01,129,137385,卖盘
462,14:22:24,10.66,0.01,40,42640,买盘
463,14:22:21,10.65,--,42,44730,卖盘
464,14:22:18,10.65,-0.01,100,106500,卖盘
465,14:22:15,10.66,0.01,134,142844,买盘
466,14:22:12,10.65,0.01,214,227910,买盘
467,14:22:06,10.64,-0.01,170,180880,卖盘
468,14:22:03,10.65,0.01,251,267315,买盘
469,14:21:57,10.64,-0.01,42,44688,卖盘
470,14:21:48,10.65,0.01,13,13845,买盘
471,14:21:42,10.64,-0.01,108,114912,卖盘
472,14:21:36,10.65,0.01,243,258795,买盘
473,14:21:30,10.64,-0.01,51,54264,卖盘
474,14:21:24,10.65,-0.01,190,202350,卖盘
475,14:21:18,10.66,--,135,143910,买盘
476,14:21:09,10.66,--,5,5330,买盘
477,14:21:06,10.66,0.01,10,10660,买盘
478,14:21:03,10.65,-0.01,19,20235,卖盘
479,14:20:57,10.66,-0.01,1,1066,卖盘
480,14:20:54,10.67,0.02,800,853600,买盘
481,14:20:48,10.65,-0.01,40,42600,卖盘
482,14:20:45,10.66,--,391,416806,买盘
483,14:20:42,10.66,0.01,130,138580,买盘
484,14:20:39,10.65,--,247,263055,卖盘
485,14:20:33,10.65,--,29,30885,卖盘
486,14:20:30,10.65,--,50,53250,卖盘
487,14:20:27,10.65,-0.01,43,45795,卖盘
488,14:20:24,10.66,--,80,85280,买盘
489,14:20:21,10.66,--,40,42640,买盘
490,14:20:18,10.66,--,26,27716,买盘
491,14:20:15,10.66,0.01,144,153504,买盘
492,14:20:09,10.65,--,9,9585,卖盘
493,14:20:06,10.65,--,120,127800,卖盘
494,14:20:00,10.65,-0.01,30,31950,卖盘
495,14:19:54,10.66,0.01,63,67158,买盘
496,14:19:51,10.65,--,279,297135,卖盘
497,14:19:48,10.65,--,47,50055,卖盘
498,14:19:45,10.65,-0.01,113,120345,卖盘
499,14:19:39,10.66,--,140,149240,买盘
500,14:19:36,10.66,0.01,29,30914,买盘
501,14:19:33,10.65,-0.01,3,3195,卖盘
502,14:19:27,10.66,--,66,70356,买盘
503,14:19:21,10.66,0.01,81,86346,买盘
504,14:19:12,10.65,--,21,22365,卖盘
505,14:19:09,10.65,--,25,26625,卖盘
506,14:19:06,10.65,--,120,127800,卖盘
507,14:19:03,10.65,0.01,126,134190,卖盘
508,14:18:48,10.64,--,10,10640,卖盘
509,14:18:42,10.64,-0.02,21,22344,卖盘
510,14:18:39,10.66,0.02,92,98072,买盘
511,14:18:36,10.64,-0.01,120,127680,卖盘
512,14:18:33,10.65,-0.01,31,33015,卖盘
513,14:18:30,10.66,0.01,39,42426,买盘
514,14:18:27,10.65,--,7,7455,买盘
515,14:18:24,10.65,--,78,83070,买盘
516,14:18:21,10.65,--,63,67095,买盘
517,14:18:15,10.65,--,276,293940,买盘
518,14:18:15,10.65,0.01,4,4260,买盘
519,14:18:09,10.64,-0.01,26,27664,卖盘
520,14:18:06,10.65,--,427,454755,买盘
521,14:18:03,10.65,--,43,45795,买盘
522,14:17:51,10.65,--,10,10650,买盘
523,14:17:42,10.65,--,100,106500,买盘
524,14:17:39,10.65,0.01,81,86265,买盘
525,14:17:36,10.64,--,120,127680,卖盘
526,14:17:33,10.64,--,7,7448,卖盘
527,14:17:30,10.64,--,70,74480,卖盘
528,14:17:27,10.64,-0.01,7,7448,卖盘
529,14:17:24,10.65,0.01,68,72420,买盘
530,14:17:15,10.64,-0.01,100,106400,卖盘
531,14:17:09,10.65,0.01,148,157620,买盘
532,14:17:00,10.64,--,10,10640,卖盘
533,14:16:54,10.64,--,10,10640,卖盘
534,14:16:51,10.64,--,82,87248,卖盘
535,14:16:48,10.64,--,20,21280,卖盘
536,14:16:42,10.64,--,23,24472,卖盘
537,14:16:36,10.64,--,339,360696,卖盘
538,14:16:30,10.64,-0.01,7,7448,卖盘
539,14:16:24,10.65,--,5,5325,买盘
540,14:16:18,10.65,0.01,1,1065,买盘
541,14:16:15,10.64,--,22,23408,卖盘
542,14:16:12,10.64,--,134,142576,卖盘
543,14:16:06,10.64,--,5,5320,卖盘
544,14:16:03,10.64,-0.01,9,9576,卖盘
545,14:15:54,10.65,0.01,5,5325,买盘
546,14:15:51,10.64,--,1,1064,卖盘
547,14:15:45,10.64,--,1,1064,卖盘
548,14:15:36,10.64,--,120,127680,卖盘
549,14:15:33,10.64,--,5,5320,卖盘
550,14:15:27,10.64,-0.01,302,321328,卖盘
551,14:15:12,10.65,0.01,3,3195,买盘
552,14:15:09,10.64,--,84,89376,卖盘
553,14:15:06,10.64,-0.01,130,138320,卖盘
554,14:15:03,10.65,--,16,17040,买盘
555,14:15:00,10.65,--,11,11715,买盘
556,14:14:51,10.65,-0.01,1834,1953423,卖盘
557,14:14:48,10.66,0.01,362,385892,买盘
558,14:14:45,10.65,--,9,10224,卖盘
559,14:14:36,10.65,-0.01,120,127800,卖盘
560,14:14:24,10.66,--,7,7462,买盘
561,14:14:12,10.66,--,8,8528,买盘
562,14:14:09,10.66,--,95,101270,卖盘
563,14:14:06,10.66,--,240,255840,卖盘
564,14:14:00,10.66,-0.01,22,23452,卖盘
565,14:13:57,10.67,--,78,83226,买盘
566,14:13:48,10.67,--,5,5335,买盘
567,14:13:42,10.67,0.01,11,11737,买盘
568,14:13:39,10.66,-0.01,120,127920,卖盘
569,14:13:33,10.67,--,9,9603,买盘
570,14:13:21,10.67,0.01,11,11737,买盘
571,14:13:18,10.66,0.01,10,10660,中性盘
572,14:13:06,10.65,-0.01,121,128865,卖盘
573,14:13:03,10.66,--,23,24518,买盘
574,14:13:00,10.66,--,21,22386,买盘
575,14:12:51,10.66,-0.01,79,84214,卖盘
576,14:12:48,10.67,0.02,10,10670,买盘
577,14:12:39,10.65,-0.02,189,201285,卖盘
578,14:12:36,10.67,0.01,11,11737,买盘
579,14:12:33,10.66,0.01,1,1066,买盘
580,14:12:30,10.65,-0.01,63,67095,卖盘
581,14:12:21,10.66,--,20,21320,买盘
582,14:12:18,10.66,--,275,293150,买盘
583,14:12:15,10.66,--,16,17056,买盘
584,14:12:12,10.66,0.01,6,6396,买盘
585,14:12:09,10.65,-0.01,1,1065,卖盘
586,14:12:06,10.66,--,725,772850,买盘
587,14:12:00,10.66,--,24,25584,买盘
588,14:11:57,10.66,--,220,234520,买盘
589,14:11:54,10.66,0.01,11,11726,买盘
590,14:11:51,10.65,--,25,26625,卖盘
591,14:11:45,10.65,-0.01,10,10650,卖盘
592,14:11:42,10.66,--,10,10660,买盘
593,14:11:39,10.66,0.01,194,206804,买盘
594,14:11:36,10.65,-0.01,81,86265,卖盘
595,14:11:33,10.66,--,47,50102,买盘
596,14:11:30,10.66,--,60,63960,买盘
597,14:11:27,10.66,--,28,29848,买盘
598,14:11:24,10.66,--,10,10660,买盘
599,14:11:21,10.66,0.01,15,15990,买盘
600,14:11:06,10.65,--,137,145905,卖盘
601,14:11:03,10.65,--,1014,1080123,买盘
602,14:11:00,10.65,--,17,18105,买盘
603,14:10:57,10.65,--,10,10650,买盘
604,14:10:53,10.65,0.01,10,10650,买盘
605,14:10:41,10.64,--,758,806512,卖盘
606,14:10:35,10.64,-0.01,145,154280,卖盘
607,14:10:32,10.65,--,1,1065,买盘
608,14:10:26,10.65,0.01,30,31950,买盘
609,14:10:20,10.64,--,9,9576,卖盘
610,14:10:17,10.64,--,11,11704,卖盘
611,14:10:14,10.64,--,29,30856,卖盘
612,14:10:05,10.64,--,230,244720,买盘
613,14:10:02,10.64,--,275,292600,买盘
614,14:09:59,10.64,--,5,5320,买盘
615,14:09:56,10.64,--,5,5320,买盘
616,14:09:47,10.64,0.01,96,102144,买盘
617,14:09:41,10.63,-0.01,72,76536,卖盘
618,14:09:38,10.64,0.01,305,324520,买盘
619,14:09:35,10.63,-0.01,137,145631,卖盘
620,14:09:32,10.64,--,30,31920,买盘
621,14:09:26,10.64,--,38,40432,买盘
622,14:09:23,10.64,--,1,1064,买盘
623,14:09:20,10.64,--,548,583072,买盘
624,14:09:17,10.64,0.01,16,17024,买盘
625,14:09:14,10.63,-0.01,4,4252,卖盘
626,14:09:11,10.64,0.01,179,190456,买盘
627,14:09:08,10.63,-0.01,136,144568,卖盘
628,14:09:05,10.64,0.01,10,10640,买盘
629,14:09:02,10.63,-0.01,3,3189,卖盘
630,14:08:59,10.64,--,152,161728,买盘
631,14:08:53,10.64,0.01,10,10640,买盘
632,14:08:50,10.63,--,8,8504,买盘
633,14:08:47,10.63,--,6,6378,买盘
634,14:08:41,10.63,0.01,31,32953,中性盘
635,14:08:35,10.62,-0.01,137,145494,卖盘
636,14:08:32,10.63,--,71,75473,买盘
637,14:08:29,10.63,--,13,13819,买盘
638,14:08:23,10.63,--,2,2593,买盘
639,14:08:17,10.63,--,202,214726,买盘
640,14:08:14,10.63,--,5,5315,买盘
641,14:08:11,10.63,--,2,2126,买盘
642,14:08:08,10.63,--,2,2126,买盘
643,14:08:05,10.63,-0.01,107,113741,卖盘
644,14:08:02,10.64,0.01,1,1064,买盘
645,14:07:59,10.63,--,65,69095,卖盘
646,14:07:50,10.63,--,1,1063,卖盘
647,14:07:44,10.63,--,2,2126,卖盘
648,14:07:41,10.63,--,35,37205,买盘
649,14:07:35,10.63,0.01,110,116930,中性盘
650,14:07:17,10.62,--,10,10620,卖盘
651,14:07:14,10.62,-0.02,46,48852,卖盘
652,14:07:11,10.64,0.02,928,987392,买盘
653,14:07:05,10.62,--,139,147618,卖盘
654,14:07:02,10.62,-0.01,10,10620,卖盘
655,14:06:59,10.63,0.01,11,11693,买盘
656,14:06:50,10.62,--,155,164610,卖盘
657,14:06:35,10.62,--,137,145494,卖盘
658,14:06:32,10.62,-0.01,11,11682,卖盘
659,14:06:26,10.63,0.01,66,70158,买盘
660,14:06:23,10.62,--,10,10620,买盘
661,14:06:20,10.62,--,604,641448,买盘
662,14:06:17,10.62,--,186,197532,买盘
663,14:06:14,10.62,--,21,22302,买盘
664,14:06:11,10.62,--,40,42480,买盘
665,14:06:08,10.62,0.01,71,75402,买盘
666,14:06:05,10.61,-0.01,177,187797,卖盘
667,14:05:59,10.62,--,58,61595,买盘
668,14:05:50,10.62,-0.01,399,423737,卖盘
669,14:05:44,10.63,--,5,5315,买盘
670,14:05:41,10.63,0.02,5,5315,买盘
671,14:05:38,10.61,--,137,145357,卖盘
672,14:05:29,10.61,-0.02,8,8488,卖盘
673,14:05:23,10.63,0.02,91,96733,买盘
674,14:05:20,10.61,-0.01,917,972937,卖盘
675,14:05:17,10.62,--,40,43095,买盘
676,14:05:14,10.62,--,10,10620,买盘
677,14:05:11,10.62,-0.01,1692,1797350,卖盘
678,14:05:08,10.63,0.01,32,34016,买盘
679,14:05:05,10.62,-0.01,137,145494,卖盘
680,14:05:02,10.63,--,413,439019,买盘
681,14:04:53,10.63,0.01,12,12756,买盘
682,14:04:50,10.62,-0.01,917,973853,卖盘
683,14:04:47,10.63,--,25,26575,买盘
684,14:04:44,10.63,--,15,15945,买盘
685,14:04:41,10.63,--,40,42520,买盘
686,14:04:38,10.63,--,565,600595,买盘
687,14:04:32,10.63,--,9,9567,买盘
688,14:04:29,10.63,--,10,10630,买盘
689,14:04:26,10.63,--,35,37205,买盘
690,14:04:20,10.63,--,41,43583,买盘
691,14:04:14,10.63,--,183,194529,卖盘
692,14:04:08,10.63,--,250,265750,卖盘
693,14:04:05,10.63,--,188,199844,卖盘
694,14:04:02,10.63,0.01,321,341223,买盘
695,14:03:59,10.62,-0.01,265,281430,卖盘
696,14:03:56,10.63,--,17,18071,买盘
697,14:03:53,10.63,--,10,10630,买盘
698,14:03:50,10.63,--,403,428389,卖盘
699,14:03:47,10.63,--,113,120119,卖盘
700,14:03:41,10.63,-0.01,17,18071,卖盘
701,14:03:38,10.64,0.01,11,11704,买盘
702,14:03:35,10.63,--,287,305081,卖盘
703,14:03:29,10.63,--,230,244490,卖盘
704,14:03:26,10.63,--,3,3189,卖盘
705,14:03:20,10.63,--,969,1030047,卖盘
706,14:03:17,10.63,--,241,256183,买盘
707,14:03:14,10.63,0.01,50,53150,买盘
708,14:03:11,10.62,--,33,35046,卖盘
709,14:03:05,10.62,--,258,273996,卖盘
710,14:03:02,10.62,--,153,162486,卖盘
711,14:02:59,10.62,-0.01,15,15929,卖盘
712,14:02:56,10.63,--,18,19134,买盘
713,14:02:53,10.63,--,110,116930,买盘
714,14:02:50,10.63,--,520,552760,卖盘
715,14:02:47,10.63,--,46,48898,卖盘
716,14:02:38,10.63,--,8,8504,卖盘
717,14:02:35,10.63,0.01,27,28701,卖盘
718,14:02:32,10.62,-0.01,172,182664,卖盘
719,14:02:29,10.63,--,15,16561,买盘
720,14:02:26,10.63,--,30,31890,买盘
721,14:02:23,10.63,--,77,81851,买盘
722,14:02:20,10.63,--,877,932697,卖盘
723,14:02:17,10.63,--,8,8504,卖盘
724,14:02:08,10.63,-0.01,384,408192,卖盘
725,14:02:05,10.64,--,26,27664,买盘
726,14:02:02,10.64,0.01,20,21280,买盘
727,14:01:59,10.63,-0.01,46,48898,卖盘
728,14:01:53,10.64,0.01,10,10640,买盘
729,14:01:50,10.63,-0.02,234,249464,卖盘
730,14:01:47,10.65,0.01,20,21300,买盘
731,14:01:44,10.64,--,64,68096,卖盘
732,14:01:35,10.64,-0.02,219,233867,卖盘
733,14:01:29,10.66,0.01,352,375232,买盘
734,14:01:20,10.65,0.01,1223,1302708,买盘
735,14:01:14,10.64,-0.01,6,6384,卖盘
736,14:01:08,10.65,--,166,176790,买盘
737,14:01:05,10.65,--,144,153360,买盘
738,14:00:56,10.65,0.01,31,33015,买盘
739,14:00:53,10.64,-0.01,708,754163,卖盘
740,14:00:50,10.65,--,38,40470,卖盘
741,14:00:38,10.65,--,14,14910,卖盘
742,14:00:35,10.65,--,137,145905,卖盘
743,14:00:32,10.65,--,39,42024,卖盘
744,14:00:29,10.65,0.01,60,64688,买盘
745,14:00:26,10.64,--,21,22344,卖盘
746,14:00:20,10.64,-0.01,30,31920,卖盘
747,14:00:17,10.65,0.01,20,21300,买盘
748,14:00:14,10.64,-0.01,90,96036,卖盘
749,14:00:08,10.65,--,24,25560,卖盘
750,14:00:05,10.65,--,148,157620,卖盘
751,14:00:02,10.65,--,79,84135,卖盘
752,13:59:59,10.65,--,15,15975,卖盘
753,13:59:56,10.65,--,2,2130,卖盘
754,13:59:53,10.65,-0.01,25,26625,卖盘
755,13:59:50,10.66,0.01,50,53300,买盘
756,13:59:47,10.65,--,11,11715,卖盘
757,13:59:41,10.65,--,1,1065,卖盘
758,13:59:38,10.65,--,136,144840,卖盘
759,13:59:32,10.65,--,59,62835,卖盘
760,13:59:26,10.65,-0.01,88,93720,卖盘
761,13:59:20,10.66,0.01,200,213200,买盘
762,13:59:17,10.65,--,34,36210,卖盘
763,13:59:14,10.65,--,30,31950,卖盘
764,13:59:05,10.65,--,137,145905,卖盘
765,13:59:02,10.65,--,1,1065,卖盘
766,13:58:59,10.65,--,50,53250,卖盘
767,13:58:47,10.65,--,10,10650,卖盘
768,13:58:41,10.65,--,42,45518,买盘
769,13:58:38,10.65,--,179,190911,卖盘
770,13:58:35,10.65,-0.01,1,1065,卖盘
771,13:58:29,10.66,--,41,43706,买盘
772,13:58:17,10.66,0.01,2,2132,买盘
773,13:58:05,10.65,-0.02,47,51034,卖盘
774,13:57:56,10.67,0.01,23,24541,买盘
775,13:57:41,10.66,--,15,16075,买盘
776,13:57:38,10.66,0.01,224,238784,买盘
777,13:57:35,10.65,--,10,10650,卖盘
778,13:57:29,10.65,-0.02,6,6390,卖盘
779,13:57:14,10.67,0.02,929,991243,买盘
780,13:57:08,10.65,--,54,58298,卖盘
781,13:57:05,10.65,--,380,404700,买盘
782,13:57:02,10.65,0.01,10,10650,买盘
783,13:56:41,10.64,--,10,10640,卖盘
784,13:56:35,10.64,-0.01,22,23408,卖盘
785,13:56:32,10.65,0.01,11,11715,卖盘
786,13:56:29,10.64,--,120,127680,卖盘
787,13:56:17,10.64,--,83,88865,卖盘
788,13:56:14,10.64,--,49,52136,卖盘
789,13:56:11,10.64,--,799,850433,卖盘
790,13:56:05,10.64,-0.01,137,145768,卖盘
791,13:56:02,10.65,0.01,1,1065,买盘
792,13:55:56,10.64,--,1,1064,卖盘
793,13:55:53,10.64,-0.01,6,6384,卖盘
794,13:55:50,10.65,0.01,223,237495,买盘
795,13:55:47,10.64,-0.01,2,2128,卖盘
796,13:55:44,10.65,--,50,53250,买盘
797,13:55:41,10.65,0.01,12,12780,买盘
798,13:55:35,10.64,-0.01,148,157472,卖盘
799,13:55:26,10.65,--,90,95850,买盘
800,13:55:23,10.65,0.01,2,2130,买盘
801,13:55:20,10.64,--,26,27664,卖盘
802,13:55:17,10.64,--,13,13832,卖盘
803,13:55:14,10.64,--,5,5320,卖盘
804,13:55:11,10.64,-0.01,4,4256,卖盘
805,13:55:08,10.65,0.01,138,146970,买盘
806,13:55:05,10.64,--,1,1064,卖盘
807,13:55:02,10.64,-0.01,8,8512,卖盘
808,13:54:59,10.65,0.01,131,140068,买盘
809,13:54:47,10.64,--,50,53200,卖盘
810,13:54:38,10.64,--,76,80864,卖盘
811,13:54:35,10.64,--,137,145768,卖盘
812,13:54:32,10.64,--,221,235144,买盘
813,13:54:26,10.64,--,540,574560,买盘
814,13:54:17,10.64,0.01,66,70224,买盘
815,13:54:11,10.63,--,2,2126,卖盘
816,13:54:08,10.63,-0.01,137,145631,卖盘
817,13:54:05,10.64,--,10,10640,买盘
818,13:54:02,10.64,--,43,45752,买盘
819,13:53:50,10.64,--,15,15960,买盘
820,13:53:41,10.64,--,67,71288,买盘
821,13:53:35,10.64,--,741,788424,买盘
822,13:53:32,10.64,0.01,20,21280,买盘
823,13:53:23,10.63,-0.01,50,53150,卖盘
824,13:53:20,10.64,--,42,44688,买盘
825,13:53:17,10.64,0.01,5,5320,买盘
826,13:53:14,10.63,-0.01,203,215789,卖盘
827,13:53:11,10.64,0.01,15,15960,买盘
828,13:53:05,10.63,-0.01,38,40394,卖盘
829,13:52:56,10.64,--,6,6384,买盘
830,13:52:53,10.64,--,10,10640,买盘
831,13:52:44,10.64,--,1,1064,买盘
832,13:52:41,10.64,0.01,1,1064,买盘
833,13:52:35,10.63,-0.01,183,194529,卖盘
834,13:52:32,10.64,--,8,8512,买盘
835,13:52:29,10.64,--,20,21280,买盘
836,13:52:26,10.64,-0.01,20,21280,中性盘
837,13:52:20,10.65,--,320,340800,买盘
838,13:52:08,10.65,0.02,30,31950,买盘
839,13:52:05,10.63,-0.02,16,17008,卖盘
840,13:52:02,10.65,0.02,14,14910,卖盘
841,13:51:53,10.63,-0.02,600,637800,卖盘
842,13:51:47,10.65,--,11,12226,卖盘
843,13:51:44,10.65,--,685,730419,买盘
844,13:51:41,10.65,0.01,5,5325,买盘
845,13:51:38,10.64,-0.01,153,162792,卖盘
846,13:51:34,10.65,0.01,100,106500,买盘
847,13:51:31,10.64,-0.01,6,6384,卖盘
848,13:51:25,10.65,--,4,4260,买盘
849,13:51:16,10.65,--,26,27690,买盘
850,13:51:13,10.65,0.01,8,8520,买盘
851,13:51:07,10.64,--,7,8426,卖盘
852,13:51:04,10.64,--,157,167048,卖盘
853,13:51:01,10.64,-0.01,1,1064,卖盘
854,13:50:58,10.65,0.01,60,64773,买盘
855,13:50:55,10.64,--,101,108017,卖盘
856,13:50:49,10.64,--,2,2128,卖盘
857,13:50:43,10.64,--,208,221312,买盘
858,13:50:40,10.64,--,68,72352,买盘
859,13:50:37,10.64,--,139,147896,买盘
860,13:50:31,10.64,0.01,10,10640,买盘
861,13:50:28,10.63,-0.01,57,60591,卖盘
862,13:50:13,10.64,--,3,3192,买盘
863,13:50:10,10.64,-0.01,658,700112,买盘
864,13:50:07,10.65,0.01,2059,2192835,买盘
865,13:50:04,10.64,--,72,76608,卖盘
866,13:50:01,10.64,--,89,94696,卖盘
867,13:49:55,10.64,--,358,380912,买盘
868,13:49:52,10.64,0.02,180,191520,买盘
869,13:49:49,10.62,-0.02,88,93456,卖盘
870,13:49:46,10.64,0.02,3,3192,买盘
871,13:49:43,10.62,--,76,80988,卖盘
872,13:49:40,10.62,-0.01,858,911705,卖盘
873,13:49:37,10.63,-0.01,1640,1743320,卖盘
874,13:49:34,10.64,--,9,9576,买盘
875,13:49:25,10.64,0.01,330,351120,买盘
876,13:49:22,10.63,--,40,42520,买盘
877,13:49:19,10.63,0.01,22,23386,买盘
878,13:49:16,10.62,--,100,106199,卖盘
879,13:49:13,10.62,-0.01,31,32922,卖盘
880,13:49:10,10.63,0.01,44,47452,买盘
881,13:49:04,10.62,-0.01,137,145494,卖盘
882,13:49:01,10.63,0.01,21,22323,买盘
883,13:48:55,10.62,--,33,35258,买盘
884,13:48:52,10.62,--,1138,1208556,买盘
885,13:48:49,10.62,--,265,281514,买盘
886,13:48:46,10.62,0.01,459,487457,买盘
887,13:48:43,10.61,--,22,23342,卖盘
888,13:48:40,10.61,-0.01,2101,2229161,卖盘
889,13:48:37,10.62,0.01,3,3185,买盘
890,13:48:34,10.61,--,203,215383,卖盘
891,13:48:31,10.61,--,13,13793,卖盘
892,13:48:25,10.61,--,230,244030,卖盘
893,13:48:22,10.61,-0.01,98,103978,卖盘
894,13:48:19,10.62,--,11,11682,买盘
895,13:48:16,10.62,--,1042,1106604,买盘
896,13:48:13,10.62,--,36,38232,买盘
897,13:48:10,10.62,--,2,2124,买盘
898,13:48:07,10.62,0.01,2356,2502072,买盘
899,13:48:01,10.61,--,49,51989,卖盘
900,13:47:55,10.61,--,113,119893,卖盘
901,13:47:52,10.61,--,17,18037,卖盘
902,13:47:49,10.61,--,130,137930,卖盘
903,13:47:46,10.61,-0.01,61,65336,卖盘
904,13:47:43,10.62,0.01,44,46728,买盘
905,13:47:40,10.61,-0.01,9,9718,卖盘
906,13:47:37,10.62,0.01,40,42480,买盘
907,13:47:34,10.61,-0.01,179,190746,卖盘
908,13:47:31,10.62,-0.01,50,53099,卖盘
909,13:47:28,10.63,0.01,138,146694,买盘
910,13:47:25,10.62,--,1153,1224995,卖盘
911,13:47:19,10.62,--,47,49913,卖盘
912,13:47:16,10.62,--,13,13805,卖盘
913,13:47:13,10.62,--,62,65844,卖盘
914,13:47:10,10.62,--,7,7433,卖盘
915,13:47:07,10.62,-0.01,22,23364,卖盘
916,13:47:04,10.63,--,10,10630,买盘
917,13:47:01,10.63,--,1,1063,买盘
918,13:46:58,10.63,--,1096,1165048,卖盘
919,13:46:55,10.63,-0.01,150,159450,卖盘
920,13:46:52,10.64,0.01,95,101080,买盘
921,13:46:46,10.63,--,27,28701,卖盘
922,13:46:43,10.63,--,26,27638,买盘
923,13:46:40,10.63,--,7,7441,买盘
924,13:46:37,10.63,0.01,78,82914,买盘
925,13:46:34,10.62,-0.02,45,48575,卖盘
926,13:46:28,10.64,0.01,5405,5750920,买盘
927,13:46:25,10.63,-0.01,19,20197,卖盘
928,13:46:22,10.64,0.01,29,30856,买盘
929,13:46:19,10.63,-0.01,4,4252,卖盘
930,13:46:16,10.64,--,30,31920,买盘
931,13:46:13,10.64,--,5,5320,买盘
932,13:46:10,10.64,0.01,58,61712,买盘
933,13:46:07,10.63,--,17,18071,卖盘
934,13:46:04,10.63,-0.01,1,1063,卖盘
935,13:46:01,10.64,--,23,24472,买盘
936,13:45:58,10.64,--,22,23535,卖盘
937,13:45:55,10.64,-0.01,5,5320,卖盘
938,13:45:52,10.65,0.01,939,1000035,买盘
939,13:45:43,10.64,--,1,1064,卖盘
940,13:45:37,10.64,--,79,84396,卖盘
941,13:45:34,10.64,--,175,186200,卖盘
942,13:45:31,10.64,--,6,6447,卖盘
943,13:45:25,10.64,-0.01,39,41496,卖盘
944,13:45:22,10.65,0.01,1,1065,买盘
945,13:45:19,10.64,-0.01,46,48944,卖盘
946,13:45:16,10.65,0.01,65,69225,买盘
947,13:45:13,10.64,-0.01,15,15960,卖盘
948,13:45:07,10.65,0.01,50,53250,买盘
949,13:45:04,10.64,-0.01,167,177688,卖盘
950,13:44:58,10.65,--,42,44730,买盘
951,13:44:55,10.65,--,16,17040,买盘
952,13:44:52,10.65,--,20,21300,买盘
953,13:44:46,10.65,--,8,8520,买盘
954,13:44:43,10.65,0.01,57,60705,买盘
955,13:44:40,10.64,-0.01,91,97419,卖盘
956,13:44:34,10.65,--,16,18062,卖盘
957,13:44:22,10.65,-0.01,30,31950,卖盘
958,13:44:19,10.66,0.01,5,5330,买盘
959,13:44:13,10.65,--,20,21300,卖盘
960,13:44:07,10.65,--,16,17040,卖盘
961,13:44:04,10.65,-0.01,140,149100,卖盘
962,13:44:01,10.66,0.01,4,4264,买盘
963,13:43:58,10.65,--,29,30885,卖盘
964,13:43:55,10.65,--,2,2130,卖盘
965,13:43:52,10.65,--,6,7348,卖盘
966,13:43:49,10.65,-0.01,28,29820,买盘
967,13:43:46,10.66,0.02,388,413608,买盘
968,13:43:43,10.64,-0.01,4,4256,卖盘
969,13:43:37,10.65,--,194,206610,买盘
970,13:43:34,10.65,0.01,10,10650,买盘
971,13:43:31,10.64,-0.01,90,95760,卖盘
972,13:43:28,10.65,0.01,100,106500,买盘
973,13:43:25,10.64,-0.01,63,67032,卖盘
974,13:43:22,10.65,--,100,106500,买盘
975,13:43:13,10.65,0.01,6,6390,买盘
976,13:43:04,10.64,-0.01,157,167048,卖盘
977,13:42:58,10.65,--,14,14910,买盘
978,13:42:55,10.65,--,119,126735,买盘
979,13:42:52,10.65,0.01,5,5325,买盘
980,13:42:49,10.64,--,77,82013,买盘
981,13:42:46,10.64,--,83,88312,买盘
982,13:42:40,10.64,--,183,194712,买盘
983,13:42:34,10.64,--,2094,2228016,买盘
984,13:42:31,10.64,--,142,151088,买盘
985,13:42:28,10.64,--,85,90440,买盘
986,13:42:25,10.64,-0.01,2013,2142810,卖盘
987,13:42:19,10.65,--,50,53250,买盘
988,13:42:16,10.65,--,1004,1069260,买盘
989,13:42:13,10.65,0.01,17,18105,买盘
990,13:42:04,10.64,-0.01,197,209608,卖盘
991,13:42:01,10.65,0.01,12,12780,买盘
992,13:41:58,10.64,--,7,7448,卖盘
993,13:41:52,10.64,--,1000,1064000,卖盘
994,13:41:49,10.64,--,9,9576,卖盘
995,13:41:43,10.64,--,0,234,卖盘
996,13:41:37,10.64,0.01,67,72203,买盘
997,13:41:34,10.63,-0.01,2010,2136630,卖盘
998,13:41:31,10.64,--,571,607544,买盘
999,13:41:28,10.64,0.01,193,205352,买盘
1000,13:41:25,10.63,-0.01,175,186025,卖盘
1001,13:41:19,10.64,--,138,146832,买盘
1002,13:41:16,10.64,--,745,792680,买盘
1003,13:41:13,10.64,--,75,79800,买盘
1004,13:41:10,10.64,--,88,93632,买盘
1005,13:41:07,10.64,--,289,307496,买盘
1006,13:41:04,10.64,--,35,37240,买盘
1007,13:40:58,10.64,--,253,269192,买盘
1008,13:40:55,10.64,--,64,68096,买盘
1009,13:40:52,10.64,--,144,153216,买盘
1010,13:40:49,10.64,0.01,105,111720,买盘
1011,13:40:46,10.63,-0.01,562,597406,卖盘
1012,13:40:43,10.64,--,39,41496,买盘
1013,13:40:40,10.64,--,3,3192,买盘
1014,13:40:37,10.64,0.01,10,10640,买盘
1015,13:40:34,10.63,--,255,271065,卖盘
1016,13:40:31,10.63,--,41,43583,卖盘
1017,13:40:25,10.63,-0.01,1,1063,卖盘
1018,13:40:22,10.64,--,645,686280,买盘
1019,13:40:16,10.64,0.01,12,12768,买盘
1020,13:40:13,10.63,-0.01,45,47835,卖盘
1021,13:40:10,10.64,0.01,80,85120,买盘
1022,13:40:07,10.63,--,179,190277,卖盘
1023,13:40:04,10.63,--,2099,2231237,卖盘
1024,13:39:58,10.63,-0.01,20,21260,卖盘
1025,13:39:55,10.64,--,10,10640,买盘
1026,13:39:52,10.64,--,27,28728,买盘
1027,13:39:49,10.64,--,57,60648,买盘
1028,13:39:43,10.64,-0.01,3832,4077396,卖盘
1029,13:39:37,10.65,--,1862,1983030,卖盘
1030,13:39:34,10.65,-0.01,156,166140,卖盘
1031,13:39:31,10.66,0.01,9,9594,买盘
1032,13:39:28,10.65,-0.01,56,59640,卖盘
1033,13:39:25,10.66,0.01,384,409344,买盘
1034,13:39:19,10.65,--,24,25560,卖盘
1035,13:39:10,10.65,--,21,22365,卖盘
1036,13:39:07,10.65,--,230,244950,卖盘
1037,13:39:04,10.65,-0.01,27,28755,卖盘
1038,13:39:01,10.66,0.01,300,319800,买盘
1039,13:38:58,10.65,--,9,9585,卖盘
1040,13:38:55,10.65,--,51,54315,卖盘
1041,13:38:52,10.65,-0.01,83,88395,卖盘
1042,13:38:49,10.66,0.01,99,105534,买盘
1043,13:38:43,10.65,--,10,10650,卖盘
1044,13:38:37,10.65,--,260,277752,卖盘
1045,13:38:34,10.65,-0.01,157,167205,卖盘
1046,13:38:31,10.66,--,105,111930,买盘
1047,13:38:25,10.66,--,52,55432,买盘
1048,13:38:22,10.66,0.01,51,54366,买盘
1049,13:38:19,10.65,--,600,639000,卖盘
1050,13:38:16,10.65,-0.01,52,55380,卖盘
1051,13:38:13,10.66,--,10,10660,买盘
1052,13:38:10,10.66,--,31,33046,买盘
1053,13:38:07,10.66,--,627,668382,卖盘
1054,13:38:04,10.66,-0.01,27,28782,卖盘
1055,13:37:58,10.67,0.01,5,5335,买盘
1056,13:37:52,10.66,--,5,5330,卖盘
1057,13:37:46,10.66,--,10,10660,卖盘
1058,13:37:43,10.66,--,5,5330,卖盘
1059,13:37:40,10.66,--,223,237718,买盘
1060,13:37:37,10.66,--,178,189748,买盘
1061,13:37:34,10.66,--,293,312338,买盘
1062,13:37:31,10.66,--,49,52234,买盘
1063,13:37:25,10.66,--,14,14924,买盘
1064,13:37:22,10.66,--,78,83148,买盘
1065,13:37:16,10.66,-0.01,440,469040,卖盘
1066,13:37:13,10.67,0.01,12,12804,买盘
1067,13:37:10,10.66,--,83,88478,卖盘
1068,13:37:07,10.66,0.01,10,10660,中性盘
1069,13:37:04,10.65,-0.01,167,177855,卖盘
1070,13:37:01,10.66,--,3,3198,卖盘
1071,13:36:58,10.66,0.01,118,125851,买盘
1072,13:36:55,10.65,-0.01,47,50055,卖盘
1073,13:36:52,10.66,-0.01,20,21320,卖盘
1074,13:36:49,10.67,0.01,26,27742,买盘
1075,13:36:46,10.66,--,25,26650,买盘
1076,13:36:43,10.66,--,73,77818,买盘
1077,13:36:40,10.66,0.01,215,229190,买盘
1078,13:36:37,10.65,-0.01,32,34080,卖盘
1079,13:36:34,10.66,--,24,25584,买盘
1080,13:36:31,10.66,--,82,87412,买盘
1081,13:36:28,10.66,--,6736,7180661,卖盘
1082,13:36:25,10.66,-0.01,200,213200,卖盘
1083,13:36:22,10.67,--,35,37345,买盘
1084,13:36:16,10.67,0.01,30,32330,买盘
1085,13:36:13,10.66,-0.01,202,215332,卖盘
1086,13:36:10,10.67,--,100,106700,买盘
1087,13:36:07,10.67,0.01,438,467986,买盘
1088,13:36:01,10.66,-0.01,21,22386,卖盘
1089,13:35:58,10.67,0.01,174,185658,买盘
1090,13:35:46,10.66,-0.01,551,587366,卖盘
1091,13:35:40,10.67,0.01,17,18139,买盘
1092,13:35:37,10.66,-0.01,67,71422,卖盘
1093,13:35:31,10.67,-0.01,7330,7821579,卖盘
1094,13:35:28,10.68,--,1,1068,卖盘
1095,13:35:25,10.68,--,6,6899,卖盘
1096,13:35:07,10.68,--,21,22428,卖盘
1097,13:35:04,10.68,-0.01,297,317196,卖盘
1098,13:34:55,10.69,--,9,9621,买盘
1099,13:34:52,10.69,0.01,14,14966,买盘
1100,13:34:49,10.68,-0.01,6,7369,卖盘
1101,13:34:37,10.69,0.01,9,9621,买盘
1102,13:34:34,10.68,-0.02,56,60790,卖盘
1103,13:34:28,10.7,0.01,90,96300,买盘
1104,13:34:25,10.69,--,54,57726,卖盘
1105,13:34:22,10.69,--,150,160350,卖盘
1106,13:34:19,10.69,--,54,57726,卖盘
1107,13:34:16,10.69,-0.01,160,171040,卖盘
1108,13:34:13,10.7,0.01,15,16049,买盘
1109,13:34:10,10.69,--,15,16035,卖盘
1110,13:34:07,10.69,--,157,167833,卖盘
1111,13:33:58,10.69,--,9,9621,卖盘
1112,13:33:55,10.69,--,55,58795,卖盘
1113,13:33:43,10.69,-0.01,10,10690,卖盘
1114,13:33:40,10.7,0.01,18,19260,买盘
1115,13:33:37,10.69,--,300,320700,卖盘
1116,13:33:34,10.69,--,157,167833,卖盘
1117,13:33:22,10.69,--,0,213,卖盘
1118,13:33:16,10.69,--,24,26211,卖盘
1119,13:33:13,10.69,--,33,35277,卖盘
1120,13:33:10,10.69,--,304,324976,卖盘
1121,13:32:49,10.69,--,8,9471,卖盘
1122,13:32:46,10.69,--,3,3207,卖盘
1123,13:32:43,10.69,-0.01,133,142711,卖盘
1124,13:32:37,10.7,0.01,65,69550,买盘
1125,13:32:34,10.69,--,192,205248,卖盘
1126,13:32:28,10.69,--,33,35277,卖盘
1127,13:32:25,10.69,0.01,654,699126,买盘
1128,13:32:22,10.68,-0.01,1,1068,卖盘
1129,13:32:19,10.69,--,845,903305,买盘
1130,13:32:07,10.69,0.01,160,171040,买盘
1131,13:31:57,10.68,-0.01,5,5382,卖盘
1132,13:31:54,10.69,0.01,103,110107,买盘
1133,13:31:51,10.68,--,18,19224,卖盘
1134,13:31:48,10.68,--,30,32040,卖盘
1135,13:31:36,10.68,--,314,335352,卖盘
1136,13:31:33,10.68,-0.01,165,176220,卖盘
1137,13:31:30,10.69,0.01,5,5345,买盘
1138,13:31:27,10.68,--,62,66216,卖盘
1139,13:31:24,10.68,--,27,29199,卖盘
1140,13:31:06,10.68,-0.01,160,171713,卖盘
1141,13:31:00,10.69,0.01,77,82313,买盘
1142,13:30:57,10.68,--,10,10680,卖盘
1143,13:30:42,10.68,--,12,13755,买盘
1144,13:30:39,10.68,--,20,21360,买盘
1145,13:30:36,10.68,--,226,241368,买盘
1146,13:30:27,10.68,--,30,32040,买盘
1147,13:30:24,10.68,--,111,119188,买盘
1148,13:30:21,10.68,--,501,535068,买盘
1149,13:30:18,10.68,--,9,9612,买盘
1150,13:30:12,10.68,-0.01,1651,1763396,卖盘
1151,13:30:09,10.69,0.01,50,53450,买盘
1152,13:30:03,10.68,--,167,178356,卖盘
1153,13:29:57,10.68,-0.01,22,23496,卖盘
1154,13:29:51,10.69,--,10,10690,买盘
1155,13:29:48,10.69,--,3,3207,买盘
1156,13:29:45,10.69,--,19,20311,买盘
1157,13:29:42,10.69,--,595,636055,买盘
1158,13:29:36,10.69,--,169,180661,买盘
1159,13:29:33,10.69,0.01,2,2138,买盘
1160,13:29:24,10.68,--,51,54468,卖盘
1161,13:29:21,10.68,-0.01,933,996999,卖盘
1162,13:29:12,10.69,0.01,20,21380,买盘
1163,13:29:03,10.68,-0.01,162,173357,卖盘
1164,13:29:00,10.69,0.01,53,56657,买盘
1165,13:28:57,10.68,--,161,171948,卖盘
1166,13:28:54,10.68,--,10,10680,卖盘
1167,13:28:51,10.68,--,64,68394,卖盘
1168,13:28:48,10.68,--,17,18156,卖盘
1169,13:28:45,10.68,--,737,787116,买盘
1170,13:28:42,10.68,--,20,21360,买盘
1171,13:28:39,10.68,--,140,149520,买盘
1172,13:28:36,10.68,0.01,155,165540,买盘
1173,13:28:33,10.67,-0.01,119,126973,卖盘
1174,13:28:30,10.68,-0.01,90,96120,卖盘
1175,13:28:27,10.69,0.01,1170,1250730,买盘
1176,13:28:24,10.68,--,23,24564,买盘
1177,13:28:21,10.68,--,4,4272,买盘
1178,13:28:18,10.68,--,50,53400,买盘
1179,13:28:15,10.68,--,200,213600,买盘
1180,13:28:06,10.68,--,24,26230,买盘
1181,13:28:03,10.68,--,222,237096,买盘
1182,13:28:00,10.68,--,2,2136,买盘
1183,13:27:57,10.68,0.01,35,37380,买盘
1184,13:27:54,10.67,-0.01,129,137643,卖盘
1185,13:27:48,10.68,--,9,9612,买盘
1186,13:27:45,10.68,--,781,834108,买盘
1187,13:27:39,10.68,-0.01,5271,5629769,卖盘
1188,13:27:36,10.69,0.01,145,155005,买盘
1189,13:27:33,10.68,--,17,18156,卖盘
1190,13:27:30,10.68,-0.01,12,12816,卖盘
1191,13:27:27,10.69,--,10,10690,买盘
1192,13:27:24,10.69,0.01,3,3207,买盘
1193,13:27:18,10.68,--,6,7262,卖盘
1194,13:27:15,10.68,-0.01,80,85440,卖盘
1195,13:27:09,10.69,0.01,12,12828,买盘
1196,13:27:06,10.68,--,166,177288,卖盘
1197,13:27:03,10.68,-0.01,10,10680,卖盘
1198,13:26:54,10.69,--,9,9621,买盘
1199,13:26:51,10.69,--,50,53450,买盘
1200,13:26:42,10.69,--,3,3207,买盘
1201,13:26:39,10.69,--,20,21380,买盘
1202,13:26:36,10.69,--,30,32070,买盘
1203,13:26:33,10.69,--,75,81201,卖盘
1204,13:26:24,10.69,--,23,25378,卖盘
1205,13:26:18,10.69,--,30,32070,卖盘
1206,13:26:15,10.69,--,502,536638,卖盘
1207,13:26:12,10.69,-0.01,7,7483,卖盘
1208,13:26:06,10.7,0.01,178,190460,买盘
1209,13:26:03,10.69,-0.01,6,7076,卖盘
1210,13:25:57,10.7,--,2,2140,买盘
1211,13:25:54,10.7,--,20,21400,买盘
1212,13:25:48,10.7,0.01,53,56709,买盘
1213,13:25:45,10.69,-0.01,305,326558,卖盘
1214,13:25:42,10.7,--,75,80250,买盘
1215,13:25:33,10.7,--,165,176550,买盘
1216,13:25:30,10.7,0.01,10,10700,买盘
1217,13:25:24,10.69,--,300,320700,卖盘
1218,13:25:15,10.69,-0.01,12,12828,卖盘
1219,13:25:12,10.7,--,5,5350,买盘
1220,13:25:06,10.7,0.01,140,149800,买盘
1221,13:25:03,10.69,-0.01,154,164626,卖盘
1222,13:25:00,10.7,--,36,38520,买盘
1223,13:24:51,10.7,--,11,11770,买盘
1224,13:24:45,10.7,--,53,56709,买盘
1225,13:24:36,10.7,--,485,519549,卖盘
1226,13:24:33,10.7,--,157,167990,卖盘
1227,13:24:27,10.7,--,20,21400,卖盘
1228,13:24:24,10.7,--,9,10571,卖盘
1229,13:24:18,10.7,-0.01,1,1070,卖盘
1230,13:24:06,10.71,0.01,150,160650,买盘
1231,13:24:03,10.7,--,17,18190,卖盘
1232,13:24:00,10.7,--,7,8089,卖盘
1233,13:23:57,10.7,--,42,44940,卖盘
1234,13:23:54,10.7,--,3,3210,卖盘
1235,13:23:51,10.7,0.01,99,105930,买盘
1236,13:23:42,10.69,-0.01,6,7290,卖盘
1237,13:23:36,10.7,--,69,73830,买盘
1238,13:23:33,10.7,0.01,9,9630,中性盘
1239,13:23:15,10.69,-0.01,214,228766,卖盘
1240,13:23:12,10.7,--,102,109546,买盘
1241,13:23:09,10.7,0.01,200,214000,买盘
1242,13:23:03,10.69,--,302,323351,卖盘
1243,13:23:00,10.69,-0.01,125,133924,卖盘
1244,13:22:54,10.7,0.01,3,3210,买盘
1245,13:22:51,10.69,-0.01,5,6285,卖盘
1246,13:22:42,10.7,--,10,10700,买盘
1247,13:22:39,10.7,--,2,2140,买盘
1248,13:22:36,10.7,--,26,27819,买盘
1249,13:22:33,10.7,--,85,91634,卖盘
1250,13:22:21,10.7,-0.01,50,53500,卖盘
1251,13:22:15,10.71,0.02,115,123550,买盘
1252,13:22:12,10.69,-0.01,56,60548,卖盘
1253,13:22:09,10.7,--,40,42800,卖盘
1254,13:22:06,10.7,--,176,188705,买盘
1255,13:22:03,10.7,--,222,238224,卖盘
1256,13:21:54,10.7,-0.01,151,161570,卖盘
1257,13:21:51,10.71,0.01,59,63189,买盘
1258,13:21:48,10.7,--,3,3210,卖盘
1259,13:21:45,10.7,--,81,86670,卖盘
1260,13:21:42,10.7,-0.01,1,1070,卖盘
1261,13:21:36,10.71,0.01,156,167333,买盘
1262,13:21:33,10.7,--,47,50290,卖盘
1263,13:21:27,10.7,-0.01,5,5350,卖盘
1264,13:21:18,10.71,--,17,18207,买盘
1265,13:21:03,10.71,0.01,167,178857,买盘
1266,13:21:00,10.7,-0.01,43,46010,卖盘
1267,13:20:54,10.71,--,200,214200,买盘
1268,13:20:51,10.71,0.02,187,200405,买盘
1269,13:20:42,10.69,-0.01,20,21380,卖盘
1270,13:20:36,10.7,0.01,161,172441,买盘
1271,13:20:33,10.69,-0.01,16,17104,卖盘
1272,13:20:21,10.7,0.01,160,171200,买盘
1273,13:20:18,10.69,--,209,224276,卖盘
1274,13:20:15,10.69,-0.01,5,5345,卖盘
1275,13:20:12,10.7,0.01,2,2140,买盘
1276,13:20:09,10.69,-0.01,255,272595,卖盘
1277,13:20:03,10.7,0.01,100,107000,买盘
1278,13:19:57,10.69,--,14,14966,卖盘
1279,13:19:45,10.69,--,25,27216,卖盘
1280,13:19:39,10.69,--,10,10690,卖盘
1281,13:19:36,10.69,--,11,11759,卖盘
1282,13:19:33,10.69,--,166,177454,卖盘
1283,13:19:30,10.69,-0.01,5,6307,卖盘
1284,13:19:27,10.7,0.01,65,69550,买盘
1285,13:19:21,10.69,-0.01,49,53129,卖盘
1286,13:19:18,10.7,0.01,53,56709,买盘
1287,13:19:06,10.69,--,163,174952,卖盘
1288,13:18:54,10.69,-0.01,1,1069,卖盘
1289,13:18:51,10.7,--,17,18190,买盘
1290,13:18:45,10.7,0.01,38,40660,买盘
1291,13:18:39,10.69,--,91,97279,卖盘
1292,13:18:36,10.69,--,206,220214,卖盘
1293,13:18:30,10.69,--,42,44898,卖盘
1294,13:18:27,10.69,--,10,10690,卖盘
1295,13:18:18,10.69,--,20,21380,卖盘
1296,13:18:12,10.69,--,2,2138,卖盘
1297,13:18:09,10.69,--,5,5345,卖盘
1298,13:18:06,10.69,--,140,149660,卖盘
1299,13:18:03,10.69,--,81,87315,买盘
1300,13:17:54,10.69,--,38,40964,卖盘
1301,13:17:48,10.69,--,7,7483,卖盘
1302,13:17:45,10.69,--,4,4276,卖盘
1303,13:17:33,10.69,--,156,166764,卖盘
1304,13:17:27,10.69,--,76,81244,卖盘
1305,13:17:21,10.69,--,5,5729,卖盘
1306,13:17:18,10.69,--,56,59885,卖盘
1307,13:17:12,10.69,0.01,110,117910,买盘
1308,13:17:06,10.68,--,290,309720,卖盘
1309,13:17:03,10.68,-0.01,48,51264,卖盘
1310,13:17:00,10.69,--,22,23518,买盘
1311,13:16:57,10.69,0.01,37,39553,买盘
1312,13:16:54,10.68,-0.01,126,134568,卖盘
1313,13:16:51,10.69,0.01,18,19242,买盘
1314,13:16:48,10.68,--,40,42720,卖盘
1315,13:16:45,10.68,--,16,18049,卖盘
1316,13:16:42,10.68,-0.01,75,80100,卖盘
1317,13:16:36,10.69,0.01,176,188635,买盘
1318,13:16:33,10.68,--,1,1068,卖盘
1319,13:16:24,10.68,--,1,1068,卖盘
1320,13:16:21,10.68,--,8,9163,卖盘
1321,13:16:15,10.68,-0.01,147,156996,卖盘
1322,13:16:12,10.69,--,228,243732,买盘
1323,13:16:09,10.69,--,2,2138,买盘
1324,13:16:06,10.69,0.01,207,221283,买盘
1325,13:16:03,10.68,-0.01,16,17088,卖盘
1326,13:15:57,10.69,0.01,13,13897,买盘
1327,13:15:48,10.68,-0.01,39,41652,卖盘
1328,13:15:45,10.69,--,70,74830,买盘
1329,13:15:42,10.69,0.01,92,98348,买盘
1330,13:15:36,10.68,-0.01,157,167676,卖盘
1331,13:15:33,10.69,--,37,39553,买盘
1332,13:15:27,10.69,--,98,104762,买盘
1333,13:15:18,10.69,--,59,63071,买盘
1334,13:15:15,10.69,--,16,17104,买盘
1335,13:15:12,10.69,0.01,7,7483,买盘
1336,13:15:09,10.68,--,4,5190,卖盘
1337,13:15:06,10.68,-0.01,6,6963,卖盘
1338,13:15:03,10.69,0.01,307,328183,买盘
1339,13:15:00,10.68,--,69,73692,卖盘
1340,13:14:54,10.68,--,30,32040,卖盘
1341,13:14:45,10.68,-0.01,24,26571,卖盘
1342,13:14:39,10.69,0.01,100,106900,买盘
1343,13:14:36,10.68,-0.01,16,17088,卖盘
1344,13:14:33,10.69,--,99,105831,买盘
1345,13:14:30,10.69,-0.01,469,502087,卖盘
1346,13:14:27,10.7,-0.01,27,29424,卖盘
1347,13:14:24,10.71,0.01,53,56763,买盘
1348,13:14:18,10.7,--,2,2140,卖盘
1349,13:14:15,10.7,--,451,482569,卖盘
1350,13:14:03,10.7,--,167,178690,卖盘
1351,13:13:57,10.7,--,169,180830,买盘
1352,13:13:48,10.7,0.01,16,17120,买盘
1353,13:13:45,10.69,-0.01,9,9621,卖盘
1354,13:13:36,10.7,0.01,149,159430,买盘
1355,13:13:33,10.69,-0.01,36,38484,卖盘
1356,13:13:27,10.7,0.01,27,28889,买盘
1357,13:13:20,10.69,-0.01,20,21380,卖盘
1358,13:13:17,10.7,--,93,99510,卖盘
1359,13:13:11,10.7,0.01,226,241819,买盘
1360,13:13:08,10.69,--,6,7290,卖盘
1361,13:13:05,10.69,-0.01,177,189213,卖盘
1362,13:13:02,10.7,--,63,67410,买盘
1363,13:12:44,10.7,0.01,94,101136,买盘
1364,13:12:41,10.69,--,10,10690,卖盘
1365,13:12:38,10.69,--,4,4810,卖盘
1366,13:12:35,10.69,--,139,148591,卖盘
1367,13:12:32,10.69,-0.01,1,1069,卖盘
1368,13:12:29,10.7,0.01,555,593850,买盘
1369,13:12:11,10.69,0.01,19,20311,卖盘
1370,13:12:08,10.68,--,6,7326,卖盘
1371,13:12:05,10.68,-0.02,431,460308,卖盘
1372,13:12:02,10.7,0.01,11,11770,买盘
1373,13:11:59,10.69,--,23,24587,买盘
1374,13:11:56,10.69,--,174,187032,买盘
1375,13:11:53,10.69,0.01,1,1069,买盘
1376,13:11:44,10.68,-0.01,20,21360,卖盘
1377,13:11:41,10.69,0.01,194,208390,买盘
1378,13:11:38,10.68,-0.01,157,168103,卖盘
1379,13:11:35,10.69,--,20,21380,买盘
1380,13:11:32,10.69,-0.01,330,353218,卖盘
1381,13:11:29,10.7,0.01,190,203300,买盘
1382,13:11:26,10.69,--,161,173135,卖盘
1383,13:11:20,10.69,--,83,89261,卖盘
1384,13:11:17,10.69,--,171,182799,卖盘
1385,13:11:14,10.69,--,24,26639,卖盘
1386,13:11:05,10.69,-0.01,140,149660,卖盘
1387,13:11:02,10.7,0.01,10,10700,买盘
1388,13:10:53,10.69,--,151,162423,卖盘
1389,13:10:47,10.69,--,30,32070,卖盘
1390,13:10:44,10.69,-0.01,30,32070,卖盘
1391,13:10:41,10.7,0.01,1,1070,买盘
1392,13:10:38,10.69,-0.01,25,26725,卖盘
1393,13:10:32,10.7,0.01,149,159430,买盘
1394,13:10:29,10.69,-0.01,171,183825,卖盘
1395,13:10:26,10.7,0.01,10,10700,买盘
1396,13:10:20,10.69,-0.01,161,173135,卖盘
1397,13:10:14,10.7,0.01,53,56709,买盘
1398,13:10:11,10.69,--,43,45967,卖盘
1399,13:10:08,10.69,--,172,184252,卖盘
1400,13:09:53,10.69,--,15,16035,卖盘
1401,13:09:50,10.69,--,10,10690,卖盘
1402,13:09:47,10.69,-0.01,7,7483,卖盘
1403,13:09:44,10.7,0.01,31,33170,买盘
1404,13:09:35,10.69,--,242,258698,卖盘
1405,13:09:32,10.69,--,20,21380,卖盘
1406,13:09:29,10.69,--,41,44641,卖盘
1407,13:09:17,10.69,--,257,274733,卖盘
1408,13:09:14,10.69,-0.01,11,12143,卖盘
1409,13:09:08,10.7,0.01,32,34240,买盘
1410,13:09:05,10.69,-0.01,16,17104,卖盘
1411,13:09:02,10.7,--,419,448886,卖盘
1412,13:08:56,10.7,--,2,2140,卖盘
1413,13:08:53,10.7,--,30,32099,卖盘
1414,13:08:50,10.7,--,100,107000,卖盘
1415,13:08:47,10.7,--,10,10700,卖盘
1416,13:08:41,10.7,-0.01,1,1070,卖盘
1417,13:08:38,10.71,0.01,1,1071,买盘
1418,13:08:35,10.7,-0.01,141,150870,卖盘
1419,13:08:32,10.71,0.01,56,59976,买盘
1420,13:08:26,10.7,--,4,5136,卖盘
1421,13:08:23,10.7,-0.01,6,7019,卖盘
1422,13:08:20,10.71,0.01,2,2142,买盘
1423,13:08:08,10.7,-0.01,3,3210,卖盘
1424,13:08:05,10.71,0.01,85,91035,买盘
1425,13:08:02,10.7,--,160,171200,卖盘
1426,13:07:56,10.7,--,253,271737,卖盘
1427,13:07:53,10.7,-0.01,170,182927,卖盘
1428,13:07:50,10.71,0.01,10,10710,买盘
1429,13:07:47,10.7,--,18,19260,卖盘
1430,13:07:41,10.7,-0.01,95,101650,卖盘
1431,13:07:38,10.71,--,57,61047,卖盘
1432,13:07:35,10.71,0.01,276,295596,买盘
1433,13:07:32,10.7,--,48,51360,卖盘
1434,13:07:26,10.7,-0.01,31,33170,卖盘
1435,13:07:23,10.71,0.01,48,51922,买盘
1436,13:07:20,10.7,--,19,20330,卖盘
1437,13:07:14,10.7,-0.01,172,185067,卖盘
1438,13:07:11,10.71,0.01,11,11781,买盘
1439,13:07:08,10.7,--,6,7361,卖盘
1440,13:07:02,10.7,-0.01,261,279270,卖盘
1441,13:06:59,10.71,0.01,232,249478,买盘
1442,13:06:56,10.7,-0.01,19,20330,卖盘
1443,13:06:53,10.71,0.01,2,2142,买盘
1444,13:06:50,10.7,--,151,162575,卖盘
1445,13:06:44,10.7,--,4,4922,卖盘
1446,13:06:41,10.7,-0.01,101,108369,卖盘
1447,13:06:38,10.71,0.01,31,33201,买盘
1448,13:06:35,10.7,-0.02,101,108412,卖盘
1449,13:06:32,10.72,0.01,408,437376,买盘
1450,13:06:26,10.71,-0.01,6,7389,卖盘
1451,13:06:23,10.72,0.01,63,68372,买盘
1452,13:06:17,10.71,--,2,2142,卖盘
1453,13:06:14,10.71,--,247,265179,买盘
1454,13:06:05,10.71,--,149,159579,买盘
1455,13:06:02,10.71,--,5,5355,买盘
1456,13:05:50,10.71,-0.01,53,56763,卖盘
1457,13:05:44,10.72,--,124,133442,卖盘
1458,13:05:41,10.72,0.02,483,518333,买盘
1459,13:05:38,10.7,--,111,119112,卖盘
1460,13:05:35,10.7,--,4,5221,卖盘
1461,13:05:32,10.7,-0.01,140,149800,卖盘
1462,13:05:26,10.71,--,66,71285,卖盘
1463,13:05:23,10.71,-0.01,5,5355,卖盘
1464,13:05:17,10.72,0.01,725,777671,买盘
1465,13:05:11,10.71,--,21,22491,卖盘
1466,13:05:08,10.71,0.01,32,35064,买盘
1467,13:05:05,10.7,-0.01,148,159023,卖盘
1468,13:05:02,10.71,--,7,7497,买盘
1469,13:04:53,10.71,--,48,51408,卖盘
1470,13:04:41,10.71,0.01,618,661878,买盘
1471,13:04:38,10.7,-0.01,4,4986,卖盘
1472,13:04:35,10.71,0.01,26,27846,买盘
1473,13:04:32,10.7,-0.01,140,149800,卖盘
1474,13:04:26,10.71,0.01,3,3213,买盘
1475,13:04:05,10.7,--,160,171200,卖盘
1476,13:03:59,10.7,-0.01,6,7190,卖盘
1477,13:03:56,10.71,0.01,2,2142,买盘
1478,13:03:44,10.7,--,106,113419,卖盘
1479,13:03:32,10.7,--,281,300670,卖盘
1480,13:03:20,10.7,--,5,5414,卖盘
1481,13:03:14,10.7,-0.01,19,20330,卖盘
1482,13:03:05,10.71,0.01,10,10710,买盘
1483,13:03:02,10.7,--,6,6762,卖盘
1484,13:02:56,10.7,--,10,10700,卖盘
1485,13:02:44,10.7,--,53,56709,卖盘
1486,13:02:35,10.7,-0.02,140,149800,卖盘
1487,13:02:32,10.72,0.02,50,53600,买盘
1488,13:02:26,10.7,-0.02,38,40660,卖盘
1489,13:02:17,10.72,--,31,33232,买盘
1490,13:02:14,10.72,0.02,43,46096,买盘
1491,13:02:11,10.7,--,36,38520,卖盘
1492,13:02:08,10.7,--,35,37450,卖盘
1493,13:02:05,10.7,-0.02,264,282480,卖盘
1494,13:02:02,10.72,--,2,2144,买盘
1495,13:01:56,10.72,0.02,25,26800,买盘
1496,13:01:53,10.7,--,19,20330,卖盘
1497,13:01:50,10.7,--,33,36037,卖盘
1498,13:01:41,10.7,--,6,7147,卖盘
1499,13:01:38,10.7,--,249,266430,卖盘
1500,13:01:29,10.7,--,254,271780,卖盘
1501,13:01:26,10.7,--,5,5992,卖盘
1502,13:01:05,10.7,--,25,26750,卖盘
1503,13:01:02,10.7,-0.01,177,189390,卖盘
1504,13:00:56,10.71,0.01,27,28917,买盘
1505,13:00:53,10.7,-0.01,21,22470,卖盘
1506,13:00:50,10.71,--,50,53550,买盘
1507,13:00:47,10.71,0.01,47,50337,买盘
1508,13:00:32,10.7,-0.02,39,42543,卖盘
1509,13:00:29,10.72,--,11,11792,买盘
1510,13:00:26,10.72,--,30,32160,买盘
1511,13:00:23,10.72,0.01,211,226192,买盘
1512,13:00:17,10.71,-0.01,105,112455,卖盘
1513,13:00:14,10.72,0.02,77,82544,买盘
1514,13:00:11,10.7,-0.01,206,220419,卖盘
1515,13:00:08,10.71,--,793,850031,卖盘
1516,13:00:02,10.71,--,1446,1549115,卖盘
1517,11:29:48,10.71,-0.01,10,10710,卖盘
1518,11:29:45,10.72,0.01,7,7504,买盘
1519,11:29:42,10.71,-0.01,25,26775,卖盘
1520,11:29:36,10.72,0.01,10,10720,买盘
1521,11:29:30,10.71,-0.01,4,5097,卖盘
1522,11:29:24,10.72,--,22,23584,买盘
1523,11:29:15,10.72,--,29,31088,买盘
1524,11:29:12,10.72,--,10,10720,买盘
1525,11:29:06,10.72,--,30,32160,买盘
1526,11:28:57,10.72,--,35,38184,买盘
1527,11:28:54,10.72,0.01,31,33232,买盘
1528,11:28:48,10.71,--,10,10710,中性盘
1529,11:28:42,10.71,-0.01,40,42840,卖盘
1530,11:28:39,10.72,--,60,64320,买盘
1531,11:28:33,10.72,0.01,10,10720,买盘
1532,11:28:27,10.71,--,2,2142,买盘
1533,11:28:24,10.71,--,26,27846,买盘
1534,11:28:21,10.71,--,54,57834,买盘
1535,11:28:15,10.71,--,31,33201,买盘
1536,11:28:06,10.71,--,89,95319,买盘
1537,11:28:03,10.71,--,60,64260,买盘
1538,11:27:54,10.71,--,34,36414,买盘
1539,11:27:51,10.71,--,2,2142,买盘
1540,11:27:48,10.71,0.01,29,31059,买盘
1541,11:27:39,10.7,-0.01,6,6954,卖盘
1542,11:27:36,10.71,--,34,36414,买盘
1543,11:27:30,10.71,--,201,215506,卖盘
1544,11:27:27,10.71,-0.01,20,21420,卖盘
1545,11:27:21,10.72,0.01,18,19296,买盘
1546,11:27:15,10.71,-0.01,87,93177,卖盘
1547,11:27:09,10.72,--,32,34304,买盘
1548,11:27:06,10.72,0.01,68,72896,买盘
1549,11:27:00,10.71,--,6,7368,卖盘
1550,11:26:57,10.71,--,20,21420,卖盘
1551,11:26:48,10.71,--,50,53550,卖盘
1552,11:26:45,10.71,--,151,161721,卖盘
1553,11:26:39,10.71,--,100,107100,卖盘
1554,11:26:36,10.71,--,10,10710,卖盘
1555,11:26:33,10.71,--,15,16150,卖盘
1556,11:26:21,10.71,-0.01,100,107100,卖盘
1557,11:26:12,10.72,0.01,20,21440,买盘
1558,11:26:06,10.71,--,4,4284,卖盘
1559,11:26:00,10.71,-0.01,170,182070,卖盘
1560,11:25:51,10.72,--,30,32160,买盘
1561,11:25:45,10.72,0.01,124,132928,买盘
1562,11:25:42,10.71,--,26,28145,卖盘
1563,11:25:39,10.71,-0.01,16,17136,卖盘
1564,11:25:36,10.72,0.01,10,10720,买盘
1565,11:25:33,10.71,-0.01,10,10710,卖盘
1566,11:25:27,10.72,--,98,105056,买盘
1567,11:25:21,10.72,--,3,3216,买盘
1568,11:25:12,10.72,0.01,47,50384,买盘
1569,11:25:09,10.71,-0.01,5,5933,卖盘
1570,11:25:03,10.72,--,34,37305,卖盘
1571,11:24:57,10.72,-0.01,50,53600,卖盘
1572,11:24:51,10.73,0.01,7,7511,买盘
1573,11:24:48,10.72,--,72,77398,买盘
1574,11:24:45,10.72,--,4,4288,买盘
1575,11:24:36,10.72,--,37,40328,卖盘
1576,11:24:33,10.72,--,347,371984,卖盘
1577,11:24:30,10.72,--,60,64320,卖盘
1578,11:24:27,10.72,--,20,21440,卖盘
1579,11:24:24,10.72,--,20,21440,卖盘
1580,11:24:21,10.72,--,20,21440,卖盘
1581,11:24:18,10.72,-0.01,100,107200,卖盘
1582,11:24:12,10.73,0.01,13,14506,买盘
1583,11:24:09,10.72,-0.01,6,6432,卖盘
1584,11:24:06,10.73,--,64,68672,买盘
1585,11:24:03,10.73,0.01,113,121249,买盘
1586,11:23:57,10.72,--,303,324816,卖盘
1587,11:23:54,10.72,-0.01,166,177952,卖盘
1588,11:23:51,10.73,--,87,93351,买盘
1589,11:23:45,10.73,0.01,12,12876,买盘
1590,11:23:42,10.72,--,66,70752,卖盘
1591,11:23:36,10.72,--,6,7353,卖盘
1592,11:23:33,10.72,--,6,6432,卖盘
1593,11:23:27,10.72,-0.01,124,132928,卖盘
1594,11:23:24,10.73,0.01,110,118030,买盘
1595,11:23:15,10.72,-0.01,45,48240,买盘
1596,11:23:12,10.73,0.01,27,28971,买盘
1597,11:23:06,10.72,--,24,26564,卖盘
1598,11:23:00,10.72,0.01,893,957531,买盘
1599,11:22:57,10.71,-0.01,4,4284,卖盘
1600,11:22:51,10.72,0.01,2,2144,买盘
1601,11:22:45,10.71,-0.01,90,96390,卖盘
1602,11:22:39,10.72,--,19,20368,买盘
1603,11:22:36,10.72,--,104,112324,买盘
1604,11:22:33,10.72,--,11,11792,买盘
1605,11:22:24,10.72,--,64,68608,买盘
1606,11:22:21,10.72,--,10,10720,买盘
1607,11:22:18,10.72,--,60,64320,买盘
1608,11:22:12,10.72,0.01,6,6432,买盘
1609,11:22:09,10.71,--,100,107142,卖盘
1610,11:22:06,10.71,-0.01,9,9639,卖盘
1611,11:22:00,10.72,0.01,46,49312,买盘
1612,11:21:57,10.71,-0.01,72,77112,卖盘
1613,11:21:51,10.72,0.01,50,53600,买盘
1614,11:21:48,10.71,--,85,91035,卖盘
1615,11:21:39,10.71,--,6,7068,卖盘
1616,11:21:27,10.71,--,69,73899,卖盘
1617,11:21:21,10.71,-0.01,7,7497,卖盘
1618,11:21:18,10.72,0.01,10,10720,买盘
1619,11:21:15,10.71,--,6,6426,卖盘
1620,11:21:12,10.71,--,557,596547,买盘
1621,11:21:09,10.71,--,555,594405,卖盘
1622,11:21:06,10.71,--,1,1071,卖盘
1623,11:21:03,10.71,--,4,4284,卖盘
1624,11:21:00,10.71,0.01,387,414477,买盘
1625,11:20:57,10.7,-0.01,5,5564,卖盘
1626,11:20:54,10.71,--,60,64260,买盘
1627,11:20:48,10.71,--,36,38556,买盘
1628,11:20:45,10.71,0.01,1,1071,买盘
1629,11:20:36,10.7,--,36,38520,卖盘
1630,11:20:30,10.7,-0.01,6,6591,卖盘
1631,11:20:24,10.71,--,2,2142,买盘
1632,11:20:18,10.71,0.01,30,32130,买盘
1633,11:20:12,10.7,--,4,5307,卖盘
1634,11:20:09,10.7,--,75,80250,卖盘
1635,11:20:00,10.7,--,28,29959,卖盘
1636,11:19:57,10.7,--,6,6420,卖盘
1637,11:19:42,10.7,-0.01,35,38434,卖盘
1638,11:19:39,10.71,--,56,59976,买盘
1639,11:19:36,10.71,0.01,16,17564,买盘
1640,11:19:30,10.7,--,1,1070,卖盘
1641,11:19:27,10.7,--,426,456740,买盘
1642,11:19:21,10.7,-0.01,773,827259,卖盘
1643,11:19:02,10.71,--,26,27846,买盘
1644,11:18:53,10.71,--,50,53550,买盘
1645,11:18:50,10.71,0.01,109,117788,买盘
1646,11:18:47,10.7,--,4,4280,卖盘
1647,11:18:41,10.7,--,6,6848,卖盘
1648,11:18:32,10.7,--,16,17120,卖盘
1649,11:18:29,10.7,--,50,53500,卖盘
1650,11:18:17,10.7,--,261,279783,买盘
1651,11:18:08,10.7,0.01,97,103790,买盘
1652,11:18:05,10.69,-0.01,25,26725,卖盘
1653,11:18:02,10.7,0.01,14,14979,买盘
1654,11:17:59,10.69,-0.01,35,37415,卖盘
1655,11:17:56,10.7,0.01,419,448329,买盘
1656,11:17:50,10.69,--,84,89796,卖盘
1657,11:17:44,10.69,-0.01,6,7055,卖盘
1658,11:17:41,10.7,0.01,44,47080,买盘
1659,11:17:38,10.69,-0.01,4,4276,卖盘
1660,11:17:26,10.7,--,100,107834,买盘
1661,11:17:20,10.7,0.01,71,75970,买盘
1662,11:17:14,10.69,-0.01,2,2138,卖盘
1663,11:17:05,10.7,--,35,37450,买盘
1664,11:17:02,10.7,--,42,44940,买盘
1665,11:16:59,10.7,--,127,135890,买盘
1666,11:16:56,10.7,--,500,535000,买盘
1667,11:16:44,10.7,--,200,214000,买盘
1668,11:16:38,10.7,--,49,52430,买盘
1669,11:16:35,10.7,--,14,14979,买盘
1670,11:16:29,10.7,--,3,3210,买盘
1671,11:16:26,10.7,--,60,64199,买盘
1672,11:16:23,10.7,0.01,1,1070,买盘
1673,11:16:17,10.69,-0.01,47,50243,卖盘
1674,11:16:11,10.7,0.01,10,10700,买盘
1675,11:16:08,10.69,-0.01,4,5173,卖盘
1676,11:16:05,10.7,--,20,21400,买盘
1677,11:15:56,10.7,--,139,148730,买盘
1678,11:15:44,10.7,--,66,70620,买盘
1679,11:15:23,10.7,0.01,16,17676,买盘
1680,11:15:14,10.69,--,63,67347,卖盘
1681,11:15:11,10.69,--,2,2138,卖盘
1682,11:15:08,10.69,--,50,53450,卖盘
1683,11:15:05,10.69,--,75,80175,卖盘
1684,11:15:02,10.69,--,6,6905,卖盘
1685,11:14:50,10.69,-0.01,5,5345,卖盘
1686,11:14:47,10.7,0.01,20,21400,买盘
1687,11:14:38,10.69,-0.01,20,22342,卖盘
1688,11:14:35,10.7,0.01,4,4280,买盘
1689,11:14:29,10.69,--,20,21380,卖盘
1690,11:14:26,10.69,-0.01,12,12828,卖盘
1691,11:14:14,10.7,--,474,507190,买盘
1692,11:14:11,10.7,--,85,90950,买盘
1693,11:14:08,10.7,--,30,32099,买盘
1694,11:13:59,10.7,0.01,10,10700,买盘
1695,11:13:56,10.69,--,7,7483,卖盘
1696,11:13:50,10.69,--,1,1069,卖盘
1697,11:13:47,10.69,-0.01,1,1069,卖盘
1698,11:13:38,10.7,--,116,124119,买盘
1699,11:13:35,10.7,0.01,10,10700,买盘
1700,11:13:32,10.69,-0.01,4,5067,卖盘
1701,11:13:23,10.7,0.01,24,25680,买盘
1702,11:13:20,10.69,--,3,3207,卖盘
1703,11:13:17,10.69,-0.01,50,53450,卖盘
1704,11:13:11,10.7,0.01,17,18190,买盘
1705,11:13:08,10.69,--,64,68416,卖盘
1706,11:12:47,10.69,-0.01,9,10294,卖盘
1707,11:12:44,10.7,--,80,85600,买盘
1708,11:12:41,10.7,0.01,4,4280,买盘
1709,11:12:35,10.69,--,65,69485,卖盘
1710,11:12:29,10.69,--,4,4276,卖盘
1711,11:12:26,10.69,--,14,14966,卖盘
1712,11:12:23,10.69,--,30,32070,卖盘
1713,11:12:14,10.69,--,10,10690,卖盘
1714,11:12:05,10.69,--,13,14955,卖盘
1715,11:11:56,10.69,--,6,6820,卖盘
1716,11:11:50,10.69,--,5,5345,卖盘
1717,11:11:44,10.69,--,91,97279,买盘
1718,11:11:41,10.69,--,26,27794,买盘
1719,11:11:38,10.69,0.01,200,213800,买盘
1720,11:11:14,10.68,--,1,1068,卖盘
1721,11:11:08,10.68,-0.01,6,6408,卖盘
1722,11:10:59,10.69,--,2,2138,买盘
1723,11:10:53,10.69,--,24,25656,卖盘
1724,11:10:50,10.69,0.01,86,91934,买盘
1725,11:10:44,10.68,-0.01,53,57351,卖盘
1726,11:10:41,10.69,--,3,3207,买盘
1727,11:10:35,10.69,--,15,16035,买盘
1728,11:10:32,10.69,0.01,42,44898,买盘
1729,11:10:29,10.68,-0.01,61,65148,卖盘
1730,11:10:26,10.69,--,15,16751,买盘
1731,11:10:23,10.69,--,216,230904,买盘
1732,11:10:20,10.69,--,50,53450,买盘
1733,11:10:14,10.69,0.01,17,18173,买盘
1734,11:09:53,10.68,--,12,13488,卖盘
1735,11:09:50,10.68,--,45,48060,卖盘
1736,11:09:35,10.68,-0.01,1,1068,卖盘
1737,11:09:32,10.69,0.01,20,22171,买盘
1738,11:09:23,10.68,--,10,10680,卖盘
1739,11:09:20,10.68,--,20,21360,卖盘
1740,11:09:14,10.68,-0.01,53,56604,卖盘
1741,11:09:08,10.69,--,960,1026240,买盘
1742,11:09:05,10.69,0.01,15,16847,买盘
1743,11:08:53,10.68,-0.01,30,32040,卖盘
1744,11:08:50,10.69,0.01,31,33139,买盘
1745,11:08:47,10.68,-0.01,5,5340,卖盘
1746,11:08:35,10.69,--,12,12828,买盘
1747,11:08:29,10.69,0.01,15,16035,买盘
1748,11:08:17,10.68,-0.01,120,129206,卖盘
1749,11:08:11,10.69,0.01,97,103693,买盘
1750,11:08:05,10.68,-0.01,89,95052,卖盘
1751,11:08:02,10.69,0.01,367,392323,买盘
1752,11:07:59,10.68,--,6,7059,卖盘
1753,11:07:56,10.68,--,41,43788,卖盘
1754,11:07:50,10.68,--,14,15496,卖盘
1755,11:07:41,10.68,-0.01,9,9612,卖盘
1756,11:07:38,10.69,--,75,80175,买盘
1757,11:07:35,10.69,--,38,40622,买盘
1758,11:07:32,10.69,--,21,22449,买盘
1759,11:07:20,10.69,--,9,9621,买盘
1760,11:07:14,10.69,--,1,1069,买盘
1761,11:07:11,10.69,--,35,37415,买盘
1762,11:07:02,10.69,0.01,1,1069,买盘
1763,11:06:59,10.68,-0.01,136,145547,卖盘
1764,11:06:47,10.69,--,5,5345,买盘
1765,11:06:44,10.69,--,50,53450,买盘
1766,11:06:35,10.69,--,2,2138,买盘
1767,11:06:23,10.69,--,91,97279,买盘
1768,11:06:20,10.69,--,24,25656,买盘
1769,11:06:17,10.69,--,40,42760,买盘
1770,11:06:08,10.69,--,5,5345,买盘
1771,11:06:05,10.69,0.01,9,9621,买盘
1772,11:06:02,10.68,--,256,273408,卖盘
1773,11:05:59,10.68,--,328,350304,卖盘
1774,11:05:56,10.68,--,35,37380,卖盘
1775,11:05:53,10.68,--,211,225348,卖盘
1776,11:05:44,10.68,-0.01,1,1068,卖盘
1777,11:05:41,10.69,0.01,19,20311,买盘
1778,11:05:29,10.68,-0.01,556,593808,卖盘
1779,11:05:23,10.69,0.01,17,18173,买盘
1780,11:05:20,10.68,--,71,76362,卖盘
1781,11:05:17,10.68,-0.01,395,421860,卖盘
1782,11:05:05,10.69,0.01,10,10690,买盘
1783,11:04:59,10.68,--,13,13884,卖盘
1784,11:04:56,10.68,--,2,2136,卖盘
1785,11:04:44,10.68,--,42,44856,卖盘
1786,11:04:41,10.68,-0.01,240,256320,卖盘
1787,11:04:38,10.69,--,1,1069,买盘
1788,11:04:35,10.69,0.01,12,12828,买盘
1789,11:04:32,10.68,-0.01,10,10680,卖盘
1790,11:04:20,10.69,--,409,437221,买盘
1791,11:04:17,10.69,0.01,2,2138,买盘
1792,11:04:14,10.68,-0.01,19,20292,卖盘
1793,11:04:08,10.69,0.01,50,53450,买盘
1794,11:04:02,10.68,--,21,22428,卖盘
1795,11:03:56,10.68,--,50,53400,卖盘
1796,11:03:50,10.68,--,22,23496,卖盘
1797,11:03:47,10.68,--,81,86508,卖盘
1798,11:03:44,10.68,--,118,126024,卖盘
1799,11:03:38,10.68,-0.01,3,3204,卖盘
1800,11:03:32,10.69,0.01,36,38484,买盘
1801,11:03:29,10.68,-0.01,507,541476,卖盘
1802,11:03:20,10.69,0.01,11,11759,买盘
1803,11:03:17,10.68,--,800,854400,卖盘
1804,11:03:02,10.68,-0.01,70,75251,卖盘
1805,11:02:38,10.69,0.01,17,18173,买盘
1806,11:02:32,10.68,-0.01,26,27768,卖盘
1807,11:02:29,10.69,0.01,62,66278,买盘
1808,11:02:26,10.68,--,100,106800,卖盘
1809,11:02:20,10.68,--,1,1068,卖盘
1810,11:02:17,10.68,--,25,26700,卖盘
1811,11:02:14,10.68,--,1061,1133148,卖盘
1812,11:02:08,10.68,--,63,67284,卖盘
1813,11:02:02,10.68,--,2,2136,卖盘
1814,11:01:59,10.68,--,22,23496,卖盘
1815,11:01:50,10.68,-0.01,5,5340,卖盘
1816,11:01:47,10.69,--,50,53450,买盘
1817,11:01:44,10.69,0.01,40,42760,买盘
1818,11:01:35,10.68,-0.01,1061,1133148,卖盘
1819,11:01:32,10.69,--,10,10690,买盘
1820,11:01:26,10.69,0.01,40,42760,买盘
1821,11:01:23,10.68,-0.01,1,1068,卖盘
1822,11:01:14,10.69,--,10,10690,买盘
1823,11:01:11,10.69,--,87,93003,卖盘
1824,11:01:08,10.69,--,16,17104,卖盘
1825,11:01:05,10.69,--,1,1069,卖盘
1826,11:01:02,10.69,--,9,9621,买盘
1827,11:00:59,10.69,--,291,311079,买盘
1828,11:00:53,10.69,--,359,383771,卖盘
1829,11:00:50,10.69,--,34,36346,卖盘
1830,11:00:47,10.69,--,152,162488,卖盘
1831,11:00:44,10.69,--,8,8552,卖盘
1832,11:00:41,10.69,--,358,382702,卖盘
1833,11:00:38,10.69,--,306,327114,卖盘
1834,11:00:35,10.69,--,125,133625,卖盘
1835,11:00:32,10.69,--,67,71623,卖盘
1836,11:00:29,10.69,-0.01,19,20311,卖盘
1837,11:00:26,10.7,0.01,60,64199,买盘
1838,11:00:20,10.69,--,14,14966,卖盘
1839,11:00:17,10.69,-0.01,111,118659,卖盘
1840,11:00:14,10.7,0.01,5,5350,买盘
1841,11:00:11,10.69,--,20,21380,卖盘
1842,11:00:07,10.69,--,242,258698,卖盘
1843,11:00:04,10.69,--,13,13897,卖盘
1844,10:59:58,10.69,-0.01,15,16035,卖盘
1845,10:59:55,10.7,0.01,29,31029,买盘
1846,10:59:52,10.69,--,296,316424,卖盘
1847,10:59:49,10.69,--,40,42760,卖盘
1848,10:59:43,10.69,--,10,10690,卖盘
1849,10:59:40,10.69,--,5,5345,卖盘
1850,10:59:37,10.69,--,11,11759,卖盘
1851,10:59:31,10.69,--,200,213800,卖盘
1852,10:59:28,10.69,--,29,31001,卖盘
1853,10:59:25,10.69,-0.01,234,250146,卖盘
1854,10:59:16,10.7,--,2,2140,买盘
1855,10:59:13,10.7,--,34,36380,买盘
1856,10:59:10,10.7,0.01,3,3210,买盘
1857,10:59:07,10.69,--,145,155005,卖盘
1858,10:59:04,10.69,--,28,29932,卖盘
1859,10:58:58,10.69,-0.01,23,24800,卖盘
1860,10:58:55,10.7,0.01,10,10700,买盘
1861,10:58:52,10.69,--,72,76968,卖盘
1862,10:58:46,10.69,--,19,20311,卖盘
1863,10:58:37,10.69,-0.01,13,14110,卖盘
1864,10:58:31,10.7,0.01,10,10700,买盘
1865,10:58:28,10.69,-0.01,80,85520,卖盘
1866,10:58:25,10.7,--,11,11770,买盘
1867,10:58:22,10.7,0.01,40,42800,买盘
1868,10:58:19,10.69,-0.01,6,6414,卖盘
1869,10:58:16,10.7,0.01,5,5350,买盘
1870,10:58:10,10.69,--,2,2138,卖盘
1871,10:58:04,10.69,--,60,64140,卖盘
1872,10:58:01,10.69,-0.01,24,25656,卖盘
1873,10:57:58,10.7,--,5,5350,买盘
1874,10:57:46,10.7,--,100,107000,买盘
1875,10:57:28,10.7,--,30,32099,买盘
1876,10:57:16,10.7,--,25,26750,买盘
1877,10:57:13,10.7,--,165,176550,买盘
1878,10:57:04,10.7,--,26,27819,买盘
1879,10:56:55,10.7,--,2,2140,买盘
1880,10:56:43,10.7,0.01,15,16049,买盘
1881,10:56:40,10.69,-0.01,80,85520,卖盘
1882,10:56:37,10.7,--,2,2140,买盘
1883,10:56:34,10.7,0.01,31,33170,买盘
1884,10:56:31,10.69,-0.01,2,2138,卖盘
1885,10:56:25,10.7,--,19,20330,买盘
1886,10:56:19,10.7,0.01,9,9630,买盘
1887,10:56:13,10.69,--,30,32070,卖盘
1888,10:56:04,10.69,-0.01,20,21380,卖盘
1889,10:55:52,10.7,0.01,30,32099,买盘
1890,10:55:49,10.69,-0.01,15,16035,卖盘
1891,10:55:46,10.7,0.01,22,23540,买盘
1892,10:55:43,10.69,-0.01,235,251215,卖盘
1893,10:55:34,10.7,--,20,21400,买盘
1894,10:55:25,10.7,0.01,10,10700,买盘
1895,10:55:19,10.69,--,10,10690,卖盘
1896,10:55:16,10.69,--,3,3207,卖盘
1897,10:55:13,10.69,-0.01,5,5345,卖盘
1898,10:55:10,10.7,--,1,1070,买盘
1899,10:55:04,10.7,0.01,20,21400,买盘
1900,10:55:01,10.69,--,137,146453,卖盘
1901,10:54:52,10.69,-0.01,50,53450,卖盘
1902,10:54:46,10.7,0.01,50,53500,买盘
1903,10:54:40,10.69,--,9,9621,卖盘
1904,10:54:25,10.69,--,38,40622,卖盘
1905,10:54:22,10.69,-0.01,28,29932,卖盘
1906,10:54:19,10.7,--,71,75970,买盘
1907,10:54:16,10.7,--,27,28889,买盘
1908,10:54:10,10.7,0.01,15,16049,买盘
1909,10:54:07,10.69,--,30,32070,卖盘
1910,10:54:04,10.69,-0.01,60,64140,卖盘
1911,10:53:52,10.7,--,435,465503,卖盘
1912,10:53:43,10.7,-0.01,10,10700,卖盘
1913,10:53:37,10.71,0.01,11,11781,买盘
1914,10:53:34,10.7,--,78,83460,卖盘
1915,10:53:31,10.7,--,126,134820,卖盘
1916,10:53:28,10.7,--,82,87954,卖盘
1917,10:53:25,10.7,--,12,12840,卖盘
1918,10:53:19,10.7,--,12,12840,卖盘
1919,10:53:16,10.7,--,10,10700,卖盘
1920,10:53:10,10.7,--,28,29959,卖盘
1921,10:53:07,10.7,--,35,37450,卖盘
1922,10:52:43,10.7,--,8,8560,卖盘
1923,10:52:37,10.7,-0.01,12,12840,卖盘
1924,10:52:34,10.71,0.01,10,10710,买盘
1925,10:52:28,10.7,-0.01,7,7489,卖盘
1926,10:52:25,10.71,--,36,38556,买盘
1927,10:52:22,10.71,0.01,35,37485,买盘
1928,10:52:13,10.7,-0.01,3,3210,卖盘
1929,10:52:10,10.71,0.01,1,1071,买盘
1930,10:52:07,10.7,-0.01,42,44940,卖盘
1931,10:52:01,10.71,--,5,5355,买盘
1932,10:51:58,10.71,--,2,2142,买盘
1933,10:51:52,10.71,0.01,50,53550,买盘
1934,10:51:46,10.7,-0.01,111,118769,卖盘
1935,10:51:40,10.71,0.01,59,63189,买盘
1936,10:51:37,10.7,--,33,35310,卖盘
1937,10:51:28,10.7,--,33,35310,卖盘
1938,10:51:25,10.7,--,20,21400,卖盘
1939,10:51:07,10.7,-0.01,3,3210,卖盘
1940,10:51:04,10.71,0.01,60,64260,买盘
1941,10:51:01,10.7,--,3,3210,卖盘
1942,10:50:55,10.7,--,12,13696,卖盘
1943,10:50:49,10.7,-0.01,155,165850,卖盘
1944,10:50:43,10.71,0.01,30,32130,买盘
1945,10:50:40,10.7,--,10,10700,卖盘
1946,10:50:28,10.7,--,29,31029,卖盘
1947,10:50:22,10.7,--,2,2140,卖盘
1948,10:50:19,10.7,--,6,6420,卖盘
1949,10:50:13,10.7,--,30,32099,卖盘
1950,10:50:10,10.7,-0.01,25,26750,卖盘
1951,10:50:07,10.71,0.01,18,19278,买盘
1952,10:50:04,10.7,--,60,64199,卖盘
1953,10:49:55,10.7,--,20,21400,卖盘
1954,10:49:52,10.7,--,348,373376,买盘
1955,10:49:34,10.7,0.01,20,21400,买盘
1956,10:49:31,10.69,--,100,106900,卖盘
1957,10:49:28,10.69,-0.01,73,78037,卖盘
1958,10:49:25,10.7,0.01,6,6420,买盘
1959,10:49:13,10.69,--,14,14966,卖盘
1960,10:49:10,10.69,-0.01,14,14966,卖盘
1961,10:49:07,10.7,--,105,112349,卖盘
1962,10:49:04,10.7,--,14,14979,卖盘
1963,10:49:01,10.7,--,34,36380,卖盘
1964,10:48:58,10.7,--,52,55639,卖盘
1965,10:48:55,10.7,--,70,75017,卖盘
1966,10:48:52,10.7,--,60,64413,卖盘
1967,10:48:46,10.7,--,182,194740,卖盘
1968,10:48:43,10.7,--,14,14979,卖盘
1969,10:48:40,10.7,--,321,343470,卖盘
1970,10:48:37,10.7,--,31,33170,卖盘
1971,10:48:34,10.7,--,28,30173,卖盘
1972,10:48:31,10.7,--,100,107000,卖盘
1973,10:48:28,10.7,-0.01,6,6420,卖盘
1974,10:48:25,10.71,0.01,133,142443,买盘
1975,10:48:19,10.7,--,55,58849,卖盘
1976,10:48:10,10.7,--,1,1070,卖盘
1977,10:48:04,10.7,--,11,11770,卖盘
1978,10:48:01,10.7,--,19,20330,卖盘
1979,10:47:58,10.7,-0.01,200,214000,卖盘
1980,10:47:49,10.71,0.01,63,67473,买盘
1981,10:47:46,10.7,--,12,12840,卖盘
1982,10:47:43,10.7,--,1,1070,卖盘
1983,10:47:40,10.7,--,10,10700,卖盘
1984,10:47:31,10.7,--,477,510389,卖盘
1985,10:47:28,10.7,--,1,1070,卖盘
1986,10:47:25,10.7,--,10,10700,卖盘
1987,10:47:22,10.7,--,13,13909,卖盘
1988,10:47:16,10.7,--,18,19260,卖盘
1989,10:47:10,10.7,--,2,2140,卖盘
1990,10:47:07,10.7,--,21,22470,卖盘
1991,10:47:04,10.7,-0.01,21,22470,卖盘
1992,10:47:01,10.71,0.01,37,40001,买盘
1993,10:46:55,10.7,-0.01,22,23540,卖盘
1994,10:46:49,10.71,0.01,7,7497,买盘
1995,10:46:46,10.7,--,20,21400,卖盘
1996,10:46:43,10.7,--,25,27541,买盘
1997,10:46:40,10.7,0.01,70,74900,买盘
1998,10:46:37,10.69,-0.01,20,21380,卖盘
1999,10:46:34,10.7,--,35,37450,买盘
2000,10:46:31,10.7,0.01,20,21400,买盘
2001,10:46:25,10.69,-0.02,95,101832,卖盘
2002,10:46:22,10.71,0.01,422,452368,买盘
2003,10:46:16,10.7,--,50,53500,卖盘
2004,10:46:10,10.7,-0.01,65,69550,卖盘
2005,10:46:07,10.71,--,51,54621,买盘
2006,10:46:04,10.71,0.01,627,671517,买盘
2007,10:46:01,10.7,--,41,43870,卖盘
2008,10:45:58,10.7,--,77,82390,卖盘
2009,10:45:55,10.7,--,20,21400,卖盘
2010,10:45:46,10.7,--,537,574590,卖盘
2011,10:45:43,10.7,--,34,36380,卖盘
2012,10:45:40,10.7,--,23,24610,卖盘
2013,10:45:37,10.7,--,33,35310,卖盘
2014,10:45:34,10.7,--,20,21400,卖盘
2015,10:45:28,10.7,-0.01,5,5350,卖盘
2016,10:45:25,10.71,0.01,96,102816,买盘
2017,10:45:22,10.7,--,2,2140,卖盘
2018,10:45:19,10.7,--,3,3210,卖盘
2019,10:45:16,10.7,--,20,21400,卖盘
2020,10:45:10,10.7,--,265,283550,卖盘
2021,10:45:07,10.7,--,266,284620,卖盘
2022,10:45:01,10.7,--,20,21400,卖盘
2023,10:44:58,10.7,--,53,56709,卖盘
2024,10:44:52,10.7,--,5,5350,卖盘
2025,10:44:49,10.7,-0.01,32,34240,卖盘
2026,10:44:46,10.71,--,30,32130,买盘
2027,10:44:43,10.71,0.01,23,24633,买盘
2028,10:44:34,10.7,-0.01,115,123221,卖盘
2029,10:44:31,10.71,0.01,46,49266,买盘
2030,10:44:28,10.7,-0.01,20,21400,卖盘
2031,10:44:25,10.71,0.01,30,32130,买盘
2032,10:44:22,10.7,--,42,44940,卖盘
2033,10:44:19,10.7,-0.01,20,21400,卖盘
2034,10:44:16,10.71,0.01,5,5355,买盘
2035,10:44:13,10.7,-0.01,20,21400,卖盘
2036,10:44:10,10.71,0.01,12,12852,买盘
2037,10:44:07,10.7,-0.01,42,44940,卖盘
2038,10:43:58,10.71,--,197,210987,买盘
2039,10:43:55,10.71,--,46,49266,买盘
2040,10:43:52,10.71,--,31,33201,买盘
2041,10:43:49,10.71,--,152,162792,买盘
2042,10:43:46,10.71,0.01,83,88893,买盘
2043,10:43:43,10.7,--,66,70620,卖盘
2044,10:43:40,10.7,-0.01,2,2140,卖盘
2045,10:43:37,10.71,0.01,55,58905,买盘
2046,10:43:34,10.7,--,20,21400,卖盘
2047,10:43:25,10.7,--,4,4280,卖盘
2048,10:43:22,10.7,-0.01,51,54570,卖盘
2049,10:43:19,10.71,0.01,31,33201,买盘
2050,10:43:16,10.7,--,52,55639,卖盘
2051,10:43:10,10.7,--,9,9630,卖盘
2052,10:43:07,10.7,--,21,22470,卖盘
2053,10:42:58,10.7,--,51,54570,卖盘
2054,10:42:52,10.7,--,8,8560,卖盘
2055,10:42:49,10.7,--,3,3210,卖盘
2056,10:42:46,10.7,--,20,21400,卖盘
2057,10:42:40,10.7,--,100,107000,卖盘
2058,10:42:37,10.7,--,5,5350,卖盘
2059,10:42:34,10.7,--,20,21400,卖盘
2060,10:42:31,10.7,--,20,21400,卖盘
2061,10:42:25,10.7,--,77,82604,买盘
2062,10:42:22,10.7,--,79,84530,买盘
2063,10:42:16,10.7,--,69,73830,买盘
2064,10:42:13,10.7,--,551,589570,买盘
2065,10:42:04,10.7,--,12,12840,买盘
2066,10:42:01,10.7,--,31,33170,买盘
2067,10:41:58,10.7,0.01,5,5350,买盘
2068,10:41:55,10.69,-0.01,97,103693,卖盘
2069,10:41:49,10.7,0.01,24,25680,买盘
2070,10:41:46,10.69,-0.01,130,138970,卖盘
2071,10:41:43,10.7,--,1,1070,买盘
2072,10:41:37,10.7,--,26,27819,买盘
2073,10:41:34,10.7,--,20,21400,买盘
2074,10:41:31,10.7,--,110,117699,买盘
2075,10:41:28,10.7,--,1,1070,买盘
2076,10:41:25,10.7,--,10,10700,买盘
2077,10:41:22,10.7,--,167,178690,买盘
2078,10:41:16,10.7,--,41,43870,买盘
2079,10:41:13,10.7,0.01,33,35310,买盘
2080,10:41:04,10.69,-0.01,33,35277,卖盘
2081,10:41:01,10.7,--,36,38520,买盘
2082,10:40:58,10.7,--,5,5350,买盘
2083,10:40:55,10.7,--,125,133750,买盘
2084,10:40:46,10.7,-0.01,797,853646,卖盘
2085,10:40:43,10.71,0.01,10,10710,买盘
2086,10:40:39,10.7,--,57,61203,卖盘
2087,10:40:36,10.7,-0.01,20,21400,卖盘
2088,10:40:33,10.71,--,81,86751,买盘
2089,10:40:30,10.71,0.01,30,32130,买盘
2090,10:40:27,10.7,--,2,2140,卖盘
2091,10:40:24,10.7,0.01,49,52430,中性盘
2092,10:40:18,10.69,-0.02,21,22449,卖盘
2093,10:40:15,10.71,0.01,104,111384,买盘
2094,10:40:12,10.7,--,12,12840,买盘
2095,10:40:09,10.7,-0.01,107,115057,卖盘
2096,10:40:06,10.71,--,33,35343,买盘
2097,10:39:54,10.71,--,2,2142,买盘
2098,10:39:48,10.71,0.01,937,1004030,买盘
2099,10:39:45,10.7,-0.01,1572,1682607,卖盘
2100,10:39:42,10.71,--,100,107100,买盘
2101,10:39:36,10.71,0.01,156,167076,买盘
2102,10:39:33,10.7,-0.01,105,112349,卖盘
2103,10:39:30,10.71,0.01,428,458388,买盘
2104,10:39:24,10.7,--,4,4280,卖盘
2105,10:39:18,10.7,--,80,85600,卖盘
2106,10:39:15,10.7,--,40,42800,卖盘
2107,10:39:12,10.7,--,1,1070,卖盘
2108,10:39:09,10.7,--,13,13909,卖盘
2109,10:39:06,10.7,-0.01,60,64199,卖盘
2110,10:39:03,10.71,0.01,31,33201,买盘
2111,10:39:00,10.7,--,5,5350,卖盘
2112,10:38:57,10.7,--,10,10700,卖盘
2113,10:38:54,10.7,--,44,47080,卖盘
2114,10:38:51,10.7,--,146,156220,卖盘
2115,10:38:45,10.7,--,272,291040,卖盘
2116,10:38:42,10.7,--,59,63129,卖盘
2117,10:38:36,10.7,--,150,160500,卖盘
2118,10:38:33,10.7,--,41,43870,卖盘
2119,10:38:30,10.7,--,21,22470,卖盘
2120,10:38:24,10.7,--,4,4280,卖盘
2121,10:38:21,10.7,-0.01,30,32099,卖盘
2122,10:38:18,10.71,0.01,135,144585,买盘
2123,10:38:09,10.7,--,74,79180,卖盘
2124,10:38:03,10.7,--,65,69550,卖盘
2125,10:38:00,10.7,--,500,535000,卖盘
2126,10:37:57,10.7,-0.01,10,10700,卖盘
2127,10:37:51,10.71,0.01,14,14994,买盘
2128,10:37:48,10.7,--,164,175480,卖盘
2129,10:37:36,10.7,--,703,752210,卖盘
2130,10:37:33,10.7,--,30,32099,卖盘
2131,10:37:27,10.7,--,27,28889,卖盘
2132,10:37:21,10.7,--,4,4280,卖盘
2133,10:37:18,10.7,--,25,26750,卖盘
2134,10:37:15,10.7,--,180,192600,卖盘
2135,10:37:09,10.7,--,146,156220,卖盘
2136,10:37:06,10.7,--,50,53500,卖盘
2137,10:37:03,10.7,--,11,11770,卖盘
2138,10:37:00,10.7,--,5,5350,卖盘
2139,10:36:57,10.7,--,3,3210,卖盘
2140,10:36:54,10.7,--,1,1070,卖盘
2141,10:36:51,10.7,-0.01,6,6420,卖盘
2142,10:36:48,10.71,0.01,20,21420,买盘
2143,10:36:45,10.7,--,5,5350,卖盘
2144,10:36:42,10.7,--,1020,1091400,卖盘
2145,10:36:39,10.7,-0.01,51,54570,卖盘
2146,10:36:33,10.71,0.01,6,6426,买盘
2147,10:36:21,10.7,-0.01,3,3210,卖盘
2148,10:36:18,10.71,--,4,4284,买盘
2149,10:36:15,10.71,--,16,17136,买盘
2150,10:36:12,10.71,0.01,5,5355,买盘
2151,10:36:09,10.7,--,166,177620,卖盘
2152,10:36:06,10.7,-0.01,78,83460,卖盘
2153,10:36:03,10.71,--,10,10710,买盘
2154,10:36:00,10.71,--,3,3213,买盘
2155,10:35:54,10.71,0.01,25,26775,买盘
2156,10:35:51,10.7,-0.01,87,93090,卖盘
2157,10:35:48,10.71,0.01,10,10710,买盘
2158,10:35:42,10.7,--,52,55639,卖盘
2159,10:35:39,10.7,--,70,74900,卖盘
2160,10:35:36,10.7,--,14,14979,卖盘
2161,10:35:33,10.7,-0.01,146,156220,卖盘
2162,10:35:27,10.71,0.01,8,8568,买盘
2163,10:35:21,10.7,--,143,153512,买盘
2164,10:35:15,10.7,--,10,10700,买盘
2165,10:35:12,10.7,0.01,25,26750,买盘
2166,10:35:09,10.69,-0.01,93,99417,卖盘
2167,10:35:03,10.7,--,41,43870,买盘
2168,10:35:00,10.7,--,27,28889,买盘
2169,10:34:57,10.7,--,5,5350,买盘
2170,10:34:54,10.7,--,30,32099,买盘
2171,10:34:48,10.7,--,13,14477,卖盘
2172,10:34:45,10.7,--,131,140170,卖盘
2173,10:34:39,10.7,--,71,75970,卖盘
2174,10:34:36,10.7,-0.01,55,58849,卖盘
2175,10:34:33,10.71,0.01,10,10710,买盘
2176,10:34:24,10.7,--,5,5350,卖盘
2177,10:34:21,10.7,--,128,137462,买盘
2178,10:34:18,10.7,--,21,22470,买盘
2179,10:34:09,10.7,--,64,68480,买盘
2180,10:34:06,10.7,0.01,100,107000,买盘
2181,10:34:03,10.69,-0.01,1,1069,卖盘
2182,10:33:57,10.7,--,15,16049,买盘
2183,10:33:48,10.7,--,13,13909,买盘
2184,10:33:39,10.7,0.01,10,10700,买盘
2185,10:33:36,10.69,-0.01,201,214869,卖盘
2186,10:33:33,10.7,--,11,11770,买盘
2187,10:33:30,10.7,-0.01,2755,2948160,卖盘
2188,10:33:27,10.71,0.01,20,21420,买盘
2189,10:33:21,10.7,--,38,40660,卖盘
2190,10:33:09,10.7,--,270,288900,卖盘
2191,10:32:51,10.7,--,4,4280,卖盘
2192,10:32:48,10.7,--,180,192600,卖盘
2193,10:32:39,10.7,--,1,1070,卖盘
2194,10:32:36,10.7,-0.01,116,124119,卖盘
2195,10:32:33,10.71,--,1,1071,买盘
2196,10:32:18,10.71,0.01,2,2142,买盘
2197,10:32:15,10.7,--,80,85600,卖盘
2198,10:32:09,10.7,--,110,117699,卖盘
2199,10:32:06,10.7,--,25,26750,卖盘
2200,10:32:03,10.7,--,31,33170,卖盘
2201,10:32:00,10.7,--,3,3210,卖盘
2202,10:31:57,10.7,--,3,3210,卖盘
2203,10:31:48,10.7,--,199,213229,卖盘
2204,10:31:45,10.7,--,10,10700,卖盘
2205,10:31:42,10.7,0.01,640,685260,买盘
2206,10:31:36,10.69,-0.01,66,70554,卖盘
2207,10:31:33,10.7,--,10,10700,买盘
2208,10:31:30,10.7,--,82,87740,买盘
2209,10:31:27,10.7,--,676,723929,卖盘
2210,10:31:21,10.7,--,1,1070,卖盘
2211,10:31:15,10.7,--,20,21400,卖盘
2212,10:31:12,10.7,--,138,147660,卖盘
2213,10:31:06,10.7,-0.01,83,88810,卖盘
2214,10:30:57,10.71,0.01,3,3213,买盘
2215,10:30:54,10.7,--,32,34240,卖盘
2216,10:30:51,10.7,--,28,29959,卖盘
2217,10:30:48,10.7,-0.01,5,5350,卖盘
2218,10:30:45,10.71,0.01,21,22491,买盘
2219,10:30:39,10.7,-0.01,134,143380,卖盘
2220,10:30:36,10.71,0.01,52,55692,买盘
2221,10:30:30,10.7,--,45,48150,卖盘
2222,10:30:27,10.7,--,1,1070,卖盘
2223,10:30:24,10.7,--,10,10700,卖盘
2224,10:30:21,10.7,0.01,389,416690,买盘
2225,10:30:12,10.69,--,119,127211,卖盘
2226,10:30:09,10.69,--,284,303596,卖盘
2227,10:30:06,10.69,-0.01,115,122935,卖盘
2228,10:30:00,10.7,--,751,804575,卖盘
2229,10:29:54,10.7,--,1,1070,卖盘
2230,10:29:48,10.7,--,146,156220,卖盘
2231,10:29:45,10.7,-0.01,41,43870,卖盘
2232,10:29:42,10.71,0.01,50,53550,买盘
2233,10:29:39,10.7,--,50,53500,卖盘
2234,10:29:30,10.7,-0.01,47,50290,卖盘
2235,10:29:24,10.71,--,25,26775,买盘
2236,10:29:21,10.71,0.01,52,55692,买盘
2237,10:29:15,10.7,--,154,164780,卖盘
2238,10:29:12,10.7,--,2,2140,卖盘
2239,10:29:09,10.7,--,22,23540,卖盘
2240,10:29:06,10.7,--,92,98504,卖盘
2241,10:29:03,10.7,--,36,38520,卖盘
2242,10:28:57,10.7,--,110,117699,卖盘
2243,10:28:51,10.7,-0.01,24,25680,卖盘
2244,10:28:45,10.71,0.01,2,2142,买盘
2245,10:28:42,10.7,0.01,10,10700,中性盘
2246,10:28:39,10.69,-0.02,191,204179,卖盘
2247,10:28:36,10.71,0.01,10,10710,买盘
2248,10:28:33,10.7,--,54,57779,卖盘
2249,10:28:27,10.7,--,294,314580,卖盘
2250,10:28:21,10.7,--,14,14979,卖盘
2251,10:28:18,10.7,--,19,21186,卖盘
2252,10:28:06,10.7,--,50,53500,卖盘
2253,10:28:03,10.7,--,17,18243,卖盘
2254,10:28:00,10.7,--,157,167990,卖盘
2255,10:27:54,10.7,--,10,10700,卖盘
2256,10:27:51,10.7,--,10,10700,卖盘
2257,10:27:48,10.7,--,149,159644,卖盘
2258,10:27:45,10.7,--,18,19260,卖盘
2259,10:27:36,10.7,--,52,55639,卖盘
2260,10:27:33,10.7,--,124,132680,卖盘
2261,10:27:27,10.7,--,101,108070,卖盘
2262,10:27:18,10.7,--,1,1070,卖盘
2263,10:27:12,10.7,--,688,736160,买盘
2264,10:27:09,10.7,0.01,43,46010,买盘
2265,10:27:06,10.69,-0.01,62,66352,卖盘
2266,10:27:03,10.7,--,13,13909,买盘
2267,10:27:00,10.7,0.01,335,358450,买盘
2268,10:26:57,10.69,-0.01,96,103179,卖盘
2269,10:26:51,10.7,--,36,38520,买盘
2270,10:26:45,10.7,--,3,3210,买盘
2271,10:26:42,10.7,--,98,104860,买盘
2272,10:26:36,10.7,0.01,21,22470,买盘
2273,10:26:33,10.69,-0.01,34,36346,卖盘
2274,10:26:27,10.7,--,103,110755,买盘
2275,10:26:24,10.7,--,20,21400,买盘
2276,10:26:18,10.7,0.01,500,535000,买盘
2277,10:26:15,10.69,--,20,21380,卖盘
2278,10:26:12,10.69,-0.01,17,18247,卖盘
2279,10:26:00,10.7,--,14,14979,买盘
2280,10:25:57,10.7,0.01,76,81320,买盘
2281,10:25:51,10.69,-0.01,1,1069,卖盘
2282,10:25:48,10.7,0.01,40,42800,买盘
2283,10:25:45,10.69,--,407,435083,卖盘
2284,10:25:42,10.69,--,25,26725,卖盘
2285,10:25:39,10.69,--,10,10690,卖盘
2286,10:25:36,10.69,--,30,32070,卖盘
2287,10:25:33,10.69,-0.01,31,33139,卖盘
2288,10:25:21,10.7,0.01,1000,1070000,买盘
2289,10:25:18,10.69,--,11,11759,卖盘
2290,10:25:15,10.69,--,49,52381,卖盘
2291,10:25:12,10.69,--,60,64140,卖盘
2292,10:25:09,10.69,--,19,20311,卖盘
2293,10:25:06,10.69,--,121,129349,卖盘
2294,10:25:03,10.69,--,14,15040,卖盘
2295,10:25:00,10.69,-0.01,115,122935,卖盘
2296,10:24:57,10.7,0.01,57,60989,买盘
2297,10:24:51,10.69,--,12,12828,卖盘
2298,10:24:48,10.69,--,2,2138,卖盘
2299,10:24:45,10.69,-0.01,1,1069,卖盘
2300,10:24:42,10.7,0.01,30,32099,买盘
2301,10:24:39,10.69,--,95,101555,卖盘
2302,10:24:36,10.69,-0.01,143,152867,卖盘
2303,10:24:33,10.7,0.01,42,44940,买盘
2304,10:24:30,10.69,--,14,14966,卖盘
2305,10:24:27,10.69,-0.01,30,32070,卖盘
2306,10:24:24,10.7,--,333,356310,买盘
2307,10:24:21,10.7,--,23,24610,买盘
2308,10:24:18,10.7,--,8,8560,买盘
2309,10:24:15,10.7,--,10,10700,买盘
2310,10:24:12,10.7,0.01,57,60989,买盘
2311,10:24:09,10.69,-0.01,1,1069,卖盘
2312,10:24:06,10.7,--,18,19260,买盘
2313,10:24:03,10.7,--,64,68554,买盘
2314,10:24:00,10.7,0.01,8,8560,买盘
2315,10:23:57,10.69,-0.01,149,159281,卖盘
2316,10:23:54,10.7,--,7,7489,买盘
2317,10:23:51,10.7,--,1,1070,买盘
2318,10:23:48,10.7,--,100,107000,买盘
2319,10:23:42,10.7,--,100,107000,买盘
2320,10:23:39,10.7,--,338,361660,买盘
2321,10:23:36,10.7,--,25,26750,买盘
2322,10:23:27,10.7,0.01,10,10700,买盘
2323,10:23:24,10.69,--,4,4276,卖盘
2324,10:23:18,10.69,--,4,4276,卖盘
2325,10:23:15,10.69,--,26,27794,卖盘
2326,10:23:12,10.69,-0.01,27,28863,卖盘
2327,10:23:09,10.7,--,13,13909,买盘
2328,10:23:06,10.7,--,311,332770,买盘
2329,10:23:03,10.7,--,15,16124,买盘
2330,10:23:00,10.7,0.01,1,1070,买盘
2331,10:22:57,10.69,-0.01,35,37415,卖盘
2332,10:22:54,10.7,0.01,420,449399,买盘
2333,10:22:51,10.69,-0.01,117,125073,卖盘
2334,10:22:48,10.7,0.01,3,3210,买盘
2335,10:22:45,10.69,-0.01,58,62002,卖盘
2336,10:22:42,10.7,0.01,31,33170,买盘
2337,10:22:33,10.69,-0.01,95,101555,卖盘
2338,10:22:27,10.7,0.01,20,21400,买盘
2339,10:22:24,10.69,-0.01,338,361322,卖盘
2340,10:22:21,10.7,--,10,10700,买盘
2341,10:22:18,10.7,--,339,362730,买盘
2342,10:22:15,10.7,--,28,29959,买盘
2343,10:22:12,10.7,--,141,150870,买盘
2344,10:22:09,10.7,0.01,2,2140,买盘
2345,10:22:06,10.69,--,126,134694,卖盘
2346,10:22:00,10.69,-0.01,359,383845,卖盘
2347,10:21:54,10.7,--,48,51360,买盘
2348,10:21:51,10.7,--,380,406600,买盘
2349,10:21:45,10.7,0.01,53,56709,买盘
2350,10:21:42,10.69,-0.01,174,186006,卖盘
2351,10:21:36,10.7,--,134,143380,买盘
2352,10:21:30,10.7,--,5,5350,买盘
2353,10:21:20,10.7,--,1,1070,买盘
2354,10:21:17,10.7,0.01,5,5350,买盘
2355,10:21:14,10.69,-0.01,40,42760,卖盘
2356,10:21:05,10.7,--,88,94160,买盘
2357,10:21:02,10.7,--,80,85600,买盘
2358,10:20:59,10.7,0.01,76,81320,买盘
2359,10:20:56,10.69,-0.01,12,12892,卖盘
2360,10:20:53,10.7,0.01,298,318860,买盘
2361,10:20:50,10.69,--,215,229835,卖盘
2362,10:20:47,10.69,-0.01,80,85520,卖盘
2363,10:20:44,10.7,--,224,239679,买盘
2364,10:20:41,10.7,--,103,110209,买盘
2365,10:20:38,10.7,0.01,34,36380,买盘
2366,10:20:32,10.69,--,32,34218,卖盘
2367,10:20:20,10.69,-0.01,228,243732,卖盘
2368,10:20:17,10.7,--,5,5350,买盘
2369,10:20:11,10.7,--,8,8560,买盘
2370,10:20:08,10.7,0.01,7,7489,买盘
2371,10:20:02,10.69,--,33,35277,卖盘
2372,10:19:56,10.69,-0.01,40,42834,卖盘
2373,10:19:53,10.7,--,30,32099,买盘
2374,10:19:50,10.7,--,27,28889,买盘
2375,10:19:47,10.7,--,100,107000,买盘
2376,10:19:44,10.7,--,201,215070,卖盘
2377,10:19:41,10.7,--,1,1070,卖盘
2378,10:19:38,10.7,--,30,32099,卖盘
2379,10:19:35,10.7,-0.01,110,117699,卖盘
2380,10:19:32,10.71,0.01,33,35343,买盘
2381,10:19:29,10.7,--,44,47080,卖盘
2382,10:19:26,10.7,--,140,149800,买盘
2383,10:19:23,10.7,-0.01,302,323140,卖盘
2384,10:19:14,10.71,0.01,38,40698,买盘
2385,10:19:11,10.7,--,6,6420,卖盘
2386,10:19:08,10.7,--,61,65269,卖盘
2387,10:18:59,10.7,-0.01,402,430204,卖盘
2388,10:18:56,10.71,--,29,31059,买盘
2389,10:18:50,10.71,0.01,413,442323,买盘
2390,10:18:47,10.7,--,3,3210,卖盘
2391,10:18:44,10.7,--,105,112349,卖盘
2392,10:18:38,10.7,-0.01,605,647350,卖盘
2393,10:18:32,10.71,--,6,6426,买盘
2394,10:18:29,10.71,--,108,115668,买盘
2395,10:18:26,10.71,--,110,117810,买盘
2396,10:18:23,10.71,0.01,11,11781,买盘
2397,10:18:20,10.7,--,125,133750,卖盘
2398,10:18:17,10.7,--,297,317790,卖盘
2399,10:18:14,10.7,-0.01,20,21400,卖盘
2400,10:18:11,10.71,0.01,10,10710,买盘
2401,10:18:05,10.7,--,12,12840,卖盘
2402,10:18:02,10.7,--,169,180894,卖盘
2403,10:17:53,10.7,--,115,123049,卖盘
2404,10:17:50,10.7,--,35,37450,卖盘
2405,10:17:47,10.7,--,10,10700,卖盘
2406,10:17:44,10.7,--,74,79180,卖盘
2407,10:17:41,10.7,--,2,2140,卖盘
2408,10:17:38,10.7,-0.01,150,160500,卖盘
2409,10:17:35,10.71,0.01,10,10710,买盘
2410,10:17:32,10.7,-0.01,310,331700,卖盘
2411,10:17:23,10.71,--,18,20156,卖盘
2412,10:17:20,10.71,--,69,73899,卖盘
2413,10:17:14,10.71,--,65,69615,卖盘
2414,10:17:11,10.71,--,397,425187,买盘
2415,10:17:08,10.71,--,8,8568,买盘
2416,10:17:05,10.71,0.01,64,68544,买盘
2417,10:17:02,10.7,--,61,65269,卖盘
2418,10:16:59,10.7,--,62,66404,卖盘
2419,10:16:56,10.7,-0.01,141,150870,卖盘
2420,10:16:50,10.71,0.01,30,32130,买盘
2421,10:16:44,10.7,-0.01,288,308160,卖盘
2422,10:16:41,10.71,--,5,5355,买盘
2423,10:16:38,10.71,--,15,16065,买盘
2424,10:16:35,10.71,--,1310,1403010,卖盘
2425,10:16:32,10.71,--,120,128520,卖盘
2426,10:16:29,10.71,--,112,119952,卖盘
2427,10:16:26,10.71,--,176,188496,卖盘
2428,10:16:23,10.71,-0.01,74,79254,卖盘
2429,10:16:20,10.72,--,159,170448,买盘
2430,10:16:14,10.72,0.01,28,30016,买盘
2431,10:16:11,10.71,-0.01,28,29988,卖盘
2432,10:16:08,10.72,0.01,120,128640,买盘
2433,10:16:05,10.71,-0.01,136,145656,卖盘
2434,10:16:02,10.72,--,94,100768,买盘
2435,10:15:59,10.72,--,6,7278,卖盘
2436,10:15:56,10.72,--,203,217648,卖盘
2437,10:15:53,10.72,--,39,41808,卖盘
2438,10:15:47,10.72,--,14,15008,卖盘
2439,10:15:44,10.72,-0.01,30,32160,卖盘
2440,10:15:41,10.73,0.01,138,148074,买盘
2441,10:15:35,10.72,--,66,70752,卖盘
2442,10:15:32,10.72,-0.01,85,91120,卖盘
2443,10:15:29,10.73,0.01,1,1073,买盘
2444,10:15:26,10.72,--,79,84688,卖盘
2445,10:15:23,10.72,--,3,3216,卖盘
2446,10:15:20,10.72,--,17,18224,卖盘
2447,10:15:17,10.72,--,80,85760,卖盘
2448,10:15:14,10.72,--,246,263712,卖盘
2449,10:15:11,10.72,--,100,107200,卖盘
2450,10:15:08,10.72,--,4,4288,卖盘
2451,10:15:05,10.72,--,378,405216,卖盘
2452,10:15:02,10.72,-0.01,12,12896,卖盘
2453,10:14:59,10.73,--,44,47212,买盘
2454,10:14:56,10.73,0.01,30,32190,买盘
2455,10:14:53,10.72,-0.01,200,214400,卖盘
2456,10:14:50,10.73,0.01,25,26825,买盘
2457,10:14:47,10.72,-0.01,60,64320,卖盘
2458,10:14:41,10.73,--,201,215673,买盘
2459,10:14:38,10.73,--,30,32190,买盘
2460,10:14:35,10.73,0.01,2,2146,买盘
2461,10:14:32,10.72,--,150,160800,卖盘
2462,10:14:23,10.72,--,102,109344,卖盘
2463,10:14:20,10.72,--,21,22512,卖盘
2464,10:14:17,10.72,-0.01,7,7504,卖盘
2465,10:14:14,10.73,--,11,11803,买盘
2466,10:14:11,10.73,0.01,16,17168,买盘
2467,10:14:05,10.72,--,305,326960,卖盘
2468,10:14:02,10.72,--,1,1072,卖盘
2469,10:13:59,10.72,-0.01,42,45066,卖盘
2470,10:13:56,10.73,--,40,42920,买盘
2471,10:13:53,10.73,0.01,10,10730,买盘
2472,10:13:50,10.72,--,140,150755,卖盘
2473,10:13:47,10.72,--,100,107200,卖盘
2474,10:13:44,10.72,-0.01,10,10720,卖盘
2475,10:13:41,10.73,--,40,42920,买盘
2476,10:13:38,10.73,--,16,17168,买盘
2477,10:13:35,10.73,--,10,10730,买盘
2478,10:13:32,10.73,0.01,21,22533,买盘
2479,10:13:29,10.72,--,103,110416,卖盘
2480,10:13:26,10.72,--,303,324816,卖盘
2481,10:13:23,10.72,-0.01,59,63248,卖盘
2482,10:13:14,10.73,0.01,53,56869,买盘
2483,10:13:11,10.72,-0.01,20,21440,卖盘
2484,10:13:05,10.73,--,15,16095,买盘
2485,10:13:02,10.73,0.01,49,52609,买盘
2486,10:12:59,10.72,--,4,4288,卖盘
2487,10:12:53,10.72,-0.01,106,113632,卖盘
2488,10:12:50,10.73,--,3,3219,买盘
2489,10:12:47,10.73,--,30,32190,买盘
2490,10:12:44,10.73,0.01,54,57942,买盘
2491,10:12:41,10.72,--,10,10720,卖盘
2492,10:12:38,10.72,--,53,56816,卖盘
2493,10:12:32,10.72,-0.01,288,308736,卖盘
2494,10:12:26,10.73,0.01,34,36482,买盘
2495,10:12:23,10.72,-0.01,15,16080,卖盘
2496,10:12:20,10.73,--,4,4292,买盘
2497,10:12:14,10.73,--,50,53650,买盘
2498,10:12:08,10.73,--,26,27898,买盘
2499,10:12:05,10.73,--,300,321900,买盘
2500,10:12:02,10.73,0.01,259,277907,买盘
2501,10:11:56,10.72,--,118,126538,卖盘
2502,10:11:53,10.72,--,12,12864,卖盘
2503,10:11:50,10.72,-0.01,1,1072,卖盘
2504,10:11:47,10.73,--,71,76183,买盘
2505,10:11:35,10.73,--,14,15022,买盘
2506,10:11:32,10.73,--,1,1073,买盘
2507,10:11:29,10.73,--,2,2146,买盘
2508,10:11:20,10.73,0.01,31,33263,买盘
2509,10:11:17,10.72,-0.01,40,42880,卖盘
2510,10:11:14,10.73,0.01,338,362674,买盘
2511,10:11:11,10.72,--,32,34304,卖盘
2512,10:11:05,10.72,--,67,71824,卖盘
2513,10:11:02,10.72,--,155,166192,卖盘
2514,10:10:56,10.72,--,80,85760,卖盘
2515,10:10:47,10.72,--,388,415936,卖盘
2516,10:10:41,10.72,-0.01,27,28944,卖盘
2517,10:10:38,10.73,--,123,131979,买盘
2518,10:10:32,10.73,--,18,19314,买盘
2519,10:10:29,10.73,0.01,3,3219,买盘
2520,10:10:26,10.72,-0.01,290,310880,卖盘
2521,10:10:23,10.73,--,873,937769,卖盘
2522,10:10:20,10.73,--,25,26825,卖盘
2523,10:10:17,10.73,-0.01,160,171680,卖盘
2524,10:10:14,10.74,--,17,18258,买盘
2525,10:10:11,10.74,0.01,20,21480,买盘
2526,10:10:08,10.73,-0.01,21,22533,卖盘
2527,10:10:05,10.74,--,129,138546,买盘
2528,10:10:02,10.74,0.01,22,23628,买盘
2529,10:09:59,10.73,--,31,33295,卖盘
2530,10:09:56,10.73,--,87,93351,卖盘
2531,10:09:53,10.73,-0.01,8,8584,卖盘
2532,10:09:47,10.74,--,56,60144,买盘
2533,10:09:44,10.74,0.01,44,47256,买盘
2534,10:09:41,10.73,--,155,166315,卖盘
2535,10:09:38,10.73,--,132,141636,卖盘
2536,10:09:35,10.73,--,243,260739,卖盘
2537,10:09:32,10.73,-0.01,6,6438,卖盘
2538,10:09:29,10.74,--,94,100956,买盘
2539,10:09:23,10.74,0.01,201,215874,买盘
2540,10:09:17,10.73,--,2,2146,卖盘
2541,10:09:14,10.73,-0.01,22,23606,卖盘
2542,10:09:11,10.74,--,34,36516,买盘
2543,10:09:05,10.74,--,10,10740,买盘
2544,10:08:59,10.74,0.01,131,140694,买盘
2545,10:08:56,10.73,--,105,112686,卖盘
2546,10:08:53,10.73,--,314,337082,卖盘
2547,10:08:50,10.73,--,20,21460,卖盘
2548,10:08:47,10.73,-0.01,311,333703,卖盘
2549,10:08:32,10.74,0.01,93,99882,买盘
2550,10:08:26,10.73,-0.01,30,32190,卖盘
2551,10:08:23,10.74,0.01,40,42960,买盘
2552,10:08:20,10.73,-0.01,68,72964,卖盘
2553,10:08:17,10.74,0.01,98,105810,买盘
2554,10:08:11,10.73,-0.01,288,309024,卖盘
2555,10:08:05,10.74,0.01,97,104178,买盘
2556,10:08:02,10.73,-0.01,46,49358,卖盘
2557,10:07:59,10.74,0.01,50,53700,买盘
2558,10:07:56,10.73,--,52,55838,卖盘
2559,10:07:50,10.73,--,104,112439,买盘
2560,10:07:47,10.73,-0.01,263,282424,卖盘
2561,10:07:44,10.74,--,1,1074,卖盘
2562,10:07:38,10.74,--,324,347976,卖盘
2563,10:07:35,10.74,0.02,3552,3815696,买盘
2564,10:07:32,10.72,--,3,3216,卖盘
2565,10:07:23,10.72,--,20,21440,卖盘
2566,10:07:20,10.72,-0.01,155,166160,卖盘
2567,10:07:17,10.73,0.01,17,18241,买盘
2568,10:07:14,10.72,--,22,23584,卖盘
2569,10:07:11,10.72,-0.01,43,46096,卖盘
2570,10:07:08,10.73,--,44,47212,买盘
2571,10:07:05,10.73,--,177,190961,卖盘
2572,10:07:02,10.73,--,60,64380,卖盘
2573,10:06:59,10.73,--,199,213527,卖盘
2574,10:06:56,10.73,--,19,20408,卖盘
2575,10:06:53,10.73,--,35,37555,卖盘
2576,10:06:50,10.73,--,72,77256,卖盘
2577,10:06:47,10.73,-0.01,37,39701,卖盘
2578,10:06:44,10.74,--,540,579960,买盘
2579,10:06:38,10.74,0.01,41,44034,买盘
2580,10:06:32,10.73,-0.01,87,93351,卖盘
2581,10:06:29,10.74,0.01,11,11814,买盘
2582,10:06:26,10.73,--,52,55796,卖盘
2583,10:06:23,10.73,--,188,201724,卖盘
2584,10:06:17,10.73,--,43,46139,卖盘
2585,10:06:14,10.73,-0.01,49,52577,卖盘
2586,10:06:11,10.74,--,362,389045,卖盘
2587,10:06:08,10.74,--,150,161100,卖盘
2588,10:06:05,10.74,-0.01,217,233058,卖盘
2589,10:06:02,10.75,--,59,63425,买盘
2590,10:05:59,10.75,--,158,169850,买盘
2591,10:05:56,10.75,0.01,252,270910,买盘
2592,10:05:50,10.74,--,253,271722,卖盘
2593,10:05:47,10.74,-0.01,85,91290,卖盘
2594,10:05:44,10.75,0.01,117,125775,买盘
2595,10:05:38,10.74,0.01,437,470143,买盘
2596,10:05:35,10.73,-0.01,14,15022,卖盘
2597,10:05:32,10.74,0.01,174,186876,买盘
2598,10:05:29,10.73,-0.02,374,401302,卖盘
2599,10:05:26,10.75,--,7,7525,买盘
2600,10:05:23,10.75,--,366,393450,买盘
2601,10:05:20,10.75,0.01,20,21500,买盘
2602,10:05:17,10.74,--,256,274944,卖盘
2603,10:05:08,10.74,--,40,42960,卖盘
2604,10:05:05,10.74,--,258,278144,卖盘
2605,10:04:59,10.74,--,10,10740,卖盘
2606,10:04:56,10.74,0.01,2113,2269920,买盘
2607,10:04:53,10.73,-0.01,179,192099,卖盘
2608,10:04:50,10.74,0.01,15,16110,买盘
2609,10:04:47,10.73,-0.01,70,75110,卖盘
2610,10:04:44,10.74,--,39,41886,买盘
2611,10:04:38,10.74,0.01,64,68736,买盘
2612,10:04:35,10.73,-0.01,90,96570,卖盘
2613,10:04:32,10.74,--,645,692730,买盘
2614,10:04:26,10.74,--,17,18258,买盘
2615,10:04:23,10.74,0.01,5,5370,买盘
2616,10:04:20,10.73,-0.01,107,114811,卖盘
2617,10:04:11,10.74,0.01,10,10740,买盘
2618,10:04:08,10.73,--,580,623391,买盘
2619,10:04:05,10.73,--,14,15022,买盘
2620,10:03:59,10.73,--,51,54723,买盘
2621,10:03:56,10.73,0.01,136,145928,买盘
2622,10:03:53,10.72,-0.01,157,168336,卖盘
2623,10:03:50,10.73,--,78,83694,买盘
2624,10:03:47,10.73,--,46,49358,买盘
2625,10:03:41,10.73,--,5,5365,买盘
2626,10:03:35,10.73,--,66,70818,买盘
2627,10:03:32,10.73,--,30,32190,买盘
2628,10:03:29,10.73,--,137,147001,买盘
2629,10:03:26,10.73,--,66,70818,买盘
2630,10:03:23,10.73,--,100,107300,买盘
2631,10:03:20,10.73,--,10,10730,买盘
2632,10:03:17,10.73,--,35,37555,买盘
2633,10:03:14,10.73,0.01,15,16095,买盘
2634,10:03:11,10.72,-0.01,69,73968,卖盘
2635,10:03:05,10.73,--,22,23648,买盘
2636,10:03:02,10.73,--,20,21460,买盘
2637,10:02:59,10.73,0.01,38,40774,买盘
2638,10:02:56,10.72,-0.01,49,52528,卖盘
2639,10:02:50,10.73,--,43,46139,买盘
2640,10:02:47,10.73,0.01,136,145928,买盘
2641,10:02:44,10.72,-0.01,1,1072,卖盘
2642,10:02:41,10.73,--,1,1073,买盘
2643,10:02:38,10.73,--,18,19314,买盘
2644,10:02:32,10.73,0.01,11,11803,买盘
2645,10:02:29,10.72,-0.01,244,261568,卖盘
2646,10:02:26,10.73,0.01,17,18241,买盘
2647,10:02:23,10.72,--,180,193517,卖盘
2648,10:02:17,10.72,--,22,23584,卖盘
2649,10:02:14,10.72,-0.01,10,10720,卖盘
2650,10:02:11,10.73,--,42,45066,买盘
2651,10:02:08,10.73,0.01,94,100862,买盘
2652,10:02:02,10.72,--,22,23616,卖盘
2653,10:01:52,10.72,--,40,42880,卖盘
2654,10:01:40,10.72,-0.01,60,64320,卖盘
2655,10:01:37,10.73,0.01,7,7511,买盘
2656,10:01:34,10.72,--,466,500366,买盘
2657,10:01:31,10.72,0.01,15,16080,买盘
2658,10:01:19,10.71,-0.01,26,27846,卖盘
2659,10:01:16,10.72,0.01,22,23584,买盘
2660,10:01:13,10.71,-0.02,34,36414,卖盘
2661,10:01:10,10.73,--,20,21460,买盘
2662,10:01:07,10.73,0.01,754,809846,买盘
2663,10:01:01,10.72,--,17,18224,买盘
2664,10:00:58,10.72,-0.01,71,76176,卖盘
2665,10:00:55,10.73,0.01,44,47212,买盘
2666,10:00:52,10.72,--,467,500624,卖盘
2667,10:00:49,10.72,-0.01,60,64320,卖盘
2668,10:00:46,10.73,0.01,9,9657,买盘
2669,10:00:43,10.72,--,32,34304,卖盘
2670,10:00:40,10.72,--,100,107200,卖盘
2671,10:00:37,10.72,--,92,98624,卖盘
2672,10:00:28,10.72,--,23,24656,卖盘
2673,10:00:25,10.72,-0.01,8,8576,卖盘
2674,10:00:22,10.73,0.01,23,24679,买盘
2675,10:00:19,10.72,--,213,228336,卖盘
2676,10:00:16,10.72,--,5,5360,卖盘
2677,10:00:13,10.72,--,314,337615,买盘
2678,10:00:10,10.72,0.01,57,61104,买盘
2679,10:00:07,10.71,-0.01,158,169218,卖盘
2680,10:00:04,10.72,--,21,22512,买盘
2681,10:00:01,10.72,--,30,32160,买盘
2682,09:59:58,10.72,--,34,36490,买盘
2683,09:59:52,10.72,--,128,137216,买盘
2684,09:59:49,10.72,--,34,36448,买盘
2685,09:59:46,10.72,--,133,142640,卖盘
2686,09:59:43,10.72,-0.01,19,20368,卖盘
2687,09:59:34,10.73,0.01,145,156593,买盘
2688,09:59:31,10.72,--,15,16080,卖盘
2689,09:59:28,10.72,0.01,2,2144,卖盘
2690,09:59:22,10.71,--,250,268756,卖盘
2691,09:59:16,10.71,-0.01,220,236648,卖盘
2692,09:59:10,10.72,--,9,9648,买盘
2693,09:59:07,10.72,--,55,58960,买盘
2694,09:59:04,10.72,--,20,21440,买盘
2695,09:59:01,10.72,--,236,254010,买盘
2696,09:58:55,10.72,--,26,27872,卖盘
2697,09:58:52,10.72,--,10,10720,卖盘
2698,09:58:49,10.72,--,24,25728,卖盘
2699,09:58:46,10.72,--,10,10720,买盘
2700,09:58:43,10.72,--,4,4288,买盘
2701,09:58:40,10.72,0.01,8,8576,中性盘
2702,09:58:34,10.71,-0.03,10,10710,卖盘
2703,09:58:31,10.74,0.03,145,155794,买盘
2704,09:58:22,10.71,-0.01,121,129912,卖盘
2705,09:58:19,10.72,0.01,10,10720,买盘
2706,09:58:16,10.71,--,107,114918,卖盘
2707,09:58:07,10.71,--,215,230265,卖盘
2708,09:58:04,10.71,--,98,105279,卖盘
2709,09:58:01,10.71,0.01,88,94248,中性盘
2710,09:57:58,10.7,--,8092,8658761,卖盘
2711,09:57:55,10.7,-0.01,187,200143,卖盘
2712,09:57:52,10.71,0.01,27,28917,买盘
2713,09:57:49,10.7,--,93,99510,卖盘
2714,09:57:46,10.7,-0.01,200,214000,卖盘
2715,09:57:43,10.71,--,87,93498,卖盘
2716,09:57:40,10.71,-0.01,10,10710,卖盘
2717,09:57:37,10.72,0.02,69,73968,买盘
2718,09:57:34,10.7,-0.01,261,279270,卖盘
2719,09:57:31,10.71,--,170,182070,买盘
2720,09:57:28,10.71,-0.01,1,1071,中性盘
2721,09:57:22,10.72,0.01,152,162944,买盘
2722,09:57:19,10.71,--,35,37485,买盘
2723,09:57:16,10.71,-0.01,35,37891,卖盘
2724,09:57:13,10.72,0.01,113,121136,买盘
2725,09:57:07,10.71,-0.01,87,93498,卖盘
2726,09:57:01,10.72,0.01,116,124352,买盘
2727,09:56:58,10.71,--,40,43182,买盘
2728,09:56:55,10.71,--,111,119609,卖盘
2729,09:56:52,10.71,--,14,15047,卖盘
2730,09:56:49,10.71,-0.01,77,82467,卖盘
2731,09:56:46,10.72,--,62,66464,买盘
2732,09:56:43,10.72,0.01,28,30016,买盘
2733,09:56:40,10.71,--,51,54621,卖盘
2734,09:56:37,10.71,-0.01,141,151332,卖盘
2735,09:56:34,10.72,0.01,58,62176,买盘
2736,09:56:31,10.71,--,151,162042,卖盘
2737,09:56:28,10.71,--,134,143749,卖盘
2738,09:56:22,10.71,-0.01,243,260574,卖盘
2739,09:56:19,10.72,--,495,530961,买盘
2740,09:56:13,10.72,--,61,65392,买盘
2741,09:56:10,10.72,0.01,71,76112,买盘
2742,09:56:07,10.71,--,87,93498,卖盘
2743,09:56:01,10.71,-0.01,86,92106,卖盘
2744,09:55:58,10.72,0.01,490,525601,买盘
2745,09:55:52,10.71,-0.01,64,68597,卖盘
2746,09:55:46,10.72,0.01,305,327496,买盘
2747,09:55:43,10.71,--,47,50337,买盘
2748,09:55:40,10.71,--,479,513116,卖盘
2749,09:55:37,10.71,-0.01,13,13923,卖盘
2750,09:55:34,10.72,0.01,209,224048,买盘
2751,09:55:28,10.71,-0.01,119,127770,卖盘
2752,09:55:25,10.72,--,15,16080,买盘
2753,09:55:22,10.72,--,137,147185,买盘
2754,09:55:19,10.72,0.01,6,6432,买盘
2755,09:55:16,10.71,--,30,32130,卖盘
2756,09:55:10,10.71,--,87,93498,卖盘
2757,09:55:04,10.71,--,5,5355,卖盘
2758,09:55:01,10.71,0.01,367,393870,买盘
2759,09:54:58,10.7,--,95,101703,卖盘
2760,09:54:55,10.7,-0.01,87,93411,卖盘
2761,09:54:52,10.71,--,100,107100,买盘
2762,09:54:49,10.71,0.01,10,11609,买盘
2763,09:54:43,10.7,-0.01,87,93411,卖盘
2764,09:54:40,10.71,0.01,326,349146,买盘
2765,09:54:37,10.7,-0.01,67,71690,卖盘
2766,09:54:34,10.71,0.01,320,342720,买盘
2767,09:54:31,10.7,-0.01,2,3081,卖盘
2768,09:54:28,10.71,0.01,44,47937,买盘
2769,09:54:25,10.7,--,136,146536,卖盘
2770,09:54:22,10.7,-0.01,224,239679,卖盘
2771,09:54:19,10.71,0.01,106,113847,买盘
2772,09:54:10,10.7,--,916,980162,买盘
2773,09:54:07,10.7,0.01,80,85600,买盘
2774,09:54:01,10.69,--,82,87658,卖盘
2775,09:53:58,10.69,--,159,170045,卖盘
2776,09:53:55,10.69,--,14,14966,卖盘
2777,09:53:52,10.69,-0.01,5,5345,卖盘
2778,09:53:46,10.7,0.01,11,11770,买盘
2779,09:53:40,10.69,--,250,268041,买盘
2780,09:53:34,10.69,--,84,89796,买盘
2781,09:53:31,10.69,--,94,100486,买盘
2782,09:53:25,10.69,--,60,64140,买盘
2783,09:53:22,10.69,--,5,5345,买盘
2784,09:53:19,10.69,--,401,428989,买盘
2785,09:53:16,10.69,--,143,152867,买盘
2786,09:53:13,10.69,--,23,24587,买盘
2787,09:53:10,10.69,--,94,100486,买盘
2788,09:53:04,10.69,--,201,214869,买盘
2789,09:53:01,10.69,--,26,27794,买盘
2790,09:52:58,10.69,0.01,7,7483,买盘
