,time,price,change,volume,amount,type
0,15:00:23,6.58,0.01,816,537460,卖盘
1,14:57:35,6.57,--,0,0,卖盘
2,14:56:53,6.57,--,12,7884,卖盘
3,14:56:41,6.57,-0.01,15,9855,卖盘
4,14:56:35,6.58,--,5,3290,买盘
5,14:56:29,6.58,--,10,6580,买盘
6,14:56:11,6.58,--,5,3290,买盘
7,14:56:08,6.58,--,23,15134,买盘
8,14:56:02,6.58,--,320,210560,买盘
9,14:55:59,6.58,--,2,1316,买盘
10,14:55:56,6.58,--,4,2632,买盘
11,14:55:53,6.58,0.01,74,48692,买盘
12,14:55:47,6.57,-0.01,42,27594,卖盘
13,14:55:44,6.58,--,50,32900,买盘
14,14:55:38,6.58,-0.01,4,2757,卖盘
15,14:55:29,6.59,0.02,98,65115,买盘
16,14:55:26,6.57,-0.01,7,4599,卖盘
17,14:55:23,6.58,--,32,21056,买盘
18,14:55:17,6.58,--,29,19082,买盘
19,14:55:14,6.58,--,45,29610,买盘
20,14:55:11,6.58,--,4,2632,买盘
21,14:54:59,6.58,--,20,13160,买盘
22,14:54:53,6.58,--,493,324519,卖盘
23,14:54:47,6.58,--,61,40138,卖盘
24,14:54:38,6.58,--,6,3948,卖盘
25,14:54:29,6.58,--,21,13818,卖盘
26,14:54:23,6.58,-0.01,14,9212,卖盘
27,14:54:20,6.59,0.01,77,50743,买盘
28,14:54:17,6.58,--,102,67116,卖盘
29,14:54:14,6.58,-0.01,50,32900,卖盘
30,14:54:05,6.59,--,230,151570,买盘
31,14:53:56,6.59,0.01,299,197041,买盘
32,14:53:53,6.58,-0.01,10,6580,卖盘
33,14:53:50,6.59,--,105,69195,买盘
34,14:53:47,6.59,--,1,659,买盘
35,14:53:32,6.59,--,30,19770,买盘
36,14:53:29,6.59,--,65,42835,买盘
37,14:53:08,6.59,0.01,2,1318,买盘
38,14:52:59,6.58,--,50,32900,卖盘
39,14:52:50,6.58,0.01,293,193326,买盘
40,14:52:44,6.57,-0.01,15,9855,卖盘
41,14:52:35,6.58,--,100,65800,买盘
42,14:52:23,6.58,0.01,50,32900,买盘
43,14:52:20,6.57,--,10,6570,卖盘
44,14:52:14,6.57,-0.01,5,3285,卖盘
45,14:52:05,6.58,--,4,2632,买盘
46,14:51:56,6.58,0.01,30,19740,买盘
47,14:51:50,6.57,--,38,24966,卖盘
48,14:51:41,6.57,-0.01,26,17082,卖盘
49,14:51:11,6.58,0.01,20,13160,买盘
50,14:50:53,6.57,0.01,660,433948,买盘
51,14:50:50,6.56,--,50,32800,卖盘
52,14:50:38,6.56,-0.01,2,1312,卖盘
53,14:50:35,6.57,--,28,18396,买盘
54,14:50:26,6.57,--,5,3285,买盘
55,14:50:01,6.57,-0.01,88,57816,卖盘
56,14:49:46,6.58,--,14,9212,买盘
57,14:49:43,6.58,--,130,85540,买盘
58,14:49:19,6.58,0.01,200,131600,买盘
59,14:49:07,6.57,--,40,26280,卖盘
60,14:48:58,6.57,--,2,1314,卖盘
61,14:48:46,6.57,--,100,65700,卖盘
62,14:48:43,6.57,--,16,10512,卖盘
63,14:48:31,6.57,--,117,76869,卖盘
64,14:48:04,6.57,--,5,3285,卖盘
65,14:47:52,6.57,--,5,3285,卖盘
66,14:47:49,6.57,--,2,1314,卖盘
67,14:47:40,6.57,-0.01,1,657,卖盘
68,14:47:34,6.58,0.01,9,5922,买盘
69,14:47:13,6.57,--,12,7884,卖盘
70,14:46:58,6.57,--,184,120888,买盘
71,14:46:52,6.57,--,50,32850,买盘
72,14:46:37,6.57,--,147,96579,买盘
73,14:46:19,6.57,--,15,9855,买盘
74,14:46:13,6.57,--,10,6570,买盘
75,14:45:37,6.57,0.01,20,13140,买盘
76,14:45:25,6.56,--,1,656,卖盘
77,14:45:22,6.56,--,4,2624,卖盘
78,14:45:01,6.56,-0.01,3,1967,卖盘
79,14:44:55,6.57,0.01,14,9198,买盘
80,14:44:49,6.56,--,50,32800,卖盘
81,14:44:37,6.56,-0.01,500,328000,卖盘
82,14:44:34,6.57,--,2,1314,买盘
83,14:44:31,6.57,0.01,30,19710,买盘
84,14:44:22,6.56,-0.01,8,5248,卖盘
85,14:44:16,6.57,--,10,6570,买盘
86,14:44:01,6.57,--,20,13140,买盘
87,14:43:49,6.57,0.01,1,657,买盘
88,14:43:46,6.56,-0.01,71,46576,卖盘
89,14:43:34,6.57,--,2,1314,买盘
90,14:43:28,6.57,--,37,24309,卖盘
91,14:43:19,6.57,--,16,10512,卖盘
92,14:43:04,6.57,--,5,3285,卖盘
93,14:42:52,6.57,--,153,100521,买盘
94,14:42:28,6.57,--,1,657,买盘
95,14:42:22,6.57,-0.01,34,22338,卖盘
96,14:42:16,6.58,0.01,3,1974,买盘
97,14:42:10,6.57,--,10,6570,卖盘
98,14:42:01,6.57,-0.01,5,3285,卖盘
99,14:41:40,6.58,0.01,4,2632,买盘
100,14:41:19,6.57,--,1,657,卖盘
101,14:41:10,6.57,-0.01,21,13797,卖盘
102,14:40:52,6.58,0.01,1,658,买盘
103,14:40:49,6.57,-0.01,80,52560,卖盘
104,14:40:22,6.58,--,20,13160,买盘
105,14:40:19,6.58,--,11,7238,买盘
106,14:40:04,6.58,--,5,3290,买盘
107,14:39:58,6.58,0.01,22,14476,买盘
108,14:39:49,6.57,--,1,657,卖盘
109,14:39:34,6.57,-0.01,5,3285,卖盘
110,14:39:10,6.58,--,64,42237,卖盘
111,14:39:04,6.58,0.02,335,220962,买盘
112,14:38:52,6.56,-0.01,161,105616,卖盘
113,14:38:40,6.57,-0.01,50,32850,卖盘
114,14:37:58,6.58,0.02,10,6580,买盘
115,14:37:37,6.56,-0.02,5,3280,卖盘
116,14:37:31,6.58,0.02,102,67116,买盘
117,14:37:25,6.56,-0.01,50,32800,卖盘
118,14:37:22,6.57,--,118,77650,卖盘
119,14:37:16,6.57,--,188,124048,买盘
120,14:37:07,6.57,0.01,10,6570,买盘
121,14:36:49,6.56,-0.01,8,5248,卖盘
122,14:36:16,6.57,--,13,8541,买盘
123,14:36:13,6.57,--,5,3285,买盘
124,14:35:58,6.57,--,7,4599,买盘
125,14:35:55,6.57,--,26,17206,卖盘
126,14:35:22,6.57,--,40,26280,卖盘
127,14:35:07,6.57,--,180,118792,买盘
128,14:35:04,6.57,0.01,59,38763,买盘
129,14:34:37,6.56,--,10,6560,卖盘
130,14:34:31,6.56,--,159,104304,买盘
131,14:34:13,6.56,-0.01,117,76752,卖盘
132,14:34:07,6.57,--,1,657,买盘
133,14:34:01,6.57,--,9,6037,卖盘
134,14:33:46,6.57,--,12,8416,买盘
135,14:33:34,6.57,0.01,168,110376,买盘
136,14:33:28,6.56,--,35,22960,卖盘
137,14:33:19,6.56,--,2,1312,卖盘
138,14:33:16,6.56,-0.01,32,20992,卖盘
139,14:33:10,6.57,--,1,657,买盘
140,14:33:01,6.57,0.01,5,3285,买盘
141,14:32:55,6.56,0.01,7,4592,中性盘
142,14:32:19,6.55,-0.02,10,6550,卖盘
143,14:32:16,6.57,--,10,6570,买盘
144,14:32:10,6.57,--,53,34821,买盘
145,14:31:55,6.57,--,1,657,买盘
146,14:31:16,6.57,--,5,3285,买盘
147,14:31:13,6.57,0.03,22,14454,买盘
148,14:30:55,6.54,-0.03,2,1308,卖盘
149,14:30:52,6.57,--,71,46647,买盘
150,14:30:40,6.57,0.03,68,44676,买盘
151,14:30:03,6.54,--,310,202740,卖盘
152,14:30:00,6.54,--,10,6540,卖盘
153,14:29:57,6.54,--,6,3924,卖盘
154,14:29:54,6.54,-0.01,65,42510,卖盘
155,14:29:24,6.55,0.01,13,8515,买盘
156,14:29:09,6.54,--,1,654,卖盘
157,14:29:00,6.54,--,4,2616,买盘
158,14:28:54,6.54,--,6,3924,买盘
159,14:28:51,6.54,-0.01,48,31392,卖盘
160,14:28:36,6.55,--,88,57640,卖盘
161,14:28:30,6.55,0.01,11,7205,买盘
162,14:28:27,6.54,--,170,111180,买盘
163,14:28:12,6.54,--,33,21582,买盘
164,14:28:06,6.54,--,80,52320,买盘
165,14:28:00,6.54,--,63,41202,买盘
166,14:27:51,6.54,--,237,154998,卖盘
167,14:27:27,6.54,0.01,52,34008,中性盘
168,14:27:21,6.53,-0.01,100,65300,卖盘
169,14:27:18,6.54,--,53,34662,买盘
170,14:27:12,6.54,--,73,47742,买盘
171,14:27:00,6.54,--,100,65400,买盘
172,14:26:57,6.54,--,5,3270,买盘
173,14:26:54,6.54,-0.03,257,168078,卖盘
174,14:26:51,6.57,0.02,50,32850,买盘
175,14:26:36,6.55,0.01,20,13100,买盘
176,14:26:30,6.54,--,10,6540,买盘
177,14:26:27,6.54,--,50,32700,买盘
178,14:26:21,6.54,--,38,24852,买盘
179,14:26:18,6.54,0.01,40,26160,中性盘
180,14:26:03,6.53,-0.02,1060,692180,卖盘
181,14:25:54,6.55,--,40,26200,买盘
182,14:25:48,6.55,--,11,7205,买盘
183,14:25:30,6.55,--,12,7860,买盘
184,14:25:27,6.55,0.01,22,14410,买盘
185,14:25:03,6.54,-0.01,16,10464,卖盘
186,14:24:54,6.55,--,46,30130,买盘
187,14:24:42,6.55,0.01,102,66810,买盘
188,14:24:39,6.54,--,70,45780,卖盘
189,14:24:09,6.54,--,193,126222,卖盘
190,14:24:06,6.54,-0.01,9,5886,卖盘
191,14:24:03,6.55,--,27,17685,买盘
192,14:24:00,6.55,0.01,1,655,买盘
193,14:23:51,6.54,-0.01,148,96792,卖盘
194,14:23:42,6.55,--,1,655,买盘
195,14:23:12,6.55,--,115,75325,卖盘
196,14:23:06,6.55,--,50,32750,卖盘
197,14:22:39,6.55,--,30,19650,卖盘
198,14:22:24,6.55,-0.02,44,28820,卖盘
199,14:22:18,6.57,0.02,60,39420,中性盘
200,14:21:54,6.55,--,44,28820,卖盘
201,14:21:33,6.55,-0.01,51,33405,卖盘
202,14:21:09,6.56,-0.02,50,32800,卖盘
203,14:20:54,6.58,0.02,20,13160,买盘
204,14:20:48,6.56,--,10,6560,卖盘
205,14:20:42,6.56,--,1,656,卖盘
206,14:20:30,6.56,-0.01,45,29520,卖盘
207,14:20:27,6.57,0.01,28,18396,中性盘
208,14:19:48,6.56,--,53,34768,卖盘
209,14:19:30,6.56,--,4,2624,卖盘
210,14:19:27,6.56,-0.02,45,29520,卖盘
211,14:18:51,6.58,--,205,134890,买盘
212,14:18:33,6.58,0.02,21,13818,买盘
213,14:18:15,6.56,-0.02,15,9840,卖盘
214,14:18:15,6.58,--,29,19082,买盘
215,14:18:06,6.58,--,50,32900,买盘
216,14:17:57,6.58,--,4,2632,买盘
217,14:17:54,6.58,--,40,26320,买盘
218,14:17:36,6.58,0.01,22,14476,买盘
219,14:17:27,6.57,--,2,1314,卖盘
220,14:17:24,6.57,--,1,657,卖盘
221,14:17:12,6.57,--,20,13140,买盘
222,14:17:03,6.57,--,3,1971,买盘
223,14:16:54,6.57,0.01,38,24966,买盘
224,14:16:51,6.56,-0.01,50,32800,卖盘
225,14:16:42,6.57,-0.01,98,64386,卖盘
226,14:16:39,6.58,0.01,5,3290,买盘
227,14:16:00,6.57,-0.01,50,32850,卖盘
228,14:15:33,6.58,0.01,20,13160,买盘
229,14:15:30,6.57,-0.01,8,5256,卖盘
230,14:15:12,6.58,--,1,658,买盘
231,14:15:00,6.58,0.01,2,1316,买盘
232,14:14:54,6.57,-0.01,10,6570,卖盘
233,14:14:39,6.58,-0.01,1,658,卖盘
234,14:14:30,6.59,--,196,129164,买盘
235,14:14:24,6.59,--,23,15157,买盘
236,14:14:09,6.59,--,110,72490,买盘
237,14:13:57,6.59,0.03,5,3295,买盘
238,14:13:54,6.56,-0.02,59,38704,卖盘
239,14:13:36,6.58,--,3,1974,卖盘
240,14:13:33,6.58,--,1,658,买盘
241,14:13:24,6.58,--,51,33558,卖盘
242,14:13:06,6.58,--,50,32900,卖盘
243,14:12:45,6.58,-0.01,50,32900,卖盘
244,14:12:39,6.59,0.01,7,4613,买盘
245,14:12:36,6.58,-0.01,20,13160,中性盘
246,14:12:18,6.59,0.01,5,3295,买盘
247,14:12:12,6.58,--,6,3948,卖盘
248,14:11:54,6.58,--,21,13818,买盘
249,14:11:51,6.58,0.01,62,40796,买盘
250,14:11:15,6.57,0.01,50,32850,买盘
251,14:11:06,6.56,--,181,118736,买盘
252,14:11:00,6.56,--,120,78720,买盘
253,14:10:57,6.56,--,50,32800,买盘
254,14:10:47,6.56,--,50,32800,买盘
255,14:10:41,6.56,--,5,3280,买盘
256,14:10:32,6.56,--,5,3280,买盘
257,14:10:26,6.56,--,17,11152,买盘
258,14:10:20,6.56,--,500,328000,买盘
259,14:10:11,6.56,--,22,14432,买盘
260,14:10:02,6.56,--,20,13120,买盘
261,14:09:59,6.56,--,18,11808,买盘
262,14:09:53,6.56,--,24,15743,买盘
263,14:09:50,6.56,--,17,11152,买盘
264,14:09:41,6.56,0.01,326,213856,买盘
265,14:09:35,6.55,-0.01,156,102180,卖盘
266,14:09:32,6.56,--,5,3280,买盘
267,14:09:26,6.56,--,93,61008,买盘
268,14:09:23,6.56,--,80,52480,买盘
269,14:09:17,6.56,--,55,36080,买盘
270,14:08:56,6.56,0.01,18,11808,买盘
271,14:08:53,6.55,--,8,5240,卖盘
272,14:08:41,6.55,0.01,22,14410,买盘
273,14:08:32,6.54,--,122,79788,卖盘
274,14:08:26,6.54,--,278,181812,卖盘
275,14:08:17,6.54,--,10,6540,卖盘
276,14:07:35,6.54,--,10,6540,卖盘
277,14:07:29,6.54,--,2,1308,卖盘
278,14:07:26,6.54,--,9,5886,卖盘
279,14:06:53,6.54,--,7,4578,卖盘
280,14:06:14,6.54,--,30,19620,卖盘
281,14:05:50,6.54,-0.01,5,3270,卖盘
282,14:05:38,6.55,0.01,20,13100,买盘
283,14:05:20,6.54,-0.01,30,19620,卖盘
284,14:05:11,6.55,0.01,14,9170,买盘
285,14:04:32,6.54,-0.01,7,4578,卖盘
286,14:04:29,6.55,0.01,103,67465,买盘
287,14:03:17,6.54,--,20,13080,卖盘
288,14:02:56,6.54,--,14,9156,卖盘
289,14:02:53,6.54,-0.01,59,38586,卖盘
290,14:02:50,6.55,0.01,23,15065,买盘
291,14:02:47,6.54,--,57,37278,买盘
292,14:02:38,6.54,-0.01,43,28122,卖盘
293,14:02:26,6.55,0.01,20,13100,买盘
294,14:02:20,6.54,--,2,1308,卖盘
295,14:02:17,6.54,-0.01,100,65400,卖盘
296,14:02:08,6.55,0.01,2,1310,买盘
297,14:02:05,6.54,--,219,143226,卖盘
298,14:01:50,6.54,-0.01,9,5886,卖盘
299,14:01:29,6.55,--,9,5895,买盘
300,14:01:02,6.55,0.01,5,3275,买盘
301,14:00:59,6.54,-0.01,18,11772,卖盘
302,14:00:53,6.55,--,20,13100,买盘
303,14:00:26,6.55,--,3,1965,买盘
304,14:00:05,6.55,-0.01,156,102180,卖盘
305,14:00:02,6.56,0.01,33,21648,买盘
306,13:59:56,6.55,--,8,5240,卖盘
307,13:59:47,6.55,--,10,6550,卖盘
308,13:59:08,6.55,-0.01,20,13100,卖盘
309,13:58:53,6.56,--,54,35424,买盘
310,13:58:29,6.56,0.02,4,2624,买盘
311,13:58:26,6.54,-0.01,120,78480,卖盘
312,13:58:17,6.55,--,30,19650,卖盘
313,13:57:53,6.55,-0.01,10,6550,中性盘
314,13:57:47,6.56,0.02,23,15088,买盘
315,13:57:29,6.54,-0.01,10,6540,卖盘
316,13:57:20,6.55,--,3,1965,买盘
317,13:56:50,6.55,--,30,19650,买盘
318,13:56:41,6.55,--,22,14410,买盘
319,13:56:29,6.55,--,21,13755,买盘
320,13:56:23,6.55,--,60,39300,买盘
321,13:56:17,6.55,--,10,6550,买盘
322,13:56:08,6.55,--,22,14410,买盘
323,13:55:50,6.55,--,419,274445,卖盘
324,13:55:44,6.55,--,5,3275,卖盘
325,13:55:32,6.55,-0.01,8,5240,卖盘
326,13:54:56,6.56,--,1,656,买盘
327,13:54:47,6.56,-0.01,66,43296,卖盘
328,13:54:20,6.57,--,1,657,卖盘
329,13:54:11,6.57,--,100,65700,卖盘
330,13:54:08,6.57,--,10,6570,卖盘
331,13:53:56,6.57,--,20,13140,卖盘
332,13:53:53,6.57,--,46,30222,卖盘
333,13:53:47,6.57,--,34,22338,买盘
334,13:53:41,6.57,--,50,32850,买盘
335,13:53:08,6.57,0.01,23,15111,买盘
336,13:53:02,6.56,--,60,39360,卖盘
337,13:52:53,6.56,0.01,4,2624,买盘
338,13:52:05,6.55,--,9,5895,卖盘
339,13:51:56,6.55,--,1,786,卖盘
340,13:51:38,6.55,--,27,18189,买盘
341,13:51:19,6.55,--,20,13100,买盘
342,13:51:04,6.55,--,90,58950,买盘
343,13:50:55,6.55,0.01,35,22925,买盘
344,13:50:46,6.54,--,15,9810,卖盘
345,13:50:31,6.54,-0.01,10,6540,卖盘
346,13:50:28,6.55,--,2,1310,买盘
347,13:50:13,6.55,--,1,655,买盘
348,13:50:10,6.55,0.01,30,19650,买盘
349,13:49:58,6.54,-0.01,15,9810,卖盘
350,13:49:55,6.55,0.01,132,86460,买盘
351,13:49:49,6.54,-0.01,19,12426,卖盘
352,13:49:43,6.55,--,47,30785,买盘
353,13:49:31,6.55,0.02,45,29475,买盘
354,13:49:16,6.53,-0.01,21,13713,卖盘
355,13:49:13,6.54,0.01,6,3924,买盘
356,13:49:07,6.53,-0.01,48,31344,卖盘
357,13:48:58,6.54,0.01,10,6540,买盘
358,13:48:52,6.53,-0.01,200,130600,卖盘
359,13:48:40,6.54,--,53,34662,卖盘
360,13:48:37,6.54,--,1,654,买盘
361,13:48:34,6.54,--,6,3924,卖盘
362,13:48:31,6.54,--,3,1962,卖盘
363,13:48:25,6.54,--,90,58860,卖盘
364,13:48:22,6.54,--,20,13080,卖盘
365,13:48:19,6.54,--,18,11772,卖盘
366,13:48:13,6.54,0.01,100,65400,卖盘
367,13:48:07,6.53,-0.01,400,261200,卖盘
368,13:47:55,6.54,-0.01,2,1308,卖盘
369,13:47:52,6.55,0.01,18,11790,买盘
370,13:47:43,6.54,--,100,65400,卖盘
371,13:47:40,6.54,--,5,3270,卖盘
372,13:47:10,6.54,--,51,33354,卖盘
373,13:47:04,6.54,--,19,12426,卖盘
374,13:47:01,6.54,-0.01,37,24198,卖盘
375,13:46:58,6.55,0.01,3,1965,买盘
376,13:46:52,6.54,--,3,1962,卖盘
377,13:46:40,6.54,--,89,58206,卖盘
378,13:46:37,6.54,-0.01,208,136032,卖盘
379,13:46:19,6.55,--,49,32245,卖盘
380,13:46:13,6.55,--,383,251369,卖盘
381,13:46:10,6.55,--,304,199120,卖盘
382,13:45:52,6.55,-0.01,5,3275,卖盘
383,13:45:43,6.56,--,2,1312,买盘
384,13:45:37,6.56,--,1,656,买盘
385,13:45:25,6.56,--,0,150,卖盘
386,13:45:22,6.56,--,200,131200,卖盘
387,13:45:19,6.56,--,15,9840,卖盘
388,13:45:07,6.56,-0.01,9,5904,卖盘
389,13:44:40,6.57,--,10,6570,买盘
390,13:44:34,6.57,--,77,50589,买盘
391,13:44:22,6.57,--,1,657,买盘
392,13:43:31,6.57,--,5,3285,买盘
393,13:43:13,6.57,--,55,36135,买盘
394,13:42:52,6.57,0.01,20,13140,买盘
395,13:42:46,6.56,--,20,13120,卖盘
396,13:42:40,6.56,-0.01,45,29520,卖盘
397,13:42:31,6.57,--,23,15111,买盘
398,13:42:04,6.57,0.01,5,3285,买盘
399,13:41:55,6.56,--,13,8528,卖盘
400,13:41:52,6.56,--,13,8528,卖盘
401,13:41:43,6.56,--,12,7871,卖盘
402,13:41:34,6.56,--,343,225513,卖盘
403,13:41:31,6.56,--,10,6560,卖盘
404,13:41:25,6.56,--,20,13120,卖盘
405,13:41:19,6.56,--,10,6560,卖盘
406,13:41:16,6.56,--,10,6560,卖盘
407,13:41:13,6.56,-0.01,10,6560,卖盘
408,13:41:10,6.57,0.01,16,10512,买盘
409,13:41:07,6.56,-0.01,16,10496,卖盘
410,13:40:58,6.57,--,16,10512,卖盘
411,13:40:55,6.57,0.01,224,147168,买盘
412,13:40:52,6.56,--,18,11808,卖盘
413,13:40:46,6.56,--,8,5248,卖盘
414,13:40:40,6.56,--,8,5248,卖盘
415,13:40:31,6.56,--,6,3935,卖盘
416,13:40:25,6.56,--,6,3935,卖盘
417,13:40:22,6.56,--,28,18368,卖盘
418,13:40:10,6.56,--,12,7871,卖盘
419,13:40:04,6.56,--,6,3935,卖盘
420,13:39:55,6.56,-0.01,1,656,卖盘
421,13:39:37,6.57,0.01,5,3285,买盘
422,13:39:34,6.56,-0.01,10,6560,卖盘
423,13:39:22,6.57,--,5,3285,买盘
424,13:39:19,6.57,0.01,23,15111,买盘
425,13:39:01,6.56,--,50,32800,卖盘
426,13:38:49,6.56,--,36,23616,卖盘
427,13:38:25,6.56,--,20,13120,卖盘
428,13:38:07,6.56,--,94,61663,卖盘
429,13:37:49,6.56,-0.02,100,65600,卖盘
430,13:37:25,6.58,0.02,3,1974,卖盘
431,13:37:04,6.56,-0.03,20,13120,卖盘
432,13:36:43,6.59,--,9,5931,买盘
433,13:36:40,6.59,0.03,2,1318,买盘
434,13:36:31,6.56,--,50,32800,卖盘
435,13:36:25,6.56,-0.01,100,65600,卖盘
436,13:36:22,6.57,0.01,1,657,中性盘
437,13:35:37,6.56,-0.04,773,507087,卖盘
438,13:35:34,6.6,0.02,2,1320,买盘
439,13:35:25,6.58,-0.01,9,5922,卖盘
440,13:35:19,6.59,-0.01,284,187156,卖盘
441,13:35:13,6.6,--,1,660,买盘
442,13:34:58,6.6,--,1,660,买盘
443,13:34:28,6.6,--,3,1980,买盘
444,13:33:58,6.6,--,3,1980,买盘
445,13:33:55,6.6,--,22,14520,买盘
446,13:33:28,6.6,0.01,3,1980,买盘
447,13:33:22,6.59,-0.01,4,2636,卖盘
448,13:33:19,6.6,0.01,7,4620,买盘
449,13:33:16,6.59,-0.01,6,3954,卖盘
450,13:33:01,6.6,--,7,4620,买盘
451,13:32:55,6.6,--,19,12540,买盘
452,13:32:46,6.6,--,21,13860,买盘
453,13:32:40,6.6,--,10,6600,买盘
454,13:32:28,6.6,-0.01,411,271260,卖盘
455,13:32:25,6.61,--,3,1983,买盘
456,13:32:22,6.61,--,1,661,买盘
457,13:32:13,6.61,--,24,15864,卖盘
458,13:32:10,6.61,--,8,5288,卖盘
459,13:32:04,6.61,--,68,44948,买盘
460,13:31:36,6.61,--,2,1322,买盘
461,13:31:00,6.61,0.01,5,3305,买盘
462,13:30:57,6.6,--,36,23760,卖盘
463,13:30:45,6.6,-0.01,72,47520,卖盘
464,13:30:24,6.61,0.01,12,7932,买盘
465,13:30:12,6.6,--,8,5280,卖盘
466,13:29:57,6.6,-0.01,102,67320,卖盘
467,13:29:42,6.61,--,3,1983,买盘
468,13:29:36,6.61,--,10,6610,买盘
469,13:29:27,6.61,--,25,16525,买盘
470,13:29:12,6.61,--,15,9915,买盘
471,13:28:39,6.61,0.01,6,3966,买盘
472,13:28:36,6.6,-0.01,22,14520,卖盘
473,13:28:33,6.61,--,10,6610,买盘
474,13:28:18,6.61,--,29,19169,买盘
475,13:27:15,6.61,0.01,132,87252,买盘
476,13:27:00,6.6,--,23,15180,买盘
477,13:26:57,6.6,0.01,4,2640,买盘
478,13:26:54,6.59,-0.01,24,15816,卖盘
479,13:26:42,6.6,0.01,27,17820,买盘
480,13:26:27,6.59,-0.01,273,179907,卖盘
481,13:26:24,6.6,--,15,9900,买盘
482,13:26:18,6.6,--,22,14520,买盘
483,13:25:42,6.6,--,22,14520,买盘
484,13:25:24,6.6,--,15,9900,买盘
485,13:25:09,6.6,--,118,77880,卖盘
486,13:25:00,6.6,--,10,6600,卖盘
487,13:24:48,6.6,-0.01,1,660,卖盘
488,13:24:42,6.61,0.01,1,661,买盘
489,13:24:30,6.6,-0.01,10,6600,卖盘
490,13:23:45,6.61,--,49,32389,买盘
491,13:23:24,6.61,--,5,3305,买盘
492,13:23:21,6.61,-0.01,8,5288,卖盘
493,13:22:54,6.62,--,50,33100,买盘
494,13:22:48,6.62,--,10,6620,买盘
495,13:22:42,6.62,--,49,32709,卖盘
496,13:22:39,6.62,--,273,180726,卖盘
497,13:22:33,6.62,--,10,6620,卖盘
498,13:22:30,6.62,--,675,446850,卖盘
499,13:22:27,6.62,--,50,33100,卖盘
500,13:22:06,6.62,0.01,406,269162,买盘
501,13:21:57,6.61,-0.01,30,19830,中性盘
502,13:21:48,6.62,--,22,14564,买盘
503,13:21:36,6.62,--,2,1324,买盘
504,13:21:27,6.62,--,39,25818,买盘
505,13:21:18,6.62,0.03,820,542840,买盘
506,13:21:09,6.59,--,29,19111,买盘
507,13:21:03,6.59,-0.01,43,28337,卖盘
508,13:20:57,6.6,--,15,9900,买盘
509,13:20:54,6.6,--,23,15180,买盘
510,13:20:51,6.6,--,141,93060,买盘
511,13:19:48,6.6,0.01,1,660,买盘
512,13:19:30,6.59,--,12,7908,买盘
513,13:19:27,6.59,--,2,1318,买盘
514,13:19:21,6.59,--,3,1977,卖盘
515,13:19:09,6.59,0.01,12,7908,买盘
516,13:18:57,6.58,-0.01,3,1974,卖盘
517,13:18:54,6.59,0.01,2,1318,买盘
518,13:18:36,6.58,-0.01,1,658,卖盘
519,13:18:30,6.59,--,22,14498,买盘
520,13:18:27,6.59,0.01,132,86988,买盘
521,13:18:24,6.58,-0.01,60,39480,卖盘
522,13:18:00,6.59,0.01,22,14498,买盘
523,13:17:57,6.58,-0.01,19,12502,卖盘
524,13:17:48,6.59,--,28,18452,买盘
525,13:16:54,6.59,--,12,7908,买盘
526,13:16:39,6.59,-0.01,79,52061,卖盘
527,13:16:00,6.6,0.01,20,13200,买盘
528,13:15:42,6.59,--,10,6590,卖盘
529,13:15:27,6.59,--,3,1977,卖盘
530,13:15:06,6.59,--,16,10544,卖盘
531,13:14:45,6.59,--,8,5272,卖盘
532,13:14:39,6.59,--,14,9226,买盘
533,13:14:36,6.59,--,1,659,卖盘
534,13:14:30,6.59,--,7,4613,卖盘
535,13:14:18,6.59,--,1,659,卖盘
536,13:14:09,6.59,--,6,3954,买盘
537,13:13:42,6.59,--,30,19770,买盘
538,13:13:02,6.59,--,10,6590,买盘
539,13:12:29,6.59,--,81,53379,买盘
540,13:11:50,6.59,0.01,22,14498,买盘
541,13:11:38,6.58,--,5,3290,卖盘
542,13:11:29,6.58,--,43,28294,卖盘
543,13:11:11,6.58,-0.01,26,17108,卖盘
544,13:11:02,6.59,--,2,1318,买盘
545,13:10:44,6.59,0.01,22,14498,买盘
546,13:10:29,6.58,--,10,6580,卖盘
547,13:10:08,6.58,-0.01,4,2632,卖盘
548,13:09:38,6.59,0.01,5,3295,买盘
549,13:08:56,6.58,--,2,1316,卖盘
550,13:08:38,6.58,--,29,19082,卖盘
551,13:08:23,6.58,-0.01,31,20398,卖盘
552,13:07:23,6.59,0.01,24,15816,买盘
553,13:07:20,6.58,--,21,13818,卖盘
554,13:06:26,6.58,-0.01,20,13160,卖盘
555,13:06:17,6.59,--,5,3295,买盘
556,13:06:14,6.59,--,15,9885,买盘
557,13:06:05,6.59,--,23,15157,买盘
558,13:05:50,6.59,--,8,5272,买盘
559,13:05:38,6.59,-0.01,17,11203,中性盘
560,13:05:05,6.6,0.02,100,66000,买盘
561,13:04:44,6.58,--,5,3290,卖盘
562,13:04:38,6.58,-0.02,46,30268,卖盘
563,13:04:17,6.6,--,10,6600,买盘
564,13:04:11,6.6,--,6,3960,买盘
565,13:04:08,6.6,--,5,3300,买盘
566,13:04:02,6.6,-0.02,11,7662,卖盘
567,13:03:50,6.62,0.01,214,141668,买盘
568,13:03:41,6.61,--,23,15203,买盘
569,13:03:23,6.61,0.01,260,171860,买盘
570,13:03:14,6.6,--,40,26400,卖盘
571,13:03:11,6.6,0.01,334,220697,买盘
572,13:03:08,6.59,0.01,30,19770,买盘
573,13:02:56,6.58,--,1,658,卖盘
574,13:02:20,6.58,-0.01,8,5264,卖盘
575,13:02:14,6.59,0.01,2,1318,买盘
576,13:02:02,6.58,-0.01,6,3948,卖盘
577,13:01:53,6.59,0.01,50,32950,买盘
578,13:01:47,6.58,-0.01,2,1316,卖盘
579,13:00:47,6.59,0.01,20,13180,买盘
580,13:00:26,6.58,--,9,5922,卖盘
581,13:00:17,6.58,-0.01,210,138180,中性盘
582,13:00:08,6.59,0.01,88,57992,买盘
583,13:00:02,6.58,--,91,59878,买盘
584,11:29:42,6.58,0.01,37,24346,买盘
585,11:29:12,6.57,--,20,13140,卖盘
586,11:28:48,6.57,-0.01,15,9855,卖盘
587,11:28:18,6.58,--,118,77959,卖盘
588,11:28:12,6.58,--,10,6580,卖盘
589,11:28:03,6.58,-0.01,8,5264,卖盘
590,11:28:00,6.59,--,22,14498,买盘
591,11:27:21,6.59,--,3,1977,买盘
592,11:27:03,6.59,0.01,20,13180,买盘
593,11:26:33,6.58,-0.01,1,658,卖盘
594,11:25:33,6.59,--,68,44812,卖盘
595,11:24:36,6.59,--,4,2636,卖盘
596,11:24:27,6.59,-0.01,50,32950,卖盘
597,11:24:24,6.6,0.01,200,132000,买盘
598,11:24:18,6.59,--,78,51402,卖盘
599,11:24:03,6.59,--,179,117961,买盘
600,11:23:42,6.59,-0.01,15,9885,卖盘
601,11:23:06,6.6,0.01,5,3300,买盘
602,11:23:03,6.59,-0.01,1,659,卖盘
603,11:22:54,6.6,0.01,200,132000,买盘
604,11:22:48,6.59,-0.01,2,1318,卖盘
605,11:22:39,6.6,--,1,660,买盘
606,11:22:09,6.6,--,20,13200,买盘
607,11:21:39,6.6,--,1,660,买盘
608,11:21:15,6.6,--,128,84480,买盘
609,11:21:06,6.6,--,23,15180,买盘
610,11:20:54,6.6,--,15,9900,买盘
611,11:20:33,6.6,--,23,15180,买盘
612,11:20:09,6.6,0.02,45,29700,买盘
613,11:20:06,6.58,--,32,21398,买盘
614,11:19:54,6.58,--,1,658,买盘
615,11:19:42,6.58,--,8,5579,卖盘
616,11:18:50,6.58,--,6,3948,卖盘
617,11:18:20,6.58,--,106,70090,卖盘
618,11:18:02,6.58,--,306,201348,买盘
619,11:17:53,6.58,-0.02,19,12502,卖盘
620,11:17:50,6.6,0.02,85,56100,买盘
621,11:17:41,6.58,0.01,1,658,买盘
622,11:17:38,6.57,-0.01,50,32850,卖盘
623,11:16:41,6.58,--,5,3290,买盘
624,11:16:35,6.58,--,25,16450,买盘
625,11:16:14,6.58,--,6,3948,买盘
626,11:16:05,6.58,--,2,1316,买盘
627,11:16:02,6.58,--,206,135548,买盘
628,11:15:56,6.58,--,17,11186,买盘
629,11:15:47,6.58,--,153,100674,买盘
630,11:15:44,6.58,--,10,6580,买盘
631,11:15:32,6.58,--,5,3290,买盘
632,11:15:29,6.58,-0.02,350,230615,卖盘
633,11:15:26,6.6,--,39,25740,买盘
634,11:15:14,6.6,--,147,97020,买盘
635,11:14:41,6.6,--,24,15840,买盘
636,11:14:32,6.6,0.02,137,90420,买盘
637,11:13:32,6.58,-0.01,80,52640,卖盘
638,11:13:17,6.59,0.01,258,170022,买盘
639,11:13:08,6.58,--,146,96410,买盘
640,11:13:02,6.58,--,10,6580,买盘
641,11:12:53,6.58,--,7,4606,买盘
642,11:12:32,6.58,--,50,32900,买盘
643,11:12:08,6.58,--,29,19082,买盘
644,11:11:23,6.58,0.01,3,1974,买盘
645,11:11:08,6.57,-0.01,125,82125,卖盘
646,11:11:02,6.58,--,5,3290,买盘
647,11:10:59,6.58,--,17,11186,买盘
648,11:10:53,6.58,--,15,9870,买盘
649,11:10:20,6.58,--,16,10528,买盘
650,11:09:53,6.58,0.02,22,14476,买盘
651,11:08:53,6.56,-0.02,40,26240,卖盘
652,11:08:50,6.58,0.01,55,36190,买盘
653,11:08:44,6.57,-0.01,5,3285,卖盘
654,11:08:38,6.58,0.02,15,9870,买盘
655,11:07:26,6.56,--,3,1967,买盘
656,11:07:11,6.56,-0.02,28,18368,卖盘
657,11:07:02,6.58,--,1,658,买盘
658,11:06:53,6.58,-0.01,16,10843,卖盘
659,11:06:38,6.59,--,23,15157,买盘
660,11:06:32,6.59,--,3,1977,买盘
661,11:06:26,6.59,--,3,1977,买盘
662,11:06:11,6.59,--,23,15157,买盘
663,11:06:02,6.59,0.01,8,5272,买盘
664,11:05:59,6.58,--,15,9870,卖盘
665,11:05:50,6.58,-0.01,2,1316,卖盘
666,11:05:47,6.59,--,78,51402,买盘
667,11:05:35,6.59,--,3,1977,买盘
668,11:05:26,6.59,--,38,25042,买盘
669,11:05:02,6.59,0.01,3,1977,买盘
670,11:04:32,6.58,--,23,15265,卖盘
671,11:04:29,6.58,-0.01,10,6580,卖盘
672,11:04:26,6.59,0.01,34,22406,买盘
673,11:04:08,6.58,--,15,9870,卖盘
674,11:03:59,6.58,--,44,28952,卖盘
675,11:03:53,6.58,--,126,83118,买盘
676,11:03:38,6.58,--,5,3290,买盘
677,11:03:11,6.58,0.02,132,86856,买盘
678,11:03:02,6.56,--,15,9840,买盘
679,11:02:56,6.56,--,5,3280,卖盘
680,11:02:44,6.56,0.01,95,62319,买盘
681,11:02:35,6.55,-0.01,31,20305,买盘
682,11:02:29,6.56,0.01,37,24272,买盘
683,11:02:26,6.55,--,22,14410,买盘
684,11:02:23,6.55,--,9,6340,卖盘
685,11:02:20,6.55,--,50,32750,卖盘
686,11:02:14,6.55,--,2,1310,卖盘
687,11:01:53,6.55,--,42,27510,卖盘
688,11:01:41,6.55,-0.01,25,16375,卖盘
689,11:01:20,6.56,0.01,50,32800,买盘
690,11:01:14,6.55,--,1,655,卖盘
691,11:01:05,6.55,--,17,11135,卖盘
692,11:00:50,6.55,-0.01,11,7205,卖盘
693,11:00:47,6.56,0.01,23,15088,买盘
694,11:00:38,6.55,--,3,1965,卖盘
695,11:00:29,6.55,--,5,3275,卖盘
696,11:00:20,6.55,--,90,58950,卖盘
697,10:59:58,6.55,-0.01,150,98250,卖盘
698,10:59:49,6.56,0.01,1,656,中性盘
699,10:59:31,6.55,-0.02,317,207635,卖盘
700,10:59:25,6.57,-0.01,11,7227,中性盘
701,10:59:10,6.58,--,13,8554,买盘
702,10:59:07,6.58,--,50,32900,买盘
703,10:59:01,6.58,-0.01,30,19740,中性盘
704,10:58:55,6.59,--,30,19770,买盘
705,10:58:49,6.59,0.04,30,19770,买盘
706,10:58:46,6.55,-0.04,30,19650,卖盘
707,10:58:43,6.59,--,50,32950,买盘
708,10:58:34,6.59,--,50,32950,买盘
709,10:58:31,6.59,--,40,26360,买盘
710,10:58:28,6.59,--,7,4613,买盘
711,10:58:25,6.59,--,50,32950,买盘
712,10:58:22,6.59,--,50,32950,买盘
713,10:58:16,6.59,--,41,27019,买盘
714,10:58:13,6.59,--,1,659,买盘
715,10:58:10,6.59,--,108,71172,买盘
716,10:58:04,6.59,--,2,1318,买盘
717,10:58:01,6.59,--,40,26360,买盘
718,10:57:58,6.59,--,652,429668,买盘
719,10:57:52,6.59,--,50,32950,买盘
720,10:57:46,6.59,--,50,32950,买盘
721,10:57:40,6.59,--,50,32950,买盘
722,10:57:37,6.59,--,50,32950,买盘
723,10:57:31,6.59,0.01,50,32950,买盘
724,10:57:25,6.58,0.02,40,26530,中性盘
725,10:57:19,6.56,-0.03,31,20336,卖盘
726,10:57:13,6.59,--,40,26360,买盘
727,10:57:10,6.59,--,50,32950,买盘
728,10:57:01,6.59,--,50,32950,买盘
729,10:56:58,6.59,--,40,26360,买盘
730,10:56:49,6.59,0.03,40,26360,买盘
731,10:56:46,6.56,-0.03,60,39360,卖盘
732,10:56:40,6.59,--,40,26360,买盘
733,10:56:34,6.59,--,54,35586,买盘
734,10:56:28,6.59,--,40,26360,买盘
735,10:56:22,6.59,0.01,55,36245,买盘
736,10:56:16,6.58,--,50,32900,买盘
737,10:56:10,6.58,--,30,19740,买盘
738,10:56:07,6.58,--,30,19740,买盘
739,10:56:01,6.58,--,78,51324,买盘
740,10:55:55,6.58,-0.01,30,19740,买盘
741,10:55:52,6.59,0.01,50,32950,买盘
742,10:55:49,6.58,-0.01,4,2632,卖盘
743,10:55:46,6.59,--,50,32950,买盘
744,10:55:43,6.59,0.01,40,26360,买盘
745,10:55:37,6.58,--,37,24346,买盘
746,10:55:34,6.58,--,23,15134,买盘
747,10:55:31,6.58,--,50,32900,买盘
748,10:55:25,6.58,--,30,19740,买盘
749,10:55:19,6.58,-0.01,30,19740,中性盘
750,10:55:13,6.59,0.03,30,19770,买盘
751,10:55:07,6.56,-0.02,20,13120,卖盘
752,10:55:04,6.58,--,30,19740,买盘
753,10:55:01,6.58,0.01,30,19740,买盘
754,10:54:55,6.57,--,50,32850,买盘
755,10:54:49,6.57,--,30,19710,买盘
756,10:54:46,6.57,--,30,19710,买盘
757,10:54:40,6.57,--,30,19710,买盘
758,10:54:37,6.57,-0.02,66,43887,卖盘
759,10:54:34,6.59,0.01,30,19770,买盘
760,10:54:31,6.58,-0.01,30,19740,买盘
761,10:54:22,6.59,--,30,19770,买盘
762,10:54:16,6.59,--,30,19770,买盘
763,10:54:10,6.59,--,40,26360,买盘
764,10:54:07,6.59,0.02,10,6590,买盘
765,10:54:04,6.57,-0.02,63,41391,卖盘
766,10:53:55,6.59,0.02,40,26360,买盘
767,10:53:52,6.57,-0.02,90,59130,卖盘
768,10:53:46,6.59,0.02,50,32950,买盘
769,10:53:43,6.57,-0.01,1,657,卖盘
770,10:53:40,6.58,--,40,26320,买盘
771,10:53:37,6.58,--,94,61852,买盘
772,10:53:34,6.58,--,30,19740,买盘
773,10:53:31,6.58,--,40,26320,买盘
774,10:53:25,6.58,--,30,19740,买盘
775,10:53:19,6.58,--,150,98700,买盘
776,10:53:13,6.58,--,30,19740,买盘
777,10:53:10,6.58,--,30,19740,买盘
778,10:53:07,6.58,--,10,6580,买盘
779,10:53:04,6.58,--,37,24346,买盘
780,10:52:58,6.58,--,50,32900,买盘
781,10:52:55,6.58,--,40,26320,买盘
782,10:52:46,6.58,0.01,40,26320,买盘
783,10:52:43,6.57,-0.01,30,19841,卖盘
784,10:52:40,6.58,--,33,21714,买盘
785,10:52:37,6.58,--,30,19740,买盘
786,10:52:34,6.58,--,20,13160,买盘
787,10:52:31,6.58,--,50,32900,买盘
788,10:52:25,6.58,--,50,32900,买盘
789,10:52:22,6.58,--,30,19740,买盘
790,10:52:19,6.58,--,23,15134,买盘
791,10:52:16,6.58,--,30,19740,买盘
792,10:52:13,6.58,--,30,19740,买盘
793,10:52:07,6.58,--,30,19740,买盘
794,10:52:01,6.58,--,73,48034,买盘
795,10:51:55,6.58,--,50,32900,买盘
796,10:51:49,6.58,--,30,19740,买盘
797,10:51:46,6.58,--,128,84224,买盘
798,10:51:37,6.58,--,50,32900,买盘
799,10:51:31,6.58,-0.01,40,26320,买盘
800,10:51:25,6.59,--,40,26360,买盘
801,10:51:19,6.59,--,30,19770,买盘
802,10:51:13,6.59,0.02,50,32950,买盘
803,10:51:04,6.57,--,30,19710,卖盘
804,10:51:01,6.57,--,1,657,卖盘
805,10:50:58,6.57,0.01,181,118917,买盘
806,10:50:55,6.56,--,37,24272,卖盘
807,10:50:52,6.56,--,10,6560,卖盘
808,10:50:19,6.56,--,42,27552,卖盘
809,10:50:13,6.56,--,9,5904,买盘
810,10:50:07,6.56,0.01,5,3280,买盘
811,10:50:04,6.55,--,2,1310,卖盘
812,10:49:58,6.55,-0.01,20,13100,卖盘
813,10:49:52,6.56,--,1,656,买盘
814,10:49:46,6.56,0.01,3,1967,买盘
815,10:49:43,6.55,-0.01,5,3275,卖盘
816,10:49:28,6.56,--,7,4592,买盘
817,10:49:10,6.56,--,2,1312,买盘
818,10:49:07,6.56,--,6,3935,买盘
819,10:49:04,6.56,--,23,15088,买盘
820,10:49:01,6.56,--,15,9840,卖盘
821,10:48:46,6.56,-0.01,5,3280,卖盘
822,10:48:43,6.57,0.01,15,9855,买盘
823,10:48:25,6.56,-0.01,72,47232,卖盘
824,10:48:19,6.57,0.01,39,25623,买盘
825,10:47:37,6.56,--,30,19680,卖盘
826,10:47:25,6.56,--,88,57728,买盘
827,10:47:22,6.56,0.01,23,15088,买盘
828,10:47:10,6.55,--,3,1965,卖盘
829,10:46:58,6.55,-0.01,15,9825,卖盘
830,10:46:28,6.56,0.01,35,22960,中性盘
831,10:46:04,6.55,-0.01,508,332740,卖盘
832,10:45:55,6.56,--,18,11808,卖盘
833,10:45:25,6.56,-0.01,100,65600,卖盘
834,10:45:10,6.57,0.01,8,5256,买盘
835,10:45:07,6.56,-0.02,87,57072,卖盘
836,10:44:46,6.58,--,10,6580,买盘
837,10:44:40,6.58,0.02,99,65142,买盘
838,10:44:37,6.56,-0.02,18,11808,卖盘
839,10:44:28,6.58,--,23,15134,买盘
840,10:44:25,6.58,--,32,21056,买盘
841,10:44:19,6.58,--,20,13160,买盘
842,10:44:10,6.58,--,3,1974,买盘
843,10:44:07,6.58,--,3,1974,买盘
844,10:43:55,6.58,--,37,24346,买盘
845,10:43:43,6.58,--,15,9870,买盘
846,10:43:25,6.58,--,23,15134,买盘
847,10:43:16,6.58,0.03,3,1974,买盘
848,10:42:52,6.55,--,18,11790,卖盘
849,10:42:49,6.55,-0.03,444,290820,卖盘
850,10:42:43,6.58,0.01,23,15134,买盘
851,10:42:07,6.57,0.01,15,9855,买盘
852,10:41:55,6.56,-0.01,39,25584,卖盘
853,10:41:43,6.57,-0.02,156,102492,卖盘
854,10:41:25,6.59,--,10,6590,买盘
855,10:41:22,6.59,--,11,7249,买盘
856,10:40:49,6.59,0.01,99,65241,买盘
857,10:40:43,6.58,--,52,34216,买盘
858,10:40:33,6.58,--,6,3948,买盘
859,10:40:27,6.58,--,13,8554,买盘
860,10:40:21,6.58,--,23,15134,买盘
861,10:39:54,6.58,0.01,23,15134,买盘
862,10:39:48,6.57,--,4,2628,买盘
863,10:39:42,6.57,--,28,18396,买盘
864,10:39:30,6.57,--,89,58473,买盘
865,10:39:21,6.57,--,10,6570,买盘
866,10:38:45,6.57,--,10,6570,买盘
867,10:38:33,6.57,--,30,19710,买盘
868,10:38:30,6.57,--,5,3285,买盘
869,10:37:57,6.57,0.02,22,14454,买盘
870,10:37:42,6.55,--,7,4585,卖盘
871,10:37:39,6.55,-0.02,80,52400,卖盘
872,10:37:36,6.57,--,52,34164,买盘
873,10:37:30,6.57,--,20,13140,买盘
874,10:36:21,6.57,0.02,20,13140,买盘
875,10:36:09,6.55,0.01,5,3275,中性盘
876,10:35:57,6.54,-0.01,5,3270,卖盘
877,10:35:45,6.55,--,27,17685,卖盘
878,10:35:39,6.55,0.01,80,52400,买盘
879,10:35:36,6.54,-0.02,40,26160,卖盘
880,10:35:33,6.56,0.01,74,48544,买盘
881,10:35:30,6.55,--,50,32750,买盘
882,10:35:24,6.55,--,100,65500,买盘
883,10:35:12,6.55,-0.01,23,15065,中性盘
884,10:34:27,6.56,0.02,5,3280,买盘
885,10:34:21,6.54,-0.02,433,283182,卖盘
886,10:34:12,6.56,--,48,31487,买盘
887,10:33:54,6.56,--,23,15088,买盘
888,10:33:48,6.56,--,46,30176,买盘
889,10:33:36,6.56,0.01,105,68880,买盘
890,10:33:30,6.55,--,100,65500,卖盘
891,10:33:21,6.55,-0.01,26,17030,卖盘
892,10:33:15,6.56,0.01,40,26240,买盘
893,10:33:12,6.55,--,405,265275,卖盘
894,10:32:57,6.55,-0.01,2,1310,卖盘
895,10:32:42,6.56,--,23,15088,买盘
896,10:32:30,6.56,--,45,29520,买盘
897,10:32:27,6.56,0.01,28,18368,买盘
898,10:32:21,6.55,--,47,30785,卖盘
899,10:32:18,6.55,-0.01,26,17030,卖盘
900,10:31:48,6.56,0.01,23,15088,买盘
901,10:31:45,6.55,-0.01,1,655,卖盘
902,10:31:36,6.56,--,152,99712,卖盘
903,10:31:27,6.56,-0.01,10,6560,卖盘
904,10:31:18,6.57,0.01,1,657,买盘
905,10:30:54,6.56,-0.01,20,13120,卖盘
906,10:30:51,6.57,--,3,1971,买盘
907,10:30:45,6.57,0.01,3,1971,买盘
908,10:30:39,6.56,-0.01,23,15088,卖盘
909,10:30:36,6.57,0.01,23,15111,买盘
910,10:30:27,6.56,--,57,37392,买盘
911,10:30:18,6.56,--,6,3935,买盘
912,10:29:48,6.56,--,3,1967,买盘
913,10:29:45,6.56,--,20,13120,买盘
914,10:29:30,6.56,--,20,13120,买盘
915,10:29:24,6.56,--,5,3280,买盘
916,10:29:18,6.56,--,3,1967,买盘
917,10:29:15,6.56,--,23,15088,买盘
918,10:29:12,6.56,--,301,197456,卖盘
919,10:29:06,6.56,--,1,656,卖盘
920,10:28:45,6.56,0.01,8,5248,买盘
921,10:28:42,6.55,--,3,1965,卖盘
922,10:28:39,6.55,-0.01,10,6550,卖盘
923,10:28:33,6.56,0.01,2,1312,买盘
924,10:28:27,6.55,--,6,3930,卖盘
925,10:28:21,6.55,0.01,2,1310,中性盘
926,10:28:15,6.54,-0.02,158,103332,卖盘
927,10:28:12,6.56,--,20,13120,买盘
928,10:28:09,6.56,0.01,5,3280,买盘
929,10:28:03,6.55,-0.01,167,109385,卖盘
930,10:27:48,6.56,--,17,11152,买盘
931,10:27:30,6.56,--,118,77408,买盘
932,10:27:24,6.56,--,23,15088,买盘
933,10:27:15,6.56,0.02,23,15088,买盘
934,10:27:09,6.54,--,20,13080,卖盘
935,10:26:57,6.54,--,9,5886,卖盘
936,10:26:51,6.54,-0.01,192,125568,卖盘
937,10:26:45,6.55,--,20,13100,买盘
938,10:26:42,6.55,--,50,32750,买盘
939,10:26:33,6.55,0.01,32,20960,买盘
940,10:26:15,6.54,0.01,32,21202,买盘
941,10:26:03,6.53,--,50,32650,卖盘
942,10:25:57,6.53,--,5,3265,卖盘
943,10:25:54,6.53,-0.01,10,6530,卖盘
944,10:25:48,6.54,--,30,19620,买盘
945,10:25:45,6.54,0.01,27,17658,卖盘
946,10:25:39,6.53,-0.01,590,385270,卖盘
947,10:25:36,6.54,--,35,22890,卖盘
948,10:25:33,6.54,-0.01,10,6540,中性盘
949,10:25:24,6.55,0.02,23,15065,买盘
950,10:25:21,6.53,--,100,65300,卖盘
951,10:25:18,6.53,--,10,6530,卖盘
952,10:25:00,6.53,-0.02,500,326500,卖盘
953,10:24:57,6.55,--,100,65500,卖盘
954,10:24:54,6.55,--,84,55360,卖盘
955,10:24:48,6.55,--,32,20960,卖盘
956,10:24:45,6.55,--,144,94320,卖盘
957,10:24:42,6.55,--,19,12445,卖盘
958,10:24:39,6.55,-0.01,9,5895,卖盘
959,10:24:36,6.56,0.01,65,42640,买盘
960,10:24:30,6.55,-0.01,66,43230,卖盘
961,10:24:24,6.56,--,5,3280,买盘
962,10:24:18,6.56,--,100,65600,买盘
963,10:24:12,6.56,--,23,15088,买盘
964,10:24:06,6.56,--,21,14090,卖盘
965,10:24:00,6.56,--,562,368672,卖盘
966,10:23:57,6.56,--,10,6560,卖盘
967,10:23:45,6.56,--,1,656,卖盘
968,10:23:36,6.56,--,10,6560,卖盘
969,10:23:27,6.56,-0.01,456,299136,卖盘
970,10:23:18,6.57,--,6,3942,买盘
971,10:23:15,6.57,--,223,146511,卖盘
972,10:23:09,6.57,-0.01,10,6570,卖盘
973,10:23:06,6.58,0.01,3,1974,买盘
974,10:23:03,6.57,-0.01,20,13140,中性盘
975,10:23:00,6.58,0.01,36,23688,买盘
976,10:22:54,6.57,--,10,6570,卖盘
977,10:22:51,6.57,0.01,13,8541,中性盘
978,10:22:30,6.56,--,100,65600,卖盘
979,10:22:18,6.56,-0.02,18,11808,卖盘
980,10:22:12,6.58,--,3,1974,买盘
981,10:22:09,6.58,--,8,5264,买盘
982,10:22:06,6.58,--,23,15134,买盘
983,10:21:51,6.58,0.01,179,118064,买盘
984,10:21:48,6.57,--,10,6570,中性盘
985,10:21:42,6.57,0.01,20,13140,中性盘
986,10:21:27,6.56,-0.01,422,276832,卖盘
987,10:21:20,6.57,--,40,26280,卖盘
988,10:21:17,6.57,--,10,6570,卖盘
989,10:21:14,6.57,-0.01,103,67671,卖盘
990,10:21:02,6.58,0.01,35,23030,买盘
991,10:20:53,6.57,--,312,205043,卖盘
992,10:20:50,6.57,--,5,3285,卖盘
993,10:20:41,6.57,-0.01,1,657,卖盘
994,10:20:32,6.58,--,46,30268,买盘
995,10:20:29,6.58,0.01,8,5264,买盘
996,10:20:20,6.57,--,19,12483,卖盘
997,10:19:59,6.57,--,20,13140,卖盘
998,10:19:56,6.57,-0.01,40,26280,卖盘
999,10:19:47,6.58,--,132,86856,买盘
1000,10:19:44,6.58,--,22,14476,买盘
1001,10:19:29,6.58,--,132,86856,买盘
1002,10:19:26,6.58,0.01,13,8554,买盘
1003,10:19:14,6.57,-0.01,130,85410,卖盘
1004,10:19:11,6.58,--,10,6580,买盘
1005,10:19:05,6.58,--,26,17108,买盘
1006,10:18:59,6.58,--,25,16450,买盘
1007,10:18:50,6.58,--,10,6580,买盘
1008,10:18:47,6.58,--,9,5922,买盘
1009,10:18:44,6.58,--,66,43428,买盘
1010,10:18:35,6.58,--,50,32900,买盘
1011,10:18:14,6.58,0.01,9,5922,买盘
1012,10:18:11,6.57,-0.01,2,1314,卖盘
1013,10:18:05,6.58,0.01,66,43428,买盘
1014,10:18:02,6.57,-0.01,5,3285,卖盘
1015,10:17:59,6.58,0.01,35,23030,买盘
1016,10:17:53,6.57,--,49,32193,卖盘
1017,10:17:47,6.57,--,12,7884,卖盘
1018,10:17:38,6.57,-0.01,20,13140,卖盘
1019,10:17:35,6.58,0.01,18,11844,买盘
1020,10:17:26,6.57,-0.01,80,52560,卖盘
1021,10:17:20,6.58,--,3,2355,卖盘
1022,10:17:11,6.58,--,19,12502,卖盘
1023,10:17:08,6.58,--,275,180950,卖盘
1024,10:17:05,6.58,-0.01,690,454020,卖盘
1025,10:16:50,6.59,0.01,16,10544,买盘
1026,10:16:32,6.58,-0.01,3,1974,卖盘
1027,10:16:20,6.59,--,60,39540,买盘
1028,10:16:11,6.59,--,85,56015,买盘
1029,10:16:08,6.59,--,24,15816,卖盘
1030,10:15:53,6.59,--,333,219447,卖盘
1031,10:15:47,6.59,--,110,72490,卖盘
1032,10:15:41,6.59,-0.01,3,1977,卖盘
1033,10:15:38,6.6,--,40,26400,买盘
1034,10:15:32,6.6,--,41,27060,买盘
1035,10:15:26,6.6,--,18,11880,买盘
1036,10:15:23,6.6,--,5,3300,买盘
1037,10:15:11,6.6,--,27,18473,卖盘
1038,10:14:56,6.6,0.01,234,154446,买盘
1039,10:14:53,6.59,-0.01,38,25042,卖盘
1040,10:14:41,6.6,0.01,5,3300,买盘
1041,10:14:32,6.59,-0.01,1,659,卖盘
1042,10:14:29,6.6,--,5,3300,买盘
1043,10:14:26,6.6,--,6,3960,买盘
1044,10:14:23,6.6,--,6,3960,买盘
1045,10:14:20,6.6,--,1,660,买盘
1046,10:14:17,6.6,0.01,22,14520,买盘
1047,10:14:11,6.59,-0.01,352,231968,卖盘
1048,10:14:05,6.6,--,4,2640,买盘
1049,10:13:59,6.6,--,37,24420,买盘
1050,10:13:44,6.6,0.01,295,194700,买盘
1051,10:13:38,6.59,--,5,3295,买盘
1052,10:13:32,6.59,--,30,19770,买盘
1053,10:13:29,6.59,--,71,47441,卖盘
1054,10:13:23,6.59,--,25,16481,买盘
1055,10:13:11,6.59,--,324,214168,卖盘
1056,10:13:05,6.59,--,10,6590,卖盘
1057,10:12:59,6.59,--,36,23724,卖盘
1058,10:12:47,6.59,--,22,14498,卖盘
1059,10:12:38,6.59,-0.01,22,14498,卖盘
1060,10:12:35,6.6,0.01,98,64680,买盘
1061,10:12:14,6.59,-0.01,11,7249,卖盘
1062,10:12:11,6.6,0.01,192,126720,买盘
1063,10:12:08,6.59,--,18,11862,卖盘
1064,10:12:02,6.59,-0.01,17,11203,卖盘
1065,10:11:50,6.6,0.01,10,6600,买盘
1066,10:11:32,6.59,--,85,56021,卖盘
1067,10:11:29,6.59,--,8,5272,卖盘
1068,10:11:23,6.59,--,30,19770,卖盘
1069,10:11:20,6.59,--,39,25701,卖盘
1070,10:11:08,6.59,-0.01,200,131800,卖盘
1071,10:10:53,6.6,--,102,67320,买盘
1072,10:10:50,6.6,--,23,15180,买盘
1073,10:10:38,6.6,--,322,212520,卖盘
1074,10:10:32,6.6,--,5,3300,卖盘
1075,10:10:17,6.6,-0.01,28,18480,卖盘
1076,10:10:14,6.61,--,5,3305,买盘
1077,10:10:02,6.61,--,99,65439,买盘
1078,10:09:47,6.61,--,10,6610,买盘
1079,10:09:32,6.61,--,23,15203,买盘
1080,10:09:17,6.61,--,23,15203,买盘
1081,10:09:08,6.61,--,50,33050,买盘
1082,10:09:05,6.61,--,31,20491,买盘
1083,10:09:02,6.61,0.01,2,1322,买盘
1084,10:08:50,6.6,-0.01,5,3300,卖盘
1085,10:08:47,6.61,--,57,37677,买盘
1086,10:08:32,6.61,0.01,3,1983,买盘
1087,10:08:23,6.6,--,20,13200,卖盘
1088,10:08:11,6.6,--,14,9240,买盘
1089,10:08:08,6.6,-0.01,101,66660,卖盘
1090,10:08:05,6.61,0.01,3,1983,买盘
1091,10:07:56,6.6,--,2,1320,卖盘
1092,10:07:38,6.6,--,18,11880,买盘
1093,10:07:32,6.6,0.01,41,27060,买盘
1094,10:07:26,6.59,--,3,1977,卖盘
1095,10:07:20,6.59,-0.01,6,3954,卖盘
1096,10:07:17,6.6,--,97,64020,买盘
1097,10:07:08,6.6,--,43,28380,买盘
1098,10:07:05,6.6,--,23,15180,买盘
1099,10:06:47,6.6,--,3,1980,买盘
1100,10:06:38,6.6,--,55,36300,买盘
1101,10:06:35,6.6,--,10,6600,买盘
1102,10:06:20,6.6,-0.01,41,27060,卖盘
1103,10:06:17,6.61,--,24,15864,买盘
1104,10:06:11,6.61,0.01,23,15203,买盘
1105,10:06:08,6.6,--,162,106920,买盘
1106,10:06:02,6.6,--,98,64680,买盘
1107,10:05:56,6.6,--,79,52140,买盘
1108,10:05:50,6.6,--,100,66000,买盘
1109,10:05:44,6.6,0.01,46,30360,中性盘
1110,10:05:26,6.59,--,59,38881,卖盘
1111,10:05:11,6.59,-0.01,63,41517,卖盘
1112,10:05:05,6.6,--,141,93060,买盘
1113,10:04:59,6.6,--,234,154440,买盘
1114,10:04:56,6.6,--,60,39600,买盘
1115,10:04:53,6.6,--,4,2640,买盘
1116,10:04:44,6.6,--,10,6600,买盘
1117,10:04:41,6.6,--,3,1980,买盘
1118,10:04:38,6.6,--,105,69300,买盘
1119,10:04:35,6.6,--,10,6600,买盘
1120,10:04:32,6.6,--,170,112200,买盘
1121,10:04:29,6.6,--,10,6600,买盘
1122,10:04:20,6.6,--,536,353760,卖盘
1123,10:04:17,6.6,-0.01,20,13200,卖盘
1124,10:04:14,6.61,--,16,10576,买盘
1125,10:04:11,6.61,--,9,5949,买盘
1126,10:04:05,6.61,--,10,6610,买盘
1127,10:03:50,6.61,--,327,216147,买盘
1128,10:03:47,6.61,0.01,50,33050,买盘
1129,10:03:41,6.6,--,236,155760,卖盘
1130,10:03:32,6.6,-0.02,144,95040,卖盘
1131,10:03:26,6.62,--,10,6620,买盘
1132,10:03:20,6.62,0.01,37,24494,买盘
1133,10:03:17,6.61,--,2,1322,卖盘
1134,10:03:05,6.61,--,8,5288,买盘
1135,10:02:59,6.61,0.01,11,7271,买盘
1136,10:02:56,6.6,--,17,11220,买盘
1137,10:02:53,6.6,--,2,1320,买盘
1138,10:02:50,6.6,0.01,41,27060,卖盘
1139,10:02:38,6.59,-0.02,18,11862,卖盘
1140,10:02:35,6.61,0.01,25,16525,卖盘
1141,10:02:32,6.6,--,10,6600,买盘
1142,10:02:26,6.6,--,60,39600,买盘
1143,10:02:23,6.6,-0.02,20,13200,卖盘
1144,10:02:08,6.62,0.04,74,48988,买盘
1145,10:02:02,6.58,-0.01,31,20398,卖盘
1146,10:01:55,6.59,-0.01,646,425714,卖盘
1147,10:01:52,6.6,--,148,97680,买盘
1148,10:01:49,6.6,--,100,66000,买盘
1149,10:01:46,6.6,--,44,29040,买盘
1150,10:01:37,6.6,0.01,124,81840,买盘
1151,10:01:34,6.59,-0.01,8,5272,卖盘
1152,10:01:31,6.6,--,13,8580,买盘
1153,10:01:28,6.6,--,100,66000,买盘
1154,10:01:25,6.6,--,62,40920,买盘
1155,10:01:22,6.6,0.01,10,6600,买盘
1156,10:01:13,6.59,-0.01,13,8567,卖盘
1157,10:01:01,6.6,0.01,124,81840,买盘
1158,10:00:46,6.59,-0.01,30,19770,卖盘
1159,10:00:43,6.6,0.01,10,6600,买盘
1160,10:00:40,6.59,--,5,3295,卖盘
1161,10:00:31,6.59,-0.01,49,32291,卖盘
1162,10:00:28,6.6,0.01,27,17820,买盘
1163,10:00:19,6.59,--,12,7908,卖盘
1164,10:00:16,6.59,-0.01,2,1318,卖盘
1165,10:00:13,6.6,0.01,23,15180,买盘
1166,10:00:10,6.59,--,9,5931,卖盘
1167,09:59:55,6.59,-0.01,220,144980,卖盘
1168,09:59:52,6.6,0.01,44,29040,买盘
1169,09:59:49,6.59,--,7,4613,卖盘
1170,09:59:43,6.59,--,40,26360,卖盘
1171,09:59:40,6.59,--,7,4613,卖盘
1172,09:59:37,6.59,-0.01,40,26360,卖盘
1173,09:59:31,6.6,0.01,10,6600,买盘
1174,09:59:28,6.59,--,95,62605,卖盘
1175,09:59:19,6.59,-0.01,7,4613,卖盘
1176,09:59:16,6.6,0.01,120,79200,买盘
1177,09:58:55,6.59,-0.01,11,7249,卖盘
1178,09:58:52,6.6,--,36,23760,买盘
1179,09:58:46,6.6,0.01,10,6600,买盘
1180,09:58:43,6.59,--,66,43494,卖盘
1181,09:58:40,6.59,-0.01,307,202313,卖盘
1182,09:58:28,6.6,--,59,38940,买盘
1183,09:58:25,6.6,0.01,10,6600,买盘
1184,09:58:22,6.59,-0.01,2,1318,卖盘
1185,09:58:10,6.6,--,3,1980,买盘
1186,09:58:07,6.6,0.01,16,10560,买盘
1187,09:58:04,6.59,--,126,83034,卖盘
1188,09:57:55,6.59,--,11,7249,卖盘
1189,09:57:49,6.59,--,34,22406,卖盘
1190,09:57:46,6.59,-0.01,308,202972,卖盘
1191,09:57:40,6.6,0.01,3,1980,买盘
1192,09:57:37,6.59,--,75,49425,卖盘
1193,09:57:34,6.59,--,32,21088,卖盘
1194,09:57:31,6.59,--,2,1318,卖盘
1195,09:57:19,6.59,-0.01,9,5931,卖盘
1196,09:57:16,6.6,0.01,151,99660,买盘
1197,09:57:10,6.59,0.01,16,10544,买盘
1198,09:57:07,6.58,--,11,7238,卖盘
1199,09:57:04,6.58,--,56,36848,卖盘
1200,09:56:58,6.58,-0.01,17,11186,卖盘
1201,09:56:55,6.59,--,242,159478,买盘
1202,09:56:52,6.59,0.01,20,13180,买盘
1203,09:56:43,6.58,-0.01,18,11844,卖盘
1204,09:56:40,6.59,--,56,36904,卖盘
1205,09:56:37,6.59,0.01,12,7908,买盘
1206,09:56:28,6.58,-0.01,4,2632,卖盘
1207,09:56:25,6.59,0.01,16,10544,买盘
1208,09:56:22,6.58,-0.01,26,17108,卖盘
1209,09:56:13,6.59,0.01,23,15157,买盘
1210,09:56:10,6.58,-0.01,19,12502,卖盘
1211,09:56:04,6.59,0.01,10,6590,买盘
1212,09:56:01,6.58,-0.01,10,6580,卖盘
1213,09:55:58,6.59,--,40,26360,买盘
1214,09:55:52,6.59,--,99,65241,买盘
1215,09:55:46,6.59,--,50,32950,买盘
1216,09:55:43,6.59,-0.01,364,239876,卖盘
1217,09:55:37,6.6,0.01,124,81840,买盘
1218,09:55:34,6.59,-0.01,43,28337,卖盘
1219,09:55:19,6.6,--,25,16500,买盘
1220,09:55:16,6.6,0.01,10,6600,买盘
1221,09:55:10,6.59,0.01,64,42176,买盘
1222,09:55:04,6.58,-0.01,9,5922,卖盘
1223,09:55:01,6.59,--,10,6590,买盘
1224,09:54:58,6.59,--,148,97532,卖盘
1225,09:54:40,6.59,--,64,42176,卖盘
1226,09:54:37,6.59,--,9,5931,卖盘
1227,09:54:28,6.59,-0.01,52,34268,卖盘
1228,09:54:25,6.6,--,13,8580,买盘
1229,09:54:22,6.6,--,23,15180,买盘
1230,09:54:19,6.6,--,60,39600,买盘
1231,09:54:13,6.6,0.01,129,85140,买盘
1232,09:54:10,6.59,-0.01,80,52720,卖盘
1233,09:54:07,6.6,0.01,23,15180,买盘
1234,09:54:04,6.59,--,18,11862,卖盘
1235,09:54:01,6.59,-0.01,12,7908,卖盘
1236,09:53:55,6.6,--,23,15180,买盘
1237,09:53:49,6.6,0.01,13,8580,买盘
1238,09:53:46,6.59,--,9,5931,卖盘
1239,09:53:43,6.59,-0.01,3,1977,卖盘
1240,09:53:40,6.6,0.01,77,50820,买盘
1241,09:53:31,6.59,--,185,121915,卖盘
1242,09:53:25,6.59,--,39,25701,卖盘
1243,09:53:22,6.59,-0.01,157,103463,卖盘
1244,09:53:10,6.6,0.01,10,6600,买盘
1245,09:53:07,6.59,--,18,11862,卖盘
1246,09:53:04,6.59,--,49,32291,卖盘
1247,09:52:52,6.59,--,9,5931,卖盘
1248,09:52:43,6.59,--,5,3295,卖盘
1249,09:52:40,6.59,--,30,19770,卖盘
1250,09:52:37,6.59,--,1,659,卖盘
1251,09:52:31,6.59,--,30,19770,买盘
1252,09:52:25,6.59,--,19,12521,买盘
1253,09:52:22,6.59,0.01,242,159478,买盘
1254,09:52:13,6.58,-0.01,62,40796,卖盘
1255,09:52:10,6.59,0.01,132,86988,买盘
1256,09:52:07,6.58,--,14,9212,卖盘
1257,09:51:52,6.58,--,18,11844,卖盘
1258,09:51:34,6.58,--,18,11844,卖盘
1259,09:51:31,6.58,-0.01,29,19082,卖盘
1260,09:51:25,6.59,0.01,50,32950,买盘
1261,09:51:19,6.58,-0.01,24,15792,卖盘
1262,09:51:16,6.59,--,179,117961,买盘
1263,09:51:13,6.59,--,18,11862,买盘
1264,09:51:10,6.59,0.01,12,7908,买盘
1265,09:51:07,6.58,-0.01,23,15134,卖盘
1266,09:50:55,6.59,0.01,15,9885,买盘
1267,09:50:52,6.58,-0.01,2,1316,卖盘
1268,09:50:49,6.59,--,10,6590,买盘
1269,09:50:46,6.59,0.01,204,134436,买盘
1270,09:50:34,6.58,-0.01,32,21056,卖盘
1271,09:50:22,6.59,0.01,10,6590,买盘
1272,09:50:16,6.58,-0.01,16,10528,卖盘
1273,09:50:10,6.59,--,23,15157,买盘
1274,09:50:07,6.59,0.01,22,14498,买盘
1275,09:50:04,6.58,--,6,3948,卖盘
1276,09:50:01,6.58,-0.01,2,1316,卖盘
1277,09:49:55,6.59,--,30,19770,买盘
1278,09:49:46,6.59,0.01,13,8567,买盘
1279,09:49:37,6.58,--,18,11844,卖盘
1280,09:49:34,6.58,--,33,21990,卖盘
1281,09:49:28,6.58,-0.01,1,658,卖盘
1282,09:49:19,6.59,--,93,61287,买盘
1283,09:49:16,6.59,0.01,25,16475,买盘
1284,09:49:01,6.58,-0.02,10,6580,买盘
1285,09:48:55,6.6,0.01,249,164340,买盘
1286,09:48:49,6.59,-0.01,99,65241,卖盘
1287,09:48:46,6.6,--,22,14520,买盘
1288,09:48:40,6.6,0.01,181,119460,买盘
1289,09:48:31,6.59,0.01,247,162773,买盘
1290,09:48:28,6.58,--,60,39480,买盘
1291,09:48:25,6.58,--,25,16450,买盘
1292,09:48:22,6.58,0.01,99,65142,买盘
1293,09:48:19,6.57,-0.01,12,7884,卖盘
1294,09:48:16,6.58,--,36,23688,买盘
1295,09:48:04,6.58,0.01,8,5264,买盘
1296,09:48:01,6.57,--,207,135999,卖盘
1297,09:47:55,6.57,--,14,9198,卖盘
1298,09:47:49,6.57,--,50,32850,卖盘
1299,09:47:46,6.57,--,5,3285,卖盘
1300,09:47:34,6.57,--,89,58473,买盘
1301,09:47:28,6.57,-0.02,1,657,中性盘
1302,09:47:25,6.59,0.02,423,278757,买盘
1303,09:47:13,6.57,0.01,11,7227,买盘
1304,09:47:07,6.56,--,204,133824,卖盘
1305,09:47:01,6.56,--,2,1312,卖盘
1306,09:46:58,6.56,--,220,144320,卖盘
1307,09:46:49,6.56,--,43,28208,卖盘
1308,09:46:43,6.56,-0.01,15,9840,卖盘
1309,09:46:37,6.57,0.01,1,657,买盘
1310,09:46:34,6.56,-0.02,79,51824,卖盘
1311,09:46:22,6.58,--,14,9212,卖盘
1312,09:46:19,6.58,--,66,43428,卖盘
1313,09:46:16,6.58,0.02,110,72380,买盘
1314,09:46:13,6.56,--,116,76096,卖盘
1315,09:46:07,6.56,-0.01,11,7216,卖盘
1316,09:46:04,6.57,--,4,2628,卖盘
1317,09:45:58,6.57,--,18,11826,卖盘
1318,09:45:52,6.57,-0.02,1013,665541,卖盘
1319,09:45:46,6.59,0.01,9,5931,买盘
1320,09:45:43,6.58,--,18,11844,卖盘
1321,09:45:40,6.58,--,125,82250,卖盘
1322,09:45:37,6.58,-0.02,18,11844,卖盘
1323,09:45:28,6.6,--,18,11880,买盘
1324,09:45:25,6.6,0.02,46,30360,买盘
1325,09:45:22,6.58,-0.01,30,19740,卖盘
1326,09:45:16,6.59,--,13,8567,买盘
1327,09:45:07,6.59,0.01,1,659,买盘
1328,09:45:04,6.58,-0.04,2,1316,卖盘
1329,09:44:55,6.62,0.04,74,48988,买盘
1330,09:44:49,6.58,--,20,13160,卖盘
1331,09:44:37,6.58,-0.01,9,5922,卖盘
1332,09:44:34,6.59,-0.03,4,2636,卖盘
1333,09:44:31,6.62,0.03,247,163514,买盘
1334,09:44:28,6.59,--,72,47448,买盘
1335,09:44:22,6.59,0.01,3,1977,买盘
1336,09:44:19,6.58,-0.01,13,8554,卖盘
1337,09:44:16,6.59,0.01,25,16475,买盘
1338,09:44:10,6.58,-0.01,235,154630,卖盘
1339,09:43:49,6.59,0.01,23,15157,买盘
1340,09:43:46,6.58,-0.01,14,9212,卖盘
1341,09:43:34,6.59,--,100,65900,买盘
1342,09:43:28,6.59,--,23,15157,买盘
1343,09:43:22,6.59,--,74,48766,买盘
1344,09:43:13,6.59,--,40,26360,买盘
1345,09:43:10,6.59,-0.01,11,7249,买盘
1346,09:43:07,6.6,--,176,116160,卖盘
1347,09:43:01,6.6,0.01,324,213840,买盘
1348,09:42:58,6.59,0.01,13,8567,买盘
1349,09:42:55,6.58,-0.01,50,32900,卖盘
1350,09:42:52,6.59,--,146,96214,卖盘
1351,09:42:46,6.59,-0.01,9,5931,卖盘
1352,09:42:40,6.6,--,50,33000,买盘
1353,09:42:34,6.6,--,66,43560,卖盘
1354,09:42:28,6.6,-0.01,20,13200,卖盘
1355,09:42:22,6.61,0.01,72,47592,买盘
1356,09:42:19,6.6,-0.01,105,69300,卖盘
1357,09:42:04,6.61,--,63,41643,买盘
1358,09:41:58,6.61,-0.01,31,20491,买盘
1359,09:41:55,6.62,0.02,98,64876,买盘
1360,09:41:49,6.6,-0.01,100,66000,卖盘
1361,09:41:46,6.61,--,18,11898,中性盘
1362,09:41:40,6.61,0.01,11,7271,买盘
1363,09:41:37,6.6,-0.01,11,7260,卖盘
1364,09:41:34,6.61,0.01,10,6610,买盘
1365,09:41:28,6.6,-0.01,70,46200,卖盘
1366,09:41:25,6.61,--,70,46270,买盘
1367,09:41:22,6.61,-0.01,106,70066,卖盘
1368,09:41:13,6.62,0.01,3,1986,买盘
1369,09:41:10,6.61,0.01,14,9254,中性盘
1370,09:41:03,6.6,-0.02,19,12540,卖盘
1371,09:41:00,6.62,0.02,14,9268,买盘
1372,09:40:51,6.6,--,53,34980,卖盘
1373,09:40:39,6.6,0.02,220,145200,买盘
1374,09:40:36,6.58,-0.01,9,5922,卖盘
1375,09:40:33,6.59,0.01,5,3295,中性盘
1376,09:40:24,6.58,-0.02,24,15792,卖盘
1377,09:40:18,6.6,0.02,24,15840,买盘
1378,09:40:12,6.58,-0.02,104,68432,卖盘
1379,09:40:09,6.6,0.02,1003,661980,买盘
1380,09:40:03,6.58,--,2,1316,卖盘
1381,09:40:00,6.58,--,105,69090,卖盘
1382,09:39:57,6.58,--,20,13160,卖盘
1383,09:39:42,6.58,-0.01,447,294126,卖盘
1384,09:39:39,6.59,--,20,13180,卖盘
1385,09:39:24,6.59,0.01,200,131800,买盘
1386,09:39:21,6.58,-0.01,29,19082,卖盘
1387,09:39:12,6.59,--,65,42835,买盘
1388,09:39:09,6.59,0.01,49,32291,买盘
1389,09:39:06,6.58,-0.01,24,15792,卖盘
1390,09:38:54,6.59,--,66,43494,卖盘
1391,09:38:48,6.59,--,62,40858,卖盘
1392,09:38:39,6.59,--,1,659,卖盘
1393,09:38:36,6.59,--,52,34268,买盘
1394,09:38:33,6.59,--,4,2636,卖盘
1395,09:38:27,6.59,0.01,16,10544,卖盘
1396,09:38:15,6.58,-0.02,672,442176,卖盘
1397,09:38:12,6.6,0.01,247,163020,买盘
1398,09:38:09,6.59,0.01,12,7908,中性盘
1399,09:38:06,6.58,--,21,13818,卖盘
1400,09:38:03,6.58,--,241,158578,卖盘
1401,09:38:00,6.58,-0.01,4,2632,卖盘
1402,09:37:57,6.59,--,5,3295,买盘
1403,09:37:54,6.59,0.01,128,84352,买盘
1404,09:37:42,6.58,-0.01,18,11844,卖盘
1405,09:37:33,6.59,0.01,160,105440,卖盘
1406,09:37:24,6.58,-0.02,3,1974,卖盘
1407,09:37:21,6.6,0.01,155,102300,买盘
1408,09:37:18,6.59,--,1,659,买盘
1409,09:37:15,6.59,--,40,26360,买盘
1410,09:37:12,6.59,0.03,69,45471,中性盘
1411,09:37:03,6.56,-0.02,1214,796384,卖盘
1412,09:37:00,6.58,--,191,125678,卖盘
1413,09:36:51,6.58,-0.01,5,3290,卖盘
1414,09:36:45,6.59,0.01,266,175294,买盘
1415,09:36:33,6.58,-0.01,2,1316,卖盘
1416,09:36:30,6.59,0.01,184,121256,买盘
1417,09:36:27,6.58,-0.01,105,69090,卖盘
1418,09:36:24,6.59,0.01,11,7249,买盘
1419,09:36:21,6.58,-0.01,122,80276,卖盘
1420,09:36:15,6.59,0.01,16,10544,买盘
1421,09:36:12,6.58,--,13,8554,卖盘
1422,09:36:09,6.58,--,20,13160,卖盘
1423,09:35:51,6.58,--,9,5922,卖盘
1424,09:35:48,6.58,-0.01,25,16450,卖盘
1425,09:35:45,6.59,0.01,10,6590,买盘
1426,09:35:39,6.58,--,48,31584,卖盘
1427,09:35:36,6.58,--,23,15134,买盘
1428,09:35:33,6.58,--,91,59878,卖盘
1429,09:35:27,6.58,--,30,19740,卖盘
1430,09:35:24,6.58,-0.01,18,11844,卖盘
1431,09:35:21,6.59,0.01,20,13180,买盘
1432,09:35:15,6.58,--,43,28294,卖盘
1433,09:35:12,6.58,--,111,73038,买盘
1434,09:35:09,6.58,--,67,44086,买盘
1435,09:35:06,6.58,0.01,20,13160,买盘
1436,09:35:03,6.57,-0.01,16,10512,卖盘
1437,09:34:54,6.58,-0.01,30,19740,买盘
1438,09:34:51,6.59,0.01,21,13839,买盘
1439,09:34:48,6.58,-0.01,54,35532,卖盘
1440,09:34:45,6.59,0.01,19,12521,买盘
1441,09:34:42,6.58,--,11,7238,卖盘
1442,09:34:39,6.58,--,360,236880,卖盘
1443,09:34:33,6.58,--,139,91462,卖盘
1444,09:34:24,6.58,--,195,128310,买盘
1445,09:34:18,6.58,--,100,65800,买盘
1446,09:34:12,6.58,--,33,21714,买盘
1447,09:34:09,6.58,--,50,32900,买盘
1448,09:34:06,6.58,-0.01,113,74354,卖盘
1449,09:34:03,6.59,--,22,14498,买盘
1450,09:34:00,6.59,0.01,50,32950,买盘
1451,09:33:54,6.58,--,15,9870,卖盘
1452,09:33:51,6.58,-0.01,38,25004,卖盘
1453,09:33:42,6.59,--,10,6590,买盘
1454,09:33:39,6.59,--,80,52720,卖盘
1455,09:33:36,6.59,-0.01,30,19770,卖盘
1456,09:33:33,6.6,--,15,9900,买盘
1457,09:33:30,6.6,--,20,13200,买盘
1458,09:33:27,6.6,--,18,11880,买盘
1459,09:33:24,6.6,--,20,13200,买盘
1460,09:33:21,6.6,-0.01,322,212520,卖盘
1461,09:33:18,6.61,--,45,29745,卖盘
1462,09:33:09,6.61,-0.01,20,13220,卖盘
1463,09:33:06,6.62,0.01,166,109892,买盘
1464,09:32:57,6.61,-0.01,61,40321,卖盘
1465,09:32:51,6.62,--,10,6620,买盘
1466,09:32:48,6.62,0.01,208,137696,买盘
1467,09:32:42,6.61,--,90,59490,卖盘
1468,09:32:39,6.61,--,28,18508,卖盘
1469,09:32:36,6.61,-0.01,4,2644,卖盘
1470,09:32:30,6.62,0.01,5,3310,买盘
1471,09:32:24,6.61,-0.01,8,5288,卖盘
1472,09:32:21,6.62,--,39,25818,买盘
1473,09:32:18,6.62,0.01,38,25156,买盘
1474,09:32:09,6.61,-0.01,10,6610,卖盘
1475,09:32:06,6.62,0.01,18,11916,买盘
1476,09:32:00,6.61,--,11,7271,卖盘
1477,09:31:57,6.61,-0.01,2,1322,卖盘
1478,09:31:54,6.62,0.04,20,13240,买盘
1479,09:31:48,6.58,--,1,658,卖盘
1480,09:31:45,6.58,-0.02,35,23030,卖盘
1481,09:31:42,6.6,--,207,136620,买盘
1482,09:31:39,6.6,0.03,20,13200,买盘
1483,09:31:33,6.57,-0.01,89,58473,卖盘
1484,09:31:30,6.58,--,31,20398,买盘
1485,09:31:27,6.58,0.01,77,50666,买盘
1486,09:31:21,6.57,--,123,80811,卖盘
1487,09:31:09,6.57,--,103,67671,卖盘
1488,09:31:06,6.57,--,51,33507,卖盘
1489,09:31:03,6.57,--,99,65043,买盘
1490,09:31:00,6.57,0.01,94,61758,买盘
1491,09:30:57,6.56,--,10,6560,卖盘
1492,09:30:51,6.56,-0.01,10,6560,卖盘
1493,09:30:48,6.57,0.01,61,40077,买盘
1494,09:30:42,6.56,--,64,41984,卖盘
1495,09:30:39,6.56,--,5,3280,卖盘
1496,09:30:36,6.56,--,62,40672,卖盘
1497,09:30:33,6.56,--,60,39360,卖盘
1498,09:30:30,6.56,-0.04,3,1967,卖盘
1499,09:30:12,6.6,0.02,364,240240,买盘
1500,09:30:06,6.58,-0.02,346,227668,卖盘
1501,09:30:03,6.6,--,200,132000,买盘
1502,09:25:15,6.6,--,0,0,买盘
1503,09:25:00,6.6,6.6,450,297000,买盘
