,time,price,change,volume,amount,type
0,15:00:00,9.45,--,0,0,卖盘
1,15:00:00,9.45,-0.01,0,0,卖盘
2,14:59:57,9.46,--,20,18920,买盘
3,14:59:47,9.46,0.01,75,70950,买盘
4,14:59:42,9.45,-0.01,8,7559,卖盘
5,14:59:37,9.46,--,76,71896,买盘
6,14:59:32,9.46,0.01,109,103114,买盘
7,14:59:27,9.45,--,102,96503,买盘
8,14:59:22,9.45,0.01,18,17010,买盘
9,14:59:17,9.44,-0.01,104,98176,卖盘
10,14:59:12,9.45,--,132,124739,买盘
11,14:58:57,9.45,0.01,34,32129,买盘
12,14:58:42,9.44,-0.01,46,43424,卖盘
13,14:58:37,9.45,0.01,242,228689,买盘
14,14:58:32,9.44,--,20,18880,卖盘
15,14:58:27,9.44,--,3,2832,卖盘
16,14:58:12,9.44,-0.01,60,56640,卖盘
17,14:58:07,9.45,--,27,25514,买盘
18,14:58:02,9.45,0.01,13,12284,买盘
19,14:57:57,9.44,--,1,944,卖盘
20,14:57:47,9.44,-0.01,3,2832,卖盘
21,14:57:42,9.45,--,80,75600,买盘
22,14:57:32,9.45,--,72,68040,买盘
23,14:57:27,9.45,--,3,2835,买盘
24,14:57:17,9.45,--,111,104894,买盘
25,14:57:12,9.45,--,1,944,买盘
26,14:57:02,9.45,--,34,32129,买盘
27,14:56:57,9.45,--,60,56699,买盘
28,14:56:47,9.45,0.01,14,13229,买盘
29,14:56:37,9.44,-0.01,4,3776,卖盘
30,14:56:32,9.45,--,30,28349,买盘
31,14:56:27,9.45,--,30,28349,买盘
32,14:56:22,9.45,--,30,28349,买盘
33,14:56:17,9.45,--,112,105839,卖盘
34,14:56:12,9.45,--,20,18900,卖盘
35,14:56:02,9.45,--,31,29294,卖盘
36,14:55:52,9.45,0.01,114,107729,买盘
37,14:55:42,9.44,--,7,6608,卖盘
38,14:55:37,9.44,--,7,6608,卖盘
39,14:55:32,9.44,--,29,27376,卖盘
40,14:55:27,9.44,-0.01,47,44368,卖盘
41,14:55:17,9.45,-0.01,6,5670,卖盘
42,14:55:12,9.46,0.01,53,50138,买盘
43,14:54:47,9.45,0.01,75,70875,买盘
44,14:54:42,9.44,--,0,0,卖盘
45,14:54:37,9.44,-0.01,68,64201,卖盘
46,14:54:22,9.45,--,262,248525,卖盘
47,14:54:12,9.45,--,19,17964,买盘
48,14:54:07,9.45,--,5,4725,买盘
49,14:54:01,9.45,--,53,50084,买盘
50,14:53:57,9.45,0.01,151,142695,买盘
51,14:53:51,9.44,-0.01,6,5664,卖盘
52,14:53:46,9.45,--,100,94500,买盘
53,14:53:42,9.45,--,38,35910,买盘
54,14:53:36,9.45,0.01,48,45360,买盘
55,14:53:26,9.44,-0.01,5,4720,卖盘
56,14:53:22,9.45,0.01,13,12284,买盘
57,14:53:01,9.44,--,10,9440,卖盘
58,14:52:56,9.44,--,19,17936,卖盘
59,14:52:51,9.44,-0.01,3,2832,卖盘
60,14:52:36,9.45,0.01,109,103004,买盘
61,14:52:26,9.44,--,2,1888,卖盘
62,14:52:20,9.44,-0.01,6,5664,卖盘
63,14:52:11,9.45,0.01,10,9450,买盘
64,14:52:01,9.44,-0.01,4,3776,卖盘
65,14:51:56,9.45,0.01,20,18900,买盘
66,14:51:41,9.44,-0.01,20,18880,卖盘
67,14:51:05,9.45,--,2,2825,卖盘
68,14:51:00,9.45,--,8,7559,卖盘
69,14:50:56,9.45,--,15,14174,卖盘
70,14:50:51,9.45,--,12,11340,卖盘
71,14:50:41,9.45,--,32,30239,卖盘
72,14:50:35,9.45,--,18,17010,卖盘
73,14:50:26,9.45,--,10,9450,卖盘
74,14:50:20,9.45,--,307,290124,买盘
75,14:50:16,9.45,--,77,72765,买盘
76,14:50:11,9.45,--,25,23625,买盘
77,14:49:46,9.45,--,2,1889,买盘
78,14:49:31,9.45,0.02,2,1889,买盘
79,14:49:26,9.43,-0.01,10,9430,卖盘
80,14:49:21,9.44,--,30,28320,买盘
81,14:49:05,9.44,--,18,16992,买盘
82,14:48:56,9.44,--,100,94400,买盘
83,14:48:50,9.44,--,20,18880,买盘
84,14:48:41,9.44,-0.01,95,89680,卖盘
85,14:48:35,9.45,--,112,105839,买盘
86,14:48:30,9.45,0.01,300,283500,买盘
87,14:48:26,9.44,--,5,4720,卖盘
88,14:48:20,9.44,--,5,4720,卖盘
89,14:48:11,9.44,--,5,4720,卖盘
90,14:48:05,9.44,--,86,81184,卖盘
91,14:48:01,9.44,--,8,7552,卖盘
92,14:47:56,9.44,--,109,102896,卖盘
93,14:47:50,9.44,--,23,21712,卖盘
94,14:47:41,9.44,--,27,25488,买盘
95,14:47:20,9.44,--,7,6608,买盘
96,14:47:11,9.44,--,12,11328,买盘
97,14:47:05,9.44,0.01,1,944,买盘
98,14:47:01,9.43,-0.01,2,1886,卖盘
99,14:46:50,9.44,0.01,10,9440,买盘
100,14:46:30,9.43,-0.01,75,71479,卖盘
101,14:46:05,9.44,--,6,5664,买盘
102,14:45:59,9.44,--,257,242608,卖盘
103,14:45:44,9.44,--,6,5664,卖盘
104,14:45:39,9.44,--,11,10384,卖盘
105,14:45:35,9.44,--,10,9440,卖盘
106,14:45:25,9.44,--,23,21712,买盘
107,14:45:20,9.44,--,11,10384,买盘
108,14:45:14,9.44,--,15,14160,买盘
109,14:44:50,9.44,0.01,100,94400,买盘
110,14:44:29,9.43,-0.01,105,99015,卖盘
111,14:44:25,9.44,0.01,18,16992,买盘
112,14:44:14,9.43,-0.01,55,51865,卖盘
113,14:44:09,9.44,--,24,22656,买盘
114,14:44:05,9.44,0.01,162,152928,买盘
115,14:43:50,9.43,--,23,21689,卖盘
116,14:43:40,9.43,-0.01,6,5658,卖盘
117,14:43:20,9.44,0.01,4,3776,买盘
118,14:43:14,9.43,--,5,4715,卖盘
119,14:42:59,9.43,--,3,2829,卖盘
120,14:42:55,9.43,--,25,23575,卖盘
121,14:42:35,9.43,--,6,5658,卖盘
122,14:42:25,9.43,--,10,9430,卖盘
123,14:42:10,9.43,--,5,4715,卖盘
124,14:41:59,9.43,-0.01,65,61295,卖盘
125,14:41:50,9.44,0.01,23,21712,买盘
126,14:41:35,9.43,--,10,9430,卖盘
127,14:41:29,9.43,-0.01,13,12259,卖盘
128,14:41:25,9.44,0.01,13,12272,买盘
129,14:41:10,9.43,--,3,2829,卖盘
130,14:41:05,9.43,-0.01,13,12259,卖盘
131,14:40:59,9.44,--,45,42480,买盘
132,14:40:50,9.44,0.01,30,28320,买盘
133,14:40:44,9.43,-0.01,20,18860,卖盘
134,14:40:35,9.44,0.01,47,44368,买盘
135,14:40:29,9.43,--,20,18860,卖盘
136,14:40:25,9.43,--,11,10373,卖盘
137,14:40:19,9.43,--,25,23575,卖盘
138,14:40:14,9.43,--,15,14145,卖盘
139,14:39:54,9.43,--,10,9430,卖盘
140,14:39:39,9.43,-0.01,135,127305,卖盘
141,14:39:24,9.44,0.01,2,1888,买盘
142,14:39:19,9.43,--,5,4715,卖盘
143,14:39:03,9.43,--,58,54694,卖盘
144,14:38:59,9.43,--,7,6601,卖盘
145,14:38:54,9.43,--,24,22632,卖盘
146,14:38:49,9.43,--,33,31119,卖盘
147,14:38:34,9.43,-0.01,1,943,卖盘
148,14:38:29,9.44,--,3,2832,买盘
149,14:38:23,9.44,--,13,12272,买盘
150,14:38:14,9.44,--,100,94400,买盘
151,14:38:08,9.44,--,35,33040,买盘
152,14:38:04,9.44,--,2,1888,买盘
153,14:37:53,9.44,0.01,70,66080,买盘
154,14:37:44,9.43,--,37,34891,卖盘
155,14:37:38,9.43,--,20,18860,卖盘
156,14:37:29,9.43,--,5,4715,卖盘
157,14:36:59,9.43,--,10,9430,卖盘
158,14:36:18,9.43,--,3,2829,卖盘
159,14:36:14,9.43,0.01,370,348910,买盘
160,14:36:08,9.42,-0.01,25,23550,卖盘
161,14:36:03,9.43,--,6,5658,买盘
162,14:35:53,9.43,--,10,9430,买盘
163,14:35:38,9.43,--,174,164082,卖盘
164,14:35:29,9.43,--,15,14145,卖盘
165,14:35:14,9.43,-0.01,13,12259,卖盘
166,14:35:08,9.44,--,3,2832,卖盘
167,14:34:59,9.44,0.01,11,10384,买盘
168,14:34:44,9.43,--,0,0,卖盘
169,14:34:38,9.43,0.01,15,14145,中性盘
170,14:34:29,9.42,--,100,94200,卖盘
171,14:34:23,9.42,-0.01,235,221370,卖盘
172,14:34:13,9.43,--,37,34891,卖盘
173,14:33:58,9.43,--,246,231978,卖盘
174,14:33:53,9.43,-0.01,1,943,卖盘
175,14:33:44,9.44,--,16,15104,买盘
176,14:33:23,9.44,--,17,16048,卖盘
177,14:33:18,9.44,--,32,30208,卖盘
178,14:33:08,9.44,-0.01,10,9440,卖盘
179,14:32:53,9.45,--,53,51020,买盘
180,14:32:48,9.45,--,23,21735,买盘
181,14:32:38,9.45,--,20,18900,买盘
182,14:32:28,9.45,0.01,40,37800,买盘
183,14:32:23,9.44,--,77,72688,卖盘
184,14:32:03,9.44,--,50,47200,卖盘
185,14:31:53,9.44,-0.01,13,12272,卖盘
186,14:31:32,9.45,0.01,30,28349,买盘
187,14:31:28,9.44,--,5,4729,卖盘
188,14:31:23,9.44,-0.01,100,94400,卖盘
189,14:30:58,9.45,0.01,12,11340,买盘
190,14:30:53,9.44,--,40,37760,卖盘
191,14:30:42,9.44,--,86,81184,卖盘
192,14:30:32,9.44,-0.01,87,82128,卖盘
193,14:30:23,9.45,-0.01,88,83160,卖盘
194,14:30:12,9.46,0.01,50,47300,买盘
195,14:30:08,9.45,--,82,77490,卖盘
196,14:30:02,9.45,--,31,29294,卖盘
197,14:29:57,9.45,--,51,48195,卖盘
198,14:29:47,9.45,-0.01,95,89775,中性盘
199,14:29:43,9.46,0.02,6,5676,买盘
200,14:29:38,9.44,-0.02,88,83072,卖盘
201,14:29:32,9.46,0.02,41,38786,买盘
202,14:29:28,9.44,--,86,81184,卖盘
203,14:29:23,9.44,--,0,0,卖盘
204,14:29:17,9.44,--,104,98176,卖盘
205,14:29:08,9.44,--,0,0,卖盘
206,14:29:02,9.44,-0.01,88,83072,卖盘
207,14:28:53,9.45,-0.01,98,92610,卖盘
208,14:28:47,9.46,0.02,13,12298,买盘
209,14:28:43,9.44,-0.02,90,84960,卖盘
210,14:28:38,9.46,0.02,6,5676,买盘
211,14:28:32,9.44,-0.02,85,80240,卖盘
212,14:28:23,9.46,0.02,68,64328,买盘
213,14:28:17,9.44,-0.01,88,83072,卖盘
214,14:28:08,9.45,--,90,85050,卖盘
215,14:28:02,9.45,0.01,3,2835,买盘
216,14:27:58,9.44,--,106,100064,卖盘
217,14:27:47,9.44,--,94,88736,卖盘
218,14:27:37,9.44,--,104,98176,卖盘
219,14:27:27,9.44,--,0,0,卖盘
220,14:27:22,9.44,--,85,80240,卖盘
221,14:27:17,9.44,-0.01,90,84960,卖盘
222,14:27:02,9.45,--,92,86940,卖盘
223,14:26:57,9.45,0.01,34,32129,买盘
224,14:26:52,9.44,--,87,82128,卖盘
225,14:26:42,9.44,0.01,82,77408,卖盘
226,14:26:37,9.43,--,0,0,卖盘
227,14:26:32,9.43,--,84,79212,卖盘
228,14:26:17,9.43,-0.03,86,81098,卖盘
229,14:26:12,9.46,--,12,11352,买盘
230,14:26:07,9.46,0.02,107,101222,买盘
231,14:25:57,9.44,--,88,83072,卖盘
232,14:25:52,9.44,-0.02,100,94400,卖盘
233,14:25:47,9.46,0.01,98,92708,买盘
234,14:25:37,9.45,--,1,944,卖盘
235,14:25:32,9.45,0.02,87,82215,卖盘
236,14:25:27,9.43,--,0,0,卖盘
237,14:25:22,9.43,-0.01,83,78269,卖盘
238,14:25:12,9.44,--,89,84016,卖盘
239,14:25:02,9.44,--,85,80240,卖盘
240,14:24:51,9.44,--,85,80240,卖盘
241,14:24:42,9.44,--,81,76464,卖盘
242,14:24:32,9.44,--,0,0,卖盘
243,14:24:26,9.44,-0.01,86,81184,卖盘
244,14:24:17,9.45,--,88,83160,卖盘
245,14:24:11,9.45,--,10,9450,卖盘
246,14:24:07,9.45,-0.01,85,80325,卖盘
247,14:24:02,9.46,0.02,22,20812,买盘
248,14:23:56,9.44,--,100,94400,卖盘
249,14:23:52,9.44,0.01,1,944,卖盘
250,14:23:46,9.43,-0.02,85,80155,卖盘
251,14:23:41,9.45,0.02,6,5670,买盘
252,14:23:37,9.43,-0.02,93,87699,卖盘
253,14:23:26,9.45,0.01,70,66150,买盘
254,14:23:22,9.44,--,89,84016,卖盘
255,14:23:11,9.44,--,94,88736,卖盘
256,14:23:02,9.44,-0.02,90,84960,卖盘
257,14:22:56,9.46,--,36,34056,买盘
258,14:22:52,9.46,0.02,13,12298,买盘
259,14:22:47,9.44,--,87,82128,卖盘
260,14:22:41,9.44,-0.01,191,180304,卖盘
261,14:22:37,9.45,--,3,2835,卖盘
262,14:22:32,9.45,--,10,9450,卖盘
263,14:22:26,9.45,0.01,92,86940,中性盘
264,14:22:16,9.44,-0.01,83,78352,卖盘
265,14:22:07,9.45,--,93,87885,卖盘
266,14:22:01,9.45,0.01,332,313740,买盘
267,14:21:56,9.44,-0.01,90,84960,卖盘
268,14:21:47,9.45,0.01,19,17955,买盘
269,14:21:41,9.44,-0.01,91,85904,卖盘
270,14:21:36,9.45,0.01,36,34020,买盘
271,14:21:32,9.44,-0.01,485,457840,卖盘
272,14:21:26,9.45,--,6,5670,买盘
273,14:21:22,9.45,--,108,102059,买盘
274,14:21:11,9.45,0.01,129,121904,买盘
275,14:21:02,9.44,--,142,134048,卖盘
276,14:20:46,9.44,--,91,85904,卖盘
277,14:20:41,9.44,--,52,49088,卖盘
278,14:20:36,9.44,-0.01,114,107616,卖盘
279,14:20:26,9.45,--,0,0,买盘
280,14:20:06,9.45,0.02,5,4725,买盘
281,14:20:01,9.43,-0.01,97,91471,卖盘
282,14:19:55,9.44,--,268,252992,卖盘
283,14:19:51,9.44,-0.02,93,87792,卖盘
284,14:19:46,9.46,--,0,0,买盘
285,14:19:41,9.46,--,173,163658,买盘
286,14:19:36,9.46,0.02,9,8514,买盘
287,14:19:31,9.44,--,32,30208,卖盘
288,14:19:26,9.44,--,62,58528,卖盘
289,14:19:16,9.44,--,88,83072,卖盘
290,14:19:06,9.44,-0.01,85,80240,卖盘
291,14:18:56,9.45,--,80,75600,卖盘
292,14:18:51,9.45,0.01,109,103004,买盘
293,14:18:46,9.44,-0.02,82,77408,卖盘
294,14:18:41,9.46,0.02,367,347182,买盘
295,14:18:31,9.44,-0.01,117,110448,卖盘
296,14:18:26,9.45,0.01,120,113399,买盘
297,14:18:21,9.44,-0.01,91,85904,卖盘
298,14:18:16,9.45,0.01,22,20790,买盘
299,14:18:11,9.44,0.01,160,151040,中性盘
300,14:18:01,9.43,-0.02,92,86756,卖盘
301,14:17:56,9.45,--,0,0,买盘
302,14:17:51,9.45,0.02,85,80325,买盘
303,14:17:46,9.43,--,37,34891,卖盘
304,14:17:41,9.43,--,83,78269,卖盘
305,14:17:26,9.43,--,93,87699,卖盘
306,14:17:21,9.43,--,33,31119,卖盘
307,14:17:16,9.43,--,58,54694,卖盘
308,14:17:06,9.43,-0.02,90,84870,卖盘
309,14:17:01,9.45,0.02,1,944,买盘
310,14:16:56,9.43,--,86,81098,卖盘
311,14:16:46,9.43,--,90,84870,卖盘
312,14:16:36,9.43,--,91,85813,卖盘
313,14:16:26,9.43,--,8,7544,卖盘
314,14:16:20,9.43,--,87,82041,卖盘
315,14:16:11,9.43,-0.02,83,78269,卖盘
316,14:16:04,9.45,0.01,60,56699,买盘
317,14:16:00,9.44,--,150,141600,买盘
318,14:15:49,9.44,0.01,164,154816,卖盘
319,14:15:40,9.43,--,50,47150,卖盘
320,14:15:35,9.43,--,36,33948,卖盘
321,14:15:25,9.43,0.01,92,86756,卖盘
322,14:15:20,9.42,--,48,45216,卖盘
323,14:15:15,9.42,-0.03,36,33912,卖盘
324,14:15:10,9.45,0.03,10,9450,买盘
325,14:15:05,9.42,--,85,80070,卖盘
326,14:14:55,9.42,-0.03,91,85722,卖盘
327,14:14:50,9.45,0.02,15,14174,买盘
328,14:14:40,9.43,--,286,269698,卖盘
329,14:14:35,9.43,--,58,54694,卖盘
330,14:14:31,9.43,-0.01,36,33948,卖盘
331,14:14:25,9.44,--,24,22656,卖盘
332,14:14:20,9.44,-0.01,87,82128,卖盘
333,14:14:10,9.45,--,98,92610,买盘
334,14:14:05,9.45,0.01,20,18900,买盘
335,14:14:00,9.44,--,32,30208,卖盘
336,14:13:55,9.44,--,54,50976,卖盘
337,14:13:50,9.44,0.02,281,265264,买盘
338,14:13:40,9.42,--,51,48042,卖盘
339,14:13:35,9.42,--,38,35796,卖盘
340,14:13:30,9.42,--,0,0,卖盘
341,14:13:25,9.42,--,88,82896,卖盘
342,14:13:20,9.42,--,0,0,卖盘
343,14:12:55,9.42,--,84,79128,卖盘
344,14:12:50,9.42,-0.02,8,7536,卖盘
345,14:12:45,9.44,--,88,83072,卖盘
346,14:12:40,9.44,--,55,51920,买盘
347,14:12:35,9.44,0.01,100,94400,买盘
348,14:12:30,9.43,--,85,80155,卖盘
349,14:12:25,9.43,-0.01,89,83927,卖盘
350,14:12:20,9.44,--,53,50032,卖盘
351,14:12:15,9.44,0.01,130,122720,买盘
352,14:12:10,9.43,--,86,81098,卖盘
353,14:12:05,9.43,--,176,165968,卖盘
354,14:12:00,9.43,--,0,0,卖盘
355,14:11:50,9.43,--,92,86756,卖盘
356,14:11:45,9.43,--,0,0,卖盘
357,14:11:40,9.43,--,82,77326,卖盘
358,14:11:35,9.43,--,0,0,卖盘
359,14:11:25,9.43,--,88,82984,卖盘
360,14:11:20,9.43,--,97,91471,买盘
361,14:11:15,9.43,--,11,10373,买盘
362,14:11:10,9.43,0.01,9,8487,买盘
363,14:11:05,9.42,--,94,88548,卖盘
364,14:11:00,9.42,-0.01,8,7536,卖盘
365,14:10:55,9.43,--,121,114103,买盘
366,14:10:50,9.43,0.01,64,60352,中性盘
367,14:10:45,9.42,-0.01,58,54636,卖盘
368,14:10:40,9.43,-0.01,33,31119,卖盘
369,14:10:35,9.44,--,186,175584,买盘
370,14:10:25,9.44,0.01,54,50976,买盘
371,14:10:20,9.43,0.02,190,179170,买盘
372,14:10:10,9.41,-0.02,95,89395,卖盘
373,14:10:05,9.43,0.02,50,47150,买盘
374,14:10:00,9.41,-0.01,86,80926,卖盘
375,14:09:50,9.42,-0.01,96,90432,卖盘
376,14:09:45,9.43,0.01,2,1886,卖盘
377,14:09:40,9.42,--,94,88548,卖盘
378,14:09:30,9.42,--,0,0,卖盘
379,14:09:25,9.42,--,89,83838,卖盘
380,14:09:20,9.42,-0.01,55,51810,卖盘
381,14:09:15,9.43,--,33,31119,卖盘
382,14:09:10,9.43,--,263,248009,卖盘
383,14:09:05,9.43,--,40,37720,卖盘
384,14:09:00,9.43,0.02,8,7544,买盘
385,14:08:40,9.41,--,0,0,卖盘
386,14:08:35,9.41,--,260,244660,卖盘
387,14:08:25,9.41,--,100,94100,卖盘
388,14:08:15,9.41,--,97,91277,卖盘
389,14:08:05,9.41,--,7,6587,卖盘
390,14:08:00,9.41,--,80,75280,卖盘
391,14:07:54,9.41,--,6,5646,卖盘
392,14:07:50,9.41,--,83,78103,卖盘
393,14:07:39,9.41,-0.01,92,86572,卖盘
394,14:07:35,9.42,-0.02,6,5652,中性盘
395,14:07:29,9.44,0.03,46,43424,买盘
396,14:07:25,9.41,-0.03,57,53637,卖盘
397,14:07:20,9.44,0.03,5,4720,买盘
398,14:07:14,9.41,-0.03,98,92218,卖盘
399,14:07:04,9.44,0.03,37,34928,买盘
400,14:06:59,9.41,-0.02,92,86572,卖盘
401,14:06:55,9.43,0.02,2,1886,中性盘
402,14:06:49,9.41,-0.03,90,84690,卖盘
403,14:06:44,9.44,0.02,5,4720,买盘
404,14:06:39,9.42,0.01,67,63114,卖盘
405,14:06:34,9.41,-0.01,120,112920,卖盘
406,14:06:29,9.42,--,94,88548,买盘
407,14:06:19,9.42,-0.03,171,161082,卖盘
408,14:06:14,9.45,0.01,39,36855,买盘
409,14:06:09,9.44,0.02,20,18880,买盘
410,14:06:04,9.42,-0.01,94,88548,卖盘
411,14:05:59,9.43,--,7,6601,卖盘
412,14:05:54,9.43,-0.02,37,34891,卖盘
413,14:05:49,9.45,0.01,104,98279,买盘
414,14:05:44,9.44,-0.01,89,84016,卖盘
415,14:05:34,9.45,0.01,142,134190,买盘
416,14:05:29,9.44,--,86,81184,卖盘
417,14:05:24,9.44,--,7,6608,卖盘
418,14:05:19,9.44,--,33,31152,卖盘
419,14:05:14,9.44,--,55,51920,卖盘
420,14:05:09,9.44,--,217,204848,卖盘
421,14:05:04,9.44,--,37,34928,卖盘
422,14:04:59,9.44,-0.01,363,342672,卖盘
423,14:04:54,9.45,0.01,50,47250,买盘
424,14:04:39,9.44,--,7,6608,卖盘
425,14:04:19,9.44,--,7,6608,卖盘
426,14:04:14,9.44,--,6,5664,卖盘
427,14:03:58,9.44,--,7,6608,卖盘
428,14:03:54,9.44,--,1,944,卖盘
429,14:03:49,9.44,--,14,13216,卖盘
430,14:03:43,9.44,0.01,219,206736,买盘
431,14:03:34,9.43,-0.01,7,6601,卖盘
432,14:03:29,9.44,--,314,296416,卖盘
433,14:03:24,9.44,--,6,5664,卖盘
434,14:03:19,9.44,--,57,53808,卖盘
435,14:03:14,9.44,--,12,11328,卖盘
436,14:03:09,9.44,--,30,28320,卖盘
437,14:03:04,9.44,0.01,30,28320,买盘
438,14:02:59,9.43,-0.01,230,216890,卖盘
439,14:02:54,9.44,0.01,35,33040,买盘
440,14:02:49,9.43,--,75,70725,卖盘
441,14:02:44,9.43,--,6,5658,卖盘
442,14:02:34,9.43,0.02,61,57523,买盘
443,14:02:28,9.41,-0.02,37,34817,卖盘
444,14:02:24,9.43,0.02,40,37720,买盘
445,14:02:19,9.41,-0.01,145,136445,卖盘
446,14:02:13,9.42,--,36,33912,卖盘
447,14:02:09,9.42,--,63,59346,买盘
448,14:02:04,9.42,0.01,55,51810,买盘
449,14:01:59,9.41,-0.01,8,7528,卖盘
450,14:01:53,9.42,--,33,31086,买盘
451,14:01:49,9.42,0.01,200,188400,买盘
452,14:01:43,9.41,-0.01,25,23525,卖盘
453,14:01:34,9.42,0.01,303,285426,买盘
454,14:01:19,9.41,--,35,32935,卖盘
455,14:01:13,9.41,--,6,5646,卖盘
456,14:01:09,9.41,--,35,32935,卖盘
457,14:01:04,9.41,--,12,11292,卖盘
458,14:00:59,9.41,--,29,27289,卖盘
459,14:00:49,9.41,--,51,47991,卖盘
460,14:00:33,9.41,-0.01,30,28230,卖盘
461,14:00:29,9.42,0.01,10,9420,买盘
462,14:00:23,9.41,-0.01,33,31053,卖盘
463,14:00:14,9.42,--,136,128112,卖盘
464,14:00:09,9.42,--,7,6594,卖盘
465,14:00:04,9.42,--,48,45216,卖盘
466,13:59:59,9.42,--,39,36738,卖盘
467,13:59:54,9.42,--,6,5652,卖盘
468,13:59:48,9.42,--,6,5652,卖盘
469,13:59:24,9.42,--,30,28260,卖盘
470,13:59:18,9.42,-0.01,7,6594,卖盘
471,13:59:14,9.43,0.01,1,943,买盘
472,13:59:07,9.42,--,51,48042,卖盘
473,13:59:03,9.42,--,6,5652,卖盘
474,13:58:58,9.42,0.01,27,25434,卖盘
475,13:58:52,9.41,--,0,0,卖盘
476,13:58:48,9.41,-0.02,30,28230,卖盘
477,13:58:43,9.43,0.01,18,16974,卖盘
478,13:58:37,9.42,-0.01,31,29202,卖盘
479,13:58:33,9.43,--,16,15088,买盘
480,13:58:28,9.43,0.01,90,84870,买盘
481,13:58:22,9.42,--,8,7536,卖盘
482,13:58:18,9.42,-0.01,75,70650,卖盘
483,13:58:13,9.43,0.01,124,116932,买盘
484,13:58:07,9.42,--,203,191226,卖盘
485,13:57:58,9.42,--,7,6594,卖盘
486,13:57:47,9.42,--,6,5652,卖盘
487,13:57:37,9.42,-0.01,10,9420,卖盘
488,13:57:32,9.43,0.01,59,55637,买盘
489,13:57:23,9.42,--,26,24492,卖盘
490,13:57:18,9.42,-0.01,7,6594,卖盘
491,13:57:13,9.43,--,21,19803,买盘
492,13:57:07,9.43,--,18,16974,卖盘
493,13:56:58,9.43,--,50,47150,卖盘
494,13:56:52,9.43,--,6,5658,卖盘
495,13:56:43,9.43,--,6,5658,卖盘
496,13:56:37,9.43,--,108,101844,卖盘
497,13:56:28,9.43,--,23,21689,卖盘
498,13:56:22,9.43,--,9,8487,卖盘
499,13:56:13,9.43,--,10,9430,卖盘
500,13:56:07,9.43,--,7,6601,卖盘
501,13:55:58,9.43,--,107,100901,卖盘
502,13:55:52,9.43,--,50,47150,卖盘
503,13:55:48,9.43,--,7,6601,卖盘
504,13:55:33,9.43,--,6,5658,卖盘
505,13:55:28,9.43,--,4,3772,卖盘
506,13:55:22,9.43,--,37,34891,卖盘
507,13:55:18,9.43,--,6,5658,卖盘
508,13:55:07,9.43,--,1,943,卖盘
509,13:55:03,9.43,--,6,5658,卖盘
510,13:54:52,9.43,--,7,6601,卖盘
511,13:54:47,9.43,-0.01,8,7544,卖盘
512,13:54:43,9.44,--,6,5664,卖盘
513,13:54:28,9.44,--,7,6608,卖盘
514,13:54:22,9.44,-0.01,24,22656,卖盘
515,13:54:18,9.45,0.01,26,24569,买盘
516,13:54:13,9.44,-0.02,36,33984,卖盘
517,13:54:07,9.46,0.01,12,11352,买盘
518,13:53:58,9.45,-0.01,7,6614,卖盘
519,13:53:52,9.46,0.02,100,94600,买盘
520,13:53:43,9.44,--,21,19824,卖盘
521,13:53:32,9.44,--,7,6608,卖盘
522,13:53:28,9.44,--,57,53808,卖盘
523,13:53:22,9.44,--,30,28320,卖盘
524,13:53:07,9.44,--,10,9440,卖盘
525,13:52:58,9.44,--,86,81184,卖盘
526,13:52:52,9.44,-0.01,6,5664,卖盘
527,13:52:43,9.45,0.01,52,49139,买盘
528,13:52:37,9.44,--,6,5664,卖盘
529,13:52:32,9.44,--,5,4720,卖盘
530,13:52:26,9.44,--,13,12272,卖盘
531,13:52:17,9.44,--,6,5664,卖盘
532,13:52:07,9.44,--,6,5664,卖盘
533,13:52:02,9.44,--,1,944,卖盘
534,13:51:52,9.44,--,10,9440,卖盘
535,13:51:46,9.44,-0.01,7,6608,卖盘
536,13:51:41,9.45,-0.01,1,944,卖盘
537,13:51:37,9.46,0.02,21,19866,买盘
538,13:51:31,9.44,--,11,10384,卖盘
539,13:51:22,9.44,--,7,6608,卖盘
540,13:51:16,9.44,--,25,23600,卖盘
541,13:51:11,9.44,-0.02,15,14160,卖盘
542,13:51:07,9.46,0.01,14,13244,买盘
543,13:51:01,9.45,--,8,7559,买盘
544,13:50:56,9.45,0.01,43,40635,买盘
545,13:50:52,9.44,--,10,9440,卖盘
546,13:50:46,9.44,-0.01,6,5664,卖盘
547,13:50:37,9.45,--,30,28349,买盘
548,13:50:31,9.45,0.01,20,18900,买盘
549,13:50:26,9.44,-0.01,7,6608,卖盘
550,13:50:22,9.45,--,30,28349,买盘
551,13:50:16,9.45,--,46,43470,买盘
552,13:50:11,9.45,0.01,14,13229,买盘
553,13:50:01,9.44,-0.01,7,6608,卖盘
554,13:49:56,9.45,0.01,9,8505,买盘
555,13:49:52,9.44,--,7,6608,卖盘
556,13:49:46,9.44,-0.01,8,7552,卖盘
557,13:49:31,9.45,--,16,15119,买盘
558,13:49:26,9.45,--,7,6614,买盘
559,13:49:22,9.45,-0.01,46,43470,卖盘
560,13:49:16,9.46,0.01,18,17028,买盘
561,13:49:11,9.45,--,5,4725,卖盘
562,13:49:07,9.45,--,6,5670,卖盘
563,13:48:52,9.45,0.01,6,5670,中性盘
564,13:48:46,9.44,-0.02,57,53808,卖盘
565,13:48:41,9.46,0.01,14,13244,买盘
566,13:48:31,9.45,--,15,14174,卖盘
567,13:48:22,9.45,--,47,44415,卖盘
568,13:48:16,9.45,--,5,4725,卖盘
569,13:48:11,9.45,-0.01,7,6614,卖盘
570,13:48:07,9.46,0.01,28,26488,买盘
571,13:48:01,9.45,-0.02,8,7559,卖盘
572,13:47:46,9.47,--,74,70078,买盘
573,13:47:41,9.47,0.01,2,1894,买盘
574,13:47:37,9.46,-0.01,20,18920,卖盘
575,13:47:31,9.47,0.01,15,14205,买盘
576,13:47:26,9.46,--,17,16082,卖盘
577,13:47:22,9.46,--,15,14190,卖盘
578,13:47:16,9.46,-0.01,126,119196,卖盘
579,13:47:11,9.47,0.01,111,105117,买盘
580,13:47:07,9.46,--,14,13244,卖盘
581,13:47:01,9.46,--,171,162418,买盘
582,13:46:56,9.46,0.01,87,82302,买盘
583,13:46:52,9.45,--,7,6614,卖盘
584,13:46:41,9.45,--,8,7559,卖盘
585,13:46:37,9.45,--,55,51974,买盘
586,13:46:31,9.45,--,226,213569,买盘
587,13:46:26,9.45,0.01,84,79380,买盘
588,13:46:21,9.44,-0.01,6,5664,卖盘
589,13:46:16,9.45,0.01,30,28349,买盘
590,13:46:07,9.44,-0.01,7,6608,卖盘
591,13:46:01,9.45,--,90,85050,买盘
592,13:45:51,9.45,0.01,47,44415,买盘
593,13:45:46,9.44,-0.01,16,15104,卖盘
594,13:45:36,9.45,--,19,17955,买盘
595,13:45:31,9.45,0.01,4,3779,买盘
596,13:45:26,9.44,--,10,9440,卖盘
597,13:45:21,9.44,--,511,482384,买盘
598,13:45:16,9.44,0.02,169,159536,买盘
599,13:45:01,9.42,-0.01,208,195936,卖盘
600,13:44:56,9.43,0.01,19,17917,买盘
601,13:44:50,9.42,--,13,12246,卖盘
602,13:44:46,9.42,--,16,15072,卖盘
603,13:44:41,9.42,-0.01,23,21666,卖盘
604,13:44:35,9.43,0.01,7,6601,买盘
605,13:44:31,9.42,--,31,29202,买盘
606,13:44:26,9.42,0.01,122,114924,买盘
607,13:44:20,9.41,--,60,56460,卖盘
608,13:44:16,9.41,-0.01,17,15997,卖盘
609,13:44:10,9.42,--,87,81954,买盘
610,13:44:05,9.42,0.01,2,1884,买盘
611,13:44:01,9.41,--,114,107274,卖盘
612,13:43:55,9.41,--,157,147737,卖盘
613,13:43:46,9.41,-0.01,95,89395,卖盘
614,13:43:40,9.42,0.01,18,16956,买盘
615,13:43:35,9.41,--,80,75280,卖盘
616,13:43:31,9.41,--,7,6587,卖盘
617,13:43:25,9.41,-0.01,65,61165,卖盘
618,13:43:20,9.42,--,2,1884,买盘
619,13:43:16,9.42,--,6,5652,卖盘
620,13:43:10,9.42,--,68,64056,卖盘
621,13:43:01,9.42,--,65,61230,卖盘
622,13:42:55,9.42,0.01,1,942,中性盘
623,13:42:50,9.41,-0.01,74,69634,卖盘
624,13:42:46,9.42,--,1,942,买盘
625,13:42:40,9.42,0.01,73,68766,卖盘
626,13:42:35,9.41,--,0,0,卖盘
627,13:42:31,9.41,--,60,56460,卖盘
628,13:42:25,9.41,--,7,6587,卖盘
629,13:42:20,9.41,--,100,94100,卖盘
630,13:42:16,9.41,-0.01,124,116684,卖盘
631,13:42:10,9.42,--,63,59346,卖盘
632,13:42:05,9.42,-0.01,7,6594,卖盘
633,13:41:55,9.43,0.01,71,66953,买盘
634,13:41:46,9.42,--,87,81954,卖盘
635,13:41:40,9.42,0.01,7,6594,卖盘
636,13:41:35,9.41,-0.02,50,47050,卖盘
637,13:41:31,9.43,0.02,11,10373,买盘
638,13:41:25,9.41,--,53,49873,卖盘
639,13:41:20,9.41,-0.03,7,6587,卖盘
640,13:41:16,9.44,0.03,10,9440,买盘
641,13:41:10,9.41,-0.02,72,67752,卖盘
642,13:41:01,9.43,--,60,56580,卖盘
643,13:40:50,9.43,--,53,49979,卖盘
644,13:40:46,9.43,--,7,6601,卖盘
645,13:40:40,9.43,--,6,5658,卖盘
646,13:40:35,9.43,-0.01,11,10373,卖盘
647,13:40:25,9.44,0.01,34,32096,买盘
648,13:40:16,9.43,--,6,5658,卖盘
649,13:40:01,9.43,--,7,6601,卖盘
650,13:39:55,9.43,--,247,232921,买盘
651,13:39:46,9.43,0.01,14,13202,买盘
652,13:39:40,9.42,-0.01,19,17898,卖盘
653,13:39:35,9.43,0.01,41,38663,买盘
654,13:39:30,9.42,--,9,8478,买盘
655,13:39:25,9.42,--,14,13188,卖盘
656,13:39:20,9.42,-0.01,24,22608,卖盘
657,13:39:15,9.43,0.01,102,96186,买盘
658,13:39:10,9.42,-0.01,70,65940,卖盘
659,13:39:00,9.43,0.02,4,3772,买盘
660,13:38:55,9.41,-0.02,6,5646,卖盘
661,13:38:50,9.43,0.01,14,13202,买盘
662,13:38:45,9.42,--,7,6594,卖盘
663,13:38:35,9.42,-0.01,15,14130,卖盘
664,13:38:30,9.43,0.01,14,13202,买盘
665,13:38:25,9.42,--,7,6594,卖盘
666,13:38:15,9.42,0.01,1,942,买盘
667,13:38:10,9.41,-0.01,46,43286,卖盘
668,13:38:05,9.42,--,401,377742,卖盘
669,13:38:00,9.42,--,7,6594,卖盘
670,13:37:50,9.42,--,8,7536,卖盘
671,13:37:40,9.42,-0.01,56,52752,卖盘
672,13:37:35,9.43,0.01,4,3772,买盘
673,13:37:29,9.42,-0.01,7,6594,卖盘
674,13:37:25,9.43,0.01,25,23575,买盘
675,13:37:20,9.42,--,6,5652,卖盘
676,13:37:14,9.42,--,5,4710,卖盘
677,13:37:10,9.42,-0.01,7,6594,卖盘
678,13:36:59,9.43,0.01,6,5658,买盘
679,13:36:55,9.42,-0.01,6,5652,卖盘
680,13:36:49,9.43,0.01,28,26404,买盘
681,13:36:44,9.42,--,7,6594,卖盘
682,13:36:34,9.42,-0.01,6,5652,卖盘
683,13:36:29,9.43,--,93,87699,卖盘
684,13:36:25,9.43,-0.01,7,6601,卖盘
685,13:36:14,9.44,0.01,35,33040,买盘
686,13:36:10,9.43,--,13,12259,卖盘
687,13:35:59,9.43,--,21,19803,卖盘
688,13:35:55,9.43,-0.01,3,2829,卖盘
689,13:35:49,9.44,0.01,37,34928,买盘
690,13:35:40,9.43,--,7,6601,卖盘
691,13:35:29,9.43,--,26,24518,卖盘
692,13:35:19,9.43,0.01,28,26404,买盘
693,13:35:14,9.42,--,7,6594,卖盘
694,13:35:10,9.42,--,0,0,卖盘
695,13:34:59,9.42,-0.02,58,54636,卖盘
696,13:34:55,9.44,0.01,82,77408,买盘
697,13:34:49,9.43,--,15,14145,卖盘
698,13:34:40,9.43,--,7,6601,卖盘
699,13:34:34,9.43,--,8,7544,中性盘
700,13:34:25,9.43,--,64,60352,买盘
701,13:34:19,9.43,--,50,47150,买盘
702,13:34:14,9.43,--,13,12259,卖盘
703,13:34:10,9.43,--,6,5658,卖盘
704,13:34:04,9.43,0.01,16,15088,买盘
705,13:33:59,9.42,--,7,6594,卖盘
706,13:33:49,9.42,--,19,17898,卖盘
707,13:33:34,9.42,-0.01,17,16014,卖盘
708,13:33:29,9.43,0.01,20,18860,买盘
709,13:33:24,9.42,-0.01,79,74418,卖盘
710,13:33:19,9.43,0.01,7,6601,买盘
711,13:33:09,9.42,--,15,14130,卖盘
712,13:33:04,9.42,--,6,5652,卖盘
713,13:32:54,9.42,-0.01,6,5652,卖盘
714,13:32:49,9.43,--,40,37720,卖盘
715,13:32:39,9.43,-0.01,7,6601,卖盘
716,13:32:33,9.44,0.01,22,20768,买盘
717,13:32:19,9.43,0.01,41,38663,买盘
718,13:32:09,9.42,-0.01,6,5652,卖盘
719,13:32:04,9.43,--,22,20746,买盘
720,13:31:59,9.43,0.01,20,18860,买盘
721,13:31:54,9.42,--,7,6594,卖盘
722,13:31:44,9.42,--,17,16014,卖盘
723,13:31:34,9.42,-0.01,236,222312,卖盘
724,13:31:29,9.43,0.01,37,34891,买盘
725,13:31:24,9.42,-0.01,16,15072,卖盘
726,13:31:19,9.43,--,195,183885,卖盘
727,13:31:09,9.43,-0.01,36,33948,卖盘
728,13:31:04,9.44,0.01,27,25488,买盘
729,13:30:49,9.43,--,20,18860,卖盘
730,13:30:38,9.43,--,6,5658,卖盘
731,13:30:29,9.43,--,7,6601,卖盘
732,13:30:19,9.43,--,6,5658,卖盘
733,13:30:08,9.43,-0.01,7,6601,卖盘
734,13:30:04,9.44,0.01,8,7552,买盘
735,13:29:59,9.43,-0.01,7,6601,卖盘
736,13:29:53,9.44,0.01,11,10384,买盘
737,13:29:49,9.43,-0.01,8,7544,卖盘
738,13:29:43,9.44,0.01,15,14160,买盘
739,13:29:34,9.43,-0.01,22,20746,卖盘
740,13:29:23,9.44,0.01,30,28320,买盘
741,13:29:13,9.43,--,21,19803,卖盘
742,13:28:58,9.43,--,7,6601,卖盘
743,13:28:49,9.43,-0.01,10,9430,卖盘
744,13:28:43,9.44,-0.01,135,127440,卖盘
745,13:28:38,9.45,--,5,4725,买盘
746,13:28:34,9.45,0.01,50,47250,买盘
747,13:28:28,9.44,-0.01,7,6608,卖盘
748,13:28:23,9.45,--,23,21735,买盘
749,13:28:19,9.45,--,13,12284,买盘
750,13:28:04,9.45,0.01,36,34020,买盘
751,13:27:53,9.44,-0.01,38,35872,卖盘
752,13:27:49,9.45,0.01,53,50084,买盘
753,13:27:43,9.44,-0.01,67,63248,卖盘
754,13:27:34,9.45,--,73,68985,买盘
755,13:27:28,9.45,0.01,12,11340,买盘
756,13:27:23,9.44,--,18,16992,卖盘
757,13:27:13,9.44,--,26,24544,卖盘
758,13:27:08,9.44,--,26,24544,卖盘
759,13:27:04,9.44,--,18,16992,卖盘
760,13:26:58,9.44,--,7,6608,卖盘
761,13:26:48,9.44,--,24,22656,卖盘
762,13:26:43,9.44,--,13,12272,卖盘
763,13:26:38,9.44,--,6,5664,卖盘
764,13:26:33,9.44,--,1,944,卖盘
765,13:26:28,9.44,0.01,83,78352,买盘
766,13:26:18,9.43,-0.01,18,16974,卖盘
767,13:26:13,9.44,0.01,13,12272,买盘
768,13:26:08,9.43,-0.01,6,5658,卖盘
769,13:26:03,9.44,--,22,20768,买盘
770,13:25:58,9.44,0.01,39,36816,买盘
771,13:25:53,9.43,0.01,12,11316,卖盘
772,13:25:43,9.42,--,7,6594,卖盘
773,13:25:33,9.42,--,6,5652,卖盘
774,13:25:18,9.42,--,7,6594,卖盘
775,13:25:13,9.42,--,0,0,卖盘
776,13:25:08,9.42,--,7,6594,卖盘
777,13:24:58,9.42,--,14,13188,卖盘
778,13:24:48,9.42,--,7,6594,卖盘
779,13:24:43,9.42,--,28,26376,卖盘
780,13:24:33,9.42,--,6,5652,卖盘
781,13:24:28,9.42,--,7,6594,卖盘
782,13:24:18,9.42,--,108,101736,卖盘
783,13:24:13,9.42,--,224,211008,卖盘
784,13:24:03,9.42,--,6,5652,卖盘
785,13:23:53,9.42,--,0,0,卖盘
786,13:23:48,9.42,--,6,5652,卖盘
787,13:23:43,9.42,--,72,67824,卖盘
788,13:23:33,9.42,--,33,31086,卖盘
789,13:23:28,9.42,--,6,5652,卖盘
790,13:23:17,9.42,--,32,30144,卖盘
791,13:23:08,9.42,--,7,6594,卖盘
792,13:23:02,9.42,-0.01,7,6594,卖盘
793,13:22:58,9.43,--,70,66010,卖盘
794,13:22:53,9.43,--,7,6601,卖盘
795,13:22:47,9.43,--,16,15088,卖盘
796,13:22:43,9.43,--,7,6601,卖盘
797,13:22:38,9.43,--,10,9430,卖盘
798,13:22:32,9.43,--,7,6601,卖盘
799,13:22:28,9.43,--,7,6601,卖盘
800,13:22:22,9.43,--,64,60352,卖盘
801,13:22:13,9.43,--,48,45264,买盘
802,13:22:07,9.43,--,27,25461,买盘
803,13:22:02,9.43,0.01,6,5658,买盘
804,13:21:58,9.42,-0.01,6,5652,卖盘
805,13:21:52,9.43,-0.01,152,143336,卖盘
806,13:21:43,9.44,--,7,6608,卖盘
807,13:21:37,9.44,--,7,6608,卖盘
808,13:21:32,9.44,--,7,6608,卖盘
809,13:21:28,9.44,-0.02,37,34928,卖盘
810,13:21:22,9.46,0.01,27,25542,买盘
811,13:21:13,9.45,-0.01,6,5670,中性盘
812,13:21:07,9.46,0.02,43,40678,买盘
813,13:21:02,9.44,--,90,84960,卖盘
814,13:20:57,9.44,--,57,53808,卖盘
815,13:20:52,9.44,-0.02,13,13036,卖盘
816,13:20:43,9.46,0.01,14,13244,买盘
817,13:20:37,9.45,--,51,48195,卖盘
818,13:20:32,9.45,--,10,9450,卖盘
819,13:20:27,9.45,--,20,18900,卖盘
820,13:20:22,9.45,--,6,5670,卖盘
821,13:20:17,9.45,0.01,24,22859,买盘
822,13:20:12,9.44,0.01,21,19824,买盘
823,13:20:07,9.43,-0.01,127,119761,卖盘
824,13:19:57,9.44,--,8,7552,卖盘
825,13:19:47,9.44,-0.01,6,5664,卖盘
826,13:19:42,9.45,0.01,11,10395,买盘
827,13:19:37,9.44,--,71,67024,卖盘
828,13:19:27,9.44,--,6,5664,卖盘
829,13:19:12,9.44,0.01,46,43424,买盘
830,13:19:01,9.43,--,7,6601,卖盘
831,13:18:52,9.43,--,7,6601,卖盘
832,13:18:47,9.43,--,8,7544,卖盘
833,13:18:42,9.43,-0.01,6,5658,卖盘
834,13:18:37,9.44,0.01,60,56640,买盘
835,13:18:27,9.43,-0.01,7,6601,卖盘
836,13:18:17,9.44,--,130,122720,卖盘
837,13:18:12,9.44,--,6,5664,卖盘
838,13:18:06,9.44,-0.01,20,18880,卖盘
839,13:18:02,9.45,0.01,5,4725,买盘
840,13:17:57,9.44,-0.01,8,7552,卖盘
841,13:17:47,9.45,0.01,14,13229,买盘
842,13:17:37,9.44,-0.01,6,5664,卖盘
843,13:17:32,9.45,0.01,3,2835,买盘
844,13:17:27,9.44,--,11,10384,卖盘
845,13:17:17,9.44,-0.01,8,7552,卖盘
846,13:17:12,9.45,0.01,8,7559,买盘
847,13:17:07,9.44,--,6,5664,卖盘
848,13:16:56,9.44,--,18,16992,卖盘
849,13:16:51,9.44,--,8,7552,卖盘
850,13:16:42,9.44,-0.01,7,6608,卖盘
851,13:16:32,9.45,0.01,6,5670,卖盘
852,13:16:27,9.44,--,0,0,卖盘
853,13:16:17,9.44,--,7,6608,卖盘
854,13:16:11,9.44,-0.02,8,7552,卖盘
855,13:16:07,9.46,--,37,35002,买盘
856,13:16:02,9.46,-0.01,51,48246,卖盘
857,13:15:52,9.47,0.01,106,100382,买盘
858,13:15:47,9.46,0.01,94,88924,买盘
859,13:15:37,9.45,-0.01,7,6614,卖盘
860,13:15:32,9.46,--,22,20812,卖盘
861,13:15:26,9.46,--,6,5676,卖盘
862,13:15:22,9.46,--,55,52030,卖盘
863,13:15:16,9.46,--,27,25542,卖盘
864,13:15:11,9.46,--,8,7568,卖盘
865,13:15:07,9.46,--,50,47300,卖盘
866,13:15:01,9.46,--,7,6622,卖盘
867,13:14:52,9.46,--,8,7568,卖盘
868,13:14:46,9.46,--,7,6622,卖盘
869,13:14:37,9.46,0.01,5,4730,买盘
870,13:14:31,9.45,-0.01,26,24569,中性盘
871,13:14:22,9.46,--,20,18920,买盘
872,13:14:16,9.46,0.02,8,7568,买盘
873,13:14:06,9.44,-0.02,9,8496,卖盘
874,13:14:01,9.46,0.02,13,12298,买盘
875,13:13:46,9.44,--,34,32096,卖盘
876,13:13:36,9.44,-0.03,6,5664,卖盘
877,13:13:31,9.47,0.04,700,662900,买盘
878,13:13:21,9.43,-0.01,15,14145,卖盘
879,13:13:16,9.44,0.01,41,38704,买盘
880,13:13:11,9.43,-0.01,100,94300,卖盘
881,13:13:06,9.44,0.01,20,18880,中性盘
882,13:13:01,9.43,-0.01,7,6601,卖盘
883,13:12:51,9.44,--,14,13216,买盘
884,13:12:46,9.44,0.01,11,10384,买盘
885,13:12:36,9.43,--,1,943,卖盘
886,13:12:31,9.43,-0.02,6,5658,卖盘
887,13:12:26,9.45,--,4,3779,买盘
888,13:12:21,9.45,0.02,50,47250,买盘
889,13:12:16,9.43,--,8,7544,卖盘
890,13:12:06,9.43,-0.02,7,6601,卖盘
891,13:12:01,9.45,--,34,32129,买盘
892,13:11:56,9.45,--,14,13229,买盘
893,13:11:51,9.45,--,187,176715,卖盘
894,13:11:46,9.45,--,10,9450,卖盘
895,13:11:41,9.45,--,23,21735,卖盘
896,13:11:36,9.45,--,50,47250,卖盘
897,13:11:31,9.45,--,67,63314,卖盘
898,13:11:26,9.45,--,179,169155,卖盘
899,13:11:21,9.45,--,20,18900,卖盘
900,13:11:15,9.45,--,152,143640,卖盘
901,13:11:11,9.45,-0.01,327,309015,卖盘
902,13:11:06,9.46,--,14,13244,买盘
903,13:11:01,9.46,0.01,32,30272,买盘
904,13:10:56,9.45,--,6,5670,卖盘
905,13:10:51,9.45,-0.01,9,8505,卖盘
906,13:10:46,9.46,0.01,32,30272,买盘
907,13:10:36,9.45,--,6,5670,卖盘
908,13:10:26,9.45,--,7,6614,卖盘
909,13:10:21,9.45,--,118,111509,卖盘
910,13:10:16,9.45,0.02,830,784349,买盘
911,13:10:11,9.43,--,1,943,卖盘
912,13:10:06,9.43,-0.01,16,15088,卖盘
913,13:10:01,9.44,0.01,22,20768,买盘
914,13:09:55,9.43,-0.01,2,1886,卖盘
915,13:09:51,9.44,0.01,69,65136,买盘
916,13:09:46,9.43,--,15,14145,卖盘
917,13:09:36,9.43,--,8,7544,卖盘
918,13:09:30,9.43,--,24,22632,卖盘
919,13:09:26,9.43,-0.01,3,2829,卖盘
920,13:09:21,9.44,0.01,15,14160,买盘
921,13:09:16,9.43,--,21,19803,卖盘
922,13:09:06,9.43,--,8,7544,卖盘
923,13:09:01,9.43,-0.01,9,8487,卖盘
924,13:08:56,9.44,-0.01,9,8496,卖盘
925,13:08:51,9.45,0.01,153,144585,买盘
926,13:08:46,9.44,--,12,11328,卖盘
927,13:08:40,9.44,--,12,11328,卖盘
928,13:08:30,9.44,--,9,8496,卖盘
929,13:08:26,9.44,0.01,204,192576,买盘
930,13:08:20,9.43,--,30,28290,卖盘
931,13:08:16,9.43,--,7,6601,卖盘
932,13:08:11,9.43,--,17,16031,卖盘
933,13:08:05,9.43,--,7,6601,卖盘
934,13:08:00,9.43,-0.01,17,16031,卖盘
935,13:07:55,9.44,--,14,13216,买盘
936,13:07:49,9.44,--,29,27376,买盘
937,13:07:46,9.44,0.01,120,113280,买盘
938,13:07:39,9.43,--,16,15088,卖盘
939,13:07:30,9.43,--,60,56580,卖盘
940,13:07:24,9.43,--,14,13202,卖盘
941,13:07:20,9.43,--,20,18860,卖盘
942,13:07:15,9.43,--,12,11316,卖盘
943,13:07:09,9.43,--,7,6601,卖盘
944,13:07:05,9.43,-0.01,10,9430,卖盘
945,13:07:00,9.44,0.01,6,5664,买盘
946,13:06:54,9.43,--,16,15088,卖盘
947,13:06:49,9.43,--,1,943,卖盘
948,13:06:45,9.43,0.01,142,133906,买盘
949,13:06:39,9.42,--,20,18840,卖盘
950,13:06:30,9.42,--,8,7536,卖盘
951,13:06:24,9.42,0.01,17,16014,中性盘
952,13:06:19,9.41,-0.02,9,8469,卖盘
953,13:06:15,9.43,0.02,99,93357,买盘
954,13:06:09,9.41,--,25,23525,卖盘
955,13:06:04,9.41,-0.02,7,6587,卖盘
956,13:06:00,9.43,0.01,144,135792,买盘
957,13:05:55,9.42,--,15,14130,卖盘
958,13:05:49,9.42,--,6,5652,卖盘
959,13:05:45,9.42,-0.01,26,24492,卖盘
960,13:05:39,9.43,0.02,20,18860,买盘
961,13:05:30,9.41,--,6,5646,卖盘
962,13:05:24,9.41,--,17,15997,卖盘
963,13:05:15,9.41,-0.01,8,7528,中性盘
964,13:05:09,9.42,0.01,20,18840,买盘
965,13:05:05,9.41,-0.01,159,149619,卖盘
966,13:05:00,9.42,--,25,23550,卖盘
967,13:04:55,9.42,--,44,41448,卖盘
968,13:04:45,9.42,--,183,172386,卖盘
969,13:04:39,9.42,--,16,15072,卖盘
970,13:04:35,9.42,-0.01,2,1884,卖盘
971,13:04:30,9.43,0.01,20,18860,买盘
972,13:04:25,9.42,--,14,13188,卖盘
973,13:04:19,9.42,--,85,80070,卖盘
974,13:04:15,9.42,--,6,5652,卖盘
975,13:04:09,9.42,--,9,8478,卖盘
976,13:04:04,9.42,--,11,10362,卖盘
977,13:04:00,9.42,--,16,15072,卖盘
978,13:03:54,9.42,--,7,6594,卖盘
979,13:03:45,9.42,--,13,12246,卖盘
980,13:03:40,9.42,--,16,15072,卖盘
981,13:03:34,9.42,--,39,36738,卖盘
982,13:03:30,9.42,--,9,8478,卖盘
983,13:03:25,9.42,--,17,16014,卖盘
984,13:03:19,9.42,0.01,7,6594,中性盘
985,13:03:15,9.41,--,8,7528,卖盘
986,13:03:09,9.41,--,7,6587,卖盘
987,13:03:00,9.41,-0.01,7,6587,卖盘
988,13:02:55,9.42,--,25,23550,卖盘
989,13:02:45,9.42,0.01,163,153546,买盘
990,13:02:39,9.41,--,8,7528,卖盘
991,13:02:34,9.41,--,15,14115,卖盘
992,13:02:30,9.41,-0.01,9,8469,卖盘
993,13:02:24,9.42,--,38,35796,卖盘
994,13:02:19,9.42,-0.01,9,8478,卖盘
995,13:02:15,9.43,--,13,12259,卖盘
996,13:02:10,9.43,--,8,7544,卖盘
997,13:02:00,9.43,--,6,5658,卖盘
998,13:01:55,9.43,-0.01,26,24518,卖盘
999,13:01:45,9.44,--,58,54752,买盘
1000,13:01:34,9.44,--,103,97232,卖盘
1001,13:01:28,9.44,--,8,7552,卖盘
1002,13:01:25,9.44,0.03,207,195408,买盘
1003,13:01:19,9.41,-0.02,23,21643,卖盘
1004,13:01:13,9.43,0.01,50,47150,买盘
1005,13:01:09,9.42,--,6,5652,卖盘
1006,13:01:04,9.42,--,9,8478,卖盘
1007,13:00:58,9.42,--,7,6594,卖盘
1008,13:00:54,9.42,-0.02,9,8478,卖盘
1009,13:00:49,9.44,0.01,83,78352,买盘
1010,13:00:43,9.43,0.01,9,8487,中性盘
1011,13:00:39,9.42,-0.01,7,6594,卖盘
1012,13:00:33,9.43,--,9,8487,卖盘
1013,13:00:24,9.43,--,200,188600,买盘
1014,13:00:18,9.43,--,35,33005,买盘
1015,13:00:09,9.43,0.02,930,876990,买盘
1016,13:00:04,9.41,0.01,258,242778,买盘
1017,11:30:00,9.4,--,0,0,卖盘
1018,11:30:00,9.4,--,7,6580,卖盘
1019,11:29:59,9.4,--,10,9400,卖盘
1020,11:29:50,9.4,-0.01,51,47940,卖盘
1021,11:29:40,9.41,0.01,16,15056,买盘
1022,11:29:35,9.4,-0.01,9,8460,卖盘
1023,11:29:29,9.41,0.01,17,15997,买盘
1024,11:29:25,9.4,--,10,9400,卖盘
1025,11:29:19,9.4,--,6,5640,卖盘
1026,11:29:14,9.4,--,8,7520,卖盘
1027,11:29:10,9.4,--,8,7520,卖盘
1028,11:29:04,9.4,--,9,8460,卖盘
1029,11:28:55,9.4,--,37,34780,卖盘
1030,11:28:45,9.4,--,35,32900,卖盘
1031,11:28:40,9.4,--,8,7520,卖盘
1032,11:28:34,9.4,0.01,62,58280,买盘
1033,11:28:30,9.39,--,9,8451,卖盘
1034,11:28:19,9.39,-0.01,26,24414,卖盘
1035,11:28:10,9.4,0.01,186,174840,买盘
1036,11:28:00,9.39,0.01,5,4695,买盘
1037,11:27:55,9.38,--,122,114436,卖盘
1038,11:27:50,9.38,--,8,7504,卖盘
1039,11:27:45,9.38,--,4,3752,卖盘
1040,11:27:35,9.38,-0.01,8,7504,卖盘
1041,11:27:30,9.39,0.01,13,12207,买盘
1042,11:27:25,9.38,--,9,8442,卖盘
1043,11:27:19,9.38,--,17,15946,买盘
1044,11:27:15,9.38,--,15,14070,买盘
1045,11:27:10,9.38,0.01,27,25326,买盘
1046,11:27:05,9.37,--,16,14991,卖盘
1047,11:26:55,9.37,--,9,8433,卖盘
1048,11:26:49,9.37,--,8,7495,卖盘
1049,11:26:45,9.37,--,9,8433,卖盘
1050,11:26:40,9.37,--,29,27172,卖盘
1051,11:26:30,9.37,--,8,7495,卖盘
1052,11:26:25,9.37,--,58,54345,卖盘
1053,11:26:19,9.37,--,9,8433,卖盘
1054,11:26:15,9.37,--,3,2810,卖盘
1055,11:26:10,9.37,--,61,57156,卖盘
1056,11:26:00,9.37,-0.01,138,129305,卖盘
1057,11:25:55,9.38,--,9,8442,卖盘
1058,11:25:50,9.38,--,9,8442,卖盘
1059,11:25:45,9.38,--,9,8442,卖盘
1060,11:25:40,9.38,--,9,8442,卖盘
1061,11:25:34,9.38,--,8,7504,卖盘
1062,11:25:30,9.38,--,8,7504,卖盘
1063,11:25:25,9.38,--,8,7504,卖盘
1064,11:25:19,9.38,-0.01,430,403340,卖盘
1065,11:25:15,9.39,--,9,8451,卖盘
1066,11:25:10,9.39,--,8,7512,卖盘
1067,11:25:04,9.39,--,8,7512,卖盘
1068,11:25:00,9.39,--,9,8451,卖盘
1069,11:24:49,9.39,--,9,8451,卖盘
1070,11:24:44,9.39,--,9,8451,卖盘
1071,11:24:40,9.39,--,9,8451,卖盘
1072,11:24:34,9.39,--,8,7512,卖盘
1073,11:24:30,9.39,--,16,15024,卖盘
1074,11:24:19,9.39,--,9,8451,卖盘
1075,11:24:13,9.39,--,15,14085,卖盘
1076,11:24:04,9.39,--,8,7512,卖盘
1077,11:23:58,9.39,--,22,20658,卖盘
1078,11:23:49,9.39,-0.01,10,9390,卖盘
1079,11:23:44,9.4,0.01,252,236880,买盘
1080,11:23:38,9.39,--,9,8451,卖盘
1081,11:23:34,9.39,--,17,15963,卖盘
1082,11:23:28,9.39,--,8,7512,卖盘
1083,11:23:23,9.39,--,9,8451,卖盘
1084,11:23:19,9.39,--,8,7512,卖盘
1085,11:23:13,9.39,--,10,9390,卖盘
1086,11:23:04,9.39,--,9,8451,卖盘
1087,11:22:58,9.39,-0.01,20,18780,卖盘
1088,11:22:54,9.4,0.01,2,1880,买盘
1089,11:22:49,9.39,--,16,15024,卖盘
1090,11:22:43,9.39,--,0,0,卖盘
1091,11:22:39,9.39,-0.01,25,23475,卖盘
1092,11:22:34,9.4,--,10,9400,买盘
1093,11:22:19,9.4,--,30,28200,卖盘
1094,11:22:13,9.4,--,9,8460,卖盘
1095,11:22:04,9.4,--,8,7520,卖盘
1096,11:21:58,9.4,--,30,28200,卖盘
1097,11:21:53,9.4,--,8,7520,卖盘
1098,11:21:49,9.4,--,13,12220,卖盘
1099,11:21:43,9.4,--,17,15980,卖盘
1100,11:21:38,9.4,--,9,8460,卖盘
1101,11:21:34,9.4,--,9,8460,卖盘
1102,11:21:28,9.4,--,9,8460,卖盘
1103,11:21:19,9.4,--,39,36660,卖盘
1104,11:21:13,9.4,-0.01,10,9400,卖盘
1105,11:21:04,9.41,--,38,35758,卖盘
1106,11:20:58,9.41,0.01,53,49873,买盘
1107,11:20:53,9.4,--,60,56400,卖盘
1108,11:20:49,9.4,--,29,27260,卖盘
1109,11:20:43,9.4,--,60,56400,卖盘
1110,11:20:34,9.4,-0.01,8,7520,卖盘
1111,11:20:28,9.41,--,52,48932,买盘
1112,11:20:19,9.41,0.01,87,81867,买盘
1113,11:20:13,9.4,0.01,62,58280,买盘
1114,11:20:09,9.39,-0.01,9,8451,卖盘
1115,11:20:04,9.4,--,5,4700,卖盘
1116,11:19:58,9.4,--,108,101520,卖盘
1117,11:19:49,9.4,--,60,56400,卖盘
1118,11:19:43,9.4,--,5,4700,卖盘
1119,11:19:38,9.4,--,8,7520,卖盘
1120,11:19:34,9.4,0.01,17,15980,买盘
1121,11:19:28,9.39,-0.01,9,8451,卖盘
1122,11:19:19,9.4,0.01,10,9400,买盘
1123,11:19:13,9.39,-0.01,19,17841,卖盘
1124,11:19:08,9.4,0.01,5,4700,买盘
1125,11:19:04,9.39,-0.01,8,7512,卖盘
1126,11:18:58,9.4,0.01,31,29140,买盘
1127,11:18:53,9.39,--,9,8451,卖盘
1128,11:18:43,9.39,--,69,64791,卖盘
1129,11:18:33,9.39,-0.01,50,46950,卖盘
1130,11:18:28,9.4,--,20,18800,卖盘
1131,11:18:23,9.4,--,17,15980,卖盘
1132,11:18:18,9.4,--,15,14100,卖盘
1133,11:18:13,9.4,--,9,8460,卖盘
1134,11:18:08,9.4,--,22,20680,卖盘
1135,11:18:04,9.4,--,10,9400,卖盘
1136,11:17:58,9.4,--,16,15040,卖盘
1137,11:17:49,9.4,--,27,25380,卖盘
1138,11:17:38,9.4,-0.01,84,78960,卖盘
1139,11:17:28,9.41,0.01,39,36699,买盘
1140,11:17:23,9.4,-0.01,10,9400,中性盘
1141,11:17:17,9.41,--,18,16938,买盘
1142,11:17:13,9.41,0.02,29,27289,买盘
1143,11:17:08,9.39,--,9,8451,卖盘
1144,11:17:02,9.39,-0.02,18,16902,卖盘
1145,11:16:58,9.41,0.02,5,4705,买盘
1146,11:16:53,9.39,-0.02,16,15024,卖盘
1147,11:16:47,9.41,0.01,10,9410,买盘
1148,11:16:43,9.4,0.01,9,8460,中性盘
1149,11:16:38,9.39,--,18,16902,卖盘
1150,11:16:32,9.39,--,10,9390,卖盘
1151,11:16:28,9.39,0.01,18,16902,中性盘
1152,11:16:22,9.38,--,55,51590,卖盘
1153,11:16:17,9.38,--,0,0,卖盘
1154,11:16:13,9.38,--,9,8442,卖盘
1155,11:16:07,9.38,-0.03,21,19698,中性盘
1156,11:16:02,9.41,--,20,18820,买盘
1157,11:15:58,9.41,0.04,62,58342,买盘
1158,11:15:52,9.37,--,0,0,卖盘
1159,11:15:47,9.37,-0.03,28,26235,卖盘
1160,11:15:43,9.4,0.02,44,41360,买盘
1161,11:15:37,9.38,-0.02,23,21574,卖盘
1162,11:15:28,9.4,0.02,170,159800,买盘
1163,11:15:22,9.38,--,9,8442,卖盘
1164,11:15:13,9.38,-0.02,71,66598,卖盘
1165,11:15:07,9.4,0.02,90,84600,买盘
1166,11:14:58,9.38,0.01,8,7504,中性盘
1167,11:14:52,9.37,-0.02,70,65590,卖盘
1168,11:14:43,9.39,0.01,64,60096,中性盘
1169,11:14:37,9.38,--,9,8442,卖盘
1170,11:14:32,9.38,--,70,65660,卖盘
1171,11:14:28,9.38,--,9,8442,卖盘
1172,11:14:22,9.38,--,9,8442,卖盘
1173,11:14:17,9.38,-0.01,9,8442,卖盘
1174,11:14:13,9.39,0.01,1,939,买盘
1175,11:14:07,9.38,0.01,67,63315,买盘
1176,11:13:58,9.37,-0.01,17,15928,卖盘
1177,11:13:52,9.38,0.01,22,20636,买盘
1178,11:13:47,9.37,-0.01,9,8433,卖盘
1179,11:13:43,9.38,--,43,40334,买盘
1180,11:13:37,9.38,0.01,21,19698,买盘
1181,11:13:32,9.37,--,9,8433,卖盘
1182,11:13:28,9.37,--,8,7495,卖盘
1183,11:13:22,9.37,--,7,6558,卖盘
1184,11:13:12,9.37,-0.01,17,15928,卖盘
1185,11:13:07,9.38,0.01,7,6566,买盘
1186,11:13:02,9.37,--,10,9370,卖盘
1187,11:12:58,9.37,-0.01,34,32326,卖盘
1188,11:12:52,9.38,--,19,17822,卖盘
1189,11:12:47,9.38,--,8,7504,卖盘
1190,11:12:43,9.38,-0.01,16,15008,卖盘
1191,11:12:37,9.39,0.01,9,8451,卖盘
1192,11:12:32,9.38,--,0,0,卖盘
1193,11:12:28,9.38,--,29,27202,卖盘
1194,11:12:22,9.38,--,17,15946,卖盘
1195,11:12:13,9.38,--,16,15008,卖盘
1196,11:12:07,9.38,-0.01,17,15946,卖盘
1197,11:11:58,9.39,0.01,15,14085,卖盘
1198,11:11:52,9.38,--,0,0,卖盘
1199,11:11:47,9.38,-0.01,9,8442,卖盘
1200,11:11:43,9.39,--,9,8451,卖盘
1201,11:11:37,9.39,--,8,7512,卖盘
1202,11:11:32,9.39,--,9,8451,卖盘
1203,11:11:27,9.39,--,10,9390,卖盘
1204,11:11:22,9.39,--,39,36621,卖盘
1205,11:11:17,9.39,--,8,7512,卖盘
1206,11:11:13,9.39,-0.01,9,8451,卖盘
1207,11:11:07,9.4,0.01,347,326180,买盘
1208,11:11:02,9.39,--,8,7512,卖盘
1209,11:10:58,9.39,0.01,112,105637,买盘
1210,11:10:52,9.38,--,9,8442,卖盘
1211,11:10:47,9.38,--,8,7504,卖盘
1212,11:10:42,9.38,-0.01,8,7504,卖盘
1213,11:10:37,9.39,0.01,73,68547,买盘
1214,11:10:27,9.38,--,18,16884,卖盘
1215,11:10:17,9.38,--,17,15946,卖盘
1216,11:10:12,9.38,--,8,7504,卖盘
1217,11:10:07,9.38,--,17,15946,卖盘
1218,11:10:02,9.38,--,16,15008,卖盘
1219,11:09:56,9.38,--,29,27202,卖盘
1220,11:09:52,9.38,--,17,15946,卖盘
1221,11:09:47,9.38,--,10,9380,卖盘
1222,11:09:41,9.38,-0.01,9,8442,卖盘
1223,11:09:37,9.39,0.01,37,34743,买盘
1224,11:09:32,9.38,--,12,11256,卖盘
1225,11:09:22,9.38,--,47,44086,卖盘
1226,11:09:11,9.38,--,19,17822,卖盘
1227,11:09:07,9.38,0.01,8,7504,中性盘
1228,11:09:02,9.37,--,8,7495,卖盘
1229,11:08:56,9.37,-0.02,118,110565,卖盘
1230,11:08:52,9.39,0.02,129,121131,买盘
1231,11:08:46,9.37,--,10,9370,卖盘
1232,11:08:37,9.37,--,18,16866,卖盘
1233,11:08:31,9.37,--,9,8433,卖盘
1234,11:08:26,9.37,--,9,8433,卖盘
1235,11:08:16,9.37,-0.01,69,64652,卖盘
1236,11:08:07,9.38,--,9,8442,卖盘
1237,11:07:56,9.38,0.01,42,39396,买盘
1238,11:07:46,9.37,--,9,8433,卖盘
1239,11:07:37,9.37,-0.01,8,7495,卖盘
1240,11:07:31,9.38,--,8,7504,卖盘
1241,11:07:22,9.38,-0.01,37,34706,买盘
1242,11:07:16,9.39,0.02,50,46950,买盘
1243,11:07:11,9.37,-0.01,28,26235,卖盘
1244,11:07:07,9.38,--,5,4690,买盘
1245,11:07:01,9.38,--,18,16884,买盘
1246,11:06:56,9.38,0.01,20,18760,买盘
1247,11:06:52,9.37,-0.01,12,11243,卖盘
1248,11:06:46,9.38,0.01,3,2814,买盘
1249,11:06:37,9.37,--,19,17803,卖盘
1250,11:06:26,9.37,-0.01,8,7495,卖盘
1251,11:06:22,9.38,--,36,33768,卖盘
1252,11:06:16,9.38,--,18,16884,卖盘
1253,11:06:07,9.38,--,8,7504,卖盘
1254,11:06:01,9.38,--,10,9380,卖盘
1255,11:05:56,9.38,0.01,668,626584,买盘
1256,11:05:52,9.37,--,72,67464,卖盘
1257,11:05:46,9.37,--,8,7495,卖盘
1258,11:05:36,9.37,--,400,374799,卖盘
1259,11:05:31,9.37,--,17,15928,卖盘
1260,11:05:26,9.37,--,18,16866,卖盘
1261,11:05:22,9.37,--,31,29046,卖盘
1262,11:05:11,9.37,--,8,7495,卖盘
1263,11:05:01,9.37,--,82,76834,卖盘
1264,11:04:46,9.37,--,17,15928,卖盘
1265,11:04:26,9.37,--,2,1873,卖盘
1266,11:04:21,9.37,0.01,189,177805,买盘
1267,11:04:16,9.36,--,7,6552,卖盘
1268,11:04:06,9.36,--,8,7488,卖盘
1269,11:04:01,9.36,--,31,29016,卖盘
1270,11:03:46,9.36,--,22,20592,卖盘
1271,11:03:41,9.36,--,10,9360,卖盘
1272,11:03:36,9.36,--,8,7488,卖盘
1273,11:03:26,9.36,--,29,27144,卖盘
1274,11:03:21,9.36,--,3,2808,卖盘
1275,11:03:16,9.36,--,9,8424,卖盘
1276,11:03:01,9.36,--,9,8424,卖盘
1277,11:02:51,9.36,--,8,7488,卖盘
1278,11:02:46,9.36,0.01,116,108576,买盘
1279,11:02:41,9.35,-0.01,9,8415,卖盘
1280,11:02:36,9.36,--,19,17784,买盘
1281,11:02:31,9.36,-0.01,336,314496,卖盘
1282,11:02:26,9.37,0.01,92,86204,买盘
1283,11:02:21,9.36,--,8,7488,卖盘
1284,11:02:06,9.36,--,9,8424,卖盘
1285,11:01:56,9.36,--,17,15911,卖盘
1286,11:01:46,9.36,--,29,27144,卖盘
1287,11:01:35,9.36,-0.01,25,23400,卖盘
1288,11:01:31,9.37,0.01,1,936,买盘
1289,11:01:26,9.36,--,11,10296,卖盘
1290,11:01:20,9.36,--,90,84240,买盘
1291,11:01:16,9.36,--,26,24336,买盘
1292,11:01:11,9.36,0.01,12,11232,买盘
1293,11:01:05,9.35,--,5,4675,卖盘
1294,11:01:01,9.35,--,10,9350,卖盘
1295,11:00:56,9.35,--,10,9350,卖盘
1296,11:00:50,9.35,-0.01,9,8415,卖盘
1297,11:00:46,9.36,0.01,12,11232,买盘
1298,11:00:40,9.35,--,48,44880,卖盘
1299,11:00:31,9.35,-0.01,17,15895,卖盘
1300,11:00:25,9.36,0.01,31,29016,买盘
1301,11:00:20,9.35,--,9,8415,卖盘
1302,11:00:16,9.35,--,11,10285,卖盘
1303,11:00:10,9.35,--,25,23375,卖盘
1304,11:00:01,9.35,--,9,8415,卖盘
1305,10:59:55,9.35,--,8,7480,卖盘
1306,10:59:46,9.35,0.01,11,10285,中性盘
1307,10:59:35,9.34,--,8,7472,卖盘
1308,10:59:25,9.34,-0.02,60,56040,卖盘
1309,10:59:16,9.36,0.02,21,19656,买盘
1310,10:59:05,9.34,--,9,8406,卖盘
1311,10:59:01,9.34,-0.01,27,25218,卖盘
1312,10:58:55,9.35,0.01,9,8415,卖盘
1313,10:58:45,9.34,--,0,0,卖盘
1314,10:58:40,9.34,-0.01,10,9340,卖盘
1315,10:58:35,9.35,--,36,33660,卖盘
1316,10:58:31,9.35,--,60,56100,卖盘
1317,10:58:19,9.35,--,17,15895,卖盘
1318,10:58:10,9.35,-0.01,9,8415,卖盘
1319,10:58:05,9.36,0.01,20,18720,买盘
1320,10:58:01,9.35,-0.01,10,9350,卖盘
1321,10:57:55,9.36,0.01,37,34632,买盘
1322,10:57:46,9.35,--,9,8415,卖盘
1323,10:57:40,9.35,--,50,46750,卖盘
1324,10:57:35,9.35,--,9,8415,卖盘
1325,10:57:25,9.35,--,9,8415,卖盘
1326,10:57:15,9.35,--,8,7480,卖盘
1327,10:57:10,9.35,--,10,9350,卖盘
1328,10:57:01,9.35,--,8,7480,卖盘
1329,10:56:55,9.35,--,5,4675,卖盘
1330,10:56:50,9.35,--,9,8415,卖盘
1331,10:56:40,9.35,--,21,19635,卖盘
1332,10:56:30,9.35,-0.01,17,15895,卖盘
1333,10:56:25,9.36,0.01,5,4680,买盘
1334,10:56:15,9.35,--,9,8415,卖盘
1335,10:56:10,9.35,--,172,160866,买盘
1336,10:56:00,9.35,0.01,22,20570,买盘
1337,10:55:55,9.34,-0.01,25,23350,卖盘
1338,10:55:45,9.35,--,41,38335,买盘
1339,10:55:40,9.35,0.01,30,28050,买盘
1340,10:55:35,9.34,-0.01,13,12142,卖盘
1341,10:55:25,9.35,--,21,19635,买盘
1342,10:55:20,9.35,0.01,12,11220,买盘
1343,10:55:10,9.34,--,9,8406,卖盘
1344,10:55:00,9.34,--,9,8406,卖盘
1345,10:54:55,9.34,--,57,53238,卖盘
1346,10:54:50,9.34,--,117,109278,卖盘
1347,10:54:45,9.34,--,8,7472,卖盘
1348,10:54:40,9.34,--,29,27086,卖盘
1349,10:54:30,9.34,-0.01,8,7472,卖盘
1350,10:54:25,9.35,0.02,10,9350,买盘
1351,10:54:20,9.33,--,0,0,卖盘
1352,10:54:15,9.33,-0.02,9,8397,卖盘
1353,10:54:10,9.35,0.02,187,174845,买盘
1354,10:54:05,9.33,-0.01,53,49449,卖盘
1355,10:53:55,9.34,--,87,82145,卖盘
1356,10:53:50,9.34,0.01,9,8452,买盘
1357,10:53:44,9.33,-0.01,9,8397,卖盘
1358,10:53:40,9.34,--,10,9340,买盘
1359,10:53:35,9.34,--,20,18680,买盘
1360,10:53:25,9.34,--,59,55106,买盘
1361,10:53:20,9.34,--,139,129826,买盘
1362,10:53:10,9.34,--,15,14010,买盘
1363,10:53:05,9.34,0.01,10,9340,买盘
1364,10:52:59,9.33,--,9,8397,卖盘
1365,10:52:55,9.33,--,45,41985,卖盘
1366,10:52:49,9.33,--,18,16794,卖盘
1367,10:52:39,9.33,--,9,8397,卖盘
1368,10:52:29,9.33,-0.01,9,8397,卖盘
1369,10:52:25,9.34,--,27,25218,买盘
1370,10:52:19,9.34,--,27,26105,卖盘
1371,10:52:04,9.34,-0.01,9,8406,卖盘
1372,10:51:59,9.35,0.02,20,18746,买盘
1373,10:51:54,9.33,-0.01,8,7464,卖盘
1374,10:51:48,9.34,--,10,10227,卖盘
1375,10:51:44,9.34,--,8,7472,卖盘
1376,10:51:34,9.34,--,8,7472,卖盘
1377,10:51:18,9.34,--,8,7472,卖盘
1378,10:51:09,9.34,--,16,14944,卖盘
1379,10:50:59,9.34,0.01,11,10320,买盘
1380,10:50:49,9.33,-0.01,23,21459,卖盘
1381,10:50:44,9.34,0.01,43,40162,买盘
1382,10:50:39,9.33,--,9,8397,卖盘
1383,10:50:25,9.33,--,28,26124,卖盘
1384,10:50:19,9.33,--,50,46650,卖盘
1385,10:50:14,9.33,-0.01,8,7464,卖盘
1386,10:50:10,9.34,--,4,3736,买盘
1387,10:50:04,9.34,0.01,12,11208,买盘
1388,10:49:55,9.33,-0.01,9,8397,卖盘
1389,10:49:49,9.34,0.01,4,3736,买盘
1390,10:49:44,9.33,--,9,8397,卖盘
1391,10:49:34,9.33,-0.01,11,10263,卖盘
1392,10:49:29,9.34,--,108,100872,买盘
1393,10:49:24,9.34,0.01,3,2802,买盘
1394,10:49:19,9.33,-0.01,157,146695,卖盘
1395,10:49:09,9.34,0.01,13,12142,买盘
1396,10:48:59,9.33,--,8,7464,卖盘
1397,10:48:49,9.33,-0.01,10,9330,卖盘
1398,10:48:39,9.34,--,8,8359,卖盘
1399,10:48:34,9.34,--,9,8406,卖盘
1400,10:48:24,9.34,--,268,250312,卖盘
1401,10:48:14,9.34,--,9,8406,卖盘
1402,10:48:04,9.34,--,9,8406,卖盘
1403,10:47:54,9.34,-0.01,9,8406,卖盘
1404,10:47:49,9.35,0.01,48,44880,买盘
1405,10:47:39,9.34,--,9,8406,卖盘
1406,10:47:34,9.34,--,8,7472,卖盘
1407,10:47:29,9.34,--,8,7472,卖盘
1408,10:47:23,9.34,--,5,4670,卖盘
1409,10:47:19,9.34,--,49,45766,卖盘
1410,10:47:09,9.34,-0.01,8,7472,卖盘
1411,10:47:04,9.35,0.01,28,26180,买盘
1412,10:46:54,9.34,-0.01,10,9340,卖盘
1413,10:46:48,9.35,--,30,28050,买盘
1414,10:46:39,9.35,0.01,3,2805,买盘
1415,10:46:34,9.34,--,9,8406,卖盘
1416,10:46:23,9.34,--,9,8406,卖盘
1417,10:46:14,9.34,--,8,7472,卖盘
1418,10:46:04,9.34,--,9,8406,卖盘
1419,10:45:49,9.34,--,10,9340,卖盘
1420,10:45:44,9.34,--,17,15878,卖盘
1421,10:45:29,9.34,--,9,8406,卖盘
1422,10:45:18,9.34,--,26,24284,卖盘
1423,10:45:08,9.34,-0.01,8,7472,卖盘
1424,10:45:04,9.35,0.01,9,8415,买盘
1425,10:44:58,9.34,--,9,8406,卖盘
1426,10:44:43,9.34,--,8,7472,卖盘
1427,10:44:33,9.34,-0.01,9,8406,卖盘
1428,10:44:28,9.35,0.01,2,1870,买盘
1429,10:44:23,9.34,--,8,7472,卖盘
1430,10:44:12,9.34,-0.01,16,14944,卖盘
1431,10:44:08,9.35,0.01,22,20570,买盘
1432,10:44:03,9.34,--,9,8406,卖盘
1433,10:43:57,9.34,--,8,7472,卖盘
1434,10:43:48,9.34,--,9,8406,卖盘
1435,10:43:38,9.34,--,9,8406,卖盘
1436,10:43:28,9.34,--,39,36426,卖盘
1437,10:43:19,9.34,--,8,7472,卖盘
1438,10:43:03,9.34,-0.01,36,33624,卖盘
1439,10:42:58,9.35,--,39,36465,买盘
1440,10:42:42,9.35,--,30,28050,买盘
1441,10:42:33,9.35,--,13,12155,买盘
1442,10:42:28,9.35,--,0,0,中性盘
1443,10:42:23,9.35,--,38,35530,卖盘
1444,10:42:13,9.35,--,40,37400,卖盘
1445,10:42:08,9.35,--,8,7480,卖盘
1446,10:42:03,9.35,--,10,9350,卖盘
1447,10:41:57,9.35,-0.01,8,7480,卖盘
1448,10:41:48,9.36,--,10,9360,买盘
1449,10:41:18,9.36,--,28,26208,买盘
1450,10:41:08,9.36,--,7,6552,买盘
1451,10:41:03,9.36,0.01,17,15911,买盘
1452,10:40:48,9.35,--,10,9350,卖盘
1453,10:40:43,9.35,--,18,16830,卖盘
1454,10:40:33,9.35,--,0,0,中性盘
1455,10:40:18,9.35,--,11,10285,卖盘
1456,10:40:08,9.35,0.01,9,8415,卖盘
1457,10:40:03,9.34,--,0,0,卖盘
1458,10:39:57,9.34,-0.02,25,23350,卖盘
1459,10:39:43,9.36,--,8,7488,卖盘
1460,10:39:33,9.36,--,10,9360,卖盘
1461,10:39:28,9.36,--,10,9360,卖盘
1462,10:39:22,9.36,--,58,54288,卖盘
1463,10:39:18,9.36,0.02,130,122147,买盘
1464,10:39:13,9.34,--,9,8406,卖盘
1465,10:39:03,9.34,-0.01,9,8406,卖盘
1466,10:38:58,9.35,--,39,36465,卖盘
1467,10:38:48,9.35,--,8,7480,卖盘
1468,10:38:43,9.35,0.01,52,49134,买盘
1469,10:38:38,9.34,--,8,7472,卖盘
1470,10:38:32,9.34,--,8,7472,卖盘
1471,10:38:28,9.34,--,9,8406,卖盘
1472,10:38:22,9.34,--,18,16812,卖盘
1473,10:38:16,9.34,--,8,7472,卖盘
1474,10:38:12,9.34,--,29,27086,卖盘
1475,10:37:43,9.34,--,9,8406,卖盘
1476,10:37:32,9.34,--,9,8406,卖盘
1477,10:37:23,9.34,--,38,35492,卖盘
1478,10:37:13,9.34,--,10,9340,卖盘
1479,10:37:06,9.34,--,29,27086,卖盘
1480,10:36:58,9.34,--,11,10274,卖盘
1481,10:36:46,9.34,--,14,13076,卖盘
1482,10:36:42,9.34,--,8,7472,卖盘
1483,10:36:37,9.34,--,9,8406,卖盘
1484,10:36:27,9.34,--,9,8406,卖盘
1485,10:36:12,9.34,--,9,8406,卖盘
1486,10:36:02,9.34,--,9,8406,卖盘
1487,10:35:51,9.34,--,9,8406,卖盘
1488,10:35:42,9.34,--,10,9340,卖盘
1489,10:35:37,9.34,--,50,46700,卖盘
1490,10:35:31,9.34,--,8,7472,卖盘
1491,10:35:21,9.34,--,8,7472,卖盘
1492,10:35:17,9.34,--,20,18680,卖盘
1493,10:35:12,9.34,--,19,17746,卖盘
1494,10:35:07,9.34,--,12,11208,卖盘
1495,10:34:57,9.34,--,16,14944,卖盘
1496,10:34:46,9.34,--,64,59776,卖盘
1497,10:34:37,9.34,-0.01,8,7472,卖盘
1498,10:34:27,9.35,0.01,22,20570,买盘
1499,10:34:12,9.34,-0.02,31,29374,卖盘
1500,10:34:06,9.36,0.01,5,4680,买盘
1501,10:34:02,9.35,--,9,8415,卖盘
1502,10:33:57,9.35,--,15,14025,卖盘
1503,10:33:51,9.35,--,8,7480,卖盘
1504,10:33:42,9.35,--,111,103785,卖盘
1505,10:33:32,9.35,--,5,4675,卖盘
1506,10:33:26,9.35,-0.01,23,21505,卖盘
1507,10:33:22,9.36,0.01,10,9360,买盘
1508,10:33:17,9.35,--,8,7480,卖盘
1509,10:33:12,9.35,--,1,1206,卖盘
1510,10:33:06,9.35,--,17,15895,卖盘
1511,10:32:57,9.35,--,9,8415,卖盘
1512,10:32:42,9.35,--,8,7480,卖盘
1513,10:32:36,9.35,-0.01,9,8415,卖盘
1514,10:32:32,9.36,0.01,60,56160,买盘
1515,10:32:21,9.35,--,24,22440,卖盘
1516,10:32:12,9.35,--,8,7480,卖盘
1517,10:32:01,9.35,-0.01,647,604945,卖盘
1518,10:31:57,9.36,--,402,376272,卖盘
1519,10:31:52,9.36,--,8,7488,卖盘
1520,10:31:42,9.36,--,15,14040,卖盘
1521,10:31:37,9.36,--,9,8424,卖盘
1522,10:31:27,9.36,--,8,7488,卖盘
1523,10:31:21,9.36,--,8,7488,卖盘
1524,10:31:16,9.36,-0.01,9,8424,卖盘
1525,10:31:12,9.37,0.01,10,9370,买盘
1526,10:31:06,9.36,-0.01,9,8424,卖盘
1527,10:31:02,9.37,0.01,4,3747,买盘
1528,10:30:57,9.36,--,27,25515,买盘
1529,10:30:52,9.36,--,11,10988,卖盘
1530,10:30:46,9.36,-0.01,10,9360,卖盘
1531,10:30:37,9.37,0.01,40,37480,买盘
1532,10:30:31,9.36,--,8,7488,卖盘
1533,10:30:22,9.36,-0.01,8,7488,卖盘
1534,10:30:16,9.37,0.01,15,14054,买盘
1535,10:30:11,9.36,--,9,8424,卖盘
1536,10:30:01,9.36,--,23,21528,卖盘
1537,10:29:52,9.36,--,30,28080,卖盘
1538,10:29:46,9.36,--,16,14976,卖盘
1539,10:29:40,9.36,--,8,7488,卖盘
1540,10:29:36,9.36,--,62,58032,卖盘
1541,10:29:31,9.36,--,13,12168,卖盘
1542,10:29:25,9.36,--,8,7488,卖盘
1543,10:29:21,9.36,--,22,20592,卖盘
1544,10:29:15,9.36,--,33,31131,卖盘
1545,10:29:11,9.36,--,19,17784,卖盘
1546,10:29:06,9.36,--,9,8424,卖盘
1547,10:28:55,9.36,--,9,8424,卖盘
1548,10:28:45,9.36,--,39,36504,卖盘
1549,10:28:31,9.36,0.01,10,9360,卖盘
1550,10:28:25,9.35,--,0,0,卖盘
1551,10:28:21,9.35,-0.01,8,7480,卖盘
1552,10:28:10,9.36,-0.01,8,7488,卖盘
1553,10:28:06,9.37,0.01,30,28109,买盘
1554,10:28:01,9.36,0.01,12,11232,买盘
1555,10:27:46,9.35,-0.01,18,16830,卖盘
1556,10:27:40,9.36,--,3,2808,买盘
1557,10:27:36,9.36,-0.01,127,118872,卖盘
1558,10:27:30,9.37,0.01,5,4685,买盘
1559,10:27:25,9.36,--,8,7488,卖盘
1560,10:27:15,9.36,-0.01,9,8424,卖盘
1561,10:27:10,9.37,0.01,20,18740,买盘
1562,10:27:06,9.36,0.01,8,7488,卖盘
1563,10:27:00,9.35,--,0,0,卖盘
1564,10:26:55,9.35,-0.01,144,134640,卖盘
1565,10:26:51,9.36,--,11,10296,卖盘
1566,10:26:45,9.36,--,10,9360,卖盘
1567,10:26:40,9.36,--,10,9360,卖盘
1568,10:26:30,9.36,--,12,11232,卖盘
1569,10:26:21,9.36,--,9,8424,卖盘
1570,10:26:06,9.36,--,17,15911,卖盘
1571,10:26:01,9.36,--,9,8424,卖盘
1572,10:25:55,9.36,--,11,10296,卖盘
1573,10:25:45,9.36,-0.01,9,8424,卖盘
1574,10:25:35,9.37,0.01,19,17803,买盘
1575,10:25:21,9.36,0.01,9,8424,卖盘
1576,10:25:16,9.35,-0.02,8,7480,卖盘
1577,10:25:06,9.37,0.01,6,5621,买盘
1578,10:25:00,9.36,--,9,8424,卖盘
1579,10:24:51,9.36,--,8,7488,卖盘
1580,10:24:40,9.36,-0.01,13,12168,卖盘
1581,10:24:36,9.37,--,94,88077,买盘
1582,10:24:31,9.37,--,159,148983,买盘
1583,10:24:21,9.37,--,0,0,买盘
1584,10:24:15,9.37,0.02,39,36543,买盘
1585,10:24:05,9.35,-0.01,16,14960,卖盘
1586,10:24:00,9.36,0.01,10,9360,买盘
1587,10:23:55,9.35,-0.01,8,7480,卖盘
1588,10:23:50,9.36,--,23,21528,卖盘
1589,10:23:46,9.36,--,8,7488,卖盘
1590,10:23:35,9.36,0.01,24,22464,买盘
1591,10:23:25,9.35,-0.01,9,8415,卖盘
1592,10:23:19,9.36,0.01,30,28080,买盘
1593,10:23:10,9.35,--,9,8415,卖盘
1594,10:23:00,9.35,--,9,8415,卖盘
1595,10:22:55,9.35,--,24,22440,卖盘
1596,10:22:49,9.35,--,9,8415,卖盘
1597,10:22:40,9.35,-0.01,9,8415,卖盘
1598,10:22:34,9.36,0.01,10,9360,卖盘
1599,10:22:30,9.35,0.01,8,7480,卖盘
1600,10:22:25,9.34,--,0,0,卖盘
1601,10:22:19,9.34,--,28,26152,卖盘
1602,10:22:15,9.34,-0.02,10,9340,卖盘
1603,10:22:04,9.36,--,9,8424,卖盘
1604,10:22:00,9.36,-0.01,17,15911,中性盘
1605,10:21:54,9.37,0.01,562,526594,买盘
1606,10:21:45,9.36,--,8,7488,卖盘
1607,10:21:30,9.36,--,9,8424,卖盘
1608,10:21:25,9.36,--,56,52416,卖盘
1609,10:21:10,9.36,--,29,27144,卖盘
1610,10:21:04,9.36,-0.01,25,23400,卖盘
1611,10:21:00,9.37,0.01,7,6558,买盘
1612,10:20:45,9.36,--,2,1872,卖盘
1613,10:20:30,9.36,--,8,7488,卖盘
1614,10:20:19,9.36,--,11,10296,卖盘
1615,10:20:15,9.36,--,27,25272,卖盘
1616,10:19:45,9.36,--,23,21528,卖盘
1617,10:19:40,9.36,--,12,11232,卖盘
1618,10:19:30,9.36,--,15,14040,卖盘
1619,10:19:25,9.36,--,20,18720,卖盘
1620,10:19:14,9.36,--,5,4680,卖盘
1621,10:19:04,9.36,--,4,3744,卖盘
1622,10:18:59,9.36,-0.01,3,2808,卖盘
1623,10:18:54,9.37,--,5,4685,买盘
1624,10:18:45,9.37,--,18,16866,买盘
1625,10:18:40,9.37,--,81,76299,卖盘
1626,10:18:30,9.37,-0.01,17,15928,卖盘
1627,10:18:24,9.38,0.01,50,46900,买盘
1628,10:18:04,9.37,-0.01,11,10307,卖盘
1629,10:17:34,9.38,0.01,32,30016,买盘
1630,10:17:19,9.37,--,114,106817,卖盘
1631,10:16:54,9.37,--,8,7495,卖盘
1632,10:16:39,9.37,--,81,75897,卖盘
1633,10:16:13,9.37,-0.01,8,7495,卖盘
1634,10:16:09,9.38,0.01,567,531846,买盘
1635,10:15:58,9.37,--,167,157013,买盘
1636,10:15:49,9.37,--,22,20614,买盘
1637,10:15:43,9.37,--,40,37480,买盘
1638,10:15:24,9.37,--,30,28109,买盘
1639,10:15:13,9.37,--,3,2810,买盘
1640,10:15:09,9.37,--,14,13117,买盘
1641,10:14:58,9.37,--,5,4685,买盘
1642,10:14:48,9.37,--,100,93699,买盘
1643,10:14:39,9.37,--,6,5621,买盘
1644,10:14:19,9.37,0.01,34,31857,买盘
1645,10:14:03,9.36,--,34,31823,卖盘
1646,10:13:24,9.36,0.01,1,936,买盘
1647,10:13:18,9.35,--,182,170170,卖盘
1648,10:13:04,9.35,--,15,14025,卖盘
1649,10:12:08,9.35,-0.02,9,8415,卖盘
1650,10:12:03,9.37,--,0,0,买盘
1651,10:11:49,9.37,0.02,32,29983,买盘
1652,10:11:34,9.35,-0.01,8,7480,卖盘
1653,10:11:19,9.36,--,15,14040,买盘
1654,10:11:08,9.36,--,44,41848,卖盘
1655,10:11:03,9.36,--,1,1207,卖盘
1656,10:10:48,9.36,--,10,9360,买盘
1657,10:10:33,9.36,-0.01,10,9360,中性盘
1658,10:10:08,9.37,--,4,3747,买盘
1659,10:09:58,9.37,--,0,0,买盘
1660,10:09:48,9.37,0.01,82,76834,买盘
1661,10:09:43,9.36,--,114,106704,买盘
1662,10:09:38,9.36,0.01,45,42120,买盘
1663,10:09:28,9.35,--,44,41476,卖盘
1664,10:09:18,9.35,--,7,6545,卖盘
1665,10:08:58,9.35,0.01,123,115603,买盘
1666,10:08:52,9.34,--,4,3736,卖盘
1667,10:08:48,9.34,-0.01,9,8406,卖盘
1668,10:08:43,9.35,0.01,2,1870,买盘
1669,10:08:33,9.34,-0.01,91,84994,卖盘
1670,10:08:28,9.35,0.01,20,18700,买盘
1671,10:08:18,9.34,-0.01,20,18680,卖盘
1672,10:08:13,9.35,0.01,8,7480,买盘
1673,10:08:07,9.34,--,9,8406,卖盘
1674,10:07:57,9.34,-0.01,18,16812,卖盘
1675,10:07:48,9.35,--,66,61710,卖盘
1676,10:07:33,9.35,--,9,8415,卖盘
1677,10:07:27,9.35,--,9,8415,卖盘
1678,10:07:18,9.35,0.01,70,65450,买盘
1679,10:07:12,9.34,-0.01,48,44832,卖盘
1680,10:07:07,9.35,0.01,7,6545,买盘
1681,10:07:03,9.34,-0.01,23,21482,卖盘
1682,10:06:57,9.35,0.01,17,15895,买盘
1683,10:06:52,9.34,--,9,8406,卖盘
1684,10:06:42,9.34,--,8,7472,卖盘
1685,10:06:33,9.34,--,14,13076,卖盘
1686,10:06:22,9.34,-0.01,0,532,卖盘
1687,10:06:18,9.35,--,19,17765,买盘
1688,10:06:12,9.35,--,37,34595,卖盘
1689,10:06:07,9.35,-0.01,17,15895,卖盘
1690,10:06:03,9.36,--,17,15911,买盘
1691,10:05:58,9.36,0.01,24,22464,买盘
1692,10:05:47,9.35,--,9,8415,卖盘
1693,10:05:37,9.35,--,16,14960,卖盘
1694,10:05:33,9.35,--,85,79475,卖盘
1695,10:05:22,9.35,--,9,8415,卖盘
1696,10:05:12,9.35,--,10,9350,卖盘
1697,10:05:02,9.35,--,9,8415,卖盘
1698,10:04:57,9.35,--,15,14025,卖盘
1699,10:04:47,9.35,--,9,8415,卖盘
1700,10:04:42,9.35,--,8,7480,卖盘
1701,10:04:27,9.35,--,29,27115,卖盘
1702,10:04:17,9.35,--,16,14960,卖盘
1703,10:04:12,9.35,--,20,18700,卖盘
1704,10:04:07,9.35,--,9,8415,卖盘
1705,10:03:57,9.35,--,19,17765,卖盘
1706,10:03:42,9.35,--,159,148665,卖盘
1707,10:03:37,9.35,--,26,24310,卖盘
1708,10:03:32,9.35,--,24,22440,卖盘
1709,10:03:22,9.35,--,8,7480,卖盘
1710,10:03:17,9.35,--,1,935,卖盘
1711,10:03:12,9.35,--,15,14025,卖盘
1712,10:03:02,9.35,--,29,27115,买盘
1713,10:02:57,9.35,--,10,9350,买盘
1714,10:02:52,9.35,0.01,9,8415,买盘
1715,10:02:47,9.34,-0.01,248,232089,卖盘
1716,10:02:41,9.35,--,100,93500,买盘
1717,10:02:37,9.35,--,24,22440,买盘
1718,10:02:32,9.35,0.01,59,55165,买盘
1719,10:02:27,9.34,-0.01,8,7472,卖盘
1720,10:02:22,9.35,0.01,20,18700,买盘
1721,10:02:16,9.34,--,9,8406,卖盘
1722,10:02:12,9.34,--,7,6538,卖盘
1723,10:02:07,9.34,--,38,35492,卖盘
1724,10:01:57,9.34,-0.01,9,8406,卖盘
1725,10:01:52,9.35,0.01,24,22440,买盘
1726,10:01:42,9.34,--,8,7472,卖盘
1727,10:01:31,9.34,--,8,7472,卖盘
1728,10:01:27,9.34,--,24,22416,卖盘
1729,10:01:22,9.34,--,9,8406,卖盘
1730,10:01:12,9.34,--,9,8406,卖盘
1731,10:00:57,9.34,--,11,10274,卖盘
1732,10:00:51,9.34,-0.01,9,8406,卖盘
1733,10:00:42,9.35,0.01,1,935,买盘
1734,10:00:36,9.34,--,70,65380,卖盘
1735,10:00:31,9.34,--,20,18680,卖盘
1736,10:00:27,9.34,--,7,6538,卖盘
1737,10:00:16,9.34,--,8,7472,卖盘
1738,10:00:06,9.34,-0.01,10,9340,卖盘
1739,09:59:57,9.35,--,42,39270,卖盘
1740,09:59:51,9.35,-0.01,18,16830,卖盘
1741,09:59:46,9.36,--,9,8424,买盘
1742,09:59:41,9.36,0.01,51,47736,买盘
1743,09:59:31,9.35,--,9,8415,卖盘
1744,09:59:26,9.35,0.01,70,65450,中性盘
1745,09:59:21,9.34,--,9,8406,卖盘
1746,09:59:12,9.34,-0.02,8,7472,卖盘
1747,09:59:01,9.36,--,0,0,买盘
1748,09:58:57,9.36,0.02,95,88920,买盘
1749,09:58:46,9.34,0.01,19,17746,买盘
1750,09:58:37,9.33,--,9,8397,卖盘
1751,09:58:26,9.33,-0.01,8,7464,卖盘
1752,09:58:11,9.34,0.01,9,8406,买盘
1753,09:58:06,9.33,-0.01,8,7464,卖盘
1754,09:58:01,9.34,--,19,17746,卖盘
1755,09:57:51,9.34,--,9,8406,卖盘
1756,09:57:41,9.34,0.01,12,11208,买盘
1757,09:57:36,9.33,-0.01,3,2799,卖盘
1758,09:57:31,9.34,0.01,21,19614,买盘
1759,09:57:26,9.33,--,18,16794,卖盘
1760,09:57:21,9.33,--,98,91434,卖盘
1761,09:57:05,9.33,--,24,22392,卖盘
1762,09:57:01,9.33,--,2,1866,卖盘
1763,09:56:56,9.33,-0.02,34,31722,卖盘
1764,09:56:51,9.35,0.02,32,29920,买盘
1765,09:56:46,9.33,-0.01,9,8397,卖盘
1766,09:56:36,9.34,0.01,14,13076,买盘
1767,09:56:26,9.33,-0.01,10,9330,卖盘
1768,09:56:16,9.34,--,0,0,中性盘
1769,09:56:11,9.34,--,8,7472,卖盘
1770,09:56:05,9.34,--,50,46700,卖盘
1771,09:56:01,9.34,--,13,12142,卖盘
1772,09:55:50,9.34,--,9,8406,卖盘
1773,09:55:46,9.34,--,13,12142,卖盘
1774,09:55:41,9.34,--,10,9340,卖盘
1775,09:55:36,9.34,--,47,43898,卖盘
1776,09:55:26,9.34,--,9,8406,卖盘
1777,09:55:21,9.34,--,68,63512,卖盘
1778,09:55:16,9.34,-0.01,2,1868,卖盘
1779,09:55:11,9.35,0.01,28,26180,买盘
1780,09:55:05,9.34,-0.02,9,8406,卖盘
1781,09:55:01,9.36,0.01,132,123551,买盘
1782,09:54:55,9.35,--,85,79475,买盘
1783,09:54:51,9.35,0.01,61,57035,买盘
1784,09:54:46,9.34,--,18,16812,卖盘
1785,09:54:35,9.34,--,8,7472,卖盘
1786,09:54:21,9.34,0.01,70,65380,买盘
1787,09:54:16,9.33,--,61,56913,买盘
1788,09:54:06,9.33,--,14,13062,卖盘
1789,09:54:01,9.33,--,9,8397,卖盘
1790,09:53:51,9.33,0.01,35,32655,卖盘
1791,09:53:40,9.32,-0.02,9,8388,卖盘
1792,09:53:35,9.34,0.02,59,55106,买盘
1793,09:53:30,9.32,--,9,8388,卖盘
1794,09:53:16,9.32,-0.01,8,7456,卖盘
1795,09:53:10,9.33,--,2,1866,卖盘
1796,09:53:05,9.33,-0.01,8,7464,中性盘
1797,09:52:55,9.34,--,29,27086,卖盘
1798,09:52:46,9.34,--,9,8406,卖盘
1799,09:52:35,9.34,--,9,8406,卖盘
1800,09:52:31,9.34,0.02,3,2802,买盘
1801,09:52:20,9.32,-0.01,58,54056,卖盘
1802,09:52:15,9.33,--,20,18660,卖盘
1803,09:52:10,9.33,-0.01,9,8397,卖盘
1804,09:52:05,9.34,0.01,15,14010,买盘
1805,09:52:00,9.33,-0.01,9,8397,卖盘
1806,09:51:50,9.34,0.01,50,46700,买盘
1807,09:51:35,9.33,-0.01,23,21459,卖盘
1808,09:51:30,9.34,--,46,42964,卖盘
1809,09:51:20,9.34,--,19,17746,卖盘
1810,09:51:15,9.34,--,9,8406,卖盘
1811,09:51:10,9.34,-0.01,50,46700,卖盘
1812,09:51:05,9.35,-0.01,84,78540,卖盘
1813,09:50:59,9.36,--,31,29016,买盘
1814,09:50:55,9.36,--,19,17784,买盘
1815,09:50:45,9.36,--,247,231192,卖盘
1816,09:50:35,9.36,--,31,29016,卖盘
1817,09:50:30,9.36,--,10,9360,卖盘
1818,09:50:20,9.36,-0.01,14,13104,卖盘
1819,09:50:14,9.37,--,4,3747,买盘
1820,09:50:10,9.37,--,34,31857,买盘
1821,09:50:05,9.37,0.01,36,33732,买盘
1822,09:49:59,9.36,-0.01,14,13104,卖盘
1823,09:49:55,9.37,0.01,15,14054,买盘
1824,09:49:40,9.36,-0.01,20,18720,卖盘
1825,09:49:35,9.37,--,65,60904,卖盘
1826,09:49:29,9.37,--,138,129305,买盘
1827,09:49:20,9.37,--,10,9370,买盘
1828,09:49:05,9.37,--,65,60904,卖盘
1829,09:49:00,9.37,-0.01,46,43102,卖盘
1830,09:48:55,9.38,--,10,9380,买盘
1831,09:48:50,9.38,0.01,6,5628,买盘
1832,09:48:45,9.37,--,20,18740,卖盘
1833,09:48:35,9.37,--,15,14054,卖盘
1834,09:48:25,9.37,--,20,18740,卖盘
1835,09:48:20,9.37,--,22,20642,卖盘
1836,09:48:14,9.37,0.01,169,158353,买盘
1837,09:48:04,9.36,--,10,9360,卖盘
1838,09:47:49,9.36,-0.01,15,14040,卖盘
1839,09:47:45,9.37,--,10,9370,买盘
1840,09:47:40,9.37,0.01,131,122746,买盘
1841,09:47:29,9.36,--,1,936,买盘
1842,09:47:25,9.36,--,9,8424,卖盘
1843,09:47:19,9.36,-0.01,4,3744,卖盘
1844,09:47:10,9.37,--,20,18740,买盘
1845,09:46:59,9.37,--,0,0,买盘
1846,09:46:49,9.37,--,3,2810,买盘
1847,09:46:45,9.37,--,0,0,买盘
1848,09:46:39,9.37,--,48,44975,买盘
1849,09:46:34,9.37,0.02,18,16866,买盘
1850,09:46:29,9.35,-0.02,15,14025,卖盘
1851,09:46:25,9.37,--,103,96510,买盘
1852,09:46:19,9.37,0.02,44,41228,买盘
1853,09:46:14,9.35,-0.02,69,64515,卖盘
1854,09:45:59,9.37,0.01,91,85267,买盘
1855,09:45:54,9.36,-0.01,13,12168,卖盘
1856,09:45:38,9.37,0.01,14,13117,买盘
1857,09:45:29,9.36,--,15,14040,卖盘
1858,09:45:19,9.36,0.01,28,26208,买盘
1859,09:45:14,9.35,-0.01,15,14025,卖盘
1860,09:45:08,9.36,0.01,31,29016,买盘
1861,09:44:59,9.35,-0.01,5,4675,卖盘
1862,09:44:44,9.36,--,50,46800,买盘
1863,09:44:24,9.36,--,14,13104,买盘
1864,09:44:19,9.36,--,117,109512,买盘
1865,09:44:14,9.36,--,8,7488,买盘
1866,09:44:08,9.36,--,1,936,买盘
1867,09:44:04,9.36,0.01,5,4680,买盘
1868,09:43:59,9.35,-0.01,5,4675,卖盘
1869,09:43:54,9.36,--,45,42120,卖盘
1870,09:43:49,9.36,--,6,5616,卖盘
1871,09:43:38,9.36,--,53,49608,卖盘
1872,09:43:29,9.36,--,45,42120,卖盘
1873,09:43:19,9.36,--,10,9360,卖盘
1874,09:43:14,9.36,-0.01,50,46800,卖盘
1875,09:43:09,9.37,0.01,92,86204,买盘
1876,09:43:04,9.36,-0.01,100,93600,卖盘
1877,09:42:59,9.37,--,3,2810,买盘
1878,09:42:54,9.37,--,10,9370,买盘
1879,09:42:49,9.37,--,9,8433,买盘
1880,09:42:44,9.37,--,0,0,中性盘
1881,09:42:39,9.37,-0.01,12,11243,卖盘
1882,09:42:34,9.38,0.01,42,39396,买盘
1883,09:42:29,9.37,--,120,112439,卖盘
1884,09:42:14,9.37,-0.01,93,87141,卖盘
1885,09:42:08,9.38,--,7,6566,买盘
1886,09:42:04,9.38,-0.01,31,29078,买盘
1887,09:41:44,9.39,0.01,42,39438,买盘
1888,09:41:39,9.38,--,49,45962,卖盘
1889,09:41:34,9.38,-0.01,22,20636,卖盘
1890,09:41:24,9.39,0.01,20,18780,买盘
1891,09:41:08,9.38,-0.01,45,42210,卖盘
1892,09:41:04,9.39,0.01,15,14085,买盘
1893,09:40:58,9.38,--,1,938,卖盘
1894,09:40:53,9.38,--,18,16884,卖盘
1895,09:40:38,9.38,-0.01,45,42210,卖盘
1896,09:40:23,9.39,0.01,10,9390,买盘
1897,09:40:19,9.38,-0.01,149,140231,卖盘
1898,09:40:08,9.39,--,107,100942,买盘
1899,09:39:58,9.39,--,26,24883,卖盘
1900,09:39:54,9.39,--,15,14085,卖盘
1901,09:39:47,9.39,--,42,39438,卖盘
1902,09:39:43,9.39,0.01,29,27700,买盘
1903,09:39:38,9.38,-0.01,11,10787,卖盘
1904,09:39:32,9.39,0.01,307,288742,买盘
1905,09:39:17,9.38,--,41,38458,买盘
1906,09:39:13,9.38,--,50,46900,买盘
1907,09:39:08,9.38,--,5,4690,买盘
1908,09:39:02,9.38,--,131,122878,买盘
1909,09:38:58,9.38,--,21,19698,买盘
1910,09:38:53,9.38,--,40,37520,买盘
1911,09:38:42,9.38,--,1,938,买盘
1912,09:38:38,9.38,--,170,159460,卖盘
1913,09:38:32,9.38,-0.01,73,68474,卖盘
1914,09:38:28,9.39,--,20,18780,买盘
1915,09:38:17,9.39,--,27,25353,买盘
1916,09:38:08,9.39,--,10,9390,买盘
1917,09:37:53,9.39,--,289,271371,卖盘
1918,09:37:47,9.39,--,13,12207,卖盘
1919,09:37:43,9.39,-0.01,6,5634,卖盘
1920,09:37:38,9.4,0.01,300,282000,买盘
1921,09:37:32,9.39,0.01,14,13146,买盘
1922,09:37:28,9.38,--,10,9380,中性盘
1923,09:37:23,9.38,--,2,1876,买盘
1924,09:37:17,9.38,--,2,1876,买盘
1925,09:37:13,9.38,--,63,59094,买盘
1926,09:37:08,9.38,--,1,938,买盘
1927,09:37:02,9.38,--,5,4690,买盘
1928,09:36:47,9.38,-0.01,3,2814,卖盘
1929,09:36:42,9.39,--,0,0,买盘
1930,09:36:38,9.39,0.03,112,105168,买盘
1931,09:36:32,9.36,--,0,0,卖盘
1932,09:36:28,9.36,-0.02,205,191880,卖盘
1933,09:36:23,9.38,--,29,27202,买盘
1934,09:36:13,9.38,--,40,37520,买盘
1935,09:36:08,9.38,0.01,36,33768,买盘
1936,09:36:02,9.37,--,49,45912,卖盘
1937,09:35:53,9.37,-0.01,20,18740,卖盘
1938,09:35:47,9.38,--,8,7504,买盘
1939,09:35:43,9.38,--,1,938,买盘
1940,09:35:38,9.38,--,60,56280,买盘
1941,09:35:32,9.38,-0.01,2,1876,中性盘
1942,09:35:28,9.39,-0.01,6,5634,买盘
1943,09:35:23,9.4,--,20,19533,卖盘
1944,09:35:17,9.4,0.01,299,281266,买盘
1945,09:35:13,9.39,--,0,0,买盘
1946,09:35:08,9.39,-0.01,10,9390,买盘
1947,09:35:02,9.4,0.01,50,47000,买盘
1948,09:34:57,9.39,-0.01,29,27231,卖盘
1949,09:34:53,9.4,--,350,329000,买盘
1950,09:34:47,9.4,0.01,3,2820,买盘
1951,09:34:37,9.39,-0.01,43,40377,中性盘
1952,09:34:32,9.4,0.04,70,65800,买盘
1953,09:34:28,9.36,-0.04,15,14040,卖盘
1954,09:34:22,9.4,0.04,285,267900,买盘
1955,09:34:12,9.36,--,16,14976,卖盘
1956,09:34:08,9.36,-0.01,518,484847,卖盘
1957,09:34:02,9.37,--,15,14054,买盘
1958,09:33:58,9.37,--,141,132117,卖盘
1959,09:33:43,9.37,--,68,63715,买盘
1960,09:33:37,9.37,-0.01,26,24361,卖盘
1961,09:33:32,9.38,0.01,28,26264,买盘
1962,09:33:27,9.37,--,10,9370,卖盘
1963,09:33:22,9.37,0.01,5,4685,卖盘
1964,09:33:17,9.36,--,0,0,卖盘
1965,09:33:12,9.36,-0.01,49,45864,卖盘
1966,09:33:06,9.37,--,1,936,买盘
1967,09:33:02,9.37,--,14,13117,买盘
1968,09:32:57,9.37,0.01,5,4685,买盘
1969,09:32:52,9.36,--,1,936,卖盘
1970,09:32:47,9.36,0.01,24,23390,买盘
1971,09:32:26,9.35,--,20,18700,买盘
1972,09:32:21,9.35,0.01,11,10285,买盘
1973,09:32:02,9.34,0.01,10,9340,买盘
1974,09:31:47,9.33,0.01,33,30789,买盘
1975,09:31:41,9.32,-0.01,16,14912,卖盘
1976,09:31:37,9.33,--,1,933,买盘
1977,09:31:32,9.33,--,75,69975,买盘
1978,09:31:26,9.33,--,53,49449,买盘
1979,09:31:22,9.33,--,12,11196,买盘
1980,09:31:17,9.33,0.01,167,156594,买盘
1981,09:31:11,9.32,-0.01,33,30756,卖盘
1982,09:31:02,9.33,--,20,18660,买盘
1983,09:30:51,9.33,--,20,18660,买盘
1984,09:30:47,9.33,0.01,655,611115,买盘
1985,09:30:41,9.32,--,133,123956,卖盘
1986,09:30:32,9.32,0.01,60,55920,买盘
1987,09:30:22,9.31,-0.01,9,8379,卖盘
1988,09:30:11,9.32,--,2,1882,买盘
1989,09:30:06,9.32,-0.01,142,132344,卖盘
1990,09:30:02,9.33,--,80,74640,买盘
1991,09:28:41,9.33,--,0,0,买盘
1992,09:25:05,9.33,9.33,858,800514,买盘
