,time,price,change,volume,amount,type
0,15:00:00,4.39,--,0,0,买盘
1,15:00:00,4.39,--,0,0,买盘
2,15:00:00,4.39,--,3,1317,买盘
3,14:59:58,4.39,--,1091,478948,买盘
4,14:59:52,4.39,--,215,94385,买盘
5,14:59:48,4.39,--,12,5268,买盘
6,14:59:43,4.39,--,673,295447,买盘
7,14:59:37,4.39,--,97,42583,买盘
8,14:59:33,4.39,--,159,69801,买盘
9,14:59:28,4.39,0.01,152,66728,买盘
10,14:59:22,4.38,-0.01,446,195348,卖盘
11,14:59:18,4.39,--,75,32925,买盘
12,14:59:13,4.39,--,1615,708985,买盘
13,14:59:07,4.39,0.01,339,148821,买盘
14,14:59:03,4.38,--,28,12264,卖盘
15,14:58:58,4.38,-0.01,44,19272,卖盘
16,14:58:52,4.39,0.01,88,38632,买盘
17,14:58:47,4.38,-0.01,6,2628,卖盘
18,14:58:43,4.39,--,92,40388,买盘
19,14:58:37,4.39,--,43,18877,买盘
20,14:58:32,4.39,0.01,428,187892,买盘
21,14:58:28,4.38,-0.01,15,6570,卖盘
22,14:58:22,4.39,--,352,154528,买盘
23,14:58:17,4.39,--,58,25461,买盘
24,14:58:13,4.39,0.01,110,48290,买盘
25,14:58:07,4.38,-0.01,46,20148,卖盘
26,14:58:02,4.39,--,132,57947,买盘
27,14:57:58,4.39,0.01,41,17999,买盘
28,14:57:52,4.38,--,123,53874,卖盘
29,14:57:47,4.38,-0.01,227,99426,卖盘
30,14:57:42,4.39,0.01,300,131700,买盘
31,14:57:37,4.38,-0.01,507,222066,卖盘
32,14:57:32,4.39,--,20,8780,买盘
33,14:57:27,4.39,--,45,19755,买盘
34,14:57:22,4.39,0.01,40,17560,买盘
35,14:57:17,4.38,-0.01,177,77526,卖盘
36,14:57:12,4.39,--,1,438,买盘
37,14:57:07,4.39,--,10,4390,买盘
38,14:57:02,4.39,--,38,16682,买盘
39,14:56:57,4.39,--,2,877,买盘
40,14:56:52,4.39,0.01,160,70240,买盘
41,14:56:47,4.38,-0.01,328,143664,卖盘
42,14:56:42,4.39,--,57,25022,买盘
43,14:56:37,4.39,--,139,61020,买盘
44,14:56:22,4.39,--,140,61459,买盘
45,14:56:17,4.39,0.01,2,877,买盘
46,14:56:12,4.38,--,29,12702,卖盘
47,14:56:07,4.38,--,34,14892,卖盘
48,14:56:02,4.38,-0.01,25,10950,卖盘
49,14:55:57,4.39,0.01,5,2195,买盘
50,14:55:52,4.38,--,2,876,卖盘
51,14:55:47,4.38,-0.01,7,3066,卖盘
52,14:55:42,4.39,0.01,67,29412,买盘
53,14:55:32,4.38,--,70,30660,卖盘
54,14:55:27,4.38,--,2,876,卖盘
55,14:55:22,4.38,--,1,438,卖盘
56,14:55:17,4.38,--,2,876,卖盘
57,14:55:12,4.38,--,7,3066,卖盘
58,14:55:07,4.38,--,2,876,卖盘
59,14:55:02,4.38,-0.01,84,36792,卖盘
60,14:54:57,4.39,--,71,31168,买盘
61,14:54:52,4.39,--,49,21511,买盘
62,14:54:47,4.39,0.01,111,48729,买盘
63,14:54:42,4.38,--,140,61320,卖盘
64,14:54:37,4.38,--,44,19272,卖盘
65,14:54:32,4.38,-0.01,60,26280,卖盘
66,14:54:22,4.39,0.01,18,7901,买盘
67,14:54:17,4.38,--,5,2190,卖盘
68,14:54:12,4.38,--,10,4380,卖盘
69,14:54:07,4.38,--,18,7884,卖盘
70,14:54:02,4.38,--,2,876,卖盘
71,14:53:57,4.38,--,10,4380,卖盘
72,14:53:52,4.38,--,949,415662,卖盘
73,14:53:47,4.38,--,120,52560,卖盘
74,14:53:42,4.38,-0.01,30,13140,卖盘
75,14:53:37,4.39,--,139,61020,买盘
76,14:53:32,4.39,0.01,100,43900,买盘
77,14:53:27,4.38,-0.01,90,39420,卖盘
78,14:53:22,4.39,0.01,102,44778,买盘
79,14:53:17,4.38,--,40,17520,卖盘
80,14:53:07,4.38,--,200,87600,卖盘
81,14:53:02,4.38,-0.01,144,63072,卖盘
82,14:52:57,4.39,0.01,82,35998,买盘
83,14:52:52,4.38,--,1206,528228,卖盘
84,14:52:42,4.38,--,500,219000,卖盘
85,14:52:37,4.38,-0.01,5,2190,卖盘
86,14:52:32,4.39,0.01,72,31607,买盘
87,14:52:17,4.38,-0.01,360,157680,卖盘
88,14:52:07,4.39,0.01,89,39071,买盘
89,14:51:57,4.38,-0.01,56,24528,卖盘
90,14:51:37,4.39,--,255,111944,买盘
91,14:51:22,4.39,0.01,40,17560,买盘
92,14:51:16,4.38,--,5,2190,卖盘
93,14:51:11,4.38,-0.01,186,81468,卖盘
94,14:51:07,4.39,--,30,13169,买盘
95,14:51:00,4.39,--,38,16682,买盘
96,14:50:56,4.39,0.01,121,53118,买盘
97,14:50:46,4.38,--,5,2190,卖盘
98,14:50:36,4.38,-0.01,20,8760,卖盘
99,14:50:31,4.39,0.01,22,9658,买盘
100,14:50:26,4.38,-0.01,51,22338,卖盘
101,14:50:20,4.39,0.01,127,55752,买盘
102,14:50:11,4.38,--,10,4380,卖盘
103,14:50:06,4.38,--,34,14892,卖盘
104,14:49:56,4.38,--,318,139284,卖盘
105,14:49:46,4.38,--,5,2190,卖盘
106,14:49:41,4.38,--,632,276816,买盘
107,14:49:31,4.38,--,246,107748,买盘
108,14:49:26,4.38,--,11,4818,买盘
109,14:49:21,4.38,--,30,13140,买盘
110,14:49:16,4.38,--,375,164250,买盘
111,14:49:11,4.38,--,71,31098,买盘
112,14:49:01,4.38,--,40,17520,买盘
113,14:48:56,4.38,--,139,60882,买盘
114,14:48:51,4.38,--,8,3504,买盘
115,14:48:46,4.38,--,22,9636,卖盘
116,14:48:41,4.38,--,48,21024,买盘
117,14:48:36,4.38,--,4,1752,买盘
118,14:48:30,4.38,--,348,152424,卖盘
119,14:48:26,4.38,--,18,7884,卖盘
120,14:48:16,4.38,--,11,4818,卖盘
121,14:48:11,4.38,--,50,21900,卖盘
122,14:48:06,4.38,--,10,4380,卖盘
123,14:48:01,4.38,--,20,8760,买盘
124,14:47:36,4.38,--,53,23214,买盘
125,14:47:26,4.38,0.01,215,94170,买盘
126,14:47:20,4.37,-0.01,1,437,卖盘
127,14:47:11,4.38,--,40,17520,买盘
128,14:47:01,4.38,--,135,59130,买盘
129,14:46:50,4.38,--,1,438,买盘
130,14:46:41,4.38,0.01,23,10074,买盘
131,14:46:31,4.37,-0.01,24,10488,卖盘
132,14:46:26,4.38,--,40,17520,买盘
133,14:46:20,4.38,--,15,6570,买盘
134,14:46:16,4.38,--,30,13140,买盘
135,14:46:11,4.38,--,547,239586,买盘
136,14:46:01,4.38,--,384,168192,买盘
137,14:45:56,4.38,--,40,17520,买盘
138,14:45:50,4.38,--,13,5694,买盘
139,14:45:46,4.38,--,298,130524,买盘
140,14:45:41,4.38,--,32,14016,买盘
141,14:45:30,4.38,--,1,438,买盘
142,14:45:26,4.38,0.01,140,61320,买盘
143,14:45:20,4.37,-0.01,11,4807,卖盘
144,14:45:16,4.38,--,30,13140,买盘
145,14:45:11,4.38,--,30,13140,买盘
146,14:45:01,4.38,--,30,13140,买盘
147,14:44:55,4.38,--,95,41610,买盘
148,14:44:50,4.38,--,50,21900,买盘
149,14:44:40,4.38,--,10,4380,买盘
150,14:44:35,4.38,--,24,10512,买盘
151,14:44:30,4.38,--,225,98550,买盘
152,14:44:15,4.38,0.01,6,2628,买盘
153,14:44:10,4.37,-0.01,87,38019,卖盘
154,14:44:00,4.38,0.01,15,6570,买盘
155,14:43:55,4.37,--,35,15295,卖盘
156,14:43:50,4.37,--,10,4370,卖盘
157,14:43:45,4.37,--,173,75601,卖盘
158,14:43:35,4.37,--,407,177859,卖盘
159,14:43:29,4.37,-0.01,12,5244,卖盘
160,14:43:10,4.38,0.01,3,1314,买盘
161,14:43:05,4.37,--,76,33212,卖盘
162,14:42:55,4.37,-0.01,29,12673,卖盘
163,14:42:35,4.38,0.01,1,438,买盘
164,14:42:25,4.37,-0.01,100,43700,卖盘
165,14:42:20,4.38,0.01,20,8760,买盘
166,14:42:14,4.37,--,2,874,卖盘
167,14:42:05,4.37,--,2,874,卖盘
168,14:41:55,4.37,--,105,45885,卖盘
169,14:41:35,4.37,-0.01,28,12236,卖盘
170,14:41:25,4.38,0.01,21,9198,买盘
171,14:41:20,4.37,--,3,1311,卖盘
172,14:41:14,4.37,--,30,13110,卖盘
173,14:41:10,4.37,--,5,2185,卖盘
174,14:41:05,4.37,--,3,1311,卖盘
175,14:40:59,4.37,--,15,6555,卖盘
176,14:40:40,4.37,-0.01,2,874,卖盘
177,14:40:10,4.38,0.01,143,62634,买盘
178,14:39:55,4.37,--,3,1311,卖盘
179,14:39:50,4.37,--,3,1311,卖盘
180,14:39:44,4.37,-0.01,84,36708,卖盘
181,14:39:40,4.38,0.01,203,88914,买盘
182,14:39:35,4.37,-0.01,146,63802,卖盘
183,14:39:29,4.38,--,72,31536,卖盘
184,14:39:25,4.38,--,10,4380,卖盘
185,14:39:20,4.38,--,1266,554508,卖盘
186,14:39:14,4.38,--,138,60444,卖盘
187,14:39:10,4.38,--,7,3066,卖盘
188,14:39:05,4.38,--,888,388944,卖盘
189,14:38:59,4.38,--,54,23652,卖盘
190,14:38:55,4.38,--,53,23214,卖盘
191,14:38:44,4.38,--,20,8760,卖盘
192,14:38:40,4.38,--,115,50370,卖盘
193,14:38:35,4.38,--,59,25842,卖盘
194,14:38:20,4.38,--,32,14016,卖盘
195,14:38:10,4.38,--,45,19710,卖盘
196,14:38:04,4.38,-0.01,13,5694,卖盘
197,14:37:54,4.39,0.01,106,46534,买盘
198,14:37:49,4.38,-0.01,31,13578,卖盘
199,14:37:44,4.39,--,10,4390,买盘
200,14:37:34,4.39,0.01,57,25022,买盘
201,14:37:24,4.38,--,5,2190,卖盘
202,14:37:19,4.38,-0.01,8,3504,卖盘
203,14:37:14,4.39,0.01,39,17121,买盘
204,14:37:04,4.38,--,13,5694,卖盘
205,14:36:59,4.38,--,202,88476,卖盘
206,14:36:54,4.38,--,10,4380,卖盘
207,14:36:49,4.38,--,5,2190,卖盘
208,14:36:39,4.38,--,3,1314,卖盘
209,14:36:34,4.38,--,35,15330,卖盘
210,14:36:24,4.38,--,113,49494,卖盘
211,14:36:19,4.38,--,237,103806,卖盘
212,14:36:08,4.38,--,20,8760,卖盘
213,14:36:04,4.38,--,100,43800,卖盘
214,14:35:53,4.38,--,5,2190,卖盘
215,14:35:49,4.38,--,4,1752,卖盘
216,14:35:44,4.38,--,29,12702,卖盘
217,14:35:38,4.38,--,2,876,卖盘
218,14:35:34,4.38,--,2,876,卖盘
219,14:35:29,4.38,-0.01,25,10950,卖盘
220,14:35:14,4.39,0.01,25,10975,买盘
221,14:35:08,4.38,--,23,10074,卖盘
222,14:35:04,4.38,--,63,27594,卖盘
223,14:34:49,4.38,-0.01,2,876,卖盘
224,14:34:23,4.39,--,72,31607,买盘
225,14:34:19,4.39,--,137,60393,卖盘
226,14:34:14,4.39,--,88,38632,卖盘
227,14:34:04,4.39,--,631,277009,卖盘
228,14:33:53,4.39,--,40,17560,卖盘
229,14:33:49,4.39,--,793,348127,卖盘
230,14:33:34,4.39,--,32,14047,卖盘
231,14:33:29,4.39,--,211,92817,卖盘
232,14:33:23,4.39,--,38,16682,卖盘
233,14:33:19,4.39,--,492,215987,卖盘
234,14:33:14,4.39,0.01,1658,727862,买盘
235,14:33:08,4.38,--,4,1752,卖盘
236,14:33:04,4.38,--,20,8760,卖盘
237,14:32:59,4.38,-0.01,44,19272,卖盘
238,14:32:49,4.39,0.01,159,69801,买盘
239,14:32:43,4.38,-0.01,10,4380,卖盘
240,14:32:18,4.39,0.01,58,25461,买盘
241,14:32:13,4.38,--,37,16206,卖盘
242,14:32:08,4.38,--,5,2190,卖盘
243,14:32:04,4.38,--,21,9198,卖盘
244,14:31:58,4.38,--,23,10074,卖盘
245,14:31:53,4.38,--,100,43800,卖盘
246,14:31:33,4.38,-0.01,45,19710,卖盘
247,14:31:18,4.39,--,84,36876,买盘
248,14:31:13,4.39,--,16,7023,买盘
249,14:31:08,4.39,--,30,13169,买盘
250,14:31:03,4.39,--,34,14925,买盘
251,14:30:58,4.39,--,14,6146,买盘
252,14:30:48,4.39,--,31,13608,买盘
253,14:30:43,4.39,--,24,10536,买盘
254,14:30:33,4.39,0.01,50,21950,买盘
255,14:30:18,4.38,-0.01,30,13140,卖盘
256,14:30:13,4.39,0.01,86,37754,买盘
257,14:29:58,4.38,-0.01,40,17520,卖盘
258,14:29:43,4.39,0.01,15,6584,买盘
259,14:29:38,4.38,-0.01,107,46866,卖盘
260,14:29:32,4.39,--,300,131700,买盘
261,14:29:28,4.39,--,50,21950,买盘
262,14:29:18,4.39,--,16,7023,买盘
263,14:29:13,4.39,--,33,14486,买盘
264,14:29:08,4.39,--,10,4390,买盘
265,14:28:58,4.39,--,25,10975,买盘
266,14:28:47,4.39,--,10,4390,买盘
267,14:28:43,4.39,--,40,17560,买盘
268,14:28:38,4.39,--,30,13169,买盘
269,14:28:28,4.39,--,50,21950,买盘
270,14:28:23,4.39,--,60,26339,买盘
271,14:28:13,4.39,--,56,24584,买盘
272,14:28:02,4.39,--,62,27217,买盘
273,14:27:58,4.39,-0.01,1355,594845,卖盘
274,14:27:53,4.4,0.01,1007,443080,买盘
275,14:27:43,4.39,-0.01,90,39510,卖盘
276,14:27:38,4.4,--,4,1760,买盘
277,14:27:28,4.4,--,1,440,买盘
278,14:27:23,4.4,-0.01,210,92400,卖盘
279,14:27:13,4.41,0.01,149,65709,买盘
280,14:27:08,4.4,--,627,275919,卖盘
281,14:26:58,4.4,-0.01,81,35640,卖盘
282,14:26:53,4.41,0.01,1234,544194,买盘
283,14:26:47,4.4,--,15,6600,卖盘
284,14:26:43,4.4,--,10,4400,卖盘
285,14:26:38,4.4,--,100,44000,卖盘
286,14:26:28,4.4,-0.01,310,136400,卖盘
287,14:26:17,4.41,0.01,25,11025,买盘
288,14:26:12,4.4,--,17,7480,卖盘
289,14:26:08,4.4,--,62,27280,卖盘
290,14:25:57,4.4,--,250,110000,卖盘
291,14:25:52,4.4,--,38,16720,卖盘
292,14:25:47,4.4,--,252,111280,买盘
293,14:25:42,4.4,--,14,6160,买盘
294,14:25:37,4.4,--,189,83160,买盘
295,14:25:22,4.4,--,150,66000,买盘
296,14:25:17,4.4,--,23,10120,买盘
297,14:25:13,4.4,0.01,221,97240,买盘
298,14:25:07,4.39,-0.01,20,8780,卖盘
299,14:25:02,4.4,--,7,3080,买盘
300,14:24:52,4.4,0.01,204,89760,买盘
301,14:24:47,4.39,-0.01,49,21511,卖盘
302,14:24:42,4.4,--,75,33000,买盘
303,14:24:37,4.4,--,46,20240,买盘
304,14:24:32,4.4,0.01,18,7920,买盘
305,14:24:27,4.39,-0.01,1374,603186,卖盘
306,14:24:22,4.4,--,99,43560,买盘
307,14:24:12,4.4,0.01,27,11880,买盘
308,14:24:07,4.39,--,113,49607,卖盘
309,14:24:02,4.39,-0.01,189,82971,卖盘
310,14:23:57,4.4,0.01,8,3520,买盘
311,14:23:52,4.39,-0.01,10,4390,卖盘
312,14:23:42,4.4,0.01,2000,880000,买盘
313,14:23:27,4.39,--,6,2634,卖盘
314,14:23:22,4.39,-0.01,26,11414,卖盘
315,14:23:17,4.4,--,25,11000,买盘
316,14:23:12,4.4,0.01,45,19800,买盘
317,14:23:07,4.39,--,40,17560,卖盘
318,14:22:57,4.39,-0.01,436,191404,卖盘
319,14:22:52,4.4,--,2,880,买盘
320,14:22:42,4.4,0.01,4,1760,买盘
321,14:22:37,4.39,--,104,45656,卖盘
322,14:22:32,4.39,-0.01,22,9658,卖盘
323,14:22:22,4.4,--,135,59400,买盘
324,14:22:17,4.4,--,15,6600,买盘
325,14:22:11,4.4,--,26,11440,买盘
326,14:22:07,4.4,--,4,1760,买盘
327,14:22:02,4.4,--,356,156640,买盘
328,14:21:56,4.4,0.01,23,10120,买盘
329,14:21:47,4.39,-0.01,9,3950,卖盘
330,14:21:41,4.4,--,10,4400,买盘
331,14:21:37,4.4,0.01,212,93280,买盘
332,14:21:22,4.39,-0.01,47,20633,卖盘
333,14:21:16,4.4,--,51,22440,买盘
334,14:21:07,4.4,0.01,89,39160,买盘
335,14:20:52,4.39,-0.01,131,57508,卖盘
336,14:20:37,4.4,0.01,500,220000,买盘
337,14:20:31,4.39,--,21,9219,卖盘
338,14:20:22,4.39,-0.01,3,1317,卖盘
339,14:20:17,4.4,--,51,22440,买盘
340,14:20:07,4.4,--,3,1320,买盘
341,14:19:56,4.4,0.01,21,9240,买盘
342,14:19:52,4.39,--,151,66289,卖盘
343,14:19:46,4.39,--,129,56630,卖盘
344,14:19:41,4.39,-0.01,50,21950,卖盘
345,14:19:37,4.4,0.01,114,50160,买盘
346,14:19:31,4.39,--,20,8780,卖盘
347,14:19:26,4.39,--,15,6584,卖盘
348,14:19:22,4.39,-0.01,58,25461,卖盘
349,14:19:16,4.4,--,51,22440,买盘
350,14:19:06,4.4,--,7,3080,买盘
351,14:18:51,4.4,--,11,4840,买盘
352,14:18:36,4.4,--,127,55880,买盘
353,14:18:21,4.4,--,10,4400,买盘
354,14:18:16,4.4,--,56,24640,买盘
355,14:18:11,4.4,0.01,32,14080,买盘
356,14:18:06,4.39,-0.01,95,41705,卖盘
357,14:17:56,4.4,--,7,3080,买盘
358,14:17:51,4.4,--,17,7480,买盘
359,14:17:46,4.4,--,73,32120,买盘
360,14:17:41,4.4,--,111,48879,卖盘
361,14:17:31,4.4,--,4,1760,卖盘
362,14:17:21,4.4,--,1544,679760,买盘
363,14:17:16,4.4,--,25,11000,买盘
364,14:17:11,4.4,--,25,11000,买盘
365,14:17:06,4.4,--,20,8800,买盘
366,14:16:56,4.4,--,200,88000,买盘
367,14:16:51,4.4,--,340,149600,买盘
368,14:16:46,4.4,--,411,180840,买盘
369,14:16:36,4.4,--,100,44000,买盘
370,14:16:31,4.4,--,6,2640,买盘
371,14:16:26,4.4,--,224,98560,买盘
372,14:16:16,4.4,--,25,11000,买盘
373,14:16:11,4.4,0.01,457,201080,买盘
374,14:15:56,4.39,-0.01,10,4390,卖盘
375,14:15:51,4.4,--,15,6600,买盘
376,14:15:46,4.4,0.01,9,3960,买盘
377,14:15:41,4.39,-0.01,48,21072,卖盘
378,14:15:36,4.4,0.01,30,13200,买盘
379,14:15:31,4.39,--,65,28534,卖盘
380,14:15:26,4.39,--,126,55313,卖盘
381,14:15:21,4.39,-0.01,161,70679,卖盘
382,14:15:16,4.4,--,71,31240,买盘
383,14:15:11,4.4,--,17,7480,买盘
384,14:15:06,4.4,--,41,18040,买盘
385,14:15:01,4.4,0.01,1006,442640,买盘
386,14:14:56,4.39,-0.01,359,157601,卖盘
387,14:14:51,4.4,0.01,12,5280,买盘
388,14:14:41,4.39,--,10,4390,卖盘
389,14:14:36,4.39,-0.01,10,4390,卖盘
390,14:14:31,4.4,0.01,20,8800,买盘
391,14:14:26,4.39,-0.01,20,8780,买盘
392,14:14:21,4.4,0.02,177,77880,买盘
393,14:14:16,4.38,-0.02,35,15330,卖盘
394,14:14:11,4.4,--,86,37840,买盘
395,14:14:06,4.4,0.01,5050,2222000,买盘
396,14:13:46,4.39,0.01,10,4390,买盘
397,14:13:41,4.38,-0.01,740,324120,卖盘
398,14:13:35,4.39,--,134,58825,买盘
399,14:13:31,4.39,0.01,6,2634,买盘
400,14:13:20,4.38,-0.01,94,41172,卖盘
401,14:13:10,4.39,0.01,125,54874,买盘
402,14:13:00,4.38,--,100,43800,卖盘
403,14:12:55,4.38,--,23,10074,卖盘
404,14:12:45,4.38,--,300,131400,卖盘
405,14:12:40,4.38,--,10,4380,卖盘
406,14:12:35,4.38,--,24,10731,买盘
407,14:12:31,4.38,--,155,67890,买盘
408,14:12:25,4.38,--,877,384345,卖盘
409,14:12:15,4.38,-0.01,210,91980,卖盘
410,14:12:10,4.39,0.01,224,98555,买盘
411,14:12:05,4.38,--,85,37230,买盘
412,14:12:01,4.38,--,29,12702,买盘
413,14:11:55,4.38,--,350,153300,买盘
414,14:11:50,4.38,--,50,21900,买盘
415,14:11:45,4.38,--,1050,459900,买盘
416,14:11:40,4.38,--,47,20586,买盘
417,14:11:35,4.38,--,1000,438000,买盘
418,14:11:20,4.38,--,5,2190,买盘
419,14:11:10,4.38,--,26,11388,买盘
420,14:10:55,4.38,0.01,7,3066,买盘
421,14:10:45,4.37,--,43,18791,卖盘
422,14:10:40,4.37,--,59,25783,卖盘
423,14:10:35,4.37,-0.01,92,40204,卖盘
424,14:10:30,4.38,0.01,80,35040,买盘
425,14:10:25,4.37,-0.01,29,12673,卖盘
426,14:10:20,4.38,--,3,1314,买盘
427,14:10:15,4.38,--,10,4380,买盘
428,14:10:10,4.38,--,27,11826,买盘
429,14:10:05,4.38,--,16,7008,买盘
430,14:10:00,4.38,--,15,6570,买盘
431,14:09:45,4.38,--,30,13140,买盘
432,14:09:40,4.38,--,124,54312,买盘
433,14:09:20,4.38,--,84,36792,买盘
434,14:09:15,4.38,--,93,40734,买盘
435,14:09:10,4.38,--,492,215496,买盘
436,14:09:05,4.38,--,85,37230,买盘
437,14:08:40,4.38,--,14,6132,买盘
438,14:08:30,4.38,--,10,4380,买盘
439,14:08:20,4.38,0.01,100,43800,买盘
440,14:08:15,4.37,-0.01,105,45885,卖盘
441,14:08:10,4.38,0.01,49,21462,买盘
442,14:08:00,4.37,--,70,30590,买盘
443,14:07:55,4.37,0.01,30,13110,买盘
444,14:07:50,4.36,-0.01,52,22672,卖盘
445,14:07:45,4.37,--,200,87400,买盘
446,14:07:40,4.37,-0.01,242,105754,中性盘
447,14:07:35,4.38,0.01,1478,647364,买盘
448,14:07:30,4.37,--,50,21850,买盘
449,14:07:25,4.37,--,1,437,买盘
450,14:07:20,4.37,--,31,13547,买盘
451,14:07:15,4.37,--,100,43700,买盘
452,14:07:10,4.37,--,31,13547,买盘
453,14:07:05,4.37,0.01,2400,1048800,买盘
454,14:07:00,4.36,--,1,436,卖盘
455,14:06:55,4.36,-0.01,24,10464,卖盘
456,14:06:50,4.37,0.01,400,174800,买盘
457,14:06:45,4.36,--,7,3052,卖盘
458,14:06:40,4.36,--,504,219744,买盘
459,14:06:35,4.36,--,2,872,买盘
460,14:06:30,4.36,--,5,2180,买盘
461,14:06:25,4.36,--,152,66272,卖盘
462,14:06:15,4.36,-0.01,69,30084,卖盘
463,14:06:10,4.37,0.01,110,48070,买盘
464,14:06:05,4.36,--,22,9592,卖盘
465,14:05:55,4.36,--,63,27468,卖盘
466,14:05:50,4.36,--,304,132544,买盘
467,14:05:45,4.36,--,10,4360,买盘
468,14:05:35,4.36,--,180,78480,买盘
469,14:05:29,4.36,--,12,5232,买盘
470,14:05:25,4.36,--,41,17876,卖盘
471,14:05:20,4.36,-0.01,30,13080,卖盘
472,14:05:10,4.37,0.02,26,11362,买盘
473,14:05:04,4.35,--,0,0,卖盘
474,14:04:59,4.35,-0.01,2203,958304,卖盘
475,14:04:55,4.36,--,40,17440,卖盘
476,14:04:45,4.36,-0.01,22,9592,卖盘
477,14:04:40,4.37,0.01,84,36708,买盘
478,14:04:19,4.36,--,474,206664,卖盘
479,14:04:14,4.36,--,105,45780,买盘
480,14:04:09,4.36,--,30,13080,买盘
481,14:04:04,4.36,--,10,4360,买盘
482,14:03:54,4.36,--,38,16568,买盘
483,14:03:49,4.36,-0.01,367,160012,卖盘
484,14:03:34,4.37,0.01,1596,697452,买盘
485,14:03:19,4.36,--,925,403300,卖盘
486,14:03:09,4.36,--,1,436,卖盘
487,14:03:04,4.36,--,229,99844,买盘
488,14:02:59,4.36,--,19,8284,买盘
489,14:02:54,4.36,--,344,149984,卖盘
490,14:02:39,4.36,--,8,3488,卖盘
491,14:02:24,4.36,-0.01,700,305200,卖盘
492,14:02:19,4.37,--,52,22724,买盘
493,14:02:14,4.37,0.01,8,3496,买盘
494,14:02:09,4.36,--,150,65400,卖盘
495,14:02:04,4.36,-0.01,4,1744,卖盘
496,14:01:39,4.37,--,90,39330,买盘
497,14:01:19,4.37,0.01,100,43700,买盘
498,14:00:49,4.36,-0.01,10,4360,卖盘
499,14:00:24,4.37,0.01,19,8303,买盘
500,14:00:19,4.36,-0.01,20,8720,卖盘
501,14:00:14,4.37,0.01,12,5244,买盘
502,14:00:09,4.36,--,165,71940,卖盘
503,13:59:54,4.36,--,164,71504,卖盘
504,13:59:49,4.36,--,100,43600,卖盘
505,13:59:39,4.36,--,117,51012,卖盘
506,13:59:34,4.36,--,8,3488,卖盘
507,13:59:24,4.36,--,3,1308,卖盘
508,13:59:19,4.36,--,57,24852,卖盘
509,13:59:09,4.36,--,60,26160,卖盘
510,13:58:54,4.36,--,3,1308,卖盘
511,13:58:49,4.36,--,50,21800,卖盘
512,13:58:44,4.36,--,498,217128,买盘
513,13:58:34,4.36,--,85,37060,买盘
514,13:58:29,4.36,--,28,12208,买盘
515,13:58:24,4.36,-0.01,632,275552,卖盘
516,13:58:19,4.37,0.01,87,38019,买盘
517,13:58:04,4.36,--,64,27904,卖盘
518,13:57:54,4.36,--,72,31392,卖盘
519,13:57:49,4.36,--,500,218000,卖盘
520,13:57:23,4.36,-0.01,20,8720,卖盘
521,13:57:03,4.37,0.01,85,37145,买盘
522,13:56:58,4.36,--,9,3924,卖盘
523,13:56:53,4.36,--,1,436,卖盘
524,13:56:48,4.36,--,403,175712,卖盘
525,13:56:28,4.36,--,200,87200,卖盘
526,13:56:23,4.36,-0.01,50,21800,卖盘
527,13:56:13,4.37,0.01,30,13110,买盘
528,13:56:03,4.36,-0.01,2,872,卖盘
529,13:55:48,4.37,--,40,17480,买盘
530,13:55:37,4.37,--,84,36708,买盘
531,13:55:33,4.37,--,30,13110,买盘
532,13:55:18,4.37,--,10,4370,买盘
533,13:55:03,4.37,0.01,7,3059,买盘
534,13:54:52,4.36,-0.01,12,5232,卖盘
535,13:54:37,4.37,--,10,4370,买盘
536,13:54:32,4.37,0.01,21,9177,买盘
537,13:54:28,4.36,-0.01,170,74120,卖盘
538,13:54:22,4.37,--,14,6118,买盘
539,13:54:18,4.37,--,1,437,买盘
540,13:54:13,4.37,--,364,159068,买盘
541,13:54:03,4.37,0.01,85,37145,买盘
542,13:53:43,4.36,-0.01,24,10464,卖盘
543,13:53:22,4.37,--,68,29716,买盘
544,13:53:18,4.37,--,7,3059,买盘
545,13:53:13,4.37,--,74,32338,买盘
546,13:53:07,4.37,--,49,21413,卖盘
547,13:53:03,4.37,--,200,87400,卖盘
548,13:52:47,4.37,--,14,6118,卖盘
549,13:52:43,4.37,--,1076,470212,卖盘
550,13:52:37,4.37,-0.01,96,41952,卖盘
551,13:52:32,4.38,--,112,49056,买盘
552,13:52:17,4.38,0.01,61,26718,买盘
553,13:51:58,4.37,-0.01,18,7866,卖盘
554,13:51:43,4.38,--,30,13140,买盘
555,13:51:17,4.38,--,7,3066,买盘
556,13:51:13,4.38,--,24,10512,买盘
557,13:51:07,4.38,--,13,5694,买盘
558,13:51:02,4.38,0.01,85,37230,买盘
559,13:50:58,4.37,-0.01,8,3496,卖盘
560,13:50:47,4.38,0.01,200,87600,买盘
561,13:50:37,4.37,-0.01,37,16169,卖盘
562,13:50:32,4.38,0.01,17,7446,买盘
563,13:50:27,4.37,-0.01,50,21850,卖盘
564,13:50:17,4.38,--,26,11388,买盘
565,13:50:12,4.38,0.01,7,3066,买盘
566,13:50:07,4.37,-0.01,218,95266,卖盘
567,13:50:02,4.38,--,7,3066,买盘
568,13:49:57,4.38,--,7,3066,买盘
569,13:49:47,4.38,0.01,18,7884,买盘
570,13:49:42,4.37,-0.01,211,92207,卖盘
571,13:49:37,4.38,--,84,36792,买盘
572,13:49:11,4.38,0.01,10,4380,买盘
573,13:49:07,4.37,-0.01,408,178296,卖盘
574,13:48:52,4.38,--,19,8322,买盘
575,13:48:41,4.38,--,16,7008,买盘
576,13:48:37,4.38,0.01,20,8760,买盘
577,13:48:31,4.37,-0.01,7,3059,卖盘
578,13:48:26,4.38,--,7,3066,买盘
579,13:48:22,4.38,--,10,4380,买盘
580,13:48:16,4.38,--,14,6132,买盘
581,13:48:11,4.38,--,12,5256,买盘
582,13:48:07,4.38,--,106,46428,买盘
583,13:48:01,4.38,--,3,1314,买盘
584,13:47:56,4.38,--,3,1314,买盘
585,13:47:52,4.38,0.01,20,8760,买盘
586,13:47:46,4.37,-0.01,3,1311,卖盘
587,13:47:26,4.38,0.01,10,4380,买盘
588,13:46:52,4.37,-0.01,5,2185,卖盘
589,13:46:37,4.38,--,114,49932,买盘
590,13:46:26,4.38,0.01,7,3066,买盘
591,13:46:22,4.37,-0.01,104,45448,卖盘
592,13:46:16,4.38,--,11,4818,买盘
593,13:46:11,4.38,--,38,16644,买盘
594,13:46:07,4.38,--,50,21900,买盘
595,13:45:56,4.38,--,3,1314,买盘
596,13:45:52,4.38,0.01,5,2190,买盘
597,13:45:46,4.37,--,200,87400,卖盘
598,13:45:41,4.37,--,50,21850,卖盘
599,13:45:31,4.37,--,52,22724,卖盘
600,13:45:22,4.37,--,86,37582,卖盘
601,13:45:11,4.37,--,64,28269,买盘
602,13:45:07,4.37,--,138,60306,买盘
603,13:45:01,4.37,0.01,111,48507,买盘
604,13:44:56,4.36,-0.01,38,16568,卖盘
605,13:44:52,4.37,--,41,17917,买盘
606,13:44:46,4.37,--,11,4807,买盘
607,13:44:41,4.37,--,7,3059,买盘
608,13:44:37,4.37,--,13,5681,买盘
609,13:44:31,4.37,--,2,874,买盘
610,13:44:26,4.37,--,42,18354,买盘
611,13:44:16,4.37,--,7,3059,买盘
612,13:44:11,4.37,--,300,131100,买盘
613,13:44:07,4.37,--,4,1748,买盘
614,13:43:56,4.37,--,43,18791,买盘
615,13:43:51,4.37,0.01,307,134159,买盘
616,13:43:46,4.36,-0.01,100,43600,卖盘
617,13:43:41,4.37,--,14,6118,买盘
618,13:43:36,4.37,0.01,300,131100,买盘
619,13:43:26,4.36,-0.01,45,19620,卖盘
620,13:43:16,4.37,0.01,119,52003,买盘
621,13:42:56,4.36,-0.01,20,8720,卖盘
622,13:42:50,4.37,0.01,3,1311,买盘
623,13:42:36,4.36,-0.01,5,2180,卖盘
624,13:42:26,4.37,--,2,874,买盘
625,13:42:21,4.37,0.01,14,6118,买盘
626,13:42:16,4.36,-0.01,166,72376,卖盘
627,13:42:05,4.37,0.01,85,37145,买盘
628,13:41:56,4.36,-0.01,80,34880,卖盘
629,13:41:50,4.37,0.01,33,14421,买盘
630,13:41:40,4.36,-0.01,202,88072,卖盘
631,13:41:35,4.37,--,66,28842,买盘
632,13:41:31,4.37,0.01,6,2622,买盘
633,13:41:25,4.36,--,18,7848,卖盘
634,13:40:46,4.36,-0.01,10,4360,卖盘
635,13:40:35,4.37,0.01,172,75164,买盘
636,13:40:31,4.36,-0.01,3,1308,卖盘
637,13:40:20,4.37,0.01,8,3496,买盘
638,13:40:01,4.36,--,12,5232,卖盘
639,13:39:55,4.36,-0.01,5,2180,卖盘
640,13:39:46,4.37,0.01,3,1311,买盘
641,13:39:25,4.36,-0.01,9,3924,卖盘
642,13:39:16,4.37,--,5,2185,买盘
643,13:39:05,4.37,0.01,205,89585,买盘
644,13:39:01,4.36,--,21,9156,卖盘
645,13:38:50,4.36,--,11,4796,卖盘
646,13:38:45,4.36,-0.01,30,13080,卖盘
647,13:38:40,4.37,--,126,55062,买盘
648,13:38:35,4.37,0.01,7,3059,买盘
649,13:38:31,4.36,--,129,56244,买盘
650,13:38:20,4.36,--,8,3488,买盘
651,13:38:15,4.36,--,73,31828,卖盘
652,13:37:46,4.36,--,300,130800,卖盘
653,13:37:35,4.36,--,89,38804,卖盘
654,13:37:25,4.36,--,12,5232,卖盘
655,13:37:15,4.36,--,12,5232,卖盘
656,13:37:10,4.36,--,50,21800,卖盘
657,13:36:45,4.36,--,50,21800,卖盘
658,13:36:40,4.36,--,187,81532,卖盘
659,13:36:25,4.36,--,211,91996,卖盘
660,13:36:20,4.36,--,80,34880,买盘
661,13:36:15,4.36,--,128,55808,买盘
662,13:36:05,4.36,--,85,37060,买盘
663,13:35:45,4.36,0.01,60,26160,买盘
664,13:35:35,4.35,--,3,1305,卖盘
665,13:35:14,4.35,--,98,42630,卖盘
666,13:34:59,4.35,--,50,21750,卖盘
667,13:34:44,4.35,-0.01,1,434,卖盘
668,13:34:35,4.36,--,84,36624,买盘
669,13:34:29,4.36,--,9,3924,买盘
670,13:34:25,4.36,--,18,7848,买盘
671,13:34:14,4.36,--,708,308688,卖盘
672,13:34:10,4.36,--,20,8720,卖盘
673,13:34:04,4.36,-0.01,7,3052,卖盘
674,13:33:55,4.37,0.01,50,21850,买盘
675,13:33:25,4.36,-0.01,10,4360,卖盘
676,13:33:10,4.37,0.01,85,37145,买盘
677,13:32:59,4.36,-0.01,4,1744,卖盘
678,13:32:55,4.37,0.01,101,44137,买盘
679,13:32:34,4.36,--,40,17440,卖盘
680,13:32:25,4.36,--,713,311251,卖盘
681,13:31:59,4.36,--,100,43600,卖盘
682,13:31:44,4.36,-0.01,81,35316,卖盘
683,13:31:40,4.37,--,84,36708,买盘
684,13:31:34,4.37,--,2,874,买盘
685,13:31:29,4.37,--,2,874,买盘
686,13:31:24,4.37,--,9,3933,买盘
687,13:31:14,4.37,--,175,76475,买盘
688,13:31:04,4.37,--,134,58558,买盘
689,13:30:39,4.37,--,100,43700,买盘
690,13:30:24,4.37,0.01,2,874,买盘
691,13:30:09,4.36,-0.01,135,58860,卖盘
692,13:29:59,4.37,--,49,21413,买盘
693,13:29:34,4.37,--,13,5681,买盘
694,13:29:29,4.37,--,3,1311,买盘
695,13:29:09,4.37,--,78,34086,买盘
696,13:29:04,4.37,--,48,20976,买盘
697,13:28:49,4.37,--,47,20539,买盘
698,13:28:39,4.37,0.01,84,36708,买盘
699,13:28:24,4.36,--,64,27904,卖盘
700,13:28:13,4.36,-0.01,15,6540,卖盘
701,13:27:59,4.37,--,100,43700,买盘
702,13:27:53,4.37,--,217,94829,买盘
703,13:27:44,4.37,0.01,6,2622,买盘
704,13:27:23,4.36,-0.01,1,436,卖盘
705,13:27:08,4.37,--,690,301530,买盘
706,13:26:58,4.37,0.01,22,9614,买盘
707,13:26:53,4.36,--,93,40548,卖盘
708,13:26:38,4.36,--,131,57116,卖盘
709,13:26:34,4.36,--,50,21800,卖盘
710,13:26:28,4.36,--,50,21800,卖盘
711,13:26:19,4.36,--,2,872,卖盘
712,13:26:04,4.36,-0.01,9,3924,卖盘
713,13:25:53,4.37,--,2,874,买盘
714,13:25:49,4.37,--,170,74290,买盘
715,13:25:38,4.37,--,140,61180,买盘
716,13:25:23,4.37,--,56,24472,买盘
717,13:25:19,4.37,--,83,36271,买盘
718,13:25:08,4.37,--,58,25346,买盘
719,13:25:03,4.37,--,13,5681,买盘
720,13:24:58,4.37,--,14,6118,买盘
721,13:24:53,4.37,0.01,28,12236,买盘
722,13:24:48,4.36,-0.01,25,10900,卖盘
723,13:24:38,4.37,0.01,7,3059,买盘
724,13:24:18,4.36,-0.01,30,13080,卖盘
725,13:24:08,4.37,0.01,85,37145,买盘
726,13:24:03,4.36,-0.01,40,17440,卖盘
727,13:23:38,4.37,0.01,451,197087,买盘
728,13:23:28,4.36,-0.01,306,133416,卖盘
729,13:23:23,4.37,--,148,64676,买盘
730,13:23:08,4.37,0.01,2,874,买盘
731,13:22:58,4.36,--,40,17440,卖盘
732,13:22:53,4.36,--,5,2180,卖盘
733,13:22:48,4.36,-0.01,11,4796,卖盘
734,13:22:43,4.37,0.01,18,7866,买盘
735,13:22:38,4.36,--,94,40984,卖盘
736,13:22:33,4.36,--,54,23544,卖盘
737,13:22:23,4.36,--,56,24416,卖盘
738,13:22:08,4.36,-0.01,20,8720,卖盘
739,13:22:03,4.37,--,42,18354,买盘
740,13:21:38,4.37,--,99,43263,买盘
741,13:21:13,4.37,--,15,6555,买盘
742,13:21:08,4.37,--,93,40641,买盘
743,13:20:47,4.37,0.01,203,88711,买盘
744,13:20:33,4.36,-0.01,10,4360,卖盘
745,13:20:17,4.37,--,7,3059,买盘
746,13:20:07,4.37,--,37,16169,买盘
747,13:20:02,4.37,--,222,97014,买盘
748,13:19:58,4.37,--,2,874,买盘
749,13:19:53,4.37,--,35,15295,买盘
750,13:19:47,4.37,--,14,6118,买盘
751,13:19:43,4.37,--,12,5244,买盘
752,13:19:37,4.37,--,85,37145,买盘
753,13:19:32,4.37,0.01,111,48507,买盘
754,13:19:28,4.36,--,93,40548,卖盘
755,13:19:17,4.36,--,10,4360,卖盘
756,13:19:12,4.36,-0.01,11,4796,卖盘
757,13:19:02,4.37,--,10,4370,买盘
758,13:18:57,4.37,0.01,125,54625,买盘
759,13:18:47,4.36,-0.01,108,47088,卖盘
760,13:18:43,4.37,--,100,43700,买盘
761,13:18:37,4.37,--,7,3059,买盘
762,13:18:32,4.37,--,10,4370,买盘
763,13:18:28,4.37,--,30,13110,买盘
764,13:18:22,4.37,0.01,5,2185,买盘
765,13:18:17,4.36,-0.01,5,2180,卖盘
766,13:18:12,4.37,--,1,437,买盘
767,13:18:07,4.37,0.01,85,37145,买盘
768,13:18:02,4.36,--,5,2180,卖盘
769,13:17:57,4.36,--,35,15260,卖盘
770,13:17:52,4.36,-0.01,19,8284,卖盘
771,13:17:47,4.37,--,133,58121,买盘
772,13:17:37,4.37,--,5,2185,买盘
773,13:17:12,4.37,--,70,30590,买盘
774,13:17:07,4.37,--,17,7429,买盘
775,13:17:02,4.37,--,121,52877,卖盘
776,13:16:57,4.37,--,139,60743,卖盘
777,13:16:52,4.37,--,50,21850,卖盘
778,13:16:42,4.37,--,200,87400,卖盘
779,13:16:37,4.37,--,114,49818,卖盘
780,13:16:32,4.37,--,69,30153,卖盘
781,13:16:27,4.37,-0.01,50,21850,卖盘
782,13:16:12,4.38,--,3,1314,买盘
783,13:15:57,4.38,--,42,18396,买盘
784,13:15:32,4.38,0.01,311,136218,买盘
785,13:15:22,4.37,-0.01,5,2185,卖盘
786,13:15:12,4.38,--,25,10950,买盘
787,13:15:07,4.38,0.01,85,37230,买盘
788,13:15:02,4.37,--,100,43700,卖盘
789,13:14:57,4.37,0.01,1975,863075,买盘
790,13:14:47,4.36,-0.01,20,8720,卖盘
791,13:14:37,4.37,--,3,1311,买盘
792,13:14:32,4.37,--,34,14858,买盘
793,13:13:56,4.37,--,8,3496,买盘
794,13:13:52,4.37,--,31,13547,买盘
795,13:13:46,4.37,--,15,6555,买盘
796,13:13:42,4.37,--,7,3059,买盘
797,13:13:37,4.37,--,85,37145,买盘
798,13:13:32,4.37,0.01,6,2622,买盘
799,13:13:22,4.36,-0.01,26,11336,卖盘
800,13:13:17,4.37,--,101,44137,买盘
801,13:13:11,4.37,0.01,7,3059,买盘
802,13:13:02,4.36,-0.01,1,436,卖盘
803,13:12:56,4.37,0.01,39,17043,买盘
804,13:12:41,4.36,--,259,112976,买盘
805,13:12:36,4.36,--,296,129056,买盘
806,13:12:32,4.36,--,100,43600,买盘
807,13:12:26,4.36,--,7,3052,买盘
808,13:12:22,4.36,--,12,5232,买盘
809,13:12:16,4.36,0.01,8,3488,买盘
810,13:12:11,4.35,-0.01,17,7394,卖盘
811,13:12:06,4.36,--,124,54064,买盘
812,13:11:56,4.36,--,7,3052,买盘
813,13:11:46,4.36,--,26,11336,买盘
814,13:11:36,4.36,--,7,3052,买盘
815,13:11:31,4.36,--,81,35699,卖盘
816,13:11:26,4.36,--,318,138648,卖盘
817,13:11:21,4.36,--,235,102460,卖盘
818,13:11:16,4.36,-0.01,28,12208,卖盘
819,13:11:11,4.37,--,2,874,买盘
820,13:11:06,4.37,0.01,7,3059,买盘
821,13:11:01,4.36,--,40,17440,卖盘
822,13:10:56,4.36,--,20,8720,卖盘
823,13:10:51,4.36,--,5,2180,卖盘
824,13:10:46,4.36,--,4,1744,卖盘
825,13:10:41,4.36,--,113,49268,卖盘
826,13:10:36,4.36,--,140,61040,卖盘
827,13:10:31,4.36,--,71,30956,卖盘
828,13:10:26,4.36,-0.01,263,114668,卖盘
829,13:10:21,4.37,0.01,50,21850,买盘
830,13:10:16,4.36,--,16,6976,卖盘
831,13:10:11,4.36,--,10,4360,卖盘
832,13:10:06,4.36,-0.01,6,2616,卖盘
833,13:10:01,4.37,0.01,135,58995,买盘
834,13:09:56,4.36,--,75,32700,卖盘
835,13:09:51,4.36,--,1,436,卖盘
836,13:09:41,4.36,--,83,36188,卖盘
837,13:09:36,4.36,--,12,5232,卖盘
838,13:09:26,4.36,--,30,13080,卖盘
839,13:09:21,4.36,--,198,86380,买盘
840,13:09:16,4.36,--,3,1308,买盘
841,13:09:11,4.36,-0.01,45,20003,卖盘
842,13:09:06,4.37,--,90,39330,买盘
843,13:09:01,4.37,0.01,7,3059,买盘
844,13:08:56,4.36,-0.01,39,17004,卖盘
845,13:08:51,4.37,--,12,5244,买盘
846,13:08:41,4.37,0.01,2,874,买盘
847,13:08:36,4.36,--,100,43600,卖盘
848,13:08:31,4.36,--,1,436,卖盘
849,13:08:26,4.36,--,121,52756,卖盘
850,13:08:21,4.36,--,107,46704,买盘
851,13:08:11,4.36,--,209,91193,卖盘
852,13:07:56,4.36,--,6,2616,卖盘
853,13:07:51,4.36,--,47,20492,卖盘
854,13:07:46,4.36,-0.01,289,126004,卖盘
855,13:07:36,4.37,0.01,84,36708,买盘
856,13:07:26,4.36,--,1,436,卖盘
857,13:07:21,4.36,0.01,421,183922,买盘
858,13:07:06,4.35,-0.01,100,43500,卖盘
859,13:07:01,4.36,--,666,290376,买盘
860,13:06:56,4.36,0.01,15,6540,买盘
861,13:06:46,4.35,--,6,2610,卖盘
862,13:06:41,4.35,-0.01,18,7829,卖盘
863,13:06:36,4.36,--,86,37496,买盘
864,13:06:31,4.36,0.01,21,9156,买盘
865,13:06:26,4.35,--,30,13049,卖盘
866,13:06:15,4.35,-0.01,10,4350,卖盘
867,13:06:11,4.36,0.01,7,3052,买盘
868,13:06:05,4.35,-0.01,110,47849,卖盘
869,13:06:00,4.36,0.01,140,61040,买盘
870,13:05:55,4.35,--,185,80475,卖盘
871,13:05:40,4.35,-0.01,207,90044,卖盘
872,13:05:26,4.36,--,10,4360,买盘
873,13:05:19,4.36,--,24,10464,买盘
874,13:05:16,4.36,--,7,3052,买盘
875,13:05:09,4.36,0.01,7,3052,买盘
876,13:05:05,4.35,-0.01,13,5654,卖盘
877,13:04:55,4.36,0.01,14,6104,买盘
878,13:04:49,4.35,-0.01,2,869,卖盘
879,13:04:45,4.36,--,102,44472,买盘
880,13:04:35,4.36,--,142,61912,买盘
881,13:04:25,4.36,0.01,1,436,买盘
882,13:04:19,4.35,--,0,0,中性盘
883,13:04:15,4.35,--,17,7394,买盘
884,13:04:05,4.35,-0.01,289,125714,卖盘
885,13:04:00,4.36,--,53,23108,买盘
886,13:03:40,4.36,--,7,3052,买盘
887,13:03:35,4.36,--,100,43600,买盘
888,13:03:19,4.36,--,24,10464,买盘
889,13:03:05,4.36,--,167,72812,买盘
890,13:03:00,4.36,0.01,271,118156,买盘
891,13:02:55,4.35,--,29,12614,卖盘
892,13:02:45,4.35,-0.01,10,4350,卖盘
893,13:02:39,4.36,--,3,1308,买盘
894,13:02:34,4.36,0.01,15,6540,买盘
895,13:02:30,4.35,--,7,3044,卖盘
896,13:02:25,4.35,-0.01,3,1305,卖盘
897,13:02:15,4.36,0.01,3,1308,买盘
898,13:02:04,4.35,-0.01,51,22185,卖盘
899,13:02:00,4.36,0.01,88,38368,买盘
900,13:01:49,4.35,--,218,94829,卖盘
901,13:01:40,4.35,-0.01,30,13049,卖盘
902,13:01:34,4.36,--,84,36624,买盘
903,13:01:25,4.36,--,139,60604,买盘
904,13:01:19,4.36,--,114,49704,买盘
905,13:01:15,4.36,--,87,37932,买盘
906,13:01:10,4.36,--,230,100280,买盘
907,13:01:04,4.36,--,551,240236,买盘
908,13:01:00,4.36,--,27,11772,买盘
909,13:00:55,4.36,--,0,0,买盘
910,13:00:39,4.36,--,1016,442976,买盘
911,13:00:34,4.36,--,36,15696,买盘
912,13:00:30,4.36,--,6,2616,买盘
913,13:00:25,4.36,--,304,132544,买盘
914,13:00:19,4.36,--,308,134288,买盘
915,13:00:15,4.36,--,66,28776,买盘
916,13:00:10,4.36,0.01,156,68016,买盘
917,13:00:05,4.35,--,919,399764,买盘
918,11:30:00,4.35,--,0,0,买盘
919,11:30:00,4.35,--,0,0,买盘
920,11:29:59,4.35,--,68,29579,买盘
921,11:29:51,4.35,--,531,230984,买盘
922,11:29:46,4.35,--,4,1739,买盘
923,11:29:41,4.35,--,56,24359,买盘
924,11:29:35,4.35,--,132,57419,买盘
925,11:29:26,4.35,--,63,27404,买盘
926,11:29:20,4.35,--,67,29144,买盘
927,11:29:16,4.35,--,56,24359,买盘
928,11:29:10,4.35,--,68,29579,买盘
929,11:28:55,4.35,--,71,30884,买盘
930,11:28:45,4.35,0.01,107,46544,买盘
931,11:28:40,4.34,-0.01,226,98084,卖盘
932,11:28:35,4.35,--,85,36975,买盘
933,11:28:30,4.35,--,5,2175,买盘
934,11:28:25,4.35,--,88,38280,买盘
935,11:28:20,4.35,--,12,5220,买盘
936,11:28:15,4.35,--,26,11309,买盘
937,11:28:10,4.35,--,2,869,买盘
938,11:27:55,4.35,--,14,6089,买盘
939,11:27:45,4.35,0.01,57,24794,买盘
940,11:27:40,4.34,--,20,8680,卖盘
941,11:27:35,4.34,--,337,146258,买盘
942,11:27:25,4.34,0.01,13,5642,买盘
943,11:27:20,4.33,-0.01,25,10825,卖盘
944,11:27:10,4.34,--,24,10416,买盘
945,11:27:05,4.34,--,106,46004,买盘
946,11:27:00,4.34,--,7,3038,买盘
947,11:26:45,4.34,--,21,9114,买盘
948,11:26:40,4.34,-0.01,972,421848,卖盘
949,11:26:35,4.35,--,14,6089,买盘
950,11:26:30,4.35,--,34,14789,买盘
951,11:26:25,4.35,--,7,3044,买盘
952,11:26:20,4.35,--,24,10440,买盘
953,11:26:15,4.35,0.01,7,3044,买盘
954,11:26:10,4.34,-0.01,89,38626,卖盘
955,11:26:05,4.35,0.01,5,2175,买盘
956,11:26:00,4.34,-0.01,1,434,卖盘
957,11:25:35,4.35,0.01,85,36975,买盘
958,11:25:10,4.34,-0.01,111,48174,卖盘
959,11:25:00,4.35,--,22,9570,买盘
960,11:24:50,4.35,--,50,21750,买盘
961,11:24:15,4.35,--,103,44804,买盘
962,11:24:05,4.35,0.01,86,37410,买盘
963,11:23:55,4.34,--,3,1302,卖盘
964,11:23:45,4.34,--,15,6510,卖盘
965,11:23:40,4.34,-0.02,89,38626,卖盘
966,11:23:35,4.36,0.03,1287,561132,买盘
967,11:23:20,4.33,--,0,0,卖盘
968,11:23:05,4.33,--,3,1299,卖盘
969,11:22:34,4.33,-0.01,118,51094,卖盘
970,11:22:29,4.34,-0.01,21,9114,中性盘
971,11:22:14,4.35,--,0,0,买盘
972,11:22:09,4.35,--,100,43500,买盘
973,11:22:04,4.35,--,0,0,买盘
974,11:21:59,4.35,0.01,41,17835,买盘
975,11:21:54,4.34,-0.01,68,29512,买盘
976,11:21:39,4.35,--,0,0,买盘
977,11:21:24,4.35,--,178,77430,买盘
978,11:21:14,4.35,--,130,56549,买盘
979,11:21:09,4.35,--,101,43935,买盘
980,11:21:04,4.35,0.01,85,36975,买盘
981,11:20:54,4.34,--,20,8680,买盘
982,11:20:49,4.34,--,11,4774,买盘
983,11:20:39,4.34,-0.01,5,2170,卖盘
984,11:20:34,4.35,0.01,24,10440,买盘
985,11:20:24,4.34,-0.01,25,10850,卖盘
986,11:20:19,4.35,--,4,1739,买盘
987,11:20:13,4.35,0.01,109,47414,买盘
988,11:20:04,4.34,--,107,46438,买盘
989,11:19:53,4.34,--,1,434,买盘
990,11:19:49,4.34,-0.01,391,169694,卖盘
991,11:19:34,4.35,0.01,112,48719,买盘
992,11:19:24,4.34,-0.01,28,12152,卖盘
993,11:19:19,4.35,0.01,19,8265,买盘
994,11:18:49,4.34,-0.01,57,24738,卖盘
995,11:18:38,4.35,--,36,15659,买盘
996,11:18:34,4.35,--,14,6089,买盘
997,11:18:28,4.35,--,40,17400,买盘
998,11:18:23,4.35,--,83,36105,卖盘
999,11:18:19,4.35,--,95,41325,买盘
1000,11:18:13,4.35,--,39,16965,买盘
1001,11:18:08,4.35,-0.01,355,154425,卖盘
1002,11:18:04,4.36,0.01,282,122952,买盘
1003,11:17:58,4.35,--,533,231854,卖盘
1004,11:17:53,4.35,--,22,9570,卖盘
1005,11:17:49,4.35,-0.01,57,24794,卖盘
1006,11:17:38,4.36,--,100,43600,买盘
1007,11:17:23,4.36,0.01,1,436,买盘
1008,11:17:08,4.35,--,541,235334,买盘
1009,11:17:04,4.35,--,134,58289,买盘
1010,11:16:49,4.35,0.01,100,43500,买盘
1011,11:16:34,4.34,--,1011,438774,买盘
1012,11:16:23,4.34,--,200,86800,买盘
1013,11:16:19,4.34,--,177,76818,买盘
1014,11:16:13,4.34,--,16,6944,买盘
1015,11:16:04,4.34,--,72,31248,买盘
1016,11:15:53,4.34,--,72,31248,买盘
1017,11:15:43,4.34,--,9,3906,买盘
1018,11:15:38,4.34,--,10,4340,买盘
1019,11:15:28,4.34,--,7,3038,买盘
1020,11:15:23,4.34,--,40,17360,买盘
1021,11:15:18,4.34,--,7,3038,买盘
1022,11:15:13,4.34,--,6,2604,买盘
1023,11:15:08,4.34,--,19,8246,买盘
1024,11:15:04,4.34,--,265,115010,买盘
1025,11:14:58,4.34,--,7,3038,买盘
1026,11:14:48,4.34,--,21,9114,买盘
1027,11:14:43,4.34,0.01,50,21700,买盘
1028,11:14:38,4.33,-0.01,48,20784,卖盘
1029,11:14:32,4.34,0.01,72,31248,买盘
1030,11:14:28,4.33,-0.01,10,4330,卖盘
1031,11:14:23,4.34,0.01,84,36456,买盘
1032,11:14:17,4.33,-0.01,38,16454,卖盘
1033,11:14:13,4.34,0.01,24,10416,买盘
1034,11:14:07,4.33,--,46,19918,买盘
1035,11:13:52,4.33,--,81,35073,卖盘
1036,11:13:37,4.33,--,10,4330,卖盘
1037,11:13:32,4.33,0.01,108,46764,买盘
1038,11:13:02,4.32,-0.02,48,20736,卖盘
1039,11:12:47,4.34,0.01,110,47740,买盘
1040,11:12:43,4.33,--,20,8660,卖盘
1041,11:12:37,4.33,--,4,1732,卖盘
1042,11:12:32,4.33,--,372,161076,卖盘
1043,11:12:28,4.33,--,600,259800,卖盘
1044,11:12:07,4.33,-0.01,6,2598,卖盘
1045,11:12:02,4.34,0.01,85,36890,买盘
1046,11:11:32,4.33,-0.01,20,8660,卖盘
1047,11:11:28,4.34,--,26,11284,买盘
1048,11:11:17,4.34,0.01,2,868,中性盘
1049,11:11:13,4.33,--,496,214768,卖盘
1050,11:11:07,4.33,-0.01,26,11258,卖盘
1051,11:11:02,4.34,--,20,8680,买盘
1052,11:10:58,4.34,--,20,8680,买盘
1053,11:10:47,4.34,--,300,130200,买盘
1054,11:10:43,4.34,0.01,94,40796,买盘
1055,11:10:32,4.33,-0.01,101,43733,卖盘
1056,11:10:17,4.34,0.01,151,65534,买盘
1057,11:10:13,4.33,-0.01,25,10825,卖盘
1058,11:10:07,4.34,--,200,86800,买盘
1059,11:10:02,4.34,--,3,1302,买盘
1060,11:09:58,4.34,--,8,3472,买盘
1061,11:09:47,4.34,0.01,8,3472,买盘
1062,11:09:43,4.33,-0.01,225,97425,卖盘
1063,11:09:37,4.34,--,11,4774,买盘
1064,11:09:28,4.34,--,7,3038,买盘
1065,11:09:13,4.34,--,65,28210,买盘
1066,11:09:02,4.34,--,85,36890,买盘
1067,11:08:58,4.34,--,20,8680,买盘
1068,11:08:47,4.34,--,20,8680,买盘
1069,11:08:42,4.34,--,432,187488,买盘
1070,11:08:37,4.34,--,27,11718,买盘
1071,11:08:32,4.34,--,7,3038,买盘
1072,11:08:22,4.34,--,12,5208,买盘
1073,11:08:07,4.34,0.01,7,3038,买盘
1074,11:08:02,4.33,--,238,103054,买盘
1075,11:07:57,4.33,--,613,265429,买盘
1076,11:07:52,4.33,--,7,3031,买盘
1077,11:07:42,4.33,--,84,36372,买盘
1078,11:07:37,4.33,--,84,36372,买盘
1079,11:07:32,4.33,--,90,38970,买盘
1080,11:07:27,4.33,--,5,2165,买盘
1081,11:07:07,4.33,--,15,6495,买盘
1082,11:06:56,4.33,0.01,10,4330,买盘
1083,11:06:52,4.32,-0.01,20,8640,卖盘
1084,11:06:47,4.33,0.01,2,866,买盘
1085,11:06:32,4.32,-0.01,20,8640,卖盘
1086,11:06:26,4.33,--,40,17320,买盘
1087,11:06:02,4.33,--,85,36805,买盘
1088,11:05:56,4.33,--,100,43300,买盘
1089,11:05:46,4.33,--,10,4330,买盘
1090,11:05:41,4.33,--,1,433,买盘
1091,11:05:01,4.33,0.01,182,78806,买盘
1092,11:04:52,4.32,-0.01,20,8640,卖盘
1093,11:04:37,4.33,0.01,85,36805,买盘
1094,11:04:26,4.32,-0.01,14,6048,卖盘
1095,11:04:22,4.33,0.01,19,8227,买盘
1096,11:04:11,4.32,-0.01,7,3024,卖盘
1097,11:04:07,4.33,--,20,8660,买盘
1098,11:03:26,4.33,--,67,29011,买盘
1099,11:03:22,4.33,0.01,12,5196,买盘
1100,11:03:11,4.32,-0.01,40,17280,卖盘
1101,11:03:07,4.33,0.01,85,36805,买盘
1102,11:02:52,4.32,-0.01,425,183600,卖盘
1103,11:02:46,4.33,--,10,4330,买盘
1104,11:02:31,4.33,--,7,3031,买盘
1105,11:02:21,4.33,--,100,43300,买盘
1106,11:02:07,4.33,0.01,3,1299,买盘
1107,11:01:56,4.32,--,19,8208,卖盘
1108,11:01:52,4.32,-0.01,20,8640,卖盘
1109,11:01:41,4.33,--,12,5196,买盘
1110,11:01:36,4.33,0.01,46,19918,买盘
1111,11:01:21,4.32,--,129,55728,买盘
1112,11:01:16,4.32,--,46,19872,买盘
1113,11:01:11,4.32,-0.01,205,88560,卖盘
1114,11:01:06,4.33,0.02,3,1299,买盘
1115,11:01:01,4.31,-0.02,18,7757,卖盘
1116,11:00:56,4.33,--,429,185757,买盘
1117,11:00:51,4.33,--,12,5196,买盘
1118,11:00:41,4.33,--,212,91796,买盘
1119,11:00:36,4.33,0.01,100,43300,买盘
1120,11:00:31,4.32,--,14,6048,买盘
1121,11:00:26,4.32,--,270,116640,买盘
1122,11:00:21,4.32,--,14,6048,买盘
1123,11:00:16,4.32,--,50,21600,买盘
1124,11:00:06,4.32,--,85,36720,买盘
1125,10:59:56,4.32,--,53,22896,买盘
1126,10:59:51,4.32,--,18,7776,买盘
1127,10:59:26,4.32,--,80,34560,卖盘
1128,10:59:06,4.32,--,225,97200,卖盘
1129,10:58:56,4.32,--,46,19872,卖盘
1130,10:58:35,4.32,--,115,49680,卖盘
1131,10:58:25,4.32,--,35,15120,卖盘
1132,10:58:20,4.32,--,41,17712,卖盘
1133,10:58:05,4.32,--,100,43200,卖盘
1134,10:57:46,4.32,--,660,285120,买盘
1135,10:57:35,4.32,--,20,8640,买盘
1136,10:57:05,4.32,--,98,42336,买盘
1137,10:56:31,4.32,--,8,3456,买盘
1138,10:56:10,4.32,0.01,850,367200,买盘
1139,10:56:05,4.31,-0.01,4,1723,卖盘
1140,10:56:01,4.32,--,23,9936,买盘
1141,10:55:45,4.32,--,66,28512,买盘
1142,10:55:35,4.32,0.01,85,36720,买盘
1143,10:55:05,4.31,--,94,40686,买盘
1144,10:54:50,4.31,--,288,124127,买盘
1145,10:54:46,4.31,--,61,26290,买盘
1146,10:54:35,4.31,--,52,22411,买盘
1147,10:54:30,4.31,--,20,8620,买盘
1148,10:54:20,4.31,0.01,95,40944,买盘
1149,10:54:15,4.3,-0.01,1,430,卖盘
1150,10:54:05,4.31,--,85,36635,买盘
1151,10:53:30,4.31,0.01,23,9913,买盘
1152,10:53:25,4.3,--,47,20210,买盘
1153,10:53:20,4.3,--,68,29240,买盘
1154,10:53:15,4.3,0.01,25,10750,买盘
1155,10:53:10,4.29,-0.01,3,1287,卖盘
1156,10:52:55,4.3,--,34,14620,买盘
1157,10:52:50,4.3,0.01,233,100190,卖盘
1158,10:52:35,4.29,--,0,0,卖盘
1159,10:52:30,4.29,-0.01,84,36036,卖盘
1160,10:52:15,4.3,0.01,250,107500,买盘
1161,10:52:05,4.29,--,3,1287,卖盘
1162,10:51:55,4.29,--,30,12870,卖盘
1163,10:51:44,4.29,-0.01,25,10725,卖盘
1164,10:51:25,4.3,--,2,860,买盘
1165,10:51:10,4.3,--,17,7310,买盘
1166,10:51:05,4.3,--,96,41280,买盘
1167,10:50:59,4.3,--,33,14190,买盘
1168,10:50:55,4.3,--,17,7310,买盘
1169,10:50:50,4.3,--,56,24505,卖盘
1170,10:50:44,4.3,--,150,64500,卖盘
1171,10:50:40,4.3,--,642,276064,卖盘
1172,10:50:34,4.3,--,11,4730,卖盘
1173,10:50:14,4.3,--,626,269180,卖盘
1174,10:49:59,4.3,-0.01,48,20640,卖盘
1175,10:49:55,4.31,0.01,12,5171,买盘
1176,10:49:44,4.3,-0.01,4,1720,卖盘
1177,10:49:34,4.31,0.01,85,36635,买盘
1178,10:49:25,4.3,-0.01,50,21500,卖盘
1179,10:49:10,4.31,--,563,242652,卖盘
1180,10:48:59,4.31,--,313,134903,卖盘
1181,10:48:44,4.31,--,300,129299,卖盘
1182,10:48:39,4.31,-0.01,7,3016,卖盘
1183,10:48:14,4.32,--,6,2592,买盘
1184,10:48:04,4.32,0.01,85,36720,买盘
1185,10:47:54,4.31,--,2,861,卖盘
1186,10:47:49,4.31,--,20,8620,卖盘
1187,10:47:39,4.31,--,13,5602,卖盘
1188,10:47:29,4.31,--,1,430,卖盘
1189,10:47:14,4.31,--,174,74994,卖盘
1190,10:46:44,4.31,-0.01,12,5171,卖盘
1191,10:46:34,4.32,--,115,49680,买盘
1192,10:45:19,4.32,--,30,12960,买盘
1193,10:45:04,4.32,0.01,85,36720,买盘
1194,10:44:44,4.31,--,15,6464,卖盘
1195,10:44:29,4.31,--,15,6464,卖盘
1196,10:43:54,4.31,--,25,10774,卖盘
1197,10:43:44,4.31,-0.01,255,109904,卖盘
1198,10:43:34,4.32,0.01,85,36720,买盘
1199,10:43:19,4.31,--,300,129299,卖盘
1200,10:42:53,4.31,--,237,102146,卖盘
1201,10:42:38,4.31,0.01,183,78873,买盘
1202,10:42:28,4.3,-0.01,132,56760,卖盘
1203,10:42:13,4.31,--,41,17671,买盘
1204,10:42:04,4.31,--,85,36635,买盘
1205,10:41:58,4.31,--,49,21118,买盘
1206,10:41:53,4.31,--,46,19826,买盘
1207,10:41:49,4.31,0.01,238,102577,买盘
1208,10:41:38,4.3,-0.01,30,12900,卖盘
1209,10:41:34,4.31,0.01,50,21549,买盘
1210,10:41:18,4.3,--,100,43000,卖盘
1211,10:41:13,4.3,-0.01,20,8600,卖盘
1212,10:40:53,4.31,--,6,2585,买盘
1213,10:40:48,4.31,--,100,43099,买盘
1214,10:40:38,4.31,-0.01,13,5602,卖盘
1215,10:40:33,4.32,0.01,85,36720,买盘
1216,10:40:18,4.31,0.01,15,6464,买盘
1217,10:40:08,4.3,-0.01,650,279500,卖盘
1218,10:40:03,4.31,--,5,2155,买盘
1219,10:39:58,4.31,--,0,0,中性盘
1220,10:39:53,4.31,--,29,12498,卖盘
1221,10:39:43,4.31,--,17,7326,卖盘
1222,10:39:28,4.31,0.01,10,4310,买盘
1223,10:39:08,4.3,--,90,38700,卖盘
1224,10:39:03,4.3,-0.01,103,44290,卖盘
1225,10:38:53,4.31,--,5,2155,买盘
1226,10:38:48,4.31,0.01,72,31031,买盘
1227,10:38:38,4.3,-0.01,85,36550,卖盘
1228,10:38:33,4.31,--,6,2585,买盘
1229,10:38:28,4.31,--,5,2155,卖盘
1230,10:38:23,4.31,--,1267,546077,卖盘
1231,10:38:18,4.31,--,27,11636,卖盘
1232,10:38:03,4.31,--,440,189639,卖盘
1233,10:37:53,4.31,--,194,83613,卖盘
1234,10:37:48,4.31,-0.01,57,24566,卖盘
1235,10:37:43,4.32,0.01,4,1728,买盘
1236,10:37:38,4.31,--,115,49564,卖盘
1237,10:37:33,4.31,--,120,51719,卖盘
1238,10:37:28,4.31,--,20,8620,卖盘
1239,10:37:23,4.31,--,207,89216,卖盘
1240,10:36:58,4.31,--,10,4310,卖盘
1241,10:36:48,4.31,--,39,16809,卖盘
1242,10:36:33,4.31,--,20,8620,卖盘
1243,10:36:28,4.31,-0.01,6,2585,卖盘
1244,10:36:08,4.32,--,161,69552,买盘
1245,10:36:03,4.32,--,214,92448,买盘
1246,10:35:58,4.32,--,110,47520,买盘
1247,10:35:53,4.32,--,96,41472,买盘
1248,10:35:47,4.32,--,207,89424,买盘
1249,10:35:43,4.32,0.01,76,32832,买盘
1250,10:35:38,4.31,-0.01,189,81458,卖盘
1251,10:35:28,4.32,--,1059,457488,卖盘
1252,10:34:37,4.32,-0.01,1,432,卖盘
1253,10:34:32,4.33,0.01,85,36805,买盘
1254,10:34:27,4.32,-0.01,3,1296,卖盘
1255,10:34:02,4.33,0.01,31,13423,买盘
1256,10:33:57,4.32,--,3,1296,卖盘
1257,10:33:52,4.32,--,21,9072,卖盘
1258,10:33:47,4.32,--,10,4320,卖盘
1259,10:33:37,4.32,-0.01,1,432,卖盘
1260,10:33:32,4.33,0.01,3,1299,买盘
1261,10:33:27,4.32,-0.01,306,132192,卖盘
1262,10:33:02,4.33,0.01,85,36805,买盘
1263,10:32:46,4.32,--,213,92016,卖盘
1264,10:32:42,4.32,-0.01,20,8640,卖盘
1265,10:32:17,4.33,--,28,12124,买盘
1266,10:32:12,4.33,--,50,21650,买盘
1267,10:31:57,4.33,--,100,43300,买盘
1268,10:31:37,4.33,-0.01,193,83569,卖盘
1269,10:31:32,4.34,0.01,85,36890,买盘
1270,10:31:27,4.33,--,3,1299,卖盘
1271,10:31:12,4.33,--,31,13423,卖盘
1272,10:30:57,4.33,--,198,85734,卖盘
1273,10:30:52,4.33,-0.01,35,15155,卖盘
1274,10:30:46,4.34,--,108,46872,买盘
1275,10:30:42,4.34,0.01,1,434,买盘
1276,10:30:27,4.33,--,90,38970,卖盘
1277,10:30:22,4.33,-0.01,70,30310,卖盘
1278,10:30:17,4.34,0.01,22,9548,买盘
1279,10:30:12,4.33,-0.01,10,4330,卖盘
1280,10:30:07,4.34,--,51,22134,买盘
1281,10:30:02,4.34,0.01,135,58590,买盘
1282,10:29:57,4.33,--,200,86600,卖盘
1283,10:29:52,4.33,--,49,21217,卖盘
1284,10:29:46,4.33,--,456,197448,卖盘
1285,10:29:31,4.33,--,300,129900,卖盘
1286,10:29:17,4.33,--,7,3031,卖盘
1287,10:29:12,4.33,-0.01,100,43300,卖盘
1288,10:29:07,4.34,0.01,143,62062,买盘
1289,10:29:01,4.33,-0.01,7,3031,卖盘
1290,10:28:57,4.34,0.01,105,45570,买盘
1291,10:28:52,4.33,-0.01,76,32908,卖盘
1292,10:28:46,4.34,--,159,69006,买盘
1293,10:28:42,4.34,0.01,145,62930,买盘
1294,10:28:37,4.33,-0.01,3,1299,卖盘
1295,10:28:32,4.34,--,158,68572,买盘
1296,10:28:26,4.34,--,100,43400,买盘
1297,10:28:21,4.34,--,72,31248,买盘
1298,10:28:16,4.34,--,81,35154,买盘
1299,10:28:11,4.34,0.01,180,78120,买盘
1300,10:28:06,4.33,--,2,866,卖盘
1301,10:28:01,4.33,-0.01,45,19485,卖盘
1302,10:27:57,4.34,0.01,5,2170,买盘
1303,10:27:51,4.33,--,2,866,卖盘
1304,10:27:46,4.33,--,82,35506,卖盘
1305,10:27:40,4.33,--,82,35506,卖盘
1306,10:27:37,4.33,-0.01,60,25980,卖盘
1307,10:27:25,4.34,--,20,8680,买盘
1308,10:27:21,4.34,0.01,61,26474,买盘
1309,10:27:16,4.33,-0.01,79,34207,卖盘
1310,10:27:06,4.34,0.01,161,69874,买盘
1311,10:26:55,4.33,--,592,256336,卖盘
1312,10:26:51,4.33,--,18,7794,卖盘
1313,10:26:40,4.33,-0.01,5,2165,卖盘
1314,10:26:36,4.34,--,52,22568,买盘
1315,10:26:21,4.34,--,112,48608,买盘
1316,10:26:16,4.34,--,76,32984,买盘
1317,10:26:10,4.34,0.01,75,32550,买盘
1318,10:26:06,4.33,--,300,129900,卖盘
1319,10:25:46,4.33,-0.01,50,21650,卖盘
1320,10:25:36,4.34,0.01,140,60760,买盘
1321,10:25:21,4.33,-0.01,30,12990,卖盘
1322,10:25:10,4.34,--,3,1302,买盘
1323,10:24:55,4.34,--,1,434,买盘
1324,10:24:51,4.34,--,9,3906,买盘
1325,10:24:46,4.34,0.01,2,868,买盘
1326,10:24:36,4.33,-0.01,82,35506,卖盘
1327,10:24:31,4.34,--,20,8680,买盘
1328,10:24:21,4.34,0.01,58,25172,买盘
1329,10:24:16,4.33,-0.01,50,21650,卖盘
1330,10:24:06,4.34,0.01,85,36890,买盘
1331,10:23:21,4.33,--,50,21650,卖盘
1332,10:23:10,4.33,--,60,25980,卖盘
1333,10:23:06,4.33,-0.01,7,3031,卖盘
1334,10:23:01,4.34,--,10,4340,买盘
1335,10:22:36,4.34,0.01,85,36890,买盘
1336,10:22:16,4.33,--,82,35506,卖盘
1337,10:21:46,4.33,-0.01,67,29011,卖盘
1338,10:21:40,4.34,--,4,1736,买盘
1339,10:21:30,4.34,0.01,15,6510,买盘
1340,10:21:15,4.33,--,10,4330,卖盘
1341,10:21:05,4.33,--,135,58455,卖盘
1342,10:20:55,4.33,--,50,21650,卖盘
1343,10:20:45,4.33,--,70,30310,卖盘
1344,10:20:40,4.33,--,4,1732,卖盘
1345,10:20:10,4.33,--,20,8660,卖盘
1346,10:19:40,4.33,-0.01,1,433,卖盘
1347,10:19:34,4.34,0.01,85,36890,买盘
1348,10:19:25,4.33,--,300,129900,卖盘
1349,10:19:04,4.33,--,17,7361,卖盘
1350,10:19:00,4.33,-0.01,30,12990,卖盘
1351,10:18:49,4.34,--,56,24304,买盘
1352,10:18:45,4.34,--,182,78988,买盘
1353,10:18:34,4.34,0.01,1,434,买盘
1354,10:18:15,4.33,--,7,3031,卖盘
1355,10:18:10,4.33,-0.01,50,21650,卖盘
1356,10:18:04,4.34,0.01,101,43834,买盘
1357,10:18:00,4.33,-0.01,113,48929,卖盘
1358,10:17:45,4.34,0.01,30,13020,买盘
1359,10:17:40,4.33,--,7,3031,卖盘
1360,10:17:34,4.33,-0.01,14,6062,卖盘
1361,10:17:30,4.34,0.01,20,8680,买盘
1362,10:17:25,4.33,--,50,21650,卖盘
1363,10:17:19,4.33,--,13,5629,卖盘
1364,10:17:04,4.33,--,446,193118,买盘
1365,10:17:00,4.33,0.01,60,25980,买盘
1366,10:16:49,4.32,-0.01,29,12528,卖盘
1367,10:16:40,4.33,--,6,2598,买盘
1368,10:16:34,4.33,--,235,101755,买盘
1369,10:16:30,4.33,--,1,433,买盘
1370,10:16:19,4.33,--,2,866,买盘
1371,10:16:15,4.33,0.01,125,54125,买盘
1372,10:16:10,4.32,-0.01,30,12960,卖盘
1373,10:15:59,4.33,--,57,24681,买盘
1374,10:15:49,4.33,--,18,7794,买盘
1375,10:15:45,4.33,0.01,118,51094,买盘
1376,10:15:40,4.32,--,19,8208,卖盘
1377,10:15:29,4.32,-0.01,338,146016,卖盘
1378,10:15:25,4.33,--,128,55424,买盘
1379,10:15:19,4.33,--,45,19485,买盘
1380,10:15:04,4.33,0.01,85,36805,买盘
1381,10:14:49,4.32,-0.01,6,2592,卖盘
1382,10:14:44,4.33,0.01,50,21650,买盘
1383,10:14:34,4.32,--,46,19872,卖盘
1384,10:14:24,4.32,--,22,9504,卖盘
1385,10:14:19,4.32,--,33,14256,卖盘
1386,10:13:54,4.32,--,10,4320,卖盘
1387,10:13:34,4.32,--,118,50976,卖盘
1388,10:13:19,4.32,--,51,22032,卖盘
1389,10:12:58,4.32,--,25,10800,卖盘
1390,10:12:54,4.32,--,100,43200,卖盘
1391,10:12:49,4.32,--,120,51840,卖盘
1392,10:12:43,4.32,--,612,264384,买盘
1393,10:12:39,4.32,--,1,432,买盘
1394,10:12:24,4.32,--,1,432,买盘
1395,10:12:04,4.32,--,85,36720,买盘
1396,10:11:58,4.32,--,9,3888,买盘
1397,10:11:54,4.32,--,48,20736,买盘
1398,10:11:49,4.32,--,17,7344,买盘
1399,10:11:43,4.32,--,172,74304,卖盘
1400,10:11:34,4.32,--,111,47952,卖盘
1401,10:11:28,4.32,-0.01,84,36288,卖盘
1402,10:11:24,4.33,0.01,16,6928,买盘
1403,10:11:13,4.32,--,130,56160,卖盘
1404,10:10:58,4.32,--,37,15984,卖盘
1405,10:10:53,4.32,--,25,10800,卖盘
1406,10:10:49,4.32,--,1,432,卖盘
1407,10:10:43,4.32,--,30,12960,卖盘
1408,10:10:39,4.32,--,1078,465696,卖盘
1409,10:10:34,4.32,--,17,7344,卖盘
1410,10:10:28,4.32,--,701,302832,卖盘
1411,10:10:23,4.32,--,7,3024,卖盘
1412,10:10:19,4.32,--,1214,524448,买盘
1413,10:10:13,4.32,--,100,43200,买盘
1414,10:10:09,4.32,--,300,129600,买盘
1415,10:09:53,4.32,--,141,60912,买盘
1416,10:09:38,4.32,0.01,182,78624,买盘
1417,10:09:33,4.31,--,30,12929,卖盘
1418,10:09:28,4.31,--,255,109904,卖盘
1419,10:09:08,4.31,--,134,57753,卖盘
1420,10:08:58,4.31,--,100,43099,卖盘
1421,10:08:43,4.31,-0.01,30,12929,卖盘
1422,10:08:38,4.32,0.01,3,1296,买盘
1423,10:08:23,4.31,--,92,39652,卖盘
1424,10:08:03,4.31,--,2,861,卖盘
1425,10:07:43,4.31,--,4,1723,卖盘
1426,10:07:38,4.31,-0.01,184,79304,卖盘
1427,10:07:28,4.32,--,313,135216,买盘
1428,10:07:23,4.32,--,39,16848,买盘
1429,10:07:18,4.32,--,29,12528,买盘
1430,10:07:13,4.32,--,109,47088,买盘
1431,10:06:43,4.32,0.01,350,151200,买盘
1432,10:06:33,4.31,-0.01,10,4310,卖盘
1433,10:06:18,4.32,--,60,25920,买盘
1434,10:06:13,4.32,--,2,864,买盘
1435,10:06:07,4.32,--,85,36720,买盘
1436,10:06:03,4.32,0.01,200,86400,买盘
1437,10:05:58,4.31,-0.01,90,38790,卖盘
1438,10:05:52,4.32,--,52,22464,买盘
1439,10:05:43,4.32,--,481,207792,买盘
1440,10:05:28,4.32,--,486,209952,买盘
1441,10:05:22,4.32,--,67,28944,买盘
1442,10:05:13,4.32,0.01,56,24192,买盘
1443,10:05:07,4.31,--,11,4741,卖盘
1444,10:05:03,4.31,-0.01,48,20687,卖盘
1445,10:04:52,4.32,--,30,12960,买盘
1446,10:04:33,4.32,--,85,36720,买盘
1447,10:04:07,4.32,--,250,108000,买盘
1448,10:04:03,4.32,--,5,2160,买盘
1449,10:03:58,4.32,--,319,137808,买盘
1450,10:03:48,4.32,--,22,9504,买盘
1451,10:03:43,4.32,-0.01,507,219024,卖盘
1452,10:03:02,4.33,0.01,85,36805,买盘
1453,10:02:52,4.32,--,410,177120,卖盘
1454,10:02:37,4.32,--,168,72576,买盘
1455,10:02:27,4.32,--,368,158976,买盘
1456,10:02:17,4.32,--,1304,563328,买盘
1457,10:02:07,4.32,--,588,254016,买盘
1458,10:02:02,4.32,--,1,432,买盘
1459,10:01:37,4.32,--,85,36720,买盘
1460,10:01:27,4.32,0.01,26,11232,买盘
1461,10:01:17,4.31,-0.01,205,88354,卖盘
1462,10:01:07,4.32,0.01,15,6480,买盘
1463,10:00:47,4.31,--,50,21549,卖盘
1464,10:00:37,4.31,--,21,9051,卖盘
1465,10:00:22,4.31,-0.01,42,18102,卖盘
1466,10:00:17,4.32,--,4,1728,买盘
1467,10:00:07,4.32,0.01,85,36720,买盘
1468,09:59:52,4.31,--,7,3016,卖盘
1469,09:59:47,4.31,-0.01,242,104301,卖盘
1470,09:59:37,4.32,--,9,3888,买盘
1471,09:59:32,4.32,--,1,432,买盘
1472,09:59:22,4.32,0.01,50,21600,买盘
1473,09:59:16,4.31,--,2,861,卖盘
1474,09:58:37,4.31,--,48,20687,卖盘
1475,09:58:22,4.31,-0.01,3,1292,卖盘
1476,09:57:57,4.32,--,9,3888,买盘
1477,09:57:46,4.32,--,39,16848,买盘
1478,09:57:31,4.32,0.01,276,119232,买盘
1479,09:57:27,4.31,-0.01,10,4310,卖盘
1480,09:57:16,4.32,--,4,1728,买盘
1481,09:57:07,4.32,--,20,8640,买盘
1482,09:57:01,4.32,--,269,116208,卖盘
1483,09:56:51,4.32,--,10,4320,卖盘
1484,09:56:46,4.32,--,5,2160,卖盘
1485,09:56:31,4.32,0.01,423,182736,买盘
1486,09:56:26,4.31,-0.01,50,21549,卖盘
1487,09:56:21,4.32,--,98,42336,买盘
1488,09:56:16,4.32,--,5,2160,买盘
1489,09:56:01,4.32,--,166,71712,买盘
1490,09:55:56,4.32,--,65,28080,买盘
1491,09:55:51,4.32,--,500,216000,买盘
1492,09:55:36,4.32,--,23,9936,卖盘
1493,09:55:26,4.32,--,211,91152,买盘
1494,09:55:16,4.32,--,10,4320,买盘
1495,09:55:11,4.32,--,103,44496,买盘
1496,09:55:06,4.32,--,19,8208,买盘
1497,09:55:01,4.32,--,15,6480,买盘
1498,09:54:46,4.32,--,296,127872,买盘
1499,09:54:41,4.32,--,507,219024,买盘
1500,09:54:26,4.32,--,2,864,买盘
1501,09:54:11,4.32,0.01,100,43200,买盘
1502,09:54:06,4.31,-0.01,2,861,卖盘
1503,09:53:56,4.32,0.01,91,39312,买盘
1504,09:53:46,4.31,--,10,4310,卖盘
1505,09:53:41,4.31,-0.01,83,35773,卖盘
1506,09:53:31,4.32,--,250,108000,买盘
1507,09:53:26,4.32,--,220,95040,买盘
1508,09:53:16,4.32,--,4,1728,买盘
1509,09:53:11,4.32,0.01,7,3024,买盘
1510,09:53:06,4.31,-0.01,160,68960,卖盘
1511,09:53:01,4.32,0.01,1504,649728,买盘
1512,09:52:56,4.31,-0.01,10,4310,卖盘
1513,09:52:46,4.32,0.01,106,45792,买盘
1514,09:52:41,4.31,--,42,18102,卖盘
1515,09:52:31,4.31,--,14,6033,卖盘
1516,09:52:25,4.31,--,83,35773,卖盘
1517,09:52:16,4.31,--,21,9051,卖盘
1518,09:52:10,4.31,--,27,11636,卖盘
1519,09:52:06,4.31,-0.01,100,43099,卖盘
1520,09:52:01,4.32,0.01,2,864,买盘
1521,09:51:55,4.31,--,82,35342,卖盘
1522,09:51:46,4.31,-0.01,430,185329,卖盘
1523,09:51:31,4.32,--,15,6480,买盘
1524,09:51:21,4.32,--,10,4320,买盘
1525,09:51:16,4.32,--,50,21600,买盘
1526,09:50:55,4.32,--,1769,764208,卖盘
1527,09:50:51,4.32,--,6,2592,卖盘
1528,09:50:46,4.32,--,110,47520,卖盘
1529,09:50:30,4.32,--,127,54864,卖盘
1530,09:50:20,4.32,-0.01,117,50544,卖盘
1531,09:50:15,4.33,0.01,18,7794,买盘
1532,09:50:05,4.32,--,453,195696,卖盘
1533,09:49:55,4.32,--,131,56592,卖盘
1534,09:49:50,4.32,-0.01,47,20304,卖盘
1535,09:49:45,4.33,--,140,60620,买盘
1536,09:49:40,4.33,0.01,111,48063,买盘
1537,09:49:35,4.32,-0.01,110,47520,卖盘
1538,09:49:29,4.33,-0.01,9,3897,中性盘
1539,09:49:25,4.34,--,326,141484,买盘
1540,09:49:10,4.34,0.01,300,130200,买盘
1541,09:49:05,4.33,--,590,255470,卖盘
1542,09:48:40,4.33,-0.01,2,866,卖盘
1543,09:48:35,4.34,--,39,16926,买盘
1544,09:48:30,4.34,--,50,21700,买盘
1545,09:48:20,4.34,--,5,2170,买盘
1546,09:48:10,4.34,0.01,2,868,买盘
1547,09:48:05,4.33,-0.01,2,866,卖盘
1548,09:48:00,4.34,--,624,270816,买盘
1549,09:47:55,4.34,--,31,13454,买盘
1550,09:47:50,4.34,0.01,93,40362,买盘
1551,09:47:40,4.33,--,30,12990,卖盘
1552,09:47:35,4.33,-0.01,1,433,卖盘
1553,09:47:25,4.34,0.01,1,434,买盘
1554,09:47:20,4.33,-0.01,10,4330,卖盘
1555,09:47:10,4.34,0.01,288,124992,买盘
1556,09:47:05,4.33,-0.01,19,8227,买盘
1557,09:47:00,4.34,--,0,0,买盘
1558,09:46:55,4.34,0.02,37,16058,买盘
1559,09:46:50,4.32,--,20,8640,卖盘
1560,09:46:40,4.32,-0.01,733,316656,卖盘
1561,09:46:35,4.33,--,248,107384,买盘
1562,09:46:25,4.33,0.01,95,41135,买盘
1563,09:46:15,4.32,0.01,500,216000,卖盘
1564,09:46:10,4.31,--,3010,1297309,卖盘
1565,09:46:00,4.31,--,6,2585,卖盘
1566,09:45:55,4.31,--,15,6464,卖盘
1567,09:45:50,4.31,--,564,243308,买盘
1568,09:45:45,4.31,--,83,35773,买盘
1569,09:45:34,4.31,--,164,70684,买盘
1570,09:45:04,4.31,--,1127,485943,卖盘
1571,09:45:00,4.31,--,100,43099,卖盘
1572,09:44:55,4.31,--,133,57322,卖盘
1573,09:44:49,4.31,--,59,25428,卖盘
1574,09:44:44,4.31,--,118,50857,卖盘
1575,09:44:40,4.31,--,216,93095,卖盘
1576,09:44:34,4.31,0.01,3245,1398819,买盘
1577,09:44:29,4.3,--,3,1290,卖盘
1578,09:44:25,4.3,--,144,61920,买盘
1579,09:44:19,4.3,--,752,323360,买盘
1580,09:44:14,4.3,--,40,17200,卖盘
1581,09:44:10,4.3,--,140,60200,卖盘
1582,09:44:04,4.3,-0.01,120,51600,卖盘
1583,09:43:59,4.31,--,1,430,买盘
1584,09:43:54,4.31,--,0,0,买盘
1585,09:43:49,4.31,--,83,35773,买盘
1586,09:43:44,4.31,--,2489,1073177,卖盘
1587,09:43:34,4.31,0.01,2510,1081822,买盘
1588,09:43:29,4.3,0.01,30,12900,买盘
1589,09:43:14,4.29,--,410,175890,卖盘
1590,09:43:04,4.29,-0.01,3,1287,卖盘
1591,09:42:59,4.3,-0.01,637,273910,卖盘
1592,09:42:44,4.31,--,643,277551,卖盘
1593,09:42:39,4.31,--,1500,646499,卖盘
1594,09:42:24,4.31,-0.01,313,134903,卖盘
1595,09:42:14,4.32,0.01,786,339552,买盘
1596,09:42:09,4.31,-0.01,488,210340,卖盘
1597,09:42:04,4.32,0.01,20,8640,买盘
1598,09:41:59,4.31,--,57,24566,卖盘
1599,09:41:49,4.31,-0.01,232,99991,卖盘
1600,09:41:44,4.32,0.01,1,432,买盘
1601,09:41:39,4.31,-0.01,126,54305,卖盘
1602,09:41:34,4.32,0.01,3,1296,买盘
1603,09:41:29,4.31,-0.01,400,172399,卖盘
1604,09:41:19,4.32,--,2,864,买盘
1605,09:41:04,4.32,--,24,10368,买盘
1606,09:40:54,4.32,--,325,140400,买盘
1607,09:40:49,4.32,--,77,33264,买盘
1608,09:40:34,4.32,-0.01,50,21600,买盘
1609,09:40:24,4.33,0.02,20,8660,买盘
1610,09:40:19,4.31,-0.01,151,65080,卖盘
1611,09:40:14,4.32,--,20,8640,卖盘
1612,09:40:09,4.32,0.01,969,418608,买盘
1613,09:40:04,4.31,-0.01,35,15084,卖盘
1614,09:39:59,4.32,--,30,12960,买盘
1615,09:39:49,4.32,0.01,15,6480,买盘
1616,09:39:34,4.31,--,3,1292,卖盘
1617,09:39:29,4.31,-0.01,145,62494,卖盘
1618,09:39:19,4.32,--,205,88560,买盘
1619,09:39:14,4.32,--,10,4320,买盘
1620,09:38:59,4.32,--,83,35856,买盘
1621,09:38:53,4.32,--,14,6048,买盘
1622,09:38:49,4.32,--,157,67824,卖盘
1623,09:38:43,4.32,--,160,69120,卖盘
1624,09:38:38,4.32,--,3,1296,卖盘
1625,09:38:33,4.32,--,899,388368,买盘
1626,09:38:28,4.32,0.01,124,53568,买盘
1627,09:38:23,4.31,-0.01,616,265496,卖盘
1628,09:38:18,4.32,0.01,296,127872,买盘
1629,09:38:13,4.31,--,17,7326,卖盘
1630,09:38:04,4.31,--,419,180588,卖盘
1631,09:37:58,4.31,-0.01,98,42237,卖盘
1632,09:37:53,4.32,0.01,91,39312,买盘
1633,09:37:48,4.31,-0.01,28,12067,卖盘
1634,09:37:43,4.32,--,163,70416,买盘
1635,09:37:38,4.32,--,400,172800,买盘
1636,09:37:33,4.32,0.01,6,2592,买盘
1637,09:37:23,4.31,--,40,17240,卖盘
1638,09:37:18,4.31,--,170,73270,卖盘
1639,09:37:13,4.31,--,60,25859,卖盘
1640,09:37:08,4.31,-0.01,10,4310,卖盘
1641,09:36:58,4.32,--,20,8640,买盘
1642,09:36:53,4.32,--,13,5616,买盘
1643,09:36:43,4.32,-0.01,384,165888,卖盘
1644,09:36:38,4.33,--,31,13423,买盘
1645,09:36:28,4.33,--,30,12990,买盘
1646,09:36:23,4.33,--,552,239016,买盘
1647,09:36:13,4.33,--,157,68292,卖盘
1648,09:36:02,4.33,0.01,558,241735,买盘
1649,09:35:58,4.32,-0.01,3,1296,卖盘
1650,09:35:53,4.33,--,10,4330,买盘
1651,09:35:43,4.33,0.01,556,240748,买盘
1652,09:35:38,4.32,-0.01,490,211991,卖盘
1653,09:35:28,4.33,--,3,1299,买盘
1654,09:35:23,4.33,--,29,12557,买盘
1655,09:35:17,4.33,0.01,3,1299,买盘
1656,09:35:02,4.32,--,184,79488,卖盘
1657,09:34:47,4.32,--,50,21600,卖盘
1658,09:34:43,4.32,--,43,18576,卖盘
1659,09:34:28,4.32,--,130,56160,卖盘
1660,09:34:23,4.32,0.01,791,341832,买盘
1661,09:34:17,4.31,-0.01,63,27152,卖盘
1662,09:34:13,4.32,--,50,21600,买盘
1663,09:33:58,4.32,0.01,122,52704,买盘
1664,09:33:53,4.31,0.01,822,354281,买盘
1665,09:33:43,4.3,--,160,68800,卖盘
1666,09:33:38,4.3,-0.01,11,4730,卖盘
1667,09:33:32,4.31,--,46,19826,买盘
1668,09:33:28,4.31,0.01,11,4741,买盘
1669,09:33:23,4.3,-0.01,100,43000,卖盘
1670,09:33:13,4.31,--,123,53012,买盘
1671,09:33:08,4.31,-0.01,3512,1513671,卖盘
1672,09:32:58,4.32,--,51,22032,买盘
1673,09:32:47,4.32,--,0,311,卖盘
1674,09:32:43,4.32,0.01,332,143544,买盘
1675,09:32:37,4.31,-0.01,21,9051,卖盘
1676,09:32:32,4.32,--,83,35856,买盘
1677,09:32:28,4.32,--,1020,440640,买盘
1678,09:32:23,4.32,--,11,4752,买盘
1679,09:32:13,4.32,0.01,13,5616,买盘
1680,09:32:07,4.31,--,1,430,卖盘
1681,09:32:02,4.31,0.02,528,227567,买盘
1682,09:31:58,4.29,--,90,38610,卖盘
1683,09:31:52,4.29,--,185,79365,卖盘
1684,09:31:47,4.29,0.01,535,229515,买盘
1685,09:31:42,4.28,-0.01,1350,577800,卖盘
1686,09:31:37,4.29,0.01,221,94809,买盘
1687,09:31:32,4.28,-0.01,55,23540,卖盘
1688,09:31:27,4.29,0.01,35,15015,买盘
1689,09:31:22,4.28,--,38,16264,卖盘
1690,09:31:17,4.28,--,382,163496,买盘
1691,09:31:12,4.28,0.01,429,183612,买盘
1692,09:31:07,4.27,--,523,223320,卖盘
1693,09:31:02,4.27,-0.01,19,8112,卖盘
1694,09:30:57,4.28,--,82,35096,买盘
1695,09:30:52,4.28,--,273,116844,卖盘
1696,09:30:47,4.28,--,9,3852,卖盘
1697,09:30:42,4.28,--,24,10272,买盘
1698,09:30:36,4.28,0.01,96,41088,买盘
1699,09:30:32,4.27,-0.01,101,43126,卖盘
1700,09:30:27,4.28,0.01,130,55640,买盘
1701,09:30:22,4.27,-0.01,20,8540,卖盘
1702,09:30:11,4.28,--,20,8560,买盘
1703,09:30:07,4.28,-0.01,4317,1847676,卖盘
1704,09:28:41,4.29,--,0,0,买盘
1705,09:25:05,4.29,4.29,3991,1712139,买盘
