,time,price,change,volume,amount,type
0,15:00:00,11.29,--,0,0,卖盘
1,15:00:00,11.29,-0.01,0,0,卖盘
2,15:00:00,11.3,--,71,80230,买盘
3,14:59:57,11.3,0.01,23,25990,买盘
4,14:59:52,11.29,--,121,136609,卖盘
5,14:59:47,11.29,--,60,67740,卖盘
6,14:59:42,11.29,-0.01,50,56449,卖盘
7,14:59:37,11.3,0.01,101,114130,买盘
8,14:59:32,11.29,-0.01,145,163705,卖盘
9,14:59:27,11.3,0.01,73,82490,买盘
10,14:59:22,11.29,--,195,220154,卖盘
11,14:59:17,11.29,--,123,138867,卖盘
12,14:59:12,11.29,--,32,36128,卖盘
13,14:59:07,11.29,--,35,39515,卖盘
14,14:59:02,11.29,--,42,47418,卖盘
15,14:58:57,11.29,--,136,153544,卖盘
16,14:58:52,11.29,-0.01,245,276605,卖盘
17,14:58:47,11.3,0.01,85,96050,买盘
18,14:58:42,11.29,-0.01,37,41773,卖盘
19,14:58:37,11.3,0.01,117,132210,买盘
20,14:58:32,11.29,-0.01,152,171608,卖盘
21,14:58:27,11.3,0.01,32,36160,买盘
22,14:58:22,11.29,-0.01,138,155802,卖盘
23,14:58:17,11.3,0.01,48,54240,买盘
24,14:58:12,11.29,0.01,34,38386,买盘
25,14:58:07,11.28,-0.01,39,43992,卖盘
26,14:58:02,11.29,-0.01,63,71127,中性盘
27,14:57:57,11.3,--,316,357080,买盘
28,14:57:52,11.3,0.01,19,21470,买盘
29,14:57:47,11.29,--,89,100480,卖盘
30,14:57:42,11.29,-0.01,4,4516,卖盘
31,14:57:37,11.3,0.01,1389,1569570,买盘
32,14:57:32,11.29,--,53,59836,买盘
33,14:57:27,11.29,--,43,48546,卖盘
34,14:57:22,11.29,--,586,661797,买盘
35,14:57:17,11.29,--,77,86933,买盘
36,14:57:12,11.29,0.01,2,2258,买盘
37,14:57:07,11.28,-0.01,33,38148,卖盘
38,14:57:02,11.29,-0.01,117,132093,卖盘
39,14:56:57,11.3,0.01,7,7910,买盘
40,14:56:52,11.29,--,81,91449,卖盘
41,14:56:47,11.29,-0.01,83,93707,卖盘
42,14:56:42,11.3,0.01,4,4520,买盘
43,14:56:37,11.29,--,43,48546,卖盘
44,14:56:32,11.29,--,158,178382,卖盘
45,14:56:22,11.29,--,103,116851,卖盘
46,14:56:17,11.29,--,724,817395,卖盘
47,14:56:12,11.29,--,52,58707,卖盘
48,14:56:07,11.29,--,39,44031,卖盘
49,14:56:02,11.29,-0.01,144,162576,卖盘
50,14:55:57,11.3,0.01,77,87010,买盘
51,14:55:52,11.29,--,30,33870,卖盘
52,14:55:47,11.29,--,6,6773,卖盘
53,14:55:42,11.29,--,30,33870,卖盘
54,14:55:37,11.29,--,157,177253,卖盘
55,14:55:32,11.29,--,30,33870,卖盘
56,14:55:27,11.29,--,72,81288,卖盘
57,14:55:22,11.29,0.01,173,196084,买盘
58,14:55:17,11.28,--,108,121824,卖盘
59,14:55:12,11.28,-0.01,11,12408,卖盘
60,14:55:07,11.29,--,68,76772,买盘
61,14:55:02,11.29,0.01,240,270960,买盘
62,14:54:57,11.28,--,243,274104,买盘
63,14:54:52,11.28,--,138,155664,卖盘
64,14:54:47,11.28,--,109,122952,卖盘
65,14:54:37,11.28,--,66,74448,卖盘
66,14:54:32,11.28,--,23,25944,卖盘
67,14:54:27,11.28,--,5,5640,卖盘
68,14:54:22,11.28,0.01,51,57528,买盘
69,14:54:17,11.27,-0.01,159,179193,卖盘
70,14:54:12,11.28,0.01,140,157920,买盘
71,14:54:07,11.27,-0.01,13,14651,卖盘
72,14:54:02,11.28,0.01,166,187248,买盘
73,14:53:57,11.27,--,111,125728,卖盘
74,14:53:52,11.27,--,23,25921,卖盘
75,14:53:46,11.27,--,123,138621,卖盘
76,14:53:42,11.27,--,68,76636,卖盘
77,14:53:37,11.27,0.02,191,215268,买盘
78,14:53:31,11.25,-0.01,28,31500,卖盘
79,14:53:27,11.26,--,37,41662,买盘
80,14:53:22,11.26,--,176,198176,买盘
81,14:53:16,11.26,--,23,25898,买盘
82,14:53:11,11.26,0.01,27,30402,买盘
83,14:53:07,11.25,-0.01,96,108483,卖盘
84,14:53:01,11.26,-0.01,460,518342,卖盘
85,14:52:57,11.27,--,292,329827,买盘
86,14:52:52,11.27,--,59,66493,买盘
87,14:52:46,11.27,--,50,56350,买盘
88,14:52:41,11.27,0.01,15,16905,买盘
89,14:52:36,11.26,-0.01,1,1126,卖盘
90,14:52:31,11.27,--,60,67620,买盘
91,14:52:26,11.27,0.01,18,20286,买盘
92,14:52:16,11.26,--,6,6756,卖盘
93,14:52:11,11.26,--,85,95710,卖盘
94,14:52:06,11.26,-0.01,24,27024,卖盘
95,14:52:01,11.27,0.02,129,145461,买盘
96,14:51:56,11.25,-0.01,828,932478,卖盘
97,14:51:51,11.26,0.01,10,11260,买盘
98,14:51:46,11.25,--,271,304875,卖盘
99,14:51:41,11.25,--,240,270000,卖盘
100,14:51:36,11.25,--,24,27000,卖盘
101,14:51:31,11.25,-0.01,43,48375,卖盘
102,14:51:26,11.26,--,312,351312,买盘
103,14:51:21,11.26,0.01,35,39410,买盘
104,14:51:16,11.25,--,1,1125,卖盘
105,14:51:11,11.25,-0.01,336,378112,卖盘
106,14:51:05,11.26,--,95,106970,买盘
107,14:51:00,11.26,--,93,105326,卖盘
108,14:50:56,11.26,--,270,304537,卖盘
109,14:50:46,11.26,--,123,138498,卖盘
110,14:50:41,11.26,--,86,96836,买盘
111,14:50:31,11.26,--,13,14638,买盘
112,14:50:26,11.26,--,46,51796,买盘
113,14:50:20,11.26,--,40,45040,买盘
114,14:50:16,11.26,--,59,66434,买盘
115,14:50:11,11.26,--,55,61930,买盘
116,14:50:06,11.26,0.01,70,79777,买盘
117,14:50:00,11.25,-0.01,289,326081,卖盘
118,14:49:56,11.26,-0.01,365,410990,卖盘
119,14:49:46,11.27,--,25,28175,买盘
120,14:49:41,11.27,0.01,17,19159,买盘
121,14:49:35,11.26,--,6,6756,卖盘
122,14:49:31,11.26,--,37,41662,卖盘
123,14:49:26,11.26,0.01,216,243227,买盘
124,14:49:21,11.25,-0.01,31,34875,卖盘
125,14:49:16,11.26,--,170,191420,买盘
126,14:49:11,11.26,--,46,51796,买盘
127,14:49:05,11.26,--,11,12386,买盘
128,14:49:01,11.26,--,50,56300,买盘
129,14:48:56,11.26,--,716,806339,卖盘
130,14:48:51,11.26,-0.01,226,254960,卖盘
131,14:48:46,11.27,0.01,5,5635,买盘
132,14:48:41,11.26,--,36,40536,卖盘
133,14:48:35,11.26,--,2,2252,卖盘
134,14:48:30,11.26,--,82,92849,买盘
135,14:48:26,11.26,--,100,112600,买盘
136,14:48:20,11.26,0.01,6,6756,买盘
137,14:48:16,11.25,--,10,11250,卖盘
138,14:48:11,11.25,-0.01,13,14625,卖盘
139,14:48:06,11.26,--,22,24772,买盘
140,14:48:01,11.26,--,876,987479,买盘
141,14:47:56,11.26,--,40,45040,买盘
142,14:47:50,11.26,--,57,64182,卖盘
143,14:47:46,11.26,--,19,21394,卖盘
144,14:47:41,11.26,--,12,13512,卖盘
145,14:47:36,11.26,0.01,15,16890,买盘
146,14:47:31,11.25,--,1,1125,卖盘
147,14:47:26,11.25,--,209,235125,卖盘
148,14:47:15,11.25,-0.01,168,189000,卖盘
149,14:47:11,11.26,--,128,144128,买盘
150,14:47:05,11.26,0.01,20,22520,买盘
151,14:46:55,11.25,--,20,22500,卖盘
152,14:46:50,11.25,--,573,644861,卖盘
153,14:46:46,11.25,-0.01,270,304008,卖盘
154,14:46:41,11.26,--,101,113726,卖盘
155,14:46:30,11.26,--,42,47292,买盘
156,14:46:25,11.26,0.01,41,46166,买盘
157,14:46:20,11.25,-0.01,60,67500,卖盘
158,14:46:10,11.26,0.01,109,123229,买盘
159,14:46:05,11.25,--,58,65250,买盘
160,14:46:00,11.25,--,9,10125,买盘
161,14:45:55,11.25,--,562,632823,卖盘
162,14:45:50,11.25,-0.02,104,117551,卖盘
163,14:45:45,11.27,0.01,86,98015,买盘
164,14:45:40,11.26,--,17,19918,卖盘
165,14:45:35,11.26,0.01,217,244724,买盘
166,14:45:29,11.25,--,53,59625,买盘
167,14:45:25,11.25,--,5,5625,买盘
168,14:45:20,11.25,--,77,86625,买盘
169,14:45:14,11.25,--,162,183060,卖盘
170,14:45:10,11.25,--,158,178245,卖盘
171,14:45:05,11.25,-0.01,15,17820,买盘
172,14:44:59,11.26,0.01,227,256210,买盘
173,14:44:55,11.25,-0.01,12,14130,卖盘
174,14:44:50,11.26,0.01,55,62842,买盘
175,14:44:44,11.25,--,6,6750,买盘
176,14:44:40,11.25,--,43,48375,买盘
177,14:44:35,11.25,--,157,177525,卖盘
178,14:44:29,11.25,--,21,23872,卖盘
179,14:44:25,11.25,-0.01,54,61110,卖盘
180,14:44:20,11.26,--,76,85576,卖盘
181,14:44:14,11.26,--,13,14683,卖盘
182,14:44:10,11.26,0.02,16,18714,中性盘
183,14:44:05,11.24,-0.01,136,153718,卖盘
184,14:43:55,11.25,--,25,28327,卖盘
185,14:43:50,11.25,0.01,36,40635,卖盘
186,14:43:44,11.24,-0.01,15,16860,卖盘
187,14:43:40,11.25,--,52,58500,买盘
188,14:43:35,11.25,--,58,65250,买盘
189,14:43:29,11.25,--,17,19125,买盘
190,14:43:25,11.25,--,63,70875,卖盘
191,14:43:20,11.25,--,123,138375,卖盘
192,14:43:14,11.25,0.01,109,122748,买盘
193,14:43:10,11.24,-0.01,105,118020,卖盘
194,14:43:05,11.25,--,90,102026,卖盘
195,14:42:59,11.25,--,59,66375,卖盘
196,14:42:55,11.25,--,76,85848,买盘
197,14:42:50,11.25,--,10,11250,买盘
198,14:42:44,11.25,--,131,147375,买盘
199,14:42:40,11.25,--,27,30375,买盘
200,14:42:35,11.25,--,60,67500,买盘
201,14:42:29,11.25,--,16,18000,买盘
202,14:42:25,11.25,0.01,10,11250,买盘
203,14:42:20,11.24,-0.01,211,237883,卖盘
204,14:42:14,11.25,--,59,66566,卖盘
205,14:42:10,11.25,0.01,149,167838,买盘
206,14:42:05,11.24,--,14,15736,卖盘
207,14:41:59,11.24,--,3,3372,卖盘
208,14:41:55,11.24,-0.01,128,143872,卖盘
209,14:41:50,11.25,0.01,267,300375,买盘
210,14:41:44,11.24,--,50,56200,卖盘
211,14:41:40,11.24,-0.01,15,16860,卖盘
212,14:41:35,11.25,0.01,20,22500,买盘
213,14:41:29,11.24,-0.01,10,11240,卖盘
214,14:41:25,11.25,0.01,79,88875,买盘
215,14:41:20,11.24,--,45,50580,卖盘
216,14:41:14,11.24,--,10,11240,卖盘
217,14:41:10,11.24,--,85,95540,卖盘
218,14:41:05,11.24,--,16,17984,卖盘
219,14:40:55,11.24,--,74,83209,买盘
220,14:40:50,11.24,--,288,324802,卖盘
221,14:40:44,11.24,-0.01,130,146120,卖盘
222,14:40:40,11.25,0.01,44,49500,买盘
223,14:40:35,11.24,--,40,44960,卖盘
224,14:40:25,11.24,--,102,114648,卖盘
225,14:40:20,11.24,-0.01,140,157360,卖盘
226,14:40:14,11.25,--,3,3375,买盘
227,14:40:09,11.25,--,19,22331,卖盘
228,14:40:05,11.25,--,22,25560,卖盘
229,14:39:59,11.25,0.01,7,7875,中性盘
230,14:39:54,11.24,-0.01,325,365300,卖盘
231,14:39:50,11.25,--,33,37125,买盘
232,14:39:44,11.25,0.01,29,32625,买盘
233,14:39:40,11.24,-0.01,68,76432,卖盘
234,14:39:34,11.25,0.01,62,69750,中性盘
235,14:39:29,11.24,-0.02,121,136329,卖盘
236,14:39:24,11.26,0.01,30,33780,买盘
237,14:39:19,11.25,--,47,53583,买盘
238,14:39:14,11.25,--,124,139500,买盘
239,14:39:09,11.25,--,6,6750,买盘
240,14:39:04,11.25,-0.01,27,30375,买盘
241,14:38:59,11.26,0.01,131,147596,买盘
242,14:38:54,11.25,--,21,23625,卖盘
243,14:38:49,11.25,--,18,20767,买盘
244,14:38:44,11.25,--,130,146250,买盘
245,14:38:39,11.25,--,24,27000,买盘
246,14:38:34,11.25,--,146,164610,卖盘
247,14:38:29,11.25,--,100,112500,卖盘
248,14:38:24,11.25,-0.01,95,106875,卖盘
249,14:38:14,11.26,0.01,17,19142,买盘
250,14:38:08,11.25,--,3,3465,卖盘
251,14:38:04,11.25,--,42,47565,卖盘
252,14:37:59,11.25,--,103,116235,买盘
253,14:37:53,11.25,--,30,33750,买盘
254,14:37:49,11.25,--,59,66375,买盘
255,14:37:44,11.25,--,201,226125,买盘
256,14:37:38,11.25,--,39,43875,买盘
257,14:37:34,11.25,-0.01,414,466605,卖盘
258,14:37:29,11.26,0.01,17,19142,买盘
259,14:37:23,11.25,--,10,11250,卖盘
260,14:37:19,11.25,-0.01,232,261000,卖盘
261,14:37:14,11.26,--,31,34906,买盘
262,14:37:08,11.26,0.01,145,163270,买盘
263,14:37:04,11.25,--,1,1125,卖盘
264,14:36:59,11.25,--,63,71145,买盘
265,14:36:53,11.25,--,205,230625,买盘
266,14:36:49,11.25,--,170,191250,买盘
267,14:36:44,11.25,--,76,85500,买盘
268,14:36:34,11.25,-0.01,427,480600,卖盘
269,14:36:29,11.26,0.01,24,27024,买盘
270,14:36:23,11.25,--,63,70875,卖盘
271,14:36:19,11.25,--,26,29250,卖盘
272,14:36:14,11.25,--,46,51750,卖盘
273,14:36:08,11.25,--,88,99900,买盘
274,14:36:04,11.25,--,33,37125,买盘
275,14:35:59,11.25,-0.01,25,28350,卖盘
276,14:35:49,11.26,0.01,59,66434,买盘
277,14:35:44,11.25,-0.01,597,672311,卖盘
278,14:35:38,11.26,--,27,30402,买盘
279,14:35:34,11.26,--,165,186533,卖盘
280,14:35:29,11.26,--,31,34906,卖盘
281,14:35:23,11.26,--,6,6756,卖盘
282,14:35:19,11.26,--,14,15764,卖盘
283,14:35:14,11.26,--,10,11642,买盘
284,14:35:08,11.26,--,121,136246,买盘
285,14:35:04,11.26,--,25,28150,买盘
286,14:34:59,11.26,--,18,20268,买盘
287,14:34:53,11.26,--,213,239984,卖盘
288,14:34:49,11.26,-0.01,104,117306,卖盘
289,14:34:44,11.27,-0.01,220,248830,卖盘
290,14:34:38,11.28,--,146,165184,买盘
291,14:34:34,11.28,0.01,62,70364,买盘
292,14:34:29,11.27,--,34,38757,卖盘
293,14:34:23,11.27,0.01,1,1127,卖盘
294,14:34:19,11.26,-0.01,700,788200,卖盘
295,14:34:14,11.27,--,66,75159,买盘
296,14:34:08,11.27,--,5,5635,买盘
297,14:34:04,11.27,0.01,58,65366,买盘
298,14:33:59,11.26,-0.01,5,5630,卖盘
299,14:33:53,11.27,--,31,35286,卖盘
300,14:33:48,11.27,--,50,56350,卖盘
301,14:33:44,11.27,-0.01,624,704025,卖盘
302,14:33:38,11.28,--,16,18048,买盘
303,14:33:33,11.28,--,138,156758,卖盘
304,14:33:28,11.28,--,32,36096,卖盘
305,14:33:18,11.28,--,10,11302,卖盘
306,14:33:13,11.28,--,85,96601,卖盘
307,14:33:08,11.28,--,39,43992,卖盘
308,14:33:03,11.28,--,32,36096,卖盘
309,14:32:58,11.28,--,56,63168,卖盘
310,14:32:53,11.28,--,16,18048,卖盘
311,14:32:43,11.28,-0.01,180,203491,卖盘
312,14:32:38,11.29,--,139,156987,卖盘
313,14:32:33,11.29,--,88,100108,卖盘
314,14:32:28,11.29,--,239,270147,买盘
315,14:32:23,11.29,0.01,6,6773,中性盘
316,14:32:18,11.28,--,2,2256,卖盘
317,14:32:13,11.28,--,70,78960,卖盘
318,14:32:08,11.28,--,109,122952,卖盘
319,14:32:03,11.28,--,25,28200,卖盘
320,14:31:58,11.28,-0.01,2,2256,卖盘
321,14:31:53,11.29,0.01,2,2258,买盘
322,14:31:43,11.28,--,38,43958,卖盘
323,14:31:38,11.28,--,4,4512,卖盘
324,14:31:33,11.28,-0.01,7,7896,卖盘
325,14:31:28,11.29,-0.01,588,663852,卖盘
326,14:31:23,11.3,--,101,114130,买盘
327,14:31:17,11.3,--,48,54240,买盘
328,14:31:13,11.3,--,9,10170,买盘
329,14:31:08,11.3,-0.01,365,413320,卖盘
330,14:31:02,11.31,--,30,33930,买盘
331,14:30:58,11.31,0.01,31,35061,买盘
332,14:30:53,11.3,-0.01,244,275720,卖盘
333,14:30:47,11.31,--,11,12441,买盘
334,14:30:43,11.31,-0.01,85,96338,卖盘
335,14:30:38,11.32,0.01,47,53204,买盘
336,14:30:32,11.31,--,65,73515,卖盘
337,14:30:28,11.31,--,556,628903,卖盘
338,14:30:23,11.31,-0.01,306,346515,卖盘
339,14:30:13,11.32,--,43,48676,买盘
340,14:30:08,11.32,0.01,12,13584,买盘
341,14:30:02,11.31,-0.01,3,3393,卖盘
342,14:29:58,11.32,0.01,7,7924,买盘
343,14:29:53,11.31,-0.01,8,9048,卖盘
344,14:29:47,11.32,--,20,22640,买盘
345,14:29:43,11.32,--,88,99616,买盘
346,14:29:32,11.32,--,6,6792,买盘
347,14:29:28,11.32,--,170,193470,卖盘
348,14:29:23,11.32,--,272,308005,卖盘
349,14:29:17,11.32,--,5,5660,卖盘
350,14:29:13,11.32,0.01,76,86032,买盘
351,14:29:02,11.31,--,0,0,卖盘
352,14:28:58,11.31,-0.01,28,31668,卖盘
353,14:28:53,11.32,--,30,33960,卖盘
354,14:28:47,11.32,--,88,100204,买盘
355,14:28:43,11.32,0.01,2,2264,买盘
356,14:28:38,11.31,--,2,2262,卖盘
357,14:28:32,11.31,--,464,525869,买盘
358,14:28:28,11.31,--,384,435095,买盘
359,14:28:23,11.31,-0.01,64,72678,卖盘
360,14:28:13,11.32,0.01,4,4528,买盘
361,14:28:08,11.31,-0.02,11,12441,卖盘
362,14:28:02,11.33,0.01,6,6798,买盘
363,14:27:58,11.32,--,2,2264,中性盘
364,14:27:53,11.32,0.01,5,5660,中性盘
365,14:27:43,11.31,-0.01,146,165126,卖盘
366,14:27:37,11.32,0.02,37,42721,买盘
367,14:27:32,11.3,-0.01,67,75710,卖盘
368,14:27:27,11.31,--,104,118743,卖盘
369,14:27:22,11.31,-0.01,912,1032275,卖盘
370,14:27:17,11.32,0.01,10,11320,买盘
371,14:27:13,11.31,--,54,61074,卖盘
372,14:27:07,11.31,-0.01,31,35061,卖盘
373,14:27:02,11.32,--,55,62260,买盘
374,14:26:57,11.32,--,450,509400,买盘
375,14:26:47,11.32,--,120,135840,买盘
376,14:26:42,11.32,0.01,32,36224,买盘
377,14:26:37,11.31,-0.01,5,5655,卖盘
378,14:26:32,11.32,--,237,268963,买盘
379,14:26:27,11.32,--,55,62260,买盘
380,14:26:22,11.32,-0.01,387,438751,卖盘
381,14:26:17,11.33,0.01,2,2266,买盘
382,14:26:12,11.32,--,20,22640,卖盘
383,14:26:07,11.32,-0.01,21,23772,卖盘
384,14:26:02,11.33,0.01,9,10197,买盘
385,14:25:57,11.32,--,121,137436,买盘
386,14:25:52,11.32,--,100,113200,买盘
387,14:25:47,11.32,--,106,119992,买盘
388,14:25:42,11.32,--,82,92824,买盘
389,14:25:37,11.32,0.01,500,566000,买盘
390,14:25:27,11.31,-0.01,45,50928,卖盘
391,14:25:22,11.32,--,313,355006,卖盘
392,14:25:17,11.32,-0.01,98,111377,卖盘
393,14:25:12,11.33,0.01,26,29458,买盘
394,14:25:07,11.32,--,257,290924,买盘
395,14:25:02,11.32,--,153,173196,买盘
396,14:24:57,11.32,--,83,93956,买盘
397,14:24:52,11.32,--,57,64524,买盘
398,14:24:47,11.32,--,13,14716,买盘
399,14:24:42,11.32,--,15,16980,买盘
400,14:24:37,11.32,--,145,164140,买盘
401,14:24:32,11.32,--,248,281811,买盘
402,14:24:27,11.32,--,15,16980,买盘
403,14:24:22,11.32,-0.01,132,150137,卖盘
404,14:24:17,11.33,--,193,219088,买盘
405,14:24:12,11.33,0.01,34,38522,买盘
406,14:24:07,11.32,--,16,18112,卖盘
407,14:24:02,11.32,--,5,5660,卖盘
408,14:23:57,11.32,--,5,5660,卖盘
409,14:23:52,11.32,--,51,57732,卖盘
410,14:23:47,11.32,0.01,1411,1597252,买盘
411,14:23:37,11.31,--,111,125541,卖盘
412,14:23:32,11.31,-0.01,12,13572,卖盘
413,14:23:26,11.32,0.01,151,170932,买盘
414,14:23:22,11.31,--,20,22620,卖盘
415,14:23:17,11.31,--,5,5655,卖盘
416,14:23:11,11.31,--,53,59943,卖盘
417,14:23:07,11.31,--,298,337852,买盘
418,14:23:02,11.31,--,4,4524,买盘
419,14:22:56,11.31,--,30,33930,买盘
420,14:22:52,11.31,--,408,461448,买盘
421,14:22:47,11.31,--,23,26013,买盘
422,14:22:41,11.31,--,7,7917,买盘
423,14:22:37,11.31,--,40,45240,买盘
424,14:22:32,11.31,--,183,206973,买盘
425,14:22:26,11.31,--,20,22620,买盘
426,14:22:22,11.31,0.01,246,278226,买盘
427,14:22:17,11.3,-0.01,170,192100,卖盘
428,14:22:11,11.31,0.01,3,3393,买盘
429,14:21:56,11.3,--,20,22600,卖盘
430,14:21:52,11.3,--,150,169500,卖盘
431,14:21:47,11.3,-0.01,10,11300,卖盘
432,14:21:41,11.31,--,70,79170,买盘
433,14:21:32,11.31,0.01,175,197925,买盘
434,14:21:22,11.3,-0.01,23,25990,卖盘
435,14:21:16,11.31,--,31,35061,买盘
436,14:21:11,11.31,--,2,2262,买盘
437,14:21:02,11.31,0.01,24,27144,买盘
438,14:20:56,11.3,--,15,16950,卖盘
439,14:20:51,11.3,--,152,171760,卖盘
440,14:20:47,11.3,--,99,111870,卖盘
441,14:20:41,11.3,--,63,71190,卖盘
442,14:20:36,11.3,--,9,10170,卖盘
443,14:20:31,11.3,--,248,280725,买盘
444,14:20:26,11.3,--,549,620370,买盘
445,14:20:21,11.3,--,10,11300,买盘
446,14:20:16,11.3,--,100,113000,买盘
447,14:20:11,11.3,0.01,505,570650,买盘
448,14:20:06,11.29,-0.01,235,265315,卖盘
449,14:20:01,11.3,--,25,28250,买盘
450,14:19:51,11.3,--,5,5650,买盘
451,14:19:46,11.3,--,102,115260,买盘
452,14:19:41,11.3,0.01,86,97180,买盘
453,14:19:36,11.29,-0.01,3,3386,卖盘
454,14:19:31,11.3,0.01,7,7910,买盘
455,14:19:26,11.29,--,121,136609,买盘
456,14:19:21,11.29,--,5,5645,买盘
457,14:19:16,11.29,--,2,2258,买盘
458,14:19:11,11.29,--,85,95965,卖盘
459,14:19:06,11.29,-0.01,5,5645,卖盘
460,14:19:01,11.3,0.01,10,11300,买盘
461,14:18:56,11.29,-0.01,10,11290,卖盘
462,14:18:51,11.3,0.01,10,11300,买盘
463,14:18:46,11.29,--,7,7902,卖盘
464,14:18:36,11.29,--,10,11290,卖盘
465,14:18:31,11.29,--,156,176124,买盘
466,14:18:26,11.29,--,25,28224,买盘
467,14:18:21,11.29,--,121,136609,买盘
468,14:18:16,11.29,--,17,19193,买盘
469,14:18:11,11.29,--,8,9032,买盘
470,14:18:01,11.29,--,94,106125,卖盘
471,14:17:46,11.29,--,18,20322,买盘
472,14:17:41,11.29,--,73,82417,买盘
473,14:17:36,11.29,--,10,11290,买盘
474,14:17:31,11.29,--,21,23709,买盘
475,14:17:26,11.29,--,48,54191,买盘
476,14:17:21,11.29,0.01,40,45160,买盘
477,14:17:16,11.28,--,7,7896,卖盘
478,14:17:11,11.28,--,20,22560,卖盘
479,14:17:06,11.28,-0.01,5,5640,卖盘
480,14:17:01,11.29,0.01,7,7902,买盘
481,14:16:56,11.28,-0.01,4,4512,卖盘
482,14:16:51,11.29,0.01,32,36128,买盘
483,14:16:46,11.28,--,5,5640,卖盘
484,14:16:41,11.28,-0.01,75,85333,卖盘
485,14:16:36,11.29,0.01,1,1129,买盘
486,14:16:31,11.28,--,14,15792,买盘
487,14:16:26,11.28,-0.01,4,4512,中性盘
488,14:16:21,11.29,0.02,164,185156,买盘
489,14:16:16,11.27,--,15,16905,卖盘
490,14:16:11,11.27,-0.01,73,82271,卖盘
491,14:16:06,11.28,--,19,21432,卖盘
492,14:16:01,11.28,--,226,254928,买盘
493,14:15:41,11.28,0.01,16,18048,中性盘
494,14:15:31,11.27,-0.01,70,79983,卖盘
495,14:15:26,11.28,--,20,22560,买盘
496,14:15:20,11.28,--,20,22560,买盘
497,14:15:16,11.28,0.01,7,7896,买盘
498,14:15:10,11.27,-0.01,13,14651,买盘
499,14:15:05,11.28,--,0,0,买盘
500,14:15:01,11.28,--,6,6768,买盘
501,14:14:55,11.28,0.01,67,75576,买盘
502,14:14:46,11.27,-0.01,27,30429,卖盘
503,14:14:40,11.28,0.01,9,10152,买盘
504,14:14:35,11.27,--,99,111573,买盘
505,14:14:25,11.27,--,10,11270,买盘
506,14:14:20,11.27,-0.01,101,113827,卖盘
507,14:14:16,11.28,0.01,6,6768,买盘
508,14:14:10,11.27,--,56,63112,卖盘
509,14:14:01,11.27,--,46,51842,卖盘
510,14:13:55,11.27,--,50,56350,卖盘
511,14:13:30,11.27,-0.01,6,6762,卖盘
512,14:13:25,11.28,--,26,29328,买盘
513,14:13:16,11.28,--,85,95913,卖盘
514,14:13:10,11.28,-0.01,48,54144,卖盘
515,14:13:05,11.29,--,31,34999,买盘
516,14:13:00,11.29,--,3,3386,买盘
517,14:12:55,11.29,--,15,16935,买盘
518,14:12:50,11.29,--,3,3386,买盘
519,14:12:40,11.29,--,2,2258,买盘
520,14:12:35,11.29,--,33,37257,卖盘
521,14:12:30,11.29,--,11,12418,卖盘
522,14:12:25,11.29,-0.01,35,39515,卖盘
523,14:12:20,11.3,0.01,46,51980,买盘
524,14:12:10,11.29,--,6,6773,卖盘
525,14:12:05,11.29,--,21,23709,买盘
526,14:12:00,11.29,--,59,66611,卖盘
527,14:11:55,11.29,--,35,39515,卖盘
528,14:11:50,11.29,--,51,57578,卖盘
529,14:11:45,11.29,0.01,248,279992,买盘
530,14:11:40,11.28,-0.01,119,134232,卖盘
531,14:11:35,11.29,0.01,35,39515,买盘
532,14:11:30,11.28,--,5,5640,卖盘
533,14:11:25,11.28,-0.01,148,166944,卖盘
534,14:11:20,11.29,0.01,5,5645,买盘
535,14:11:15,11.28,--,10,11280,卖盘
536,14:11:10,11.28,--,10,11280,卖盘
537,14:11:05,11.28,--,213,241358,买盘
538,14:11:00,11.28,--,57,64295,买盘
539,14:10:55,11.28,0.01,41,46248,买盘
540,14:10:50,11.27,0.01,41,46207,买盘
541,14:10:45,11.26,-0.02,22,24772,卖盘
542,14:10:40,11.28,0.02,31,34968,买盘
543,14:10:35,11.26,-0.02,22,24772,卖盘
544,14:10:30,11.28,0.02,6,6768,买盘
545,14:10:25,11.26,-0.02,41,46166,卖盘
546,14:10:20,11.28,0.03,55,62040,买盘
547,14:10:15,11.25,--,0,0,卖盘
548,14:10:10,11.25,-0.02,121,136125,卖盘
549,14:10:05,11.27,--,14,15778,买盘
550,14:09:55,11.27,0.02,3,3381,买盘
551,14:09:50,11.25,-0.02,704,792000,卖盘
552,14:09:45,11.27,-0.01,5,5635,卖盘
553,14:09:40,11.28,0.01,9,10152,买盘
554,14:09:35,11.27,-0.01,9,10143,卖盘
555,14:09:25,11.28,--,94,106426,卖盘
556,14:09:20,11.28,--,181,204168,卖盘
557,14:09:15,11.28,--,203,228984,卖盘
558,14:09:10,11.28,--,132,148896,卖盘
559,14:09:05,11.28,-0.01,267,301176,卖盘
560,14:09:00,11.29,0.01,14,15805,买盘
561,14:08:55,11.28,--,60,67680,卖盘
562,14:08:50,11.28,-0.01,18,20304,卖盘
563,14:08:40,11.29,0.01,21,23709,买盘
564,14:08:35,11.28,--,29,32711,卖盘
565,14:08:30,11.28,--,20,22560,卖盘
566,14:08:25,11.28,-0.01,6,6768,卖盘
567,14:08:20,11.29,0.01,21,23709,买盘
568,14:08:10,11.28,-0.01,200,225600,卖盘
569,14:08:05,11.29,--,10,11290,买盘
570,14:08:00,11.29,--,3,3386,买盘
571,14:07:55,11.29,--,2,2258,卖盘
572,14:07:50,11.29,--,11,12418,卖盘
573,14:07:45,11.29,--,9,10161,卖盘
574,14:07:39,11.29,--,18,20322,卖盘
575,14:07:35,11.29,--,63,71127,卖盘
576,14:07:29,11.29,--,30,33870,卖盘
577,14:07:25,11.29,--,5,5645,卖盘
578,14:07:15,11.29,--,11,12418,卖盘
579,14:07:10,11.29,-0.01,9,10161,卖盘
580,14:07:05,11.3,0.01,93,105090,买盘
581,14:06:55,11.29,--,20,22580,卖盘
582,14:06:50,11.29,--,31,34999,卖盘
583,14:06:40,11.29,--,0,0,中性盘
584,14:06:35,11.29,--,53,59836,卖盘
585,14:06:29,11.29,0.01,6,6773,卖盘
586,14:06:25,11.28,-0.01,17,19176,卖盘
587,14:06:19,11.29,--,95,107254,买盘
588,14:06:09,11.29,--,23,25966,卖盘
589,14:06:04,11.29,--,14,15805,卖盘
590,14:05:59,11.29,0.01,10,11290,买盘
591,14:05:55,11.28,-0.02,37,41736,卖盘
592,14:05:49,11.3,0.01,10,11300,买盘
593,14:05:44,11.29,--,42,47418,卖盘
594,14:05:34,11.29,--,17,19193,卖盘
595,14:05:24,11.29,-0.01,3,3386,卖盘
596,14:05:19,11.3,--,433,489290,买盘
597,14:05:14,11.3,--,5,5650,买盘
598,14:05:09,11.3,0.02,52,58760,买盘
599,14:05:04,11.28,-0.01,559,630552,卖盘
600,14:04:59,11.29,-0.01,15,16935,卖盘
601,14:04:49,11.3,--,44,49720,买盘
602,14:04:44,11.3,--,40,45200,买盘
603,14:04:39,11.3,0.01,54,61020,买盘
604,14:04:29,11.29,--,3,3386,卖盘
605,14:04:19,11.29,-0.01,70,79030,卖盘
606,14:04:14,11.3,0.01,12,13560,买盘
607,14:04:04,11.29,-0.01,24,27095,卖盘
608,14:03:59,11.3,0.01,14,15820,买盘
609,14:03:49,11.29,--,2,2258,卖盘
610,14:03:44,11.29,--,34,38386,卖盘
611,14:03:39,11.29,-0.01,7,7902,卖盘
612,14:03:34,11.3,--,55,62150,买盘
613,14:03:29,11.3,--,180,203400,买盘
614,14:03:14,11.3,--,14,15820,买盘
615,14:03:09,11.3,--,20,22600,买盘
616,14:03:04,11.3,0.01,9,10170,买盘
617,14:02:59,11.29,-0.01,3,3386,卖盘
618,14:02:54,11.3,0.01,262,296060,买盘
619,14:02:49,11.29,--,2,2258,卖盘
620,14:02:39,11.29,--,85,95965,卖盘
621,14:02:34,11.29,--,22,25402,买盘
622,14:02:28,11.29,--,107,120802,买盘
623,14:02:19,11.29,0.01,12,13547,买盘
624,14:02:14,11.28,-0.01,5,5640,卖盘
625,14:02:09,11.29,--,3,3386,买盘
626,14:02:04,11.29,--,28,31611,买盘
627,14:01:59,11.29,--,2,2258,买盘
628,14:01:49,11.29,--,3,3386,买盘
629,14:01:44,11.29,--,44,49675,买盘
630,14:01:39,11.29,0.01,70,79030,买盘
631,14:01:34,11.28,-0.01,112,126336,卖盘
632,14:01:29,11.29,0.01,10,11290,买盘
633,14:01:24,11.28,-0.01,6,6768,卖盘
634,14:01:19,11.29,0.01,63,71127,买盘
635,14:01:14,11.28,-0.01,30,33840,卖盘
636,14:01:09,11.29,0.01,20,22580,买盘
637,14:01:04,11.28,--,14,15792,卖盘
638,14:00:59,11.28,-0.01,26,29328,卖盘
639,14:00:54,11.29,0.01,12,13547,买盘
640,14:00:49,11.28,-0.01,57,64295,卖盘
641,14:00:43,11.29,0.01,500,564500,买盘
642,14:00:38,11.28,--,8,9024,卖盘
643,14:00:34,11.28,--,10,11280,卖盘
644,14:00:29,11.28,--,60,67680,卖盘
645,14:00:19,11.28,-0.01,25,28200,卖盘
646,14:00:09,11.29,0.01,3,3386,买盘
647,14:00:04,11.28,--,6,6768,卖盘
648,13:59:59,11.28,-0.01,20,22560,卖盘
649,13:59:48,11.29,0.01,150,169350,买盘
650,13:59:44,11.28,--,13,14664,卖盘
651,13:59:39,11.28,-0.01,60,67680,卖盘
652,13:59:29,11.29,--,260,293540,买盘
653,13:59:14,11.29,--,48,54191,卖盘
654,13:59:08,11.29,--,54,60965,卖盘
655,13:59:03,11.29,--,17,19193,卖盘
656,13:58:59,11.29,--,11,12418,卖盘
657,13:58:53,11.29,--,6,6773,卖盘
658,13:58:48,11.29,--,25,28224,卖盘
659,13:58:43,11.29,--,50,56449,卖盘
660,13:58:38,11.29,--,15,16935,卖盘
661,13:58:33,11.29,--,1,1129,卖盘
662,13:58:28,11.29,-0.01,28,31611,卖盘
663,13:58:23,11.3,--,14,15820,买盘
664,13:58:13,11.3,--,2,2260,买盘
665,13:58:03,11.3,--,22,24860,卖盘
666,13:57:58,11.3,--,8,9040,卖盘
667,13:57:52,11.3,--,25,28250,卖盘
668,13:57:48,11.3,--,25,28250,卖盘
669,13:57:43,11.3,--,13,14690,卖盘
670,13:57:37,11.3,--,30,33900,卖盘
671,13:57:33,11.3,--,60,67800,卖盘
672,13:57:28,11.3,-0.01,68,76840,中性盘
673,13:57:23,11.31,0.01,44,49764,买盘
674,13:57:18,11.3,0.01,25,28250,买盘
675,13:57:13,11.29,-0.02,29,32740,卖盘
676,13:57:07,11.31,0.01,140,158340,买盘
677,13:57:02,11.3,--,10,11300,买盘
678,13:56:58,11.3,--,29,32770,买盘
679,13:56:53,11.3,--,242,273776,卖盘
680,13:56:48,11.3,--,2,2260,卖盘
681,13:56:43,11.3,-0.01,16,18080,卖盘
682,13:56:38,11.31,0.01,26,29406,买盘
683,13:56:28,11.3,--,56,63280,卖盘
684,13:56:22,11.3,-0.01,40,45200,卖盘
685,13:56:18,11.31,0.01,20,22620,买盘
686,13:56:13,11.3,--,30,33900,卖盘
687,13:56:07,11.3,--,10,11300,卖盘
688,13:56:03,11.3,--,49,55370,卖盘
689,13:55:58,11.3,--,18,20340,卖盘
690,13:55:52,11.3,--,16,18080,卖盘
691,13:55:48,11.3,--,15,16950,卖盘
692,13:55:43,11.3,--,62,70060,卖盘
693,13:55:37,11.3,--,117,132210,卖盘
694,13:55:33,11.3,--,8,9040,卖盘
695,13:55:28,11.3,--,14,15820,卖盘
696,13:55:22,11.3,--,81,91530,卖盘
697,13:55:18,11.3,--,9,10170,卖盘
698,13:55:13,11.3,0.01,426,482193,买盘
699,13:55:07,11.29,--,16,18064,卖盘
700,13:55:03,11.29,--,17,19193,卖盘
701,13:54:58,11.29,-0.01,22,24837,卖盘
702,13:54:47,11.3,0.01,20,22600,买盘
703,13:54:43,11.29,-0.01,18,20322,卖盘
704,13:54:32,11.3,--,2,2260,买盘
705,13:54:28,11.3,0.01,23,25990,买盘
706,13:54:22,11.29,-0.01,11,12418,卖盘
707,13:54:18,11.3,--,20,22600,买盘
708,13:54:13,11.3,--,36,40680,买盘
709,13:54:07,11.3,--,13,14814,卖盘
710,13:54:03,11.3,--,4,4520,卖盘
711,13:53:58,11.3,--,36,40680,卖盘
712,13:53:52,11.3,-0.01,15,16950,卖盘
713,13:53:48,11.31,0.01,81,91611,买盘
714,13:53:43,11.3,-0.01,6,6893,卖盘
715,13:53:37,11.31,0.01,61,68991,买盘
716,13:53:22,11.3,-0.01,51,57630,卖盘
717,13:53:17,11.31,0.01,5,5655,买盘
718,13:53:13,11.3,--,10,11300,卖盘
719,13:53:07,11.3,--,3,3390,卖盘
720,13:53:02,11.3,--,50,56500,卖盘
721,13:52:58,11.3,-0.01,10,11300,卖盘
722,13:52:52,11.31,0.01,70,79170,买盘
723,13:52:43,11.3,-0.01,45,50850,卖盘
724,13:52:37,11.31,0.01,51,57681,买盘
725,13:52:32,11.3,-0.01,20,22600,卖盘
726,13:52:28,11.31,--,103,116493,买盘
727,13:52:22,11.31,--,55,62205,买盘
728,13:52:17,11.31,-0.01,10,11310,买盘
729,13:52:13,11.32,0.01,302,342882,买盘
730,13:52:07,11.31,-0.01,63,71253,卖盘
731,13:52:02,11.32,0.01,21,23772,买盘
732,13:51:58,11.31,--,4,4524,卖盘
733,13:51:52,11.31,-0.01,10,11310,卖盘
734,13:51:41,11.32,--,20,22640,买盘
735,13:51:37,11.32,0.01,214,242248,买盘
736,13:51:32,11.31,-0.01,13,14703,卖盘
737,13:51:26,11.32,--,3,3396,买盘
738,13:51:22,11.32,--,19,21508,买盘
739,13:51:17,11.32,--,24,27168,买盘
740,13:51:07,11.32,0.01,31,35092,买盘
741,13:51:01,11.31,-0.01,29,32799,卖盘
742,13:50:52,11.32,--,8,9169,买盘
743,13:50:46,11.32,--,77,87164,买盘
744,13:50:41,11.32,0.01,72,81504,买盘
745,13:50:37,11.31,--,39,44109,卖盘
746,13:50:31,11.31,--,59,66729,卖盘
747,13:50:26,11.31,-0.01,302,341562,卖盘
748,13:50:22,11.32,0.02,37,41884,买盘
749,13:50:16,11.3,--,0,0,卖盘
750,13:50:11,11.3,--,610,689514,卖盘
751,13:50:07,11.3,-0.01,239,270070,卖盘
752,13:50:01,11.31,0.01,25,28275,买盘
753,13:49:56,11.3,--,1,1130,卖盘
754,13:49:52,11.3,--,39,44070,卖盘
755,13:49:46,11.3,--,95,108028,买盘
756,13:49:37,11.3,-0.01,11,12882,卖盘
757,13:49:31,11.31,0.01,28,32301,买盘
758,13:49:26,11.3,--,32,36160,卖盘
759,13:49:22,11.3,-0.01,90,101700,卖盘
760,13:49:16,11.31,0.01,22,24882,买盘
761,13:49:11,11.3,-0.01,173,196066,卖盘
762,13:49:07,11.31,0.01,11,12441,买盘
763,13:49:01,11.3,--,25,28250,卖盘
764,13:48:56,11.3,-0.01,26,29978,卖盘
765,13:48:52,11.31,--,5,5655,买盘
766,13:48:46,11.31,0.02,26,29406,买盘
767,13:48:41,11.29,--,170,192460,卖盘
768,13:48:37,11.29,-0.01,37,41773,卖盘
769,13:48:31,11.3,--,14,15820,买盘
770,13:48:26,11.3,-0.01,48,54240,卖盘
771,13:48:22,11.31,--,62,71060,买盘
772,13:48:16,11.31,0.01,33,37323,买盘
773,13:48:11,11.3,-0.01,84,95202,卖盘
774,13:48:07,11.31,--,27,30537,买盘
775,13:48:01,11.31,0.01,4,4750,买盘
776,13:47:56,11.3,-0.01,105,119599,卖盘
777,13:47:52,11.31,-0.01,60,67860,中性盘
778,13:47:46,11.32,0.02,60,67920,买盘
779,13:47:41,11.3,-0.01,117,133125,卖盘
780,13:47:37,11.31,--,103,116493,买盘
781,13:47:31,11.31,--,86,97413,买盘
782,13:47:26,11.31,-0.01,9,10179,中性盘
783,13:47:22,11.32,0.01,132,149424,买盘
784,13:47:16,11.31,0.01,12,13572,卖盘
785,13:47:11,11.3,-0.01,123,139193,卖盘
786,13:47:07,11.31,--,21,23751,买盘
787,13:47:01,11.31,--,15,16965,买盘
788,13:46:56,11.31,--,34,38555,卖盘
789,13:46:52,11.31,-0.01,121,136851,卖盘
790,13:46:46,11.32,0.01,139,157348,买盘
791,13:46:41,11.31,-0.01,141,160500,卖盘
792,13:46:37,11.32,--,19,21508,买盘
793,13:46:31,11.32,--,215,243912,买盘
794,13:46:22,11.32,--,117,132444,买盘
795,13:46:16,11.32,--,409,462988,买盘
796,13:46:11,11.32,--,48,54336,买盘
797,13:46:07,11.32,--,342,387144,买盘
798,13:46:01,11.32,--,234,265284,买盘
799,13:45:52,11.32,0.01,41,46412,买盘
800,13:45:46,11.31,0.01,128,144768,中性盘
801,13:45:41,11.3,-0.02,194,219378,卖盘
802,13:45:36,11.32,0.01,290,328280,买盘
803,13:45:31,11.31,-0.01,103,117454,中性盘
804,13:45:26,11.32,--,32,36224,买盘
805,13:45:21,11.32,0.02,150,170671,买盘
806,13:45:16,11.3,-0.02,22,24860,中性盘
807,13:45:11,11.32,--,85,96220,买盘
808,13:45:06,11.32,--,67,75844,买盘
809,13:45:01,11.32,0.01,141,160381,买盘
810,13:44:56,11.31,0.02,1416,1601857,买盘
811,13:44:51,11.29,--,5,5645,卖盘
812,13:44:46,11.29,-0.01,219,247454,卖盘
813,13:44:41,11.3,--,89,100570,买盘
814,13:44:36,11.3,--,16,18080,买盘
815,13:44:31,11.3,--,103,116390,买盘
816,13:44:26,11.3,--,496,561508,买盘
817,13:44:20,11.3,0.01,13,14690,买盘
818,13:44:16,11.29,-0.01,305,344345,卖盘
819,13:44:11,11.3,--,71,80230,买盘
820,13:44:05,11.3,--,47,53110,买盘
821,13:44:01,11.3,0.01,100,113237,买盘
822,13:43:56,11.29,--,39,44189,买盘
823,13:43:50,11.29,--,22,24837,买盘
824,13:43:40,11.29,-0.01,22,24837,卖盘
825,13:43:35,11.3,--,567,640811,卖盘
826,13:43:31,11.3,--,17,19210,卖盘
827,13:43:25,11.3,--,270,306071,卖盘
828,13:43:20,11.3,--,5,5650,卖盘
829,13:43:16,11.3,--,21,23730,卖盘
830,13:43:10,11.3,-0.01,246,278827,卖盘
831,13:43:05,11.31,0.01,15,16965,买盘
832,13:43:01,11.3,--,66,74580,卖盘
833,13:42:55,11.3,--,99,111892,卖盘
834,13:42:50,11.3,--,23,25990,卖盘
835,13:42:46,11.3,--,51,57630,卖盘
836,13:42:40,11.3,--,122,138526,卖盘
837,13:42:31,11.3,--,8,9040,卖盘
838,13:42:25,11.3,--,438,495482,卖盘
839,13:42:16,11.3,0.01,768,868133,买盘
840,13:42:10,11.29,-0.01,2,2258,中性盘
841,13:42:05,11.3,0.01,6,6780,买盘
842,13:42:01,11.29,-0.01,129,146589,卖盘
843,13:41:50,11.3,-0.01,5,5650,买盘
844,13:41:46,11.31,0.02,15,16965,买盘
845,13:41:40,11.29,-0.02,175,197755,卖盘
846,13:41:31,11.31,0.01,10,11310,买盘
847,13:41:25,11.3,-0.01,32,36555,卖盘
848,13:41:20,11.31,0.01,22,25617,买盘
849,13:41:16,11.3,--,19,21865,卖盘
850,13:41:10,11.3,--,35,40228,卖盘
851,13:41:05,11.3,-0.01,55,62150,卖盘
852,13:41:01,11.31,--,24,27144,买盘
853,13:40:55,11.31,--,102,116232,买盘
854,13:40:46,11.31,0.01,20,22620,买盘
855,13:40:40,11.3,--,240,271516,卖盘
856,13:40:35,11.3,0.02,623,703990,买盘
857,13:40:25,11.28,-0.01,120,135980,卖盘
858,13:40:20,11.29,0.01,9,10161,买盘
859,13:40:16,11.28,--,283,320306,买盘
860,13:40:10,11.28,--,29,32711,买盘
861,13:40:05,11.28,--,3,3384,买盘
862,13:40:01,11.28,0.01,27,30456,买盘
863,13:39:55,11.27,-0.01,127,144030,卖盘
864,13:39:50,11.28,--,311,350808,买盘
865,13:39:46,11.28,0.01,70,78960,买盘
866,13:39:40,11.27,-0.01,185,209362,卖盘
867,13:39:35,11.28,--,10,11280,买盘
868,13:39:30,11.28,-0.01,117,131976,卖盘
869,13:39:25,11.29,0.02,5,5645,买盘
870,13:39:15,11.27,--,86,97023,买盘
871,13:39:10,11.27,-0.01,97,110412,卖盘
872,13:39:05,11.28,0.01,27,30456,中性盘
873,13:38:55,11.27,--,230,259243,卖盘
874,13:38:50,11.27,-0.01,2,2254,卖盘
875,13:38:45,11.28,0.02,10,11280,买盘
876,13:38:40,11.26,-0.02,232,261367,卖盘
877,13:38:35,11.28,--,36,40608,买盘
878,13:38:25,11.28,0.02,301,340058,买盘
879,13:38:20,11.26,--,30,33780,卖盘
880,13:38:15,11.26,--,300,337800,卖盘
881,13:38:10,11.26,--,176,198176,卖盘
882,13:38:05,11.26,--,149,168539,买盘
883,13:38:00,11.26,0.01,5,5630,买盘
884,13:37:55,11.25,-0.01,217,244260,卖盘
885,13:37:50,11.26,--,8,9008,买盘
886,13:37:45,11.26,--,8,9008,买盘
887,13:37:40,11.26,-0.02,49,56288,卖盘
888,13:37:35,11.28,--,13,14664,买盘
889,13:37:29,11.28,-0.02,30,33840,卖盘
890,13:37:25,11.3,0.02,82,92660,买盘
891,13:37:20,11.28,--,612,690336,卖盘
892,13:37:14,11.28,--,50,56400,卖盘
893,13:36:59,11.28,-0.01,10,11280,卖盘
894,13:36:55,11.29,--,11,12418,卖盘
895,13:36:50,11.29,0.01,19,21451,买盘
896,13:36:44,11.28,--,40,45120,卖盘
897,13:36:40,11.28,-0.01,116,130847,卖盘
898,13:36:25,11.29,--,46,51933,卖盘
899,13:36:19,11.29,--,158,178382,买盘
900,13:36:10,11.29,--,5,5645,买盘
901,13:36:04,11.29,--,28,32176,卖盘
902,13:35:59,11.29,--,12,13547,卖盘
903,13:35:55,11.29,--,11,12418,卖盘
904,13:35:49,11.29,--,8,9032,卖盘
905,13:35:40,11.29,--,13,14676,卖盘
906,13:35:34,11.29,-0.01,26,29353,卖盘
907,13:35:29,11.3,0.01,5,5650,买盘
908,13:35:25,11.29,--,24,27095,卖盘
909,13:35:19,11.29,-0.01,15,16935,卖盘
910,13:35:14,11.3,--,1,1130,买盘
911,13:35:10,11.3,--,80,90400,买盘
912,13:35:04,11.3,--,10,11300,买盘
913,13:34:55,11.3,--,19,21470,买盘
914,13:34:49,11.3,-0.01,19,21470,买盘
915,13:34:44,11.31,--,0,0,买盘
916,13:34:40,11.31,0.01,68,77654,买盘
917,13:34:34,11.3,--,48,54240,卖盘
918,13:34:25,11.3,--,74,83620,卖盘
919,13:34:19,11.3,--,47,53110,卖盘
920,13:34:14,11.3,-0.01,132,149160,卖盘
921,13:34:10,11.31,--,21,23751,买盘
922,13:34:04,11.31,0.01,42,47502,买盘
923,13:33:59,11.3,--,34,38420,卖盘
924,13:33:55,11.3,--,99,111870,卖盘
925,13:33:49,11.3,--,40,45200,卖盘
926,13:33:44,11.3,--,35,39550,卖盘
927,13:33:40,11.3,--,76,85880,卖盘
928,13:33:34,11.3,--,20,22600,卖盘
929,13:33:29,11.3,--,24,27120,卖盘
930,13:33:25,11.3,--,116,131080,卖盘
931,13:33:19,11.3,--,62,70060,卖盘
932,13:33:14,11.3,--,19,21470,卖盘
933,13:33:09,11.3,--,41,46544,卖盘
934,13:33:04,11.3,--,20,22600,卖盘
935,13:32:59,11.3,0.01,279,315439,买盘
936,13:32:54,11.29,-0.01,38,42902,卖盘
937,13:32:49,11.3,0.01,4,4520,买盘
938,13:32:44,11.29,-0.01,50,56449,卖盘
939,13:32:39,11.3,--,25,28250,买盘
940,13:32:34,11.3,--,10,11300,买盘
941,13:32:29,11.3,--,4,5480,卖盘
942,13:32:24,11.3,0.01,184,208089,买盘
943,13:32:19,11.29,--,14,15805,卖盘
944,13:32:14,11.29,-0.01,4,4516,卖盘
945,13:32:04,11.3,0.01,15,16950,买盘
946,13:31:49,11.29,--,26,29353,卖盘
947,13:31:39,11.29,--,30,34434,买盘
948,13:31:34,11.29,--,5,5645,买盘
949,13:31:24,11.29,--,50,56449,买盘
950,13:31:09,11.29,--,6,6773,卖盘
951,13:31:04,11.29,--,47,53062,卖盘
952,13:30:54,11.29,-0.01,50,56449,卖盘
953,13:30:49,11.3,--,1,1130,买盘
954,13:30:44,11.3,-0.01,16,18080,买盘
955,13:30:29,11.31,--,0,0,买盘
956,13:30:24,11.31,0.01,11,12486,买盘
957,13:30:19,11.3,--,300,339000,卖盘
958,13:30:14,11.3,--,55,62150,卖盘
959,13:30:09,11.3,--,55,62150,卖盘
960,13:30:04,11.3,--,73,82490,卖盘
961,13:29:59,11.3,--,274,309620,卖盘
962,13:29:53,11.3,--,84,94920,卖盘
963,13:29:49,11.3,--,3,3390,卖盘
964,13:29:34,11.3,--,23,25990,卖盘
965,13:29:29,11.3,--,20,22600,卖盘
966,13:29:23,11.3,-0.01,70,79100,卖盘
967,13:29:19,11.31,--,36,40716,买盘
968,13:29:14,11.31,--,8,9048,买盘
969,13:29:08,11.31,--,14,15834,卖盘
970,13:29:04,11.31,--,35,39585,卖盘
971,13:28:58,11.31,-0.01,19,21489,卖盘
972,13:28:53,11.32,0.01,10,11320,买盘
973,13:28:49,11.31,--,13,14703,卖盘
974,13:28:43,11.31,--,62,70122,卖盘
975,13:28:38,11.31,--,30,33930,卖盘
976,13:28:34,11.31,--,38,42978,买盘
977,13:28:28,11.31,--,43,48633,卖盘
978,13:28:23,11.31,--,43,48633,卖盘
979,13:28:19,11.31,--,50,56550,卖盘
980,13:28:08,11.31,-0.01,24,27144,卖盘
981,13:28:04,11.32,--,103,116596,买盘
982,13:27:58,11.32,0.01,14,15848,买盘
983,13:27:53,11.31,--,3,3393,卖盘
984,13:27:49,11.31,0.01,25,28275,中性盘
985,13:27:43,11.3,-0.01,155,175150,卖盘
986,13:27:38,11.31,0.01,5,5655,买盘
987,13:27:34,11.3,-0.01,73,82490,卖盘
988,13:27:28,11.31,-0.01,3,3393,卖盘
989,13:27:23,11.32,0.02,31,35092,买盘
990,13:27:19,11.3,-0.01,11,12430,卖盘
991,13:27:13,11.31,--,30,33930,买盘
992,13:27:08,11.31,--,7,7917,买盘
993,13:27:04,11.31,--,83,93873,买盘
994,13:26:58,11.31,0.01,94,106314,买盘
995,13:26:53,11.3,--,125,141250,卖盘
996,13:26:48,11.3,--,25,28250,卖盘
997,13:26:43,11.3,--,70,79100,卖盘
998,13:26:38,11.3,--,1005,1136734,买盘
999,13:26:33,11.3,--,140,158200,买盘
1000,13:26:28,11.3,--,34,38420,买盘
1001,13:26:23,11.3,0.01,7,7910,买盘
1002,13:26:18,11.29,--,395,445954,买盘
1003,13:26:13,11.29,0.01,41,46289,买盘
1004,13:26:08,11.28,--,103,116184,卖盘
1005,13:25:58,11.28,--,9,10152,卖盘
1006,13:25:53,11.28,-0.01,11,12408,中性盘
1007,13:25:48,11.29,0.01,12,13547,买盘
1008,13:25:43,11.28,-0.01,101,113928,买盘
1009,13:25:38,11.29,0.01,50,56449,买盘
1010,13:25:28,11.28,--,18,20304,买盘
1011,13:25:23,11.28,--,4,4512,买盘
1012,13:25:18,11.28,--,18,20304,买盘
1013,13:25:13,11.28,--,71,80088,买盘
1014,13:25:08,11.28,--,22,24816,买盘
1015,13:25:03,11.28,--,17,19176,买盘
1016,13:24:58,11.28,--,27,30456,买盘
1017,13:24:53,11.28,-0.01,10,11280,卖盘
1018,13:24:48,11.29,0.01,8,9032,买盘
1019,13:24:43,11.28,0.01,17,19176,卖盘
1020,13:24:38,11.27,-0.01,141,158907,卖盘
1021,13:24:33,11.28,--,3,3384,卖盘
1022,13:24:28,11.28,0.01,339,382403,买盘
1023,13:24:23,11.27,--,21,23667,卖盘
1024,13:24:18,11.27,--,35,39445,卖盘
1025,13:24:13,11.27,--,10,11270,卖盘
1026,13:24:08,11.27,--,54,60858,卖盘
1027,13:24:03,11.27,--,1,1127,卖盘
1028,13:23:58,11.27,--,171,192717,卖盘
1029,13:23:53,11.27,--,211,237797,卖盘
1030,13:23:48,11.27,-0.01,107,120589,卖盘
1031,13:23:43,11.28,--,4,4512,买盘
1032,13:23:38,11.28,0.01,25,28200,买盘
1033,13:23:28,11.27,-0.01,2,2254,卖盘
1034,13:23:23,11.28,--,47,53016,卖盘
1035,13:23:18,11.28,--,26,29328,卖盘
1036,13:23:13,11.28,--,1,1128,卖盘
1037,13:23:08,11.28,--,38,42864,买盘
1038,13:22:58,11.28,--,62,69936,买盘
1039,13:22:48,11.28,--,10,11280,买盘
1040,13:22:43,11.28,--,53,59784,卖盘
1041,13:22:38,11.28,-0.01,5,5640,卖盘
1042,13:22:32,11.29,--,18,20322,买盘
1043,13:22:28,11.29,0.01,360,406439,买盘
1044,13:22:23,11.28,--,32,36096,卖盘
1045,13:22:17,11.28,--,10,11280,卖盘
1046,13:22:13,11.28,--,60,67680,卖盘
1047,13:22:08,11.28,--,109,122952,买盘
1048,13:21:58,11.28,0.01,17,19176,买盘
1049,13:21:53,11.27,-0.01,8,9016,卖盘
1050,13:21:47,11.28,0.01,17,19176,买盘
1051,13:21:43,11.27,--,14,15778,卖盘
1052,13:21:37,11.27,--,213,240051,买盘
1053,13:21:32,11.27,--,11,12397,买盘
1054,13:21:28,11.27,--,13,14651,买盘
1055,13:21:22,11.27,--,64,72128,卖盘
1056,13:21:13,11.27,-0.02,126,142002,卖盘
1057,13:21:07,11.29,0.01,167,188543,买盘
1058,13:20:58,11.28,--,33,37224,卖盘
1059,13:20:43,11.28,-0.01,25,28200,中性盘
1060,13:20:37,11.29,0.01,305,344345,买盘
1061,13:20:32,11.28,--,93,104904,买盘
1062,13:20:27,11.28,--,4,4512,买盘
1063,13:20:07,11.28,-0.01,10,11280,卖盘
1064,13:20:02,11.29,0.01,13,14676,买盘
1065,13:19:58,11.28,-0.01,1,1128,卖盘
1066,13:19:52,11.29,--,0,0,买盘
1067,13:19:47,11.29,--,15,16935,买盘
1068,13:19:42,11.29,0.01,35,39515,买盘
1069,13:19:37,11.28,0.01,35,39480,中性盘
1070,13:19:32,11.27,-0.01,10,11270,卖盘
1071,13:19:27,11.28,--,5,5640,卖盘
1072,13:19:22,11.28,0.01,28,31584,买盘
1073,13:19:17,11.27,--,3,3381,卖盘
1074,13:19:12,11.27,--,9,10143,卖盘
1075,13:19:02,11.27,-0.02,25,28175,卖盘
1076,13:18:52,11.29,0.02,387,436922,买盘
1077,13:18:47,11.27,--,32,36064,买盘
1078,13:18:37,11.27,--,15,16905,卖盘
1079,13:18:32,11.27,0.01,11,12397,中性盘
1080,13:18:27,11.26,-0.01,69,77694,卖盘
1081,13:18:17,11.27,--,31,34937,买盘
1082,13:18:12,11.27,--,1,1127,买盘
1083,13:18:07,11.27,--,5,5635,买盘
1084,13:18:02,11.27,--,33,37191,买盘
1085,13:17:52,11.27,--,5,5635,买盘
1086,13:17:47,11.27,0.01,5,5635,中性盘
1087,13:17:42,11.26,-0.02,15,16890,卖盘
1088,13:17:37,11.28,0.01,22,24816,买盘
1089,13:17:32,11.27,0.01,12,13524,买盘
1090,13:17:27,11.26,-0.02,10,11260,卖盘
1091,13:17:22,11.28,0.01,52,58656,买盘
1092,13:17:17,11.27,--,105,118335,卖盘
1093,13:17:12,11.27,-0.01,7,7889,卖盘
1094,13:17:07,11.28,-0.01,34,38352,卖盘
1095,13:17:02,11.29,-0.01,270,304830,卖盘
1096,13:16:57,11.3,--,8,9040,买盘
1097,13:16:52,11.3,--,94,106220,买盘
1098,13:16:47,11.3,0.01,5,5650,买盘
1099,13:16:42,11.29,-0.01,11,12418,卖盘
1100,13:16:37,11.3,--,75,84750,买盘
1101,13:16:32,11.3,--,37,41810,买盘
1102,13:16:22,11.3,0.01,207,233910,买盘
1103,13:16:17,11.29,--,118,133222,卖盘
1104,13:16:12,11.29,--,10,11290,卖盘
1105,13:16:07,11.29,--,87,98222,卖盘
1106,13:16:02,11.29,--,237,267573,卖盘
1107,13:15:56,11.29,--,832,939327,卖盘
1108,13:15:52,11.29,-0.01,11,12418,卖盘
1109,13:15:47,11.3,--,92,103960,买盘
1110,13:15:42,11.3,0.01,243,274590,买盘
1111,13:15:37,11.29,-0.01,46,51933,卖盘
1112,13:15:32,11.3,--,16,18080,买盘
1113,13:15:26,11.3,0.01,20,22600,买盘
1114,13:15:22,11.29,-0.01,60,67740,卖盘
1115,13:15:16,11.3,0.01,82,92660,买盘
1116,13:15:11,11.29,--,1,1129,卖盘
1117,13:15:07,11.29,-0.01,12,13547,卖盘
1118,13:15:02,11.3,--,48,54240,买盘
1119,13:14:56,11.3,--,11,12430,买盘
1120,13:14:52,11.3,0.01,18,20340,买盘
1121,13:14:47,11.29,--,28,31611,卖盘
1122,13:14:41,11.29,--,30,33870,买盘
1123,13:14:37,11.29,--,20,22580,买盘
1124,13:14:31,11.29,--,50,56449,买盘
1125,13:14:26,11.29,--,12,13593,卖盘
1126,13:14:22,11.29,--,80,90320,卖盘
1127,13:14:16,11.29,--,56,63223,卖盘
1128,13:14:11,11.29,--,10,12373,卖盘
1129,13:14:07,11.29,--,347,391762,买盘
1130,13:14:01,11.29,--,35,39515,买盘
1131,13:13:56,11.29,--,0,0,买盘
1132,13:13:51,11.29,--,71,80159,买盘
1133,13:13:46,11.29,0.02,17,19193,买盘
1134,13:13:41,11.27,-0.02,58,65366,卖盘
1135,13:13:37,11.29,0.02,16,18064,买盘
1136,13:13:31,11.27,-0.02,5,5635,卖盘
1137,13:13:26,11.29,0.03,491,554339,买盘
1138,13:13:16,11.26,-0.01,5,5630,卖盘
1139,13:13:11,11.27,0.01,26,29302,买盘
1140,13:12:56,11.26,--,16,18016,卖盘
1141,13:12:51,11.26,-0.01,40,45040,卖盘
1142,13:12:46,11.27,0.02,124,140119,买盘
1143,13:12:41,11.25,-0.01,7,7875,卖盘
1144,13:12:36,11.26,--,50,56300,买盘
1145,13:12:31,11.26,0.01,6,6756,买盘
1146,13:12:26,11.25,-0.01,40,45000,卖盘
1147,13:12:16,11.26,0.01,108,121608,买盘
1148,13:12:11,11.25,--,54,60750,买盘
1149,13:12:06,11.25,--,8,9000,买盘
1150,13:12:01,11.25,--,20,22500,买盘
1151,13:11:56,11.25,--,40,45000,买盘
1152,13:11:51,11.25,--,90,101250,卖盘
1153,13:11:46,11.25,--,269,302625,卖盘
1154,13:11:41,11.25,--,8,9000,卖盘
1155,13:11:31,11.25,--,206,231750,卖盘
1156,13:11:26,11.25,--,7,7875,卖盘
1157,13:11:16,11.25,--,12,13500,卖盘
1158,13:11:11,11.25,--,157,176625,卖盘
1159,13:11:06,11.25,--,3,3375,卖盘
1160,13:10:56,11.25,--,12,13500,卖盘
1161,13:10:46,11.25,--,3,3375,卖盘
1162,13:10:41,11.25,--,6,6750,卖盘
1163,13:10:36,11.25,-0.01,20,22500,卖盘
1164,13:10:31,11.26,0.01,2,2252,买盘
1165,13:10:26,11.25,--,8,9000,卖盘
1166,13:10:21,11.25,--,5,5625,卖盘
1167,13:10:16,11.25,--,4,4500,卖盘
1168,13:10:11,11.25,--,30,33750,卖盘
1169,13:10:01,11.25,-0.01,20,22500,卖盘
1170,13:09:56,11.26,0.01,11,12386,买盘
1171,13:09:51,11.25,-0.01,20,22500,卖盘
1172,13:09:46,11.26,0.01,81,91206,买盘
1173,13:09:41,11.25,--,5,5625,卖盘
1174,13:09:36,11.25,--,20,22500,卖盘
1175,13:09:31,11.25,--,71,79875,买盘
1176,13:09:26,11.25,--,6,6750,卖盘
1177,13:09:16,11.25,--,38,42750,卖盘
1178,13:09:06,11.25,--,4,4500,卖盘
1179,13:09:01,11.25,--,8,9000,卖盘
1180,13:08:56,11.25,--,335,376875,卖盘
1181,13:08:51,11.25,--,170,191250,买盘
1182,13:08:46,11.25,--,12,13500,买盘
1183,13:08:41,11.25,--,45,50625,卖盘
1184,13:08:35,11.25,--,2,2250,卖盘
1185,13:08:31,11.25,--,55,61987,买盘
1186,13:08:26,11.25,--,14,15750,买盘
1187,13:08:21,11.25,0.01,8,9000,买盘
1188,13:08:16,11.24,-0.01,12,13488,卖盘
1189,13:08:05,11.25,--,37,41625,买盘
1190,13:08:01,11.25,-0.01,78,88762,卖盘
1191,13:07:56,11.26,--,1,1126,买盘
1192,13:07:46,11.26,--,65,73190,买盘
1193,13:07:39,11.26,0.01,64,72064,买盘
1194,13:07:35,11.25,-0.01,30,33750,卖盘
1195,13:07:30,11.26,--,562,632812,买盘
1196,13:07:26,11.26,--,43,48418,买盘
1197,13:07:15,11.26,--,61,68686,买盘
1198,13:07:09,11.26,0.01,22,24772,买盘
1199,13:07:05,11.25,--,77,86625,卖盘
1200,13:07:00,11.25,--,10,11250,卖盘
1201,13:06:55,11.25,--,100,112500,卖盘
1202,13:06:50,11.25,--,30,33750,卖盘
1203,13:06:45,11.25,--,7,7875,卖盘
1204,13:06:40,11.25,-0.01,51,57375,卖盘
1205,13:06:35,11.26,0.01,116,130616,买盘
1206,13:06:30,11.25,--,5,5625,卖盘
1207,13:06:25,11.25,-0.01,66,74250,卖盘
1208,13:06:19,11.26,--,7,7882,买盘
1209,13:06:09,11.26,--,67,76196,卖盘
1210,13:06:05,11.26,-0.01,20,22520,卖盘
1211,13:06:00,11.27,--,45,50715,买盘
1212,13:05:55,11.27,--,17,19159,买盘
1213,13:05:45,11.27,0.01,1,1127,买盘
1214,13:05:39,11.26,--,35,39410,卖盘
1215,13:05:35,11.26,--,125,140750,卖盘
1216,13:05:25,11.26,-0.01,215,242090,卖盘
1217,13:05:19,11.27,--,20,22540,买盘
1218,13:05:09,11.27,--,30,33810,买盘
1219,13:05:05,11.27,--,25,28175,买盘
1220,13:04:55,11.27,0.01,73,82271,买盘
1221,13:04:49,11.26,-0.01,16,18016,卖盘
1222,13:04:40,11.27,0.01,20,22540,买盘
1223,13:04:35,11.26,-0.02,16,18016,卖盘
1224,13:04:25,11.28,0.01,10,11280,买盘
1225,13:04:19,11.27,--,52,58604,卖盘
1226,13:04:15,11.27,--,9,10143,卖盘
1227,13:04:10,11.27,--,35,39445,卖盘
1228,13:04:00,11.27,--,10,11270,卖盘
1229,13:03:49,11.27,--,2,2254,卖盘
1230,13:03:45,11.27,-0.01,7,7889,卖盘
1231,13:03:40,11.28,0.01,53,59784,买盘
1232,13:03:34,11.27,--,42,47334,买盘
1233,13:03:25,11.27,--,21,23667,卖盘
1234,13:03:15,11.27,--,21,23667,卖盘
1235,13:03:10,11.27,--,3,3381,卖盘
1236,13:03:05,11.27,-0.01,9,10143,卖盘
1237,13:03:00,11.28,-0.01,135,152280,卖盘
1238,13:02:55,11.29,--,32,36128,卖盘
1239,13:02:49,11.29,0.01,277,312733,买盘
1240,13:02:45,11.28,--,19,21432,卖盘
1241,13:02:39,11.28,--,34,38352,卖盘
1242,13:02:34,11.28,--,26,29328,卖盘
1243,13:02:30,11.28,--,5,5640,卖盘
1244,13:02:25,11.28,--,92,103776,卖盘
1245,13:02:19,11.28,--,201,226728,买盘
1246,13:02:15,11.28,0.01,27,30456,买盘
1247,13:02:10,11.27,-0.01,45,50715,卖盘
1248,13:02:04,11.28,--,5,5640,买盘
1249,13:01:55,11.28,-0.01,17,19176,卖盘
1250,13:01:49,11.29,--,11,12418,买盘
1251,13:01:40,11.29,0.01,55,62094,买盘
1252,13:01:34,11.28,0.01,50,56400,中性盘
1253,13:01:30,11.27,-0.02,10,11270,卖盘
1254,13:01:25,11.29,--,135,152415,买盘
1255,13:01:19,11.29,--,90,101609,买盘
1256,13:01:15,11.29,--,0,0,买盘
1257,13:01:10,11.29,0.01,180,203219,买盘
1258,13:01:04,11.28,-0.01,8,9024,卖盘
1259,13:00:59,11.29,--,47,53062,买盘
1260,13:00:54,11.29,--,111,125318,买盘
1261,13:00:49,11.29,--,97,109512,买盘
1262,13:00:43,11.29,--,2,2258,买盘
1263,13:00:39,11.29,--,148,167092,买盘
1264,13:00:34,11.29,0.01,6,6773,买盘
1265,13:00:28,11.28,-0.01,116,130847,中性盘
1266,13:00:24,11.29,0.02,106,119673,买盘
1267,13:00:19,11.27,-0.01,299,336973,卖盘
1268,13:00:13,11.28,0.01,181,204168,买盘
1269,13:00:09,11.27,--,263,296401,卖盘
1270,13:00:04,11.27,--,511,575908,买盘
1271,11:30:00,11.27,--,0,0,买盘
1272,11:30:00,11.27,--,0,0,买盘
1273,11:29:59,11.27,--,25,28175,买盘
1274,11:29:55,11.27,0.01,7,7889,买盘
1275,11:29:50,11.26,-0.01,33,37158,卖盘
1276,11:29:45,11.27,--,28,31556,买盘
1277,11:29:40,11.27,0.01,14,15778,买盘
1278,11:29:35,11.26,--,17,19142,卖盘
1279,11:29:30,11.26,--,2,2252,卖盘
1280,11:29:25,11.26,--,39,44285,买盘
1281,11:29:20,11.26,-0.01,37,42416,卖盘
1282,11:29:15,11.27,0.01,30,33810,买盘
1283,11:29:10,11.26,--,23,25898,卖盘
1284,11:29:05,11.26,--,5,5630,卖盘
1285,11:29:00,11.26,--,5,5630,卖盘
1286,11:28:55,11.26,--,7,7882,卖盘
1287,11:28:50,11.26,0.01,450,507071,买盘
1288,11:28:45,11.25,-0.01,54,60750,卖盘
1289,11:28:35,11.26,0.01,63,70938,买盘
1290,11:28:25,11.25,-0.01,35,39375,卖盘
1291,11:28:20,11.26,--,66,74316,买盘
1292,11:28:15,11.26,--,4,4504,买盘
1293,11:28:10,11.26,0.01,5,5630,买盘
1294,11:28:05,11.25,-0.01,15,16875,卖盘
1295,11:28:00,11.26,0.01,13,14638,买盘
1296,11:27:55,11.25,--,30,33750,卖盘
1297,11:27:50,11.25,--,4,4500,卖盘
1298,11:27:40,11.25,--,4,4500,卖盘
1299,11:27:35,11.25,--,330,371250,卖盘
1300,11:27:25,11.25,--,181,203737,买盘
1301,11:27:20,11.25,0.01,91,102375,买盘
1302,11:27:10,11.24,--,2,2248,卖盘
1303,11:27:05,11.24,-0.01,17,19108,卖盘
1304,11:27:00,11.25,--,13,14625,买盘
1305,11:26:55,11.25,0.01,38,42750,买盘
1306,11:26:49,11.24,--,26,29224,卖盘
1307,11:26:45,11.24,--,139,156236,买盘
1308,11:26:40,11.24,0.01,37,41588,买盘
1309,11:26:35,11.23,-0.01,43,48289,卖盘
1310,11:26:30,11.24,--,17,19108,买盘
1311,11:26:25,11.24,0.01,12,13488,买盘
1312,11:26:19,11.23,-0.01,80,89840,卖盘
1313,11:26:15,11.24,0.01,3,3372,买盘
1314,11:26:10,11.23,-0.01,20,22460,卖盘
1315,11:26:05,11.24,-0.01,5,5620,买盘
1316,11:25:50,11.25,--,0,0,买盘
1317,11:25:45,11.25,0.01,11,12375,买盘
1318,11:25:40,11.24,--,19,21356,卖盘
1319,11:25:35,11.24,-0.01,71,79804,卖盘
1320,11:25:30,11.25,--,50,56250,买盘
1321,11:25:25,11.25,--,20,22500,买盘
1322,11:25:20,11.25,--,155,174375,卖盘
1323,11:25:15,11.25,-0.01,54,60750,卖盘
1324,11:25:10,11.26,0.01,10,11260,买盘
1325,11:25:05,11.25,--,3,3375,卖盘
1326,11:25:00,11.25,-0.01,23,25875,卖盘
1327,11:24:55,11.26,--,70,78820,买盘
1328,11:24:50,11.26,0.01,72,81072,买盘
1329,11:24:45,11.25,-0.01,6,6750,卖盘
1330,11:24:40,11.26,0.01,63,70938,买盘
1331,11:24:34,11.25,--,70,78750,卖盘
1332,11:24:30,11.25,0.01,64,72000,买盘
1333,11:24:25,11.24,--,31,34844,卖盘
1334,11:24:20,11.24,--,54,60696,卖盘
1335,11:24:10,11.24,-0.01,511,574364,卖盘
1336,11:24:05,11.25,--,30,33750,买盘
1337,11:23:59,11.25,0.01,14,15750,买盘
1338,11:23:55,11.24,-0.01,12,13488,卖盘
1339,11:23:49,11.25,--,126,141750,买盘
1340,11:23:44,11.25,--,85,95625,卖盘
1341,11:23:39,11.25,--,303,340875,卖盘
1342,11:23:34,11.25,-0.01,151,169875,卖盘
1343,11:23:29,11.26,--,68,76568,买盘
1344,11:23:24,11.26,0.01,69,77694,买盘
1345,11:23:19,11.25,--,151,169875,卖盘
1346,11:23:13,11.25,-0.01,77,86625,卖盘
1347,11:23:09,11.26,--,3,3378,买盘
1348,11:23:05,11.26,--,21,24400,卖盘
1349,11:22:58,11.26,--,40,45411,卖盘
1350,11:22:54,11.26,--,36,40536,卖盘
1351,11:22:49,11.26,--,31,34906,卖盘
1352,11:22:44,11.26,--,37,41662,卖盘
1353,11:22:39,11.26,--,26,29276,买盘
1354,11:22:34,11.26,--,33,37158,买盘
1355,11:22:28,11.26,--,210,236460,买盘
1356,11:22:24,11.26,--,7,7882,买盘
1357,11:22:19,11.26,0.01,44,49544,买盘
1358,11:22:13,11.25,--,48,54000,卖盘
1359,11:22:08,11.25,--,3,3375,卖盘
1360,11:22:04,11.25,0.01,1187,1335375,买盘
1361,11:21:58,11.24,0.01,219,246156,买盘
1362,11:21:53,11.23,-0.01,2,2246,卖盘
1363,11:21:49,11.24,0.01,62,69688,买盘
1364,11:21:43,11.23,--,213,239199,卖盘
1365,11:21:38,11.23,--,861,966903,买盘
1366,11:21:34,11.23,0.01,78,87594,买盘
1367,11:21:28,11.22,-0.01,99,111078,卖盘
1368,11:21:24,11.23,0.01,15,16845,买盘
1369,11:21:19,11.22,-0.01,46,51612,卖盘
1370,11:21:13,11.23,--,13,14599,买盘
1371,11:21:09,11.23,0.01,10,11230,买盘
1372,11:21:04,11.22,--,201,225522,卖盘
1373,11:20:58,11.22,--,451,506022,买盘
1374,11:20:49,11.22,0.01,239,268158,买盘
1375,11:20:43,11.21,--,22,24662,买盘
1376,11:20:39,11.21,--,15,16815,买盘
1377,11:20:34,11.21,-0.01,75,84075,卖盘
1378,11:20:28,11.22,0.01,42,47124,买盘
1379,11:20:24,11.21,--,20,22420,卖盘
1380,11:20:19,11.21,--,53,59413,买盘
1381,11:20:13,11.21,--,40,44840,买盘
1382,11:20:09,11.21,0.01,1,1121,买盘
1383,11:20:04,11.2,-0.01,11,12320,卖盘
1384,11:19:58,11.21,0.01,33,36993,买盘
1385,11:19:49,11.2,--,8,8960,卖盘
1386,11:19:38,11.2,--,10,11200,卖盘
1387,11:19:34,11.2,--,35,39379,买盘
1388,11:19:28,11.2,--,3,3360,买盘
1389,11:19:19,11.2,0.01,30,33600,买盘
1390,11:19:13,11.19,-0.03,84,93996,卖盘
1391,11:19:08,11.22,0.03,148,166056,买盘
1392,11:19:04,11.19,-0.01,406,454314,卖盘
1393,11:18:58,11.2,0.01,14,15679,买盘
1394,11:18:49,11.19,-0.01,52,58188,卖盘
1395,11:18:43,11.2,--,74,82880,买盘
1396,11:18:34,11.2,--,1,1120,买盘
1397,11:18:28,11.2,--,94,105280,卖盘
1398,11:18:23,11.2,--,94,105280,卖盘
1399,11:18:19,11.2,-0.01,20,22400,卖盘
1400,11:18:13,11.21,--,18,20178,买盘
1401,11:18:08,11.21,--,18,20178,买盘
1402,11:18:04,11.21,-0.01,30,33630,中性盘
1403,11:17:58,11.22,0.01,22,24684,买盘
1404,11:17:53,11.21,-0.01,30,33630,卖盘
1405,11:17:49,11.22,--,7,7854,买盘
1406,11:17:43,11.22,--,283,317526,买盘
1407,11:17:34,11.22,--,8,8976,买盘
1408,11:17:28,11.22,0.01,50,56100,买盘
1409,11:17:23,11.21,--,5,5605,卖盘
1410,11:17:19,11.21,0.01,20,22420,卖盘
1411,11:17:08,11.2,-0.02,17,19040,卖盘
1412,11:17:03,11.22,--,14,15708,买盘
1413,11:16:58,11.22,0.01,578,648516,买盘
1414,11:16:53,11.21,-0.01,10,11210,卖盘
1415,11:16:49,11.22,0.01,62,69564,买盘
1416,11:16:43,11.21,-0.01,120,134520,卖盘
1417,11:16:38,11.22,0.02,80,89760,买盘
1418,11:16:32,11.2,--,0,0,卖盘
1419,11:16:28,11.2,--,8,8960,卖盘
1420,11:16:23,11.2,-0.02,8,8960,卖盘
1421,11:16:17,11.22,0.02,10,11220,买盘
1422,11:16:13,11.2,--,17,19040,卖盘
1423,11:16:08,11.2,-0.02,30,33600,卖盘
1424,11:15:58,11.22,0.02,62,69564,买盘
1425,11:15:53,11.2,0.01,305,341600,买盘
1426,11:15:47,11.19,--,10,11190,买盘
1427,11:15:43,11.19,--,430,481170,卖盘
1428,11:15:37,11.19,--,1197,1339443,卖盘
1429,11:15:32,11.19,-0.01,20,22380,卖盘
1430,11:15:28,11.2,0.01,12,13440,买盘
1431,11:15:22,11.19,--,417,466623,买盘
1432,11:15:17,11.19,0.01,13,14547,买盘
1433,11:15:13,11.18,-0.01,68,76024,卖盘
1434,11:15:07,11.19,0.01,22,24618,买盘
1435,11:14:58,11.18,--,114,127452,买盘
1436,11:14:52,11.18,0.01,174,194532,买盘
1437,11:14:43,11.17,--,57,64171,买盘
1438,11:14:37,11.17,--,12,13404,买盘
1439,11:14:32,11.17,--,11,12287,买盘
1440,11:14:28,11.17,--,8,8936,卖盘
1441,11:14:22,11.17,--,86,96062,卖盘
1442,11:14:13,11.17,--,6,6702,卖盘
1443,11:14:07,11.17,-0.01,2,2234,卖盘
1444,11:13:58,11.18,0.01,16,17888,买盘
1445,11:13:47,11.17,--,0,0,卖盘
1446,11:13:43,11.17,-0.01,10,11170,卖盘
1447,11:13:37,11.18,0.01,24,26832,买盘
1448,11:13:28,11.17,--,84,93828,卖盘
1449,11:13:22,11.17,0.01,111,123987,买盘
1450,11:13:13,11.16,--,16,17856,卖盘
1451,11:13:07,11.16,--,5,5580,卖盘
1452,11:13:02,11.16,-0.01,7,7812,卖盘
1453,11:12:52,11.17,0.01,62,69254,买盘
1454,11:12:47,11.16,--,0,0,中性盘
1455,11:12:43,11.16,--,25,27900,买盘
1456,11:12:37,11.16,--,38,42408,卖盘
1457,11:12:28,11.16,-0.01,10,11160,卖盘
1458,11:12:22,11.17,--,14,15638,买盘
1459,11:12:17,11.17,--,2,2234,买盘
1460,11:12:13,11.17,-0.02,125,139625,卖盘
1461,11:12:07,11.19,--,0,0,买盘
1462,11:12:02,11.19,0.01,14,15666,买盘
1463,11:11:58,11.18,--,59,65962,卖盘
1464,11:11:52,11.18,-0.01,24,26832,卖盘
1465,11:11:47,11.19,0.01,2,2238,买盘
1466,11:11:43,11.18,--,13,14534,卖盘
1467,11:11:37,11.18,-0.01,5,5590,卖盘
1468,11:11:28,11.19,0.01,5,5595,买盘
1469,11:11:22,11.18,-0.01,5,5590,卖盘
1470,11:11:17,11.19,--,5,5595,买盘
1471,11:11:13,11.19,-0.01,40,44760,买盘
1472,11:11:07,11.2,--,50,56000,买盘
1473,11:11:02,11.2,0.01,63,70560,买盘
1474,11:10:58,11.19,--,34,38046,卖盘
1475,11:10:52,11.19,0.01,5,5595,卖盘
1476,11:10:47,11.18,-0.02,13,14534,卖盘
1477,11:10:43,11.2,0.01,7,7839,买盘
1478,11:10:37,11.19,--,97,108543,卖盘
1479,11:10:32,11.19,0.01,49,54831,买盘
1480,11:10:28,11.18,-0.01,43,48074,卖盘
1481,11:10:22,11.19,0.01,5,5595,买盘
1482,11:10:17,11.18,-0.01,3,3354,卖盘
1483,11:10:12,11.19,0.01,2,2238,买盘
1484,11:10:07,11.18,-0.01,2,2236,卖盘
1485,11:10:02,11.19,--,15,16785,买盘
1486,11:09:57,11.19,--,5,5595,买盘
1487,11:09:52,11.19,--,20,22380,买盘
1488,11:09:47,11.19,--,89,99591,卖盘
1489,11:09:37,11.19,--,15,16785,卖盘
1490,11:09:32,11.19,-0.01,20,22380,买盘
1491,11:09:22,11.2,0.01,100,112000,买盘
1492,11:09:17,11.19,--,54,60426,买盘
1493,11:09:11,11.19,--,10,11190,买盘
1494,11:09:07,11.19,-0.01,114,127566,卖盘
1495,11:09:02,11.2,0.01,30,33600,买盘
1496,11:08:56,11.19,--,20,22380,卖盘
1497,11:08:52,11.19,-0.01,43,48117,卖盘
1498,11:08:47,11.2,0.01,5,5600,买盘
1499,11:08:37,11.19,-0.01,13,14547,买盘
1500,11:08:32,11.2,0.01,50,56000,买盘
1501,11:08:26,11.19,-0.01,38,42522,卖盘
1502,11:08:22,11.2,0.01,30,33600,买盘
1503,11:08:17,11.19,-0.01,11,12309,卖盘
1504,11:08:11,11.2,--,32,35840,买盘
1505,11:08:07,11.2,0.01,38,42560,买盘
1506,11:08:01,11.19,--,78,87282,卖盘
1507,11:07:52,11.19,0.01,17,19023,买盘
1508,11:07:46,11.18,0.01,5,5590,买盘
1509,11:07:37,11.17,-0.03,5,5585,卖盘
1510,11:07:31,11.2,--,0,0,买盘
1511,11:07:26,11.2,0.01,715,800800,买盘
1512,11:07:22,11.19,--,4,4476,买盘
1513,11:07:16,11.19,--,0,0,买盘
1514,11:07:11,11.19,0.03,390,436410,买盘
1515,11:07:07,11.16,--,13,14508,买盘
1516,11:07:01,11.16,--,70,78120,买盘
1517,11:06:52,11.16,0.01,42,46872,买盘
1518,11:06:46,11.15,-0.01,0,11,卖盘
1519,11:06:37,11.16,-0.01,11,12276,买盘
1520,11:06:26,11.17,0.01,16,17872,买盘
1521,11:06:22,11.16,-0.01,5,5580,中性盘
1522,11:06:16,11.17,--,20,22340,买盘
1523,11:06:07,11.17,0.01,30,33510,买盘
1524,11:06:01,11.16,--,30,33480,卖盘
1525,11:05:52,11.16,--,27,30132,卖盘
1526,11:05:46,11.16,-0.01,65,72540,卖盘
1527,11:05:36,11.17,0.01,20,22340,买盘
1528,11:05:31,11.16,--,4,4464,卖盘
1529,11:05:26,11.16,--,11,12276,卖盘
1530,11:05:16,11.16,--,8,8928,卖盘
1531,11:05:11,11.16,--,20,22320,卖盘
1532,11:05:07,11.16,--,5,5580,卖盘
1533,11:05:01,11.16,0.01,34,37944,买盘
1534,11:04:56,11.15,--,20,22300,买盘
1535,11:04:51,11.15,-0.03,362,403630,卖盘
1536,11:04:46,11.18,0.02,66,73788,买盘
1537,11:04:41,11.16,-0.02,17,18972,卖盘
1538,11:04:31,11.18,0.01,24,26832,买盘
1539,11:04:26,11.17,--,35,39095,卖盘
1540,11:04:22,11.17,-0.01,59,65903,卖盘
1541,11:04:16,11.18,--,53,59254,买盘
1542,11:04:11,11.18,--,1,1118,买盘
1543,11:04:07,11.18,--,86,96148,买盘
1544,11:04:01,11.18,-0.01,94,105092,卖盘
1545,11:03:56,11.19,-0.01,21,23499,中性盘
1546,11:03:52,11.2,--,9,11020,卖盘
1547,11:03:46,11.2,0.01,279,312659,买盘
1548,11:03:36,11.19,0.01,30,33570,买盘
1549,11:03:31,11.18,-0.01,72,80496,卖盘
1550,11:03:26,11.19,--,2,2238,买盘
1551,11:03:21,11.19,-0.01,208,233691,卖盘
1552,11:03:16,11.2,0.01,159,178640,买盘
1553,11:03:11,11.19,--,6,6714,卖盘
1554,11:03:07,11.19,0.01,128,143970,买盘
1555,11:02:56,11.18,-0.01,133,148694,卖盘
1556,11:02:51,11.19,0.01,537,600903,买盘
1557,11:02:41,11.18,0.01,37,41366,卖盘
1558,11:02:36,11.17,--,0,0,卖盘
1559,11:02:31,11.17,-0.02,24,26808,卖盘
1560,11:02:26,11.19,0.02,28,31332,买盘
1561,11:02:21,11.17,--,8,8936,卖盘
1562,11:02:16,11.17,-0.02,17,18989,卖盘
1563,11:02:11,11.19,0.02,153,171207,买盘
1564,11:02:06,11.17,--,0,0,卖盘
1565,11:02:01,11.17,0.01,618,690306,买盘
1566,11:01:56,11.16,--,22,24552,卖盘
1567,11:01:50,11.16,--,15,16740,卖盘
1568,11:01:46,11.16,--,107,119412,卖盘
1569,11:01:41,11.16,--,5,5580,卖盘
1570,11:01:31,11.16,--,1373,1532268,买盘
1571,11:01:26,11.16,0.01,15,16740,买盘
1572,11:01:21,11.15,-0.01,2,2230,卖盘
1573,11:01:16,11.16,--,25,27900,卖盘
1574,11:01:11,11.16,--,299,333684,买盘
1575,11:01:01,11.16,0.01,15,16740,买盘
1576,11:00:56,11.15,0.01,375,418125,买盘
1577,11:00:46,11.14,--,21,23394,买盘
1578,11:00:41,11.14,--,9,10026,买盘
1579,11:00:35,11.14,--,20,22280,买盘
1580,11:00:31,11.14,-0.02,70,77980,卖盘
1581,11:00:26,11.16,--,5,5580,买盘
1582,11:00:20,11.16,-0.01,10,11160,中性盘
1583,11:00:16,11.17,0.01,1711,1911187,买盘
1584,11:00:10,11.16,-0.01,10,11160,卖盘
1585,11:00:05,11.17,--,0,0,买盘
1586,11:00:01,11.17,--,284,317228,买盘
1587,10:59:55,11.17,--,0,0,买盘
1588,10:59:50,11.17,0.04,650,726050,买盘
1589,10:59:46,11.13,-0.02,4,4452,中性盘
1590,10:59:40,11.15,--,12,13380,买盘
1591,10:59:35,11.15,0.03,4,4460,买盘
1592,10:59:31,11.12,--,312,346944,买盘
1593,10:59:25,11.12,--,4,4448,买盘
1594,10:59:20,11.12,--,17,18904,卖盘
1595,10:59:10,11.12,-0.03,8,8896,卖盘
1596,10:59:01,11.15,0.04,650,724750,买盘
1597,10:58:55,11.11,-0.01,412,457732,卖盘
1598,10:58:50,11.12,-0.01,10,11120,买盘
1599,10:58:40,11.13,0.02,27,30051,买盘
1600,10:58:31,11.11,--,48,53328,卖盘
1601,10:58:25,11.11,-0.02,2,2222,卖盘
1602,10:58:16,11.13,--,2,2226,买盘
1603,10:58:10,11.13,--,11,12243,卖盘
1604,10:58:05,11.13,-0.01,146,162498,卖盘
1605,10:58:01,11.14,0.01,172,191608,买盘
1606,10:57:55,11.13,-0.01,158,175854,卖盘
1607,10:57:50,11.14,--,34,37876,买盘
1608,10:57:46,11.14,0.01,33,36762,买盘
1609,10:57:40,11.13,-0.01,348,387324,卖盘
1610,10:57:35,11.14,0.01,10,11140,买盘
1611,10:57:30,11.13,--,29,32277,卖盘
1612,10:57:25,11.13,--,54,60102,卖盘
1613,10:57:20,11.13,--,250,278250,卖盘
1614,10:57:16,11.13,--,5,5565,卖盘
1615,10:57:10,11.13,0.02,632,703416,买盘
1616,10:57:05,11.11,--,4,4444,买盘
1617,10:57:01,11.11,--,113,125543,卖盘
1618,10:56:55,11.11,--,85,94435,买盘
1619,10:56:45,11.11,--,6,6666,买盘
1620,10:56:40,11.11,--,152,168872,买盘
1621,10:56:30,11.11,0.01,1,1111,买盘
1622,10:56:25,11.1,-0.01,31,34410,卖盘
1623,10:56:20,11.11,--,14,15554,买盘
1624,10:56:15,11.11,--,20,22220,买盘
1625,10:56:10,11.11,-0.01,43,47773,中性盘
1626,10:56:05,11.12,0.02,110,122319,买盘
1627,10:55:55,11.1,--,209,231990,买盘
1628,10:55:50,11.1,--,9,9990,买盘
1629,10:55:40,11.1,0.02,7,7770,买盘
1630,10:55:35,11.08,--,12,13296,买盘
1631,10:55:30,11.08,--,45,49860,买盘
1632,10:55:25,11.08,--,59,65372,买盘
1633,10:55:20,11.08,--,48,53184,买盘
1634,10:55:15,11.08,--,14,15512,买盘
1635,10:55:10,11.08,--,78,86424,买盘
1636,10:55:05,11.08,--,206,228248,买盘
1637,10:55:00,11.08,--,19,21052,买盘
1638,10:54:55,11.08,--,11,12188,买盘
1639,10:54:45,11.08,--,45,49860,买盘
1640,10:54:40,11.08,--,318,352344,买盘
1641,10:54:35,11.08,--,14,15512,买盘
1642,10:54:30,11.08,--,21,23268,买盘
1643,10:54:20,11.08,--,29,32132,买盘
1644,10:54:10,11.08,--,6,6648,买盘
1645,10:54:05,11.08,--,105,116340,买盘
1646,10:54:00,11.08,--,24,26592,买盘
1647,10:53:55,11.08,--,20,22160,买盘
1648,10:53:50,11.08,--,2,2216,买盘
1649,10:53:45,11.08,0.01,3,3324,买盘
1650,10:53:40,11.07,--,151,167157,买盘
1651,10:53:35,11.07,--,39,43173,买盘
1652,10:53:29,11.07,--,5,5535,买盘
1653,10:53:25,11.07,--,216,239112,买盘
1654,10:53:20,11.07,--,171,189297,买盘
1655,10:53:14,11.07,--,20,22140,买盘
1656,10:53:10,11.07,--,16,17712,买盘
1657,10:53:05,11.07,--,9,9963,买盘
1658,10:52:55,11.07,--,81,89667,买盘
1659,10:52:40,11.07,--,9,9963,买盘
1660,10:52:25,11.07,--,21,23247,买盘
1661,10:52:20,11.07,--,16,17712,买盘
1662,10:52:14,11.07,--,4,4428,买盘
1663,10:52:10,11.07,--,60,66420,买盘
1664,10:52:04,11.07,--,5,5535,买盘
1665,10:51:55,11.07,0.01,9,9963,买盘
1666,10:51:40,11.06,--,3,3318,卖盘
1667,10:51:19,11.06,-0.01,334,369404,卖盘
1668,10:51:14,11.07,--,3,3321,买盘
1669,10:51:04,11.07,--,22,24354,买盘
1670,10:50:55,11.07,--,19,21033,买盘
1671,10:50:49,11.07,0.01,1,1107,买盘
1672,10:50:44,11.06,-0.01,5,5530,卖盘
1673,10:50:40,11.07,--,5,5535,买盘
1674,10:50:34,11.07,--,30,33210,买盘
1675,10:50:25,11.07,-0.01,395,437265,卖盘
1676,10:50:10,11.08,0.01,13,14404,买盘
1677,10:50:04,11.07,-0.01,45,49815,卖盘
1678,10:49:59,11.08,0.01,1,1108,买盘
1679,10:49:55,11.07,--,10,11070,卖盘
1680,10:49:49,11.07,0.01,6,6642,中性盘
1681,10:49:44,11.06,-0.02,703,777518,卖盘
1682,10:49:39,11.08,0.01,10,11080,买盘
1683,10:49:34,11.07,-0.01,25,27675,卖盘
1684,10:49:29,11.08,--,20,22160,买盘
1685,10:49:19,11.08,0.02,20,22160,买盘
1686,10:49:14,11.06,-0.02,303,335118,卖盘
1687,10:49:09,11.08,0.01,1,1108,买盘
1688,10:49:04,11.07,-0.01,3,3321,卖盘
1689,10:48:54,11.08,0.01,8,8864,买盘
1690,10:48:34,11.07,0.01,25,28560,买盘
1691,10:48:29,11.06,--,27,29862,卖盘
1692,10:48:24,11.06,-0.01,44,48664,卖盘
1693,10:48:14,11.07,--,98,108486,买盘
1694,10:48:09,11.07,--,3,3321,买盘
1695,10:48:04,11.07,--,228,252396,买盘
1696,10:47:59,11.07,--,10,11070,买盘
1697,10:47:54,11.07,0.01,72,79704,买盘
1698,10:47:44,11.06,-0.01,29,32074,卖盘
1699,10:47:39,11.07,--,5,5535,买盘
1700,10:47:29,11.07,--,65,71955,买盘
1701,10:47:19,11.07,--,16,17712,买盘
1702,10:47:14,11.07,--,16,17712,买盘
1703,10:47:04,11.07,--,30,33210,买盘
1704,10:46:59,11.07,--,9,9963,买盘
1705,10:46:54,11.07,--,5,5535,买盘
1706,10:46:49,11.07,--,15,16605,买盘
1707,10:46:44,11.07,--,50,55350,买盘
1708,10:46:39,11.07,--,6,6642,买盘
1709,10:46:34,11.07,--,12,13284,买盘
1710,10:46:29,11.07,--,60,66420,买盘
1711,10:46:23,11.07,0.01,2,2214,买盘
1712,10:46:19,11.06,-0.01,16,17696,卖盘
1713,10:46:14,11.07,--,23,25461,买盘
1714,10:46:08,11.07,0.01,219,242433,买盘
1715,10:46:04,11.06,-0.01,12,13272,卖盘
1716,10:45:59,11.07,--,45,49815,买盘
1717,10:45:53,11.07,--,57,63099,买盘
1718,10:45:49,11.07,0.01,11,12177,买盘
1719,10:45:44,11.06,-0.01,21,23226,卖盘
1720,10:45:38,11.07,--,4,4428,买盘
1721,10:45:34,11.07,--,50,55350,买盘
1722,10:45:29,11.07,--,22,24354,买盘
1723,10:45:23,11.07,--,10,11070,买盘
1724,10:45:19,11.07,--,98,109271,买盘
1725,10:45:14,11.07,--,3,3321,买盘
1726,10:45:08,11.07,--,1,1107,买盘
1727,10:45:04,11.07,--,122,135054,买盘
1728,10:44:53,11.07,--,13,14391,买盘
1729,10:44:49,11.07,0.01,3,3321,买盘
1730,10:44:44,11.06,-0.01,71,78526,卖盘
1731,10:44:28,11.07,--,28,30996,买盘
1732,10:44:23,11.07,--,27,29889,买盘
1733,10:44:19,11.07,-0.01,266,294683,卖盘
1734,10:44:13,11.08,0.01,60,66480,买盘
1735,10:44:08,11.07,-0.01,78,86346,卖盘
1736,10:44:04,11.08,--,275,304700,买盘
1737,10:43:48,11.08,--,20,22160,买盘
1738,10:43:43,11.08,--,7,7756,买盘
1739,10:43:38,11.08,0.01,1,1108,买盘
1740,10:43:33,11.07,-0.01,5,5535,卖盘
1741,10:43:19,11.08,--,9,10858,买盘
1742,10:43:13,11.08,--,31,34348,买盘
1743,10:43:03,11.08,--,27,29916,买盘
1744,10:42:58,11.08,--,59,65372,买盘
1745,10:42:53,11.08,0.01,1,1108,买盘
1746,10:42:48,11.07,-0.01,74,81918,卖盘
1747,10:42:33,11.08,0.01,18,19944,买盘
1748,10:42:28,11.07,--,8,8856,卖盘
1749,10:42:13,11.07,--,53,58671,卖盘
1750,10:42:03,11.07,--,3,3321,卖盘
1751,10:41:58,11.07,--,23,25461,买盘
1752,10:41:53,11.07,--,16,17712,买盘
1753,10:41:48,11.07,--,2,2214,买盘
1754,10:41:43,11.07,-0.01,22,24354,卖盘
1755,10:41:38,11.08,--,49,54292,买盘
1756,10:41:28,11.08,0.01,112,124096,买盘
1757,10:41:08,11.07,0.01,7,7749,买盘
1758,10:40:58,11.06,-0.01,270,298620,卖盘
1759,10:40:43,11.07,--,30,33210,买盘
1760,10:40:38,11.07,--,5,5535,买盘
1761,10:40:33,11.07,--,23,25461,买盘
1762,10:40:23,11.07,-0.01,22,24354,卖盘
1763,10:40:13,11.08,--,11,12188,买盘
1764,10:39:53,11.08,--,520,576160,买盘
1765,10:39:43,11.08,--,31,34348,买盘
1766,10:39:38,11.08,0.01,17,18836,买盘
1767,10:39:33,11.07,-0.01,1,1107,卖盘
1768,10:39:28,11.08,0.01,5,5540,买盘
1769,10:39:23,11.07,-0.01,9,9963,卖盘
1770,10:39:08,11.08,--,50,55400,买盘
1771,10:38:53,11.08,0.01,15,16620,买盘
1772,10:38:48,11.07,-0.01,4,4428,卖盘
1773,10:38:28,11.08,0.01,30,33240,买盘
1774,10:38:22,11.07,-0.01,13,14391,卖盘
1775,10:38:13,11.08,0.01,44,48752,买盘
1776,10:38:08,11.07,--,5,5535,卖盘
1777,10:37:58,11.07,--,40,44280,卖盘
1778,10:37:52,11.07,-0.01,10,11070,卖盘
1779,10:37:47,11.08,--,8,8864,买盘
1780,10:37:43,11.08,--,26,28808,买盘
1781,10:37:38,11.08,0.01,20,22160,买盘
1782,10:37:28,11.07,-0.01,40,44280,卖盘
1783,10:37:23,11.08,0.01,12,13296,买盘
1784,10:36:58,11.07,-0.01,130,143910,卖盘
1785,10:36:27,11.08,--,26,28808,买盘
1786,10:36:17,11.08,0.01,54,59832,买盘
1787,10:36:12,11.07,--,16,17712,买盘
1788,10:36:06,11.07,-0.01,165,182655,卖盘
1789,10:36:02,11.08,--,27,29916,买盘
1790,10:35:57,11.08,0.01,112,124096,买盘
1791,10:35:52,11.07,-0.01,48,53136,卖盘
1792,10:35:47,11.08,0.01,3,3324,买盘
1793,10:35:42,11.07,-0.01,9,9963,卖盘
1794,10:35:37,11.08,--,10,11080,买盘
1795,10:35:32,11.08,--,11,12188,卖盘
1796,10:35:27,11.08,--,27,29916,买盘
1797,10:35:22,11.08,--,14,15512,买盘
1798,10:35:17,11.08,--,3,3324,买盘
1799,10:35:07,11.08,-0.02,273,302484,卖盘
1800,10:35:01,11.1,0.01,100,111000,买盘
1801,10:34:52,11.09,--,4,4436,买盘
1802,10:34:47,11.09,--,3,3327,买盘
1803,10:34:42,11.09,-0.01,148,164132,卖盘
1804,10:34:27,11.1,--,7,7770,买盘
1805,10:34:22,11.1,--,17,18870,买盘
1806,10:34:17,11.1,--,46,51060,买盘
1807,10:34:12,11.1,--,1,1110,买盘
1808,10:34:07,11.1,--,100,111000,卖盘
1809,10:33:57,11.1,--,19,21090,卖盘
1810,10:33:47,11.1,--,15,16650,卖盘
1811,10:33:36,11.1,-0.01,8,8880,卖盘
1812,10:33:32,11.11,0.01,10,11110,买盘
1813,10:33:27,11.1,--,11,12210,卖盘
1814,10:33:17,11.1,-0.01,162,179820,卖盘
1815,10:33:12,11.11,--,3,3932,卖盘
1816,10:33:07,11.11,--,3,3844,买盘
1817,10:33:02,11.11,0.01,31,34441,买盘
1818,10:32:52,11.1,--,84,93240,卖盘
1819,10:32:46,11.1,-0.01,53,58830,卖盘
1820,10:32:42,11.11,--,34,37774,买盘
1821,10:32:36,11.11,--,53,58883,买盘
1822,10:32:32,11.11,--,22,24442,买盘
1823,10:32:27,11.11,--,6,6666,买盘
1824,10:32:22,11.11,--,29,32219,买盘
1825,10:32:16,11.11,--,28,31108,买盘
1826,10:32:01,11.11,--,30,33929,卖盘
1827,10:31:57,11.11,-0.01,53,58883,卖盘
1828,10:31:52,11.12,0.01,10,11120,买盘
1829,10:31:47,11.11,-0.01,366,406626,卖盘
1830,10:31:37,11.12,0.01,93,103416,买盘
1831,10:31:21,11.11,-0.01,16,17776,卖盘
1832,10:31:16,11.12,0.01,113,125655,买盘
1833,10:31:12,11.11,--,14,15554,卖盘
1834,10:31:06,11.11,--,28,31108,卖盘
1835,10:31:02,11.11,--,22,24442,卖盘
1836,10:30:57,11.11,-0.01,8,8888,卖盘
1837,10:30:52,11.12,0.01,13,14455,买盘
1838,10:30:46,11.11,--,6,6666,卖盘
1839,10:30:41,11.11,-0.01,39,43340,卖盘
1840,10:30:37,11.12,--,54,60047,买盘
1841,10:30:22,11.12,0.01,42,46704,买盘
1842,10:30:16,11.11,-0.01,13,14443,卖盘
1843,10:30:11,11.12,--,12,13343,买盘
1844,10:30:01,11.12,0.01,95,105639,买盘
1845,10:29:55,11.11,-0.01,50,55550,卖盘
1846,10:29:52,11.12,0.01,10,11120,买盘
1847,10:29:46,11.11,-0.01,96,106656,卖盘
1848,10:29:36,11.12,0.01,55,61159,买盘
1849,10:29:31,11.11,-0.01,20,22220,卖盘
1850,10:29:26,11.12,--,28,31135,买盘
1851,10:29:22,11.12,--,45,50040,买盘
1852,10:29:16,11.12,0.01,55,61159,买盘
1853,10:29:11,11.11,-0.01,14,15554,卖盘
1854,10:29:06,11.12,0.01,28,31135,买盘
1855,10:29:01,11.11,-0.02,10,11110,卖盘
1856,10:28:55,11.13,--,38,42294,买盘
1857,10:28:51,11.13,0.01,34,37842,买盘
1858,10:28:31,11.12,--,71,78952,买盘
1859,10:28:26,11.12,--,1,1112,买盘
1860,10:28:16,11.12,-0.01,83,92296,卖盘
1861,10:28:10,11.13,--,170,189210,买盘
1862,10:28:06,11.13,--,32,35616,买盘
1863,10:27:55,11.13,--,66,73458,买盘
1864,10:27:51,11.13,--,10,11130,买盘
1865,10:27:46,11.13,--,52,57876,买盘
1866,10:27:40,11.13,--,119,132447,买盘
1867,10:27:36,11.13,0.01,289,321657,买盘
1868,10:27:31,11.12,-0.01,116,128991,卖盘
1869,10:27:25,11.13,--,15,16695,买盘
1870,10:27:16,11.13,--,29,32277,买盘
1871,10:27:10,11.13,--,25,27825,买盘
1872,10:27:06,11.13,--,2,2226,买盘
1873,10:27:01,11.13,--,21,23373,买盘
1874,10:26:55,11.13,--,34,37842,买盘
1875,10:26:51,11.13,--,45,50085,买盘
1876,10:26:40,11.13,--,33,36729,买盘
1877,10:26:36,11.13,--,205,228165,卖盘
1878,10:26:25,11.13,-0.01,30,33390,卖盘
1879,10:26:21,11.14,0.01,21,23394,买盘
1880,10:26:16,11.13,-0.01,50,55650,卖盘
1881,10:26:10,11.14,0.01,2,2228,买盘
1882,10:26:06,11.13,-0.01,8,8904,卖盘
1883,10:26:01,11.14,--,6,6684,买盘
1884,10:25:55,11.14,0.01,22,24508,买盘
1885,10:25:46,11.13,--,58,64554,卖盘
1886,10:25:40,11.13,--,3,3339,卖盘
1887,10:25:36,11.13,--,58,64554,卖盘
1888,10:25:25,11.13,--,5,5565,卖盘
1889,10:25:10,11.13,0.01,162,180306,买盘
1890,10:25:06,11.12,--,10,11120,卖盘
1891,10:25:01,11.12,-0.01,3,3335,卖盘
1892,10:24:55,11.13,0.01,20,22260,买盘
1893,10:24:40,11.12,-0.01,36,40032,卖盘
1894,10:24:36,11.13,0.01,14,15582,买盘
1895,10:24:31,11.12,--,10,11120,卖盘
1896,10:24:25,11.12,-0.01,46,51152,卖盘
1897,10:24:16,11.13,0.01,22,24486,买盘
1898,10:24:10,11.12,--,10,11120,卖盘
1899,10:23:46,11.12,--,1,1112,卖盘
1900,10:23:40,11.12,0.01,5,5560,卖盘
1901,10:23:36,11.11,--,0,0,卖盘
1902,10:23:30,11.11,-0.01,13,14443,卖盘
1903,10:23:25,11.12,--,50,55599,买盘
1904,10:23:21,11.12,--,10,11120,买盘
1905,10:23:10,11.12,--,5,5560,买盘
1906,10:23:05,11.12,--,30,33360,买盘
1907,10:23:00,11.12,--,93,103416,卖盘
1908,10:22:55,11.12,-0.01,10,11120,卖盘
1909,10:22:50,11.13,0.01,1,1113,买盘
1910,10:22:45,11.12,--,0,0,卖盘
1911,10:22:40,11.12,-0.01,124,137888,卖盘
1912,10:22:30,11.13,--,10,11130,买盘
1913,10:22:25,11.13,0.01,10,11130,买盘
1914,10:22:19,11.12,-0.01,17,18904,卖盘
1915,10:22:10,11.13,--,39,43407,买盘
1916,10:22:04,11.13,--,5,5565,买盘
1917,10:22:00,11.13,0.01,43,47859,买盘
1918,10:21:49,11.12,--,15,16680,卖盘
1919,10:21:45,11.12,--,8,8896,卖盘
1920,10:21:40,11.12,--,171,190152,卖盘
1921,10:21:34,11.12,-0.01,9,10008,卖盘
1922,10:21:30,11.13,0.01,44,48972,买盘
1923,10:21:25,11.12,--,10,11120,卖盘
1924,10:21:19,11.12,--,106,117871,卖盘
1925,10:21:10,11.12,-0.01,96,106751,卖盘
1926,10:21:04,11.13,0.01,18,20034,买盘
1927,10:20:55,11.12,-0.01,150,166800,卖盘
1928,10:20:49,11.13,0.02,10,11130,买盘
1929,10:20:45,11.11,-0.02,2,2222,卖盘
1930,10:20:34,11.13,0.01,1,1113,买盘
1931,10:20:30,11.12,--,20,22240,买盘
1932,10:20:25,11.12,-0.01,17,18904,卖盘
1933,10:20:19,11.13,0.01,30,33390,买盘
1934,10:20:04,11.12,--,12,13343,卖盘
1935,10:20:00,11.12,--,10,11120,卖盘
1936,10:19:55,11.12,--,224,249087,买盘
1937,10:19:49,11.12,0.01,57,63383,买盘
1938,10:19:45,11.11,-0.01,1,1111,卖盘
1939,10:19:40,11.12,--,2,2224,买盘
1940,10:19:34,11.12,--,2,2224,买盘
1941,10:19:30,11.12,--,18,20016,买盘
1942,10:19:25,11.12,-0.01,93,103416,卖盘
1943,10:19:19,11.13,0.01,69,76797,买盘
1944,10:19:15,11.12,-0.01,10,11120,卖盘
1945,10:19:10,11.13,0.01,32,35616,买盘
1946,10:19:04,11.12,-0.01,105,116759,卖盘
1947,10:18:55,11.13,0.01,24,26712,买盘
1948,10:18:49,11.12,-0.01,4,4448,卖盘
1949,10:18:45,11.13,0.01,38,42294,买盘
1950,10:18:40,11.12,--,156,173472,买盘
1951,10:18:30,11.12,--,50,55599,买盘
1952,10:18:25,11.12,--,20,22240,买盘
1953,10:18:19,11.12,--,4,4448,买盘
1954,10:18:10,11.12,--,11,12232,卖盘
1955,10:18:04,11.12,--,100,111199,卖盘
1956,10:17:55,11.12,--,11,12232,卖盘
1957,10:17:49,11.12,--,100,111199,卖盘
1958,10:17:45,11.12,--,13,14455,卖盘
1959,10:17:40,11.12,--,40,44480,买盘
1960,10:17:34,11.12,--,157,174584,买盘
1961,10:17:25,11.12,--,15,16680,买盘
1962,10:17:19,11.12,-0.01,32,35584,卖盘
1963,10:17:14,11.13,--,23,25599,买盘
1964,10:17:09,11.13,--,12,13356,买盘
1965,10:17:04,11.13,0.01,60,66780,买盘
1966,10:16:49,11.12,--,90,100080,买盘
1967,10:16:44,11.12,--,29,32247,买盘
1968,10:16:39,11.12,0.01,6,6671,买盘
1969,10:16:24,11.11,0.01,297,330466,买盘
1970,10:16:19,11.1,--,32,35520,买盘
1971,10:16:14,11.1,--,277,307470,买盘
1972,10:16:09,11.1,--,12,13320,买盘
1973,10:16:04,11.1,0.01,20,22200,买盘
1974,10:15:49,11.09,--,2,2218,卖盘
1975,10:15:43,11.09,--,42,46578,买盘
1976,10:15:39,11.09,0.01,3,3327,买盘
1977,10:15:28,11.08,--,36,39888,买盘
1978,10:15:24,11.08,--,21,23268,买盘
1979,10:15:18,11.08,--,94,104152,买盘
1980,10:15:13,11.08,--,150,166200,买盘
1981,10:15:09,11.08,--,15,16620,买盘
1982,10:15:04,11.08,--,31,34348,买盘
1983,10:14:58,11.08,--,35,38780,买盘
1984,10:14:49,11.08,--,192,212736,买盘
1985,10:14:43,11.08,--,5,5540,买盘
1986,10:14:39,11.08,0.01,10,11080,买盘
1987,10:14:24,11.07,--,31,34317,买盘
1988,10:14:19,11.07,--,114,126198,买盘
1989,10:14:13,11.07,--,20,22140,买盘
1990,10:14:09,11.07,--,79,87453,买盘
1991,10:14:03,11.07,0.01,15,16605,买盘
1992,10:13:58,11.06,-0.01,118,130508,卖盘
1993,10:13:49,11.07,--,41,45387,买盘
1994,10:13:43,11.07,--,6,6642,买盘
1995,10:13:34,11.07,--,295,326565,买盘
1996,10:13:28,11.07,--,5,5535,买盘
1997,10:13:24,11.07,0.01,11,12177,买盘
1998,10:13:13,11.06,-0.01,24,26544,卖盘
1999,10:13:09,11.07,--,32,35424,买盘
2000,10:13:04,11.07,--,6,6642,买盘
2001,10:12:48,11.07,0.01,3,3321,买盘
2002,10:12:43,11.06,-0.01,20,22120,卖盘
2003,10:12:39,11.07,--,5,5535,买盘
2004,10:12:34,11.07,--,5,5535,买盘
2005,10:12:23,11.07,0.01,1,1107,买盘
2006,10:12:19,11.06,--,4,4424,卖盘
2007,10:12:13,11.06,0.01,4,4424,中性盘
2008,10:12:08,11.05,-0.01,64,70720,卖盘
2009,10:11:58,11.06,0.01,207,228942,买盘
2010,10:11:53,11.05,-0.01,16,17680,卖盘
2011,10:11:49,11.06,--,4,4424,买盘
2012,10:11:43,11.06,--,38,42028,买盘
2013,10:11:38,11.06,--,5,5530,买盘
2014,10:11:34,11.06,--,22,24332,买盘
2015,10:11:28,11.06,--,12,13272,买盘
2016,10:11:23,11.06,--,11,12166,买盘
2017,10:11:19,11.06,--,58,64148,买盘
2018,10:11:13,11.06,--,9,9954,买盘
2019,10:11:03,11.06,0.01,1,1106,买盘
2020,10:10:58,11.05,-0.01,105,116025,卖盘
2021,10:10:53,11.06,-0.01,5,5530,卖盘
2022,10:10:48,11.07,--,7,7749,买盘
2023,10:10:43,11.07,0.01,17,18819,买盘
2024,10:10:33,11.06,--,1,1106,卖盘
2025,10:10:28,11.06,--,18,19908,卖盘
2026,10:10:23,11.06,-0.01,15,16590,卖盘
2027,10:10:13,11.07,--,3,3321,买盘
2028,10:10:08,11.07,--,8,8856,买盘
2029,10:10:03,11.07,0.01,10,11070,买盘
2030,10:09:58,11.06,--,6,6636,卖盘
2031,10:09:53,11.06,-0.01,100,110600,卖盘
2032,10:09:48,11.07,--,2,2214,买盘
2033,10:09:43,11.07,0.01,24,26568,买盘
2034,10:09:38,11.06,-0.01,167,184702,卖盘
2035,10:09:33,11.07,--,2,2214,买盘
2036,10:09:23,11.07,0.01,55,60885,买盘
2037,10:09:13,11.06,--,8,8848,卖盘
2038,10:09:08,11.06,-0.01,20,22120,买盘
2039,10:09:03,11.07,0.02,40,44280,买盘
2040,10:08:58,11.05,--,0,0,卖盘
2041,10:08:53,11.05,-0.01,81,89505,卖盘
2042,10:08:48,11.06,-0.01,2,2212,卖盘
2043,10:08:43,11.07,0.01,6,6642,买盘
2044,10:08:37,11.06,--,26,28756,卖盘
2045,10:08:33,11.06,--,22,24332,卖盘
2046,10:08:22,11.06,--,69,76314,卖盘
2047,10:08:13,11.06,--,11,12166,卖盘
2048,10:08:07,11.06,-0.01,8,8848,卖盘
2049,10:07:52,11.07,0.01,2,2214,买盘
2050,10:07:48,11.06,--,5,5530,卖盘
2051,10:07:43,11.06,-0.01,85,94010,卖盘
2052,10:07:37,11.07,--,50,55350,买盘
2053,10:07:28,11.07,0.01,56,61992,买盘
2054,10:07:22,11.06,-0.01,50,55300,卖盘
2055,10:07:13,11.07,0.01,24,26568,买盘
2056,10:07:07,11.06,-0.01,8,8848,卖盘
2057,10:07:03,11.07,--,83,91881,买盘
2058,10:06:57,11.07,0.02,83,91881,买盘
2059,10:06:52,11.05,-0.01,50,55250,卖盘
2060,10:06:48,11.06,-0.01,29,32074,卖盘
2061,10:06:42,11.07,--,115,127305,买盘
2062,10:06:37,11.07,--,27,29889,买盘
2063,10:06:33,11.07,--,1,1107,买盘
2064,10:06:28,11.07,--,100,110700,买盘
2065,10:06:22,11.07,0.01,46,50922,卖盘
2066,10:06:07,11.06,--,305,337330,卖盘
2067,10:05:58,11.06,-0.01,6,6636,卖盘
2068,10:05:52,11.07,--,17,18819,买盘
2069,10:05:48,11.07,--,108,119556,买盘
2070,10:05:42,11.07,--,22,24354,买盘
2071,10:05:37,11.07,--,9,9963,买盘
2072,10:05:28,11.07,0.01,13,14391,买盘
2073,10:05:22,11.06,--,13,14378,卖盘
2074,10:05:13,11.06,--,21,23226,卖盘
2075,10:05:07,11.06,-0.01,20,22120,卖盘
2076,10:04:58,11.07,0.01,91,100737,买盘
2077,10:04:52,11.06,--,60,66360,卖盘
2078,10:04:42,11.06,-0.01,29,32074,卖盘
2079,10:04:37,11.07,--,5,5535,买盘
2080,10:04:32,11.07,--,83,91881,买盘
2081,10:04:27,11.07,--,7,7749,买盘
2082,10:04:22,11.07,--,21,23247,买盘
2083,10:04:17,11.07,--,4,4428,买盘
2084,10:04:12,11.07,0.01,36,39852,买盘
2085,10:04:07,11.06,-0.01,38,42028,卖盘
2086,10:04:02,11.07,--,24,26568,买盘
2087,10:03:57,11.07,--,19,21033,买盘
2088,10:03:52,11.07,0.01,6,6642,买盘
2089,10:03:47,11.06,-0.01,24,26544,卖盘
2090,10:03:37,11.07,--,20,22140,买盘
2091,10:03:32,11.07,0.02,2,2214,买盘
2092,10:03:27,11.05,-0.02,40,44200,卖盘
2093,10:03:22,11.07,--,10,11070,买盘
2094,10:03:17,11.07,--,31,34317,买盘
2095,10:03:07,11.07,--,1,1107,买盘
2096,10:02:57,11.07,--,12,13284,买盘
2097,10:02:52,11.07,0.02,28,30996,买盘
2098,10:02:47,11.05,--,6,6630,卖盘
2099,10:02:42,11.05,-0.02,20,22100,卖盘
2100,10:02:37,11.07,0.04,2,2214,买盘
2101,10:02:32,11.03,-0.02,647,713641,卖盘
2102,10:02:27,11.05,--,49,54145,买盘
2103,10:02:22,11.05,--,36,39780,买盘
2104,10:02:17,11.05,--,40,44200,买盘
2105,10:02:12,11.05,--,505,558025,买盘
2106,10:02:07,11.05,--,47,51935,买盘
2107,10:02:02,11.05,--,20,22100,买盘
2108,10:01:57,11.05,-0.03,398,439790,卖盘
2109,10:01:47,11.08,--,10,11080,买盘
2110,10:01:42,11.08,0.01,206,228248,买盘
2111,10:01:37,11.07,--,80,88560,买盘
2112,10:01:31,11.07,0.02,5,5535,买盘
2113,10:01:22,11.05,-0.02,21,23205,卖盘
2114,10:01:12,11.07,0.02,1,1107,买盘
2115,10:01:07,11.05,-0.02,10,11050,卖盘
2116,10:01:01,11.07,--,77,85526,买盘
2117,10:00:57,11.07,0.02,22,24354,买盘
2118,10:00:52,11.05,-0.01,143,158622,卖盘
2119,10:00:46,11.06,-0.01,28,30968,买盘
2120,10:00:42,11.07,--,0,0,买盘
2121,10:00:37,11.07,0.02,7,7749,买盘
2122,10:00:31,11.05,--,40,44200,卖盘
2123,10:00:27,11.05,-0.02,8,9337,卖盘
2124,10:00:16,11.07,--,0,0,买盘
2125,10:00:07,11.07,0.02,67,74169,买盘
2126,10:00:01,11.05,-0.01,247,273642,卖盘
2127,09:59:57,11.06,--,4,4424,卖盘
2128,09:59:52,11.06,--,7,7742,卖盘
2129,09:59:36,11.06,--,3,3318,中性盘
2130,09:59:31,11.06,--,90,99540,买盘
2131,09:59:26,11.06,--,7,7742,买盘
2132,09:59:22,11.06,--,31,34286,买盘
2133,09:59:16,11.06,--,60,66360,买盘
2134,09:59:12,11.06,0.01,10,11060,买盘
2135,09:59:07,11.05,-0.01,30,33150,卖盘
2136,09:59:01,11.06,--,16,17696,买盘
2137,09:58:52,11.06,-0.01,213,235578,卖盘
2138,09:58:46,11.07,--,18,19926,买盘
2139,09:58:37,11.07,--,25,27675,买盘
2140,09:58:31,11.07,--,10,11070,买盘
2141,09:58:21,11.07,--,9,9963,买盘
2142,09:58:16,11.07,--,31,34317,买盘
2143,09:58:11,11.07,--,2,2214,买盘
2144,09:58:06,11.07,-0.01,34,37638,卖盘
2145,09:58:01,11.08,--,35,38780,买盘
2146,09:57:56,11.08,--,0,0,买盘
2147,09:57:51,11.08,--,12,13296,买盘
2148,09:57:46,11.08,--,58,64264,买盘
2149,09:57:41,11.08,0.02,7,7756,买盘
2150,09:57:31,11.06,-0.01,114,126084,卖盘
2151,09:57:26,11.07,--,2,2214,卖盘
2152,09:57:21,11.07,0.01,43,47601,卖盘
2153,09:57:16,11.06,-0.02,24,26544,卖盘
2154,09:57:11,11.08,0.03,17,18836,买盘
2155,09:56:56,11.05,--,0,0,卖盘
2156,09:56:51,11.05,--,70,77350,卖盘
2157,09:56:46,11.05,-0.01,19,20995,卖盘
2158,09:56:41,11.06,--,7,7742,买盘
2159,09:56:36,11.06,--,5,5530,买盘
2160,09:56:31,11.06,--,15,16590,买盘
2161,09:56:26,11.06,0.01,37,40922,买盘
2162,09:56:21,11.05,-0.01,5,5525,卖盘
2163,09:56:16,11.06,-0.01,106,117236,卖盘
2164,09:56:11,11.07,--,27,29889,卖盘
2165,09:56:06,11.07,--,9,9963,卖盘
2166,09:56:01,11.07,--,21,23645,买盘
2167,09:55:56,11.07,--,10,11070,买盘
2168,09:55:51,11.07,0.01,19,21033,买盘
2169,09:55:46,11.06,-0.01,21,23226,卖盘
2170,09:55:41,11.07,0.02,2,2214,买盘
2171,09:55:36,11.05,-0.01,500,552500,卖盘
2172,09:55:26,11.06,--,27,29862,买盘
2173,09:55:21,11.06,--,21,23226,买盘
2174,09:55:16,11.06,0.01,45,49770,买盘
2175,09:55:01,11.05,--,89,98345,买盘
2176,09:54:56,11.05,--,76,83980,买盘
2177,09:54:46,11.05,0.01,46,50830,买盘
2178,09:54:41,11.04,0.01,4,4416,买盘
2179,09:54:31,11.03,--,32,35296,买盘
2180,09:54:25,11.03,0.01,63,69489,买盘
2181,09:54:21,11.02,-0.01,32,35264,卖盘
2182,09:54:16,11.03,--,18,19854,买盘
2183,09:54:10,11.03,--,15,16545,买盘
2184,09:54:06,11.03,--,5,5515,买盘
2185,09:54:01,11.03,-0.02,400,441200,卖盘
2186,09:53:55,11.05,0.01,20,22100,买盘
2187,09:53:51,11.04,-0.01,60,66240,卖盘
2188,09:53:46,11.05,-0.01,49,54145,卖盘
2189,09:53:40,11.06,0.01,51,56406,买盘
2190,09:53:36,11.05,--,3,3315,买盘
2191,09:53:31,11.05,-0.01,63,69615,卖盘
2192,09:53:25,11.06,--,20,22120,买盘
2193,09:53:20,11.06,--,15,16590,买盘
2194,09:53:16,11.06,--,16,17696,买盘
2195,09:53:10,11.06,-0.01,108,119448,卖盘
2196,09:53:06,11.07,0.01,152,168264,买盘
2197,09:53:00,11.06,-0.01,3,3318,卖盘
2198,09:52:55,11.07,--,50,55350,买盘
2199,09:52:46,11.07,--,20,22140,买盘
2200,09:52:40,11.07,--,21,23247,卖盘
2201,09:52:31,11.07,-0.01,40,44280,卖盘
2202,09:52:25,11.08,--,6,6648,买盘
2203,09:52:15,11.08,--,183,202764,买盘
2204,09:52:10,11.08,-0.02,147,162876,卖盘
2205,09:52:05,11.1,0.01,22,24420,买盘
2206,09:52:00,11.09,-0.01,25,27725,卖盘
2207,09:51:50,11.1,--,30,33300,买盘
2208,09:51:46,11.1,-0.01,104,115440,卖盘
2209,09:51:40,11.11,0.01,76,84436,买盘
2210,09:51:35,11.1,-0.01,48,53280,卖盘
2211,09:51:30,11.11,--,14,15554,中性盘
2212,09:51:25,11.11,0.01,20,22220,中性盘
2213,09:51:20,11.1,-0.02,55,61050,卖盘
2214,09:51:15,11.12,--,3,3335,买盘
2215,09:51:10,11.12,--,55,61159,卖盘
2216,09:51:05,11.12,--,16,17792,卖盘
2217,09:51:00,11.12,--,35,38920,卖盘
2218,09:50:55,11.12,--,63,70056,卖盘
2219,09:50:50,11.12,0.02,135,150120,买盘
2220,09:50:45,11.1,-0.02,10,11100,卖盘
2221,09:50:40,11.12,0.02,64,71168,买盘
2222,09:50:35,11.1,-0.02,34,37740,卖盘
2223,09:50:25,11.12,--,0,0,买盘
2224,09:50:20,11.12,0.02,32,35584,买盘
2225,09:50:15,11.1,-0.02,56,62160,卖盘
2226,09:50:10,11.12,0.01,2,2224,买盘
2227,09:50:05,11.11,-0.01,35,38885,卖盘
2228,09:50:00,11.12,--,150,166800,卖盘
2229,09:49:55,11.12,--,6,6671,卖盘
2230,09:49:50,11.12,--,61,67832,卖盘
2231,09:49:45,11.12,0.01,123,136776,买盘
2232,09:49:40,11.11,-0.01,120,133320,卖盘
2233,09:49:35,11.12,0.01,29,32247,买盘
2234,09:49:25,11.11,-0.01,26,28886,卖盘
2235,09:49:20,11.12,0.01,3,3335,买盘
2236,09:49:15,11.11,-0.01,6,6666,卖盘
2237,09:49:10,11.12,0.01,5,5560,买盘
2238,09:49:05,11.11,-0.01,37,41107,卖盘
2239,09:48:50,11.12,0.01,100,111199,买盘
2240,09:48:45,11.11,--,2,2222,买盘
2241,09:48:40,11.11,-0.02,58,64438,卖盘
2242,09:48:35,11.13,0.01,4,4452,买盘
2243,09:48:25,11.12,--,63,70056,卖盘
2244,09:48:20,11.12,0.01,43,47816,买盘
2245,09:48:15,11.11,--,20,22220,卖盘
2246,09:48:10,11.11,-0.01,3,3333,卖盘
2247,09:48:05,11.12,0.01,48,53375,买盘
2248,09:48:00,11.11,--,28,31108,卖盘
2249,09:47:55,11.11,--,5,5555,卖盘
2250,09:47:45,11.11,--,24,26664,卖盘
2251,09:47:40,11.11,--,76,84436,买盘
2252,09:47:35,11.11,0.01,20,22220,买盘
2253,09:47:25,11.1,-0.01,1,1110,卖盘
2254,09:47:19,11.11,0.01,27,29997,买盘
2255,09:47:10,11.1,-0.01,45,49950,卖盘
2256,09:46:55,11.11,--,4,4444,买盘
2257,09:46:45,11.11,--,1,1111,买盘
2258,09:46:39,11.11,0.01,7,7777,买盘
2259,09:46:34,11.1,-0.02,30,33300,卖盘
2260,09:46:30,11.12,0.02,33,36696,买盘
2261,09:46:25,11.1,-0.02,33,36630,买盘
2262,09:46:19,11.12,0.02,18,20016,买盘
2263,09:46:15,11.1,--,104,115440,买盘
2264,09:46:10,11.1,-0.01,130,144300,卖盘
2265,09:46:04,11.11,0.01,59,65549,买盘
2266,09:46:00,11.1,-0.01,34,37740,卖盘
2267,09:45:54,11.11,--,20,22220,买盘
2268,09:45:49,11.11,0.01,12,13332,买盘
2269,09:45:44,11.1,--,3,3330,卖盘
2270,09:45:39,11.1,0.01,14,15540,买盘
2271,09:45:34,11.09,-0.01,18,19962,卖盘
2272,09:45:29,11.1,--,11,12210,买盘
2273,09:45:24,11.1,0.01,1,1110,买盘
2274,09:45:19,11.09,-0.01,40,44360,卖盘
2275,09:45:14,11.1,--,81,89910,买盘
2276,09:45:04,11.1,--,13,14430,买盘
2277,09:44:59,11.1,-0.01,43,47730,卖盘
2278,09:44:54,11.11,0.01,23,25553,买盘
2279,09:44:49,11.1,--,14,15540,卖盘
2280,09:44:44,11.1,--,6,6660,卖盘
2281,09:44:39,11.1,-0.01,80,88800,卖盘
2282,09:44:34,11.11,--,8,8888,买盘
2283,09:44:29,11.11,0.01,24,26664,买盘
2284,09:44:19,11.1,-0.01,40,44400,卖盘
2285,09:44:14,11.11,--,118,131098,卖盘
2286,09:44:09,11.11,--,5,5555,卖盘
2287,09:44:04,11.11,--,44,48884,卖盘
2288,09:43:59,11.11,--,22,24442,卖盘
2289,09:43:54,11.11,--,115,127765,卖盘
2290,09:43:49,11.11,--,40,44440,卖盘
2291,09:43:44,11.11,--,75,83325,卖盘
2292,09:43:39,11.11,--,1,1111,卖盘
2293,09:43:34,11.11,--,33,36663,卖盘
2294,09:43:29,11.11,--,10,11110,卖盘
2295,09:43:19,11.11,--,13,14443,卖盘
2296,09:43:14,11.11,-0.01,41,45551,卖盘
2297,09:43:04,11.12,--,9,10008,买盘
2298,09:42:59,11.12,--,0,0,中性盘
2299,09:42:54,11.12,--,10,11120,买盘
2300,09:42:49,11.12,-0.01,55,61159,卖盘
2301,09:42:44,11.13,-0.01,3,3339,中性盘
2302,09:42:34,11.14,0.02,30,33420,买盘
2303,09:42:24,11.12,--,233,259095,卖盘
2304,09:42:19,11.12,-0.01,30,33360,卖盘
2305,09:42:14,11.13,-0.01,20,22260,卖盘
2306,09:42:09,11.14,--,0,0,买盘
2307,09:42:04,11.14,--,162,180468,买盘
2308,09:41:59,11.14,0.01,29,32306,买盘
2309,09:41:54,11.13,--,33,36729,卖盘
2310,09:41:49,11.13,--,34,37842,卖盘
2311,09:41:44,11.13,-0.01,5,5565,卖盘
2312,09:41:39,11.14,--,35,38990,买盘
2313,09:41:29,11.14,0.01,63,70182,买盘
2314,09:41:19,11.13,--,10,11130,买盘
2315,09:41:14,11.13,-0.01,84,93492,卖盘
2316,09:41:04,11.14,--,20,22280,买盘
2317,09:40:58,11.14,-0.01,48,53472,卖盘
2318,09:40:53,11.15,0.01,18,20070,买盘
2319,09:40:49,11.14,--,7,7798,卖盘
2320,09:40:44,11.14,--,7,7798,卖盘
2321,09:40:39,11.14,--,60,66840,卖盘
2322,09:40:34,11.14,--,4,4456,卖盘
2323,09:40:28,11.14,-0.01,12,13368,卖盘
2324,09:40:19,11.15,0.01,23,25645,买盘
2325,09:40:13,11.14,--,93,103602,卖盘
2326,09:40:04,11.14,--,79,88006,买盘
2327,09:39:58,11.14,0.01,225,250650,买盘
2328,09:39:54,11.13,--,10,11130,卖盘
2329,09:39:49,11.13,-0.01,26,28938,卖盘
2330,09:39:43,11.14,--,3,3342,买盘
2331,09:39:33,11.14,-0.01,92,102488,卖盘
2332,09:39:28,11.15,0.01,9,10035,买盘
2333,09:39:24,11.14,--,8,8912,卖盘
2334,09:39:17,11.14,-0.01,10,11140,卖盘
2335,09:39:08,11.15,--,32,35680,买盘
2336,09:39:02,11.15,--,2,2230,买盘
2337,09:38:58,11.15,-0.01,36,40140,卖盘
2338,09:38:53,11.16,0.01,47,52452,买盘
2339,09:38:47,11.15,--,16,17840,卖盘
2340,09:38:43,11.15,--,128,142720,卖盘
2341,09:38:38,11.15,--,30,33450,卖盘
2342,09:38:32,11.15,-0.01,15,16725,卖盘
2343,09:38:28,11.16,--,40,44640,买盘
2344,09:38:23,11.16,--,76,84816,买盘
2345,09:38:17,11.16,0.01,2,2232,买盘
2346,09:38:13,11.15,--,10,11150,卖盘
2347,09:38:08,11.15,--,71,79165,卖盘
2348,09:38:02,11.15,-0.01,7,7805,卖盘
2349,09:37:58,11.16,--,3,3348,买盘
2350,09:37:53,11.16,--,10,11160,买盘
2351,09:37:47,11.16,0.01,1,1116,买盘
2352,09:37:43,11.15,-0.01,50,55750,卖盘
2353,09:37:38,11.16,--,32,35712,买盘
2354,09:37:28,11.16,0.01,5,5580,买盘
2355,09:37:23,11.15,-0.01,10,11150,卖盘
2356,09:37:17,11.16,0.01,1,1116,买盘
2357,09:37:13,11.15,--,31,34565,卖盘
2358,09:37:02,11.15,--,9,10035,卖盘
2359,09:36:58,11.15,--,108,120420,买盘
2360,09:36:53,11.15,--,12,13380,买盘
2361,09:36:47,11.15,--,5,5575,买盘
2362,09:36:43,11.15,--,8,8920,买盘
2363,09:36:38,11.15,--,13,14495,买盘
2364,09:36:32,11.15,-0.01,117,130455,卖盘
2365,09:36:28,11.16,--,137,152892,买盘
2366,09:36:23,11.16,--,24,26784,买盘
2367,09:36:17,11.16,--,55,61380,买盘
2368,09:36:13,11.16,--,77,85932,卖盘
2369,09:36:08,11.16,--,117,130572,买盘
2370,09:36:02,11.16,--,10,11160,买盘
2371,09:35:58,11.16,--,3,3348,买盘
2372,09:35:53,11.16,--,8,8928,买盘
2373,09:35:47,11.16,--,18,20088,买盘
2374,09:35:43,11.16,--,23,25668,买盘
2375,09:35:38,11.16,--,28,31248,买盘
2376,09:35:32,11.16,--,10,11160,买盘
2377,09:35:28,11.16,-0.01,61,68076,卖盘
2378,09:35:23,11.17,--,23,25691,买盘
2379,09:35:17,11.17,0.01,4,4468,买盘
2380,09:35:13,11.16,-0.01,101,112716,卖盘
2381,09:35:08,11.17,0.01,52,58084,买盘
2382,09:35:02,11.16,--,20,22320,卖盘
2383,09:34:58,11.16,--,46,51336,卖盘
2384,09:34:53,11.16,--,235,262260,买盘
2385,09:34:47,11.16,--,1,1116,买盘
2386,09:34:43,11.16,--,206,229896,买盘
2387,09:34:38,11.16,0.01,52,58032,中性盘
2388,09:34:32,11.15,-0.02,285,317775,卖盘
2389,09:34:28,11.17,--,11,12287,买盘
2390,09:34:23,11.17,0.02,43,48031,买盘
2391,09:34:17,11.15,--,4,4460,卖盘
2392,09:34:13,11.15,-0.01,30,33450,卖盘
2393,09:34:08,11.16,0.02,310,345960,买盘
2394,09:34:02,11.14,-0.01,4,4456,卖盘
2395,09:33:58,11.15,--,26,28990,买盘
2396,09:33:53,11.15,0.02,16,17840,买盘
2397,09:33:43,11.13,--,0,0,卖盘
2398,09:33:38,11.13,-0.01,203,225939,卖盘
2399,09:33:32,11.14,0.01,6,6684,买盘
2400,09:33:22,11.13,0.01,48,53424,买盘
2401,09:33:17,11.12,--,0,0,卖盘
2402,09:33:13,11.12,--,18,20016,卖盘
2403,09:33:06,11.12,0.01,20,22240,卖盘
2404,09:33:02,11.11,-0.02,171,189981,卖盘
2405,09:32:57,11.13,0.02,65,72345,买盘
2406,09:32:52,11.11,--,2,2222,卖盘
2407,09:32:47,11.11,-0.01,100,111100,卖盘
2408,09:32:42,11.12,--,3,3335,买盘
2409,09:32:37,11.12,0.01,35,38920,买盘
2410,09:32:32,11.11,--,0,0,卖盘
2411,09:32:27,11.11,-0.01,100,111100,卖盘
2412,09:32:21,11.12,--,17,18904,卖盘
2413,09:32:17,11.12,--,0,0,中性盘
2414,09:32:07,11.12,--,33,36696,卖盘
2415,09:32:02,11.12,--,52,57823,买盘
2416,09:31:52,11.12,0.01,76,84512,中性盘
2417,09:31:47,11.11,-0.01,235,261085,卖盘
2418,09:31:41,11.12,-0.03,10,11120,卖盘
2419,09:31:37,11.15,0.01,63,70245,买盘
2420,09:31:32,11.14,-0.01,18,20052,中性盘
2421,09:31:26,11.15,--,6,6690,买盘
2422,09:31:17,11.15,--,131,146065,买盘
2423,09:31:11,11.15,--,3,3345,卖盘
2424,09:31:07,11.15,--,70,78050,卖盘
2425,09:31:02,11.15,0.01,29,32335,中性盘
2426,09:30:56,11.14,--,26,28964,卖盘
2427,09:30:52,11.14,--,28,31192,卖盘
2428,09:30:47,11.14,--,90,100260,买盘
2429,09:30:41,11.14,--,54,60156,买盘
2430,09:30:36,11.14,--,19,21166,买盘
2431,09:30:32,11.14,--,10,11140,买盘
2432,09:30:26,11.14,--,10,11140,买盘
2433,09:30:22,11.14,--,62,69068,买盘
2434,09:30:17,11.14,0.02,109,121426,买盘
2435,09:30:11,11.12,-0.03,738,820656,卖盘
2436,09:30:07,11.15,0.01,606,675690,买盘
2437,09:28:50,11.14,--,0,0,卖盘
2438,09:25:05,11.14,11.14,114,126996,买盘
