,time,price,change,volume,amount,type
0,15:00:00,3.79,--,0,0,卖盘
1,15:00:00,3.79,--,0,0,卖盘
2,14:59:59,3.79,-0.01,229,86791,卖盘
3,14:59:57,3.8,0.01,2733,1038540,买盘
4,14:59:52,3.79,--,48,18226,卖盘
5,14:59:47,3.79,--,48,18192,卖盘
6,14:59:42,3.79,-0.01,715,270985,卖盘
7,14:59:37,3.8,0.01,1519,577220,买盘
8,14:59:32,3.79,-0.01,56,21224,卖盘
9,14:59:27,3.8,0.01,50,19000,买盘
10,14:59:22,3.79,--,151,57229,卖盘
11,14:59:17,3.79,--,336,127351,买盘
12,14:59:12,3.79,--,1230,466298,买盘
13,14:59:06,3.79,--,154,58366,买盘
14,14:59:02,3.79,--,1515,574185,买盘
15,14:58:56,3.79,--,254,96266,买盘
16,14:58:52,3.79,--,43,16297,买盘
17,14:58:47,3.79,--,986,373951,买盘
18,14:58:41,3.79,--,255,96645,买盘
19,14:58:37,3.79,0.01,26,9854,买盘
20,14:58:32,3.78,--,403,152334,卖盘
21,14:58:27,3.78,-0.02,4392,1660546,卖盘
22,14:58:22,3.8,0.01,137,52060,买盘
23,14:58:17,3.79,--,5616,2128464,卖盘
24,14:58:11,3.79,--,89,33731,卖盘
25,14:58:06,3.79,--,161,61019,卖盘
26,14:58:02,3.79,--,151,57229,卖盘
27,14:57:57,3.79,-0.01,5356,2029924,卖盘
28,14:57:52,3.8,0.01,522,198360,买盘
29,14:57:46,3.79,--,87,32973,卖盘
30,14:57:42,3.79,-0.01,1715,649985,卖盘
31,14:57:37,3.8,0.01,71,26980,买盘
32,14:57:32,3.79,--,498,188742,卖盘
33,14:57:27,3.79,-0.01,2541,963039,卖盘
34,14:57:22,3.8,0.01,243,92340,买盘
35,14:57:16,3.79,--,40,15160,卖盘
36,14:57:12,3.79,--,154,58366,卖盘
37,14:57:07,3.79,--,341,129239,卖盘
38,14:57:02,3.79,--,44,16676,卖盘
39,14:56:57,3.79,--,7990,3028210,卖盘
40,14:56:52,3.79,--,457,173203,卖盘
41,14:56:41,3.79,-0.01,30,11370,卖盘
42,14:56:37,3.8,0.01,169,64220,买盘
43,14:56:31,3.79,-0.01,56,21224,卖盘
44,14:56:27,3.8,0.01,5040,1915200,买盘
45,14:56:21,3.79,--,95,36005,卖盘
46,14:56:11,3.79,--,259,98161,卖盘
47,14:56:07,3.79,--,273,103467,卖盘
48,14:56:01,3.79,-0.01,93,35247,卖盘
49,14:55:56,3.8,0.01,109,41420,买盘
50,14:55:52,3.79,--,6887,2610173,卖盘
51,14:55:47,3.79,--,135,51165,卖盘
52,14:55:42,3.79,--,146,55334,卖盘
53,14:55:37,3.79,--,970,367758,卖盘
54,14:55:32,3.79,--,630,238898,卖盘
55,14:55:26,3.79,--,162,61398,卖盘
56,14:55:22,3.79,--,437,165751,卖盘
57,14:55:15,3.79,--,178,67462,卖盘
58,14:55:11,3.79,--,837,317223,买盘
59,14:55:07,3.79,--,3972,1505388,买盘
60,14:55:01,3.79,0.01,36,13644,买盘
61,14:54:56,3.78,-0.01,261,98964,卖盘
62,14:54:52,3.79,--,90,34257,买盘
63,14:54:46,3.79,0.01,269,102098,买盘
64,14:54:42,3.78,--,1414,534492,卖盘
65,14:54:37,3.78,-0.01,232,87696,卖盘
66,14:54:31,3.79,--,7000,2653000,买盘
67,14:54:26,3.79,--,165,62535,买盘
68,14:54:21,3.79,--,8644,3276076,买盘
69,14:54:12,3.79,0.01,511,193964,买盘
70,14:54:07,3.78,-0.01,41,15569,卖盘
71,14:54:00,3.79,--,12,4548,买盘
72,14:53:57,3.79,--,592,224368,买盘
73,14:53:50,3.79,--,365,138335,买盘
74,14:53:42,3.79,--,10,3790,买盘
75,14:53:35,3.79,--,469,177751,买盘
76,14:53:30,3.79,--,3064,1161256,买盘
77,14:53:26,3.79,--,201,76179,买盘
78,14:53:21,3.79,--,131,49721,买盘
79,14:53:16,3.79,--,87,32973,买盘
80,14:53:11,3.79,--,1046,396434,买盘
81,14:53:05,3.79,--,52,19708,买盘
82,14:53:01,3.79,0.01,6,2274,买盘
83,14:52:56,3.78,--,743,280854,卖盘
84,14:52:51,3.78,--,215,81413,卖盘
85,14:52:45,3.78,--,29,11033,卖盘
86,14:52:41,3.78,--,474,179243,卖盘
87,14:52:35,3.78,--,102,38627,卖盘
88,14:52:26,3.78,--,102,38556,卖盘
89,14:52:20,3.78,--,182,68867,卖盘
90,14:52:16,3.78,--,118,44675,卖盘
91,14:52:11,3.78,-0.01,73,27665,卖盘
92,14:52:06,3.79,--,5,1895,买盘
93,14:52:00,3.79,--,17,6443,买盘
94,14:51:56,3.79,0.01,283,107257,买盘
95,14:51:50,3.78,--,381,144161,卖盘
96,14:51:46,3.78,--,228,86255,卖盘
97,14:51:41,3.78,-0.01,1581,597689,卖盘
98,14:51:35,3.79,0.01,1146,434334,买盘
99,14:51:31,3.78,-0.01,6,2268,卖盘
100,14:51:26,3.79,0.01,306,116118,买盘
101,14:51:20,3.78,--,1109,419273,卖盘
102,14:51:15,3.78,-0.01,205,77490,卖盘
103,14:51:11,3.79,0.01,773,292967,买盘
104,14:51:05,3.78,-0.01,69,26082,卖盘
105,14:51:00,3.79,--,3300,1250700,买盘
106,14:50:56,3.79,--,2132,808028,买盘
107,14:50:50,3.79,0.01,59,22361,买盘
108,14:50:45,3.78,-0.01,71,26838,卖盘
109,14:50:41,3.79,--,105,39795,买盘
110,14:50:35,3.79,--,192,72768,买盘
111,14:50:31,3.79,--,3552,1346208,买盘
112,14:50:26,3.79,--,32,12128,买盘
113,14:50:20,3.79,--,68,25772,买盘
114,14:50:15,3.79,--,130,49270,买盘
115,14:50:11,3.79,--,80,30320,买盘
116,14:50:05,3.79,--,147,55713,买盘
117,14:50:00,3.79,--,89,33731,买盘
118,14:49:56,3.79,0.01,125,47375,买盘
119,14:49:50,3.78,-0.01,707,267246,卖盘
120,14:49:45,3.79,--,93,35247,买盘
121,14:49:35,3.79,0.01,97,36763,买盘
122,14:49:31,3.78,-0.01,216,81648,卖盘
123,14:49:25,3.79,--,91,34489,买盘
124,14:49:21,3.79,--,53,20087,买盘
125,14:49:10,3.79,0.01,70,26530,买盘
126,14:49:05,3.78,--,16,6048,卖盘
127,14:49:00,3.78,-0.01,762,288036,卖盘
128,14:48:55,3.79,0.01,10,3790,买盘
129,14:48:50,3.78,-0.01,252,95256,卖盘
130,14:48:46,3.79,--,169,64051,买盘
131,14:48:39,3.79,--,51,19329,买盘
132,14:48:35,3.79,0.01,134,50786,买盘
133,14:48:30,3.78,--,294,111132,卖盘
134,14:48:25,3.78,-0.01,142,53676,卖盘
135,14:48:20,3.79,--,280,106120,买盘
136,14:48:10,3.79,0.01,118,44722,买盘
137,14:48:05,3.78,-0.01,421,159138,卖盘
138,14:48:00,3.79,--,412,156148,买盘
139,14:47:55,3.79,--,85,32215,买盘
140,14:47:50,3.79,--,195,73905,买盘
141,14:47:46,3.79,0.01,674,255446,买盘
142,14:47:39,3.78,--,774,292647,卖盘
143,14:47:35,3.78,-0.01,88,33264,卖盘
144,14:47:30,3.79,0.01,481,182299,买盘
145,14:47:24,3.78,-0.01,106,40068,卖盘
146,14:47:20,3.79,0.01,73,27667,买盘
147,14:47:15,3.78,-0.01,262,99036,卖盘
148,14:47:10,3.79,--,6,2274,买盘
149,14:47:05,3.79,0.01,1700,644300,买盘
150,14:47:00,3.78,--,468,176904,卖盘
151,14:46:54,3.78,-0.01,180,68040,卖盘
152,14:46:50,3.79,--,100,37900,买盘
153,14:46:45,3.79,0.01,2339,886481,买盘
154,14:46:39,3.78,-0.01,38,14364,卖盘
155,14:46:35,3.79,--,274,103846,买盘
156,14:46:23,3.79,0.01,73,27667,买盘
157,14:46:20,3.78,--,249,94122,卖盘
158,14:46:09,3.78,-0.01,143,54054,卖盘
159,14:46:05,3.79,--,123,46617,买盘
160,14:45:59,3.79,--,65,24635,买盘
161,14:45:50,3.79,--,382,144778,买盘
162,14:45:44,3.79,--,269,101951,买盘
163,14:45:39,3.79,--,132,50028,买盘
164,14:45:35,3.79,0.01,73,27667,买盘
165,14:45:29,3.78,--,625,236250,卖盘
166,14:45:24,3.78,-0.01,99,37422,卖盘
167,14:45:20,3.79,--,128,48512,买盘
168,14:45:14,3.79,--,523,198217,买盘
169,14:45:05,3.79,0.01,100,37900,买盘
170,14:44:59,3.78,-0.01,603,227934,卖盘
171,14:44:55,3.79,--,117,44343,买盘
172,14:44:50,3.79,--,73,27667,买盘
173,14:44:44,3.79,0.01,207,78453,买盘
174,14:44:35,3.78,-0.01,929,351162,卖盘
175,14:44:29,3.79,--,32,12128,买盘
176,14:44:24,3.79,0.01,72,27288,买盘
177,14:44:14,3.78,-0.01,398,150595,卖盘
178,14:44:09,3.79,0.01,8,3032,买盘
179,14:44:05,3.78,--,50,18900,卖盘
180,14:43:59,3.78,-0.01,227,85806,卖盘
181,14:43:54,3.79,--,37,14023,买盘
182,14:43:50,3.79,--,8,3032,买盘
183,14:43:44,3.79,--,144,54576,买盘
184,14:43:39,3.79,--,20,7580,买盘
185,14:43:35,3.79,--,674,255446,买盘
186,14:43:29,3.79,--,208,78832,买盘
187,14:43:24,3.79,-0.01,1023,387717,卖盘
188,14:43:20,3.8,0.01,1465,556700,买盘
189,14:43:14,3.79,--,1667,631793,卖盘
190,14:43:09,3.79,-0.01,3,1137,卖盘
191,14:43:05,3.8,0.01,30,11400,买盘
192,14:42:59,3.79,--,103,39037,卖盘
193,14:42:54,3.79,--,150,56850,卖盘
194,14:42:50,3.79,--,1260,477691,买盘
195,14:42:44,3.79,--,66,25014,买盘
196,14:42:39,3.79,--,51,19329,买盘
197,14:42:35,3.79,0.01,65,24635,买盘
198,14:42:29,3.78,-0.01,23,8694,卖盘
199,14:42:20,3.79,0.01,126,47754,买盘
200,14:42:14,3.78,-0.01,187,70686,卖盘
201,14:42:09,3.79,--,10,3790,买盘
202,14:42:03,3.79,--,15,5685,买盘
203,14:41:59,3.79,--,268,101572,买盘
204,14:41:54,3.79,--,13,4927,买盘
205,14:41:49,3.79,--,389,147431,卖盘
206,14:41:44,3.79,--,15,5685,卖盘
207,14:41:39,3.79,--,221,83759,卖盘
208,14:41:29,3.79,--,83,31457,卖盘
209,14:41:24,3.79,-0.01,106,40174,卖盘
210,14:41:19,3.8,0.01,651,247380,买盘
211,14:41:14,3.79,--,99,37521,卖盘
212,14:41:09,3.79,--,50,18950,卖盘
213,14:41:03,3.79,--,2,758,卖盘
214,14:40:59,3.79,--,15,5685,买盘
215,14:40:54,3.79,--,318,120522,卖盘
216,14:40:49,3.79,--,784,297136,买盘
217,14:40:44,3.79,--,30,11370,买盘
218,14:40:39,3.79,--,73,27667,买盘
219,14:40:34,3.79,--,1,379,买盘
220,14:40:29,3.79,--,200,75800,买盘
221,14:40:24,3.79,0.01,554,209966,买盘
222,14:40:14,3.78,-0.01,563,212817,卖盘
223,14:40:09,3.79,0.01,83,31457,中性盘
224,14:40:03,3.78,-0.01,1336,505008,卖盘
225,14:39:59,3.79,--,80,30320,卖盘
226,14:39:54,3.79,--,248,93992,卖盘
227,14:39:49,3.79,-0.01,205,77695,卖盘
228,14:39:44,3.8,0.01,379,144020,买盘
229,14:39:39,3.79,-0.01,291,110289,卖盘
230,14:39:33,3.8,0.02,164,62597,买盘
231,14:39:29,3.78,--,34,12852,卖盘
232,14:39:24,3.78,--,236,89208,卖盘
233,14:39:14,3.78,-0.01,76,28728,卖盘
234,14:39:08,3.79,--,97,36763,买盘
235,14:39:03,3.79,--,1000,379000,买盘
236,14:38:59,3.79,0.01,2303,872965,买盘
237,14:38:53,3.78,--,306,115668,卖盘
238,14:38:48,3.78,-0.01,39,14742,卖盘
239,14:38:44,3.79,0.01,340,128860,买盘
240,14:38:38,3.78,--,245,92610,卖盘
241,14:38:33,3.78,-0.01,37,13986,卖盘
242,14:38:29,3.79,0.01,164,62156,买盘
243,14:38:23,3.78,-0.01,700,264600,卖盘
244,14:38:18,3.79,--,50,18950,买盘
245,14:38:14,3.79,--,165,62535,买盘
246,14:38:08,3.79,--,1599,606021,买盘
247,14:38:03,3.79,--,5,1895,买盘
248,14:37:59,3.79,--,219,83001,买盘
249,14:37:53,3.79,--,110,41690,买盘
250,14:37:48,3.79,--,2910,1102992,卖盘
251,14:37:44,3.79,--,223,84774,卖盘
252,14:37:38,3.79,--,3392,1285568,卖盘
253,14:37:33,3.79,--,2077,787183,卖盘
254,14:37:29,3.79,-0.01,879,333141,卖盘
255,14:37:23,3.8,0.01,497,188860,买盘
256,14:37:18,3.79,--,87,32973,卖盘
257,14:37:14,3.79,-0.01,4950,1876050,卖盘
258,14:37:08,3.8,--,3054,1160520,买盘
259,14:37:03,3.8,0.01,271,102980,买盘
260,14:36:59,3.79,--,208,78832,卖盘
261,14:36:53,3.79,--,550,208450,卖盘
262,14:36:48,3.79,-0.01,4907,1859753,卖盘
263,14:36:44,3.8,0.01,193,73340,买盘
264,14:36:38,3.79,--,291,110307,卖盘
265,14:36:33,3.79,--,2924,1108196,卖盘
266,14:36:29,3.79,--,8,3032,卖盘
267,14:36:23,3.79,--,522,197838,卖盘
268,14:36:18,3.79,--,53,20087,卖盘
269,14:36:14,3.79,--,559,211861,买盘
270,14:36:08,3.79,--,20,7580,买盘
271,14:36:03,3.79,0.01,27,10233,买盘
272,14:35:59,3.78,--,1390,525420,卖盘
273,14:35:53,3.78,--,451,170606,卖盘
274,14:35:48,3.78,-0.01,226,85428,卖盘
275,14:35:44,3.79,0.01,590,223807,买盘
276,14:35:38,3.78,-0.01,138,52182,卖盘
277,14:35:33,3.79,--,434,164486,买盘
278,14:35:29,3.79,--,21,7959,买盘
279,14:35:23,3.79,--,253,96114,买盘
280,14:35:18,3.79,--,2,758,买盘
281,14:35:08,3.79,--,111,42069,买盘
282,14:35:03,3.79,--,18,6822,买盘
283,14:34:57,3.79,--,99,37521,买盘
284,14:34:53,3.79,--,111,42069,买盘
285,14:34:48,3.79,--,79,29941,买盘
286,14:34:42,3.79,-0.01,1349,511452,卖盘
287,14:34:38,3.8,0.01,213,80959,买盘
288,14:34:33,3.79,--,561,212619,卖盘
289,14:34:28,3.79,--,130,49270,卖盘
290,14:34:23,3.79,--,197,74674,卖盘
291,14:34:18,3.79,--,2873,1088867,卖盘
292,14:34:13,3.79,-0.01,1313,497627,卖盘
293,14:34:08,3.8,0.01,76,28880,买盘
294,14:34:03,3.79,--,1730,655670,卖盘
295,14:33:58,3.79,-0.01,1666,631414,卖盘
296,14:33:53,3.8,--,470,178600,买盘
297,14:33:48,3.8,--,105,39900,买盘
298,14:33:42,3.8,0.01,6622,2516360,买盘
299,14:33:38,3.79,-0.01,267,101211,卖盘
300,14:33:33,3.8,0.01,1341,509580,买盘
301,14:33:27,3.79,--,3204,1214316,卖盘
302,14:33:23,3.79,--,183,69372,卖盘
303,14:33:12,3.79,-0.01,5395,2044705,卖盘
304,14:33:08,3.8,0.01,132,50160,买盘
305,14:33:03,3.79,-0.01,143,54197,卖盘
306,14:32:56,3.8,0.01,69,26220,买盘
307,14:32:53,3.79,--,3145,1191955,卖盘
308,14:32:48,3.79,--,2200,833800,卖盘
309,14:32:42,3.79,--,52,19708,卖盘
310,14:32:38,3.79,-0.01,4631,1755167,卖盘
311,14:32:33,3.8,0.02,967,367574,买盘
312,14:32:27,3.78,-0.01,954,360948,卖盘
313,14:32:23,3.79,-0.01,8234,3120701,卖盘
314,14:32:18,3.8,--,237,90060,买盘
315,14:32:12,3.8,--,299,113620,买盘
316,14:32:08,3.8,0.01,9709,3689420,买盘
317,14:32:03,3.79,-0.01,31,11749,卖盘
318,14:31:57,3.8,0.01,65,24700,买盘
319,14:31:53,3.79,--,1593,603747,卖盘
320,14:31:47,3.79,--,297,112563,卖盘
321,14:31:42,3.79,-0.01,321,121659,卖盘
322,14:31:38,3.8,--,2456,933299,买盘
323,14:31:32,3.8,0.01,124,47120,买盘
324,14:31:27,3.79,--,53,20087,卖盘
325,14:31:23,3.79,--,1466,555614,卖盘
326,14:31:17,3.79,--,560,212251,卖盘
327,14:31:11,3.79,-0.01,573,217167,卖盘
328,14:31:08,3.8,0.01,3981,1512780,买盘
329,14:31:02,3.79,--,384,145536,卖盘
330,14:30:57,3.79,--,61,23119,卖盘
331,14:30:53,3.79,--,4861,1842319,卖盘
332,14:30:47,3.79,-0.01,312,118251,卖盘
333,14:30:42,3.8,--,271,102980,买盘
334,14:30:38,3.8,0.01,9598,3647259,买盘
335,14:30:32,3.79,-0.01,4330,1641070,卖盘
336,14:30:27,3.8,0.01,229,87020,买盘
337,14:30:23,3.79,--,159,60276,卖盘
338,14:30:17,3.79,-0.01,11521,4366459,卖盘
339,14:30:12,3.8,--,278,105640,买盘
340,14:30:08,3.8,0.01,9889,3757820,买盘
341,14:30:02,3.79,-0.01,10145,3844955,卖盘
342,14:29:53,3.8,0.01,2610,991800,买盘
343,14:29:47,3.79,-0.01,244,92476,卖盘
344,14:29:38,3.8,0.01,15713,5970940,买盘
345,14:29:32,3.79,--,604,228931,卖盘
346,14:29:27,3.79,--,60,22740,卖盘
347,14:29:23,3.79,--,242,91718,卖盘
348,14:29:17,3.79,-0.01,3961,1501234,卖盘
349,14:29:12,3.8,--,80,30400,买盘
350,14:29:08,3.8,0.01,128,48640,买盘
351,14:29:02,3.79,--,2060,780740,卖盘
352,14:28:57,3.79,--,50,18950,卖盘
353,14:28:53,3.79,--,2320,879280,卖盘
354,14:28:46,3.79,--,701,265679,卖盘
355,14:28:42,3.79,-0.01,7650,2899350,卖盘
356,14:28:37,3.8,0.01,148,56240,买盘
357,14:28:32,3.79,-0.01,650,246368,卖盘
358,14:28:27,3.8,--,159,60420,买盘
359,14:28:23,3.8,0.01,201,76380,买盘
360,14:28:17,3.79,-0.01,863,327088,卖盘
361,14:28:12,3.8,--,601,228380,买盘
362,14:28:08,3.8,--,204,77520,买盘
363,14:28:02,3.8,--,5731,2177780,买盘
364,14:27:57,3.8,0.01,82,31160,买盘
365,14:27:47,3.79,--,4708,1784332,卖盘
366,14:27:41,3.79,--,112,42466,卖盘
367,14:27:37,3.79,--,74,28046,卖盘
368,14:27:32,3.79,-0.01,6917,2621543,卖盘
369,14:27:27,3.8,--,29,11020,买盘
370,14:27:22,3.8,0.01,142,53960,买盘
371,14:27:17,3.79,--,156,59139,卖盘
372,14:27:12,3.79,--,768,291072,卖盘
373,14:27:07,3.79,-0.01,200,75800,卖盘
374,14:27:02,3.8,--,737,280060,买盘
375,14:26:56,3.8,--,119,45220,买盘
376,14:26:51,3.8,--,33,12540,买盘
377,14:26:47,3.8,0.01,420,159600,买盘
378,14:26:42,3.79,--,647,245213,卖盘
379,14:26:37,3.79,-0.01,172,65206,卖盘
380,14:26:32,3.8,0.01,946,359480,买盘
381,14:26:27,3.79,--,193,73147,卖盘
382,14:26:21,3.79,--,310,117490,卖盘
383,14:26:17,3.79,-0.01,404,153127,卖盘
384,14:26:12,3.8,0.01,1121,425980,买盘
385,14:26:07,3.79,--,83,31457,卖盘
386,14:26:02,3.79,--,1677,635583,卖盘
387,14:25:57,3.79,--,257,97403,卖盘
388,14:25:47,3.79,-0.01,374,141746,卖盘
389,14:25:42,3.8,0.01,2672,1015360,买盘
390,14:25:37,3.79,--,162,61416,卖盘
391,14:25:32,3.79,--,3233,1225307,卖盘
392,14:25:27,3.79,-0.01,150,56850,卖盘
393,14:25:22,3.8,--,143,54340,买盘
394,14:25:16,3.8,0.01,167,63475,买盘
395,14:25:12,3.79,--,187,70873,卖盘
396,14:25:06,3.79,-0.01,40,15160,卖盘
397,14:25:02,3.8,0.01,177,67260,买盘
398,14:24:57,3.79,--,217,82243,卖盘
399,14:24:51,3.79,-0.01,180,68220,卖盘
400,14:24:46,3.8,--,170,64600,买盘
401,14:24:42,3.8,0.01,585,222300,买盘
402,14:24:36,3.79,-0.01,751,284943,卖盘
403,14:24:31,3.8,0.01,799,303684,买盘
404,14:24:26,3.79,--,4126,1564087,卖盘
405,14:24:21,3.79,-0.01,344,130391,卖盘
406,14:24:16,3.8,0.01,682,259160,买盘
407,14:24:11,3.79,-0.01,263,99677,卖盘
408,14:24:05,3.8,--,3071,1166980,买盘
409,14:24:02,3.8,0.01,1133,430540,买盘
410,14:23:56,3.79,--,137,51923,卖盘
411,14:23:51,3.79,--,588,222852,卖盘
412,14:23:46,3.79,--,161,61019,卖盘
413,14:23:41,3.79,--,505,191395,卖盘
414,14:23:36,3.79,--,152,57638,买盘
415,14:23:32,3.79,--,666,252781,卖盘
416,14:23:26,3.79,--,1461,553719,卖盘
417,14:23:21,3.79,--,128,48512,卖盘
418,14:23:16,3.79,--,274,103857,卖盘
419,14:23:11,3.79,--,248,93992,卖盘
420,14:23:05,3.79,--,5,1895,卖盘
421,14:23:02,3.79,-0.01,166,62914,卖盘
422,14:22:56,3.8,0.01,279,106020,买盘
423,14:22:47,3.79,-0.01,293,111047,中性盘
424,14:22:41,3.8,--,314,119320,买盘
425,14:22:36,3.8,0.02,96,36480,买盘
426,14:22:32,3.78,-0.01,485,183348,卖盘
427,14:22:26,3.79,-0.01,707,267953,卖盘
428,14:22:21,3.8,0.01,102,38760,买盘
429,14:22:16,3.79,-0.01,136,51559,卖盘
430,14:22:11,3.8,--,230,87400,买盘
431,14:22:06,3.8,--,8,3040,买盘
432,14:22:01,3.8,0.01,263,99940,买盘
433,14:21:56,3.79,-0.01,208,78832,卖盘
434,14:21:51,3.8,--,79,30020,买盘
435,14:21:47,3.8,--,93,35340,买盘
436,14:21:40,3.8,--,508,193040,买盘
437,14:21:36,3.8,0.01,31,11780,买盘
438,14:21:32,3.79,--,247,93631,卖盘
439,14:21:26,3.79,--,1128,427512,卖盘
440,14:21:20,3.79,-0.01,271,102724,卖盘
441,14:21:16,3.8,--,52,19760,买盘
442,14:21:11,3.8,--,642,243960,买盘
443,14:21:06,3.8,--,150,57000,买盘
444,14:21:02,3.8,--,1114,423320,买盘
445,14:20:56,3.8,0.01,1964,746320,买盘
446,14:20:51,3.79,--,100,37900,卖盘
447,14:20:46,3.79,--,263,99677,卖盘
448,14:20:40,3.79,--,72,27288,卖盘
449,14:20:36,3.79,--,231,87567,卖盘
450,14:20:26,3.79,-0.01,1764,668556,卖盘
451,14:20:21,3.8,0.01,1764,670320,买盘
452,14:20:15,3.79,-0.01,240,90971,卖盘
453,14:20:11,3.8,--,61,23180,买盘
454,14:20:06,3.8,0.01,220,83600,买盘
455,14:19:51,3.79,--,414,156906,买盘
456,14:19:46,3.79,--,393,148947,买盘
457,14:19:41,3.79,--,513,194427,买盘
458,14:19:36,3.79,--,293,111062,买盘
459,14:19:29,3.79,--,975,369525,买盘
460,14:19:25,3.79,--,388,147052,买盘
461,14:19:21,3.79,--,183,69372,买盘
462,14:19:10,3.79,--,644,244076,买盘
463,14:19:06,3.79,--,174,65946,买盘
464,14:19:01,3.79,--,138,52302,买盘
465,14:18:56,3.79,--,578,219406,卖盘
466,14:18:50,3.79,-0.01,1786,676894,卖盘
467,14:18:45,3.8,--,275,104500,买盘
468,14:18:41,3.8,--,95,36100,买盘
469,14:18:36,3.8,--,296,112499,买盘
470,14:18:26,3.8,0.01,300,114000,买盘
471,14:18:21,3.79,--,2423,918317,卖盘
472,14:18:16,3.79,-0.01,40,15175,卖盘
473,14:18:11,3.8,--,75,28500,买盘
474,14:18:06,3.8,0.01,77,29260,买盘
475,14:18:01,3.79,--,3,1137,卖盘
476,14:17:56,3.79,--,476,180404,卖盘
477,14:17:50,3.79,-0.01,692,262268,卖盘
478,14:17:46,3.8,--,103,39140,买盘
479,14:17:41,3.8,0.01,553,210140,买盘
480,14:17:36,3.79,--,170,64448,卖盘
481,14:17:30,3.79,--,23,8872,买盘
482,14:17:26,3.79,--,334,126586,买盘
483,14:17:21,3.79,--,121,45870,买盘
484,14:17:15,3.79,--,10,3790,买盘
485,14:17:10,3.79,0.01,649,245971,买盘
486,14:17:06,3.78,-0.01,15,5670,卖盘
487,14:17:00,3.79,--,75,28425,买盘
488,14:16:56,3.79,--,214,81106,买盘
489,14:16:50,3.79,--,163,61777,买盘
490,14:16:45,3.79,--,23,8717,买盘
491,14:16:41,3.79,0.01,162,61398,买盘
492,14:16:36,3.78,-0.01,187,70704,卖盘
493,14:16:29,3.79,--,70,26530,买盘
494,14:16:26,3.79,--,75,28425,买盘
495,14:16:20,3.79,-0.01,495,187843,卖盘
496,14:16:15,3.8,0.01,93,35340,买盘
497,14:16:11,3.79,--,127,48133,卖盘
498,14:16:04,3.79,-0.01,216,81864,卖盘
499,14:15:59,3.8,0.01,324,123120,买盘
500,14:15:55,3.79,--,347,131513,卖盘
501,14:15:49,3.79,--,231,87549,卖盘
502,14:15:44,3.79,-0.01,1895,718205,卖盘
503,14:15:40,3.8,0.01,463,175940,买盘
504,14:15:34,3.79,--,419,158819,卖盘
505,14:15:30,3.79,-0.01,281,106589,卖盘
506,14:15:25,3.8,--,71,26980,买盘
507,14:15:20,3.8,0.01,1190,452211,买盘
508,14:15:14,3.79,-0.01,8218,3114622,卖盘
509,14:15:10,3.8,--,269,102220,买盘
510,14:15:05,3.8,0.01,119,45220,买盘
511,14:15:00,3.79,-0.01,129,48891,卖盘
512,14:14:55,3.8,0.01,94,35720,买盘
513,14:14:50,3.79,-0.01,88,33352,卖盘
514,14:14:44,3.8,0.01,68,25840,买盘
515,14:14:40,3.79,-0.01,1187,449873,卖盘
516,14:14:35,3.8,0.01,232,88160,买盘
517,14:14:29,3.79,--,92,34886,卖盘
518,14:14:25,3.79,--,142,53818,卖盘
519,14:14:19,3.79,--,88,33367,卖盘
520,14:14:15,3.79,--,3656,1385624,买盘
521,14:14:10,3.79,0.01,180,68220,买盘
522,14:14:05,3.78,--,100,37800,卖盘
523,14:14:00,3.78,-0.01,1,378,卖盘
524,14:13:55,3.79,--,583,220957,买盘
525,14:13:44,3.79,--,95,36005,买盘
526,14:13:40,3.79,--,383,145157,买盘
527,14:13:35,3.79,--,235,89083,买盘
528,14:13:30,3.79,0.01,79,29941,买盘
529,14:13:25,3.78,-0.01,10,3780,卖盘
530,14:13:20,3.79,0.01,148,56092,买盘
531,14:13:15,3.78,-0.01,40,15135,卖盘
532,14:13:10,3.79,0.01,245,92855,买盘
533,14:13:04,3.78,-0.01,1650,623700,卖盘
534,14:13:00,3.79,--,308,116732,买盘
535,14:12:55,3.79,--,148,56092,买盘
536,14:12:50,3.79,--,670,253930,买盘
537,14:12:44,3.79,0.01,84,31836,买盘
538,14:12:40,3.78,-0.01,326,123228,卖盘
539,14:12:35,3.79,0.01,258,97800,买盘
540,14:12:25,3.78,-0.01,33,12474,卖盘
541,14:12:20,3.79,0.01,368,139472,买盘
542,14:12:14,3.78,-0.01,89,33653,卖盘
543,14:12:10,3.79,--,99,37521,买盘
544,14:12:05,3.79,--,170,64430,买盘
545,14:11:55,3.79,--,73,27667,买盘
546,14:11:50,3.79,--,75,28425,买盘
547,14:11:45,3.79,--,243,92097,买盘
548,14:11:40,3.79,--,53,20087,买盘
549,14:11:35,3.79,0.01,302,114476,买盘
550,14:11:29,3.78,--,2067,781326,卖盘
551,14:11:25,3.78,-0.01,40,15120,卖盘
552,14:11:19,3.79,0.01,3022,1145338,买盘
553,14:11:15,3.78,-0.01,470,177675,卖盘
554,14:11:10,3.79,--,142,53818,买盘
555,14:11:05,3.79,--,142,53818,买盘
556,14:11:00,3.79,--,963,364977,买盘
557,14:10:53,3.79,--,212,80348,买盘
558,14:10:50,3.79,--,623,236117,买盘
559,14:10:45,3.79,--,325,123175,买盘
560,14:10:35,3.79,--,1768,670090,买盘
561,14:10:30,3.79,--,369,139851,买盘
562,14:10:25,3.79,--,30,11370,买盘
563,14:10:19,3.79,0.01,139,52681,买盘
564,14:10:15,3.78,-0.01,127,48021,卖盘
565,14:10:09,3.79,--,71,26909,买盘
566,14:10:05,3.79,--,221,83759,买盘
567,14:10:00,3.79,--,1566,593514,买盘
568,14:09:55,3.79,--,47,17813,买盘
569,14:09:50,3.79,0.01,2325,881175,买盘
570,14:09:45,3.78,-0.01,416,157248,卖盘
571,14:09:39,3.79,0.01,33,12507,买盘
572,14:09:35,3.78,-0.01,340,128535,卖盘
573,14:09:30,3.79,0.01,77,29183,买盘
574,14:09:24,3.78,-0.01,88,33264,卖盘
575,14:09:20,3.79,0.01,696,263784,买盘
576,14:09:15,3.78,--,109,41213,卖盘
577,14:09:09,3.78,-0.01,80,30240,卖盘
578,14:09:05,3.79,--,290,109910,买盘
579,14:08:59,3.79,0.01,110,41690,买盘
580,14:08:50,3.78,-0.01,235,88830,卖盘
581,14:08:45,3.79,--,89,33731,买盘
582,14:08:39,3.79,0.01,24,9096,买盘
583,14:08:35,3.78,-0.01,276,104346,卖盘
584,14:08:29,3.79,0.01,71,26909,买盘
585,14:08:24,3.78,-0.01,10,3780,卖盘
586,14:08:20,3.79,0.01,85,32215,买盘
587,14:08:14,3.78,--,149,56337,卖盘
588,14:08:09,3.78,-0.01,112,42336,卖盘
589,14:08:05,3.79,--,187,70873,买盘
590,14:08:00,3.79,--,70,26530,买盘
591,14:07:54,3.79,--,64,24256,买盘
592,14:07:50,3.79,--,154,58366,买盘
593,14:07:45,3.79,--,471,178509,买盘
594,14:07:38,3.79,--,41,15539,买盘
595,14:07:35,3.79,0.01,415,157285,买盘
596,14:07:29,3.78,-0.01,1766,667566,卖盘
597,14:07:24,3.79,--,200,75800,买盘
598,14:07:19,3.79,0.01,150,56850,买盘
599,14:07:14,3.78,-0.01,40,15135,卖盘
600,14:07:08,3.79,--,103,39037,买盘
601,14:07:04,3.79,--,283,107257,买盘
602,14:06:59,3.79,--,585,221715,买盘
603,14:06:53,3.79,--,33,12507,买盘
604,14:06:49,3.79,--,667,252793,买盘
605,14:06:44,3.79,--,181,68599,买盘
606,14:06:39,3.79,--,46,17434,买盘
607,14:06:34,3.79,--,352,133426,买盘
608,14:06:29,3.79,--,214,81106,买盘
609,14:06:23,3.79,0.01,25,9475,买盘
610,14:06:19,3.78,--,96,36288,卖盘
611,14:06:13,3.78,-0.01,112,42347,卖盘
612,14:06:09,3.79,--,68,25772,买盘
613,14:06:04,3.79,--,2180,826220,买盘
614,14:05:59,3.79,--,76,28804,买盘
615,14:05:49,3.79,--,493,187191,卖盘
616,14:05:44,3.79,--,283,107257,卖盘
617,14:05:38,3.79,-0.01,91,34489,卖盘
618,14:05:34,3.8,0.01,260,98800,买盘
619,14:05:29,3.79,--,244,92494,卖盘
620,14:05:23,3.79,--,147,55713,卖盘
621,14:05:19,3.79,-0.01,81,30699,卖盘
622,14:05:14,3.8,0.01,67,25475,买盘
623,14:05:08,3.79,-0.01,73,27667,卖盘
624,14:05:04,3.8,--,0,0,买盘
625,14:04:59,3.8,0.01,1236,469680,买盘
626,14:04:54,3.79,0.01,73,27667,买盘
627,14:04:49,3.78,-0.01,327,123632,卖盘
628,14:04:44,3.79,--,9,3763,卖盘
629,14:04:37,3.79,--,14,5306,卖盘
630,14:04:34,3.79,--,631,239149,卖盘
631,14:04:29,3.79,--,1654,626884,卖盘
632,14:04:24,3.79,--,77,29183,卖盘
633,14:04:19,3.79,--,103,39037,卖盘
634,14:04:13,3.79,--,182,68989,卖盘
635,14:04:08,3.79,-0.01,510,193290,卖盘
636,14:04:04,3.8,--,4351,1653380,买盘
637,14:03:58,3.8,--,144,54720,买盘
638,14:03:53,3.8,0.01,2575,978500,买盘
639,14:03:49,3.79,-0.01,210,79590,卖盘
640,14:03:43,3.8,--,844,320720,买盘
641,14:03:38,3.8,0.01,49,18620,买盘
642,14:03:34,3.79,--,477,180783,卖盘
643,14:03:28,3.79,--,271,102709,卖盘
644,14:03:24,3.79,--,141,53439,卖盘
645,14:03:18,3.79,--,127,48133,卖盘
646,14:03:14,3.79,--,92,34883,卖盘
647,14:03:08,3.79,-0.01,33,12507,卖盘
648,14:03:03,3.8,0.01,107,40660,买盘
649,14:02:58,3.79,--,201,76179,卖盘
650,14:02:53,3.79,-0.01,257,97403,卖盘
651,14:02:47,3.8,0.01,23,8740,买盘
652,14:02:39,3.79,--,21,7959,买盘
653,14:02:32,3.79,--,114,43206,买盘
654,14:02:28,3.79,--,83,31457,买盘
655,14:02:23,3.79,0.01,139,52681,买盘
656,14:02:13,3.78,-0.01,1550,585915,卖盘
657,14:02:08,3.79,--,462,175098,买盘
658,14:02:02,3.79,--,37,14023,买盘
659,14:01:58,3.79,0.01,71,26909,买盘
660,14:01:53,3.78,-0.01,40,15120,卖盘
661,14:01:49,3.79,--,352,133408,买盘
662,14:01:43,3.79,--,138,52302,买盘
663,14:01:38,3.79,--,212,80348,买盘
664,14:01:32,3.79,--,59,22361,买盘
665,14:01:28,3.79,--,80,30320,买盘
666,14:01:23,3.79,--,177,67083,买盘
667,14:01:13,3.79,--,288,109163,买盘
668,14:01:09,3.79,--,122,46238,买盘
669,14:01:03,3.79,--,27,10233,买盘
670,14:00:58,3.79,0.01,155,58745,买盘
671,14:00:53,3.78,-0.01,852,322056,卖盘
672,14:00:47,3.79,--,168,64032,卖盘
673,14:00:38,3.79,-0.01,297,112563,卖盘
674,14:00:33,3.8,0.01,73,27740,买盘
675,14:00:28,3.79,-0.01,48,18192,卖盘
676,14:00:23,3.8,0.01,234,88920,买盘
677,14:00:13,3.79,--,143,54212,卖盘
678,14:00:09,3.79,--,406,153877,买盘
679,14:00:02,3.79,--,1814,687506,买盘
680,13:59:58,3.79,--,1652,626108,买盘
681,13:59:53,3.79,--,16,6064,买盘
682,13:59:47,3.79,--,166,62914,买盘
683,13:59:43,3.79,--,2,758,买盘
684,13:59:39,3.79,--,60,22740,买盘
685,13:59:29,3.79,-0.01,265,100810,卖盘
686,13:59:23,3.8,--,16,6080,买盘
687,13:59:13,3.8,0.01,69,26220,买盘
688,13:59:07,3.79,--,1430,541973,买盘
689,13:59:03,3.79,--,47,17813,买盘
690,13:58:58,3.79,--,165,62535,买盘
691,13:58:52,3.79,--,327,123933,买盘
692,13:58:48,3.79,0.01,78,29562,买盘
693,13:58:43,3.78,-0.01,229,86562,卖盘
694,13:58:37,3.79,0.01,69,26151,买盘
695,13:58:32,3.78,-0.01,14,5292,卖盘
696,13:58:28,3.79,0.01,155,58745,买盘
697,13:58:22,3.78,-0.01,136,51408,卖盘
698,13:58:17,3.79,--,55,20845,买盘
699,13:58:13,3.79,--,2267,859193,买盘
700,13:58:07,3.79,--,275,104225,买盘
701,13:58:02,3.79,0.01,26,9854,买盘
702,13:57:58,3.78,-0.01,399,150822,卖盘
703,13:57:52,3.79,--,218,82622,买盘
704,13:57:47,3.79,--,52,19708,买盘
705,13:57:37,3.79,--,59,22361,买盘
706,13:57:32,3.79,--,85,32215,买盘
707,13:57:28,3.79,--,485,183815,买盘
708,13:57:23,3.79,--,230,87170,买盘
709,13:57:18,3.79,0.01,113,42827,买盘
710,13:57:13,3.78,-0.01,113,42714,卖盘
711,13:57:07,3.79,--,61,23119,买盘
712,13:57:02,3.79,0.01,23,8717,买盘
713,13:56:52,3.78,-0.01,273,103194,卖盘
714,13:56:47,3.79,0.01,92,34868,买盘
715,13:56:43,3.78,--,130,49140,卖盘
716,13:56:37,3.78,-0.01,113,42714,卖盘
717,13:56:31,3.79,--,24,9096,买盘
718,13:56:28,3.79,0.01,351,133029,买盘
719,13:56:22,3.78,-0.01,46,17388,卖盘
720,13:56:18,3.79,--,147,55713,买盘
721,13:56:13,3.79,--,69,26151,买盘
722,13:56:07,3.79,--,121,45859,买盘
723,13:56:02,3.79,0.01,67,25393,买盘
724,13:55:58,3.78,--,187,70686,卖盘
725,13:55:52,3.78,-0.01,18,6804,卖盘
726,13:55:47,3.79,--,77,29183,买盘
727,13:55:43,3.79,--,32,12128,买盘
728,13:55:37,3.79,0.01,181,68599,买盘
729,13:55:32,3.78,-0.01,14,5292,卖盘
730,13:55:28,3.79,0.01,666,252414,买盘
731,13:55:22,3.78,--,213,80514,卖盘
732,13:55:16,3.78,-0.01,63,23814,卖盘
733,13:55:12,3.79,--,24,9096,买盘
734,13:55:07,3.79,--,1581,599199,买盘
735,13:55:02,3.79,--,106,40174,买盘
736,13:54:56,3.79,0.01,196,74284,买盘
737,13:54:52,3.78,-0.01,62,23436,卖盘
738,13:54:47,3.79,--,11,4169,买盘
739,13:54:41,3.79,--,10,3790,买盘
740,13:54:37,3.79,--,95,36005,买盘
741,13:54:32,3.79,--,199,75421,卖盘
742,13:54:28,3.79,--,33,12507,卖盘
743,13:54:22,3.79,--,453,171687,买盘
744,13:54:17,3.79,--,290,109910,买盘
745,13:54:11,3.79,--,43,16297,买盘
746,13:54:07,3.79,--,325,123175,卖盘
747,13:54:02,3.79,--,463,175477,卖盘
748,13:53:58,3.79,-0.01,31,11749,卖盘
749,13:53:52,3.8,0.01,382,145160,买盘
750,13:53:47,3.79,--,297,112563,卖盘
751,13:53:41,3.79,-0.01,36,13644,卖盘
752,13:53:37,3.8,0.01,418,158840,买盘
753,13:53:32,3.79,--,595,225505,买盘
754,13:53:27,3.79,--,136,51544,买盘
755,13:53:22,3.79,--,163,61777,买盘
756,13:53:17,3.79,--,1104,418416,买盘
757,13:53:11,3.79,0.01,100,37900,买盘
758,13:53:07,3.78,-0.01,18,6804,卖盘
759,13:53:02,3.79,--,212,80348,买盘
760,13:52:58,3.79,--,126,47754,买盘
761,13:52:52,3.79,--,499,189121,买盘
762,13:52:47,3.79,0.01,104,39416,中性盘
763,13:52:42,3.78,-0.01,1688,638064,卖盘
764,13:52:37,3.79,--,149,56471,买盘
765,13:52:32,3.79,--,146,55334,买盘
766,13:52:26,3.79,--,213,80727,买盘
767,13:52:22,3.79,0.01,109,41311,买盘
768,13:52:16,3.78,-0.01,225,85050,卖盘
769,13:52:11,3.79,0.01,52,19708,买盘
770,13:52:07,3.78,-0.01,796,300888,卖盘
771,13:51:56,3.79,--,261,98919,卖盘
772,13:51:52,3.79,-0.01,238,90202,卖盘
773,13:51:46,3.8,--,77,29260,买盘
774,13:51:41,3.8,--,94,35720,买盘
775,13:51:37,3.8,--,491,186580,买盘
776,13:51:31,3.8,0.01,304,115520,买盘
777,13:51:26,3.79,-0.01,338,128102,卖盘
778,13:51:22,3.8,0.01,51,19380,买盘
779,13:51:16,3.79,-0.01,952,360808,卖盘
780,13:51:11,3.8,0.01,172,65360,买盘
781,13:51:07,3.79,-0.01,238,90202,卖盘
782,13:51:01,3.8,0.01,682,259160,买盘
783,13:50:56,3.79,--,218,82622,卖盘
784,13:50:52,3.79,-0.01,272,103088,卖盘
785,13:50:46,3.8,0.01,1125,427500,买盘
786,13:50:37,3.79,--,64,24256,卖盘
787,13:50:31,3.79,--,3230,1224173,买盘
788,13:50:26,3.79,-0.01,47,17813,中性盘
789,13:50:22,3.8,0.02,446,169480,买盘
790,13:50:16,3.78,-0.02,85,32130,卖盘
791,13:50:11,3.8,0.01,285,108300,买盘
792,13:50:07,3.79,--,420,159180,买盘
793,13:50:01,3.79,-0.01,444,168276,卖盘
794,13:49:56,3.8,--,902,342760,买盘
795,13:49:52,3.8,0.01,333,126540,买盘
796,13:49:46,3.79,-0.01,171,64809,卖盘
797,13:49:41,3.8,--,17,6460,买盘
798,13:49:36,3.8,--,338,128440,买盘
799,13:49:31,3.8,--,647,245860,买盘
800,13:49:26,3.8,--,962,365560,买盘
801,13:49:16,3.8,0.01,55,20900,买盘
802,13:49:07,3.79,--,225,85275,卖盘
803,13:49:01,3.79,--,2338,886102,卖盘
804,13:48:56,3.79,--,3125,1184375,卖盘
805,13:48:52,3.79,-0.01,313,118627,卖盘
806,13:48:46,3.8,--,144,54720,买盘
807,13:48:41,3.8,0.01,208,79040,买盘
808,13:48:37,3.79,-0.01,19,7201,卖盘
809,13:48:30,3.8,0.01,900,342000,买盘
810,13:48:26,3.79,--,1367,518093,卖盘
811,13:48:22,3.79,-0.01,394,149326,卖盘
812,13:48:16,3.8,0.01,259,98420,买盘
813,13:48:11,3.79,-0.01,82,31078,卖盘
814,13:48:07,3.8,--,369,140220,买盘
815,13:48:01,3.8,0.01,464,176320,买盘
816,13:47:56,3.79,-0.01,8656,3280624,卖盘
817,13:47:51,3.8,--,37,14060,买盘
818,13:47:46,3.8,--,17,6460,买盘
819,13:47:41,3.8,0.01,56,21280,买盘
820,13:47:35,3.79,-0.01,82,31078,卖盘
821,13:47:31,3.8,--,1411,536180,买盘
822,13:47:26,3.8,0.01,2473,939740,买盘
823,13:47:16,3.79,-0.01,61,23119,卖盘
824,13:47:11,3.8,--,236,89680,买盘
825,13:47:06,3.8,--,597,226860,买盘
826,13:46:56,3.8,0.01,1326,503880,买盘
827,13:46:52,3.79,-0.01,418,158422,卖盘
828,13:46:46,3.8,0.01,22,8360,买盘
829,13:46:41,3.79,--,964,365356,卖盘
830,13:46:31,3.79,--,669,253551,卖盘
831,13:46:26,3.79,--,1140,432060,卖盘
832,13:46:21,3.79,-0.01,15,5685,卖盘
833,13:46:16,3.8,--,243,92340,买盘
834,13:46:11,3.8,0.01,423,160740,买盘
835,13:46:06,3.79,-0.01,20,7580,卖盘
836,13:46:01,3.8,0.01,6,2280,买盘
837,13:45:56,3.79,-0.01,1357,514303,卖盘
838,13:45:51,3.8,0.01,237,90060,买盘
839,13:45:46,3.79,--,75,28425,卖盘
840,13:45:41,3.79,--,205,77695,卖盘
841,13:45:35,3.79,--,77,29183,卖盘
842,13:45:31,3.79,--,111,42069,卖盘
843,13:45:26,3.79,--,1694,642026,卖盘
844,13:45:20,3.79,-0.01,87,32973,卖盘
845,13:45:16,3.8,--,1303,495140,买盘
846,13:45:11,3.8,0.01,727,276260,买盘
847,13:45:05,3.79,-0.01,168,63672,卖盘
848,13:45:01,3.8,--,551,209380,买盘
849,13:44:56,3.8,0.01,616,234080,买盘
850,13:44:50,3.79,--,75,28425,卖盘
851,13:44:46,3.79,--,265,100435,卖盘
852,13:44:41,3.79,--,490,185710,卖盘
853,13:44:34,3.79,-0.01,247,93613,卖盘
854,13:44:31,3.8,--,303,115140,买盘
855,13:44:25,3.8,0.01,400,152000,买盘
856,13:44:20,3.79,--,1137,430923,买盘
857,13:44:16,3.79,--,209,79211,买盘
858,13:44:10,3.79,--,536,203144,买盘
859,13:44:05,3.79,--,92,34868,买盘
860,13:44:01,3.79,--,632,239528,卖盘
861,13:43:55,3.79,--,191,72389,买盘
862,13:43:50,3.79,0.01,37,14023,买盘
863,13:43:46,3.78,-0.02,299,113022,卖盘
864,13:43:40,3.8,0.01,573,217740,买盘
865,13:43:35,3.79,--,617,233843,买盘
866,13:43:31,3.79,--,208,78832,买盘
867,13:43:25,3.79,--,213,80727,买盘
868,13:43:19,3.79,-0.01,527,199733,买盘
869,13:43:16,3.8,0.01,947,359860,买盘
870,13:43:10,3.79,--,1539,583281,卖盘
871,13:43:01,3.79,-0.01,229,86791,卖盘
872,13:42:55,3.8,0.01,93,35340,买盘
873,13:42:50,3.79,--,241,91339,卖盘
874,13:42:46,3.79,-0.01,1210,458590,卖盘
875,13:42:40,3.8,0.01,136,51680,买盘
876,13:42:35,3.79,-0.01,154,58366,卖盘
877,13:42:31,3.8,0.01,794,301720,买盘
878,13:42:25,3.79,--,52,19708,卖盘
879,13:42:20,3.79,0.01,3,1137,卖盘
880,13:42:16,3.78,--,1600,604800,卖盘
881,13:42:10,3.78,-0.01,143,54054,卖盘
882,13:42:05,3.79,--,7,2653,买盘
883,13:42:01,3.79,--,149,56471,卖盘
884,13:41:55,3.79,0.01,76,28804,买盘
885,13:41:49,3.78,-0.01,605,228690,卖盘
886,13:41:46,3.79,0.01,144,54576,买盘
887,13:41:40,3.78,-0.01,25,9450,卖盘
888,13:41:31,3.79,--,113,42827,买盘
889,13:41:25,3.79,--,21,7959,买盘
890,13:41:19,3.79,--,95,36005,卖盘
891,13:41:16,3.79,--,371,140609,卖盘
892,13:41:10,3.79,--,642,243318,卖盘
893,13:41:01,3.79,--,372,140988,卖盘
894,13:40:55,3.79,--,35,13265,卖盘
895,13:40:50,3.79,-0.01,232,87928,卖盘
896,13:40:46,3.8,0.01,323,122740,买盘
897,13:40:40,3.79,--,179,67841,卖盘
898,13:40:29,3.79,-0.01,246,93234,卖盘
899,13:40:25,3.8,0.01,297,112860,买盘
900,13:40:20,3.79,-0.01,219,83001,卖盘
901,13:40:14,3.8,0.01,1284,487920,买盘
902,13:40:10,3.79,--,10,3790,卖盘
903,13:40:05,3.79,0.01,88,33352,中性盘
904,13:40:00,3.78,--,2013,760914,卖盘
905,13:39:55,3.78,-0.01,137,51786,卖盘
906,13:39:49,3.79,--,73,27667,买盘
907,13:39:45,3.79,--,202,76558,买盘
908,13:39:40,3.79,--,93,35247,买盘
909,13:39:35,3.79,--,50,18950,买盘
910,13:39:29,3.79,--,501,189879,买盘
911,13:39:25,3.79,-0.01,150,56850,卖盘
912,13:39:20,3.8,--,299,113620,买盘
913,13:39:14,3.8,--,119,45220,买盘
914,13:39:10,3.8,--,1587,603060,买盘
915,13:39:05,3.8,--,493,187340,买盘
916,13:38:59,3.8,0.01,251,95380,买盘
917,13:38:55,3.79,--,1363,516577,买盘
918,13:38:50,3.79,--,191,72389,买盘
919,13:38:44,3.79,--,41,15539,买盘
920,13:38:40,3.79,--,796,301684,买盘
921,13:38:35,3.79,--,301,114079,买盘
922,13:38:30,3.79,--,133,50407,买盘
923,13:38:25,3.79,--,227,86033,买盘
924,13:38:14,3.79,-0.01,778,294862,卖盘
925,13:38:10,3.8,0.01,609,231420,买盘
926,13:38:04,3.79,--,169,64051,卖盘
927,13:38:00,3.79,--,110,41690,卖盘
928,13:37:54,3.79,--,307,116353,卖盘
929,13:37:50,3.79,--,645,244455,卖盘
930,13:37:44,3.79,--,9,3411,卖盘
931,13:37:40,3.79,0.01,1699,643921,买盘
932,13:37:29,3.78,--,16,6048,卖盘
933,13:37:20,3.78,-0.01,14,5292,卖盘
934,13:37:10,3.79,0.01,589,223231,买盘
935,13:37:04,3.78,-0.01,14,5292,卖盘
936,13:36:59,3.79,0.01,99,37521,买盘
937,13:36:55,3.78,-0.01,314,118692,卖盘
938,13:36:49,3.79,-0.01,33,12507,卖盘
939,13:36:44,3.8,0.01,31,11780,买盘
940,13:36:40,3.79,--,57,21603,买盘
941,13:36:34,3.79,--,27,10233,卖盘
942,13:36:29,3.79,--,23,8717,卖盘
943,13:36:25,3.79,0.01,142,53818,买盘
944,13:36:19,3.78,--,31,11718,卖盘
945,13:36:13,3.78,--,1549,585522,卖盘
946,13:36:10,3.78,-0.01,33,12474,卖盘
947,13:36:04,3.79,0.01,571,216409,买盘
948,13:35:58,3.78,-0.01,142,53676,卖盘
949,13:35:55,3.79,--,83,31457,买盘
950,13:35:49,3.79,--,219,83001,卖盘
951,13:35:44,3.79,--,6,2274,卖盘
952,13:35:40,3.79,--,130,49270,卖盘
953,13:35:29,3.79,0.01,1540,583660,买盘
954,13:35:25,3.78,-0.01,115,43470,卖盘
955,13:35:18,3.79,--,212,80348,买盘
956,13:35:14,3.79,0.01,20,7580,买盘
957,13:35:10,3.78,-0.01,16,6048,卖盘
958,13:35:04,3.79,0.01,314,119006,买盘
959,13:34:59,3.78,--,109,41202,卖盘
960,13:34:55,3.78,--,12,4536,卖盘
961,13:34:49,3.78,-0.01,1,378,卖盘
962,13:34:44,3.79,0.01,432,163728,买盘
963,13:34:40,3.78,--,21,7938,卖盘
964,13:34:34,3.78,-0.01,77,29106,卖盘
965,13:34:28,3.79,--,174,65946,买盘
966,13:34:24,3.79,0.01,203,76937,买盘
967,13:34:19,3.78,--,113,42714,卖盘
968,13:34:10,3.78,-0.02,23,8694,卖盘
969,13:34:03,3.8,0.01,1538,584440,买盘
970,13:33:58,3.79,--,196,74284,买盘
971,13:33:55,3.79,--,133,50407,买盘
972,13:33:49,3.79,--,865,327835,买盘
973,13:33:44,3.79,--,31,11749,买盘
974,13:33:40,3.79,--,290,109910,买盘
975,13:33:34,3.79,0.01,294,111426,买盘
976,13:33:28,3.78,-0.01,13,4914,卖盘
977,13:33:24,3.79,--,1361,515819,买盘
978,13:33:19,3.79,--,4,1516,买盘
979,13:33:14,3.79,0.01,106,40174,买盘
980,13:33:09,3.78,-0.01,211,79758,卖盘
981,13:33:04,3.79,--,223,84517,买盘
982,13:32:59,3.79,0.01,1,379,买盘
983,13:32:53,3.78,--,23,8694,卖盘
984,13:32:48,3.78,--,205,77490,卖盘
985,13:32:44,3.78,-0.01,17,6426,卖盘
986,13:32:39,3.79,--,200,75800,买盘
987,13:32:33,3.79,--,227,86033,买盘
988,13:32:28,3.79,--,10,3790,买盘
989,13:32:23,3.79,0.01,5,1895,买盘
990,13:32:18,3.78,-0.01,49,18522,卖盘
991,13:32:14,3.79,--,600,227400,买盘
992,13:32:08,3.79,--,30,11370,买盘
993,13:32:04,3.79,--,247,93613,卖盘
994,13:31:59,3.79,--,206,78074,卖盘
995,13:31:49,3.79,--,265,100435,卖盘
996,13:31:44,3.79,--,139,52681,卖盘
997,13:31:39,3.79,--,1840,697360,卖盘
998,13:31:34,3.79,-0.01,18,6822,卖盘
999,13:31:29,3.8,--,1079,410020,买盘
1000,13:31:23,3.8,0.01,5,1900,买盘
1001,13:31:19,3.79,-0.01,122,46238,卖盘
1002,13:31:13,3.8,0.01,405,153900,买盘
1003,13:31:09,3.79,-0.01,724,274396,卖盘
1004,13:31:04,3.8,0.01,75,28500,买盘
1005,13:30:59,3.79,--,445,168655,卖盘
1006,13:30:53,3.79,-0.01,12,4548,卖盘
1007,13:30:49,3.8,0.01,983,373540,买盘
1008,13:30:44,3.79,--,180,68220,卖盘
1009,13:30:37,3.79,--,45,17055,卖盘
1010,13:30:34,3.79,-0.01,50,18950,卖盘
1011,13:30:29,3.8,0.01,507,192660,买盘
1012,13:30:19,3.79,-0.01,35,13265,卖盘
1013,13:30:14,3.8,0.01,158,60040,买盘
1014,13:30:08,3.79,--,399,151221,卖盘
1015,13:30:04,3.79,--,156,59124,卖盘
1016,13:29:58,3.79,--,125,47375,卖盘
1017,13:29:53,3.79,--,406,153874,卖盘
1018,13:29:48,3.79,--,205,77695,卖盘
1019,13:29:43,3.79,--,171,64809,卖盘
1020,13:29:33,3.79,--,30,11370,卖盘
1021,13:29:28,3.79,--,2,758,卖盘
1022,13:29:23,3.79,--,4,1516,卖盘
1023,13:29:19,3.79,--,52,19708,买盘
1024,13:29:13,3.79,--,350,132650,买盘
1025,13:29:08,3.79,--,74,28046,买盘
1026,13:29:04,3.79,--,192,72768,买盘
1027,13:28:58,3.79,--,309,117111,买盘
1028,13:28:53,3.79,0.01,1631,618149,买盘
1029,13:28:49,3.78,--,389,147042,卖盘
1030,13:28:43,3.78,-0.01,228,86184,卖盘
1031,13:28:37,3.79,--,137,51923,买盘
1032,13:28:34,3.79,0.01,91,34489,买盘
1033,13:28:27,3.78,-0.01,13,4914,卖盘
1034,13:28:23,3.79,--,83,31457,买盘
1035,13:28:18,3.79,--,129,48891,买盘
1036,13:28:13,3.79,--,456,172824,卖盘
1037,13:28:08,3.79,--,231,87549,卖盘
1038,13:28:03,3.79,--,361,136819,卖盘
1039,13:27:57,3.79,--,44,16676,卖盘
1040,13:27:53,3.79,--,97,36763,卖盘
1041,13:27:48,3.79,--,532,201628,卖盘
1042,13:27:43,3.79,--,545,206555,卖盘
1043,13:27:33,3.79,--,122,46238,卖盘
1044,13:27:27,3.79,-0.01,430,162970,卖盘
1045,13:27:22,3.8,0.01,63,23940,买盘
1046,13:27:18,3.79,--,662,250898,卖盘
1047,13:27:12,3.79,-0.01,237,89823,卖盘
1048,13:27:08,3.8,--,84,31920,买盘
1049,13:27:03,3.8,--,1727,656260,买盘
1050,13:26:57,3.8,--,52,19760,买盘
1051,13:26:52,3.8,0.01,434,164920,买盘
1052,13:26:48,3.79,--,232,87928,卖盘
1053,13:26:43,3.79,--,78,29562,卖盘
1054,13:26:38,3.79,--,13,4927,卖盘
1055,13:26:33,3.79,--,185,70115,买盘
1056,13:26:27,3.79,--,1896,718584,买盘
1057,13:26:23,3.79,--,10,3790,买盘
1058,13:26:18,3.79,0.01,278,105362,买盘
1059,13:26:13,3.78,--,226,85428,卖盘
1060,13:26:06,3.78,--,326,123228,卖盘
1061,13:26:02,3.78,-0.01,263,99414,卖盘
1062,13:25:57,3.79,--,444,168276,买盘
1063,13:25:53,3.79,0.01,42,15918,买盘
1064,13:25:47,3.78,-0.01,101,38178,卖盘
1065,13:25:43,3.79,0.01,160,60640,买盘
1066,13:25:37,3.78,-0.01,266,100548,卖盘
1067,13:25:33,3.79,0.01,597,226263,买盘
1068,13:25:27,3.78,-0.01,352,133056,卖盘
1069,13:25:23,3.79,--,131,49649,买盘
1070,13:25:18,3.79,--,198,75042,买盘
1071,13:25:12,3.79,--,135,51165,买盘
1072,13:25:07,3.79,--,524,198596,买盘
1073,13:25:02,3.79,--,36,13644,买盘
1074,13:24:57,3.79,--,984,372936,买盘
1075,13:24:52,3.79,0.01,1198,454042,买盘
1076,13:24:48,3.78,-0.01,35,13230,卖盘
1077,13:24:42,3.79,0.01,525,198975,买盘
1078,13:24:38,3.78,-0.01,188,71064,卖盘
1079,13:24:32,3.79,0.01,87,32973,买盘
1080,13:24:28,3.78,--,134,50652,卖盘
1081,13:24:23,3.78,--,270,102060,卖盘
1082,13:24:18,3.78,--,40,15120,卖盘
1083,13:24:13,3.78,--,14,5292,卖盘
1084,13:24:07,3.78,--,211,79758,卖盘
1085,13:24:03,3.78,-0.01,514,194292,卖盘
1086,13:23:58,3.79,0.01,52,19708,买盘
1087,13:23:52,3.78,-0.01,718,271404,卖盘
1088,13:23:47,3.79,0.01,6,2274,买盘
1089,13:23:42,3.78,--,243,91854,卖盘
1090,13:23:38,3.78,-0.01,173,65394,卖盘
1091,13:23:31,3.79,0.01,15,5685,买盘
1092,13:23:27,3.78,-0.01,16,6048,卖盘
1093,13:23:23,3.79,--,3070,1163530,买盘
1094,13:23:13,3.79,0.01,40,15160,买盘
1095,13:23:08,3.78,-0.01,230,86940,卖盘
1096,13:22:58,3.79,0.01,446,169034,买盘
1097,13:22:52,3.78,--,219,82782,卖盘
1098,13:22:47,3.78,--,11,4158,卖盘
1099,13:22:42,3.78,-0.01,47,17766,卖盘
1100,13:22:38,3.79,0.01,94,35626,买盘
1101,13:22:32,3.78,-0.01,15,5670,卖盘
1102,13:22:28,3.79,--,1525,577975,买盘
1103,13:22:21,3.79,--,1010,382790,卖盘
1104,13:22:17,3.79,--,3882,1471278,卖盘
1105,13:22:12,3.79,--,2237,847823,卖盘
1106,13:22:07,3.79,--,1017,385443,卖盘
1107,13:22:02,3.79,-0.01,39,14781,卖盘
1108,13:21:57,3.8,0.01,77,29260,买盘
1109,13:21:51,3.79,--,349,132271,卖盘
1110,13:21:47,3.79,--,52,19708,卖盘
1111,13:21:42,3.79,0.01,2872,1088488,买盘
1112,13:21:36,3.78,-0.01,87,32886,卖盘
1113,13:21:31,3.79,0.01,87,32973,买盘
1114,13:21:27,3.78,--,155,58590,卖盘
1115,13:21:21,3.78,--,34,12852,卖盘
1116,13:21:12,3.78,--,254,96012,卖盘
1117,13:21:06,3.78,--,131,49518,卖盘
1118,13:21:02,3.78,--,14,5292,卖盘
1119,13:20:57,3.78,--,275,103950,卖盘
1120,13:20:51,3.78,--,220,83160,卖盘
1121,13:20:47,3.78,--,14,5292,卖盘
1122,13:20:42,3.78,-0.01,220,83160,卖盘
1123,13:20:36,3.79,--,205,77695,买盘
1124,13:20:30,3.79,0.01,87,32973,买盘
1125,13:20:27,3.78,-0.01,101,38178,卖盘
1126,13:20:21,3.79,0.01,115,43585,买盘
1127,13:20:17,3.78,-0.01,44,16632,卖盘
1128,13:20:12,3.79,--,591,223989,买盘
1129,13:20:07,3.79,--,120,45480,买盘
1130,13:20:02,3.79,0.01,215,81485,买盘
1131,13:19:57,3.78,-0.01,352,133056,卖盘
1132,13:19:51,3.79,0.01,385,145915,买盘
1133,13:19:46,3.78,-0.01,240,90720,卖盘
1134,13:19:42,3.79,--,104,39416,买盘
1135,13:19:37,3.79,--,378,143262,买盘
1136,13:19:32,3.79,--,189,71631,买盘
1137,13:19:27,3.79,--,425,161075,买盘
1138,13:19:21,3.79,--,852,322908,买盘
1139,13:19:16,3.79,0.01,249,94371,买盘
1140,13:19:12,3.78,-0.01,13,4914,卖盘
1141,13:19:06,3.79,0.01,1332,504828,买盘
1142,13:19:01,3.78,--,14,5292,卖盘
1143,13:18:57,3.78,--,174,65772,卖盘
1144,13:18:51,3.78,-0.01,50,18900,卖盘
1145,13:18:47,3.79,--,334,126586,买盘
1146,13:18:40,3.79,-0.01,1822,690538,卖盘
1147,13:18:37,3.8,0.01,1948,740240,买盘
1148,13:18:32,3.79,--,2208,836832,卖盘
1149,13:18:21,3.79,--,209,79211,卖盘
1150,13:18:16,3.79,-0.01,621,235359,卖盘
1151,13:18:11,3.8,0.01,1607,610660,买盘
1152,13:18:06,3.79,--,1730,655670,卖盘
1153,13:18:02,3.79,--,58,21982,卖盘
1154,13:17:57,3.79,--,356,134924,卖盘
1155,13:17:51,3.79,--,391,148189,卖盘
1156,13:17:47,3.79,--,43,16297,卖盘
1157,13:17:41,3.79,--,21,7959,卖盘
1158,13:17:36,3.79,--,13,4927,卖盘
1159,13:17:31,3.79,--,105,39795,卖盘
1160,13:17:27,3.79,--,2113,800827,卖盘
1161,13:17:21,3.79,--,20,7580,卖盘
1162,13:17:17,3.79,-0.01,53,20087,卖盘
1163,13:17:06,3.8,0.01,318,120840,买盘
1164,13:17:02,3.79,--,1,379,卖盘
1165,13:16:56,3.79,-0.01,10,3790,卖盘
1166,13:16:51,3.8,0.01,246,93480,买盘
1167,13:16:47,3.79,--,26,9854,卖盘
1168,13:16:41,3.79,-0.01,213,80727,卖盘
1169,13:16:36,3.8,0.01,6,2280,买盘
1170,13:16:32,3.79,--,184,69736,卖盘
1171,13:16:17,3.79,--,466,176614,卖盘
1172,13:16:11,3.79,--,400,151600,卖盘
1173,13:16:07,3.79,-0.01,221,83759,卖盘
1174,13:16:02,3.8,--,53,20140,买盘
1175,13:15:55,3.8,0.01,53,20140,买盘
1176,13:15:51,3.79,--,312,118248,卖盘
1177,13:15:47,3.79,--,150,56850,卖盘
1178,13:15:40,3.79,--,126,47754,卖盘
1179,13:15:37,3.79,--,305,115595,卖盘
1180,13:15:32,3.79,-0.01,130,49270,卖盘
1181,13:15:21,3.8,0.01,133,50540,买盘
1182,13:15:15,3.79,--,514,194806,卖盘
1183,13:15:11,3.79,--,3,1137,卖盘
1184,13:15:06,3.79,--,879,333141,卖盘
1185,13:15:00,3.79,-0.01,444,168276,卖盘
1186,13:14:56,3.8,0.01,74,28120,买盘
1187,13:14:51,3.79,-0.01,287,108773,卖盘
1188,13:14:46,3.8,0.01,43,16340,买盘
1189,13:14:41,3.79,--,1,379,卖盘
1190,13:14:30,3.79,-0.01,852,322908,卖盘
1191,13:14:26,3.8,0.01,52,19760,买盘
1192,13:14:21,3.79,--,169,64051,卖盘
1193,13:14:15,3.79,-0.01,146,55334,卖盘
1194,13:14:11,3.8,0.01,101,38380,买盘
1195,13:14:06,3.79,--,301,114079,卖盘
1196,13:14:01,3.79,-0.01,12,4548,卖盘
1197,13:13:55,3.8,0.01,330,125400,买盘
1198,13:13:51,3.79,--,2141,811439,买盘
1199,13:13:45,3.79,--,1662,629898,买盘
1200,13:13:41,3.79,--,270,102330,买盘
1201,13:13:36,3.79,0.01,562,212998,买盘
1202,13:13:30,3.78,-0.01,157,59346,卖盘
1203,13:13:26,3.79,0.01,1,379,买盘
1204,13:13:21,3.78,--,394,148932,卖盘
1205,13:13:15,3.78,--,86,32508,卖盘
1206,13:13:11,3.78,--,13,4914,卖盘
1207,13:13:06,3.78,--,241,91098,卖盘
1208,13:13:00,3.78,--,75,28350,卖盘
1209,13:12:55,3.78,--,13,4914,卖盘
1210,13:12:51,3.78,--,868,328104,卖盘
1211,13:12:46,3.78,--,93,35154,卖盘
1212,13:12:40,3.78,--,606,229068,卖盘
1213,13:12:36,3.78,-0.01,28,10584,卖盘
1214,13:12:30,3.79,--,162,61398,买盘
1215,13:12:25,3.79,--,151,57229,买盘
1216,13:12:21,3.79,--,1130,428270,买盘
1217,13:12:15,3.79,--,394,149326,买盘
1218,13:12:06,3.79,0.01,68,25772,买盘
1219,13:12:00,3.78,-0.01,291,109998,卖盘
1220,13:11:56,3.79,--,100,37900,买盘
1221,13:11:51,3.79,--,87,32973,买盘
1222,13:11:45,3.79,0.01,24,9096,中性盘
1223,13:11:40,3.78,-0.02,542,204876,卖盘
1224,13:11:36,3.8,0.01,61,23180,买盘
1225,13:11:30,3.79,-0.01,109,41311,买盘
1226,13:11:25,3.8,--,1771,673162,买盘
1227,13:11:19,3.8,0.01,97,36860,买盘
1228,13:11:15,3.79,--,467,176993,卖盘
1229,13:11:11,3.79,-0.01,158,59882,卖盘
1230,13:11:05,3.8,0.01,84,31920,买盘
1231,13:11:01,3.79,--,241,91339,卖盘
1232,13:10:56,3.79,--,256,97024,卖盘
1233,13:10:51,3.79,--,364,137956,卖盘
1234,13:10:45,3.79,--,349,132271,卖盘
1235,13:10:40,3.79,--,1541,584039,卖盘
1236,13:10:35,3.79,--,27,10233,卖盘
1237,13:10:30,3.79,--,91,34489,卖盘
1238,13:10:25,3.79,-0.01,3792,1437168,卖盘
1239,13:10:20,3.8,--,327,124260,买盘
1240,13:10:15,3.8,0.01,3188,1211440,买盘
1241,13:10:11,3.79,--,781,295999,卖盘
1242,13:10:04,3.79,--,214,81106,卖盘
1243,13:10:00,3.79,--,238,90202,卖盘
1244,13:09:55,3.79,--,37,14023,卖盘
1245,13:09:49,3.79,--,210,79590,卖盘
1246,13:09:46,3.79,--,93,35247,卖盘
1247,13:09:40,3.79,--,432,163728,卖盘
1248,13:09:36,3.79,-0.01,13,4927,卖盘
1249,13:09:30,3.8,0.01,168,63840,买盘
1250,13:09:25,3.79,--,132,50028,卖盘
1251,13:09:20,3.79,-0.01,14,5306,卖盘
1252,13:09:15,3.8,0.01,18,6840,买盘
1253,13:09:10,3.79,-0.01,79,29941,卖盘
1254,13:09:00,3.8,0.01,125,47500,买盘
1255,13:08:55,3.79,-0.01,154,58366,卖盘
1256,13:08:49,3.8,0.01,2,760,买盘
1257,13:08:45,3.79,-0.01,619,234601,卖盘
1258,13:08:40,3.8,0.01,75,28500,买盘
1259,13:08:35,3.79,-0.01,14,5306,卖盘
1260,13:08:30,3.8,--,47,17860,买盘
1261,13:08:25,3.8,0.01,107,40660,买盘
1262,13:08:20,3.79,--,200,75800,卖盘
1263,13:08:15,3.79,--,85,32215,卖盘
1264,13:08:10,3.79,--,211,79969,卖盘
1265,13:08:00,3.79,--,159,60261,卖盘
1266,13:07:54,3.79,--,158,59882,卖盘
1267,13:07:49,3.79,--,205,77695,卖盘
1268,13:07:45,3.79,--,138,52302,卖盘
1269,13:07:39,3.79,-0.01,336,127541,卖盘
1270,13:07:34,3.8,0.01,1,380,买盘
1271,13:07:30,3.79,--,69,26151,卖盘
1272,13:07:24,3.79,-0.01,70,26530,卖盘
1273,13:07:20,3.8,--,646,245480,买盘
1274,13:07:15,3.8,0.01,50,19000,买盘
1275,13:07:09,3.79,--,511,193669,卖盘
1276,13:07:04,3.79,-0.01,30,11370,卖盘
1277,13:07:00,3.8,--,437,166060,买盘
1278,13:06:54,3.8,--,268,101840,买盘
1279,13:06:49,3.8,--,207,78660,买盘
1280,13:06:45,3.8,--,151,57380,买盘
1281,13:06:39,3.8,0.01,44,16720,买盘
1282,13:06:34,3.79,--,14,5306,卖盘
1283,13:06:30,3.79,-0.01,250,94750,卖盘
1284,13:06:24,3.8,0.01,126,47880,买盘
1285,13:06:19,3.79,-0.01,1,379,卖盘
1286,13:06:15,3.8,--,191,72580,买盘
1287,13:06:09,3.8,--,104,39520,买盘
1288,13:06:04,3.8,0.01,14,5320,买盘
1289,13:06:00,3.79,-0.01,596,225884,卖盘
1290,13:05:54,3.8,0.01,269,102220,买盘
1291,13:05:49,3.79,-0.01,305,115595,卖盘
1292,13:05:45,3.8,--,1109,421420,买盘
1293,13:05:39,3.8,0.01,1637,622060,买盘
1294,13:05:34,3.79,--,38,14402,卖盘
1295,13:05:30,3.79,--,71,26909,卖盘
1296,13:05:24,3.79,--,200,75800,卖盘
1297,13:05:19,3.79,-0.01,40,15160,卖盘
1298,13:05:15,3.8,0.01,607,230660,买盘
1299,13:05:09,3.79,-0.01,7743,2934597,卖盘
1300,13:05:04,3.8,--,201,76380,买盘
1301,13:05:00,3.8,--,1599,607620,买盘
1302,13:04:54,3.8,0.01,764,290320,买盘
1303,13:04:49,3.79,-0.01,150,56850,卖盘
1304,13:04:43,3.8,0.01,246,93480,买盘
1305,13:04:39,3.79,--,219,83001,卖盘
1306,13:04:35,3.79,-0.01,712,269848,卖盘
1307,13:04:30,3.8,--,327,124260,买盘
1308,13:04:24,3.8,--,325,123500,买盘
1309,13:04:19,3.8,0.01,220,83600,买盘
1310,13:04:09,3.79,--,266,100814,卖盘
1311,13:04:04,3.79,-0.01,24,9096,卖盘
1312,13:04:00,3.8,--,63,23940,买盘
1313,13:03:54,3.8,0.01,52,19760,买盘
1314,13:03:49,3.79,-0.01,69,26151,卖盘
1315,13:03:44,3.8,0.01,129,49020,买盘
1316,13:03:39,3.79,--,270,102330,卖盘
1317,13:03:34,3.79,--,110,41690,卖盘
1318,13:03:24,3.79,--,668,253172,卖盘
1319,13:03:19,3.79,--,318,120522,卖盘
1320,13:03:09,3.79,--,211,79969,卖盘
1321,13:03:04,3.79,--,807,305853,卖盘
1322,13:02:59,3.79,--,100,37900,卖盘
1323,13:02:54,3.79,-0.01,65,24635,卖盘
1324,13:02:49,3.8,--,131,49780,买盘
1325,13:02:45,3.8,0.01,395,150100,买盘
1326,13:02:39,3.79,--,10,3790,卖盘
1327,13:02:34,3.79,-0.01,14,5306,卖盘
1328,13:02:24,3.8,0.01,245,93100,买盘
1329,13:02:18,3.79,-0.01,1685,638615,卖盘
1330,13:02:13,3.8,0.01,42,15960,买盘
1331,13:02:09,3.79,-0.01,54,20466,卖盘
1332,13:02:04,3.8,--,599,227620,买盘
1333,13:02:00,3.8,--,2013,764940,买盘
1334,13:01:54,3.8,--,434,164920,买盘
1335,13:01:49,3.8,--,894,339720,买盘
1336,13:01:45,3.8,--,1062,403560,买盘
1337,13:01:39,3.8,--,940,357200,买盘
1338,13:01:34,3.8,--,30,11400,买盘
1339,13:01:27,3.8,--,22,8360,买盘
1340,13:01:24,3.8,0.01,485,184300,买盘
1341,13:01:19,3.79,-0.01,762,288798,卖盘
1342,13:01:13,3.8,--,1045,397100,买盘
1343,13:01:08,3.8,--,1524,579120,买盘
1344,13:01:04,3.8,--,1745,663100,买盘
1345,13:00:58,3.8,--,39,14820,买盘
1346,13:00:54,3.8,--,195,74100,买盘
1347,13:00:49,3.8,--,202,76760,买盘
1348,13:00:43,3.8,--,597,226860,买盘
1349,13:00:39,3.8,--,343,130340,买盘
1350,13:00:33,3.8,--,402,152760,买盘
1351,13:00:28,3.8,--,162,61560,买盘
1352,13:00:24,3.8,0.01,855,324900,买盘
1353,13:00:18,3.79,--,2302,872458,卖盘
1354,13:00:13,3.79,--,2588,980852,买盘
1355,13:00:09,3.79,--,13841,5245739,买盘
1356,13:00:03,3.79,0.01,3464,1312856,买盘
1357,11:30:00,3.78,--,0,0,卖盘
1358,11:30:00,3.78,--,0,0,卖盘
1359,11:29:59,3.78,--,31,11718,卖盘
1360,11:29:59,3.78,--,50,18900,卖盘
1361,11:29:55,3.78,-0.01,36,13608,卖盘
1362,11:29:50,3.79,--,82,31078,买盘
1363,11:29:45,3.79,0.01,37,14023,买盘
1364,11:29:40,3.78,-0.01,220,83160,卖盘
1365,11:29:34,3.79,0.01,31,11749,买盘
1366,11:29:29,3.78,--,455,171990,卖盘
1367,11:29:25,3.78,-0.01,91,34398,卖盘
1368,11:29:19,3.79,--,141,53439,买盘
1369,11:29:14,3.79,--,66,25014,买盘
1370,11:29:10,3.79,0.01,502,190258,买盘
1371,11:29:04,3.78,-0.01,65,24570,卖盘
1372,11:28:59,3.79,--,28,10612,买盘
1373,11:28:55,3.79,--,44,16676,买盘
1374,11:28:49,3.79,--,522,197838,买盘
1375,11:28:45,3.79,--,3812,1444748,买盘
1376,11:28:40,3.79,--,676,256204,买盘
1377,11:28:34,3.79,--,566,214514,买盘
1378,11:28:30,3.79,--,10114,3833206,买盘
1379,11:28:19,3.79,0.01,451,170929,买盘
1380,11:28:14,3.78,-0.01,178,67284,卖盘
1381,11:28:09,3.79,0.01,352,133408,买盘
1382,11:28:04,3.78,-0.01,876,331128,卖盘
1383,11:27:59,3.79,--,583,220957,买盘
1384,11:27:53,3.79,0.01,1920,727680,买盘
1385,11:27:50,3.78,--,4458,1685124,买盘
1386,11:27:45,3.78,--,167,63126,买盘
1387,11:27:39,3.78,0.01,1522,575316,买盘
1388,11:27:34,3.77,-0.01,35,13195,卖盘
1389,11:27:29,3.78,--,1128,426384,买盘
1390,11:27:25,3.78,--,377,142506,买盘
1391,11:27:19,3.78,--,618,233604,买盘
1392,11:27:09,3.78,0.01,655,247590,买盘
1393,11:27:05,3.77,-0.01,366,137982,卖盘
1394,11:27:00,3.78,--,435,164430,买盘
1395,11:26:55,3.78,0.01,2500,945000,买盘
1396,11:26:49,3.77,-0.01,1471,554567,卖盘
1397,11:26:44,3.78,--,1473,556794,买盘
1398,11:26:40,3.78,--,322,121716,买盘
1399,11:26:34,3.78,--,592,223776,买盘
1400,11:26:29,3.78,--,418,158004,买盘
1401,11:26:24,3.78,--,70,26460,买盘
1402,11:26:19,3.78,0.01,268,101304,买盘
1403,11:26:14,3.77,-0.01,18,6786,卖盘
1404,11:26:09,3.78,--,292,110376,买盘
1405,11:26:04,3.78,0.01,84,31752,买盘
1406,11:25:59,3.77,-0.01,28,10556,卖盘
1407,11:25:54,3.78,--,1,378,买盘
1408,11:25:49,3.78,0.01,1029,388962,买盘
1409,11:25:39,3.77,-0.01,18,6786,卖盘
1410,11:25:34,3.78,--,671,253638,买盘
1411,11:25:30,3.78,0.01,104,39312,买盘
1412,11:25:19,3.77,-0.01,31,11687,卖盘
1413,11:25:14,3.78,0.01,46,17388,买盘
1414,11:25:09,3.77,-0.01,211,79547,卖盘
1415,11:25:04,3.78,0.01,39,14742,买盘
1416,11:25:00,3.77,-0.01,227,85579,卖盘
1417,11:24:49,3.78,0.01,999,377622,买盘
1418,11:24:44,3.77,-0.01,224,84448,卖盘
1419,11:24:39,3.78,--,8,3024,买盘
1420,11:24:34,3.78,--,214,80892,买盘
1421,11:24:23,3.78,--,38,14364,买盘
1422,11:24:19,3.78,0.01,100,37800,买盘
1423,11:24:13,3.77,-0.01,182,68614,卖盘
1424,11:24:08,3.78,--,73,27594,买盘
1425,11:24:04,3.78,--,48,18144,买盘
1426,11:23:58,3.78,--,221,83538,买盘
1427,11:23:53,3.78,0.01,125,47250,买盘
1428,11:23:49,3.77,-0.01,194,73138,卖盘
1429,11:23:43,3.78,--,1133,428274,买盘
1430,11:23:38,3.78,--,392,148176,买盘
1431,11:23:34,3.78,0.01,2397,906066,买盘
1432,11:23:28,3.77,--,292,110084,卖盘
1433,11:23:19,3.77,--,103,38831,卖盘
1434,11:23:13,3.77,-0.01,77,29029,卖盘
1435,11:23:09,3.78,--,526,198828,买盘
1436,11:23:04,3.78,0.01,151,57078,买盘
1437,11:22:58,3.77,-0.01,8157,3075189,卖盘
1438,11:22:53,3.78,0.01,159,60102,买盘
1439,11:22:49,3.77,--,292,110084,卖盘
1440,11:22:43,3.77,-0.01,248,93496,卖盘
1441,11:22:34,3.78,--,44,16632,买盘
1442,11:22:28,3.78,--,1,378,买盘
1443,11:22:23,3.78,--,151,57078,买盘
1444,11:22:17,3.78,--,30,11340,买盘
1445,11:22:13,3.78,--,37,13986,买盘
1446,11:22:08,3.78,--,54,20412,买盘
1447,11:22:04,3.78,--,199,75222,买盘
1448,11:21:58,3.78,0.01,66,24948,买盘
1449,11:21:49,3.77,-0.01,25,9425,卖盘
1450,11:21:43,3.78,0.01,22,8316,买盘
1451,11:21:38,3.77,-0.01,450,169650,卖盘
1452,11:21:34,3.78,0.01,934,353052,买盘
1453,11:21:28,3.77,-0.01,18,6786,卖盘
1454,11:21:23,3.78,--,354,133812,买盘
1455,11:21:19,3.78,0.01,96,36288,买盘
1456,11:21:13,3.77,-0.01,258,97266,卖盘
1457,11:21:08,3.78,--,395,149310,买盘
1458,11:21:04,3.78,--,1847,698166,买盘
1459,11:20:58,3.78,0.01,1449,547722,买盘
1460,11:20:53,3.77,--,762,287274,卖盘
1461,11:20:48,3.77,--,205,77285,卖盘
1462,11:20:43,3.77,--,1028,387556,卖盘
1463,11:20:39,3.77,--,499,188123,卖盘
1464,11:20:33,3.77,-0.01,39,14703,买盘
1465,11:20:28,3.78,0.01,10434,3944052,买盘
1466,11:20:23,3.77,--,525,197925,买盘
1467,11:20:19,3.77,--,45,16965,买盘
1468,11:20:13,3.77,0.01,718,270686,买盘
1469,11:20:09,3.76,--,229,86104,卖盘
1470,11:20:03,3.76,--,169,63544,卖盘
1471,11:19:58,3.76,--,328,123328,卖盘
1472,11:19:52,3.76,-0.01,407,153032,卖盘
1473,11:19:48,3.77,0.01,467,176059,买盘
1474,11:19:38,3.76,-0.01,17,6392,卖盘
1475,11:19:33,3.77,--,289,108953,买盘
1476,11:19:28,3.77,0.01,1138,429026,买盘
1477,11:19:23,3.76,--,46,17296,卖盘
1478,11:19:13,3.76,-0.01,110,41360,卖盘
1479,11:19:08,3.77,0.01,158,59566,买盘
1480,11:19:03,3.76,--,270,101520,卖盘
1481,11:18:58,3.76,-0.01,266,100016,卖盘
1482,11:18:53,3.77,0.01,189,71253,买盘
1483,11:18:49,3.76,-0.01,215,80840,卖盘
1484,11:18:43,3.77,--,523,197171,买盘
1485,11:18:37,3.77,--,106,39962,买盘
1486,11:18:33,3.77,0.01,10,3770,买盘
1487,11:18:28,3.76,--,393,147768,卖盘
1488,11:18:23,3.76,-0.01,231,86856,卖盘
1489,11:18:18,3.77,--,20,7540,买盘
1490,11:18:13,3.77,--,346,130442,买盘
1491,11:18:08,3.77,0.01,260,98020,买盘
1492,11:17:58,3.76,-0.01,27,10152,卖盘
1493,11:17:53,3.77,--,648,244296,买盘
1494,11:17:49,3.77,0.01,179,67483,买盘
1495,11:17:43,3.76,-0.01,697,262071,卖盘
1496,11:17:38,3.77,--,22,8294,买盘
1497,11:17:28,3.77,0.01,291,109707,买盘
1498,11:17:23,3.76,--,2241,842616,卖盘
1499,11:17:17,3.76,-0.01,10,3760,卖盘
1500,11:17:13,3.77,0.01,1679,632983,买盘
1501,11:17:08,3.76,--,295,110920,卖盘
1502,11:17:02,3.76,--,368,138368,卖盘
1503,11:16:58,3.76,--,246,92496,卖盘
1504,11:16:53,3.76,-0.01,29,10904,卖盘
1505,11:16:47,3.77,--,21,7917,买盘
1506,11:16:43,3.77,--,765,288405,买盘
1507,11:16:38,3.77,0.01,45,16965,买盘
1508,11:16:28,3.76,--,40,15040,卖盘
1509,11:16:22,3.76,-0.01,113,42488,卖盘
1510,11:16:17,3.77,--,32,12064,买盘
1511,11:16:13,3.77,0.01,30,11310,买盘
1512,11:16:07,3.76,--,190,71440,卖盘
1513,11:16:02,3.76,--,598,224848,卖盘
1514,11:15:58,3.76,-0.01,230,86480,卖盘
1515,11:15:52,3.77,0.01,1166,439582,买盘
1516,11:15:47,3.76,--,371,139496,卖盘
1517,11:15:43,3.76,-0.01,351,131976,卖盘
1518,11:15:37,3.77,--,165,62205,买盘
1519,11:15:32,3.77,--,874,329498,买盘
1520,11:15:28,3.77,--,94,35438,买盘
1521,11:15:22,3.77,--,128,48256,买盘
1522,11:15:13,3.77,--,1166,439582,买盘
1523,11:15:07,3.77,--,327,123279,买盘
1524,11:15:02,3.77,--,205,77285,买盘
1525,11:14:58,3.77,0.01,106,39962,买盘
1526,11:14:51,3.76,-0.01,132,49632,卖盘
1527,11:14:47,3.77,--,727,274079,买盘
1528,11:14:43,3.77,0.01,1043,393211,买盘
1529,11:14:37,3.76,-0.01,1206,453456,卖盘
1530,11:14:32,3.77,--,429,161733,买盘
1531,11:14:27,3.77,--,565,213005,买盘
1532,11:14:22,3.77,0.01,162,61074,买盘
1533,11:14:17,3.76,--,171,64295,卖盘
1534,11:14:12,3.76,--,1554,584304,卖盘
1535,11:14:07,3.76,--,3878,1458128,买盘
1536,11:14:02,3.76,--,483,181608,买盘
1537,11:13:58,3.76,-0.01,808,303808,卖盘
1538,11:13:51,3.77,0.01,751,283127,买盘
1539,11:13:46,3.76,--,2529,950904,卖盘
1540,11:13:43,3.76,--,221,83096,卖盘
1541,11:13:37,3.76,--,17,6392,卖盘
1542,11:13:22,3.76,--,30,11280,卖盘
1543,11:13:12,3.76,--,37,13912,卖盘
1544,11:13:07,3.76,-0.01,55,20680,卖盘
1545,11:13:02,3.77,0.01,61,22997,买盘
1546,11:12:47,3.76,-0.01,16,6016,卖盘
1547,11:12:37,3.77,0.01,40,15080,买盘
1548,11:12:32,3.76,--,49,18424,卖盘
1549,11:12:28,3.76,--,141,53016,卖盘
1550,11:12:22,3.76,--,78,29328,卖盘
1551,11:12:17,3.76,--,1617,607992,卖盘
1552,11:12:12,3.76,--,212,79712,卖盘
1553,11:12:07,3.76,--,607,228232,买盘
1554,11:12:02,3.76,--,1674,629424,卖盘
1555,11:11:57,3.76,--,24,9024,卖盘
1556,11:11:52,3.76,--,658,247408,卖盘
1557,11:11:47,3.76,--,498,187248,卖盘
1558,11:11:42,3.76,--,214,80464,卖盘
1559,11:11:32,3.76,--,1011,380136,卖盘
1560,11:11:27,3.76,--,151,56776,卖盘
1561,11:11:22,3.76,--,23,8648,卖盘
1562,11:11:17,3.76,--,68,25568,卖盘
1563,11:11:11,3.76,--,151,56776,卖盘
1564,11:11:07,3.76,--,315,118440,卖盘
1565,11:11:02,3.76,-0.01,10019,3767144,卖盘
1566,11:10:56,3.77,--,20,7540,买盘
1567,11:10:52,3.77,0.01,173,65221,买盘
1568,11:10:47,3.76,-0.01,115,43240,卖盘
1569,11:10:41,3.77,0.01,255,96135,买盘
1570,11:10:37,3.76,-0.01,19,7144,卖盘
1571,11:10:32,3.77,0.01,8810,3321370,买盘
1572,11:10:27,3.76,--,168,63168,卖盘
1573,11:10:22,3.76,--,296,111296,卖盘
1574,11:10:17,3.76,--,67,25192,卖盘
1575,11:10:11,3.76,--,151,56776,卖盘
1576,11:10:07,3.76,--,463,174088,卖盘
1577,11:10:02,3.76,-0.01,28,10528,卖盘
1578,11:09:56,3.77,0.01,500,188500,买盘
1579,11:09:52,3.76,--,455,171080,卖盘
1580,11:09:47,3.76,--,226,84976,卖盘
1581,11:09:41,3.76,--,239,89864,卖盘
1582,11:09:37,3.76,-0.01,151,56776,卖盘
1583,11:09:32,3.77,--,96,36192,买盘
1584,11:09:26,3.77,0.01,5,1885,买盘
1585,11:09:22,3.76,-0.01,19,7144,卖盘
1586,11:09:11,3.77,--,190,71630,买盘
1587,11:09:07,3.77,0.01,832,313664,买盘
1588,11:09:02,3.76,--,212,79712,卖盘
1589,11:08:56,3.76,-0.01,19,7144,卖盘
1590,11:08:52,3.77,0.01,83,31291,买盘
1591,11:08:46,3.76,-0.01,18,6768,卖盘
1592,11:08:37,3.77,--,91,34307,买盘
1593,11:08:31,3.77,--,191,72007,买盘
1594,11:08:26,3.77,0.01,620,233740,买盘
1595,11:08:22,3.76,--,117,43992,卖盘
1596,11:08:16,3.76,--,59,22184,卖盘
1597,11:08:06,3.76,--,455,171080,卖盘
1598,11:08:01,3.76,-0.01,454,170704,卖盘
1599,11:07:56,3.77,--,56,21112,买盘
1600,11:07:52,3.77,0.01,54,20358,买盘
1601,11:07:46,3.76,--,466,175216,卖盘
1602,11:07:41,3.76,-0.01,3,1128,卖盘
1603,11:07:37,3.77,--,89,33553,买盘
1604,11:07:25,3.77,0.01,177,66729,买盘
1605,11:07:22,3.76,-0.01,40,15040,卖盘
1606,11:07:16,3.77,0.01,199,75023,买盘
1607,11:07:11,3.76,--,151,56776,卖盘
1608,11:07:07,3.76,--,212,79712,卖盘
1609,11:07:00,3.76,--,181,68056,卖盘
1610,11:06:51,3.76,--,12,4512,卖盘
1611,11:06:46,3.76,--,226,84976,买盘
1612,11:06:36,3.76,--,20,7520,买盘
1613,11:06:30,3.76,--,80,30080,买盘
1614,11:06:26,3.76,--,132,49632,卖盘
1615,11:06:22,3.76,--,72,27072,买盘
1616,11:06:16,3.76,--,101,37976,买盘
1617,11:06:07,3.76,--,1963,738088,买盘
1618,11:06:01,3.76,--,432,162432,买盘
1619,11:05:56,3.76,--,226,84976,买盘
1620,11:05:52,3.76,--,31,11656,买盘
1621,11:05:46,3.76,--,4,1504,买盘
1622,11:05:26,3.76,--,1737,653112,卖盘
1623,11:05:21,3.76,-0.01,45,16920,卖盘
1624,11:05:16,3.77,--,68,25636,买盘
1625,11:05:11,3.77,0.01,272,102544,买盘
1626,11:05:06,3.76,--,10,3760,卖盘
1627,11:04:56,3.76,--,1,376,卖盘
1628,11:04:50,3.76,--,205,77080,卖盘
1629,11:04:46,3.76,--,20,7520,卖盘
1630,11:04:41,3.76,--,20,7520,卖盘
1631,11:04:26,3.76,-0.01,232,87232,卖盘
1632,11:04:16,3.77,0.02,190,71630,买盘
1633,11:04:10,3.75,-0.01,266,99750,卖盘
1634,11:04:01,3.76,-0.01,2755,1035879,卖盘
1635,11:03:56,3.77,--,93,35061,买盘
1636,11:03:50,3.77,0.01,298,112346,买盘
1637,11:03:35,3.76,--,37,13912,卖盘
1638,11:03:26,3.76,--,157,59032,卖盘
1639,11:03:16,3.76,--,93,34968,卖盘
1640,11:03:11,3.76,-0.01,1492,560992,卖盘
1641,11:03:06,3.77,--,42,15834,买盘
1642,11:03:01,3.77,0.01,1751,660127,买盘
1643,11:02:56,3.76,--,352,132352,买盘
1644,11:02:50,3.76,0.01,65,24440,买盘
1645,11:02:46,3.75,-0.01,2245,841875,卖盘
1646,11:02:41,3.76,--,3719,1398344,买盘
1647,11:02:35,3.76,--,100,37600,买盘
1648,11:02:31,3.76,--,1854,697104,买盘
1649,11:02:26,3.76,--,263,98888,买盘
1650,11:02:20,3.76,--,900,338400,买盘
1651,11:02:15,3.76,0.01,20,7520,买盘
1652,11:02:10,3.75,-0.01,1415,530625,卖盘
1653,11:02:05,3.76,--,667,250792,买盘
1654,11:02:01,3.76,0.01,352,132352,买盘
1655,11:01:56,3.75,-0.01,51,19125,卖盘
1656,11:01:50,3.76,0.01,116,43616,买盘
1657,11:01:46,3.75,--,242,90750,卖盘
1658,11:01:41,3.75,-0.01,445,166875,卖盘
1659,11:01:34,3.76,--,110,41360,买盘
1660,11:01:31,3.76,--,482,181232,买盘
1661,11:01:26,3.76,--,1136,427136,买盘
1662,11:01:20,3.76,--,603,226728,买盘
1663,11:01:16,3.76,--,107,40232,买盘
1664,11:01:10,3.76,--,152,57152,买盘
1665,11:01:05,3.76,--,1026,385776,买盘
1666,11:01:01,3.76,--,1065,400440,买盘
1667,11:00:55,3.76,--,1411,530536,买盘
1668,11:00:50,3.76,0.01,1948,732448,买盘
1669,11:00:46,3.75,-0.01,351,131625,卖盘
1670,11:00:39,3.76,--,867,325992,买盘
1671,11:00:31,3.76,--,2317,871192,买盘
1672,11:00:25,3.76,--,177,66552,买盘
1673,11:00:20,3.76,--,91,34216,买盘
1674,11:00:15,3.76,0.01,565,212440,买盘
1675,11:00:09,3.75,--,704,264000,卖盘
1676,11:00:04,3.75,--,48,18000,卖盘
1677,11:00:01,3.75,-0.01,154,57990,卖盘
1678,10:59:55,3.76,--,10,3760,买盘
1679,10:59:50,3.76,0.01,259,97384,买盘
1680,10:59:45,3.75,--,659,247125,卖盘
1681,10:59:40,3.75,-0.01,55,20625,卖盘
1682,10:59:35,3.76,0.01,54,20304,买盘
1683,10:59:31,3.75,--,23,8625,卖盘
1684,10:59:24,3.75,-0.01,171,64125,卖盘
1685,10:59:20,3.76,0.01,42,15792,买盘
1686,10:59:09,3.75,-0.01,66,24750,卖盘
1687,10:59:01,3.76,0.01,101,37976,买盘
1688,10:58:45,3.75,-0.01,257,96375,卖盘
1689,10:58:40,3.76,--,123,46248,买盘
1690,10:58:31,3.76,--,23,8648,买盘
1691,10:58:09,3.76,--,436,163936,买盘
1692,10:58:05,3.76,--,70,26320,买盘
1693,10:58:00,3.76,--,906,340656,买盘
1694,10:57:54,3.76,--,30,11280,买盘
1695,10:57:46,3.76,0.01,1723,647848,买盘
1696,10:57:40,3.75,--,10,3750,卖盘
1697,10:57:25,3.75,--,194,72750,卖盘
1698,10:57:20,3.75,--,27,10125,卖盘
1699,10:57:05,3.75,-0.01,9,3375,卖盘
1700,10:56:59,3.76,--,286,107637,买盘
1701,10:56:55,3.76,0.01,30,11280,买盘
1702,10:56:49,3.75,--,375,140625,卖盘
1703,10:56:35,3.75,-0.01,56,21000,卖盘
1704,10:56:24,3.76,0.01,30,11280,买盘
1705,10:56:20,3.75,-0.01,8,3000,卖盘
1706,10:56:14,3.76,--,142,53392,买盘
1707,10:56:10,3.76,--,336,126336,买盘
1708,10:56:05,3.76,--,687,258311,买盘
1709,10:56:00,3.76,--,46,17296,买盘
1710,10:55:55,3.76,--,84,31584,买盘
1711,10:55:50,3.76,--,405,152280,买盘
1712,10:55:45,3.76,0.01,38,14288,买盘
1713,10:55:40,3.75,-0.01,397,149216,卖盘
1714,10:55:35,3.76,--,283,106408,买盘
1715,10:55:30,3.76,--,5,1880,买盘
1716,10:55:25,3.76,0.01,109,40984,买盘
1717,10:55:20,3.75,-0.01,13,4875,卖盘
1718,10:55:13,3.76,0.01,34,12784,买盘
1719,10:55:10,3.75,-0.01,330,123750,卖盘
1720,10:55:03,3.76,--,182,68432,买盘
1721,10:54:55,3.76,0.01,2534,952784,买盘
1722,10:54:50,3.75,-0.01,232,87000,卖盘
1723,10:54:44,3.76,--,3,1128,买盘
1724,10:54:40,3.76,--,66,24816,买盘
1725,10:54:35,3.76,--,416,156416,买盘
1726,10:54:30,3.76,--,441,165816,买盘
1727,10:54:25,3.76,--,23,8648,买盘
1728,10:54:20,3.76,--,80,30080,买盘
1729,10:54:14,3.76,--,482,181232,买盘
1730,10:54:10,3.76,--,14,5264,买盘
1731,10:54:05,3.76,--,2,752,买盘
1732,10:53:58,3.76,0.01,50,18800,买盘
1733,10:53:55,3.75,-0.01,139,52361,卖盘
1734,10:53:49,3.76,--,136,51136,买盘
1735,10:53:43,3.76,--,40,15040,买盘
1736,10:53:40,3.76,--,176,66176,买盘
1737,10:53:28,3.76,--,25,9400,买盘
1738,10:53:25,3.76,--,35,13160,买盘
1739,10:53:19,3.76,--,450,169200,买盘
1740,10:53:13,3.76,0.01,4,1504,买盘
1741,10:53:10,3.75,-0.01,49,18375,卖盘
1742,10:53:05,3.76,--,59,22184,买盘
1743,10:52:55,3.76,--,84,31584,买盘
1744,10:52:49,3.76,--,25,9400,买盘
1745,10:52:44,3.76,--,1,376,买盘
1746,10:52:39,3.76,--,95,35720,买盘
1747,10:52:34,3.76,--,1745,656120,买盘
1748,10:52:28,3.76,0.01,198,74448,买盘
1749,10:52:25,3.75,-0.01,151,56625,卖盘
1750,10:52:19,3.76,0.01,1521,571896,买盘
1751,10:52:09,3.75,-0.01,708,265500,卖盘
1752,10:52:04,3.76,--,22,8272,买盘
1753,10:51:48,3.76,0.01,15,5640,买盘
1754,10:51:39,3.75,--,340,127740,卖盘
1755,10:51:33,3.75,-0.01,50,18750,卖盘
1756,10:51:28,3.76,--,59,22184,买盘
1757,10:51:09,3.76,--,21,7896,买盘
1758,10:51:03,3.76,0.01,415,156141,买盘
1759,10:50:58,3.75,-0.01,4,1500,卖盘
1760,10:50:49,3.76,0.01,87,32711,买盘
1761,10:50:43,3.75,-0.01,53,19875,卖盘
1762,10:50:33,3.76,--,210,78960,买盘
1763,10:50:19,3.76,--,432,162432,买盘
1764,10:50:14,3.76,--,5,1880,买盘
1765,10:50:10,3.76,--,1567,589192,买盘
1766,10:50:04,3.76,--,42,15792,买盘
1767,10:49:57,3.76,--,21,7896,买盘
1768,10:49:54,3.76,--,30,11280,买盘
1769,10:49:48,3.76,0.01,87,32711,买盘
1770,10:49:32,3.75,--,2,750,卖盘
1771,10:49:29,3.75,--,55,20625,卖盘
1772,10:49:23,3.75,-0.01,21,7875,卖盘
1773,10:49:13,3.76,0.01,76,28576,买盘
1774,10:49:03,3.75,--,24,9000,卖盘
1775,10:48:58,3.75,-0.01,50,18750,卖盘
1776,10:48:53,3.76,--,4,1504,买盘
1777,10:48:44,3.76,0.01,20,7520,买盘
1778,10:48:34,3.75,--,54,20250,卖盘
1779,10:48:29,3.75,--,184,69000,卖盘
1780,10:48:18,3.75,--,1313,492375,卖盘
1781,10:48:13,3.75,-0.01,20,7500,卖盘
1782,10:48:08,3.76,0.01,30,11280,买盘
1783,10:48:03,3.75,--,73,27375,卖盘
1784,10:47:58,3.75,-0.01,1,375,卖盘
1785,10:47:38,3.76,0.01,23,8648,买盘
1786,10:47:33,3.75,-0.01,151,56625,卖盘
1787,10:47:28,3.76,--,651,244776,买盘
1788,10:47:18,3.76,0.01,71,26696,买盘
1789,10:47:12,3.75,-0.01,5,1875,卖盘
1790,10:47:08,3.76,0.01,70,26320,买盘
1791,10:47:03,3.75,--,23,8625,卖盘
1792,10:46:39,3.75,-0.01,300,112500,卖盘
1793,10:46:33,3.76,--,1567,589192,买盘
1794,10:46:29,3.76,--,223,83848,买盘
1795,10:46:23,3.76,0.01,432,162432,买盘
1796,10:46:18,3.75,--,81,30375,卖盘
1797,10:46:08,3.75,-0.01,16,6000,卖盘
1798,10:46:04,3.76,--,22,8272,买盘
1799,10:45:52,3.76,0.01,101,37976,买盘
1800,10:45:48,3.75,--,17,6375,卖盘
1801,10:45:28,3.75,-0.01,132,49736,卖盘
1802,10:45:23,3.76,0.01,87,32711,买盘
1803,10:45:18,3.75,-0.01,50,18750,卖盘
1804,10:45:13,3.76,--,20,7520,买盘
1805,10:45:07,3.76,--,90,33840,买盘
1806,10:45:03,3.76,0.01,103,38728,买盘
1807,10:44:48,3.75,-0.01,163,61125,卖盘
1808,10:44:42,3.76,--,87,32711,买盘
1809,10:44:37,3.76,0.01,1,376,买盘
1810,10:44:27,3.75,--,151,56625,卖盘
1811,10:44:18,3.75,--,11,4125,卖盘
1812,10:44:12,3.75,-0.01,10,3750,卖盘
1813,10:44:03,3.76,0.01,22,8272,买盘
1814,10:43:57,3.75,-0.01,397,149216,卖盘
1815,10:43:53,3.76,0.01,25,9400,买盘
1816,10:43:48,3.75,-0.01,90,33750,卖盘
1817,10:43:37,3.76,--,4,1504,买盘
1818,10:43:28,3.76,--,1740,654240,买盘
1819,10:43:18,3.76,0.01,4,1504,买盘
1820,10:43:07,3.75,-0.01,19,7125,卖盘
1821,10:43:03,3.76,0.01,225,84600,买盘
1822,10:42:57,3.75,-0.01,890,333750,卖盘
1823,10:42:52,3.76,--,15,5640,买盘
1824,10:42:48,3.76,--,20,7520,买盘
1825,10:42:42,3.76,0.01,50,18800,买盘
1826,10:42:38,3.75,-0.01,12,4500,卖盘
1827,10:42:27,3.76,--,434,163184,买盘
1828,10:42:22,3.76,--,50,18800,买盘
1829,10:42:18,3.76,--,338,127088,买盘
1830,10:42:12,3.76,0.01,91,34216,买盘
1831,10:42:08,3.75,-0.01,20,7500,卖盘
1832,10:41:57,3.76,0.01,730,274480,买盘
1833,10:41:52,3.75,--,5,1875,卖盘
1834,10:41:42,3.75,--,151,56625,卖盘
1835,10:41:38,3.75,--,696,261000,卖盘
1836,10:41:27,3.75,-0.01,155,58125,卖盘
1837,10:41:22,3.76,--,144,54144,买盘
1838,10:41:17,3.76,0.01,104,39104,买盘
1839,10:41:12,3.75,--,135,50625,卖盘
1840,10:41:07,3.75,-0.01,1,375,卖盘
1841,10:40:57,3.76,--,37,13912,买盘
1842,10:40:52,3.76,--,12,4512,买盘
1843,10:40:48,3.76,--,24,9024,买盘
1844,10:40:42,3.76,0.01,46,17296,买盘
1845,10:40:37,3.75,-0.01,151,56625,卖盘
1846,10:40:31,3.76,0.01,20,7520,买盘
1847,10:40:28,3.75,--,151,56625,卖盘
1848,10:40:22,3.75,--,20,7500,卖盘
1849,10:40:12,3.75,--,54,20250,卖盘
1850,10:40:08,3.75,--,530,198948,卖盘
1851,10:39:57,3.75,--,100,37500,卖盘
1852,10:39:37,3.75,--,315,118230,卖盘
1853,10:39:27,3.75,--,1,375,卖盘
1854,10:39:22,3.75,-0.01,61,22875,卖盘
1855,10:39:12,3.76,--,50,18800,买盘
1856,10:39:07,3.76,0.01,36,13536,买盘
1857,10:38:53,3.75,-0.01,16,6000,卖盘
1858,10:38:47,3.76,0.01,10,3760,买盘
1859,10:38:42,3.75,-0.01,5,1875,卖盘
1860,10:38:37,3.76,0.01,50,18800,买盘
1861,10:38:15,3.75,-0.01,54,20250,卖盘
1862,10:38:12,3.76,--,21,7896,买盘
1863,10:37:57,3.76,--,320,120534,卖盘
1864,10:37:52,3.76,--,143,53768,卖盘
1865,10:37:42,3.76,--,507,190632,卖盘
1866,10:37:38,3.76,--,54,20304,卖盘
1867,10:37:30,3.76,--,87,32711,卖盘
1868,10:37:27,3.76,--,205,77080,卖盘
1869,10:37:11,3.76,-0.01,1,376,卖盘
1870,10:37:01,3.77,0.01,38,14326,买盘
1871,10:36:51,3.76,--,70,26320,卖盘
1872,10:36:46,3.76,--,57,21432,卖盘
1873,10:36:42,3.76,--,198,74448,卖盘
1874,10:36:27,3.76,--,59,22184,卖盘
1875,10:36:21,3.76,--,151,56776,卖盘
1876,10:36:17,3.76,--,3,1128,卖盘
1877,10:36:12,3.76,--,404,152065,买盘
1878,10:36:06,3.76,--,126,47590,卖盘
1879,10:36:02,3.76,--,5,1880,卖盘
1880,10:35:57,3.76,--,252,94752,卖盘
1881,10:35:51,3.76,--,32,12032,卖盘
1882,10:35:42,3.76,--,3,1128,卖盘
1883,10:35:27,3.76,--,3,1128,卖盘
1884,10:35:21,3.76,--,151,56776,卖盘
1885,10:35:12,3.76,--,2,752,卖盘
1886,10:35:01,3.76,-0.01,500,188000,卖盘
1887,10:34:57,3.77,0.01,830,312910,买盘
1888,10:34:51,3.76,-0.01,37,13912,卖盘
1889,10:34:45,3.77,--,11,4147,买盘
1890,10:34:42,3.77,--,173,65221,买盘
1891,10:34:36,3.77,--,70,26390,买盘
1892,10:34:30,3.77,--,258,97266,买盘
1893,10:34:27,3.77,0.01,5,1885,买盘
1894,10:34:21,3.76,-0.01,6,2256,卖盘
1895,10:34:12,3.77,0.01,1,377,买盘
1896,10:34:06,3.76,--,54,20304,卖盘
1897,10:33:56,3.76,-0.01,54,20304,卖盘
1898,10:33:51,3.77,0.01,1402,528716,买盘
1899,10:33:45,3.76,--,421,158510,卖盘
1900,10:33:40,3.76,--,4,1504,卖盘
1901,10:33:36,3.76,--,168,63168,卖盘
1902,10:33:31,3.76,-0.01,100,37600,卖盘
1903,10:33:25,3.77,0.01,173,65221,买盘
1904,10:33:22,3.76,--,2,752,卖盘
1905,10:33:17,3.76,--,146,54896,卖盘
1906,10:33:06,3.76,--,1400,526400,卖盘
1907,10:32:56,3.76,--,43,16167,卖盘
1908,10:32:45,3.76,--,32,12032,卖盘
1909,10:32:31,3.76,--,141,53016,卖盘
1910,10:32:21,3.76,--,215,80840,卖盘
1911,10:32:16,3.76,-0.01,56,21056,卖盘
1912,10:32:10,3.77,0.01,25,9425,买盘
1913,10:32:06,3.76,--,5,1880,卖盘
1914,10:32:01,3.76,--,50,18875,卖盘
1915,10:31:55,3.76,--,31,11656,卖盘
1916,10:31:46,3.76,--,870,327120,卖盘
1917,10:31:36,3.76,-0.01,10,3760,卖盘
1918,10:31:31,3.77,0.01,10,3770,买盘
1919,10:31:21,3.76,--,551,207176,卖盘
1920,10:31:15,3.76,--,260,97760,卖盘
1921,10:31:11,3.76,--,50,18800,卖盘
1922,10:31:06,3.76,-0.01,233,87608,卖盘
1923,10:31:00,3.77,0.01,21,7917,买盘
1924,10:30:51,3.76,--,110,41360,卖盘
1925,10:30:36,3.76,--,54,20304,卖盘
1926,10:30:31,3.76,--,18,6768,卖盘
1927,10:30:26,3.76,--,156,58656,卖盘
1928,10:30:21,3.76,--,448,168448,卖盘
1929,10:30:10,3.76,-0.01,2800,1052800,卖盘
1930,10:30:01,3.77,0.01,90,33930,买盘
1931,10:29:55,3.76,--,89,33464,卖盘
1932,10:29:51,3.76,--,1094,411344,卖盘
1933,10:29:46,3.76,--,1581,594456,卖盘
1934,10:29:39,3.76,--,289,108664,卖盘
1935,10:29:36,3.76,--,204,76704,卖盘
1936,10:29:21,3.76,--,430,161890,卖盘
1937,10:29:15,3.76,--,1475,554600,卖盘
1938,10:29:11,3.76,-0.01,658,247408,卖盘
1939,10:29:06,3.77,0.01,52,19604,买盘
1940,10:29:00,3.76,-0.01,1865,701240,卖盘
1941,10:28:55,3.77,0.01,51,19227,买盘
1942,10:28:51,3.76,-0.01,181,68056,卖盘
1943,10:28:45,3.77,--,83,31366,买盘
1944,10:28:40,3.77,0.01,156,58812,买盘
1945,10:28:36,3.76,--,176,66176,卖盘
1946,10:28:30,3.76,-0.01,460,172960,卖盘
1947,10:28:24,3.77,0.01,152,57304,买盘
1948,10:28:21,3.76,--,214,80464,卖盘
1949,10:28:15,3.76,--,155,58366,卖盘
1950,10:28:06,3.76,--,410,154160,卖盘
1951,10:28:00,3.76,--,109,40984,卖盘
1952,10:27:51,3.76,--,304,114304,卖盘
1953,10:27:45,3.76,--,206,77531,卖盘
1954,10:27:40,3.76,--,903,339603,卖盘
1955,10:27:36,3.76,-0.01,938,352688,卖盘
1956,10:27:30,3.77,0.01,137,51649,买盘
1957,10:27:25,3.76,--,20,7520,卖盘
1958,10:27:21,3.76,-0.01,229,86104,卖盘
1959,10:27:15,3.77,0.01,145,54665,买盘
1960,10:27:06,3.76,-0.01,59,22270,卖盘
1961,10:27:00,3.77,0.01,31,11687,买盘
1962,10:26:51,3.76,-0.01,113,42488,卖盘
1963,10:26:39,3.77,0.01,327,123279,买盘
1964,10:26:30,3.76,-0.01,245,92120,卖盘
1965,10:26:19,3.77,--,5,1885,买盘
1966,10:26:15,3.77,--,127,47879,买盘
1967,10:26:10,3.77,0.01,1177,443729,买盘
1968,10:26:05,3.76,--,1,736,卖盘
1969,10:26:00,3.76,--,153,57629,卖盘
1970,10:25:44,3.76,--,3,1128,卖盘
1971,10:25:40,3.76,--,755,283880,卖盘
1972,10:25:30,3.76,--,162,60912,卖盘
1973,10:25:25,3.76,--,368,138368,卖盘
1974,10:25:10,3.76,--,1056,397334,卖盘
1975,10:25:00,3.76,-0.01,636,239320,卖盘
1976,10:24:49,3.77,--,42,15834,买盘
1977,10:24:45,3.77,--,452,170404,买盘
1978,10:24:40,3.77,--,191,72007,买盘
1979,10:24:34,3.77,0.01,24,9048,买盘
1980,10:24:30,3.76,-0.01,220,82720,卖盘
1981,10:24:25,3.77,--,1002,377754,买盘
1982,10:24:20,3.77,--,392,147784,买盘
1983,10:24:15,3.77,--,93,35061,买盘
1984,10:24:09,3.77,--,41,15457,买盘
1985,10:24:04,3.77,--,301,113477,买盘
1986,10:24:00,3.77,--,100,37700,买盘
1987,10:23:54,3.77,0.01,1,377,买盘
1988,10:23:50,3.76,--,221,83182,卖盘
1989,10:23:45,3.76,-0.01,201,75576,卖盘
1990,10:23:40,3.77,0.01,474,178698,买盘
1991,10:23:35,3.76,-0.01,13,4888,卖盘
1992,10:23:30,3.77,--,469,176813,买盘
1993,10:23:15,3.77,0.01,1799,678223,买盘
1994,10:23:04,3.76,--,231,86856,卖盘
1995,10:22:55,3.76,-0.01,684,257270,卖盘
1996,10:22:49,3.77,0.01,21,7917,买盘
1997,10:22:45,3.76,--,185,69560,卖盘
1998,10:22:38,3.76,--,781,293656,卖盘
1999,10:22:30,3.76,--,60,22560,卖盘
2000,10:22:25,3.76,--,214,80464,卖盘
2001,10:22:14,3.76,--,160,60160,卖盘
2002,10:22:09,3.76,-0.01,8,3008,卖盘
2003,10:22:03,3.77,0.01,1023,385671,买盘
2004,10:22:00,3.76,--,119,44744,卖盘
2005,10:21:54,3.76,-0.01,207,77918,卖盘
2006,10:21:48,3.77,0.01,474,178698,买盘
2007,10:21:39,3.76,--,199,74824,卖盘
2008,10:21:34,3.76,--,10,3760,卖盘
2009,10:21:30,3.76,-0.01,1198,450448,卖盘
2010,10:21:24,3.77,--,379,142883,买盘
2011,10:21:19,3.77,0.01,19,7163,买盘
2012,10:21:09,3.76,-0.01,20,7520,卖盘
2013,10:21:00,3.77,--,27,10179,买盘
2014,10:20:54,3.77,--,95,35901,买盘
2015,10:20:49,3.77,0.01,224,84448,买盘
2016,10:20:45,3.76,--,131,49256,卖盘
2017,10:20:38,3.76,-0.01,4,1504,卖盘
2018,10:20:34,3.77,--,1153,434681,买盘
2019,10:20:30,3.77,0.01,20,7540,买盘
2020,10:20:23,3.76,--,450,169200,卖盘
2021,10:20:19,3.76,-0.01,254,95504,卖盘
2022,10:20:15,3.77,0.01,206,77662,买盘
2023,10:20:09,3.76,--,2,752,卖盘
2024,10:20:04,3.76,-0.01,1244,467744,卖盘
2025,10:20:00,3.77,0.01,395,148915,买盘
2026,10:19:54,3.76,-0.01,200,75200,卖盘
2027,10:19:45,3.77,--,226,85202,买盘
2028,10:19:39,3.77,0.01,366,138068,买盘
2029,10:19:34,3.76,--,1,376,卖盘
2030,10:19:24,3.76,--,83,31208,卖盘
2031,10:19:19,3.76,--,265,99640,卖盘
2032,10:19:09,3.76,--,205,77080,卖盘
2033,10:19:04,3.76,--,1255,471880,卖盘
2034,10:18:58,3.76,--,201,75576,买盘
2035,10:18:54,3.76,--,320,120320,卖盘
2036,10:18:49,3.76,0.01,40,15040,中性盘
2037,10:18:43,3.75,-0.01,106,39750,卖盘
2038,10:18:39,3.76,--,261,98222,卖盘
2039,10:18:33,3.76,--,280,105280,卖盘
2040,10:18:28,3.76,--,183,68808,卖盘
2041,10:18:24,3.76,--,95,35720,卖盘
2042,10:18:18,3.76,--,479,180205,卖盘
2043,10:18:14,3.76,--,30,11280,卖盘
2044,10:18:09,3.76,--,1233,463608,卖盘
2045,10:18:04,3.76,-0.01,12,4512,卖盘
2046,10:17:58,3.77,0.01,617,232609,买盘
2047,10:17:54,3.76,--,30,11280,卖盘
2048,10:17:49,3.76,--,51,19420,卖盘
2049,10:17:43,3.76,-0.01,175,66018,卖盘
2050,10:17:39,3.77,0.01,88,33176,买盘
2051,10:17:33,3.76,--,344,129343,卖盘
2052,10:17:29,3.76,--,206,77456,卖盘
2053,10:17:24,3.76,--,23,8648,卖盘
2054,10:17:19,3.76,--,1105,415480,卖盘
2055,10:17:14,3.76,-0.01,124,46624,卖盘
2056,10:17:09,3.77,0.01,20,7540,买盘
2057,10:17:03,3.76,-0.01,40,15040,卖盘
2058,10:16:58,3.77,0.01,21,7917,买盘
2059,10:16:53,3.76,--,136,51136,卖盘
2060,10:16:49,3.76,-0.01,30,11280,卖盘
2061,10:16:43,3.77,--,1023,385671,买盘
2062,10:16:39,3.77,--,29,10933,买盘
2063,10:16:34,3.77,--,713,268801,买盘
2064,10:16:28,3.77,0.01,40,15080,买盘
2065,10:16:24,3.76,--,5,1880,卖盘
2066,10:16:19,3.76,-0.01,30,11280,卖盘
2067,10:16:13,3.77,0.02,558,210366,买盘
2068,10:16:09,3.75,-0.01,30,11250,卖盘
2069,10:16:04,3.76,0.01,137,51512,中性盘
2070,10:15:58,3.75,--,120,45000,卖盘
2071,10:15:53,3.75,--,70,26546,卖盘
2072,10:15:49,3.75,-0.02,212,79665,卖盘
2073,10:15:43,3.77,0.02,1053,396981,买盘
2074,10:15:39,3.75,-0.01,20,7500,卖盘
2075,10:15:34,3.76,-0.01,116,43616,卖盘
2076,10:15:28,3.77,--,0,0,买盘
2077,10:15:24,3.77,0.02,249,93873,买盘
2078,10:15:18,3.75,--,5,1875,卖盘
2079,10:15:13,3.75,--,32,12000,卖盘
2080,10:15:09,3.75,--,305,114476,卖盘
2081,10:15:03,3.75,-0.01,4064,1524000,卖盘
2082,10:14:58,3.76,0.01,20,7520,买盘
2083,10:14:53,3.75,--,131,49125,卖盘
2084,10:14:48,3.75,--,328,123086,卖盘
2085,10:14:43,3.75,-0.01,20,7500,卖盘
2086,10:14:39,3.76,--,1074,403824,买盘
2087,10:14:32,3.76,0.01,5,1880,买盘
2088,10:14:27,3.75,-0.01,271,101625,卖盘
2089,10:14:24,3.76,0.01,25,9400,买盘
2090,10:14:18,3.75,-0.01,32,12000,卖盘
2091,10:14:13,3.76,--,1053,395928,买盘
2092,10:14:08,3.76,0.01,961,361336,买盘
2093,10:14:03,3.75,--,31,11625,卖盘
2094,10:13:54,3.75,-0.01,30,11250,卖盘
2095,10:13:48,3.76,0.01,519,195144,买盘
2096,10:13:43,3.75,--,1053,394875,卖盘
2097,10:13:39,3.75,--,230,86336,卖盘
2098,10:13:32,3.75,-0.01,30,11250,卖盘
2099,10:13:28,3.76,0.01,21,7896,买盘
2100,10:13:24,3.75,--,35,13125,卖盘
2101,10:13:18,3.75,-0.01,50,18750,卖盘
2102,10:13:09,3.76,--,804,302304,买盘
2103,10:13:03,3.76,--,847,318472,买盘
2104,10:12:57,3.76,0.01,50,18800,买盘
2105,10:12:48,3.75,--,137,51555,卖盘
2106,10:12:43,3.75,--,265,99480,卖盘
2107,10:12:39,3.75,-0.01,1904,714281,卖盘
2108,10:12:33,3.76,--,40,15040,买盘
2109,10:12:28,3.76,0.01,1505,565880,买盘
2110,10:12:23,3.75,-0.01,507,190125,卖盘
2111,10:12:18,3.76,--,202,75952,买盘
2112,10:12:08,3.76,0.01,100,37600,买盘
2113,10:12:03,3.75,-0.01,39,14625,卖盘
2114,10:11:58,3.76,0.01,895,336520,买盘
2115,10:11:53,3.75,--,106,39750,卖盘
2116,10:11:48,3.75,-0.01,304,114000,卖盘
2117,10:11:42,3.76,--,365,137240,买盘
2118,10:11:33,3.76,0.01,720,270720,买盘
2119,10:11:28,3.75,--,15,5625,卖盘
2120,10:11:18,3.75,-0.01,1143,428625,卖盘
2121,10:11:13,3.76,--,394,148144,买盘
2122,10:11:07,3.76,--,105,39480,买盘
2123,10:11:03,3.76,--,337,126712,买盘
2124,10:10:58,3.76,0.01,90,33840,买盘
2125,10:10:53,3.75,--,2,828,卖盘
2126,10:10:48,3.75,--,5,1875,卖盘
2127,10:10:43,3.75,-0.01,189,70882,卖盘
2128,10:10:37,3.76,0.01,1260,473760,买盘
2129,10:10:28,3.75,-0.01,5,1875,卖盘
2130,10:10:21,3.76,--,1433,538808,买盘
2131,10:10:17,3.76,--,90,33840,买盘
2132,10:10:13,3.76,0.01,1564,588064,买盘
2133,10:10:03,3.75,-0.01,53,19875,卖盘
2134,10:09:58,3.76,--,103,38728,买盘
2135,10:09:53,3.76,0.01,22,8272,买盘
2136,10:09:47,3.75,-0.01,383,143625,卖盘
2137,10:09:43,3.76,0.01,48,18048,买盘
2138,10:09:27,3.75,--,731,274125,卖盘
2139,10:09:22,3.75,--,2,750,卖盘
2140,10:09:18,3.75,-0.01,2025,759461,卖盘
2141,10:09:06,3.76,--,1,376,买盘
2142,10:09:03,3.76,0.01,524,197024,买盘
2143,10:08:57,3.75,-0.01,30,11250,卖盘
2144,10:08:48,3.76,0.01,78,29328,买盘
2145,10:08:43,3.75,--,1056,396000,卖盘
2146,10:08:37,3.75,-0.01,51,19125,卖盘
2147,10:08:33,3.76,0.01,2,752,买盘
2148,10:08:28,3.75,--,535,200827,卖盘
2149,10:08:07,3.75,--,50,18750,卖盘
2150,10:08:02,3.75,-0.01,1592,597000,卖盘
2151,10:07:56,3.76,0.01,453,170328,买盘
2152,10:07:48,3.75,--,12,4500,卖盘
2153,10:07:41,3.75,-0.01,323,121125,卖盘
2154,10:07:36,3.76,0.01,55,20680,买盘
2155,10:07:33,3.75,-0.01,55,20711,卖盘
2156,10:07:27,3.76,--,15,5640,买盘
2157,10:07:22,3.76,0.01,31,11656,买盘
2158,10:07:12,3.75,--,202,75750,卖盘
2159,10:07:06,3.75,--,30,11250,卖盘
2160,10:07:03,3.75,-0.01,10,3750,卖盘
2161,10:06:57,3.76,0.01,168,63168,买盘
2162,10:06:52,3.75,-0.01,30,11250,卖盘
2163,10:06:48,3.76,--,2,752,买盘
2164,10:06:33,3.76,0.01,1059,398244,买盘
2165,10:06:26,3.75,-0.01,127,47625,卖盘
2166,10:06:21,3.76,--,257,96658,买盘
2167,10:06:18,3.76,--,56,21056,买盘
2168,10:06:11,3.76,0.01,21,7896,买盘
2169,10:06:03,3.75,--,1113,417375,卖盘
2170,10:05:56,3.75,--,136,51000,卖盘
2171,10:05:52,3.75,--,348,130605,卖盘
2172,10:05:41,3.75,--,54,20250,卖盘
2173,10:05:32,3.75,--,258,96750,卖盘
2174,10:05:27,3.75,--,319,119625,卖盘
2175,10:05:21,3.75,--,579,217125,卖盘
2176,10:05:15,3.75,--,55,20711,卖盘
2177,10:05:12,3.75,-0.01,1706,639750,卖盘
2178,10:05:01,3.76,0.01,397,149272,买盘
2179,10:04:51,3.75,-0.01,29,10875,卖盘
2180,10:04:47,3.76,0.01,1,376,买盘
2181,10:04:42,3.75,--,92,34500,卖盘
2182,10:04:36,3.75,-0.01,18,6750,卖盘
2183,10:04:30,3.76,--,1,376,买盘
2184,10:04:27,3.76,0.01,75,28200,买盘
2185,10:04:21,3.75,--,266,99750,卖盘
2186,10:04:16,3.75,--,55,20711,卖盘
2187,10:04:11,3.75,--,507,190125,卖盘
2188,10:04:06,3.75,--,303,113726,卖盘
2189,10:03:57,3.75,--,33,12375,卖盘
2190,10:03:52,3.75,--,334,125250,卖盘
2191,10:03:45,3.75,--,918,344250,卖盘
2192,10:03:42,3.75,--,1,375,卖盘
2193,10:03:36,3.75,-0.01,11,4125,卖盘
2194,10:03:31,3.76,0.01,2,752,买盘
2195,10:03:26,3.75,--,45,16875,卖盘
2196,10:03:21,3.75,--,51,19125,卖盘
2197,10:03:12,3.75,--,45,16875,卖盘
2198,10:03:07,3.75,--,41,15375,卖盘
2199,10:03:02,3.75,--,70,26250,卖盘
2200,10:02:56,3.75,--,118,44250,卖盘
2201,10:02:51,3.75,-0.01,318,119250,卖盘
2202,10:02:46,3.76,0.01,122,45872,买盘
2203,10:02:41,3.75,--,39,14625,卖盘
2204,10:02:37,3.75,--,123,46125,卖盘
2205,10:02:27,3.75,--,34,12750,卖盘
2206,10:02:22,3.75,--,55,20711,卖盘
2207,10:02:12,3.75,--,44,16500,卖盘
2208,10:02:07,3.75,--,150,56250,卖盘
2209,10:02:00,3.75,--,50,18750,卖盘
2210,10:01:56,3.75,--,7,2625,卖盘
2211,10:01:52,3.75,-0.01,10,3750,卖盘
2212,10:01:45,3.76,0.01,10,3760,买盘
2213,10:01:41,3.75,--,17,6375,卖盘
2214,10:01:37,3.75,-0.01,44,16500,卖盘
2215,10:01:30,3.76,0.01,21,7896,买盘
2216,10:01:27,3.75,--,118,44250,卖盘
2217,10:01:22,3.75,--,23,8625,卖盘
2218,10:01:15,3.75,--,44,16500,卖盘
2219,10:01:12,3.75,--,79,29711,卖盘
2220,10:01:06,3.75,--,34,12750,卖盘
2221,10:01:01,3.75,--,28,10500,卖盘
2222,10:00:56,3.75,-0.01,167,62625,卖盘
2223,10:00:51,3.76,0.01,5,1880,买盘
2224,10:00:45,3.75,--,200,75000,卖盘
2225,10:00:41,3.75,--,9,3375,卖盘
2226,10:00:35,3.75,-0.01,9,3375,卖盘
2227,10:00:30,3.76,0.01,13,4888,买盘
2228,10:00:26,3.75,-0.01,34,12750,卖盘
2229,10:00:20,3.76,0.02,50,18800,买盘
2230,10:00:16,3.74,--,55,20656,卖盘
2231,10:00:11,3.74,-0.01,540,201960,卖盘
2232,10:00:05,3.75,--,1616,606000,买盘
2233,10:00:00,3.75,--,30,11250,买盘
2234,09:59:57,3.75,--,130,48750,买盘
2235,09:59:51,3.75,--,46,17250,买盘
2236,09:59:41,3.75,--,26,9750,买盘
2237,09:59:36,3.75,--,132,49500,买盘
2238,09:59:30,3.75,--,5,2013,买盘
2239,09:59:26,3.75,--,180,67788,卖盘
2240,09:59:21,3.75,--,84,31500,卖盘
2241,09:59:16,3.75,--,288,108000,卖盘
2242,09:59:11,3.75,--,131,49211,卖盘
2243,09:59:05,3.75,--,5,1875,卖盘
2244,09:59:01,3.75,--,7,2625,卖盘
2245,09:58:56,3.75,-0.01,96,36000,卖盘
2246,09:58:50,3.76,0.01,245,92120,买盘
2247,09:58:45,3.75,--,74,27750,卖盘
2248,09:58:41,3.75,--,21,7875,卖盘
2249,09:58:35,3.75,--,59,22125,卖盘
2250,09:58:26,3.75,--,225,84375,卖盘
2251,09:58:21,3.75,-0.01,39,14625,卖盘
2252,09:58:16,3.76,0.01,1764,663264,买盘
2253,09:58:09,3.75,--,75,28211,买盘
2254,09:58:06,3.75,--,556,208500,买盘
2255,09:58:01,3.75,0.01,42,15750,买盘
2256,09:57:56,3.74,-0.01,1,374,卖盘
2257,09:57:51,3.75,--,513,192375,买盘
2258,09:57:46,3.75,--,2884,1081717,卖盘
2259,09:57:40,3.75,-0.01,474,178050,卖盘
2260,09:57:36,3.76,0.01,704,264704,买盘
2261,09:57:31,3.75,--,1632,612000,卖盘
2262,09:57:25,3.75,-0.01,710,266250,卖盘
2263,09:57:20,3.76,--,2880,1082880,买盘
2264,09:57:16,3.76,0.01,905,340550,买盘
2265,09:57:10,3.75,--,983,368771,卖盘
2266,09:57:05,3.75,-0.01,667,250316,卖盘
2267,09:56:56,3.76,0.01,883,332008,买盘
2268,09:56:50,3.75,-0.01,648,243000,卖盘
2269,09:56:46,3.76,0.01,219,82344,买盘
2270,09:56:40,3.75,--,25,9382,卖盘
2271,09:56:35,3.75,--,92,34500,卖盘
2272,09:56:31,3.75,--,30,11250,卖盘
2273,09:56:24,3.75,--,50,18750,卖盘
2274,09:56:20,3.75,--,313,117375,卖盘
2275,09:56:10,3.75,--,1441,540600,卖盘
2276,09:56:05,3.75,-0.01,2,750,卖盘
2277,09:55:59,3.76,--,65,24526,买盘
2278,09:55:55,3.76,0.01,1,376,买盘
2279,09:55:50,3.75,--,5,1875,卖盘
2280,09:55:46,3.75,--,1684,631500,卖盘
2281,09:55:40,3.75,-0.01,305,114465,卖盘
2282,09:55:35,3.76,0.01,3,1128,买盘
2283,09:55:20,3.75,-0.01,27,10125,卖盘
2284,09:55:16,3.76,0.01,825,310200,买盘
2285,09:55:10,3.75,--,29,11182,卖盘
2286,09:55:05,3.75,-0.01,22,8250,卖盘
2287,09:55:01,3.76,--,5,1880,买盘
2288,09:54:55,3.76,0.01,209,78584,买盘
2289,09:54:46,3.75,--,40,15000,卖盘
2290,09:54:40,3.75,-0.01,24,9168,卖盘
2291,09:54:35,3.76,0.01,26,9776,买盘
2292,09:54:30,3.75,-0.01,407,152625,卖盘
2293,09:54:24,3.76,0.01,30,11280,买盘
2294,09:54:16,3.75,--,17,6375,卖盘
2295,09:54:10,3.75,-0.01,23,8696,卖盘
2296,09:54:05,3.76,0.01,1755,659880,买盘
2297,09:54:01,3.75,-0.01,270,101250,卖盘
2298,09:53:55,3.76,0.01,41,15416,买盘
2299,09:53:50,3.75,--,150,56250,卖盘
2300,09:53:45,3.75,--,35,13125,卖盘
2301,09:53:39,3.75,--,253,95186,卖盘
2302,09:53:35,3.75,-0.01,1857,696375,卖盘
2303,09:53:25,3.76,0.01,24,9024,买盘
2304,09:53:20,3.75,-0.01,210,78750,卖盘
2305,09:53:14,3.76,0.01,493,185368,买盘
2306,09:53:10,3.75,--,564,211541,卖盘
2307,09:53:05,3.75,--,20,7500,卖盘
2308,09:52:59,3.75,--,372,139500,卖盘
2309,09:52:50,3.75,--,105,39375,卖盘
2310,09:52:44,3.75,--,13,4875,卖盘
2311,09:52:40,3.75,--,24,9078,卖盘
2312,09:52:35,3.75,-0.01,239,89625,卖盘
2313,09:52:29,3.76,0.01,1669,627544,买盘
2314,09:52:20,3.75,--,57,21375,卖盘
2315,09:52:15,3.75,--,357,133875,卖盘
2316,09:52:09,3.75,--,569,213495,卖盘
2317,09:52:05,3.75,--,37,13875,卖盘
2318,09:51:59,3.75,--,2919,1094625,卖盘
2319,09:51:55,3.75,-0.01,189,70875,卖盘
2320,09:51:50,3.76,0.01,26,9776,买盘
2321,09:51:44,3.75,--,817,306375,卖盘
2322,09:51:39,3.75,-0.01,24,9161,卖盘
2323,09:51:35,3.76,0.01,3355,1261480,买盘
2324,09:51:29,3.75,--,265,99480,卖盘
2325,09:51:25,3.75,--,6,2250,卖盘
2326,09:51:20,3.75,--,40,15000,卖盘
2327,09:51:15,3.75,-0.01,100,37500,卖盘
2328,09:51:10,3.76,0.01,1611,605736,买盘
2329,09:50:59,3.75,--,14,5250,卖盘
2330,09:50:54,3.75,--,1018,381750,卖盘
2331,09:50:49,3.75,--,54,20250,卖盘
2332,09:50:44,3.75,-0.01,89,33375,卖盘
2333,09:50:40,3.76,0.01,391,147016,买盘
2334,09:50:35,3.75,--,1033,387618,卖盘
2335,09:50:29,3.75,--,98,36750,卖盘
2336,09:50:25,3.75,--,167,62625,卖盘
2337,09:50:14,3.75,--,417,156375,卖盘
2338,09:50:04,3.75,-0.01,425,159375,卖盘
2339,09:49:59,3.76,--,375,141000,买盘
2340,09:49:54,3.76,0.01,717,269592,买盘
2341,09:49:50,3.75,--,85,31875,卖盘
2342,09:49:44,3.75,-0.01,2891,1084335,卖盘
2343,09:49:40,3.76,-0.01,493,185368,卖盘
2344,09:49:34,3.77,0.01,464,174928,买盘
2345,09:49:29,3.76,--,665,250254,卖盘
2346,09:49:24,3.76,-0.01,164,61664,卖盘
2347,09:49:20,3.77,0.01,95,35815,买盘
2348,09:49:14,3.76,--,65,24440,卖盘
2349,09:49:03,3.76,--,60,22560,卖盘
2350,09:49:00,3.76,-0.01,46,17296,卖盘
2351,09:48:55,3.77,0.01,360,135720,买盘
2352,09:48:49,3.76,--,87,32711,卖盘
2353,09:48:44,3.76,-0.01,584,219584,卖盘
2354,09:48:40,3.77,0.01,315,118755,买盘
2355,09:48:34,3.76,-0.01,65,24440,卖盘
2356,09:48:29,3.77,0.01,386,145522,买盘
2357,09:48:25,3.76,--,4,1504,卖盘
2358,09:48:19,3.76,--,432,162432,卖盘
2359,09:48:14,3.76,-0.01,83,31208,卖盘
2360,09:48:09,3.77,0.01,674,254098,买盘
2361,09:48:03,3.76,--,1092,410592,卖盘
2362,09:47:59,3.76,--,183,68808,卖盘
2363,09:47:55,3.76,0.01,2335,877960,买盘
2364,09:47:48,3.75,--,170,63750,卖盘
2365,09:47:44,3.75,-0.01,93,34875,卖盘
2366,09:47:40,3.76,--,162,60912,买盘
2367,09:47:33,3.76,--,3,1128,买盘
2368,09:47:29,3.76,--,20,7520,买盘
2369,09:47:24,3.76,0.01,309,116184,买盘
2370,09:47:18,3.75,--,175,65625,卖盘
2371,09:47:14,3.75,-0.01,368,138000,卖盘
2372,09:47:08,3.76,--,697,262071,买盘
2373,09:47:04,3.76,--,13,4888,买盘
2374,09:46:59,3.76,--,1518,570768,买盘
2375,09:46:53,3.76,0.01,229,86104,买盘
2376,09:46:49,3.75,-0.01,214,80250,卖盘
2377,09:46:44,3.76,--,31,11656,买盘
2378,09:46:29,3.76,--,13,4888,买盘
2379,09:46:23,3.76,-0.01,905,340280,卖盘
2380,09:46:18,3.77,0.01,123,46371,买盘
2381,09:46:14,3.76,-0.01,67,25192,卖盘
2382,09:45:59,3.77,0.01,244,91988,买盘
2383,09:45:53,3.76,-0.01,250,94000,买盘
2384,09:45:49,3.77,0.01,603,227331,买盘
2385,09:45:44,3.76,--,823,309448,买盘
2386,09:45:38,3.76,--,1122,421872,买盘
2387,09:45:33,3.76,--,1,376,买盘
2388,09:45:29,3.76,--,86,32335,买盘
2389,09:45:24,3.76,--,123,46248,买盘
2390,09:45:14,3.76,0.01,262,98512,买盘
2391,09:45:08,3.75,--,119,44625,卖盘
2392,09:45:03,3.75,-0.01,201,75375,卖盘
2393,09:44:59,3.76,--,65,24440,买盘
2394,09:44:53,3.76,--,331,124456,买盘
2395,09:44:49,3.76,--,15,5640,买盘
2396,09:44:44,3.76,--,510,191760,买盘
2397,09:44:38,3.76,--,2,752,买盘
2398,09:44:34,3.76,0.01,72,27072,买盘
2399,09:44:29,3.75,-0.01,54,20250,卖盘
2400,09:44:23,3.76,--,30,11280,买盘
2401,09:44:18,3.76,0.01,33,12408,买盘
2402,09:44:13,3.75,-0.01,11,4125,卖盘
2403,09:44:08,3.76,--,2,752,买盘
2404,09:44:04,3.76,--,427,160552,买盘
2405,09:43:58,3.76,--,71,26696,买盘
2406,09:43:53,3.76,--,839,315464,买盘
2407,09:43:49,3.76,0.01,23,8648,买盘
2408,09:43:42,3.75,-0.01,5,1875,卖盘
2409,09:43:37,3.76,--,6,2256,买盘
2410,09:43:33,3.76,--,1367,513991,买盘
2411,09:43:28,3.76,--,40,15040,买盘
2412,09:43:23,3.76,--,56,21056,卖盘
2413,09:43:18,3.76,--,376,141376,卖盘
2414,09:43:13,3.76,--,1769,665144,卖盘
2415,09:43:08,3.76,--,7,2632,卖盘
2416,09:43:04,3.76,--,1369,514743,卖盘
2417,09:42:57,3.76,--,120,45120,卖盘
2418,09:42:54,3.76,--,143,53768,卖盘
2419,09:42:48,3.76,--,477,179352,卖盘
2420,09:42:43,3.76,--,1,376,卖盘
2421,09:42:38,3.76,--,493,185368,卖盘
2422,09:42:33,3.76,-0.01,36,13536,卖盘
2423,09:42:27,3.77,0.01,1,377,买盘
2424,09:42:23,3.76,--,112,42112,卖盘
2425,09:42:17,3.76,--,121,45496,卖盘
2426,09:42:08,3.76,--,7430,2793680,卖盘
2427,09:42:03,3.76,--,987,371112,卖盘
2428,09:41:58,3.76,--,728,273728,卖盘
2429,09:41:54,3.76,--,1983,745608,卖盘
2430,09:41:48,3.76,-0.01,1410,530160,卖盘
2431,09:41:43,3.77,0.01,2,754,买盘
2432,09:41:38,3.76,--,91,34216,卖盘
2433,09:41:33,3.76,--,272,102272,卖盘
2434,09:41:27,3.76,--,23,8648,卖盘
2435,09:41:23,3.76,--,60,22560,卖盘
2436,09:41:18,3.76,-0.01,521,195896,卖盘
2437,09:41:12,3.77,0.01,595,224315,买盘
2438,09:41:08,3.76,--,17,6392,卖盘
2439,09:41:03,3.76,-0.01,338,127088,卖盘
2440,09:40:53,3.77,0.01,908,342316,买盘
2441,09:40:48,3.76,--,1070,402320,卖盘
2442,09:40:42,3.76,-0.01,55,20680,卖盘
2443,09:40:38,3.77,--,19,7163,买盘
2444,09:40:32,3.77,--,30,11310,买盘
2445,09:40:27,3.77,0.01,25,9425,买盘
2446,09:40:23,3.76,-0.01,258,97008,卖盘
2447,09:40:18,3.77,0.01,523,197171,买盘
2448,09:40:08,3.76,-0.01,201,75576,卖盘
2449,09:39:57,3.77,0.01,7,2639,买盘
2450,09:39:52,3.76,--,2137,803512,卖盘
2451,09:39:47,3.76,-0.01,52,19552,卖盘
2452,09:39:42,3.77,0.01,1,377,买盘
2453,09:39:38,3.76,-0.01,1563,587688,卖盘
2454,09:39:32,3.77,--,61,22997,买盘
2455,09:39:27,3.77,0.01,3,1131,买盘
2456,09:39:23,3.76,-0.01,300,112800,卖盘
2457,09:39:17,3.77,0.01,700,264103,买盘
2458,09:39:12,3.76,-0.01,37,13912,卖盘
2459,09:39:08,3.77,0.01,102,38454,买盘
2460,09:39:02,3.76,-0.01,25,9400,卖盘
2461,09:38:57,3.77,0.01,163,61451,买盘
2462,09:38:53,3.76,-0.01,1109,416984,卖盘
2463,09:38:46,3.77,--,55,20735,买盘
2464,09:38:42,3.77,--,1,377,买盘
2465,09:38:38,3.77,0.01,420,158441,买盘
2466,09:38:32,3.76,--,15,5640,卖盘
2467,09:38:27,3.76,-0.01,220,82720,卖盘
2468,09:38:23,3.77,--,313,118001,买盘
2469,09:38:16,3.77,0.01,61,22997,买盘
2470,09:38:12,3.76,-0.01,40,15040,卖盘
2471,09:38:07,3.77,0.01,726,273702,买盘
2472,09:38:02,3.76,-0.01,452,169952,卖盘
2473,09:37:57,3.77,--,428,161356,买盘
2474,09:37:53,3.77,0.01,10050,3788850,买盘
2475,09:37:47,3.76,--,1198,450549,卖盘
2476,09:37:43,3.76,-0.01,36,13536,卖盘
2477,09:37:38,3.77,--,118,44486,买盘
2478,09:37:32,3.77,0.01,28,10556,买盘
2479,09:37:27,3.76,--,145,54520,卖盘
2480,09:37:23,3.76,-0.01,27,10152,卖盘
2481,09:37:17,3.77,--,27,10179,买盘
2482,09:37:12,3.77,0.01,22,8294,买盘
2483,09:37:02,3.76,-0.01,507,190632,卖盘
2484,09:36:57,3.77,--,508,191516,买盘
2485,09:36:51,3.77,0.01,76,28652,买盘
2486,09:36:47,3.76,--,256,96256,卖盘
2487,09:36:42,3.76,--,8,3008,卖盘
2488,09:36:36,3.76,-0.01,87,32711,卖盘
2489,09:36:32,3.77,--,94,35438,买盘
2490,09:36:28,3.77,--,140,52780,买盘
2491,09:36:21,3.77,--,15,5655,买盘
2492,09:36:17,3.77,--,196,73892,买盘
2493,09:36:12,3.77,0.01,465,175305,买盘
2494,09:36:06,3.76,-0.01,591,222216,卖盘
2495,09:36:02,3.77,--,157,59189,买盘
2496,09:35:57,3.77,--,5276,1989052,买盘
2497,09:35:53,3.77,--,2227,839579,买盘
2498,09:35:47,3.77,--,294,110838,买盘
2499,09:35:42,3.77,--,62,23374,买盘
2500,09:35:32,3.77,--,1490,561730,买盘
2501,09:35:27,3.77,0.01,213,80301,买盘
2502,09:35:22,3.76,--,115,43240,卖盘
2503,09:35:17,3.76,--,2,752,卖盘
2504,09:35:12,3.76,-0.01,265,99745,卖盘
2505,09:35:02,3.77,0.01,54,20358,买盘
2506,09:34:57,3.76,-0.01,2163,813288,卖盘
2507,09:34:46,3.77,0.01,192,72384,买盘
2508,09:34:42,3.76,--,165,62040,卖盘
2509,09:34:37,3.76,-0.01,126,47376,卖盘
2510,09:34:32,3.77,0.01,41,15457,买盘
2511,09:34:27,3.76,-0.01,79,29704,卖盘
2512,09:34:17,3.77,--,416,156832,买盘
2513,09:34:12,3.77,--,275,103675,买盘
2514,09:34:06,3.77,0.01,1,377,买盘
2515,09:34:02,3.76,--,450,169200,卖盘
2516,09:33:57,3.76,--,5,1880,卖盘
2517,09:33:51,3.76,--,20,7520,卖盘
2518,09:33:47,3.76,--,46,17296,卖盘
2519,09:33:42,3.76,0.01,7720,2902720,买盘
2520,09:33:36,3.75,-0.01,12,4500,卖盘
2521,09:33:32,3.76,--,112,42112,买盘
2522,09:33:27,3.76,--,296,111296,买盘
2523,09:33:17,3.76,--,100,37600,买盘
2524,09:33:12,3.76,0.01,105,39480,买盘
2525,09:33:06,3.75,-0.01,112,42000,卖盘
2526,09:33:02,3.76,0.01,713,268088,买盘
2527,09:32:57,3.75,-0.01,262,98250,卖盘
2528,09:32:51,3.76,--,23,8648,买盘
2529,09:32:47,3.76,--,30,11280,买盘
2530,09:32:41,3.76,--,552,207552,买盘
2531,09:32:36,3.76,--,4,1504,买盘
2532,09:32:32,3.76,--,831,312456,买盘
2533,09:32:26,3.76,--,190,71440,买盘
2534,09:32:17,3.76,--,110,41360,买盘
2535,09:32:11,3.76,--,51,19176,买盘
2536,09:32:06,3.76,0.01,30,11280,买盘
2537,09:32:01,3.75,-0.01,598,224250,卖盘
2538,09:31:56,3.76,--,208,78208,买盘
2539,09:31:47,3.76,0.01,289,108712,买盘
2540,09:31:35,3.75,-0.01,16,6000,卖盘
2541,09:31:32,3.76,--,2519,947144,买盘
2542,09:31:26,3.76,--,538,202288,买盘
2543,09:31:21,3.76,0.02,230,86480,买盘
2544,09:31:17,3.74,--,0,0,卖盘
2545,09:31:11,3.74,-0.01,1162,434685,卖盘
2546,09:31:06,3.75,-0.01,655,245670,卖盘
2547,09:31:02,3.76,--,2148,807693,买盘
2548,09:30:56,3.76,0.01,1096,412096,买盘
2549,09:30:51,3.75,-0.01,578,216795,卖盘
2550,09:30:47,3.76,0.01,289,108709,买盘
2551,09:30:41,3.75,--,1149,430875,卖盘
2552,09:30:36,3.75,--,27,10125,卖盘
2553,09:30:31,3.75,--,793,297375,买盘
2554,09:30:26,3.75,--,1,375,买盘
2555,09:30:20,3.75,--,10,3750,买盘
2556,09:30:17,3.75,-0.01,1946,729750,卖盘
2557,09:30:11,3.76,--,304,114304,买盘
2558,09:30:06,3.76,0.01,4548,1710048,买盘
2559,09:28:50,3.75,--,0,0,卖盘
2560,09:25:02,3.75,3.75,13934,5225250,买盘
