,time,price,change,volume,amount,type
0,15:00:00,3.21,--,0,0,买盘
1,15:00:00,3.21,0.01,275,88275,买盘
2,14:59:58,3.2,-0.01,703,224960,卖盘
3,14:59:52,3.21,0.01,81,26001,买盘
4,14:59:48,3.2,--,4549,1455680,卖盘
5,14:59:43,3.2,--,684,218880,卖盘
6,14:59:37,3.2,--,329,105280,卖盘
7,14:59:33,3.2,--,250,80000,卖盘
8,14:59:28,3.2,--,505,161600,卖盘
9,14:59:22,3.2,--,350,112000,卖盘
10,14:59:17,3.2,-0.01,189,60480,卖盘
11,14:59:13,3.21,0.01,346,111066,买盘
12,14:59:07,3.2,-0.01,53,16960,卖盘
13,14:59:02,3.21,0.01,51,16371,买盘
14,14:58:57,3.2,-0.01,5,1600,卖盘
15,14:58:52,3.21,0.01,146,46866,买盘
16,14:58:47,3.2,-0.01,274,87680,卖盘
17,14:58:42,3.21,--,114,36594,买盘
18,14:58:37,3.21,--,13,4173,买盘
19,14:58:32,3.21,0.01,145,46545,买盘
20,14:58:28,3.2,-0.01,3270,1046400,卖盘
21,14:58:22,3.21,0.01,147,47187,买盘
22,14:58:17,3.2,-0.01,296,94720,卖盘
23,14:58:12,3.21,--,337,108177,买盘
24,14:58:07,3.21,0.01,237,76077,买盘
25,14:58:02,3.2,--,332,106240,卖盘
26,14:57:57,3.2,--,10580,3385600,卖盘
27,14:57:52,3.2,--,26,8320,卖盘
28,14:57:47,3.2,-0.01,262,83840,卖盘
29,14:57:42,3.21,--,200,64200,买盘
30,14:57:37,3.21,--,2668,856428,买盘
31,14:57:32,3.21,0.01,38,12198,买盘
32,14:57:27,3.2,--,483,154560,卖盘
33,14:57:22,3.2,-0.01,1,320,卖盘
34,14:57:17,3.21,0.01,214,68694,买盘
35,14:57:07,3.2,-0.01,132,42240,卖盘
36,14:57:02,3.21,0.01,160,51360,买盘
37,14:56:57,3.2,-0.01,384,122880,卖盘
38,14:56:52,3.21,0.01,61,19581,买盘
39,14:56:47,3.2,--,1379,441280,卖盘
40,14:56:42,3.2,--,173,55360,卖盘
41,14:56:37,3.2,--,32,10240,卖盘
42,14:56:32,3.2,--,291,93120,卖盘
43,14:56:27,3.2,--,596,190720,卖盘
44,14:56:17,3.2,--,213,68160,卖盘
45,14:56:12,3.2,--,662,211840,卖盘
46,14:56:07,3.2,-0.01,108,34560,卖盘
47,14:56:02,3.21,0.01,489,156969,买盘
48,14:55:57,3.2,--,417,133440,卖盘
49,14:55:52,3.2,--,5,1600,卖盘
50,14:55:47,3.2,--,136,43520,卖盘
51,14:55:42,3.2,--,1453,464960,卖盘
52,14:55:37,3.2,--,249,79680,卖盘
53,14:55:32,3.2,--,366,117120,卖盘
54,14:55:27,3.2,-0.01,1658,530560,卖盘
55,14:55:22,3.21,--,131,42051,买盘
56,14:55:17,3.21,--,8402,2697093,卖盘
57,14:55:12,3.21,--,599,192279,卖盘
58,14:55:07,3.21,--,548,175908,卖盘
59,14:55:02,3.21,--,1610,517127,卖盘
60,14:54:57,3.21,--,676,216996,卖盘
61,14:54:52,3.21,--,201,64521,卖盘
62,14:54:47,3.21,-0.01,1832,588193,卖盘
63,14:54:42,3.22,0.01,3372,1085784,买盘
64,14:54:37,3.21,--,392,125832,卖盘
65,14:54:32,3.21,--,131,42051,卖盘
66,14:54:27,3.21,--,173,55533,卖盘
67,14:54:22,3.21,--,369,118449,卖盘
68,14:54:17,3.21,--,266,85386,卖盘
69,14:54:12,3.21,--,366,117607,卖盘
70,14:54:07,3.21,--,14,4494,卖盘
71,14:54:02,3.21,-0.01,527,169356,卖盘
72,14:53:57,3.22,0.01,3695,1189790,买盘
73,14:53:52,3.21,-0.01,704,225984,卖盘
74,14:53:47,3.22,0.01,114,36708,买盘
75,14:53:42,3.21,--,576,184896,卖盘
76,14:53:37,3.21,--,27,8667,卖盘
77,14:53:32,3.21,--,108,34668,卖盘
78,14:53:27,3.21,--,2391,767578,卖盘
79,14:53:22,3.21,--,156,50076,卖盘
80,14:53:17,3.21,--,521,167430,卖盘
81,14:53:12,3.21,--,328,105288,卖盘
82,14:53:07,3.21,--,16,5136,卖盘
83,14:53:02,3.21,--,69,22149,卖盘
84,14:52:57,3.21,--,172,55212,卖盘
85,14:52:52,3.21,--,142,45771,卖盘
86,14:52:47,3.21,--,519,166656,卖盘
87,14:52:42,3.21,--,853,274002,卖盘
88,14:52:37,3.21,--,446,143166,卖盘
89,14:52:32,3.21,--,536,172245,卖盘
90,14:52:27,3.21,--,543,174303,卖盘
91,14:52:21,3.21,--,210,67599,卖盘
92,14:52:16,3.21,--,325,104514,卖盘
93,14:52:12,3.21,--,475,152664,卖盘
94,14:52:07,3.21,--,626,200946,卖盘
95,14:52:01,3.21,--,82,26389,卖盘
96,14:51:57,3.21,--,814,261294,卖盘
97,14:51:51,3.21,--,235,75492,卖盘
98,14:51:46,3.21,--,419,134688,卖盘
99,14:51:41,3.21,--,96,31005,卖盘
100,14:51:36,3.21,--,383,122943,卖盘
101,14:51:31,3.21,--,230,73830,卖盘
102,14:51:26,3.21,--,526,169093,卖盘
103,14:51:21,3.21,--,1249,400929,卖盘
104,14:51:16,3.21,--,197,63237,卖盘
105,14:51:11,3.21,--,43,13803,卖盘
106,14:51:06,3.21,--,202,64842,卖盘
107,14:51:00,3.21,--,13,4173,卖盘
108,14:50:56,3.21,--,262,84102,卖盘
109,14:50:51,3.21,--,606,194526,卖盘
110,14:50:46,3.21,--,125,40125,卖盘
111,14:50:41,3.21,--,65,20865,卖盘
112,14:50:36,3.21,-0.01,567,182007,卖盘
113,14:50:31,3.22,0.01,49,15778,买盘
114,14:50:26,3.21,--,65,20865,卖盘
115,14:50:20,3.21,--,340,109140,卖盘
116,14:50:16,3.21,--,1,321,卖盘
117,14:50:11,3.21,--,317,101757,卖盘
118,14:50:06,3.21,--,402,129042,卖盘
119,14:50:00,3.21,--,3,963,卖盘
120,14:49:56,3.21,--,117,37557,卖盘
121,14:49:50,3.21,--,1498,480947,卖盘
122,14:49:46,3.21,--,86,27606,卖盘
123,14:49:41,3.21,--,196,62916,卖盘
124,14:49:35,3.21,-0.01,371,119091,卖盘
125,14:49:31,3.22,0.01,311,100142,买盘
126,14:49:26,3.21,--,211,67731,卖盘
127,14:49:21,3.21,-0.01,275,88275,卖盘
128,14:49:16,3.22,0.01,1100,354200,买盘
129,14:49:11,3.21,--,732,234972,卖盘
130,14:49:05,3.21,--,124,39804,卖盘
131,14:49:01,3.21,--,158,50718,卖盘
132,14:48:56,3.21,--,653,209613,卖盘
133,14:48:51,3.21,--,144,46224,卖盘
134,14:48:46,3.21,--,115,36963,卖盘
135,14:48:41,3.21,-0.01,3005,964605,卖盘
136,14:48:36,3.22,0.01,400,128800,买盘
137,14:48:30,3.21,--,399,128079,卖盘
138,14:48:26,3.21,--,248,79608,卖盘
139,14:48:21,3.21,--,3153,1012113,卖盘
140,14:48:16,3.21,--,104,33384,卖盘
141,14:48:11,3.21,--,133,42693,卖盘
142,14:48:06,3.21,--,79,25359,卖盘
143,14:48:01,3.21,--,292,93732,卖盘
144,14:47:56,3.21,--,84,26964,卖盘
145,14:47:51,3.21,--,152,48792,卖盘
146,14:47:46,3.21,--,59,18939,卖盘
147,14:47:41,3.21,--,262,84166,卖盘
148,14:47:36,3.21,--,301,96621,卖盘
149,14:47:31,3.21,--,47,15087,卖盘
150,14:47:26,3.21,--,3271,1049991,卖盘
151,14:47:20,3.21,--,467,149907,卖盘
152,14:47:16,3.21,--,215,69015,卖盘
153,14:47:11,3.21,--,511,164031,卖盘
154,14:47:05,3.21,--,945,303345,卖盘
155,14:47:01,3.21,--,9,2889,卖盘
156,14:46:56,3.21,--,186,59847,卖盘
157,14:46:50,3.21,--,114,36594,卖盘
158,14:46:46,3.21,--,106,34026,卖盘
159,14:46:41,3.21,-0.01,423,135783,卖盘
160,14:46:35,3.22,0.01,230,74060,买盘
161,14:46:31,3.21,--,1,321,卖盘
162,14:46:26,3.21,--,12,3852,卖盘
163,14:46:20,3.21,--,5156,1655258,卖盘
164,14:46:16,3.21,--,46,14766,卖盘
165,14:46:11,3.21,--,187,60027,卖盘
166,14:46:05,3.21,--,819,262899,卖盘
167,14:46:01,3.21,-0.01,106,34026,卖盘
168,14:45:56,3.22,0.01,855,275310,买盘
169,14:45:50,3.21,-0.01,62,19902,卖盘
170,14:45:46,3.22,0.01,2102,676844,买盘
171,14:45:41,3.21,--,60,19260,卖盘
172,14:45:35,3.21,--,12,3852,卖盘
173,14:45:30,3.21,--,126,40446,卖盘
174,14:45:25,3.21,-0.01,535,171735,卖盘
175,14:45:20,3.22,0.01,730,235060,买盘
176,14:45:16,3.21,--,188,60348,卖盘
177,14:45:10,3.21,--,630,202230,卖盘
178,14:45:05,3.21,--,240,77040,卖盘
179,14:45:00,3.21,-0.01,52,16692,卖盘
180,14:44:55,3.22,0.01,10050,3236100,买盘
181,14:44:50,3.21,-0.01,331,106251,卖盘
182,14:44:44,3.22,0.01,10104,3253488,买盘
183,14:44:40,3.21,-0.01,110,35310,卖盘
184,14:44:35,3.22,0.01,10481,3374930,买盘
185,14:44:29,3.21,--,71,22791,卖盘
186,14:44:25,3.21,-0.01,10114,3246594,卖盘
187,14:44:20,3.22,0.01,125,40250,买盘
188,14:44:14,3.21,-0.01,10169,3264377,卖盘
189,14:44:10,3.22,0.01,362,116564,买盘
190,14:44:05,3.21,--,186,59706,卖盘
191,14:43:59,3.21,-0.01,1529,490809,卖盘
192,14:43:55,3.22,0.01,1438,463036,买盘
193,14:43:50,3.21,--,11061,3550581,卖盘
194,14:43:44,3.21,--,604,193884,卖盘
195,14:43:40,3.21,--,202,64842,卖盘
196,14:43:35,3.21,--,58,18618,卖盘
197,14:43:29,3.21,--,10678,3427638,卖盘
198,14:43:25,3.21,--,95,30495,卖盘
199,14:43:20,3.21,--,10412,3342252,卖盘
200,14:43:14,3.21,-0.01,3124,1002804,卖盘
201,14:43:10,3.22,0.01,204,65688,买盘
202,14:43:05,3.21,--,204,65484,卖盘
203,14:42:59,3.21,--,651,208971,卖盘
204,14:42:55,3.21,0.01,5299,1701277,买盘
205,14:42:50,3.2,--,454,145408,卖盘
206,14:42:44,3.2,--,11016,3525120,卖盘
207,14:42:40,3.2,--,13,4160,卖盘
208,14:42:35,3.2,--,252,80640,卖盘
209,14:42:29,3.2,--,10051,3216320,卖盘
210,14:42:25,3.2,--,3,960,卖盘
211,14:42:20,3.2,--,7,2240,卖盘
212,14:42:14,3.2,--,89,28480,卖盘
213,14:42:10,3.2,--,31,9920,卖盘
214,14:42:05,3.2,--,120,38400,卖盘
215,14:41:59,3.2,-0.01,14,4480,卖盘
216,14:41:55,3.21,0.01,124,39804,买盘
217,14:41:50,3.2,--,301,96320,卖盘
218,14:41:44,3.2,--,30,9600,卖盘
219,14:41:40,3.2,--,5,1600,卖盘
220,14:41:35,3.2,--,53,16960,卖盘
221,14:41:29,3.2,--,25,8000,卖盘
222,14:41:25,3.2,--,7,2240,卖盘
223,14:41:20,3.2,--,46,14720,卖盘
224,14:41:14,3.2,--,39,12480,卖盘
225,14:41:10,3.2,--,1961,627520,卖盘
226,14:41:05,3.2,--,200,64000,卖盘
227,14:40:59,3.2,--,10,3200,卖盘
228,14:40:50,3.2,--,1910,611200,卖盘
229,14:40:44,3.2,--,10101,3232320,卖盘
230,14:40:40,3.2,--,411,131520,卖盘
231,14:40:35,3.2,--,10201,3264320,卖盘
232,14:40:29,3.2,--,50,16000,卖盘
233,14:40:25,3.2,--,14,4480,卖盘
234,14:40:20,3.2,--,62,19840,卖盘
235,14:40:14,3.2,--,35,11200,卖盘
236,14:40:10,3.2,--,159,50880,卖盘
237,14:40:05,3.2,--,13232,4234240,卖盘
238,14:39:59,3.2,--,100,32000,卖盘
239,14:39:50,3.2,-0.01,270,86400,卖盘
240,14:39:44,3.21,0.01,30,9630,买盘
241,14:39:40,3.2,--,5540,1772800,卖盘
242,14:39:35,3.2,--,10034,3210880,卖盘
243,14:39:29,3.2,--,21,6720,卖盘
244,14:39:24,3.2,--,2,640,卖盘
245,14:39:20,3.2,--,15295,4894400,卖盘
246,14:39:14,3.2,--,1387,443840,卖盘
247,14:39:10,3.2,-0.01,251,80320,卖盘
248,14:39:05,3.21,0.01,6,1926,买盘
249,14:38:59,3.2,--,12414,3972480,卖盘
250,14:38:54,3.2,--,4151,1328320,卖盘
251,14:38:49,3.2,--,10290,3292800,卖盘
252,14:38:44,3.2,--,141,45120,卖盘
253,14:38:39,3.2,--,10014,3204480,卖盘
254,14:38:34,3.2,-0.01,91,29120,卖盘
255,14:38:29,3.21,0.01,10151,3258471,买盘
256,14:38:19,3.2,-0.01,10999,3519680,卖盘
257,14:38:14,3.21,0.01,44,14124,买盘
258,14:38:09,3.2,--,11028,3528960,卖盘
259,14:38:04,3.2,--,15,4800,卖盘
260,14:37:59,3.2,--,36,11520,卖盘
261,14:37:54,3.2,--,101,32320,卖盘
262,14:37:49,3.2,--,174,55680,卖盘
263,14:37:44,3.2,--,85,27200,卖盘
264,14:37:34,3.2,--,60,19200,卖盘
265,14:37:29,3.2,--,117,37440,卖盘
266,14:37:23,3.2,--,14,4480,卖盘
267,14:37:19,3.2,-0.01,178,56960,卖盘
268,14:37:14,3.21,0.01,4,1284,买盘
269,14:37:08,3.2,-0.01,34,10880,卖盘
270,14:37:04,3.21,0.01,595,190995,买盘
271,14:36:54,3.2,--,151,48320,卖盘
272,14:36:49,3.2,--,57,18240,卖盘
273,14:36:44,3.2,-0.01,251,80320,卖盘
274,14:36:38,3.21,--,177,56817,买盘
275,14:36:29,3.21,0.01,3133,1005693,买盘
276,14:36:23,3.2,--,222,71040,卖盘
277,14:36:19,3.2,--,7,2240,卖盘
278,14:36:14,3.2,--,115,36800,卖盘
279,14:36:08,3.2,--,59,18880,卖盘
280,14:36:04,3.2,--,38,12160,卖盘
281,14:35:59,3.2,-0.01,3516,1125120,卖盘
282,14:35:53,3.21,0.01,18,5778,买盘
283,14:35:49,3.2,-0.01,16,5120,卖盘
284,14:35:44,3.21,0.01,21,6741,买盘
285,14:35:38,3.2,--,311,99520,卖盘
286,14:35:34,3.2,--,47,15040,卖盘
287,14:35:29,3.2,-0.01,146,46720,卖盘
288,14:35:23,3.21,0.01,237,76077,买盘
289,14:35:19,3.2,--,197,63040,卖盘
290,14:35:14,3.2,--,115,36800,卖盘
291,14:35:08,3.2,--,157,50240,卖盘
292,14:35:04,3.2,--,26,8320,卖盘
293,14:34:59,3.2,-0.01,94,30080,卖盘
294,14:34:53,3.21,0.01,1465,470265,买盘
295,14:34:49,3.2,--,64,20480,卖盘
296,14:34:44,3.2,--,25,8000,卖盘
297,14:34:38,3.2,--,384,122880,卖盘
298,14:34:34,3.2,--,31,9920,卖盘
299,14:34:29,3.2,--,891,285120,卖盘
300,14:34:23,3.2,-0.01,314,100483,卖盘
301,14:34:14,3.21,0.01,3362,1079202,买盘
302,14:34:08,3.2,-0.01,59,18880,卖盘
303,14:34:04,3.21,0.01,93,29853,买盘
304,14:33:59,3.2,--,1971,630720,卖盘
305,14:33:53,3.2,--,93,29760,卖盘
306,14:33:49,3.2,--,16,5120,卖盘
307,14:33:44,3.2,--,42,13440,卖盘
308,14:33:38,3.2,--,381,121920,卖盘
309,14:33:34,3.2,--,5,1600,卖盘
310,14:33:29,3.2,--,19,6080,卖盘
311,14:33:23,3.2,--,46,14720,卖盘
312,14:33:19,3.2,--,112,35840,卖盘
313,14:33:14,3.2,-0.01,61,19520,卖盘
314,14:33:08,3.21,0.01,288,92448,买盘
315,14:33:04,3.2,--,22,7040,卖盘
316,14:32:58,3.2,-0.01,12,3840,卖盘
317,14:32:53,3.21,0.01,10405,3340005,买盘
318,14:32:49,3.2,--,10239,3276480,卖盘
319,14:32:43,3.2,--,2419,774080,卖盘
320,14:32:38,3.2,-0.01,837,267840,卖盘
321,14:32:33,3.21,--,1210,388410,买盘
322,14:32:28,3.21,0.01,1786,573495,买盘
323,14:32:23,3.2,-0.01,794,254080,卖盘
324,14:32:18,3.21,0.01,66,21186,买盘
325,14:32:13,3.2,--,12045,3854400,卖盘
326,14:32:08,3.2,--,442,141440,卖盘
327,14:31:58,3.2,--,62,19840,卖盘
328,14:31:53,3.2,--,7,2240,卖盘
329,14:31:48,3.2,--,56,17920,卖盘
330,14:31:43,3.2,--,363,116160,卖盘
331,14:31:38,3.2,-0.01,153,48960,卖盘
332,14:31:33,3.21,0.01,214,68694,买盘
333,14:31:28,3.2,--,91,29120,卖盘
334,14:31:23,3.2,-0.01,26,8320,卖盘
335,14:31:18,3.21,--,49,15729,买盘
336,14:31:13,3.21,0.01,51,16371,买盘
337,14:31:08,3.2,--,58,18560,卖盘
338,14:31:03,3.2,-0.01,13,4160,卖盘
339,14:30:58,3.21,0.01,557,178797,买盘
340,14:30:53,3.2,--,255,81600,卖盘
341,14:30:48,3.2,--,128,40960,卖盘
342,14:30:43,3.2,--,447,143040,卖盘
343,14:30:38,3.2,--,140,44800,卖盘
344,14:30:28,3.2,-0.01,85,27200,卖盘
345,14:30:23,3.21,0.01,351,112671,买盘
346,14:30:17,3.2,-0.01,178,56960,卖盘
347,14:30:13,3.21,0.01,690,221490,买盘
348,14:30:08,3.2,--,262,83840,卖盘
349,14:30:02,3.2,--,1,320,卖盘
350,14:29:58,3.2,-0.01,20,6400,卖盘
351,14:29:53,3.21,0.01,36,11556,买盘
352,14:29:47,3.2,-0.01,1053,336960,卖盘
353,14:29:38,3.21,0.01,211,67731,买盘
354,14:29:32,3.2,--,309,98880,卖盘
355,14:29:28,3.2,-0.01,200,64000,卖盘
356,14:29:23,3.21,--,382,122622,买盘
357,14:29:17,3.21,0.01,1685,540885,买盘
358,14:29:13,3.2,-0.01,30,9600,卖盘
359,14:29:08,3.21,--,158,50718,买盘
360,14:29:02,3.21,0.01,10411,3341931,买盘
361,14:28:58,3.2,-0.01,134,42880,卖盘
362,14:28:53,3.21,0.01,2010,645210,买盘
363,14:28:47,3.2,-0.01,18,5760,卖盘
364,14:28:43,3.21,0.01,2040,654840,买盘
365,14:28:38,3.2,-0.01,2869,918080,卖盘
366,14:28:32,3.21,--,10176,3266496,买盘
367,14:28:28,3.21,--,286,91806,买盘
368,14:28:23,3.21,--,149,47829,买盘
369,14:28:17,3.21,0.01,10272,3297312,买盘
370,14:28:13,3.2,--,80,25600,卖盘
371,14:28:08,3.2,--,5,1600,卖盘
372,14:28:02,3.2,--,85,27200,卖盘
373,14:27:58,3.2,-0.01,1,320,卖盘
374,14:27:53,3.21,0.01,1086,348606,买盘
375,14:27:47,3.2,--,55,17600,卖盘
376,14:27:43,3.2,--,31,9920,卖盘
377,14:27:38,3.2,--,168,53760,卖盘
378,14:27:32,3.2,-0.01,122,39040,卖盘
379,14:27:28,3.21,--,40,12840,买盘
380,14:27:23,3.21,0.01,10051,3226371,买盘
381,14:27:17,3.2,--,177,56640,卖盘
382,14:27:13,3.2,--,90,28800,卖盘
383,14:27:08,3.2,-0.01,163,52160,卖盘
384,14:27:02,3.21,0.01,243,78003,买盘
385,14:26:58,3.2,--,1,320,卖盘
386,14:26:53,3.2,--,3141,1005120,卖盘
387,14:26:47,3.2,--,724,231680,卖盘
388,14:26:43,3.2,-0.01,185,59200,卖盘
389,14:26:38,3.21,--,105,33705,买盘
390,14:26:32,3.21,0.01,501,160821,买盘
391,14:26:27,3.2,-0.01,10,3200,卖盘
392,14:26:22,3.21,0.01,50,16050,买盘
393,14:26:17,3.2,-0.01,5342,1709440,卖盘
394,14:26:12,3.21,0.01,30,9630,买盘
395,14:26:07,3.2,-0.01,604,193280,卖盘
396,14:26:02,3.21,--,113,36273,买盘
397,14:25:47,3.21,--,240,77040,买盘
398,14:25:42,3.21,0.01,137,43977,买盘
399,14:25:37,3.2,--,82,26240,卖盘
400,14:25:32,3.2,--,284,90880,卖盘
401,14:25:27,3.2,--,1,320,卖盘
402,14:25:22,3.2,-0.01,106,33920,卖盘
403,14:25:17,3.21,--,5287,1697127,买盘
404,14:25:12,3.21,0.01,34,10914,买盘
405,14:25:07,3.2,--,20,6400,卖盘
406,14:25:02,3.2,--,1022,327040,卖盘
407,14:24:57,3.2,--,317,101440,卖盘
408,14:24:52,3.2,--,2,640,卖盘
409,14:24:47,3.2,--,5406,1729920,卖盘
410,14:24:42,3.2,-0.01,227,72640,卖盘
411,14:24:37,3.21,0.01,4229,1357509,买盘
412,14:24:32,3.2,-0.01,543,173760,卖盘
413,14:24:27,3.21,--,208,66768,买盘
414,14:24:22,3.21,--,665,213465,买盘
415,14:24:17,3.21,0.01,251,80571,买盘
416,14:24:12,3.2,--,59,18880,卖盘
417,14:24:07,3.2,--,719,230080,卖盘
418,14:24:02,3.2,--,23,7360,卖盘
419,14:23:57,3.2,--,13,4160,卖盘
420,14:23:52,3.2,--,26,8320,卖盘
421,14:23:47,3.2,--,546,174720,卖盘
422,14:23:42,3.2,--,28,8960,卖盘
423,14:23:37,3.2,--,23,7360,卖盘
424,14:23:32,3.2,--,129,41280,卖盘
425,14:23:22,3.2,-0.01,117,37440,卖盘
426,14:23:17,3.21,0.01,451,144771,买盘
427,14:23:11,3.2,--,87,27840,卖盘
428,14:23:02,3.2,--,42,13440,卖盘
429,14:22:56,3.2,--,3,960,卖盘
430,14:22:52,3.2,-0.01,113,36160,卖盘
431,14:22:47,3.21,0.01,6,1926,买盘
432,14:22:41,3.2,-0.01,322,103040,卖盘
433,14:22:37,3.21,0.01,79,25359,买盘
434,14:22:32,3.2,--,82,26240,卖盘
435,14:22:26,3.2,--,40,12800,卖盘
436,14:22:22,3.2,-0.01,1,320,卖盘
437,14:22:17,3.21,0.01,112,35952,买盘
438,14:22:11,3.2,--,312,99840,卖盘
439,14:22:07,3.2,--,232,74240,卖盘
440,14:22:02,3.2,--,120,38400,卖盘
441,14:21:56,3.2,--,39,12480,卖盘
442,14:21:47,3.2,--,108,34560,卖盘
443,14:21:41,3.2,-0.01,44,14080,卖盘
444,14:21:37,3.21,0.01,1131,363051,买盘
445,14:21:32,3.2,--,86,27520,卖盘
446,14:21:26,3.2,-0.01,90,28800,卖盘
447,14:21:22,3.21,0.01,40,12840,买盘
448,14:21:16,3.2,--,5151,1648582,卖盘
449,14:21:11,3.2,--,84,26880,卖盘
450,14:21:07,3.2,--,761,243520,卖盘
451,14:21:02,3.2,--,22,7040,卖盘
452,14:20:56,3.2,0.01,29915,9572800,买盘
453,14:20:52,3.19,--,63,20097,卖盘
454,14:20:47,3.19,-0.01,201,64119,卖盘
455,14:20:41,3.2,--,29,9280,买盘
456,14:20:31,3.2,0.01,79,25280,买盘
457,14:20:26,3.19,--,51,16269,卖盘
458,14:20:22,3.19,-0.01,7,2233,卖盘
459,14:20:17,3.2,--,1722,551040,买盘
460,14:20:11,3.2,0.01,30,9600,买盘
461,14:20:07,3.19,--,11,3509,卖盘
462,14:20:02,3.19,--,50014,15954466,卖盘
463,14:19:56,3.19,--,157,50083,卖盘
464,14:19:51,3.19,--,56,17864,卖盘
465,14:19:46,3.19,--,283,90277,卖盘
466,14:19:41,3.19,-0.01,2,638,卖盘
467,14:19:36,3.2,--,155,49600,买盘
468,14:19:31,3.2,0.01,31,9920,买盘
469,14:19:26,3.19,--,723,230637,卖盘
470,14:19:21,3.19,-0.01,1,319,卖盘
471,14:19:16,3.2,--,42,13440,买盘
472,14:19:11,3.2,--,61,19520,买盘
473,14:19:06,3.2,0.01,140,44800,买盘
474,14:19:01,3.19,-0.01,502,160138,卖盘
475,14:18:56,3.2,0.01,2,640,买盘
476,14:18:51,3.19,--,56,17864,卖盘
477,14:18:46,3.19,--,10,3190,卖盘
478,14:18:41,3.19,--,230,73370,卖盘
479,14:18:36,3.19,-0.01,4,1276,卖盘
480,14:18:31,3.2,0.01,91,29120,买盘
481,14:18:26,3.19,-0.01,16,5104,卖盘
482,14:18:21,3.2,--,9032,2890240,买盘
483,14:18:16,3.2,--,40,12800,买盘
484,14:18:11,3.2,0.01,87,27840,买盘
485,14:18:06,3.19,--,8,2552,卖盘
486,14:18:01,3.19,-0.01,78,24882,卖盘
487,14:17:56,3.2,0.01,338,108160,买盘
488,14:17:51,3.19,-0.01,57,18183,卖盘
489,14:17:46,3.2,0.01,54,17280,买盘
490,14:17:41,3.19,-0.01,94,29986,卖盘
491,14:17:36,3.2,--,191,61120,买盘
492,14:17:31,3.2,0.01,969,310080,买盘
493,14:17:26,3.19,--,351,111969,卖盘
494,14:17:21,3.19,--,40,12760,卖盘
495,14:17:16,3.19,-0.01,203,64757,卖盘
496,14:17:11,3.2,0.01,72,23040,买盘
497,14:17:06,3.19,--,65,20735,卖盘
498,14:17:01,3.19,--,18,5742,卖盘
499,14:16:56,3.19,-0.01,63,20097,卖盘
500,14:16:51,3.2,0.01,12,3840,买盘
501,14:16:46,3.19,-0.01,60,19140,卖盘
502,14:16:41,3.2,0.01,176,56320,买盘
503,14:16:36,3.19,-0.01,88,28072,卖盘
504,14:16:31,3.2,0.01,1073,343360,买盘
505,14:16:26,3.19,--,6,1914,卖盘
506,14:16:21,3.19,-0.01,105,33495,卖盘
507,14:16:16,3.2,--,41,13120,买盘
508,14:16:11,3.2,0.01,192,61440,买盘
509,14:16:06,3.19,--,302,96338,卖盘
510,14:16:01,3.19,-0.01,497,158543,卖盘
511,14:15:56,3.2,0.01,41,13120,买盘
512,14:15:51,3.19,-0.01,56,17864,卖盘
513,14:15:46,3.2,--,59,18880,买盘
514,14:15:41,3.2,0.01,933,298560,买盘
515,14:15:36,3.19,--,103,32857,卖盘
516,14:15:31,3.19,--,42,13398,卖盘
517,14:15:26,3.19,-0.01,190,60610,卖盘
518,14:15:21,3.2,--,84,26880,买盘
519,14:15:16,3.2,--,373,119360,买盘
520,14:15:11,3.2,0.01,262,83840,买盘
521,14:15:06,3.19,-0.01,1,319,卖盘
522,14:15:01,3.2,0.01,57,18240,买盘
523,14:14:56,3.19,-0.01,177,56463,卖盘
524,14:14:50,3.2,0.01,55,17600,买盘
525,14:14:46,3.19,-0.01,5,1595,卖盘
526,14:14:41,3.2,--,150,48000,买盘
527,14:14:35,3.2,--,259,82880,买盘
528,14:14:31,3.2,0.01,58,18560,买盘
529,14:14:26,3.19,-0.01,50,15950,卖盘
530,14:14:20,3.2,0.01,142,45440,买盘
531,14:14:16,3.19,--,64,20416,卖盘
532,14:14:11,3.19,-0.01,1142,364298,卖盘
533,14:14:05,3.2,0.01,291,93120,买盘
534,14:14:01,3.19,--,26,8294,卖盘
535,14:13:55,3.19,--,61,19459,卖盘
536,14:13:50,3.19,-0.01,7,2233,卖盘
537,14:13:46,3.2,--,55,17600,买盘
538,14:13:40,3.2,--,241,77120,买盘
539,14:13:35,3.2,0.01,145,46400,买盘
540,14:13:25,3.19,--,60,19140,卖盘
541,14:13:20,3.19,-0.01,5190,1655610,卖盘
542,14:13:16,3.2,0.01,14,4480,买盘
543,14:13:10,3.19,--,369,117711,卖盘
544,14:13:05,3.19,-0.01,2526,805794,卖盘
545,14:13:00,3.2,--,3,960,买盘
546,14:12:55,3.2,--,72,23040,买盘
547,14:12:50,3.2,0.01,259,82880,买盘
548,14:12:40,3.19,-0.01,355,113245,卖盘
549,14:12:35,3.2,0.01,106,33920,买盘
550,14:12:31,3.19,-0.01,28,8932,卖盘
551,14:12:25,3.2,--,223,71360,买盘
552,14:12:20,3.2,--,133,42560,买盘
553,14:12:15,3.2,0.01,39,12480,买盘
554,14:12:10,3.19,-0.01,73,23287,卖盘
555,14:12:05,3.2,--,311,99520,买盘
556,14:11:55,3.2,--,57,18240,买盘
557,14:11:50,3.2,--,147,47040,买盘
558,14:11:45,3.2,--,123,39360,买盘
559,14:11:35,3.2,0.01,472,151040,买盘
560,14:11:30,3.19,-0.01,2553,814407,卖盘
561,14:11:25,3.2,--,175,56000,买盘
562,14:11:20,3.2,0.01,63,20160,买盘
563,14:11:15,3.19,--,56,17864,卖盘
564,14:11:10,3.19,-0.01,234,74646,卖盘
565,14:11:05,3.2,--,351,112320,买盘
566,14:11:00,3.2,--,182,58240,买盘
567,14:10:55,3.2,--,660,211200,买盘
568,14:10:50,3.2,0.01,1891,605120,买盘
569,14:10:45,3.19,--,5146,1641574,卖盘
570,14:10:40,3.19,-0.01,653,208307,卖盘
571,14:10:35,3.2,0.01,1279,409280,买盘
572,14:10:30,3.19,-0.01,230,73370,卖盘
573,14:10:25,3.2,--,454,145280,买盘
574,14:10:20,3.2,--,789,252480,买盘
575,14:10:15,3.2,0.01,61,19520,买盘
576,14:10:10,3.19,--,185,59015,卖盘
577,14:10:05,3.19,-0.01,593,189167,卖盘
578,14:10:00,3.2,0.01,11,3520,买盘
579,14:09:55,3.19,--,66,21054,卖盘
580,14:09:50,3.19,-0.01,2421,772299,卖盘
581,14:09:45,3.2,0.01,65,20800,买盘
582,14:09:40,3.19,--,484,154396,卖盘
583,14:09:35,3.19,--,422,134618,卖盘
584,14:09:30,3.19,--,40,12760,卖盘
585,14:09:25,3.19,-0.01,396,126324,卖盘
586,14:09:20,3.2,0.01,87,27840,买盘
587,14:09:15,3.19,--,207,66033,卖盘
588,14:09:10,3.19,--,150,47850,卖盘
589,14:09:05,3.19,--,241,76879,卖盘
590,14:08:55,3.19,--,1087,346753,卖盘
591,14:08:50,3.19,--,63,20097,卖盘
592,14:08:45,3.19,--,1,319,卖盘
593,14:08:40,3.19,--,94,29986,卖盘
594,14:08:35,3.19,-0.01,371,118349,卖盘
595,14:08:30,3.2,0.01,54,17280,买盘
596,14:08:25,3.19,--,51,16269,卖盘
597,14:08:20,3.19,-0.01,65,20735,卖盘
598,14:08:15,3.2,0.01,82,26240,买盘
599,14:08:10,3.19,-0.01,584,186296,卖盘
600,14:08:05,3.2,--,646,206720,买盘
601,14:08:00,3.2,--,71,22720,买盘
602,14:07:55,3.2,0.01,15,4800,买盘
603,14:07:50,3.19,--,837,267003,卖盘
604,14:07:45,3.19,--,3432,1094808,卖盘
605,14:07:40,3.19,--,58,18502,卖盘
606,14:07:35,3.19,--,337,107503,卖盘
607,14:07:30,3.19,-0.01,16,5104,卖盘
608,14:07:25,3.2,0.01,2471,790720,买盘
609,14:07:20,3.19,--,43,13717,卖盘
610,14:07:15,3.19,--,39,12441,卖盘
611,14:07:10,3.19,-0.01,164,52316,卖盘
612,14:07:05,3.2,0.01,286,91520,买盘
613,14:07:00,3.19,--,200,63800,卖盘
614,14:06:55,3.19,--,162,51678,卖盘
615,14:06:50,3.19,--,56,17864,卖盘
616,14:06:45,3.19,--,387,123453,卖盘
617,14:06:40,3.19,-0.01,60,19140,卖盘
618,14:06:35,3.2,0.01,1236,395520,买盘
619,14:06:25,3.19,-0.01,19,6061,卖盘
620,14:06:20,3.2,0.01,5177,1656640,买盘
621,14:06:15,3.19,-0.01,192,61248,卖盘
622,14:06:10,3.2,0.01,1,320,买盘
623,14:06:05,3.19,-0.01,288,91872,卖盘
624,14:05:59,3.2,0.01,50,16000,买盘
625,14:05:55,3.19,-0.01,51,16269,卖盘
626,14:05:50,3.2,0.01,288,92160,买盘
627,14:05:44,3.19,--,2453,782507,卖盘
628,14:05:40,3.19,--,14,4466,卖盘
629,14:05:35,3.19,-0.01,381,121539,卖盘
630,14:05:29,3.2,--,54,17280,买盘
631,14:05:25,3.2,0.01,38,12160,买盘
632,14:05:20,3.19,-0.01,11,3509,卖盘
633,14:05:14,3.2,0.01,82,26240,买盘
634,14:05:10,3.19,-0.01,190,60610,卖盘
635,14:05:04,3.2,--,132,42240,买盘
636,14:04:59,3.2,--,350,112000,买盘
637,14:04:49,3.2,--,215,68800,买盘
638,14:04:44,3.2,0.01,79,25280,买盘
639,14:04:34,3.19,-0.01,286,91234,卖盘
640,14:04:29,3.2,0.01,391,125120,买盘
641,14:04:24,3.19,-0.01,45,14355,卖盘
642,14:04:19,3.2,--,16,5120,买盘
643,14:04:14,3.2,0.01,83,26560,买盘
644,14:04:09,3.19,--,36,11484,卖盘
645,14:04:04,3.19,--,431,137489,卖盘
646,14:03:59,3.19,--,79,25201,卖盘
647,14:03:54,3.19,--,100,31900,卖盘
648,14:03:49,3.19,-0.01,96,30624,卖盘
649,14:03:44,3.2,0.01,1088,348160,买盘
650,14:03:39,3.19,--,41,13079,卖盘
651,14:03:34,3.19,--,115,36685,卖盘
652,14:03:29,3.19,-0.01,82,26158,卖盘
653,14:03:19,3.2,--,117,37440,买盘
654,14:03:14,3.2,0.01,129,41280,买盘
655,14:03:09,3.19,--,29,9251,卖盘
656,14:03:04,3.19,-0.01,40,12760,卖盘
657,14:02:59,3.2,--,91,29120,买盘
658,14:02:49,3.2,0.01,88,28160,买盘
659,14:02:44,3.19,--,70,22330,卖盘
660,14:02:39,3.19,-0.01,2,638,卖盘
661,14:02:34,3.2,--,17,5440,买盘
662,14:02:29,3.2,0.01,662,211840,买盘
663,14:02:24,3.19,--,54,17226,卖盘
664,14:02:19,3.19,-0.01,10061,3209459,卖盘
665,14:02:14,3.2,0.01,702,224640,买盘
666,14:02:09,3.19,--,82,26158,卖盘
667,14:02:04,3.19,-0.01,5064,1615416,卖盘
668,14:01:59,3.2,0.01,197,63040,买盘
669,14:01:54,3.19,--,25,7975,卖盘
670,14:01:49,3.19,-0.01,222,70818,卖盘
671,14:01:44,3.2,--,382,122240,买盘
672,14:01:39,3.2,0.01,37,11840,买盘
673,14:01:34,3.19,--,70,22330,卖盘
674,14:01:29,3.19,--,16,5104,卖盘
675,14:01:24,3.19,--,1,319,卖盘
676,14:01:19,3.19,-0.01,83,26477,卖盘
677,14:01:14,3.2,--,198,63360,买盘
678,14:01:04,3.2,--,47,15040,买盘
679,14:00:59,3.2,--,188,60160,买盘
680,14:00:54,3.2,0.01,38,12160,买盘
681,14:00:49,3.19,-0.01,456,145464,卖盘
682,14:00:44,3.2,--,217,69440,买盘
683,14:00:34,3.2,0.01,116,37120,买盘
684,14:00:29,3.19,-0.01,106,33814,卖盘
685,14:00:19,3.2,0.01,393,125760,买盘
686,14:00:14,3.19,--,256,81664,卖盘
687,14:00:09,3.19,--,92,29348,卖盘
688,14:00:04,3.19,--,57,18183,卖盘
689,13:59:59,3.19,--,174,55506,卖盘
690,13:59:54,3.19,--,151,48169,卖盘
691,13:59:49,3.19,--,1053,335907,卖盘
692,13:59:44,3.19,--,2071,660649,卖盘
693,13:59:34,3.19,-0.01,57,18183,卖盘
694,13:59:29,3.2,0.01,196,62720,买盘
695,13:59:24,3.19,--,101,32219,卖盘
696,13:59:19,3.19,--,95,30305,卖盘
697,13:59:14,3.19,--,139,44341,卖盘
698,13:59:09,3.19,--,1,319,卖盘
699,13:59:04,3.19,-0.01,105,33495,卖盘
700,13:58:59,3.2,0.01,163,52160,买盘
701,13:58:54,3.19,--,40,12760,卖盘
702,13:58:49,3.19,-0.01,57,18183,卖盘
703,13:58:44,3.2,--,156,49920,买盘
704,13:58:39,3.2,0.01,1,320,买盘
705,13:58:34,3.19,-0.01,398,126962,卖盘
706,13:58:29,3.2,0.01,221,70720,买盘
707,13:58:24,3.19,-0.01,71,22649,卖盘
708,13:58:19,3.2,--,54,17280,买盘
709,13:58:14,3.2,0.01,776,248320,买盘
710,13:58:09,3.19,--,2021,644699,卖盘
711,13:58:04,3.19,-0.01,125,39875,卖盘
712,13:57:58,3.2,0.01,129,41280,买盘
713,13:57:54,3.19,-0.01,3,957,卖盘
714,13:57:49,3.2,--,378,120960,买盘
715,13:57:44,3.2,0.01,195,62400,买盘
716,13:57:38,3.19,-0.01,217,69223,卖盘
717,13:57:33,3.2,0.01,250,80000,买盘
718,13:57:28,3.19,-0.01,233,74327,卖盘
719,13:57:23,3.2,0.01,178,56960,买盘
720,13:57:13,3.19,-0.01,384,122496,卖盘
721,13:57:08,3.2,--,160,51200,买盘
722,13:56:58,3.2,0.01,77,24640,买盘
723,13:56:53,3.19,--,106,33814,卖盘
724,13:56:48,3.19,--,1,319,卖盘
725,13:56:43,3.19,--,251,80069,卖盘
726,13:56:38,3.19,--,329,104951,卖盘
727,13:56:33,3.19,-0.01,147,46893,卖盘
728,13:56:28,3.2,0.01,62,19840,买盘
729,13:56:22,3.19,-0.01,1,319,卖盘
730,13:56:18,3.2,0.01,58,18560,买盘
731,13:56:13,3.19,--,95,30305,卖盘
732,13:56:07,3.19,--,337,107503,卖盘
733,13:56:03,3.19,--,1,319,卖盘
734,13:55:58,3.19,--,120,38280,卖盘
735,13:55:53,3.19,-0.01,206,65714,卖盘
736,13:55:48,3.2,--,50,16000,买盘
737,13:55:43,3.2,--,144,46080,买盘
738,13:55:37,3.2,--,496,158720,买盘
739,13:55:33,3.2,0.01,54,17280,买盘
740,13:55:28,3.19,-0.01,30,9570,卖盘
741,13:55:22,3.2,--,164,52480,买盘
742,13:55:18,3.2,0.01,17,5440,买盘
743,13:55:07,3.19,--,373,118987,卖盘
744,13:55:03,3.19,-0.01,150,47850,卖盘
745,13:54:58,3.2,0.01,96,30720,买盘
746,13:54:52,3.19,-0.01,260,82940,卖盘
747,13:54:43,3.2,0.01,624,199680,买盘
748,13:54:37,3.19,--,94,29986,卖盘
749,13:54:32,3.19,--,1,319,卖盘
750,13:54:28,3.19,--,303,96657,卖盘
751,13:54:22,3.19,-0.01,56,17864,卖盘
752,13:54:18,3.2,0.01,542,173440,买盘
753,13:54:13,3.19,-0.01,208,66352,卖盘
754,13:54:07,3.2,--,255,81600,买盘
755,13:54:03,3.2,0.01,15,4800,买盘
756,13:53:58,3.19,-0.01,100,31900,卖盘
757,13:53:52,3.2,--,428,136960,买盘
758,13:53:48,3.2,0.01,79,25280,买盘
759,13:53:43,3.19,-0.01,249,79431,卖盘
760,13:53:37,3.2,--,357,114240,买盘
761,13:53:33,3.2,--,137,43840,买盘
762,13:53:28,3.2,--,93,29760,买盘
763,13:53:22,3.2,--,252,80640,买盘
764,13:53:18,3.2,0.01,59,18880,买盘
765,13:53:13,3.19,--,25,7975,卖盘
766,13:53:07,3.19,--,73,23287,卖盘
767,13:53:03,3.19,-0.01,28,8932,卖盘
768,13:52:58,3.2,0.01,53,16960,买盘
769,13:52:52,3.19,-0.01,361,115159,卖盘
770,13:52:47,3.2,--,17,5440,买盘
771,13:52:43,3.2,--,137,43840,买盘
772,13:52:37,3.2,0.01,164,52480,买盘
773,13:52:32,3.19,--,10440,3330360,卖盘
774,13:52:28,3.19,--,5536,1765984,卖盘
775,13:52:22,3.19,--,346,110374,卖盘
776,13:52:17,3.19,-0.01,246,78474,卖盘
777,13:52:13,3.2,0.01,550,176000,买盘
778,13:52:07,3.19,--,776,247544,卖盘
779,13:52:02,3.19,-0.01,59,18821,卖盘
780,13:51:58,3.2,0.01,108,34560,买盘
781,13:51:52,3.19,-0.01,10167,3243273,卖盘
782,13:51:47,3.2,0.01,46,14720,买盘
783,13:51:43,3.19,--,380,121220,卖盘
784,13:51:37,3.19,--,666,212454,卖盘
785,13:51:32,3.19,-0.01,2,638,卖盘
786,13:51:28,3.2,--,61,19520,买盘
787,13:51:22,3.2,--,516,165120,买盘
788,13:51:17,3.2,--,254,81280,买盘
789,13:51:12,3.2,--,427,136640,买盘
790,13:51:07,3.2,0.01,388,124160,买盘
791,13:51:02,3.19,--,3,957,卖盘
792,13:50:58,3.19,--,54,17226,卖盘
793,13:50:52,3.19,-0.01,957,305283,卖盘
794,13:50:47,3.2,--,63,20160,买盘
795,13:50:42,3.2,--,555,177600,买盘
796,13:50:37,3.2,--,355,113600,买盘
797,13:50:32,3.2,--,1154,369280,买盘
798,13:50:26,3.2,--,325,104000,买盘
799,13:50:22,3.2,--,74,23680,买盘
800,13:50:16,3.2,--,49,15680,买盘
801,13:50:11,3.2,--,265,84800,买盘
802,13:50:07,3.2,--,193,61760,买盘
803,13:50:01,3.2,--,641,205120,买盘
804,13:49:56,3.2,--,133,42560,买盘
805,13:49:52,3.2,--,274,87680,买盘
806,13:49:46,3.2,--,110,35200,买盘
807,13:49:41,3.2,--,173,55360,买盘
808,13:49:37,3.2,0.01,120,38400,买盘
809,13:49:31,3.19,-0.01,706,225214,卖盘
810,13:49:26,3.2,0.01,74,23680,买盘
811,13:49:22,3.19,--,179,57101,卖盘
812,13:49:16,3.19,-0.01,98,31262,卖盘
813,13:49:11,3.2,--,531,169920,买盘
814,13:49:07,3.2,0.01,162,51840,买盘
815,13:49:01,3.19,--,57,18183,卖盘
816,13:48:56,3.19,-0.01,194,61886,卖盘
817,13:48:52,3.2,0.01,64,20480,买盘
818,13:48:46,3.19,--,115,36685,卖盘
819,13:48:41,3.19,--,159,50721,卖盘
820,13:48:37,3.19,-0.01,101,32219,卖盘
821,13:48:31,3.2,--,171,54720,买盘
822,13:48:26,3.2,--,60,19200,买盘
823,13:48:22,3.2,--,200,64000,买盘
824,13:48:16,3.2,0.01,1330,425600,买盘
825,13:48:11,3.19,-0.01,515,164285,卖盘
826,13:48:07,3.2,--,466,149120,买盘
827,13:48:01,3.2,--,575,184000,买盘
828,13:47:56,3.2,--,51,16320,买盘
829,13:47:52,3.2,0.01,206,65920,买盘
830,13:47:46,3.19,-0.01,149,47531,卖盘
831,13:47:41,3.2,0.01,117,37440,买盘
832,13:47:37,3.19,-0.01,1,319,卖盘
833,13:47:31,3.2,--,89,28480,买盘
834,13:47:26,3.2,0.01,60,19200,买盘
835,13:47:22,3.19,-0.01,1,319,卖盘
836,13:47:16,3.2,0.01,105,33600,买盘
837,13:47:11,3.19,-0.01,34,10846,卖盘
838,13:47:07,3.2,--,3,960,买盘
839,13:47:01,3.2,0.01,61,19520,买盘
840,13:46:56,3.19,--,51,16269,卖盘
841,13:46:52,3.19,-0.01,76,24244,卖盘
842,13:46:46,3.2,--,508,162560,买盘
843,13:46:37,3.2,0.01,42,13440,买盘
844,13:46:31,3.19,-0.01,189,60291,卖盘
845,13:46:26,3.2,--,50,16000,买盘
846,13:46:22,3.2,--,98,31360,买盘
847,13:46:16,3.2,--,419,134080,买盘
848,13:46:11,3.2,--,382,122240,买盘
849,13:46:07,3.2,0.01,2084,666880,买盘
850,13:46:01,3.19,-0.01,95,30305,卖盘
851,13:45:56,3.2,0.01,20,6400,买盘
852,13:45:52,3.19,--,66,21054,卖盘
853,13:45:46,3.19,--,163,51997,卖盘
854,13:45:41,3.19,-0.01,58,18502,卖盘
855,13:45:37,3.2,--,397,127040,买盘
856,13:45:31,3.2,0.01,3,960,买盘
857,13:45:26,3.19,-0.01,24,7656,卖盘
858,13:45:22,3.2,--,174,55680,买盘
859,13:45:16,3.2,--,241,77120,买盘
860,13:45:11,3.2,0.01,521,166720,买盘
861,13:45:07,3.19,-0.01,265,84535,卖盘
862,13:45:01,3.2,--,499,159680,买盘
863,13:44:56,3.2,--,419,134080,买盘
864,13:44:52,3.2,--,21,6720,买盘
865,13:44:46,3.2,0.01,479,153280,买盘
866,13:44:41,3.19,--,288,91872,卖盘
867,13:44:37,3.19,-0.01,424,135256,卖盘
868,13:44:31,3.2,--,720,230400,买盘
869,13:44:26,3.2,0.01,150,48000,买盘
870,13:44:21,3.19,-0.01,483,154077,卖盘
871,13:44:16,3.2,--,292,93440,买盘
872,13:44:11,3.2,--,191,61120,买盘
873,13:44:07,3.2,0.01,422,135040,买盘
874,13:44:01,3.19,--,2892,922548,卖盘
875,13:43:56,3.19,-0.01,1,319,卖盘
876,13:43:51,3.2,--,5374,1719680,买盘
877,13:43:46,3.2,--,542,173440,买盘
878,13:43:41,3.2,--,367,117440,买盘
879,13:43:36,3.2,--,966,309120,买盘
880,13:43:31,3.2,--,331,105920,买盘
881,13:43:21,3.2,0.01,19,6080,买盘
882,13:43:16,3.19,--,170,54230,卖盘
883,13:43:11,3.19,--,22,7018,卖盘
884,13:43:06,3.19,--,871,277849,卖盘
885,13:43:01,3.19,-0.01,353,112607,卖盘
886,13:42:55,3.2,--,10,3200,买盘
887,13:42:50,3.2,--,62,19840,买盘
888,13:42:46,3.2,0.01,410,131200,买盘
889,13:42:40,3.19,--,26,8294,卖盘
890,13:42:35,3.19,-0.01,2,638,卖盘
891,13:42:31,3.2,--,22,7040,买盘
892,13:42:25,3.2,0.01,16,5120,买盘
893,13:42:16,3.19,-0.01,69,22011,卖盘
894,13:42:10,3.2,0.01,10,3200,买盘
895,13:42:05,3.19,-0.01,16,5104,卖盘
896,13:42:01,3.2,0.01,240,76800,买盘
897,13:41:55,3.19,--,203,64757,卖盘
898,13:41:50,3.19,-0.01,3,957,卖盘
899,13:41:46,3.2,0.01,54,17280,买盘
900,13:41:40,3.19,--,81,25839,卖盘
901,13:41:35,3.19,-0.01,22,7018,卖盘
902,13:41:31,3.2,--,69,22080,买盘
903,13:41:20,3.2,--,14,4480,买盘
904,13:41:16,3.2,0.01,25,8000,买盘
905,13:41:10,3.19,--,91,29029,卖盘
906,13:41:01,3.19,--,256,81664,卖盘
907,13:40:55,3.19,--,71,22649,卖盘
908,13:40:50,3.19,--,245,78155,卖盘
909,13:40:46,3.19,-0.01,163,51997,卖盘
910,13:40:40,3.2,--,50,16000,买盘
911,13:40:35,3.2,0.01,17,5440,买盘
912,13:40:31,3.19,--,96,30624,卖盘
913,13:40:25,3.19,--,18,5742,卖盘
914,13:40:20,3.19,--,3,957,卖盘
915,13:40:16,3.19,-0.01,59,18821,卖盘
916,13:40:10,3.2,0.01,1299,415680,买盘
917,13:40:05,3.19,-0.01,38,12122,卖盘
918,13:40:01,3.2,0.01,583,186560,买盘
919,13:39:55,3.19,-0.01,16,5104,卖盘
920,13:39:50,3.2,--,204,65280,买盘
921,13:39:46,3.2,--,12,3840,买盘
922,13:39:40,3.2,0.01,39,12480,买盘
923,13:39:31,3.19,--,220,70180,卖盘
924,13:39:25,3.19,-0.01,51,16269,卖盘
925,13:39:20,3.2,0.01,5,1600,买盘
926,13:39:16,3.19,-0.01,1117,356323,卖盘
927,13:39:10,3.2,0.01,1380,441600,买盘
928,13:39:05,3.19,--,1,319,卖盘
929,13:39:01,3.19,-0.01,910,290290,卖盘
930,13:38:55,3.2,0.01,214,68480,买盘
931,13:38:50,3.19,--,57,18183,卖盘
932,13:38:45,3.19,--,59,18821,卖盘
933,13:38:40,3.19,-0.01,755,240845,卖盘
934,13:38:35,3.2,0.01,410,131200,买盘
935,13:38:31,3.19,--,161,51359,卖盘
936,13:38:25,3.19,--,152,48488,卖盘
937,13:38:20,3.19,--,6,1914,卖盘
938,13:38:15,3.19,-0.01,200,63800,卖盘
939,13:38:10,3.2,0.01,98,31360,买盘
940,13:38:05,3.19,-0.01,6,1914,卖盘
941,13:38:00,3.2,--,255,81600,买盘
942,13:37:55,3.2,--,198,63360,买盘
943,13:37:50,3.2,--,14,4480,买盘
944,13:37:40,3.2,0.01,329,105280,买盘
945,13:37:30,3.19,--,16,5104,卖盘
946,13:37:25,3.19,--,123,39237,卖盘
947,13:37:15,3.19,--,67,21373,卖盘
948,13:37:10,3.19,-0.01,55,17545,卖盘
949,13:37:05,3.2,--,81,25920,买盘
950,13:37:00,3.2,0.01,474,151680,买盘
951,13:36:55,3.19,-0.01,1,319,卖盘
952,13:36:50,3.2,--,1,320,买盘
953,13:36:45,3.2,0.01,18,5760,买盘
954,13:36:40,3.19,--,91,29029,卖盘
955,13:36:30,3.19,--,3,957,卖盘
956,13:36:25,3.19,--,24,7656,卖盘
957,13:36:20,3.19,--,2,638,卖盘
958,13:36:15,3.19,--,1818,579942,卖盘
959,13:36:10,3.19,--,251,80069,卖盘
960,13:36:05,3.19,-0.01,57,18183,卖盘
961,13:35:59,3.2,0.01,240,76800,买盘
962,13:35:55,3.19,--,12,3828,卖盘
963,13:35:50,3.19,--,64,20416,卖盘
964,13:35:40,3.19,--,262,83578,卖盘
965,13:35:35,3.19,--,2,638,卖盘
966,13:35:29,3.19,--,100,31900,卖盘
967,13:35:25,3.19,-0.01,2,638,卖盘
968,13:35:19,3.2,0.01,219,70080,买盘
969,13:35:10,3.19,--,100,31900,卖盘
970,13:35:04,3.19,-0.01,75,23925,卖盘
971,13:34:59,3.2,0.01,249,79680,买盘
972,13:34:55,3.19,--,86,27434,卖盘
973,13:34:49,3.19,-0.01,1,319,卖盘
974,13:34:44,3.2,0.01,208,66560,买盘
975,13:34:40,3.19,--,2,638,卖盘
976,13:34:34,3.19,-0.01,502,160138,卖盘
977,13:34:29,3.2,0.01,406,129920,买盘
978,13:34:25,3.19,--,107,34133,卖盘
979,13:34:19,3.19,-0.01,5,1595,卖盘
980,13:34:10,3.2,0.01,76,24320,买盘
981,13:34:04,3.19,-0.01,408,130152,卖盘
982,13:33:59,3.2,--,200,64000,买盘
983,13:33:55,3.2,--,35,11200,买盘
984,13:33:49,3.2,0.01,66,21120,买盘
985,13:33:44,3.19,--,74,23606,卖盘
986,13:33:34,3.19,-0.01,11,3509,卖盘
987,13:33:29,3.2,0.01,20,6400,买盘
988,13:33:25,3.19,-0.01,3389,1081091,卖盘
989,13:33:19,3.2,0.01,789,252480,买盘
990,13:33:14,3.19,-0.01,1,319,卖盘
991,13:33:10,3.2,0.01,98,31360,买盘
992,13:33:04,3.19,-0.01,5,1595,卖盘
993,13:32:55,3.2,0.01,495,158400,买盘
994,13:32:49,3.19,-0.01,57,18183,卖盘
995,13:32:44,3.2,0.01,101,32320,买盘
996,13:32:40,3.19,-0.01,58,18502,卖盘
997,13:32:34,3.2,0.01,7,2240,买盘
998,13:32:29,3.19,-0.01,10,3190,卖盘
999,13:32:25,3.2,--,34,10880,买盘
1000,13:32:19,3.2,0.01,4,1280,买盘
1001,13:32:14,3.19,--,1,319,卖盘
1002,13:32:10,3.19,--,75,23925,卖盘
1003,13:32:04,3.19,--,199,63481,卖盘
1004,13:31:59,3.19,--,2,638,卖盘
1005,13:31:54,3.19,--,164,52316,卖盘
1006,13:31:49,3.19,-0.01,34,10846,卖盘
1007,13:31:44,3.2,--,32,10240,买盘
1008,13:31:40,3.2,0.01,393,125760,买盘
1009,13:31:34,3.19,--,36,11484,卖盘
1010,13:31:29,3.19,-0.01,134,42746,卖盘
1011,13:31:24,3.2,--,208,66560,买盘
1012,13:31:19,3.2,--,101,32320,买盘
1013,13:31:14,3.2,--,230,73600,买盘
1014,13:31:09,3.2,--,12,3840,买盘
1015,13:31:04,3.2,0.01,199,63680,买盘
1016,13:30:54,3.19,-0.01,5,1595,卖盘
1017,13:30:49,3.2,--,85,27200,买盘
1018,13:30:44,3.2,0.01,100,32000,买盘
1019,13:30:39,3.19,--,1,319,卖盘
1020,13:30:34,3.19,-0.01,3,957,卖盘
1021,13:30:29,3.2,0.01,204,65280,买盘
1022,13:30:24,3.19,--,160,51040,卖盘
1023,13:30:19,3.19,--,10,3190,卖盘
1024,13:30:14,3.19,--,6,1914,卖盘
1025,13:30:09,3.19,--,461,147059,卖盘
1026,13:30:04,3.19,-0.01,67,21373,卖盘
1027,13:29:59,3.2,--,1,320,买盘
1028,13:29:49,3.2,0.01,159,50880,买盘
1029,13:29:44,3.19,--,6,1914,卖盘
1030,13:29:39,3.19,--,2,638,卖盘
1031,13:29:34,3.19,--,10,3190,卖盘
1032,13:29:24,3.19,--,1,319,卖盘
1033,13:29:19,3.19,--,203,64757,卖盘
1034,13:29:14,3.19,--,1,319,卖盘
1035,13:29:09,3.19,-0.01,986,314534,卖盘
1036,13:29:04,3.2,--,8,2560,买盘
1037,13:28:54,3.2,0.01,30,9600,买盘
1038,13:28:49,3.19,-0.01,462,147378,卖盘
1039,13:28:44,3.2,--,59,18880,买盘
1040,13:28:38,3.2,--,217,69440,买盘
1041,13:28:34,3.2,0.01,472,151040,买盘
1042,13:28:29,3.19,-0.01,15,4785,卖盘
1043,13:28:23,3.2,0.01,200,64000,买盘
1044,13:28:19,3.19,--,147,46893,卖盘
1045,13:28:13,3.19,--,33,10527,卖盘
1046,13:28:08,3.19,--,56,17864,卖盘
1047,13:28:04,3.19,--,57,18183,卖盘
1048,13:27:59,3.19,-0.01,665,212135,卖盘
1049,13:27:53,3.2,0.01,202,64640,买盘
1050,13:27:49,3.19,--,217,69223,卖盘
1051,13:27:43,3.19,-0.01,2,638,卖盘
1052,13:27:34,3.2,0.01,18,5760,买盘
1053,13:27:28,3.19,-0.01,504,160776,卖盘
1054,13:27:23,3.2,0.01,135,43200,买盘
1055,13:27:19,3.19,--,28,8932,卖盘
1056,13:27:13,3.19,-0.01,362,115478,卖盘
1057,13:27:08,3.2,--,202,64640,买盘
1058,13:27:04,3.2,--,1106,353920,买盘
1059,13:26:58,3.2,0.01,78,24960,买盘
1060,13:26:53,3.19,--,14,4466,卖盘
1061,13:26:49,3.19,-0.01,102,32538,卖盘
1062,13:26:43,3.2,--,78,24960,买盘
1063,13:26:38,3.2,0.01,12,3840,买盘
1064,13:26:34,3.19,-0.01,130,41470,卖盘
1065,13:26:28,3.2,0.01,707,226240,买盘
1066,13:26:23,3.19,--,34,10846,卖盘
1067,13:26:13,3.19,--,264,84216,卖盘
1068,13:26:04,3.19,--,57,18183,卖盘
1069,13:25:58,3.19,-0.01,1121,357599,卖盘
1070,13:25:53,3.2,0.01,139,44480,买盘
1071,13:25:49,3.19,--,10001,3190319,卖盘
1072,13:25:43,3.19,-0.01,260,82940,卖盘
1073,13:25:33,3.2,0.01,741,237120,买盘
1074,13:25:28,3.19,-0.01,191,60929,卖盘
1075,13:25:23,3.2,--,102,32640,买盘
1076,13:25:18,3.2,--,236,75520,买盘
1077,13:25:13,3.2,--,176,56320,买盘
1078,13:25:08,3.2,--,1156,369920,买盘
1079,13:25:03,3.2,--,225,72000,买盘
1080,13:24:58,3.2,0.01,1315,420800,买盘
1081,13:24:53,3.19,-0.01,1788,570372,卖盘
1082,13:24:48,3.2,--,787,251840,买盘
1083,13:24:43,3.2,--,1208,386560,买盘
1084,13:24:38,3.2,0.01,198,63360,买盘
1085,13:24:33,3.19,-0.01,422,134618,卖盘
1086,13:24:28,3.2,0.01,10198,3263360,买盘
1087,13:24:23,3.19,-0.01,11,3509,卖盘
1088,13:24:18,3.2,0.01,33,10560,买盘
1089,13:24:13,3.19,--,2016,643104,卖盘
1090,13:24:08,3.19,--,66,21054,卖盘
1091,13:24:03,3.19,-0.01,2,638,卖盘
1092,13:23:58,3.2,0.01,122,39040,买盘
1093,13:23:53,3.19,--,43,13717,卖盘
1094,13:23:48,3.19,--,64,20416,卖盘
1095,13:23:43,3.19,--,41,13079,卖盘
1096,13:23:38,3.19,--,5000,1595000,卖盘
1097,13:23:33,3.19,-0.01,11,3509,卖盘
1098,13:23:28,3.2,0.01,131,41920,买盘
1099,13:23:18,3.19,--,5074,1618606,卖盘
1100,13:23:13,3.19,--,3,957,卖盘
1101,13:23:08,3.19,--,56,17864,卖盘
1102,13:23:03,3.19,-0.01,1,319,卖盘
1103,13:22:58,3.2,--,16,5120,买盘
1104,13:22:53,3.2,0.01,10,3200,买盘
1105,13:22:48,3.19,--,60,19140,卖盘
1106,13:22:43,3.19,--,57,18183,卖盘
1107,13:22:33,3.19,--,3,957,卖盘
1108,13:22:28,3.19,--,2,638,卖盘
1109,13:22:23,3.19,--,2,638,卖盘
1110,13:22:18,3.19,--,1,319,卖盘
1111,13:22:13,3.19,--,200,63800,卖盘
1112,13:22:08,3.19,--,59,18821,卖盘
1113,13:22:03,3.19,--,829,264451,卖盘
1114,13:21:58,3.19,--,1,319,卖盘
1115,13:21:47,3.19,-0.01,91,29029,卖盘
1116,13:21:38,3.2,--,231,73920,买盘
1117,13:21:33,3.2,0.01,218,69760,买盘
1118,13:21:28,3.19,--,18,5742,卖盘
1119,13:21:18,3.19,--,44,14036,卖盘
1120,13:21:13,3.19,-0.01,2,638,卖盘
1121,13:21:08,3.2,0.01,233,74560,买盘
1122,13:21:02,3.19,--,1,319,卖盘
1123,13:20:58,3.19,--,2,638,卖盘
1124,13:20:52,3.19,--,68,21692,卖盘
1125,13:20:43,3.19,--,219,69861,卖盘
1126,13:20:37,3.19,--,35,11165,卖盘
1127,13:20:32,3.19,-0.01,200,63800,卖盘
1128,13:20:28,3.2,0.01,8091,2589120,买盘
1129,13:20:22,3.19,--,131,41789,卖盘
1130,13:20:17,3.19,--,2,638,卖盘
1131,13:20:13,3.19,--,1335,425865,卖盘
1132,13:20:07,3.19,--,55,17545,卖盘
1133,13:19:58,3.19,--,562,179278,卖盘
1134,13:19:52,3.19,-0.01,2,638,卖盘
1135,13:19:47,3.2,--,470,150400,买盘
1136,13:19:42,3.2,0.01,150,48000,买盘
1137,13:19:37,3.19,-0.01,596,190124,卖盘
1138,13:19:32,3.2,--,198,63360,买盘
1139,13:19:28,3.2,--,397,127040,买盘
1140,13:19:22,3.2,0.01,1906,609920,买盘
1141,13:19:17,3.19,--,599,191081,卖盘
1142,13:19:12,3.19,-0.01,710,226490,卖盘
1143,13:19:07,3.2,0.01,188,60160,买盘
1144,13:19:02,3.19,--,402,128238,卖盘
1145,13:18:57,3.19,--,396,126324,卖盘
1146,13:18:52,3.19,--,62,19778,卖盘
1147,13:18:47,3.19,-0.01,69,22011,卖盘
1148,13:18:43,3.2,--,22,7040,买盘
1149,13:18:37,3.2,0.01,203,64960,买盘
1150,13:18:27,3.19,--,224,71456,卖盘
1151,13:18:22,3.19,-0.01,404,128876,卖盘
1152,13:18:17,3.2,0.01,112,35840,买盘
1153,13:18:12,3.19,-0.01,3,957,卖盘
1154,13:18:07,3.2,0.01,59,18880,买盘
1155,13:18:02,3.19,--,55,17545,卖盘
1156,13:17:57,3.19,-0.01,651,207669,卖盘
1157,13:17:52,3.2,--,195,62400,买盘
1158,13:17:42,3.2,0.01,26,8320,买盘
1159,13:17:37,3.19,-0.01,4,1276,卖盘
1160,13:17:32,3.2,0.01,13,4160,买盘
1161,13:17:27,3.19,-0.01,1,319,卖盘
1162,13:17:22,3.2,0.01,10,3200,买盘
1163,13:17:12,3.19,-0.01,157,50083,卖盘
1164,13:17:07,3.2,0.01,60,19200,买盘
1165,13:17:02,3.19,--,70,22330,卖盘
1166,13:16:52,3.19,--,121,38599,卖盘
1167,13:16:42,3.19,--,53,16907,卖盘
1168,13:16:37,3.19,-0.01,22,7018,卖盘
1169,13:16:27,3.2,0.01,25051,8016320,买盘
1170,13:16:22,3.19,--,59,18821,卖盘
1171,13:16:12,3.19,--,15,4785,卖盘
1172,13:16:07,3.19,-0.01,1054,336226,卖盘
1173,13:16:02,3.2,--,236,75520,买盘
1174,13:15:57,3.2,--,10243,3277760,买盘
1175,13:15:52,3.2,0.01,99,31680,买盘
1176,13:15:47,3.19,--,68,21692,卖盘
1177,13:15:42,3.19,--,529,168751,卖盘
1178,13:15:37,3.19,-0.01,1,319,卖盘
1179,13:15:32,3.2,0.01,10,3200,买盘
1180,13:15:27,3.19,--,3,957,卖盘
1181,13:15:22,3.19,--,239,76241,卖盘
1182,13:15:17,3.19,--,1000,319000,卖盘
1183,13:15:12,3.19,--,12,3828,卖盘
1184,13:15:07,3.19,-0.01,127,40513,卖盘
1185,13:15:02,3.2,0.01,341,109120,买盘
1186,13:14:57,3.19,-0.01,97,30943,卖盘
1187,13:14:52,3.2,0.01,58,18560,买盘
1188,13:14:41,3.19,-0.01,67,21373,卖盘
1189,13:14:37,3.2,0.01,3,960,买盘
1190,13:14:32,3.19,-0.01,489,155991,卖盘
1191,13:14:22,3.2,0.01,109,34880,买盘
1192,13:14:17,3.19,-0.01,261,83259,卖盘
1193,13:14:12,3.2,0.01,394,126080,买盘
1194,13:14:07,3.19,-0.01,59,18821,卖盘
1195,13:14:02,3.2,--,829,265280,买盘
1196,13:13:56,3.2,--,526,168320,买盘
1197,13:13:52,3.2,0.01,1062,339840,买盘
1198,13:13:46,3.19,--,724,230956,卖盘
1199,13:13:41,3.19,-0.01,297,94743,卖盘
1200,13:13:37,3.2,--,792,253440,买盘
1201,13:13:31,3.2,0.01,333,106560,买盘
1202,13:13:26,3.19,--,3,957,卖盘
1203,13:13:22,3.19,--,676,215644,卖盘
1204,13:13:17,3.19,-0.01,204,65076,卖盘
1205,13:13:11,3.2,0.01,60,19200,买盘
1206,13:13:07,3.19,--,456,145464,卖盘
1207,13:13:01,3.19,-0.01,189,60291,卖盘
1208,13:12:56,3.2,0.01,1021,326720,买盘
1209,13:12:51,3.19,--,610,194590,卖盘
1210,13:12:46,3.19,--,842,268598,卖盘
1211,13:12:41,3.19,-0.01,274,87406,卖盘
1212,13:12:36,3.2,0.01,6,1920,买盘
1213,13:12:31,3.19,-0.01,11,3509,卖盘
1214,13:12:26,3.2,--,131,41920,买盘
1215,13:12:21,3.2,0.01,688,220160,买盘
1216,13:12:16,3.19,-0.01,915,291885,卖盘
1217,13:12:06,3.2,0.01,276,88320,买盘
1218,13:12:01,3.19,--,192,61248,卖盘
1219,13:11:56,3.19,-0.01,200,63800,卖盘
1220,13:11:51,3.2,0.01,507,162240,买盘
1221,13:11:46,3.19,-0.01,3,957,卖盘
1222,13:11:41,3.2,--,723,231360,买盘
1223,13:11:36,3.2,--,379,121280,买盘
1224,13:11:31,3.2,--,153,48960,买盘
1225,13:11:26,3.2,--,849,271680,买盘
1226,13:11:21,3.2,0.01,323,103360,买盘
1227,13:11:16,3.19,-0.01,39,12441,卖盘
1228,13:11:11,3.2,--,359,114880,买盘
1229,13:11:06,3.2,--,184,58880,买盘
1230,13:11:01,3.2,0.01,261,83520,买盘
1231,13:10:56,3.19,--,183,58377,卖盘
1232,13:10:51,3.19,-0.01,615,196185,卖盘
1233,13:10:46,3.2,0.01,429,137280,买盘
1234,13:10:41,3.19,--,10,3190,卖盘
1235,13:10:36,3.19,-0.01,100,31900,卖盘
1236,13:10:31,3.2,--,164,52480,买盘
1237,13:10:26,3.2,0.01,4067,1301440,买盘
1238,13:10:21,3.19,-0.01,677,215963,卖盘
1239,13:10:16,3.2,0.01,304,97280,买盘
1240,13:10:01,3.19,--,91,29029,卖盘
1241,13:09:51,3.19,-0.01,12,3828,卖盘
1242,13:09:46,3.2,0.01,40,12800,买盘
1243,13:09:41,3.19,--,180,57420,卖盘
1244,13:09:36,3.19,--,28,8932,卖盘
1245,13:09:31,3.19,-0.01,79,25201,卖盘
1246,13:09:21,3.2,0.01,64,20480,买盘
1247,13:09:16,3.19,--,168,53592,卖盘
1248,13:09:11,3.19,-0.01,2,638,卖盘
1249,13:09:06,3.2,0.01,137,43840,买盘
1250,13:09:01,3.19,--,340,108460,卖盘
1251,13:08:56,3.19,-0.01,21,6699,卖盘
1252,13:08:51,3.2,0.01,187,59840,买盘
1253,13:08:41,3.19,--,93,29667,卖盘
1254,13:08:36,3.19,-0.01,1,319,卖盘
1255,13:08:31,3.2,0.01,82,26240,买盘
1256,13:08:26,3.19,--,33,10527,卖盘
1257,13:08:21,3.19,--,1,319,卖盘
1258,13:08:16,3.19,--,31,9889,卖盘
1259,13:08:11,3.19,--,55,17545,卖盘
1260,13:08:06,3.19,--,4,1276,卖盘
1261,13:08:01,3.19,--,55,17545,卖盘
1262,13:07:56,3.19,--,15,4785,卖盘
1263,13:07:51,3.19,--,439,140041,卖盘
1264,13:07:46,3.19,--,150,47850,卖盘
1265,13:07:41,3.19,--,58,18502,卖盘
1266,13:07:36,3.19,--,102,32538,卖盘
1267,13:07:31,3.19,--,2,638,卖盘
1268,13:07:26,3.19,-0.01,250,79750,卖盘
1269,13:07:21,3.2,--,1,320,买盘
1270,13:07:16,3.2,--,75,24000,买盘
1271,13:07:11,3.2,0.01,755,241600,买盘
1272,13:07:05,3.19,-0.01,63,20097,卖盘
1273,13:07:01,3.2,--,92,29440,买盘
1274,13:06:56,3.2,--,261,83520,买盘
1275,13:06:51,3.2,--,324,103680,买盘
1276,13:06:40,3.2,--,271,86720,买盘
1277,13:06:35,3.2,--,150,48000,买盘
1278,13:06:25,3.2,0.01,328,104960,买盘
1279,13:06:15,3.19,-0.01,263,83897,卖盘
1280,13:06:09,3.2,--,360,115200,买盘
1281,13:06:05,3.2,0.01,42,13440,买盘
1282,13:06:00,3.19,-0.01,101,32219,卖盘
1283,13:05:55,3.2,0.01,328,104960,买盘
1284,13:05:50,3.19,-0.01,57,18183,卖盘
1285,13:05:46,3.2,0.01,624,199680,买盘
1286,13:05:39,3.19,--,624,199056,卖盘
1287,13:05:30,3.19,--,3,957,卖盘
1288,13:05:19,3.19,-0.01,1,319,卖盘
1289,13:05:15,3.2,--,352,112640,买盘
1290,13:05:09,3.2,--,130,41600,买盘
1291,13:05:05,3.2,0.01,198,63360,买盘
1292,13:05:00,3.19,-0.01,151,48169,卖盘
1293,13:04:55,3.2,0.01,290,92800,买盘
1294,13:04:49,3.19,-0.01,3,957,卖盘
1295,13:04:45,3.2,--,453,144960,买盘
1296,13:04:40,3.2,--,21,6720,买盘
1297,13:04:35,3.2,--,261,83520,买盘
1298,13:04:30,3.2,0.01,39,12480,买盘
1299,13:04:25,3.19,-0.01,578,184382,卖盘
1300,13:04:19,3.2,0.01,372,119040,买盘
1301,13:04:15,3.19,--,206,65714,卖盘
1302,13:04:10,3.19,--,160,51040,卖盘
1303,13:04:05,3.19,--,1,319,卖盘
1304,13:04:00,3.19,-0.01,121,38599,卖盘
1305,13:03:55,3.2,0.01,116,37120,买盘
1306,13:03:49,3.19,-0.01,76,24244,卖盘
1307,13:03:45,3.2,0.01,78,24960,买盘
1308,13:03:40,3.19,-0.01,57,18183,卖盘
1309,13:03:34,3.2,0.01,169,54080,买盘
1310,13:03:30,3.19,-0.01,19,6061,卖盘
1311,13:03:25,3.2,--,92,29440,买盘
1312,13:03:19,3.2,--,156,49920,买盘
1313,13:03:15,3.2,0.01,237,75840,买盘
1314,13:03:10,3.19,-0.01,18,5742,卖盘
1315,13:03:05,3.2,0.01,7,2240,买盘
1316,13:03:00,3.19,--,58,18502,卖盘
1317,13:02:55,3.19,-0.01,370,118030,卖盘
1318,13:02:49,3.2,--,11,3520,买盘
1319,13:02:45,3.2,--,150,48000,买盘
1320,13:02:39,3.2,0.01,1818,581760,买盘
1321,13:02:30,3.19,-0.01,104,33176,卖盘
1322,13:02:25,3.2,--,510,163200,买盘
1323,13:02:19,3.2,--,20,6400,买盘
1324,13:02:15,3.2,--,64,20480,买盘
1325,13:02:10,3.2,--,328,104960,买盘
1326,13:02:04,3.2,--,2,640,买盘
1327,13:02:00,3.2,0.01,636,203520,买盘
1328,13:01:55,3.19,-0.01,11,3509,卖盘
1329,13:01:49,3.2,0.01,135,43200,买盘
1330,13:01:45,3.19,-0.01,544,173536,卖盘
1331,13:01:40,3.2,0.01,100,32000,买盘
1332,13:01:34,3.19,-0.01,190,60610,卖盘
1333,13:01:30,3.2,--,126,40320,买盘
1334,13:01:25,3.2,0.01,355,113600,买盘
1335,13:01:19,3.19,-0.01,2452,782188,卖盘
1336,13:01:15,3.2,--,1431,457920,买盘
1337,13:01:10,3.2,--,110,35200,买盘
1338,13:01:04,3.2,0.01,156,49920,买盘
1339,13:01:00,3.19,-0.01,528,168432,卖盘
1340,13:00:55,3.2,0.01,572,183040,买盘
1341,13:00:49,3.19,-0.01,68,21692,卖盘
1342,13:00:45,3.2,--,777,248640,买盘
1343,13:00:39,3.2,0.01,1037,331840,买盘
1344,13:00:34,3.19,--,1,319,买盘
1345,13:00:30,3.19,--,433,138127,买盘
1346,13:00:25,3.19,--,1327,423313,买盘
1347,13:00:19,3.19,--,848,270512,买盘
1348,13:00:15,3.19,0.01,2177,694463,买盘
1349,13:00:09,3.18,--,10280,3269040,卖盘
1350,13:00:04,3.18,-0.01,9083,2888394,卖盘
1351,11:30:00,3.19,--,0,0,买盘
1352,11:30:00,3.19,0.01,199,63481,买盘
1353,11:29:59,3.18,-0.01,55,17490,卖盘
1354,11:29:56,3.19,--,413,131747,买盘
1355,11:29:50,3.19,--,747,238293,买盘
1356,11:29:46,3.19,--,3,957,买盘
1357,11:29:40,3.19,--,77,24563,买盘
1358,11:29:35,3.19,--,159,50721,买盘
1359,11:29:31,3.19,--,10,3190,买盘
1360,11:29:25,3.19,--,420,133980,买盘
1361,11:29:20,3.19,--,304,96976,买盘
1362,11:29:15,3.19,0.01,211,67309,买盘
1363,11:29:10,3.18,-0.01,152,48336,卖盘
1364,11:29:05,3.19,0.01,772,246268,买盘
1365,11:29:00,3.18,--,2279,724722,卖盘
1366,11:28:55,3.18,-0.01,1283,407994,卖盘
1367,11:28:50,3.19,0.01,1178,375782,买盘
1368,11:28:45,3.18,-0.01,367,116706,卖盘
1369,11:28:40,3.19,--,176,56144,买盘
1370,11:28:35,3.19,--,178,56782,买盘
1371,11:28:30,3.19,--,10168,3243592,买盘
1372,11:28:25,3.19,0.01,328,104632,买盘
1373,11:28:20,3.18,-0.01,480,152640,卖盘
1374,11:28:15,3.19,--,256,81664,买盘
1375,11:28:10,3.19,--,849,270831,买盘
1376,11:28:05,3.19,--,290,92510,买盘
1377,11:28:00,3.19,--,1739,554741,买盘
1378,11:27:55,3.19,--,147,46893,买盘
1379,11:27:50,3.19,--,297,94743,买盘
1380,11:27:40,3.19,0.01,270,86130,买盘
1381,11:27:30,3.18,-0.01,215,68370,卖盘
1382,11:27:25,3.19,--,108,34452,买盘
1383,11:27:20,3.19,--,1051,335269,买盘
1384,11:27:15,3.19,--,337,107503,买盘
1385,11:27:10,3.19,--,379,120901,买盘
1386,11:27:05,3.19,0.01,527,168113,买盘
1387,11:27:00,3.18,--,443,140874,卖盘
1388,11:26:55,3.18,-0.01,16,5088,卖盘
1389,11:26:50,3.19,--,2368,755392,买盘
1390,11:26:45,3.19,--,526,167794,买盘
1391,11:26:40,3.19,--,1308,417252,买盘
1392,11:26:35,3.19,--,1324,422356,买盘
1393,11:26:25,3.19,0.01,431,137489,买盘
1394,11:26:20,3.18,--,408,129744,卖盘
1395,11:26:10,3.18,--,157,49926,卖盘
1396,11:26:05,3.18,--,153,48654,卖盘
1397,11:26:00,3.18,--,57,18126,卖盘
1398,11:25:55,3.18,--,10,3180,卖盘
1399,11:25:50,3.18,-0.01,3,954,卖盘
1400,11:25:40,3.19,0.01,4,1276,买盘
1401,11:25:35,3.18,-0.01,81,25758,卖盘
1402,11:25:30,3.19,--,78,24882,买盘
1403,11:25:25,3.19,0.01,31,9889,买盘
1404,11:25:20,3.18,--,1,318,卖盘
1405,11:25:10,3.18,--,1,318,卖盘
1406,11:25:05,3.18,-0.01,79,25122,卖盘
1407,11:25:00,3.19,--,546,174174,买盘
1408,11:24:55,3.19,0.01,580,185020,买盘
1409,11:24:50,3.18,--,72,22896,卖盘
1410,11:24:40,3.18,-0.01,1364,433752,卖盘
1411,11:24:35,3.19,--,7,2233,买盘
1412,11:24:30,3.19,0.01,200,63800,买盘
1413,11:24:25,3.18,--,9,2862,卖盘
1414,11:24:20,3.18,-0.01,2,636,卖盘
1415,11:24:15,3.19,0.01,441,140679,买盘
1416,11:24:10,3.18,-0.01,156,49608,卖盘
1417,11:24:05,3.19,--,347,110693,买盘
1418,11:24:00,3.19,--,74,23606,买盘
1419,11:23:55,3.19,0.01,1434,457446,买盘
1420,11:23:50,3.18,-0.01,133,42294,卖盘
1421,11:23:45,3.19,0.01,37,11803,买盘
1422,11:23:40,3.18,-0.01,1191,378738,卖盘
1423,11:23:35,3.19,--,1087,346753,买盘
1424,11:23:30,3.19,0.01,20,6380,买盘
1425,11:23:25,3.18,-0.01,209,66462,卖盘
1426,11:23:20,3.19,0.01,150,47850,买盘
1427,11:23:15,3.18,-0.01,506,160908,卖盘
1428,11:23:10,3.19,0.01,294,93786,买盘
1429,11:23:00,3.18,-0.01,12,3816,卖盘
1430,11:22:54,3.19,0.01,199,63481,买盘
1431,11:22:49,3.18,-0.01,201,63918,卖盘
1432,11:22:45,3.19,0.01,258,82302,买盘
1433,11:22:39,3.18,--,1,318,卖盘
1434,11:22:28,3.18,-0.01,64,20352,卖盘
1435,11:22:19,3.19,--,276,88044,买盘
1436,11:22:13,3.19,0.01,77,24563,买盘
1437,11:22:09,3.18,-0.01,85,27030,卖盘
1438,11:22:04,3.19,--,33,10527,买盘
1439,11:21:58,3.19,--,820,261580,买盘
1440,11:21:54,3.19,0.01,100,31900,买盘
1441,11:21:49,3.18,-0.01,116,36888,卖盘
1442,11:21:43,3.19,0.01,241,76879,买盘
1443,11:21:38,3.18,--,1,397,卖盘
1444,11:21:34,3.18,--,1079,343122,卖盘
1445,11:21:28,3.18,--,6,1908,卖盘
1446,11:21:24,3.18,--,227,72186,卖盘
1447,11:21:19,3.18,-0.01,168,53424,卖盘
1448,11:21:13,3.19,--,431,137489,买盘
1449,11:21:09,3.19,--,718,229042,买盘
1450,11:21:04,3.19,0.01,87,27753,买盘
1451,11:20:58,3.18,--,3282,1043676,卖盘
1452,11:20:54,3.18,-0.01,2205,701190,卖盘
1453,11:20:49,3.19,0.01,852,271788,买盘
1454,11:20:43,3.18,--,2,636,卖盘
1455,11:20:39,3.18,--,193,61374,卖盘
1456,11:20:34,3.18,-0.01,200,63600,卖盘
1457,11:20:28,3.19,--,10428,3326532,买盘
1458,11:20:24,3.19,--,142,45298,买盘
1459,11:20:19,3.19,0.01,584,186296,买盘
1460,11:20:13,3.18,--,177,56286,卖盘
1461,11:20:09,3.18,--,57,18126,卖盘
1462,11:20:04,3.18,--,2,636,卖盘
1463,11:19:58,3.18,--,1,318,卖盘
1464,11:19:53,3.18,--,132,41976,卖盘
1465,11:19:49,3.18,--,456,145008,卖盘
1466,11:19:43,3.18,0.01,517,164406,买盘
1467,11:19:39,3.17,-0.01,181,57377,卖盘
1468,11:19:34,3.18,--,2495,793410,买盘
1469,11:19:28,3.18,--,3661,1164198,买盘
1470,11:19:24,3.18,0.01,1932,614376,买盘
1471,11:19:19,3.17,-0.01,4869,1543473,卖盘
1472,11:19:13,3.18,--,4718,1500324,买盘
1473,11:19:08,3.18,--,48,15264,买盘
1474,11:19:04,3.18,--,1054,335172,买盘
1475,11:18:58,3.18,--,1290,410220,买盘
1476,11:18:53,3.18,--,1147,364746,买盘
1477,11:18:49,3.18,--,2581,820758,买盘
1478,11:18:43,3.18,--,467,148506,买盘
1479,11:18:38,3.18,--,1284,408312,买盘
1480,11:18:34,3.18,--,222,70596,买盘
1481,11:18:28,3.18,--,301,95718,买盘
1482,11:18:23,3.18,--,252,80136,买盘
1483,11:18:19,3.18,--,627,199386,买盘
1484,11:18:13,3.18,--,22,6996,买盘
1485,11:18:08,3.18,--,199,63282,买盘
1486,11:18:04,3.18,--,1753,557454,买盘
1487,11:17:58,3.18,--,1391,442338,买盘
1488,11:17:53,3.18,--,1397,444246,买盘
1489,11:17:49,3.18,--,1554,494172,买盘
1490,11:17:43,3.18,0.01,3779,1201722,买盘
1491,11:17:38,3.17,--,79,25043,卖盘
1492,11:17:34,3.17,-0.01,341,108097,卖盘
1493,11:17:28,3.18,--,4774,1518132,买盘
1494,11:17:23,3.18,--,606,192708,买盘
1495,11:17:19,3.18,0.01,986,313548,买盘
1496,11:17:13,3.17,--,498,157866,卖盘
1497,11:17:08,3.17,-0.01,440,139480,卖盘
1498,11:17:04,3.18,--,1158,368244,买盘
1499,11:16:58,3.18,--,215,68370,买盘
1500,11:16:53,3.18,--,330,104940,买盘
1501,11:16:49,3.18,--,555,176490,买盘
1502,11:16:43,3.18,--,1425,453150,买盘
1503,11:16:38,3.18,--,567,180306,买盘
1504,11:16:34,3.18,--,1461,464598,买盘
1505,11:16:28,3.18,--,223,70914,买盘
1506,11:16:23,3.18,--,100,31800,买盘
1507,11:16:19,3.18,--,1727,549186,买盘
1508,11:16:13,3.18,--,593,188574,买盘
1509,11:16:08,3.18,--,87,27666,买盘
1510,11:16:03,3.18,0.01,3963,1260234,买盘
1511,11:15:58,3.17,-0.01,2222,704374,卖盘
1512,11:15:53,3.18,--,561,178398,买盘
1513,11:15:48,3.18,--,630,200340,买盘
1514,11:15:43,3.18,--,537,170766,买盘
1515,11:15:38,3.18,0.01,1051,334218,买盘
1516,11:15:33,3.17,--,2065,654605,卖盘
1517,11:15:28,3.17,--,363,115071,卖盘
1518,11:15:23,3.17,-0.01,343,108731,卖盘
1519,11:15:17,3.18,--,136,43248,买盘
1520,11:15:13,3.18,--,1944,618192,买盘
1521,11:15:08,3.18,--,7154,2274972,买盘
1522,11:15:02,3.18,--,219,69642,买盘
1523,11:14:58,3.18,--,514,163452,买盘
1524,11:14:52,3.18,--,286,90948,买盘
1525,11:14:47,3.18,--,506,160908,买盘
1526,11:14:43,3.18,--,823,261714,买盘
1527,11:14:38,3.18,--,1355,430890,买盘
1528,11:14:32,3.18,0.01,130,41340,买盘
1529,11:14:28,3.17,-0.01,437,138529,卖盘
1530,11:14:22,3.18,0.01,268,85224,买盘
1531,11:14:17,3.17,-0.01,395,125215,卖盘
1532,11:14:13,3.18,--,1240,394320,买盘
1533,11:14:07,3.18,0.01,281,89358,买盘
1534,11:14:02,3.17,--,76,24092,卖盘
1535,11:13:58,3.17,-0.01,56,17752,卖盘
1536,11:13:52,3.18,0.01,1330,422940,买盘
1537,11:13:47,3.17,-0.01,4,1268,卖盘
1538,11:13:43,3.18,--,471,149778,买盘
1539,11:13:37,3.18,0.01,272,86496,买盘
1540,11:13:28,3.17,-0.01,78,24726,卖盘
1541,11:13:22,3.18,0.01,70,22260,买盘
1542,11:13:17,3.17,--,1,317,卖盘
1543,11:13:13,3.17,-0.01,2,634,卖盘
1544,11:13:07,3.18,--,1,318,买盘
1545,11:13:02,3.18,0.01,100,31800,买盘
1546,11:12:58,3.17,--,13,4121,卖盘
1547,11:12:52,3.17,--,2100,665700,卖盘
1548,11:12:47,3.17,--,16,5072,卖盘
1549,11:12:43,3.17,--,211,66887,卖盘
1550,11:12:37,3.17,-0.01,4,1268,卖盘
1551,11:12:28,3.18,0.01,216,68688,买盘
1552,11:12:22,3.17,--,330,104610,卖盘
1553,11:12:17,3.17,-0.01,2,634,卖盘
1554,11:12:13,3.18,0.01,302,96036,买盘
1555,11:12:07,3.17,--,56,17752,卖盘
1556,11:12:02,3.17,--,1,317,卖盘
1557,11:11:58,3.17,--,9,2853,卖盘
1558,11:11:52,3.17,--,66,20922,卖盘
1559,11:11:47,3.17,--,199,63083,卖盘
1560,11:11:43,3.17,-0.01,904,286568,卖盘
1561,11:11:37,3.18,0.01,100,31800,买盘
1562,11:11:32,3.17,-0.01,1,317,卖盘
1563,11:11:28,3.18,--,658,209244,买盘
1564,11:11:22,3.18,0.01,51,16218,买盘
1565,11:11:17,3.17,-0.01,16,5072,卖盘
1566,11:11:13,3.18,0.01,278,88404,买盘
1567,11:11:07,3.17,-0.01,182,57694,卖盘
1568,11:11:02,3.18,0.01,535,170130,买盘
1569,11:10:58,3.17,-0.01,469,148673,卖盘
1570,11:10:52,3.18,--,557,177126,买盘
1571,11:10:47,3.18,--,17,5406,买盘
1572,11:10:43,3.18,--,371,117978,买盘
1573,11:10:37,3.18,0.01,3,954,买盘
1574,11:10:22,3.17,--,612,194004,卖盘
1575,11:10:17,3.17,-0.01,81,25677,卖盘
1576,11:10:13,3.18,--,115,36570,买盘
1577,11:10:07,3.18,0.01,325,103350,买盘
1578,11:10:02,3.17,--,7,2219,卖盘
1579,11:09:58,3.17,-0.01,203,64351,卖盘
1580,11:09:52,3.18,--,216,68688,买盘
1581,11:09:47,3.18,--,66,20988,买盘
1582,11:09:43,3.18,--,318,101124,买盘
1583,11:09:37,3.18,--,90,28620,买盘
1584,11:09:32,3.18,--,153,48654,买盘
1585,11:09:28,3.18,--,2,636,买盘
1586,11:09:22,3.18,--,53,16854,买盘
1587,11:09:17,3.18,--,115,36570,买盘
1588,11:09:12,3.18,0.01,701,222918,买盘
1589,11:09:07,3.17,-0.01,169,53573,卖盘
1590,11:09:02,3.18,0.01,218,69324,买盘
1591,11:08:57,3.17,--,158,50086,卖盘
1592,11:08:52,3.17,--,83,26311,卖盘
1593,11:08:47,3.17,-0.01,154,48818,卖盘
1594,11:08:42,3.18,--,571,181578,买盘
1595,11:08:37,3.18,--,733,233094,买盘
1596,11:08:32,3.18,0.01,105,33390,买盘
1597,11:08:27,3.17,-0.01,590,187030,卖盘
1598,11:08:22,3.18,0.01,818,260124,买盘
1599,11:08:17,3.17,-0.01,17,5389,卖盘
1600,11:08:12,3.18,0.01,104,33072,买盘
1601,11:08:07,3.17,-0.01,593,187981,卖盘
1602,11:08:02,3.18,0.01,130,41340,买盘
1603,11:07:57,3.17,-0.01,230,72910,卖盘
1604,11:07:52,3.18,0.01,187,59466,买盘
1605,11:07:42,3.17,--,78,24726,卖盘
1606,11:07:37,3.17,--,149,47233,卖盘
1607,11:07:26,3.17,--,198,62766,卖盘
1608,11:07:22,3.17,--,3,951,卖盘
1609,11:07:16,3.17,--,4,1268,卖盘
1610,11:07:11,3.17,--,89,28213,卖盘
1611,11:07:07,3.17,--,56,17752,卖盘
1612,11:07:01,3.17,--,26,8242,卖盘
1613,11:06:52,3.17,--,2,634,卖盘
1614,11:06:46,3.17,-0.01,81,25677,卖盘
1615,11:06:37,3.18,0.01,14,4452,买盘
1616,11:06:31,3.17,-0.01,2,634,卖盘
1617,11:06:26,3.18,--,80,25440,买盘
1618,11:06:22,3.18,--,117,37206,买盘
1619,11:06:16,3.18,0.01,74,23532,买盘
1620,11:06:11,3.17,-0.01,35,11095,卖盘
1621,11:06:07,3.18,0.01,75,23850,买盘
1622,11:06:01,3.17,--,290,91930,卖盘
1623,11:05:56,3.17,-0.01,1,317,卖盘
1624,11:05:52,3.18,0.01,91,28938,买盘
1625,11:05:46,3.17,--,145,45965,卖盘
1626,11:05:41,3.17,--,1,317,卖盘
1627,11:05:37,3.17,--,343,108731,卖盘
1628,11:05:26,3.17,-0.01,220,69740,卖盘
1629,11:05:22,3.18,0.01,280,89040,买盘
1630,11:05:07,3.17,-0.01,509,161353,卖盘
1631,11:05:01,3.18,--,56,17808,买盘
1632,11:04:56,3.18,--,30,9540,买盘
1633,11:04:52,3.18,--,119,37842,买盘
1634,11:04:46,3.18,0.01,119,37842,买盘
1635,11:04:41,3.17,--,213,67521,卖盘
1636,11:04:37,3.17,-0.01,109,34553,卖盘
1637,11:04:31,3.18,0.01,104,33072,买盘
1638,11:04:26,3.17,-0.01,248,78616,卖盘
1639,11:04:16,3.18,0.01,86,27348,买盘
1640,11:04:11,3.17,--,56,17752,卖盘
1641,11:04:07,3.17,--,195,61815,卖盘
1642,11:04:01,3.17,--,5,1585,卖盘
1643,11:03:56,3.17,--,1,317,卖盘
1644,11:03:52,3.17,--,60,19020,卖盘
1645,11:03:41,3.17,--,69,21873,卖盘
1646,11:03:37,3.17,-0.01,142,45014,卖盘
1647,11:03:31,3.18,--,179,56922,买盘
1648,11:03:26,3.18,--,40,12720,买盘
1649,11:03:16,3.18,0.01,22,6996,买盘
1650,11:03:11,3.17,--,1,317,卖盘
1651,11:03:07,3.17,--,156,49452,卖盘
1652,11:03:01,3.17,-0.01,2,634,卖盘
1653,11:02:56,3.18,0.01,117,37206,买盘
1654,11:02:52,3.17,-0.01,2,634,卖盘
1655,11:02:46,3.18,0.01,51,16218,买盘
1656,11:02:41,3.17,-0.01,200,63400,卖盘
1657,11:02:37,3.18,0.01,26,8268,买盘
1658,11:02:31,3.17,-0.01,838,265646,卖盘
1659,11:02:26,3.18,--,10,3180,买盘
1660,11:02:21,3.18,--,27,8586,买盘
1661,11:02:16,3.18,0.01,4,1272,买盘
1662,11:02:11,3.17,--,1,317,卖盘
1663,11:02:06,3.17,--,117,37089,卖盘
1664,11:02:01,3.17,--,156,49452,卖盘
1665,11:01:56,3.17,--,1,317,卖盘
1666,11:01:51,3.17,--,178,56426,卖盘
1667,11:01:46,3.17,--,5,1585,卖盘
1668,11:01:41,3.17,--,58,18386,卖盘
1669,11:01:36,3.17,-0.01,360,114120,卖盘
1670,11:01:31,3.18,0.01,16,5088,买盘
1671,11:01:26,3.17,--,199,63083,卖盘
1672,11:01:21,3.17,--,2674,847658,卖盘
1673,11:01:16,3.17,--,315,99855,卖盘
1674,11:01:11,3.17,-0.01,31,9827,卖盘
1675,11:01:06,3.18,0.01,211,67098,买盘
1676,11:01:01,3.17,-0.01,7,2219,卖盘
1677,11:00:56,3.18,0.01,549,174582,买盘
1678,11:00:51,3.17,-0.01,344,109048,卖盘
1679,11:00:46,3.18,--,10,3180,买盘
1680,11:00:41,3.18,--,272,86496,买盘
1681,11:00:35,3.18,--,943,299874,买盘
1682,11:00:31,3.18,0.01,657,208926,买盘
1683,11:00:26,3.17,-0.01,1,317,卖盘
1684,11:00:21,3.18,--,410,130380,买盘
1685,11:00:16,3.18,--,1336,424848,买盘
1686,11:00:11,3.18,--,15,4770,买盘
1687,11:00:05,3.18,0.01,15,4770,买盘
1688,11:00:01,3.17,-0.01,951,301733,卖盘
1689,10:59:56,3.18,0.01,8,2544,买盘
1690,10:59:50,3.17,-0.01,188,59596,卖盘
1691,10:59:46,3.18,0.01,3,954,买盘
1692,10:59:41,3.17,--,959,304003,卖盘
1693,10:59:35,3.17,--,4,1268,卖盘
1694,10:59:31,3.17,--,1,317,卖盘
1695,10:59:26,3.17,--,198,62766,卖盘
1696,10:59:16,3.17,-0.01,12,3804,卖盘
1697,10:59:10,3.18,0.01,1,318,买盘
1698,10:59:01,3.17,--,57,18069,卖盘
1699,10:58:55,3.17,--,3,951,卖盘
1700,10:58:40,3.17,--,16,5072,卖盘
1701,10:58:35,3.17,--,2,634,卖盘
1702,10:58:25,3.17,--,219,69423,卖盘
1703,10:58:16,3.17,-0.01,17,5389,卖盘
1704,10:58:10,3.18,--,82,26076,买盘
1705,10:58:05,3.18,--,20,6360,买盘
1706,10:58:01,3.18,--,253,80454,买盘
1707,10:57:55,3.18,0.01,10,3180,买盘
1708,10:57:50,3.17,--,53,16801,卖盘
1709,10:57:46,3.17,--,46,14582,卖盘
1710,10:57:35,3.17,--,11,3487,卖盘
1711,10:57:31,3.17,--,2,634,卖盘
1712,10:57:25,3.17,-0.01,211,66887,卖盘
1713,10:57:20,3.18,0.01,1,318,买盘
1714,10:57:10,3.17,--,73,23141,卖盘
1715,10:57:01,3.17,--,1,317,卖盘
1716,10:56:55,3.17,--,6,1902,卖盘
1717,10:56:50,3.17,--,51,16167,卖盘
1718,10:56:40,3.17,-0.01,183,58011,卖盘
1719,10:56:31,3.18,0.01,47,14946,买盘
1720,10:56:25,3.17,--,199,63083,卖盘
1721,10:56:20,3.17,--,100,31700,卖盘
1722,10:56:16,3.17,--,199,63083,卖盘
1723,10:55:55,3.17,--,206,65302,卖盘
1724,10:55:50,3.17,--,61,19337,卖盘
1725,10:55:45,3.17,--,243,77031,卖盘
1726,10:55:40,3.17,-0.01,977,309978,卖盘
1727,10:55:35,3.18,--,67,21306,买盘
1728,10:55:30,3.18,0.01,485,154230,买盘
1729,10:55:25,3.17,--,199,63083,卖盘
1730,10:55:20,3.17,--,16,5072,卖盘
1731,10:55:15,3.17,-0.01,3,951,卖盘
1732,10:55:10,3.18,0.01,559,177762,买盘
1733,10:55:00,3.17,--,3,951,卖盘
1734,10:54:50,3.17,--,49,15533,卖盘
1735,10:54:45,3.17,-0.01,202,64034,卖盘
1736,10:54:35,3.18,--,200,63600,买盘
1737,10:54:30,3.18,--,1463,465234,买盘
1738,10:54:25,3.18,0.01,470,149460,买盘
1739,10:54:20,3.17,--,20,6340,卖盘
1740,10:54:15,3.17,--,1,317,卖盘
1741,10:54:10,3.17,--,34,10778,卖盘
1742,10:54:05,3.17,--,45,14265,卖盘
1743,10:53:55,3.17,--,627,198952,卖盘
1744,10:53:50,3.17,-0.01,2,634,卖盘
1745,10:53:45,3.18,--,273,86814,买盘
1746,10:53:40,3.18,0.01,92,29256,买盘
1747,10:53:35,3.17,--,488,154696,卖盘
1748,10:53:30,3.17,--,1,317,卖盘
1749,10:53:25,3.17,-0.01,10,3170,卖盘
1750,10:53:20,3.18,--,17,5406,买盘
1751,10:53:15,3.18,--,1079,343122,买盘
1752,10:53:10,3.18,--,271,86178,买盘
1753,10:53:05,3.18,--,91,28938,买盘
1754,10:53:00,3.18,--,273,86814,买盘
1755,10:52:55,3.18,0.01,130,41340,买盘
1756,10:52:50,3.17,--,3,951,卖盘
1757,10:52:45,3.17,--,12,3804,卖盘
1758,10:52:40,3.17,-0.01,199,63083,卖盘
1759,10:52:29,3.18,0.01,455,144690,买盘
1760,10:52:25,3.17,-0.01,10,3170,卖盘
1761,10:52:15,3.18,0.01,1981,629958,买盘
1762,10:52:10,3.17,--,3,951,卖盘
1763,10:52:05,3.17,--,772,244724,卖盘
1764,10:51:59,3.17,--,1,317,卖盘
1765,10:51:55,3.17,--,5178,1641426,卖盘
1766,10:51:50,3.17,--,6,1902,卖盘
1767,10:51:44,3.17,--,1,317,卖盘
1768,10:51:40,3.17,--,435,138091,卖盘
1769,10:51:35,3.17,--,201,63717,卖盘
1770,10:51:25,3.17,--,198,62766,卖盘
1771,10:51:19,3.17,--,33,10461,卖盘
1772,10:51:10,3.17,-0.01,42,13314,卖盘
1773,10:51:04,3.18,0.01,702,223309,买盘
1774,10:50:59,3.17,--,4,1268,卖盘
1775,10:50:55,3.17,--,15,4755,卖盘
1776,10:50:49,3.17,--,210,66570,卖盘
1777,10:50:40,3.17,--,10,3170,卖盘
1778,10:50:25,3.17,--,209,66253,卖盘
1779,10:50:10,3.17,--,9,2853,卖盘
1780,10:50:04,3.17,--,3,951,卖盘
1781,10:49:59,3.17,--,1,317,卖盘
1782,10:49:55,3.17,--,15,4755,卖盘
1783,10:49:49,3.17,--,3218,1020106,卖盘
1784,10:49:44,3.17,--,7,2219,卖盘
1785,10:49:40,3.17,--,18,5706,卖盘
1786,10:49:29,3.17,--,10,3170,卖盘
1787,10:49:25,3.17,-0.01,198,62766,卖盘
1788,10:49:19,3.18,0.01,6,1908,买盘
1789,10:49:10,3.17,--,15,4755,卖盘
1790,10:48:59,3.17,--,1,317,卖盘
1791,10:48:54,3.17,--,1,317,卖盘
1792,10:48:44,3.17,--,2,634,卖盘
1793,10:48:39,3.17,--,13,4121,卖盘
1794,10:48:34,3.17,--,134,42478,卖盘
1795,10:48:29,3.17,--,1,317,卖盘
1796,10:48:24,3.17,--,198,62766,卖盘
1797,10:48:19,3.17,--,3328,1054976,卖盘
1798,10:48:09,3.17,--,1,317,卖盘
1799,10:48:04,3.17,--,35,11095,卖盘
1800,10:47:59,3.17,--,1045,331265,卖盘
1801,10:47:49,3.17,--,2,634,卖盘
1802,10:47:44,3.17,--,2,634,卖盘
1803,10:47:39,3.17,--,1001,317317,卖盘
1804,10:47:34,3.17,--,2,634,卖盘
1805,10:47:24,3.17,--,209,66253,卖盘
1806,10:47:19,3.17,--,2,634,卖盘
1807,10:47:09,3.17,--,33,10461,卖盘
1808,10:47:04,3.17,--,3,951,卖盘
1809,10:46:54,3.17,--,3,951,卖盘
1810,10:46:49,3.17,--,21,6657,卖盘
1811,10:46:44,3.17,--,202,64034,卖盘
1812,10:46:39,3.17,-0.01,1,317,卖盘
1813,10:46:34,3.18,0.01,149,47382,买盘
1814,10:46:29,3.17,--,5,1585,卖盘
1815,10:46:24,3.17,--,205,64985,卖盘
1816,10:46:19,3.17,--,31,9827,卖盘
1817,10:46:14,3.17,-0.01,1,317,卖盘
1818,10:46:09,3.18,0.01,10,3180,买盘
1819,10:46:04,3.17,-0.01,40,12680,卖盘
1820,10:45:59,3.18,0.01,42,13356,买盘
1821,10:45:54,3.17,-0.01,14,4438,卖盘
1822,10:45:49,3.18,0.01,6,1908,买盘
1823,10:45:44,3.17,--,1,317,卖盘
1824,10:45:39,3.17,-0.01,13,4121,卖盘
1825,10:45:34,3.18,0.01,64,20352,买盘
1826,10:45:23,3.17,--,712,225897,卖盘
1827,10:45:19,3.17,--,2274,720858,卖盘
1828,10:45:14,3.17,--,2,634,卖盘
1829,10:45:09,3.17,--,4,1268,卖盘
1830,10:44:59,3.17,-0.01,1,317,卖盘
1831,10:44:54,3.18,0.01,20,6360,买盘
1832,10:44:49,3.17,-0.01,6,1902,卖盘
1833,10:44:44,3.18,0.01,212,67416,买盘
1834,10:44:38,3.17,--,21,6657,卖盘
1835,10:44:34,3.17,--,69,21873,卖盘
1836,10:44:29,3.17,--,2,634,卖盘
1837,10:44:23,3.17,--,198,62766,卖盘
1838,10:44:19,3.17,--,1,317,卖盘
1839,10:44:14,3.17,--,4,1268,卖盘
1840,10:44:09,3.17,-0.01,76,24092,卖盘
1841,10:44:04,3.18,0.01,17,5406,买盘
1842,10:43:59,3.17,--,946,300151,卖盘
1843,10:43:53,3.17,-0.01,3,951,卖盘
1844,10:43:49,3.18,--,2,636,买盘
1845,10:43:44,3.18,0.01,20,6360,买盘
1846,10:43:34,3.17,--,1,317,卖盘
1847,10:43:28,3.17,--,199,63083,卖盘
1848,10:43:23,3.17,--,1,317,卖盘
1849,10:43:19,3.17,--,558,176886,卖盘
1850,10:43:13,3.17,--,11,3487,卖盘
1851,10:43:04,3.17,--,94,29798,卖盘
1852,10:42:58,3.17,--,1,317,卖盘
1853,10:42:53,3.17,--,32,10144,卖盘
1854,10:42:49,3.17,--,38,12046,卖盘
1855,10:42:43,3.17,--,3421,1084457,卖盘
1856,10:42:34,3.17,--,1,317,卖盘
1857,10:42:28,3.17,--,198,62766,卖盘
1858,10:42:23,3.17,--,11,3487,卖盘
1859,10:42:19,3.17,--,2,634,卖盘
1860,10:42:08,3.17,-0.01,41,12997,卖盘
1861,10:42:04,3.18,--,8,2544,买盘
1862,10:41:58,3.18,--,840,267120,买盘
1863,10:41:49,3.18,0.01,3,954,买盘
1864,10:41:33,3.17,--,824,261208,卖盘
1865,10:41:28,3.17,-0.01,198,62766,卖盘
1866,10:41:23,3.18,0.01,239,76002,买盘
1867,10:41:18,3.17,--,60,19020,卖盘
1868,10:41:13,3.17,-0.01,10,3170,卖盘
1869,10:41:03,3.18,--,123,39114,买盘
1870,10:40:58,3.18,0.01,448,142464,买盘
1871,10:40:48,3.17,--,9229,2925593,卖盘
1872,10:40:43,3.17,--,12,3804,卖盘
1873,10:40:33,3.17,-0.01,11,3487,卖盘
1874,10:40:28,3.18,0.01,258,82044,买盘
1875,10:40:23,3.17,--,5,1585,卖盘
1876,10:40:18,3.17,--,12,3804,卖盘
1877,10:40:13,3.17,--,1,317,卖盘
1878,10:40:03,3.17,-0.01,1263,400513,卖盘
1879,10:39:53,3.18,0.01,5,1590,买盘
1880,10:39:48,3.17,--,229,72593,卖盘
1881,10:39:43,3.17,--,52,16484,卖盘
1882,10:39:38,3.17,--,631,200103,卖盘
1883,10:39:33,3.17,--,200,63400,卖盘
1884,10:39:28,3.17,--,199,63083,卖盘
1885,10:39:23,3.17,--,1,317,卖盘
1886,10:39:18,3.17,--,109,34553,卖盘
1887,10:39:08,3.17,--,56,17752,卖盘
1888,10:38:58,3.17,--,114,36138,卖盘
1889,10:38:53,3.17,--,5,1585,卖盘
1890,10:38:48,3.17,--,2,634,卖盘
1891,10:38:33,3.17,--,685,217145,卖盘
1892,10:38:28,3.17,--,198,62766,卖盘
1893,10:38:18,3.17,--,131,41527,卖盘
1894,10:38:13,3.17,-0.01,21,6657,卖盘
1895,10:38:08,3.18,0.01,121,38478,买盘
1896,10:38:03,3.17,--,9,2853,卖盘
1897,10:37:58,3.17,--,173,54841,卖盘
1898,10:37:48,3.17,--,461,146137,卖盘
1899,10:37:43,3.17,--,1208,382936,卖盘
1900,10:37:38,3.17,--,34,10778,卖盘
1901,10:37:33,3.17,--,329,104293,卖盘
1902,10:37:28,3.17,--,329,104293,卖盘
1903,10:37:23,3.17,--,1,317,卖盘
1904,10:37:18,3.17,--,1,317,卖盘
1905,10:37:13,3.17,-0.01,12,3804,卖盘
1906,10:37:08,3.18,0.01,3,954,买盘
1907,10:37:02,3.17,-0.01,36,11412,卖盘
1908,10:36:58,3.18,0.01,3,954,买盘
1909,10:36:52,3.17,--,1,317,卖盘
1910,10:36:47,3.17,-0.01,230,72910,卖盘
1911,10:36:43,3.18,0.01,22,6996,买盘
1912,10:36:38,3.17,--,12,3804,卖盘
1913,10:36:33,3.17,-0.01,101,32017,卖盘
1914,10:36:28,3.18,0.01,1,318,买盘
1915,10:36:22,3.17,--,71,22507,卖盘
1916,10:36:17,3.17,-0.01,12,3804,卖盘
1917,10:36:13,3.18,--,3,954,买盘
1918,10:36:08,3.18,0.01,59,18762,买盘
1919,10:35:47,3.17,-0.01,4,1268,卖盘
1920,10:35:43,3.18,--,43,13674,买盘
1921,10:35:37,3.18,0.01,4,1272,买盘
1922,10:35:28,3.17,--,510,161670,卖盘
1923,10:35:17,3.17,--,2,634,卖盘
1924,10:35:13,3.17,--,545,172765,卖盘
1925,10:35:02,3.17,--,1,317,卖盘
1926,10:34:57,3.17,--,8,2536,卖盘
1927,10:34:42,3.17,--,4,1268,卖盘
1928,10:34:37,3.17,--,411,130287,卖盘
1929,10:34:27,3.17,--,201,63717,卖盘
1930,10:34:17,3.17,--,1,317,卖盘
1931,10:34:12,3.17,--,3,951,卖盘
1932,10:34:07,3.17,--,1,317,卖盘
1933,10:34:02,3.17,--,1,317,卖盘
1934,10:33:57,3.17,--,223,70691,卖盘
1935,10:33:52,3.17,--,11,3487,卖盘
1936,10:33:42,3.17,--,4,1268,卖盘
1937,10:33:37,3.17,--,323,102391,卖盘
1938,10:33:32,3.17,-0.01,1,317,卖盘
1939,10:33:27,3.18,0.01,199,63282,买盘
1940,10:33:22,3.17,--,34,10778,卖盘
1941,10:33:17,3.17,--,1,317,卖盘
1942,10:33:12,3.17,-0.01,1,317,卖盘
1943,10:33:07,3.18,0.01,4,1272,买盘
1944,10:32:57,3.17,--,1,317,卖盘
1945,10:32:52,3.17,--,5,1585,卖盘
1946,10:32:46,3.17,-0.01,14,4438,卖盘
1947,10:32:42,3.18,0.01,150,47700,买盘
1948,10:32:37,3.17,--,19,6023,卖盘
1949,10:32:32,3.17,--,1,317,卖盘
1950,10:32:27,3.17,-0.01,567,179739,卖盘
1951,10:32:22,3.18,0.01,151,48018,买盘
1952,10:32:16,3.17,--,1,317,卖盘
1953,10:32:12,3.17,--,14,4438,卖盘
1954,10:32:02,3.17,--,68,21746,卖盘
1955,10:31:57,3.17,--,4,1268,卖盘
1956,10:31:47,3.17,--,1,317,卖盘
1957,10:31:42,3.17,--,959,304003,卖盘
1958,10:31:37,3.17,--,22,6974,卖盘
1959,10:31:32,3.17,--,48,15216,卖盘
1960,10:31:27,3.17,--,476,150892,卖盘
1961,10:31:22,3.17,-0.01,33,10461,卖盘
1962,10:31:17,3.18,--,30,9540,买盘
1963,10:31:12,3.18,--,81,25758,买盘
1964,10:31:07,3.18,0.01,4,1272,买盘
1965,10:30:57,3.17,--,69,21873,卖盘
1966,10:30:52,3.17,-0.01,233,73861,卖盘
1967,10:30:42,3.18,0.01,86,27348,买盘
1968,10:30:37,3.17,--,8,2536,卖盘
1969,10:30:32,3.17,--,30,9510,卖盘
1970,10:30:27,3.17,-0.01,275,87175,卖盘
1971,10:30:22,3.18,--,52,16536,买盘
1972,10:30:16,3.18,0.01,55,17490,买盘
1973,10:30:12,3.17,--,18,5706,卖盘
1974,10:30:07,3.17,--,38,12046,卖盘
1975,10:30:02,3.17,--,80,25360,卖盘
1976,10:29:57,3.17,--,163,51671,卖盘
1977,10:29:52,3.17,-0.01,32,10144,卖盘
1978,10:29:41,3.18,0.01,72,22896,买盘
1979,10:29:37,3.17,-0.01,699,221583,卖盘
1980,10:29:31,3.18,--,52,16536,买盘
1981,10:29:27,3.18,0.01,205,65190,买盘
1982,10:29:22,3.17,--,105,33285,卖盘
1983,10:29:17,3.17,--,169,53573,卖盘
1984,10:29:12,3.17,-0.01,4227,1339959,卖盘
1985,10:29:07,3.18,0.01,32,10176,买盘
1986,10:29:01,3.17,--,255,80835,卖盘
1987,10:28:57,3.17,--,305,96685,卖盘
1988,10:28:52,3.17,-0.01,412,130604,卖盘
1989,10:28:46,3.18,0.01,2580,820440,买盘
1990,10:28:42,3.17,--,146,46472,卖盘
1991,10:28:37,3.17,--,61,19337,卖盘
1992,10:28:32,3.17,--,498,157866,卖盘
1993,10:28:26,3.17,--,198,62766,卖盘
1994,10:28:21,3.17,-0.01,324,102708,卖盘
1995,10:28:16,3.18,0.01,385,122430,买盘
1996,10:28:10,3.17,-0.01,32,10144,卖盘
1997,10:28:06,3.18,0.01,469,149142,买盘
1998,10:28:01,3.17,--,38,12046,卖盘
1999,10:27:56,3.17,-0.01,1,317,卖盘
2000,10:27:51,3.18,0.01,175,55650,买盘
2001,10:27:46,3.17,--,1546,490272,卖盘
2002,10:27:40,3.17,--,532,168834,卖盘
2003,10:27:36,3.17,-0.01,1024,324608,卖盘
2004,10:27:31,3.18,0.01,23,7314,买盘
2005,10:27:25,3.17,--,229,72593,卖盘
2006,10:27:21,3.17,--,45,14265,卖盘
2007,10:27:16,3.17,--,410,129970,卖盘
2008,10:27:10,3.17,--,274,86858,卖盘
2009,10:27:06,3.17,-0.01,46,14582,卖盘
2010,10:27:01,3.18,0.01,13,4134,买盘
2011,10:26:55,3.17,-0.01,30,9510,卖盘
2012,10:26:51,3.18,0.01,31,9858,买盘
2013,10:26:46,3.17,-0.01,35,11095,卖盘
2014,10:26:40,3.18,0.01,31,9858,买盘
2015,10:26:36,3.17,--,32,10144,卖盘
2016,10:26:31,3.17,-0.01,351,111267,卖盘
2017,10:26:25,3.18,0.01,2,636,买盘
2018,10:26:21,3.17,-0.01,66,20922,卖盘
2019,10:26:16,3.18,--,35,11130,买盘
2020,10:26:06,3.18,0.01,81,25758,买盘
2021,10:26:01,3.17,-0.01,12,3804,卖盘
2022,10:25:55,3.18,--,307,97626,买盘
2023,10:25:51,3.18,--,329,104622,买盘
2024,10:25:46,3.18,--,49,15582,买盘
2025,10:25:40,3.18,0.01,600,190800,买盘
2026,10:25:36,3.17,--,63,19971,卖盘
2027,10:25:31,3.17,--,96,30432,卖盘
2028,10:25:25,3.17,-0.01,51,16167,卖盘
2029,10:25:21,3.18,--,324,103032,买盘
2030,10:25:10,3.18,0.01,131,41658,买盘
2031,10:25:06,3.17,--,5,1585,卖盘
2032,10:25:01,3.17,-0.01,1212,384204,卖盘
2033,10:24:55,3.18,0.01,51,16218,买盘
2034,10:24:51,3.17,-0.01,34,10778,卖盘
2035,10:24:46,3.18,--,836,265848,买盘
2036,10:24:36,3.18,0.01,78,24804,买盘
2037,10:24:31,3.17,--,153,48501,卖盘
2038,10:24:25,3.17,-0.01,229,72593,卖盘
2039,10:24:21,3.18,--,970,308460,买盘
2040,10:24:16,3.18,--,40,12720,买盘
2041,10:24:10,3.18,0.01,150,47700,买盘
2042,10:24:06,3.17,--,319,101123,卖盘
2043,10:24:01,3.17,-0.01,272,86224,卖盘
2044,10:23:55,3.18,--,3,954,买盘
2045,10:23:51,3.18,--,41,13038,买盘
2046,10:23:46,3.18,--,38,12084,买盘
2047,10:23:40,3.18,--,33,10494,买盘
2048,10:23:36,3.18,--,38,12084,买盘
2049,10:23:31,3.18,0.01,359,114162,买盘
2050,10:23:25,3.17,-0.01,206,65302,卖盘
2051,10:23:21,3.18,0.01,75,23850,买盘
2052,10:23:16,3.17,-0.01,283,89711,卖盘
2053,10:23:10,3.18,0.01,776,246768,买盘
2054,10:23:06,3.17,-0.01,991,314147,卖盘
2055,10:23:01,3.18,0.01,102,32436,买盘
2056,10:22:55,3.17,--,30,9510,卖盘
2057,10:22:51,3.17,--,275,87175,卖盘
2058,10:22:46,3.17,-0.01,31,9827,卖盘
2059,10:22:40,3.18,--,10,3180,买盘
2060,10:22:35,3.18,0.01,148,47064,买盘
2061,10:22:30,3.17,--,93,29481,卖盘
2062,10:22:25,3.17,--,2,634,卖盘
2063,10:22:20,3.17,--,177,56109,卖盘
2064,10:22:16,3.17,--,277,87809,卖盘
2065,10:22:06,3.17,--,66,20922,卖盘
2066,10:22:00,3.17,--,42,13314,卖盘
2067,10:21:55,3.17,--,117,37089,卖盘
2068,10:21:50,3.17,--,61,19337,卖盘
2069,10:21:45,3.17,--,30,9510,卖盘
2070,10:21:40,3.17,--,275,87175,卖盘
2071,10:21:35,3.17,-0.01,65,20605,卖盘
2072,10:21:30,3.18,0.01,10,3180,买盘
2073,10:21:25,3.17,--,76,24092,卖盘
2074,10:21:15,3.17,--,97,30749,卖盘
2075,10:21:10,3.17,--,106,33602,卖盘
2076,10:21:04,3.17,-0.01,274,86858,卖盘
2077,10:21:00,3.18,--,203,64554,买盘
2078,10:20:55,3.18,0.01,12,3816,买盘
2079,10:20:49,3.17,--,31,9827,卖盘
2080,10:20:45,3.17,-0.01,113,35821,卖盘
2081,10:20:40,3.18,0.01,72,22896,买盘
2082,10:20:30,3.17,--,61,19337,卖盘
2083,10:20:25,3.17,--,356,112852,卖盘
2084,10:20:15,3.17,--,64,20288,卖盘
2085,10:20:10,3.17,--,51,16167,卖盘
2086,10:20:04,3.17,--,63,19971,卖盘
2087,10:20:00,3.17,--,101,32017,卖盘
2088,10:19:55,3.17,-0.01,30,9510,卖盘
2089,10:19:49,3.18,0.01,278,88404,买盘
2090,10:19:45,3.17,-0.01,36,11412,卖盘
2091,10:19:40,3.18,0.01,50,15900,买盘
2092,10:19:34,3.17,-0.01,30,9510,卖盘
2093,10:19:30,3.18,0.01,82,26076,买盘
2094,10:19:25,3.17,-0.01,45,14265,卖盘
2095,10:19:19,3.18,0.01,61,19398,买盘
2096,10:19:15,3.17,--,273,86541,卖盘
2097,10:19:10,3.17,--,170,53890,卖盘
2098,10:19:04,3.17,--,33,10461,卖盘
2099,10:19:00,3.17,-0.01,300,95100,卖盘
2100,10:18:49,3.18,0.01,31,9858,买盘
2101,10:18:45,3.17,--,10005,3171585,卖盘
2102,10:18:40,3.17,--,335,106195,卖盘
2103,10:18:34,3.17,-0.01,43,13631,卖盘
2104,10:18:30,3.18,0.01,333,105894,买盘
2105,10:18:25,3.17,--,198,62766,卖盘
2106,10:18:19,3.17,--,846,268254,卖盘
2107,10:18:15,3.17,--,30,9510,卖盘
2108,10:18:10,3.17,--,262,83054,卖盘
2109,10:18:04,3.17,--,30,9510,卖盘
2110,10:18:00,3.17,--,306,97002,卖盘
2111,10:17:55,3.17,-0.01,1,317,卖盘
2112,10:17:49,3.18,0.01,40,12720,买盘
2113,10:17:45,3.17,--,1,317,卖盘
2114,10:17:40,3.17,--,346,109682,卖盘
2115,10:17:34,3.17,--,460,145820,卖盘
2116,10:17:30,3.17,-0.01,44,13948,卖盘
2117,10:17:25,3.18,0.01,518,164724,买盘
2118,10:17:19,3.17,--,90,28530,卖盘
2119,10:17:15,3.17,--,38,12046,卖盘
2120,10:17:09,3.17,--,81,25677,卖盘
2121,10:17:04,3.17,--,30,9510,卖盘
2122,10:17:00,3.17,--,4664,1478488,卖盘
2123,10:16:55,3.17,--,83,26311,卖盘
2124,10:16:49,3.17,--,9,2853,卖盘
2125,10:16:45,3.17,--,361,114437,卖盘
2126,10:16:40,3.17,-0.01,724,229650,卖盘
2127,10:16:34,3.18,0.01,1159,368562,买盘
2128,10:16:30,3.17,--,730,231441,卖盘
2129,10:16:25,3.17,--,113,35821,卖盘
2130,10:16:15,3.17,--,70,22190,卖盘
2131,10:16:10,3.17,-0.01,303,96051,卖盘
2132,10:16:04,3.18,0.01,68,21624,买盘
2133,10:15:59,3.17,-0.01,391,123947,卖盘
2134,10:15:54,3.18,0.01,340,108120,买盘
2135,10:15:49,3.17,--,3,951,卖盘
2136,10:15:44,3.17,--,104,32968,卖盘
2137,10:15:40,3.17,--,96,30432,卖盘
2138,10:15:34,3.17,--,306,97002,卖盘
2139,10:15:29,3.17,-0.01,41,12997,卖盘
2140,10:15:24,3.18,0.01,100,31800,买盘
2141,10:15:14,3.17,--,31,9827,卖盘
2142,10:15:09,3.17,--,859,272375,卖盘
2143,10:15:04,3.17,-0.01,973,308441,卖盘
2144,10:14:59,3.18,--,305,96990,买盘
2145,10:14:54,3.18,0.01,2337,743166,买盘
2146,10:14:49,3.17,-0.01,30,9510,卖盘
2147,10:14:44,3.18,0.01,15,4770,买盘
2148,10:14:39,3.17,--,89,28213,卖盘
2149,10:14:34,3.17,--,40,12680,卖盘
2150,10:14:24,3.17,--,319,101123,卖盘
2151,10:14:19,3.17,--,7,2219,卖盘
2152,10:14:13,3.17,--,1150,364550,卖盘
2153,10:14:09,3.17,--,13,4121,卖盘
2154,10:14:04,3.17,--,72,22824,卖盘
2155,10:13:58,3.17,-0.01,396,125532,卖盘
2156,10:13:54,3.18,--,32,10176,买盘
2157,10:13:49,3.18,0.01,1,318,买盘
2158,10:13:43,3.17,--,312,98904,卖盘
2159,10:13:39,3.17,--,77,24409,卖盘
2160,10:13:34,3.17,-0.01,675,213975,卖盘
2161,10:13:28,3.18,0.01,1,318,买盘
2162,10:13:24,3.17,-0.01,277,87809,卖盘
2163,10:13:19,3.18,0.01,60,19080,买盘
2164,10:13:13,3.17,--,90,28530,卖盘
2165,10:13:09,3.17,-0.01,374,118558,卖盘
2166,10:13:04,3.18,0.01,198,62964,买盘
2167,10:12:58,3.17,--,30,9510,卖盘
2168,10:12:49,3.17,--,36,11412,卖盘
2169,10:12:43,3.17,--,631,200103,卖盘
2170,10:12:39,3.17,--,130,41210,卖盘
2171,10:12:34,3.17,-0.01,272,86224,卖盘
2172,10:12:24,3.18,--,357,113526,买盘
2173,10:12:19,3.18,0.01,41,13038,买盘
2174,10:12:13,3.17,--,1,317,卖盘
2175,10:12:04,3.17,--,2032,644144,卖盘
2176,10:11:58,3.17,-0.01,168,53256,卖盘
2177,10:11:54,3.18,0.01,995,316410,买盘
2178,10:11:49,3.17,--,454,143918,卖盘
2179,10:11:39,3.17,--,252,79884,卖盘
2180,10:11:28,3.17,--,31,9827,卖盘
2181,10:11:24,3.17,-0.01,810,256770,卖盘
2182,10:11:19,3.18,0.01,83,26394,买盘
2183,10:11:13,3.17,-0.01,279,88443,卖盘
2184,10:11:08,3.18,0.01,770,244860,买盘
2185,10:11:04,3.17,--,19,6023,卖盘
2186,10:10:58,3.17,--,1,317,卖盘
2187,10:10:53,3.17,--,504,159768,卖盘
2188,10:10:49,3.17,--,30,9510,卖盘
2189,10:10:43,3.17,--,235,74495,卖盘
2190,10:10:39,3.17,--,274,86858,卖盘
2191,10:10:34,3.17,--,193,61181,卖盘
2192,10:10:28,3.17,--,132,41844,卖盘
2193,10:10:23,3.17,-0.01,368,116966,卖盘
2194,10:10:19,3.18,0.01,135,42930,买盘
2195,10:10:08,3.17,--,3,951,卖盘
2196,10:10:04,3.17,--,2,634,卖盘
2197,10:09:58,3.17,--,30,9510,卖盘
2198,10:09:53,3.17,--,22,6974,卖盘
2199,10:09:49,3.17,-0.01,33,10461,卖盘
2200,10:09:43,3.18,0.01,44,13992,买盘
2201,10:09:38,3.17,--,1,317,卖盘
2202,10:09:33,3.17,--,32,10144,卖盘
2203,10:09:23,3.17,--,62,19654,卖盘
2204,10:09:18,3.17,--,813,257721,卖盘
2205,10:09:08,3.17,-0.01,6,1902,卖盘
2206,10:09:03,3.18,0.01,33,10494,买盘
2207,10:08:58,3.17,--,1,317,卖盘
2208,10:08:48,3.17,-0.01,73,23141,卖盘
2209,10:08:43,3.18,0.01,11,3498,买盘
2210,10:08:38,3.17,--,1,317,卖盘
2211,10:08:33,3.17,--,8,2536,卖盘
2212,10:08:28,3.17,--,2,634,卖盘
2213,10:08:23,3.17,--,1288,408441,卖盘
2214,10:08:18,3.17,-0.01,148,46916,卖盘
2215,10:08:13,3.18,--,4,1272,买盘
2216,10:08:08,3.18,0.01,1,318,买盘
2217,10:08:03,3.17,--,106,33602,卖盘
2218,10:07:58,3.17,-0.01,200,63400,卖盘
2219,10:07:53,3.18,0.01,10,3180,买盘
2220,10:07:48,3.17,--,507,160719,卖盘
2221,10:07:43,3.17,--,456,144552,卖盘
2222,10:07:38,3.17,--,45,14265,卖盘
2223,10:07:33,3.17,-0.01,30,9510,卖盘
2224,10:07:28,3.18,0.01,40,12720,买盘
2225,10:07:23,3.17,--,14,4438,卖盘
2226,10:07:18,3.17,--,103,32651,卖盘
2227,10:07:13,3.17,--,21,6657,卖盘
2228,10:07:03,3.17,-0.01,17,5389,卖盘
2229,10:06:58,3.18,0.01,6,1908,买盘
2230,10:06:52,3.17,--,60,19020,卖盘
2231,10:06:48,3.17,--,1,317,卖盘
2232,10:06:43,3.17,--,825,261525,卖盘
2233,10:06:33,3.17,--,28,8876,卖盘
2234,10:06:22,3.17,--,4197,1330449,卖盘
2235,10:06:18,3.17,--,48,15216,卖盘
2236,10:06:13,3.17,--,34,10778,卖盘
2237,10:06:03,3.17,--,12,3804,卖盘
2238,10:05:58,3.17,--,2,634,卖盘
2239,10:05:52,3.17,--,631,200099,卖盘
2240,10:05:42,3.17,-0.01,86,27262,卖盘
2241,10:05:37,3.18,--,4,1272,买盘
2242,10:05:33,3.18,0.01,402,127836,买盘
2243,10:05:28,3.17,--,2,634,卖盘
2244,10:05:22,3.17,--,142,45014,卖盘
2245,10:05:18,3.17,--,109,34553,卖盘
2246,10:05:07,3.17,--,1,317,卖盘
2247,10:05:03,3.17,-0.01,909,288153,卖盘
2248,10:04:58,3.18,--,2,636,买盘
2249,10:04:52,3.18,0.01,2,636,买盘
2250,10:04:48,3.17,-0.01,114,36138,卖盘
2251,10:04:43,3.18,0.01,49,15582,买盘
2252,10:04:33,3.17,--,102,32334,卖盘
2253,10:04:27,3.17,--,73,23141,卖盘
2254,10:04:22,3.17,-0.01,1737,550644,卖盘
2255,10:04:18,3.18,--,40,12720,买盘
2256,10:04:13,3.18,0.01,2,636,买盘
2257,10:04:07,3.17,--,710,225142,卖盘
2258,10:03:58,3.17,--,1,317,卖盘
2259,10:03:52,3.17,--,1,317,卖盘
2260,10:03:47,3.17,-0.01,859,272303,卖盘
2261,10:03:43,3.18,0.01,1,318,买盘
2262,10:03:37,3.17,-0.01,3,951,卖盘
2263,10:03:33,3.18,0.01,10,3180,买盘
2264,10:03:27,3.17,--,537,170229,卖盘
2265,10:03:22,3.17,--,12,3804,卖盘
2266,10:03:12,3.17,-0.01,45,14265,卖盘
2267,10:03:07,3.18,0.01,31,9858,买盘
2268,10:03:02,3.17,-0.01,1,317,卖盘
2269,10:02:57,3.18,0.01,235,74730,买盘
2270,10:02:52,3.17,--,1,317,卖盘
2271,10:02:47,3.17,--,1,317,卖盘
2272,10:02:42,3.17,--,1,317,卖盘
2273,10:02:37,3.17,-0.01,1,317,卖盘
2274,10:02:32,3.18,0.01,4,1272,买盘
2275,10:02:27,3.17,--,38,12046,卖盘
2276,10:02:22,3.17,-0.01,543,172131,卖盘
2277,10:02:17,3.18,0.01,3,954,买盘
2278,10:02:12,3.17,--,1,317,卖盘
2279,10:02:02,3.17,-0.01,82,25994,卖盘
2280,10:01:57,3.18,0.01,34,10812,买盘
2281,10:01:47,3.17,--,1000,317000,卖盘
2282,10:01:42,3.17,--,154,48818,卖盘
2283,10:01:37,3.17,-0.01,1,317,卖盘
2284,10:01:32,3.18,0.01,5,1590,买盘
2285,10:01:27,3.17,--,13,4121,卖盘
2286,10:01:22,3.17,--,2,634,卖盘
2287,10:01:12,3.17,-0.01,1,317,卖盘
2288,10:01:02,3.18,0.01,22,6996,买盘
2289,10:00:57,3.17,--,2,634,卖盘
2290,10:00:52,3.17,-0.01,61,19337,卖盘
2291,10:00:47,3.18,0.01,7,2226,买盘
2292,10:00:42,3.17,--,2,634,卖盘
2293,10:00:37,3.17,--,25,7925,卖盘
2294,10:00:22,3.17,--,1032,327144,卖盘
2295,10:00:12,3.17,--,1046,331582,卖盘
2296,10:00:07,3.17,--,1,317,卖盘
2297,09:59:57,3.17,--,131,41527,卖盘
2298,09:59:52,3.17,--,2,634,卖盘
2299,09:59:46,3.17,--,5,1585,卖盘
2300,09:59:42,3.17,--,70,22190,卖盘
2301,09:59:31,3.17,--,632,200401,卖盘
2302,09:59:27,3.17,--,2,634,卖盘
2303,09:59:22,3.17,-0.01,8,2536,卖盘
2304,09:59:16,3.18,--,2,636,买盘
2305,09:59:12,3.18,0.01,16,5088,买盘
2306,09:59:07,3.17,--,2,634,卖盘
2307,09:58:57,3.17,-0.01,147,46599,卖盘
2308,09:58:52,3.18,0.01,148,47133,买盘
2309,09:58:46,3.17,--,11,3487,卖盘
2310,09:58:42,3.17,--,376,119334,卖盘
2311,09:58:37,3.17,--,304,96510,卖盘
2312,09:58:31,3.17,-0.01,2,634,卖盘
2313,09:58:27,3.18,0.01,4,1272,买盘
2314,09:58:21,3.17,--,287,91121,卖盘
2315,09:58:16,3.17,--,1,317,卖盘
2316,09:58:11,3.17,--,478,151668,卖盘
2317,09:58:07,3.17,--,276,87634,卖盘
2318,09:57:57,3.17,--,277,87951,卖盘
2319,09:57:52,3.17,--,3,951,卖盘
2320,09:57:46,3.17,--,335,106337,卖盘
2321,09:57:37,3.17,--,277,87951,卖盘
2322,09:57:31,3.17,--,281,89219,卖盘
2323,09:57:27,3.17,--,2,634,卖盘
2324,09:57:21,3.17,-0.01,581,184319,卖盘
2325,09:57:16,3.18,0.01,78,24804,买盘
2326,09:57:11,3.17,--,277,87809,卖盘
2327,09:57:07,3.17,--,276,87634,卖盘
2328,09:57:01,3.17,--,41,12997,卖盘
2329,09:56:56,3.17,-0.01,1100,348842,卖盘
2330,09:56:41,3.18,0.01,1441,458381,买盘
2331,09:56:36,3.17,--,130,41210,卖盘
2332,09:56:31,3.17,--,287,91121,卖盘
2333,09:56:26,3.17,--,23,7291,卖盘
2334,09:56:21,3.17,-0.01,281,89219,卖盘
2335,09:56:16,3.18,0.01,19,6042,买盘
2336,09:56:11,3.17,--,26,8242,卖盘
2337,09:56:06,3.17,--,287,91121,卖盘
2338,09:56:01,3.17,--,2,634,卖盘
2339,09:55:56,3.17,--,16,5072,卖盘
2340,09:55:51,3.17,--,276,87634,卖盘
2341,09:55:41,3.17,--,36,11412,卖盘
2342,09:55:36,3.17,--,283,89853,卖盘
2343,09:55:31,3.17,--,1,317,卖盘
2344,09:55:26,3.17,--,277,87951,卖盘
2345,09:55:21,3.17,-0.01,54,17118,卖盘
2346,09:55:16,3.18,--,11,3498,买盘
2347,09:55:11,3.18,--,2191,696738,买盘
2348,09:55:06,3.18,0.01,1377,437886,买盘
2349,09:55:01,3.17,--,2,634,卖盘
2350,09:54:56,3.17,--,343,108873,卖盘
2351,09:54:51,3.17,--,632,200344,卖盘
2352,09:54:41,3.17,--,277,87954,卖盘
2353,09:54:36,3.17,--,283,89856,卖盘
2354,09:54:26,3.17,--,88,27896,卖盘
2355,09:54:21,3.17,--,282,89539,卖盘
2356,09:54:16,3.17,-0.01,31,9827,卖盘
2357,09:54:06,3.18,--,198,62964,买盘
2358,09:53:56,3.18,0.01,85,27030,买盘
2359,09:53:51,3.17,--,282,89539,卖盘
2360,09:53:46,3.17,--,20,6340,卖盘
2361,09:53:40,3.17,-0.01,5,1585,卖盘
2362,09:53:36,3.18,--,239,76002,买盘
2363,09:53:31,3.18,0.01,105,33390,买盘
2364,09:53:21,3.17,-0.01,1,317,卖盘
2365,09:53:16,3.18,0.01,9,2862,买盘
2366,09:53:11,3.17,--,1277,404954,卖盘
2367,09:53:06,3.17,-0.01,74,23458,卖盘
2368,09:53:01,3.18,0.01,100,31800,买盘
2369,09:52:51,3.17,--,21,6657,卖盘
2370,09:52:40,3.17,-0.01,2,634,卖盘
2371,09:52:36,3.18,0.01,100,31800,买盘
2372,09:52:31,3.17,--,2,634,卖盘
2373,09:52:25,3.17,--,53,16801,卖盘
2374,09:52:20,3.17,--,2,634,卖盘
2375,09:52:16,3.17,--,195,61815,卖盘
2376,09:52:10,3.17,--,1262,400196,卖盘
2377,09:52:06,3.17,-0.01,11,3487,卖盘
2378,09:52:00,3.18,--,4110,1306980,买盘
2379,09:51:55,3.18,0.01,6,1908,买盘
2380,09:51:51,3.17,--,14,4438,卖盘
2381,09:51:46,3.17,--,656,207952,卖盘
2382,09:51:36,3.17,--,1,317,卖盘
2383,09:51:30,3.17,--,631,200103,卖盘
2384,09:51:25,3.17,--,31,9827,卖盘
2385,09:51:20,3.17,--,6,1902,卖盘
2386,09:51:15,3.17,--,2,634,卖盘
2387,09:51:05,3.17,--,21,6657,卖盘
2388,09:51:00,3.17,--,3,951,卖盘
2389,09:50:55,3.17,--,2,634,卖盘
2390,09:50:50,3.17,--,110,34870,卖盘
2391,09:50:45,3.17,--,15,4755,卖盘
2392,09:50:40,3.17,-0.01,7,2219,卖盘
2393,09:50:35,3.18,0.01,39,12402,买盘
2394,09:50:30,3.17,--,595,188615,卖盘
2395,09:50:25,3.17,-0.01,1,317,卖盘
2396,09:50:20,3.18,0.01,13,4134,买盘
2397,09:50:15,3.17,--,3060,970191,卖盘
2398,09:50:10,3.17,--,244,77348,卖盘
2399,09:50:05,3.17,-0.01,280,88905,卖盘
2400,09:50:00,3.18,0.01,653,207654,买盘
2401,09:49:55,3.17,--,276,87637,卖盘
2402,09:49:50,3.17,--,460,145820,卖盘
2403,09:49:45,3.17,--,2286,724763,卖盘
2404,09:49:40,3.17,--,38,12046,卖盘
2405,09:49:35,3.17,-0.01,2695,854315,卖盘
2406,09:49:29,3.18,0.01,504,160548,买盘
2407,09:49:25,3.17,-0.01,474,150403,卖盘
2408,09:49:20,3.18,0.01,1,318,买盘
2409,09:49:15,3.17,-0.01,2,634,卖盘
2410,09:49:10,3.18,0.01,876,278714,买盘
2411,09:49:05,3.17,--,1,317,卖盘
2412,09:49:00,3.17,--,279,88588,卖盘
2413,09:48:55,3.17,--,3,951,卖盘
2414,09:48:50,3.17,-0.01,200,63400,卖盘
2415,09:48:45,3.18,--,285,90776,买盘
2416,09:48:40,3.18,--,12,3816,买盘
2417,09:48:35,3.18,0.01,1,318,买盘
2418,09:48:30,3.17,--,2,634,卖盘
2419,09:48:25,3.17,--,310,98301,卖盘
2420,09:48:20,3.17,--,105,33285,卖盘
2421,09:48:10,3.17,--,4836,1533157,卖盘
2422,09:48:05,3.17,-0.01,43,13631,卖盘
2423,09:48:00,3.18,--,5,1590,买盘
2424,09:47:55,3.18,0.01,2067,657306,买盘
2425,09:47:50,3.17,--,946,300027,卖盘
2426,09:47:45,3.17,--,613,194321,卖盘
2427,09:47:35,3.17,--,26,8242,卖盘
2428,09:47:30,3.17,--,16,5072,卖盘
2429,09:47:25,3.17,-0.01,1,317,卖盘
2430,09:47:20,3.18,0.01,629,200168,买盘
2431,09:47:15,3.17,--,758,240286,卖盘
2432,09:47:10,3.17,-0.01,277,87954,卖盘
2433,09:47:05,3.18,0.01,2,636,买盘
2434,09:47:00,3.17,--,388,123141,卖盘
2435,09:46:55,3.17,--,86,27262,卖盘
2436,09:46:49,3.17,-0.01,456,144552,卖盘
2437,09:46:45,3.18,--,37,11766,买盘
2438,09:46:40,3.18,--,5,1590,买盘
2439,09:46:35,3.18,0.01,11,3498,买盘
2440,09:46:30,3.17,--,277,87954,卖盘
2441,09:46:25,3.17,-0.01,1,317,卖盘
2442,09:46:19,3.18,0.01,443,141020,买盘
2443,09:46:15,3.17,--,50,15850,卖盘
2444,09:46:10,3.17,--,20,6340,卖盘
2445,09:46:04,3.17,-0.01,337,106829,卖盘
2446,09:46:00,3.18,0.01,73,23214,买盘
2447,09:45:55,3.17,-0.01,1,317,卖盘
2448,09:45:49,3.18,0.01,7,2226,买盘
2449,09:45:45,3.17,--,2023,641291,卖盘
2450,09:45:39,3.17,--,34,10778,卖盘
2451,09:45:34,3.17,--,6,1902,卖盘
2452,09:45:30,3.17,--,192,60864,卖盘
2453,09:45:25,3.17,--,1,317,卖盘
2454,09:45:19,3.17,-0.01,40,12680,卖盘
2455,09:45:15,3.18,0.01,40,12720,买盘
2456,09:44:54,3.17,--,91,28847,卖盘
2457,09:44:49,3.17,-0.01,3,951,卖盘
2458,09:44:44,3.18,--,1,318,买盘
2459,09:44:39,3.18,--,33,10494,买盘
2460,09:44:34,3.18,--,100,31800,买盘
2461,09:44:29,3.18,--,431,137058,买盘
2462,09:44:25,3.18,0.01,11,3498,买盘
2463,09:44:14,3.17,--,113,35821,卖盘
2464,09:44:09,3.17,-0.01,68,21556,卖盘
2465,09:43:59,3.18,0.01,10,3180,买盘
2466,09:43:54,3.17,-0.01,81,25677,卖盘
2467,09:43:49,3.18,0.01,2013,640134,买盘
2468,09:43:39,3.17,-0.01,358,113486,卖盘
2469,09:43:34,3.18,0.01,200,63600,买盘
2470,09:43:29,3.17,--,3989,1264513,卖盘
2471,09:43:24,3.17,-0.01,183,58296,卖盘
2472,09:43:19,3.18,0.01,116,36888,买盘
2473,09:43:09,3.17,-0.01,1,317,卖盘
2474,09:42:59,3.18,--,51,16218,买盘
2475,09:42:54,3.18,0.01,323,102714,买盘
2476,09:42:49,3.17,--,7,2219,卖盘
2477,09:42:44,3.17,--,617,195589,卖盘
2478,09:42:39,3.17,--,72,22824,卖盘
2479,09:42:34,3.17,--,56,17752,卖盘
2480,09:42:29,3.17,-0.01,159,50403,卖盘
2481,09:42:24,3.18,--,8,2544,买盘
2482,09:42:19,3.18,0.01,104,33072,买盘
2483,09:42:09,3.17,--,125,39625,卖盘
2484,09:42:04,3.17,-0.01,775,245675,卖盘
2485,09:41:59,3.18,0.01,897,285246,买盘
2486,09:41:54,3.17,-0.02,9629,3052393,卖盘
2487,09:41:49,3.19,0.01,3326,1060994,买盘
2488,09:41:44,3.18,--,924,293832,卖盘
2489,09:41:39,3.18,--,13,4134,卖盘
2490,09:41:29,3.18,--,2,636,卖盘
2491,09:41:19,3.18,--,19,6042,卖盘
2492,09:41:14,3.18,--,140,44520,卖盘
2493,09:41:09,3.18,-0.01,7,2226,卖盘
2494,09:41:04,3.19,0.01,358,114202,买盘
2495,09:40:59,3.18,-0.01,1137,361566,卖盘
2496,09:40:54,3.19,0.01,2361,753159,买盘
2497,09:40:34,3.18,-0.01,100,31800,卖盘
2498,09:40:29,3.19,--,1002,319638,买盘
2499,09:40:24,3.19,0.01,802,255838,买盘
2500,09:40:19,3.18,--,7,2226,卖盘
2501,09:40:14,3.18,--,106,33708,卖盘
2502,09:40:09,3.18,--,409,130062,卖盘
2503,09:40:04,3.18,--,101,32118,卖盘
2504,09:39:59,3.18,-0.01,191,60738,卖盘
2505,09:39:54,3.19,0.01,2486,793034,买盘
2506,09:39:43,3.18,--,151,48018,卖盘
2507,09:39:38,3.18,--,8,2544,卖盘
2508,09:39:34,3.18,--,1,318,卖盘
2509,09:39:28,3.18,--,12,3816,卖盘
2510,09:39:24,3.18,--,321,102078,卖盘
2511,09:39:19,3.18,0.01,85,27030,中性盘
2512,09:39:13,3.17,-0.02,1302,412879,卖盘
2513,09:39:08,3.19,0.02,2081,663839,买盘
2514,09:39:04,3.17,-0.01,296,94022,卖盘
2515,09:38:58,3.18,--,7,2226,卖盘
2516,09:38:53,3.18,-0.01,397,126246,卖盘
2517,09:38:49,3.19,0.01,350,111650,买盘
2518,09:38:38,3.18,--,739,235075,卖盘
2519,09:38:32,3.18,--,11,3498,卖盘
2520,09:38:23,3.18,--,5,1590,卖盘
2521,09:38:17,3.18,--,41,13038,卖盘
2522,09:38:13,3.18,0.01,207,65880,买盘
2523,09:38:08,3.17,-0.01,917,290689,卖盘
2524,09:38:03,3.18,--,94,29892,买盘
2525,09:37:58,3.18,--,2531,805026,卖盘
2526,09:37:53,3.18,--,2041,649038,卖盘
2527,09:37:47,3.18,--,934,297085,卖盘
2528,09:37:43,3.18,--,7,2226,卖盘
2529,09:37:38,3.18,--,137,43566,卖盘
2530,09:37:32,3.18,--,32,10176,卖盘
2531,09:37:28,3.18,--,4,1272,卖盘
2532,09:37:17,3.18,--,1717,546006,卖盘
2533,09:37:13,3.18,-0.01,83,26394,卖盘
2534,09:37:08,3.19,0.01,10050,3205950,买盘
2535,09:37:02,3.18,--,502,159636,卖盘
2536,09:36:58,3.18,--,5,1590,卖盘
2537,09:36:53,3.18,--,397,126246,卖盘
2538,09:36:47,3.18,--,217,69006,卖盘
2539,09:36:43,3.18,--,100,31800,卖盘
2540,09:36:38,3.18,--,337,107166,卖盘
2541,09:36:32,3.18,--,5,1590,卖盘
2542,09:36:23,3.18,--,222,70596,卖盘
2543,09:36:17,3.18,--,1,318,卖盘
2544,09:36:13,3.18,-0.01,3001,954318,卖盘
2545,09:36:02,3.19,--,259,82621,买盘
2546,09:35:58,3.19,0.01,2547,812493,买盘
2547,09:35:53,3.18,-0.01,3549,1128582,卖盘
2548,09:35:47,3.19,--,100,31900,买盘
2549,09:35:43,3.19,0.01,4,1276,买盘
2550,09:35:38,3.18,-0.01,30,9540,卖盘
2551,09:35:32,3.19,0.01,324,103356,买盘
2552,09:35:28,3.18,--,110,34980,卖盘
2553,09:35:23,3.18,--,2,636,卖盘
2554,09:35:17,3.18,--,71,22578,卖盘
2555,09:35:13,3.18,--,641,203914,卖盘
2556,09:35:08,3.18,--,8,2544,卖盘
2557,09:34:58,3.18,--,7,2226,卖盘
2558,09:34:53,3.18,--,2527,803586,卖盘
2559,09:34:47,3.18,--,1009,320862,卖盘
2560,09:34:43,3.18,-0.01,10,3180,卖盘
2561,09:34:38,3.19,0.01,10,3190,买盘
2562,09:34:32,3.18,--,206,65508,卖盘
2563,09:34:23,3.18,--,10,3180,卖盘
2564,09:34:17,3.18,--,272,86496,卖盘
2565,09:34:13,3.18,--,145,46110,卖盘
2566,09:34:08,3.18,--,5,1590,卖盘
2567,09:34:02,3.18,--,368,117024,卖盘
2568,09:33:53,3.18,--,294,93492,买盘
2569,09:33:47,3.18,--,234,74412,买盘
2570,09:33:43,3.18,--,64,20352,买盘
2571,09:33:38,3.18,--,2809,893262,买盘
2572,09:33:32,3.18,--,161,51198,买盘
2573,09:33:28,3.18,--,237,75366,买盘
2574,09:33:23,3.18,0.01,30,9540,买盘
2575,09:33:17,3.17,-0.01,102,32334,卖盘
2576,09:33:08,3.18,--,553,175854,买盘
2577,09:33:02,3.18,0.01,739,235002,买盘
2578,09:32:58,3.17,-0.01,32,10144,卖盘
2579,09:32:53,3.18,--,1063,338034,买盘
2580,09:32:47,3.18,--,70,22260,买盘
2581,09:32:43,3.18,0.01,60,19080,买盘
2582,09:32:37,3.17,--,56,17752,卖盘
2583,09:32:32,3.17,-0.01,2120,672040,卖盘
2584,09:32:28,3.18,--,11,3498,买盘
2585,09:32:22,3.18,--,135,42930,买盘
2586,09:32:17,3.18,--,525,166950,买盘
2587,09:32:12,3.18,--,68,21624,买盘
2588,09:32:07,3.18,--,125,39750,买盘
2589,09:32:02,3.18,--,21,6678,买盘
2590,09:31:57,3.18,--,145,46110,买盘
2591,09:31:52,3.18,0.01,25,7950,买盘
2592,09:31:47,3.17,-0.01,495,157016,卖盘
2593,09:31:42,3.18,--,311,98898,卖盘
2594,09:31:37,3.18,-0.01,38,12084,卖盘
2595,09:31:32,3.19,0.01,2740,874060,买盘
2596,09:31:27,3.18,--,1025,325975,卖盘
2597,09:31:22,3.18,--,93,29574,卖盘
2598,09:31:17,3.18,--,678,215705,卖盘
2599,09:31:11,3.18,--,1005,319691,卖盘
2600,09:31:07,3.18,--,1522,484097,卖盘
2601,09:31:02,3.18,--,1322,420497,卖盘
2602,09:30:56,3.18,--,7121,2264478,卖盘
2603,09:30:52,3.18,--,2039,648503,卖盘
2604,09:30:47,3.18,--,324,103133,卖盘
2605,09:30:41,3.18,-0.01,7,2226,卖盘
2606,09:30:36,3.19,0.01,266,84854,买盘
2607,09:30:32,3.18,--,64,20352,卖盘
2608,09:30:26,3.18,--,760,241680,卖盘
2609,09:30:17,3.18,--,188,59784,卖盘
2610,09:30:11,3.18,--,3008,956544,卖盘
2611,09:30:07,3.18,--,1346,428028,卖盘
2612,09:30:02,3.18,--,19440,6181920,卖盘
2613,09:28:41,3.18,--,0,0,卖盘
2614,09:25:05,3.18,3.18,10959,3484962,买盘
