,time,price,change,volume,amount,type
0,15:00:00,29.11,--,0,0,买盘
1,15:00:00,29.11,--,0,0,买盘
2,15:00:00,29.11,--,1,2911,买盘
3,14:59:57,29.11,-0.02,1,2911,中性盘
4,14:59:52,29.13,0.03,58,168954,买盘
5,14:59:47,29.1,-0.01,22,64020,卖盘
6,14:59:43,29.11,-0.02,25,72775,卖盘
7,14:59:37,29.13,0.02,33,96129,买盘
8,14:59:32,29.11,--,1,2911,卖盘
9,14:59:28,29.11,-0.01,43,125173,卖盘
10,14:59:22,29.12,--,26,75712,中性盘
11,14:59:17,29.12,-0.01,5,14560,中性盘
12,14:59:13,29.13,--,1,2913,买盘
13,14:59:07,29.13,0.01,26,77835,买盘
14,14:59:02,29.12,-0.01,14,41175,卖盘
15,14:58:57,29.13,--,10,29130,买盘
16,14:58:52,29.13,0.01,42,122346,买盘
17,14:58:47,29.12,--,36,106462,卖盘
18,14:58:42,29.12,--,1,2912,卖盘
19,14:58:37,29.12,--,22,64064,卖盘
20,14:58:32,29.12,0.01,34,99008,买盘
21,14:58:27,29.11,-0.01,3,8733,卖盘
22,14:58:22,29.12,--,12,34944,卖盘
23,14:58:17,29.12,-0.02,34,99008,卖盘
24,14:58:12,29.14,0.01,37,107818,买盘
25,14:58:07,29.13,--,10,29130,卖盘
26,14:58:02,29.13,0.01,10,29130,买盘
27,14:57:57,29.12,--,8,23296,卖盘
28,14:57:52,29.12,-0.01,4,11648,卖盘
29,14:57:47,29.13,0.01,8,23304,买盘
30,14:57:42,29.12,--,1,2912,卖盘
31,14:57:37,29.12,-0.01,24,69888,卖盘
32,14:57:32,29.13,--,4,11652,买盘
33,14:57:27,29.13,0.01,50,145650,买盘
34,14:57:22,29.12,--,21,61152,卖盘
35,14:57:17,29.12,0.01,8,23296,卖盘
36,14:57:12,29.11,--,0,0,卖盘
37,14:57:07,29.11,-0.01,11,32021,卖盘
38,14:57:02,29.12,0.01,15,43680,买盘
39,14:56:52,29.11,--,24,69864,卖盘
40,14:56:47,29.11,--,39,113529,卖盘
41,14:56:42,29.11,0.01,16,46576,买盘
42,14:56:37,29.1,-0.01,1,2910,卖盘
43,14:56:32,29.11,--,10,29110,买盘
44,14:56:22,29.11,--,31,90241,买盘
45,14:56:17,29.11,0.01,15,43665,买盘
46,14:56:12,29.1,--,5,14550,卖盘
47,14:56:07,29.1,-0.01,2,5820,卖盘
48,14:55:57,29.11,0.01,8,23288,买盘
49,14:55:47,29.1,--,1,2910,卖盘
50,14:55:37,29.1,--,29,86950,卖盘
51,14:55:32,29.1,-0.01,35,104410,卖盘
52,14:55:27,29.11,--,1,2911,卖盘
53,14:55:22,29.11,-0.01,16,49137,卖盘
54,14:55:17,29.12,0.01,24,69888,买盘
55,14:55:07,29.11,-0.01,15,43665,卖盘
56,14:55:02,29.12,--,7,20384,买盘
57,14:54:57,29.12,0.01,21,61152,买盘
58,14:54:52,29.11,--,12,34932,卖盘
59,14:54:47,29.11,--,42,124387,卖盘
60,14:54:22,29.11,-0.01,33,96063,卖盘
61,14:54:17,29.12,0.01,25,72800,买盘
62,14:54:12,29.11,--,26,75686,卖盘
63,14:54:07,29.11,-0.01,117,340587,卖盘
64,14:54:02,29.12,--,4,11648,买盘
65,14:53:57,29.12,0.01,2,5824,买盘
66,14:53:52,29.11,-0.01,3,8733,卖盘
67,14:53:47,29.12,-0.01,10,29120,卖盘
68,14:53:42,29.13,0.01,5,14565,买盘
69,14:53:37,29.12,-0.01,28,83574,卖盘
70,14:53:32,29.13,--,24,69912,买盘
71,14:53:27,29.13,0.01,31,90303,买盘
72,14:53:22,29.12,--,28,81536,卖盘
73,14:53:17,29.12,-0.01,6,17472,卖盘
74,14:53:12,29.13,--,10,29130,买盘
75,14:53:07,29.13,-0.01,10,29130,中性盘
76,14:53:01,29.14,--,6,17484,买盘
77,14:52:57,29.14,0.02,50,145700,买盘
78,14:52:52,29.12,-0.02,16,46592,卖盘
79,14:52:41,29.14,0.01,3,8742,买盘
80,14:52:37,29.13,-0.01,16,46608,卖盘
81,14:52:27,29.14,0.01,16,46624,买盘
82,14:52:21,29.13,--,13,37869,卖盘
83,14:52:16,29.13,--,18,52434,卖盘
84,14:52:06,29.13,-0.01,35,101955,卖盘
85,14:52:01,29.14,0.01,2,5828,中性盘
86,14:51:51,29.13,-0.02,36,104868,卖盘
87,14:51:46,29.15,0.02,115,335225,买盘
88,14:51:41,29.13,0.01,37,107781,买盘
89,14:51:36,29.12,--,15,43680,卖盘
90,14:51:26,29.12,--,4,11648,卖盘
91,14:51:21,29.12,--,65,189280,卖盘
92,14:51:16,29.12,--,6,17472,卖盘
93,14:51:11,29.12,--,1,2912,卖盘
94,14:51:00,29.12,--,1,2912,卖盘
95,14:50:56,29.12,--,7,21257,买盘
96,14:50:46,29.12,0.01,6,17472,买盘
97,14:50:20,29.11,--,11,32021,买盘
98,14:50:11,29.11,0.01,38,110618,买盘
99,14:49:46,29.1,--,1,2910,卖盘
100,14:49:41,29.1,0.01,85,247350,买盘
101,14:49:31,29.09,-0.01,2,5818,卖盘
102,14:49:26,29.1,0.01,51,148410,买盘
103,14:49:21,29.09,--,30,87270,卖盘
104,14:49:05,29.09,-0.01,2,5818,卖盘
105,14:49:01,29.1,0.01,21,61110,买盘
106,14:48:56,29.09,--,26,75634,卖盘
107,14:48:51,29.09,--,53,154177,卖盘
108,14:48:41,29.09,--,2,5818,卖盘
109,14:48:36,29.09,-0.01,10,29090,卖盘
110,14:48:30,29.1,--,2,5820,买盘
111,14:48:21,29.1,0.01,7,20370,买盘
112,14:48:16,29.09,--,0,0,卖盘
113,14:48:11,29.09,-0.01,61,177449,卖盘
114,14:48:06,29.1,0.01,12,34920,买盘
115,14:48:01,29.09,--,1,2909,卖盘
116,14:47:56,29.09,-0.01,1,2909,卖盘
117,14:47:41,29.1,--,20,58200,买盘
118,14:47:31,29.1,--,37,107670,卖盘
119,14:47:16,29.1,--,10,29100,卖盘
120,14:47:11,29.1,--,22,64020,买盘
121,14:46:56,29.1,--,4,11640,买盘
122,14:46:50,29.1,--,3,8730,卖盘
123,14:46:41,29.1,--,0,0,中性盘
124,14:46:35,29.1,-0.01,30,87300,卖盘
125,14:46:30,29.11,0.01,6,17466,买盘
126,14:46:26,29.1,--,5,14550,卖盘
127,14:46:16,29.1,0.01,4,11640,卖盘
128,14:46:10,29.09,-0.01,2,5818,卖盘
129,14:46:05,29.1,0.01,1,2910,买盘
130,14:45:55,29.09,--,13,37817,卖盘
131,14:45:50,29.09,-0.02,7,20363,卖盘
132,14:45:46,29.11,0.01,13,37843,买盘
133,14:45:35,29.1,0.01,42,122220,买盘
134,14:45:25,29.09,--,2,5818,卖盘
135,14:45:20,29.09,--,7,20363,卖盘
136,14:45:15,29.09,-0.01,28,81452,卖盘
137,14:45:05,29.1,--,34,98940,买盘
138,14:44:50,29.1,--,13,37830,买盘
139,14:44:40,29.1,--,0,0,中性盘
140,14:44:35,29.1,--,31,90210,卖盘
141,14:44:29,29.1,-0.01,11,32010,卖盘
142,14:44:25,29.11,0.01,20,58220,买盘
143,14:44:20,29.1,--,24,69840,卖盘
144,14:44:05,29.1,--,19,55290,卖盘
145,14:43:59,29.1,-0.01,1,2910,卖盘
146,14:43:55,29.11,0.03,2,5822,买盘
147,14:43:50,29.08,-0.02,10,29080,卖盘
148,14:43:44,29.1,--,1,2910,买盘
149,14:43:35,29.1,-0.01,61,177510,买盘
150,14:43:20,29.11,0.01,101,294011,买盘
151,14:43:14,29.1,--,20,58200,卖盘
152,14:43:10,29.1,--,5,14550,卖盘
153,14:42:50,29.1,-0.01,37,107670,卖盘
154,14:42:44,29.11,0.01,1,2911,买盘
155,14:42:40,29.1,--,7,20370,卖盘
156,14:42:35,29.1,--,10,29100,卖盘
157,14:42:20,29.1,--,19,55290,卖盘
158,14:42:14,29.1,0.01,23,66930,买盘
159,14:42:10,29.09,--,12,34908,卖盘
160,14:42:05,29.09,--,29,84361,卖盘
161,14:41:50,29.09,--,0,0,卖盘
162,14:41:44,29.09,0.01,38,110542,买盘
163,14:41:35,29.08,--,22,63975,卖盘
164,14:41:25,29.08,--,3,8724,卖盘
165,14:41:10,29.08,--,17,49436,卖盘
166,14:41:05,29.08,0.03,326,948008,买盘
167,14:40:55,29.05,0.04,22,63910,买盘
168,14:40:50,29.01,-0.04,54,156654,卖盘
169,14:40:40,29.05,--,14,40670,卖盘
170,14:40:35,29.05,--,0,0,卖盘
171,14:40:25,29.05,--,8,23240,卖盘
172,14:40:20,29.05,-0.03,37,107485,卖盘
173,14:40:09,29.08,--,34,98872,卖盘
174,14:39:59,29.08,-0.02,9,26172,卖盘
175,14:39:50,29.1,--,11,34047,卖盘
176,14:39:40,29.1,0.01,36,105633,买盘
177,14:39:35,29.09,-0.01,30,87270,卖盘
178,14:39:24,29.1,--,7,20370,买盘
179,14:39:20,29.1,-0.01,10,31137,卖盘
180,14:39:14,29.11,0.01,1,2911,买盘
181,14:39:09,29.1,--,5,14550,卖盘
182,14:39:04,29.1,--,19,55290,卖盘
183,14:38:59,29.1,--,24,72400,卖盘
184,14:38:54,29.1,--,16,46560,卖盘
185,14:38:49,29.1,--,33,96030,卖盘
186,14:38:44,29.1,-0.01,40,118378,卖盘
187,14:38:34,29.11,0.01,23,66953,买盘
188,14:38:29,29.1,-0.02,2,5820,卖盘
189,14:38:19,29.12,0.02,24,69888,买盘
190,14:38:14,29.1,--,8,23280,卖盘
191,14:38:09,29.1,-0.01,6,17460,卖盘
192,14:38:04,29.11,--,1,2911,卖盘
193,14:37:59,29.11,0.01,9,26199,买盘
194,14:37:49,29.1,--,39,113490,卖盘
195,14:37:34,29.1,--,0,29,卖盘
196,14:37:23,29.1,-0.01,1,2910,卖盘
197,14:37:19,29.11,0.01,49,142639,买盘
198,14:37:08,29.1,--,20,58200,卖盘
199,14:37:04,29.1,--,19,55290,卖盘
200,14:36:49,29.1,--,18,52380,卖盘
201,14:36:38,29.1,-0.01,100,291000,卖盘
202,14:36:34,29.11,--,3,8733,卖盘
203,14:36:29,29.11,--,54,157194,卖盘
204,14:36:19,29.11,--,42,124154,卖盘
205,14:36:14,29.11,--,24,69864,卖盘
206,14:36:04,29.11,-0.01,23,66953,卖盘
207,14:35:59,29.12,0.01,2,5824,买盘
208,14:35:53,29.11,--,17,49719,卖盘
209,14:35:49,29.11,--,24,69864,卖盘
210,14:35:44,29.11,--,24,69864,卖盘
211,14:35:34,29.11,-0.01,18,52398,卖盘
212,14:35:29,29.12,--,51,148512,卖盘
213,14:35:19,29.12,--,42,122304,卖盘
214,14:35:04,29.12,--,19,55328,卖盘
215,14:34:49,29.12,-0.01,8,23296,卖盘
216,14:34:34,29.13,0.01,25,72825,买盘
217,14:34:29,29.12,--,2,5824,卖盘
218,14:34:19,29.12,-0.01,42,122304,卖盘
219,14:34:14,29.13,0.01,14,40782,买盘
220,14:34:04,29.12,--,1,2912,卖盘
221,14:33:59,29.12,--,3,8736,卖盘
222,14:33:49,29.12,--,41,119392,卖盘
223,14:33:44,29.12,--,4,11648,卖盘
224,14:33:38,29.12,--,14,40768,卖盘
225,14:33:28,29.12,--,19,55328,卖盘
226,14:33:19,29.12,--,38,110656,卖盘
227,14:33:13,29.12,--,26,75712,卖盘
228,14:33:03,29.12,-0.01,19,55328,卖盘
229,14:32:58,29.13,--,3,8739,买盘
230,14:32:49,29.13,--,32,95837,卖盘
231,14:32:38,29.13,-0.01,17,49521,卖盘
232,14:32:28,29.14,0.01,2,5828,买盘
233,14:32:23,29.13,--,0,0,卖盘
234,14:32:18,29.13,-0.01,41,119433,卖盘
235,14:32:13,29.14,--,4,11656,卖盘
236,14:32:03,29.14,--,2,5828,卖盘
237,14:31:58,29.14,--,7,20689,卖盘
238,14:31:53,29.14,--,5,14570,卖盘
239,14:31:43,29.14,--,14,40796,卖盘
240,14:31:38,29.14,0.01,61,177754,买盘
241,14:31:18,29.13,-0.01,19,55347,卖盘
242,14:31:13,29.14,0.01,14,40796,买盘
243,14:31:08,29.13,-0.02,18,52434,卖盘
244,14:30:53,29.15,--,0,0,中性盘
245,14:30:48,29.15,--,29,84535,卖盘
246,14:30:43,29.15,0.01,31,90365,买盘
247,14:30:38,29.14,--,22,64108,卖盘
248,14:30:23,29.14,-0.01,1,2914,卖盘
249,14:30:13,29.15,0.02,15,43725,买盘
250,14:30:08,29.13,-0.01,18,52434,卖盘
251,14:30:02,29.14,--,3,8742,买盘
252,14:29:53,29.14,--,5,14570,卖盘
253,14:29:47,29.14,-0.01,18,52452,中性盘
254,14:29:38,29.15,--,20,58300,买盘
255,14:29:32,29.15,--,0,0,买盘
256,14:29:28,29.15,-0.01,3,8745,卖盘
257,14:29:23,29.16,0.03,5,14580,买盘
258,14:29:17,29.13,-0.01,26,75738,卖盘
259,14:29:13,29.14,--,5,14570,买盘
260,14:29:08,29.14,0.01,6,17484,卖盘
261,14:28:58,29.13,--,0,0,卖盘
262,14:28:53,29.13,--,0,0,卖盘
263,14:28:47,29.13,-0.02,69,200997,卖盘
264,14:28:43,29.15,0.01,5,14575,买盘
265,14:28:38,29.14,--,32,93248,买盘
266,14:28:23,29.14,-0.02,5,14570,卖盘
267,14:28:17,29.16,--,0,0,买盘
268,14:28:13,29.16,0.03,6,17496,买盘
269,14:28:08,29.13,-0.01,21,61173,卖盘
270,14:28:02,29.14,0.01,16,46624,买盘
271,14:27:53,29.13,--,0,0,卖盘
272,14:27:47,29.13,-0.01,19,55347,卖盘
273,14:27:43,29.14,--,2,5828,卖盘
274,14:27:38,29.14,--,18,52452,卖盘
275,14:27:23,29.14,--,2,5828,卖盘
276,14:27:17,29.14,-0.01,6,17484,卖盘
277,14:27:13,29.15,0.01,14,40810,买盘
278,14:27:07,29.14,-0.01,19,55366,卖盘
279,14:26:52,29.15,0.01,6,17490,买盘
280,14:26:47,29.14,-0.01,18,52452,卖盘
281,14:26:43,29.15,-0.01,64,186560,卖盘
282,14:26:32,29.16,0.01,2,5832,中性盘
283,14:26:22,29.15,--,19,55385,卖盘
284,14:26:17,29.15,--,26,75790,卖盘
285,14:26:12,29.15,--,6,17490,卖盘
286,14:26:07,29.15,--,20,58300,卖盘
287,14:25:57,29.15,--,5,14575,卖盘
288,14:25:47,29.15,--,14,40810,卖盘
289,14:25:42,29.15,0.01,10,29150,买盘
290,14:25:37,29.14,-0.01,19,55366,卖盘
291,14:25:22,29.15,0.01,2,5830,卖盘
292,14:25:17,29.14,-0.01,20,58280,卖盘
293,14:25:07,29.15,-0.03,4,11660,卖盘
294,14:25:02,29.18,--,1,2918,买盘
295,14:24:57,29.18,0.03,3,8754,买盘
296,14:24:52,29.15,--,40,116600,卖盘
297,14:24:47,29.15,-0.02,9,26235,卖盘
298,14:24:37,29.17,-0.01,9,26253,中性盘
299,14:24:22,29.18,0.04,20,58360,买盘
300,14:24:17,29.14,-0.04,18,52452,卖盘
301,14:24:12,29.18,0.04,4,11672,买盘
302,14:24:07,29.14,-0.04,100,291400,卖盘
303,14:24:02,29.18,--,0,0,中性盘
304,14:23:52,29.18,0.03,23,67114,买盘
305,14:23:47,29.15,-0.01,31,90365,卖盘
306,14:23:42,29.16,--,5,14580,卖盘
307,14:23:37,29.16,0.02,7,20412,卖盘
308,14:23:32,29.14,--,0,0,卖盘
309,14:23:22,29.14,--,0,0,卖盘
310,14:23:17,29.14,-0.06,42,122388,卖盘
311,14:23:02,29.2,--,1,2920,买盘
312,14:22:56,29.2,0.02,7,20440,买盘
313,14:22:52,29.18,-0.02,28,84009,卖盘
314,14:22:47,29.2,--,35,102200,卖盘
315,14:22:41,29.2,--,0,0,卖盘
316,14:22:37,29.2,-0.01,23,67160,卖盘
317,14:22:22,29.21,-0.02,9,26289,卖盘
318,14:22:17,29.23,0.03,23,67229,买盘
319,14:21:52,29.2,--,19,55480,卖盘
320,14:21:47,29.2,--,10,29200,卖盘
321,14:21:41,29.2,--,2,5840,卖盘
322,14:21:37,29.2,-0.03,220,642400,卖盘
323,14:21:32,29.23,0.03,11,32153,买盘
324,14:21:22,29.2,-0.03,23,67160,卖盘
325,14:21:16,29.23,0.03,22,64306,买盘
326,14:21:11,29.2,--,26,75920,卖盘
327,14:21:02,29.2,--,0,0,卖盘
328,14:20:52,29.2,--,22,64240,卖盘
329,14:20:47,29.2,-0.02,37,108040,卖盘
330,14:20:41,29.22,0.01,3,8766,买盘
331,14:20:31,29.21,--,1,2921,卖盘
332,14:20:16,29.21,-0.01,7,20447,卖盘
333,14:20:11,29.22,0.01,7,20454,买盘
334,14:20:06,29.21,0.01,18,52578,卖盘
335,14:20:02,29.2,--,0,0,卖盘
336,14:19:56,29.2,--,11,32120,卖盘
337,14:19:51,29.2,--,21,61320,卖盘
338,14:19:46,29.2,--,15,43800,卖盘
339,14:19:26,29.2,--,13,38573,卖盘
340,14:19:21,29.2,-0.03,16,46720,卖盘
341,14:19:16,29.23,0.02,28,81844,买盘
342,14:19:11,29.21,-0.01,5,14605,买盘
343,14:19:06,29.22,0.02,12,35064,买盘
344,14:18:51,29.2,--,19,55480,卖盘
345,14:18:46,29.2,-0.02,27,78840,卖盘
346,14:18:41,29.22,--,2,5844,买盘
347,14:18:36,29.22,-0.01,8,23376,卖盘
348,14:18:26,29.23,--,10,29230,买盘
349,14:18:16,29.23,--,12,35076,买盘
350,14:18:11,29.23,0.03,14,40922,买盘
351,14:18:06,29.2,-0.02,60,175200,卖盘
352,14:18:01,29.22,--,11,32142,买盘
353,14:17:56,29.22,0.02,2,5844,买盘
354,14:17:51,29.2,--,0,0,卖盘
355,14:17:46,29.2,-0.01,32,93440,卖盘
356,14:17:41,29.21,--,14,40894,卖盘
357,14:17:36,29.21,-0.02,14,40894,卖盘
358,14:17:16,29.23,--,7,20461,买盘
359,14:17:11,29.23,--,8,23384,卖盘
360,14:17:06,29.23,--,18,52614,卖盘
361,14:17:01,29.23,0.03,8,23384,买盘
362,14:16:51,29.2,-0.01,19,55480,卖盘
363,14:16:46,29.21,-0.02,38,110998,买盘
364,14:16:31,29.23,--,0,0,买盘
365,14:16:26,29.23,0.03,10,29230,买盘
366,14:16:21,29.2,--,0,0,卖盘
367,14:16:16,29.2,-0.03,16,46720,卖盘
368,14:16:11,29.23,0.03,4,11692,买盘
369,14:16:06,29.2,--,0,0,卖盘
370,14:15:56,29.2,--,0,0,卖盘
371,14:15:51,29.2,--,19,55480,卖盘
372,14:15:46,29.2,-0.01,33,96360,卖盘
373,14:15:41,29.21,--,16,46736,买盘
374,14:15:36,29.21,-0.01,32,93472,卖盘
375,14:15:31,29.22,--,0,0,买盘
376,14:15:26,29.22,--,1,2922,买盘
377,14:15:21,29.22,--,0,0,中性盘
378,14:15:16,29.22,0.01,9,26298,买盘
379,14:15:10,29.21,--,9,26289,买盘
380,14:15:06,29.21,0.01,41,119761,买盘
381,14:15:01,29.2,--,21,61320,卖盘
382,14:14:56,29.2,--,4,11680,卖盘
383,14:14:50,29.2,--,19,55480,卖盘
384,14:14:46,29.2,--,19,55480,卖盘
385,14:14:40,29.2,--,10,29200,卖盘
386,14:14:31,29.2,-0.01,1,2920,卖盘
387,14:14:25,29.21,0.01,13,37973,买盘
388,14:14:20,29.2,-0.01,19,55480,卖盘
389,14:14:16,29.21,--,30,87630,买盘
390,14:14:10,29.21,0.01,20,58420,买盘
391,14:14:05,29.2,--,18,52560,卖盘
392,14:14:01,29.2,--,2,5840,卖盘
393,14:13:55,29.2,--,0,0,卖盘
394,14:13:46,29.2,-0.01,12,35040,卖盘
395,14:13:40,29.21,--,35,102235,买盘
396,14:13:35,29.21,--,35,102235,买盘
397,14:13:31,29.21,--,6,17526,买盘
398,14:13:20,29.21,--,26,75946,买盘
399,14:13:16,29.21,--,25,73025,买盘
400,14:13:10,29.21,--,4,11684,买盘
401,14:13:05,29.21,0.01,23,67183,买盘
402,14:12:45,29.2,-0.01,24,70080,卖盘
403,14:12:35,29.21,--,17,49657,卖盘
404,14:12:15,29.21,--,15,43815,买盘
405,14:12:10,29.21,--,4,11684,买盘
406,14:12:05,29.21,0.01,25,73025,买盘
407,14:11:55,29.2,--,4,11680,卖盘
408,14:11:50,29.2,--,18,52560,卖盘
409,14:11:40,29.2,--,5,14600,卖盘
410,14:11:35,29.2,0.03,42,122640,买盘
411,14:11:20,29.17,--,43,125431,卖盘
412,14:11:15,29.17,-0.01,10,29170,卖盘
413,14:11:10,29.18,0.01,5,14590,买盘
414,14:10:55,29.17,--,3,8751,卖盘
415,14:10:50,29.17,-0.01,40,116680,卖盘
416,14:10:45,29.18,--,1,2918,买盘
417,14:10:40,29.18,--,10,29180,买盘
418,14:10:35,29.18,-0.01,7,20426,中性盘
419,14:10:30,29.19,0.01,4,11676,买盘
420,14:10:25,29.18,--,1,2918,买盘
421,14:10:20,29.18,--,51,148818,卖盘
422,14:10:15,29.18,-0.01,5,14590,卖盘
423,14:10:10,29.19,0.01,5,14595,买盘
424,14:10:05,29.18,--,14,40852,卖盘
425,14:10:00,29.18,--,1,2918,卖盘
426,14:09:50,29.18,--,19,55442,卖盘
427,14:09:40,29.18,0.05,7,20426,买盘
428,14:09:35,29.13,-0.05,8,23304,卖盘
429,14:09:25,29.18,--,0,0,买盘
430,14:09:20,29.18,0.06,33,96294,买盘
431,14:09:10,29.12,--,5,14560,卖盘
432,14:09:05,29.12,-0.06,20,58240,中性盘
433,14:08:55,29.18,0.07,9,26262,买盘
434,14:08:50,29.11,-0.09,37,107707,卖盘
435,14:08:35,29.2,--,0,0,买盘
436,14:08:25,29.2,--,62,181040,卖盘
437,14:08:20,29.2,-0.05,37,108040,卖盘
438,14:08:10,29.25,0.05,8,23400,买盘
439,14:08:00,29.2,--,0,0,卖盘
440,14:07:55,29.2,--,0,0,卖盘
441,14:07:50,29.2,-0.05,19,55480,卖盘
442,14:07:40,29.25,-0.05,3,8775,卖盘
443,14:07:35,29.3,--,293,858490,买盘
444,14:07:25,29.3,--,65,190450,卖盘
445,14:07:20,29.3,--,74,216820,卖盘
446,14:07:15,29.3,--,2,5860,卖盘
447,14:07:10,29.3,--,59,172870,卖盘
448,14:07:05,29.3,--,99,290070,卖盘
449,14:07:00,29.3,--,7,20510,卖盘
450,14:06:55,29.3,--,8,23440,卖盘
451,14:06:50,29.3,-0.01,12,35160,卖盘
452,14:06:45,29.31,--,17,49827,买盘
453,14:06:35,29.31,0.01,2,5862,买盘
454,14:06:29,29.3,--,6,17580,卖盘
455,14:06:25,29.3,--,48,140640,卖盘
456,14:06:19,29.3,--,119,348670,买盘
457,14:06:09,29.3,--,5,14650,买盘
458,14:06:04,29.3,-0.01,10,29300,买盘
459,14:05:59,29.31,--,0,0,买盘
460,14:05:55,29.31,--,32,95902,买盘
461,14:05:49,29.31,--,50,146550,买盘
462,14:05:40,29.31,0.01,1,2931,买盘
463,14:05:34,29.3,--,50,146500,卖盘
464,14:05:29,29.3,--,69,202170,卖盘
465,14:05:24,29.3,0.05,341,999950,买盘
466,14:05:19,29.25,-0.02,1,2925,卖盘
467,14:05:14,29.27,--,181,529787,买盘
468,14:05:09,29.27,0.02,58,169766,买盘
469,14:05:04,29.25,--,3,8775,卖盘
470,14:04:54,29.25,--,53,155025,卖盘
471,14:04:49,29.25,--,6,17550,卖盘
472,14:04:44,29.25,--,20,58500,卖盘
473,14:04:39,29.25,--,43,126594,买盘
474,14:04:29,29.25,--,646,1891656,卖盘
475,14:04:24,29.25,--,10,29250,卖盘
476,14:04:19,29.25,--,4,11700,卖盘
477,14:04:09,29.25,--,6,17550,卖盘
478,14:04:04,29.25,0.05,434,1270269,买盘
479,14:03:59,29.2,--,5,14600,卖盘
480,14:03:54,29.2,--,21,61320,卖盘
481,14:03:49,29.2,--,76,221920,卖盘
482,14:03:44,29.2,--,19,55480,卖盘
483,14:03:34,29.2,-0.01,6,17520,卖盘
484,14:03:29,29.21,0.01,25,73025,买盘
485,14:03:19,29.2,--,1,2920,卖盘
486,14:03:14,29.2,-0.01,102,297840,卖盘
487,14:03:09,29.21,0.01,47,137287,买盘
488,14:03:04,29.2,--,21,61320,卖盘
489,14:02:59,29.2,--,30,87600,卖盘
490,14:02:54,29.2,-0.01,10,29200,卖盘
491,14:02:49,29.21,0.01,10,29210,买盘
492,14:02:44,29.2,--,3,8760,卖盘
493,14:02:34,29.2,--,28,81760,卖盘
494,14:02:29,29.2,--,12,35040,卖盘
495,14:02:19,29.2,0.06,803,2347417,买盘
496,14:02:14,29.14,--,3,8742,卖盘
497,14:02:09,29.14,--,3,8742,卖盘
498,14:02:04,29.14,--,0,0,卖盘
499,14:01:59,29.14,-0.01,25,72850,中性盘
500,14:01:49,29.15,--,0,0,中性盘
501,14:01:44,29.15,0.07,62,180730,买盘
502,14:01:34,29.08,--,168,488544,卖盘
503,14:01:29,29.08,--,2,5816,卖盘
504,14:01:14,29.08,0.03,52,151216,买盘
505,14:00:59,29.05,--,3,8715,卖盘
506,14:00:49,29.05,--,37,107485,卖盘
507,14:00:39,29.05,-0.02,5,14525,卖盘
508,14:00:34,29.07,--,0,0,中性盘
509,14:00:24,29.07,0.02,2,5814,买盘
510,14:00:19,29.05,-0.02,38,110390,卖盘
511,14:00:14,29.07,0.02,1,2907,买盘
512,14:00:04,29.05,--,18,52290,卖盘
513,13:59:49,29.05,--,19,55195,卖盘
514,13:59:44,29.05,--,30,87150,卖盘
515,13:59:34,29.05,-0.03,20,58100,卖盘
516,13:59:29,29.08,0.03,110,319880,买盘
517,13:59:19,29.05,-0.01,35,101675,卖盘
518,13:59:09,29.06,--,15,43590,卖盘
519,13:59:03,29.06,0.01,2,5812,卖盘
520,13:58:59,29.05,--,0,0,卖盘
521,13:58:48,29.05,-0.04,33,95865,卖盘
522,13:58:33,29.09,--,22,63998,买盘
523,13:58:29,29.09,-0.01,3,8727,买盘
524,13:58:18,29.1,0.04,130,378300,买盘
525,13:58:04,29.06,0.01,9,26154,卖盘
526,13:57:49,29.05,-0.08,36,104580,卖盘
527,13:57:43,29.13,0.08,1,2913,买盘
528,13:57:33,29.05,--,0,0,卖盘
529,13:57:28,29.05,-0.12,1,2905,卖盘
530,13:57:23,29.17,--,0,0,买盘
531,13:57:08,29.17,0.1,176,513392,买盘
532,13:57:03,29.07,0.04,26,75582,买盘
533,13:56:58,29.03,--,0,0,卖盘
534,13:56:53,29.03,--,0,0,卖盘
535,13:56:48,29.03,-0.01,35,101605,卖盘
536,13:56:38,29.04,-0.04,3,8712,卖盘
537,13:56:28,29.08,0.05,5,14540,买盘
538,13:56:22,29.03,--,0,0,卖盘
539,13:56:18,29.03,-0.12,39,113217,卖盘
540,13:56:13,29.15,--,0,0,买盘
541,13:56:07,29.15,0.07,20,58300,买盘
542,13:56:03,29.08,--,0,0,买盘
543,13:55:58,29.08,0.05,2,5816,卖盘
544,13:55:53,29.03,--,0,0,卖盘
545,13:55:48,29.03,-0.05,37,107411,卖盘
546,13:55:43,29.08,--,3,8724,卖盘
547,13:55:33,29.08,--,0,0,卖盘
548,13:55:18,29.08,-0.08,26,75608,卖盘
549,13:55:07,29.16,0.01,4,11664,买盘
550,13:55:03,29.15,--,2,5830,卖盘
551,13:54:58,29.15,-0.01,5,14575,卖盘
552,13:54:52,29.16,0.01,29,84564,买盘
553,13:54:43,29.15,--,34,99110,卖盘
554,13:54:37,29.15,--,26,75790,卖盘
555,13:54:32,29.15,--,1,2915,卖盘
556,13:54:28,29.15,--,150,437250,买盘
557,13:54:22,29.15,--,0,0,买盘
558,13:54:18,29.15,--,34,99110,买盘
559,13:54:13,29.15,-0.01,45,131175,卖盘
560,13:54:07,29.16,--,13,37908,中性盘
561,13:53:58,29.16,0.03,29,84564,买盘
562,13:53:52,29.13,-0.03,25,72825,买盘
563,13:53:43,29.16,0.03,129,376164,买盘
564,13:53:37,29.13,--,11,32043,买盘
565,13:53:28,29.13,--,1,2913,买盘
566,13:53:22,29.13,--,8,23304,买盘
567,13:53:18,29.13,-0.02,74,215562,卖盘
568,13:53:13,29.15,0.02,20,58300,买盘
569,13:53:07,29.13,-0.01,65,189345,卖盘
570,13:52:58,29.14,0.01,1,2914,中性盘
571,13:52:47,29.13,-0.03,15,43695,卖盘
572,13:52:43,29.16,0.03,23,67068,买盘
573,13:52:37,29.13,-0.03,122,355386,卖盘
574,13:52:28,29.16,--,4,11664,买盘
575,13:52:22,29.16,--,44,128304,卖盘
576,13:52:17,29.16,--,1,2916,卖盘
577,13:52:13,29.16,--,25,72900,卖盘
578,13:52:07,29.16,-0.01,40,116640,卖盘
579,13:51:58,29.17,0.01,17,49589,买盘
580,13:51:52,29.16,--,1,2916,卖盘
581,13:51:47,29.16,--,30,87480,卖盘
582,13:51:42,29.16,--,12,34992,卖盘
583,13:51:37,29.16,-0.01,8,23328,卖盘
584,13:51:28,29.17,0.01,7,20419,买盘
585,13:51:22,29.16,-0.02,20,58320,卖盘
586,13:51:17,29.18,0.01,22,64196,买盘
587,13:51:11,29.17,0.01,1,2917,买盘
588,13:51:07,29.16,--,13,37908,卖盘
589,13:51:02,29.16,--,2,5832,卖盘
590,13:50:56,29.16,-0.04,10,29160,卖盘
591,13:50:52,29.2,0.04,519,1515480,买盘
592,13:50:47,29.16,--,25,72900,卖盘
593,13:50:41,29.16,--,5,14580,卖盘
594,13:50:37,29.16,-0.01,29,84564,卖盘
595,13:50:32,29.17,0.01,5,14585,买盘
596,13:50:22,29.16,--,2,5832,卖盘
597,13:50:16,29.16,-0.01,22,64152,卖盘
598,13:50:07,29.17,--,20,58340,买盘
599,13:50:01,29.17,0.01,3,8751,买盘
600,13:49:52,29.16,--,25,72900,买盘
601,13:49:46,29.16,-0.01,48,139968,买盘
602,13:49:41,29.17,--,0,0,买盘
603,13:49:37,29.17,0.02,119,347123,买盘
604,13:49:31,29.15,--,11,32065,卖盘
605,13:49:26,29.15,-0.01,1,2915,卖盘
606,13:49:22,29.16,0.01,2,5832,买盘
607,13:49:16,29.15,-0.02,3,8745,中性盘
608,13:49:07,29.17,0.02,326,950942,买盘
609,13:49:01,29.15,-0.01,5,14575,买盘
610,13:48:46,29.16,0.02,23,67068,买盘
611,13:48:41,29.14,-0.02,18,52452,买盘
612,13:48:37,29.16,--,0,0,买盘
613,13:48:31,29.16,0.02,151,440316,买盘
614,13:48:26,29.14,-0.01,20,58280,卖盘
615,13:48:22,29.15,0.01,33,96195,买盘
616,13:48:11,29.14,--,1,2914,买盘
617,13:48:07,29.14,0.01,118,343852,买盘
618,13:48:01,29.13,0.01,1,2913,买盘
619,13:47:56,29.12,--,22,64064,买盘
620,13:47:52,29.12,--,6,17472,卖盘
621,13:47:46,29.12,--,2,5824,卖盘
622,13:47:41,29.12,--,208,605696,卖盘
623,13:47:37,29.12,--,0,0,卖盘
624,13:47:31,29.12,-0.02,9,26208,卖盘
625,13:47:22,29.14,0.04,20,58280,买盘
626,13:47:16,29.1,--,118,343380,卖盘
627,13:47:07,29.1,--,18,52380,卖盘
628,13:47:01,29.1,--,27,80025,买盘
629,13:46:52,29.1,0.02,252,733320,买盘
630,13:46:46,29.08,--,2,5816,卖盘
631,13:46:41,29.08,0.02,194,564152,买盘
632,13:46:37,29.06,--,28,81368,卖盘
633,13:46:31,29.06,--,15,43590,买盘
634,13:46:26,29.06,--,0,0,买盘
635,13:46:22,29.06,0.01,33,95898,买盘
636,13:46:16,29.05,0.01,66,191730,买盘
637,13:46:11,29.04,--,7,20328,买盘
638,13:46:07,29.04,0.03,11,31944,买盘
639,13:46:01,29.01,--,3,8703,卖盘
640,13:45:52,29.01,--,0,0,卖盘
641,13:45:46,29.01,-0.02,19,55119,卖盘
642,13:45:37,29.03,-0.02,1,2903,卖盘
643,13:45:26,29.05,--,0,0,买盘
644,13:45:21,29.05,--,23,66815,买盘
645,13:45:16,29.05,0.02,40,116200,买盘
646,13:45:11,29.03,--,3,8709,买盘
647,13:45:07,29.03,-0.01,1,2903,中性盘
648,13:45:01,29.04,0.01,11,31944,买盘
649,13:44:56,29.03,--,12,34836,卖盘
650,13:44:51,29.03,--,0,0,卖盘
651,13:44:46,29.03,-0.01,23,66769,卖盘
652,13:44:41,29.04,--,3,8712,买盘
653,13:44:36,29.04,-0.01,7,20328,中性盘
654,13:44:31,29.05,--,11,31955,买盘
655,13:44:26,29.05,0.05,22,63910,买盘
656,13:44:21,29.0,--,0,0,卖盘
657,13:44:16,29.0,--,18,52200,卖盘
658,13:44:11,29.0,--,0,0,卖盘
659,13:44:05,29.0,-0.04,18,52200,卖盘
660,13:44:01,29.04,--,9,26136,买盘
661,13:43:56,29.04,--,9,26136,买盘
662,13:43:46,29.04,--,20,58080,买盘
663,13:43:41,29.04,--,11,31944,买盘
664,13:43:31,29.04,--,2,5808,买盘
665,13:43:26,29.04,0.04,21,60984,买盘
666,13:43:20,29.0,--,9,26100,买盘
667,13:43:16,29.0,--,64,185600,卖盘
668,13:43:05,29.0,0.01,12,34800,卖盘
669,13:42:55,28.99,--,0,0,卖盘
670,13:42:46,28.99,-0.05,13,37687,卖盘
671,13:42:40,29.04,0.04,10,29040,买盘
672,13:42:35,29.0,-0.05,145,420500,卖盘
673,13:42:31,29.05,--,0,0,买盘
674,13:42:25,29.05,0.04,35,101675,买盘
675,13:42:20,29.01,--,0,0,卖盘
676,13:42:16,29.01,-0.05,46,133446,中性盘
677,13:42:05,29.06,-0.01,9,26154,买盘
678,13:42:01,29.07,0.08,100,290700,买盘
679,13:41:46,28.99,-0.04,20,57980,卖盘
680,13:41:35,29.03,--,5,14515,卖盘
681,13:41:31,29.03,--,24,69672,卖盘
682,13:41:25,29.03,-0.02,2,5806,卖盘
683,13:41:20,29.05,--,1,2905,买盘
684,13:41:16,29.05,--,30,87150,买盘
685,13:41:10,29.05,-0.01,28,81340,卖盘
686,13:41:05,29.06,--,3,8718,卖盘
687,13:41:01,29.06,--,20,58120,买盘
688,13:40:55,29.06,0.01,1,2906,买盘
689,13:40:50,29.05,-0.01,19,55195,卖盘
690,13:40:46,29.06,0.01,21,61026,买盘
691,13:40:40,29.05,--,19,55195,卖盘
692,13:40:25,29.05,0.06,65,188825,买盘
693,13:40:16,28.99,-0.03,18,52182,卖盘
694,13:40:05,29.02,--,31,89962,卖盘
695,13:39:55,29.02,-0.01,5,14510,卖盘
696,13:39:46,29.03,0.01,2,5806,买盘
697,13:39:40,29.02,--,19,55138,卖盘
698,13:39:35,29.02,-0.01,18,52236,卖盘
699,13:39:31,29.03,0.01,1,2903,买盘
700,13:39:25,29.02,--,4,11608,卖盘
701,13:39:20,29.02,0.05,21,60942,卖盘
702,13:39:16,28.97,-0.03,24,69528,卖盘
703,13:39:05,29.0,-0.02,14,40600,卖盘
704,13:39:00,29.02,0.02,2,5804,买盘
705,13:38:55,29.0,--,0,0,中性盘
706,13:38:45,29.0,0.01,5,14500,买盘
707,13:38:40,28.99,-0.03,4,11596,卖盘
708,13:38:35,29.02,0.03,20,58040,买盘
709,13:38:30,28.99,--,1,2899,卖盘
710,13:38:25,28.99,0.03,4,11596,卖盘
711,13:38:20,28.96,0.01,71,205616,中性盘
712,13:38:15,28.95,-0.01,13,37635,卖盘
713,13:38:10,28.96,-0.02,11,31856,卖盘
714,13:38:05,28.98,--,610,1767780,买盘
715,13:38:00,28.98,0.02,21,60858,买盘
716,13:37:50,28.96,-0.02,34,98464,卖盘
717,13:37:40,28.98,--,45,130410,买盘
718,13:37:35,28.98,-0.05,812,2353176,卖盘
719,13:37:25,29.03,0.01,2,5806,买盘
720,13:37:20,29.02,--,19,55138,卖盘
721,13:37:05,29.02,--,18,52236,卖盘
722,13:36:50,29.02,0.02,48,139296,中性盘
723,13:36:35,29.0,--,0,0,卖盘
724,13:36:29,29.0,0.01,4,11600,卖盘
725,13:36:25,28.99,--,0,0,卖盘
726,13:36:20,28.99,-0.05,5,14495,卖盘
727,13:36:14,29.04,0.04,12,34848,买盘
728,13:36:10,29.0,0.01,23,66700,买盘
729,13:36:05,28.99,-0.01,18,52182,卖盘
730,13:35:55,29.0,0.01,21,60900,买盘
731,13:35:50,28.99,-0.01,38,110162,卖盘
732,13:35:44,29.0,--,3,8700,买盘
733,13:35:40,29.0,--,65,188500,卖盘
734,13:35:34,29.0,-0.04,2,5800,卖盘
735,13:35:25,29.04,--,0,0,买盘
736,13:35:19,29.04,0.04,16,46464,买盘
737,13:35:10,29.0,--,15,43500,卖盘
738,13:35:04,29.0,--,14,40600,卖盘
739,13:34:59,29.0,--,5,14500,卖盘
740,13:34:55,29.0,--,13,37700,卖盘
741,13:34:49,29.0,-0.02,23,66700,卖盘
742,13:34:40,29.02,0.02,20,58040,买盘
743,13:34:34,29.0,-0.01,35,101500,卖盘
744,13:34:29,29.01,--,17,49317,卖盘
745,13:34:19,29.01,--,20,58020,卖盘
746,13:34:10,29.01,--,9,26109,卖盘
747,13:34:04,29.01,0.01,29,84129,卖盘
748,13:33:55,29.0,--,187,542300,卖盘
749,13:33:49,29.0,--,148,429200,卖盘
750,13:33:40,29.0,--,10,29000,卖盘
751,13:33:34,29.0,--,41,118900,卖盘
752,13:33:19,29.0,-0.01,71,205900,卖盘
753,13:33:04,29.01,--,0,0,中性盘
754,13:32:59,29.01,--,1,2901,卖盘
755,13:32:55,29.01,-0.04,46,133446,卖盘
756,13:32:49,29.05,--,292,848260,买盘
757,13:32:44,29.05,0.03,33,95865,买盘
758,13:32:39,29.02,0.01,15,43530,中性盘
759,13:32:34,29.01,-0.04,3,8703,卖盘
760,13:32:29,29.05,--,1,2905,买盘
761,13:32:24,29.05,0.04,1,2905,买盘
762,13:32:19,29.01,-0.04,4,11604,卖盘
763,13:32:04,29.05,--,9,26145,卖盘
764,13:31:59,29.05,--,12,34860,卖盘
765,13:31:54,29.05,-0.01,100,290500,卖盘
766,13:31:49,29.06,--,34,98804,买盘
767,13:31:44,29.06,0.01,5,14530,买盘
768,13:31:39,29.05,-0.01,2,5810,卖盘
769,13:31:34,29.06,--,6,17436,买盘
770,13:31:19,29.06,--,13,37778,卖盘
771,13:31:14,29.06,-0.02,8,23248,卖盘
772,13:30:54,29.08,--,0,0,买盘
773,13:30:49,29.08,--,20,58160,买盘
774,13:30:44,29.08,--,1,2908,买盘
775,13:30:39,29.08,0.03,3,8724,买盘
776,13:30:34,29.05,--,0,0,卖盘
777,13:30:29,29.05,-0.04,34,98770,卖盘
778,13:30:19,29.09,--,24,69816,卖盘
779,13:30:14,29.09,-0.01,20,58180,卖盘
780,13:30:04,29.1,0.01,6,17460,买盘
781,13:29:49,29.09,0.04,163,474167,买盘
782,13:29:44,29.05,--,20,58100,卖盘
783,13:29:34,29.05,-0.05,3,8715,卖盘
784,13:29:29,29.1,0.05,200,582000,买盘
785,13:29:23,29.05,--,1,2905,卖盘
786,13:29:19,29.05,--,21,61005,买盘
787,13:29:14,29.05,--,22,63910,买盘
788,13:29:04,29.05,--,10,29050,买盘
789,13:28:58,29.05,0.01,100,290500,买盘
790,13:28:53,29.04,0.04,9,26136,买盘
791,13:28:49,29.0,-0.05,10,29000,卖盘
792,13:28:44,29.05,0.05,15,43575,买盘
793,13:28:34,29.0,--,0,0,卖盘
794,13:28:29,29.0,-0.05,16,46400,卖盘
795,13:28:19,29.05,--,0,0,买盘
796,13:28:13,29.05,-0.01,40,116200,卖盘
797,13:28:04,29.06,0.01,18,52308,买盘
798,13:27:58,29.05,-0.03,10,29050,卖盘
799,13:27:53,29.08,0.02,20,58160,买盘
800,13:27:49,29.06,--,2,5812,卖盘
801,13:27:34,29.06,-0.01,100,290600,卖盘
802,13:27:28,29.07,0.01,4,11628,卖盘
803,13:27:23,29.06,--,23,66838,卖盘
804,13:27:04,29.06,0.01,10,29060,买盘
805,13:26:58,29.05,-0.02,5,14525,卖盘
806,13:26:49,29.07,0.02,4,11628,买盘
807,13:26:43,29.05,-0.01,14,40670,卖盘
808,13:26:34,29.06,0.01,3,8718,买盘
809,13:26:28,29.05,--,1,2905,买盘
810,13:26:18,29.05,--,19,55195,买盘
811,13:26:13,29.05,0.01,27,78435,买盘
812,13:26:04,29.04,--,16,46464,卖盘
813,13:25:58,29.04,0.05,8,23232,买盘
814,13:25:43,28.99,--,0,0,卖盘
815,13:25:38,28.99,-0.06,4,11596,卖盘
816,13:25:33,29.05,--,0,0,买盘
817,13:25:23,29.05,0.05,5,14525,买盘
818,13:25:18,29.0,--,5,14500,买盘
819,13:25:03,29.0,-0.03,2,5800,中性盘
820,13:24:58,29.03,0.04,4,11612,买盘
821,13:24:53,28.99,--,4,11596,买盘
822,13:24:48,28.99,--,1,2899,买盘
823,13:24:43,28.99,--,1,2899,买盘
824,13:24:38,28.99,0.01,7,20293,买盘
825,13:24:33,28.98,--,6,17388,卖盘
826,13:24:28,28.98,-0.01,3,8694,卖盘
827,13:24:23,28.99,0.01,1,2899,买盘
828,13:24:18,28.98,-0.01,14,40572,卖盘
829,13:24:08,28.99,--,8,23192,买盘
830,13:24:03,28.99,--,21,60879,买盘
831,13:23:58,28.99,--,24,69576,买盘
832,13:23:53,28.99,0.01,3,8697,买盘
833,13:23:48,28.98,-0.01,17,49266,卖盘
834,13:23:43,28.99,--,55,159445,卖盘
835,13:23:38,28.99,--,0,0,卖盘
836,13:23:33,28.99,--,17,49283,卖盘
837,13:23:28,28.99,-0.01,1,2899,卖盘
838,13:23:23,29.0,--,94,272600,买盘
839,13:23:13,29.0,--,6,17400,买盘
840,13:23:03,29.0,--,32,92800,卖盘
841,13:22:58,29.0,--,22,63800,卖盘
842,13:22:48,29.0,-0.01,13,37700,卖盘
843,13:22:43,29.01,--,0,0,中性盘
844,13:22:38,29.01,-0.05,2,5802,卖盘
845,13:22:33,29.06,0.05,2,5812,中性盘
846,13:22:28,29.01,-0.01,19,55119,卖盘
847,13:22:23,29.02,--,5,14510,卖盘
848,13:22:17,29.02,--,19,55138,卖盘
849,13:22:13,29.02,-0.04,5,14510,卖盘
850,13:22:08,29.06,--,20,58120,买盘
851,13:22:03,29.06,0.05,84,244104,中性盘
852,13:21:58,29.01,-0.08,104,301704,卖盘
853,13:21:47,29.09,--,0,0,买盘
854,13:21:43,29.09,0.01,56,162904,买盘
855,13:21:37,29.08,0.02,32,93056,买盘
856,13:21:32,29.06,-0.02,8,23248,中性盘
857,13:21:22,29.08,0.01,7,20356,买盘
858,13:21:13,29.07,--,9,26163,卖盘
859,13:21:08,29.07,0.05,15,43605,买盘
860,13:21:02,29.02,--,2,5804,卖盘
861,13:20:58,29.02,-0.04,6,17412,卖盘
862,13:20:37,29.06,--,2,5812,卖盘
863,13:20:32,29.06,--,4,11624,卖盘
864,13:20:28,29.06,-0.01,3,8718,卖盘
865,13:20:22,29.07,0.01,2,5814,买盘
866,13:20:13,29.06,0.03,2,5812,卖盘
867,13:20:07,29.03,0.01,28,81284,买盘
868,13:20:02,29.02,-0.01,8,23216,卖盘
869,13:19:58,29.03,0.01,6,17418,买盘
870,13:19:52,29.02,-0.01,14,40628,卖盘
871,13:19:47,29.03,-0.03,6,17418,卖盘
872,13:19:42,29.06,0.03,1,2906,买盘
873,13:19:28,29.03,-0.05,6,17418,卖盘
874,13:19:22,29.08,--,0,0,买盘
875,13:19:17,29.08,--,0,0,买盘
876,13:19:12,29.08,0.07,20,58160,买盘
877,13:19:02,29.01,--,14,40614,卖盘
878,13:18:52,29.01,--,7,20307,卖盘
879,13:18:47,29.01,--,15,43515,卖盘
880,13:18:37,29.01,--,14,40614,卖盘
881,13:18:32,29.01,-0.02,90,261090,卖盘
882,13:18:22,29.03,0.02,3,8709,买盘
883,13:18:17,29.01,--,32,92832,卖盘
884,13:18:07,29.01,--,0,0,卖盘
885,13:18:02,29.01,--,12,34812,卖盘
886,13:17:57,29.01,-0.01,108,313308,卖盘
887,13:17:47,29.02,-0.07,13,37726,卖盘
888,13:17:42,29.09,--,0,0,买盘
889,13:17:37,29.09,0.08,75,218175,买盘
890,13:17:32,29.01,--,24,69624,卖盘
891,13:17:17,29.01,-0.08,26,75426,卖盘
892,13:17:07,29.09,0.08,48,139632,买盘
893,13:17:02,29.01,-0.09,54,156654,卖盘
894,13:16:47,29.1,--,0,0,买盘
895,13:16:42,29.1,--,144,421833,卖盘
896,13:16:37,29.1,--,19,55406,买盘
897,13:16:32,29.1,-0.01,77,226863,卖盘
898,13:16:22,29.11,0.01,46,133906,买盘
899,13:16:17,29.1,--,104,302640,卖盘
900,13:16:12,29.1,-0.01,11,32010,卖盘
901,13:16:07,29.11,0.01,11,32021,买盘
902,13:16:02,29.1,--,275,800250,卖盘
903,13:15:57,29.1,--,90,261900,卖盘
904,13:15:47,29.1,--,38,110580,卖盘
905,13:15:42,29.1,-0.01,2,5820,卖盘
906,13:15:32,29.11,--,46,133906,买盘
907,13:15:27,29.11,0.01,3,8733,买盘
908,13:15:22,29.1,-0.01,150,436500,卖盘
909,13:15:17,29.11,0.01,59,171749,买盘
910,13:15:11,29.1,-0.01,1,2910,卖盘
911,13:15:07,29.11,-0.02,10,29110,中性盘
912,13:15:02,29.13,--,16,46608,买盘
913,13:14:52,29.13,0.02,91,265083,买盘
914,13:14:47,29.11,--,71,206681,买盘
915,13:14:37,29.11,--,7,20377,买盘
916,13:14:32,29.11,--,3,8733,买盘
917,13:14:22,29.11,--,11,32021,买盘
918,13:14:17,29.11,--,19,55309,买盘
919,13:14:11,29.11,0.01,11,32021,买盘
920,13:14:07,29.1,-0.01,5,14550,卖盘
921,13:14:02,29.11,--,5,14555,买盘
922,13:13:56,29.11,-0.02,14,40754,卖盘
923,13:13:52,29.13,--,33,96129,买盘
924,13:13:46,29.13,--,5,14565,买盘
925,13:13:37,29.13,0.01,10,29130,买盘
926,13:13:31,29.12,--,24,69888,买盘
927,13:13:26,29.12,0.01,2,5824,买盘
928,13:13:16,29.11,-0.01,26,75686,卖盘
929,13:13:11,29.12,0.01,11,32032,买盘
930,13:13:01,29.11,--,15,43665,卖盘
931,13:12:56,29.11,--,29,84419,卖盘
932,13:12:46,29.11,-0.01,14,40754,卖盘
933,13:12:41,29.12,0.01,2,5824,买盘
934,13:12:31,29.11,-0.01,20,58220,卖盘
935,13:12:26,29.12,--,1,2912,买盘
936,13:12:21,29.12,--,1,2912,买盘
937,13:12:16,29.12,0.01,16,46592,买盘
938,13:12:11,29.11,--,12,34932,卖盘
939,13:12:06,29.11,0.01,60,174660,买盘
940,13:12:01,29.1,--,30,87300,卖盘
941,13:11:56,29.1,-0.01,23,66930,卖盘
942,13:11:51,29.11,0.01,13,37843,买盘
943,13:11:46,29.1,-0.01,13,37830,卖盘
944,13:11:36,29.11,--,4,11644,买盘
945,13:11:31,29.11,--,67,195037,卖盘
946,13:11:26,29.11,--,5,14555,卖盘
947,13:11:21,29.11,--,3,8733,卖盘
948,13:11:16,29.11,--,25,72775,卖盘
949,13:11:11,29.11,-0.01,50,145550,卖盘
950,13:11:06,29.12,--,1,2912,买盘
951,13:11:01,29.12,-0.02,70,205296,卖盘
952,13:10:56,29.14,0.02,23,67022,买盘
953,13:10:51,29.12,--,90,262080,卖盘
954,13:10:46,29.12,--,1,2912,卖盘
955,13:10:41,29.12,--,13,37856,卖盘
956,13:10:31,29.12,-0.02,2,5824,卖盘
957,13:10:16,29.14,-0.01,10,29140,买盘
958,13:10:01,29.15,--,0,0,买盘
959,13:09:56,29.15,0.01,23,67045,买盘
960,13:09:46,29.14,0.02,1,2914,卖盘
961,13:09:41,29.12,--,11,32032,卖盘
962,13:09:31,29.12,-0.03,35,101920,卖盘
963,13:09:16,29.15,--,1,2915,买盘
964,13:09:11,29.15,0.03,3,8745,买盘
965,13:09:06,29.12,-0.01,10,29120,卖盘
966,13:09:01,29.13,-0.01,65,189345,买盘
967,13:08:56,29.14,0.02,1,2914,买盘
968,13:08:46,29.12,-0.01,25,72800,卖盘
969,13:08:31,29.13,-0.02,14,40782,卖盘
970,13:08:26,29.15,-0.01,7,20405,卖盘
971,13:08:21,29.16,0.01,10,29160,买盘
972,13:08:16,29.15,-0.01,11,32065,卖盘
973,13:08:11,29.16,--,0,0,买盘
974,13:08:01,29.16,0.01,47,137052,买盘
975,13:07:56,29.15,--,1,2915,卖盘
976,13:07:50,29.15,--,3,8745,卖盘
977,13:07:46,29.15,--,22,64130,买盘
978,13:07:41,29.15,--,5,14575,卖盘
979,13:07:31,29.15,--,21,61215,买盘
980,13:07:26,29.15,0.03,5,14575,买盘
981,13:07:16,29.12,-0.05,23,66976,卖盘
982,13:07:01,29.17,0.05,25,72925,买盘
983,13:06:45,29.12,-0.05,20,58240,卖盘
984,13:06:35,29.17,0.04,20,58340,买盘
985,13:06:30,29.13,-0.04,39,113607,卖盘
986,13:06:15,29.17,--,4,11668,买盘
987,13:06:09,29.17,0.02,56,163352,买盘
988,13:06:00,29.15,--,19,55385,卖盘
989,13:05:55,29.15,--,36,107417,买盘
990,13:05:50,29.15,0.01,11,32065,买盘
991,13:05:45,29.14,-0.01,2,5828,卖盘
992,13:05:39,29.15,0.01,22,64130,买盘
993,13:05:35,29.14,0.02,10,29140,中性盘
994,13:05:30,29.12,--,314,914368,卖盘
995,13:05:25,29.12,-0.02,113,329056,卖盘
996,13:05:19,29.14,-0.03,7,20398,买盘
997,13:05:09,29.17,0.02,7,20419,买盘
998,13:05:05,29.15,0.03,24,69960,买盘
999,13:05:00,29.12,-0.03,39,113568,卖盘
1000,13:04:55,29.15,0.03,14,40810,买盘
1001,13:04:49,29.12,--,1,4368,卖盘
1002,13:04:40,29.12,-0.03,3,8736,卖盘
1003,13:04:25,29.15,0.03,2,5830,买盘
1004,13:04:19,29.12,0.01,170,495040,买盘
1005,13:04:15,29.11,-0.01,10,29110,卖盘
1006,13:04:10,29.12,--,0,0,买盘
1007,13:04:05,29.12,--,25,72800,买盘
1008,13:04:00,29.12,0.02,113,329056,买盘
1009,13:03:49,29.1,-0.01,88,256080,卖盘
1010,13:03:40,29.11,--,7,20377,买盘
1011,13:03:34,29.11,0.01,20,58220,买盘
1012,13:03:30,29.1,--,21,61110,卖盘
1013,13:03:25,29.1,-0.02,6,17460,卖盘
1014,13:03:19,29.12,--,29,84448,买盘
1015,13:03:15,29.12,0.01,10,29120,买盘
1016,13:03:10,29.11,-0.01,33,96063,卖盘
1017,13:03:05,29.12,-0.02,2,5824,买盘
1018,13:03:00,29.14,0.02,102,297228,买盘
1019,13:02:55,29.12,--,4,11648,卖盘
1020,13:02:49,29.12,-0.01,5,14560,卖盘
1021,13:02:39,29.13,--,20,58260,买盘
1022,13:02:34,29.13,--,11,32043,卖盘
1023,13:02:30,29.13,--,11,32043,卖盘
1024,13:02:25,29.13,--,14,40782,卖盘
1025,13:02:19,29.13,0.03,27,78651,卖盘
1026,13:02:10,29.1,--,0,0,卖盘
1027,13:02:04,29.1,-0.04,21,61110,卖盘
1028,13:02:00,29.14,0.01,22,64108,买盘
1029,13:01:49,29.13,--,0,0,买盘
1030,13:01:40,29.13,0.03,19,55347,买盘
1031,13:01:34,29.1,--,34,98940,卖盘
1032,13:01:30,29.1,-0.05,33,96030,卖盘
1033,13:01:25,29.15,--,1,2915,买盘
1034,13:01:19,29.15,--,4,13962,卖盘
1035,13:01:15,29.15,-0.01,1,2915,卖盘
1036,13:01:10,29.16,0.01,4,11664,买盘
1037,13:01:04,29.15,--,2,5830,卖盘
1038,13:01:00,29.15,-0.04,41,119515,卖盘
1039,13:00:49,29.19,-0.01,1,3356,卖盘
1040,13:00:44,29.2,0.01,25,73000,买盘
1041,13:00:39,29.19,0.04,8,25833,买盘
1042,13:00:34,29.15,-0.05,41,119515,卖盘
1043,13:00:29,29.2,--,1,2920,买盘
1044,13:00:25,29.2,0.02,32,93440,买盘
1045,13:00:19,29.18,0.01,36,105048,买盘
1046,13:00:13,29.17,-0.02,50,145850,中性盘
1047,13:00:09,29.19,0.01,782,2282658,买盘
1048,13:00:04,29.18,-0.01,223,650714,卖盘
1049,11:30:00,29.19,--,0,0,买盘
1050,11:30:00,29.19,--,0,0,买盘
1051,11:29:59,29.19,--,3,8757,买盘
1052,11:29:50,29.19,--,1,2919,买盘
1053,11:29:45,29.19,--,0,0,买盘
1054,11:29:40,29.19,0.03,55,160545,买盘
1055,11:29:35,29.16,--,10,29160,买盘
1056,11:29:31,29.16,-0.02,13,37908,卖盘
1057,11:29:25,29.18,-0.01,4,11672,中性盘
1058,11:29:20,29.19,0.01,11,32109,买盘
1059,11:29:15,29.18,0.02,1,2918,买盘
1060,11:29:10,29.16,-0.03,5,14580,卖盘
1061,11:29:05,29.19,0.03,108,315252,买盘
1062,11:28:55,29.16,--,15,43740,卖盘
1063,11:28:50,29.16,--,28,81648,买盘
1064,11:28:45,29.16,--,20,58320,买盘
1065,11:28:40,29.16,0.01,2,5832,买盘
1066,11:28:35,29.15,--,9,26235,卖盘
1067,11:28:30,29.15,-0.01,16,46640,卖盘
1068,11:28:25,29.16,0.01,8,23328,买盘
1069,11:28:20,29.15,--,9,26235,卖盘
1070,11:28:15,29.15,0.03,425,1239487,买盘
1071,11:28:10,29.12,-0.01,57,165984,卖盘
1072,11:28:05,29.13,--,0,0,买盘
1073,11:28:00,29.13,0.01,19,55347,买盘
1074,11:27:50,29.12,--,32,93184,买盘
1075,11:27:40,29.12,0.01,12,34944,买盘
1076,11:27:35,29.11,--,3,8733,买盘
1077,11:27:30,29.11,--,15,43665,卖盘
1078,11:27:25,29.11,-0.01,5,14555,卖盘
1079,11:27:15,29.12,--,10,29120,买盘
1080,11:27:05,29.12,-0.01,14,40768,卖盘
1081,11:26:55,29.13,0.01,15,43695,买盘
1082,11:26:50,29.12,--,64,186368,买盘
1083,11:26:45,29.12,0.02,1,2912,买盘
1084,11:26:40,29.1,-0.02,23,66930,卖盘
1085,11:26:35,29.12,--,34,99008,卖盘
1086,11:26:30,29.12,--,15,43680,卖盘
1087,11:26:25,29.12,-0.01,37,107744,卖盘
1088,11:26:20,29.13,0.03,144,419472,买盘
1089,11:26:10,29.1,-0.02,35,101850,卖盘
1090,11:26:05,29.12,0.02,21,61152,买盘
1091,11:26:00,29.1,-0.02,1,2910,卖盘
1092,11:25:55,29.12,0.02,52,151424,买盘
1093,11:25:50,29.1,--,233,678146,卖盘
1094,11:25:45,29.1,-0.01,12,34920,卖盘
1095,11:25:40,29.11,0.01,41,119351,买盘
1096,11:25:35,29.1,-0.01,106,308460,卖盘
1097,11:25:30,29.11,0.01,2,5822,买盘
1098,11:25:25,29.1,--,3,8730,卖盘
1099,11:25:20,29.1,--,10,29100,卖盘
1100,11:25:10,29.1,--,0,0,卖盘
1101,11:25:05,29.1,-0.01,59,171690,卖盘
1102,11:24:55,29.11,0.01,2,5822,卖盘
1103,11:24:50,29.1,-0.02,15,43650,卖盘
1104,11:24:45,29.12,--,10,29120,卖盘
1105,11:24:40,29.12,0.02,9,26208,买盘
1106,11:24:30,29.1,-0.03,21,61110,卖盘
1107,11:24:25,29.13,--,0,0,买盘
1108,11:24:20,29.13,--,10,29130,卖盘
1109,11:24:15,29.13,--,16,46608,卖盘
1110,11:24:10,29.13,--,47,136911,卖盘
1111,11:24:05,29.13,0.03,36,104868,买盘
1112,11:23:55,29.1,-0.03,37,107670,卖盘
1113,11:23:50,29.13,--,10,29130,买盘
1114,11:23:44,29.13,--,3,8739,买盘
1115,11:23:40,29.13,0.03,18,52434,中性盘
1116,11:23:35,29.1,--,15,43650,卖盘
1117,11:23:29,29.1,--,27,78570,卖盘
1118,11:23:20,29.1,--,31,90210,卖盘
1119,11:23:09,29.1,--,3,8730,卖盘
1120,11:22:59,29.1,-0.05,11,32010,卖盘
1121,11:22:54,29.15,0.17,488,1424152,买盘
1122,11:22:49,28.98,0.01,66,191268,买盘
1123,11:22:44,28.97,0.02,5,14485,买盘
1124,11:22:39,28.95,-0.02,5,14475,卖盘
1125,11:22:34,28.97,0.03,9,26073,买盘
1126,11:22:28,28.94,--,0,0,卖盘
1127,11:22:24,28.94,-0.03,1,2894,卖盘
1128,11:22:19,28.97,0.03,5,14485,买盘
1129,11:22:13,28.94,-0.01,6,17364,卖盘
1130,11:22:09,28.95,--,2,5790,买盘
1131,11:22:04,28.95,-0.03,12,34740,卖盘
1132,11:21:58,28.98,0.01,15,43470,买盘
1133,11:21:54,28.97,0.02,20,57940,买盘
1134,11:21:49,28.95,0.01,16,46320,卖盘
1135,11:21:43,28.94,-0.02,3,8682,卖盘
1136,11:21:28,28.96,0.02,2,5792,买盘
1137,11:21:13,28.94,-0.02,645,1866630,卖盘
1138,11:21:09,28.96,--,13,37648,买盘
1139,11:21:04,28.96,--,29,83984,买盘
1140,11:20:58,28.96,--,39,112944,买盘
1141,11:20:49,28.96,--,10,28960,买盘
1142,11:20:39,28.96,-0.01,1,2896,卖盘
1143,11:20:34,28.97,0.03,44,127468,买盘
1144,11:20:28,28.94,-0.02,6,17364,中性盘
1145,11:20:19,28.96,-0.03,12,34752,中性盘
1146,11:20:13,28.99,0.01,200,579800,买盘
1147,11:20:09,28.98,0.02,300,869400,买盘
1148,11:19:58,28.96,--,0,0,买盘
1149,11:19:49,28.96,0.01,150,434400,买盘
1150,11:19:39,28.95,--,0,0,买盘
1151,11:19:34,28.95,--,30,86850,买盘
1152,11:19:28,28.95,0.05,200,579000,买盘
1153,11:19:23,28.9,-0.04,3,8670,卖盘
1154,11:19:08,28.94,0.04,311,900034,买盘
1155,11:19:04,28.9,-0.04,1,2890,卖盘
1156,11:18:58,28.94,0.04,20,57880,买盘
1157,11:18:53,28.9,-0.04,20,57800,卖盘
1158,11:18:49,28.94,0.02,3,8682,买盘
1159,11:18:43,28.92,-0.02,4,11568,卖盘
1160,11:18:34,28.94,--,1,2894,买盘
1161,11:18:28,28.94,-0.01,12,34728,卖盘
1162,11:18:23,28.95,--,3,8685,买盘
1163,11:18:08,28.95,--,4,12187,卖盘
1164,11:18:04,28.95,--,22,65977,卖盘
1165,11:17:58,28.95,--,18,52110,卖盘
1166,11:17:53,28.95,0.01,64,185280,买盘
1167,11:17:43,28.94,-0.01,11,31834,卖盘
1168,11:17:38,28.95,--,16,46320,买盘
1169,11:17:34,28.95,-0.01,34,98430,卖盘
1170,11:17:28,28.96,0.01,2,5792,买盘
1171,11:17:19,28.95,-0.01,23,66585,卖盘
1172,11:17:13,28.96,--,3,8688,买盘
1173,11:17:04,28.96,--,52,150592,买盘
1174,11:16:58,28.96,-0.01,52,152764,卖盘
1175,11:16:53,28.97,--,3,9415,买盘
1176,11:16:49,28.97,0.01,7,20279,买盘
1177,11:16:43,28.96,--,10,28960,卖盘
1178,11:16:38,28.96,--,1,2896,卖盘
1179,11:16:34,28.96,--,85,246160,买盘
1180,11:16:28,28.96,0.01,34,98464,买盘
1181,11:16:23,28.95,-0.01,1,2895,卖盘
1182,11:16:19,28.96,0.01,3,8688,买盘
1183,11:16:13,28.95,--,40,115800,买盘
1184,11:16:08,28.95,--,36,104220,买盘
1185,11:15:58,28.95,0.01,10,28950,买盘
1186,11:15:53,28.94,--,10,28940,卖盘
1187,11:15:47,28.94,--,2,5788,卖盘
1188,11:15:43,28.94,-0.01,7,20258,卖盘
1189,11:15:38,28.95,0.01,3,8685,买盘
1190,11:15:32,28.94,-0.01,5,14470,卖盘
1191,11:15:28,28.95,0.01,41,118695,买盘
1192,11:15:23,28.94,--,4,11576,卖盘
1193,11:15:17,28.94,--,7,20258,买盘
1194,11:15:13,28.94,--,12,34728,买盘
1195,11:15:08,28.94,--,72,208368,买盘
1196,11:15:02,28.94,--,1,2894,买盘
1197,11:14:58,28.94,0.01,1,2894,买盘
1198,11:14:52,28.93,--,54,156222,买盘
1199,11:14:47,28.93,--,4,11572,买盘
1200,11:14:43,28.93,--,8,23144,买盘
1201,11:14:32,28.93,--,4,11572,买盘
1202,11:14:28,28.93,0.01,3,8679,买盘
1203,11:14:22,28.92,-0.01,14,40488,卖盘
1204,11:14:17,28.93,--,4,11572,买盘
1205,11:14:13,28.93,0.01,25,72325,买盘
1206,11:14:07,28.92,0.01,3,8676,买盘
1207,11:14:02,28.91,--,0,0,卖盘
1208,11:13:47,28.91,-0.01,4,11564,卖盘
1209,11:13:43,28.92,--,1,2892,买盘
1210,11:13:28,28.92,-0.01,9,26028,卖盘
1211,11:13:22,28.93,0.02,2,5786,买盘
1212,11:13:13,28.91,--,4,11564,卖盘
1213,11:13:07,28.91,--,5,14455,卖盘
1214,11:13:02,28.91,--,20,57820,买盘
1215,11:12:58,28.91,--,18,52038,买盘
1216,11:12:43,28.91,0.01,6,17346,买盘
1217,11:12:37,28.9,--,1,2890,卖盘
1218,11:12:32,28.9,-0.01,5,14450,卖盘
1219,11:12:28,28.91,0.01,4,11564,买盘
1220,11:12:22,28.9,--,0,0,卖盘
1221,11:12:13,28.9,-0.03,254,734060,卖盘
1222,11:12:07,28.93,0.02,10,28930,买盘
1223,11:12:02,28.91,-0.02,6,17346,卖盘
1224,11:11:52,28.93,--,4,11572,买盘
1225,11:11:43,28.93,--,4,11572,买盘
1226,11:11:37,28.93,-0.01,16,46288,买盘
1227,11:11:28,28.94,0.01,16,46304,买盘
1228,11:11:22,28.93,-0.01,10,28930,买盘
1229,11:11:17,28.94,--,0,0,买盘
1230,11:11:13,28.94,-0.01,20,57880,买盘
1231,11:11:07,28.95,0.01,16,46320,买盘
1232,11:11:02,28.94,--,0,0,买盘
1233,11:10:58,28.94,-0.01,26,75244,卖盘
1234,11:10:52,28.95,0.05,23,66585,买盘
1235,11:10:47,28.9,-0.05,50,144500,卖盘
1236,11:10:43,28.95,--,15,43425,买盘
1237,11:10:32,28.95,0.01,35,101325,买盘
1238,11:10:28,28.94,--,14,40516,买盘
1239,11:10:22,28.94,--,9,26046,买盘
1240,11:10:12,28.94,--,0,0,买盘
1241,11:10:07,28.94,0.04,10,28940,买盘
1242,11:10:02,28.9,--,10,28900,卖盘
1243,11:09:57,28.9,--,30,86700,卖盘
1244,11:09:47,28.9,0.04,356,1030053,买盘
1245,11:09:43,28.86,0.01,103,297258,买盘
1246,11:09:37,28.85,-0.01,10,28850,卖盘
1247,11:09:27,28.86,--,17,49062,买盘
1248,11:09:22,28.86,--,23,66378,买盘
1249,11:09:17,28.86,--,2,5772,买盘
1250,11:09:11,28.86,--,10,28860,买盘
1251,11:09:07,28.86,0.01,3,8658,买盘
1252,11:09:02,28.85,-0.01,5,14425,卖盘
1253,11:08:47,28.86,--,3,8658,买盘
1254,11:08:37,28.86,0.01,1,2886,买盘
1255,11:08:32,28.85,-0.01,37,106745,卖盘
1256,11:08:26,28.86,-0.01,40,115440,卖盘
1257,11:08:22,28.87,0.01,163,470581,买盘
1258,11:08:11,28.86,0.01,24,69264,买盘
1259,11:08:07,28.85,-0.01,6,17310,卖盘
1260,11:08:02,28.86,--,41,118326,买盘
1261,11:07:56,28.86,--,13,37518,买盘
1262,11:07:52,28.86,0.01,1,2886,买盘
1263,11:07:37,28.85,--,7,20195,买盘
1264,11:07:32,28.85,--,10,28850,买盘
1265,11:07:22,28.85,-0.01,131,377935,卖盘
1266,11:07:16,28.86,0.01,5,14430,买盘
1267,11:07:07,28.85,--,2,5770,卖盘
1268,11:07:01,28.85,0.03,148,426980,买盘
1269,11:06:56,28.82,--,0,0,卖盘
1270,11:06:41,28.82,--,3,8646,卖盘
1271,11:06:37,28.82,--,10,28820,卖盘
1272,11:06:31,28.82,--,5,14410,卖盘
1273,11:06:26,28.82,--,14,40348,买盘
1274,11:06:22,28.82,--,21,60522,买盘
1275,11:06:16,28.82,--,16,46112,买盘
1276,11:06:01,28.82,--,0,0,买盘
1277,11:05:52,28.82,0.01,6,17292,买盘
1278,11:05:46,28.81,--,0,0,卖盘
1279,11:05:37,28.81,--,0,0,卖盘
1280,11:05:26,28.81,-0.01,45,129645,卖盘
1281,11:05:22,28.82,-0.03,109,314138,卖盘
1282,11:05:16,28.85,--,3,8655,买盘
1283,11:05:11,28.85,--,4,11540,买盘
1284,11:05:07,28.85,--,28,80780,买盘
1285,11:04:46,28.85,--,0,0,买盘
1286,11:04:41,28.85,--,76,219260,卖盘
1287,11:04:37,28.85,--,20,57700,卖盘
1288,11:04:31,28.85,--,20,57700,卖盘
1289,11:04:22,28.85,--,36,103860,卖盘
1290,11:04:16,28.85,0.03,20,57700,买盘
1291,11:04:07,28.82,-0.03,1,2882,卖盘
1292,11:04:01,28.85,-0.01,5,14425,卖盘
1293,11:03:56,28.86,0.01,68,196248,买盘
1294,11:03:52,28.85,--,26,75010,卖盘
1295,11:03:46,28.85,-0.01,11,31735,卖盘
1296,11:03:41,28.86,--,1,2886,买盘
1297,11:03:31,28.86,--,52,150072,卖盘
1298,11:03:26,28.86,--,61,176046,卖盘
1299,11:03:22,28.86,-0.01,3,8658,卖盘
1300,11:03:16,28.87,0.01,82,236734,买盘
1301,11:03:07,28.86,0.01,1,2886,买盘
1302,11:02:51,28.85,--,0,0,卖盘
1303,11:02:46,28.85,-0.01,6,17310,中性盘
1304,11:02:41,28.86,--,0,0,卖盘
1305,11:02:36,28.86,0.01,108,311688,买盘
1306,11:02:31,28.85,0.04,6,17310,买盘
1307,11:02:11,28.81,--,0,0,卖盘
1308,11:02:06,28.81,--,0,0,卖盘
1309,11:01:56,28.81,-0.04,6,17286,卖盘
1310,11:01:51,28.85,--,0,0,中性盘
1311,11:01:46,28.85,-0.01,12,34620,卖盘
1312,11:01:41,28.86,-0.01,19,54834,买盘
1313,11:01:36,28.87,--,0,0,买盘
1314,11:01:31,28.87,0.06,31,89497,买盘
1315,11:01:26,28.81,-0.05,14,40334,卖盘
1316,11:01:16,28.86,-0.01,3,8658,买盘
1317,11:01:11,28.87,--,8,23096,买盘
1318,11:01:05,28.87,--,3,8661,买盘
1319,11:01:01,28.87,0.04,2,5774,买盘
1320,11:00:56,28.83,-0.03,3,8649,卖盘
1321,11:00:50,28.86,0.01,15,43290,买盘
1322,11:00:46,28.85,0.05,211,608735,买盘
1323,11:00:41,28.8,--,26,74880,卖盘
1324,11:00:35,28.8,-0.01,10,28800,卖盘
1325,11:00:31,28.81,0.01,119,342839,买盘
1326,11:00:26,28.8,0.02,4,11520,买盘
1327,11:00:20,28.78,-0.02,4,11512,卖盘
1328,11:00:16,28.8,0.02,148,426240,买盘
1329,11:00:11,28.78,--,5,14390,买盘
1330,11:00:05,28.78,--,100,287800,买盘
1331,10:59:55,28.78,0.06,100,287800,买盘
1332,10:59:50,28.72,-0.04,2,5744,卖盘
1333,10:59:46,28.76,0.02,100,287600,买盘
1334,10:59:35,28.74,--,0,0,买盘
1335,10:59:31,28.74,0.02,103,296022,买盘
1336,10:59:16,28.72,--,3,8616,买盘
1337,10:59:10,28.72,0.01,13,37336,买盘
1338,10:58:25,28.71,--,10,28710,买盘
1339,10:58:01,28.71,--,10,28710,卖盘
1340,10:57:40,28.71,-0.01,39,111969,卖盘
1341,10:57:31,28.72,0.01,7,20104,买盘
1342,10:57:20,28.71,-0.01,21,60291,卖盘
1343,10:57:01,28.72,0.01,1,2872,买盘
1344,10:56:46,28.71,-0.01,2,5742,卖盘
1345,10:56:40,28.72,--,23,66056,买盘
1346,10:56:20,28.72,-0.01,7,20104,卖盘
1347,10:56:10,28.73,--,17,48841,买盘
1348,10:56:00,28.73,--,3,8619,买盘
1349,10:55:55,28.73,0.01,3,8619,买盘
1350,10:55:50,28.72,--,3,8616,买盘
1351,10:55:45,28.72,--,3,8616,买盘
1352,10:55:40,28.72,--,19,54568,买盘
1353,10:55:35,28.72,--,19,54568,买盘
1354,10:55:25,28.72,--,4,11488,买盘
1355,10:55:15,28.72,0.01,5,14360,买盘
1356,10:55:10,28.71,--,5,14355,卖盘
1357,10:55:05,28.71,-0.01,13,37323,卖盘
1358,10:54:55,28.72,0.01,17,48824,买盘
1359,10:54:45,28.71,--,2,5742,买盘
1360,10:54:35,28.71,0.01,7,20097,买盘
1361,10:54:30,28.7,-0.01,15,43050,卖盘
1362,10:54:20,28.71,--,1,2871,卖盘
1363,10:54:05,28.71,--,9,25839,中性盘
1364,10:53:55,28.71,--,8,22968,买盘
1365,10:53:45,28.71,--,59,169389,买盘
1366,10:53:40,28.71,0.01,30,86130,买盘
1367,10:53:20,28.7,-0.01,16,45920,卖盘
1368,10:53:10,28.71,0.01,6,17226,买盘
1369,10:52:55,28.7,0.04,93,266910,买盘
1370,10:52:50,28.66,--,44,127279,买盘
1371,10:52:40,28.66,--,5,14330,买盘
1372,10:52:35,28.66,--,1,2866,买盘
1373,10:52:25,28.66,0.01,59,169094,买盘
1374,10:51:49,28.65,--,24,68760,买盘
1375,10:51:44,28.65,-0.01,18,51570,卖盘
1376,10:51:25,28.66,--,1,2866,买盘
1377,10:51:10,28.66,--,93,268228,卖盘
1378,10:50:49,28.66,--,4,12639,买盘
1379,10:50:29,28.66,--,4,11464,买盘
1380,10:50:19,28.66,--,30,85980,买盘
1381,10:50:14,28.66,-0.03,11,33216,卖盘
1382,10:49:55,28.69,0.03,20,57380,买盘
1383,10:49:34,28.66,-0.03,400,1146400,卖盘
1384,10:49:29,28.69,0.02,6,17214,买盘
1385,10:49:25,28.67,-0.02,11,31537,卖盘
1386,10:49:04,28.69,-0.01,5,14345,买盘
1387,10:48:59,28.7,--,0,0,买盘
1388,10:48:54,28.7,0.01,20,57400,买盘
1389,10:48:44,28.69,--,5,14345,卖盘
1390,10:48:34,28.69,--,1,2869,中性盘
1391,10:48:19,28.69,--,1,2869,卖盘
1392,10:48:04,28.69,--,5,14345,买盘
1393,10:47:54,28.69,--,19,54511,买盘
1394,10:47:24,28.69,--,8,22952,买盘
1395,10:47:14,28.69,--,11,31559,买盘
1396,10:47:09,28.69,--,2,5738,买盘
1397,10:46:59,28.69,--,20,57380,买盘
1398,10:46:44,28.69,--,0,0,买盘
1399,10:46:34,28.69,--,6,17214,买盘
1400,10:46:24,28.69,--,0,0,买盘
1401,10:45:59,28.69,--,20,57380,买盘
1402,10:45:49,28.69,--,4,11476,买盘
1403,10:45:29,28.69,0.02,5,14345,买盘
1404,10:45:19,28.67,-0.02,10,28670,卖盘
1405,10:45:14,28.69,--,5,14345,买盘
1406,10:44:59,28.69,--,20,57380,买盘
1407,10:44:19,28.69,0.02,1,2869,中性盘
1408,10:44:08,28.67,--,0,0,卖盘
1409,10:44:04,28.67,--,9,25803,买盘
1410,10:43:43,28.67,--,1,2867,买盘
1411,10:43:38,28.67,-0.02,16,45872,卖盘
1412,10:43:28,28.69,--,11,31559,买盘
1413,10:43:23,28.69,0.02,7,20083,买盘
1414,10:43:13,28.67,--,0,0,卖盘
1415,10:43:08,28.67,-0.03,6,17202,卖盘
1416,10:43:03,28.7,--,25,71750,买盘
1417,10:42:48,28.7,0.03,6,17220,买盘
1418,10:42:43,28.67,-0.03,5,14335,卖盘
1419,10:42:28,28.7,0.03,7,20090,买盘
1420,10:42:19,28.67,--,6,17202,卖盘
1421,10:41:48,28.67,--,2,5734,买盘
1422,10:41:43,28.67,-0.03,1,2867,卖盘
1423,10:41:38,28.7,--,13,37310,买盘
1424,10:41:28,28.7,--,6,17220,买盘
1425,10:41:18,28.7,0.01,7,20090,买盘
1426,10:41:13,28.69,-0.01,12,34428,中性盘
1427,10:41:08,28.7,--,20,57400,买盘
1428,10:41:03,28.7,--,7,20090,买盘
1429,10:40:43,28.7,--,6,17220,买盘
1430,10:40:38,28.7,--,3,8610,买盘
1431,10:40:28,28.7,--,7,20090,买盘
1432,10:40:23,28.7,--,6,17220,买盘
1433,10:40:13,28.7,--,11,31570,买盘
1434,10:40:08,28.7,--,20,57400,买盘
1435,10:40:03,28.7,--,1,2870,买盘
1436,10:39:58,28.7,--,6,17220,买盘
1437,10:39:38,28.7,0.04,8,22960,买盘
1438,10:39:28,28.66,--,21,60186,卖盘
1439,10:39:23,28.66,--,0,0,卖盘
1440,10:39:18,28.66,--,2,5732,卖盘
1441,10:39:13,28.66,-0.03,67,192022,卖盘
1442,10:39:08,28.69,0.03,7,20083,中性盘
1443,10:38:48,28.66,-0.04,65,186576,卖盘
1444,10:38:38,28.7,0.04,6,17220,买盘
1445,10:38:13,28.66,-0.04,21,60186,卖盘
1446,10:38:08,28.7,0.04,7,20090,买盘
1447,10:37:58,28.66,--,1,2866,卖盘
1448,10:37:53,28.66,-0.03,202,578932,卖盘
1449,10:37:47,28.69,--,5,14345,卖盘
1450,10:37:43,28.69,--,10,28690,卖盘
1451,10:37:38,28.69,--,1,2869,卖盘
1452,10:37:28,28.69,-0.01,1,2869,卖盘
1453,10:37:17,28.7,--,26,74620,买盘
1454,10:37:13,28.7,--,4,11480,买盘
1455,10:37:08,28.7,-0.02,10,28700,卖盘
1456,10:37:02,28.72,--,7,20104,买盘
1457,10:36:58,28.72,--,7,20104,卖盘
1458,10:36:52,28.72,-0.01,13,37336,卖盘
1459,10:36:43,28.73,--,7,20111,买盘
1460,10:36:37,28.73,--,12,34476,买盘
1461,10:36:32,28.73,--,48,137904,买盘
1462,10:36:28,28.73,--,7,20111,买盘
1463,10:36:22,28.73,--,6,17238,买盘
1464,10:36:17,28.73,--,0,0,买盘
1465,10:36:13,28.73,--,4,11492,买盘
1466,10:36:08,28.73,--,6,17238,买盘
1467,10:35:57,28.73,0.01,7,20111,买盘
1468,10:35:47,28.72,0.02,9,25848,买盘
1469,10:35:42,28.7,-0.02,8,22960,卖盘
1470,10:35:37,28.72,--,9,25848,买盘
1471,10:35:27,28.72,--,6,17232,买盘
1472,10:35:17,28.72,-0.02,26,74672,买盘
1473,10:35:07,28.74,--,0,0,买盘
1474,10:35:02,28.74,0.04,6,17244,买盘
1475,10:34:52,28.7,--,1,2870,买盘
1476,10:34:42,28.7,--,6,17220,买盘
1477,10:34:32,28.7,-0.04,12,34440,卖盘
1478,10:34:27,28.74,--,1,2874,买盘
1479,10:34:22,28.74,--,20,57480,买盘
1480,10:34:17,28.74,--,6,17244,买盘
1481,10:34:07,28.74,--,7,20118,买盘
1482,10:34:02,28.74,--,0,0,中性盘
1483,10:33:57,28.74,--,8,22992,卖盘
1484,10:33:52,28.74,-0.01,2,5748,卖盘
1485,10:33:47,28.75,--,10,28750,买盘
1486,10:33:42,28.75,0.01,13,37375,买盘
1487,10:33:37,28.74,--,3,8622,卖盘
1488,10:33:27,28.74,--,7,20118,卖盘
1489,10:33:22,28.74,--,9,25866,买盘
1490,10:33:17,28.74,--,2,5748,买盘
1491,10:33:12,28.74,--,6,17244,买盘
1492,10:33:02,28.74,--,7,20118,买盘
1493,10:32:52,28.74,--,6,17244,买盘
1494,10:32:46,28.74,--,7,20118,买盘
1495,10:32:36,28.74,0.04,6,17244,买盘
1496,10:32:27,28.7,--,2,5740,买盘
1497,10:32:22,28.7,--,21,60270,买盘
1498,10:32:07,28.7,--,6,17220,买盘
1499,10:31:47,28.7,0.01,7,20090,买盘
1500,10:31:32,28.69,-0.01,8,22952,卖盘
1501,10:31:27,28.7,--,25,71750,买盘
1502,10:31:22,28.7,--,1,2870,买盘
1503,10:31:06,28.7,--,3,8610,买盘
1504,10:30:32,28.7,--,3,8610,买盘
1505,10:30:27,28.7,--,43,123410,买盘
1506,10:30:22,28.7,--,1,2870,买盘
1507,10:30:06,28.7,0.01,3,8610,买盘
1508,10:30:02,28.69,-0.01,10,28690,卖盘
1509,10:29:31,28.7,--,4,11480,买盘
1510,10:29:27,28.7,0.01,20,57400,买盘
1511,10:29:17,28.69,--,1,2869,卖盘
1512,10:29:01,28.69,-0.06,3,8607,卖盘
1513,10:28:56,28.75,0.05,7,20125,买盘
1514,10:28:51,28.7,--,0,0,中性盘
1515,10:28:41,28.7,--,5,14350,买盘
1516,10:28:31,28.7,-0.04,29,83230,卖盘
1517,10:28:21,28.74,--,22,63228,卖盘
1518,10:28:16,28.74,--,0,0,卖盘
1519,10:28:10,28.74,--,0,0,卖盘
1520,10:28:06,28.74,-0.03,1,2874,卖盘
1521,10:27:56,28.77,-0.01,3,8631,买盘
1522,10:27:51,28.78,--,0,0,买盘
1523,10:27:46,28.78,0.01,113,325214,买盘
1524,10:27:40,28.77,--,26,74802,卖盘
1525,10:27:36,28.77,-0.01,30,86310,卖盘
1526,10:27:31,28.78,--,22,63316,卖盘
1527,10:27:25,28.78,-0.01,9,25902,卖盘
1528,10:27:21,28.79,--,0,0,买盘
1529,10:27:16,28.79,0.02,61,175619,买盘
1530,10:27:10,28.77,-0.01,131,376887,买盘
1531,10:27:01,28.78,0.01,40,115120,买盘
1532,10:26:51,28.77,0.01,6,17262,买盘
1533,10:26:46,28.76,-0.01,6,17256,买盘
1534,10:26:40,28.77,--,20,57540,买盘
1535,10:26:31,28.77,0.03,56,161112,买盘
1536,10:26:25,28.74,0.01,17,48858,买盘
1537,10:26:16,28.73,-0.05,6,17238,卖盘
1538,10:26:06,28.78,--,0,0,买盘
1539,10:25:55,28.78,0.06,105,302190,买盘
1540,10:25:46,28.72,--,7,20104,买盘
1541,10:25:40,28.72,0.02,117,336024,买盘
1542,10:25:25,28.7,--,6,17220,买盘
1543,10:25:21,28.7,0.04,235,675339,买盘
1544,10:25:16,28.66,--,9,25794,买盘
1545,10:25:10,28.66,--,11,31526,买盘
1546,10:25:01,28.66,--,200,573200,买盘
1547,10:24:55,28.66,--,18,51588,买盘
1548,10:24:51,28.66,--,2,5732,买盘
1549,10:24:46,28.66,0.01,225,644850,买盘
1550,10:24:40,28.65,--,3,8595,卖盘
1551,10:24:36,28.65,--,11,31515,卖盘
1552,10:24:31,28.65,--,9,25785,买盘
1553,10:24:25,28.65,--,6,17190,买盘
1554,10:24:21,28.65,-0.01,26,74490,卖盘
1555,10:24:01,28.66,--,236,676376,买盘
1556,10:23:55,28.66,--,0,0,买盘
1557,10:23:51,28.66,0.01,350,1003100,买盘
1558,10:23:46,28.65,--,21,60165,买盘
1559,10:23:40,28.65,0.03,7,20055,买盘
1560,10:23:25,28.62,--,1,2862,卖盘
1561,10:23:06,28.62,--,0,0,卖盘
1562,10:23:00,28.62,--,5,14310,卖盘
1563,10:22:55,28.62,--,0,0,卖盘
1564,10:22:51,28.62,-0.03,190,545754,卖盘
1565,10:22:40,28.65,--,8,22920,买盘
1566,10:22:30,28.65,0.01,6,17190,买盘
1567,10:22:19,28.64,--,5,14320,卖盘
1568,10:22:15,28.64,-0.01,3,8592,卖盘
1569,10:22:10,28.65,--,7,20055,买盘
1570,10:22:00,28.65,0.01,48,137520,中性盘
1571,10:21:55,28.64,--,3,8592,卖盘
1572,10:21:45,28.64,-0.01,2,5728,卖盘
1573,10:21:40,28.65,--,20,57300,买盘
1574,10:21:25,28.65,--,16,45840,买盘
1575,10:21:19,28.65,-0.01,9,25785,卖盘
1576,10:21:15,28.66,--,55,157630,买盘
1577,10:21:10,28.66,--,13,37258,买盘
1578,10:21:04,28.66,--,18,51588,买盘
1579,10:21:00,28.66,--,7,20062,买盘
1580,10:20:55,28.66,-0.03,374,1071884,卖盘
1581,10:20:49,28.69,0.01,7,20083,买盘
1582,10:20:34,28.68,0.01,6,17208,买盘
1583,10:20:25,28.67,-0.01,10,28670,卖盘
1584,10:20:19,28.68,--,7,20076,买盘
1585,10:20:00,28.68,0.01,6,17208,买盘
1586,10:19:49,28.67,-0.01,5,14335,卖盘
1587,10:19:45,28.68,--,21,60228,买盘
1588,10:19:34,28.68,0.01,9,25812,买盘
1589,10:19:25,28.67,-0.01,1,2867,卖盘
1590,10:19:15,28.68,0.01,1,2868,买盘
1591,10:19:10,28.67,--,4,11468,卖盘
1592,10:19:04,28.67,-0.01,1,2867,卖盘
1593,10:18:49,28.68,0.02,24,68832,买盘
1594,10:18:34,28.66,0.01,11,31526,卖盘
1595,10:18:19,28.65,--,0,0,卖盘
1596,10:18:10,28.65,--,1,2865,卖盘
1597,10:18:04,28.65,--,28,80220,买盘
1598,10:17:49,28.65,0.01,20,57300,买盘
1599,10:17:40,28.64,--,1,2864,卖盘
1600,10:17:34,28.64,-0.01,6,17184,卖盘
1601,10:17:30,28.65,--,11,31515,买盘
1602,10:17:25,28.65,--,10,28650,买盘
1603,10:17:15,28.65,--,29,83085,卖盘
1604,10:17:04,28.65,0.01,17,48705,买盘
1605,10:16:55,28.64,--,23,65872,买盘
1606,10:16:49,28.64,--,0,0,买盘
1607,10:16:44,28.64,0.05,11,31504,买盘
1608,10:16:29,28.59,--,436,1248496,买盘
1609,10:16:15,28.59,--,14,40026,买盘
1610,10:16:10,28.59,--,30,85770,买盘
1611,10:15:59,28.59,--,286,817674,买盘
1612,10:15:49,28.59,--,24,68616,买盘
1613,10:15:44,28.59,--,5,14295,买盘
1614,10:15:39,28.59,0.01,10,28590,买盘
1615,10:15:34,28.58,-0.01,20,57160,卖盘
1616,10:15:28,28.59,--,3,8577,买盘
1617,10:15:19,28.59,--,22,62898,买盘
1618,10:15:04,28.59,--,2,5718,买盘
1619,10:14:54,28.59,--,20,57180,买盘
1620,10:14:49,28.59,--,14,40026,买盘
1621,10:14:43,28.59,--,6,17154,买盘
1622,10:14:39,28.59,--,6,17154,买盘
1623,10:14:13,28.59,-0.05,67,192553,卖盘
1624,10:14:04,28.64,0.04,145,415280,买盘
1625,10:13:54,28.6,--,20,57200,买盘
1626,10:13:49,28.6,0.01,1,2860,买盘
1627,10:13:43,28.59,--,2,5718,卖盘
1628,10:13:18,28.59,-0.01,12,34308,卖盘
1629,10:13:09,28.6,--,1,2860,买盘
1630,10:13:04,28.6,-0.03,6,17160,中性盘
1631,10:12:58,28.63,0.03,20,57260,买盘
1632,10:12:43,28.6,-0.03,38,108680,卖盘
1633,10:12:34,28.63,-0.01,10,28630,买盘
1634,10:12:28,28.64,--,0,0,买盘
1635,10:12:09,28.64,0.03,40,114560,买盘
1636,10:11:58,28.61,--,19,54359,买盘
1637,10:11:43,28.61,--,0,0,买盘
1638,10:11:28,28.61,--,5,14305,买盘
1639,10:11:13,28.61,-0.03,2,5722,卖盘
1640,10:11:04,28.64,--,0,0,买盘
1641,10:10:58,28.64,0.01,21,60144,买盘
1642,10:10:49,28.63,--,1,2863,卖盘
1643,10:10:38,28.63,--,56,160328,卖盘
1644,10:10:28,28.63,--,10,28630,卖盘
1645,10:10:03,28.63,0.04,40,114520,买盘
1646,10:09:48,28.59,-0.02,3,8577,卖盘
1647,10:09:38,28.61,0.02,2,5722,买盘
1648,10:09:33,28.59,--,0,0,卖盘
1649,10:09:23,28.59,--,2,5718,卖盘
1650,10:09:18,28.59,--,0,0,卖盘
1651,10:09:13,28.59,-0.02,6,17154,卖盘
1652,10:09:03,28.61,0.01,25,71525,买盘
1653,10:08:53,28.6,-0.01,30,85800,卖盘
1654,10:08:28,28.61,0.01,21,60081,买盘
1655,10:07:58,28.6,--,1,2860,卖盘
1656,10:07:52,28.6,--,1,2860,买盘
1657,10:07:43,28.6,--,0,0,中性盘
1658,10:07:28,28.6,--,5,14300,买盘
1659,10:07:07,28.6,-0.01,53,151580,卖盘
1660,10:06:58,28.61,--,24,68664,卖盘
1661,10:06:28,28.61,--,0,0,中性盘
1662,10:06:22,28.61,0.01,3,8583,买盘
1663,10:06:13,28.6,--,2,5720,卖盘
1664,10:06:07,28.6,--,1,2860,卖盘
1665,10:05:52,28.6,--,10,28600,卖盘
1666,10:05:28,28.6,--,11,31460,卖盘
1667,10:05:22,28.6,-0.01,1,2860,卖盘
1668,10:05:18,28.61,--,1,2861,买盘
1669,10:05:07,28.61,0.01,13,37193,卖盘
1670,10:05:03,28.6,--,7,20020,卖盘
1671,10:04:52,28.6,--,4,11440,卖盘
1672,10:04:27,28.6,-0.02,2,5720,卖盘
1673,10:04:22,28.62,-0.01,4,11448,买盘
1674,10:04:17,28.63,--,0,0,买盘
1675,10:03:57,28.63,--,68,194684,卖盘
1676,10:03:32,28.63,--,2,5726,买盘
1677,10:03:22,28.63,--,1,2863,买盘
1678,10:02:32,28.63,0.03,1,2863,买盘
1679,10:02:27,28.6,--,10,28600,卖盘
1680,10:02:02,28.6,--,150,429000,卖盘
1681,10:01:52,28.6,--,0,0,卖盘
1682,10:01:47,28.6,-0.04,3,8580,卖盘
1683,10:01:37,28.64,0.04,10,28640,买盘
1684,10:01:31,28.6,-0.04,10,28600,卖盘
1685,10:01:07,28.64,--,7,20048,买盘
1686,10:00:52,28.64,--,5,14320,卖盘
1687,10:00:16,28.64,0.04,14,40096,买盘
1688,09:59:52,28.6,--,1,2860,卖盘
1689,09:59:31,28.6,--,5,14300,卖盘
1690,09:58:37,28.6,--,8,22880,卖盘
1691,09:58:31,28.6,--,32,91520,卖盘
1692,09:58:27,28.6,--,3,8580,卖盘
1693,09:58:16,28.6,-0.04,3,8580,卖盘
1694,09:58:07,28.64,0.02,16,45824,买盘
1695,09:58:01,28.62,-0.02,10,28620,卖盘
1696,09:57:57,28.64,-0.01,1,2864,买盘
1697,09:57:21,28.65,0.01,25,71625,买盘
1698,09:57:06,28.64,0.04,2,5728,买盘
1699,09:56:26,28.6,-0.02,6,17160,卖盘
1700,09:56:16,28.62,0.01,23,65826,买盘
1701,09:55:36,28.61,0.01,9,25749,卖盘
1702,09:55:31,28.6,--,0,0,卖盘
1703,09:55:26,28.6,-0.02,7,20020,卖盘
1704,09:55:21,28.62,0.02,12,34344,买盘
1705,09:55:11,28.6,0.01,31,88660,买盘
1706,09:54:41,28.59,--,23,65757,卖盘
1707,09:54:31,28.59,-0.01,23,65757,卖盘
1708,09:54:25,28.6,0.01,5,14300,买盘
1709,09:54:10,28.59,--,4,11436,卖盘
1710,09:54:01,28.59,--,35,100065,卖盘
1711,09:53:21,28.59,--,1,2859,卖盘
1712,09:53:16,28.59,-0.01,8,22872,卖盘
1713,09:53:01,28.6,0.01,1,2860,买盘
1714,09:52:55,28.59,--,20,57180,卖盘
1715,09:52:51,28.59,--,2,5718,卖盘
1716,09:52:46,28.59,-0.01,5,14295,卖盘
1717,09:52:40,28.6,0.01,38,108680,买盘
1718,09:52:31,28.59,-0.01,2,5718,卖盘
1719,09:52:20,28.6,--,13,37180,卖盘
1720,09:52:16,28.6,--,11,31460,卖盘
1721,09:52:10,28.6,--,10,28600,卖盘
1722,09:52:05,28.6,-0.01,40,114400,买盘
1723,09:52:00,28.61,0.01,8,22888,买盘
1724,09:51:50,28.6,-0.01,200,572000,卖盘
1725,09:51:40,28.61,-0.01,4,11444,卖盘
1726,09:51:35,28.62,--,1,2862,卖盘
1727,09:51:25,28.62,--,0,0,卖盘
1728,09:51:20,28.62,-0.02,10,28620,卖盘
1729,09:51:15,28.64,0.02,5,14320,买盘
1730,09:51:05,28.62,--,0,0,卖盘
1731,09:50:55,28.62,--,30,85860,卖盘
1732,09:50:50,28.62,--,10,28620,卖盘
1733,09:50:35,28.62,0.02,8,22896,买盘
1734,09:50:15,28.6,--,1,2860,卖盘
1735,09:50:05,28.6,--,7,20020,卖盘
1736,09:50:00,28.6,-0.01,152,434720,卖盘
1737,09:49:55,28.61,0.02,203,580783,买盘
1738,09:49:50,28.59,-0.01,1,2859,卖盘
1739,09:49:40,28.6,--,11,31460,买盘
1740,09:49:35,28.6,--,12,34320,买盘
1741,09:49:29,28.6,--,1,2860,买盘
1742,09:49:25,28.6,--,21,60060,买盘
1743,09:49:20,28.6,--,10,28600,买盘
1744,09:49:10,28.6,--,1,2860,买盘
1745,09:48:50,28.6,--,6,17160,买盘
1746,09:48:35,28.6,--,1,2860,买盘
1747,09:47:55,28.6,--,12,34320,买盘
1748,09:47:40,28.6,0.01,19,54340,买盘
1749,09:47:35,28.59,--,1,2859,卖盘
1750,09:47:25,28.59,--,11,31449,卖盘
1751,09:47:20,28.59,-0.01,1,2859,卖盘
1752,09:47:10,28.6,0.01,2,5720,买盘
1753,09:46:49,28.59,-0.01,1,2859,卖盘
1754,09:46:34,28.6,0.01,5,14300,买盘
1755,09:46:10,28.59,-0.01,9,25731,卖盘
1756,09:45:44,28.6,--,12,34320,买盘
1757,09:45:09,28.6,0.01,11,31460,买盘
1758,09:44:34,28.59,--,21,60039,卖盘
1759,09:44:29,28.59,-0.01,16,45744,卖盘
1760,09:44:14,28.6,0.01,1,2860,买盘
1761,09:44:04,28.59,--,8,22872,卖盘
1762,09:43:59,28.59,-0.01,29,84769,卖盘
1763,09:43:54,28.6,--,12,34320,买盘
1764,09:43:49,28.6,--,24,68640,买盘
1765,09:43:39,28.6,--,7,20020,卖盘
1766,09:43:29,28.6,-0.01,5,14300,卖盘
1767,09:43:19,28.61,-0.01,5,14305,卖盘
1768,09:43:14,28.62,--,0,0,买盘
1769,09:43:09,28.62,-0.02,12,34344,卖盘
1770,09:43:04,28.64,--,5,14320,卖盘
1771,09:42:59,28.64,0.03,2,5728,卖盘
1772,09:42:49,28.61,--,2,5722,买盘
1773,09:42:44,28.61,-0.01,51,145911,卖盘
1774,09:42:34,28.62,-0.03,55,157410,卖盘
1775,09:42:29,28.65,0.04,50,143250,买盘
1776,09:42:19,28.61,--,0,0,卖盘
1777,09:42:14,28.61,-0.03,7,20027,卖盘
1778,09:42:09,28.64,0.03,40,114560,买盘
1779,09:42:04,28.61,-0.01,3,8583,卖盘
1780,09:41:54,28.62,--,60,171720,买盘
1781,09:41:49,28.62,-0.02,31,88722,卖盘
1782,09:41:24,28.64,-0.02,2,7016,卖盘
1783,09:41:19,28.66,0.02,1,2866,买盘
1784,09:41:14,28.64,-0.02,20,57280,卖盘
1785,09:41:04,28.66,0.02,12,34392,买盘
1786,09:40:54,28.64,0.01,13,38807,买盘
1787,09:40:49,28.63,-0.01,1,4952,卖盘
1788,09:40:44,28.64,0.01,30,85920,买盘
1789,09:40:39,28.63,--,0,773,卖盘
1790,09:40:28,28.63,-0.01,1,2863,卖盘
1791,09:40:19,28.64,--,24,68736,买盘
1792,09:40:13,28.64,--,209,600638,卖盘
1793,09:40:04,28.64,--,0,0,卖盘
1794,09:39:58,28.64,-0.02,94,270017,卖盘
1795,09:39:54,28.66,0.02,4,11464,中性盘
1796,09:39:49,28.64,-0.01,25,71600,卖盘
1797,09:39:34,28.65,--,8,22920,卖盘
1798,09:39:28,28.65,--,1,2865,卖盘
1799,09:39:18,28.65,--,2,5730,卖盘
1800,09:39:13,28.65,-0.02,10,28650,卖盘
1801,09:39:03,28.67,0.01,45,129015,买盘
1802,09:38:58,28.66,--,7,20062,卖盘
1803,09:38:48,28.66,0.01,10,28660,买盘
1804,09:38:43,28.65,--,10,28650,卖盘
1805,09:38:28,28.65,-0.01,20,57300,卖盘
1806,09:38:23,28.66,-0.01,1,2866,买盘
1807,09:38:13,28.67,0.02,5,14335,买盘
1808,09:38:08,28.65,-0.03,10,28650,卖盘
1809,09:38:02,28.68,--,0,0,买盘
1810,09:37:58,28.68,0.04,1,2868,买盘
1811,09:37:53,28.64,-0.04,1,2864,卖盘
1812,09:37:43,28.68,0.04,12,34416,买盘
1813,09:37:38,28.64,--,59,168976,买盘
1814,09:37:28,28.64,0.01,12,34368,买盘
1815,09:37:23,28.63,--,1,2863,卖盘
1816,09:37:13,28.63,--,10,28630,卖盘
1817,09:37:02,28.63,--,13,37219,买盘
1818,09:36:58,28.63,--,25,71575,买盘
1819,09:36:53,28.63,--,2,5726,买盘
1820,09:36:43,28.63,--,11,31493,买盘
1821,09:36:32,28.63,0.02,5,14315,买盘
1822,09:36:23,28.61,--,5,14305,中性盘
1823,09:36:17,28.61,0.01,20,57220,买盘
1824,09:36:13,28.6,--,1,2860,卖盘
1825,09:36:02,28.6,--,24,68640,买盘
1826,09:35:58,28.6,0.01,30,85800,买盘
1827,09:35:53,28.59,-0.01,4,11436,卖盘
1828,09:35:47,28.6,--,6,17160,买盘
1829,09:35:43,28.6,0.01,2,5720,买盘
1830,09:35:38,28.59,0.01,34,97206,买盘
1831,09:35:28,28.58,--,13,37154,买盘
1832,09:35:23,28.58,--,3,8574,买盘
1833,09:35:17,28.58,0.02,5,14290,买盘
1834,09:35:08,28.56,--,0,0,卖盘
1835,09:35:02,28.56,-0.01,42,119952,卖盘
1836,09:34:58,28.57,0.01,7,19999,买盘
1837,09:34:43,28.56,0.01,89,255612,买盘
1838,09:34:38,28.55,0.04,1,2855,买盘
1839,09:34:23,28.51,--,0,0,卖盘
1840,09:34:13,28.51,-0.05,4,11404,卖盘
1841,09:34:08,28.56,0.05,22,62832,中性盘
1842,09:33:43,28.51,-0.06,3,8553,卖盘
1843,09:33:38,28.57,0.08,14,39998,买盘
1844,09:33:32,28.49,-0.08,16,45584,卖盘
1845,09:33:28,28.57,0.08,2,5714,买盘
1846,09:33:23,28.49,-0.09,20,56980,卖盘
1847,09:33:07,28.58,-0.02,20,57160,卖盘
1848,09:33:02,28.6,--,0,0,买盘
1849,09:32:42,28.6,0.03,12,34320,买盘
1850,09:32:37,28.57,0.07,1,2857,卖盘
1851,09:32:17,28.5,--,0,0,卖盘
1852,09:32:12,28.5,--,3,8550,买盘
1853,09:32:07,28.5,-0.03,60,171000,卖盘
1854,09:32:02,28.53,0.03,9,25677,卖盘
1855,09:31:52,28.5,--,0,0,卖盘
1856,09:31:42,28.5,-0.09,3,8550,卖盘
1857,09:31:37,28.59,0.09,15,42885,买盘
1858,09:31:32,28.5,--,0,0,卖盘
1859,09:31:22,28.5,--,9,25650,卖盘
1860,09:31:17,28.5,-0.09,1,2850,卖盘
1861,09:31:11,28.59,--,2,5718,买盘
1862,09:31:07,28.59,0.09,20,57180,买盘
1863,09:31:02,28.5,--,45,128250,买盘
1864,09:30:56,28.5,-0.05,26,74100,卖盘
1865,09:30:52,28.55,--,0,0,卖盘
1866,09:30:47,28.55,0.05,1,2855,卖盘
1867,09:30:41,28.5,--,0,0,卖盘
1868,09:30:36,28.5,-0.09,20,57000,卖盘
1869,09:30:32,28.59,0.04,2,5718,买盘
1870,09:30:26,28.55,0.05,1,2855,买盘
1871,09:30:22,28.5,-0.1,1,2850,卖盘
1872,09:30:17,28.6,--,0,0,买盘
1873,09:30:11,28.6,0.1,20,57200,买盘
1874,09:30:07,28.5,-0.14,66,188100,卖盘
1875,09:30:02,28.64,--,10,28640,买盘
1876,09:28:50,28.64,--,0,0,买盘
1877,09:25:05,28.64,28.64,58,166112,买盘
