,time,price,change,volume,amount,type
0,15:00:00,5.65,--,0,0,买盘
1,15:00:00,5.65,0.01,0,0,买盘
2,15:00:00,5.64,--,214,120696,卖盘
3,14:59:57,5.64,--,2064,1164096,卖盘
4,14:59:52,5.64,--,237,133961,卖盘
5,14:59:47,5.64,--,273,153972,卖盘
6,14:59:43,5.64,--,2260,1274640,卖盘
7,14:59:37,5.64,--,1048,591072,卖盘
8,14:59:32,5.64,--,544,306816,卖盘
9,14:59:28,5.64,-0.01,889,501396,卖盘
10,14:59:22,5.65,0.01,1070,604550,买盘
11,14:59:17,5.64,--,137,77268,卖盘
12,14:59:13,5.64,--,7106,4007784,卖盘
13,14:59:07,5.64,--,375,211646,卖盘
14,14:59:02,5.64,-0.01,663,373932,卖盘
15,14:58:57,5.65,0.01,381,215265,买盘
16,14:58:52,5.64,--,350,197400,卖盘
17,14:58:47,5.64,--,1287,726409,卖盘
18,14:58:42,5.64,-0.01,586,330504,卖盘
19,14:58:37,5.65,0.01,1355,765575,买盘
20,14:58:32,5.64,--,286,161304,卖盘
21,14:58:27,5.64,--,1737,979668,卖盘
22,14:58:22,5.64,-0.01,1504,848256,卖盘
23,14:58:17,5.65,0.01,169,95485,买盘
24,14:58:12,5.64,--,202,113928,卖盘
25,14:58:07,5.64,-0.01,883,498012,卖盘
26,14:58:02,5.65,0.01,100,56601,买盘
27,14:57:57,5.64,--,433,244212,卖盘
28,14:57:52,5.64,-0.01,186,104904,卖盘
29,14:57:47,5.65,0.01,209,118085,买盘
30,14:57:42,5.64,--,236,133104,卖盘
31,14:57:37,5.64,-0.01,594,335016,卖盘
32,14:57:32,5.65,0.01,1,565,买盘
33,14:57:27,5.64,-0.01,858,483912,卖盘
34,14:57:22,5.65,0.01,857,484205,买盘
35,14:57:17,5.64,--,37,20868,卖盘
36,14:57:12,5.64,-0.01,371,209244,卖盘
37,14:57:07,5.65,--,399,225435,买盘
38,14:57:02,5.65,--,46,25990,买盘
39,14:56:57,5.65,0.01,22,12430,买盘
40,14:56:52,5.64,--,1156,652096,卖盘
41,14:56:47,5.64,-0.01,107,60348,卖盘
42,14:56:42,5.65,0.01,364,205660,买盘
43,14:56:37,5.64,-0.01,429,241956,卖盘
44,14:56:32,5.65,0.01,1,565,买盘
45,14:56:27,5.64,--,272,153408,卖盘
46,14:56:22,5.64,--,369,208567,卖盘
47,14:56:17,5.64,-0.01,41,23124,卖盘
48,14:56:12,5.65,0.01,860,485900,买盘
49,14:56:07,5.64,--,89,50196,卖盘
50,14:56:02,5.64,--,112,63168,卖盘
51,14:55:57,5.64,-0.01,985,555540,卖盘
52,14:55:52,5.65,0.01,353,199445,买盘
53,14:55:47,5.64,-0.01,5308,2993712,卖盘
54,14:55:42,5.65,0.01,1142,645230,买盘
55,14:55:37,5.64,--,1206,680590,卖盘
56,14:55:32,5.64,--,307,173554,卖盘
57,14:55:27,5.64,--,937,528468,卖盘
58,14:55:22,5.64,-0.01,1312,740374,卖盘
59,14:55:17,5.65,--,15,8475,买盘
60,14:55:12,5.65,0.01,757,427705,买盘
61,14:55:07,5.64,-0.01,1354,763656,卖盘
62,14:55:02,5.65,0.01,273,154245,买盘
63,14:54:57,5.64,-0.01,190,107160,卖盘
64,14:54:52,5.65,0.01,207,116955,买盘
65,14:54:47,5.64,--,238,134339,卖盘
66,14:54:42,5.64,--,1908,1076219,卖盘
67,14:54:37,5.64,-0.01,374,210936,卖盘
68,14:54:32,5.65,0.01,160,90400,买盘
69,14:54:27,5.64,--,243,137052,卖盘
70,14:54:22,5.64,--,367,206988,卖盘
71,14:54:17,5.64,--,53,29892,卖盘
72,14:54:12,5.64,--,290,163774,卖盘
73,14:54:07,5.64,--,202,114260,卖盘
74,14:54:02,5.64,--,23,12972,卖盘
75,14:53:57,5.64,--,151,85164,卖盘
76,14:53:52,5.64,--,216,121824,卖盘
77,14:53:47,5.64,--,29,16355,卖盘
78,14:53:42,5.64,--,692,390570,买盘
79,14:53:37,5.64,0.01,345,194580,买盘
80,14:53:32,5.63,-0.01,621,349623,卖盘
81,14:53:27,5.64,--,1451,818364,买盘
82,14:53:22,5.64,--,819,462248,买盘
83,14:53:17,5.64,--,2339,1319196,买盘
84,14:53:12,5.64,0.01,524,295536,买盘
85,14:53:07,5.63,--,801,450963,卖盘
86,14:53:01,5.63,-0.01,164,92332,卖盘
87,14:52:57,5.64,--,933,526212,买盘
88,14:52:52,5.64,0.01,931,525416,买盘
89,14:52:46,5.63,-0.01,243,136910,卖盘
90,14:52:41,5.64,0.01,266,150356,买盘
91,14:52:37,5.63,-0.01,1064,599364,卖盘
92,14:52:31,5.64,0.01,197,111108,买盘
93,14:52:27,5.63,--,245,137935,卖盘
94,14:52:21,5.63,--,295,166417,卖盘
95,14:52:16,5.63,--,360,203012,卖盘
96,14:52:11,5.63,-0.01,131,74085,卖盘
97,14:52:06,5.64,--,157,88548,买盘
98,14:52:01,5.64,--,1179,664956,买盘
99,14:51:56,5.64,--,340,191760,买盘
100,14:51:51,5.64,0.01,193,109122,买盘
101,14:51:46,5.63,-0.01,137,77232,卖盘
102,14:51:41,5.64,--,214,120696,买盘
103,14:51:36,5.64,--,230,129719,买盘
104,14:51:31,5.64,0.01,183,103544,买盘
105,14:51:26,5.63,--,49,27919,卖盘
106,14:51:21,5.63,--,127,71833,卖盘
107,14:51:16,5.63,-0.01,161,90643,卖盘
108,14:51:11,5.64,--,104,58656,买盘
109,14:51:06,5.64,0.01,825,465300,买盘
110,14:51:00,5.63,--,465,261795,卖盘
111,14:50:56,5.63,-0.01,1,563,卖盘
112,14:50:51,5.64,0.01,113,63732,买盘
113,14:50:46,5.63,--,390,219570,卖盘
114,14:50:41,5.63,-0.01,40,22520,卖盘
115,14:50:36,5.64,--,487,274668,买盘
116,14:50:31,5.64,--,462,260567,买盘
117,14:50:26,5.64,0.01,13,7332,买盘
118,14:50:20,5.63,--,1426,802838,卖盘
119,14:50:16,5.63,-0.01,333,187479,卖盘
120,14:50:11,5.64,--,74,41736,买盘
121,14:50:06,5.64,--,333,187812,买盘
122,14:50:00,5.64,--,223,125772,买盘
123,14:49:56,5.64,--,19,10716,买盘
124,14:49:50,5.64,--,31,17484,买盘
125,14:49:46,5.64,--,673,379572,买盘
126,14:49:41,5.64,--,100,56400,买盘
127,14:49:35,5.64,0.01,2036,1148304,买盘
128,14:49:31,5.63,-0.01,278,156514,卖盘
129,14:49:26,5.64,0.01,166,93624,买盘
130,14:49:21,5.63,-0.01,286,161018,卖盘
131,14:49:16,5.64,--,459,259157,买盘
132,14:49:11,5.64,--,317,178788,买盘
133,14:49:05,5.64,--,65,36660,买盘
134,14:49:01,5.64,--,204,115056,买盘
135,14:48:56,5.64,0.01,71,40044,买盘
136,14:48:51,5.63,--,3,1689,卖盘
137,14:48:46,5.63,--,150,84450,卖盘
138,14:48:36,5.63,--,173,97399,卖盘
139,14:48:30,5.63,-0.01,1132,637518,卖盘
140,14:48:26,5.64,--,6,3384,卖盘
141,14:48:21,5.64,--,276,155664,卖盘
142,14:48:16,5.64,--,510,287640,卖盘
143,14:48:11,5.64,--,427,240828,卖盘
144,14:48:06,5.64,--,212,119568,卖盘
145,14:48:01,5.64,--,285,160740,卖盘
146,14:47:56,5.64,-0.01,50,28200,卖盘
147,14:47:51,5.65,--,527,297755,买盘
148,14:47:46,5.65,0.01,380,215039,买盘
149,14:47:41,5.64,--,130,73320,卖盘
150,14:47:36,5.64,--,499,281436,卖盘
151,14:47:31,5.64,--,49,27636,卖盘
152,14:47:26,5.64,--,260,146859,卖盘
153,14:47:20,5.64,--,344,194016,卖盘
154,14:47:16,5.64,-0.01,771,435278,卖盘
155,14:47:11,5.65,0.01,127,71755,买盘
156,14:47:05,5.64,--,1183,667212,卖盘
157,14:47:01,5.64,--,260,146640,卖盘
158,14:46:56,5.64,--,148,83472,卖盘
159,14:46:50,5.64,--,69,38916,卖盘
160,14:46:46,5.64,--,314,177096,卖盘
161,14:46:41,5.64,--,233,131412,卖盘
162,14:46:35,5.64,--,34,19176,卖盘
163,14:46:30,5.64,--,1,564,卖盘
164,14:46:26,5.64,--,53,29892,卖盘
165,14:46:20,5.64,-0.01,68,38352,卖盘
166,14:46:16,5.65,0.01,211,119215,买盘
167,14:46:10,5.64,--,51,28764,卖盘
168,14:46:05,5.64,--,242,136488,卖盘
169,14:46:01,5.64,--,524,295536,卖盘
170,14:45:50,5.64,-0.01,1215,685260,卖盘
171,14:45:46,5.65,0.01,218,123170,买盘
172,14:45:41,5.64,--,69,38916,卖盘
173,14:45:35,5.64,-0.01,302,170328,卖盘
174,14:45:30,5.65,0.01,162,91530,买盘
175,14:45:25,5.64,--,41,23124,卖盘
176,14:45:20,5.64,--,633,357017,卖盘
177,14:45:15,5.64,--,245,138180,卖盘
178,14:45:10,5.64,--,10,5640,卖盘
179,14:45:05,5.64,--,141,79524,卖盘
180,14:45:00,5.64,--,340,191760,卖盘
181,14:44:55,5.64,--,300,169200,卖盘
182,14:44:50,5.64,--,77,43428,卖盘
183,14:44:44,5.64,--,10,5640,卖盘
184,14:44:40,5.64,-0.01,191,107724,卖盘
185,14:44:35,5.65,0.01,234,132210,买盘
186,14:44:29,5.64,--,144,81216,卖盘
187,14:44:25,5.64,-0.01,871,491244,卖盘
188,14:44:20,5.65,--,130,73450,买盘
189,14:44:14,5.65,0.01,330,186450,买盘
190,14:44:10,5.64,--,213,120244,卖盘
191,14:44:05,5.64,--,122,68808,卖盘
192,14:43:59,5.64,--,349,196836,卖盘
193,14:43:55,5.64,--,69,39423,卖盘
194,14:43:50,5.64,--,110,62040,卖盘
195,14:43:44,5.64,--,275,155100,卖盘
196,14:43:35,5.64,-0.01,10,5640,卖盘
197,14:43:29,5.65,--,187,105655,买盘
198,14:43:25,5.65,--,107,60455,买盘
199,14:43:20,5.65,0.01,500,282500,买盘
200,14:43:14,5.64,-0.01,160,90240,卖盘
201,14:43:10,5.65,0.01,187,105655,买盘
202,14:43:05,5.64,--,148,83472,卖盘
203,14:42:59,5.64,--,230,129719,卖盘
204,14:42:55,5.64,-0.01,274,154547,卖盘
205,14:42:50,5.65,0.01,229,129385,买盘
206,14:42:44,5.64,--,98,55272,卖盘
207,14:42:40,5.64,-0.01,74,41848,卖盘
208,14:42:35,5.65,0.01,90,50850,买盘
209,14:42:29,5.64,--,563,317853,卖盘
210,14:42:25,5.64,-0.01,38,21432,卖盘
211,14:42:20,5.65,0.01,253,142945,买盘
212,14:42:14,5.64,--,10322,5822025,卖盘
213,14:42:10,5.64,--,209,117876,卖盘
214,14:42:05,5.64,--,20,11280,卖盘
215,14:41:59,5.64,--,187,105468,卖盘
216,14:41:55,5.64,--,93,52452,卖盘
217,14:41:50,5.64,--,88,49632,卖盘
218,14:41:44,5.64,--,313,176887,卖盘
219,14:41:40,5.64,-0.01,201,113364,卖盘
220,14:41:35,5.65,0.01,145,81925,买盘
221,14:41:29,5.64,--,343,193621,卖盘
222,14:41:25,5.64,-0.01,248,140069,卖盘
223,14:41:20,5.65,0.01,918,518670,买盘
224,14:41:14,5.64,--,20,11280,卖盘
225,14:41:10,5.64,--,40,22560,卖盘
226,14:40:59,5.64,--,613,346053,卖盘
227,14:40:55,5.64,-0.01,216,121824,卖盘
228,14:40:50,5.65,0.01,444,251374,买盘
229,14:40:44,5.64,--,44,24816,卖盘
230,14:40:40,5.64,--,212,119568,卖盘
231,14:40:35,5.64,--,276,155697,卖盘
232,14:40:29,5.64,--,41,23124,卖盘
233,14:40:25,5.64,--,994,560616,卖盘
234,14:40:20,5.64,--,50,28200,卖盘
235,14:40:14,5.64,--,1076,606864,卖盘
236,14:40:09,5.64,--,3,1692,卖盘
237,14:40:05,5.64,-0.01,1548,873072,卖盘
238,14:39:59,5.65,0.01,59,33335,买盘
239,14:39:55,5.64,-0.01,346,195144,卖盘
240,14:39:50,5.65,0.01,1094,618110,买盘
241,14:39:44,5.64,--,114,64295,卖盘
242,14:39:40,5.64,--,59,33276,卖盘
243,14:39:35,5.64,--,106,59784,卖盘
244,14:39:29,5.64,--,431,243084,卖盘
245,14:39:24,5.64,-0.01,762,429768,卖盘
246,14:39:14,5.65,0.01,237,133905,买盘
247,14:39:09,5.64,-0.01,1861,1049840,卖盘
248,14:39:04,5.65,--,40,22600,买盘
249,14:38:59,5.65,--,3158,1784603,卖盘
250,14:38:54,5.65,-0.01,2263,1278595,卖盘
251,14:38:49,5.66,0.01,2696,1525936,买盘
252,14:38:44,5.65,--,1103,623195,卖盘
253,14:38:39,5.65,--,1009,570085,卖盘
254,14:38:34,5.65,--,326,184393,卖盘
255,14:38:29,5.65,--,486,274912,卖盘
256,14:38:24,5.65,-0.01,475,268375,卖盘
257,14:38:19,5.66,0.01,59,33394,买盘
258,14:38:14,5.65,--,731,413015,卖盘
259,14:38:09,5.65,-0.01,647,365752,卖盘
260,14:38:04,5.66,0.01,194,109804,买盘
261,14:37:59,5.65,-0.01,221,125373,卖盘
262,14:37:54,5.66,--,436,246776,买盘
263,14:37:49,5.66,0.01,11517,6518622,买盘
264,14:37:44,5.65,--,716,404540,卖盘
265,14:37:39,5.65,--,11767,6648484,卖盘
266,14:37:34,5.65,--,627,354255,买盘
267,14:37:29,5.65,--,10173,5747745,买盘
268,14:37:23,5.65,0.01,54,30510,买盘
269,14:37:19,5.64,--,10407,5869548,卖盘
270,14:37:14,5.64,--,120,67680,卖盘
271,14:37:08,5.64,-0.02,10069,5678916,卖盘
272,14:37:04,5.66,0.01,1451,821266,买盘
273,14:36:59,5.65,--,11090,6265850,买盘
274,14:36:53,5.65,0.01,10,5650,买盘
275,14:36:49,5.64,--,10134,5715576,卖盘
276,14:36:44,5.64,-0.01,2,1128,卖盘
277,14:36:38,5.65,0.01,132,74580,买盘
278,14:36:34,5.64,-0.01,10104,5699039,卖盘
279,14:36:29,5.65,-0.01,17,9605,买盘
280,14:36:23,5.66,0.01,10229,5789614,买盘
281,14:36:19,5.65,--,11246,6354261,卖盘
282,14:36:14,5.65,--,1483,837895,卖盘
283,14:36:08,5.65,--,171,96615,卖盘
284,14:36:04,5.65,--,13464,7607160,卖盘
285,14:35:59,5.65,--,1222,690430,卖盘
286,14:35:53,5.65,--,2609,1474378,买盘
287,14:35:49,5.65,0.02,40,22600,买盘
288,14:35:44,5.63,-0.02,11217,6315171,卖盘
289,14:35:38,5.65,0.01,198,112259,买盘
290,14:35:34,5.64,-0.02,303,170892,卖盘
291,14:35:29,5.66,0.02,10081,5705846,买盘
292,14:35:23,5.64,-0.01,352,198855,中性盘
293,14:35:19,5.65,0.02,10030,5666950,买盘
294,14:35:14,5.63,--,25,14075,卖盘
295,14:35:08,5.63,-0.01,10225,5756675,卖盘
296,14:35:04,5.64,--,524,295536,卖盘
297,14:34:59,5.64,-0.01,84,47376,卖盘
298,14:34:53,5.65,0.01,10615,5997475,买盘
299,14:34:49,5.64,0.01,2030,1144920,买盘
300,14:34:44,5.63,--,8,4504,卖盘
301,14:34:38,5.63,-0.01,10128,5702452,卖盘
302,14:34:34,5.64,0.01,647,365229,买盘
303,14:34:29,5.63,-0.01,350,197050,卖盘
304,14:34:23,5.64,0.01,849,479292,买盘
305,14:34:19,5.63,--,10016,5639008,卖盘
306,14:34:14,5.63,--,1640,923320,卖盘
307,14:34:08,5.63,--,76,42788,卖盘
308,14:34:04,5.63,-0.01,377,212251,卖盘
309,14:33:59,5.64,0.01,933,526212,买盘
310,14:33:53,5.63,--,24,13512,卖盘
311,14:33:49,5.63,-0.01,101,56863,卖盘
312,14:33:44,5.64,0.01,20,11280,买盘
313,14:33:38,5.63,--,132,74698,卖盘
314,14:33:34,5.63,-0.01,8,4504,卖盘
315,14:33:28,5.64,--,679,382956,买盘
316,14:33:23,5.64,--,9119,5143290,卖盘
317,14:33:19,5.64,--,1192,672288,卖盘
318,14:33:13,5.64,--,67,37788,卖盘
319,14:33:08,5.64,-0.01,588,331632,卖盘
320,14:33:04,5.65,0.01,66,37290,买盘
321,14:32:58,5.64,--,120,67680,卖盘
322,14:32:53,5.64,-0.01,8,4512,卖盘
323,14:32:49,5.65,--,708,400020,买盘
324,14:32:43,5.65,--,161,90965,买盘
325,14:32:38,5.65,--,5909,3338748,卖盘
326,14:32:33,5.65,--,7111,4017715,卖盘
327,14:32:28,5.65,--,1201,678898,卖盘
328,14:32:23,5.65,--,2609,1474542,卖盘
329,14:32:18,5.65,--,3612,2040780,卖盘
330,14:32:13,5.65,--,222,125430,卖盘
331,14:32:08,5.65,-0.01,3971,2243615,卖盘
332,14:32:03,5.66,0.01,846,478836,买盘
333,14:31:58,5.65,--,492,277980,卖盘
334,14:31:53,5.65,--,923,521495,卖盘
335,14:31:48,5.65,--,741,418665,卖盘
336,14:31:43,5.65,-0.01,850,480250,卖盘
337,14:31:38,5.66,--,278,157738,买盘
338,14:31:33,5.66,0.01,338,191308,买盘
339,14:31:28,5.65,--,274,154810,卖盘
340,14:31:23,5.65,-0.01,98,55827,卖盘
341,14:31:18,5.66,--,5514,3120924,买盘
342,14:31:13,5.66,0.01,784,443744,买盘
343,14:31:08,5.65,--,247,139555,卖盘
344,14:31:03,5.65,--,1300,734500,卖盘
345,14:30:58,5.65,--,213,120345,卖盘
346,14:30:53,5.65,--,2257,1275425,卖盘
347,14:30:48,5.65,--,101,57065,卖盘
348,14:30:43,5.65,--,946,534490,卖盘
349,14:30:38,5.65,--,120,68285,卖盘
350,14:30:33,5.65,--,2036,1150662,卖盘
351,14:30:28,5.65,--,92,51980,卖盘
352,14:30:23,5.65,--,166,93790,卖盘
353,14:30:17,5.65,--,478,270527,卖盘
354,14:30:13,5.65,-0.01,521,294365,卖盘
355,14:30:08,5.66,0.01,972,550152,买盘
356,14:30:02,5.65,--,631,356515,卖盘
357,14:29:58,5.65,--,109,61585,卖盘
358,14:29:53,5.65,--,13,7345,卖盘
359,14:29:47,5.65,-0.01,481,271765,卖盘
360,14:29:43,5.66,0.01,2038,1153508,买盘
361,14:29:38,5.65,-0.01,161,90965,卖盘
362,14:29:32,5.66,0.01,722,409042,买盘
363,14:29:28,5.65,-0.01,433,244645,卖盘
364,14:29:23,5.66,--,148,83768,买盘
365,14:29:17,5.66,0.01,361,204784,买盘
366,14:29:13,5.65,-0.01,5545,3132925,卖盘
367,14:29:08,5.66,--,4357,2466062,买盘
368,14:29:02,5.66,--,843,477138,买盘
369,14:28:58,5.66,--,1309,740894,买盘
370,14:28:53,5.66,0.01,141,79806,买盘
371,14:28:47,5.65,--,138,77970,卖盘
372,14:28:43,5.65,--,93,52545,卖盘
373,14:28:38,5.65,--,146,82490,卖盘
374,14:28:32,5.65,--,272,154064,卖盘
375,14:28:28,5.65,--,1089,615285,卖盘
376,14:28:23,5.65,0.01,32960,18622400,买盘
377,14:28:17,5.64,--,5515,3110916,卖盘
378,14:28:13,5.64,--,461,260003,卖盘
379,14:28:08,5.64,--,10,5640,卖盘
380,14:28:02,5.64,--,999,563436,卖盘
381,14:27:58,5.64,-0.01,485,273540,卖盘
382,14:27:53,5.65,0.01,7,3955,买盘
383,14:27:47,5.64,--,425,239700,卖盘
384,14:27:43,5.64,-0.01,773,435972,卖盘
385,14:27:38,5.65,--,36,20340,买盘
386,14:27:32,5.65,0.01,556,314529,买盘
387,14:27:28,5.64,-0.01,225,126900,卖盘
388,14:27:23,5.65,0.01,200,113000,买盘
389,14:27:17,5.64,-0.01,286,161760,卖盘
390,14:27:13,5.65,0.01,278,157070,买盘
391,14:27:07,5.64,--,76,42864,卖盘
392,14:27:02,5.64,-0.01,277,156228,卖盘
393,14:26:57,5.65,--,201,113565,买盘
394,14:26:52,5.65,--,159,89835,买盘
395,14:26:47,5.65,--,736,415840,买盘
396,14:26:43,5.65,0.01,1,565,买盘
397,14:26:37,5.64,--,230,129719,卖盘
398,14:26:32,5.64,--,627,353774,卖盘
399,14:26:27,5.64,--,639,360396,卖盘
400,14:26:22,5.64,-0.01,92,51888,卖盘
401,14:26:17,5.65,0.01,1133,640602,买盘
402,14:26:12,5.64,--,350,197400,卖盘
403,14:26:07,5.64,--,501,282564,卖盘
404,14:26:02,5.64,-0.01,437,247020,卖盘
405,14:25:57,5.65,--,321,181704,买盘
406,14:25:52,5.65,0.01,700,395500,买盘
407,14:25:47,5.64,--,368,207552,卖盘
408,14:25:42,5.64,--,810,456840,卖盘
409,14:25:37,5.64,--,300,169583,卖盘
410,14:25:32,5.64,--,479,270156,卖盘
411,14:25:27,5.64,--,217,122388,卖盘
412,14:25:22,5.64,--,78,43992,卖盘
413,14:25:17,5.64,--,1072,605064,卖盘
414,14:25:12,5.64,--,385,217140,卖盘
415,14:25:07,5.64,--,399,225036,卖盘
416,14:25:02,5.64,--,589,332196,卖盘
417,14:24:57,5.64,--,433,244212,卖盘
418,14:24:52,5.64,--,112,63168,卖盘
419,14:24:47,5.64,-0.01,754,425256,卖盘
420,14:24:42,5.65,0.01,649,366685,买盘
421,14:24:37,5.64,-0.01,125,70500,卖盘
422,14:24:32,5.65,0.01,1210,684039,买盘
423,14:24:27,5.64,--,1016,573024,卖盘
424,14:24:22,5.64,-0.01,283,159612,卖盘
425,14:24:17,5.65,--,865,489182,买盘
426,14:24:12,5.65,0.01,1050,593250,买盘
427,14:24:07,5.64,-0.01,1511,852204,卖盘
428,14:24:02,5.65,--,429,242667,买盘
429,14:23:57,5.65,0.01,1126,636190,买盘
430,14:23:52,5.64,-0.01,602,339685,卖盘
431,14:23:47,5.65,--,2603,1470695,买盘
432,14:23:42,5.65,--,696,393240,买盘
433,14:23:37,5.65,--,1331,752015,买盘
434,14:23:32,5.65,--,1127,637139,买盘
435,14:23:27,5.65,0.01,4140,2339100,买盘
436,14:23:22,5.64,-0.01,2196,1238544,卖盘
437,14:23:17,5.65,--,1163,657552,买盘
438,14:23:11,5.65,--,5261,2972465,买盘
439,14:23:07,5.65,--,209,118085,买盘
440,14:23:02,5.65,0.01,905,511325,买盘
441,14:22:56,5.64,-0.01,2516,1419024,卖盘
442,14:22:52,5.65,--,346,195490,买盘
443,14:22:47,5.65,0.01,304,171760,买盘
444,14:22:41,5.64,-0.01,175,98700,卖盘
445,14:22:37,5.65,0.01,2226,1258079,买盘
446,14:22:32,5.64,-0.01,140,78960,卖盘
447,14:22:26,5.65,0.01,670,378872,买盘
448,14:22:22,5.64,--,11456,6461640,卖盘
449,14:22:17,5.64,--,713,402132,卖盘
450,14:22:11,5.64,--,882,497448,卖盘
451,14:22:07,5.64,-0.01,336,189504,卖盘
452,14:22:02,5.65,0.01,281,158883,买盘
453,14:21:56,5.64,--,1915,1080381,卖盘
454,14:21:52,5.64,--,2310,1302840,卖盘
455,14:21:47,5.64,--,30968,17466301,买盘
456,14:21:41,5.64,--,296,166944,买盘
457,14:21:37,5.64,0.01,1760,993029,买盘
458,14:21:32,5.63,-0.01,25,14075,卖盘
459,14:21:26,5.64,0.01,458,258311,买盘
460,14:21:22,5.63,-0.01,356,200428,卖盘
461,14:21:16,5.64,0.01,119,67572,买盘
462,14:21:11,5.63,--,550,309650,买盘
463,14:21:07,5.63,--,1131,636753,买盘
464,14:21:02,5.63,--,120,67560,买盘
465,14:20:56,5.63,0.01,502,282626,买盘
466,14:20:52,5.62,-0.01,1484,834008,卖盘
467,14:20:47,5.63,--,213,119919,买盘
468,14:20:41,5.63,0.01,202,113726,买盘
469,14:20:37,5.62,--,36553,20543168,卖盘
470,14:20:26,5.62,--,104,58448,卖盘
471,14:20:22,5.62,--,1249,702387,卖盘
472,14:20:16,5.62,-0.01,50,28100,卖盘
473,14:20:11,5.63,0.02,903,508597,买盘
474,14:20:06,5.61,-0.01,1336,749496,卖盘
475,14:20:02,5.62,--,237,133194,买盘
476,14:19:56,5.62,--,1810,1017343,卖盘
477,14:19:51,5.62,-0.01,424,238394,卖盘
478,14:19:46,5.63,0.01,215,121045,买盘
479,14:19:41,5.62,-0.01,178,100036,卖盘
480,14:19:36,5.63,0.01,239,134557,买盘
481,14:19:31,5.62,--,293,165053,卖盘
482,14:19:26,5.62,-0.01,420,236040,卖盘
483,14:19:21,5.63,0.01,165,93351,买盘
484,14:19:16,5.62,-0.01,50,28100,卖盘
485,14:19:11,5.63,--,552,310776,买盘
486,14:19:06,5.63,0.01,368,207184,买盘
487,14:19:01,5.62,--,308,173096,卖盘
488,14:18:56,5.62,-0.01,114,64068,卖盘
489,14:18:51,5.63,0.01,401,225763,买盘
490,14:18:46,5.62,--,9,5058,卖盘
491,14:18:41,5.62,-0.01,224,125888,卖盘
492,14:18:36,5.63,0.02,708,398986,买盘
493,14:18:31,5.61,--,471,264231,卖盘
494,14:18:26,5.61,-0.01,408,229207,卖盘
495,14:18:21,5.62,--,4050,2276555,买盘
496,14:18:11,5.62,--,62,34844,买盘
497,14:18:06,5.62,--,573,322026,买盘
498,14:17:56,5.62,--,659,370667,买盘
499,14:17:51,5.62,--,534,300237,买盘
500,14:17:46,5.62,0.01,309,173658,买盘
501,14:17:41,5.61,--,813,456093,卖盘
502,14:17:36,5.61,--,403,226470,卖盘
503,14:17:31,5.61,-0.01,219,122859,卖盘
504,14:17:26,5.62,--,338,189956,买盘
505,14:17:21,5.62,--,340,191535,买盘
506,14:17:16,5.62,--,3,1686,买盘
507,14:17:11,5.62,--,5,2810,买盘
508,14:17:06,5.62,--,412,231544,买盘
509,14:17:01,5.62,--,557,313034,卖盘
510,14:16:56,5.62,--,624,350688,卖盘
511,14:16:51,5.62,-0.01,16,8992,卖盘
512,14:16:46,5.63,--,227,127801,买盘
513,14:16:41,5.63,--,12,6756,买盘
514,14:16:36,5.63,0.01,320,180548,买盘
515,14:16:31,5.62,--,29,16528,卖盘
516,14:16:26,5.62,-0.01,583,327646,卖盘
517,14:16:21,5.63,0.01,351,198069,买盘
518,14:16:16,5.62,--,20,11240,卖盘
519,14:16:11,5.62,--,401,225362,卖盘
520,14:16:06,5.62,--,164,92606,买盘
521,14:16:01,5.62,--,229,128698,买盘
522,14:15:56,5.62,--,349,196357,卖盘
523,14:15:51,5.62,--,479,269540,买盘
524,14:15:46,5.62,0.01,80,44960,买盘
525,14:15:41,5.61,-0.01,826,463386,卖盘
526,14:15:36,5.62,0.01,361,203264,买盘
527,14:15:31,5.61,-0.01,1011,567171,卖盘
528,14:15:26,5.62,--,353,198386,买盘
529,14:15:21,5.62,--,423,238181,买盘
530,14:15:16,5.62,--,1011,568182,买盘
531,14:15:11,5.62,--,179,100598,买盘
532,14:15:06,5.62,--,266,149492,买盘
533,14:15:01,5.62,--,10,5620,买盘
534,14:14:56,5.62,--,354,198948,买盘
535,14:14:50,5.62,--,197,110714,买盘
536,14:14:46,5.62,-0.01,59,33158,卖盘
537,14:14:41,5.63,0.02,394,221822,买盘
538,14:14:35,5.61,-0.01,332,186639,卖盘
539,14:14:31,5.62,0.01,2,1124,买盘
540,14:14:26,5.61,-0.02,530,297649,卖盘
541,14:14:20,5.63,0.01,672,378336,买盘
542,14:14:16,5.62,--,214,120723,买盘
543,14:14:10,5.62,--,239,134318,买盘
544,14:14:05,5.62,0.01,1083,608646,买盘
545,14:14:01,5.61,--,263,147543,卖盘
546,14:13:55,5.61,--,19,10659,卖盘
547,14:13:50,5.61,-0.01,480,269717,卖盘
548,14:13:46,5.62,--,1414,794668,买盘
549,14:13:40,5.62,--,120,67440,买盘
550,14:13:35,5.62,--,469,263578,买盘
551,14:13:31,5.62,0.01,618,347703,买盘
552,14:13:25,5.61,-0.01,55,30855,卖盘
553,14:13:20,5.62,--,317,178609,买盘
554,14:13:16,5.62,0.01,438,246156,买盘
555,14:13:10,5.61,-0.01,408,228888,卖盘
556,14:13:05,5.62,0.01,1392,782304,买盘
557,14:13:00,5.61,--,140,78540,卖盘
558,14:12:55,5.61,--,551,309111,卖盘
559,14:12:50,5.61,--,23,12903,卖盘
560,14:12:45,5.61,-0.01,695,389895,卖盘
561,14:12:35,5.62,--,369,207760,买盘
562,14:12:30,5.62,--,163,91606,买盘
563,14:12:25,5.62,--,321,180402,买盘
564,14:12:20,5.62,--,3319,1865278,买盘
565,14:12:15,5.62,0.01,273,153881,买盘
566,14:12:10,5.61,-0.01,368,206448,卖盘
567,14:12:05,5.62,--,321,180402,买盘
568,14:12:00,5.62,0.01,114,64068,买盘
569,14:11:55,5.61,-0.01,200,112200,卖盘
570,14:11:50,5.62,--,574,322857,买盘
571,14:11:45,5.62,--,264,148536,买盘
572,14:11:40,5.62,--,203,114086,买盘
573,14:11:35,5.62,0.01,473,266213,买盘
574,14:11:30,5.61,--,1264,709104,卖盘
575,14:11:25,5.61,-0.01,30,16830,卖盘
576,14:11:20,5.62,0.01,89,50018,买盘
577,14:11:15,5.61,--,309,173803,卖盘
578,14:11:10,5.61,-0.01,220,123420,卖盘
579,14:11:05,5.62,0.01,186,104532,买盘
580,14:11:00,5.61,--,153,85833,卖盘
581,14:10:55,5.61,-0.01,766,429726,卖盘
582,14:10:50,5.62,--,242,136004,买盘
583,14:10:45,5.62,--,351,197262,买盘
584,14:10:40,5.62,--,314,176468,买盘
585,14:10:35,5.62,--,612,343944,买盘
586,14:10:30,5.62,--,1194,671168,买盘
587,14:10:25,5.62,--,296,166352,买盘
588,14:10:20,5.62,0.01,80,44960,买盘
589,14:10:15,5.61,-0.01,419,235513,卖盘
590,14:10:05,5.62,0.01,318,178716,买盘
591,14:09:55,5.61,-0.01,22,12342,卖盘
592,14:09:50,5.62,--,1212,681144,买盘
593,14:09:45,5.62,--,414,233106,买盘
594,14:09:40,5.62,--,23,12926,买盘
595,14:09:35,5.62,0.01,616,346192,买盘
596,14:09:30,5.61,--,268,150735,卖盘
597,14:09:25,5.61,-0.01,154,86394,卖盘
598,14:09:20,5.62,--,72,40464,买盘
599,14:09:15,5.62,0.01,86,48787,买盘
600,14:09:10,5.61,--,52,29172,卖盘
601,14:09:05,5.61,--,386,216546,卖盘
602,14:09:00,5.61,--,241,135201,卖盘
603,14:08:55,5.61,--,61,34221,卖盘
604,14:08:50,5.61,--,618,346698,卖盘
605,14:08:45,5.61,--,73,40953,卖盘
606,14:08:40,5.61,-0.01,32,17952,卖盘
607,14:08:35,5.62,0.01,10180,5721160,买盘
608,14:08:30,5.61,-0.01,272,152979,卖盘
609,14:08:25,5.62,0.01,5,2810,买盘
610,14:08:20,5.61,--,82,46002,卖盘
611,14:08:15,5.61,-0.01,55,31309,卖盘
612,14:08:10,5.62,--,10,5620,买盘
613,14:08:05,5.62,0.01,344,193328,买盘
614,14:08:00,5.61,-0.01,135,75735,卖盘
615,14:07:55,5.62,--,9,5058,买盘
616,14:07:50,5.62,--,358,201325,买盘
617,14:07:45,5.62,--,133,75055,买盘
618,14:07:40,5.62,--,131,73959,买盘
619,14:07:35,5.62,--,545,306290,买盘
620,14:07:30,5.62,--,1483,833828,买盘
621,14:07:25,5.62,--,5,2810,买盘
622,14:07:20,5.62,0.01,419,235478,买盘
623,14:07:15,5.61,-0.01,64,36358,卖盘
624,14:07:10,5.62,0.01,10,5620,买盘
625,14:07:05,5.61,-0.01,319,178959,卖盘
626,14:07:00,5.62,--,29,16298,买盘
627,14:06:55,5.62,--,35,19670,买盘
628,14:06:50,5.62,--,343,192766,买盘
629,14:06:45,5.62,--,366,205692,买盘
630,14:06:35,5.62,0.01,525,295437,买盘
631,14:06:30,5.61,-0.01,944,529903,卖盘
632,14:06:19,5.62,--,79,44398,买盘
633,14:06:14,5.62,--,209,117913,买盘
634,14:06:10,5.62,--,22,12364,买盘
635,14:06:04,5.62,--,550,309100,买盘
636,14:05:59,5.62,--,181,101722,买盘
637,14:05:55,5.62,--,71,39902,买盘
638,14:05:49,5.62,0.01,313,175906,买盘
639,14:05:44,5.61,-0.01,1175,659584,卖盘
640,14:05:40,5.62,--,486,273160,买盘
641,14:05:34,5.62,0.01,553,311168,买盘
642,14:05:29,5.61,-0.01,634,355674,卖盘
643,14:05:24,5.62,--,1074,603588,买盘
644,14:05:19,5.62,0.01,238,133756,买盘
645,14:05:14,5.61,-0.01,52,29626,卖盘
646,14:05:09,5.62,--,337,189394,买盘
647,14:05:04,5.62,0.01,63,35406,买盘
648,14:04:59,5.61,-0.01,591,331551,卖盘
649,14:04:54,5.62,--,206,115772,买盘
650,14:04:49,5.62,--,181,101722,买盘
651,14:04:44,5.62,0.01,10,5620,买盘
652,14:04:39,5.61,-0.01,232,130152,卖盘
653,14:04:29,5.62,--,256,144259,买盘
654,14:04:24,5.62,--,333,187146,买盘
655,14:04:19,5.62,--,414,232668,买盘
656,14:04:14,5.62,--,704,396103,卖盘
657,14:04:09,5.62,--,311,174782,卖盘
658,14:04:04,5.62,-0.01,20,11240,卖盘
659,14:03:59,5.63,0.02,50,28150,买盘
660,14:03:54,5.61,-0.01,770,431970,卖盘
661,14:03:49,5.62,0.01,130,73060,买盘
662,14:03:44,5.61,-0.01,787,441793,卖盘
663,14:03:39,5.62,--,346,194755,卖盘
664,14:03:34,5.62,-0.01,140,78680,卖盘
665,14:03:29,5.63,0.01,298,167774,买盘
666,14:03:24,5.62,-0.01,66,37092,卖盘
667,14:03:19,5.63,0.01,110,61930,买盘
668,14:03:14,5.62,-0.01,103,58341,卖盘
669,14:03:09,5.63,0.01,87,49346,买盘
670,14:03:04,5.62,--,510,286620,买盘
671,14:02:59,5.62,--,99,55638,买盘
672,14:02:54,5.62,--,1457,819075,卖盘
673,14:02:49,5.62,-0.01,141,79242,卖盘
674,14:02:44,5.63,0.01,194,109222,买盘
675,14:02:39,5.62,-0.01,107,60134,卖盘
676,14:02:34,5.63,--,11,6193,买盘
677,14:02:29,5.63,0.01,452,254796,买盘
678,14:02:24,5.62,--,260,146120,卖盘
679,14:02:19,5.62,--,197,110714,买盘
680,14:02:14,5.62,-0.01,68,38671,卖盘
681,14:02:09,5.63,--,2860,1610180,买盘
682,14:02:04,5.63,0.01,8,4504,买盘
683,14:01:59,5.62,-0.01,250,140500,卖盘
684,14:01:54,5.63,0.01,51,28713,买盘
685,14:01:49,5.62,--,5,2810,卖盘
686,14:01:44,5.62,-0.01,2708,1522289,卖盘
687,14:01:39,5.63,--,260,146425,买盘
688,14:01:34,5.63,--,111,62493,买盘
689,14:01:29,5.63,--,64,36032,买盘
690,14:01:24,5.63,0.01,418,235334,买盘
691,14:01:19,5.62,--,38,21356,卖盘
692,14:01:14,5.62,-0.01,260,146575,卖盘
693,14:01:09,5.63,0.01,581,327103,买盘
694,14:01:04,5.62,--,70,39340,卖盘
695,14:00:59,5.62,-0.01,101,56762,卖盘
696,14:00:54,5.63,0.01,316,177908,买盘
697,14:00:49,5.62,--,159,89358,买盘
698,14:00:44,5.62,--,506,284372,买盘
699,14:00:39,5.62,0.01,407,228734,买盘
700,14:00:34,5.61,-0.01,20,11220,卖盘
701,14:00:29,5.62,0.01,929,522098,买盘
702,14:00:24,5.61,-0.02,379,212619,卖盘
703,14:00:19,5.63,--,100,56300,买盘
704,14:00:14,5.63,0.01,428,240964,买盘
705,14:00:09,5.62,--,180,101160,买盘
706,14:00:04,5.62,0.01,110,61820,买盘
707,13:59:59,5.61,-0.01,1387,778107,卖盘
708,13:59:54,5.62,--,356,200072,买盘
709,13:59:49,5.62,--,132,74184,买盘
710,13:59:44,5.62,--,238,134042,买盘
711,13:59:39,5.62,--,478,268787,买盘
712,13:59:34,5.62,--,42,23604,买盘
713,13:59:29,5.62,--,54,30348,买盘
714,13:59:24,5.62,--,295,165790,卖盘
715,13:59:14,5.62,-0.01,264,148368,卖盘
716,13:59:09,5.63,--,311,175093,买盘
717,13:59:03,5.63,0.01,34,19142,买盘
718,13:58:59,5.62,-0.01,217,121954,卖盘
719,13:58:54,5.63,0.01,341,191983,买盘
720,13:58:48,5.62,-0.01,42,23604,中性盘
721,13:58:44,5.63,--,270,152252,买盘
722,13:58:39,5.63,0.01,333,187479,买盘
723,13:58:33,5.62,--,160,89920,卖盘
724,13:58:29,5.62,-0.01,805,452730,卖盘
725,13:58:23,5.63,0.01,318,179034,买盘
726,13:58:18,5.62,--,40,22480,买盘
727,13:58:14,5.62,--,1412,793886,卖盘
728,13:58:09,5.62,-0.01,165,92730,卖盘
729,13:58:04,5.63,0.01,325,182975,买盘
730,13:57:58,5.62,-0.01,195,109590,卖盘
731,13:57:54,5.63,--,261,146943,买盘
732,13:57:49,5.63,0.01,105,59115,买盘
733,13:57:43,5.62,--,405,227840,卖盘
734,13:57:38,5.62,--,287,161294,卖盘
735,13:57:33,5.62,-0.01,1141,641449,卖盘
736,13:57:28,5.63,--,351,197613,买盘
737,13:57:23,5.63,0.01,194,109222,买盘
738,13:57:18,5.62,-0.01,73,41026,卖盘
739,13:57:13,5.63,--,147,82761,买盘
740,13:57:08,5.63,0.01,463,260669,买盘
741,13:57:03,5.62,--,63,35406,卖盘
742,13:56:58,5.62,--,344,193328,卖盘
743,13:56:53,5.62,--,1254,704748,卖盘
744,13:56:48,5.62,--,290,162980,卖盘
745,13:56:43,5.62,-0.01,25,14050,卖盘
746,13:56:38,5.63,0.01,213,119919,买盘
747,13:56:33,5.62,--,155,87110,卖盘
748,13:56:28,5.62,-0.01,16,8992,卖盘
749,13:56:22,5.63,--,501,282063,买盘
750,13:56:18,5.63,0.01,122,68686,买盘
751,13:56:13,5.62,--,134,75308,卖盘
752,13:56:07,5.62,-0.01,509,286058,卖盘
753,13:56:03,5.63,--,141,79383,买盘
754,13:55:58,5.63,0.01,1117,628871,买盘
755,13:55:53,5.62,-0.01,491,275942,卖盘
756,13:55:48,5.63,--,908,511204,买盘
757,13:55:43,5.63,0.01,202,113726,买盘
758,13:55:37,5.62,-0.01,1273,715499,卖盘
759,13:55:33,5.63,--,1579,889342,买盘
760,13:55:28,5.63,0.01,272,153136,买盘
761,13:55:22,5.62,--,2298,1291476,卖盘
762,13:55:18,5.62,--,67,37654,卖盘
763,13:55:13,5.62,-0.01,60,33720,卖盘
764,13:55:07,5.63,0.01,671,377773,买盘
765,13:55:03,5.62,-0.01,115,64630,卖盘
766,13:54:58,5.63,--,89,50107,买盘
767,13:54:52,5.63,0.01,100,56300,买盘
768,13:54:48,5.62,-0.01,178,100036,卖盘
769,13:54:43,5.63,--,114,64182,买盘
770,13:54:37,5.63,0.01,293,164959,买盘
771,13:54:32,5.62,-0.01,2107,1184134,卖盘
772,13:54:28,5.63,--,497,280131,买盘
773,13:54:22,5.63,0.01,181,101903,买盘
774,13:54:18,5.62,--,76,42712,卖盘
775,13:54:13,5.62,-0.01,2177,1223474,卖盘
776,13:54:07,5.63,--,233,131179,买盘
777,13:54:03,5.63,--,150,84450,买盘
778,13:53:58,5.63,0.01,60,33780,买盘
779,13:53:52,5.62,-0.01,435,244470,卖盘
780,13:53:48,5.63,--,747,420561,买盘
781,13:53:43,5.63,--,196,110348,买盘
782,13:53:37,5.63,0.01,538,302894,买盘
783,13:53:33,5.62,--,266,149930,卖盘
784,13:53:28,5.62,-0.01,4,2248,卖盘
785,13:53:22,5.63,--,308,173404,买盘
786,13:53:18,5.63,0.01,17,9571,买盘
787,13:53:13,5.62,-0.01,187,105094,卖盘
788,13:53:07,5.63,0.01,185,104155,买盘
789,13:53:03,5.62,--,410,230420,卖盘
790,13:52:58,5.62,-0.01,317,178154,卖盘
791,13:52:52,5.63,0.01,207,116541,买盘
792,13:52:47,5.62,-0.01,357,200634,卖盘
793,13:52:43,5.63,0.01,213,119919,买盘
794,13:52:37,5.62,--,512,287744,卖盘
795,13:52:32,5.62,--,331,186022,卖盘
796,13:52:28,5.62,--,110,61820,卖盘
797,13:52:22,5.62,--,1187,667094,卖盘
798,13:52:17,5.62,-0.01,242,136004,卖盘
799,13:52:07,5.63,--,62,34906,买盘
800,13:52:02,5.63,--,235,132305,买盘
801,13:51:58,5.63,--,130,73190,买盘
802,13:51:52,5.63,0.01,380,213940,买盘
803,13:51:47,5.62,-0.01,46,25852,卖盘
804,13:51:42,5.63,--,140,78820,买盘
805,13:51:37,5.63,--,1010,568635,买盘
806,13:51:32,5.63,--,1026,578071,买盘
807,13:51:28,5.63,--,412,231956,买盘
808,13:51:22,5.63,0.01,240,135120,买盘
809,13:51:17,5.62,-0.01,3900,2191800,卖盘
810,13:51:11,5.63,--,227,127801,买盘
811,13:51:07,5.63,--,1763,992569,买盘
812,13:51:02,5.63,0.01,332,186916,买盘
813,13:50:56,5.62,-0.01,397,223114,卖盘
814,13:50:52,5.63,--,471,265173,买盘
815,13:50:47,5.63,--,213,119919,买盘
816,13:50:41,5.63,--,85,47855,买盘
817,13:50:37,5.63,--,638,359194,买盘
818,13:50:32,5.63,--,998,561874,买盘
819,13:50:26,5.63,--,370,208630,买盘
820,13:50:22,5.63,--,198,111474,买盘
821,13:50:16,5.63,--,152,85576,买盘
822,13:50:11,5.63,--,595,334985,买盘
823,13:50:07,5.63,--,369,207747,买盘
824,13:50:01,5.63,--,256,144128,买盘
825,13:49:56,5.63,0.01,1045,588335,买盘
826,13:49:52,5.62,--,7,3934,卖盘
827,13:49:46,5.62,--,315,177030,卖盘
828,13:49:41,5.62,--,33,18546,卖盘
829,13:49:31,5.62,--,327,184105,卖盘
830,13:49:26,5.62,-0.01,593,333372,卖盘
831,13:49:22,5.63,--,10,5630,买盘
832,13:49:16,5.63,--,922,519086,买盘
833,13:49:11,5.63,0.01,122,68686,买盘
834,13:49:07,5.62,-0.01,28,15736,卖盘
835,13:49:01,5.63,--,143,80509,买盘
836,13:48:56,5.63,0.01,109,61367,买盘
837,13:48:46,5.62,-0.01,168,94416,卖盘
838,13:48:41,5.63,--,665,374395,买盘
839,13:48:37,5.63,0.01,130,73190,买盘
840,13:48:31,5.62,-0.01,322,180964,卖盘
841,13:48:26,5.63,--,243,136809,买盘
842,13:48:22,5.63,--,7,3941,买盘
843,13:48:16,5.63,0.01,429,241527,买盘
844,13:48:11,5.62,-0.01,286,160732,卖盘
845,13:48:07,5.63,--,285,160455,买盘
846,13:48:01,5.63,--,494,278122,买盘
847,13:47:56,5.63,--,817,459971,买盘
848,13:47:52,5.63,--,128,72064,买盘
849,13:47:46,5.63,--,1235,695305,买盘
850,13:47:41,5.63,0.01,44,24772,买盘
851,13:47:37,5.62,-0.01,198,111276,卖盘
852,13:47:31,5.63,--,108,61164,买盘
853,13:47:26,5.63,--,188,105922,买盘
854,13:47:22,5.63,--,123,69249,买盘
855,13:47:16,5.63,--,145,81635,买盘
856,13:47:11,5.63,--,3529,1986827,买盘
857,13:47:07,5.63,--,647,364261,买盘
858,13:47:01,5.63,--,658,370454,买盘
859,13:46:56,5.63,0.01,117,65871,买盘
860,13:46:52,5.62,-0.01,21,11802,卖盘
861,13:46:46,5.63,0.01,237,133431,买盘
862,13:46:41,5.62,--,842,473204,卖盘
863,13:46:37,5.62,--,464,261088,买盘
864,13:46:31,5.62,--,509,286058,卖盘
865,13:46:26,5.62,--,695,390590,卖盘
866,13:46:22,5.62,--,1102,619324,卖盘
867,13:46:16,5.62,--,233,130946,卖盘
868,13:46:11,5.62,-0.01,642,360804,卖盘
869,13:46:07,5.63,0.01,134,75442,买盘
870,13:46:01,5.62,-0.01,408,229296,卖盘
871,13:45:56,5.63,0.01,3372,1898436,买盘
872,13:45:52,5.62,--,35,19670,买盘
873,13:45:46,5.62,-0.01,6522,3665487,卖盘
874,13:45:41,5.63,--,421,237023,买盘
875,13:45:37,5.63,--,17,9571,买盘
876,13:45:31,5.63,0.01,201,113376,买盘
877,13:45:26,5.62,-0.01,386,217156,卖盘
878,13:45:21,5.63,--,316,177908,买盘
879,13:45:16,5.63,--,1297,730211,买盘
880,13:45:11,5.63,--,611,343993,买盘
881,13:45:07,5.63,--,65,36595,买盘
882,13:45:01,5.63,--,1177,662651,买盘
883,13:44:56,5.63,--,603,339489,买盘
884,13:44:51,5.63,0.01,13,7319,买盘
885,13:44:46,5.62,-0.01,387,217494,卖盘
886,13:44:41,5.63,--,323,181849,买盘
887,13:44:36,5.63,--,215,121045,买盘
888,13:44:31,5.63,--,296,166648,买盘
889,13:44:26,5.63,0.01,949,534287,买盘
890,13:44:21,5.62,-0.01,30,16860,卖盘
891,13:44:16,5.63,--,166,93458,买盘
892,13:44:11,5.63,--,484,272492,买盘
893,13:44:06,5.63,--,297,167211,买盘
894,13:44:01,5.63,--,676,381072,买盘
895,13:43:56,5.63,0.01,522,293886,买盘
896,13:43:51,5.62,-0.01,221,124202,卖盘
897,13:43:46,5.63,0.01,513,288819,买盘
898,13:43:41,5.62,--,1410,792420,卖盘
899,13:43:35,5.62,--,323,181526,卖盘
900,13:43:31,5.62,-0.01,695,390601,卖盘
901,13:43:26,5.63,0.01,1099,618737,买盘
902,13:43:20,5.62,--,230,129687,卖盘
903,13:43:16,5.62,-0.01,24,13488,卖盘
904,13:43:11,5.63,0.01,123,69249,买盘
905,13:43:05,5.62,--,610,342820,卖盘
906,13:43:01,5.62,-0.01,769,432178,卖盘
907,13:42:55,5.63,--,200,112600,买盘
908,13:42:50,5.63,0.01,74,41662,买盘
909,13:42:46,5.62,--,1429,803098,卖盘
910,13:42:40,5.62,-0.01,309,173658,卖盘
911,13:42:35,5.63,0.01,125,70375,买盘
912,13:42:31,5.62,--,349,196458,卖盘
913,13:42:25,5.62,-0.01,305,171410,卖盘
914,13:42:20,5.63,0.01,72,40536,买盘
915,13:42:16,5.62,--,170,95540,卖盘
916,13:42:10,5.62,-0.01,201,112962,卖盘
917,13:42:05,5.63,0.01,219,123297,买盘
918,13:42:01,5.62,--,536,301232,卖盘
919,13:41:55,5.62,-0.01,61,34282,卖盘
920,13:41:50,5.63,0.01,347,195361,买盘
921,13:41:46,5.62,-0.01,21,11802,卖盘
922,13:41:40,5.63,0.01,614,345682,买盘
923,13:41:35,5.62,-0.01,10,5620,卖盘
924,13:41:31,5.63,0.01,170,95710,买盘
925,13:41:25,5.62,-0.01,94,52867,卖盘
926,13:41:20,5.63,0.01,351,198018,买盘
927,13:41:16,5.62,-0.01,302,169724,卖盘
928,13:41:10,5.63,0.01,376,211688,买盘
929,13:41:05,5.62,-0.01,49,27538,卖盘
930,13:41:01,5.63,0.01,147,82761,买盘
931,13:40:55,5.62,-0.01,237,133194,卖盘
932,13:40:50,5.63,0.02,193,108659,买盘
933,13:40:40,5.61,-0.01,406,227766,卖盘
934,13:40:35,5.62,-0.01,113,63506,买盘
935,13:40:31,5.63,0.01,656,369328,买盘
936,13:40:25,5.62,--,345,193890,卖盘
937,13:40:20,5.62,0.01,856,481072,买盘
938,13:40:16,5.61,-0.02,203,113883,卖盘
939,13:40:10,5.63,--,717,403671,买盘
940,13:40:05,5.63,0.01,262,147506,买盘
941,13:40:01,5.62,--,262,147244,买盘
942,13:39:55,5.62,--,284,159608,买盘
943,13:39:50,5.62,--,399,224238,买盘
944,13:39:46,5.62,-0.01,391,219742,卖盘
945,13:39:40,5.63,0.02,1494,841122,买盘
946,13:39:35,5.61,-0.01,112,62832,卖盘
947,13:39:31,5.62,-0.01,110,61820,卖盘
948,13:39:25,5.63,0.01,521,293660,买盘
949,13:39:20,5.62,--,404,227149,卖盘
950,13:39:16,5.62,--,173,97226,卖盘
951,13:39:10,5.62,--,1349,758138,买盘
952,13:39:05,5.62,0.01,857,481634,买盘
953,13:39:00,5.61,-0.01,177,99297,卖盘
954,13:38:55,5.62,--,348,195576,买盘
955,13:38:50,5.62,--,678,381036,买盘
956,13:38:45,5.62,--,208,117283,买盘
957,13:38:40,5.62,0.01,418,234916,买盘
958,13:38:35,5.61,-0.01,2049,1149489,卖盘
959,13:38:30,5.62,--,675,379670,买盘
960,13:38:25,5.62,0.01,13,7306,买盘
961,13:38:20,5.61,-0.01,303,169983,卖盘
962,13:38:15,5.62,--,145,81490,买盘
963,13:38:05,5.62,0.01,10,5620,买盘
964,13:38:00,5.61,-0.01,162,90882,卖盘
965,13:37:55,5.62,--,153,85986,买盘
966,13:37:50,5.62,--,20,11240,买盘
967,13:37:45,5.62,--,256,143872,买盘
968,13:37:40,5.62,--,44,24728,买盘
969,13:37:35,5.62,--,14,7868,买盘
970,13:37:30,5.62,--,176,98912,买盘
971,13:37:25,5.62,--,33,18546,买盘
972,13:37:20,5.62,--,574,323076,卖盘
973,13:37:15,5.62,--,15,8430,卖盘
974,13:37:10,5.62,--,93,52266,卖盘
975,13:37:05,5.62,--,57,32034,卖盘
976,13:37:00,5.62,--,417,234354,卖盘
977,13:36:55,5.62,--,204,114648,买盘
978,13:36:50,5.62,--,309,173658,卖盘
979,13:36:44,5.62,--,295,165790,卖盘
980,13:36:40,5.62,--,491,275942,卖盘
981,13:36:35,5.62,--,30,16860,卖盘
982,13:36:29,5.62,-0.01,10,5620,卖盘
983,13:36:25,5.63,0.02,575,323725,买盘
984,13:36:20,5.61,-0.01,449,251889,卖盘
985,13:36:14,5.62,--,19,10678,买盘
986,13:36:10,5.62,--,192,107904,卖盘
987,13:36:05,5.62,-0.01,390,219180,卖盘
988,13:35:59,5.63,--,228,128364,买盘
989,13:35:55,5.63,0.01,123,69249,买盘
990,13:35:50,5.62,--,87,48894,卖盘
991,13:35:44,5.62,-0.01,221,124202,卖盘
992,13:35:40,5.63,0.01,264,148632,买盘
993,13:35:34,5.62,-0.01,60,33720,卖盘
994,13:35:29,5.63,0.01,104,58552,买盘
995,13:35:25,5.62,0.01,113,64023,买盘
996,13:35:19,5.61,-0.01,825,462825,卖盘
997,13:35:14,5.62,0.01,3764,2115368,买盘
998,13:35:10,5.61,-0.01,21,11781,卖盘
999,13:35:04,5.62,--,159,89358,买盘
1000,13:34:59,5.62,--,1159,651358,买盘
1001,13:34:55,5.62,0.01,30,16860,买盘
1002,13:34:49,5.61,-0.01,179,100419,卖盘
1003,13:34:44,5.62,--,183,102846,买盘
1004,13:34:40,5.62,0.01,152,85424,买盘
1005,13:34:34,5.61,--,236,132396,卖盘
1006,13:34:29,5.61,--,6884,3862243,卖盘
1007,13:34:25,5.61,-0.01,40,22440,卖盘
1008,13:34:19,5.62,--,90,50580,买盘
1009,13:34:14,5.62,--,61,34282,买盘
1010,13:34:10,5.62,--,184,103408,买盘
1011,13:34:04,5.62,--,191,107342,买盘
1012,13:33:59,5.62,0.01,14,7868,买盘
1013,13:33:55,5.61,--,14,7854,卖盘
1014,13:33:49,5.61,-0.01,322,180642,卖盘
1015,13:33:44,5.62,--,848,476576,买盘
1016,13:33:40,5.62,0.01,60,33720,买盘
1017,13:33:34,5.61,--,175,98175,卖盘
1018,13:33:29,5.61,--,192,107712,卖盘
1019,13:33:25,5.61,--,1766,991219,卖盘
1020,13:33:19,5.61,--,77,43197,卖盘
1021,13:33:14,5.61,--,187,105411,卖盘
1022,13:33:10,5.61,-0.01,21,11781,卖盘
1023,13:33:04,5.62,0.01,481,270322,买盘
1024,13:32:59,5.61,-0.01,349,195789,卖盘
1025,13:32:55,5.62,--,110,61820,买盘
1026,13:32:49,5.62,0.01,20,11240,买盘
1027,13:32:44,5.61,--,34,19074,卖盘
1028,13:32:39,5.61,-0.01,10,5610,卖盘
1029,13:32:34,5.62,--,154,86548,买盘
1030,13:32:29,5.62,0.01,21,11802,买盘
1031,13:32:24,5.61,-0.01,23,12903,卖盘
1032,13:32:19,5.62,--,205,115210,买盘
1033,13:32:14,5.62,0.01,128,71936,买盘
1034,13:32:09,5.61,-0.01,10,5610,卖盘
1035,13:32:04,5.62,--,188,105656,买盘
1036,13:31:59,5.62,--,29,16298,买盘
1037,13:31:54,5.62,0.01,45,25290,买盘
1038,13:31:49,5.61,--,50,28050,卖盘
1039,13:31:44,5.61,--,411,230571,卖盘
1040,13:31:39,5.61,--,12,6732,卖盘
1041,13:31:34,5.61,-0.01,997,559317,卖盘
1042,13:31:29,5.62,--,231,129822,买盘
1043,13:31:24,5.62,0.01,360,202320,买盘
1044,13:31:19,5.61,-0.01,126,71011,卖盘
1045,13:31:14,5.62,--,428,240648,买盘
1046,13:31:09,5.62,--,927,520974,买盘
1047,13:31:04,5.62,--,27,15174,买盘
1048,13:30:59,5.62,--,10145,5701490,买盘
1049,13:30:54,5.62,--,44,24728,买盘
1050,13:30:49,5.62,--,628,352936,买盘
1051,13:30:44,5.62,--,796,447352,卖盘
1052,13:30:39,5.62,-0.01,1199,673838,卖盘
1053,13:30:34,5.63,0.01,2622,1476186,买盘
1054,13:30:29,5.62,--,1568,881536,卖盘
1055,13:30:24,5.62,--,26,14612,卖盘
1056,13:30:19,5.62,--,2505,1407810,卖盘
1057,13:30:14,5.62,--,251,141062,卖盘
1058,13:30:09,5.62,-0.01,21,11802,卖盘
1059,13:30:04,5.63,0.01,906,510078,买盘
1060,13:29:59,5.62,-0.01,274,153988,卖盘
1061,13:29:53,5.63,--,1050,591150,买盘
1062,13:29:49,5.63,--,155,87490,买盘
1063,13:29:44,5.63,--,288,162144,买盘
1064,13:29:38,5.63,--,127,71501,买盘
1065,13:29:34,5.63,0.01,45,25335,买盘
1066,13:29:29,5.62,-0.01,50,28100,卖盘
1067,13:29:23,5.63,0.01,154,86702,买盘
1068,13:29:19,5.62,--,883,496734,卖盘
1069,13:29:14,5.62,-0.01,897,504625,卖盘
1070,13:29:08,5.63,--,25,14075,买盘
1071,13:29:04,5.63,0.01,516,290508,买盘
1072,13:28:58,5.62,--,46,25852,卖盘
1073,13:28:53,5.62,-0.01,304,171072,卖盘
1074,13:28:49,5.63,--,106,59678,买盘
1075,13:28:44,5.63,--,203,114289,买盘
1076,13:28:38,5.63,0.01,21,11823,买盘
1077,13:28:34,5.62,-0.01,61,34282,卖盘
1078,13:28:29,5.63,--,203,114289,买盘
1079,13:28:23,5.63,0.01,183,103029,买盘
1080,13:28:19,5.62,--,153,85986,卖盘
1081,13:28:13,5.62,-0.01,13,7306,卖盘
1082,13:28:08,5.63,0.01,540,304020,买盘
1083,13:28:04,5.62,--,104,58448,卖盘
1084,13:27:58,5.62,--,473,265826,卖盘
1085,13:27:53,5.62,-0.01,270,151740,卖盘
1086,13:27:49,5.63,0.01,1693,953159,买盘
1087,13:27:43,5.62,-0.01,122,68564,卖盘
1088,13:27:38,5.63,--,265,149195,买盘
1089,13:27:34,5.63,--,6974,3926362,买盘
1090,13:27:28,5.63,--,21,11823,买盘
1091,13:27:23,5.63,--,155,87265,买盘
1092,13:27:19,5.63,--,166,93722,买盘
1093,13:27:13,5.63,--,540,304194,买盘
1094,13:27:08,5.63,--,277,155951,买盘
1095,13:27:04,5.63,--,514,289382,买盘
1096,13:26:58,5.63,0.01,103,57989,买盘
1097,13:26:53,5.62,-0.01,261,146682,卖盘
1098,13:26:43,5.63,--,94,52922,买盘
1099,13:26:38,5.63,0.01,32,18016,买盘
1100,13:26:34,5.62,-0.01,87,49175,卖盘
1101,13:26:28,5.63,0.01,1105,622435,买盘
1102,13:26:23,5.62,-0.01,458,257396,卖盘
1103,13:26:18,5.63,--,20,11260,买盘
1104,13:26:13,5.63,--,673,378899,买盘
1105,13:26:08,5.63,--,249,140187,买盘
1106,13:26:04,5.63,--,157,88391,买盘
1107,13:25:58,5.63,--,687,386781,买盘
1108,13:25:53,5.63,--,268,150884,买盘
1109,13:25:49,5.63,--,2,1126,买盘
1110,13:25:43,5.63,0.01,42,23646,买盘
1111,13:25:38,5.62,-0.01,269,151178,卖盘
1112,13:25:33,5.63,0.01,68,38284,买盘
1113,13:25:28,5.62,-0.01,130,73060,卖盘
1114,13:25:23,5.63,--,708,398604,买盘
1115,13:25:18,5.63,--,288,162144,买盘
1116,13:25:13,5.63,0.01,727,409740,买盘
1117,13:25:08,5.62,-0.01,709,398458,卖盘
1118,13:25:03,5.63,0.01,208,117104,买盘
1119,13:24:58,5.62,-0.01,1009,567058,卖盘
1120,13:24:53,5.63,0.01,1742,980943,买盘
1121,13:24:48,5.62,-0.01,190,106780,卖盘
1122,13:24:43,5.63,--,406,228578,买盘
1123,13:24:38,5.63,0.01,1590,895535,买盘
1124,13:24:33,5.62,--,307,172534,买盘
1125,13:24:28,5.62,0.01,262,147244,买盘
1126,13:24:23,5.61,--,4582,2570502,卖盘
1127,13:24:18,5.61,-0.01,63,35343,卖盘
1128,13:24:13,5.62,0.01,1484,834008,买盘
1129,13:24:08,5.61,-0.01,72,40392,卖盘
1130,13:24:03,5.62,0.01,1012,568744,买盘
1131,13:23:58,5.61,-0.01,1589,891429,卖盘
1132,13:23:53,5.62,--,347,195014,买盘
1133,13:23:48,5.62,--,142,79804,买盘
1134,13:23:43,5.62,0.01,1294,727228,买盘
1135,13:23:38,5.61,-0.01,109,61149,卖盘
1136,13:23:28,5.62,0.01,80,44960,买盘
1137,13:23:23,5.61,-0.01,470,263670,卖盘
1138,13:23:18,5.62,0.01,438,246156,买盘
1139,13:23:13,5.61,--,206,115751,卖盘
1140,13:23:08,5.61,--,334,187626,卖盘
1141,13:23:03,5.61,-0.01,10,5610,卖盘
1142,13:22:58,5.62,--,167,93854,买盘
1143,13:22:53,5.62,0.01,81,45522,买盘
1144,13:22:48,5.61,-0.01,297,166617,卖盘
1145,13:22:43,5.62,0.01,1080,606960,买盘
1146,13:22:38,5.61,--,26,14586,卖盘
1147,13:22:33,5.61,-0.01,131,73491,卖盘
1148,13:22:28,5.62,0.01,436,245352,买盘
1149,13:22:23,5.61,-0.01,211,118371,卖盘
1150,13:22:17,5.62,0.01,181,101722,买盘
1151,13:22:13,5.61,--,32,17952,卖盘
1152,13:22:08,5.61,--,440,246840,卖盘
1153,13:22:03,5.61,--,41,23001,卖盘
1154,13:21:58,5.61,-0.01,169,95173,卖盘
1155,13:21:53,5.62,0.01,575,323150,买盘
1156,13:21:47,5.61,-0.01,112,62832,卖盘
1157,13:21:43,5.62,0.01,364,204568,买盘
1158,13:21:37,5.61,-0.01,765,429165,卖盘
1159,13:21:32,5.62,0.01,123,69126,买盘
1160,13:21:28,5.61,-0.01,473,265353,卖盘
1161,13:21:17,5.62,0.01,112,62944,买盘
1162,13:21:13,5.61,--,1056,592416,卖盘
1163,13:21:08,5.61,-0.01,482,270839,卖盘
1164,13:21:02,5.62,--,116,65192,买盘
1165,13:20:58,5.62,--,22,12364,买盘
1166,13:20:52,5.62,--,29,16298,买盘
1167,13:20:47,5.62,--,848,476576,买盘
1168,13:20:43,5.62,--,488,274256,买盘
1169,13:20:37,5.62,--,115,64630,买盘
1170,13:20:32,5.62,--,287,161294,买盘
1171,13:20:28,5.62,0.01,50,28100,买盘
1172,13:20:22,5.61,-0.01,380,213600,卖盘
1173,13:20:17,5.62,--,238,133756,买盘
1174,13:20:13,5.62,--,138,77556,买盘
1175,13:20:07,5.62,--,586,329332,买盘
1176,13:20:02,5.62,--,539,302918,买盘
1177,13:19:58,5.62,--,15,8430,买盘
1178,13:19:52,5.62,--,201,112962,买盘
1179,13:19:47,5.62,--,323,181526,买盘
1180,13:19:42,5.62,--,238,133756,买盘
1181,13:19:37,5.62,--,411,230982,买盘
1182,13:19:32,5.62,--,395,221990,买盘
1183,13:19:28,5.62,--,132,74184,买盘
1184,13:19:22,5.62,--,880,494560,买盘
1185,13:19:17,5.62,0.01,704,395648,买盘
1186,13:19:12,5.61,-0.01,105,58905,卖盘
1187,13:19:07,5.62,0.01,4062,2282922,买盘
1188,13:19:02,5.61,-0.01,254,142853,卖盘
1189,13:18:57,5.62,0.01,282,158484,买盘
1190,13:18:52,5.61,--,776,435336,卖盘
1191,13:18:47,5.61,-0.01,318,178398,卖盘
1192,13:18:42,5.62,0.01,169,94978,买盘
1193,13:18:37,5.61,-0.01,705,395505,卖盘
1194,13:18:32,5.62,--,568,319536,买盘
1195,13:18:27,5.62,0.01,356,200072,买盘
1196,13:18:22,5.61,-0.01,1742,977262,卖盘
1197,13:18:17,5.62,0.01,130,73060,买盘
1198,13:18:12,5.61,-0.01,20,11220,卖盘
1199,13:18:07,5.62,0.01,707,397334,买盘
1200,13:18:02,5.61,--,202,113322,卖盘
1201,13:17:57,5.61,-0.01,462,259182,卖盘
1202,13:17:52,5.62,0.01,140,78680,买盘
1203,13:17:47,5.61,-0.01,337,189057,卖盘
1204,13:17:42,5.62,--,485,272570,买盘
1205,13:17:37,5.62,--,203,114086,买盘
1206,13:17:32,5.62,--,74,41588,买盘
1207,13:17:27,5.62,--,20,11240,买盘
1208,13:17:22,5.62,--,46,25852,买盘
1209,13:17:17,5.62,--,134,75308,买盘
1210,13:17:12,5.62,--,56,31472,买盘
1211,13:17:07,5.62,0.01,190,107280,买盘
1212,13:17:02,5.61,-0.01,414,232753,卖盘
1213,13:16:57,5.62,--,132,74240,买盘
1214,13:16:52,5.62,--,1242,698004,买盘
1215,13:16:47,5.62,--,495,278190,买盘
1216,13:16:42,5.62,0.01,10,5620,买盘
1217,13:16:37,5.61,-0.01,251,140811,卖盘
1218,13:16:32,5.62,--,103,57886,买盘
1219,13:16:27,5.62,--,10,5620,买盘
1220,13:16:22,5.62,-0.01,539,303041,卖盘
1221,13:16:17,5.63,--,131,73753,买盘
1222,13:16:12,5.63,--,326,183538,买盘
1223,13:16:07,5.63,0.01,108,60804,买盘
1224,13:16:02,5.62,--,382,214684,卖盘
1225,13:15:57,5.62,-0.01,261,146682,卖盘
1226,13:15:52,5.63,--,223,125549,买盘
1227,13:15:47,5.63,0.01,184,103592,买盘
1228,13:15:42,5.62,--,6,3372,卖盘
1229,13:15:37,5.62,--,519,291678,卖盘
1230,13:15:32,5.62,--,174,97788,卖盘
1231,13:15:27,5.62,--,365,205130,卖盘
1232,13:15:22,5.62,--,725,407450,卖盘
1233,13:15:17,5.62,-0.01,308,173096,卖盘
1234,13:15:11,5.63,0.01,177,99651,买盘
1235,13:15:07,5.62,-0.01,393,220871,卖盘
1236,13:15:02,5.63,0.01,1021,575256,买盘
1237,13:14:57,5.62,--,78,43836,卖盘
1238,13:14:52,5.62,-0.01,326,183212,卖盘
1239,13:14:47,5.63,0.01,82,46166,买盘
1240,13:14:37,5.62,--,345,193890,卖盘
1241,13:14:32,5.62,--,446,250972,卖盘
1242,13:14:26,5.62,--,110,61820,卖盘
1243,13:14:22,5.62,--,90,50580,卖盘
1244,13:14:17,5.62,-0.01,269,151178,卖盘
1245,13:14:11,5.63,0.01,151,85013,买盘
1246,13:14:07,5.62,--,87,48894,卖盘
1247,13:14:02,5.62,-0.01,150,84300,卖盘
1248,13:13:56,5.63,--,449,252787,买盘
1249,13:13:52,5.63,0.01,1290,726545,买盘
1250,13:13:46,5.62,--,610,342820,买盘
1251,13:13:41,5.62,--,201,112962,买盘
1252,13:13:37,5.62,--,1084,609208,买盘
1253,13:13:31,5.62,--,467,262454,买盘
1254,13:13:26,5.62,--,346,194452,买盘
1255,13:13:21,5.62,--,173,97226,买盘
1256,13:13:16,5.62,--,2086,1172332,买盘
1257,13:13:11,5.62,--,98,55076,买盘
1258,13:13:07,5.62,0.01,180,101160,买盘
1259,13:13:01,5.61,--,1174,659051,卖盘
1260,13:12:56,5.61,-0.01,758,425238,卖盘
1261,13:12:51,5.62,--,323,181526,买盘
1262,13:12:46,5.62,0.01,84,47208,买盘
1263,13:12:41,5.61,-0.01,687,385407,卖盘
1264,13:12:36,5.62,0.01,100,56200,买盘
1265,13:12:31,5.61,--,281,157641,卖盘
1266,13:12:26,5.61,-0.01,125,70125,卖盘
1267,13:12:21,5.62,0.01,461,259082,买盘
1268,13:12:16,5.61,--,1665,934065,卖盘
1269,13:12:11,5.61,--,306,171666,卖盘
1270,13:12:01,5.61,-0.01,268,150348,卖盘
1271,13:11:56,5.62,0.01,297,166914,买盘
1272,13:11:46,5.61,--,60,33660,卖盘
1273,13:11:41,5.61,-0.01,459,257499,卖盘
1274,13:11:36,5.62,--,310,174220,买盘
1275,13:11:31,5.62,0.01,36,20232,买盘
1276,13:11:26,5.61,--,167,93687,卖盘
1277,13:11:21,5.61,-0.01,20,11220,卖盘
1278,13:11:16,5.62,--,469,263578,买盘
1279,13:11:11,5.62,--,128,71936,买盘
1280,13:11:06,5.62,--,80,44960,买盘
1281,13:11:01,5.62,0.01,171,96394,买盘
1282,13:10:56,5.61,-0.01,870,488215,卖盘
1283,13:10:51,5.62,--,9,5058,买盘
1284,13:10:46,5.62,--,391,219742,买盘
1285,13:10:41,5.62,--,1,562,买盘
1286,13:10:36,5.62,--,160,89920,买盘
1287,13:10:31,5.62,0.01,206,115772,买盘
1288,13:10:26,5.61,-0.01,2392,1342231,卖盘
1289,13:10:21,5.62,--,411,230982,买盘
1290,13:10:16,5.62,--,169,94978,买盘
1291,13:10:11,5.62,--,17,9554,买盘
1292,13:10:01,5.62,0.01,212,119144,买盘
1293,13:09:56,5.61,-0.01,16,8976,卖盘
1294,13:09:51,5.62,--,40,22480,买盘
1295,13:09:46,5.62,0.01,176,98912,买盘
1296,13:09:41,5.61,--,148,83028,卖盘
1297,13:09:36,5.61,-0.01,15,8415,卖盘
1298,13:09:31,5.62,0.01,52,29224,买盘
1299,13:09:26,5.61,--,194,108834,卖盘
1300,13:09:16,5.61,--,240,134640,卖盘
1301,13:09:11,5.61,--,253,141933,卖盘
1302,13:09:06,5.61,-0.01,72,40891,卖盘
1303,13:09:01,5.62,--,125,70250,买盘
1304,13:08:56,5.62,--,326,183712,买盘
1305,13:08:51,5.62,--,11,6182,买盘
1306,13:08:46,5.62,--,151,84862,买盘
1307,13:08:41,5.62,--,90,50580,买盘
1308,13:08:36,5.62,0.01,58,32596,买盘
1309,13:08:31,5.61,--,303,169983,卖盘
1310,13:08:26,5.61,-0.01,89,49929,卖盘
1311,13:08:21,5.62,--,10,5620,买盘
1312,13:08:16,5.62,--,71,39902,买盘
1313,13:08:11,5.62,--,47,26414,买盘
1314,13:08:05,5.62,--,36,20232,买盘
1315,13:08:01,5.62,--,150,84300,买盘
1316,13:07:56,5.62,--,166,93292,买盘
1317,13:07:50,5.62,--,123,69126,买盘
1318,13:07:46,5.62,--,287,161294,买盘
1319,13:07:41,5.62,--,61,34282,买盘
1320,13:07:35,5.62,--,463,260206,买盘
1321,13:07:31,5.62,--,572,321464,卖盘
1322,13:07:26,5.62,--,315,177030,卖盘
1323,13:07:20,5.62,--,112,62944,卖盘
1324,13:07:16,5.62,-0.01,667,374854,卖盘
1325,13:07:10,5.63,0.01,327,184101,买盘
1326,13:07:05,5.62,-0.01,149,83738,卖盘
1327,13:07:01,5.63,0.01,610,343598,买盘
1328,13:06:55,5.62,-0.01,254,143017,卖盘
1329,13:06:50,5.63,0.01,92,51796,买盘
1330,13:06:45,5.62,--,101,56762,卖盘
1331,13:06:40,5.62,-0.01,335,188270,卖盘
1332,13:06:35,5.63,0.01,10,5630,买盘
1333,13:06:30,5.62,-0.01,489,275138,卖盘
1334,13:06:25,5.63,--,291,163833,买盘
1335,13:06:20,5.63,--,188,105844,买盘
1336,13:06:15,5.63,--,526,296138,买盘
1337,13:06:09,5.63,0.01,121,68123,买盘
1338,13:06:05,5.62,--,362,203444,卖盘
1339,13:06:00,5.62,--,32,17984,卖盘
1340,13:05:55,5.62,--,228,128136,卖盘
1341,13:05:50,5.62,-0.01,236,132632,卖盘
1342,13:05:45,5.63,0.01,13,7319,买盘
1343,13:05:39,5.62,-0.01,533,299546,卖盘
1344,13:05:35,5.63,0.01,476,267988,买盘
1345,13:05:30,5.62,--,53,29786,卖盘
1346,13:05:25,5.62,--,195,109590,卖盘
1347,13:05:19,5.62,--,181,101722,卖盘
1348,13:05:15,5.62,--,200,112400,卖盘
1349,13:05:09,5.62,--,295,165790,卖盘
1350,13:05:05,5.62,--,1334,749972,买盘
1351,13:05:00,5.62,--,434,243908,买盘
1352,13:04:55,5.62,--,430,241660,买盘
1353,13:04:49,5.62,--,412,231544,买盘
1354,13:04:45,5.62,--,67,37654,买盘
1355,13:04:40,5.62,--,421,236602,买盘
1356,13:04:35,5.62,-0.01,781,439219,卖盘
1357,13:04:30,5.63,--,128,72064,买盘
1358,13:04:25,5.63,0.01,679,382277,买盘
1359,13:04:19,5.62,--,273,153426,卖盘
1360,13:04:15,5.62,--,524,294488,卖盘
1361,13:04:10,5.62,--,513,288306,卖盘
1362,13:04:05,5.62,--,690,387780,卖盘
1363,13:04:00,5.62,--,410,230420,卖盘
1364,13:03:54,5.62,--,242,136004,卖盘
1365,13:03:49,5.62,--,83,46646,卖盘
1366,13:03:45,5.62,--,262,147244,卖盘
1367,13:03:40,5.62,--,161,90482,卖盘
1368,13:03:34,5.62,-0.01,214,120268,卖盘
1369,13:03:30,5.63,0.01,12,6756,买盘
1370,13:03:25,5.62,--,138,77556,卖盘
1371,13:03:19,5.62,--,690,387780,卖盘
1372,13:03:15,5.62,--,98,55076,卖盘
1373,13:03:10,5.62,--,129,72498,卖盘
1374,13:03:05,5.62,--,2320,1303840,卖盘
1375,13:03:00,5.62,--,20,11240,卖盘
1376,13:02:55,5.62,-0.01,207,116334,卖盘
1377,13:02:49,5.63,0.01,633,356379,买盘
1378,13:02:45,5.62,--,218,122516,卖盘
1379,13:02:39,5.62,-0.01,2267,1274054,卖盘
1380,13:02:34,5.63,0.01,3445,1939535,买盘
1381,13:02:30,5.62,--,335,188590,卖盘
1382,13:02:25,5.62,--,152,85424,卖盘
1383,13:02:19,5.62,--,302,169724,卖盘
1384,13:02:15,5.62,-0.01,166,93292,卖盘
1385,13:02:10,5.63,--,880,495440,买盘
1386,13:02:04,5.63,--,605,340615,买盘
1387,13:02:00,5.63,--,30,16890,买盘
1388,13:01:55,5.63,0.01,91,51233,买盘
1389,13:01:49,5.62,--,1353,760386,卖盘
1390,13:01:45,5.62,--,25,14050,卖盘
1391,13:01:40,5.62,-0.01,688,386656,卖盘
1392,13:01:34,5.63,--,940,529220,买盘
1393,13:01:30,5.63,--,478,269114,买盘
1394,13:01:25,5.63,0.01,299,168337,买盘
1395,13:01:19,5.62,--,1654,929548,卖盘
1396,13:01:15,5.62,--,111,62382,卖盘
1397,13:01:10,5.62,-0.01,663,372606,卖盘
1398,13:01:04,5.63,--,610,343430,买盘
1399,13:01:00,5.63,--,57,32091,买盘
1400,13:00:55,5.63,--,152,85576,买盘
1401,13:00:49,5.63,--,1092,614796,买盘
1402,13:00:44,5.63,--,352,198176,买盘
1403,13:00:39,5.63,0.02,6287,3540087,买盘
1404,13:00:34,5.61,-0.01,7,3927,卖盘
1405,13:00:29,5.62,--,1024,575488,买盘
1406,13:00:25,5.62,--,976,548512,买盘
1407,13:00:19,5.62,--,1418,796916,买盘
1408,13:00:13,5.62,0.01,1173,659226,买盘
1409,13:00:09,5.61,--,7702,4320822,卖盘
1410,13:00:04,5.61,--,9137,5125857,买盘
1411,11:30:00,5.61,--,0,0,买盘
1412,11:30:00,5.61,0.01,148,83028,买盘
1413,11:29:59,5.6,-0.01,174,97440,卖盘
1414,11:29:55,5.61,--,12,6732,买盘
1415,11:29:50,5.61,--,176,98736,买盘
1416,11:29:45,5.61,0.01,606,339966,买盘
1417,11:29:40,5.6,-0.01,303,169680,卖盘
1418,11:29:35,5.61,--,561,314721,买盘
1419,11:29:31,5.61,--,137,76857,买盘
1420,11:29:25,5.61,0.01,100,56100,买盘
1421,11:29:20,5.6,-0.01,85,47600,卖盘
1422,11:29:15,5.61,0.01,202,113322,买盘
1423,11:29:10,5.6,--,51,28560,卖盘
1424,11:29:05,5.6,--,169,94640,卖盘
1425,11:29:00,5.6,--,891,498959,卖盘
1426,11:28:55,5.6,-0.01,224,125439,卖盘
1427,11:28:50,5.61,0.01,659,369699,买盘
1428,11:28:45,5.6,--,365,204400,卖盘
1429,11:28:40,5.6,-0.01,20,11200,卖盘
1430,11:28:35,5.61,--,437,245157,买盘
1431,11:28:30,5.61,0.01,589,330748,买盘
1432,11:28:25,5.6,-0.01,1863,1043279,卖盘
1433,11:28:20,5.61,--,1004,563244,买盘
1434,11:28:15,5.61,--,1262,707982,买盘
1435,11:28:10,5.61,--,83,46563,买盘
1436,11:28:05,5.61,--,95,53295,买盘
1437,11:28:00,5.61,--,3,1683,买盘
1438,11:27:55,5.61,--,130,72930,买盘
1439,11:27:50,5.61,0.01,817,458337,买盘
1440,11:27:45,5.6,0.01,72,40320,买盘
1441,11:27:40,5.59,-0.01,509,284531,卖盘
1442,11:27:35,5.6,--,27,15119,买盘
1443,11:27:30,5.6,--,856,479359,买盘
1444,11:27:25,5.6,--,358,200480,买盘
1445,11:27:20,5.6,--,1096,613760,买盘
1446,11:27:15,5.6,--,40,22400,买盘
1447,11:27:10,5.6,--,198,110880,买盘
1448,11:27:05,5.6,0.01,510,285600,买盘
1449,11:27:00,5.59,-0.01,148,82732,卖盘
1450,11:26:55,5.6,--,315,176400,买盘
1451,11:26:50,5.6,--,150,84000,买盘
1452,11:26:45,5.6,0.01,563,315280,买盘
1453,11:26:40,5.59,-0.01,392,219128,卖盘
1454,11:26:35,5.6,--,840,470399,买盘
1455,11:26:30,5.6,--,110,61599,买盘
1456,11:26:25,5.6,--,269,150640,买盘
1457,11:26:20,5.6,--,456,255359,买盘
1458,11:26:15,5.6,0.01,12,6720,买盘
1459,11:26:10,5.59,--,234,130806,卖盘
1460,11:26:05,5.59,--,118,65962,卖盘
1461,11:26:00,5.59,--,44,24596,卖盘
1462,11:25:55,5.59,-0.01,21,11739,卖盘
1463,11:25:50,5.6,--,71,39760,买盘
1464,11:25:45,5.6,--,23,12880,买盘
1465,11:25:40,5.6,--,18,10080,买盘
1466,11:25:35,5.6,--,187,104720,买盘
1467,11:25:30,5.6,--,46,25760,买盘
1468,11:25:25,5.6,--,71,40230,卖盘
1469,11:25:20,5.6,--,2761,1546160,卖盘
1470,11:25:15,5.6,--,80,44800,卖盘
1471,11:25:10,5.6,-0.01,127,71120,卖盘
1472,11:25:05,5.61,0.01,237,132957,买盘
1473,11:25:00,5.6,--,1094,612640,卖盘
1474,11:24:50,5.6,-0.01,762,426720,卖盘
1475,11:24:45,5.61,0.01,806,452166,买盘
1476,11:24:40,5.6,--,1287,720720,卖盘
1477,11:24:35,5.6,--,184,103040,卖盘
1478,11:24:30,5.6,-0.01,476,266879,卖盘
1479,11:24:25,5.61,0.01,153,85833,买盘
1480,11:24:20,5.6,--,720,403200,卖盘
1481,11:24:15,5.6,--,727,407120,卖盘
1482,11:24:10,5.6,--,73,40880,卖盘
1483,11:24:05,5.6,-0.01,462,258719,卖盘
1484,11:24:00,5.61,0.01,307,172227,买盘
1485,11:23:55,5.6,--,131,73360,卖盘
1486,11:23:50,5.6,-0.01,593,332080,卖盘
1487,11:23:44,5.61,0.01,2157,1210077,买盘
1488,11:23:40,5.6,--,443,248079,卖盘
1489,11:23:35,5.6,--,1398,782880,卖盘
1490,11:23:29,5.6,--,1440,806400,卖盘
1491,11:23:24,5.6,--,153,85680,卖盘
1492,11:23:20,5.6,--,409,229040,卖盘
1493,11:23:14,5.6,--,690,386400,卖盘
1494,11:23:09,5.6,--,282,157920,卖盘
1495,11:23:05,5.6,--,431,241359,卖盘
1496,11:22:59,5.6,-0.01,273,152880,卖盘
1497,11:22:54,5.61,--,13,7293,买盘
1498,11:22:49,5.61,0.01,391,219351,买盘
1499,11:22:44,5.6,--,69,38640,卖盘
1500,11:22:39,5.6,--,247,138320,卖盘
1501,11:22:34,5.6,-0.01,177,99120,卖盘
1502,11:22:28,5.61,--,363,203643,买盘
1503,11:22:24,5.61,0.01,20,11220,买盘
1504,11:22:19,5.6,--,884,495039,卖盘
1505,11:22:13,5.6,--,354,198240,卖盘
1506,11:22:09,5.6,--,78,43680,卖盘
1507,11:22:04,5.6,-0.01,7,3919,卖盘
1508,11:21:58,5.61,--,1630,914430,买盘
1509,11:21:54,5.61,0.01,243,136323,买盘
1510,11:21:49,5.6,--,47,26320,卖盘
1511,11:21:43,5.6,--,296,165760,卖盘
1512,11:21:38,5.6,--,288,161280,卖盘
1513,11:21:34,5.6,--,115,64399,卖盘
1514,11:21:28,5.6,-0.01,30,16800,卖盘
1515,11:21:24,5.61,--,421,236181,买盘
1516,11:21:19,5.61,0.01,110,61710,买盘
1517,11:21:13,5.6,-0.01,568,318080,卖盘
1518,11:21:09,5.61,0.01,1006,564366,买盘
1519,11:21:04,5.6,-0.01,114,63839,卖盘
1520,11:20:58,5.61,--,300,168300,买盘
1521,11:20:54,5.61,0.01,485,272085,买盘
1522,11:20:49,5.6,--,142,79520,卖盘
1523,11:20:43,5.6,-0.01,288,161280,卖盘
1524,11:20:39,5.61,--,763,428043,买盘
1525,11:20:34,5.61,--,148,83028,买盘
1526,11:20:28,5.61,--,943,529342,买盘
1527,11:20:24,5.61,0.01,519,291159,买盘
1528,11:20:19,5.6,--,285,159600,卖盘
1529,11:20:13,5.6,-0.01,216,120959,卖盘
1530,11:20:09,5.61,0.01,57,31977,买盘
1531,11:19:58,5.6,-0.01,63,35280,卖盘
1532,11:19:53,5.61,0.01,285,159885,买盘
1533,11:19:49,5.6,-0.01,140,78400,卖盘
1534,11:19:43,5.61,0.01,16,8976,买盘
1535,11:19:39,5.6,-0.01,106,59359,卖盘
1536,11:19:34,5.61,--,172,96492,买盘
1537,11:19:28,5.61,0.01,575,322575,买盘
1538,11:19:23,5.6,--,78,43680,卖盘
1539,11:19:19,5.6,--,20,11200,卖盘
1540,11:19:13,5.6,--,95,53200,卖盘
1541,11:19:08,5.6,-0.01,372,208320,卖盘
1542,11:19:04,5.61,0.01,2,1122,买盘
1543,11:18:58,5.6,--,38,21280,卖盘
1544,11:18:53,5.6,-0.01,154,86240,卖盘
1545,11:18:49,5.61,0.01,632,354552,买盘
1546,11:18:43,5.6,--,23,12880,卖盘
1547,11:18:38,5.6,--,605,338800,卖盘
1548,11:18:28,5.6,-0.01,167,93520,卖盘
1549,11:18:23,5.61,0.01,34,19074,买盘
1550,11:18:19,5.6,-0.01,24,13440,卖盘
1551,11:18:13,5.61,--,1279,717519,买盘
1552,11:18:08,5.61,--,153,85833,买盘
1553,11:18:04,5.61,--,120,67320,买盘
1554,11:17:58,5.61,--,443,248523,买盘
1555,11:17:53,5.61,0.01,195,109395,买盘
1556,11:17:49,5.6,-0.01,863,483279,卖盘
1557,11:17:43,5.61,0.01,3495,1960695,买盘
1558,11:17:34,5.6,--,114,63839,卖盘
1559,11:17:28,5.6,-0.01,208,116479,卖盘
1560,11:17:23,5.61,--,144,80784,买盘
1561,11:17:19,5.61,--,84,47124,买盘
1562,11:17:13,5.61,--,1056,592416,买盘
1563,11:17:08,5.61,--,238,133518,买盘
1564,11:17:04,5.61,--,371,208131,买盘
1565,11:16:58,5.61,--,686,384846,买盘
1566,11:16:53,5.61,0.01,431,241791,买盘
1567,11:16:49,5.6,-0.01,82,45920,卖盘
1568,11:16:43,5.61,--,573,321453,买盘
1569,11:16:38,5.61,--,1456,816816,买盘
1570,11:16:34,5.61,--,20,11220,买盘
1571,11:16:28,5.61,--,3095,1736614,买盘
1572,11:16:23,5.61,--,592,332112,买盘
1573,11:16:19,5.61,0.01,139,77979,买盘
1574,11:16:13,5.6,-0.01,242,135520,卖盘
1575,11:16:08,5.61,0.01,458,256938,买盘
1576,11:16:02,5.6,--,10,5600,卖盘
1577,11:15:58,5.6,--,6595,3693451,买盘
1578,11:15:53,5.6,--,1250,700000,买盘
1579,11:15:47,5.6,--,98,54880,买盘
1580,11:15:43,5.6,--,178,99680,买盘
1581,11:15:38,5.6,--,758,424480,买盘
1582,11:15:32,5.6,0.01,239,133840,买盘
1583,11:15:28,5.59,--,379,211861,卖盘
1584,11:15:23,5.59,-0.01,318,177762,卖盘
1585,11:15:17,5.6,--,10,5600,买盘
1586,11:15:13,5.6,0.01,1400,784218,买盘
1587,11:15:08,5.59,--,1823,1019057,买盘
1588,11:15:02,5.59,--,283,158197,买盘
1589,11:14:58,5.59,--,886,495274,买盘
1590,11:14:52,5.59,0.01,803,448877,买盘
1591,11:14:47,5.58,--,374,208692,卖盘
1592,11:14:43,5.58,--,442,246636,卖盘
1593,11:14:37,5.58,-0.01,320,178560,卖盘
1594,11:14:32,5.59,--,458,256022,买盘
1595,11:14:28,5.59,--,135,75465,买盘
1596,11:14:22,5.59,--,694,387946,买盘
1597,11:14:17,5.59,--,674,376766,买盘
1598,11:14:13,5.59,--,448,250432,买盘
1599,11:14:07,5.59,--,193,107887,买盘
1600,11:14:02,5.59,--,238,133042,买盘
1601,11:13:58,5.59,--,5,2795,买盘
1602,11:13:52,5.59,--,92,51428,买盘
1603,11:13:47,5.59,--,404,225836,买盘
1604,11:13:43,5.59,--,13,7267,买盘
1605,11:13:37,5.59,--,178,99502,买盘
1606,11:13:32,5.59,--,410,229190,买盘
1607,11:13:28,5.59,--,3,1677,买盘
1608,11:13:22,5.59,--,152,84968,买盘
1609,11:13:17,5.59,--,314,175526,买盘
1610,11:13:07,5.59,0.01,84,46956,买盘
1611,11:13:02,5.58,-0.01,410,228780,卖盘
1612,11:12:58,5.59,--,72,40248,买盘
1613,11:12:52,5.59,0.01,884,494156,买盘
1614,11:12:47,5.58,--,40,22320,卖盘
1615,11:12:43,5.58,--,21,11718,卖盘
1616,11:12:37,5.58,-0.01,1222,681876,卖盘
1617,11:12:32,5.59,--,559,312799,买盘
1618,11:12:28,5.59,--,125,69875,买盘
1619,11:12:22,5.59,0.01,2180,1218620,买盘
1620,11:12:17,5.58,-0.01,10,5580,卖盘
1621,11:12:13,5.59,0.01,46,25714,买盘
1622,11:12:07,5.58,--,224,124992,卖盘
1623,11:12:02,5.58,-0.01,62,34596,卖盘
1624,11:11:52,5.59,0.01,34,19006,买盘
1625,11:11:47,5.58,-0.01,480,267840,卖盘
1626,11:11:43,5.59,0.01,211,117949,买盘
1627,11:11:37,5.58,--,154,85932,卖盘
1628,11:11:32,5.58,--,3,1674,卖盘
1629,11:11:28,5.58,-0.01,10,5580,卖盘
1630,11:11:22,5.59,--,20,11180,买盘
1631,11:11:17,5.59,0.01,15,8385,买盘
1632,11:11:07,5.58,-0.01,698,389484,卖盘
1633,11:11:02,5.59,0.01,91,50869,买盘
1634,11:10:58,5.58,-0.01,291,162378,卖盘
1635,11:10:52,5.59,--,160,89440,买盘
1636,11:10:47,5.59,0.01,78,43602,买盘
1637,11:10:43,5.58,-0.01,194,108564,卖盘
1638,11:10:37,5.59,0.01,132,73788,买盘
1639,11:10:32,5.58,--,500,279000,卖盘
1640,11:10:28,5.58,--,99,55242,卖盘
1641,11:10:22,5.58,0.01,483,269832,买盘
1642,11:10:17,5.57,-0.01,321,178797,卖盘
1643,11:10:12,5.58,0.01,519,289602,买盘
1644,11:10:07,5.57,-0.01,83,46231,卖盘
1645,11:10:02,5.58,0.01,723,403434,买盘
1646,11:09:57,5.57,-0.01,224,124768,卖盘
1647,11:09:52,5.58,--,189,105462,买盘
1648,11:09:47,5.58,--,657,366606,买盘
1649,11:09:43,5.58,--,491,273978,买盘
1650,11:09:37,5.58,--,106,59148,买盘
1651,11:09:32,5.58,--,296,165168,买盘
1652,11:09:27,5.58,--,291,162378,买盘
1653,11:09:22,5.58,--,217,121086,买盘
1654,11:09:17,5.58,--,516,287928,买盘
1655,11:09:11,5.58,0.01,206,114948,买盘
1656,11:09:07,5.57,--,512,285184,卖盘
1657,11:09:02,5.57,-0.01,309,172113,卖盘
1658,11:08:56,5.58,--,62,34596,买盘
1659,11:08:52,5.58,--,3,1674,买盘
1660,11:08:47,5.58,--,491,273978,买盘
1661,11:08:42,5.58,--,130,72540,买盘
1662,11:08:37,5.58,--,910,507780,买盘
1663,11:08:32,5.58,-0.01,1989,1109862,卖盘
1664,11:08:26,5.59,0.01,543,303537,买盘
1665,11:08:22,5.58,--,145,80910,卖盘
1666,11:08:17,5.58,-0.01,134,74772,卖盘
1667,11:08:07,5.59,--,345,192855,买盘
1668,11:08:02,5.59,0.01,179,100061,买盘
1669,11:07:56,5.58,--,90,50220,买盘
1670,11:07:52,5.58,--,724,403992,买盘
1671,11:07:47,5.58,0.01,1136,633888,买盘
1672,11:07:41,5.57,-0.01,71,39547,卖盘
1673,11:07:37,5.58,--,64,35712,买盘
1674,11:07:32,5.58,--,178,99324,买盘
1675,11:07:26,5.58,--,56,31248,买盘
1676,11:07:22,5.58,--,168,93744,买盘
1677,11:07:16,5.58,--,561,313038,买盘
1678,11:07:11,5.58,--,22,12276,买盘
1679,11:07:07,5.58,0.01,635,354330,买盘
1680,11:07:01,5.57,-0.01,22,12254,卖盘
1681,11:06:56,5.58,0.01,129,71982,买盘
1682,11:06:46,5.57,-0.01,35,19495,卖盘
1683,11:06:41,5.58,0.01,414,231012,买盘
1684,11:06:37,5.57,-0.01,200,111400,卖盘
1685,11:06:31,5.58,0.01,95,53010,买盘
1686,11:06:26,5.57,--,247,137579,卖盘
1687,11:06:22,5.57,-0.01,225,125325,卖盘
1688,11:06:16,5.58,--,60,33480,买盘
1689,11:06:11,5.58,0.01,549,306342,买盘
1690,11:06:07,5.57,-0.01,38,21166,卖盘
1691,11:06:01,5.58,0.01,329,183582,买盘
1692,11:05:56,5.57,-0.01,809,450613,卖盘
1693,11:05:52,5.58,--,500,279000,买盘
1694,11:05:46,5.58,--,200,111600,买盘
1695,11:05:41,5.58,--,239,133362,买盘
1696,11:05:37,5.58,--,111,61938,买盘
1697,11:05:31,5.58,--,469,261702,买盘
1698,11:05:26,5.58,--,470,262260,买盘
1699,11:05:22,5.58,--,142,79236,买盘
1700,11:05:16,5.58,--,20,11160,买盘
1701,11:05:11,5.58,--,1197,667926,买盘
1702,11:05:07,5.58,0.01,10,5580,买盘
1703,11:05:01,5.57,-0.01,197,109729,卖盘
1704,11:04:56,5.58,--,360,200880,买盘
1705,11:04:46,5.58,0.01,299,166842,买盘
1706,11:04:41,5.57,--,200,111400,卖盘
1707,11:04:37,5.57,-0.01,22,12254,卖盘
1708,11:04:31,5.58,--,389,217380,买盘
1709,11:04:26,5.58,--,373,208134,买盘
1710,11:04:22,5.58,--,104,58032,买盘
1711,11:04:16,5.58,--,175,97650,买盘
1712,11:04:11,5.58,--,2420,1350360,买盘
1713,11:04:07,5.58,--,830,463140,买盘
1714,11:04:01,5.58,0.01,353,196974,买盘
1715,11:03:56,5.57,-0.01,136,75752,卖盘
1716,11:03:52,5.58,0.01,683,381114,买盘
1717,11:03:46,5.57,--,127,70739,卖盘
1718,11:03:41,5.57,--,175,97475,卖盘
1719,11:03:37,5.57,--,143,79651,卖盘
1720,11:03:31,5.57,-0.01,1071,596547,卖盘
1721,11:03:26,5.58,--,163,90954,买盘
1722,11:03:22,5.58,--,8,4464,买盘
1723,11:03:16,5.58,--,241,134478,买盘
1724,11:03:11,5.58,--,22,12276,买盘
1725,11:03:01,5.58,--,39,21762,买盘
1726,11:02:56,5.58,0.01,5,2790,买盘
1727,11:02:46,5.57,-0.01,25,13925,卖盘
1728,11:02:41,5.58,--,127,70866,买盘
1729,11:02:36,5.58,0.01,248,138384,买盘
1730,11:02:31,5.57,-0.01,1963,1093391,卖盘
1731,11:02:26,5.58,0.01,150,83700,买盘
1732,11:02:21,5.57,-0.01,211,117527,卖盘
1733,11:02:16,5.58,--,145,80910,买盘
1734,11:02:11,5.58,--,2075,1157850,买盘
1735,11:01:56,5.58,0.01,44,24552,买盘
1736,11:01:51,5.57,--,12,6684,卖盘
1737,11:01:46,5.57,--,289,160973,卖盘
1738,11:01:41,5.57,-0.01,325,181025,卖盘
1739,11:01:36,5.58,--,30,16740,买盘
1740,11:01:31,5.58,--,204,113832,买盘
1741,11:01:26,5.58,--,76,42408,买盘
1742,11:01:21,5.58,--,1431,798498,买盘
1743,11:01:16,5.58,--,57,31806,买盘
1744,11:01:11,5.58,0.01,252,140616,买盘
1745,11:01:06,5.57,-0.01,163,90791,卖盘
1746,11:01:01,5.58,--,197,109926,买盘
1747,11:00:56,5.58,--,2739,1528362,买盘
1748,11:00:50,5.58,--,187,104346,买盘
1749,11:00:46,5.58,--,6,3348,买盘
1750,11:00:35,5.58,--,120,66960,买盘
1751,11:00:31,5.58,--,812,453414,买盘
1752,11:00:26,5.58,--,124,69192,买盘
1753,11:00:20,5.58,--,84,46872,买盘
1754,11:00:16,5.58,--,909,507222,买盘
1755,11:00:11,5.58,0.01,272,151776,买盘
1756,11:00:05,5.57,--,210,116970,卖盘
1757,11:00:01,5.57,-0.01,160,89621,卖盘
1758,10:59:50,5.58,--,347,193626,买盘
1759,10:59:46,5.58,--,117,65286,买盘
1760,10:59:40,5.58,0.01,239,133362,买盘
1761,10:59:31,5.57,-0.01,175,97475,卖盘
1762,10:59:26,5.58,--,480,267840,买盘
1763,10:59:20,5.58,0.01,4,2232,买盘
1764,10:59:16,5.57,--,404,225028,卖盘
1765,10:59:10,5.57,-0.01,202,112514,卖盘
1766,10:59:05,5.58,0.01,197,109926,买盘
1767,10:59:01,5.57,--,10,5570,卖盘
1768,10:58:55,5.57,--,208,115856,卖盘
1769,10:58:50,5.57,-0.01,80,44560,卖盘
1770,10:58:40,5.58,0.01,223,124434,买盘
1771,10:58:35,5.57,--,170,94690,卖盘
1772,10:58:25,5.57,--,110,61270,卖盘
1773,10:58:20,5.57,--,2,1114,卖盘
1774,10:58:10,5.57,-0.01,58,32306,卖盘
1775,10:57:55,5.58,0.01,244,136152,买盘
1776,10:57:50,5.57,--,19,10583,卖盘
1777,10:57:40,5.57,--,113,62941,卖盘
1778,10:57:35,5.57,-0.01,5,2785,卖盘
1779,10:57:25,5.58,0.01,144,80352,买盘
1780,10:57:20,5.57,--,200,111400,卖盘
1781,10:57:16,5.57,-0.01,5,2785,卖盘
1782,10:57:10,5.58,0.01,202,112716,买盘
1783,10:57:05,5.57,--,66,36762,卖盘
1784,10:57:01,5.57,--,20,11140,卖盘
1785,10:56:55,5.57,-0.01,361,201077,卖盘
1786,10:56:35,5.58,0.02,36,20088,买盘
1787,10:56:31,5.56,-0.02,366,203812,卖盘
1788,10:56:25,5.58,0.01,1180,658440,买盘
1789,10:56:20,5.57,--,40,22280,买盘
1790,10:56:15,5.57,--,306,170442,买盘
1791,10:56:10,5.57,--,140,77980,买盘
1792,10:56:05,5.57,--,467,260119,买盘
1793,10:56:00,5.57,--,230,128110,买盘
1794,10:55:55,5.57,--,116,64612,买盘
1795,10:55:50,5.57,--,588,327516,买盘
1796,10:55:45,5.57,--,224,124768,买盘
1797,10:55:40,5.57,--,704,392512,买盘
1798,10:55:35,5.57,--,415,231155,买盘
1799,10:55:30,5.57,--,274,152618,买盘
1800,10:55:25,5.57,--,658,366506,买盘
1801,10:55:20,5.57,--,314,174898,买盘
1802,10:55:15,5.57,--,176,98032,买盘
1803,10:55:10,5.57,--,1760,980765,买盘
1804,10:55:00,5.57,--,267,148719,买盘
1805,10:54:55,5.57,--,255,142035,买盘
1806,10:54:50,5.57,--,170,94690,买盘
1807,10:54:45,5.57,--,66,36762,买盘
1808,10:54:40,5.57,0.01,334,186038,买盘
1809,10:54:35,5.56,--,660,366960,卖盘
1810,10:54:30,5.56,--,346,192376,卖盘
1811,10:54:20,5.56,-0.01,492,273552,卖盘
1812,10:54:10,5.57,--,195,108615,买盘
1813,10:54:05,5.57,--,40,22280,买盘
1814,10:54:00,5.57,0.01,86,47902,买盘
1815,10:53:55,5.56,-0.01,257,143392,卖盘
1816,10:53:50,5.57,--,192,106944,买盘
1817,10:53:40,5.57,0.01,1341,746937,买盘
1818,10:53:35,5.56,-0.01,50,27799,卖盘
1819,10:53:30,5.57,0.01,68,37876,买盘
1820,10:53:25,5.56,-0.01,61,33916,卖盘
1821,10:53:20,5.57,--,855,476235,买盘
1822,10:53:10,5.57,0.01,504,280728,买盘
1823,10:53:05,5.56,--,344,191264,卖盘
1824,10:52:59,5.56,-0.01,19,10564,卖盘
1825,10:52:55,5.57,0.01,80,44560,买盘
1826,10:52:40,5.56,-0.01,6061,3369915,卖盘
1827,10:52:35,5.57,0.01,279,155403,买盘
1828,10:52:29,5.56,--,607,337808,卖盘
1829,10:52:25,5.56,--,99,55043,卖盘
1830,10:52:14,5.56,--,2,1112,卖盘
1831,10:52:10,5.56,-0.01,152,84512,卖盘
1832,10:52:04,5.57,0.01,87,48459,买盘
1833,10:51:59,5.56,--,216,120095,卖盘
1834,10:51:55,5.56,-0.01,41,22796,卖盘
1835,10:51:50,5.57,0.01,278,154846,买盘
1836,10:51:44,5.56,-0.01,62,34472,卖盘
1837,10:51:40,5.57,0.01,428,238891,买盘
1838,10:51:34,5.56,--,1105,614380,卖盘
1839,10:51:25,5.56,-0.01,55,30579,卖盘
1840,10:51:19,5.57,--,100,55700,买盘
1841,10:51:14,5.57,--,37,20609,买盘
1842,10:51:10,5.57,--,13,7241,买盘
1843,10:51:04,5.57,--,617,344114,买盘
1844,10:50:49,5.57,0.01,142,79094,买盘
1845,10:50:44,5.56,--,100,55599,卖盘
1846,10:50:40,5.56,-0.01,139,77284,卖盘
1847,10:50:34,5.57,--,22,12254,买盘
1848,10:50:29,5.57,--,16,8912,买盘
1849,10:50:25,5.57,--,167,93019,买盘
1850,10:50:19,5.57,--,93,51801,买盘
1851,10:50:14,5.57,0.01,731,407167,买盘
1852,10:50:04,5.56,-0.01,60,33360,卖盘
1853,10:49:59,5.57,--,19,10583,买盘
1854,10:49:49,5.57,0.01,150,83550,买盘
1855,10:49:44,5.56,-0.01,149,82844,卖盘
1856,10:49:34,5.57,0.01,196,109172,买盘
1857,10:49:29,5.56,-0.01,139,77284,卖盘
1858,10:49:19,5.57,0.01,100,55700,买盘
1859,10:49:14,5.56,-0.01,36,20016,卖盘
1860,10:49:04,5.57,--,20,11140,买盘
1861,10:48:59,5.57,0.01,104,57928,买盘
1862,10:48:54,5.56,-0.01,885,492059,卖盘
1863,10:48:44,5.57,0.01,229,127553,买盘
1864,10:48:34,5.56,-0.01,583,324148,卖盘
1865,10:48:29,5.57,--,456,254309,买盘
1866,10:48:19,5.57,--,1615,899956,买盘
1867,10:48:09,5.57,0.01,50,27850,买盘
1868,10:48:04,5.56,--,21,11676,卖盘
1869,10:47:59,5.56,-0.01,221,122875,卖盘
1870,10:47:54,5.57,0.01,51,28407,买盘
1871,10:47:49,5.56,-0.01,4,2224,卖盘
1872,10:47:44,5.57,0.01,50,27850,买盘
1873,10:47:39,5.56,--,30,16680,卖盘
1874,10:47:34,5.56,--,262,145672,卖盘
1875,10:47:29,5.56,-0.01,4,2224,卖盘
1876,10:47:19,5.57,--,26,14482,买盘
1877,10:47:14,5.57,--,195,108615,买盘
1878,10:47:09,5.57,0.01,100,55700,买盘
1879,10:47:04,5.56,-0.01,13,7227,卖盘
1880,10:46:59,5.57,--,18,10026,买盘
1881,10:46:54,5.57,--,32,17824,买盘
1882,10:46:44,5.57,--,180,100260,买盘
1883,10:46:34,5.57,--,10,5570,买盘
1884,10:46:29,5.57,0.01,100,55700,买盘
1885,10:46:24,5.56,-0.01,327,181812,卖盘
1886,10:46:19,5.57,0.01,12,6684,买盘
1887,10:46:14,5.56,-0.01,5,2780,卖盘
1888,10:46:04,5.57,--,20,11140,买盘
1889,10:45:59,5.57,--,14,7798,买盘
1890,10:45:54,5.57,--,336,187152,买盘
1891,10:45:49,5.57,0.01,53,29521,买盘
1892,10:45:44,5.56,-0.01,39,21684,卖盘
1893,10:45:34,5.57,0.01,5916,3295212,买盘
1894,10:45:29,5.56,--,154,86124,卖盘
1895,10:45:23,5.56,-0.01,1,556,卖盘
1896,10:45:19,5.57,--,137,76309,买盘
1897,10:45:14,5.57,--,145,80765,买盘
1898,10:45:08,5.57,--,4,2228,买盘
1899,10:45:04,5.57,--,46,25622,买盘
1900,10:44:53,5.57,--,145,80765,买盘
1901,10:44:49,5.57,--,263,146491,买盘
1902,10:44:44,5.57,--,138,76866,买盘
1903,10:44:38,5.57,--,20,11140,买盘
1904,10:44:34,5.57,0.01,18,10026,买盘
1905,10:44:29,5.56,--,373,207704,卖盘
1906,10:44:19,5.56,-0.01,228,126767,卖盘
1907,10:44:13,5.57,--,69,38433,买盘
1908,10:44:04,5.57,0.01,184,102488,买盘
1909,10:43:59,5.56,--,879,488951,卖盘
1910,10:43:53,5.56,--,59,32804,卖盘
1911,10:43:49,5.56,-0.01,210,116759,卖盘
1912,10:43:44,5.57,--,23,12811,买盘
1913,10:43:34,5.57,0.01,62,34534,买盘
1914,10:43:28,5.56,--,203,112867,卖盘
1915,10:43:23,5.56,--,80,44480,卖盘
1916,10:43:19,5.56,--,228,126767,卖盘
1917,10:43:13,5.56,--,249,138444,卖盘
1918,10:43:03,5.56,--,59,32804,卖盘
1919,10:42:58,5.56,-0.01,221,122875,卖盘
1920,10:42:53,5.57,--,1,557,买盘
1921,10:42:48,5.57,--,25,13925,买盘
1922,10:42:43,5.57,--,31,17267,买盘
1923,10:42:38,5.57,--,265,147605,卖盘
1924,10:42:34,5.57,-0.01,11,6127,卖盘
1925,10:42:28,5.58,0.01,200,111600,买盘
1926,10:42:23,5.57,--,62,34534,买盘
1927,10:42:19,5.57,--,65,36205,买盘
1928,10:42:13,5.57,--,233,129781,买盘
1929,10:42:08,5.57,--,50,27850,买盘
1930,10:42:04,5.57,--,20,11140,买盘
1931,10:41:58,5.57,--,217,120869,买盘
1932,10:41:53,5.57,--,17,9469,买盘
1933,10:41:48,5.57,--,271,150947,买盘
1934,10:41:43,5.57,0.01,228,126996,买盘
1935,10:41:33,5.56,-0.01,50,27799,卖盘
1936,10:41:28,5.57,-0.01,28,15596,买盘
1937,10:41:23,5.58,0.02,191,106578,买盘
1938,10:41:18,5.56,-0.01,4,2224,卖盘
1939,10:41:13,5.57,0.01,50,27850,买盘
1940,10:41:08,5.56,-0.01,61,33916,卖盘
1941,10:41:03,5.57,-0.01,201,112391,卖盘
1942,10:40:58,5.58,0.01,152,84938,买盘
1943,10:40:53,5.57,0.01,241,134237,买盘
1944,10:40:43,5.56,--,104,57823,卖盘
1945,10:40:38,5.56,--,75,41700,卖盘
1946,10:40:33,5.56,--,200,111199,卖盘
1947,10:40:28,5.56,-0.01,434,241620,卖盘
1948,10:40:23,5.57,--,11,6127,买盘
1949,10:40:18,5.57,--,300,167100,买盘
1950,10:40:13,5.57,--,20,11140,买盘
1951,10:40:08,5.57,--,477,265895,卖盘
1952,10:40:03,5.57,--,20,11140,卖盘
1953,10:39:58,5.57,--,19,10583,卖盘
1954,10:39:53,5.57,--,127,70739,卖盘
1955,10:39:48,5.57,--,6,3342,卖盘
1956,10:39:43,5.57,--,32,17824,卖盘
1957,10:39:38,5.57,-0.01,408,227701,卖盘
1958,10:39:33,5.58,0.01,54,30132,买盘
1959,10:39:28,5.57,--,232,129224,卖盘
1960,10:39:23,5.57,--,318,177126,卖盘
1961,10:39:18,5.57,--,190,105830,卖盘
1962,10:39:08,5.57,--,20,11140,卖盘
1963,10:38:58,5.57,--,487,271259,卖盘
1964,10:38:53,5.57,--,49,27293,卖盘
1965,10:38:48,5.57,--,246,137022,卖盘
1966,10:38:43,5.57,--,17,9469,卖盘
1967,10:38:38,5.57,-0.01,109,60713,卖盘
1968,10:38:33,5.58,0.01,188,104904,买盘
1969,10:38:28,5.57,--,199,110843,卖盘
1970,10:38:23,5.57,--,23,12811,卖盘
1971,10:38:18,5.57,--,56,31192,卖盘
1972,10:38:13,5.57,--,83,46231,卖盘
1973,10:38:08,5.57,--,100,55700,卖盘
1974,10:37:58,5.57,-0.01,518,288526,卖盘
1975,10:37:53,5.58,0.01,170,94860,买盘
1976,10:37:47,5.57,-0.01,6,3342,卖盘
1977,10:37:43,5.58,0.01,946,527868,买盘
1978,10:37:38,5.57,--,120,66840,卖盘
1979,10:37:32,5.57,-0.01,133,74081,卖盘
1980,10:37:28,5.58,--,615,343170,买盘
1981,10:37:23,5.58,0.01,58,32364,买盘
1982,10:37:17,5.57,-0.01,40,22280,卖盘
1983,10:37:08,5.58,--,117,65286,买盘
1984,10:37:02,5.58,--,100,55800,买盘
1985,10:36:58,5.58,--,600,334800,买盘
1986,10:36:52,5.58,--,1,558,买盘
1987,10:36:47,5.58,--,54,30132,买盘
1988,10:36:37,5.58,--,1481,826398,买盘
1989,10:36:32,5.58,--,183,102114,买盘
1990,10:36:28,5.58,--,35,19530,买盘
1991,10:36:08,5.58,--,217,121086,买盘
1992,10:35:57,5.58,0.01,124,69192,买盘
1993,10:35:52,5.57,-0.01,139,77423,卖盘
1994,10:35:47,5.58,0.01,1,558,买盘
1995,10:35:42,5.57,--,400,222800,卖盘
1996,10:35:37,5.57,--,44,24508,卖盘
1997,10:35:32,5.57,--,45,25065,卖盘
1998,10:35:22,5.57,--,189,105273,卖盘
1999,10:35:12,5.57,--,95,52915,卖盘
2000,10:35:07,5.57,--,7,3899,卖盘
2001,10:35:02,5.57,--,482,268936,买盘
2002,10:34:57,5.57,--,5,2785,买盘
2003,10:34:52,5.57,--,143,79651,买盘
2004,10:34:47,5.57,--,100,55700,买盘
2005,10:34:37,5.57,--,165,91905,买盘
2006,10:34:32,5.57,--,129,71853,买盘
2007,10:34:27,5.57,--,378,210640,卖盘
2008,10:34:22,5.57,--,750,417750,卖盘
2009,10:34:17,5.57,--,2376,1323894,买盘
2010,10:34:07,5.57,--,92,51244,买盘
2011,10:34:02,5.57,--,43,23951,买盘
2012,10:33:57,5.57,0.01,356,198292,买盘
2013,10:33:52,5.56,-0.01,49,27243,卖盘
2014,10:33:47,5.57,--,240,133680,买盘
2015,10:33:42,5.57,0.01,16,8912,买盘
2016,10:33:37,5.56,-0.01,735,408660,卖盘
2017,10:33:32,5.57,0.01,152,84664,买盘
2018,10:33:27,5.56,-0.01,10,5560,卖盘
2019,10:33:22,5.57,--,25,13925,买盘
2020,10:33:17,5.57,--,288,160416,买盘
2021,10:33:12,5.57,--,149,82993,买盘
2022,10:33:07,5.57,--,695,387115,买盘
2023,10:33:02,5.57,--,141,78631,卖盘
2024,10:32:57,5.57,--,23,12811,卖盘
2025,10:32:46,5.57,--,176,98032,卖盘
2026,10:32:36,5.57,--,390,217230,卖盘
2027,10:32:32,5.57,--,525,292887,买盘
2028,10:32:22,5.57,--,177,98589,买盘
2029,10:32:16,5.57,--,575,320369,卖盘
2030,10:32:12,5.57,--,47,26179,卖盘
2031,10:32:07,5.57,-0.01,54,30078,卖盘
2032,10:32:02,5.58,0.01,204,114166,买盘
2033,10:31:57,5.57,--,27,15039,卖盘
2034,10:31:52,5.57,-0.01,362,201762,卖盘
2035,10:31:47,5.58,0.01,64,35712,买盘
2036,10:31:42,5.57,-0.01,11,6127,卖盘
2037,10:31:37,5.58,--,50,27900,买盘
2038,10:31:32,5.58,--,20,11160,买盘
2039,10:31:22,5.58,--,979,546282,买盘
2040,10:31:17,5.58,--,309,172422,买盘
2041,10:31:12,5.58,0.01,20,11160,买盘
2042,10:31:06,5.57,--,30,16710,卖盘
2043,10:31:02,5.57,--,464,258448,卖盘
2044,10:30:52,5.57,-0.01,846,471222,卖盘
2045,10:30:46,5.58,0.01,199,111042,买盘
2046,10:30:42,5.57,-0.01,10,5570,卖盘
2047,10:30:37,5.58,0.01,336,187488,买盘
2048,10:30:32,5.57,--,209,116413,卖盘
2049,10:30:27,5.57,--,99,55143,卖盘
2050,10:30:22,5.57,-0.01,49,27293,卖盘
2051,10:30:16,5.58,0.01,1322,737676,买盘
2052,10:30:06,5.57,--,102,56814,买盘
2053,10:30:02,5.57,--,510,284604,卖盘
2054,10:29:56,5.57,-0.01,231,128667,卖盘
2055,10:29:52,5.58,0.01,166,92628,买盘
2056,10:29:46,5.57,--,660,367642,买盘
2057,10:29:40,5.57,--,151,84641,卖盘
2058,10:29:36,5.57,--,16,8912,卖盘
2059,10:29:31,5.57,-0.01,3911,2178427,卖盘
2060,10:29:27,5.58,0.01,81,45198,买盘
2061,10:29:22,5.57,-0.01,240,133680,卖盘
2062,10:29:17,5.58,0.01,1104,616032,买盘
2063,10:29:11,5.57,--,1590,885630,卖盘
2064,10:29:07,5.57,-0.01,98,54586,卖盘
2065,10:29:01,5.58,0.01,206,114948,买盘
2066,10:28:56,5.57,--,45,25065,卖盘
2067,10:28:51,5.57,--,158,88006,卖盘
2068,10:28:46,5.57,--,224,124768,卖盘
2069,10:28:41,5.57,-0.01,125,69959,卖盘
2070,10:28:36,5.58,0.01,160,89280,买盘
2071,10:28:31,5.57,-0.01,250,139250,卖盘
2072,10:28:26,5.58,0.01,22,12276,买盘
2073,10:28:21,5.57,--,745,414965,卖盘
2074,10:28:16,5.57,-0.01,1191,663387,卖盘
2075,10:28:10,5.58,0.01,5,2790,买盘
2076,10:28:06,5.57,--,343,191051,卖盘
2077,10:28:01,5.57,--,146,81322,卖盘
2078,10:27:56,5.57,--,228,126996,卖盘
2079,10:27:51,5.57,--,179,99703,卖盘
2080,10:27:46,5.57,--,794,442258,卖盘
2081,10:27:40,5.57,--,626,348793,卖盘
2082,10:27:36,5.57,--,410,228370,卖盘
2083,10:27:31,5.57,-0.01,1054,587078,卖盘
2084,10:27:25,5.58,0.01,2318,1293444,买盘
2085,10:27:21,5.57,-0.01,116,64612,卖盘
2086,10:27:16,5.58,--,383,213714,买盘
2087,10:27:10,5.58,0.01,72,40176,买盘
2088,10:27:06,5.57,--,2118,1179726,卖盘
2089,10:27:01,5.57,--,4,2228,卖盘
2090,10:26:55,5.57,-0.01,154,85778,卖盘
2091,10:26:51,5.58,0.01,30,16740,买盘
2092,10:26:46,5.57,--,62,34534,卖盘
2093,10:26:40,5.57,-0.01,131,72967,卖盘
2094,10:26:36,5.58,--,21,11718,买盘
2095,10:26:31,5.58,0.01,233,130014,买盘
2096,10:26:25,5.57,--,697,388229,卖盘
2097,10:26:21,5.57,-0.01,54,30078,卖盘
2098,10:26:16,5.58,0.01,98,54684,买盘
2099,10:26:10,5.57,--,6462,3599467,买盘
2100,10:26:06,5.57,--,330,183810,买盘
2101,10:26:01,5.57,--,2661,1482177,买盘
2102,10:25:55,5.57,--,355,197735,买盘
2103,10:25:46,5.57,--,126,70182,买盘
2104,10:25:40,5.57,--,338,188266,买盘
2105,10:25:36,5.57,--,15,8355,买盘
2106,10:25:31,5.57,--,1020,568140,买盘
2107,10:25:25,5.57,0.01,100,55700,买盘
2108,10:25:21,5.56,-0.01,106,58935,卖盘
2109,10:25:16,5.57,--,1486,827702,买盘
2110,10:25:10,5.57,0.01,767,427219,买盘
2111,10:25:06,5.56,--,60,33360,卖盘
2112,10:25:01,5.56,--,83,46148,卖盘
2113,10:24:55,5.56,-0.01,277,154012,卖盘
2114,10:24:51,5.57,--,118,65726,买盘
2115,10:24:46,5.57,0.01,429,238953,买盘
2116,10:24:40,5.56,-0.01,33,18348,卖盘
2117,10:24:36,5.57,0.01,245,136465,买盘
2118,10:24:31,5.56,-0.01,71,39476,卖盘
2119,10:24:21,5.57,--,746,415522,买盘
2120,10:24:16,5.57,0.01,857,477349,买盘
2121,10:24:10,5.56,-0.01,50,27799,卖盘
2122,10:24:06,5.57,0.01,65,36205,买盘
2123,10:24:01,5.56,--,11,6116,卖盘
2124,10:23:55,5.56,-0.01,43,23908,卖盘
2125,10:23:46,5.57,--,124,69068,买盘
2126,10:23:40,5.57,--,3,1671,买盘
2127,10:23:36,5.57,0.01,31,17267,买盘
2128,10:23:30,5.56,--,67,37252,卖盘
2129,10:23:25,5.56,--,247,137332,卖盘
2130,10:23:21,5.56,--,629,349724,卖盘
2131,10:23:16,5.56,--,527,293012,卖盘
2132,10:23:10,5.56,--,788,438127,卖盘
2133,10:23:06,5.56,--,90,50040,卖盘
2134,10:23:00,5.56,--,84,46704,卖盘
2135,10:22:55,5.56,--,312,173472,卖盘
2136,10:22:45,5.56,-0.01,126,70056,卖盘
2137,10:22:40,5.57,0.01,130,72410,买盘
2138,10:22:35,5.56,--,311,172916,卖盘
2139,10:22:30,5.56,-0.01,54,30023,卖盘
2140,10:22:25,5.57,0.01,114,63498,买盘
2141,10:22:19,5.56,--,1009,561004,卖盘
2142,10:22:15,5.56,--,686,381416,卖盘
2143,10:22:10,5.56,--,222,123431,卖盘
2144,10:22:04,5.56,-0.01,44,24464,卖盘
2145,10:22:00,5.57,--,302,168214,买盘
2146,10:21:55,5.57,0.01,217,120869,买盘
2147,10:21:49,5.56,--,385,214059,卖盘
2148,10:21:45,5.56,--,304,169024,卖盘
2149,10:21:40,5.56,-0.01,54,30023,卖盘
2150,10:21:34,5.57,0.01,41,22837,买盘
2151,10:21:30,5.56,-0.01,1144,636064,卖盘
2152,10:21:25,5.57,--,168,93576,买盘
2153,10:21:19,5.57,--,490,272930,买盘
2154,10:21:15,5.57,--,88,49016,买盘
2155,10:21:10,5.57,--,598,333086,买盘
2156,10:21:04,5.57,0.01,14,7798,买盘
2157,10:21:00,5.56,--,104,57823,卖盘
2158,10:20:55,5.56,-0.01,222,123431,卖盘
2159,10:20:49,5.57,0.01,210,116970,买盘
2160,10:20:45,5.56,-0.01,157,87292,卖盘
2161,10:20:40,5.57,0.01,199,110843,买盘
2162,10:20:34,5.56,-0.01,44,24464,卖盘
2163,10:20:25,5.57,0.01,1066,593762,买盘
2164,10:20:19,5.56,-0.01,189,105083,卖盘
2165,10:20:15,5.57,0.01,30,16710,买盘
2166,10:20:10,5.56,-0.01,154,85624,卖盘
2167,10:20:04,5.57,--,309,172113,买盘
2168,10:20:00,5.57,0.01,60,33420,买盘
2169,10:19:55,5.56,-0.01,368,204608,卖盘
2170,10:19:49,5.57,0.01,6,3342,买盘
2171,10:19:45,5.56,--,149,82844,卖盘
2172,10:19:40,5.56,-0.01,130,72280,卖盘
2173,10:19:34,5.57,--,187,104159,买盘
2174,10:19:30,5.57,--,196,109172,买盘
2175,10:19:25,5.57,--,70,38990,买盘
2176,10:19:19,5.57,--,1287,716859,买盘
2177,10:19:15,5.57,0.01,52,28964,买盘
2178,10:19:10,5.56,--,203,112867,卖盘
2179,10:19:04,5.56,-0.01,597,332376,卖盘
2180,10:19:00,5.57,0.01,57,31749,买盘
2181,10:18:55,5.56,--,52,28911,卖盘
2182,10:18:49,5.56,-0.01,60,33360,卖盘
2183,10:18:45,5.57,0.01,491,273487,买盘
2184,10:18:40,5.56,-0.01,263,146228,卖盘
2185,10:18:34,5.57,0.01,1159,645563,买盘
2186,10:18:30,5.56,-0.01,1,556,卖盘
2187,10:18:25,5.57,--,984,548088,买盘
2188,10:18:19,5.57,--,180,100260,买盘
2189,10:18:15,5.57,--,4478,2494457,卖盘
2190,10:18:10,5.57,--,489,272373,卖盘
2191,10:18:04,5.57,--,64,35648,卖盘
2192,10:18:00,5.57,--,232,129224,卖盘
2193,10:17:55,5.57,--,291,162087,卖盘
2194,10:17:49,5.57,--,55,30635,卖盘
2195,10:17:45,5.57,--,62,34534,卖盘
2196,10:17:40,5.57,-0.01,1063,592091,卖盘
2197,10:17:34,5.58,0.01,452,252216,买盘
2198,10:17:30,5.57,-0.01,62,34534,卖盘
2199,10:17:25,5.58,0.01,196,109368,买盘
2200,10:17:19,5.57,-0.01,1060,590420,卖盘
2201,10:17:15,5.58,0.01,254,141732,买盘
2202,10:17:09,5.57,-0.01,72,40104,卖盘
2203,10:17:04,5.58,--,275,153450,买盘
2204,10:17:00,5.58,--,50,27900,买盘
2205,10:16:55,5.58,--,100,55800,买盘
2206,10:16:49,5.58,0.01,66,36828,买盘
2207,10:16:44,5.57,--,72,40104,卖盘
2208,10:16:39,5.57,-0.01,370,206090,卖盘
2209,10:16:34,5.58,--,2071,1155618,买盘
2210,10:16:29,5.58,--,45,25110,买盘
2211,10:16:25,5.58,--,74,41292,买盘
2212,10:16:19,5.58,0.01,701,391158,买盘
2213,10:16:15,5.57,-0.01,199,110843,卖盘
2214,10:16:10,5.58,--,84,46872,买盘
2215,10:16:04,5.58,0.01,71,39618,买盘
2216,10:15:59,5.57,-0.01,75,41775,卖盘
2217,10:15:54,5.58,0.01,477,266166,买盘
2218,10:15:49,5.57,--,70,38990,卖盘
2219,10:15:44,5.57,--,124,69068,卖盘
2220,10:15:39,5.57,--,334,186038,卖盘
2221,10:15:34,5.57,--,96,53472,卖盘
2222,10:15:28,5.57,-0.01,155,86335,卖盘
2223,10:15:24,5.58,--,109,60822,买盘
2224,10:15:19,5.58,--,359,200322,买盘
2225,10:15:14,5.58,0.01,1308,729864,买盘
2226,10:15:09,5.57,--,517,288409,卖盘
2227,10:15:04,5.57,-0.01,86,47902,卖盘
2228,10:14:58,5.58,0.01,10,5580,买盘
2229,10:14:54,5.57,--,241,134237,卖盘
2230,10:14:49,5.57,--,380,211660,卖盘
2231,10:14:43,5.57,--,45,25065,卖盘
2232,10:14:39,5.57,--,2142,1193556,买盘
2233,10:14:34,5.57,--,798,444486,买盘
2234,10:14:28,5.57,--,152,84664,买盘
2235,10:14:24,5.57,0.01,990,551430,买盘
2236,10:14:19,5.56,--,160,88960,卖盘
2237,10:14:13,5.56,--,160,88960,卖盘
2238,10:14:09,5.56,--,43,23908,卖盘
2239,10:14:04,5.56,-0.01,215,119539,卖盘
2240,10:13:58,5.57,--,265,147605,买盘
2241,10:13:54,5.57,0.01,112,62384,买盘
2242,10:13:49,5.56,-0.01,149,82844,卖盘
2243,10:13:43,5.57,0.01,189,105273,买盘
2244,10:13:39,5.56,--,95,52819,卖盘
2245,10:13:34,5.56,--,460,255759,卖盘
2246,10:13:28,5.56,-0.01,593,329708,卖盘
2247,10:13:24,5.57,--,1255,699035,买盘
2248,10:13:18,5.57,--,1827,1017639,买盘
2249,10:13:13,5.57,--,26,14482,买盘
2250,10:13:09,5.57,0.01,276,153732,买盘
2251,10:13:04,5.56,-0.01,748,415887,卖盘
2252,10:12:58,5.57,0.01,460,256220,买盘
2253,10:12:54,5.56,-0.01,252,140112,卖盘
2254,10:12:49,5.57,0.01,576,320832,买盘
2255,10:12:43,5.56,--,544,302908,卖盘
2256,10:12:39,5.56,-0.01,80,44480,卖盘
2257,10:12:34,5.57,--,233,129781,买盘
2258,10:12:28,5.57,0.01,360,200520,买盘
2259,10:12:24,5.56,--,438,243527,卖盘
2260,10:12:19,5.56,--,80,44480,卖盘
2261,10:12:13,5.56,-0.01,138,76728,卖盘
2262,10:12:09,5.57,0.01,276,153732,买盘
2263,10:12:04,5.56,-0.01,310,172360,卖盘
2264,10:11:58,5.57,0.01,163,90791,买盘
2265,10:11:54,5.56,--,1725,959099,卖盘
2266,10:11:49,5.56,-0.01,129,71724,卖盘
2267,10:11:43,5.57,0.01,215,119755,买盘
2268,10:11:39,5.56,-0.01,16,8896,卖盘
2269,10:11:34,5.57,--,70,38990,买盘
2270,10:11:28,5.57,0.01,233,129781,买盘
2271,10:11:19,5.56,-0.01,438,243527,卖盘
2272,10:11:13,5.57,0.01,151,84107,买盘
2273,10:11:08,5.56,-0.01,30,16680,卖盘
2274,10:11:04,5.57,0.01,383,213331,买盘
2275,10:10:58,5.56,--,170,94520,卖盘
2276,10:10:53,5.56,--,29,16123,卖盘
2277,10:10:49,5.56,--,256,142502,卖盘
2278,10:10:43,5.56,-0.01,135,75060,卖盘
2279,10:10:38,5.57,0.01,589,328073,买盘
2280,10:10:28,5.56,-0.01,153,85068,卖盘
2281,10:10:23,5.57,0.01,935,520795,买盘
2282,10:10:18,5.56,--,56,31135,卖盘
2283,10:10:13,5.56,--,162,90072,卖盘
2284,10:10:03,5.56,-0.01,95,52819,卖盘
2285,10:09:58,5.57,--,681,379317,买盘
2286,10:09:48,5.57,--,37,20609,买盘
2287,10:09:43,5.57,--,210,116970,买盘
2288,10:09:33,5.57,--,200,111400,买盘
2289,10:09:28,5.57,--,375,209136,买盘
2290,10:09:23,5.57,0.01,955,531935,买盘
2291,10:09:18,5.56,-0.01,1692,940751,卖盘
2292,10:09:13,5.57,0.01,83,46231,买盘
2293,10:09:08,5.56,-0.01,171,95076,卖盘
2294,10:09:03,5.57,0.01,171,95247,买盘
2295,10:08:58,5.56,-0.01,40,22240,卖盘
2296,10:08:53,5.57,0.01,112,62384,买盘
2297,10:08:48,5.56,-0.01,245,136220,卖盘
2298,10:08:43,5.57,--,522,290754,买盘
2299,10:08:37,5.57,--,385,214445,买盘
2300,10:08:33,5.57,0.01,187,104159,买盘
2301,10:08:28,5.56,--,594,330797,卖盘
2302,10:08:22,5.56,-0.01,7,4047,卖盘
2303,10:08:13,5.57,0.01,1818,1012626,买盘
2304,10:08:07,5.56,-0.01,2035,1131460,卖盘
2305,10:08:03,5.57,--,909,506313,买盘
2306,10:07:58,5.57,0.01,225,125325,买盘
2307,10:07:52,5.56,-0.01,210,116804,卖盘
2308,10:07:48,5.57,0.01,3401,1894357,买盘
2309,10:07:43,5.56,--,534,296904,卖盘
2310,10:07:37,5.56,-0.01,27,15011,卖盘
2311,10:07:33,5.57,0.01,15,8355,买盘
2312,10:07:28,5.56,-0.01,51,28355,卖盘
2313,10:07:22,5.57,0.01,975,543075,买盘
2314,10:07:18,5.56,-0.01,1439,800084,卖盘
2315,10:07:13,5.57,--,240,133680,买盘
2316,10:07:07,5.57,0.01,95,52915,买盘
2317,10:07:03,5.56,--,395,219936,卖盘
2318,10:06:58,5.56,-0.01,265,147340,卖盘
2319,10:06:52,5.57,0.01,5,2785,买盘
2320,10:06:48,5.56,-0.01,74,41144,卖盘
2321,10:06:42,5.57,--,273,152061,买盘
2322,10:06:37,5.57,--,2112,1176384,买盘
2323,10:06:33,5.57,--,158,88006,买盘
2324,10:06:28,5.57,--,345,192343,买盘
2325,10:06:22,5.57,--,1777,989789,买盘
2326,10:06:18,5.57,0.01,339,188823,买盘
2327,10:06:13,5.56,-0.01,52,28911,卖盘
2328,10:06:03,5.57,--,220,122540,买盘
2329,10:05:58,5.57,--,1224,682247,卖盘
2330,10:05:52,5.57,--,2824,1573480,卖盘
2331,10:05:42,5.57,-0.01,1220,679540,卖盘
2332,10:05:37,5.58,0.01,606,338148,买盘
2333,10:05:33,5.57,--,231,128984,卖盘
2334,10:05:28,5.57,-0.01,913,508541,卖盘
2335,10:05:22,5.58,0.01,593,330894,买盘
2336,10:05:18,5.57,-0.01,2063,1149091,卖盘
2337,10:05:13,5.58,0.01,1305,728190,买盘
2338,10:05:07,5.57,--,547,304679,卖盘
2339,10:05:03,5.57,--,713,397141,卖盘
2340,10:04:58,5.57,-0.01,72,40104,卖盘
2341,10:04:52,5.58,--,233,130014,买盘
2342,10:04:42,5.58,0.01,45,25110,买盘
2343,10:04:37,5.57,--,1,557,卖盘
2344,10:04:32,5.57,--,35,19495,卖盘
2345,10:04:27,5.57,--,69,38433,卖盘
2346,10:04:22,5.57,-0.01,1159,645830,卖盘
2347,10:04:17,5.58,--,35,19530,买盘
2348,10:04:13,5.58,0.01,398,222084,买盘
2349,10:04:07,5.57,-0.01,469,261673,卖盘
2350,10:03:58,5.58,0.01,30,16740,买盘
2351,10:03:52,5.57,--,69,38433,卖盘
2352,10:03:47,5.57,--,450,250650,卖盘
2353,10:03:42,5.57,-0.01,366,203862,卖盘
2354,10:03:37,5.58,0.01,10,5580,买盘
2355,10:03:27,5.57,--,20,11140,卖盘
2356,10:03:22,5.57,-0.01,251,140085,卖盘
2357,10:03:17,5.58,--,448,249984,买盘
2358,10:03:12,5.58,--,205,114390,买盘
2359,10:03:07,5.58,--,65,36270,买盘
2360,10:03:02,5.58,0.01,3,1674,买盘
2361,10:02:57,5.57,-0.01,135,75195,卖盘
2362,10:02:52,5.58,0.01,150,83700,买盘
2363,10:02:47,5.57,-0.01,1,557,卖盘
2364,10:02:42,5.58,--,8,4464,买盘
2365,10:02:37,5.58,0.01,144,80352,买盘
2366,10:02:27,5.57,--,190,105830,卖盘
2367,10:02:22,5.57,-0.01,133,74081,卖盘
2368,10:02:17,5.58,--,16,8928,买盘
2369,10:02:12,5.58,--,388,216504,买盘
2370,10:02:07,5.58,0.01,29,16182,买盘
2371,10:01:57,5.57,-0.01,10,5570,卖盘
2372,10:01:52,5.58,0.01,188,104904,买盘
2373,10:01:47,5.57,--,20,11140,卖盘
2374,10:01:42,5.57,--,17,9469,卖盘
2375,10:01:37,5.57,--,343,191218,卖盘
2376,10:01:31,5.57,0.01,3,1994,买盘
2377,10:01:27,5.56,-0.01,1016,564896,卖盘
2378,10:01:22,5.57,--,561,312477,买盘
2379,10:01:12,5.57,--,47,26179,买盘
2380,10:01:07,5.57,0.01,28,15596,买盘
2381,10:00:57,5.56,-0.01,210,116759,卖盘
2382,10:00:52,5.57,--,94,52358,买盘
2383,10:00:46,5.57,--,20,11140,买盘
2384,10:00:42,5.57,--,128,71296,买盘
2385,10:00:37,5.57,--,59,32863,买盘
2386,10:00:31,5.57,--,2,1114,买盘
2387,10:00:27,5.57,--,214,119198,买盘
2388,10:00:22,5.57,--,181,100828,卖盘
2389,10:00:16,5.57,--,417,232269,卖盘
2390,10:00:12,5.57,-0.01,89,49573,卖盘
2391,10:00:07,5.58,--,15,8370,买盘
2392,10:00:01,5.58,0.01,164,91512,买盘
2393,09:59:52,5.57,-0.01,727,404939,卖盘
2394,09:59:46,5.58,0.01,21,11718,买盘
2395,09:59:41,5.57,--,201,111957,卖盘
2396,09:59:37,5.57,--,2,1114,卖盘
2397,09:59:31,5.57,--,509,283953,卖盘
2398,09:59:27,5.57,-0.01,4,2484,卖盘
2399,09:59:22,5.58,--,693,386694,买盘
2400,09:59:16,5.58,0.01,41,22878,买盘
2401,09:59:12,5.57,--,60,33420,卖盘
2402,09:59:07,5.57,-0.01,99,55143,卖盘
2403,09:59:01,5.58,0.01,30,16740,买盘
2404,09:58:57,5.57,--,2000,1114000,卖盘
2405,09:58:52,5.57,-0.01,384,213888,卖盘
2406,09:58:46,5.58,--,115,64170,买盘
2407,09:58:42,5.58,0.01,30,16740,买盘
2408,09:58:37,5.57,-0.01,108,60156,卖盘
2409,09:58:27,5.58,0.01,93,51894,买盘
2410,09:58:21,5.57,--,638,355366,卖盘
2411,09:58:16,5.57,-0.01,25,13925,卖盘
2412,09:58:11,5.58,--,15,8370,买盘
2413,09:58:07,5.58,--,20,11160,买盘
2414,09:58:01,5.58,--,176,98208,买盘
2415,09:57:52,5.58,0.01,36,20088,买盘
2416,09:57:46,5.57,-0.01,205,114185,卖盘
2417,09:57:36,5.58,0.01,160,89280,买盘
2418,09:57:31,5.57,-0.01,184,102488,卖盘
2419,09:57:26,5.58,0.01,180,100440,买盘
2420,09:57:21,5.57,-0.01,78,43446,卖盘
2421,09:57:16,5.58,--,1968,1098144,买盘
2422,09:57:11,5.58,0.01,30,16740,买盘
2423,09:57:06,5.57,--,12,6684,卖盘
2424,09:57:01,5.57,-0.01,42,23394,卖盘
2425,09:56:56,5.58,0.01,146,81468,买盘
2426,09:56:51,5.57,--,600,334200,卖盘
2427,09:56:46,5.57,--,93,51801,卖盘
2428,09:56:41,5.57,--,151,84107,卖盘
2429,09:56:36,5.57,-0.01,117,65169,卖盘
2430,09:56:31,5.58,--,30,16740,买盘
2431,09:56:26,5.58,--,164,91512,买盘
2432,09:56:21,5.58,--,75,41850,买盘
2433,09:56:16,5.58,--,703,392274,买盘
2434,09:56:06,5.58,0.01,30,16740,买盘
2435,09:55:51,5.57,--,35,19495,卖盘
2436,09:55:46,5.57,0.01,7847,4371185,买盘
2437,09:55:41,5.56,-0.01,93,51708,卖盘
2438,09:55:36,5.57,--,452,251764,买盘
2439,09:55:31,5.57,--,77,42889,买盘
2440,09:55:26,5.57,--,21,11697,买盘
2441,09:55:21,5.57,--,1008,561456,买盘
2442,09:55:16,5.57,--,17,9469,买盘
2443,09:55:11,5.57,--,53,29521,买盘
2444,09:55:06,5.57,--,1202,669514,买盘
2445,09:55:01,5.57,0.01,43,23951,买盘
2446,09:54:56,5.56,-0.01,140,77840,卖盘
2447,09:54:46,5.57,0.01,261,145377,买盘
2448,09:54:36,5.56,-0.01,217,120651,卖盘
2449,09:54:31,5.57,0.01,116,64612,买盘
2450,09:54:25,5.56,-0.01,35,19460,卖盘
2451,09:54:21,5.57,0.02,1293,720201,买盘
2452,09:54:16,5.55,-0.01,378,209790,卖盘
2453,09:54:10,5.56,--,55,30579,买盘
2454,09:54:06,5.56,--,329,182924,买盘
2455,09:54:01,5.56,0.01,445,247419,买盘
2456,09:53:55,5.55,-0.01,84,46620,卖盘
2457,09:53:51,5.56,--,61,33916,买盘
2458,09:53:46,5.56,--,36,20016,买盘
2459,09:53:40,5.56,-0.01,116,64495,买盘
2460,09:53:36,5.57,--,79,44003,买盘
2461,09:53:31,5.57,--,781,435234,买盘
2462,09:53:25,5.57,0.01,46,25622,买盘
2463,09:53:21,5.56,--,3346,1860375,卖盘
2464,09:53:16,5.56,-0.01,128,71168,卖盘
2465,09:53:10,5.57,0.01,633,352915,买盘
2466,09:53:06,5.56,--,80,44480,卖盘
2467,09:53:01,5.56,0.01,757,420897,买盘
2468,09:52:55,5.55,--,13,7215,卖盘
2469,09:52:51,5.55,-0.01,17,9435,卖盘
2470,09:52:46,5.56,0.01,97,53931,买盘
2471,09:52:40,5.55,--,154,85470,卖盘
2472,09:52:35,5.55,-0.01,637,353535,卖盘
2473,09:52:31,5.56,--,369,205164,买盘
2474,09:52:25,5.56,0.01,4709,2618204,买盘
2475,09:52:20,5.55,--,1676,930180,卖盘
2476,09:52:16,5.55,--,239,132645,卖盘
2477,09:52:10,5.55,-0.01,1408,781456,卖盘
2478,09:52:05,5.56,0.01,326,181256,买盘
2479,09:52:00,5.55,--,673,373515,卖盘
2480,09:51:55,5.55,--,1716,952380,卖盘
2481,09:51:50,5.55,--,80,44400,卖盘
2482,09:51:46,5.55,--,1975,1096125,卖盘
2483,09:51:40,5.55,--,274,152070,卖盘
2484,09:51:35,5.55,--,102,56610,卖盘
2485,09:51:30,5.55,--,458,254634,卖盘
2486,09:51:25,5.55,--,5828,3234540,卖盘
2487,09:51:20,5.55,--,184,102120,卖盘
2488,09:51:15,5.55,-0.01,2451,1360305,卖盘
2489,09:51:10,5.56,--,522,290232,买盘
2490,09:51:05,5.56,--,40,22240,买盘
2491,09:51:00,5.56,--,2472,1374982,卖盘
2492,09:50:55,5.56,-0.01,1520,845119,卖盘
2493,09:50:50,5.57,--,2889,1609173,买盘
2494,09:50:45,5.57,--,1130,629410,买盘
2495,09:50:40,5.57,0.01,529,294653,买盘
2496,09:50:35,5.56,--,176,97856,卖盘
2497,09:50:30,5.56,--,237,131772,卖盘
2498,09:50:25,5.56,-0.01,362,201272,卖盘
2499,09:50:20,5.57,0.01,1530,852210,买盘
2500,09:50:15,5.56,-0.01,1267,704835,卖盘
2501,09:50:10,5.57,0.01,852,474564,买盘
2502,09:50:05,5.56,-0.01,13,7227,卖盘
2503,09:50:00,5.57,0.01,594,330858,买盘
2504,09:49:55,5.56,--,1489,827884,卖盘
2505,09:49:50,5.56,--,105,58379,卖盘
2506,09:49:45,5.56,-0.01,1189,661167,卖盘
2507,09:49:40,5.57,0.01,629,350353,买盘
2508,09:49:35,5.56,--,766,425895,卖盘
2509,09:49:29,5.56,--,1128,627262,卖盘
2510,09:49:25,5.56,-0.01,465,258539,卖盘
2511,09:49:20,5.57,0.01,4360,2428520,买盘
2512,09:49:15,5.56,--,86,47816,卖盘
2513,09:49:10,5.56,-0.01,151,83956,卖盘
2514,09:49:05,5.57,--,45,25065,买盘
2515,09:49:00,5.57,--,94,52358,买盘
2516,09:48:55,5.57,--,535,297995,买盘
2517,09:48:50,5.57,--,343,191051,买盘
2518,09:48:45,5.57,--,443,246751,买盘
2519,09:48:40,5.57,--,2465,1373005,买盘
2520,09:48:35,5.57,--,87,48459,卖盘
2521,09:48:30,5.57,0.01,1823,1015411,中性盘
2522,09:48:25,5.56,-0.01,9586,5329816,卖盘
2523,09:48:20,5.57,0.01,36,20052,买盘
2524,09:48:15,5.56,--,381,211835,卖盘
2525,09:48:10,5.56,0.01,293,162908,卖盘
2526,09:48:05,5.55,-0.01,5201,2886555,卖盘
2527,09:48:00,5.56,-0.01,1808,1005247,卖盘
2528,09:47:55,5.57,0.01,698,388786,买盘
2529,09:47:50,5.56,--,259,144004,卖盘
2530,09:47:45,5.56,--,770,428119,卖盘
2531,09:47:40,5.56,--,168,93408,卖盘
2532,09:47:35,5.56,--,36,20016,卖盘
2533,09:47:30,5.56,0.01,40,22240,买盘
2534,09:47:25,5.55,--,220,122100,卖盘
2535,09:47:20,5.55,-0.02,383,212565,卖盘
2536,09:47:15,5.57,0.02,755,420535,买盘
2537,09:47:10,5.55,--,323,179265,买盘
2538,09:47:04,5.55,--,206,114330,买盘
2539,09:47:00,5.55,-0.03,49574,27513570,卖盘
2540,09:46:55,5.58,--,970,541260,买盘
2541,09:46:49,5.58,--,10,5580,买盘
2542,09:46:45,5.58,0.01,34,18972,买盘
2543,09:46:40,5.57,-0.01,118,65726,卖盘
2544,09:46:34,5.58,--,87,48546,买盘
2545,09:46:30,5.58,--,12240,6829947,卖盘
2546,09:46:25,5.58,--,381,212598,卖盘
2547,09:46:19,5.58,--,94,52452,卖盘
2548,09:46:15,5.58,--,505,281790,卖盘
2549,09:46:10,5.58,-0.01,584,325872,卖盘
2550,09:46:04,5.59,--,43,24037,买盘
2551,09:46:00,5.59,0.01,284,158756,买盘
2552,09:45:54,5.58,--,357,199206,卖盘
2553,09:45:49,5.58,--,459,256122,卖盘
2554,09:45:44,5.58,--,26,14508,卖盘
2555,09:45:39,5.58,--,1429,797382,卖盘
2556,09:45:34,5.58,--,65,36270,卖盘
2557,09:45:29,5.58,--,657,366606,卖盘
2558,09:45:24,5.58,--,242,135036,卖盘
2559,09:45:19,5.58,-0.01,98,54684,卖盘
2560,09:45:15,5.59,0.01,57,31863,买盘
2561,09:45:09,5.58,--,160,89280,卖盘
2562,09:45:04,5.58,-0.01,20,11160,卖盘
2563,09:44:59,5.59,--,90,50310,买盘
2564,09:44:54,5.59,0.01,109,60931,买盘
2565,09:44:49,5.58,-0.01,82,45756,卖盘
2566,09:44:44,5.59,0.01,113,63167,买盘
2567,09:44:39,5.58,-0.01,43,23994,卖盘
2568,09:44:34,5.59,--,103,57577,买盘
2569,09:44:24,5.59,--,127,70993,买盘
2570,09:44:19,5.59,--,415,232325,卖盘
2571,09:44:14,5.59,--,107,59813,卖盘
2572,09:44:09,5.59,--,6148,3436782,卖盘
2573,09:44:04,5.59,--,1053,588627,卖盘
2574,09:43:59,5.59,--,34,19006,卖盘
2575,09:43:54,5.59,--,1450,810605,卖盘
2576,09:43:49,5.59,--,30,16770,卖盘
2577,09:43:44,5.59,--,450,251550,卖盘
2578,09:43:39,5.59,--,220,122980,卖盘
2579,09:43:34,5.59,--,2043,1142092,卖盘
2580,09:43:29,5.59,--,244,136396,卖盘
2581,09:43:24,5.59,--,914,510926,卖盘
2582,09:43:19,5.59,--,324,181116,卖盘
2583,09:43:09,5.59,--,92,51428,卖盘
2584,09:43:04,5.59,-0.01,337,188383,卖盘
2585,09:42:59,5.6,0.01,81,45360,买盘
2586,09:42:54,5.59,--,260,145340,卖盘
2587,09:42:49,5.59,--,147,82173,卖盘
2588,09:42:44,5.59,--,109,60931,卖盘
2589,09:42:39,5.59,-0.01,631,352729,卖盘
2590,09:42:34,5.6,--,233,130479,买盘
2591,09:42:29,5.6,--,50,28000,买盘
2592,09:42:24,5.6,--,268,150080,买盘
2593,09:42:19,5.6,--,245,137200,买盘
2594,09:42:14,5.6,--,54,30239,买盘
2595,09:42:09,5.6,0.01,106,59359,买盘
2596,09:42:04,5.59,--,629,351611,卖盘
2597,09:41:59,5.59,--,231,129129,卖盘
2598,09:41:54,5.59,-0.01,836,467324,卖盘
2599,09:41:49,5.6,0.01,1740,974399,买盘
2600,09:41:44,5.59,--,160,89440,卖盘
2601,09:41:39,5.59,--,429,239811,卖盘
2602,09:41:34,5.59,--,35,19620,卖盘
2603,09:41:29,5.59,--,9,5031,卖盘
2604,09:41:24,5.59,--,1869,1044771,买盘
2605,09:41:19,5.59,--,61,34099,买盘
2606,09:41:14,5.59,--,109,60931,买盘
2607,09:41:09,5.59,--,274,153233,买盘
2608,09:41:04,5.59,-0.01,229,128558,卖盘
2609,09:40:59,5.6,--,1127,631120,买盘
2610,09:40:54,5.6,0.01,424,237451,买盘
2611,09:40:49,5.59,-0.01,312,174955,卖盘
2612,09:40:44,5.6,0.01,409,229040,买盘
2613,09:40:39,5.59,--,45,25277,卖盘
2614,09:40:34,5.59,--,71,39744,卖盘
2615,09:40:28,5.59,-0.01,25,13975,卖盘
2616,09:40:24,5.6,--,1675,937999,买盘
2617,09:40:19,5.6,0.01,669,374640,买盘
2618,09:40:13,5.59,--,17,9503,卖盘
2619,09:40:09,5.59,--,392,219183,卖盘
2620,09:40:04,5.59,--,120,67080,卖盘
2621,09:39:54,5.59,-0.01,332,185588,卖盘
2622,09:39:49,5.6,--,240,134400,买盘
2623,09:39:43,5.6,--,35,19600,买盘
2624,09:39:38,5.6,--,199,111440,买盘
2625,09:39:34,5.6,--,520,291200,买盘
2626,09:39:28,5.6,0.01,711,398160,买盘
2627,09:39:24,5.59,--,51,28509,卖盘
2628,09:39:18,5.59,--,805,450330,卖盘
2629,09:39:13,5.59,--,99,55341,卖盘
2630,09:39:08,5.59,--,234,130806,卖盘
2631,09:39:03,5.59,--,673,376207,买盘
2632,09:38:58,5.59,--,1566,875394,买盘
2633,09:38:53,5.59,0.01,1199,670241,买盘
2634,09:38:49,5.58,-0.01,255,142290,卖盘
2635,09:38:43,5.59,--,153,85527,买盘
2636,09:38:38,5.59,--,1450,810991,买盘
2637,09:38:32,5.59,--,405,226428,买盘
2638,09:38:28,5.59,--,246,137514,买盘
2639,09:38:23,5.59,--,121,67639,买盘
2640,09:38:17,5.59,--,230,128570,卖盘
2641,09:38:13,5.59,--,195,109005,卖盘
2642,09:38:08,5.59,--,2029,1134674,买盘
2643,09:38:02,5.59,--,63,35217,买盘
2644,09:37:58,5.59,--,1406,786037,卖盘
2645,09:37:53,5.59,--,21,11766,卖盘
2646,09:37:47,5.59,--,12184,6811303,买盘
2647,09:37:43,5.59,0.01,115,64285,买盘
2648,09:37:38,5.58,-0.02,10086,5627988,卖盘
2649,09:37:32,5.6,0.01,243,136108,买盘
2650,09:37:28,5.59,--,1303,728377,卖盘
2651,09:37:23,5.59,-0.01,1240,693160,卖盘
2652,09:37:17,5.6,--,158,88508,买盘
2653,09:37:13,5.6,0.01,227,127119,买盘
2654,09:37:08,5.59,-0.01,284,158756,卖盘
2655,09:37:02,5.6,0.01,187,104748,买盘
2656,09:36:58,5.59,-0.01,125,69875,卖盘
2657,09:36:53,5.6,--,318,178080,买盘
2658,09:36:47,5.6,--,1730,968799,买盘
2659,09:36:43,5.6,0.01,308,172480,买盘
2660,09:36:38,5.59,-0.01,12,6708,卖盘
2661,09:36:32,5.6,--,383,214480,买盘
2662,09:36:28,5.6,0.01,504,282240,买盘
2663,09:36:23,5.59,--,280,156520,卖盘
2664,09:36:17,5.59,--,277,154843,卖盘
2665,09:36:13,5.59,--,518,289562,卖盘
2666,09:36:08,5.59,--,43,24064,卖盘
2667,09:36:02,5.59,--,510,285090,卖盘
2668,09:35:58,5.59,-0.01,1146,640614,卖盘
2669,09:35:53,5.6,0.01,21,11760,买盘
2670,09:35:47,5.59,--,20,11180,卖盘
2671,09:35:43,5.59,--,48,26832,卖盘
2672,09:35:38,5.59,--,158,88322,卖盘
2673,09:35:32,5.59,--,77,43043,卖盘
2674,09:35:28,5.59,--,169,94471,卖盘
2675,09:35:23,5.59,-0.01,110,61490,卖盘
2676,09:35:17,5.6,--,519,290640,买盘
2677,09:35:13,5.6,0.01,823,461327,买盘
2678,09:35:08,5.59,--,138,77142,卖盘
2679,09:35:02,5.59,-0.01,906,506454,卖盘
2680,09:34:58,5.6,--,346,193760,买盘
2681,09:34:53,5.6,0.01,36,20160,买盘
2682,09:34:47,5.59,-0.01,989,552851,卖盘
2683,09:34:43,5.6,0.01,376,210560,买盘
2684,09:34:38,5.59,-0.01,18,10062,卖盘
2685,09:34:32,5.6,0.01,67,37520,买盘
2686,09:34:28,5.59,--,85,47515,卖盘
2687,09:34:23,5.59,-0.01,148,82732,卖盘
2688,09:34:17,5.6,--,436,244159,买盘
2689,09:34:13,5.6,--,299,167440,买盘
2690,09:34:08,5.6,0.01,687,384720,买盘
2691,09:34:02,5.59,-0.01,296,165464,卖盘
2692,09:33:58,5.6,--,273,152880,买盘
2693,09:33:53,5.6,--,50,28000,买盘
2694,09:33:47,5.6,0.01,41,22960,买盘
2695,09:33:43,5.59,-0.01,713,398567,卖盘
2696,09:33:38,5.6,--,831,465359,买盘
2697,09:33:32,5.6,0.01,79,44240,买盘
2698,09:33:28,5.59,--,2622,1465698,卖盘
2699,09:33:23,5.59,-0.01,10,5590,卖盘
2700,09:33:17,5.6,0.01,784,439040,买盘
2701,09:33:13,5.59,--,194,108446,卖盘
2702,09:33:07,5.59,--,40,22360,卖盘
2703,09:33:02,5.59,--,406,226954,卖盘
2704,09:32:57,5.59,--,310,173290,卖盘
2705,09:32:52,5.59,0.01,14,7826,中性盘
2706,09:32:47,5.58,--,4970,2773260,卖盘
2707,09:32:42,5.58,--,894,498852,卖盘
2708,09:32:37,5.58,--,1033,576414,卖盘
2709,09:32:32,5.58,-0.01,689,384462,卖盘
2710,09:32:27,5.59,--,1172,655148,买盘
2711,09:32:22,5.59,0.01,175,97825,买盘
2712,09:32:17,5.58,--,332,185256,卖盘
2713,09:32:12,5.58,--,367,204786,卖盘
2714,09:32:07,5.58,-0.01,82,45756,卖盘
2715,09:32:02,5.59,--,362,202358,买盘
2716,09:31:57,5.59,--,224,125216,买盘
2717,09:31:52,5.59,--,216,120744,买盘
2718,09:31:47,5.59,--,870,486413,买盘
2719,09:31:42,5.59,--,655,366145,买盘
2720,09:31:37,5.59,--,90,50310,买盘
2721,09:31:32,5.59,0.01,612,342108,买盘
2722,09:31:27,5.58,-0.01,641,357678,卖盘
2723,09:31:22,5.59,--,144,80496,买盘
2724,09:31:17,5.59,--,595,333096,卖盘
2725,09:31:11,5.59,--,1707,954380,卖盘
2726,09:31:07,5.59,--,766,428277,卖盘
2727,09:31:02,5.59,--,1327,741876,卖盘
2728,09:30:56,5.59,--,3137,1753583,卖盘
2729,09:30:52,5.59,--,3041,1700002,卖盘
2730,09:30:47,5.59,--,155,86728,卖盘
2731,09:30:41,5.59,--,2158,1206322,卖盘
2732,09:30:36,5.59,--,334,186706,卖盘
2733,09:30:32,5.59,--,90,50310,卖盘
2734,09:30:26,5.59,-0.01,486,271674,卖盘
2735,09:30:22,5.6,0.01,486,272160,买盘
2736,09:30:17,5.59,-0.01,6,3354,卖盘
2737,09:30:11,5.6,0.01,352,197120,买盘
2738,09:30:07,5.59,--,5171,2890711,买盘
2739,09:28:50,5.59,--,0,0,买盘
2740,09:25:05,5.59,5.59,13437,7511283,买盘
