,time,price,change,volume,amount,type
0,15:00:00,11.25,--,0,0,卖盘
1,15:00:00,11.25,--,325,365625,卖盘
2,14:59:58,11.25,--,61,68625,卖盘
3,14:59:52,11.25,--,110,123750,卖盘
4,14:59:47,11.25,-0.01,148,166500,卖盘
5,14:59:43,11.26,0.01,707,796082,买盘
6,14:59:37,11.25,-0.01,5,5625,卖盘
7,14:59:32,11.26,0.01,42,47292,买盘
8,14:59:28,11.25,--,130,146250,卖盘
9,14:59:22,11.25,--,13,14625,卖盘
10,14:59:17,11.25,--,360,405180,买盘
11,14:59:13,11.25,--,49,55642,买盘
12,14:59:07,11.25,--,75,84375,买盘
13,14:59:02,11.25,--,819,921375,买盘
14,14:58:57,11.25,--,38,42750,买盘
15,14:58:52,11.25,--,63,70875,买盘
16,14:58:47,11.25,--,190,213930,买盘
17,14:58:42,11.25,--,107,120611,卖盘
18,14:58:37,11.25,--,13,14625,卖盘
19,14:58:32,11.25,--,102,115638,买盘
20,14:58:27,11.25,0.01,254,285750,买盘
21,14:58:22,11.24,--,4,4496,卖盘
22,14:58:17,11.24,-0.01,1067,1199308,卖盘
23,14:58:12,11.25,0.01,5,5625,买盘
24,14:58:07,11.24,--,15,16860,卖盘
25,14:58:02,11.24,--,59,66316,卖盘
26,14:57:57,11.24,--,125,140500,买盘
27,14:57:52,11.24,0.01,53,59572,买盘
28,14:57:47,11.23,--,173,194279,卖盘
29,14:57:42,11.23,-0.02,892,1001716,卖盘
30,14:57:37,11.25,--,73,82125,买盘
31,14:57:32,11.25,0.01,334,375750,买盘
32,14:57:27,11.24,-0.01,296,332704,卖盘
33,14:57:17,11.25,0.01,26,29250,买盘
34,14:57:12,11.24,-0.01,37,41588,卖盘
35,14:57:07,11.25,--,304,342000,买盘
36,14:57:02,11.25,0.01,58,65250,买盘
37,14:56:57,11.24,--,199,223676,买盘
38,14:56:52,11.24,--,10,11240,买盘
39,14:56:47,11.24,--,405,455220,买盘
40,14:56:42,11.24,-0.01,1633,1835964,卖盘
41,14:56:37,11.25,0.01,266,299250,买盘
42,14:56:32,11.24,-0.01,80,89920,卖盘
43,14:56:27,11.25,0.01,731,822375,买盘
44,14:56:22,11.24,--,3,3372,卖盘
45,14:56:17,11.24,-0.01,69,77556,卖盘
46,14:56:12,11.25,0.01,1159,1303875,买盘
47,14:56:07,11.24,--,236,265264,卖盘
48,14:56:02,11.24,--,248,278752,卖盘
49,14:55:57,11.24,--,6,6744,卖盘
50,14:55:52,11.24,--,350,393400,卖盘
51,14:55:47,11.24,--,54,60696,卖盘
52,14:55:42,11.24,--,35,39340,卖盘
53,14:55:37,11.24,-0.01,31,35428,卖盘
54,14:55:32,11.25,0.01,63,71460,买盘
55,14:55:27,11.24,-0.01,24,26976,卖盘
56,14:55:22,11.25,0.01,219,246960,买盘
57,14:55:17,11.24,--,22,24728,卖盘
58,14:55:12,11.24,--,96,107904,卖盘
59,14:55:07,11.24,--,26,29224,卖盘
60,14:55:02,11.24,-0.01,10,11240,卖盘
61,14:54:57,11.25,0.01,104,117000,买盘
62,14:54:52,11.24,--,16,17984,卖盘
63,14:54:47,11.24,--,123,138252,卖盘
64,14:54:42,11.24,-0.01,71,79804,卖盘
65,14:54:32,11.25,0.01,24,27000,买盘
66,14:54:27,11.24,--,321,360804,卖盘
67,14:54:17,11.24,--,21,23604,卖盘
68,14:54:12,11.24,--,46,51715,卖盘
69,14:54:07,11.24,-0.01,12,13488,卖盘
70,14:54:02,11.25,0.01,67,75375,买盘
71,14:53:57,11.24,--,67,75308,卖盘
72,14:53:42,11.24,--,5,5620,卖盘
73,14:53:37,11.24,--,15,16860,卖盘
74,14:53:32,11.24,--,174,195576,卖盘
75,14:53:27,11.24,--,96,107904,卖盘
76,14:53:22,11.24,--,45,50591,买盘
77,14:53:17,11.24,--,10,11240,买盘
78,14:53:12,11.24,--,10,11240,买盘
79,14:53:07,11.24,--,523,587852,卖盘
80,14:53:01,11.24,--,2,2248,卖盘
81,14:52:57,11.24,--,672,755328,卖盘
82,14:52:52,11.24,-0.01,4,4496,卖盘
83,14:52:42,11.25,0.01,16,18000,买盘
84,14:52:37,11.24,-0.01,4,4496,卖盘
85,14:52:31,11.25,0.01,52,58500,买盘
86,14:52:27,11.24,-0.01,10,11240,卖盘
87,14:52:21,11.25,--,215,241875,买盘
88,14:52:16,11.25,--,55,61875,买盘
89,14:52:12,11.25,--,23,25875,买盘
90,14:52:07,11.25,--,19,21375,买盘
91,14:52:01,11.25,--,6,6750,卖盘
92,14:51:56,11.25,--,36,40500,买盘
93,14:51:51,11.25,--,10,11250,买盘
94,14:51:46,11.25,--,178,200250,卖盘
95,14:51:41,11.25,--,31,34875,卖盘
96,14:51:36,11.25,--,76,85500,卖盘
97,14:51:31,11.25,-0.01,15,16875,卖盘
98,14:51:26,11.26,0.01,129,145254,买盘
99,14:51:21,11.25,-0.01,33,37125,卖盘
100,14:51:16,11.26,0.01,50,56300,买盘
101,14:51:11,11.25,--,81,91125,买盘
102,14:51:06,11.25,--,17,19125,卖盘
103,14:51:00,11.25,--,256,288000,卖盘
104,14:50:56,11.25,0.01,98,110250,买盘
105,14:50:51,11.24,--,105,118020,买盘
106,14:50:46,11.24,--,15,16860,买盘
107,14:50:41,11.24,--,119,133756,买盘
108,14:50:36,11.24,-0.01,105,118020,卖盘
109,14:50:31,11.25,--,731,822375,买盘
110,14:50:26,11.25,0.01,34,38250,买盘
111,14:50:20,11.24,-0.01,23,25852,卖盘
112,14:50:16,11.25,--,155,174375,买盘
113,14:50:06,11.25,0.02,210,236250,买盘
114,14:49:56,11.23,--,0,0,卖盘
115,14:49:50,11.23,-0.01,152,170696,卖盘
116,14:49:41,11.24,--,1,1124,卖盘
117,14:49:35,11.24,--,20,22480,卖盘
118,14:49:31,11.24,0.01,6,6744,卖盘
119,14:49:26,11.23,--,52,58620,买盘
120,14:49:21,11.23,-0.02,51,58171,卖盘
121,14:49:16,11.25,0.02,2068,2326500,买盘
122,14:49:11,11.23,-0.01,40,44920,卖盘
123,14:48:41,11.24,0.01,57,64068,买盘
124,14:48:36,11.23,--,100,112300,卖盘
125,14:48:30,11.23,-0.01,3,3369,卖盘
126,14:48:26,11.24,--,9,10116,买盘
127,14:48:21,11.24,0.01,10,11240,买盘
128,14:48:16,11.23,--,312,350376,卖盘
129,14:48:11,11.23,--,10,11230,卖盘
130,14:48:06,11.23,-0.01,6,6738,卖盘
131,14:48:01,11.24,0.01,1,1124,买盘
132,14:47:56,11.23,-0.01,12,13476,卖盘
133,14:47:51,11.24,--,113,127012,买盘
134,14:47:46,11.24,0.01,51,57324,买盘
135,14:47:41,11.23,-0.01,71,79733,卖盘
136,14:47:26,11.24,--,148,166352,买盘
137,14:47:20,11.24,0.01,253,284372,买盘
138,14:47:16,11.23,-0.01,10,11230,卖盘
139,14:47:11,11.24,0.01,33,37092,买盘
140,14:47:05,11.23,-0.01,100,112300,卖盘
141,14:47:01,11.24,0.01,30,33720,买盘
142,14:46:56,11.23,-0.01,12,13476,卖盘
143,14:46:50,11.24,--,38,42712,买盘
144,14:46:41,11.24,0.01,20,22480,买盘
145,14:46:35,11.23,-0.01,256,287488,卖盘
146,14:46:31,11.24,0.01,1,1124,买盘
147,14:46:26,11.23,-0.01,5,5615,卖盘
148,14:46:20,11.24,--,15,16860,买盘
149,14:46:16,11.24,0.01,28,31472,买盘
150,14:46:10,11.23,--,143,160589,卖盘
151,14:46:05,11.23,--,15,16845,卖盘
152,14:46:01,11.23,--,1,1123,卖盘
153,14:45:55,11.23,-0.01,10,11230,卖盘
154,14:45:50,11.24,0.01,64,71936,买盘
155,14:45:41,11.23,--,26,29198,卖盘
156,14:45:35,11.23,-0.01,15,16845,卖盘
157,14:45:30,11.24,0.01,98,110152,买盘
158,14:45:25,11.23,--,57,64011,卖盘
159,14:45:20,11.23,--,100,112300,卖盘
160,14:45:16,11.23,--,50,56150,卖盘
161,14:45:05,11.23,-0.01,58,65134,卖盘
162,14:45:00,11.24,0.01,21,23604,买盘
163,14:44:55,11.23,-0.01,50,56374,卖盘
164,14:44:50,11.24,--,39,43836,买盘
165,14:44:44,11.24,0.01,37,41588,买盘
166,14:44:29,11.23,--,185,207755,卖盘
167,14:44:20,11.23,-0.01,55,61765,卖盘
168,14:44:14,11.24,0.01,20,22480,买盘
169,14:44:05,11.23,--,183,205509,买盘
170,14:43:59,11.23,--,45,50535,买盘
171,14:43:55,11.23,--,21,23583,买盘
172,14:43:50,11.23,--,115,129145,买盘
173,14:43:44,11.23,--,162,181926,买盘
174,14:43:40,11.23,0.01,10,11230,买盘
175,14:43:35,11.22,--,24,26928,卖盘
176,14:43:29,11.22,--,147,164934,卖盘
177,14:43:25,11.22,0.01,443,497046,买盘
178,14:43:20,11.21,-0.01,151,169271,卖盘
179,14:43:14,11.22,0.01,640,718080,买盘
180,14:43:10,11.21,-0.01,74,82954,卖盘
181,14:42:59,11.22,0.01,2,2244,买盘
182,14:42:50,11.21,--,7,7847,卖盘
183,14:42:44,11.21,--,9,10089,卖盘
184,14:42:40,11.21,-0.01,30,33630,卖盘
185,14:42:35,11.22,0.01,85,95370,买盘
186,14:42:29,11.21,--,10,11210,卖盘
187,14:42:25,11.21,--,30,33630,卖盘
188,14:42:20,11.21,--,209,234289,卖盘
189,14:42:14,11.21,--,16,17936,卖盘
190,14:42:10,11.21,-0.01,35,39235,卖盘
191,14:42:05,11.22,0.01,10,11220,买盘
192,14:41:59,11.21,-0.01,422,473062,卖盘
193,14:41:55,11.22,0.01,21,23562,买盘
194,14:41:50,11.21,-0.01,5,5605,卖盘
195,14:41:44,11.22,0.01,8,8976,买盘
196,14:41:40,11.21,--,4,4484,卖盘
197,14:41:35,11.21,-0.01,7,7847,卖盘
198,14:41:29,11.22,0.01,20,22440,买盘
199,14:41:20,11.21,-0.01,37,41477,卖盘
200,14:41:14,11.22,0.01,362,406164,买盘
201,14:41:05,11.21,--,74,82954,卖盘
202,14:40:50,11.21,--,17,19057,卖盘
203,14:40:40,11.21,--,32,35872,卖盘
204,14:40:35,11.21,--,60,67260,卖盘
205,14:40:29,11.21,--,58,65018,卖盘
206,14:40:25,11.21,--,61,68381,卖盘
207,14:40:20,11.21,--,119,133399,卖盘
208,14:40:14,11.21,--,54,60534,卖盘
209,14:40:10,11.21,--,15,16815,卖盘
210,14:40:05,11.21,--,20,22420,卖盘
211,14:39:59,11.21,--,12,13452,卖盘
212,14:39:50,11.21,--,34,38114,卖盘
213,14:39:40,11.21,-0.01,10,11210,卖盘
214,14:39:35,11.22,0.01,16,17952,买盘
215,14:39:20,11.21,-0.01,124,139004,卖盘
216,14:39:14,11.22,0.01,35,39270,买盘
217,14:39:10,11.21,-0.01,4,4484,卖盘
218,14:39:05,11.22,0.01,4,4488,买盘
219,14:38:59,11.21,-0.01,639,716901,卖盘
220,14:38:54,11.22,-0.01,41,46002,卖盘
221,14:38:49,11.23,0.01,44,49412,买盘
222,14:38:44,11.22,--,8,8976,卖盘
223,14:38:19,11.22,--,138,154836,卖盘
224,14:38:09,11.22,--,22,24684,卖盘
225,14:38:04,11.22,-0.01,120,134640,卖盘
226,14:37:59,11.23,--,2,2246,买盘
227,14:37:54,11.23,--,82,92086,买盘
228,14:37:49,11.23,0.01,50,56150,买盘
229,14:37:44,11.22,--,114,127908,卖盘
230,14:37:34,11.22,--,26,29172,卖盘
231,14:37:29,11.22,--,25,28050,卖盘
232,14:37:23,11.22,--,19,21318,卖盘
233,14:37:14,11.22,--,98,109956,卖盘
234,14:37:08,11.22,--,50,56100,卖盘
235,14:37:04,11.22,--,100,112200,卖盘
236,14:36:59,11.22,--,43,48246,卖盘
237,14:36:53,11.22,--,161,180642,卖盘
238,14:36:44,11.22,0.01,60,67320,买盘
239,14:36:38,11.21,--,96,107616,卖盘
240,14:36:34,11.21,-0.01,20,22420,卖盘
241,14:36:29,11.22,--,31,34782,买盘
242,14:36:23,11.22,--,50,56100,买盘
243,14:36:19,11.22,--,81,90882,卖盘
244,14:36:14,11.22,--,85,95370,卖盘
245,14:36:08,11.22,-0.01,5,5610,卖盘
246,14:35:59,11.23,0.01,8,8984,买盘
247,14:35:53,11.22,-0.01,261,293201,卖盘
248,14:35:44,11.23,--,47,52781,卖盘
249,14:35:38,11.23,0.01,2,2246,中性盘
250,14:35:34,11.22,-0.01,62,70383,卖盘
251,14:35:29,11.23,--,217,243994,买盘
252,14:35:14,11.23,--,262,294226,买盘
253,14:35:08,11.23,--,40,44920,买盘
254,14:35:04,11.23,--,9,10107,买盘
255,14:34:53,11.23,0.01,18,20214,买盘
256,14:34:49,11.22,--,1,1122,卖盘
257,14:34:44,11.22,--,2,2244,卖盘
258,14:34:38,11.22,--,1,1122,卖盘
259,14:34:34,11.22,--,40,45216,买盘
260,14:34:29,11.22,--,120,134640,买盘
261,14:34:23,11.22,--,5,5610,买盘
262,14:34:19,11.22,-0.01,76,86057,卖盘
263,14:34:14,11.23,0.01,21,23583,买盘
264,14:34:08,11.22,--,67,75174,卖盘
265,14:34:04,11.22,--,16,17952,卖盘
266,14:33:59,11.22,--,115,129030,卖盘
267,14:33:53,11.22,--,5,5610,卖盘
268,14:33:38,11.22,-0.01,545,611490,卖盘
269,14:33:29,11.23,0.01,114,128022,买盘
270,14:33:23,11.22,-0.01,97,108834,卖盘
271,14:33:13,11.23,0.01,35,39305,买盘
272,14:33:08,11.22,-0.01,209,235317,卖盘
273,14:33:04,11.23,--,60,67380,卖盘
274,14:32:58,11.23,--,220,247060,卖盘
275,14:32:53,11.23,--,61,68503,卖盘
276,14:32:49,11.23,-0.01,1,1123,卖盘
277,14:32:43,11.24,0.01,102,114648,买盘
278,14:32:38,11.23,-0.01,95,106685,卖盘
279,14:32:33,11.24,--,10,11240,买盘
280,14:32:28,11.24,-0.01,548,616176,卖盘
281,14:32:18,11.25,--,32,36000,买盘
282,14:32:13,11.25,--,20,22500,买盘
283,14:32:08,11.25,--,15,16875,卖盘
284,14:32:03,11.25,--,5,5625,卖盘
285,14:31:58,11.25,--,70,78750,卖盘
286,14:31:53,11.25,--,244,274500,卖盘
287,14:31:48,11.25,--,2,2250,卖盘
288,14:31:43,11.25,--,5,5625,卖盘
289,14:31:38,11.25,-0.01,131,147375,卖盘
290,14:31:33,11.26,--,20,22520,买盘
291,14:31:28,11.26,0.01,10,11260,买盘
292,14:31:23,11.25,--,20,22500,卖盘
293,14:31:13,11.25,-0.01,231,259875,卖盘
294,14:31:03,11.26,--,82,92332,卖盘
295,14:30:58,11.26,--,50,56300,卖盘
296,14:30:53,11.26,--,106,119356,卖盘
297,14:30:48,11.26,--,2119,2385994,卖盘
298,14:30:33,11.26,-0.01,20,22520,卖盘
299,14:30:28,11.27,--,1135,1279145,买盘
300,14:30:23,11.27,0.01,49,55223,买盘
301,14:30:17,11.26,-0.01,2,2252,卖盘
302,14:30:13,11.27,--,232,261464,买盘
303,14:30:08,11.27,--,9,10143,买盘
304,14:29:53,11.27,--,45,50715,买盘
305,14:29:43,11.27,--,6,6762,买盘
306,14:29:38,11.27,0.01,102,114954,买盘
307,14:29:32,11.26,--,25,28150,卖盘
308,14:29:28,11.26,-0.01,180,202680,卖盘
309,14:29:23,11.27,--,34,38318,买盘
310,14:29:17,11.27,--,225,253575,买盘
311,14:29:08,11.27,0.01,614,691978,买盘
312,14:29:02,11.26,--,85,95710,卖盘
313,14:28:58,11.26,-0.01,10,11260,卖盘
314,14:28:53,11.27,0.01,61,68747,买盘
315,14:28:47,11.26,--,12,13512,卖盘
316,14:28:43,11.26,-0.01,23,25898,卖盘
317,14:28:38,11.27,0.01,35,39445,买盘
318,14:28:28,11.26,-0.01,25,28150,卖盘
319,14:28:23,11.27,0.01,392,441784,买盘
320,14:28:13,11.26,--,11,12386,卖盘
321,14:28:08,11.26,--,2,2252,卖盘
322,14:28:02,11.26,-0.01,42,47292,卖盘
323,14:27:58,11.27,0.01,2,2254,买盘
324,14:27:43,11.26,--,45,50670,卖盘
325,14:27:28,11.26,--,7,7882,卖盘
326,14:27:23,11.26,--,98,110348,买盘
327,14:27:17,11.26,--,134,150884,买盘
328,14:27:08,11.26,--,50,56300,买盘
329,14:26:53,11.26,0.01,90,101340,买盘
330,14:26:47,11.25,-0.01,33,37125,卖盘
331,14:26:43,11.26,0.01,4,4504,买盘
332,14:26:38,11.25,-0.01,147,165375,卖盘
333,14:26:32,11.26,--,50,56300,买盘
334,14:26:17,11.26,0.01,66,74316,买盘
335,14:26:12,11.25,-0.01,18,20250,卖盘
336,14:26:07,11.26,0.01,317,356942,买盘
337,14:26:02,11.25,--,32,36067,卖盘
338,14:25:52,11.25,--,126,142132,卖盘
339,14:25:47,11.25,-0.01,102,114750,卖盘
340,14:25:37,11.26,--,20,22520,买盘
341,14:25:32,11.26,--,8,9008,买盘
342,14:25:27,11.26,0.01,25,28150,买盘
343,14:25:22,11.25,--,35,39375,卖盘
344,14:25:17,11.25,--,23,25875,卖盘
345,14:25:12,11.25,--,14,15750,卖盘
346,14:25:07,11.25,--,5,5625,卖盘
347,14:25:02,11.25,--,247,278606,买盘
348,14:24:52,11.25,--,220,247500,买盘
349,14:24:37,11.25,0.01,82,92250,买盘
350,14:24:22,11.24,-0.01,11,12364,卖盘
351,14:24:17,11.25,0.01,63,70875,买盘
352,14:24:12,11.24,-0.01,36,40464,卖盘
353,14:24:07,11.25,--,5,5625,买盘
354,14:24:02,11.25,0.01,55,62820,买盘
355,14:23:57,11.24,-0.01,27,30977,卖盘
356,14:23:52,11.25,--,33,37125,买盘
357,14:23:47,11.25,--,50,56250,买盘
358,14:23:42,11.25,--,36,40500,买盘
359,14:23:32,11.25,--,146,164643,卖盘
360,14:23:27,11.25,--,22,25481,买盘
361,14:23:22,11.25,--,5,5625,买盘
362,14:23:17,11.25,--,87,97875,买盘
363,14:23:11,11.25,--,49,55125,买盘
364,14:23:07,11.25,--,25,28125,买盘
365,14:23:02,11.25,0.01,10,11250,买盘
366,14:22:56,11.24,-0.01,72,80928,卖盘
367,14:22:47,11.25,0.01,130,146250,买盘
368,14:22:41,11.24,-0.01,30,33720,卖盘
369,14:22:32,11.25,--,37,41625,买盘
370,14:22:26,11.25,--,1,1125,买盘
371,14:22:22,11.25,--,1,1125,买盘
372,14:22:17,11.25,--,212,238500,买盘
373,14:22:11,11.25,--,105,118125,买盘
374,14:22:02,11.25,0.01,20,22500,买盘
375,14:21:56,11.24,--,36,40947,卖盘
376,14:21:52,11.24,-0.01,24,28066,卖盘
377,14:21:47,11.25,--,554,623250,买盘
378,14:21:41,11.25,0.01,50,56250,买盘
379,14:21:32,11.24,--,41,46084,卖盘
380,14:21:26,11.24,--,22,24728,卖盘
381,14:21:16,11.24,--,141,158484,买盘
382,14:21:11,11.24,0.01,20,22480,买盘
383,14:21:07,11.23,-0.01,209,234707,卖盘
384,14:21:02,11.24,0.01,21,23604,买盘
385,14:20:56,11.23,-0.01,380,426740,卖盘
386,14:20:47,11.24,--,21,23604,买盘
387,14:20:37,11.24,--,233,261892,卖盘
388,14:20:31,11.24,0.01,164,184336,买盘
389,14:20:26,11.23,-0.01,18,20214,卖盘
390,14:20:22,11.24,--,90,101160,买盘
391,14:20:17,11.24,--,67,75308,买盘
392,14:20:11,11.24,-0.01,1,1124,卖盘
393,14:20:02,11.25,0.01,44,50478,买盘
394,14:19:51,11.24,-0.01,489,550164,卖盘
395,14:19:46,11.25,0.01,36,41096,买盘
396,14:19:41,11.24,-0.01,43,48332,卖盘
397,14:19:31,11.25,--,10,11250,买盘
398,14:19:26,11.25,--,5,5625,买盘
399,14:19:21,11.25,--,33,37125,买盘
400,14:19:16,11.25,--,20,22500,买盘
401,14:19:11,11.25,--,6,6750,买盘
402,14:19:06,11.25,--,4,4500,买盘
403,14:19:01,11.25,--,88,99000,卖盘
404,14:18:56,11.25,--,1,1125,买盘
405,14:18:46,11.25,0.01,30,33750,买盘
406,14:18:41,11.24,--,105,118020,卖盘
407,14:18:36,11.24,-0.01,23,25852,卖盘
408,14:18:31,11.25,--,50,56250,买盘
409,14:18:26,11.25,--,37,41625,买盘
410,14:18:21,11.25,0.01,87,97875,买盘
411,14:18:16,11.24,--,3,3372,卖盘
412,14:18:11,11.24,-0.01,162,182088,卖盘
413,14:18:06,11.25,--,0,0,买盘
414,14:18:01,11.25,0.02,210,236250,买盘
415,14:17:56,11.23,--,97,109503,卖盘
416,14:17:51,11.23,--,172,194155,卖盘
417,14:17:41,11.23,--,17,19091,卖盘
418,14:17:31,11.23,--,50,56150,买盘
419,14:17:26,11.23,--,212,238076,买盘
420,14:17:21,11.23,--,30,33690,买盘
421,14:17:16,11.23,--,70,78610,买盘
422,14:17:11,11.23,0.01,30,33690,买盘
423,14:17:06,11.22,-0.01,3,3366,卖盘
424,14:17:01,11.23,--,5,5615,买盘
425,14:16:56,11.23,--,95,106685,买盘
426,14:16:51,11.23,--,58,65134,买盘
427,14:16:46,11.23,--,65,72995,卖盘
428,14:16:41,11.23,--,87,97701,卖盘
429,14:16:36,11.23,--,4,4492,卖盘
430,14:16:31,11.23,0.01,6,6738,卖盘
431,14:16:26,11.22,-0.01,68,77305,卖盘
432,14:16:16,11.23,--,114,128022,买盘
433,14:16:11,11.23,--,233,261659,买盘
434,14:16:06,11.23,0.01,85,95455,买盘
435,14:16:01,11.22,-0.01,137,153714,卖盘
436,14:15:56,11.23,--,220,247060,买盘
437,14:15:51,11.23,--,24,27760,买盘
438,14:15:46,11.23,--,84,95095,买盘
439,14:15:41,11.23,0.01,82,92086,买盘
440,14:15:36,11.22,-0.01,5,5610,卖盘
441,14:15:31,11.23,0.01,29,32567,买盘
442,14:15:26,11.22,-0.01,131,146982,卖盘
443,14:15:21,11.23,0.01,65,72995,买盘
444,14:15:16,11.22,-0.01,10,11220,卖盘
445,14:15:11,11.23,0.01,38,42674,买盘
446,14:15:06,11.22,-0.01,13,14586,卖盘
447,14:14:56,11.23,--,52,58396,买盘
448,14:14:50,11.23,--,86,96690,卖盘
449,14:14:46,11.23,--,60,67380,卖盘
450,14:14:41,11.23,--,40,44920,卖盘
451,14:14:35,11.23,--,51,57273,卖盘
452,14:14:31,11.23,--,10,11230,卖盘
453,14:14:26,11.23,--,3,3369,卖盘
454,14:14:20,11.23,--,10,11230,卖盘
455,14:14:16,11.23,--,6,6738,卖盘
456,14:14:10,11.23,--,22,24706,卖盘
457,14:14:01,11.23,-0.01,11,12353,卖盘
458,14:13:55,11.24,0.01,20,22884,买盘
459,14:13:50,11.23,--,32,35980,卖盘
460,14:13:35,11.23,--,10,11230,卖盘
461,14:13:25,11.23,-0.01,95,107246,买盘
462,14:13:20,11.24,0.02,272,305728,买盘
463,14:13:16,11.22,-0.01,27,30294,卖盘
464,14:13:10,11.23,--,45,50535,买盘
465,14:13:00,11.23,--,20,22460,买盘
466,14:12:55,11.23,0.01,7,7861,买盘
467,14:12:50,11.22,-0.01,23,25806,卖盘
468,14:12:45,11.23,--,5,5615,买盘
469,14:12:40,11.23,--,12,13476,买盘
470,14:12:31,11.23,--,10,11230,买盘
471,14:12:25,11.23,-0.01,36,40428,卖盘
472,14:12:20,11.24,0.02,73,82052,买盘
473,14:12:15,11.22,--,0,0,卖盘
474,14:12:05,11.22,-0.01,381,427482,卖盘
475,14:11:55,11.23,0.01,323,362729,买盘
476,14:11:50,11.22,--,44,49771,卖盘
477,14:11:45,11.22,-0.01,119,133562,卖盘
478,14:11:40,11.23,--,55,61765,买盘
479,14:11:35,11.23,0.01,15,16845,买盘
480,14:11:30,11.22,-0.01,25,28050,卖盘
481,14:11:20,11.23,--,274,307702,买盘
482,14:11:15,11.23,0.01,6,6738,买盘
483,14:11:10,11.22,--,17,19074,卖盘
484,14:11:00,11.22,--,2,2244,卖盘
485,14:10:55,11.22,--,24,26928,卖盘
486,14:10:50,11.22,--,115,129254,买盘
487,14:10:45,11.22,--,14,15708,买盘
488,14:10:40,11.22,--,1,1122,买盘
489,14:10:35,11.22,--,121,136659,卖盘
490,14:10:30,11.22,--,245,275114,买盘
491,14:10:25,11.22,--,4,4488,买盘
492,14:10:20,11.22,0.01,12,13464,买盘
493,14:10:10,11.21,-0.01,10,11210,卖盘
494,14:10:05,11.22,0.01,22,24684,买盘
495,14:09:55,11.21,--,150,168150,卖盘
496,14:09:50,11.21,-0.01,14,16523,卖盘
497,14:09:45,11.22,0.01,125,140250,买盘
498,14:09:40,11.21,--,122,137501,卖盘
499,14:09:35,11.21,--,153,171513,卖盘
500,14:09:30,11.21,--,254,285047,买盘
501,14:09:25,11.21,--,8,8968,买盘
502,14:09:20,11.21,-0.01,1275,1430082,卖盘
503,14:09:15,11.22,--,12,13464,卖盘
504,14:09:10,11.22,--,75,84150,卖盘
505,14:09:05,11.22,--,8,8976,卖盘
506,14:08:55,11.22,--,20,22440,卖盘
507,14:08:50,11.22,0.01,69,77418,买盘
508,14:08:35,11.21,--,10,11210,卖盘
509,14:08:30,11.21,--,94,105687,买盘
510,14:08:25,11.21,-0.02,105,118512,卖盘
511,14:08:20,11.23,--,20,22460,买盘
512,14:08:15,11.23,0.02,10,11230,买盘
513,14:08:10,11.21,-0.02,1140,1277940,卖盘
514,14:08:05,11.23,--,92,103316,买盘
515,14:08:00,11.23,--,3,3369,买盘
516,14:07:55,11.23,--,21,23583,买盘
517,14:07:50,11.23,0.01,10,11230,买盘
518,14:07:45,11.22,--,36,40840,卖盘
519,14:07:40,11.22,-0.01,554,621588,卖盘
520,14:07:30,11.23,0.01,13,14599,买盘
521,14:07:25,11.22,--,127,142494,卖盘
522,14:07:15,11.22,--,5,5610,卖盘
523,14:07:10,11.22,--,1,1122,卖盘
524,14:07:05,11.22,--,35,39270,卖盘
525,14:07:00,11.22,--,114,128222,卖盘
526,14:06:50,11.22,--,17,19074,卖盘
527,14:06:45,11.22,-0.01,55,61710,卖盘
528,14:06:40,11.23,0.01,23,25829,买盘
529,14:06:30,11.22,--,90,100980,卖盘
530,14:06:20,11.22,--,4,4488,卖盘
531,14:06:15,11.22,-0.01,127,142494,卖盘
532,14:06:05,11.23,--,31,34813,卖盘
533,14:05:50,11.23,0.01,24,27569,买盘
534,14:05:44,11.22,-0.02,11,13295,卖盘
535,14:05:40,11.24,--,1509,1696678,买盘
536,14:05:34,11.24,--,36,40464,卖盘
537,14:05:19,11.24,--,10,11240,卖盘
538,14:05:14,11.24,0.01,44,49456,买盘
539,14:05:04,11.23,--,186,208878,卖盘
540,14:04:54,11.23,-0.01,44,49412,卖盘
541,14:04:49,11.24,0.01,26,29224,买盘
542,14:04:44,11.23,--,46,51658,卖盘
543,14:04:39,11.23,-0.01,56,62888,卖盘
544,14:04:29,11.24,--,30,33720,买盘
545,14:04:14,11.24,--,8,8992,卖盘
546,14:04:04,11.24,--,27,30348,买盘
547,14:03:54,11.24,--,3,3372,买盘
548,14:03:49,11.24,--,268,301232,卖盘
549,14:03:44,11.24,--,36,40913,卖盘
550,14:03:39,11.24,--,0,112,卖盘
551,14:03:34,11.24,--,68,76757,买盘
552,14:03:29,11.24,--,440,494560,买盘
553,14:03:24,11.24,--,1,1124,买盘
554,14:03:14,11.24,--,1,1124,买盘
555,14:03:09,11.24,--,594,667656,买盘
556,14:03:04,11.24,0.01,114,128136,买盘
557,14:02:59,11.23,-0.01,36,40428,卖盘
558,14:02:54,11.24,0.01,12,13488,买盘
559,14:02:44,11.23,--,64,71872,卖盘
560,14:02:24,11.23,--,88,98824,卖盘
561,14:02:19,11.23,--,336,378125,买盘
562,14:02:14,11.23,--,28,31444,买盘
563,14:02:09,11.23,0.01,12,13476,买盘
564,14:01:59,11.22,-0.01,1,1122,卖盘
565,14:01:54,11.23,--,19,21337,买盘
566,14:01:49,11.23,0.01,14,15722,买盘
567,14:01:44,11.22,-0.01,17,19365,卖盘
568,14:01:39,11.23,0.01,110,123530,买盘
569,14:01:34,11.22,-0.01,24,27085,卖盘
570,14:01:29,11.23,0.01,41,46043,买盘
571,14:01:24,11.22,--,109,122298,卖盘
572,14:01:19,11.22,-0.01,305,342423,卖盘
573,14:01:14,11.23,0.01,722,810806,买盘
574,14:01:09,11.22,--,98,109956,卖盘
575,14:01:04,11.22,-0.01,7,7854,卖盘
576,14:00:59,11.23,--,17,19091,买盘
577,14:00:54,11.23,0.01,28,31444,买盘
578,14:00:49,11.22,-0.01,78,87516,卖盘
579,14:00:44,11.23,--,20,22460,买盘
580,14:00:39,11.23,--,40,44920,买盘
581,14:00:34,11.23,--,8,8984,买盘
582,14:00:29,11.23,--,210,235830,买盘
583,14:00:24,11.23,--,340,382493,卖盘
584,14:00:19,11.23,-0.01,22,24706,卖盘
585,14:00:14,11.24,0.01,4,4496,买盘
586,14:00:09,11.23,--,138,154974,卖盘
587,14:00:04,11.23,--,35,39305,卖盘
588,13:59:54,11.23,-0.01,1,1123,卖盘
589,13:59:49,11.24,0.01,101,113524,买盘
590,13:59:44,11.23,--,18,20764,卖盘
591,13:59:39,11.23,-0.01,22,25727,卖盘
592,13:59:34,11.24,--,53,59572,买盘
593,13:59:29,11.24,0.01,49,55076,买盘
594,13:59:14,11.23,--,104,116792,卖盘
595,13:59:09,11.23,--,184,206632,卖盘
596,13:59:04,11.23,--,2,2246,卖盘
597,13:58:59,11.23,-0.01,15,16845,卖盘
598,13:58:54,11.24,0.01,27,30348,买盘
599,13:58:44,11.23,-0.01,2,2246,卖盘
600,13:58:39,11.24,0.01,6,6744,买盘
601,13:58:34,11.23,--,30,33690,卖盘
602,13:58:29,11.23,-0.01,66,74118,卖盘
603,13:58:23,11.24,0.01,87,97788,买盘
604,13:58:14,11.23,--,29,32567,卖盘
605,13:58:09,11.23,-0.01,111,124653,卖盘
606,13:57:58,11.24,--,89,100036,买盘
607,13:57:54,11.24,--,100,112400,买盘
608,13:57:44,11.24,--,64,72082,卖盘
609,13:57:38,11.24,-0.01,27,31449,卖盘
610,13:57:33,11.25,0.01,2,2250,买盘
611,13:57:28,11.24,-0.01,100,112400,卖盘
612,13:57:23,11.25,0.01,141,158625,买盘
613,13:57:18,11.24,--,110,123640,卖盘
614,13:57:13,11.24,--,10,11240,卖盘
615,13:57:08,11.24,-0.01,152,170848,卖盘
616,13:57:03,11.25,--,240,270000,买盘
617,13:56:58,11.25,--,25,28125,买盘
618,13:56:53,11.25,0.01,55,61875,买盘
619,13:56:43,11.24,--,60,67440,卖盘
620,13:56:38,11.24,-0.01,26,29224,卖盘
621,13:56:33,11.25,--,251,282375,买盘
622,13:56:28,11.25,0.01,457,514968,买盘
623,13:56:22,11.24,--,71,79804,卖盘
624,13:56:18,11.24,--,51,57481,买盘
625,13:56:13,11.24,--,96,107904,买盘
626,13:56:07,11.24,--,130,147086,卖盘
627,13:56:03,11.24,--,10,11240,卖盘
628,13:55:53,11.24,--,25,28100,卖盘
629,13:55:48,11.24,--,20,22480,卖盘
630,13:55:43,11.24,--,45,50580,卖盘
631,13:55:37,11.24,--,77,86963,卖盘
632,13:55:33,11.24,--,30,33753,卖盘
633,13:55:28,11.24,0.01,198,223383,买盘
634,13:55:22,11.23,--,30,33690,卖盘
635,13:55:13,11.23,-0.01,30,33690,卖盘
636,13:54:58,11.24,-0.01,60,67732,卖盘
637,13:54:52,11.25,0.01,17,19125,买盘
638,13:54:48,11.24,--,22,24728,卖盘
639,13:54:43,11.24,--,123,138252,卖盘
640,13:54:37,11.24,--,6,6744,卖盘
641,13:54:28,11.24,--,32,35968,卖盘
642,13:54:22,11.24,--,46,51704,卖盘
643,13:54:18,11.24,-0.01,20,22480,卖盘
644,13:54:13,11.25,0.01,133,149625,买盘
645,13:54:07,11.24,-0.01,100,112400,卖盘
646,13:54:03,11.25,--,7,7875,买盘
647,13:53:52,11.25,--,1,1125,买盘
648,13:53:43,11.25,--,69,77625,买盘
649,13:53:37,11.25,0.01,59,67252,买盘
650,13:53:28,11.24,-0.01,122,137824,卖盘
651,13:53:22,11.25,--,13,14625,买盘
652,13:53:13,11.25,--,5,5625,买盘
653,13:53:07,11.25,--,28,31500,买盘
654,13:53:03,11.25,-0.01,3,3375,卖盘
655,13:52:58,11.26,--,56,63056,买盘
656,13:52:52,11.26,0.01,2,2252,买盘
657,13:52:47,11.25,--,61,68625,卖盘
658,13:52:43,11.25,--,13,14625,买盘
659,13:52:37,11.25,-0.01,7,7875,中性盘
660,13:52:28,11.26,0.01,46,51796,买盘
661,13:52:22,11.25,-0.01,67,75375,卖盘
662,13:52:17,11.26,0.01,50,56300,买盘
663,13:52:13,11.25,-0.01,50,56250,卖盘
664,13:52:07,11.26,--,167,188042,买盘
665,13:52:02,11.26,--,24,27024,买盘
666,13:51:58,11.26,--,11,12386,买盘
667,13:51:52,11.26,--,21,24321,卖盘
668,13:51:47,11.26,-0.01,63,70938,卖盘
669,13:51:43,11.27,0.01,140,157780,买盘
670,13:51:37,11.26,--,19,21394,卖盘
671,13:51:32,11.26,-0.01,60,68010,卖盘
672,13:51:28,11.27,0.01,22,24794,买盘
673,13:51:22,11.26,-0.01,19,21394,卖盘
674,13:51:17,11.27,--,29,32683,买盘
675,13:51:11,11.27,--,6,6762,买盘
676,13:51:07,11.27,--,68,76636,卖盘
677,13:51:02,11.27,-0.01,47,52969,卖盘
678,13:50:56,11.28,--,5,5640,买盘
679,13:50:52,11.28,--,68,76704,买盘
680,13:50:47,11.28,0.01,34,38352,买盘
681,13:50:37,11.27,--,10,11270,卖盘
682,13:50:32,11.27,-0.02,37,41699,卖盘
683,13:50:26,11.29,0.01,10,11290,买盘
684,13:50:22,11.28,--,46,51888,卖盘
685,13:50:16,11.28,-0.01,30,33840,中性盘
686,13:50:11,11.29,0.01,47,53062,买盘
687,13:50:07,11.28,-0.01,75,84600,卖盘
688,13:50:01,11.29,0.01,8,9032,买盘
689,13:49:56,11.28,--,40,45120,卖盘
690,13:49:52,11.28,0.01,452,510307,买盘
691,13:49:46,11.27,--,4,4508,买盘
692,13:49:41,11.27,-0.01,67,76185,卖盘
693,13:49:37,11.28,0.01,410,462480,买盘
694,13:49:31,11.27,--,15,17434,卖盘
695,13:49:26,11.27,--,29,33731,卖盘
696,13:49:22,11.27,--,60,67620,卖盘
697,13:49:16,11.27,-0.01,20,22540,卖盘
698,13:49:07,11.28,--,10,11280,买盘
699,13:49:01,11.28,--,5,5640,买盘
700,13:48:52,11.28,--,17,19176,卖盘
701,13:48:46,11.28,--,451,508728,卖盘
702,13:48:41,11.28,--,15,16920,卖盘
703,13:48:37,11.28,-0.01,1,1128,卖盘
704,13:48:31,11.29,--,48,54191,买盘
705,13:48:26,11.29,--,7,7902,买盘
706,13:48:22,11.29,--,141,159189,买盘
707,13:48:16,11.29,--,81,91449,买盘
708,13:48:11,11.29,--,4,4516,买盘
709,13:48:07,11.29,--,22,24837,买盘
710,13:48:01,11.29,0.01,252,284508,买盘
711,13:47:52,11.28,0.01,30,33840,买盘
712,13:47:46,11.27,--,487,548849,买盘
713,13:47:41,11.27,--,4,4508,买盘
714,13:47:37,11.27,--,118,133222,卖盘
715,13:47:31,11.27,0.01,453,511421,卖盘
716,13:47:26,11.26,-0.02,223,251784,卖盘
717,13:47:22,11.28,--,93,104904,买盘
718,13:47:16,11.28,--,58,65423,买盘
719,13:47:11,11.28,--,2,2256,买盘
720,13:47:07,11.28,-0.01,139,156792,卖盘
721,13:47:01,11.29,0.01,120,135480,买盘
722,13:46:56,11.28,-0.01,20,22560,卖盘
723,13:46:52,11.29,0.01,101,114028,买盘
724,13:46:46,11.28,--,7,7896,卖盘
725,13:46:41,11.28,--,86,97008,卖盘
726,13:46:37,11.28,-0.02,31,34968,卖盘
727,13:46:31,11.3,0.01,104,117520,买盘
728,13:46:26,11.29,0.01,35,39515,买盘
729,13:46:22,11.28,--,46,51888,卖盘
730,13:46:16,11.28,-0.02,147,166267,卖盘
731,13:46:11,11.3,--,30,33900,买盘
732,13:46:07,11.3,0.02,1107,1251588,买盘
733,13:46:01,11.28,--,976,1100928,买盘
734,13:45:52,11.28,0.01,11,12408,买盘
735,13:45:46,11.27,0.01,87,98049,买盘
736,13:45:41,11.26,-0.01,118,132868,卖盘
737,13:45:37,11.27,--,377,424879,买盘
738,13:45:31,11.27,0.01,192,216733,买盘
739,13:45:26,11.26,-0.01,25,28251,卖盘
740,13:45:22,11.27,--,73,82271,买盘
741,13:45:16,11.27,0.01,31,34937,买盘
742,13:45:11,11.26,--,18,20268,卖盘
743,13:45:07,11.26,--,50,56806,买盘
744,13:45:01,11.26,--,522,587772,买盘
745,13:44:56,11.26,0.01,156,175656,买盘
746,13:44:52,11.25,-0.01,443,498375,卖盘
747,13:44:46,11.26,0.01,157,176782,买盘
748,13:44:41,11.25,--,119,133875,买盘
749,13:44:36,11.25,--,80,90000,买盘
750,13:44:31,11.25,--,1037,1166625,买盘
751,13:44:26,11.25,0.01,14,15750,买盘
752,13:44:21,11.24,-0.01,547,615884,卖盘
753,13:44:11,11.25,--,7,7875,买盘
754,13:44:06,11.25,--,11,12375,买盘
755,13:44:01,11.25,0.01,3,3375,买盘
756,13:43:56,11.24,--,20,22480,卖盘
757,13:43:51,11.24,-0.01,100,112400,卖盘
758,13:43:46,11.25,0.01,96,108000,买盘
759,13:43:41,11.24,-0.01,116,130384,卖盘
760,13:43:35,11.25,--,11,12375,买盘
761,13:43:31,11.25,--,89,100833,买盘
762,13:43:26,11.25,0.01,39,44741,买盘
763,13:43:20,11.24,--,15,16860,卖盘
764,13:43:16,11.24,--,77,86548,买盘
765,13:43:11,11.24,--,13,14612,买盘
766,13:43:05,11.24,--,11,12364,卖盘
767,13:43:01,11.24,--,10,11240,卖盘
768,13:42:55,11.24,--,121,136004,买盘
769,13:42:50,11.24,0.01,30,33720,买盘
770,13:42:46,11.23,-0.01,123,138129,卖盘
771,13:42:40,11.24,0.01,44,49456,买盘
772,13:42:31,11.23,-0.01,1,1123,卖盘
773,13:42:25,11.24,0.01,7,7868,买盘
774,13:42:20,11.23,-0.01,2,2246,卖盘
775,13:42:16,11.24,--,850,955400,买盘
776,13:42:10,11.24,--,13,14612,买盘
777,13:42:05,11.24,--,191,214684,买盘
778,13:42:01,11.24,0.01,36,40464,买盘
779,13:41:55,11.23,--,35,39305,卖盘
780,13:41:50,11.23,--,20,22460,卖盘
781,13:41:46,11.23,-0.01,209,234909,卖盘
782,13:41:40,11.24,--,2,2248,买盘
783,13:41:31,11.24,0.01,3,3372,买盘
784,13:41:25,11.23,--,68,77127,卖盘
785,13:41:20,11.23,-0.01,35,40113,卖盘
786,13:41:16,11.24,--,10,11240,买盘
787,13:41:10,11.24,--,36,40464,买盘
788,13:41:05,11.24,--,26,29224,买盘
789,13:41:01,11.24,0.01,2,2248,买盘
790,13:40:55,11.23,--,81,90963,卖盘
791,13:40:46,11.23,-0.01,310,348130,卖盘
792,13:40:40,11.24,--,41,46084,买盘
793,13:40:31,11.24,0.01,25,28100,买盘
794,13:40:25,11.23,--,161,180803,卖盘
795,13:40:20,11.23,-0.01,5,5615,卖盘
796,13:40:01,11.24,-0.01,55,61820,卖盘
797,13:39:55,11.25,0.01,32,36000,买盘
798,13:39:46,11.24,--,31,34844,买盘
799,13:39:40,11.24,--,14,15736,买盘
800,13:39:35,11.24,-0.01,3,3372,买盘
801,13:39:31,11.25,--,5,5625,买盘
802,13:39:25,11.25,0.01,36,41163,买盘
803,13:39:20,11.24,-0.01,32,36878,卖盘
804,13:39:16,11.25,0.01,3,3375,买盘
805,13:39:10,11.24,--,53,59572,卖盘
806,13:39:05,11.24,--,15,16860,卖盘
807,13:39:01,11.24,--,42,47208,卖盘
808,13:38:50,11.24,--,39,43836,卖盘
809,13:38:45,11.24,0.01,139,156236,买盘
810,13:38:40,11.23,-0.01,25,28075,卖盘
811,13:38:31,11.24,--,195,219180,买盘
812,13:38:25,11.24,--,42,47208,卖盘
813,13:38:20,11.24,--,244,274256,卖盘
814,13:38:15,11.24,--,38,42712,卖盘
815,13:38:10,11.24,--,5,5620,卖盘
816,13:38:05,11.24,--,1,1124,卖盘
817,13:38:00,11.24,--,89,100036,卖盘
818,13:37:55,11.24,--,61,68564,卖盘
819,13:37:45,11.24,--,134,150616,卖盘
820,13:37:40,11.24,--,103,115772,卖盘
821,13:37:25,11.24,--,926,1041543,买盘
822,13:37:20,11.24,0.01,1,1124,买盘
823,13:37:15,11.23,--,90,101923,卖盘
824,13:37:10,11.23,--,617,693340,买盘
825,13:37:05,11.23,0.01,7,7861,买盘
826,13:36:50,11.22,--,7,7854,卖盘
827,13:36:45,11.22,--,2,2244,卖盘
828,13:36:35,11.22,--,77,86394,卖盘
829,13:36:25,11.22,--,19,21318,卖盘
830,13:36:20,11.22,0.01,55,62158,买盘
831,13:36:14,11.21,-0.01,1,1121,卖盘
832,13:36:10,11.22,--,32,35904,买盘
833,13:36:05,11.22,0.01,136,152592,买盘
834,13:35:55,11.21,-0.01,40,44840,卖盘
835,13:35:50,11.22,0.01,108,121176,买盘
836,13:35:44,11.21,--,32,35872,卖盘
837,13:35:40,11.21,-0.01,4,4484,卖盘
838,13:35:34,11.22,--,2,2244,买盘
839,13:35:29,11.22,0.01,320,359040,买盘
840,13:35:25,11.21,--,13,14808,卖盘
841,13:35:14,11.21,-0.01,23,25995,卖盘
842,13:35:10,11.22,--,16,17952,买盘
843,13:35:04,11.22,0.01,201,225522,买盘
844,13:34:55,11.21,--,40,44840,卖盘
845,13:34:49,11.21,-0.01,21,23541,卖盘
846,13:34:44,11.22,--,32,35904,买盘
847,13:34:40,11.22,--,7,7854,买盘
848,13:34:34,11.22,0.01,11,12342,买盘
849,13:34:29,11.21,-0.01,50,56050,卖盘
850,13:34:25,11.22,--,84,94248,买盘
851,13:34:19,11.22,0.01,23,25806,买盘
852,13:34:14,11.21,-0.01,102,114342,卖盘
853,13:34:10,11.22,--,46,51612,买盘
854,13:33:59,11.22,--,250,281173,卖盘
855,13:33:55,11.22,--,40,44880,卖盘
856,13:33:49,11.22,--,230,258060,卖盘
857,13:33:40,11.22,--,33,37026,卖盘
858,13:33:34,11.22,--,233,261426,卖盘
859,13:33:25,11.22,--,22,25334,卖盘
860,13:33:19,11.22,-0.01,69,78338,卖盘
861,13:33:14,11.23,0.01,112,125776,买盘
862,13:33:04,11.22,--,5,5610,卖盘
863,13:32:55,11.22,--,29,32538,卖盘
864,13:32:49,11.22,--,6,6732,卖盘
865,13:32:44,11.22,-0.01,52,58344,卖盘
866,13:32:34,11.23,0.01,39,43797,买盘
867,13:32:25,11.22,-0.01,83,93799,卖盘
868,13:32:19,11.23,0.01,242,272215,买盘
869,13:32:14,11.22,--,19,21318,卖盘
870,13:32:10,11.22,-0.01,45,50490,卖盘
871,13:32:04,11.23,0.01,1060,1190380,买盘
872,13:31:59,11.22,--,100,112200,卖盘
873,13:31:54,11.22,--,74,83028,卖盘
874,13:31:49,11.22,-0.01,215,241230,卖盘
875,13:31:44,11.23,--,131,147113,买盘
876,13:31:39,11.23,0.01,112,125776,买盘
877,13:31:34,11.22,-0.01,53,59466,卖盘
878,13:31:24,11.23,--,7,7861,买盘
879,13:31:19,11.23,--,300,337450,卖盘
880,13:31:14,11.23,--,76,85920,卖盘
881,13:31:09,11.23,-0.01,49,55027,卖盘
882,13:31:04,11.24,0.01,2,2248,买盘
883,13:30:54,11.23,--,30,33690,卖盘
884,13:30:49,11.23,--,6,6738,卖盘
885,13:30:39,11.23,--,61,68503,卖盘
886,13:30:34,11.23,-0.01,20,22460,卖盘
887,13:30:29,11.24,0.01,30,33720,买盘
888,13:30:19,11.23,--,22,24706,卖盘
889,13:30:04,11.23,-0.01,20,23021,卖盘
890,13:29:54,11.24,--,10,11240,买盘
891,13:29:49,11.24,0.01,8,8992,买盘
892,13:29:44,11.23,-0.01,10,11230,卖盘
893,13:29:29,11.24,--,2,2248,买盘
894,13:29:19,11.24,0.01,23,26335,买盘
895,13:29:14,11.23,--,25,29164,卖盘
896,13:29:08,11.23,-0.01,30,33690,卖盘
897,13:29:04,11.24,--,60,67440,买盘
898,13:28:59,11.24,0.01,18,20232,买盘
899,13:28:44,11.23,--,55,61765,卖盘
900,13:28:38,11.23,--,10,11230,卖盘
901,13:28:34,11.23,--,44,49412,卖盘
902,13:28:29,11.23,--,293,329039,卖盘
903,13:28:19,11.23,--,74,83214,卖盘
904,13:28:13,11.23,-0.01,16,17968,卖盘
905,13:28:08,11.24,0.01,50,56200,买盘
906,13:28:04,11.23,--,30,33690,卖盘
907,13:27:58,11.23,--,333,373959,卖盘
908,13:27:49,11.23,0.01,145,162835,买盘
909,13:27:43,11.22,-0.01,35,39270,卖盘
910,13:27:38,11.23,--,17,19091,买盘
911,13:27:34,11.23,0.01,20,22460,买盘
912,13:27:28,11.22,-0.01,40,44880,卖盘
913,13:27:19,11.23,--,96,108459,买盘
914,13:27:13,11.23,--,63,71669,买盘
915,13:27:04,11.23,--,40,44920,卖盘
916,13:26:58,11.23,0.01,24,26952,买盘
917,13:26:34,11.22,-0.01,100,113299,卖盘
918,13:26:28,11.23,--,28,31444,买盘
919,13:26:19,11.23,--,23,25829,买盘
920,13:26:08,11.23,0.02,9,10107,买盘
921,13:26:04,11.21,--,0,0,卖盘
922,13:25:58,11.21,-0.02,1013,1135573,卖盘
923,13:25:49,11.23,--,192,216065,买盘
924,13:25:38,11.23,--,420,471660,买盘
925,13:25:33,11.23,0.02,50,56150,买盘
926,13:25:28,11.21,--,23,25783,卖盘
927,13:25:23,11.21,-0.02,5,5605,卖盘
928,13:25:18,11.23,--,85,95455,买盘
929,13:25:13,11.23,0.01,31,35127,买盘
930,13:25:08,11.22,-0.01,42,47931,卖盘
931,13:25:03,11.23,--,64,71872,买盘
932,13:24:58,11.23,0.02,248,278504,买盘
933,13:24:53,11.21,-0.01,44,49324,卖盘
934,13:24:48,11.22,--,22,24684,买盘
935,13:24:43,11.22,0.01,107,120054,买盘
936,13:24:38,11.21,--,200,224200,卖盘
937,13:24:33,11.21,-0.01,20,22420,卖盘
938,13:24:23,11.22,--,5,5610,买盘
939,13:24:18,11.22,0.01,6,6732,买盘
940,13:24:13,11.21,-0.01,18,20178,卖盘
941,13:23:58,11.22,--,17,19074,买盘
942,13:23:53,11.22,--,0,0,中性盘
943,13:23:48,11.22,--,40,44880,卖盘
944,13:23:43,11.22,--,10,11220,卖盘
945,13:23:33,11.22,--,18,20196,卖盘
946,13:23:28,11.22,--,51,57222,卖盘
947,13:23:23,11.22,0.01,30,33660,卖盘
948,13:23:18,11.21,--,0,0,卖盘
949,13:23:13,11.21,-0.01,62,69558,卖盘
950,13:23:08,11.22,--,44,49760,卖盘
951,13:23:03,11.22,-0.01,10,11220,卖盘
952,13:22:58,11.23,--,20,22460,买盘
953,13:22:48,11.23,0.02,28,31444,买盘
954,13:22:43,11.21,--,0,0,卖盘
955,13:22:38,11.21,-0.01,5,5605,卖盘
956,13:22:33,11.22,--,1,1570,买盘
957,13:22:28,11.22,--,14,15708,买盘
958,13:22:23,11.22,0.01,18,20196,买盘
959,13:22:18,11.21,-0.01,5,5605,卖盘
960,13:22:13,11.22,--,93,104346,买盘
961,13:22:08,11.22,0.01,79,88638,买盘
962,13:22:03,11.21,-0.01,15,16815,卖盘
963,13:21:58,11.22,0.01,2,2244,买盘
964,13:21:53,11.21,-0.01,8,8968,卖盘
965,13:21:43,11.22,--,218,245269,卖盘
966,13:21:38,11.22,-0.01,20,22440,卖盘
967,13:21:28,11.23,0.01,129,144867,买盘
968,13:21:23,11.22,-0.01,13,14586,卖盘
969,13:21:17,11.23,0.01,1,1123,买盘
970,13:21:13,11.22,-0.01,78,88503,卖盘
971,13:21:08,11.23,0.01,39,44380,买盘
972,13:21:02,11.22,-0.01,10,11220,卖盘
973,13:20:52,11.23,--,185,207755,买盘
974,13:20:43,11.23,0.01,16,17968,买盘
975,13:20:37,11.22,--,69,77418,卖盘
976,13:20:32,11.22,-0.01,42,47124,卖盘
977,13:20:28,11.23,0.01,48,53904,买盘
978,13:20:22,11.22,--,46,51612,卖盘
979,13:20:17,11.22,-0.01,50,56100,卖盘
980,13:20:13,11.23,0.01,108,121284,买盘
981,13:20:07,11.22,--,66,74052,卖盘
982,13:20:02,11.22,0.01,123,138006,买盘
983,13:19:58,11.21,--,50,56050,卖盘
984,13:19:52,11.21,-0.01,71,79591,中性盘
985,13:19:47,11.22,0.02,18,20196,买盘
986,13:19:42,11.2,-0.01,93,104160,卖盘
987,13:19:37,11.21,--,119,133399,买盘
988,13:19:32,11.21,0.01,106,118826,买盘
989,13:19:28,11.2,--,37,41440,卖盘
990,13:19:22,11.2,-0.01,80,90384,卖盘
991,13:19:17,11.21,-0.01,46,51566,中性盘
992,13:19:12,11.22,--,93,104368,买盘
993,13:19:07,11.22,--,69,77844,买盘
994,13:18:57,11.22,--,149,167178,买盘
995,13:18:52,11.22,0.01,45,50490,买盘
996,13:18:47,11.21,-0.01,33,36993,卖盘
997,13:18:43,11.22,-0.01,44,49368,卖盘
998,13:18:37,11.23,0.01,126,141498,买盘
999,13:18:27,11.22,--,49,54978,卖盘
1000,13:18:22,11.22,--,48,53856,卖盘
1001,13:18:17,11.22,--,36,40392,卖盘
1002,13:18:12,11.22,-0.01,36,40392,卖盘
1003,13:18:07,11.23,-0.01,68,76364,卖盘
1004,13:18:02,11.24,0.01,20,22480,买盘
1005,13:17:57,11.23,--,190,213370,卖盘
1006,13:17:52,11.23,--,85,95455,卖盘
1007,13:17:47,11.23,--,14,15722,卖盘
1008,13:17:42,11.23,--,191,214493,卖盘
1009,13:17:37,11.23,--,46,51658,卖盘
1010,13:17:32,11.23,--,43,48289,卖盘
1011,13:17:27,11.23,--,136,152728,卖盘
1012,13:17:22,11.23,--,34,38182,卖盘
1013,13:17:17,11.23,-0.01,16,17968,卖盘
1014,13:17:12,11.24,--,335,377371,卖盘
1015,13:17:07,11.24,--,85,96057,卖盘
1016,13:17:02,11.24,--,479,539295,卖盘
1017,13:16:57,11.24,-0.01,87,97788,卖盘
1018,13:16:52,11.25,0.02,215,241875,买盘
1019,13:16:47,11.23,-0.02,44,49412,卖盘
1020,13:16:42,11.25,0.02,51,57375,买盘
1021,13:16:37,11.23,-0.02,47,52781,卖盘
1022,13:16:32,11.25,0.02,5,5625,买盘
1023,13:16:27,11.23,-0.02,42,47166,卖盘
1024,13:16:22,11.25,--,74,83250,买盘
1025,13:16:17,11.25,--,56,63000,买盘
1026,13:16:12,11.25,--,81,91125,卖盘
1027,13:16:07,11.25,--,59,66375,卖盘
1028,13:16:02,11.25,-0.01,38,43368,卖盘
1029,13:15:57,11.26,--,162,182412,卖盘
1030,13:15:52,11.26,--,57,64182,卖盘
1031,13:15:47,11.26,0.02,750,845006,买盘
1032,13:15:42,11.24,-0.01,196,220304,卖盘
1033,13:15:37,11.25,0.01,27,30375,中性盘
1034,13:15:32,11.24,-0.01,159,178884,卖盘
1035,13:15:27,11.25,0.01,47,52875,买盘
1036,13:15:22,11.24,-0.01,51,57324,卖盘
1037,13:15:17,11.25,--,63,71831,卖盘
1038,13:15:12,11.25,--,179,201375,卖盘
1039,13:15:07,11.25,--,113,127293,卖盘
1040,13:15:02,11.25,--,78,87750,买盘
1041,13:14:57,11.25,0.01,108,121781,买盘
1042,13:14:52,11.24,-0.01,118,132632,卖盘
1043,13:14:47,11.25,--,98,110250,买盘
1044,13:14:41,11.25,0.02,40,45000,买盘
1045,13:14:37,11.23,-0.01,125,140375,卖盘
1046,13:14:32,11.24,-0.01,63,70812,买盘
1047,13:14:26,11.25,0.02,30,33750,买盘
1048,13:14:22,11.23,-0.02,87,97701,卖盘
1049,13:14:17,11.25,0.01,162,182250,买盘
1050,13:14:11,11.24,-0.01,3,3372,卖盘
1051,13:14:07,11.25,0.02,52,58500,买盘
1052,13:14:02,11.23,--,37,41551,卖盘
1053,13:13:56,11.23,--,61,68503,卖盘
1054,13:13:52,11.23,-0.03,38,42674,卖盘
1055,13:13:46,11.26,--,54,60804,买盘
1056,13:13:41,11.26,0.04,5,5630,买盘
1057,13:13:37,11.22,--,3735,4190670,卖盘
1058,13:13:31,11.22,-0.01,59,66198,卖盘
1059,13:13:26,11.23,0.01,52,58396,买盘
1060,13:13:22,11.22,--,48,53856,卖盘
1061,13:13:16,11.22,--,60,67320,卖盘
1062,13:13:11,11.22,--,33,37026,卖盘
1063,13:13:07,11.22,--,109,123307,卖盘
1064,13:13:01,11.22,0.01,137,154275,买盘
1065,13:12:56,11.21,-0.01,43,48203,卖盘
1066,13:12:51,11.22,--,133,149226,卖盘
1067,13:12:46,11.22,-0.01,166,186252,买盘
1068,13:12:41,11.23,0.02,8,8984,买盘
1069,13:12:36,11.21,-0.01,82,91922,卖盘
1070,13:12:31,11.22,--,53,59466,卖盘
1071,13:12:26,11.22,--,19,21318,卖盘
1072,13:12:21,11.22,--,82,92004,卖盘
1073,13:12:16,11.22,0.01,46,51612,卖盘
1074,13:12:11,11.21,-0.02,41,45961,卖盘
1075,13:12:06,11.23,0.03,45,50535,买盘
1076,13:12:01,11.2,-0.02,46,51520,卖盘
1077,13:11:56,11.22,0.01,36,40392,买盘
1078,13:11:51,11.21,-0.01,100,112100,卖盘
1079,13:11:46,11.22,0.01,55,61710,买盘
1080,13:11:41,11.21,--,2,2242,卖盘
1081,13:11:36,11.21,-0.01,38,42598,卖盘
1082,13:11:31,11.22,0.01,111,124542,买盘
1083,13:11:26,11.21,--,49,54929,卖盘
1084,13:11:21,11.21,--,32,35872,卖盘
1085,13:11:16,11.21,--,97,108737,卖盘
1086,13:11:06,11.21,--,127,142367,卖盘
1087,13:11:01,11.21,--,44,49850,卖盘
1088,13:10:56,11.21,--,41,47003,卖盘
1089,13:10:51,11.21,--,42,47082,卖盘
1090,13:10:46,11.21,--,38,42598,卖盘
1091,13:10:41,11.21,0.01,281,315001,买盘
1092,13:10:36,11.2,-0.01,58,64959,卖盘
1093,13:10:31,11.21,0.01,96,107616,买盘
1094,13:10:26,11.2,--,138,154560,卖盘
1095,13:10:21,11.2,--,156,174720,卖盘
1096,13:10:16,11.2,--,45,50400,卖盘
1097,13:10:11,11.2,--,45,50400,卖盘
1098,13:10:06,11.2,--,131,146720,卖盘
1099,13:10:01,11.2,--,95,106400,卖盘
1100,13:09:56,11.2,--,45,50400,卖盘
1101,13:09:51,11.2,--,227,254239,卖盘
1102,13:09:46,11.2,--,101,113120,卖盘
1103,13:09:41,11.2,-0.01,75,84000,卖盘
1104,13:09:36,11.21,0.01,117,131157,买盘
1105,13:09:31,11.2,-0.01,103,115359,卖盘
1106,13:09:26,11.21,0.01,42,47082,买盘
1107,13:09:21,11.2,--,71,79520,卖盘
1108,13:09:16,11.2,-0.01,1694,1897279,卖盘
1109,13:09:11,11.21,--,89,99769,买盘
1110,13:09:06,11.21,--,1081,1212641,买盘
1111,13:09:01,11.21,0.01,529,593009,买盘
1112,13:08:56,11.2,-0.01,50,56728,卖盘
1113,13:08:51,11.21,-0.01,30,33630,买盘
1114,13:08:46,11.22,--,214,240108,买盘
1115,13:08:41,11.22,0.01,49,54978,买盘
1116,13:08:36,11.21,--,568,636728,卖盘
1117,13:08:31,11.21,--,2,2242,卖盘
1118,13:08:26,11.21,-0.02,1000,1121000,卖盘
1119,13:08:21,11.23,--,183,205509,卖盘
1120,13:08:16,11.23,--,5404,6068692,买盘
1121,13:08:06,11.23,--,82,92086,卖盘
1122,13:08:01,11.23,--,64,71872,卖盘
1123,13:07:56,11.23,--,98,110054,买盘
1124,13:07:50,11.23,0.01,62,69626,买盘
1125,13:07:46,11.22,--,50,56100,卖盘
1126,13:07:41,11.22,-0.01,81,90882,卖盘
1127,13:07:36,11.23,--,55,61765,买盘
1128,13:07:31,11.23,--,87,97701,买盘
1129,13:07:26,11.23,-0.01,135,151605,卖盘
1130,13:07:16,11.24,0.01,6,6744,买盘
1131,13:07:10,11.23,--,35,39305,卖盘
1132,13:07:05,11.23,--,15,17923,卖盘
1133,13:07:01,11.23,--,37,42045,卖盘
1134,13:06:56,11.23,--,15,16845,卖盘
1135,13:06:46,11.23,--,108,121284,卖盘
1136,13:06:40,11.23,--,4,4492,卖盘
1137,13:06:35,11.23,--,24,26952,卖盘
1138,13:06:30,11.23,--,41,46043,卖盘
1139,13:06:25,11.23,-0.01,44,49412,卖盘
1140,13:06:20,11.24,0.01,32,35968,买盘
1141,13:06:15,11.23,-0.01,98,110054,卖盘
1142,13:06:09,11.24,0.01,41,46084,买盘
1143,13:06:05,11.23,-0.01,20,22460,卖盘
1144,13:06:00,11.24,0.01,50,56200,买盘
1145,13:05:55,11.23,--,30,33690,卖盘
1146,13:05:50,11.23,-0.01,25,28075,卖盘
1147,13:05:45,11.24,--,65,73060,买盘
1148,13:05:39,11.24,--,13,14612,买盘
1149,13:05:35,11.24,-0.01,5,5620,买盘
1150,13:05:25,11.25,0.01,80,90000,买盘
1151,13:05:19,11.24,--,5,5620,卖盘
1152,13:05:15,11.24,--,263,295612,卖盘
1153,13:05:09,11.24,--,38,42712,卖盘
1154,13:05:05,11.24,--,139,156236,买盘
1155,13:05:00,11.24,--,264,296736,买盘
1156,13:04:55,11.24,--,53,59572,买盘
1157,13:04:45,11.24,--,10,11240,买盘
1158,13:04:40,11.24,--,336,377664,买盘
1159,13:04:30,11.24,--,39,43836,买盘
1160,13:04:25,11.24,--,61,68564,买盘
1161,13:04:19,11.24,0.01,13,14612,买盘
1162,13:04:15,11.23,--,310,348130,卖盘
1163,13:04:10,11.23,--,43,48289,卖盘
1164,13:04:05,11.23,--,120,134760,买盘
1165,13:04:00,11.23,--,102,114546,买盘
1166,13:03:54,11.23,--,21,23583,买盘
1167,13:03:49,11.23,--,6,6738,买盘
1168,13:03:45,11.23,-0.01,70,78610,卖盘
1169,13:03:40,11.24,0.01,160,179840,买盘
1170,13:03:34,11.23,--,2,2246,卖盘
1171,13:03:30,11.23,--,253,284119,卖盘
1172,13:03:25,11.23,--,2,2246,卖盘
1173,13:03:15,11.23,--,14,15722,卖盘
1174,13:03:10,11.23,0.01,335,376205,买盘
1175,13:03:05,11.22,--,62,69564,卖盘
1176,13:03:00,11.22,-0.01,41,46002,卖盘
1177,13:02:55,11.23,0.01,57,64011,卖盘
1178,13:02:39,11.22,--,0,0,卖盘
1179,13:02:30,11.22,-0.01,283,317526,卖盘
1180,13:02:19,11.23,--,35,39305,买盘
1181,13:02:15,11.23,-0.01,202,226846,卖盘
1182,13:02:10,11.24,0.01,631,709244,买盘
1183,13:02:04,11.23,-0.01,8,8984,买盘
1184,13:02:00,11.24,0.01,87,97788,买盘
1185,13:01:55,11.23,--,329,369467,卖盘
1186,13:01:49,11.23,--,13,14599,卖盘
1187,13:01:45,11.23,0.01,213,239199,买盘
1188,13:01:40,11.22,-0.01,59,66198,卖盘
1189,13:01:19,11.23,--,67,75241,卖盘
1190,13:01:15,11.23,--,98,110054,卖盘
1191,13:01:10,11.23,-0.01,204,229092,中性盘
1192,13:01:04,11.24,--,145,162980,买盘
1193,13:01:00,11.24,--,113,127012,买盘
1194,13:00:55,11.24,-0.01,27,30348,中性盘
1195,13:00:49,11.25,--,36,40500,买盘
1196,13:00:44,11.25,--,356,401118,买盘
1197,13:00:39,11.25,0.01,27,30375,买盘
1198,13:00:34,11.24,--,5,6125,卖盘
1199,13:00:29,11.24,-0.01,23,25852,卖盘
1200,13:00:25,11.25,0.03,718,807750,买盘
1201,13:00:19,11.22,--,81,90882,买盘
1202,13:00:13,11.22,--,11,12342,买盘
1203,13:00:09,11.22,0.02,3645,4090060,买盘
1204,13:00:04,11.2,0.01,362,405440,买盘
1205,11:30:00,11.19,--,0,0,卖盘
1206,11:30:00,11.19,-0.01,5,5595,卖盘
1207,11:29:59,11.2,0.01,13,14559,买盘
1208,11:29:55,11.19,--,954,1068074,买盘
1209,11:29:50,11.19,--,39,43641,买盘
1210,11:29:46,11.19,0.01,174,194706,买盘
1211,11:29:40,11.18,-0.01,50,55900,卖盘
1212,11:29:35,11.19,0.01,4,4476,买盘
1213,11:29:31,11.18,-0.01,80,89440,卖盘
1214,11:29:25,11.19,0.01,163,182397,买盘
1215,11:29:20,11.18,--,273,305214,买盘
1216,11:29:15,11.18,--,66,73788,买盘
1217,11:29:10,11.18,--,95,106210,买盘
1218,11:29:00,11.18,--,100,111800,买盘
1219,11:28:55,11.18,--,33,36894,买盘
1220,11:28:50,11.18,--,1,1118,买盘
1221,11:28:35,11.18,--,243,271674,买盘
1222,11:28:30,11.18,--,3,3354,买盘
1223,11:28:25,11.18,--,141,157638,买盘
1224,11:28:20,11.18,0.01,99,110682,买盘
1225,11:28:15,11.17,--,198,221166,买盘
1226,11:28:10,11.17,--,4,4468,买盘
1227,11:28:05,11.17,--,3,3351,买盘
1228,11:28:00,11.17,0.01,45,50265,买盘
1229,11:27:55,11.16,--,22,24552,卖盘
1230,11:27:50,11.16,-0.01,45,50220,卖盘
1231,11:27:40,11.17,--,15,16755,买盘
1232,11:27:25,11.17,--,5,5585,买盘
1233,11:27:20,11.17,--,28,31276,买盘
1234,11:27:10,11.17,--,7,7819,买盘
1235,11:27:05,11.17,0.01,446,498182,买盘
1236,11:27:00,11.16,--,19,21204,买盘
1237,11:26:55,11.16,0.01,14,15624,买盘
1238,11:26:50,11.15,-0.01,5,5575,卖盘
1239,11:26:45,11.16,--,4,4464,买盘
1240,11:26:40,11.16,--,16,17856,买盘
1241,11:26:35,11.16,0.01,24,26784,买盘
1242,11:26:30,11.15,--,11,12265,买盘
1243,11:26:25,11.15,--,33,36795,买盘
1244,11:26:20,11.15,--,18,20070,买盘
1245,11:26:10,11.15,--,59,65785,买盘
1246,11:26:05,11.15,--,70,78050,买盘
1247,11:25:50,11.15,--,67,74705,卖盘
1248,11:25:45,11.15,--,30,33450,买盘
1249,11:25:40,11.15,--,20,22300,买盘
1250,11:25:35,11.15,--,1,1115,买盘
1251,11:25:25,11.15,-0.01,171,190665,卖盘
1252,11:25:20,11.16,0.01,65,72540,买盘
1253,11:25:10,11.15,--,2,2230,卖盘
1254,11:25:05,11.15,--,14,15610,卖盘
1255,11:24:55,11.15,--,104,115960,卖盘
1256,11:24:50,11.15,--,21,23415,卖盘
1257,11:24:40,11.15,--,126,140490,卖盘
1258,11:24:35,11.15,--,65,72475,卖盘
1259,11:24:25,11.15,--,19,21185,卖盘
1260,11:24:20,11.15,--,8,8920,卖盘
1261,11:24:05,11.15,-0.01,38,42370,卖盘
1262,11:23:55,11.16,0.01,78,87048,买盘
1263,11:23:45,11.15,--,17,18955,卖盘
1264,11:23:40,11.15,0.01,29,32335,买盘
1265,11:23:35,11.14,-0.02,114,126996,卖盘
1266,11:23:30,11.16,0.01,59,65844,买盘
1267,11:23:20,11.15,--,100,111500,卖盘
1268,11:23:15,11.15,--,3,3345,卖盘
1269,11:23:05,11.15,--,12,13380,卖盘
1270,11:23:00,11.15,-0.01,147,163905,卖盘
1271,11:22:54,11.16,--,56,62496,买盘
1272,11:22:49,11.16,--,23,25668,买盘
1273,11:22:45,11.16,--,66,73656,卖盘
1274,11:22:39,11.16,--,30,33480,卖盘
1275,11:22:34,11.16,-0.01,100,111600,卖盘
1276,11:22:28,11.17,--,17,18989,买盘
1277,11:22:19,11.17,0.01,48,53616,买盘
1278,11:22:13,11.16,-0.01,49,54684,卖盘
1279,11:22:09,11.17,--,3,3351,买盘
1280,11:21:58,11.17,--,18,20106,卖盘
1281,11:21:49,11.17,--,16,17872,买盘
1282,11:21:43,11.17,--,14,15638,买盘
1283,11:21:38,11.17,--,29,32393,买盘
1284,11:21:28,11.17,--,174,194358,卖盘
1285,11:21:24,11.17,-0.01,101,112817,卖盘
1286,11:21:19,11.18,0.01,205,229190,买盘
1287,11:21:13,11.17,--,148,165316,买盘
1288,11:21:09,11.17,--,18,20106,买盘
1289,11:21:04,11.17,--,114,127338,买盘
1290,11:20:58,11.17,0.01,1,1117,买盘
1291,11:20:54,11.16,-0.01,9,10044,卖盘
1292,11:20:49,11.17,--,23,25691,买盘
1293,11:20:43,11.17,0.01,120,134040,买盘
1294,11:20:39,11.16,--,10,11160,卖盘
1295,11:20:34,11.16,-0.01,143,159588,卖盘
1296,11:20:28,11.17,--,62,69254,买盘
1297,11:20:24,11.17,0.01,77,86009,买盘
1298,11:20:19,11.16,-0.01,33,36828,卖盘
1299,11:20:13,11.17,--,44,49148,买盘
1300,11:20:04,11.17,--,3,3351,买盘
1301,11:19:58,11.17,0.01,30,33510,买盘
1302,11:19:53,11.16,--,7,7812,卖盘
1303,11:19:49,11.16,--,50,55800,卖盘
1304,11:19:43,11.16,--,43,47988,卖盘
1305,11:19:39,11.16,--,132,147312,卖盘
1306,11:19:34,11.16,--,28,31248,卖盘
1307,11:19:24,11.16,--,6,6696,卖盘
1308,11:19:19,11.16,--,13,14508,卖盘
1309,11:19:13,11.16,-0.01,1,1116,卖盘
1310,11:19:08,11.17,0.01,55,61435,买盘
1311,11:19:04,11.16,-0.01,13,14508,卖盘
1312,11:18:53,11.17,0.01,20,22340,买盘
1313,11:18:49,11.16,-0.02,10,11160,卖盘
1314,11:18:43,11.18,0.01,41,45838,买盘
1315,11:18:38,11.17,--,6,6702,买盘
1316,11:18:34,11.17,0.01,4,4468,买盘
1317,11:18:28,11.16,-0.02,72,80352,卖盘
1318,11:18:23,11.18,0.01,35,39130,买盘
1319,11:18:19,11.17,--,3,3351,卖盘
1320,11:18:13,11.17,--,323,360791,卖盘
1321,11:18:08,11.17,-0.01,4,4468,卖盘
1322,11:18:04,11.18,--,473,528814,买盘
1323,11:17:58,11.18,--,11,12298,买盘
1324,11:17:49,11.18,-0.01,15,16770,买盘
1325,11:17:43,11.19,0.01,41,45879,买盘
1326,11:17:34,11.18,--,126,140868,中性盘
1327,11:17:28,11.18,--,33,36894,卖盘
1328,11:17:23,11.18,--,10,11180,卖盘
1329,11:17:19,11.18,--,72,80496,买盘
1330,11:17:13,11.18,--,140,156520,买盘
1331,11:17:08,11.18,-0.01,123,137514,卖盘
1332,11:17:04,11.19,0.01,85,95115,买盘
1333,11:16:58,11.18,--,159,177762,卖盘
1334,11:16:53,11.18,--,590,659620,卖盘
1335,11:16:49,11.18,-0.01,455,508690,卖盘
1336,11:16:43,11.19,--,24,26856,买盘
1337,11:16:34,11.19,0.02,235,262965,买盘
1338,11:16:28,11.17,-0.02,17,18989,卖盘
1339,11:16:23,11.19,0.02,350,391650,买盘
1340,11:16:19,11.17,-0.01,1632,1822944,卖盘
1341,11:16:13,11.18,0.01,80,89440,买盘
1342,11:16:02,11.17,--,125,139625,买盘
1343,11:15:58,11.17,-0.01,16,17872,卖盘
1344,11:15:53,11.18,0.01,395,441610,买盘
1345,11:15:47,11.17,--,40,44680,买盘
1346,11:15:43,11.17,-0.01,50,55850,卖盘
1347,11:15:38,11.18,0.01,153,172093,买盘
1348,11:15:32,11.17,--,29,32471,买盘
1349,11:15:28,11.17,--,26,29042,买盘
1350,11:15:17,11.17,--,0,0,买盘
1351,11:15:13,11.17,0.01,512,571904,买盘
1352,11:15:08,11.16,--,184,205344,买盘
1353,11:14:58,11.16,--,76,84816,买盘
1354,11:14:52,11.16,--,243,271188,买盘
1355,11:14:47,11.16,--,12,13392,买盘
1356,11:14:43,11.16,0.01,86,95976,买盘
1357,11:14:37,11.15,-0.01,65,72475,中性盘
1358,11:14:32,11.16,--,236,263376,买盘
1359,11:14:28,11.16,0.01,35,39060,买盘
1360,11:14:22,11.15,0.01,834,929910,买盘
1361,11:14:17,11.14,-0.01,432,481248,卖盘
1362,11:14:13,11.15,0.01,18,20070,买盘
1363,11:14:07,11.14,--,28,31192,卖盘
1364,11:13:52,11.14,--,35,38990,卖盘
1365,11:13:47,11.14,-0.01,44,49016,卖盘
1366,11:13:43,11.15,--,50,55750,买盘
1367,11:13:37,11.15,0.01,16,17840,买盘
1368,11:13:28,11.14,--,43,47902,卖盘
1369,11:13:22,11.14,--,6,6684,卖盘
1370,11:13:17,11.14,0.01,254,282956,买盘
1371,11:13:13,11.13,--,10,11130,卖盘
1372,11:13:07,11.13,--,64,71232,卖盘
1373,11:13:02,11.13,--,40,44520,卖盘
1374,11:12:52,11.13,-0.01,46,51198,卖盘
1375,11:12:43,11.14,--,1,1114,买盘
1376,11:12:37,11.14,--,87,96918,买盘
1377,11:12:28,11.14,--,10,11140,买盘
1378,11:12:22,11.14,--,25,27850,买盘
1379,11:12:13,11.14,--,415,462310,卖盘
1380,11:12:07,11.14,--,15,16710,卖盘
1381,11:11:58,11.14,-0.01,25,27850,卖盘
1382,11:11:52,11.15,0.01,1,1115,买盘
1383,11:11:47,11.14,--,11,12254,卖盘
1384,11:11:43,11.14,--,140,155960,卖盘
1385,11:11:37,11.14,--,80,89120,卖盘
1386,11:11:32,11.14,-0.01,133,148162,卖盘
1387,11:11:28,11.15,--,12,13380,买盘
1388,11:11:22,11.15,--,5,5575,买盘
1389,11:11:07,11.15,-0.01,73,81395,卖盘
1390,11:11:02,11.16,0.01,101,112716,买盘
1391,11:10:58,11.15,--,3,3345,卖盘
1392,11:10:52,11.15,--,11,12265,卖盘
1393,11:10:47,11.15,0.01,106,118190,买盘
1394,11:10:43,11.14,--,225,250650,卖盘
1395,11:10:37,11.14,-0.01,4,4456,卖盘
1396,11:10:32,11.15,0.01,78,86970,买盘
1397,11:10:28,11.14,-0.01,51,56814,卖盘
1398,11:10:22,11.15,0.01,1,1115,买盘
1399,11:10:17,11.14,-0.01,59,65726,卖盘
1400,11:10:13,11.15,--,25,27875,买盘
1401,11:10:07,11.15,-0.01,402,448230,卖盘
1402,11:10:02,11.16,0.01,250,279000,买盘
1403,11:09:58,11.15,--,41,45715,卖盘
1404,11:09:52,11.15,--,495,551925,卖盘
1405,11:09:43,11.15,-0.01,64,71360,卖盘
1406,11:09:37,11.16,--,24,26784,买盘
1407,11:09:28,11.16,--,189,211961,卖盘
1408,11:09:22,11.16,--,217,242172,卖盘
1409,11:09:17,11.16,-0.01,539,601524,卖盘
1410,11:09:12,11.17,--,72,80424,买盘
1411,11:09:07,11.17,0.01,124,138508,买盘
1412,11:09:02,11.16,--,50,55800,卖盘
1413,11:08:57,11.16,-0.01,193,215388,卖盘
1414,11:08:52,11.17,0.01,397,443527,买盘
1415,11:08:47,11.16,--,121,135036,买盘
1416,11:08:42,11.16,--,739,824724,买盘
1417,11:08:37,11.16,--,22,24552,买盘
1418,11:08:32,11.16,--,424,473184,买盘
1419,11:08:26,11.16,0.01,40,44640,买盘
1420,11:08:22,11.15,0.03,1840,2051600,买盘
1421,11:08:17,11.12,-0.01,528,587136,卖盘
1422,11:08:11,11.13,0.01,1559,1735167,买盘
1423,11:08:07,11.12,--,158,175696,买盘
1424,11:08:02,11.12,--,5,5560,买盘
1425,11:07:56,11.12,0.01,4,4448,买盘
1426,11:07:52,11.11,--,50,55550,卖盘
1427,11:07:47,11.11,--,104,115544,买盘
1428,11:07:41,11.11,--,97,107767,买盘
1429,11:07:37,11.11,0.01,71,78881,买盘
1430,11:07:32,11.1,-0.01,30,33300,卖盘
1431,11:07:26,11.11,--,8,8888,买盘
1432,11:07:22,11.11,--,28,31108,买盘
1433,11:07:16,11.11,--,63,69993,买盘
1434,11:07:07,11.11,-0.01,161,178871,卖盘
1435,11:07:01,11.12,0.01,80,88960,买盘
1436,11:06:52,11.11,--,49,54439,卖盘
1437,11:06:41,11.11,-0.01,30,33330,卖盘
1438,11:06:31,11.12,0.01,50,55599,买盘
1439,11:06:26,11.11,--,18,19998,卖盘
1440,11:06:22,11.11,--,59,65549,卖盘
1441,11:06:16,11.11,--,49,54439,卖盘
1442,11:06:11,11.11,--,17,18887,卖盘
1443,11:06:07,11.11,--,12,13332,卖盘
1444,11:06:01,11.11,--,70,77770,卖盘
1445,11:05:52,11.11,--,139,154429,卖盘
1446,11:05:46,11.11,--,103,114433,卖盘
1447,11:05:41,11.11,--,201,223311,卖盘
1448,11:05:37,11.11,0.01,137,152207,买盘
1449,11:05:31,11.1,-0.01,28,31080,卖盘
1450,11:05:22,11.11,--,200,222200,买盘
1451,11:05:11,11.11,--,421,467731,卖盘
1452,11:05:07,11.11,--,43,47773,卖盘
1453,11:05:01,11.11,--,380,422180,卖盘
1454,11:04:56,11.11,--,23,25553,卖盘
1455,11:04:52,11.11,--,46,51106,卖盘
1456,11:04:46,11.11,--,126,139986,卖盘
1457,11:04:41,11.11,--,197,218867,卖盘
1458,11:04:31,11.11,--,220,244420,卖盘
1459,11:04:26,11.11,--,20,22220,卖盘
1460,11:04:22,11.11,--,32,35552,卖盘
1461,11:04:16,11.11,0.01,249,276639,买盘
1462,11:04:07,11.1,--,14,15540,卖盘
1463,11:04:01,11.1,-0.01,10,11100,卖盘
1464,11:03:56,11.11,--,400,444400,买盘
1465,11:03:52,11.11,--,21,23331,买盘
1466,11:03:46,11.11,0.01,47,52217,买盘
1467,11:03:37,11.1,--,3,3330,卖盘
1468,11:03:31,11.1,-0.02,105,116550,卖盘
1469,11:03:22,11.12,0.01,397,441463,买盘
1470,11:03:16,11.11,--,404,448844,卖盘
1471,11:03:07,11.11,-0.01,272,302192,卖盘
1472,11:03:01,11.12,--,61,67832,买盘
1473,11:02:56,11.12,0.01,15,16680,买盘
1474,11:02:52,11.11,--,101,112211,卖盘
1475,11:02:46,11.11,-0.01,6,6666,卖盘
1476,11:02:41,11.12,--,60,66720,买盘
1477,11:02:37,11.12,--,32,35584,买盘
1478,11:02:31,11.12,--,58,64495,买盘
1479,11:02:21,11.12,0.01,109,121207,买盘
1480,11:02:16,11.11,--,70,77770,买盘
1481,11:02:01,11.11,0.01,71,78881,买盘
1482,11:01:56,11.1,0.01,1478,1640702,买盘
1483,11:01:51,11.09,--,143,158587,买盘
1484,11:01:46,11.09,0.01,410,454690,买盘
1485,11:01:36,11.08,--,131,145148,卖盘
1486,11:01:31,11.08,-0.01,11,12188,卖盘
1487,11:01:16,11.09,--,4,4436,买盘
1488,11:01:06,11.09,0.01,217,240653,买盘
1489,11:01:01,11.08,-0.01,275,304700,卖盘
1490,11:00:46,11.09,0.02,11,12199,买盘
1491,11:00:41,11.07,-0.01,420,464940,卖盘
1492,11:00:35,11.08,0.02,37,40996,买盘
1493,11:00:31,11.06,-0.03,428,473368,卖盘
1494,11:00:26,11.09,0.01,530,587770,买盘
1495,11:00:20,11.08,--,7,7756,买盘
1496,11:00:16,11.08,0.01,79,87532,买盘
1497,11:00:11,11.07,0.01,44,48708,买盘
1498,11:00:01,11.06,-0.01,40,44240,卖盘
1499,10:59:50,11.07,--,10,11070,买盘
1500,10:59:46,11.07,-0.01,105,116235,卖盘
1501,10:59:41,11.08,0.01,101,111908,买盘
1502,10:59:26,11.07,-0.01,207,229149,卖盘
1503,10:59:20,11.08,--,11,12188,买盘
1504,10:59:10,11.08,--,10,11080,买盘
1505,10:59:01,11.08,-0.01,166,183928,卖盘
1506,10:58:55,11.09,0.01,40,44360,买盘
1507,10:58:50,11.08,--,20,22160,卖盘
1508,10:58:46,11.08,--,7,7756,卖盘
1509,10:58:40,11.08,--,10,11080,卖盘
1510,10:58:35,11.08,-0.01,3,3324,卖盘
1511,10:58:31,11.09,--,7,7763,买盘
1512,10:58:25,11.09,--,7,7763,买盘
1513,10:58:16,11.09,--,17,18853,买盘
1514,10:58:10,11.09,--,121,134189,卖盘
1515,10:58:05,11.09,--,35,38815,买盘
1516,10:58:01,11.09,--,21,23289,买盘
1517,10:57:55,11.09,--,81,89829,买盘
1518,10:57:46,11.09,--,310,343790,买盘
1519,10:57:40,11.09,0.01,67,74303,买盘
1520,10:57:35,11.08,--,50,55400,卖盘
1521,10:57:31,11.08,-0.01,50,55400,卖盘
1522,10:57:25,11.09,0.01,31,34379,买盘
1523,10:57:20,11.08,--,20,22160,卖盘
1524,10:57:16,11.08,-0.01,6,6648,卖盘
1525,10:57:10,11.09,0.01,100,110900,买盘
1526,10:56:55,11.08,--,57,63156,卖盘
1527,10:56:50,11.08,--,79,87532,卖盘
1528,10:56:46,11.08,-0.01,20,22160,卖盘
1529,10:56:40,11.09,0.01,45,49905,买盘
1530,10:56:35,11.08,--,19,21052,买盘
1531,10:56:31,11.08,--,103,114124,买盘
1532,10:56:25,11.08,--,402,445416,买盘
1533,10:56:20,11.08,0.01,1,1108,买盘
1534,10:56:01,11.07,0.01,281,311067,买盘
1535,10:55:55,11.06,--,8,8848,卖盘
1536,10:55:50,11.06,-0.01,23,25438,卖盘
1537,10:55:45,11.07,--,12,13284,买盘
1538,10:55:40,11.07,--,11,12177,买盘
1539,10:55:35,11.07,0.01,171,189297,买盘
1540,10:55:30,11.06,--,55,60830,买盘
1541,10:55:25,11.06,--,35,38710,买盘
1542,10:55:20,11.06,--,16,17696,买盘
1543,10:55:15,11.06,0.01,47,51982,买盘
1544,10:55:10,11.05,-0.01,19,20995,卖盘
1545,10:55:05,11.06,--,79,87374,买盘
1546,10:55:00,11.06,--,43,47558,买盘
1547,10:54:55,11.06,--,15,16590,买盘
1548,10:54:45,11.06,0.01,89,98434,买盘
1549,10:54:40,11.05,-0.01,206,227630,卖盘
1550,10:54:30,11.06,--,530,586180,买盘
1551,10:54:20,11.06,0.01,1,1106,买盘
1552,10:54:15,11.05,-0.01,26,28730,卖盘
1553,10:54:10,11.06,0.01,72,79632,买盘
1554,10:54:05,11.05,--,9,9945,买盘
1555,10:54:00,11.05,0.01,10,11050,买盘
1556,10:53:55,11.04,-0.01,692,763967,卖盘
1557,10:53:50,11.05,--,35,38675,买盘
1558,10:53:40,11.05,--,30,33150,买盘
1559,10:53:35,11.05,0.01,1,1105,买盘
1560,10:53:30,11.04,--,3,3311,买盘
1561,10:53:25,11.04,--,27,29807,买盘
1562,10:53:15,11.04,--,53,58511,买盘
1563,10:53:10,11.04,--,55,60719,买盘
1564,10:53:05,11.04,0.01,53,58511,买盘
1565,10:53:00,11.03,-0.01,60,66180,卖盘
1566,10:52:55,11.04,--,67,73968,买盘
1567,10:52:45,11.04,--,1,1104,买盘
1568,10:52:40,11.04,--,40,44160,买盘
1569,10:52:35,11.04,0.01,200,220799,买盘
1570,10:52:25,11.03,--,100,110300,卖盘
1571,10:52:20,11.03,-0.01,108,119124,卖盘
1572,10:52:10,11.04,--,20,22080,买盘
1573,10:52:05,11.04,--,4,4416,买盘
1574,10:51:59,11.04,--,110,121439,买盘
1575,10:51:50,11.04,--,179,197615,卖盘
1576,10:51:40,11.04,-0.01,1,1104,卖盘
1577,10:51:25,11.05,-0.01,118,130390,卖盘
1578,10:51:19,11.06,0.01,8,8848,买盘
1579,10:51:14,11.05,--,90,99450,卖盘
1580,10:51:10,11.05,--,44,48620,卖盘
1581,10:51:04,11.05,--,63,69615,卖盘
1582,10:50:59,11.05,--,95,104975,卖盘
1583,10:50:55,11.05,-0.01,11,12155,卖盘
1584,10:50:49,11.06,0.01,2,2212,买盘
1585,10:50:40,11.05,-0.01,241,266305,卖盘
1586,10:50:34,11.06,--,24,26544,买盘
1587,10:50:29,11.06,0.01,32,35392,买盘
1588,10:50:25,11.05,-0.01,7,7735,卖盘
1589,10:50:19,11.06,0.01,4,4424,买盘
1590,10:50:14,11.05,--,30,33150,卖盘
1591,10:50:10,11.05,-0.01,179,197795,卖盘
1592,10:50:04,11.06,0.01,861,952266,买盘
1593,10:49:59,11.05,-0.01,50,55250,卖盘
1594,10:49:49,11.06,0.01,11,12166,买盘
1595,10:49:44,11.05,--,55,60775,卖盘
1596,10:49:40,11.05,-0.01,40,44200,卖盘
1597,10:49:25,11.06,0.01,1,1106,买盘
1598,10:49:19,11.05,--,6,6630,卖盘
1599,10:49:10,11.05,-0.01,150,165750,卖盘
1600,10:49:04,11.06,0.01,11,12166,买盘
1601,10:48:54,11.05,-0.01,110,121550,卖盘
1602,10:48:49,11.06,0.01,120,132720,买盘
1603,10:48:39,11.05,--,20,22100,卖盘
1604,10:48:34,11.05,--,5,5525,卖盘
1605,10:48:29,11.05,--,17,18785,卖盘
1606,10:48:24,11.05,--,80,88400,卖盘
1607,10:48:14,11.05,--,51,56355,卖盘
1608,10:48:09,11.05,-0.01,8,8840,卖盘
1609,10:48:04,11.06,--,1,1106,买盘
1610,10:47:54,11.06,--,7,7742,买盘
1611,10:47:49,11.06,--,16,17696,买盘
1612,10:47:39,11.06,--,5,5530,买盘
1613,10:47:29,11.06,--,1,1106,买盘
1614,10:47:24,11.06,0.01,2,2212,买盘
1615,10:47:19,11.05,-0.01,23,25415,卖盘
1616,10:47:09,11.06,--,54,59724,买盘
1617,10:47:04,11.06,--,11,12166,买盘
1618,10:46:49,11.06,--,9,9954,买盘
1619,10:46:44,11.06,--,1,1106,买盘
1620,10:46:34,11.06,--,70,77420,买盘
1621,10:46:24,11.06,--,49,54194,买盘
1622,10:46:19,11.06,-0.01,129,142674,卖盘
1623,10:46:14,11.07,--,1,1107,买盘
1624,10:46:09,11.07,0.01,33,36531,买盘
1625,10:46:04,11.06,--,1,1106,买盘
1626,10:45:59,11.06,--,1,1106,买盘
1627,10:45:54,11.06,--,36,39816,买盘
1628,10:45:49,11.06,--,11,12166,卖盘
1629,10:45:44,11.06,--,53,58618,卖盘
1630,10:45:34,11.06,--,16,17696,卖盘
1631,10:45:29,11.06,-0.01,5,5530,卖盘
1632,10:45:23,11.07,0.01,10,11070,买盘
1633,10:45:19,11.06,--,4,4424,卖盘
1634,10:45:14,11.06,-0.01,41,45346,卖盘
1635,10:45:04,11.07,--,17,18819,买盘
1636,10:44:44,11.07,0.01,1,1107,买盘
1637,10:44:34,11.06,-0.01,6,6636,卖盘
1638,10:44:23,11.07,0.01,4,4428,买盘
1639,10:44:14,11.06,-0.01,33,36498,卖盘
1640,10:44:04,11.07,0.01,136,150552,买盘
1641,10:43:59,11.06,-0.01,8,8848,卖盘
1642,10:43:49,11.07,--,21,23247,买盘
1643,10:43:44,11.07,0.01,1,1107,买盘
1644,10:43:34,11.06,--,7,7742,卖盘
1645,10:43:19,11.06,-0.01,2,2212,中性盘
1646,10:43:13,11.07,0.01,15,16605,买盘
1647,10:43:08,11.06,0.01,2,2212,买盘
1648,10:43:04,11.05,--,29,32045,卖盘
1649,10:42:58,11.05,--,94,103870,卖盘
1650,10:42:34,11.05,-0.01,43,47515,卖盘
1651,10:42:28,11.06,--,128,141568,卖盘
1652,10:42:19,11.06,--,15,16590,卖盘
1653,10:42:13,11.06,-0.01,48,53088,卖盘
1654,10:42:08,11.07,0.01,20,22140,买盘
1655,10:42:04,11.06,--,3,3318,卖盘
1656,10:41:49,11.06,0.01,7,7742,卖盘
1657,10:41:43,11.05,--,20,22100,卖盘
1658,10:41:38,11.05,--,0,0,卖盘
1659,10:41:33,11.05,--,3,3315,卖盘
1660,10:41:28,11.05,--,5,5525,卖盘
1661,10:41:23,11.05,--,5,5525,卖盘
1662,10:41:18,11.05,-0.01,17,18785,卖盘
1663,10:41:13,11.06,--,67,74102,卖盘
1664,10:41:08,11.06,--,1,1106,卖盘
1665,10:41:03,11.06,--,54,59724,买盘
1666,10:40:58,11.06,--,36,39816,买盘
1667,10:40:53,11.06,0.01,12,13272,买盘
1668,10:40:48,11.05,-0.01,111,122655,卖盘
1669,10:40:43,11.06,-0.01,32,35392,卖盘
1670,10:40:38,11.07,0.01,1,1107,买盘
1671,10:40:33,11.06,--,13,14378,卖盘
1672,10:40:28,11.06,-0.01,92,101752,卖盘
1673,10:40:23,11.07,0.01,28,30996,买盘
1674,10:40:18,11.06,--,246,272076,卖盘
1675,10:40:13,11.06,--,3,3318,卖盘
1676,10:40:08,11.06,-0.01,10,11060,卖盘
1677,10:40:03,11.07,0.01,1,1107,买盘
1678,10:39:58,11.06,-0.01,35,38710,卖盘
1679,10:39:53,11.07,0.01,1,1107,买盘
1680,10:39:43,11.06,-0.01,5,5530,卖盘
1681,10:39:38,11.07,0.01,1,1107,买盘
1682,10:39:33,11.06,--,69,76314,卖盘
1683,10:39:28,11.06,--,109,120554,卖盘
1684,10:39:18,11.06,0.01,431,476686,买盘
1685,10:39:13,11.05,--,34,37570,卖盘
1686,10:39:08,11.05,-0.01,9,9945,卖盘
1687,10:38:58,11.06,0.01,46,50876,买盘
1688,10:38:48,11.05,--,30,33150,卖盘
1689,10:38:43,11.05,--,170,187850,卖盘
1690,10:38:23,11.05,--,19,20995,卖盘
1691,10:38:18,11.05,--,34,37570,卖盘
1692,10:38:13,11.05,-0.01,40,44200,卖盘
1693,10:38:08,11.06,--,93,102858,买盘
1694,10:38:03,11.06,0.01,260,287560,买盘
1695,10:37:58,11.05,--,4,4420,卖盘
1696,10:37:48,11.05,--,19,20995,卖盘
1697,10:37:43,11.05,-0.01,62,68510,卖盘
1698,10:37:38,11.06,0.01,118,130508,买盘
1699,10:37:33,11.05,-0.01,96,106080,卖盘
1700,10:37:28,11.06,--,72,79632,卖盘
1701,10:37:23,11.06,--,20,22120,卖盘
1702,10:37:18,11.06,--,41,45346,卖盘
1703,10:37:13,11.06,-0.01,3,3318,卖盘
1704,10:37:08,11.07,--,27,29889,买盘
1705,10:37:02,11.07,0.01,5,5535,买盘
1706,10:36:58,11.06,--,73,80738,卖盘
1707,10:36:52,11.06,-0.01,76,84056,卖盘
1708,10:36:43,11.07,0.01,84,92988,买盘
1709,10:36:28,11.06,-0.01,232,256592,卖盘
1710,10:36:22,11.07,0.01,10,11070,买盘
1711,10:36:17,11.06,--,65,71890,卖盘
1712,10:36:13,11.06,--,110,121660,卖盘
1713,10:36:08,11.06,--,14,15484,卖盘
1714,10:35:58,11.06,--,535,591710,卖盘
1715,10:35:52,11.06,--,54,59724,卖盘
1716,10:35:47,11.06,-0.01,26,28756,卖盘
1717,10:35:43,11.07,0.01,3,3321,买盘
1718,10:35:37,11.06,-0.01,23,25438,卖盘
1719,10:35:32,11.07,0.01,1,1107,买盘
1720,10:35:27,11.06,-0.01,56,61936,卖盘
1721,10:35:22,11.07,0.01,50,55350,买盘
1722,10:35:02,11.06,--,50,55300,卖盘
1723,10:34:57,11.06,--,508,561848,卖盘
1724,10:34:52,11.06,-0.01,10,11060,卖盘
1725,10:34:42,11.07,0.01,20,22140,买盘
1726,10:34:37,11.06,-0.01,145,160370,卖盘
1727,10:34:32,11.07,0.01,6,6642,买盘
1728,10:34:27,11.06,--,69,76314,卖盘
1729,10:34:22,11.06,--,2,2212,卖盘
1730,10:34:07,11.06,-0.01,25,27650,卖盘
1731,10:33:52,11.07,--,27,29889,买盘
1732,10:33:47,11.07,--,1,1107,买盘
1733,10:33:42,11.07,--,1,1107,买盘
1734,10:33:37,11.07,--,69,76383,买盘
1735,10:33:12,11.07,0.01,101,111807,买盘
1736,10:33:07,11.06,-0.01,81,89586,卖盘
1737,10:33:02,11.07,--,1,1107,买盘
1738,10:32:57,11.07,0.01,1,1107,买盘
1739,10:32:52,11.06,--,4,4424,卖盘
1740,10:32:46,11.06,--,22,24332,卖盘
1741,10:32:37,11.06,--,8,8848,卖盘
1742,10:32:32,11.06,-0.01,5,5530,卖盘
1743,10:32:27,11.07,--,57,63099,买盘
1744,10:32:16,11.07,--,1,1107,买盘
1745,10:32:07,11.07,--,59,65313,卖盘
1746,10:31:57,11.07,--,11,12177,买盘
1747,10:31:47,11.07,--,10,11070,买盘
1748,10:31:32,11.07,--,1,1107,买盘
1749,10:31:27,11.07,--,28,30996,卖盘
1750,10:31:22,11.07,--,2,2214,卖盘
1751,10:31:17,11.07,--,10,11070,卖盘
1752,10:31:06,11.07,--,14,15498,卖盘
1753,10:31:02,11.07,-0.01,20,22140,卖盘
1754,10:30:57,11.08,0.01,69,76452,买盘
1755,10:30:52,11.07,-0.01,39,43173,卖盘
1756,10:30:46,11.08,0.01,1,1108,买盘
1757,10:30:42,11.07,--,1,1107,卖盘
1758,10:30:37,11.07,--,14,15498,卖盘
1759,10:30:32,11.07,--,10,11070,卖盘
1760,10:30:27,11.07,--,125,138375,卖盘
1761,10:30:12,11.07,-0.01,5,5535,卖盘
1762,10:30:02,11.08,0.01,13,14404,买盘
1763,10:29:57,11.07,--,75,83025,买盘
1764,10:29:52,11.07,--,110,121770,买盘
1765,10:29:31,11.07,--,69,76383,买盘
1766,10:29:27,11.07,--,13,14391,买盘
1767,10:29:22,11.07,--,3,3321,买盘
1768,10:29:17,11.07,-0.01,15,16605,买盘
1769,10:29:11,11.08,--,0,0,买盘
1770,10:29:07,11.08,0.02,124,137392,买盘
1771,10:29:01,11.06,-0.01,21,23226,卖盘
1772,10:28:56,11.07,-0.01,7,7749,卖盘
1773,10:28:52,11.08,--,0,0,买盘
1774,10:28:46,11.08,0.01,339,375612,买盘
1775,10:28:41,11.07,-0.01,110,121770,卖盘
1776,10:28:32,11.08,--,16,17728,买盘
1777,10:28:26,11.08,--,30,33240,买盘
1778,10:28:21,11.08,--,100,110800,买盘
1779,10:28:16,11.08,--,63,69804,卖盘
1780,10:28:10,11.08,--,71,78668,卖盘
1781,10:28:06,11.08,--,109,120772,卖盘
1782,10:28:01,11.08,--,10,11080,卖盘
1783,10:27:56,11.08,--,87,96396,买盘
1784,10:27:51,11.08,0.01,12,13296,买盘
1785,10:27:46,11.07,--,150,166050,卖盘
1786,10:27:40,11.07,--,16,17712,卖盘
1787,10:27:36,11.07,-0.01,336,371952,卖盘
1788,10:27:31,11.08,-0.01,1,1108,买盘
1789,10:27:25,11.09,0.01,35,38815,买盘
1790,10:27:21,11.08,--,76,84208,卖盘
1791,10:27:16,11.08,-0.01,109,120772,卖盘
1792,10:27:10,11.09,0.01,2,2218,买盘
1793,10:27:06,11.08,--,20,22160,卖盘
1794,10:27:01,11.08,0.01,971,1075989,买盘
1795,10:26:55,11.07,--,16,17712,买盘
1796,10:26:51,11.07,--,110,121770,买盘
1797,10:26:46,11.07,--,301,333207,买盘
1798,10:26:36,11.07,--,150,166050,买盘
1799,10:26:31,11.07,--,125,138375,买盘
1800,10:26:25,11.07,--,10,11070,买盘
1801,10:26:21,11.07,--,14,15498,买盘
1802,10:26:16,11.07,--,8,8856,买盘
1803,10:26:10,11.07,0.01,1,1107,买盘
1804,10:26:06,11.06,-0.01,57,63042,卖盘
1805,10:26:01,11.07,--,31,34317,买盘
1806,10:25:55,11.07,0.01,1,1107,买盘
1807,10:25:46,11.06,--,15,16590,卖盘
1808,10:25:36,11.06,-0.01,63,69678,卖盘
1809,10:25:31,11.07,0.01,45,49815,买盘
1810,10:25:25,11.06,-0.01,11,12166,卖盘
1811,10:25:21,11.07,0.01,195,215865,买盘
1812,10:25:16,11.06,--,263,290878,卖盘
1813,10:25:10,11.06,--,21,23226,卖盘
1814,10:25:06,11.06,-0.01,60,66360,卖盘
1815,10:25:01,11.07,0.01,8,8856,买盘
1816,10:24:55,11.06,-0.01,10,11060,卖盘
1817,10:24:46,11.07,--,18,19926,买盘
1818,10:24:40,11.07,0.01,239,264573,买盘
1819,10:24:36,11.06,--,4,4424,卖盘
1820,10:24:31,11.06,-0.01,162,179172,卖盘
1821,10:24:21,11.07,--,62,68634,买盘
1822,10:24:16,11.07,--,20,22140,买盘
1823,10:24:06,11.07,--,6,6642,买盘
1824,10:24:01,11.07,--,10,11070,买盘
1825,10:23:55,11.07,--,18,19926,买盘
1826,10:23:36,11.07,--,15,16605,买盘
1827,10:23:25,11.07,0.01,2,2214,买盘
1828,10:23:21,11.06,0.01,23,26333,买盘
1829,10:23:16,11.05,-0.01,71,78455,卖盘
1830,10:23:06,11.06,--,39,43134,买盘
1831,10:22:55,11.06,0.01,16,17696,买盘
1832,10:22:51,11.05,--,24,26520,卖盘
1833,10:22:46,11.05,-0.01,70,77350,卖盘
1834,10:22:40,11.06,--,27,29862,买盘
1835,10:22:35,11.06,--,3,3318,买盘
1836,10:22:30,11.06,--,7,7742,买盘
1837,10:22:25,11.06,--,6,6636,买盘
1838,10:22:20,11.06,--,5,5530,买盘
1839,10:22:16,11.06,--,4,4424,买盘
1840,10:22:10,11.06,0.01,15,16590,买盘
1841,10:22:06,11.05,--,28,30940,买盘
1842,10:22:00,11.05,--,1,1105,买盘
1843,10:21:55,11.05,--,5,5525,买盘
1844,10:21:49,11.05,--,100,110500,买盘
1845,10:21:45,11.05,--,10,11050,买盘
1846,10:21:40,11.05,0.01,21,23205,买盘
1847,10:21:30,11.04,-0.01,21,23184,卖盘
1848,10:21:25,11.05,--,6,6630,买盘
1849,10:21:19,11.05,--,10,11050,买盘
1850,10:21:10,11.05,--,249,275145,卖盘
1851,10:21:04,11.05,-0.01,17,18785,卖盘
1852,10:21:00,11.06,--,11,12166,买盘
1853,10:20:55,11.06,0.01,1,1106,买盘
1854,10:20:45,11.05,-0.01,5,5525,卖盘
1855,10:20:34,11.06,--,552,610512,买盘
1856,10:20:30,11.06,--,4,4424,买盘
1857,10:20:15,11.06,--,64,70784,买盘
1858,10:20:10,11.06,-0.01,150,166110,卖盘
1859,10:20:04,11.07,0.01,1,1107,买盘
1860,10:20:00,11.06,-0.01,30,33180,卖盘
1861,10:19:55,11.07,0.01,12,13284,买盘
1862,10:19:45,11.06,-0.01,10,11060,卖盘
1863,10:19:40,11.07,--,176,195772,买盘
1864,10:19:34,11.07,0.01,5,5535,买盘
1865,10:19:30,11.06,-0.01,58,64148,卖盘
1866,10:19:25,11.07,--,26,28782,买盘
1867,10:19:19,11.07,0.01,49,54243,买盘
1868,10:19:15,11.06,--,10,11060,卖盘
1869,10:19:10,11.06,-0.01,16,17696,卖盘
1870,10:19:00,11.07,--,15,16605,买盘
1871,10:18:49,11.07,--,1,1107,买盘
1872,10:18:40,11.07,--,140,154980,买盘
1873,10:18:34,11.07,0.01,23,25461,买盘
1874,10:18:30,11.06,--,114,126084,卖盘
1875,10:18:25,11.06,--,184,204565,买盘
1876,10:18:19,11.06,--,25,27650,买盘
1877,10:18:15,11.06,0.01,2,2212,买盘
1878,10:18:10,11.05,-0.01,73,80665,卖盘
1879,10:18:04,11.06,--,120,132720,买盘
1880,10:18:00,11.06,--,28,30968,买盘
1881,10:17:55,11.06,--,1,1106,买盘
1882,10:17:49,11.06,--,1,1106,买盘
1883,10:17:45,11.06,0.01,76,84056,买盘
1884,10:17:40,11.05,--,24,26520,卖盘
1885,10:17:34,11.05,--,8,8840,卖盘
1886,10:17:30,11.05,-0.01,200,221000,卖盘
1887,10:17:25,11.06,0.01,2,2212,买盘
1888,10:17:19,11.05,--,21,23205,买盘
1889,10:17:15,11.05,--,115,127075,买盘
1890,10:17:09,11.05,-0.01,208,229840,卖盘
1891,10:17:00,11.06,0.01,41,45346,买盘
1892,10:16:55,11.05,--,180,198900,买盘
1893,10:16:49,11.05,-0.01,27,29835,卖盘
1894,10:16:44,11.06,0.01,35,38710,买盘
1895,10:16:40,11.05,--,109,120445,买盘
1896,10:16:34,11.05,--,34,37570,买盘
1897,10:16:30,11.05,--,57,62985,买盘
1898,10:16:25,11.05,--,49,54145,卖盘
1899,10:16:19,11.05,--,46,50830,卖盘
1900,10:16:15,11.05,--,2,2210,卖盘
1901,10:15:59,11.05,--,10,11050,卖盘
1902,10:15:54,11.05,--,51,56355,卖盘
1903,10:15:49,11.05,-0.01,34,37570,卖盘
1904,10:15:44,11.06,0.01,4,4424,买盘
1905,10:15:39,11.05,-0.01,41,45305,卖盘
1906,10:15:29,11.06,--,1,1106,买盘
1907,10:15:24,11.06,--,91,100646,买盘
1908,10:15:19,11.06,--,18,20947,卖盘
1909,10:15:14,11.06,--,21,23226,卖盘
1910,10:15:09,11.06,--,95,105070,卖盘
1911,10:15:04,11.06,--,35,38710,卖盘
1912,10:14:58,11.06,--,5,5530,卖盘
1913,10:14:54,11.06,--,24,26544,卖盘
1914,10:14:49,11.06,--,10,11060,卖盘
1915,10:14:43,11.06,--,290,320806,买盘
1916,10:14:39,11.06,0.01,23,25438,买盘
1917,10:14:34,11.05,-0.01,5,5525,卖盘
1918,10:14:28,11.06,0.01,20,22120,买盘
1919,10:14:24,11.05,--,6,6630,卖盘
1920,10:14:19,11.05,0.01,133,146965,买盘
1921,10:14:13,11.04,-0.01,4,4416,卖盘
1922,10:14:04,11.05,0.01,22,24310,买盘
1923,10:13:58,11.04,--,8,8832,买盘
1924,10:13:49,11.04,--,18,19872,买盘
1925,10:13:43,11.04,0.02,149,164496,买盘
1926,10:13:39,11.02,-0.01,123,135546,卖盘
1927,10:13:34,11.03,--,35,38605,买盘
1928,10:13:28,11.03,--,13,14339,买盘
1929,10:13:24,11.03,0.01,200,220600,买盘
1930,10:13:13,11.02,--,282,310764,买盘
1931,10:13:04,11.02,0.01,18,19836,买盘
1932,10:12:58,11.01,--,5,5505,卖盘
1933,10:12:54,11.01,--,10,11010,卖盘
1934,10:12:49,11.01,--,30,33030,买盘
1935,10:12:39,11.01,--,20,22020,买盘
1936,10:12:34,11.01,--,88,96888,买盘
1937,10:12:28,11.01,0.01,1,1101,买盘
1938,10:12:24,11.0,-0.01,3,3300,卖盘
1939,10:12:19,11.01,0.01,31,34131,买盘
1940,10:12:13,11.0,-0.01,4,4400,卖盘
1941,10:12:04,11.01,--,10,11010,买盘
1942,10:11:54,11.01,0.01,30,33030,买盘
1943,10:11:49,11.0,-0.01,86,94600,卖盘
1944,10:11:39,11.01,--,6,6606,买盘
1945,10:11:28,11.01,--,55,60555,买盘
1946,10:11:24,11.01,0.01,121,133221,买盘
1947,10:11:13,11.0,--,61,67100,卖盘
1948,10:11:04,11.0,--,19,20900,卖盘
1949,10:10:58,11.0,--,21,23100,卖盘
1950,10:10:53,11.0,-0.01,4,4400,卖盘
1951,10:10:49,11.01,--,3,3303,买盘
1952,10:10:38,11.01,0.01,5,5505,买盘
1953,10:10:28,11.0,-0.01,500,550000,卖盘
1954,10:10:23,11.01,--,22,24222,买盘
1955,10:10:08,11.01,--,311,342411,买盘
1956,10:10:04,11.01,0.01,12,13212,买盘
1957,10:09:58,11.0,-0.01,30,33000,卖盘
1958,10:09:49,11.01,--,16,17616,卖盘
1959,10:09:33,11.01,--,23,25378,卖盘
1960,10:09:23,11.01,-0.01,39,42939,卖盘
1961,10:09:03,11.02,0.01,18,19836,买盘
1962,10:08:53,11.01,--,40,44040,买盘
1963,10:08:48,11.01,-0.01,28,30828,卖盘
1964,10:08:38,11.02,0.02,61,67222,买盘
1965,10:08:33,11.0,-0.01,100,110000,卖盘
1966,10:08:18,11.01,-0.01,50,55050,卖盘
1967,10:08:13,11.02,0.01,2,2204,买盘
1968,10:08:08,11.01,--,27,29727,卖盘
1969,10:08:03,11.01,--,39,42939,卖盘
1970,10:07:58,11.01,--,9,10481,买盘
1971,10:07:52,11.01,--,1,1101,买盘
1972,10:07:48,11.01,--,93,102921,卖盘
1973,10:07:43,11.01,--,18,20390,买盘
1974,10:07:37,11.01,0.01,94,103494,买盘
1975,10:07:33,11.0,--,53,58300,卖盘
1976,10:07:28,11.0,-0.01,13,14300,卖盘
1977,10:07:22,11.01,--,5,5505,买盘
1978,10:07:18,11.01,0.01,14,15414,买盘
1979,10:07:13,11.0,--,57,62700,卖盘
1980,10:06:58,11.0,-0.01,273,300300,卖盘
1981,10:06:48,11.01,--,16,17616,买盘
1982,10:06:42,11.01,--,497,547197,买盘
1983,10:06:37,11.01,--,14,15414,买盘
1984,10:06:28,11.01,-0.01,364,401292,卖盘
1985,10:06:22,11.02,0.01,101,111302,买盘
1986,10:06:18,11.01,-0.01,0,869,卖盘
1987,10:06:13,11.02,0.01,9,9918,买盘
1988,10:06:03,11.01,--,30,33030,卖盘
1989,10:05:58,11.01,-0.01,27,29727,卖盘
1990,10:05:52,11.02,0.01,2,2204,买盘
1991,10:05:48,11.01,-0.01,10,11010,卖盘
1992,10:05:37,11.02,--,1,1102,买盘
1993,10:05:33,11.02,0.01,24,26448,买盘
1994,10:05:28,11.01,0.01,154,170357,买盘
1995,10:05:22,11.0,-0.01,16,17600,卖盘
1996,10:05:18,11.01,--,10,11010,买盘
1997,10:05:13,11.01,--,15,16515,买盘
1998,10:05:03,11.01,--,82,90282,买盘
1999,10:04:58,11.01,--,71,78171,买盘
2000,10:04:52,11.01,--,6,6606,买盘
2001,10:04:48,11.01,-0.01,703,774003,卖盘
2002,10:04:43,11.02,0.01,210,231420,买盘
2003,10:04:33,11.01,--,16,17616,卖盘
2004,10:04:27,11.01,-0.01,92,101292,卖盘
2005,10:04:22,11.02,--,544,599488,买盘
2006,10:04:18,11.02,--,22,24244,买盘
2007,10:04:13,11.02,--,27,29754,买盘
2008,10:04:07,11.02,--,1,1102,买盘
2009,10:04:02,11.02,--,51,56202,买盘
2010,10:03:58,11.02,0.01,61,67222,买盘
2011,10:03:52,11.01,-0.01,14,15414,卖盘
2012,10:03:47,11.02,--,291,320682,买盘
2013,10:03:43,11.02,0.01,44,48488,买盘
2014,10:03:32,11.01,-0.01,60,66060,卖盘
2015,10:03:27,11.02,0.01,70,77140,买盘
2016,10:03:17,11.01,--,50,55050,卖盘
2017,10:03:12,11.01,--,29,31929,卖盘
2018,10:03:07,11.01,--,50,55050,卖盘
2019,10:03:02,11.01,--,31,34131,卖盘
2020,10:02:57,11.01,--,24,26424,卖盘
2021,10:02:42,11.01,--,32,35232,卖盘
2022,10:02:37,11.01,--,72,79272,买盘
2023,10:02:32,11.01,--,397,437097,买盘
2024,10:02:27,11.01,--,20,22020,买盘
2025,10:02:22,11.01,--,84,92484,卖盘
2026,10:02:17,11.01,--,60,66060,卖盘
2027,10:02:02,11.01,0.01,93,102393,买盘
2028,10:01:57,11.0,-0.01,54,59400,卖盘
2029,10:01:52,11.01,--,1,1101,买盘
2030,10:01:47,11.01,0.01,40,44040,买盘
2031,10:01:37,11.0,--,100,110000,卖盘
2032,10:01:27,11.0,0.01,257,283734,买盘
2033,10:01:22,10.99,-0.01,35,38465,卖盘
2034,10:01:17,11.0,--,47,51700,买盘
2035,10:01:12,11.0,0.01,197,216700,买盘
2036,10:01:07,10.99,-0.01,140,154431,卖盘
2037,10:01:02,11.0,--,102,112200,买盘
2038,10:00:57,11.0,--,52,57200,买盘
2039,10:00:52,11.0,0.01,50,55000,买盘
2040,10:00:42,10.99,--,55,60445,卖盘
2041,10:00:37,10.99,-0.01,126,138474,卖盘
2042,10:00:31,11.0,0.01,8,8800,买盘
2043,10:00:27,10.99,-0.01,50,54950,卖盘
2044,10:00:16,11.0,0.01,23,25300,买盘
2045,10:00:07,10.99,--,18,19782,卖盘
2046,10:00:01,10.99,-0.01,10,10990,卖盘
2047,09:59:57,11.0,--,178,195800,买盘
2048,09:59:52,11.0,--,3,3300,买盘
2049,09:59:46,11.0,-0.02,2005,2205566,卖盘
2050,09:59:42,11.02,0.01,29,31958,买盘
2051,09:59:37,11.01,-0.01,20,22020,卖盘
2052,09:59:31,11.02,0.01,1,1102,买盘
2053,09:59:27,11.01,-0.01,0,1034,卖盘
2054,09:59:22,11.02,--,3,3306,买盘
2055,09:59:07,11.02,--,110,121220,买盘
2056,09:58:57,11.02,--,6,6612,买盘
2057,09:58:52,11.02,--,40,44080,买盘
2058,09:58:46,11.02,0.02,1,1102,买盘
2059,09:58:42,11.0,-0.02,21,23100,卖盘
2060,09:58:37,11.02,0.01,627,690954,买盘
2061,09:58:27,11.01,--,50,55050,卖盘
2062,09:58:21,11.01,0.01,130,143130,买盘
2063,09:58:16,11.0,-0.01,117,128700,卖盘
2064,09:58:11,11.01,--,41,45141,买盘
2065,09:58:07,11.01,--,20,22020,买盘
2066,09:58:01,11.01,0.01,64,70464,买盘
2067,09:57:57,11.0,-0.01,337,370700,卖盘
2068,09:57:52,11.01,--,11,12111,卖盘
2069,09:57:46,11.01,--,113,124413,卖盘
2070,09:57:42,11.01,--,105,115605,卖盘
2071,09:57:37,11.01,--,57,62757,卖盘
2072,09:57:27,11.01,-0.01,6,6606,卖盘
2073,09:57:21,11.02,0.02,35,38570,买盘
2074,09:57:16,11.0,-0.01,29,31900,卖盘
2075,09:57:11,11.01,--,74,81474,买盘
2076,09:57:07,11.01,--,25,27525,买盘
2077,09:57:01,11.01,--,152,167352,买盘
2078,09:56:56,11.01,0.01,66,72666,买盘
2079,09:56:51,11.0,-0.01,53,58300,卖盘
2080,09:56:46,11.01,--,52,57252,买盘
2081,09:56:41,11.01,--,59,64959,买盘
2082,09:56:31,11.01,--,1,1101,买盘
2083,09:56:26,11.01,--,23,25323,买盘
2084,09:56:21,11.01,0.01,53,58353,买盘
2085,09:56:16,11.0,-0.01,5,5500,卖盘
2086,09:56:11,11.01,0.01,51,56151,买盘
2087,09:56:06,11.0,-0.01,38,41800,卖盘
2088,09:55:56,11.01,0.01,49,53949,买盘
2089,09:55:51,11.0,-0.01,340,374000,卖盘
2090,09:55:46,11.01,--,16,17616,买盘
2091,09:55:41,11.01,0.01,22,24222,买盘
2092,09:55:36,11.0,--,9,9900,卖盘
2093,09:55:31,11.0,--,21,23100,卖盘
2094,09:55:26,11.0,-0.01,147,161700,卖盘
2095,09:55:21,11.01,--,67,73767,买盘
2096,09:55:11,11.01,--,213,234513,买盘
2097,09:55:06,11.01,--,7,7707,买盘
2098,09:55:01,11.01,--,41,45141,买盘
2099,09:54:56,11.01,0.01,35,38535,买盘
2100,09:54:51,11.0,--,9,9900,卖盘
2101,09:54:46,11.0,-0.01,30,33000,卖盘
2102,09:54:41,11.01,0.01,125,137625,买盘
2103,09:54:36,11.0,--,2,2200,卖盘
2104,09:54:31,11.0,--,9,9900,卖盘
2105,09:54:21,11.0,--,48,52800,买盘
2106,09:54:16,11.0,--,155,170500,买盘
2107,09:54:11,11.0,--,36,39600,买盘
2108,09:54:06,11.0,--,410,451000,买盘
2109,09:54:01,11.0,0.01,2,2200,买盘
2110,09:53:56,10.99,--,5,5495,卖盘
2111,09:53:51,10.99,--,101,110999,卖盘
2112,09:53:46,10.99,--,6,6594,买盘
2113,09:53:40,10.99,--,36,39564,买盘
2114,09:53:36,10.99,--,69,75831,买盘
2115,09:53:31,10.99,--,39,42861,买盘
2116,09:53:25,10.99,0.01,26,28574,买盘
2117,09:53:21,10.98,-0.01,50,54900,卖盘
2118,09:53:16,10.99,0.01,14,15386,买盘
2119,09:53:10,10.98,--,34,37332,卖盘
2120,09:53:06,10.98,-0.01,20,21960,卖盘
2121,09:53:01,10.99,0.01,157,172543,买盘
2122,09:52:55,10.98,--,5,5490,买盘
2123,09:52:51,10.98,-0.01,306,335988,卖盘
2124,09:52:46,10.99,--,162,178038,卖盘
2125,09:52:40,10.99,--,29,31871,卖盘
2126,09:52:36,10.99,--,201,220899,卖盘
2127,09:52:31,10.99,-0.01,7,7693,卖盘
2128,09:52:25,11.0,0.01,2,2200,买盘
2129,09:52:20,10.99,-0.01,2,2198,卖盘
2130,09:52:10,11.0,--,5,5500,买盘
2131,09:52:05,11.0,--,298,327800,卖盘
2132,09:52:00,11.0,-0.01,149,163900,卖盘
2133,09:51:55,11.01,--,169,186069,买盘
2134,09:51:50,11.01,0.01,341,375441,买盘
2135,09:51:46,11.0,--,55,60500,卖盘
2136,09:51:40,11.0,-0.01,200,220000,卖盘
2137,09:51:35,11.01,--,70,77070,买盘
2138,09:51:30,11.01,--,15,16515,买盘
2139,09:51:20,11.01,--,570,627570,卖盘
2140,09:51:15,11.01,--,12,13212,卖盘
2141,09:51:10,11.01,--,95,104595,卖盘
2142,09:51:05,11.01,--,243,267543,卖盘
2143,09:51:00,11.01,--,43,47343,卖盘
2144,09:50:50,11.01,--,119,131019,卖盘
2145,09:50:45,11.01,--,79,86979,卖盘
2146,09:50:40,11.01,--,15,16515,卖盘
2147,09:50:35,11.01,--,133,146433,卖盘
2148,09:50:30,11.01,-0.01,198,217998,卖盘
2149,09:50:25,11.02,--,10,11020,买盘
2150,09:50:20,11.02,-0.01,212,234152,卖盘
2151,09:50:15,11.03,--,67,73901,买盘
2152,09:50:10,11.03,--,6,6618,买盘
2153,09:50:05,11.03,0.01,10,11030,买盘
2154,09:50:00,11.02,-0.02,180,198360,卖盘
2155,09:49:55,11.04,--,30,33120,卖盘
2156,09:49:50,11.04,--,510,563040,卖盘
2157,09:49:45,11.04,0.01,213,235151,买盘
2158,09:49:40,11.03,-0.01,459,506276,卖盘
2159,09:49:35,11.04,--,9,9936,买盘
2160,09:49:29,11.04,-0.01,390,430559,卖盘
2161,09:49:25,11.05,--,50,55250,买盘
2162,09:49:20,11.05,0.01,62,68510,买盘
2163,09:49:15,11.04,-0.01,3,3311,卖盘
2164,09:49:10,11.05,0.01,4,4420,买盘
2165,09:49:05,11.04,-0.01,20,22080,卖盘
2166,09:49:00,11.05,--,9,9945,买盘
2167,09:48:55,11.05,0.01,1,1105,买盘
2168,09:48:50,11.04,--,58,64031,卖盘
2169,09:48:45,11.04,-0.01,2,2208,卖盘
2170,09:48:35,11.05,--,30,33150,买盘
2171,09:48:30,11.05,--,4,4420,买盘
2172,09:48:20,11.05,0.01,113,124865,买盘
2173,09:48:15,11.04,--,51,56303,卖盘
2174,09:48:05,11.04,-0.01,75,82800,卖盘
2175,09:48:00,11.05,--,53,58565,买盘
2176,09:47:55,11.05,0.01,10,11050,买盘
2177,09:47:50,11.04,--,3,3311,卖盘
2178,09:47:45,11.04,--,20,22080,卖盘
2179,09:47:40,11.04,--,31,34224,卖盘
2180,09:47:30,11.04,-0.01,7,7727,卖盘
2181,09:47:20,11.05,0.01,15,16575,买盘
2182,09:47:15,11.04,-0.01,8,8832,卖盘
2183,09:47:10,11.05,0.01,5,5525,买盘
2184,09:47:00,11.04,0.01,30,33120,中性盘
2185,09:46:55,11.03,--,12,13236,卖盘
2186,09:46:49,11.03,-0.01,48,52944,卖盘
2187,09:46:45,11.04,0.01,216,239192,买盘
2188,09:46:40,11.03,-0.01,22,24266,卖盘
2189,09:46:34,11.04,--,29,32015,买盘
2190,09:46:30,11.04,0.01,28,30911,买盘
2191,09:46:25,11.03,-0.01,83,91549,卖盘
2192,09:46:19,11.04,--,5,5520,买盘
2193,09:46:15,11.04,--,7,7727,买盘
2194,09:46:10,11.04,--,57,62927,买盘
2195,09:46:04,11.04,--,10,11040,买盘
2196,09:46:00,11.04,--,46,50894,买盘
2197,09:45:55,11.04,--,7,7727,买盘
2198,09:45:49,11.04,0.01,134,147936,买盘
2199,09:45:45,11.03,--,153,168759,卖盘
2200,09:45:34,11.03,--,2,2206,卖盘
2201,09:45:30,11.03,--,9,9927,卖盘
2202,09:45:25,11.03,--,148,163795,买盘
2203,09:45:19,11.03,--,108,119796,卖盘
2204,09:45:10,11.03,--,89,98597,卖盘
2205,09:45:04,11.03,--,73,80519,买盘
2206,09:44:59,11.03,--,5,5515,买盘
2207,09:44:54,11.03,--,120,132933,买盘
2208,09:44:49,11.03,0.01,10,11030,买盘
2209,09:44:44,11.02,-0.01,10,11020,卖盘
2210,09:44:39,11.03,0.01,20,22060,买盘
2211,09:44:34,11.02,-0.01,32,35264,卖盘
2212,09:44:29,11.03,0.01,91,100373,买盘
2213,09:44:24,11.02,-0.01,109,120118,卖盘
2214,09:44:19,11.03,--,3,3309,买盘
2215,09:44:14,11.03,--,42,46326,买盘
2216,09:44:09,11.03,--,47,51841,买盘
2217,09:44:04,11.03,--,34,37502,买盘
2218,09:43:59,11.03,-0.01,155,170965,卖盘
2219,09:43:54,11.04,0.01,16,17664,买盘
2220,09:43:49,11.03,--,5,5515,卖盘
2221,09:43:44,11.03,--,133,146699,卖盘
2222,09:43:39,11.03,-0.01,56,61768,卖盘
2223,09:43:34,11.04,0.01,21,23184,买盘
2224,09:43:29,11.03,-0.01,612,675036,卖盘
2225,09:43:24,11.04,--,86,94943,卖盘
2226,09:43:19,11.04,--,5,5520,卖盘
2227,09:43:09,11.04,--,46,50783,卖盘
2228,09:43:04,11.04,--,250,276000,卖盘
2229,09:42:59,11.04,--,2,2208,卖盘
2230,09:42:54,11.04,-0.01,46,50783,卖盘
2231,09:42:49,11.05,--,6,6630,买盘
2232,09:42:44,11.05,--,61,67405,买盘
2233,09:42:39,11.05,--,17,18862,卖盘
2234,09:42:34,11.05,-0.01,1,1105,卖盘
2235,09:42:29,11.06,0.01,106,118264,买盘
2236,09:42:24,11.05,-0.01,19,21072,卖盘
2237,09:42:19,11.06,--,17,18802,买盘
2238,09:42:14,11.06,--,591,654265,买盘
2239,09:42:09,11.06,0.01,19,21014,买盘
2240,09:42:04,11.05,--,58,64090,卖盘
2241,09:41:59,11.05,-0.01,34,37570,卖盘
2242,09:41:54,11.06,--,23,25438,买盘
2243,09:41:49,11.06,0.01,8,8848,买盘
2244,09:41:44,11.05,-0.01,86,95328,卖盘
2245,09:41:39,11.06,-0.01,858,949987,卖盘
2246,09:41:34,11.07,--,6,6642,买盘
2247,09:41:29,11.07,0.01,6,6642,买盘
2248,09:41:19,11.06,--,14,15484,卖盘
2249,09:41:14,11.06,--,52,57512,卖盘
2250,09:41:09,11.06,-0.01,16,17696,卖盘
2251,09:41:04,11.07,0.01,53,58671,买盘
2252,09:40:59,11.06,--,42,46452,卖盘
2253,09:40:54,11.06,-0.01,37,40922,卖盘
2254,09:40:44,11.07,--,7,7749,买盘
2255,09:40:39,11.07,--,18,19926,买盘
2256,09:40:34,11.07,--,1,1107,买盘
2257,09:40:29,11.07,0.01,1,1107,买盘
2258,09:40:24,11.06,-0.01,37,40922,卖盘
2259,09:40:14,11.07,--,34,37638,买盘
2260,09:40:09,11.07,--,493,545751,卖盘
2261,09:40:04,11.07,--,43,47601,卖盘
2262,09:39:59,11.07,--,146,161622,卖盘
2263,09:39:54,11.07,-0.01,32,35424,卖盘
2264,09:39:49,11.08,--,64,70912,买盘
2265,09:39:43,11.08,0.01,2,2216,买盘
2266,09:39:38,11.07,--,337,373059,卖盘
2267,09:39:34,11.07,-0.01,14,15498,卖盘
2268,09:39:28,11.08,--,10,11080,买盘
2269,09:39:24,11.08,0.01,33,36564,买盘
2270,09:39:19,11.07,-0.01,151,167157,卖盘
2271,09:39:13,11.08,--,113,125204,买盘
2272,09:39:08,11.08,--,83,91964,买盘
2273,09:39:04,11.08,0.01,68,75344,买盘
2274,09:38:58,11.07,--,58,64206,卖盘
2275,09:38:53,11.07,-0.01,29,32103,卖盘
2276,09:38:49,11.08,--,43,47644,买盘
2277,09:38:43,11.08,0.01,16,17728,买盘
2278,09:38:38,11.07,-0.01,56,61992,卖盘
2279,09:38:32,11.08,0.01,5,5540,买盘
2280,09:38:23,11.07,--,20,22140,卖盘
2281,09:38:17,11.07,0.01,112,123984,买盘
2282,09:38:13,11.06,-0.01,10,11060,卖盘
2283,09:38:08,11.07,0.01,20,22140,买盘
2284,09:38:02,11.06,-0.01,345,381570,卖盘
2285,09:37:58,11.07,--,64,70848,买盘
2286,09:37:53,11.07,--,83,91881,买盘
2287,09:37:47,11.07,--,72,79704,买盘
2288,09:37:38,11.07,-0.01,30,33210,中性盘
2289,09:37:32,11.08,0.01,299,331292,买盘
2290,09:37:28,11.07,-0.01,71,78597,卖盘
2291,09:37:23,11.08,--,20,22160,买盘
2292,09:37:17,11.08,0.01,68,75344,买盘
2293,09:37:13,11.07,-0.01,16,17712,卖盘
2294,09:37:08,11.08,--,14,15512,买盘
2295,09:37:02,11.08,-0.01,214,237112,卖盘
2296,09:36:53,11.09,--,14,15526,买盘
2297,09:36:47,11.09,-0.01,125,138625,卖盘
2298,09:36:43,11.1,--,1,1110,买盘
2299,09:36:38,11.1,--,0,0,买盘
2300,09:36:32,11.1,--,18,19980,卖盘
2301,09:36:28,11.1,0.01,258,286380,买盘
2302,09:36:23,11.09,--,77,85393,卖盘
2303,09:36:17,11.09,--,35,38815,卖盘
2304,09:36:13,11.09,-0.01,98,108682,买盘
2305,09:36:08,11.1,0.01,117,129870,买盘
2306,09:36:02,11.09,--,92,102028,买盘
2307,09:35:58,11.09,-0.01,81,89829,卖盘
2308,09:35:47,11.1,0.01,202,224220,买盘
2309,09:35:43,11.09,--,8,8872,买盘
2310,09:35:32,11.09,0.01,12,13308,买盘
2311,09:35:28,11.08,--,117,129636,卖盘
2312,09:35:23,11.08,--,41,45428,买盘
2313,09:35:17,11.08,--,56,62048,卖盘
2314,09:35:13,11.08,--,40,44320,卖盘
2315,09:35:08,11.08,0.01,16,17728,卖盘
2316,09:35:02,11.07,-0.01,145,160515,卖盘
2317,09:34:58,11.08,0.01,58,64264,买盘
2318,09:34:53,11.07,--,246,272322,买盘
2319,09:34:47,11.07,--,65,71955,买盘
2320,09:34:43,11.07,--,30,33210,买盘
2321,09:34:38,11.07,-0.01,38,42066,卖盘
2322,09:34:32,11.08,--,49,54292,买盘
2323,09:34:28,11.08,--,1,1108,买盘
2324,09:34:23,11.08,--,81,89748,买盘
2325,09:34:17,11.08,--,99,109692,买盘
2326,09:34:08,11.08,0.02,2,2216,买盘
2327,09:34:02,11.06,0.01,64,70850,买盘
2328,09:33:43,11.05,--,138,152600,买盘
2329,09:33:38,11.05,--,649,717145,买盘
2330,09:33:32,11.05,--,221,244205,买盘
2331,09:33:28,11.05,--,205,226525,买盘
2332,09:33:23,11.05,0.02,26,28730,买盘
2333,09:33:17,11.03,--,70,77210,卖盘
2334,09:33:13,11.03,--,8,8824,卖盘
2335,09:33:08,11.03,-0.02,22,24266,卖盘
2336,09:33:02,11.05,--,0,0,买盘
2337,09:32:58,11.05,0.03,55,60775,买盘
2338,09:32:53,11.02,-0.01,456,502512,卖盘
2339,09:32:47,11.03,--,115,126844,买盘
2340,09:32:43,11.03,0.01,121,133683,买盘
2341,09:32:37,11.02,-0.01,28,30856,卖盘
2342,09:32:32,11.03,--,53,58459,买盘
2343,09:32:28,11.03,0.01,51,56253,买盘
2344,09:32:22,11.02,--,120,132240,买盘
2345,09:32:17,11.02,--,266,293132,买盘
2346,09:32:12,11.02,--,38,41876,买盘
2347,09:32:07,11.02,--,68,74936,买盘
2348,09:32:02,11.02,-0.01,339,373578,卖盘
2349,09:31:57,11.03,--,27,29781,买盘
2350,09:31:52,11.03,--,5,5515,买盘
2351,09:31:47,11.03,--,176,194128,买盘
2352,09:31:42,11.03,0.01,7,7721,买盘
2353,09:31:37,11.02,-0.01,105,115710,卖盘
2354,09:31:32,11.03,0.01,30,33090,买盘
2355,09:31:27,11.02,0.01,113,124526,卖盘
2356,09:31:22,11.01,--,0,0,卖盘
2357,09:31:17,11.01,-0.01,153,168453,卖盘
2358,09:31:11,11.02,--,226,249052,买盘
2359,09:31:07,11.02,--,120,132240,买盘
2360,09:31:02,11.02,--,205,225910,买盘
2361,09:30:56,11.02,-0.01,676,744952,卖盘
2362,09:30:47,11.03,--,20,22060,买盘
2363,09:30:41,11.03,0.01,43,47429,买盘
2364,09:30:36,11.02,-0.01,14,15428,卖盘
2365,09:30:32,11.03,--,131,144493,买盘
2366,09:30:26,11.03,0.01,47,51841,买盘
2367,09:30:22,11.02,--,6,6612,买盘
2368,09:30:11,11.02,--,327,360354,买盘
2369,09:30:07,11.02,-0.02,1041,1148173,卖盘
2370,09:30:02,11.04,0.01,6,6623,买盘
2371,09:28:41,11.03,--,0,0,卖盘
2372,09:25:05,11.03,11.03,613,676249,买盘
