,time,price,change,volume,amount,type
0,15:00:00,10.26,--,0,0,中性盘
1,15:00:00,10.26,-0.01,0,0,中性盘
2,14:59:59,10.27,0.01,61,62647,买盘
3,14:59:57,10.26,--,47,48222,卖盘
4,14:59:52,10.26,--,28,28728,卖盘
5,14:59:47,10.26,--,263,269838,卖盘
6,14:59:42,10.26,--,149,152874,卖盘
7,14:59:37,10.26,--,84,86184,卖盘
8,14:59:27,10.26,--,79,81054,卖盘
9,14:59:22,10.26,-0.01,163,167238,卖盘
10,14:59:17,10.27,0.01,521,535067,买盘
11,14:59:12,10.26,--,71,72846,卖盘
12,14:59:07,10.26,--,40,41040,卖盘
13,14:59:02,10.26,--,104,106704,卖盘
14,14:58:57,10.26,-0.01,13,13338,卖盘
15,14:58:52,10.27,0.01,16,16432,买盘
16,14:58:47,10.26,-0.01,100,102600,卖盘
17,14:58:42,10.27,0.01,55,56485,买盘
18,14:58:37,10.26,-0.01,67,68742,卖盘
19,14:58:32,10.27,--,10,10270,买盘
20,14:58:27,10.27,0.01,66,67782,买盘
21,14:58:22,10.26,--,18,18468,卖盘
22,14:58:17,10.26,--,18,18468,卖盘
23,14:58:12,10.26,--,22,22572,卖盘
24,14:58:07,10.26,--,358,367308,买盘
25,14:58:02,10.26,--,140,143640,卖盘
26,14:57:57,10.26,--,48,49248,卖盘
27,14:57:52,10.26,-0.01,68,69768,卖盘
28,14:57:47,10.27,0.02,1,1027,买盘
29,14:57:42,10.25,-0.01,151,154775,卖盘
30,14:57:37,10.26,--,18,18468,卖盘
31,14:57:32,10.26,--,20,20520,卖盘
32,14:57:27,10.26,-0.01,57,58482,卖盘
33,14:57:22,10.27,0.02,40,41080,买盘
34,14:57:17,10.25,-0.01,128,131200,卖盘
35,14:57:12,10.26,-0.01,7,7192,卖盘
36,14:57:07,10.27,0.01,47,48269,买盘
37,14:57:02,10.26,-0.01,24,24624,卖盘
38,14:56:57,10.27,--,19,19513,买盘
39,14:56:52,10.27,--,521,535067,买盘
40,14:56:41,10.27,--,5,5135,买盘
41,14:56:37,10.27,0.01,147,150969,买盘
42,14:56:27,10.26,-0.01,41,42066,卖盘
43,14:56:22,10.27,0.01,30,30810,买盘
44,14:56:17,10.26,-0.01,59,60534,卖盘
45,14:56:12,10.27,--,78,80106,买盘
46,14:56:07,10.27,0.01,83,85241,买盘
47,14:56:02,10.26,-0.01,68,69768,卖盘
48,14:55:57,10.27,--,161,165347,买盘
49,14:55:52,10.27,0.01,107,109889,买盘
50,14:55:42,10.26,--,177,181602,卖盘
51,14:55:37,10.26,-0.01,119,122094,卖盘
52,14:55:32,10.27,0.01,3,3081,买盘
53,14:55:27,10.26,--,107,109782,卖盘
54,14:55:22,10.26,--,162,166212,卖盘
55,14:55:17,10.26,--,70,71820,卖盘
56,14:55:12,10.26,--,141,144666,卖盘
57,14:55:07,10.26,-0.01,14,14364,卖盘
58,14:55:01,10.27,0.01,1,1027,买盘
59,14:54:56,10.26,-0.01,146,150462,卖盘
60,14:54:52,10.27,0.01,954,980569,买盘
61,14:54:47,10.26,--,28,29548,卖盘
62,14:54:42,10.26,-0.01,116,119016,卖盘
63,14:54:37,10.27,0.01,20,20540,买盘
64,14:54:31,10.26,--,50,51300,卖盘
65,14:54:27,10.26,--,202,207252,卖盘
66,14:54:22,10.26,-0.01,116,119016,卖盘
67,14:54:16,10.27,0.01,20,20540,买盘
68,14:54:12,10.26,-0.01,128,131943,卖盘
69,14:54:07,10.27,--,59,61003,买盘
70,14:54:01,10.27,--,12,12324,买盘
71,14:53:57,10.27,0.01,258,264966,买盘
72,14:53:51,10.26,--,212,217512,卖盘
73,14:53:42,10.26,-0.01,43,44118,卖盘
74,14:53:36,10.27,--,1,1027,买盘
75,14:53:26,10.27,0.01,6,6162,买盘
76,14:53:22,10.26,--,663,680648,卖盘
77,14:53:16,10.26,-0.01,16,16416,卖盘
78,14:53:11,10.27,--,8,8216,买盘
79,14:53:05,10.27,0.01,28,28756,买盘
80,14:53:01,10.26,--,10,10260,卖盘
81,14:52:56,10.26,--,8,8208,卖盘
82,14:52:51,10.26,--,18,19288,卖盘
83,14:52:46,10.26,--,9,9644,卖盘
84,14:52:41,10.26,--,12,12722,卖盘
85,14:52:35,10.26,--,20,20930,卖盘
86,14:52:30,10.26,--,65,66690,卖盘
87,14:52:26,10.26,--,159,163134,卖盘
88,14:52:20,10.26,--,391,401576,卖盘
89,14:52:16,10.26,--,13,13748,卖盘
90,14:52:11,10.26,--,169,173804,卖盘
91,14:52:06,10.26,--,116,119016,卖盘
92,14:52:00,10.26,--,28,28728,卖盘
93,14:51:56,10.26,--,49,50274,卖盘
94,14:51:50,10.26,--,20,21340,卖盘
95,14:51:46,10.26,--,14,14774,卖盘
96,14:51:41,10.26,-0.01,139,143024,卖盘
97,14:51:35,10.27,0.01,15,15405,买盘
98,14:51:26,10.26,--,26,27496,卖盘
99,14:51:21,10.26,--,30,31190,卖盘
100,14:51:16,10.26,--,7,7182,卖盘
101,14:51:11,10.26,--,30,30780,卖盘
102,14:51:05,10.26,--,18,18468,卖盘
103,14:51:00,10.26,--,45,46170,卖盘
104,14:50:51,10.26,--,43,44118,卖盘
105,14:50:35,10.26,-0.01,18,18468,卖盘
106,14:50:31,10.27,--,15,15405,买盘
107,14:50:26,10.27,--,48,49296,买盘
108,14:50:20,10.27,0.01,125,128375,买盘
109,14:50:16,10.26,-0.01,78,80971,卖盘
110,14:50:11,10.27,--,361,370747,买盘
111,14:50:05,10.27,--,59,60593,买盘
112,14:49:56,10.27,--,21,21567,买盘
113,14:49:50,10.27,--,10,10270,买盘
114,14:49:46,10.27,--,162,166374,买盘
115,14:49:41,10.27,--,2,2054,买盘
116,14:49:35,10.27,0.01,78,80106,买盘
117,14:49:31,10.26,--,5,5130,卖盘
118,14:49:26,10.26,-0.01,99,102394,卖盘
119,14:49:21,10.27,--,37,37999,买盘
120,14:49:15,10.27,0.01,18,18486,买盘
121,14:49:05,10.26,--,31,31806,卖盘
122,14:48:50,10.26,--,1,1026,卖盘
123,14:48:46,10.26,-0.01,34,34884,卖盘
124,14:48:35,10.27,0.01,3,3081,买盘
125,14:48:30,10.26,-0.01,100,102600,卖盘
126,14:48:15,10.27,0.01,23,23621,买盘
127,14:48:05,10.26,-0.01,20,20520,卖盘
128,14:48:01,10.27,--,6,6162,买盘
129,14:47:56,10.27,0.01,163,167401,买盘
130,14:47:46,10.26,-0.01,2,2052,卖盘
131,14:47:35,10.27,0.01,23,23621,买盘
132,14:47:20,10.26,--,17,18262,卖盘
133,14:47:15,10.26,--,12,12927,卖盘
134,14:47:11,10.26,--,43,44118,卖盘
135,14:47:01,10.26,--,10,10260,卖盘
136,14:46:54,10.26,--,10,10260,卖盘
137,14:46:45,10.26,-0.01,47,48222,卖盘
138,14:46:40,10.27,--,1,1027,买盘
139,14:46:20,10.27,--,105,107835,买盘
140,14:46:10,10.27,--,19,19513,买盘
141,14:46:05,10.27,--,96,98592,买盘
142,14:45:59,10.27,0.01,196,201292,买盘
143,14:45:54,10.26,-0.01,18,18468,卖盘
144,14:45:50,10.27,--,6,6162,买盘
145,14:45:44,10.27,0.01,40,41080,买盘
146,14:45:39,10.26,-0.01,7,7182,卖盘
147,14:45:29,10.27,0.01,121,124267,买盘
148,14:45:20,10.26,-0.01,1,1026,卖盘
149,14:45:14,10.27,0.01,5,5135,买盘
150,14:45:09,10.26,-0.01,13,13338,卖盘
151,14:45:05,10.27,0.01,11,11297,买盘
152,14:44:59,10.26,-0.01,11,11286,卖盘
153,14:44:44,10.27,--,12,12324,买盘
154,14:44:35,10.27,0.01,61,62647,买盘
155,14:44:29,10.26,--,28,28728,卖盘
156,14:44:20,10.26,-0.01,20,20520,卖盘
157,14:44:14,10.27,--,29,29783,买盘
158,14:44:09,10.27,0.01,5,5135,买盘
159,14:44:05,10.26,--,36,37551,卖盘
160,14:43:59,10.26,--,1501,1540026,卖盘
161,14:43:50,10.26,--,137,140562,卖盘
162,14:43:44,10.26,--,5,5130,卖盘
163,14:43:40,10.26,--,39,40014,卖盘
164,14:43:35,10.26,--,137,140562,卖盘
165,14:43:29,10.26,-0.01,6,6156,卖盘
166,14:43:25,10.27,0.01,106,108862,买盘
167,14:43:20,10.26,0.01,10,10260,中性盘
168,14:43:14,10.25,-0.01,229,234725,卖盘
169,14:43:05,10.26,-0.01,293,300874,卖盘
170,14:42:59,10.27,--,118,121309,买盘
171,14:42:55,10.27,0.01,116,119132,买盘
172,14:42:50,10.26,--,63,64638,卖盘
173,14:42:44,10.26,--,151,155541,卖盘
174,14:42:35,10.26,-0.01,1,1026,卖盘
175,14:42:29,10.27,0.01,131,135153,买盘
176,14:42:25,10.26,--,25,25650,卖盘
177,14:42:20,10.26,--,643,659718,卖盘
178,14:42:14,10.26,-0.01,109,112223,卖盘
179,14:42:10,10.27,0.01,195,201127,买盘
180,14:42:05,10.26,-0.01,29,29754,卖盘
181,14:41:59,10.27,0.01,122,125294,买盘
182,14:41:55,10.26,--,20,20520,卖盘
183,14:41:44,10.26,--,295,302885,卖盘
184,14:41:40,10.26,0.02,832,853632,买盘
185,14:41:29,10.24,--,0,0,卖盘
186,14:41:25,10.24,-0.02,245,250941,卖盘
187,14:41:14,10.26,--,108,110808,买盘
188,14:41:10,10.26,--,0,0,买盘
189,14:41:04,10.26,0.02,116,119016,买盘
190,14:40:59,10.24,--,9,9533,卖盘
191,14:40:55,10.24,--,255,261120,卖盘
192,14:40:50,10.24,--,102,104765,卖盘
193,14:40:44,10.24,-0.02,66,67584,卖盘
194,14:40:39,10.26,--,262,269201,买盘
195,14:40:29,10.26,0.02,154,158004,买盘
196,14:40:25,10.24,-0.03,24,24576,卖盘
197,14:40:19,10.27,--,506,519662,买盘
198,14:40:09,10.27,0.02,109,111943,买盘
199,14:40:04,10.25,--,65,66625,卖盘
200,14:39:59,10.25,--,159,162975,卖盘
201,14:39:54,10.25,--,140,143500,卖盘
202,14:39:49,10.25,-0.02,23,23575,卖盘
203,14:39:44,10.27,0.02,140,143780,买盘
204,14:39:39,10.25,--,28,28700,卖盘
205,14:39:34,10.25,--,141,144525,卖盘
206,14:39:29,10.25,--,71,72775,卖盘
207,14:39:24,10.25,--,140,143500,卖盘
208,14:39:19,10.25,--,31,31775,卖盘
209,14:39:14,10.25,--,220,225500,卖盘
210,14:39:09,10.25,-0.01,103,105995,卖盘
211,14:38:59,10.26,0.01,332,340632,买盘
212,14:38:53,10.25,-0.02,269,275735,卖盘
213,14:38:49,10.27,0.01,137,140699,买盘
214,14:38:44,10.26,--,112,115250,卖盘
215,14:38:38,10.26,--,288,296175,卖盘
216,14:38:34,10.26,--,12,12312,卖盘
217,14:38:29,10.26,--,315,323190,卖盘
218,14:38:23,10.26,-0.01,22,22572,卖盘
219,14:38:19,10.27,0.01,108,110916,买盘
220,14:38:14,10.26,0.01,107,109782,买盘
221,14:38:08,10.25,-0.01,400,410686,卖盘
222,14:37:59,10.26,-0.01,14,14364,卖盘
223,14:37:53,10.27,0.01,118,121186,买盘
224,14:37:49,10.26,--,100,102600,卖盘
225,14:37:44,10.26,-0.01,228,234420,卖盘
226,14:37:38,10.27,--,10,10270,买盘
227,14:37:34,10.27,--,124,127348,买盘
228,14:37:23,10.27,0.01,140,143780,买盘
229,14:37:19,10.26,--,28,28728,卖盘
230,14:37:14,10.26,-0.01,18,18468,中性盘
231,14:37:08,10.27,--,104,106808,买盘
232,14:37:04,10.27,--,86,88322,买盘
233,14:36:59,10.27,0.01,509,522743,买盘
234,14:36:53,10.26,-0.01,155,159030,卖盘
235,14:36:49,10.27,0.01,122,125294,买盘
236,14:36:44,10.26,-0.01,1,1026,卖盘
237,14:36:38,10.27,--,135,138645,买盘
238,14:36:29,10.27,0.01,134,137618,买盘
239,14:36:23,10.26,-0.01,8,8208,卖盘
240,14:36:14,10.27,0.01,412,423124,买盘
241,14:36:08,10.26,-0.01,47,48222,卖盘
242,14:36:03,10.27,0.01,115,118105,买盘
243,14:35:59,10.26,--,4,4104,卖盘
244,14:35:53,10.26,--,149,152874,卖盘
245,14:35:44,10.26,--,159,163134,卖盘
246,14:35:38,10.26,--,31,31806,卖盘
247,14:35:34,10.26,-0.02,120,123120,卖盘
248,14:35:29,10.28,--,306,314568,买盘
249,14:35:23,10.28,0.01,298,306344,买盘
250,14:35:19,10.27,-0.01,36,36972,卖盘
251,14:35:14,10.28,--,122,125415,买盘
252,14:35:08,10.28,0.01,159,163452,买盘
253,14:35:03,10.27,--,1,1027,卖盘
254,14:34:59,10.27,--,210,215670,卖盘
255,14:34:53,10.27,--,110,112970,买盘
256,14:34:49,10.27,0.01,141,144807,买盘
257,14:34:38,10.26,--,159,163134,卖盘
258,14:34:34,10.26,-0.01,15,15390,卖盘
259,14:34:29,10.27,-0.01,11,11297,卖盘
260,14:34:23,10.28,0.01,202,207656,买盘
261,14:34:19,10.27,-0.01,169,173563,卖盘
262,14:34:08,10.28,--,82,84296,买盘
263,14:34:04,10.28,0.01,298,306344,买盘
264,14:33:58,10.27,-0.01,507,520689,买盘
265,14:33:53,10.28,0.01,104,106912,买盘
266,14:33:48,10.27,--,59,60593,卖盘
267,14:33:44,10.27,0.01,163,167401,买盘
268,14:33:38,10.26,-0.01,196,201096,卖盘
269,14:33:33,10.27,--,120,123240,卖盘
270,14:33:23,10.27,--,285,292695,买盘
271,14:33:18,10.27,-0.01,142,145834,卖盘
272,14:33:08,10.28,0.02,230,236439,买盘
273,14:33:03,10.26,-0.02,25,25650,卖盘
274,14:32:58,10.28,0.01,118,121303,买盘
275,14:32:53,10.27,0.01,5,5135,中性盘
276,14:32:48,10.26,--,179,183654,卖盘
277,14:32:43,10.26,-0.02,1,1026,卖盘
278,14:32:38,10.28,0.01,175,179900,买盘
279,14:32:33,10.27,0.01,1,1027,买盘
280,14:32:28,10.26,-0.01,11,11696,卖盘
281,14:32:23,10.27,--,385,396216,卖盘
282,14:32:18,10.27,-0.01,72,73944,卖盘
283,14:32:13,10.28,0.01,145,149060,买盘
284,14:32:08,10.27,-0.01,8,8216,卖盘
285,14:32:03,10.28,--,199,204572,买盘
286,14:31:58,10.28,0.01,2,2056,买盘
287,14:31:53,10.27,-0.01,120,123240,卖盘
288,14:31:48,10.28,--,14,14392,买盘
289,14:31:38,10.28,-0.01,198,203544,卖盘
290,14:31:32,10.29,0.01,253,260336,买盘
291,14:31:28,10.28,--,52,53456,卖盘
292,14:31:23,10.28,--,112,115136,卖盘
293,14:31:17,10.28,--,183,188124,卖盘
294,14:31:12,10.28,--,19,19532,卖盘
295,14:31:08,10.28,--,154,158312,卖盘
296,14:31:02,10.28,-0.01,32,32896,中性盘
297,14:30:58,10.29,0.02,123,126566,买盘
298,14:30:53,10.27,-0.01,167,171509,卖盘
299,14:30:47,10.28,0.01,162,166536,买盘
300,14:30:42,10.27,-0.02,20,20540,卖盘
301,14:30:38,10.29,--,0,0,买盘
302,14:30:32,10.29,0.02,242,249635,买盘
303,14:30:23,10.27,-0.01,163,167401,卖盘
304,14:30:17,10.28,--,45,46260,买盘
305,14:30:12,10.28,--,223,229244,买盘
306,14:30:02,10.28,--,114,117191,买盘
307,14:29:57,10.28,--,2,2056,买盘
308,14:29:53,10.28,--,121,124387,买盘
309,14:29:47,10.28,0.01,12,12336,买盘
310,14:29:43,10.27,-0.01,20,20540,卖盘
311,14:29:38,10.28,--,137,140836,买盘
312,14:29:32,10.28,--,19,19532,买盘
313,14:29:28,10.28,--,374,384472,买盘
314,14:29:23,10.28,--,35,35980,买盘
315,14:29:17,10.28,--,154,158312,买盘
316,14:29:13,10.28,--,52,53456,买盘
317,14:29:08,10.28,--,134,137752,买盘
318,14:29:02,10.28,--,60,61679,买盘
319,14:28:53,10.28,0.01,327,336156,买盘
320,14:28:47,10.27,--,133,136591,卖盘
321,14:28:43,10.27,--,20,20540,卖盘
322,14:28:38,10.27,--,36,36972,卖盘
323,14:28:32,10.27,-0.01,139,142753,卖盘
324,14:28:27,10.28,--,28,28784,买盘
325,14:28:23,10.28,--,660,678480,买盘
326,14:28:17,10.28,0.01,42,43176,买盘
327,14:28:13,10.27,-0.01,170,174590,卖盘
328,14:28:08,10.28,0.01,46,47288,买盘
329,14:28:02,10.27,-0.01,126,129402,卖盘
330,14:27:52,10.28,--,23,23644,买盘
331,14:27:47,10.28,--,112,115136,买盘
332,14:27:43,10.28,--,163,167564,买盘
333,14:27:37,10.28,--,280,287840,买盘
334,14:27:32,10.28,--,80,82240,买盘
335,14:27:27,10.28,0.01,118,121303,买盘
336,14:27:22,10.27,--,21,21567,卖盘
337,14:27:17,10.27,--,454,466258,卖盘
338,14:27:12,10.27,-0.01,4,4108,卖盘
339,14:27:07,10.28,0.01,120,123359,买盘
340,14:27:02,10.27,--,20,20540,卖盘
341,14:26:56,10.27,--,139,142753,卖盘
342,14:26:47,10.27,-0.01,46,47242,卖盘
343,14:26:42,10.28,--,122,125415,买盘
344,14:26:37,10.28,0.01,21,21588,买盘
345,14:26:32,10.27,-0.01,179,184449,卖盘
346,14:26:27,10.28,--,1,1028,买盘
347,14:26:22,10.28,--,114,117191,买盘
348,14:26:17,10.28,--,55,56540,买盘
349,14:26:12,10.28,--,272,279616,买盘
350,14:26:07,10.28,--,6,6168,买盘
351,14:26:02,10.28,--,109,112052,买盘
352,14:25:57,10.28,0.01,11,11308,买盘
353,14:25:52,10.27,-0.01,3,3081,卖盘
354,14:25:47,10.28,0.01,184,189152,买盘
355,14:25:42,10.27,-0.01,38,39026,卖盘
356,14:25:37,10.28,0.01,132,135696,买盘
357,14:25:32,10.27,-0.01,21,21567,卖盘
358,14:25:27,10.28,0.01,114,117191,买盘
359,14:25:22,10.27,-0.01,1,1027,卖盘
360,14:25:17,10.28,0.01,225,231300,买盘
361,14:25:12,10.27,--,8,8216,卖盘
362,14:25:06,10.27,--,13,13351,买盘
363,14:25:02,10.27,--,162,166374,买盘
364,14:24:57,10.27,--,271,278317,卖盘
365,14:24:51,10.27,-0.01,2,2054,卖盘
366,14:24:47,10.28,--,35,35980,买盘
367,14:24:42,10.28,--,171,175788,买盘
368,14:24:37,10.28,0.01,52,53456,买盘
369,14:24:32,10.27,-0.01,197,202319,卖盘
370,14:24:26,10.28,0.01,40,41120,买盘
371,14:24:22,10.27,-0.01,184,188968,卖盘
372,14:24:17,10.28,0.01,58,59623,买盘
373,14:24:11,10.27,--,248,254696,买盘
374,14:24:07,10.27,--,13,13351,买盘
375,14:24:02,10.27,--,104,106808,买盘
376,14:23:56,10.27,--,162,166374,买盘
377,14:23:52,10.27,-0.01,552,566904,卖盘
378,14:23:46,10.28,0.01,260,267280,买盘
379,14:23:41,10.27,-0.01,61,62647,卖盘
380,14:23:37,10.28,0.01,135,138780,买盘
381,14:23:32,10.27,--,258,264966,卖盘
382,14:23:26,10.27,-0.01,264,271128,卖盘
383,14:23:17,10.28,--,185,190180,买盘
384,14:23:11,10.28,0.01,4,4112,买盘
385,14:23:02,10.27,0.01,117,120159,中性盘
386,14:22:56,10.26,-0.02,1,1026,卖盘
387,14:22:52,10.28,0.02,114,117191,买盘
388,14:22:47,10.26,-0.02,15,15390,卖盘
389,14:22:41,10.28,0.02,144,148032,买盘
390,14:22:37,10.26,-0.02,25,25650,卖盘
391,14:22:32,10.28,0.02,215,221020,买盘
392,14:22:26,10.26,-0.01,11,11901,卖盘
393,14:22:16,10.27,--,204,209508,买盘
394,14:22:11,10.27,0.01,167,171509,买盘
395,14:22:07,10.26,-0.01,2,2052,卖盘
396,14:21:56,10.27,--,105,107835,买盘
397,14:21:47,10.27,--,130,133510,买盘
398,14:21:40,10.27,--,178,182806,买盘
399,14:21:36,10.27,--,143,146861,买盘
400,14:21:32,10.27,--,120,123240,买盘
401,14:21:26,10.27,--,117,120159,买盘
402,14:21:22,10.27,--,9,9243,买盘
403,14:21:16,10.27,--,38,39026,买盘
404,14:21:11,10.27,0.01,156,160212,买盘
405,14:21:02,10.26,-0.01,140,143640,卖盘
406,14:20:56,10.27,--,76,78052,买盘
407,14:20:51,10.27,0.01,105,107835,买盘
408,14:20:46,10.26,-0.01,203,208278,卖盘
409,14:20:40,10.27,--,112,115024,买盘
410,14:20:36,10.27,--,29,29783,买盘
411,14:20:31,10.27,0.01,113,116051,买盘
412,14:20:26,10.26,-0.01,15,15390,卖盘
413,14:20:21,10.27,--,310,318370,买盘
414,14:20:11,10.27,--,32,32864,买盘
415,14:20:06,10.27,0.01,123,126321,买盘
416,14:19:55,10.26,0.01,116,119016,买盘
417,14:19:51,10.25,--,108,110700,卖盘
418,14:19:46,10.25,--,126,129150,卖盘
419,14:19:41,10.25,-0.02,24,24600,卖盘
420,14:19:36,10.27,--,176,180752,买盘
421,14:19:25,10.27,0.02,314,322478,买盘
422,14:19:21,10.25,-0.02,20,20500,卖盘
423,14:19:16,10.27,--,18,18486,买盘
424,14:19:11,10.27,--,115,118105,买盘
425,14:19:06,10.27,--,18,18486,买盘
426,14:19:01,10.27,0.01,122,125294,买盘
427,14:18:56,10.26,0.01,3,3078,买盘
428,14:18:51,10.25,-0.01,128,131200,卖盘
429,14:18:46,10.26,--,22,22572,卖盘
430,14:18:41,10.26,-0.01,150,153900,中性盘
431,14:18:36,10.27,0.01,63,64701,买盘
432,14:18:31,10.26,0.01,513,526338,中性盘
433,14:18:26,10.25,-0.02,148,152315,卖盘
434,14:18:21,10.27,--,19,19513,买盘
435,14:18:16,10.27,0.01,106,108862,买盘
436,14:18:11,10.26,-0.01,20,20520,卖盘
437,14:18:06,10.27,0.01,166,170482,买盘
438,14:18:01,10.26,-0.01,3,3078,卖盘
439,14:17:56,10.27,--,170,174590,买盘
440,14:17:51,10.27,0.01,18,18486,买盘
441,14:17:46,10.26,-0.01,50,51300,卖盘
442,14:17:41,10.27,--,127,130429,买盘
443,14:17:36,10.27,0.02,123,126321,买盘
444,14:17:26,10.25,-0.02,2,2050,卖盘
445,14:17:21,10.27,--,422,433394,买盘
446,14:17:16,10.27,0.01,11,11297,买盘
447,14:17:10,10.26,--,126,129276,卖盘
448,14:17:00,10.26,-0.01,135,138510,卖盘
449,14:16:50,10.27,0.02,113,116051,买盘
450,14:16:46,10.25,-0.02,23,23575,卖盘
451,14:16:41,10.27,--,250,256750,买盘
452,14:16:36,10.27,--,177,181779,买盘
453,14:16:26,10.27,0.02,410,421070,买盘
454,14:16:20,10.25,-0.01,12,12300,卖盘
455,14:16:15,10.26,--,124,127224,买盘
456,14:16:11,10.26,--,199,204174,买盘
457,14:16:04,10.26,--,120,123120,买盘
458,14:16:00,10.26,--,77,79002,买盘
459,14:15:55,10.26,0.01,115,117990,买盘
460,14:15:49,10.25,-0.01,24,24600,卖盘
461,14:15:40,10.26,--,225,230850,买盘
462,14:15:35,10.26,--,103,105678,买盘
463,14:15:30,10.26,0.01,121,124146,买盘
464,14:15:25,10.25,--,49,50225,买盘
465,14:15:20,10.25,-0.01,138,141450,买盘
466,14:15:15,10.26,--,60,61560,买盘
467,14:15:10,10.26,0.01,159,163134,买盘
468,14:15:05,10.25,--,1,1025,买盘
469,14:15:01,10.25,-0.01,191,195775,卖盘
470,14:14:55,10.26,--,157,161082,买盘
471,14:14:50,10.26,0.01,116,119016,买盘
472,14:14:46,10.25,--,24,24600,卖盘
473,14:14:40,10.25,-0.01,33,33825,卖盘
474,14:14:35,10.26,0.02,254,260604,买盘
475,14:14:31,10.24,-0.01,49,50790,卖盘
476,14:14:25,10.25,-0.01,111,113775,买盘
477,14:14:20,10.26,--,9,9234,买盘
478,14:14:15,10.26,0.01,128,131328,买盘
479,14:14:10,10.25,--,46,47150,买盘
480,14:14:05,10.25,-0.01,139,142475,卖盘
481,14:13:55,10.26,0.01,116,119016,买盘
482,14:13:50,10.25,--,145,148625,买盘
483,14:13:44,10.25,-0.01,29,29725,卖盘
484,14:13:40,10.26,--,153,156978,买盘
485,14:13:35,10.26,--,79,81054,买盘
486,14:13:30,10.26,--,123,126198,买盘
487,14:13:25,10.26,--,133,136458,买盘
488,14:13:20,10.26,--,119,122094,买盘
489,14:13:15,10.26,--,8,8208,买盘
490,14:13:10,10.26,0.02,151,154926,买盘
491,14:13:05,10.24,-0.02,69,70656,卖盘
492,14:12:55,10.26,0.01,114,116964,买盘
493,14:12:50,10.25,-0.01,60,61500,买盘
494,14:12:45,10.26,0.01,110,112860,买盘
495,14:12:40,10.25,--,33,33825,买盘
496,14:12:35,10.25,--,173,177325,买盘
497,14:12:25,10.25,--,123,126075,买盘
498,14:12:20,10.25,--,113,115825,买盘
499,14:12:15,10.25,--,9,9225,买盘
500,14:12:10,10.25,--,133,136325,买盘
501,14:12:05,10.25,--,141,144525,买盘
502,14:11:55,10.25,-0.01,114,116850,卖盘
503,14:11:50,10.26,0.01,187,191862,买盘
504,14:11:45,10.25,--,43,44075,买盘
505,14:11:40,10.25,--,118,120950,买盘
506,14:11:35,10.25,-0.01,55,56375,卖盘
507,14:11:29,10.26,0.01,296,303696,买盘
508,14:11:20,10.25,--,141,144525,买盘
509,14:11:15,10.25,--,164,168100,买盘
510,14:11:10,10.25,--,12,12300,买盘
511,14:11:05,10.25,--,152,155800,买盘
512,14:11:00,10.25,--,264,270600,买盘
513,14:10:55,10.25,--,28,28700,买盘
514,14:10:50,10.25,--,41,42025,买盘
515,14:10:45,10.25,--,150,153750,买盘
516,14:10:40,10.25,--,28,28700,买盘
517,14:10:35,10.25,--,236,241900,买盘
518,14:10:30,10.25,--,82,84665,买盘
519,14:10:25,10.25,--,132,135300,买盘
520,14:10:20,10.25,--,65,66625,买盘
521,14:10:15,10.25,0.01,143,146575,买盘
522,14:10:10,10.24,0.01,2,2048,中性盘
523,14:10:05,10.23,-0.02,70,71610,卖盘
524,14:10:00,10.25,0.02,117,119925,买盘
525,14:09:50,10.23,-0.01,339,346797,卖盘
526,14:09:45,10.24,-0.01,21,21504,卖盘
527,14:09:40,10.25,0.01,121,124025,买盘
528,14:09:35,10.24,-0.01,110,112640,卖盘
529,14:09:30,10.25,0.02,140,143500,买盘
530,14:09:25,10.23,-0.02,38,38874,卖盘
531,14:09:20,10.25,0.01,104,106600,买盘
532,14:09:15,10.24,--,76,77824,买盘
533,14:09:10,10.24,-0.01,28,28672,买盘
534,14:09:05,10.25,0.02,263,269575,买盘
535,14:08:59,10.23,-0.01,5,5115,卖盘
536,14:08:55,10.24,-0.01,194,198656,卖盘
537,14:08:50,10.25,0.01,49,50225,买盘
538,14:08:45,10.24,--,81,82944,卖盘
539,14:08:40,10.24,--,13,13312,卖盘
540,14:08:35,10.24,-0.01,263,269312,卖盘
541,14:08:30,10.25,--,19,19475,买盘
542,14:08:25,10.25,--,1,1025,买盘
543,14:08:20,10.25,0.01,116,118900,买盘
544,14:08:15,10.24,-0.01,158,161792,卖盘
545,14:08:09,10.25,--,243,249075,买盘
546,14:08:05,10.25,0.01,35,35875,买盘
547,14:08:00,10.24,-0.01,117,119808,卖盘
548,14:07:50,10.25,--,103,105575,买盘
549,14:07:45,10.25,--,85,87125,买盘
550,14:07:35,10.25,0.01,170,174250,买盘
551,14:07:29,10.24,--,582,595968,买盘
552,14:07:25,10.24,--,60,61440,买盘
553,14:07:19,10.24,--,101,103424,买盘
554,14:07:14,10.24,--,122,124928,买盘
555,14:07:10,10.24,--,12,12288,买盘
556,14:07:04,10.24,--,164,167936,买盘
557,14:06:59,10.24,--,1,1024,买盘
558,14:06:55,10.24,0.01,106,108544,买盘
559,14:06:49,10.23,--,52,53196,卖盘
560,14:06:44,10.23,-0.01,126,128898,卖盘
561,14:06:39,10.24,--,2,2048,买盘
562,14:06:34,10.24,--,64,65536,买盘
563,14:06:29,10.24,0.01,123,126566,买盘
564,14:06:25,10.23,-0.01,9,9207,卖盘
565,14:06:19,10.24,--,120,122880,买盘
566,14:06:14,10.24,--,9,9216,买盘
567,14:06:09,10.24,--,116,118784,买盘
568,14:06:04,10.24,0.01,54,55296,买盘
569,14:05:59,10.23,--,128,130944,卖盘
570,14:05:54,10.23,--,22,22506,卖盘
571,14:05:49,10.23,--,154,157542,卖盘
572,14:05:44,10.23,--,729,745767,卖盘
573,14:05:38,10.23,-0.01,23,23529,卖盘
574,14:05:34,10.24,--,160,163840,买盘
575,14:05:29,10.24,--,1,1024,买盘
576,14:05:24,10.24,0.01,115,117760,买盘
577,14:05:19,10.23,-0.01,4,4092,卖盘
578,14:05:14,10.24,--,133,136192,买盘
579,14:05:08,10.24,--,24,24576,买盘
580,14:05:04,10.24,0.01,140,143360,买盘
581,14:04:59,10.23,-0.01,274,280905,卖盘
582,14:04:54,10.24,--,4,4096,买盘
583,14:04:49,10.24,--,112,114688,买盘
584,14:04:38,10.24,--,108,110592,买盘
585,14:04:34,10.24,--,81,82944,买盘
586,14:04:29,10.24,-0.01,168,172032,买盘
587,14:04:24,10.25,--,0,0,买盘
588,14:04:19,10.25,0.01,115,117875,买盘
589,14:04:14,10.24,--,12,12288,买盘
590,14:04:09,10.24,--,18,18432,买盘
591,14:04:04,10.24,0.01,129,132096,买盘
592,14:03:58,10.23,-0.01,119,121737,卖盘
593,14:03:49,10.24,--,30,30720,买盘
594,14:03:43,10.24,0.01,127,130252,买盘
595,14:03:39,10.23,-0.01,23,23529,卖盘
596,14:03:34,10.24,-0.01,118,120832,中性盘
597,14:03:29,10.25,0.02,2,2050,买盘
598,14:03:24,10.23,-0.02,143,146289,卖盘
599,14:03:19,10.25,0.01,407,417175,买盘
600,14:03:14,10.24,--,149,152576,买盘
601,14:03:09,10.24,--,332,339968,卖盘
602,14:03:04,10.24,-0.01,13,13312,卖盘
603,14:02:59,10.25,--,110,112750,买盘
604,14:02:53,10.25,0.02,138,141450,买盘
605,14:02:49,10.23,--,0,0,卖盘
606,14:02:43,10.23,-0.02,10,10230,卖盘
607,14:02:39,10.25,0.02,126,129150,买盘
608,14:02:28,10.23,-0.01,124,127465,卖盘
609,14:02:24,10.24,0.01,11,11264,买盘
610,14:02:19,10.23,-0.01,125,127875,卖盘
611,14:02:13,10.24,-0.01,9,9216,中性盘
612,14:02:09,10.25,0.02,123,126075,买盘
613,14:02:04,10.23,--,10,10230,卖盘
614,14:01:58,10.23,-0.01,2,2046,卖盘
615,14:01:53,10.24,0.01,584,598016,买盘
616,14:01:43,10.23,-0.01,155,158565,卖盘
617,14:01:39,10.24,--,3,3072,买盘
618,14:01:34,10.24,0.01,104,106496,买盘
619,14:01:29,10.23,--,11,11253,卖盘
620,14:01:24,10.23,--,218,223014,卖盘
621,14:01:13,10.23,--,467,477741,卖盘
622,14:01:09,10.23,-0.01,11,11253,卖盘
623,14:00:58,10.24,0.01,156,159744,买盘
624,14:00:53,10.23,-0.01,135,138105,卖盘
625,14:00:48,10.24,--,259,265216,买盘
626,14:00:38,10.24,--,105,107520,买盘
627,14:00:33,10.24,0.01,1,1024,买盘
628,14:00:28,10.23,-0.02,105,107415,卖盘
629,14:00:23,10.25,--,36,36900,买盘
630,14:00:19,10.25,0.01,107,109675,买盘
631,14:00:13,10.24,-0.01,51,52224,中性盘
632,14:00:09,10.25,0.02,117,119925,买盘
633,13:59:58,10.23,-0.01,81,82863,卖盘
634,13:59:53,10.24,-0.01,123,125952,中性盘
635,13:59:48,10.25,0.02,159,162975,买盘
636,13:59:43,10.23,-0.01,92,94116,卖盘
637,13:59:39,10.24,0.01,207,211968,买盘
638,13:59:29,10.23,--,32,32736,卖盘
639,13:59:23,10.23,-0.01,112,114576,卖盘
640,13:59:18,10.24,--,1,1024,买盘
641,13:59:14,10.24,--,30,30720,买盘
642,13:59:07,10.24,--,176,180224,买盘
643,13:59:03,10.24,--,1,1024,买盘
644,13:58:58,10.24,--,128,131072,买盘
645,13:58:48,10.24,--,143,146432,买盘
646,13:58:37,10.24,--,133,136192,买盘
647,13:58:32,10.24,--,28,28672,卖盘
648,13:58:28,10.24,--,411,421478,卖盘
649,13:58:22,10.24,-0.01,92,94208,卖盘
650,13:58:17,10.25,0.01,1,1025,买盘
651,13:58:13,10.24,0.01,155,158720,买盘
652,13:58:07,10.23,-0.01,715,731445,卖盘
653,13:58:02,10.24,--,12,12288,买盘
654,13:57:58,10.24,--,28,28672,买盘
655,13:57:52,10.24,--,141,144384,买盘
656,13:57:47,10.24,0.01,2,2048,买盘
657,13:57:43,10.23,-0.01,117,119691,卖盘
658,13:57:28,10.24,--,113,115712,买盘
659,13:57:23,10.24,--,113,115712,买盘
660,13:57:18,10.24,--,13,13312,买盘
661,13:57:13,10.24,--,34,34816,买盘
662,13:57:07,10.24,-0.01,355,363520,卖盘
663,13:57:02,10.25,--,0,0,买盘
664,13:56:58,10.25,0.02,253,259325,买盘
665,13:56:52,10.23,-0.01,27,27621,卖盘
666,13:56:43,10.24,--,138,141312,买盘
667,13:56:37,10.24,--,258,264192,买盘
668,13:56:32,10.24,0.01,28,28672,买盘
669,13:56:28,10.23,-0.01,2,2046,卖盘
670,13:56:22,10.24,--,293,300032,买盘
671,13:56:18,10.24,--,7,7168,买盘
672,13:56:13,10.24,--,158,161792,买盘
673,13:56:07,10.24,--,107,109568,买盘
674,13:56:02,10.24,--,115,117760,买盘
675,13:55:58,10.24,--,11,11264,买盘
676,13:55:52,10.24,0.01,121,123904,买盘
677,13:55:47,10.23,-0.01,50,51150,卖盘
678,13:55:43,10.24,--,209,214016,买盘
679,13:55:37,10.24,--,208,212992,买盘
680,13:55:32,10.24,0.01,50,51200,买盘
681,13:55:28,10.23,-0.01,125,127875,卖盘
682,13:55:22,10.24,--,55,56320,买盘
683,13:55:17,10.24,-0.01,411,421027,卖盘
684,13:55:13,10.25,0.01,7,7175,买盘
685,13:55:07,10.24,--,176,180224,卖盘
686,13:55:03,10.24,-0.01,17,17408,卖盘
687,13:54:58,10.25,--,104,106600,买盘
688,13:54:52,10.25,--,32,32800,买盘
689,13:54:47,10.25,0.01,182,186550,买盘
690,13:54:43,10.24,--,51,52224,卖盘
691,13:54:37,10.24,-0.01,74,75776,卖盘
692,13:54:32,10.25,0.01,190,194750,买盘
693,13:54:28,10.24,--,43,44646,卖盘
694,13:54:22,10.24,-0.01,148,151552,卖盘
695,13:54:17,10.25,--,18,18450,买盘
696,13:54:13,10.25,0.01,120,123000,买盘
697,13:54:07,10.24,--,12,12288,卖盘
698,13:54:02,10.24,--,219,224256,卖盘
699,13:53:58,10.24,-0.01,10,10240,卖盘
700,13:53:52,10.25,0.01,465,476625,买盘
701,13:53:47,10.24,-0.01,28,29286,卖盘
702,13:53:43,10.25,--,2,2050,买盘
703,13:53:37,10.25,0.01,79,80975,买盘
704,13:53:32,10.24,-0.01,116,118784,卖盘
705,13:53:28,10.25,--,44,45100,买盘
706,13:53:22,10.25,0.01,109,111725,买盘
707,13:53:17,10.24,--,6,6144,卖盘
708,13:53:12,10.24,-0.01,50,51200,卖盘
709,13:53:07,10.25,--,65,66625,买盘
710,13:53:02,10.25,0.01,66,67650,买盘
711,13:52:52,10.24,-0.01,319,326656,卖盘
712,13:52:47,10.25,--,151,154775,买盘
713,13:52:43,10.25,--,85,87125,买盘
714,13:52:37,10.25,0.01,51,52275,买盘
715,13:52:32,10.24,-0.01,51,52224,卖盘
716,13:52:26,10.25,--,153,156825,买盘
717,13:52:22,10.25,0.01,124,127100,买盘
718,13:52:17,10.24,-0.01,54,55296,卖盘
719,13:52:07,10.25,--,45,46166,买盘
720,13:52:02,10.25,0.01,2,2050,买盘
721,13:51:56,10.24,-0.01,30,30720,卖盘
722,13:51:52,10.25,--,382,391550,买盘
723,13:51:46,10.25,0.01,293,300325,买盘
724,13:51:41,10.24,-0.01,67,68608,卖盘
725,13:51:37,10.25,0.01,735,753375,买盘
726,13:51:31,10.24,-0.01,106,108544,卖盘
727,13:51:26,10.25,0.01,1,1025,买盘
728,13:51:22,10.24,-0.01,30,30720,卖盘
729,13:51:16,10.25,--,125,128125,买盘
730,13:51:11,10.25,--,128,131200,买盘
731,13:51:07,10.25,--,216,221400,买盘
732,13:51:01,10.25,0.01,49,50225,买盘
733,13:50:56,10.24,-0.01,300,307200,卖盘
734,13:50:52,10.25,0.01,69,70725,买盘
735,13:50:46,10.24,-0.01,32,32768,卖盘
736,13:50:37,10.25,--,451,462275,买盘
737,13:50:31,10.25,0.01,513,525825,买盘
738,13:50:26,10.24,-0.01,20,21094,卖盘
739,13:50:22,10.25,--,34,34850,买盘
740,13:50:16,10.25,0.01,1011,1036275,买盘
741,13:50:11,10.24,--,230,235520,买盘
742,13:50:07,10.24,--,115,117760,买盘
743,13:50:01,10.24,--,84,86016,买盘
744,13:49:56,10.24,--,60,61440,买盘
745,13:49:52,10.24,--,51,52224,买盘
746,13:49:46,10.24,--,107,109568,买盘
747,13:49:41,10.24,--,30,30720,买盘
748,13:49:37,10.24,--,45,46080,买盘
749,13:49:31,10.24,0.01,1,1024,买盘
750,13:49:22,10.23,-0.01,27,27621,卖盘
751,13:49:16,10.24,--,34,34816,买盘
752,13:49:11,10.24,0.01,1,1024,买盘
753,13:49:07,10.23,--,23,23529,卖盘
754,13:49:01,10.23,--,3,3069,卖盘
755,13:48:56,10.23,-0.01,1000,1023000,卖盘
756,13:48:52,10.24,--,62,63488,买盘
757,13:48:46,10.24,0.01,70,71680,买盘
758,13:48:41,10.23,-0.01,14,14322,卖盘
759,13:48:37,10.24,--,71,72704,买盘
760,13:48:31,10.24,--,363,371712,买盘
761,13:48:26,10.24,--,35,35840,买盘
762,13:48:22,10.24,--,237,242688,买盘
763,13:48:16,10.24,--,97,99328,买盘
764,13:48:11,10.24,0.01,739,756736,买盘
765,13:48:07,10.23,-0.01,134,137082,卖盘
766,13:48:01,10.24,0.01,194,198656,买盘
767,13:47:56,10.23,-0.01,42,42966,卖盘
768,13:47:51,10.24,--,142,145408,买盘
769,13:47:46,10.24,0.01,25,25600,买盘
770,13:47:41,10.23,-0.01,23,23529,卖盘
771,13:47:31,10.24,--,18,18432,买盘
772,13:47:26,10.24,0.01,230,235520,买盘
773,13:47:22,10.23,-0.01,20,20460,卖盘
774,13:47:16,10.24,--,116,118784,买盘
775,13:47:11,10.24,--,31,31744,买盘
776,13:47:07,10.24,--,19,19456,买盘
777,13:47:01,10.24,0.01,48,49152,买盘
778,13:46:56,10.23,-0.01,91,93093,卖盘
779,13:46:46,10.24,--,55,56320,买盘
780,13:46:41,10.24,--,70,71680,买盘
781,13:46:37,10.24,--,77,78848,买盘
782,13:46:31,10.24,--,147,151142,买盘
783,13:46:26,10.24,--,86,88064,买盘
784,13:46:16,10.24,--,190,194560,买盘
785,13:46:11,10.24,--,120,122880,买盘
786,13:46:07,10.24,--,60,61440,买盘
787,13:46:01,10.24,--,150,153600,买盘
788,13:45:56,10.24,--,20,20480,买盘
789,13:45:51,10.24,0.01,2,2048,买盘
790,13:45:46,10.23,--,76,77748,卖盘
791,13:45:41,10.23,--,53,54628,买盘
792,13:45:36,10.23,--,30,30690,买盘
793,13:45:31,10.23,--,553,565719,买盘
794,13:45:26,10.23,--,134,137082,买盘
795,13:45:21,10.23,--,148,151404,买盘
796,13:45:16,10.23,--,726,742698,买盘
797,13:45:11,10.23,--,163,166749,买盘
798,13:45:05,10.23,--,66,67518,买盘
799,13:45:01,10.23,--,202,206646,买盘
800,13:44:56,10.23,--,125,127875,买盘
801,13:44:50,10.23,--,50,51150,买盘
802,13:44:46,10.23,--,131,134013,买盘
803,13:44:41,10.23,--,64,65472,买盘
804,13:44:35,10.23,--,91,93093,买盘
805,13:44:31,10.23,0.01,2315,2368347,买盘
806,13:44:26,10.22,0.01,301,307622,买盘
807,13:44:16,10.21,-0.01,109,111289,卖盘
808,13:44:10,10.22,--,147,150234,买盘
809,13:44:05,10.22,--,92,94024,买盘
810,13:44:01,10.22,--,119,121618,买盘
811,13:43:55,10.22,--,67,68474,买盘
812,13:43:50,10.22,--,26,26572,买盘
813,13:43:46,10.22,--,108,110376,买盘
814,13:43:40,10.22,--,311,317842,买盘
815,13:43:35,10.22,--,85,86870,买盘
816,13:43:31,10.22,--,74,75628,买盘
817,13:43:25,10.22,--,41,41902,买盘
818,13:43:16,10.22,--,31,31682,买盘
819,13:43:10,10.22,--,11,11242,买盘
820,13:43:01,10.22,0.01,43,43946,买盘
821,13:42:55,10.21,-0.01,25,25525,卖盘
822,13:42:46,10.22,-0.01,328,336135,卖盘
823,13:42:40,10.23,0.01,384,392832,买盘
824,13:42:35,10.22,-0.01,65,66430,卖盘
825,13:42:31,10.23,--,571,584746,买盘
826,13:42:25,10.23,--,16,16368,买盘
827,13:42:20,10.23,--,10,10230,买盘
828,13:42:16,10.23,--,27,27621,买盘
829,13:42:10,10.23,0.01,23,23529,买盘
830,13:42:05,10.22,-0.01,21,21462,卖盘
831,13:42:01,10.23,--,55,56265,买盘
832,13:41:55,10.23,0.01,62,63426,买盘
833,13:41:50,10.22,-0.01,31,31682,卖盘
834,13:41:46,10.23,--,124,126852,买盘
835,13:41:40,10.23,--,27,27621,买盘
836,13:41:35,10.23,--,9,9207,买盘
837,13:41:31,10.23,--,149,152427,买盘
838,13:41:25,10.23,0.01,61,62403,买盘
839,13:41:20,10.22,--,147,150745,买盘
840,13:41:16,10.22,--,30,30660,买盘
841,13:41:10,10.22,--,82,83804,买盘
842,13:41:01,10.22,--,40,40880,买盘
843,13:40:55,10.22,0.01,33,33726,买盘
844,13:40:50,10.21,-0.01,8,8168,卖盘
845,13:40:46,10.22,0.01,158,162038,买盘
846,13:40:40,10.21,-0.01,93,94953,卖盘
847,13:40:35,10.22,--,41,41902,买盘
848,13:40:31,10.22,--,10,10220,买盘
849,13:40:25,10.22,--,49,50078,买盘
850,13:40:20,10.22,0.01,42,42924,买盘
851,13:40:16,10.21,--,75,76575,买盘
852,13:40:10,10.21,--,40,40840,买盘
853,13:40:05,10.21,0.01,70,71470,买盘
854,13:40:01,10.2,-0.01,24,24480,卖盘
855,13:39:55,10.21,--,203,207263,买盘
856,13:39:50,10.21,-0.01,169,172549,卖盘
857,13:39:46,10.22,--,203,207466,买盘
858,13:39:35,10.22,--,140,143080,买盘
859,13:39:30,10.22,--,150,153300,买盘
860,13:39:25,10.22,--,10,10220,买盘
861,13:39:20,10.22,--,44,44968,买盘
862,13:39:15,10.22,--,44,44968,买盘
863,13:39:10,10.22,--,325,332150,买盘
864,13:39:05,10.22,--,29,29638,买盘
865,13:39:00,10.22,--,163,166586,买盘
866,13:38:55,10.22,--,87,88914,买盘
867,13:38:50,10.22,0.01,660,674520,买盘
868,13:38:45,10.21,--,25,25525,买盘
869,13:38:40,10.21,--,115,117415,买盘
870,13:38:35,10.21,--,203,207263,买盘
871,13:38:30,10.21,--,170,174182,买盘
872,13:38:25,10.21,--,61,62281,买盘
873,13:38:20,10.21,--,52,53092,买盘
874,13:38:15,10.21,--,191,195011,买盘
875,13:38:05,10.21,0.01,43,43903,买盘
876,13:38:00,10.2,--,100,102000,卖盘
877,13:37:55,10.2,-0.01,129,131580,卖盘
878,13:37:40,10.21,--,48,49008,买盘
879,13:37:35,10.21,--,1,1021,买盘
880,13:37:25,10.21,0.01,25,25525,买盘
881,13:37:20,10.2,-0.01,1,1019,卖盘
882,13:37:10,10.21,--,20,20420,买盘
883,13:37:04,10.21,--,12,12252,买盘
884,13:36:59,10.21,--,20,20420,买盘
885,13:36:55,10.21,--,131,133751,卖盘
886,13:36:49,10.21,0.01,58,59218,买盘
887,13:36:34,10.2,-0.01,10,10200,卖盘
888,13:36:29,10.21,--,2,2042,买盘
889,13:36:25,10.21,--,3,3063,买盘
890,13:36:19,10.21,-0.01,21,21441,中性盘
891,13:36:13,10.22,0.01,573,585606,买盘
892,13:36:10,10.21,0.01,7,7147,买盘
893,13:36:04,10.2,--,25,25500,卖盘
894,13:35:59,10.2,-0.01,26,26519,卖盘
895,13:35:55,10.21,--,183,186843,买盘
896,13:35:49,10.21,--,12,12252,买盘
897,13:35:40,10.21,--,52,53092,买盘
898,13:35:34,10.21,--,2,2042,买盘
899,13:35:25,10.21,--,44,44924,买盘
900,13:35:19,10.21,--,211,215880,卖盘
901,13:35:14,10.21,--,8,8168,卖盘
902,13:35:10,10.21,-0.01,293,299153,卖盘
903,13:35:04,10.22,0.01,44,44968,买盘
904,13:34:59,10.21,--,36,36756,卖盘
905,13:34:55,10.21,-0.01,10,10210,卖盘
906,13:34:40,10.22,--,25,25550,买盘
907,13:34:34,10.22,--,22,22484,买盘
908,13:34:29,10.22,0.01,65,67043,买盘
909,13:34:25,10.21,-0.01,379,386959,卖盘
910,13:34:19,10.22,0.01,26,27144,买盘
911,13:34:14,10.21,-0.01,2,2042,卖盘
912,13:34:10,10.22,0.01,466,476252,买盘
913,13:34:04,10.21,--,51,52071,卖盘
914,13:33:59,10.21,--,24,24504,卖盘
915,13:33:55,10.21,-0.01,5,5105,卖盘
916,13:33:49,10.22,0.01,1,1022,买盘
917,13:33:44,10.21,-0.01,25,25525,卖盘
918,13:33:40,10.22,0.01,162,165564,买盘
919,13:33:34,10.21,-0.01,50,51050,卖盘
920,13:33:29,10.22,0.01,178,181916,买盘
921,13:33:24,10.21,--,28,28588,卖盘
922,13:33:14,10.21,-0.01,7,7351,卖盘
923,13:33:04,10.22,--,1,1022,买盘
924,13:32:59,10.22,0.01,35,35770,买盘
925,13:32:49,10.21,-0.01,23,23483,卖盘
926,13:32:44,10.22,0.01,1,1022,买盘
927,13:32:39,10.21,-0.01,28,28588,卖盘
928,13:32:33,10.22,0.01,68,69496,买盘
929,13:32:29,10.21,-0.01,106,108226,卖盘
930,13:32:24,10.22,--,50,51100,买盘
931,13:32:19,10.22,0.01,4,4088,买盘
932,13:32:14,10.21,-0.01,22,22462,卖盘
933,13:31:59,10.22,0.01,65,66430,买盘
934,13:31:49,10.21,-0.01,41,41861,卖盘
935,13:31:44,10.22,--,212,216664,买盘
936,13:31:34,10.22,--,3,3066,买盘
937,13:31:29,10.22,0.01,74,75628,买盘
938,13:31:19,10.21,--,100,102100,卖盘
939,13:31:14,10.21,--,139,141919,卖盘
940,13:31:04,10.21,--,35,35735,卖盘
941,13:30:59,10.21,-0.01,94,95974,卖盘
942,13:30:54,10.22,0.01,1,1022,买盘
943,13:30:49,10.21,-0.01,23,23483,卖盘
944,13:30:44,10.22,0.01,3,3066,买盘
945,13:30:38,10.21,--,23,23483,卖盘
946,13:30:34,10.21,-0.01,322,328762,卖盘
947,13:30:29,10.22,--,54,55801,买盘
948,13:30:19,10.22,--,12,12264,买盘
949,13:30:14,10.22,--,100,102200,买盘
950,13:30:08,10.22,--,56,57232,买盘
951,13:30:04,10.22,--,46,47012,买盘
952,13:29:59,10.22,--,4,4088,买盘
953,13:29:53,10.22,0.01,10,10220,买盘
954,13:29:49,10.21,-0.01,115,117415,卖盘
955,13:29:43,10.22,--,1,1022,买盘
956,13:29:38,10.22,0.01,24,24528,买盘
957,13:29:34,10.21,-0.01,10,10210,卖盘
958,13:29:28,10.22,--,5,5110,买盘
959,13:29:19,10.22,--,12,12264,买盘
960,13:29:13,10.22,--,386,394492,买盘
961,13:29:08,10.22,--,51,52122,买盘
962,13:29:04,10.22,0.01,72,73584,买盘
963,13:28:58,10.21,-0.01,112,114352,卖盘
964,13:28:49,10.22,--,72,73584,买盘
965,13:28:43,10.22,--,2,2044,买盘
966,13:28:38,10.22,--,103,105266,买盘
967,13:28:28,10.22,--,9,9198,买盘
968,13:28:23,10.22,--,28,28616,买盘
969,13:28:19,10.22,--,19,19418,买盘
970,13:28:13,10.22,--,25,25550,买盘
971,13:28:08,10.22,0.01,126,129385,买盘
972,13:28:04,10.21,--,30,30630,买盘
973,13:27:58,10.21,--,15,15315,买盘
974,13:27:53,10.21,--,105,107205,买盘
975,13:27:49,10.21,--,85,86785,买盘
976,13:27:43,10.21,--,200,204200,买盘
977,13:27:34,10.21,0.01,30,30630,买盘
978,13:27:28,10.2,-0.01,161,164220,卖盘
979,13:27:23,10.21,0.01,29,29609,买盘
980,13:27:19,10.2,-0.01,17,17340,卖盘
981,13:27:13,10.21,0.01,114,116394,买盘
982,13:27:08,10.2,-0.01,30,30599,卖盘
983,13:27:04,10.21,0.01,93,94953,买盘
984,13:26:58,10.2,-0.01,100,102000,卖盘
985,13:26:53,10.21,--,12,12252,买盘
986,13:26:48,10.21,0.01,23,23483,买盘
987,13:26:43,10.2,-0.01,8,8159,卖盘
988,13:26:38,10.21,-0.01,251,256679,卖盘
989,13:26:33,10.22,--,38,38836,买盘
990,13:26:28,10.22,0.01,136,139605,买盘
991,13:26:18,10.21,-0.01,64,65548,卖盘
992,13:26:13,10.22,--,28,28616,买盘
993,13:26:08,10.22,--,1,1022,买盘
994,13:26:03,10.22,--,36,36792,买盘
995,13:25:58,10.22,0.01,114,117325,买盘
996,13:25:53,10.21,--,171,174591,买盘
997,13:25:48,10.21,--,24,24504,买盘
998,13:25:43,10.21,0.01,30,30630,买盘
999,13:25:38,10.2,-0.01,44,44880,卖盘
1000,13:25:33,10.21,--,223,227683,买盘
1001,13:25:28,10.21,--,213,217473,买盘
1002,13:25:23,10.21,--,81,82701,买盘
1003,13:25:18,10.21,0.01,42,42882,买盘
1004,13:25:13,10.2,-0.01,175,178500,卖盘
1005,13:25:08,10.21,0.01,240,245040,买盘
1006,13:25:03,10.2,--,18,18360,买盘
1007,13:24:58,10.2,--,251,256019,买盘
1008,13:24:52,10.2,--,404,412080,买盘
1009,13:24:48,10.2,--,3,3060,买盘
1010,13:24:43,10.2,--,192,195840,买盘
1011,13:24:38,10.2,--,572,583440,买盘
1012,13:24:33,10.2,--,28,28559,买盘
1013,13:24:28,10.2,--,51,52020,买盘
1014,13:24:23,10.2,0.01,7,7139,买盘
1015,13:24:13,10.19,--,43,43817,卖盘
1016,13:24:08,10.19,-0.01,32,32608,卖盘
1017,13:24:03,10.2,0.01,3,3060,买盘
1018,13:23:58,10.19,-0.01,343,349517,卖盘
1019,13:23:53,10.2,--,355,362100,买盘
1020,13:23:48,10.2,--,123,125459,买盘
1021,13:23:43,10.2,0.01,58,59159,买盘
1022,13:23:38,10.19,-0.01,263,267997,卖盘
1023,13:23:33,10.2,--,45,45900,买盘
1024,13:23:28,10.2,--,51,52020,买盘
1025,13:23:23,10.2,--,30,30599,买盘
1026,13:23:17,10.2,--,210,214199,买盘
1027,13:23:13,10.2,--,27,27539,买盘
1028,13:23:08,10.2,--,1,1019,买盘
1029,13:23:02,10.2,--,13,13259,买盘
1030,13:22:58,10.2,--,38,38760,买盘
1031,13:22:53,10.2,-0.01,502,512447,卖盘
1032,13:22:47,10.21,0.01,1,1021,买盘
1033,13:22:43,10.2,-0.01,43,43860,卖盘
1034,13:22:38,10.21,0.01,56,57176,买盘
1035,13:22:28,10.2,-0.01,120,123011,卖盘
1036,13:22:22,10.21,--,2,2042,买盘
1037,13:22:13,10.21,0.01,149,152129,买盘
1038,13:22:07,10.2,-0.01,33,33660,卖盘
1039,13:22:02,10.21,--,11,11231,买盘
1040,13:21:58,10.21,0.01,11,11231,买盘
1041,13:21:51,10.2,--,48,48960,卖盘
1042,13:21:47,10.2,--,73,74460,买盘
1043,13:21:43,10.2,--,497,506939,买盘
1044,13:21:37,10.2,--,36,36720,买盘
1045,13:21:31,10.2,--,78,79560,买盘
1046,13:21:28,10.2,--,8,8159,买盘
1047,13:21:22,10.2,--,117,119339,买盘
1048,13:21:17,10.2,--,10,10200,买盘
1049,13:21:13,10.2,0.01,50,51000,买盘
1050,13:21:07,10.19,-0.01,150,152850,卖盘
1051,13:21:02,10.2,--,2,2039,买盘
1052,13:20:57,10.2,--,840,856799,买盘
1053,13:20:52,10.2,--,119,121379,买盘
1054,13:20:47,10.2,--,10,10200,买盘
1055,13:20:43,10.2,--,227,231539,买盘
1056,13:20:37,10.2,--,35,35700,买盘
1057,13:20:32,10.2,--,2,2039,买盘
1058,13:20:27,10.2,0.01,493,502859,买盘
1059,13:20:21,10.19,--,78,79482,卖盘
1060,13:20:12,10.19,--,1832,1866808,买盘
1061,13:20:07,10.19,0.01,134,136546,买盘
1062,13:20:02,10.18,-0.01,200,203600,卖盘
1063,13:19:57,10.19,--,438,446322,买盘
1064,13:19:52,10.19,--,117,119223,买盘
1065,13:19:47,10.19,--,1089,1109691,买盘
1066,13:19:42,10.19,0.01,239,243541,买盘
1067,13:19:37,10.18,-0.01,430,437740,卖盘
1068,13:19:32,10.19,--,29,29551,买盘
1069,13:19:27,10.19,--,257,261883,买盘
1070,13:19:21,10.19,--,676,688844,买盘
1071,13:19:17,10.19,--,84,85596,买盘
1072,13:19:12,10.19,--,14,14266,买盘
1073,13:19:07,10.19,--,126,128394,买盘
1074,13:19:01,10.19,--,1,1019,买盘
1075,13:18:57,10.19,--,102,103938,买盘
1076,13:18:52,10.19,--,181,184439,买盘
1077,13:18:47,10.19,--,55,56045,买盘
1078,13:18:37,10.19,0.01,149,151831,买盘
1079,13:18:32,10.18,-0.01,42,43366,卖盘
1080,13:18:27,10.19,--,126,128394,买盘
1081,13:18:21,10.19,--,1178,1200382,买盘
1082,13:18:16,10.19,0.01,5,5095,买盘
1083,13:18:12,10.18,--,1,1018,卖盘
1084,13:18:06,10.18,-0.01,397,404146,卖盘
1085,13:18:02,10.19,0.01,412,419828,买盘
1086,13:17:57,10.18,0.01,246,250428,买盘
1087,13:17:52,10.17,-0.01,2504,2546568,卖盘
1088,13:17:47,10.18,--,222,225996,买盘
1089,13:17:42,10.18,--,23,23414,买盘
1090,13:17:37,10.18,0.01,364,370552,买盘
1091,13:17:32,10.17,-0.01,3942,4009014,卖盘
1092,13:17:27,10.18,--,1699,1729582,买盘
1093,13:17:22,10.18,--,921,937578,买盘
1094,13:17:17,10.18,--,1305,1328490,买盘
1095,13:17:12,10.18,--,300,305400,买盘
1096,13:17:07,10.18,--,205,208690,买盘
1097,13:17:02,10.18,0.01,2687,2735366,买盘
1098,13:16:56,10.17,-0.01,24,24408,卖盘
1099,13:16:51,10.18,--,164,166952,买盘
1100,13:16:47,10.18,--,57,58026,买盘
1101,13:16:42,10.18,--,101,102818,买盘
1102,13:16:37,10.18,--,205,208690,买盘
1103,13:16:32,10.18,--,1603,1631854,买盘
1104,13:16:27,10.18,--,82,83476,买盘
1105,13:16:22,10.18,0.01,561,571098,买盘
1106,13:16:17,10.17,-0.01,179,182043,卖盘
1107,13:16:11,10.18,--,514,523252,买盘
1108,13:16:07,10.18,--,86,87548,买盘
1109,13:16:02,10.18,0.01,885,900930,买盘
1110,13:15:55,10.17,-0.01,727,739359,卖盘
1111,13:15:52,10.18,--,1281,1304058,买盘
1112,13:15:47,10.18,--,359,365462,买盘
1113,13:15:41,10.18,--,77,78386,买盘
1114,13:15:37,10.18,--,748,761464,买盘
1115,13:15:32,10.18,--,129,131322,买盘
1116,13:15:26,10.18,--,1,1018,买盘
1117,13:15:21,10.18,--,231,235158,买盘
1118,13:15:16,10.18,--,350,356300,买盘
1119,13:15:11,10.18,--,1042,1060756,买盘
1120,13:15:07,10.18,--,434,441812,买盘
1121,13:15:00,10.18,--,917,933506,买盘
1122,13:14:56,10.18,--,113,115034,买盘
1123,13:14:52,10.18,--,528,537504,买盘
1124,13:14:46,10.18,--,69,70242,买盘
1125,13:14:41,10.18,--,27,27486,买盘
1126,13:14:37,10.18,0.01,2,2036,买盘
1127,13:14:30,10.17,--,416,423072,卖盘
1128,13:14:26,10.17,--,50,50850,卖盘
1129,13:14:22,10.17,--,9318,9476609,买盘
1130,13:14:16,10.17,--,665,676305,买盘
1131,13:14:11,10.17,--,52,52884,买盘
1132,13:14:06,10.17,--,1816,1846872,买盘
1133,13:14:01,10.17,--,319,324423,买盘
1134,13:13:55,10.17,--,143,145431,买盘
1135,13:13:51,10.17,--,355,361035,买盘
1136,13:13:46,10.17,--,624,634608,买盘
1137,13:13:41,10.17,--,316,321372,买盘
1138,13:13:36,10.17,--,2074,2109258,买盘
1139,13:13:31,10.17,--,148,150516,买盘
1140,13:13:26,10.17,--,123,125091,买盘
1141,13:13:21,10.17,--,122,124074,买盘
1142,13:13:16,10.17,0.01,142,144414,买盘
1143,13:13:11,10.16,-0.01,4,4064,卖盘
1144,13:13:06,10.17,--,47,47799,买盘
1145,13:13:00,10.17,0.01,295,300015,买盘
1146,13:12:55,10.16,-0.01,119,120904,卖盘
1147,13:12:51,10.17,--,309,314253,买盘
1148,13:12:46,10.17,0.01,170,172890,买盘
1149,13:12:41,10.16,-0.01,1,1016,卖盘
1150,13:12:36,10.17,--,597,607149,买盘
1151,13:12:30,10.17,--,138,140346,买盘
1152,13:12:26,10.17,--,173,175941,买盘
1153,13:12:21,10.17,--,61,62037,买盘
1154,13:12:16,10.17,--,236,240012,买盘
1155,13:12:11,10.17,--,50,50850,买盘
1156,13:12:06,10.17,--,284,288828,买盘
1157,13:12:00,10.17,--,797,810549,买盘
1158,13:11:56,10.17,0.01,30,30510,买盘
1159,13:11:51,10.16,-0.01,94,95504,卖盘
1160,13:11:45,10.17,--,291,295947,买盘
1161,13:11:40,10.17,--,156,158652,买盘
1162,13:11:36,10.17,--,28,28476,买盘
1163,13:11:30,10.17,-0.01,343,349644,卖盘
1164,13:11:25,10.18,0.01,1049,1067882,买盘
1165,13:11:21,10.17,--,1000,1017000,卖盘
1166,13:11:15,10.17,--,22,22374,卖盘
1167,13:11:11,10.17,--,50,50850,卖盘
1168,13:11:06,10.17,-0.01,596,606132,卖盘
1169,13:11:01,10.18,0.01,201,204618,买盘
1170,13:10:56,10.17,--,827,841059,卖盘
1171,13:10:51,10.17,-0.01,31,31527,卖盘
1172,13:10:46,10.18,--,710,722780,买盘
1173,13:10:40,10.18,0.01,130,132340,买盘
1174,13:10:31,10.17,--,79,80343,卖盘
1175,13:10:26,10.17,--,173,176551,卖盘
1176,13:10:21,10.17,-0.01,104,105768,卖盘
1177,13:10:16,10.18,0.01,1136,1156448,买盘
1178,13:10:06,10.17,-0.01,800,813600,卖盘
1179,13:10:01,10.18,--,77,78386,买盘
1180,13:09:55,10.18,--,208,211744,买盘
1181,13:09:51,10.18,--,811,825598,买盘
1182,13:09:46,10.18,--,7,7126,买盘
1183,13:09:41,10.18,--,72,73296,买盘
1184,13:09:30,10.18,--,1031,1049558,买盘
1185,13:09:26,10.18,0.01,651,662718,买盘
1186,13:09:16,10.17,-0.01,42,42714,卖盘
1187,13:09:11,10.18,--,41,41738,买盘
1188,13:09:06,10.18,0.01,30,30540,买盘
1189,13:09:01,10.17,-0.01,537,546129,卖盘
1190,13:08:56,10.18,--,18,18324,买盘
1191,13:08:50,10.18,--,52,52936,买盘
1192,13:08:46,10.18,0.01,694,706492,买盘
1193,13:08:40,10.17,-0.01,1049,1066833,卖盘
1194,13:08:35,10.18,--,5,5090,买盘
1195,13:08:30,10.18,0.01,1,1018,买盘
1196,13:08:25,10.17,-0.01,2034,2068578,卖盘
1197,13:08:16,10.18,--,8,8144,买盘
1198,13:08:11,10.18,0.01,100,101800,买盘
1199,13:08:05,10.17,--,25,25425,卖盘
1200,13:08:00,10.17,-0.01,78,79326,卖盘
1201,13:07:54,10.18,--,34,34612,买盘
1202,13:07:49,10.18,--,56,57008,买盘
1203,13:07:46,10.18,--,46,46828,买盘
1204,13:07:39,10.18,--,1316,1339688,买盘
1205,13:07:34,10.18,--,120,122160,买盘
1206,13:07:30,10.18,--,124,126232,买盘
1207,13:07:24,10.18,--,48,48864,买盘
1208,13:07:20,10.18,--,146,148628,买盘
1209,13:07:15,10.18,--,263,267734,买盘
1210,13:07:09,10.18,--,358,364444,买盘
1211,13:07:04,10.18,--,19,19342,买盘
1212,13:07:00,10.18,--,288,293184,买盘
1213,13:06:54,10.18,--,219,222942,买盘
1214,13:06:49,10.18,--,78,79404,买盘
1215,13:06:45,10.18,--,5,5090,买盘
1216,13:06:39,10.18,--,79,80422,买盘
1217,13:06:30,10.18,--,1235,1257840,买盘
1218,13:06:24,10.18,--,21,21378,买盘
1219,13:06:19,10.18,--,111,112998,买盘
1220,13:06:15,10.18,--,119,121142,买盘
1221,13:06:09,10.18,0.01,144,146592,买盘
1222,13:06:04,10.17,-0.01,1797,1827549,卖盘
1223,13:06:00,10.18,--,84,85512,买盘
1224,13:05:55,10.18,--,791,805238,买盘
1225,13:05:49,10.18,--,172,175096,买盘
1226,13:05:45,10.18,--,442,449956,买盘
1227,13:05:39,10.18,--,1598,1626764,买盘
1228,13:05:34,10.18,--,15,15270,买盘
1229,13:05:30,10.18,0.01,520,529360,买盘
1230,13:05:24,10.17,--,32,32544,卖盘
1231,13:05:19,10.17,--,22,22374,卖盘
1232,13:05:15,10.17,-0.01,1061,1079037,卖盘
1233,13:05:09,10.18,--,867,882606,买盘
1234,13:05:05,10.18,--,238,242284,买盘
1235,13:05:00,10.18,0.01,56,57008,买盘
1236,13:04:55,10.17,-0.01,377,383409,卖盘
1237,13:04:45,10.18,--,398,405164,买盘
1238,13:04:39,10.18,--,56,57008,买盘
1239,13:04:35,10.18,--,83,84494,买盘
1240,13:04:30,10.18,--,231,235158,买盘
1241,13:04:25,10.18,0.01,59,60062,买盘
1242,13:04:19,10.17,--,333,338661,卖盘
1243,13:04:15,10.17,-0.01,74,75258,卖盘
1244,13:04:09,10.18,0.01,162,164916,买盘
1245,13:04:04,10.17,--,91,92547,卖盘
1246,13:04:00,10.17,--,24,24408,卖盘
1247,13:03:54,10.17,-0.01,1,1017,卖盘
1248,13:03:49,10.18,--,55,55990,买盘
1249,13:03:45,10.18,--,303,308454,买盘
1250,13:03:40,10.18,--,104,105872,买盘
1251,13:03:34,10.18,--,155,157790,买盘
1252,13:03:30,10.18,0.01,43,43774,买盘
1253,13:03:25,10.17,-0.01,216,219672,卖盘
1254,13:03:19,10.18,--,50,50900,买盘
1255,13:03:15,10.18,--,75,76350,买盘
1256,13:03:09,10.18,-0.01,335,341030,卖盘
1257,13:03:05,10.19,--,44,44836,买盘
1258,13:02:55,10.19,--,810,825390,买盘
1259,13:02:49,10.19,--,366,372954,买盘
1260,13:02:45,10.19,--,11,11209,买盘
1261,13:02:39,10.19,--,1785,1818915,买盘
1262,13:02:34,10.19,0.01,102,103938,买盘
1263,13:02:30,10.18,-0.01,9,9772,卖盘
1264,13:02:24,10.19,--,228,232332,买盘
1265,13:02:15,10.19,--,230,234370,买盘
1266,13:02:10,10.19,0.01,1434,1461246,买盘
1267,13:02:04,10.18,-0.01,205,208690,卖盘
1268,13:02:00,10.19,--,25,25475,买盘
1269,13:01:55,10.19,--,896,913024,买盘
1270,13:01:49,10.19,--,961,979259,买盘
1271,13:01:45,10.19,--,20,20380,买盘
1272,13:01:40,10.19,--,162,165078,买盘
1273,13:01:34,10.19,--,1113,1134147,买盘
1274,13:01:25,10.19,--,114,116166,买盘
1275,13:01:19,10.19,--,322,328118,买盘
1276,13:01:13,10.19,--,389,396391,买盘
1277,13:01:09,10.19,--,201,204819,买盘
1278,13:01:04,10.19,--,261,265959,买盘
1279,13:00:58,10.19,--,11,11209,买盘
1280,13:00:54,10.19,--,909,926271,买盘
1281,13:00:49,10.19,--,218,222142,买盘
1282,13:00:43,10.19,--,515,524785,买盘
1283,13:00:39,10.19,--,1217,1240123,买盘
1284,13:00:33,10.19,--,10,10190,买盘
1285,13:00:28,10.19,--,225,229275,买盘
1286,13:00:24,10.19,--,1640,1671160,买盘
1287,13:00:18,10.19,--,312,317928,买盘
1288,13:00:13,10.19,--,65,66235,买盘
1289,13:00:09,10.19,0.01,4948,5042419,买盘
1290,13:00:04,10.18,--,4383,4461894,买盘
1291,11:30:00,10.18,--,0,0,买盘
1292,11:30:00,10.18,--,0,0,买盘
1293,11:29:59,10.18,--,10,10180,买盘
1294,11:29:55,10.18,--,28,28504,买盘
1295,11:29:50,10.18,0.01,18,18324,买盘
1296,11:29:45,10.17,--,364,370188,买盘
1297,11:29:40,10.17,--,1131,1150227,买盘
1298,11:29:35,10.17,--,265,269505,买盘
1299,11:29:29,10.17,--,26,26442,买盘
1300,11:29:25,10.17,--,147,149499,买盘
1301,11:29:19,10.17,--,205,208485,买盘
1302,11:29:14,10.17,--,138,140346,买盘
1303,11:29:10,10.17,--,4826,4908042,买盘
1304,11:29:04,10.17,--,650,661050,买盘
1305,11:28:59,10.17,--,230,233910,买盘
1306,11:28:55,10.17,--,121,123057,买盘
1307,11:28:50,10.17,--,387,393579,买盘
1308,11:28:45,10.17,--,20,20340,买盘
1309,11:28:40,10.17,0.01,185,188145,买盘
1310,11:28:34,10.16,-0.01,21,21336,卖盘
1311,11:28:30,10.17,--,625,636235,买盘
1312,11:28:19,10.17,--,1136,1155312,买盘
1313,11:28:15,10.17,0.01,3181,3235280,买盘
1314,11:28:10,10.16,--,881,895096,买盘
1315,11:28:04,10.16,--,1243,1262888,买盘
1316,11:27:59,10.16,--,1003,1019048,买盘
1317,11:27:55,10.16,--,360,365760,买盘
1318,11:27:50,10.16,--,1186,1204976,买盘
1319,11:27:45,10.16,--,323,328168,买盘
1320,11:27:40,10.16,0.01,4,4064,买盘
1321,11:27:34,10.15,-0.01,505,512575,卖盘
1322,11:27:30,10.16,--,378,384048,买盘
1323,11:27:25,10.16,--,35,35560,买盘
1324,11:27:19,10.16,0.01,253,257048,买盘
1325,11:27:15,10.15,-0.01,627,636405,卖盘
1326,11:27:10,10.16,--,245,248920,买盘
1327,11:27:05,10.16,--,262,266192,买盘
1328,11:27:00,10.16,0.01,113,114808,买盘
1329,11:26:55,10.15,-0.01,3,3045,卖盘
1330,11:26:49,10.16,--,679,689864,买盘
1331,11:26:44,10.16,--,542,550672,买盘
1332,11:26:40,10.16,--,175,177800,买盘
1333,11:26:34,10.16,--,306,310896,买盘
1334,11:26:29,10.16,--,74,75184,买盘
1335,11:26:19,10.16,--,86,87376,买盘
1336,11:26:14,10.16,--,1372,1393952,买盘
1337,11:26:09,10.16,0.01,5092,5173878,买盘
1338,11:26:04,10.15,-0.01,180,182700,卖盘
1339,11:26:00,10.16,--,82,83312,买盘
1340,11:25:55,10.16,--,61,61976,买盘
1341,11:25:44,10.16,0.01,486,493776,买盘
1342,11:25:40,10.15,-0.01,49,49735,卖盘
1343,11:25:34,10.16,--,53,53848,买盘
1344,11:25:30,10.16,--,25,25400,买盘
1345,11:25:25,10.16,--,1,1016,买盘
1346,11:25:19,10.16,0.01,57,57912,买盘
1347,11:25:14,10.15,-0.01,200,203000,卖盘
1348,11:25:10,10.16,--,1,1016,买盘
1349,11:25:04,10.16,--,34,34544,买盘
1350,11:25:00,10.16,--,54,54864,买盘
1351,11:24:44,10.16,0.01,105,106680,买盘
1352,11:24:39,10.15,-0.01,135,137025,卖盘
1353,11:24:34,10.16,--,37,37592,买盘
1354,11:24:30,10.16,--,14,14833,买盘
1355,11:24:24,10.16,--,45,45720,买盘
1356,11:24:19,10.16,0.01,5,5080,买盘
1357,11:24:13,10.15,-0.01,195,197925,卖盘
1358,11:24:09,10.16,--,40,40640,买盘
1359,11:24:04,10.16,--,46,46736,买盘
1360,11:23:58,10.16,--,565,574040,买盘
1361,11:23:53,10.16,--,3,3048,买盘
1362,11:23:49,10.16,--,351,356616,买盘
1363,11:23:44,10.16,--,149,151384,买盘
1364,11:23:38,10.16,--,505,513080,买盘
1365,11:23:34,10.16,--,256,260096,买盘
1366,11:23:28,10.16,--,236,239776,买盘
1367,11:23:19,10.16,--,268,272288,买盘
1368,11:23:13,10.16,--,160,162560,买盘
1369,11:23:09,10.16,--,1,1016,买盘
1370,11:23:04,10.16,--,230,233680,买盘
1371,11:22:58,10.16,--,266,270256,买盘
1372,11:22:53,10.16,--,50,50800,买盘
1373,11:22:49,10.16,0.01,955,970280,买盘
1374,11:22:43,10.15,-0.01,260,263900,卖盘
1375,11:22:39,10.16,--,54,54864,买盘
1376,11:22:34,10.16,--,49,49784,买盘
1377,11:22:28,10.16,--,10,10160,买盘
1378,11:22:23,10.16,-0.01,2495,2535732,卖盘
1379,11:22:19,10.17,--,50,50850,买盘
1380,11:22:13,10.17,--,900,915300,买盘
1381,11:22:08,10.17,--,21,21357,买盘
1382,11:22:04,10.17,--,1030,1047510,买盘
1383,11:21:58,10.17,--,543,552231,买盘
1384,11:21:49,10.17,--,51,51867,买盘
1385,11:21:43,10.17,0.01,70,71190,买盘
1386,11:21:38,10.16,-0.01,191,194056,卖盘
1387,11:21:34,10.17,--,1,1017,买盘
1388,11:21:28,10.17,--,232,235944,买盘
1389,11:21:23,10.17,--,20,20340,买盘
1390,11:21:19,10.17,--,80,81360,买盘
1391,11:21:13,10.17,--,221,224757,买盘
1392,11:21:08,10.17,--,93,94581,买盘
1393,11:21:04,10.17,0.01,53,53901,买盘
1394,11:20:58,10.16,-0.02,97,98552,卖盘
1395,11:20:53,10.18,0.01,86,87548,买盘
1396,11:20:49,10.17,0.01,50,50850,买盘
1397,11:20:43,10.16,-0.02,412,418998,卖盘
1398,11:20:39,10.18,--,80,81440,买盘
1399,11:20:28,10.18,0.01,89,91212,买盘
1400,11:20:23,10.17,-0.01,372,378324,卖盘
1401,11:20:19,10.18,--,822,836796,买盘
1402,11:20:13,10.18,0.01,3,3054,买盘
1403,11:20:09,10.17,-0.01,1,1017,卖盘
1404,11:20:04,10.18,--,50,50900,买盘
1405,11:19:58,10.18,0.01,51,51918,买盘
1406,11:19:53,10.17,-0.01,243,247131,卖盘
1407,11:19:49,10.18,0.01,54,54972,买盘
1408,11:19:43,10.17,-0.01,547,556299,卖盘
1409,11:19:38,10.18,--,2150,2188700,买盘
1410,11:19:34,10.18,--,150,152700,买盘
1411,11:19:28,10.18,--,216,219888,买盘
1412,11:19:23,10.18,--,1237,1259266,买盘
1413,11:19:19,10.18,--,1,1018,买盘
1414,11:19:13,10.18,0.01,137,139466,买盘
1415,11:19:08,10.17,--,49,49833,卖盘
1416,11:19:04,10.17,--,5,5085,卖盘
1417,11:18:58,10.17,-0.01,158,160686,卖盘
1418,11:18:53,10.18,0.01,17,17306,买盘
1419,11:18:49,10.17,-0.01,1,1017,卖盘
1420,11:18:43,10.18,--,14,14252,买盘
1421,11:18:38,10.18,--,92,93656,买盘
1422,11:18:33,10.18,--,463,471334,买盘
1423,11:18:28,10.18,--,1,1018,买盘
1424,11:18:23,10.18,--,139,141502,买盘
1425,11:18:18,10.18,0.01,30,30540,买盘
1426,11:18:08,10.17,-0.01,1105,1123785,卖盘
1427,11:18:04,10.18,0.01,59,60062,买盘
1428,11:17:58,10.17,-0.01,83,84411,卖盘
1429,11:17:53,10.18,--,127,129286,买盘
1430,11:17:49,10.18,--,10,10180,买盘
1431,11:17:43,10.18,--,509,518162,买盘
1432,11:17:38,10.18,--,32,32576,买盘
1433,11:17:33,10.18,0.01,30,30540,买盘
1434,11:17:28,10.17,-0.01,131,133227,卖盘
1435,11:17:23,10.18,--,134,136412,买盘
1436,11:17:17,10.18,--,86,87548,买盘
1437,11:17:13,10.18,--,274,278932,买盘
1438,11:17:08,10.18,--,376,382768,买盘
1439,11:17:02,10.18,--,594,604692,买盘
1440,11:16:58,10.18,--,64,65152,买盘
1441,11:16:53,10.18,--,523,532414,买盘
1442,11:16:47,10.18,0.01,587,597566,买盘
1443,11:16:43,10.17,--,299,304083,卖盘
1444,11:16:38,10.17,--,501,509517,卖盘
1445,11:16:32,10.17,0.01,5675,5772197,买盘
1446,11:16:28,10.16,-0.01,24,24993,卖盘
1447,11:16:22,10.17,--,128,130176,买盘
1448,11:16:17,10.17,0.01,3,3051,买盘
1449,11:16:13,10.16,-0.01,1,1016,卖盘
1450,11:16:07,10.17,--,217,220689,买盘
1451,11:16:02,10.17,--,302,307134,买盘
1452,11:15:58,10.17,0.01,665,676305,买盘
1453,11:15:52,10.16,-0.01,1394,1416304,卖盘
1454,11:15:47,10.17,--,65,66105,买盘
1455,11:15:43,10.17,--,73,74241,买盘
1456,11:15:37,10.17,--,272,276624,买盘
1457,11:15:32,10.17,--,559,568503,买盘
1458,11:15:28,10.17,--,133,135261,买盘
1459,11:15:22,10.17,--,7,7119,买盘
1460,11:15:17,10.17,--,50,50850,买盘
1461,11:15:13,10.17,--,1087,1105479,买盘
1462,11:15:07,10.17,0.01,1858,1890196,买盘
1463,11:15:02,10.16,--,114,115824,买盘
1464,11:14:58,10.16,--,2179,2213864,买盘
1465,11:14:52,10.16,--,232,235712,买盘
1466,11:14:47,10.16,--,323,328168,买盘
1467,11:14:43,10.16,--,1104,1121664,买盘
1468,11:14:37,10.16,--,491,498856,买盘
1469,11:14:32,10.16,--,98,99568,买盘
1470,11:14:28,10.16,--,46,46736,买盘
1471,11:14:22,10.16,--,481,488696,买盘
1472,11:14:17,10.16,--,216,219456,买盘
1473,11:14:13,10.16,--,228,231648,买盘
1474,11:14:07,10.16,--,178,180848,买盘
1475,11:14:02,10.16,0.01,8,8128,买盘
1476,11:13:58,10.15,-0.01,89,90335,卖盘
1477,11:13:52,10.16,--,382,388112,买盘
1478,11:13:47,10.16,--,153,155448,买盘
1479,11:13:37,10.16,--,179,181864,买盘
1480,11:13:32,10.16,0.01,21,21336,买盘
1481,11:13:28,10.15,-0.01,67,68005,卖盘
1482,11:13:22,10.16,0.01,1,1016,买盘
1483,11:13:17,10.15,--,11,11165,卖盘
1484,11:13:12,10.15,-0.01,100,101500,卖盘
1485,11:13:07,10.16,--,86,87376,买盘
1486,11:13:02,10.16,--,67,68072,买盘
1487,11:12:58,10.16,--,35,35560,买盘
1488,11:12:52,10.16,0.01,25,25400,买盘
1489,11:12:47,10.15,-0.01,262,265930,卖盘
1490,11:12:37,10.16,0.01,1,1016,买盘
1491,11:12:32,10.15,--,31,32074,卖盘
1492,11:12:28,10.15,-0.01,38,38570,卖盘
1493,11:12:22,10.16,0.01,1038,1054608,买盘
1494,11:12:17,10.15,--,13,13195,卖盘
1495,11:12:13,10.15,-0.01,2,2030,卖盘
1496,11:12:07,10.16,--,64,65024,买盘
1497,11:12:02,10.16,--,1,1016,买盘
1498,11:11:58,10.16,--,21,21336,买盘
1499,11:11:52,10.16,0.01,52,52832,买盘
1500,11:11:47,10.15,-0.01,113,114695,卖盘
1501,11:11:42,10.16,--,20,20320,买盘
1502,11:11:37,10.16,--,416,422656,买盘
1503,11:11:32,10.16,--,62,62992,买盘
1504,11:11:27,10.16,--,400,406400,买盘
1505,11:11:22,10.16,--,115,116840,买盘
1506,11:11:17,10.16,--,341,346862,卖盘
1507,11:11:13,10.16,0.01,313,318617,买盘
1508,11:11:07,10.15,-0.01,314,318710,卖盘
1509,11:11:02,10.16,--,178,180848,买盘
1510,11:10:58,10.16,--,3,3048,买盘
1511,11:10:52,10.16,--,6,6096,买盘
1512,11:10:47,10.16,--,188,191414,卖盘
1513,11:10:42,10.16,--,191,194665,买盘
1514,11:10:37,10.16,--,394,400710,卖盘
1515,11:10:32,10.16,--,300,304800,卖盘
1516,11:10:27,10.16,--,113,115417,买盘
1517,11:10:22,10.16,--,740,752246,卖盘
1518,11:10:17,10.16,--,440,447649,买盘
1519,11:10:12,10.16,--,150,152400,买盘
1520,11:10:07,10.16,--,432,438912,买盘
1521,11:10:02,10.16,--,155,157480,买盘
1522,11:09:56,10.16,--,40,40640,买盘
1523,11:09:52,10.16,-0.01,656,666902,卖盘
1524,11:09:47,10.17,--,1023,1040391,买盘
1525,11:09:37,10.17,--,27,27459,买盘
1526,11:09:32,10.17,-0.01,270,274884,卖盘
1527,11:09:22,10.18,--,555,564990,买盘
1528,11:09:17,10.18,0.01,4,4072,买盘
1529,11:09:07,10.17,-0.01,709,721053,卖盘
1530,11:09:02,10.18,0.01,20,20360,买盘
1531,11:08:56,10.17,-0.01,24,24408,卖盘
1532,11:08:52,10.18,--,47,47846,买盘
1533,11:08:37,10.18,--,635,646430,买盘
1534,11:08:31,10.18,--,265,270380,买盘
1535,11:08:26,10.18,0.01,10,10180,买盘
1536,11:08:22,10.17,-0.01,75,76275,卖盘
1537,11:08:16,10.18,--,228,232104,买盘
1538,11:08:07,10.18,--,18,18324,买盘
1539,11:08:01,10.18,0.01,37,37666,买盘
1540,11:07:56,10.17,-0.01,50,50850,卖盘
1541,11:07:52,10.18,0.01,87,88566,买盘
1542,11:07:46,10.17,-0.01,54,54918,卖盘
1543,11:07:31,10.18,--,4,4072,买盘
1544,11:07:26,10.18,--,28,28504,买盘
1545,11:07:16,10.18,0.01,10,10180,买盘
1546,11:07:11,10.17,-0.01,25,25425,卖盘
1547,11:06:52,10.18,-0.01,734,747415,卖盘
1548,11:06:46,10.19,0.01,67,68273,买盘
1549,11:06:41,10.18,--,70,71260,卖盘
1550,11:06:31,10.18,--,11,11198,卖盘
1551,11:06:26,10.18,-0.01,73,74314,卖盘
1552,11:06:22,10.19,0.01,21,21399,买盘
1553,11:06:11,10.18,--,31,31558,卖盘
1554,11:06:07,10.18,--,40,40720,卖盘
1555,11:06:01,10.18,--,10,10180,卖盘
1556,11:05:56,10.18,-0.01,24,24432,卖盘
1557,11:05:52,10.19,0.01,105,106995,买盘
1558,11:05:46,10.18,--,25,25450,卖盘
1559,11:05:41,10.18,--,43,43774,卖盘
1560,11:05:26,10.18,--,55,55990,卖盘
1561,11:05:22,10.18,-0.01,27,27486,卖盘
1562,11:05:16,10.19,0.01,10,10190,买盘
1563,11:05:11,10.18,-0.01,13,13234,卖盘
1564,11:05:01,10.19,0.01,5,5095,买盘
1565,11:04:56,10.18,--,34,34612,卖盘
1566,11:04:46,10.18,-0.01,7,7126,卖盘
1567,11:04:31,10.19,--,32,33219,买盘
1568,11:04:21,10.19,--,6,6114,买盘
1569,11:04:11,10.19,--,23,23437,买盘
1570,11:04:06,10.19,--,31,31589,买盘
1571,11:04:01,10.19,0.01,38,38722,买盘
1572,11:03:56,10.18,-0.01,40,40720,卖盘
1573,11:03:51,10.19,0.01,1027,1046513,买盘
1574,11:03:46,10.18,--,26,26468,卖盘
1575,11:03:41,10.18,--,24,24432,卖盘
1576,11:03:36,10.18,--,13,13234,卖盘
1577,11:03:26,10.18,-0.01,53,53954,卖盘
1578,11:03:21,10.19,0.01,4,4076,买盘
1579,11:03:16,10.18,--,57,58026,卖盘
1580,11:03:06,10.18,--,27,27486,卖盘
1581,11:03:01,10.18,-0.01,10,10180,卖盘
1582,11:02:56,10.19,--,115,117388,买盘
1583,11:02:36,10.19,0.01,39,39741,买盘
1584,11:02:31,10.18,--,453,461154,买盘
1585,11:02:26,10.18,--,20,20360,买盘
1586,11:02:21,10.18,--,23,23414,买盘
1587,11:02:16,10.18,0.01,92,93656,买盘
1588,11:02:10,10.17,-0.01,26,26848,卖盘
1589,11:02:06,10.18,--,169,172042,买盘
1590,11:01:56,10.18,--,18,18324,买盘
1591,11:01:46,10.18,--,106,107908,买盘
1592,11:01:31,10.18,--,1,1018,买盘
1593,11:01:26,10.18,0.01,180,183240,买盘
1594,11:01:20,10.17,-0.01,127,129159,卖盘
1595,11:01:16,10.18,--,37,37666,买盘
1596,11:01:10,10.18,0.01,104,105872,买盘
1597,11:01:05,10.17,--,35,35595,卖盘
1598,11:01:01,10.17,-0.01,10,10170,卖盘
1599,11:00:56,10.18,--,121,123178,买盘
1600,11:00:50,10.18,0.01,93,94674,买盘
1601,11:00:46,10.17,--,29,29493,卖盘
1602,11:00:40,10.17,0.01,1056,1074674,买盘
1603,11:00:35,10.16,-0.01,20,20320,卖盘
1604,11:00:31,10.17,--,123,125701,买盘
1605,11:00:25,10.17,--,18,18306,买盘
1606,11:00:20,10.17,--,31,31527,买盘
1607,11:00:16,10.17,--,191,194247,买盘
1608,11:00:10,10.17,--,39,39663,买盘
1609,10:59:50,10.17,--,18,18306,买盘
1610,10:59:46,10.17,--,13,13221,买盘
1611,10:59:40,10.17,0.02,4,4068,买盘
1612,10:59:31,10.15,-0.02,53,53795,卖盘
1613,10:59:25,10.17,0.01,247,251199,买盘
1614,10:59:10,10.16,--,2,2032,买盘
1615,10:59:04,10.16,--,110,112054,卖盘
1616,10:58:55,10.16,0.01,155,158201,买盘
1617,10:58:45,10.15,-0.01,53,53795,卖盘
1618,10:58:40,10.16,--,27,27432,买盘
1619,10:58:31,10.16,--,25,25400,买盘
1620,10:58:25,10.16,--,18,18288,买盘
1621,10:58:10,10.16,--,10,10160,买盘
1622,10:58:01,10.16,--,70,71120,买盘
1623,10:57:50,10.16,--,10,10160,买盘
1624,10:57:46,10.16,--,18,18288,买盘
1625,10:57:40,10.16,--,1,1016,买盘
1626,10:57:35,10.16,--,312,317286,卖盘
1627,10:57:20,10.16,-0.01,62,62992,卖盘
1628,10:57:10,10.17,0.01,1,1017,买盘
1629,10:57:01,10.16,--,3,3048,卖盘
1630,10:56:49,10.16,--,20,20320,卖盘
1631,10:56:45,10.16,--,60,60960,卖盘
1632,10:56:40,10.16,-0.01,61,61976,卖盘
1633,10:56:35,10.17,--,50,50850,买盘
1634,10:56:30,10.17,--,11,11797,买盘
1635,10:56:25,10.17,--,135,137295,买盘
1636,10:56:15,10.17,--,28,28476,买盘
1637,10:56:05,10.17,--,30,30510,买盘
1638,10:55:55,10.17,--,34,34578,买盘
1639,10:55:50,10.17,--,11,11187,买盘
1640,10:55:45,10.17,0.01,6,6102,买盘
1641,10:55:40,10.16,-0.01,173,175768,卖盘
1642,10:55:35,10.17,--,102,103734,买盘
1643,10:55:30,10.17,--,50,50850,买盘
1644,10:55:25,10.17,0.01,14,14238,买盘
1645,10:55:20,10.16,-0.01,20,20320,卖盘
1646,10:55:15,10.17,0.01,14,14238,买盘
1647,10:55:10,10.16,-0.01,98,99568,卖盘
1648,10:55:05,10.17,--,34,34578,买盘
1649,10:54:55,10.17,--,100,101700,买盘
1650,10:54:50,10.17,--,300,305100,买盘
1651,10:54:45,10.17,--,50,50850,买盘
1652,10:54:40,10.17,--,337,342729,买盘
1653,10:54:35,10.17,--,137,139329,买盘
1654,10:54:30,10.17,0.01,163,165771,买盘
1655,10:54:25,10.16,--,53,53848,卖盘
1656,10:54:20,10.16,--,497,505063,买盘
1657,10:54:10,10.16,0.01,50,50800,买盘
1658,10:54:05,10.15,--,865,878360,买盘
1659,10:53:58,10.15,--,168,170520,买盘
1660,10:53:55,10.15,--,86,87290,买盘
1661,10:53:50,10.15,--,86,87290,买盘
1662,10:53:35,10.15,--,186,188790,买盘
1663,10:53:20,10.15,-0.01,156,158340,中性盘
1664,10:53:10,10.16,--,918,932688,买盘
1665,10:53:05,10.16,--,21,21336,买盘
1666,10:52:55,10.16,0.02,276,280416,买盘
1667,10:52:49,10.14,--,289,293046,买盘
1668,10:52:44,10.14,--,10,10140,买盘
1669,10:52:39,10.14,--,505,512070,买盘
1670,10:52:34,10.14,--,133,134862,买盘
1671,10:52:28,10.14,-0.02,188,191240,买盘
1672,10:52:25,10.16,--,0,0,买盘
1673,10:52:19,10.16,0.02,570,579120,买盘
1674,10:52:14,10.14,0.01,200,202800,买盘
1675,10:52:09,10.13,-0.01,34,34442,卖盘
1676,10:52:04,10.14,0.01,8,8112,买盘
1677,10:51:59,10.13,-0.01,13,13169,卖盘
1678,10:51:54,10.14,--,55,55770,买盘
1679,10:51:48,10.14,--,80,81120,买盘
1680,10:51:39,10.14,--,318,322452,买盘
1681,10:51:34,10.14,0.01,237,240318,买盘
1682,10:51:24,10.13,--,53,53689,卖盘
1683,10:51:18,10.13,--,86,87118,卖盘
1684,10:51:14,10.13,-0.01,7,7091,卖盘
1685,10:51:04,10.14,--,31,31434,买盘
1686,10:50:49,10.14,-0.01,2774,2813130,卖盘
1687,10:50:25,10.15,0.01,70,71050,买盘
1688,10:50:14,10.14,-0.01,15,15210,卖盘
1689,10:50:04,10.15,--,8,8120,买盘
1690,10:49:49,10.15,--,365,371084,卖盘
1691,10:49:44,10.15,--,24,24360,卖盘
1692,10:49:29,10.15,--,83,84245,卖盘
1693,10:49:03,10.15,--,57,57855,卖盘
1694,10:48:34,10.15,--,29,29435,卖盘
1695,10:48:29,10.15,--,62,63539,卖盘
1696,10:48:19,10.15,--,42,42630,卖盘
1697,10:48:14,10.15,--,51,51968,卖盘
1698,10:48:04,10.15,-0.01,33,33495,卖盘
1699,10:47:44,10.16,0.01,70,71120,买盘
1700,10:47:39,10.15,--,5,5075,卖盘
1701,10:47:34,10.15,-0.01,28,28420,卖盘
1702,10:47:04,10.16,--,8,8128,买盘
1703,10:46:04,10.16,--,8,8128,买盘
1704,10:45:44,10.16,--,166,168656,买盘
1705,10:45:28,10.16,--,10,10160,买盘
1706,10:45:23,10.16,--,28,28448,买盘
1707,10:45:04,10.16,--,8,8128,买盘
1708,10:44:43,10.16,--,28,28448,买盘
1709,10:44:38,10.16,0.01,46,46736,买盘
1710,10:44:28,10.15,--,63,64554,卖盘
1711,10:44:23,10.15,--,5,5075,卖盘
1712,10:44:12,10.15,-0.01,5,5075,卖盘
1713,10:43:43,10.16,-0.01,21,21468,卖盘
1714,10:43:38,10.17,0.01,51,51867,买盘
1715,10:43:28,10.16,-0.01,53,53848,卖盘
1716,10:43:22,10.17,0.01,51,51867,买盘
1717,10:43:13,10.16,-0.01,24,24556,卖盘
1718,10:43:03,10.17,0.01,3,3051,买盘
1719,10:42:58,10.16,--,1,1727,买盘
1720,10:42:48,10.16,--,52,52832,买盘
1721,10:42:42,10.16,--,13,13512,卖盘
1722,10:42:33,10.16,--,10,10160,卖盘
1723,10:42:27,10.16,--,71,72136,卖盘
1724,10:42:23,10.16,--,53,53848,卖盘
1725,10:42:18,10.16,--,10,10160,卖盘
1726,10:42:03,10.16,0.02,371,377647,买盘
1727,10:41:57,10.14,-0.02,269,272766,卖盘
1728,10:41:48,10.16,0.02,54,54864,买盘
1729,10:41:43,10.14,--,53,53742,卖盘
1730,10:41:38,10.14,-0.02,61,61854,卖盘
1731,10:41:27,10.16,--,101,102616,买盘
1732,10:41:23,10.16,--,37,37592,买盘
1733,10:41:18,10.16,--,52,52832,买盘
1734,10:41:12,10.16,--,62,62992,买盘
1735,10:41:08,10.16,--,246,249936,买盘
1736,10:41:03,10.16,--,51,51816,买盘
1737,10:40:58,10.16,--,13,13208,买盘
1738,10:40:48,10.16,--,9,9144,买盘
1739,10:40:43,10.16,0.01,57,57912,买盘
1740,10:40:37,10.15,-0.01,6,6090,卖盘
1741,10:40:28,10.16,--,60,61569,买盘
1742,10:40:22,10.16,--,71,72136,买盘
1743,10:40:12,10.16,0.01,51,51816,买盘
1744,10:39:57,10.15,--,16,16240,买盘
1745,10:39:43,10.15,--,3,3045,买盘
1746,10:39:38,10.15,-0.01,60,60900,买盘
1747,10:39:28,10.16,0.01,52,52832,买盘
1748,10:39:22,10.15,-0.01,16,16240,卖盘
1749,10:39:07,10.16,0.01,51,51816,买盘
1750,10:39:03,10.15,--,2,2030,卖盘
1751,10:38:53,10.15,-0.01,3,3045,买盘
1752,10:38:43,10.16,--,0,0,买盘
1753,10:38:37,10.16,--,54,54864,买盘
1754,10:38:22,10.16,0.01,24,24384,买盘
1755,10:38:16,10.15,-0.01,19,19285,买盘
1756,10:38:12,10.16,--,0,0,买盘
1757,10:38:07,10.16,0.01,68,69088,买盘
1758,10:37:58,10.15,0.01,19,19285,买盘
1759,10:37:52,10.14,-0.01,36,36504,卖盘
1760,10:37:46,10.15,--,30,30450,买盘
1761,10:37:43,10.15,0.01,184,186760,买盘
1762,10:37:38,10.14,--,18,18252,卖盘
1763,10:37:32,10.14,-0.01,38,38532,卖盘
1764,10:37:28,10.15,-0.01,18,18270,卖盘
1765,10:37:22,10.16,0.01,54,54864,买盘
1766,10:37:16,10.15,-0.01,2,2030,卖盘
1767,10:37:13,10.16,--,3,3048,买盘
1768,10:37:06,10.16,--,10,10160,买盘
1769,10:37:01,10.16,--,61,61976,买盘
1770,10:36:51,10.16,--,52,52832,买盘
1771,10:36:42,10.16,-0.01,467,475274,卖盘
1772,10:36:37,10.17,0.01,51,51867,买盘
1773,10:36:31,10.16,--,928,942848,卖盘
1774,10:36:27,10.16,--,82,83312,卖盘
1775,10:36:21,10.16,--,211,214376,卖盘
1776,10:36:06,10.16,--,68,69088,卖盘
1777,10:36:02,10.16,-0.01,15,15240,卖盘
1778,10:35:57,10.17,0.01,51,51867,买盘
1779,10:35:51,10.16,--,100,101600,卖盘
1780,10:35:46,10.16,0.02,722,733765,买盘
1781,10:35:42,10.14,-0.02,53,53742,卖盘
1782,10:35:37,10.16,0.02,52,52832,买盘
1783,10:35:31,10.14,-0.02,25,25350,卖盘
1784,10:35:27,10.16,--,51,51816,买盘
1785,10:35:21,10.16,--,302,306832,买盘
1786,10:35:12,10.16,--,320,325120,买盘
1787,10:35:07,10.16,--,0,0,买盘
1788,10:35:01,10.16,0.01,51,51816,买盘
1789,10:34:57,10.15,-0.01,1,1015,卖盘
1790,10:34:52,10.16,0.02,51,51816,买盘
1791,10:34:42,10.14,-0.01,195,197730,卖盘
1792,10:34:36,10.15,--,17,17255,买盘
1793,10:34:27,10.15,--,51,51765,买盘
1794,10:34:16,10.15,--,51,51765,买盘
1795,10:34:12,10.15,-0.01,88,89320,卖盘
1796,10:34:06,10.16,--,51,51816,买盘
1797,10:33:57,10.16,--,52,52832,买盘
1798,10:33:51,10.16,--,51,51816,买盘
1799,10:33:47,10.16,--,95,96520,买盘
1800,10:33:42,10.16,--,0,0,买盘
1801,10:33:36,10.16,--,178,180848,买盘
1802,10:33:31,10.16,0.01,51,51816,买盘
1803,10:33:26,10.15,-0.01,69,70644,卖盘
1804,10:33:22,10.16,--,51,51816,买盘
1805,10:33:17,10.16,--,5,5080,买盘
1806,10:33:12,10.16,--,52,52832,买盘
1807,10:33:06,10.16,--,26,26416,买盘
1808,10:33:01,10.16,0.01,51,51816,买盘
1809,10:32:57,10.15,-0.01,10,10150,卖盘
1810,10:32:51,10.16,--,57,57912,买盘
1811,10:32:46,10.16,--,51,51816,买盘
1812,10:32:36,10.16,0.01,51,51816,买盘
1813,10:32:32,10.15,-0.01,94,95410,卖盘
1814,10:32:27,10.16,--,52,52832,买盘
1815,10:32:21,10.16,--,51,51816,买盘
1816,10:32:12,10.16,0.01,3,3048,买盘
1817,10:32:01,10.15,--,53,54201,买盘
1818,10:31:52,10.15,--,7,7105,卖盘
1819,10:31:46,10.15,-0.01,66,66990,卖盘
1820,10:31:37,10.16,0.01,2,2032,买盘
1821,10:31:31,10.15,-0.01,21,21315,中性盘
1822,10:31:27,10.16,0.01,71,72136,买盘
1823,10:31:21,10.15,-0.01,15,15225,卖盘
1824,10:31:02,10.16,0.01,45,45720,买盘
1825,10:30:57,10.15,-0.01,10,10150,卖盘
1826,10:30:52,10.16,0.01,2,2032,买盘
1827,10:30:46,10.15,--,35,35525,卖盘
1828,10:30:40,10.15,--,0,0,中性盘
1829,10:30:31,10.15,--,46,46690,买盘
1830,10:30:26,10.15,--,250,254359,卖盘
1831,10:30:22,10.15,--,89,90335,卖盘
1832,10:30:11,10.15,-0.01,11,11165,卖盘
1833,10:30:01,10.16,0.01,119,120904,买盘
1834,10:29:52,10.15,-0.01,23,23345,卖盘
1835,10:29:31,10.16,--,44,44704,买盘
1836,10:29:25,10.16,0.01,84,85344,买盘
1837,10:29:21,10.15,--,109,110635,卖盘
1838,10:29:15,10.15,--,18,18270,卖盘
1839,10:29:11,10.15,-0.01,11,11165,卖盘
1840,10:29:06,10.16,--,58,58928,买盘
1841,10:29:00,10.16,--,143,145288,买盘
1842,10:28:51,10.16,0.01,246,249936,买盘
1843,10:28:45,10.15,--,9,9541,卖盘
1844,10:28:40,10.15,--,9,9135,卖盘
1845,10:28:31,10.15,-0.01,240,243600,卖盘
1846,10:28:25,10.16,0.01,69,70104,买盘
1847,10:28:21,10.15,--,74,75110,卖盘
1848,10:28:15,10.15,--,28,28420,买盘
1849,10:28:06,10.15,--,230,233450,买盘
1850,10:28:00,10.15,--,150,152250,买盘
1851,10:27:51,10.15,0.01,1,1015,买盘
1852,10:27:46,10.14,--,119,120666,卖盘
1853,10:27:40,10.14,--,230,234031,卖盘
1854,10:27:36,10.14,-0.01,313,317382,卖盘
1855,10:27:30,10.15,0.01,158,160370,买盘
1856,10:27:25,10.14,-0.02,17,17238,卖盘
1857,10:27:21,10.16,--,96,97536,买盘
1858,10:27:15,10.16,0.01,49,49784,买盘
1859,10:27:06,10.15,-0.01,235,238525,卖盘
1860,10:26:55,10.16,--,64,65024,买盘
1861,10:26:51,10.16,--,2,2032,买盘
1862,10:26:45,10.16,--,52,52832,买盘
1863,10:26:40,10.16,--,15,15240,买盘
1864,10:26:36,10.16,0.01,15,15240,买盘
1865,10:26:30,10.15,-0.01,62,62930,卖盘
1866,10:26:25,10.16,--,430,436880,买盘
1867,10:26:16,10.16,--,2,2032,买盘
1868,10:26:10,10.16,--,60,60960,买盘
1869,10:26:01,10.16,0.01,64,65024,买盘
1870,10:25:55,10.15,-0.01,53,53795,卖盘
1871,10:25:45,10.16,--,227,230632,买盘
1872,10:25:40,10.16,0.01,5,5080,买盘
1873,10:25:31,10.15,-0.01,73,74095,卖盘
1874,10:25:16,10.16,--,227,230632,买盘
1875,10:25:06,10.16,--,4,4064,买盘
1876,10:24:55,10.16,--,51,51816,买盘
1877,10:24:45,10.16,0.01,155,157480,买盘
1878,10:24:40,10.15,--,72,73080,买盘
1879,10:24:36,10.15,--,14,14210,买盘
1880,10:24:31,10.15,--,374,379610,买盘
1881,10:24:25,10.15,--,68,69020,买盘
1882,10:24:20,10.15,--,201,204015,买盘
1883,10:24:15,10.15,--,30,30450,买盘
1884,10:24:10,10.15,--,89,90335,买盘
1885,10:24:05,10.15,--,2,2030,买盘
1886,10:24:00,10.15,--,116,117740,买盘
1887,10:23:46,10.15,--,349,354235,买盘
1888,10:23:40,10.15,--,51,51765,买盘
1889,10:23:30,10.15,0.01,176,178640,买盘
1890,10:23:25,10.14,--,53,53742,卖盘
1891,10:23:19,10.14,--,23,23322,卖盘
1892,10:23:10,10.14,--,353,358864,买盘
1893,10:23:04,10.14,--,193,195702,买盘
1894,10:23:00,10.14,0.01,150,152100,买盘
1895,10:22:49,10.13,-0.01,15,15195,卖盘
1896,10:22:45,10.14,--,51,51714,买盘
1897,10:22:40,10.14,--,242,245388,买盘
1898,10:22:34,10.14,0.01,24,24336,买盘
1899,10:22:30,10.13,--,106,107378,卖盘
1900,10:22:25,10.13,--,351,355563,卖盘
1901,10:22:19,10.13,--,28,28364,卖盘
1902,10:22:15,10.13,--,55,55715,卖盘
1903,10:22:09,10.13,-0.01,176,178288,卖盘
1904,10:22:04,10.14,0.01,175,177450,买盘
1905,10:22:00,10.13,-0.01,303,306939,卖盘
1906,10:21:54,10.14,--,8,8112,卖盘
1907,10:21:45,10.14,--,3,3042,卖盘
1908,10:21:39,10.14,0.01,142,143988,中性盘
1909,10:21:30,10.13,--,409,414317,卖盘
1910,10:21:25,10.13,--,43,43559,卖盘
1911,10:21:15,10.13,-0.01,34,34442,卖盘
1912,10:21:10,10.14,0.01,216,219024,买盘
1913,10:21:00,10.13,--,344,348472,卖盘
1914,10:20:55,10.13,-0.01,21,21273,卖盘
1915,10:20:45,10.14,0.01,421,426894,买盘
1916,10:20:39,10.13,-0.02,1093,1107209,卖盘
1917,10:20:34,10.15,0.01,51,51765,买盘
1918,10:20:30,10.14,--,27,27378,卖盘
1919,10:20:24,10.14,-0.01,114,115596,卖盘
1920,10:20:15,10.15,--,344,349160,买盘
1921,10:20:09,10.15,--,25,25375,买盘
1922,10:20:04,10.15,0.01,1,1015,买盘
1923,10:20:00,10.14,--,70,70980,卖盘
1924,10:19:55,10.14,--,20,20280,卖盘
1925,10:19:45,10.14,--,48,48672,卖盘
1926,10:19:40,10.14,--,79,80106,卖盘
1927,10:19:34,10.14,--,106,107484,卖盘
1928,10:19:29,10.14,-0.01,51,51714,卖盘
1929,10:19:25,10.15,--,294,298410,买盘
1930,10:19:19,10.15,--,50,50750,买盘
1931,10:19:14,10.15,0.01,79,80185,买盘
1932,10:19:10,10.14,--,42,42588,卖盘
1933,10:19:04,10.14,-0.01,30,30420,卖盘
1934,10:18:59,10.15,0.01,80,81200,买盘
1935,10:18:44,10.14,--,1,1014,卖盘
1936,10:18:40,10.14,--,4,4056,卖盘
1937,10:18:33,10.14,--,39,39546,卖盘
1938,10:18:24,10.14,-0.01,65,65910,卖盘
1939,10:18:15,10.15,0.01,292,296380,买盘
1940,10:18:10,10.14,-0.01,34,34476,卖盘
1941,10:18:04,10.15,--,43,43645,买盘
1942,10:17:55,10.15,--,24,24360,买盘
1943,10:17:49,10.15,0.01,200,203000,买盘
1944,10:17:40,10.14,--,23,23322,卖盘
1945,10:17:34,10.14,-0.01,69,69966,卖盘
1946,10:17:29,10.15,--,6,6090,买盘
1947,10:17:25,10.15,0.01,16,16240,买盘
1948,10:17:19,10.14,-0.01,305,309270,卖盘
1949,10:17:09,10.15,0.01,49,49735,买盘
1950,10:16:59,10.14,--,1,1014,卖盘
1951,10:16:54,10.14,-0.01,10,10140,买盘
1952,10:16:49,10.15,--,0,0,买盘
1953,10:16:44,10.15,--,3,3045,买盘
1954,10:16:39,10.15,--,292,296380,买盘
1955,10:16:34,10.15,0.02,200,203000,买盘
1956,10:16:28,10.13,--,0,0,卖盘
1957,10:16:24,10.13,-0.01,888,900374,卖盘
1958,10:16:19,10.14,--,351,355914,买盘
1959,10:16:09,10.14,--,600,608400,买盘
1960,10:15:58,10.14,0.01,118,119652,买盘
1961,10:15:54,10.13,--,310,314030,卖盘
1962,10:15:49,10.13,--,1,1013,卖盘
1963,10:15:39,10.13,0.01,24,24312,中性盘
1964,10:15:34,10.12,-0.02,567,573804,卖盘
1965,10:15:28,10.14,--,1,1014,买盘
1966,10:15:24,10.14,--,71,71994,买盘
1967,10:15:18,10.14,0.02,199,201786,买盘
1968,10:15:13,10.12,--,21,21252,卖盘
1969,10:15:09,10.12,-0.01,550,556600,卖盘
1970,10:15:04,10.13,--,110,111430,卖盘
1971,10:14:58,10.13,--,600,607800,卖盘
1972,10:14:54,10.13,-0.01,62,62806,卖盘
1973,10:14:48,10.14,0.01,48,48672,买盘
1974,10:14:39,10.13,-0.01,1,1013,卖盘
1975,10:14:33,10.14,0.01,646,655044,买盘
1976,10:14:24,10.13,-0.01,100,101300,卖盘
1977,10:14:19,10.14,0.01,1543,1564602,买盘
1978,10:14:13,10.13,--,60,60780,卖盘
1979,10:14:09,10.13,--,1502,1521526,卖盘
1980,10:14:03,10.13,--,1,1013,卖盘
1981,10:13:54,10.13,--,1355,1372615,卖盘
1982,10:13:48,10.13,-0.02,100,101300,卖盘
1983,10:13:43,10.15,--,0,0,买盘
1984,10:13:39,10.15,0.02,433,439495,买盘
1985,10:13:34,10.13,--,114,115482,买盘
1986,10:13:28,10.13,--,58,58754,买盘
1987,10:13:24,10.13,--,512,519152,卖盘
1988,10:13:18,10.13,--,0,0,卖盘
1989,10:13:13,10.13,--,19,19247,卖盘
1990,10:13:09,10.13,-0.01,1587,1607631,卖盘
1991,10:13:04,10.14,-0.02,58,58812,卖盘
1992,10:12:58,10.16,0.02,241,244856,买盘
1993,10:12:54,10.14,--,90,91260,卖盘
1994,10:12:48,10.14,-0.01,30,30420,卖盘
1995,10:12:43,10.15,0.01,3,3045,买盘
1996,10:12:39,10.14,--,53,53742,卖盘
1997,10:12:33,10.14,-0.01,30,30420,卖盘
1998,10:12:28,10.15,--,3,3045,买盘
1999,10:12:23,10.15,--,62,62930,买盘
2000,10:12:19,10.15,0.01,26,26390,买盘
2001,10:12:13,10.14,--,30,30420,卖盘
2002,10:12:03,10.14,-0.01,80,81120,卖盘
2003,10:11:58,10.15,0.01,165,167475,买盘
2004,10:11:53,10.14,-0.01,312,316368,卖盘
2005,10:11:49,10.15,0.01,277,281155,买盘
2006,10:11:43,10.14,--,1,1014,卖盘
2007,10:11:38,10.14,--,12,12168,卖盘
2008,10:11:34,10.14,-0.01,30,30420,卖盘
2009,10:11:28,10.15,0.01,32,32480,买盘
2010,10:11:08,10.14,-0.01,31,31434,卖盘
2011,10:11:03,10.15,0.01,135,137025,买盘
2012,10:10:58,10.14,--,48,48672,卖盘
2013,10:10:48,10.14,--,410,416297,卖盘
2014,10:10:43,10.14,--,30,30420,卖盘
2015,10:10:38,10.14,--,23,23322,卖盘
2016,10:10:33,10.14,--,1,1014,卖盘
2017,10:10:23,10.14,-0.01,9,9126,卖盘
2018,10:10:13,10.15,0.01,292,296380,买盘
2019,10:10:08,10.14,--,30,30420,卖盘
2020,10:10:03,10.14,-0.01,30,30420,卖盘
2021,10:09:58,10.15,0.01,3,3045,买盘
2022,10:09:43,10.14,--,6,6084,卖盘
2023,10:09:28,10.14,--,145,147354,卖盘
2024,10:09:22,10.14,-0.01,1,1014,卖盘
2025,10:09:18,10.15,0.01,292,296380,买盘
2026,10:09:13,10.14,-0.01,4,4056,卖盘
2027,10:09:03,10.15,0.01,191,193865,买盘
2028,10:08:58,10.14,--,17,17238,买盘
2029,10:08:48,10.14,0.01,88,89232,买盘
2030,10:08:37,10.13,-0.01,30,30390,卖盘
2031,10:08:33,10.14,0.01,615,624238,买盘
2032,10:08:28,10.13,--,300,303900,卖盘
2033,10:08:18,10.13,--,20,20260,卖盘
2034,10:08:13,10.13,-0.01,176,178288,卖盘
2035,10:08:07,10.14,0.01,157,159198,买盘
2036,10:08:03,10.13,--,15,15195,卖盘
2037,10:07:57,10.13,-0.01,23,23299,卖盘
2038,10:07:52,10.14,0.01,144,147009,买盘
2039,10:07:48,10.13,--,1,1013,卖盘
2040,10:07:42,10.13,-0.01,123,124599,卖盘
2041,10:07:33,10.14,--,2,2028,买盘
2042,10:07:27,10.14,--,30,30420,买盘
2043,10:07:22,10.14,--,10,10140,买盘
2044,10:07:18,10.14,--,3,3042,买盘
2045,10:07:12,10.14,0.01,292,296088,买盘
2046,10:07:03,10.13,-0.01,205,207908,卖盘
2047,10:06:57,10.14,--,66,66924,买盘
2048,10:06:42,10.14,--,7,7098,买盘
2049,10:06:33,10.14,0.01,89,90246,买盘
2050,10:06:27,10.13,--,117,118733,卖盘
2051,10:06:12,10.13,-0.01,21,22002,卖盘
2052,10:05:57,10.14,0.01,10,10140,买盘
2053,10:05:52,10.13,--,82,83511,卖盘
2054,10:05:33,10.13,-0.01,170,173081,卖盘
2055,10:05:27,10.14,0.01,109,110526,买盘
2056,10:05:21,10.13,--,84,85092,卖盘
2057,10:05:17,10.13,-0.01,1,1013,卖盘
2058,10:05:12,10.14,0.01,15,15210,买盘
2059,10:05:07,10.13,--,15,15195,卖盘
2060,10:05:02,10.13,-0.01,130,131690,卖盘
2061,10:04:57,10.14,0.01,71,71994,买盘
2062,10:04:52,10.13,-0.01,4,4862,卖盘
2063,10:04:47,10.14,0.01,7,7098,买盘
2064,10:04:42,10.13,--,34,34442,卖盘
2065,10:04:37,10.13,--,1,1013,卖盘
2066,10:04:27,10.13,--,23,23299,卖盘
2067,10:04:22,10.13,--,1007,1020759,卖盘
2068,10:04:12,10.13,-0.01,1,1013,卖盘
2069,10:04:07,10.14,--,64,64896,买盘
2070,10:03:42,10.14,0.01,94,95316,买盘
2071,10:03:36,10.13,--,227,230781,卖盘
2072,10:03:32,10.13,-0.01,11,11143,卖盘
2073,10:03:26,10.14,--,5,5070,买盘
2074,10:03:22,10.14,--,44,44616,买盘
2075,10:03:12,10.14,0.01,133,134862,买盘
2076,10:03:07,10.13,--,303,306939,卖盘
2077,10:02:57,10.13,--,1,1013,卖盘
2078,10:02:47,10.13,-0.01,73,73949,卖盘
2079,10:02:41,10.14,0.01,7,7909,买盘
2080,10:02:37,10.13,--,10,10130,卖盘
2081,10:02:32,10.13,--,28,28364,卖盘
2082,10:02:27,10.13,-0.01,701,710113,卖盘
2083,10:02:07,10.14,--,28,28392,买盘
2084,10:02:01,10.14,0.01,87,88218,买盘
2085,10:01:52,10.13,--,36,36468,卖盘
2086,10:01:42,10.13,-0.01,86,87118,卖盘
2087,10:01:37,10.14,0.01,28,28392,买盘
2088,10:01:27,10.13,--,30,30390,卖盘
2089,10:01:22,10.13,--,6,6078,卖盘
2090,10:01:12,10.13,-0.01,26,26338,卖盘
2091,10:01:01,10.14,0.01,92,93288,买盘
2092,10:00:57,10.13,-0.01,1,1013,卖盘
2093,10:00:46,10.14,0.01,499,505986,买盘
2094,10:00:36,10.13,-0.02,4,4052,卖盘
2095,10:00:31,10.15,0.01,1,1015,买盘
2096,10:00:27,10.14,--,0,0,中性盘
2097,10:00:21,10.14,--,9,9126,买盘
2098,10:00:11,10.14,-0.01,20,20280,卖盘
2099,10:00:06,10.15,0.01,1,1015,买盘
2100,09:59:57,10.14,--,18,18252,卖盘
2101,09:59:51,10.14,0.01,2,2028,卖盘
2102,09:59:46,10.13,-0.02,4,4052,卖盘
2103,09:59:41,10.15,0.02,277,281155,买盘
2104,09:59:26,10.13,-0.01,60,61256,卖盘
2105,09:59:21,10.14,-0.01,17,17765,卖盘
2106,09:59:16,10.15,0.01,81,82215,买盘
2107,09:59:07,10.14,0.01,31,31799,买盘
2108,09:59:01,10.13,-0.01,300,303900,卖盘
2109,09:58:52,10.14,--,46,47100,买盘
2110,09:58:45,10.14,0.01,85,86190,买盘
2111,09:58:42,10.13,--,87,89052,卖盘
2112,09:58:36,10.13,--,202,205112,卖盘
2113,09:58:26,10.13,-0.01,44,44572,卖盘
2114,09:58:21,10.14,--,113,115504,买盘
2115,09:58:16,10.14,--,87,88218,买盘
2116,09:58:11,10.14,--,18,18252,买盘
2117,09:58:06,10.14,--,663,673083,卖盘
2118,09:58:01,10.14,-0.01,184,187498,卖盘
2119,09:57:56,10.15,0.01,3,3045,买盘
2120,09:57:51,10.14,--,39,39546,卖盘
2121,09:57:46,10.14,--,165,168232,卖盘
2122,09:57:36,10.14,-0.01,327,332064,卖盘
2123,09:57:31,10.15,0.01,450,457582,买盘
2124,09:57:21,10.14,--,25,25350,买盘
2125,09:57:16,10.14,-0.01,50,50700,卖盘
2126,09:57:11,10.15,0.02,77,78155,买盘
2127,09:57:05,10.13,-0.02,202,205112,卖盘
2128,09:57:01,10.15,0.02,215,219148,买盘
2129,09:56:50,10.13,--,31,31615,买盘
2130,09:56:46,10.13,--,208,210704,买盘
2131,09:56:36,10.13,--,36,36468,买盘
2132,09:56:31,10.13,--,322,326368,卖盘
2133,09:56:20,10.13,--,238,242015,卖盘
2134,09:56:16,10.13,--,68,69805,买盘
2135,09:56:05,10.13,--,133,135306,卖盘
2136,09:56:01,10.13,--,8,8104,买盘
2137,09:55:56,10.13,--,17,17221,买盘
2138,09:55:46,10.13,-0.01,344,348472,卖盘
2139,09:55:41,10.14,0.01,106,107484,买盘
2140,09:55:36,10.13,--,202,205112,卖盘
2141,09:55:31,10.13,--,4,4052,卖盘
2142,09:55:26,10.13,--,134,136663,卖盘
2143,09:55:20,10.13,--,240,243120,卖盘
2144,09:55:05,10.13,--,121,123150,卖盘
2145,09:55:01,10.13,-0.01,99,101208,卖盘
2146,09:54:55,10.14,--,77,78078,买盘
2147,09:54:50,10.14,0.01,61,61854,买盘
2148,09:54:40,10.13,--,109,111338,卖盘
2149,09:54:35,10.13,--,202,205112,卖盘
2150,09:54:31,10.13,0.01,60,60780,卖盘
2151,09:54:25,10.12,--,0,0,卖盘
2152,09:54:21,10.12,-0.01,190,193200,卖盘
2153,09:54:16,10.13,--,19,19247,买盘
2154,09:54:10,10.13,--,15,15195,买盘
2155,09:54:06,10.13,-0.01,109,110943,卖盘
2156,09:54:01,10.14,0.01,2,2028,买盘
2157,09:53:55,10.13,--,103,104825,买盘
2158,09:53:51,10.13,-0.01,781,791588,卖盘
2159,09:53:46,10.14,0.01,10,10140,买盘
2160,09:53:35,10.13,-0.01,117,119098,卖盘
2161,09:53:30,10.14,-0.01,5,5070,买盘
2162,09:53:05,10.15,0.01,97,98455,买盘
2163,09:53:00,10.14,-0.01,22,22308,卖盘
2164,09:52:55,10.15,--,0,0,买盘
2165,09:52:50,10.15,0.02,169,172407,买盘
2166,09:52:46,10.13,-0.01,904,915752,卖盘
2167,09:52:35,10.14,--,447,453835,买盘
2168,09:52:15,10.14,--,2,2464,卖盘
2169,09:52:10,10.14,--,117,119215,买盘
2170,09:52:05,10.14,--,195,197730,卖盘
2171,09:52:00,10.14,--,211,213954,卖盘
2172,09:51:55,10.14,--,2,2028,卖盘
2173,09:51:50,10.14,0.01,171,173971,买盘
2174,09:51:44,10.13,-0.01,23,23299,卖盘
2175,09:51:39,10.14,--,9,9126,买盘
2176,09:51:35,10.14,--,202,204828,卖盘
2177,09:51:29,10.14,--,116,117624,卖盘
2178,09:51:20,10.14,-0.01,12,12168,卖盘
2179,09:51:15,10.15,--,492,499887,卖盘
2180,09:51:10,10.15,--,984,999541,卖盘
2181,09:50:59,10.15,--,90,91350,卖盘
2182,09:50:55,10.15,--,24,24360,卖盘
2183,09:50:50,10.15,-0.01,1600,1624000,卖盘
2184,09:50:44,10.16,0.01,448,455168,买盘
2185,09:50:40,10.15,--,172,175158,卖盘
2186,09:50:30,10.15,--,1036,1052138,卖盘
2187,09:50:20,10.15,--,0,609,卖盘
2188,09:50:14,10.15,-0.01,320,324982,卖盘
2189,09:50:10,10.16,--,129,131064,卖盘
2190,09:50:05,10.16,--,84,86268,卖盘
2191,09:49:59,10.16,--,54,54864,卖盘
2192,09:49:55,10.16,--,130,133004,卖盘
2193,09:49:50,10.16,--,18,18288,卖盘
2194,09:49:40,10.16,--,38,38608,卖盘
2195,09:49:29,10.16,--,236,240649,卖盘
2196,09:49:24,10.16,-0.01,112,114716,卖盘
2197,09:49:14,10.17,0.01,1,1017,买盘
2198,09:49:10,10.16,--,174,177708,卖盘
2199,09:49:05,10.16,--,18,18288,卖盘
2200,09:49:00,10.16,-0.01,84,86268,卖盘
2201,09:48:40,10.17,--,31,31527,卖盘
2202,09:48:35,10.17,--,18,18306,买盘
2203,09:48:29,10.17,0.01,154,156618,买盘
2204,09:48:14,10.16,-0.01,20,20360,卖盘
2205,09:48:09,10.17,0.01,105,107710,买盘
2206,09:48:04,10.16,-0.02,15,15240,卖盘
2207,09:47:59,10.18,--,0,0,买盘
2208,09:47:55,10.18,0.02,349,356208,买盘
2209,09:47:49,10.16,-0.01,69,70104,卖盘
2210,09:47:40,10.17,0.01,66,67122,买盘
2211,09:47:29,10.16,--,924,938784,卖盘
2212,09:47:19,10.16,-0.01,130,133004,卖盘
2213,09:47:14,10.17,--,57,57969,买盘
2214,09:47:10,10.17,0.01,88,90421,买盘
2215,09:46:59,10.16,--,84,86268,卖盘
2216,09:46:54,10.16,-0.01,66,67056,卖盘
2217,09:46:49,10.17,--,9,9153,买盘
2218,09:46:44,10.17,--,3,3051,买盘
2219,09:46:39,10.17,--,17,17289,买盘
2220,09:46:29,10.17,0.01,86,88387,买盘
2221,09:46:19,10.16,--,150,153324,卖盘
2222,09:46:14,10.16,-0.01,9,9144,卖盘
2223,09:45:59,10.17,--,13,13221,买盘
2224,09:45:44,10.17,--,0,0,买盘
2225,09:45:38,10.17,--,620,631211,买盘
2226,09:45:34,10.17,--,12,12204,买盘
2227,09:45:29,10.17,--,70,71190,买盘
2228,09:45:24,10.17,--,198,201366,卖盘
2229,09:45:14,10.17,--,109,110853,买盘
2230,09:45:08,10.17,0.01,73,74241,买盘
2231,09:45:04,10.16,-0.01,101,102616,卖盘
2232,09:44:59,10.17,--,78,79326,买盘
2233,09:44:38,10.17,0.01,29,29493,买盘
2234,09:44:29,10.16,--,88,89408,卖盘
2235,09:44:18,10.16,--,21,21336,卖盘
2236,09:44:08,10.16,--,144,146659,卖盘
2237,09:44:04,10.16,--,40,40640,卖盘
2238,09:43:53,10.16,--,272,277327,卖盘
2239,09:43:49,10.16,--,774,786414,买盘
2240,09:43:44,10.16,--,30,30480,买盘
2241,09:43:38,10.16,0.01,5,5080,买盘
2242,09:43:34,10.15,--,71,73049,卖盘
2243,09:43:24,10.15,-0.01,18,18270,卖盘
2244,09:43:19,10.16,--,66,67056,买盘
2245,09:43:14,10.16,--,43,43688,买盘
2246,09:43:04,10.16,--,40,40640,买盘
2247,09:42:59,10.16,--,6,6096,买盘
2248,09:42:54,10.16,-0.02,1930,1961865,卖盘
2249,09:42:49,10.18,--,159,161862,买盘
2250,09:42:44,10.18,0.01,25,25450,买盘
2251,09:42:39,10.17,-0.01,28,28476,卖盘
2252,09:42:34,10.18,--,25,25450,买盘
2253,09:42:29,10.18,0.01,3,3054,买盘
2254,09:42:23,10.17,--,28,28476,卖盘
2255,09:42:14,10.17,--,18,18306,卖盘
2256,09:42:08,10.17,--,9,9153,卖盘
2257,09:42:04,10.17,--,245,250120,卖盘
2258,09:41:58,10.17,--,15,15255,卖盘
2259,09:41:54,10.17,-0.01,224,227808,卖盘
2260,09:41:49,10.18,0.01,77,78386,买盘
2261,09:41:44,10.17,--,10,10170,卖盘
2262,09:41:38,10.17,--,46,46782,卖盘
2263,09:41:34,10.17,-0.01,76,78268,卖盘
2264,09:41:29,10.18,0.01,20,20360,买盘
2265,09:41:24,10.17,--,10,10170,卖盘
2266,09:41:19,10.17,-0.01,116,118002,卖盘
2267,09:41:12,10.18,--,12,12216,买盘
2268,09:41:08,10.18,0.01,26,26468,买盘
2269,09:41:03,10.17,-0.01,26,27428,卖盘
2270,09:40:58,10.18,0.01,227,231086,买盘
2271,09:40:53,10.17,--,135,137295,卖盘
2272,09:40:49,10.17,-0.01,2,2034,卖盘
2273,09:40:43,10.18,0.01,61,62098,买盘
2274,09:40:33,10.17,-0.01,29,29523,卖盘
2275,09:40:23,10.18,-0.01,61,62098,卖盘
2276,09:40:19,10.19,0.01,196,199724,买盘
2277,09:40:08,10.18,--,184,188299,买盘
2278,09:40:03,10.18,--,58,59044,买盘
2279,09:39:57,10.18,0.01,10,10180,买盘
2280,09:39:47,10.17,-0.01,20,20340,卖盘
2281,09:39:38,10.18,--,15,15270,卖盘
2282,09:39:32,10.18,0.01,1,1018,卖盘
2283,09:39:23,10.17,--,0,0,卖盘
2284,09:39:17,10.17,--,10,10170,卖盘
2285,09:39:13,10.17,-0.02,95,96615,卖盘
2286,09:39:08,10.19,--,13,13247,买盘
2287,09:39:02,10.19,--,0,0,买盘
2288,09:38:58,10.19,0.01,225,229275,买盘
2289,09:38:47,10.18,--,43,43774,买盘
2290,09:38:42,10.18,0.01,220,223960,买盘
2291,09:38:38,10.17,--,114,115938,卖盘
2292,09:38:32,10.17,--,349,355675,卖盘
2293,09:38:23,10.17,-0.01,20,20340,卖盘
2294,09:38:17,10.18,0.01,59,60062,买盘
2295,09:38:13,10.17,-0.01,30,30510,卖盘
2296,09:38:02,10.18,0.01,127,129286,买盘
2297,09:37:57,10.17,-0.01,34,34578,卖盘
2298,09:37:53,10.18,0.01,239,244096,卖盘
2299,09:37:47,10.17,-0.01,269,273573,卖盘
2300,09:37:38,10.18,0.01,6,6108,买盘
2301,09:37:32,10.17,--,213,217414,卖盘
2302,09:37:17,10.17,--,32,33337,卖盘
2303,09:37:08,10.17,--,11,11187,卖盘
2304,09:37:02,10.17,-0.01,13,14024,卖盘
2305,09:36:58,10.18,--,36,36648,买盘
2306,09:36:53,10.18,--,13,13234,买盘
2307,09:36:47,10.18,--,52,52936,买盘
2308,09:36:42,10.18,--,120,122160,卖盘
2309,09:36:38,10.18,0.01,63,64134,卖盘
2310,09:36:32,10.17,-0.01,805,818685,卖盘
2311,09:36:28,10.18,-0.01,90,91620,卖盘
2312,09:36:23,10.19,0.01,2,2038,买盘
2313,09:36:17,10.18,--,9,9162,卖盘
2314,09:36:13,10.18,--,12,13020,卖盘
2315,09:36:08,10.18,-0.01,20,20360,卖盘
2316,09:36:02,10.19,0.01,106,108014,买盘
2317,09:35:57,10.18,--,480,488640,买盘
2318,09:35:53,10.18,--,1,1018,买盘
2319,09:35:47,10.18,--,250,254500,卖盘
2320,09:35:43,10.18,--,34,34612,卖盘
2321,09:35:38,10.18,--,23,23414,卖盘
2322,09:35:32,10.18,--,9,9162,卖盘
2323,09:35:28,10.18,--,98,99764,卖盘
2324,09:35:13,10.18,--,8,8144,卖盘
2325,09:35:02,10.18,--,41,41738,买盘
2326,09:34:57,10.18,--,411,418398,买盘
2327,09:34:47,10.18,0.01,19,19342,买盘
2328,09:34:43,10.17,-0.01,72,73224,卖盘
2329,09:34:37,10.18,--,5,5090,买盘
2330,09:34:32,10.18,0.01,15,15270,买盘
2331,09:34:28,10.17,-0.01,105,106785,卖盘
2332,09:34:22,10.18,--,34,34612,买盘
2333,09:34:17,10.18,--,10,10180,买盘
2334,09:34:12,10.18,--,60,61080,买盘
2335,09:34:02,10.18,-0.01,15,15270,卖盘
2336,09:33:58,10.19,0.01,4,4076,买盘
2337,09:33:47,10.18,--,193,196474,买盘
2338,09:33:43,10.18,--,427,434686,买盘
2339,09:33:37,10.18,0.01,6,6108,买盘
2340,09:33:32,10.17,--,105,106785,卖盘
2341,09:33:27,10.17,-0.01,60,61020,卖盘
2342,09:33:22,10.18,--,58,59044,买盘
2343,09:33:17,10.18,0.01,178,181204,买盘
2344,09:33:12,10.17,-0.01,282,286794,卖盘
2345,09:33:02,10.18,--,26,26468,买盘
2346,09:32:57,10.18,--,33,33594,买盘
2347,09:32:52,10.18,--,9,9162,买盘
2348,09:32:47,10.18,-0.01,7,7126,卖盘
2349,09:32:41,10.19,0.01,257,261883,买盘
2350,09:32:32,10.18,--,12,12216,买盘
2351,09:32:26,10.18,--,126,128268,买盘
2352,09:32:21,10.18,--,8,8144,买盘
2353,09:32:17,10.18,--,13,13234,买盘
2354,09:32:11,10.18,--,72,73296,卖盘
2355,09:32:06,10.18,--,4,4072,卖盘
2356,09:32:02,10.18,--,45,45810,卖盘
2357,09:31:47,10.18,-0.01,40,40720,卖盘
2358,09:31:41,10.19,0.01,150,152850,买盘
2359,09:31:37,10.18,0.01,9,9162,中性盘
2360,09:31:32,10.17,-0.02,428,435276,卖盘
2361,09:31:26,10.19,0.01,77,78463,买盘
2362,09:31:22,10.18,--,14,14659,卖盘
2363,09:31:17,10.18,--,12,12216,卖盘
2364,09:31:11,10.18,0.01,200,203600,卖盘
2365,09:31:02,10.17,--,196,199332,卖盘
2366,09:30:56,10.17,--,18,18306,卖盘
2367,09:30:51,10.17,-0.02,330,335610,卖盘
2368,09:30:47,10.19,--,20,20380,买盘
2369,09:30:36,10.19,-0.01,79,80501,卖盘
2370,09:30:32,10.2,0.01,10,10200,买盘
2371,09:30:26,10.19,--,86,87634,卖盘
2372,09:30:17,10.19,0.01,493,502367,买盘
2373,09:30:11,10.18,--,89,90602,卖盘
2374,09:30:06,10.18,-0.02,979,996622,卖盘
2375,09:28:56,10.2,--,0,0,买盘
2376,09:25:04,10.2,10.2,865,882299,买盘
