,time,price,change,volume,amount,type
0,15:00:00,10.03,--,0,0,买盘
1,15:00:00,10.03,--,0,0,买盘
2,15:00:00,10.03,--,20,20060,买盘
3,14:59:58,10.03,--,68,68204,卖盘
4,14:59:52,10.03,--,78,78234,卖盘
5,14:59:47,10.03,-0.01,29,29086,卖盘
6,14:59:43,10.04,0.02,52,52207,买盘
7,14:59:37,10.02,-0.02,118,118236,卖盘
8,14:59:32,10.04,0.01,76,76304,买盘
9,14:59:28,10.03,--,93,93279,买盘
10,14:59:22,10.03,--,31,31092,买盘
11,14:59:17,10.03,0.01,56,56168,买盘
12,14:59:13,10.02,-0.01,98,98196,卖盘
13,14:59:07,10.03,-0.01,558,559674,中性盘
14,14:59:02,10.04,--,217,217867,买盘
15,14:58:57,10.04,0.02,134,134536,买盘
16,14:58:52,10.02,-0.02,337,337674,卖盘
17,14:58:47,10.04,--,93,93371,买盘
18,14:58:42,10.04,0.01,144,144576,买盘
19,14:58:37,10.03,--,425,426275,卖盘
20,14:58:32,10.03,--,78,78234,卖盘
21,14:58:27,10.03,-0.01,21,21063,卖盘
22,14:58:22,10.04,0.01,141,141564,买盘
23,14:58:17,10.03,-0.01,128,128383,卖盘
24,14:58:12,10.04,--,60,60239,买盘
25,14:58:07,10.04,0.01,150,150600,买盘
26,14:58:02,10.03,-0.01,176,176528,卖盘
27,14:57:57,10.04,0.01,178,178711,买盘
28,14:57:52,10.03,0.01,47,47141,卖盘
29,14:57:47,10.02,-0.01,200,200400,卖盘
30,14:57:42,10.03,--,69,69207,卖盘
31,14:57:37,10.03,0.01,479,480938,买盘
32,14:57:32,10.02,--,174,174348,卖盘
33,14:57:27,10.02,-0.01,117,117234,卖盘
34,14:57:22,10.03,0.01,154,154462,买盘
35,14:57:17,10.02,-0.01,128,128757,卖盘
36,14:57:12,10.03,--,33,33099,卖盘
37,14:57:07,10.03,0.01,272,273317,买盘
38,14:57:02,10.02,-0.01,167,167334,卖盘
39,14:56:57,10.03,0.01,280,280840,买盘
40,14:56:52,10.02,-0.01,114,114228,卖盘
41,14:56:47,10.03,0.01,126,126377,买盘
42,14:56:42,10.02,--,63,63126,卖盘
43,14:56:37,10.02,0.01,319,319638,买盘
44,14:56:32,10.01,-0.01,267,267267,卖盘
45,14:56:27,10.02,--,36,36072,买盘
46,14:56:22,10.02,--,41,41082,买盘
47,14:56:17,10.02,--,143,143286,买盘
48,14:56:12,10.02,--,48,48096,买盘
49,14:56:07,10.02,--,212,212424,买盘
50,14:56:02,10.02,--,163,163326,买盘
51,14:55:57,10.02,--,10,10020,买盘
52,14:55:52,10.02,--,576,577152,卖盘
53,14:55:47,10.02,-0.01,2197,2201394,买盘
54,14:55:42,10.03,--,66,66198,买盘
55,14:55:37,10.03,0.01,37,37111,买盘
56,14:55:32,10.02,--,74,74148,卖盘
57,14:55:27,10.02,-0.01,221,221442,卖盘
58,14:55:22,10.03,0.01,455,456365,买盘
59,14:55:17,10.02,--,99,99198,卖盘
60,14:55:12,10.02,--,106,106212,买盘
61,14:55:07,10.02,0.02,420,420840,买盘
62,14:55:02,10.0,-0.01,425,425000,卖盘
63,14:54:57,10.01,--,59,59059,卖盘
64,14:54:52,10.01,--,85,85085,卖盘
65,14:54:47,10.01,0.01,143,143143,中性盘
66,14:54:42,10.0,--,3,3000,卖盘
67,14:54:37,10.0,--,122,122000,卖盘
68,14:54:32,10.0,--,448,448000,卖盘
69,14:54:27,10.0,-0.01,101,101000,卖盘
70,14:54:22,10.01,0.01,199,199199,买盘
71,14:54:17,10.0,--,169,169000,卖盘
72,14:54:12,10.0,-0.01,4,4000,卖盘
73,14:54:07,10.01,0.01,331,331331,买盘
74,14:54:02,10.0,--,318,318000,卖盘
75,14:53:57,10.0,--,160,160000,卖盘
76,14:53:52,10.0,--,45,45000,卖盘
77,14:53:47,10.0,--,173,173000,卖盘
78,14:53:42,10.0,--,6,6000,卖盘
79,14:53:37,10.0,--,45,45000,卖盘
80,14:53:32,10.0,0.01,74,74000,买盘
81,14:53:27,9.99,--,3,2997,卖盘
82,14:53:22,9.99,--,160,159840,卖盘
83,14:53:17,9.99,--,200,199800,卖盘
84,14:53:07,9.99,-0.01,70,69930,卖盘
85,14:53:01,10.0,0.01,71,71000,买盘
86,14:52:57,9.99,-0.01,103,102897,卖盘
87,14:52:52,10.0,0.01,42,42000,买盘
88,14:52:46,9.99,-0.01,96,95904,卖盘
89,14:52:37,10.0,0.01,621,621000,买盘
90,14:52:31,9.99,--,28,27972,卖盘
91,14:52:27,9.99,--,8,7992,卖盘
92,14:52:21,9.99,-0.01,37,36963,卖盘
93,14:52:16,10.0,--,40,40000,买盘
94,14:52:12,10.0,--,220,220000,卖盘
95,14:52:07,10.0,--,49,49000,卖盘
96,14:52:01,10.0,--,103,103000,卖盘
97,14:51:56,10.0,--,305,305000,卖盘
98,14:51:51,10.0,--,151,151000,卖盘
99,14:51:46,10.0,0.02,209,209000,买盘
100,14:51:41,9.98,-0.02,69,68862,卖盘
101,14:51:36,10.0,0.02,160,160000,买盘
102,14:51:31,9.98,-0.02,426,425148,卖盘
103,14:51:26,10.0,--,75,75000,买盘
104,14:51:21,10.0,--,240,240000,买盘
105,14:51:16,10.0,0.01,53,53000,买盘
106,14:51:11,9.99,-0.01,1296,1294704,卖盘
107,14:51:06,10.0,--,499,499000,卖盘
108,14:51:00,10.0,--,34,34000,卖盘
109,14:50:56,10.0,--,17,17000,卖盘
110,14:50:51,10.0,--,28,28000,卖盘
111,14:50:46,10.0,-0.01,53,53000,卖盘
112,14:50:41,10.01,0.01,24,24024,买盘
113,14:50:36,10.0,-0.01,1,1000,卖盘
114,14:50:31,10.01,--,344,344344,卖盘
115,14:50:26,10.01,--,187,187187,卖盘
116,14:50:20,10.01,--,8,8008,卖盘
117,14:50:16,10.01,-0.01,660,660660,卖盘
118,14:50:11,10.02,0.01,47,47094,买盘
119,14:50:06,10.01,--,44,44044,卖盘
120,14:50:00,10.01,--,32,32032,卖盘
121,14:49:56,10.01,-0.01,154,154154,卖盘
122,14:49:50,10.02,--,139,139278,卖盘
123,14:49:46,10.02,--,86,86172,卖盘
124,14:49:41,10.02,-0.01,47,47094,卖盘
125,14:49:35,10.03,--,22,22066,买盘
126,14:49:31,10.03,--,663,664989,卖盘
127,14:49:26,10.03,--,68,68204,卖盘
128,14:49:21,10.03,0.01,381,382143,买盘
129,14:49:16,10.02,--,338,338676,卖盘
130,14:49:11,10.02,--,130,130260,买盘
131,14:49:05,10.02,-0.01,6,6012,卖盘
132,14:49:01,10.03,0.01,64,64191,买盘
133,14:48:56,10.02,-0.01,25,25050,卖盘
134,14:48:51,10.03,-0.01,17,17051,卖盘
135,14:48:46,10.04,0.01,112,112447,买盘
136,14:48:41,10.03,-0.01,8,8023,买盘
137,14:48:30,10.04,--,514,516055,买盘
138,14:48:26,10.04,0.01,1775,1782270,买盘
139,14:48:21,10.03,--,7,7021,卖盘
140,14:48:16,10.03,--,8,8023,卖盘
141,14:48:11,10.03,--,196,196588,卖盘
142,14:48:06,10.03,0.03,408,409224,买盘
143,14:48:01,10.0,--,17,17000,卖盘
144,14:47:56,10.0,--,40,40000,卖盘
145,14:47:51,10.0,--,50,50000,卖盘
146,14:47:46,10.0,--,102,102000,卖盘
147,14:47:41,10.0,-0.01,20,20000,卖盘
148,14:47:36,10.01,0.01,108,108108,卖盘
149,14:47:31,10.0,-0.01,190,190000,卖盘
150,14:47:26,10.01,--,117,117297,买盘
151,14:47:20,10.01,-0.01,42,42862,卖盘
152,14:47:16,10.02,--,575,576330,买盘
153,14:47:11,10.02,0.02,105,105210,买盘
154,14:47:05,10.0,-0.01,55,55000,卖盘
155,14:47:01,10.01,0.01,250,250250,中性盘
156,14:46:56,10.0,-0.02,35,35000,卖盘
157,14:46:50,10.02,0.02,34,34068,买盘
158,14:46:46,10.0,-0.02,829,829000,卖盘
159,14:46:41,10.02,-0.01,25,25050,卖盘
160,14:46:35,10.03,--,28,28084,买盘
161,14:46:31,10.03,-0.01,115,115344,卖盘
162,14:46:26,10.04,--,97,97387,卖盘
163,14:46:20,10.04,-0.01,20,20080,卖盘
164,14:46:16,10.05,-0.01,231,232155,卖盘
165,14:46:10,10.06,--,92,93055,买盘
166,14:46:05,10.06,--,104,104624,买盘
167,14:46:01,10.06,-0.01,37,37222,中性盘
168,14:45:55,10.07,0.05,100,100700,买盘
169,14:45:50,10.02,--,2,2004,卖盘
170,14:45:46,10.02,-0.03,995,996990,卖盘
171,14:45:41,10.05,0.03,1150,1155750,买盘
172,14:45:35,10.02,0.02,70,70140,买盘
173,14:45:30,10.0,--,18,18000,卖盘
174,14:45:25,10.0,-0.01,830,830000,卖盘
175,14:45:20,10.01,--,277,277277,买盘
176,14:45:15,10.01,0.02,810,810810,买盘
177,14:45:10,9.99,0.01,3641,3637359,买盘
178,14:45:05,9.98,--,128,127744,卖盘
179,14:45:00,9.98,--,60,59880,卖盘
180,14:44:55,9.98,--,30,29940,卖盘
181,14:44:50,9.98,-0.01,97,96806,买盘
182,14:44:44,9.99,0.02,83,82917,买盘
183,14:44:40,9.97,--,72,71784,卖盘
184,14:44:35,9.97,--,14,13958,卖盘
185,14:44:29,9.97,-0.01,31,30907,卖盘
186,14:44:25,9.98,0.01,107,106786,买盘
187,14:44:20,9.97,0.01,1,997,卖盘
188,14:44:14,9.96,--,2,1992,卖盘
189,14:44:10,9.96,-0.03,57,56772,卖盘
190,14:44:05,9.99,0.02,196,195804,买盘
191,14:43:59,9.97,-0.01,10,9970,中性盘
192,14:43:55,9.98,-0.01,77,76846,买盘
193,14:43:50,9.99,0.01,307,306693,买盘
194,14:43:40,9.98,-0.01,98,97804,卖盘
195,14:43:35,9.99,0.01,88,87912,买盘
196,14:43:29,9.98,--,10,9980,卖盘
197,14:43:25,9.98,--,21,20958,买盘
198,14:43:20,9.98,0.02,104,103792,买盘
199,14:43:14,9.96,--,0,0,卖盘
200,14:43:10,9.96,0.01,76,75696,中性盘
201,14:43:05,9.95,-0.01,446,443769,卖盘
202,14:42:59,9.96,--,50,49800,卖盘
203,14:42:55,9.96,-0.03,18,17928,中性盘
204,14:42:50,9.99,0.03,1110,1108890,买盘
205,14:42:44,9.96,0.01,63,62748,买盘
206,14:42:40,9.95,-0.01,231,229844,卖盘
207,14:42:35,9.96,--,21,20916,买盘
208,14:42:29,9.96,--,3,2988,买盘
209,14:42:25,9.96,--,109,108564,卖盘
210,14:42:20,9.96,-0.01,377,375492,卖盘
211,14:42:14,9.97,0.01,10,9970,买盘
212,14:42:10,9.96,--,160,159360,卖盘
213,14:42:05,9.96,-0.01,89,88644,中性盘
214,14:41:59,9.97,0.02,480,478560,买盘
215,14:41:55,9.95,--,66,65670,卖盘
216,14:41:50,9.95,0.01,1079,1073605,买盘
217,14:41:44,9.94,-0.01,202,200788,卖盘
218,14:41:40,9.95,0.01,38,37810,买盘
219,14:41:35,9.94,-0.01,4,3976,卖盘
220,14:41:29,9.95,--,35,34825,买盘
221,14:41:25,9.95,-0.02,436,433819,卖盘
222,14:41:20,9.97,--,59,58823,买盘
223,14:41:14,9.97,--,28,27916,买盘
224,14:41:10,9.97,-0.01,65,64805,卖盘
225,14:41:05,9.98,--,79,78842,买盘
226,14:40:59,9.98,--,60,59880,买盘
227,14:40:55,9.98,--,71,70858,买盘
228,14:40:50,9.98,--,54,53892,卖盘
229,14:40:44,9.98,-0.01,10,9980,卖盘
230,14:40:40,9.99,--,167,166833,买盘
231,14:40:35,9.99,--,181,180819,买盘
232,14:40:29,9.99,--,270,269730,买盘
233,14:40:25,9.99,0.01,316,315684,买盘
234,14:40:20,9.98,-0.02,58,57884,卖盘
235,14:40:14,10.0,0.06,369,369000,买盘
236,14:40:09,9.94,--,1,994,卖盘
237,14:40:05,9.94,0.01,138,137172,买盘
238,14:39:59,9.93,0.03,13,12909,买盘
239,14:39:55,9.9,-0.1,17,16830,卖盘
240,14:39:50,10.0,0.06,5024,5024000,买盘
241,14:39:44,9.94,0.04,6,5964,买盘
242,14:39:40,9.9,-0.01,207,204930,卖盘
243,14:39:35,9.91,0.01,59,58469,中性盘
244,14:39:29,9.9,-0.01,611,604890,卖盘
245,14:39:24,9.91,0.01,50,49550,买盘
246,14:39:20,9.9,--,7,6930,卖盘
247,14:39:14,9.9,--,0,0,卖盘
248,14:39:09,9.9,-0.05,24,23760,卖盘
249,14:39:05,9.95,0.04,1070,1064650,买盘
250,14:38:59,9.91,0.01,665,659906,买盘
251,14:38:49,9.9,-0.01,97,96030,卖盘
252,14:38:44,9.91,0.01,52,51532,买盘
253,14:38:39,9.9,--,15,14850,卖盘
254,14:38:34,9.9,-0.01,85,84150,卖盘
255,14:38:29,9.91,0.01,43,42613,买盘
256,14:38:24,9.9,--,39,38610,卖盘
257,14:38:14,9.9,--,45,44550,卖盘
258,14:38:09,9.9,0.01,50,49500,买盘
259,14:38:04,9.89,--,34,33626,卖盘
260,14:37:59,9.89,0.01,54,53406,买盘
261,14:37:54,9.88,0.02,87,85956,买盘
262,14:37:49,9.86,-0.01,366,360876,卖盘
263,14:37:44,9.87,-0.01,103,101660,卖盘
264,14:37:39,9.88,0.01,33,32604,买盘
265,14:37:34,9.87,--,22,21714,卖盘
266,14:37:29,9.87,0.02,50,49349,买盘
267,14:37:23,9.85,--,9,8865,卖盘
268,14:37:19,9.85,--,11,10835,卖盘
269,14:37:14,9.85,0.02,194,191090,买盘
270,14:37:08,9.83,--,9,8847,买盘
271,14:37:04,9.83,0.01,55,54065,买盘
272,14:36:59,9.82,--,6,5892,卖盘
273,14:36:53,9.82,--,10,9820,卖盘
274,14:36:49,9.82,0.01,95,93290,买盘
275,14:36:44,9.81,0.01,159,155979,卖盘
276,14:36:38,9.8,--,0,0,卖盘
277,14:36:34,9.8,--,101,98980,卖盘
278,14:36:29,9.8,--,2,1960,卖盘
279,14:36:23,9.8,0.01,2331,2284576,买盘
280,14:36:19,9.79,0.03,23,22516,卖盘
281,14:36:14,9.76,-0.02,473,461999,卖盘
282,14:36:08,9.78,--,0,0,卖盘
283,14:36:04,9.78,--,163,159414,买盘
284,14:35:59,9.78,--,124,121271,卖盘
285,14:35:53,9.78,--,12,11736,卖盘
286,14:35:49,9.78,-0.01,227,222006,卖盘
287,14:35:44,9.79,--,111,108668,买盘
288,14:35:38,9.79,--,13,12726,买盘
289,14:35:34,9.79,--,37,36223,买盘
290,14:35:29,9.79,--,69,67551,买盘
291,14:35:23,9.79,--,12,11747,买盘
292,14:35:19,9.79,--,68,66572,卖盘
293,14:35:14,9.79,--,72,70488,买盘
294,14:35:08,9.79,-0.01,82,80278,卖盘
295,14:35:04,9.8,--,63,61740,买盘
296,14:34:59,9.8,--,120,117600,买盘
297,14:34:49,9.8,0.01,25,24500,买盘
298,14:34:44,9.79,-0.01,33,32306,卖盘
299,14:34:38,9.8,--,125,122500,买盘
300,14:34:34,9.8,-0.01,1484,1455104,卖盘
301,14:34:29,9.81,-0.02,572,561671,卖盘
302,14:34:23,9.83,--,3,2949,买盘
303,14:34:19,9.83,--,298,292934,买盘
304,14:34:14,9.83,--,10,9830,买盘
305,14:34:08,9.83,--,52,51558,卖盘
306,14:34:04,9.83,--,52,51116,卖盘
307,14:33:59,9.83,--,83,81589,卖盘
308,14:33:53,9.83,--,18,17694,卖盘
309,14:33:49,9.83,--,0,0,卖盘
310,14:33:44,9.83,-0.02,332,326896,卖盘
311,14:33:38,9.85,0.01,17,16745,买盘
312,14:33:34,9.84,-0.01,56,55104,卖盘
313,14:33:29,9.85,0.01,1000,985000,买盘
314,14:33:23,9.84,-0.01,15,14760,卖盘
315,14:33:19,9.85,--,10,9850,买盘
316,14:33:13,9.85,-0.02,365,359731,卖盘
317,14:33:08,9.87,0.02,8,7895,买盘
318,14:33:04,9.85,-0.01,93,91605,卖盘
319,14:32:58,9.86,0.01,82,80852,中性盘
320,14:32:53,9.85,-0.02,68,66980,卖盘
321,14:32:49,9.87,-0.01,30,29609,买盘
322,14:32:43,9.88,--,0,0,买盘
323,14:32:38,9.88,0.01,631,623428,买盘
324,14:32:33,9.87,-0.03,432,426383,卖盘
325,14:32:28,9.9,--,51,50490,买盘
326,14:32:23,9.9,--,84,83160,买盘
327,14:32:18,9.9,0.02,2,1980,买盘
328,14:32:13,9.88,-0.02,502,495976,卖盘
329,14:32:08,9.9,--,177,175230,买盘
330,14:31:58,9.9,--,212,210325,卖盘
331,14:31:53,9.9,-0.02,121,119790,卖盘
332,14:31:48,9.92,-0.01,22,21824,卖盘
333,14:31:43,9.93,--,26,25818,买盘
334,14:31:38,9.93,--,23,22839,买盘
335,14:31:33,9.93,--,70,69609,卖盘
336,14:31:28,9.93,--,227,225411,卖盘
337,14:31:23,9.93,--,24,23832,卖盘
338,14:31:18,9.93,--,107,106747,卖盘
339,14:31:13,9.93,--,232,230773,买盘
340,14:31:08,9.93,0.01,110,109230,买盘
341,14:31:03,9.92,-0.01,3,2976,卖盘
342,14:30:58,9.93,--,29,28797,买盘
343,14:30:53,9.93,0.01,30,29790,买盘
344,14:30:48,9.92,-0.01,58,57536,卖盘
345,14:30:43,9.93,0.02,1088,1080384,买盘
346,14:30:38,9.91,-0.01,28,28243,卖盘
347,14:30:33,9.92,--,31,30752,卖盘
348,14:30:28,9.92,--,56,55552,卖盘
349,14:30:23,9.92,--,10,9920,卖盘
350,14:30:13,9.92,--,41,40672,卖盘
351,14:30:08,9.92,--,13,12896,卖盘
352,14:29:58,9.92,0.02,29,29264,买盘
353,14:29:53,9.9,-0.02,19,19354,卖盘
354,14:29:43,9.92,-0.01,36,35712,卖盘
355,14:29:38,9.93,--,0,0,买盘
356,14:29:28,9.93,0.04,1000,993000,买盘
357,14:29:23,9.89,-0.01,14,13846,卖盘
358,14:29:08,9.9,-0.02,210,208395,卖盘
359,14:29:02,9.92,--,62,61504,买盘
360,14:28:58,9.92,--,12,12400,买盘
361,14:28:53,9.92,--,5,4960,买盘
362,14:28:47,9.92,--,18,17856,买盘
363,14:28:43,9.92,--,155,153760,买盘
364,14:28:38,9.92,--,0,0,买盘
365,14:28:28,9.92,0.03,130,128960,买盘
366,14:28:23,9.89,--,0,0,卖盘
367,14:28:13,9.89,--,0,0,卖盘
368,14:28:08,9.89,-0.01,20,19780,卖盘
369,14:28:02,9.9,-0.03,15,14850,买盘
370,14:27:58,9.93,0.04,306,303858,买盘
371,14:27:53,9.89,-0.01,1,989,卖盘
372,14:27:47,9.9,--,24,23760,买盘
373,14:27:43,9.9,0.01,40,39600,买盘
374,14:27:38,9.89,-0.01,26,25714,中性盘
375,14:27:32,9.9,0.01,36,35640,买盘
376,14:27:28,9.89,0.01,38,37582,买盘
377,14:27:23,9.88,-0.02,155,153140,卖盘
378,14:27:17,9.9,0.01,93,92070,买盘
379,14:27:13,9.89,--,7,6923,卖盘
380,14:27:08,9.89,--,80,79120,卖盘
381,14:26:53,9.89,--,320,316480,买盘
382,14:26:43,9.89,--,100,98900,买盘
383,14:26:37,9.89,-0.01,187,184943,买盘
384,14:26:22,9.9,0.04,10,9900,买盘
385,14:26:17,9.86,-0.01,115,113390,卖盘
386,14:26:12,9.87,-0.03,8,7895,卖盘
387,14:26:07,9.9,0.04,76,75240,买盘
388,14:26:02,9.86,--,144,141984,卖盘
389,14:25:57,9.86,-0.05,13,12916,卖盘
390,14:25:52,9.91,0.04,38,37658,买盘
391,14:25:47,9.87,--,0,0,买盘
392,14:25:42,9.87,0.02,5,4935,买盘
393,14:25:37,9.85,0.01,1808,1781658,买盘
394,14:25:32,9.84,-0.01,62,61008,卖盘
395,14:25:27,9.85,--,244,240340,买盘
396,14:25:22,9.85,--,112,110320,买盘
397,14:25:17,9.85,-0.03,1749,1722765,卖盘
398,14:25:12,9.88,--,18,17784,买盘
399,14:25:02,9.88,--,219,216372,买盘
400,14:24:57,9.88,--,62,61256,买盘
401,14:24:52,9.88,-0.03,1802,1780583,卖盘
402,14:24:47,9.91,--,7,6937,买盘
403,14:24:42,9.91,--,7,6937,买盘
404,14:24:37,9.91,--,12,11892,买盘
405,14:24:32,9.91,0.01,3,2973,买盘
406,14:24:27,9.9,--,18,17820,卖盘
407,14:24:22,9.9,--,157,156113,买盘
408,14:24:17,9.9,--,17,16830,买盘
409,14:24:12,9.9,0.01,4,3960,买盘
410,14:24:07,9.89,-0.01,52,51428,卖盘
411,14:24:02,9.9,--,250,247589,买盘
412,14:23:57,9.9,0.01,87,86139,买盘
413,14:23:52,9.89,--,126,124614,卖盘
414,14:23:47,9.89,--,25,24725,卖盘
415,14:23:32,9.89,0.01,72,71208,买盘
416,14:23:27,9.88,-0.01,22,21736,卖盘
417,14:23:22,9.89,0.01,41,40549,买盘
418,14:23:17,9.88,-0.01,49,48412,卖盘
419,14:23:11,9.89,0.01,30,29670,买盘
420,14:23:07,9.88,-0.01,27,26676,卖盘
421,14:23:02,9.89,--,10,9890,买盘
422,14:22:56,9.89,0.01,6,5934,中性盘
423,14:22:52,9.88,--,102,100776,卖盘
424,14:22:47,9.88,-0.01,220,217360,卖盘
425,14:22:41,9.89,0.01,179,177031,买盘
426,14:22:37,9.88,-0.02,102,100776,卖盘
427,14:22:32,9.9,--,264,261360,买盘
428,14:22:26,9.9,--,2,1980,买盘
429,14:22:22,9.9,--,3,2970,买盘
430,14:22:17,9.9,-0.02,380,377091,卖盘
431,14:22:11,9.92,--,0,0,买盘
432,14:22:07,9.92,--,335,332320,买盘
433,14:22:02,9.92,--,1019,1010848,卖盘
434,14:21:56,9.92,-0.01,78,78080,卖盘
435,14:21:52,9.93,--,25,25212,买盘
436,14:21:41,9.93,--,20,19860,买盘
437,14:21:37,9.93,-0.04,981,974728,卖盘
438,14:21:32,9.97,0.02,65,64805,买盘
439,14:21:26,9.95,--,9,8955,卖盘
440,14:21:22,9.95,-0.01,4,3979,卖盘
441,14:21:16,9.96,--,14,13944,卖盘
442,14:21:11,9.96,0.01,13,12948,买盘
443,14:21:07,9.95,--,1164,1158180,卖盘
444,14:21:02,9.95,--,5,4975,卖盘
445,14:20:56,9.95,--,10,9950,卖盘
446,14:20:47,9.95,--,55,54724,买盘
447,14:20:41,9.95,--,7,6964,买盘
448,14:20:37,9.95,--,83,82585,买盘
449,14:20:31,9.95,--,112,111439,买盘
450,14:20:26,9.95,--,12,11940,买盘
451,14:20:22,9.95,--,38,37810,买盘
452,14:20:17,9.95,--,474,471629,卖盘
453,14:20:07,9.95,--,2,1989,卖盘
454,14:20:02,9.95,0.01,187,186065,买盘
455,14:19:56,9.94,--,98,97511,卖盘
456,14:19:51,9.94,-0.01,18,17892,卖盘
457,14:19:46,9.95,--,75,74625,买盘
458,14:19:31,9.95,--,116,115419,卖盘
459,14:19:26,9.95,--,22,21890,卖盘
460,14:19:21,9.95,-0.01,8,7959,卖盘
461,14:19:16,9.96,--,42,41832,买盘
462,14:19:06,9.96,--,85,84660,买盘
463,14:19:01,9.96,-0.01,188,187248,卖盘
464,14:18:56,9.97,--,46,45862,买盘
465,14:18:51,9.97,0.01,161,160517,买盘
466,14:18:46,9.96,--,81,80676,卖盘
467,14:18:41,9.96,-0.01,52,51792,卖盘
468,14:18:36,9.97,--,30,29910,买盘
469,14:18:31,9.97,0.01,26,25922,买盘
470,14:18:26,9.96,0.02,10,9960,中性盘
471,14:18:21,9.94,-0.02,207,205758,卖盘
472,14:18:16,9.96,--,58,57768,卖盘
473,14:18:11,9.96,0.01,64,63744,买盘
474,14:18:01,9.95,--,551,548245,卖盘
475,14:17:56,9.95,--,212,211009,买盘
476,14:17:51,9.95,0.01,16,15919,买盘
477,14:17:46,9.94,-0.01,23,22991,卖盘
478,14:17:41,9.95,--,9,9850,卖盘
479,14:17:36,9.95,--,10,9950,卖盘
480,14:17:31,9.95,--,68,67759,买盘
481,14:17:26,9.95,--,115,115320,卖盘
482,14:17:21,9.95,--,159,158205,卖盘
483,14:17:16,9.95,--,4,3979,卖盘
484,14:17:11,9.95,--,53,52734,卖盘
485,14:17:06,9.95,--,2,1989,卖盘
486,14:17:01,9.95,--,11,10945,卖盘
487,14:16:56,9.95,--,61,60694,卖盘
488,14:16:51,9.95,--,73,72635,卖盘
489,14:16:46,9.95,-0.01,10,9950,卖盘
490,14:16:41,9.96,0.01,27,26892,买盘
491,14:16:36,9.95,--,50,49849,买盘
492,14:16:31,9.95,--,47,46765,买盘
493,14:16:26,9.95,--,3,2985,买盘
494,14:16:21,9.95,--,55,54724,买盘
495,14:16:16,9.95,--,94,93530,买盘
496,14:16:11,9.95,0.01,56,55719,买盘
497,14:16:06,9.94,--,82,81508,卖盘
498,14:16:01,9.94,-0.01,30,29820,卖盘
499,14:15:56,9.95,-0.02,227,226601,卖盘
500,14:15:51,9.97,0.01,25,24925,中性盘
501,14:15:46,9.96,-0.01,379,377742,卖盘
502,14:15:41,9.97,--,74,73778,买盘
503,14:15:36,9.97,--,21,20937,买盘
504,14:15:31,9.97,-0.01,314,313058,卖盘
505,14:15:26,9.98,0.01,13,12974,卖盘
506,14:15:21,9.97,-0.02,105,104685,卖盘
507,14:15:16,9.99,--,29,28971,买盘
508,14:15:11,9.99,0.02,227,226773,买盘
509,14:15:06,9.97,--,156,155532,买盘
510,14:15:01,9.97,-0.02,453,452498,卖盘
511,14:14:56,9.99,--,111,110889,买盘
512,14:14:50,9.99,--,162,161838,买盘
513,14:14:46,9.99,0.01,40,39960,买盘
514,14:14:41,9.98,--,62,61876,卖盘
515,14:14:35,9.98,--,5,4990,卖盘
516,14:14:31,9.98,--,253,252494,中性盘
517,14:14:26,9.98,0.01,223,222554,买盘
518,14:14:20,9.97,-0.01,103,102691,卖盘
519,14:14:16,9.98,0.01,31,30938,买盘
520,14:14:10,9.97,0.01,77,76908,买盘
521,14:14:05,9.96,--,123,122508,卖盘
522,14:14:01,9.96,--,287,285852,卖盘
523,14:13:55,9.96,--,111,111492,卖盘
524,14:13:50,9.96,0.01,66,65736,买盘
525,14:13:46,9.95,-0.02,104,103639,卖盘
526,14:13:40,9.97,0.02,363,361911,买盘
527,14:13:35,9.95,--,71,70645,买盘
528,14:13:31,9.95,--,10,9950,买盘
529,14:13:25,9.95,--,25,24875,买盘
530,14:13:20,9.95,--,176,175120,买盘
531,14:13:16,9.95,-0.02,298,297365,卖盘
532,14:13:10,9.97,0.02,324,323028,买盘
533,14:13:05,9.95,--,2,1989,卖盘
534,14:13:00,9.95,-0.02,99,98505,卖盘
535,14:12:55,9.97,0.02,34,33898,买盘
536,14:12:50,9.95,--,0,0,卖盘
537,14:12:45,9.95,-0.02,14,13929,卖盘
538,14:12:40,9.97,-0.02,254,253238,卖盘
539,14:12:35,9.99,0.01,20,19980,买盘
540,14:12:31,9.98,0.01,298,297404,买盘
541,14:12:25,9.97,-0.02,220,219340,卖盘
542,14:12:20,9.99,--,67,66933,买盘
543,14:12:15,9.99,0.02,551,550449,买盘
544,14:12:10,9.97,-0.01,233,232301,卖盘
545,14:12:05,9.98,--,190,189620,买盘
546,14:12:00,9.98,-0.02,312,311914,卖盘
547,14:11:55,10.0,0.01,187,187960,买盘
548,14:11:50,9.99,0.01,1376,1375263,买盘
549,14:11:45,9.98,--,263,262474,买盘
550,14:11:40,9.98,0.03,359,358282,买盘
551,14:11:35,9.95,-0.03,833,828834,卖盘
552,14:11:30,9.98,0.01,182,181636,买盘
553,14:11:25,9.97,0.02,245,244265,中性盘
554,14:11:20,9.95,-0.03,190,189050,卖盘
555,14:11:15,9.98,0.03,13,12974,买盘
556,14:11:10,9.95,--,203,201985,买盘
557,14:11:05,9.95,0.02,364,362180,买盘
558,14:11:00,9.93,--,39,38727,买盘
559,14:10:55,9.93,--,138,137034,买盘
560,14:10:50,9.93,0.03,69,68517,买盘
561,14:10:45,9.9,-0.01,5,4950,卖盘
562,14:10:40,9.91,0.01,365,361715,买盘
563,14:10:35,9.9,0.01,1227,1214730,买盘
564,14:10:30,9.89,--,164,162196,买盘
565,14:10:25,9.89,--,229,226481,买盘
566,14:10:20,9.89,0.02,202,199778,买盘
567,14:10:15,9.87,--,20,19740,卖盘
568,14:10:10,9.87,--,245,241814,卖盘
569,14:10:05,9.87,0.01,503,496460,买盘
570,14:10:00,9.86,0.01,30,29580,买盘
571,14:09:55,9.85,--,141,138885,买盘
572,14:09:50,9.85,--,138,136442,买盘
573,14:09:45,9.85,0.01,50,49250,买盘
574,14:09:40,9.84,-0.01,35,35010,卖盘
575,14:09:35,9.85,0.01,814,801790,买盘
576,14:09:25,9.84,--,41,40344,买盘
577,14:09:20,9.84,0.01,176,173184,买盘
578,14:09:10,9.83,--,30,29490,卖盘
579,14:09:05,9.83,--,12,11796,买盘
580,14:09:00,9.83,--,3,2949,买盘
581,14:08:55,9.83,0.01,85,83555,中性盘
582,14:08:50,9.82,-0.01,587,576434,卖盘
583,14:08:40,9.83,0.01,236,231988,买盘
584,14:08:35,9.82,--,11,10802,卖盘
585,14:08:30,9.82,--,1,982,卖盘
586,14:08:20,9.82,--,18,17676,卖盘
587,14:08:15,9.82,0.01,98,96776,买盘
588,14:08:10,9.81,-0.01,220,215820,卖盘
589,14:08:05,9.82,--,111,109002,买盘
590,14:08:00,9.82,0.01,120,117840,买盘
591,14:07:55,9.81,-0.01,335,328635,卖盘
592,14:07:50,9.82,--,69,68445,买盘
593,14:07:45,9.82,--,19,19050,买盘
594,14:07:40,9.82,--,77,75614,买盘
595,14:07:35,9.82,--,180,177201,卖盘
596,14:07:30,9.82,-0.01,25,24550,卖盘
597,14:07:25,9.83,0.01,78,76674,买盘
598,14:07:20,9.82,--,30,29460,卖盘
599,14:07:10,9.82,--,594,583848,买盘
600,14:07:00,9.82,--,0,0,买盘
601,14:06:55,9.82,--,751,737482,买盘
602,14:06:50,9.82,--,104,102128,买盘
603,14:06:45,9.82,0.02,30,29460,买盘
604,14:06:40,9.8,-0.02,643,630826,卖盘
605,14:06:35,9.82,--,499,490018,买盘
606,14:06:25,9.82,0.01,29,28478,买盘
607,14:06:19,9.81,-0.01,300,294300,卖盘
608,14:06:10,9.82,-0.01,537,527334,卖盘
609,14:06:05,9.83,0.01,10,9830,买盘
610,14:05:59,9.82,--,15,14730,卖盘
611,14:05:50,9.82,--,39,39103,卖盘
612,14:05:44,9.82,--,30,29460,卖盘
613,14:05:40,9.82,--,19,18932,卖盘
614,14:05:34,9.82,-0.01,97,95254,卖盘
615,14:05:29,9.83,0.01,30,29490,买盘
616,14:05:24,9.82,-0.01,213,209166,卖盘
617,14:05:19,9.83,--,5,4915,买盘
618,14:05:09,9.83,0.02,1,983,买盘
619,14:05:04,9.81,-0.02,54,52974,卖盘
620,14:04:59,9.83,0.01,154,151382,买盘
621,14:04:49,9.82,--,2,1964,卖盘
622,14:04:44,9.82,0.01,76,74632,买盘
623,14:04:34,9.81,-0.01,45,44145,卖盘
624,14:04:29,9.82,--,8,7856,买盘
625,14:04:24,9.82,--,5,4910,买盘
626,14:04:19,9.82,--,156,153192,买盘
627,14:04:14,9.82,--,15,14730,买盘
628,14:04:09,9.82,--,279,273978,卖盘
629,14:04:04,9.82,--,19,18658,卖盘
630,14:03:59,9.82,--,20,19640,卖盘
631,14:03:49,9.82,0.01,169,165958,买盘
632,14:03:44,9.81,--,17,17628,卖盘
633,14:03:34,9.81,--,14,13861,卖盘
634,14:03:24,9.81,-0.01,2,1962,卖盘
635,14:03:19,9.82,0.01,8,7856,买盘
636,14:03:14,9.81,-0.01,10,9810,卖盘
637,14:03:04,9.82,-0.01,90,88380,卖盘
638,14:02:59,9.83,0.01,122,119926,买盘
639,14:02:49,9.82,--,10,9820,卖盘
640,14:02:44,9.82,--,12,11784,卖盘
641,14:02:39,9.82,--,11,10802,卖盘
642,14:02:34,9.82,--,59,57938,买盘
643,14:02:29,9.82,--,50,49100,买盘
644,14:02:24,9.82,--,1,982,买盘
645,14:02:19,9.82,-0.01,16,15712,卖盘
646,14:02:14,9.83,0.01,472,463976,买盘
647,14:02:09,9.82,--,10,9820,卖盘
648,14:01:54,9.82,0.01,166,163110,买盘
649,14:01:44,9.81,-0.01,11,11585,卖盘
650,14:01:39,9.82,0.01,4,3928,买盘
651,14:01:34,9.81,-0.01,15,14999,中性盘
652,14:01:29,9.82,--,4,3928,买盘
653,14:01:24,9.82,0.02,20,19640,买盘
654,14:01:19,9.8,-0.02,24,23520,卖盘
655,14:01:14,9.82,--,5,4910,买盘
656,14:01:04,9.82,--,20,19640,买盘
657,14:00:59,9.82,--,25,24550,买盘
658,14:00:54,9.82,0.02,10,9820,买盘
659,14:00:39,9.8,-0.02,2,1960,中性盘
660,14:00:34,9.82,0.02,1032,1013424,买盘
661,14:00:29,9.8,0.01,20,19600,买盘
662,14:00:24,9.79,-0.01,20,19580,卖盘
663,14:00:19,9.8,--,11,10780,买盘
664,14:00:09,9.8,--,2,1960,买盘
665,13:59:59,9.8,-0.01,38,37240,卖盘
666,13:59:54,9.81,0.02,97,95157,买盘
667,13:59:49,9.79,--,0,0,卖盘
668,13:59:44,9.79,-0.01,82,80395,卖盘
669,13:59:34,9.8,--,42,42120,卖盘
670,13:59:29,9.8,--,123,120540,卖盘
671,13:59:24,9.8,--,32,31360,卖盘
672,13:59:14,9.8,0.01,327,320950,买盘
673,13:59:04,9.79,--,10,9790,卖盘
674,13:58:59,9.79,--,143,139997,卖盘
675,13:58:39,9.79,-0.01,16,15663,卖盘
676,13:58:34,9.8,0.01,34,33320,买盘
677,13:58:23,9.79,-0.01,24,23495,卖盘
678,13:58:14,9.8,0.01,83,81340,买盘
679,13:58:09,9.79,-0.01,5,4895,卖盘
680,13:58:04,9.8,--,112,110250,卖盘
681,13:57:58,9.8,--,25,24500,卖盘
682,13:57:54,9.8,--,29,28420,卖盘
683,13:57:49,9.8,--,64,62720,卖盘
684,13:57:44,9.8,0.01,73,72030,买盘
685,13:57:38,9.79,--,32,31425,卖盘
686,13:57:33,9.79,-0.01,49,47970,卖盘
687,13:57:28,9.8,0.01,11,10780,买盘
688,13:57:23,9.79,-0.01,48,46991,卖盘
689,13:57:18,9.8,0.01,1,980,买盘
690,13:57:13,9.79,-0.01,10,9790,卖盘
691,13:57:08,9.8,-0.01,7,7350,卖盘
692,13:57:03,9.81,0.01,5,4905,买盘
693,13:56:58,9.8,--,10,9800,卖盘
694,13:56:53,9.8,--,6,5880,卖盘
695,13:56:43,9.8,-0.01,39,38710,卖盘
696,13:56:38,9.81,0.01,56,54936,买盘
697,13:56:33,9.8,-0.01,5,4900,卖盘
698,13:56:28,9.81,0.02,258,253098,买盘
699,13:56:22,9.79,-0.01,194,189925,卖盘
700,13:56:18,9.8,-0.01,279,273420,卖盘
701,13:56:13,9.81,0.01,72,70632,买盘
702,13:56:07,9.8,-0.01,118,115640,卖盘
703,13:56:03,9.81,--,15,14715,买盘
704,13:55:58,9.81,0.01,12,11772,买盘
705,13:55:53,9.8,--,51,49980,卖盘
706,13:55:43,9.8,--,11,10780,卖盘
707,13:55:37,9.8,0.01,219,215266,买盘
708,13:55:33,9.79,--,2,1957,卖盘
709,13:55:28,9.79,--,42,41548,卖盘
710,13:55:22,9.79,--,66,64613,卖盘
711,13:55:18,9.79,-0.01,2,1957,卖盘
712,13:55:13,9.8,--,186,182280,买盘
713,13:55:07,9.8,--,42,42042,卖盘
714,13:55:03,9.8,-0.01,5,4900,卖盘
715,13:54:58,9.81,--,63,61803,买盘
716,13:54:52,9.81,0.01,15,14715,中性盘
717,13:54:43,9.8,--,6,5978,买盘
718,13:54:37,9.8,--,174,170520,买盘
719,13:54:32,9.8,-0.02,319,313502,卖盘
720,13:54:28,9.82,0.01,335,328970,买盘
721,13:54:22,9.81,--,131,128511,卖盘
722,13:54:18,9.81,--,7,6867,卖盘
723,13:54:13,9.81,-0.01,78,76518,卖盘
724,13:54:07,9.82,0.01,75,73650,买盘
725,13:53:58,9.81,--,16,15696,卖盘
726,13:53:43,9.81,0.01,94,92214,买盘
727,13:53:37,9.8,-0.02,12,11760,卖盘
728,13:53:33,9.82,0.02,114,112046,买盘
729,13:53:28,9.8,--,26,25480,卖盘
730,13:53:18,9.8,--,12,11760,卖盘
731,13:53:07,9.8,--,147,144060,卖盘
732,13:53:03,9.8,--,565,553700,买盘
733,13:52:58,9.8,0.01,32,31360,买盘
734,13:52:52,9.79,--,581,568799,卖盘
735,13:52:47,9.79,-0.01,10,9790,卖盘
736,13:52:43,9.8,--,10,9800,买盘
737,13:52:37,9.8,0.01,95,93100,买盘
738,13:52:32,9.79,--,29,28390,卖盘
739,13:52:28,9.79,-0.01,4,3915,卖盘
740,13:52:22,9.8,--,1,980,买盘
741,13:52:17,9.8,--,10,9800,买盘
742,13:52:13,9.8,--,18,17640,买盘
743,13:52:07,9.8,--,20,19600,买盘
744,13:52:02,9.8,--,115,112700,买盘
745,13:51:58,9.8,--,330,324174,卖盘
746,13:51:52,9.8,0.01,12,11760,中性盘
747,13:51:47,9.79,-0.01,10,9790,卖盘
748,13:51:43,9.8,--,201,196980,买盘
749,13:51:37,9.8,--,159,155878,买盘
750,13:51:32,9.8,--,69,67659,买盘
751,13:51:28,9.8,--,22,21560,买盘
752,13:51:22,9.8,--,187,183260,卖盘
753,13:51:17,9.8,-0.01,7,6860,卖盘
754,13:50:56,9.81,--,2,1962,买盘
755,13:50:52,9.81,0.02,49,48069,买盘
756,13:50:47,9.79,--,44,43477,卖盘
757,13:50:41,9.79,-0.01,3,2936,卖盘
758,13:50:37,9.8,0.01,38,37240,买盘
759,13:50:32,9.79,--,200,195799,卖盘
760,13:50:26,9.79,--,35,34265,卖盘
761,13:50:22,9.79,0.01,176,172303,买盘
762,13:50:16,9.78,-0.01,51,49878,卖盘
763,13:50:11,9.79,--,29,28390,买盘
764,13:50:01,9.79,-0.01,125,122374,卖盘
765,13:49:56,9.8,--,517,506660,买盘
766,13:49:52,9.8,--,30,29400,买盘
767,13:49:46,9.8,-0.01,381,373958,卖盘
768,13:49:41,9.81,--,2,1962,买盘
769,13:49:37,9.81,--,51,50433,买盘
770,13:49:31,9.81,--,145,142451,卖盘
771,13:49:26,9.81,--,14,13734,卖盘
772,13:49:22,9.81,-0.01,27,27163,卖盘
773,13:49:16,9.82,0.01,50,49100,买盘
774,13:49:11,9.81,--,22,21582,卖盘
775,13:49:07,9.81,--,10,9810,卖盘
776,13:49:01,9.81,-0.01,3,2943,卖盘
777,13:48:52,9.82,--,34,33388,买盘
778,13:48:46,9.82,-0.01,89,87398,卖盘
779,13:48:41,9.83,0.01,92,90436,买盘
780,13:48:37,9.82,-0.01,39,38298,卖盘
781,13:48:31,9.83,--,89,87487,买盘
782,13:48:26,9.83,--,20,19660,买盘
783,13:48:22,9.83,--,56,55048,买盘
784,13:48:16,9.83,--,249,244767,卖盘
785,13:48:11,9.83,--,42,41384,买盘
786,13:48:07,9.83,--,32,31456,买盘
787,13:48:01,9.83,--,30,29490,买盘
788,13:47:52,9.83,--,0,0,买盘
789,13:47:46,9.83,0.03,102,100266,买盘
790,13:47:37,9.8,--,0,0,卖盘
791,13:47:31,9.8,--,45,45021,卖盘
792,13:47:26,9.8,--,30,29400,卖盘
793,13:47:22,9.8,-0.01,19,18776,卖盘
794,13:47:16,9.81,0.03,8,7848,买盘
795,13:47:11,9.78,--,0,0,卖盘
796,13:47:07,9.78,-0.02,252,247248,卖盘
797,13:47:01,9.8,0.01,855,837900,买盘
798,13:46:56,9.79,--,166,162514,卖盘
799,13:46:52,9.79,0.01,1198,1172842,买盘
800,13:46:46,9.78,-0.01,75,73350,卖盘
801,13:46:41,9.79,--,27,26432,买盘
802,13:46:37,9.79,--,253,247686,买盘
803,13:46:26,9.79,0.01,20,19580,买盘
804,13:46:22,9.78,--,103,100734,买盘
805,13:46:16,9.78,0.01,32,31295,买盘
806,13:46:11,9.77,--,115,112355,卖盘
807,13:46:01,9.77,0.01,190,185630,买盘
808,13:45:56,9.76,-0.01,68,66368,卖盘
809,13:45:52,9.77,--,20,19540,买盘
810,13:45:46,9.77,0.01,22,21494,买盘
811,13:45:41,9.76,--,9,8784,买盘
812,13:45:37,9.76,0.01,15,14640,买盘
813,13:45:31,9.75,--,107,104607,卖盘
814,13:45:26,9.75,--,33,32175,卖盘
815,13:45:22,9.75,--,56,55389,买盘
816,13:45:16,9.75,--,74,72150,买盘
817,13:45:11,9.75,--,30,29250,买盘
818,13:45:07,9.75,--,39,38025,买盘
819,13:45:01,9.75,0.01,133,129675,买盘
820,13:44:56,9.74,-0.01,459,447066,卖盘
821,13:44:52,9.75,0.01,214,208650,买盘
822,13:44:46,9.74,-0.01,212,206488,卖盘
823,13:44:41,9.75,--,68,66300,买盘
824,13:44:31,9.75,--,549,535275,买盘
825,13:44:26,9.75,0.01,469,457470,买盘
826,13:44:21,9.74,--,10,9740,买盘
827,13:44:16,9.74,--,227,221098,买盘
828,13:44:11,9.74,--,75,73050,买盘
829,13:44:06,9.74,--,26,25324,买盘
830,13:44:01,9.74,-0.01,725,706929,卖盘
831,13:43:56,9.75,0.01,130,126750,买盘
832,13:43:46,9.74,--,294,286356,卖盘
833,13:43:41,9.74,-0.01,19,18506,卖盘
834,13:43:35,9.75,--,177,172575,买盘
835,13:43:26,9.75,0.01,68,67089,买盘
836,13:43:20,9.74,-0.01,146,142486,卖盘
837,13:43:16,9.75,0.01,124,120900,买盘
838,13:43:11,9.74,-0.01,19,18506,卖盘
839,13:43:05,9.75,0.01,3,2925,买盘
840,13:43:01,9.74,-0.01,12,11688,卖盘
841,13:42:55,9.75,--,49,47775,买盘
842,13:42:46,9.75,0.01,186,181350,中性盘
843,13:42:40,9.74,-0.01,41,39934,卖盘
844,13:42:35,9.75,--,28,27300,买盘
845,13:42:31,9.75,--,53,51675,买盘
846,13:42:25,9.75,--,31,30225,买盘
847,13:42:20,9.75,--,52,50700,买盘
848,13:42:10,9.75,0.01,63,61425,买盘
849,13:42:05,9.74,--,70,68277,买盘
850,13:42:01,9.74,-0.01,251,245350,卖盘
851,13:41:55,9.75,0.01,13,12675,买盘
852,13:41:50,9.74,--,0,0,卖盘
853,13:41:46,9.74,-0.01,213,207462,卖盘
854,13:41:40,9.75,--,23,22425,买盘
855,13:41:35,9.75,0.01,200,195000,买盘
856,13:41:31,9.74,--,2,1948,卖盘
857,13:41:25,9.74,-0.01,74,72173,卖盘
858,13:41:20,9.75,0.02,8,7800,买盘
859,13:41:16,9.73,-0.02,206,201313,卖盘
860,13:41:10,9.75,--,12,11953,卖盘
861,13:41:05,9.75,0.01,200,195721,买盘
862,13:41:01,9.74,-0.01,205,199670,卖盘
863,13:40:55,9.75,0.01,162,157950,买盘
864,13:40:50,9.74,-0.01,219,213306,卖盘
865,13:40:46,9.75,--,38,37050,买盘
866,13:40:40,9.75,--,205,199875,卖盘
867,13:40:35,9.75,-0.01,44,42900,卖盘
868,13:40:31,9.76,--,10,9760,买盘
869,13:40:20,9.76,0.02,20,19520,买盘
870,13:40:16,9.74,-0.01,94,91556,卖盘
871,13:40:10,9.75,--,165,160875,买盘
872,13:39:55,9.75,--,97,94575,卖盘
873,13:39:50,9.75,--,100,97500,卖盘
874,13:39:46,9.75,--,1016,990600,卖盘
875,13:39:40,9.75,-0.01,58,56550,卖盘
876,13:39:35,9.76,--,16,15616,买盘
877,13:39:31,9.76,--,16,16435,买盘
878,13:39:25,9.76,0.01,48,46848,买盘
879,13:39:20,9.75,0.01,617,601575,中性盘
880,13:39:16,9.74,-0.02,61,59667,卖盘
881,13:39:10,9.76,--,48,46848,买盘
882,13:39:05,9.76,0.02,6,5856,买盘
883,13:39:00,9.74,--,39,37986,买盘
884,13:38:55,9.74,0.01,255,248370,买盘
885,13:38:50,9.73,--,218,212114,卖盘
886,13:38:45,9.73,--,184,179032,卖盘
887,13:38:40,9.73,-0.01,42,40866,卖盘
888,13:38:35,9.74,0.01,49,47726,买盘
889,13:38:31,9.73,--,149,144977,卖盘
890,13:38:25,9.73,--,52,50596,卖盘
891,13:38:20,9.73,-0.01,41,39893,卖盘
892,13:38:10,9.74,0.01,21,20454,买盘
893,13:38:05,9.73,-0.01,31,30163,卖盘
894,13:38:00,9.74,--,15,14610,买盘
895,13:37:55,9.74,--,17,16558,买盘
896,13:37:50,9.74,0.01,56,54641,买盘
897,13:37:45,9.73,-0.01,2,1946,卖盘
898,13:37:40,9.74,--,26,25324,买盘
899,13:37:35,9.74,0.01,13,12662,买盘
900,13:37:30,9.73,--,3,2919,卖盘
901,13:37:25,9.73,-0.01,277,269569,卖盘
902,13:37:20,9.74,--,20,19480,买盘
903,13:37:15,9.74,-0.03,2525,2459350,卖盘
904,13:37:05,9.77,-0.01,37,36149,卖盘
905,13:36:55,9.78,--,9,8802,买盘
906,13:36:50,9.78,0.02,15,14669,中性盘
907,13:36:45,9.76,-0.02,207,202032,卖盘
908,13:36:40,9.78,--,10,9780,卖盘
909,13:36:25,9.78,--,63,61613,卖盘
910,13:36:20,9.78,--,11,10758,卖盘
911,13:36:10,9.78,-0.01,144,140832,卖盘
912,13:35:50,9.79,--,290,284791,卖盘
913,13:35:40,9.79,--,24,23495,卖盘
914,13:35:34,9.79,--,23,22516,卖盘
915,13:35:25,9.79,-0.01,23,23349,卖盘
916,13:35:19,9.8,0.01,51,50225,买盘
917,13:35:10,9.79,-0.01,4,3915,卖盘
918,13:34:55,9.8,0.01,36,35280,买盘
919,13:34:49,9.79,-0.01,60,58739,卖盘
920,13:34:44,9.8,--,94,92120,买盘
921,13:34:40,9.8,--,80,78400,买盘
922,13:34:25,9.8,--,64,62720,买盘
923,13:34:19,9.8,--,9,8820,买盘
924,13:34:10,9.8,--,48,47040,买盘
925,13:34:04,9.8,--,42,41454,卖盘
926,13:33:55,9.8,--,412,403760,买盘
927,13:33:49,9.8,--,63,61740,买盘
928,13:33:44,9.8,0.01,44,43120,买盘
929,13:33:40,9.79,--,13,12726,买盘
930,13:33:34,9.79,--,144,140976,中性盘
931,13:33:29,9.79,0.01,12,11747,买盘
932,13:33:25,9.78,-0.02,70,68538,卖盘
933,13:33:19,9.8,--,79,77439,买盘
934,13:33:14,9.8,--,4,3920,买盘
935,13:33:10,9.8,--,66,64680,买盘
936,13:32:59,9.8,0.02,4,3920,买盘
937,13:32:55,9.78,-0.02,209,204402,卖盘
938,13:32:49,9.8,0.02,10,9800,买盘
939,13:32:39,9.78,--,83,81174,卖盘
940,13:32:34,9.78,--,215,210270,卖盘
941,13:32:29,9.78,--,102,100342,买盘
942,13:32:24,9.78,0.01,154,150612,买盘
943,13:32:19,9.77,--,95,92815,卖盘
944,13:32:14,9.77,-0.01,111,108447,卖盘
945,13:32:10,9.78,--,1,977,买盘
946,13:32:04,9.78,--,2,1955,买盘
947,13:31:59,9.78,--,21,20538,买盘
948,13:31:54,9.78,--,1,977,买盘
949,13:31:49,9.78,-0.02,150,147091,卖盘
950,13:31:44,9.8,0.01,109,107408,买盘
951,13:31:39,9.79,0.01,5,4895,买盘
952,13:31:34,9.78,-0.01,209,204402,卖盘
953,13:31:29,9.79,--,10,9790,买盘
954,13:31:24,9.79,--,74,73327,卖盘
955,13:31:19,9.79,--,21,20950,卖盘
956,13:31:14,9.79,-0.01,34,33971,卖盘
957,13:31:09,9.8,--,5,4900,买盘
958,13:31:04,9.8,-0.01,18,17640,卖盘
959,13:30:59,9.81,0.01,50,49050,买盘
960,13:30:54,9.8,--,10,9800,买盘
961,13:30:49,9.8,--,79,77420,卖盘
962,13:30:44,9.8,-0.01,68,66640,卖盘
963,13:30:39,9.81,0.01,10,9810,买盘
964,13:30:34,9.8,-0.01,90,88200,卖盘
965,13:30:29,9.81,0.01,15,14715,买盘
966,13:30:19,9.8,-0.01,12,11760,卖盘
967,13:30:14,9.81,--,9,8829,买盘
968,13:30:09,9.81,--,203,199143,卖盘
969,13:30:04,9.81,-0.01,44,43164,卖盘
970,13:29:59,9.82,--,278,272996,买盘
971,13:29:49,9.82,-0.01,123,120786,卖盘
972,13:29:44,9.83,--,171,168977,卖盘
973,13:29:39,9.83,-0.01,28,27524,卖盘
974,13:29:34,9.84,0.01,59,58056,买盘
975,13:29:29,9.83,--,29,28507,卖盘
976,13:29:24,9.83,-0.01,11,10813,卖盘
977,13:29:19,9.84,--,10,10056,买盘
978,13:29:14,9.84,--,70,69745,买盘
979,13:29:08,9.84,-0.01,127,124968,卖盘
980,13:29:04,9.85,--,106,104410,买盘
981,13:28:58,9.85,--,114,112290,买盘
982,13:28:53,9.85,--,73,71905,买盘
983,13:28:49,9.85,--,117,115245,买盘
984,13:28:44,9.85,--,39,38415,买盘
985,13:28:38,9.85,--,83,81755,买盘
986,13:28:34,9.85,--,7,6895,买盘
987,13:28:29,9.85,--,10,9850,买盘
988,13:28:23,9.85,0.01,1,985,买盘
989,13:28:13,9.84,0.01,103,101352,买盘
990,13:27:58,9.83,0.01,39,38337,买盘
991,13:27:53,9.82,--,2,1964,卖盘
992,13:27:49,9.82,--,34,33388,买盘
993,13:27:43,9.82,--,47,46154,买盘
994,13:27:28,9.82,0.01,58,56956,买盘
995,13:27:23,9.81,--,10,9810,买盘
996,13:27:13,9.81,0.01,35,34433,买盘
997,13:27:04,9.8,--,29,28518,买盘
998,13:26:58,9.8,0.01,155,151900,买盘
999,13:26:53,9.79,--,5,4895,卖盘
1000,13:26:43,9.79,--,238,233001,买盘
1001,13:26:38,9.79,--,47,46012,买盘
1002,13:26:34,9.79,--,5,4895,买盘
1003,13:26:28,9.79,0.01,113,110626,买盘
1004,13:26:23,9.78,--,0,0,买盘
1005,13:26:19,9.78,-0.01,45,44010,中性盘
1006,13:26:13,9.79,0.03,5,4895,买盘
1007,13:26:08,9.76,--,0,0,卖盘
1008,13:26:04,9.76,--,224,219024,买盘
1009,13:25:58,9.76,--,45,43920,买盘
1010,13:25:49,9.76,--,47,45872,买盘
1011,13:25:43,9.76,-0.01,150,147034,卖盘
1012,13:25:38,9.77,--,48,46896,买盘
1013,13:25:33,9.77,--,12,11724,买盘
1014,13:25:28,9.77,0.01,306,298962,买盘
1015,13:25:23,9.76,--,2,1952,卖盘
1016,13:25:18,9.76,--,1,976,卖盘
1017,13:25:13,9.76,--,13,13029,中性盘
1018,13:25:08,9.76,--,55,54412,买盘
1019,13:25:03,9.76,--,72,70272,买盘
1020,13:24:58,9.76,-0.02,137,133712,买盘
1021,13:24:53,9.78,0.02,541,529098,买盘
1022,13:24:43,9.76,--,16,15616,买盘
1023,13:24:38,9.76,--,27,26352,买盘
1024,13:24:33,9.76,--,0,0,买盘
1025,13:24:28,9.76,0.02,410,400160,买盘
1026,13:24:23,9.74,-0.01,230,224020,卖盘
1027,13:24:18,9.75,0.01,8,7800,卖盘
1028,13:24:08,9.74,--,0,0,卖盘
1029,13:24:03,9.74,-0.02,10,9740,卖盘
1030,13:23:53,9.76,0.02,290,283040,买盘
1031,13:23:48,9.74,0.01,14,13636,买盘
1032,13:23:43,9.73,-0.01,144,140112,卖盘
1033,13:23:38,9.74,--,5,4870,买盘
1034,13:23:33,9.74,-0.01,192,187085,卖盘
1035,13:23:28,9.75,--,6,5850,卖盘
1036,13:23:23,9.75,--,39,38025,卖盘
1037,13:23:18,9.75,--,29,28275,卖盘
1038,13:23:13,9.75,--,31,31053,卖盘
1039,13:23:08,9.75,--,123,120168,卖盘
1040,13:23:03,9.75,-0.01,30,29250,卖盘
1041,13:22:58,9.76,0.01,43,41968,买盘
1042,13:22:53,9.75,--,2,1950,卖盘
1043,13:22:43,9.75,0.01,407,396825,买盘
1044,13:22:38,9.74,--,27,26298,卖盘
1045,13:22:33,9.74,0.02,1873,1825100,买盘
1046,13:22:28,9.72,--,18,17496,买盘
1047,13:22:23,9.72,--,21,20412,买盘
1048,13:22:18,9.72,--,75,73774,卖盘
1049,13:22:13,9.72,-0.01,590,573480,卖盘
1050,13:22:08,9.73,0.01,48,46704,买盘
1051,13:22:03,9.72,-0.01,1,972,卖盘
1052,13:21:58,9.73,--,208,202384,买盘
1053,13:21:53,9.73,0.01,6,5838,买盘
1054,13:21:47,9.72,-0.01,61,59292,卖盘
1055,13:21:43,9.73,--,60,58380,买盘
1056,13:21:38,9.73,--,58,56434,买盘
1057,13:21:32,9.73,--,143,139139,买盘
1058,13:21:28,9.73,--,126,122598,买盘
1059,13:21:23,9.73,--,198,192654,买盘
1060,13:21:17,9.73,0.01,69,67137,买盘
1061,13:21:13,9.72,-0.01,69,67223,卖盘
1062,13:21:08,9.73,--,70,69024,买盘
1063,13:21:02,9.73,--,21,20433,买盘
1064,13:20:58,9.73,0.01,85,82705,买盘
1065,13:20:52,9.72,-0.01,166,161352,卖盘
1066,13:20:47,9.73,--,58,56434,买盘
1067,13:20:43,9.73,--,40,38920,买盘
1068,13:20:37,9.73,--,128,124544,买盘
1069,13:20:28,9.73,--,53,51569,卖盘
1070,13:20:22,9.73,0.01,33,32109,买盘
1071,13:20:17,9.72,-0.01,34,33048,卖盘
1072,13:20:13,9.73,--,126,122598,买盘
1073,13:20:07,9.73,--,179,174167,买盘
1074,13:20:02,9.73,0.01,5,4865,买盘
1075,13:19:58,9.72,--,157,152604,卖盘
1076,13:19:52,9.72,-0.01,198,192456,卖盘
1077,13:19:42,9.73,--,71,69083,买盘
1078,13:19:37,9.73,-0.01,404,393092,卖盘
1079,13:19:32,9.74,--,10,9740,买盘
1080,13:19:28,9.74,--,24,23376,买盘
1081,13:19:22,9.74,--,138,134684,卖盘
1082,13:19:17,9.74,-0.01,332,323368,卖盘
1083,13:19:12,9.75,0.01,18,17550,买盘
1084,13:19:07,9.74,--,119,116003,卖盘
1085,13:19:02,9.74,-0.01,45,43830,卖盘
1086,13:18:57,9.75,0.01,2,1950,买盘
1087,13:18:52,9.74,--,629,612646,卖盘
1088,13:18:47,9.74,-0.01,106,103244,卖盘
1089,13:18:43,9.75,--,71,69225,买盘
1090,13:18:37,9.75,--,52,50700,买盘
1091,13:18:32,9.75,--,39,38025,卖盘
1092,13:18:27,9.75,0.01,9,8775,卖盘
1093,13:18:22,9.74,-0.01,47,45778,卖盘
1094,13:18:17,9.75,-0.01,165,160875,卖盘
1095,13:18:12,9.76,--,134,130784,买盘
1096,13:18:07,9.76,0.01,72,70272,买盘
1097,13:18:02,9.75,-0.01,93,90675,卖盘
1098,13:17:52,9.76,0.01,320,312320,中性盘
1099,13:17:47,9.75,--,515,502125,卖盘
1100,13:17:42,9.75,-0.01,880,858000,卖盘
1101,13:17:37,9.76,--,79,77104,买盘
1102,13:17:32,9.76,--,11,10736,买盘
1103,13:17:27,9.76,--,20,19520,买盘
1104,13:17:22,9.76,--,511,499614,卖盘
1105,13:17:17,9.76,--,72,70272,卖盘
1106,13:17:12,9.76,-0.01,171,166896,卖盘
1107,13:17:07,9.77,0.01,72,70812,买盘
1108,13:17:02,9.76,--,47,46477,卖盘
1109,13:16:57,9.76,--,48,46848,卖盘
1110,13:16:52,9.76,--,30,29280,卖盘
1111,13:16:47,9.76,-0.01,30,29280,卖盘
1112,13:16:42,9.77,0.01,75,73275,买盘
1113,13:16:37,9.76,-0.01,9,8784,卖盘
1114,13:16:32,9.77,0.01,36,35172,买盘
1115,13:16:22,9.76,-0.01,17,16592,卖盘
1116,13:16:17,9.77,-0.01,545,532465,买盘
1117,13:16:12,9.78,--,0,0,买盘
1118,13:16:07,9.78,--,28,27384,买盘
1119,13:16:02,9.78,--,120,117359,买盘
1120,13:15:57,9.78,--,77,75306,买盘
1121,13:15:52,9.78,--,7,6846,买盘
1122,13:15:47,9.78,--,31,30317,买盘
1123,13:15:37,9.78,0.03,24,23472,买盘
1124,13:15:32,9.75,--,11,10725,卖盘
1125,13:15:27,9.75,--,55,53625,卖盘
1126,13:15:22,9.75,--,15,14625,卖盘
1127,13:15:17,9.75,0.01,57,55575,卖盘
1128,13:15:12,9.74,--,25,24350,卖盘
1129,13:15:07,9.74,-0.01,1325,1290764,卖盘
1130,13:15:02,9.75,--,145,141765,买盘
1131,13:14:57,9.75,--,159,155025,买盘
1132,13:14:52,9.75,--,183,178425,买盘
1133,13:14:47,9.75,--,138,134550,买盘
1134,13:14:41,9.75,--,43,41925,买盘
1135,13:14:37,9.75,-0.04,4202,4097418,卖盘
1136,13:14:32,9.79,0.01,283,277057,买盘
1137,13:14:22,9.78,-0.01,10,9780,卖盘
1138,13:14:17,9.79,0.02,10,9790,买盘
1139,13:14:11,9.77,--,71,69367,卖盘
1140,13:14:07,9.77,-0.01,201,196377,卖盘
1141,13:14:02,9.78,--,253,247649,买盘
1142,13:13:56,9.78,--,10,9780,买盘
1143,13:13:52,9.78,--,146,142788,买盘
1144,13:13:46,9.78,--,25,24450,买盘
1145,13:13:37,9.78,0.02,276,269928,买盘
1146,13:13:31,9.76,-0.01,98,95648,卖盘
1147,13:13:26,9.77,--,506,494362,买盘
1148,13:13:22,9.77,--,55,53735,买盘
1149,13:13:16,9.77,--,51,49827,买盘
1150,13:13:11,9.77,--,4,3908,买盘
1151,13:13:07,9.77,0.01,12,12681,买盘
1152,13:13:01,9.76,--,36,35253,卖盘
1153,13:12:56,9.76,--,74,72224,买盘
1154,13:12:51,9.76,--,21,20496,买盘
1155,13:12:46,9.76,0.01,174,169824,买盘
1156,13:12:41,9.75,-0.01,67,65325,卖盘
1157,13:12:36,9.76,--,6,5856,买盘
1158,13:12:31,9.76,--,69,67344,卖盘
1159,13:12:26,9.76,-0.01,8,7808,卖盘
1160,13:12:21,9.77,--,11,10747,买盘
1161,13:12:16,9.77,0.01,135,131895,买盘
1162,13:12:11,9.76,--,24,23424,买盘
1163,13:12:06,9.76,--,37,36112,买盘
1164,13:12:01,9.76,--,13,12688,买盘
1165,13:11:56,9.76,--,899,877424,买盘
1166,13:11:46,9.76,--,117,114192,买盘
1167,13:11:41,9.76,--,16,15616,买盘
1168,13:11:36,9.76,0.01,3,2928,买盘
1169,13:11:26,9.75,--,216,210600,卖盘
1170,13:11:21,9.75,--,15,14625,卖盘
1171,13:11:16,9.75,--,119,116025,卖盘
1172,13:11:11,9.75,--,14,13650,卖盘
1173,13:11:06,9.75,-0.01,24,23692,卖盘
1174,13:11:01,9.76,--,169,165139,卖盘
1175,13:10:56,9.76,--,173,169628,买盘
1176,13:10:51,9.76,--,50,48800,买盘
1177,13:10:46,9.76,--,58,56608,买盘
1178,13:10:41,9.76,--,6,5856,买盘
1179,13:10:36,9.76,--,26,25376,买盘
1180,13:10:31,9.76,--,82,80032,卖盘
1181,13:10:26,9.76,--,8,7808,卖盘
1182,13:10:21,9.76,--,5,4880,卖盘
1183,13:10:16,9.76,-0.01,25,24400,卖盘
1184,13:10:11,9.77,--,110,107470,买盘
1185,13:10:06,9.77,0.01,20,19540,买盘
1186,13:10:01,9.76,-0.01,54,52704,卖盘
1187,13:09:51,9.77,0.01,104,101608,买盘
1188,13:09:46,9.76,-0.01,149,145424,中性盘
1189,13:09:41,9.77,--,873,852921,买盘
1190,13:09:31,9.77,--,11,10747,买盘
1191,13:09:26,9.77,0.01,39,38982,买盘
1192,13:09:21,9.76,-0.01,80,78080,卖盘
1193,13:09:16,9.77,0.01,44,42988,买盘
1194,13:09:06,9.76,--,19,18544,卖盘
1195,13:09:01,9.76,--,18,18290,卖盘
1196,13:08:56,9.76,-0.01,44,43295,卖盘
1197,13:08:51,9.77,--,949,927173,买盘
1198,13:08:46,9.77,--,177,172929,买盘
1199,13:08:41,9.77,--,12,11724,买盘
1200,13:08:36,9.77,--,1,977,买盘
1201,13:08:31,9.77,-0.01,52,50804,卖盘
1202,13:08:26,9.78,0.01,23,22494,买盘
1203,13:08:16,9.77,--,5,4885,卖盘
1204,13:08:11,9.77,--,42,41034,卖盘
1205,13:08:01,9.77,--,6,5862,卖盘
1206,13:07:56,9.77,--,35,34195,买盘
1207,13:07:50,9.77,--,25,24425,买盘
1208,13:07:46,9.77,--,9,8793,买盘
1209,13:07:41,9.77,--,10,9770,买盘
1210,13:07:36,9.77,--,5,4885,买盘
1211,13:07:31,9.77,--,15,14655,买盘
1212,13:07:26,9.77,-0.01,1,977,买盘
1213,13:07:20,9.78,-0.01,24,23472,买盘
1214,13:07:16,9.79,0.01,521,510940,买盘
1215,13:07:10,9.78,-0.01,7,6846,卖盘
1216,13:07:01,9.79,0.01,30,29614,买盘
1217,13:06:56,9.78,-0.02,61,60489,卖盘
1218,13:06:50,9.8,0.01,3,2940,买盘
1219,13:06:46,9.79,-0.01,194,189925,卖盘
1220,13:06:40,9.8,--,14,13720,买盘
1221,13:06:35,9.8,0.01,10,9800,买盘
1222,13:06:25,9.79,--,42,41118,卖盘
1223,13:06:20,9.79,--,13,12726,卖盘
1224,13:06:15,9.79,-0.01,29,28390,卖盘
1225,13:06:09,9.8,0.01,20,19600,买盘
1226,13:06:05,9.79,-0.02,55,53844,卖盘
1227,13:05:55,9.81,0.01,46,45126,买盘
1228,13:05:50,9.8,--,154,150920,买盘
1229,13:05:45,9.8,--,81,79380,买盘
1230,13:05:39,9.8,-0.01,783,767340,卖盘
1231,13:05:35,9.81,--,303,297243,买盘
1232,13:05:30,9.81,--,5,4905,买盘
1233,13:05:25,9.81,0.01,9,8829,买盘
1234,13:05:19,9.8,-0.01,108,105840,卖盘
1235,13:05:15,9.81,0.01,10,9810,买盘
1236,13:05:09,9.8,--,180,176400,卖盘
1237,13:05:00,9.8,--,1,980,卖盘
1238,13:04:49,9.8,--,26,25480,卖盘
1239,13:04:45,9.8,--,25,24500,卖盘
1240,13:04:40,9.8,--,99,97020,买盘
1241,13:04:35,9.8,0.01,44,43120,买盘
1242,13:04:25,9.79,-0.01,70,68530,卖盘
1243,13:04:19,9.8,-0.01,203,198940,卖盘
1244,13:04:10,9.81,0.01,24,23544,买盘
1245,13:04:05,9.8,--,52,50960,卖盘
1246,13:04:00,9.8,--,5,4900,卖盘
1247,13:03:54,9.8,--,85,83300,买盘
1248,13:03:49,9.8,--,50,49000,买盘
1249,13:03:45,9.8,0.01,10,9800,买盘
1250,13:03:40,9.79,-0.01,216,211463,卖盘
1251,13:03:34,9.8,0.01,112,109760,买盘
1252,13:03:30,9.79,--,3,2936,卖盘
1253,13:03:25,9.79,--,1,978,卖盘
1254,13:03:19,9.79,--,23,22516,买盘
1255,13:03:15,9.79,--,105,102794,买盘
1256,13:03:10,9.79,--,79,77341,买盘
1257,13:03:05,9.79,0.01,3,2936,买盘
1258,13:03:00,9.78,--,1,977,卖盘
1259,13:02:55,9.78,--,61,59657,卖盘
1260,13:02:49,9.78,0.01,129,126161,买盘
1261,13:02:45,9.77,--,25,24425,卖盘
1262,13:02:39,9.77,-0.01,24,23448,卖盘
1263,13:02:30,9.78,--,228,222983,卖盘
1264,13:02:25,9.78,-0.02,246,240587,卖盘
1265,13:02:19,9.8,--,49,48020,买盘
1266,13:02:10,9.8,--,3,2940,买盘
1267,13:02:04,9.8,0.01,70,68600,买盘
1268,13:01:55,9.79,-0.01,85,83215,卖盘
1269,13:01:49,9.8,-0.01,214,209720,买盘
1270,13:01:45,9.81,0.02,4,3924,买盘
1271,13:01:40,9.79,-0.02,242,236917,卖盘
1272,13:01:34,9.81,--,24,23544,买盘
1273,13:01:30,9.81,0.01,20,19620,中性盘
1274,13:01:25,9.8,-0.01,100,98000,卖盘
1275,13:01:19,9.81,-0.02,159,156597,卖盘
1276,13:01:10,9.83,0.03,258,253614,买盘
1277,13:00:55,9.8,0.01,38,37602,买盘
1278,13:00:49,9.79,--,410,401389,买盘
1279,13:00:44,9.79,--,41,40139,买盘
1280,13:00:39,9.79,--,100,97899,买盘
1281,13:00:34,9.79,0.01,34,33286,买盘
1282,13:00:29,9.78,0.01,32,31295,买盘
1283,13:00:25,9.77,-0.01,15,14655,卖盘
1284,13:00:19,9.78,--,140,136920,买盘
1285,13:00:13,9.78,0.03,251,245487,中性盘
1286,13:00:09,9.75,-0.02,2896,2823600,卖盘
1287,13:00:04,9.77,0.02,1184,1156768,买盘
1288,11:30:00,9.75,--,0,0,买盘
1289,11:30:00,9.75,--,0,0,买盘
1290,11:29:55,9.75,0.02,40,39000,买盘
1291,11:29:50,9.73,0.01,6,5838,卖盘
1292,11:29:45,9.72,--,10,9720,卖盘
1293,11:29:40,9.72,--,238,231336,买盘
1294,11:29:35,9.72,0.01,10,9720,买盘
1295,11:29:31,9.71,--,21,20391,卖盘
1296,11:29:25,9.71,0.02,29,28159,买盘
1297,11:29:20,9.69,0.02,10,9690,买盘
1298,11:29:10,9.67,--,302,292034,买盘
1299,11:29:05,9.67,--,24,23208,买盘
1300,11:29:00,9.67,0.01,93,89931,买盘
1301,11:28:55,9.66,0.01,10,9660,买盘
1302,11:28:50,9.65,--,423,408195,买盘
1303,11:28:45,9.65,--,116,111940,买盘
1304,11:28:40,9.65,--,1074,1036410,买盘
1305,11:28:35,9.65,--,89,85885,买盘
1306,11:28:30,9.65,0.01,339,327135,买盘
1307,11:28:25,9.64,0.01,15,14460,中性盘
1308,11:28:20,9.63,--,73,70299,卖盘
1309,11:28:15,9.63,--,121,116523,买盘
1310,11:28:10,9.63,--,800,770400,买盘
1311,11:28:05,9.63,--,226,217638,买盘
1312,11:28:00,9.63,--,34,32742,买盘
1313,11:27:55,9.63,0.01,210,202230,买盘
1314,11:27:50,9.62,-0.01,237,227993,卖盘
1315,11:27:45,9.63,--,57,54891,买盘
1316,11:27:40,9.63,-0.01,390,375570,卖盘
1317,11:27:35,9.64,--,2197,2117908,买盘
1318,11:27:30,9.64,--,187,180268,买盘
1319,11:27:25,9.64,--,105,101220,买盘
1320,11:27:20,9.64,--,797,768308,卖盘
1321,11:27:15,9.64,--,46,44344,卖盘
1322,11:27:10,9.64,--,308,296912,卖盘
1323,11:27:05,9.64,-0.01,378,364392,卖盘
1324,11:27:00,9.65,0.02,4,3860,买盘
1325,11:26:55,9.63,-0.02,448,431424,卖盘
1326,11:26:50,9.65,0.02,429,413985,买盘
1327,11:26:45,9.63,--,570,548910,卖盘
1328,11:26:40,9.63,-0.01,150,144450,卖盘
1329,11:26:35,9.64,-0.01,49,47236,卖盘
1330,11:26:30,9.65,--,38,36670,买盘
1331,11:26:25,9.65,0.01,181,174665,买盘
1332,11:26:20,9.64,-0.02,210,202440,卖盘
1333,11:26:15,9.66,0.01,158,152628,买盘
1334,11:26:10,9.65,0.02,40,38600,卖盘
1335,11:26:05,9.63,-0.02,168,161784,卖盘
1336,11:26:00,9.65,--,673,649445,买盘
1337,11:25:55,9.65,--,100,96500,买盘
1338,11:25:50,9.65,--,90,86850,买盘
1339,11:25:45,9.65,--,55,53075,买盘
1340,11:25:40,9.65,-0.04,790,762350,卖盘
1341,11:25:35,9.69,--,26,25194,买盘
1342,11:25:30,9.69,--,1021,989349,买盘
1343,11:25:25,9.69,-0.01,81,78489,卖盘
1344,11:25:20,9.7,0.01,72,69840,买盘
1345,11:25:15,9.69,-0.01,40,38760,卖盘
1346,11:25:10,9.7,--,75,72750,买盘
1347,11:25:05,9.7,-0.01,1707,1655789,卖盘
1348,11:25:00,9.71,-0.01,49,47579,卖盘
1349,11:24:55,9.72,--,408,396576,买盘
1350,11:24:50,9.72,--,162,157464,买盘
1351,11:24:45,9.72,--,102,99144,买盘
1352,11:24:40,9.72,--,56,54432,买盘
1353,11:24:35,9.72,--,938,911736,买盘
1354,11:24:30,9.72,--,43,41796,买盘
1355,11:24:25,9.72,--,174,169128,买盘
1356,11:24:20,9.72,0.01,570,554040,买盘
1357,11:24:15,9.71,-0.01,114,110694,卖盘
1358,11:24:10,9.72,--,114,110808,买盘
1359,11:24:05,9.72,--,192,186624,买盘
1360,11:24:00,9.72,--,62,60264,买盘
1361,11:23:55,9.72,0.01,52,50544,买盘
1362,11:23:50,9.71,-0.04,1588,1541948,卖盘
1363,11:23:44,9.75,--,72,70200,卖盘
1364,11:23:40,9.75,0.02,128,125229,买盘
1365,11:23:35,9.73,--,742,722384,卖盘
1366,11:23:29,9.73,-0.01,27,26271,卖盘
1367,11:23:24,9.74,--,6,5844,卖盘
1368,11:23:20,9.74,0.01,28,27272,卖盘
1369,11:23:15,9.73,--,85,82705,卖盘
1370,11:23:09,9.73,--,41,39893,卖盘
1371,11:23:05,9.73,-0.01,33,32109,卖盘
1372,11:22:59,9.74,--,26,25324,买盘
1373,11:22:54,9.74,--,108,105192,卖盘
1374,11:22:49,9.74,--,77,74998,卖盘
1375,11:22:44,9.74,0.01,180,175875,买盘
1376,11:22:39,9.73,--,25,24325,买盘
1377,11:22:34,9.73,--,167,162491,卖盘
1378,11:22:28,9.73,--,374,364787,卖盘
1379,11:22:24,9.73,--,121,117733,卖盘
1380,11:22:19,9.73,--,7,6811,卖盘
1381,11:22:13,9.73,--,102,99246,卖盘
1382,11:22:09,9.73,-0.01,100,97300,卖盘
1383,11:22:04,9.74,--,16,15584,买盘
1384,11:21:58,9.74,--,38,37012,买盘
1385,11:21:54,9.74,--,32,31168,买盘
1386,11:21:49,9.74,--,233,227029,卖盘
1387,11:21:43,9.74,-0.01,643,627168,卖盘
1388,11:21:38,9.75,0.01,8,7800,买盘
1389,11:21:34,9.74,0.02,549,534726,买盘
1390,11:21:28,9.72,-0.02,1197,1163484,卖盘
1391,11:21:24,9.74,--,21,20454,买盘
1392,11:21:19,9.74,0.01,50,48700,买盘
1393,11:21:13,9.73,-0.02,412,400876,卖盘
1394,11:21:09,9.75,0.01,15,14625,买盘
1395,11:21:04,9.74,--,129,125646,卖盘
1396,11:20:58,9.74,-0.01,278,270772,卖盘
1397,11:20:54,9.75,--,47,45825,买盘
1398,11:20:49,9.75,--,58,56550,买盘
1399,11:20:43,9.75,-0.01,120,117000,卖盘
1400,11:20:39,9.76,--,15,14640,买盘
1401,11:20:34,9.76,--,1079,1053104,买盘
1402,11:20:28,9.76,--,578,564128,卖盘
1403,11:20:19,9.76,-0.01,201,196176,卖盘
1404,11:20:13,9.77,--,16,15632,买盘
1405,11:20:04,9.77,--,79,77183,卖盘
1406,11:19:58,9.77,--,127,124079,卖盘
1407,11:19:53,9.77,--,2,1954,卖盘
1408,11:19:49,9.77,--,81,79137,卖盘
1409,11:19:43,9.77,--,99,96723,卖盘
1410,11:19:39,9.77,--,6,5862,卖盘
1411,11:19:34,9.77,--,135,131895,买盘
1412,11:19:28,9.77,--,60,58620,买盘
1413,11:19:23,9.77,--,20,19540,买盘
1414,11:19:19,9.77,--,124,121148,买盘
1415,11:19:13,9.77,-0.01,117,114309,卖盘
1416,11:19:04,9.78,0.01,96,93888,买盘
1417,11:18:58,9.77,--,6,5862,卖盘
1418,11:18:53,9.77,--,71,69367,卖盘
1419,11:18:49,9.77,--,88,85976,卖盘
1420,11:18:43,9.77,--,71,69367,卖盘
1421,11:18:38,9.77,--,3,2931,卖盘
1422,11:18:34,9.77,-0.01,21,20517,卖盘
1423,11:18:28,9.78,--,24,23472,买盘
1424,11:18:19,9.78,--,239,233741,卖盘
1425,11:18:13,9.78,-0.01,19,18582,卖盘
1426,11:18:08,9.79,--,551,539429,买盘
1427,11:18:04,9.79,--,4,3915,买盘
1428,11:17:58,9.79,--,33,32306,买盘
1429,11:17:53,9.79,--,1,978,买盘
1430,11:17:49,9.79,--,57,55802,买盘
1431,11:17:43,9.79,-0.01,328,321112,卖盘
1432,11:17:38,9.8,--,14,13720,买盘
1433,11:17:34,9.8,--,16,15680,买盘
1434,11:17:28,9.8,--,86,84280,买盘
1435,11:17:23,9.8,--,150,147000,买盘
1436,11:17:19,9.8,--,7,6860,买盘
1437,11:17:13,9.8,-0.01,1887,1849260,卖盘
1438,11:17:08,9.81,-0.01,5,4905,卖盘
1439,11:17:04,9.82,--,30,29460,买盘
1440,11:16:58,9.82,--,14,13748,买盘
1441,11:16:53,9.82,--,7,6874,买盘
1442,11:16:49,9.82,--,56,54992,买盘
1443,11:16:43,9.82,--,50,49100,买盘
1444,11:16:28,9.82,0.02,3,2946,买盘
1445,11:16:19,9.8,--,410,401800,买盘
1446,11:16:13,9.8,--,71,69580,买盘
1447,11:16:08,9.8,--,94,92120,买盘
1448,11:16:02,9.8,--,5,4900,买盘
1449,11:15:58,9.8,--,40,39200,买盘
1450,11:15:53,9.8,--,389,381220,卖盘
1451,11:15:47,9.8,--,1,980,卖盘
1452,11:15:43,9.8,-0.02,190,186200,卖盘
1453,11:15:38,9.82,0.02,9,8838,买盘
1454,11:15:32,9.8,--,22,21560,卖盘
1455,11:15:28,9.8,--,12,11760,卖盘
1456,11:15:23,9.8,--,542,531160,买盘
1457,11:15:13,9.8,--,29,28420,买盘
1458,11:15:08,9.8,--,361,353780,买盘
1459,11:14:58,9.8,0.01,1,980,买盘
1460,11:14:52,9.79,--,3,2936,卖盘
1461,11:14:43,9.79,-0.01,20,19580,买盘
1462,11:14:37,9.8,0.02,117,114660,买盘
1463,11:14:32,9.78,-0.01,30,29339,卖盘
1464,11:14:28,9.79,-0.01,18,17622,卖盘
1465,11:14:22,9.8,0.01,71,69580,买盘
1466,11:14:17,9.79,-0.01,135,132165,卖盘
1467,11:14:13,9.8,--,16,15680,买盘
1468,11:14:07,9.8,--,44,43120,买盘
1469,11:13:52,9.8,0.01,10,9800,买盘
1470,11:13:47,9.79,-0.01,2,1957,卖盘
1471,11:13:43,9.8,0.01,85,83300,买盘
1472,11:13:37,9.79,--,11,10768,卖盘
1473,11:13:32,9.79,--,77,75383,卖盘
1474,11:13:28,9.79,--,23,22516,卖盘
1475,11:13:13,9.79,--,1,978,买盘
1476,11:13:07,9.79,0.01,110,107689,买盘
1477,11:13:02,9.78,-0.01,19,18582,卖盘
1478,11:12:58,9.79,0.01,44,43075,卖盘
1479,11:12:47,9.78,--,0,0,卖盘
1480,11:12:43,9.78,-0.01,134,131051,卖盘
1481,11:12:37,9.79,--,17,16643,买盘
1482,11:12:32,9.79,0.01,16,15663,买盘
1483,11:12:28,9.78,--,81,79218,卖盘
1484,11:12:22,9.78,--,2,1955,卖盘
1485,11:12:17,9.78,--,25,24450,卖盘
1486,11:12:13,9.78,-0.01,10,9780,卖盘
1487,11:12:07,9.79,0.01,45,44054,买盘
1488,11:12:02,9.78,-0.01,39,38142,卖盘
1489,11:11:58,9.79,--,65,63634,买盘
1490,11:11:52,9.79,0.01,99,96920,买盘
1491,11:11:47,9.78,-0.02,59,57701,卖盘
1492,11:11:43,9.8,0.02,68,66640,买盘
1493,11:11:37,9.78,--,109,106602,卖盘
1494,11:11:28,9.78,-0.02,101,98778,卖盘
1495,11:11:22,9.8,--,6,5880,买盘
1496,11:11:17,9.8,--,12,11760,买盘
1497,11:11:13,9.8,--,20,19600,买盘
1498,11:11:07,9.8,-0.02,90,88200,卖盘
1499,11:10:58,9.82,0.04,94,92474,买盘
1500,11:10:52,9.78,0.01,114,111491,买盘
1501,11:10:47,9.77,-0.01,245,240175,卖盘
1502,11:10:43,9.78,--,1220,1193160,卖盘
1503,11:10:37,9.78,--,39,38308,买盘
1504,11:10:32,9.78,--,16,15647,买盘
1505,11:10:28,9.78,--,112,110347,卖盘
1506,11:10:22,9.78,-0.01,22,21516,卖盘
1507,11:10:17,9.79,0.01,288,281952,买盘
1508,11:10:13,9.78,-0.01,59,57701,卖盘
1509,11:10:07,9.79,--,1085,1062215,买盘
1510,11:10:02,9.79,--,41,40139,买盘
1511,11:09:58,9.79,0.01,190,186009,中性盘
1512,11:09:52,9.78,-0.02,296,289488,卖盘
1513,11:09:47,9.8,--,113,110740,买盘
1514,11:09:43,9.8,--,676,662568,卖盘
1515,11:09:37,9.8,--,9,8820,卖盘
1516,11:09:32,9.8,--,126,124371,买盘
1517,11:09:28,9.8,--,69,67620,买盘
1518,11:09:22,9.8,--,63,61740,买盘
1519,11:09:12,9.8,0.02,14,13720,买盘
1520,11:09:07,9.78,-0.01,277,270906,卖盘
1521,11:09:02,9.79,0.01,756,740290,买盘
1522,11:08:57,9.78,--,51,49878,买盘
1523,11:08:52,9.78,--,67,65525,买盘
1524,11:08:47,9.78,0.01,507,495845,买盘
1525,11:08:42,9.77,-0.01,15,14655,中性盘
1526,11:08:37,9.78,--,83,81174,买盘
1527,11:08:32,9.78,--,904,884112,买盘
1528,11:08:26,9.78,--,29,28361,买盘
1529,11:08:22,9.78,--,2,1955,买盘
1530,11:08:17,9.78,0.01,70,68460,买盘
1531,11:08:07,9.77,--,43,42011,卖盘
1532,11:08:02,9.77,0.01,182,177814,买盘
1533,11:07:56,9.76,-0.01,94,91744,卖盘
1534,11:07:52,9.77,0.01,242,236434,买盘
1535,11:07:47,9.76,--,55,53680,卖盘
1536,11:07:41,9.76,--,13,12688,卖盘
1537,11:07:37,9.76,0.01,529,516304,买盘
1538,11:07:32,9.75,--,93,90675,卖盘
1539,11:07:26,9.75,-0.01,15,14625,卖盘
1540,11:07:22,9.76,0.01,225,219600,中性盘
1541,11:07:16,9.75,-0.02,68,66300,卖盘
1542,11:07:11,9.77,--,0,0,买盘
1543,11:07:07,9.77,0.04,625,610625,买盘
1544,11:07:01,9.73,-0.01,619,602287,卖盘
1545,11:06:56,9.74,-0.03,568,553232,卖盘
1546,11:06:52,9.77,0.02,103,100631,买盘
1547,11:06:46,9.75,--,102,99450,买盘
1548,11:06:41,9.75,--,40,39000,买盘
1549,11:06:37,9.75,-0.02,859,837525,卖盘
1550,11:06:31,9.77,--,154,150458,买盘
1551,11:06:26,9.77,--,12,11724,买盘
1552,11:06:22,9.77,--,118,115286,买盘
1553,11:06:16,9.77,--,12,11724,买盘
1554,11:06:11,9.77,--,21,20517,买盘
1555,11:06:07,9.77,--,1830,1787910,卖盘
1556,11:06:01,9.77,-0.01,130,127010,卖盘
1557,11:05:56,9.78,--,61,59657,买盘
1558,11:05:52,9.78,--,47,45966,卖盘
1559,11:05:46,9.78,-0.01,2,1955,卖盘
1560,11:05:37,9.79,0.02,50,48949,买盘
1561,11:05:31,9.77,-0.03,46,44942,卖盘
1562,11:05:22,9.8,--,32,31360,买盘
1563,11:05:16,9.8,0.02,6,5880,买盘
1564,11:05:11,9.78,-0.02,510,498868,卖盘
1565,11:05:07,9.8,--,194,190972,买盘
1566,11:05:01,9.8,--,341,334219,买盘
1567,11:04:56,9.8,--,32,31487,卖盘
1568,11:04:52,9.8,-0.03,211,206780,卖盘
1569,11:04:46,9.83,--,65,63895,买盘
1570,11:04:41,9.83,--,0,0,买盘
1571,11:04:37,9.83,--,401,394183,买盘
1572,11:04:31,9.83,--,34,33422,买盘
1573,11:04:26,9.83,--,5,4915,买盘
1574,11:04:22,9.83,--,3,2949,买盘
1575,11:04:16,9.83,--,1226,1205158,买盘
1576,11:04:11,9.83,-0.01,381,374523,卖盘
1577,11:04:07,9.84,-0.01,61,60024,卖盘
1578,11:04:01,9.85,0.01,7,6895,买盘
1579,11:03:56,9.84,-0.01,20,19680,卖盘
1580,11:03:52,9.85,--,70,68950,买盘
1581,11:03:46,9.85,--,40,39400,买盘
1582,11:03:41,9.85,--,23,22655,买盘
1583,11:03:37,9.85,--,16,15760,买盘
1584,11:03:31,9.85,0.01,196,193060,买盘
1585,11:03:26,9.84,-0.01,13,12792,卖盘
1586,11:03:22,9.85,0.01,206,202910,卖盘
1587,11:03:16,9.84,-0.01,309,304056,卖盘
1588,11:03:11,9.85,0.01,11,10835,买盘
1589,11:03:07,9.84,--,26,25584,卖盘
1590,11:02:52,9.84,0.01,2,1968,买盘
1591,11:02:46,9.83,-0.01,53,52099,卖盘
1592,11:02:41,9.84,--,22,21648,买盘
1593,11:02:36,9.84,0.01,6,5904,买盘
1594,11:02:31,9.83,0.01,20,19660,卖盘
1595,11:02:21,9.82,--,42,41244,卖盘
1596,11:02:16,9.82,--,189,185598,卖盘
1597,11:02:11,9.82,--,70,68740,卖盘
1598,11:02:06,9.82,--,144,142262,卖盘
1599,11:02:01,9.82,--,13,12766,卖盘
1600,11:01:56,9.82,--,177,173814,买盘
1601,11:01:51,9.82,--,80,78560,买盘
1602,11:01:46,9.82,--,21,20622,买盘
1603,11:01:41,9.82,--,40,39280,买盘
1604,11:01:36,9.82,-0.02,243,238626,卖盘
1605,11:01:31,9.84,--,0,0,买盘
1606,11:01:26,9.84,0.02,59,58056,买盘
1607,11:01:21,9.82,-0.02,39,38298,卖盘
1608,11:01:11,9.84,--,26,25584,买盘
1609,11:01:01,9.84,--,1,984,买盘
1610,11:00:56,9.84,-0.02,79,77736,卖盘
1611,11:00:50,9.86,0.01,32,31552,买盘
1612,11:00:46,9.85,-0.01,13,12805,卖盘
1613,11:00:41,9.86,--,5,4930,买盘
1614,11:00:35,9.86,--,969,955434,买盘
1615,11:00:31,9.86,--,19,18734,买盘
1616,11:00:26,9.86,-0.01,53,52258,买盘
1617,11:00:20,9.87,-0.01,0,128,卖盘
1618,11:00:16,9.88,0.02,14,14691,买盘
1619,11:00:11,9.86,--,1,1114,卖盘
1620,11:00:05,9.86,--,200,197200,卖盘
1621,11:00:01,9.86,--,95,93670,卖盘
1622,10:59:56,9.86,0.01,234,231581,买盘
1623,10:59:50,9.85,-0.01,38,37430,卖盘
1624,10:59:46,9.86,--,18,17748,买盘
1625,10:59:41,9.86,-0.01,10,9988,卖盘
1626,10:59:35,9.87,0.01,299,295971,买盘
1627,10:59:31,9.86,-0.01,80,79008,卖盘
1628,10:59:26,9.87,0.01,45,44415,买盘
1629,10:59:20,9.86,-0.01,20,19720,卖盘
1630,10:59:16,9.87,--,53,52310,卖盘
1631,10:59:10,9.87,--,5,4935,卖盘
1632,10:59:01,9.87,-0.02,51,50336,卖盘
1633,10:58:55,9.89,0.02,3,2967,买盘
1634,10:58:50,9.87,--,7,6908,卖盘
1635,10:58:46,9.87,--,49,48362,卖盘
1636,10:58:40,9.87,-0.02,813,802430,卖盘
1637,10:58:35,9.89,-0.01,17,16813,卖盘
1638,10:58:31,9.9,--,28,27720,买盘
1639,10:58:25,9.9,--,54,53460,买盘
1640,10:58:20,9.9,--,11,10890,买盘
1641,10:58:16,9.9,--,20,19800,买盘
1642,10:58:10,9.9,--,49,48510,买盘
1643,10:58:05,9.9,--,20,19800,买盘
1644,10:58:01,9.9,-0.01,44,43560,卖盘
1645,10:57:55,9.91,--,39,38649,卖盘
1646,10:57:50,9.91,0.01,21,20811,买盘
1647,10:57:46,9.9,--,250,247500,卖盘
1648,10:57:40,9.9,--,20,19800,卖盘
1649,10:57:31,9.9,0.01,75,74250,买盘
1650,10:57:25,9.89,0.01,1,989,卖盘
1651,10:57:20,9.88,--,0,0,卖盘
1652,10:57:16,9.88,-0.02,175,172900,卖盘
1653,10:57:10,9.9,0.02,26,25740,买盘
1654,10:57:05,9.88,--,2,1976,卖盘
1655,10:57:01,9.88,-0.02,8,7904,卖盘
1656,10:56:55,9.9,0.02,100,99000,买盘
1657,10:56:46,9.88,--,28,27664,卖盘
1658,10:56:40,9.88,-0.01,1,988,卖盘
1659,10:56:35,9.89,0.01,100,98900,买盘
1660,10:56:31,9.88,0.01,45,44460,买盘
1661,10:56:25,9.87,-0.01,86,84882,卖盘
1662,10:56:20,9.88,0.01,15,14820,买盘
1663,10:56:16,9.87,--,2,1973,卖盘
1664,10:56:10,9.87,--,29,28622,卖盘
1665,10:56:00,9.87,--,30,29609,卖盘
1666,10:55:50,9.87,-0.01,10,9870,卖盘
1667,10:55:45,9.88,0.01,476,470712,买盘
1668,10:55:40,9.87,--,57,56258,买盘
1669,10:55:35,9.87,--,89,87843,买盘
1670,10:55:30,9.87,--,12,11843,买盘
1671,10:55:25,9.87,-0.01,199,196975,卖盘
1672,10:55:20,9.88,--,34,34016,买盘
1673,10:55:15,9.88,0.01,12,11856,买盘
1674,10:55:10,9.87,--,88,86856,买盘
1675,10:55:05,9.87,--,46,45402,买盘
1676,10:55:00,9.87,--,14,13817,买盘
1677,10:54:55,9.87,0.01,37,36519,买盘
1678,10:54:40,9.86,--,38,37901,买盘
1679,10:54:35,9.86,--,138,136068,买盘
1680,10:54:30,9.86,0.01,149,146914,买盘
1681,10:54:25,9.85,-0.01,3,2955,卖盘
1682,10:54:20,9.86,--,8,7888,买盘
1683,10:54:15,9.86,0.01,202,199172,买盘
1684,10:54:05,9.85,--,235,231475,买盘
1685,10:54:00,9.85,0.01,157,154645,买盘
1686,10:53:55,9.84,-0.01,13,12792,卖盘
1687,10:53:50,9.85,--,26,25610,买盘
1688,10:53:40,9.85,--,30,29550,买盘
1689,10:53:35,9.85,0.03,99,97515,买盘
1690,10:53:30,9.82,-0.02,106,104092,卖盘
1691,10:53:25,9.84,0.02,30,29520,中性盘
1692,10:53:20,9.82,-0.02,1243,1220626,卖盘
1693,10:53:10,9.84,0.01,147,144648,买盘
1694,10:53:05,9.83,--,132,129756,卖盘
1695,10:53:00,9.83,--,5,4915,卖盘
1696,10:52:55,9.83,--,15,14745,买盘
1697,10:52:50,9.83,0.01,38,37354,买盘
1698,10:52:44,9.82,-0.01,266,261212,卖盘
1699,10:52:40,9.83,--,119,116977,买盘
1700,10:52:35,9.83,--,2,1966,买盘
1701,10:52:29,9.83,0.01,31,30473,买盘
1702,10:52:25,9.82,--,46,45172,买盘
1703,10:52:20,9.82,--,124,121768,买盘
1704,10:52:14,9.82,--,28,27496,买盘
1705,10:52:10,9.82,--,80,78560,卖盘
1706,10:52:05,9.82,--,157,154174,卖盘
1707,10:51:59,9.82,--,7,6874,卖盘
1708,10:51:55,9.82,--,878,862196,买盘
1709,10:51:50,9.82,0.01,52,51064,买盘
1710,10:51:44,9.81,-0.01,26,25506,卖盘
1711,10:51:40,9.82,0.01,44,43208,中性盘
1712,10:51:35,9.81,-0.01,150,147150,卖盘
1713,10:51:29,9.82,0.01,176,172832,买盘
1714,10:51:25,9.81,-0.01,46,45126,卖盘
1715,10:51:19,9.82,0.02,129,126678,买盘
1716,10:51:14,9.8,--,36,35280,卖盘
1717,10:51:10,9.8,--,25,24500,卖盘
1718,10:51:04,9.8,--,136,133280,卖盘
1719,10:50:59,9.8,--,18,17640,卖盘
1720,10:50:55,9.8,0.02,95,93100,买盘
1721,10:50:49,9.78,--,38,37164,卖盘
1722,10:50:44,9.78,--,4,3911,卖盘
1723,10:50:40,9.78,--,429,419562,买盘
1724,10:50:34,9.78,--,51,49878,买盘
1725,10:50:29,9.78,0.01,22,21516,买盘
1726,10:50:25,9.77,0.01,94,91838,买盘
1727,10:50:19,9.76,-0.01,107,104432,卖盘
1728,10:50:14,9.77,--,118,115286,买盘
1729,10:50:10,9.77,0.01,130,127010,买盘
1730,10:50:04,9.76,--,11,10736,卖盘
1731,10:49:59,9.76,-0.01,51,49776,卖盘
1732,10:49:55,9.77,--,1001,977977,卖盘
1733,10:49:49,9.77,-0.01,114,111378,卖盘
1734,10:49:44,9.78,--,41,40098,买盘
1735,10:49:40,9.78,-0.01,191,186798,卖盘
1736,10:49:34,9.79,-0.01,55,53844,卖盘
1737,10:49:29,9.8,--,5,4900,买盘
1738,10:49:25,9.8,-0.03,1934,1895320,卖盘
1739,10:49:19,9.83,--,70,68810,买盘
1740,10:49:14,9.83,--,71,69793,卖盘
1741,10:49:10,9.83,--,2,1966,卖盘
1742,10:49:04,9.83,-0.01,256,251648,卖盘
1743,10:48:59,9.84,--,5,4920,买盘
1744,10:48:54,9.84,--,130,127920,卖盘
1745,10:48:49,9.84,-0.01,130,127920,卖盘
1746,10:48:44,9.85,--,8,7880,买盘
1747,10:48:39,9.85,--,22,21670,买盘
1748,10:48:34,9.85,--,34,33490,卖盘
1749,10:48:29,9.85,--,35,34475,卖盘
1750,10:48:24,9.85,-0.01,21,20685,卖盘
1751,10:48:19,9.86,0.01,76,74936,买盘
1752,10:48:14,9.85,-0.01,295,290575,卖盘
1753,10:48:04,9.86,--,4,3944,买盘
1754,10:47:59,9.86,--,55,54230,买盘
1755,10:47:54,9.86,--,288,283968,卖盘
1756,10:47:49,9.86,--,100,98600,卖盘
1757,10:47:44,9.86,--,56,55216,卖盘
1758,10:47:39,9.86,-0.01,40,39440,卖盘
1759,10:47:34,9.87,-0.01,102,100673,卖盘
1760,10:47:29,9.88,--,346,341848,买盘
1761,10:47:24,9.88,0.01,22,21736,买盘
1762,10:47:19,9.87,--,168,165816,卖盘
1763,10:47:14,9.87,-0.01,20,19740,卖盘
1764,10:47:04,9.88,0.01,18,17784,中性盘
1765,10:46:59,9.87,-0.02,10,9870,卖盘
1766,10:46:54,9.89,--,42,41538,买盘
1767,10:46:49,9.89,--,17,16813,买盘
1768,10:46:44,9.89,0.02,11,10879,买盘
1769,10:46:39,9.87,--,364,359268,卖盘
1770,10:46:34,9.87,-0.02,260,256619,卖盘
1771,10:46:29,9.89,--,257,254173,卖盘
1772,10:46:14,9.89,--,8,7912,卖盘
1773,10:46:04,9.89,0.01,109,107801,买盘
1774,10:45:59,9.88,--,23,22724,卖盘
1775,10:45:54,9.88,-0.01,270,266760,卖盘
1776,10:45:49,9.89,--,29,28681,买盘
1777,10:45:44,9.89,--,8,7912,买盘
1778,10:45:39,9.89,--,17,16813,买盘
1779,10:45:34,9.89,--,24,23736,买盘
1780,10:45:29,9.89,0.01,7,6923,买盘
1781,10:45:23,9.88,--,30,29640,卖盘
1782,10:45:19,9.88,--,280,276640,卖盘
1783,10:45:14,9.88,-0.01,205,202540,卖盘
1784,10:45:09,9.89,--,253,250217,买盘
1785,10:45:04,9.89,--,61,60329,买盘
1786,10:44:59,9.89,--,157,155273,买盘
1787,10:44:53,9.89,-0.01,184,181976,卖盘
1788,10:44:49,9.9,0.01,52,51480,买盘
1789,10:44:44,9.89,--,47,46483,卖盘
1790,10:44:38,9.89,--,4,3956,卖盘
1791,10:44:34,9.89,--,7,6923,卖盘
1792,10:44:29,9.89,0.01,6,5934,中性盘
1793,10:44:23,9.88,--,22,21736,卖盘
1794,10:44:19,9.88,-0.01,238,235144,卖盘
1795,10:44:14,9.89,--,51,50439,买盘
1796,10:44:08,9.89,--,2,1978,买盘
1797,10:44:04,9.89,--,3,2967,买盘
1798,10:43:59,9.89,0.01,263,260107,买盘
1799,10:43:53,9.88,-0.01,7,6916,卖盘
1800,10:43:49,9.89,--,393,388677,卖盘
1801,10:43:44,9.89,-0.01,610,603290,卖盘
1802,10:43:34,9.9,--,21,20790,买盘
1803,10:43:28,9.9,--,82,81180,买盘
1804,10:43:23,9.9,0.01,11,10890,买盘
1805,10:43:19,9.89,-0.01,436,431204,卖盘
1806,10:43:13,9.9,--,22,21780,买盘
1807,10:43:08,9.9,--,20,19800,买盘
1808,10:43:04,9.9,--,326,322740,买盘
1809,10:42:58,9.9,--,31,30690,卖盘
1810,10:42:53,9.9,0.01,4,3960,卖盘
1811,10:42:48,9.89,-0.02,230,227470,卖盘
1812,10:42:43,9.91,0.02,108,107028,买盘
1813,10:42:38,9.89,--,142,140438,卖盘
1814,10:42:34,9.89,--,25,24725,卖盘
1815,10:42:28,9.89,0.01,16,15824,买盘
1816,10:42:23,9.88,-0.02,9,8892,卖盘
1817,10:42:19,9.9,0.02,533,527986,买盘
1818,10:42:13,9.88,--,112,110656,买盘
1819,10:42:08,9.88,0.01,113,111644,买盘
1820,10:42:04,9.87,--,68,67116,卖盘
1821,10:41:58,9.87,-0.01,2,1973,卖盘
1822,10:41:53,9.88,0.01,51,50388,买盘
1823,10:41:49,9.87,--,69,68103,买盘
1824,10:41:43,9.87,0.01,84,82908,买盘
1825,10:41:38,9.86,--,23,22678,卖盘
1826,10:41:33,9.86,--,11,10846,买盘
1827,10:41:28,9.86,0.01,139,137054,买盘
1828,10:41:23,9.85,--,269,264965,卖盘
1829,10:41:18,9.85,--,70,68950,卖盘
1830,10:41:13,9.85,-0.01,72,70920,卖盘
1831,10:41:08,9.86,--,384,378624,买盘
1832,10:41:03,9.86,--,20,19720,卖盘
1833,10:40:58,9.86,-0.01,150,147900,卖盘
1834,10:40:53,9.87,--,22,21714,买盘
1835,10:40:48,9.87,--,41,41138,卖盘
1836,10:40:43,9.87,--,52,51323,卖盘
1837,10:40:38,9.87,--,53,52310,卖盘
1838,10:40:33,9.87,-0.01,28,27635,卖盘
1839,10:40:28,9.88,0.01,89,87932,买盘
1840,10:40:23,9.87,-0.01,92,91119,卖盘
1841,10:40:18,9.88,0.01,5,4940,买盘
1842,10:40:13,9.87,-0.02,385,379994,卖盘
1843,10:40:08,9.89,0.01,39,38571,买盘
1844,10:40:03,9.88,-0.01,11,10868,卖盘
1845,10:39:58,9.89,--,48,47472,卖盘
1846,10:39:53,9.89,-0.01,49,48461,卖盘
1847,10:39:48,9.9,0.01,6,5940,买盘
1848,10:39:43,9.89,-0.02,467,461863,卖盘
1849,10:39:38,9.91,--,92,91172,买盘
1850,10:39:33,9.91,--,17,16847,买盘
1851,10:39:28,9.91,--,99,98109,卖盘
1852,10:39:23,9.91,-0.01,14,13874,卖盘
1853,10:39:18,9.92,0.01,10,9920,卖盘
1854,10:39:13,9.91,-0.01,58,57478,卖盘
1855,10:39:08,9.92,0.01,145,143840,买盘
1856,10:39:03,9.91,-0.01,8,7928,卖盘
1857,10:38:58,9.92,0.01,187,185504,买盘
1858,10:38:53,9.91,--,18,17838,卖盘
1859,10:38:48,9.91,--,15,14865,卖盘
1860,10:38:43,9.91,-0.01,10,9910,卖盘
1861,10:38:38,9.92,-0.01,6,5952,中性盘
1862,10:38:33,9.93,0.01,91,90363,买盘
1863,10:38:28,9.92,--,85,84320,卖盘
1864,10:38:23,9.92,--,186,184512,卖盘
1865,10:38:18,9.92,0.01,8,7936,中性盘
1866,10:38:13,9.91,-0.02,300,297300,卖盘
1867,10:38:08,9.93,--,72,71496,买盘
1868,10:38:03,9.93,0.02,27,26811,买盘
1869,10:37:58,9.91,-0.02,262,259642,卖盘
1870,10:37:53,9.93,0.01,220,218460,买盘
1871,10:37:47,9.92,-0.01,130,128960,卖盘
1872,10:37:38,9.93,--,61,60573,卖盘
1873,10:37:33,9.93,--,27,26811,卖盘
1874,10:37:28,9.93,0.02,31,30783,中性盘
1875,10:37:23,9.91,-0.01,158,156578,卖盘
1876,10:37:18,9.92,-0.01,45,44640,卖盘
1877,10:37:13,9.93,0.02,21,20853,中性盘
1878,10:37:08,9.91,-0.01,90,89190,卖盘
1879,10:37:02,9.92,0.01,5,4960,卖盘
1880,10:36:58,9.91,-0.01,1023,1013793,卖盘
1881,10:36:52,9.92,--,141,139872,买盘
1882,10:36:47,9.92,--,123,122016,买盘
1883,10:36:43,9.92,--,3,2976,买盘
1884,10:36:38,9.92,--,64,63488,买盘
1885,10:36:32,9.92,--,272,269824,买盘
1886,10:36:28,9.92,--,12,11904,买盘
1887,10:36:22,9.92,--,302,299584,卖盘
1888,10:36:17,9.92,-0.01,115,114080,卖盘
1889,10:36:13,9.93,0.01,157,155901,买盘
1890,10:36:08,9.92,--,37,36704,卖盘
1891,10:36:02,9.92,-0.02,296,293632,卖盘
1892,10:35:58,9.94,0.01,193,191842,买盘
1893,10:35:52,9.93,--,132,131076,买盘
1894,10:35:47,9.93,0.01,2,1986,买盘
1895,10:35:43,9.92,-0.01,49,48608,卖盘
1896,10:35:37,9.93,--,43,42699,买盘
1897,10:35:27,9.93,-0.02,133,132069,中性盘
1898,10:35:22,9.95,0.02,92,91540,买盘
1899,10:35:17,9.93,0.02,57,56601,中性盘
1900,10:35:12,9.91,--,0,0,卖盘
1901,10:35:07,9.91,-0.04,632,626312,卖盘
1902,10:35:02,9.95,-0.01,136,135320,卖盘
1903,10:34:57,9.96,0.01,11,10956,买盘
1904,10:34:52,9.95,-0.02,459,456704,卖盘
1905,10:34:47,9.97,--,78,77766,买盘
1906,10:34:42,9.97,0.01,16,15952,买盘
1907,10:34:37,9.96,--,11,10956,卖盘
1908,10:34:32,9.96,-0.01,64,63744,卖盘
1909,10:34:27,9.97,-0.01,56,55832,中性盘
1910,10:34:22,9.98,--,53,52894,买盘
1911,10:34:17,9.98,--,555,553890,买盘
1912,10:34:07,9.98,-0.02,1217,1215394,卖盘
1913,10:34:02,10.0,0.02,17,17000,买盘
1914,10:33:57,9.98,-0.02,1021,1018958,卖盘
1915,10:33:52,10.0,0.01,55,55000,买盘
1916,10:33:47,9.99,--,1,999,卖盘
1917,10:33:42,9.99,--,3,2997,卖盘
1918,10:33:37,9.99,-0.01,60,59940,卖盘
1919,10:33:32,10.0,--,39,39000,买盘
1920,10:33:22,10.0,--,473,473000,卖盘
1921,10:33:17,10.0,-0.01,57,57000,卖盘
1922,10:33:12,10.01,0.01,49,49049,买盘
1923,10:33:07,10.0,--,1,1000,卖盘
1924,10:33:02,10.0,-0.01,52,52000,卖盘
1925,10:32:57,10.01,0.01,6,6006,买盘
1926,10:32:52,10.0,-0.01,10,10000,卖盘
1927,10:32:46,10.01,--,59,59059,买盘
1928,10:32:37,10.01,-0.01,209,209209,卖盘
1929,10:32:32,10.02,--,55,55110,买盘
1930,10:32:27,10.02,--,1,1002,买盘
1931,10:32:22,10.02,0.01,88,88176,买盘
1932,10:32:16,10.01,-0.01,71,71071,卖盘
1933,10:32:12,10.02,--,51,51102,卖盘
1934,10:32:07,10.02,-0.01,209,209418,卖盘
1935,10:32:02,10.03,--,46,46138,买盘
1936,10:31:57,10.03,--,30,30089,买盘
1937,10:31:52,10.03,--,45,45135,买盘
1938,10:31:47,10.03,0.01,20,20060,买盘
1939,10:31:42,10.02,--,6,6012,卖盘
1940,10:31:37,10.02,--,2,2004,卖盘
1941,10:31:32,10.02,-0.01,104,104208,卖盘
1942,10:31:27,10.03,0.01,32,32095,买盘
1943,10:31:22,10.02,--,15,15030,卖盘
1944,10:31:17,10.02,--,10,10020,卖盘
1945,10:31:06,10.02,--,13,13026,卖盘
1946,10:31:02,10.02,-0.01,22,22044,卖盘
1947,10:30:52,10.03,--,12,12036,买盘
1948,10:30:46,10.03,--,25,25075,买盘
1949,10:30:42,10.03,--,344,345032,卖盘
1950,10:30:37,10.03,--,57,57170,卖盘
1951,10:30:32,10.03,--,20,20060,卖盘
1952,10:30:22,10.03,--,58,58173,卖盘
1953,10:30:16,10.03,-0.01,405,406315,卖盘
1954,10:30:12,10.04,-0.01,5,5020,卖盘
1955,10:30:07,10.05,-0.01,77,77385,卖盘
1956,10:30:02,10.06,0.01,3,3018,买盘
1957,10:29:56,10.05,--,15,15075,卖盘
1958,10:29:52,10.05,--,8,8040,卖盘
1959,10:29:46,10.05,0.01,327,329539,买盘
1960,10:29:41,10.04,--,21,21084,买盘
1961,10:29:37,10.04,0.01,415,416659,买盘
1962,10:29:31,10.03,-0.01,20,20060,卖盘
1963,10:29:27,10.04,0.01,23,23091,买盘
1964,10:29:22,10.03,--,5,5015,卖盘
1965,10:29:17,10.03,--,167,167501,卖盘
1966,10:29:11,10.03,-0.01,24,24072,卖盘
1967,10:29:07,10.04,0.01,23,23091,买盘
1968,10:29:01,10.03,--,14,14042,卖盘
1969,10:28:46,10.03,-0.02,13,13039,卖盘
1970,10:28:41,10.05,0.01,101,101605,买盘
1971,10:28:36,10.04,--,15,15059,卖盘
1972,10:28:31,10.04,--,24,24095,卖盘
1973,10:28:26,10.04,-0.01,41,41164,卖盘
1974,10:28:21,10.05,--,9,9045,买盘
1975,10:28:16,10.05,0.01,543,545715,买盘
1976,10:28:10,10.04,-0.01,388,390455,卖盘
1977,10:28:06,10.05,0.01,106,106530,买盘
1978,10:28:01,10.04,-0.01,59,59235,卖盘
1979,10:27:56,10.05,0.01,50,50250,买盘
1980,10:27:46,10.04,-0.02,106,106423,卖盘
1981,10:27:40,10.06,0.01,501,504006,买盘
1982,10:27:36,10.05,-0.01,20,20100,卖盘
1983,10:27:31,10.06,--,32,32192,买盘
1984,10:27:25,10.06,-0.01,13,13078,买盘
1985,10:27:10,10.07,--,887,893209,买盘
1986,10:27:06,10.07,0.01,30,30210,买盘
1987,10:27:01,10.06,-0.01,16,16096,卖盘
1988,10:26:55,10.07,-0.01,686,690802,卖盘
1989,10:26:51,10.08,--,17,17136,买盘
1990,10:26:46,10.08,--,11,11088,买盘
1991,10:26:40,10.08,--,300,302400,买盘
1992,10:26:36,10.08,0.01,15,15120,中性盘
1993,10:26:31,10.07,-0.02,524,527668,卖盘
1994,10:26:25,10.09,0.01,203,204827,买盘
1995,10:26:21,10.08,-0.01,131,132048,卖盘
1996,10:26:16,10.09,0.02,12,12108,买盘
1997,10:26:10,10.07,-0.02,435,438045,卖盘
1998,10:26:06,10.09,--,30,30270,买盘
1999,10:26:01,10.09,--,51,51459,买盘
2000,10:25:55,10.09,--,385,388465,买盘
2001,10:25:51,10.09,0.02,8,8072,买盘
2002,10:25:46,10.07,-0.02,32,32224,卖盘
2003,10:25:40,10.09,0.02,310,312790,买盘
2004,10:25:36,10.07,0.01,254,255778,买盘
2005,10:25:31,10.06,0.01,152,152912,买盘
2006,10:25:25,10.05,-0.01,25,25125,卖盘
2007,10:25:16,10.06,0.01,12,12072,买盘
2008,10:25:10,10.05,--,100,100500,卖盘
2009,10:25:06,10.05,--,400,402000,买盘
2010,10:25:01,10.05,0.01,102,102510,买盘
2011,10:24:55,10.04,--,19,19076,卖盘
2012,10:24:51,10.04,--,99,99395,买盘
2013,10:24:46,10.04,--,507,509027,买盘
2014,10:24:36,10.04,0.01,8,8031,买盘
2015,10:24:31,10.03,--,7,7021,卖盘
2016,10:24:25,10.03,--,244,244731,买盘
2017,10:24:21,10.03,--,7,7021,买盘
2018,10:24:16,10.03,--,20,20060,买盘
2019,10:24:10,10.03,0.01,557,558671,买盘
2020,10:23:55,10.02,-0.01,37,37074,卖盘
2021,10:23:46,10.03,0.01,206,206618,买盘
2022,10:23:40,10.02,--,5,5010,卖盘
2023,10:23:36,10.02,--,8,8016,卖盘
2024,10:23:25,10.02,0.01,249,249498,买盘
2025,10:23:21,10.01,-0.01,1,1001,卖盘
2026,10:23:16,10.02,0.01,37,37725,买盘
2027,10:23:10,10.01,-0.01,4,4004,卖盘
2028,10:23:00,10.02,0.02,49,49098,买盘
2029,10:22:51,10.0,--,0,0,卖盘
2030,10:22:46,10.0,-0.02,214,214000,卖盘
2031,10:22:40,10.02,0.01,5,5010,买盘
2032,10:22:30,10.01,--,60,60060,卖盘
2033,10:22:15,10.01,--,19,19019,买盘
2034,10:22:10,10.01,0.01,3,3003,买盘
2035,10:22:06,10.0,--,0,0,卖盘
2036,10:22:00,10.0,-0.02,41,41000,卖盘
2037,10:21:55,10.02,--,37,37074,买盘
2038,10:21:49,10.02,0.01,20,20040,买盘
2039,10:21:45,10.01,-0.01,12,12012,卖盘
2040,10:21:40,10.02,--,98,98196,买盘
2041,10:21:34,10.02,0.01,16,16032,买盘
2042,10:21:30,10.01,-0.01,5,5005,买盘
2043,10:21:25,10.02,-0.01,3,3006,买盘
2044,10:21:19,10.03,0.03,303,303909,买盘
2045,10:21:15,10.0,-0.02,138,138000,卖盘
2046,10:21:10,10.02,--,237,237474,卖盘
2047,10:21:04,10.02,--,78,78156,卖盘
2048,10:21:00,10.02,-0.01,92,92825,卖盘
2049,10:20:55,10.03,0.01,15,15044,买盘
2050,10:20:49,10.02,--,30,30060,卖盘
2051,10:20:45,10.02,--,50,50100,卖盘
2052,10:20:40,10.02,-0.01,90,90180,卖盘
2053,10:20:34,10.03,0.01,4,4011,中性盘
2054,10:20:30,10.02,-0.02,107,107995,卖盘
2055,10:20:25,10.04,-0.01,8,8031,买盘
2056,10:20:19,10.05,--,2,2010,买盘
2057,10:20:15,10.05,0.03,10,10050,买盘
2058,10:20:10,10.02,--,2,2004,买盘
2059,10:20:04,10.02,0.02,12,12024,卖盘
2060,10:20:00,10.0,-0.02,390,390780,卖盘
2061,10:19:49,10.02,--,536,537072,卖盘
2062,10:19:40,10.02,0.02,75,75150,买盘
2063,10:19:30,10.0,--,125,125780,卖盘
2064,10:19:25,10.0,--,59,59000,买盘
2065,10:19:19,10.0,0.01,148,148000,买盘
2066,10:19:15,9.99,-0.01,501,500499,卖盘
2067,10:19:10,10.0,0.01,14,14000,买盘
2068,10:19:04,9.99,-0.01,83,82917,卖盘
2069,10:19:00,10.0,0.02,162,162780,买盘
2070,10:18:55,9.98,-0.02,33,32934,卖盘
2071,10:18:49,10.0,0.02,6,6000,买盘
2072,10:18:40,9.98,--,31,31327,卖盘
2073,10:18:34,9.98,-0.01,78,77844,卖盘
2074,10:18:30,9.99,0.01,216,216563,买盘
2075,10:18:25,9.98,-0.01,13,12974,卖盘
2076,10:18:19,9.99,0.01,31,30969,买盘
2077,10:18:15,9.98,-0.01,15,14970,卖盘
2078,10:18:10,9.99,0.01,38,37962,买盘
2079,10:18:04,9.98,-0.01,27,26946,卖盘
2080,10:18:00,9.99,--,50,50339,卖盘
2081,10:17:55,9.99,--,15,14985,卖盘
2082,10:17:49,9.99,0.01,53,53556,买盘
2083,10:17:45,9.98,--,5,4990,买盘
2084,10:17:40,9.98,-0.01,134,134121,卖盘
2085,10:17:34,9.99,--,144,143856,卖盘
2086,10:17:30,9.99,--,433,433346,买盘
2087,10:17:25,9.99,0.01,46,45954,卖盘
2088,10:17:19,9.98,--,0,0,卖盘
2089,10:17:15,9.98,--,60,59880,卖盘
2090,10:17:09,9.98,-0.02,516,514968,卖盘
2091,10:17:04,10.0,--,501,501340,买盘
2092,10:17:00,10.0,0.02,806,806000,买盘
2093,10:16:55,9.98,-0.02,74,74101,卖盘
2094,10:16:49,10.0,0.02,36,36000,买盘
2095,10:16:44,9.98,-0.02,12,11976,卖盘
2096,10:16:39,10.0,--,486,486190,卖盘
2097,10:16:34,10.0,--,10,10000,卖盘
2098,10:16:29,10.0,--,129,129690,卖盘
2099,10:16:25,10.0,-0.02,95,95430,卖盘
2100,10:16:19,10.02,--,255,255510,买盘
2101,10:16:10,10.02,0.01,329,329658,买盘
2102,10:16:04,10.01,-0.01,308,308308,卖盘
2103,10:15:59,10.02,--,118,118676,卖盘
2104,10:15:54,10.02,--,8,8016,卖盘
2105,10:15:49,10.02,-0.01,38,38637,卖盘
2106,10:15:44,10.03,0.01,9,9027,买盘
2107,10:15:39,10.02,--,9,9018,卖盘
2108,10:15:34,10.02,-0.01,81,81162,卖盘
2109,10:15:29,10.03,--,1,1002,买盘
2110,10:15:24,10.03,0.01,4,4011,买盘
2111,10:15:19,10.02,-0.01,157,157754,卖盘
2112,10:15:14,10.03,--,13,13039,卖盘
2113,10:15:09,10.03,--,135,135405,卖盘
2114,10:15:04,10.03,0.03,227,228242,买盘
2115,10:14:58,10.0,-0.03,64,64000,卖盘
2116,10:14:54,10.03,0.01,7,7021,买盘
2117,10:14:49,10.02,-0.01,33,33066,卖盘
2118,10:14:43,10.03,-0.03,263,264009,卖盘
2119,10:14:39,10.06,0.01,56,56336,买盘
2120,10:14:34,10.05,--,66,66330,卖盘
2121,10:14:28,10.05,--,128,129423,卖盘
2122,10:14:24,10.05,--,4,4020,卖盘
2123,10:14:19,10.05,--,412,414753,买盘
2124,10:14:13,10.05,0.02,269,270345,买盘
2125,10:14:09,10.03,--,0,0,卖盘
2126,10:14:04,10.03,-0.01,85,85255,卖盘
2127,10:13:58,10.04,0.01,1102,1106408,买盘
2128,10:13:54,10.03,--,1,1002,卖盘
2129,10:13:49,10.03,--,140,140420,买盘
2130,10:13:43,10.03,0.01,23,23069,买盘
2131,10:13:39,10.02,--,20,20040,卖盘
2132,10:13:34,10.02,-0.01,3,3006,卖盘
2133,10:13:28,10.03,0.03,44,44132,买盘
2134,10:13:24,10.0,0.01,135,135000,买盘
2135,10:13:18,9.99,-0.03,21,20979,卖盘
2136,10:13:13,10.02,0.02,52,52104,买盘
2137,10:13:09,10.0,--,44,44240,买盘
2138,10:13:04,10.0,0.02,368,368000,买盘
2139,10:12:54,9.98,--,11,10978,卖盘
2140,10:12:49,9.98,--,20,19960,卖盘
2141,10:12:43,9.98,0.01,41,40918,买盘
2142,10:12:39,9.97,-0.01,20,19940,卖盘
2143,10:12:34,9.98,--,69,68862,买盘
2144,10:12:28,9.98,0.01,25,24950,买盘
2145,10:12:24,9.97,-0.01,32,31904,中性盘
2146,10:12:19,9.98,0.02,186,185628,中性盘
2147,10:12:13,9.96,-0.02,296,294816,卖盘
2148,10:12:09,9.98,0.02,1060,1057880,买盘
2149,10:12:04,9.96,--,31,30876,卖盘
2150,10:11:58,9.96,--,66,65736,卖盘
2151,10:11:54,9.96,--,24,23904,卖盘
2152,10:11:49,9.96,-0.02,123,122508,卖盘
2153,10:11:43,9.98,-0.01,29,28942,中性盘
2154,10:11:39,9.99,0.06,137,136863,买盘
2155,10:11:34,9.93,-0.06,528,524304,卖盘
2156,10:11:28,9.99,0.01,311,310689,买盘
2157,10:11:24,9.98,--,38,37924,卖盘
2158,10:11:19,9.98,--,34,33932,买盘
2159,10:11:13,9.98,-0.02,17,16966,中性盘
2160,10:11:08,10.0,--,101,101000,买盘
2161,10:11:04,10.0,0.02,142,142000,买盘
2162,10:10:58,9.98,-0.02,125,124750,卖盘
2163,10:10:53,10.0,0.03,31,31000,买盘
2164,10:10:49,9.97,--,211,211244,卖盘
2165,10:10:43,9.97,-0.01,223,222939,卖盘
2166,10:10:38,9.98,--,23,22954,买盘
2167,10:10:34,9.98,--,168,167664,买盘
2168,10:10:28,9.98,--,182,181636,买盘
2169,10:10:23,9.98,-0.02,612,611165,卖盘
2170,10:10:19,10.0,--,138,138000,买盘
2171,10:10:13,10.0,0.02,10,10000,买盘
2172,10:10:08,9.98,--,20,19960,卖盘
2173,10:10:03,9.98,-0.02,19,18962,卖盘
2174,10:09:58,10.0,0.01,48,48000,买盘
2175,10:09:53,9.99,--,230,229770,买盘
2176,10:09:49,9.99,--,1360,1358640,卖盘
2177,10:09:43,9.99,-0.01,49,48951,卖盘
2178,10:09:38,10.0,--,120,120000,买盘
2179,10:09:33,10.0,--,98,98000,买盘
2180,10:09:28,10.0,-0.03,315,315000,卖盘
2181,10:09:23,10.03,0.03,135,135405,买盘
2182,10:09:18,10.0,-0.02,141,141000,卖盘
2183,10:09:13,10.02,--,46,46092,卖盘
2184,10:09:08,10.02,-0.01,100,100200,卖盘
2185,10:09:03,10.03,--,1,1002,买盘
2186,10:08:58,10.03,--,6,6018,买盘
2187,10:08:53,10.03,-0.02,88,88544,卖盘
2188,10:08:48,10.05,0.01,227,228135,卖盘
2189,10:08:43,10.04,--,1087,1092070,买盘
2190,10:08:38,10.04,-0.01,129,129515,卖盘
2191,10:08:33,10.05,--,16,16080,买盘
2192,10:08:28,10.05,--,80,80400,买盘
2193,10:08:23,10.05,-0.01,68,68340,卖盘
2194,10:08:13,10.06,0.02,47,47282,买盘
2195,10:08:08,10.04,-0.02,34,34136,卖盘
2196,10:08:03,10.06,0.02,19,19114,买盘
2197,10:07:58,10.04,-0.02,18,18072,卖盘
2198,10:07:52,10.06,0.02,25,25150,买盘
2199,10:07:43,10.04,-0.02,444,445775,中性盘
2200,10:07:37,10.06,-0.03,92,92552,中性盘
2201,10:07:33,10.09,0.04,1232,1243088,买盘
2202,10:07:28,10.05,-0.01,316,318233,卖盘
2203,10:07:22,10.06,--,45,45270,卖盘
2204,10:07:18,10.06,--,16,16096,卖盘
2205,10:07:13,10.06,--,26,26156,卖盘
2206,10:07:07,10.06,--,342,344052,买盘
2207,10:07:03,10.06,--,5,5030,买盘
2208,10:06:58,10.06,--,652,655912,买盘
2209,10:06:52,10.06,--,157,157942,卖盘
2210,10:06:48,10.06,-0.01,613,616678,卖盘
2211,10:06:42,10.07,0.01,19,19133,买盘
2212,10:06:37,10.06,0.01,478,480868,买盘
2213,10:06:33,10.05,--,310,311550,卖盘
2214,10:06:28,10.05,-0.02,30,30150,卖盘
2215,10:06:22,10.07,0.02,35,35245,买盘
2216,10:06:13,10.05,-0.01,24,24120,卖盘
2217,10:06:07,10.06,0.02,946,952028,买盘
2218,10:06:03,10.04,--,25,25099,买盘
2219,10:05:58,10.04,--,214,214855,买盘
2220,10:05:52,10.04,-0.01,102,102407,卖盘
2221,10:05:48,10.05,--,50,50250,买盘
2222,10:05:42,10.05,--,10,10050,买盘
2223,10:05:37,10.05,-0.03,307,309188,卖盘
2224,10:05:33,10.08,--,217,218736,卖盘
2225,10:05:28,10.08,--,2,2016,卖盘
2226,10:05:22,10.08,--,58,58464,买盘
2227,10:05:18,10.08,0.04,1235,1245232,买盘
2228,10:05:13,10.04,--,141,141564,买盘
2229,10:05:07,10.04,--,103,103411,买盘
2230,10:05:03,10.04,--,3,3011,买盘
2231,10:04:58,10.04,-0.01,112,112447,卖盘
2232,10:04:52,10.05,--,181,181905,买盘
2233,10:04:48,10.05,--,34,34170,买盘
2234,10:04:43,10.05,--,76,76380,买盘
2235,10:04:37,10.05,0.01,1369,1375845,买盘
2236,10:04:33,10.04,--,129,129515,买盘
2237,10:04:27,10.04,0.01,101,101403,买盘
2238,10:04:22,10.03,--,19,19057,买盘
2239,10:04:17,10.03,0.03,111,111333,买盘
2240,10:04:13,10.0,-0.02,515,515000,卖盘
2241,10:04:07,10.02,0.02,196,196392,买盘
2242,10:04:02,10.0,-0.01,50,50000,卖盘
2243,10:03:58,10.01,0.01,261,261261,买盘
2244,10:03:52,10.0,-0.01,255,255000,卖盘
2245,10:03:47,10.01,--,27,27027,买盘
2246,10:03:43,10.01,--,56,56056,买盘
2247,10:03:37,10.01,0.02,868,868868,买盘
2248,10:03:32,9.99,-0.01,34,33966,卖盘
2249,10:03:22,10.0,--,107,107000,买盘
2250,10:03:17,10.0,--,110,110000,卖盘
2251,10:03:12,10.0,-0.01,5,5000,卖盘
2252,10:03:07,10.01,--,0,0,买盘
2253,10:03:02,10.01,0.02,649,649649,买盘
2254,10:02:57,9.99,-0.01,167,166833,卖盘
2255,10:02:52,10.0,--,119,119000,买盘
2256,10:02:47,10.0,--,266,266000,卖盘
2257,10:02:42,10.0,-0.01,105,105000,卖盘
2258,10:02:37,10.01,--,165,165165,买盘
2259,10:02:32,10.01,--,168,168168,买盘
2260,10:02:22,10.01,-0.04,465,465465,卖盘
2261,10:02:17,10.05,0.03,1074,1079370,买盘
2262,10:02:12,10.02,--,95,95190,卖盘
2263,10:02:07,10.02,--,120,120240,卖盘
2264,10:02:02,10.02,-0.01,219,219438,卖盘
2265,10:01:57,10.03,--,45,45135,买盘
2266,10:01:52,10.03,--,217,217651,买盘
2267,10:01:47,10.03,--,905,907715,买盘
2268,10:01:42,10.03,--,14,14042,买盘
2269,10:01:37,10.03,--,163,163489,卖盘
2270,10:01:32,10.03,-0.01,6,6018,中性盘
2271,10:01:27,10.04,0.01,144,144576,买盘
2272,10:01:22,10.03,--,224,224672,买盘
2273,10:01:17,10.03,--,133,133399,买盘
2274,10:01:12,10.03,--,35,35105,买盘
2275,10:01:07,10.03,0.02,10,10030,买盘
2276,10:01:02,10.01,-0.02,45,45045,卖盘
2277,10:00:57,10.03,0.02,100,100300,买盘
2278,10:00:52,10.01,0.01,423,423423,买盘
2279,10:00:46,10.0,-0.01,271,271000,中性盘
2280,10:00:42,10.01,--,125,125125,买盘
2281,10:00:37,10.01,--,15,15015,买盘
2282,10:00:27,10.01,--,22,22022,买盘
2283,10:00:22,10.01,0.02,66,66676,买盘
2284,10:00:16,9.99,-0.02,912,911477,卖盘
2285,10:00:12,10.01,--,52,52052,卖盘
2286,10:00:07,10.01,0.04,416,417026,买盘
2287,10:00:01,9.97,-0.03,267,266199,卖盘
2288,09:59:57,10.0,0.03,399,399000,买盘
2289,09:59:52,9.97,0.01,179,178463,买盘
2290,09:59:46,9.96,--,269,267924,卖盘
2291,09:59:42,9.96,-0.02,738,735436,卖盘
2292,09:59:37,9.98,0.01,229,228542,买盘
2293,09:59:31,9.97,--,666,664610,卖盘
2294,09:59:27,9.97,-0.01,592,590224,卖盘
2295,09:59:22,9.98,--,56,55888,买盘
2296,09:59:16,9.98,-0.01,398,397513,卖盘
2297,09:59:12,9.99,--,51,51638,买盘
2298,09:59:07,9.99,-0.01,174,173826,卖盘
2299,09:59:01,10.0,--,75,75000,买盘
2300,09:58:57,10.0,--,455,455000,买盘
2301,09:58:52,10.0,--,25,25000,买盘
2302,09:58:46,10.0,--,162,162000,买盘
2303,09:58:42,10.0,--,29,29000,买盘
2304,09:58:37,10.0,-0.01,102,102000,卖盘
2305,09:58:31,10.01,--,34,34034,卖盘
2306,09:58:27,10.01,-0.01,26,26026,卖盘
2307,09:58:21,10.02,0.02,214,214428,买盘
2308,09:58:16,10.0,-0.03,675,675000,卖盘
2309,09:58:11,10.03,--,87,87261,买盘
2310,09:58:07,10.03,-0.01,136,136408,卖盘
2311,09:58:01,10.04,--,35,35140,买盘
2312,09:57:57,10.04,--,91,91363,买盘
2313,09:57:52,10.04,-0.01,20,20080,中性盘
2314,09:57:46,10.05,0.02,578,580890,买盘
2315,09:57:42,10.03,--,205,205615,买盘
2316,09:57:36,10.03,-0.02,561,563495,卖盘
2317,09:57:31,10.05,--,93,93465,买盘
2318,09:57:27,10.05,0.01,158,158980,买盘
2319,09:57:21,10.04,--,137,137548,买盘
2320,09:57:16,10.04,0.02,59,59235,买盘
2321,09:57:11,10.02,--,140,140280,卖盘
2322,09:57:07,10.02,0.01,562,563925,买盘
2323,09:57:01,10.01,0.01,267,267267,买盘
2324,09:56:56,10.0,--,267,267000,卖盘
2325,09:56:51,10.0,--,45,45000,卖盘
2326,09:56:46,10.0,-0.01,54,54000,卖盘
2327,09:56:41,10.01,0.01,223,223223,买盘
2328,09:56:36,10.0,--,15,15000,买盘
2329,09:56:31,10.0,--,358,358000,买盘
2330,09:56:26,10.0,--,296,296000,买盘
2331,09:56:21,10.0,--,155,155000,买盘
2332,09:56:16,10.0,--,81,81000,卖盘
2333,09:56:11,10.0,0.01,291,291000,卖盘
2334,09:56:06,9.99,-0.03,23,22977,卖盘
2335,09:56:01,10.02,--,710,711420,卖盘
2336,09:55:56,10.02,-0.02,244,244488,卖盘
2337,09:55:51,10.04,0.04,526,528104,买盘
2338,09:55:46,10.0,-0.02,2350,2350000,卖盘
2339,09:55:41,10.02,-0.02,88,88176,卖盘
2340,09:55:36,10.04,--,10,10040,买盘
2341,09:55:31,10.04,--,58,58231,买盘
2342,09:55:26,10.04,--,71,71284,买盘
2343,09:55:21,10.04,-0.01,311,312244,中性盘
2344,09:55:16,10.05,0.01,448,450240,买盘
2345,09:55:11,10.04,-0.01,54,54215,卖盘
2346,09:55:06,10.05,-0.01,157,157785,卖盘
2347,09:55:01,10.06,--,290,291740,买盘
2348,09:54:56,10.06,--,33,33198,买盘
2349,09:54:51,10.06,--,114,114684,买盘
2350,09:54:46,10.06,--,404,406424,卖盘
2351,09:54:41,10.06,-0.03,73,73438,中性盘
2352,09:54:36,10.09,0.01,129,130161,买盘
2353,09:54:31,10.08,0.02,940,947520,买盘
2354,09:54:26,10.06,-0.01,258,259548,中性盘
2355,09:54:21,10.07,--,627,631389,买盘
2356,09:54:16,10.07,--,131,131917,买盘
2357,09:54:11,10.07,--,221,222547,卖盘
2358,09:54:06,10.07,--,51,51357,卖盘
2359,09:54:01,10.07,-0.02,64,64448,卖盘
2360,09:53:56,10.09,-0.01,94,94846,中性盘
2361,09:53:51,10.1,0.03,48,48480,买盘
2362,09:53:46,10.07,-0.01,111,111777,中性盘
2363,09:53:40,10.08,0.01,593,597744,中性盘
2364,09:53:36,10.07,-0.03,420,423745,卖盘
2365,09:53:31,10.1,--,241,243612,买盘
2366,09:53:25,10.1,0.04,300,303000,买盘
2367,09:53:21,10.06,-0.02,413,415478,卖盘
2368,09:53:16,10.08,-0.02,230,231840,卖盘
2369,09:53:10,10.1,0.02,95,95950,中性盘
2370,09:53:06,10.08,-0.02,361,363888,中性盘
2371,09:53:01,10.1,0.04,354,357540,买盘
2372,09:52:55,10.06,--,145,145870,卖盘
2373,09:52:51,10.06,--,92,92552,卖盘
2374,09:52:46,10.06,--,524,527144,卖盘
2375,09:52:40,10.06,-0.01,429,431574,卖盘
2376,09:52:35,10.07,-0.01,45,45315,买盘
2377,09:52:31,10.08,0.01,729,734832,买盘
2378,09:52:25,10.07,--,283,284981,卖盘
2379,09:52:20,10.07,-0.01,69,69483,卖盘
2380,09:52:16,10.08,-0.02,437,440496,中性盘
2381,09:52:10,10.1,--,367,370670,买盘
2382,09:52:05,10.1,0.02,90,90900,买盘
2383,09:52:00,10.08,-0.01,451,454608,中性盘
2384,09:51:55,10.09,0.01,152,153368,买盘
2385,09:51:50,10.08,-0.01,275,277200,中性盘
2386,09:51:46,10.09,-0.01,88,88792,买盘
2387,09:51:40,10.1,0.06,651,657510,买盘
2388,09:51:35,10.04,-0.06,108,108431,中性盘
2389,09:51:30,10.1,0.05,450,454500,买盘
2390,09:51:25,10.05,0.02,310,311550,买盘
2391,09:51:20,10.03,-0.02,35,35105,中性盘
2392,09:51:15,10.05,--,167,167835,买盘
2393,09:51:10,10.05,-0.02,383,384915,卖盘
2394,09:51:05,10.07,0.01,259,260813,买盘
2395,09:51:00,10.06,-0.03,232,233392,卖盘
2396,09:50:55,10.09,-0.01,319,321871,中性盘
2397,09:50:50,10.1,-0.01,402,406020,中性盘
2398,09:50:45,10.11,--,732,740052,买盘
2399,09:50:40,10.11,--,321,324531,卖盘
2400,09:50:35,10.11,--,181,182991,卖盘
2401,09:50:30,10.11,-0.03,495,500445,卖盘
2402,09:50:25,10.14,--,937,950118,卖盘
2403,09:50:20,10.14,-0.02,733,743262,卖盘
2404,09:50:15,10.16,0.01,957,972312,买盘
2405,09:50:10,10.15,0.03,78,79170,买盘
2406,09:50:05,10.12,-0.03,139,140668,卖盘
2407,09:50:00,10.15,-0.01,64,64960,买盘
2408,09:49:55,10.16,0.03,346,351536,买盘
2409,09:49:50,10.13,0.01,247,250211,买盘
2410,09:49:45,10.12,0.01,88,89056,买盘
2411,09:49:40,10.11,-0.03,535,540885,卖盘
2412,09:49:35,10.14,0.04,247,250458,买盘
2413,09:49:29,10.1,-0.02,410,414100,卖盘
2414,09:49:25,10.12,--,1722,1742663,买盘
2415,09:49:20,10.12,--,217,219603,买盘
2416,09:49:15,10.12,--,129,130547,卖盘
2417,09:49:10,10.12,--,344,348128,卖盘
2418,09:49:05,10.12,-0.02,202,204423,卖盘
2419,09:49:00,10.14,-0.01,205,207870,卖盘
2420,09:48:55,10.15,0.01,943,957145,买盘
2421,09:48:50,10.14,-0.01,252,255528,卖盘
2422,09:48:45,10.15,--,142,144130,买盘
2423,09:48:40,10.15,--,1445,1466675,买盘
2424,09:48:35,10.15,0.05,1066,1081990,买盘
2425,09:48:30,10.1,--,416,420160,卖盘
2426,09:48:25,10.1,-0.04,359,362590,卖盘
2427,09:48:20,10.14,--,521,528294,买盘
2428,09:48:15,10.14,-0.04,810,821340,卖盘
2429,09:48:10,10.18,-0.01,734,747212,中性盘
2430,09:48:05,10.19,0.01,672,684768,买盘
2431,09:48:00,10.18,--,341,347138,买盘
2432,09:47:55,10.18,--,1321,1344778,卖盘
2433,09:47:50,10.18,--,1198,1219564,买盘
2434,09:47:45,10.18,0.02,279,284022,买盘
2435,09:47:40,10.16,-0.03,983,998728,中性盘
2436,09:47:35,10.19,0.05,1621,1651799,买盘
2437,09:47:30,10.14,0.02,485,491790,买盘
2438,09:47:25,10.12,0.04,1561,1579731,买盘
2439,09:47:20,10.08,-0.02,1645,1658160,卖盘
2440,09:47:15,10.1,--,178,179780,买盘
2441,09:47:10,10.1,0.02,368,371680,中性盘
2442,09:47:05,10.08,--,750,756000,买盘
2443,09:47:00,10.08,-0.02,173,174384,买盘
2444,09:46:55,10.1,0.03,645,651450,买盘
2445,09:46:49,10.07,0.02,115,115805,买盘
2446,09:46:45,10.05,0.03,28,28140,买盘
2447,09:46:40,10.02,0.03,2326,2331153,买盘
2448,09:46:34,9.99,0.01,469,468531,买盘
2449,09:46:30,9.98,--,199,198602,卖盘
2450,09:46:25,9.98,--,468,467064,卖盘
2451,09:46:19,9.98,--,1782,1778436,买盘
2452,09:46:15,9.98,--,100,99800,买盘
2453,09:46:10,9.98,--,131,130738,买盘
2454,09:46:04,9.98,0.01,664,662672,买盘
2455,09:46:00,9.97,--,69,68793,买盘
2456,09:45:54,9.97,--,113,112661,买盘
2457,09:45:49,9.97,0.01,224,223328,买盘
2458,09:45:44,9.96,0.02,313,311748,买盘
2459,09:45:39,9.94,-0.02,213,211722,卖盘
2460,09:45:34,9.96,0.02,505,502980,买盘
2461,09:45:30,9.94,--,287,285278,卖盘
2462,09:45:25,9.94,--,287,285278,卖盘
2463,09:45:19,9.94,0.03,267,265398,买盘
2464,09:45:15,9.91,-0.03,50,49550,卖盘
2465,09:45:09,9.94,0.03,424,421456,买盘
2466,09:45:04,9.91,--,283,280453,买盘
2467,09:44:59,9.91,-0.02,897,888927,卖盘
2468,09:44:54,9.93,--,25,24825,卖盘
2469,09:44:49,9.93,--,203,201579,卖盘
2470,09:44:44,9.93,--,500,496500,买盘
2471,09:44:39,9.93,0.01,208,206544,买盘
2472,09:44:34,9.92,0.02,225,223200,买盘
2473,09:44:29,9.9,-0.03,171,169290,卖盘
2474,09:44:24,9.93,0.01,1132,1124076,买盘
2475,09:44:19,9.92,0.04,293,290656,买盘
2476,09:44:14,9.88,-0.02,328,324064,卖盘
2477,09:44:09,9.9,0.01,101,99990,买盘
2478,09:44:04,9.89,-0.01,52,51428,中性盘
2479,09:43:59,9.9,0.01,1265,1252350,买盘
2480,09:43:54,9.89,--,152,150328,卖盘
2481,09:43:49,9.89,-0.01,167,165163,中性盘
2482,09:43:44,9.9,-0.01,904,894960,卖盘
2483,09:43:39,9.91,-0.01,101,100091,买盘
2484,09:43:34,9.92,0.05,524,519808,买盘
2485,09:43:29,9.87,--,149,147063,卖盘
2486,09:43:24,9.87,-0.01,146,144102,卖盘
2487,09:43:19,9.88,-0.04,1154,1140152,卖盘
2488,09:43:14,9.92,0.05,175,173600,买盘
2489,09:43:09,9.87,0.05,147,145089,买盘
2490,09:43:04,9.82,-0.09,1251,1228482,卖盘
2491,09:42:59,9.91,0.05,2059,2040964,买盘
2492,09:42:54,9.86,-0.02,119,117334,卖盘
2493,09:42:49,9.88,0.01,346,341848,买盘
2494,09:42:44,9.87,-0.01,1576,1555511,卖盘
2495,09:42:39,9.88,-0.01,71,70148,卖盘
2496,09:42:34,9.89,-0.01,495,490049,卖盘
2497,09:42:29,9.9,-0.02,144,142560,中性盘
2498,09:42:24,9.92,0.02,458,454336,买盘
2499,09:42:19,9.9,--,277,274230,卖盘
2500,09:42:14,9.9,-0.03,265,262350,卖盘
2501,09:42:09,9.93,0.01,302,299886,买盘
2502,09:42:04,9.92,--,447,443424,买盘
2503,09:41:59,9.92,0.02,218,216256,买盘
2504,09:41:54,9.9,--,256,253440,卖盘
2505,09:41:49,9.9,0.01,533,527670,卖盘
2506,09:41:44,9.89,--,182,179998,卖盘
2507,09:41:39,9.89,-0.01,75,74175,卖盘
2508,09:41:34,9.9,0.01,121,119790,中性盘
2509,09:41:29,9.89,-0.01,318,314502,卖盘
2510,09:41:24,9.9,0.01,132,130680,买盘
2511,09:41:19,9.89,-0.01,79,78131,卖盘
2512,09:41:14,9.9,0.02,136,135135,买盘
2513,09:41:09,9.88,-0.01,43,42484,中性盘
2514,09:41:04,9.89,--,136,134998,买盘
2515,09:40:59,9.89,--,93,91977,卖盘
2516,09:40:54,9.89,-0.01,33,32637,卖盘
2517,09:40:49,9.9,--,112,110880,买盘
2518,09:40:44,9.9,--,92,91080,买盘
2519,09:40:39,9.9,--,201,198990,卖盘
2520,09:40:34,9.9,-0.03,702,694980,卖盘
2521,09:40:29,9.93,--,250,248250,买盘
2522,09:40:24,9.93,--,374,371382,卖盘
2523,09:40:19,9.93,-0.01,745,739785,卖盘
2524,09:40:14,9.94,0.01,106,105364,中性盘
2525,09:40:09,9.93,-0.02,60,59580,卖盘
2526,09:40:04,9.95,0.01,304,302480,买盘
2527,09:39:59,9.94,--,180,178920,买盘
2528,09:39:49,9.94,0.01,336,333984,买盘
2529,09:39:43,9.93,0.01,1161,1152873,买盘
2530,09:39:38,9.92,0.04,402,398784,买盘
2531,09:39:34,9.88,--,1138,1124838,买盘
2532,09:39:28,9.88,--,2225,2198300,买盘
2533,09:39:24,9.88,--,20,19760,买盘
2534,09:39:19,9.88,--,45,44460,买盘
2535,09:39:13,9.88,--,129,128400,买盘
2536,09:39:08,9.88,0.03,54,53352,买盘
2537,09:39:03,9.85,-0.01,374,368390,卖盘
2538,09:38:58,9.86,0.01,99,97614,买盘
2539,09:38:53,9.85,--,103,101455,卖盘
2540,09:38:49,9.85,-0.01,296,292052,卖盘
2541,09:38:43,9.86,--,137,135082,卖盘
2542,09:38:38,9.86,-0.02,111,109446,卖盘
2543,09:38:32,9.88,--,63,62244,买盘
2544,09:38:28,9.88,0.02,227,224276,买盘
2545,09:38:23,9.86,-0.02,204,201637,卖盘
2546,09:38:17,9.88,0.01,125,123994,买盘
2547,09:38:13,9.87,-0.01,302,298074,中性盘
2548,09:38:08,9.88,0.01,119,117572,买盘
2549,09:38:02,9.87,-0.01,174,171738,卖盘
2550,09:37:58,9.88,-0.03,459,453492,卖盘
2551,09:37:53,9.91,0.03,72,71352,买盘
2552,09:37:47,9.88,-0.01,211,208468,卖盘
2553,09:37:43,9.89,-0.01,682,674498,买盘
2554,09:37:38,9.9,--,116,114840,买盘
2555,09:37:32,9.9,--,128,126720,买盘
2556,09:37:28,9.9,0.01,623,616770,买盘
2557,09:37:23,9.89,-0.01,160,158240,中性盘
2558,09:37:17,9.9,0.01,184,182160,买盘
2559,09:37:13,9.89,0.01,331,327359,买盘
2560,09:37:08,9.88,--,113,111644,卖盘
2561,09:37:02,9.88,0.02,92,90896,卖盘
2562,09:36:58,9.86,-0.04,208,205088,卖盘
2563,09:36:53,9.9,--,765,757350,买盘
2564,09:36:47,9.9,--,815,806850,卖盘
2565,09:36:43,9.9,-0.02,295,292050,卖盘
2566,09:36:38,9.92,0.04,617,612064,买盘
2567,09:36:32,9.88,-0.02,157,155116,卖盘
2568,09:36:28,9.9,-0.02,273,270270,卖盘
2569,09:36:23,9.92,--,481,477152,卖盘
2570,09:36:17,9.92,0.01,651,645792,买盘
2571,09:36:13,9.91,-0.01,1254,1242714,中性盘
2572,09:36:08,9.92,-0.03,1025,1016800,卖盘
2573,09:36:02,9.95,0.02,493,490534,买盘
2574,09:35:58,9.93,-0.02,348,345564,中性盘
2575,09:35:53,9.95,0.01,1603,1594985,买盘
2576,09:35:47,9.94,--,21,20874,买盘
2577,09:35:43,9.94,-0.02,106,105364,中性盘
2578,09:35:38,9.96,0.01,225,224100,买盘
2579,09:35:32,9.95,0.03,2106,2095469,买盘
2580,09:35:28,9.92,0.02,337,334304,买盘
2581,09:35:23,9.9,-0.02,268,265320,卖盘
2582,09:35:17,9.92,0.02,108,107136,买盘
2583,09:35:13,9.9,0.05,338,335223,买盘
2584,09:35:08,9.85,-0.03,47,46295,卖盘
2585,09:35:02,9.88,--,21,20748,买盘
2586,09:34:58,9.88,0.03,330,326040,买盘
2587,09:34:53,9.85,--,170,167450,买盘
2588,09:34:47,9.85,0.02,625,615625,买盘
2589,09:34:43,9.83,0.03,1237,1216934,买盘
2590,09:34:38,9.8,-0.02,1629,1596420,卖盘
2591,09:34:32,9.82,--,168,164976,卖盘
2592,09:34:28,9.82,--,182,178724,买盘
2593,09:34:23,9.82,0.01,116,113912,买盘
2594,09:34:17,9.81,-0.01,56,54936,卖盘
2595,09:34:13,9.82,0.01,551,541082,买盘
2596,09:34:08,9.81,-0.01,39,38259,卖盘
2597,09:34:02,9.82,0.01,115,112930,买盘
2598,09:33:58,9.81,0.01,533,522873,买盘
2599,09:33:53,9.8,--,228,223440,买盘
2600,09:33:47,9.8,-0.01,388,380240,卖盘
2601,09:33:43,9.81,--,198,194238,买盘
2602,09:33:38,9.81,--,383,375723,买盘
2603,09:33:32,9.81,0.01,72,70632,买盘
2604,09:33:28,9.8,0.01,384,376320,买盘
2605,09:33:23,9.79,-0.01,441,431738,卖盘
2606,09:33:17,9.8,0.01,186,182280,买盘
2607,09:33:13,9.79,0.01,66,64613,中性盘
2608,09:33:07,9.78,-0.02,126,123227,卖盘
2609,09:33:02,9.8,0.05,41,40180,买盘
2610,09:32:58,9.75,-0.01,363,353925,卖盘
2611,09:32:53,9.76,-0.02,471,459696,卖盘
2612,09:32:47,9.78,0.03,34,33252,中性盘
2613,09:32:43,9.75,-0.02,349,340275,卖盘
2614,09:32:37,9.77,-0.02,1167,1140159,卖盘
2615,09:32:32,9.79,--,205,200694,卖盘
2616,09:32:28,9.79,-0.01,103,100836,卖盘
2617,09:32:22,9.8,--,102,99960,买盘
2618,09:32:17,9.8,-0.02,328,321440,卖盘
2619,09:32:12,9.82,0.01,95,93290,买盘
2620,09:32:07,9.81,-0.02,286,280566,卖盘
2621,09:32:02,9.83,0.01,539,529837,买盘
2622,09:31:57,9.82,0.01,426,418332,买盘
2623,09:31:52,9.81,-0.01,219,214839,卖盘
2624,09:31:47,9.82,-0.02,641,629462,卖盘
2625,09:31:42,9.84,0.02,85,83640,买盘
2626,09:31:37,9.82,--,179,175778,买盘
2627,09:31:32,9.82,-0.01,528,518496,买盘
2628,09:31:27,9.83,-0.01,357,350931,卖盘
2629,09:31:22,9.84,0.02,320,314880,买盘
2630,09:31:17,9.82,-0.01,137,134534,买盘
2631,09:31:11,9.83,--,42,41286,买盘
2632,09:31:07,9.83,0.03,292,287036,买盘
2633,09:31:02,9.8,0.05,83,81340,中性盘
2634,09:30:56,9.75,--,107,104325,卖盘
2635,09:30:52,9.75,--,44,42900,卖盘
2636,09:30:47,9.75,--,699,681525,卖盘
2637,09:30:41,9.75,--,280,273000,买盘
2638,09:30:36,9.75,0.03,130,126750,买盘
2639,09:30:32,9.72,-0.03,258,250776,卖盘
2640,09:30:26,9.75,-0.02,30,29250,卖盘
2641,09:30:22,9.77,-0.08,179,174883,中性盘
2642,09:30:17,9.85,0.04,978,963330,买盘
2643,09:30:11,9.81,0.03,330,323730,买盘
2644,09:30:07,9.78,-0.09,3732,3649993,卖盘
2645,09:30:02,9.87,0.01,2672,2638152,买盘
2646,09:28:50,9.86,--,0,0,买盘
2647,09:25:05,9.86,9.86,3253,3207458,买盘
