,time,price,change,volume,amount,type
0,15:00:00,245.52,--,0,0,卖盘
1,15:00:00,245.52,-0.03,17,422294,中性盘
2,14:59:57,245.55,0.23,12,294660,买盘
3,14:59:52,245.32,-0.16,3,73596,卖盘
4,14:59:47,245.48,-0.06,7,171836,卖盘
5,14:59:42,245.54,-0.01,29,712066,卖盘
6,14:59:37,245.55,0.01,3,73665,卖盘
7,14:59:32,245.54,0.24,5,122770,卖盘
8,14:59:27,245.3,-0.2,16,392480,卖盘
9,14:59:22,245.5,-0.04,8,196400,卖盘
10,14:59:17,245.54,0.03,1,24554,中性盘
11,14:59:12,245.51,0.01,2,49102,卖盘
12,14:59:07,245.5,-0.08,2,49100,卖盘
13,14:59:02,245.58,0.03,9,221022,买盘
14,14:58:57,245.55,-0.05,8,196440,中性盘
15,14:58:52,245.6,0.09,5,141711,买盘
16,14:58:47,245.51,--,14,343714,卖盘
17,14:58:42,245.51,0.01,4,98204,卖盘
18,14:58:37,245.5,-0.01,1,46154,卖盘
19,14:58:32,245.51,0.21,3,73653,中性盘
20,14:58:27,245.3,-0.21,8,196240,卖盘
21,14:58:22,245.51,0.01,9,220959,中性盘
22,14:58:17,245.5,-0.09,10,245500,卖盘
23,14:58:12,245.59,0.09,4,98236,中性盘
24,14:58:07,245.5,-0.1,2,66530,卖盘
25,14:58:02,245.6,0.1,19,466640,买盘
26,14:57:57,245.5,-0.01,18,441900,卖盘
27,14:57:52,245.51,--,8,206228,卖盘
28,14:57:47,245.51,-0.09,36,883836,卖盘
29,14:57:42,245.6,-0.02,2,49120,卖盘
30,14:57:37,245.62,0.01,1,24562,买盘
31,14:57:32,245.61,0.01,14,343854,中性盘
32,14:57:27,245.6,--,9,243144,卖盘
33,14:57:22,245.6,--,4,98240,卖盘
34,14:57:17,245.6,--,1,24560,卖盘
35,14:57:12,245.6,0.14,25,631192,买盘
36,14:57:07,245.46,0.17,2,49092,卖盘
37,14:57:02,245.29,-0.16,9,220761,卖盘
38,14:56:57,245.45,-0.05,8,196360,中性盘
39,14:56:52,245.5,0.22,8,196400,买盘
40,14:56:47,245.28,--,19,466032,卖盘
41,14:56:42,245.28,--,2,49056,卖盘
42,14:56:32,245.28,-0.22,8,196224,卖盘
43,14:56:27,245.5,--,13,319150,卖盘
44,14:56:22,245.5,--,3,73650,卖盘
45,14:56:17,245.5,0.28,1,24550,中性盘
46,14:56:12,245.22,-0.43,14,343308,卖盘
47,14:56:07,245.65,0.37,18,442170,买盘
48,14:56:02,245.28,-0.22,8,196224,卖盘
49,14:55:57,245.5,--,9,220950,卖盘
50,14:55:52,245.5,-0.17,4,98200,卖盘
51,14:55:47,245.67,0.17,19,466773,买盘
52,14:55:42,245.5,0.29,5,122750,中性盘
53,14:55:37,245.21,-0.46,5,122605,卖盘
54,14:55:32,245.67,0.17,4,98268,中性盘
55,14:55:27,245.5,--,33,810150,卖盘
56,14:55:22,245.5,--,6,147300,卖盘
57,14:55:17,245.5,0.36,51,1252050,买盘
58,14:55:12,245.14,-0.36,5,122570,卖盘
59,14:55:07,245.5,0.36,2,49100,买盘
60,14:55:02,245.14,-0.07,7,171598,卖盘
61,14:54:57,245.21,--,9,221915,卖盘
62,14:54:52,245.21,0.07,1,24521,卖盘
63,14:54:47,245.14,0.07,17,431936,中性盘
64,14:54:42,245.07,-0.13,48,1176336,卖盘
65,14:54:37,245.2,--,0,9808,卖盘
66,14:54:31,245.2,--,2,49040,卖盘
67,14:54:27,245.2,0.13,4,98080,中性盘
68,14:54:22,245.07,0.01,16,392112,卖盘
69,14:54:12,245.06,-0.14,23,578831,卖盘
70,14:54:07,245.2,--,17,438908,买盘
71,14:54:01,245.2,-0.08,1,24520,买盘
72,14:53:57,245.28,-0.59,2,49056,卖盘
73,14:53:51,245.87,0.85,4,98348,买盘
74,14:53:46,245.02,-0.87,215,5267930,卖盘
75,14:53:42,245.89,0.84,5,122945,买盘
76,14:53:37,245.05,-0.08,9,220545,卖盘
77,14:53:31,245.13,0.11,3,73539,买盘
78,14:53:26,245.02,--,26,637052,卖盘
79,14:53:22,245.02,-0.11,12,316075,卖盘
80,14:53:16,245.13,-0.49,194,4758463,卖盘
81,14:53:11,245.62,0.12,10,245620,买盘
82,14:53:06,245.5,--,12,294600,买盘
83,14:53:01,245.5,--,0,0,买盘
84,14:52:56,245.5,--,0,0,买盘
85,14:52:51,245.5,0.38,12,314240,买盘
86,14:52:46,245.12,--,7,193644,卖盘
87,14:52:41,245.12,-0.39,5,144620,卖盘
88,14:52:36,245.51,0.4,1,46646,中性盘
89,14:52:31,245.11,--,0,0,卖盘
90,14:52:26,245.11,-0.4,6,147066,卖盘
91,14:52:20,245.51,--,0,22095,卖盘
92,14:52:16,245.51,-0.11,2,71197,卖盘
93,14:52:11,245.62,0.11,0,22105,卖盘
94,14:52:06,245.51,-0.11,5,122755,卖盘
95,14:51:50,245.62,-0.37,12,316849,买盘
96,14:51:46,245.99,0.91,1,24599,买盘
97,14:51:41,245.08,-0.95,301,7376908,卖盘
98,14:51:36,246.03,0.04,23,565869,买盘
99,14:51:26,245.99,-0.01,11,290268,卖盘
100,14:51:21,246.0,-0.02,3,95940,卖盘
101,14:51:16,246.02,--,1,24602,买盘
102,14:51:11,246.02,-0.17,6,147612,卖盘
103,14:51:05,246.19,--,5,123095,买盘
104,14:50:56,246.19,0.17,1,24619,买盘
105,14:50:51,246.02,0.02,2,49204,卖盘
106,14:50:45,246.0,--,0,0,卖盘
107,14:50:41,246.0,--,30,738000,卖盘
108,14:50:36,246.0,-0.38,16,393600,卖盘
109,14:50:31,246.38,--,0,0,中性盘
110,14:50:26,246.38,0.38,17,418846,买盘
111,14:50:20,246.0,-0.29,5,123000,卖盘
112,14:50:11,246.29,0.4,16,396526,买盘
113,14:50:06,245.89,--,23,587677,卖盘
114,14:50:00,245.89,--,2,49178,卖盘
115,14:49:56,245.89,-0.11,29,713081,卖盘
116,14:49:50,246.0,--,5,123000,卖盘
117,14:49:41,246.0,--,7,172200,卖盘
118,14:49:35,246.0,--,4,98400,卖盘
119,14:49:31,246.0,--,1,24600,卖盘
120,14:49:26,246.0,--,8,196800,卖盘
121,14:49:21,246.0,--,9,223860,买盘
122,14:49:16,246.0,0.13,12,295200,买盘
123,14:49:11,245.87,--,17,417979,卖盘
124,14:49:05,245.87,--,2,49174,卖盘
125,14:49:01,245.87,--,4,98348,卖盘
126,14:48:50,245.87,0.02,8,196696,买盘
127,14:48:46,245.85,--,1,24585,买盘
128,14:48:41,245.85,0.28,2,49170,买盘
129,14:48:35,245.57,-0.27,24,589368,卖盘
130,14:48:30,245.84,--,11,270424,买盘
131,14:48:26,245.84,0.04,1,24584,买盘
132,14:48:20,245.8,--,4,98320,卖盘
133,14:48:11,245.8,0.23,5,122900,买盘
134,14:48:05,245.57,0.01,12,294684,买盘
135,14:48:01,245.56,-0.01,2,49112,卖盘
136,14:47:56,245.57,--,4,98228,买盘
137,14:47:50,245.57,0.05,1,24557,中性盘
138,14:47:41,245.52,--,3,73656,卖盘
139,14:47:35,245.52,-0.05,11,270072,卖盘
140,14:47:31,245.57,--,0,0,中性盘
141,14:47:26,245.57,-0.29,5,122785,中性盘
142,14:47:20,245.86,0.34,1,24586,买盘
143,14:47:15,245.52,--,2,49104,卖盘
144,14:47:11,245.52,--,0,0,卖盘
145,14:47:05,245.52,-0.03,5,122760,卖盘
146,14:47:01,245.55,0.03,3,73665,卖盘
147,14:46:50,245.52,0.02,27,662904,买盘
148,14:46:46,245.5,-0.02,3,73650,卖盘
149,14:46:40,245.52,-0.01,6,147312,买盘
150,14:46:35,245.53,0.01,9,220977,卖盘
151,14:46:30,245.52,0.02,1,24552,卖盘
152,14:46:20,245.5,--,5,122750,卖盘
153,14:46:14,245.5,-0.37,11,270050,卖盘
154,14:46:10,245.87,--,1,24587,买盘
155,14:46:05,245.87,0.36,6,147522,买盘
156,14:45:59,245.51,-0.36,7,171857,卖盘
157,14:45:50,245.87,0.36,1,24587,买盘
158,14:45:44,245.51,0.01,10,245510,买盘
159,14:45:35,245.5,-0.01,2,49100,卖盘
160,14:45:29,245.51,-0.09,6,147306,卖盘
161,14:45:25,245.6,-0.09,1,24560,卖盘
162,14:45:20,245.69,0.19,2,49138,中性盘
163,14:45:14,245.5,--,6,147300,卖盘
164,14:45:10,245.5,-0.2,10,245500,卖盘
165,14:45:05,245.7,0.19,4,98280,买盘
166,14:44:59,245.51,-0.17,3,73653,卖盘
167,14:44:55,245.68,0.18,1,24568,买盘
168,14:44:50,245.5,-0.19,5,122750,卖盘
169,14:44:44,245.69,--,6,147414,买盘
170,14:44:39,245.69,0.1,4,98276,买盘
171,14:44:35,245.59,0.14,1,24559,卖盘
172,14:44:29,245.45,-0.04,25,613625,卖盘
173,14:44:25,245.49,0.04,2,49098,卖盘
174,14:44:20,245.45,--,4,98180,卖盘
175,14:44:14,245.45,-0.14,10,245450,卖盘
176,14:44:09,245.59,0.14,2,49118,买盘
177,14:44:05,245.45,--,3,73635,卖盘
178,14:43:59,245.45,--,28,687260,买盘
179,14:43:54,245.45,--,1,24545,买盘
180,14:43:50,245.45,--,1,24545,买盘
181,14:43:44,245.45,--,1,24545,买盘
182,14:43:40,245.45,--,6,147270,买盘
183,14:43:35,245.45,--,16,392720,卖盘
184,14:43:29,245.45,--,18,441810,卖盘
185,14:43:20,245.45,0.07,20,490900,买盘
186,14:43:10,245.38,-0.02,9,220842,卖盘
187,14:43:05,245.4,0.03,1,24540,买盘
188,14:42:59,245.37,-0.01,2,49074,卖盘
189,14:42:50,245.38,-0.02,4,98152,中性盘
190,14:42:44,245.4,-0.04,3,73620,卖盘
191,14:42:39,245.44,0.07,1,24544,买盘
192,14:42:35,245.37,-0.01,1,24537,卖盘
193,14:42:29,245.38,-0.03,10,245380,卖盘
194,14:42:20,245.41,0.03,16,392656,买盘
195,14:42:14,245.38,-0.06,2,49076,卖盘
196,14:42:10,245.44,--,2,49088,买盘
197,14:42:05,245.44,--,4,98176,买盘
198,14:41:59,245.44,-0.02,4,98176,中性盘
199,14:41:55,245.46,0.01,4,98184,买盘
200,14:41:50,245.45,--,10,245450,卖盘
201,14:41:44,245.45,--,1,24545,卖盘
202,14:41:35,245.45,-0.07,3,73635,卖盘
203,14:41:25,245.52,0.07,26,638352,买盘
204,14:41:20,245.45,-0.05,12,294540,卖盘
205,14:41:14,245.5,-0.02,5,122750,卖盘
206,14:41:05,245.52,--,11,270072,买盘
207,14:40:59,245.52,--,6,147312,买盘
208,14:40:55,245.52,-0.09,5,122760,卖盘
209,14:40:50,245.61,0.07,5,122805,买盘
210,14:40:44,245.54,--,2,49108,卖盘
211,14:40:40,245.54,--,3,73662,卖盘
212,14:40:35,245.54,-0.02,6,147324,卖盘
213,14:40:29,245.56,-0.05,1,24556,卖盘
214,14:40:25,245.61,0.08,1,24561,买盘
215,14:40:19,245.53,0.01,1,24553,卖盘
216,14:40:14,245.52,--,88,2160576,卖盘
217,14:40:09,245.52,-0.01,14,343728,卖盘
218,14:40:04,245.53,-0.07,44,1080332,卖盘
219,14:39:59,245.6,0.07,16,392960,买盘
220,14:39:54,245.53,--,1,24553,卖盘
221,14:39:49,245.53,0.01,5,122765,中性盘
222,14:39:44,245.52,0.02,8,196416,中性盘
223,14:39:39,245.5,-0.1,10,245500,卖盘
224,14:39:29,245.6,0.02,4,98240,中性盘
225,14:39:24,245.58,-0.02,9,221022,卖盘
226,14:39:19,245.6,--,11,270160,卖盘
227,14:39:14,245.6,--,6,147360,卖盘
228,14:39:09,245.6,--,11,270160,卖盘
229,14:38:59,245.6,--,6,147360,卖盘
230,14:38:54,245.6,-0.01,13,319280,卖盘
231,14:38:49,245.61,-0.03,7,171927,卖盘
232,14:38:44,245.64,-0.05,5,122820,买盘
233,14:38:38,245.69,--,3,73707,买盘
234,14:38:23,245.69,--,4,98276,买盘
235,14:38:19,245.69,--,3,93362,卖盘
236,14:38:14,245.69,-0.02,1,29482,卖盘
237,14:38:08,245.71,--,23,584789,买盘
238,14:38:04,245.71,--,4,98284,中性盘
239,14:37:59,245.71,-0.04,8,196568,卖盘
240,14:37:53,245.75,0.05,1,24575,买盘
241,14:37:49,245.7,--,0,0,卖盘
242,14:37:44,245.7,--,26,638820,卖盘
243,14:37:38,245.7,-0.05,19,466830,卖盘
244,14:37:34,245.75,0.05,17,417775,买盘
245,14:37:29,245.7,-0.05,8,196560,卖盘
246,14:37:23,245.75,--,4,98300,买盘
247,14:37:19,245.75,--,0,0,买盘
248,14:37:14,245.75,0.04,29,712675,买盘
249,14:37:08,245.71,-0.04,32,786272,卖盘
250,14:37:04,245.75,0.04,10,245750,买盘
251,14:36:59,245.71,0.01,0,4914,买盘
252,14:36:53,245.7,--,4,98280,卖盘
253,14:36:49,245.7,--,4,98280,卖盘
254,14:36:44,245.7,-0.01,6,147420,卖盘
255,14:36:34,245.71,--,2,49142,买盘
256,14:36:29,245.71,0.01,1,24571,买盘
257,14:36:23,245.7,-0.01,9,221130,卖盘
258,14:36:19,245.71,-0.02,0,19656,卖盘
259,14:36:14,245.73,-0.03,2,49146,买盘
260,14:36:08,245.76,--,11,270336,买盘
261,14:36:03,245.76,-0.17,1,24576,中性盘
262,14:35:59,245.93,--,46,1131278,买盘
263,14:35:53,245.93,0.17,1,24593,买盘
264,14:35:49,245.76,--,2,49152,卖盘
265,14:35:38,245.76,-0.01,28,688128,卖盘
266,14:35:34,245.77,-0.16,15,368655,卖盘
267,14:35:29,245.93,--,7,172151,买盘
268,14:35:23,245.93,--,1,24593,买盘
269,14:35:14,245.93,0.15,11,270523,买盘
270,14:35:08,245.78,-0.02,11,270358,卖盘
271,14:35:04,245.8,--,7,172060,卖盘
272,14:34:53,245.8,-0.13,7,172060,卖盘
273,14:34:49,245.93,--,0,0,中性盘
274,14:34:44,245.93,0.17,1,24593,中性盘
275,14:34:38,245.76,--,6,147456,卖盘
276,14:34:34,245.76,-0.18,27,663552,卖盘
277,14:34:29,245.94,0.18,2,49188,中性盘
278,14:34:23,245.76,--,16,393216,卖盘
279,14:34:19,245.76,-0.18,2,49152,卖盘
280,14:34:13,245.94,--,47,1155918,买盘
281,14:34:08,245.94,0.15,9,221346,买盘
282,14:34:04,245.79,-0.06,3,73737,卖盘
283,14:33:58,245.85,0.06,4,98340,卖盘
284,14:33:53,245.79,-0.15,8,196632,卖盘
285,14:33:48,245.94,0.09,5,122970,买盘
286,14:33:44,245.85,0.03,3,73755,买盘
287,14:33:38,245.82,-0.12,2,49164,卖盘
288,14:33:33,245.94,-0.01,4,98376,买盘
289,14:33:28,245.95,--,3,73785,买盘
290,14:33:23,245.95,0.13,8,196760,买盘
291,14:33:13,245.82,-0.03,3,73746,中性盘
292,14:33:08,245.85,--,19,467115,买盘
293,14:32:58,245.85,-0.1,4,98340,买盘
294,14:32:53,245.95,0.1,8,196760,中性盘
295,14:32:48,245.85,-0.12,3,73755,卖盘
296,14:32:43,245.97,--,0,0,买盘
297,14:32:38,245.97,-0.01,4,98388,买盘
298,14:32:33,245.98,-0.41,1,27057,卖盘
299,14:32:28,246.39,0.43,3,96092,买盘
300,14:32:23,245.96,-0.32,6,147576,卖盘
301,14:32:18,246.28,0.29,10,246280,买盘
302,14:32:13,245.99,-0.29,1,24599,买盘
303,14:32:08,246.28,0.32,6,147768,买盘
304,14:32:03,245.96,-0.32,2,49192,卖盘
305,14:31:58,246.28,0.28,1,24628,买盘
306,14:31:53,246.0,0.15,2,49200,卖盘
307,14:31:48,245.85,--,1,24585,买盘
308,14:31:43,245.85,-0.14,2,49170,卖盘
309,14:31:38,245.99,-0.1,6,147594,卖盘
310,14:31:32,246.09,0.1,9,221481,买盘
311,14:31:28,245.99,0.08,9,221391,买盘
312,14:31:23,245.91,-0.01,2,49182,卖盘
313,14:31:17,245.92,-0.07,2,49184,卖盘
314,14:31:13,245.99,-0.03,1,24599,买盘
315,14:31:08,246.02,0.03,7,172214,买盘
316,14:31:02,245.99,-0.1,19,467381,卖盘
317,14:30:58,246.09,-0.19,2,49218,买盘
318,14:30:53,246.28,--,1,24628,买盘
319,14:30:47,246.28,--,4,98512,买盘
320,14:30:42,246.28,0.28,1,24628,买盘
321,14:30:38,246.0,-0.28,2,49200,卖盘
322,14:30:32,246.28,0.28,1,24628,买盘
323,14:30:28,246.0,--,3,73800,卖盘
324,14:30:23,246.0,0.18,2,49200,卖盘
325,14:30:17,245.82,--,0,0,卖盘
326,14:30:13,245.82,-0.02,15,368730,卖盘
327,14:30:08,245.84,-0.16,2,49168,中性盘
328,14:30:02,246.0,0.18,2,49200,买盘
329,14:29:58,245.82,-0.01,4,98328,卖盘
330,14:29:53,245.83,--,2,49166,卖盘
331,14:29:47,245.83,-0.17,7,172081,卖盘
332,14:29:43,246.0,--,1,24600,买盘
333,14:29:38,246.0,--,28,688800,买盘
334,14:29:32,246.0,--,0,0,买盘
335,14:29:28,246.0,--,22,541200,买盘
336,14:29:23,246.0,--,17,418200,买盘
337,14:29:17,246.0,--,3,73800,买盘
338,14:29:08,246.0,--,14,344400,买盘
339,14:29:02,246.0,0.2,8,196800,买盘
340,14:28:58,245.8,--,0,0,卖盘
341,14:28:53,245.8,--,29,712820,卖盘
342,14:28:47,245.8,--,4,98320,卖盘
343,14:28:43,245.8,-0.2,14,344120,卖盘
344,14:28:38,246.0,--,3,73800,买盘
345,14:28:32,246.0,0.2,1,24600,买盘
346,14:28:28,245.8,--,5,122900,卖盘
347,14:28:23,245.8,--,19,467020,卖盘
348,14:28:17,245.8,0.01,6,147480,买盘
349,14:28:13,245.79,--,3,73737,中性盘
350,14:28:08,245.79,-0.21,1,24579,买盘
351,14:28:02,246.0,0.25,2,49200,买盘
352,14:27:58,245.75,-0.01,6,147450,卖盘
353,14:27:52,245.76,-0.23,8,196608,中性盘
354,14:27:47,245.99,0.23,1,24599,买盘
355,14:27:37,245.76,-0.24,20,491520,卖盘
356,14:27:22,246.0,0.01,3,73800,买盘
357,14:27:17,245.99,0.24,1,24599,买盘
358,14:27:12,245.75,-0.05,6,147450,卖盘
359,14:27:07,245.8,0.05,17,417860,买盘
360,14:27:02,245.75,--,7,172025,卖盘
361,14:26:57,245.75,-0.05,2,49150,卖盘
362,14:26:52,245.8,0.03,2,49160,中性盘
363,14:26:47,245.77,-0.22,16,393232,卖盘
364,14:26:42,245.99,-0.01,4,98396,卖盘
365,14:26:37,246.0,0.24,2,49200,买盘
366,14:26:32,245.76,-0.23,2,49152,卖盘
367,14:26:27,245.99,--,0,0,中性盘
368,14:26:22,245.99,0.22,6,147594,买盘
369,14:26:17,245.77,-0.19,4,98308,卖盘
370,14:26:07,245.96,--,12,295152,买盘
371,14:26:02,245.96,0.19,2,49192,买盘
372,14:25:57,245.77,--,2,49154,卖盘
373,14:25:52,245.77,-0.03,3,73731,卖盘
374,14:25:47,245.8,-0.19,40,983200,卖盘
375,14:25:37,245.99,--,0,0,买盘
376,14:25:32,245.99,--,3,73797,买盘
377,14:25:27,245.99,0.23,1,24599,买盘
378,14:25:22,245.76,--,2,49152,卖盘
379,14:25:17,245.76,-0.24,13,319488,卖盘
380,14:25:12,246.0,0.2,24,593844,买盘
381,14:25:02,245.8,0.04,2,49160,买盘
382,14:24:57,245.76,--,4,98304,买盘
383,14:24:47,245.76,-0.23,23,565248,卖盘
384,14:24:42,245.99,--,5,122995,买盘
385,14:24:37,245.99,0.23,2,49198,买盘
386,14:24:26,245.76,-0.21,6,147456,卖盘
387,14:24:22,245.97,0.26,6,147582,买盘
388,14:24:17,245.71,-0.09,11,270281,卖盘
389,14:24:11,245.8,0.07,4,98320,买盘
390,14:24:07,245.73,--,0,0,卖盘
391,14:24:02,245.73,-0.02,22,540606,卖盘
392,14:23:56,245.75,-0.05,2,54065,卖盘
393,14:23:52,245.8,--,0,0,中性盘
394,14:23:46,245.8,-0.18,2,49160,中性盘
395,14:23:41,245.98,0.23,1,24598,买盘
396,14:23:37,245.75,-0.24,4,98300,卖盘
397,14:23:32,245.99,0.24,1,24599,买盘
398,14:23:26,245.75,--,5,122875,卖盘
399,14:23:17,245.75,--,10,245750,买盘
400,14:23:11,245.75,0.01,21,516075,买盘
401,14:23:07,245.74,--,0,0,中性盘
402,14:23:02,245.74,0.02,1,24574,中性盘
403,14:22:56,245.72,-0.04,5,122860,卖盘
404,14:22:47,245.76,0.05,31,761856,中性盘
405,14:22:41,245.71,-0.29,2,49142,卖盘
406,14:22:37,246.0,--,0,0,买盘
407,14:22:32,246.0,0.01,4,98400,买盘
408,14:22:26,245.99,-0.01,5,122995,卖盘
409,14:22:22,246.0,--,2,49200,买盘
410,14:22:16,246.0,0.01,8,196800,买盘
411,14:22:11,245.99,--,5,122995,卖盘
412,14:22:07,245.99,--,2,49198,卖盘
413,14:22:01,245.99,--,2,49198,卖盘
414,14:21:56,245.99,--,6,147594,买盘
415,14:21:52,245.99,0.24,4,98396,买盘
416,14:21:41,245.75,--,7,172025,卖盘
417,14:21:37,245.75,-0.23,6,147450,卖盘
418,14:21:26,245.98,0.23,5,122990,买盘
419,14:21:22,245.75,--,0,0,中性盘
420,14:21:16,245.75,0.02,3,73725,买盘
421,14:21:11,245.73,-0.02,14,344022,卖盘
422,14:21:06,245.75,--,10,245750,买盘
423,14:21:02,245.75,--,4,98300,买盘
424,14:20:56,245.75,0.02,1,24575,中性盘
425,14:20:51,245.73,-0.02,8,196584,卖盘
426,14:20:46,245.75,-0.24,4,98300,卖盘
427,14:20:41,245.99,0.23,9,221391,买盘
428,14:20:36,245.76,-0.23,1,24576,卖盘
429,14:20:31,245.99,--,4,98396,买盘
430,14:20:26,245.99,--,12,295188,买盘
431,14:20:21,245.99,0.21,1,24599,买盘
432,14:20:16,245.78,-0.22,4,98312,买盘
433,14:20:11,246.0,0.25,18,442800,买盘
434,14:20:06,245.75,-0.24,6,147450,卖盘
435,14:20:01,245.99,0.24,6,147594,卖盘
436,14:19:56,245.75,-0.25,4,98300,中性盘
437,14:19:51,246.0,0.01,1,24600,买盘
438,14:19:46,245.99,--,4,98396,买盘
439,14:19:41,245.99,0.27,4,98396,买盘
440,14:19:36,245.72,-0.03,2,49144,卖盘
441,14:19:26,245.75,-0.24,1,24575,中性盘
442,14:19:16,245.99,0.03,3,73797,买盘
443,14:19:11,245.96,--,14,344344,买盘
444,14:19:06,245.96,--,3,73788,买盘
445,14:19:01,245.96,--,1,24596,买盘
446,14:18:56,245.96,0.21,1,24596,买盘
447,14:18:51,245.75,0.04,2,49150,卖盘
448,14:18:46,245.71,-0.29,9,221139,卖盘
449,14:18:41,246.0,0.28,15,369000,买盘
450,14:18:36,245.72,-0.24,4,98288,卖盘
451,14:18:31,245.96,-0.03,3,73788,卖盘
452,14:18:26,245.99,--,2,49198,卖盘
453,14:18:21,245.99,0.3,6,150299,买盘
454,14:18:16,245.69,-0.29,5,122845,卖盘
455,14:18:11,245.98,--,5,122990,买盘
456,14:18:06,245.98,-0.01,5,122990,买盘
457,14:18:01,245.99,--,0,0,买盘
458,14:17:56,245.99,0.3,5,122995,买盘
459,14:17:46,245.69,0.04,2,49138,中性盘
460,14:17:41,245.65,--,6,147390,卖盘
461,14:17:36,245.65,-0.34,4,98260,卖盘
462,14:17:31,245.99,0.33,1,24599,买盘
463,14:17:21,245.66,--,3,73698,中性盘
464,14:17:16,245.66,-0.02,14,343924,卖盘
465,14:17:11,245.68,0.02,1,24568,买盘
466,14:17:06,245.66,-0.02,6,147396,卖盘
467,14:17:01,245.68,0.02,1,24568,买盘
468,14:16:56,245.66,--,4,98264,卖盘
469,14:16:51,245.66,--,0,0,卖盘
470,14:16:46,245.66,-0.02,1,24566,卖盘
471,14:16:41,245.68,--,1,24568,买盘
472,14:16:36,245.68,0.02,2,49136,中性盘
473,14:16:31,245.66,--,3,73698,卖盘
474,14:16:20,245.66,-0.32,13,319358,卖盘
475,14:16:16,245.98,--,1,24598,买盘
476,14:16:11,245.98,--,3,73794,买盘
477,14:16:05,245.98,--,6,147588,买盘
478,14:16:00,245.98,--,1,24598,买盘
479,14:15:55,245.98,-0.02,1,24598,买盘
480,14:15:45,246.0,--,1,24600,买盘
481,14:15:40,246.0,--,25,615000,买盘
482,14:15:35,246.0,--,4,98400,买盘
483,14:15:30,246.0,--,3,73800,买盘
484,14:15:25,246.0,0.02,4,98400,买盘
485,14:15:20,245.98,-0.02,2,49196,买盘
486,14:15:15,246.0,0.1,2,49200,买盘
487,14:15:10,245.9,0.25,8,196720,买盘
488,14:15:05,245.65,--,4,98260,中性盘
489,14:15:01,245.65,-0.25,4,98260,中性盘
490,14:14:55,245.9,0.29,4,98360,买盘
491,14:14:50,245.61,-0.38,12,294732,卖盘
492,14:14:40,245.99,0.34,1,24599,买盘
493,14:14:35,245.65,-0.34,8,196520,中性盘
494,14:14:31,245.99,0.09,2,49198,买盘
495,14:14:25,245.9,-0.02,2,49180,卖盘
496,14:14:20,245.92,0.27,1,24592,买盘
497,14:14:16,245.65,--,0,0,卖盘
498,14:14:10,245.65,-0.25,9,221085,中性盘
499,14:14:05,245.9,0.26,2,49180,中性盘
500,14:14:00,245.64,-0.28,5,122820,卖盘
501,14:13:55,245.92,0.28,1,24592,买盘
502,14:13:50,245.64,0.02,8,197985,买盘
503,14:13:45,245.62,-0.02,1,24562,卖盘
504,14:13:40,245.64,--,11,270204,买盘
505,14:13:35,245.64,0.01,10,245640,买盘
506,14:13:30,245.63,--,0,0,卖盘
507,14:13:25,245.63,-0.29,13,319319,卖盘
508,14:13:20,245.92,--,1,24592,买盘
509,14:13:15,245.92,--,3,73776,卖盘
510,14:13:10,245.92,--,11,270512,买盘
511,14:13:05,245.92,--,5,122960,卖盘
512,14:13:00,245.92,-0.06,6,147552,卖盘
513,14:12:50,245.98,0.06,7,172186,买盘
514,14:12:45,245.92,0.3,6,147552,买盘
515,14:12:40,245.62,--,19,466678,卖盘
516,14:12:35,245.62,-0.01,6,147372,卖盘
517,14:12:30,245.63,-0.29,5,122815,卖盘
518,14:12:25,245.92,0.29,12,295104,买盘
519,14:12:20,245.63,-0.35,2,49126,中性盘
520,14:12:15,245.98,0.06,12,295176,买盘
521,14:12:10,245.92,--,10,245920,买盘
522,14:12:05,245.92,0.3,7,172144,买盘
523,14:12:00,245.62,-0.36,8,196496,卖盘
524,14:11:55,245.98,0.36,1,24598,买盘
525,14:11:50,245.62,-0.36,13,319306,卖盘
526,14:11:40,245.98,--,38,934724,卖盘
527,14:11:35,245.98,-0.02,7,172186,卖盘
528,14:11:30,246.0,-0.06,1,24600,买盘
529,14:11:25,246.06,-0.17,11,270666,卖盘
530,14:11:20,246.23,--,1,24623,卖盘
531,14:11:15,246.23,0.17,1,24623,卖盘
532,14:11:10,246.06,-0.17,5,123030,卖盘
533,14:11:05,246.23,0.17,37,911051,买盘
534,14:11:00,246.06,-0.14,6,147636,卖盘
535,14:10:55,246.2,0.14,10,246200,买盘
536,14:10:50,246.06,0.06,3,73818,买盘
537,14:10:45,246.0,--,5,123000,买盘
538,14:10:40,246.0,0.01,7,172200,买盘
539,14:10:35,245.99,--,29,713371,买盘
540,14:10:30,245.99,0.01,7,172193,买盘
541,14:10:25,245.98,-0.01,12,295176,中性盘
542,14:10:20,245.99,0.33,5,122995,买盘
543,14:10:15,245.66,-0.31,1,24566,卖盘
544,14:10:10,245.97,--,2,49194,买盘
545,14:10:05,245.97,0.24,19,467343,买盘
546,14:10:00,245.73,0.13,2,49146,买盘
547,14:09:55,245.6,0.02,5,122800,买盘
548,14:09:50,245.58,-0.02,55,1373774,卖盘
549,14:09:45,245.6,--,16,394433,买盘
550,14:09:40,245.6,-0.1,2,72206,卖盘
551,14:09:35,245.7,-0.03,6,147420,卖盘
552,14:09:25,245.73,--,52,1279270,买盘
553,14:09:20,245.73,--,9,221157,买盘
554,14:09:15,245.73,0.1,3,73719,买盘
555,14:09:10,245.63,-0.01,3,73689,卖盘
556,14:09:05,245.64,0.01,16,393024,卖盘
557,14:08:55,245.63,0.02,8,196504,中性盘
558,14:08:50,245.61,0.01,4,98244,买盘
559,14:08:40,245.6,0.05,8,196480,买盘
560,14:08:35,245.55,--,11,270105,卖盘
561,14:08:30,245.55,--,2,49110,卖盘
562,14:08:25,245.55,0.04,2,49110,中性盘
563,14:08:20,245.51,-0.04,7,171857,卖盘
564,14:08:15,245.55,--,2,49110,卖盘
565,14:08:09,245.55,0.04,1,24555,买盘
566,14:08:05,245.51,-0.04,27,662877,卖盘
567,14:08:00,245.55,0.04,8,196440,中性盘
568,14:07:54,245.51,-0.04,2,49102,卖盘
569,14:07:50,245.55,--,7,171885,卖盘
570,14:07:45,245.55,-0.05,7,171885,卖盘
571,14:07:39,245.6,0.04,5,122800,买盘
572,14:07:35,245.56,0.01,36,884016,买盘
573,14:07:29,245.55,0.04,1,24555,买盘
574,14:07:25,245.51,--,4,98204,买盘
575,14:07:20,245.51,-0.14,13,319163,卖盘
576,14:07:14,245.65,-0.06,3,73695,卖盘
577,14:07:10,245.71,-0.02,1,24571,买盘
578,14:07:04,245.73,0.13,24,589752,买盘
579,14:06:59,245.6,-0.05,4,98240,中性盘
580,14:06:55,245.65,0.05,1,24565,中性盘
581,14:06:49,245.6,0.02,15,368400,中性盘
582,14:06:44,245.58,-0.13,4,98232,卖盘
583,14:06:39,245.71,0.05,5,122855,买盘
584,14:06:34,245.66,0.01,12,294792,中性盘
585,14:06:29,245.65,-0.04,5,122825,卖盘
586,14:06:25,245.69,0.02,2,49138,中性盘
587,14:06:19,245.67,-0.04,12,294804,卖盘
588,14:06:14,245.71,--,10,245710,卖盘
589,14:06:09,245.71,0.04,5,122855,卖盘
590,14:06:04,245.67,-0.03,6,147402,卖盘
591,14:05:59,245.7,0.03,3,73710,中性盘
592,14:05:54,245.67,-0.02,3,73701,卖盘
593,14:05:49,245.69,-0.19,20,491380,卖盘
594,14:05:44,245.88,0.18,6,147528,买盘
595,14:05:39,245.7,--,5,122850,卖盘
596,14:05:34,245.7,--,9,221130,卖盘
597,14:05:29,245.7,-0.18,5,122850,卖盘
598,14:05:24,245.88,0.17,1,24588,买盘
599,14:05:19,245.71,-0.19,4,98284,卖盘
600,14:05:14,245.9,--,0,0,买盘
601,14:05:09,245.9,0.08,2,49180,卖盘
602,14:05:04,245.82,-0.08,13,319566,卖盘
603,14:04:59,245.9,--,3,73770,卖盘
604,14:04:54,245.9,--,1,24590,卖盘
605,14:04:49,245.9,-0.01,4,98360,卖盘
606,14:04:44,245.91,0.01,6,147546,中性盘
607,14:04:39,245.9,0.02,12,295080,卖盘
608,14:04:34,245.88,-0.12,4,98352,中性盘
609,14:04:29,246.0,0.09,14,344400,买盘
610,14:04:24,245.91,-0.09,5,122955,中性盘
611,14:04:19,246.0,-0.25,3,73800,买盘
612,14:04:14,246.25,0.25,7,172375,买盘
613,14:04:09,246.0,-0.28,2,49200,卖盘
614,14:04:04,246.28,0.28,9,221652,买盘
615,14:03:59,246.0,--,5,123000,卖盘
616,14:03:49,246.0,--,7,172200,卖盘
617,14:03:43,246.0,--,2,49200,卖盘
618,14:03:39,246.0,-0.28,10,246000,卖盘
619,14:03:34,246.28,0.28,1,24628,买盘
620,14:03:29,246.0,-0.05,8,196800,卖盘
621,14:03:24,246.05,-0.25,1,24605,中性盘
622,14:03:19,246.3,--,16,394080,买盘
623,14:03:14,246.3,0.3,15,369450,买盘
624,14:03:04,246.0,-0.01,14,344400,卖盘
625,14:02:59,246.01,--,15,369015,卖盘
626,14:02:54,246.01,-0.04,4,98404,卖盘
627,14:02:49,246.05,--,2,49210,买盘
628,14:02:44,246.05,--,11,270655,买盘
629,14:02:39,246.05,-0.25,4,98420,卖盘
630,14:02:34,246.3,-0.08,2,49260,买盘
631,14:02:28,246.38,--,3,73914,买盘
632,14:02:24,246.38,--,1,24638,买盘
633,14:02:19,246.38,0.08,4,98552,中性盘
634,14:02:14,246.3,-0.11,3,73890,卖盘
635,14:02:09,246.41,--,0,0,买盘
636,14:02:04,246.41,0.11,22,542102,买盘
637,14:01:53,246.3,-0.11,53,1305390,卖盘
638,14:01:49,246.41,-0.09,5,123205,买盘
639,14:01:44,246.5,--,10,246500,买盘
640,14:01:39,246.5,--,1,24650,买盘
641,14:01:34,246.5,0.09,2,49300,买盘
642,14:01:29,246.41,--,7,172487,卖盘
643,14:01:19,246.41,0.02,12,295692,买盘
644,14:01:14,246.39,0.02,9,221751,中性盘
645,14:01:09,246.37,-0.01,1,24637,卖盘
646,14:01:04,246.38,0.01,4,98552,买盘
647,14:00:53,246.37,--,2,49274,卖盘
648,14:00:49,246.37,0.02,1,24637,买盘
649,14:00:43,246.35,0.01,27,665145,买盘
650,14:00:38,246.34,--,0,0,中性盘
651,14:00:33,246.34,0.01,3,73902,中性盘
652,14:00:29,246.33,-0.05,21,517293,卖盘
653,14:00:23,246.38,--,0,0,买盘
654,14:00:19,246.38,--,5,123190,买盘
655,14:00:14,246.38,0.01,11,271018,买盘
656,14:00:09,246.37,-0.04,6,147822,卖盘
657,14:00:04,246.41,-0.09,7,172487,卖盘
658,13:59:59,246.5,-0.01,8,197200,中性盘
659,13:59:48,246.51,0.1,5,123255,买盘
660,13:59:44,246.41,-0.1,14,344974,卖盘
661,13:59:39,246.51,-0.01,1,24651,中性盘
662,13:59:29,246.52,0.02,3,73956,买盘
663,13:59:24,246.5,-0.11,17,419050,卖盘
664,13:59:14,246.61,--,0,0,中性盘
665,13:59:07,246.61,0.01,7,172627,买盘
666,13:58:59,246.6,-0.01,6,147960,卖盘
667,13:58:53,246.61,0.01,9,221949,中性盘
668,13:58:48,246.6,-0.01,1,24660,卖盘
669,13:58:43,246.61,--,10,246610,买盘
670,13:58:37,246.61,0.01,5,123305,买盘
671,13:58:33,246.6,--,6,147960,买盘
672,13:58:28,246.6,0.02,7,172620,买盘
673,13:58:22,246.58,-0.03,2,49316,卖盘
674,13:58:13,246.61,--,0,0,买盘
675,13:58:08,246.61,0.01,4,98644,中性盘
676,13:58:03,246.6,-0.01,7,172620,卖盘
677,13:57:58,246.61,-0.33,1,24661,中性盘
678,13:57:52,246.94,--,10,246940,买盘
679,13:57:48,246.94,0.34,1,24694,买盘
680,13:57:43,246.6,--,0,0,卖盘
681,13:57:37,246.6,-0.01,12,295920,卖盘
682,13:57:28,246.61,0.01,3,73983,卖盘
683,13:57:23,246.6,-0.38,2,49320,卖盘
684,13:57:18,246.98,0.38,3,74094,买盘
685,13:57:13,246.6,--,1,24660,卖盘
686,13:57:07,246.6,--,12,295920,卖盘
687,13:57:02,246.6,--,0,0,卖盘
688,13:56:58,246.6,--,8,197280,卖盘
689,13:56:52,246.6,-0.38,18,443880,卖盘
690,13:56:43,246.98,0.38,3,74094,买盘
691,13:56:37,246.6,--,6,147960,卖盘
692,13:56:32,246.6,-0.2,10,246600,卖盘
693,13:56:28,246.8,--,11,271480,买盘
694,13:56:22,246.8,0.2,2,49360,买盘
695,13:56:18,246.6,--,3,73980,卖盘
696,13:56:13,246.6,-0.05,4,98640,卖盘
697,13:56:07,246.65,0.05,2,49330,中性盘
698,13:56:03,246.6,0.02,3,73980,卖盘
699,13:55:58,246.58,--,10,246580,卖盘
700,13:55:52,246.58,0.02,4,98632,中性盘
701,13:55:48,246.56,-0.02,11,271216,卖盘
702,13:55:43,246.58,-0.42,3,73974,买盘
703,13:55:33,247.0,--,20,494000,买盘
704,13:55:28,247.0,0.4,3,74100,买盘
705,13:55:22,246.6,-0.4,5,123300,卖盘
706,13:55:18,247.0,0.4,1,24700,买盘
707,13:55:13,246.6,0.02,1,24660,卖盘
708,13:55:07,246.58,0.02,13,320554,买盘
709,13:55:03,246.56,-0.02,4,98624,卖盘
710,13:54:58,246.58,-0.41,3,73974,中性盘
711,13:54:52,246.99,0.44,5,123495,买盘
712,13:54:47,246.55,-0.03,9,221895,卖盘
713,13:54:43,246.58,--,1,24658,卖盘
714,13:54:37,246.58,0.03,3,73974,买盘
715,13:54:32,246.55,--,2,49310,卖盘
716,13:54:28,246.55,-0.03,18,443790,卖盘
717,13:54:22,246.58,0.01,2,49316,买盘
718,13:54:18,246.57,-0.01,1,24657,买盘
719,13:54:07,246.58,--,12,295896,买盘
720,13:54:02,246.58,--,0,0,买盘
721,13:53:58,246.58,-0.39,20,493160,卖盘
722,13:53:52,246.97,0.37,1,24697,买盘
723,13:53:47,246.6,-0.37,1,24660,卖盘
724,13:53:43,246.97,-0.01,2,49394,中性盘
725,13:53:37,246.98,--,4,98792,买盘
726,13:53:32,246.98,0.38,1,24698,买盘
727,13:53:28,246.6,-0.38,3,73980,中性盘
728,13:53:22,246.98,--,3,74094,买盘
729,13:53:13,246.98,--,13,321074,买盘
730,13:53:07,246.98,--,2,49396,买盘
731,13:52:58,246.98,0.38,8,197584,买盘
732,13:52:52,246.6,-0.28,3,73980,卖盘
733,13:52:47,246.88,0.27,1,24688,买盘
734,13:52:43,246.61,--,2,49322,买盘
735,13:52:37,246.61,-0.29,13,342787,卖盘
736,13:52:32,246.9,0.2,12,296280,买盘
737,13:52:26,246.7,-0.18,6,148020,卖盘
738,13:52:22,246.88,--,2,49376,卖盘
739,13:52:17,246.88,--,4,98752,卖盘
740,13:52:07,246.88,--,1,24688,卖盘
741,13:52:02,246.88,--,1,27156,买盘
742,13:51:56,246.88,-0.12,7,172816,卖盘
743,13:51:52,247.0,0.12,2,49400,买盘
744,13:51:46,246.88,-0.11,4,98752,卖盘
745,13:51:37,246.99,0.1,4,98796,买盘
746,13:51:31,246.89,0.3,6,148134,买盘
747,13:51:26,246.59,0.03,2,49318,买盘
748,13:51:22,246.56,-0.32,10,246560,卖盘
749,13:51:16,246.88,--,129,3184752,买盘
750,13:51:11,246.88,0.26,4,98752,买盘
751,13:51:07,246.62,0.01,13,320606,买盘
752,13:51:01,246.61,--,25,616525,买盘
753,13:50:56,246.61,--,0,0,中性盘
754,13:50:52,246.61,-0.01,12,295932,卖盘
755,13:50:46,246.62,-0.34,7,172634,卖盘
756,13:50:37,246.96,0.16,1,24696,买盘
757,13:50:31,246.8,-0.09,11,271480,卖盘
758,13:50:26,246.89,--,1,24689,卖盘
759,13:50:22,246.89,-0.11,2,49378,卖盘
760,13:50:16,247.0,--,2,49400,买盘
761,13:50:11,247.0,--,4,98800,买盘
762,13:50:07,247.0,--,8,197600,买盘
763,13:50:01,247.0,--,16,395200,买盘
764,13:49:56,247.0,--,17,426322,卖盘
765,13:49:52,247.0,--,49,1210300,卖盘
766,13:49:46,247.0,--,2,49400,卖盘
767,13:49:41,247.0,--,5,123500,卖盘
768,13:49:37,247.0,-0.07,25,635778,卖盘
769,13:49:31,247.07,--,1,24707,买盘
770,13:49:26,247.07,0.07,3,74121,买盘
771,13:49:22,247.0,-0.27,10,253422,卖盘
772,13:49:16,247.27,0.2,4,98908,卖盘
773,13:49:11,247.07,--,0,0,卖盘
774,13:49:07,247.07,-0.2,10,265353,卖盘
775,13:49:01,247.27,--,1,24727,买盘
776,13:48:56,247.27,--,0,0,买盘
777,13:48:52,247.27,0.02,8,197816,买盘
778,13:48:46,247.25,-0.04,23,575103,卖盘
779,13:48:37,247.29,0.02,2,49458,买盘
780,13:48:31,247.27,-0.03,4,98908,卖盘
781,13:48:26,247.3,--,0,0,买盘
782,13:48:22,247.3,--,3,74190,买盘
783,13:48:16,247.3,--,6,148380,买盘
784,13:48:11,247.3,--,3,74190,买盘
785,13:48:07,247.3,--,17,420410,买盘
786,13:48:01,247.3,--,15,389250,买盘
787,13:47:56,247.3,--,7,173110,中性盘
788,13:47:51,247.3,--,33,816090,卖盘
789,13:47:46,247.3,--,4,98920,卖盘
790,13:47:37,247.3,--,5,123650,卖盘
791,13:47:26,247.3,-0.08,10,247300,卖盘
792,13:47:22,247.38,0.07,5,123690,买盘
793,13:47:16,247.31,--,5,123655,卖盘
794,13:47:11,247.31,0.01,2,49462,买盘
795,13:47:07,247.3,0.02,4,98920,买盘
796,13:47:01,247.28,--,1,24728,卖盘
797,13:46:56,247.28,--,2,49456,卖盘
798,13:46:52,247.28,--,17,420376,卖盘
799,13:46:46,247.28,--,4,98912,卖盘
800,13:46:41,247.28,--,2,49456,卖盘
801,13:46:37,247.28,--,20,494560,卖盘
802,13:46:31,247.28,0.01,69,1706232,买盘
803,13:46:26,247.27,0.02,5,123635,买盘
804,13:46:21,247.25,-0.02,5,123625,卖盘
805,13:46:16,247.27,0.17,15,370905,买盘
806,13:46:11,247.1,0.1,6,160615,买盘
807,13:46:07,247.0,0.03,5,123500,买盘
808,13:45:56,246.97,-0.13,2,49394,买盘
809,13:45:51,247.1,0.03,24,605395,买盘
810,13:45:46,247.07,--,1,24707,中性盘
811,13:45:36,247.07,0.08,2,49414,买盘
812,13:45:31,246.99,--,4,98796,卖盘
813,13:45:26,246.99,-0.11,2,49398,卖盘
814,13:45:21,247.1,0.03,12,296520,买盘
815,13:45:16,247.07,--,0,0,中性盘
816,13:45:11,247.07,0.07,5,135888,买盘
817,13:45:05,247.0,--,8,197600,买盘
818,13:45:01,247.0,0.01,59,1457300,买盘
819,13:44:56,246.99,0.02,7,172893,买盘
820,13:44:50,246.97,0.01,1,24697,中性盘
821,13:44:46,246.96,--,11,271656,卖盘
822,13:44:41,246.96,-0.02,9,222264,卖盘
823,13:44:35,246.98,--,5,123490,买盘
824,13:44:31,246.98,--,6,148188,买盘
825,13:44:26,246.98,0.02,21,518658,买盘
826,13:44:20,246.96,0.03,2,49392,卖盘
827,13:44:16,246.93,--,0,0,卖盘
828,13:44:10,246.93,-0.04,5,123465,买盘
829,13:44:05,246.97,--,1,24697,买盘
830,13:44:01,246.97,0.07,8,197576,买盘
831,13:43:55,246.9,0.01,14,345660,买盘
832,13:43:50,246.89,-0.08,1,24689,中性盘
833,13:43:46,246.97,0.07,12,296364,买盘
834,13:43:40,246.9,-0.06,11,271590,中性盘
835,13:43:35,246.96,0.01,10,246960,买盘
836,13:43:31,246.95,--,10,246950,买盘
837,13:43:25,246.95,0.06,20,493900,买盘
838,13:43:20,246.89,--,5,123445,卖盘
839,13:43:10,246.89,0.39,2,49378,卖盘
840,13:43:05,246.5,-0.45,2,49300,卖盘
841,13:43:01,246.95,0.06,7,172865,买盘
842,13:42:55,246.89,-0.04,1,24689,买盘
843,13:42:50,246.93,--,0,0,中性盘
844,13:42:40,246.93,-0.03,13,321009,卖盘
845,13:42:31,246.96,0.01,4,98784,买盘
846,13:42:20,246.95,--,2,49390,买盘
847,13:42:16,246.95,--,32,790240,买盘
848,13:42:10,246.95,--,5,123475,买盘
849,13:42:05,246.95,0.45,2,49390,买盘
850,13:42:01,246.5,--,8,197200,卖盘
851,13:41:55,246.5,0.09,8,199665,买盘
852,13:41:50,246.41,-0.09,6,147846,卖盘
853,13:41:46,246.5,--,4,98600,买盘
854,13:41:40,246.5,--,1,24650,中性盘
855,13:41:35,246.5,-0.37,1,24650,卖盘
856,13:41:31,246.87,-0.08,1,24687,买盘
857,13:41:25,246.95,--,1,24695,买盘
858,13:41:20,246.95,0.05,7,172865,买盘
859,13:41:16,246.9,-0.05,6,148140,中性盘
860,13:41:05,246.95,-0.01,7,172865,中性盘
861,13:41:01,246.96,0.01,15,370440,买盘
862,13:40:55,246.95,0.05,1,24695,买盘
863,13:40:50,246.9,--,1,24690,卖盘
864,13:40:46,246.9,--,25,617250,卖盘
865,13:40:40,246.9,--,2,49380,卖盘
866,13:40:31,246.9,--,1,24690,卖盘
867,13:40:25,246.9,-0.03,15,370350,卖盘
868,13:40:20,246.93,--,8,197544,卖盘
869,13:40:16,246.93,0.03,158,3901494,中性盘
870,13:40:10,246.9,-0.03,67,1654230,卖盘
871,13:40:05,246.93,0.03,1,24693,买盘
872,13:40:01,246.9,--,1,24690,卖盘
873,13:39:55,246.9,--,7,172830,卖盘
874,13:39:50,246.9,--,10,246900,卖盘
875,13:39:46,246.9,-0.02,11,271590,卖盘
876,13:39:40,246.92,0.01,5,123460,卖盘
877,13:39:35,246.91,--,3,74073,买盘
878,13:39:30,246.91,-0.03,7,172837,卖盘
879,13:39:25,246.94,0.01,2,49388,买盘
880,13:39:15,246.93,--,6,148158,买盘
881,13:39:10,246.93,0.06,25,617325,买盘
882,13:39:05,246.87,-0.04,1,24687,卖盘
883,13:39:00,246.91,0.04,5,123455,买盘
884,13:38:55,246.87,0.5,8,197496,中性盘
885,13:38:50,246.37,--,2,49274,买盘
886,13:38:45,246.37,-0.53,4,98548,卖盘
887,13:38:40,246.9,0.03,19,469110,买盘
888,13:38:35,246.87,0.5,3,74061,买盘
889,13:38:30,246.37,-0.51,17,418829,卖盘
890,13:38:25,246.88,--,7,172816,买盘
891,13:38:20,246.88,0.54,1,24688,买盘
892,13:38:15,246.34,0.01,9,221706,卖盘
893,13:38:10,246.33,-0.57,12,295596,卖盘
894,13:38:05,246.9,0.53,50,1234500,买盘
895,13:38:00,246.37,--,0,0,中性盘
896,13:37:55,246.37,--,5,123185,买盘
897,13:37:50,246.37,0.04,1,24637,买盘
898,13:37:40,246.33,--,5,123165,卖盘
899,13:37:35,246.33,0.01,2,49266,卖盘
900,13:37:29,246.32,-0.56,8,197056,卖盘
901,13:37:25,246.88,0.51,8,197504,买盘
902,13:37:20,246.37,--,0,0,卖盘
903,13:37:14,246.37,--,6,147822,卖盘
904,13:37:10,246.37,-0.51,28,689836,卖盘
905,13:37:04,246.88,--,0,0,中性盘
906,13:36:59,246.88,0.51,1,24688,买盘
907,13:36:55,246.37,-0.52,6,147822,卖盘
908,13:36:44,246.89,--,2,49378,买盘
909,13:36:40,246.89,0.52,9,222201,买盘
910,13:36:29,246.37,-0.52,2,49274,卖盘
911,13:36:25,246.89,0.39,8,197512,买盘
912,13:36:19,246.5,0.18,1,24650,买盘
913,13:36:14,246.32,-0.18,3,73896,卖盘
914,13:36:10,246.5,--,1,24650,中性盘
915,13:36:04,246.5,--,3,73950,卖盘
916,13:35:59,246.5,--,2,49300,买盘
917,13:35:55,246.5,--,4,98600,买盘
918,13:35:49,246.5,--,4,98600,卖盘
919,13:35:44,246.5,-0.01,1,24650,卖盘
920,13:35:40,246.51,-0.01,15,369765,卖盘
921,13:35:29,246.52,--,0,0,中性盘
922,13:35:25,246.52,-0.4,2,49304,卖盘
923,13:35:19,246.92,0.42,6,148152,买盘
924,13:35:14,246.5,--,10,246500,卖盘
925,13:35:10,246.5,-0.02,24,591600,卖盘
926,13:35:04,246.52,--,3,73956,买盘
927,13:34:55,246.52,0.02,1,24652,买盘
928,13:34:49,246.5,--,6,147900,卖盘
929,13:34:44,246.5,-0.02,15,369750,卖盘
930,13:34:40,246.52,--,8,197216,买盘
931,13:34:34,246.52,0.02,6,147912,买盘
932,13:34:29,246.5,-0.02,6,147900,买盘
933,13:34:25,246.52,--,0,0,买盘
934,13:34:19,246.52,0.02,11,271172,买盘
935,13:34:14,246.5,--,1,24650,卖盘
936,13:34:10,246.5,0.08,3,73950,卖盘
937,13:34:04,246.42,0.1,21,517482,买盘
938,13:33:59,246.32,-0.05,1,24632,卖盘
939,13:33:55,246.37,0.05,10,246370,买盘
940,13:33:49,246.32,--,1,24632,买盘
941,13:33:44,246.32,--,0,0,中性盘
942,13:33:40,246.32,-0.05,3,73896,卖盘
943,13:33:34,246.37,0.06,10,246370,买盘
944,13:33:29,246.31,-0.01,8,197048,卖盘
945,13:33:25,246.32,-0.05,42,1034544,卖盘
946,13:33:19,246.37,--,2,49274,买盘
947,13:33:09,246.37,--,19,468103,卖盘
948,13:33:04,246.37,--,2,49274,卖盘
949,13:32:59,246.37,--,4,98548,卖盘
950,13:32:54,246.37,-0.03,22,542014,卖盘
951,13:32:49,246.4,--,1,24640,买盘
952,13:32:39,246.4,--,4,98560,卖盘
953,13:32:33,246.4,-0.01,16,394240,卖盘
954,13:32:24,246.41,--,4,98564,买盘
955,13:32:19,246.41,--,2,49282,买盘
956,13:32:14,246.41,--,1,24641,买盘
957,13:32:09,246.41,-0.01,3,73923,卖盘
958,13:32:04,246.42,--,10,246420,买盘
959,13:31:59,246.42,--,2,49284,买盘
960,13:31:54,246.42,0.01,1,24642,买盘
961,13:31:44,246.41,-0.01,2,49282,卖盘
962,13:31:39,246.42,-0.1,26,640692,卖盘
963,13:31:34,246.52,--,20,493040,买盘
964,13:31:29,246.52,--,10,246520,买盘
965,13:31:24,246.52,--,14,345128,买盘
966,13:31:19,246.52,--,6,147912,买盘
967,13:31:14,246.52,0.1,3,73956,买盘
968,13:31:09,246.42,-0.09,11,271062,卖盘
969,13:31:04,246.51,0.1,2,49302,买盘
970,13:30:54,246.41,-0.1,1,24641,卖盘
971,13:30:49,246.51,0.09,6,147906,买盘
972,13:30:44,246.42,-0.1,2,49284,卖盘
973,13:30:38,246.52,0.11,8,197216,买盘
974,13:30:34,246.41,-0.11,7,172487,卖盘
975,13:30:29,246.52,0.01,4,98608,买盘
976,13:30:19,246.51,-0.01,7,172557,卖盘
977,13:30:14,246.52,-0.43,4,98608,中性盘
978,13:30:08,246.95,0.43,6,148170,买盘
979,13:30:04,246.52,-0.42,2,49304,卖盘
980,13:29:59,246.94,0.43,6,148164,买盘
981,13:29:43,246.51,-0.44,3,73953,卖盘
982,13:29:38,246.95,0.09,8,197560,买盘
983,13:29:34,246.86,0.31,2,49372,中性盘
984,13:29:28,246.55,-0.4,5,123275,卖盘
985,13:29:23,246.95,--,7,172865,买盘
986,13:29:19,246.95,0.41,2,49390,买盘
987,13:29:13,246.54,--,8,197232,卖盘
988,13:29:08,246.54,-0.41,4,98616,卖盘
989,13:29:04,246.95,--,4,98780,买盘
990,13:28:58,246.95,--,0,0,买盘
991,13:28:49,246.95,--,1,24695,买盘
992,13:28:43,246.95,0.47,4,98780,买盘
993,13:28:38,246.48,--,0,0,卖盘
994,13:28:28,246.48,-0.04,30,739440,卖盘
995,13:28:23,246.52,--,1,24652,买盘
996,13:28:19,246.52,0.12,1,24652,买盘
997,13:28:13,246.4,-0.55,9,221760,卖盘
998,13:28:08,246.95,--,0,0,买盘
999,13:28:04,246.95,0.46,13,321035,买盘
1000,13:27:58,246.49,-0.46,12,295788,卖盘
1001,13:27:53,246.95,--,3,74085,买盘
1002,13:27:49,246.95,0.53,1,24695,买盘
1003,13:27:43,246.42,-0.53,38,936396,卖盘
1004,13:27:34,246.95,--,1,24695,买盘
1005,13:27:28,246.95,--,1,24695,买盘
1006,13:27:23,246.95,0.45,5,123475,买盘
1007,13:27:19,246.5,0.05,1,24650,买盘
1008,13:27:13,246.45,-0.51,10,246450,卖盘
1009,13:27:08,246.96,0.01,3,74088,买盘
1010,13:27:04,246.95,0.45,7,172865,买盘
1011,13:26:53,246.5,-0.45,2,49300,卖盘
1012,13:26:48,246.95,--,7,172865,卖盘
1013,13:26:43,246.95,--,6,148170,买盘
1014,13:26:38,246.95,--,1,24695,买盘
1015,13:26:33,246.95,--,10,246950,买盘
1016,13:26:28,246.95,--,8,197560,买盘
1017,13:26:23,246.95,0.01,1,24695,买盘
1018,13:26:18,246.94,-0.01,5,123470,卖盘
1019,13:26:13,246.95,--,0,0,买盘
1020,13:26:08,246.95,0.01,5,123475,买盘
1021,13:26:03,246.94,-0.01,8,197552,中性盘
1022,13:25:58,246.95,--,10,246950,买盘
1023,13:25:48,246.95,0.11,7,172865,买盘
1024,13:25:43,246.84,-0.12,7,172788,买盘
1025,13:25:38,246.96,--,0,0,买盘
1026,13:25:33,246.96,--,4,98784,买盘
1027,13:25:28,246.96,0.01,2,59270,买盘
1028,13:25:23,246.95,--,3,88902,买盘
1029,13:25:18,246.95,0.02,22,543290,买盘
1030,13:25:13,246.93,-0.01,1,24693,中性盘
1031,13:25:08,246.94,0.01,12,296328,买盘
1032,13:25:03,246.93,--,9,222237,买盘
1033,13:24:58,246.93,0.01,17,419781,买盘
1034,13:24:53,246.92,0.03,20,493840,买盘
1035,13:24:48,246.89,--,26,641914,买盘
1036,13:24:43,246.89,0.02,16,395024,买盘
1037,13:24:38,246.87,--,3,74061,买盘
1038,13:24:33,246.87,0.47,4,98748,买盘
1039,13:24:28,246.4,-0.1,3,73920,卖盘
1040,13:24:23,246.5,--,1,24650,买盘
1041,13:24:18,246.5,--,1,24650,买盘
1042,13:24:08,246.5,--,2,49300,买盘
1043,13:24:03,246.5,-0.38,3,73950,买盘
1044,13:23:58,246.88,-0.01,2,49376,买盘
1045,13:23:48,246.89,0.43,7,172823,买盘
1046,13:23:43,246.46,0.1,5,123230,买盘
1047,13:23:38,246.36,-0.08,17,418812,卖盘
1048,13:23:33,246.44,--,0,0,买盘
1049,13:23:28,246.44,-0.44,2,49288,中性盘
1050,13:23:23,246.88,--,2,49376,卖盘
1051,13:23:17,246.88,0.53,1,24688,卖盘
1052,13:23:13,246.35,-0.55,6,147810,卖盘
1053,13:23:08,246.9,0.55,3,74070,买盘
1054,13:22:58,246.35,-0.55,3,73905,卖盘
1055,13:22:53,246.9,0.01,8,197520,买盘
1056,13:22:47,246.89,--,5,123445,买盘
1057,13:22:43,246.89,0.47,1,24689,买盘
1058,13:22:38,246.42,-0.48,4,98568,卖盘
1059,13:22:32,246.9,0.47,1,24690,买盘
1060,13:22:28,246.43,-0.49,2,49286,卖盘
1061,13:22:13,246.92,0.02,5,123460,买盘
1062,13:22:07,246.9,0.42,1,24690,中性盘
1063,13:22:02,246.48,--,2,49296,卖盘
1064,13:21:58,246.48,-0.42,9,221832,卖盘
1065,13:21:52,246.9,0.42,10,246900,买盘
1066,13:21:47,246.48,--,0,0,卖盘
1067,13:21:43,246.48,-0.46,6,147888,卖盘
1068,13:21:37,246.94,0.46,3,74082,买盘
1069,13:21:32,246.48,0.04,24,591552,买盘
1070,13:21:28,246.44,-0.04,31,763964,卖盘
1071,13:21:22,246.48,--,3,73944,买盘
1072,13:21:17,246.48,--,1,24648,买盘
1073,13:21:13,246.48,0.01,3,73944,中性盘
1074,13:21:07,246.47,-0.5,16,394352,卖盘
1075,13:20:57,246.97,0.5,7,172879,买盘
1076,13:20:52,246.47,-0.48,11,271117,卖盘
1077,13:20:47,246.95,--,1,24695,中性盘
1078,13:20:43,246.95,-0.02,2,49390,卖盘
1079,13:20:37,246.97,--,9,222273,买盘
1080,13:20:32,246.97,--,7,172879,买盘
1081,13:20:27,246.97,0.52,5,123485,买盘
1082,13:20:22,246.45,--,4,98580,卖盘
1083,13:20:17,246.45,-0.52,6,147870,卖盘
1084,13:20:12,246.97,--,15,370455,买盘
1085,13:20:07,246.97,--,8,197576,买盘
1086,13:20:02,246.97,--,2,49394,买盘
1087,13:19:57,246.97,0.05,7,172879,买盘
1088,13:19:52,246.92,-0.05,1,24692,中性盘
1089,13:19:47,246.97,0.07,4,98788,买盘
1090,13:19:42,246.9,0.47,5,123450,买盘
1091,13:19:37,246.43,-0.55,14,345002,卖盘
1092,13:19:32,246.98,--,4,98792,买盘
1093,13:19:27,246.98,--,16,395168,买盘
1094,13:19:21,246.98,0.02,5,123490,买盘
1095,13:19:17,246.96,0.02,25,617400,买盘
1096,13:19:12,246.94,0.5,1,24694,买盘
1097,13:19:07,246.44,-0.52,2,49288,买盘
1098,13:19:02,246.96,--,0,0,买盘
1099,13:18:57,246.96,0.01,23,568008,买盘
1100,13:18:52,246.95,--,0,0,买盘
1101,13:18:42,246.95,--,0,0,买盘
1102,13:18:37,246.95,-0.03,3,74085,中性盘
1103,13:18:32,246.98,--,1,24698,买盘
1104,13:18:27,246.98,0.18,3,74094,买盘
1105,13:18:22,246.8,-0.14,8,197440,卖盘
1106,13:18:17,246.94,--,0,0,中性盘
1107,13:18:12,246.94,0.54,1,24694,中性盘
1108,13:18:07,246.4,-0.55,8,197120,卖盘
1109,13:18:02,246.95,-0.02,8,197560,买盘
1110,13:17:57,246.97,0.52,12,296364,买盘
1111,13:17:52,246.45,-0.36,7,172515,卖盘
1112,13:17:47,246.81,0.01,2,49362,买盘
1113,13:17:42,246.8,--,21,518280,卖盘
1114,13:17:37,246.8,--,3,74040,卖盘
1115,13:17:27,246.8,--,0,0,中性盘
1116,13:17:22,246.8,--,1,24680,买盘
1117,13:17:12,246.8,--,0,0,买盘
1118,13:17:07,246.8,--,2,49360,买盘
1119,13:17:02,246.8,0.45,13,320840,买盘
1120,13:16:56,246.35,-0.45,8,197080,卖盘
1121,13:16:52,246.8,0.44,4,98720,买盘
1122,13:16:47,246.36,-0.44,5,123180,卖盘
1123,13:16:42,246.8,--,1,24680,买盘
1124,13:16:37,246.8,--,1,24680,买盘
1125,13:16:32,246.8,0.43,2,49360,买盘
1126,13:16:27,246.37,-0.43,11,271007,卖盘
1127,13:16:22,246.8,-0.01,1,37020,卖盘
1128,13:16:17,246.81,0.01,1,24681,买盘
1129,13:16:11,246.8,--,0,12340,卖盘
1130,13:16:07,246.8,--,10,246800,买盘
1131,13:16:02,246.8,--,2,49360,买盘
1132,13:15:56,246.8,0.01,1,24680,买盘
1133,13:15:52,246.79,-0.01,2,49358,卖盘
1134,13:15:47,246.8,--,57,1406760,卖盘
1135,13:15:41,246.8,-0.18,9,222120,卖盘
1136,13:15:37,246.98,0.18,7,172886,买盘
1137,13:15:26,246.8,--,3,74040,卖盘
1138,13:15:22,246.8,--,10,246800,卖盘
1139,13:15:16,246.8,--,2,49360,卖盘
1140,13:15:11,246.8,-0.19,9,222120,卖盘
1141,13:15:07,246.99,--,11,271689,买盘
1142,13:15:01,246.99,0.19,9,222291,买盘
1143,13:14:52,246.8,-0.19,10,246800,卖盘
1144,13:14:46,246.99,0.01,6,148194,买盘
1145,13:14:37,246.98,0.18,4,98792,买盘
1146,13:14:31,246.8,--,8,197440,卖盘
1147,13:14:26,246.8,0.45,1,24680,买盘
1148,13:14:16,246.35,-0.63,16,394160,中性盘
1149,13:14:11,246.98,--,4,98792,买盘
1150,13:14:06,246.98,-0.01,10,246980,买盘
1151,13:14:01,246.99,--,3,74097,买盘
1152,13:13:56,246.99,0.67,9,222291,买盘
1153,13:13:51,246.32,-0.66,25,615800,卖盘
1154,13:13:46,246.98,-0.01,10,246980,买盘
1155,13:13:41,246.99,0.19,2,49398,买盘
1156,13:13:36,246.8,0.46,15,370200,买盘
1157,13:13:31,246.34,-0.63,14,344876,卖盘
1158,13:13:26,246.97,--,2,49394,卖盘
1159,13:13:21,246.97,--,15,370455,买盘
1160,13:13:16,246.97,0.01,5,123485,买盘
1161,13:13:11,246.96,--,0,0,中性盘
1162,13:13:06,246.96,0.08,2,49392,中性盘
1163,13:13:01,246.88,-0.08,15,370320,中性盘
1164,13:12:56,246.96,0.01,13,321048,买盘
1165,13:12:51,246.95,0.07,8,197560,买盘
1166,13:12:46,246.88,--,0,0,买盘
1167,13:12:41,246.88,0.5,14,345632,买盘
1168,13:12:36,246.38,--,3,73914,买盘
1169,13:12:31,246.38,-0.59,2,49276,卖盘
1170,13:12:26,246.97,0.03,4,98788,买盘
1171,13:12:21,246.94,0.14,9,222246,中性盘
1172,13:12:16,246.8,-0.01,8,197440,卖盘
1173,13:12:11,246.81,--,2,49362,买盘
1174,13:12:06,246.81,0.43,10,246810,买盘
1175,13:12:01,246.38,-0.41,8,197104,卖盘
1176,13:11:56,246.79,-0.01,4,98716,中性盘
1177,13:11:51,246.8,0.01,10,246800,买盘
1178,13:11:46,246.79,-0.01,2,49358,中性盘
1179,13:11:41,246.8,0.5,9,222120,买盘
1180,13:11:36,246.3,--,5,123150,卖盘
1181,13:11:31,246.3,-0.5,2,49260,中性盘
1182,13:11:26,246.8,0.5,5,123400,买盘
1183,13:11:21,246.3,-0.5,9,221670,买盘
1184,13:11:15,246.8,0.5,8,197440,买盘
1185,13:11:11,246.3,-0.5,4,98520,卖盘
1186,13:11:06,246.8,-0.18,14,345520,卖盘
1187,13:11:01,246.98,0.04,9,222282,买盘
1188,13:10:56,246.94,0.14,3,74082,买盘
1189,13:10:51,246.8,-0.15,1,24680,卖盘
1190,13:10:46,246.95,0.15,1,24695,买盘
1191,13:10:36,246.8,0.49,3,74040,买盘
1192,13:10:31,246.31,0.06,13,320203,买盘
1193,13:10:26,246.25,-0.75,44,1083500,卖盘
1194,13:10:21,247.0,--,11,271700,买盘
1195,13:10:16,247.0,0.71,18,444600,买盘
1196,13:10:11,246.29,--,0,0,卖盘
1197,13:10:06,246.29,-0.71,5,123145,卖盘
1198,13:10:01,247.0,-0.07,3,74100,中性盘
1199,13:09:55,247.07,--,7,172949,买盘
1200,13:09:51,247.07,0.07,3,74121,买盘
1201,13:09:46,247.0,-0.08,5,123500,卖盘
1202,13:09:41,247.08,0.35,6,148248,买盘
1203,13:09:36,246.73,0.5,6,148038,买盘
1204,13:09:30,246.23,-0.77,9,221607,卖盘
1205,13:09:26,247.0,--,1,24700,买盘
1206,13:09:21,247.0,0.27,2,49400,买盘
1207,13:09:16,246.73,0.52,5,123365,买盘
1208,13:09:11,246.21,-0.38,2,49242,卖盘
1209,13:09:06,246.59,-0.38,7,172613,卖盘
1210,13:09:01,246.97,0.02,8,197576,买盘
1211,13:08:51,246.95,0.05,3,74085,买盘
1212,13:08:46,246.9,0.24,3,74070,买盘
1213,13:08:41,246.66,-0.31,4,98664,卖盘
1214,13:08:35,246.97,--,1,24697,卖盘
1215,13:08:30,246.97,0.01,5,123485,买盘
1216,13:08:26,246.96,--,1,24696,卖盘
1217,13:08:20,246.96,0.31,4,98784,买盘
1218,13:08:16,246.65,-0.3,12,295980,卖盘
1219,13:08:11,246.95,--,6,148170,卖盘
1220,13:08:05,246.95,--,3,74085,卖盘
1221,13:08:00,246.95,--,5,123475,买盘
1222,13:07:55,246.95,--,1,24695,买盘
1223,13:07:46,246.95,0.28,4,98780,买盘
1224,13:07:39,246.67,-0.2,6,148002,卖盘
1225,13:07:34,246.87,-0.06,4,98748,卖盘
1226,13:07:30,246.93,--,0,0,中性盘
1227,13:07:24,246.93,-0.19,3,74079,卖盘
1228,13:07:20,247.12,0.02,7,172984,买盘
1229,13:07:09,247.1,-0.03,7,172970,卖盘
1230,13:07:00,247.13,0.26,7,172991,买盘
1231,13:06:55,246.87,-0.25,4,118991,卖盘
1232,13:06:49,247.12,--,0,4448,买盘
1233,13:06:45,247.12,--,1,24712,买盘
1234,13:06:39,247.12,0.18,4,119111,买盘
1235,13:06:35,246.94,-0.21,4,98776,卖盘
1236,13:06:30,247.15,0.15,1,24715,买盘
1237,13:06:25,247.0,0.06,11,271700,中性盘
1238,13:06:19,246.94,-0.18,6,148164,卖盘
1239,13:06:15,247.12,--,1,24712,卖盘
1240,13:06:09,247.12,--,6,148272,卖盘
1241,13:06:04,247.12,0.12,3,74136,卖盘
1242,13:06:00,247.0,0.07,5,123500,中性盘
1243,13:05:55,246.93,-0.19,3,78523,卖盘
1244,13:05:49,247.12,0.19,2,49424,买盘
1245,13:05:45,246.93,--,0,0,卖盘
1246,13:05:39,246.93,-0.19,9,222237,卖盘
1247,13:05:35,247.12,0.15,2,49424,买盘
1248,13:05:30,246.97,0.04,3,74091,中性盘
1249,13:05:25,246.93,-0.04,29,716097,卖盘
1250,13:05:15,246.97,-0.03,2,49394,中性盘
1251,13:05:09,247.0,0.13,6,148200,买盘
1252,13:05:05,246.87,0.22,2,49374,买盘
1253,13:05:00,246.65,-0.3,12,295980,卖盘
1254,13:04:55,246.95,0.08,5,123475,买盘
1255,13:04:49,246.87,--,0,0,中性盘
1256,13:04:45,246.87,-0.06,2,49374,卖盘
1257,13:04:39,246.93,-0.02,6,148158,买盘
1258,13:04:35,246.95,--,0,0,中性盘
1259,13:04:30,246.95,-0.13,7,172865,卖盘
1260,13:04:25,247.08,--,13,321204,中性盘
1261,13:04:19,247.08,-0.04,2,49416,卖盘
1262,13:04:15,247.12,0.04,1,24712,买盘
1263,13:04:09,247.08,-0.04,4,98832,中性盘
1264,13:04:04,247.12,0.02,8,197696,买盘
1265,13:04:00,247.1,0.02,15,370650,买盘
1266,13:03:54,247.08,-0.02,1,24708,买盘
1267,13:03:49,247.1,--,0,0,买盘
1268,13:03:45,247.1,-0.26,4,98840,卖盘
1269,13:03:40,247.36,-0.04,5,123680,中性盘
1270,13:03:34,247.4,--,2,49480,卖盘
1271,13:03:30,247.4,-0.01,9,222660,买盘
1272,13:03:25,247.41,0.03,4,98964,买盘
1273,13:03:19,247.38,0.28,2,49476,卖盘
1274,13:03:15,247.1,-0.28,11,271810,卖盘
1275,13:03:10,247.38,--,5,123690,买盘
1276,13:03:00,247.38,0.28,4,98952,买盘
1277,13:02:55,247.1,-0.28,2,49420,卖盘
1278,13:02:49,247.38,--,1,24738,买盘
1279,13:02:45,247.38,0.43,1,24738,买盘
1280,13:02:39,246.95,--,12,296340,卖盘
1281,13:02:34,246.95,-0.43,3,74085,卖盘
1282,13:02:30,247.38,--,2,49476,买盘
1283,13:02:25,247.38,0.43,1,24738,买盘
1284,13:02:15,246.95,-0.47,4,98780,买盘
1285,13:02:10,247.42,0.47,8,197936,买盘
1286,13:02:00,246.95,-0.07,3,74085,中性盘
1287,13:01:55,247.02,0.02,11,271722,买盘
1288,13:01:49,247.0,-0.42,1,24700,买盘
1289,13:01:45,247.42,-0.05,11,272162,中性盘
1290,13:01:40,247.47,-0.01,1,24747,中性盘
1291,13:01:34,247.48,0.16,5,123740,买盘
1292,13:01:28,247.32,0.32,2,49464,买盘
1293,13:01:25,247.0,--,15,370500,卖盘
1294,13:01:19,247.0,-0.49,7,172900,卖盘
1295,13:01:13,247.49,0.01,32,791968,买盘
1296,13:01:09,247.48,0.18,2,49496,买盘
1297,13:01:04,247.3,-0.18,2,49460,卖盘
1298,13:00:58,247.48,--,2,49496,买盘
1299,13:00:54,247.48,0.01,1,24748,中性盘
1300,13:00:49,247.47,0.47,4,98988,买盘
1301,13:00:43,247.0,-0.32,1,24700,卖盘
1302,13:00:39,247.32,-0.03,2,50947,卖盘
1303,13:00:33,247.35,-0.15,2,72720,中性盘
1304,13:00:28,247.5,0.15,4,99000,买盘
1305,13:00:24,247.35,-0.13,7,173145,中性盘
1306,13:00:18,247.48,-0.02,24,593952,买盘
1307,13:00:13,247.5,0.62,152,3762000,买盘
1308,13:00:09,246.88,0.18,545,13457428,买盘
1309,13:00:04,246.7,-0.18,227,5602557,卖盘
1310,11:30:00,246.88,--,0,0,买盘
1311,11:30:00,246.88,-0.28,4,98752,卖盘
1312,11:29:59,247.16,--,0,0,中性盘
1313,11:29:55,247.16,-0.33,4,98864,卖盘
1314,11:29:50,247.49,--,4,98996,买盘
1315,11:29:45,247.49,0.04,19,470231,买盘
1316,11:29:40,247.45,0.05,3,74235,买盘
1317,11:29:35,247.4,0.26,3,74220,中性盘
1318,11:29:30,247.14,-0.02,4,98856,卖盘
1319,11:29:25,247.16,-0.34,5,123580,卖盘
1320,11:29:19,247.5,--,0,0,买盘
1321,11:29:15,247.5,0.36,70,1732500,买盘
1322,11:29:10,247.14,--,0,0,买盘
1323,11:29:05,247.14,--,6,148284,买盘
1324,11:29:00,247.14,--,1,24714,买盘
1325,11:28:55,247.14,-0.01,15,370710,中性盘
1326,11:28:50,247.15,0.02,4,98860,买盘
1327,11:28:45,247.13,0.14,1,24713,中性盘
1328,11:28:40,246.99,0.09,14,345786,卖盘
1329,11:28:34,246.9,-0.09,46,1135740,卖盘
1330,11:28:30,246.99,-0.11,2,49398,卖盘
1331,11:28:25,247.1,-0.27,29,716590,卖盘
1332,11:28:19,247.37,0.36,12,296844,卖盘
1333,11:28:15,247.01,--,0,0,卖盘
1334,11:28:10,247.01,-0.09,59,1457359,卖盘
1335,11:28:05,247.1,0.14,62,1541904,买盘
1336,11:28:00,246.96,-0.03,4,98784,卖盘
1337,11:27:55,246.99,0.01,3,74097,买盘
1338,11:27:50,246.98,0.08,22,543356,买盘
1339,11:27:45,246.9,0.02,2,49380,买盘
1340,11:27:40,246.88,0.08,58,1434372,买盘
1341,11:27:35,246.8,--,11,271480,买盘
1342,11:27:30,246.8,0.02,6,148080,买盘
1343,11:27:25,246.78,-0.02,4,98712,买盘
1344,11:27:20,246.8,0.1,7,172760,买盘
1345,11:27:15,246.7,-0.1,4,98680,中性盘
1346,11:27:10,246.8,--,19,468920,买盘
1347,11:27:05,246.8,--,14,345520,买盘
1348,11:27:00,246.8,--,0,0,买盘
1349,11:26:55,246.8,0.11,9,222120,买盘
1350,11:26:49,246.69,0.03,18,444042,买盘
1351,11:26:45,246.66,0.08,22,542652,买盘
1352,11:26:40,246.58,0.08,17,419186,买盘
1353,11:26:34,246.5,0.2,24,591600,买盘
1354,11:26:30,246.3,--,3,78816,卖盘
1355,11:26:25,246.3,-0.09,18,443340,卖盘
1356,11:26:19,246.39,0.39,19,468141,买盘
1357,11:26:15,246.0,-0.27,4,98400,卖盘
1358,11:26:10,246.27,-0.03,7,172389,卖盘
1359,11:26:04,246.3,0.2,15,369450,买盘
1360,11:26:00,246.1,0.04,1,24610,中性盘
1361,11:25:55,246.06,-0.22,13,319878,卖盘
1362,11:25:50,246.28,0.18,10,246280,买盘
1363,11:25:40,246.1,0.04,19,481617,买盘
1364,11:25:34,246.06,--,0,0,买盘
1365,11:25:30,246.06,--,3,73818,买盘
1366,11:25:25,246.06,--,0,0,买盘
1367,11:25:19,246.06,0.11,5,123030,买盘
1368,11:25:15,245.95,-0.12,6,147570,卖盘
1369,11:25:10,246.07,-0.01,1,24607,买盘
1370,11:25:04,246.08,0.11,6,147648,买盘
1371,11:25:00,245.97,-0.03,14,354934,卖盘
1372,11:24:55,246.0,--,6,147600,卖盘
1373,11:24:49,246.0,0.05,31,776622,买盘
1374,11:24:45,245.95,-0.05,34,836230,卖盘
1375,11:24:40,246.0,--,3,73800,买盘
1376,11:24:34,246.0,--,8,196800,买盘
1377,11:24:30,246.0,--,9,221400,买盘
1378,11:24:19,246.0,--,9,221400,买盘
1379,11:24:13,246.0,--,8,196800,买盘
1380,11:24:10,246.0,0.01,11,270600,买盘
1381,11:24:04,245.99,-0.01,2,49198,买盘
1382,11:23:59,246.0,--,3,73800,买盘
1383,11:23:49,246.0,0.01,5,123000,买盘
1384,11:23:44,245.99,0.01,15,368985,买盘
1385,11:23:38,245.98,--,0,0,买盘
1386,11:23:34,245.98,0.08,14,344372,买盘
1387,11:23:28,245.9,--,32,786880,卖盘
1388,11:23:19,245.9,--,10,245900,卖盘
1389,11:23:13,245.9,--,10,245900,买盘
1390,11:23:04,245.9,--,1,24590,买盘
1391,11:22:58,245.9,--,3,73770,买盘
1392,11:22:49,245.9,0.1,7,172130,买盘
1393,11:22:43,245.8,--,8,196640,买盘
1394,11:22:34,245.8,--,5,122900,买盘
1395,11:22:28,245.8,--,17,417860,买盘
1396,11:22:23,245.8,--,7,172060,买盘
1397,11:22:13,245.8,--,11,270380,买盘
1398,11:22:04,245.8,--,1,24580,买盘
1399,11:21:58,245.8,0.1,6,147480,买盘
1400,11:21:53,245.7,0.02,15,368550,买盘
1401,11:21:49,245.68,-0.01,4,98272,卖盘
1402,11:21:43,245.69,0.01,3,73707,买盘
1403,11:21:38,245.68,--,1,24568,买盘
1404,11:21:34,245.68,--,2,49136,买盘
1405,11:21:28,245.68,-0.02,2,49136,中性盘
1406,11:21:23,245.7,--,5,122850,买盘
1407,11:21:19,245.7,--,10,245700,买盘
1408,11:21:13,245.7,0.01,16,393120,买盘
1409,11:21:09,245.69,0.04,11,270259,买盘
1410,11:21:04,245.65,--,7,171955,买盘
1411,11:20:58,245.65,0.42,8,196520,买盘
1412,11:20:53,245.23,-0.37,5,122615,卖盘
1413,11:20:49,245.6,--,10,245600,买盘
1414,11:20:43,245.6,-0.04,5,122800,买盘
1415,11:20:34,245.64,-0.01,3,73692,买盘
1416,11:20:28,245.65,0.01,8,196520,买盘
1417,11:20:19,245.64,0.04,1,24564,买盘
1418,11:20:13,245.6,0.1,4,98240,买盘
1419,11:20:04,245.5,-0.1,9,220950,卖盘
1420,11:19:58,245.6,--,3,79083,买盘
1421,11:19:49,245.6,--,10,265493,买盘
1422,11:19:43,245.6,--,5,122800,买盘
1423,11:19:34,245.6,--,4,98240,买盘
1424,11:19:28,245.6,0.5,7,171920,买盘
1425,11:19:23,245.1,--,0,0,卖盘
1426,11:19:19,245.1,-0.5,4,98040,卖盘
1427,11:19:13,245.6,--,1,24560,买盘
1428,11:19:04,245.6,--,3,73680,买盘
1429,11:18:58,245.6,0.02,7,171920,买盘
1430,11:18:53,245.58,--,13,319254,买盘
1431,11:18:49,245.58,0.38,6,147348,买盘
1432,11:18:43,245.2,--,4,98080,卖盘
1433,11:18:34,245.2,-0.38,7,171640,卖盘
1434,11:18:18,245.58,0.29,4,98232,买盘
1435,11:18:13,245.29,-0.03,9,220761,卖盘
1436,11:18:08,245.32,-0.26,1,24532,卖盘
1437,11:18:04,245.58,-0.02,5,122790,卖盘
1438,11:17:58,245.6,--,9,221040,买盘
1439,11:17:53,245.6,--,7,171920,买盘
1440,11:17:49,245.6,--,3,73680,买盘
1441,11:17:43,245.6,--,4,98240,买盘
1442,11:17:38,245.6,0.01,6,147360,买盘
1443,11:17:33,245.59,-0.01,2,49118,买盘
1444,11:17:28,245.6,0.01,9,221040,买盘
1445,11:17:23,245.59,0.08,3,73677,买盘
1446,11:17:17,245.51,-0.08,1,24551,中性盘
1447,11:17:13,245.59,0.08,6,147354,买盘
1448,11:17:08,245.51,0.02,20,491020,买盘
1449,11:17:02,245.49,--,2,49098,买盘
1450,11:16:58,245.49,--,14,343686,买盘
1451,11:16:53,245.49,--,9,220941,买盘
1452,11:16:43,245.49,-0.01,4,98196,买盘
1453,11:16:38,245.5,-0.09,5,122750,卖盘
1454,11:16:28,245.59,--,4,98236,买盘
1455,11:16:22,245.59,0.14,11,270149,买盘
1456,11:16:17,245.45,--,2,58908,卖盘
1457,11:16:13,245.45,-0.05,20,505627,卖盘
1458,11:16:07,245.5,--,1,24550,买盘
1459,11:16:02,245.5,--,0,0,买盘
1460,11:15:58,245.5,0.05,3,73650,买盘
1461,11:15:52,245.45,--,2,49090,买盘
1462,11:15:47,245.45,--,1,24545,买盘
1463,11:15:43,245.45,--,7,171815,买盘
1464,11:15:37,245.45,0.16,8,196360,买盘
1465,11:15:32,245.29,-0.16,3,73587,卖盘
1466,11:15:28,245.45,0.15,8,196360,买盘
1467,11:15:22,245.3,--,10,245300,买盘
1468,11:15:17,245.3,--,0,0,买盘
1469,11:15:13,245.3,0.1,18,441540,买盘
1470,11:15:07,245.2,--,23,563960,买盘
1471,11:15:02,245.2,--,4,98080,买盘
1472,11:14:58,245.2,0.12,8,196160,买盘
1473,11:14:52,245.08,-0.04,14,343112,卖盘
1474,11:14:47,245.12,--,2,49024,买盘
1475,11:14:43,245.12,--,24,588288,买盘
1476,11:14:37,245.12,--,7,171584,买盘
1477,11:14:32,245.12,0.04,34,833408,买盘
1478,11:14:28,245.08,-0.02,15,367620,卖盘
1479,11:14:22,245.1,--,13,318630,买盘
1480,11:14:17,245.1,0.02,7,171570,买盘
1481,11:14:13,245.08,-0.02,12,294096,卖盘
1482,11:14:07,245.1,0.02,7,171570,买盘
1483,11:14:02,245.08,--,8,196064,买盘
1484,11:13:58,245.08,--,2,49016,买盘
1485,11:13:52,245.08,--,6,147048,买盘
1486,11:13:47,245.08,-0.02,12,294096,卖盘
1487,11:13:43,245.1,--,1,24510,买盘
1488,11:13:37,245.1,--,1,24510,买盘
1489,11:13:32,245.1,0.02,3,73530,买盘
1490,11:13:28,245.08,-0.02,2,49016,卖盘
1491,11:13:22,245.1,0.01,3,73530,买盘
1492,11:13:17,245.09,0.01,4,98036,买盘
1493,11:13:12,245.08,0.08,7,171556,卖盘
1494,11:13:02,245.0,--,0,0,卖盘
1495,11:12:58,245.0,--,40,980000,卖盘
1496,11:12:52,245.0,-0.08,15,367500,卖盘
1497,11:12:37,245.08,--,7,171556,买盘
1498,11:12:28,245.08,-0.01,7,171556,卖盘
1499,11:12:22,245.09,0.06,5,122545,买盘
1500,11:12:07,245.03,0.03,2,49006,买盘
1501,11:11:58,245.0,-0.03,7,171500,卖盘
1502,11:11:52,245.03,--,2,49006,买盘
1503,11:11:47,245.03,-0.02,5,122515,买盘
1504,11:11:43,245.05,-0.03,2,49010,卖盘
1505,11:11:37,245.08,--,13,318604,买盘
1506,11:11:27,245.08,--,1,24508,买盘
1507,11:11:22,245.08,0.04,5,122540,买盘
1508,11:11:13,245.04,0.04,2,49008,中性盘
1509,11:11:07,245.0,-0.08,22,539000,卖盘
1510,11:10:52,245.08,--,46,1127368,买盘
1511,11:10:47,245.08,0.08,1,24508,买盘
1512,11:10:37,245.0,--,2,49000,卖盘
1513,11:10:32,245.0,--,2,49000,卖盘
1514,11:10:27,245.0,--,5,122500,卖盘
1515,11:10:22,245.0,-0.08,2,49000,卖盘
1516,11:10:17,245.08,0.08,4,98032,买盘
1517,11:10:12,245.0,--,8,203595,买盘
1518,11:10:07,245.0,--,21,514500,买盘
1519,11:10:02,245.0,--,4,98000,买盘
1520,11:09:52,245.0,--,1,24500,买盘
1521,11:09:47,245.0,--,13,318500,买盘
1522,11:09:41,245.0,--,3,73500,买盘
1523,11:09:37,245.0,--,6,163905,卖盘
1524,11:09:32,245.0,-0.08,5,122500,卖盘
1525,11:09:26,245.08,--,1,24508,买盘
1526,11:09:22,245.08,0.08,1,24508,买盘
1527,11:09:17,245.0,--,1,24500,卖盘
1528,11:09:11,245.0,--,6,154595,买盘
1529,11:09:07,245.0,--,1,24500,买盘
1530,11:09:02,245.0,--,7,171500,买盘
1531,11:08:56,245.0,0.04,5,122500,买盘
1532,11:08:52,244.96,-0.04,6,146976,卖盘
1533,11:08:46,245.0,--,3,73500,买盘
1534,11:08:37,245.0,--,2,49000,买盘
1535,11:08:31,245.0,--,6,147000,买盘
1536,11:08:26,245.0,--,1,24500,买盘
1537,11:08:22,245.0,0.02,2,49000,买盘
1538,11:08:16,244.98,-0.02,10,244980,卖盘
1539,11:08:11,245.0,-0.09,27,678405,卖盘
1540,11:08:07,245.09,--,3,73527,买盘
1541,11:08:01,245.09,--,2,49018,买盘
1542,11:07:56,245.09,--,2,49018,买盘
1543,11:07:52,245.09,0.01,3,73527,买盘
1544,11:07:46,245.08,0.08,2,49016,买盘
1545,11:07:41,245.0,-0.08,8,196000,卖盘
1546,11:07:37,245.08,0.08,3,73524,买盘
1547,11:07:31,245.0,--,0,0,卖盘
1548,11:07:26,245.0,-0.08,6,147000,卖盘
1549,11:07:22,245.08,--,1,24508,买盘
1550,11:07:16,245.08,--,9,220572,买盘
1551,11:07:11,245.08,0.08,1,24508,买盘
1552,11:07:07,245.0,-0.08,11,269500,卖盘
1553,11:07:01,245.08,0.08,1,24508,买盘
1554,11:06:52,245.0,--,2,49000,卖盘
1555,11:06:46,245.0,-0.08,7,171500,卖盘
1556,11:06:41,245.08,0.08,1,24508,买盘
1557,11:06:31,245.0,-0.08,3,73500,卖盘
1558,11:06:26,245.08,-0.01,1,24508,卖盘
1559,11:06:22,245.09,--,1,24509,买盘
1560,11:06:16,245.09,0.01,7,171563,买盘
1561,11:06:11,245.08,--,1,24508,买盘
1562,11:06:07,245.08,--,1,24508,买盘
1563,11:06:01,245.08,--,3,73524,买盘
1564,11:05:52,245.08,--,1,24508,买盘
1565,11:05:36,245.08,0.07,10,245080,买盘
1566,11:05:31,245.01,--,0,0,卖盘
1567,11:05:26,245.01,-0.08,8,196008,卖盘
1568,11:05:22,245.09,--,3,73527,买盘
1569,11:05:16,245.09,0.09,29,710761,买盘
1570,11:05:07,245.0,--,1,24500,卖盘
1571,11:05:01,245.0,-0.08,13,318500,卖盘
1572,11:04:56,245.08,0.08,1,24508,买盘
1573,11:04:51,245.0,-0.08,4,98000,卖盘
1574,11:04:41,245.08,--,2,49016,买盘
1575,11:04:36,245.08,0.08,3,73524,中性盘
1576,11:04:31,245.0,-0.08,5,122500,卖盘
1577,11:04:26,245.08,-0.01,5,122540,卖盘
1578,11:04:21,245.09,0.01,1,24509,买盘
1579,11:04:11,245.08,0.08,2,49016,买盘
1580,11:04:07,245.0,-0.08,8,196000,卖盘
1581,11:04:01,245.08,--,1,24508,买盘
1582,11:03:52,245.08,0.08,1,24508,买盘
1583,11:03:46,245.0,-0.09,11,269500,卖盘
1584,11:03:41,245.09,0.09,4,98036,买盘
1585,11:03:36,245.0,-0.09,13,318500,卖盘
1586,11:03:31,245.09,--,0,0,买盘
1587,11:03:26,245.09,0.02,1,24509,中性盘
1588,11:03:21,245.07,-0.03,11,269577,中性盘
1589,11:03:16,245.1,--,0,0,买盘
1590,11:03:11,245.1,0.09,1,24510,买盘
1591,11:03:01,245.01,-0.09,6,147006,中性盘
1592,11:02:56,245.1,--,2,49020,买盘
1593,11:02:51,245.1,--,1,24510,买盘
1594,11:02:46,245.1,--,1,24510,买盘
1595,11:02:41,245.1,--,1,24510,买盘
1596,11:02:31,245.1,0.09,8,196080,买盘
1597,11:02:26,245.01,-0.09,5,122505,卖盘
1598,11:02:21,245.1,--,8,196080,买盘
1599,11:02:16,245.1,--,2,49020,买盘
1600,11:02:11,245.1,--,5,122550,买盘
1601,11:02:01,245.1,0.03,2,49020,买盘
1602,11:01:56,245.07,-0.01,0,4166,买盘
1603,11:01:50,245.08,0.01,2,49016,买盘
1604,11:01:46,245.07,--,3,93861,卖盘
1605,11:01:41,245.07,-0.01,47,1155995,卖盘
1606,11:01:35,245.08,0.01,3,73524,买盘
1607,11:01:26,245.07,-0.02,5,122535,卖盘
1608,11:01:20,245.09,0.09,5,122545,买盘
1609,11:01:16,245.0,--,36,882000,卖盘
1610,11:01:11,245.0,-0.07,17,416500,卖盘
1611,11:01:01,245.07,0.06,1,24507,买盘
1612,11:00:56,245.01,-0.01,10,245010,卖盘
1613,11:00:50,245.02,--,0,0,卖盘
1614,11:00:40,245.02,-0.07,2,49004,卖盘
1615,11:00:31,245.09,0.07,29,710761,买盘
1616,11:00:25,245.02,--,2,49004,买盘
1617,11:00:20,245.02,--,3,73506,买盘
1618,11:00:16,245.02,0.01,17,416534,买盘
1619,11:00:10,245.01,--,11,269511,买盘
1620,11:00:05,245.01,0.01,1,24501,买盘
1621,11:00:01,245.0,-0.01,18,448595,卖盘
1622,10:59:55,245.01,-0.01,5,122505,中性盘
1623,10:59:50,245.02,0.04,24,588048,买盘
1624,10:59:40,244.98,-0.02,8,195984,卖盘
1625,10:59:31,245.0,-0.01,20,490000,卖盘
1626,10:59:25,245.01,--,5,122505,买盘
1627,10:59:20,245.01,--,1,24501,买盘
1628,10:59:16,245.01,--,4,98004,卖盘
1629,10:59:10,245.01,--,2,49002,卖盘
1630,10:59:05,245.01,--,15,367515,卖盘
1631,10:59:01,245.01,-0.01,3,73503,卖盘
1632,10:58:55,245.02,0.01,1,24502,买盘
1633,10:58:40,245.01,-0.01,21,514521,卖盘
1634,10:58:35,245.02,0.01,1,24502,买盘
1635,10:58:31,245.01,--,4,98004,卖盘
1636,10:58:25,245.01,0.01,14,343014,买盘
1637,10:58:20,245.0,0.02,1,24500,中性盘
1638,10:58:16,244.98,-0.02,10,244980,卖盘
1639,10:58:10,245.0,--,10,245000,卖盘
1640,10:58:05,245.0,-0.01,2,49000,卖盘
1641,10:58:01,245.01,-0.01,24,588024,卖盘
1642,10:57:55,245.02,-0.07,1,24502,买盘
1643,10:57:46,245.09,--,1,24509,买盘
1644,10:57:40,245.09,0.08,3,73527,买盘
1645,10:57:35,245.01,-0.08,1,24501,卖盘
1646,10:57:30,245.09,--,7,171563,买盘
1647,10:57:25,245.09,0.07,12,294108,买盘
1648,10:57:20,245.02,--,0,0,卖盘
1649,10:57:15,245.02,--,2,49004,卖盘
1650,10:57:10,245.02,-0.07,2,49004,卖盘
1651,10:57:01,245.09,--,4,98036,买盘
1652,10:56:55,245.09,--,10,245090,买盘
1653,10:56:50,245.09,0.09,1,24509,买盘
1654,10:56:45,245.0,--,0,0,卖盘
1655,10:56:40,245.0,-0.09,12,294000,卖盘
1656,10:56:35,245.09,0.07,8,196072,买盘
1657,10:56:30,245.02,--,3,73506,卖盘
1658,10:56:25,245.02,-0.08,1,24502,卖盘
1659,10:56:15,245.1,0.08,4,98040,买盘
1660,10:56:00,245.02,-0.07,2,49004,卖盘
1661,10:55:55,245.09,-0.03,6,147054,买盘
1662,10:55:50,245.12,0.12,5,122560,买盘
1663,10:55:45,245.0,--,19,465500,卖盘
1664,10:55:40,245.0,-0.11,27,683795,卖盘
1665,10:55:35,245.11,0.11,6,147066,买盘
1666,10:55:30,245.0,-0.11,4,98000,卖盘
1667,10:55:25,245.11,--,0,0,买盘
1668,10:55:20,245.11,0.1,1,24511,买盘
1669,10:55:15,245.01,-0.1,4,98004,卖盘
1670,10:55:10,245.11,--,2,49022,买盘
1671,10:55:00,245.11,0.03,1,24511,买盘
1672,10:54:50,245.08,-0.02,1,24508,买盘
1673,10:54:45,245.1,--,2,49020,卖盘
1674,10:54:40,245.1,0.1,6,147060,中性盘
1675,10:54:35,245.0,-0.11,14,343000,卖盘
1676,10:54:30,245.11,0.11,15,384087,买盘
1677,10:54:25,245.0,--,6,147000,卖盘
1678,10:54:20,245.0,--,8,196000,卖盘
1679,10:54:15,245.0,--,4,98000,卖盘
1680,10:54:10,245.0,--,16,392000,卖盘
1681,10:54:05,245.0,--,2,49000,卖盘
1682,10:53:58,245.0,--,0,0,卖盘
1683,10:53:55,245.0,--,7,179095,卖盘
1684,10:53:50,245.0,--,4,98000,卖盘
1685,10:53:44,245.0,--,1,24500,卖盘
1686,10:53:40,245.0,-0.05,10,245000,卖盘
1687,10:53:35,245.05,0.05,1,24505,买盘
1688,10:53:29,245.0,-0.1,2,49000,卖盘
1689,10:53:25,245.1,0.1,12,294120,买盘
1690,10:53:20,245.0,--,18,441000,卖盘
1691,10:53:14,245.0,--,2,49000,卖盘
1692,10:53:10,245.0,--,9,220500,卖盘
1693,10:53:05,245.0,--,11,269500,卖盘
1694,10:52:59,245.0,-0.1,13,318500,卖盘
1695,10:52:55,245.1,0.09,39,955890,买盘
1696,10:52:49,245.01,--,3,73503,卖盘
1697,10:52:44,245.01,-0.07,3,73503,卖盘
1698,10:52:40,245.08,0.07,10,245080,买盘
1699,10:52:34,245.01,--,3,73503,卖盘
1700,10:52:29,245.01,-0.07,7,171507,卖盘
1701,10:52:19,245.08,--,9,220572,买盘
1702,10:52:14,245.08,0.07,5,122540,买盘
1703,10:52:10,245.01,--,9,220509,卖盘
1704,10:52:04,245.01,-0.07,10,245010,卖盘
1705,10:51:59,245.08,--,0,0,买盘
1706,10:51:54,245.08,--,1,24508,买盘
1707,10:51:48,245.08,0.07,2,49016,买盘
1708,10:51:44,245.01,-0.01,5,122505,卖盘
1709,10:51:39,245.02,-0.06,4,105358,卖盘
1710,10:51:29,245.08,0.06,1,24508,买盘
1711,10:51:24,245.02,--,4,98008,买盘
1712,10:51:19,245.02,--,7,171514,买盘
1713,10:51:09,245.02,--,2,49004,中性盘
1714,10:51:04,245.02,0.01,19,480484,中性盘
1715,10:50:55,245.01,-0.07,7,171507,卖盘
1716,10:50:49,245.08,--,4,98032,买盘
1717,10:50:44,245.08,--,7,171556,买盘
1718,10:50:34,245.08,--,1,24508,买盘
1719,10:50:29,245.08,--,1,24508,买盘
1720,10:50:25,245.08,--,4,98032,买盘
1721,10:50:19,245.08,--,1,24508,买盘
1722,10:49:59,245.08,0.07,1,24508,买盘
1723,10:49:49,245.01,-0.08,23,563523,卖盘
1724,10:49:44,245.09,--,1,24509,买盘
1725,10:49:39,245.09,--,1,24509,买盘
1726,10:49:24,245.09,--,1,24509,买盘
1727,10:49:19,245.09,0.01,6,147054,买盘
1728,10:49:14,245.08,--,4,98032,卖盘
1729,10:49:09,245.08,--,10,245080,买盘
1730,10:49:04,245.08,--,1,24508,买盘
1731,10:48:54,245.08,--,1,24508,买盘
1732,10:48:49,245.08,--,17,416636,卖盘
1733,10:48:34,245.08,--,3,73524,卖盘
1734,10:48:29,245.08,-0.01,3,73524,卖盘
1735,10:48:24,245.09,0.09,1,24509,买盘
1736,10:48:19,245.0,-0.07,50,1227450,卖盘
1737,10:48:14,245.07,-0.01,41,1025127,买盘
1738,10:48:09,245.08,--,0,0,买盘
1739,10:48:04,245.08,0.01,8,196064,买盘
1740,10:47:59,245.07,-0.01,1,24507,卖盘
1741,10:47:54,245.08,0.01,1,24508,买盘
1742,10:47:49,245.07,0.06,8,196056,买盘
1743,10:47:39,245.01,0.01,15,367515,卖盘
1744,10:47:34,245.0,--,2,49000,卖盘
1745,10:47:23,245.0,-0.06,12,294000,卖盘
1746,10:47:19,245.06,0.06,1,24506,中性盘
1747,10:47:09,245.0,-0.07,1,24500,卖盘
1748,10:47:04,245.07,0.07,3,73521,买盘
1749,10:46:49,245.0,-0.08,0,7350,卖盘
1750,10:46:44,245.08,0.08,1,24508,买盘
1751,10:46:39,245.0,--,15,367500,卖盘
1752,10:46:34,245.0,--,15,367500,买盘
1753,10:46:29,245.0,0.08,3,73500,买盘
1754,10:46:23,244.92,-0.08,9,220428,卖盘
1755,10:46:08,245.0,0.08,1,24500,买盘
1756,10:46:04,244.92,--,11,269412,卖盘
1757,10:45:59,244.92,-0.08,3,73476,卖盘
1758,10:45:53,245.0,--,11,269500,买盘
1759,10:45:49,245.0,-0.08,1,24500,中性盘
1760,10:45:44,245.08,0.08,29,724946,买盘
1761,10:45:34,245.0,--,7,171500,卖盘
1762,10:45:29,245.0,-0.07,4,105595,卖盘
1763,10:45:23,245.07,0.07,3,73521,买盘
1764,10:45:18,245.0,-0.05,20,490000,卖盘
1765,10:45:14,245.05,--,1,24505,买盘
1766,10:45:08,245.05,--,3,73515,买盘
1767,10:45:04,245.05,0.05,1,24505,买盘
1768,10:44:58,245.0,0.08,11,276850,买盘
1769,10:44:43,244.92,--,7,171444,卖盘
1770,10:44:38,244.92,-0.08,3,73476,卖盘
1771,10:44:33,245.0,--,0,0,买盘
1772,10:44:23,245.0,--,1,24500,买盘
1773,10:44:18,245.0,0.08,3,73500,买盘
1774,10:44:12,244.92,-0.06,2,48984,卖盘
1775,10:44:03,244.98,--,1,24498,买盘
1776,10:43:57,244.98,-0.02,23,563454,卖盘
1777,10:43:48,245.0,-0.07,4,98000,卖盘
1778,10:43:43,245.07,0.07,1,24507,买盘
1779,10:43:38,245.0,-0.07,2,49000,卖盘
1780,10:43:33,245.07,--,0,0,买盘
1781,10:43:28,245.07,0.15,1,24507,买盘
1782,10:43:23,244.92,-0.02,9,220428,卖盘
1783,10:43:19,244.94,-0.04,1,24494,卖盘
1784,10:43:13,244.98,--,2,48996,卖盘
1785,10:43:03,244.98,-0.09,3,73494,卖盘
1786,10:42:58,245.07,--,7,171549,买盘
1787,10:42:53,245.07,--,3,73521,买盘
1788,10:42:48,245.07,--,7,171549,买盘
1789,10:42:33,245.07,0.01,1,24507,买盘
1790,10:42:28,245.06,0.06,13,318578,买盘
1791,10:42:18,245.0,0.08,2,49000,中性盘
1792,10:42:13,244.92,-0.08,50,1224600,卖盘
1793,10:42:03,245.0,0.08,47,1155910,买盘
1794,10:41:57,244.92,-0.08,8,195936,卖盘
1795,10:41:53,245.0,0.08,1,24500,买盘
1796,10:41:43,244.92,-0.08,3,73476,卖盘
1797,10:41:38,245.0,0.08,1,24500,买盘
1798,10:41:33,244.92,-0.08,19,475879,卖盘
1799,10:41:18,245.0,0.08,8,209965,买盘
1800,10:41:13,244.92,-0.01,2,48984,卖盘
1801,10:41:08,244.93,--,1,24493,买盘
1802,10:41:03,244.93,--,10,244930,买盘
1803,10:40:58,244.93,0.01,2,48986,买盘
1804,10:40:53,244.92,-0.01,6,146952,卖盘
1805,10:40:48,244.93,-0.02,18,451405,卖盘
1806,10:40:43,244.95,0.02,2,48990,买盘
1807,10:40:33,244.93,-0.02,2,48986,卖盘
1808,10:40:28,244.95,--,1,24495,买盘
1809,10:40:18,244.95,--,13,318435,中性盘
1810,10:40:13,244.95,-0.05,2,58543,卖盘
1811,10:40:08,245.0,-0.08,3,73500,卖盘
1812,10:40:03,245.08,--,7,171556,买盘
1813,10:39:53,245.08,0.08,2,49016,买盘
1814,10:39:48,245.0,-0.08,7,171500,卖盘
1815,10:39:43,245.08,--,1,24508,买盘
1816,10:39:38,245.08,--,9,235521,买盘
1817,10:39:33,245.08,--,5,122540,买盘
1818,10:39:22,245.08,--,10,245080,买盘
1819,10:39:18,245.08,0.08,8,196064,买盘
1820,10:39:13,245.0,--,4,98000,卖盘
1821,10:39:08,245.0,-0.08,13,318500,卖盘
1822,10:39:03,245.08,--,22,539176,买盘
1823,10:38:58,245.08,0.08,2,49016,中性盘
1824,10:38:43,245.0,-0.09,4,98000,卖盘
1825,10:38:32,245.09,--,1,24509,买盘
1826,10:38:28,245.09,--,3,73527,买盘
1827,10:38:22,245.09,--,2,49018,买盘
1828,10:38:16,245.09,0.09,3,73527,买盘
1829,10:38:08,245.0,-0.09,5,122500,中性盘
1830,10:38:02,245.09,0.01,3,73527,买盘
1831,10:37:58,245.08,0.07,16,392128,买盘
1832,10:37:52,245.01,-0.02,14,343014,卖盘
1833,10:37:43,245.03,-0.06,11,269533,卖盘
1834,10:37:38,245.09,0.06,13,318617,买盘
1835,10:37:32,245.03,-0.06,4,98012,卖盘
1836,10:37:28,245.09,--,12,294108,买盘
1837,10:37:17,245.09,0.01,1,24509,买盘
1838,10:37:13,245.08,-0.01,11,269588,卖盘
1839,10:37:07,245.09,--,3,73527,买盘
1840,10:37:01,245.09,-0.01,1,24509,买盘
1841,10:36:58,245.1,0.01,1,24510,买盘
1842,10:36:47,245.09,0.01,1,24509,买盘
1843,10:36:42,245.08,--,0,0,中性盘
1844,10:36:37,245.08,--,11,269588,买盘
1845,10:36:27,245.08,0.09,14,343112,买盘
1846,10:36:21,244.99,--,0,0,卖盘
1847,10:36:17,244.99,-0.02,3,73497,卖盘
1848,10:36:12,245.01,--,7,171507,买盘
1849,10:36:06,245.01,--,0,0,买盘
1850,10:36:02,245.01,0.08,2,49002,买盘
1851,10:35:57,244.93,-0.08,10,244930,卖盘
1852,10:35:51,245.01,--,1,24501,买盘
1853,10:35:42,245.01,--,3,73503,买盘
1854,10:35:37,245.01,--,7,171507,买盘
1855,10:35:27,245.01,0.02,1,24501,买盘
1856,10:35:22,244.99,-0.01,4,97996,卖盘
1857,10:35:12,245.0,0.01,9,220500,买盘
1858,10:35:07,244.99,-0.01,1,24499,买盘
1859,10:34:57,245.0,--,1,24500,买盘
1860,10:34:52,245.0,--,1,24500,买盘
1861,10:34:46,245.0,--,1,24500,买盘
1862,10:34:42,245.0,--,12,294000,买盘
1863,10:34:37,245.0,--,6,147000,买盘
1864,10:34:32,245.0,--,3,73500,卖盘
1865,10:34:27,245.0,-0.01,7,171500,卖盘
1866,10:34:22,245.01,0.01,1,24501,买盘
1867,10:34:16,245.0,-0.01,2,49000,卖盘
1868,10:34:12,245.01,--,2,49002,买盘
1869,10:34:06,245.01,0.01,1,24501,买盘
1870,10:33:57,245.0,--,11,269500,卖盘
1871,10:33:47,245.0,--,4,98000,买盘
1872,10:33:42,245.0,--,1,24500,买盘
1873,10:33:36,245.0,--,1,24500,买盘
1874,10:33:32,245.0,0.07,1,24500,买盘
1875,10:33:22,244.93,-0.07,10,244930,卖盘
1876,10:33:17,245.0,--,8,196000,买盘
1877,10:33:12,245.0,0.07,12,294000,买盘
1878,10:33:07,244.93,-0.07,3,73479,卖盘
1879,10:33:02,245.0,0.07,1,24500,买盘
1880,10:32:57,244.93,-0.07,2,48986,卖盘
1881,10:32:52,245.0,--,2,49000,买盘
1882,10:32:46,245.0,--,1,24500,买盘
1883,10:32:42,245.0,0.07,8,196000,中性盘
1884,10:32:36,244.93,-0.08,4,97972,卖盘
1885,10:32:32,245.01,0.01,1,24501,买盘
1886,10:32:27,245.0,--,5,122500,卖盘
1887,10:32:22,245.0,--,0,0,中性盘
1888,10:32:12,245.0,0.07,3,73500,买盘
1889,10:32:07,244.93,--,1,24493,卖盘
1890,10:32:01,244.93,--,0,22043,卖盘
1891,10:31:57,244.93,-0.08,6,146958,卖盘
1892,10:31:52,245.01,--,9,220509,买盘
1893,10:31:47,245.01,0.01,3,73503,买盘
1894,10:31:42,245.0,--,2,49000,买盘
1895,10:31:37,245.0,--,11,269500,买盘
1896,10:31:31,245.0,-0.01,4,98000,买盘
1897,10:31:21,245.01,--,7,171507,买盘
1898,10:31:16,245.01,--,2,49002,买盘
1899,10:31:12,245.01,--,3,73503,买盘
1900,10:31:06,245.01,-0.09,1,24501,卖盘
1901,10:30:57,245.1,0.08,67,1642170,买盘
1902,10:30:52,245.02,0.09,27,661554,买盘
1903,10:30:46,244.93,--,6,146958,卖盘
1904,10:30:40,244.93,-0.09,18,440874,卖盘
1905,10:30:37,245.02,--,0,0,买盘
1906,10:30:31,245.02,0.02,34,833068,买盘
1907,10:30:26,245.0,-0.01,98,2417415,卖盘
1908,10:30:22,245.01,0.01,21,520891,买盘
1909,10:30:16,245.0,-0.01,8,196000,卖盘
1910,10:30:11,245.01,--,2,49002,买盘
1911,10:30:06,245.01,--,5,122505,买盘
1912,10:30:01,245.01,--,1,42631,卖盘
1913,10:29:55,245.01,--,2,49002,卖盘
1914,10:29:52,245.01,-0.01,1,24501,卖盘
1915,10:29:46,245.02,--,7,171514,买盘
1916,10:29:40,245.02,0.01,1,24502,买盘
1917,10:29:36,245.01,-0.01,2,49002,卖盘
1918,10:29:31,245.02,0.01,101,2474702,买盘
1919,10:29:26,245.01,-0.01,6,147006,卖盘
1920,10:29:21,245.02,0.01,8,196016,买盘
1921,10:29:15,245.01,--,46,1127046,卖盘
1922,10:29:11,245.01,-0.01,3,73503,卖盘
1923,10:29:06,245.02,0.01,7,171514,买盘
1924,10:29:00,245.01,-0.09,13,318513,卖盘
1925,10:28:55,245.1,--,0,0,中性盘
1926,10:28:51,245.1,-0.02,10,245100,中性盘
1927,10:28:46,245.12,0.01,2,71084,买盘
1928,10:28:40,245.11,-0.01,5,122555,买盘
1929,10:28:36,245.12,--,2,49024,买盘
1930,10:28:31,245.12,--,28,686336,买盘
1931,10:28:25,245.12,0.01,7,171584,买盘
1932,10:28:21,245.11,--,0,0,中性盘
1933,10:28:16,245.11,-0.03,12,294132,中性盘
1934,10:28:06,245.14,0.04,4,98056,买盘
1935,10:28:01,245.1,-0.04,21,514710,卖盘
1936,10:27:55,245.14,0.01,1,24514,买盘
1937,10:27:51,245.13,0.03,12,294156,中性盘
1938,10:27:46,245.1,-0.04,17,438729,卖盘
1939,10:27:40,245.14,0.04,33,831024,买盘
1940,10:27:36,245.1,-0.04,41,1004910,卖盘
1941,10:27:30,245.14,0.04,3,73542,中性盘
1942,10:27:25,245.1,-0.03,167,4093170,卖盘
1943,10:27:21,245.13,-0.01,1,24513,中性盘
1944,10:27:16,245.14,--,109,2672026,买盘
1945,10:27:06,245.14,0.04,2,49028,买盘
1946,10:27:00,245.1,--,0,0,卖盘
1947,10:26:51,245.1,0.01,33,822555,买盘
1948,10:26:45,245.09,0.09,7,171563,买盘
1949,10:26:40,245.0,-0.06,1,24500,卖盘
1950,10:26:36,245.06,--,61,1494866,中性盘
1951,10:26:30,245.06,-0.02,16,392096,中性盘
1952,10:26:25,245.08,0.04,1,24508,买盘
1953,10:26:21,245.04,--,1,24504,买盘
1954,10:26:16,245.04,-0.03,2,49008,买盘
1955,10:26:10,245.07,--,0,0,买盘
1956,10:26:06,245.07,--,13,318591,中性盘
1957,10:26:01,245.07,-0.01,1,24507,中性盘
1958,10:25:55,245.08,-0.01,1,24508,中性盘
1959,10:25:51,245.09,0.09,6,147054,买盘
1960,10:25:46,245.0,-0.08,86,2107000,卖盘
1961,10:25:40,245.08,0.03,1,24508,买盘
1962,10:25:35,245.05,-0.03,1,24505,中性盘
1963,10:25:31,245.08,0.02,12,294096,买盘
1964,10:25:25,245.06,-0.01,1,24506,买盘
1965,10:25:21,245.07,0.07,2,49014,买盘
1966,10:25:16,245.0,--,10,245000,卖盘
1967,10:25:10,245.0,-0.07,2,49000,卖盘
1968,10:25:06,245.07,--,2,49014,买盘
1969,10:25:01,245.07,0.07,16,392112,中性盘
1970,10:24:51,245.0,--,2,49000,卖盘
1971,10:24:45,245.0,-0.08,6,147000,卖盘
1972,10:24:36,245.08,0.01,15,367620,买盘
1973,10:24:31,245.07,--,6,147042,买盘
1974,10:24:25,245.07,--,1,24507,买盘
1975,10:24:21,245.07,-0.01,16,392112,买盘
1976,10:24:16,245.08,0.08,1,24508,买盘
1977,10:24:10,245.0,-0.08,10,245000,卖盘
1978,10:24:05,245.08,-0.01,1,24508,中性盘
1979,10:24:01,245.09,--,2,49018,买盘
1980,10:23:55,245.09,--,7,171563,买盘
1981,10:23:50,245.09,--,1,24509,买盘
1982,10:23:46,245.09,0.02,1,24509,买盘
1983,10:23:40,245.07,0.04,3,73521,买盘
1984,10:23:35,245.03,-0.05,2,49006,卖盘
1985,10:23:30,245.08,--,0,0,买盘
1986,10:23:25,245.08,0.05,5,122540,买盘
1987,10:23:19,245.03,--,2,49006,卖盘
1988,10:23:15,245.03,0.03,6,147018,买盘
1989,10:23:10,245.0,--,0,0,卖盘
1990,10:23:04,245.0,--,4,98000,卖盘
1991,10:23:00,245.0,--,0,0,卖盘
1992,10:22:55,245.0,-0.03,14,343000,卖盘
1993,10:22:49,245.03,--,0,0,买盘
1994,10:22:45,245.03,-0.06,7,171521,卖盘
1995,10:22:40,245.09,--,2,49018,买盘
1996,10:22:34,245.09,0.01,2,49018,买盘
1997,10:22:30,245.08,0.08,2,49016,买盘
1998,10:22:25,245.0,-0.08,3,73500,卖盘
1999,10:22:19,245.08,0.08,5,122540,买盘
2000,10:22:15,245.0,--,2,49000,卖盘
2001,10:22:09,245.0,-0.09,20,490000,卖盘
2002,10:22:04,245.09,--,1,24509,买盘
2003,10:22:00,245.09,--,3,73527,买盘
2004,10:21:54,245.09,0.09,2,49018,买盘
2005,10:21:45,245.0,-0.08,19,465500,卖盘
2006,10:21:39,245.08,--,8,196064,买盘
2007,10:21:34,245.08,0.08,7,171556,买盘
2008,10:21:30,245.0,-0.08,51,1249500,卖盘
2009,10:21:25,245.08,--,2,49016,买盘
2010,10:21:19,245.08,--,1,24508,买盘
2011,10:21:15,245.08,0.07,1,24508,买盘
2012,10:21:10,245.01,-0.07,7,171507,卖盘
2013,10:21:04,245.08,0.07,1,24508,买盘
2014,10:21:00,245.01,0.01,1,24501,中性盘
2015,10:20:55,245.0,-0.08,2,49000,卖盘
2016,10:20:49,245.08,--,14,343112,买盘
2017,10:20:45,245.08,0.06,5,122540,买盘
2018,10:20:39,245.02,--,9,220518,买盘
2019,10:20:34,245.02,--,1,24502,买盘
2020,10:20:30,245.02,0.02,10,245020,买盘
2021,10:20:24,245.0,-0.01,31,759500,卖盘
2022,10:20:19,245.01,-0.01,1,24501,卖盘
2023,10:20:15,245.02,--,2,49004,买盘
2024,10:20:04,245.02,--,0,1225,卖盘
2025,10:20:00,245.02,--,5,145786,买盘
2026,10:19:55,245.02,0.01,5,122510,买盘
2027,10:19:49,245.01,-0.01,6,147006,卖盘
2028,10:19:40,245.02,0.01,12,294024,买盘
2029,10:19:30,245.01,--,6,147006,买盘
2030,10:19:25,245.01,--,1,24501,买盘
2031,10:19:19,245.01,0.01,2,49002,买盘
2032,10:19:14,245.0,--,1,24500,卖盘
2033,10:19:10,245.0,-0.01,2,49000,卖盘
2034,10:19:04,245.01,-0.01,7,171507,卖盘
2035,10:18:59,245.02,-0.01,27,662779,卖盘
2036,10:18:54,245.03,--,12,294036,卖盘
2037,10:18:49,245.03,0.01,78,1934511,买盘
2038,10:18:45,245.02,-0.01,9,220518,卖盘
2039,10:18:40,245.03,--,3,73509,买盘
2040,10:18:34,245.03,0.01,4,98012,买盘
2041,10:18:30,245.02,--,8,196016,卖盘
2042,10:18:24,245.02,-0.01,11,269522,卖盘
2043,10:18:19,245.03,0.01,2,49006,买盘
2044,10:18:15,245.02,-0.01,5,122510,卖盘
2045,10:18:10,245.03,-0.01,102,2499306,卖盘
2046,10:18:04,245.04,-0.05,1,24504,卖盘
2047,10:17:59,245.09,0.06,1,24509,买盘
2048,10:17:55,245.03,--,8,196024,卖盘
2049,10:17:45,245.03,-0.06,10,245030,卖盘
2050,10:17:40,245.09,0.07,13,318617,买盘
2051,10:17:34,245.02,--,20,490040,卖盘
2052,10:17:29,245.02,--,3,73506,卖盘
2053,10:17:25,245.02,--,3,73506,卖盘
2054,10:17:19,245.02,-0.08,3,73506,卖盘
2055,10:17:14,245.1,0.07,104,2549040,买盘
2056,10:17:09,245.03,--,11,269533,买盘
2057,10:17:04,245.03,--,10,245030,卖盘
2058,10:16:59,245.03,-0.05,13,318539,卖盘
2059,10:16:54,245.08,0.02,1,24508,买盘
2060,10:16:49,245.06,-0.02,1,24506,买盘
2061,10:16:44,245.08,0.02,9,220572,买盘
2062,10:16:39,245.06,--,4,98024,买盘
2063,10:16:34,245.06,--,46,1127276,中性盘
2064,10:16:28,245.06,-0.02,1,24506,卖盘
2065,10:16:24,245.08,--,2,49016,买盘
2066,10:16:19,245.08,-0.01,4,98032,中性盘
2067,10:16:13,245.09,--,4,98036,买盘
2068,10:16:09,245.09,0.06,7,171563,买盘
2069,10:16:04,245.03,-0.06,9,220527,卖盘
2070,10:15:58,245.09,0.04,4,98036,买盘
2071,10:15:54,245.05,0.02,5,122525,买盘
2072,10:15:49,245.03,--,2,49006,卖盘
2073,10:15:43,245.03,-0.02,1,24503,卖盘
2074,10:15:39,245.05,0.02,11,269555,买盘
2075,10:15:34,245.03,--,3,73509,买盘
2076,10:15:28,245.03,--,4,101442,买盘
2077,10:15:24,245.03,--,3,73509,买盘
2078,10:15:18,245.03,0.01,1,24503,买盘
2079,10:15:13,245.02,-0.01,7,171514,卖盘
2080,10:15:09,245.03,-0.02,8,215136,卖盘
2081,10:15:04,245.05,0.02,49,1200745,买盘
2082,10:14:58,245.03,--,18,441054,卖盘
2083,10:14:54,245.03,--,8,201414,买盘
2084,10:14:48,245.03,--,9,220527,买盘
2085,10:14:43,245.03,--,2,49006,买盘
2086,10:14:39,245.03,0.01,1,24503,买盘
2087,10:14:34,245.02,-0.01,7,171514,卖盘
2088,10:14:28,245.03,0.01,41,1004623,买盘
2089,10:14:24,245.02,--,17,416534,买盘
2090,10:14:19,245.02,--,0,0,中性盘
2091,10:14:09,245.02,-0.01,1,24502,中性盘
2092,10:14:03,245.03,0.1,3,73509,买盘
2093,10:13:58,244.93,-0.07,25,612325,卖盘
2094,10:13:54,245.0,0.07,7,171500,买盘
2095,10:13:49,244.93,--,73,1806113,买盘
2096,10:13:43,244.93,--,2,48986,买盘
2097,10:13:39,244.93,--,6,146958,买盘
2098,10:13:34,244.93,--,5,122465,买盘
2099,10:13:28,244.93,-0.07,10,251298,卖盘
2100,10:13:24,245.0,-0.02,2,49000,中性盘
2101,10:13:18,245.02,0.09,1,24502,中性盘
2102,10:13:13,244.93,-0.1,11,269423,卖盘
2103,10:13:09,245.03,--,11,269533,买盘
2104,10:13:04,245.03,0.03,5,122515,买盘
2105,10:12:58,245.0,-0.02,25,612500,卖盘
2106,10:12:54,245.02,0.02,5,122510,中性盘
2107,10:12:48,245.0,--,50,1225000,卖盘
2108,10:12:43,245.0,--,8,210945,卖盘
2109,10:12:39,245.0,--,28,705110,买盘
2110,10:12:34,245.0,--,3,73500,买盘
2111,10:12:28,245.0,--,3,78890,卖盘
2112,10:12:23,245.0,--,5,122500,卖盘
2113,10:12:19,245.0,--,14,362110,卖盘
2114,10:12:13,245.0,--,29,710500,卖盘
2115,10:12:08,245.0,--,2,49000,卖盘
2116,10:12:04,245.0,--,7,171500,卖盘
2117,10:11:58,245.0,-0.04,29,710500,卖盘
2118,10:11:53,245.04,-0.01,17,416568,中性盘
2119,10:11:49,245.05,--,3,73515,买盘
2120,10:11:43,245.05,0.05,4,98020,买盘
2121,10:11:38,245.0,0.05,37,906500,买盘
2122,10:11:34,244.95,-0.04,2,48990,中性盘
2123,10:11:28,244.99,--,0,0,中性盘
2124,10:11:23,244.99,-0.01,4,116125,中性盘
2125,10:11:19,245.0,--,1,24500,买盘
2126,10:11:13,245.0,0.07,6,147000,买盘
2127,10:11:08,244.93,-0.07,4,112912,卖盘
2128,10:11:03,245.0,--,1,24500,买盘
2129,10:10:58,245.0,0.07,1,24500,买盘
2130,10:10:53,244.93,-0.07,11,269423,卖盘
2131,10:10:48,245.0,-0.08,44,1078000,卖盘
2132,10:10:43,245.08,0.08,8,196064,买盘
2133,10:10:38,245.0,--,9,220500,卖盘
2134,10:10:33,245.0,--,2,49000,卖盘
2135,10:10:28,245.0,-0.01,24,588000,卖盘
2136,10:10:23,245.01,-0.08,2,49002,中性盘
2137,10:10:18,245.09,--,8,196072,买盘
2138,10:10:13,245.09,--,16,392144,买盘
2139,10:10:08,245.09,-0.01,23,563707,卖盘
2140,10:10:03,245.1,--,2,49020,买盘
2141,10:09:58,245.1,--,32,784320,买盘
2142,10:09:53,245.1,--,3,73530,买盘
2143,10:09:48,245.1,0.1,27,661770,买盘
2144,10:09:43,245.0,0.08,50,1225000,中性盘
2145,10:09:38,244.92,-0.08,37,906204,卖盘
2146,10:09:33,245.0,0.07,38,936390,买盘
2147,10:09:28,244.93,-0.07,1,24493,中性盘
2148,10:09:23,245.0,--,15,367500,买盘
2149,10:09:18,245.0,--,22,539000,买盘
2150,10:09:13,245.0,--,53,1298500,买盘
2151,10:09:07,245.0,--,0,0,买盘
2152,10:09:03,245.0,--,9,220500,买盘
2153,10:08:58,245.0,0.08,1,24500,买盘
2154,10:08:52,244.92,-0.08,6,146952,卖盘
2155,10:08:48,245.0,--,13,318500,买盘
2156,10:08:43,245.0,--,52,1274000,买盘
2157,10:08:37,245.0,--,3,73500,买盘
2158,10:08:33,245.0,--,254,6242110,卖盘
2159,10:08:28,245.0,-0.05,25,612500,卖盘
2160,10:08:22,245.05,-0.06,2,49010,买盘
2161,10:08:18,245.11,--,15,367665,买盘
2162,10:08:13,245.11,0.03,1,24511,买盘
2163,10:08:07,245.08,-0.06,12,294096,卖盘
2164,10:08:03,245.14,-0.01,17,416738,中性盘
2165,10:07:57,245.15,0.07,9,220635,买盘
2166,10:07:52,245.08,-0.02,44,1078352,卖盘
2167,10:07:48,245.1,--,5,122550,卖盘
2168,10:07:43,245.1,-0.02,16,392160,卖盘
2169,10:07:37,245.12,--,1,24512,买盘
2170,10:07:33,245.12,-0.08,17,416704,中性盘
2171,10:07:27,245.2,--,102,2501040,买盘
2172,10:07:22,245.2,--,2,49040,买盘
2173,10:07:18,245.2,0.03,21,514920,买盘
2174,10:07:07,245.17,-0.03,7,171619,卖盘
2175,10:07:03,245.2,--,8,196160,买盘
2176,10:06:57,245.2,--,1,24520,买盘
2177,10:06:52,245.2,--,3,73560,买盘
2178,10:06:48,245.2,0.08,1,24520,买盘
2179,10:06:42,245.12,-0.08,6,147072,卖盘
2180,10:06:37,245.2,-0.04,9,220680,买盘
2181,10:06:33,245.24,--,0,0,买盘
2182,10:06:22,245.24,--,0,0,买盘
2183,10:06:18,245.24,0.12,32,784768,买盘
2184,10:06:12,245.12,-0.1,89,2198236,卖盘
2185,10:06:07,245.22,0.02,2,49044,买盘
2186,10:06:03,245.2,-0.02,6,147120,买盘
2187,10:05:58,245.22,0.02,4,98088,买盘
2188,10:05:52,245.2,-0.37,6,165755,卖盘
2189,10:05:47,245.57,0.07,16,392912,买盘
2190,10:05:42,245.5,--,1,24550,买盘
2191,10:05:37,245.5,--,2,49100,买盘
2192,10:05:33,245.5,--,1,24550,买盘
2193,10:05:28,245.5,0.3,3,73650,买盘
2194,10:05:22,245.2,-0.3,20,490400,卖盘
2195,10:05:17,245.5,--,1,24550,买盘
2196,10:05:12,245.5,-0.08,6,147300,卖盘
2197,10:05:02,245.58,--,9,221022,买盘
2198,10:04:58,245.58,0.08,3,73674,买盘
2199,10:04:47,245.5,--,8,196400,卖盘
2200,10:04:42,245.5,--,3,73650,卖盘
2201,10:04:32,245.5,--,3,73650,卖盘
2202,10:04:27,245.5,-0.08,7,171850,卖盘
2203,10:04:17,245.58,--,1,24558,买盘
2204,10:04:12,245.58,0.01,13,319254,买盘
2205,10:04:07,245.57,-0.01,2,49114,中性盘
2206,10:04:02,245.58,-0.01,2,49116,卖盘
2207,10:03:57,245.59,0.01,2,49118,买盘
2208,10:03:47,245.58,0.08,4,98232,买盘
2209,10:03:42,245.5,-0.09,10,245500,卖盘
2210,10:03:32,245.59,0.02,14,343826,买盘
2211,10:03:22,245.57,--,1,24557,中性盘
2212,10:03:17,245.57,--,13,319241,卖盘
2213,10:03:12,245.57,--,8,196456,买盘
2214,10:03:07,245.57,--,1,24557,买盘
2215,10:02:52,245.57,--,9,221013,买盘
2216,10:02:47,245.57,-0.02,5,122785,买盘
2217,10:02:41,245.59,0.01,54,1326186,买盘
2218,10:02:37,245.58,0.38,9,223968,中性盘
2219,10:02:32,245.2,-0.37,15,370742,卖盘
2220,10:02:27,245.57,--,3,73671,买盘
2221,10:02:22,245.57,0.37,6,147342,中性盘
2222,10:02:16,245.2,-0.2,9,220680,卖盘
2223,10:02:12,245.4,-0.19,2,49080,卖盘
2224,10:02:07,245.59,--,2,49118,买盘
2225,10:02:01,245.59,0.19,6,147354,买盘
2226,10:01:57,245.4,0.04,45,1109698,买盘
2227,10:01:52,245.36,-0.03,5,122680,卖盘
2228,10:01:46,245.39,--,0,0,买盘
2229,10:01:42,245.39,0.03,10,245390,买盘
2230,10:01:37,245.36,--,109,2674424,中性盘
2231,10:01:31,245.36,0.21,1,24536,中性盘
2232,10:01:27,245.15,--,6,147090,卖盘
2233,10:01:22,245.15,-0.25,3,73545,卖盘
2234,10:01:16,245.4,--,7,171780,买盘
2235,10:01:12,245.4,0.24,14,343560,买盘
2236,10:01:07,245.16,-0.24,33,809028,卖盘
2237,10:01:01,245.4,--,0,0,买盘
2238,10:00:57,245.4,--,2,49080,买盘
2239,10:00:42,245.4,0.23,7,171780,买盘
2240,10:00:37,245.17,-0.23,4,98068,卖盘
2241,10:00:31,245.4,--,2,49080,买盘
2242,10:00:27,245.4,-0.19,28,687120,卖盘
2243,10:00:21,245.59,0.19,1,24559,买盘
2244,10:00:16,245.4,--,7,171780,卖盘
2245,10:00:06,245.4,-0.18,7,171780,卖盘
2246,10:00:01,245.58,0.18,8,196464,买盘
2247,09:59:57,245.4,-0.19,2,49080,卖盘
2248,09:59:52,245.59,0.03,3,73677,买盘
2249,09:59:41,245.56,-0.03,1,24556,买盘
2250,09:59:36,245.59,0.19,1,24559,卖盘
2251,09:59:31,245.4,--,8,211289,卖盘
2252,09:59:26,245.4,-0.19,18,451290,卖盘
2253,09:59:07,245.59,0.19,6,147354,买盘
2254,09:59:01,245.4,0.22,25,613500,买盘
2255,09:58:57,245.18,--,9,220662,买盘
2256,09:58:52,245.18,--,1,24518,买盘
2257,09:58:46,245.18,--,1,24518,买盘
2258,09:58:37,245.18,--,1,24518,卖盘
2259,09:58:31,245.18,-0.22,1,24518,卖盘
2260,09:58:26,245.4,0.22,40,981600,买盘
2261,09:58:21,245.18,--,4,98072,卖盘
2262,09:58:11,245.18,-0.22,2,49036,卖盘
2263,09:58:06,245.4,--,12,294480,买盘
2264,09:58:01,245.4,--,1,24540,买盘
2265,09:57:56,245.4,--,6,147240,买盘
2266,09:57:51,245.4,-0.17,35,858900,卖盘
2267,09:57:41,245.57,0.17,11,270127,买盘
2268,09:57:36,245.4,--,2,49080,买盘
2269,09:57:31,245.4,--,39,957060,买盘
2270,09:57:26,245.4,--,60,1472400,买盘
2271,09:57:21,245.4,--,9,220860,买盘
2272,09:57:16,245.4,0.24,1,24540,买盘
2273,09:57:11,245.16,-0.24,2,49032,卖盘
2274,09:57:05,245.4,-0.19,2,49080,中性盘
2275,09:57:01,245.59,0.44,2,49118,买盘
2276,09:56:56,245.15,-0.44,8,196120,卖盘
2277,09:56:51,245.59,--,10,245590,买盘
2278,09:56:46,245.59,0.01,2,49118,买盘
2279,09:56:41,245.58,0.18,3,73674,中性盘
2280,09:56:36,245.4,--,0,0,卖盘
2281,09:56:26,245.4,-0.18,12,294480,中性盘
2282,09:56:21,245.58,0.43,5,122790,买盘
2283,09:56:16,245.15,-0.44,2,49030,卖盘
2284,09:56:11,245.59,--,3,73677,买盘
2285,09:56:05,245.59,0.44,4,98236,买盘
2286,09:56:01,245.15,-0.01,12,294180,卖盘
2287,09:55:56,245.16,-0.24,8,196128,卖盘
2288,09:55:50,245.4,-0.19,1,24540,卖盘
2289,09:55:46,245.59,-0.01,50,1227950,中性盘
2290,09:55:41,245.6,--,2,49120,买盘
2291,09:55:36,245.6,0.2,2,49120,买盘
2292,09:55:31,245.4,-0.2,2,49080,卖盘
2293,09:55:26,245.6,--,16,392960,买盘
2294,09:55:16,245.6,-0.18,20,491200,卖盘
2295,09:55:11,245.78,--,5,122890,卖盘
2296,09:55:06,245.78,0.18,27,663606,买盘
2297,09:55:01,245.6,--,14,343840,卖盘
2298,09:54:55,245.6,0.45,11,270160,买盘
2299,09:54:51,245.15,-0.26,9,220635,卖盘
2300,09:54:46,245.41,0.02,8,204181,买盘
2301,09:54:36,245.39,--,5,122695,卖盘
2302,09:54:31,245.39,--,0,0,中性盘
2303,09:54:21,245.39,0.29,2,49078,买盘
2304,09:54:16,245.1,-0.3,4,98040,卖盘
2305,09:54:10,245.4,0.28,26,638040,买盘
2306,09:54:06,245.12,0.02,6,147072,买盘
2307,09:54:01,245.1,-0.05,6,147060,卖盘
2308,09:53:55,245.15,-0.24,2,49030,卖盘
2309,09:53:51,245.39,-0.01,14,343546,买盘
2310,09:53:46,245.4,0.29,1,24540,买盘
2311,09:53:40,245.11,-0.29,6,147066,卖盘
2312,09:53:35,245.4,0.25,2,49080,买盘
2313,09:53:30,245.15,0.04,9,220635,买盘
2314,09:53:25,245.11,-0.04,2,49022,卖盘
2315,09:53:20,245.15,--,7,171605,买盘
2316,09:53:16,245.15,-0.25,4,98060,买盘
2317,09:53:10,245.4,--,0,0,买盘
2318,09:53:05,245.4,0.25,5,122700,买盘
2319,09:53:00,245.15,--,1,24515,卖盘
2320,09:52:55,245.15,0.04,5,122575,中性盘
2321,09:52:50,245.11,-0.01,6,147066,卖盘
2322,09:52:46,245.12,--,1,24512,买盘
2323,09:52:40,245.12,--,2,49024,买盘
2324,09:52:35,245.12,0.01,95,2328640,中性盘
2325,09:52:31,245.11,0.01,9,220599,买盘
2326,09:52:25,245.1,--,27,661770,买盘
2327,09:52:20,245.1,--,131,3210810,卖盘
2328,09:52:10,245.1,0.02,57,1402462,买盘
2329,09:52:05,245.08,-0.01,15,367620,中性盘
2330,09:52:00,245.09,-0.01,51,1249959,卖盘
2331,09:51:50,245.1,--,2,49020,买盘
2332,09:51:45,245.1,--,10,245100,卖盘
2333,09:51:40,245.1,-0.11,5,122550,卖盘
2334,09:51:35,245.21,--,6,147126,买盘
2335,09:51:30,245.21,--,6,147126,卖盘
2336,09:51:25,245.21,-0.19,1,24521,卖盘
2337,09:51:20,245.4,0.19,3,73620,中性盘
2338,09:51:05,245.21,--,102,2502368,中性盘
2339,09:50:59,245.21,0.02,2,49042,买盘
2340,09:50:55,245.19,-0.02,9,220671,卖盘
2341,09:50:50,245.21,0.02,27,662067,中性盘
2342,09:50:45,245.19,-0.02,7,171633,卖盘
2343,09:50:40,245.21,0.02,1,24521,买盘
2344,09:50:35,245.19,--,8,196152,卖盘
2345,09:50:30,245.19,-0.02,21,514899,卖盘
2346,09:50:25,245.21,-0.57,3,73563,卖盘
2347,09:50:20,245.78,0.48,1,24578,买盘
2348,09:50:15,245.3,-0.48,7,171710,卖盘
2349,09:50:10,245.78,0.48,14,344092,中性盘
2350,09:50:05,245.3,-0.48,9,220770,卖盘
2351,09:49:59,245.78,-0.18,9,221202,卖盘
2352,09:49:55,245.96,0.16,3,73788,中性盘
2353,09:49:50,245.8,-0.2,20,515934,卖盘
2354,09:49:45,246.0,-0.05,55,1353246,卖盘
2355,09:49:40,246.05,--,4,98420,买盘
2356,09:49:35,246.05,-0.01,14,344470,卖盘
2357,09:49:29,246.06,--,8,196848,卖盘
2358,09:49:25,246.06,-0.24,21,516726,卖盘
2359,09:49:20,246.3,0.25,4,98520,买盘
2360,09:49:14,246.05,-0.26,14,344470,卖盘
2361,09:49:10,246.31,--,1,24631,买盘
2362,09:49:05,246.31,0.01,7,172417,中性盘
2363,09:49:00,246.3,-0.02,5,123150,中性盘
2364,09:48:55,246.32,0.02,2,71432,买盘
2365,09:48:50,246.3,--,8,197040,卖盘
2366,09:48:45,246.3,--,5,123150,买盘
2367,09:48:40,246.3,0.3,1,24630,买盘
2368,09:48:35,246.0,--,18,442800,卖盘
2369,09:48:29,246.0,0.1,116,2853600,买盘
2370,09:48:25,245.9,--,10,245900,卖盘
2371,09:48:20,245.9,--,11,270490,卖盘
2372,09:48:14,245.9,--,2,49180,卖盘
2373,09:48:10,245.9,--,3,73770,卖盘
2374,09:48:04,245.9,--,1,24590,卖盘
2375,09:47:59,245.9,0.1,5,122950,买盘
2376,09:47:55,245.8,-0.08,30,737400,卖盘
2377,09:47:49,245.88,0.2,12,295056,买盘
2378,09:47:45,245.68,--,14,343952,中性盘
2379,09:47:40,245.68,-0.12,27,663336,卖盘
2380,09:47:34,245.8,--,0,0,买盘
2381,09:47:29,245.8,-0.08,1,24580,买盘
2382,09:47:19,245.88,0.2,4,98352,买盘
2383,09:47:15,245.68,-0.12,2,49136,卖盘
2384,09:47:10,245.8,-0.15,7,172060,中性盘
2385,09:47:04,245.95,0.15,1,24595,买盘
2386,09:46:59,245.8,0.2,8,196640,买盘
2387,09:46:55,245.6,-0.08,15,368400,卖盘
2388,09:46:49,245.68,--,0,0,中性盘
2389,09:46:45,245.68,--,0,0,买盘
2390,09:46:39,245.68,0.27,8,196544,买盘
2391,09:46:34,245.41,-0.19,19,466279,卖盘
2392,09:46:29,245.6,--,0,0,中性盘
2393,09:46:25,245.6,-0.08,1,24560,买盘
2394,09:46:19,245.68,-0.12,6,147408,卖盘
2395,09:46:14,245.8,0.12,10,245800,买盘
2396,09:46:09,245.68,0.21,4,98272,买盘
2397,09:46:04,245.47,--,0,0,卖盘
2398,09:45:59,245.47,-0.13,7,171829,卖盘
2399,09:45:54,245.6,--,10,245600,卖盘
2400,09:45:49,245.6,0.1,13,319280,买盘
2401,09:45:44,245.5,0.12,16,392800,买盘
2402,09:45:38,245.38,-0.03,21,515298,卖盘
2403,09:45:34,245.41,--,1,24541,买盘
2404,09:45:29,245.41,0.01,10,245410,买盘
2405,09:45:24,245.4,0.1,19,466260,买盘
2406,09:45:19,245.3,-0.1,4,98120,卖盘
2407,09:45:14,245.4,--,1,24540,中性盘
2408,09:45:08,245.4,0.02,13,319020,买盘
2409,09:44:59,245.38,-0.1,21,515298,卖盘
2410,09:44:54,245.48,0.08,11,270028,买盘
2411,09:44:49,245.4,--,0,0,卖盘
2412,09:44:44,245.4,-0.1,13,319020,卖盘
2413,09:44:38,245.5,0.05,3,73650,买盘
2414,09:44:34,245.45,0.05,2,49090,买盘
2415,09:44:29,245.4,--,15,368100,买盘
2416,09:44:24,245.4,0.1,2,49080,买盘
2417,09:44:19,245.3,-0.03,1,24530,卖盘
2418,09:44:14,245.33,0.03,4,98132,买盘
2419,09:44:08,245.3,0.1,28,686840,买盘
2420,09:44:04,245.2,0.01,1,24520,买盘
2421,09:43:59,245.19,-0.01,5,122595,卖盘
2422,09:43:54,245.2,0.01,21,514920,买盘
2423,09:43:49,245.19,0.12,3,73557,买盘
2424,09:43:44,245.07,0.03,2,49014,卖盘
2425,09:43:38,245.04,0.03,27,661608,买盘
2426,09:43:29,245.01,-0.01,48,1176048,卖盘
2427,09:43:24,245.02,0.01,9,220518,买盘
2428,09:43:14,245.01,0.01,13,318513,卖盘
2429,09:43:09,245.0,--,0,0,卖盘
2430,09:42:59,245.0,-0.05,2,49000,卖盘
2431,09:42:54,245.05,-0.02,10,245050,买盘
2432,09:42:49,245.07,--,0,0,买盘
2433,09:42:44,245.07,0.06,171,4190697,买盘
2434,09:42:39,245.01,-0.06,11,269511,卖盘
2435,09:42:34,245.07,--,3,73521,买盘
2436,09:42:29,245.07,0.05,17,422010,买盘
2437,09:42:23,245.02,-0.06,8,196016,卖盘
2438,09:42:14,245.08,0.08,1,24508,买盘
2439,09:42:09,245.0,-0.01,35,857500,卖盘
2440,09:42:04,245.01,-0.04,4,98004,卖盘
2441,09:41:59,245.05,0.05,2,49010,中性盘
2442,09:41:54,245.0,-0.2,23,563500,卖盘
2443,09:41:49,245.2,--,55,1348600,卖盘
2444,09:41:44,245.2,0.15,39,956280,买盘
2445,09:41:39,245.05,--,0,0,卖盘
2446,09:41:34,245.05,-0.05,8,196040,卖盘
2447,09:41:29,245.1,0.04,2,49020,卖盘
2448,09:41:24,245.06,0.01,1,24506,买盘
2449,09:41:13,245.05,-0.05,10,245050,卖盘
2450,09:41:04,245.1,-0.2,33,808830,卖盘
2451,09:40:58,245.3,0.1,29,711370,买盘
2452,09:40:53,245.2,0.01,5,122600,买盘
2453,09:40:49,245.19,-0.01,5,122595,买盘
2454,09:40:39,245.2,--,0,0,中性盘
2455,09:40:34,245.2,0.14,2,49040,买盘
2456,09:40:28,245.06,-0.11,4,98024,卖盘
2457,09:40:23,245.17,-0.02,2,49034,买盘
2458,09:40:19,245.19,0.19,15,367785,买盘
2459,09:40:13,245.0,-0.05,21,514500,卖盘
2460,09:40:08,245.05,-0.1,26,637130,卖盘
2461,09:40:03,245.15,--,4,98060,买盘
2462,09:39:58,245.15,-0.02,18,460391,卖盘
2463,09:39:54,245.17,-0.01,2,49034,卖盘
2464,09:39:47,245.18,--,5,127983,买盘
2465,09:39:43,245.18,-0.01,5,141714,卖盘
2466,09:39:38,245.19,--,18,441342,买盘
2467,09:39:32,245.19,0.01,7,171633,买盘
2468,09:39:23,245.18,--,13,318734,卖盘
2469,09:39:17,245.18,0.12,30,740933,买盘
2470,09:39:13,245.06,0.06,1,24506,卖盘
2471,09:39:08,245.0,-0.06,42,1029000,卖盘
2472,09:39:02,245.06,0.06,1,24506,买盘
2473,09:38:58,245.0,-0.06,30,735000,卖盘
2474,09:38:53,245.06,0.06,95,2343018,买盘
2475,09:38:47,245.0,--,1,24500,卖盘
2476,09:38:43,245.0,--,4,98000,卖盘
2477,09:38:38,245.0,--,4,98000,卖盘
2478,09:38:32,245.0,--,0,0,卖盘
2479,09:38:28,245.0,--,7,171500,卖盘
2480,09:38:23,245.0,--,15,367500,卖盘
2481,09:38:17,245.0,--,2,49000,卖盘
2482,09:38:13,245.0,--,4,98000,卖盘
2483,09:38:08,245.0,--,82,2009000,卖盘
2484,09:38:02,245.0,--,1,24500,卖盘
2485,09:37:58,245.0,--,1,24500,卖盘
2486,09:37:53,245.0,--,13,318500,卖盘
2487,09:37:47,245.0,--,28,696290,卖盘
2488,09:37:43,245.0,0.28,5,122500,买盘
2489,09:37:38,244.72,-0.28,9,224897,卖盘
2490,09:37:32,245.0,--,72,1783845,买盘
2491,09:37:23,245.0,--,0,0,买盘
2492,09:37:17,245.0,--,10,245000,买盘
2493,09:37:13,245.0,--,0,0,买盘
2494,09:37:08,245.0,--,2,49000,买盘
2495,09:37:02,245.0,-0.01,4,110005,卖盘
2496,09:36:58,245.01,--,32,784032,买盘
2497,09:36:53,245.01,--,441,10814741,买盘
2498,09:36:47,245.01,0.01,10,245010,中性盘
2499,09:36:43,245.0,--,8,196000,卖盘
2500,09:36:38,245.0,--,9,220500,卖盘
2501,09:36:32,245.0,-0.01,12,294000,卖盘
2502,09:36:28,245.01,-0.05,2,49002,卖盘
2503,09:36:23,245.06,--,16,392096,卖盘
2504,09:36:17,245.06,-0.14,40,1001315,卖盘
2505,09:36:08,245.2,--,7,171885,卖盘
2506,09:36:02,245.2,--,22,542627,买盘
2507,09:35:57,245.2,--,0,0,买盘
2508,09:35:53,245.2,0.17,5,122600,买盘
2509,09:35:47,245.03,-0.05,5,122515,卖盘
2510,09:35:43,245.08,0.07,2,49016,中性盘
2511,09:35:38,245.01,0.01,16,392016,买盘
2512,09:35:32,245.0,-0.01,122,2989000,卖盘
2513,09:35:28,245.01,-0.01,1,24501,卖盘
2514,09:35:23,245.02,-0.18,4,98008,中性盘
2515,09:35:17,245.2,--,8,196160,买盘
2516,09:35:13,245.2,-0.01,17,416840,买盘
2517,09:35:02,245.21,-0.11,13,318773,卖盘
2518,09:34:57,245.32,0.11,4,98128,买盘
2519,09:34:53,245.21,-0.12,12,313623,卖盘
2520,09:34:47,245.33,--,5,125118,买盘
2521,09:34:43,245.33,--,2,49066,买盘
2522,09:34:38,245.33,-0.07,7,174429,买盘
2523,09:34:32,245.4,--,0,0,中性盘
2524,09:34:28,245.4,--,1,24540,买盘
2525,09:34:22,245.4,0.1,9,223804,买盘
2526,09:34:17,245.3,-0.02,12,294360,卖盘
2527,09:34:13,245.32,--,0,0,卖盘
2528,09:34:08,245.32,--,8,206068,买盘
2529,09:34:02,245.32,0.12,11,272550,买盘
2530,09:33:58,245.2,-0.1,24,588480,卖盘
2531,09:33:52,245.3,0.02,1,24530,中性盘
2532,09:33:47,245.28,-0.04,15,367920,卖盘
2533,09:33:43,245.32,0.32,2,49064,买盘
2534,09:33:37,245.0,-0.03,0,2695,卖盘
2535,09:33:32,245.03,-0.27,6,147018,卖盘
2536,09:33:27,245.3,0.02,4,98120,买盘
2537,09:33:22,245.28,--,0,0,买盘
2538,09:33:17,245.28,0.28,2,49056,买盘
2539,09:33:12,245.0,--,16,392000,买盘
2540,09:33:06,245.0,0.06,7,171500,买盘
2541,09:33:02,244.94,-0.26,23,563362,卖盘
2542,09:32:57,245.2,0.51,3,73560,买盘
2543,09:32:52,244.69,-0.49,1,24469,卖盘
2544,09:32:47,245.18,0.23,8,196144,买盘
2545,09:32:41,244.95,--,5,122475,卖盘
2546,09:32:37,244.95,--,0,0,卖盘
2547,09:32:32,244.95,0.35,23,563385,买盘
2548,09:32:21,244.6,--,0,0,卖盘
2549,09:32:17,244.6,-0.35,1,27150,中性盘
2550,09:32:11,244.95,0.01,7,171465,买盘
2551,09:32:07,244.94,0.69,1,27433,买盘
2552,09:32:02,244.25,--,4,97700,卖盘
2553,09:31:56,244.25,0.15,1,27356,中性盘
2554,09:31:52,244.1,--,0,0,卖盘
2555,09:31:47,244.1,-0.85,4,97640,卖盘
2556,09:31:41,244.95,0.77,62,1518690,买盘
2557,09:31:37,244.18,0.07,12,293016,买盘
2558,09:31:32,244.11,-0.77,20,488220,卖盘
2559,09:31:26,244.88,0.7,3,73464,买盘
2560,09:31:22,244.18,0.08,2,51277,买盘
2561,09:31:17,244.1,-0.01,6,146460,卖盘
2562,09:31:11,244.11,0.01,23,561453,卖盘
2563,09:31:07,244.1,-0.4,4,97640,卖盘
2564,09:31:02,244.5,0.39,24,586800,中性盘
2565,09:30:56,244.11,-0.39,13,317343,卖盘
2566,09:30:51,244.5,-0.39,18,440100,中性盘
2567,09:30:47,244.89,0.09,6,146934,买盘
2568,09:30:41,244.8,-0.2,2,48960,卖盘
2569,09:30:36,245.0,0.2,1,24500,买盘
2570,09:30:32,244.8,--,0,0,中性盘
2571,09:30:26,244.8,--,1,24480,买盘
2572,09:30:22,244.8,0.8,2,48960,买盘
2573,09:30:17,244.0,--,2,64172,卖盘
2574,09:30:11,244.0,--,0,0,卖盘
2575,09:30:06,244.0,-1,23,561200,卖盘
2576,09:30:02,245.0,2,2,49000,买盘
2577,09:28:41,243.0,--,0,0,卖盘
2578,09:25:05,243.0,243,458,11129400,买盘
