,time,price,change,volume,amount,type
0,15:00:00,16.34,--,0,0,中性盘
1,15:00:00,16.34,-0.01,0,0,中性盘
2,15:00:00,16.35,--,1024,1674240,买盘
3,14:59:57,16.35,0.02,37,60495,买盘
4,14:59:52,16.33,-0.02,141,230252,卖盘
5,14:59:47,16.35,0.01,581,949935,买盘
6,14:59:43,16.34,0.01,114,186276,买盘
7,14:59:37,16.33,-0.02,244,398451,卖盘
8,14:59:32,16.35,0.02,110,179850,买盘
9,14:59:28,16.33,-0.02,59,96346,卖盘
10,14:59:22,16.35,--,260,425786,卖盘
11,14:59:17,16.35,--,52,85020,卖盘
12,14:59:13,16.35,-0.01,92,150420,卖盘
13,14:59:07,16.36,--,84,137424,买盘
14,14:59:02,16.36,--,7,11452,买盘
15,14:58:57,16.36,--,20,32720,买盘
16,14:58:52,16.36,--,133,217588,卖盘
17,14:58:47,16.36,--,322,526792,买盘
18,14:58:42,16.36,--,137,224132,卖盘
19,14:58:37,16.36,--,532,870352,买盘
20,14:58:32,16.36,-0.01,140,229040,买盘
21,14:58:27,16.37,0.02,109,178433,买盘
22,14:58:22,16.35,--,1070,1749450,卖盘
23,14:58:17,16.35,-0.02,1179,1927665,卖盘
24,14:58:12,16.37,0.01,119,194803,买盘
25,14:58:07,16.36,--,101,165236,卖盘
26,14:58:02,16.36,0.01,902,1475672,买盘
27,14:57:57,16.35,--,229,374415,卖盘
28,14:57:52,16.35,--,569,930315,卖盘
29,14:57:47,16.35,--,100,163500,卖盘
30,14:57:42,16.35,-0.01,63,103005,卖盘
31,14:57:37,16.36,--,128,209408,买盘
32,14:57:32,16.36,0.01,97,158692,买盘
33,14:57:27,16.35,--,106,173310,卖盘
34,14:57:22,16.35,--,59,96465,卖盘
35,14:57:17,16.35,0.03,8372,13689168,买盘
36,14:57:12,16.32,-0.01,106,172992,卖盘
37,14:57:07,16.33,0.01,36,58787,买盘
38,14:57:02,16.32,--,143,233376,卖盘
39,14:56:57,16.32,--,22,35904,卖盘
40,14:56:52,16.32,0.02,3242,5291629,买盘
41,14:56:47,16.3,-0.01,213,347190,卖盘
42,14:56:37,16.31,--,69,112538,卖盘
43,14:56:32,16.31,--,157,256066,卖盘
44,14:56:27,16.31,-0.01,20,32619,卖盘
45,14:56:22,16.32,0.01,107,174624,买盘
46,14:56:17,16.31,0.01,104,169624,买盘
47,14:56:12,16.3,-0.01,193,314590,卖盘
48,14:56:07,16.31,--,147,239756,卖盘
49,14:56:02,16.31,--,141,229970,卖盘
50,14:55:57,16.31,--,32,52191,卖盘
51,14:55:52,16.31,-0.01,49,79919,卖盘
52,14:55:47,16.32,--,73,119136,买盘
53,14:55:42,16.32,--,401,654432,买盘
54,14:55:37,16.32,--,1446,2360818,卖盘
55,14:55:32,16.32,--,94,153408,卖盘
56,14:55:27,16.32,-0.01,589,961248,卖盘
57,14:55:22,16.33,0.01,670,1094110,买盘
58,14:55:17,16.32,--,183,298656,卖盘
59,14:55:12,16.32,-0.01,20,32640,卖盘
60,14:55:07,16.33,0.01,368,600943,买盘
61,14:55:02,16.32,--,15,24480,卖盘
62,14:54:57,16.32,--,12,19584,卖盘
63,14:54:52,16.32,-0.01,303,494496,卖盘
64,14:54:47,16.33,--,1217,1988634,买盘
65,14:54:42,16.33,0.01,81,132273,买盘
66,14:54:37,16.32,--,90,146880,卖盘
67,14:54:32,16.32,-0.01,53,87768,卖盘
68,14:54:27,16.33,0.01,5,8164,买盘
69,14:54:22,16.32,-0.01,33,53856,卖盘
70,14:54:17,16.33,0.01,25,40824,买盘
71,14:54:12,16.32,--,76,124668,卖盘
72,14:54:07,16.32,-0.01,224,366514,卖盘
73,14:54:02,16.33,--,39,63686,买盘
74,14:53:57,16.33,--,53,86548,买盘
75,14:53:52,16.33,--,34,55521,买盘
76,14:53:47,16.33,0.01,223,364158,买盘
77,14:53:42,16.32,--,11,17952,卖盘
78,14:53:37,16.32,-0.01,26,42432,卖盘
79,14:53:32,16.33,--,20,32659,买盘
80,14:53:27,16.33,--,113,184528,卖盘
81,14:53:22,16.33,--,260,424579,卖盘
82,14:53:17,16.33,--,238,388964,买盘
83,14:53:12,16.33,--,47,76750,买盘
84,14:53:07,16.33,0.01,31,50622,买盘
85,14:53:01,16.32,-0.01,36,58752,卖盘
86,14:52:57,16.33,--,45,73484,买盘
87,14:52:52,16.33,--,131,214233,买盘
88,14:52:46,16.33,0.01,85,139425,买盘
89,14:52:42,16.32,-0.01,43,70486,卖盘
90,14:52:37,16.33,--,127,207701,买盘
91,14:52:31,16.33,0.01,108,176363,买盘
92,14:52:27,16.32,--,658,1073856,卖盘
93,14:52:21,16.32,--,121,197782,卖盘
94,14:52:16,16.32,--,1557,2541644,卖盘
95,14:52:11,16.32,--,147,239904,卖盘
96,14:52:06,16.32,--,30,48960,卖盘
97,14:52:01,16.32,0.02,3787,6180677,买盘
98,14:51:56,16.3,--,189,308070,卖盘
99,14:51:51,16.3,--,464,756939,卖盘
100,14:51:46,16.3,--,1444,2354339,卖盘
101,14:51:41,16.3,-0.01,2634,4293420,卖盘
102,14:51:36,16.31,--,111,181041,买盘
103,14:51:31,16.31,0.01,20,32619,买盘
104,14:51:26,16.3,--,167,273139,卖盘
105,14:51:21,16.3,--,50,81500,卖盘
106,14:51:16,16.3,-0.01,146,237980,卖盘
107,14:51:11,16.31,0.01,15,24464,买盘
108,14:51:06,16.3,--,19,30970,卖盘
109,14:51:00,16.3,--,188,306440,卖盘
110,14:50:56,16.3,--,63,102690,卖盘
111,14:50:46,16.3,--,57,92910,卖盘
112,14:50:41,16.3,-0.01,139,226570,卖盘
113,14:50:36,16.31,--,6,9786,买盘
114,14:50:31,16.31,0.01,164,267484,买盘
115,14:50:26,16.3,-0.01,83,135290,卖盘
116,14:50:20,16.31,0.01,282,459941,买盘
117,14:50:16,16.3,--,49,79870,卖盘
118,14:50:11,16.3,-0.01,136,221680,卖盘
119,14:50:06,16.31,0.01,8,13047,买盘
120,14:50:00,16.3,-0.01,303,493890,卖盘
121,14:49:56,16.31,0.01,333,543123,买盘
122,14:49:50,16.3,-0.01,104,169520,卖盘
123,14:49:46,16.31,0.01,281,458310,买盘
124,14:49:41,16.3,-0.01,95,154850,卖盘
125,14:49:35,16.31,0.01,67,109276,买盘
126,14:49:31,16.3,--,208,339040,卖盘
127,14:49:26,16.3,-0.01,129,210824,卖盘
128,14:49:21,16.31,0.01,86,140266,买盘
129,14:49:16,16.3,--,54,88313,卖盘
130,14:49:11,16.3,--,42,68460,卖盘
131,14:49:05,16.3,--,3,4890,卖盘
132,14:49:01,16.3,--,11,17930,卖盘
133,14:48:56,16.3,--,55,89650,卖盘
134,14:48:51,16.3,--,114,185820,卖盘
135,14:48:46,16.3,--,89,145070,卖盘
136,14:48:41,16.3,--,1895,3088850,卖盘
137,14:48:36,16.3,--,30,48900,卖盘
138,14:48:30,16.3,--,2510,4091560,买盘
139,14:48:26,16.3,0.02,12,19560,买盘
140,14:48:21,16.28,-0.02,200,325600,卖盘
141,14:48:16,16.3,--,12,19560,买盘
142,14:48:11,16.3,--,1703,2776998,卖盘
143,14:48:06,16.3,--,3,4890,卖盘
144,14:48:01,16.3,--,165,268950,卖盘
145,14:47:56,16.3,--,63,102690,卖盘
146,14:47:51,16.3,--,58,94540,卖盘
147,14:47:46,16.3,0.01,10016,16326601,买盘
148,14:47:41,16.29,0.01,1,1629,买盘
149,14:47:31,16.28,-0.02,8,13024,卖盘
150,14:47:26,16.3,0.01,52,85053,买盘
151,14:47:20,16.29,--,240,390960,卖盘
152,14:47:16,16.29,-0.01,95,154999,卖盘
153,14:47:11,16.3,--,9,14670,买盘
154,14:47:01,16.3,0.01,1755,2860650,买盘
155,14:46:56,16.29,--,30,48870,卖盘
156,14:46:50,16.29,0.02,8130,13244861,买盘
157,14:46:46,16.27,--,77,125279,卖盘
158,14:46:41,16.27,--,29,47183,卖盘
159,14:46:35,16.27,--,48,78096,卖盘
160,14:46:30,16.27,--,11,17897,卖盘
161,14:46:26,16.27,0.01,103,167581,买盘
162,14:46:20,16.26,-0.02,280,455280,卖盘
163,14:46:16,16.28,0.01,73,118844,买盘
164,14:46:10,16.27,-0.01,220,357940,卖盘
165,14:46:05,16.28,--,6,9768,买盘
166,14:46:01,16.28,--,3,4884,买盘
167,14:45:55,16.28,0.01,440,716320,买盘
168,14:45:46,16.27,--,502,816754,卖盘
169,14:45:41,16.27,--,1,1627,卖盘
170,14:45:30,16.27,-0.01,390,634530,卖盘
171,14:45:25,16.28,--,57,92796,买盘
172,14:45:20,16.28,0.01,1,1628,买盘
173,14:45:15,16.27,--,529,860683,卖盘
174,14:45:10,16.27,--,180,292860,卖盘
175,14:45:05,16.27,--,2224,3618448,卖盘
176,14:45:00,16.27,-0.01,3,4881,买盘
177,14:44:55,16.28,0.01,161,262108,买盘
178,14:44:50,16.27,--,27,44986,卖盘
179,14:44:44,16.27,--,165,268455,卖盘
180,14:44:40,16.27,--,2,3254,卖盘
181,14:44:35,16.27,--,80,130160,卖盘
182,14:44:29,16.27,0.01,1286,2092891,买盘
183,14:44:25,16.26,--,36,58536,卖盘
184,14:44:20,16.26,--,37,60162,买盘
185,14:44:14,16.26,-0.01,15,24390,中性盘
186,14:44:10,16.27,0.02,74,120398,买盘
187,14:44:05,16.25,--,100,162500,卖盘
188,14:43:55,16.25,--,110,178750,卖盘
189,14:43:50,16.25,--,0,0,卖盘
190,14:43:44,16.25,-0.02,17,27625,卖盘
191,14:43:40,16.27,0.01,180,292860,买盘
192,14:43:35,16.26,--,24,39024,买盘
193,14:43:29,16.26,--,30,48780,买盘
194,14:43:25,16.26,--,41,67722,卖盘
195,14:43:20,16.26,-0.01,72,117072,卖盘
196,14:43:14,16.27,-0.01,10,16270,卖盘
197,14:43:10,16.28,--,13,21164,买盘
198,14:43:05,16.28,0.01,15,24989,买盘
199,14:42:59,16.27,-0.01,59,97050,卖盘
200,14:42:55,16.28,--,529,861212,买盘
201,14:42:50,16.28,--,71,115588,买盘
202,14:42:44,16.28,0.01,1,1628,买盘
203,14:42:40,16.27,-0.01,30,48810,卖盘
204,14:42:35,16.28,0.01,22,35816,买盘
205,14:42:29,16.27,-0.01,365,594099,卖盘
206,14:42:25,16.28,0.01,2583,4205124,买盘
207,14:42:20,16.27,--,27,43929,卖盘
208,14:42:14,16.27,--,19,30913,卖盘
209,14:42:10,16.27,--,46,74842,卖盘
210,14:42:05,16.27,--,114,185478,卖盘
211,14:41:55,16.27,--,26,42302,卖盘
212,14:41:50,16.27,--,22,35794,卖盘
213,14:41:44,16.27,--,16,26032,卖盘
214,14:41:40,16.27,-0.01,264,429528,卖盘
215,14:41:35,16.28,--,64,104192,买盘
216,14:41:29,16.28,--,5,8140,买盘
217,14:41:25,16.28,0.01,162,263736,买盘
218,14:41:20,16.27,-0.01,367,597109,卖盘
219,14:41:14,16.28,0.01,80,130240,买盘
220,14:41:05,16.27,--,9,14643,卖盘
221,14:40:59,16.27,--,6,9762,卖盘
222,14:40:55,16.27,0.02,1702,2769479,买盘
223,14:40:50,16.25,-0.01,149,242125,卖盘
224,14:40:40,16.26,--,93,151218,买盘
225,14:40:35,16.26,0.01,11,17886,买盘
226,14:40:29,16.25,-0.01,16,27300,卖盘
227,14:40:25,16.26,-0.01,4,6504,卖盘
228,14:40:20,16.27,0.01,2999,4879698,买盘
229,14:40:14,16.26,0.02,8,13008,买盘
230,14:40:09,16.24,-0.01,1200,1948799,卖盘
231,14:40:05,16.25,-0.01,1091,1772875,卖盘
232,14:39:59,16.26,--,1,1626,买盘
233,14:39:55,16.26,0.01,41,66666,买盘
234,14:39:50,16.25,--,138,224250,卖盘
235,14:39:40,16.25,-0.01,1,1625,卖盘
236,14:39:35,16.26,--,137,222762,买盘
237,14:39:24,16.26,--,20,32520,买盘
238,14:39:20,16.26,0.01,6,9756,买盘
239,14:39:14,16.25,--,14,22750,卖盘
240,14:39:09,16.25,--,73,118625,卖盘
241,14:39:04,16.25,--,607,986375,卖盘
242,14:38:59,16.25,--,230,373750,卖盘
243,14:38:54,16.25,--,308,500500,卖盘
244,14:38:49,16.25,-0.01,166,269750,卖盘
245,14:38:44,16.26,--,15,24390,卖盘
246,14:38:39,16.26,-0.01,135,219510,卖盘
247,14:38:34,16.27,0.01,339,551553,买盘
248,14:38:24,16.26,0.01,153,249021,买盘
249,14:38:19,16.25,-0.01,78,126750,卖盘
250,14:38:14,16.26,0.01,4,6504,买盘
251,14:38:09,16.25,-0.01,293,476125,卖盘
252,14:38:04,16.26,--,2082,3385332,买盘
253,14:37:54,16.26,--,7,11382,买盘
254,14:37:49,16.26,--,26,42276,买盘
255,14:37:39,16.26,--,9,14634,买盘
256,14:37:34,16.26,--,6,9756,买盘
257,14:37:29,16.26,0.01,7,11382,买盘
258,14:37:19,16.25,--,63,102375,卖盘
259,14:37:14,16.25,--,30,48750,卖盘
260,14:37:08,16.25,--,10,16250,卖盘
261,14:37:04,16.25,0.01,863,1402375,买盘
262,14:36:59,16.24,--,73,118551,卖盘
263,14:36:53,16.24,--,237,384887,卖盘
264,14:36:49,16.24,--,17,27607,卖盘
265,14:36:44,16.24,--,6,9743,卖盘
266,14:36:38,16.24,-0.01,4,6495,卖盘
267,14:36:34,16.25,--,134,217750,买盘
268,14:36:29,16.25,0.01,15,24375,买盘
269,14:36:23,16.24,--,13,21111,卖盘
270,14:36:19,16.24,--,32,51967,卖盘
271,14:36:14,16.24,--,40,64959,卖盘
272,14:36:08,16.24,-0.01,700,1136800,卖盘
273,14:36:04,16.25,0.01,1147,1863875,买盘
274,14:35:59,16.24,--,2,3247,卖盘
275,14:35:53,16.24,--,6,11010,买盘
276,14:35:49,16.24,0.01,17,27607,买盘
277,14:35:44,16.23,--,67,108741,卖盘
278,14:35:38,16.23,--,12,19476,卖盘
279,14:35:34,16.23,-0.01,17,27948,卖盘
280,14:35:29,16.24,-0.05,0,1266,中性盘
281,14:35:23,16.29,0.06,7000,11403000,买盘
282,14:35:19,16.23,0.01,26,42198,卖盘
283,14:35:14,16.22,-0.02,300,486599,卖盘
284,14:35:08,16.24,-0.01,44,72527,卖盘
285,14:35:04,16.25,0.01,63,102375,买盘
286,14:34:59,16.24,--,157,254967,卖盘
287,14:34:53,16.24,--,35,56839,卖盘
288,14:34:49,16.24,0.01,186,302616,买盘
289,14:34:44,16.23,-0.01,38,61674,卖盘
290,14:34:38,16.24,--,1,1623,买盘
291,14:34:34,16.24,--,22,37335,买盘
292,14:34:29,16.24,0.02,16,25983,中性盘
293,14:34:23,16.22,-0.03,554,898587,卖盘
294,14:34:19,16.25,0.01,108,175500,买盘
295,14:34:14,16.24,--,1117,1814007,卖盘
296,14:34:08,16.24,-0.01,9,14615,卖盘
297,14:34:04,16.25,-0.01,313,508625,中性盘
298,14:33:59,16.26,0.02,308,500808,买盘
299,14:33:53,16.24,-0.01,22,35728,卖盘
300,14:33:49,16.25,--,267,433875,买盘
301,14:33:44,16.25,-0.01,46,76066,卖盘
302,14:33:38,16.26,--,20,32520,买盘
303,14:33:34,16.26,0.01,16,26016,买盘
304,14:33:23,16.25,--,49,79625,卖盘
305,14:33:19,16.25,0.01,11,18183,买盘
306,14:33:13,16.24,-0.01,107,173767,卖盘
307,14:33:08,16.25,--,47,76375,买盘
308,14:33:04,16.25,--,68,110500,买盘
309,14:32:58,16.25,0.01,20,32500,买盘
310,14:32:53,16.24,-0.01,6,9743,卖盘
311,14:32:49,16.25,-0.01,70,115066,卖盘
312,14:32:38,16.26,--,6,9756,买盘
313,14:32:33,16.26,0.01,47,76422,买盘
314,14:32:28,16.25,-0.02,634,1030916,卖盘
315,14:32:23,16.27,0.01,7,11389,买盘
316,14:32:18,16.26,-0.01,540,878040,卖盘
317,14:32:13,16.27,--,20,32540,买盘
318,14:32:08,16.27,--,75,122025,卖盘
319,14:32:03,16.27,--,107,174089,卖盘
320,14:31:58,16.27,--,348,566196,买盘
321,14:31:53,16.27,--,3,4881,买盘
322,14:31:48,16.27,-0.01,28,45556,中性盘
323,14:31:43,16.28,0.01,434,706779,买盘
324,14:31:38,16.27,--,29,48582,卖盘
325,14:31:33,16.27,--,930,1513337,卖盘
326,14:31:28,16.27,-0.01,17,27659,卖盘
327,14:31:18,16.28,0.02,7,11396,买盘
328,14:31:13,16.26,-0.02,500,813000,卖盘
329,14:31:08,16.28,0.01,11,17908,买盘
330,14:31:03,16.27,--,187,304249,卖盘
331,14:30:58,16.27,-0.01,87,141549,卖盘
332,14:30:53,16.28,--,5,8140,买盘
333,14:30:48,16.28,0.01,161,262108,买盘
334,14:30:43,16.27,-0.01,19,30913,卖盘
335,14:30:38,16.28,--,6,9768,卖盘
336,14:30:33,16.28,0.01,7,11396,买盘
337,14:30:28,16.27,-0.01,1048,1705714,卖盘
338,14:30:23,16.28,0.01,85,138380,买盘
339,14:30:17,16.27,--,62,100874,卖盘
340,14:30:13,16.27,-0.01,449,730523,卖盘
341,14:30:08,16.28,0.01,7,11396,买盘
342,14:29:58,16.27,-0.01,13,21151,卖盘
343,14:29:53,16.28,0.01,10,16280,买盘
344,14:29:47,16.27,--,18,29286,卖盘
345,14:29:43,16.27,-0.01,4,6508,卖盘
346,14:29:38,16.28,--,52,84656,买盘
347,14:29:32,16.28,--,322,525469,卖盘
348,14:29:28,16.28,0.01,187,304810,买盘
349,14:29:23,16.27,-0.01,66,107382,卖盘
350,14:29:17,16.28,0.01,66,107448,买盘
351,14:29:13,16.27,--,151,245677,卖盘
352,14:29:08,16.27,--,361,587347,卖盘
353,14:29:02,16.27,-0.01,328,533656,卖盘
354,14:28:58,16.28,--,61,99308,买盘
355,14:28:53,16.28,--,62,102189,卖盘
356,14:28:47,16.28,-0.01,11,17908,卖盘
357,14:28:43,16.29,0.01,33,54131,买盘
358,14:28:38,16.28,--,61,99308,卖盘
359,14:28:28,16.28,--,60,97680,卖盘
360,14:28:23,16.28,--,1003,1632884,卖盘
361,14:28:17,16.28,--,961,1564508,买盘
362,14:28:13,16.28,0.01,381,620268,买盘
363,14:28:08,16.27,-0.01,73,118771,卖盘
364,14:27:58,16.28,0.01,27,43956,买盘
365,14:27:53,16.27,--,106,172543,卖盘
366,14:27:47,16.27,-0.01,18,29286,卖盘
367,14:27:43,16.28,--,4,6512,买盘
368,14:27:38,16.28,0.01,6,9768,买盘
369,14:27:32,16.27,-0.01,500,813500,卖盘
370,14:27:28,16.28,0.01,27,43956,买盘
371,14:27:23,16.27,-0.02,21,34167,卖盘
372,14:27:13,16.29,--,214,348606,买盘
373,14:27:07,16.29,0.01,510,830790,买盘
374,14:27:02,16.28,--,3,4884,卖盘
375,14:26:58,16.28,-0.01,6,9768,卖盘
376,14:26:52,16.29,--,77,125433,买盘
377,14:26:43,16.29,0.01,117,190593,买盘
378,14:26:37,16.28,--,69,112332,卖盘
379,14:26:32,16.28,--,11,17908,卖盘
380,14:26:27,16.28,--,28,45828,卖盘
381,14:26:22,16.28,0.01,1963,3196675,买盘
382,14:26:17,16.27,-0.01,119,193613,卖盘
383,14:26:12,16.28,--,95,154660,买盘
384,14:26:07,16.28,--,187,304436,买盘
385,14:26:02,16.28,--,10,16280,买盘
386,14:25:57,16.28,--,127,206756,买盘
387,14:25:52,16.28,--,73,118844,买盘
388,14:25:47,16.28,--,64,104192,买盘
389,14:25:42,16.28,--,7,11396,买盘
390,14:25:37,16.28,--,145,236060,买盘
391,14:25:27,16.28,--,15,24420,买盘
392,14:25:22,16.28,--,22,35816,买盘
393,14:25:17,16.28,--,589,959608,卖盘
394,14:25:12,16.28,--,504,820512,卖盘
395,14:25:07,16.28,0.01,4970,8092071,买盘
396,14:25:02,16.27,0.01,85,139108,买盘
397,14:24:57,16.26,-0.01,85,138210,卖盘
398,14:24:52,16.27,--,153,248931,买盘
399,14:24:47,16.27,--,74,120398,买盘
400,14:24:42,16.27,--,211,343297,买盘
401,14:24:37,16.27,--,20,32540,买盘
402,14:24:27,16.27,--,60,97620,买盘
403,14:24:22,16.27,0.01,216,351432,买盘
404,14:24:17,16.26,--,443,720318,卖盘
405,14:24:12,16.26,--,6,9756,卖盘
406,14:24:07,16.26,0.01,17,27642,中性盘
407,14:24:02,16.25,--,35,56875,卖盘
408,14:23:57,16.25,--,0,0,卖盘
409,14:23:52,16.25,-0.02,11,17875,卖盘
410,14:23:47,16.27,0.01,71,115517,买盘
411,14:23:42,16.26,0.01,242,393492,买盘
412,14:23:37,16.25,-0.01,23,37375,卖盘
413,14:23:32,16.26,-0.01,10,16260,中性盘
414,14:23:27,16.27,0.01,51,82977,买盘
415,14:23:22,16.26,-0.01,89,144714,卖盘
416,14:23:17,16.27,0.01,71,115517,买盘
417,14:23:07,16.26,--,59,95934,卖盘
418,14:23:02,16.26,--,12,19512,卖盘
419,14:22:56,16.26,--,37,60162,卖盘
420,14:22:47,16.26,-0.01,276,448776,卖盘
421,14:22:41,16.27,--,64,104128,买盘
422,14:22:37,16.27,--,217,353059,买盘
423,14:22:32,16.27,--,23,37665,买盘
424,14:22:26,16.27,--,7,11389,买盘
425,14:22:22,16.27,0.01,11,17897,买盘
426,14:22:17,16.26,-0.01,3,4878,卖盘
427,14:22:11,16.27,0.01,73,118771,买盘
428,14:22:07,16.26,--,202,328452,买盘
429,14:22:02,16.26,-0.01,110,178860,卖盘
430,14:21:56,16.27,0.01,6,9762,买盘
431,14:21:52,16.26,--,16,26016,卖盘
432,14:21:47,16.26,--,352,572352,卖盘
433,14:21:41,16.26,-0.01,603,980478,卖盘
434,14:21:37,16.27,0.01,19,30913,买盘
435,14:21:32,16.26,-0.01,100,162600,卖盘
436,14:21:26,16.27,--,27,43929,买盘
437,14:21:22,16.27,--,8,13016,买盘
438,14:21:16,16.27,--,38,61826,买盘
439,14:21:11,16.27,--,28,45556,买盘
440,14:21:07,16.27,0.01,61,99263,买盘
441,14:21:02,16.26,-0.01,7,11382,卖盘
442,14:20:56,16.27,--,9,14643,买盘
443,14:20:52,16.27,0.01,37,60199,买盘
444,14:20:47,16.26,-0.01,17,27642,卖盘
445,14:20:41,16.27,--,14,22778,买盘
446,14:20:37,16.27,--,7,11389,买盘
447,14:20:31,16.27,--,141,229407,买盘
448,14:20:26,16.27,0.01,17,27659,买盘
449,14:20:22,16.26,--,9,14634,卖盘
450,14:20:16,16.26,-0.01,328,533328,卖盘
451,14:20:11,16.27,--,1230,2001210,买盘
452,14:20:07,16.27,--,37,60199,买盘
453,14:20:02,16.27,0.01,265,431155,买盘
454,14:19:56,16.26,-0.01,12,19512,卖盘
455,14:19:51,16.27,0.01,900,1464300,买盘
456,14:19:46,16.26,-0.01,23,37398,卖盘
457,14:19:41,16.27,--,44,71588,买盘
458,14:19:36,16.27,0.01,303,492981,买盘
459,14:19:31,16.26,0.01,22,35772,卖盘
460,14:19:26,16.25,-0.01,9,14901,卖盘
461,14:19:21,16.26,--,515,837390,买盘
462,14:19:16,16.26,--,12,19512,买盘
463,14:19:06,16.26,0.02,65,105690,买盘
464,14:19:01,16.24,-0.01,81,131544,卖盘
465,14:18:56,16.25,--,564,916500,买盘
466,14:18:46,16.25,--,12,19500,买盘
467,14:18:41,16.25,-0.01,189,308506,卖盘
468,14:18:36,16.26,--,52,84552,买盘
469,14:18:31,16.26,0.01,541,879909,买盘
470,14:18:26,16.25,-0.01,396,643500,卖盘
471,14:18:21,16.26,--,93,151218,买盘
472,14:18:16,16.26,--,477,775602,买盘
473,14:18:01,16.26,--,500,813000,买盘
474,14:17:56,16.26,0.01,332,539832,买盘
475,14:17:51,16.25,--,54,87750,买盘
476,14:17:46,16.25,--,7,11375,买盘
477,14:17:41,16.25,0.01,10,16250,买盘
478,14:17:36,16.24,-0.01,10,16239,卖盘
479,14:17:26,16.25,--,7,11375,买盘
480,14:17:21,16.25,-0.01,615,1000967,卖盘
481,14:17:16,16.26,--,20,32520,买盘
482,14:17:06,16.26,0.01,33,53658,买盘
483,14:17:01,16.25,--,10,16250,卖盘
484,14:16:56,16.25,--,219,356476,卖盘
485,14:16:46,16.25,--,618,1004250,卖盘
486,14:16:36,16.25,-0.01,42,68250,卖盘
487,14:16:31,16.26,-0.01,15,24390,卖盘
488,14:16:26,16.27,0.01,2,3254,买盘
489,14:16:16,16.26,--,10,16260,买盘
490,14:16:11,16.26,--,7,11382,卖盘
491,14:16:06,16.26,--,10,16260,买盘
492,14:16:01,16.26,-0.01,33,53658,卖盘
493,14:15:56,16.27,0.01,12,19524,买盘
494,14:15:51,16.26,--,110,178860,卖盘
495,14:15:46,16.26,-0.01,62,100812,卖盘
496,14:15:41,16.27,--,194,315638,买盘
497,14:15:36,16.27,0.01,7,11389,买盘
498,14:15:31,16.26,-0.01,213,346338,卖盘
499,14:15:26,16.27,--,41,66707,买盘
500,14:15:21,16.27,--,144,234288,买盘
501,14:15:16,16.27,--,63,102501,买盘
502,14:15:11,16.27,--,70,113890,买盘
503,14:15:06,16.27,--,27,43929,买盘
504,14:14:56,16.27,0.01,141,229407,买盘
505,14:14:50,16.26,--,1,1626,卖盘
506,14:14:46,16.26,--,21,34146,卖盘
507,14:14:31,16.26,--,319,518937,卖盘
508,14:14:26,16.26,0.01,758,1232508,买盘
509,14:14:20,16.25,--,250,406250,卖盘
510,14:14:16,16.25,-0.01,82,133250,卖盘
511,14:14:05,16.26,--,7,11382,买盘
512,14:14:01,16.26,--,107,173982,买盘
513,14:13:55,16.26,0.01,7,12438,买盘
514,14:13:46,16.25,-0.01,363,589875,卖盘
515,14:13:40,16.26,0.01,112,182112,买盘
516,14:13:35,16.25,--,396,643500,卖盘
517,14:13:25,16.25,--,541,879125,买盘
518,14:13:16,16.25,--,30,48750,买盘
519,14:13:10,16.25,--,64,104000,买盘
520,14:13:05,16.25,--,71,116512,卖盘
521,14:13:00,16.25,-0.02,200,325000,卖盘
522,14:12:55,16.27,0.02,7,11389,买盘
523,14:12:50,16.25,-0.01,52,84500,卖盘
524,14:12:45,16.26,-0.01,2,3252,卖盘
525,14:12:40,16.27,0.01,77,125523,买盘
526,14:12:35,16.26,--,7,11382,买盘
527,14:12:31,16.26,-0.01,120,195120,买盘
528,14:12:25,16.27,0.01,1236,2010972,买盘
529,14:12:15,16.26,--,22,35772,卖盘
530,14:12:10,16.26,0.01,7,11382,中性盘
531,14:12:05,16.25,--,73,118625,卖盘
532,14:12:00,16.25,-0.02,35,56875,卖盘
533,14:11:55,16.27,0.01,13,21151,买盘
534,14:11:50,16.26,-0.01,35,56910,卖盘
535,14:11:45,16.27,--,6,9762,买盘
536,14:11:40,16.27,--,137,222899,买盘
537,14:11:35,16.27,0.01,193,314011,买盘
538,14:11:30,16.26,-0.01,1424,2315424,卖盘
539,14:11:25,16.27,--,10,16270,买盘
540,14:11:20,16.27,0.01,1,1627,买盘
541,14:11:15,16.26,-0.01,32,52032,卖盘
542,14:11:05,16.27,0.01,64,104128,买盘
543,14:11:00,16.26,-0.01,5,8130,中性盘
544,14:10:55,16.27,--,289,470203,买盘
545,14:10:50,16.27,--,18,29286,买盘
546,14:10:45,16.27,0.02,539,876953,买盘
547,14:10:40,16.25,-0.01,100,162500,卖盘
548,14:10:35,16.26,-0.01,71,115446,中性盘
549,14:10:30,16.27,0.01,1480,2408204,买盘
550,14:10:25,16.26,0.03,116,188616,买盘
551,14:10:20,16.23,-0.02,301,488523,卖盘
552,14:10:15,16.25,-0.01,23,37375,卖盘
553,14:10:10,16.26,-0.01,6,9756,中性盘
554,14:10:05,16.27,0.03,204,331908,买盘
555,14:10:00,16.24,--,0,0,卖盘
556,14:09:55,16.24,-0.02,227,368647,卖盘
557,14:09:50,16.26,0.01,1,1626,买盘
558,14:09:45,16.25,-0.02,95,155593,卖盘
559,14:09:35,16.27,0.01,70,113890,买盘
560,14:09:30,16.26,0.01,1272,2068272,买盘
561,14:09:25,16.25,-0.01,61,99125,卖盘
562,14:09:20,16.26,--,59,95934,卖盘
563,14:09:15,16.26,-0.01,58,94308,卖盘
564,14:09:10,16.27,--,11,17897,买盘
565,14:09:05,16.27,0.01,71,115517,买盘
566,14:09:00,16.26,-0.01,6,9756,卖盘
567,14:08:55,16.27,0.01,96,156192,买盘
568,14:08:50,16.26,--,120,195120,卖盘
569,14:08:45,16.26,--,18,29268,卖盘
570,14:08:40,16.26,--,100,162600,卖盘
571,14:08:35,16.26,--,84,136584,卖盘
572,14:08:30,16.26,--,848,1378848,买盘
573,14:08:25,16.26,0.01,10,16260,买盘
574,14:08:20,16.25,-0.01,20,32500,卖盘
575,14:08:15,16.26,0.01,20,32520,买盘
576,14:08:10,16.25,-0.01,68,111182,卖盘
577,14:08:05,16.26,--,71,115446,买盘
578,14:08:00,16.26,0.01,88,143088,买盘
579,14:07:55,16.25,--,111,180375,卖盘
580,14:07:45,16.25,--,461,749125,卖盘
581,14:07:40,16.25,--,272,442000,卖盘
582,14:07:35,16.25,0.01,451,734223,买盘
583,14:07:30,16.24,--,211,342940,卖盘
584,14:07:25,16.24,-0.01,12,19487,卖盘
585,14:07:15,16.25,--,9,14625,买盘
586,14:07:10,16.25,0.01,178,289250,买盘
587,14:07:05,16.24,--,171,277704,卖盘
588,14:07:00,16.24,--,20,32479,卖盘
589,14:06:55,16.24,--,357,579768,卖盘
590,14:06:50,16.24,--,11,17864,卖盘
591,14:06:45,16.24,--,179,290696,卖盘
592,14:06:40,16.24,0.01,256,417091,买盘
593,14:06:35,16.23,--,71,115233,买盘
594,14:06:30,16.23,--,23,38059,卖盘
595,14:06:25,16.23,--,69,113123,买盘
596,14:06:19,16.23,--,0,486,卖盘
597,14:06:15,16.23,-0.01,39,63297,卖盘
598,14:06:10,16.24,--,35,56839,买盘
599,14:06:04,16.24,--,99,160775,卖盘
600,14:05:59,16.24,--,10,16239,卖盘
601,14:05:55,16.24,0.01,9,14615,卖盘
602,14:05:49,16.23,-0.01,184,298632,卖盘
603,14:05:44,16.24,-0.01,2,3247,买盘
604,14:05:40,16.25,--,4,6500,买盘
605,14:05:34,16.25,--,71,115375,买盘
606,14:05:24,16.25,0.02,19,30875,卖盘
607,14:05:19,16.23,-0.03,1290,2093670,卖盘
608,14:05:14,16.26,0.01,9,14634,买盘
609,14:05:09,16.25,-0.01,10,16250,卖盘
610,14:05:04,16.26,--,246,399996,买盘
611,14:04:59,16.26,--,316,513816,买盘
612,14:04:54,16.26,0.01,6,9756,买盘
613,14:04:49,16.25,-0.01,11,17875,卖盘
614,14:04:44,16.26,0.01,7,11382,买盘
615,14:04:39,16.25,--,21,34125,卖盘
616,14:04:34,16.25,-0.01,149,242125,卖盘
617,14:04:29,16.26,0.01,64,104064,买盘
618,14:04:24,16.25,-0.01,58,94250,卖盘
619,14:04:19,16.26,--,116,188616,买盘
620,14:04:14,16.26,0.01,6,9756,买盘
621,14:04:09,16.25,-0.01,1,1625,卖盘
622,14:04:04,16.26,0.01,20,32520,买盘
623,14:03:59,16.25,-0.01,2,3250,卖盘
624,14:03:54,16.26,0.01,207,336582,买盘
625,14:03:49,16.25,-0.01,10,16250,卖盘
626,14:03:44,16.26,--,7,11382,买盘
627,14:03:34,16.26,0.01,27,43902,买盘
628,14:03:24,16.25,--,27,43875,卖盘
629,14:03:19,16.25,-0.01,1059,1720875,卖盘
630,14:03:14,16.26,-0.01,157,255282,卖盘
631,14:03:09,16.27,0.01,33,53691,买盘
632,14:03:04,16.26,--,60,97560,卖盘
633,14:02:59,16.26,-0.01,25,40650,卖盘
634,14:02:54,16.27,--,8,13016,买盘
635,14:02:49,16.27,--,18,29286,买盘
636,14:02:44,16.27,0.01,11,17897,买盘
637,14:02:39,16.26,--,390,634140,卖盘
638,14:02:34,16.26,--,198,321948,卖盘
639,14:02:29,16.26,-0.01,18,29511,卖盘
640,14:02:24,16.27,0.01,7,11389,买盘
641,14:02:19,16.26,-0.01,20,32520,卖盘
642,14:02:14,16.27,--,6,9762,买盘
643,14:02:04,16.27,--,44,71588,买盘
644,14:01:59,16.27,--,1,1627,买盘
645,14:01:54,16.27,0.01,7,11389,买盘
646,14:01:49,16.26,-0.01,25,40650,卖盘
647,14:01:44,16.27,0.01,37,60199,买盘
648,14:01:39,16.26,--,581,944706,卖盘
649,14:01:34,16.26,-0.01,14,22764,卖盘
650,14:01:24,16.27,--,22,35794,买盘
651,14:01:19,16.27,--,7,11389,买盘
652,14:01:14,16.27,0.01,7,11389,买盘
653,14:01:09,16.26,-0.01,10,16260,卖盘
654,14:01:04,16.27,--,37,60199,买盘
655,14:00:54,16.27,--,17,27659,买盘
656,14:00:49,16.27,0.01,119,193613,买盘
657,14:00:44,16.26,-0.01,17,27642,卖盘
658,14:00:39,16.27,--,5,8135,买盘
659,14:00:34,16.27,--,7,11389,买盘
660,14:00:24,16.27,--,77,125279,买盘
661,14:00:19,16.27,--,11,17897,买盘
662,14:00:14,16.27,--,95,154565,买盘
663,14:00:09,16.27,--,126,205002,买盘
664,14:00:04,16.27,0.01,27,43929,买盘
665,13:59:54,16.26,-0.01,12,19512,卖盘
666,13:59:49,16.27,0.01,72,117144,中性盘
667,13:59:44,16.26,-0.01,413,671538,卖盘
668,13:59:39,16.27,--,24,39048,卖盘
669,13:59:34,16.27,--,353,574331,买盘
670,13:59:24,16.27,0.01,6,9762,买盘
671,13:59:14,16.26,--,29,47154,卖盘
672,13:59:09,16.26,--,22,35772,卖盘
673,13:59:04,16.26,--,29,47154,卖盘
674,13:58:59,16.26,--,1,1626,卖盘
675,13:58:54,16.26,--,8,13008,卖盘
676,13:58:48,16.26,-0.01,25,40650,卖盘
677,13:58:44,16.27,-0.01,7,11389,买盘
678,13:58:39,16.28,0.01,454,739112,买盘
679,13:58:34,16.27,0.01,136,221272,买盘
680,13:58:23,16.26,-0.01,121,196746,卖盘
681,13:58:18,16.27,--,36,58572,卖盘
682,13:58:14,16.27,-0.01,4,6508,中性盘
683,13:58:09,16.28,0.01,407,662596,买盘
684,13:58:04,16.27,--,27,43929,买盘
685,13:57:54,16.27,--,155,252185,卖盘
686,13:57:49,16.27,-0.01,13,21151,卖盘
687,13:57:44,16.28,0.01,17,27676,买盘
688,13:57:38,16.27,-0.01,456,741912,卖盘
689,13:57:33,16.28,0.01,113,183964,买盘
690,13:57:28,16.27,-0.01,195,317265,卖盘
691,13:57:23,16.28,0.01,8,13024,买盘
692,13:57:13,16.27,--,74,120398,卖盘
693,13:57:03,16.27,-0.01,9,14643,卖盘
694,13:56:58,16.28,0.01,43,70004,买盘
695,13:56:53,16.27,--,37,60199,卖盘
696,13:56:48,16.27,--,12,19524,卖盘
697,13:56:43,16.27,-0.01,139,226153,买盘
698,13:56:38,16.28,0.01,380,618640,买盘
699,13:56:33,16.27,0.01,6,9762,买盘
700,13:56:28,16.26,-0.01,4,6504,卖盘
701,13:56:22,16.27,--,7,11389,买盘
702,13:56:13,16.27,--,105,172136,卖盘
703,13:56:07,16.27,-0.01,95,154565,卖盘
704,13:56:03,16.28,0.01,44,71632,买盘
705,13:55:58,16.27,-0.01,0,325,卖盘
706,13:55:53,16.28,--,57,92796,买盘
707,13:55:48,16.28,--,1,1628,买盘
708,13:55:43,16.28,--,461,750508,买盘
709,13:55:37,16.28,0.01,381,620268,买盘
710,13:55:33,16.27,-0.01,111,181198,卖盘
711,13:55:28,16.28,0.01,22,35816,买盘
712,13:55:22,16.27,--,31,50437,卖盘
713,13:55:18,16.27,-0.01,12,19524,卖盘
714,13:55:13,16.28,--,20,32560,买盘
715,13:55:07,16.28,--,64,104192,买盘
716,13:55:03,16.28,--,1045,1701260,买盘
717,13:54:58,16.28,--,28,45584,买盘
718,13:54:52,16.28,0.01,7,11396,买盘
719,13:54:48,16.27,--,21,34167,卖盘
720,13:54:43,16.27,--,387,629649,买盘
721,13:54:32,16.27,--,12,19524,买盘
722,13:54:28,16.27,--,84,136912,买盘
723,13:54:22,16.27,--,6,9762,买盘
724,13:54:18,16.27,-0.01,318,517386,卖盘
725,13:54:13,16.28,0.01,92,149776,买盘
726,13:54:07,16.27,-0.01,545,886715,卖盘
727,13:54:03,16.28,0.01,109,177452,买盘
728,13:53:58,16.27,0.01,120,195240,中性盘
729,13:53:52,16.26,--,145,235770,卖盘
730,13:53:48,16.26,-0.01,808,1314994,卖盘
731,13:53:43,16.27,0.01,358,582466,买盘
732,13:53:33,16.26,--,8,13008,卖盘
733,13:53:28,16.26,-0.02,177,289184,卖盘
734,13:53:22,16.28,--,281,457468,买盘
735,13:53:18,16.28,0.01,297,483516,买盘
736,13:53:13,16.27,-0.01,1013,1648151,卖盘
737,13:53:07,16.28,--,4,6512,买盘
738,13:53:03,16.28,0.01,52,84656,买盘
739,13:52:58,16.27,-0.01,15,24405,卖盘
740,13:52:52,16.28,0.01,72,117216,买盘
741,13:52:47,16.27,--,487,792349,卖盘
742,13:52:43,16.27,--,368,598736,卖盘
743,13:52:37,16.27,--,9,14643,卖盘
744,13:52:32,16.27,--,169,274963,卖盘
745,13:52:28,16.27,-0.01,22,35794,卖盘
746,13:52:22,16.28,0.01,89,144892,买盘
747,13:52:17,16.27,-0.01,236,383972,卖盘
748,13:52:13,16.28,--,6,9768,买盘
749,13:52:02,16.28,--,54,87912,买盘
750,13:51:58,16.28,--,88,143264,卖盘
751,13:51:52,16.28,--,300,488400,卖盘
752,13:51:47,16.28,--,451,734228,买盘
753,13:51:42,16.28,--,51,83028,买盘
754,13:51:37,16.28,--,42,68376,买盘
755,13:51:32,16.28,--,9,14652,买盘
756,13:51:28,16.28,-0.01,4,6512,卖盘
757,13:51:22,16.29,--,7,11403,买盘
758,13:51:17,16.29,--,858,1397682,买盘
759,13:51:11,16.29,--,173,281817,买盘
760,13:51:07,16.29,--,65,105885,买盘
761,13:51:02,16.29,--,155,252495,买盘
762,13:50:56,16.29,--,42,68418,买盘
763,13:50:52,16.29,--,17,27693,买盘
764,13:50:47,16.29,0.01,878,1430262,买盘
765,13:50:41,16.28,-0.01,16,26048,卖盘
766,13:50:37,16.29,--,105,171045,买盘
767,13:50:32,16.29,0.02,150,244350,买盘
768,13:50:26,16.27,-0.02,21,34411,卖盘
769,13:50:22,16.29,0.01,40,65160,买盘
770,13:50:16,16.28,-0.01,4,7000,卖盘
771,13:50:11,16.29,0.01,84,136836,买盘
772,13:50:07,16.28,-0.01,396,645827,卖盘
773,13:50:01,16.29,--,56,91224,买盘
774,13:49:56,16.29,0.01,95,154755,买盘
775,13:49:52,16.28,0.01,753,1225884,买盘
776,13:49:41,16.27,--,48,78096,卖盘
777,13:49:37,16.27,--,11,17897,卖盘
778,13:49:31,16.27,--,22,35794,卖盘
779,13:49:26,16.27,-0.01,2,3254,卖盘
780,13:49:22,16.28,--,14,22792,卖盘
781,13:49:16,16.28,0.01,34,55352,买盘
782,13:49:11,16.27,-0.01,29,47183,卖盘
783,13:49:07,16.28,--,71,115588,买盘
784,13:49:01,16.28,--,36,58608,卖盘
785,13:48:56,16.28,--,475,773300,买盘
786,13:48:52,16.28,--,324,527472,买盘
787,13:48:46,16.28,-0.01,43,70004,卖盘
788,13:48:37,16.29,--,19,30951,买盘
789,13:48:31,16.29,0.01,40,66479,买盘
790,13:48:26,16.28,-0.01,133,216524,卖盘
791,13:48:22,16.29,0.01,58,94482,买盘
792,13:48:11,16.28,--,1089,1772892,卖盘
793,13:48:07,16.28,-0.01,474,771672,卖盘
794,13:48:01,16.29,0.01,12,19548,买盘
795,13:47:56,16.28,--,122,198616,卖盘
796,13:47:52,16.28,0.01,1412,2299045,买盘
797,13:47:46,16.27,--,337,548299,卖盘
798,13:47:41,16.27,--,220,357940,卖盘
799,13:47:37,16.27,-0.01,1,1627,卖盘
800,13:47:31,16.28,--,64,104192,买盘
801,13:47:26,16.28,--,221,359788,买盘
802,13:47:22,16.28,--,22,35816,买盘
803,13:47:16,16.28,--,101,164428,买盘
804,13:47:11,16.28,--,30,48840,买盘
805,13:47:07,16.28,0.01,22,35816,买盘
806,13:47:01,16.27,0.01,45,73215,卖盘
807,13:46:56,16.26,-0.02,846,1375596,卖盘
808,13:46:52,16.28,0.01,35,56980,买盘
809,13:46:46,16.27,-0.01,22,35794,卖盘
810,13:46:41,16.28,0.01,50,81400,买盘
811,13:46:37,16.27,-0.01,3,4881,卖盘
812,13:46:31,16.28,--,25,40944,买盘
813,13:46:26,16.28,--,136,221408,买盘
814,13:46:22,16.28,--,133,216524,买盘
815,13:46:16,16.28,0.01,6,9768,买盘
816,13:46:11,16.27,--,332,540164,卖盘
817,13:46:07,16.27,--,11,17897,卖盘
818,13:45:56,16.27,--,395,643299,买盘
819,13:45:52,16.27,--,10,16270,买盘
820,13:45:46,16.27,--,6,9762,买盘
821,13:45:41,16.27,--,16,26032,买盘
822,13:45:37,16.27,--,12,19524,买盘
823,13:45:31,16.27,-0.01,119,193613,卖盘
824,13:45:26,16.28,--,37,60236,买盘
825,13:45:21,16.28,0.01,91,148148,买盘
826,13:45:16,16.27,-0.01,58,94366,卖盘
827,13:45:11,16.28,--,117,190476,买盘
828,13:45:07,16.28,0.01,230,374440,买盘
829,13:45:01,16.27,--,904,1470808,买盘
830,13:44:56,16.27,--,625,1016875,买盘
831,13:44:51,16.27,0.01,19,30913,买盘
832,13:44:46,16.26,-0.01,72,117072,卖盘
833,13:44:41,16.27,-0.01,254,413258,卖盘
834,13:44:36,16.28,--,393,639804,买盘
835,13:44:31,16.28,--,244,397232,买盘
836,13:44:26,16.28,--,938,1527064,买盘
837,13:44:21,16.28,0.01,471,766788,买盘
838,13:44:16,16.27,--,313,510064,买盘
839,13:44:11,16.27,--,20,32540,买盘
840,13:44:06,16.27,--,462,751674,买盘
841,13:44:01,16.27,--,85,138295,买盘
842,13:43:56,16.27,--,64,104128,买盘
843,13:43:51,16.27,--,158,257066,买盘
844,13:43:46,16.27,0.01,76,123652,买盘
845,13:43:41,16.26,--,237,385362,买盘
846,13:43:35,16.26,--,303,492678,买盘
847,13:43:31,16.26,--,7,11382,买盘
848,13:43:26,16.26,--,134,217884,买盘
849,13:43:20,16.26,0.01,8,13008,买盘
850,13:43:16,16.25,0.02,10,16250,卖盘
851,13:43:11,16.23,-0.03,12,19476,卖盘
852,13:43:05,16.26,--,8,13008,买盘
853,13:43:01,16.26,0.01,555,903243,买盘
854,13:42:55,16.25,-0.01,5,8125,卖盘
855,13:42:50,16.26,0.01,9,15447,买盘
856,13:42:46,16.25,--,11,17875,卖盘
857,13:42:35,16.25,0.02,569,924625,买盘
858,13:42:31,16.23,-0.01,622,1009749,卖盘
859,13:42:20,16.24,-0.02,11,17864,卖盘
860,13:42:16,16.26,0.01,215,349590,买盘
861,13:42:10,16.25,--,7,11375,买盘
862,13:42:05,16.25,-0.01,20,32500,中性盘
863,13:42:01,16.26,--,102,165852,买盘
864,13:41:50,16.26,0.02,1,1626,买盘
865,13:41:46,16.24,-0.02,170,276080,卖盘
866,13:41:40,16.26,0.01,18,29268,买盘
867,13:41:35,16.25,0.01,1,1625,卖盘
868,13:41:31,16.24,--,0,0,卖盘
869,13:41:25,16.24,--,1,1623,卖盘
870,13:41:20,16.24,--,6,9743,卖盘
871,13:41:16,16.24,--,274,445820,买盘
872,13:41:10,16.24,0.01,7,11367,买盘
873,13:41:05,16.23,-0.01,29,47067,卖盘
874,13:41:01,16.24,--,71,115303,买盘
875,13:40:50,16.24,--,66,107183,买盘
876,13:40:46,16.24,-0.02,307,499347,卖盘
877,13:40:40,16.26,--,2,3252,卖盘
878,13:40:35,16.26,0.02,954,1552049,买盘
879,13:40:31,16.24,-0.01,51,82823,中性盘
880,13:40:25,16.25,0.04,26,42250,买盘
881,13:40:20,16.21,-0.05,833,1351071,卖盘
882,13:40:16,16.26,--,350,569100,买盘
883,13:40:10,16.26,--,7,11382,买盘
884,13:40:05,16.26,--,19,30894,买盘
885,13:40:01,16.26,0.01,70,113820,买盘
886,13:39:55,16.25,-0.01,15,24375,卖盘
887,13:39:50,16.26,0.01,7,11382,买盘
888,13:39:46,16.25,--,11,17875,卖盘
889,13:39:40,16.25,0.03,636,1034345,买盘
890,13:39:35,16.22,-0.03,78,126515,卖盘
891,13:39:31,16.25,--,0,0,买盘
892,13:39:25,16.25,--,44,71500,买盘
893,13:39:20,16.25,--,35,56875,买盘
894,13:39:16,16.25,--,603,979875,买盘
895,13:39:10,16.25,--,5,8125,买盘
896,13:39:05,16.25,--,239,388375,买盘
897,13:39:00,16.25,--,140,227500,买盘
898,13:38:55,16.25,--,4,6500,买盘
899,13:38:50,16.25,0.02,233,380006,买盘
900,13:38:45,16.23,-0.02,15,24345,卖盘
901,13:38:40,16.25,--,856,1391000,买盘
902,13:38:35,16.25,0.02,61,99368,买盘
903,13:38:30,16.23,-0.02,10,16230,中性盘
904,13:38:25,16.25,--,100,162500,买盘
905,13:38:20,16.25,0.02,6,9750,买盘
906,13:38:15,16.23,-0.02,227,368421,卖盘
907,13:38:10,16.25,--,7,11375,买盘
908,13:38:00,16.25,--,121,196625,买盘
909,13:37:55,16.25,0.01,57,92625,买盘
910,13:37:50,16.24,--,21,34104,卖盘
911,13:37:45,16.24,--,11,17864,卖盘
912,13:37:40,16.24,--,89,144909,买盘
913,13:37:30,16.24,0.03,10,16239,买盘
914,13:37:25,16.21,-0.03,140,226940,卖盘
915,13:37:20,16.24,0.01,23,37352,买盘
916,13:37:15,16.23,-0.01,12,19476,卖盘
917,13:37:10,16.24,0.01,8,12991,买盘
918,13:37:05,16.23,-0.01,5,8115,卖盘
919,13:37:00,16.24,0.01,66,107183,买盘
920,13:36:50,16.23,0.01,11,17853,买盘
921,13:36:45,16.22,--,11,17842,卖盘
922,13:36:35,16.22,0.02,1,1622,卖盘
923,13:36:29,16.2,-0.02,5,8100,卖盘
924,13:36:25,16.22,--,0,0,买盘
925,13:36:20,16.22,--,278,450915,买盘
926,13:36:14,16.22,--,10,16219,买盘
927,13:36:10,16.22,0.02,6,9732,买盘
928,13:36:05,16.2,--,13,21060,卖盘
929,13:35:59,16.2,-0.01,280,453600,卖盘
930,13:35:55,16.21,-0.01,22,35662,卖盘
931,13:35:44,16.22,0.02,11,17842,卖盘
932,13:35:40,16.2,-0.03,319,516780,卖盘
933,13:35:29,16.23,--,0,0,买盘
934,13:35:25,16.23,0.03,62,100626,买盘
935,13:35:19,16.2,-0.02,294,476280,卖盘
936,13:35:10,16.22,-0.02,6,9732,中性盘
937,13:35:04,16.24,--,0,0,买盘
938,13:34:59,16.24,--,280,454719,买盘
939,13:34:55,16.24,0.02,7,11367,买盘
940,13:34:49,16.22,--,0,0,卖盘
941,13:34:44,16.22,0.01,11,17842,卖盘
942,13:34:40,16.21,-0.01,303,491163,卖盘
943,13:34:34,16.22,-0.03,1,1622,卖盘
944,13:34:29,16.25,--,135,219618,买盘
945,13:34:25,16.25,0.04,7,11375,买盘
946,13:34:19,16.21,-0.04,84,136164,卖盘
947,13:34:14,16.25,--,167,271375,买盘
948,13:34:10,16.25,0.01,78,126750,买盘
949,13:34:04,16.24,--,4,6495,卖盘
950,13:33:59,16.24,--,187,303687,卖盘
951,13:33:55,16.24,0.01,88,142912,买盘
952,13:33:44,16.23,0.02,11,17853,卖盘
953,13:33:40,16.21,-0.03,279,452259,卖盘
954,13:33:29,16.24,0.03,108,175391,买盘
955,13:33:25,16.21,-0.02,1133,1836593,卖盘
956,13:33:19,16.23,-0.02,158,256434,卖盘
957,13:33:14,16.25,--,93,151125,买盘
958,13:33:10,16.25,-0.01,7,11375,买盘
959,13:32:59,16.26,0.01,127,206502,买盘
960,13:32:55,16.25,--,7,11375,卖盘
961,13:32:44,16.25,--,28,45500,卖盘
962,13:32:39,16.25,--,206,334750,买盘
963,13:32:29,16.25,-0.01,10,16250,中性盘
964,13:32:24,16.26,0.01,17,27642,买盘
965,13:32:19,16.25,--,0,0,中性盘
966,13:32:14,16.25,-0.02,31,50375,卖盘
967,13:32:09,16.27,--,33,53691,买盘
968,13:31:59,16.27,0.01,26,42302,买盘
969,13:31:54,16.26,-0.01,6,9756,卖盘
970,13:31:44,16.27,0.02,178,289606,买盘
971,13:31:39,16.25,0.02,334,542750,买盘
972,13:31:34,16.23,-0.03,10,16230,卖盘
973,13:31:29,16.26,--,0,0,买盘
974,13:31:24,16.26,0.01,54,87804,买盘
975,13:31:19,16.25,0.03,7,11375,买盘
976,13:31:14,16.22,-0.01,379,614738,卖盘
977,13:31:09,16.23,--,16,25968,卖盘
978,13:31:04,16.23,--,0,0,卖盘
979,13:30:59,16.23,--,74,120102,卖盘
980,13:30:54,16.23,-0.03,172,279156,卖盘
981,13:30:49,16.26,--,7,11382,买盘
982,13:30:39,16.26,0.03,115,186990,买盘
983,13:30:34,16.23,-0.03,170,275910,卖盘
984,13:30:29,16.26,--,103,167721,买盘
985,13:30:19,16.26,0.03,332,539832,中性盘
986,13:30:14,16.23,-0.03,179,290517,卖盘
987,13:30:09,16.26,--,125,203250,卖盘
988,13:30:04,16.26,--,2,3252,卖盘
989,13:29:59,16.26,0.03,362,588612,买盘
990,13:29:54,16.23,-0.01,422,684906,卖盘
991,13:29:49,16.24,--,6,9743,买盘
992,13:29:44,16.24,-0.02,17,27607,卖盘
993,13:29:39,16.26,0.03,7,11382,中性盘
994,13:29:34,16.23,-0.04,250,405750,卖盘
995,13:29:29,16.27,0.01,14,22778,买盘
996,13:29:24,16.26,--,327,531702,买盘
997,13:29:19,16.26,-0.01,7,11382,中性盘
998,13:29:14,16.27,--,155,252185,买盘
999,13:29:08,16.27,--,51,82977,买盘
1000,13:28:58,16.27,--,438,712626,买盘
1001,13:28:53,16.27,--,183,297741,买盘
1002,13:28:49,16.27,0.01,7,11389,买盘
1003,13:28:44,16.26,--,79,128454,卖盘
1004,13:28:38,16.26,--,14,22764,卖盘
1005,13:28:34,16.26,-0.01,133,216258,卖盘
1006,13:28:23,16.27,0.01,25,40675,买盘
1007,13:28:19,16.26,0.01,14,22764,买盘
1008,13:28:13,16.25,--,167,271375,卖盘
1009,13:28:08,16.25,--,11,17875,卖盘
1010,13:28:04,16.25,0.02,12,19500,买盘
1011,13:27:58,16.23,-0.04,14,22722,卖盘
1012,13:27:53,16.27,0.04,243,395361,买盘
1013,13:27:49,16.23,-0.02,34,55182,卖盘
1014,13:27:43,16.25,0.02,7,11375,卖盘
1015,13:27:38,16.23,--,31,50313,卖盘
1016,13:27:34,16.23,-0.02,208,337584,卖盘
1017,13:27:28,16.25,-0.02,3,4875,卖盘
1018,13:27:23,16.27,-0.01,369,600363,卖盘
1019,13:27:19,16.28,0.04,8,13024,买盘
1020,13:27:13,16.24,-0.03,170,276080,卖盘
1021,13:27:08,16.27,--,116,188732,中性盘
1022,13:27:04,16.27,0.01,481,782587,买盘
1023,13:26:58,16.26,--,14,22764,卖盘
1024,13:26:53,16.26,-0.02,38,61788,卖盘
1025,13:26:49,16.28,0.01,13,21164,买盘
1026,13:26:43,16.27,-0.01,7,11389,卖盘
1027,13:26:38,16.28,--,26,42328,买盘
1028,13:26:34,16.28,0.02,114,185592,买盘
1029,13:26:28,16.26,-0.02,343,557961,卖盘
1030,13:26:23,16.28,0.02,384,625152,买盘
1031,13:26:13,16.26,--,0,0,中性盘
1032,13:26:08,16.26,-0.02,88,144405,卖盘
1033,13:26:04,16.28,--,579,942612,买盘
1034,13:25:58,16.28,--,71,115588,买盘
1035,13:25:53,16.28,--,80,130240,买盘
1036,13:25:49,16.28,--,94,153032,买盘
1037,13:25:38,16.28,0.01,37,60236,买盘
1038,13:25:33,16.27,--,110,178970,卖盘
1039,13:25:28,16.27,--,130,211819,买盘
1040,13:25:23,16.27,0.01,48,78096,买盘
1041,13:25:18,16.26,--,122,198372,卖盘
1042,13:25:13,16.26,-0.01,2,4780,卖盘
1043,13:25:08,16.27,--,369,600363,买盘
1044,13:25:03,16.27,--,89,144803,买盘
1045,13:24:58,16.27,--,85,138295,买盘
1046,13:24:53,16.27,0.01,773,1257671,买盘
1047,13:24:48,16.26,--,140,227640,买盘
1048,13:24:43,16.26,-0.01,112,182112,卖盘
1049,13:24:38,16.27,0.01,270,439290,买盘
1050,13:24:33,16.26,0.03,391,635766,买盘
1051,13:24:28,16.23,-0.01,77,124971,卖盘
1052,13:24:23,16.24,-0.02,12,19487,卖盘
1053,13:24:18,16.26,--,268,435768,中性盘
1054,13:24:13,16.26,0.01,11,17886,卖盘
1055,13:24:08,16.25,-0.01,438,711750,卖盘
1056,13:24:03,16.26,0.01,27,43902,买盘
1057,13:23:53,16.25,-0.01,30,48750,卖盘
1058,13:23:48,16.26,0.01,64,104064,买盘
1059,13:23:43,16.25,--,1,1625,卖盘
1060,13:23:38,16.25,-0.01,25,40625,卖盘
1061,13:23:33,16.26,0.04,58,94308,买盘
1062,13:23:28,16.22,-0.02,217,351974,卖盘
1063,13:23:23,16.24,--,2,3247,买盘
1064,13:23:18,16.24,-0.02,20,32479,买盘
1065,13:23:13,16.26,--,0,0,买盘
1066,13:23:08,16.26,0.01,496,806496,买盘
1067,13:23:03,16.25,-0.01,10,16250,卖盘
1068,13:22:58,16.26,0.03,3,4878,买盘
1069,13:22:53,16.23,0.01,13,21099,卖盘
1070,13:22:48,16.22,-0.04,61,98942,卖盘
1071,13:22:38,16.26,-0.01,10,16260,中性盘
1072,13:22:33,16.27,0.05,334,543418,买盘
1073,13:22:28,16.22,-0.04,198,321156,卖盘
1074,13:22:23,16.26,-0.01,246,399996,卖盘
1075,13:22:18,16.27,0.01,22,35794,买盘
1076,13:22:13,16.26,--,160,260160,卖盘
1077,13:22:08,16.26,--,136,221136,买盘
1078,13:21:58,16.26,0.04,30,48780,买盘
1079,13:21:53,16.22,-0.03,25,40550,卖盘
1080,13:21:47,16.25,-0.01,76,123500,买盘
1081,13:21:38,16.26,--,353,573978,买盘
1082,13:21:32,16.26,0.03,15,24390,买盘
1083,13:21:28,16.23,--,0,0,卖盘
1084,13:21:23,16.23,-0.03,599,972177,卖盘
1085,13:21:17,16.26,--,41,66666,卖盘
1086,13:21:13,16.26,0.01,63,102438,买盘
1087,13:21:08,16.25,--,82,133250,卖盘
1088,13:21:02,16.25,-0.02,16,26000,卖盘
1089,13:20:58,16.27,0.01,224,364448,买盘
1090,13:20:47,16.26,-0.01,46,74796,卖盘
1091,13:20:43,16.27,--,57,92739,买盘
1092,13:20:32,16.27,--,7,11389,买盘
1093,13:20:28,16.27,0.01,57,92739,买盘
1094,13:20:22,16.26,-0.01,168,273168,卖盘
1095,13:20:17,16.27,0.01,55,89485,买盘
1096,13:20:13,16.26,--,128,208128,卖盘
1097,13:20:07,16.26,--,22,35772,卖盘
1098,13:20:02,16.26,--,20,32520,中性盘
1099,13:19:58,16.26,--,2,3252,卖盘
1100,13:19:52,16.26,--,48,78048,买盘
1101,13:19:47,16.26,-0.01,148,240648,中性盘
1102,13:19:42,16.27,0.01,35,56945,买盘
1103,13:19:37,16.26,0.02,101,164226,买盘
1104,13:19:32,16.24,-0.02,66,107183,买盘
1105,13:19:28,16.26,0.01,250,406500,买盘
1106,13:19:22,16.25,0.02,234,380250,买盘
1107,13:19:17,16.23,0.01,228,370044,买盘
1108,13:19:12,16.22,--,95,154090,卖盘
1109,13:19:07,16.22,--,36,58391,买盘
1110,13:19:02,16.22,0.01,196,317912,买盘
1111,13:18:57,16.21,-0.02,155,251255,卖盘
1112,13:18:52,16.23,--,14,22722,买盘
1113,13:18:47,16.23,0.02,17,27591,买盘
1114,13:18:42,16.21,-0.02,172,278812,卖盘
1115,13:18:37,16.23,--,35,56805,买盘
1116,13:18:32,16.23,-0.02,51,82773,卖盘
1117,13:18:27,16.25,--,99,160875,买盘
1118,13:18:17,16.25,--,80,130000,卖盘
1119,13:18:12,16.25,-0.01,29,47125,卖盘
1120,13:18:07,16.26,--,50,81300,买盘
1121,13:18:02,16.26,0.01,6,9756,买盘
1122,13:17:57,16.25,-0.01,177,287625,卖盘
1123,13:17:52,16.26,--,1,1626,买盘
1124,13:17:47,16.26,--,12,19512,买盘
1125,13:17:42,16.26,0.01,27,43902,买盘
1126,13:17:37,16.25,--,11,17875,卖盘
1127,13:17:32,16.25,-0.01,16,26000,卖盘
1128,13:17:27,16.26,-0.01,2,3252,中性盘
1129,13:17:22,16.27,0.01,83,135041,买盘
1130,13:17:17,16.26,--,7,11382,买盘
1131,13:17:12,16.26,--,49,79674,卖盘
1132,13:17:07,16.26,--,11,17886,卖盘
1133,13:17:02,16.26,-0.01,12,19512,卖盘
1134,13:16:57,16.27,--,18,29286,买盘
1135,13:16:47,16.27,--,49,79771,卖盘
1136,13:16:37,16.27,--,20,32540,卖盘
1137,13:16:32,16.27,0.01,73,120349,买盘
1138,13:16:27,16.26,-0.01,16,26016,卖盘
1139,13:16:22,16.27,--,4,6508,买盘
1140,13:16:17,16.27,-0.01,433,704539,卖盘
1141,13:16:12,16.28,--,40,65120,买盘
1142,13:16:07,16.28,--,20,32560,卖盘
1143,13:16:02,16.28,-0.01,13,21164,卖盘
1144,13:15:57,16.29,--,15,24435,买盘
1145,13:15:52,16.29,0.01,48,78192,买盘
1146,13:15:47,16.28,-0.01,110,179080,卖盘
1147,13:15:42,16.29,--,27,43983,买盘
1148,13:15:37,16.29,0.01,5,8145,买盘
1149,13:15:32,16.28,-0.01,5,8140,卖盘
1150,13:15:27,16.29,0.02,39,63531,买盘
1151,13:15:22,16.27,-0.02,57,92739,卖盘
1152,13:15:17,16.29,--,77,125433,买盘
1153,13:15:12,16.29,-0.01,47,76563,买盘
1154,13:15:07,16.3,--,21,34327,卖盘
1155,13:15:02,16.3,0.01,2403,3917281,买盘
1156,13:14:57,16.29,--,79,129831,买盘
1157,13:14:47,16.29,0.01,11,17919,买盘
1158,13:14:41,16.28,--,50,81400,卖盘
1159,13:14:37,16.28,-0.01,41,67236,卖盘
1160,13:14:32,16.29,--,78,127306,卖盘
1161,13:14:26,16.29,--,563,918022,买盘
1162,13:14:22,16.29,--,111,180819,买盘
1163,13:14:17,16.29,--,65,105885,买盘
1164,13:14:11,16.29,0.01,121,197109,买盘
1165,13:14:07,16.28,--,66,107448,卖盘
1166,13:14:02,16.28,-0.01,14,22792,卖盘
1167,13:13:56,16.29,--,363,591327,买盘
1168,13:13:52,16.29,--,157,255753,买盘
1169,13:13:46,16.29,--,82,133578,买盘
1170,13:13:41,16.29,--,212,345429,买盘
1171,13:13:37,16.29,0.01,169,275301,买盘
1172,13:13:31,16.28,--,274,447618,买盘
1173,13:13:26,16.28,--,178,289784,买盘
1174,13:13:22,16.28,--,207,336996,买盘
1175,13:13:16,16.28,--,58,94424,买盘
1176,13:13:11,16.28,--,33,53724,买盘
1177,13:13:07,16.28,--,1,1628,买盘
1178,13:12:56,16.28,--,49,79772,买盘
1179,13:12:51,16.28,0.01,288,468864,买盘
1180,13:12:46,16.27,--,1194,1944216,买盘
1181,13:12:41,16.27,0.01,256,416512,买盘
1182,13:12:26,16.26,--,112,182112,买盘
1183,13:12:21,16.26,--,197,320322,买盘
1184,13:12:16,16.26,0.01,59,95934,买盘
1185,13:12:11,16.25,--,44,71500,卖盘
1186,13:12:06,16.25,-0.01,3,4875,卖盘
1187,13:11:56,16.26,--,97,157722,买盘
1188,13:11:51,16.26,0.01,61,99186,买盘
1189,13:11:46,16.25,--,4,6500,卖盘
1190,13:11:41,16.25,--,206,334750,卖盘
1191,13:11:36,16.25,-0.01,105,170625,卖盘
1192,13:11:31,16.26,--,12,19512,买盘
1193,13:11:26,16.26,0.01,94,152844,买盘
1194,13:11:21,16.25,--,54,87750,卖盘
1195,13:11:11,16.25,--,67,108875,卖盘
1196,13:11:06,16.25,-0.01,105,170625,卖盘
1197,13:11:01,16.26,0.01,10,16260,买盘
1198,13:10:56,16.25,--,87,141375,买盘
1199,13:10:46,16.25,0.01,24,39000,买盘
1200,13:10:41,16.24,--,16,25983,买盘
1201,13:10:36,16.24,0.03,3,4871,中性盘
1202,13:10:31,16.21,-0.03,63,102123,卖盘
1203,13:10:26,16.24,-0.01,1346,2186147,卖盘
1204,13:10:21,16.25,0.01,206,334750,买盘
1205,13:10:16,16.24,--,13,21111,卖盘
1206,13:10:11,16.24,--,13,21111,卖盘
1207,13:10:06,16.24,-0.01,10,16239,卖盘
1208,13:10:01,16.25,--,5,8125,买盘
1209,13:09:56,16.25,0.01,9,16152,买盘
1210,13:09:51,16.24,--,15,25334,卖盘
1211,13:09:46,16.24,--,11,17864,卖盘
1212,13:09:41,16.24,-0.01,44,71456,卖盘
1213,13:09:31,16.25,--,3,4875,买盘
1214,13:09:26,16.25,-0.01,60,97500,卖盘
1215,13:09:21,16.26,--,0,0,买盘
1216,13:09:16,16.26,0.03,12,19512,买盘
1217,13:09:11,16.23,-0.02,68,110364,卖盘
1218,13:09:06,16.25,--,13,21125,买盘
1219,13:09:01,16.25,-0.01,49,79625,卖盘
1220,13:08:56,16.26,--,1,1626,买盘
1221,13:08:51,16.26,0.02,48,78861,买盘
1222,13:08:46,16.24,-0.02,5,8119,卖盘
1223,13:08:41,16.26,0.02,204,331704,买盘
1224,13:08:36,16.24,-0.01,12,19487,卖盘
1225,13:08:31,16.25,--,11,17875,买盘
1226,13:08:26,16.25,--,14,22750,买盘
1227,13:08:21,16.25,0.01,6,9750,买盘
1228,13:08:16,16.24,-0.01,3,4871,卖盘
1229,13:08:11,16.25,--,15,24375,买盘
1230,13:07:56,16.25,--,28,46312,买盘
1231,13:07:50,16.25,--,23,37375,买盘
1232,13:07:46,16.25,0.01,46,74750,买盘
1233,13:07:41,16.24,-0.01,23,37352,卖盘
1234,13:07:35,16.25,--,55,89375,买盘
1235,13:07:26,16.25,0.01,11,17875,买盘
1236,13:07:20,16.24,--,32,51967,卖盘
1237,13:07:16,16.24,-0.01,60,97439,卖盘
1238,13:07:10,16.25,--,47,76375,买盘
1239,13:07:01,16.25,--,6,9750,买盘
1240,13:06:56,16.25,--,27,43875,买盘
1241,13:06:50,16.25,-0.01,116,188500,买盘
1242,13:06:45,16.26,--,0,0,买盘
1243,13:06:40,16.26,0.02,106,172356,买盘
1244,13:06:35,16.24,-0.01,11,19244,卖盘
1245,13:06:30,16.25,--,39,63618,买盘
1246,13:06:25,16.25,-0.01,16,26000,卖盘
1247,13:06:20,16.26,--,11,17886,买盘
1248,13:06:15,16.26,--,6,9756,买盘
1249,13:06:09,16.26,--,40,65040,买盘
1250,13:06:05,16.26,--,13,21138,买盘
1251,13:06:00,16.26,--,8,13008,买盘
1252,13:05:55,16.26,--,0,0,买盘
1253,13:05:50,16.26,--,13,21138,买盘
1254,13:05:45,16.26,-0.01,174,282924,买盘
1255,13:05:39,16.27,0.01,615,1000605,买盘
1256,13:05:35,16.26,0.01,109,177234,买盘
1257,13:05:30,16.25,0.02,4,6500,中性盘
1258,13:05:25,16.23,-0.03,227,368421,卖盘
1259,13:05:19,16.26,--,51,82926,买盘
1260,13:05:15,16.26,--,0,0,买盘
1261,13:05:09,16.26,0.01,42,68292,买盘
1262,13:05:05,16.25,0.01,220,357500,买盘
1263,13:05:00,16.24,-0.02,68,110431,卖盘
1264,13:04:55,16.26,0.01,218,354468,买盘
1265,13:04:49,16.25,--,7,11375,买盘
1266,13:04:45,16.25,--,9,14625,买盘
1267,13:04:40,16.25,--,7,11375,买盘
1268,13:04:35,16.25,0.01,9,14625,买盘
1269,13:04:30,16.24,-0.02,37,60087,卖盘
1270,13:04:19,16.26,0.02,128,208128,买盘
1271,13:04:15,16.24,-0.01,20,32479,卖盘
1272,13:04:10,16.25,0.01,7,11375,买盘
1273,13:04:05,16.24,--,107,173767,卖盘
1274,13:04:00,16.24,-0.01,13,21111,卖盘
1275,13:03:54,16.25,--,5,8125,买盘
1276,13:03:49,16.25,--,54,87750,买盘
1277,13:03:45,16.25,--,6,9750,买盘
1278,13:03:40,16.25,0.01,7,11375,买盘
1279,13:03:34,16.24,-0.02,67,108807,卖盘
1280,13:03:30,16.26,--,12,19512,买盘
1281,13:03:25,16.26,--,5,8130,买盘
1282,13:03:19,16.26,0.02,33,53658,买盘
1283,13:03:15,16.24,-0.02,24,38975,卖盘
1284,13:03:10,16.26,0.01,7,11382,买盘
1285,13:03:05,16.25,-0.01,55,89375,卖盘
1286,13:02:55,16.26,--,2,3252,买盘
1287,13:02:49,16.26,0.02,30,48780,买盘
1288,13:02:45,16.24,--,11,17864,卖盘
1289,13:02:39,16.24,-0.01,27,43847,卖盘
1290,13:02:34,16.25,0.01,10,16250,买盘
1291,13:02:30,16.24,-0.02,31,50587,卖盘
1292,13:02:25,16.26,0.02,35,56910,买盘
1293,13:02:19,16.24,-0.01,21,34104,卖盘
1294,13:02:15,16.25,-0.01,33,53625,卖盘
1295,13:02:10,16.26,0.01,92,149592,买盘
1296,13:02:04,16.25,0.01,56,91000,买盘
1297,13:02:00,16.24,-0.02,147,238727,卖盘
1298,13:01:55,16.26,--,70,113820,买盘
1299,13:01:49,16.26,--,90,146340,买盘
1300,13:01:45,16.26,--,0,0,买盘
1301,13:01:40,16.26,0.01,113,183738,买盘
1302,13:01:34,16.25,--,42,68250,卖盘
1303,13:01:30,16.25,--,10,16250,中性盘
1304,13:01:25,16.25,--,80,130000,买盘
1305,13:01:19,16.25,-0.01,94,152750,卖盘
1306,13:01:15,16.26,--,19,30894,买盘
1307,13:01:10,16.26,--,77,125202,买盘
1308,13:01:04,16.26,--,64,104064,卖盘
1309,13:01:00,16.26,-0.01,58,94308,卖盘
1310,13:00:55,16.27,0.01,6,9762,买盘
1311,13:00:49,16.26,--,409,665034,买盘
1312,13:00:44,16.26,--,7,11382,买盘
1313,13:00:39,16.26,--,12,19512,买盘
1314,13:00:34,16.26,-0.01,112,182112,买盘
1315,13:00:29,16.27,--,98,159446,买盘
1316,13:00:25,16.27,0.03,67,109009,买盘
1317,13:00:19,16.24,0.01,385,625239,中性盘
1318,13:00:13,16.23,-0.02,423,686529,卖盘
1319,13:00:09,16.25,0.03,2062,3351513,买盘
1320,13:00:04,16.22,0.01,124,201128,买盘
1321,11:30:00,16.21,--,0,0,卖盘
1322,11:30:00,16.21,--,0,0,卖盘
1323,11:29:59,16.21,0.01,1031,1671251,买盘
1324,11:29:55,16.2,-0.01,1181,1913220,卖盘
1325,11:29:50,16.21,--,21,34041,买盘
1326,11:29:45,16.21,0.01,54,87858,买盘
1327,11:29:40,16.2,--,14,22680,买盘
1328,11:29:35,16.2,--,88,142560,买盘
1329,11:29:31,16.2,--,239,387180,买盘
1330,11:29:25,16.2,--,42,68040,买盘
1331,11:29:20,16.2,--,103,166860,买盘
1332,11:29:15,16.2,0.01,72,116640,买盘
1333,11:29:10,16.19,-0.01,14,22666,卖盘
1334,11:29:05,16.2,--,5,8100,买盘
1335,11:29:00,16.2,--,665,1077300,买盘
1336,11:28:55,16.2,--,6,9720,买盘
1337,11:28:50,16.2,--,373,604260,买盘
1338,11:28:45,16.2,0.01,177,286740,买盘
1339,11:28:40,16.19,-0.01,17,27523,卖盘
1340,11:28:35,16.2,--,53,85860,买盘
1341,11:28:30,16.2,--,48,78003,买盘
1342,11:28:25,16.2,--,112,181440,买盘
1343,11:28:20,16.2,--,75,121500,买盘
1344,11:28:15,16.2,--,90,145800,买盘
1345,11:28:10,16.2,--,77,124740,买盘
1346,11:28:05,16.2,0.01,39,63180,买盘
1347,11:28:00,16.19,-0.01,29,46951,卖盘
1348,11:27:55,16.2,--,50,81000,买盘
1349,11:27:50,16.2,--,11,17820,买盘
1350,11:27:45,16.2,--,63,102060,买盘
1351,11:27:40,16.2,0.01,9,14580,买盘
1352,11:27:30,16.19,-0.01,76,123044,卖盘
1353,11:27:25,16.2,--,20,32400,买盘
1354,11:27:20,16.2,0.01,6,9720,买盘
1355,11:27:15,16.19,-0.01,6,9714,中性盘
1356,11:27:10,16.2,0.02,92,149040,买盘
1357,11:27:05,16.18,--,42,67956,卖盘
1358,11:27:00,16.18,-0.01,149,241082,卖盘
1359,11:26:55,16.19,--,38,61522,买盘
1360,11:26:50,16.19,--,3,4857,买盘
1361,11:26:45,16.19,--,174,281706,买盘
1362,11:26:40,16.19,--,308,498652,买盘
1363,11:26:35,16.19,--,195,315705,买盘
1364,11:26:30,16.19,--,127,205613,买盘
1365,11:26:25,16.19,--,98,158662,买盘
1366,11:26:20,16.19,--,70,113330,买盘
1367,11:26:15,16.19,--,68,110092,买盘
1368,11:26:10,16.19,--,83,134377,买盘
1369,11:26:00,16.19,0.01,7,11333,买盘
1370,11:25:55,16.18,--,44,71192,卖盘
1371,11:25:50,16.18,0.01,13,21034,卖盘
1372,11:25:45,16.17,--,11,17787,卖盘
1373,11:25:40,16.17,--,0,0,卖盘
1374,11:25:30,16.17,--,10,16186,卖盘
1375,11:25:25,16.17,-0.01,4,6468,卖盘
1376,11:25:15,16.18,--,47,76046,买盘
1377,11:25:10,16.18,--,7,11326,买盘
1378,11:25:05,16.18,--,8,12944,买盘
1379,11:25:00,16.18,--,65,105170,买盘
1380,11:24:55,16.18,0.01,11,17798,买盘
1381,11:24:50,16.17,-0.01,10,16170,卖盘
1382,11:24:45,16.18,--,24,38832,买盘
1383,11:24:40,16.18,0.01,6,9708,买盘
1384,11:24:30,16.17,--,30,48752,卖盘
1385,11:24:25,16.17,-0.01,3,4851,卖盘
1386,11:24:20,16.18,--,9,14562,买盘
1387,11:24:15,16.18,--,12,19416,买盘
1388,11:24:10,16.18,--,85,137530,买盘
1389,11:24:05,16.18,--,3,4854,买盘
1390,11:24:00,16.18,0.01,26,42068,买盘
1391,11:23:55,16.17,-0.01,20,32340,卖盘
1392,11:23:50,16.18,--,48,77664,买盘
1393,11:23:44,16.18,--,23,37214,卖盘
1394,11:23:40,16.18,--,36,58248,卖盘
1395,11:23:29,16.18,-0.01,84,135912,卖盘
1396,11:23:24,16.19,--,497,804643,买盘
1397,11:23:15,16.19,--,10,16190,买盘
1398,11:23:09,16.19,0.01,48,77712,买盘
1399,11:23:05,16.18,--,11,17798,卖盘
1400,11:22:59,16.18,-0.01,61,98698,卖盘
1401,11:22:54,16.19,0.01,15,24285,买盘
1402,11:22:49,16.18,-0.01,54,87372,卖盘
1403,11:22:44,16.19,--,9,14571,买盘
1404,11:22:39,16.19,--,7,11333,买盘
1405,11:22:34,16.19,--,10,16190,买盘
1406,11:22:28,16.19,0.01,6,9714,买盘
1407,11:22:24,16.18,-0.01,12,19416,卖盘
1408,11:22:19,16.19,0.01,7,11333,买盘
1409,11:22:09,16.18,-0.01,91,147238,卖盘
1410,11:22:04,16.19,0.01,5,8095,买盘
1411,11:21:58,16.18,--,54,87372,卖盘
1412,11:21:54,16.18,-0.01,60,97080,卖盘
1413,11:21:49,16.19,0.01,18,29142,买盘
1414,11:21:38,16.18,--,8,12944,卖盘
1415,11:21:34,16.18,-0.01,5,8090,卖盘
1416,11:21:28,16.19,--,37,59903,买盘
1417,11:21:24,16.19,--,48,77712,买盘
1418,11:21:19,16.19,--,93,150567,买盘
1419,11:21:13,16.19,--,5,8095,买盘
1420,11:21:09,16.19,0.01,211,341609,买盘
1421,11:21:04,16.18,--,13,21034,卖盘
1422,11:20:58,16.18,--,9,14562,卖盘
1423,11:20:49,16.18,-0.01,8,12944,买盘
1424,11:20:43,16.19,--,13,21047,买盘
1425,11:20:39,16.19,0.01,33,53427,买盘
1426,11:20:34,16.18,--,74,120541,卖盘
1427,11:20:28,16.18,--,98,158806,卖盘
1428,11:20:24,16.18,--,50,80900,卖盘
1429,11:20:19,16.18,-0.01,228,368904,卖盘
1430,11:20:13,16.19,0.01,17,27523,买盘
1431,11:20:09,16.18,--,27,43686,卖盘
1432,11:20:04,16.18,--,6,9708,卖盘
1433,11:19:58,16.18,-0.01,32,51776,卖盘
1434,11:19:53,16.19,0.01,146,236374,买盘
1435,11:19:49,16.18,-0.01,73,118114,卖盘
1436,11:19:39,16.19,0.01,140,226660,买盘
1437,11:19:34,16.18,-0.01,67,108406,卖盘
1438,11:19:23,16.19,--,48,77712,买盘
1439,11:19:19,16.19,0.01,12,19428,买盘
1440,11:19:13,16.18,-0.01,0,323,卖盘
1441,11:19:08,16.19,0.01,29,46951,买盘
1442,11:19:04,16.18,-0.01,5,8090,卖盘
1443,11:18:53,16.19,--,57,92283,买盘
1444,11:18:49,16.19,--,303,490557,买盘
1445,11:18:43,16.19,--,1,1619,买盘
1446,11:18:38,16.19,0.01,84,135996,买盘
1447,11:18:34,16.18,--,20,32360,卖盘
1448,11:18:28,16.18,-0.01,91,147238,卖盘
1449,11:18:23,16.19,0.01,49,79331,买盘
1450,11:18:19,16.18,-0.01,112,181216,卖盘
1451,11:18:13,16.19,0.01,130,210470,买盘
1452,11:18:08,16.18,-0.01,36,58248,卖盘
1453,11:18:04,16.19,--,34,55046,买盘
1454,11:17:58,16.19,--,1,1619,买盘
1455,11:17:53,16.19,--,18,29142,买盘
1456,11:17:49,16.19,--,176,284944,买盘
1457,11:17:43,16.19,--,11,17809,买盘
1458,11:17:38,16.19,0.01,107,173233,买盘
1459,11:17:34,16.18,-0.01,33,53394,卖盘
1460,11:17:28,16.19,--,54,87426,买盘
1461,11:17:23,16.19,--,71,114949,买盘
1462,11:17:19,16.19,0.01,19,30761,买盘
1463,11:17:08,16.18,-0.01,90,145620,卖盘
1464,11:17:04,16.19,0.01,20,32380,买盘
1465,11:16:58,16.18,-0.01,12,19416,卖盘
1466,11:16:53,16.19,--,29,46951,买盘
1467,11:16:49,16.19,--,57,92283,买盘
1468,11:16:43,16.19,0.01,300,485700,买盘
1469,11:16:38,16.18,-0.01,18,29124,卖盘
1470,11:16:34,16.19,0.01,5,8095,买盘
1471,11:16:28,16.18,-0.01,34,55254,卖盘
1472,11:16:23,16.19,0.01,42,67998,买盘
1473,11:16:19,16.18,--,17,27506,卖盘
1474,11:16:13,16.18,-0.01,1,1618,卖盘
1475,11:16:08,16.19,--,41,66379,买盘
1476,11:16:02,16.19,--,284,459796,买盘
1477,11:15:58,16.19,--,20,32380,买盘
1478,11:15:53,16.19,0.01,55,89045,买盘
1479,11:15:47,16.18,-0.01,68,110024,卖盘
1480,11:15:43,16.19,--,87,140853,买盘
1481,11:15:38,16.19,0.01,74,119806,买盘
1482,11:15:32,16.18,--,40,64720,买盘
1483,11:15:28,16.18,-0.01,63,101934,卖盘
1484,11:15:23,16.19,--,11,17809,买盘
1485,11:15:17,16.19,--,168,271992,买盘
1486,11:15:13,16.19,--,73,118187,买盘
1487,11:15:08,16.19,0.01,535,866165,买盘
1488,11:15:02,16.18,--,205,331690,买盘
1489,11:14:58,16.18,--,63,101934,买盘
1490,11:14:47,16.18,0.01,141,228138,买盘
1491,11:14:43,16.17,0.01,139,224763,买盘
1492,11:14:37,16.16,--,7,11312,买盘
1493,11:14:32,16.16,0.01,106,171296,中性盘
1494,11:14:28,16.15,--,106,171189,卖盘
1495,11:14:22,16.15,-0.03,45,72675,卖盘
1496,11:14:17,16.18,0.03,218,352724,买盘
1497,11:14:13,16.15,0.01,960,1550399,买盘
1498,11:14:07,16.14,--,19,30666,中性盘
1499,11:14:02,16.14,--,18,29052,卖盘
1500,11:13:58,16.14,-0.01,12,19368,中性盘
1501,11:13:52,16.15,--,13,20994,买盘
1502,11:13:47,16.15,0.02,18,29069,买盘
1503,11:13:37,16.13,-0.02,18,29034,卖盘
1504,11:13:32,16.15,0.02,150,242249,买盘
1505,11:13:28,16.13,-0.02,3,4839,卖盘
1506,11:13:17,16.15,0.02,6,9690,买盘
1507,11:13:13,16.13,-0.01,163,262919,卖盘
1508,11:13:07,16.14,--,24,38736,卖盘
1509,11:13:02,16.14,-0.01,3,4842,卖盘
1510,11:12:58,16.15,0.01,144,232559,买盘
1511,11:12:52,16.14,-0.01,497,802158,卖盘
1512,11:12:47,16.15,--,67,108204,买盘
1513,11:12:43,16.15,--,31,50064,买盘
1514,11:12:37,16.15,0.01,17,27454,买盘
1515,11:12:32,16.14,-0.01,180,291891,卖盘
1516,11:12:28,16.15,--,72,116279,卖盘
1517,11:12:22,16.15,--,1,1614,卖盘
1518,11:12:17,16.15,--,8,12919,卖盘
1519,11:12:13,16.15,--,3,4845,卖盘
1520,11:12:07,16.15,--,14,22609,卖盘
1521,11:12:02,16.15,-0.01,17,27454,卖盘
1522,11:11:58,16.16,0.01,7,11312,买盘
1523,11:11:52,16.15,-0.01,22,35530,卖盘
1524,11:11:47,16.16,0.01,64,103424,买盘
1525,11:11:43,16.15,--,3,4845,卖盘
1526,11:11:37,16.15,-0.03,164,264860,卖盘
1527,11:11:32,16.18,0.03,593,959474,买盘
1528,11:11:28,16.15,--,78,125969,卖盘
1529,11:11:17,16.15,-0.01,61,100113,卖盘
1530,11:11:13,16.16,--,91,147056,卖盘
1531,11:11:07,16.16,--,33,53344,卖盘
1532,11:11:02,16.16,--,7,11312,卖盘
1533,11:10:58,16.16,--,27,43632,买盘
1534,11:10:47,16.16,--,11,17776,买盘
1535,11:10:43,16.16,--,10,16160,买盘
1536,11:10:37,16.16,-0.01,31,50096,卖盘
1537,11:10:32,16.17,0.01,32,51744,买盘
1538,11:10:28,16.16,-0.01,43,69488,卖盘
1539,11:10:22,16.17,--,13,21021,买盘
1540,11:10:17,16.17,0.01,9,14553,买盘
1541,11:10:12,16.16,--,9,14544,卖盘
1542,11:10:07,16.16,-0.01,31,50096,卖盘
1543,11:10:02,16.17,--,11,17787,买盘
1544,11:09:58,16.17,--,39,63063,买盘
1545,11:09:52,16.17,--,18,29106,买盘
1546,11:09:47,16.17,--,7,11319,买盘
1547,11:09:43,16.17,0.01,22,35574,买盘
1548,11:09:37,16.16,-0.02,11,17776,卖盘
1549,11:09:32,16.18,0.01,16,25888,买盘
1550,11:09:28,16.17,--,6609,10686753,买盘
1551,11:09:22,16.17,-0.01,22,35784,卖盘
1552,11:09:17,16.18,-0.01,49,79767,卖盘
1553,11:09:12,16.19,0.02,1145,1854888,买盘
1554,11:09:07,16.17,--,24,38808,卖盘
1555,11:09:02,16.17,-0.01,523,845691,卖盘
1556,11:08:57,16.18,--,49,80560,买盘
1557,11:08:47,16.18,0.01,511,826798,买盘
1558,11:08:42,16.17,0.01,404,653397,买盘
1559,11:08:37,16.16,0.01,76,123058,买盘
1560,11:08:32,16.15,--,98,159642,卖盘
1561,11:08:26,16.15,-0.01,38,61612,卖盘
1562,11:08:17,16.16,0.01,39,63024,买盘
1563,11:08:11,16.15,--,18,29069,买盘
1564,11:08:07,16.15,--,45,72675,买盘
1565,11:08:02,16.15,0.01,271,437664,买盘
1566,11:07:56,16.14,-0.01,59,95226,卖盘
1567,11:07:52,16.15,0.01,35,56524,买盘
1568,11:07:47,16.14,--,56,90384,卖盘
1569,11:07:41,16.14,--,66,106524,卖盘
1570,11:07:37,16.14,-0.01,18,29052,卖盘
1571,11:07:32,16.15,0.01,35,56524,买盘
1572,11:07:26,16.14,-0.01,21,33894,卖盘
1573,11:07:22,16.15,--,0,0,买盘
1574,11:07:16,16.15,--,7,11304,买盘
1575,11:07:07,16.15,0.01,558,901169,买盘
1576,11:06:56,16.14,--,82,132348,卖盘
1577,11:06:52,16.14,--,3,4842,卖盘
1578,11:06:46,16.14,--,14,22596,卖盘
1579,11:06:41,16.14,-0.01,36,58104,卖盘
1580,11:06:37,16.15,--,8,12919,买盘
1581,11:06:26,16.15,--,13,20994,买盘
1582,11:06:16,16.15,--,7,11304,买盘
1583,11:06:11,16.15,--,18,29069,买盘
1584,11:06:07,16.15,--,60,96899,买盘
1585,11:05:56,16.15,--,61,98514,买盘
1586,11:05:52,16.15,0.01,98,158270,买盘
1587,11:05:46,16.14,--,30,48420,卖盘
1588,11:05:37,16.14,--,243,392202,卖盘
1589,11:05:26,16.14,-0.01,17,27438,卖盘
1590,11:05:22,16.15,--,115,185724,买盘
1591,11:05:16,16.15,0.01,7,11304,买盘
1592,11:05:11,16.14,-0.01,195,314730,卖盘
1593,11:05:07,16.15,0.01,26,41989,买盘
1594,11:04:56,16.14,-0.01,20,32280,卖盘
1595,11:04:52,16.15,0.01,17,27454,买盘
1596,11:04:46,16.14,--,21,33894,卖盘
1597,11:04:41,16.14,-0.01,61,98454,卖盘
1598,11:04:37,16.15,--,271,437664,买盘
1599,11:04:31,16.15,0.01,1,1614,买盘
1600,11:04:26,16.14,-0.01,25,40592,卖盘
1601,11:04:22,16.15,--,105,169574,买盘
1602,11:04:16,16.15,--,7,11304,买盘
1603,11:04:11,16.15,--,254,410209,买盘
1604,11:04:07,16.15,--,53,85594,买盘
1605,11:03:56,16.15,--,45,72675,买盘
1606,11:03:52,16.15,--,14,22609,买盘
1607,11:03:46,16.15,--,734,1186782,卖盘
1608,11:03:37,16.15,-0.01,31,50064,卖盘
1609,11:03:31,16.16,--,2,3232,买盘
1610,11:03:26,16.16,--,24,38784,卖盘
1611,11:03:22,16.16,--,0,0,中性盘
1612,11:03:16,16.16,0.01,7,11312,买盘
1613,11:03:07,16.15,--,19,30684,卖盘
1614,11:02:56,16.15,--,133,215037,买盘
1615,11:02:52,16.15,--,2,3229,买盘
1616,11:02:46,16.15,--,1202,1941229,买盘
1617,11:02:36,16.15,--,36,58139,买盘
1618,11:02:31,16.15,--,154,248709,买盘
1619,11:02:26,16.15,-0.02,533,862167,卖盘
1620,11:02:16,16.17,--,61,98637,买盘
1621,11:02:06,16.17,--,200,323400,买盘
1622,11:01:56,16.17,--,0,0,买盘
1623,11:01:51,16.17,0.02,39,63063,买盘
1624,11:01:46,16.15,--,20,32299,卖盘
1625,11:01:41,16.15,0.01,460,743142,买盘
1626,11:01:36,16.14,-0.01,31,50034,卖盘
1627,11:01:26,16.15,--,8,12919,买盘
1628,11:01:21,16.15,--,521,841414,买盘
1629,11:01:16,16.15,--,8,12919,买盘
1630,11:01:11,16.15,0.01,80,129199,买盘
1631,11:01:06,16.14,-0.01,20,32280,卖盘
1632,11:01:01,16.15,--,213,343994,买盘
1633,11:00:56,16.15,--,119,192184,买盘
1634,11:00:50,16.15,--,15,24224,买盘
1635,11:00:46,16.15,-0.01,158,256542,卖盘
1636,11:00:41,16.16,-0.01,2,3232,卖盘
1637,11:00:35,16.17,--,58,93786,买盘
1638,11:00:31,16.17,0.02,124,200508,买盘
1639,11:00:26,16.15,-0.01,54,87452,卖盘
1640,11:00:20,16.16,0.01,148,239168,买盘
1641,11:00:16,16.15,--,595,960924,买盘
1642,11:00:11,16.15,--,82,132430,买盘
1643,11:00:05,16.15,--,7,11304,买盘
1644,10:59:56,16.15,--,35,56524,买盘
1645,10:59:50,16.15,0.01,35,56524,买盘
1646,10:59:46,16.14,--,18,29052,卖盘
1647,10:59:35,16.14,--,12,19368,卖盘
1648,10:59:31,16.14,-0.01,13,20982,卖盘
1649,10:59:26,16.15,--,17,27454,买盘
1650,10:59:16,16.15,--,61,98514,买盘
1651,10:59:05,16.15,--,27,43604,买盘
1652,10:58:55,16.15,--,100,161500,买盘
1653,10:58:46,16.15,--,107,172804,买盘
1654,10:58:40,16.15,--,18,29069,买盘
1655,10:58:35,16.15,0.01,7,11304,买盘
1656,10:58:31,16.14,--,69,111366,卖盘
1657,10:58:20,16.14,--,125,202847,买盘
1658,10:58:16,16.14,--,7,11298,买盘
1659,10:58:05,16.14,--,16,25824,买盘
1660,10:58:01,16.14,--,30,48420,买盘
1661,10:57:55,16.14,0.01,11,17754,买盘
1662,10:57:50,16.13,-0.01,56,90328,卖盘
1663,10:57:46,16.14,--,43,69402,买盘
1664,10:57:35,16.14,--,11,17754,买盘
1665,10:57:25,16.14,--,26,41964,买盘
1666,10:57:20,16.14,--,109,175926,买盘
1667,10:57:16,16.14,--,15,24210,买盘
1668,10:57:10,16.14,--,6,9684,买盘
1669,10:57:05,16.14,--,12,19368,买盘
1670,10:56:55,16.14,--,7,11298,买盘
1671,10:56:50,16.14,--,11,17754,卖盘
1672,10:56:46,16.14,--,6,9684,卖盘
1673,10:56:40,16.14,--,20,32280,买盘
1674,10:56:35,16.14,0.01,7,11298,买盘
1675,10:56:31,16.13,-0.01,51,82504,卖盘
1676,10:56:25,16.14,--,6,9684,买盘
1677,10:56:16,16.14,-0.01,93,150102,卖盘
1678,10:56:05,16.15,0.01,12,19380,买盘
1679,10:56:00,16.14,-0.01,80,129120,卖盘
1680,10:55:50,16.15,0.01,55,88824,买盘
1681,10:55:45,16.14,0.01,19,30666,中性盘
1682,10:55:40,16.13,-0.02,320,516256,卖盘
1683,10:55:35,16.15,--,21,33915,买盘
1684,10:55:30,16.15,--,91,146965,买盘
1685,10:55:25,16.15,0.01,19,30684,买盘
1686,10:55:20,16.14,-0.01,36,58104,卖盘
1687,10:55:15,16.15,0.01,15,24224,买盘
1688,10:55:10,16.14,-0.01,101,163014,卖盘
1689,10:55:05,16.15,--,56,90439,买盘
1690,10:54:55,16.15,--,7,11304,买盘
1691,10:54:45,16.15,0.01,7,11304,买盘
1692,10:54:35,16.14,--,337,543918,买盘
1693,10:54:30,16.14,0.01,40,64560,买盘
1694,10:54:25,16.13,-0.01,17,27421,卖盘
1695,10:54:15,16.14,0.01,7,11298,买盘
1696,10:54:05,16.13,--,26,41938,卖盘
1697,10:53:55,16.13,-0.01,126,204350,卖盘
1698,10:53:45,16.14,--,12,19368,买盘
1699,10:53:35,16.14,0.01,7,11298,买盘
1700,10:53:30,16.13,-0.01,36,58068,卖盘
1701,10:53:20,16.14,0.01,936,1511301,买盘
1702,10:53:14,16.13,--,7,11291,买盘
1703,10:53:10,16.13,--,10,16129,买盘
1704,10:53:05,16.13,--,30,48390,买盘
1705,10:52:55,16.13,0.01,42,67746,买盘
1706,10:52:50,16.12,-0.01,5,8060,卖盘
1707,10:52:44,16.13,--,20,32259,买盘
1708,10:52:40,16.13,--,54,87102,买盘
1709,10:52:35,16.13,--,7,11291,买盘
1710,10:52:29,16.13,--,48,77665,买盘
1711,10:52:25,16.13,0.01,7,11291,买盘
1712,10:52:20,16.12,-0.01,12,19344,卖盘
1713,10:52:14,16.13,--,6,9678,买盘
1714,10:52:04,16.13,0.01,7,11291,买盘
1715,10:51:59,16.12,-0.01,3,4836,卖盘
1716,10:51:55,16.13,--,17,27421,买盘
1717,10:51:50,16.13,--,1,1613,买盘
1718,10:51:44,16.13,--,17,27421,买盘
1719,10:51:40,16.13,0.01,5,8064,买盘
1720,10:51:35,16.12,--,131,212284,卖盘
1721,10:51:25,16.12,-0.01,220,354640,卖盘
1722,10:51:14,16.13,--,6,9678,买盘
1723,10:51:10,16.13,--,19,30646,买盘
1724,10:51:04,16.13,--,516,832904,买盘
1725,10:50:55,16.13,--,7,11291,买盘
1726,10:50:49,16.13,--,54,87102,买盘
1727,10:50:44,16.13,0.01,6,9678,买盘
1728,10:50:40,16.12,-0.01,15,24180,卖盘
1729,10:50:34,16.13,--,7,11291,买盘
1730,10:50:29,16.13,--,1,1613,买盘
1731,10:50:25,16.13,--,21,33873,买盘
1732,10:50:14,16.13,--,7,11291,买盘
1733,10:50:04,16.13,0.01,7,11291,买盘
1734,10:49:59,16.12,-0.01,16,25792,卖盘
1735,10:49:55,16.13,--,9,14517,买盘
1736,10:49:44,16.13,0.01,96,154848,买盘
1737,10:49:40,16.12,-0.01,8,12896,卖盘
1738,10:49:34,16.13,--,7,11291,买盘
1739,10:49:29,16.13,--,10,16129,买盘
1740,10:49:25,16.13,--,32,51616,买盘
1741,10:49:14,16.13,--,7,11291,买盘
1742,10:49:04,16.13,--,6,9678,买盘
1743,10:48:54,16.13,--,7,11291,买盘
1744,10:48:44,16.13,--,7,11291,买盘
1745,10:48:39,16.13,--,40,64519,买盘
1746,10:48:34,16.13,0.01,28,45164,买盘
1747,10:48:29,16.12,-0.02,18,29257,卖盘
1748,10:48:24,16.14,0.02,9,14526,买盘
1749,10:48:19,16.12,-0.01,1137,1832844,卖盘
1750,10:48:14,16.13,--,23,37099,卖盘
1751,10:48:09,16.13,-0.01,42,67746,卖盘
1752,10:48:04,16.14,--,7,11298,买盘
1753,10:47:59,16.14,--,15,24210,买盘
1754,10:47:54,16.14,--,6,9684,买盘
1755,10:47:49,16.14,0.01,10,16140,买盘
1756,10:47:44,16.13,-0.01,17,27421,卖盘
1757,10:47:34,16.14,--,7,11298,买盘
1758,10:47:24,16.14,--,7,11298,买盘
1759,10:47:14,16.14,--,7,11298,买盘
1760,10:47:04,16.14,--,7,11298,买盘
1761,10:46:54,16.14,--,6,9684,买盘
1762,10:46:49,16.14,--,13,20982,买盘
1763,10:46:44,16.14,0.01,8,12912,买盘
1764,10:46:39,16.13,--,13,20969,卖盘
1765,10:46:34,16.13,--,35,56455,买盘
1766,10:46:29,16.13,-0.01,1,1613,卖盘
1767,10:46:24,16.14,0.01,51,82314,买盘
1768,10:46:19,16.13,--,2,3226,卖盘
1769,10:46:09,16.13,--,64,103232,买盘
1770,10:46:04,16.13,--,7,11291,买盘
1771,10:45:54,16.13,--,35,56455,买盘
1772,10:45:44,16.13,0.01,20,32259,买盘
1773,10:45:39,16.12,-0.01,69,111228,卖盘
1774,10:45:34,16.13,--,7,11291,买盘
1775,10:45:29,16.13,0.01,10,16129,中性盘
1776,10:45:23,16.12,-0.01,160,259016,卖盘
1777,10:45:14,16.13,--,26,41938,买盘
1778,10:45:04,16.13,--,6,9678,买盘
1779,10:44:53,16.13,--,97,156461,买盘
1780,10:44:44,16.13,--,8,12904,买盘
1781,10:44:38,16.13,--,54,87102,买盘
1782,10:44:34,16.13,--,10,16129,买盘
1783,10:44:29,16.13,--,94,151863,买盘
1784,10:44:23,16.13,--,7,11291,买盘
1785,10:44:13,16.13,--,6,9678,买盘
1786,10:44:04,16.13,--,56,90328,买盘
1787,10:43:59,16.13,-0.01,38,61293,卖盘
1788,10:43:53,16.14,--,7,11298,买盘
1789,10:43:44,16.14,--,7,11298,买盘
1790,10:43:38,16.14,--,13,20982,买盘
1791,10:43:34,16.14,--,6,9684,买盘
1792,10:43:28,16.14,--,5,8070,卖盘
1793,10:43:23,16.14,--,202,326028,买盘
1794,10:43:19,16.14,--,13,20982,买盘
1795,10:43:13,16.14,0.01,7,11298,买盘
1796,10:43:08,16.13,-0.01,8,12904,卖盘
1797,10:43:03,16.14,--,17,27438,买盘
1798,10:42:53,16.14,--,17,27438,买盘
1799,10:42:43,16.14,--,6,9684,买盘
1800,10:42:34,16.14,--,7,11298,买盘
1801,10:42:23,16.14,--,7,11298,买盘
1802,10:42:19,16.14,--,11,17754,买盘
1803,10:42:13,16.14,--,19,30666,买盘
1804,10:42:04,16.14,0.01,7,11298,买盘
1805,10:41:58,16.13,0.01,30,48390,卖盘
1806,10:41:53,16.12,--,0,0,卖盘
1807,10:41:48,16.12,-0.02,4,6448,卖盘
1808,10:41:43,16.14,0.01,157,253398,买盘
1809,10:41:38,16.13,--,40,64519,卖盘
1810,10:41:33,16.13,--,413,666169,买盘
1811,10:41:23,16.13,0.01,66,106458,买盘
1812,10:41:18,16.12,-0.01,22,35464,卖盘
1813,10:41:13,16.13,0.01,7,11291,买盘
1814,10:41:08,16.12,-0.01,5,8060,卖盘
1815,10:41:03,16.13,--,20,32259,买盘
1816,10:40:58,16.13,0.01,24,38712,买盘
1817,10:40:53,16.12,--,21,33852,卖盘
1818,10:40:48,16.12,-0.01,7,11284,卖盘
1819,10:40:43,16.13,--,6,9678,买盘
1820,10:40:38,16.13,--,9,14517,买盘
1821,10:40:33,16.13,--,25,40566,买盘
1822,10:40:23,16.13,--,7,11291,买盘
1823,10:40:18,16.13,--,2,3226,买盘
1824,10:40:13,16.13,--,7,11291,买盘
1825,10:40:08,16.13,0.01,526,849631,买盘
1826,10:40:03,16.12,-0.01,16,25792,卖盘
1827,10:39:53,16.13,0.01,31,50003,买盘
1828,10:39:43,16.12,--,9,14508,卖盘
1829,10:39:38,16.12,--,249,402000,卖盘
1830,10:39:33,16.12,--,12,19344,卖盘
1831,10:39:28,16.12,-0.01,50,80600,卖盘
1832,10:39:23,16.13,--,12,19356,买盘
1833,10:39:18,16.13,--,21,33873,买盘
1834,10:39:13,16.13,--,7,11291,买盘
1835,10:39:08,16.13,--,4,6452,买盘
1836,10:39:03,16.13,--,31,50003,买盘
1837,10:38:53,16.13,--,7,11291,买盘
1838,10:38:43,16.13,--,19,30646,买盘
1839,10:38:38,16.13,--,110,177430,买盘
1840,10:38:33,16.13,0.01,55,88715,买盘
1841,10:38:23,16.12,--,37,59644,卖盘
1842,10:38:18,16.12,-0.01,38,61256,卖盘
1843,10:38:13,16.13,--,7,11291,买盘
1844,10:38:03,16.13,0.01,6,9678,买盘
1845,10:37:53,16.12,-0.01,112,180544,卖盘
1846,10:37:47,16.13,-0.01,244,393572,卖盘
1847,10:37:43,16.14,0.01,7,11298,买盘
1848,10:37:38,16.13,--,70,112910,卖盘
1849,10:37:32,16.13,--,86,138718,卖盘
1850,10:37:23,16.13,-0.01,44,70972,卖盘
1851,10:37:13,16.14,0.01,7,11298,买盘
1852,10:37:08,16.13,-0.01,3,4839,卖盘
1853,10:37:02,16.14,0.01,7,11298,买盘
1854,10:36:52,16.13,-0.01,18,29034,卖盘
1855,10:36:43,16.14,0.01,6,9684,买盘
1856,10:36:37,16.13,-0.01,300,483899,卖盘
1857,10:36:32,16.14,--,16,25824,买盘
1858,10:36:22,16.14,0.01,20,32280,买盘
1859,10:36:17,16.13,-0.01,13,20969,卖盘
1860,10:36:13,16.14,0.01,7,11298,买盘
1861,10:36:08,16.13,-0.01,3,4839,卖盘
1862,10:36:02,16.14,--,6,9684,买盘
1863,10:35:57,16.14,--,7,11298,买盘
1864,10:35:42,16.14,0.01,7,11298,买盘
1865,10:35:37,16.13,-0.01,11,17743,卖盘
1866,10:35:32,16.14,0.01,7,11298,买盘
1867,10:35:27,16.13,--,38,61293,卖盘
1868,10:35:17,16.13,--,279,450027,买盘
1869,10:35:12,16.13,--,12,19356,买盘
1870,10:35:07,16.13,--,10,16129,买盘
1871,10:35:02,16.13,--,6,9678,买盘
1872,10:34:57,16.13,--,7,11291,买盘
1873,10:34:52,16.13,--,6,9678,买盘
1874,10:34:42,16.13,--,26,41938,买盘
1875,10:34:32,16.13,0.01,7,11291,买盘
1876,10:34:27,16.12,-0.01,9,14508,卖盘
1877,10:34:12,16.13,--,108,174204,买盘
1878,10:34:07,16.13,--,14,22582,买盘
1879,10:34:02,16.13,--,19,30646,买盘
1880,10:33:57,16.13,--,7,11291,买盘
1881,10:33:42,16.13,--,21,33873,买盘
1882,10:33:32,16.13,0.01,7,11291,买盘
1883,10:33:27,16.12,--,285,459420,卖盘
1884,10:33:22,16.12,-0.01,60,96720,卖盘
1885,10:33:17,16.13,--,2,3226,买盘
1886,10:33:12,16.13,--,6,9678,买盘
1887,10:33:02,16.13,--,32,51616,买盘
1888,10:32:57,16.13,--,7,11291,买盘
1889,10:32:52,16.13,0.01,14,22582,买盘
1890,10:32:46,16.12,-0.01,2,3224,卖盘
1891,10:32:42,16.13,0.01,7,11291,买盘
1892,10:32:32,16.12,-0.01,301,485212,卖盘
1893,10:32:27,16.13,--,15,24195,买盘
1894,10:32:16,16.13,--,4,6452,买盘
1895,10:32:12,16.13,--,11,17743,买盘
1896,10:32:02,16.13,0.01,67,108393,买盘
1897,10:31:57,16.12,-0.01,11,17732,卖盘
1898,10:31:42,16.13,--,82,132266,买盘
1899,10:31:37,16.13,0.01,14,22582,买盘
1900,10:31:32,16.12,-0.01,46,74152,卖盘
1901,10:31:27,16.13,0.01,57,91941,买盘
1902,10:31:22,16.12,--,9,14508,卖盘
1903,10:31:17,16.12,-0.01,21,33852,卖盘
1904,10:31:12,16.13,0.01,7,11291,买盘
1905,10:31:06,16.12,-0.01,1,1612,卖盘
1906,10:31:02,16.13,--,35,56455,买盘
1907,10:30:57,16.13,0.01,14,22582,买盘
1908,10:30:46,16.12,-0.01,5,8060,卖盘
1909,10:30:42,16.13,--,21,33873,买盘
1910,10:30:32,16.13,--,34,54842,买盘
1911,10:30:27,16.13,0.01,47,75811,中性盘
1912,10:30:22,16.12,--,9,14508,卖盘
1913,10:30:16,16.12,-0.01,10,16120,卖盘
1914,10:30:12,16.13,0.01,32,51616,买盘
1915,10:30:02,16.12,-0.01,21,33852,卖盘
1916,10:29:56,16.13,0.01,7,11291,买盘
1917,10:29:46,16.12,-0.01,9,14508,卖盘
1918,10:29:41,16.13,0.02,70,112910,买盘
1919,10:29:31,16.11,-0.02,131,211041,卖盘
1920,10:29:27,16.13,0.02,63,101619,买盘
1921,10:29:22,16.11,-0.02,14,23391,卖盘
1922,10:29:17,16.13,--,45,72585,买盘
1923,10:29:11,16.13,0.01,1149,1853337,买盘
1924,10:29:07,16.12,-0.01,15,24180,卖盘
1925,10:29:01,16.13,0.01,84,135492,买盘
1926,10:28:56,16.12,--,91,146692,卖盘
1927,10:28:51,16.12,--,24,38688,卖盘
1928,10:28:46,16.12,-0.02,247,399066,卖盘
1929,10:28:41,16.14,0.01,88,142354,中性盘
1930,10:28:36,16.13,--,15,24195,卖盘
1931,10:28:31,16.13,-0.01,236,381055,卖盘
1932,10:28:26,16.14,--,148,238872,买盘
1933,10:28:21,16.14,0.02,5,8070,买盘
1934,10:28:16,16.12,-0.01,34,54808,卖盘
1935,10:28:10,16.13,--,43,70423,卖盘
1936,10:28:06,16.13,-0.02,80,129039,卖盘
1937,10:28:01,16.15,--,41,66215,买盘
1938,10:27:56,16.15,0.02,56,90439,买盘
1939,10:27:51,16.13,--,346,558098,卖盘
1940,10:27:46,16.13,--,33,53229,卖盘
1941,10:27:40,16.13,--,678,1094259,卖盘
1942,10:27:36,16.13,-0.01,647,1043610,卖盘
1943,10:27:31,16.14,--,8,12912,卖盘
1944,10:27:25,16.14,--,23,37122,卖盘
1945,10:27:21,16.14,0.01,209,337907,买盘
1946,10:27:16,16.13,-0.02,14,22582,卖盘
1947,10:27:10,16.15,0.01,43,69929,买盘
1948,10:27:06,16.14,--,45,72630,卖盘
1949,10:26:55,16.14,-0.01,78,127489,卖盘
1950,10:26:51,16.15,0.01,28,45219,买盘
1951,10:26:46,16.14,-0.01,8,12912,卖盘
1952,10:26:40,16.15,--,14,22609,买盘
1953,10:26:36,16.15,--,15,24224,卖盘
1954,10:26:31,16.15,0.02,195,314925,买盘
1955,10:26:25,16.13,--,92,148396,卖盘
1956,10:26:21,16.13,--,24,38712,卖盘
1957,10:26:16,16.13,--,48,77424,卖盘
1958,10:26:10,16.13,-0.02,32,51616,卖盘
1959,10:26:06,16.15,0.02,9,14534,买盘
1960,10:26:01,16.13,-0.02,15,24195,卖盘
1961,10:25:55,16.15,0.02,85,138340,买盘
1962,10:25:51,16.13,--,15,24195,卖盘
1963,10:25:46,16.13,--,8,12904,卖盘
1964,10:25:40,16.13,--,31,50003,卖盘
1965,10:25:36,16.13,--,90,145170,卖盘
1966,10:25:31,16.13,--,1,1613,卖盘
1967,10:25:25,16.13,-0.02,22,35486,卖盘
1968,10:25:21,16.15,0.02,240,387599,买盘
1969,10:25:16,16.13,-0.02,12,19356,卖盘
1970,10:25:10,16.15,--,950,1534492,买盘
1971,10:25:06,16.15,0.01,37,59754,买盘
1972,10:25:01,16.14,--,2,3228,卖盘
1973,10:24:55,16.14,0.02,108,174312,中性盘
1974,10:24:51,16.12,-0.02,53,86935,卖盘
1975,10:24:46,16.14,--,14,22596,买盘
1976,10:24:40,16.14,-0.02,37,60654,卖盘
1977,10:24:36,16.16,--,61,98705,卖盘
1978,10:24:31,16.16,0.01,212,344078,买盘
1979,10:24:25,16.15,--,49,79135,卖盘
1980,10:24:21,16.15,0.01,41,66215,买盘
1981,10:24:16,16.14,-0.01,15,24210,卖盘
1982,10:24:10,16.15,0.01,49,79135,买盘
1983,10:24:06,16.14,--,2396,3867144,卖盘
1984,10:24:01,16.14,--,44,71016,卖盘
1985,10:23:55,16.14,--,23,38187,卖盘
1986,10:23:51,16.14,0.02,225,364376,买盘
1987,10:23:46,16.12,--,17,27790,卖盘
1988,10:23:40,16.12,--,72,117289,买盘
1989,10:23:36,16.12,--,32,51584,买盘
1990,10:23:30,16.12,--,53,85436,买盘
1991,10:23:25,16.12,--,43,69316,买盘
1992,10:23:21,16.12,-0.01,235,379206,卖盘
1993,10:23:16,16.13,0.01,47,75811,买盘
1994,10:23:10,16.12,--,22,35464,卖盘
1995,10:23:06,16.12,--,80,130023,卖盘
1996,10:23:00,16.12,--,300,483600,卖盘
1997,10:22:55,16.12,-0.01,15,24180,卖盘
1998,10:22:51,16.13,0.01,53,85489,买盘
1999,10:22:46,16.12,-0.01,15,24196,卖盘
2000,10:22:40,16.13,0.01,24,38712,买盘
2001,10:22:35,16.12,-0.01,22,35464,卖盘
2002,10:22:30,16.13,0.01,2,3226,买盘
2003,10:22:25,16.12,--,37,59644,卖盘
2004,10:22:20,16.12,--,116,186992,卖盘
2005,10:22:15,16.12,--,12,19344,卖盘
2006,10:22:10,16.12,--,29,46748,卖盘
2007,10:22:06,16.12,--,120,193440,卖盘
2008,10:22:00,16.12,-0.02,21,33852,卖盘
2009,10:21:55,16.14,0.02,28,45192,买盘
2010,10:21:49,16.12,--,88,142919,卖盘
2011,10:21:45,16.12,--,27,43524,卖盘
2012,10:21:40,16.12,--,13,20956,卖盘
2013,10:21:34,16.12,--,14,22568,卖盘
2014,10:21:30,16.12,--,15,24180,卖盘
2015,10:21:25,16.12,-0.02,15,24180,卖盘
2016,10:21:19,16.14,0.02,44,71016,买盘
2017,10:21:15,16.12,--,1,1612,卖盘
2018,10:21:10,16.12,--,42,67704,卖盘
2019,10:21:04,16.12,--,7,11284,卖盘
2020,10:21:00,16.12,-0.02,21,33852,卖盘
2021,10:20:55,16.14,0.02,54,87156,买盘
2022,10:20:49,16.12,--,15,24180,卖盘
2023,10:20:45,16.12,-0.01,65,105843,卖盘
2024,10:20:40,16.13,0.01,15,24195,卖盘
2025,10:20:34,16.12,-0.02,35,56420,卖盘
2026,10:20:30,16.14,0.01,61,98454,买盘
2027,10:20:25,16.13,--,29,46777,卖盘
2028,10:20:19,16.13,--,24,38712,卖盘
2029,10:20:15,16.13,--,15,24195,卖盘
2030,10:20:10,16.13,--,5,8064,买盘
2031,10:20:04,16.13,--,37,59680,买盘
2032,10:20:00,16.13,--,49,79037,买盘
2033,10:19:49,16.13,0.01,37,60245,买盘
2034,10:19:45,16.12,--,22,35464,卖盘
2035,10:19:40,16.12,-0.01,37,60143,卖盘
2036,10:19:34,16.13,0.01,61,98393,买盘
2037,10:19:30,16.12,--,21,33852,卖盘
2038,10:19:25,16.12,--,9,14508,卖盘
2039,10:19:19,16.12,--,24,38688,卖盘
2040,10:19:15,16.12,--,22,35464,卖盘
2041,10:19:10,16.12,--,2,3224,卖盘
2042,10:19:04,16.12,--,45,72540,卖盘
2043,10:19:00,16.12,--,180,290450,买盘
2044,10:18:55,16.12,--,2,3224,买盘
2045,10:18:49,16.12,--,22,35464,买盘
2046,10:18:45,16.12,--,98,157976,买盘
2047,10:18:40,16.12,0.01,28,45136,买盘
2048,10:18:34,16.11,--,53,86333,卖盘
2049,10:18:30,16.11,-0.01,43,69273,卖盘
2050,10:18:25,16.12,0.01,16,25792,买盘
2051,10:18:19,16.11,-0.02,390,628290,卖盘
2052,10:18:15,16.13,0.01,78,125813,买盘
2053,10:18:04,16.12,--,25,40300,卖盘
2054,10:18:00,16.12,--,12,19344,卖盘
2055,10:17:55,16.12,--,75,120900,买盘
2056,10:17:49,16.12,0.01,33,53196,买盘
2057,10:17:45,16.11,-0.01,37,60670,卖盘
2058,10:17:40,16.12,0.01,40,64480,中性盘
2059,10:17:34,16.11,-0.01,337,542907,卖盘
2060,10:17:30,16.12,--,28,45136,买盘
2061,10:17:19,16.12,--,619,997828,卖盘
2062,10:17:15,16.12,-0.02,29,46748,卖盘
2063,10:17:09,16.14,0.02,18,29052,买盘
2064,10:17:04,16.12,--,44,70928,卖盘
2065,10:17:00,16.12,-0.02,15,24180,卖盘
2066,10:16:55,16.14,--,56,90384,买盘
2067,10:16:49,16.14,0.01,22,35508,买盘
2068,10:16:44,16.13,--,19,30646,卖盘
2069,10:16:34,16.13,0.01,75,120974,买盘
2070,10:16:29,16.12,0.01,18,29016,卖盘
2071,10:16:25,16.11,-0.02,15,24165,卖盘
2072,10:16:19,16.13,0.01,34,54842,买盘
2073,10:16:15,16.12,0.01,29,46748,买盘
2074,10:16:10,16.11,--,0,0,卖盘
2075,10:16:04,16.11,--,39,62829,卖盘
2076,10:15:59,16.11,0.01,153,246483,卖盘
2077,10:15:54,16.1,-0.02,19,30590,卖盘
2078,10:15:49,16.12,--,80,128960,买盘
2079,10:15:44,16.12,0.02,88,142919,买盘
2080,10:15:34,16.1,--,67,107870,卖盘
2081,10:15:29,16.1,--,17,27370,卖盘
2082,10:15:24,16.1,--,38,61180,卖盘
2083,10:15:19,16.1,--,32,51520,卖盘
2084,10:15:14,16.1,--,256,412755,卖盘
2085,10:15:09,16.1,--,30,48300,卖盘
2086,10:15:04,16.1,0.01,80,128928,买盘
2087,10:14:58,16.09,--,890,1432444,卖盘
2088,10:14:54,16.09,-0.01,15,24135,卖盘
2089,10:14:49,16.1,0.01,217,349370,买盘
2090,10:14:43,16.09,-0.01,345,555732,卖盘
2091,10:14:39,16.1,-0.01,1278,2059061,卖盘
2092,10:14:34,16.11,--,82,132102,卖盘
2093,10:14:28,16.11,--,15,24165,卖盘
2094,10:14:19,16.11,--,48,77328,卖盘
2095,10:14:13,16.11,--,83,133713,卖盘
2096,10:14:09,16.11,--,37,59607,卖盘
2097,10:14:04,16.11,--,46,74106,卖盘
2098,10:13:58,16.11,--,555,894105,卖盘
2099,10:13:54,16.11,--,35,56385,卖盘
2100,10:13:49,16.11,--,15,24165,卖盘
2101,10:13:43,16.11,--,45,72495,卖盘
2102,10:13:39,16.11,--,48,78391,卖盘
2103,10:13:34,16.11,--,30,48330,卖盘
2104,10:13:28,16.11,--,43,69273,卖盘
2105,10:13:24,16.11,0.01,55,88605,买盘
2106,10:13:18,16.1,--,8,12880,卖盘
2107,10:13:13,16.1,-0.03,48,77280,卖盘
2108,10:13:09,16.13,0.03,104,167752,买盘
2109,10:13:04,16.1,-0.04,192,309120,卖盘
2110,10:12:58,16.14,0.04,60,96840,买盘
2111,10:12:54,16.1,--,21,33810,卖盘
2112,10:12:49,16.1,0.01,30,48300,卖盘
2113,10:12:43,16.09,--,385,620687,卖盘
2114,10:12:39,16.09,-0.01,107,173224,卖盘
2115,10:12:34,16.1,--,46,74060,买盘
2116,10:12:28,16.1,-0.01,650,1046902,卖盘
2117,10:12:24,16.11,0.01,46,74106,中性盘
2118,10:12:19,16.1,-0.01,1230,1980300,卖盘
2119,10:12:13,16.11,--,54,86994,买盘
2120,10:12:09,16.11,0.01,103,165933,买盘
2121,10:12:04,16.1,-0.01,51,82110,卖盘
2122,10:11:58,16.11,--,27,43497,买盘
2123,10:11:54,16.11,--,2249,3623139,卖盘
2124,10:11:49,16.11,--,110,177210,卖盘
2125,10:11:43,16.11,--,52,83772,卖盘
2126,10:11:39,16.11,-0.02,22,35442,卖盘
2127,10:11:34,16.13,0.02,6,9678,买盘
2128,10:11:28,16.11,-0.01,665,1071315,卖盘
2129,10:11:24,16.12,--,63,101556,卖盘
2130,10:11:19,16.12,-0.01,15,24180,卖盘
2131,10:11:13,16.13,0.01,22,35486,买盘
2132,10:11:08,16.12,--,30,48360,卖盘
2133,10:11:04,16.12,--,3,4836,卖盘
2134,10:10:58,16.12,0.01,149,240188,买盘
2135,10:10:53,16.11,--,45,73558,卖盘
2136,10:10:49,16.11,--,38,61218,卖盘
2137,10:10:43,16.11,-0.01,1578,2542158,卖盘
2138,10:10:38,16.12,-0.01,21,33852,卖盘
2139,10:10:34,16.13,--,376,607084,卖盘
2140,10:10:28,16.13,--,46,74198,卖盘
2141,10:10:23,16.13,--,23,37099,卖盘
2142,10:10:19,16.13,--,8,12904,卖盘
2143,10:10:13,16.13,--,62,100006,卖盘
2144,10:10:08,16.13,-0.02,888,1432344,卖盘
2145,10:10:03,16.15,0.01,21,33915,买盘
2146,10:09:58,16.14,--,2,3228,卖盘
2147,10:09:53,16.14,-0.01,42,67788,卖盘
2148,10:09:43,16.15,0.01,13,20994,买盘
2149,10:09:38,16.14,-0.01,50,80700,卖盘
2150,10:09:33,16.15,--,7,11304,买盘
2151,10:09:28,16.15,--,13,20994,买盘
2152,10:09:23,16.15,0.01,36,59205,买盘
2153,10:09:13,16.14,-0.01,87,140418,卖盘
2154,10:09:08,16.15,0.01,130,209949,买盘
2155,10:09:03,16.14,--,11,17754,卖盘
2156,10:08:58,16.14,-0.01,30,48420,卖盘
2157,10:08:53,16.15,--,7,11304,买盘
2158,10:08:48,16.15,--,2,3229,买盘
2159,10:08:43,16.15,0.01,31,50064,买盘
2160,10:08:38,16.14,-0.01,35,56490,卖盘
2161,10:08:33,16.15,0.01,7,11304,买盘
2162,10:08:28,16.14,-0.01,20,32280,卖盘
2163,10:08:23,16.15,--,7,11304,买盘
2164,10:08:18,16.15,0.01,63,101744,买盘
2165,10:08:08,16.14,--,155,250170,买盘
2166,10:08:03,16.14,--,6,9684,买盘
2167,10:07:52,16.14,--,107,172698,买盘
2168,10:07:43,16.14,-0.01,175,283160,卖盘
2169,10:07:37,16.15,0.01,100,161500,买盘
2170,10:07:33,16.14,-0.01,68,110559,卖盘
2171,10:07:28,16.15,--,5,8074,卖盘
2172,10:07:22,16.15,--,53,85853,买盘
2173,10:07:13,16.15,0.01,7,11304,买盘
2174,10:07:07,16.14,-0.01,3,4842,卖盘
2175,10:07:03,16.15,-0.01,15,24224,卖盘
2176,10:06:58,16.16,--,0,0,买盘
2177,10:06:52,16.16,--,8,12928,买盘
2178,10:06:42,16.16,0.01,19,30704,买盘
2179,10:06:37,16.15,0.01,5,8074,卖盘
2180,10:06:33,16.14,-0.02,0,468,卖盘
2181,10:06:28,16.16,0.02,4,6464,买盘
2182,10:06:22,16.14,--,30,49017,卖盘
2183,10:06:18,16.14,-0.02,50,80700,卖盘
2184,10:06:13,16.16,--,6,9696,买盘
2185,10:06:07,16.16,0.01,5,8080,买盘
2186,10:06:03,16.15,--,113,182494,卖盘
2187,10:05:58,16.15,--,3,4845,卖盘
2188,10:05:52,16.15,--,220,355897,卖盘
2189,10:05:48,16.15,--,6,9690,卖盘
2190,10:05:42,16.15,--,8,12919,卖盘
2191,10:05:37,16.15,0.01,370,597550,买盘
2192,10:05:33,16.14,-0.01,105,169470,卖盘
2193,10:05:22,16.15,--,64,104425,买盘
2194,10:05:13,16.15,0.01,7,11304,买盘
2195,10:05:07,16.14,--,7,12234,卖盘
2196,10:05:03,16.14,--,205,330870,卖盘
2197,10:04:58,16.14,--,8,12912,卖盘
2198,10:04:52,16.14,0.01,21,33894,中性盘
2199,10:04:43,16.13,-0.02,298,480673,卖盘
2200,10:04:37,16.15,--,0,0,买盘
2201,10:04:32,16.15,0.01,18,29069,买盘
2202,10:04:27,16.14,0.01,4,6456,卖盘
2203,10:04:22,16.13,--,332,536919,卖盘
2204,10:04:17,16.13,-0.01,25,41583,卖盘
2205,10:04:13,16.14,--,6,9684,买盘
2206,10:04:07,16.14,-0.01,205,331289,卖盘
2207,10:04:02,16.15,--,22,35530,买盘
2208,10:03:52,16.15,-0.01,7,11304,中性盘
2209,10:03:47,16.16,0.01,240,387840,买盘
2210,10:03:42,16.15,--,20,32299,买盘
2211,10:03:32,16.15,0.01,6,9690,买盘
2212,10:03:27,16.14,-0.01,427,690372,卖盘
2213,10:03:22,16.15,-0.01,7,11304,买盘
2214,10:03:17,16.16,0.02,249,402384,买盘
2215,10:03:12,16.14,--,7,11846,卖盘
2216,10:03:07,16.14,--,53,85542,卖盘
2217,10:03:02,16.14,-0.01,76,122664,卖盘
2218,10:02:52,16.15,--,81,130814,买盘
2219,10:02:47,16.15,--,9,14534,买盘
2220,10:02:42,16.15,--,15,24224,买盘
2221,10:02:37,16.15,0.01,17,27454,买盘
2222,10:02:32,16.14,-0.01,26,42851,卖盘
2223,10:02:27,16.15,0.01,11,17765,买盘
2224,10:02:22,16.14,--,157,253398,卖盘
2225,10:02:17,16.14,-0.01,23,37299,卖盘
2226,10:02:12,16.15,--,6,9690,买盘
2227,10:02:07,16.15,--,6,9690,买盘
2228,10:02:02,16.15,--,8,12919,买盘
2229,10:01:52,16.15,--,10,16149,买盘
2230,10:01:47,16.15,-0.02,165,267670,卖盘
2231,10:01:42,16.17,--,7,11319,买盘
2232,10:01:32,16.17,--,7,11319,买盘
2233,10:01:27,16.17,--,20,32340,买盘
2234,10:01:22,16.17,0.01,8,12936,买盘
2235,10:01:17,16.16,-0.01,23,38234,卖盘
2236,10:01:12,16.17,-0.01,34,54978,卖盘
2237,10:01:07,16.18,0.01,10,16180,买盘
2238,10:01:02,16.17,0.01,3,4851,卖盘
2239,10:00:57,16.16,--,0,0,卖盘
2240,10:00:52,16.16,--,25,40416,卖盘
2241,10:00:46,16.16,-0.02,52,84032,卖盘
2242,10:00:42,16.18,0.01,7,11326,买盘
2243,10:00:37,16.17,--,4,6468,卖盘
2244,10:00:31,16.17,--,3,4851,买盘
2245,10:00:27,16.17,--,10,16170,买盘
2246,10:00:22,16.17,0.01,20,32340,买盘
2247,10:00:16,16.16,-0.02,23,38234,卖盘
2248,10:00:12,16.18,0.01,7,11326,买盘
2249,10:00:07,16.17,-0.01,197,319567,卖盘
2250,10:00:01,16.18,0.01,57,92226,买盘
2251,09:59:52,16.17,--,289,467313,卖盘
2252,09:59:46,16.17,-0.01,17,27489,卖盘
2253,09:59:37,16.18,0.01,10,16180,买盘
2254,09:59:31,16.17,0.01,1352,2187218,买盘
2255,09:59:27,16.16,-0.01,27,43632,卖盘
2256,09:59:22,16.17,--,7,12337,买盘
2257,09:59:16,16.17,0.01,4,6468,买盘
2258,09:59:12,16.16,-0.01,136,219824,卖盘
2259,09:59:07,16.17,0.01,13,21021,买盘
2260,09:59:01,16.16,--,14,22624,卖盘
2261,09:58:57,16.16,-0.01,14,22624,卖盘
2262,09:58:52,16.17,0.01,7,11319,买盘
2263,09:58:46,16.16,--,4,6464,卖盘
2264,09:58:42,16.16,--,41,66256,卖盘
2265,09:58:31,16.16,--,6,9696,卖盘
2266,09:58:27,16.16,--,100,161600,卖盘
2267,09:58:21,16.16,0.03,198,319968,买盘
2268,09:58:16,16.13,-0.03,17,27421,卖盘
2269,09:58:11,16.16,0.03,12,19392,买盘
2270,09:58:07,16.13,-0.02,523,844663,卖盘
2271,09:58:01,16.15,-0.01,8,12919,卖盘
2272,09:57:57,16.16,0.01,67,108272,买盘
2273,09:57:52,16.15,--,11,17765,卖盘
2274,09:57:46,16.15,-0.01,61,98514,卖盘
2275,09:57:41,16.16,0.01,7,11312,买盘
2276,09:57:31,16.15,--,907,1464804,卖盘
2277,09:57:26,16.15,--,2,3229,卖盘
2278,09:57:21,16.15,-0.01,2,3229,卖盘
2279,09:57:16,16.16,0.03,1190,1923040,买盘
2280,09:57:11,16.13,--,13,21114,卖盘
2281,09:57:07,16.13,-0.02,22,36405,卖盘
2282,09:57:01,16.15,--,0,0,买盘
2283,09:56:56,16.15,0.01,13,20994,买盘
2284,09:56:51,16.14,0.01,7,11298,买盘
2285,09:56:46,16.13,-0.01,315,508094,卖盘
2286,09:56:41,16.14,0.01,7,11298,买盘
2287,09:56:36,16.13,--,9,14517,卖盘
2288,09:56:31,16.13,--,10,16129,卖盘
2289,09:56:26,16.13,--,451,727463,买盘
2290,09:56:21,16.13,0.01,7,11291,买盘
2291,09:56:16,16.12,-0.01,20,32240,卖盘
2292,09:56:11,16.13,0.01,128,206464,买盘
2293,09:56:06,16.12,--,10,16120,卖盘
2294,09:56:01,16.12,--,41,67155,卖盘
2295,09:55:56,16.12,--,10,16120,卖盘
2296,09:55:46,16.12,--,295,476233,买盘
2297,09:55:41,16.12,0.01,14,22568,买盘
2298,09:55:36,16.11,-0.01,5,8055,中性盘
2299,09:55:31,16.12,--,627,1010724,买盘
2300,09:55:26,16.12,--,10,16120,买盘
2301,09:55:21,16.12,--,7,11284,买盘
2302,09:55:11,16.12,--,467,752804,买盘
2303,09:55:01,16.12,0.01,87,140244,买盘
2304,09:54:56,16.11,-0.02,225,363441,卖盘
2305,09:54:51,16.13,--,2,3226,卖盘
2306,09:54:46,16.13,0.01,104,167752,买盘
2307,09:54:41,16.12,--,14,22568,卖盘
2308,09:54:31,16.12,0.01,63,101556,卖盘
2309,09:54:26,16.11,--,137,221351,买盘
2310,09:54:21,16.11,-0.03,175,282891,卖盘
2311,09:54:06,16.14,0.03,54,87156,买盘
2312,09:54:01,16.11,-0.03,1947,3136617,卖盘
2313,09:53:51,16.14,0.01,7,11298,买盘
2314,09:53:46,16.13,--,15,24195,卖盘
2315,09:53:40,16.13,-0.01,88,141944,卖盘
2316,09:53:31,16.14,--,27,43578,买盘
2317,09:53:25,16.14,--,2,3228,买盘
2318,09:53:21,16.14,0.01,21,33894,买盘
2319,09:53:10,16.13,--,446,720607,卖盘
2320,09:52:55,16.13,--,140,225820,买盘
2321,09:52:51,16.13,--,12,19356,买盘
2322,09:52:46,16.13,-0.01,5,8064,卖盘
2323,09:52:40,16.14,0.01,7,11298,买盘
2324,09:52:31,16.13,--,71,115248,卖盘
2325,09:52:25,16.13,--,438,707945,买盘
2326,09:52:20,16.13,--,7,11291,买盘
2327,09:52:10,16.13,0.01,35,56455,卖盘
2328,09:52:05,16.12,-0.02,10,16120,卖盘
2329,09:52:00,16.14,0.01,1122,1810908,买盘
2330,09:51:55,16.13,--,253,408089,卖盘
2331,09:51:50,16.13,--,53,85489,卖盘
2332,09:51:46,16.13,--,0,0,卖盘
2333,09:51:40,16.13,--,21,33873,卖盘
2334,09:51:35,16.13,-0.01,219,353859,卖盘
2335,09:51:30,16.14,-0.01,2,3228,卖盘
2336,09:51:25,16.15,--,0,0,买盘
2337,09:51:20,16.15,0.01,7,11304,买盘
2338,09:51:15,16.14,-0.01,18,29052,卖盘
2339,09:51:10,16.15,--,7,11304,买盘
2340,09:51:05,16.15,0.01,14,22609,中性盘
2341,09:51:00,16.14,--,19,30682,买盘
2342,09:50:50,16.14,0.01,119,192550,买盘
2343,09:50:45,16.13,-0.01,55,88715,卖盘
2344,09:50:40,16.14,0.01,7,11298,买盘
2345,09:50:35,16.13,--,156,251627,卖盘
2346,09:50:30,16.13,-0.01,291,470447,卖盘
2347,09:50:20,16.14,--,7,11298,买盘
2348,09:50:10,16.14,--,114,183996,卖盘
2349,09:50:05,16.14,--,311,501954,卖盘
2350,09:50:00,16.14,0.01,596,961944,买盘
2351,09:49:55,16.13,-0.01,570,919410,卖盘
2352,09:49:50,16.14,-0.01,50,80700,中性盘
2353,09:49:45,16.15,--,173,279572,买盘
2354,09:49:40,16.15,-0.01,881,1424333,卖盘
2355,09:49:35,16.16,-0.01,438,707904,卖盘
2356,09:49:29,16.17,0.01,41,66297,买盘
2357,09:49:25,16.16,-0.01,54,87264,卖盘
2358,09:49:20,16.17,0.01,19,30723,买盘
2359,09:49:10,16.16,-0.01,41,66256,卖盘
2360,09:49:05,16.17,--,3,6370,买盘
2361,09:49:00,16.17,--,51,82467,卖盘
2362,09:48:50,16.17,--,16,25872,卖盘
2363,09:48:45,16.17,--,5,8085,卖盘
2364,09:48:40,16.17,--,23,37191,卖盘
2365,09:48:35,16.17,0.01,46,74382,买盘
2366,09:48:30,16.16,-0.01,9,14544,卖盘
2367,09:48:20,16.17,--,7,11319,买盘
2368,09:48:10,16.17,0.01,5,8085,买盘
2369,09:48:05,16.16,--,11,17776,卖盘
2370,09:48:00,16.16,--,71,114736,买盘
2371,09:47:55,16.16,--,685,1106960,买盘
2372,09:47:50,16.16,--,18,29088,买盘
2373,09:47:45,16.16,-0.01,62,100192,卖盘
2374,09:47:40,16.17,0.01,287,464079,买盘
2375,09:47:35,16.16,-0.01,55,88880,卖盘
2376,09:47:30,16.17,--,19,30723,买盘
2377,09:47:25,16.17,--,12,19404,买盘
2378,09:47:20,16.17,0.01,26,42042,买盘
2379,09:47:15,16.16,-0.01,64,103424,卖盘
2380,09:47:10,16.17,--,551,890967,买盘
2381,09:47:05,16.17,--,20,32340,买盘
2382,09:47:00,16.17,0.01,7,11319,买盘
2383,09:46:55,16.16,--,1,1616,卖盘
2384,09:46:49,16.16,-0.01,137,221392,卖盘
2385,09:46:40,16.17,--,7,11319,买盘
2386,09:46:30,16.17,0.01,7,11319,买盘
2387,09:46:19,16.16,--,279,452221,买盘
2388,09:46:10,16.16,--,7,11312,买盘
2389,09:46:00,16.16,-0.03,713,1152466,卖盘
2390,09:45:49,16.19,0.02,455,736645,买盘
2391,09:45:44,16.17,0.01,6,9702,买盘
2392,09:45:39,16.16,--,129,209821,卖盘
2393,09:45:34,16.16,-0.01,108,174528,卖盘
2394,09:45:29,16.17,--,129,208593,买盘
2395,09:45:19,16.17,0.01,24,38808,买盘
2396,09:45:15,16.16,-0.01,10,16160,卖盘
2397,09:45:09,16.17,0.01,6,9702,买盘
2398,09:45:04,16.16,--,15,24240,卖盘
2399,09:44:54,16.16,0.01,95,153520,买盘
2400,09:44:49,16.15,--,13,20994,卖盘
2401,09:44:44,16.15,--,42,67830,卖盘
2402,09:44:34,16.15,-0.01,1,1711,卖盘
2403,09:44:29,16.16,--,6,9696,买盘
2404,09:44:24,16.16,-0.01,16,25856,卖盘
2405,09:44:19,16.17,0.01,22,35574,买盘
2406,09:44:14,16.16,--,1,1616,卖盘
2407,09:44:09,16.16,--,3,4848,中性盘
2408,09:43:59,16.16,--,38,61408,买盘
2409,09:43:54,16.16,-0.01,4,6464,卖盘
2410,09:43:49,16.17,0.01,455,735735,中性盘
2411,09:43:44,16.16,0.02,3,4848,卖盘
2412,09:43:39,16.14,--,115,185610,卖盘
2413,09:43:34,16.14,--,1147,1851258,卖盘
2414,09:43:29,16.14,--,17,27696,卖盘
2415,09:43:24,16.14,-0.01,23,37122,卖盘
2416,09:43:19,16.15,0.01,34,54909,买盘
2417,09:43:14,16.14,--,7,11298,卖盘
2418,09:43:09,16.14,--,148,238872,买盘
2419,09:43:04,16.14,0.01,47,75858,买盘
2420,09:42:59,16.13,-0.01,24,38712,卖盘
2421,09:42:54,16.14,--,70,112980,买盘
2422,09:42:49,16.14,0.01,20,32280,买盘
2423,09:42:44,16.13,-0.01,202,325826,卖盘
2424,09:42:39,16.14,--,42,67788,卖盘
2425,09:42:34,16.14,0.01,469,757805,买盘
2426,09:42:29,16.13,-0.01,230,370990,卖盘
2427,09:42:19,16.14,--,19,30666,买盘
2428,09:42:14,16.14,--,55,88770,买盘
2429,09:42:09,16.14,0.01,37,59718,买盘
2430,09:42:04,16.13,--,208,335504,卖盘
2431,09:41:59,16.13,-0.05,292,470996,卖盘
2432,09:41:54,16.18,--,0,0,买盘
2433,09:41:49,16.18,-0.01,1176,1902768,买盘
2434,09:41:44,16.19,--,523,846737,买盘
2435,09:41:39,16.19,0.01,7,11333,买盘
2436,09:41:34,16.18,--,258,417444,卖盘
2437,09:41:29,16.18,0.03,239,386702,买盘
2438,09:41:24,16.15,--,0,0,卖盘
2439,09:41:19,16.15,--,0,0,卖盘
2440,09:41:14,16.15,--,96,155040,卖盘
2441,09:41:09,16.15,-0.03,11,17765,卖盘
2442,09:41:04,16.18,0.03,450,728100,买盘
2443,09:40:59,16.15,--,55,88824,卖盘
2444,09:40:54,16.15,0.01,12,19380,中性盘
2445,09:40:49,16.14,--,25,41915,卖盘
2446,09:40:44,16.14,--,20,32280,卖盘
2447,09:40:39,16.14,--,63,102650,卖盘
2448,09:40:34,16.14,--,62,100068,卖盘
2449,09:40:29,16.14,--,24,39946,买盘
2450,09:40:24,16.14,--,187,301818,买盘
2451,09:40:19,16.14,--,139,224346,买盘
2452,09:40:13,16.14,--,3,4842,买盘
2453,09:40:09,16.14,0.01,217,350238,买盘
2454,09:40:04,16.13,-0.01,24,38712,卖盘
2455,09:39:59,16.14,--,7,11298,买盘
2456,09:39:54,16.14,--,17,27438,买盘
2457,09:39:43,16.14,--,121,195294,买盘
2458,09:39:38,16.14,0.01,7,11298,买盘
2459,09:39:34,16.13,--,25,40325,卖盘
2460,09:39:28,16.13,--,9,14517,卖盘
2461,09:39:24,16.13,-0.01,1,1613,卖盘
2462,09:39:18,16.14,0.01,41,66174,中性盘
2463,09:39:13,16.13,-0.02,91,146783,卖盘
2464,09:39:08,16.15,--,11,17765,买盘
2465,09:39:03,16.15,-0.01,794,1282310,卖盘
2466,09:38:58,16.16,0.01,8,12928,买盘
2467,09:38:53,16.15,--,164,264860,卖盘
2468,09:38:49,16.15,-0.01,17,27454,卖盘
2469,09:38:43,16.16,--,20,32320,买盘
2470,09:38:38,16.16,--,1067,1724272,买盘
2471,09:38:32,16.16,--,15,24240,买盘
2472,09:38:28,16.16,--,1174,1898606,卖盘
2473,09:38:23,16.16,--,17,27472,卖盘
2474,09:38:17,16.16,--,102,164832,卖盘
2475,09:38:13,16.16,-0.01,2,3232,卖盘
2476,09:38:08,16.17,--,26,42042,买盘
2477,09:38:02,16.17,--,13,21021,买盘
2478,09:37:58,16.17,-0.01,293,475026,卖盘
2479,09:37:53,16.18,0.01,271,439076,买盘
2480,09:37:47,16.17,-0.02,64,103488,卖盘
2481,09:37:43,16.19,0.01,991,1604429,买盘
2482,09:37:38,16.18,--,276,446568,买盘
2483,09:37:32,16.18,--,8,12944,买盘
2484,09:37:28,16.18,--,766,1239388,卖盘
2485,09:37:23,16.18,-0.01,50,80900,卖盘
2486,09:37:17,16.19,0.01,31,50189,买盘
2487,09:37:13,16.18,-0.01,60,97080,卖盘
2488,09:37:08,16.19,--,122,197518,买盘
2489,09:36:58,16.19,--,255,412845,买盘
2490,09:36:53,16.19,0.01,61,98759,买盘
2491,09:36:43,16.18,--,16,25888,卖盘
2492,09:36:38,16.18,--,12,19416,卖盘
2493,09:36:32,16.18,0.01,566,915788,买盘
2494,09:36:28,16.17,--,62,100254,卖盘
2495,09:36:23,16.17,--,14,22638,卖盘
2496,09:36:17,16.17,--,116,187572,卖盘
2497,09:36:13,16.17,--,282,457384,买盘
2498,09:36:08,16.17,--,109,176253,买盘
2499,09:36:02,16.17,0.01,11,17787,买盘
2500,09:35:58,16.16,-0.01,141,227856,卖盘
2501,09:35:53,16.17,--,33,53361,买盘
2502,09:35:47,16.17,0.01,5,8085,买盘
2503,09:35:43,16.16,-0.01,24,38784,卖盘
2504,09:35:38,16.17,-0.01,61,98863,卖盘
2505,09:35:32,16.18,0.01,97,156946,买盘
2506,09:35:28,16.17,-0.01,105,169785,卖盘
2507,09:35:23,16.18,--,25,40450,买盘
2508,09:35:17,16.18,0.01,48,79055,买盘
2509,09:35:13,16.17,-0.01,186,301602,卖盘
2510,09:35:08,16.18,--,8,12944,买盘
2511,09:35:02,16.18,--,3,4854,买盘
2512,09:34:58,16.18,--,26,42068,买盘
2513,09:34:53,16.18,--,42,67956,买盘
2514,09:34:47,16.18,0.01,5,8090,买盘
2515,09:34:43,16.17,-0.01,15,24432,卖盘
2516,09:34:38,16.18,--,137,221860,买盘
2517,09:34:32,16.18,--,86,139148,买盘
2518,09:34:28,16.18,0.01,22,35596,买盘
2519,09:34:23,16.17,-0.01,30,48720,卖盘
2520,09:34:17,16.18,--,100,161800,买盘
2521,09:34:13,16.18,--,15,24270,买盘
2522,09:34:08,16.18,0.01,7,11326,买盘
2523,09:34:02,16.17,--,21,34151,卖盘
2524,09:33:58,16.17,--,1,1617,卖盘
2525,09:33:53,16.17,--,98,158466,买盘
2526,09:33:47,16.17,--,99,160083,买盘
2527,09:33:43,16.17,0.01,19,30723,中性盘
2528,09:33:38,16.16,-0.01,62,100385,卖盘
2529,09:33:32,16.17,-0.01,15,24255,卖盘
2530,09:33:28,16.18,--,99,160182,买盘
2531,09:33:23,16.18,0.01,146,236228,买盘
2532,09:33:13,16.17,0.01,80,129360,买盘
2533,09:33:07,16.16,0.01,21,33936,中性盘
2534,09:32:53,16.15,0.01,354,571710,买盘
2535,09:32:47,16.14,--,81,130734,卖盘
2536,09:32:43,16.14,-0.01,95,153330,卖盘
2537,09:32:37,16.15,--,7,11304,买盘
2538,09:32:28,16.15,0.01,516,833339,中性盘
2539,09:32:22,16.14,0.03,215,347010,买盘
2540,09:32:17,16.11,--,0,193,卖盘
2541,09:32:12,16.11,-0.02,72,116056,中性盘
2542,09:32:07,16.13,0.01,76,122781,中性盘
2543,09:32:02,16.12,--,0,564,卖盘
2544,09:31:57,16.12,--,444,715728,卖盘
2545,09:31:52,16.12,0.03,269,435223,买盘
2546,09:31:47,16.09,--,457,735489,买盘
2547,09:31:42,16.09,-0.03,897,1443820,卖盘
2548,09:31:37,16.12,--,336,542695,买盘
2549,09:31:32,16.12,--,100,161200,买盘
2550,09:31:27,16.12,--,1168,1882816,买盘
2551,09:31:22,16.12,-0.02,843,1359464,卖盘
2552,09:31:17,16.14,--,226,364941,卖盘
2553,09:31:11,16.14,--,199,321363,卖盘
2554,09:31:07,16.14,-0.01,173,279399,卖盘
2555,09:31:02,16.15,0.01,751,1213042,中性盘
2556,09:30:56,16.14,--,60,96840,卖盘
2557,09:30:52,16.14,-0.01,410,661917,卖盘
2558,09:30:47,16.15,--,110,177827,卖盘
2559,09:30:36,16.15,0.01,10,16149,中性盘
2560,09:30:32,16.14,-0.01,218,351852,卖盘
2561,09:30:26,16.15,0.01,364,587860,买盘
2562,09:30:22,16.14,--,321,518094,卖盘
2563,09:30:17,16.14,--,103,166242,卖盘
2564,09:30:07,16.14,0.01,1890,3051476,买盘
2565,09:30:02,16.13,--,516,832308,卖盘
2566,09:28:41,16.13,--,0,0,卖盘
2567,09:25:05,16.13,16.13,5175,8347274,买盘
