,time,price,change,volume,amount,type
0,15:00:00,18.22,--,0,0,买盘
1,15:00:00,18.22,-0.01,21,38262,买盘
2,14:59:57,18.23,0.03,14,25522,买盘
3,14:59:52,18.2,-0.03,16,29120,卖盘
4,14:59:47,18.23,0.03,56,102088,买盘
5,14:59:42,18.2,-0.03,14,25480,卖盘
6,14:59:32,18.23,0.03,2,3646,买盘
7,14:59:27,18.2,-0.02,70,127400,卖盘
8,14:59:17,18.22,-0.01,165,300630,卖盘
9,14:59:12,18.23,--,2,3646,买盘
10,14:59:07,18.23,0.03,1,1823,买盘
11,14:59:02,18.2,-0.01,58,105560,卖盘
12,14:58:57,18.21,-0.02,222,404262,卖盘
13,14:58:52,18.23,0.02,1,1823,买盘
14,14:58:47,18.21,-0.02,123,223983,卖盘
15,14:58:42,18.23,0.02,13,23699,买盘
16,14:58:37,18.21,--,0,0,卖盘
17,14:58:32,18.21,-0.02,131,238551,卖盘
18,14:58:27,18.23,0.02,10,18230,买盘
19,14:58:17,18.21,0.01,12,21852,卖盘
20,14:58:12,18.2,--,0,0,卖盘
21,14:58:07,18.2,-0.03,3,5460,卖盘
22,14:58:02,18.23,0.03,16,29168,买盘
23,14:57:57,18.2,--,3,5460,卖盘
24,14:57:27,18.2,--,2,3640,卖盘
25,14:57:22,18.2,-0.03,4,7280,卖盘
26,14:57:17,18.23,0.03,2,3646,买盘
27,14:57:12,18.2,0.01,29,52780,买盘
28,14:57:07,18.19,-0.01,11,20009,卖盘
29,14:57:02,18.2,--,41,74620,买盘
30,14:56:57,18.2,--,15,27300,买盘
31,14:56:42,18.2,0.01,1,1820,买盘
32,14:56:32,18.19,-0.01,1,1819,卖盘
33,14:56:27,18.2,--,29,52780,买盘
34,14:56:22,18.2,--,2,3640,买盘
35,14:56:17,18.2,0.02,170,309400,买盘
36,14:56:12,18.18,-0.01,162,294516,卖盘
37,14:56:02,18.19,--,17,30923,卖盘
38,14:55:52,18.19,--,5,9095,卖盘
39,14:55:47,18.19,0.01,51,92769,买盘
40,14:55:42,18.18,0.01,4,7272,卖盘
41,14:55:32,18.17,-0.01,19,34523,卖盘
42,14:55:22,18.18,--,0,0,卖盘
43,14:55:17,18.18,-0.01,24,43632,买盘
44,14:55:12,18.19,0.01,11,20009,卖盘
45,14:55:07,18.18,--,26,47268,卖盘
46,14:55:02,18.18,-0.02,24,43632,卖盘
47,14:54:57,18.2,--,37,67340,买盘
48,14:54:52,18.2,-0.03,184,334880,卖盘
49,14:54:47,18.23,-0.01,11,20053,中性盘
50,14:54:42,18.24,0.01,27,49247,买盘
51,14:54:37,18.23,0.01,2,3646,买盘
52,14:54:27,18.22,--,6,10932,卖盘
53,14:54:22,18.22,-0.01,6,10932,卖盘
54,14:54:07,18.23,-0.01,16,29168,买盘
55,14:53:52,18.24,0.01,8,14591,买盘
56,14:53:46,18.23,0.01,9,16407,买盘
57,14:53:42,18.22,-0.02,21,38262,卖盘
58,14:53:37,18.24,0.01,75,136800,买盘
59,14:53:31,18.23,-0.01,5,9115,卖盘
60,14:53:27,18.24,0.01,5,9120,买盘
61,14:53:16,18.23,--,4,7292,卖盘
62,14:53:11,18.23,--,4,7292,卖盘
63,14:53:07,18.23,--,7,12761,卖盘
64,14:52:52,18.23,--,77,140371,卖盘
65,14:52:46,18.23,--,31,56513,卖盘
66,14:52:41,18.23,--,15,27345,卖盘
67,14:52:36,18.23,0.01,27,49221,买盘
68,14:52:31,18.22,-0.01,32,58304,卖盘
69,14:52:26,18.23,-0.01,123,224229,卖盘
70,14:52:16,18.24,--,1,1823,买盘
71,14:52:11,18.24,0.01,5,9120,买盘
72,14:52:06,18.23,--,5,9115,买盘
73,14:52:01,18.23,-0.02,14,25522,卖盘
74,14:51:56,18.25,0.01,63,114975,买盘
75,14:51:51,18.24,--,3,5471,卖盘
76,14:51:41,18.24,0.01,40,72960,卖盘
77,14:51:36,18.23,--,15,27345,卖盘
78,14:51:31,18.23,-0.01,87,158601,卖盘
79,14:51:26,18.24,--,20,36480,买盘
80,14:51:21,18.24,--,1,1823,买盘
81,14:51:16,18.24,--,17,31007,买盘
82,14:51:11,18.24,0.01,15,27359,买盘
83,14:51:05,18.23,-0.01,61,111203,卖盘
84,14:51:00,18.24,--,49,89375,买盘
85,14:50:51,18.24,-0.01,6,10943,卖盘
86,14:50:36,18.25,0.02,23,41975,买盘
87,14:50:31,18.23,--,1,1823,买盘
88,14:50:16,18.23,-0.01,8,14584,卖盘
89,14:50:11,18.24,0.03,42,76608,买盘
90,14:50:06,18.21,--,56,101976,买盘
91,14:50:00,18.21,--,25,45525,买盘
92,14:49:46,18.21,0.01,21,38241,买盘
93,14:49:41,18.2,--,14,25480,卖盘
94,14:49:35,18.2,0.01,44,80080,买盘
95,14:49:21,18.19,0.01,140,254660,买盘
96,14:49:16,18.18,--,11,19998,买盘
97,14:49:11,18.18,--,6,10908,买盘
98,14:49:05,18.18,-0.01,9,16362,卖盘
99,14:48:56,18.19,--,66,120054,买盘
100,14:48:46,18.19,0.01,5,9095,买盘
101,14:48:41,18.18,-0.01,10,18180,卖盘
102,14:48:35,18.19,0.01,28,50932,买盘
103,14:48:30,18.18,--,55,99990,卖盘
104,14:48:21,18.18,--,10,18180,中性盘
105,14:48:16,18.18,-0.01,3,5454,卖盘
106,14:48:11,18.19,0.01,3,5457,买盘
107,14:48:06,18.18,-0.01,5,9090,卖盘
108,14:47:56,18.19,--,10,18190,买盘
109,14:47:51,18.19,0.01,1,1819,买盘
110,14:47:36,18.18,--,19,34542,买盘
111,14:47:31,18.18,0.01,5,9090,买盘
112,14:47:26,18.17,--,10,18170,卖盘
113,14:47:20,18.17,--,29,52693,卖盘
114,14:47:11,18.17,--,6,10902,卖盘
115,14:47:01,18.17,-0.01,3,5451,卖盘
116,14:46:56,18.18,--,3,5454,买盘
117,14:46:50,18.18,-0.01,23,41814,卖盘
118,14:46:35,18.19,0.01,19,34561,买盘
119,14:46:30,18.18,--,1,1818,卖盘
120,14:46:16,18.18,--,13,23634,卖盘
121,14:46:05,18.18,--,10,18180,卖盘
122,14:46:00,18.18,0.01,21,38178,买盘
123,14:45:55,18.17,-0.01,11,19987,卖盘
124,14:45:50,18.18,--,7,12726,买盘
125,14:45:35,18.18,0.01,17,30906,买盘
126,14:45:10,18.17,--,0,0,卖盘
127,14:45:05,18.17,--,17,30889,卖盘
128,14:44:40,18.17,-0.02,18,32706,卖盘
129,14:44:35,18.19,0.01,64,116416,买盘
130,14:44:14,18.18,-0.01,8,14544,卖盘
131,14:44:10,18.19,--,4,7276,买盘
132,14:44:05,18.19,0.02,14,25466,买盘
133,14:43:50,18.17,-0.02,4,7268,中性盘
134,14:43:44,18.19,0.02,51,92769,买盘
135,14:43:40,18.17,-0.02,4,7268,卖盘
136,14:43:35,18.19,0.01,111,201909,买盘
137,14:43:29,18.18,0.01,17,30906,中性盘
138,14:43:25,18.17,-0.02,6,10902,卖盘
139,14:43:20,18.19,--,3,5457,买盘
140,14:43:14,18.19,0.01,16,29104,买盘
141,14:43:05,18.18,--,4,7272,买盘
142,14:42:59,18.18,--,3,5454,买盘
143,14:42:55,18.18,0.01,2,3636,买盘
144,14:42:50,18.17,--,1,1817,卖盘
145,14:42:35,18.17,0.02,6,10902,买盘
146,14:42:20,18.15,--,2,3629,卖盘
147,14:42:05,18.15,-0.02,7,12704,卖盘
148,14:41:59,18.17,-0.01,25,45425,卖盘
149,14:41:50,18.18,--,1,1818,买盘
150,14:41:44,18.18,--,10,18180,买盘
151,14:41:35,18.18,--,11,19998,买盘
152,14:41:25,18.18,--,10,18180,买盘
153,14:41:14,18.18,0.01,5,9090,买盘
154,14:40:59,18.17,--,0,0,中性盘
155,14:40:55,18.17,--,22,39974,买盘
156,14:40:35,18.17,--,3,5451,买盘
157,14:40:14,18.17,0.01,4,7268,买盘
158,14:40:09,18.16,--,0,0,卖盘
159,14:40:05,18.16,--,1,1816,卖盘
160,14:39:59,18.16,--,10,18160,卖盘
161,14:39:54,18.16,--,2,3632,卖盘
162,14:39:40,18.16,0.02,15,27457,买盘
163,14:39:34,18.14,--,0,0,卖盘
164,14:39:24,18.14,-0.01,24,43536,卖盘
165,14:39:14,18.15,--,2,3629,卖盘
166,14:38:59,18.15,-0.01,8,14519,卖盘
167,14:38:54,18.16,0.01,7,12712,买盘
168,14:38:44,18.15,-0.01,5,9075,卖盘
169,14:38:39,18.16,--,52,94432,买盘
170,14:38:34,18.16,0.01,2,3632,买盘
171,14:38:29,18.15,--,39,70785,卖盘
172,14:38:14,18.15,--,16,29039,卖盘
173,14:38:04,18.15,--,15,27224,卖盘
174,14:37:59,18.15,--,25,45375,买盘
175,14:37:53,18.15,0.01,49,88935,买盘
176,14:37:49,18.14,-0.01,7,12698,卖盘
177,14:37:44,18.15,--,37,67155,买盘
178,14:37:38,18.15,--,73,132495,买盘
179,14:37:29,18.15,--,1,1814,买盘
180,14:37:23,18.15,--,144,261359,买盘
181,14:37:14,18.15,--,22,39930,买盘
182,14:36:53,18.15,-0.01,70,127049,卖盘
183,14:36:38,18.16,0.01,18,32688,买盘
184,14:36:14,18.15,--,6,10890,卖盘
185,14:36:08,18.15,-0.01,4,7259,卖盘
186,14:35:59,18.16,0.01,14,25424,买盘
187,14:35:53,18.15,-0.01,5,9075,卖盘
188,14:35:44,18.16,--,5,9080,买盘
189,14:35:38,18.16,--,27,49032,买盘
190,14:35:29,18.16,--,15,27240,卖盘
191,14:35:08,18.16,--,14,25424,卖盘
192,14:35:04,18.16,-0.01,30,54480,卖盘
193,14:34:59,18.17,--,31,56327,卖盘
194,14:34:44,18.17,--,8,14536,买盘
195,14:34:38,18.17,0.01,7,12719,买盘
196,14:34:34,18.16,--,3,5448,卖盘
197,14:34:29,18.16,--,2,3632,卖盘
198,14:34:19,18.16,--,2,3632,卖盘
199,14:33:53,18.16,--,7,12712,卖盘
200,14:33:44,18.16,-0.01,2,3632,卖盘
201,14:33:38,18.17,0.01,33,59961,买盘
202,14:33:13,18.16,--,11,19976,卖盘
203,14:33:08,18.16,--,6,10896,卖盘
204,14:33:03,18.16,--,1,1816,卖盘
205,14:32:58,18.16,-0.01,54,98064,卖盘
206,14:32:53,18.17,--,6,10902,买盘
207,14:32:43,18.17,--,1,1817,买盘
208,14:32:38,18.17,0.01,23,41791,买盘
209,14:32:33,18.16,--,6,10896,卖盘
210,14:32:28,18.16,-0.01,4,7264,卖盘
211,14:32:18,18.17,--,35,63595,卖盘
212,14:32:13,18.17,--,14,25438,卖盘
213,14:32:08,18.17,--,3,5451,卖盘
214,14:31:58,18.17,--,2,3634,卖盘
215,14:31:43,18.17,--,11,19987,卖盘
216,14:31:38,18.17,--,28,50876,卖盘
217,14:31:28,18.17,--,9,16353,卖盘
218,14:31:23,18.17,--,21,38157,卖盘
219,14:31:02,18.17,0.01,17,30889,买盘
220,14:30:58,18.16,-0.01,2,3632,卖盘
221,14:30:38,18.17,-0.01,42,76314,卖盘
222,14:30:28,18.18,--,2,3636,卖盘
223,14:30:23,18.18,--,5,9090,卖盘
224,14:30:17,18.18,-0.01,142,258156,卖盘
225,14:29:53,18.19,0.02,3,5457,买盘
226,14:29:38,18.17,0.02,70,127190,买盘
227,14:29:32,18.15,--,0,0,卖盘
228,14:28:58,18.15,--,136,248183,买盘
229,14:28:53,18.15,--,68,123419,买盘
230,14:28:47,18.15,--,50,90750,买盘
231,14:28:43,18.15,-0.04,245,445146,卖盘
232,14:28:38,18.19,0.04,74,134606,买盘
233,14:28:32,18.15,-0.05,33,61238,卖盘
234,14:28:28,18.2,--,71,129220,买盘
235,14:28:23,18.2,--,150,273000,买盘
236,14:28:17,18.2,0.01,322,586040,买盘
237,14:27:58,18.19,--,5,9095,买盘
238,14:27:53,18.19,--,5,9095,卖盘
239,14:27:47,18.19,--,27,49113,买盘
240,14:27:37,18.19,0.03,50,90950,买盘
241,14:27:32,18.16,-0.01,61,110776,卖盘
242,14:27:17,18.17,--,4,7268,卖盘
243,14:27:07,18.17,--,25,45425,卖盘
244,14:27:02,18.17,--,23,41791,卖盘
245,14:26:52,18.17,--,4,7268,卖盘
246,14:26:47,18.17,0.02,23,41791,买盘
247,14:26:42,18.15,--,0,0,卖盘
248,14:26:37,18.15,-0.01,108,196019,卖盘
249,14:26:27,18.16,--,0,0,卖盘
250,14:26:17,18.16,-0.03,207,375912,卖盘
251,14:26:12,18.19,0.02,34,61846,买盘
252,14:26:07,18.17,0.02,1,1817,买盘
253,14:25:52,18.15,0.02,10,18150,卖盘
254,14:25:32,18.13,--,0,0,卖盘
255,14:25:27,18.13,-0.01,70,126910,卖盘
256,14:25:17,18.14,-0.03,92,166888,卖盘
257,14:25:12,18.17,0.02,65,118105,买盘
258,14:25:02,18.15,--,27,49004,买盘
259,14:24:57,18.15,--,76,137940,买盘
260,14:24:47,18.15,--,16,29039,买盘
261,14:24:42,18.15,--,3,5445,买盘
262,14:24:37,18.15,0.01,111,201464,买盘
263,14:24:32,18.14,-0.01,176,319264,中性盘
264,14:24:27,18.15,0.01,82,148830,买盘
265,14:24:22,18.14,-0.01,137,248518,卖盘
266,14:23:57,18.15,--,30,54449,卖盘
267,14:23:52,18.15,-0.02,2,3629,卖盘
268,14:23:41,18.17,--,19,34523,买盘
269,14:23:37,18.17,0.02,6,10902,买盘
270,14:23:17,18.15,0.01,2,3629,买盘
271,14:23:07,18.14,-0.01,67,121538,卖盘
272,14:23:02,18.15,-0.01,2,3629,买盘
273,14:22:52,18.16,--,19,34504,卖盘
274,14:22:41,18.16,--,7,12712,买盘
275,14:22:37,18.16,0.02,5,9080,买盘
276,14:22:32,18.14,0.01,1,1814,卖盘
277,14:21:52,18.13,--,0,0,卖盘
278,14:21:47,18.13,--,30,54390,卖盘
279,14:21:41,18.13,-0.04,67,121471,卖盘
280,14:21:37,18.17,0.01,14,25438,买盘
281,14:21:16,18.16,0.02,8,14528,买盘
282,14:20:51,18.14,-0.02,6,10884,卖盘
283,14:20:47,18.16,-0.01,10,18160,卖盘
284,14:20:41,18.17,--,39,70863,买盘
285,14:20:26,18.17,--,20,36340,买盘
286,14:20:16,18.17,0.04,18,32706,买盘
287,14:20:11,18.13,-0.04,67,121471,卖盘
288,14:20:06,18.17,--,19,34523,买盘
289,14:20:01,18.17,0.01,1,1817,买盘
290,14:19:41,18.16,--,49,90527,买盘
291,14:19:36,18.16,0.01,17,30872,买盘
292,14:19:26,18.15,-0.01,7,12704,卖盘
293,14:19:16,18.16,0.03,4,7264,买盘
294,14:18:56,18.13,--,59,106967,买盘
295,14:18:51,18.13,--,1,1813,买盘
296,14:18:46,18.13,-0.03,37,67352,卖盘
297,14:18:41,18.16,--,22,39952,卖盘
298,14:18:36,18.16,0.03,169,306904,买盘
299,14:18:31,18.13,--,50,90650,卖盘
300,14:18:16,18.13,--,9,17858,买盘
301,14:18:11,18.13,--,114,206682,买盘
302,14:17:56,18.13,--,30,54390,买盘
303,14:17:46,18.13,-0.01,5,9065,买盘
304,14:17:41,18.14,--,51,92786,卖盘
305,14:17:36,18.14,0.01,374,679977,买盘
306,14:17:16,18.13,--,28,50764,卖盘
307,14:17:11,18.13,0.05,465,843045,买盘
308,14:17:06,18.08,--,76,137408,卖盘
309,14:16:51,18.08,0.01,12,21695,买盘
310,14:16:46,18.07,-0.01,5,9035,卖盘
311,14:16:41,18.08,--,78,141024,买盘
312,14:16:36,18.08,--,44,79551,买盘
313,14:16:26,18.08,-0.05,326,589408,卖盘
314,14:16:21,18.13,0.03,2,3626,卖盘
315,14:16:11,18.1,-0.03,67,121270,卖盘
316,14:15:46,18.13,--,0,0,买盘
317,14:15:41,18.13,-0.01,11,19943,中性盘
318,14:15:35,18.14,0.01,39,70746,买盘
319,14:15:31,18.13,-0.01,2,3626,卖盘
320,14:15:26,18.14,--,2,3628,买盘
321,14:15:20,18.14,0.04,5,9070,买盘
322,14:15:16,18.1,-0.01,21,38010,卖盘
323,14:15:01,18.11,--,3,5433,买盘
324,14:14:40,18.11,--,40,72440,买盘
325,14:14:35,18.11,-0.03,28,50708,卖盘
326,14:14:10,18.14,--,3,5442,卖盘
327,14:13:50,18.14,0.04,6,10884,买盘
328,14:13:46,18.1,--,0,0,中性盘
329,14:13:40,18.1,--,337,609970,买盘
330,14:13:35,18.1,--,138,249780,买盘
331,14:13:25,18.1,-0.03,1187,2148741,卖盘
332,14:13:16,18.13,-0.04,67,121471,卖盘
333,14:13:10,18.17,0.03,5,9085,买盘
334,14:12:55,18.14,--,0,0,卖盘
335,14:12:50,18.14,-0.05,63,114282,卖盘
336,14:12:40,18.19,--,57,103683,买盘
337,14:12:35,18.19,0.06,23,41837,买盘
338,14:12:20,18.13,--,0,0,卖盘
339,14:12:10,18.13,--,11,19943,买盘
340,14:12:05,18.13,--,22,39886,买盘
341,14:11:55,18.13,-0.06,35,63455,卖盘
342,14:11:40,18.19,--,10,18190,买盘
343,14:11:35,18.19,0.06,226,411094,买盘
344,14:11:30,18.13,-0.06,150,271950,卖盘
345,14:11:20,18.19,0.01,23,41837,买盘
346,14:11:15,18.18,0.01,13,23634,买盘
347,14:11:10,18.17,--,0,0,卖盘
348,14:11:05,18.17,-0.01,28,50876,卖盘
349,14:10:55,18.18,0.01,4,7272,买盘
350,14:10:50,18.17,-0.01,10,18170,卖盘
351,14:10:40,18.18,0.01,2,3636,买盘
352,14:10:35,18.17,--,6,10902,买盘
353,14:10:30,18.17,--,2,3634,买盘
354,14:10:25,18.17,--,2,3634,买盘
355,14:10:20,18.17,--,73,132641,买盘
356,14:10:15,18.17,--,2,3634,买盘
357,14:10:10,18.17,0.03,2,3634,买盘
358,14:09:55,18.14,-0.01,60,108840,卖盘
359,14:09:50,18.15,--,48,87120,买盘
360,14:09:40,18.15,--,40,72600,买盘
361,14:09:35,18.15,--,9,16334,买盘
362,14:09:30,18.15,0.01,5,9075,买盘
363,14:09:25,18.14,-0.01,65,117910,卖盘
364,14:09:05,18.15,0.01,10,18150,买盘
365,14:08:50,18.14,-0.01,106,192284,卖盘
366,14:08:35,18.15,0.01,3,5445,买盘
367,14:08:30,18.14,--,9,16326,卖盘
368,14:08:20,18.14,0.01,17,30838,买盘
369,14:08:10,18.13,-0.01,11,19943,卖盘
370,14:08:05,18.14,-0.04,3,5442,买盘
371,14:07:55,18.18,--,0,0,买盘
372,14:07:50,18.18,--,17,30906,卖盘
373,14:07:45,18.18,--,43,78174,卖盘
374,14:07:39,18.18,--,5,9090,卖盘
375,14:07:35,18.18,0.03,113,205434,买盘
376,14:07:20,18.15,0.01,9,16334,中性盘
377,14:07:10,18.14,--,10,18140,卖盘
378,14:07:00,18.14,-0.01,279,506106,卖盘
379,14:06:50,18.15,--,11,19965,卖盘
380,14:06:35,18.15,--,10,18150,卖盘
381,14:06:29,18.15,0.01,39,70785,买盘
382,14:06:25,18.14,--,0,0,卖盘
383,14:06:19,18.14,-0.01,10,18140,卖盘
384,14:06:09,18.15,--,77,139755,卖盘
385,14:06:04,18.15,--,10,18150,卖盘
386,14:05:59,18.15,--,10,18150,卖盘
387,14:05:44,18.15,-0.04,10,18150,卖盘
388,14:05:34,18.19,0.04,48,87312,买盘
389,14:05:24,18.15,--,11,19965,卖盘
390,14:05:19,18.15,--,9,16334,卖盘
391,14:05:04,18.15,-0.04,11,19965,卖盘
392,14:04:49,18.19,0.05,5,9095,买盘
393,14:04:44,18.14,--,0,0,卖盘
394,14:04:39,18.14,-0.05,107,194098,卖盘
395,14:04:34,18.19,0.04,8,14552,买盘
396,14:04:29,18.15,--,0,0,卖盘
397,14:04:19,18.15,--,10,18150,卖盘
398,14:04:04,18.15,-0.01,10,18150,卖盘
399,14:03:59,18.16,--,20,36320,卖盘
400,14:03:44,18.16,-0.03,10,18160,卖盘
401,14:03:39,18.19,0.04,11,20009,买盘
402,14:03:34,18.15,--,53,96194,卖盘
403,14:03:29,18.15,-0.01,10,18150,卖盘
404,14:03:14,18.16,-0.03,29,52664,卖盘
405,14:03:09,18.19,--,11,20009,卖盘
406,14:02:49,18.19,--,10,18190,卖盘
407,14:02:44,18.19,--,11,20009,卖盘
408,14:02:39,18.19,--,20,36380,卖盘
409,14:02:34,18.19,0.04,9,16371,买盘
410,14:02:29,18.15,--,22,39930,卖盘
411,14:02:14,18.15,--,0,0,卖盘
412,14:02:04,18.15,--,110,199649,卖盘
413,14:01:59,18.15,--,9,16334,卖盘
414,14:01:49,18.15,--,1,1814,卖盘
415,14:01:39,18.15,-0.04,68,123419,卖盘
416,14:01:34,18.19,--,24,43656,买盘
417,14:01:29,18.19,-0.01,11,20009,卖盘
418,14:01:14,18.2,0.01,28,50960,买盘
419,14:01:04,18.19,-0.01,11,20009,卖盘
420,14:00:54,18.2,0.01,13,23660,买盘
421,14:00:38,18.19,0.04,7,12733,买盘
422,14:00:34,18.15,--,0,0,卖盘
423,14:00:29,18.15,--,11,19965,卖盘
424,14:00:24,18.15,--,11,19965,卖盘
425,14:00:14,18.15,-0.05,69,125234,卖盘
426,14:00:09,18.2,0.01,11,20020,买盘
427,13:59:59,18.19,--,74,134606,卖盘
428,13:59:49,18.19,--,11,20009,卖盘
429,13:59:39,18.19,0.04,30,54570,买盘
430,13:59:24,18.15,-0.04,250,453749,卖盘
431,13:59:08,18.19,0.01,11,20009,卖盘
432,13:58:59,18.18,0.02,9,16362,卖盘
433,13:58:53,18.16,--,0,0,卖盘
434,13:58:48,18.16,-0.02,71,128936,卖盘
435,13:58:43,18.18,0.02,10,18180,卖盘
436,13:58:38,18.16,--,0,0,卖盘
437,13:58:28,18.16,-0.01,29,52664,卖盘
438,13:58:13,18.17,-0.01,10,18170,卖盘
439,13:58:08,18.18,--,43,78174,卖盘
440,13:57:58,18.18,--,11,19998,卖盘
441,13:57:48,18.18,--,9,16362,卖盘
442,13:57:37,18.18,0.02,14,25452,买盘
443,13:57:33,18.16,-0.02,10,18160,卖盘
444,13:57:28,18.18,0.02,8,14544,买盘
445,13:57:23,18.16,--,2,3632,卖盘
446,13:57:13,18.16,-0.01,85,154360,卖盘
447,13:57:07,18.17,--,11,19987,卖盘
448,13:56:58,18.17,--,0,0,卖盘
449,13:56:53,18.17,-0.04,10,18170,卖盘
450,13:56:38,18.21,0.04,31,56451,买盘
451,13:56:28,18.17,--,10,18170,卖盘
452,13:56:22,18.17,--,0,0,卖盘
453,13:56:18,18.17,-0.05,10,18170,卖盘
454,13:56:13,18.22,--,37,67414,买盘
455,13:56:03,18.22,--,2,3644,买盘
456,13:55:58,18.22,--,12,21864,买盘
457,13:55:52,18.22,0.04,2,3644,买盘
458,13:55:48,18.18,--,81,147258,卖盘
459,13:55:43,18.18,0.03,2,3636,卖盘
460,13:55:37,18.15,-0.03,10,18150,卖盘
461,13:55:28,18.18,0.03,32,58176,买盘
462,13:55:22,18.15,-0.03,44,79860,卖盘
463,13:55:13,18.18,--,79,143622,买盘
464,13:55:07,18.18,--,34,61812,买盘
465,13:55:03,18.18,--,19,34542,买盘
466,13:54:58,18.18,--,33,59994,买盘
467,13:54:52,18.18,--,60,109080,买盘
468,13:54:43,18.18,--,32,58176,买盘
469,13:54:37,18.18,-0.04,124,225432,买盘
470,13:54:32,18.22,0.05,22,40084,买盘
471,13:54:28,18.17,-0.01,19,34523,中性盘
472,13:54:22,18.18,-0.04,17,30906,中性盘
473,13:54:18,18.22,--,15,27330,买盘
474,13:54:13,18.22,0.04,128,233216,买盘
475,13:54:07,18.18,--,28,50904,卖盘
476,13:54:03,18.18,-0.04,223,405414,卖盘
477,13:53:58,18.22,0.04,3,5466,买盘
478,13:53:52,18.18,-0.03,27,49086,卖盘
479,13:53:48,18.21,--,27,49167,买盘
480,13:53:43,18.21,--,16,29136,买盘
481,13:53:37,18.21,0.07,18,32778,买盘
482,13:53:33,18.14,-0.06,11,19954,卖盘
483,13:53:28,18.2,0.02,18,32760,买盘
484,13:53:22,18.18,0.03,25,45450,买盘
485,13:53:17,18.15,-0.03,72,130679,卖盘
486,13:53:13,18.18,0.01,142,258156,买盘
487,13:53:07,18.17,-0.01,85,154445,卖盘
488,13:53:02,18.18,0.01,10,18180,买盘
489,13:52:58,18.17,-0.01,28,50876,卖盘
490,13:52:52,18.18,--,57,103626,买盘
491,13:52:47,18.18,-0.04,359,652662,卖盘
492,13:52:43,18.22,0.01,34,61947,买盘
493,13:52:37,18.21,--,48,87408,买盘
494,13:52:32,18.21,--,18,32778,买盘
495,13:52:28,18.21,--,19,34599,买盘
496,13:52:22,18.21,0.01,35,63735,中性盘
497,13:52:17,18.2,-0.02,26,47320,中性盘
498,13:52:07,18.22,--,46,83812,买盘
499,13:52:02,18.22,--,15,27330,买盘
500,13:51:58,18.22,0.03,33,60125,买盘
501,13:51:52,18.19,-0.01,43,78217,卖盘
502,13:51:47,18.2,0.01,33,60060,买盘
503,13:51:41,18.19,0.01,11,20009,中性盘
504,13:51:37,18.18,--,137,249066,卖盘
505,13:51:32,18.18,-0.04,11,19998,卖盘
506,13:51:26,18.22,--,1,1822,买盘
507,13:51:22,18.22,0.04,12,21864,买盘
508,13:51:17,18.18,-0.01,88,159984,卖盘
509,13:51:11,18.19,--,10,18190,卖盘
510,13:50:56,18.19,-0.02,11,20009,卖盘
511,13:50:52,18.21,--,26,47346,买盘
512,13:50:46,18.21,--,1,1821,买盘
513,13:50:37,18.21,0.02,84,152964,买盘
514,13:50:26,18.19,-0.03,10,18190,卖盘
515,13:50:22,18.22,0.03,6,10932,买盘
516,13:50:16,18.19,-0.03,70,127330,卖盘
517,13:50:07,18.22,0.02,2,3644,买盘
518,13:50:01,18.2,-0.02,20,36400,卖盘
519,13:49:56,18.22,0.02,10,18220,买盘
520,13:49:52,18.2,-0.02,90,163800,卖盘
521,13:49:46,18.22,--,1,1822,买盘
522,13:49:37,18.22,--,84,153048,买盘
523,13:49:31,18.22,--,9,16398,买盘
524,13:49:22,18.22,0.01,22,40084,买盘
525,13:49:16,18.21,-0.01,22,40062,卖盘
526,13:49:07,18.22,0.01,63,114786,买盘
527,13:49:01,18.21,--,18,32778,卖盘
528,13:48:56,18.21,0.01,20,36420,买盘
529,13:48:52,18.2,--,16,29120,卖盘
530,13:48:46,18.2,-0.02,11,20020,卖盘
531,13:48:41,18.22,--,12,21864,买盘
532,13:48:37,18.22,0.02,223,406306,买盘
533,13:48:31,18.2,-0.02,10,18200,卖盘
534,13:48:26,18.22,0.02,5,9110,买盘
535,13:48:22,18.2,-0.02,81,147420,卖盘
536,13:48:16,18.22,-0.03,526,958371,卖盘
537,13:48:11,18.25,0.03,19,34675,买盘
538,13:48:01,18.22,-0.03,11,20042,卖盘
539,13:47:52,18.25,--,100,182500,卖盘
540,13:47:46,18.25,--,10,18250,卖盘
541,13:47:41,18.25,--,10,18250,卖盘
542,13:47:37,18.25,0.05,41,74825,买盘
543,13:47:31,18.2,--,0,0,卖盘
544,13:47:26,18.2,--,11,20020,卖盘
545,13:47:22,18.2,--,4,7280,卖盘
546,13:47:16,18.2,-0.07,9,16380,卖盘
547,13:47:11,18.27,--,0,0,买盘
548,13:47:07,18.27,0.02,46,84042,买盘
549,13:47:01,18.25,-0.02,382,697150,卖盘
550,13:46:56,18.27,0.02,167,305109,买盘
551,13:46:52,18.25,--,11,20075,卖盘
552,13:46:46,18.25,--,0,0,卖盘
553,13:46:41,18.25,--,10,18250,卖盘
554,13:46:37,18.25,--,195,355875,买盘
555,13:46:31,18.25,--,3,5475,买盘
556,13:46:16,18.25,--,54,98550,买盘
557,13:46:11,18.25,-0.01,20,36500,卖盘
558,13:46:07,18.26,-0.04,47,85822,中性盘
559,13:46:01,18.3,--,0,0,卖盘
560,13:45:56,18.3,--,11,20130,卖盘
561,13:45:52,18.3,0.05,688,1259040,买盘
562,13:45:41,18.25,0.07,616,1124200,买盘
563,13:45:36,18.18,--,10,18180,卖盘
564,13:45:31,18.18,0.03,119,216342,买盘
565,13:45:26,18.15,-0.03,10,18150,卖盘
566,13:45:16,18.18,-0.01,58,105444,买盘
567,13:45:11,18.19,--,16,29104,买盘
568,13:45:06,18.19,--,13,23647,买盘
569,13:45:01,18.19,0.04,13,23647,买盘
570,13:44:56,18.15,--,0,0,卖盘
571,13:44:51,18.15,-0.03,20,36300,卖盘
572,13:44:46,18.18,--,49,89082,买盘
573,13:44:41,18.18,--,24,43632,买盘
574,13:44:36,18.18,--,2,3636,买盘
575,13:44:31,18.18,0.05,33,59994,买盘
576,13:44:26,18.13,-0.01,19,34447,卖盘
577,13:44:20,18.14,0.01,10,18140,中性盘
578,13:44:16,18.13,--,10,18130,卖盘
579,13:44:11,18.13,--,12,21756,卖盘
580,13:44:05,18.13,--,81,146853,卖盘
581,13:44:01,18.13,-0.01,61,110593,卖盘
582,13:43:56,18.14,-0.05,21,38094,卖盘
583,13:43:50,18.19,0.05,2,3638,买盘
584,13:43:46,18.14,-0.05,33,59862,卖盘
585,13:43:40,18.19,--,11,20009,买盘
586,13:43:35,18.19,--,61,112050,买盘
587,13:43:31,18.19,0.05,17,30923,买盘
588,13:43:25,18.14,--,9,16326,卖盘
589,13:43:20,18.14,-0.05,9,16326,卖盘
590,13:43:16,18.19,0.04,11,20009,买盘
591,13:43:10,18.15,-0.04,23,41745,卖盘
592,13:43:05,18.19,--,10,18190,卖盘
593,13:43:01,18.19,-0.01,11,20009,卖盘
594,13:42:55,18.2,0.01,19,34580,买盘
595,13:42:50,18.19,--,21,38199,卖盘
596,13:42:40,18.19,0.05,24,43656,买盘
597,13:42:35,18.14,-0.01,69,125166,卖盘
598,13:42:31,18.15,--,14,25409,卖盘
599,13:42:25,18.15,--,9,16334,卖盘
600,13:42:20,18.15,--,9,16334,卖盘
601,13:42:16,18.15,--,10,18150,卖盘
602,13:42:10,18.15,--,13,24683,卖盘
603,13:42:05,18.15,--,45,81675,卖盘
604,13:41:55,18.15,--,11,19965,卖盘
605,13:41:46,18.15,--,144,261359,卖盘
606,13:41:40,18.15,--,2,3629,买盘
607,13:41:35,18.15,0.01,7,12704,买盘
608,13:41:31,18.14,--,71,128794,卖盘
609,13:41:20,18.14,--,11,19954,卖盘
610,13:41:10,18.14,-0.05,71,128794,卖盘
611,13:41:05,18.19,--,30,54570,卖盘
612,13:41:01,18.19,--,4,7276,卖盘
613,13:40:55,18.19,0.04,56,101864,买盘
614,13:40:46,18.15,-0.04,11,19965,中性盘
615,13:40:40,18.19,0.05,65,118235,买盘
616,13:40:35,18.14,-0.04,24,43536,卖盘
617,13:40:31,18.18,--,2,3636,卖盘
618,13:40:25,18.18,--,11,19998,卖盘
619,13:40:16,18.18,--,21,38178,买盘
620,13:40:01,18.18,0.04,17,30906,买盘
621,13:39:55,18.14,0.01,20,36280,中性盘
622,13:39:50,18.13,--,10,18130,卖盘
623,13:39:46,18.13,--,24,43512,卖盘
624,13:39:40,18.13,-0.01,126,228438,卖盘
625,13:39:35,18.14,--,7,12698,卖盘
626,13:39:30,18.14,--,10,18140,卖盘
627,13:39:20,18.14,-0.04,10,18140,卖盘
628,13:39:15,18.18,--,45,81810,买盘
629,13:39:10,18.18,0.04,15,27270,买盘
630,13:39:05,18.14,--,30,54420,卖盘
631,13:39:00,18.14,-0.04,11,19954,卖盘
632,13:38:45,18.18,--,20,36360,卖盘
633,13:38:40,18.18,--,29,52722,卖盘
634,13:38:35,18.18,--,21,38178,买盘
635,13:38:25,18.18,0.04,12,21816,买盘
636,13:38:15,18.14,-0.04,80,145120,卖盘
637,13:38:10,18.18,0.04,28,50904,买盘
638,13:38:05,18.14,-0.04,10,18140,卖盘
639,13:37:55,18.18,--,9,16362,卖盘
640,13:37:50,18.18,--,19,34542,卖盘
641,13:37:45,18.18,--,1,1818,卖盘
642,13:37:40,18.18,0.04,24,43632,买盘
643,13:37:30,18.14,-0.04,9,16326,卖盘
644,13:37:20,18.18,--,12,21816,买盘
645,13:37:14,18.18,0.05,7,12726,买盘
646,13:37:10,18.13,--,0,0,卖盘
647,13:37:05,18.13,--,38,68894,卖盘
648,13:36:55,18.13,--,10,18130,卖盘
649,13:36:50,18.13,--,0,0,卖盘
650,13:36:44,18.13,-0.07,90,163170,卖盘
651,13:36:40,18.2,0.04,20,36400,买盘
652,13:36:35,18.16,-0.02,10,18160,卖盘
653,13:36:25,18.18,--,10,18180,卖盘
654,13:36:10,18.18,--,9,16362,卖盘
655,13:36:04,18.18,-0.01,10,18180,卖盘
656,13:35:55,18.19,0.01,1,1819,卖盘
657,13:35:49,18.18,--,9,16362,卖盘
658,13:35:44,18.18,--,0,0,卖盘
659,13:35:40,18.18,--,66,119988,卖盘
660,13:35:25,18.18,0.03,11,19998,卖盘
661,13:35:19,18.15,-0.04,81,147015,卖盘
662,13:35:14,18.19,--,73,132787,买盘
663,13:35:10,18.19,0.01,11,20009,买盘
664,13:35:04,18.18,--,29,52722,卖盘
665,13:34:40,18.18,--,37,67266,买盘
666,13:34:34,18.18,0.01,13,23634,买盘
667,13:34:29,18.17,-0.02,2,3634,卖盘
668,13:34:19,18.19,0.02,114,207366,买盘
669,13:34:10,18.17,0.02,46,83582,卖盘
670,13:34:04,18.15,--,0,0,卖盘
671,13:33:55,18.15,-0.04,10,18150,卖盘
672,13:33:49,18.19,0.01,119,216461,买盘
673,13:33:40,18.18,--,47,85446,卖盘
674,13:33:34,18.18,--,9,16362,卖盘
675,13:33:25,18.18,0.01,36,65448,买盘
676,13:33:19,18.17,0.01,5,9085,卖盘
677,13:33:14,18.16,-0.01,11,19976,卖盘
678,13:33:09,18.17,--,10,18170,卖盘
679,13:33:04,18.17,--,11,19987,卖盘
680,13:32:54,18.17,-0.01,10,18170,卖盘
681,13:32:49,18.18,0.01,5,9090,买盘
682,13:32:44,18.17,--,0,0,卖盘
683,13:32:39,18.17,--,55,99935,卖盘
684,13:32:34,18.17,--,2,3634,卖盘
685,13:32:29,18.17,--,10,18170,卖盘
686,13:32:24,18.17,--,71,129007,卖盘
687,13:32:19,18.17,--,11,19987,卖盘
688,13:32:09,18.17,-0.02,10,18170,卖盘
689,13:31:59,18.19,0.02,3,5457,买盘
690,13:31:54,18.17,--,10,18170,卖盘
691,13:31:49,18.17,-0.02,10,18170,卖盘
692,13:31:39,18.19,0.02,51,92769,买盘
693,13:31:34,18.17,--,9,16353,卖盘
694,13:31:24,18.17,--,11,19987,卖盘
695,13:31:14,18.17,--,10,18170,卖盘
696,13:31:09,18.17,-0.02,3,5451,卖盘
697,13:31:04,18.19,0.02,15,27285,买盘
698,13:30:49,18.17,--,82,148994,卖盘
699,13:30:39,18.17,-0.01,60,109020,卖盘
700,13:30:29,18.18,--,25,45450,卖盘
701,13:30:24,18.18,-0.01,3,5454,卖盘
702,13:30:19,18.19,0.01,13,23647,买盘
703,13:30:14,18.18,--,5,9090,卖盘
704,13:30:09,18.18,--,10,18180,卖盘
705,13:29:59,18.18,-0.01,11,19998,卖盘
706,13:29:53,18.19,0.02,10,18190,买盘
707,13:29:49,18.17,--,1,1817,卖盘
708,13:29:44,18.17,-0.02,13,23621,卖盘
709,13:29:38,18.19,0.02,15,27285,买盘
710,13:29:34,18.17,-0.02,14,25438,卖盘
711,13:29:29,18.19,0.02,78,141882,买盘
712,13:29:23,18.17,-0.02,9,16353,卖盘
713,13:29:19,18.19,--,1,1819,买盘
714,13:29:14,18.19,0.01,21,38199,买盘
715,13:29:08,18.18,--,0,0,卖盘
716,13:29:04,18.18,-0.01,10,18180,卖盘
717,13:28:53,18.19,0.01,5,9095,买盘
718,13:28:49,18.18,--,10,18180,卖盘
719,13:28:43,18.18,--,10,18180,卖盘
720,13:28:38,18.18,0.03,8,14544,买盘
721,13:28:34,18.15,--,0,0,卖盘
722,13:28:28,18.15,--,10,18150,卖盘
723,13:28:19,18.15,--,10,18150,卖盘
724,13:28:13,18.15,--,0,0,卖盘
725,13:28:04,18.15,--,11,19965,卖盘
726,13:27:58,18.15,-0.02,81,147015,卖盘
727,13:27:49,18.17,--,12,21804,卖盘
728,13:27:43,18.17,-0.02,1,1817,卖盘
729,13:27:38,18.19,0.02,57,103683,买盘
730,13:27:34,18.17,-0.01,9,16353,卖盘
731,13:27:28,18.18,0.01,8,14544,中性盘
732,13:27:19,18.17,-0.01,10,18170,卖盘
733,13:27:13,18.18,--,15,27270,买盘
734,13:27:08,18.18,0.02,3,5454,买盘
735,13:27:04,18.16,--,0,0,卖盘
736,13:26:58,18.16,--,10,18160,卖盘
737,13:26:49,18.16,-0.03,12,21792,卖盘
738,13:26:38,18.19,0.03,41,74579,买盘
739,13:26:33,18.16,0.02,5,9080,卖盘
740,13:26:28,18.14,-0.01,81,146934,卖盘
741,13:26:23,18.15,--,29,52634,卖盘
742,13:26:18,18.15,--,10,18150,卖盘
743,13:26:08,18.15,-0.04,9,16334,中性盘
744,13:26:03,18.19,0.05,5,9095,买盘
745,13:25:58,18.14,--,1,1814,买盘
746,13:25:53,18.14,--,11,19954,中性盘
747,13:25:48,18.14,-0.01,4,7256,买盘
748,13:25:43,18.15,-0.04,6,10890,中性盘
749,13:25:38,18.19,0.05,53,96407,买盘
750,13:25:33,18.14,-0.05,12,21768,卖盘
751,13:25:18,18.19,--,13,23647,买盘
752,13:25:13,18.19,--,1,1819,买盘
753,13:25:08,18.19,--,13,23647,买盘
754,13:25:03,18.19,0.05,73,132787,买盘
755,13:24:58,18.14,-0.05,10,18140,卖盘
756,13:24:48,18.19,--,12,21828,买盘
757,13:24:43,18.19,--,2,3638,买盘
758,13:24:38,18.19,0.04,53,96407,买盘
759,13:24:33,18.15,--,2,3629,卖盘
760,13:24:28,18.15,--,11,19965,卖盘
761,13:24:13,18.15,--,10,18150,卖盘
762,13:24:03,18.15,--,11,19965,卖盘
763,13:23:48,18.15,--,11,19965,卖盘
764,13:23:43,18.15,0.03,10,18150,中性盘
765,13:23:38,18.12,-0.02,41,74292,中性盘
766,13:23:33,18.14,0.03,75,136050,买盘
767,13:23:28,18.11,--,11,19921,卖盘
768,13:23:23,18.11,-0.03,29,53297,卖盘
769,13:23:13,18.14,--,2,3628,卖盘
770,13:23:08,18.14,-0.01,11,19954,卖盘
771,13:23:03,18.15,--,10,18150,卖盘
772,13:22:58,18.15,--,11,19965,卖盘
773,13:22:53,18.15,-0.04,11,19965,卖盘
774,13:22:48,18.19,--,11,20009,卖盘
775,13:22:43,18.19,--,10,18190,卖盘
776,13:22:38,18.19,0.03,60,109140,买盘
777,13:22:32,18.16,0.01,20,36320,卖盘
778,13:22:28,18.15,--,0,0,卖盘
779,13:22:23,18.15,--,90,163350,卖盘
780,13:22:17,18.15,--,0,0,卖盘
781,13:22:13,18.15,--,10,18150,卖盘
782,13:22:08,18.15,--,40,72600,卖盘
783,13:22:02,18.15,--,10,18150,卖盘
784,13:21:58,18.15,-0.04,12,21780,卖盘
785,13:21:53,18.19,--,16,29104,卖盘
786,13:21:47,18.19,--,12,21828,卖盘
787,13:21:43,18.19,--,9,16371,卖盘
788,13:21:37,18.19,0.04,27,49113,买盘
789,13:21:28,18.15,-0.01,43,78045,卖盘
790,13:21:22,18.16,--,11,19976,卖盘
791,13:21:17,18.16,--,10,18160,卖盘
792,13:21:13,18.16,--,0,0,卖盘
793,13:21:07,18.16,-0.02,25,45400,卖盘
794,13:21:02,18.18,--,0,0,买盘
795,13:20:58,18.18,-0.01,26,47268,卖盘
796,13:20:52,18.19,0.01,21,38199,买盘
797,13:20:47,18.18,-0.01,11,19998,卖盘
798,13:20:43,18.19,--,11,20009,卖盘
799,13:20:37,18.19,0.02,106,192814,买盘
800,13:20:32,18.17,--,10,18170,卖盘
801,13:20:22,18.17,-0.02,10,18170,卖盘
802,13:20:12,18.19,0.02,44,80036,买盘
803,13:20:07,18.17,--,15,27255,卖盘
804,13:19:58,18.17,--,11,19987,卖盘
805,13:19:47,18.17,--,10,18170,卖盘
806,13:19:37,18.17,0.01,20,36340,买盘
807,13:19:27,18.16,-0.01,63,114408,卖盘
808,13:19:22,18.17,--,65,118105,卖盘
809,13:19:12,18.17,--,11,19987,卖盘
810,13:19:07,18.17,--,68,123556,卖盘
811,13:19:02,18.17,-0.02,10,18170,卖盘
812,13:18:52,18.19,0.02,118,214642,中性盘
813,13:18:42,18.17,-0.02,10,18170,卖盘
814,13:18:37,18.19,--,76,138244,买盘
815,13:18:22,18.19,--,23,41837,卖盘
816,13:18:12,18.19,--,4,7276,卖盘
817,13:18:07,18.19,--,9,16371,卖盘
818,13:17:57,18.19,0.03,11,20009,买盘
819,13:17:47,18.16,--,31,56296,卖盘
820,13:17:42,18.16,-0.01,2,3632,卖盘
821,13:17:37,18.17,-0.02,107,194419,卖盘
822,13:17:32,18.19,0.02,17,30923,买盘
823,13:17:22,18.17,0.01,41,74497,中性盘
824,13:17:17,18.16,--,11,19976,卖盘
825,13:17:12,18.16,-0.03,2,3632,卖盘
826,13:17:07,18.19,-0.01,34,61846,卖盘
827,13:16:57,18.2,0.01,10,18200,买盘
828,13:16:52,18.19,--,10,18190,卖盘
829,13:16:47,18.19,--,1,1819,卖盘
830,13:16:42,18.19,--,10,18190,卖盘
831,13:16:37,18.19,0.03,6,10914,买盘
832,13:16:27,18.16,--,10,18160,卖盘
833,13:16:22,18.16,-0.03,11,19976,卖盘
834,13:16:17,18.19,0.01,84,152796,买盘
835,13:16:12,18.18,--,25,45450,卖盘
836,13:16:07,18.18,-0.02,6,10908,卖盘
837,13:16:02,18.2,--,27,49140,买盘
838,13:15:57,18.2,--,36,65520,卖盘
839,13:15:52,18.2,--,1,1820,卖盘
840,13:15:47,18.2,--,10,18200,卖盘
841,13:15:42,18.2,--,22,40040,卖盘
842,13:15:37,18.2,0.02,32,58240,买盘
843,13:15:32,18.18,-0.02,5,9090,卖盘
844,13:15:26,18.2,0.04,1,1820,买盘
845,13:15:16,18.16,--,0,0,卖盘
846,13:15:07,18.16,-0.04,164,297824,卖盘
847,13:15:02,18.2,--,35,63700,买盘
848,13:14:52,18.2,--,73,132860,买盘
849,13:14:47,18.2,--,20,36400,买盘
850,13:14:41,18.2,-0.05,25,45500,卖盘
851,13:14:37,18.25,0.05,18,32850,买盘
852,13:14:31,18.2,--,9,16380,卖盘
853,13:14:22,18.2,-0.05,11,20020,卖盘
854,13:14:16,18.25,0.05,5,9125,买盘
855,13:14:11,18.2,--,11,20020,卖盘
856,13:14:01,18.2,--,10,18200,卖盘
857,13:13:56,18.2,--,29,52780,卖盘
858,13:13:46,18.2,-0.05,14,25480,卖盘
859,13:13:37,18.25,0.07,41,74825,买盘
860,13:13:31,18.18,--,0,0,卖盘
861,13:13:21,18.18,--,18,32724,卖盘
862,13:13:16,18.18,-0.04,98,178164,卖盘
863,13:13:06,18.22,--,0,0,卖盘
864,13:13:01,18.22,-0.03,9,16398,卖盘
865,13:12:56,18.25,0.01,30,54750,买盘
866,13:12:51,18.24,0.02,11,20064,买盘
867,13:12:46,18.22,--,1,1822,卖盘
868,13:12:41,18.22,--,11,20042,卖盘
869,13:12:36,18.22,0.03,10,18220,买盘
870,13:12:26,18.19,--,11,20009,卖盘
871,13:12:16,18.19,--,11,20009,卖盘
872,13:12:11,18.19,-0.05,10,18190,卖盘
873,13:12:06,18.24,0.05,30,54719,买盘
874,13:12:01,18.19,-0.02,9,16371,卖盘
875,13:11:51,18.21,0.01,1,1821,中性盘
876,13:11:46,18.2,-0.03,86,156520,卖盘
877,13:11:36,18.23,0.02,56,102088,买盘
878,13:11:26,18.21,--,13,23673,卖盘
879,13:11:21,18.21,-0.02,14,25494,卖盘
880,13:11:16,18.23,0.02,9,16407,买盘
881,13:11:11,18.21,-0.01,10,18210,卖盘
882,13:11:06,18.22,--,30,54660,卖盘
883,13:11:01,18.22,--,18,32796,卖盘
884,13:10:51,18.22,--,31,56482,卖盘
885,13:10:46,18.22,--,1,1822,卖盘
886,13:10:41,18.22,--,5,9110,卖盘
887,13:10:36,18.22,-0.01,10,18220,中性盘
888,13:10:31,18.23,0.02,3,5469,买盘
889,13:10:26,18.21,--,11,20031,卖盘
890,13:10:21,18.21,-0.01,80,145680,卖盘
891,13:10:06,18.22,--,57,103854,卖盘
892,13:10:01,18.22,--,11,20042,卖盘
893,13:09:51,18.22,--,10,18220,卖盘
894,13:09:46,18.22,--,33,60125,卖盘
895,13:09:41,18.22,-0.01,1,1822,卖盘
896,13:09:36,18.23,0.01,63,114849,买盘
897,13:09:31,18.22,--,32,58304,卖盘
898,13:09:21,18.22,--,11,20042,卖盘
899,13:09:16,18.22,-0.01,10,18220,卖盘
900,13:09:11,18.23,0.01,2,3646,买盘
901,13:09:06,18.22,--,1,1822,卖盘
902,13:09:01,18.22,-0.01,54,98388,卖盘
903,13:08:56,18.23,--,71,129433,卖盘
904,13:08:51,18.23,-0.01,10,18230,卖盘
905,13:08:41,18.24,0.01,44,80256,买盘
906,13:08:36,18.23,0.01,9,16407,卖盘
907,13:08:31,18.22,-0.02,21,38262,卖盘
908,13:08:26,18.24,0.01,19,34656,买盘
909,13:08:21,18.23,--,0,0,卖盘
910,13:08:16,18.23,-0.01,10,18230,卖盘
911,13:08:11,18.24,--,45,82080,卖盘
912,13:08:05,18.24,--,10,18240,卖盘
913,13:08:01,18.24,--,20,36480,卖盘
914,13:07:56,18.24,--,20,36480,卖盘
915,13:07:50,18.24,--,1,1823,卖盘
916,13:07:40,18.24,0.02,21,38304,中性盘
917,13:07:30,18.22,--,12,21864,卖盘
918,13:07:20,18.22,0.01,79,143938,卖盘
919,13:07:16,18.21,--,1,1821,卖盘
920,13:07:09,18.21,--,11,20031,卖盘
921,13:06:55,18.21,0.01,10,18210,卖盘
922,13:06:50,18.2,--,0,0,卖盘
923,13:06:45,18.2,-0.05,10,18200,卖盘
924,13:06:40,18.25,0.05,52,94900,买盘
925,13:06:35,18.2,--,10,18200,卖盘
926,13:06:25,18.2,-0.05,10,18200,卖盘
927,13:06:19,18.25,0.05,5,9125,买盘
928,13:06:15,18.2,--,10,18200,卖盘
929,13:06:09,18.2,--,12,21840,买盘
930,13:06:05,18.2,0.01,9,16380,买盘
931,13:05:55,18.19,--,0,0,卖盘
932,13:05:50,18.19,-0.02,72,130968,卖盘
933,13:05:45,18.21,--,15,27315,卖盘
934,13:05:39,18.21,0.01,59,107439,买盘
935,13:05:35,18.2,--,0,0,中性盘
936,13:05:30,18.2,--,11,20020,卖盘
937,13:05:19,18.2,--,11,20020,卖盘
938,13:05:09,18.2,-0.04,72,131040,卖盘
939,13:05:00,18.24,-0.01,11,20064,卖盘
940,13:04:49,18.25,--,1,1825,卖盘
941,13:04:45,18.25,--,9,16425,卖盘
942,13:04:40,18.25,-0.01,88,160600,卖盘
943,13:04:30,18.26,0.01,2,3652,中性盘
944,13:04:25,18.25,-0.01,79,144175,卖盘
945,13:04:19,18.26,-0.02,15,27390,卖盘
946,13:04:15,18.28,0.02,65,118820,买盘
947,13:04:10,18.26,--,10,18260,卖盘
948,13:04:00,18.26,--,11,20086,卖盘
949,13:03:49,18.26,--,10,18260,卖盘
950,13:03:45,18.26,-0.01,5,9130,卖盘
951,13:03:40,18.27,0.02,21,38367,买盘
952,13:03:30,18.25,--,10,18250,卖盘
953,13:03:19,18.25,--,14,25550,卖盘
954,13:03:15,18.25,0.01,238,434350,买盘
955,13:03:10,18.24,--,10,18240,卖盘
956,13:03:00,18.24,0.01,4,7295,中性盘
957,13:02:55,18.23,-0.01,92,167716,卖盘
958,13:02:45,18.24,--,17,31007,卖盘
959,13:02:39,18.24,0.05,49,89375,买盘
960,13:02:34,18.19,--,9,16371,卖盘
961,13:02:30,18.19,--,0,0,卖盘
962,13:02:25,18.19,--,107,194833,卖盘
963,13:02:19,18.19,--,32,59190,卖盘
964,13:02:15,18.19,--,0,0,卖盘
965,13:02:10,18.19,--,41,74579,卖盘
966,13:02:04,18.19,--,21,38199,卖盘
967,13:02:00,18.19,-0.03,31,56389,卖盘
968,13:01:55,18.22,--,23,41906,买盘
969,13:01:49,18.22,0.03,8,14576,买盘
970,13:01:40,18.19,-0.02,166,301954,卖盘
971,13:01:34,18.21,--,2,3642,卖盘
972,13:01:19,18.21,-0.01,10,18210,卖盘
973,13:01:15,18.22,--,110,200420,买盘
974,13:01:10,18.22,0.02,349,635878,买盘
975,13:01:04,18.2,--,65,118300,卖盘
976,13:01:00,18.2,--,11,20020,卖盘
977,13:00:55,18.2,--,103,187460,卖盘
978,13:00:49,18.2,-0.01,9,16380,卖盘
979,13:00:39,18.21,0.02,101,185505,买盘
980,13:00:34,18.19,-0.01,18,32742,卖盘
981,13:00:24,18.2,--,26,47320,买盘
982,13:00:19,18.2,--,309,562380,买盘
983,13:00:13,18.2,0.01,35,63700,买盘
984,13:00:09,18.19,--,167,304809,卖盘
985,13:00:04,18.19,0.05,81,147339,买盘
986,11:30:00,18.14,--,0,0,卖盘
987,11:30:00,18.14,-0.01,70,126980,卖盘
988,11:29:59,18.15,-0.04,18,32669,卖盘
989,11:29:50,18.19,--,13,23647,买盘
990,11:29:45,18.19,0.03,6,10914,买盘
991,11:29:40,18.16,0.01,18,32688,中性盘
992,11:29:35,18.15,--,0,0,卖盘
993,11:29:30,18.15,-0.05,11,19965,卖盘
994,11:29:20,18.2,0.05,107,194740,买盘
995,11:29:15,18.15,--,2,3629,卖盘
996,11:29:10,18.15,-0.05,11,19965,卖盘
997,11:29:05,18.2,--,0,0,买盘
998,11:29:00,18.2,0.06,3,5460,买盘
999,11:28:55,18.14,-0.05,9,16326,卖盘
1000,11:28:50,18.19,0.04,3,5457,买盘
1001,11:28:45,18.15,0.01,11,19965,卖盘
1002,11:28:40,18.14,-0.05,71,128794,卖盘
1003,11:28:35,18.19,0.04,2,3638,买盘
1004,11:28:25,18.15,--,0,0,卖盘
1005,11:28:20,18.15,-0.05,16,29039,卖盘
1006,11:28:15,18.2,0.05,1,1820,买盘
1007,11:28:10,18.15,-0.01,17,30854,卖盘
1008,11:28:05,18.16,-0.04,12,21792,卖盘
1009,11:28:00,18.2,--,6,10920,买盘
1010,11:27:55,18.2,0.05,1,1820,买盘
1011,11:27:50,18.15,-0.05,18,32669,卖盘
1012,11:27:45,18.2,0.05,42,76440,买盘
1013,11:27:40,18.15,--,16,29039,卖盘
1014,11:27:35,18.15,-0.04,13,23594,卖盘
1015,11:27:20,18.19,--,18,32742,买盘
1016,11:27:15,18.19,-0.01,1,1819,买盘
1017,11:27:10,18.2,--,17,30940,买盘
1018,11:27:05,18.2,--,73,132860,买盘
1019,11:27:00,18.2,0.05,5,9100,买盘
1020,11:26:55,18.15,--,14,25409,卖盘
1021,11:26:49,18.15,-0.04,20,36300,卖盘
1022,11:26:45,18.19,--,2,3638,买盘
1023,11:26:40,18.19,0.04,11,20009,买盘
1024,11:26:35,18.15,-0.05,12,21780,卖盘
1025,11:26:30,18.2,0.05,2,3640,买盘
1026,11:26:25,18.15,-0.05,13,23594,中性盘
1027,11:26:19,18.2,--,5,9100,买盘
1028,11:26:15,18.2,0.05,14,25480,买盘
1029,11:26:10,18.15,--,6,10890,买盘
1030,11:26:05,18.15,0.02,4,7259,买盘
1031,11:26:00,18.13,--,14,25382,卖盘
1032,11:25:55,18.13,--,52,94276,卖盘
1033,11:25:50,18.13,-0.01,12,21756,卖盘
1034,11:25:45,18.14,--,3,5442,买盘
1035,11:25:40,18.14,-0.03,2,3628,买盘
1036,11:25:35,18.17,--,16,29072,卖盘
1037,11:25:30,18.17,-0.03,30,54510,卖盘
1038,11:25:20,18.2,--,22,40040,买盘
1039,11:25:15,18.2,0.03,42,76440,买盘
1040,11:25:10,18.17,-0.03,13,23621,卖盘
1041,11:25:05,18.2,--,273,496860,买盘
1042,11:25:00,18.2,0.03,34,61880,买盘
1043,11:24:55,18.17,-0.03,2,3634,卖盘
1044,11:24:50,18.2,0.04,262,476840,买盘
1045,11:24:45,18.16,-0.01,13,23608,卖盘
1046,11:24:40,18.17,0.01,69,125373,买盘
1047,11:24:35,18.16,0.03,13,23608,卖盘
1048,11:24:25,18.13,--,13,23569,卖盘
1049,11:24:14,18.13,--,84,152292,卖盘
1050,11:24:10,18.13,--,1,1813,卖盘
1051,11:23:59,18.13,-0.05,22,39886,卖盘
1052,11:23:55,18.18,0.05,62,112716,买盘
1053,11:23:49,18.13,--,76,137788,卖盘
1054,11:23:44,18.13,-0.04,13,23569,卖盘
1055,11:23:39,18.17,0.01,26,47242,买盘
1056,11:23:34,18.16,--,10,18160,卖盘
1057,11:23:29,18.16,0.02,12,21792,卖盘
1058,11:23:24,18.14,0.01,17,30838,买盘
1059,11:23:19,18.13,-0.01,63,114219,卖盘
1060,11:23:09,18.14,0.01,13,23582,买盘
1061,11:23:05,18.13,-0.04,12,21756,卖盘
1062,11:22:58,18.17,--,42,76314,卖盘
1063,11:22:49,18.17,0.04,25,45425,买盘
1064,11:22:44,18.13,-0.04,95,172235,卖盘
1065,11:22:39,18.17,-0.01,8,14536,买盘
1066,11:22:28,18.18,--,0,0,买盘
1067,11:22:13,18.18,0.05,5,9090,买盘
1068,11:22:09,18.13,--,16,29008,卖盘
1069,11:22:04,18.13,--,13,23569,卖盘
1070,11:21:58,18.13,--,3,5439,卖盘
1071,11:21:53,18.13,--,120,217560,卖盘
1072,11:21:49,18.13,-0.05,51,92463,卖盘
1073,11:21:43,18.18,0.05,2,3636,买盘
1074,11:21:38,18.13,-0.05,14,25382,卖盘
1075,11:21:34,18.18,0.05,5,9090,买盘
1076,11:21:28,18.13,--,23,41699,买盘
1077,11:21:24,18.13,0.02,5,9065,买盘
1078,11:21:19,18.11,--,35,63385,买盘
1079,11:21:13,18.11,--,3,5433,买盘
1080,11:21:09,18.11,-0.07,29,52519,卖盘
1081,11:21:04,18.18,--,16,29088,买盘
1082,11:20:58,18.18,0.04,6,10908,中性盘
1083,11:20:54,18.14,-0.05,13,23582,中性盘
1084,11:20:49,18.19,0.07,70,127330,买盘
1085,11:20:43,18.12,-0.07,19,34428,卖盘
1086,11:20:39,18.19,--,0,0,买盘
1087,11:20:34,18.19,--,30,54570,买盘
1088,11:20:28,18.19,--,4,7276,买盘
1089,11:20:24,18.19,0.06,22,40018,买盘
1090,11:20:19,18.13,-0.01,20,36260,卖盘
1091,11:20:13,18.14,0.01,8,14512,买盘
1092,11:20:09,18.13,--,1,1813,卖盘
1093,11:20:04,18.13,0.02,29,52577,卖盘
1094,11:19:58,18.11,--,0,0,卖盘
1095,11:19:53,18.11,--,0,0,卖盘
1096,11:19:49,18.11,0.03,93,168423,买盘
1097,11:19:43,18.08,-0.02,83,150064,卖盘
1098,11:19:34,18.1,-0.09,13,23530,卖盘
1099,11:19:28,18.19,--,0,0,买盘
1100,11:19:23,18.19,0.08,55,100045,买盘
1101,11:19:19,18.11,--,0,0,卖盘
1102,11:19:13,18.11,--,12,21732,卖盘
1103,11:19:08,18.11,--,1,1811,卖盘
1104,11:19:04,18.11,-0.04,12,21732,卖盘
1105,11:18:53,18.15,--,13,23594,买盘
1106,11:18:49,18.15,0.05,2,3629,买盘
1107,11:18:43,18.1,-0.05,13,23530,卖盘
1108,11:18:38,18.15,0.05,20,36300,买盘
1109,11:18:34,18.1,0.02,70,126700,买盘
1110,11:18:28,18.08,--,23,41583,卖盘
1111,11:18:19,18.08,-0.02,68,122943,卖盘
1112,11:18:13,18.1,-0.05,70,126700,卖盘
1113,11:18:08,18.15,-0.01,14,25409,卖盘
1114,11:18:04,18.16,0.05,1,1816,买盘
1115,11:17:58,18.11,--,13,23543,卖盘
1116,11:17:49,18.11,--,26,47086,买盘
1117,11:17:43,18.11,--,10,18110,买盘
1118,11:17:38,18.11,-0.05,21,38031,卖盘
1119,11:17:28,18.16,--,17,30872,买盘
1120,11:17:23,18.16,0.06,16,29056,买盘
1121,11:17:13,18.1,--,0,0,卖盘
1122,11:17:08,18.1,--,1,1810,卖盘
1123,11:17:04,18.1,0.01,12,21720,卖盘
1124,11:16:58,18.09,--,1,1809,买盘
1125,11:16:53,18.09,-0.03,80,144720,卖盘
1126,11:16:49,18.12,0.05,29,52548,买盘
1127,11:16:28,18.07,--,0,0,卖盘
1128,11:16:17,18.07,-0.1,12,21684,卖盘
1129,11:16:13,18.17,--,4,7268,买盘
1130,11:16:08,18.17,0.1,123,223491,买盘
1131,11:16:02,18.07,--,0,0,卖盘
1132,11:15:58,18.07,0.01,13,23491,卖盘
1133,11:15:53,18.06,-0.11,35,63209,卖盘
1134,11:15:47,18.17,0.05,40,72680,买盘
1135,11:15:43,18.12,-0.05,7,12684,买盘
1136,11:15:37,18.17,--,0,0,买盘
1137,11:15:28,18.17,0.04,81,147177,买盘
1138,11:15:22,18.13,-0.05,11,19943,卖盘
1139,11:15:17,18.18,0.05,3,5454,买盘
1140,11:15:13,18.13,-0.04,18,32634,卖盘
1141,11:15:07,18.17,0.04,6,10902,买盘
1142,11:15:02,18.13,-0.05,14,25382,卖盘
1143,11:14:58,18.18,0.05,3,5454,买盘
1144,11:14:52,18.13,0.06,12,21756,卖盘
1145,11:14:47,18.07,-0.11,29,52403,卖盘
1146,11:14:43,18.18,0.1,14,25452,买盘
1147,11:14:37,18.08,0.01,7,12655,中性盘
1148,11:14:28,18.07,--,13,23491,卖盘
1149,11:14:22,18.07,-0.03,22,39754,卖盘
1150,11:14:17,18.1,-0.02,13,23530,卖盘
1151,11:14:07,18.12,-0.03,3,5436,买盘
1152,11:13:58,18.15,--,60,108899,卖盘
1153,11:13:52,18.15,0.05,60,108899,买盘
1154,11:13:47,18.1,0.03,26,47060,买盘
1155,11:13:43,18.07,--,0,0,卖盘
1156,11:13:37,18.07,--,52,93964,卖盘
1157,11:13:32,18.07,--,12,21684,卖盘
1158,11:13:28,18.07,--,29,52403,卖盘
1159,11:13:22,18.07,--,12,21684,卖盘
1160,11:13:13,18.07,--,12,21684,卖盘
1161,11:13:07,18.07,--,1,1807,卖盘
1162,11:13:02,18.07,--,14,25298,卖盘
1163,11:12:47,18.07,--,26,46982,买盘
1164,11:12:28,18.07,-0.03,69,124683,卖盘
1165,11:12:13,18.1,--,13,23530,卖盘
1166,11:12:07,18.1,--,13,23530,卖盘
1167,11:11:52,18.1,--,24,43440,卖盘
1168,11:11:47,18.1,0.03,1,1810,中性盘
1169,11:11:43,18.07,-0.03,15,27105,卖盘
1170,11:11:37,18.1,0.02,2,3620,买盘
1171,11:11:32,18.08,--,12,21695,卖盘
1172,11:11:22,18.08,--,13,23503,卖盘
1173,11:11:07,18.08,--,1,1807,卖盘
1174,11:11:02,18.08,-0.02,71,128367,卖盘
1175,11:10:58,18.1,--,13,23530,卖盘
1176,11:10:52,18.1,--,2,3620,卖盘
1177,11:10:47,18.1,0.04,18,32580,买盘
1178,11:10:43,18.06,--,0,0,卖盘
1179,11:10:37,18.06,-0.04,14,25284,卖盘
1180,11:10:28,18.1,--,10,18100,卖盘
1181,11:10:17,18.1,--,13,23530,卖盘
1182,11:10:12,18.1,--,1,1810,卖盘
1183,11:10:07,18.1,0.04,19,34390,卖盘
1184,11:10:02,18.06,--,0,0,卖盘
1185,11:09:52,18.06,-0.04,14,25284,卖盘
1186,11:09:47,18.1,--,23,41630,买盘
1187,11:09:42,18.1,--,42,76020,买盘
1188,11:09:37,18.1,--,4,7240,买盘
1189,11:09:32,18.1,-0.05,21,38010,卖盘
1190,11:09:27,18.15,--,28,50819,卖盘
1191,11:09:22,18.15,--,26,47189,中性盘
1192,11:09:17,18.15,--,0,0,卖盘
1193,11:09:11,18.15,--,12,21780,卖盘
1194,11:09:07,18.15,--,7,12704,卖盘
1195,11:08:56,18.15,-0.01,11,19965,卖盘
1196,11:08:52,18.16,0.01,3,5448,买盘
1197,11:08:47,18.15,--,15,27224,卖盘
1198,11:08:41,18.15,0.03,13,23594,买盘
1199,11:08:37,18.12,-0.01,12,21744,卖盘
1200,11:08:32,18.13,0.01,4,7252,买盘
1201,11:08:22,18.12,--,51,92412,卖盘
1202,11:08:17,18.12,--,3,5436,卖盘
1203,11:08:11,18.12,--,1,1812,卖盘
1204,11:08:07,18.12,--,69,125028,卖盘
1205,11:08:01,18.12,0.02,11,19932,买盘
1206,11:07:46,18.1,0.04,11,19910,买盘
1207,11:07:41,18.06,--,8,14447,卖盘
1208,11:07:37,18.06,--,1,1805,卖盘
1209,11:07:22,18.06,--,0,0,卖盘
1210,11:07:11,18.06,--,1,1805,卖盘
1211,11:07:07,18.06,--,29,52373,买盘
1212,11:06:52,18.06,-0.07,43,77658,卖盘
1213,11:06:46,18.13,--,3,5439,买盘
1214,11:06:31,18.13,--,8,14504,买盘
1215,11:06:22,18.13,0.05,31,56203,买盘
1216,11:06:16,18.08,--,0,0,卖盘
1217,11:06:11,18.08,--,1,1807,卖盘
1218,11:06:07,18.08,--,3,5423,卖盘
1219,11:05:46,18.08,--,5,9040,买盘
1220,11:05:16,18.08,--,7,12655,买盘
1221,11:05:11,18.08,-0.03,66,119327,卖盘
1222,11:05:07,18.11,--,1,1811,卖盘
1223,11:05:01,18.11,--,3,5433,买盘
1224,11:04:51,18.11,--,55,99605,买盘
1225,11:04:46,18.11,--,22,39842,买盘
1226,11:04:41,18.11,0.01,21,38031,中性盘
1227,11:04:31,18.1,--,3,5430,卖盘
1228,11:04:16,18.1,--,2,3620,卖盘
1229,11:04:07,18.1,-0.03,3,5430,卖盘
1230,11:03:52,18.13,--,79,143227,买盘
1231,11:03:46,18.13,--,22,39886,买盘
1232,11:03:31,18.13,--,24,43512,买盘
1233,11:03:26,18.13,--,0,0,买盘
1234,11:03:21,18.13,--,101,183113,买盘
1235,11:03:16,18.13,0.02,60,108780,买盘
1236,11:03:07,18.11,--,1,1811,卖盘
1237,11:03:01,18.11,--,1,1811,卖盘
1238,11:02:46,18.11,--,2,3622,买盘
1239,11:02:41,18.11,0.01,5,9055,买盘
1240,11:02:31,18.1,-0.01,51,92310,卖盘
1241,11:02:21,18.11,0.01,23,41653,买盘
1242,11:02:16,18.1,-0.03,71,128510,卖盘
1243,11:02:11,18.13,--,0,0,买盘
1244,11:01:56,18.13,0.03,220,398860,买盘
1245,11:01:46,18.1,--,79,142990,买盘
1246,11:01:31,18.1,-0.02,12,21720,买盘
1247,11:01:26,18.12,0.02,12,21744,买盘
1248,11:01:11,18.1,--,1,1810,卖盘
1249,11:01:05,18.1,--,2,3620,卖盘
1250,11:00:46,18.1,--,1,1810,买盘
1251,11:00:41,18.1,--,78,141180,买盘
1252,11:00:31,18.1,--,2,3620,买盘
1253,11:00:26,18.1,--,3,5430,买盘
1254,11:00:20,18.1,--,30,54300,买盘
1255,10:59:55,18.1,--,30,54300,买盘
1256,10:59:46,18.1,--,130,235300,买盘
1257,10:59:31,18.1,--,139,253182,卖盘
1258,10:59:25,18.1,--,1,1810,卖盘
1259,10:59:16,18.1,-0.03,91,164710,卖盘
1260,10:59:05,18.13,-0.02,4,7252,买盘
1261,10:59:01,18.15,--,40,72600,卖盘
1262,10:58:55,18.15,--,4,7259,卖盘
1263,10:58:50,18.15,--,242,439229,买盘
1264,10:58:45,18.15,0.05,43,78045,买盘
1265,10:58:16,18.1,-0.05,7,12670,卖盘
1266,10:57:55,18.15,0.03,105,190574,买盘
1267,10:57:46,18.12,-0.03,17,30804,中性盘
1268,10:57:40,18.15,--,59,107084,卖盘
1269,10:57:35,18.15,--,0,0,卖盘
1270,10:57:31,18.15,-0.02,11,19965,卖盘
1271,10:57:25,18.17,--,13,23621,买盘
1272,10:57:20,18.17,0.02,2,3634,买盘
1273,10:57:10,18.15,--,0,0,卖盘
1274,10:57:01,18.15,--,0,0,卖盘
1275,10:56:50,18.15,--,1,1814,卖盘
1276,10:56:45,18.15,0.05,8,14519,买盘
1277,10:56:40,18.1,-0.02,46,83260,卖盘
1278,10:56:35,18.12,--,3,5436,买盘
1279,10:56:25,18.12,--,2,3624,买盘
1280,10:56:20,18.12,--,0,0,买盘
1281,10:56:15,18.12,-0.03,21,38052,卖盘
1282,10:56:10,18.15,--,2,3629,卖盘
1283,10:56:00,18.15,-0.02,1,1814,卖盘
1284,10:55:55,18.17,--,0,0,买盘
1285,10:55:45,18.17,0.02,76,138092,买盘
1286,10:55:35,18.15,-0.02,2,3629,买盘
1287,10:55:30,18.17,--,0,0,买盘
1288,10:55:25,18.17,--,98,178066,买盘
1289,10:55:15,18.17,0.01,5,9085,买盘
1290,10:55:10,18.16,0.04,9,16344,买盘
1291,10:55:05,18.12,--,2,3624,买盘
1292,10:55:00,18.12,-0.01,10,18120,中性盘
1293,10:54:55,18.13,0.03,14,25382,中性盘
1294,10:54:50,18.1,-0.03,70,126700,卖盘
1295,10:54:45,18.13,0.01,14,25382,买盘
1296,10:54:35,18.12,-0.01,1,1812,卖盘
1297,10:54:25,18.13,--,3,5439,买盘
1298,10:54:20,18.13,--,0,0,买盘
1299,10:54:15,18.13,0.03,2,3626,买盘
1300,10:54:10,18.1,-0.02,100,181000,卖盘
1301,10:53:55,18.12,--,6,10872,卖盘
1302,10:53:50,18.12,--,9,16308,买盘
1303,10:53:45,18.12,--,2,3624,买盘
1304,10:53:40,18.12,--,6,10872,买盘
1305,10:53:29,18.12,0.02,2,3624,买盘
1306,10:53:25,18.1,--,104,188457,卖盘
1307,10:53:20,18.1,-0.02,3,5430,卖盘
1308,10:53:10,18.12,0.08,74,134088,买盘
1309,10:53:05,18.04,--,0,0,卖盘
1310,10:52:59,18.04,--,26,46904,买盘
1311,10:52:55,18.04,--,23,41492,买盘
1312,10:52:49,18.04,0.02,28,50512,买盘
1313,10:52:34,18.02,-0.02,60,108120,卖盘
1314,10:52:25,18.04,0.02,9,16236,买盘
1315,10:52:14,18.02,-0.01,71,127942,卖盘
1316,10:52:10,18.03,0.01,2,4200,买盘
1317,10:51:49,18.02,--,7,12614,买盘
1318,10:51:40,18.02,--,5,9010,买盘
1319,10:51:34,18.02,--,5,9010,买盘
1320,10:51:25,18.02,--,5,9010,买盘
1321,10:51:19,18.02,-0.01,47,84694,卖盘
1322,10:51:14,18.03,--,10,18030,买盘
1323,10:51:04,18.03,--,15,27045,买盘
1324,10:50:59,18.03,--,2,3606,买盘
1325,10:50:55,18.03,-0.07,80,145448,卖盘
1326,10:50:49,18.1,0.06,27,48870,买盘
1327,10:50:34,18.04,-0.01,71,128084,卖盘
1328,10:50:29,18.05,--,0,0,卖盘
1329,10:50:04,18.05,-0.05,58,104690,卖盘
1330,10:49:49,18.1,0.05,133,241327,买盘
1331,10:49:39,18.05,-0.05,6,10830,卖盘
1332,10:49:34,18.1,--,74,134229,卖盘
1333,10:49:29,18.1,--,0,0,卖盘
1334,10:48:59,18.1,0.05,122,222340,买盘
1335,10:48:54,18.05,-0.05,101,182305,卖盘
1336,10:48:49,18.1,--,62,112220,买盘
1337,10:48:39,18.1,0.05,351,635310,买盘
1338,10:48:29,18.05,--,0,0,卖盘
1339,10:48:24,18.05,--,7,12635,卖盘
1340,10:48:19,18.05,-0.05,2,3610,卖盘
1341,10:48:14,18.1,--,158,285980,卖盘
1342,10:48:04,18.1,-0.03,21,38010,卖盘
1343,10:47:49,18.13,0.03,73,132349,买盘
1344,10:47:44,18.1,--,7,12670,卖盘
1345,10:47:14,18.1,--,0,0,卖盘
1346,10:47:09,18.1,--,1,1810,卖盘
1347,10:46:54,18.1,-0.04,25,45250,卖盘
1348,10:46:49,18.14,0.04,16,29024,买盘
1349,10:46:44,18.1,--,0,0,卖盘
1350,10:46:39,18.1,0.06,60,108600,卖盘
1351,10:46:29,18.04,--,0,0,卖盘
1352,10:46:14,18.04,--,0,0,卖盘
1353,10:46:04,18.04,--,0,0,卖盘
1354,10:45:59,18.04,-0.11,72,129888,卖盘
1355,10:45:54,18.15,--,10,18150,买盘
1356,10:45:49,18.15,--,2,3629,买盘
1357,10:45:34,18.15,--,11,19965,买盘
1358,10:45:23,18.15,0.08,36,65339,买盘
1359,10:45:08,18.07,--,67,121069,卖盘
1360,10:44:49,18.07,0.05,80,144560,买盘
1361,10:44:44,18.02,--,0,0,卖盘
1362,10:44:34,18.02,-0.1,69,124338,卖盘
1363,10:44:13,18.12,--,0,0,买盘
1364,10:44:04,18.12,--,0,0,买盘
1365,10:43:58,18.12,--,15,27180,卖盘
1366,10:43:53,18.12,0.09,11,19932,买盘
1367,10:43:48,18.03,-0.09,138,248814,卖盘
1368,10:43:43,18.12,0.03,500,906000,买盘
1369,10:43:23,18.09,0.03,8,14472,买盘
1370,10:43:03,18.06,-0.03,1,1805,卖盘
1371,10:42:48,18.09,--,3,5427,买盘
1372,10:42:28,18.09,0.04,8,14472,买盘
1373,10:42:08,18.05,--,4,7220,卖盘
1374,10:41:48,18.05,0.02,35,64438,买盘
1375,10:41:33,18.03,-0.02,2,3606,卖盘
1376,10:41:28,18.05,--,5,9025,买盘
1377,10:41:18,18.05,--,1,1805,买盘
1378,10:41:13,18.05,0.02,2,3610,买盘
1379,10:41:03,18.03,-0.02,72,129816,卖盘
1380,10:40:58,18.05,-0.05,60,108841,卖盘
1381,10:40:48,18.1,--,20,36200,买盘
1382,10:40:43,18.1,0.05,4,7240,买盘
1383,10:40:18,18.05,-0.05,11,19855,卖盘
1384,10:39:53,18.1,--,0,0,买盘
1385,10:39:48,18.1,0.05,89,161090,买盘
1386,10:39:43,18.05,-0.05,27,48735,卖盘
1387,10:39:33,18.1,--,10,18100,买盘
1388,10:39:28,18.1,--,118,213580,买盘
1389,10:39:23,18.1,--,45,81450,买盘
1390,10:39:13,18.1,0.02,50,90500,买盘
1391,10:39:08,18.08,--,0,0,卖盘
1392,10:39:03,18.08,0.01,8,14463,卖盘
1393,10:38:58,18.07,--,0,0,卖盘
1394,10:38:53,18.07,--,0,0,卖盘
1395,10:38:43,18.07,--,39,70473,卖盘
1396,10:38:38,18.07,0.01,54,97578,买盘
1397,10:38:28,18.06,-0.01,90,162540,卖盘
1398,10:38:18,18.07,--,0,0,卖盘
1399,10:38:03,18.07,-0.01,6,10842,卖盘
1400,10:37:58,18.08,-0.03,2,3615,中性盘
1401,10:37:47,18.11,0.04,3,5433,买盘
1402,10:37:43,18.07,--,50,90350,卖盘
1403,10:37:23,18.07,-0.03,4,7228,卖盘
1404,10:36:52,18.1,--,2,3620,卖盘
1405,10:36:47,18.1,--,18,32580,买盘
1406,10:36:17,18.1,0.03,6,10860,买盘
1407,10:36:12,18.07,-0.03,35,63245,卖盘
1408,10:36:06,18.1,--,4,7240,买盘
1409,10:35:57,18.1,0.02,12,21720,中性盘
1410,10:35:52,18.08,-0.02,13,23503,卖盘
1411,10:35:47,18.1,0.03,2,4506,买盘
1412,10:35:17,18.07,-0.03,18,32526,卖盘
1413,10:35:12,18.1,0.03,13,23530,买盘
1414,10:35:01,18.07,--,2,3614,卖盘
1415,10:34:52,18.07,-0.01,10,18070,卖盘
1416,10:34:47,18.08,--,12,23431,买盘
1417,10:34:32,18.08,--,2,3615,买盘
1418,10:34:27,18.08,--,24,43464,卖盘
1419,10:34:12,18.08,-0.02,5,9275,卖盘
1420,10:34:02,18.1,0.01,10,18100,买盘
1421,10:33:57,18.09,-0.01,2,4540,卖盘
1422,10:33:47,18.1,0.01,5,9050,买盘
1423,10:33:22,18.09,--,6,10854,卖盘
1424,10:33:17,18.09,0.01,6,11740,卖盘
1425,10:33:02,18.08,--,0,0,卖盘
1426,10:32:57,18.08,-0.02,1,1807,卖盘
1427,10:32:52,18.1,--,2,3620,买盘
1428,10:32:46,18.1,0.02,8,14480,买盘
1429,10:32:36,18.08,--,0,0,卖盘
1430,10:32:22,18.08,--,1,1807,卖盘
1431,10:32:12,18.08,-0.03,20,36304,卖盘
1432,10:31:47,18.11,0.03,15,27165,买盘
1433,10:31:21,18.08,--,1,1807,卖盘
1434,10:31:16,18.08,-0.03,8,14536,卖盘
1435,10:31:12,18.11,-0.01,10,18110,卖盘
1436,10:31:06,18.12,0.01,40,72480,买盘
1437,10:30:46,18.11,0.03,5,9055,买盘
1438,10:30:37,18.08,--,19,35635,买盘
1439,10:30:16,18.08,--,15,28367,卖盘
1440,10:30:12,18.08,-0.04,8,14463,卖盘
1441,10:30:01,18.12,--,8,14496,买盘
1442,10:29:46,18.12,--,12,21744,买盘
1443,10:29:40,18.12,--,1,1812,卖盘
1444,10:29:26,18.12,0.04,7,12684,买盘
1445,10:29:16,18.08,-0.03,21,37968,卖盘
1446,10:29:01,18.11,--,2,3622,卖盘
1447,10:28:46,18.11,0.03,7,12677,买盘
1448,10:28:36,18.08,--,6,10847,卖盘
1449,10:28:26,18.08,--,0,0,卖盘
1450,10:28:21,18.08,--,1,1807,卖盘
1451,10:28:16,18.08,-0.04,9,16832,卖盘
1452,10:28:01,18.12,--,8,16163,卖盘
1453,10:27:51,18.12,--,16,28992,卖盘
1454,10:27:46,18.12,0.04,34,61752,买盘
1455,10:27:40,18.08,--,3,5423,卖盘
1456,10:27:36,18.08,-0.04,42,75936,卖盘
1457,10:27:25,18.12,0.04,1,1812,买盘
1458,10:27:21,18.08,--,3,5423,卖盘
1459,10:27:16,18.08,--,20,37534,卖盘
1460,10:27:10,18.08,--,0,0,卖盘
1461,10:27:06,18.08,-0.01,16,28927,卖盘
1462,10:27:01,18.09,-0.03,11,19899,卖盘
1463,10:26:45,18.12,--,19,34428,买盘
1464,10:26:31,18.12,--,9,16308,买盘
1465,10:26:21,18.12,0.03,2,3624,买盘
1466,10:26:16,18.09,-0.03,7,14363,卖盘
1467,10:26:10,18.12,-0.01,22,41531,卖盘
1468,10:25:51,18.13,--,2,3626,买盘
1469,10:25:46,18.13,0.01,8,14504,买盘
1470,10:25:16,18.12,--,6,11143,卖盘
1471,10:25:06,18.12,-0.01,5,9060,卖盘
1472,10:24:51,18.13,--,2,3626,买盘
1473,10:24:46,18.13,--,31,56203,买盘
1474,10:24:36,18.13,0.01,2,3626,买盘
1475,10:24:21,18.12,--,14,27053,买盘
1476,10:24:16,18.12,--,17,31202,买盘
1477,10:23:51,18.12,--,3,5436,买盘
1478,10:23:46,18.12,--,12,21744,买盘
1479,10:23:40,18.12,0.03,3,5436,买盘
1480,10:23:16,18.09,--,12,22142,卖盘
1481,10:23:10,18.09,--,30,54270,卖盘
1482,10:22:55,18.09,--,1,1809,卖盘
1483,10:22:50,18.09,--,2,4974,买盘
1484,10:22:45,18.09,--,12,21708,买盘
1485,10:22:34,18.09,0.01,3,5427,买盘
1486,10:22:30,18.08,-0.01,11,19887,卖盘
1487,10:22:15,18.09,-0.03,35,63315,卖盘
1488,10:22:10,18.12,--,2,3624,卖盘
1489,10:21:55,18.12,--,20,36240,卖盘
1490,10:21:49,18.12,--,5,9060,卖盘
1491,10:21:45,18.12,--,10,18120,买盘
1492,10:21:34,18.12,--,0,0,买盘
1493,10:21:30,18.12,0.04,4,7248,买盘
1494,10:21:25,18.08,--,0,0,卖盘
1495,10:21:15,18.08,--,117,212494,买盘
1496,10:21:10,18.08,0.02,36,65087,买盘
1497,10:21:00,18.06,--,22,39732,卖盘
1498,10:20:49,18.06,-0.02,8,14447,卖盘
1499,10:20:45,18.08,--,78,141024,买盘
1500,10:20:39,18.08,0.02,6,10847,买盘
1501,10:20:34,18.06,0.01,60,108486,买盘
1502,10:20:30,18.05,-0.01,2,3610,卖盘
1503,10:20:25,18.06,--,5,9030,买盘
1504,10:20:19,18.06,-0.02,35,64889,卖盘
1505,10:20:15,18.08,--,73,132851,买盘
1506,10:20:10,18.08,--,4,7231,买盘
1507,10:19:55,18.08,--,6,10847,买盘
1508,10:19:45,18.08,--,73,131984,买盘
1509,10:19:40,18.08,--,34,61471,买盘
1510,10:19:30,18.08,--,33,59663,买盘
1511,10:19:25,18.08,0.01,73,131984,买盘
1512,10:19:15,18.07,--,82,149908,卖盘
1513,10:19:10,18.07,-0.01,4,7228,卖盘
1514,10:19:00,18.08,--,36,65087,买盘
1515,10:18:55,18.08,--,2,3615,买盘
1516,10:18:45,18.08,--,0,0,买盘
1517,10:18:40,18.08,0.02,31,56047,买盘
1518,10:18:34,18.06,--,9,17319,买盘
1519,10:18:30,18.06,--,82,148092,买盘
1520,10:18:25,18.06,--,4,7223,买盘
1521,10:18:15,18.06,-0.02,39,72041,卖盘
1522,10:18:10,18.08,--,20,36160,买盘
1523,10:18:04,18.08,--,8,14463,买盘
1524,10:18:00,18.08,--,100,180799,买盘
1525,10:17:55,18.08,--,28,50623,买盘
1526,10:17:49,18.08,--,47,84975,买盘
1527,10:17:45,18.08,--,218,394143,买盘
1528,10:17:34,18.08,-0.1,60,108479,卖盘
1529,10:17:30,18.18,0.12,501,910818,买盘
1530,10:17:25,18.06,--,15,27288,买盘
1531,10:17:19,18.06,--,15,27089,买盘
1532,10:17:14,18.06,-0.02,110,198660,卖盘
1533,10:17:09,18.08,--,43,77743,买盘
1534,10:16:59,18.08,--,3,5423,买盘
1535,10:16:55,18.08,--,12,21695,买盘
1536,10:16:49,18.08,--,145,262160,买盘
1537,10:16:39,18.08,--,80,145742,卖盘
1538,10:16:29,18.08,--,159,288177,买盘
1539,10:16:24,18.08,--,10,18080,买盘
1540,10:16:19,18.08,--,102,184415,买盘
1541,10:16:09,18.08,-0.09,228,413326,卖盘
1542,10:15:54,18.17,0.03,6,10902,买盘
1543,10:15:49,18.14,--,7,12698,买盘
1544,10:15:24,18.14,0.02,16,29024,买盘
1545,10:15:18,18.12,0.02,4,7248,买盘
1546,10:15:13,18.1,--,53,97088,卖盘
1547,10:15:09,18.1,--,22,41177,买盘
1548,10:15:04,18.1,0.01,75,135750,买盘
1549,10:14:58,18.09,--,2,3618,卖盘
1550,10:14:49,18.09,-0.01,50,90450,买盘
1551,10:14:43,18.1,--,0,0,买盘
1552,10:14:34,18.1,--,60,108600,买盘
1553,10:14:19,18.1,0.03,30,54300,买盘
1554,10:14:13,18.07,-0.03,14,25298,卖盘
1555,10:14:03,18.1,0.02,20,36200,买盘
1556,10:13:58,18.08,-0.02,39,71524,卖盘
1557,10:13:54,18.1,--,28,50680,买盘
1558,10:13:49,18.1,0.02,33,59730,买盘
1559,10:13:39,18.08,--,6,10847,卖盘
1560,10:13:34,18.08,--,17,31531,买盘
1561,10:13:24,18.08,--,54,98644,卖盘
1562,10:13:13,18.08,-0.02,12,22491,卖盘
1563,10:13:09,18.1,--,2,3620,买盘
1564,10:13:04,18.1,--,2,3620,买盘
1565,10:12:48,18.1,0.02,8,14480,买盘
1566,10:12:43,18.08,--,6,10847,买盘
1567,10:12:34,18.08,--,1,3453,卖盘
1568,10:12:19,18.08,--,5,9202,买盘
1569,10:12:13,18.08,--,8,14463,卖盘
1570,10:12:04,18.08,--,0,0,卖盘
1571,10:11:58,18.08,--,0,0,卖盘
1572,10:11:53,18.08,-0.06,4,7231,卖盘
1573,10:11:49,18.14,0.07,17,30838,买盘
1574,10:11:38,18.07,--,1,1807,卖盘
1575,10:11:34,18.07,0.02,15,27105,卖盘
1576,10:11:28,18.05,--,0,0,卖盘
1577,10:11:19,18.05,--,0,0,卖盘
1578,10:11:13,18.05,-0.1,16,30215,卖盘
1579,10:11:08,18.15,--,0,0,买盘
1580,10:11:03,18.15,0.01,16,29039,买盘
1581,10:10:58,18.14,--,5,9070,卖盘
1582,10:10:53,18.14,--,8,14512,卖盘
1583,10:10:48,18.14,0.04,23,41722,买盘
1584,10:10:38,18.1,--,4,7240,卖盘
1585,10:10:28,18.1,-0.05,24,43440,卖盘
1586,10:10:23,18.15,0.03,20,36300,买盘
1587,10:10:18,18.12,-0.03,33,61571,卖盘
1588,10:10:03,18.15,-0.02,15,27224,卖盘
1589,10:09:53,18.17,--,0,0,买盘
1590,10:09:48,18.17,0.01,58,105386,买盘
1591,10:09:38,18.16,-0.01,8,15563,卖盘
1592,10:09:33,18.17,--,1,1817,买盘
1593,10:09:28,18.17,0.01,17,30889,买盘
1594,10:09:23,18.16,--,24,43584,卖盘
1595,10:09:18,18.16,-0.01,60,108960,卖盘
1596,10:09:13,18.17,-0.01,6,11338,卖盘
1597,10:08:48,18.18,--,15,27270,买盘
1598,10:08:43,18.18,--,76,138767,卖盘
1599,10:08:33,18.18,--,0,0,卖盘
1600,10:08:18,18.18,--,3,5454,卖盘
1601,10:08:13,18.18,--,29,53940,卖盘
1602,10:08:07,18.18,-0.02,2,3636,卖盘
1603,10:07:48,18.2,0.02,23,41860,买盘
1604,10:07:43,18.18,-0.02,4,7272,卖盘
1605,10:07:37,18.2,--,5,9100,买盘
1606,10:07:33,18.2,--,36,66448,卖盘
1607,10:07:13,18.2,--,16,29738,卖盘
1608,10:07:07,18.2,-0.01,2,3640,卖盘
1609,10:06:48,18.21,0.01,49,89229,买盘
1610,10:06:33,18.2,--,29,52780,卖盘
1611,10:06:13,18.2,-0.01,58,106997,卖盘
1612,10:05:58,18.21,0.01,2,3642,买盘
1613,10:05:52,18.2,-0.01,30,54600,卖盘
1614,10:05:48,18.21,0.01,69,125649,买盘
1615,10:05:22,18.2,--,10,18200,卖盘
1616,10:05:17,18.2,--,16,29556,卖盘
1617,10:05:13,18.2,--,2,3640,卖盘
1618,10:05:03,18.2,-0.01,4,7280,卖盘
1619,10:04:58,18.21,0.01,160,291360,买盘
1620,10:04:47,18.2,--,42,77095,卖盘
1621,10:04:42,18.2,-0.01,12,21840,卖盘
1622,10:04:27,18.21,0.01,11,20031,买盘
1623,10:04:17,18.2,--,2,3640,卖盘
1624,10:04:12,18.2,-0.01,44,81863,卖盘
1625,10:04:02,18.21,--,10,18210,买盘
1626,10:03:47,18.21,0.01,11,20031,买盘
1627,10:03:42,18.2,-0.01,30,54600,卖盘
1628,10:03:17,18.21,--,23,43194,买盘
1629,10:02:47,18.21,0.01,17,30957,买盘
1630,10:02:42,18.2,--,6,10920,卖盘
1631,10:02:32,18.2,--,1,1820,卖盘
1632,10:02:17,18.2,--,7,12849,卖盘
1633,10:02:12,18.2,--,18,32760,卖盘
1634,10:02:07,18.2,--,25,45500,买盘
1635,10:01:47,18.2,0.01,15,27300,买盘
1636,10:01:12,18.19,-0.01,19,34997,卖盘
1637,10:01:07,18.2,-0.01,20,36400,买盘
1638,10:01:01,18.21,--,0,0,买盘
1639,10:00:52,18.21,--,6,10926,买盘
1640,10:00:46,18.21,0.03,20,36420,买盘
1641,10:00:22,18.18,--,0,0,卖盘
1642,10:00:12,18.18,-0.03,11,21579,卖盘
1643,10:00:01,18.21,0.03,47,85587,买盘
1644,09:59:57,18.18,-0.03,2,3636,卖盘
1645,09:59:52,18.21,0.01,16,29136,买盘
1646,09:59:46,18.2,-0.01,4,7280,中性盘
1647,09:59:22,18.21,0.04,50,91050,买盘
1648,09:59:16,18.17,-0.01,15,28981,卖盘
1649,09:58:46,18.18,--,5,10798,买盘
1650,09:58:37,18.18,--,2,3636,买盘
1651,09:58:26,18.18,--,8,14544,买盘
1652,09:58:16,18.18,-0.03,14,26724,卖盘
1653,09:57:51,18.21,--,0,0,买盘
1654,09:57:46,18.21,--,56,101976,买盘
1655,09:57:41,18.21,0.03,2,3642,买盘
1656,09:57:16,18.18,-0.03,7,13125,卖盘
1657,09:57:06,18.21,0.03,163,296823,买盘
1658,09:56:51,18.18,--,4,7417,买盘
1659,09:56:41,18.18,--,2,3636,买盘
1660,09:56:26,18.18,--,1,3490,卖盘
1661,09:56:16,18.18,-0.03,10,18325,卖盘
1662,09:56:11,18.21,--,0,0,买盘
1663,09:56:06,18.21,--,10,18210,卖盘
1664,09:55:46,18.21,0.05,12,21852,买盘
1665,09:55:16,18.16,-0.06,54,98100,卖盘
1666,09:55:06,18.22,--,0,0,买盘
1667,09:55:01,18.22,--,2,3644,买盘
1668,09:54:51,18.22,--,11,20042,买盘
1669,09:54:46,18.22,--,36,65592,买盘
1670,09:54:41,18.22,--,0,0,买盘
1671,09:54:31,18.22,0.01,52,94744,买盘
1672,09:54:21,18.21,0.01,2,3642,买盘
1673,09:54:16,18.2,-0.01,44,80280,卖盘
1674,09:54:06,18.21,0.01,2,3642,买盘
1675,09:54:01,18.2,--,3,5460,卖盘
1676,09:53:55,18.2,-0.01,59,107380,卖盘
1677,09:53:51,18.21,--,42,76482,买盘
1678,09:53:46,18.21,--,18,32778,买盘
1679,09:53:40,18.21,--,0,0,买盘
1680,09:53:36,18.21,0.05,31,56451,买盘
1681,09:53:25,18.16,--,0,0,卖盘
1682,09:53:16,18.16,-0.04,78,142519,卖盘
1683,09:53:06,18.2,--,0,0,卖盘
1684,09:53:00,18.2,-0.01,74,134680,卖盘
1685,09:52:55,18.21,0.01,37,67377,买盘
1686,09:52:50,18.2,-0.01,60,109200,卖盘
1687,09:52:46,18.21,0.01,79,143859,买盘
1688,09:52:35,18.2,--,37,67995,买盘
1689,09:52:15,18.2,0.01,62,112840,买盘
1690,09:52:10,18.19,-0.01,29,52751,卖盘
1691,09:52:05,18.2,--,11,20020,卖盘
1692,09:52:00,18.2,--,61,111020,买盘
1693,09:51:50,18.2,0.01,46,83720,买盘
1694,09:51:40,18.19,0.03,32,58208,买盘
1695,09:51:35,18.16,--,2,3632,卖盘
1696,09:51:25,18.16,--,1,1816,卖盘
1697,09:51:20,18.16,--,9,16344,卖盘
1698,09:51:15,18.16,--,43,79704,卖盘
1699,09:51:05,18.16,--,34,61744,卖盘
1700,09:51:00,18.16,-0.04,8,14528,卖盘
1701,09:50:50,18.2,0.02,45,81900,买盘
1702,09:50:45,18.18,--,13,23634,买盘
1703,09:50:40,18.18,0.02,10,18180,中性盘
1704,09:50:35,18.16,-0.02,34,61744,卖盘
1705,09:50:30,18.18,--,7,12726,卖盘
1706,09:50:25,18.18,0.02,30,54540,买盘
1707,09:50:15,18.16,--,50,92270,卖盘
1708,09:50:05,18.16,-0.02,28,50848,卖盘
1709,09:49:50,18.18,0.02,33,59994,中性盘
1710,09:49:45,18.16,-0.01,15,27240,卖盘
1711,09:49:40,18.17,--,6,10902,卖盘
1712,09:49:35,18.17,-0.01,17,30889,卖盘
1713,09:49:25,18.18,-0.04,7,12726,卖盘
1714,09:49:20,18.22,0.02,53,96566,买盘
1715,09:49:15,18.2,--,5,9864,卖盘
1716,09:48:50,18.2,-0.01,18,32760,卖盘
1717,09:48:45,18.21,0.01,10,18210,买盘
1718,09:48:35,18.2,--,6,10920,卖盘
1719,09:48:25,18.2,-0.02,10,18382,卖盘
1720,09:48:15,18.22,--,0,0,买盘
1721,09:48:05,18.22,0.02,14,25508,买盘
1722,09:48:00,18.2,-0.02,3,5460,卖盘
1723,09:47:55,18.22,0.02,1,1822,买盘
1724,09:47:50,18.2,-0.02,9,16380,卖盘
1725,09:47:45,18.22,0.02,1,1822,买盘
1726,09:47:30,18.2,-0.01,3,5460,卖盘
1727,09:47:25,18.21,--,0,0,买盘
1728,09:47:15,18.21,0.01,2,3642,卖盘
1729,09:46:55,18.2,-0.01,3,5460,卖盘
1730,09:46:45,18.21,0.01,23,41883,买盘
1731,09:46:34,18.2,--,10,18200,卖盘
1732,09:46:30,18.2,--,31,56420,买盘
1733,09:46:25,18.2,--,17,30940,买盘
1734,09:46:19,18.2,--,12,21840,买盘
1735,09:46:15,18.2,--,2,3640,买盘
1736,09:46:04,18.2,0.01,1,1820,买盘
1737,09:46:00,18.19,-0.01,5,9095,卖盘
1738,09:45:54,18.2,0.01,2,3640,买盘
1739,09:45:49,18.19,--,0,0,中性盘
1740,09:45:44,18.19,0.01,9,16371,买盘
1741,09:45:39,18.18,-0.01,10,18180,中性盘
1742,09:45:34,18.19,0.02,3,5457,买盘
1743,09:45:29,18.17,-0.02,6,10902,卖盘
1744,09:45:19,18.19,0.02,2,3638,买盘
1745,09:45:14,18.17,-0.02,6,10902,卖盘
1746,09:45:09,18.19,-0.01,32,58208,卖盘
1747,09:45:04,18.2,0.01,20,36400,买盘
1748,09:44:49,18.19,--,1,1819,买盘
1749,09:44:44,18.19,--,2,3638,买盘
1750,09:44:14,18.19,--,2,3638,买盘
1751,09:43:59,18.19,--,0,0,买盘
1752,09:43:54,18.19,--,2,3638,买盘
1753,09:43:49,18.19,--,7,12733,买盘
1754,09:43:44,18.19,--,1,1819,买盘
1755,09:43:39,18.19,0.03,2,3638,买盘
1756,09:43:34,18.16,--,1,1816,卖盘
1757,09:43:29,18.16,--,0,0,卖盘
1758,09:43:14,18.16,-0.04,1,1816,卖盘
1759,09:43:09,18.2,--,18,32760,买盘
1760,09:42:49,18.2,--,6,10920,买盘
1761,09:42:44,18.2,-0.01,8,14560,中性盘
1762,09:42:34,18.21,0.06,2,3642,买盘
1763,09:42:29,18.15,--,0,0,卖盘
1764,09:42:24,18.15,--,0,0,卖盘
1765,09:41:59,18.15,-0.02,17,30854,卖盘
1766,09:41:49,18.17,-0.05,8,14536,卖盘
1767,09:41:44,18.22,--,26,47372,买盘
1768,09:41:29,18.22,0.08,2,3644,买盘
1769,09:41:19,18.14,--,0,0,卖盘
1770,09:41:14,18.14,-0.08,0,36,卖盘
1771,09:40:53,18.22,--,6,10932,买盘
1772,09:40:49,18.22,0.04,113,205886,买盘
1773,09:40:34,18.18,-0.04,4,7272,卖盘
1774,09:40:24,18.22,-0.02,6,10932,买盘
1775,09:40:19,18.24,--,0,0,买盘
1776,09:40:08,18.24,--,62,113087,买盘
1777,09:40:04,18.24,--,2,3647,买盘
1778,09:39:49,18.24,--,31,56543,买盘
1779,09:39:38,18.24,--,2,3647,买盘
1780,09:39:34,18.24,0.02,2,3647,买盘
1781,09:39:24,18.22,0.02,2,3644,卖盘
1782,09:39:17,18.2,--,3,5460,买盘
1783,09:39:08,18.2,-0.04,7,12740,卖盘
1784,09:38:58,18.24,--,10,18240,买盘
1785,09:38:53,18.24,-0.01,8,14591,卖盘
1786,09:38:47,18.25,--,77,140525,卖盘
1787,09:38:43,18.25,-0.01,13,23725,卖盘
1788,09:38:38,18.26,0.01,8,14608,买盘
1789,09:38:32,18.25,--,69,125925,卖盘
1790,09:38:23,18.25,--,9,16425,卖盘
1791,09:38:17,18.25,0.01,14,25550,卖盘
1792,09:38:08,18.24,-0.02,4,7295,卖盘
1793,09:38:02,18.26,0.02,48,87648,买盘
1794,09:37:53,18.24,-0.01,2,3647,卖盘
1795,09:37:47,18.25,--,14,25550,买盘
1796,09:37:23,18.25,0.06,51,93075,买盘
1797,09:37:17,18.19,--,0,0,卖盘
1798,09:36:53,18.19,--,1,1819,卖盘
1799,09:36:47,18.19,0.01,14,25466,买盘
1800,09:36:38,18.18,--,0,0,中性盘
1801,09:36:32,18.18,--,3,5454,卖盘
1802,09:36:23,18.18,--,1,1818,买盘
1803,09:36:17,18.18,--,0,0,买盘
1804,09:36:13,18.18,--,10,18180,买盘
1805,09:36:02,18.18,--,63,114534,买盘
1806,09:35:53,18.18,--,3,5454,买盘
1807,09:35:47,18.18,--,27,49086,买盘
1808,09:35:28,18.18,-0.04,37,67266,卖盘
1809,09:35:23,18.22,-0.01,1,1822,中性盘
1810,09:35:17,18.23,--,1,1823,买盘
1811,09:35:13,18.23,0.04,15,27345,买盘
1812,09:35:08,18.19,0.01,19,34561,买盘
1813,09:35:02,18.18,--,8,14544,卖盘
1814,09:34:47,18.18,--,3,5454,卖盘
1815,09:34:43,18.18,--,0,0,中性盘
1816,09:34:38,18.18,0.02,5,9090,买盘
1817,09:34:32,18.16,-0.01,23,41768,卖盘
1818,09:34:23,18.17,-0.01,10,18170,卖盘
1819,09:34:17,18.18,0.01,10,18180,买盘
1820,09:34:13,18.17,-0.01,10,18170,卖盘
1821,09:34:02,18.18,--,3,5454,买盘
1822,09:33:58,18.18,0.01,3,5454,买盘
1823,09:33:53,18.17,-0.01,15,27255,卖盘
1824,09:33:47,18.18,--,0,0,买盘
1825,09:33:38,18.18,0.01,40,72720,买盘
1826,09:33:32,18.17,--,20,36340,买盘
1827,09:33:27,18.17,--,49,89033,买盘
1828,09:33:22,18.17,--,10,18170,买盘
1829,09:33:06,18.17,-0.01,4,7268,买盘
1830,09:33:02,18.18,--,0,0,买盘
1831,09:32:57,18.18,--,1,1818,卖盘
1832,09:32:52,18.18,0.05,24,43632,买盘
1833,09:32:47,18.13,--,7,12691,买盘
1834,09:32:32,18.13,-0.02,72,130536,卖盘
1835,09:32:21,18.15,-0.03,2,3629,卖盘
1836,09:32:17,18.18,0.03,100,181800,买盘
1837,09:32:07,18.15,--,3,5445,卖盘
1838,09:31:47,18.15,0.05,13,23594,买盘
1839,09:31:41,18.1,0.07,8,14480,中性盘
1840,09:31:32,18.03,--,6,10818,卖盘
1841,09:31:26,18.03,--,6,10818,卖盘
1842,09:31:17,18.03,0.01,3,5409,卖盘
1843,09:31:11,18.02,--,14,25228,卖盘
1844,09:31:07,18.02,--,4,7208,卖盘
1845,09:30:56,18.02,-0.01,9,16218,卖盘
1846,09:30:47,18.03,-0.12,14,25242,卖盘
1847,09:30:41,18.15,--,0,0,买盘
1848,09:30:36,18.15,0.13,23,41745,买盘
1849,09:30:26,18.02,--,25,45050,卖盘
1850,09:30:22,18.02,-0.11,10,18020,卖盘
1851,09:30:17,18.13,0.11,14,25382,买盘
1852,09:30:11,18.02,--,40,72080,买盘
1853,09:30:07,18.02,-0.05,124,223448,中性盘
1854,09:30:02,18.07,0.05,8,14456,买盘
1855,09:28:50,18.02,--,0,0,买盘
1856,09:25:05,18.02,18.02,56,100912,买盘
