,time,price,change,volume,amount,type
0,15:00:24,8.55,-0.01,12455,10649025,卖盘
1,14:57:42,8.56,--,0,0,买盘
2,14:57:03,8.56,0.01,9,7704,卖盘
3,14:56:54,8.55,-0.01,50,42750,卖盘
4,14:56:51,8.56,--,170,145520,卖盘
5,14:56:48,8.56,-0.01,44,37664,卖盘
6,14:56:45,8.57,0.01,85,72845,买盘
7,14:56:42,8.56,--,21,17976,卖盘
8,14:56:39,8.56,--,84,71904,卖盘
9,14:56:36,8.56,--,76,65056,卖盘
10,14:56:33,8.56,--,200,171200,卖盘
11,14:56:30,8.56,-0.01,117,100152,卖盘
12,14:56:27,8.57,0.01,117,100269,买盘
13,14:56:24,8.56,--,117,100152,卖盘
14,14:56:18,8.56,--,9,7704,卖盘
15,14:56:12,8.56,--,131,112136,卖盘
16,14:56:09,8.56,--,70,59920,卖盘
17,14:56:06,8.56,-0.01,12,10272,卖盘
18,14:56:03,8.57,--,144,123408,买盘
19,14:56:00,8.57,0.01,48,41136,买盘
20,14:55:57,8.56,--,10,8560,卖盘
21,14:55:54,8.56,--,10,8560,卖盘
22,14:55:48,8.56,--,47,40232,卖盘
23,14:55:45,8.56,--,217,185752,卖盘
24,14:55:42,8.56,--,8,6848,卖盘
25,14:55:39,8.56,--,334,285904,买盘
26,14:55:36,8.56,--,37,31672,买盘
27,14:55:30,8.56,--,10,8560,买盘
28,14:55:27,8.56,--,31,26536,买盘
29,14:55:21,8.56,-0.01,633,541848,卖盘
30,14:55:18,8.57,--,40,34280,买盘
31,14:55:15,8.57,0.01,361,309377,买盘
32,14:55:12,8.56,--,1011,865416,卖盘
33,14:55:06,8.56,-0.01,224,191744,卖盘
34,14:55:03,8.57,0.01,343,293951,买盘
35,14:55:00,8.56,-0.01,228,195168,卖盘
36,14:54:57,8.57,0.01,177,151689,买盘
37,14:54:54,8.56,-0.01,36,30816,卖盘
38,14:54:51,8.57,--,281,240817,买盘
39,14:54:48,8.57,--,111,95127,买盘
40,14:54:45,8.57,--,40,34280,买盘
41,14:54:36,8.57,--,60,51420,买盘
42,14:54:33,8.57,--,53,45421,买盘
43,14:54:30,8.57,0.01,100,85700,买盘
44,14:54:27,8.56,-0.01,231,197736,卖盘
45,14:54:24,8.57,--,13,11141,买盘
46,14:54:21,8.57,0.01,164,140548,买盘
47,14:54:18,8.56,--,114,97584,卖盘
48,14:54:12,8.56,--,29,24824,卖盘
49,14:54:09,8.56,-0.01,6,5136,卖盘
50,14:54:06,8.57,0.01,335,287095,买盘
51,14:54:00,8.56,--,6,5136,卖盘
52,14:53:54,8.56,--,1073,918488,卖盘
53,14:53:51,8.56,-0.01,20,17120,卖盘
54,14:53:48,8.57,--,22,18854,买盘
55,14:53:42,8.57,--,33,28281,买盘
56,14:53:39,8.57,0.01,73,62561,买盘
57,14:53:33,8.56,-0.01,10,8560,卖盘
58,14:53:30,8.57,0.01,282,241674,买盘
59,14:53:24,8.56,-0.01,4,3424,卖盘
60,14:53:21,8.57,--,5,4285,买盘
61,14:53:18,8.57,--,3,2571,买盘
62,14:53:15,8.57,--,80,68560,买盘
63,14:53:03,8.57,--,9,7713,买盘
64,14:53:00,8.57,0.01,20,17140,买盘
65,14:52:57,8.56,--,20,17120,卖盘
66,14:52:54,8.56,-0.01,40,34240,卖盘
67,14:52:48,8.57,--,30,25710,买盘
68,14:52:45,8.57,--,150,128550,买盘
69,14:52:42,8.57,--,5,4285,买盘
70,14:52:39,8.57,--,100,85700,买盘
71,14:52:36,8.57,--,6,5142,买盘
72,14:52:24,8.57,0.01,124,106268,买盘
73,14:52:18,8.56,-0.01,3,2568,卖盘
74,14:52:06,8.57,--,70,59990,买盘
75,14:52:03,8.57,0.01,8,6856,买盘
76,14:52:00,8.56,-0.01,54,46224,卖盘
77,14:51:57,8.57,0.01,400,342800,买盘
78,14:51:54,8.56,--,33,28248,卖盘
79,14:51:48,8.56,--,6,5136,卖盘
80,14:51:45,8.56,--,73,62488,卖盘
81,14:51:42,8.56,--,24,20544,卖盘
82,14:51:39,8.56,-0.01,7,5992,卖盘
83,14:51:30,8.57,0.01,37,31709,买盘
84,14:51:27,8.56,--,329,281624,卖盘
85,14:51:24,8.56,--,109,93304,卖盘
86,14:51:21,8.56,-0.01,30,25680,卖盘
87,14:51:15,8.57,0.01,65,55705,买盘
88,14:51:12,8.56,-0.01,127,108712,卖盘
89,14:51:09,8.57,--,10,8570,买盘
90,14:51:06,8.57,0.01,8,6856,买盘
91,14:51:00,8.56,--,160,136960,卖盘
92,14:50:51,8.56,--,113,96728,卖盘
93,14:50:48,8.56,--,90,77040,买盘
94,14:50:45,8.56,--,159,136104,买盘
95,14:50:39,8.56,--,20,17120,买盘
96,14:50:33,8.56,--,831,711336,买盘
97,14:50:30,8.56,--,23,19688,买盘
98,14:50:27,8.56,--,8,6848,买盘
99,14:50:21,8.56,--,50,42800,买盘
100,14:50:18,8.56,--,2,1712,买盘
101,14:50:15,8.56,--,20,17120,买盘
102,14:50:12,8.56,--,88,75328,买盘
103,14:50:06,8.56,--,90,77040,买盘
104,14:50:03,8.56,--,100,85600,买盘
105,14:49:57,8.56,--,128,109568,买盘
106,14:49:54,8.56,0.01,4,3424,买盘
107,14:49:51,8.55,--,54,46170,卖盘
108,14:49:48,8.55,-0.01,5,4275,卖盘
109,14:49:45,8.56,--,1,856,买盘
110,14:49:42,8.56,--,88,75328,买盘
111,14:49:39,8.56,--,205,175480,买盘
112,14:49:30,8.56,0.01,152,130112,买盘
113,14:49:21,8.55,-0.01,10,8550,卖盘
114,14:49:15,8.56,--,28,23968,买盘
115,14:49:12,8.56,--,18,15408,买盘
116,14:49:09,8.56,--,11,9416,买盘
117,14:49:03,8.56,--,78,66768,买盘
118,14:49:00,8.56,0.01,22,18832,买盘
119,14:48:51,8.55,-0.02,556,475380,卖盘
120,14:48:48,8.57,-0.01,11,9427,中性盘
121,14:48:45,8.58,0.02,2002,1717716,买盘
122,14:48:42,8.56,--,186,159216,卖盘
123,14:48:36,8.56,-0.01,5,4280,卖盘
124,14:48:33,8.57,0.01,40,34280,买盘
125,14:48:30,8.56,--,66,56496,卖盘
126,14:48:21,8.56,--,91,77896,买盘
127,14:48:18,8.56,0.01,314,268784,买盘
128,14:48:09,8.55,-0.01,2,1710,卖盘
129,14:48:03,8.56,--,315,269640,买盘
130,14:48:00,8.56,0.01,40,34240,买盘
131,14:47:54,8.55,--,30,25650,卖盘
132,14:47:48,8.55,--,50,42750,卖盘
133,14:47:45,8.55,--,100,85500,卖盘
134,14:47:42,8.55,--,5,4275,卖盘
135,14:47:33,8.55,-0.01,40,34200,卖盘
136,14:47:30,8.56,--,30,25680,买盘
137,14:47:27,8.56,0.01,50,42800,买盘
138,14:47:21,8.55,--,159,135945,卖盘
139,14:47:12,8.55,-0.01,5,4275,卖盘
140,14:47:06,8.56,0.01,20,17120,买盘
141,14:46:57,8.55,--,3,2565,卖盘
142,14:46:54,8.55,--,121,103455,卖盘
143,14:46:51,8.55,-0.01,125,106875,卖盘
144,14:46:48,8.56,0.01,159,136104,买盘
145,14:46:39,8.55,--,21,17955,卖盘
146,14:46:36,8.55,--,105,89775,卖盘
147,14:46:30,8.55,--,200,171000,卖盘
148,14:46:24,8.55,--,86,73530,卖盘
149,14:46:21,8.55,-0.01,321,274455,卖盘
150,14:45:48,8.56,--,172,147232,卖盘
151,14:45:45,8.56,--,4,3424,卖盘
152,14:45:42,8.56,--,5,4280,卖盘
153,14:45:39,8.56,-0.01,55,47080,卖盘
154,14:45:36,8.57,0.01,100,85700,买盘
155,14:45:27,8.56,--,15,12840,卖盘
156,14:45:24,8.56,--,25,21400,卖盘
157,14:45:21,8.56,-0.01,3,2568,卖盘
158,14:45:18,8.57,--,10,8570,买盘
159,14:45:12,8.57,0.01,436,373652,买盘
160,14:45:06,8.56,--,105,89880,卖盘
161,14:45:03,8.56,--,31,26536,卖盘
162,14:44:57,8.56,--,56,47936,卖盘
163,14:44:54,8.56,--,2,1712,卖盘
164,14:44:51,8.56,--,5,4280,卖盘
165,14:44:45,8.56,--,13,11128,卖盘
166,14:44:39,8.56,0.01,132,112992,买盘
167,14:44:33,8.55,-0.01,185,158175,卖盘
168,14:44:27,8.56,--,36,30816,买盘
169,14:44:18,8.56,--,120,102720,买盘
170,14:44:15,8.56,--,14,11984,买盘
171,14:44:12,8.56,--,21,17976,买盘
172,14:44:03,8.56,0.01,34,29104,买盘
173,14:44:00,8.55,-0.01,256,218880,卖盘
174,14:43:54,8.56,--,1,856,买盘
175,14:43:48,8.56,--,200,171200,买盘
176,14:43:45,8.56,--,5,4280,买盘
177,14:43:42,8.56,0.01,12,10272,买盘
178,14:43:36,8.55,--,10,8550,卖盘
179,14:43:33,8.55,-0.01,50,42750,卖盘
180,14:43:30,8.56,--,61,52216,买盘
181,14:43:27,8.56,0.01,5,4280,买盘
182,14:43:24,8.55,--,15,12825,卖盘
183,14:43:21,8.55,--,10,8550,卖盘
184,14:43:09,8.55,--,16,13680,卖盘
185,14:43:06,8.55,-0.01,7,5985,卖盘
186,14:42:57,8.56,0.01,272,232832,买盘
187,14:42:51,8.55,--,100,85500,买盘
188,14:42:48,8.55,--,139,118845,买盘
189,14:42:45,8.55,0.01,17,14535,买盘
190,14:42:39,8.54,-0.01,15,12809,卖盘
191,14:42:30,8.55,--,50,42750,买盘
192,14:42:27,8.55,0.01,66,56430,买盘
193,14:42:24,8.54,--,52,44407,卖盘
194,14:42:21,8.54,--,1,853,卖盘
195,14:42:12,8.54,--,22,18787,卖盘
196,14:42:03,8.54,--,50,42699,卖盘
197,14:42:00,8.54,-0.01,7,5977,卖盘
198,14:41:57,8.55,0.01,62,53010,买盘
199,14:41:51,8.54,--,150,128099,买盘
200,14:41:48,8.54,--,833,711381,卖盘
201,14:41:45,8.54,--,5,4270,卖盘
202,14:41:39,8.54,--,10,8540,卖盘
203,14:41:36,8.54,--,48,40991,卖盘
204,14:41:27,8.54,-0.01,29,24765,卖盘
205,14:41:21,8.55,--,172,147060,卖盘
206,14:41:12,8.55,--,10,8550,卖盘
207,14:41:09,8.55,--,17,14535,卖盘
208,14:41:06,8.55,--,109,93195,卖盘
209,14:41:00,8.55,--,84,71820,卖盘
210,14:40:51,8.55,-0.01,15,12825,卖盘
211,14:40:48,8.56,0.01,232,198592,买盘
212,14:40:45,8.55,--,70,59850,卖盘
213,14:40:42,8.55,--,6,5130,卖盘
214,14:40:39,8.55,--,84,71820,卖盘
215,14:40:32,8.55,-0.01,140,119700,卖盘
216,14:40:26,8.56,0.01,78,66768,买盘
217,14:40:23,8.55,-0.01,14,11970,卖盘
218,14:40:20,8.56,0.01,16,13696,买盘
219,14:40:17,8.55,--,20,17100,卖盘
220,14:40:14,8.55,-0.01,30,25650,卖盘
221,14:40:11,8.56,0.01,24,20544,买盘
222,14:39:56,8.55,--,21,17955,卖盘
223,14:39:53,8.55,--,10,8550,卖盘
224,14:39:50,8.55,--,20,17100,卖盘
225,14:39:44,8.55,--,72,61560,卖盘
226,14:39:38,8.55,--,33,28215,卖盘
227,14:39:35,8.55,--,58,49590,买盘
228,14:39:32,8.55,--,195,166725,买盘
229,14:39:29,8.55,0.01,500,427500,买盘
230,14:39:26,8.54,-0.01,101,86253,卖盘
231,14:39:20,8.55,--,12,10260,买盘
232,14:39:17,8.55,--,99,84645,买盘
233,14:39:11,8.55,0.01,5,4275,买盘
234,14:39:05,8.54,-0.01,10,8540,卖盘
235,14:39:02,8.55,--,2,1710,买盘
236,14:38:56,8.55,-0.01,11,9405,中性盘
237,14:38:53,8.56,0.01,137,117272,买盘
238,14:38:44,8.55,-0.01,25,21375,卖盘
239,14:38:41,8.56,0.01,25,21400,买盘
240,14:38:38,8.55,--,398,340290,卖盘
241,14:38:26,8.55,--,79,67545,卖盘
242,14:38:23,8.55,-0.01,11,9405,卖盘
243,14:38:20,8.56,0.01,6,5136,买盘
244,14:38:17,8.55,--,6,5130,卖盘
245,14:38:14,8.55,--,5,4275,卖盘
246,14:38:11,8.55,--,580,495900,买盘
247,14:38:08,8.55,--,4,3420,买盘
248,14:38:02,8.55,--,30,25650,买盘
249,14:37:59,8.55,--,180,153900,卖盘
250,14:37:56,8.55,--,19,16245,卖盘
251,14:37:53,8.55,--,12,10260,卖盘
252,14:37:50,8.55,-0.01,374,319770,卖盘
253,14:37:47,8.56,0.01,1,856,买盘
254,14:37:41,8.55,-0.01,6,5130,卖盘
255,14:37:38,8.56,--,102,87312,买盘
256,14:37:17,8.56,0.01,1,856,买盘
257,14:37:14,8.55,--,30,25650,卖盘
258,14:37:11,8.55,--,39,33345,卖盘
259,14:37:08,8.55,--,5,4275,卖盘
260,14:37:02,8.55,--,51,43605,买盘
261,14:36:59,8.55,--,13,11115,买盘
262,14:36:56,8.55,--,49,41895,买盘
263,14:36:50,8.55,--,23,19665,买盘
264,14:36:47,8.55,--,13,11115,买盘
265,14:36:44,8.55,--,25,21375,买盘
266,14:36:35,8.55,--,57,48735,买盘
267,14:36:32,8.55,--,27,23085,买盘
268,14:36:29,8.55,--,6,5130,买盘
269,14:36:26,8.55,--,17,14535,买盘
270,14:36:23,8.55,0.01,34,29070,买盘
271,14:36:20,8.54,-0.01,238,203251,卖盘
272,14:36:14,8.55,--,60,51300,买盘
273,14:36:11,8.55,0.01,108,92340,买盘
274,14:36:08,8.54,-0.01,25,21349,卖盘
275,14:36:05,8.55,--,15,12825,买盘
276,14:36:02,8.55,--,3,2565,买盘
277,14:35:59,8.55,-0.01,20,17100,中性盘
278,14:35:56,8.56,0.01,55,47080,买盘
279,14:35:53,8.55,--,9,7695,卖盘
280,14:35:47,8.55,--,37,31635,卖盘
281,14:35:44,8.55,--,100,85500,卖盘
282,14:35:41,8.55,--,20,17100,卖盘
283,14:35:38,8.55,--,66,56430,卖盘
284,14:35:35,8.55,-0.01,6,5130,卖盘
285,14:35:32,8.56,0.01,52,44512,买盘
286,14:35:29,8.55,--,33,28215,卖盘
287,14:35:20,8.55,--,10,8550,卖盘
288,14:35:14,8.55,--,20,17100,卖盘
289,14:35:02,8.55,0.01,18,15390,买盘
290,14:34:56,8.54,-0.01,30,25619,卖盘
291,14:34:53,8.55,--,133,113715,卖盘
292,14:34:50,8.55,--,60,51300,卖盘
293,14:34:47,8.55,--,76,64980,卖盘
294,14:34:44,8.55,-0.01,20,17100,卖盘
295,14:34:41,8.56,0.01,20,17120,买盘
296,14:34:38,8.55,--,14,11970,卖盘
297,14:34:35,8.55,-0.01,20,17100,卖盘
298,14:34:32,8.56,0.01,35,29960,买盘
299,14:34:26,8.55,-0.01,25,21375,卖盘
300,14:34:20,8.56,0.01,50,42800,买盘
301,14:34:17,8.55,-0.01,10,8550,卖盘
302,14:34:14,8.56,--,10,8560,买盘
303,14:34:08,8.56,-0.01,118,101008,卖盘
304,14:34:05,8.57,0.01,2,1714,买盘
305,14:33:59,8.56,--,40,34240,卖盘
306,14:33:56,8.56,-0.01,406,347536,卖盘
307,14:33:53,8.57,--,5,4285,买盘
308,14:33:47,8.57,--,97,83129,卖盘
309,14:33:44,8.57,--,15,12855,卖盘
310,14:33:41,8.57,--,118,101126,卖盘
311,14:33:38,8.57,--,34,29138,卖盘
312,14:33:35,8.57,-0.01,35,29995,卖盘
313,14:33:32,8.58,0.01,146,125268,买盘
314,14:33:29,8.57,--,90,77130,卖盘
315,14:33:23,8.57,--,45,38565,卖盘
316,14:33:20,8.57,--,531,455067,卖盘
317,14:33:11,8.57,-0.01,248,212536,卖盘
318,14:33:08,8.58,--,6,5148,卖盘
319,14:33:05,8.58,--,55,47190,卖盘
320,14:33:02,8.58,--,150,128700,卖盘
321,14:32:59,8.58,--,51,43758,卖盘
322,14:32:56,8.58,--,20,17160,卖盘
323,14:32:50,8.58,--,47,40326,卖盘
324,14:32:47,8.58,--,3,2574,卖盘
325,14:32:44,8.58,-0.01,1024,878592,卖盘
326,14:32:35,8.59,--,15,12885,买盘
327,14:32:32,8.59,-0.01,369,316971,卖盘
328,14:32:29,8.6,0.01,527,453220,买盘
329,14:32:26,8.59,--,37,31783,卖盘
330,14:32:23,8.59,--,73,62707,卖盘
331,14:32:20,8.59,--,112,96208,卖盘
332,14:32:17,8.59,--,202,173518,卖盘
333,14:32:14,8.59,-0.01,1,859,卖盘
334,14:32:11,8.6,0.01,138,118680,买盘
335,14:32:05,8.59,-0.01,60,51540,卖盘
336,14:32:02,8.6,0.01,226,194360,买盘
337,14:31:59,8.59,--,3,2577,卖盘
338,14:31:56,8.59,--,40,34360,卖盘
339,14:31:53,8.59,--,16,13744,卖盘
340,14:31:50,8.59,--,2,1718,卖盘
341,14:31:47,8.59,--,364,312676,卖盘
342,14:31:38,8.59,-0.01,133,114247,卖盘
343,14:31:32,8.6,0.01,7,6020,买盘
344,14:31:29,8.59,--,10,8590,卖盘
345,14:31:26,8.59,--,1,859,卖盘
346,14:31:17,8.59,--,100,85900,卖盘
347,14:31:14,8.59,--,10,8590,卖盘
348,14:31:05,8.59,--,5,4295,卖盘
349,14:30:59,8.59,--,21,18039,卖盘
350,14:30:53,8.59,--,13,11167,卖盘
351,14:30:50,8.59,-0.01,64,54976,卖盘
352,14:30:44,8.6,0.01,10,8600,买盘
353,14:30:38,8.59,-0.01,11,9449,卖盘
354,14:30:32,8.6,--,50,43000,买盘
355,14:30:29,8.6,0.01,10,8600,买盘
356,14:30:17,8.59,--,87,74733,卖盘
357,14:30:14,8.59,--,6,5154,卖盘
358,14:30:11,8.59,-0.01,9,7731,卖盘
359,14:29:59,8.6,0.01,204,175440,买盘
360,14:29:50,8.59,-0.01,7,6013,卖盘
361,14:29:47,8.6,0.01,697,599420,买盘
362,14:29:41,8.59,-0.01,10,8590,卖盘
363,14:29:38,8.6,--,200,172000,买盘
364,14:29:35,8.6,0.01,13,11180,买盘
365,14:29:32,8.59,-0.01,10,8590,卖盘
366,14:29:29,8.6,0.01,5,4300,买盘
367,14:29:23,8.59,--,3,2577,卖盘
368,14:29:17,8.59,--,215,184685,卖盘
369,14:29:11,8.59,--,2,1718,卖盘
370,14:29:08,8.59,-0.01,10,8590,卖盘
371,14:28:59,8.6,0.01,143,122980,买盘
372,14:28:56,8.59,-0.01,85,73015,卖盘
373,14:28:47,8.6,--,42,36120,买盘
374,14:28:44,8.6,--,3,2580,买盘
375,14:28:32,8.6,0.01,215,184900,买盘
376,14:28:26,8.59,-0.01,3,2577,卖盘
377,14:28:20,8.6,0.01,8,6880,买盘
378,14:27:59,8.59,-0.01,60,51540,卖盘
379,14:27:56,8.6,--,224,192640,买盘
380,14:27:53,8.6,0.01,118,101480,买盘
381,14:27:50,8.59,-0.01,30,25770,卖盘
382,14:27:47,8.6,0.01,28,24080,买盘
383,14:27:44,8.59,-0.01,11,9449,卖盘
384,14:27:41,8.6,0.01,25,21500,买盘
385,14:27:38,8.59,--,10,8590,卖盘
386,14:27:32,8.59,-0.01,10,8590,卖盘
387,14:27:26,8.6,0.01,58,49880,买盘
388,14:27:23,8.59,--,30,25770,卖盘
389,14:27:20,8.59,-0.01,24,20616,卖盘
390,14:27:17,8.6,0.01,15,12900,买盘
391,14:27:14,8.59,--,4,3436,卖盘
392,14:27:11,8.59,--,2,1718,卖盘
393,14:27:05,8.59,--,82,70438,卖盘
394,14:27:02,8.59,0.01,7,6013,中性盘
395,14:26:56,8.58,-0.01,199,170742,卖盘
396,14:26:50,8.59,--,408,350472,买盘
397,14:26:47,8.59,0.01,12,10308,买盘
398,14:26:44,8.58,-0.01,4,3432,卖盘
399,14:26:41,8.59,--,168,144312,买盘
400,14:26:32,8.59,--,426,365934,买盘
401,14:26:29,8.59,--,31,26629,买盘
402,14:26:20,8.59,--,35,30065,买盘
403,14:26:17,8.59,--,5,4295,买盘
404,14:26:14,8.59,--,229,196711,买盘
405,14:26:11,8.59,--,1230,1056570,买盘
406,14:26:08,8.59,--,400,343600,买盘
407,14:25:59,8.59,--,50,42950,买盘
408,14:25:50,8.59,--,20,17180,买盘
409,14:25:41,8.59,--,23,19757,买盘
410,14:25:35,8.59,--,10,8590,买盘
411,14:25:32,8.59,--,231,198841,卖盘
412,14:25:29,8.59,--,50,42950,卖盘
413,14:25:26,8.59,--,505,433795,卖盘
414,14:25:23,8.59,--,1,859,卖盘
415,14:25:17,8.59,--,3,2577,卖盘
416,14:25:14,8.59,--,5,4295,卖盘
417,14:25:11,8.59,--,12,10308,卖盘
418,14:25:08,8.59,-0.01,19,16321,卖盘
419,14:25:02,8.6,0.01,6,5160,买盘
420,14:24:56,8.59,-0.01,47,40373,卖盘
421,14:24:53,8.6,--,11,9460,买盘
422,14:24:44,8.6,--,53,45580,买盘
423,14:24:41,8.6,0.01,116,99760,买盘
424,14:24:38,8.59,--,10,8590,卖盘
425,14:24:35,8.59,-0.01,38,32642,卖盘
426,14:24:32,8.6,0.01,1,860,买盘
427,14:24:29,8.59,0.01,1321,1135185,买盘
428,14:24:26,8.58,--,20,17160,卖盘
429,14:24:20,8.58,--,230,197340,卖盘
430,14:24:14,8.58,0.01,524,449592,买盘
431,14:24:08,8.57,--,40,34280,卖盘
432,14:24:05,8.57,--,60,51420,卖盘
433,14:24:02,8.57,--,20,17140,卖盘
434,14:23:47,8.57,-0.01,2,1714,卖盘
435,14:23:32,8.58,--,162,138996,卖盘
436,14:23:29,8.58,--,5,4290,卖盘
437,14:23:26,8.58,--,549,471042,卖盘
438,14:23:17,8.58,-0.01,316,271128,卖盘
439,14:23:14,8.59,0.01,611,524849,买盘
440,14:23:11,8.58,--,6,5148,卖盘
441,14:23:05,8.58,--,19,16302,卖盘
442,14:23:02,8.58,-0.01,50,42900,卖盘
443,14:22:59,8.59,--,1,859,买盘
444,14:22:53,8.59,--,178,152902,买盘
445,14:22:38,8.59,--,14,12026,买盘
446,14:22:35,8.59,--,387,332433,卖盘
447,14:22:32,8.59,--,80,68720,卖盘
448,14:22:26,8.59,--,141,121119,卖盘
449,14:22:23,8.59,-0.01,2,1718,卖盘
450,14:22:20,8.6,0.01,479,411940,买盘
451,14:22:17,8.59,-0.01,20,17180,卖盘
452,14:22:14,8.6,0.01,84,72240,买盘
453,14:22:08,8.59,-0.01,10,8590,卖盘
454,14:22:05,8.6,--,44,37840,卖盘
455,14:22:02,8.6,--,10,8600,卖盘
456,14:21:56,8.6,--,13,11180,卖盘
457,14:21:53,8.6,--,10,8600,卖盘
458,14:21:50,8.6,--,17,14620,卖盘
459,14:21:47,8.6,--,49,42140,买盘
460,14:21:44,8.6,--,81,69660,买盘
461,14:21:41,8.6,--,116,99760,买盘
462,14:21:38,8.6,--,20,17200,买盘
463,14:21:35,8.6,--,12,10320,卖盘
464,14:21:32,8.6,--,6,5160,卖盘
465,14:21:26,8.6,--,16,13760,卖盘
466,14:21:23,8.6,--,25,21500,卖盘
467,14:21:17,8.6,--,2,1720,买盘
468,14:21:14,8.6,--,372,319920,买盘
469,14:21:11,8.6,--,116,99760,买盘
470,14:21:08,8.6,0.01,100,86000,买盘
471,14:21:04,8.59,-0.01,178,152902,卖盘
472,14:20:58,8.6,0.01,50,43000,买盘
473,14:20:55,8.59,-0.01,305,261995,卖盘
474,14:20:49,8.6,0.01,130,111800,买盘
475,14:20:43,8.59,-0.01,29,24911,卖盘
476,14:20:40,8.6,--,252,216720,买盘
477,14:20:37,8.6,0.01,127,109220,买盘
478,14:20:34,8.59,--,15,12885,卖盘
479,14:20:31,8.59,--,6,5154,卖盘
480,14:20:28,8.59,-0.01,20,17180,卖盘
481,14:20:25,8.6,0.01,250,215000,买盘
482,14:20:19,8.59,-0.01,26,22334,卖盘
483,14:20:16,8.6,0.01,35,30100,买盘
484,14:20:13,8.59,-0.01,7,6013,卖盘
485,14:20:07,8.6,--,276,237360,买盘
486,14:20:01,8.6,0.01,72,61920,买盘
487,14:19:55,8.59,--,61,52399,卖盘
488,14:19:52,8.59,--,40,34360,卖盘
489,14:19:34,8.59,--,74,63566,买盘
490,14:19:31,8.59,--,19,16321,买盘
491,14:19:28,8.59,--,50,42950,买盘
492,14:19:25,8.59,--,3,2577,买盘
493,14:19:22,8.59,--,468,402012,卖盘
494,14:19:19,8.59,--,577,495643,卖盘
495,14:19:16,8.59,--,2,1718,卖盘
496,14:19:13,8.59,-0.01,30,25770,卖盘
497,14:19:10,8.6,0.01,38,32680,买盘
498,14:19:07,8.59,-0.01,1580,1357220,卖盘
499,14:19:04,8.6,--,434,373240,买盘
500,14:18:58,8.6,--,353,303580,买盘
501,14:18:52,8.6,0.01,559,480740,买盘
502,14:18:49,8.59,-0.01,28,24052,卖盘
503,14:18:46,8.6,--,99,85140,买盘
504,14:18:43,8.6,--,518,445480,买盘
505,14:18:40,8.6,0.01,500,430000,买盘
506,14:18:37,8.59,--,140,120260,卖盘
507,14:18:28,8.59,-0.01,26,22334,卖盘
508,14:18:25,8.6,--,38,32680,买盘
509,14:18:22,8.6,--,20,17200,买盘
510,14:18:16,8.6,--,89,76540,买盘
511,14:18:13,8.6,--,9,7740,买盘
512,14:18:10,8.6,--,640,550400,买盘
513,14:18:07,8.6,--,55,47300,买盘
514,14:18:04,8.6,--,3101,2666860,卖盘
515,14:18:01,8.6,--,5,4300,卖盘
516,14:17:58,8.6,--,1296,1114560,买盘
517,14:17:55,8.6,--,71,61060,买盘
518,14:17:49,8.6,--,601,516860,买盘
519,14:17:46,8.6,--,1092,939120,买盘
520,14:17:40,8.6,--,5,4300,买盘
521,14:17:37,8.6,--,205,176300,买盘
522,14:17:34,8.6,--,2962,2547320,买盘
523,14:17:28,8.6,--,63,54180,买盘
524,14:17:25,8.6,--,100,86000,买盘
525,14:17:13,8.6,0.01,134,115240,买盘
526,14:17:04,8.59,--,2,1718,卖盘
527,14:17:01,8.59,--,118,101362,卖盘
528,14:16:58,8.59,--,82,70438,卖盘
529,14:16:55,8.59,--,4,3436,卖盘
530,14:16:52,8.59,--,100,85900,卖盘
531,14:16:49,8.59,-0.01,90,77310,买盘
532,14:16:40,8.6,0.01,26,22360,买盘
533,14:16:37,8.59,--,102,87618,卖盘
534,14:16:34,8.59,--,96,82464,卖盘
535,14:16:31,8.59,--,51,43809,卖盘
536,14:16:28,8.59,--,30,25770,卖盘
537,14:16:25,8.59,--,50,42950,卖盘
538,14:16:22,8.59,--,3,2577,卖盘
539,14:16:19,8.59,--,101,86759,买盘
540,14:16:16,8.59,0.01,180,154620,买盘
541,14:16:13,8.58,-0.01,22,18876,卖盘
542,14:16:07,8.59,0.01,255,219045,买盘
543,14:16:04,8.58,-0.01,10,8580,卖盘
544,14:15:55,8.59,0.01,89,76451,买盘
545,14:15:52,8.58,--,12,10296,卖盘
546,14:15:46,8.58,-0.01,8,6864,卖盘
547,14:15:43,8.59,--,36,30924,买盘
548,14:15:40,8.59,--,61,52399,买盘
549,14:15:37,8.59,0.01,1,859,买盘
550,14:15:31,8.58,-0.01,537,460746,卖盘
551,14:15:28,8.59,-0.01,17,14603,卖盘
552,14:15:25,8.6,0.01,145,124700,买盘
553,14:15:19,8.59,-0.01,52,44668,卖盘
554,14:15:16,8.6,0.01,88,75680,买盘
555,14:15:13,8.59,-0.01,14,12026,卖盘
556,14:15:07,8.6,--,500,430000,买盘
557,14:15:04,8.6,0.01,808,694880,买盘
558,14:15:01,8.59,--,206,176954,卖盘
559,14:14:58,8.59,-0.01,365,313535,卖盘
560,14:14:55,8.6,--,5,4300,买盘
561,14:14:49,8.6,0.01,100,86000,买盘
562,14:14:46,8.59,--,80,68720,卖盘
563,14:14:43,8.59,-0.02,229,196711,卖盘
564,14:14:40,8.61,0.02,1193,1027172,买盘
565,14:14:37,8.59,--,156,134004,买盘
566,14:14:34,8.59,--,29,24911,买盘
567,14:14:31,8.59,-0.01,29,24911,卖盘
568,14:14:28,8.6,0.01,3353,2883580,买盘
569,14:14:22,8.59,-0.01,35,30065,卖盘
570,14:14:19,8.6,--,105,90300,买盘
571,14:14:16,8.6,--,201,172860,买盘
572,14:14:13,8.6,--,500,430000,买盘
573,14:14:10,8.6,--,209,179740,买盘
574,14:14:07,8.6,-0.02,3004,2583440,卖盘
575,14:14:04,8.62,--,28,24135,买盘
576,14:14:01,8.62,0.01,127,109473,买盘
577,14:13:58,8.61,0.01,28,24108,买盘
578,14:13:52,8.6,--,113,97180,卖盘
579,14:13:49,8.6,--,1702,1463720,买盘
580,14:13:46,8.6,--,251,215860,买盘
581,14:13:43,8.6,--,150,129000,买盘
582,14:13:37,8.6,0.01,734,631240,买盘
583,14:13:34,8.59,--,44,37796,买盘
584,14:13:31,8.59,0.01,50,42950,中性盘
585,14:13:28,8.58,--,10,8580,卖盘
586,14:13:25,8.58,-0.02,2,1716,卖盘
587,14:13:22,8.6,0.03,96,82560,买盘
588,14:13:10,8.57,0.01,10,8570,卖盘
589,14:13:07,8.56,-0.01,20,17120,卖盘
590,14:13:04,8.57,--,4130,3539410,买盘
591,14:13:01,8.57,0.01,10,8570,买盘
592,14:12:58,8.56,-0.01,42,35952,卖盘
593,14:12:55,8.57,--,70,59990,买盘
594,14:12:52,8.57,0.01,10,8570,买盘
595,14:12:49,8.56,-0.01,85,72760,卖盘
596,14:12:43,8.57,--,50,42850,买盘
597,14:12:40,8.57,0.01,408,349656,买盘
598,14:12:37,8.56,--,11,9416,买盘
599,14:12:34,8.56,0.01,72,61632,买盘
600,14:12:28,8.55,-0.01,53,45315,卖盘
601,14:12:19,8.56,--,19,16264,买盘
602,14:12:13,8.56,0.01,61,52216,买盘
603,14:12:04,8.55,--,2349,2008395,买盘
604,14:11:55,8.55,--,128,109440,买盘
605,14:11:52,8.55,--,417,356535,买盘
606,14:11:49,8.55,--,205,175275,买盘
607,14:11:46,8.55,--,108,92340,买盘
608,14:11:43,8.55,--,818,699390,买盘
609,14:11:40,8.55,--,313,267615,买盘
610,14:11:37,8.55,0.01,42,35910,买盘
611,14:11:34,8.54,-0.01,20,17080,卖盘
612,14:11:31,8.55,--,257,219735,买盘
613,14:11:28,8.55,--,55,47025,买盘
614,14:11:25,8.55,0.01,667,570285,买盘
615,14:11:22,8.54,-0.01,253,216061,卖盘
616,14:11:19,8.55,--,30,25650,买盘
617,14:11:16,8.55,--,86,73530,买盘
618,14:11:10,8.55,0.01,20,17100,买盘
619,14:11:07,8.54,-0.01,850,725899,卖盘
620,14:11:04,8.55,0.01,86,73530,买盘
621,14:10:55,8.54,--,1,853,卖盘
622,14:10:52,8.54,-0.01,20,17080,卖盘
623,14:10:49,8.55,--,30,25650,买盘
624,14:10:46,8.55,0.01,12,10260,买盘
625,14:10:43,8.54,--,11,9393,卖盘
626,14:10:40,8.54,--,36,30743,卖盘
627,14:10:37,8.54,--,71,60633,卖盘
628,14:10:34,8.54,--,11,9393,卖盘
629,14:10:31,8.54,-0.01,410,350139,卖盘
630,14:10:28,8.55,--,2,1710,买盘
631,14:10:25,8.55,--,1,855,买盘
632,14:10:22,8.55,--,1,855,买盘
633,14:10:19,8.55,0.01,48,41040,买盘
634,14:10:16,8.54,--,39,33306,卖盘
635,14:10:13,8.54,--,10,8540,卖盘
636,14:10:10,8.54,--,10,8540,卖盘
637,14:10:07,8.54,--,1882,1607227,卖盘
638,14:10:01,8.54,--,335,286090,卖盘
639,14:09:58,8.54,--,33,28181,卖盘
640,14:09:55,8.54,--,10,8540,卖盘
641,14:09:52,8.54,--,20,17080,卖盘
642,14:09:46,8.54,--,74,63195,卖盘
643,14:09:43,8.54,--,3,2561,卖盘
644,14:09:40,8.54,-0.01,81,69174,卖盘
645,14:09:37,8.55,0.01,1043,891765,买盘
646,14:09:34,8.54,--,9,7685,卖盘
647,14:09:31,8.54,-0.01,74,63195,卖盘
648,14:09:28,8.55,--,121,103455,买盘
649,14:09:25,8.55,0.01,1,855,买盘
650,14:09:19,8.54,-0.01,50,42699,卖盘
651,14:09:10,8.55,0.01,7,5985,买盘
652,14:09:07,8.54,--,30,25619,卖盘
653,14:08:58,8.54,--,5,4270,卖盘
654,14:08:55,8.54,--,1427,1218657,卖盘
655,14:08:52,8.54,--,75,64049,卖盘
656,14:08:43,8.54,--,23,19641,卖盘
657,14:08:37,8.54,--,39,33306,卖盘
658,14:08:34,8.54,--,10,8540,卖盘
659,14:08:31,8.54,-0.01,25,21349,卖盘
660,14:08:28,8.55,0.01,30,25650,买盘
661,14:08:25,8.54,-0.01,61,52093,卖盘
662,14:08:19,8.55,0.01,93,79515,买盘
663,14:08:16,8.54,-0.01,5,4270,卖盘
664,14:08:10,8.55,0.01,42,35910,买盘
665,14:08:07,8.54,--,257,219477,卖盘
666,14:08:04,8.54,-0.01,50,42699,卖盘
667,14:07:58,8.55,0.01,195,166725,买盘
668,14:07:55,8.54,--,1402,1197307,卖盘
669,14:07:52,8.54,--,30,25619,卖盘
670,14:07:49,8.54,-0.01,2,1707,卖盘
671,14:07:46,8.55,0.01,218,186390,买盘
672,14:07:43,8.54,--,765,653309,买盘
673,14:07:40,8.54,--,66,56363,买盘
674,14:07:37,8.54,--,34,29035,买盘
675,14:07:34,8.54,-0.01,20,17080,中性盘
676,14:07:28,8.55,--,78,66690,买盘
677,14:07:25,8.55,0.01,15,12825,买盘
678,14:07:22,8.54,--,301,257053,卖盘
679,14:07:19,8.54,--,130,111019,卖盘
680,14:07:16,8.54,--,304,259615,买盘
681,14:07:10,8.54,-0.01,47,40137,卖盘
682,14:07:07,8.55,0.01,683,583965,买盘
683,14:07:04,8.54,0.01,5,4270,买盘
684,14:07:01,8.53,-0.02,100,85300,卖盘
685,14:06:58,8.55,--,36,30780,买盘
686,14:06:55,8.55,0.01,636,543780,买盘
687,14:06:46,8.54,--,85,72590,卖盘
688,14:06:37,8.54,--,500,426999,卖盘
689,14:06:34,8.54,--,186,158843,卖盘
690,14:06:31,8.54,--,10,8540,卖盘
691,14:06:28,8.54,-0.01,60,51239,卖盘
692,14:06:19,8.55,0.01,5,4275,买盘
693,14:06:16,8.54,--,436,372343,卖盘
694,14:06:07,8.54,-0.01,50,42699,卖盘
695,14:06:04,8.55,0.01,5,4275,买盘
696,14:06:01,8.54,-0.01,50,42699,卖盘
697,14:05:49,8.55,--,50,42750,买盘
698,14:05:46,8.55,0.01,60,51300,买盘
699,14:05:43,8.54,-0.01,6,5123,卖盘
700,14:05:40,8.55,--,2,1710,买盘
701,14:05:31,8.55,--,18,15390,买盘
702,14:05:28,8.55,--,115,98325,买盘
703,14:05:25,8.55,--,100,85500,买盘
704,14:05:22,8.55,--,10,8550,买盘
705,14:05:10,8.55,--,66,56430,买盘
706,14:05:04,8.55,0.01,12,10260,买盘
707,14:05:01,8.54,--,9,7685,卖盘
708,14:04:49,8.54,--,253,216061,买盘
709,14:04:46,8.54,0.01,50,42699,买盘
710,14:04:40,8.53,-0.01,5,4265,卖盘
711,14:04:34,8.54,--,30,25619,买盘
712,14:04:28,8.54,--,161,137494,买盘
713,14:04:25,8.54,--,4,3415,买盘
714,14:04:13,8.54,--,6,5123,买盘
715,14:04:07,8.54,--,100,85399,买盘
716,14:04:01,8.54,0.01,5,4270,买盘
717,14:03:58,8.53,-0.01,383,326699,卖盘
718,14:03:52,8.54,--,100,85399,买盘
719,14:03:49,8.54,0.01,102,87107,买盘
720,14:03:37,8.53,-0.01,9,7676,卖盘
721,14:03:31,8.54,0.01,11,9393,买盘
722,14:03:19,8.53,--,511,435882,卖盘
723,14:03:16,8.53,-0.01,437,372761,卖盘
724,14:03:13,8.54,--,5,4270,买盘
725,14:03:07,8.54,0.01,96,81983,买盘
726,14:03:01,8.53,-0.01,128,109183,卖盘
727,14:02:52,8.54,0.01,11,9393,买盘
728,14:02:49,8.53,-0.01,4,3411,卖盘
729,14:02:46,8.54,0.01,59,50385,买盘
730,14:02:43,8.53,--,45,38385,卖盘
731,14:02:37,8.53,-0.01,18,15353,卖盘
732,14:02:34,8.54,--,8,6831,买盘
733,14:02:25,8.54,--,2,1707,买盘
734,14:02:19,8.54,--,59,50385,卖盘
735,14:02:16,8.54,-0.01,1839,1570505,卖盘
736,14:02:13,8.55,0.01,88,75240,买盘
737,14:02:07,8.54,-0.01,190,162259,卖盘
738,14:02:04,8.55,--,10,8550,买盘
739,14:01:58,8.55,--,8,6840,买盘
740,14:01:52,8.55,0.01,5,4275,买盘
741,14:01:49,8.54,--,50,42699,卖盘
742,14:01:40,8.54,--,91,77713,卖盘
743,14:01:21,8.54,-0.01,90,76859,卖盘
744,14:01:12,8.55,--,1,855,买盘
745,14:01:09,8.55,--,27,23085,买盘
746,14:01:00,8.55,0.01,3,2565,买盘
747,14:00:57,8.54,--,5,4270,卖盘
748,14:00:48,8.54,--,50,42699,卖盘
749,14:00:39,8.54,--,12,10247,卖盘
750,14:00:36,8.54,--,21,17934,卖盘
751,14:00:33,8.54,--,25,21349,卖盘
752,14:00:27,8.54,--,15,12809,卖盘
753,14:00:24,8.54,--,1,853,卖盘
754,14:00:21,8.54,--,5,4270,卖盘
755,14:00:15,8.54,-0.01,50,42699,卖盘
756,14:00:12,8.55,0.01,10,8550,买盘
757,14:00:09,8.54,-0.01,5,4270,卖盘
758,14:00:06,8.55,--,1,855,买盘
759,14:00:00,8.55,--,52,44460,买盘
760,13:59:57,8.55,0.01,40,34200,买盘
761,13:59:48,8.54,-0.01,40,34160,卖盘
762,13:59:45,8.55,0.01,25,21375,买盘
763,13:59:36,8.54,--,20,17080,卖盘
764,13:59:18,8.54,--,3,2561,卖盘
765,13:59:12,8.54,0.01,407,347577,买盘
766,13:59:09,8.53,--,4,3411,卖盘
767,13:59:03,8.53,-0.01,32,27295,卖盘
768,13:59:00,8.54,0.01,555,473969,买盘
769,13:58:57,8.53,--,260,221779,卖盘
770,13:58:51,8.53,--,11,9383,卖盘
771,13:58:45,8.53,-0.01,127,108330,卖盘
772,13:58:42,8.54,0.01,25,21349,买盘
773,13:58:39,8.53,-0.01,20,17060,卖盘
774,13:58:33,8.54,0.01,30,25619,买盘
775,13:58:30,8.53,-0.01,12,10236,卖盘
776,13:58:21,8.54,--,25,21349,买盘
777,13:58:18,8.54,--,23,19641,买盘
778,13:58:06,8.54,--,749,639645,卖盘
779,13:58:03,8.54,-0.01,32,27327,卖盘
780,13:58:00,8.55,--,36,30780,买盘
781,13:57:54,8.55,--,180,153900,买盘
782,13:57:48,8.55,--,80,68400,买盘
783,13:57:45,8.55,--,70,59850,卖盘
784,13:57:42,8.55,-0.01,47,40185,卖盘
785,13:57:36,8.56,-0.01,24,20544,买盘
786,13:57:33,8.57,0.01,31,26567,买盘
787,13:57:27,8.56,0.01,103,88168,买盘
788,13:57:24,8.55,-0.01,3,2565,卖盘
789,13:57:18,8.56,--,94,80464,买盘
790,13:57:15,8.56,0.01,15,12840,买盘
791,13:57:12,8.55,-0.01,54,46170,卖盘
792,13:57:09,8.56,--,32,27392,买盘
793,13:57:06,8.56,--,71,60776,买盘
794,13:57:00,8.56,--,337,288472,买盘
795,13:56:51,8.56,--,47,40232,买盘
796,13:56:45,8.56,--,85,72760,买盘
797,13:56:42,8.56,--,694,594064,买盘
798,13:56:36,8.56,--,1073,918488,买盘
799,13:56:33,8.56,--,840,719040,买盘
800,13:56:30,8.56,0.02,1890,1617840,买盘
801,13:56:27,8.54,-0.01,1794,1532075,中性盘
802,13:56:21,8.55,0.01,813,695115,买盘
803,13:56:18,8.54,-0.01,28,23911,卖盘
804,13:56:15,8.55,--,26,22230,买盘
805,13:56:09,8.55,0.01,30,25650,买盘
806,13:56:03,8.54,--,57,48677,卖盘
807,13:55:57,8.54,--,196,167383,买盘
808,13:55:51,8.54,--,2,1707,买盘
809,13:55:48,8.54,--,25,21349,买盘
810,13:55:42,8.54,--,25,21349,买盘
811,13:55:36,8.54,--,42,35868,买盘
812,13:55:30,8.54,--,21,17934,买盘
813,13:55:27,8.54,0.01,81,69174,买盘
814,13:55:24,8.53,-0.01,5,4265,卖盘
815,13:55:21,8.54,0.01,22,18787,买盘
816,13:55:15,8.53,-0.01,334,284902,卖盘
817,13:55:12,8.54,--,27,23057,卖盘
818,13:55:06,8.54,--,92,78567,买盘
819,13:55:03,8.54,-0.01,38,32451,卖盘
820,13:55:00,8.55,--,26,22230,买盘
821,13:54:57,8.55,--,70,59850,买盘
822,13:54:54,8.55,0.01,1,855,买盘
823,13:54:51,8.54,-0.01,2,1707,卖盘
824,13:54:45,8.55,--,22,18810,买盘
825,13:54:39,8.55,0.01,279,238545,买盘
826,13:54:36,8.54,-0.01,10,8540,卖盘
827,13:54:33,8.55,0.01,24,20520,买盘
828,13:54:30,8.54,-0.01,22,18787,卖盘
829,13:54:27,8.55,0.01,11,9405,买盘
830,13:54:24,8.54,-0.01,10,8540,卖盘
831,13:54:21,8.55,--,22,18810,买盘
832,13:54:15,8.55,0.01,264,225720,买盘
833,13:54:09,8.54,--,23,19641,卖盘
834,13:54:03,8.54,0.01,28,23911,中性盘
835,13:53:57,8.53,-0.01,626,533978,卖盘
836,13:53:51,8.54,-0.01,36,30743,卖盘
837,13:53:45,8.55,0.01,26,22230,买盘
838,13:53:39,8.54,--,501,427853,卖盘
839,13:53:30,8.54,-0.01,360,307439,卖盘
840,13:53:27,8.55,--,15,12825,买盘
841,13:53:18,8.55,0.01,403,344565,买盘
842,13:53:15,8.54,--,2,1707,卖盘
843,13:53:12,8.54,--,22,18787,卖盘
844,13:53:06,8.54,--,291,248513,卖盘
845,13:53:00,8.54,--,8,6831,卖盘
846,13:52:51,8.54,-0.01,44,37575,卖盘
847,13:52:42,8.55,--,30,25650,买盘
848,13:52:39,8.55,--,23,19665,买盘
849,13:52:36,8.55,--,33,28215,买盘
850,13:52:27,8.55,--,2,1710,买盘
851,13:52:24,8.55,--,190,162450,卖盘
852,13:52:21,8.55,--,5,4275,卖盘
853,13:52:18,8.55,--,40,34200,卖盘
854,13:52:15,8.55,-0.01,49,41895,卖盘
855,13:52:12,8.56,0.01,136,116416,买盘
856,13:52:09,8.55,--,154,131670,卖盘
857,13:52:06,8.55,-0.01,5,4275,卖盘
858,13:52:03,8.56,0.01,23,19688,买盘
859,13:51:57,8.55,--,43,36765,卖盘
860,13:51:51,8.55,--,25,21375,买盘
861,13:51:45,8.55,--,47,40185,买盘
862,13:51:36,8.55,--,30,25650,买盘
863,13:51:30,8.55,--,71,60705,买盘
864,13:51:27,8.55,-0.01,147,125685,卖盘
865,13:51:21,8.56,--,59,50504,买盘
866,13:51:18,8.56,0.01,11,9416,买盘
867,13:51:12,8.55,--,12,10260,卖盘
868,13:51:09,8.55,--,95,81225,卖盘
869,13:51:06,8.55,--,79,67545,卖盘
870,13:51:03,8.55,--,11,9405,卖盘
871,13:51:00,8.55,-0.01,8,6840,卖盘
872,13:50:57,8.56,--,23,19688,买盘
873,13:50:51,8.56,--,89,76184,买盘
874,13:50:48,8.56,0.01,24,20544,买盘
875,13:50:45,8.55,-0.01,41,35055,中性盘
876,13:50:42,8.56,0.01,10,8560,买盘
877,13:50:36,8.55,-0.01,42,35910,中性盘
878,13:50:30,8.56,--,17,14552,买盘
879,13:50:27,8.56,--,264,225984,买盘
880,13:50:12,8.56,0.01,32,27392,买盘
881,13:50:06,8.55,-0.01,34,29070,卖盘
882,13:50:03,8.56,--,74,63344,买盘
883,13:50:00,8.56,--,37,31672,买盘
884,13:49:57,8.56,--,40,34240,买盘
885,13:49:54,8.56,-0.01,1153,986968,卖盘
886,13:49:51,8.57,--,60,51420,买盘
887,13:49:48,8.57,--,24,20568,买盘
888,13:49:45,8.57,0.01,6,5142,买盘
889,13:49:42,8.56,-0.01,38,32528,卖盘
890,13:49:39,8.57,--,61,52277,买盘
891,13:49:36,8.57,--,11,9427,买盘
892,13:49:33,8.57,0.01,1,857,买盘
893,13:49:27,8.56,--,1075,920302,买盘
894,13:49:24,8.56,--,906,775536,买盘
895,13:49:21,8.56,--,1752,1499712,买盘
896,13:49:18,8.56,--,340,291040,买盘
897,13:49:15,8.56,--,1295,1108520,买盘
898,13:49:12,8.56,--,458,392048,买盘
899,13:49:09,8.56,0.01,1146,980976,买盘
900,13:49:03,8.55,-0.01,46,39330,卖盘
901,13:48:57,8.56,0.01,15,12840,买盘
902,13:48:54,8.55,-0.01,210,179550,卖盘
903,13:48:51,8.56,--,33,28248,买盘
904,13:48:39,8.56,-0.02,1353,1158921,卖盘
905,13:48:36,8.58,0.01,42,36036,买盘
906,13:48:33,8.57,-0.02,39,33423,卖盘
907,13:48:30,8.59,0.01,16,13744,买盘
908,13:48:27,8.58,-0.01,13,11154,卖盘
909,13:48:24,8.59,0.01,53,45527,买盘
910,13:48:18,8.58,--,103,88374,卖盘
911,13:48:12,8.58,--,4,3432,卖盘
912,13:48:09,8.58,--,200,171600,卖盘
913,13:48:06,8.58,0.02,2113,1813056,买盘
914,13:47:54,8.56,--,267,228552,卖盘
915,13:47:51,8.56,--,18,15408,卖盘
916,13:47:45,8.56,-0.01,2,1712,卖盘
917,13:47:42,8.57,--,27,23139,买盘
918,13:47:39,8.57,0.01,90,77130,买盘
919,13:47:36,8.56,-0.01,23,19688,卖盘
920,13:47:30,8.57,--,20,17140,买盘
921,13:47:27,8.57,--,4,3428,买盘
922,13:47:24,8.57,-0.01,375,321375,卖盘
923,13:47:15,8.58,--,5,4290,买盘
924,13:47:12,8.58,--,80,68640,买盘
925,13:47:09,8.58,0.01,70,60060,买盘
926,13:47:06,8.57,-0.01,12,10284,卖盘
927,13:47:03,8.58,--,35,30030,买盘
928,13:47:00,8.58,--,26,22308,买盘
929,13:46:57,8.58,0.02,149,127842,买盘
930,13:46:54,8.56,-0.02,40,34240,卖盘
931,13:46:51,8.58,0.02,1054,904332,买盘
932,13:46:42,8.56,-0.01,36,30816,卖盘
933,13:46:36,8.57,0.01,23,19711,买盘
934,13:46:33,8.56,-0.01,26,22256,卖盘
935,13:46:30,8.57,0.01,2,1714,买盘
936,13:46:27,8.56,--,53,45368,卖盘
937,13:46:24,8.56,--,5,4280,卖盘
938,13:46:21,8.56,--,76,65056,买盘
939,13:46:18,8.56,--,48,41088,买盘
940,13:46:15,8.56,--,27,23112,买盘
941,13:46:12,8.56,0.01,97,83032,买盘
942,13:46:06,8.55,--,23,19665,卖盘
943,13:46:03,8.55,-0.01,71,60705,卖盘
944,13:46:00,8.56,--,3,2568,买盘
945,13:45:54,8.56,0.01,24,20544,买盘
946,13:45:45,8.55,--,25,21375,卖盘
947,13:45:42,8.55,--,63,53865,买盘
948,13:45:36,8.55,--,120,102600,买盘
949,13:45:30,8.55,--,245,209475,买盘
950,13:45:27,8.55,--,27,23085,买盘
951,13:45:24,8.55,--,16,13680,买盘
952,13:45:21,8.55,--,538,459990,买盘
953,13:45:15,8.55,--,100,85500,买盘
954,13:45:12,8.55,--,22,18810,买盘
955,13:45:09,8.55,--,25,21375,买盘
956,13:45:06,8.55,--,6,5130,买盘
957,13:45:03,8.55,--,3,2565,买盘
958,13:45:00,8.55,0.01,42,35910,买盘
959,13:44:57,8.54,--,5,4270,卖盘
960,13:44:54,8.54,-0.01,145,123829,卖盘
961,13:44:48,8.55,0.01,22,18810,买盘
962,13:44:42,8.54,-0.01,23,19641,中性盘
963,13:44:39,8.55,0.02,24,20520,买盘
964,13:44:36,8.53,-0.02,74,63121,卖盘
965,13:44:33,8.55,--,4,3420,买盘
966,13:44:27,8.55,0.01,37,31635,买盘
967,13:44:21,8.54,-0.01,212,181047,卖盘
968,13:44:18,8.55,0.01,15,12825,买盘
969,13:44:15,8.54,-0.01,39,33306,卖盘
970,13:44:12,8.55,0.01,52,44460,买盘
971,13:44:06,8.54,-0.01,77,65758,卖盘
972,13:43:54,8.55,0.01,59,50445,买盘
973,13:43:51,8.54,-0.01,36,30743,卖盘
974,13:43:42,8.55,0.01,45,38475,买盘
975,13:43:39,8.54,--,40,34160,卖盘
976,13:43:36,8.54,-0.01,472,403087,卖盘
977,13:43:33,8.55,0.01,29,24795,买盘
978,13:43:30,8.54,--,2,1707,卖盘
979,13:43:24,8.54,-0.01,20,17080,卖盘
980,13:43:18,8.55,--,26,22230,买盘
981,13:43:12,8.55,0.01,10,8550,买盘
982,13:43:09,8.54,-0.01,56,47823,卖盘
983,13:42:57,8.55,0.01,34,29070,买盘
984,13:42:54,8.54,-0.01,132,112727,卖盘
985,13:42:48,8.55,0.01,36,30780,买盘
986,13:42:45,8.54,--,38,32451,卖盘
987,13:42:42,8.54,-0.01,19,16225,卖盘
988,13:42:35,8.55,--,25,21375,买盘
989,13:42:32,8.55,-0.01,2,1710,买盘
990,13:42:29,8.56,0.01,20,17120,买盘
991,13:42:26,8.55,-0.01,166,141930,卖盘
992,13:42:20,8.56,0.01,53,45368,买盘
993,13:42:14,8.55,-0.01,25,21375,卖盘
994,13:42:08,8.56,0.01,28,23968,买盘
995,13:42:05,8.55,-0.01,16,13680,卖盘
996,13:42:02,8.56,0.01,26,22256,买盘
997,13:41:53,8.55,-0.02,35,29925,卖盘
998,13:41:50,8.57,0.01,77,65989,买盘
999,13:41:47,8.56,--,9,7704,卖盘
1000,13:41:44,8.56,--,40,34240,卖盘
1001,13:41:41,8.56,--,201,172056,买盘
1002,13:41:38,8.56,0.01,200,171200,买盘
1003,13:41:32,8.55,-0.01,39,33345,卖盘
1004,13:41:29,8.56,0.01,28,23968,买盘
1005,13:41:26,8.55,-0.01,21,17955,卖盘
1006,13:41:23,8.56,--,82,70192,买盘
1007,13:41:17,8.56,--,17,14552,卖盘
1008,13:41:14,8.56,--,47,40232,卖盘
1009,13:41:11,8.56,--,72,61632,卖盘
1010,13:41:08,8.56,--,27,23112,卖盘
1011,13:40:59,8.56,-0.01,10,8560,卖盘
1012,13:40:56,8.57,0.01,205,175685,买盘
1013,13:40:53,8.56,0.01,319,273064,买盘
1014,13:40:50,8.55,--,10,8550,卖盘
1015,13:40:47,8.55,--,270,230850,买盘
1016,13:40:41,8.55,0.02,20,17100,买盘
1017,13:40:35,8.53,-0.03,4,3411,卖盘
1018,13:40:32,8.56,0.03,23,19688,买盘
1019,13:40:29,8.53,-0.03,13,11089,买盘
1020,13:40:26,8.56,0.01,200,171200,买盘
1021,13:40:23,8.55,--,27,23085,买盘
1022,13:40:20,8.55,0.02,830,709650,买盘
1023,13:40:17,8.53,-0.02,9,7676,卖盘
1024,13:40:11,8.55,0.02,26,22230,买盘
1025,13:40:08,8.53,-0.02,1,852,中性盘
1026,13:40:02,8.55,0.02,2093,1789515,买盘
1027,13:39:50,8.53,--,25,21325,买盘
1028,13:39:38,8.53,0.01,42,35826,买盘
1029,13:39:29,8.52,-0.01,41,34932,卖盘
1030,13:39:23,8.53,0.01,6,5118,买盘
1031,13:39:20,8.52,-0.01,3,2556,卖盘
1032,13:39:17,8.53,0.01,22,18766,买盘
1033,13:39:14,8.52,-0.01,30,25560,卖盘
1034,13:39:11,8.53,--,56,47768,买盘
1035,13:39:08,8.53,0.01,25,21325,买盘
1036,13:39:05,8.52,-0.01,61,51972,卖盘
1037,13:39:02,8.53,0.01,5,4265,买盘
1038,13:38:59,8.52,-0.01,89,75828,卖盘
1039,13:38:56,8.53,0.01,32,27295,买盘
1040,13:38:50,8.52,--,74,63048,买盘
1041,13:38:47,8.52,--,85,72420,买盘
1042,13:38:41,8.52,--,25,21300,买盘
1043,13:38:38,8.52,--,192,163584,买盘
1044,13:38:29,8.52,--,43,36636,买盘
1045,13:38:20,8.52,--,22,18744,买盘
1046,13:38:17,8.52,0.01,100,85200,买盘
1047,13:38:14,8.51,-0.01,5,4255,卖盘
1048,13:38:11,8.52,--,1,852,买盘
1049,13:38:08,8.52,0.01,5,4260,买盘
1050,13:38:02,8.51,--,1,851,卖盘
1051,13:37:59,8.51,--,350,297850,卖盘
1052,13:37:56,8.51,-0.01,18,15318,卖盘
1053,13:37:53,8.52,--,4,3408,买盘
1054,13:37:38,8.52,0.01,5,4260,买盘
1055,13:37:32,8.51,-0.01,3,2553,卖盘
1056,13:37:29,8.52,--,50,42600,买盘
1057,13:37:26,8.52,0.01,7,5964,买盘
1058,13:37:20,8.51,--,10,8510,卖盘
1059,13:37:17,8.51,-0.01,7,5957,卖盘
1060,13:37:08,8.52,0.01,22,18744,买盘
1061,13:36:56,8.51,--,4,3404,卖盘
1062,13:36:50,8.51,--,20,17020,卖盘
1063,13:36:44,8.51,--,2,1702,卖盘
1064,13:36:38,8.51,--,10,8510,卖盘
1065,13:36:35,8.51,--,8,6808,卖盘
1066,13:36:29,8.51,--,28,23828,买盘
1067,13:36:23,8.51,0.01,129,109779,买盘
1068,13:36:17,8.5,-0.01,5,4250,卖盘
1069,13:36:14,8.51,--,1,851,买盘
1070,13:36:05,8.51,--,10,8510,买盘
1071,13:36:02,8.51,--,65,55315,卖盘
1072,13:35:59,8.51,--,140,119140,卖盘
1073,13:35:38,8.51,--,13,11063,卖盘
1074,13:35:35,8.51,--,57,48507,买盘
1075,13:35:20,8.51,--,4,3404,买盘
1076,13:35:14,8.51,--,58,49358,卖盘
1077,13:35:08,8.51,-0.01,10,8510,卖盘
1078,13:34:59,8.52,0.01,100,85200,买盘
1079,13:34:56,8.51,-0.02,15,12765,中性盘
1080,13:34:47,8.53,--,1,852,买盘
1081,13:34:38,8.53,--,10,8530,买盘
1082,13:34:35,8.53,0.03,10,8530,买盘
1083,13:34:29,8.5,--,3,2550,卖盘
1084,13:34:23,8.5,-0.03,500,425000,卖盘
1085,13:34:20,8.53,-0.01,273,232868,卖盘
1086,13:34:14,8.54,0.01,13,11101,买盘
1087,13:34:05,8.53,--,20,17060,卖盘
1088,13:34:02,8.53,--,1,852,卖盘
1089,13:33:59,8.53,0.02,707,603071,买盘
1090,13:33:56,8.51,--,10,8510,卖盘
1091,13:33:53,8.51,--,9,7659,卖盘
1092,13:33:50,8.51,-0.01,10,8510,卖盘
1093,13:33:47,8.52,0.01,1,852,买盘
1094,13:33:38,8.51,--,28,23828,买盘
1095,13:33:32,8.51,--,80,68080,卖盘
1096,13:33:29,8.51,--,1,851,卖盘
1097,13:33:23,8.51,--,3,2553,买盘
1098,13:33:11,8.51,--,1,851,买盘
1099,13:33:05,8.51,--,60,51060,买盘
1100,13:32:59,8.51,--,2,1702,买盘
1101,13:32:50,8.51,0.01,17,14467,买盘
1102,13:32:47,8.5,-0.01,1,850,卖盘
1103,13:32:41,8.51,--,29,24679,买盘
1104,13:32:32,8.51,--,97,82547,买盘
1105,13:32:29,8.51,--,16,13616,买盘
1106,13:32:14,8.51,--,21,17871,买盘
1107,13:32:11,8.51,--,4,3404,买盘
1108,13:32:05,8.51,--,43,36593,买盘
1109,13:32:02,8.51,--,30,25530,买盘
1110,13:31:59,8.51,-0.01,96,81696,卖盘
1111,13:31:56,8.52,--,53,45156,卖盘
1112,13:31:53,8.52,--,4,3408,卖盘
1113,13:31:47,8.52,--,25,21300,卖盘
1114,13:31:29,8.52,-0.01,10,8520,买盘
1115,13:31:20,8.53,--,8,6823,买盘
1116,13:31:17,8.53,0.03,22,18766,买盘
1117,13:31:14,8.5,-0.03,900,765000,卖盘
1118,13:31:11,8.53,--,30,25589,买盘
1119,13:31:05,8.53,0.01,12,10236,买盘
1120,13:31:02,8.52,-0.01,38,32376,卖盘
1121,13:30:59,8.53,--,5,4265,买盘
1122,13:30:53,8.53,--,610,520329,买盘
1123,13:30:50,8.53,0.01,2,1705,买盘
1124,13:30:47,8.52,--,11,9372,卖盘
1125,13:30:44,8.52,--,1,852,卖盘
1126,13:30:38,8.52,--,146,124392,卖盘
1127,13:30:29,8.52,--,9,7668,卖盘
1128,13:30:26,8.52,--,2,1704,卖盘
1129,13:30:23,8.52,--,13,11076,卖盘
1130,13:30:17,8.52,--,97,82644,买盘
1131,13:30:14,8.52,--,10,8520,买盘
1132,13:30:11,8.52,--,119,101388,买盘
1133,13:29:53,8.52,--,79,67308,买盘
1134,13:29:50,8.52,-0.01,133,113316,卖盘
1135,13:29:35,8.53,--,50,42650,卖盘
1136,13:29:26,8.53,--,99,85291,卖盘
1137,13:29:23,8.53,--,25,21325,卖盘
1138,13:29:20,8.53,--,105,89565,卖盘
1139,13:29:14,8.53,--,3,2559,卖盘
1140,13:29:11,8.53,-0.01,35,29854,卖盘
1141,13:29:05,8.54,--,192,163967,买盘
1142,13:29:02,8.54,--,132,112727,买盘
1143,13:28:59,8.54,0.01,29,24765,买盘
1144,13:28:56,8.53,-0.01,91,77623,卖盘
1145,13:28:50,8.54,-0.01,1,853,中性盘
1146,13:28:47,8.55,0.01,707,604485,买盘
1147,13:28:41,8.54,--,81,69174,卖盘
1148,13:28:32,8.54,--,73,62341,卖盘
1149,13:28:29,8.54,-0.01,42,35868,卖盘
1150,13:28:26,8.55,0.01,19,16245,买盘
1151,13:28:20,8.54,--,16,13663,卖盘
1152,13:28:17,8.54,--,18,15371,卖盘
1153,13:28:14,8.54,--,556,474823,买盘
1154,13:28:11,8.54,--,251,214353,买盘
1155,13:27:56,8.54,--,59,50385,买盘
1156,13:27:53,8.54,0.01,54,46115,买盘
1157,13:27:44,8.53,--,27,23031,买盘
1158,13:27:41,8.53,-0.01,2208,1883423,卖盘
1159,13:27:35,8.54,--,25,21349,卖盘
1160,13:27:32,8.54,--,36,30743,卖盘
1161,13:27:29,8.54,-0.01,56,47823,卖盘
1162,13:27:23,8.55,--,12,10260,买盘
1163,13:27:20,8.55,0.01,126,107730,买盘
1164,13:27:17,8.54,--,120,102479,买盘
1165,13:27:11,8.54,-0.01,145,123829,卖盘
1166,13:27:08,8.55,0.01,25,21375,买盘
1167,13:27:05,8.54,--,199,169945,卖盘
1168,13:27:02,8.54,-0.01,12,10247,卖盘
1169,13:26:59,8.55,0.01,38,32490,买盘
1170,13:26:56,8.54,-0.01,149,127245,卖盘
1171,13:26:53,8.55,0.01,100,85500,买盘
1172,13:26:50,8.54,--,50,42699,卖盘
1173,13:26:44,8.54,--,22,18787,卖盘
1174,13:26:41,8.54,--,15,12809,卖盘
1175,13:26:38,8.54,0.02,1886,1610643,买盘
1176,13:26:26,8.52,--,2,1704,买盘
1177,13:26:23,8.52,--,6,5112,买盘
1178,13:26:17,8.52,--,3,2556,买盘
1179,13:26:14,8.52,0.01,42,35784,买盘
1180,13:26:08,8.51,--,14,11914,买盘
1181,13:26:02,8.51,-0.01,118,100418,卖盘
1182,13:25:59,8.52,0.01,17,14484,买盘
1183,13:25:56,8.51,-0.01,72,61272,卖盘
1184,13:25:53,8.52,0.01,20,17040,买盘
1185,13:25:50,8.51,-0.01,60,51060,卖盘
1186,13:25:47,8.52,--,44,37488,买盘
1187,13:25:32,8.52,--,60,51120,买盘
1188,13:25:29,8.52,0.01,354,301608,买盘
1189,13:25:26,8.51,--,30,25530,卖盘
1190,13:25:23,8.51,--,2,1702,卖盘
1191,13:25:20,8.51,--,1,851,卖盘
1192,13:25:14,8.51,-0.01,34,28934,卖盘
1193,13:25:11,8.52,--,21,17892,买盘
1194,13:25:08,8.52,0.01,87,74124,买盘
1195,13:25:05,8.51,--,701,596551,买盘
1196,13:24:59,8.51,--,43,36593,买盘
1197,13:24:53,8.51,--,2,1702,买盘
1198,13:24:41,8.51,--,3,2553,买盘
1199,13:24:32,8.51,0.01,200,170200,买盘
1200,13:24:29,8.5,-0.01,30,25500,卖盘
1201,13:24:26,8.51,--,5,4255,买盘
1202,13:24:20,8.51,--,120,102120,卖盘
1203,13:24:08,8.51,--,42,35742,卖盘
1204,13:23:59,8.51,--,91,77441,卖盘
1205,13:23:56,8.51,--,121,102971,卖盘
1206,13:23:53,8.51,0.01,781,664631,买盘
1207,13:23:50,8.5,0.01,78,66300,买盘
1208,13:23:32,8.49,-0.01,10,8490,卖盘
1209,13:23:26,8.5,--,66,56100,买盘
1210,13:23:20,8.5,--,67,56950,买盘
1211,13:23:17,8.5,--,75,63750,买盘
1212,13:23:14,8.5,0.01,36,30600,买盘
1213,13:23:02,8.49,--,18,15282,买盘
1214,13:22:56,8.49,--,65,55185,卖盘
1215,13:22:53,8.49,--,23,19527,卖盘
1216,13:22:50,8.49,--,27,22923,卖盘
1217,13:22:47,8.49,-0.01,3,2547,卖盘
1218,13:22:44,8.5,0.01,50,42500,买盘
1219,13:22:32,8.49,-0.01,20,16980,卖盘
1220,13:22:26,8.5,0.01,10,8500,买盘
1221,13:22:17,8.49,-0.01,60,50940,卖盘
1222,13:22:11,8.5,--,23,19550,买盘
1223,13:22:05,8.5,0.01,33,28050,买盘
1224,13:22:02,8.49,--,50,42450,卖盘
1225,13:21:56,8.49,--,112,95088,卖盘
1226,13:21:53,8.49,--,73,61977,卖盘
1227,13:21:46,8.49,-0.01,25,21225,卖盘
1228,13:21:40,8.5,0.01,84,71400,买盘
1229,13:21:25,8.49,-0.01,50,42450,卖盘
1230,13:21:19,8.5,--,11,9350,买盘
1231,13:21:07,8.5,--,20,17000,买盘
1232,13:20:46,8.5,0.01,257,218450,买盘
1233,13:20:37,8.49,--,55,46695,卖盘
1234,13:20:28,8.49,--,40,33960,卖盘
1235,13:20:13,8.49,--,279,236871,买盘
1236,13:20:04,8.49,--,20,16980,买盘
1237,13:20:01,8.49,-0.01,208,176592,卖盘
1238,13:19:52,8.5,--,1,850,买盘
1239,13:19:46,8.5,0.01,50,42500,买盘
1240,13:19:40,8.49,-0.01,61,51789,中性盘
1241,13:19:28,8.5,--,80,68000,买盘
1242,13:19:19,8.5,--,11,9350,买盘
1243,13:19:04,8.5,0.02,15,12750,买盘
1244,13:19:01,8.48,-0.01,74,62752,卖盘
1245,13:18:55,8.49,--,44,37356,卖盘
1246,13:18:52,8.49,-0.01,106,89994,中性盘
1247,13:18:46,8.5,0.02,527,447950,买盘
1248,13:18:43,8.48,-0.01,4,3392,卖盘
1249,13:18:34,8.49,--,10,8490,买盘
1250,13:18:31,8.49,--,50,42450,买盘
1251,13:18:28,8.49,0.01,108,91692,买盘
1252,13:18:13,8.48,--,20,16960,卖盘
1253,13:18:10,8.48,--,44,37312,卖盘
1254,13:18:07,8.48,-0.01,33,27984,卖盘
1255,13:18:04,8.49,--,15,12735,买盘
1256,13:17:52,8.49,--,54,45846,买盘
1257,13:17:49,8.49,--,15,12735,买盘
1258,13:17:46,8.49,--,10,8490,买盘
1259,13:17:43,8.49,--,35,29715,买盘
1260,13:17:37,8.49,--,8,6792,买盘
1261,13:17:31,8.49,--,47,39903,卖盘
1262,13:17:28,8.49,--,20,16980,卖盘
1263,13:17:22,8.49,--,5,4245,卖盘
1264,13:17:13,8.49,--,30,25470,卖盘
1265,13:17:07,8.49,--,1,849,卖盘
1266,13:17:01,8.49,--,20,16980,卖盘
1267,13:16:58,8.49,--,62,52638,买盘
1268,13:16:55,8.49,--,2,1698,买盘
1269,13:16:49,8.49,0.01,81,68769,买盘
1270,13:16:43,8.48,-0.01,3,2544,卖盘
1271,13:16:37,8.49,--,26,22074,卖盘
1272,13:16:34,8.49,--,40,33960,买盘
1273,13:16:31,8.49,-0.01,17,14433,卖盘
1274,13:16:28,8.5,0.02,10,8500,买盘
1275,13:16:22,8.48,-0.02,50,42400,卖盘
1276,13:16:19,8.5,0.01,212,180200,买盘
1277,13:16:16,8.49,0.01,5,4245,买盘
1278,13:16:13,8.48,-0.01,6,5088,卖盘
1279,13:16:07,8.49,--,9,7641,买盘
1280,13:16:01,8.49,--,231,196119,卖盘
1281,13:15:58,8.49,--,136,115464,卖盘
1282,13:15:52,8.49,-0.01,160,135840,卖盘
1283,13:15:49,8.5,--,5,4250,买盘
1284,13:15:40,8.5,--,10,8500,买盘
1285,13:15:37,8.5,--,153,130050,买盘
1286,13:15:34,8.5,--,105,89250,买盘
1287,13:15:31,8.5,--,218,185300,买盘
1288,13:15:25,8.5,--,1,850,买盘
1289,13:15:19,8.5,0.01,6,5100,买盘
1290,13:15:13,8.49,-0.01,95,80655,卖盘
1291,13:15:10,8.5,--,83,70550,卖盘
1292,13:15:04,8.5,--,5,4250,卖盘
1293,13:14:58,8.5,--,1,850,卖盘
1294,13:14:52,8.5,--,213,181050,买盘
1295,13:14:49,8.5,--,142,120700,买盘
1296,13:14:46,8.5,--,3,2550,买盘
1297,13:14:40,8.5,--,1,850,买盘
1298,13:14:34,8.5,--,41,34850,卖盘
1299,13:14:31,8.5,--,102,86700,卖盘
1300,13:14:28,8.5,--,100,85000,卖盘
1301,13:14:25,8.5,-0.01,5,4250,卖盘
1302,13:14:22,8.51,--,7,5957,买盘
1303,13:14:19,8.51,--,20,17020,买盘
1304,13:14:16,8.51,--,30,25530,买盘
1305,13:14:13,8.51,--,2,1702,买盘
1306,13:14:10,8.51,--,24,20424,买盘
1307,13:14:07,8.51,0.01,10,8510,买盘
1308,13:14:01,8.5,--,10,8500,卖盘
1309,13:13:58,8.5,--,4,3400,卖盘
1310,13:13:52,8.5,--,22,18700,卖盘
1311,13:13:49,8.5,--,3,2550,卖盘
1312,13:13:46,8.5,-0.01,7,5950,卖盘
1313,13:13:40,8.51,--,2,1702,买盘
1314,13:13:37,8.51,0.01,19,16169,买盘
1315,13:13:25,8.5,-0.01,96,81600,卖盘
1316,13:13:22,8.51,0.01,694,590594,买盘
1317,13:13:13,8.5,0.01,50,42500,买盘
1318,13:13:10,8.49,--,10,8490,卖盘
1319,13:13:01,8.49,--,31,26319,卖盘
1320,13:12:55,8.49,--,421,357429,买盘
1321,13:12:46,8.49,0.04,120,101880,买盘
1322,13:12:34,8.45,-0.01,1609,1360137,卖盘
1323,13:12:31,8.46,-0.01,6,5076,卖盘
1324,13:12:28,8.47,--,20,16940,买盘
1325,13:12:25,8.47,--,97,82159,买盘
1326,13:12:22,8.47,-0.01,35,29645,中性盘
1327,13:12:16,8.48,--,131,111088,买盘
1328,13:12:13,8.48,0.03,11,9328,买盘
1329,13:11:49,8.45,-0.03,786,664170,卖盘
1330,13:11:46,8.48,--,150,127200,买盘
1331,13:11:43,8.48,--,708,600384,买盘
1332,13:11:40,8.48,--,928,786944,买盘
1333,13:11:28,8.48,-0.01,172,145856,卖盘
1334,13:11:22,8.49,--,1,849,买盘
1335,13:11:19,8.49,--,48,40752,买盘
1336,13:11:13,8.49,0.01,5,4245,买盘
1337,13:10:58,8.48,-0.01,8,6784,卖盘
1338,13:10:52,8.49,0.01,60,50940,买盘
1339,13:10:49,8.48,--,4,3392,卖盘
1340,13:10:34,8.48,--,17,14416,买盘
1341,13:10:31,8.48,0.01,5,4240,买盘
1342,13:10:28,8.47,-0.01,1,847,卖盘
1343,13:10:19,8.48,0.01,55,46640,中性盘
1344,13:10:07,8.47,--,100,84700,卖盘
1345,13:09:52,8.47,0.01,99,84615,买盘
1346,13:09:49,8.46,-0.01,1600,1353600,卖盘
1347,13:09:46,8.47,--,1,847,买盘
1348,13:09:40,8.47,--,302,255878,卖盘
1349,13:09:34,8.47,-0.02,605,512435,卖盘
1350,13:09:28,8.49,--,2,1698,卖盘
1351,13:09:22,8.49,--,25,21225,卖盘
1352,13:09:19,8.49,-0.01,14,11886,卖盘
1353,13:09:16,8.5,0.01,189,160650,买盘
1354,13:09:13,8.49,-0.01,32,27168,卖盘
1355,13:09:10,8.5,0.01,101,85850,买盘
1356,13:09:07,8.49,--,11,9339,卖盘
1357,13:09:04,8.49,--,20,16980,卖盘
1358,13:09:01,8.49,--,3,2547,卖盘
1359,13:08:58,8.49,-0.01,40,33960,卖盘
1360,13:08:49,8.5,0.01,5,4250,买盘
1361,13:08:46,8.49,--,31,27083,买盘
1362,13:08:43,8.49,--,15,12735,买盘
1363,13:08:40,8.49,--,83,70467,买盘
1364,13:08:37,8.49,--,44,37356,买盘
1365,13:08:25,8.49,-0.01,4,3396,中性盘
1366,13:08:13,8.5,0.04,23,19550,买盘
1367,13:08:10,8.46,-0.03,1017,860382,卖盘
1368,13:08:04,8.49,-0.01,50,42450,中性盘
1369,13:07:58,8.5,0.03,352,299200,买盘
1370,13:07:55,8.47,-0.03,1749,1481403,卖盘
1371,13:07:52,8.5,0.01,50,42500,买盘
1372,13:07:49,8.49,-0.01,311,264039,卖盘
1373,13:07:40,8.5,--,116,98600,买盘
1374,13:07:37,8.5,--,80,68000,买盘
1375,13:07:34,8.5,--,37,31450,买盘
1376,13:07:31,8.5,--,2,1700,买盘
1377,13:07:25,8.5,--,10,8500,买盘
1378,13:07:10,8.5,-0.01,130,110500,卖盘
1379,13:07:07,8.51,0.01,43,36593,买盘
1380,13:07:01,8.5,--,6665,5665250,买盘
1381,13:06:49,8.5,--,21,17850,买盘
1382,13:06:46,8.5,--,152,129200,卖盘
1383,13:06:37,8.5,--,884,751400,买盘
1384,13:06:31,8.5,0.01,35,29750,买盘
1385,13:06:28,8.49,--,800,679200,卖盘
1386,13:06:25,8.49,-0.01,100,84900,卖盘
1387,13:06:22,8.5,--,64,54400,卖盘
1388,13:06:19,8.5,-0.01,6,5100,卖盘
1389,13:06:16,8.51,--,15,12765,买盘
1390,13:06:13,8.51,--,530,451030,买盘
1391,13:06:10,8.51,0.01,50,42550,买盘
1392,13:05:55,8.5,-0.01,131,111350,卖盘
1393,13:05:43,8.51,0.01,24,20424,买盘
1394,13:05:37,8.5,-0.01,25,21250,卖盘
1395,13:05:34,8.51,--,21,17871,买盘
1396,13:05:22,8.51,0.01,20,17020,买盘
1397,13:05:19,8.5,-0.01,46,39100,卖盘
1398,13:05:10,8.51,0.01,170,144670,买盘
1399,13:05:04,8.5,--,25,21250,卖盘
1400,13:05:01,8.5,--,60,51000,买盘
1401,13:04:58,8.5,-0.01,55,46750,卖盘
1402,13:04:55,8.51,--,6,5106,买盘
1403,13:04:52,8.51,0.01,150,127650,买盘
1404,13:04:46,8.5,--,209,177650,卖盘
1405,13:04:37,8.5,--,6,5100,卖盘
1406,13:04:31,8.5,--,1,850,卖盘
1407,13:04:25,8.5,--,8,6800,买盘
1408,13:04:22,8.5,--,1,850,卖盘
1409,13:04:19,8.5,--,52,44200,买盘
1410,13:04:07,8.5,--,28,23800,买盘
1411,13:04:04,8.5,--,162,137700,卖盘
1412,13:04:01,8.5,--,63,53550,卖盘
1413,13:03:58,8.5,--,85,72250,卖盘
1414,13:03:55,8.5,--,100,85000,卖盘
1415,13:03:52,8.5,-0.01,5,4250,卖盘
1416,13:03:49,8.51,--,17,14467,买盘
1417,13:03:43,8.51,--,1,851,买盘
1418,13:03:40,8.51,0.01,5,4255,买盘
1419,13:03:37,8.5,-0.01,26,22100,卖盘
1420,13:03:34,8.51,--,1,851,买盘
1421,13:03:31,8.51,--,1,851,买盘
1422,13:03:25,8.51,0.01,56,47656,买盘
1423,13:03:13,8.5,-0.01,167,141950,卖盘
1424,13:03:10,8.51,--,10,8510,买盘
1425,13:03:01,8.51,--,1,851,买盘
1426,13:02:55,8.51,--,394,335294,卖盘
1427,13:02:49,8.51,-0.02,239,203389,卖盘
1428,13:02:43,8.53,0.01,23,19619,买盘
1429,13:02:40,8.52,--,6,5112,买盘
1430,13:02:37,8.52,--,102,86904,买盘
1431,13:02:28,8.52,--,56,47712,买盘
1432,13:02:25,8.52,0.01,148,126096,买盘
1433,13:02:19,8.51,--,34,28934,卖盘
1434,13:02:13,8.51,-0.01,74,62974,卖盘
1435,13:02:10,8.52,0.01,82,69864,买盘
1436,13:02:07,8.51,--,2,1702,卖盘
1437,13:02:01,8.51,-0.01,30,25530,卖盘
1438,13:01:55,8.52,0.01,139,118428,买盘
1439,13:01:52,8.51,--,173,147223,买盘
1440,13:01:49,8.51,--,94,79994,买盘
1441,13:01:43,8.51,--,4,3404,买盘
1442,13:01:40,8.51,--,100,85100,买盘
1443,13:01:36,8.51,--,234,199134,买盘
1444,13:01:33,8.51,--,112,95312,买盘
1445,13:01:30,8.51,--,10,8510,买盘
1446,13:01:27,8.51,--,3,2553,买盘
1447,13:01:24,8.51,-0.01,39,33189,卖盘
1448,13:01:21,8.52,--,111,94572,买盘
1449,13:01:18,8.52,0.01,31,26412,买盘
1450,13:01:15,8.51,--,90,76590,卖盘
1451,13:01:12,8.51,-0.01,130,110630,中性盘
1452,13:01:09,8.52,0.01,101,86052,买盘
1453,13:01:06,8.51,--,79,67229,买盘
1454,13:01:03,8.51,0.01,112,95312,买盘
1455,13:00:57,8.5,-0.01,135,114750,卖盘
1456,13:00:54,8.51,--,173,147223,买盘
1457,13:00:51,8.51,--,124,105524,买盘
1458,13:00:45,8.51,--,20,17020,买盘
1459,13:00:42,8.51,--,2,1702,买盘
1460,13:00:39,8.51,--,299,254449,买盘
1461,13:00:30,8.51,--,51,43401,买盘
1462,13:00:27,8.51,--,10,8510,买盘
1463,13:00:24,8.51,--,220,187220,买盘
1464,13:00:18,8.51,--,12,10212,买盘
1465,13:00:15,8.51,--,194,165094,买盘
1466,13:00:12,8.51,0.01,25,21275,买盘
1467,13:00:09,8.5,--,254,215900,卖盘
1468,13:00:06,8.5,0.02,1209,1027650,买盘
1469,13:00:03,8.48,--,1173,995238,买盘
1470,11:30:02,8.48,--,320,271360,买盘
1471,11:29:59,8.48,--,42,35616,买盘
1472,11:29:56,8.48,--,10,8480,买盘
1473,11:29:53,8.48,--,143,121264,买盘
1474,11:29:47,8.48,--,237,200976,买盘
1475,11:29:44,8.48,--,40,33920,买盘
1476,11:29:41,8.48,--,14,11872,买盘
1477,11:29:38,8.48,--,72,61056,买盘
1478,11:29:32,8.48,0.01,7,5936,买盘
1479,11:29:29,8.47,--,5,4235,卖盘
1480,11:29:23,8.47,--,63,53361,卖盘
1481,11:29:14,8.47,--,147,124509,买盘
1482,11:29:11,8.47,--,222,188034,买盘
1483,11:29:05,8.47,0.01,10,8470,买盘
1484,11:29:02,8.46,-0.01,58,49068,卖盘
1485,11:28:59,8.47,0.01,93,78771,买盘
1486,11:28:56,8.46,--,160,135360,卖盘
1487,11:28:47,8.46,-0.01,30,25380,卖盘
1488,11:28:44,8.47,0.01,542,459074,买盘
1489,11:28:41,8.46,--,68,57528,买盘
1490,11:28:38,8.46,--,293,247878,买盘
1491,11:28:35,8.46,--,62,52452,买盘
1492,11:28:32,8.46,--,58,49068,买盘
1493,11:28:26,8.46,--,22,18612,买盘
1494,11:28:23,8.46,--,2893,2447478,买盘
1495,11:28:20,8.46,--,87,73602,买盘
1496,11:28:17,8.46,0.01,10,8460,买盘
1497,11:28:14,8.45,--,11,9295,卖盘
1498,11:28:11,8.45,--,88,74360,卖盘
1499,11:28:08,8.45,-0.01,3,2535,卖盘
1500,11:28:05,8.46,--,78,65988,买盘
1501,11:28:02,8.46,--,56,47376,买盘
1502,11:27:59,8.46,--,81,68526,买盘
1503,11:27:56,8.46,0.01,105,89253,买盘
1504,11:27:53,8.45,--,56,47319,卖盘
1505,11:27:50,8.45,-0.01,514,434329,卖盘
1506,11:27:47,8.46,0.01,113,95598,买盘
1507,11:27:44,8.45,-0.01,77,65064,卖盘
1508,11:27:41,8.46,0.01,38,32148,买盘
1509,11:27:35,8.45,--,6,5070,卖盘
1510,11:27:32,8.45,--,259,219691,买盘
1511,11:27:29,8.45,--,100,84500,买盘
1512,11:27:23,8.45,-0.01,440,371808,卖盘
1513,11:27:17,8.46,0.01,96,81216,买盘
1514,11:27:14,8.45,--,88,74360,卖盘
1515,11:27:11,8.45,-0.01,162,136890,卖盘
1516,11:27:05,8.46,--,100,84600,买盘
1517,11:27:02,8.46,--,37,31302,买盘
1518,11:26:59,8.46,0.01,110,93060,买盘
1519,11:26:56,8.45,-0.01,139,117454,卖盘
1520,11:26:47,8.46,--,44,37224,买盘
1521,11:26:44,8.46,--,2,1692,买盘
1522,11:26:41,8.46,--,6,5076,买盘
1523,11:26:38,8.46,--,50,42300,买盘
1524,11:26:35,8.46,--,81,68526,卖盘
1525,11:26:32,8.46,-0.01,257,217422,卖盘
1526,11:26:29,8.47,0.01,61,51667,买盘
1527,11:26:20,8.46,-0.01,26,21996,卖盘
1528,11:26:17,8.47,--,4,3388,买盘
1529,11:26:14,8.47,0.02,8,6776,买盘
1530,11:26:05,8.45,-0.02,500,422499,卖盘
1531,11:26:02,8.47,0.01,1,847,买盘
1532,11:25:59,8.46,--,5,4230,买盘
1533,11:25:56,8.46,--,35,29610,卖盘
1534,11:25:53,8.46,--,3,2538,买盘
1535,11:25:47,8.46,-0.01,7,5922,中性盘
1536,11:25:41,8.47,--,300,254100,买盘
1537,11:25:35,8.47,0.02,20,16940,买盘
1538,11:25:32,8.45,-0.01,1500,1267500,卖盘
1539,11:25:29,8.46,-0.01,23,20295,卖盘
1540,11:25:26,8.47,0.01,215,182105,买盘
1541,11:25:23,8.46,--,9,7614,卖盘
1542,11:25:20,8.46,--,66,55836,卖盘
1543,11:25:17,8.46,-0.01,42,35532,卖盘
1544,11:25:14,8.47,0.01,53,44891,买盘
1545,11:25:11,8.46,--,8,6768,卖盘
1546,11:24:59,8.46,-0.01,139,117594,卖盘
1547,11:24:56,8.47,0.01,2,1694,买盘
1548,11:24:50,8.46,--,5,4230,卖盘
1549,11:24:32,8.46,--,50,42300,卖盘
1550,11:24:20,8.46,-0.01,18,15228,卖盘
1551,11:24:11,8.47,--,10,8470,买盘
1552,11:24:08,8.47,0.01,4,3388,买盘
1553,11:24:05,8.46,-0.01,13,10998,卖盘
1554,11:24:02,8.47,--,5,4235,买盘
1555,11:23:59,8.47,--,5,4235,买盘
1556,11:23:50,8.47,0.01,12,10164,买盘
1557,11:23:47,8.46,--,10,8460,卖盘
1558,11:23:44,8.46,-0.01,2,1692,卖盘
1559,11:23:41,8.47,0.01,2,1694,买盘
1560,11:23:32,8.46,--,82,69372,卖盘
1561,11:23:23,8.46,-0.01,45,38070,卖盘
1562,11:23:14,8.47,--,4,3388,买盘
1563,11:23:10,8.47,0.01,31,26257,买盘
1564,11:23:04,8.46,-0.01,2,1692,卖盘
1565,11:22:58,8.47,0.01,32,27104,买盘
1566,11:22:55,8.46,-0.01,6,5076,卖盘
1567,11:22:52,8.47,0.01,200,169400,买盘
1568,11:22:49,8.46,--,20,16920,卖盘
1569,11:22:40,8.46,--,20,16920,卖盘
1570,11:22:34,8.46,--,50,42300,卖盘
1571,11:22:31,8.46,--,61,51606,卖盘
1572,11:22:22,8.46,-0.01,86,72756,卖盘
1573,11:22:16,8.47,0.01,52,44044,买盘
1574,11:22:13,8.46,-0.01,132,111672,卖盘
1575,11:22:10,8.47,--,5,4235,买盘
1576,11:22:04,8.47,--,79,66913,买盘
1577,11:21:58,8.47,--,56,47432,买盘
1578,11:21:55,8.47,-0.01,150,127058,卖盘
1579,11:21:43,8.48,0.01,5,4240,买盘
1580,11:21:37,8.47,-0.01,7,5929,卖盘
1581,11:21:31,8.48,0.01,4,3392,买盘
1582,11:21:28,8.47,--,2,2532,买盘
1583,11:21:25,8.47,--,44,37268,买盘
1584,11:21:22,8.47,0.01,250,211750,买盘
1585,11:21:19,8.46,-0.01,5,4230,卖盘
1586,11:21:16,8.47,--,14,11858,买盘
1587,11:21:13,8.47,--,11,9317,买盘
1588,11:21:07,8.47,--,4,3388,买盘
1589,11:21:04,8.47,--,50,42350,买盘
1590,11:20:55,8.47,--,100,84700,买盘
1591,11:20:52,8.47,--,31,26257,买盘
1592,11:20:49,8.47,--,53,44891,买盘
1593,11:20:46,8.47,--,1,847,买盘
1594,11:20:37,8.47,--,43,36421,买盘
1595,11:20:34,8.47,0.01,66,55902,买盘
1596,11:20:31,8.46,-0.01,8,6768,卖盘
1597,11:20:28,8.47,0.01,15,12705,买盘
1598,11:20:16,8.46,-0.01,69,58374,卖盘
1599,11:20:13,8.47,0.01,120,101640,买盘
1600,11:20:10,8.46,--,20,16920,卖盘
1601,11:20:07,8.46,-0.01,12,10152,卖盘
1602,11:20:04,8.47,0.01,38,32186,买盘
1603,11:19:58,8.46,--,106,89676,卖盘
1604,11:19:49,8.46,-0.01,50,42300,卖盘
1605,11:19:40,8.47,--,34,28798,买盘
1606,11:19:37,8.47,--,28,23716,买盘
1607,11:19:34,8.47,-0.01,431,365057,卖盘
1608,11:19:31,8.48,0.01,102,86496,买盘
1609,11:19:28,8.47,-0.01,10,8470,卖盘
1610,11:19:25,8.48,0.01,2,1696,买盘
1611,11:19:22,8.47,--,30,25410,卖盘
1612,11:19:19,8.47,--,267,226149,卖盘
1613,11:19:13,8.47,--,72,60984,买盘
1614,11:19:10,8.47,--,40,33880,买盘
1615,11:19:04,8.47,--,14,11858,卖盘
1616,11:19:01,8.47,--,1120,948640,卖盘
1617,11:18:58,8.47,--,1,847,卖盘
1618,11:18:55,8.47,--,100,84700,卖盘
1619,11:18:52,8.47,--,20,16940,卖盘
1620,11:18:49,8.47,--,27,22869,卖盘
1621,11:18:46,8.47,--,197,166859,买盘
1622,11:18:43,8.47,--,3,2541,买盘
1623,11:18:37,8.47,--,6,5082,买盘
1624,11:18:31,8.47,--,336,284592,卖盘
1625,11:18:25,8.47,--,212,179564,买盘
1626,11:18:22,8.47,--,5,4235,买盘
1627,11:18:19,8.47,--,20,16940,买盘
1628,11:18:13,8.47,0.01,60,50820,买盘
1629,11:18:10,8.46,-0.02,30,25380,卖盘
1630,11:18:01,8.48,0.01,949,804752,买盘
1631,11:17:58,8.47,--,55,46585,买盘
1632,11:17:52,8.47,--,40,33880,买盘
1633,11:17:49,8.47,--,98,83006,买盘
1634,11:17:46,8.47,--,35,29645,买盘
1635,11:17:43,8.47,--,25,21175,买盘
1636,11:17:37,8.47,--,60,50820,买盘
1637,11:17:34,8.47,--,35,29645,买盘
1638,11:17:31,8.47,--,2,1694,买盘
1639,11:17:28,8.47,--,127,107569,买盘
1640,11:17:25,8.47,--,40,33880,买盘
1641,11:17:22,8.47,--,268,226996,买盘
1642,11:17:16,8.47,--,9,7623,买盘
1643,11:17:13,8.47,0.01,15,12705,买盘
1644,11:17:10,8.46,-0.01,3,2538,卖盘
1645,11:17:07,8.47,--,105,88935,买盘
1646,11:17:04,8.47,--,30,25410,买盘
1647,11:16:52,8.47,--,20,16940,买盘
1648,11:16:49,8.47,--,68,57596,买盘
1649,11:16:46,8.47,--,33,27951,买盘
1650,11:16:43,8.47,--,20,16940,买盘
1651,11:16:40,8.47,--,66,55902,买盘
1652,11:16:37,8.47,--,82,69767,卖盘
1653,11:16:34,8.47,--,2,1694,卖盘
1654,11:16:31,8.47,--,31,26257,卖盘
1655,11:16:28,8.47,--,104,88088,卖盘
1656,11:16:25,8.47,--,54,46271,买盘
1657,11:16:22,8.47,--,149,126203,买盘
1658,11:16:16,8.47,--,12,10164,买盘
1659,11:16:10,8.47,0.01,13,11011,买盘
1660,11:16:07,8.46,-0.01,327,276642,卖盘
1661,11:15:55,8.47,0.01,200,169400,买盘
1662,11:15:52,8.46,--,242,204732,买盘
1663,11:15:46,8.46,--,37,31302,买盘
1664,11:15:43,8.46,--,110,93060,买盘
1665,11:15:40,8.46,--,18,15228,买盘
1666,11:15:37,8.46,--,50,42300,买盘
1667,11:15:34,8.46,--,3,2538,买盘
1668,11:15:31,8.46,0.01,100,84600,买盘
1669,11:15:28,8.45,-0.01,6,5070,卖盘
1670,11:15:22,8.46,--,20,16920,买盘
1671,11:15:19,8.46,0.01,684,578664,买盘
1672,11:15:13,8.45,--,100,84500,买盘
1673,11:15:10,8.45,--,23,19435,买盘
1674,11:15:07,8.45,--,2,1689,买盘
1675,11:15:04,8.45,0.01,389,328705,买盘
1676,11:15:01,8.44,--,3,2532,卖盘
1677,11:14:58,8.44,-0.01,10,8440,卖盘
1678,11:14:52,8.45,--,2,1689,买盘
1679,11:14:43,8.45,--,24,20280,买盘
1680,11:14:37,8.45,--,1,844,买盘
1681,11:14:34,8.45,0.01,981,829215,买盘
1682,11:14:31,8.44,--,7,5908,买盘
1683,11:14:25,8.44,--,6,5064,买盘
1684,11:14:22,8.44,0.01,8,6752,买盘
1685,11:14:19,8.43,--,62,52266,卖盘
1686,11:14:10,8.43,-0.01,3,2529,卖盘
1687,11:13:58,8.44,0.01,50,42200,买盘
1688,11:13:55,8.43,--,30,25290,卖盘
1689,11:13:52,8.43,-0.01,60,50580,卖盘
1690,11:13:46,8.44,0.01,20,16880,买盘
1691,11:13:40,8.43,-0.01,10,8430,卖盘
1692,11:13:37,8.44,0.01,15,12660,买盘
1693,11:13:28,8.43,--,297,250371,卖盘
1694,11:13:16,8.43,-0.01,38,32034,卖盘
1695,11:13:10,8.44,--,8,6752,买盘
1696,11:12:34,8.44,--,30,25320,买盘
1697,11:12:31,8.44,--,109,91996,买盘
1698,11:12:25,8.44,--,238,201445,卖盘
1699,11:12:19,8.44,--,6,5064,卖盘
1700,11:12:04,8.44,--,112,94528,卖盘
1701,11:11:55,8.44,--,41,34604,卖盘
1702,11:11:52,8.44,--,14,11816,卖盘
1703,11:11:49,8.44,--,41,34604,卖盘
1704,11:11:46,8.44,--,204,172176,卖盘
1705,11:11:37,8.44,--,102,86088,卖盘
1706,11:11:22,8.44,--,80,67520,卖盘
1707,11:11:19,8.44,--,22,18568,卖盘
1708,11:11:10,8.44,--,12,10128,卖盘
1709,11:10:55,8.44,--,263,221972,卖盘
1710,11:10:46,8.44,--,120,101280,卖盘
1711,11:10:43,8.44,--,21,17724,卖盘
1712,11:10:40,8.44,-0.01,10,8440,卖盘
1713,11:10:37,8.45,--,10,8450,买盘
1714,11:10:31,8.45,--,36,30419,买盘
1715,11:10:28,8.45,--,41,34645,买盘
1716,11:10:25,8.45,--,35,29574,买盘
1717,11:10:22,8.45,--,20,16900,买盘
1718,11:10:19,8.45,--,84,70980,卖盘
1719,11:10:13,8.45,--,30,25349,卖盘
1720,11:10:10,8.45,-0.01,14,11829,卖盘
1721,11:10:07,8.46,0.01,3,2538,买盘
1722,11:10:01,8.45,--,100,84500,卖盘
1723,11:09:55,8.45,--,182,153790,卖盘
1724,11:09:43,8.45,--,24,20280,卖盘
1725,11:09:34,8.45,-0.01,6,5070,卖盘
1726,11:09:28,8.46,0.01,11,9306,买盘
1727,11:09:19,8.45,-0.01,130,109849,卖盘
1728,11:09:13,8.46,--,40,33840,买盘
1729,11:09:07,8.46,0.01,100,84600,买盘
1730,11:09:04,8.45,--,10,8450,卖盘
1731,11:08:58,8.45,--,3,2535,卖盘
1732,11:08:55,8.45,--,180,152100,卖盘
1733,11:08:43,8.45,--,10,8450,买盘
1734,11:08:40,8.45,--,4,3379,买盘
1735,11:08:34,8.45,--,74,62529,买盘
1736,11:08:25,8.45,--,18,15209,买盘
1737,11:08:22,8.45,--,26,21969,买盘
1738,11:08:19,8.45,0.01,13,10984,买盘
1739,11:08:16,8.44,-0.01,3,2532,卖盘
1740,11:08:13,8.45,--,51,43095,买盘
1741,11:08:07,8.45,--,41,34645,买盘
1742,11:08:01,8.45,0.01,20,16900,买盘
1743,11:07:58,8.44,--,3,2532,卖盘
1744,11:07:55,8.44,--,18,15192,卖盘
1745,11:07:52,8.44,--,1,844,卖盘
1746,11:07:49,8.44,--,35,29810,买盘
1747,11:07:40,8.44,--,5,4220,买盘
1748,11:07:37,8.44,--,158,133352,买盘
1749,11:07:28,8.44,--,2,1688,买盘
1750,11:07:19,8.44,--,5,4793,卖盘
1751,11:07:10,8.44,-0.01,247,208468,卖盘
1752,11:07:04,8.45,0.01,6,5070,买盘
1753,11:07:01,8.44,--,10,8440,卖盘
1754,11:06:55,8.44,--,10,8440,卖盘
1755,11:06:46,8.44,-0.01,30,25320,卖盘
1756,11:06:43,8.45,0.01,39,32955,买盘
1757,11:05:55,8.44,-0.01,45,37980,卖盘
1758,11:05:46,8.45,0.01,339,286455,买盘
1759,11:05:40,8.44,-0.01,50,42200,卖盘
1760,11:05:31,8.45,0.01,13,10984,买盘
1761,11:05:22,8.44,-0.01,50,42200,卖盘
1762,11:05:19,8.45,0.01,2,1689,买盘
1763,11:05:13,8.44,-0.01,10,8440,卖盘
1764,11:05:07,8.45,--,124,104779,买盘
1765,11:05:04,8.45,--,106,89569,买盘
1766,11:05:01,8.45,--,261,220544,卖盘
1767,11:04:58,8.45,-0.01,50,42250,卖盘
1768,11:04:55,8.46,0.01,11,9306,买盘
1769,11:04:49,8.45,--,17,14364,卖盘
1770,11:04:46,8.45,--,5,4225,卖盘
1771,11:04:43,8.45,--,12,10140,卖盘
1772,11:04:40,8.45,--,173,146185,买盘
1773,11:04:28,8.45,0.01,6,5070,买盘
1774,11:04:25,8.44,-0.01,10,8440,卖盘
1775,11:04:22,8.45,0.01,1,844,买盘
1776,11:04:19,8.44,-0.01,250,211000,卖盘
1777,11:04:07,8.45,--,6,5070,买盘
1778,11:04:04,8.45,0.01,31,26194,买盘
1779,11:04:01,8.44,-0.01,25,21100,卖盘
1780,11:03:57,8.45,--,3,2535,买盘
1781,11:03:51,8.45,--,9,7604,买盘
1782,11:03:39,8.45,--,170,143650,卖盘
1783,11:03:36,8.45,--,33,27884,卖盘
1784,11:03:33,8.45,-0.01,20,16900,卖盘
1785,11:03:30,8.46,0.01,10,8460,买盘
1786,11:03:12,8.45,-0.01,240,202799,卖盘
1787,11:03:06,8.46,0.01,160,135360,买盘
1788,11:02:57,8.45,--,50,42250,卖盘
1789,11:02:48,8.45,--,181,152945,买盘
1790,11:02:45,8.45,--,55,46474,买盘
1791,11:02:42,8.45,--,112,94639,买盘
1792,11:02:39,8.45,--,8,6759,买盘
1793,11:02:36,8.45,--,40,33800,买盘
1794,11:02:33,8.45,--,13,10984,买盘
1795,11:02:30,8.45,0.01,74,62529,买盘
1796,11:02:06,8.44,--,112,94798,买盘
1797,11:02:03,8.44,0.01,219,184836,买盘
1798,11:01:54,8.43,-0.01,298,251214,卖盘
1799,11:01:51,8.44,--,10,8440,买盘
1800,11:01:48,8.44,0.01,207,174708,买盘
1801,11:01:33,8.43,--,3,2529,卖盘
1802,11:01:27,8.43,0.01,482,406326,买盘
1803,11:01:24,8.42,-0.01,150,126300,卖盘
1804,11:01:18,8.43,--,50,42150,买盘
1805,11:01:15,8.43,--,10,8430,买盘
1806,11:01:12,8.43,--,1,843,买盘
1807,11:01:09,8.43,--,30,25290,买盘
1808,11:01:00,8.43,--,10,8430,买盘
1809,11:00:54,8.43,--,30,25290,买盘
1810,11:00:45,8.43,0.02,2,1686,买盘
1811,11:00:33,8.41,--,2,1682,卖盘
1812,11:00:09,8.41,--,3,2523,卖盘
1813,10:59:57,8.41,-0.02,455,382655,卖盘
1814,10:59:51,8.43,--,12,10116,买盘
1815,10:59:48,8.43,--,4,3372,买盘
1816,10:59:45,8.43,0.01,16,13488,买盘
1817,10:59:27,8.42,--,1,842,卖盘
1818,10:59:21,8.42,--,125,105250,卖盘
1819,10:59:18,8.42,--,20,16840,卖盘
1820,10:59:12,8.42,--,307,258494,买盘
1821,10:59:09,8.42,--,8,6736,买盘
1822,10:59:03,8.42,--,15,12630,买盘
1823,10:58:54,8.42,--,5,4210,卖盘
1824,10:58:48,8.42,0.01,2,1684,买盘
1825,10:58:45,8.41,-0.01,48,40368,卖盘
1826,10:58:36,8.42,--,4,3368,买盘
1827,10:58:27,8.42,--,48,40416,买盘
1828,10:58:24,8.42,--,68,57256,卖盘
1829,10:58:21,8.42,-0.01,29,24418,卖盘
1830,10:58:15,8.43,0.01,5,4215,买盘
1831,10:58:09,8.42,--,72,60624,买盘
1832,10:58:03,8.42,--,10,8420,买盘
1833,10:57:57,8.42,--,37,31154,卖盘
1834,10:57:48,8.42,--,60,50520,卖盘
1835,10:57:45,8.42,-0.01,20,16840,卖盘
1836,10:57:30,8.43,--,54,45522,买盘
1837,10:57:27,8.43,-0.01,6,5058,卖盘
1838,10:57:09,8.44,--,219,184836,买盘
1839,10:57:00,8.44,--,33,27852,买盘
1840,10:56:51,8.44,--,33,27852,买盘
1841,10:56:45,8.44,--,33,27852,买盘
1842,10:56:39,8.44,--,1,844,买盘
1843,10:56:36,8.44,--,10,8440,买盘
1844,10:56:30,8.44,--,100,84400,买盘
1845,10:56:06,8.44,0.03,100,84400,买盘
1846,10:55:57,8.41,-0.03,93,78213,卖盘
1847,10:55:54,8.44,0.03,83,70052,买盘
1848,10:55:48,8.41,--,124,104284,卖盘
1849,10:55:27,8.41,--,17,14297,买盘
1850,10:55:24,8.41,-0.03,71,59711,卖盘
1851,10:55:15,8.44,0.03,2,1688,买盘
1852,10:55:12,8.41,-0.03,20,16820,卖盘
1853,10:55:09,8.44,0.03,108,91152,买盘
1854,10:55:06,8.41,--,30,25230,买盘
1855,10:55:00,8.41,--,26,21866,买盘
1856,10:54:57,8.41,-0.03,24,20184,中性盘
1857,10:54:54,8.44,0.03,100,84400,买盘
1858,10:54:51,8.41,--,4,3364,卖盘
1859,10:54:45,8.41,-0.02,20,16820,卖盘
1860,10:54:39,8.43,--,8,6744,买盘
1861,10:54:30,8.43,--,170,143310,买盘
1862,10:54:27,8.43,--,7,5901,买盘
1863,10:54:24,8.43,--,42,35406,买盘
1864,10:54:15,8.43,--,1,843,买盘
1865,10:54:09,8.43,0.02,100,84300,买盘
1866,10:54:06,8.41,0.01,202,169882,买盘
1867,10:54:00,8.4,-0.01,3,2520,中性盘
1868,10:53:57,8.41,0.02,20,16820,买盘
1869,10:53:51,8.39,-0.02,633,531087,卖盘
1870,10:53:45,8.41,0.03,34,28594,买盘
1871,10:53:36,8.38,-0.02,505,423190,卖盘
1872,10:53:33,8.4,--,60,50400,买盘
1873,10:53:21,8.4,0.01,5,4401,买盘
1874,10:53:18,8.39,0.01,3,2517,买盘
1875,10:53:15,8.38,--,21,17598,卖盘
1876,10:53:12,8.38,-0.01,406,340228,卖盘
1877,10:53:06,8.39,0.01,30,25170,买盘
1878,10:53:00,8.38,--,94,78772,卖盘
1879,10:52:57,8.38,--,187,156706,买盘
1880,10:52:51,8.38,--,79,66202,买盘
1881,10:52:42,8.38,--,20,16760,买盘
1882,10:52:36,8.38,--,17,14246,买盘
1883,10:52:30,8.38,--,790,662020,买盘
1884,10:52:27,8.38,--,209,175142,卖盘
1885,10:52:21,8.38,0.01,71,59498,中性盘
1886,10:52:12,8.37,-0.01,130,108809,卖盘
1887,10:52:09,8.38,--,49,41062,买盘
1888,10:52:03,8.38,-0.01,31,25978,中性盘
1889,10:51:48,8.39,0.01,25,20975,买盘
1890,10:51:45,8.38,--,2,2312,卖盘
1891,10:51:42,8.38,-0.01,155,129890,卖盘
1892,10:51:27,8.39,0.01,43,36077,买盘
1893,10:51:18,8.38,-0.01,343,287434,卖盘
1894,10:51:06,8.39,--,4,3356,卖盘
1895,10:51:03,8.39,-0.01,12,10068,卖盘
1896,10:50:57,8.4,0.02,10,8400,买盘
1897,10:50:51,8.38,-0.01,1000,838000,卖盘
1898,10:50:45,8.39,-0.01,8,6712,卖盘
1899,10:50:39,8.4,0.01,5,4200,买盘
1900,10:50:18,8.39,-0.01,15,12585,卖盘
1901,10:50:12,8.4,--,1,840,中性盘
1902,10:50:09,8.4,0.01,10,8400,买盘
1903,10:50:06,8.39,--,11,9229,卖盘
1904,10:50:00,8.39,--,37,31043,卖盘
1905,10:49:42,8.39,-0.01,700,587300,卖盘
1906,10:49:36,8.4,--,100,84000,卖盘
1907,10:49:33,8.4,-0.01,1,840,卖盘
1908,10:49:30,8.41,0.01,48,40368,买盘
1909,10:49:24,8.4,--,33,27720,卖盘
1910,10:49:15,8.4,--,30,25200,卖盘
1911,10:49:06,8.4,0.01,119,100161,买盘
1912,10:48:54,8.39,-0.01,80,67120,卖盘
1913,10:48:45,8.4,--,13,10920,卖盘
1914,10:48:42,8.4,--,253,212520,买盘
1915,10:48:24,8.4,--,250,210000,卖盘
1916,10:48:21,8.4,-0.01,6,5040,卖盘
1917,10:48:18,8.41,-0.01,121,101761,卖盘
1918,10:48:00,8.42,0.01,10,8420,买盘
1919,10:47:54,8.41,--,100,84100,卖盘
1920,10:47:51,8.41,-0.01,13,10933,卖盘
1921,10:47:48,8.42,0.01,137,115354,买盘
1922,10:47:45,8.41,-0.01,4,3364,卖盘
1923,10:47:42,8.42,0.01,1,842,买盘
1924,10:47:30,8.41,--,2,1682,卖盘
1925,10:47:24,8.41,-0.01,290,243890,卖盘
1926,10:47:21,8.42,--,8,6736,买盘
1927,10:47:12,8.42,-0.01,10,8420,买盘
1928,10:46:48,8.43,0.01,20,16860,买盘
1929,10:46:45,8.42,--,524,441847,卖盘
1930,10:46:39,8.42,-0.01,5,4210,卖盘
1931,10:46:33,8.43,0.01,10,8430,买盘
1932,10:46:30,8.42,--,5,4210,卖盘
1933,10:46:27,8.42,--,33,27988,买盘
1934,10:46:24,8.42,--,14,11788,买盘
1935,10:46:15,8.42,--,200,168400,买盘
1936,10:46:06,8.42,--,119,100198,买盘
1937,10:46:03,8.42,-0.01,666,561411,卖盘
1938,10:46:00,8.43,0.01,3,2529,买盘
1939,10:45:57,8.42,--,48,40416,卖盘
1940,10:45:48,8.42,-0.01,117,98514,卖盘
1941,10:45:39,8.43,0.01,23,19389,买盘
1942,10:45:27,8.42,--,12,10104,卖盘
1943,10:45:24,8.42,--,10,8420,卖盘
1944,10:45:21,8.42,--,2,1684,卖盘
1945,10:45:18,8.42,-0.01,10,8420,卖盘
1946,10:44:51,8.43,--,3,2529,买盘
1947,10:44:42,8.43,--,10,8430,买盘
1948,10:44:18,8.43,-0.01,43,36249,卖盘
1949,10:44:00,8.44,--,20,16880,买盘
1950,10:43:54,8.44,--,8,6752,买盘
1951,10:43:42,8.44,--,90,75960,买盘
1952,10:43:36,8.44,--,2,1688,买盘
1953,10:43:23,8.44,--,1,844,买盘
1954,10:43:17,8.44,0.02,277,233788,买盘
1955,10:43:05,8.42,-0.01,3,2526,卖盘
1956,10:42:56,8.43,0.01,1,843,中性盘
1957,10:42:44,8.42,--,1,842,卖盘
1958,10:42:41,8.42,-0.01,61,51362,卖盘
1959,10:42:38,8.43,--,193,162699,买盘
1960,10:42:32,8.43,--,30,25290,买盘
1961,10:42:17,8.43,0.01,1,843,买盘
1962,10:41:44,8.42,--,5,4210,卖盘
1963,10:41:38,8.42,--,1,842,卖盘
1964,10:41:08,8.42,--,10,8420,卖盘
1965,10:40:56,8.42,0.01,63,53248,买盘
1966,10:40:44,8.41,--,5,4205,卖盘
1967,10:40:35,8.41,--,100,84100,卖盘
1968,10:40:32,8.41,--,48,40368,卖盘
1969,10:40:20,8.41,--,6,5046,买盘
1970,10:40:14,8.41,--,8,6728,买盘
1971,10:40:11,8.41,--,4,3364,买盘
1972,10:40:08,8.41,--,20,16820,买盘
1973,10:40:05,8.41,--,10,8410,买盘
1974,10:39:56,8.41,--,40,33640,买盘
1975,10:39:53,8.41,0.01,105,88305,买盘
1976,10:39:47,8.4,--,316,265440,卖盘
1977,10:39:41,8.4,-0.01,164,137760,卖盘
1978,10:39:38,8.41,--,100,84100,卖盘
1979,10:39:35,8.41,--,211,177451,卖盘
1980,10:39:23,8.41,--,15,12615,卖盘
1981,10:39:20,8.41,-0.01,47,39527,卖盘
1982,10:39:05,8.42,--,9,8217,卖盘
1983,10:39:02,8.42,--,10,8622,买盘
1984,10:38:59,8.42,--,89,75577,卖盘
1985,10:38:56,8.42,--,100,84200,卖盘
1986,10:38:44,8.42,-0.01,22,18726,卖盘
1987,10:38:41,8.43,0.01,13,10959,买盘
1988,10:38:35,8.42,--,10,8420,卖盘
1989,10:38:32,8.42,--,34,28628,卖盘
1990,10:38:23,8.42,--,7,5894,卖盘
1991,10:38:17,8.42,--,10,8420,卖盘
1992,10:38:05,8.42,-0.01,11,9262,卖盘
1993,10:37:59,8.43,0.01,11,9273,买盘
1994,10:37:56,8.42,--,8,6736,卖盘
1995,10:37:53,8.42,--,454,382268,卖盘
1996,10:37:38,8.42,-0.01,5,4210,卖盘
1997,10:37:32,8.43,--,32,26976,买盘
1998,10:37:23,8.43,--,50,42150,买盘
1999,10:37:05,8.43,--,309,260487,卖盘
2000,10:37:02,8.43,--,100,84300,卖盘
2001,10:36:56,8.43,--,30,25290,卖盘
2002,10:36:17,8.43,--,5,4215,卖盘
2003,10:36:14,8.43,--,51,42993,买盘
2004,10:36:08,8.43,0.01,20,16860,买盘
2005,10:36:05,8.42,--,22,18524,卖盘
2006,10:35:53,8.42,-0.01,30,25260,卖盘
2007,10:35:44,8.43,--,17,14331,买盘
2008,10:35:38,8.43,-0.01,1,843,卖盘
2009,10:35:35,8.44,0.02,2,1688,买盘
2010,10:35:32,8.42,-0.01,77,64834,卖盘
2011,10:35:23,8.43,0.01,173,145839,买盘
2012,10:35:20,8.42,-0.01,50,42100,卖盘
2013,10:35:14,8.43,--,4,3372,买盘
2014,10:35:08,8.43,0.01,2,1686,买盘
2015,10:35:02,8.42,-0.01,390,328380,卖盘
2016,10:34:56,8.43,--,71,59853,卖盘
2017,10:34:50,8.43,--,3,2529,卖盘
2018,10:34:44,8.43,--,10,8430,卖盘
2019,10:34:29,8.43,--,273,230139,卖盘
2020,10:34:23,8.43,--,250,210750,卖盘
2021,10:34:02,8.43,--,10,8430,卖盘
2022,10:33:59,8.43,--,260,219180,卖盘
2023,10:33:56,8.43,-0.01,67,56481,卖盘
2024,10:33:50,8.44,0.01,2,1688,买盘
2025,10:33:35,8.43,-0.01,2,1686,卖盘
2026,10:33:32,8.44,0.01,83,70052,买盘
2027,10:33:23,8.43,-0.01,20,16860,卖盘
2028,10:33:20,8.44,0.01,21,17724,买盘
2029,10:33:11,8.43,-0.01,2089,1761027,卖盘
2030,10:33:05,8.44,0.01,2,1688,买盘
2031,10:33:02,8.43,-0.01,4,3372,卖盘
2032,10:32:56,8.44,--,176,148544,买盘
2033,10:32:47,8.44,--,189,160258,卖盘
2034,10:32:44,8.44,--,92,77648,卖盘
2035,10:32:41,8.44,--,100,84400,卖盘
2036,10:32:38,8.44,--,133,112252,卖盘
2037,10:32:20,8.44,--,5,4220,卖盘
2038,10:32:05,8.44,--,95,80281,买盘
2039,10:32:02,8.44,--,251,212586,卖盘
2040,10:31:53,8.44,--,20,16880,卖盘
2041,10:31:47,8.44,--,76,64245,买盘
2042,10:31:35,8.44,--,28,23632,买盘
2043,10:31:32,8.44,--,168,142534,卖盘
2044,10:31:26,8.44,-0.01,6,5064,卖盘
2045,10:31:23,8.45,0.01,54,45629,买盘
2046,10:31:20,8.44,--,7,5908,卖盘
2047,10:31:14,8.44,--,220,185680,卖盘
2048,10:31:11,8.44,-0.01,5,4220,卖盘
2049,10:31:02,8.45,0.01,141,119144,买盘
2050,10:30:53,8.44,--,38,32071,卖盘
2051,10:30:38,8.44,--,17,14348,卖盘
2052,10:30:32,8.44,--,23,19412,卖盘
2053,10:30:20,8.44,--,10,8440,卖盘
2054,10:30:17,8.44,--,29,24476,卖盘
2055,10:30:08,8.44,--,75,63401,买盘
2056,10:29:56,8.44,-0.01,36,31126,卖盘
2057,10:29:50,8.45,--,5,4225,买盘
2058,10:29:41,8.45,0.01,2,1689,买盘
2059,10:29:32,8.44,-0.01,50,42200,卖盘
2060,10:29:29,8.45,0.01,53,44784,买盘
2061,10:29:26,8.44,-0.01,716,604304,卖盘
2062,10:29:20,8.45,--,4,3379,买盘
2063,10:29:17,8.45,--,17,14364,买盘
2064,10:29:11,8.45,0.01,139,117454,买盘
2065,10:29:08,8.44,-0.01,4,3376,卖盘
2066,10:29:02,8.45,--,22,18590,买盘
2067,10:28:59,8.45,--,245,207024,卖盘
2068,10:28:56,8.45,--,90,76050,卖盘
2069,10:28:50,8.45,--,316,267020,卖盘
2070,10:28:47,8.45,--,200,169000,卖盘
2071,10:28:41,8.45,-0.01,20,16900,卖盘
2072,10:28:32,8.46,--,20,16920,买盘
2073,10:28:29,8.46,0.01,42,35532,买盘
2074,10:28:26,8.45,-0.01,5,4225,卖盘
2075,10:28:20,8.46,--,2,1692,买盘
2076,10:28:17,8.46,--,24,20304,卖盘
2077,10:28:14,8.46,-0.01,4,3384,卖盘
2078,10:28:08,8.47,--,15,12705,买盘
2079,10:28:05,8.47,0.01,20,16940,买盘
2080,10:27:59,8.46,--,7,5922,卖盘
2081,10:27:50,8.46,0.01,16,13536,买盘
2082,10:27:44,8.45,-0.01,9,7604,卖盘
2083,10:27:41,8.46,--,5,4230,买盘
2084,10:27:38,8.46,--,42,35532,买盘
2085,10:27:35,8.46,--,9,7614,买盘
2086,10:27:29,8.46,--,95,80370,买盘
2087,10:27:23,8.46,--,4,3384,买盘
2088,10:27:20,8.46,--,19,16074,买盘
2089,10:27:17,8.46,0.01,9,7614,买盘
2090,10:27:14,8.45,--,2,1689,卖盘
2091,10:27:05,8.45,0.01,281,237444,买盘
2092,10:26:56,8.44,--,156,131664,卖盘
2093,10:26:50,8.44,-0.01,15,12660,卖盘
2094,10:26:44,8.45,0.01,20,17001,买盘
2095,10:26:38,8.44,--,35,29540,买盘
2096,10:26:26,8.44,--,1,844,买盘
2097,10:26:20,8.44,--,29,24476,买盘
2098,10:26:08,8.44,--,81,68364,买盘
2099,10:26:05,8.44,--,26,21944,买盘
2100,10:25:56,8.44,--,61,51484,买盘
2101,10:25:32,8.44,0.01,3,2532,买盘
2102,10:25:29,8.43,-0.01,31,26133,卖盘
2103,10:25:23,8.44,--,10,8440,买盘
2104,10:25:14,8.44,--,5,4220,买盘
2105,10:25:11,8.44,--,20,16880,买盘
2106,10:25:08,8.44,--,1,844,买盘
2107,10:24:53,8.44,0.01,8,6752,买盘
2108,10:24:44,8.43,--,75,63225,买盘
2109,10:24:41,8.43,0.01,2,1686,买盘
2110,10:24:35,8.42,--,6,5052,卖盘
2111,10:24:32,8.42,-0.01,60,50520,卖盘
2112,10:24:26,8.43,0.01,2,1686,买盘
2113,10:24:23,8.42,--,20,16840,卖盘
2114,10:24:14,8.42,-0.01,178,149876,卖盘
2115,10:23:55,8.43,--,4,3372,买盘
2116,10:23:40,8.43,--,15,12645,买盘
2117,10:23:34,8.43,0.01,20,16860,买盘
2118,10:23:31,8.42,--,41,34522,卖盘
2119,10:23:25,8.42,--,3,2526,卖盘
2120,10:23:16,8.42,--,9,7578,卖盘
2121,10:23:01,8.42,-0.01,6,5052,卖盘
2122,10:22:52,8.43,--,15,12645,买盘
2123,10:22:46,8.43,--,333,280719,卖盘
2124,10:22:40,8.43,--,5,4215,卖盘
2125,10:22:31,8.43,-0.01,4,3372,卖盘
2126,10:22:28,8.44,--,4,3376,买盘
2127,10:22:25,8.44,--,56,47264,买盘
2128,10:22:19,8.44,--,15,12660,买盘
2129,10:22:13,8.44,--,70,59822,卖盘
2130,10:22:10,8.44,-0.01,30,25320,卖盘
2131,10:22:04,8.45,0.01,1,844,买盘
2132,10:21:46,8.44,-0.01,6,5064,卖盘
2133,10:21:34,8.45,0.01,6,5070,买盘
2134,10:21:31,8.44,--,100,84400,卖盘
2135,10:21:28,8.44,-0.01,11,9284,卖盘
2136,10:21:19,8.45,0.01,1,844,买盘
2137,10:21:16,8.44,--,250,211405,卖盘
2138,10:21:13,8.44,--,52,43888,卖盘
2139,10:21:07,8.44,--,8,6752,卖盘
2140,10:21:01,8.44,--,32,27008,卖盘
2141,10:20:55,8.44,--,20,16880,卖盘
2142,10:20:52,8.44,--,79,67216,买盘
2143,10:20:46,8.44,--,86,72887,卖盘
2144,10:20:28,8.44,--,20,16880,卖盘
2145,10:20:25,8.44,-0.01,30,25320,卖盘
2146,10:20:22,8.45,0.01,1,844,买盘
2147,10:19:55,8.44,--,102,86628,买盘
2148,10:19:52,8.44,--,0,303,卖盘
2149,10:19:49,8.44,-0.01,31,26164,卖盘
2150,10:19:46,8.45,--,479,405295,买盘
2151,10:19:43,8.45,0.01,50,42250,买盘
2152,10:19:40,8.44,--,58,48952,卖盘
2153,10:19:37,8.44,--,3,2532,卖盘
2154,10:19:31,8.44,--,9,7596,卖盘
2155,10:19:25,8.44,--,5,4220,卖盘
2156,10:19:19,8.44,--,15,12660,卖盘
2157,10:19:07,8.44,--,10,8440,卖盘
2158,10:19:04,8.44,--,2,1688,卖盘
2159,10:18:55,8.44,-0.01,15,12660,卖盘
2160,10:18:52,8.45,--,5,4225,买盘
2161,10:18:49,8.45,--,170,143650,买盘
2162,10:18:43,8.45,--,220,186204,卖盘
2163,10:18:40,8.45,-0.01,182,153790,卖盘
2164,10:18:37,8.46,0.01,10,8460,买盘
2165,10:18:31,8.45,--,119,100554,卖盘
2166,10:18:22,8.45,--,66,55769,卖盘
2167,10:18:10,8.45,--,3,2535,卖盘
2168,10:18:04,8.45,0.01,394,333470,买盘
2169,10:18:01,8.44,0.01,30,25320,买盘
2170,10:17:58,8.43,-0.01,12,10116,卖盘
2171,10:17:52,8.44,0.01,2,1688,买盘
2172,10:17:46,8.43,--,526,443418,卖盘
2173,10:17:34,8.43,-0.01,1,843,卖盘
2174,10:17:31,8.44,0.02,647,546068,买盘
2175,10:17:28,8.42,--,85,71570,卖盘
2176,10:17:22,8.42,-0.01,132,111144,卖盘
2177,10:17:19,8.43,--,288,242784,买盘
2178,10:17:07,8.43,--,30,25290,买盘
2179,10:16:58,8.43,0.01,15,12645,买盘
2180,10:16:52,8.42,--,6,5052,卖盘
2181,10:16:46,8.42,--,7,5894,买盘
2182,10:16:43,8.42,--,9,7578,买盘
2183,10:16:40,8.42,--,25,21050,买盘
2184,10:16:37,8.42,-0.01,10,8420,卖盘
2185,10:16:34,8.43,--,1,843,卖盘
2186,10:16:31,8.43,--,49,41307,买盘
2187,10:16:13,8.43,0.01,20,16860,买盘
2188,10:16:10,8.42,-0.01,2,1684,买盘
2189,10:16:07,8.43,0.01,169,142467,买盘
2190,10:16:04,8.42,-0.01,41,34522,卖盘
2191,10:15:58,8.43,0.01,8,6744,买盘
2192,10:15:52,8.42,--,10,8420,卖盘
2193,10:15:34,8.42,--,195,164190,买盘
2194,10:15:31,8.42,0.01,83,69886,买盘
2195,10:15:19,8.41,--,34,28594,卖盘
2196,10:15:04,8.41,--,50,42050,卖盘
2197,10:14:55,8.41,0.01,16,13456,买盘
2198,10:14:43,8.4,-0.01,10,8400,卖盘
2199,10:14:40,8.41,--,74,62234,买盘
2200,10:14:37,8.41,0.01,50,42050,买盘
2201,10:14:34,8.4,--,36,30240,卖盘
2202,10:14:28,8.4,--,95,79800,买盘
2203,10:14:25,8.4,--,13,10920,买盘
2204,10:14:22,8.4,--,35,29400,买盘
2205,10:14:19,8.4,--,30,25200,买盘
2206,10:14:16,8.4,--,3,2520,买盘
2207,10:14:13,8.4,0.01,38,31920,买盘
2208,10:14:10,8.39,--,4,3356,卖盘
2209,10:14:07,8.39,--,18,15102,卖盘
2210,10:14:04,8.39,-0.01,10,8390,卖盘
2211,10:14:01,8.4,--,2,1680,买盘
2212,10:13:58,8.4,--,1,840,买盘
2213,10:13:49,8.4,0.01,22,18480,买盘
2214,10:13:46,8.39,--,186,156054,买盘
2215,10:13:40,8.39,0.01,105,88095,买盘
2216,10:13:34,8.38,-0.01,1,838,卖盘
2217,10:13:31,8.39,--,70,58730,买盘
2218,10:13:28,8.39,--,10,8390,买盘
2219,10:13:19,8.39,--,52,43628,买盘
2220,10:13:16,8.39,--,1,839,买盘
2221,10:13:13,8.39,0.01,2,1678,买盘
2222,10:13:10,8.38,-0.01,36,30168,卖盘
2223,10:13:07,8.39,--,2,1678,买盘
2224,10:13:01,8.39,--,36,30204,买盘
2225,10:12:52,8.39,0.01,23,19297,买盘
2226,10:12:49,8.38,--,9,7542,卖盘
2227,10:12:43,8.38,-0.01,6,5028,卖盘
2228,10:12:40,8.39,--,22,18458,买盘
2229,10:12:37,8.39,0.01,30,25170,买盘
2230,10:12:25,8.38,-0.01,81,67878,卖盘
2231,10:12:22,8.39,--,1,839,买盘
2232,10:12:16,8.39,--,13,10907,买盘
2233,10:12:13,8.39,0.01,188,157732,买盘
2234,10:12:07,8.38,-0.01,32,26816,卖盘
2235,10:12:04,8.39,0.01,10,8390,买盘
2236,10:12:01,8.38,--,10,8380,卖盘
2237,10:11:49,8.38,--,25,20950,卖盘
2238,10:11:46,8.38,-0.01,165,138270,卖盘
2239,10:11:43,8.39,0.01,3,2517,买盘
2240,10:11:40,8.38,--,32,26816,卖盘
2241,10:11:31,8.38,--,2,1676,卖盘
2242,10:11:28,8.38,-0.01,17,14246,卖盘
2243,10:11:25,8.39,0.01,6,5034,买盘
2244,10:11:13,8.38,--,4,3352,卖盘
2245,10:11:07,8.38,--,10,8380,卖盘
2246,10:10:58,8.38,--,1,838,卖盘
2247,10:10:55,8.38,-0.01,305,255590,卖盘
2248,10:10:43,8.39,0.01,68,57052,买盘
2249,10:10:40,8.38,--,12,10056,买盘
2250,10:10:37,8.38,--,12,10056,买盘
2251,10:10:34,8.38,--,22,18436,买盘
2252,10:10:31,8.38,--,55,46090,买盘
2253,10:10:28,8.38,0.01,20,16760,买盘
2254,10:10:22,8.37,-0.01,20,16740,卖盘
2255,10:10:16,8.38,--,8,6704,买盘
2256,10:10:13,8.38,--,26,21788,买盘
2257,10:10:07,8.38,--,3,2514,买盘
2258,10:10:01,8.38,0.01,1,838,买盘
2259,10:09:52,8.37,-0.01,2,1673,卖盘
2260,10:09:49,8.38,0.01,63,52794,卖盘
2261,10:09:43,8.37,-0.01,430,359909,卖盘
2262,10:09:34,8.38,--,265,222070,买盘
2263,10:09:19,8.38,--,2,1676,买盘
2264,10:09:16,8.38,0.01,70,58660,买盘
2265,10:09:01,8.37,--,80,66960,卖盘
2266,10:08:55,8.37,--,10,8370,卖盘
2267,10:08:43,8.37,0.01,15,12554,买盘
2268,10:08:40,8.36,-0.01,36,30095,卖盘
2269,10:08:37,8.37,0.01,54,45197,买盘
2270,10:08:34,8.36,--,102,85272,卖盘
2271,10:08:28,8.36,--,56,46816,卖盘
2272,10:08:22,8.36,-0.01,10,8360,卖盘
2273,10:08:19,8.37,--,30,25109,买盘
2274,10:08:16,8.37,0.01,98,82025,买盘
2275,10:08:13,8.36,--,1,836,卖盘
2276,10:08:10,8.36,-0.01,3,2508,卖盘
2277,10:08:01,8.37,--,20,16740,买盘
2278,10:07:58,8.37,-0.01,757,633608,卖盘
2279,10:07:49,8.38,--,2,1676,卖盘
2280,10:07:46,8.38,-0.01,211,176818,卖盘
2281,10:07:34,8.39,0.01,12,10068,买盘
2282,10:07:31,8.38,-0.01,3,2514,卖盘
2283,10:07:28,8.39,--,10,8390,买盘
2284,10:07:22,8.39,--,100,83900,买盘
2285,10:07:10,8.39,-0.01,230,192970,卖盘
2286,10:07:07,8.4,--,10,8400,买盘
2287,10:07:01,8.4,0.01,32,26880,买盘
2288,10:06:55,8.39,--,2,1678,卖盘
2289,10:06:52,8.39,--,90,75510,卖盘
2290,10:06:31,8.39,-0.01,80,67120,卖盘
2291,10:06:28,8.4,0.01,20,16800,买盘
2292,10:06:25,8.39,--,41,34399,卖盘
2293,10:06:22,8.39,--,1,839,卖盘
2294,10:06:16,8.39,--,50,41950,卖盘
2295,10:06:07,8.39,--,11,9229,卖盘
2296,10:06:04,8.39,--,20,16780,卖盘
2297,10:06:01,8.39,--,10,8390,卖盘
2298,10:05:52,8.39,0.01,74,62086,中性盘
2299,10:05:46,8.38,-0.01,25,20950,卖盘
2300,10:05:40,8.39,--,73,61247,买盘
2301,10:05:34,8.39,--,10,8390,买盘
2302,10:05:16,8.39,--,137,114943,买盘
2303,10:05:13,8.39,-0.01,610,511790,卖盘
2304,10:05:10,8.4,--,19,15960,买盘
2305,10:05:04,8.4,0.01,2,1680,买盘
2306,10:05:01,8.39,-0.01,1,839,卖盘
2307,10:04:58,8.4,--,253,212520,买盘
2308,10:04:46,8.4,-0.01,414,347760,卖盘
2309,10:04:40,8.41,--,27,22707,卖盘
2310,10:04:34,8.41,--,90,75690,卖盘
2311,10:04:31,8.41,0.01,473,397793,买盘
2312,10:04:25,8.4,0.01,3,2520,买盘
2313,10:04:22,8.39,-0.01,166,139274,卖盘
2314,10:04:19,8.4,--,12,10080,买盘
2315,10:04:13,8.4,0.01,20,16800,买盘
2316,10:04:07,8.39,--,10,8390,卖盘
2317,10:04:04,8.39,--,5,4195,卖盘
2318,10:04:01,8.39,--,32,26848,买盘
2319,10:03:49,8.39,--,31,26009,买盘
2320,10:03:39,8.39,0.01,82,68798,买盘
2321,10:03:36,8.38,-0.01,150,125700,卖盘
2322,10:03:30,8.39,0.01,129,108231,买盘
2323,10:03:21,8.38,--,133,111454,卖盘
2324,10:03:15,8.38,-0.01,3,2514,卖盘
2325,10:03:12,8.39,--,25,20975,买盘
2326,10:03:09,8.39,--,30,25170,买盘
2327,10:02:57,8.39,0.01,32,26848,买盘
2328,10:02:45,8.38,--,21,17598,卖盘
2329,10:02:42,8.38,--,33,27654,卖盘
2330,10:02:39,8.38,--,9,7542,卖盘
2331,10:02:33,8.38,--,30,25140,卖盘
2332,10:02:30,8.38,0.01,215,180170,买盘
2333,10:02:27,8.37,--,9,7532,买盘
2334,10:02:21,8.37,--,77,64448,卖盘
2335,10:02:18,8.37,--,40,33480,卖盘
2336,10:02:12,8.37,--,5,4185,卖盘
2337,10:02:03,8.37,--,230,192509,买盘
2338,10:01:57,8.37,0.02,294,246077,买盘
2339,10:01:48,8.35,-0.01,750,626250,卖盘
2340,10:01:42,8.36,-0.01,58,48488,卖盘
2341,10:01:39,8.37,0.01,10,8370,买盘
2342,10:01:33,8.36,-0.01,6,5016,卖盘
2343,10:01:30,8.37,--,58,48545,卖盘
2344,10:01:24,8.37,--,25,20924,卖盘
2345,10:01:21,8.37,--,10,8370,卖盘
2346,10:01:18,8.37,--,1,836,卖盘
2347,10:01:15,8.37,0.01,2,1673,买盘
2348,10:01:06,8.36,-0.01,25,20900,卖盘
2349,10:01:03,8.37,--,40,33480,买盘
2350,10:00:57,8.37,--,205,171584,买盘
2351,10:00:54,8.37,--,5,4185,买盘
2352,10:00:51,8.37,--,19,15902,买盘
2353,10:00:48,8.37,--,14,11717,买盘
2354,10:00:42,8.37,--,1,836,买盘
2355,10:00:33,8.37,--,30,25109,买盘
2356,10:00:30,8.37,0.01,5,4185,买盘
2357,10:00:27,8.36,--,122,101992,卖盘
2358,10:00:18,8.36,--,215,179740,卖盘
2359,10:00:15,8.36,--,5,4180,卖盘
2360,10:00:12,8.36,--,196,163856,卖盘
2361,10:00:00,8.36,-0.01,52,43472,卖盘
2362,09:59:57,8.37,--,8,6695,买盘
2363,09:59:54,8.37,0.01,50,41849,买盘
2364,09:59:51,8.36,--,2,1672,卖盘
2365,09:59:45,8.36,--,42,35112,卖盘
2366,09:59:36,8.36,--,27,22572,买盘
2367,09:59:33,8.36,--,103,86108,买盘
2368,09:59:27,8.36,--,20,16720,买盘
2369,09:59:24,8.36,--,20,16720,买盘
2370,09:59:21,8.36,--,25,20900,买盘
2371,09:59:18,8.36,--,10,8360,买盘
2372,09:59:12,8.36,--,19,15883,买盘
2373,09:59:09,8.36,-0.01,878,734008,卖盘
2374,09:59:06,8.37,--,172,143964,买盘
2375,09:59:03,8.37,0.01,10,8370,买盘
2376,09:59:00,8.36,-0.01,50,41800,卖盘
2377,09:58:51,8.37,--,16,13391,买盘
2378,09:58:48,8.37,-0.01,14,11717,卖盘
2379,09:58:45,8.38,0.01,102,85476,买盘
2380,09:58:39,8.37,--,412,344843,卖盘
2381,09:58:36,8.37,--,201,168236,卖盘
2382,09:58:27,8.37,-0.01,240,200879,卖盘
2383,09:58:24,8.38,--,2,1676,买盘
2384,09:58:12,8.38,--,231,193578,卖盘
2385,09:58:09,8.38,--,49,41062,买盘
2386,09:58:06,8.38,--,26,21788,卖盘
2387,09:58:03,8.38,--,237,198606,卖盘
2388,09:57:57,8.38,--,61,51118,买盘
2389,09:57:54,8.38,--,30,25140,买盘
2390,09:57:51,8.38,--,7,5866,买盘
2391,09:57:39,8.38,--,2,1676,买盘
2392,09:57:36,8.38,--,10,8380,买盘
2393,09:57:30,8.38,-0.01,140,117320,卖盘
2394,09:57:18,8.39,--,1,839,卖盘
2395,09:57:12,8.39,--,161,135079,卖盘
2396,09:57:06,8.39,--,12,10068,卖盘
2397,09:57:03,8.39,--,63,52857,卖盘
2398,09:57:00,8.39,--,30,25170,卖盘
2399,09:56:57,8.39,--,184,154376,卖盘
2400,09:56:54,8.39,--,9,7551,卖盘
2401,09:56:48,8.39,--,5,4195,卖盘
2402,09:56:45,8.39,--,107,89773,买盘
2403,09:56:39,8.39,0.01,5,4195,买盘
2404,09:56:18,8.38,--,66,55308,买盘
2405,09:56:12,8.38,--,10,8380,买盘
2406,09:56:06,8.38,--,25,20950,买盘
2407,09:56:03,8.38,--,5,4190,买盘
2408,09:55:57,8.38,0.01,56,46928,买盘
2409,09:55:51,8.37,--,93,77841,卖盘
2410,09:55:48,8.37,--,1,836,卖盘
2411,09:55:39,8.37,--,27,22598,买盘
2412,09:55:36,8.37,--,582,487133,买盘
2413,09:55:33,8.37,0.01,4,3347,买盘
2414,09:55:30,8.36,--,32,26752,卖盘
2415,09:55:27,8.36,--,28,23408,卖盘
2416,09:55:06,8.36,0.01,502,419672,中性盘
2417,09:55:03,8.35,-0.01,93,77655,卖盘
2418,09:54:57,8.36,--,40,33440,买盘
2419,09:54:54,8.36,--,99,82764,买盘
2420,09:54:51,8.36,--,22,18392,买盘
2421,09:54:45,8.36,--,70,58519,买盘
2422,09:54:42,8.36,--,5,4180,买盘
2423,09:54:39,8.36,-0.01,88,73568,卖盘
2424,09:54:36,8.37,0.01,129,107972,买盘
2425,09:54:30,8.36,--,266,222375,卖盘
2426,09:54:21,8.36,--,300,250799,卖盘
2427,09:54:06,8.36,0.01,160,133760,买盘
2428,09:53:57,8.35,-0.01,42,35070,卖盘
2429,09:53:51,8.36,0.01,194,162184,买盘
2430,09:53:48,8.35,--,18,15030,卖盘
2431,09:53:42,8.35,0.01,58,48430,买盘
2432,09:53:39,8.34,-0.02,88,73392,卖盘
2433,09:53:33,8.36,0.02,7,5852,买盘
2434,09:53:24,8.34,-0.01,146,121764,卖盘
2435,09:53:18,8.35,--,50,41750,卖盘
2436,09:53:12,8.35,--,43,36188,买盘
2437,09:53:06,8.35,--,10,8350,买盘
2438,09:53:03,8.35,--,40,33400,买盘
2439,09:52:57,8.35,-0.01,376,314511,卖盘
2440,09:52:51,8.36,0.01,262,219031,买盘
2441,09:52:48,8.35,--,20,16700,卖盘
2442,09:52:45,8.35,-0.01,30,25050,卖盘
2443,09:52:42,8.36,0.01,41,34560,买盘
2444,09:52:39,8.35,--,13,10855,卖盘
2445,09:52:33,8.35,--,127,106045,卖盘
2446,09:52:30,8.35,-0.01,476,397460,卖盘
2447,09:52:24,8.36,0.01,181,151316,买盘
2448,09:52:21,8.35,-0.01,102,85170,卖盘
2449,09:52:18,8.36,--,5,4180,买盘
2450,09:52:15,8.36,--,92,76912,买盘
2451,09:52:12,8.36,0.01,274,229063,买盘
2452,09:52:09,8.35,-0.01,114,95190,卖盘
2453,09:52:06,8.36,0.01,116,96976,买盘
2454,09:52:03,8.35,-0.01,201,167851,卖盘
2455,09:52:00,8.36,0.01,9,7523,买盘
2456,09:51:57,8.35,--,17,14195,卖盘
2457,09:51:54,8.35,--,60,50100,卖盘
2458,09:51:48,8.35,--,75,62625,卖盘
2459,09:51:45,8.35,--,7,5845,卖盘
2460,09:51:42,8.35,-0.01,86,71810,卖盘
2461,09:51:39,8.36,0.01,25,20900,买盘
2462,09:51:33,8.35,-0.01,10,8350,卖盘
2463,09:51:30,8.36,--,14,11704,买盘
2464,09:51:27,8.36,--,29,25063,卖盘
2465,09:51:24,8.36,--,427,357022,卖盘
2466,09:51:21,8.36,--,453,378708,卖盘
2467,09:51:18,8.36,--,82,68552,卖盘
2468,09:51:06,8.36,-0.02,812,678832,卖盘
2469,09:51:03,8.38,0.01,105,87990,买盘
2470,09:51:00,8.37,-0.01,52,43523,卖盘
2471,09:50:57,8.38,0.01,40,33520,买盘
2472,09:50:54,8.37,--,105,87884,卖盘
2473,09:50:51,8.37,--,101,84536,卖盘
2474,09:50:45,8.37,--,31,25946,卖盘
2475,09:50:39,8.37,-0.02,135,112994,卖盘
2476,09:50:36,8.39,--,74,62086,买盘
2477,09:50:33,8.39,0.01,706,592334,买盘
2478,09:50:30,8.38,--,13,10894,卖盘
2479,09:50:24,8.38,-0.01,244,204472,卖盘
2480,09:50:21,8.39,--,235,197735,卖盘
2481,09:50:18,8.39,--,634,531926,卖盘
2482,09:50:12,8.39,--,100,83900,卖盘
2483,09:50:09,8.39,-0.01,110,92290,卖盘
2484,09:50:06,8.4,--,100,84000,买盘
2485,09:50:03,8.4,--,17,14280,买盘
2486,09:50:00,8.4,0.01,15,12600,买盘
2487,09:49:57,8.39,-0.01,13,10907,卖盘
2488,09:49:54,8.4,--,5,4200,买盘
2489,09:49:51,8.4,-0.01,190,159600,卖盘
2490,09:49:48,8.41,0.01,74,62234,买盘
2491,09:49:39,8.4,-0.01,512,430080,卖盘
2492,09:49:30,8.41,0.01,51,42891,买盘
2493,09:49:27,8.4,-0.01,200,168000,卖盘
2494,09:49:21,8.41,--,126,105966,卖盘
2495,09:49:18,8.41,--,20,16820,卖盘
2496,09:49:09,8.41,0.01,35,29435,中性盘
2497,09:49:00,8.4,-0.02,200,168000,卖盘
2498,09:48:57,8.42,0.01,47,39574,买盘
2499,09:48:48,8.41,--,104,87464,卖盘
2500,09:48:45,8.41,-0.01,163,137083,卖盘
2501,09:48:42,8.42,0.01,5,4210,买盘
2502,09:48:39,8.41,--,110,92510,卖盘
2503,09:48:33,8.41,-0.01,6,5046,卖盘
2504,09:48:24,8.42,0.01,1,842,买盘
2505,09:48:21,8.41,-0.01,5,4205,卖盘
2506,09:48:09,8.42,0.01,30,25260,买盘
2507,09:48:06,8.41,--,22,18502,买盘
2508,09:48:03,8.41,0.01,13,10933,买盘
2509,09:48:00,8.4,--,34,28560,卖盘
2510,09:47:57,8.4,--,10,8400,卖盘
2511,09:47:54,8.4,--,3,2520,卖盘
2512,09:47:51,8.4,--,19,15960,卖盘
2513,09:47:48,8.4,--,40,33600,卖盘
2514,09:47:45,8.4,--,569,477960,买盘
2515,09:47:42,8.4,--,98,82320,买盘
2516,09:47:36,8.4,--,89,74760,买盘
2517,09:47:33,8.4,--,237,199080,买盘
2518,09:47:27,8.4,0.01,5,4200,买盘
2519,09:47:24,8.39,-0.01,155,130045,卖盘
2520,09:47:21,8.4,--,24,20160,买盘
2521,09:47:12,8.4,--,282,236880,买盘
2522,09:47:09,8.4,--,4,3360,买盘
2523,09:47:06,8.4,0.01,61,51240,买盘
2524,09:47:00,8.39,-0.01,34,28526,卖盘
2525,09:46:57,8.4,0.01,302,253680,买盘
2526,09:46:51,8.39,-0.01,44,36916,卖盘
2527,09:46:48,8.4,0.01,20,16800,买盘
2528,09:46:45,8.39,--,14,11746,卖盘
2529,09:46:42,8.39,--,57,47823,卖盘
2530,09:46:36,8.39,--,197,165283,卖盘
2531,09:46:33,8.39,-0.01,19,15941,卖盘
2532,09:46:30,8.4,--,9,7560,买盘
2533,09:46:27,8.4,0.01,206,173040,买盘
2534,09:46:21,8.39,-0.01,38,31882,卖盘
2535,09:46:18,8.4,--,1,840,买盘
2536,09:46:06,8.4,0.01,12,10080,买盘
2537,09:46:03,8.39,--,45,37755,卖盘
2538,09:46:00,8.39,--,5,4195,卖盘
2539,09:45:54,8.39,-0.01,7,5873,卖盘
2540,09:45:51,8.4,--,10,8400,买盘
2541,09:45:42,8.4,--,4,3360,买盘
2542,09:45:33,8.4,0.01,42,35280,买盘
2543,09:45:30,8.39,-0.01,20,16780,卖盘
2544,09:45:27,8.4,0.01,100,84000,中性盘
2545,09:45:21,8.39,-0.01,174,145986,卖盘
2546,09:45:18,8.4,0.01,76,64108,买盘
2547,09:45:15,8.39,--,10,8390,卖盘
2548,09:45:12,8.39,--,20,16780,卖盘
2549,09:45:03,8.39,--,24,20136,卖盘
2550,09:44:57,8.39,--,14,11746,卖盘
2551,09:44:51,8.39,--,106,88934,卖盘
2552,09:44:48,8.39,--,31,26009,买盘
2553,09:44:45,8.39,--,19,15941,卖盘
2554,09:44:36,8.39,-0.01,1,839,卖盘
2555,09:44:33,8.4,0.02,10,8400,买盘
2556,09:44:30,8.38,-0.02,196,164248,卖盘
2557,09:44:27,8.4,0.01,12,10080,买盘
2558,09:44:24,8.39,-0.01,5,4195,卖盘
2559,09:44:21,8.4,--,71,59640,买盘
2560,09:44:18,8.4,--,200,168000,买盘
2561,09:44:12,8.4,--,5,4200,买盘
2562,09:44:09,8.4,0.01,701,588840,买盘
2563,09:44:06,8.39,-0.01,25,21235,卖盘
2564,09:44:03,8.4,0.01,103,86520,买盘
2565,09:43:59,8.39,-0.01,17,14263,卖盘
2566,09:43:56,8.4,--,25,21000,买盘
2567,09:43:53,8.4,--,21,17908,买盘
2568,09:43:47,8.4,--,40,33600,买盘
2569,09:43:44,8.4,--,18,15120,买盘
2570,09:43:41,8.4,0.01,60,50400,买盘
2571,09:43:38,8.39,--,202,169478,卖盘
2572,09:43:32,8.39,--,267,224013,卖盘
2573,09:43:29,8.39,-0.01,28,23768,卖盘
2574,09:43:23,8.4,0.01,100,84000,买盘
2575,09:43:17,8.39,--,30,25170,卖盘
2576,09:43:14,8.39,-0.01,81,67959,中性盘
2577,09:43:11,8.4,0.01,262,220080,买盘
2578,09:43:08,8.39,--,114,95646,卖盘
2579,09:43:05,8.39,-0.01,200,167800,卖盘
2580,09:43:02,8.4,0.01,5,4200,买盘
2581,09:42:59,8.39,--,25,20975,卖盘
2582,09:42:53,8.39,--,117,98163,卖盘
2583,09:42:50,8.39,-0.01,219,183741,卖盘
2584,09:42:47,8.4,0.01,343,288120,买盘
2585,09:42:38,8.39,--,300,251700,卖盘
2586,09:42:35,8.39,--,200,167800,卖盘
2587,09:42:32,8.39,--,339,284421,卖盘
2588,09:42:29,8.39,--,96,80544,卖盘
2589,09:42:26,8.39,-0.01,40,33560,卖盘
2590,09:42:17,8.4,--,63,52920,买盘
2591,09:42:14,8.4,-0.02,507,426451,卖盘
2592,09:42:11,8.42,0.02,11,9262,买盘
2593,09:42:08,8.4,-0.02,197,165480,卖盘
2594,09:42:05,8.42,--,80,67360,卖盘
2595,09:41:59,8.42,-0.01,20,16840,卖盘
2596,09:41:56,8.43,--,37,31191,买盘
2597,09:41:50,8.43,0.03,33,27819,买盘
2598,09:41:44,8.4,-0.02,36,30240,卖盘
2599,09:41:41,8.42,0.02,30,25260,中性盘
2600,09:41:35,8.4,-0.03,2043,1716388,卖盘
2601,09:41:29,8.43,--,2,1686,买盘
2602,09:41:26,8.43,--,3,2529,买盘
2603,09:41:20,8.43,--,22,19372,卖盘
2604,09:41:14,8.43,-0.01,360,303480,卖盘
2605,09:41:05,8.44,-0.01,3,2835,卖盘
2606,09:40:59,8.45,0.01,26,22240,买盘
2607,09:40:56,8.44,--,250,211000,卖盘
2608,09:40:53,8.44,--,10,8440,卖盘
2609,09:40:47,8.44,--,10,8440,卖盘
2610,09:40:44,8.44,--,33,27852,卖盘
2611,09:40:38,8.44,0.01,103,87202,买盘
2612,09:40:35,8.43,-0.01,5,4484,卖盘
2613,09:40:32,8.44,--,1,844,买盘
2614,09:40:29,8.44,--,57,48108,买盘
2615,09:40:26,8.44,--,62,52328,买盘
2616,09:40:20,8.44,--,20,16880,买盘
2617,09:40:14,8.44,--,10,8440,买盘
2618,09:40:11,8.44,--,233,197225,卖盘
2619,09:40:08,8.44,--,10,8710,卖盘
2620,09:40:05,8.44,--,23,19412,卖盘
2621,09:40:02,8.44,--,63,53172,买盘
2622,09:39:50,8.44,-0.01,205,173020,卖盘
2623,09:39:44,8.45,--,98,82810,买盘
2624,09:39:41,8.45,--,25,21125,买盘
2625,09:39:38,8.45,--,202,170690,买盘
2626,09:39:35,8.45,0.01,2,1689,买盘
2627,09:39:32,8.44,--,2,1688,卖盘
2628,09:39:26,8.44,-0.01,10,8440,卖盘
2629,09:39:23,8.45,0.01,45,38025,买盘
2630,09:39:20,8.44,--,121,102124,卖盘
2631,09:39:11,8.44,--,15,12660,卖盘
2632,09:39:08,8.44,-0.01,38,32071,卖盘
2633,09:39:05,8.45,--,41,34645,买盘
2634,09:39:02,8.45,0.01,23,19435,买盘
2635,09:38:59,8.44,--,4,3376,卖盘
2636,09:38:56,8.44,--,21,17724,卖盘
2637,09:38:53,8.44,0.01,10,9030,买盘
2638,09:38:47,8.43,-0.01,219,184869,卖盘
2639,09:38:41,8.44,--,6,5561,买盘
2640,09:38:38,8.44,0.01,68,57392,买盘
2641,09:38:32,8.43,-0.01,10,8522,卖盘
2642,09:38:20,8.44,0.01,93,78492,买盘
2643,09:38:17,8.43,--,50,42150,卖盘
2644,09:38:14,8.43,--,5,4215,卖盘
2645,09:38:11,8.43,-0.01,20,16860,卖盘
2646,09:38:02,8.44,--,40,33760,买盘
2647,09:37:59,8.44,--,44,37482,卖盘
2648,09:37:56,8.44,--,7,5908,卖盘
2649,09:37:53,8.44,--,130,109720,卖盘
2650,09:37:50,8.44,--,102,86535,卖盘
2651,09:37:47,8.44,--,102,86088,卖盘
2652,09:37:44,8.44,--,422,356168,卖盘
2653,09:37:38,8.44,--,101,85244,卖盘
2654,09:37:32,8.44,-0.01,11,9731,卖盘
2655,09:37:23,8.45,0.01,20,16900,买盘
2656,09:37:17,8.44,-0.01,238,201319,卖盘
2657,09:37:14,8.45,--,5,4225,买盘
2658,09:37:08,8.45,-0.02,320,271194,卖盘
2659,09:37:05,8.47,0.01,21,18235,买盘
2660,09:37:02,8.46,--,231,195426,卖盘
2661,09:36:56,8.46,--,100,84600,卖盘
2662,09:36:50,8.46,--,10,8460,卖盘
2663,09:36:47,8.46,--,61,51606,卖盘
2664,09:36:44,8.46,0.01,97,82510,买盘
2665,09:36:41,8.45,-0.01,180,152100,卖盘
2666,09:36:38,8.46,0.01,74,62604,买盘
2667,09:36:35,8.45,--,220,185899,卖盘
2668,09:36:32,8.45,--,23,19435,卖盘
2669,09:36:29,8.45,--,75,63374,卖盘
2670,09:36:26,8.45,--,195,164775,卖盘
2671,09:36:23,8.45,0.01,132,111539,买盘
2672,09:36:20,8.44,-0.01,150,126599,卖盘
2673,09:36:17,8.45,-0.01,12,10140,卖盘
2674,09:36:14,8.46,--,40,33840,买盘
2675,09:36:11,8.46,0.01,65,54990,买盘
2676,09:36:05,8.45,--,679,573755,卖盘
2677,09:35:53,8.45,--,253,213784,买盘
2678,09:35:47,8.45,0.01,749,632905,买盘
2679,09:35:41,8.44,--,50,42200,卖盘
2680,09:35:38,8.44,-0.01,30,25320,卖盘
2681,09:35:35,8.45,--,193,163085,买盘
2682,09:35:32,8.45,--,120,101399,买盘
2683,09:35:29,8.45,0.01,18,15209,买盘
2684,09:35:26,8.44,--,97,81868,卖盘
2685,09:35:23,8.44,--,67,56548,卖盘
2686,09:35:20,8.44,--,75,63299,卖盘
2687,09:35:17,8.44,-0.01,6,5064,卖盘
2688,09:35:14,8.45,--,47,39715,买盘
2689,09:35:11,8.45,--,10,8450,买盘
2690,09:35:08,8.45,0.02,22,18590,买盘
2691,09:35:02,8.43,-0.01,1051,885993,卖盘
2692,09:34:59,8.44,--,18,15192,买盘
2693,09:34:56,8.44,--,148,124911,买盘
2694,09:34:53,8.44,--,401,338444,买盘
2695,09:34:50,8.44,0.01,75,63299,买盘
2696,09:34:47,8.43,-0.01,141,118863,卖盘
2697,09:34:38,8.44,--,15,12660,买盘
2698,09:34:35,8.44,--,100,84400,买盘
2699,09:34:32,8.44,--,71,59924,买盘
2700,09:34:23,8.44,0.02,50,42200,买盘
2701,09:34:20,8.42,--,117,98514,卖盘
2702,09:34:08,8.42,--,36,30312,卖盘
2703,09:34:05,8.42,--,9,7578,卖盘
2704,09:33:59,8.42,--,1,842,卖盘
2705,09:33:56,8.42,0.01,162,136404,买盘
2706,09:33:53,8.41,-0.01,65,54665,卖盘
2707,09:33:47,8.42,--,119,100198,买盘
2708,09:33:44,8.42,--,50,42100,买盘
2709,09:33:41,8.42,0.01,68,57256,买盘
2710,09:33:29,8.41,--,27,22707,买盘
2711,09:33:26,8.41,--,35,29435,买盘
2712,09:33:23,8.41,--,10,8410,买盘
2713,09:33:20,8.41,--,70,58870,买盘
2714,09:33:14,8.41,--,5,4205,买盘
2715,09:33:11,8.41,--,169,142129,买盘
2716,09:33:02,8.41,0.01,30,25230,买盘
2717,09:32:59,8.4,--,83,69720,买盘
2718,09:32:56,8.4,--,87,73080,卖盘
2719,09:32:53,8.4,0.01,9,7560,买盘
2720,09:32:50,8.39,-0.01,20,16780,卖盘
2721,09:32:47,8.4,0.01,10,8400,买盘
2722,09:32:44,8.39,-0.01,128,107392,卖盘
2723,09:32:38,8.4,0.01,22,18480,中性盘
2724,09:32:35,8.39,-0.01,89,74671,卖盘
2725,09:32:29,8.4,--,43,36120,买盘
2726,09:32:26,8.4,--,50,42000,买盘
2727,09:32:17,8.4,--,58,48720,买盘
2728,09:32:14,8.4,0.01,2,1680,买盘
2729,09:32:11,8.39,--,13,10907,卖盘
2730,09:32:08,8.39,--,4,3356,卖盘
2731,09:32:05,8.39,0.02,44,36916,中性盘
2732,09:31:59,8.37,-0.01,136,113831,卖盘
2733,09:31:56,8.38,--,42,35196,买盘
2734,09:31:53,8.38,--,55,46090,买盘
2735,09:31:50,8.38,-0.02,598,501124,卖盘
2736,09:31:47,8.4,0.02,45,37800,买盘
2737,09:31:44,8.38,-0.01,30,25140,卖盘
2738,09:31:41,8.39,-0.01,353,296167,卖盘
2739,09:31:38,8.4,0.01,6,5040,买盘
2740,09:31:35,8.39,-0.01,2,1678,卖盘
2741,09:31:32,8.4,0.01,6,5040,买盘
2742,09:31:29,8.39,--,1,839,卖盘
2743,09:31:26,8.39,0.01,36,30204,卖盘
2744,09:31:20,8.38,--,379,317602,卖盘
2745,09:31:11,8.38,-0.02,94,78772,卖盘
2746,09:31:08,8.4,0.01,6,5040,买盘
2747,09:31:05,8.39,0.01,93,78027,中性盘
2748,09:31:02,8.38,-0.01,58,48604,卖盘
2749,09:30:59,8.39,-0.02,8,6712,卖盘
2750,09:30:56,8.41,0.01,435,365835,买盘
2751,09:30:53,8.4,--,23,19320,卖盘
2752,09:30:50,8.4,0.01,39,32760,买盘
2753,09:30:47,8.39,--,27,22653,卖盘
2754,09:30:44,8.39,-0.01,4,3356,卖盘
2755,09:30:41,8.4,0.01,50,42000,买盘
2756,09:30:38,8.39,-0.01,180,151020,卖盘
2757,09:30:35,8.4,0.02,452,379680,买盘
2758,09:30:32,8.38,-0.02,1260,1055880,卖盘
2759,09:30:26,8.4,0.01,234,196560,买盘
2760,09:30:23,8.39,-0.01,18,15102,卖盘
2761,09:30:17,8.4,--,40,33600,买盘
2762,09:30:08,8.4,--,53,44520,买盘
2763,09:30:02,8.4,-0.02,1040,873600,卖盘
2764,09:25:41,8.42,--,0,0,买盘
2765,09:25:02,8.42,8.42,811,682862,买盘
