,time,price,change,volume,amount,type
0,15:00:24,24.55,0.01,461,1131755,卖盘
1,14:57:42,24.54,--,0,0,买盘
2,14:57:00,24.54,--,2,4908,卖盘
3,14:56:57,24.54,-0.01,2,4908,卖盘
4,14:56:51,24.55,--,10,24550,买盘
5,14:56:48,24.55,0.01,12,29460,买盘
6,14:56:45,24.54,--,2,4908,卖盘
7,14:56:42,24.54,--,21,51534,买盘
8,14:56:36,24.54,--,10,24540,买盘
9,14:56:33,24.54,0.01,70,171780,买盘
10,14:56:30,24.53,-0.01,2,4906,卖盘
11,14:56:27,24.54,0.01,4,9816,买盘
12,14:56:24,24.53,--,10,24530,卖盘
13,14:56:21,24.53,-0.02,4,9812,卖盘
14,14:56:18,24.55,0.02,1,2455,买盘
15,14:56:12,24.53,-0.01,3,7359,卖盘
16,14:56:09,24.54,0.01,1,2454,中性盘
17,14:56:06,24.53,-0.01,21,51513,卖盘
18,14:56:00,24.54,0.01,3,7362,买盘
19,14:55:57,24.53,--,7,17171,卖盘
20,14:55:51,24.53,-0.01,3,7359,卖盘
21,14:55:42,24.54,0.01,9,22086,买盘
22,14:55:39,24.53,--,6,14718,卖盘
23,14:55:36,24.53,--,59,144727,卖盘
24,14:55:30,24.53,--,13,31889,卖盘
25,14:55:27,24.53,--,7,17171,卖盘
26,14:55:24,24.53,--,1,2453,卖盘
27,14:55:15,24.53,--,12,29436,卖盘
28,14:55:12,24.53,--,93,228129,买盘
29,14:55:09,24.53,0.01,17,41701,买盘
30,14:55:06,24.52,-0.01,51,125052,卖盘
31,14:55:03,24.53,--,23,56419,买盘
32,14:54:45,24.53,0.01,5,12265,买盘
33,14:54:36,24.52,--,3,7356,卖盘
34,14:54:33,24.52,-0.01,1,2452,卖盘
35,14:54:27,24.53,-0.02,111,272283,卖盘
36,14:54:18,24.55,--,15,36825,买盘
37,14:54:12,24.55,0.01,4,9820,买盘
38,14:54:09,24.54,-0.01,2,4908,卖盘
39,14:54:03,24.55,--,20,49100,买盘
40,14:54:00,24.55,0.01,5,12275,买盘
41,14:53:57,24.54,-0.01,1,2454,卖盘
42,14:53:54,24.55,--,10,24550,买盘
43,14:53:51,24.55,0.01,22,54010,买盘
44,14:53:48,24.54,--,20,49080,卖盘
45,14:53:42,24.54,-0.01,6,14724,卖盘
46,14:53:39,24.55,0.01,30,73650,买盘
47,14:53:36,24.54,-0.01,22,53988,卖盘
48,14:53:33,24.55,0.01,216,530280,买盘
49,14:53:30,24.54,--,11,26994,卖盘
50,14:53:24,24.54,-0.01,5,12270,卖盘
51,14:53:12,24.55,0.01,5,12275,买盘
52,14:53:09,24.54,--,2,4908,卖盘
53,14:53:00,24.54,0.01,2,4908,买盘
54,14:52:54,24.53,-0.01,17,41701,卖盘
55,14:52:48,24.54,--,74,181596,买盘
56,14:52:36,24.54,--,1,2454,买盘
57,14:52:33,24.54,--,15,36810,买盘
58,14:52:21,24.54,--,3,7362,买盘
59,14:52:15,24.54,--,10,24540,买盘
60,14:52:12,24.54,-0.01,12,29448,卖盘
61,14:52:09,24.55,0.01,26,63830,买盘
62,14:52:00,24.54,--,5,12270,卖盘
63,14:51:57,24.54,--,10,24540,卖盘
64,14:51:51,24.54,--,4,9816,卖盘
65,14:51:45,24.54,0.03,30,73620,买盘
66,14:51:42,24.51,--,83,203433,卖盘
67,14:51:27,24.51,-0.02,5,12255,卖盘
68,14:51:24,24.53,--,13,31889,买盘
69,14:51:21,24.53,--,3,7359,买盘
70,14:51:09,24.53,--,35,85855,买盘
71,14:51:03,24.53,0.03,1,2453,买盘
72,14:50:54,24.5,--,11,26950,买盘
73,14:50:51,24.5,--,3,7350,买盘
74,14:50:48,24.5,-0.03,186,455700,卖盘
75,14:50:36,24.53,0.04,6,14718,买盘
76,14:50:27,24.49,-0.01,250,612250,卖盘
77,14:50:18,24.5,--,3,7350,卖盘
78,14:50:15,24.5,--,27,68281,买盘
79,14:50:12,24.5,--,48,117600,买盘
80,14:50:09,24.5,--,84,205800,买盘
81,14:50:03,24.5,--,14,34300,买盘
82,14:50:00,24.5,--,3,7350,买盘
83,14:49:57,24.5,-0.04,214,524618,卖盘
84,14:49:54,24.54,0.01,5,12270,买盘
85,14:49:45,24.53,0.03,2,4906,买盘
86,14:49:33,24.5,--,722,1771031,买盘
87,14:49:30,24.5,--,56,137200,买盘
88,14:49:24,24.5,--,1,2450,买盘
89,14:49:21,24.5,--,4,9800,买盘
90,14:49:12,24.5,0.01,59,144550,买盘
91,14:49:09,24.49,-0.01,443,1084907,卖盘
92,14:49:00,24.5,--,34,83300,买盘
93,14:48:54,24.5,--,100,245000,买盘
94,14:48:51,24.5,--,16,39200,买盘
95,14:48:45,24.5,--,8,19600,买盘
96,14:48:42,24.5,--,11,26950,买盘
97,14:48:36,24.5,--,5,12250,买盘
98,14:48:30,24.5,--,5,12568,卖盘
99,14:48:24,24.5,-0.04,572,1401400,卖盘
100,14:48:18,24.54,--,14,34356,卖盘
101,14:48:15,24.54,--,104,255216,卖盘
102,14:48:06,24.54,-0.01,32,78528,卖盘
103,14:48:00,24.55,--,34,83470,买盘
104,14:47:54,24.55,0.01,6,14730,买盘
105,14:47:48,24.54,-0.01,10,24540,卖盘
106,14:47:45,24.55,0.01,56,137480,买盘
107,14:47:39,24.54,--,4,9816,卖盘
108,14:47:33,24.54,0.01,43,105522,买盘
109,14:47:30,24.53,-0.01,50,122650,卖盘
110,14:47:27,24.54,--,20,49080,买盘
111,14:47:24,24.54,0.01,11,26994,买盘
112,14:47:18,24.53,-0.01,20,49060,卖盘
113,14:47:09,24.54,0.01,7,17178,买盘
114,14:46:57,24.53,--,1,2453,买盘
115,14:46:48,24.53,--,15,36795,买盘
116,14:46:45,24.53,-0.01,9,22077,卖盘
117,14:46:42,24.54,--,31,76074,买盘
118,14:46:39,24.54,0.01,200,490800,买盘
119,14:46:30,24.53,0.02,18,44154,买盘
120,14:46:24,24.51,-0.02,388,950988,卖盘
121,14:46:18,24.53,0.02,52,127556,买盘
122,14:46:15,24.51,--,12,30220,卖盘
123,14:46:12,24.51,-0.02,3,7353,卖盘
124,14:46:09,24.53,--,1,2453,买盘
125,14:46:00,24.53,0.02,6,14718,买盘
126,14:45:54,24.51,--,119,291669,卖盘
127,14:45:48,24.51,0.01,326,800349,买盘
128,14:45:45,24.5,--,10,24500,买盘
129,14:45:39,24.5,-0.01,360,882098,卖盘
130,14:45:36,24.51,0.01,11,26961,买盘
131,14:45:24,24.5,--,6,14700,卖盘
132,14:45:18,24.5,0.01,61,151802,买盘
133,14:45:12,24.49,-0.01,2,4898,卖盘
134,14:45:00,24.5,--,776,1901200,买盘
135,14:44:54,24.5,--,15,36750,买盘
136,14:44:51,24.5,--,10,24500,买盘
137,14:44:48,24.5,--,84,205800,买盘
138,14:44:39,24.5,--,30,73500,买盘
139,14:44:33,24.5,0.01,5,12250,买盘
140,14:44:21,24.49,-0.01,54,132246,卖盘
141,14:44:15,24.5,0.01,10,24500,买盘
142,14:44:12,24.49,-0.01,17,41633,卖盘
143,14:44:06,24.5,--,3,7350,买盘
144,14:44:00,24.5,--,97,237650,买盘
145,14:43:51,24.5,-0.01,438,1073198,卖盘
146,14:43:42,24.51,--,2,4902,卖盘
147,14:43:33,24.51,0.02,93,230295,买盘
148,14:43:30,24.49,-0.01,5,12245,卖盘
149,14:43:27,24.5,0.01,9,22050,买盘
150,14:43:24,24.49,-0.01,55,134695,卖盘
151,14:43:21,24.5,0.01,6,14700,买盘
152,14:43:12,24.49,-0.01,73,178777,卖盘
153,14:43:09,24.5,-0.01,716,1754200,卖盘
154,14:42:54,24.51,-0.03,2,4902,卖盘
155,14:42:51,24.54,0.03,17,41718,买盘
156,14:42:45,24.51,--,18,44118,卖盘
157,14:42:39,24.51,0.01,2,4902,卖盘
158,14:42:33,24.5,-0.04,16,39200,卖盘
159,14:42:24,24.54,0.04,52,127608,买盘
160,14:42:21,24.5,-0.04,16,39200,卖盘
161,14:42:12,24.54,0.04,217,532518,买盘
162,14:42:03,24.5,--,2,4900,卖盘
163,14:42:00,24.5,-0.04,4,9800,卖盘
164,14:41:51,24.54,0.04,1,2454,买盘
165,14:41:42,24.5,--,9,22050,卖盘
166,14:41:33,24.5,-0.04,266,651700,卖盘
167,14:41:30,24.54,0.04,40,98160,买盘
168,14:41:12,24.5,-0.03,520,1274000,卖盘
169,14:41:09,24.53,--,5,12265,卖盘
170,14:41:06,24.53,0.01,10,24530,卖盘
171,14:41:03,24.52,--,32,78464,买盘
172,14:40:57,24.52,--,7,17164,买盘
173,14:40:54,24.52,--,121,296692,卖盘
174,14:40:51,24.52,-0.01,15,36780,卖盘
175,14:40:42,24.53,0.01,5,12265,买盘
176,14:40:39,24.52,--,23,56396,卖盘
177,14:40:29,24.52,0.01,16,39232,卖盘
178,14:40:23,24.51,--,7,17157,卖盘
179,14:40:20,24.51,--,16,39216,卖盘
180,14:40:17,24.51,--,1,2451,卖盘
181,14:40:08,24.51,--,2,4902,卖盘
182,14:40:02,24.51,--,72,176472,买盘
183,14:39:59,24.51,0.01,300,735300,买盘
184,14:39:56,24.5,-0.01,10,24500,卖盘
185,14:39:50,24.51,--,35,85785,买盘
186,14:39:47,24.51,--,22,53922,买盘
187,14:39:44,24.51,--,39,95589,买盘
188,14:39:38,24.51,0.01,68,166668,买盘
189,14:39:29,24.5,--,353,864850,卖盘
190,14:39:26,24.5,-0.01,10,24500,卖盘
191,14:39:23,24.51,--,2,4902,买盘
192,14:39:20,24.51,0.01,38,93138,买盘
193,14:39:17,24.5,-0.01,8,19600,卖盘
194,14:39:14,24.51,0.01,31,75981,买盘
195,14:39:11,24.5,-0.01,20,49000,卖盘
196,14:38:59,24.51,0.01,3,7353,买盘
197,14:38:56,24.5,0.01,24,58800,买盘
198,14:38:53,24.49,-0.01,4,9796,卖盘
199,14:38:50,24.5,--,2,4900,卖盘
200,14:38:47,24.5,-0.01,2,4900,卖盘
201,14:38:44,24.51,0.01,1,2451,买盘
202,14:38:41,24.5,--,7,17150,买盘
203,14:38:38,24.5,--,35,85750,卖盘
204,14:38:32,24.5,--,98,240100,买盘
205,14:38:29,24.5,0.01,10,24500,买盘
206,14:38:26,24.49,--,2,4898,卖盘
207,14:38:20,24.49,-0.01,39,95511,卖盘
208,14:38:17,24.5,--,2,4900,买盘
209,14:38:14,24.5,0.01,10,24500,买盘
210,14:38:11,24.49,--,225,551025,卖盘
211,14:38:05,24.49,--,4,9796,卖盘
212,14:38:02,24.49,--,22,53878,卖盘
213,14:37:56,24.49,--,21,51526,买盘
214,14:37:50,24.49,--,2,4898,买盘
215,14:37:47,24.49,--,142,350109,卖盘
216,14:37:41,24.49,--,5,12245,卖盘
217,14:37:38,24.49,--,2,4898,卖盘
218,14:37:32,24.49,--,42,102955,买盘
219,14:37:26,24.49,0.01,3,7346,买盘
220,14:37:20,24.48,-0.01,9,22032,卖盘
221,14:37:17,24.49,--,10,24490,买盘
222,14:37:14,24.49,--,12,29387,买盘
223,14:37:11,24.49,--,13,34188,卖盘
224,14:37:08,24.49,--,25,61224,卖盘
225,14:37:05,24.49,--,266,651531,买盘
226,14:37:02,24.49,0.01,4,9796,买盘
227,14:36:59,24.48,-0.01,3,7344,卖盘
228,14:36:53,24.49,--,18,44890,买盘
229,14:36:47,24.49,--,32,78368,买盘
230,14:36:41,24.49,--,16,39184,买盘
231,14:36:38,24.49,--,13,31836,买盘
232,14:36:35,24.49,-0.01,401,982048,卖盘
233,14:36:32,24.5,0.01,52,127400,买盘
234,14:36:29,24.49,--,10,24490,卖盘
235,14:36:26,24.49,--,8,19592,卖盘
236,14:36:20,24.49,0.01,8,19592,买盘
237,14:36:08,24.48,-0.02,200,489600,卖盘
238,14:35:56,24.5,0.02,10,24500,买盘
239,14:35:53,24.48,0.01,48,119021,买盘
240,14:35:47,24.47,-0.01,961,2352496,卖盘
241,14:35:44,24.48,-0.02,107,261936,卖盘
242,14:35:41,24.5,0.02,9,22050,买盘
243,14:35:35,24.48,--,40,100123,卖盘
244,14:35:32,24.48,--,190,465120,买盘
245,14:35:29,24.48,0.01,18,45826,买盘
246,14:35:26,24.47,0.02,7,17129,卖盘
247,14:35:23,24.45,-0.02,87,212788,卖盘
248,14:35:20,24.47,0.02,22,55522,买盘
249,14:35:17,24.45,-0.01,300,733500,卖盘
250,14:35:14,24.46,-0.01,20,48920,卖盘
251,14:35:11,24.47,0.01,40,97880,买盘
252,14:35:05,24.46,--,65,159968,卖盘
253,14:34:59,24.46,-0.01,100,245407,卖盘
254,14:34:56,24.47,--,84,207358,买盘
255,14:34:53,24.47,--,202,495052,卖盘
256,14:34:50,24.47,--,132,323811,卖盘
257,14:34:44,24.47,--,121,297604,卖盘
258,14:34:41,24.47,-0.01,3,7341,卖盘
259,14:34:38,24.48,0.01,64,156672,中性盘
260,14:34:35,24.47,--,8,19576,卖盘
261,14:34:29,24.47,--,12,29364,卖盘
262,14:34:26,24.47,-0.01,117,286788,卖盘
263,14:34:23,24.48,--,5,12240,卖盘
264,14:34:20,24.48,-0.02,207,506736,卖盘
265,14:34:17,24.5,0.01,17,41650,买盘
266,14:34:14,24.49,--,7,17143,卖盘
267,14:34:11,24.49,-0.01,5,12245,卖盘
268,14:34:08,24.5,--,6,14700,买盘
269,14:34:05,24.5,0.02,10,24500,买盘
270,14:34:02,24.48,--,19,46512,卖盘
271,14:33:59,24.48,0.01,16,39168,卖盘
272,14:33:56,24.47,-0.01,48,117456,卖盘
273,14:33:53,24.48,0.01,85,209401,买盘
274,14:33:47,24.47,-0.01,38,94111,卖盘
275,14:33:44,24.48,--,12,31652,卖盘
276,14:33:41,24.48,-0.01,355,870533,卖盘
277,14:33:38,24.49,-0.02,123,302182,卖盘
278,14:33:35,24.51,--,53,129903,买盘
279,14:33:32,24.51,0.03,24,60319,买盘
280,14:33:29,24.48,--,46,112608,卖盘
281,14:33:20,24.48,-0.02,38,93024,卖盘
282,14:33:17,24.5,--,100,245955,卖盘
283,14:33:08,24.5,-0.01,8,19600,卖盘
284,14:33:05,24.51,0.01,13,31863,买盘
285,14:33:02,24.5,--,31,75950,卖盘
286,14:32:59,24.5,--,2,4900,卖盘
287,14:32:56,24.5,--,46,112700,卖盘
288,14:32:53,24.5,--,15,38244,卖盘
289,14:32:50,24.5,--,5,12250,卖盘
290,14:32:47,24.5,--,51,124950,卖盘
291,14:32:44,24.5,0.03,150,367500,买盘
292,14:32:38,24.47,--,40,97880,卖盘
293,14:32:35,24.47,--,4,9788,卖盘
294,14:32:32,24.47,-0.01,162,396414,卖盘
295,14:32:26,24.48,-0.02,565,1383120,卖盘
296,14:32:20,24.5,0.02,31,75950,中性盘
297,14:32:17,24.48,-0.03,96,235008,卖盘
298,14:32:11,24.51,0.01,350,857850,买盘
299,14:32:05,24.5,-0.01,2,4900,卖盘
300,14:32:02,24.51,--,98,240198,买盘
301,14:31:59,24.51,0.01,86,210786,买盘
302,14:31:56,24.5,-0.03,354,867300,卖盘
303,14:31:53,24.53,0.02,280,686840,买盘
304,14:31:50,24.51,--,14,34314,卖盘
305,14:31:47,24.51,-0.01,68,166668,卖盘
306,14:31:44,24.52,0.01,58,142216,买盘
307,14:31:41,24.51,-0.01,257,629907,卖盘
308,14:31:38,24.52,--,37,90724,卖盘
309,14:31:35,24.52,--,12,29424,卖盘
310,14:31:32,24.52,-0.01,14,34328,卖盘
311,14:31:29,24.53,--,107,262471,卖盘
312,14:31:26,24.53,--,17,41701,卖盘
313,14:31:23,24.53,--,181,443993,卖盘
314,14:31:20,24.53,--,1,2453,卖盘
315,14:31:17,24.53,--,42,103026,卖盘
316,14:31:14,24.53,--,15,36795,卖盘
317,14:31:05,24.53,--,10,24530,卖盘
318,14:31:02,24.53,-0.01,12,29436,卖盘
319,14:30:59,24.54,--,58,142332,买盘
320,14:30:53,24.54,0.01,3,7362,买盘
321,14:30:50,24.53,-0.01,38,93214,卖盘
322,14:30:44,24.54,0.01,85,208590,买盘
323,14:30:38,24.53,0.01,13,31889,中性盘
324,14:30:32,24.52,--,17,41684,卖盘
325,14:30:26,24.52,-0.02,50,122600,卖盘
326,14:30:23,24.54,0.01,14,34356,买盘
327,14:30:20,24.53,--,33,80949,卖盘
328,14:30:14,24.53,0.01,8,19624,卖盘
329,14:30:11,24.52,--,12,29424,卖盘
330,14:30:02,24.52,--,15,36780,卖盘
331,14:29:56,24.52,-0.03,58,142216,卖盘
332,14:29:50,24.55,0.03,10,24550,卖盘
333,14:29:44,24.52,-0.04,3,7356,中性盘
334,14:29:41,24.56,0.04,2,4912,买盘
335,14:29:38,24.52,-0.03,49,122526,卖盘
336,14:29:35,24.55,--,11,27005,卖盘
337,14:29:32,24.55,0.04,173,424788,买盘
338,14:29:29,24.51,-0.02,2,4902,卖盘
339,14:29:26,24.53,--,7,17171,买盘
340,14:29:23,24.53,--,31,76043,买盘
341,14:29:20,24.53,--,27,66231,买盘
342,14:29:17,24.53,0.02,55,134915,买盘
343,14:29:11,24.51,--,9,22059,卖盘
344,14:29:08,24.51,-0.03,2,4902,卖盘
345,14:29:05,24.54,--,34,83436,卖盘
346,14:29:02,24.54,--,12,29448,卖盘
347,14:28:56,24.54,--,65,159510,卖盘
348,14:28:53,24.54,-0.01,1,2454,卖盘
349,14:28:47,24.55,0.02,181,444355,买盘
350,14:28:44,24.53,--,2,4906,卖盘
351,14:28:41,24.53,--,5,12265,卖盘
352,14:28:38,24.53,-0.01,55,134915,卖盘
353,14:28:32,24.54,0.01,135,331290,买盘
354,14:28:29,24.53,-0.01,38,93214,卖盘
355,14:28:26,24.54,0.01,5,12270,买盘
356,14:28:23,24.53,--,11,26983,卖盘
357,14:28:17,24.53,--,32,78496,卖盘
358,14:28:14,24.53,--,3,7359,卖盘
359,14:28:11,24.53,--,114,279642,卖盘
360,14:28:05,24.53,-0.01,18,44154,卖盘
361,14:28:02,24.54,0.01,16,39264,买盘
362,14:27:59,24.53,--,28,68684,卖盘
363,14:27:56,24.53,--,1,2453,卖盘
364,14:27:53,24.53,-0.01,57,139821,卖盘
365,14:27:50,24.54,0.01,3,7362,买盘
366,14:27:47,24.53,--,8,19624,卖盘
367,14:27:41,24.53,--,38,93214,卖盘
368,14:27:38,24.53,--,56,137368,卖盘
369,14:27:29,24.53,0.02,21,51513,中性盘
370,14:27:23,24.51,-0.03,6,14706,卖盘
371,14:27:20,24.54,0.04,10,24540,买盘
372,14:27:17,24.5,--,66,161700,卖盘
373,14:27:11,24.5,-0.03,217,531650,卖盘
374,14:27:08,24.53,--,8,19624,卖盘
375,14:27:05,24.53,--,85,210540,买盘
376,14:27:02,24.53,0.03,25,61325,买盘
377,14:26:59,24.5,-0.03,133,325850,卖盘
378,14:26:53,24.53,0.02,202,495506,买盘
379,14:26:47,24.51,--,5,12255,卖盘
380,14:26:44,24.51,--,12,29412,卖盘
381,14:26:41,24.51,0.01,6,14706,买盘
382,14:26:38,24.5,--,15,36750,卖盘
383,14:26:32,24.5,--,7,17150,卖盘
384,14:26:29,24.5,-0.02,26,63700,卖盘
385,14:26:26,24.52,-0.01,7,17164,卖盘
386,14:26:23,24.53,0.03,63,154539,买盘
387,14:26:20,24.5,-0.03,14,34300,卖盘
388,14:26:17,24.53,0.03,2,4906,买盘
389,14:26:14,24.5,-0.02,85,208250,卖盘
390,14:26:11,24.52,0.02,7,17164,中性盘
391,14:26:08,24.5,--,6,14700,卖盘
392,14:26:05,24.5,-0.03,6,14700,卖盘
393,14:26:02,24.53,0.03,20,49060,买盘
394,14:25:59,24.5,--,8,19600,卖盘
395,14:25:56,24.5,--,76,186200,卖盘
396,14:25:53,24.5,--,29,71050,卖盘
397,14:25:50,24.5,--,6,14700,卖盘
398,14:25:47,24.5,--,50,122500,卖盘
399,14:25:44,24.5,--,2,4900,卖盘
400,14:25:41,24.5,--,1,2450,卖盘
401,14:25:35,24.5,-0.03,14,34300,卖盘
402,14:25:32,24.53,0.03,7,17171,买盘
403,14:25:29,24.5,--,24,58800,卖盘
404,14:25:23,24.5,--,28,68600,卖盘
405,14:25:20,24.5,--,3,7350,卖盘
406,14:25:17,24.5,-0.01,133,325850,卖盘
407,14:25:14,24.51,--,3,7353,卖盘
408,14:25:11,24.51,0.01,458,1124469,买盘
409,14:25:08,24.5,-0.01,50,122500,卖盘
410,14:25:05,24.51,0.01,167,409317,买盘
411,14:25:02,24.5,-0.01,1,2450,卖盘
412,14:24:59,24.51,0.01,11,26961,买盘
413,14:24:56,24.5,0.01,1,2450,卖盘
414,14:24:53,24.49,--,33,80817,卖盘
415,14:24:47,24.49,-0.01,6,14693,卖盘
416,14:24:44,24.5,0.01,8,19600,买盘
417,14:24:41,24.49,-0.01,12,29387,卖盘
418,14:24:38,24.5,--,25,61250,卖盘
419,14:24:35,24.5,--,14,34300,卖盘
420,14:24:32,24.5,--,49,120050,卖盘
421,14:24:29,24.5,--,17,41650,卖盘
422,14:24:26,24.5,-0.01,30,73500,卖盘
423,14:24:23,24.51,--,54,132354,买盘
424,14:24:20,24.51,0.01,58,142158,买盘
425,14:24:14,24.5,--,6,14700,卖盘
426,14:24:08,24.5,--,9,22050,卖盘
427,14:24:05,24.5,--,9,22050,卖盘
428,14:24:02,24.5,--,17,41650,卖盘
429,14:23:59,24.5,-0.03,67,164150,卖盘
430,14:23:56,24.53,--,22,53966,买盘
431,14:23:53,24.53,0.02,58,142274,买盘
432,14:23:50,24.51,0.02,4,9804,中性盘
433,14:23:44,24.49,-0.02,1,2449,卖盘
434,14:23:41,24.51,--,1,2451,卖盘
435,14:23:38,24.51,0.02,2,4902,卖盘
436,14:23:35,24.49,--,7,17143,卖盘
437,14:23:32,24.49,0.01,62,151838,中性盘
438,14:23:29,24.48,--,5,12240,卖盘
439,14:23:26,24.48,-0.02,209,514055,卖盘
440,14:23:23,24.5,0.02,2,4900,中性盘
441,14:23:20,24.48,-0.02,154,376992,卖盘
442,14:23:17,24.5,--,1,2450,卖盘
443,14:23:14,24.5,0.01,472,1156400,买盘
444,14:23:11,24.49,--,1,2449,卖盘
445,14:23:05,24.49,--,8,19592,卖盘
446,14:23:02,24.49,-0.01,14,34286,卖盘
447,14:22:59,24.5,0.02,63,154350,买盘
448,14:22:56,24.48,--,1,2448,卖盘
449,14:22:53,24.48,--,52,127296,卖盘
450,14:22:50,24.48,--,1,2448,卖盘
451,14:22:47,24.48,--,100,244800,卖盘
452,14:22:41,24.48,0.02,255,624264,买盘
453,14:22:38,24.46,-0.02,12,29352,卖盘
454,14:22:35,24.48,0.02,51,124848,买盘
455,14:22:32,24.46,-0.02,17,41582,卖盘
456,14:22:29,24.48,0.02,121,296208,买盘
457,14:22:26,24.46,-0.01,38,92948,卖盘
458,14:22:23,24.47,0.01,1,2447,卖盘
459,14:22:20,24.46,--,66,161436,卖盘
460,14:22:17,24.46,-0.01,2,4892,卖盘
461,14:22:14,24.47,0.01,5,12235,买盘
462,14:22:05,24.46,--,11,26906,卖盘
463,14:22:02,24.46,-0.02,14,34244,中性盘
464,14:21:56,24.48,0.02,9,22032,买盘
465,14:21:53,24.46,--,13,31798,买盘
466,14:21:50,24.46,--,7,17122,买盘
467,14:21:47,24.46,-0.02,29,70934,卖盘
468,14:21:44,24.48,0.03,19,46512,买盘
469,14:21:41,24.45,--,47,114915,卖盘
470,14:21:38,24.45,-0.02,118,288510,卖盘
471,14:21:35,24.47,0.01,3,7341,买盘
472,14:21:32,24.46,--,427,1044442,卖盘
473,14:21:26,24.46,--,51,124746,卖盘
474,14:21:20,24.46,--,120,293520,卖盘
475,14:21:17,24.46,0.01,47,114962,买盘
476,14:21:14,24.45,--,344,841080,卖盘
477,14:21:11,24.45,--,82,200490,卖盘
478,14:21:08,24.45,-0.01,87,212715,卖盘
479,14:21:04,24.46,0.01,52,127192,买盘
480,14:21:01,24.45,-0.01,161,393645,卖盘
481,14:20:58,24.46,0.01,15,36690,卖盘
482,14:20:55,24.45,-0.02,420,1026900,卖盘
483,14:20:49,24.47,0.01,8,19576,中性盘
484,14:20:46,24.46,--,22,53812,卖盘
485,14:20:40,24.46,--,23,56258,卖盘
486,14:20:37,24.46,--,2,4892,卖盘
487,14:20:34,24.46,--,41,100286,卖盘
488,14:20:28,24.46,--,7,17122,卖盘
489,14:20:25,24.46,0.01,10,24460,买盘
490,14:20:22,24.45,--,8,19560,卖盘
491,14:20:19,24.45,-0.01,1,2445,卖盘
492,14:20:16,24.46,-0.03,82,200572,卖盘
493,14:20:13,24.49,--,6,14693,卖盘
494,14:20:10,24.49,0.02,160,391840,买盘
495,14:20:07,24.47,-0.01,46,112562,卖盘
496,14:20:01,24.48,-0.01,91,222768,中性盘
497,14:19:58,24.49,0.03,4,9796,买盘
498,14:19:55,24.46,-0.02,291,711786,卖盘
499,14:19:52,24.48,-0.01,42,102816,卖盘
500,14:19:46,24.49,0.01,2,4898,买盘
501,14:19:40,24.48,-0.01,5,12240,买盘
502,14:19:37,24.49,0.03,9,22041,买盘
503,14:19:34,24.46,-0.02,14,34244,卖盘
504,14:19:31,24.48,--,5,12240,卖盘
505,14:19:28,24.48,0.01,56,137088,买盘
506,14:19:25,24.47,--,19,46493,卖盘
507,14:19:22,24.47,--,1,2447,卖盘
508,14:19:19,24.47,-0.01,19,46493,卖盘
509,14:19:16,24.48,--,1,2448,卖盘
510,14:19:13,24.48,-0.02,45,110160,卖盘
511,14:19:10,24.5,0.01,2,4900,买盘
512,14:19:07,24.49,--,6,14693,卖盘
513,14:19:01,24.49,--,11,26939,卖盘
514,14:18:58,24.49,--,3,7346,卖盘
515,14:18:55,24.49,0.02,54,132246,买盘
516,14:18:52,24.47,0.01,23,58581,买盘
517,14:18:49,24.46,--,163,398698,卖盘
518,14:18:46,24.46,-0.03,71,173666,卖盘
519,14:18:43,24.49,0.02,2,4898,买盘
520,14:18:40,24.47,-0.02,85,207995,卖盘
521,14:18:37,24.49,0.03,22,53878,买盘
522,14:18:28,24.46,-0.01,97,237262,卖盘
523,14:18:22,24.47,-0.01,313,765911,卖盘
524,14:18:19,24.48,-0.01,6,14688,卖盘
525,14:18:16,24.49,0.01,4,9796,买盘
526,14:18:13,24.48,--,21,51408,卖盘
527,14:18:10,24.48,--,29,70992,卖盘
528,14:18:07,24.48,0.02,43,105264,买盘
529,14:18:04,24.46,-0.01,107,261722,卖盘
530,14:18:01,24.47,0.01,21,51387,买盘
531,14:17:58,24.46,-0.04,215,525890,卖盘
532,14:17:52,24.5,0.02,56,137200,买盘
533,14:17:46,24.48,-0.02,5,12240,卖盘
534,14:17:40,24.5,0.02,12,29400,买盘
535,14:17:37,24.48,-0.02,13,31824,卖盘
536,14:17:34,24.5,0.02,4,9800,买盘
537,14:17:31,24.48,--,55,134640,卖盘
538,14:17:25,24.48,--,36,88128,卖盘
539,14:17:22,24.48,--,11,26928,卖盘
540,14:17:19,24.48,--,23,56304,卖盘
541,14:17:16,24.48,--,6,14688,卖盘
542,14:17:13,24.48,-0.02,21,51408,卖盘
543,14:17:10,24.5,--,33,80850,买盘
544,14:17:07,24.5,0.01,52,127400,买盘
545,14:17:04,24.49,0.01,6,14693,卖盘
546,14:17:01,24.48,-0.02,1,2448,卖盘
547,14:16:58,24.5,0.02,2,4900,买盘
548,14:16:55,24.48,--,7,17136,卖盘
549,14:16:52,24.48,--,41,100368,卖盘
550,14:16:49,24.48,0.01,28,68544,中性盘
551,14:16:46,24.47,-0.01,18,44046,卖盘
552,14:16:43,24.48,--,58,141984,卖盘
553,14:16:40,24.48,--,21,51408,卖盘
554,14:16:37,24.48,--,29,70992,卖盘
555,14:16:31,24.48,--,1,2448,卖盘
556,14:16:22,24.48,-0.02,5,12240,卖盘
557,14:16:16,24.5,0.01,5,12250,买盘
558,14:16:13,24.49,-0.01,7,17143,买盘
559,14:16:10,24.5,0.01,21,51450,买盘
560,14:16:07,24.49,--,29,71021,买盘
561,14:16:04,24.49,--,34,83266,卖盘
562,14:15:58,24.49,--,2,4898,卖盘
563,14:15:55,24.49,0.02,27,66123,买盘
564,14:15:52,24.47,--,67,163949,卖盘
565,14:15:46,24.47,-0.02,12,29364,卖盘
566,14:15:43,24.49,0.02,90,220410,买盘
567,14:15:40,24.47,--,34,83198,卖盘
568,14:15:37,24.47,--,6,14682,卖盘
569,14:15:34,24.47,--,12,29364,卖盘
570,14:15:31,24.47,--,10,24470,卖盘
571,14:15:28,24.47,-0.02,22,53834,卖盘
572,14:15:25,24.49,0.02,51,124898,买盘
573,14:15:19,24.47,0.01,4,9788,买盘
574,14:15:13,24.46,--,1,2446,卖盘
575,14:15:07,24.46,-0.01,38,92948,卖盘
576,14:15:04,24.47,--,34,83198,卖盘
577,14:15:01,24.47,-0.02,15,36705,卖盘
578,14:14:58,24.49,0.02,14,34286,买盘
579,14:14:55,24.47,0.01,14,34258,买盘
580,14:14:52,24.46,--,37,90502,卖盘
581,14:14:46,24.46,--,4,9784,卖盘
582,14:14:43,24.46,--,1,2446,卖盘
583,14:14:40,24.46,-0.01,14,34244,卖盘
584,14:14:37,24.47,--,3,7341,卖盘
585,14:14:34,24.47,--,24,58728,卖盘
586,14:14:31,24.47,0.01,30,73410,中性盘
587,14:14:28,24.46,0.01,8,19568,中性盘
588,14:14:25,24.45,-0.01,37,90465,卖盘
589,14:14:22,24.46,--,3,7338,卖盘
590,14:14:19,24.46,--,12,29352,卖盘
591,14:14:16,24.46,--,10,24460,卖盘
592,14:14:13,24.46,--,11,26906,卖盘
593,14:14:07,24.46,-0.03,4,9784,中性盘
594,14:13:58,24.49,0.04,36,88164,买盘
595,14:13:55,24.45,-0.01,32,78240,卖盘
596,14:13:52,24.46,-0.03,10,24460,卖盘
597,14:13:49,24.49,--,105,257144,买盘
598,14:13:46,24.49,0.01,30,73470,买盘
599,14:13:43,24.48,-0.01,152,372096,卖盘
600,14:13:40,24.49,--,24,58775,卖盘
601,14:13:37,24.49,--,25,61224,卖盘
602,14:13:34,24.49,--,3,7346,卖盘
603,14:13:31,24.49,--,99,242450,卖盘
604,14:13:28,24.49,--,10,24490,卖盘
605,14:13:25,24.49,--,49,120000,卖盘
606,14:13:22,24.49,--,2,4898,卖盘
607,14:13:19,24.49,--,3,7346,卖盘
608,14:13:16,24.49,0.02,52,127347,买盘
609,14:13:13,24.47,--,14,34258,卖盘
610,14:13:10,24.47,0.01,13,31811,中性盘
611,14:13:07,24.46,--,4,9784,卖盘
612,14:13:04,24.46,-0.01,67,163882,卖盘
613,14:13:01,24.47,-0.01,41,102529,卖盘
614,14:12:58,24.48,--,224,548596,卖盘
615,14:12:55,24.48,--,1,2448,卖盘
616,14:12:49,24.48,--,21,51408,卖盘
617,14:12:46,24.48,-0.02,29,70992,卖盘
618,14:12:43,24.5,0.02,8,19600,买盘
619,14:12:40,24.48,-0.01,49,119952,卖盘
620,14:12:37,24.49,--,11,26939,卖盘
621,14:12:34,24.49,-0.01,47,115102,卖盘
622,14:12:31,24.5,0.01,9,22050,买盘
623,14:12:28,24.49,--,167,408983,卖盘
624,14:12:22,24.49,--,2,4898,卖盘
625,14:12:19,24.49,--,21,51429,卖盘
626,14:12:16,24.49,--,40,97960,卖盘
627,14:12:13,24.49,--,9,22041,卖盘
628,14:12:10,24.49,-0.01,98,240001,卖盘
629,14:12:07,24.5,0.01,11,26950,买盘
630,14:12:04,24.49,-0.01,109,266941,卖盘
631,14:11:55,24.5,-0.02,23,56350,中性盘
632,14:11:49,24.52,0.02,9,22068,买盘
633,14:11:43,24.5,--,25,61250,卖盘
634,14:11:40,24.5,-0.01,46,112700,卖盘
635,14:11:37,24.51,--,8,19608,卖盘
636,14:11:34,24.51,--,1,2451,卖盘
637,14:11:31,24.51,--,4,9804,卖盘
638,14:11:28,24.51,--,31,75981,买盘
639,14:11:25,24.51,0.01,10,24510,买盘
640,14:11:22,24.5,0.01,15,36750,卖盘
641,14:11:16,24.49,--,1,2449,卖盘
642,14:11:10,24.49,-0.02,26,63673,卖盘
643,14:11:04,24.51,-0.02,63,154413,中性盘
644,14:10:58,24.53,0.04,1,2453,买盘
645,14:10:55,24.49,-0.01,33,80817,卖盘
646,14:10:52,24.5,--,8,19600,卖盘
647,14:10:49,24.5,-0.02,11,26950,卖盘
648,14:10:46,24.52,0.02,14,34328,买盘
649,14:10:43,24.5,-0.01,20,49000,卖盘
650,14:10:40,24.51,-0.02,9,22059,中性盘
651,14:10:34,24.53,0.03,19,46607,买盘
652,14:10:31,24.5,--,32,78400,卖盘
653,14:10:28,24.5,-0.02,13,31850,卖盘
654,14:10:25,24.52,-0.01,12,29424,卖盘
655,14:10:22,24.53,0.04,62,152086,买盘
656,14:10:19,24.49,-0.01,13,31836,卖盘
657,14:10:16,24.5,0.01,8,19600,买盘
658,14:10:13,24.49,--,14,34286,卖盘
659,14:10:10,24.49,--,10,24490,卖盘
660,14:10:07,24.49,-0.03,21,52653,卖盘
661,14:10:04,24.52,0.03,35,85820,买盘
662,14:10:01,24.49,--,27,66123,卖盘
663,14:09:58,24.49,--,8,19592,卖盘
664,14:09:55,24.49,--,44,107756,卖盘
665,14:09:52,24.49,--,3,7346,卖盘
666,14:09:49,24.49,-0.05,127,311023,卖盘
667,14:09:46,24.54,0.05,70,171780,买盘
668,14:09:43,24.49,-0.01,397,972252,卖盘
669,14:09:37,24.5,-0.02,1500,3675000,卖盘
670,14:09:34,24.52,-0.01,8,19616,卖盘
671,14:09:25,24.53,-0.01,30,73590,中性盘
672,14:09:19,24.54,0.02,51,125154,买盘
673,14:09:16,24.52,--,16,39232,卖盘
674,14:09:13,24.52,--,43,105436,卖盘
675,14:09:10,24.52,-0.02,23,56396,卖盘
676,14:09:07,24.54,0.01,73,179142,买盘
677,14:08:58,24.53,--,46,112838,卖盘
678,14:08:55,24.53,--,5,12265,卖盘
679,14:08:52,24.53,--,7,17171,卖盘
680,14:08:49,24.53,--,2,4906,卖盘
681,14:08:46,24.53,--,20,49060,卖盘
682,14:08:43,24.53,--,11,26983,卖盘
683,14:08:40,24.53,--,31,76043,卖盘
684,14:08:37,24.53,-0.01,23,56419,卖盘
685,14:08:34,24.54,0.01,1,2454,买盘
686,14:08:31,24.53,--,41,100573,卖盘
687,14:08:28,24.53,-0.01,2,4906,卖盘
688,14:08:25,24.54,--,1,2454,买盘
689,14:08:22,24.54,-0.01,17,41718,中性盘
690,14:08:13,24.55,0.01,34,83470,买盘
691,14:08:10,24.54,-0.01,19,46626,卖盘
692,14:08:07,24.55,0.01,64,157120,买盘
693,14:08:04,24.54,--,3,9227,卖盘
694,14:08:01,24.54,--,11,26994,卖盘
695,14:07:55,24.54,--,2,4908,卖盘
696,14:07:52,24.54,-0.03,1,2454,卖盘
697,14:07:49,24.57,0.03,26,63882,买盘
698,14:07:46,24.54,-0.03,2,4908,卖盘
699,14:07:43,24.57,0.03,29,71253,买盘
700,14:07:40,24.54,--,21,51534,卖盘
701,14:07:37,24.54,-0.02,24,58896,卖盘
702,14:07:34,24.56,0.02,1,2456,买盘
703,14:07:31,24.54,--,15,36810,卖盘
704,14:07:28,24.54,--,6,14724,卖盘
705,14:07:25,24.54,--,2,4908,卖盘
706,14:07:22,24.54,--,16,39264,卖盘
707,14:07:19,24.54,-0.02,19,46626,卖盘
708,14:07:16,24.56,0.02,19,46664,买盘
709,14:07:13,24.54,--,58,142332,卖盘
710,14:07:07,24.54,-0.02,30,73620,卖盘
711,14:07:04,24.56,0.01,32,78592,买盘
712,14:07:01,24.55,-0.01,10,24550,卖盘
713,14:06:58,24.56,0.01,41,100696,买盘
714,14:06:55,24.55,--,36,88380,中性盘
715,14:06:52,24.55,-0.01,32,78560,卖盘
716,14:06:49,24.56,--,32,78592,买盘
717,14:06:46,24.56,0.01,21,51576,买盘
718,14:06:43,24.55,--,35,85925,卖盘
719,14:06:40,24.55,-0.01,26,63830,卖盘
720,14:06:37,24.56,0.01,27,66312,买盘
721,14:06:34,24.55,--,42,103110,卖盘
722,14:06:31,24.55,--,47,115385,卖盘
723,14:06:28,24.55,--,5,12275,卖盘
724,14:06:25,24.55,--,37,90835,卖盘
725,14:06:22,24.55,--,20,49100,卖盘
726,14:06:19,24.55,-0.01,28,68740,卖盘
727,14:06:16,24.56,0.01,68,167008,买盘
728,14:06:10,24.55,--,12,29460,卖盘
729,14:06:07,24.55,--,8,19640,卖盘
730,14:06:01,24.55,-0.01,9,22095,卖盘
731,14:05:58,24.56,0.01,10,24560,买盘
732,14:05:55,24.55,-0.01,20,49100,卖盘
733,14:05:52,24.56,0.01,20,49120,卖盘
734,14:05:49,24.55,-0.02,21,51555,卖盘
735,14:05:46,24.57,--,12,29484,买盘
736,14:05:43,24.57,0.02,7,17199,买盘
737,14:05:40,24.55,-0.02,18,44190,卖盘
738,14:05:37,24.57,0.01,27,66339,买盘
739,14:05:31,24.56,-0.01,18,44208,卖盘
740,14:05:28,24.57,--,2,4914,卖盘
741,14:05:22,24.57,--,16,39312,卖盘
742,14:05:19,24.57,--,1,2457,卖盘
743,14:05:16,24.57,0.02,15,36855,买盘
744,14:05:13,24.55,-0.01,18,44190,卖盘
745,14:05:10,24.56,-0.01,1,2456,卖盘
746,14:05:07,24.57,0.02,1,2457,买盘
747,14:04:46,24.55,-0.02,1,2455,卖盘
748,14:04:43,24.57,-0.01,2,4914,买盘
749,14:04:40,24.58,--,4,9832,卖盘
750,14:04:34,24.58,-0.01,2,4916,卖盘
751,14:04:31,24.59,0.01,16,39344,买盘
752,14:04:28,24.58,--,1,2458,卖盘
753,14:04:25,24.58,--,10,24580,卖盘
754,14:04:19,24.58,--,3,7373,卖盘
755,14:04:16,24.58,0.03,11,27037,买盘
756,14:04:13,24.55,-0.02,8,19640,卖盘
757,14:04:10,24.57,-0.01,8,19656,卖盘
758,14:04:07,24.58,0.01,20,49160,买盘
759,14:04:04,24.57,-0.01,2,4914,卖盘
760,14:04:01,24.58,0.03,1,2458,买盘
761,14:03:58,24.55,-0.03,51,125205,卖盘
762,14:03:49,24.58,0.01,14,34412,买盘
763,14:03:43,24.57,0.02,6,14742,买盘
764,14:03:40,24.55,-0.02,18,44190,卖盘
765,14:03:37,24.57,0.01,12,29484,买盘
766,14:03:31,24.56,-0.01,1,2456,卖盘
767,14:03:28,24.57,--,2,4914,买盘
768,14:03:25,24.57,0.01,13,31941,买盘
769,14:03:22,24.56,-0.01,2,4912,中性盘
770,14:03:16,24.57,0.02,50,122850,买盘
771,14:03:13,24.55,--,1,2455,卖盘
772,14:03:10,24.55,--,19,46645,卖盘
773,14:03:07,24.55,-0.02,2,4910,卖盘
774,14:03:01,24.57,0.02,16,39312,买盘
775,14:02:58,24.55,--,2,4910,卖盘
776,14:02:55,24.55,-0.02,7,17185,卖盘
777,14:02:52,24.57,--,21,51597,买盘
778,14:02:49,24.57,0.02,33,81081,买盘
779,14:02:46,24.55,-0.01,71,174305,卖盘
780,14:02:43,24.56,--,19,46664,卖盘
781,14:02:40,24.56,--,71,176635,卖盘
782,14:02:31,24.56,--,2,4912,卖盘
783,14:02:28,24.56,--,1,2456,卖盘
784,14:02:25,24.56,--,2,4912,卖盘
785,14:02:22,24.56,--,3,7368,卖盘
786,14:02:19,24.56,--,10,24560,买盘
787,14:02:16,24.56,0.01,11,27016,买盘
788,14:02:13,24.55,--,5,12275,卖盘
789,14:02:07,24.55,-0.02,15,36825,卖盘
790,14:02:01,24.57,0.02,7,17199,买盘
791,14:01:55,24.55,--,18,44190,卖盘
792,14:01:52,24.55,-0.02,3,7365,卖盘
793,14:01:49,24.57,--,20,49140,买盘
794,14:01:46,24.57,0.02,11,27027,买盘
795,14:01:43,24.55,--,14,34370,卖盘
796,14:01:40,24.55,--,31,76890,卖盘
797,14:01:37,24.55,-0.02,22,54010,卖盘
798,14:01:31,24.57,-0.02,8,19656,卖盘
799,14:01:25,24.59,--,23,56557,买盘
800,14:01:21,24.59,0.02,11,27049,买盘
801,14:01:18,24.57,-0.02,45,110565,中性盘
802,14:01:15,24.59,0.05,43,105737,买盘
803,14:01:12,24.54,--,60,147240,卖盘
804,14:01:09,24.54,-0.01,68,166872,卖盘
805,14:01:03,24.55,-0.03,10,24550,卖盘
806,14:00:57,24.58,0.03,16,39328,买盘
807,14:00:54,24.55,--,1,2455,卖盘
808,14:00:51,24.55,-0.03,10,24550,卖盘
809,14:00:48,24.58,0.02,2,4916,买盘
810,14:00:45,24.56,-0.02,21,51576,卖盘
811,14:00:42,24.58,0.02,1,2458,买盘
812,14:00:39,24.56,-0.01,22,54032,卖盘
813,14:00:36,24.57,-0.01,2,4914,卖盘
814,14:00:33,24.58,-0.01,13,31953,中性盘
815,14:00:27,24.59,0.02,19,46721,买盘
816,14:00:24,24.57,--,3,7371,卖盘
817,14:00:21,24.57,0.02,17,41769,买盘
818,14:00:15,24.55,-0.02,1,2455,卖盘
819,14:00:12,24.57,0.02,2,4914,买盘
820,14:00:09,24.55,--,1,2455,卖盘
821,14:00:03,24.55,--,1,2455,卖盘
822,14:00:00,24.55,--,2,4910,卖盘
823,13:59:57,24.55,0.02,20,49100,中性盘
824,13:59:51,24.53,-0.06,10,24530,卖盘
825,13:59:48,24.59,0.05,27,66393,买盘
826,13:59:45,24.54,-0.01,26,63804,卖盘
827,13:59:42,24.55,--,33,81015,卖盘
828,13:59:39,24.55,-0.04,19,46645,卖盘
829,13:59:36,24.59,0.05,95,233605,买盘
830,13:59:30,24.54,-0.03,51,125154,卖盘
831,13:59:27,24.57,--,2,4914,卖盘
832,13:59:24,24.57,0.03,20,49140,买盘
833,13:59:21,24.54,0.01,7,17178,卖盘
834,13:59:18,24.53,-0.04,9,22077,卖盘
835,13:59:15,24.57,--,23,56511,买盘
836,13:59:09,24.57,0.04,32,78624,中性盘
837,13:59:03,24.53,-0.01,122,299266,卖盘
838,13:58:57,24.54,-0.01,214,526137,卖盘
839,13:58:51,24.55,0.01,21,51555,买盘
840,13:58:45,24.54,-0.01,30,73620,卖盘
841,13:58:42,24.55,--,5,12275,买盘
842,13:58:39,24.55,--,71,174305,买盘
843,13:58:33,24.55,0.01,13,31915,买盘
844,13:58:30,24.54,-0.01,59,144786,卖盘
845,13:58:27,24.55,0.01,40,98200,买盘
846,13:58:24,24.54,-0.01,183,449082,卖盘
847,13:58:21,24.55,0.01,10,24550,买盘
848,13:58:18,24.54,-0.03,165,404910,卖盘
849,13:58:15,24.57,0.02,113,278083,中性盘
850,13:58:09,24.55,-0.02,385,945199,卖盘
851,13:58:06,24.57,-0.02,33,81081,卖盘
852,13:58:00,24.59,0.03,11,27049,买盘
853,13:57:54,24.56,--,3,7368,卖盘
854,13:57:48,24.56,--,16,39296,卖盘
855,13:57:45,24.56,--,22,54032,卖盘
856,13:57:42,24.56,-0.03,52,127712,卖盘
857,13:57:39,24.59,--,52,127868,买盘
858,13:57:36,24.59,--,30,73770,买盘
859,13:57:33,24.59,--,156,383604,买盘
860,13:57:27,24.59,0.02,45,110655,买盘
861,13:57:24,24.57,--,36,88452,买盘
862,13:57:18,24.57,--,40,98771,卖盘
863,13:57:12,24.57,-0.02,29,71253,卖盘
864,13:57:06,24.59,0.01,2,4918,买盘
865,13:56:57,24.58,-0.01,1,2458,买盘
866,13:56:45,24.59,0.02,10,24590,买盘
867,13:56:42,24.57,-0.02,20,49140,卖盘
868,13:56:33,24.59,0.02,17,41803,买盘
869,13:56:30,24.57,--,2,4914,卖盘
870,13:56:27,24.57,-0.02,42,103194,卖盘
871,13:56:21,24.59,--,10,24590,买盘
872,13:56:18,24.59,0.01,13,31967,买盘
873,13:56:12,24.58,0.01,1,2458,卖盘
874,13:56:09,24.57,--,18,44226,卖盘
875,13:56:06,24.57,-0.02,4,9828,卖盘
876,13:56:00,24.59,--,15,36885,买盘
877,13:55:57,24.59,--,59,145081,买盘
878,13:55:51,24.59,0.02,10,24590,买盘
879,13:55:48,24.57,-0.02,61,149877,卖盘
880,13:55:42,24.59,0.01,14,34426,买盘
881,13:55:39,24.58,-0.01,23,56533,卖盘
882,13:55:36,24.59,--,57,140163,买盘
883,13:55:30,24.59,--,56,137704,买盘
884,13:55:27,24.59,0.01,122,299998,买盘
885,13:55:18,24.58,--,15,36870,卖盘
886,13:55:15,24.58,--,58,142564,卖盘
887,13:55:09,24.58,--,19,46702,卖盘
888,13:55:06,24.58,-0.01,1,2458,卖盘
889,13:55:03,24.59,0.01,4,9836,买盘
890,13:54:51,24.58,-0.01,54,132732,卖盘
891,13:54:45,24.59,0.01,1,2459,买盘
892,13:54:42,24.58,0.01,30,73740,买盘
893,13:54:39,24.57,-0.01,1,2457,卖盘
894,13:54:30,24.58,--,37,90946,买盘
895,13:54:24,24.58,--,3,7373,买盘
896,13:54:15,24.58,0.01,38,93404,买盘
897,13:54:09,24.57,-0.02,37,90909,卖盘
898,13:54:06,24.59,0.01,2,4918,买盘
899,13:54:00,24.58,0.01,2,4916,买盘
900,13:53:51,24.57,-0.02,3,7371,卖盘
901,13:53:45,24.59,0.02,2,4918,买盘
902,13:53:42,24.57,-0.01,43,105651,卖盘
903,13:53:39,24.58,-0.01,6,14747,卖盘
904,13:53:36,24.59,--,8,19672,买盘
905,13:53:33,24.59,0.01,55,135245,买盘
906,13:53:30,24.58,--,3,7373,卖盘
907,13:53:24,24.58,--,63,154854,卖盘
908,13:53:21,24.58,0.01,31,78164,买盘
909,13:53:18,24.57,-0.01,54,132678,卖盘
910,13:53:15,24.58,--,39,95862,买盘
911,13:53:12,24.58,0.01,47,115525,买盘
912,13:53:06,24.57,--,1,2457,卖盘
913,13:53:03,24.57,--,7,17199,卖盘
914,13:53:00,24.57,-0.01,6,14742,卖盘
915,13:52:57,24.58,0.01,21,51618,买盘
916,13:52:51,24.57,-0.01,4,9828,卖盘
917,13:52:45,24.58,--,25,61449,卖盘
918,13:52:42,24.58,-0.01,28,68824,卖盘
919,13:52:36,24.59,0.01,197,484423,买盘
920,13:52:33,24.58,--,9,22122,卖盘
921,13:52:27,24.58,--,11,27037,卖盘
922,13:52:24,24.58,--,2,4916,卖盘
923,13:52:18,24.58,-0.01,1,2458,卖盘
924,13:52:15,24.59,0.01,10,24590,买盘
925,13:52:09,24.58,-0.01,27,66366,卖盘
926,13:52:03,24.59,0.01,1,2459,买盘
927,13:51:57,24.58,--,51,125357,卖盘
928,13:51:51,24.58,--,6,14747,卖盘
929,13:51:48,24.58,--,2,4916,卖盘
930,13:51:39,24.58,-0.01,22,54075,卖盘
931,13:51:36,24.59,0.01,21,51639,买盘
932,13:51:30,24.58,--,16,39328,买盘
933,13:51:27,24.58,--,1,2458,买盘
934,13:51:24,24.58,-0.01,3,7373,卖盘
935,13:51:21,24.59,--,66,162294,买盘
936,13:51:18,24.59,--,2,4918,买盘
937,13:51:15,24.59,--,2,4918,买盘
938,13:51:09,24.59,0.01,31,76229,买盘
939,13:51:06,24.58,--,8,19664,买盘
940,13:51:03,24.58,--,6,14747,卖盘
941,13:50:57,24.58,--,15,36870,卖盘
942,13:50:51,24.58,--,1,2458,卖盘
943,13:50:48,24.58,--,10,24580,卖盘
944,13:50:45,24.58,--,2,4916,卖盘
945,13:50:42,24.58,--,58,142564,卖盘
946,13:50:39,24.58,-0.01,56,137648,卖盘
947,13:50:36,24.59,0.01,15,36885,买盘
948,13:50:33,24.58,0.01,6,14747,中性盘
949,13:50:30,24.57,-0.02,71,174447,卖盘
950,13:50:27,24.59,--,5,12295,买盘
951,13:50:24,24.59,0.01,10,24590,买盘
952,13:50:21,24.58,0.01,1,2458,买盘
953,13:50:18,24.57,--,7,17199,卖盘
954,13:50:15,24.57,--,4,9828,卖盘
955,13:50:12,24.57,-0.02,20,49140,卖盘
956,13:50:09,24.59,--,2,4918,买盘
957,13:50:06,24.59,--,2,4918,买盘
958,13:50:00,24.59,--,2,4918,买盘
959,13:49:57,24.59,--,2,4918,买盘
960,13:49:54,24.59,0.02,3,7377,买盘
961,13:49:51,24.57,--,60,147420,卖盘
962,13:49:48,24.57,--,79,194103,卖盘
963,13:49:45,24.57,-0.02,53,130221,卖盘
964,13:49:42,24.59,0.01,5,12295,买盘
965,13:49:39,24.58,--,65,159770,卖盘
966,13:49:36,24.58,-0.01,3,7373,卖盘
967,13:49:33,24.59,--,18,44262,买盘
968,13:49:30,24.59,0.01,5,12295,买盘
969,13:49:27,24.58,--,12,29495,买盘
970,13:49:24,24.58,--,200,491599,买盘
971,13:49:18,24.58,0.02,12,29495,买盘
972,13:49:15,24.56,--,100,245600,卖盘
973,13:49:12,24.56,-0.01,44,108064,卖盘
974,13:49:09,24.57,-0.01,82,201474,卖盘
975,13:49:03,24.58,0.01,1,2458,买盘
976,13:48:54,24.57,-0.01,7,17199,卖盘
977,13:48:51,24.58,--,14,34412,买盘
978,13:48:45,24.58,0.01,19,46702,买盘
979,13:48:42,24.57,-0.01,119,292383,卖盘
980,13:48:39,24.58,--,72,176976,买盘
981,13:48:36,24.58,0.01,62,152396,买盘
982,13:48:33,24.57,-0.01,0,73,卖盘
983,13:48:30,24.58,0.01,20,49160,买盘
984,13:48:27,24.57,-0.01,62,152334,卖盘
985,13:48:24,24.58,0.01,40,98320,买盘
986,13:48:21,24.57,-0.01,1,2457,卖盘
987,13:48:18,24.58,0.01,3,7373,买盘
988,13:48:15,24.57,-0.01,7,17199,中性盘
989,13:48:09,24.58,--,22,54075,买盘
990,13:48:06,24.58,0.02,24,58991,买盘
991,13:48:00,24.56,--,68,167008,卖盘
992,13:47:54,24.56,-0.02,55,135080,卖盘
993,13:47:51,24.58,--,2,4916,卖盘
994,13:47:45,24.58,-0.02,6,14747,卖盘
995,13:47:42,24.6,0.04,1,2460,买盘
996,13:47:39,24.56,-0.03,509,1250104,卖盘
997,13:47:30,24.59,0.01,6,14754,买盘
998,13:47:27,24.58,-0.01,8,19664,中性盘
999,13:47:24,24.59,0.01,92,226228,中性盘
1000,13:47:15,24.58,-0.02,56,137648,卖盘
1001,13:47:09,24.6,--,4,9840,买盘
1002,13:47:03,24.6,--,18,44280,买盘
1003,13:47:00,24.6,0.02,16,39360,买盘
1004,13:46:57,24.58,-0.02,30,73740,卖盘
1005,13:46:54,24.6,--,2,4920,卖盘
1006,13:46:51,24.6,--,13,31980,卖盘
1007,13:46:48,24.6,-0.02,4,9840,卖盘
1008,13:46:45,24.62,0.01,106,260972,买盘
1009,13:46:42,24.61,0.01,54,132894,中性盘
1010,13:46:36,24.6,-0.01,4,9840,卖盘
1011,13:46:33,24.61,0.01,8,19688,买盘
1012,13:46:30,24.6,--,3,7380,卖盘
1013,13:46:27,24.6,-0.02,8,19680,卖盘
1014,13:46:24,24.62,--,10,24620,买盘
1015,13:46:21,24.62,0.02,10,24620,买盘
1016,13:46:18,24.6,-0.02,32,78720,卖盘
1017,13:46:15,24.62,--,4,9848,买盘
1018,13:46:12,24.62,0.02,7,17234,买盘
1019,13:46:09,24.6,--,10,24600,卖盘
1020,13:46:06,24.6,--,90,221400,卖盘
1021,13:46:03,24.6,--,52,127920,卖盘
1022,13:46:00,24.6,-0.02,22,54120,卖盘
1023,13:45:57,24.62,0.02,17,41854,买盘
1024,13:45:54,24.6,-0.02,13,31980,卖盘
1025,13:45:51,24.62,--,10,24620,买盘
1026,13:45:48,24.62,--,35,86170,买盘
1027,13:45:45,24.62,--,17,41854,买盘
1028,13:45:39,24.62,0.02,8,19696,买盘
1029,13:45:36,24.6,--,6,14760,卖盘
1030,13:45:33,24.6,-0.02,62,152520,卖盘
1031,13:45:27,24.62,--,57,140334,买盘
1032,13:45:24,24.62,0.01,18,44316,买盘
1033,13:45:21,24.61,0.01,13,31993,买盘
1034,13:45:15,24.6,-0.01,40,98400,卖盘
1035,13:45:09,24.61,--,2,4922,买盘
1036,13:45:06,24.61,--,27,66447,买盘
1037,13:45:03,24.61,--,14,34454,买盘
1038,13:45:00,24.61,--,4,9844,买盘
1039,13:44:57,24.61,--,5,12305,买盘
1040,13:44:54,24.61,--,120,295320,买盘
1041,13:44:48,24.61,--,52,127972,买盘
1042,13:44:45,24.61,--,40,98440,买盘
1043,13:44:42,24.61,--,2,4922,买盘
1044,13:44:36,24.61,--,10,24610,买盘
1045,13:44:33,24.61,0.01,32,78752,买盘
1046,13:44:30,24.6,-0.01,5,12300,卖盘
1047,13:44:27,24.61,0.01,14,34454,买盘
1048,13:44:12,24.6,--,58,142680,卖盘
1049,13:44:09,24.6,-0.02,60,147600,卖盘
1050,13:44:06,24.62,--,25,61550,买盘
1051,13:43:57,24.62,0.02,2,4924,买盘
1052,13:43:54,24.6,-0.02,3,7380,卖盘
1053,13:43:51,24.62,0.01,103,253586,买盘
1054,13:43:48,24.61,--,4,9844,买盘
1055,13:43:42,24.61,-0.01,22,54142,中性盘
1056,13:43:39,24.62,0.01,4,9848,买盘
1057,13:43:36,24.61,-0.01,1,2461,买盘
1058,13:43:33,24.62,0.01,210,517020,买盘
1059,13:43:30,24.61,-0.01,3,7383,卖盘
1060,13:43:27,24.62,0.01,1,2462,买盘
1061,13:43:24,24.61,--,14,34454,卖盘
1062,13:43:15,24.61,0.01,7,17227,买盘
1063,13:43:09,24.6,--,30,73800,卖盘
1064,13:43:03,24.6,--,17,41820,卖盘
1065,13:43:00,24.6,--,4,9840,卖盘
1066,13:42:54,24.6,0.05,633,1557180,买盘
1067,13:42:48,24.55,--,234,574470,卖盘
1068,13:42:45,24.55,--,1,2455,卖盘
1069,13:42:42,24.55,--,21,51555,卖盘
1070,13:42:29,24.55,--,18,44190,卖盘
1071,13:42:23,24.55,--,3,7365,卖盘
1072,13:42:20,24.55,--,23,58379,买盘
1073,13:42:11,24.55,--,39,95745,买盘
1074,13:42:08,24.55,0.01,81,198855,买盘
1075,13:42:02,24.54,-0.01,17,41718,卖盘
1076,13:41:59,24.55,0.01,8,19640,买盘
1077,13:41:56,24.54,-0.01,115,282210,卖盘
1078,13:41:53,24.55,0.01,35,85925,买盘
1079,13:41:50,24.54,-0.01,5,12270,卖盘
1080,13:41:47,24.55,--,21,51555,买盘
1081,13:41:44,24.55,0.03,60,147300,买盘
1082,13:41:38,24.52,--,1,2452,买盘
1083,13:41:35,24.52,-0.03,221,543829,卖盘
1084,13:41:32,24.55,0.01,81,198855,买盘
1085,13:41:26,24.54,--,7,17178,买盘
1086,13:41:23,24.54,0.02,15,36810,买盘
1087,13:41:17,24.52,-0.01,218,534536,卖盘
1088,13:41:14,24.53,-0.01,58,142274,卖盘
1089,13:41:11,24.54,--,128,314112,买盘
1090,13:41:08,24.54,--,11,26994,卖盘
1091,13:41:05,24.54,-0.01,20,49080,卖盘
1092,13:41:02,24.55,0.01,1,2455,买盘
1093,13:40:59,24.54,--,2,4908,卖盘
1094,13:40:53,24.54,0.01,9,22086,买盘
1095,13:40:50,24.53,--,3,7359,卖盘
1096,13:40:47,24.53,--,89,219494,买盘
1097,13:40:41,24.53,0.01,80,196240,买盘
1098,13:40:38,24.52,-0.01,20,49040,卖盘
1099,13:40:35,24.53,0.01,2,4906,买盘
1100,13:40:32,24.52,-0.01,115,281980,卖盘
1101,13:40:29,24.53,--,181,443993,卖盘
1102,13:40:26,24.53,--,58,142274,卖盘
1103,13:40:23,24.53,-0.01,2,4906,卖盘
1104,13:40:20,24.54,-0.01,10,24540,中性盘
1105,13:40:17,24.55,0.02,161,395255,买盘
1106,13:40:14,24.53,-0.01,20,49060,卖盘
1107,13:40:08,24.54,0.02,5,12270,买盘
1108,13:40:05,24.52,-0.02,67,164284,卖盘
1109,13:40:02,24.54,0.01,3,7362,卖盘
1110,13:39:59,24.53,--,6,14718,卖盘
1111,13:39:56,24.53,0.01,62,152086,卖盘
1112,13:39:53,24.52,--,53,129956,卖盘
1113,13:39:50,24.52,--,60,147120,卖盘
1114,13:39:44,24.52,-0.03,29,72897,卖盘
1115,13:39:38,24.55,0.01,78,191490,买盘
1116,13:39:23,24.54,0.02,31,76074,中性盘
1117,13:39:20,24.52,--,222,544344,卖盘
1118,13:39:17,24.52,--,3,7356,卖盘
1119,13:39:14,24.52,-0.03,85,208420,卖盘
1120,13:39:11,24.55,0.03,3,7365,买盘
1121,13:39:08,24.52,-0.03,111,272172,卖盘
1122,13:39:05,24.55,--,69,169395,买盘
1123,13:39:02,24.55,0.01,23,56465,买盘
1124,13:38:59,24.54,0.03,101,247854,买盘
1125,13:38:56,24.51,-0.01,21,51471,卖盘
1126,13:38:53,24.52,--,119,294215,卖盘
1127,13:38:50,24.52,-0.02,13,31876,卖盘
1128,13:38:47,24.54,-0.01,23,56442,中性盘
1129,13:38:44,24.55,--,4,9820,买盘
1130,13:38:38,24.55,--,1,2455,买盘
1131,13:38:32,24.55,--,76,186580,买盘
1132,13:38:29,24.55,0.03,19,46645,买盘
1133,13:38:26,24.52,--,116,284432,卖盘
1134,13:38:23,24.52,-0.01,119,291788,卖盘
1135,13:38:20,24.53,--,14,34366,卖盘
1136,13:38:14,24.53,--,161,394933,卖盘
1137,13:38:08,24.53,-0.01,166,407198,卖盘
1138,13:38:05,24.54,--,49,120246,买盘
1139,13:38:02,24.54,-0.02,436,1069944,卖盘
1140,13:37:59,24.56,0.01,5,12280,中性盘
1141,13:37:56,24.55,-0.01,5,12275,卖盘
1142,13:37:53,24.56,--,37,90872,买盘
1143,13:37:50,24.56,0.01,1,2456,买盘
1144,13:37:47,24.55,--,11,27005,卖盘
1145,13:37:44,24.55,-0.02,5,12275,卖盘
1146,13:37:38,24.57,--,40,98280,买盘
1147,13:37:26,24.57,0.02,25,61425,买盘
1148,13:37:20,24.55,-0.04,111,272505,卖盘
1149,13:37:17,24.59,0.04,9,22131,买盘
1150,13:37:14,24.55,--,16,39280,卖盘
1151,13:37:11,24.55,--,6,14730,卖盘
1152,13:37:05,24.55,-0.02,31,76105,卖盘
1153,13:37:02,24.57,0.02,17,41769,买盘
1154,13:36:59,24.55,--,6,14730,卖盘
1155,13:36:56,24.55,--,33,81015,卖盘
1156,13:36:53,24.55,-0.02,18,44190,卖盘
1157,13:36:35,24.57,--,2,4914,买盘
1158,13:36:26,24.57,0.01,1,2457,买盘
1159,13:36:23,24.56,-0.03,3,7368,卖盘
1160,13:36:17,24.59,0.04,15,36885,买盘
1161,13:36:08,24.55,-0.03,10,24550,买盘
1162,13:36:05,24.58,--,7,17206,卖盘
1163,13:36:02,24.58,0.03,187,459645,买盘
1164,13:35:59,24.55,--,4,9820,卖盘
1165,13:35:56,24.55,-0.02,280,687400,卖盘
1166,13:35:53,24.57,--,28,68796,卖盘
1167,13:35:50,24.57,0.01,67,164717,买盘
1168,13:35:47,24.56,--,34,85861,卖盘
1169,13:35:41,24.56,-0.01,100,245600,卖盘
1170,13:35:38,24.57,--,6,14742,买盘
1171,13:35:35,24.57,0.01,40,98280,买盘
1172,13:35:32,24.56,-0.01,3,7368,卖盘
1173,13:35:29,24.57,--,13,31941,买盘
1174,13:35:26,24.57,0.01,5,12285,买盘
1175,13:35:23,24.56,-0.01,19,46664,卖盘
1176,13:35:20,24.57,--,2,4914,买盘
1177,13:35:17,24.57,--,48,117936,买盘
1178,13:35:11,24.57,0.01,3,7371,买盘
1179,13:35:08,24.56,-0.01,84,206304,卖盘
1180,13:34:53,24.57,--,22,54054,买盘
1181,13:34:44,24.57,--,2,4914,买盘
1182,13:34:38,24.57,--,2,4914,买盘
1183,13:34:35,24.57,--,15,36855,买盘
1184,13:34:26,24.57,0.01,11,27027,中性盘
1185,13:34:23,24.56,-0.01,19,46664,卖盘
1186,13:34:20,24.57,--,12,29484,卖盘
1187,13:34:14,24.57,0.01,169,415331,买盘
1188,13:34:11,24.56,-0.01,68,167008,卖盘
1189,13:34:05,24.57,--,254,626412,卖盘
1190,13:34:02,24.57,--,17,41769,卖盘
1191,13:33:59,24.57,-0.01,11,27027,卖盘
1192,13:33:53,24.58,0.01,4,9832,买盘
1193,13:33:50,24.57,-0.03,13,31941,卖盘
1194,13:33:47,24.6,0.03,1,2460,买盘
1195,13:33:44,24.57,-0.01,80,196584,卖盘
1196,13:33:38,24.58,--,3,7373,卖盘
1197,13:33:29,24.58,0.01,58,142564,中性盘
1198,13:33:26,24.57,--,68,167076,卖盘
1199,13:33:23,24.57,-0.03,10,24570,卖盘
1200,13:33:17,24.6,--,11,27060,买盘
1201,13:33:14,24.6,--,81,199260,买盘
1202,13:33:11,24.6,0.02,50,123000,买盘
1203,13:33:05,24.58,--,13,31953,卖盘
1204,13:32:59,24.58,-0.02,4,9832,卖盘
1205,13:32:53,24.6,--,1,2460,买盘
1206,13:32:44,24.6,--,20,49200,买盘
1207,13:32:41,24.6,0.02,1,2460,买盘
1208,13:32:38,24.58,0.01,3,7373,中性盘
1209,13:32:23,24.57,--,2,4914,卖盘
1210,13:32:14,24.57,-0.03,1,2457,卖盘
1211,13:32:11,24.6,0.03,42,103393,买盘
1212,13:32:05,24.57,-0.03,17,41793,卖盘
1213,13:32:02,24.6,0.03,83,204180,买盘
1214,13:31:59,24.57,--,6,14742,卖盘
1215,13:31:56,24.57,--,70,171990,卖盘
1216,13:31:53,24.57,0.01,65,159705,中性盘
1217,13:31:47,24.56,-0.04,200,491200,卖盘
1218,13:31:41,24.6,--,33,81180,卖盘
1219,13:31:35,24.6,-0.02,17,41820,卖盘
1220,13:31:32,24.62,0.02,1,2462,买盘
1221,13:31:29,24.6,--,9,22140,卖盘
1222,13:31:23,24.6,0.03,104,255840,卖盘
1223,13:31:20,24.57,--,42,103194,买盘
1224,13:31:17,24.57,--,10,24570,买盘
1225,13:31:14,24.57,-0.05,71,174447,卖盘
1226,13:31:11,24.62,--,35,86170,买盘
1227,13:31:08,24.62,0.02,22,54164,买盘
1228,13:31:02,24.6,-0.02,34,83640,卖盘
1229,13:30:56,24.62,-0.02,209,514558,卖盘
1230,13:30:50,24.64,--,2,4928,买盘
1231,13:30:47,24.64,-0.01,218,538334,卖盘
1232,13:30:38,24.65,0.01,138,340170,买盘
1233,13:30:26,24.64,--,53,131873,买盘
1234,13:30:23,24.64,--,25,61600,买盘
1235,13:30:17,24.64,0.02,1,2464,买盘
1236,13:30:14,24.62,--,42,103404,卖盘
1237,13:30:11,24.62,-0.01,160,393920,卖盘
1238,13:30:08,24.63,-0.01,51,125613,卖盘
1239,13:30:05,24.64,0.01,119,293216,买盘
1240,13:30:02,24.63,--,75,184725,卖盘
1241,13:29:59,24.63,-0.01,2,4926,卖盘
1242,13:29:53,24.64,0.01,4,9856,买盘
1243,13:29:50,24.63,--,4,9852,卖盘
1244,13:29:47,24.63,--,9,22167,卖盘
1245,13:29:32,24.63,-0.01,5,12315,卖盘
1246,13:29:29,24.64,--,5,12320,买盘
1247,13:29:26,24.64,0.01,1,2464,买盘
1248,13:29:20,24.63,-0.01,17,41871,卖盘
1249,13:29:14,24.64,--,13,32032,买盘
1250,13:29:11,24.64,0.02,49,120736,买盘
1251,13:29:05,24.62,-0.02,9,22158,卖盘
1252,13:29:02,24.64,0.01,5,12320,买盘
1253,13:28:59,24.63,0.01,52,128076,中性盘
1254,13:28:50,24.62,-0.02,15,36930,卖盘
1255,13:28:44,24.64,--,4,9856,买盘
1256,13:28:41,24.64,0.02,13,32032,买盘
1257,13:28:38,24.62,-0.02,20,49240,卖盘
1258,13:28:17,24.64,--,35,86240,买盘
1259,13:28:14,24.64,-0.01,8,20894,卖盘
1260,13:28:05,24.65,0.01,34,85091,买盘
1261,13:27:56,24.64,--,50,123200,买盘
1262,13:27:50,24.64,--,1,2464,买盘
1263,13:27:47,24.64,-0.01,13,33214,卖盘
1264,13:27:41,24.65,--,5,12325,买盘
1265,13:27:35,24.65,0.01,2,4930,买盘
1266,13:27:26,24.64,-0.01,10,24640,卖盘
1267,13:27:23,24.65,0.01,4,9860,买盘
1268,13:27:20,24.64,0.02,16,40705,买盘
1269,13:27:11,24.62,-0.02,32,78784,卖盘
1270,13:27:08,24.64,0.02,10,24640,买盘
1271,13:27:05,24.62,-0.01,17,41854,卖盘
1272,13:26:59,24.63,0.01,22,54186,买盘
1273,13:26:53,24.62,-0.01,6,14772,卖盘
1274,13:26:50,24.63,0.01,1,2463,买盘
1275,13:26:47,24.62,-0.01,1,2462,卖盘
1276,13:26:38,24.63,--,15,36945,买盘
1277,13:26:32,24.63,--,2,4926,买盘
1278,13:26:29,24.63,-0.01,60,147780,卖盘
1279,13:26:17,24.64,0.01,10,24640,买盘
1280,13:26:05,24.63,0.01,27,66501,买盘
1281,13:26:02,24.62,-0.01,10,24620,卖盘
1282,13:25:59,24.63,--,1,2463,买盘
1283,13:25:56,24.63,--,21,51723,买盘
1284,13:25:53,24.63,--,1,2463,买盘
1285,13:25:50,24.63,--,2,4926,买盘
1286,13:25:44,24.63,0.01,1,2463,买盘
1287,13:25:38,24.62,0.04,144,354528,买盘
1288,13:25:35,24.58,-0.04,12,29495,卖盘
1289,13:25:23,24.62,0.02,2,4924,买盘
1290,13:25:17,24.6,0.02,25,61500,买盘
1291,13:25:14,24.58,-0.02,5,12290,买盘
1292,13:25:11,24.6,0.02,17,41820,买盘
1293,13:25:05,24.58,-0.02,7,17206,卖盘
1294,13:24:59,24.6,--,9,22140,买盘
1295,13:24:56,24.6,--,2,4920,买盘
1296,13:24:53,24.6,--,4,9840,买盘
1297,13:24:50,24.6,0.02,2,4920,买盘
1298,13:24:47,24.58,--,5,12290,卖盘
1299,13:24:44,24.58,--,1,2458,卖盘
1300,13:24:38,24.58,0.02,33,81114,买盘
1301,13:24:32,24.56,-0.02,50,122800,卖盘
1302,13:24:26,24.58,0.01,5,12290,买盘
1303,13:24:23,24.57,--,14,34398,买盘
1304,13:24:14,24.57,--,2,4914,买盘
1305,13:24:08,24.57,--,2,4914,买盘
1306,13:23:59,24.57,--,1,2457,卖盘
1307,13:23:41,24.57,--,1,2457,卖盘
1308,13:23:38,24.57,--,4,9828,买盘
1309,13:23:32,24.57,0.01,11,27027,买盘
1310,13:23:26,24.56,--,2,4912,买盘
1311,13:23:11,24.56,0.01,4,9824,买盘
1312,13:23:08,24.55,--,26,63830,卖盘
1313,13:23:02,24.55,--,2,4910,卖盘
1314,13:22:59,24.55,-0.02,2,4910,卖盘
1315,13:22:56,24.57,0.02,1,2457,买盘
1316,13:22:53,24.55,-0.02,20,49100,卖盘
1317,13:22:50,24.57,--,6,14742,买盘
1318,13:22:47,24.57,0.02,20,49140,买盘
1319,13:22:41,24.55,-0.02,127,311785,卖盘
1320,13:22:38,24.57,--,3,7371,卖盘
1321,13:22:35,24.57,--,37,90909,卖盘
1322,13:22:29,24.57,-0.02,3,7371,卖盘
1323,13:22:26,24.59,0.02,90,221310,买盘
1324,13:22:20,24.57,--,5,12285,买盘
1325,13:22:14,24.57,--,15,36855,买盘
1326,13:22:11,24.57,-0.01,13,31941,卖盘
1327,13:22:02,24.58,--,4,9832,买盘
1328,13:21:59,24.58,-0.01,8,19664,卖盘
1329,13:21:43,24.59,--,30,73770,买盘
1330,13:21:40,24.59,--,2,4918,买盘
1331,13:21:37,24.59,--,1,2459,买盘
1332,13:21:28,24.59,0.01,38,93442,买盘
1333,13:21:25,24.58,-0.01,5,12290,中性盘
1334,13:21:19,24.59,--,20,49180,买盘
1335,13:21:13,24.59,--,8,19672,买盘
1336,13:21:10,24.59,--,8,19672,买盘
1337,13:21:07,24.59,0.03,35,86065,中性盘
1338,13:21:01,24.56,-0.02,128,314368,卖盘
1339,13:20:58,24.58,-0.01,3,7373,卖盘
1340,13:20:55,24.59,0.01,15,36885,中性盘
1341,13:20:49,24.58,--,3,7373,卖盘
1342,13:20:46,24.58,--,12,29495,卖盘
1343,13:20:40,24.58,--,3,7373,卖盘
1344,13:20:31,24.58,-0.02,39,95862,卖盘
1345,13:20:28,24.6,--,2,4920,买盘
1346,13:20:22,24.6,--,2,4920,买盘
1347,13:20:16,24.6,-0.02,40,98400,卖盘
1348,13:20:13,24.62,0.05,12,29544,买盘
1349,13:20:04,24.57,-0.03,30,73710,卖盘
1350,13:20:01,24.6,-0.02,4,9840,卖盘
1351,13:19:55,24.62,-0.01,8,19696,中性盘
1352,13:19:49,24.63,--,2,4926,买盘
1353,13:19:46,24.63,0.03,24,59112,买盘
1354,13:19:40,24.6,-0.03,3,7380,中性盘
1355,13:19:34,24.63,0.06,7,17241,买盘
1356,13:19:31,24.57,--,1,2457,买盘
1357,13:19:28,24.57,--,3,7371,买盘
1358,13:19:22,24.57,-0.03,18,44226,卖盘
1359,13:19:16,24.6,-0.03,5,12300,卖盘
1360,13:19:10,24.63,--,20,49260,买盘
1361,13:19:07,24.63,--,24,59112,买盘
1362,13:19:04,24.63,0.03,28,68964,买盘
1363,13:18:58,24.6,--,4,9840,卖盘
1364,13:18:55,24.6,-0.02,10,24600,卖盘
1365,13:18:52,24.62,0.02,10,24620,买盘
1366,13:18:49,24.6,-0.03,3,7380,卖盘
1367,13:18:43,24.63,0.01,34,83742,买盘
1368,13:18:40,24.62,--,4,9848,卖盘
1369,13:18:34,24.62,0.02,5,12310,买盘
1370,13:18:31,24.6,--,4,9840,卖盘
1371,13:18:28,24.6,--,76,186960,卖盘
1372,13:18:16,24.6,-0.03,11,27060,卖盘
1373,13:18:07,24.63,0.02,50,123150,买盘
1374,13:18:04,24.61,-0.02,14,35635,卖盘
1375,13:18:01,24.63,0.02,5,12315,中性盘
1376,13:17:55,24.61,--,33,81311,卖盘
1377,13:17:52,24.61,-0.02,74,183295,卖盘
1378,13:17:49,24.63,-0.01,2,4926,卖盘
1379,13:17:46,24.64,0.01,1,2464,买盘
1380,13:17:43,24.63,--,2,4926,卖盘
1381,13:17:40,24.63,--,4,9852,卖盘
1382,13:17:37,24.63,--,3,7389,卖盘
1383,13:17:34,24.63,0.02,8,19704,买盘
1384,13:17:28,24.61,0.01,32,78752,买盘
1385,13:17:22,24.6,--,13,31980,卖盘
1386,13:17:19,24.6,--,5,12300,卖盘
1387,13:17:13,24.6,-0.01,1,2460,卖盘
1388,13:17:10,24.61,--,25,61525,买盘
1389,13:17:07,24.61,--,18,44298,买盘
1390,13:16:58,24.61,0.01,13,31993,买盘
1391,13:16:52,24.6,-0.01,61,150060,卖盘
1392,13:16:49,24.61,--,11,27071,买盘
1393,13:16:46,24.61,--,20,49220,买盘
1394,13:16:43,24.61,-0.03,49,120589,卖盘
1395,13:16:37,24.64,0.01,33,81312,买盘
1396,13:16:28,24.63,-0.02,12,29556,卖盘
1397,13:16:19,24.65,0.02,20,49300,买盘
1398,13:16:13,24.63,-0.02,11,27093,卖盘
1399,13:16:04,24.65,--,49,120785,卖盘
1400,13:16:01,24.65,--,3,7395,卖盘
1401,13:15:58,24.65,--,32,78880,卖盘
1402,13:15:55,24.65,0.02,120,295800,买盘
1403,13:15:49,24.63,--,3,7389,卖盘
1404,13:15:46,24.63,--,2,4926,卖盘
1405,13:15:37,24.63,0.03,32,78816,买盘
1406,13:15:28,24.6,-0.03,10,24600,卖盘
1407,13:15:25,24.63,0.03,12,29556,中性盘
1408,13:15:13,24.6,--,1,2460,卖盘
1409,13:15:10,24.6,-0.05,128,314880,卖盘
1410,13:15:07,24.65,0.02,5,12325,买盘
1411,13:15:04,24.63,-0.03,27,66501,卖盘
1412,13:14:52,24.66,--,193,475938,买盘
1413,13:14:43,24.66,--,1,2466,买盘
1414,13:14:40,24.66,0.01,36,88776,买盘
1415,13:14:37,24.65,-0.02,3,7395,卖盘
1416,13:14:28,24.67,--,137,337979,买盘
1417,13:14:25,24.67,--,4,9868,买盘
1418,13:14:22,24.67,--,105,259035,买盘
1419,13:14:19,24.67,--,1,2467,买盘
1420,13:14:13,24.67,--,39,96213,买盘
1421,13:14:10,24.67,-0.02,110,271370,中性盘
1422,13:14:07,24.69,0.02,37,91353,买盘
1423,13:14:04,24.67,-0.02,17,41939,卖盘
1424,13:14:01,24.69,0.02,4,9876,买盘
1425,13:13:58,24.67,--,3,7401,卖盘
1426,13:13:52,24.67,-0.01,148,365116,卖盘
1427,13:13:46,24.68,0.01,32,78976,买盘
1428,13:13:40,24.67,--,8,19736,买盘
1429,13:13:34,24.67,--,2,4934,买盘
1430,13:13:31,24.67,0.01,1,2467,买盘
1431,13:13:28,24.66,-0.01,2,4932,卖盘
1432,13:13:25,24.67,0.02,1,2467,买盘
1433,13:13:22,24.65,--,7,17255,卖盘
1434,13:13:16,24.65,0.02,82,202130,买盘
1435,13:13:04,24.63,-0.02,17,41871,卖盘
1436,13:13:01,24.65,0.02,45,110925,买盘
1437,13:12:58,24.63,0.01,43,105909,买盘
1438,13:12:46,24.62,0.02,41,100942,买盘
1439,13:12:43,24.6,--,2,4920,卖盘
1440,13:12:40,24.6,--,8,19680,卖盘
1441,13:12:34,24.6,0.01,21,51660,买盘
1442,13:12:31,24.59,-0.01,3,7377,卖盘
1443,13:12:22,24.6,--,5,12300,买盘
1444,13:12:19,24.6,--,6,14760,买盘
1445,13:12:16,24.6,--,4,9840,买盘
1446,13:12:07,24.6,0.01,23,57342,买盘
1447,13:12:04,24.59,--,19,46721,卖盘
1448,13:11:58,24.59,--,3,7377,卖盘
1449,13:11:46,24.59,--,11,28303,买盘
1450,13:11:43,24.59,0.02,3,7377,买盘
1451,13:11:40,24.57,--,12,29484,卖盘
1452,13:11:34,24.57,--,5,12285,卖盘
1453,13:11:31,24.57,-0.02,5,12285,卖盘
1454,13:11:28,24.59,--,24,59016,买盘
1455,13:11:13,24.59,--,2,4918,买盘
1456,13:11:10,24.59,--,15,36885,买盘
1457,13:11:04,24.59,--,31,76229,买盘
1458,13:10:58,24.59,--,11,27049,买盘
1459,13:10:49,24.59,0.02,35,86065,买盘
1460,13:10:43,24.57,-0.02,39,95823,卖盘
1461,13:10:40,24.59,0.02,12,29508,买盘
1462,13:10:37,24.57,--,2,4914,卖盘
1463,13:10:31,24.57,-0.02,0,2358,卖盘
1464,13:10:25,24.59,0.03,87,213933,买盘
1465,13:10:19,24.56,-0.01,2,4912,卖盘
1466,13:10:04,24.57,-0.02,4,10835,卖盘
1467,13:10:01,24.59,0.02,9,22131,买盘
1468,13:09:49,24.57,-0.02,41,100737,卖盘
1469,13:09:43,24.59,--,6,14754,买盘
1470,13:09:40,24.59,0.01,5,12295,买盘
1471,13:09:37,24.58,-0.01,4,9832,卖盘
1472,13:09:34,24.59,0.01,1,2459,买盘
1473,13:09:28,24.58,-0.01,6,14747,卖盘
1474,13:09:19,24.59,--,38,93442,买盘
1475,13:09:16,24.59,0.02,1,2459,买盘
1476,13:09:13,24.57,--,0,1449,卖盘
1477,13:09:07,24.57,-0.03,19,46683,卖盘
1478,13:09:01,24.6,--,6,14760,买盘
1479,13:08:58,24.6,--,11,27060,买盘
1480,13:08:52,24.6,--,35,86100,买盘
1481,13:08:49,24.6,--,3,7380,买盘
1482,13:08:40,24.6,0.03,1,2460,买盘
1483,13:08:37,24.57,--,3,7371,卖盘
1484,13:08:31,24.57,0.01,30,73710,买盘
1485,13:08:28,24.56,--,16,39296,卖盘
1486,13:08:22,24.56,-0.01,35,85960,卖盘
1487,13:08:19,24.57,--,1,2457,买盘
1488,13:08:13,24.57,--,21,51597,买盘
1489,13:08:10,24.57,0.01,80,196560,买盘
1490,13:08:07,24.56,--,15,36840,卖盘
1491,13:08:04,24.56,-0.01,11,27016,卖盘
1492,13:07:52,24.57,0.01,37,90909,买盘
1493,13:07:49,24.56,--,3,7368,卖盘
1494,13:07:43,24.56,--,1,2456,买盘
1495,13:07:40,24.56,0.01,1,2456,买盘
1496,13:07:37,24.55,0.01,3,7365,卖盘
1497,13:07:28,24.54,-0.01,12,29448,卖盘
1498,13:07:22,24.55,--,20,49100,买盘
1499,13:07:16,24.55,--,2,4910,买盘
1500,13:07:10,24.55,--,10,24550,买盘
1501,13:07:07,24.55,--,6,14730,卖盘
1502,13:07:04,24.55,-0.02,17,41735,卖盘
1503,13:07:01,24.57,--,331,813267,买盘
1504,13:06:55,24.57,0.02,47,115479,买盘
1505,13:06:52,24.55,-0.02,8,19640,卖盘
1506,13:06:46,24.57,0.03,1,2457,买盘
1507,13:06:43,24.54,--,191,468714,卖盘
1508,13:06:37,24.54,--,3,7362,卖盘
1509,13:06:34,24.54,--,8,19632,卖盘
1510,13:06:25,24.54,-0.03,8,19632,中性盘
1511,13:06:19,24.57,0.04,2,4914,买盘
1512,13:06:16,24.53,-0.04,26,63778,卖盘
1513,13:06:10,24.57,-0.01,8,19656,卖盘
1514,13:06:04,24.58,--,22,54075,买盘
1515,13:05:58,24.58,--,43,105693,买盘
1516,13:05:31,24.58,--,10,24580,买盘
1517,13:05:25,24.58,--,18,44244,卖盘
1518,13:05:19,24.58,--,1,2458,买盘
1519,13:05:13,24.58,--,2,4916,买盘
1520,13:05:07,24.58,0.05,10,24580,买盘
1521,13:05:04,24.53,-0.07,83,203599,卖盘
1522,13:05:01,24.6,0.02,27,66420,买盘
1523,13:04:58,24.58,-0.02,12,29495,卖盘
1524,13:04:55,24.6,0.02,1,2460,买盘
1525,13:04:52,24.58,-0.01,1,2458,卖盘
1526,13:04:46,24.59,--,1,2459,中性盘
1527,13:04:40,24.59,-0.01,10,24590,卖盘
1528,13:04:37,24.6,--,2,4920,买盘
1529,13:04:31,24.6,--,11,27060,买盘
1530,13:04:28,24.6,--,1,2460,卖盘
1531,13:04:25,24.6,-0.02,19,46740,中性盘
1532,13:04:19,24.62,0.02,85,209270,买盘
1533,13:04:13,24.6,--,1,2460,卖盘
1534,13:04:10,24.6,0.02,5,12300,买盘
1535,13:04:07,24.58,--,3,7373,卖盘
1536,13:04:04,24.58,-0.04,17,41786,卖盘
1537,13:04:01,24.62,0.02,36,88632,买盘
1538,13:03:55,24.6,-0.01,4,9840,卖盘
1539,13:03:52,24.61,-0.01,3,7383,中性盘
1540,13:03:40,24.62,--,1,2462,买盘
1541,13:03:37,24.62,--,34,83708,卖盘
1542,13:03:31,24.62,--,3,7386,卖盘
1543,13:03:28,24.62,-0.01,2,4924,卖盘
1544,13:03:25,24.63,--,2,4926,买盘
1545,13:03:16,24.63,--,1,2463,买盘
1546,13:03:10,24.63,0.01,12,29556,买盘
1547,13:03:04,24.62,-0.01,52,128024,卖盘
1548,13:03:01,24.63,--,6,14778,卖盘
1549,13:02:55,24.63,--,6,14778,卖盘
1550,13:02:52,24.63,-0.01,4,9852,中性盘
1551,13:02:49,24.64,--,249,613536,买盘
1552,13:02:43,24.64,0.01,2,4928,买盘
1553,13:02:37,24.63,-0.01,31,76353,卖盘
1554,13:02:31,24.64,0.01,1,2464,买盘
1555,13:02:25,24.63,0.01,28,68964,买盘
1556,13:02:19,24.62,--,3,7386,卖盘
1557,13:02:07,24.62,-0.01,10,24620,卖盘
1558,13:02:04,24.63,0.05,26,64038,买盘
1559,13:02:01,24.58,-0.03,16,39328,卖盘
1560,13:01:55,24.61,-0.01,50,123050,卖盘
1561,13:01:52,24.62,--,2,4924,卖盘
1562,13:01:49,24.62,0.01,10,24620,卖盘
1563,13:01:43,24.61,0.03,58,143156,买盘
1564,13:01:33,24.58,-0.02,2,4916,卖盘
1565,13:01:30,24.6,--,2,4920,买盘
1566,13:01:24,24.6,--,2,6961,卖盘
1567,13:01:15,24.6,--,9,22558,买盘
1568,13:01:12,24.6,0.02,58,142680,买盘
1569,13:01:03,24.58,-0.02,22,54075,中性盘
1570,13:01:00,24.6,0.02,42,103320,买盘
1571,13:00:54,24.58,--,2,4916,买盘
1572,13:00:51,24.58,--,18,44244,买盘
1573,13:00:39,24.58,0.05,23,56533,买盘
1574,13:00:36,24.53,-0.05,8,19624,中性盘
1575,13:00:30,24.58,--,2,4916,买盘
1576,13:00:24,24.58,--,4,9832,买盘
1577,13:00:18,24.58,--,2,4916,买盘
1578,13:00:15,24.58,0.06,11,27037,买盘
1579,13:00:12,24.52,--,64,156928,卖盘
1580,13:00:09,24.52,0.04,1048,2569696,买盘
1581,13:00:06,24.48,-0.02,1501,3674448,卖盘
1582,13:00:03,24.5,--,203,497350,买盘
1583,11:30:05,24.5,--,4,9800,买盘
1584,11:29:53,24.5,--,2,4900,买盘
1585,11:29:50,24.5,--,59,144550,买盘
1586,11:29:41,24.5,0.03,105,257348,买盘
1587,11:29:38,24.47,-0.01,3,7341,卖盘
1588,11:29:35,24.48,0.01,38,93024,买盘
1589,11:29:29,24.47,-0.01,6,14682,卖盘
1590,11:29:26,24.48,-0.02,524,1283853,卖盘
1591,11:29:23,24.5,--,89,218050,买盘
1592,11:29:17,24.5,--,16,39200,买盘
1593,11:29:14,24.5,--,7,17150,买盘
1594,11:29:11,24.5,--,234,573300,卖盘
1595,11:29:05,24.5,-0.02,471,1153950,卖盘
1596,11:29:02,24.52,0.01,5,12260,买盘
1597,11:28:59,24.51,--,4,9804,卖盘
1598,11:28:56,24.51,--,20,49020,卖盘
1599,11:28:53,24.51,-0.01,3,7353,卖盘
1600,11:28:50,24.52,0.01,11,26972,买盘
1601,11:28:41,24.51,-0.01,12,29412,卖盘
1602,11:28:29,24.52,-0.03,114,279528,卖盘
1603,11:28:26,24.55,-0.01,50,122750,卖盘
1604,11:28:17,24.56,--,6,14736,买盘
1605,11:28:14,24.56,--,4,9824,买盘
1606,11:28:11,24.56,--,340,835040,买盘
1607,11:28:05,24.56,--,18,44208,买盘
1608,11:28:02,24.56,--,6,14736,买盘
1609,11:27:53,24.56,--,2,4912,买盘
1610,11:27:50,24.56,--,2,4912,买盘
1611,11:27:47,24.56,0.06,31,76136,买盘
1612,11:27:41,24.5,--,3,7350,卖盘
1613,11:27:29,24.5,0.01,75,183750,中性盘
1614,11:27:14,24.49,-0.06,1,2449,卖盘
1615,11:27:11,24.55,--,7,17185,买盘
1616,11:27:05,24.55,0.06,19,47995,买盘
1617,11:27:02,24.49,--,6,14693,买盘
1618,11:26:59,24.49,--,1,2449,买盘
1619,11:26:56,24.49,--,43,105307,买盘
1620,11:26:50,24.49,-0.01,224,548576,卖盘
1621,11:26:47,24.5,--,22,53900,买盘
1622,11:26:44,24.5,--,2,4900,买盘
1623,11:26:41,24.5,--,14,34300,买盘
1624,11:26:38,24.5,--,2,4900,买盘
1625,11:26:32,24.5,--,39,95550,买盘
1626,11:26:29,24.5,0.01,6,14700,买盘
1627,11:26:23,24.49,-0.01,104,254695,卖盘
1628,11:26:20,24.5,--,2,4900,买盘
1629,11:26:17,24.5,--,5,12250,买盘
1630,11:26:14,24.5,--,2,4900,买盘
1631,11:26:05,24.5,-0.05,185,453250,卖盘
1632,11:26:02,24.55,0.05,1,2455,买盘
1633,11:25:59,24.5,--,329,806050,买盘
1634,11:25:47,24.5,--,215,526750,买盘
1635,11:25:44,24.5,0.01,24,58800,买盘
1636,11:25:38,24.49,-0.01,10,24490,卖盘
1637,11:25:35,24.5,0.01,40,98000,买盘
1638,11:25:32,24.49,--,42,102858,卖盘
1639,11:25:26,24.49,-0.01,351,859599,卖盘
1640,11:25:20,24.5,0.01,30,73500,买盘
1641,11:25:17,24.49,-0.01,1,2449,卖盘
1642,11:25:14,24.5,--,2,4900,买盘
1643,11:25:11,24.5,--,16,39200,买盘
1644,11:25:08,24.5,--,1,2450,买盘
1645,11:25:05,24.5,--,10,24500,买盘
1646,11:25:02,24.5,--,204,499800,买盘
1647,11:24:59,24.5,-0.06,143,350350,卖盘
1648,11:24:56,24.56,--,6,14736,卖盘
1649,11:24:47,24.56,--,62,152272,买盘
1650,11:24:41,24.56,-0.01,1,2456,卖盘
1651,11:24:35,24.57,-0.01,37,90909,中性盘
1652,11:24:26,24.58,0.02,25,61449,买盘
1653,11:24:11,24.56,0.07,1,2456,买盘
1654,11:24:05,24.49,-0.08,17,41633,中性盘
1655,11:23:44,24.57,0.1,327,803439,买盘
1656,11:23:38,24.47,--,38,92986,买盘
1657,11:23:35,24.47,-0.01,28,68516,卖盘
1658,11:23:26,24.48,0.01,25,61200,买盘
1659,11:23:23,24.47,--,2,4894,买盘
1660,11:23:20,24.47,--,1,2447,买盘
1661,11:23:14,24.47,--,2,4894,买盘
1662,11:23:10,24.47,--,3,7341,买盘
1663,11:23:01,24.47,--,41,100327,卖盘
1664,11:22:58,24.47,--,3,7341,卖盘
1665,11:22:49,24.47,-0.01,9,22023,卖盘
1666,11:22:43,24.48,--,5,12240,买盘
1667,11:22:40,24.48,--,160,391680,买盘
1668,11:22:37,24.48,--,40,97920,买盘
1669,11:22:34,24.48,0.01,31,75888,买盘
1670,11:22:31,24.47,-0.01,3,7341,卖盘
1671,11:22:28,24.48,-0.01,29,70992,卖盘
1672,11:22:25,24.49,--,1,2449,买盘
1673,11:22:22,24.49,--,11,26939,买盘
1674,11:22:16,24.49,--,12,29387,买盘
1675,11:22:13,24.49,--,30,73470,买盘
1676,11:22:10,24.49,--,1,2449,买盘
1677,11:22:04,24.49,--,122,298778,买盘
1678,11:21:55,24.49,--,9,22041,买盘
1679,11:21:40,24.49,--,38,93062,买盘
1680,11:21:31,24.49,--,205,502044,卖盘
1681,11:21:25,24.49,--,3,7346,卖盘
1682,11:21:22,24.49,--,21,51429,买盘
1683,11:21:19,24.49,--,54,132246,买盘
1684,11:21:16,24.49,--,16,39184,买盘
1685,11:21:13,24.49,--,5,12245,买盘
1686,11:21:07,24.49,--,14,34286,买盘
1687,11:21:04,24.49,-0.08,135,332231,卖盘
1688,11:20:58,24.57,--,5,12285,卖盘
1689,11:20:55,24.57,--,3,7371,卖盘
1690,11:20:52,24.57,--,10,24570,卖盘
1691,11:20:40,24.57,0.05,15,37690,买盘
1692,11:20:31,24.52,-0.05,1,2452,卖盘
1693,11:20:28,24.57,--,16,39312,买盘
1694,11:20:25,24.57,--,2,4914,买盘
1695,11:20:22,24.57,--,63,154791,买盘
1696,11:20:16,24.57,-0.01,12,31105,卖盘
1697,11:20:04,24.58,--,19,46702,卖盘
1698,11:19:58,24.58,--,2,4916,卖盘
1699,11:19:49,24.58,--,1,2458,卖盘
1700,11:19:43,24.58,0.01,15,36870,买盘
1701,11:19:37,24.57,-0.01,3,7371,卖盘
1702,11:19:34,24.58,0.06,1,3293,买盘
1703,11:19:28,24.52,-0.05,3,7356,卖盘
1704,11:19:22,24.57,-0.01,3,8992,卖盘
1705,11:19:19,24.58,0.01,1,2458,买盘
1706,11:19:07,24.57,--,1,2457,卖盘
1707,11:19:04,24.57,--,17,41769,卖盘
1708,11:19:01,24.57,--,2,4914,卖盘
1709,11:18:58,24.57,--,3,7371,卖盘
1710,11:18:55,24.57,--,10,24570,卖盘
1711,11:18:46,24.57,--,1,3292,买盘
1712,11:18:37,24.57,--,13,31941,买盘
1713,11:18:34,24.57,-0.01,2,4914,买盘
1714,11:18:28,24.58,0.01,1,2458,买盘
1715,11:18:22,24.57,-0.01,10,24570,中性盘
1716,11:18:19,24.58,0.01,14,34412,买盘
1717,11:18:04,24.57,--,6,14742,卖盘
1718,11:18:01,24.57,--,2,4914,卖盘
1719,11:17:58,24.57,--,308,756756,卖盘
1720,11:17:52,24.57,--,6,14742,卖盘
1721,11:17:46,24.57,--,41,100737,买盘
1722,11:17:37,24.57,-0.01,81,199017,卖盘
1723,11:17:34,24.58,--,5,12290,买盘
1724,11:17:31,24.58,--,17,41786,买盘
1725,11:17:28,24.58,--,1,2458,买盘
1726,11:17:25,24.58,--,1,2458,买盘
1727,11:17:22,24.58,0.01,1,2458,买盘
1728,11:17:16,24.57,-0.01,10,24570,卖盘
1729,11:17:07,24.58,--,73,179434,卖盘
1730,11:16:52,24.58,-0.01,10,24580,卖盘
1731,11:16:49,24.59,0.01,13,31967,买盘
1732,11:16:28,24.58,--,1,2458,买盘
1733,11:16:25,24.58,--,2,4916,买盘
1734,11:16:22,24.58,--,2,4916,买盘
1735,11:16:10,24.58,--,75,184350,卖盘
1736,11:16:01,24.58,--,2,4916,卖盘
1737,11:15:58,24.58,-0.01,3,7373,卖盘
1738,11:15:55,24.59,0.02,20,49180,中性盘
1739,11:15:46,24.57,-0.02,103,253071,卖盘
1740,11:15:43,24.59,--,68,167212,买盘
1741,11:15:37,24.59,0.01,2,4918,买盘
1742,11:15:31,24.58,0.01,23,56533,中性盘
1743,11:15:28,24.57,--,32,78624,卖盘
1744,11:15:22,24.57,-0.02,6,14742,卖盘
1745,11:15:19,24.59,0.01,9,22131,买盘
1746,11:15:10,24.58,0.01,6,15976,买盘
1747,11:15:04,24.57,--,3,7371,买盘
1748,11:15:01,24.57,0.01,4,9828,买盘
1749,11:14:58,24.56,0.02,28,68768,买盘
1750,11:14:55,24.54,--,4,9816,卖盘
1751,11:14:52,24.54,--,31,77301,买盘
1752,11:14:49,24.54,--,2,4908,买盘
1753,11:14:46,24.54,--,4,9816,买盘
1754,11:14:43,24.54,0.01,102,250308,买盘
1755,11:14:37,24.53,--,2,4906,买盘
1756,11:14:34,24.53,--,211,517583,买盘
1757,11:14:31,24.53,--,2,4906,买盘
1758,11:14:25,24.53,--,6,14718,买盘
1759,11:14:22,24.53,--,3,7359,买盘
1760,11:14:16,24.53,0.01,14,34342,买盘
1761,11:14:13,24.52,-0.01,2,4904,卖盘
1762,11:14:10,24.53,--,2,4906,买盘
1763,11:14:04,24.53,0.01,3,7359,买盘
1764,11:14:01,24.52,--,13,31876,卖盘
1765,11:13:55,24.52,--,5,12260,卖盘
1766,11:13:52,24.52,0.01,16,39232,买盘
1767,11:13:40,24.51,-0.01,1,2451,中性盘
1768,11:13:31,24.52,--,10,24520,买盘
1769,11:13:28,24.52,--,187,458524,卖盘
1770,11:13:22,24.52,-0.02,86,210872,卖盘
1771,11:13:10,24.54,--,33,82209,卖盘
1772,11:13:07,24.54,--,10,24540,卖盘
1773,11:13:01,24.54,--,40,98160,卖盘
1774,11:12:55,24.54,0.02,59,146013,买盘
1775,11:12:46,24.52,0.02,52,127528,买盘
1776,11:12:37,24.5,--,7,17150,卖盘
1777,11:12:31,24.5,0.01,11,26950,中性盘
1778,11:12:16,24.49,-0.01,48,117551,卖盘
1779,11:12:13,24.5,--,8,19600,买盘
1780,11:12:04,24.5,0.01,15,36750,买盘
1781,11:12:01,24.49,-0.01,2,4898,卖盘
1782,11:11:58,24.5,--,37,90650,买盘
1783,11:11:52,24.5,--,1,2450,买盘
1784,11:11:46,24.5,0.03,1,2450,买盘
1785,11:11:37,24.47,--,23,56281,卖盘
1786,11:11:25,24.47,--,2,4894,卖盘
1787,11:11:22,24.47,--,155,379285,买盘
1788,11:11:19,24.47,0.01,1,2447,买盘
1789,11:11:16,24.46,--,31,75826,卖盘
1790,11:11:13,24.46,-0.01,15,36690,卖盘
1791,11:11:07,24.47,--,37,90539,买盘
1792,11:11:01,24.47,--,63,154161,卖盘
1793,11:10:55,24.47,--,1,2447,卖盘
1794,11:10:52,24.47,--,5,12235,卖盘
1795,11:10:49,24.47,0.01,16,39152,买盘
1796,11:10:46,24.46,-0.01,39,95394,卖盘
1797,11:10:43,24.47,--,10,24470,买盘
1798,11:10:40,24.47,--,63,154161,卖盘
1799,11:10:28,24.47,-0.02,7,17129,卖盘
1800,11:10:25,24.49,--,10,24490,买盘
1801,11:10:13,24.49,-0.01,7,17143,卖盘
1802,11:10:07,24.5,-0.02,5,12250,中性盘
1803,11:10:04,24.52,--,17,41684,买盘
1804,11:10:01,24.52,0.02,37,90724,买盘
1805,11:09:58,24.5,-0.02,2,4900,卖盘
1806,11:09:43,24.52,--,1,2452,买盘
1807,11:09:19,24.52,--,2,4904,卖盘
1808,11:09:13,24.52,--,67,164284,卖盘
1809,11:09:04,24.52,--,50,122600,卖盘
1810,11:09:01,24.52,--,2,4904,卖盘
1811,11:08:58,24.52,0.03,103,252556,买盘
1812,11:08:55,24.49,-0.01,1,2449,中性盘
1813,11:08:49,24.5,--,5,12250,买盘
1814,11:08:43,24.5,--,2,4900,买盘
1815,11:08:34,24.5,--,2,4900,买盘
1816,11:08:28,24.5,--,4,9800,买盘
1817,11:08:13,24.5,--,23,56374,买盘
1818,11:08:04,24.5,--,52,127400,买盘
1819,11:07:58,24.5,--,2,4900,买盘
1820,11:07:55,24.5,--,2,4900,买盘
1821,11:07:52,24.5,--,35,85750,买盘
1822,11:07:49,24.5,0.04,212,519400,买盘
1823,11:07:37,24.46,0.06,3,7338,中性盘
1824,11:07:22,24.4,-0.01,69,168360,卖盘
1825,11:07:16,24.41,--,17,41497,卖盘
1826,11:07:04,24.41,--,15,36615,买盘
1827,11:07:01,24.41,--,49,119609,买盘
1828,11:06:58,24.41,--,11,26851,买盘
1829,11:06:55,24.41,0.01,32,78112,买盘
1830,11:06:52,24.4,--,44,107360,卖盘
1831,11:06:49,24.4,-0.06,96,234240,卖盘
1832,11:06:46,24.46,0.05,6,14676,买盘
1833,11:06:37,24.41,--,59,144019,卖盘
1834,11:06:31,24.41,-0.05,3,7323,卖盘
1835,11:06:25,24.46,0.06,50,122300,买盘
1836,11:06:19,24.4,0.01,34,82960,买盘
1837,11:06:16,24.39,-0.01,17,41463,卖盘
1838,11:06:13,24.4,--,5,12200,买盘
1839,11:06:10,24.4,--,1,2440,买盘
1840,11:06:07,24.4,-0.01,190,463600,卖盘
1841,11:06:01,24.41,-0.05,5,12205,卖盘
1842,11:05:49,24.46,--,41,100286,买盘
1843,11:05:46,24.46,-0.04,103,251938,卖盘
1844,11:05:34,24.5,0.02,452,1107400,买盘
1845,11:05:31,24.48,--,4,9792,卖盘
1846,11:05:19,24.48,--,4,9792,卖盘
1847,11:05:16,24.48,--,44,107712,买盘
1848,11:05:13,24.48,--,40,97920,买盘
1849,11:05:04,24.48,0.01,17,41616,买盘
1850,11:05:01,24.47,--,8,19576,卖盘
1851,11:04:43,24.47,--,4,9788,卖盘
1852,11:04:34,24.47,-0.01,3,7341,卖盘
1853,11:04:31,24.48,--,5,12240,卖盘
1854,11:04:28,24.48,--,1,2448,卖盘
1855,11:04:25,24.48,0.01,19,46512,买盘
1856,11:04:22,24.47,-0.01,10,24470,卖盘
1857,11:04:19,24.48,--,10,24480,买盘
1858,11:04:16,24.48,--,30,73440,买盘
1859,11:04:10,24.48,--,37,90576,买盘
1860,11:04:07,24.48,--,29,70992,买盘
1861,11:03:57,24.48,--,14,34272,买盘
1862,11:03:51,24.48,--,1,2448,买盘
1863,11:03:48,24.48,0.02,22,53856,买盘
1864,11:03:45,24.46,-0.01,2,4892,卖盘
1865,11:03:36,24.47,--,2,4894,买盘
1866,11:03:33,24.47,-0.01,28,68516,卖盘
1867,11:03:18,24.48,0.01,93,227664,买盘
1868,11:03:15,24.47,--,21,51387,卖盘
1869,11:03:12,24.47,0.01,5,12235,买盘
1870,11:03:00,24.46,--,3,7338,卖盘
1871,11:02:54,24.46,--,58,141868,买盘
1872,11:02:39,24.46,0.02,521,1274366,买盘
1873,11:02:36,24.44,0.04,2,4888,买盘
1874,11:02:18,24.4,--,17,41480,卖盘
1875,11:02:12,24.4,--,45,109800,买盘
1876,11:02:03,24.4,0.01,40,97600,买盘
1877,11:01:57,24.39,-0.01,3,7317,卖盘
1878,11:01:54,24.4,0.01,135,329400,买盘
1879,11:01:51,24.39,-0.01,3,7317,卖盘
1880,11:01:48,24.4,--,90,219600,买盘
1881,11:01:42,24.4,--,1,2440,买盘
1882,11:01:36,24.4,--,32,78080,买盘
1883,11:01:30,24.4,--,8,19520,买盘
1884,11:01:24,24.4,-0.03,126,307440,卖盘
1885,11:01:15,24.43,0.02,21,51303,买盘
1886,11:01:12,24.41,--,4,9764,买盘
1887,11:01:06,24.41,--,1,2441,买盘
1888,11:01:03,24.41,--,41,100081,买盘
1889,11:00:54,24.41,-0.02,5,12205,卖盘
1890,11:00:39,24.43,--,2,4886,买盘
1891,11:00:33,24.43,--,6,14658,买盘
1892,11:00:27,24.43,--,2,4886,买盘
1893,11:00:24,24.43,0.03,2,4886,买盘
1894,11:00:18,24.4,0.01,11,26840,买盘
1895,11:00:15,24.39,-0.01,31,75609,卖盘
1896,11:00:09,24.4,--,35,85400,买盘
1897,11:00:03,24.4,0.01,6,14640,买盘
1898,10:59:57,24.39,-0.01,28,68292,卖盘
1899,10:59:51,24.4,--,2,4880,买盘
1900,10:59:48,24.4,0.01,10,24400,买盘
1901,10:59:39,24.39,-0.01,3,7317,卖盘
1902,10:59:36,24.4,--,27,65880,买盘
1903,10:59:33,24.4,0.01,25,61000,买盘
1904,10:59:24,24.39,-0.01,4,9756,卖盘
1905,10:59:21,24.4,--,5,12200,买盘
1906,10:59:18,24.4,0.01,65,158600,买盘
1907,10:59:09,24.39,-0.01,24,58536,卖盘
1908,10:58:54,24.4,--,11,26840,买盘
1909,10:58:51,24.4,0.01,53,129319,买盘
1910,10:58:48,24.39,-0.01,2,4878,卖盘
1911,10:58:36,24.4,--,13,31719,买盘
1912,10:58:30,24.4,--,11,26840,买盘
1913,10:58:24,24.4,--,66,161040,买盘
1914,10:58:21,24.4,--,38,92720,买盘
1915,10:58:18,24.4,0.01,38,92720,买盘
1916,10:58:15,24.39,--,3,7317,卖盘
1917,10:57:51,24.39,--,2,4878,买盘
1918,10:57:48,24.39,--,20,48780,买盘
1919,10:57:45,24.39,--,6,14634,买盘
1920,10:57:33,24.39,-0.01,15,36585,中性盘
1921,10:57:21,24.4,0.01,39,95160,买盘
1922,10:57:18,24.39,--,39,95121,卖盘
1923,10:57:15,24.39,--,17,41463,卖盘
1924,10:57:09,24.39,--,2,4878,卖盘
1925,10:57:03,24.39,--,13,31707,卖盘
1926,10:57:00,24.39,-0.01,1,2439,卖盘
1927,10:56:54,24.4,0.01,5,12200,买盘
1928,10:56:51,24.39,--,2,4878,卖盘
1929,10:56:39,24.39,-0.01,1,2439,中性盘
1930,10:56:21,24.4,--,37,90280,买盘
1931,10:56:18,24.4,0.02,256,624640,买盘
1932,10:56:15,24.38,--,17,41446,卖盘
1933,10:56:09,24.38,--,8,19504,卖盘
1934,10:56:03,24.38,-0.02,2,4876,卖盘
1935,10:55:54,24.4,0.01,51,124440,买盘
1936,10:55:45,24.39,-0.01,1,2439,中性盘
1937,10:55:24,24.4,--,37,90280,买盘
1938,10:55:18,24.4,0.05,2,4880,买盘
1939,10:55:15,24.35,-0.05,117,284895,卖盘
1940,10:55:12,24.4,0.01,4,9760,买盘
1941,10:55:09,24.39,--,2,4878,卖盘
1942,10:55:00,24.39,-0.01,49,119511,卖盘
1943,10:54:48,24.4,--,5,12200,买盘
1944,10:54:39,24.4,--,1,2440,买盘
1945,10:54:33,24.4,0.01,17,41480,买盘
1946,10:54:27,24.39,--,1,2439,卖盘
1947,10:54:24,24.39,0.01,7,17073,买盘
1948,10:54:21,24.38,--,55,134090,卖盘
1949,10:54:15,24.38,-0.01,17,41446,卖盘
1950,10:54:06,24.39,0.01,8,19512,买盘
1951,10:54:00,24.38,--,5,12190,买盘
1952,10:53:51,24.38,--,2,4876,买盘
1953,10:53:48,24.38,-0.01,5,12190,卖盘
1954,10:53:42,24.39,-0.01,2,4878,买盘
1955,10:53:30,24.4,0.01,37,90280,买盘
1956,10:53:18,24.39,--,15,36585,卖盘
1957,10:53:15,24.39,--,84,204876,卖盘
1958,10:53:09,24.39,--,2,4878,卖盘
1959,10:53:06,24.39,--,32,78048,卖盘
1960,10:52:57,24.39,-0.01,3,7317,卖盘
1961,10:52:54,24.4,--,10,24400,卖盘
1962,10:52:48,24.4,-0.03,6,14640,卖盘
1963,10:52:30,24.43,--,38,92834,买盘
1964,10:52:27,24.43,-0.01,3,7329,中性盘
1965,10:52:09,24.44,0.01,51,124644,买盘
1966,10:51:54,24.43,--,2,4886,卖盘
1967,10:51:48,24.43,--,10,24430,卖盘
1968,10:51:33,24.43,0.03,20,48860,中性盘
1969,10:51:18,24.4,--,6,14640,买盘
1970,10:51:15,24.4,-0.04,11,26840,卖盘
1971,10:50:51,24.44,0.04,5,12220,买盘
1972,10:50:45,24.4,--,1,2440,卖盘
1973,10:50:42,24.4,--,20,48800,卖盘
1974,10:50:33,24.4,--,16,39040,买盘
1975,10:50:21,24.4,0.01,1,2440,中性盘
1976,10:50:09,24.39,-0.05,10,24390,卖盘
1977,10:49:51,24.44,0.05,8,19552,买盘
1978,10:49:42,24.39,-0.06,4,9756,卖盘
1979,10:49:33,24.45,0.05,67,163815,买盘
1980,10:49:27,24.4,--,10,24400,卖盘
1981,10:49:24,24.4,--,27,65880,卖盘
1982,10:49:21,24.4,0.01,13,31719,买盘
1983,10:49:15,24.39,-0.01,22,53658,卖盘
1984,10:49:12,24.4,0.01,3,7320,买盘
1985,10:49:06,24.39,-0.01,2,4878,卖盘
1986,10:49:03,24.4,-0.05,47,117095,卖盘
1987,10:49:00,24.45,0.04,5,12225,买盘
1988,10:48:54,24.41,--,20,48820,卖盘
1989,10:48:42,24.41,--,2,4882,卖盘
1990,10:48:36,24.41,--,19,47355,买盘
1991,10:48:33,24.41,0.01,3,7323,买盘
1992,10:48:30,24.4,--,8,19520,卖盘
1993,10:48:27,24.4,--,3,7320,卖盘
1994,10:48:24,24.4,--,1,2440,卖盘
1995,10:48:18,24.4,-0.01,25,61000,卖盘
1996,10:48:09,24.41,--,16,40520,卖盘
1997,10:47:54,24.41,-0.04,8,20504,卖盘
1998,10:47:36,24.45,--,39,95355,买盘
1999,10:47:18,24.45,--,1,2445,买盘
2000,10:47:15,24.45,--,2,4890,卖盘
2001,10:47:12,24.45,-0.01,5,12225,卖盘
2002,10:46:54,24.46,0.01,2,4892,买盘
2003,10:46:42,24.45,--,30,73350,买盘
2004,10:46:36,24.45,--,1,2445,买盘
2005,10:46:33,24.45,0.05,20,48900,买盘
2006,10:46:24,24.4,--,1,2440,卖盘
2007,10:46:21,24.4,-0.05,17,41480,卖盘
2008,10:46:15,24.45,--,18,44010,买盘
2009,10:46:00,24.45,0.05,1,2445,买盘
2010,10:45:54,24.4,--,23,56120,卖盘
2011,10:45:42,24.4,0.01,3,7344,中性盘
2012,10:45:24,24.39,-0.05,37,90243,卖盘
2013,10:45:18,24.44,0.04,1,2444,买盘
2014,10:45:15,24.4,-0.04,17,41480,卖盘
2015,10:45:12,24.44,--,2,4888,中性盘
2016,10:45:03,24.44,--,11,26884,卖盘
2017,10:44:57,24.44,--,2,4888,卖盘
2018,10:44:54,24.44,--,1,2444,卖盘
2019,10:44:45,24.44,0.04,65,158860,买盘
2020,10:44:39,24.4,--,2,4880,买盘
2021,10:44:36,24.4,--,1,2440,买盘
2022,10:44:33,24.4,--,6,14640,买盘
2023,10:44:30,24.4,--,13,31719,卖盘
2024,10:44:18,24.4,-0.04,17,41480,卖盘
2025,10:44:09,24.44,0.05,2,4888,买盘
2026,10:43:51,24.39,--,20,48780,卖盘
2027,10:43:48,24.39,--,4,9756,买盘
2028,10:43:39,24.39,0.01,1,2439,买盘
2029,10:43:36,24.38,--,11,26818,卖盘
2030,10:43:33,24.38,-0.01,20,48760,卖盘
2031,10:43:29,24.39,--,2,4878,买盘
2032,10:43:26,24.39,--,3,7317,买盘
2033,10:43:20,24.39,--,13,31707,买盘
2034,10:43:14,24.39,--,14,34146,卖盘
2035,10:42:50,24.39,0.01,5,12195,买盘
2036,10:42:47,24.38,--,41,99958,卖盘
2037,10:42:35,24.38,-0.01,20,48760,卖盘
2038,10:42:32,24.39,--,5,12195,买盘
2039,10:42:29,24.39,0.01,50,121950,买盘
2040,10:42:17,24.38,--,20,48760,卖盘
2041,10:42:14,24.38,0.02,21,51198,买盘
2042,10:42:08,24.36,0.01,5,12180,中性盘
2043,10:42:02,24.35,--,1,2435,卖盘
2044,10:41:59,24.35,-0.03,5,12175,卖盘
2045,10:41:50,24.38,-0.01,6,14628,卖盘
2046,10:41:47,24.39,0.05,37,90243,买盘
2047,10:41:44,24.34,--,150,365100,卖盘
2048,10:41:32,24.34,0.02,122,297872,买盘
2049,10:41:20,24.32,--,17,41344,卖盘
2050,10:41:14,24.32,--,18,43776,卖盘
2051,10:41:05,24.32,0.02,10,24320,卖盘
2052,10:40:59,24.3,-0.04,200,486000,卖盘
2053,10:40:53,24.34,0.02,18,43812,买盘
2054,10:40:41,24.32,-0.02,10,24320,卖盘
2055,10:40:35,24.34,0.03,12,29208,买盘
2056,10:40:32,24.31,-0.03,50,121550,卖盘
2057,10:40:29,24.34,--,1,2434,买盘
2058,10:40:23,24.34,--,131,320071,买盘
2059,10:40:17,24.34,0.01,200,486800,买盘
2060,10:40:14,24.33,-0.01,17,41361,卖盘
2061,10:40:11,24.34,--,40,97360,买盘
2062,10:40:08,24.34,0.01,51,124134,买盘
2063,10:39:59,24.33,--,59,143547,卖盘
2064,10:39:56,24.33,-0.01,1,2433,卖盘
2065,10:39:53,24.34,-0.01,310,754540,卖盘
2066,10:39:50,24.35,--,21,51135,买盘
2067,10:39:47,24.35,-0.03,4,9740,中性盘
2068,10:39:23,24.38,0.05,10,24380,买盘
2069,10:39:20,24.33,-0.02,57,138681,卖盘
2070,10:39:17,24.35,--,25,60875,卖盘
2071,10:39:11,24.35,--,2,4870,卖盘
2072,10:39:02,24.35,-0.03,8,19480,中性盘
2073,10:38:56,24.38,--,2,4876,买盘
2074,10:38:53,24.38,0.05,41,99958,买盘
2075,10:38:50,24.33,-0.04,101,245732,卖盘
2076,10:38:41,24.37,--,4,9748,买盘
2077,10:38:38,24.37,--,8,19496,买盘
2078,10:38:35,24.37,0.04,3,7311,买盘
2079,10:38:32,24.33,-0.02,70,170310,卖盘
2080,10:38:20,24.35,0.01,82,200887,买盘
2081,10:38:17,24.34,--,3,7302,买盘
2082,10:38:11,24.34,--,105,255570,卖盘
2083,10:38:08,24.34,-0.01,76,184984,卖盘
2084,10:38:02,24.35,--,15,36525,买盘
2085,10:37:59,24.35,--,102,248370,买盘
2086,10:37:53,24.35,--,79,192365,买盘
2087,10:37:50,24.35,--,2,4870,买盘
2088,10:37:47,24.35,-0.02,307,747545,卖盘
2089,10:37:44,24.37,--,129,314373,卖盘
2090,10:37:41,24.37,-0.01,21,51177,卖盘
2091,10:37:38,24.38,--,5,12190,买盘
2092,10:37:35,24.38,0.01,3,7314,买盘
2093,10:37:32,24.37,-0.01,2,4874,卖盘
2094,10:37:29,24.38,--,58,141404,买盘
2095,10:37:26,24.38,--,1,2438,买盘
2096,10:37:23,24.38,--,23,56074,买盘
2097,10:37:17,24.38,0.01,162,394956,买盘
2098,10:37:14,24.37,-0.01,23,56051,卖盘
2099,10:37:05,24.38,0.01,65,158470,买盘
2100,10:37:02,24.37,-0.01,10,24370,卖盘
2101,10:36:59,24.38,--,9,21942,买盘
2102,10:36:56,24.38,0.01,46,112148,买盘
2103,10:36:53,24.37,-0.01,4,9748,卖盘
2104,10:36:50,24.38,--,1,2438,买盘
2105,10:36:47,24.38,--,8,19504,买盘
2106,10:36:41,24.38,--,1,2438,买盘
2107,10:36:38,24.38,0.02,126,307188,买盘
2108,10:36:32,24.36,-0.02,33,80388,卖盘
2109,10:36:29,24.38,0.02,5,12190,买盘
2110,10:36:26,24.36,--,91,221676,买盘
2111,10:36:23,24.36,--,10,24360,买盘
2112,10:36:20,24.36,--,21,51156,中性盘
2113,10:36:17,24.36,-0.02,47,114492,卖盘
2114,10:36:14,24.38,0.01,31,75578,买盘
2115,10:36:08,24.37,--,3,7311,买盘
2116,10:36:05,24.37,-0.01,1,2437,中性盘
2117,10:36:02,24.38,--,200,487600,买盘
2118,10:35:59,24.38,--,1,2438,买盘
2119,10:35:56,24.38,0.03,48,117024,买盘
2120,10:35:50,24.35,-0.03,21,51135,卖盘
2121,10:35:44,24.38,--,11,26818,买盘
2122,10:35:38,24.38,--,137,334006,买盘
2123,10:35:29,24.38,0.03,100,243800,买盘
2124,10:35:23,24.35,--,7,17045,卖盘
2125,10:35:17,24.35,-0.02,19,46265,卖盘
2126,10:35:11,24.37,0.02,30,73110,买盘
2127,10:35:08,24.35,--,10,24350,卖盘
2128,10:34:59,24.35,0.02,2,4870,买盘
2129,10:34:56,24.33,--,110,267630,卖盘
2130,10:34:47,24.33,-0.02,13,31628,卖盘
2131,10:34:44,24.35,0.02,2,4870,买盘
2132,10:34:41,24.33,0.01,11,26762,买盘
2133,10:34:38,24.32,-0.01,36,87552,卖盘
2134,10:34:35,24.33,--,210,510929,买盘
2135,10:34:32,24.33,--,27,65691,买盘
2136,10:34:29,24.33,0.01,212,515795,买盘
2137,10:34:26,24.32,-0.01,7,17024,卖盘
2138,10:34:23,24.33,--,10,24330,买盘
2139,10:34:20,24.33,--,9,21897,买盘
2140,10:34:17,24.33,0.03,117,284661,买盘
2141,10:34:14,24.3,-0.03,60,145800,卖盘
2142,10:34:11,24.33,--,23,55958,买盘
2143,10:34:08,24.33,--,63,153279,买盘
2144,10:34:05,24.33,-0.03,113,274929,卖盘
2145,10:34:02,24.36,-0.02,56,136416,卖盘
2146,10:33:59,24.38,--,8,19504,买盘
2147,10:33:50,24.38,--,33,80454,买盘
2148,10:33:47,24.38,-0.04,296,721648,卖盘
2149,10:33:41,24.42,--,33,80586,买盘
2150,10:33:38,24.42,--,41,100122,买盘
2151,10:33:35,24.42,-0.05,81,197802,卖盘
2152,10:33:26,24.47,--,10,24470,买盘
2153,10:33:23,24.47,--,1,2447,买盘
2154,10:33:20,24.47,0.01,15,36705,买盘
2155,10:33:14,24.46,--,17,41582,卖盘
2156,10:33:11,24.46,--,1,2446,卖盘
2157,10:33:02,24.46,0.03,12,29352,买盘
2158,10:32:59,24.43,0.02,7,17101,中性盘
2159,10:32:44,24.41,-0.05,53,129373,卖盘
2160,10:32:41,24.46,--,8,19568,卖盘
2161,10:32:38,24.46,--,9,22014,卖盘
2162,10:32:32,24.46,--,3,7338,卖盘
2163,10:32:29,24.46,--,4,9784,买盘
2164,10:32:26,24.46,--,62,151652,买盘
2165,10:32:17,24.46,-0.01,47,114962,卖盘
2166,10:32:14,24.47,-0.01,4,9788,卖盘
2167,10:32:11,24.48,--,10,24480,买盘
2168,10:32:08,24.48,--,1,2448,买盘
2169,10:32:05,24.48,--,41,100368,买盘
2170,10:31:59,24.48,-0.02,151,369648,卖盘
2171,10:31:53,24.5,-0.01,4,9800,卖盘
2172,10:31:47,24.51,0.01,5,12255,买盘
2173,10:31:41,24.5,-0.01,19,46550,卖盘
2174,10:31:32,24.51,--,23,56373,卖盘
2175,10:31:26,24.51,--,47,115197,卖盘
2176,10:31:14,24.51,-0.01,37,90687,卖盘
2177,10:31:05,24.52,--,104,255008,卖盘
2178,10:31:02,24.52,--,292,715984,卖盘
2179,10:30:56,24.52,--,4,9808,卖盘
2180,10:30:53,24.52,--,50,122600,卖盘
2181,10:30:50,24.52,-0.01,30,73560,卖盘
2182,10:30:38,24.53,--,240,588720,卖盘
2183,10:30:32,24.53,-0.01,3,7359,卖盘
2184,10:30:26,24.54,-0.01,60,148098,卖盘
2185,10:30:17,24.55,0.01,6,14730,买盘
2186,10:30:14,24.54,--,17,41718,卖盘
2187,10:30:11,24.54,-0.01,4,9816,卖盘
2188,10:30:08,24.55,0.01,46,112930,买盘
2189,10:30:02,24.54,-0.01,73,179142,卖盘
2190,10:29:56,24.55,-0.01,50,122750,卖盘
2191,10:29:44,24.56,--,45,110520,卖盘
2192,10:29:32,24.56,-0.01,3,7368,卖盘
2193,10:29:14,24.57,0.01,15,36855,买盘
2194,10:29:11,24.56,-0.01,2,4912,卖盘
2195,10:29:08,24.57,--,99,243243,卖盘
2196,10:28:59,24.57,--,40,98280,卖盘
2197,10:28:56,24.57,--,4,9828,卖盘
2198,10:28:32,24.57,-0.01,107,262899,卖盘
2199,10:28:26,24.58,--,2,4916,卖盘
2200,10:28:23,24.58,0.01,9,22122,买盘
2201,10:28:17,24.57,-0.01,17,41769,中性盘
2202,10:28:08,24.58,0.01,47,115525,买盘
2203,10:28:02,24.57,-0.01,8,19656,卖盘
2204,10:27:56,24.58,0.01,2,4916,卖盘
2205,10:27:50,24.57,--,2,4914,卖盘
2206,10:27:47,24.57,--,1,2457,卖盘
2207,10:27:38,24.57,-0.01,10,24570,卖盘
2208,10:27:35,24.58,-0.04,4,9832,买盘
2209,10:27:26,24.62,--,9,22158,买盘
2210,10:27:23,24.62,0.04,10,24620,买盘
2211,10:27:17,24.58,-0.04,15,36870,卖盘
2212,10:27:14,24.62,0.04,41,100942,买盘
2213,10:27:11,24.58,0.01,2,4916,中性盘
2214,10:26:29,24.57,0.01,8,19656,买盘
2215,10:26:26,24.56,--,2,4912,卖盘
2216,10:26:17,24.56,-0.01,20,49120,卖盘
2217,10:26:14,24.57,0.01,32,78624,买盘
2218,10:26:05,24.56,-0.01,1,2456,卖盘
2219,10:26:02,24.57,0.01,8,19656,买盘
2220,10:25:44,24.56,-0.01,10,24560,卖盘
2221,10:25:41,24.57,0.01,1,2457,买盘
2222,10:25:38,24.56,--,1,2456,卖盘
2223,10:25:26,24.56,--,2,4912,卖盘
2224,10:25:23,24.56,--,16,39296,买盘
2225,10:25:20,24.56,--,5,12280,买盘
2226,10:25:17,24.56,0.01,41,100696,买盘
2227,10:25:14,24.55,-0.01,27,66285,卖盘
2228,10:24:59,24.56,--,18,44208,买盘
2229,10:24:50,24.56,-0.01,23,56488,卖盘
2230,10:24:35,24.57,--,2,4914,买盘
2231,10:24:32,24.57,--,2,4914,买盘
2232,10:24:29,24.57,--,57,140049,卖盘
2233,10:24:26,24.57,--,2,4914,卖盘
2234,10:24:23,24.57,--,3,7371,卖盘
2235,10:24:17,24.57,--,21,51597,买盘
2236,10:24:14,24.57,--,19,46683,买盘
2237,10:24:05,24.57,--,1,2457,买盘
2238,10:23:59,24.57,0.02,2,4914,买盘
2239,10:23:55,24.55,--,8,19640,卖盘
2240,10:23:49,24.55,--,6,14730,卖盘
2241,10:23:31,24.55,-0.02,2,4910,卖盘
2242,10:23:19,24.57,--,41,100737,买盘
2243,10:23:16,24.57,0.02,3,7371,买盘
2244,10:23:13,24.55,-0.02,17,41735,中性盘
2245,10:22:58,24.57,0.02,5,12285,买盘
2246,10:22:55,24.55,--,5,12275,卖盘
2247,10:22:52,24.55,--,2,4910,卖盘
2248,10:22:46,24.55,0.02,98,242185,买盘
2249,10:22:40,24.53,-0.02,13,31889,卖盘
2250,10:22:37,24.55,0.01,15,36825,买盘
2251,10:22:34,24.54,-0.03,3,7362,中性盘
2252,10:22:19,24.57,0.04,41,100737,买盘
2253,10:22:13,24.53,-0.02,25,61325,卖盘
2254,10:22:07,24.55,--,25,61375,卖盘
2255,10:22:04,24.55,-0.02,100,245500,卖盘
2256,10:21:58,24.57,0.02,21,51597,买盘
2257,10:21:46,24.55,-0.01,6,14730,卖盘
2258,10:21:34,24.56,-0.02,1,2456,中性盘
2259,10:21:28,24.58,0.03,10,24580,买盘
2260,10:21:25,24.55,-0.02,52,127660,卖盘
2261,10:21:19,24.57,--,46,113022,买盘
2262,10:21:10,24.57,--,84,206388,卖盘
2263,10:21:07,24.57,-0.01,23,56511,卖盘
2264,10:21:01,24.58,--,31,76198,卖盘
2265,10:20:52,24.58,-0.02,4,9832,卖盘
2266,10:20:46,24.6,0.02,9,22140,买盘
2267,10:20:31,24.58,--,3,7373,卖盘
2268,10:20:25,24.58,0.01,55,135190,中性盘
2269,10:20:16,24.57,-0.03,17,41769,卖盘
2270,10:20:04,24.6,--,7,17220,卖盘
2271,10:19:49,24.6,--,9,22140,卖盘
2272,10:19:43,24.6,-0.01,9,22140,卖盘
2273,10:19:31,24.61,--,57,141138,卖盘
2274,10:19:28,24.61,-0.03,5,12305,卖盘
2275,10:19:25,24.64,0.03,43,105952,买盘
2276,10:19:19,24.61,--,1,2461,卖盘
2277,10:19:16,24.61,-0.01,17,41837,卖盘
2278,10:18:55,24.62,0.01,1,2462,买盘
2279,10:18:52,24.61,--,2,4922,卖盘
2280,10:18:40,24.61,--,2,4922,卖盘
2281,10:18:28,24.61,0.01,53,132032,买盘
2282,10:18:25,24.6,--,10,24600,买盘
2283,10:18:22,24.6,-0.01,1,2460,卖盘
2284,10:18:16,24.61,--,20,49220,买盘
2285,10:18:10,24.61,0.01,15,36915,买盘
2286,10:18:01,24.6,-0.01,3,7380,卖盘
2287,10:17:52,24.61,0.01,1,2461,买盘
2288,10:17:40,24.6,-0.01,5,12300,卖盘
2289,10:17:37,24.61,0.01,5,12305,买盘
2290,10:17:34,24.6,--,2,4920,卖盘
2291,10:17:31,24.6,--,4,9840,卖盘
2292,10:17:28,24.6,--,44,108240,卖盘
2293,10:17:25,24.6,--,3,7380,卖盘
2294,10:17:22,24.6,0.03,12,29520,买盘
2295,10:17:19,24.57,--,17,41769,卖盘
2296,10:17:07,24.57,-0.03,15,36855,卖盘
2297,10:17:01,24.6,--,10,24600,买盘
2298,10:16:55,24.6,-0.01,6,14760,买盘
2299,10:16:52,24.61,0.01,3,7383,买盘
2300,10:16:46,24.6,-0.01,4,9840,卖盘
2301,10:16:40,24.61,0.01,1,2461,买盘
2302,10:16:34,24.6,--,17,44255,买盘
2303,10:16:31,24.6,0.01,51,125484,买盘
2304,10:16:25,24.59,-0.01,8,19672,卖盘
2305,10:16:22,24.6,--,5,12300,买盘
2306,10:16:16,24.6,--,67,164820,买盘
2307,10:16:10,24.6,--,1,2460,买盘
2308,10:16:01,24.6,--,13,31980,买盘
2309,10:15:55,24.6,0.01,20,49200,买盘
2310,10:15:52,24.59,-0.01,4,9836,卖盘
2311,10:15:46,24.6,0.01,2,4920,买盘
2312,10:15:34,24.59,--,4,9836,卖盘
2313,10:15:31,24.59,0.02,10,27024,买盘
2314,10:15:25,24.57,-0.02,19,46683,卖盘
2315,10:15:22,24.59,--,6,14754,买盘
2316,10:15:19,24.59,0.02,7,17213,买盘
2317,10:15:13,24.57,-0.02,17,41769,卖盘
2318,10:15:10,24.59,0.03,10,24590,买盘
2319,10:14:58,24.56,0.01,13,31928,中性盘
2320,10:14:43,24.55,-0.03,30,73650,卖盘
2321,10:14:37,24.58,--,3,7373,卖盘
2322,10:14:34,24.58,0.02,17,41786,买盘
2323,10:14:25,24.56,--,9,22104,卖盘
2324,10:14:16,24.56,--,43,105608,买盘
2325,10:14:10,24.56,-0.03,57,139992,卖盘
2326,10:14:04,24.59,--,5,12295,买盘
2327,10:13:52,24.59,--,9,22131,买盘
2328,10:13:46,24.59,0.01,1,2459,买盘
2329,10:13:37,24.58,--,3,7373,卖盘
2330,10:13:34,24.58,--,22,54075,买盘
2331,10:13:31,24.58,--,10,24580,买盘
2332,10:13:28,24.58,0.02,214,526012,买盘
2333,10:13:19,24.56,--,3,7368,卖盘
2334,10:13:13,24.56,-0.02,17,41752,卖盘
2335,10:13:10,24.58,--,75,184350,买盘
2336,10:13:07,24.58,--,2,4916,买盘
2337,10:12:58,24.58,--,52,127815,买盘
2338,10:12:49,24.58,-0.01,14,34412,卖盘
2339,10:12:46,24.59,--,9,22155,卖盘
2340,10:12:43,24.59,--,20,51614,买盘
2341,10:12:37,24.59,--,41,100819,买盘
2342,10:12:31,24.59,--,1,2459,买盘
2343,10:12:28,24.59,--,41,100843,卖盘
2344,10:12:25,24.59,--,8,19672,卖盘
2345,10:12:22,24.59,-0.01,14,34426,卖盘
2346,10:11:58,24.6,0.01,48,118080,买盘
2347,10:11:55,24.59,-0.01,1,2459,卖盘
2348,10:11:43,24.6,--,10,24600,买盘
2349,10:11:40,24.6,--,40,98400,买盘
2350,10:11:34,24.6,--,36,88560,卖盘
2351,10:11:31,24.6,--,3,7380,卖盘
2352,10:11:25,24.6,--,9,22140,卖盘
2353,10:10:49,24.6,-0.01,2,4920,卖盘
2354,10:10:43,24.61,-0.02,52,128218,卖盘
2355,10:10:40,24.63,0.02,41,100983,买盘
2356,10:10:37,24.61,--,3,7383,卖盘
2357,10:10:25,24.61,--,8,19688,卖盘
2358,10:10:04,24.61,-0.04,21,51681,卖盘
2359,10:09:52,24.65,--,52,128179,买盘
2360,10:09:43,24.65,0.03,76,187340,买盘
2361,10:09:25,24.62,--,9,22158,卖盘
2362,10:09:19,24.62,-0.04,12,31759,卖盘
2363,10:09:04,24.66,--,3,7398,卖盘
2364,10:09:01,24.66,--,30,73980,卖盘
2365,10:08:52,24.66,--,3,7398,卖盘
2366,10:08:43,24.66,0.04,4,9864,买盘
2367,10:08:40,24.62,--,5,12310,卖盘
2368,10:08:31,24.62,-0.04,10,24620,卖盘
2369,10:08:28,24.66,0.03,7,17262,买盘
2370,10:08:25,24.63,--,9,22167,卖盘
2371,10:08:22,24.63,-0.03,13,32019,卖盘
2372,10:08:10,24.66,0.01,3,7398,买盘
2373,10:08:04,24.65,-0.01,4,9860,卖盘
2374,10:08:01,24.66,--,1,2466,卖盘
2375,10:07:58,24.66,--,2,4932,卖盘
2376,10:07:55,24.66,--,7,17262,卖盘
2377,10:07:46,24.66,--,64,157824,卖盘
2378,10:07:40,24.66,--,5,12330,卖盘
2379,10:07:37,24.66,--,1,2466,卖盘
2380,10:07:25,24.66,--,15,36990,卖盘
2381,10:07:22,24.66,--,20,49320,卖盘
2382,10:07:16,24.66,--,6,14796,卖盘
2383,10:07:13,24.66,--,10,24660,卖盘
2384,10:07:04,24.66,--,15,36990,买盘
2385,10:06:52,24.66,0.01,41,101106,买盘
2386,10:06:25,24.65,--,7,17255,卖盘
2387,10:06:16,24.65,-0.01,1,2465,卖盘
2388,10:06:10,24.66,--,21,51786,卖盘
2389,10:05:58,24.66,--,12,29592,卖盘
2390,10:05:52,24.66,--,10,24660,卖盘
2391,10:05:49,24.66,--,3,7398,卖盘
2392,10:05:46,24.66,--,1,2466,卖盘
2393,10:05:43,24.66,0.01,3,7398,买盘
2394,10:05:40,24.65,--,10,24650,卖盘
2395,10:05:31,24.65,--,9,22185,卖盘
2396,10:05:25,24.65,-0.02,24,59160,卖盘
2397,10:05:22,24.67,0.01,2,4934,买盘
2398,10:05:19,24.66,--,12,29592,卖盘
2399,10:05:16,24.66,-0.01,2,4932,卖盘
2400,10:05:10,24.67,--,2,4934,买盘
2401,10:05:04,24.67,0.01,10,24670,买盘
2402,10:05:01,24.66,-0.02,14,34524,卖盘
2403,10:04:49,24.68,--,43,106741,卖盘
2404,10:04:37,24.68,0.03,1,4319,买盘
2405,10:04:31,24.65,-0.03,12,29580,卖盘
2406,10:04:25,24.68,0.03,16,39488,买盘
2407,10:04:16,24.65,-0.03,2,4930,卖盘
2408,10:04:07,24.68,--,74,182632,买盘
2409,10:04:01,24.68,0.03,12,29616,买盘
2410,10:03:52,24.65,--,2,4930,卖盘
2411,10:03:49,24.65,--,89,219385,买盘
2412,10:03:27,24.65,--,10,24650,买盘
2413,10:03:24,24.65,--,16,39440,买盘
2414,10:03:09,24.65,-0.03,14,34510,卖盘
2415,10:03:06,24.68,--,7,17276,买盘
2416,10:03:03,24.68,0.03,1,2468,买盘
2417,10:02:57,24.65,-0.03,20,49300,卖盘
2418,10:02:51,24.68,--,61,150548,买盘
2419,10:02:45,24.68,--,2,4936,买盘
2420,10:02:39,24.68,0.03,17,41956,买盘
2421,10:02:30,24.65,--,2,4930,卖盘
2422,10:02:24,24.65,-0.03,9,22185,卖盘
2423,10:02:09,24.68,0.03,5,12340,买盘
2424,10:01:54,24.65,--,3,7395,买盘
2425,10:01:39,24.65,--,3,7395,买盘
2426,10:01:30,24.65,--,1,2465,买盘
2427,10:01:24,24.65,-0.03,2,4930,中性盘
2428,10:01:09,24.68,0.07,141,347988,买盘
2429,10:01:03,24.61,-0.07,50,123050,卖盘
2430,10:00:51,24.68,0.01,100,246800,买盘
2431,10:00:48,24.67,-0.01,6,14802,中性盘
2432,10:00:39,24.68,--,30,74040,买盘
2433,10:00:27,24.68,--,179,441772,买盘
2434,10:00:21,24.68,--,214,528152,卖盘
2435,10:00:09,24.68,--,12,29616,卖盘
2436,10:00:06,24.68,--,32,78976,卖盘
2437,10:00:00,24.68,0.02,15,37020,买盘
2438,09:59:51,24.66,-0.02,50,123300,卖盘
2439,09:59:42,24.68,0.02,30,74040,买盘
2440,09:59:39,24.66,--,7,17262,卖盘
2441,09:59:36,24.66,0.01,47,115902,买盘
2442,09:59:27,24.65,0.04,32,78880,买盘
2443,09:59:24,24.61,--,8,19688,卖盘
2444,09:59:21,24.61,-0.04,5,12305,卖盘
2445,09:59:15,24.65,0.04,10,24650,买盘
2446,09:59:00,24.61,--,6,14766,买盘
2447,09:58:54,24.61,--,5,12305,卖盘
2448,09:58:48,24.61,--,2,4922,卖盘
2449,09:58:39,24.61,-0.01,34,83674,卖盘
2450,09:58:27,24.62,-0.03,11,27082,卖盘
2451,09:58:24,24.65,0.03,10,24650,买盘
2452,09:58:21,24.62,--,9,22158,卖盘
2453,09:58:03,24.62,--,11,27082,买盘
2454,09:57:45,24.62,0.01,1,2462,中性盘
2455,09:57:42,24.61,-0.04,10,24610,卖盘
2456,09:57:39,24.65,0.03,4,9860,买盘
2457,09:57:30,24.62,0.01,10,24620,中性盘
2458,09:57:24,24.61,--,8,19688,卖盘
2459,09:57:12,24.61,-0.04,39,95979,卖盘
2460,09:57:03,24.65,0.02,13,32044,买盘
2461,09:56:48,24.63,--,1,2463,买盘
2462,09:56:42,24.63,--,6,14778,买盘
2463,09:56:30,24.63,--,2,4926,卖盘
2464,09:56:15,24.63,0.02,4,9852,卖盘
2465,09:56:12,24.61,-0.01,5,12305,卖盘
2466,09:56:06,24.62,--,11,27082,卖盘
2467,09:56:03,24.62,0.01,5,12310,买盘
2468,09:56:00,24.61,--,20,49220,卖盘
2469,09:55:57,24.61,--,7,17227,买盘
2470,09:55:42,24.61,0.01,13,31993,买盘
2471,09:55:27,24.6,--,1,2460,卖盘
2472,09:55:24,24.6,-0.01,2,4920,卖盘
2473,09:55:09,24.61,--,2,4922,买盘
2474,09:55:06,24.61,--,40,98440,买盘
2475,09:55:03,24.61,0.01,31,76291,买盘
2476,09:54:57,24.6,--,2,4920,卖盘
2477,09:54:51,24.6,--,5,12300,卖盘
2478,09:54:48,24.6,0.01,1,2460,买盘
2479,09:54:45,24.59,-0.01,23,58991,买盘
2480,09:54:30,24.6,--,13,32004,卖盘
2481,09:54:27,24.6,--,58,145115,买盘
2482,09:54:21,24.6,0.01,9,22140,买盘
2483,09:54:18,24.59,--,4,9836,卖盘
2484,09:54:09,24.59,--,1,2459,卖盘
2485,09:54:06,24.59,-0.01,5,12295,中性盘
2486,09:53:42,24.6,--,2,4920,买盘
2487,09:53:27,24.6,--,4,9864,卖盘
2488,09:53:24,24.6,--,335,824100,卖盘
2489,09:53:18,24.6,-0.01,2,4920,卖盘
2490,09:53:15,24.61,0.01,55,135355,买盘
2491,09:53:12,24.6,--,106,260760,卖盘
2492,09:53:03,24.6,--,4,9840,卖盘
2493,09:53:00,24.6,--,10,24600,卖盘
2494,09:52:57,24.6,--,127,312420,卖盘
2495,09:52:51,24.6,--,216,531360,卖盘
2496,09:52:48,24.6,--,109,268140,卖盘
2497,09:52:45,24.6,-0.01,26,63960,卖盘
2498,09:52:42,24.61,0.01,20,49220,买盘
2499,09:52:36,24.6,--,10,24600,卖盘
2500,09:52:33,24.6,--,100,246000,卖盘
2501,09:52:30,24.6,--,8,19680,卖盘
2502,09:52:21,24.6,-0.02,1,2460,卖盘
2503,09:52:12,24.62,--,240,590880,买盘
2504,09:52:09,24.62,--,18,44316,买盘
2505,09:52:03,24.62,--,3,7386,卖盘
2506,09:51:57,24.62,--,10,24620,卖盘
2507,09:51:48,24.62,--,31,76322,卖盘
2508,09:51:30,24.62,-0.03,20,49240,卖盘
2509,09:51:27,24.65,0.02,29,71485,买盘
2510,09:51:24,24.63,-0.02,9,22167,卖盘
2511,09:51:12,24.65,--,41,101065,买盘
2512,09:51:06,24.65,0.02,2,4930,买盘
2513,09:51:00,24.63,-0.02,10,24630,卖盘
2514,09:50:57,24.65,-0.02,5,12325,卖盘
2515,09:50:45,24.67,--,28,69076,买盘
2516,09:50:42,24.67,0.02,2,4934,买盘
2517,09:50:39,24.65,--,1,2465,卖盘
2518,09:50:33,24.65,0.04,30,73950,买盘
2519,09:50:27,24.61,--,13,31993,卖盘
2520,09:50:24,24.61,--,8,19688,卖盘
2521,09:50:18,24.61,-0.04,15,36915,卖盘
2522,09:50:15,24.65,0.02,41,101065,买盘
2523,09:50:12,24.63,--,8,19704,卖盘
2524,09:50:09,24.63,-0.02,2,4926,卖盘
2525,09:50:06,24.65,0.02,233,574345,买盘
2526,09:50:03,24.63,--,20,49260,卖盘
2527,09:49:51,24.63,-0.01,2,4926,卖盘
2528,09:49:48,24.64,--,56,137984,卖盘
2529,09:49:36,24.64,--,23,56672,卖盘
2530,09:49:33,24.64,-0.01,2,4928,卖盘
2531,09:49:30,24.65,-0.03,4,9860,卖盘
2532,09:49:27,24.68,--,188,463984,卖盘
2533,09:49:21,24.68,--,8,19744,卖盘
2534,09:49:18,24.68,--,20,49360,卖盘
2535,09:49:15,24.68,--,21,52296,买盘
2536,09:49:00,24.68,--,5,12340,买盘
2537,09:48:48,24.68,--,55,135740,买盘
2538,09:48:39,24.68,-0.01,65,160420,卖盘
2539,09:48:33,24.69,0.01,24,59256,买盘
2540,09:48:27,24.68,-0.01,1,2468,卖盘
2541,09:48:24,24.69,--,2,4938,卖盘
2542,09:48:21,24.69,--,50,123450,卖盘
2543,09:48:18,24.69,--,29,71601,卖盘
2544,09:48:12,24.69,0.01,11,27159,买盘
2545,09:48:06,24.68,--,11,27148,卖盘
2546,09:48:03,24.68,--,5,12340,买盘
2547,09:48:00,24.68,--,97,239396,卖盘
2548,09:47:57,24.68,-0.01,3,7404,卖盘
2549,09:47:54,24.69,0.01,31,76539,买盘
2550,09:47:48,24.68,--,1,2468,卖盘
2551,09:47:36,24.68,0.01,3,7404,买盘
2552,09:47:33,24.67,--,1,2467,卖盘
2553,09:47:24,24.67,-0.01,9,22203,卖盘
2554,09:47:21,24.68,0.01,11,27148,买盘
2555,09:47:18,24.67,0.01,15,38016,买盘
2556,09:47:12,24.66,--,2,4932,卖盘
2557,09:47:06,24.66,--,1,2466,卖盘
2558,09:46:51,24.66,0.01,43,106999,买盘
2559,09:46:48,24.65,-0.01,4,9860,卖盘
2560,09:46:42,24.66,0.01,50,123300,买盘
2561,09:46:36,24.65,-0.01,50,123250,卖盘
2562,09:46:30,24.66,0.01,9,22194,买盘
2563,09:46:27,24.65,0.01,1,2465,中性盘
2564,09:46:09,24.64,-0.02,5,12320,卖盘
2565,09:46:06,24.66,0.02,37,91242,买盘
2566,09:46:03,24.64,-0.02,50,123200,卖盘
2567,09:46:00,24.66,0.02,125,308250,买盘
2568,09:45:54,24.64,-0.02,21,51744,卖盘
2569,09:45:51,24.66,0.02,6,14796,买盘
2570,09:45:48,24.64,--,10,24640,卖盘
2571,09:45:42,24.64,--,40,98560,卖盘
2572,09:45:39,24.64,0.01,92,226688,买盘
2573,09:45:27,24.63,0.01,1,2463,买盘
2574,09:45:24,24.62,--,13,32006,卖盘
2575,09:45:21,24.62,--,8,19696,卖盘
2576,09:45:18,24.62,--,15,36930,卖盘
2577,09:45:12,24.62,--,54,133932,卖盘
2578,09:45:03,24.62,-0.02,1,2462,卖盘
2579,09:44:57,24.64,0.02,100,246400,买盘
2580,09:44:51,24.62,-0.01,38,93556,卖盘
2581,09:44:42,24.63,-0.01,10,24630,卖盘
2582,09:44:39,24.64,-0.01,2,6406,卖盘
2583,09:44:36,24.65,0.01,3,7395,买盘
2584,09:44:33,24.64,--,20,49280,卖盘
2585,09:44:24,24.64,--,3,7392,卖盘
2586,09:44:18,24.64,--,2,4928,卖盘
2587,09:44:15,24.64,-0.01,30,73920,卖盘
2588,09:44:09,24.65,--,6,14790,卖盘
2589,09:44:06,24.65,--,11,27115,卖盘
2590,09:43:56,24.65,-0.02,5,12325,中性盘
2591,09:43:53,24.67,0.03,46,113482,买盘
2592,09:43:50,24.64,-0.01,2,5913,中性盘
2593,09:43:41,24.65,--,90,223304,卖盘
2594,09:43:38,24.65,--,3,7395,卖盘
2595,09:43:35,24.65,--,5,12325,卖盘
2596,09:43:29,24.65,--,1,3475,卖盘
2597,09:43:26,24.65,--,4,9860,卖盘
2598,09:43:23,24.65,0.02,100,246500,中性盘
2599,09:43:20,24.63,-0.02,10,24630,卖盘
2600,09:43:11,24.65,--,5,12325,卖盘
2601,09:43:08,24.65,--,2,4930,卖盘
2602,09:43:05,24.65,--,10,24650,卖盘
2603,09:43:02,24.65,--,1,2465,卖盘
2604,09:42:59,24.65,-0.06,60,147900,卖盘
2605,09:42:56,24.71,0.03,263,649873,买盘
2606,09:42:50,24.68,0.03,5,12340,买盘
2607,09:42:47,24.65,--,11,27115,卖盘
2608,09:42:44,24.65,--,7,17255,卖盘
2609,09:42:38,24.65,--,2,4930,卖盘
2610,09:42:35,24.65,--,30,73950,卖盘
2611,09:42:26,24.65,-0.03,110,271150,卖盘
2612,09:42:17,24.68,--,50,123400,卖盘
2613,09:42:14,24.68,-0.02,10,26160,卖盘
2614,09:42:11,24.7,--,31,76570,卖盘
2615,09:42:08,24.7,0.01,35,87438,买盘
2616,09:42:05,24.69,--,88,217272,卖盘
2617,09:42:02,24.69,--,42,103698,卖盘
2618,09:41:59,24.69,-0.01,8,19752,卖盘
2619,09:41:53,24.7,--,9,22230,买盘
2620,09:41:50,24.7,--,2,4940,买盘
2621,09:41:41,24.7,--,2,4940,买盘
2622,09:41:38,24.7,--,10,26182,卖盘
2623,09:41:35,24.7,--,8,19760,卖盘
2624,09:41:32,24.7,0.02,21,52858,买盘
2625,09:41:29,24.68,--,50,123400,卖盘
2626,09:41:23,24.68,--,7,17276,卖盘
2627,09:41:17,24.68,0.03,22,54296,中性盘
2628,09:40:59,24.65,-0.06,0,986,卖盘
2629,09:40:56,24.71,0.01,58,143318,买盘
2630,09:40:53,24.7,-0.01,31,76570,中性盘
2631,09:40:32,24.71,0.08,30,75118,买盘
2632,09:40:23,24.63,-0.08,37,91131,卖盘
2633,09:40:20,24.71,--,1,2471,卖盘
2634,09:40:14,24.71,0.08,182,449722,买盘
2635,09:40:08,24.63,-0.05,7,18226,卖盘
2636,09:39:59,24.68,--,353,871204,卖盘
2637,09:39:56,24.68,--,10,24680,卖盘
2638,09:39:53,24.68,--,38,93784,卖盘
2639,09:39:50,24.68,-0.02,5,12340,卖盘
2640,09:39:47,24.7,--,14,34580,买盘
2641,09:39:35,24.7,-0.01,64,158796,卖盘
2642,09:39:29,24.71,0.01,20,49420,买盘
2643,09:39:20,24.7,--,50,123500,卖盘
2644,09:39:11,24.7,--,13,33863,买盘
2645,09:39:05,24.7,0.02,31,76570,买盘
2646,09:38:59,24.68,0.02,2,4936,卖盘
2647,09:38:47,24.66,0.01,60,147960,买盘
2648,09:38:41,24.65,-0.05,22,54230,中性盘
2649,09:38:35,24.7,0.09,100,247000,买盘
2650,09:38:29,24.61,-0.07,57,140277,卖盘
2651,09:38:20,24.68,--,12,29616,卖盘
2652,09:38:17,24.68,-0.01,1,2468,卖盘
2653,09:38:02,24.69,--,0,1999,卖盘
2654,09:37:59,24.69,--,1,2469,卖盘
2655,09:37:53,24.69,-0.01,0,469,卖盘
2656,09:37:50,24.7,--,5,12350,买盘
2657,09:37:47,24.7,0.01,31,76570,买盘
2658,09:37:44,24.69,-0.01,36,88884,卖盘
2659,09:37:38,24.7,--,4,9880,买盘
2660,09:37:32,24.7,-0.05,177,438721,卖盘
2661,09:37:29,24.75,--,11,27225,卖盘
2662,09:37:26,24.75,0.03,236,584100,买盘
2663,09:37:14,24.72,--,30,74629,卖盘
2664,09:37:05,24.72,0.03,174,430597,买盘
2665,09:37:02,24.69,--,11,27159,卖盘
2666,09:36:59,24.69,0.01,1,2469,卖盘
2667,09:36:53,24.68,--,5,12340,买盘
2668,09:36:41,24.68,-0.03,6,14808,买盘
2669,09:36:38,24.71,0.03,4,9884,卖盘
2670,09:36:35,24.68,0.07,16,39488,买盘
2671,09:36:32,24.61,-0.07,19,46759,卖盘
2672,09:36:29,24.68,-0.03,151,372668,卖盘
2673,09:36:23,24.71,0.01,14,34594,卖盘
2674,09:36:20,24.7,0.02,32,79040,买盘
2675,09:36:17,24.68,--,10,24680,买盘
2676,09:36:14,24.68,0.01,90,222120,买盘
2677,09:36:05,24.67,--,60,148513,卖盘
2678,09:36:02,24.67,0.07,50,123350,买盘
2679,09:35:50,24.6,-0.01,3,7380,卖盘
2680,09:35:47,24.61,--,169,415909,买盘
2681,09:35:41,24.61,0.01,1,2461,买盘
2682,09:35:38,24.6,-0.07,51,125460,卖盘
2683,09:35:32,24.67,0.07,10,24670,买盘
2684,09:35:23,24.6,-0.03,1,2460,卖盘
2685,09:35:17,24.63,0.03,12,29556,买盘
2686,09:35:14,24.6,0.02,59,145140,买盘
2687,09:35:11,24.58,--,3,7373,买盘
2688,09:35:08,24.58,0.02,17,41786,中性盘
2689,09:34:59,24.56,-0.02,50,122800,卖盘
2690,09:34:56,24.58,0.02,6,14747,买盘
2691,09:34:53,24.56,--,60,147360,卖盘
2692,09:34:44,24.56,0.01,59,144904,买盘
2693,09:34:26,24.55,0.06,10,24550,买盘
2694,09:34:23,24.49,--,3,7346,卖盘
2695,09:34:20,24.49,0.01,15,36735,中性盘
2696,09:33:59,24.48,--,3,7344,卖盘
2697,09:33:47,24.48,--,140,343062,买盘
2698,09:33:38,24.48,--,9,22032,买盘
2699,09:33:20,24.48,0.02,10,24480,买盘
2700,09:33:17,24.46,0.03,7,17122,买盘
2701,09:33:14,24.43,--,8,19544,买盘
2702,09:33:11,24.43,-0.02,4,9772,卖盘
2703,09:33:08,24.45,0.02,1,2445,买盘
2704,09:33:05,24.43,-0.02,10,24430,卖盘
2705,09:33:02,24.45,0.02,2,4890,买盘
2706,09:32:47,24.43,-0.03,2,4886,卖盘
2707,09:32:44,24.46,0.04,10,24460,买盘
2708,09:32:35,24.42,-0.01,5,12210,卖盘
2709,09:32:32,24.43,-0.03,29,70847,中性盘
2710,09:32:29,24.46,0.05,31,75826,买盘
2711,09:32:26,24.41,--,2,4882,卖盘
2712,09:32:11,24.41,-0.05,3,7323,卖盘
2713,09:32:08,24.46,0.06,50,122300,买盘
2714,09:31:59,24.4,--,13,31719,卖盘
2715,09:31:56,24.4,--,13,31719,卖盘
2716,09:31:53,24.4,-0.05,10,24400,卖盘
2717,09:31:41,24.45,0.05,10,24450,中性盘
2718,09:31:32,24.4,-0.08,130,317200,卖盘
2719,09:31:20,24.48,0.08,5,12240,买盘
2720,09:31:14,24.4,-0.08,72,175680,卖盘
2721,09:31:11,24.48,--,10,24480,买盘
2722,09:31:08,24.48,--,10,24480,买盘
2723,09:31:05,24.48,0.07,10,24480,买盘
2724,09:31:02,24.41,-0.04,22,53702,卖盘
2725,09:30:59,24.45,-0.03,4,9780,卖盘
2726,09:30:56,24.48,--,22,53856,买盘
2727,09:30:53,24.48,--,23,56304,买盘
2728,09:30:50,24.48,--,24,60857,卖盘
2729,09:30:47,24.48,--,52,127296,卖盘
2730,09:30:44,24.48,-0.02,10,24480,卖盘
2731,09:30:38,24.5,0.02,36,88200,中性盘
2732,09:30:32,24.48,-0.02,18,44064,卖盘
2733,09:30:23,24.5,-0.05,27,66150,卖盘
2734,09:30:17,24.55,0.07,22,54010,买盘
2735,09:30:14,24.48,--,30,73782,买盘
2736,09:30:08,24.48,--,2,4896,买盘
2737,09:30:05,24.48,-0.01,289,707472,卖盘
2738,09:30:02,24.49,0.01,5,12245,中性盘
2739,09:25:41,24.48,--,0,0,卖盘
2740,09:25:05,24.48,24.48,45,110160,买盘
