,time,price,change,volume,amount,type
0,15:00:24,37.0,--,410,1517037,卖盘
1,14:57:42,37.0,--,0,0,卖盘
2,14:57:00,37.0,--,12,44400,卖盘
3,14:56:57,37.0,-0.02,535,1979833,卖盘
4,14:56:54,37.02,--,1,3702,卖盘
5,14:56:51,37.02,--,8,29616,买盘
6,14:56:48,37.02,--,2,7404,买盘
7,14:56:45,37.02,0.02,44,162888,买盘
8,14:56:42,37.0,--,6,22200,卖盘
9,14:56:39,37.0,-0.03,13,48100,卖盘
10,14:56:36,37.03,0.03,12,44436,买盘
11,14:56:30,37.0,--,22,81400,卖盘
12,14:56:27,37.0,--,2,7400,卖盘
13,14:56:24,37.0,--,44,162800,卖盘
14,14:56:21,37.0,--,1,3700,卖盘
15,14:56:18,37.0,--,13,48100,卖盘
16,14:56:12,37.0,-0.03,3,11100,卖盘
17,14:56:09,37.03,0.03,10,37030,买盘
18,14:56:00,37.0,-0.03,50,185000,卖盘
19,14:55:54,37.03,--,5,18515,卖盘
20,14:55:51,37.03,--,3,11109,卖盘
21,14:55:36,37.03,0.03,23,85169,买盘
22,14:55:24,37.0,-0.02,5,18500,卖盘
23,14:55:21,37.02,0.02,1,3702,中性盘
24,14:55:18,37.0,-0.02,2,7400,卖盘
25,14:55:15,37.02,--,1,3702,卖盘
26,14:55:12,37.02,--,10,37020,买盘
27,14:55:03,37.02,0.02,20,74040,买盘
28,14:54:51,37.0,--,11,40700,卖盘
29,14:54:48,37.0,-0.02,6,22200,卖盘
30,14:54:45,37.02,0.01,10,37020,买盘
31,14:54:42,37.01,0.01,3,11103,中性盘
32,14:54:24,37.0,--,90,333000,卖盘
33,14:54:18,37.0,--,2,7400,卖盘
34,14:54:12,37.0,-0.01,3,11100,卖盘
35,14:54:09,37.01,0.01,1,3701,中性盘
36,14:54:00,37.0,--,2,7400,卖盘
37,14:53:54,37.0,-0.04,83,307100,卖盘
38,14:53:42,37.04,0.04,1,3704,买盘
39,14:53:33,37.0,-0.04,50,185000,卖盘
40,14:53:30,37.04,0.03,10,37040,买盘
41,14:53:24,37.01,-0.03,2,7402,卖盘
42,14:53:06,37.04,-0.03,73,271169,卖盘
43,14:53:03,37.07,0.03,24,88968,买盘
44,14:52:45,37.04,-0.01,4,14816,卖盘
45,14:52:39,37.05,0.01,2,7409,中性盘
46,14:52:36,37.04,--,187,692648,卖盘
47,14:52:33,37.04,--,36,136270,卖盘
48,14:52:24,37.04,--,60,222240,卖盘
49,14:52:21,37.04,-0.01,3,11112,卖盘
50,14:52:18,37.05,--,20,74100,买盘
51,14:52:15,37.05,0.01,32,118559,买盘
52,14:52:06,37.04,--,3,11112,买盘
53,14:52:03,37.04,--,5,18520,卖盘
54,14:51:57,37.04,--,5,18520,卖盘
55,14:51:48,37.04,--,5,18520,卖盘
56,14:51:45,37.04,0.04,17,62968,买盘
57,14:51:42,37.0,--,50,185000,卖盘
58,14:51:36,37.0,--,14,51800,卖盘
59,14:51:24,37.0,--,3,11100,卖盘
60,14:51:21,37.0,--,34,125800,卖盘
61,14:51:09,37.0,--,2,7400,卖盘
62,14:51:06,37.0,-0.04,3,11100,卖盘
63,14:51:03,37.04,0.04,4,14816,买盘
64,14:50:51,37.0,-0.04,133,492100,卖盘
65,14:50:45,37.04,--,9,33336,卖盘
66,14:50:39,37.04,0.03,6,22224,买盘
67,14:50:36,37.01,-0.03,17,62917,卖盘
68,14:50:33,37.04,--,1,3704,买盘
69,14:50:27,37.04,--,1,3704,卖盘
70,14:50:18,37.04,-0.01,5,18520,卖盘
71,14:50:15,37.05,0.01,1,3704,买盘
72,14:50:12,37.04,--,14,51856,卖盘
73,14:50:06,37.04,--,22,81488,买盘
74,14:50:03,37.04,-0.01,7,25928,中性盘
75,14:49:54,37.05,0.04,21,77805,买盘
76,14:49:51,37.01,-0.04,8,29608,卖盘
77,14:49:48,37.05,--,3,11115,买盘
78,14:49:45,37.05,0.04,15,55574,买盘
79,14:49:42,37.01,-0.04,120,444120,卖盘
80,14:49:39,37.05,--,7,25934,买盘
81,14:49:33,37.05,--,10,37050,买盘
82,14:49:21,37.05,0.04,2,7409,买盘
83,14:49:18,37.01,--,12,44412,买盘
84,14:49:12,37.01,0.01,11,40711,买盘
85,14:49:09,37.0,--,3,11100,卖盘
86,14:49:06,37.0,--,1,3700,卖盘
87,14:49:03,37.0,--,4,14800,买盘
88,14:48:48,37.0,0.09,50,185000,买盘
89,14:48:42,36.91,-0.06,4,14763,卖盘
90,14:48:39,36.97,0.01,62,229214,买盘
91,14:48:30,36.96,0.06,68,251328,中性盘
92,14:48:24,36.9,-0.1,61,225090,卖盘
93,14:48:21,37.0,0.03,700,2590000,买盘
94,14:48:18,36.97,0.05,5,18485,买盘
95,14:48:09,36.92,-0.05,5,18460,卖盘
96,14:48:03,36.97,0.05,30,110910,买盘
97,14:48:00,36.92,0.02,37,136604,买盘
98,14:47:54,36.9,-0.01,2,7380,卖盘
99,14:47:48,36.91,--,3,11072,卖盘
100,14:47:42,36.91,-0.03,50,184549,卖盘
101,14:47:39,36.94,0.03,20,73880,买盘
102,14:47:33,36.91,-0.02,7,25836,卖盘
103,14:47:27,36.93,0.02,1,3693,买盘
104,14:47:24,36.91,--,9,33219,卖盘
105,14:47:12,36.91,-0.02,2,7381,中性盘
106,14:47:09,36.93,0.03,40,147720,买盘
107,14:47:06,36.9,-0.02,130,479700,卖盘
108,14:46:54,36.92,0.02,1,3692,买盘
109,14:46:51,36.9,--,2,7380,卖盘
110,14:46:48,36.9,-0.01,8,29520,卖盘
111,14:46:42,36.91,0.01,1,3690,买盘
112,14:46:39,36.9,--,1,3690,卖盘
113,14:46:36,36.9,-0.01,7,25830,卖盘
114,14:46:30,36.91,0.01,1,3690,买盘
115,14:46:24,36.9,--,208,767520,卖盘
116,14:46:21,36.9,--,2,7380,卖盘
117,14:46:09,36.9,0.02,30,111474,买盘
118,14:46:06,36.88,-0.02,2,7376,中性盘
119,14:45:57,36.9,0.02,80,295200,买盘
120,14:45:51,36.88,0.03,1,3688,中性盘
121,14:45:39,36.85,-0.02,63,232155,卖盘
122,14:45:27,36.87,-0.01,6,22122,中性盘
123,14:45:24,36.88,0.06,40,147520,买盘
124,14:45:21,36.82,--,1,5117,卖盘
125,14:45:18,36.82,-0.05,2,7364,卖盘
126,14:45:00,36.87,0.05,41,151167,买盘
127,14:44:57,36.82,--,2,7364,卖盘
128,14:44:39,36.82,0.02,8,30781,买盘
129,14:44:27,36.8,-0.02,45,165600,卖盘
130,14:44:21,36.82,--,2,7364,买盘
131,14:44:18,36.82,--,2,7364,买盘
132,14:44:15,36.82,--,10,36820,买盘
133,14:44:03,36.82,0.01,41,150962,买盘
134,14:44:00,36.81,-0.01,3,11043,卖盘
135,14:43:36,36.82,--,5,18410,卖盘
136,14:43:33,36.82,-0.04,31,114142,卖盘
137,14:43:30,36.86,0.04,4,14744,买盘
138,14:43:24,36.82,-0.04,5,18410,卖盘
139,14:43:21,36.86,0.05,37,136382,买盘
140,14:43:00,36.81,-0.05,5,18405,卖盘
141,14:42:57,36.86,0.05,1,3686,买盘
142,14:42:48,36.81,-0.04,2,7362,卖盘
143,14:42:45,36.85,0.05,2,7370,买盘
144,14:42:21,36.8,--,15,55715,买盘
145,14:42:15,36.8,--,32,117759,买盘
146,14:42:06,36.8,--,46,172444,卖盘
147,14:42:03,36.8,--,1,3679,卖盘
148,14:41:39,36.8,0.01,28,103555,买盘
149,14:41:33,36.79,--,144,529776,买盘
150,14:41:27,36.79,--,70,257530,买盘
151,14:41:21,36.79,--,39,143481,买盘
152,14:41:09,36.79,--,4,14716,买盘
153,14:41:03,36.79,0.04,100,367900,买盘
154,14:40:57,36.75,-0.01,10,36750,卖盘
155,14:40:51,36.76,0.01,3,11028,中性盘
156,14:40:39,36.75,-0.04,43,158907,中性盘
157,14:40:08,36.79,0.05,84,309036,买盘
158,14:40:05,36.74,0.01,52,191048,中性盘
159,14:39:44,36.73,0.02,14,54213,买盘
160,14:39:35,36.71,--,4,14684,卖盘
161,14:39:23,36.71,0.01,2,7342,买盘
162,14:39:20,36.7,-0.01,1,3670,卖盘
163,14:39:17,36.71,0.01,500,1835500,买盘
164,14:39:14,36.7,-0.03,2,7340,卖盘
165,14:39:05,36.73,0.03,80,293840,买盘
166,14:38:56,36.7,-0.02,3,11010,卖盘
167,14:38:44,36.72,0.02,150,550800,买盘
168,14:38:23,36.7,-0.01,6,22020,中性盘
169,14:38:20,36.71,0.03,18,66078,买盘
170,14:38:17,36.68,-0.02,2,7336,卖盘
171,14:38:02,36.7,-0.01,4,14680,中性盘
172,14:37:59,36.71,0.03,17,62407,买盘
173,14:37:56,36.68,--,7,25676,卖盘
174,14:37:47,36.68,-0.02,3,11004,卖盘
175,14:37:29,36.7,--,1,3670,买盘
176,14:37:23,36.7,0.02,2,7340,买盘
177,14:37:20,36.68,-0.02,8,29344,卖盘
178,14:37:14,36.7,--,4,14680,买盘
179,14:36:38,36.7,--,4,14680,卖盘
180,14:36:35,36.7,--,20,73400,卖盘
181,14:36:32,36.7,--,20,73400,卖盘
182,14:36:20,36.7,0.02,7,25690,中性盘
183,14:36:08,36.68,-0.02,3,11004,卖盘
184,14:35:59,36.7,--,2,7340,卖盘
185,14:35:56,36.7,--,6,22020,卖盘
186,14:35:53,36.7,-0.01,24,88080,卖盘
187,14:35:44,36.71,0.01,2,7342,买盘
188,14:35:38,36.7,--,6,22020,卖盘
189,14:35:35,36.7,--,1,3670,卖盘
190,14:35:32,36.7,--,29,109989,卖盘
191,14:35:23,36.7,-0.01,2,7340,卖盘
192,14:35:20,36.71,--,3,14316,卖盘
193,14:35:14,36.71,--,10,36710,卖盘
194,14:34:59,36.71,--,1,3671,卖盘
195,14:34:53,36.71,-0.01,28,102788,卖盘
196,14:34:50,36.72,--,2,7344,卖盘
197,14:34:47,36.72,--,2,7344,卖盘
198,14:34:32,36.72,-0.01,2,7344,卖盘
199,14:34:29,36.73,--,25,91824,卖盘
200,14:34:26,36.73,--,1,3672,卖盘
201,14:34:20,36.73,--,6,22037,卖盘
202,14:34:14,36.73,--,2,7345,卖盘
203,14:33:53,36.73,--,2,7345,卖盘
204,14:33:47,36.73,--,3,11018,卖盘
205,14:33:32,36.73,0.01,2,7345,买盘
206,14:33:17,36.72,--,1,3672,卖盘
207,14:33:11,36.72,0.01,1,3672,中性盘
208,14:32:56,36.71,--,3,11013,卖盘
209,14:32:53,36.71,-0.02,3,11013,卖盘
210,14:32:47,36.73,0.02,7,25710,买盘
211,14:32:38,36.71,--,2,9764,卖盘
212,14:32:32,36.71,-0.02,20,73420,卖盘
213,14:32:29,36.73,0.02,1,3672,买盘
214,14:32:26,36.71,-0.01,1,3671,卖盘
215,14:32:14,36.72,--,1,3672,卖盘
216,14:32:11,36.72,--,30,110160,卖盘
217,14:31:59,36.72,-0.01,1,3672,卖盘
218,14:31:53,36.73,--,1,3672,卖盘
219,14:31:26,36.73,--,1,3672,卖盘
220,14:31:23,36.73,-0.03,7,25857,卖盘
221,14:31:08,36.76,--,2,7352,卖盘
222,14:31:02,36.76,--,1,3676,卖盘
223,14:30:59,36.76,--,4,14704,卖盘
224,14:30:53,36.76,-0.02,21,77196,卖盘
225,14:30:44,36.78,0.02,8,29424,买盘
226,14:30:35,36.76,--,2,7352,卖盘
227,14:30:23,36.76,-0.02,6,24702,卖盘
228,14:30:11,36.78,--,11,40458,卖盘
229,14:29:56,36.78,-0.01,3,12063,卖盘
230,14:29:50,36.79,0.01,3,11037,买盘
231,14:29:44,36.78,-0.01,14,51492,卖盘
232,14:29:32,36.79,--,6,22074,卖盘
233,14:29:23,36.79,-0.08,20,73580,中性盘
234,14:29:17,36.87,0.09,9,33183,买盘
235,14:28:56,36.78,-0.09,11,40458,卖盘
236,14:28:32,36.87,--,1,3686,卖盘
237,14:28:26,36.87,--,1,3686,卖盘
238,14:28:23,36.87,--,10,36870,卖盘
239,14:28:14,36.87,--,2,7373,卖盘
240,14:28:02,36.87,-0.01,1,3686,卖盘
241,14:27:59,36.88,0.01,5,18440,买盘
242,14:27:44,36.87,0.08,25,92175,买盘
243,14:27:29,36.79,--,6,22074,卖盘
244,14:27:05,36.79,-0.08,2,7358,卖盘
245,14:26:59,36.87,--,5,18435,买盘
246,14:26:38,36.87,0.09,50,184350,买盘
247,14:26:23,36.78,--,2,7356,卖盘
248,14:26:05,36.78,0.02,5,18390,买盘
249,14:26:02,36.76,--,1,4447,卖盘
250,14:25:53,36.76,--,2,8344,卖盘
251,14:25:41,36.76,--,2,7352,卖盘
252,14:25:35,36.76,--,48,178212,买盘
253,14:25:26,36.76,0.01,100,367600,买盘
254,14:25:23,36.75,--,25,91875,买盘
255,14:25:05,36.75,--,1,3675,买盘
256,14:24:59,36.75,-0.01,31,113925,卖盘
257,14:24:44,36.76,--,1,3676,买盘
258,14:24:41,36.76,--,3,11028,买盘
259,14:24:29,36.76,--,2,7352,买盘
260,14:24:14,36.76,--,20,75431,卖盘
261,14:24:02,36.76,--,5,18380,卖盘
262,14:23:59,36.76,--,1,4521,卖盘
263,14:23:53,36.76,0.01,7,26651,买盘
264,14:23:47,36.75,0.02,1,3675,中性盘
265,14:23:26,36.73,0.01,1,3672,中性盘
266,14:23:11,36.72,-0.04,1,3672,卖盘
267,14:23:05,36.76,--,50,183800,买盘
268,14:22:14,36.76,0.05,4,14704,买盘
269,14:22:02,36.71,--,41,150511,卖盘
270,14:21:56,36.71,--,1,7231,卖盘
271,14:21:53,36.71,--,2,9214,卖盘
272,14:21:50,36.71,-0.01,5,18355,卖盘
273,14:21:44,36.72,-0.04,2,7344,卖盘
274,14:21:26,36.76,0.04,23,84548,买盘
275,14:21:23,36.72,--,1,3672,卖盘
276,14:21:08,36.72,-0.04,7,25704,卖盘
277,14:20:55,36.76,--,4,14704,买盘
278,14:20:52,36.76,0.01,2,7352,买盘
279,14:20:49,36.75,--,3,11025,卖盘
280,14:20:43,36.75,--,3,11025,卖盘
281,14:20:40,36.75,-0.01,7,25725,卖盘
282,14:20:34,36.76,0.01,4,14704,中性盘
283,14:19:55,36.75,--,1,4961,卖盘
284,14:19:52,36.75,0.02,2,7827,中性盘
285,14:19:22,36.73,-0.01,6,22037,卖盘
286,14:19:16,36.74,-0.02,2,7348,卖盘
287,14:19:07,36.76,--,1,3676,卖盘
288,14:18:49,36.76,0.04,1,3676,中性盘
289,14:18:13,36.72,--,0,1762,买盘
290,14:18:10,36.72,--,0,1909,卖盘
291,14:17:55,36.72,--,1,4332,卖盘
292,14:17:49,36.72,-0.18,2,8445,卖盘
293,14:17:16,36.9,0.04,20,73800,买盘
294,14:17:01,36.86,-0.03,1,3686,卖盘
295,14:16:52,36.89,-0.01,1,3689,中性盘
296,14:16:16,36.9,0.19,35,129150,买盘
297,14:16:13,36.71,-0.13,1,3671,卖盘
298,14:16:07,36.84,0.06,23,85026,买盘
299,14:16:04,36.78,-0.01,1,3678,中性盘
300,14:15:52,36.79,0.09,6,22625,买盘
301,14:15:46,36.7,-0.09,2,8551,卖盘
302,14:15:34,36.79,--,4,14716,买盘
303,14:15:25,36.79,--,1,3679,买盘
304,14:15:19,36.79,--,1,3679,买盘
305,14:15:04,36.79,0.11,7,27518,买盘
306,14:14:55,36.68,0.01,3,11004,买盘
307,14:14:34,36.67,-0.01,10,36670,卖盘
308,14:14:28,36.68,0.01,3,11004,买盘
309,14:14:19,36.67,-0.01,0,1760,卖盘
310,14:14:16,36.68,0.01,1,3668,中性盘
311,14:13:55,36.67,--,1,5133,卖盘
312,14:13:49,36.67,--,5,18335,卖盘
313,14:13:43,36.67,--,2,7627,卖盘
314,14:13:40,36.67,-0.03,1,3667,卖盘
315,14:13:34,36.7,--,5,18350,买盘
316,14:13:28,36.7,--,6,23928,卖盘
317,14:13:22,36.7,--,10,36700,卖盘
318,14:12:58,36.7,--,3,11010,卖盘
319,14:12:55,36.7,-0.05,8,29360,卖盘
320,14:12:40,36.75,0.05,2,7350,买盘
321,14:12:28,36.7,--,8,29360,卖盘
322,14:12:19,36.7,--,2,7340,卖盘
323,14:12:16,36.7,--,1,3670,卖盘
324,14:12:13,36.7,--,6,22020,卖盘
325,14:11:55,36.7,--,2,7340,卖盘
326,14:11:46,36.7,--,1,4514,卖盘
327,14:11:43,36.7,--,2,8257,卖盘
328,14:11:37,36.7,--,2,7340,卖盘
329,14:11:22,36.7,-0.09,5,18350,卖盘
330,14:11:19,36.79,--,3,11037,买盘
331,14:11:16,36.79,--,1,3679,买盘
332,14:11:10,36.79,--,1,3679,买盘
333,14:11:04,36.79,0.09,2,7358,买盘
334,14:10:46,36.7,--,3,11010,卖盘
335,14:10:40,36.7,--,1,3670,卖盘
336,14:10:37,36.7,--,5,18350,卖盘
337,14:10:34,36.7,--,8,29360,买盘
338,14:10:28,36.7,-0.09,2,7340,卖盘
339,14:10:25,36.79,0.03,1,3679,买盘
340,14:10:19,36.76,-0.03,1,3676,中性盘
341,14:10:13,36.79,--,12,47532,卖盘
342,14:10:10,36.79,--,5,18395,卖盘
343,14:10:04,36.79,--,20,73580,卖盘
344,14:09:49,36.79,--,1,4414,卖盘
345,14:09:46,36.79,--,23,84617,卖盘
346,14:09:37,36.79,-0.01,2,8388,卖盘
347,14:09:28,36.8,0.01,3,11040,买盘
348,14:09:25,36.79,--,40,147160,卖盘
349,14:09:16,36.79,--,3,11037,卖盘
350,14:09:07,36.79,--,97,356863,卖盘
351,14:08:58,36.79,--,10,36790,卖盘
352,14:08:49,36.79,-0.01,12,44148,卖盘
353,14:08:40,36.8,-0.05,18,68153,卖盘
354,14:08:25,36.85,--,7,25795,卖盘
355,14:08:10,36.85,--,1,3685,卖盘
356,14:08:07,36.85,-0.03,3,11055,卖盘
357,14:07:43,36.88,-0.02,6,22128,卖盘
358,14:07:31,36.9,--,4,14760,买盘
359,14:07:04,36.9,--,5,18450,中性盘
360,14:06:52,36.9,--,1,3690,卖盘
361,14:06:40,36.9,-0.01,50,184500,卖盘
362,14:06:34,36.91,--,13,47982,买盘
363,14:06:04,36.91,--,94,349094,卖盘
364,14:06:01,36.91,--,23,84892,卖盘
365,14:05:58,36.91,--,7,25836,卖盘
366,14:05:49,36.91,--,22,81201,卖盘
367,14:05:43,36.91,--,1,4060,卖盘
368,14:05:40,36.91,--,2,8784,卖盘
369,14:05:31,36.91,--,2,7381,卖盘
370,14:05:25,36.91,-0.02,3,11072,卖盘
371,14:05:01,36.93,-0.02,0,2252,卖盘
372,14:04:52,36.95,--,3,11085,卖盘
373,14:04:43,36.95,--,1,3695,卖盘
374,14:04:34,36.95,--,5,18475,卖盘
375,14:04:28,36.95,0.02,23,84985,买盘
376,14:04:19,36.93,-0.01,20,73860,卖盘
377,14:04:10,36.94,--,1,3694,买盘
378,14:04:07,36.94,0.01,1,3694,买盘
379,14:03:43,36.93,--,9,33717,卖盘
380,14:03:40,36.93,--,2,8678,卖盘
381,14:03:34,36.93,--,22,81246,卖盘
382,14:03:25,36.93,--,110,406230,卖盘
383,14:03:10,36.93,-0.02,10,36930,卖盘
384,14:02:58,36.95,0.02,4,14780,买盘
385,14:02:52,36.93,--,2,7386,卖盘
386,14:02:37,36.93,--,2,7386,卖盘
387,14:02:31,36.93,-0.01,4,14772,卖盘
388,14:02:25,36.94,-0.02,1,3694,卖盘
389,14:02:22,36.96,0.03,3,11088,中性盘
390,14:02:01,36.93,-0.03,60,221580,卖盘
391,14:01:58,36.96,--,1,3696,卖盘
392,14:01:52,36.96,0.03,9,33264,买盘
393,14:01:43,36.93,--,4,14772,卖盘
394,14:01:40,36.93,--,1,4099,卖盘
395,14:01:37,36.93,-0.03,2,8752,卖盘
396,14:01:25,36.96,0.03,38,140448,买盘
397,14:01:21,36.93,--,2,7386,卖盘
398,14:01:15,36.93,--,4,14772,卖盘
399,14:01:09,36.93,--,2,7386,卖盘
400,14:00:51,36.93,--,5,18465,卖盘
401,14:00:45,36.93,--,2,7386,卖盘
402,14:00:42,36.93,--,30,110790,卖盘
403,14:00:15,36.93,--,3,11079,卖盘
404,14:00:03,36.93,--,37,136641,卖盘
405,13:59:42,36.93,--,1,4653,卖盘
406,13:59:36,36.93,--,3,11891,卖盘
407,13:59:24,36.93,-0.04,50,184650,卖盘
408,13:58:39,36.97,--,4,14788,卖盘
409,13:58:33,36.97,--,18,66546,卖盘
410,13:58:27,36.97,-0.01,3,11091,卖盘
411,13:58:00,36.98,0.01,2,7395,买盘
412,13:57:54,36.97,--,3,11091,卖盘
413,13:57:48,36.97,--,64,236608,卖盘
414,13:57:42,36.97,--,12,44364,卖盘
415,13:57:39,36.97,0.01,48,178786,买盘
416,13:57:36,36.96,--,5,18480,卖盘
417,13:57:33,36.96,0.03,35,129803,中性盘
418,13:57:12,36.93,-0.02,73,269589,卖盘
419,13:57:09,36.95,--,87,321465,卖盘
420,13:57:06,36.95,--,100,369500,卖盘
421,13:56:51,36.95,-0.02,6,22170,卖盘
422,13:56:42,36.97,0.02,5,18485,买盘
423,13:56:27,36.95,--,36,133020,买盘
424,13:56:03,36.95,--,1,3695,买盘
425,13:55:57,36.95,0.02,2,7390,买盘
426,13:55:36,36.93,-0.01,21,77774,卖盘
427,13:55:30,36.94,--,2,8939,卖盘
428,13:55:27,36.94,--,1,3694,买盘
429,13:55:24,36.94,0.01,1,3694,买盘
430,13:55:18,36.93,--,199,734907,卖盘
431,13:55:12,36.93,--,3,11079,卖盘
432,13:55:06,36.93,--,1,3693,卖盘
433,13:54:51,36.93,-0.01,6,22158,卖盘
434,13:54:45,36.94,0.01,3,11082,中性盘
435,13:54:39,36.93,-0.01,15,55395,卖盘
436,13:54:36,36.94,0.01,1,3694,中性盘
437,13:54:15,36.93,--,10,36930,卖盘
438,13:54:03,36.93,--,3,11079,卖盘
439,13:53:57,36.93,--,1,3693,卖盘
440,13:53:51,36.93,--,4,14772,卖盘
441,13:53:36,36.93,--,1,4505,卖盘
442,13:53:30,36.93,-0.05,2,8346,卖盘
443,13:52:57,36.98,--,4,14791,卖盘
444,13:52:54,36.98,--,26,96147,卖盘
445,13:52:51,36.98,--,2,7395,卖盘
446,13:52:42,36.98,0.02,16,59167,买盘
447,13:52:39,36.96,--,5,18480,卖盘
448,13:52:33,36.96,-0.02,4,14784,卖盘
449,13:52:30,36.98,0.02,1,3697,中性盘
450,13:52:21,36.96,--,2,7392,卖盘
451,13:52:06,36.96,-0.03,3,11088,卖盘
452,13:52:00,36.99,0.03,2,7398,买盘
453,13:51:57,36.96,-0.03,3,11088,卖盘
454,13:51:39,36.99,--,31,114816,卖盘
455,13:51:36,36.99,--,1,4364,卖盘
456,13:51:33,36.99,--,30,110970,卖盘
457,13:51:30,36.99,--,4,14796,卖盘
458,13:51:27,36.99,--,66,245243,卖盘
459,13:51:06,36.99,--,1,3699,卖盘
460,13:50:42,36.99,-0.01,100,369900,卖盘
461,13:50:36,37.0,--,1,3700,买盘
462,13:50:21,37.0,--,3,11100,买盘
463,13:50:15,37.0,0.01,5,18500,买盘
464,13:50:03,36.99,-0.01,9,33291,卖盘
465,13:49:36,37.0,0.01,2,7400,买盘
466,13:49:33,36.99,-0.01,1,5178,卖盘
467,13:49:27,37.0,0.01,3,11100,买盘
468,13:49:24,36.99,-0.01,2,7693,卖盘
469,13:49:21,37.0,0.01,13,48100,买盘
470,13:49:12,36.99,-0.01,5,18495,卖盘
471,13:49:00,37.0,0.01,4,14800,买盘
472,13:48:51,36.99,-0.01,5,18495,卖盘
473,13:48:42,37.0,0.01,17,62900,买盘
474,13:48:30,36.99,-0.01,1,3699,中性盘
475,13:48:21,37.0,0.02,137,506900,买盘
476,13:48:18,36.98,--,5,18490,卖盘
477,13:48:06,36.98,--,1,3697,卖盘
478,13:47:54,36.98,--,1,3697,卖盘
479,13:47:51,36.98,0.02,5,18490,买盘
480,13:47:39,36.96,--,1,3696,卖盘
481,13:47:30,36.96,--,1,3769,卖盘
482,13:47:24,36.96,-0.02,2,9092,卖盘
483,13:47:12,36.98,--,20,73960,买盘
484,13:47:00,36.98,0.01,1,3697,买盘
485,13:46:51,36.97,0.01,6,22182,买盘
486,13:46:48,36.96,--,5,18480,卖盘
487,13:46:36,36.96,--,8,31342,买盘
488,13:46:21,36.96,0.01,6,22176,买盘
489,13:46:12,36.95,0.01,1,3695,买盘
490,13:46:06,36.94,--,2,7388,买盘
491,13:46:03,36.94,--,2,7388,买盘
492,13:46:00,36.94,--,5,18470,买盘
493,13:45:57,36.94,-0.01,1,3694,卖盘
494,13:45:54,36.95,--,3,11085,买盘
495,13:45:51,36.95,-0.01,0,1921,卖盘
496,13:45:39,36.96,0.01,3,11088,买盘
497,13:45:30,36.95,--,1,4914,卖盘
498,13:45:24,36.95,--,2,7944,卖盘
499,13:45:12,36.95,--,6,22170,买盘
500,13:45:09,36.95,--,2,7390,买盘
501,13:45:06,36.95,--,1,3695,买盘
502,13:45:00,36.95,--,1,3695,买盘
503,13:44:54,36.95,--,1,3695,买盘
504,13:44:45,36.95,--,1,3695,买盘
505,13:44:42,36.95,0.01,4,14780,买盘
506,13:44:39,36.94,-0.01,2,7388,卖盘
507,13:44:36,36.95,--,2,7390,买盘
508,13:44:33,36.95,--,1,3695,买盘
509,13:44:30,36.95,0.02,1,3695,买盘
510,13:44:27,36.93,-0.02,3,11079,卖盘
511,13:44:15,36.95,0.01,10,36950,买盘
512,13:43:57,36.94,--,3,11082,买盘
513,13:43:51,36.94,0.01,1,3694,买盘
514,13:43:27,36.93,--,1,3951,卖盘
515,13:43:24,36.93,--,2,8900,卖盘
516,13:43:21,36.93,--,9,34307,卖盘
517,13:43:15,36.93,--,150,553950,卖盘
518,13:43:09,36.93,-0.01,17,62781,卖盘
519,13:43:00,36.94,0.01,37,136678,买盘
520,13:42:45,36.93,--,8,29544,卖盘
521,13:42:35,36.93,-0.01,1,3693,卖盘
522,13:42:20,36.94,--,11,41742,买盘
523,13:42:05,36.94,--,2,7388,卖盘
524,13:42:02,36.94,--,2,7388,卖盘
525,13:41:56,36.94,0.01,6,22164,中性盘
526,13:41:29,36.93,--,4,14772,卖盘
527,13:41:26,36.93,--,1,3729,卖盘
528,13:41:23,36.93,--,2,9121,卖盘
529,13:41:14,36.93,--,1,3693,卖盘
530,13:41:08,36.93,--,1,3693,卖盘
531,13:40:59,36.93,-0.01,53,195729,卖盘
532,13:40:53,36.94,0.01,20,73880,买盘
533,13:40:23,36.93,--,1,3693,卖盘
534,13:40:20,36.93,--,10,36930,卖盘
535,13:40:14,36.93,--,29,107097,卖盘
536,13:39:53,36.93,--,5,18465,卖盘
537,13:39:50,36.93,--,1,3693,卖盘
538,13:39:23,36.93,--,1,3951,卖盘
539,13:39:17,36.93,--,2,8900,卖盘
540,13:39:14,36.93,--,40,147720,卖盘
541,13:39:11,36.93,-0.01,2,7386,卖盘
542,13:39:05,36.94,0.01,1,3694,买盘
543,13:38:47,36.93,--,1,3693,卖盘
544,13:38:44,36.93,-0.01,3,11079,卖盘
545,13:38:41,36.94,--,5,18470,买盘
546,13:38:32,36.94,--,1,3694,买盘
547,13:38:29,36.94,--,5,18470,买盘
548,13:38:26,36.94,--,10,36940,买盘
549,13:38:23,36.94,0.01,1,3694,买盘
550,13:38:11,36.93,-0.01,5,18465,卖盘
551,13:38:05,36.94,0.01,38,140372,买盘
552,13:37:59,36.93,--,4,14772,卖盘
553,13:37:50,36.93,--,5,18465,卖盘
554,13:37:47,36.93,--,4,14772,卖盘
555,13:37:38,36.93,0.01,60,223352,买盘
556,13:37:32,36.92,--,4,14768,卖盘
557,13:37:26,36.92,0.01,5,19235,中性盘
558,13:37:20,36.91,--,5,18455,卖盘
559,13:37:17,36.91,-0.02,2,8378,卖盘
560,13:37:14,36.93,0.02,8,29544,买盘
561,13:37:11,36.91,--,13,47982,卖盘
562,13:36:47,36.91,-0.02,10,36910,卖盘
563,13:36:29,36.93,--,1,3693,买盘
564,13:36:26,36.93,--,6,24078,卖盘
565,13:36:17,36.93,--,1,3693,卖盘
566,13:36:02,36.93,--,2,7386,卖盘
567,13:35:59,36.93,--,1,3693,卖盘
568,13:35:50,36.93,--,16,59088,卖盘
569,13:35:47,36.93,-0.01,2,7386,卖盘
570,13:35:35,36.94,0.01,2,7388,买盘
571,13:35:29,36.93,--,15,55395,卖盘
572,13:35:26,36.93,--,103,380379,卖盘
573,13:35:20,36.93,--,5,18686,卖盘
574,13:35:17,36.93,--,2,8937,卖盘
575,13:34:59,36.93,--,3,11079,买盘
576,13:34:53,36.93,-0.01,1,3693,卖盘
577,13:34:50,36.94,--,1,3694,买盘
578,13:34:44,36.94,--,86,317684,买盘
579,13:34:38,36.94,--,3,11082,卖盘
580,13:34:35,36.94,--,2,7388,卖盘
581,13:34:32,36.94,--,1,3694,卖盘
582,13:34:23,36.94,--,24,88656,买盘
583,13:34:17,36.94,--,1,3694,买盘
584,13:34:11,36.94,--,5,18470,卖盘
585,13:34:08,36.94,--,15,55410,买盘
586,13:34:02,36.94,0.01,2,7388,中性盘
587,13:33:53,36.93,-0.02,1,3693,卖盘
588,13:33:50,36.95,0.01,20,73900,买盘
589,13:33:47,36.94,0.01,5,18470,买盘
590,13:33:44,36.93,--,2,7386,卖盘
591,13:33:41,36.93,-0.01,4,14772,卖盘
592,13:33:23,36.94,0.01,2,8865,买盘
593,13:33:14,36.93,0.01,15,55690,买盘
594,13:32:50,36.92,0.01,102,376584,买盘
595,13:32:47,36.91,--,37,136567,卖盘
596,13:32:32,36.91,--,25,93972,卖盘
597,13:32:11,36.91,--,56,206695,卖盘
598,13:32:08,36.91,--,183,675452,买盘
599,13:31:53,36.91,--,10,36910,买盘
600,13:31:47,36.91,0.01,5,18455,买盘
601,13:31:32,36.9,--,1,3690,卖盘
602,13:31:29,36.9,0.01,42,154980,买盘
603,13:31:20,36.89,--,1,4832,卖盘
604,13:31:14,36.89,--,6,22761,卖盘
605,13:31:11,36.89,--,16,62454,买盘
606,13:31:08,36.89,0.01,40,147560,买盘
607,13:31:05,36.88,-0.01,4,14752,卖盘
608,13:31:02,36.89,--,3,11067,买盘
609,13:30:53,36.89,--,5,18445,买盘
610,13:30:47,36.89,--,19,70091,买盘
611,13:30:41,36.89,--,19,70349,卖盘
612,13:30:38,36.89,--,5,18445,卖盘
613,13:30:26,36.89,-0.01,13,51387,卖盘
614,13:30:23,36.9,0.02,38,140220,买盘
615,13:29:56,36.88,--,1,3688,卖盘
616,13:29:41,36.88,0.01,1,3688,买盘
617,13:29:20,36.87,-0.03,2,8185,卖盘
618,13:29:14,36.9,0.03,5,18450,买盘
619,13:29:11,36.87,-0.01,2,8332,卖盘
620,13:28:50,36.88,0.01,10,36880,买盘
621,13:28:23,36.87,0.01,2,7373,买盘
622,13:28:14,36.86,--,1,3686,卖盘
623,13:28:05,36.86,0.01,33,121638,买盘
624,13:27:53,36.85,--,10,36850,卖盘
625,13:27:41,36.85,--,5,18425,卖盘
626,13:27:35,36.85,--,51,187935,买盘
627,13:27:32,36.85,--,10,36850,买盘
628,13:27:26,36.85,0.01,2,7370,买盘
629,13:27:14,36.84,--,3,11125,卖盘
630,13:27:11,36.84,--,48,178526,卖盘
631,13:26:59,36.84,--,14,51576,卖盘
632,13:26:41,36.84,-0.01,1,3684,卖盘
633,13:26:38,36.85,--,3,11055,买盘
634,13:26:17,36.85,--,1,3685,买盘
635,13:26:05,36.85,0.01,2,7370,买盘
636,13:25:56,36.84,0.02,7,25788,买盘
637,13:25:50,36.82,0.02,3,11046,中性盘
638,13:25:38,36.8,-0.02,2,7359,卖盘
639,13:25:20,36.82,--,1,3682,卖盘
640,13:25:17,36.82,--,1,3682,卖盘
641,13:25:14,36.82,-0.02,1,3718,卖盘
642,13:25:11,36.84,0.04,2,7368,买盘
643,13:25:08,36.8,-0.05,3,12769,卖盘
644,13:24:59,36.85,0.01,5,18425,买盘
645,13:24:56,36.84,-0.01,2,7368,卖盘
646,13:24:53,36.85,0.01,1,3685,买盘
647,13:24:47,36.84,-0.01,18,66312,卖盘
648,13:24:44,36.85,0.01,1,3685,买盘
649,13:24:41,36.84,--,5,18420,卖盘
650,13:24:38,36.84,--,14,51576,卖盘
651,13:24:29,36.84,0.04,20,73680,买盘
652,13:24:14,36.8,-0.04,20,73600,卖盘
653,13:24:08,36.84,--,4,14736,卖盘
654,13:23:53,36.84,--,10,36840,卖盘
655,13:23:47,36.84,--,4,14736,卖盘
656,13:23:32,36.84,0.05,20,73680,中性盘
657,13:23:17,36.79,--,13,47827,卖盘
658,13:23:08,36.79,--,1,4782,卖盘
659,13:23:05,36.79,--,2,8020,卖盘
660,13:22:56,36.79,--,3,11037,卖盘
661,13:22:23,36.79,-0.07,6,22074,卖盘
662,13:22:08,36.86,0.07,3,11058,买盘
663,13:21:56,36.79,-0.07,10,36790,卖盘
664,13:21:53,36.86,-0.01,5,18430,买盘
665,13:21:43,36.87,0.02,5,18435,买盘
666,13:21:34,36.85,0.06,5,18425,买盘
667,13:21:10,36.79,--,1,4010,卖盘
668,13:21:07,36.79,--,6,23508,卖盘
669,13:20:16,36.79,-0.01,7,25753,卖盘
670,13:20:13,36.8,0.01,4,14719,中性盘
671,13:19:34,36.79,--,2,7358,卖盘
672,13:19:22,36.79,--,1,3679,卖盘
673,13:19:07,36.79,--,1,4120,卖盘
674,13:19:01,36.79,-0.1,2,8682,卖盘
675,13:18:49,36.89,0.1,117,431613,买盘
676,13:18:46,36.79,--,1,3679,卖盘
677,13:18:40,36.79,--,5,18395,卖盘
678,13:18:31,36.79,-0.01,5,18395,卖盘
679,13:18:28,36.8,0.01,1,3679,买盘
680,13:18:22,36.79,-0.01,3,11037,卖盘
681,13:18:07,36.8,-0.06,25,95164,卖盘
682,13:17:55,36.86,--,6,22116,买盘
683,13:17:52,36.86,--,2,7372,买盘
684,13:17:49,36.86,0.06,3,11058,买盘
685,13:17:28,36.8,0.01,0,515,买盘
686,13:17:10,36.79,--,3,11037,卖盘
687,13:17:04,36.79,--,2,7946,卖盘
688,13:16:58,36.79,0.13,220,810557,中性盘
689,13:15:58,36.66,--,2,7331,卖盘
690,13:15:55,36.66,--,3,10997,卖盘
691,13:15:49,36.66,-0.14,1,3665,卖盘
692,13:15:40,36.8,--,1,6844,卖盘
693,13:15:37,36.8,--,3,11040,卖盘
694,13:15:25,36.8,-0.07,5,18400,卖盘
695,13:15:10,36.87,0.07,3,11061,买盘
696,13:15:04,36.8,-0.07,3,11555,卖盘
697,13:14:58,36.87,--,2,8627,卖盘
698,13:14:49,36.87,-0.01,2,7373,卖盘
699,13:14:25,36.88,0.01,2,7376,买盘
700,13:14:19,36.87,--,10,36870,卖盘
701,13:14:16,36.87,--,4,14747,卖盘
702,13:14:13,36.87,--,2,7373,卖盘
703,13:14:10,36.87,--,4,14747,卖盘
704,13:13:52,36.87,-0.03,10,36870,卖盘
705,13:13:49,36.9,0.02,2,7380,买盘
706,13:13:40,36.88,--,1,3688,买盘
707,13:13:31,36.88,-0.07,2,7376,卖盘
708,13:13:25,36.95,0.07,117,432315,买盘
709,13:13:10,36.88,0.03,2,7376,买盘
710,13:13:07,36.85,--,1,4974,卖盘
711,13:13:04,36.85,-0.04,10,36850,卖盘
712,13:12:58,36.89,0.01,2,7857,中性盘
713,13:12:55,36.88,0.03,7,26922,买盘
714,13:12:40,36.85,0.05,1,6264,卖盘
715,13:11:58,36.8,0.09,3,12143,买盘
716,13:11:55,36.71,--,32,117472,买盘
717,13:11:52,36.71,-0.17,3,11013,中性盘
718,13:11:46,36.88,0.08,80,295040,买盘
719,13:11:34,36.8,0.05,15,55199,买盘
720,13:11:31,36.75,--,10,36750,买盘
721,13:11:28,36.75,--,17,62475,卖盘
722,13:11:19,36.75,--,5,18375,卖盘
723,13:11:10,36.75,-0.01,3,11025,卖盘
724,13:11:04,36.76,--,5,18527,卖盘
725,13:10:55,36.76,-0.03,38,141305,卖盘
726,13:10:31,36.79,0.03,8,29432,买盘
727,13:10:16,36.76,-0.02,1,3676,卖盘
728,13:10:13,36.78,0.02,6,22068,买盘
729,13:09:55,36.76,--,12,44112,买盘
730,13:09:46,36.76,0.04,10,36760,买盘
731,13:09:37,36.72,-0.03,5,18360,卖盘
732,13:09:31,36.75,0.03,4,14700,买盘
733,13:09:10,36.72,--,24,88128,卖盘
734,13:09:04,36.72,0.02,4,14724,买盘
735,13:09:01,36.7,--,1,3670,卖盘
736,13:08:58,36.7,0.01,20,75345,买盘
737,13:08:55,36.69,--,1,3669,卖盘
738,13:08:52,36.69,--,2,7338,卖盘
739,13:08:37,36.69,-0.01,2,7338,卖盘
740,13:08:31,36.7,--,16,62169,卖盘
741,13:08:07,36.7,--,3,11010,卖盘
742,13:08:04,36.7,--,6,22020,卖盘
743,13:07:58,36.7,--,12,44260,买盘
744,13:07:43,36.7,0.01,2,7340,买盘
745,13:07:37,36.69,-0.01,4,14676,中性盘
746,13:07:16,36.7,0.01,9,33030,买盘
747,13:07:07,36.69,-0.01,4,14676,卖盘
748,13:07:04,36.7,--,25,91750,买盘
749,13:07:01,36.7,0.01,39,143864,买盘
750,13:06:52,36.69,--,7,26710,卖盘
751,13:06:40,36.69,--,1,3669,卖盘
752,13:06:37,36.69,--,5,18345,卖盘
753,13:06:13,36.69,--,5,18345,卖盘
754,13:06:10,36.69,--,6,22014,卖盘
755,13:06:01,36.69,0.03,1,3669,买盘
756,13:05:52,36.66,-0.04,2,7331,中性盘
757,13:05:22,36.7,0.01,15,55050,买盘
758,13:05:13,36.69,--,1,3669,买盘
759,13:05:10,36.69,--,17,64207,卖盘
760,13:05:04,36.69,--,20,75214,买盘
761,13:04:49,36.69,--,1,3669,买盘
762,13:04:46,36.69,--,3,12841,卖盘
763,13:04:34,36.69,--,5,18345,卖盘
764,13:04:31,36.69,--,5,18345,卖盘
765,13:04:07,36.69,--,2,7338,卖盘
766,13:04:04,36.69,--,21,78883,买盘
767,13:03:40,36.69,--,3,11007,买盘
768,13:03:37,36.69,-0.01,11,42193,卖盘
769,13:03:25,36.7,0.01,5,18350,买盘
770,13:03:16,36.69,--,2,7338,卖盘
771,13:03:07,36.69,0.01,45,166939,买盘
772,13:03:01,36.68,0.03,33,121044,买盘
773,13:02:43,36.65,-0.03,6,21990,卖盘
774,13:02:37,36.68,0.03,6,22008,买盘
775,13:02:31,36.65,--,3,10995,卖盘
776,13:02:25,36.65,--,17,62305,卖盘
777,13:02:16,36.65,-0.02,11,40315,卖盘
778,13:02:10,36.67,--,5,18335,买盘
779,13:02:07,36.67,0.02,43,157681,买盘
780,13:02:04,36.65,--,3,10995,卖盘
781,13:01:52,36.65,0.15,2,7330,中性盘
782,13:01:33,36.5,-0.18,1,3650,卖盘
783,13:01:21,36.68,--,8,29344,买盘
784,13:01:18,36.68,-0.01,5,18340,中性盘
785,13:00:39,36.69,--,2,7338,买盘
786,13:00:33,36.69,0.18,1,3669,中性盘
787,13:00:24,36.51,-0.14,93,339543,卖盘
788,13:00:18,36.65,0.07,24,87960,买盘
789,13:00:15,36.58,-0.02,2,7316,买盘
790,13:00:12,36.6,-0.05,4,14640,卖盘
791,13:00:09,36.65,0.03,108,395820,买盘
792,13:00:06,36.62,0.02,12,43944,买盘
793,13:00:03,36.6,-0.01,19,69540,卖盘
794,11:29:53,36.61,--,2,7322,买盘
795,11:29:44,36.61,-0.01,2,7322,卖盘
796,11:29:38,36.62,--,1,3661,买盘
797,11:29:35,36.62,0.01,15,54929,买盘
798,11:29:17,36.61,0.01,48,175728,买盘
799,11:29:05,36.6,--,21,76860,买盘
800,11:28:53,36.6,0.01,15,54900,买盘
801,11:28:47,36.59,--,7,25613,卖盘
802,11:28:35,36.59,-0.01,4,14636,中性盘
803,11:28:11,36.6,--,1,3660,买盘
804,11:28:02,36.6,0.16,1,3660,买盘
805,11:27:59,36.44,-0.16,5,18220,卖盘
806,11:27:53,36.6,--,1,3660,买盘
807,11:27:47,36.6,0.04,23,84180,买盘
808,11:27:44,36.56,-0.03,6,21936,卖盘
809,11:27:38,36.59,0.03,17,62203,买盘
810,11:27:23,36.56,-0.03,10,36560,卖盘
811,11:27:05,36.59,--,1,3659,买盘
812,11:27:02,36.59,--,3,10977,买盘
813,11:26:47,36.59,--,3,10977,买盘
814,11:26:44,36.59,0.03,2,7318,买盘
815,11:26:41,36.56,0.12,1,3656,中性盘
816,11:26:02,36.44,-0.16,10,36440,卖盘
817,11:25:47,36.6,--,17,62220,买盘
818,11:25:35,36.6,--,20,75139,卖盘
819,11:25:32,36.6,-0.01,1,3660,卖盘
820,11:25:23,36.61,0.01,6,25590,买盘
821,11:25:20,36.6,-0.01,31,113460,卖盘
822,11:25:17,36.61,0.01,12,43932,买盘
823,11:25:14,36.6,--,6,21960,卖盘
824,11:25:11,36.6,--,1,3660,卖盘
825,11:25:05,36.6,--,29,106140,卖盘
826,11:24:56,36.6,-0.01,3,10980,卖盘
827,11:24:50,36.61,-0.01,1,3661,中性盘
828,11:24:44,36.62,0.01,16,58591,买盘
829,11:24:35,36.61,--,2,7322,卖盘
830,11:24:29,36.61,-0.01,3,10983,卖盘
831,11:24:26,36.62,--,4,14647,买盘
832,11:24:14,36.62,0.01,8,29295,买盘
833,11:24:11,36.61,--,3,10983,卖盘
834,11:24:08,36.61,--,0,2782,卖盘
835,11:24:05,36.61,-0.01,2,7322,卖盘
836,11:23:53,36.62,--,16,58591,买盘
837,11:23:50,36.62,0.02,2,7323,买盘
838,11:23:47,36.6,-0.02,8,29280,卖盘
839,11:23:44,36.62,--,27,98874,买盘
840,11:23:41,36.62,0.02,4,14647,买盘
841,11:23:38,36.6,--,2,7320,卖盘
842,11:23:20,36.6,--,10,36600,卖盘
843,11:23:17,36.6,--,1,3660,卖盘
844,11:23:10,36.6,-0.02,2,7320,卖盘
845,11:22:58,36.62,0.02,1,3661,买盘
846,11:22:55,36.6,-0.02,51,189990,卖盘
847,11:22:52,36.62,--,7,25634,卖盘
848,11:22:49,36.62,--,10,36620,卖盘
849,11:22:43,36.62,--,4,14647,卖盘
850,11:22:40,36.62,0.02,8,29295,买盘
851,11:22:37,36.6,--,1,3660,卖盘
852,11:22:34,36.6,--,99,362340,卖盘
853,11:22:16,36.6,-0.02,26,95160,卖盘
854,11:22:10,36.62,0.02,2,7323,中性盘
855,11:22:07,36.6,--,7,25620,卖盘
856,11:22:04,36.6,-0.03,90,329400,卖盘
857,11:21:58,36.63,0.03,1,3663,买盘
858,11:21:49,36.6,--,5,18300,卖盘
859,11:21:46,36.6,0.16,178,653566,买盘
860,11:21:34,36.44,-0.06,4,14576,卖盘
861,11:21:31,36.5,--,2,7300,买盘
862,11:21:22,36.5,0.05,2,7300,买盘
863,11:21:16,36.45,-0.05,1,3645,卖盘
864,11:21:10,36.5,--,1,3650,买盘
865,11:21:07,36.5,0.01,3,10950,买盘
866,11:20:58,36.49,-0.01,2,7298,卖盘
867,11:20:49,36.5,--,17,62050,买盘
868,11:20:43,36.5,-0.02,22,80300,卖盘
869,11:20:37,36.52,--,1,3652,买盘
870,11:20:34,36.52,0.02,2,7304,买盘
871,11:20:25,36.5,0.05,57,208050,买盘
872,11:20:16,36.45,--,19,69255,买盘
873,11:20:13,36.45,0.01,4,14580,买盘
874,11:19:52,36.44,0.04,7,25508,买盘
875,11:19:49,36.4,-0.04,8,29120,卖盘
876,11:19:46,36.44,--,5,18220,买盘
877,11:19:34,36.44,--,1,3644,买盘
878,11:19:25,36.44,--,1,3644,买盘
879,11:19:19,36.44,--,1,3644,买盘
880,11:18:52,36.44,0.04,16,58304,买盘
881,11:18:49,36.4,-0.01,1,3640,卖盘
882,11:17:58,36.41,-0.04,3,10922,卖盘
883,11:17:52,36.45,--,22,80190,买盘
884,11:17:49,36.45,--,24,87480,买盘
885,11:17:34,36.45,--,1,3645,买盘
886,11:17:28,36.45,--,2,7290,买盘
887,11:17:01,36.45,--,16,58320,买盘
888,11:16:52,36.45,0.05,9,32805,买盘
889,11:16:28,36.4,-0.04,6,21840,卖盘
890,11:16:25,36.44,0.04,2,7288,买盘
891,11:16:22,36.4,--,90,327600,卖盘
892,11:15:52,36.4,--,14,51396,买盘
893,11:15:46,36.4,--,2,7280,买盘
894,11:15:40,36.4,0.01,1,3640,买盘
895,11:15:37,36.39,0.01,1,3639,卖盘
896,11:15:22,36.38,--,1,6293,买盘
897,11:15:19,36.38,--,1,3638,买盘
898,11:15:13,36.38,--,4,14552,买盘
899,11:15:10,36.38,--,2,7276,买盘
900,11:15:04,36.38,-0.02,1,3638,卖盘
901,11:15:01,36.4,--,17,61880,买盘
902,11:14:52,36.4,0.02,1,3640,买盘
903,11:14:49,36.38,-0.02,1,3638,卖盘
904,11:14:43,36.4,--,1,3640,买盘
905,11:14:31,36.4,--,8,29120,买盘
906,11:14:22,36.4,0.01,16,58240,买盘
907,11:14:19,36.39,--,1,3639,买盘
908,11:14:01,36.39,-0.01,16,58224,中性盘
909,11:13:01,36.4,0.03,16,58240,买盘
910,11:12:52,36.37,-0.03,23,83651,卖盘
911,11:12:04,36.4,0.03,17,61880,买盘
912,11:11:46,36.37,-0.03,2,7273,卖盘
913,11:11:43,36.4,--,5,21403,卖盘
914,11:11:37,36.4,--,2,7280,卖盘
915,11:11:34,36.4,--,3,11356,买盘
916,11:11:31,36.4,--,2,7280,买盘
917,11:11:22,36.4,--,11,40040,卖盘
918,11:11:04,36.4,0.02,15,54600,买盘
919,11:10:40,36.38,--,1,3638,卖盘
920,11:10:10,36.38,--,3,10914,买盘
921,11:09:49,36.38,0.01,15,54570,买盘
922,11:09:07,36.37,--,18,65465,卖盘
923,11:09:04,36.37,0.02,16,58191,买盘
924,11:08:16,36.35,-0.02,1,3635,卖盘
925,11:08:13,36.37,0.02,16,58191,买盘
926,11:07:58,36.35,--,23,83605,买盘
927,11:07:52,36.35,--,4,14540,买盘
928,11:07:28,36.35,--,4,14540,卖盘
929,11:07:19,36.35,--,1,3635,卖盘
930,11:07:01,36.35,-0.02,1,3635,卖盘
931,11:06:52,36.37,--,1,3636,买盘
932,11:06:49,36.37,--,2,7273,买盘
933,11:06:46,36.37,--,5,18185,卖盘
934,11:06:40,36.37,--,18,65465,卖盘
935,11:06:34,36.37,0.02,7,25459,买盘
936,11:05:34,36.35,--,2,7270,买盘
937,11:05:25,36.35,--,2,7270,卖盘
938,11:05:07,36.35,0.01,5,18175,买盘
939,11:05:04,36.34,-0.01,4,14536,卖盘
940,11:04:52,36.35,--,2,7270,买盘
941,11:04:40,36.35,--,15,54525,卖盘
942,11:04:25,36.35,0.01,15,54525,买盘
943,11:04:16,36.34,--,10,36340,卖盘
944,11:04:10,36.34,--,1,3634,卖盘
945,11:04:04,36.34,--,3,10902,卖盘
946,11:03:45,36.34,-0.01,1,3634,卖盘
947,11:03:30,36.35,0.01,4,14540,买盘
948,11:02:51,36.34,-0.01,5,18170,中性盘
949,11:02:36,36.35,0.05,10,36350,买盘
950,11:02:03,36.3,--,40,148612,买盘
951,11:01:42,36.3,0.08,50,181500,买盘
952,11:01:21,36.22,--,4,14488,卖盘
953,11:00:51,36.22,-0.08,7,25354,卖盘
954,11:00:45,36.3,0.09,1,3629,买盘
955,11:00:24,36.21,--,49,177429,买盘
956,11:00:21,36.21,--,3,10863,买盘
957,11:00:12,36.21,--,25,90525,买盘
958,10:59:48,36.21,0.01,2,7242,买盘
959,10:59:24,36.2,0.01,99,358380,买盘
960,10:59:09,36.19,--,8,32136,卖盘
961,10:59:03,36.19,-0.01,10,36190,卖盘
962,10:58:27,36.2,--,1,3620,买盘
963,10:58:15,36.2,-0.01,43,155660,卖盘
964,10:57:54,36.21,0.01,1,3621,买盘
965,10:57:48,36.2,-0.01,8,28960,卖盘
966,10:57:12,36.21,--,20,72420,卖盘
967,10:56:36,36.21,0.01,3,10863,买盘
968,10:56:30,36.2,--,1,3620,卖盘
969,10:56:15,36.2,-0.01,60,217200,卖盘
970,10:55:48,36.21,-0.09,3,10863,中性盘
971,10:55:12,36.3,--,1,3629,买盘
972,10:55:09,36.3,--,20,72600,买盘
973,10:55:00,36.3,--,2,7259,买盘
974,10:54:09,36.3,0.11,12,43560,买盘
975,10:53:45,36.19,-0.01,30,108570,卖盘
976,10:53:36,36.2,--,8,29394,买盘
977,10:53:24,36.2,--,2,7240,买盘
978,10:53:21,36.2,--,1,3620,买盘
979,10:53:15,36.2,--,1,3620,买盘
980,10:53:03,36.2,--,3,14045,卖盘
981,10:53:00,36.2,-0.19,4,14480,卖盘
982,10:52:12,36.39,0.19,8,29112,中性盘
983,10:51:39,36.2,--,10,36200,卖盘
984,10:51:12,36.2,0.03,50,181434,买盘
985,10:50:51,36.17,--,26,94042,卖盘
986,10:50:39,36.17,-0.03,50,180850,卖盘
987,10:50:27,36.2,0.01,35,126700,买盘
988,10:50:24,36.19,--,3,10857,买盘
989,10:50:21,36.19,--,14,52475,卖盘
990,10:50:12,36.19,--,18,66951,买盘
991,10:50:06,36.19,--,14,50666,卖盘
992,10:49:30,36.19,-0.01,3,10857,卖盘
993,10:49:12,36.2,--,2,7240,买盘
994,10:48:57,36.2,--,6,21720,买盘
995,10:48:42,36.2,0.01,5,18100,买盘
996,10:48:21,36.19,-0.01,3,10857,卖盘
997,10:48:06,36.2,0.01,6,21720,买盘
998,10:47:42,36.19,-0.01,1,3619,卖盘
999,10:47:39,36.2,--,1,3620,买盘
1000,10:47:15,36.2,--,20,72400,买盘
1001,10:47:03,36.2,0.01,6,21720,买盘
1002,10:46:54,36.19,-0.01,4,14476,卖盘
1003,10:46:51,36.2,--,6,21720,买盘
1004,10:46:03,36.2,-0.2,10,39385,卖盘
1005,10:46:00,36.4,0.19,2,7280,买盘
1006,10:45:54,36.21,--,7,25781,买盘
1007,10:45:39,36.21,0.02,153,554013,买盘
1008,10:45:15,36.19,--,8,28952,买盘
1009,10:44:39,36.19,--,2,7238,卖盘
1010,10:44:27,36.19,-0.01,7,25333,卖盘
1011,10:44:24,36.2,0.01,3,10860,买盘
1012,10:44:06,36.19,-0.01,6,21714,卖盘
1013,10:44:03,36.2,0.01,1,3620,买盘
1014,10:43:57,36.19,-0.01,10,36190,卖盘
1015,10:43:54,36.2,--,30,108600,买盘
1016,10:43:51,36.2,--,8,28960,买盘
1017,10:43:36,36.2,--,20,72400,买盘
1018,10:43:23,36.2,0.01,4,14480,买盘
1019,10:42:23,36.19,--,9,32570,卖盘
1020,10:42:20,36.19,--,10,36190,卖盘
1021,10:41:56,36.19,--,13,47047,买盘
1022,10:41:29,36.19,-0.01,1,3619,卖盘
1023,10:41:20,36.2,--,2,7240,买盘
1024,10:41:02,36.2,--,21,76020,买盘
1025,10:40:35,36.2,--,2,7240,买盘
1026,10:40:26,36.2,--,1,3620,买盘
1027,10:40:20,36.2,--,2,7240,买盘
1028,10:39:47,36.2,--,10,36200,买盘
1029,10:39:38,36.2,0.01,13,47060,买盘
1030,10:39:35,36.19,--,2,7238,卖盘
1031,10:39:29,36.19,0.06,9,32570,买盘
1032,10:38:53,36.13,-0.06,15,54195,卖盘
1033,10:38:47,36.19,-0.01,3,10857,卖盘
1034,10:38:38,36.2,--,3,10860,买盘
1035,10:38:35,36.2,--,11,39820,买盘
1036,10:38:26,36.2,-0.01,12,46625,卖盘
1037,10:38:23,36.21,-0.01,27,97767,卖盘
1038,10:38:20,36.22,-0.13,150,543300,卖盘
1039,10:38:17,36.35,0.05,3,10905,买盘
1040,10:37:53,36.3,--,4,14519,卖盘
1041,10:37:41,36.3,0.01,5,18150,买盘
1042,10:37:26,36.29,--,6,21774,卖盘
1043,10:37:23,36.29,0.07,10,36290,买盘
1044,10:37:08,36.22,--,3,10866,买盘
1045,10:36:56,36.22,-0.07,7,25354,卖盘
1046,10:36:32,36.29,-0.01,12,43548,卖盘
1047,10:36:29,36.3,0.01,2,7259,买盘
1048,10:36:17,36.29,-0.01,5,18145,卖盘
1049,10:35:59,36.3,--,1,3629,买盘
1050,10:35:35,36.3,-0.09,2,7259,卖盘
1051,10:35:11,36.39,-0.01,7,25473,中性盘
1052,10:34:26,36.4,--,6,22167,卖盘
1053,10:34:14,36.4,-0.05,150,546000,卖盘
1054,10:33:56,36.45,0.05,1,3645,买盘
1055,10:33:47,36.4,--,9,32760,卖盘
1056,10:33:41,36.4,-0.05,33,120120,卖盘
1057,10:33:20,36.45,-0.01,74,269948,卖盘
1058,10:33:02,36.46,-0.04,1,3646,卖盘
1059,10:32:23,36.5,0.02,108,394200,买盘
1060,10:32:20,36.48,-0.02,3,10943,卖盘
1061,10:32:17,36.5,--,89,324850,买盘
1062,10:32:05,36.5,--,70,255500,卖盘
1063,10:31:35,36.5,--,157,576481,买盘
1064,10:31:26,36.5,--,20,73219,卖盘
1065,10:31:20,36.5,--,49,182281,买盘
1066,10:31:17,36.5,--,121,441869,卖盘
1067,10:31:05,36.5,--,20,73000,卖盘
1068,10:31:02,36.5,--,199,729781,买盘
1069,10:30:50,36.5,--,100,365219,卖盘
1070,10:30:44,36.5,-0.04,303,1105950,卖盘
1071,10:30:26,36.54,0.03,2,7308,买盘
1072,10:30:08,36.51,0.01,16,58416,买盘
1073,10:29:59,36.5,--,10,36500,卖盘
1074,10:29:56,36.5,--,1,3650,卖盘
1075,10:29:44,36.5,--,5,18250,卖盘
1076,10:29:29,36.5,-0.01,22,80300,卖盘
1077,10:29:26,36.51,--,3,10953,卖盘
1078,10:29:14,36.51,--,2,7302,卖盘
1079,10:29:05,36.51,-0.04,1,3651,卖盘
1080,10:28:50,36.55,--,1,3654,卖盘
1081,10:28:47,36.55,--,1,3654,卖盘
1082,10:28:29,36.55,-0.03,3,10965,卖盘
1083,10:28:17,36.58,0.03,1,3658,买盘
1084,10:28:08,36.55,--,5,18275,卖盘
1085,10:28:05,36.55,--,2,7309,卖盘
1086,10:27:41,36.55,--,2,7309,卖盘
1087,10:27:32,36.55,--,10,36550,卖盘
1088,10:27:23,36.55,--,2,7309,卖盘
1089,10:27:20,36.55,--,10,36550,卖盘
1090,10:27:08,36.55,-0.03,2,7309,卖盘
1091,10:26:44,36.58,0.03,1,3658,买盘
1092,10:26:41,36.55,--,20,73100,卖盘
1093,10:26:23,36.55,--,8,29239,买盘
1094,10:26:11,36.55,--,3,10965,中性盘
1095,10:25:38,36.55,-0.05,1,3654,卖盘
1096,10:25:17,36.6,0.02,40,146400,买盘
1097,10:25:08,36.58,--,4,14632,卖盘
1098,10:25:05,36.58,--,15,54870,卖盘
1099,10:24:59,36.58,--,5,18290,卖盘
1100,10:24:53,36.58,--,10,36580,卖盘
1101,10:24:50,36.58,--,1,3658,买盘
1102,10:24:41,36.58,0.08,1,3658,买盘
1103,10:24:23,36.5,--,6,25331,买盘
1104,10:24:17,36.5,--,10,36500,买盘
1105,10:24:14,36.5,0.04,10,36500,买盘
1106,10:24:08,36.46,-0.04,2,7292,卖盘
1107,10:24:02,36.5,--,20,73000,买盘
1108,10:23:46,36.5,-0.1,195,711969,卖盘
1109,10:23:25,36.6,-0.03,7,25620,卖盘
1110,10:23:10,36.63,--,1,3663,卖盘
1111,10:22:52,36.63,0.03,1,3663,卖盘
1112,10:22:49,36.6,0.04,35,128100,买盘
1113,10:22:46,36.56,--,3,10968,卖盘
1114,10:22:31,36.56,-0.04,0,2888,卖盘
1115,10:22:28,36.6,--,10,36600,买盘
1116,10:22:16,36.6,0.04,30,109800,买盘
1117,10:22:04,36.56,-0.04,2,7312,卖盘
1118,10:21:52,36.6,0.05,11,40809,买盘
1119,10:21:46,36.55,--,10,36550,卖盘
1120,10:21:34,36.55,0.1,20,73100,买盘
1121,10:21:10,36.45,-0.05,2,7290,卖盘
1122,10:21:07,36.5,0.04,199,729781,买盘
1123,10:21:01,36.46,0.01,1,3646,买盘
1124,10:20:46,36.45,--,3,10935,买盘
1125,10:20:34,36.45,0.01,29,105705,买盘
1126,10:20:31,36.44,-0.01,3,10932,中性盘
1127,10:20:16,36.45,-0.01,10,36450,中性盘
1128,10:19:58,36.46,0.01,21,76566,买盘
1129,10:19:46,36.45,0.05,8,29160,买盘
1130,10:19:43,36.4,-0.04,98,360032,卖盘
1131,10:19:25,36.44,--,14,51016,买盘
1132,10:19:19,36.44,--,5,18220,买盘
1133,10:19:16,36.44,--,13,47372,买盘
1134,10:19:04,36.44,0.01,1,3644,买盘
1135,10:18:58,36.43,--,2,7286,卖盘
1136,10:18:52,36.43,0.02,2,7286,买盘
1137,10:18:37,36.41,-0.01,2,7281,卖盘
1138,10:18:28,36.42,0.01,1,3642,买盘
1139,10:18:25,36.41,--,6,21845,卖盘
1140,10:18:13,36.41,--,3,10922,买盘
1141,10:18:10,36.41,0.01,4,14563,买盘
1142,10:18:07,36.4,-0.01,5,18200,卖盘
1143,10:18:01,36.41,0.01,6,21845,买盘
1144,10:17:52,36.4,-0.01,22,80080,卖盘
1145,10:17:46,36.41,0.01,8,29127,买盘
1146,10:17:37,36.4,--,39,141960,卖盘
1147,10:17:25,36.4,0.04,165,600600,买盘
1148,10:17:13,36.36,--,2,7272,买盘
1149,10:17:01,36.36,-0.01,3,10908,买盘
1150,10:16:46,36.37,0.01,5,18185,买盘
1151,10:16:31,36.36,--,1,3636,买盘
1152,10:16:13,36.36,0.06,1,3636,买盘
1153,10:16:07,36.3,-0.06,6,21780,卖盘
1154,10:16:01,36.36,0.06,2,7272,买盘
1155,10:15:58,36.3,--,25,90750,卖盘
1156,10:15:46,36.3,0.01,34,123419,买盘
1157,10:15:37,36.29,--,7,25403,买盘
1158,10:15:34,36.29,--,3,10887,买盘
1159,10:15:16,36.29,0.07,1,3629,买盘
1160,10:15:10,36.22,-0.07,1,3622,卖盘
1161,10:14:49,36.29,--,3,10887,买盘
1162,10:14:37,36.29,--,1,3629,买盘
1163,10:14:31,36.29,-0.01,5,18145,中性盘
1164,10:14:16,36.3,0.09,6,21780,中性盘
1165,10:14:10,36.21,-0.15,8,28968,卖盘
1166,10:13:55,36.36,0.14,2,7272,买盘
1167,10:13:52,36.22,--,1,3622,卖盘
1168,10:13:49,36.22,--,1,3622,买盘
1169,10:13:46,36.22,--,3,10866,买盘
1170,10:13:43,36.22,--,1,3622,买盘
1171,10:13:40,36.22,-0.14,1,3622,卖盘
1172,10:13:34,36.36,0.01,3,10908,买盘
1173,10:13:31,36.35,--,1,3635,买盘
1174,10:13:16,36.35,0.01,3,10905,买盘
1175,10:13:07,36.34,--,1,3634,买盘
1176,10:13:01,36.34,0.02,1,3634,买盘
1177,10:12:31,36.32,-0.03,1,3632,中性盘
1178,10:12:16,36.35,--,1,3635,买盘
1179,10:12:01,36.35,-0.01,2,7270,中性盘
1180,10:11:46,36.36,--,2,7272,买盘
1181,10:11:28,36.36,-0.01,7,25452,中性盘
1182,10:11:19,36.37,--,13,47281,买盘
1183,10:11:01,36.37,0.17,19,69103,买盘
1184,10:10:58,36.2,-0.04,2,7240,卖盘
1185,10:10:52,36.24,--,1,4058,买盘
1186,10:10:49,36.24,-0.01,8,32181,卖盘
1187,10:10:43,36.25,--,3,10875,买盘
1188,10:10:28,36.25,0.01,3,10875,买盘
1189,10:10:16,36.24,-0.01,5,18120,卖盘
1190,10:10:13,36.25,--,4,14500,买盘
1191,10:10:01,36.25,--,5,18125,买盘
1192,10:09:58,36.25,0.01,13,47125,买盘
1193,10:09:52,36.24,--,1,3624,卖盘
1194,10:09:49,36.24,-0.15,39,141336,卖盘
1195,10:09:43,36.39,-0.01,11,40029,中性盘
1196,10:09:31,36.4,0.15,12,43680,买盘
1197,10:09:19,36.25,-0.15,2,7685,卖盘
1198,10:09:16,36.4,--,1,3640,买盘
1199,10:09:13,36.4,0.01,18,65520,买盘
1200,10:08:43,36.39,--,1,3639,买盘
1201,10:08:34,36.39,--,1,3639,买盘
1202,10:08:13,36.39,0.14,1,3639,买盘
1203,10:08:10,36.25,-0.14,2,7250,卖盘
1204,10:07:58,36.39,--,1,3639,买盘
1205,10:07:46,36.39,0.14,1,3639,买盘
1206,10:07:31,36.25,-0.15,7,25375,卖盘
1207,10:07:16,36.4,0.15,4,14560,买盘
1208,10:06:58,36.25,-0.15,6,21750,卖盘
1209,10:06:43,36.4,0.02,1,3640,中性盘
1210,10:06:31,36.38,--,1,3638,买盘
1211,10:06:16,36.38,-0.03,1,3638,买盘
1212,10:06:01,36.41,--,2,7281,买盘
1213,10:05:43,36.41,0.01,21,76461,买盘
1214,10:05:31,36.4,-0.01,5,18200,卖盘
1215,10:05:28,36.41,0.01,24,87383,买盘
1216,10:05:16,36.4,0.15,4,14560,买盘
1217,10:05:13,36.25,-0.15,5,18125,中性盘
1218,10:05:01,36.4,0.15,20,72800,买盘
1219,10:04:58,36.25,-0.15,5,18125,卖盘
1220,10:04:46,36.4,0.15,2,7280,买盘
1221,10:04:40,36.25,-0.15,1,3625,卖盘
1222,10:04:34,36.4,-0.01,15,56128,卖盘
1223,10:04:31,36.41,0.01,1,3640,中性盘
1224,10:04:22,36.4,-0.01,34,123760,卖盘
1225,10:04:19,36.41,--,1,3640,买盘
1226,10:04:16,36.41,0.01,1,3640,买盘
1227,10:04:04,36.4,-0.01,3,10920,卖盘
1228,10:04:01,36.41,0.01,3,10922,中性盘
1229,10:03:55,36.4,-0.01,2,7280,卖盘
1230,10:03:45,36.41,--,1,3640,买盘
1231,10:03:27,36.41,--,2,7281,买盘
1232,10:03:12,36.41,--,2,7281,买盘
1233,10:02:57,36.41,0.01,3,10922,买盘
1234,10:02:51,36.4,-0.01,2,7280,卖盘
1235,10:02:45,36.41,0.01,6,21845,买盘
1236,10:02:42,36.4,--,1,3640,卖盘
1237,10:02:39,36.4,--,3,10920,卖盘
1238,10:02:33,36.4,--,2,7280,卖盘
1239,10:02:30,36.4,--,81,296951,买盘
1240,10:02:12,36.4,0.16,22,80080,买盘
1241,10:02:06,36.24,-0.16,4,14496,卖盘
1242,10:02:03,36.4,--,1,3640,买盘
1243,10:01:57,36.4,--,36,131040,买盘
1244,10:01:45,36.4,--,4,14560,买盘
1245,10:01:42,36.4,--,5,18200,买盘
1246,10:01:27,36.4,0.16,12,43680,买盘
1247,10:01:12,36.24,-0.16,3,10872,卖盘
1248,10:01:09,36.4,--,6,21840,买盘
1249,10:01:00,36.4,--,0,1528,卖盘
1250,10:00:57,36.4,--,0,2111,买盘
1251,10:00:51,36.4,--,2,7280,买盘
1252,10:00:42,36.4,--,2,7280,买盘
1253,10:00:39,36.4,--,1,3640,买盘
1254,10:00:27,36.4,--,4,14560,买盘
1255,10:00:15,36.4,--,6,21840,买盘
1256,09:59:57,36.4,0.2,7,25480,买盘
1257,09:59:51,36.2,-0.2,3,12380,卖盘
1258,09:59:42,36.4,--,1,3640,买盘
1259,09:59:27,36.4,--,3,10920,买盘
1260,09:59:12,36.4,-0.01,4,14560,买盘
1261,09:59:00,36.41,--,10,36410,买盘
1262,09:58:42,36.41,0.06,12,43691,买盘
1263,09:58:39,36.35,--,5,18175,卖盘
1264,09:58:33,36.35,--,1,3635,卖盘
1265,09:58:15,36.35,--,12,45728,买盘
1266,09:58:12,36.35,--,9,32715,买盘
1267,09:58:00,36.35,-0.09,2,8796,卖盘
1268,09:57:57,36.44,--,14,51016,买盘
1269,09:57:42,36.44,-0.01,9,32796,中性盘
1270,09:57:27,36.45,--,25,91125,买盘
1271,09:57:18,36.45,--,5,18225,买盘
1272,09:57:12,36.45,0.03,44,160380,买盘
1273,09:57:06,36.42,-0.03,18,65556,卖盘
1274,09:56:57,36.45,0.03,2,7290,卖盘
1275,09:56:54,36.42,-0.03,9,32778,买盘
1276,09:56:45,36.45,0.03,5,18225,买盘
1277,09:56:30,36.42,--,3,12346,买盘
1278,09:56:27,36.42,0.09,2,7284,买盘
1279,09:56:15,36.33,--,2,9373,买盘
1280,09:56:12,36.33,0.2,1,3633,买盘
1281,09:56:03,36.13,-0.2,17,61421,卖盘
1282,09:55:57,36.33,0.08,11,39963,买盘
1283,09:55:48,36.25,--,10,39657,买盘
1284,09:55:45,36.25,0.12,10,36250,买盘
1285,09:55:27,36.13,-0.12,15,54195,卖盘
1286,09:55:12,36.25,--,21,76125,买盘
1287,09:54:57,36.25,--,41,148625,买盘
1288,09:54:54,36.25,--,10,36250,买盘
1289,09:54:51,36.25,--,1,3625,买盘
1290,09:54:45,36.25,--,30,108750,买盘
1291,09:54:42,36.25,--,13,47125,买盘
1292,09:54:36,36.25,--,10,36467,卖盘
1293,09:54:30,36.25,-0.01,5,18125,卖盘
1294,09:54:27,36.26,0.01,2,7252,买盘
1295,09:54:15,36.25,0.03,62,228157,买盘
1296,09:54:12,36.22,0.02,3,10866,买盘
1297,09:54:09,36.2,-0.01,3,11077,卖盘
1298,09:54:00,36.21,--,3,14266,买盘
1299,09:53:57,36.21,0.01,50,181050,买盘
1300,09:53:42,36.2,--,12,43440,买盘
1301,09:53:36,36.2,--,1,3620,买盘
1302,09:53:30,36.2,0.01,8,28960,买盘
1303,09:53:24,36.19,-0.01,5,18095,中性盘
1304,09:53:12,36.2,0.06,111,401820,买盘
1305,09:53:03,36.14,-0.05,5,18070,卖盘
1306,09:52:57,36.19,0.05,5,18095,买盘
1307,09:52:54,36.14,-0.04,3,10842,中性盘
1308,09:52:42,36.18,-0.01,7,25326,中性盘
1309,09:52:30,36.19,-0.01,52,188188,中性盘
1310,09:52:15,36.2,0.02,74,267880,买盘
1311,09:52:12,36.18,-0.02,12,43416,卖盘
1312,09:51:57,36.2,--,7,25340,买盘
1313,09:51:54,36.2,--,12,43440,卖盘
1314,09:51:51,36.2,--,60,217200,卖盘
1315,09:51:45,36.2,--,13,47060,卖盘
1316,09:51:33,36.2,-0.02,5,18100,卖盘
1317,09:51:27,36.22,0.02,12,43464,买盘
1318,09:51:24,36.2,--,3,10860,卖盘
1319,09:51:21,36.2,-0.01,100,362000,卖盘
1320,09:51:15,36.21,-0.02,3,10863,卖盘
1321,09:51:12,36.23,0.02,12,43475,买盘
1322,09:51:03,36.21,-0.01,3,10863,卖盘
1323,09:51:00,36.22,-0.01,1,3622,中性盘
1324,09:50:57,36.23,0.01,40,144920,买盘
1325,09:50:54,36.22,-0.01,12,43464,卖盘
1326,09:50:48,36.23,--,20,72460,买盘
1327,09:50:42,36.23,--,7,25360,买盘
1328,09:50:36,36.23,-0.02,2,7245,卖盘
1329,09:50:33,36.25,-0.01,89,322625,卖盘
1330,09:50:30,36.26,-0.07,2,7252,卖盘
1331,09:50:27,36.33,--,4,14532,买盘
1332,09:50:12,36.33,0.05,3,10899,买盘
1333,09:50:09,36.28,--,8,29024,买盘
1334,09:50:06,36.28,-0.05,1,4027,卖盘
1335,09:49:57,36.33,--,7,25431,买盘
1336,09:49:39,36.33,0.05,32,116256,买盘
1337,09:49:36,36.28,-0.05,10,36280,卖盘
1338,09:49:27,36.33,--,38,138054,买盘
1339,09:49:18,36.33,--,2,7266,买盘
1340,09:49:15,36.33,-0.09,51,186409,卖盘
1341,09:48:57,36.42,0.09,25,91050,买盘
1342,09:48:45,36.33,-0.09,20,72660,卖盘
1343,09:48:42,36.42,--,2,7284,买盘
1344,09:48:27,36.42,--,1,3642,买盘
1345,09:48:24,36.42,-0.03,7,27715,卖盘
1346,09:48:12,36.45,--,2,7290,买盘
1347,09:47:57,36.45,--,1,3645,买盘
1348,09:47:42,36.45,--,4,14580,卖盘
1349,09:47:36,36.45,0.03,1,3645,买盘
1350,09:47:33,36.42,--,6,21852,卖盘
1351,09:47:15,36.42,0.07,58,211563,买盘
1352,09:47:12,36.35,0.02,21,76335,买盘
1353,09:47:09,36.33,--,3,10899,卖盘
1354,09:47:06,36.33,--,0,3596,卖盘
1355,09:47:00,36.33,--,5,18165,卖盘
1356,09:46:54,36.33,--,4,14532,卖盘
1357,09:46:51,36.33,--,3,10899,买盘
1358,09:46:42,36.33,--,12,43596,买盘
1359,09:46:30,36.33,--,2,7266,买盘
1360,09:46:27,36.33,0.03,7,25431,买盘
1361,09:46:12,36.3,--,21,79460,买盘
1362,09:46:00,36.3,-0.03,39,141969,卖盘
1363,09:45:54,36.33,-0.01,8,32297,卖盘
1364,09:45:45,36.34,--,1,3634,买盘
1365,09:45:42,36.34,--,11,39974,买盘
1366,09:45:39,36.34,--,3,10902,买盘
1367,09:45:33,36.34,--,1,3634,买盘
1368,09:45:27,36.34,-0.01,11,39974,卖盘
1369,09:45:21,36.35,--,5,18175,买盘
1370,09:45:18,36.35,--,3,10905,买盘
1371,09:45:12,36.35,--,8,29080,买盘
1372,09:45:06,36.35,-0.05,35,127225,卖盘
1373,09:45:00,36.4,0.01,3,10920,买盘
1374,09:44:57,36.39,-0.01,1,3639,中性盘
1375,09:44:36,36.4,--,2,7280,买盘
1376,09:44:27,36.4,0.05,2,7280,买盘
1377,09:44:24,36.35,--,1,3635,买盘
1378,09:44:21,36.35,-0.05,1,3635,卖盘
1379,09:44:12,36.4,--,2,7280,买盘
1380,09:43:56,36.4,--,7,25480,买盘
1381,09:43:47,36.4,--,5,18200,买盘
1382,09:43:35,36.4,0.05,15,54600,买盘
1383,09:43:29,36.35,--,5,18175,买盘
1384,09:43:26,36.35,--,2,7270,买盘
1385,09:43:23,36.35,-0.05,22,79970,卖盘
1386,09:43:11,36.4,0.04,12,43680,买盘
1387,09:43:02,36.36,--,2,7272,卖盘
1388,09:42:53,36.36,-0.06,1,3636,卖盘
1389,09:42:47,36.42,--,4,14568,买盘
1390,09:42:41,36.42,-0.03,5,18210,买盘
1391,09:42:38,36.45,-0.01,3,12028,卖盘
1392,09:42:32,36.46,--,3,10938,买盘
1393,09:42:26,36.46,--,2,7292,买盘
1394,09:42:17,36.46,--,10,36460,卖盘
1395,09:42:14,36.46,--,5,18230,卖盘
1396,09:42:11,36.46,--,1,3646,卖盘
1397,09:42:02,36.46,--,7,25522,买盘
1398,09:41:56,36.46,0.01,2,7292,买盘
1399,09:41:44,36.45,--,7,28066,买盘
1400,09:41:41,36.45,--,8,29160,买盘
1401,09:41:32,36.45,--,1,3645,买盘
1402,09:41:29,36.45,--,6,21870,买盘
1403,09:41:26,36.45,--,7,25515,买盘
1404,09:41:23,36.45,-0.01,1,3645,中性盘
1405,09:41:11,36.46,0.12,4,14584,中性盘
1406,09:40:56,36.34,--,1,3634,买盘
1407,09:40:41,36.34,-0.13,2,7268,中性盘
1408,09:40:23,36.47,0.15,2,7294,买盘
1409,09:40:11,36.32,0.02,3,10896,中性盘
1410,09:40:02,36.3,-0.18,2,7259,卖盘
1411,09:39:56,36.48,--,10,36480,买盘
1412,09:39:50,36.48,0.01,1,3647,买盘
1413,09:39:47,36.47,--,3,10941,卖盘
1414,09:39:44,36.47,-0.01,1,3647,卖盘
1415,09:39:41,36.48,--,19,69312,买盘
1416,09:39:32,36.48,0.01,12,43775,买盘
1417,09:39:26,36.47,--,8,29176,买盘
1418,09:39:23,36.47,--,4,14588,买盘
1419,09:39:08,36.47,0.18,13,47411,买盘
1420,09:39:05,36.29,--,29,105241,卖盘
1421,09:39:02,36.29,-0.18,20,72580,卖盘
1422,09:38:56,36.47,0.17,23,83881,买盘
1423,09:38:50,36.3,-0.17,5,18150,中性盘
1424,09:38:41,36.47,0.18,4,14588,买盘
1425,09:38:38,36.29,--,4,14516,买盘
1426,09:38:35,36.29,0.01,21,76209,买盘
1427,09:38:29,36.28,-0.01,23,83444,卖盘
1428,09:38:23,36.29,-0.19,27,97983,卖盘
1429,09:38:11,36.48,0.19,12,43775,买盘
1430,09:37:59,36.29,0.01,4,14516,卖盘
1431,09:37:53,36.28,0.02,1,3628,买盘
1432,09:37:50,36.26,-0.02,1,3626,中性盘
1433,09:37:44,36.28,-0.22,65,235820,中性盘
1434,09:37:23,36.5,--,3,10950,买盘
1435,09:37:17,36.5,--,8,29200,卖盘
1436,09:37:11,36.5,--,5,18250,卖盘
1437,09:36:56,36.5,--,10,36500,买盘
1438,09:36:53,36.5,--,5,18250,买盘
1439,09:36:38,36.5,--,2,7300,卖盘
1440,09:36:35,36.5,-0.04,9,32850,卖盘
1441,09:36:29,36.54,0.04,10,36540,买盘
1442,09:36:26,36.5,0.29,2,7300,买盘
1443,09:36:17,36.21,-0.29,1,3621,卖盘
1444,09:36:05,36.5,--,1,3650,中性盘
1445,09:36:02,36.5,--,10,36500,卖盘
1446,09:35:59,36.5,--,20,73000,卖盘
1447,09:35:53,36.5,-0.15,20,73000,卖盘
1448,09:35:47,36.65,--,35,128275,买盘
1449,09:35:29,36.65,-0.02,2,7330,中性盘
1450,09:35:20,36.67,0.17,4,14668,买盘
1451,09:35:17,36.5,-0.17,20,73000,卖盘
1452,09:35:14,36.67,0.02,5,18335,买盘
1453,09:35:11,36.65,0.45,3,10995,买盘
1454,09:35:08,36.2,-0.48,2,7240,卖盘
1455,09:34:53,36.68,0.49,5,18340,中性盘
1456,09:34:44,36.19,-0.53,20,72380,卖盘
1457,09:34:38,36.72,0.04,1,3672,买盘
1458,09:34:35,36.68,--,9,33012,卖盘
1459,09:34:32,36.68,0.49,36,132048,买盘
1460,09:34:23,36.19,--,1,3619,买盘
1461,09:34:11,36.19,0.01,1,3619,买盘
1462,09:33:59,36.18,--,9,32562,买盘
1463,09:33:56,36.18,0.13,5,18090,买盘
1464,09:33:47,36.05,-0.07,103,371314,卖盘
1465,09:33:41,36.12,0.09,1,3611,买盘
1466,09:33:23,36.03,--,3,10809,卖盘
1467,09:33:20,36.03,--,5,18015,中性盘
1468,09:33:08,36.03,--,8,28824,买盘
1469,09:32:59,36.03,--,4,14412,买盘
1470,09:32:56,36.03,0.01,1,3603,买盘
1471,09:32:53,36.02,-0.09,9,32418,卖盘
1472,09:32:47,36.11,0.06,4,14444,买盘
1473,09:32:44,36.05,0.03,1,3604,中性盘
1474,09:32:32,36.02,-0.07,25,90050,卖盘
1475,09:32:08,36.09,--,2,7218,卖盘
1476,09:32:02,36.09,--,1,3609,卖盘
1477,09:31:56,36.09,0.06,33,119097,买盘
1478,09:31:47,36.03,-0.02,1,3603,卖盘
1479,09:31:41,36.05,--,9,32444,卖盘
1480,09:31:38,36.05,-0.04,6,21630,卖盘
1481,09:31:32,36.09,--,7,25263,卖盘
1482,09:31:29,36.09,--,2,7218,卖盘
1483,09:31:05,36.09,0.07,2,7218,中性盘
1484,09:30:56,36.02,-0.07,2,7204,卖盘
1485,09:30:53,36.09,0.07,3,10827,中性盘
1486,09:30:50,36.02,-0.07,4,14408,卖盘
1487,09:30:35,36.09,--,2,7218,买盘
1488,09:30:08,36.09,0.09,9,32481,买盘
1489,09:30:05,36.0,-0.13,223,802800,卖盘
1490,09:25:41,36.13,--,0,0,买盘
1491,09:25:02,36.13,36.13,37,133681,买盘
