,time,price,change,volume,amount,type
0,15:00:24,16.7,--,3721,6214537,卖盘
1,14:57:42,16.7,--,0,0,买盘
2,14:57:03,16.7,--,24,41683,卖盘
3,14:57:00,16.7,--,61,101936,买盘
4,14:56:57,16.7,--,45,75150,买盘
5,14:56:54,16.7,--,223,374013,卖盘
6,14:56:51,16.7,-0.01,35,58516,卖盘
7,14:56:45,16.71,--,162,270702,卖盘
8,14:56:42,16.71,0.01,583,974193,买盘
9,14:56:39,16.7,-0.01,89,148630,卖盘
10,14:56:36,16.71,0.01,798,1333458,买盘
11,14:56:33,16.7,--,148,247160,卖盘
12,14:56:30,16.7,--,215,359050,卖盘
13,14:56:27,16.7,--,36,60120,卖盘
14,14:56:24,16.7,-0.01,56,93520,卖盘
15,14:56:21,16.71,0.01,63,105273,买盘
16,14:56:18,16.7,--,133,222110,卖盘
17,14:56:15,16.7,-0.01,27,45090,卖盘
18,14:56:12,16.71,--,73,121983,买盘
19,14:56:09,16.71,0.01,103,172113,买盘
20,14:56:06,16.7,-0.01,32,53440,卖盘
21,14:56:03,16.71,--,110,183810,买盘
22,14:55:57,16.71,--,90,150390,卖盘
23,14:55:54,16.71,--,216,362540,卖盘
24,14:55:51,16.71,--,134,223914,卖盘
25,14:55:45,16.71,--,117,195573,卖盘
26,14:55:42,16.71,--,78,130338,卖盘
27,14:55:36,16.71,--,353,589863,卖盘
28,14:55:30,16.71,--,202,337542,买盘
29,14:55:27,16.71,0.01,38,63498,买盘
30,14:55:24,16.7,-0.01,253,422510,卖盘
31,14:55:21,16.71,0.01,216,360936,买盘
32,14:55:18,16.7,-0.01,10,16700,卖盘
33,14:55:15,16.71,-0.01,46,76866,卖盘
34,14:55:12,16.72,0.01,24,40128,买盘
35,14:55:09,16.71,0.01,71,118641,卖盘
36,14:55:06,16.7,-0.01,66,110220,卖盘
37,14:55:03,16.71,--,35,58485,买盘
38,14:55:00,16.71,-0.01,115,192165,卖盘
39,14:54:57,16.72,0.01,262,438063,买盘
40,14:54:54,16.71,--,95,158745,卖盘
41,14:54:51,16.71,--,184,307464,卖盘
42,14:54:45,16.71,--,223,372633,卖盘
43,14:54:42,16.71,--,154,257334,卖盘
44,14:54:39,16.71,--,48,80208,卖盘
45,14:54:36,16.71,--,258,431118,卖盘
46,14:54:33,16.71,0.01,904,1510584,买盘
47,14:54:27,16.7,-0.01,98,163660,卖盘
48,14:54:24,16.71,0.01,138,230598,买盘
49,14:54:21,16.7,--,27,45090,卖盘
50,14:54:18,16.7,--,299,499330,买盘
51,14:54:12,16.7,--,147,245490,买盘
52,14:54:09,16.7,--,43,71810,卖盘
53,14:54:06,16.7,--,250,417500,买盘
54,14:54:03,16.7,0.01,41,68470,买盘
55,14:54:00,16.69,-0.01,92,153548,卖盘
56,14:53:57,16.7,--,128,213760,买盘
57,14:53:54,16.7,--,8,13360,买盘
58,14:53:51,16.7,--,103,172010,买盘
59,14:53:48,16.7,--,424,708080,买盘
60,14:53:45,16.7,0.01,144,240480,买盘
61,14:53:42,16.69,-0.01,49,81781,卖盘
62,14:53:39,16.7,--,31,51770,买盘
63,14:53:36,16.7,0.01,72,120240,买盘
64,14:53:33,16.69,-0.01,113,188597,卖盘
65,14:53:30,16.7,0.01,384,641280,买盘
66,14:53:21,16.69,-0.01,38,63422,卖盘
67,14:53:18,16.7,0.01,100,167000,买盘
68,14:53:15,16.69,--,96,160224,卖盘
69,14:53:12,16.69,--,100,166900,卖盘
70,14:53:09,16.69,--,25,41725,卖盘
71,14:53:06,16.69,-0.01,10,16690,卖盘
72,14:53:03,16.7,0.01,77,128590,买盘
73,14:53:00,16.69,--,55,91795,卖盘
74,14:52:57,16.69,-0.01,48,80112,卖盘
75,14:52:54,16.7,0.01,49,81830,买盘
76,14:52:48,16.69,-0.01,146,243674,卖盘
77,14:52:45,16.7,-0.01,4,6680,中性盘
78,14:52:42,16.71,0.02,313,523023,买盘
79,14:52:39,16.69,-0.01,176,293744,卖盘
80,14:52:36,16.7,--,65,108550,卖盘
81,14:52:33,16.7,--,59,98530,卖盘
82,14:52:30,16.7,--,35,58450,卖盘
83,14:52:27,16.7,--,105,175350,卖盘
84,14:52:24,16.7,--,42,70140,卖盘
85,14:52:21,16.7,--,111,185370,卖盘
86,14:52:15,16.7,--,154,257180,卖盘
87,14:52:12,16.7,--,22,36740,卖盘
88,14:52:09,16.7,--,119,198730,买盘
89,14:52:06,16.7,--,135,225450,买盘
90,14:52:03,16.7,--,116,193720,买盘
91,14:52:00,16.7,--,57,95190,买盘
92,14:51:57,16.7,--,43,71810,买盘
93,14:51:54,16.7,--,33,55110,买盘
94,14:51:48,16.7,--,58,96860,卖盘
95,14:51:45,16.7,--,54,90180,买盘
96,14:51:42,16.7,--,624,1042080,卖盘
97,14:51:39,16.7,--,58,96860,卖盘
98,14:51:36,16.7,--,29,48430,买盘
99,14:51:33,16.7,--,203,339010,卖盘
100,14:51:30,16.7,-0.01,6,10020,卖盘
101,14:51:27,16.71,0.01,18,30078,买盘
102,14:51:24,16.7,-0.01,75,125250,卖盘
103,14:51:21,16.71,--,47,78537,买盘
104,14:51:15,16.71,0.01,24,40104,买盘
105,14:51:12,16.7,-0.01,43,71810,卖盘
106,14:51:03,16.71,0.01,97,162087,买盘
107,14:50:57,16.7,-0.01,445,743150,卖盘
108,14:50:54,16.71,--,51,85221,买盘
109,14:50:51,16.71,0.01,127,212217,买盘
110,14:50:48,16.7,--,82,136940,卖盘
111,14:50:45,16.7,0.01,34,56780,买盘
112,14:50:39,16.69,--,1295,2161355,卖盘
113,14:50:36,16.69,--,81,135189,买盘
114,14:50:30,16.69,--,88,146872,买盘
115,14:50:27,16.69,-0.01,217,362173,买盘
116,14:50:21,16.7,0.01,2000,3340000,买盘
117,14:50:18,16.69,0.01,40,66760,买盘
118,14:50:15,16.68,-0.01,2,3336,卖盘
119,14:50:12,16.69,--,232,387208,买盘
120,14:50:09,16.69,0.01,109,181921,买盘
121,14:50:06,16.68,-0.01,100,166800,卖盘
122,14:50:03,16.69,--,53,88457,买盘
123,14:49:57,16.69,--,178,297082,卖盘
124,14:49:54,16.69,--,148,247012,买盘
125,14:49:51,16.69,0.01,25,41725,买盘
126,14:49:45,16.68,-0.01,425,708900,卖盘
127,14:49:42,16.69,--,48,80112,卖盘
128,14:49:39,16.69,0.01,255,425595,买盘
129,14:49:33,16.68,-0.01,58,96744,卖盘
130,14:49:30,16.69,--,37,61753,买盘
131,14:49:24,16.69,--,106,176914,买盘
132,14:49:21,16.69,0.01,45,75105,买盘
133,14:49:18,16.68,-0.01,92,153456,卖盘
134,14:49:15,16.69,0.01,17,28373,买盘
135,14:49:09,16.68,-0.01,177,295236,卖盘
136,14:49:06,16.69,--,11,18359,卖盘
137,14:49:03,16.69,--,95,158555,卖盘
138,14:49:00,16.69,0.01,17,28373,卖盘
139,14:48:54,16.68,-0.01,204,340272,卖盘
140,14:48:48,16.69,--,1,1669,卖盘
141,14:48:45,16.69,--,55,92929,买盘
142,14:48:42,16.69,0.01,96,160224,买盘
143,14:48:39,16.68,--,293,488724,卖盘
144,14:48:36,16.68,-0.01,3,5004,卖盘
145,14:48:33,16.69,0.01,2,3338,买盘
146,14:48:30,16.68,--,111,185148,卖盘
147,14:48:24,16.68,--,27,45036,卖盘
148,14:48:21,16.68,--,4,6672,卖盘
149,14:48:18,16.68,--,41,68388,卖盘
150,14:48:12,16.68,--,83,138444,卖盘
151,14:48:09,16.68,--,15,25020,卖盘
152,14:48:06,16.68,-0.01,19,31692,卖盘
153,14:48:03,16.69,0.01,47,78443,买盘
154,14:48:00,16.68,-0.01,102,170136,卖盘
155,14:47:54,16.69,0.01,26,43394,买盘
156,14:47:51,16.68,0.01,129,215172,买盘
157,14:47:48,16.67,-0.01,55,91685,卖盘
158,14:47:45,16.68,--,59,98412,买盘
159,14:47:36,16.68,--,7,11676,买盘
160,14:47:33,16.68,0.01,86,143448,买盘
161,14:47:30,16.67,-0.02,50,83350,卖盘
162,14:47:27,16.69,--,141,235329,买盘
163,14:47:24,16.69,0.01,96,160224,买盘
164,14:47:21,16.68,--,39,65052,卖盘
165,14:47:18,16.68,--,28,46704,卖盘
166,14:47:15,16.68,--,43,72124,买盘
167,14:47:12,16.68,-0.01,10,16680,买盘
168,14:47:09,16.69,--,11,18359,买盘
169,14:47:06,16.69,0.01,92,153548,买盘
170,14:47:00,16.68,--,90,151454,卖盘
171,14:46:57,16.68,--,5,8340,卖盘
172,14:46:54,16.68,--,4,6672,卖盘
173,14:46:51,16.68,-0.01,49,82065,卖盘
174,14:46:48,16.69,0.01,13,21697,买盘
175,14:46:45,16.68,-0.01,10,16680,卖盘
176,14:46:42,16.69,0.01,10,16690,买盘
177,14:46:39,16.68,--,51,85068,卖盘
178,14:46:36,16.68,--,10,16680,卖盘
179,14:46:30,16.68,--,116,193488,卖盘
180,14:46:27,16.68,--,223,371964,卖盘
181,14:46:24,16.68,-0.01,40,66720,卖盘
182,14:46:21,16.69,--,2,3338,买盘
183,14:46:18,16.69,--,113,188597,买盘
184,14:46:15,16.69,0.01,60,100140,买盘
185,14:46:12,16.68,--,346,577928,卖盘
186,14:46:09,16.68,-0.01,6,10008,卖盘
187,14:46:06,16.69,--,16,26704,买盘
188,14:46:03,16.69,0.01,17,28373,买盘
189,14:46:00,16.68,-0.01,45,75060,卖盘
190,14:45:57,16.69,0.01,397,662593,买盘
191,14:45:51,16.68,--,95,158460,卖盘
192,14:45:48,16.68,--,15,25020,卖盘
193,14:45:45,16.68,0.01,97,162663,买盘
194,14:45:42,16.67,--,29,48343,卖盘
195,14:45:36,16.67,-0.01,10,16670,卖盘
196,14:45:33,16.68,--,19,31692,买盘
197,14:45:30,16.68,--,18,30024,买盘
198,14:45:27,16.68,0.01,63,105084,买盘
199,14:45:21,16.67,--,6,10002,卖盘
200,14:45:18,16.67,-0.01,324,540108,卖盘
201,14:45:15,16.68,0.01,1039,1733052,买盘
202,14:45:12,16.67,--,116,193372,卖盘
203,14:45:03,16.67,-0.01,378,630126,卖盘
204,14:45:00,16.68,--,53,88404,买盘
205,14:44:57,16.68,0.01,27,45036,买盘
206,14:44:54,16.67,--,46,76682,卖盘
207,14:44:51,16.67,--,15,25005,卖盘
208,14:44:48,16.67,--,10,16670,卖盘
209,14:44:42,16.67,--,39,65013,卖盘
210,14:44:39,16.67,0.01,142,236714,买盘
211,14:44:36,16.66,-0.01,28,46648,卖盘
212,14:44:33,16.67,--,165,275055,买盘
213,14:44:27,16.67,--,191,318397,买盘
214,14:44:24,16.67,0.01,6,10002,买盘
215,14:44:21,16.66,--,22,36652,卖盘
216,14:44:18,16.66,--,20,33320,卖盘
217,14:44:12,16.66,--,20,33320,卖盘
218,14:44:09,16.66,--,41,68306,卖盘
219,14:44:06,16.66,--,786,1311008,买盘
220,14:44:03,16.66,0.01,83,138278,买盘
221,14:44:00,16.65,-0.01,110,183149,卖盘
222,14:43:54,16.66,0.01,297,494802,买盘
223,14:43:51,16.65,-0.01,24,39960,卖盘
224,14:43:48,16.66,0.01,48,79968,买盘
225,14:43:45,16.65,-0.01,2,3329,卖盘
226,14:43:42,16.66,--,27,44982,买盘
227,14:43:39,16.66,--,43,71638,买盘
228,14:43:36,16.66,0.01,162,269892,买盘
229,14:43:33,16.65,--,30,49949,卖盘
230,14:43:30,16.65,--,165,274725,卖盘
231,14:43:27,16.65,--,41,68265,卖盘
232,14:43:24,16.65,-0.01,47,78255,卖盘
233,14:43:21,16.66,0.01,114,190590,买盘
234,14:43:15,16.65,--,18,29969,卖盘
235,14:43:12,16.65,-0.01,6,9990,卖盘
236,14:43:09,16.66,0.01,5,8330,买盘
237,14:43:03,16.65,--,65,108224,卖盘
238,14:42:57,16.65,--,38,63269,卖盘
239,14:42:54,16.65,--,139,231434,卖盘
240,14:42:51,16.65,-0.01,7,11654,卖盘
241,14:42:48,16.66,--,45,74970,买盘
242,14:42:45,16.66,0.01,89,148274,买盘
243,14:42:39,16.65,--,28,46619,买盘
244,14:42:36,16.65,-0.01,112,186479,卖盘
245,14:42:33,16.66,0.01,131,218246,买盘
246,14:42:30,16.65,--,73,121544,卖盘
247,14:42:27,16.65,--,32,53279,卖盘
248,14:42:24,16.65,-0.01,31,51614,卖盘
249,14:42:21,16.66,0.01,30,49980,买盘
250,14:42:15,16.65,--,24,39960,卖盘
251,14:42:12,16.65,-0.01,2,3329,中性盘
252,14:42:09,16.66,0.01,134,223244,买盘
253,14:42:06,16.65,--,31,51614,买盘
254,14:42:03,16.65,-0.01,81,134865,卖盘
255,14:41:57,16.66,0.01,33,54978,买盘
256,14:41:54,16.65,-0.01,723,1203795,卖盘
257,14:41:51,16.66,0.01,30,50646,买盘
258,14:41:48,16.65,--,22,36630,卖盘
259,14:41:45,16.65,--,114,189809,卖盘
260,14:41:42,16.65,-0.01,21,34965,卖盘
261,14:41:39,16.66,0.01,114,189924,买盘
262,14:41:36,16.65,--,8,13319,卖盘
263,14:41:33,16.65,--,86,143190,卖盘
264,14:41:30,16.65,-0.01,66,109889,卖盘
265,14:41:27,16.66,0.01,100,166600,买盘
266,14:41:24,16.65,--,34,56609,卖盘
267,14:41:21,16.65,--,201,334665,卖盘
268,14:41:12,16.65,--,79,131535,卖盘
269,14:41:09,16.65,--,43,71595,卖盘
270,14:41:06,16.65,--,38,63269,卖盘
271,14:41:03,16.65,-0.01,151,251414,卖盘
272,14:41:00,16.66,0.01,92,153272,买盘
273,14:40:57,16.65,-0.01,16,26639,卖盘
274,14:40:54,16.66,0.01,10,16660,买盘
275,14:40:45,16.65,--,28,46619,卖盘
276,14:40:42,16.65,--,82,136530,卖盘
277,14:40:39,16.65,--,109,182350,买盘
278,14:40:32,16.65,--,152,253079,买盘
279,14:40:26,16.65,--,49,81585,买盘
280,14:40:23,16.65,--,96,159840,卖盘
281,14:40:20,16.65,--,135,224774,卖盘
282,14:40:17,16.65,--,67,111554,卖盘
283,14:40:14,16.65,--,71,118214,卖盘
284,14:40:11,16.65,--,58,96569,卖盘
285,14:40:08,16.65,--,63,104894,卖盘
286,14:40:05,16.65,-0.01,20,33300,卖盘
287,14:40:02,16.66,0.01,43,71638,买盘
288,14:39:59,16.65,--,117,194804,卖盘
289,14:39:56,16.65,-0.01,30,49949,卖盘
290,14:39:53,16.66,--,116,193256,买盘
291,14:39:50,16.66,0.01,3,4998,买盘
292,14:39:44,16.65,--,100,166500,买盘
293,14:39:38,16.65,--,120,199799,买盘
294,14:39:35,16.65,--,48,79920,买盘
295,14:39:32,16.65,-0.01,21,34965,中性盘
296,14:39:23,16.66,--,99,164934,买盘
297,14:39:20,16.66,0.01,116,193622,买盘
298,14:39:17,16.65,-0.01,219,364634,卖盘
299,14:39:14,16.66,--,25,41650,买盘
300,14:39:11,16.66,0.01,112,186592,买盘
301,14:39:08,16.65,--,107,179120,卖盘
302,14:39:05,16.65,--,33,54944,卖盘
303,14:39:02,16.65,-0.01,32,53279,卖盘
304,14:38:59,16.66,0.01,32,53312,买盘
305,14:38:56,16.65,--,300,499499,卖盘
306,14:38:53,16.65,-0.01,49,81585,卖盘
307,14:38:50,16.66,--,52,86632,买盘
308,14:38:47,16.66,0.01,401,668066,买盘
309,14:38:41,16.65,-0.01,33,54944,卖盘
310,14:38:38,16.66,--,53,88298,买盘
311,14:38:29,16.66,--,173,288218,买盘
312,14:38:26,16.66,--,66,110255,卖盘
313,14:38:23,16.66,--,70,116653,卖盘
314,14:38:20,16.66,--,106,176596,卖盘
315,14:38:17,16.66,--,53,88964,卖盘
316,14:38:14,16.66,-0.01,81,134946,卖盘
317,14:38:11,16.67,0.01,296,493432,买盘
318,14:38:08,16.66,-0.01,177,294882,卖盘
319,14:38:05,16.67,0.01,89,148363,买盘
320,14:38:02,16.66,--,109,181594,卖盘
321,14:37:56,16.66,-0.01,93,154938,卖盘
322,14:37:53,16.67,--,138,230046,买盘
323,14:37:50,16.67,--,99,165033,卖盘
324,14:37:47,16.67,0.01,105,175035,买盘
325,14:37:41,16.66,-0.01,31,51646,卖盘
326,14:37:38,16.67,--,51,85017,买盘
327,14:37:35,16.67,0.01,29,48343,买盘
328,14:37:32,16.66,--,6,9996,卖盘
329,14:37:29,16.66,--,27,44982,卖盘
330,14:37:26,16.66,-0.01,168,279888,卖盘
331,14:37:20,16.67,0.01,6,10002,买盘
332,14:37:17,16.66,--,32,53312,卖盘
333,14:37:14,16.66,-0.01,48,80301,卖盘
334,14:37:11,16.67,--,3,5001,买盘
335,14:37:08,16.67,0.01,14,23338,买盘
336,14:37:05,16.66,-0.01,26,43316,卖盘
337,14:37:02,16.67,--,94,156698,卖盘
338,14:36:56,16.67,--,38,63346,卖盘
339,14:36:53,16.67,--,14,23338,卖盘
340,14:36:50,16.67,--,10,16670,卖盘
341,14:36:47,16.67,--,80,133360,卖盘
342,14:36:44,16.67,--,50,83350,卖盘
343,14:36:41,16.67,0.01,21,35007,买盘
344,14:36:38,16.66,-0.02,21,34986,卖盘
345,14:36:35,16.68,0.02,52,86736,买盘
346,14:36:32,16.66,-0.01,50,83300,卖盘
347,14:36:29,16.67,-0.01,5,8335,卖盘
348,14:36:26,16.68,0.02,129,215172,买盘
349,14:36:23,16.66,-0.01,108,179928,卖盘
350,14:36:20,16.67,--,235,391745,卖盘
351,14:36:11,16.67,0.01,32,53677,中性盘
352,14:36:08,16.66,--,60,99960,卖盘
353,14:36:05,16.66,-0.01,58,96628,卖盘
354,14:36:02,16.67,--,64,106688,买盘
355,14:35:59,16.67,0.01,65,108355,买盘
356,14:35:56,16.66,-0.01,11,18326,卖盘
357,14:35:53,16.67,0.01,221,368407,买盘
358,14:35:47,16.66,-0.01,28,46648,卖盘
359,14:35:44,16.67,0.01,41,68347,买盘
360,14:35:38,16.66,-0.01,94,156604,卖盘
361,14:35:35,16.67,0.01,23,38341,中性盘
362,14:35:32,16.66,--,41,68306,卖盘
363,14:35:29,16.66,--,161,268226,卖盘
364,14:35:26,16.66,-0.01,54,89964,卖盘
365,14:35:23,16.67,0.01,15,25005,买盘
366,14:35:20,16.66,0.01,55,91630,卖盘
367,14:35:17,16.65,-0.01,115,192806,卖盘
368,14:35:14,16.66,0.01,21,35319,卖盘
369,14:35:11,16.65,--,93,154845,卖盘
370,14:35:08,16.65,-0.01,30,49949,卖盘
371,14:35:02,16.66,--,93,154938,买盘
372,14:34:59,16.66,0.01,15,24990,买盘
373,14:34:56,16.65,--,344,572760,卖盘
374,14:34:53,16.65,-0.01,52,86579,卖盘
375,14:34:50,16.66,--,10,16660,买盘
376,14:34:47,16.66,0.01,76,126616,买盘
377,14:34:44,16.65,--,40,66933,买盘
378,14:34:41,16.65,--,105,174824,买盘
379,14:34:38,16.65,0.01,71,118214,买盘
380,14:34:35,16.64,-0.01,137,227968,卖盘
381,14:34:32,16.65,--,36,59939,买盘
382,14:34:29,16.65,--,148,246419,买盘
383,14:34:26,16.65,--,103,171494,买盘
384,14:34:23,16.65,--,146,244421,卖盘
385,14:34:20,16.65,--,209,347984,卖盘
386,14:34:17,16.65,--,60,99899,卖盘
387,14:34:14,16.65,--,65,108557,卖盘
388,14:34:11,16.65,--,367,611055,卖盘
389,14:34:08,16.65,--,178,296370,卖盘
390,14:34:05,16.65,--,83,138195,卖盘
391,14:34:02,16.65,--,101,168165,卖盘
392,14:33:56,16.65,--,274,456209,买盘
393,14:33:53,16.65,-0.01,38,63269,中性盘
394,14:33:44,16.66,--,245,408170,买盘
395,14:33:41,16.66,0.01,75,124950,买盘
396,14:33:38,16.65,--,216,359639,卖盘
397,14:33:35,16.65,--,40,66600,卖盘
398,14:33:32,16.65,--,22,36630,卖盘
399,14:33:29,16.65,-0.01,23,38295,卖盘
400,14:33:23,16.66,0.01,49,81634,买盘
401,14:33:20,16.65,-0.01,15,24974,卖盘
402,14:33:17,16.66,--,272,453152,卖盘
403,14:33:11,16.66,--,38,63308,卖盘
404,14:33:08,16.66,-0.01,27,44982,卖盘
405,14:33:05,16.67,-0.01,437,728479,卖盘
406,14:33:02,16.68,--,80,133440,卖盘
407,14:32:59,16.68,--,127,211836,卖盘
408,14:32:56,16.68,-0.01,27,45036,卖盘
409,14:32:53,16.69,0.01,49,81781,买盘
410,14:32:47,16.68,-0.02,23,38364,卖盘
411,14:32:44,16.7,0.01,30,50100,买盘
412,14:32:38,16.69,-0.01,30,50070,卖盘
413,14:32:35,16.7,-0.01,915,1528050,卖盘
414,14:32:32,16.71,--,85,142035,卖盘
415,14:32:26,16.71,-0.01,47,78537,卖盘
416,14:32:23,16.72,-0.01,329,550556,卖盘
417,14:32:20,16.73,--,601,1005473,买盘
418,14:32:17,16.73,0.01,178,297794,买盘
419,14:32:14,16.72,--,287,480198,卖盘
420,14:32:11,16.72,--,222,371184,卖盘
421,14:32:05,16.72,--,333,556776,卖盘
422,14:32:02,16.72,--,3,5016,卖盘
423,14:31:59,16.72,--,122,203984,卖盘
424,14:31:56,16.72,-0.01,34,56847,卖盘
425,14:31:53,16.73,0.01,39,65247,买盘
426,14:31:50,16.72,--,85,142120,卖盘
427,14:31:47,16.72,--,52,86944,卖盘
428,14:31:44,16.72,--,202,337744,卖盘
429,14:31:38,16.72,-0.01,42,70224,卖盘
430,14:31:35,16.73,0.01,6,10038,买盘
431,14:31:32,16.72,-0.01,13,21736,卖盘
432,14:31:29,16.73,--,44,73612,买盘
433,14:31:26,16.73,--,75,126646,卖盘
434,14:31:23,16.73,-0.01,37,61901,卖盘
435,14:31:20,16.74,0.01,227,379997,买盘
436,14:31:17,16.73,--,9,15057,卖盘
437,14:31:14,16.73,--,438,733075,卖盘
438,14:31:08,16.73,-0.01,118,197414,卖盘
439,14:31:05,16.74,0.01,82,137268,买盘
440,14:31:02,16.73,--,32,53536,卖盘
441,14:30:59,16.73,-0.01,426,712698,卖盘
442,14:30:53,16.74,--,22,36828,买盘
443,14:30:50,16.74,0.01,70,117179,买盘
444,14:30:44,16.73,--,46,76958,卖盘
445,14:30:38,16.73,-0.01,40,66920,卖盘
446,14:30:35,16.74,--,73,122201,买盘
447,14:30:29,16.74,0.01,198,331451,买盘
448,14:30:26,16.73,-0.01,71,118849,卖盘
449,14:30:23,16.74,0.01,31,51893,买盘
450,14:30:20,16.73,--,40,66920,卖盘
451,14:30:17,16.73,--,27,45171,卖盘
452,14:30:14,16.73,--,100,167634,卖盘
453,14:30:11,16.73,--,3,5019,卖盘
454,14:30:05,16.73,--,57,95361,卖盘
455,14:30:02,16.73,-0.01,128,214144,卖盘
456,14:29:59,16.74,0.01,54,90395,买盘
457,14:29:56,16.73,--,135,225855,卖盘
458,14:29:50,16.73,-0.01,54,90342,卖盘
459,14:29:47,16.74,--,3,5021,买盘
460,14:29:44,16.74,--,5,8370,买盘
461,14:29:41,16.74,--,6,10043,买盘
462,14:29:38,16.74,--,5,8370,买盘
463,14:29:29,16.74,--,62,105127,卖盘
464,14:29:26,16.74,--,153,256121,卖盘
465,14:29:20,16.74,-0.01,2,3347,卖盘
466,14:29:17,16.75,0.01,161,269675,买盘
467,14:29:11,16.74,-0.01,12,20422,卖盘
468,14:29:08,16.75,0.01,36,60300,买盘
469,14:29:05,16.74,-0.01,13,21761,卖盘
470,14:29:02,16.75,--,5,8375,买盘
471,14:28:59,16.75,--,23,38525,卖盘
472,14:28:56,16.75,--,130,217750,买盘
473,14:28:53,16.75,-0.01,20,34505,卖盘
474,14:28:50,16.76,--,94,157544,买盘
475,14:28:44,16.76,--,129,216204,买盘
476,14:28:41,16.76,--,196,328496,买盘
477,14:28:38,16.76,0.01,407,682132,买盘
478,14:28:32,16.75,--,132,221100,卖盘
479,14:28:29,16.75,--,250,418750,卖盘
480,14:28:26,16.75,-0.01,132,221100,卖盘
481,14:28:23,16.76,0.01,32,53632,买盘
482,14:28:20,16.75,--,94,157450,卖盘
483,14:28:17,16.75,--,298,499485,卖盘
484,14:28:11,16.75,--,110,184250,卖盘
485,14:28:05,16.75,-0.01,5,8375,卖盘
486,14:28:02,16.76,--,13,21788,买盘
487,14:27:59,16.76,0.01,126,211176,买盘
488,14:27:56,16.75,--,51,85425,卖盘
489,14:27:53,16.75,--,156,261300,卖盘
490,14:27:47,16.75,-0.01,130,217750,卖盘
491,14:27:44,16.76,--,121,202796,买盘
492,14:27:41,16.76,0.01,16,26816,买盘
493,14:27:38,16.75,--,133,222775,卖盘
494,14:27:32,16.75,--,144,241200,卖盘
495,14:27:29,16.75,--,6,10050,卖盘
496,14:27:26,16.75,--,111,185925,卖盘
497,14:27:23,16.75,-0.01,811,1358425,卖盘
498,14:27:20,16.76,--,38,63688,买盘
499,14:27:17,16.76,--,19,31844,买盘
500,14:27:14,16.76,0.01,22,37207,买盘
501,14:27:11,16.75,-0.01,75,125625,卖盘
502,14:27:08,16.76,--,117,196092,买盘
503,14:27:02,16.76,0.01,120,201120,买盘
504,14:26:59,16.75,-0.01,129,216075,卖盘
505,14:26:56,16.76,0.01,113,189388,买盘
506,14:26:53,16.75,--,91,152425,卖盘
507,14:26:50,16.75,-0.01,346,579550,卖盘
508,14:26:47,16.76,--,16,26816,买盘
509,14:26:44,16.76,--,55,92180,买盘
510,14:26:41,16.76,0.02,256,429056,买盘
511,14:26:38,16.74,--,32,53567,卖盘
512,14:26:35,16.74,--,3475,5817149,卖盘
513,14:26:32,16.74,--,1023,1712501,买盘
514,14:26:29,16.74,--,28,46871,买盘
515,14:26:26,16.74,--,191,321207,卖盘
516,14:26:23,16.74,-0.01,89,148986,卖盘
517,14:26:20,16.75,--,100,167500,买盘
518,14:26:14,16.75,--,205,343676,买盘
519,14:26:11,16.75,0.01,10,16750,买盘
520,14:26:08,16.74,--,43,71982,卖盘
521,14:26:05,16.74,-0.01,503,842021,卖盘
522,14:26:02,16.75,0.01,50,83750,买盘
523,14:25:59,16.74,-0.01,170,286153,卖盘
524,14:25:53,16.75,--,50,83750,买盘
525,14:25:50,16.75,0.01,46,77050,买盘
526,14:25:47,16.74,--,44,73656,卖盘
527,14:25:44,16.74,--,35,58589,卖盘
528,14:25:41,16.74,--,51,85373,卖盘
529,14:25:35,16.74,-0.01,38,63611,卖盘
530,14:25:32,16.75,0.01,176,294800,买盘
531,14:25:29,16.74,0.01,69,115505,买盘
532,14:25:26,16.73,-0.02,423,707679,卖盘
533,14:25:23,16.75,0.01,65,108875,买盘
534,14:25:20,16.74,--,30,50219,买盘
535,14:25:17,16.74,--,44,73656,买盘
536,14:25:14,16.74,--,27,45197,卖盘
537,14:25:11,16.74,--,23,38502,卖盘
538,14:25:08,16.74,--,10,16740,卖盘
539,14:25:05,16.74,0.01,72,120527,买盘
540,14:25:02,16.73,-0.01,199,332927,卖盘
541,14:24:59,16.74,0.01,12,20087,买盘
542,14:24:56,16.73,-0.01,44,73612,卖盘
543,14:24:53,16.74,--,58,97091,买盘
544,14:24:50,16.74,0.01,128,214271,买盘
545,14:24:44,16.73,-0.01,15,25095,卖盘
546,14:24:41,16.74,--,72,120527,买盘
547,14:24:38,16.74,--,40,66960,买盘
548,14:24:35,16.74,--,95,159029,卖盘
549,14:24:32,16.74,--,10,16740,卖盘
550,14:24:29,16.74,-0.01,58,97091,卖盘
551,14:24:26,16.75,0.01,20,33500,买盘
552,14:24:23,16.74,--,34,56915,卖盘
553,14:24:20,16.74,--,11,18414,卖盘
554,14:24:17,16.74,0.01,19,31805,买盘
555,14:24:14,16.73,-0.01,92,154217,卖盘
556,14:24:05,16.74,--,56,93743,买盘
557,14:23:59,16.74,0.01,69,115505,买盘
558,14:23:56,16.73,--,19,31787,卖盘
559,14:23:53,16.73,--,51,85323,卖盘
560,14:23:50,16.73,-0.01,79,132167,卖盘
561,14:23:47,16.74,--,89,148986,卖盘
562,14:23:44,16.74,--,337,564138,买盘
563,14:23:41,16.74,--,117,195857,买盘
564,14:23:35,16.74,--,5,8370,买盘
565,14:23:29,16.74,--,32,53567,买盘
566,14:23:26,16.74,--,149,250765,卖盘
567,14:23:23,16.74,--,365,611010,卖盘
568,14:23:20,16.74,--,84,140616,卖盘
569,14:23:17,16.74,--,3,5021,卖盘
570,14:23:14,16.74,--,31,52228,卖盘
571,14:23:11,16.74,0.01,433,724841,买盘
572,14:23:05,16.73,-0.01,89,148897,卖盘
573,14:23:02,16.74,0.01,41,68634,买盘
574,14:22:59,16.73,-0.01,11,18403,卖盘
575,14:22:56,16.74,--,59,98765,卖盘
576,14:22:53,16.74,-0.01,52,87047,中性盘
577,14:22:50,16.75,0.01,292,489100,买盘
578,14:22:47,16.74,--,50,83699,卖盘
579,14:22:44,16.74,--,40,66960,买盘
580,14:22:41,16.74,0.01,279,467045,买盘
581,14:22:38,16.73,-0.01,152,254296,卖盘
582,14:22:35,16.74,0.01,15,25109,买盘
583,14:22:32,16.73,-0.01,32,53536,卖盘
584,14:22:26,16.74,--,59,98799,买盘
585,14:22:23,16.74,--,22,36828,买盘
586,14:22:20,16.74,-0.01,14,23435,中性盘
587,14:22:17,16.75,0.01,1588,2660436,买盘
588,14:22:14,16.74,--,77,128897,买盘
589,14:22:08,16.74,--,13,21761,卖盘
590,14:22:05,16.74,--,34,56915,卖盘
591,14:22:02,16.74,0.01,76,127223,买盘
592,14:21:56,16.73,-0.01,14,23422,卖盘
593,14:21:53,16.74,--,136,227663,卖盘
594,14:21:50,16.74,--,84,140616,卖盘
595,14:21:47,16.74,0.01,116,194183,买盘
596,14:21:44,16.73,--,26,43498,卖盘
597,14:21:41,16.73,-0.01,85,142205,卖盘
598,14:21:38,16.74,--,68,113831,卖盘
599,14:21:35,16.74,--,70,117179,卖盘
600,14:21:32,16.74,--,22,36828,卖盘
601,14:21:29,16.74,0.01,76,127223,买盘
602,14:21:26,16.73,--,13,21749,卖盘
603,14:21:20,16.73,-0.01,49,81977,卖盘
604,14:21:17,16.74,--,31,52429,买盘
605,14:21:11,16.74,0.01,27,45532,买盘
606,14:21:08,16.73,-0.01,100,167300,卖盘
607,14:21:04,16.74,--,55,92069,卖盘
608,14:21:01,16.74,--,57,95417,卖盘
609,14:20:58,16.74,0.01,117,195857,买盘
610,14:20:52,16.73,--,24,40152,卖盘
611,14:20:49,16.73,-0.01,45,75285,卖盘
612,14:20:46,16.74,--,23,39037,买盘
613,14:20:43,16.74,--,2,3347,买盘
614,14:20:40,16.74,--,38,64750,卖盘
615,14:20:37,16.74,--,18,30131,卖盘
616,14:20:34,16.74,--,277,464233,买盘
617,14:20:31,16.74,0.01,56,93743,买盘
618,14:20:28,16.73,-0.01,2,3346,卖盘
619,14:20:25,16.74,--,9,15065,买盘
620,14:20:22,16.74,0.01,523,875501,买盘
621,14:20:19,16.73,--,126,210798,卖盘
622,14:20:16,16.73,--,307,514146,卖盘
623,14:20:10,16.73,-0.01,23,38813,卖盘
624,14:20:07,16.74,0.02,34,56915,买盘
625,14:20:01,16.72,--,1,1672,卖盘
626,14:19:58,16.72,-0.01,46,76912,卖盘
627,14:19:55,16.73,--,37,61901,卖盘
628,14:19:52,16.73,0.01,137,229201,买盘
629,14:19:46,16.72,-0.01,3,5016,卖盘
630,14:19:43,16.73,--,12,20076,卖盘
631,14:19:40,16.73,--,55,92015,卖盘
632,14:19:37,16.73,--,168,281064,卖盘
633,14:19:34,16.73,--,36,60228,卖盘
634,14:19:31,16.73,--,38,63574,卖盘
635,14:19:28,16.73,--,213,356349,卖盘
636,14:19:25,16.73,--,21,35133,卖盘
637,14:19:22,16.73,0.01,55,92015,买盘
638,14:19:16,16.72,--,7,12239,卖盘
639,14:19:13,16.72,--,25,42134,卖盘
640,14:19:10,16.72,--,10,16720,卖盘
641,14:19:07,16.72,-0.02,2,3344,卖盘
642,14:19:01,16.74,0.01,22,36828,买盘
643,14:18:58,16.73,--,72,120456,买盘
644,14:18:55,16.73,0.01,16,26768,买盘
645,14:18:49,16.72,--,130,217359,买盘
646,14:18:46,16.72,-0.01,52,88014,卖盘
647,14:18:43,16.73,0.01,168,281064,买盘
648,14:18:40,16.72,--,15,25080,卖盘
649,14:18:37,16.72,-0.01,45,75240,卖盘
650,14:18:31,16.73,--,26,43498,买盘
651,14:18:28,16.73,--,53,88669,买盘
652,14:18:25,16.73,--,29,48517,买盘
653,14:18:22,16.73,0.01,75,125475,买盘
654,14:18:19,16.72,--,10,16720,卖盘
655,14:18:16,16.72,-0.02,97,162384,卖盘
656,14:18:13,16.74,0.01,13,21761,买盘
657,14:18:10,16.73,--,39,65581,卖盘
658,14:18:07,16.73,--,7,11711,卖盘
659,14:18:04,16.73,--,6,10038,卖盘
660,14:18:01,16.73,--,102,170646,买盘
661,14:17:55,16.73,--,8,13384,买盘
662,14:17:49,16.73,--,50,83650,买盘
663,14:17:46,16.73,--,178,297794,买盘
664,14:17:40,16.73,0.01,78,130494,买盘
665,14:17:37,16.72,--,3,5016,卖盘
666,14:17:34,16.72,-0.01,130,217359,卖盘
667,14:17:31,16.73,--,22,36806,买盘
668,14:17:28,16.73,--,85,142205,买盘
669,14:17:22,16.73,0.01,51,85323,买盘
670,14:17:19,16.72,-0.01,60,100320,卖盘
671,14:17:16,16.73,0.01,64,107072,买盘
672,14:17:13,16.72,--,7,12239,卖盘
673,14:17:10,16.72,--,11,18726,卖盘
674,14:17:07,16.72,--,25,41800,卖盘
675,14:17:04,16.72,-0.01,129,215687,卖盘
676,14:17:01,16.73,--,13,21749,买盘
677,14:16:58,16.73,--,57,95361,卖盘
678,14:16:55,16.73,--,313,523649,买盘
679,14:16:46,16.73,--,25,41825,买盘
680,14:16:43,16.73,--,18,30114,卖盘
681,14:16:40,16.73,--,26,43498,卖盘
682,14:16:37,16.73,--,23,38479,卖盘
683,14:16:34,16.73,--,170,284410,买盘
684,14:16:31,16.73,0.01,22,36806,买盘
685,14:16:28,16.72,--,67,112023,卖盘
686,14:16:25,16.72,--,69,115367,卖盘
687,14:16:22,16.72,-0.01,8,13376,卖盘
688,14:16:19,16.73,--,91,152243,卖盘
689,14:16:16,16.73,--,183,306159,买盘
690,14:16:13,16.73,0.01,94,157797,买盘
691,14:16:10,16.72,-0.01,35,58854,卖盘
692,14:16:07,16.73,0.01,12,20076,买盘
693,14:16:04,16.72,-0.01,658,1100176,卖盘
694,14:15:58,16.73,0.01,11,18403,买盘
695,14:15:55,16.72,--,15,25080,卖盘
696,14:15:52,16.72,-0.01,74,123727,卖盘
697,14:15:46,16.73,0.01,87,145551,卖盘
698,14:15:43,16.72,-0.01,10,16720,卖盘
699,14:15:37,16.73,-0.01,63,105399,买盘
700,14:15:34,16.74,0.01,92,154008,买盘
701,14:15:31,16.73,-0.01,22,36806,买盘
702,14:15:28,16.74,0.02,184,308016,买盘
703,14:15:25,16.72,-0.01,169,282568,卖盘
704,14:15:19,16.73,-0.01,97,163084,卖盘
705,14:15:16,16.74,--,238,398947,买盘
706,14:15:13,16.74,--,103,172756,买盘
707,14:15:07,16.74,--,1,1673,买盘
708,14:15:04,16.74,--,727,1218270,卖盘
709,14:15:01,16.74,--,278,465371,卖盘
710,14:14:58,16.74,--,290,485459,卖盘
711,14:14:55,16.74,--,743,1243782,卖盘
712,14:14:52,16.74,--,16,26783,卖盘
713,14:14:49,16.74,--,120,200879,卖盘
714,14:14:46,16.74,--,225,376649,卖盘
715,14:14:40,16.74,-0.01,411,688013,卖盘
716,14:14:37,16.75,0.01,273,457275,买盘
717,14:14:34,16.74,--,158,266032,卖盘
718,14:14:31,16.74,--,390,652859,卖盘
719,14:14:25,16.74,--,55,92103,卖盘
720,14:14:22,16.74,-0.01,74,123875,卖盘
721,14:14:19,16.75,--,59,98825,买盘
722,14:14:16,16.75,--,145,242875,买盘
723,14:14:13,16.75,--,77,129511,买盘
724,14:14:10,16.75,0.01,648,1085735,买盘
725,14:14:07,16.74,-0.01,71,118853,卖盘
726,14:14:04,16.75,0.01,7,11725,买盘
727,14:14:01,16.74,--,131,219293,卖盘
728,14:13:58,16.74,0.01,689,1154691,买盘
729,14:13:55,16.73,-0.01,1327,2220071,卖盘
730,14:13:52,16.74,--,142,237707,买盘
731,14:13:49,16.74,0.01,31,51893,买盘
732,14:13:46,16.73,--,140,234220,卖盘
733,14:13:43,16.73,--,22,36806,卖盘
734,14:13:40,16.73,--,92,153916,卖盘
735,14:13:37,16.73,--,13,21749,卖盘
736,14:13:34,16.73,--,113,189049,卖盘
737,14:13:31,16.73,--,12,20076,卖盘
738,14:13:28,16.73,0.01,146,244258,买盘
739,14:13:25,16.72,-0.01,49,81928,卖盘
740,14:13:19,16.73,0.02,1128,1887144,买盘
741,14:13:16,16.71,-0.01,88,147048,卖盘
742,14:13:13,16.72,--,174,291463,买盘
743,14:13:10,16.72,0.01,144,240767,买盘
744,14:13:07,16.71,--,446,746368,买盘
745,14:13:04,16.71,--,68,113628,买盘
746,14:13:01,16.71,0.01,7,11697,买盘
747,14:12:55,16.7,--,6,10020,卖盘
748,14:12:52,16.7,0.01,2037,3402157,买盘
749,14:12:49,16.69,--,19,31711,卖盘
750,14:12:46,16.69,0.01,1033,1724510,买盘
751,14:12:43,16.68,--,12,20016,卖盘
752,14:12:40,16.68,0.01,878,1464504,买盘
753,14:12:37,16.67,0.01,34,56678,买盘
754,14:12:34,16.66,-0.01,23,38384,卖盘
755,14:12:31,16.67,--,31,51677,买盘
756,14:12:28,16.67,--,147,245049,买盘
757,14:12:22,16.67,0.01,29,48709,买盘
758,14:12:19,16.66,--,41,68306,卖盘
759,14:12:16,16.66,-0.01,70,117752,卖盘
760,14:12:10,16.67,0.01,5,8335,买盘
761,14:12:07,16.66,-0.01,30,50313,卖盘
762,14:12:04,16.67,0.01,80,133360,买盘
763,14:11:55,16.66,--,59,98294,买盘
764,14:11:49,16.66,--,20,33320,买盘
765,14:11:46,16.66,0.01,32,53312,买盘
766,14:11:43,16.65,--,52,86579,卖盘
767,14:11:40,16.65,-0.01,41,68265,卖盘
768,14:11:34,16.66,--,112,186592,买盘
769,14:11:31,16.66,0.01,147,244902,买盘
770,14:11:28,16.65,--,20,33300,卖盘
771,14:11:25,16.65,--,59,98301,卖盘
772,14:11:22,16.65,0.01,15,24974,买盘
773,14:11:19,16.64,-0.01,334,555776,卖盘
774,14:11:16,16.65,0.01,115,191474,买盘
775,14:11:10,16.64,-0.01,188,313164,卖盘
776,14:11:07,16.65,--,155,258074,买盘
777,14:11:04,16.65,--,50,83250,买盘
778,14:10:58,16.65,--,71,118214,买盘
779,14:10:55,16.65,--,30,49949,买盘
780,14:10:52,16.65,--,159,264735,买盘
781,14:10:49,16.65,0.01,75,124874,买盘
782,14:10:46,16.64,--,31,51584,卖盘
783,14:10:43,16.64,-0.01,24,39936,买盘
784,14:10:40,16.65,0.01,113,188144,买盘
785,14:10:37,16.64,--,142,236288,买盘
786,14:10:34,16.64,--,124,206336,买盘
787,14:10:31,16.64,--,819,1363947,卖盘
788,14:10:28,16.64,-0.01,170,282913,卖盘
789,14:10:25,16.65,--,147,244754,买盘
790,14:10:22,16.65,0.01,48,79920,买盘
791,14:10:19,16.64,--,12,19968,卖盘
792,14:10:16,16.64,--,199,331136,卖盘
793,14:10:13,16.64,--,13,21632,卖盘
794,14:10:10,16.64,--,14,23628,卖盘
795,14:10:07,16.64,--,6,9984,卖盘
796,14:10:04,16.64,-0.01,38,63232,卖盘
797,14:10:01,16.65,0.01,20,33300,买盘
798,14:09:58,16.64,--,80,133120,卖盘
799,14:09:52,16.64,--,161,267904,卖盘
800,14:09:49,16.64,-0.01,18,29952,卖盘
801,14:09:46,16.65,0.01,104,173159,买盘
802,14:09:43,16.64,--,16,26624,卖盘
803,14:09:40,16.64,-0.01,9,14976,卖盘
804,14:09:37,16.65,0.01,376,626040,买盘
805,14:09:34,16.64,--,47,78208,卖盘
806,14:09:31,16.64,--,86,143104,卖盘
807,14:09:28,16.64,--,22,36608,卖盘
808,14:09:25,16.64,--,183,304512,卖盘
809,14:09:22,16.64,--,167,277888,卖盘
810,14:09:19,16.64,--,136,226304,卖盘
811,14:09:16,16.64,--,2,3328,卖盘
812,14:09:13,16.64,--,21,34944,卖盘
813,14:09:10,16.64,--,117,195020,卖盘
814,14:09:07,16.64,--,87,144768,卖盘
815,14:08:58,16.64,-0.01,14,23296,卖盘
816,14:08:55,16.65,0.01,56,93239,买盘
817,14:08:52,16.64,--,135,224640,卖盘
818,14:08:49,16.64,--,38,63232,卖盘
819,14:08:40,16.64,-0.01,5,8320,卖盘
820,14:08:37,16.65,--,99,164835,买盘
821,14:08:31,16.65,--,148,246852,卖盘
822,14:08:28,16.65,--,4,6659,卖盘
823,14:08:25,16.65,--,20,33300,卖盘
824,14:08:22,16.65,-0.01,50,83250,卖盘
825,14:08:19,16.66,0.01,135,224910,买盘
826,14:08:16,16.65,--,140,233099,卖盘
827,14:08:13,16.65,--,14,23309,卖盘
828,14:08:10,16.65,--,73,122210,卖盘
829,14:08:07,16.65,-0.01,178,296370,卖盘
830,14:08:04,16.66,--,425,708050,买盘
831,14:08:01,16.66,0.01,2,3332,买盘
832,14:07:58,16.65,-0.01,6,9990,卖盘
833,14:07:55,16.66,--,9,14994,买盘
834,14:07:52,16.66,--,10,16660,买盘
835,14:07:49,16.66,--,39,65640,卖盘
836,14:07:46,16.66,-0.01,321,534786,卖盘
837,14:07:43,16.67,0.01,18,30006,买盘
838,14:07:40,16.66,--,25,41650,卖盘
839,14:07:34,16.66,--,1,1666,卖盘
840,14:07:31,16.66,--,19,31654,卖盘
841,14:07:28,16.66,--,145,241570,卖盘
842,14:07:25,16.66,--,97,161602,卖盘
843,14:07:22,16.66,--,50,83300,卖盘
844,14:07:19,16.66,--,74,123284,卖盘
845,14:07:16,16.66,--,70,116620,卖盘
846,14:07:13,16.66,--,5,8330,卖盘
847,14:07:10,16.66,--,16,26989,卖盘
848,14:07:07,16.66,--,57,94962,卖盘
849,14:07:04,16.66,--,4,6664,卖盘
850,14:07:01,16.66,-0.01,43,71638,卖盘
851,14:06:58,16.67,--,27,45009,买盘
852,14:06:55,16.67,--,73,121691,买盘
853,14:06:52,16.67,--,51,85017,买盘
854,14:06:46,16.67,-0.01,75,125025,中性盘
855,14:06:43,16.68,0.02,279,465372,买盘
856,14:06:40,16.66,-0.01,53,88298,卖盘
857,14:06:37,16.67,--,37,61679,卖盘
858,14:06:34,16.67,--,118,196706,卖盘
859,14:06:31,16.67,--,94,156698,卖盘
860,14:06:25,16.67,--,7,11669,卖盘
861,14:06:22,16.67,--,7,11669,卖盘
862,14:06:16,16.67,--,10,16670,卖盘
863,14:06:16,16.67,--,20,33340,卖盘
864,14:06:10,16.67,--,10,16670,卖盘
865,14:06:07,16.67,--,227,378742,买盘
866,14:06:01,16.67,0.01,44,73348,买盘
867,14:05:58,16.66,--,56,93296,卖盘
868,14:05:55,16.66,-0.01,30,49980,卖盘
869,14:05:52,16.67,0.01,9,15003,买盘
870,14:05:49,16.66,--,32,53312,卖盘
871,14:05:46,16.66,--,259,431494,卖盘
872,14:05:40,16.66,-0.01,79,131614,卖盘
873,14:05:37,16.67,0.01,135,225045,买盘
874,14:05:34,16.66,-0.01,1,1666,卖盘
875,14:05:28,16.67,--,17,28339,买盘
876,14:05:25,16.67,0.01,10,16670,买盘
877,14:05:22,16.66,-0.01,1,1666,卖盘
878,14:05:16,16.67,--,10,16670,买盘
879,14:05:13,16.67,--,20,33340,买盘
880,14:05:10,16.67,--,14,23338,买盘
881,14:05:07,16.67,0.01,4,6668,买盘
882,14:05:04,16.66,-0.01,4,6997,卖盘
883,14:05:01,16.67,-0.01,24,40008,卖盘
884,14:04:55,16.68,0.01,80,133440,买盘
885,14:04:52,16.67,--,35,58345,卖盘
886,14:04:49,16.67,--,14,23338,卖盘
887,14:04:46,16.67,--,8,13336,卖盘
888,14:04:40,16.67,--,11,18337,卖盘
889,14:04:37,16.67,--,18,30006,卖盘
890,14:04:34,16.67,--,65,108355,卖盘
891,14:04:31,16.67,--,7,11669,卖盘
892,14:04:28,16.67,-0.01,18,30006,卖盘
893,14:04:25,16.68,0.01,5,8340,买盘
894,14:04:22,16.67,--,16,26672,卖盘
895,14:04:19,16.67,--,20,33340,卖盘
896,14:04:16,16.67,--,62,103354,卖盘
897,14:04:13,16.67,--,3,5001,卖盘
898,14:04:07,16.67,--,184,306728,卖盘
899,14:04:04,16.67,-0.01,76,126692,卖盘
900,14:04:01,16.68,0.01,76,126768,买盘
901,14:03:58,16.67,-0.01,418,696806,卖盘
902,14:03:52,16.68,0.01,23,38364,买盘
903,14:03:49,16.67,-0.01,61,101687,卖盘
904,14:03:46,16.68,0.01,76,126768,买盘
905,14:03:40,16.67,--,56,93352,卖盘
906,14:03:37,16.67,-0.01,26,43342,卖盘
907,14:03:34,16.68,0.01,6,10008,买盘
908,14:03:31,16.67,-0.01,29,48343,卖盘
909,14:03:28,16.68,--,29,48372,买盘
910,14:03:25,16.68,--,247,411996,买盘
911,14:03:22,16.68,--,4,6672,买盘
912,14:03:19,16.68,0.01,6,10008,买盘
913,14:03:16,16.67,-0.01,64,106688,卖盘
914,14:03:13,16.68,--,5,8340,买盘
915,14:03:10,16.68,--,18,30024,买盘
916,14:03:07,16.68,--,10,16680,买盘
917,14:02:52,16.68,0.01,3,5004,买盘
918,14:02:49,16.67,--,13,21671,卖盘
919,14:02:46,16.67,--,2,3334,卖盘
920,14:02:43,16.67,--,166,276722,卖盘
921,14:02:40,16.67,--,56,94285,买盘
922,14:02:34,16.67,0.01,51,85017,买盘
923,14:02:31,16.66,--,321,534786,卖盘
924,14:02:28,16.66,--,36,59976,卖盘
925,14:02:22,16.66,-0.01,64,106624,卖盘
926,14:02:19,16.67,0.01,205,341735,买盘
927,14:02:16,16.66,-0.01,10,16660,卖盘
928,14:02:10,16.67,--,36,60012,买盘
929,14:02:07,16.67,0.01,2,3334,买盘
930,14:02:04,16.66,-0.01,23,38318,卖盘
931,14:02:01,16.67,0.01,10,16670,买盘
932,14:01:58,16.66,-0.01,12,19992,卖盘
933,14:01:55,16.67,--,14,23338,买盘
934,14:01:49,16.67,0.01,12,20004,买盘
935,14:01:43,16.66,--,2,3332,卖盘
936,14:01:40,16.66,--,2,3332,卖盘
937,14:01:37,16.66,-0.01,53,88298,卖盘
938,14:01:34,16.67,0.01,21,35007,买盘
939,14:01:31,16.66,--,1,1666,卖盘
940,14:01:28,16.66,-0.01,106,176596,卖盘
941,14:01:25,16.67,0.01,34,56678,买盘
942,14:01:21,16.66,--,50,83300,卖盘
943,14:01:18,16.66,--,39,66573,卖盘
944,14:01:15,16.66,--,15,24990,卖盘
945,14:01:12,16.66,--,53,88298,卖盘
946,14:01:09,16.66,--,15,24990,卖盘
947,14:01:03,16.66,--,77,128282,买盘
948,14:01:00,16.66,--,35,58310,卖盘
949,14:00:54,16.66,--,61,102159,买盘
950,14:00:51,16.66,--,15,24990,买盘
951,14:00:48,16.66,0.01,6,9996,买盘
952,14:00:45,16.65,-0.01,5,8325,卖盘
953,14:00:39,16.66,--,124,207716,卖盘
954,14:00:36,16.66,-0.01,25,41650,卖盘
955,14:00:33,16.67,0.01,9,15003,买盘
956,14:00:27,16.66,-0.01,55,91630,卖盘
957,14:00:24,16.67,0.01,50,83350,买盘
958,14:00:21,16.66,-0.01,99,164934,卖盘
959,14:00:15,16.67,0.01,80,133360,买盘
960,14:00:12,16.66,--,10,16660,卖盘
961,14:00:09,16.66,--,45,74970,卖盘
962,14:00:06,16.66,-0.01,67,111622,卖盘
963,14:00:03,16.67,--,22,36674,买盘
964,14:00:00,16.67,0.01,1,1667,买盘
965,13:59:57,16.66,--,11,18326,卖盘
966,13:59:51,16.66,--,96,159936,卖盘
967,13:59:42,16.66,--,40,66640,卖盘
968,13:59:39,16.66,--,21,34986,卖盘
969,13:59:36,16.66,--,1,1666,卖盘
970,13:59:30,16.66,-0.01,10,16660,卖盘
971,13:59:27,16.67,--,11,18337,买盘
972,13:59:24,16.67,0.01,48,80016,买盘
973,13:59:21,16.66,-0.01,53,88298,卖盘
974,13:59:18,16.67,--,18,30006,买盘
975,13:59:15,16.67,0.01,4,6668,买盘
976,13:59:12,16.66,-0.01,28,46648,卖盘
977,13:59:09,16.67,--,339,565846,卖盘
978,13:59:06,16.67,--,1,1667,卖盘
979,13:59:03,16.67,--,88,146696,卖盘
980,13:59:00,16.67,--,56,93352,卖盘
981,13:58:57,16.67,--,25,41675,卖盘
982,13:58:54,16.67,--,35,58345,卖盘
983,13:58:51,16.67,--,25,41675,卖盘
984,13:58:48,16.67,--,6,10002,卖盘
985,13:58:42,16.67,--,1,1667,卖盘
986,13:58:39,16.67,0.01,46,77615,买盘
987,13:58:33,16.66,--,78,129948,卖盘
988,13:58:30,16.66,-0.01,36,59976,卖盘
989,13:58:24,16.67,0.01,178,296726,买盘
990,13:58:21,16.66,-0.01,5,8330,卖盘
991,13:58:18,16.67,--,3,5001,买盘
992,13:58:15,16.67,--,8,13336,买盘
993,13:58:09,16.67,--,6,10002,买盘
994,13:58:06,16.67,--,1,1667,买盘
995,13:58:03,16.67,-0.01,330,550110,卖盘
996,13:58:00,16.68,0.01,13,21684,买盘
997,13:57:54,16.67,-0.01,15,25005,卖盘
998,13:57:48,16.68,--,191,318588,买盘
999,13:57:45,16.68,0.01,14,23352,中性盘
1000,13:57:42,16.67,-0.02,365,608455,卖盘
1001,13:57:39,16.69,0.01,4,6676,买盘
1002,13:57:27,16.68,-0.01,65,109954,卖盘
1003,13:57:24,16.69,--,203,338807,卖盘
1004,13:57:15,16.69,--,83,138527,卖盘
1005,13:57:12,16.69,--,66,110154,卖盘
1006,13:57:09,16.69,--,76,126844,卖盘
1007,13:57:06,16.69,--,337,562586,买盘
1008,13:57:00,16.69,0.01,50,83450,买盘
1009,13:56:57,16.68,--,34,56712,卖盘
1010,13:56:54,16.68,--,30,50040,卖盘
1011,13:56:51,16.68,--,7,11676,卖盘
1012,13:56:45,16.68,0.01,65,108420,买盘
1013,13:56:42,16.67,-0.02,87,145029,卖盘
1014,13:56:33,16.69,--,76,126844,买盘
1015,13:56:27,16.69,0.02,50,83450,买盘
1016,13:56:21,16.67,-0.02,16,26672,卖盘
1017,13:56:18,16.69,--,59,98471,买盘
1018,13:56:15,16.69,--,144,240336,买盘
1019,13:56:12,16.69,0.02,6,10014,买盘
1020,13:56:06,16.67,-0.02,32,53344,卖盘
1021,13:56:03,16.69,--,34,56746,买盘
1022,13:55:57,16.69,0.02,53,88457,买盘
1023,13:55:51,16.67,--,20,33340,卖盘
1024,13:55:48,16.67,0.01,66,110022,买盘
1025,13:55:45,16.66,--,12,19992,卖盘
1026,13:55:42,16.66,--,68,113288,卖盘
1027,13:55:39,16.66,--,851,1417766,卖盘
1028,13:55:36,16.66,-0.01,74,123284,卖盘
1029,13:55:30,16.67,0.01,3,5001,买盘
1030,13:55:27,16.66,--,66,109956,卖盘
1031,13:55:21,16.66,--,301,501466,卖盘
1032,13:55:18,16.66,--,69,114954,卖盘
1033,13:55:15,16.66,-0.01,59,98294,卖盘
1034,13:55:12,16.67,0.01,92,153364,买盘
1035,13:55:09,16.66,--,10,16660,卖盘
1036,13:55:06,16.66,--,1,1666,卖盘
1037,13:55:03,16.66,-0.01,54,89964,卖盘
1038,13:54:57,16.67,--,42,70014,卖盘
1039,13:54:54,16.67,-0.01,6,10002,中性盘
1040,13:54:48,16.68,--,20,33360,买盘
1041,13:54:45,16.68,0.02,68,113424,买盘
1042,13:54:42,16.66,--,37,61642,卖盘
1043,13:54:39,16.66,-0.01,29,48314,卖盘
1044,13:54:36,16.67,0.01,45,75015,中性盘
1045,13:54:33,16.66,--,14,23324,卖盘
1046,13:54:30,16.66,--,49,81634,卖盘
1047,13:54:27,16.66,--,93,155004,卖盘
1048,13:54:24,16.66,--,28,47114,卖盘
1049,13:54:21,16.66,--,29,48314,卖盘
1050,13:54:18,16.66,--,98,163268,卖盘
1051,13:54:15,16.66,--,116,193256,卖盘
1052,13:54:09,16.66,--,150,249900,卖盘
1053,13:54:06,16.66,-0.01,14,23324,卖盘
1054,13:54:03,16.67,0.01,64,106688,买盘
1055,13:54:00,16.66,--,75,124950,卖盘
1056,13:53:57,16.66,-0.01,93,154938,卖盘
1057,13:53:45,16.67,-0.01,127,211709,卖盘
1058,13:53:36,16.68,--,80,133440,卖盘
1059,13:53:33,16.68,--,29,48372,卖盘
1060,13:53:30,16.68,-0.01,9,15012,卖盘
1061,13:53:27,16.69,--,46,76774,买盘
1062,13:53:21,16.69,--,3,5007,买盘
1063,13:53:18,16.69,--,62,103478,卖盘
1064,13:53:12,16.69,-0.01,128,213632,卖盘
1065,13:53:09,16.7,0.01,52,86840,买盘
1066,13:53:06,16.69,--,61,101809,卖盘
1067,13:53:03,16.69,-0.01,116,193604,卖盘
1068,13:53:00,16.7,--,40,66800,买盘
1069,13:52:57,16.7,--,13,21710,买盘
1070,13:52:54,16.7,0.01,33,55110,买盘
1071,13:52:51,16.69,-0.01,25,41725,卖盘
1072,13:52:45,16.7,--,45,75150,买盘
1073,13:52:39,16.7,--,59,98530,买盘
1074,13:52:36,16.7,-0.01,307,512690,买盘
1075,13:52:33,16.71,--,51,85221,买盘
1076,13:52:30,16.71,0.01,20,34322,买盘
1077,13:52:27,16.7,--,111,185370,卖盘
1078,13:52:24,16.7,--,107,178690,卖盘
1079,13:52:21,16.7,--,34,56780,卖盘
1080,13:52:18,16.7,--,65,108550,卖盘
1081,13:52:15,16.7,--,15,25050,卖盘
1082,13:52:12,16.7,--,6,10020,卖盘
1083,13:52:09,16.7,--,12,20040,卖盘
1084,13:52:06,16.7,0.01,130,217868,买盘
1085,13:52:03,16.69,--,12,20028,卖盘
1086,13:52:00,16.69,--,156,260364,卖盘
1087,13:51:57,16.69,-0.01,47,78443,卖盘
1088,13:51:54,16.7,--,24,40080,买盘
1089,13:51:51,16.7,--,359,599530,买盘
1090,13:51:48,16.7,--,93,155310,买盘
1091,13:51:45,16.7,0.01,132,220440,买盘
1092,13:51:39,16.69,--,116,193604,卖盘
1093,13:51:36,16.69,-0.01,79,131851,卖盘
1094,13:51:30,16.7,--,1,1670,买盘
1095,13:51:27,16.7,--,106,177020,买盘
1096,13:51:24,16.7,--,73,121910,买盘
1097,13:51:21,16.7,0.01,50,83500,买盘
1098,13:51:18,16.69,-0.01,36,60084,卖盘
1099,13:51:15,16.7,0.01,67,111890,买盘
1100,13:51:12,16.69,-0.01,178,297983,卖盘
1101,13:51:09,16.7,-0.01,36,60120,卖盘
1102,13:51:06,16.71,0.01,18,30078,买盘
1103,13:51:03,16.7,0.01,319,533498,买盘
1104,13:50:57,16.69,-0.01,15,25035,卖盘
1105,13:50:54,16.7,--,157,262724,卖盘
1106,13:50:51,16.7,--,55,91850,卖盘
1107,13:50:48,16.7,--,251,419170,卖盘
1108,13:50:45,16.7,--,17,28390,卖盘
1109,13:50:42,16.7,--,16,26720,卖盘
1110,13:50:39,16.7,--,70,116900,卖盘
1111,13:50:36,16.7,--,36,60120,卖盘
1112,13:50:33,16.7,--,16,26720,卖盘
1113,13:50:30,16.7,--,37,61790,卖盘
1114,13:50:27,16.7,--,83,138676,卖盘
1115,13:50:21,16.7,--,169,282230,卖盘
1116,13:50:18,16.7,--,92,153640,卖盘
1117,13:50:15,16.7,-0.01,107,178690,卖盘
1118,13:50:12,16.71,0.01,22,36762,买盘
1119,13:50:09,16.7,--,218,364060,卖盘
1120,13:50:06,16.7,-0.01,49,81830,卖盘
1121,13:50:03,16.71,--,210,350910,买盘
1122,13:50:00,16.71,--,65,108615,买盘
1123,13:49:57,16.71,0.01,75,125325,买盘
1124,13:49:54,16.7,--,19,31730,卖盘
1125,13:49:48,16.7,--,76,126920,卖盘
1126,13:49:45,16.7,-0.01,99,165330,卖盘
1127,13:49:42,16.71,0.01,205,342555,中性盘
1128,13:49:39,16.7,--,40,66800,卖盘
1129,13:49:36,16.7,-0.01,38,63460,卖盘
1130,13:49:33,16.71,0.01,684,1142964,买盘
1131,13:49:30,16.7,--,16,26720,卖盘
1132,13:49:24,16.7,-0.01,27,45090,卖盘
1133,13:49:21,16.71,0.01,55,91905,买盘
1134,13:49:18,16.7,-0.01,126,210420,卖盘
1135,13:49:12,16.71,0.01,85,142035,中性盘
1136,13:49:09,16.7,-0.01,272,454240,卖盘
1137,13:49:06,16.71,--,93,155403,买盘
1138,13:49:03,16.71,-0.01,17,28407,买盘
1139,13:49:00,16.72,0.01,37,61863,买盘
1140,13:48:57,16.71,--,120,200520,卖盘
1141,13:48:51,16.71,--,258,431118,卖盘
1142,13:48:45,16.71,--,72,120312,卖盘
1143,13:48:42,16.71,--,261,436131,卖盘
1144,13:48:39,16.71,-0.01,319,534118,卖盘
1145,13:48:36,16.72,--,1,1672,买盘
1146,13:48:33,16.72,-0.01,82,137104,中性盘
1147,13:48:30,16.73,0.01,84,140532,买盘
1148,13:48:27,16.72,--,42,70224,卖盘
1149,13:48:24,16.72,--,123,205656,卖盘
1150,13:48:21,16.72,-0.01,308,514975,卖盘
1151,13:48:18,16.73,--,182,304486,买盘
1152,13:48:15,16.73,0.01,22,36806,买盘
1153,13:48:12,16.72,-0.01,203,339416,卖盘
1154,13:48:09,16.73,--,146,244258,买盘
1155,13:48:06,16.73,--,53,88669,买盘
1156,13:48:00,16.73,--,66,111154,卖盘
1157,13:47:57,16.73,-0.01,102,171582,卖盘
1158,13:47:54,16.74,0.01,57,95417,买盘
1159,13:47:51,16.73,-0.01,1329,2223818,卖盘
1160,13:47:45,16.74,0.01,202,338147,买盘
1161,13:47:42,16.73,--,158,265605,卖盘
1162,13:47:39,16.73,--,322,538706,卖盘
1163,13:47:36,16.73,0.01,112,187376,买盘
1164,13:47:30,16.72,-0.01,509,851048,卖盘
1165,13:47:27,16.73,--,709,1186157,买盘
1166,13:47:24,16.73,0.01,262,438326,买盘
1167,13:47:18,16.72,--,219,366168,卖盘
1168,13:47:15,16.72,--,66,110351,卖盘
1169,13:47:12,16.72,-0.01,6,10032,卖盘
1170,13:47:09,16.73,0.01,21,35133,买盘
1171,13:47:06,16.72,--,5,8360,买盘
1172,13:47:03,16.72,0.01,163,272536,买盘
1173,13:47:00,16.71,--,668,1116228,买盘
1174,13:46:54,16.71,--,27,45117,买盘
1175,13:46:51,16.71,--,80,133680,买盘
1176,13:46:48,16.71,0.01,20,33420,买盘
1177,13:46:45,16.7,--,35,58450,卖盘
1178,13:46:42,16.7,0.01,2489,4156630,买盘
1179,13:46:39,16.69,--,1333,2224777,买盘
1180,13:46:36,16.69,0.01,97,161893,买盘
1181,13:46:33,16.68,-0.01,20,33360,卖盘
1182,13:46:30,16.69,0.01,59,98537,买盘
1183,13:46:27,16.68,--,216,360955,买盘
1184,13:46:24,16.68,--,68,113424,买盘
1185,13:46:21,16.68,--,802,1337736,买盘
1186,13:46:18,16.68,--,90,150120,买盘
1187,13:46:15,16.68,--,1009,1683012,买盘
1188,13:46:12,16.68,0.01,310,517080,买盘
1189,13:46:09,16.67,0.01,56,93352,买盘
1190,13:46:06,16.66,-0.01,64,106624,卖盘
1191,13:46:03,16.67,--,58,96686,买盘
1192,13:46:00,16.67,--,65,108355,买盘
1193,13:45:57,16.67,--,177,295059,买盘
1194,13:45:54,16.67,0.01,540,900180,买盘
1195,13:45:45,16.66,--,1,1666,卖盘
1196,13:45:42,16.66,--,299,498134,买盘
1197,13:45:39,16.66,--,400,666400,买盘
1198,13:45:36,16.66,--,18,29988,买盘
1199,13:45:33,16.66,--,72,119952,买盘
1200,13:45:30,16.66,--,39,64974,买盘
1201,13:45:27,16.66,0.01,29,48314,买盘
1202,13:45:24,16.65,-0.01,11,18315,卖盘
1203,13:45:21,16.66,0.02,366,609756,买盘
1204,13:45:15,16.64,-0.01,443,737152,卖盘
1205,13:45:12,16.65,0.01,562,937195,买盘
1206,13:45:09,16.64,--,470,782080,卖盘
1207,13:45:06,16.64,-0.01,417,693888,卖盘
1208,13:45:03,16.65,--,220,366299,买盘
1209,13:45:00,16.65,0.01,22,36630,买盘
1210,13:44:57,16.64,-0.01,334,555776,卖盘
1211,13:44:54,16.65,0.01,243,404594,买盘
1212,13:44:48,16.64,-0.01,90,149760,卖盘
1213,13:44:45,16.65,0.01,28,46619,买盘
1214,13:44:39,16.64,--,522,868608,卖盘
1215,13:44:36,16.64,--,31,51584,卖盘
1216,13:44:33,16.64,--,171,284544,卖盘
1217,13:44:30,16.64,-0.01,96,159744,卖盘
1218,13:44:27,16.65,0.01,222,369629,买盘
1219,13:44:21,16.64,--,87,144768,买盘
1220,13:44:18,16.64,--,10,16640,买盘
1221,13:44:15,16.64,--,111,184704,买盘
1222,13:44:12,16.64,--,54,89856,买盘
1223,13:44:09,16.64,--,17,28288,卖盘
1224,13:44:06,16.64,-0.01,268,445952,卖盘
1225,13:44:00,16.65,0.01,72,119879,买盘
1226,13:43:57,16.64,-0.01,5,8320,卖盘
1227,13:43:54,16.65,--,89,148185,买盘
1228,13:43:51,16.65,--,108,179819,买盘
1229,13:43:48,16.65,0.01,206,342989,买盘
1230,13:43:42,16.64,--,187,311168,卖盘
1231,13:43:39,16.64,--,281,467584,卖盘
1232,13:43:36,16.64,--,152,252928,卖盘
1233,13:43:30,16.64,--,85,141440,卖盘
1234,13:43:27,16.64,--,56,93184,卖盘
1235,13:43:24,16.64,--,40,66560,卖盘
1236,13:43:21,16.64,-0.01,71,118144,卖盘
1237,13:43:18,16.65,--,180,299700,买盘
1238,13:43:15,16.65,0.01,300,499499,买盘
1239,13:43:12,16.64,--,117,194688,卖盘
1240,13:43:09,16.64,--,158,262912,卖盘
1241,13:43:00,16.64,--,75,124800,卖盘
1242,13:42:57,16.64,--,179,297856,卖盘
1243,13:42:54,16.64,-0.01,55,91520,卖盘
1244,13:42:48,16.65,0.01,230,382949,买盘
1245,13:42:45,16.64,--,7,11648,卖盘
1246,13:42:42,16.64,--,52,86528,卖盘
1247,13:42:39,16.64,--,232,386048,卖盘
1248,13:42:35,16.64,--,21,34944,卖盘
1249,13:42:32,16.64,-0.01,25,41600,卖盘
1250,13:42:29,16.65,0.01,108,179819,买盘
1251,13:42:26,16.64,-0.01,5,8320,卖盘
1252,13:42:20,16.65,0.01,155,258074,买盘
1253,13:42:14,16.64,-0.01,51,84864,卖盘
1254,13:42:11,16.65,--,343,571095,买盘
1255,13:42:08,16.65,0.01,180,299700,买盘
1256,13:42:05,16.64,--,9,14976,卖盘
1257,13:42:02,16.64,--,100,166400,卖盘
1258,13:41:59,16.64,--,28,46592,卖盘
1259,13:41:56,16.64,--,207,344448,卖盘
1260,13:41:53,16.64,--,18,29952,卖盘
1261,13:41:50,16.64,--,57,94848,卖盘
1262,13:41:47,16.64,-0.01,41,68224,卖盘
1263,13:41:44,16.65,0.01,14,23309,买盘
1264,13:41:41,16.64,-0.01,14,23296,卖盘
1265,13:41:38,16.65,0.01,37,61604,买盘
1266,13:41:35,16.64,--,132,219648,卖盘
1267,13:41:32,16.64,-0.01,169,281216,卖盘
1268,13:41:29,16.65,0.01,36,59939,买盘
1269,13:41:26,16.64,--,56,93184,卖盘
1270,13:41:23,16.64,--,51,84864,卖盘
1271,13:41:17,16.64,-0.01,91,151424,卖盘
1272,13:41:11,16.65,--,86,143190,买盘
1273,13:41:05,16.65,0.01,104,173159,买盘
1274,13:41:02,16.64,-0.01,166,276224,卖盘
1275,13:40:56,16.65,0.01,24,39960,买盘
1276,13:40:53,16.64,-0.01,103,171392,卖盘
1277,13:40:50,16.65,0.01,42,69930,买盘
1278,13:40:47,16.64,--,529,880256,卖盘
1279,13:40:41,16.64,-0.01,86,143104,卖盘
1280,13:40:38,16.65,0.01,4,6659,买盘
1281,13:40:35,16.64,--,44,73216,卖盘
1282,13:40:32,16.64,--,154,256256,卖盘
1283,13:40:26,16.64,--,9,14976,卖盘
1284,13:40:23,16.64,--,34,56576,卖盘
1285,13:40:20,16.64,--,138,229632,买盘
1286,13:40:17,16.64,--,369,614016,买盘
1287,13:40:14,16.64,--,13,21632,买盘
1288,13:40:08,16.64,--,627,1043328,买盘
1289,13:40:02,16.64,--,139,231296,买盘
1290,13:39:59,16.64,--,33,54912,买盘
1291,13:39:56,16.64,--,46,76544,买盘
1292,13:39:50,16.64,0.01,167,277888,买盘
1293,13:39:50,16.63,-0.01,53,88139,卖盘
1294,13:39:44,16.64,0.01,52,86528,买盘
1295,13:39:38,16.63,--,105,174615,卖盘
1296,13:39:29,16.63,--,25,41575,卖盘
1297,13:39:23,16.63,0.02,254,423000,买盘
1298,13:39:20,16.61,-0.01,22,36542,卖盘
1299,13:39:17,16.62,--,23,38226,卖盘
1300,13:39:14,16.62,--,1009,1676958,买盘
1301,13:39:11,16.62,--,21,34902,买盘
1302,13:39:08,16.62,--,59,98058,买盘
1303,13:39:05,16.62,--,2,3324,买盘
1304,13:39:02,16.62,0.01,15,24930,买盘
1305,13:38:59,16.61,--,36,59796,卖盘
1306,13:38:53,16.61,-0.01,46,76406,卖盘
1307,13:38:50,16.62,0.01,26,43212,买盘
1308,13:38:47,16.61,--,131,217591,买盘
1309,13:38:44,16.61,--,27,44847,买盘
1310,13:38:41,16.61,--,27,46474,卖盘
1311,13:38:38,16.61,-0.01,28,46508,卖盘
1312,13:38:32,16.62,0.01,26,43212,买盘
1313,13:38:29,16.61,--,74,122914,卖盘
1314,13:38:26,16.61,-0.01,141,234234,卖盘
1315,13:38:23,16.62,--,64,106368,买盘
1316,13:38:20,16.62,0.01,38,63156,买盘
1317,13:38:17,16.61,-0.01,5,8305,卖盘
1318,13:38:14,16.62,--,33,54846,买盘
1319,13:38:11,16.62,--,40,66480,买盘
1320,13:38:08,16.62,--,55,91410,买盘
1321,13:38:05,16.62,--,307,510234,买盘
1322,13:37:59,16.62,--,42,69804,买盘
1323,13:37:56,16.62,--,40,66480,买盘
1324,13:37:53,16.62,--,16,26592,买盘
1325,13:37:50,16.62,0.01,290,481980,买盘
1326,13:37:44,16.61,-0.01,13,21593,卖盘
1327,13:37:41,16.62,0.01,6,9972,买盘
1328,13:37:38,16.61,-0.01,38,63118,卖盘
1329,13:37:32,16.62,--,16,26592,买盘
1330,13:37:29,16.62,0.01,110,182820,买盘
1331,13:37:26,16.61,--,1,1661,卖盘
1332,13:37:20,16.61,--,34,56474,卖盘
1333,13:37:17,16.61,-0.01,6,9966,卖盘
1334,13:37:14,16.62,0.02,85,141270,买盘
1335,13:37:11,16.6,-0.01,192,318720,卖盘
1336,13:37:08,16.61,--,47,78067,卖盘
1337,13:37:05,16.61,--,58,96338,卖盘
1338,13:37:02,16.61,--,27,44847,卖盘
1339,13:36:59,16.61,--,6,9966,卖盘
1340,13:36:56,16.61,--,5,8305,卖盘
1341,13:36:53,16.61,0.01,14,23254,卖盘
1342,13:36:50,16.6,-0.01,142,235720,卖盘
1343,13:36:47,16.61,--,6,9966,卖盘
1344,13:36:44,16.61,--,50,83050,买盘
1345,13:36:35,16.61,--,27,44847,买盘
1346,13:36:32,16.61,--,11,18271,买盘
1347,13:36:29,16.61,--,1,1661,买盘
1348,13:36:23,16.61,--,12,19932,买盘
1349,13:36:23,16.61,--,66,109626,卖盘
1350,13:36:17,16.61,-0.01,44,73084,卖盘
1351,13:36:11,16.62,0.01,16,26592,买盘
1352,13:36:08,16.61,--,96,159456,买盘
1353,13:36:02,16.61,--,26,43186,买盘
1354,13:35:59,16.61,--,29,48169,买盘
1355,13:35:56,16.61,0.01,22,36542,买盘
1356,13:35:53,16.6,--,35,58100,卖盘
1357,13:35:50,16.6,--,86,142826,卖盘
1358,13:35:47,16.6,-0.01,85,141100,卖盘
1359,13:35:44,16.61,--,95,157795,买盘
1360,13:35:41,16.61,--,62,102982,买盘
1361,13:35:38,16.61,--,23,38203,买盘
1362,13:35:35,16.61,0.01,230,382030,买盘
1363,13:35:29,16.6,--,81,134460,卖盘
1364,13:35:26,16.6,--,11,18260,卖盘
1365,13:35:23,16.6,--,20,33200,卖盘
1366,13:35:20,16.6,--,20,33200,卖盘
1367,13:35:17,16.6,--,404,670640,买盘
1368,13:35:14,16.6,-0.01,12,19920,买盘
1369,13:35:11,16.61,0.01,1162,1930181,买盘
1370,13:35:08,16.6,--,86,142760,卖盘
1371,13:35:02,16.6,--,68,112880,卖盘
1372,13:34:59,16.6,-0.01,37,61420,卖盘
1373,13:34:56,16.61,0.01,145,240845,买盘
1374,13:34:53,16.6,-0.01,24,40670,卖盘
1375,13:34:50,16.61,0.01,177,293997,买盘
1376,13:34:47,16.6,--,100,166000,卖盘
1377,13:34:44,16.6,--,153,254710,卖盘
1378,13:34:38,16.6,--,23,38180,卖盘
1379,13:34:35,16.6,--,67,111220,卖盘
1380,13:34:32,16.6,--,52,86320,卖盘
1381,13:34:29,16.6,-0.01,70,116266,卖盘
1382,13:34:26,16.61,0.01,35,58135,买盘
1383,13:34:20,16.6,-0.01,81,134460,卖盘
1384,13:34:17,16.61,--,42,69762,买盘
1385,13:34:14,16.61,0.01,72,119592,买盘
1386,13:34:11,16.6,-0.01,65,107900,卖盘
1387,13:34:08,16.61,--,41,68101,买盘
1388,13:34:05,16.61,--,3,4983,买盘
1389,13:34:02,16.61,--,132,219252,买盘
1390,13:33:59,16.61,0.01,44,73084,买盘
1391,13:33:56,16.6,--,11,18260,卖盘
1392,13:33:53,16.6,-0.01,28,46480,卖盘
1393,13:33:50,16.61,-0.01,77,127897,卖盘
1394,13:33:47,16.62,--,5,8310,买盘
1395,13:33:44,16.62,0.01,78,129636,买盘
1396,13:33:41,16.61,-0.01,53,88033,中性盘
1397,13:33:38,16.62,--,610,1013820,买盘
1398,13:33:32,16.62,0.01,45,74790,买盘
1399,13:33:29,16.61,--,136,225896,卖盘
1400,13:33:26,16.61,--,12,19932,卖盘
1401,13:33:23,16.61,--,447,742467,买盘
1402,13:33:17,16.61,--,41,68101,买盘
1403,13:33:11,16.61,--,383,636163,买盘
1404,13:33:08,16.61,--,6,9966,买盘
1405,13:33:05,16.61,-0.01,350,581350,卖盘
1406,13:32:59,16.62,--,158,262596,买盘
1407,13:32:50,16.62,--,220,365640,买盘
1408,13:32:47,16.62,--,139,231948,卖盘
1409,13:32:44,16.62,-0.01,46,76452,卖盘
1410,13:32:41,16.63,0.01,14,23282,买盘
1411,13:32:38,16.62,--,3,4986,卖盘
1412,13:32:32,16.62,0.01,839,1395149,买盘
1413,13:32:29,16.61,--,304,504944,卖盘
1414,13:32:26,16.61,0.01,350,581350,买盘
1415,13:32:23,16.6,--,32,53120,卖盘
1416,13:32:20,16.6,--,45,74700,卖盘
1417,13:32:17,16.6,-0.01,210,348600,卖盘
1418,13:32:14,16.61,--,31,51491,买盘
1419,13:32:08,16.61,--,3,4983,买盘
1420,13:32:02,16.61,0.01,41,68101,买盘
1421,13:31:59,16.6,--,40,66400,卖盘
1422,13:31:56,16.6,-0.01,8,13280,卖盘
1423,13:31:53,16.61,--,29,48169,卖盘
1424,13:31:47,16.61,0.01,7,11627,买盘
1425,13:31:44,16.6,--,30,49800,卖盘
1426,13:31:41,16.6,-0.01,521,864860,卖盘
1427,13:31:32,16.61,--,73,121253,买盘
1428,13:31:29,16.61,--,9,14949,买盘
1429,13:31:26,16.61,--,23,38203,买盘
1430,13:31:23,16.61,--,65,107965,买盘
1431,13:31:20,16.61,--,15,24915,买盘
1432,13:31:14,16.61,-0.01,12,19932,中性盘
1433,13:31:08,16.62,--,30,49860,买盘
1434,13:31:05,16.62,0.02,16,26592,买盘
1435,13:31:02,16.6,--,24,39840,卖盘
1436,13:30:59,16.6,-0.02,180,298800,卖盘
1437,13:30:53,16.62,0.01,49,81438,买盘
1438,13:30:50,16.61,-0.01,9,14949,卖盘
1439,13:30:47,16.62,--,21,34902,买盘
1440,13:30:44,16.62,0.01,135,224370,买盘
1441,13:30:41,16.61,--,15,24915,卖盘
1442,13:30:38,16.61,--,2,3322,卖盘
1443,13:30:32,16.61,--,42,69762,卖盘
1444,13:30:29,16.61,--,48,79728,卖盘
1445,13:30:26,16.61,--,88,146168,卖盘
1446,13:30:23,16.61,--,168,279048,卖盘
1447,13:30:17,16.61,-0.01,51,84711,卖盘
1448,13:30:14,16.62,0.01,29,48198,买盘
1449,13:30:11,16.61,-0.01,2,3322,卖盘
1450,13:30:08,16.62,--,18,29916,卖盘
1451,13:30:05,16.62,0.01,151,250962,中性盘
1452,13:30:02,16.61,-0.01,69,115074,卖盘
1453,13:29:59,16.62,--,58,97592,卖盘
1454,13:29:56,16.62,--,163,270906,卖盘
1455,13:29:53,16.62,-0.01,60,99720,卖盘
1456,13:29:50,16.63,--,76,126387,买盘
1457,13:29:47,16.63,--,11,18293,买盘
1458,13:29:41,16.63,--,163,272000,卖盘
1459,13:29:35,16.63,-0.01,29,48227,卖盘
1460,13:29:32,16.64,--,4,6656,买盘
1461,13:29:29,16.64,--,15,24960,买盘
1462,13:29:26,16.64,0.01,111,184704,买盘
1463,13:29:23,16.63,--,88,146344,卖盘
1464,13:29:20,16.63,-0.01,86,143018,卖盘
1465,13:29:14,16.64,--,43,72284,买盘
1466,13:29:11,16.64,--,226,376064,买盘
1467,13:29:05,16.64,0.01,42,69888,买盘
1468,13:29:02,16.63,--,36,59868,卖盘
1469,13:28:59,16.63,--,11,18293,卖盘
1470,13:28:56,16.63,--,8,13304,卖盘
1471,13:28:53,16.63,--,25,41575,卖盘
1472,13:28:50,16.63,--,55,91465,卖盘
1473,13:28:47,16.63,--,273,453999,买盘
1474,13:28:44,16.63,0.01,67,111421,买盘
1475,13:28:41,16.62,-0.01,4,6648,卖盘
1476,13:28:35,16.63,--,90,149670,买盘
1477,13:28:29,16.63,0.01,215,357545,买盘
1478,13:28:26,16.62,--,22,36564,卖盘
1479,13:28:23,16.62,--,25,41550,卖盘
1480,13:28:20,16.62,--,5,8310,卖盘
1481,13:28:17,16.62,--,8,13296,卖盘
1482,13:28:14,16.62,-0.01,135,224370,卖盘
1483,13:28:11,16.63,0.02,1540,2561485,买盘
1484,13:28:05,16.61,--,68,112948,卖盘
1485,13:27:59,16.61,--,113,187693,卖盘
1486,13:27:56,16.61,--,189,313929,买盘
1487,13:27:50,16.61,--,148,246226,卖盘
1488,13:27:47,16.61,--,77,128096,卖盘
1489,13:27:44,16.61,--,20,33286,买盘
1490,13:27:41,16.61,0.01,269,446809,买盘
1491,13:27:35,16.6,--,21,34860,卖盘
1492,13:27:32,16.6,--,511,848260,卖盘
1493,13:27:26,16.6,--,63,104580,卖盘
1494,13:27:23,16.6,--,55,91300,买盘
1495,13:27:17,16.6,0.01,28,46480,中性盘
1496,13:27:14,16.59,-0.01,70,116130,卖盘
1497,13:27:11,16.6,-0.01,8,13280,中性盘
1498,13:27:08,16.61,0.01,74,122914,买盘
1499,13:27:02,16.6,0.01,61,101260,买盘
1500,13:26:59,16.59,--,204,338436,卖盘
1501,13:26:56,16.59,--,12,19908,卖盘
1502,13:26:53,16.59,-0.01,50,82950,卖盘
1503,13:26:50,16.6,--,105,174300,买盘
1504,13:26:47,16.6,0.01,80,132800,买盘
1505,13:26:44,16.59,--,133,220647,卖盘
1506,13:26:41,16.59,-0.01,30,49770,卖盘
1507,13:26:38,16.6,--,100,166000,买盘
1508,13:26:32,16.6,--,111,184260,买盘
1509,13:26:29,16.6,0.01,55,91300,买盘
1510,13:26:26,16.59,0.01,491,814801,买盘
1511,13:26:23,16.58,-0.01,91,150877,卖盘
1512,13:26:17,16.59,--,5,8295,买盘
1513,13:26:14,16.59,--,73,121107,买盘
1514,13:26:11,16.59,--,141,233919,买盘
1515,13:26:08,16.59,--,40,67786,卖盘
1516,13:26:05,16.59,-0.01,76,126084,卖盘
1517,13:26:02,16.6,--,48,79680,买盘
1518,13:25:59,16.6,--,51,84660,买盘
1519,13:25:56,16.6,--,71,117860,买盘
1520,13:25:53,16.6,0.01,105,174300,买盘
1521,13:25:50,16.59,--,93,154287,卖盘
1522,13:25:47,16.59,--,338,560742,卖盘
1523,13:25:44,16.59,0.01,396,657196,买盘
1524,13:25:41,16.58,--,238,394603,卖盘
1525,13:25:38,16.58,--,10,16580,卖盘
1526,13:25:35,16.58,--,44,72951,卖盘
1527,13:25:32,16.58,--,124,205591,卖盘
1528,13:25:29,16.58,0.01,252,417815,中性盘
1529,13:25:26,16.57,-0.02,47,77879,卖盘
1530,13:25:23,16.59,0.01,84,139356,买盘
1531,13:25:20,16.58,--,55,91189,买盘
1532,13:25:17,16.58,0.01,87,144245,买盘
1533,13:25:14,16.57,-0.01,91,150787,卖盘
1534,13:25:08,16.58,--,58,96163,买盘
1535,13:25:05,16.58,--,61,101137,买盘
1536,13:25:02,16.58,--,40,66320,卖盘
1537,13:24:59,16.58,--,59,97821,卖盘
1538,13:24:56,16.58,-0.01,125,207249,卖盘
1539,13:24:53,16.59,--,147,243873,买盘
1540,13:24:50,16.59,0.01,52,86268,买盘
1541,13:24:47,16.58,--,5,8290,卖盘
1542,13:24:44,16.58,-0.01,24,39791,卖盘
1543,13:24:41,16.59,--,3,4977,买盘
1544,13:24:38,16.59,--,472,784474,卖盘
1545,13:24:32,16.59,--,142,235578,卖盘
1546,13:24:29,16.59,--,56,92904,卖盘
1547,13:24:26,16.59,--,177,293643,卖盘
1548,13:24:23,16.59,--,5,8295,卖盘
1549,13:24:20,16.59,--,217,360003,卖盘
1550,13:24:14,16.59,--,17,28203,卖盘
1551,13:24:11,16.59,--,59,97881,卖盘
1552,13:24:08,16.59,--,459,761481,卖盘
1553,13:24:05,16.59,-0.01,5,8295,卖盘
1554,13:23:59,16.6,0.01,10,16600,买盘
1555,13:23:56,16.59,-0.02,23,38157,卖盘
1556,13:23:53,16.61,0.01,17,28237,买盘
1557,13:23:50,16.6,--,18,29880,买盘
1558,13:23:47,16.6,--,221,366860,卖盘
1559,13:23:44,16.6,--,33,54780,卖盘
1560,13:23:41,16.6,--,95,157700,卖盘
1561,13:23:38,16.6,-0.01,237,393420,卖盘
1562,13:23:32,16.61,0.01,39,64779,买盘
1563,13:23:29,16.6,--,44,73040,卖盘
1564,13:23:26,16.6,--,130,215800,卖盘
1565,13:23:23,16.6,--,12,19920,卖盘
1566,13:23:20,16.6,--,220,365200,卖盘
1567,13:23:17,16.6,--,90,149400,卖盘
1568,13:23:14,16.6,--,48,79680,卖盘
1569,13:23:11,16.6,--,121,200860,卖盘
1570,13:23:08,16.6,-0.01,347,576020,卖盘
1571,13:23:02,16.61,0.01,34,56474,买盘
1572,13:22:59,16.6,--,48,79680,卖盘
1573,13:22:56,16.6,--,36,59760,卖盘
1574,13:22:50,16.6,-0.01,48,79680,卖盘
1575,13:22:44,16.61,--,19,31559,买盘
1576,13:22:41,16.61,--,237,393657,卖盘
1577,13:22:35,16.61,-0.01,190,315590,卖盘
1578,13:22:32,16.62,0.01,58,96396,买盘
1579,13:22:29,16.61,-0.01,75,124575,卖盘
1580,13:22:26,16.62,0.01,14,23268,买盘
1581,13:22:23,16.61,-0.01,331,549791,卖盘
1582,13:22:20,16.62,0.01,11,18282,买盘
1583,13:22:17,16.61,--,10,16610,卖盘
1584,13:22:14,16.61,-0.01,36,59796,卖盘
1585,13:22:11,16.62,--,77,127974,买盘
1586,13:22:02,16.62,--,11,18282,买盘
1587,13:21:59,16.62,0.01,25,41550,买盘
1588,13:21:56,16.61,--,26,43186,卖盘
1589,13:21:53,16.61,-0.01,127,210947,卖盘
1590,13:21:49,16.62,--,27,44874,卖盘
1591,13:21:43,16.62,--,32,53184,买盘
1592,13:21:40,16.62,0.01,102,169524,买盘
1593,13:21:37,16.61,--,44,73084,卖盘
1594,13:21:34,16.61,-0.01,94,156134,卖盘
1595,13:21:28,16.62,--,5,8310,买盘
1596,13:21:25,16.62,0.01,19,31578,中性盘
1597,13:21:22,16.61,-0.01,26,43186,卖盘
1598,13:21:19,16.62,--,98,162876,买盘
1599,13:21:13,16.62,0.01,6,9972,买盘
1600,13:21:10,16.61,--,30,49830,卖盘
1601,13:21:07,16.61,-0.01,1263,2097843,卖盘
1602,13:21:01,16.62,--,16,26592,卖盘
1603,13:20:58,16.62,-0.01,12,19944,卖盘
1604,13:20:55,16.63,0.01,376,625288,买盘
1605,13:20:49,16.62,--,42,69804,卖盘
1606,13:20:46,16.62,--,19,31578,卖盘
1607,13:20:40,16.62,0.01,46,76452,买盘
1608,13:20:37,16.61,-0.02,49,81389,卖盘
1609,13:20:31,16.63,0.01,352,585376,买盘
1610,13:20:28,16.62,0.01,129,214398,买盘
1611,13:20:22,16.61,--,68,112948,卖盘
1612,13:20:19,16.61,-0.01,9,14949,卖盘
1613,13:20:16,16.62,--,6,9972,买盘
1614,13:20:13,16.62,0.01,650,1080300,买盘
1615,13:20:07,16.61,--,46,76406,卖盘
1616,13:20:04,16.61,-0.01,15,24915,中性盘
1617,13:20:01,16.62,0.02,85,141270,买盘
1618,13:19:58,16.6,-0.01,251,416660,卖盘
1619,13:19:55,16.61,0.01,31,51491,买盘
1620,13:19:49,16.6,-0.01,61,101260,卖盘
1621,13:19:46,16.61,--,51,84711,买盘
1622,13:19:43,16.61,--,25,41525,买盘
1623,13:19:40,16.61,--,48,79728,卖盘
1624,13:19:34,16.61,--,15,24915,卖盘
1625,13:19:31,16.61,-0.01,2,3322,中性盘
1626,13:19:28,16.62,0.01,45,74790,买盘
1627,13:19:22,16.61,--,38,63715,卖盘
1628,13:19:19,16.61,--,59,97999,卖盘
1629,13:19:13,16.61,--,31,51491,卖盘
1630,13:19:10,16.61,--,58,96338,卖盘
1631,13:19:07,16.61,--,35,58135,卖盘
1632,13:19:04,16.61,--,81,134541,卖盘
1633,13:19:01,16.61,--,38,63118,卖盘
1634,13:18:58,16.61,--,18,29898,卖盘
1635,13:18:55,16.61,--,11,18271,卖盘
1636,13:18:52,16.61,-0.01,20,33220,卖盘
1637,13:18:49,16.62,0.01,9,14958,买盘
1638,13:18:46,16.61,--,500,830500,卖盘
1639,13:18:43,16.61,-0.01,54,89694,卖盘
1640,13:18:40,16.62,0.01,23,38226,买盘
1641,13:18:37,16.61,--,99,164439,卖盘
1642,13:18:34,16.61,-0.01,65,107965,卖盘
1643,13:18:31,16.62,--,33,54846,买盘
1644,13:18:28,16.62,--,84,139608,买盘
1645,13:18:16,16.62,--,20,33240,买盘
1646,13:18:13,16.62,--,225,374614,卖盘
1647,13:18:10,16.62,--,25,41550,卖盘
1648,13:18:07,16.62,--,103,171186,卖盘
1649,13:18:04,16.62,-0.01,64,106368,卖盘
1650,13:18:01,16.63,0.01,193,320959,买盘
1651,13:17:58,16.62,--,50,83100,卖盘
1652,13:17:52,16.62,--,217,360654,卖盘
1653,13:17:49,16.62,--,54,90745,卖盘
1654,13:17:46,16.62,--,23,38226,卖盘
1655,13:17:43,16.62,-0.01,20,33240,卖盘
1656,13:17:40,16.63,0.01,119,197897,买盘
1657,13:17:37,16.62,--,51,84762,卖盘
1658,13:17:34,16.62,--,37,61494,卖盘
1659,13:17:31,16.62,--,81,134622,卖盘
1660,13:17:28,16.62,--,163,270906,卖盘
1661,13:17:22,16.62,-0.01,155,257610,卖盘
1662,13:17:16,16.63,--,21,34923,买盘
1663,13:17:13,16.63,--,6,9978,卖盘
1664,13:17:07,16.63,-0.01,60,99780,卖盘
1665,13:17:04,16.64,0.01,20,33280,买盘
1666,13:17:01,16.63,-0.01,232,385816,卖盘
1667,13:16:58,16.64,0.01,92,153088,买盘
1668,13:16:55,16.63,--,55,91465,卖盘
1669,13:16:52,16.63,--,40,66520,卖盘
1670,13:16:46,16.63,--,668,1110884,卖盘
1671,13:16:43,16.63,--,12,19956,卖盘
1672,13:16:40,16.63,--,12,19956,卖盘
1673,13:16:37,16.63,-0.01,2,3326,卖盘
1674,13:16:34,16.64,0.01,55,91520,买盘
1675,13:16:31,16.63,--,35,58205,卖盘
1676,13:16:28,16.63,--,343,570409,卖盘
1677,13:16:22,16.63,--,71,118073,卖盘
1678,13:16:19,16.63,--,288,478944,买盘
1679,13:16:16,16.63,--,32,53216,买盘
1680,13:16:13,16.63,-0.01,32,53216,卖盘
1681,13:16:10,16.64,0.01,78,129792,买盘
1682,13:16:07,16.63,--,307,511405,卖盘
1683,13:16:01,16.63,--,23,39047,买盘
1684,13:15:58,16.63,--,69,115611,卖盘
1685,13:15:55,16.63,--,29,48227,卖盘
1686,13:15:52,16.63,-0.01,21,34923,卖盘
1687,13:15:49,16.64,0.01,230,382720,买盘
1688,13:15:46,16.63,--,40,66520,卖盘
1689,13:15:43,16.63,--,161,267743,卖盘
1690,13:15:40,16.63,--,59,98117,卖盘
1691,13:15:37,16.63,--,109,182065,买盘
1692,13:15:34,16.63,0.01,60,99780,买盘
1693,13:15:31,16.62,-0.01,85,141270,卖盘
1694,13:15:28,16.63,--,133,221179,买盘
1695,13:15:25,16.63,--,150,249449,买盘
1696,13:15:22,16.63,--,18,29934,买盘
1697,13:15:19,16.63,-0.01,122,203750,卖盘
1698,13:15:16,16.64,--,59,98176,买盘
1699,13:15:13,16.64,--,98,163072,买盘
1700,13:15:10,16.64,--,35,59038,买盘
1701,13:15:07,16.64,--,41,68224,买盘
1702,13:15:04,16.64,--,60,99840,买盘
1703,13:15:01,16.64,--,13,22896,买盘
1704,13:14:58,16.64,--,174,289536,买盘
1705,13:14:52,16.64,--,18,29952,买盘
1706,13:14:49,16.64,--,203,337792,买盘
1707,13:14:46,16.64,--,9,14976,买盘
1708,13:14:43,16.64,--,13,21632,买盘
1709,13:14:40,16.64,--,58,96512,买盘
1710,13:14:37,16.64,--,35,58240,买盘
1711,13:14:34,16.64,--,70,116480,买盘
1712,13:14:31,16.64,--,11,18304,买盘
1713,13:14:28,16.64,--,39,64962,买盘
1714,13:14:25,16.64,0.01,165,274560,买盘
1715,13:14:22,16.63,-0.01,20,33260,卖盘
1716,13:14:19,16.64,--,70,116480,买盘
1717,13:14:16,16.64,0.01,58,96512,买盘
1718,13:14:13,16.63,--,3,4989,卖盘
1719,13:14:10,16.63,--,87,144681,卖盘
1720,13:14:07,16.63,--,11,18625,卖盘
1721,13:14:04,16.63,--,90,149670,卖盘
1722,13:14:01,16.63,--,13,21619,卖盘
1723,13:13:58,16.63,--,350,582050,买盘
1724,13:13:55,16.63,--,25,41575,买盘
1725,13:13:52,16.63,--,163,271069,买盘
1726,13:13:49,16.63,--,35,58205,买盘
1727,13:13:46,16.63,0.01,12,19956,买盘
1728,13:13:40,16.62,-0.01,1,1662,卖盘
1729,13:13:37,16.63,--,11,18293,买盘
1730,13:13:34,16.63,--,114,189582,买盘
1731,13:13:31,16.63,--,83,138029,买盘
1732,13:13:28,16.63,0.01,11,18293,买盘
1733,13:13:25,16.62,--,55,91410,卖盘
1734,13:13:22,16.62,--,193,320766,卖盘
1735,13:13:16,16.62,--,30,49860,卖盘
1736,13:13:13,16.62,--,2,3324,卖盘
1737,13:13:10,16.62,0.01,90,149580,买盘
1738,13:13:07,16.61,-0.01,2,3322,卖盘
1739,13:13:04,16.62,--,91,151242,买盘
1740,13:13:01,16.62,0.01,39,64818,买盘
1741,13:12:58,16.61,--,25,41525,卖盘
1742,13:12:55,16.61,--,125,207625,卖盘
1743,13:12:49,16.61,-0.01,126,209286,卖盘
1744,13:12:46,16.62,0.01,184,305808,买盘
1745,13:12:43,16.61,--,36,59796,卖盘
1746,13:12:37,16.61,--,2,3322,卖盘
1747,13:12:34,16.61,-0.01,60,99660,卖盘
1748,13:12:31,16.62,--,46,77515,买盘
1749,13:12:28,16.62,--,21,34902,买盘
1750,13:12:22,16.62,0.01,16,26592,买盘
1751,13:12:19,16.61,--,38,63118,卖盘
1752,13:12:16,16.61,--,45,74745,卖盘
1753,13:12:13,16.61,--,31,51491,卖盘
1754,13:12:10,16.61,0.01,101,167761,卖盘
1755,13:12:07,16.6,-0.01,35,58100,卖盘
1756,13:12:04,16.61,--,217,360437,卖盘
1757,13:11:58,16.61,--,48,79728,卖盘
1758,13:11:55,16.61,0.01,46,76406,中性盘
1759,13:11:49,16.6,-0.01,120,199200,卖盘
1760,13:11:46,16.61,--,50,83050,买盘
1761,13:11:43,16.61,--,78,129558,买盘
1762,13:11:40,16.61,--,62,102982,买盘
1763,13:11:28,16.61,--,91,152014,卖盘
1764,13:11:22,16.61,--,7,11627,卖盘
1765,13:11:19,16.61,-0.01,271,450131,卖盘
1766,13:11:13,16.62,0.01,45,74790,买盘
1767,13:11:10,16.61,--,51,84711,卖盘
1768,13:11:07,16.61,-0.01,493,819670,卖盘
1769,13:11:04,16.62,-0.02,237,393894,买盘
1770,13:10:58,16.64,0.03,515,856960,买盘
1771,13:10:55,16.61,-0.01,135,224235,卖盘
1772,13:10:52,16.62,0.01,66,109692,买盘
1773,13:10:49,16.61,--,21,34881,卖盘
1774,13:10:46,16.61,--,83,137863,卖盘
1775,13:10:40,16.61,-0.01,181,300641,卖盘
1776,13:10:37,16.62,0.01,14,23268,买盘
1777,13:10:34,16.61,--,24,39864,卖盘
1778,13:10:31,16.61,-0.01,91,151151,卖盘
1779,13:10:28,16.62,--,59,98058,买盘
1780,13:10:25,16.62,--,16,26592,买盘
1781,13:10:19,16.62,--,113,187806,买盘
1782,13:10:16,16.62,0.01,157,260934,买盘
1783,13:10:13,16.61,-0.01,453,753429,卖盘
1784,13:10:07,16.62,--,146,242652,卖盘
1785,13:10:04,16.62,--,32,53184,卖盘
1786,13:10:01,16.62,0.01,427,710338,买盘
1787,13:09:55,16.61,-0.01,121,200981,卖盘
1788,13:09:52,16.62,0.01,29,48198,买盘
1789,13:09:49,16.61,--,418,694298,卖盘
1790,13:09:46,16.61,-0.01,7,11627,卖盘
1791,13:09:43,16.62,--,63,104706,买盘
1792,13:09:40,16.62,0.01,14,23268,买盘
1793,13:09:37,16.61,-0.01,9,14949,卖盘
1794,13:09:34,16.62,-0.01,80,133957,卖盘
1795,13:09:31,16.63,0.01,153,254438,买盘
1796,13:09:28,16.62,0.01,42,70468,买盘
1797,13:09:25,16.61,-0.02,238,396314,卖盘
1798,13:09:22,16.63,--,22,36586,买盘
1799,13:09:19,16.63,0.01,70,116410,买盘
1800,13:09:16,16.62,--,65,108030,卖盘
1801,13:09:10,16.62,--,67,111354,卖盘
1802,13:09:07,16.62,-0.01,263,437438,卖盘
1803,13:09:04,16.63,--,169,281047,买盘
1804,13:09:01,16.63,--,403,670189,买盘
1805,13:08:58,16.63,--,189,314307,买盘
1806,13:08:52,16.63,--,25,41575,买盘
1807,13:08:49,16.63,--,171,284373,买盘
1808,13:08:46,16.63,--,155,258529,卖盘
1809,13:08:40,16.63,-0.01,118,196234,卖盘
1810,13:08:37,16.64,0.01,89,148096,买盘
1811,13:08:31,16.63,-0.01,8,13304,卖盘
1812,13:08:28,16.64,--,352,585728,买盘
1813,13:08:25,16.64,--,30,49920,买盘
1814,13:08:22,16.64,0.01,6,9984,买盘
1815,13:08:19,16.63,-0.01,14,23282,卖盘
1816,13:08:13,16.64,--,21,34944,买盘
1817,13:08:07,16.64,--,94,156416,卖盘
1818,13:08:04,16.64,--,74,123136,卖盘
1819,13:07:58,16.64,--,81,134784,卖盘
1820,13:07:55,16.64,-0.01,10,16640,卖盘
1821,13:07:52,16.65,--,210,349649,买盘
1822,13:07:49,16.65,--,44,73260,买盘
1823,13:07:43,16.65,0.01,46,76590,买盘
1824,13:07:40,16.64,-0.01,35,58240,卖盘
1825,13:07:37,16.65,0.01,229,381284,买盘
1826,13:07:34,16.64,-0.01,49,81536,卖盘
1827,13:07:31,16.65,0.01,90,149850,买盘
1828,13:07:28,16.64,--,118,196352,卖盘
1829,13:07:25,16.64,-0.01,54,89856,卖盘
1830,13:07:22,16.65,--,132,219779,买盘
1831,13:07:19,16.65,--,69,114884,买盘
1832,13:07:16,16.65,--,367,611055,买盘
1833,13:07:10,16.65,0.01,13,21644,买盘
1834,13:07:07,16.64,--,9,14976,卖盘
1835,13:07:04,16.64,--,97,161408,卖盘
1836,13:07:01,16.64,--,163,271232,买盘
1837,13:06:52,16.64,--,59,98176,买盘
1838,13:06:49,16.64,0.01,89,148096,买盘
1839,13:06:46,16.63,-0.01,333,553779,卖盘
1840,13:06:43,16.64,--,31,51584,卖盘
1841,13:06:40,16.64,--,22,36608,卖盘
1842,13:06:37,16.64,--,116,193024,买盘
1843,13:06:34,16.64,0.01,22,36608,买盘
1844,13:06:31,16.63,-0.01,23,38249,卖盘
1845,13:06:28,16.64,0.01,62,103201,买盘
1846,13:06:25,16.63,-0.01,84,139692,卖盘
1847,13:06:22,16.64,--,210,349440,买盘
1848,13:06:19,16.64,0.01,62,103168,买盘
1849,13:06:16,16.63,-0.01,10,16630,卖盘
1850,13:06:10,16.64,--,10,16640,买盘
1851,13:06:10,16.64,0.01,86,143104,买盘
1852,13:06:04,16.63,-0.01,32,53216,卖盘
1853,13:05:58,16.64,--,131,217984,买盘
1854,13:05:55,16.64,--,10,16640,买盘
1855,13:05:52,16.64,-0.01,4,6656,中性盘
1856,13:05:49,16.65,0.02,46,76590,买盘
1857,13:05:43,16.63,--,122,202886,卖盘
1858,13:05:37,16.63,-0.02,43,71509,卖盘
1859,13:05:34,16.65,--,225,374624,买盘
1860,13:05:31,16.65,0.01,439,730934,买盘
1861,13:05:28,16.64,-0.01,14,23296,中性盘
1862,13:05:19,16.65,0.02,126,209789,买盘
1863,13:05:13,16.63,-0.02,136,226168,卖盘
1864,13:05:10,16.65,--,21,34965,卖盘
1865,13:05:07,16.65,--,25,41625,卖盘
1866,13:05:04,16.65,0.01,75,126523,买盘
1867,13:05:01,16.64,--,64,106496,买盘
1868,13:04:58,16.64,--,436,725504,卖盘
1869,13:04:55,16.64,--,7,11648,卖盘
1870,13:04:52,16.64,-0.01,55,91520,卖盘
1871,13:04:49,16.65,--,28,46619,买盘
1872,13:04:46,16.65,0.01,12,19980,买盘
1873,13:04:43,16.64,--,272,452608,卖盘
1874,13:04:40,16.64,-0.01,23,38272,卖盘
1875,13:04:34,16.65,--,88,146520,买盘
1876,13:04:31,16.65,0.01,68,113219,买盘
1877,13:04:28,16.64,--,45,74880,卖盘
1878,13:04:25,16.64,-0.01,29,48256,卖盘
1879,13:04:22,16.65,0.01,106,176489,买盘
1880,13:04:19,16.64,--,111,184704,卖盘
1881,13:04:13,16.64,--,67,111488,买盘
1882,13:04:10,16.64,--,85,141440,买盘
1883,13:04:07,16.64,--,103,171392,买盘
1884,13:04:01,16.64,0.01,7,11648,买盘
1885,13:03:58,16.63,-0.01,4,6652,卖盘
1886,13:03:55,16.64,0.01,65,108160,买盘
1887,13:03:52,16.63,--,13,21619,卖盘
1888,13:03:46,16.63,-0.01,15,24945,卖盘
1889,13:03:43,16.64,--,25,41600,卖盘
1890,13:03:40,16.64,0.01,22,36608,卖盘
1891,13:03:37,16.63,--,21,34923,卖盘
1892,13:03:34,16.63,--,38,63193,卖盘
1893,13:03:31,16.63,-0.01,46,76498,卖盘
1894,13:03:25,16.64,0.01,54,89856,中性盘
1895,13:03:16,16.63,--,497,827409,卖盘
1896,13:03:13,16.63,--,13,21619,卖盘
1897,13:03:10,16.63,--,259,430717,卖盘
1898,13:03:07,16.63,--,285,473955,卖盘
1899,13:03:04,16.63,--,92,152996,卖盘
1900,13:03:01,16.63,--,68,113084,卖盘
1901,13:02:55,16.63,--,44,73172,卖盘
1902,13:02:52,16.63,--,28,46564,卖盘
1903,13:02:49,16.63,--,104,172952,卖盘
1904,13:02:43,16.63,--,15,24945,卖盘
1905,13:02:40,16.63,--,125,207875,卖盘
1906,13:02:37,16.63,-0.01,175,291025,卖盘
1907,13:02:31,16.64,--,12,19968,买盘
1908,13:02:25,16.64,--,13,21632,买盘
1909,13:02:25,16.64,-0.01,374,622336,卖盘
1910,13:02:16,16.65,--,68,113219,买盘
1911,13:02:13,16.65,0.01,6,9990,买盘
1912,13:02:10,16.64,-0.01,101,168064,卖盘
1913,13:02:07,16.65,--,16,26639,买盘
1914,13:02:04,16.65,--,34,56609,买盘
1915,13:02:01,16.65,--,109,181484,买盘
1916,13:01:58,16.65,--,25,41625,买盘
1917,13:01:55,16.65,--,148,246419,买盘
1918,13:01:52,16.65,-0.01,115,191474,卖盘
1919,13:01:49,16.66,0.01,370,616420,买盘
1920,13:01:43,16.65,--,82,136530,卖盘
1921,13:01:40,16.65,-0.01,191,318015,卖盘
1922,13:01:36,16.66,0.01,151,251566,买盘
1923,13:01:33,16.65,-0.01,155,258074,卖盘
1924,13:01:30,16.66,--,64,106624,买盘
1925,13:01:27,16.66,--,50,83300,买盘
1926,13:01:24,16.66,0.01,83,138278,买盘
1927,13:01:21,16.65,--,175,291375,卖盘
1928,13:01:18,16.65,-0.01,62,103229,卖盘
1929,13:01:15,16.66,0.01,91,151606,卖盘
1930,13:01:12,16.65,-0.02,48,79920,卖盘
1931,13:01:06,16.67,--,105,175035,买盘
1932,13:01:03,16.67,0.02,332,553444,买盘
1933,13:01:00,16.65,--,175,291375,买盘
1934,13:00:57,16.65,--,144,239759,买盘
1935,13:00:54,16.65,--,20,33300,买盘
1936,13:00:51,16.65,--,47,78255,买盘
1937,13:00:42,16.65,--,170,283050,卖盘
1938,13:00:39,16.65,-0.01,73,121544,卖盘
1939,13:00:36,16.66,--,13,21658,买盘
1940,13:00:33,16.66,-0.01,11,18326,中性盘
1941,13:00:30,16.67,--,4,6668,买盘
1942,13:00:27,16.67,-0.01,22,36674,买盘
1943,13:00:24,16.68,0.05,124,206832,买盘
1944,13:00:18,16.63,-0.04,4,6652,卖盘
1945,13:00:15,16.67,0.02,163,271721,中性盘
1946,13:00:12,16.65,--,152,253079,卖盘
1947,13:00:09,16.65,0.02,1796,2990339,买盘
1948,13:00:06,16.63,0.02,2325,3866807,中性盘
1949,13:00:00,16.61,--,4149,6891489,买盘
1950,11:30:02,16.61,--,81,134541,买盘
1951,11:29:59,16.61,--,61,101321,买盘
1952,11:29:56,16.61,0.01,36,59796,买盘
1953,11:29:53,16.6,--,147,244020,卖盘
1954,11:29:50,16.6,-0.01,118,195880,卖盘
1955,11:29:47,16.61,0.01,11,18271,中性盘
1956,11:29:44,16.6,--,45,74700,卖盘
1957,11:29:38,16.6,--,37,61420,卖盘
1958,11:29:35,16.6,-0.04,20,33200,卖盘
1959,11:29:32,16.64,0.04,19,31616,买盘
1960,11:29:29,16.6,-0.05,37,61420,卖盘
1961,11:29:26,16.65,0.05,53,88244,买盘
1962,11:29:23,16.6,0.01,1530,2539800,买盘
1963,11:29:17,16.59,-0.01,68,113027,卖盘
1964,11:29:14,16.6,0.01,391,649060,买盘
1965,11:29:11,16.59,--,714,1184526,卖盘
1966,11:29:05,16.59,--,82,136038,卖盘
1967,11:29:02,16.59,-0.01,22,36498,卖盘
1968,11:28:59,16.6,0.06,1019,1691540,买盘
1969,11:28:56,16.54,-0.01,2014,3331156,卖盘
1970,11:28:53,16.55,0.01,107,177085,买盘
1971,11:28:50,16.54,0.01,279,461466,中性盘
1972,11:28:47,16.53,--,110,181830,卖盘
1973,11:28:44,16.53,--,36,59508,卖盘
1974,11:28:41,16.53,--,6,9918,卖盘
1975,11:28:38,16.53,--,2,3306,卖盘
1976,11:28:35,16.53,-0.02,48,79344,中性盘
1977,11:28:29,16.55,0.03,45,74475,买盘
1978,11:28:26,16.52,-0.03,75,123933,卖盘
1979,11:28:23,16.55,0.03,1012,1674860,买盘
1980,11:28:20,16.52,--,221,365092,卖盘
1981,11:28:17,16.52,-0.01,37,61124,卖盘
1982,11:28:14,16.53,0.01,7,11571,买盘
1983,11:28:11,16.52,--,46,75992,卖盘
1984,11:28:08,16.52,-0.01,69,113988,卖盘
1985,11:28:05,16.53,0.01,578,955434,买盘
1986,11:28:02,16.52,0.01,49,80948,买盘
1987,11:27:59,16.51,--,5,8255,卖盘
1988,11:27:56,16.51,-0.01,85,140335,卖盘
1989,11:27:53,16.52,--,131,216412,买盘
1990,11:27:50,16.52,--,39,64428,买盘
1991,11:27:47,16.52,0.01,40,66080,买盘
1992,11:27:44,16.51,--,781,1289431,卖盘
1993,11:27:41,16.51,--,398,657098,卖盘
1994,11:27:38,16.51,-0.01,74,122174,卖盘
1995,11:27:35,16.52,--,220,363440,买盘
1996,11:27:32,16.52,0.01,53,87556,买盘
1997,11:27:29,16.51,--,88,145288,卖盘
1998,11:27:20,16.51,--,56,92456,卖盘
1999,11:27:17,16.51,--,130,214877,买盘
2000,11:27:14,16.51,0.01,21,34671,买盘
2001,11:27:11,16.5,-0.01,540,891000,卖盘
2002,11:27:05,16.51,--,68,112268,买盘
2003,11:27:02,16.51,--,7,11557,买盘
2004,11:26:59,16.51,--,492,812292,买盘
2005,11:26:56,16.51,0.01,130,214630,买盘
2006,11:26:50,16.5,--,30,49500,卖盘
2007,11:26:47,16.5,--,138,227700,买盘
2008,11:26:44,16.5,--,326,537900,买盘
2009,11:26:41,16.5,0.01,39,64350,买盘
2010,11:26:38,16.49,-0.01,45,74205,中性盘
2011,11:26:35,16.5,--,436,719400,买盘
2012,11:26:32,16.5,--,116,191911,买盘
2013,11:26:29,16.5,--,141,232650,买盘
2014,11:26:23,16.5,0.01,73,120450,买盘
2015,11:26:20,16.49,--,27,44522,卖盘
2016,11:26:17,16.49,-0.01,133,219316,卖盘
2017,11:26:11,16.5,0.02,513,847588,买盘
2018,11:26:08,16.48,--,53,87344,买盘
2019,11:26:05,16.48,0.01,52,85696,买盘
2020,11:26:02,16.47,--,5,8235,卖盘
2021,11:25:59,16.47,--,18,29645,卖盘
2022,11:25:56,16.47,-0.01,103,169641,卖盘
2023,11:25:53,16.48,--,10,16480,买盘
2024,11:25:50,16.48,0.01,63,103824,买盘
2025,11:25:44,16.47,-0.01,1,1647,卖盘
2026,11:25:41,16.48,0.01,32,52736,买盘
2027,11:25:38,16.47,-0.01,30,49410,卖盘
2028,11:25:35,16.48,0.01,16,26368,买盘
2029,11:25:32,16.47,--,9,14822,卖盘
2030,11:25:26,16.47,-0.01,7,11529,卖盘
2031,11:25:23,16.48,--,30,49440,卖盘
2032,11:25:20,16.48,--,36,59328,卖盘
2033,11:25:17,16.48,0.01,99,163152,买盘
2034,11:25:14,16.47,--,58,95526,卖盘
2035,11:24:56,16.47,--,140,230579,卖盘
2036,11:24:50,16.47,--,14,23058,卖盘
2037,11:24:44,16.47,-0.01,200,329400,卖盘
2038,11:24:41,16.48,--,3,4944,卖盘
2039,11:24:38,16.48,--,207,341136,买盘
2040,11:24:35,16.48,0.01,5,8240,买盘
2041,11:24:32,16.47,--,3,4941,卖盘
2042,11:24:29,16.47,--,36,59324,卖盘
2043,11:24:23,16.47,--,3,4941,卖盘
2044,11:24:14,16.47,--,5,8235,卖盘
2045,11:24:11,16.47,-0.01,40,65880,卖盘
2046,11:24:08,16.48,--,27,44496,买盘
2047,11:24:02,16.48,--,15,24720,买盘
2048,11:23:59,16.48,0.01,9,14832,买盘
2049,11:23:53,16.47,--,72,118583,卖盘
2050,11:23:50,16.47,-0.01,22,36234,卖盘
2051,11:23:47,16.48,--,5,8240,买盘
2052,11:23:44,16.48,--,91,149968,买盘
2053,11:23:41,16.48,-0.01,34,56032,卖盘
2054,11:23:38,16.49,0.01,24,39575,买盘
2055,11:23:32,16.48,--,34,56032,卖盘
2056,11:23:26,16.48,--,39,64272,买盘
2057,11:23:23,16.48,0.01,17,28016,买盘
2058,11:23:20,16.47,--,46,75762,卖盘
2059,11:23:17,16.47,-0.01,255,419985,卖盘
2060,11:23:14,16.48,0.01,2,3296,买盘
2061,11:23:10,16.47,--,182,299754,卖盘
2062,11:23:04,16.47,--,30,49410,卖盘
2063,11:23:01,16.47,--,19,31292,卖盘
2064,11:22:58,16.47,-0.01,13,21411,卖盘
2065,11:22:55,16.48,-0.01,33,54384,买盘
2066,11:22:52,16.49,0.01,300,494699,买盘
2067,11:22:43,16.48,--,6,9888,卖盘
2068,11:22:40,16.48,--,86,141728,卖盘
2069,11:22:37,16.48,--,20,32960,卖盘
2070,11:22:34,16.48,--,45,74160,卖盘
2071,11:22:31,16.48,--,2,3296,卖盘
2072,11:22:25,16.48,0.01,146,240608,买盘
2073,11:22:22,16.47,-0.01,62,102114,卖盘
2074,11:22:16,16.48,0.01,53,87344,买盘
2075,11:22:13,16.47,-0.01,11,18117,卖盘
2076,11:22:10,16.48,--,99,163152,买盘
2077,11:22:07,16.48,--,30,49440,买盘
2078,11:22:04,16.48,0.01,257,423536,买盘
2079,11:22:01,16.47,--,27,44469,卖盘
2080,11:21:58,16.47,--,17,27998,卖盘
2081,11:21:55,16.47,-0.01,35,57644,卖盘
2082,11:21:49,16.48,--,20,32960,买盘
2083,11:21:46,16.48,0.01,8,13184,买盘
2084,11:21:43,16.47,--,29,47763,卖盘
2085,11:21:40,16.47,-0.01,90,148230,卖盘
2086,11:21:34,16.48,0.01,7,11536,买盘
2087,11:21:31,16.47,0.01,64,105440,买盘
2088,11:21:28,16.46,-0.01,5,8230,卖盘
2089,11:21:25,16.47,0.01,109,179523,买盘
2090,11:21:22,16.46,-0.01,13,21398,卖盘
2091,11:21:19,16.47,--,10,16470,买盘
2092,11:21:16,16.47,--,106,174582,买盘
2093,11:21:13,16.47,--,3,4941,买盘
2094,11:21:10,16.47,0.01,85,139995,买盘
2095,11:21:07,16.46,-0.01,138,227148,卖盘
2096,11:21:04,16.47,--,212,349164,买盘
2097,11:20:58,16.47,--,81,133407,买盘
2098,11:20:55,16.47,0.01,22,36234,买盘
2099,11:20:52,16.46,-0.01,14,23044,卖盘
2100,11:20:49,16.47,0.01,50,82350,买盘
2101,11:20:46,16.46,-0.01,2,3292,卖盘
2102,11:20:43,16.47,--,1,1647,买盘
2103,11:20:40,16.47,--,310,510569,买盘
2104,11:20:34,16.47,-0.01,141,233841,卖盘
2105,11:20:28,16.48,0.01,63,103824,买盘
2106,11:20:25,16.47,--,39,64265,卖盘
2107,11:20:22,16.47,--,61,100467,卖盘
2108,11:20:16,16.47,--,7,11529,卖盘
2109,11:20:13,16.47,--,37,60938,卖盘
2110,11:20:10,16.47,--,105,172935,卖盘
2111,11:20:07,16.47,-0.01,5,8235,卖盘
2112,11:20:04,16.48,0.01,49,80752,买盘
2113,11:19:58,16.47,-0.01,30,49410,卖盘
2114,11:19:55,16.48,0.01,5,8240,买盘
2115,11:19:52,16.47,--,131,215756,卖盘
2116,11:19:49,16.47,-0.01,4,6588,卖盘
2117,11:19:46,16.48,0.01,17,28016,买盘
2118,11:19:43,16.47,-0.01,36,59291,卖盘
2119,11:19:37,16.48,0.01,47,77456,买盘
2120,11:19:34,16.47,-0.01,4,6588,卖盘
2121,11:19:31,16.48,0.01,25,41200,买盘
2122,11:19:25,16.47,-0.01,42,69174,卖盘
2123,11:19:19,16.48,0.01,196,323008,买盘
2124,11:19:10,16.47,-0.01,10,16470,卖盘
2125,11:19:07,16.48,0.01,43,70864,买盘
2126,11:19:04,16.47,--,5,8235,卖盘
2127,11:19:01,16.47,--,43,70821,卖盘
2128,11:18:58,16.47,-0.01,27,44469,中性盘
2129,11:18:55,16.48,0.01,14,23072,买盘
2130,11:18:52,16.47,--,26,42822,买盘
2131,11:18:49,16.47,--,2,3294,买盘
2132,11:18:46,16.47,-0.01,13,21411,卖盘
2133,11:18:43,16.48,0.01,31,51088,买盘
2134,11:18:40,16.47,-0.01,16,26352,卖盘
2135,11:18:37,16.48,0.01,21,34608,买盘
2136,11:18:34,16.47,-0.01,12,19764,卖盘
2137,11:18:31,16.48,--,54,88992,买盘
2138,11:18:25,16.48,--,2,3296,买盘
2139,11:18:22,16.48,--,49,80752,买盘
2140,11:18:19,16.48,--,10,16480,买盘
2141,11:18:16,16.48,0.01,60,98880,买盘
2142,11:18:10,16.47,-0.02,88,144936,卖盘
2143,11:18:07,16.49,0.01,63,103886,买盘
2144,11:18:04,16.48,-0.01,60,98880,卖盘
2145,11:18:01,16.49,0.01,14,23085,买盘
2146,11:17:58,16.48,0.01,441,726768,买盘
2147,11:17:52,16.47,--,97,159759,卖盘
2148,11:17:49,16.47,-0.01,97,159759,卖盘
2149,11:17:46,16.48,--,79,130192,买盘
2150,11:17:43,16.48,--,3,4944,买盘
2151,11:17:40,16.48,--,4,6592,买盘
2152,11:17:37,16.48,0.01,10,16480,买盘
2153,11:17:34,16.47,-0.01,20,32940,卖盘
2154,11:17:31,16.48,0.01,10,16480,买盘
2155,11:17:25,16.47,--,23,37881,卖盘
2156,11:17:22,16.47,-0.01,5,8235,卖盘
2157,11:17:16,16.48,0.01,17,28016,买盘
2158,11:17:13,16.47,--,26,42854,买盘
2159,11:17:10,16.47,--,4,6588,买盘
2160,11:17:07,16.47,--,87,143289,买盘
2161,11:17:01,16.47,-0.02,466,769116,卖盘
2162,11:16:58,16.49,--,9,14840,卖盘
2163,11:16:55,16.49,-0.01,5,8245,卖盘
2164,11:16:52,16.5,0.01,18,29700,买盘
2165,11:16:49,16.49,0.01,3,4946,中性盘
2166,11:16:46,16.48,--,29,47824,买盘
2167,11:16:43,16.48,-0.01,56,93903,卖盘
2168,11:16:40,16.49,0.01,31,51118,中性盘
2169,11:16:37,16.48,--,75,123600,卖盘
2170,11:16:31,16.48,--,204,336192,卖盘
2171,11:16:28,16.48,-0.01,39,64304,卖盘
2172,11:16:25,16.49,0.03,2,3297,买盘
2173,11:16:22,16.46,-0.02,417,686382,卖盘
2174,11:16:16,16.48,0.01,25,41200,买盘
2175,11:16:13,16.47,--,10,16470,卖盘
2176,11:16:10,16.47,--,5,8235,卖盘
2177,11:16:07,16.47,--,193,317871,买盘
2178,11:16:01,16.47,--,26,42822,买盘
2179,11:15:58,16.47,--,10,16470,买盘
2180,11:15:52,16.47,--,32,52704,买盘
2181,11:15:49,16.47,-0.03,68,111995,卖盘
2182,11:15:46,16.5,0.03,9,14850,买盘
2183,11:15:43,16.47,-0.02,3,4941,卖盘
2184,11:15:40,16.49,-0.01,9,14840,买盘
2185,11:15:37,16.5,--,2,3300,买盘
2186,11:15:34,16.5,0.03,1025,1691250,买盘
2187,11:15:31,16.47,--,113,186111,买盘
2188,11:15:28,16.47,-0.01,308,507275,卖盘
2189,11:15:25,16.48,0.01,7,11536,买盘
2190,11:15:22,16.47,--,9,14822,卖盘
2191,11:15:19,16.47,--,53,87291,卖盘
2192,11:15:13,16.47,-0.01,31,51057,卖盘
2193,11:15:10,16.48,0.01,15,24720,买盘
2194,11:15:07,16.47,0.01,12,19764,卖盘
2195,11:15:04,16.46,--,62,102052,卖盘
2196,11:15:01,16.46,-0.01,126,207396,卖盘
2197,11:14:58,16.47,--,46,75762,买盘
2198,11:14:55,16.47,--,239,393633,买盘
2199,11:14:52,16.47,--,58,95526,买盘
2200,11:14:49,16.47,0.01,25,41175,买盘
2201,11:14:43,16.46,--,159,262899,买盘
2202,11:14:37,16.46,--,30,49380,买盘
2203,11:14:31,16.46,0.01,4,6584,买盘
2204,11:14:31,16.45,--,38,62510,卖盘
2205,11:14:25,16.45,-0.01,18,30432,卖盘
2206,11:14:22,16.46,0.01,112,184384,买盘
2207,11:14:19,16.45,0.01,66,108570,买盘
2208,11:14:16,16.44,-0.01,96,157824,卖盘
2209,11:14:13,16.45,--,40,65800,买盘
2210,11:14:10,16.45,0.01,18,29610,买盘
2211,11:14:07,16.44,-0.01,127,208788,卖盘
2212,11:14:04,16.45,0.01,86,141470,买盘
2213,11:14:01,16.44,-0.01,18,29592,卖盘
2214,11:13:58,16.45,--,20,32900,买盘
2215,11:13:55,16.45,--,7,11515,买盘
2216,11:13:52,16.45,--,103,171047,卖盘
2217,11:13:43,16.45,--,12,19740,卖盘
2218,11:13:40,16.45,0.01,63,103667,买盘
2219,11:13:34,16.44,-0.01,11,18084,卖盘
2220,11:13:31,16.45,--,7,11515,买盘
2221,11:13:28,16.45,0.01,31,50995,买盘
2222,11:13:22,16.44,--,54,88776,卖盘
2223,11:13:16,16.44,-0.01,24,39456,卖盘
2224,11:13:10,16.45,0.01,63,103635,买盘
2225,11:13:07,16.44,-0.01,24,39456,卖盘
2226,11:13:04,16.45,--,4,6580,买盘
2227,11:13:01,16.45,0.01,17,27965,买盘
2228,11:12:58,16.44,--,4,6576,卖盘
2229,11:12:55,16.44,-0.01,3,4932,卖盘
2230,11:12:52,16.45,0.01,1,1645,买盘
2231,11:12:46,16.44,0.01,27,44388,中性盘
2232,11:12:43,16.43,-0.02,5,8215,卖盘
2233,11:12:40,16.45,--,42,69090,买盘
2234,11:12:34,16.45,0.01,45,74025,买盘
2235,11:12:31,16.44,--,69,113436,卖盘
2236,11:12:25,16.44,-0.01,76,124944,卖盘
2237,11:12:22,16.45,0.01,39,64155,买盘
2238,11:12:19,16.44,-0.01,5,8220,卖盘
2239,11:12:16,16.45,-0.01,1,1645,买盘
2240,11:12:10,16.46,0.01,21,34566,买盘
2241,11:12:07,16.45,0.01,41,67445,买盘
2242,11:12:04,16.44,-0.02,28,46558,卖盘
2243,11:12:01,16.46,0.01,13,21398,买盘
2244,11:11:58,16.45,-0.01,42,69090,卖盘
2245,11:11:55,16.46,0.01,35,57610,买盘
2246,11:11:52,16.45,-0.01,90,148050,卖盘
2247,11:11:49,16.46,0.01,3,4938,买盘
2248,11:11:46,16.45,--,50,82250,卖盘
2249,11:11:43,16.45,--,12,19740,卖盘
2250,11:11:37,16.45,-0.01,14,24082,卖盘
2251,11:11:34,16.46,--,21,34566,卖盘
2252,11:11:31,16.46,--,31,51091,卖盘
2253,11:11:28,16.46,--,16,26336,卖盘
2254,11:11:25,16.46,0.01,13,21398,买盘
2255,11:11:22,16.45,-0.01,49,80605,卖盘
2256,11:11:16,16.46,--,95,156370,买盘
2257,11:11:10,16.46,--,101,166246,卖盘
2258,11:11:07,16.46,--,184,302864,卖盘
2259,11:11:04,16.46,--,38,62548,卖盘
2260,11:11:01,16.46,--,250,411500,卖盘
2261,11:10:55,16.46,-0.01,119,195874,卖盘
2262,11:10:52,16.47,--,57,93879,买盘
2263,11:10:49,16.47,-0.01,17,27998,中性盘
2264,11:10:43,16.48,0.01,389,641072,买盘
2265,11:10:40,16.47,--,84,138348,卖盘
2266,11:10:37,16.47,--,31,51057,卖盘
2267,11:10:31,16.47,--,104,171288,卖盘
2268,11:10:28,16.47,-0.01,20,32940,卖盘
2269,11:10:25,16.48,--,54,88992,买盘
2270,11:10:22,16.48,--,3,4944,买盘
2271,11:10:19,16.48,--,30,49440,买盘
2272,11:10:16,16.48,--,261,431710,卖盘
2273,11:10:13,16.48,-0.01,24,39552,卖盘
2274,11:10:07,16.49,--,68,112131,买盘
2275,11:10:04,16.49,0.01,6,9893,买盘
2276,11:10:01,16.48,-0.01,30,49440,卖盘
2277,11:09:58,16.49,--,508,837691,卖盘
2278,11:09:55,16.49,--,177,291873,卖盘
2279,11:09:52,16.49,--,252,415547,卖盘
2280,11:09:49,16.49,--,140,230859,卖盘
2281,11:09:46,16.49,-0.01,258,425441,卖盘
2282,11:09:43,16.5,--,75,123750,买盘
2283,11:09:40,16.5,--,95,156750,卖盘
2284,11:09:37,16.5,--,104,171600,卖盘
2285,11:09:34,16.5,--,27,44550,买盘
2286,11:09:31,16.5,--,479,790350,买盘
2287,11:09:28,16.5,--,112,186202,卖盘
2288,11:09:25,16.5,--,20,33000,卖盘
2289,11:09:22,16.5,0.01,115,189997,买盘
2290,11:09:19,16.49,-0.01,187,308362,卖盘
2291,11:09:13,16.5,0.01,241,397650,买盘
2292,11:09:07,16.49,-0.01,31,51118,卖盘
2293,11:09:04,16.5,0.01,429,707850,买盘
2294,11:08:58,16.49,--,43,70907,卖盘
2295,11:08:55,16.49,0.01,369,608481,买盘
2296,11:08:49,16.48,-0.01,39,64304,卖盘
2297,11:08:46,16.49,--,278,458421,买盘
2298,11:08:43,16.49,0.01,195,321554,买盘
2299,11:08:40,16.48,--,49,80752,卖盘
2300,11:08:37,16.48,-0.01,12,19776,卖盘
2301,11:08:34,16.49,--,36,59363,买盘
2302,11:08:31,16.49,--,38,62661,买盘
2303,11:08:28,16.49,0.01,132,217700,买盘
2304,11:08:25,16.48,--,2,3296,卖盘
2305,11:08:22,16.48,--,29,47792,卖盘
2306,11:08:19,16.48,--,333,548784,卖盘
2307,11:08:16,16.48,--,79,130192,买盘
2308,11:08:13,16.48,--,1596,2630208,买盘
2309,11:08:07,16.48,0.01,289,476272,买盘
2310,11:08:04,16.47,--,53,87291,卖盘
2311,11:08:01,16.47,--,89,146583,卖盘
2312,11:07:58,16.47,--,116,191052,买盘
2313,11:07:52,16.47,-0.01,5,8235,中性盘
2314,11:07:49,16.48,0.02,47,77456,买盘
2315,11:07:46,16.46,-0.01,224,368704,卖盘
2316,11:07:40,16.47,-0.01,59,98572,卖盘
2317,11:07:37,16.48,--,340,560320,买盘
2318,11:07:31,16.48,--,111,183175,买盘
2319,11:07:28,16.48,0.01,173,285104,买盘
2320,11:07:22,16.47,-0.01,44,72468,卖盘
2321,11:07:19,16.48,--,81,133488,买盘
2322,11:07:16,16.48,0.01,78,128544,买盘
2323,11:07:13,16.47,--,124,204228,卖盘
2324,11:07:10,16.47,--,257,423278,卖盘
2325,11:07:04,16.47,--,112,184464,买盘
2326,11:07:01,16.47,0.01,24,39528,买盘
2327,11:06:58,16.46,0.01,39,64194,卖盘
2328,11:06:55,16.45,-0.01,605,995225,卖盘
2329,11:06:52,16.46,--,68,111928,卖盘
2330,11:06:49,16.46,--,473,780006,买盘
2331,11:06:43,16.46,0.01,62,102052,买盘
2332,11:06:40,16.45,--,14,23030,卖盘
2333,11:06:37,16.45,--,38,62510,卖盘
2334,11:06:34,16.45,0.01,58,96742,买盘
2335,11:06:31,16.44,--,3,4932,卖盘
2336,11:06:28,16.44,--,3,4932,中性盘
2337,11:06:25,16.44,0.01,520,854880,买盘
2338,11:06:22,16.43,-0.01,3,4929,卖盘
2339,11:06:19,16.44,0.01,65,106860,买盘
2340,11:06:16,16.43,--,8,13144,卖盘
2341,11:06:10,16.43,0.01,194,318742,买盘
2342,11:06:07,16.42,-0.01,31,50902,卖盘
2343,11:06:01,16.43,0.02,87,142941,买盘
2344,11:05:49,16.41,-0.01,8,13128,卖盘
2345,11:05:46,16.42,--,3,4926,卖盘
2346,11:05:43,16.42,0.01,94,154348,买盘
2347,11:05:40,16.41,--,22,36102,卖盘
2348,11:05:37,16.41,-0.01,66,108306,卖盘
2349,11:05:31,16.42,0.01,206,338252,买盘
2350,11:05:28,16.41,0.01,502,824126,买盘
2351,11:05:25,16.4,-0.01,62,102221,卖盘
2352,11:05:22,16.41,-0.01,19,31179,卖盘
2353,11:05:16,16.42,0.01,31,50902,买盘
2354,11:05:13,16.41,0.01,188,309607,买盘
2355,11:05:04,16.4,--,67,109879,卖盘
2356,11:05:01,16.4,--,23,37720,卖盘
2357,11:04:58,16.4,--,42,68880,买盘
2358,11:04:55,16.4,--,28,45919,买盘
2359,11:04:52,16.4,--,41,67240,买盘
2360,11:04:49,16.4,--,44,72160,买盘
2361,11:04:46,16.4,--,20,32800,卖盘
2362,11:04:43,16.4,-0.01,3,4920,中性盘
2363,11:04:40,16.41,--,155,254355,买盘
2364,11:04:34,16.41,0.01,28,45948,卖盘
2365,11:04:31,16.4,-0.01,57,93512,卖盘
2366,11:04:28,16.41,--,42,68922,买盘
2367,11:04:22,16.41,0.01,13,21333,买盘
2368,11:04:19,16.4,--,21,34440,卖盘
2369,11:04:16,16.4,--,103,168919,卖盘
2370,11:04:13,16.4,-0.01,30,49199,卖盘
2371,11:04:10,16.41,0.01,23,37743,买盘
2372,11:04:07,16.4,-0.01,66,108239,卖盘
2373,11:04:04,16.41,--,10,16410,卖盘
2374,11:04:01,16.41,-0.01,2,3282,卖盘
2375,11:03:57,16.42,--,6,9852,买盘
2376,11:03:54,16.42,--,179,293918,卖盘
2377,11:03:51,16.42,--,71,116582,卖盘
2378,11:03:48,16.42,-0.01,69,113298,卖盘
2379,11:03:45,16.43,0.01,48,78864,买盘
2380,11:03:42,16.42,--,21,34482,卖盘
2381,11:03:39,16.42,-0.02,113,185546,卖盘
2382,11:03:36,16.44,0.01,138,226872,买盘
2383,11:03:33,16.43,-0.01,109,179087,卖盘
2384,11:03:30,16.44,0.01,27,44388,买盘
2385,11:03:27,16.43,-0.01,61,100223,卖盘
2386,11:03:24,16.44,--,101,166044,卖盘
2387,11:03:21,16.44,-0.01,161,264684,卖盘
2388,11:03:18,16.45,--,10,16450,买盘
2389,11:03:12,16.45,--,208,342160,买盘
2390,11:03:06,16.45,--,52,85540,买盘
2391,11:03:03,16.45,--,287,472115,卖盘
2392,11:03:00,16.45,--,33,54285,卖盘
2393,11:02:57,16.45,--,85,139825,卖盘
2394,11:02:54,16.45,--,35,57575,卖盘
2395,11:02:51,16.45,--,249,409605,卖盘
2396,11:02:48,16.45,--,10,16450,卖盘
2397,11:02:45,16.45,--,39,64155,买盘
2398,11:02:42,16.45,--,22,36190,买盘
2399,11:02:39,16.45,--,34,55930,买盘
2400,11:02:36,16.45,--,90,148050,买盘
2401,11:02:33,16.45,--,346,569170,买盘
2402,11:02:30,16.45,--,122,200690,卖盘
2403,11:02:24,16.45,--,188,309260,卖盘
2404,11:02:21,16.45,--,108,177660,卖盘
2405,11:02:18,16.45,--,180,296100,卖盘
2406,11:02:12,16.45,0.01,11,18095,卖盘
2407,11:02:09,16.44,--,40,65760,卖盘
2408,11:02:03,16.44,0.01,292,480048,买盘
2409,11:01:57,16.43,-0.01,111,182373,卖盘
2410,11:01:54,16.44,--,96,157824,买盘
2411,11:01:51,16.44,0.02,84,138096,买盘
2412,11:01:48,16.42,-0.02,324,532008,卖盘
2413,11:01:42,16.44,0.02,4,6576,买盘
2414,11:01:39,16.42,--,57,93594,卖盘
2415,11:01:36,16.42,--,308,505736,卖盘
2416,11:01:33,16.42,--,71,116582,买盘
2417,11:01:30,16.42,--,70,114940,买盘
2418,11:01:27,16.42,0.01,10,16420,买盘
2419,11:01:24,16.41,--,10,16410,卖盘
2420,11:01:21,16.41,--,10,16410,卖盘
2421,11:01:18,16.41,0.01,143,234859,买盘
2422,11:01:15,16.4,--,214,350959,买盘
2423,11:01:09,16.4,0.06,91,149240,买盘
2424,11:01:06,16.34,--,7,11438,卖盘
2425,11:01:03,16.34,-0.06,2,3268,卖盘
2426,11:01:00,16.4,0.06,5000,8199999,买盘
2427,11:00:48,16.34,0.01,63,102974,买盘
2428,11:00:45,16.33,-0.01,46,75117,卖盘
2429,11:00:39,16.34,--,21,34314,买盘
2430,11:00:36,16.34,--,142,232028,买盘
2431,11:00:33,16.34,--,5,8170,买盘
2432,11:00:30,16.34,0.01,22,35948,买盘
2433,11:00:27,16.33,--,40,65319,卖盘
2434,11:00:24,16.33,-0.01,20,32659,卖盘
2435,11:00:18,16.34,0.01,79,129086,买盘
2436,11:00:15,16.33,--,30,48989,买盘
2437,11:00:09,16.33,--,123,200858,买盘
2438,11:00:03,16.33,--,30,48989,买盘
2439,10:59:57,16.33,0.01,45,73484,买盘
2440,10:59:54,16.32,--,22,35904,卖盘
2441,10:59:51,16.32,-0.01,10,16320,卖盘
2442,10:59:45,16.33,0.01,22,35925,买盘
2443,10:59:39,16.32,-0.01,30,48960,卖盘
2444,10:59:36,16.33,--,40,65319,买盘
2445,10:59:33,16.33,0.01,33,53888,买盘
2446,10:59:30,16.32,-0.01,10,16320,卖盘
2447,10:59:27,16.33,--,10,16329,买盘
2448,10:59:21,16.33,--,5,8164,买盘
2449,10:59:18,16.33,0.01,27,44090,买盘
2450,10:59:09,16.32,-0.01,5,8160,卖盘
2451,10:59:03,16.33,0.01,90,146969,买盘
2452,10:59:00,16.32,--,6,9792,卖盘
2453,10:58:57,16.32,--,4,6528,卖盘
2454,10:58:54,16.32,-0.01,11,17952,卖盘
2455,10:58:45,16.33,--,6,9797,买盘
2456,10:58:36,16.33,--,81,132273,卖盘
2457,10:58:30,16.33,-0.01,31,50622,卖盘
2458,10:58:27,16.34,0.01,14,22876,买盘
2459,10:58:24,16.33,--,1,1632,卖盘
2460,10:58:21,16.33,--,2,3265,卖盘
2461,10:58:18,16.33,-0.01,26,42457,卖盘
2462,10:58:15,16.34,--,183,299022,买盘
2463,10:58:09,16.34,--,80,130720,买盘
2464,10:58:06,16.34,--,48,78432,卖盘
2465,10:58:03,16.34,--,30,49020,卖盘
2466,10:58:00,16.34,-0.01,30,49020,卖盘
2467,10:57:57,16.35,0.01,43,70305,买盘
2468,10:57:54,16.34,--,18,29412,卖盘
2469,10:57:51,16.34,--,54,88236,卖盘
2470,10:57:48,16.34,-0.01,17,27778,卖盘
2471,10:57:45,16.35,--,11,17985,买盘
2472,10:57:42,16.35,0.01,1,1635,买盘
2473,10:57:39,16.34,-0.01,12,19608,卖盘
2474,10:57:33,16.35,0.01,20,32700,买盘
2475,10:57:24,16.34,--,107,175279,买盘
2476,10:57:21,16.34,--,10,16340,买盘
2477,10:57:18,16.34,--,2,3268,买盘
2478,10:57:15,16.34,--,2,3268,买盘
2479,10:57:09,16.34,0.01,47,76798,买盘
2480,10:57:09,16.33,-0.01,339,553587,卖盘
2481,10:57:03,16.34,0.01,19,31046,买盘
2482,10:56:57,16.33,--,1,1632,卖盘
2483,10:56:54,16.33,--,36,58787,卖盘
2484,10:56:51,16.33,--,10,16329,买盘
2485,10:56:48,16.33,--,16,26127,买盘
2486,10:56:45,16.33,--,1,1632,买盘
2487,10:56:42,16.33,--,10,16329,买盘
2488,10:56:39,16.33,-0.01,5,8164,中性盘
2489,10:56:36,16.34,0.02,5,8170,买盘
2490,10:56:33,16.32,--,6,9792,卖盘
2491,10:56:30,16.32,-0.01,38,62048,卖盘
2492,10:56:27,16.33,0.01,32,52255,买盘
2493,10:56:24,16.32,--,57,93024,卖盘
2494,10:56:06,16.32,--,89,145248,买盘
2495,10:56:03,16.32,0.01,12,19584,买盘
2496,10:56:00,16.31,-0.01,11,17941,卖盘
2497,10:55:57,16.32,0.01,16,26112,买盘
2498,10:55:54,16.31,-0.01,1,1630,卖盘
2499,10:55:51,16.32,--,129,210528,买盘
2500,10:55:48,16.32,--,2,3264,买盘
2501,10:55:45,16.32,--,67,109344,买盘
2502,10:55:42,16.32,--,182,297024,买盘
2503,10:55:39,16.32,--,12,19584,买盘
2504,10:55:36,16.32,--,5,8160,买盘
2505,10:55:30,16.32,--,7,11424,买盘
2506,10:55:27,16.32,--,12,19584,买盘
2507,10:55:24,16.32,--,10,16320,买盘
2508,10:55:21,16.32,--,124,202368,买盘
2509,10:55:18,16.32,--,43,70176,买盘
2510,10:55:15,16.32,--,60,97920,买盘
2511,10:55:09,16.32,--,15,24480,买盘
2512,10:55:06,16.32,--,4,6528,卖盘
2513,10:55:03,16.32,-0.01,1,1632,卖盘
2514,10:55:00,16.33,0.01,42,68586,买盘
2515,10:54:57,16.32,0.01,1,1632,中性盘
2516,10:54:54,16.31,-0.02,1,1630,卖盘
2517,10:54:51,16.33,--,114,186161,买盘
2518,10:54:42,16.33,--,27,44090,买盘
2519,10:54:39,16.33,0.02,50,81649,买盘
2520,10:54:36,16.31,-0.02,2,3261,卖盘
2521,10:54:33,16.33,0.02,35,57154,买盘
2522,10:54:30,16.31,--,30,48929,卖盘
2523,10:54:27,16.31,--,10,16309,卖盘
2524,10:54:24,16.31,0.01,1,1630,中性盘
2525,10:54:15,16.3,--,227,370042,卖盘
2526,10:54:12,16.3,--,101,164630,卖盘
2527,10:54:09,16.3,--,2,3260,卖盘
2528,10:54:06,16.3,0.01,28,45640,中性盘
2529,10:54:00,16.29,-0.01,4,6516,卖盘
2530,10:53:57,16.3,0.01,18,30790,买盘
2531,10:53:54,16.29,--,1,1629,卖盘
2532,10:53:42,16.29,--,35,57015,卖盘
2533,10:53:39,16.29,-0.01,13,21177,买盘
2534,10:53:36,16.3,0.02,242,394460,买盘
2535,10:53:33,16.28,-0.01,99,161855,卖盘
2536,10:53:30,16.29,--,200,325800,买盘
2537,10:53:24,16.29,--,9,14661,买盘
2538,10:53:21,16.29,--,36,58644,买盘
2539,10:53:18,16.29,--,79,128691,买盘
2540,10:53:15,16.29,0.01,21,34209,买盘
2541,10:53:12,16.28,--,9,14652,卖盘
2542,10:53:09,16.28,-0.01,107,174196,卖盘
2543,10:53:06,16.29,0.01,26,42354,买盘
2544,10:53:03,16.28,-0.01,54,87912,卖盘
2545,10:53:00,16.29,--,6,9774,买盘
2546,10:52:57,16.29,--,8,13032,买盘
2547,10:52:51,16.29,--,5,8145,买盘
2548,10:52:48,16.29,0.01,8,13032,买盘
2549,10:52:45,16.28,--,67,109076,卖盘
2550,10:52:42,16.28,-0.01,189,307692,卖盘
2551,10:52:33,16.29,--,10,16290,买盘
2552,10:52:27,16.29,0.01,57,92885,买盘
2553,10:52:24,16.28,--,61,99308,卖盘
2554,10:52:18,16.28,--,39,63492,卖盘
2555,10:52:15,16.28,--,4,6512,卖盘
2556,10:52:09,16.28,--,14,22792,卖盘
2557,10:52:03,16.28,--,23,37444,卖盘
2558,10:52:00,16.28,--,19,30932,卖盘
2559,10:51:57,16.28,--,36,58608,卖盘
2560,10:51:48,16.28,--,3,4884,卖盘
2561,10:51:39,16.28,--,17,27724,买盘
2562,10:51:33,16.28,--,117,192055,卖盘
2563,10:51:27,16.28,--,40,65120,卖盘
2564,10:51:24,16.28,--,4,6512,卖盘
2565,10:51:21,16.28,-0.01,1,1644,卖盘
2566,10:51:12,16.29,--,4,6516,买盘
2567,10:51:09,16.29,0.01,105,171045,买盘
2568,10:51:03,16.28,--,30,48840,卖盘
2569,10:51:00,16.28,--,1,1628,卖盘
2570,10:50:57,16.28,-0.01,382,621896,卖盘
2571,10:50:54,16.29,--,12,19548,买盘
2572,10:50:51,16.29,--,21,34209,买盘
2573,10:50:48,16.29,--,45,73305,买盘
2574,10:50:45,16.29,--,70,114030,买盘
2575,10:50:42,16.29,--,4,6516,买盘
2576,10:50:39,16.29,0.01,1,1629,买盘
2577,10:50:33,16.28,-0.01,17,27676,卖盘
2578,10:50:30,16.29,0.01,10,16290,买盘
2579,10:50:27,16.28,--,108,175824,卖盘
2580,10:50:24,16.28,-0.01,1,1628,卖盘
2581,10:50:09,16.29,--,10,16290,买盘
2582,10:50:06,16.29,--,8,13032,买盘
2583,10:50:03,16.29,--,20,32580,买盘
2584,10:50:00,16.29,--,26,42354,买盘
2585,10:49:57,16.29,0.01,14,22806,买盘
2586,10:49:54,16.28,-0.01,1,1628,卖盘
2587,10:49:51,16.29,--,27,45579,卖盘
2588,10:49:42,16.29,0.01,11,17951,买盘
2589,10:49:39,16.28,-0.01,29,47212,卖盘
2590,10:49:30,16.29,0.01,5,8145,买盘
2591,10:49:24,16.28,--,1,1628,卖盘
2592,10:49:18,16.28,--,88,143264,卖盘
2593,10:49:15,16.28,--,20,32560,卖盘
2594,10:49:12,16.28,-0.01,51,83028,卖盘
2595,10:49:03,16.29,0.01,18,29322,买盘
2596,10:49:00,16.28,--,30,48840,卖盘
2597,10:48:54,16.28,-0.01,106,172568,卖盘
2598,10:48:51,16.29,--,10,16290,买盘
2599,10:48:42,16.29,--,70,114030,买盘
2600,10:48:39,16.29,--,25,40725,买盘
2601,10:48:36,16.29,--,10,16290,买盘
2602,10:48:33,16.29,--,27,43983,买盘
2603,10:48:27,16.29,--,12,19548,买盘
2604,10:48:24,16.29,-0.01,266,433314,卖盘
2605,10:48:21,16.3,--,15,24450,买盘
2606,10:48:18,16.3,--,29,47270,卖盘
2607,10:48:12,16.3,-0.01,7,11410,卖盘
2608,10:48:09,16.31,0.01,1,1630,买盘
2609,10:48:06,16.3,--,76,123880,买盘
2610,10:48:00,16.3,0.01,7,11410,买盘
2611,10:47:57,16.29,--,1,1629,卖盘
2612,10:47:54,16.29,-0.01,1,1629,卖盘
2613,10:47:51,16.3,0.01,11,17930,买盘
2614,10:47:48,16.29,-0.01,10,16290,卖盘
2615,10:47:45,16.3,--,4,6520,买盘
2616,10:47:42,16.3,--,21,34230,买盘
2617,10:47:39,16.3,0.01,1,1630,买盘
2618,10:47:36,16.29,-0.01,3,4887,卖盘
2619,10:47:33,16.3,--,4,6520,卖盘
2620,10:47:30,16.3,--,14,22820,买盘
2621,10:47:27,16.3,0.01,7,11410,买盘
2622,10:47:24,16.29,-0.01,1,1629,卖盘
2623,10:47:18,16.3,--,84,136920,卖盘
2624,10:47:06,16.3,--,1,1630,卖盘
2625,10:47:03,16.3,--,1,1630,卖盘
2626,10:46:57,16.3,0.01,7,11410,买盘
2627,10:46:54,16.29,-0.01,70,114030,卖盘
2628,10:46:51,16.3,0.01,1,1630,买盘
2629,10:46:48,16.29,--,17,27693,卖盘
2630,10:46:45,16.29,-0.01,10,16290,卖盘
2631,10:46:36,16.3,--,33,53790,买盘
2632,10:46:33,16.3,--,1,1630,买盘
2633,10:46:30,16.3,--,20,32600,中性盘
2634,10:46:24,16.3,-0.01,8,13040,中性盘
2635,10:46:18,16.31,0.01,17,27726,买盘
2636,10:46:15,16.3,0.01,4,6520,中性盘
2637,10:46:09,16.29,-0.01,112,182448,卖盘
2638,10:46:06,16.3,--,129,210270,卖盘
2639,10:46:03,16.3,-0.01,10,16300,卖盘
2640,10:45:57,16.31,0.01,50,81550,买盘
2641,10:45:54,16.3,--,6,9780,卖盘
2642,10:45:48,16.3,-0.01,13,21190,卖盘
2643,10:45:39,16.31,0.01,5,8154,买盘
2644,10:45:36,16.3,-0.01,104,169520,卖盘
2645,10:45:33,16.31,0.01,2,3261,买盘
2646,10:45:24,16.3,-0.01,1,1630,卖盘
2647,10:45:15,16.31,0.01,27,44037,买盘
2648,10:45:12,16.3,-0.01,1,1630,卖盘
2649,10:45:09,16.31,0.01,29,47298,买盘
2650,10:45:00,16.3,-0.01,2,3260,卖盘
2651,10:44:57,16.31,0.01,1,1630,买盘
2652,10:44:54,16.3,-0.01,74,120620,卖盘
2653,10:44:45,16.31,--,4,6523,买盘
2654,10:44:42,16.31,0.01,4,6523,买盘
2655,10:44:39,16.3,-0.01,10,16300,卖盘
2656,10:44:33,16.31,0.01,6,9786,买盘
2657,10:44:30,16.3,--,12,19560,卖盘
2658,10:44:27,16.3,-0.01,27,44010,卖盘
2659,10:44:24,16.31,--,26,42406,卖盘
2660,10:44:18,16.31,--,2,3261,卖盘
2661,10:44:15,16.31,--,12,19572,卖盘
2662,10:44:06,16.31,-0.01,4,6523,卖盘
2663,10:44:00,16.32,0.01,2,3264,买盘
2664,10:43:57,16.31,--,51,83181,卖盘
2665,10:43:48,16.31,-0.01,13,21203,卖盘
2666,10:43:39,16.32,0.01,4,6528,买盘
2667,10:43:36,16.31,--,3,4893,卖盘
2668,10:43:29,16.31,--,3,4893,卖盘
2669,10:43:26,16.31,--,56,91336,买盘
2670,10:43:23,16.31,0.01,2,3261,买盘
2671,10:43:20,16.3,-0.01,21,34230,卖盘
2672,10:43:17,16.31,--,30,48929,买盘
2673,10:43:11,16.31,0.01,5,8154,买盘
2674,10:43:08,16.3,--,18,29340,卖盘
2675,10:43:02,16.3,--,2,3260,卖盘
2676,10:42:59,16.3,0.01,66,107580,买盘
2677,10:42:56,16.29,--,2,3258,卖盘
2678,10:42:53,16.29,--,2,3258,卖盘
2679,10:42:50,16.29,-0.01,1,1629,卖盘
2680,10:42:47,16.3,0.01,31,50530,买盘
2681,10:42:44,16.29,--,200,325800,卖盘
2682,10:42:41,16.29,--,17,27693,卖盘
2683,10:42:38,16.29,--,110,179190,卖盘
2684,10:42:29,16.29,--,13,21177,卖盘
2685,10:42:23,16.29,--,1,1629,卖盘
2686,10:42:17,16.29,--,7,11403,卖盘
2687,10:42:11,16.29,--,62,100998,买盘
2688,10:42:08,16.29,--,23,37467,买盘
2689,10:42:02,16.29,0.01,12,19548,买盘
2690,10:41:59,16.28,--,20,32560,卖盘
2691,10:41:56,16.28,--,3,4884,卖盘
2692,10:41:53,16.28,--,1,1628,卖盘
2693,10:41:47,16.28,--,47,76548,买盘
2694,10:41:44,16.28,--,41,66748,买盘
2695,10:41:41,16.28,--,28,45584,买盘
2696,10:41:35,16.28,--,10,16280,买盘
2697,10:41:32,16.28,--,3,4884,买盘
2698,10:41:29,16.28,--,3,4884,买盘
2699,10:41:26,16.28,-0.01,42,69971,卖盘
2700,10:41:20,16.29,--,2,3258,买盘
2701,10:41:17,16.29,--,38,61902,买盘
2702,10:41:14,16.29,0.01,31,50499,买盘
2703,10:41:11,16.28,--,12,19536,卖盘
2704,10:41:08,16.28,-0.01,31,50468,卖盘
2705,10:41:05,16.29,--,6,9774,买盘
2706,10:41:02,16.29,0.01,1,1629,买盘
2707,10:40:59,16.28,-0.01,3,4884,卖盘
2708,10:40:56,16.29,--,5,8145,买盘
2709,10:40:53,16.29,--,17,27693,买盘
2710,10:40:50,16.29,0.01,16,26096,买盘
2711,10:40:44,16.28,--,74,122067,卖盘
2712,10:40:41,16.28,--,5,8140,卖盘
2713,10:40:35,16.28,--,25,40700,卖盘
2714,10:40:32,16.28,--,20,32560,卖盘
2715,10:40:29,16.28,--,84,136784,卖盘
2716,10:40:26,16.28,-0.01,2,3256,卖盘
2717,10:40:23,16.29,--,2,3258,买盘
2718,10:40:11,16.29,0.01,22,35838,买盘
2719,10:40:02,16.28,-0.01,13,21164,卖盘
2720,10:39:59,16.29,--,51,83079,买盘
2721,10:39:56,16.29,0.01,6,9774,买盘
2722,10:39:53,16.28,--,12,19536,卖盘
2723,10:39:50,16.28,-0.01,2,3256,卖盘
2724,10:39:47,16.29,--,8,13032,买盘
2725,10:39:44,16.29,0.01,10,16290,买盘
2726,10:39:41,16.28,-0.01,5,8140,卖盘
2727,10:39:38,16.29,--,2,3258,买盘
2728,10:39:35,16.29,--,5,8145,买盘
2729,10:39:32,16.29,--,8,13032,买盘
2730,10:39:29,16.29,--,11,17919,卖盘
2731,10:39:23,16.29,--,1,1629,卖盘
2732,10:39:17,16.29,--,57,92853,买盘
2733,10:39:11,16.29,--,14,22806,买盘
2734,10:39:08,16.29,--,2,3258,买盘
2735,10:39:02,16.29,--,35,57015,买盘
2736,10:38:53,16.29,0.01,10,16290,买盘
2737,10:38:50,16.28,--,4,6512,卖盘
2738,10:38:47,16.28,--,6,9768,卖盘
2739,10:38:41,16.28,0.01,6,9768,卖盘
2740,10:38:38,16.27,--,123,200121,卖盘
2741,10:38:35,16.27,--,106,172462,卖盘
2742,10:38:32,16.27,-0.01,100,162700,卖盘
2743,10:38:23,16.28,--,22,35816,买盘
2744,10:38:20,16.28,0.02,20,32560,买盘
2745,10:38:17,16.26,-0.02,215,349590,卖盘
2746,10:38:11,16.28,--,10,16280,买盘
2747,10:38:08,16.28,0.01,54,87912,买盘
2748,10:38:05,16.27,-0.01,27,43929,卖盘
2749,10:38:02,16.28,0.01,12,19536,买盘
2750,10:37:53,16.27,-0.01,8,13016,卖盘
2751,10:37:50,16.28,--,219,356532,卖盘
2752,10:37:47,16.28,-0.01,49,79772,卖盘
2753,10:37:44,16.29,0.01,21,34209,买盘
2754,10:37:41,16.28,-0.01,100,162800,卖盘
2755,10:37:38,16.29,--,18,29322,卖盘
2756,10:37:35,16.29,-0.01,17,27693,卖盘
2757,10:37:32,16.3,--,10,16300,买盘
2758,10:37:29,16.3,--,10,16300,卖盘
2759,10:37:26,16.3,--,36,58680,卖盘
2760,10:37:23,16.3,--,8,13040,卖盘
2761,10:37:20,16.3,-0.02,10,16300,中性盘
2762,10:37:14,16.32,0.02,38,62016,买盘
2763,10:37:11,16.3,--,21,34230,买盘
2764,10:37:08,16.3,--,4,6520,买盘
2765,10:37:05,16.3,0.04,7,11410,买盘
2766,10:37:02,16.26,-0.05,3463,5630838,卖盘
2767,10:36:59,16.31,0.01,4,6523,中性盘
2768,10:36:56,16.3,-0.02,15,24450,卖盘
