,time,price,change,volume,amount,type
0,15:00:24,10.7,--,7092,7588439,卖盘
1,14:57:42,10.7,--,0,0,买盘
2,14:57:03,10.7,-0.01,69,73830,卖盘
3,14:57:00,10.71,0.01,120,128520,买盘
4,14:56:57,10.7,0.01,5,5350,卖盘
5,14:56:54,10.69,-0.01,851,909719,卖盘
6,14:56:45,10.7,--,309,330630,买盘
7,14:56:42,10.7,--,235,251449,买盘
8,14:56:39,10.7,--,366,391620,买盘
9,14:56:36,10.7,--,135,144450,买盘
10,14:56:33,10.7,0.01,796,851720,买盘
11,14:56:30,10.69,-0.01,71,75899,卖盘
12,14:56:27,10.7,--,62,66340,买盘
13,14:56:24,10.7,0.01,540,577800,买盘
14,14:56:21,10.69,-0.01,1225,1309525,卖盘
15,14:56:18,10.7,0.01,110,117699,买盘
16,14:56:12,10.69,-0.01,232,248008,卖盘
17,14:56:09,10.7,--,81,86670,买盘
18,14:56:06,10.7,--,42,44940,买盘
19,14:56:03,10.7,--,46,49220,买盘
20,14:56:00,10.7,--,535,572450,买盘
21,14:55:57,10.7,0.01,524,560680,买盘
22,14:55:54,10.69,--,41,43829,卖盘
23,14:55:51,10.69,-0.01,873,933237,卖盘
24,14:55:48,10.7,--,253,270710,买盘
25,14:55:45,10.7,--,96,102720,买盘
26,14:55:42,10.7,0.01,251,268570,买盘
27,14:55:36,10.69,-0.01,195,208455,卖盘
28,14:55:30,10.7,0.01,167,178690,买盘
29,14:55:27,10.69,--,404,431876,卖盘
30,14:55:24,10.69,-0.01,44,47036,卖盘
31,14:55:21,10.7,0.01,895,957649,买盘
32,14:55:18,10.69,--,39,41691,卖盘
33,14:55:15,10.69,-0.01,75,80175,卖盘
34,14:55:12,10.7,0.01,253,270710,买盘
35,14:55:09,10.69,-0.01,41,43829,卖盘
36,14:55:06,10.7,--,32,34240,买盘
37,14:55:03,10.7,0.01,100,107000,买盘
38,14:55:00,10.69,-0.01,230,245870,卖盘
39,14:54:57,10.7,0.01,4,4280,买盘
40,14:54:54,10.69,-0.01,23,24587,卖盘
41,14:54:51,10.7,--,217,232189,买盘
42,14:54:48,10.7,--,220,235399,买盘
43,14:54:45,10.7,--,149,159430,买盘
44,14:54:42,10.7,0.01,99,105930,买盘
45,14:54:39,10.69,-0.01,585,625365,卖盘
46,14:54:36,10.7,--,32,34240,买盘
47,14:54:33,10.7,--,377,403390,买盘
48,14:54:27,10.7,--,138,147660,买盘
49,14:54:24,10.7,--,26,27819,买盘
50,14:54:21,10.7,--,38,40660,买盘
51,14:54:18,10.7,--,408,436560,卖盘
52,14:54:12,10.7,-0.01,274,293180,卖盘
53,14:54:09,10.71,0.02,107,114597,买盘
54,14:54:06,10.69,-0.01,1109,1185521,卖盘
55,14:54:03,10.7,--,212,226839,买盘
56,14:54:00,10.7,--,436,466519,买盘
57,14:53:57,10.7,--,431,461169,买盘
58,14:53:54,10.7,-0.01,2466,2639048,卖盘
59,14:53:51,10.71,--,103,110313,买盘
60,14:53:48,10.71,--,2712,2904552,买盘
61,14:53:45,10.71,--,393,420903,买盘
62,14:53:42,10.71,--,328,351288,买盘
63,14:53:39,10.71,--,7,7497,买盘
64,14:53:36,10.71,--,48,51408,买盘
65,14:53:33,10.71,0.01,777,832167,买盘
66,14:53:30,10.7,-0.01,129,138030,卖盘
67,14:53:24,10.71,--,30,32130,买盘
68,14:53:18,10.71,--,1028,1100988,买盘
69,14:53:09,10.71,--,10,10710,买盘
70,14:53:06,10.71,-0.01,2206,2362626,卖盘
71,14:53:00,10.72,--,10,10720,中性盘
72,14:52:57,10.72,0.01,10,10720,买盘
73,14:52:48,10.71,--,18,19278,卖盘
74,14:52:45,10.71,-0.01,1428,1529388,卖盘
75,14:52:42,10.72,--,10,10720,卖盘
76,14:52:39,10.72,0.01,63,67536,买盘
77,14:52:36,10.71,-0.01,63,67473,卖盘
78,14:52:33,10.72,--,3,3216,买盘
79,14:52:30,10.72,0.01,49,52528,买盘
80,14:52:27,10.71,-0.01,96,102816,卖盘
81,14:52:24,10.72,--,177,189744,卖盘
82,14:52:21,10.72,--,2,2144,卖盘
83,14:52:18,10.72,--,63,67536,卖盘
84,14:52:15,10.72,--,1447,1551184,买盘
85,14:52:09,10.72,--,10,10720,买盘
86,14:52:06,10.72,0.01,26,27872,中性盘
87,14:52:03,10.71,--,1,1071,卖盘
88,14:52:00,10.71,-0.01,50,53550,卖盘
89,14:51:57,10.72,--,161,172592,买盘
90,14:51:51,10.72,0.01,77,82544,买盘
91,14:51:48,10.71,-0.01,15,16065,卖盘
92,14:51:45,10.72,--,5,5360,买盘
93,14:51:42,10.72,-0.01,150,160800,卖盘
94,14:51:39,10.73,0.01,48,51504,买盘
95,14:51:36,10.72,--,134,143648,买盘
96,14:51:30,10.72,--,1,1072,买盘
97,14:51:24,10.72,0.01,3,3216,买盘
98,14:51:21,10.71,-0.01,133,142443,卖盘
99,14:51:15,10.72,--,80,85760,买盘
100,14:51:12,10.72,-0.01,130,139360,卖盘
101,14:51:09,10.73,0.01,3,3219,买盘
102,14:51:06,10.72,-0.01,537,575664,卖盘
103,14:51:00,10.73,0.01,2,2146,买盘
104,14:50:57,10.72,--,30,32160,卖盘
105,14:50:54,10.72,-0.01,9,9648,卖盘
106,14:50:51,10.73,0.01,140,150220,买盘
107,14:50:45,10.72,--,21,22512,卖盘
108,14:50:39,10.72,--,305,326960,卖盘
109,14:50:33,10.72,-0.01,285,305520,卖盘
110,14:50:27,10.73,--,55,59015,买盘
111,14:50:15,10.73,--,50,53650,买盘
112,14:50:12,10.73,--,100,107300,买盘
113,14:50:09,10.73,0.01,104,111592,买盘
114,14:50:06,10.72,--,22,23584,卖盘
115,14:50:03,10.72,-0.01,37,39664,卖盘
116,14:50:00,10.73,0.01,8,8584,买盘
117,14:49:57,10.72,--,178,190816,卖盘
118,14:49:51,10.72,--,28,30016,卖盘
119,14:49:48,10.72,--,100,107200,卖盘
120,14:49:45,10.72,-0.01,128,137216,卖盘
121,14:49:42,10.73,0.01,19,20387,买盘
122,14:49:39,10.72,--,276,295872,卖盘
123,14:49:33,10.72,-0.01,1,1072,卖盘
124,14:49:30,10.73,--,105,112665,买盘
125,14:49:24,10.73,--,25,26825,买盘
126,14:49:21,10.73,--,12,12876,买盘
127,14:49:18,10.73,--,16,17168,买盘
128,14:49:15,10.73,0.01,114,122322,买盘
129,14:49:12,10.72,--,95,101840,卖盘
130,14:49:09,10.72,--,100,107200,卖盘
131,14:49:06,10.72,--,12,12864,卖盘
132,14:49:00,10.72,-0.01,255,273360,卖盘
133,14:48:54,10.73,0.01,26,27898,买盘
134,14:48:51,10.72,--,71,76112,卖盘
135,14:48:48,10.72,--,6,6432,卖盘
136,14:48:42,10.72,--,10,10720,卖盘
137,14:48:39,10.72,--,64,68608,卖盘
138,14:48:36,10.72,--,598,641056,卖盘
139,14:48:33,10.72,--,2,2144,卖盘
140,14:48:30,10.72,0.01,1064,1140608,买盘
141,14:48:21,10.71,--,40,42840,卖盘
142,14:48:15,10.71,--,13,13923,买盘
143,14:48:09,10.71,0.01,1,1071,买盘
144,14:48:06,10.7,-0.01,608,650560,卖盘
145,14:48:03,10.71,--,71,76041,卖盘
146,14:48:00,10.71,--,91,97461,卖盘
147,14:47:51,10.71,--,22,23562,买盘
148,14:47:48,10.71,--,77,82467,卖盘
149,14:47:42,10.71,--,10,10710,卖盘
150,14:47:33,10.71,--,784,840520,买盘
151,14:47:30,10.71,0.01,11,11781,买盘
152,14:47:27,10.7,-0.01,56,59919,卖盘
153,14:47:21,10.71,0.01,276,295596,买盘
154,14:47:18,10.7,-0.01,5,5350,卖盘
155,14:47:15,10.71,--,629,673659,卖盘
156,14:47:09,10.71,0.01,2,2142,中性盘
157,14:47:03,10.7,-0.01,787,842090,卖盘
158,14:47:00,10.71,--,28,29988,买盘
159,14:46:57,10.71,--,101,108171,买盘
160,14:46:54,10.71,0.01,37,39627,买盘
161,14:46:51,10.7,-0.01,48,51360,卖盘
162,14:46:48,10.71,--,15,16065,买盘
163,14:46:45,10.71,0.01,44,47124,买盘
164,14:46:42,10.7,--,148,158360,卖盘
165,14:46:39,10.7,-0.01,26,28675,卖盘
166,14:46:36,10.71,--,553,592263,买盘
167,14:46:30,10.71,0.01,100,107100,买盘
168,14:46:18,10.7,--,21,22470,卖盘
169,14:46:15,10.7,--,25,26750,卖盘
170,14:46:12,10.7,--,5,5350,卖盘
171,14:46:09,10.7,--,39,41730,卖盘
172,14:46:03,10.7,--,154,164780,卖盘
173,14:46:00,10.7,--,541,578870,卖盘
174,14:45:57,10.7,--,510,545700,卖盘
175,14:45:54,10.7,-0.01,20,21400,卖盘
176,14:45:51,10.71,--,167,178857,买盘
177,14:45:48,10.71,--,60,64260,买盘
178,14:45:45,10.71,0.01,115,123165,买盘
179,14:45:39,10.7,-0.01,61,65269,卖盘
180,14:45:33,10.71,0.01,7,7497,买盘
181,14:45:30,10.7,--,1163,1244410,卖盘
182,14:45:27,10.7,--,20,21400,卖盘
183,14:45:24,10.7,--,214,228979,卖盘
184,14:45:21,10.7,-0.01,30,32099,卖盘
185,14:45:18,10.71,0.01,50,53550,买盘
186,14:45:12,10.7,-0.01,40,42800,卖盘
187,14:45:03,10.71,--,65,69615,买盘
188,14:45:00,10.71,0.01,25,26775,买盘
189,14:44:57,10.7,--,799,854930,卖盘
190,14:44:54,10.7,--,20,21400,卖盘
191,14:44:48,10.7,--,25,26750,卖盘
192,14:44:45,10.7,-0.01,5,5350,卖盘
193,14:44:42,10.71,0.01,61,65331,买盘
194,14:44:39,10.7,-0.01,48,51360,卖盘
195,14:44:36,10.71,0.02,38,40698,买盘
196,14:44:33,10.69,--,5,5345,卖盘
197,14:44:27,10.69,-0.01,711,760059,卖盘
198,14:44:18,10.7,--,5,5350,买盘
199,14:44:15,10.7,--,1149,1229430,买盘
200,14:44:12,10.7,0.01,64,69122,买盘
201,14:44:09,10.69,--,29,31001,卖盘
202,14:44:03,10.69,-0.01,154,164626,卖盘
203,14:44:00,10.7,0.01,21,22470,买盘
204,14:43:54,10.69,-0.01,1254,1340526,卖盘
205,14:43:51,10.7,0.01,61,65269,买盘
206,14:43:48,10.69,--,317,338873,卖盘
207,14:43:45,10.69,-0.01,35,37415,卖盘
208,14:43:39,10.7,--,74,79180,买盘
209,14:43:36,10.7,--,257,274990,买盘
210,14:43:33,10.7,--,119,127329,买盘
211,14:43:30,10.7,--,22,23540,买盘
212,14:43:27,10.7,0.01,79,84530,买盘
213,14:43:24,10.69,-0.01,1323,1414287,卖盘
214,14:43:21,10.7,--,59,63129,买盘
215,14:43:15,10.7,--,10,10700,买盘
216,14:43:12,10.7,0.01,26,27819,买盘
217,14:43:09,10.69,-0.01,20,21380,卖盘
218,14:43:06,10.7,--,20,21400,买盘
219,14:43:03,10.7,--,11,11770,买盘
220,14:43:00,10.7,--,329,352030,买盘
221,14:42:54,10.7,--,1465,1567550,买盘
222,14:42:51,10.7,--,17,18190,买盘
223,14:42:48,10.7,--,94,100580,买盘
224,14:42:45,10.7,--,555,594492,买盘
225,14:42:39,10.7,--,73,78110,买盘
226,14:42:36,10.7,--,18,19260,买盘
227,14:42:33,10.7,--,28,29959,买盘
228,14:42:30,10.7,0.01,107,114489,买盘
229,14:42:27,10.69,-0.01,53,57512,卖盘
230,14:42:24,10.7,--,319,341330,卖盘
231,14:42:21,10.7,--,78,83460,买盘
232,14:42:15,10.7,0.01,59,63129,买盘
233,14:42:12,10.69,-0.01,135,144315,卖盘
234,14:42:09,10.7,--,100,107000,买盘
235,14:42:00,10.7,--,62,66340,买盘
236,14:41:57,10.7,--,46,49220,买盘
237,14:41:54,10.7,-0.01,865,925549,卖盘
238,14:41:51,10.71,--,29,31059,买盘
239,14:41:45,10.71,0.01,51,54621,买盘
240,14:41:39,10.7,-0.01,4,4280,卖盘
241,14:41:33,10.71,--,10,10710,买盘
242,14:41:27,10.71,--,50,53550,买盘
243,14:41:24,10.71,0.01,97,103887,买盘
244,14:41:21,10.7,--,1184,1266880,卖盘
245,14:41:12,10.7,--,35,37450,卖盘
246,14:41:09,10.7,-0.01,20,21400,卖盘
247,14:41:06,10.71,0.01,21,22491,买盘
248,14:41:03,10.7,--,1,1070,卖盘
249,14:41:00,10.7,--,8,8560,卖盘
250,14:40:57,10.7,--,247,264290,卖盘
251,14:40:51,10.7,--,832,890239,卖盘
252,14:40:48,10.7,--,70,74900,卖盘
253,14:40:45,10.7,--,100,107000,卖盘
254,14:40:42,10.7,--,12,12840,卖盘
255,14:40:39,10.7,--,463,495409,卖盘
256,14:40:32,10.7,0.01,1154,1234780,买盘
257,14:40:29,10.69,-0.01,307,328183,卖盘
258,14:40:26,10.7,--,29,31029,买盘
259,14:40:23,10.7,0.01,202,216140,买盘
260,14:40:20,10.69,-0.01,564,602916,卖盘
261,14:40:17,10.7,--,5,5350,买盘
262,14:40:14,10.7,0.01,16,17120,买盘
263,14:40:11,10.69,-0.01,18,19242,卖盘
264,14:40:08,10.7,--,7,7489,买盘
265,14:40:05,10.7,--,168,179760,买盘
266,14:40:02,10.7,--,360,385200,买盘
267,14:39:59,10.7,0.01,20,21400,买盘
268,14:39:56,10.69,-0.01,69,73761,卖盘
269,14:39:53,10.7,0.01,35,37450,买盘
270,14:39:50,10.69,-0.01,91,97279,卖盘
271,14:39:47,10.7,--,107,114489,买盘
272,14:39:44,10.7,--,460,492199,卖盘
273,14:39:38,10.7,--,74,79180,买盘
274,14:39:35,10.7,--,32,34240,买盘
275,14:39:32,10.7,--,315,337050,买盘
276,14:39:26,10.7,--,1,1070,买盘
277,14:39:23,10.7,0.01,59,63129,买盘
278,14:39:20,10.69,-0.01,22,23518,卖盘
279,14:39:17,10.7,-0.01,423,452609,卖盘
280,14:39:14,10.71,0.01,15,16065,买盘
281,14:39:11,10.7,-0.01,23,24610,卖盘
282,14:39:08,10.71,0.01,35,37485,买盘
283,14:39:05,10.7,--,70,74900,买盘
284,14:39:02,10.7,--,98,104860,卖盘
285,14:38:59,10.7,0.01,275,294250,买盘
286,14:38:56,10.69,--,36,38484,卖盘
287,14:38:53,10.69,-0.01,653,698484,卖盘
288,14:38:50,10.7,--,39,41730,卖盘
289,14:38:47,10.7,--,1901,2034069,卖盘
290,14:38:44,10.7,--,16,17120,卖盘
291,14:38:41,10.7,--,109,116629,卖盘
292,14:38:38,10.7,--,238,254659,卖盘
293,14:38:32,10.7,--,74,79180,卖盘
294,14:38:29,10.7,--,291,311370,卖盘
295,14:38:26,10.7,--,44,47936,卖盘
296,14:38:23,10.7,-0.01,203,217210,卖盘
297,14:38:20,10.71,--,19,20349,买盘
298,14:38:14,10.71,0.01,2316,2480436,买盘
299,14:38:11,10.7,-0.01,66,70620,卖盘
300,14:38:08,10.71,0.01,137,146727,买盘
301,14:38:05,10.7,--,39,41730,卖盘
302,14:38:02,10.7,-0.01,26,27819,卖盘
303,14:37:59,10.71,--,29,31059,买盘
304,14:37:56,10.71,--,5,5355,买盘
305,14:37:53,10.71,--,113,121023,买盘
306,14:37:50,10.71,0.01,10,10710,买盘
307,14:37:47,10.7,--,1939,2074729,卖盘
308,14:37:41,10.7,-0.01,54,57779,卖盘
309,14:37:38,10.71,--,20,22062,买盘
310,14:37:35,10.71,0.01,123,131733,买盘
311,14:37:32,10.7,-0.01,5,5350,卖盘
312,14:37:29,10.71,--,224,239904,买盘
313,14:37:26,10.71,--,30,32130,买盘
314,14:37:23,10.71,--,31,33201,买盘
315,14:37:20,10.71,--,440,471240,买盘
316,14:37:17,10.71,--,68,72828,买盘
317,14:37:14,10.71,--,83,88893,买盘
318,14:37:11,10.71,--,7,7497,买盘
319,14:37:05,10.71,--,559,598689,买盘
320,14:37:02,10.71,--,150,160650,买盘
321,14:36:59,10.71,--,40,42840,买盘
322,14:36:56,10.71,--,60,64260,买盘
323,14:36:53,10.71,--,15,16065,买盘
324,14:36:50,10.71,--,8,8568,买盘
325,14:36:47,10.71,--,1181,1265707,卖盘
326,14:36:44,10.71,-0.01,11,11781,卖盘
327,14:36:41,10.72,0.01,2,2144,买盘
328,14:36:38,10.71,--,38,40698,卖盘
329,14:36:35,10.71,--,49,53335,卖盘
330,14:36:32,10.71,--,319,341691,卖盘
331,14:36:29,10.71,--,8,9596,卖盘
332,14:36:26,10.71,--,1182,1265922,卖盘
333,14:36:23,10.71,--,4,4284,卖盘
334,14:36:20,10.71,-0.01,2795,2993487,卖盘
335,14:36:14,10.72,0.01,10,10720,买盘
336,14:36:11,10.71,--,6,6426,卖盘
337,14:36:08,10.71,-0.01,898,962786,卖盘
338,14:36:05,10.72,--,10,10720,买盘
339,14:36:02,10.72,0.01,11,11834,买盘
340,14:35:56,10.71,--,50,54578,卖盘
341,14:35:53,10.71,--,175,187467,卖盘
342,14:35:47,10.71,--,0,1028,卖盘
343,14:35:44,10.71,--,2,2142,卖盘
344,14:35:38,10.71,--,109,117638,卖盘
345,14:35:35,10.71,--,43,46053,卖盘
346,14:35:32,10.71,-0.01,10,10710,卖盘
347,14:35:29,10.72,0.01,100,107200,买盘
348,14:35:26,10.71,--,58,62118,卖盘
349,14:35:23,10.71,--,70,74970,卖盘
350,14:35:20,10.71,--,41,44510,卖盘
351,14:35:17,10.71,-0.01,2,2142,卖盘
352,14:35:14,10.72,0.01,10,10720,买盘
353,14:35:11,10.71,--,220,235620,卖盘
354,14:35:08,10.71,--,1,1071,卖盘
355,14:35:05,10.71,-0.01,21,22491,卖盘
356,14:35:02,10.72,0.01,20,21440,买盘
357,14:34:59,10.71,-0.01,26,27846,卖盘
358,14:34:56,10.72,--,10,10720,买盘
359,14:34:53,10.72,--,13,13936,买盘
360,14:34:47,10.72,--,12,12864,买盘
361,14:34:41,10.72,--,313,336479,卖盘
362,14:34:38,10.72,--,51,54672,卖盘
363,14:34:35,10.72,-0.01,84,90905,卖盘
364,14:34:32,10.73,0.01,20,21460,买盘
365,14:34:29,10.72,--,32,35161,卖盘
366,14:34:20,10.72,--,40,43780,卖盘
367,14:34:17,10.72,-0.01,921,987312,卖盘
368,14:34:14,10.73,0.01,90,96570,买盘
369,14:34:11,10.72,--,1,1072,卖盘
370,14:34:08,10.72,--,30,32160,卖盘
371,14:34:05,10.72,-0.01,2,2144,卖盘
372,14:33:59,10.73,--,156,167388,买盘
373,14:33:56,10.73,--,188,201724,买盘
374,14:33:47,10.73,--,20,21460,买盘
375,14:33:44,10.73,--,1432,1537051,卖盘
376,14:33:38,10.73,-0.01,6,7468,卖盘
377,14:33:35,10.74,--,101,109376,买盘
378,14:33:32,10.74,0.01,13,13962,买盘
379,14:33:29,10.73,--,40,42920,卖盘
380,14:33:23,10.73,--,85,91205,卖盘
381,14:33:20,10.73,-0.01,17,18455,卖盘
382,14:33:17,10.74,0.01,47,50478,买盘
383,14:33:11,10.73,--,1892,2030116,卖盘
384,14:33:08,10.73,-0.01,14,15022,卖盘
385,14:33:02,10.74,0.01,47,50478,买盘
386,14:32:50,10.73,--,7,7511,卖盘
387,14:32:47,10.73,-0.01,54,57942,卖盘
388,14:32:44,10.74,--,37,39738,买盘
389,14:32:38,10.74,--,280,301579,卖盘
390,14:32:35,10.74,--,3,3264,卖盘
391,14:32:29,10.74,-0.01,44,47256,卖盘
392,14:32:26,10.75,0.02,6,7482,买盘
393,14:32:23,10.73,-0.01,90,96570,卖盘
394,14:32:20,10.74,--,71,76296,买盘
395,14:32:17,10.74,0.01,45,48544,买盘
396,14:32:14,10.73,-0.01,62,66526,卖盘
397,14:32:11,10.74,-0.01,356,382859,卖盘
398,14:32:05,10.75,--,66,70950,买盘
399,14:32:02,10.75,0.01,2,2150,买盘
400,14:31:59,10.74,--,400,429600,卖盘
401,14:31:56,10.74,-0.01,1,1074,卖盘
402,14:31:53,10.75,--,1,1075,卖盘
403,14:31:50,10.75,--,210,225750,卖盘
404,14:31:47,10.75,--,36,38700,卖盘
405,14:31:44,10.75,--,15,16125,卖盘
406,14:31:41,10.75,0.01,33,35475,买盘
407,14:31:38,10.74,-0.01,394,423156,卖盘
408,14:31:35,10.75,--,43,47128,卖盘
409,14:31:32,10.75,--,250,269438,卖盘
410,14:31:29,10.75,--,39,41925,卖盘
411,14:31:26,10.75,-0.01,123,132225,卖盘
412,14:31:20,10.76,0.01,149,160539,买盘
413,14:31:17,10.75,-0.01,2,2150,买盘
414,14:31:14,10.76,0.02,10,10760,买盘
415,14:31:08,10.74,-0.01,1679,1803246,卖盘
416,14:31:05,10.75,--,4,4300,卖盘
417,14:31:02,10.75,--,2,2150,卖盘
418,14:30:59,10.75,-0.01,73,78475,卖盘
419,14:30:53,10.76,0.01,42,45192,买盘
420,14:30:50,10.75,--,7,7525,买盘
421,14:30:44,10.75,0.01,19,20425,买盘
422,14:30:38,10.74,-0.01,1678,1802172,卖盘
423,14:30:35,10.75,-0.01,74,80410,卖盘
424,14:30:32,10.76,0.01,5,5380,买盘
425,14:30:29,10.75,--,89,96535,卖盘
426,14:30:26,10.75,--,16,17200,卖盘
427,14:30:20,10.75,--,82,88150,卖盘
428,14:30:17,10.75,--,41,44290,卖盘
429,14:30:14,10.75,--,2,2150,卖盘
430,14:30:11,10.75,0.01,145,155875,买盘
431,14:30:05,10.74,-0.01,1693,1818282,卖盘
432,14:30:02,10.75,-0.01,171,183825,卖盘
433,14:29:59,10.76,0.01,28,30128,买盘
434,14:29:56,10.75,--,157,168775,卖盘
435,14:29:50,10.75,--,39,41925,买盘
436,14:29:47,10.75,--,85,91375,买盘
437,14:29:41,10.75,--,70,75250,买盘
438,14:29:38,10.75,0.01,65,69875,买盘
439,14:29:35,10.74,-0.01,129,138546,卖盘
440,14:29:32,10.75,--,195,210528,买盘
441,14:29:29,10.75,0.01,48,51600,买盘
442,14:29:26,10.74,-0.01,209,224466,卖盘
443,14:29:23,10.75,--,198,212850,买盘
444,14:29:20,10.75,--,121,130247,买盘
445,14:29:17,10.75,--,40,43000,买盘
446,14:29:08,10.75,--,69,74218,买盘
447,14:29:05,10.75,0.01,80,87032,买盘
448,14:28:59,10.74,-0.01,160,171840,卖盘
449,14:28:53,10.75,--,196,210700,买盘
450,14:28:47,10.75,0.01,20,21500,买盘
451,14:28:44,10.74,-0.01,1,1116,卖盘
452,14:28:41,10.75,0.01,4,5332,买盘
453,14:28:38,10.74,--,33,35484,卖盘
454,14:28:32,10.74,-0.01,88,95371,卖盘
455,14:28:29,10.75,0.01,57,61275,买盘
456,14:28:20,10.74,-0.01,16,17398,卖盘
457,14:28:17,10.75,--,6,6450,买盘
458,14:28:11,10.75,--,52,55900,买盘
459,14:28:02,10.75,--,1722,1851150,买盘
460,14:27:59,10.75,0.01,82,88150,买盘
461,14:27:56,10.74,--,3,3222,卖盘
462,14:27:50,10.74,-0.01,233,250242,卖盘
463,14:27:44,10.75,0.01,86,92450,买盘
464,14:27:38,10.74,--,87,94340,卖盘
465,14:27:29,10.74,--,1758,1888092,卖盘
466,14:27:26,10.74,--,16,18215,卖盘
467,14:27:23,10.74,--,40,42960,卖盘
468,14:27:20,10.74,-0.01,16,17398,卖盘
469,14:27:17,10.75,0.01,49,52675,买盘
470,14:27:14,10.74,-0.01,16,17184,卖盘
471,14:27:11,10.75,--,12,12900,买盘
472,14:27:08,10.75,0.01,222,238650,买盘
473,14:27:05,10.74,0.01,6,6444,卖盘
474,14:27:02,10.73,-0.01,1616,1733968,卖盘
475,14:26:59,10.74,--,3,3222,卖盘
476,14:26:56,10.74,--,160,171840,卖盘
477,14:26:53,10.74,--,307,329718,卖盘
478,14:26:47,10.74,0.01,29,31146,中性盘
479,14:26:41,10.73,-0.01,30,32190,卖盘
480,14:26:38,10.74,0.01,49,52626,卖盘
481,14:26:32,10.73,--,66,71719,卖盘
482,14:26:29,10.73,--,689,740155,卖盘
483,14:26:26,10.73,--,115,123395,卖盘
484,14:26:23,10.73,--,5,5365,卖盘
485,14:26:20,10.73,-0.01,852,914196,卖盘
486,14:26:17,10.74,0.01,35,37761,买盘
487,14:26:14,10.73,--,30,32190,卖盘
488,14:26:11,10.73,-0.01,244,261812,卖盘
489,14:26:08,10.74,--,2,2148,买盘
490,14:26:05,10.74,--,50,53700,买盘
491,14:26:02,10.74,0.01,11,11814,买盘
492,14:25:59,10.73,-0.01,699,750027,卖盘
493,14:25:56,10.74,0.01,3433,3687042,买盘
494,14:25:53,10.73,-0.01,48,51504,卖盘
495,14:25:50,10.74,--,257,276018,买盘
496,14:25:47,10.74,--,5,5370,买盘
497,14:25:44,10.74,--,96,103104,买盘
498,14:25:41,10.74,--,501,538976,买盘
499,14:25:35,10.74,--,17,18258,买盘
500,14:25:26,10.74,0.01,629,675546,买盘
501,14:25:20,10.73,-0.01,18,19528,卖盘
502,14:25:17,10.74,0.01,100,107400,买盘
503,14:25:14,10.73,--,204,218892,卖盘
504,14:25:11,10.73,--,10,10730,卖盘
505,14:25:08,10.73,-0.01,158,169534,卖盘
506,14:25:05,10.74,0.01,19,20406,买盘
507,14:24:56,10.73,-0.01,16,17168,卖盘
508,14:24:53,10.74,--,35,37590,买盘
509,14:24:47,10.74,0.01,85,91290,买盘
510,14:24:44,10.73,--,5,5365,卖盘
511,14:24:41,10.73,-0.01,33,35409,卖盘
512,14:24:38,10.74,0.01,1,1074,买盘
513,14:24:35,10.73,--,116,125326,卖盘
514,14:24:32,10.73,--,42,45066,卖盘
515,14:24:26,10.73,--,11,11803,卖盘
516,14:24:20,10.73,-0.01,51,54723,卖盘
517,14:24:17,10.74,0.01,120,128880,买盘
518,14:24:14,10.73,--,519,557101,卖盘
519,14:24:05,10.73,-0.01,43,46139,卖盘
520,14:24:02,10.74,--,18,19332,买盘
521,14:23:59,10.74,--,61,65514,卖盘
522,14:23:56,10.74,-0.01,6,6444,卖盘
523,14:23:53,10.75,--,5,5375,买盘
524,14:23:50,10.75,--,100,107500,买盘
525,14:23:47,10.75,--,14,15050,买盘
526,14:23:44,10.75,--,10,10750,买盘
527,14:23:38,10.75,-0.01,1,1075,中性盘
528,14:23:35,10.76,0.01,451,486179,买盘
529,14:23:32,10.75,-0.01,1,1075,买盘
530,14:23:29,10.76,--,2909,3130772,买盘
531,14:23:20,10.76,0.01,90,96840,买盘
532,14:23:17,10.75,--,27,29240,卖盘
533,14:23:11,10.75,--,188,202100,卖盘
534,14:23:05,10.75,--,20,21500,卖盘
535,14:23:02,10.75,--,2684,2885472,买盘
536,14:22:59,10.75,0.01,13,13975,买盘
537,14:22:56,10.74,-0.01,2158,2317692,卖盘
538,14:22:53,10.75,--,12,12900,买盘
539,14:22:50,10.75,--,20,21500,买盘
540,14:22:47,10.75,--,11,11825,买盘
541,14:22:44,10.75,--,50,53750,买盘
542,14:22:41,10.75,0.01,52,55900,买盘
543,14:22:38,10.74,-0.01,173,185802,卖盘
544,14:22:35,10.75,0.01,70,76110,买盘
545,14:22:32,10.74,--,54,57996,卖盘
546,14:22:29,10.74,--,25,27709,卖盘
547,14:22:26,10.74,--,248,266352,卖盘
548,14:22:23,10.74,--,19,20406,卖盘
549,14:22:17,10.74,-0.01,16,17398,卖盘
550,14:22:14,10.75,0.01,1844,1982300,买盘
551,14:22:08,10.74,--,30,32220,卖盘
552,14:22:02,10.74,--,3051,3276774,买盘
553,14:21:56,10.74,0.01,2,2148,买盘
554,14:21:53,10.73,--,250,269280,卖盘
555,14:21:50,10.73,--,35,37597,卖盘
556,14:21:44,10.73,--,40,42920,卖盘
557,14:21:41,10.73,--,312,335806,卖盘
558,14:21:38,10.73,-0.01,20,21460,卖盘
559,14:21:35,10.74,0.01,64,69638,买盘
560,14:21:32,10.73,-0.01,1,1073,卖盘
561,14:21:29,10.74,0.01,2,2148,买盘
562,14:21:23,10.73,--,248,266104,卖盘
563,14:21:20,10.73,-0.01,109,117171,卖盘
564,14:21:17,10.74,0.01,24,25776,买盘
565,14:21:14,10.73,-0.01,18,19314,卖盘
566,14:21:11,10.74,--,6,6444,买盘
567,14:21:08,10.74,--,37,39738,买盘
568,14:21:01,10.74,0.01,98,105252,买盘
569,14:20:58,10.73,-0.01,25,26825,卖盘
570,14:20:52,10.74,--,40,42960,买盘
571,14:20:46,10.74,0.01,100,107400,买盘
572,14:20:43,10.73,-0.01,1,1073,卖盘
573,14:20:37,10.74,--,60,64440,买盘
574,14:20:34,10.74,0.01,122,131028,买盘
575,14:20:31,10.73,-0.01,49,53435,卖盘
576,14:20:25,10.74,0.01,36,38664,买盘
577,14:20:22,10.73,--,44,47212,卖盘
578,14:20:19,10.73,--,26,28112,卖盘
579,14:20:16,10.73,--,157,168461,买盘
580,14:20:13,10.73,--,3,3219,买盘
581,14:20:10,10.73,--,21,22533,买盘
582,14:20:07,10.73,0.01,325,348725,买盘
583,14:20:01,10.72,--,6,6432,卖盘
584,14:19:58,10.72,-0.01,240,257280,卖盘
585,14:19:55,10.73,--,55,59015,买盘
586,14:19:52,10.73,--,349,374477,买盘
587,14:19:37,10.73,--,23,24679,买盘
588,14:19:34,10.73,0.01,37,39701,买盘
589,14:19:31,10.72,-0.01,49,53428,卖盘
590,14:19:28,10.73,0.01,201,215673,买盘
591,14:19:22,10.72,-0.02,914,979808,卖盘
592,14:19:19,10.74,0.01,1,1074,买盘
593,14:19:16,10.73,-0.01,21,22704,卖盘
594,14:19:13,10.74,--,10,10740,买盘
595,14:19:10,10.74,0.01,20,21480,买盘
596,14:19:04,10.73,--,27,29013,买盘
597,14:19:01,10.73,--,4,5322,买盘
598,14:18:58,10.73,0.01,81,86955,中性盘
599,14:18:49,10.72,-0.01,914,979808,卖盘
600,14:18:46,10.73,--,250,268250,卖盘
601,14:18:43,10.73,--,22,23606,卖盘
602,14:18:40,10.73,--,44,47212,卖盘
603,14:18:37,10.73,--,45,49143,卖盘
604,14:18:25,10.73,--,25,27683,卖盘
605,14:18:22,10.73,--,21,22533,卖盘
606,14:18:19,10.73,0.01,1,1073,中性盘
607,14:18:16,10.72,-0.02,974,1044342,卖盘
608,14:18:13,10.74,--,2,2148,买盘
609,14:18:10,10.74,--,3,3222,买盘
610,14:18:04,10.74,0.01,37,39738,买盘
611,14:18:01,10.73,-0.01,1,1073,卖盘
612,14:17:58,10.74,0.01,43,46182,买盘
613,14:17:55,10.73,--,8,8584,买盘
614,14:17:52,10.73,0.01,241,258593,买盘
615,14:17:49,10.72,-0.01,20,21440,卖盘
616,14:17:46,10.73,--,180,193140,买盘
617,14:17:40,10.73,--,5,5365,买盘
618,14:17:37,10.73,0.01,52,56697,买盘
619,14:17:34,10.72,-0.01,0,1029,卖盘
620,14:17:22,10.73,--,135,144897,买盘
621,14:17:19,10.73,0.01,24,26782,买盘
622,14:17:16,10.72,-0.01,16,17366,卖盘
623,14:17:13,10.73,--,163,174899,卖盘
624,14:17:10,10.73,--,10,10730,卖盘
625,14:17:07,10.73,--,35,37555,卖盘
626,14:17:04,10.73,--,108,115884,买盘
627,14:17:01,10.73,--,82,87986,买盘
628,14:16:58,10.73,--,1,1073,买盘
629,14:16:52,10.73,--,33,35409,买盘
630,14:16:49,10.73,0.01,10,10730,买盘
631,14:16:46,10.72,-0.01,1,1072,卖盘
632,14:16:43,10.73,-0.01,30,32190,中性盘
633,14:16:37,10.74,0.02,41,44034,买盘
634,14:16:34,10.72,-0.01,50,53900,卖盘
635,14:16:31,10.73,--,33,35451,卖盘
636,14:16:25,10.73,--,63,68156,买盘
637,14:16:22,10.73,--,6,6438,买盘
638,14:16:13,10.73,--,242,260052,卖盘
639,14:16:10,10.73,--,4,4292,卖盘
640,14:16:07,10.73,--,2,2146,卖盘
641,14:16:04,10.73,--,8,8584,卖盘
642,14:15:58,10.73,-0.01,17,18241,卖盘
643,14:15:55,10.74,0.01,7,7518,买盘
644,14:15:52,10.73,--,151,162709,买盘
645,14:15:46,10.73,--,15,16095,买盘
646,14:15:43,10.73,--,737,791187,卖盘
647,14:15:40,10.73,--,185,198505,卖盘
648,14:15:34,10.73,--,59,64208,卖盘
649,14:15:31,10.73,-0.01,5,5365,卖盘
650,14:15:28,10.74,--,191,205134,买盘
651,14:15:25,10.74,--,3,3222,买盘
652,14:15:19,10.74,0.01,40,42960,买盘
653,14:15:16,10.73,--,16,17382,卖盘
654,14:15:13,10.73,-0.01,294,315462,卖盘
655,14:15:04,10.74,--,36,39695,买盘
656,14:14:58,10.74,--,27,29040,买盘
657,14:14:55,10.74,--,8,8592,买盘
658,14:14:49,10.74,0.01,22,23628,买盘
659,14:14:46,10.73,--,2,3176,卖盘
660,14:14:40,10.73,--,273,292971,卖盘
661,14:14:37,10.73,--,42,46096,卖盘
662,14:14:34,10.73,--,44,48113,卖盘
663,14:14:28,10.73,-0.01,27,29829,卖盘
664,14:14:25,10.74,0.01,46,49404,买盘
665,14:14:19,10.73,--,101,108373,卖盘
666,14:14:16,10.73,-0.01,30,32404,卖盘
667,14:14:13,10.74,0.01,6,6444,买盘
668,14:14:10,10.73,--,273,292929,卖盘
669,14:14:07,10.73,--,3,3219,卖盘
670,14:14:04,10.73,--,17,18241,卖盘
671,14:13:55,10.73,--,145,156443,买盘
672,14:13:52,10.73,--,5,5365,买盘
673,14:13:49,10.73,0.01,40,42920,买盘
674,14:13:40,10.72,--,301,322672,卖盘
675,14:13:37,10.72,--,33,35376,卖盘
676,14:13:34,10.72,--,37,39664,卖盘
677,14:13:31,10.72,-0.01,106,114489,卖盘
678,14:13:25,10.73,0.01,11,11845,买盘
679,14:13:16,10.72,--,98,105227,买盘
680,14:13:13,10.72,--,8,8576,买盘
681,14:13:10,10.72,-0.01,547,586426,卖盘
682,14:13:07,10.73,--,57,61161,买盘
683,14:13:04,10.73,0.01,18,19314,买盘
684,14:13:01,10.72,--,19,20368,卖盘
685,14:12:58,10.72,-0.01,11,11792,卖盘
686,14:12:46,10.73,0.01,10,10730,买盘
687,14:12:43,10.72,--,11,11792,卖盘
688,14:12:40,10.72,-0.01,612,656064,卖盘
689,14:12:37,10.73,--,9,9828,卖盘
690,14:12:34,10.73,--,36,38628,卖盘
691,14:12:31,10.73,--,34,37383,卖盘
692,14:12:28,10.73,--,228,244644,买盘
693,14:12:22,10.73,0.01,82,87986,卖盘
694,14:12:16,10.72,-0.01,16,17323,卖盘
695,14:12:13,10.73,--,3,3219,卖盘
696,14:12:10,10.73,0.01,56,60088,中性盘
697,14:12:07,10.72,-0.01,612,656064,卖盘
698,14:12:04,10.73,-0.01,46,49358,中性盘
699,14:11:52,10.74,0.02,41,44034,买盘
700,14:11:49,10.72,-0.01,312,334464,卖盘
701,14:11:46,10.73,0.01,5,5365,卖盘
702,14:11:37,10.72,-0.01,52,55744,卖盘
703,14:11:34,10.73,--,85,92063,买盘
704,14:11:31,10.73,0.01,189,202797,买盘
705,14:11:28,10.72,-0.01,92,99524,卖盘
706,14:11:25,10.73,--,158,170564,买盘
707,14:11:19,10.73,0.01,80,85840,买盘
708,14:11:16,10.72,-0.01,56,60246,卖盘
709,14:11:13,10.73,0.01,29,31117,买盘
710,14:11:10,10.72,--,1,1072,卖盘
711,14:11:07,10.72,--,23,24656,卖盘
712,14:11:04,10.72,--,20,21440,卖盘
713,14:10:58,10.72,--,14,15008,卖盘
714,14:10:55,10.72,-0.01,100,107200,卖盘
715,14:10:52,10.73,--,76,81548,买盘
716,14:10:49,10.73,--,19,20387,买盘
717,14:10:46,10.73,0.01,45,48285,买盘
718,14:10:43,10.72,--,31,33232,买盘
719,14:10:40,10.72,--,86,92192,卖盘
720,14:10:37,10.72,--,116,124352,买盘
721,14:10:31,10.72,0.01,51,54672,买盘
722,14:10:28,10.71,--,59,64088,卖盘
723,14:10:25,10.71,--,44,47980,卖盘
724,14:10:22,10.71,--,3,3213,买盘
725,14:10:19,10.71,--,462,494802,买盘
726,14:10:16,10.71,--,183,196164,买盘
727,14:10:13,10.71,0.01,38,40698,买盘
728,14:10:10,10.7,-0.01,24,25680,卖盘
729,14:10:07,10.71,-0.02,426,456246,卖盘
730,14:10:04,10.73,--,10,10730,买盘
731,14:09:55,10.73,0.01,129,138459,买盘
732,14:09:49,10.72,--,106,114661,卖盘
733,14:09:46,10.72,-0.01,40,42880,买盘
734,14:09:40,10.73,0.01,93,99831,买盘
735,14:09:37,10.72,--,1139,1221222,卖盘
736,14:09:31,10.72,--,34,37348,卖盘
737,14:09:25,10.72,--,16,17152,卖盘
738,14:09:13,10.72,--,16,17366,卖盘
739,14:09:10,10.72,--,56,61061,卖盘
740,14:09:07,10.72,--,1276,1368772,买盘
741,14:08:58,10.72,0.01,5,5360,买盘
742,14:08:55,10.71,-0.01,201,215271,卖盘
743,14:08:52,10.72,--,5,5360,买盘
744,14:08:49,10.72,--,88,94507,卖盘
745,14:08:46,10.72,--,5,5402,卖盘
746,14:08:43,10.72,--,41,44809,买盘
747,14:08:40,10.72,0.01,49,52528,买盘
748,14:08:37,10.71,-0.01,211,225981,卖盘
749,14:08:34,10.72,--,25,26971,卖盘
750,14:08:31,10.72,--,134,144548,卖盘
751,14:08:28,10.72,--,23,24656,卖盘
752,14:08:25,10.72,--,40,42880,卖盘
753,14:08:22,10.72,--,427,458430,买盘
754,14:08:19,10.72,--,10,10720,买盘
755,14:08:16,10.72,--,813,871750,买盘
756,14:08:10,10.72,--,10,10720,买盘
757,14:08:07,10.72,--,33,35376,买盘
758,14:08:04,10.72,--,72,77184,买盘
759,14:08:01,10.72,--,17,18224,买盘
760,14:07:58,10.72,--,2,2144,买盘
761,14:07:55,10.72,--,109,116848,买盘
762,14:07:52,10.72,0.01,110,117920,买盘
763,14:07:49,10.71,-0.01,2,2142,卖盘
764,14:07:43,10.72,--,52,55744,买盘
765,14:07:40,10.72,--,38,40736,买盘
766,14:07:37,10.72,--,102,109344,买盘
767,14:07:34,10.72,--,44,48025,买盘
768,14:07:31,10.72,--,137,146906,买盘
769,14:07:28,10.72,--,6,7461,买盘
770,14:07:25,10.72,--,96,102912,买盘
771,14:07:19,10.72,--,4,4288,买盘
772,14:07:16,10.72,--,24,25942,买盘
773,14:07:13,10.72,--,396,424897,卖盘
774,14:07:07,10.72,--,74,79328,卖盘
775,14:07:01,10.72,--,204,218688,卖盘
776,14:06:52,10.72,--,15,16080,卖盘
777,14:06:49,10.72,-0.01,10,10720,卖盘
778,14:06:46,10.73,--,10,10730,买盘
779,14:06:43,10.73,0.01,27,28971,买盘
780,14:06:37,10.72,--,54,57888,卖盘
781,14:06:34,10.72,--,19,20368,卖盘
782,14:06:31,10.72,--,75,81257,卖盘
783,14:06:28,10.72,--,27,29844,卖盘
784,14:06:25,10.72,--,2,3173,卖盘
785,14:06:22,10.72,--,20,21440,卖盘
786,14:06:16,10.72,-0.01,16,17366,卖盘
787,14:06:10,10.73,--,10,10730,买盘
788,14:06:07,10.73,0.01,159,170607,买盘
789,14:06:04,10.72,-0.01,31,33232,卖盘
790,14:06:01,10.73,--,49,52577,买盘
791,14:05:58,10.73,0.01,40,42920,买盘
792,14:05:52,10.72,-0.01,1,1072,卖盘
793,14:05:49,10.73,0.01,137,147001,买盘
794,14:05:46,10.72,-0.01,16,17152,卖盘
795,14:05:40,10.73,0.01,47,50431,买盘
796,14:05:37,10.72,--,43,46096,卖盘
797,14:05:34,10.72,--,7,8404,买盘
798,14:05:31,10.72,--,81,87003,卖盘
799,14:05:28,10.72,--,34,37348,卖盘
800,14:05:22,10.72,0.01,54,57888,卖盘
801,14:05:16,10.71,-0.01,36,38556,卖盘
802,14:05:13,10.72,0.01,556,596246,买盘
803,14:05:10,10.71,-0.01,76,81396,卖盘
804,14:05:07,10.72,--,1,1072,买盘
805,14:05:04,10.72,0.01,5,5360,买盘
806,14:05:01,10.71,-0.01,869,930699,卖盘
807,14:04:55,10.72,--,21,22512,卖盘
808,14:04:49,10.72,--,3,3216,卖盘
809,14:04:40,10.72,--,51,54672,卖盘
810,14:04:37,10.72,--,72,77184,卖盘
811,14:04:34,10.72,-0.01,38,40736,卖盘
812,14:04:31,10.73,0.01,865,928145,买盘
813,14:04:28,10.72,--,34,37305,卖盘
814,14:04:25,10.72,--,20,21440,卖盘
815,14:04:22,10.72,--,5,5360,卖盘
816,14:04:19,10.72,-0.01,5,5360,卖盘
817,14:04:16,10.73,--,44,47426,买盘
818,14:04:13,10.73,0.01,10,10730,买盘
819,14:04:10,10.72,-0.01,31,33232,卖盘
820,14:04:07,10.73,0.02,4,4292,买盘
821,14:04:01,10.71,-0.02,841,900711,卖盘
822,14:03:52,10.73,0.01,91,97643,买盘
823,14:03:46,10.72,--,10,10720,卖盘
824,14:03:43,10.72,--,3,3216,卖盘
825,14:03:40,10.72,--,65,69680,卖盘
826,14:03:31,10.72,--,511,547792,卖盘
827,14:03:28,10.72,--,10,10720,卖盘
828,14:03:25,10.72,--,232,248704,卖盘
829,14:03:22,10.72,--,1,1072,卖盘
830,14:03:19,10.72,--,279,299088,买盘
831,14:03:16,10.72,0.01,349,374128,买盘
832,14:03:13,10.71,-0.01,16,17350,卖盘
833,14:03:10,10.72,0.01,200,214400,买盘
834,14:03:07,10.71,-0.01,64,68544,卖盘
835,14:03:04,10.72,--,249,266928,买盘
836,14:03:01,10.72,--,521,558512,买盘
837,14:02:58,10.72,0.01,32,34304,买盘
838,14:02:55,10.71,--,31,33201,卖盘
839,14:02:49,10.71,-0.01,56,59976,卖盘
840,14:02:43,10.72,--,127,136144,买盘
841,14:02:40,10.72,0.01,22,23584,买盘
842,14:02:37,10.71,-0.01,35,37485,卖盘
843,14:02:34,10.72,0.01,100,107200,买盘
844,14:02:31,10.71,-0.01,536,574912,卖盘
845,14:02:25,10.72,--,465,498480,买盘
846,14:02:22,10.72,0.01,30,32160,买盘
847,14:02:10,10.71,--,63,67644,卖盘
848,14:02:07,10.71,-0.01,37,39627,卖盘
849,14:02:04,10.72,0.01,29,31088,买盘
850,14:02:01,10.71,--,327,350217,卖盘
851,14:01:58,10.71,-0.01,130,139230,卖盘
852,14:01:55,10.72,0.01,5,5360,买盘
853,14:01:52,10.71,--,27,28917,卖盘
854,14:01:49,10.71,--,6,6426,卖盘
855,14:01:46,10.71,--,40,42840,卖盘
856,14:01:40,10.71,--,72,77112,卖盘
857,14:01:37,10.71,--,188,201348,卖盘
858,14:01:31,10.71,-0.01,307,328797,卖盘
859,14:01:28,10.72,0.01,16,17152,买盘
860,14:01:25,10.71,-0.01,37,39627,卖盘
861,14:01:21,10.72,0.01,9,9648,买盘
862,14:01:15,10.71,-0.01,12,12852,卖盘
863,14:01:12,10.72,0.01,10,10720,买盘
864,14:01:09,10.71,-0.01,91,97675,卖盘
865,14:01:00,10.72,0.01,9,9648,买盘
866,14:00:57,10.71,-0.01,1865,1997415,卖盘
867,14:00:45,10.72,0.01,17,18224,买盘
868,14:00:42,10.71,--,7,7497,卖盘
869,14:00:39,10.71,-0.01,33,35343,卖盘
870,14:00:36,10.72,0.01,32,34304,买盘
871,14:00:33,10.71,-0.01,387,414477,卖盘
872,14:00:24,10.72,0.01,38,40736,买盘
873,14:00:21,10.71,--,66,70686,卖盘
874,14:00:15,10.71,--,3,3213,卖盘
875,14:00:12,10.71,--,21,22705,卖盘
876,14:00:06,10.71,-0.01,6,6426,卖盘
877,14:00:03,10.72,0.01,37,39664,买盘
878,13:59:57,10.71,-0.01,315,337365,卖盘
879,13:59:51,10.72,0.01,10,10720,买盘
880,13:59:48,10.71,--,1,1071,卖盘
881,13:59:45,10.71,-0.01,1576,1687896,卖盘
882,13:59:42,10.72,0.01,4,4288,买盘
883,13:59:39,10.71,--,1,1071,卖盘
884,13:59:36,10.71,--,46,49266,卖盘
885,13:59:30,10.71,-0.01,101,108171,卖盘
886,13:59:27,10.72,0.01,15,16080,买盘
887,13:59:24,10.71,--,274,293454,卖盘
888,13:59:15,10.71,--,112,119952,卖盘
889,13:59:06,10.71,-0.01,193,206703,卖盘
890,13:59:03,10.72,--,276,295872,买盘
891,13:58:57,10.72,--,26,27872,买盘
892,13:58:54,10.72,--,145,155440,买盘
893,13:58:48,10.72,--,50,53600,买盘
894,13:58:45,10.72,--,6,6432,买盘
895,13:58:42,10.72,--,10,10720,买盘
896,13:58:39,10.72,-0.01,1004,1076502,卖盘
897,13:58:33,10.73,0.01,36,38628,买盘
898,13:58:30,10.72,--,68,72896,卖盘
899,13:58:27,10.72,--,670,719097,卖盘
900,13:58:24,10.72,-0.01,6,6432,卖盘
901,13:58:21,10.73,0.01,50,53650,买盘
902,13:58:18,10.72,-0.01,35,37520,卖盘
903,13:58:15,10.73,0.01,10,10730,买盘
904,13:58:09,10.72,--,20,21440,卖盘
905,13:58:06,10.72,--,16,17152,卖盘
906,13:58:03,10.72,--,50,53600,卖盘
907,13:58:00,10.72,--,773,828656,卖盘
908,13:57:54,10.72,--,50,53600,卖盘
909,13:57:48,10.72,-0.01,30,32160,卖盘
910,13:57:45,10.73,--,45,48285,买盘
911,13:57:39,10.73,0.01,71,76183,买盘
912,13:57:36,10.72,--,38,40736,卖盘
913,13:57:33,10.72,--,30,32160,卖盘
914,13:57:27,10.72,--,633,678576,卖盘
915,13:57:24,10.72,-0.01,29,31088,卖盘
916,13:57:18,10.73,--,10,10730,买盘
917,13:57:15,10.73,0.01,16,17168,买盘
918,13:57:12,10.72,-0.01,50,53600,卖盘
919,13:57:09,10.73,--,79,84767,买盘
920,13:57:06,10.73,--,66,70818,买盘
921,13:57:00,10.73,--,10,10730,买盘
922,13:56:57,10.73,--,17,18241,买盘
923,13:56:54,10.73,0.01,10,10730,买盘
924,13:56:51,10.72,--,2,2144,卖盘
925,13:56:45,10.72,-0.01,7,7504,卖盘
926,13:56:42,10.73,--,20,21460,买盘
927,13:56:36,10.73,--,37,39701,买盘
928,13:56:33,10.73,0.01,100,107300,买盘
929,13:56:30,10.72,-0.01,33,35376,卖盘
930,13:56:27,10.73,-0.01,302,324046,卖盘
931,13:56:21,10.74,--,2,2148,买盘
932,13:56:18,10.74,0.01,12,12888,买盘
933,13:56:09,10.73,-0.01,130,139490,卖盘
934,13:56:06,10.74,0.01,58,62292,买盘
935,13:56:00,10.73,-0.01,390,418470,卖盘
936,13:55:57,10.74,--,1955,2099670,买盘
937,13:55:51,10.74,--,12,12888,买盘
938,13:55:48,10.74,0.01,1,1074,买盘
939,13:55:45,10.73,--,24,25752,卖盘
940,13:55:42,10.73,-0.01,48,51504,卖盘
941,13:55:36,10.74,0.01,186,199764,买盘
942,13:55:21,10.73,-0.01,66,70818,卖盘
943,13:55:18,10.74,--,7,7518,买盘
944,13:55:06,10.74,--,2,2148,买盘
945,13:55:00,10.74,--,20,21480,买盘
946,13:54:57,10.74,--,83,89356,卖盘
947,13:54:54,10.74,--,15,16110,卖盘
948,13:54:51,10.74,--,43,46182,卖盘
949,13:54:48,10.74,--,66,70884,卖盘
950,13:54:42,10.74,--,65,70669,买盘
951,13:54:39,10.74,--,6,6658,卖盘
952,13:54:36,10.74,--,13,14821,买盘
953,13:54:33,10.74,--,10,10740,买盘
954,13:54:30,10.74,--,300,322414,卖盘
955,13:54:27,10.74,--,28,30931,卖盘
956,13:54:18,10.74,--,192,206208,买盘
957,13:54:15,10.74,--,22,23628,买盘
958,13:54:09,10.74,--,2,2148,买盘
959,13:54:03,10.74,--,48,51552,买盘
960,13:54:00,10.74,--,8,8592,买盘
961,13:53:57,10.74,--,443,475782,卖盘
962,13:53:51,10.74,--,12,12888,卖盘
963,13:53:48,10.74,-0.01,2,2148,卖盘
964,13:53:45,10.75,0.01,23,24725,买盘
965,13:53:39,10.74,--,682,732468,买盘
966,13:53:36,10.74,--,2,2148,买盘
967,13:53:33,10.74,--,21,22554,买盘
968,13:53:30,10.74,--,71,76254,买盘
969,13:53:27,10.74,-0.01,127,136398,卖盘
970,13:53:24,10.75,0.01,94,101050,买盘
971,13:53:21,10.74,--,50,53700,卖盘
972,13:53:18,10.74,-0.01,6,6444,卖盘
973,13:53:15,10.75,--,51,54825,买盘
974,13:53:09,10.75,0.01,7,7525,买盘
975,13:53:06,10.74,-0.01,40,42960,卖盘
976,13:53:03,10.75,--,8,8600,买盘
977,13:53:00,10.75,0.01,36,38700,买盘
978,13:52:57,10.74,--,736,790464,卖盘
979,13:52:51,10.74,-0.01,31,33294,卖盘
980,13:52:45,10.75,0.01,86,92450,买盘
981,13:52:42,10.74,--,20,21480,卖盘
982,13:52:39,10.74,--,37,39738,卖盘
983,13:52:36,10.74,--,135,144990,卖盘
984,13:52:33,10.74,-0.01,134,143916,卖盘
985,13:52:24,10.75,--,94,101050,买盘
986,13:52:18,10.75,--,112,120400,买盘
987,13:52:12,10.75,--,100,107500,买盘
988,13:52:00,10.75,0.01,91,97825,买盘
989,13:51:57,10.74,-0.01,40,42960,卖盘
990,13:51:54,10.75,--,209,225707,卖盘
991,13:51:51,10.75,-0.01,80,86000,卖盘
992,13:51:48,10.76,0.01,45,48420,买盘
993,13:51:45,10.75,-0.01,32,34400,卖盘
994,13:51:39,10.76,0.01,108,116208,买盘
995,13:51:36,10.75,--,39,41925,卖盘
996,13:51:33,10.75,-0.01,1,1075,卖盘
997,13:51:30,10.76,0.01,39,41964,买盘
998,13:51:27,10.75,--,489,525675,卖盘
999,13:51:24,10.75,--,4,4300,卖盘
1000,13:51:21,10.75,-0.01,106,113950,卖盘
1001,13:51:18,10.76,0.01,26,27976,买盘
1002,13:51:15,10.75,-0.01,86,92450,卖盘
1003,13:51:12,10.76,--,30,32280,买盘
1004,13:51:09,10.76,--,307,330332,买盘
1005,13:51:06,10.76,--,70,75320,买盘
1006,13:51:03,10.76,0.01,322,346472,买盘
1007,13:51:00,10.75,--,38,40850,卖盘
1008,13:50:57,10.75,--,453,486975,卖盘
1009,13:50:51,10.75,--,242,260150,卖盘
1010,13:50:48,10.75,--,143,153725,卖盘
1011,13:50:45,10.75,--,9,9675,卖盘
1012,13:50:42,10.75,--,42,45150,卖盘
1013,13:50:36,10.75,--,36,38700,卖盘
1014,13:50:30,10.75,--,316,339700,卖盘
1015,13:50:27,10.75,--,35,38485,卖盘
1016,13:50:24,10.75,-0.01,86,92450,卖盘
1017,13:50:21,10.76,--,102,109752,买盘
1018,13:50:18,10.76,0.01,23,24748,买盘
1019,13:50:15,10.75,-0.01,92,98900,卖盘
1020,13:50:12,10.76,--,38,40888,买盘
1021,13:50:09,10.76,--,20,21520,买盘
1022,13:50:06,10.76,--,120,129120,买盘
1023,13:50:03,10.76,--,20,21520,买盘
1024,13:50:00,10.76,--,383,412108,买盘
1025,13:49:57,10.76,--,155,166780,买盘
1026,13:49:54,10.76,--,211,227036,买盘
1027,13:49:48,10.76,0.01,66,71016,买盘
1028,13:49:42,10.75,--,58,62350,卖盘
1029,13:49:39,10.75,--,21,22575,卖盘
1030,13:49:36,10.75,-0.01,74,79550,卖盘
1031,13:49:33,10.76,--,14,15064,买盘
1032,13:49:30,10.76,0.01,18,19884,买盘
1033,13:49:27,10.75,--,3,3913,卖盘
1034,13:49:24,10.75,-0.01,119,127925,卖盘
1035,13:49:21,10.76,0.01,51,54876,买盘
1036,13:49:18,10.75,--,51,54825,卖盘
1037,13:49:15,10.75,--,107,115154,买盘
1038,13:49:12,10.75,--,9,9675,买盘
1039,13:49:09,10.75,0.01,67,72025,买盘
1040,13:49:06,10.74,-0.01,10,10740,卖盘
1041,13:49:03,10.75,0.01,26,27950,买盘
1042,13:49:00,10.74,-0.01,20,21480,卖盘
1043,13:48:57,10.75,0.01,20,21500,买盘
1044,13:48:54,10.74,-0.01,613,658362,卖盘
1045,13:48:51,10.75,--,110,118250,买盘
1046,13:48:45,10.75,--,205,220375,买盘
1047,13:48:42,10.75,0.01,13,13975,买盘
1048,13:48:39,10.74,-0.01,33,35442,卖盘
1049,13:48:33,10.75,--,46,49450,买盘
1050,13:48:30,10.75,0.01,53,56975,买盘
1051,13:48:27,10.74,-0.01,28,30072,卖盘
1052,13:48:24,10.75,0.01,484,520300,买盘
1053,13:48:21,10.74,-0.01,615,660510,卖盘
1054,13:48:15,10.75,0.01,20,21500,买盘
1055,13:48:12,10.74,-0.01,61,65514,卖盘
1056,13:48:09,10.75,0.01,128,137600,买盘
1057,13:48:06,10.74,-0.01,412,442488,卖盘
1058,13:48:00,10.75,--,229,246175,买盘
1059,13:47:57,10.75,--,96,103200,买盘
1060,13:47:54,10.75,--,486,522450,买盘
1061,13:47:51,10.75,--,25,26875,买盘
1062,13:47:45,10.75,0.01,138,148350,买盘
1063,13:47:42,10.74,-0.01,34,36516,卖盘
1064,13:47:39,10.75,--,1,1075,买盘
1065,13:47:36,10.75,--,55,59125,买盘
1066,13:47:24,10.75,--,218,234350,买盘
1067,13:47:15,10.75,--,8,8600,买盘
1068,13:47:12,10.75,0.01,33,35475,买盘
1069,13:47:06,10.74,-0.01,19,20406,中性盘
1070,13:47:00,10.75,0.01,237,254775,买盘
1071,13:46:57,10.74,0.01,197,211578,买盘
1072,13:46:54,10.73,-0.01,155,166315,卖盘
1073,13:46:51,10.74,--,281,301794,买盘
1074,13:46:48,10.74,--,72,77328,买盘
1075,13:46:45,10.74,--,104,111696,买盘
1076,13:46:42,10.74,--,4,4296,买盘
1077,13:46:39,10.74,--,493,529482,卖盘
1078,13:46:33,10.74,--,77,82698,买盘
1079,13:46:30,10.74,--,137,147997,买盘
1080,13:46:27,10.74,--,216,231984,买盘
1081,13:46:24,10.74,0.01,145,155730,买盘
1082,13:46:21,10.73,-0.01,83,89059,卖盘
1083,13:46:15,10.74,-0.01,304,326496,卖盘
1084,13:46:12,10.75,0.01,404,434300,买盘
1085,13:46:09,10.74,0.01,267,286758,买盘
1086,13:46:06,10.73,-0.01,110,118030,卖盘
1087,13:46:00,10.74,0.01,15,16110,中性盘
1088,13:45:57,10.73,--,34,36482,卖盘
1089,13:45:54,10.73,--,158,169534,卖盘
1090,13:45:51,10.73,-0.02,50,53650,卖盘
1091,13:45:48,10.75,--,301,323575,买盘
1092,13:45:45,10.75,0.03,33,35475,卖盘
1093,13:45:39,10.72,-0.02,33,35376,卖盘
1094,13:45:36,10.74,0.03,1,1074,中性盘
1095,13:45:33,10.71,-0.04,2609,2794239,卖盘
1096,13:45:30,10.75,0.01,1272,1367916,买盘
1097,13:45:27,10.74,0.01,38,41155,买盘
1098,13:45:24,10.73,-0.01,783,840159,卖盘
1099,13:45:21,10.74,0.01,188,201912,买盘
1100,13:45:15,10.73,-0.01,78,83694,卖盘
1101,13:45:12,10.74,--,18,19332,买盘
1102,13:45:09,10.74,--,137,147138,买盘
1103,13:45:03,10.74,--,532,571368,买盘
1104,13:45:00,10.74,0.01,269,288906,买盘
1105,13:44:57,10.73,-0.01,133,142709,中性盘
1106,13:44:54,10.74,--,2413,2591562,买盘
1107,13:44:48,10.74,0.01,31,33294,买盘
1108,13:44:45,10.73,--,113,121249,卖盘
1109,13:44:42,10.73,-0.01,10,10730,卖盘
1110,13:44:36,10.74,0.01,28,30072,买盘
1111,13:44:33,10.73,-0.01,49,52577,卖盘
1112,13:44:30,10.74,--,93,99882,买盘
1113,13:44:27,10.74,0.02,78,83772,买盘
1114,13:44:21,10.72,-0.01,770,825440,卖盘
1115,13:44:18,10.73,--,138,148074,买盘
1116,13:44:15,10.73,--,4,4292,买盘
1117,13:44:12,10.73,--,62,66526,买盘
1118,13:44:09,10.73,--,148,158804,买盘
1119,13:44:06,10.73,0.01,106,113738,买盘
1120,13:43:54,10.72,-0.01,51,54672,卖盘
1121,13:43:51,10.73,--,29,31117,买盘
1122,13:43:48,10.73,--,110,118030,买盘
1123,13:43:42,10.73,--,44,47212,买盘
1124,13:43:39,10.73,--,28,30044,买盘
1125,13:43:36,10.73,--,255,273615,买盘
1126,13:43:33,10.73,--,48,51504,买盘
1127,13:43:30,10.73,--,635,681355,买盘
1128,13:43:27,10.73,--,567,608391,买盘
1129,13:43:21,10.73,0.01,220,236060,买盘
1130,13:43:18,10.72,-0.01,1,1072,卖盘
1131,13:43:15,10.73,--,12,12876,买盘
1132,13:43:12,10.73,--,5,5365,买盘
1133,13:43:09,10.73,0.01,19,20387,买盘
1134,13:43:00,10.72,--,34,36448,卖盘
1135,13:42:54,10.72,-0.01,37,39664,卖盘
1136,13:42:45,10.73,-0.01,412,442719,卖盘
1137,13:42:42,10.74,--,181,194394,买盘
1138,13:42:32,10.74,0.01,10,10740,买盘
1139,13:42:29,10.73,--,1,1073,卖盘
1140,13:42:26,10.73,-0.01,35,38413,卖盘
1141,13:42:20,10.74,--,22,23628,买盘
1142,13:42:14,10.74,--,10,10740,买盘
1143,13:42:08,10.74,--,25,26850,买盘
1144,13:42:05,10.74,--,47,50478,买盘
1145,13:42:02,10.74,0.01,10,10740,买盘
1146,13:41:56,10.73,-0.01,76,81548,卖盘
1147,13:41:53,10.74,--,1,1074,买盘
1148,13:41:47,10.74,0.01,83,89142,买盘
1149,13:41:44,10.73,--,64,68672,卖盘
1150,13:41:35,10.73,--,33,35409,卖盘
1151,13:41:29,10.73,-0.01,43,46139,卖盘
1152,13:41:23,10.74,0.01,402,431748,买盘
1153,13:41:17,10.73,--,50,53650,卖盘
1154,13:41:11,10.73,--,100,107300,卖盘
1155,13:41:08,10.73,-0.01,1,1073,卖盘
1156,13:41:02,10.74,--,7,7518,买盘
1157,13:40:59,10.74,--,64,68736,买盘
1158,13:40:53,10.74,--,41,44034,卖盘
1159,13:40:50,10.74,-0.01,9,9666,卖盘
1160,13:40:47,10.75,0.01,417,448275,买盘
1161,13:40:35,10.74,-0.01,71,76254,卖盘
1162,13:40:23,10.75,0.01,31,33325,买盘
1163,13:40:14,10.74,--,1,1074,卖盘
1164,13:40:11,10.74,--,130,139620,卖盘
1165,13:40:08,10.74,--,20,21480,卖盘
1166,13:40:05,10.74,-0.01,2,2148,卖盘
1167,13:40:02,10.75,--,42,45150,买盘
1168,13:39:56,10.75,--,307,330025,买盘
1169,13:39:53,10.75,0.01,82,88150,买盘
1170,13:39:50,10.74,--,1,1074,卖盘
1171,13:39:44,10.74,--,192,206208,卖盘
1172,13:39:38,10.74,--,284,305016,卖盘
1173,13:39:32,10.74,--,1,1074,卖盘
1174,13:39:29,10.74,--,55,59070,卖盘
1175,13:39:23,10.74,--,239,257545,买盘
1176,13:39:17,10.74,--,38,40812,买盘
1177,13:39:14,10.74,0.01,257,276018,买盘
1178,13:39:11,10.73,--,20,21460,卖盘
1179,13:39:08,10.73,-0.01,22,23606,卖盘
1180,13:39:05,10.74,--,29,31146,买盘
1181,13:39:02,10.74,--,37,39738,买盘
1182,13:38:59,10.74,0.01,68,73032,买盘
1183,13:38:56,10.73,-0.01,50,53650,卖盘
1184,13:38:53,10.74,0.01,100,107400,买盘
1185,13:38:50,10.73,-0.01,89,95497,卖盘
1186,13:38:47,10.74,--,40,42960,买盘
1187,13:38:44,10.74,--,76,81624,买盘
1188,13:38:41,10.74,0.01,72,77328,买盘
1189,13:38:38,10.73,--,213,228549,卖盘
1190,13:38:32,10.73,--,4,4292,卖盘
1191,13:38:29,10.73,--,45,49143,卖盘
1192,13:38:23,10.73,--,3,3219,卖盘
1193,13:38:17,10.73,--,10,10730,卖盘
1194,13:38:14,10.73,--,97,104081,卖盘
1195,13:38:08,10.73,--,3,3219,卖盘
1196,13:38:02,10.73,0.01,102,109446,买盘
1197,13:37:59,10.72,-0.01,21,22512,卖盘
1198,13:37:56,10.73,-0.01,6,6438,中性盘
1199,13:37:41,10.74,0.02,1,1074,买盘
1200,13:37:38,10.72,-0.01,74,79328,卖盘
1201,13:37:26,10.73,0.01,3,3219,买盘
1202,13:37:20,10.72,-0.02,5,5360,卖盘
1203,13:37:11,10.74,0.01,70,75180,买盘
1204,13:37:08,10.73,--,60,64380,买盘
1205,13:37:05,10.73,0.01,40,42920,买盘
1206,13:36:59,10.72,--,18,19296,买盘
1207,13:36:56,10.72,--,16,17152,中性盘
1208,13:36:50,10.72,-0.01,514,551008,卖盘
1209,13:36:47,10.73,0.01,26,27898,买盘
1210,13:36:44,10.72,-0.01,53,56816,卖盘
1211,13:36:38,10.73,--,38,40774,卖盘
1212,13:36:35,10.73,--,6,6438,卖盘
1213,13:36:32,10.73,--,171,183483,卖盘
1214,13:36:29,10.73,0.01,115,123395,买盘
1215,13:36:26,10.72,--,1,1072,卖盘
1216,13:36:23,10.72,-0.01,129,138288,卖盘
1217,13:36:17,10.73,-0.01,55,59015,中性盘
1218,13:36:14,10.74,0.01,586,629364,买盘
1219,13:36:11,10.73,0.01,17,18241,买盘
1220,13:36:08,10.72,0.01,25,26800,中性盘
1221,13:36:05,10.71,-0.02,52,55692,卖盘
1222,13:36:02,10.73,--,10,10730,买盘
1223,13:35:50,10.73,--,148,158804,卖盘
1224,13:35:47,10.73,0.02,23,24679,卖盘
1225,13:35:41,10.71,-0.02,2021,2164491,卖盘
1226,13:35:38,10.73,-0.01,413,443149,卖盘
1227,13:35:35,10.74,0.01,14,15036,买盘
1228,13:35:32,10.73,--,35,37555,卖盘
1229,13:35:29,10.73,--,5,5365,卖盘
1230,13:35:26,10.73,-0.01,63,67599,卖盘
1231,13:35:20,10.74,--,5,5370,买盘
1232,13:35:17,10.74,0.01,37,39738,买盘
1233,13:35:14,10.73,--,9,9657,卖盘
1234,13:35:11,10.73,--,10,10730,卖盘
1235,13:35:08,10.73,--,392,420616,卖盘
1236,13:35:02,10.73,--,55,59015,卖盘
1237,13:34:59,10.73,-0.01,37,39701,卖盘
1238,13:34:53,10.74,0.01,279,299646,买盘
1239,13:34:50,10.73,--,3,3219,卖盘
1240,13:34:47,10.73,--,30,32190,卖盘
1241,13:34:44,10.73,--,45,48285,卖盘
1242,13:34:38,10.73,--,33,35409,卖盘
1243,13:34:35,10.73,--,500,536500,卖盘
1244,13:34:32,10.73,--,1,1073,卖盘
1245,13:34:29,10.73,--,1,1073,卖盘
1246,13:34:26,10.73,--,55,59873,卖盘
1247,13:34:20,10.73,-0.01,45,48285,卖盘
1248,13:34:14,10.74,0.01,9,9666,买盘
1249,13:34:11,10.73,--,100,107300,卖盘
1250,13:34:08,10.73,-0.01,18,19314,卖盘
1251,13:34:05,10.74,0.01,119,127806,买盘
1252,13:34:02,10.73,--,100,107300,卖盘
1253,13:33:59,10.73,--,34,36482,卖盘
1254,13:33:56,10.73,--,18,19314,卖盘
1255,13:33:50,10.73,-0.01,68,72964,卖盘
1256,13:33:44,10.74,-0.01,26,27924,卖盘
1257,13:33:41,10.75,0.02,266,285950,买盘
1258,13:33:38,10.73,--,33,35409,卖盘
1259,13:33:26,10.73,-0.01,1050,1126650,卖盘
1260,13:33:23,10.74,-0.01,36,38664,卖盘
1261,13:33:17,10.75,0.01,2,2150,买盘
1262,13:33:14,10.74,--,3,4081,卖盘
1263,13:33:11,10.74,--,45,48330,卖盘
1264,13:33:08,10.74,--,174,186876,卖盘
1265,13:33:05,10.74,-0.01,114,122436,卖盘
1266,13:32:59,10.75,--,46,49450,买盘
1267,13:32:53,10.75,0.01,42,45150,买盘
1268,13:32:47,10.74,--,5,5370,卖盘
1269,13:32:44,10.74,--,4,4296,卖盘
1270,13:32:41,10.74,--,20,21480,卖盘
1271,13:32:38,10.74,--,83,89142,卖盘
1272,13:32:32,10.74,-0.01,9,9666,卖盘
1273,13:32:29,10.75,0.01,1,1075,买盘
1274,13:32:20,10.74,--,30,32220,卖盘
1275,13:32:17,10.74,--,54,57996,卖盘
1276,13:32:14,10.74,--,33,35442,卖盘
1277,13:32:11,10.74,--,181,195253,买盘
1278,13:32:08,10.74,--,8,8592,买盘
1279,13:32:05,10.74,--,2,3179,买盘
1280,13:32:02,10.74,--,10,10740,买盘
1281,13:31:59,10.74,--,122,131028,买盘
1282,13:31:56,10.74,0.01,500,537000,买盘
1283,13:31:53,10.73,-0.01,93,99831,卖盘
1284,13:31:47,10.74,--,20,21480,买盘
1285,13:31:41,10.74,--,132,141768,买盘
1286,13:31:35,10.74,--,36,38664,买盘
1287,13:31:32,10.74,-0.01,1513,1625520,卖盘
1288,13:31:29,10.75,--,47,50568,卖盘
1289,13:31:26,10.75,--,14,16082,卖盘
1290,13:31:08,10.75,--,50,53750,卖盘
1291,13:31:02,10.75,-0.01,10,10750,卖盘
1292,13:30:50,10.76,--,7,7575,买盘
1293,13:30:44,10.76,0.01,70,75320,买盘
1294,13:30:41,10.75,-0.01,258,278382,卖盘
1295,13:30:38,10.76,--,27,29095,买盘
1296,13:30:32,10.76,-0.01,10,10932,卖盘
1297,13:30:29,10.77,0.01,45,49369,买盘
1298,13:30:26,10.76,--,30,32280,卖盘
1299,13:30:23,10.76,--,6,6456,卖盘
1300,13:30:14,10.76,--,10,10760,卖盘
1301,13:30:11,10.76,--,18,19368,买盘
1302,13:30:08,10.76,-0.01,4,4304,卖盘
1303,13:30:02,10.77,--,98,106579,买盘
1304,13:29:59,10.77,0.01,100,107700,买盘
1305,13:29:56,10.76,-0.01,19,20487,卖盘
1306,13:29:53,10.77,0.01,52,57037,买盘
1307,13:29:50,10.76,-0.01,49,52767,卖盘
1308,13:29:47,10.77,0.01,282,303714,买盘
1309,13:29:41,10.76,--,10,10760,卖盘
1310,13:29:35,10.76,--,130,139880,卖盘
1311,13:29:32,10.76,--,64,68864,卖盘
1312,13:29:26,10.76,-0.01,30,32280,卖盘
1313,13:29:23,10.77,0.01,4,5341,买盘
1314,13:29:14,10.76,--,25,26943,卖盘
1315,13:29:11,10.76,-0.01,6,6456,卖盘
1316,13:29:05,10.77,0.01,6,7495,买盘
1317,13:29:02,10.76,-0.01,1,1119,卖盘
1318,13:28:59,10.77,--,6,6462,买盘
1319,13:28:53,10.77,--,8,9649,买盘
1320,13:28:50,10.77,--,66,71082,买盘
1321,13:28:47,10.77,--,92,99084,买盘
1322,13:28:41,10.77,0.01,20,21540,买盘
1323,13:28:38,10.76,-0.01,43,46311,卖盘
1324,13:28:35,10.77,0.01,46,49542,买盘
1325,13:28:32,10.76,--,30,32280,卖盘
1326,13:28:29,10.76,-0.01,4,5336,卖盘
1327,13:28:26,10.77,0.01,23,24814,买盘
1328,13:28:20,10.76,--,20,21520,卖盘
1329,13:28:17,10.76,--,76,81776,卖盘
1330,13:28:11,10.76,-0.01,64,69896,卖盘
1331,13:28:05,10.77,0.01,19,20506,买盘
1332,13:27:59,10.76,--,0,1032,卖盘
1333,13:27:56,10.76,--,70,75320,卖盘
1334,13:27:53,10.76,-0.01,35,37703,卖盘
1335,13:27:50,10.77,0.01,42,45234,买盘
1336,13:27:44,10.76,--,224,242056,卖盘
1337,13:27:41,10.76,-0.01,36,38736,卖盘
1338,13:27:35,10.77,0.01,11,11890,买盘
1339,13:27:32,10.76,--,30,32280,卖盘
1340,13:27:29,10.76,-0.01,4,5336,卖盘
1341,13:27:26,10.77,--,386,415722,买盘
1342,13:27:23,10.77,0.01,1,1120,买盘
1343,13:27:14,10.76,--,2,2152,卖盘
1344,13:27:11,10.76,--,4,5336,卖盘
1345,13:27:08,10.76,--,44,47344,卖盘
1346,13:27:05,10.76,--,30,32280,卖盘
1347,13:27:02,10.76,--,266,286216,买盘
1348,13:26:59,10.76,--,19,20487,买盘
1349,13:26:56,10.76,--,30,32280,买盘
1350,13:26:53,10.76,--,2,3184,买盘
1351,13:26:47,10.76,--,50,53800,买盘
1352,13:26:44,10.76,--,7,7575,买盘
1353,13:26:41,10.76,--,2,3184,买盘
1354,13:26:38,10.76,0.01,2,2152,买盘
1355,13:26:32,10.75,-0.01,29,31218,卖盘
1356,13:26:29,10.76,0.01,118,128000,买盘
1357,13:26:26,10.75,-0.01,74,80410,卖盘
1358,13:26:23,10.76,--,22,23672,买盘
1359,13:26:20,10.76,--,10,10760,买盘
1360,13:26:14,10.76,-0.01,1,1119,买盘
1361,13:26:11,10.77,0.02,82,88314,买盘
1362,13:26:08,10.75,-0.01,2,2322,卖盘
1363,13:26:05,10.76,--,60,64560,卖盘
1364,13:26:02,10.76,--,94,101144,卖盘
1365,13:25:59,10.76,-0.01,81,87199,卖盘
1366,13:25:56,10.77,0.01,30,32310,买盘
1367,13:25:53,10.76,--,161,174053,买盘
1368,13:25:50,10.76,--,21,22639,买盘
1369,13:25:44,10.76,0.01,2,2152,买盘
1370,13:25:41,10.75,-0.01,66,71982,卖盘
1371,13:25:38,10.76,--,72,77472,买盘
1372,13:25:35,10.76,0.01,102,109752,买盘
1373,13:25:32,10.75,--,219,235468,卖盘
1374,13:25:26,10.75,-0.01,50,54782,卖盘
1375,13:25:20,10.76,--,19,20487,买盘
1376,13:25:17,10.76,--,42,45192,买盘
1377,13:25:14,10.76,--,4,5336,买盘
1378,13:25:11,10.76,--,2,2152,买盘
1379,13:25:08,10.76,--,36,38736,买盘
1380,13:25:05,10.76,--,74,79624,买盘
1381,13:25:02,10.76,--,38,40888,买盘
1382,13:24:59,10.76,0.01,329,354047,买盘
1383,13:24:56,10.75,-0.01,102,110682,卖盘
1384,13:24:53,10.76,--,61,65679,买盘
1385,13:24:50,10.76,0.01,44,47344,买盘
1386,13:24:47,10.75,--,0,1032,卖盘
1387,13:24:44,10.75,--,6,6450,卖盘
1388,13:24:38,10.75,0.01,552,593400,买盘
1389,13:24:32,10.74,-0.01,43,46224,卖盘
1390,13:24:29,10.75,0.01,72,77400,买盘
1391,13:24:26,10.74,-0.01,100,107400,卖盘
1392,13:24:23,10.75,--,30,33282,买盘
1393,13:24:17,10.75,0.01,54,58050,买盘
1394,13:24:14,10.74,--,22,23628,卖盘
1395,13:24:11,10.74,--,6,6444,卖盘
1396,13:24:08,10.74,--,3,3264,卖盘
1397,13:24:05,10.74,-0.01,122,132059,卖盘
1398,13:23:59,10.75,0.01,5,5418,买盘
1399,13:23:56,10.74,--,150,161100,卖盘
1400,13:23:53,10.74,-0.01,20,21480,卖盘
1401,13:23:50,10.75,0.01,8,8600,买盘
1402,13:23:47,10.74,--,82,88068,卖盘
1403,13:23:44,10.74,-0.01,10,10740,卖盘
1404,13:23:41,10.75,0.01,62,67682,买盘
1405,13:23:38,10.74,--,139,149328,卖盘
1406,13:23:32,10.74,--,352,379079,卖盘
1407,13:23:29,10.74,--,1,1116,卖盘
1408,13:23:26,10.74,--,8,8592,卖盘
1409,13:23:23,10.74,--,102,109548,卖盘
1410,13:23:20,10.74,--,98,106283,卖盘
1411,13:23:17,10.74,--,10,10740,卖盘
1412,13:23:14,10.74,--,1,1116,卖盘
1413,13:23:08,10.74,--,2,3179,卖盘
1414,13:23:05,10.74,--,10,10740,卖盘
1415,13:22:59,10.74,-0.01,35,37632,卖盘
1416,13:22:56,10.75,0.01,10,10750,买盘
1417,13:22:50,10.74,-0.01,2,3179,卖盘
1418,13:22:47,10.75,--,33,35518,卖盘
1419,13:22:44,10.75,--,6,6450,卖盘
1420,13:22:38,10.75,-0.01,114,122550,卖盘
1421,13:22:35,10.76,0.02,38,41920,买盘
1422,13:22:32,10.74,-0.01,233,250284,卖盘
1423,13:22:29,10.75,--,25,27692,卖盘
1424,13:22:23,10.75,--,7,7568,卖盘
1425,13:22:20,10.75,-0.01,10,10750,卖盘
1426,13:22:17,10.76,--,70,76352,买盘
1427,13:22:14,10.76,0.01,82,88232,买盘
1428,13:22:11,10.75,--,30,32250,卖盘
1429,13:22:08,10.75,--,1,1118,卖盘
1430,13:22:05,10.75,-0.01,4,5332,卖盘
1431,13:21:59,10.76,0.01,214,230264,买盘
1432,13:21:56,10.75,--,159,170968,卖盘
1433,13:21:53,10.75,-0.01,26,28982,卖盘
1434,13:21:49,10.76,0.01,63,67831,买盘
1435,13:21:46,10.75,-0.01,84,91332,卖盘
1436,13:21:37,10.76,--,8,8608,买盘
1437,13:21:34,10.76,--,39,42007,买盘
1438,13:21:25,10.76,0.01,22,23672,买盘
1439,13:21:22,10.75,-0.01,4,5332,卖盘
1440,13:21:19,10.76,--,92,98992,买盘
1441,13:21:13,10.76,0.01,20,21520,买盘
1442,13:21:10,10.75,--,49,52718,卖盘
1443,13:21:07,10.75,-0.01,136,146458,卖盘
1444,13:21:01,10.76,--,130,139880,买盘
1445,13:20:58,10.76,0.01,52,56984,买盘
1446,13:20:55,10.75,-0.01,69,74218,卖盘
1447,13:20:46,10.76,0.01,20,21520,买盘
1448,13:20:40,10.75,--,70,76282,卖盘
1449,13:20:37,10.75,-0.01,3,3268,卖盘
1450,13:20:31,10.76,0.01,8,8608,买盘
1451,13:20:28,10.75,-0.01,78,84882,卖盘
1452,13:20:22,10.76,--,19,20487,买盘
1453,13:20:16,10.76,0.01,28,30128,买盘
1454,13:20:13,10.75,-0.01,16,17200,卖盘
1455,13:20:04,10.76,--,10,10760,买盘
1456,13:20:01,10.76,--,6,6456,买盘
1457,13:19:58,10.76,-0.01,26,27976,卖盘
1458,13:19:55,10.77,0.02,24,26881,买盘
1459,13:19:52,10.75,-0.02,98,105350,卖盘
1460,13:19:49,10.77,--,125,134668,买盘
1461,13:19:46,10.77,0.01,20,21540,买盘
1462,13:19:43,10.76,--,10,10760,卖盘
1463,13:19:40,10.76,--,68,73168,卖盘
1464,13:19:34,10.76,--,70,75320,卖盘
1465,13:19:31,10.76,--,2,3184,卖盘
1466,13:19:28,10.76,--,6,6456,卖盘
1467,13:19:22,10.76,--,20,21520,卖盘
1468,13:19:19,10.76,--,430,462680,卖盘
1469,13:19:13,10.76,--,102,109752,买盘
1470,13:19:07,10.76,--,32,34432,买盘
1471,13:19:04,10.76,0.01,6,6456,买盘
1472,13:18:58,10.75,--,5,5418,卖盘
1473,13:18:55,10.75,-0.02,92,98900,卖盘
1474,13:18:43,10.77,0.01,18,20419,买盘
1475,13:18:40,10.76,--,43,46311,卖盘
1476,13:18:37,10.76,--,6,6456,卖盘
1477,13:18:34,10.76,--,4,5336,卖盘
1478,13:18:28,10.76,0.01,117,126795,买盘
1479,13:18:19,10.75,--,342,368682,卖盘
1480,13:18:16,10.75,-0.01,31,33368,卖盘
1481,13:18:13,10.76,0.01,20,21520,买盘
1482,13:18:10,10.75,--,0,1032,卖盘
1483,13:18:07,10.75,-0.01,216,232200,卖盘
1484,13:18:04,10.76,0.01,45,48463,买盘
1485,13:17:58,10.75,--,34,36550,卖盘
1486,13:17:55,10.75,-0.02,20,21500,卖盘
1487,13:17:52,10.77,0.02,834,899251,买盘
1488,13:17:49,10.75,-0.01,10,10750,卖盘
1489,13:17:46,10.76,--,24,25824,买盘
1490,13:17:43,10.76,--,11,11879,买盘
1491,13:17:40,10.76,--,152,163552,买盘
1492,13:17:31,10.76,-0.01,110,118360,卖盘
1493,13:17:28,10.77,--,140,151813,买盘
1494,13:17:19,10.77,0.01,20,21540,买盘
1495,13:17:16,10.76,-0.01,29,31247,卖盘
1496,13:17:13,10.77,0.01,16,18265,买盘
1497,13:17:10,10.76,-0.01,12,12912,卖盘
1498,13:17:07,10.77,0.01,102,109854,买盘
1499,13:17:01,10.76,--,13,14031,卖盘
1500,13:16:58,10.76,--,44,47344,卖盘
1501,13:16:52,10.76,--,18,19368,卖盘
1502,13:16:49,10.76,--,2,3184,卖盘
1503,13:16:46,10.76,--,40,43040,卖盘
1504,13:16:40,10.76,--,20,21520,卖盘
1505,13:16:37,10.76,--,438,471288,卖盘
1506,13:16:34,10.76,0.01,24,25824,买盘
1507,13:16:31,10.75,-0.01,36,38700,卖盘
1508,13:16:28,10.76,--,14,15064,买盘
1509,13:16:22,10.76,-0.01,111,119479,中性盘
1510,13:16:19,10.77,0.01,506,545995,买盘
1511,13:16:16,10.76,--,10,10760,买盘
1512,13:16:10,10.76,0.01,11,11879,买盘
1513,13:16:07,10.75,--,112,121432,卖盘
1514,13:16:04,10.75,-0.01,4,4300,卖盘
1515,13:16:01,10.76,--,23,24791,买盘
1516,13:15:58,10.76,--,38,40888,买盘
1517,13:15:55,10.76,--,56,61288,卖盘
1518,13:15:52,10.76,--,78,83928,卖盘
1519,13:15:49,10.76,--,344,370144,卖盘
1520,13:15:46,10.76,-0.01,40,43040,卖盘
1521,13:15:43,10.77,0.01,81,87280,买盘
1522,13:15:40,10.76,0.01,16,17216,买盘
1523,13:15:37,10.75,-0.02,710,764282,卖盘
1524,13:15:31,10.77,--,129,138976,买盘
1525,13:15:28,10.77,0.01,16,17232,买盘
1526,13:15:25,10.76,--,50,53800,卖盘
1527,13:15:22,10.76,--,10,10760,卖盘
1528,13:15:19,10.76,-0.01,40,43040,卖盘
1529,13:15:16,10.77,0.01,20,21540,买盘
1530,13:15:13,10.76,--,10,10760,卖盘
1531,13:15:10,10.76,--,8,8608,卖盘
1532,13:15:07,10.76,--,58,63440,卖盘
1533,13:15:01,10.76,0.01,2,2152,中性盘
1534,13:14:58,10.75,-0.02,33,35518,卖盘
1535,13:14:52,10.77,0.02,16,17232,买盘
1536,13:14:49,10.75,--,34,36550,卖盘
1537,13:14:46,10.75,-0.01,24,26832,卖盘
1538,13:14:43,10.76,0.01,101,108719,买盘
1539,13:14:40,10.75,-0.01,52,56932,卖盘
1540,13:14:37,10.76,--,55,59223,买盘
1541,13:14:34,10.76,0.01,10,10760,买盘
1542,13:14:31,10.75,-0.01,82,89182,卖盘
1543,13:14:28,10.76,--,95,103123,买盘
1544,13:14:25,10.76,--,2,3184,买盘
1545,13:14:19,10.76,--,4,4304,买盘
1546,13:14:13,10.76,--,8,8608,买盘
1547,13:14:10,10.76,-0.01,90,96840,中性盘
1548,13:14:07,10.77,--,33,35584,买盘
1549,13:14:04,10.77,--,476,513685,买盘
1550,13:14:01,10.77,0.01,2,2154,买盘
1551,13:13:58,10.76,-0.01,60,65334,卖盘
1552,13:13:52,10.77,--,10,10770,买盘
1553,13:13:49,10.77,0.01,42,45234,买盘
1554,13:13:46,10.76,--,240,258584,买盘
1555,13:13:40,10.76,--,145,156407,卖盘
1556,13:13:37,10.76,--,80,86768,卖盘
1557,13:13:34,10.76,-0.01,46,49496,卖盘
1558,13:13:31,10.77,--,8,8616,买盘
1559,13:13:28,10.77,0.01,54,59191,买盘
1560,13:13:25,10.76,--,28,30128,卖盘
1561,13:13:22,10.76,-0.01,20,21520,卖盘
1562,13:13:16,10.77,0.01,1,1120,买盘
1563,13:13:13,10.76,-0.01,8,8608,卖盘
1564,13:13:10,10.77,0.01,10,10770,买盘
1565,13:13:07,10.76,--,10,11792,卖盘
1566,13:13:04,10.76,-0.02,50,53800,卖盘
1567,13:13:01,10.78,0.01,96,103488,买盘
1568,13:12:58,10.77,--,112,120882,卖盘
1569,13:12:55,10.77,--,231,249605,买盘
1570,13:12:49,10.77,0.01,201,216520,买盘
1571,13:12:43,10.76,-0.01,10,10760,卖盘
1572,13:12:40,10.77,--,20,21540,买盘
1573,13:12:37,10.77,--,6,7495,买盘
1574,13:12:28,10.77,0.02,19,20506,买盘
1575,13:12:25,10.75,-0.02,26,28982,卖盘
1576,13:12:22,10.77,--,22,23694,买盘
1577,13:12:19,10.77,--,35,37738,买盘
1578,13:12:16,10.77,--,26,28002,买盘
1579,13:12:13,10.77,0.02,24,25848,买盘
1580,13:12:10,10.75,--,20,21500,卖盘
1581,13:12:07,10.75,-0.01,0,1032,卖盘
1582,13:12:04,10.76,0.01,60,64560,中性盘
1583,13:11:58,10.75,--,54,58050,卖盘
1584,13:11:55,10.75,--,20,21500,卖盘
1585,13:11:52,10.75,--,5,5418,卖盘
1586,13:11:49,10.75,-0.02,12,13416,卖盘
1587,13:11:46,10.77,--,37,39849,买盘
1588,13:11:43,10.77,0.02,110,118470,买盘
1589,13:11:40,10.75,-0.02,33,35475,卖盘
1590,13:11:34,10.77,0.02,243,261711,买盘
1591,13:11:28,10.75,0.02,7,7525,买盘
1592,13:11:19,10.73,-0.03,4,4292,卖盘
1593,13:11:13,10.76,0.01,19,20444,买盘
1594,13:11:04,10.75,0.04,13,13975,买盘
1595,13:10:55,10.71,-0.04,700,749700,卖盘
1596,13:10:52,10.75,--,11,11825,卖盘
1597,13:10:49,10.75,-0.02,19,20425,卖盘
1598,13:10:46,10.77,--,17,18309,买盘
1599,13:10:43,10.77,0.01,104,112008,买盘
1600,13:10:40,10.76,--,121,130411,买盘
1601,13:10:37,10.76,0.02,36,38736,中性盘
1602,13:10:31,10.74,-0.03,938,1007412,卖盘
1603,13:10:25,10.77,-0.01,83,90252,卖盘
1604,13:10:22,10.78,0.01,426,459228,买盘
1605,13:10:19,10.77,--,3,3231,卖盘
1606,13:10:16,10.77,--,39,42003,卖盘
1607,13:10:13,10.77,-0.01,26,28002,卖盘
1608,13:10:04,10.78,--,25,26950,买盘
1609,13:10:01,10.78,--,88,94864,卖盘
1610,13:09:55,10.78,--,92,99176,卖盘
1611,13:09:52,10.78,0.01,120,129359,买盘
1612,13:09:49,10.77,-0.01,46,49542,卖盘
1613,13:09:46,10.78,0.01,27,29106,买盘
1614,13:09:40,10.77,--,119,128163,卖盘
1615,13:09:37,10.77,-0.01,22,23694,卖盘
1616,13:09:34,10.78,-0.01,79,85162,卖盘
1617,13:09:31,10.79,0.02,429,462890,买盘
1618,13:09:28,10.77,--,100,107700,卖盘
1619,13:09:25,10.77,--,29,31233,卖盘
1620,13:09:22,10.77,--,58,62466,卖盘
1621,13:09:16,10.77,-0.01,1984,2136768,卖盘
1622,13:09:13,10.78,0.01,6,6468,买盘
1623,13:09:10,10.77,--,30,32310,卖盘
1624,13:09:07,10.77,--,36,38772,卖盘
1625,13:09:04,10.77,-0.01,61,65697,卖盘
1626,13:09:01,10.78,-0.01,105,113190,卖盘
1627,13:08:58,10.79,0.01,140,151060,买盘
1628,13:08:55,10.78,0.01,364,392392,买盘
1629,13:08:52,10.77,--,210,226170,卖盘
1630,13:08:49,10.77,--,415,446955,卖盘
1631,13:08:46,10.77,-0.01,10,10770,卖盘
1632,13:08:43,10.78,--,159,171402,买盘
1633,13:08:40,10.78,0.01,23,24794,买盘
1634,13:08:37,10.77,--,263,283251,卖盘
1635,13:08:31,10.77,0.02,347,373719,买盘
1636,13:08:28,10.75,-0.01,1,1075,卖盘
1637,13:08:25,10.76,--,33,35508,买盘
1638,13:08:22,10.76,--,36,38736,买盘
1639,13:08:19,10.76,-0.01,521,560596,卖盘
1640,13:08:13,10.77,--,105,113085,买盘
1641,13:08:07,10.77,--,80,86160,买盘
1642,13:08:04,10.77,--,1,1077,买盘
1643,13:07:58,10.77,--,1,1077,买盘
1644,13:07:55,10.77,--,118,127086,卖盘
1645,13:07:52,10.77,--,125,134625,买盘
1646,13:07:49,10.77,--,97,104469,买盘
1647,13:07:43,10.77,--,7,7539,买盘
1648,13:07:40,10.77,--,40,43080,卖盘
1649,13:07:37,10.77,-0.01,267,287559,卖盘
1650,13:07:34,10.78,--,45,48510,买盘
1651,13:07:31,10.78,0.01,25,26950,买盘
1652,13:07:28,10.77,-0.02,1,1077,卖盘
1653,13:07:25,10.79,0.01,846,912833,买盘
1654,13:07:22,10.78,--,20,21560,买盘
1655,13:07:19,10.78,--,5,5390,买盘
1656,13:07:16,10.78,-0.01,56,60368,卖盘
1657,13:07:10,10.79,--,86,92793,买盘
1658,13:07:07,10.79,0.01,7,7552,买盘
1659,13:07:04,10.78,-0.01,6,6468,卖盘
1660,13:07:01,10.79,0.01,43,46396,买盘
1661,13:06:55,10.78,-0.01,153,164934,卖盘
1662,13:06:52,10.79,--,190,205009,买盘
1663,13:06:49,10.79,--,53,57186,买盘
1664,13:06:43,10.79,0.01,21,22659,买盘
1665,13:06:40,10.78,0.01,10,10780,买盘
1666,13:06:37,10.77,--,32,34464,卖盘
1667,13:06:34,10.77,-0.03,20,21540,卖盘
1668,13:06:31,10.8,0.02,50,54000,买盘
1669,13:06:28,10.78,0.01,5,5390,中性盘
1670,13:06:25,10.77,-0.03,3,3231,卖盘
1671,13:06:22,10.8,--,160,172800,买盘
1672,13:06:19,10.8,--,543,586440,买盘
1673,13:06:16,10.8,--,178,192369,卖盘
1674,13:06:13,10.8,--,80,86400,卖盘
1675,13:06:10,10.8,--,324,349920,卖盘
1676,13:06:04,10.8,--,96,103680,卖盘
1677,13:06:01,10.8,--,65,70200,卖盘
1678,13:05:58,10.8,0.01,8473,9151790,买盘
1679,13:05:49,10.79,0.01,94,101425,买盘
1680,13:05:46,10.78,-0.01,14,15092,买盘
1681,13:05:43,10.79,0.01,338,365263,买盘
1682,13:05:37,10.78,--,131,141218,卖盘
1683,13:05:34,10.78,--,90,97020,卖盘
1684,13:05:31,10.78,--,15,16169,卖盘
1685,13:05:28,10.78,--,53,57134,卖盘
1686,13:05:25,10.78,--,50,53900,卖盘
1687,13:05:22,10.78,0.01,3715,4005287,买盘
1688,13:05:19,10.77,--,1,1077,买盘
1689,13:05:13,10.77,0.02,321,345717,买盘
1690,13:05:10,10.75,--,10,10750,卖盘
1691,13:05:07,10.75,-0.02,1,1075,中性盘
1692,13:05:04,10.77,--,837,901449,买盘
1693,13:04:58,10.77,0.02,174,187398,买盘
1694,13:04:55,10.75,--,5,5375,卖盘
1695,13:04:52,10.75,-0.01,460,494500,卖盘
1696,13:04:49,10.76,-0.01,66,71016,中性盘
1697,13:04:46,10.77,0.02,13,14001,买盘
1698,13:04:40,10.75,0.01,4060,4364500,买盘
1699,13:04:37,10.74,--,25,26850,卖盘
1700,13:04:34,10.74,-0.01,56,60144,卖盘
1701,13:04:31,10.75,0.01,66,70950,买盘
1702,13:04:28,10.74,--,75,80550,卖盘
1703,13:04:22,10.74,-0.01,27,28998,卖盘
1704,13:04:19,10.75,0.01,182,195650,买盘
1705,13:04:10,10.74,--,22,23628,卖盘
1706,13:04:07,10.74,--,40,42960,卖盘
1707,13:04:01,10.74,--,32,34368,卖盘
1708,13:03:58,10.74,--,116,124584,卖盘
1709,13:03:52,10.74,--,17,18258,卖盘
1710,13:03:49,10.74,--,16,17184,卖盘
1711,13:03:46,10.74,--,12,12888,卖盘
1712,13:03:43,10.74,--,3,3222,卖盘
1713,13:03:40,10.74,--,54,57996,卖盘
1714,13:03:37,10.74,--,12,12888,卖盘
1715,13:03:31,10.74,--,30,32220,卖盘
1716,13:03:28,10.74,0.01,25,26850,中性盘
1717,13:03:25,10.73,--,727,780071,卖盘
1718,13:03:19,10.73,-0.01,280,300440,卖盘
1719,13:03:16,10.74,--,18,19332,买盘
1720,13:03:10,10.74,-0.01,23,24702,卖盘
1721,13:03:07,10.75,0.01,133,142975,买盘
1722,13:03:04,10.74,-0.01,52,56900,卖盘
1723,13:03:01,10.75,--,46,49450,买盘
1724,13:02:55,10.75,0.01,10,10750,买盘
1725,13:02:52,10.74,-0.01,64,68736,卖盘
1726,13:02:49,10.75,--,172,184900,卖盘
1727,13:02:43,10.75,0.01,863,927746,买盘
1728,13:02:40,10.74,--,1345,1444530,卖盘
1729,13:02:31,10.74,-0.01,34,36516,卖盘
1730,13:02:28,10.75,--,8,8600,买盘
1731,13:02:25,10.75,--,154,166388,卖盘
1732,13:02:19,10.75,--,15,16125,卖盘
1733,13:02:16,10.75,--,105,112875,卖盘
1734,13:02:13,10.75,--,234,251550,卖盘
1735,13:02:10,10.75,--,73,78475,卖盘
1736,13:02:07,10.75,--,123,132547,卖盘
1737,13:02:01,10.75,-0.01,135,145340,卖盘
1738,13:01:58,10.76,--,33,35508,买盘
1739,13:01:55,10.76,0.01,158,170008,买盘
1740,13:01:52,10.75,-0.01,39,41925,卖盘
1741,13:01:49,10.76,--,25,26900,买盘
1742,13:01:43,10.76,--,16,17216,买盘
1743,13:01:40,10.76,--,101,108676,买盘
1744,13:01:36,10.76,0.01,77,82852,买盘
1745,13:01:33,10.75,-0.01,21,22575,卖盘
1746,13:01:30,10.76,--,14,15064,买盘
1747,13:01:27,10.76,0.01,159,171084,买盘
1748,13:01:24,10.75,-0.01,23,24725,卖盘
1749,13:01:21,10.76,--,98,105448,买盘
1750,13:01:18,10.76,--,20,21520,买盘
1751,13:01:12,10.76,--,14,15064,买盘
1752,13:01:09,10.76,--,54,58104,买盘
1753,13:01:06,10.76,--,100,107600,买盘
1754,13:01:03,10.76,0.01,116,124816,买盘
1755,13:01:00,10.75,-0.01,23,24725,卖盘
1756,13:00:57,10.76,--,109,117284,买盘
1757,13:00:54,10.76,--,61,65636,买盘
1758,13:00:51,10.76,--,384,413184,买盘
1759,13:00:42,10.76,0.01,224,241024,买盘
1760,13:00:39,10.75,-0.01,83,89225,卖盘
1761,13:00:36,10.76,--,156,167856,买盘
1762,13:00:33,10.76,--,550,591800,买盘
1763,13:00:30,10.76,--,20,21520,买盘
1764,13:00:27,10.76,0.01,12,12912,买盘
1765,13:00:24,10.75,-0.01,66,70950,卖盘
1766,13:00:18,10.76,0.01,104,111904,买盘
1767,13:00:15,10.75,-0.01,108,116229,卖盘
1768,13:00:12,10.76,0.01,650,699400,买盘
1769,13:00:09,10.75,-0.01,4807,5168170,卖盘
1770,13:00:03,10.76,0.01,2074,2231624,买盘
1771,13:00:00,10.75,0.01,1261,1355575,买盘
1772,11:29:59,10.74,-0.01,36,38664,卖盘
1773,11:29:56,10.75,0.01,19,20425,买盘
1774,11:29:53,10.74,--,20,21480,卖盘
1775,11:29:50,10.74,--,265,284610,卖盘
1776,11:29:44,10.74,--,5,5370,卖盘
1777,11:29:41,10.74,--,34,36516,卖盘
1778,11:29:35,10.74,--,95,102030,卖盘
1779,11:29:32,10.74,--,25,26850,卖盘
1780,11:29:29,10.74,--,530,569220,卖盘
1781,11:29:26,10.74,-0.01,25,26850,卖盘
1782,11:29:23,10.75,0.01,101,108575,买盘
1783,11:29:17,10.74,--,6,6444,卖盘
1784,11:29:14,10.74,--,2,2148,卖盘
1785,11:29:11,10.74,0.01,156,167544,买盘
1786,11:29:05,10.73,-0.01,10,10730,卖盘
1787,11:29:02,10.74,0.01,3,3222,买盘
1788,11:28:59,10.73,--,132,141636,卖盘
1789,11:28:56,10.73,--,1,1073,卖盘
1790,11:28:53,10.73,-0.01,96,103008,卖盘
1791,11:28:50,10.74,-0.01,4,4296,中性盘
1792,11:28:41,10.75,0.01,207,222525,买盘
1793,11:28:38,10.74,0.01,6,6444,买盘
1794,11:28:35,10.73,0.01,14,15022,卖盘
1795,11:28:32,10.72,--,75,80400,卖盘
1796,11:28:26,10.72,-0.01,25,27657,卖盘
1797,11:28:20,10.73,--,125,134125,买盘
1798,11:28:17,10.73,--,102,109446,买盘
1799,11:28:14,10.73,-0.02,16,17168,卖盘
1800,11:28:11,10.75,--,1529,1643675,买盘
1801,11:28:08,10.75,--,69,74175,买盘
1802,11:28:05,10.75,0.01,221,237575,买盘
1803,11:28:02,10.74,-0.01,109,117066,卖盘
1804,11:27:59,10.75,--,241,259075,买盘
1805,11:27:56,10.75,0.01,11,11825,买盘
1806,11:27:53,10.74,-0.01,33,35442,卖盘
1807,11:27:50,10.75,--,71,76325,买盘
1808,11:27:47,10.75,--,6,6450,买盘
1809,11:27:44,10.75,--,18,19350,卖盘
1810,11:27:41,10.75,--,112,120400,买盘
1811,11:27:38,10.75,--,81,87720,卖盘
1812,11:27:35,10.75,--,51,54825,卖盘
1813,11:27:32,10.75,--,477,513205,买盘
1814,11:27:29,10.75,0.01,539,579425,买盘
1815,11:27:23,10.74,-0.01,58,62292,卖盘
1816,11:27:17,10.75,--,220,236500,买盘
1817,11:27:14,10.75,0.01,32,34400,买盘
1818,11:27:11,10.74,-0.01,2211,2374614,卖盘
1819,11:27:05,10.75,--,595,639625,买盘
1820,11:27:02,10.75,--,544,584800,买盘
1821,11:26:59,10.75,0.01,140,150500,买盘
1822,11:26:56,10.74,--,151,162174,卖盘
1823,11:26:50,10.74,-0.01,58,62292,卖盘
1824,11:26:47,10.75,0.02,3669,3944175,买盘
1825,11:26:44,10.73,--,524,562252,买盘
1826,11:26:41,10.73,--,313,335849,买盘
1827,11:26:38,10.73,0.01,148,158804,买盘
1828,11:26:35,10.72,-0.01,43,46096,卖盘
1829,11:26:32,10.73,--,14,15022,买盘
1830,11:26:29,10.73,--,99,106227,买盘
1831,11:26:23,10.73,--,39,41847,买盘
1832,11:26:20,10.73,--,80,85840,买盘
1833,11:26:17,10.73,0.01,34,36482,买盘
1834,11:26:14,10.72,--,11,11792,卖盘
1835,11:26:08,10.72,--,91,97552,卖盘
1836,11:26:05,10.72,--,4,4288,卖盘
1837,11:25:59,10.72,--,18,19296,卖盘
1838,11:25:56,10.72,-0.01,44,47168,卖盘
1839,11:25:53,10.73,--,145,155585,买盘
1840,11:25:50,10.73,0.01,17,18241,买盘
1841,11:25:47,10.72,--,15,16080,卖盘
1842,11:25:44,10.72,--,5,5360,卖盘
1843,11:25:41,10.72,--,53,56816,买盘
1844,11:25:38,10.72,-0.01,3,3216,卖盘
1845,11:25:35,10.73,0.01,46,49358,买盘
1846,11:25:32,10.72,--,100,107200,卖盘
1847,11:25:29,10.72,-0.01,5,5360,卖盘
1848,11:25:26,10.73,--,259,278035,卖盘
1849,11:25:23,10.73,--,110,118030,卖盘
1850,11:25:20,10.73,--,32,34336,卖盘
1851,11:25:17,10.73,--,215,230695,卖盘
1852,11:25:14,10.73,--,23,24679,卖盘
1853,11:25:11,10.73,0.02,1490,1599714,买盘
1854,11:25:08,10.71,--,117,125307,卖盘
1855,11:25:05,10.71,-0.01,24,25704,卖盘
1856,11:24:59,10.72,0.01,5,5360,买盘
1857,11:24:56,10.71,-0.01,81,86751,卖盘
1858,11:24:50,10.72,--,5,5360,买盘
1859,11:24:44,10.72,--,10,10720,买盘
1860,11:24:41,10.72,--,43,46096,买盘
1861,11:24:38,10.72,0.01,137,146864,买盘
1862,11:24:35,10.71,--,14,14994,卖盘
1863,11:24:32,10.71,-0.01,12,12852,卖盘
1864,11:24:29,10.72,0.01,69,74825,买盘
1865,11:24:26,10.71,-0.02,12,12852,中性盘
1866,11:24:17,10.73,0.03,3981,4271613,买盘
1867,11:24:11,10.7,-0.01,23,24610,卖盘
1868,11:24:08,10.71,--,66,70686,卖盘
1869,11:24:05,10.71,0.01,41,43911,中性盘
1870,11:24:02,10.7,--,12,12840,卖盘
1871,11:23:59,10.7,--,66,70620,卖盘
1872,11:23:56,10.7,-0.02,6,6420,卖盘
1873,11:23:50,10.72,0.02,24,25728,买盘
1874,11:23:47,10.7,--,38,40660,卖盘
1875,11:23:44,10.7,--,118,126259,卖盘
1876,11:23:41,10.7,-0.01,20,21400,卖盘
1877,11:23:38,10.71,--,84,89964,卖盘
1878,11:23:35,10.71,-0.01,5,5355,中性盘
1879,11:23:32,10.72,0.02,2160,2315520,买盘
1880,11:23:26,10.7,--,79,84915,买盘
1881,11:23:23,10.7,--,139,149414,卖盘
1882,11:23:20,10.7,-0.01,1,1070,卖盘
1883,11:23:17,10.71,--,50,53550,买盘
1884,11:23:14,10.71,0.01,41,43911,买盘
1885,11:23:10,10.7,--,766,819620,卖盘
1886,11:23:01,10.7,--,12,12840,卖盘
1887,11:22:58,10.7,--,3808,4074559,卖盘
1888,11:22:55,10.7,--,10,10700,卖盘
1889,11:22:52,10.7,--,2,2140,卖盘
1890,11:22:46,10.7,--,101,108070,卖盘
1891,11:22:40,10.7,--,65,69550,卖盘
1892,11:22:37,10.7,-0.01,40,42800,卖盘
1893,11:22:34,10.71,0.01,46,49266,买盘
1894,11:22:31,10.7,--,11,11770,卖盘
1895,11:22:28,10.7,--,34,36380,卖盘
1896,11:22:22,10.7,-0.01,45,48150,卖盘
1897,11:22:04,10.71,0.01,163,174573,买盘
1898,11:22:01,10.7,--,9,9630,卖盘
1899,11:21:58,10.7,-0.01,44,47080,卖盘
1900,11:21:55,10.71,0.01,102,109242,买盘
1901,11:21:49,10.7,-0.01,4,4280,卖盘
1902,11:21:46,10.71,--,20,21420,买盘
1903,11:21:43,10.71,0.01,100,107100,买盘
1904,11:21:40,10.7,-0.01,5,5350,卖盘
1905,11:21:37,10.71,0.01,55,58905,买盘
1906,11:21:31,10.7,-0.01,10,10700,卖盘
1907,11:21:28,10.71,0.01,38,40698,买盘
1908,11:21:25,10.7,--,10,10700,卖盘
1909,11:21:22,10.7,--,183,195810,卖盘
1910,11:21:19,10.7,--,74,79180,卖盘
1911,11:21:16,10.7,-0.01,2163,2314410,卖盘
1912,11:21:10,10.71,--,124,132804,买盘
1913,11:21:07,10.71,--,111,118881,买盘
1914,11:21:04,10.71,0.01,73,78183,买盘
1915,11:20:58,10.7,--,55,58849,卖盘
1916,11:20:52,10.7,--,49,52430,卖盘
1917,11:20:46,10.7,--,36,38520,卖盘
1918,11:20:43,10.7,--,10,10700,卖盘
1919,11:20:37,10.7,-0.01,15,16049,卖盘
1920,11:20:31,10.71,0.01,114,122094,买盘
1921,11:20:28,10.7,--,135,145306,卖盘
1922,11:20:22,10.7,--,5,5350,卖盘
1923,11:20:16,10.7,--,269,287830,卖盘
1924,11:20:13,10.7,--,13,13909,卖盘
1925,11:20:07,10.7,--,390,417300,卖盘
1926,11:20:04,10.7,--,50,53500,卖盘
1927,11:19:58,10.7,-0.01,74,79180,卖盘
1928,11:19:55,10.71,0.01,49,52479,买盘
1929,11:19:52,10.7,--,68,72760,卖盘
1930,11:19:49,10.7,-0.01,100,107000,卖盘
1931,11:19:46,10.71,--,62,66402,买盘
1932,11:19:43,10.71,0.01,202,216342,买盘
1933,11:19:37,10.7,--,34,36380,卖盘
1934,11:19:34,10.7,--,1970,2107900,卖盘
1935,11:19:28,10.7,-0.01,1,1070,卖盘
1936,11:19:25,10.71,--,25,26775,买盘
1937,11:19:22,10.71,--,49,52479,买盘
1938,11:19:19,10.71,--,74,79468,卖盘
1939,11:19:13,10.71,--,526,563346,卖盘
1940,11:19:10,10.71,--,87,93177,卖盘
1941,11:19:07,10.71,-0.01,85,91035,卖盘
1942,11:19:04,10.72,0.01,10,10720,买盘
1943,11:19:01,10.71,--,23,24633,卖盘
1944,11:18:58,10.71,--,140,149940,卖盘
1945,11:18:55,10.71,-0.01,126,134946,卖盘
1946,11:18:52,10.72,0.01,72,77184,买盘
1947,11:18:49,10.71,--,37,39627,卖盘
1948,11:18:46,10.71,--,31,33201,卖盘
1949,11:18:43,10.71,--,2049,2195335,买盘
1950,11:18:40,10.71,--,59,63189,买盘
1951,11:18:37,10.71,0.01,19,20349,买盘
1952,11:18:34,10.7,-0.01,35,37450,卖盘
1953,11:18:31,10.71,--,81,86751,买盘
1954,11:18:25,10.71,0.01,181,193851,买盘
1955,11:18:19,10.7,-0.01,228,243959,卖盘
1956,11:18:16,10.71,--,427,457317,买盘
1957,11:18:13,10.71,0.01,231,247401,买盘
1958,11:18:10,10.7,-0.01,18,19260,卖盘
1959,11:18:04,10.71,--,54,57834,买盘
1960,11:17:58,10.71,--,92,98532,买盘
1961,11:17:52,10.71,0.01,38,40698,买盘
1962,11:17:49,10.7,-0.01,45,48150,卖盘
1963,11:17:46,10.71,--,5,5355,买盘
1964,11:17:43,10.71,--,82,87822,买盘
1965,11:17:40,10.71,--,26,27846,买盘
1966,11:17:37,10.71,--,108,115668,买盘
1967,11:17:34,10.71,--,31,33201,买盘
1968,11:17:28,10.71,--,65,69615,买盘
1969,11:17:25,10.71,--,17,18207,买盘
1970,11:17:16,10.71,--,27,28917,买盘
1971,11:17:13,10.71,--,20,21420,买盘
1972,11:17:10,10.71,--,39,41769,买盘
1973,11:17:07,10.71,--,55,58905,买盘
1974,11:17:04,10.71,0.01,215,230265,买盘
1975,11:17:01,10.7,-0.01,22,23540,卖盘
1976,11:16:55,10.71,--,29,31059,买盘
1977,11:16:52,10.71,0.01,157,168147,买盘
1978,11:16:49,10.7,-0.01,128,136960,卖盘
1979,11:16:46,10.71,--,13,13923,买盘
1980,11:16:43,10.71,--,315,337365,买盘
1981,11:16:40,10.71,--,112,119952,买盘
1982,11:16:37,10.71,--,103,110313,买盘
1983,11:16:34,10.71,0.01,36,38556,买盘
1984,11:16:31,10.7,--,528,564960,卖盘
1985,11:16:28,10.7,-0.01,45,49006,卖盘
1986,11:16:25,10.71,--,16,17136,买盘
1987,11:16:22,10.71,--,3,3213,买盘
1988,11:16:16,10.71,0.01,547,585837,买盘
1989,11:16:13,10.7,-0.01,50,53500,卖盘
1990,11:16:10,10.71,0.01,3,3213,买盘
1991,11:16:07,10.7,-0.01,357,381990,卖盘
1992,11:16:01,10.71,--,156,167076,买盘
1993,11:15:58,10.71,--,136,145656,买盘
1994,11:15:55,10.71,--,1108,1186668,买盘
1995,11:15:52,10.71,--,28,29988,买盘
1996,11:15:46,10.71,0.01,53,56763,买盘
1997,11:15:43,10.7,0.01,1569,1679643,买盘
1998,11:15:40,10.69,--,41,43829,买盘
1999,11:15:37,10.69,--,26,27794,买盘
2000,11:15:34,10.69,-0.01,29,31001,卖盘
2001,11:15:31,10.7,--,431,461169,买盘
2002,11:15:25,10.7,0.01,116,124119,买盘
2003,11:15:22,10.69,-0.01,8,8552,卖盘
2004,11:15:19,10.7,--,53,56709,买盘
2005,11:15:13,10.7,0.01,214,228979,买盘
2006,11:15:10,10.69,0.01,57,61788,买盘
2007,11:15:07,10.68,-0.01,139,148452,卖盘
2008,11:15:04,10.69,--,174,186006,买盘
2009,11:15:01,10.69,--,19,20311,买盘
2010,11:14:58,10.69,0.01,23,24587,买盘
2011,11:14:55,10.68,-0.01,85,90780,卖盘
2012,11:14:52,10.69,--,19,20311,买盘
2013,11:14:49,10.69,--,58,62002,买盘
2014,11:14:43,10.69,0.01,155,165695,买盘
2015,11:14:37,10.68,-0.01,273,291564,中性盘
2016,11:14:34,10.69,0.01,41,43829,买盘
2017,11:14:31,10.68,-0.01,119,127092,卖盘
2018,11:14:25,10.69,--,45,48105,买盘
2019,11:14:22,10.69,--,38,40622,买盘
2020,11:14:16,10.69,--,74,79106,买盘
2021,11:14:13,10.69,0.01,47,50243,买盘
2022,11:14:10,10.68,0.01,28,29904,买盘
2023,11:14:07,10.67,--,13,13871,卖盘
2024,11:14:04,10.67,-0.01,215,229405,卖盘
2025,11:14:01,10.68,--,28,29904,卖盘
2026,11:13:55,10.68,0.01,3,3204,买盘
2027,11:13:52,10.67,--,331,353177,卖盘
2028,11:13:46,10.67,--,32,34144,卖盘
2029,11:13:40,10.67,-0.01,54,57618,卖盘
2030,11:13:37,10.68,--,10,10680,买盘
2031,11:13:34,10.68,0.01,76,81168,买盘
2032,11:13:28,10.67,-0.01,10,10670,卖盘
2033,11:13:25,10.68,0.01,65,69420,买盘
2034,11:13:22,10.67,-0.01,10,10670,卖盘
2035,11:13:16,10.68,0.01,28,29904,买盘
2036,11:13:07,10.67,-0.01,11,11737,卖盘
2037,11:13:04,10.68,--,66,70488,买盘
2038,11:12:55,10.68,--,20,21360,买盘
2039,11:12:52,10.68,--,100,106800,买盘
2040,11:12:49,10.68,--,3,3204,买盘
2041,11:12:43,10.68,--,30,32040,买盘
2042,11:12:40,10.68,0.01,234,249912,买盘
2043,11:12:34,10.67,-0.01,1,1067,卖盘
2044,11:12:31,10.68,--,117,125810,买盘
2045,11:12:13,10.68,0.01,30,32040,买盘
2046,11:12:10,10.67,-0.01,262,279554,卖盘
2047,11:12:04,10.68,-0.01,105,112780,卖盘
2048,11:12:01,10.69,0.01,372,397668,买盘
2049,11:11:58,10.68,--,58,61944,卖盘
2050,11:11:55,10.68,--,23,24564,卖盘
2051,11:11:52,10.68,--,1,1068,卖盘
2052,11:11:46,10.68,-0.01,148,158064,卖盘
2053,11:11:43,10.69,--,5,5986,买盘
2054,11:11:37,10.69,--,7,7483,买盘
2055,11:11:34,10.69,0.01,1,1069,买盘
2056,11:11:31,10.68,-0.01,34,36312,卖盘
2057,11:11:28,10.69,-0.01,20,21380,中性盘
2058,11:11:22,10.7,0.01,739,790730,买盘
2059,11:11:19,10.69,--,137,147094,卖盘
2060,11:11:16,10.69,--,6,6414,卖盘
2061,11:11:10,10.69,--,8,8552,卖盘
2062,11:11:07,10.69,--,531,568280,卖盘
2063,11:11:01,10.69,--,164,175316,卖盘
2064,11:10:55,10.69,--,117,125073,卖盘
2065,11:10:52,10.69,--,34,36346,卖盘
2066,11:10:49,10.69,-0.01,10,10690,卖盘
2067,11:10:46,10.7,0.01,159,170130,买盘
2068,11:10:40,10.69,--,10,10690,卖盘
2069,11:10:37,10.69,--,160,171040,卖盘
2070,11:10:34,10.69,--,56,59864,卖盘
2071,11:10:28,10.69,-0.01,53,56657,卖盘
2072,11:10:25,10.7,0.01,19,20330,买盘
2073,11:10:22,10.69,-0.01,1,1069,卖盘
2074,11:10:19,10.7,0.01,5,5350,买盘
2075,11:10:16,10.69,--,5,5345,卖盘
2076,11:10:07,10.69,-0.01,357,381633,卖盘
2077,11:10:01,10.7,0.01,184,196880,买盘
2078,11:09:58,10.69,--,151,161419,卖盘
2079,11:09:55,10.69,-0.01,210,224490,卖盘
2080,11:09:52,10.7,--,8,8560,买盘
2081,11:09:46,10.7,--,19,20330,买盘
2082,11:09:43,10.7,0.01,697,745790,买盘
2083,11:09:40,10.69,-0.01,99,105831,卖盘
2084,11:09:37,10.7,0.01,64,68480,买盘
2085,11:09:34,10.69,--,19,20311,卖盘
2086,11:09:28,10.69,--,209,223421,卖盘
2087,11:09:25,10.69,--,20,21380,卖盘
2088,11:09:22,10.69,--,3,3207,卖盘
2089,11:09:19,10.69,-0.01,7,7483,卖盘
2090,11:09:13,10.7,--,248,265360,买盘
2091,11:09:07,10.7,--,77,82390,买盘
2092,11:09:04,10.7,0.01,78,83460,买盘
2093,11:09:01,10.69,--,100,106900,卖盘
2094,11:08:58,10.69,--,96,102624,卖盘
2095,11:08:55,10.69,--,10,10690,卖盘
2096,11:08:49,10.69,--,24,25656,卖盘
2097,11:08:43,10.69,--,35,37415,卖盘
2098,11:08:37,10.69,-0.01,54,57726,卖盘
2099,11:08:34,10.7,0.01,19,20330,买盘
2100,11:08:31,10.69,--,19,20311,卖盘
2101,11:08:28,10.69,--,82,88513,卖盘
2102,11:08:25,10.69,-0.01,5,5345,卖盘
2103,11:08:19,10.7,0.02,64,68480,买盘
2104,11:08:16,10.68,-0.02,16,17088,卖盘
2105,11:08:13,10.7,0.01,30,32099,买盘
2106,11:08:07,10.69,0.01,19,20311,买盘
2107,11:08:04,10.68,-0.02,9,9612,卖盘
2108,11:08:01,10.7,0.01,33,35310,买盘
2109,11:07:58,10.69,--,42,44898,卖盘
2110,11:07:55,10.69,--,200,213800,卖盘
2111,11:07:52,10.69,--,50,53450,卖盘
2112,11:07:49,10.69,-0.01,39,41691,卖盘
2113,11:07:46,10.7,0.01,2661,2847270,买盘
2114,11:07:40,10.69,0.01,5,5345,买盘
2115,11:07:37,10.68,--,186,198648,卖盘
2116,11:07:31,10.68,--,6,6408,卖盘
2117,11:07:25,10.68,-0.01,11,11748,卖盘
2118,11:07:22,10.69,0.01,8,8552,买盘
2119,11:07:19,10.68,-0.01,1,1068,卖盘
2120,11:07:16,10.69,--,1,1069,买盘
2121,11:07:13,10.69,--,9,9621,买盘
2122,11:07:10,10.69,--,60,64140,买盘
2123,11:07:04,10.69,0.01,11,11759,中性盘
2124,11:06:58,10.68,-0.01,41,43788,卖盘
2125,11:06:55,10.69,0.01,61,65209,买盘
2126,11:06:52,10.68,-0.01,25,26700,卖盘
2127,11:06:49,10.69,--,120,128280,买盘
2128,11:06:46,10.69,--,42,45753,卖盘
2129,11:06:43,10.69,--,20,21380,卖盘
2130,11:06:40,10.69,--,43,45967,卖盘
2131,11:06:31,10.69,-0.01,30,32070,卖盘
2132,11:06:28,10.7,0.01,15,16049,买盘
2133,11:06:25,10.69,--,53,56657,卖盘
2134,11:06:22,10.69,-0.01,118,126142,卖盘
2135,11:06:19,10.7,0.01,19,20544,买盘
2136,11:06:16,10.69,-0.01,13,13897,卖盘
2137,11:06:13,10.7,0.01,32,34240,买盘
2138,11:06:10,10.69,--,22,23518,卖盘
2139,11:06:07,10.69,-0.01,66,70554,卖盘
2140,11:06:01,10.7,--,12,12840,买盘
2141,11:05:52,10.7,--,1102,1179140,买盘
2142,11:05:46,10.7,0.01,1,1070,买盘
2143,11:05:43,10.69,-0.02,179,192227,卖盘
2144,11:05:40,10.71,0.01,252,269892,买盘
2145,11:05:37,10.7,--,713,762910,卖盘
2146,11:05:34,10.7,--,23,24610,卖盘
2147,11:05:31,10.7,--,604,646472,卖盘
2148,11:05:28,10.7,--,1519,1625330,买盘
2149,11:05:22,10.7,--,22,23540,买盘
2150,11:05:16,10.7,--,40,43356,卖盘
2151,11:05:13,10.7,--,148,158360,卖盘
2152,11:05:07,10.7,--,40,42800,卖盘
2153,11:05:04,10.7,--,62,66340,卖盘
2154,11:05:01,10.7,--,196,209720,卖盘
2155,11:04:58,10.7,--,215,230049,卖盘
2156,11:04:55,10.7,--,116,124119,卖盘
2157,11:04:49,10.7,--,18,19260,卖盘
2158,11:04:46,10.7,--,66,70620,卖盘
2159,11:04:43,10.7,--,100,107000,卖盘
2160,11:04:40,10.7,0.01,2404,2572793,买盘
2161,11:04:34,10.69,0.01,41,43829,买盘
2162,11:04:28,10.68,-0.01,76,82022,卖盘
2163,11:04:25,10.69,--,30,32070,卖盘
2164,11:04:22,10.69,--,204,218076,买盘
2165,11:04:19,10.69,--,50,53450,买盘
2166,11:04:13,10.69,0.01,2,2138,买盘
2167,11:04:10,10.68,-0.01,2,2136,卖盘
2168,11:04:04,10.69,--,50,53450,卖盘
2169,11:04:01,10.69,-0.01,30,32070,中性盘
2170,11:03:57,10.7,0.02,3244,3471080,买盘
2171,11:03:54,10.68,--,160,170880,卖盘
2172,11:03:51,10.68,--,10,10680,卖盘
2173,11:03:48,10.68,-0.01,160,170880,卖盘
2174,11:03:45,10.69,0.01,99,105831,买盘
2175,11:03:39,10.68,-0.01,39,41652,卖盘
2176,11:03:36,10.69,0.01,15,16035,买盘
2177,11:03:33,10.68,-0.01,67,71556,卖盘
2178,11:03:30,10.69,0.01,288,307872,买盘
2179,11:03:27,10.68,-0.01,53,56604,卖盘
2180,11:03:24,10.69,0.01,45,48105,买盘
2181,11:03:21,10.68,-0.01,6,6408,卖盘
2182,11:03:15,10.69,0.01,6,6414,中性盘
2183,11:03:06,10.68,--,20,21360,卖盘
2184,11:03:03,10.68,--,42,44856,卖盘
2185,11:03:00,10.68,-0.02,5,5340,中性盘
2186,11:02:57,10.7,0.02,2597,2778790,买盘
2187,11:02:54,10.68,0.01,32,34176,买盘
2188,11:02:51,10.67,--,11,11737,卖盘
2189,11:02:48,10.67,-0.01,10,10670,卖盘
2190,11:02:42,10.68,--,46,49128,买盘
2191,11:02:39,10.68,0.01,200,213600,买盘
2192,11:02:36,10.67,-0.01,34,36278,卖盘
2193,11:02:33,10.68,0.01,77,82236,买盘
2194,11:02:30,10.67,--,1845,1968615,卖盘
2195,11:02:21,10.67,--,109,116772,买盘
2196,11:02:18,10.67,0.01,5,5335,买盘
2197,11:02:06,10.66,-0.01,11,11726,卖盘
2198,11:02:03,10.67,--,121,129107,买盘
2199,11:01:54,10.67,--,97,103499,买盘
2200,11:01:48,10.67,--,30,32010,买盘
2201,11:01:39,10.67,--,3,3201,买盘
2202,11:01:36,10.67,-0.01,160,171317,卖盘
2203,11:01:33,10.68,--,36,38448,买盘
2204,11:01:30,10.68,0.01,5,5340,买盘
2205,11:01:27,10.67,--,66,70848,卖盘
2206,11:01:24,10.67,--,10,10670,卖盘
2207,11:01:21,10.67,-0.01,43,45881,卖盘
2208,11:01:18,10.68,--,2,2136,买盘
2209,11:01:15,10.68,--,45,48060,买盘
2210,11:01:12,10.68,0.01,27,28836,买盘
2211,11:01:09,10.67,-0.01,30,32010,卖盘
2212,11:01:06,10.68,0.01,116,123888,买盘
2213,11:01:03,10.67,--,11,11737,卖盘
2214,11:01:00,10.67,--,45,48015,卖盘
2215,11:00:57,10.67,0.01,1775,1893967,买盘
2216,11:00:51,10.66,0.01,201,214266,买盘
2217,11:00:45,10.65,-0.01,90,95850,卖盘
2218,11:00:39,10.66,--,99,105534,买盘
2219,11:00:36,10.66,--,279,297414,买盘
2220,11:00:33,10.66,--,19,20254,买盘
2221,11:00:30,10.66,0.01,112,119392,买盘
2222,11:00:27,10.65,-0.01,35,38127,卖盘
2223,11:00:24,10.66,--,19,20254,买盘
2224,11:00:21,10.66,--,29,30914,买盘
2225,11:00:15,10.66,0.01,20,21320,买盘
2226,11:00:12,10.65,-0.01,237,252405,卖盘
2227,11:00:09,10.66,--,45,47970,买盘
2228,11:00:03,10.66,--,36,38376,买盘
2229,10:59:54,10.66,--,19,20254,买盘
2230,10:59:48,10.66,0.01,5,5330,买盘
2231,10:59:45,10.65,-0.01,50,53250,卖盘
2232,10:59:36,10.66,--,955,1018030,买盘
2233,10:59:30,10.66,--,37,39442,买盘
2234,10:59:27,10.66,0.01,5,5330,买盘
2235,10:59:18,10.65,-0.01,89,94785,卖盘
2236,10:59:12,10.66,--,50,53300,卖盘
2237,10:59:09,10.66,--,10,10660,卖盘
2238,10:59:03,10.66,--,50,53300,卖盘
2239,10:59:00,10.66,-0.01,53,56498,中性盘
2240,10:58:57,10.67,0.01,1358,1448986,买盘
2241,10:58:54,10.66,--,142,151372,买盘
2242,10:58:51,10.66,--,134,142844,买盘
2243,10:58:36,10.66,0.02,36,38376,买盘
2244,10:58:24,10.64,-0.01,83,88312,卖盘
2245,10:58:18,10.65,0.02,50,53250,卖盘
2246,10:58:15,10.63,-0.01,4010,4262630,卖盘
2247,10:58:09,10.64,0.01,7,7448,中性盘
2248,10:58:03,10.63,-0.02,50,53150,卖盘
2249,10:58:00,10.65,0.02,1581,1683765,买盘
2250,10:57:57,10.63,-0.01,46,48898,卖盘
2251,10:57:54,10.64,0.01,2,2128,买盘
2252,10:57:51,10.63,--,29,30827,卖盘
2253,10:57:45,10.63,-0.01,45,47835,卖盘
2254,10:57:36,10.64,--,1,1064,买盘
2255,10:57:33,10.64,0.01,3,3192,买盘
2256,10:57:27,10.63,--,56,59528,卖盘
2257,10:57:24,10.63,--,40,42520,卖盘
2258,10:57:09,10.63,-0.01,41,43583,卖盘
2259,10:57:03,10.64,0.01,84,89376,买盘
2260,10:56:57,10.63,-0.01,65,69095,卖盘
2261,10:56:54,10.64,--,1,1064,买盘
2262,10:56:36,10.64,--,719,765016,买盘
2263,10:56:27,10.64,0.01,100,106400,买盘
2264,10:56:21,10.63,--,11,11693,卖盘
2265,10:56:18,10.63,--,5,5315,卖盘
2266,10:56:15,10.63,0.01,45,47835,买盘
2267,10:56:09,10.62,-0.01,14,14867,卖盘
2268,10:56:06,10.63,--,4,4252,买盘
2269,10:56:00,10.63,--,19,20239,卖盘
2270,10:55:57,10.63,-0.01,22,23386,卖盘
2271,10:55:54,10.64,--,1,1064,买盘
2272,10:55:42,10.64,0.01,26,27664,买盘
2273,10:55:39,10.63,-0.01,125,133895,卖盘
2274,10:55:36,10.64,--,1,1064,买盘
2275,10:55:33,10.64,--,39,41496,买盘
2276,10:55:30,10.64,--,50,53200,买盘
2277,10:55:27,10.64,0.01,1,1064,买盘
2278,10:55:24,10.63,-0.01,100,106300,卖盘
2279,10:55:21,10.64,--,16,17024,买盘
2280,10:55:12,10.64,--,26,27664,卖盘
2281,10:55:06,10.64,--,18,19152,买盘
2282,10:55:00,10.64,--,15,15960,卖盘
2283,10:54:54,10.64,0.01,146,155344,买盘
2284,10:54:51,10.63,-0.01,101,107363,卖盘
2285,10:54:48,10.64,0.01,73,77672,买盘
2286,10:54:36,10.63,-0.02,10,10630,卖盘
2287,10:54:33,10.65,0.01,991,1055415,买盘
2288,10:54:30,10.64,--,580,617120,买盘
2289,10:54:27,10.64,0.01,147,156408,买盘
2290,10:54:24,10.63,-0.01,5,5315,卖盘
2291,10:54:21,10.64,0.01,123,130872,买盘
2292,10:54:12,10.63,--,30,31890,卖盘
2293,10:54:09,10.63,-0.01,14,14882,卖盘
2294,10:54:06,10.64,--,36,38304,买盘
2295,10:54:00,10.64,0.01,116,123424,买盘
2296,10:53:57,10.63,-0.01,65,70115,卖盘
2297,10:53:51,10.64,0.01,156,165984,买盘
2298,10:53:39,10.63,--,62,65906,卖盘
2299,10:53:36,10.63,-0.01,5,5315,卖盘
2300,10:53:33,10.64,0.01,2,2128,买盘
2301,10:53:30,10.63,0.03,2182,2319508,买盘
2302,10:53:18,10.6,-0.02,136,144160,卖盘
2303,10:53:09,10.62,0.02,16,16992,买盘
2304,10:52:57,10.6,--,11,11660,买盘
2305,10:52:54,10.6,--,20,21200,买盘
2306,10:52:48,10.6,-0.02,10,10600,中性盘
2307,10:52:36,10.62,--,8,9133,卖盘
2308,10:52:33,10.62,--,37,39718,买盘
2309,10:52:30,10.62,-0.01,45,48427,卖盘
2310,10:52:27,10.63,0.03,1056,1122953,买盘
2311,10:52:24,10.6,0.01,3,3180,中性盘
2312,10:52:18,10.59,-0.03,9,9531,卖盘
2313,10:52:15,10.62,0.02,540,573480,买盘
2314,10:52:12,10.6,--,3,3180,买盘
2315,10:52:09,10.6,0.01,10,10600,买盘
2316,10:52:03,10.59,-0.01,1,1059,卖盘
2317,10:51:57,10.6,-0.01,18,19080,中性盘
2318,10:51:42,10.61,--,1,1061,买盘
2319,10:51:39,10.61,--,61,64721,买盘
2320,10:51:30,10.61,--,5,5305,买盘
2321,10:51:21,10.61,0.02,95,100795,买盘
2322,10:51:18,10.59,-0.02,9,9531,卖盘
2323,10:51:12,10.61,0.01,50,53050,买盘
2324,10:51:09,10.6,--,4,4240,买盘
2325,10:51:06,10.6,-0.02,10,10600,卖盘
2326,10:51:03,10.62,0.01,103,109725,买盘
2327,10:50:57,10.61,--,10,10610,卖盘
2328,10:50:48,10.61,--,423,449524,卖盘
2329,10:50:36,10.61,--,25,26525,卖盘
2330,10:50:30,10.61,--,334,354374,卖盘
2331,10:50:24,10.61,--,53,56233,卖盘
2332,10:50:21,10.61,0.02,106,112466,买盘
2333,10:50:18,10.59,-0.01,9,9531,卖盘
2334,10:50:12,10.6,--,2,2120,卖盘
2335,10:50:09,10.6,--,5,5300,中性盘
2336,10:50:06,10.6,0.01,1,1060,买盘
2337,10:50:03,10.59,--,2,2118,卖盘
2338,10:50:00,10.59,0.02,3,3177,中性盘
2339,10:49:39,10.57,-0.01,2060,2177420,卖盘
2340,10:49:36,10.58,--,3,3174,买盘
2341,10:49:33,10.58,-0.01,245,259210,卖盘
2342,10:49:24,10.59,--,143,151648,卖盘
2343,10:49:15,10.59,-0.01,9,9531,卖盘
2344,10:49:12,10.6,--,10,10812,卖盘
2345,10:49:03,10.6,--,19,20140,卖盘
2346,10:49:00,10.6,--,10,11448,买盘
2347,10:48:57,10.6,0.01,20,21200,买盘
2348,10:48:48,10.59,-0.01,1,1059,卖盘
2349,10:48:45,10.6,--,2,2120,买盘
2350,10:48:42,10.6,--,7,7420,买盘
2351,10:48:36,10.6,--,1,1060,买盘
2352,10:48:33,10.6,--,25,26500,买盘
2353,10:48:30,10.6,0.01,3,3180,买盘
2354,10:48:27,10.59,-0.02,899,952041,卖盘
2355,10:48:21,10.61,0.01,32,33952,买盘
2356,10:48:18,10.6,-0.01,20,21200,卖盘
2357,10:48:12,10.61,--,23,24403,卖盘
2358,10:48:06,10.61,--,46,48806,买盘
2359,10:48:00,10.61,--,29,30769,卖盘
2360,10:47:48,10.61,--,100,106100,卖盘
2361,10:47:45,10.61,--,26,27586,买盘
2362,10:47:42,10.61,0.01,4,4244,中性盘
2363,10:47:33,10.6,-0.03,10,10600,卖盘
2364,10:47:27,10.63,0.02,2059,2188717,买盘
2365,10:47:24,10.61,--,1,1061,买盘
2366,10:47:21,10.61,0.01,25,26525,中性盘
2367,10:47:09,10.6,-0.02,1,1060,卖盘
2368,10:47:06,10.62,0.02,1,1062,买盘
2369,10:46:54,10.6,--,1,1060,卖盘
2370,10:46:39,10.6,--,5,5300,卖盘
2371,10:46:33,10.6,--,63,66780,卖盘
2372,10:46:21,10.6,--,585,620100,卖盘
2373,10:46:18,10.6,-0.03,9,9540,卖盘
2374,10:46:15,10.63,0.03,1001,1064063,买盘
2375,10:46:09,10.6,--,20,21200,卖盘
2376,10:46:06,10.6,-0.02,1,1060,卖盘
2377,10:46:00,10.62,--,10,10620,买盘
2378,10:45:39,10.62,--,373,396125,买盘
2379,10:45:33,10.62,--,50,53099,买盘
2380,10:45:27,10.62,0.01,1000,1062000,买盘
2381,10:45:24,10.61,--,9,9549,卖盘
2382,10:45:18,10.61,-0.01,86,91246,卖盘
2383,10:45:09,10.62,--,1,1062,买盘
2384,10:45:03,10.62,0.01,36,38232,买盘
2385,10:44:57,10.61,--,13,13793,卖盘
2386,10:44:51,10.61,--,5,5305,卖盘
2387,10:44:45,10.61,--,15,15915,买盘
2388,10:44:33,10.61,-0.02,50,53050,买盘
2389,10:44:30,10.63,0.02,2000,2126000,买盘
2390,10:44:27,10.61,--,311,330862,卖盘
2391,10:44:24,10.61,--,151,160211,卖盘
2392,10:44:18,10.61,--,80,84880,卖盘
2393,10:44:15,10.61,--,73,77453,卖盘
2394,10:44:12,10.61,--,11,11671,卖盘
2395,10:44:09,10.61,-0.01,2,2122,卖盘
2396,10:44:06,10.62,0.01,5,5310,买盘
2397,10:44:00,10.61,-0.01,46,49824,卖盘
2398,10:43:57,10.62,--,50,53099,买盘
2399,10:43:54,10.62,--,3,3185,买盘
2400,10:43:51,10.62,--,18,19116,买盘
2401,10:43:48,10.62,-0.01,5,5310,中性盘
2402,10:43:39,10.63,0.01,1052,1118276,买盘
2403,10:43:36,10.62,0.01,37,39506,买盘
2404,10:43:33,10.61,--,20,21220,卖盘
2405,10:43:26,10.61,-0.01,73,77453,买盘
2406,10:43:23,10.62,0.01,306,324972,买盘
2407,10:43:05,10.61,0.01,12,12732,买盘
2408,10:42:59,10.6,-0.03,31,32860,卖盘
2409,10:42:47,10.63,0.02,2205,2343915,买盘
2410,10:42:38,10.61,0.01,2,2122,买盘
2411,10:42:32,10.6,-0.01,2,2120,卖盘
2412,10:42:29,10.61,--,18,19098,买盘
2413,10:42:23,10.61,0.01,112,118832,买盘
2414,10:42:17,10.6,-0.01,10,10600,卖盘
2415,10:42:14,10.61,0.01,17,18037,买盘
2416,10:42:08,10.6,--,30,31800,卖盘
2417,10:42:05,10.6,--,9,9540,卖盘
2418,10:42:02,10.6,--,12,12720,卖盘
2419,10:41:59,10.6,0.01,623,661228,买盘
2420,10:41:56,10.59,0.01,255,270045,买盘
2421,10:41:53,10.58,0.01,70,74060,买盘
2422,10:41:50,10.57,--,10,10570,卖盘
2423,10:41:47,10.57,-0.01,51,53907,卖盘
2424,10:41:44,10.58,--,2,2116,买盘
2425,10:41:35,10.58,--,1,1058,买盘
2426,10:41:32,10.58,--,16,16928,买盘
2427,10:41:20,10.58,--,9,9522,买盘
2428,10:41:14,10.58,-0.01,8,8464,中性盘
2429,10:40:56,10.59,--,7,7413,买盘
2430,10:40:53,10.59,--,2,2118,买盘
2431,10:40:44,10.59,0.03,8,8472,买盘
2432,10:40:41,10.56,--,27,28512,买盘
2433,10:40:35,10.56,-0.03,1,1056,买盘
2434,10:40:32,10.59,0.03,86,91074,买盘
2435,10:40:29,10.56,0.01,177,186912,中性盘
2436,10:40:26,10.55,--,407,429385,卖盘
2437,10:40:23,10.55,-0.01,135,142425,卖盘
2438,10:40:20,10.56,--,193,203850,买盘
2439,10:40:17,10.56,0.01,80,84480,买盘
2440,10:40:14,10.55,-0.01,213,224715,卖盘
2441,10:40:11,10.56,0.01,10,10560,买盘
2442,10:40:08,10.55,-0.01,231,243705,卖盘
2443,10:40:05,10.56,0.01,565,597611,买盘
2444,10:39:56,10.55,--,160,168800,卖盘
2445,10:39:47,10.55,--,66,69630,买盘
2446,10:39:44,10.55,--,138,145590,买盘
2447,10:39:41,10.55,--,40,42200,买盘
2448,10:39:38,10.55,--,10,10550,买盘
2449,10:39:35,10.55,--,129,136095,买盘
2450,10:39:32,10.55,--,5,5275,买盘
2451,10:39:29,10.55,--,29,30595,买盘
2452,10:39:26,10.55,--,345,363975,买盘
2453,10:39:23,10.55,--,7,8418,卖盘
2454,10:39:20,10.55,--,10,10550,卖盘
2455,10:39:17,10.55,--,226,238430,卖盘
2456,10:39:08,10.55,0.01,18,19011,买盘
2457,10:39:05,10.54,-0.01,55,57969,卖盘
2458,10:39:02,10.55,0.01,25,26375,买盘
2459,10:38:59,10.54,-0.01,51,53753,卖盘
2460,10:38:56,10.55,--,22,23210,买盘
2461,10:38:50,10.55,--,10,10550,买盘
2462,10:38:47,10.55,--,101,106555,买盘
2463,10:38:44,10.55,--,7,8418,卖盘
2464,10:38:41,10.55,-0.01,181,190955,卖盘
2465,10:38:38,10.56,0.01,5,5280,中性盘
2466,10:38:32,10.55,-0.01,244,257420,卖盘
2467,10:38:29,10.56,0.01,356,376759,买盘
2468,10:38:23,10.55,--,222,234210,卖盘
2469,10:38:20,10.55,--,180,189900,卖盘
2470,10:38:17,10.55,-0.01,565,596075,卖盘
2471,10:38:11,10.56,--,271,286176,买盘
2472,10:38:08,10.56,0.01,10,10560,买盘
2473,10:38:05,10.55,-0.01,202,213110,卖盘
2474,10:38:02,10.56,--,198,209088,买盘
2475,10:37:56,10.56,0.01,493,520608,买盘
2476,10:37:53,10.55,-0.01,36,37980,卖盘
2477,10:37:50,10.56,0.01,315,332640,买盘
2478,10:37:47,10.55,--,38,40090,卖盘
2479,10:37:41,10.55,-0.01,260,274300,卖盘
2480,10:37:38,10.56,--,352,371712,买盘
2481,10:37:35,10.56,0.01,215,227040,买盘
2482,10:37:32,10.55,-0.01,75,79125,卖盘
2483,10:37:29,10.56,--,37,39072,买盘
2484,10:37:26,10.56,--,148,156520,卖盘
2485,10:37:23,10.56,--,72,76032,卖盘
2486,10:37:20,10.56,--,138,145728,卖盘
2487,10:37:17,10.56,--,164,173184,卖盘
2488,10:37:14,10.56,--,223,235488,卖盘
2489,10:37:08,10.56,--,231,243936,卖盘
2490,10:37:05,10.56,-0.01,260,274560,卖盘
2491,10:37:02,10.57,0.01,127,134239,买盘
2492,10:36:59,10.56,--,158,166848,卖盘
2493,10:36:56,10.56,--,40,43063,买盘
2494,10:36:53,10.56,--,279,294624,买盘
2495,10:36:50,10.56,--,121,128008,卖盘
2496,10:36:47,10.56,--,272,288055,买盘
2497,10:36:44,10.56,--,270,285352,卖盘
2498,10:36:38,10.56,-0.01,130,137280,卖盘
2499,10:36:32,10.57,0.01,162,171234,买盘
2500,10:36:29,10.56,--,193,203808,卖盘
2501,10:36:23,10.56,--,53,55968,卖盘
2502,10:36:20,10.56,-0.01,220,232320,卖盘
2503,10:36:17,10.57,0.01,2,2114,中性盘
2504,10:36:14,10.56,--,267,281952,卖盘
2505,10:36:08,10.56,--,335,353760,卖盘
2506,10:36:05,10.56,--,52,54912,卖盘
2507,10:35:59,10.56,--,0,834,卖盘
2508,10:35:56,10.56,--,149,157344,卖盘
2509,10:35:53,10.56,--,193,203808,买盘
2510,10:35:50,10.56,--,215,227040,卖盘
2511,10:35:47,10.56,--,146,154176,买盘
2512,10:35:44,10.56,0.01,342,361152,买盘
2513,10:35:41,10.55,--,83,87565,卖盘
2514,10:35:35,10.55,-0.01,333,351315,卖盘
2515,10:35:32,10.56,--,264,278784,买盘
2516,10:35:29,10.56,--,10,10560,买盘
2517,10:35:23,10.56,0.01,257,271392,卖盘
2518,10:35:20,10.55,-0.01,273,288015,卖盘
2519,10:35:17,10.56,--,3,3168,卖盘
2520,10:35:14,10.56,-0.01,187,197472,买盘
2521,10:35:11,10.57,0.01,208,219856,买盘
2522,10:35:08,10.56,--,179,189024,卖盘
2523,10:35:02,10.56,--,239,252384,卖盘
2524,10:34:59,10.56,--,269,284064,卖盘
2525,10:34:56,10.56,--,354,373824,买盘
2526,10:34:50,10.56,0.01,159,167904,卖盘
2527,10:34:44,10.55,-0.01,232,244760,卖盘
2528,10:34:41,10.56,--,183,193248,卖盘
2529,10:34:38,10.56,--,83,87648,买盘
2530,10:34:35,10.56,--,250,264000,卖盘
2531,10:34:32,10.56,--,243,256608,卖盘
2532,10:34:29,10.56,--,277,292512,卖盘
2533,10:34:26,10.56,--,198,209088,卖盘
2534,10:34:20,10.56,0.01,242,255953,买盘
2535,10:34:14,10.55,-0.01,146,154684,卖盘
2536,10:34:08,10.56,--,501,529056,卖盘
2537,10:34:05,10.56,--,55,58080,卖盘
2538,10:34:02,10.56,-0.01,139,146784,卖盘
2539,10:33:59,10.57,--,194,205058,买盘
2540,10:33:56,10.57,0.01,294,310758,买盘
2541,10:33:50,10.56,--,254,268224,卖盘
2542,10:33:47,10.56,--,259,273504,卖盘
2543,10:33:44,10.56,--,132,139392,卖盘
2544,10:33:41,10.56,--,168,177408,卖盘
2545,10:33:38,10.56,-0.01,78,82368,卖盘
2546,10:33:35,10.57,--,289,305473,买盘
2547,10:33:32,10.57,0.01,223,235711,买盘
2548,10:33:29,10.56,-0.01,342,361152,卖盘
2549,10:33:26,10.57,--,12,12684,买盘
2550,10:33:23,10.57,--,4,4228,买盘
2551,10:33:20,10.57,-0.01,130,137779,卖盘
2552,10:33:14,10.58,--,203,214774,买盘
2553,10:33:11,10.58,--,5,5290,买盘
2554,10:33:05,10.58,--,244,258152,买盘
2555,10:33:02,10.58,0.01,55,58190,买盘
2556,10:32:59,10.57,-0.01,132,139524,卖盘
2557,10:32:56,10.58,--,246,260268,卖盘
2558,10:32:53,10.58,--,467,494086,买盘
2559,10:32:47,10.58,--,267,282486,买盘
2560,10:32:44,10.58,--,108,114264,买盘
2561,10:32:41,10.58,--,3,3174,买盘
2562,10:32:38,10.58,0.01,25,26450,卖盘
2563,10:32:35,10.57,--,222,234654,卖盘
2564,10:32:32,10.57,-0.01,248,262136,卖盘
2565,10:32:29,10.58,0.01,404,427432,买盘
2566,10:32:26,10.57,--,285,301245,卖盘
2567,10:32:23,10.57,-0.01,157,165949,卖盘
2568,10:32:20,10.58,--,188,198904,买盘
2569,10:32:17,10.58,0.01,279,295869,买盘
2570,10:32:14,10.57,-0.01,1442,1524194,卖盘
2571,10:32:08,10.58,-0.02,79,83582,卖盘
2572,10:32:05,10.6,0.03,302,320120,买盘
2573,10:32:02,10.57,-0.03,171,180747,卖盘
2574,10:31:56,10.6,0.03,41,43460,买盘
2575,10:31:53,10.57,-0.03,238,251566,卖盘
2576,10:31:47,10.6,0.02,1857,1968420,买盘
2577,10:31:41,10.58,0.01,78,82524,买盘
2578,10:31:38,10.57,-0.01,228,240996,卖盘
2579,10:31:35,10.58,--,99,104742,买盘
2580,10:31:32,10.58,-0.01,46,48668,中性盘
2581,10:31:29,10.59,0.01,56,59304,买盘
2582,10:31:26,10.58,--,238,251804,卖盘
2583,10:31:23,10.58,--,265,280370,卖盘
2584,10:31:20,10.58,-0.01,357,377706,卖盘
2585,10:31:14,10.59,0.01,6,6354,中性盘
2586,10:31:08,10.58,-0.02,259,274022,卖盘
2587,10:31:05,10.6,0.01,1,1060,买盘
2588,10:31:02,10.59,0.01,11,11649,买盘
2589,10:30:56,10.58,-0.01,244,258152,卖盘
2590,10:30:53,10.59,--,1,1059,买盘
2591,10:30:47,10.59,0.01,16,16944,买盘
2592,10:30:44,10.58,-0.01,290,306820,卖盘
2593,10:30:38,10.59,-0.01,36,38124,卖盘
2594,10:30:32,10.6,--,252,267120,买盘
2595,10:30:29,10.6,--,41,43460,买盘
2596,10:30:26,10.6,--,307,325420,买盘
2597,10:30:20,10.6,0.01,177,187620,买盘
2598,10:30:14,10.59,-0.01,187,198033,卖盘
2599,10:30:08,10.6,--,190,201400,卖盘
2600,10:30:02,10.6,--,12,12720,卖盘
2601,10:29:59,10.6,0.01,67,71020,买盘
2602,10:29:56,10.59,-0.01,50,52950,卖盘
2603,10:29:50,10.6,--,53,56180,卖盘
2604,10:29:47,10.6,--,12,12720,买盘
2605,10:29:44,10.6,0.01,40,42400,买盘
2606,10:29:38,10.59,-0.01,44,46596,卖盘
2607,10:29:35,10.6,-0.01,16,16960,卖盘
2608,10:29:32,10.61,0.01,3,3183,买盘
2609,10:29:29,10.6,--,41,43460,买盘
2610,10:29:26,10.6,0.01,61,64660,买盘
2611,10:29:23,10.59,--,85,90015,卖盘
2612,10:29:20,10.59,--,32,33888,卖盘
2613,10:29:17,10.59,--,1153,1221027,卖盘
2614,10:29:14,10.59,-0.01,899,952041,卖盘
2615,10:29:11,10.6,--,75,79500,卖盘
2616,10:29:08,10.6,-0.01,8,8480,卖盘
2617,10:29:02,10.61,--,6,6366,买盘
2618,10:28:59,10.61,--,41,43501,买盘
2619,10:28:56,10.61,--,170,180370,买盘
2620,10:28:50,10.61,0.01,406,430766,买盘
2621,10:28:47,10.6,-0.01,35,37100,卖盘
2622,10:28:44,10.61,--,56,59416,买盘
2623,10:28:41,10.61,--,163,172943,买盘
2624,10:28:38,10.61,--,2,2122,买盘
2625,10:28:35,10.61,--,83,88063,买盘
2626,10:28:29,10.61,--,55,58355,买盘
2627,10:28:26,10.61,--,262,277982,买盘
2628,10:28:23,10.61,--,364,386204,买盘
2629,10:28:20,10.61,--,76,80636,买盘
2630,10:28:17,10.61,0.01,52,55172,买盘
2631,10:28:14,10.6,--,55,58300,卖盘
2632,10:28:08,10.6,--,83,87980,卖盘
2633,10:28:05,10.6,-0.01,39,41340,卖盘
2634,10:28:02,10.61,0.01,56,59416,买盘
2635,10:27:59,10.6,-0.01,7,7420,卖盘
2636,10:27:56,10.61,--,91,96551,买盘
2637,10:27:53,10.61,0.01,50,53050,买盘
2638,10:27:50,10.6,-0.01,65,68900,卖盘
2639,10:27:47,10.61,--,106,112466,买盘
2640,10:27:44,10.61,-0.01,20,21220,中性盘
2641,10:27:41,10.62,0.01,1286,1365732,买盘
2642,10:27:38,10.61,0.01,1,1061,买盘
2643,10:27:35,10.6,-0.02,45,47700,卖盘
2644,10:27:29,10.62,0.02,61,64781,买盘
2645,10:27:26,10.6,-0.01,54,57240,卖盘
2646,10:27:20,10.61,-0.01,8,8488,卖盘
2647,10:27:17,10.62,0.02,31,32922,买盘
2648,10:27:11,10.6,-0.01,203,215180,卖盘
2649,10:27:08,10.61,-0.01,19,20159,卖盘
2650,10:27:05,10.62,0.01,50,53099,买盘
2651,10:27:02,10.61,--,14,14854,买盘
2652,10:26:59,10.61,-0.01,6,6366,中性盘
2653,10:26:56,10.62,0.01,698,741276,买盘
2654,10:26:53,10.61,--,8,8488,买盘
2655,10:26:50,10.61,--,48,50928,买盘
2656,10:26:35,10.61,0.01,12,12732,买盘
2657,10:26:32,10.6,-0.01,333,352980,卖盘
2658,10:26:29,10.61,0.01,62,65782,买盘
2659,10:26:26,10.6,-0.01,18,19875,卖盘
2660,10:26:23,10.61,--,32,33952,卖盘
2661,10:26:17,10.61,--,240,254640,卖盘
2662,10:26:11,10.61,--,163,172943,卖盘
2663,10:26:08,10.61,-0.01,13,13793,卖盘
2664,10:26:02,10.62,0.01,7,7433,买盘
2665,10:25:59,10.61,--,81,85941,卖盘
2666,10:25:53,10.61,--,5,5305,卖盘
2667,10:25:50,10.61,--,146,154906,卖盘
2668,10:25:44,10.61,-0.01,238,252518,卖盘
2669,10:25:38,10.62,--,16,16992,买盘
2670,10:25:35,10.62,0.01,36,38232,买盘
2671,10:25:32,10.61,--,12,12732,卖盘
2672,10:25:23,10.61,-0.01,224,237664,卖盘
2673,10:25:08,10.62,0.01,14,14867,买盘
2674,10:24:56,10.61,-0.01,6,6366,卖盘
2675,10:24:53,10.62,0.01,86,91332,买盘
2676,10:24:47,10.61,-0.01,333,353313,卖盘
2677,10:24:44,10.62,0.01,30,31859,中性盘
2678,10:24:41,10.61,-0.01,142,150662,卖盘
2679,10:24:35,10.62,-0.01,49,52037,卖盘
2680,10:24:32,10.63,0.01,61,65108,买盘
2681,10:24:26,10.62,--,7,8230,卖盘
2682,10:24:23,10.62,0.01,136,144697,买盘
2683,10:24:17,10.61,-0.01,57,60477,卖盘
2684,10:24:14,10.62,--,60,63719,买盘
2685,10:24:05,10.62,--,36,38232,买盘
2686,10:24:02,10.62,--,22,23364,买盘
2687,10:23:59,10.62,0.01,9,9558,买盘
2688,10:23:49,10.61,-0.01,141,149601,卖盘
2689,10:23:46,10.62,0.02,3,3185,买盘
2690,10:23:43,10.6,-0.02,7,7420,卖盘
2691,10:23:37,10.62,0.02,1,1062,买盘
2692,10:23:31,10.6,--,32,33920,卖盘
2693,10:23:25,10.6,-0.02,336,356160,卖盘
2694,10:23:22,10.62,--,14,15664,卖盘
2695,10:23:19,10.62,--,16,16992,卖盘
2696,10:23:16,10.62,-0.01,26,27611,卖盘
2697,10:23:13,10.63,0.01,8,8504,买盘
2698,10:23:10,10.62,--,5,5310,卖盘
2699,10:23:07,10.62,-0.01,91,96642,卖盘
2700,10:23:04,10.63,--,39,41457,买盘
2701,10:23:01,10.63,0.01,2,2126,买盘
2702,10:22:58,10.62,--,52,55223,卖盘
2703,10:22:55,10.62,--,156,165672,卖盘
2704,10:22:52,10.62,--,22,23725,卖盘
2705,10:22:49,10.62,--,141,149742,卖盘
2706,10:22:46,10.62,--,5,5310,卖盘
2707,10:22:40,10.62,-0.01,32,33984,卖盘
2708,10:22:31,10.63,0.01,68,72284,买盘
2709,10:22:28,10.62,--,10,10620,卖盘
2710,10:22:25,10.62,--,100,106199,卖盘
2711,10:22:19,10.62,-0.01,333,353646,卖盘
2712,10:22:07,10.63,0.01,29,30827,买盘
2713,10:22:04,10.62,--,5,5310,卖盘
2714,10:22:01,10.62,--,22,23364,卖盘
2715,10:21:52,10.62,--,22,23364,卖盘
2716,10:21:40,10.62,--,267,283554,卖盘
2717,10:21:37,10.62,0.01,741,787908,买盘
2718,10:21:31,10.61,--,70,74270,买盘
2719,10:21:25,10.61,--,190,201590,买盘
2720,10:21:22,10.61,--,349,370289,买盘
2721,10:21:19,10.61,--,10,10610,买盘
2722,10:21:04,10.61,0.01,36,38196,买盘
2723,10:21:01,10.6,-0.02,350,371000,卖盘
2724,10:20:55,10.62,--,36,38327,卖盘
2725,10:20:52,10.62,--,28,29735,卖盘
2726,10:20:49,10.62,--,13,13805,卖盘
2727,10:20:46,10.62,--,3,3185,卖盘
2728,10:20:34,10.62,--,9,9558,卖盘
2729,10:20:31,10.62,-0.01,41,43542,卖盘
2730,10:20:28,10.63,0.01,9,9567,买盘
2731,10:20:22,10.62,--,26,27611,卖盘
2732,10:20:16,10.62,-0.01,333,353646,卖盘
2733,10:20:13,10.63,--,20,21260,卖盘
2734,10:20:10,10.63,--,23,24449,卖盘
2735,10:20:07,10.63,--,25,26575,卖盘
2736,10:20:04,10.63,--,155,164765,卖盘
2737,10:20:01,10.63,--,70,74410,卖盘
2738,10:19:58,10.63,--,200,212600,卖盘
2739,10:19:55,10.63,--,100,106300,卖盘
2740,10:19:52,10.63,--,46,48898,卖盘
2741,10:19:49,10.63,--,5,5315,卖盘
2742,10:19:46,10.63,--,1362,1448773,买盘
2743,10:19:43,10.63,--,139,147757,买盘
2744,10:19:34,10.63,0.01,37,39331,买盘
2745,10:19:31,10.62,--,32,33984,卖盘
2746,10:19:28,10.62,-0.01,5,5310,卖盘
2747,10:19:25,10.63,0.01,26,27638,买盘
2748,10:19:22,10.62,--,356,378072,卖盘
2749,10:19:19,10.62,-0.01,10,10620,卖盘
2750,10:19:13,10.63,0.01,30,31890,买盘
2751,10:19:10,10.62,--,30,31859,卖盘
2752,10:19:07,10.62,-0.01,10,10620,卖盘
2753,10:19:04,10.63,0.01,56,59528,买盘
2754,10:19:01,10.62,-0.01,1,1062,卖盘
2755,10:18:55,10.63,0.01,184,195592,买盘
2756,10:18:52,10.62,-0.01,23,24426,卖盘
2757,10:18:49,10.63,0.01,83,88229,买盘
2758,10:18:46,10.62,--,200,212399,卖盘
2759,10:18:40,10.62,--,19,20178,卖盘
2760,10:18:37,10.62,-0.01,5,5310,卖盘
2761,10:18:34,10.63,--,6,6378,买盘
2762,10:18:31,10.63,--,40,42520,买盘
2763,10:18:28,10.63,--,4,4252,买盘
2764,10:18:22,10.63,--,553,587934,卖盘
2765,10:18:19,10.63,--,466,496389,卖盘
2766,10:18:16,10.63,--,20,21260,卖盘
2767,10:18:04,10.63,--,23,24449,卖盘
2768,10:18:01,10.63,0.01,1240,1319119,买盘
2769,10:17:58,10.62,0.02,124,131688,买盘
2770,10:17:55,10.6,--,157,166420,卖盘
2771,10:17:52,10.6,-0.02,334,354040,卖盘
2772,10:17:49,10.62,--,724,768888,买盘
