,time,price,change,volume,amount,type
0,15:00:24,4.96,0.01,2791,1384703,卖盘
1,14:57:42,4.95,--,0,0,买盘
2,14:57:00,4.95,-0.01,2,990,卖盘
3,14:56:57,4.96,0.01,243,120528,买盘
4,14:56:48,4.95,--,2,990,卖盘
5,14:56:24,4.95,--,140,69300,买盘
6,14:56:21,4.95,--,300,148500,卖盘
7,14:56:18,4.95,-0.01,4,1980,卖盘
8,14:56:15,4.96,0.01,27,13392,买盘
9,14:56:12,4.95,-0.01,30,14850,卖盘
10,14:56:00,4.96,0.01,5,2480,买盘
11,14:55:51,4.95,--,70,34650,卖盘
12,14:55:45,4.95,-0.01,30,14850,卖盘
13,14:55:36,4.96,0.01,10,4960,买盘
14,14:55:30,4.95,-0.01,2,990,卖盘
15,14:55:24,4.96,0.01,263,130448,买盘
16,14:55:09,4.95,-0.01,33,16335,卖盘
17,14:55:06,4.96,0.01,103,51088,买盘
18,14:54:57,4.95,--,5,2475,卖盘
19,14:54:54,4.95,--,19,9405,卖盘
20,14:54:45,4.95,-0.01,390,193050,卖盘
21,14:54:24,4.96,0.01,6,2976,买盘
22,14:54:18,4.95,--,40,19800,卖盘
23,14:53:57,4.95,--,4,1980,卖盘
24,14:53:54,4.95,--,34,16830,卖盘
25,14:53:42,4.95,--,20,9900,卖盘
26,14:53:24,4.95,--,3,1485,卖盘
27,14:53:18,4.95,-0.01,31,15345,卖盘
28,14:53:00,4.96,0.01,19,9424,买盘
29,14:52:45,4.95,--,42,20790,卖盘
30,14:52:39,4.95,--,2,990,卖盘
31,14:52:36,4.95,-0.01,1,495,卖盘
32,14:52:33,4.96,--,5,2480,买盘
33,14:52:27,4.96,0.01,10,4960,买盘
34,14:52:21,4.95,--,30,14850,卖盘
35,14:52:15,4.95,--,3,1485,卖盘
36,14:52:12,4.95,--,3,1485,卖盘
37,14:52:00,4.95,--,44,21780,卖盘
38,14:51:57,4.95,-0.01,6,2970,卖盘
39,14:51:54,4.96,0.01,628,311488,买盘
40,14:51:45,4.95,--,16,7920,卖盘
41,14:51:39,4.95,-0.01,30,14850,卖盘
42,14:51:36,4.96,0.01,19,9424,买盘
43,14:51:33,4.95,--,214,105930,买盘
44,14:51:24,4.95,--,34,16830,买盘
45,14:51:15,4.95,--,20,9900,买盘
46,14:51:09,4.95,0.01,22,10890,买盘
47,14:51:06,4.94,-0.01,16,7904,卖盘
48,14:50:57,4.95,--,303,149985,卖盘
49,14:50:54,4.95,--,20,9900,卖盘
50,14:50:48,4.95,--,143,70785,买盘
51,14:50:36,4.95,-0.01,57,28215,卖盘
52,14:50:30,4.96,0.01,29,14384,买盘
53,14:50:27,4.95,-0.01,10,4950,卖盘
54,14:50:21,4.96,--,30,14880,买盘
55,14:50:15,4.96,--,29,14384,买盘
56,14:50:06,4.96,--,32,15872,买盘
57,14:50:03,4.96,0.02,35,17360,买盘
58,14:49:57,4.94,-0.01,95,46930,卖盘
59,14:49:48,4.95,-0.01,199,98505,中性盘
60,14:49:42,4.96,0.02,28,13888,买盘
61,14:49:39,4.94,-0.01,100,49400,卖盘
62,14:49:24,4.95,--,35,17325,买盘
63,14:49:18,4.95,0.01,107,52965,买盘
64,14:49:15,4.94,0.01,15,7410,买盘
65,14:49:12,4.93,--,121,59653,卖盘
66,14:49:09,4.93,--,749,369257,卖盘
67,14:49:00,4.93,--,281,138661,买盘
68,14:48:54,4.93,--,26,12818,买盘
69,14:48:51,4.93,--,80,39440,买盘
70,14:48:48,4.93,--,69,34017,买盘
71,14:48:39,4.93,--,70,34510,买盘
72,14:48:36,4.93,--,8,3944,买盘
73,14:48:21,4.93,-0.01,1975,974039,卖盘
74,14:48:12,4.94,--,19,9386,卖盘
75,14:48:09,4.94,-0.01,350,172900,卖盘
76,14:48:06,4.95,0.01,39,19305,买盘
77,14:47:45,4.94,-0.01,2,988,卖盘
78,14:47:39,4.95,--,45,22275,买盘
79,14:47:21,4.95,--,11,5445,买盘
80,14:47:06,4.95,-0.01,15,7425,卖盘
81,14:47:03,4.96,0.01,5,2480,买盘
82,14:46:57,4.95,--,31,15345,卖盘
83,14:46:48,4.95,--,268,132660,买盘
84,14:46:36,4.95,0.01,20,9900,买盘
85,14:46:21,4.94,-0.01,150,74100,卖盘
86,14:46:06,4.95,--,43,21285,买盘
87,14:45:24,4.95,--,40,19800,买盘
88,14:44:45,4.95,--,209,103455,卖盘
89,14:44:36,4.95,--,180,89100,卖盘
90,14:44:33,4.95,-0.01,52,25740,卖盘
91,14:44:09,4.96,--,24,11904,买盘
92,14:44:00,4.96,--,17,8432,买盘
93,14:43:54,4.96,0.01,82,40672,买盘
94,14:43:51,4.95,--,10,4950,卖盘
95,14:43:42,4.95,-0.01,113,55935,卖盘
96,14:43:39,4.96,--,29,14384,买盘
97,14:43:09,4.96,--,95,47120,买盘
98,14:43:03,4.96,--,61,30256,买盘
99,14:42:36,4.96,--,261,129456,买盘
100,14:42:30,4.96,0.01,6,2976,买盘
101,14:42:27,4.95,--,10,4950,卖盘
102,14:42:24,4.95,-0.01,37,18315,中性盘
103,14:42:12,4.96,0.02,27,13392,买盘
104,14:41:54,4.94,-0.01,10,4940,卖盘
105,14:41:48,4.95,0.01,235,116325,买盘
106,14:41:45,4.94,--,43,21242,卖盘
107,14:41:33,4.94,-0.01,945,466830,卖盘
108,14:41:30,4.95,--,40,19800,买盘
109,14:41:21,4.95,--,26,12870,买盘
110,14:41:03,4.95,0.01,131,64845,买盘
111,14:40:23,4.94,-0.01,5,2470,卖盘
112,14:40:20,4.95,0.01,3,1485,买盘
113,14:40:14,4.94,--,100,49400,卖盘
114,14:40:08,4.94,--,10,4940,卖盘
115,14:40:02,4.94,-0.01,137,67678,卖盘
116,14:39:53,4.95,0.01,20,9900,买盘
117,14:39:47,4.94,--,20,9880,卖盘
118,14:39:44,4.94,-0.01,1,494,卖盘
119,14:39:29,4.95,-0.01,45,22275,卖盘
120,14:39:26,4.96,0.01,1,496,买盘
121,14:39:23,4.95,--,20,9900,卖盘
122,14:39:20,4.95,--,50,24750,卖盘
123,14:39:05,4.95,--,50,24750,卖盘
124,14:39:02,4.95,--,30,14850,卖盘
125,14:38:41,4.95,--,100,49500,卖盘
126,14:38:38,4.95,--,20,9900,卖盘
127,14:38:32,4.95,--,53,26235,卖盘
128,14:38:08,4.95,--,6,2970,卖盘
129,14:37:50,4.95,--,4,1980,卖盘
130,14:37:47,4.95,-0.01,20,9900,卖盘
131,14:37:17,4.96,0.01,3,1488,买盘
132,14:37:11,4.95,--,78,38610,卖盘
133,14:37:08,4.95,--,30,14850,卖盘
134,14:36:44,4.95,--,10,4950,卖盘
135,14:36:38,4.95,--,41,20295,卖盘
136,14:36:23,4.95,0.01,178,88110,买盘
137,14:36:20,4.94,-0.01,200,98800,卖盘
138,14:36:11,4.95,--,310,153450,买盘
139,14:36:08,4.95,0.01,13,6435,买盘
140,14:35:56,4.94,--,50,24700,卖盘
141,14:35:53,4.94,--,16,7904,卖盘
142,14:35:38,4.94,--,100,49400,卖盘
143,14:35:35,4.94,--,20,9880,卖盘
144,14:35:32,4.94,--,525,259350,买盘
145,14:35:26,4.94,--,6,2964,买盘
146,14:35:23,4.94,--,500,247000,买盘
147,14:35:20,4.94,--,50,24700,买盘
148,14:35:14,4.94,--,16,7904,买盘
149,14:35:08,4.94,-0.01,200,98800,中性盘
150,14:34:50,4.95,0.02,2,990,中性盘
151,14:34:44,4.93,-0.03,150,73950,卖盘
152,14:34:41,4.96,0.02,300,148800,买盘
153,14:34:32,4.94,-0.02,2000,988000,卖盘
154,14:34:23,4.96,--,18,8928,买盘
155,14:34:20,4.96,--,31,15376,买盘
156,14:34:17,4.96,--,9,4464,卖盘
157,14:34:05,4.96,--,30,14880,卖盘
158,14:33:53,4.96,--,1,496,卖盘
159,14:33:44,4.96,--,15,7440,卖盘
160,14:33:41,4.96,--,20,9920,卖盘
161,14:33:38,4.96,--,4,1984,卖盘
162,14:33:35,4.96,--,19,9424,卖盘
163,14:33:29,4.96,--,20,9920,卖盘
164,14:33:17,4.96,--,71,35216,卖盘
165,14:33:11,4.96,--,31,15376,卖盘
166,14:33:05,4.96,--,110,54560,卖盘
167,14:33:02,4.96,--,44,21824,卖盘
168,14:32:50,4.96,--,25,12400,卖盘
169,14:32:32,4.96,--,42,20832,卖盘
170,14:32:29,4.96,-0.01,9,4464,卖盘
171,14:32:23,4.97,0.01,7,3479,买盘
172,14:31:59,4.96,--,6,2976,卖盘
173,14:31:41,4.96,-0.01,39,19344,卖盘
174,14:31:35,4.97,--,10,4970,买盘
175,14:31:14,4.97,--,100,49700,卖盘
176,14:30:59,4.97,--,126,62622,卖盘
177,14:30:53,4.97,--,214,106358,卖盘
178,14:30:50,4.97,--,50,24850,卖盘
179,14:30:44,4.97,-0.01,16,7952,卖盘
180,14:30:17,4.98,0.01,5,2490,买盘
181,14:30:11,4.97,-0.01,4,1988,卖盘
182,14:29:59,4.98,0.01,4,1992,买盘
183,14:29:44,4.97,--,5,2485,卖盘
184,14:29:29,4.97,--,569,282793,卖盘
185,14:29:08,4.97,--,10,4970,卖盘
186,14:28:59,4.97,-0.01,75,37275,卖盘
187,14:28:41,4.98,0.01,294,146412,买盘
188,14:28:38,4.97,--,30,14910,卖盘
189,14:28:32,4.97,--,10,4970,卖盘
190,14:28:26,4.97,-0.01,40,19880,卖盘
191,14:28:11,4.98,--,1145,570210,买盘
192,14:27:50,4.98,0.01,430,214140,买盘
193,14:27:17,4.97,0.01,210,104370,买盘
194,14:27:08,4.96,-0.01,15,7440,卖盘
195,14:27:05,4.97,--,57,28329,买盘
196,14:27:02,4.97,--,100,49700,买盘
197,14:26:44,4.97,--,30,14910,买盘
198,14:26:35,4.97,--,30,14910,买盘
199,14:26:32,4.97,0.01,16,7952,买盘
200,14:26:29,4.96,-0.01,20,9920,卖盘
201,14:26:17,4.97,0.01,43,21371,买盘
202,14:25:53,4.96,-0.01,9,4464,中性盘
203,14:25:32,4.97,0.02,9,4473,买盘
204,14:25:26,4.95,0.01,15,7425,中性盘
205,14:25:17,4.94,-0.04,1507,744458,卖盘
206,14:24:50,4.98,0.01,1514,753972,买盘
207,14:24:47,4.97,--,140,69580,卖盘
208,14:24:32,4.97,-0.01,5,2485,卖盘
209,14:24:29,4.98,0.01,36,17928,买盘
210,14:24:23,4.97,--,8,3976,卖盘
211,14:24:08,4.97,--,100,49700,卖盘
212,14:23:53,4.97,-0.01,24,11928,卖盘
213,14:23:44,4.98,0.01,7,3486,买盘
214,14:23:35,4.97,--,15,7455,卖盘
215,14:23:32,4.97,--,1,497,卖盘
216,14:23:29,4.97,--,2,994,卖盘
217,14:23:23,4.97,--,10,4970,卖盘
218,14:23:02,4.97,--,1,497,卖盘
219,14:22:44,4.97,-0.01,2,994,卖盘
220,14:22:41,4.98,--,10,4980,买盘
221,14:22:26,4.98,0.01,500,249000,买盘
222,14:22:23,4.97,--,10,4970,卖盘
223,14:22:20,4.97,--,10,4970,卖盘
224,14:22:17,4.97,-0.01,33,16401,卖盘
225,14:22:14,4.98,--,6,2988,买盘
226,14:21:53,4.98,0.01,20,9960,买盘
227,14:21:47,4.97,--,642,319074,卖盘
228,14:21:41,4.97,-0.01,1500,745500,卖盘
229,14:21:38,4.98,--,10,4980,卖盘
230,14:21:35,4.98,--,50,24900,卖盘
231,14:21:20,4.98,-0.01,91,45318,卖盘
232,14:21:17,4.99,--,9,4491,买盘
233,14:21:14,4.99,0.01,4,1996,买盘
234,14:21:08,4.98,--,6,2988,卖盘
235,14:21:04,4.98,-0.01,5,2490,卖盘
236,14:21:01,4.99,--,6,2994,买盘
237,14:20:46,4.99,0.01,65,32435,买盘
238,14:20:40,4.98,--,20,9960,卖盘
239,14:20:37,4.98,-0.01,3,1494,卖盘
240,14:20:28,4.99,0.01,168,83832,买盘
241,14:20:22,4.98,--,125,62250,卖盘
242,14:20:16,4.98,--,10,4980,卖盘
243,14:19:58,4.98,--,26,12948,卖盘
244,14:19:46,4.98,-0.01,29,14442,卖盘
245,14:19:43,4.99,0.01,127,63373,买盘
246,14:19:40,4.98,--,400,199200,买盘
247,14:19:34,4.98,-0.01,147,73206,卖盘
248,14:19:31,4.99,0.01,9,4491,买盘
249,14:19:28,4.98,-0.01,53,26394,中性盘
250,14:19:16,4.99,0.01,100,49900,买盘
251,14:19:13,4.98,--,190,94620,买盘
252,14:19:01,4.98,--,16,7968,买盘
253,14:18:58,4.98,0.01,11,5478,买盘
254,14:18:55,4.97,--,10,4970,卖盘
255,14:18:49,4.97,-0.01,20,9940,卖盘
256,14:18:40,4.98,-0.01,92,46065,卖盘
257,14:18:37,4.99,0.01,106,53143,买盘
258,14:18:28,4.98,--,25,12450,买盘
259,14:18:22,4.98,--,6,3237,卖盘
260,14:18:16,4.98,0.01,15,7719,买盘
261,14:18:10,4.97,-0.01,15,7455,卖盘
262,14:18:07,4.98,--,134,66981,卖盘
263,14:17:58,4.98,--,6,2988,卖盘
264,14:17:55,4.98,--,169,84411,买盘
265,14:17:49,4.98,--,5,2490,买盘
266,14:17:46,4.98,0.01,494,246012,买盘
267,14:17:40,4.97,-0.01,205,101885,卖盘
268,14:17:37,4.98,--,18,8964,买盘
269,14:17:25,4.98,--,10,4980,买盘
270,14:17:19,4.98,0.01,30,14940,买盘
271,14:17:13,4.97,-0.01,50,24850,卖盘
272,14:17:07,4.98,0.01,5,2490,买盘
273,14:17:04,4.97,-0.01,60,29820,卖盘
274,14:16:58,4.98,0.01,628,312744,买盘
275,14:16:55,4.97,--,1,497,卖盘
276,14:16:31,4.97,-0.01,10,4970,卖盘
277,14:16:28,4.98,0.01,4,1992,买盘
278,14:16:22,4.97,-0.01,15,7455,卖盘
279,14:16:19,4.98,--,49,24402,买盘
280,14:16:16,4.98,0.01,91,45318,买盘
281,14:15:58,4.97,--,11,5467,卖盘
282,14:15:55,4.97,-0.01,6,2982,卖盘
283,14:15:46,4.98,0.01,100,49800,买盘
284,14:15:34,4.97,-0.01,50,24850,卖盘
285,14:15:31,4.98,--,13,6474,买盘
286,14:15:28,4.98,0.01,30,14940,买盘
287,14:15:25,4.97,-0.01,1,497,卖盘
288,14:15:16,4.98,--,152,75696,买盘
289,14:15:13,4.98,0.01,77,38346,买盘
290,14:15:04,4.97,-0.01,10,4970,卖盘
291,14:14:58,4.98,--,53,26394,买盘
292,14:14:55,4.98,0.01,13,6474,买盘
293,14:14:46,4.97,-0.01,50,24850,卖盘
294,14:14:43,4.98,0.01,150,74700,买盘
295,14:14:37,4.97,--,17,8449,卖盘
296,14:14:31,4.97,--,10,4970,卖盘
297,14:14:28,4.97,-0.01,145,72065,卖盘
298,14:14:25,4.98,0.01,4,1992,买盘
299,14:14:16,4.97,--,26,12922,卖盘
300,14:14:13,4.97,-0.01,20,9940,卖盘
301,14:14:07,4.98,--,26,12948,买盘
302,14:14:01,4.98,0.01,9,4482,买盘
303,14:13:58,4.97,-0.01,161,80017,卖盘
304,14:13:55,4.98,0.01,300,149400,买盘
305,14:13:52,4.97,--,109,54173,卖盘
306,14:13:46,4.97,--,2,994,卖盘
307,14:13:43,4.97,-0.01,242,120274,卖盘
308,14:13:40,4.98,0.01,11,5478,买盘
309,14:13:37,4.97,--,32,15904,卖盘
310,14:13:22,4.97,--,150,74550,卖盘
311,14:13:19,4.97,--,10,4970,卖盘
312,14:13:13,4.97,--,30,14910,卖盘
313,14:12:58,4.97,--,16,7952,卖盘
314,14:12:49,4.97,--,94,46718,卖盘
315,14:12:46,4.97,--,15,7455,卖盘
316,14:12:43,4.97,--,376,187001,买盘
317,14:12:40,4.97,0.01,108,53676,买盘
318,14:12:37,4.96,-0.01,10,4960,卖盘
319,14:12:31,4.97,--,755,375235,买盘
320,14:12:28,4.97,--,30,14910,买盘
321,14:12:04,4.97,--,112,55664,买盘
322,14:11:55,4.97,0.01,2,994,买盘
323,14:11:52,4.96,--,3,1488,卖盘
324,14:11:49,4.96,--,10,4960,卖盘
325,14:11:46,4.96,--,100,49600,卖盘
326,14:11:43,4.96,--,20,9920,卖盘
327,14:11:37,4.96,-0.01,80,39680,卖盘
328,14:11:34,4.97,0.01,26,12922,买盘
329,14:11:31,4.96,--,278,137888,买盘
330,14:11:28,4.96,0.01,69,34224,买盘
331,14:11:22,4.95,-0.01,138,68310,卖盘
332,14:11:19,4.96,--,102,50592,买盘
333,14:11:16,4.96,--,154,76384,买盘
334,14:11:13,4.96,--,12,5952,买盘
335,14:11:10,4.96,--,200,99200,买盘
336,14:11:04,4.96,0.01,152,75392,买盘
337,14:10:58,4.95,--,28,13860,卖盘
338,14:10:55,4.95,--,10,4950,卖盘
339,14:10:52,4.95,-0.01,204,100980,卖盘
340,14:10:49,4.96,0.01,34,16864,买盘
341,14:10:46,4.95,-0.01,117,57915,卖盘
342,14:10:43,4.96,0.01,200,99200,买盘
343,14:10:40,4.95,-0.01,58,28710,卖盘
344,14:10:34,4.96,--,26,12896,买盘
345,14:10:31,4.96,--,13,6448,买盘
346,14:10:28,4.96,--,38,18848,买盘
347,14:10:25,4.96,--,38,18848,买盘
348,14:10:19,4.96,0.01,13,6448,买盘
349,14:10:13,4.95,-0.01,64,31680,卖盘
350,14:10:01,4.96,0.01,40,19840,买盘
351,14:09:49,4.95,-0.01,5,2475,卖盘
352,14:09:43,4.96,0.01,26,12896,买盘
353,14:09:40,4.95,-0.01,111,54945,卖盘
354,14:09:22,4.96,0.01,100,49600,买盘
355,14:09:19,4.95,-0.01,29,14355,卖盘
356,14:09:16,4.96,0.01,863,428048,买盘
357,14:09:10,4.95,--,317,156915,卖盘
358,14:08:55,4.95,-0.01,132,65340,卖盘
359,14:08:49,4.96,--,46,22816,买盘
360,14:08:25,4.96,0.01,1,496,买盘
361,14:08:22,4.95,-0.01,23,11385,卖盘
362,14:08:13,4.96,0.01,235,116560,买盘
363,14:08:07,4.95,0.01,20,9900,买盘
364,14:07:58,4.94,-0.01,10,4940,卖盘
365,14:07:55,4.95,--,12,5940,买盘
366,14:07:49,4.95,--,7,3465,买盘
367,14:07:46,4.95,--,466,230670,卖盘
368,14:07:40,4.95,--,10,4950,卖盘
369,14:07:34,4.95,-0.01,679,336105,卖盘
370,14:07:31,4.96,0.01,66,32736,买盘
371,14:07:28,4.95,--,2,990,卖盘
372,14:07:22,4.95,--,189,93555,卖盘
373,14:07:19,4.95,--,1,495,卖盘
374,14:07:13,4.95,--,2,990,卖盘
375,14:07:10,4.95,--,322,159390,卖盘
376,14:07:01,4.95,--,30,14850,卖盘
377,14:06:55,4.95,--,34,16830,卖盘
378,14:06:49,4.95,--,50,24750,卖盘
379,14:06:37,4.95,--,200,99000,卖盘
380,14:05:49,4.95,--,30,14850,卖盘
381,14:05:40,4.95,--,5,2475,卖盘
382,14:05:37,4.95,--,30,14850,卖盘
383,14:05:34,4.95,--,15,7425,卖盘
384,14:05:13,4.95,--,200,99000,卖盘
385,14:04:49,4.95,--,10,4950,卖盘
386,14:03:58,4.95,-0.01,10,4950,卖盘
387,14:03:49,4.96,0.01,5,2480,买盘
388,14:03:46,4.95,--,15,7425,卖盘
389,14:03:43,4.95,-0.01,2,990,中性盘
390,14:03:13,4.96,--,15,7440,买盘
391,14:03:01,4.96,--,251,124496,买盘
392,14:02:55,4.96,--,50,24800,买盘
393,14:02:46,4.96,0.01,603,299088,买盘
394,14:02:43,4.95,--,14,7137,卖盘
395,14:02:37,4.95,--,150,74250,卖盘
396,14:02:34,4.95,--,10,4950,卖盘
397,14:02:31,4.95,--,6,2970,卖盘
398,14:02:01,4.95,-0.01,15,7425,卖盘
399,14:01:55,4.96,0.01,77,38192,买盘
400,14:01:52,4.95,--,17,8702,买盘
401,14:01:43,4.95,--,800,396000,买盘
402,14:00:45,4.95,--,4,1980,卖盘
403,14:00:33,4.95,--,51,25245,卖盘
404,14:00:21,4.95,--,5,2475,卖盘
405,14:00:09,4.95,--,15,7425,卖盘
406,14:00:00,4.95,-0.01,197,97515,卖盘
407,13:59:48,4.96,0.01,13,6448,买盘
408,13:59:45,4.95,--,9,4455,卖盘
409,13:59:39,4.95,--,150,74250,卖盘
410,13:59:36,4.95,0.01,70,34650,买盘
411,13:59:30,4.94,--,100,49400,卖盘
412,13:59:27,4.94,-0.02,4,1976,卖盘
413,13:59:24,4.96,0.02,1310,649760,买盘
414,13:59:18,4.94,-0.01,100,49400,卖盘
415,13:59:06,4.95,0.01,200,99000,买盘
416,13:59:00,4.94,--,30,14820,卖盘
417,13:58:57,4.94,-0.01,1,494,卖盘
418,13:58:48,4.95,--,20,9900,买盘
419,13:58:45,4.95,0.01,5,2475,买盘
420,13:58:42,4.94,-0.01,10,4940,卖盘
421,13:58:24,4.95,0.01,4,1980,买盘
422,13:58:21,4.94,-0.01,15,7410,卖盘
423,13:58:18,4.95,--,2,990,买盘
424,13:58:15,4.95,--,1,495,买盘
425,13:58:03,4.95,--,30,14850,买盘
426,13:57:48,4.95,--,196,97020,卖盘
427,13:57:45,4.95,-0.01,90,44550,卖盘
428,13:57:39,4.96,0.01,130,64480,买盘
429,13:57:33,4.95,--,30,14850,卖盘
430,13:57:27,4.95,--,340,168300,卖盘
431,13:57:12,4.95,-0.01,50,24750,卖盘
432,13:57:06,4.96,0.01,386,191456,买盘
433,13:57:00,4.95,--,128,63360,卖盘
434,13:56:51,4.95,--,22,10890,卖盘
435,13:56:45,4.95,--,5,2475,卖盘
436,13:56:42,4.95,--,500,247500,卖盘
437,13:56:33,4.95,--,15,7425,卖盘
438,13:56:21,4.95,--,109,53955,卖盘
439,13:56:09,4.95,--,229,113355,买盘
440,13:56:06,4.95,--,13,6435,买盘
441,13:56:03,4.95,--,5,2475,买盘
442,13:56:00,4.95,0.01,188,93060,买盘
443,13:55:57,4.94,-0.01,30,14820,卖盘
444,13:55:51,4.95,--,23,11385,买盘
445,13:55:36,4.95,--,21,10395,买盘
446,13:55:27,4.95,0.01,52,25740,买盘
447,13:55:18,4.94,-0.01,12,5928,卖盘
448,13:55:12,4.95,--,3,1485,买盘
449,13:55:03,4.95,--,10,4950,买盘
450,13:54:57,4.95,0.01,800,396000,买盘
451,13:54:51,4.94,--,4,1976,卖盘
452,13:54:45,4.94,--,15,7410,卖盘
453,13:54:42,4.94,-0.02,1,494,卖盘
454,13:54:30,4.96,0.01,600,297600,买盘
455,13:54:15,4.95,--,34,16830,卖盘
456,13:54:00,4.95,--,7,3465,买盘
457,13:53:57,4.95,0.01,26,12870,买盘
458,13:53:51,4.94,-0.02,5,2470,卖盘
459,13:53:39,4.96,0.01,77,38192,买盘
460,13:53:36,4.95,--,158,78210,买盘
461,13:53:33,4.95,--,47,23265,卖盘
462,13:53:27,4.95,--,35,17325,卖盘
463,13:53:24,4.95,--,100,49500,卖盘
464,13:53:21,4.95,--,109,53955,卖盘
465,13:53:18,4.95,--,57,28215,卖盘
466,13:53:15,4.95,--,10,4950,卖盘
467,13:53:12,4.95,--,31,15345,卖盘
468,13:53:06,4.95,--,10,4950,卖盘
469,13:53:03,4.95,--,5,2475,卖盘
470,13:53:00,4.95,--,42,20790,卖盘
471,13:52:45,4.95,--,50,24750,卖盘
472,13:52:42,4.95,--,52,25740,卖盘
473,13:52:39,4.95,--,125,61875,卖盘
474,13:52:30,4.95,-0.01,200,99000,卖盘
475,13:52:09,4.96,0.01,22,10912,买盘
476,13:52:03,4.95,-0.01,80,39600,卖盘
477,13:51:39,4.96,--,18,8928,买盘
478,13:51:33,4.96,--,26,12896,买盘
479,13:51:21,4.96,0.01,10,4960,买盘
480,13:51:15,4.95,-0.01,2,990,卖盘
481,13:51:12,4.96,0.02,88,43648,买盘
482,13:51:09,4.94,-0.02,15,7410,卖盘
483,13:51:00,4.96,0.01,13,6448,买盘
484,13:50:57,4.95,--,313,154935,买盘
485,13:50:54,4.95,--,39,19305,买盘
486,13:50:42,4.95,--,13,6435,买盘
487,13:50:39,4.95,--,60,29700,买盘
488,13:50:30,4.95,--,21,10395,买盘
489,13:50:12,4.95,--,2,990,买盘
490,13:50:09,4.95,0.01,26,12870,买盘
491,13:50:00,4.94,-0.01,3,1482,卖盘
492,13:49:57,4.95,0.01,13,6435,买盘
493,13:49:21,4.94,-0.01,15,7410,卖盘
494,13:49:09,4.95,--,2,990,买盘
495,13:49:06,4.95,--,26,12870,买盘
496,13:49:03,4.95,--,40,19800,买盘
497,13:48:57,4.95,--,20,9900,买盘
498,13:48:51,4.95,0.01,20,9900,买盘
499,13:48:42,4.94,-0.01,15,7410,卖盘
500,13:48:39,4.95,--,50,24750,买盘
501,13:48:24,4.95,--,740,366755,卖盘
502,13:48:18,4.95,-0.01,1,495,卖盘
503,13:48:12,4.96,--,135,66960,买盘
504,13:48:06,4.96,--,15,7440,买盘
505,13:47:51,4.96,--,25,12400,买盘
506,13:47:39,4.96,0.01,4,1984,买盘
507,13:47:36,4.95,-0.01,15,7425,卖盘
508,13:47:30,4.96,0.01,10,4960,买盘
509,13:47:24,4.95,-0.01,189,93555,卖盘
510,13:47:15,4.96,--,19,9424,买盘
511,13:47:12,4.96,--,32,15872,买盘
512,13:47:06,4.96,0.01,2,992,买盘
513,13:47:00,4.95,--,86,42570,卖盘
514,13:46:57,4.95,-0.01,50,24750,卖盘
515,13:46:54,4.96,0.01,20,9920,买盘
516,13:46:48,4.95,--,10,4950,卖盘
517,13:46:27,4.95,--,3,1485,卖盘
518,13:46:21,4.95,--,3,1524,买盘
519,13:46:18,4.95,--,17,8415,买盘
520,13:46:09,4.95,--,40,19800,买盘
521,13:46:06,4.95,--,21,10395,买盘
522,13:45:54,4.95,--,59,29205,买盘
523,13:45:45,4.95,--,41,20295,买盘
524,13:45:30,4.95,--,43,21285,买盘
525,13:45:27,4.95,--,25,12375,买盘
526,13:45:21,4.95,--,18,8910,买盘
527,13:45:15,4.95,--,13,6435,买盘
528,13:44:57,4.95,--,92,45540,买盘
529,13:44:42,4.95,--,13,6435,买盘
530,13:44:33,4.95,--,26,12870,买盘
531,13:44:30,4.95,--,24,11880,买盘
532,13:44:27,4.95,--,24,11880,买盘
533,13:44:21,4.95,--,34,16830,买盘
534,13:44:12,4.95,--,9,4455,买盘
535,13:44:06,4.95,--,24,11880,买盘
536,13:44:00,4.95,--,61,30195,买盘
537,13:43:51,4.95,0.01,433,214335,买盘
538,13:43:48,4.94,-0.01,10,4940,卖盘
539,13:43:39,4.95,0.01,12,5940,买盘
540,13:43:36,4.94,--,10,4940,卖盘
541,13:43:30,4.94,-0.01,10,4940,卖盘
542,13:43:27,4.95,--,2,990,买盘
543,13:43:21,4.95,0.01,627,310365,买盘
544,13:43:18,4.94,--,11,5434,卖盘
545,13:43:12,4.94,-0.01,4,1976,卖盘
546,13:43:09,4.95,--,52,25740,买盘
547,13:42:45,4.95,--,41,20295,买盘
548,13:42:42,4.95,--,2,990,买盘
549,13:42:39,4.95,0.01,5,2475,买盘
550,13:42:26,4.94,--,20,9880,卖盘
551,13:42:20,4.94,--,21,10374,卖盘
552,13:42:08,4.94,--,32,15808,卖盘
553,13:41:50,4.94,-0.01,13,6422,卖盘
554,13:41:29,4.95,0.01,49,24255,买盘
555,13:40:23,4.94,-0.01,15,7410,卖盘
556,13:40:05,4.95,0.01,9,4455,买盘
557,13:39:53,4.94,-0.01,365,180310,卖盘
558,13:39:44,4.95,0.01,100,49500,买盘
559,13:39:32,4.94,-0.01,9,4446,卖盘
560,13:38:56,4.95,0.01,3,1485,买盘
561,13:38:32,4.94,-0.01,15,7410,卖盘
562,13:38:26,4.95,0.01,46,22770,买盘
563,13:38:23,4.94,--,51,25194,买盘
564,13:38:08,4.94,--,300,148200,买盘
565,13:37:41,4.94,--,700,345800,买盘
566,13:37:17,4.94,0.01,150,74100,买盘
567,13:37:14,4.93,--,9,4437,卖盘
568,13:36:59,4.93,--,20,9860,卖盘
569,13:36:44,4.93,--,15,7395,卖盘
570,13:36:05,4.93,--,2,986,卖盘
571,13:35:38,4.93,-0.01,6,2958,卖盘
572,13:35:35,4.94,0.01,14,6916,买盘
573,13:34:59,4.93,--,15,7395,卖盘
574,13:34:44,4.93,--,1,493,卖盘
575,13:34:38,4.93,--,5,2465,卖盘
576,13:34:08,4.93,--,100,49300,卖盘
577,13:34:02,4.93,-0.01,20,9860,卖盘
578,13:33:59,4.94,0.01,2,988,买盘
579,13:33:53,4.93,-0.01,7,3451,卖盘
580,13:33:23,4.94,0.01,137,67678,买盘
581,13:33:08,4.93,-0.01,15,7395,卖盘
582,13:32:47,4.94,0.01,150,74100,买盘
583,13:32:38,4.93,-0.01,50,24650,卖盘
584,13:32:32,4.94,--,74,36556,买盘
585,13:32:05,4.94,--,104,51376,买盘
586,13:31:59,4.94,--,35,17290,买盘
587,13:31:41,4.94,--,369,182286,卖盘
588,13:31:35,4.94,--,200,98800,卖盘
589,13:31:32,4.94,-0.01,22,10868,卖盘
590,13:31:29,4.95,0.01,32,15840,买盘
591,13:31:26,4.94,--,68,33592,卖盘
592,13:31:23,4.94,--,15,7410,卖盘
593,13:30:56,4.94,--,25,12350,卖盘
594,13:30:53,4.94,--,322,159068,卖盘
595,13:30:50,4.94,--,52,25688,卖盘
596,13:30:38,4.94,--,10,4940,卖盘
597,13:30:17,4.94,-0.01,1,494,卖盘
598,13:29:47,4.95,--,33,16335,买盘
599,13:29:41,4.95,--,20,9900,买盘
600,13:29:35,4.95,0.01,34,16830,买盘
601,13:29:32,4.94,-0.01,28,13832,卖盘
602,13:29:20,4.95,--,303,149985,买盘
603,13:29:14,4.95,--,64,31680,买盘
604,13:29:11,4.95,--,9,4455,买盘
605,13:29:08,4.95,--,21,10395,买盘
606,13:29:05,4.95,--,15,7425,买盘
607,13:29:02,4.95,--,79,39105,买盘
608,13:28:56,4.95,--,52,25740,买盘
609,13:28:53,4.95,--,40,19800,买盘
610,13:28:47,4.95,--,65,32175,买盘
611,13:28:23,4.95,--,87,43065,买盘
612,13:28:17,4.95,0.01,9,4455,买盘
613,13:28:14,4.94,-0.01,50,24700,卖盘
614,13:27:59,4.95,0.01,46,22770,买盘
615,13:27:53,4.94,--,5,2470,卖盘
616,13:27:47,4.94,-0.01,15,7410,卖盘
617,13:27:26,4.95,--,3,1485,买盘
618,13:27:05,4.95,--,63,31185,买盘
619,13:26:59,4.95,--,9,4455,买盘
620,13:26:44,4.95,0.01,17,8415,买盘
621,13:26:29,4.94,--,126,62244,买盘
622,13:26:20,4.94,0.01,17,8398,买盘
623,13:26:11,4.93,--,17,8381,卖盘
624,13:26:08,4.93,-0.01,9,4437,卖盘
625,13:26:05,4.94,--,35,17290,买盘
626,13:26:02,4.94,0.01,26,12844,买盘
627,13:25:59,4.93,-0.01,15,7395,卖盘
628,13:25:53,4.94,--,23,11362,买盘
629,13:25:50,4.94,0.01,18,8892,买盘
630,13:25:44,4.93,-0.01,10,4930,卖盘
631,13:25:11,4.94,--,29,14326,买盘
632,13:25:02,4.94,--,32,15808,买盘
633,13:24:59,4.94,0.01,60,29640,买盘
634,13:24:56,4.93,-0.01,12,5916,卖盘
635,13:24:32,4.94,--,37,18278,买盘
636,13:24:20,4.94,0.01,35,17290,买盘
637,13:24:08,4.93,-0.01,15,7395,卖盘
638,13:23:56,4.94,0.01,628,310232,买盘
639,13:23:53,4.93,--,10,4930,卖盘
640,13:23:47,4.93,--,7,3451,卖盘
641,13:23:41,4.93,--,25,12325,卖盘
642,13:23:29,4.93,--,40,19720,卖盘
643,13:23:17,4.93,-0.01,6,2958,卖盘
644,13:23:14,4.94,0.01,24,11856,买盘
645,13:22:50,4.93,--,17,8381,卖盘
646,13:22:41,4.93,-0.01,5,2465,卖盘
647,13:22:35,4.94,--,5,2470,买盘
648,13:22:32,4.94,0.01,12,5928,买盘
649,13:22:23,4.93,--,15,7395,卖盘
650,13:22:17,4.93,--,20,9860,卖盘
651,13:22:11,4.93,-0.01,1,493,卖盘
652,13:22:08,4.94,--,31,15314,买盘
653,13:22:05,4.94,--,35,17290,买盘
654,13:21:53,4.94,--,40,19760,买盘
655,13:21:43,4.94,0.01,40,19760,买盘
656,13:21:40,4.93,-0.01,8,3944,卖盘
657,13:21:34,4.94,--,40,19760,买盘
658,13:21:25,4.94,--,38,18772,买盘
659,13:21:19,4.94,0.01,10,4940,买盘
660,13:21:07,4.93,--,2,986,卖盘
661,13:20:31,4.93,-0.01,15,7395,卖盘
662,13:20:16,4.94,0.01,1,494,买盘
663,13:20:07,4.93,-0.01,12,5916,卖盘
664,13:20:04,4.94,--,178,87932,买盘
665,13:19:58,4.94,0.01,150,74100,买盘
666,13:19:49,4.93,-0.01,80,39440,卖盘
667,13:19:28,4.94,--,4,1976,买盘
668,13:19:19,4.94,--,15,7410,买盘
669,13:19:16,4.94,--,12,5928,买盘
670,13:19:10,4.94,0.01,1,494,买盘
671,13:19:04,4.93,-0.02,10,4930,卖盘
672,13:18:49,4.95,0.02,922,456390,买盘
673,13:18:46,4.93,-0.01,15,7395,卖盘
674,13:18:28,4.94,--,1,494,买盘
675,13:17:58,4.94,--,242,119548,卖盘
676,13:17:52,4.94,--,100,49400,卖盘
677,13:17:49,4.94,--,20,9880,卖盘
678,13:17:43,4.94,--,20,9880,卖盘
679,13:17:40,4.94,-0.01,5,2470,卖盘
680,13:17:37,4.95,0.01,7,3465,买盘
681,13:17:34,4.94,-0.01,102,50388,卖盘
682,13:17:28,4.95,0.01,2,990,买盘
683,13:17:10,4.94,--,200,98800,卖盘
684,13:17:04,4.94,--,10,4940,卖盘
685,13:16:58,4.94,--,15,7410,卖盘
686,13:16:43,4.94,--,10,4940,卖盘
687,13:16:37,4.94,-0.01,15,7410,卖盘
688,13:16:13,4.95,0.01,69,34155,买盘
689,13:15:58,4.94,--,90,44460,卖盘
690,13:15:55,4.94,-0.01,53,26182,卖盘
691,13:15:49,4.95,--,57,28215,买盘
692,13:15:46,4.95,--,52,25740,买盘
693,13:15:40,4.95,--,1,495,买盘
694,13:15:25,4.95,--,68,33660,买盘
695,13:15:16,4.95,0.01,13,6435,买盘
696,13:15:07,4.94,-0.01,15,7410,卖盘
697,13:14:52,4.95,--,497,246015,买盘
698,13:14:43,4.95,--,505,249975,卖盘
699,13:14:40,4.95,-0.01,50,24750,卖盘
700,13:14:37,4.96,0.01,1,496,买盘
701,13:14:25,4.95,0.02,1480,732600,买盘
702,13:14:22,4.93,-0.01,20,9860,卖盘
703,13:14:13,4.94,-0.01,18,8892,中性盘
704,13:13:58,4.95,--,18,8910,买盘
705,13:13:52,4.95,0.01,27,13365,买盘
706,13:13:49,4.94,--,7,3458,买盘
707,13:13:46,4.94,-0.01,109,53846,中性盘
708,13:13:25,4.95,0.02,872,431640,买盘
709,13:13:22,4.93,-0.01,71,35003,卖盘
710,13:13:16,4.94,--,100,49400,买盘
711,13:13:10,4.94,0.01,24,11856,买盘
712,13:12:46,4.93,-0.01,147,72471,卖盘
713,13:12:43,4.94,--,18,8892,买盘
714,13:12:31,4.94,--,30,14820,买盘
715,13:12:28,4.94,--,24,11856,买盘
716,13:12:19,4.94,0.01,102,50388,买盘
717,13:11:55,4.93,-0.01,3,1479,卖盘
718,13:11:52,4.94,0.01,100,49400,买盘
719,13:11:31,4.93,--,15,7395,卖盘
720,13:11:28,4.93,-0.01,6,2958,卖盘
721,13:11:04,4.94,--,39,19266,买盘
722,13:10:49,4.94,--,46,22724,买盘
723,13:10:46,4.94,--,31,15314,买盘
724,13:10:40,4.94,--,316,156104,买盘
725,13:10:34,4.94,--,24,11856,买盘
726,13:10:28,4.94,--,6,2964,买盘
727,13:10:13,4.94,0.01,53,26182,买盘
728,13:10:04,4.93,-0.01,21,10353,卖盘
729,13:09:55,4.94,0.01,311,153634,买盘
730,13:09:46,4.93,--,15,7395,卖盘
731,13:09:43,4.93,-0.01,4,1972,卖盘
732,13:09:01,4.94,0.01,1,494,买盘
733,13:08:52,4.93,--,80,39440,买盘
734,13:08:46,4.93,--,1,493,买盘
735,13:08:25,4.93,0.01,60,29580,买盘
736,13:08:10,4.92,-0.02,344,169248,卖盘
737,13:08:04,4.94,0.02,29,14326,买盘
738,13:07:58,4.92,-0.02,15,7380,卖盘
739,13:07:49,4.94,--,97,47918,买盘
740,13:07:37,4.94,--,1,494,买盘
741,13:07:31,4.94,-0.01,64,31616,卖盘
742,13:07:28,4.95,0.01,81,40095,买盘
743,13:07:25,4.94,-0.01,2,988,卖盘
744,13:07:22,4.95,0.01,23,11385,买盘
745,13:07:19,4.94,--,22,10868,卖盘
746,13:07:16,4.94,-0.01,6,2964,卖盘
747,13:07:10,4.95,0.01,44,21780,买盘
748,13:07:07,4.94,-0.01,1800,889200,卖盘
749,13:07:01,4.95,--,14,6930,买盘
750,13:06:52,4.95,--,56,27720,买盘
751,13:06:40,4.95,0.01,18,8910,买盘
752,13:06:25,4.94,-0.01,20,9880,卖盘
753,13:06:22,4.95,--,189,93555,买盘
754,13:06:19,4.95,0.01,9,4455,买盘
755,13:06:13,4.94,--,14,6916,卖盘
756,13:06:10,4.94,--,54,26676,卖盘
757,13:05:58,4.94,-0.01,489,241566,卖盘
758,13:05:55,4.95,--,23,11385,买盘
759,13:05:49,4.95,--,53,26235,买盘
760,13:05:46,4.95,--,30,14850,买盘
761,13:05:43,4.95,--,48,23760,买盘
762,13:05:34,4.95,--,36,17820,买盘
763,13:05:19,4.95,--,40,19800,买盘
764,13:05:01,4.95,0.01,44,21780,买盘
765,13:04:46,4.94,0.01,1134,560196,买盘
766,13:04:37,4.93,-0.01,24,11832,卖盘
767,13:04:34,4.94,--,29,14326,买盘
768,13:04:31,4.94,--,28,13832,买盘
769,13:04:25,4.94,0.01,104,51376,买盘
770,13:04:22,4.93,-0.01,316,155788,卖盘
771,13:04:19,4.94,0.01,40,19760,买盘
772,13:04:04,4.93,--,639,315027,卖盘
773,13:03:46,4.93,-0.01,14,6902,卖盘
774,13:03:40,4.94,--,70,34580,买盘
775,13:03:34,4.94,--,60,29640,买盘
776,13:03:25,4.94,--,70,34580,买盘
777,13:03:16,4.94,--,18,8892,买盘
778,13:03:10,4.94,--,126,62244,买盘
779,13:03:01,4.94,--,4,1976,卖盘
780,13:02:55,4.94,--,1,494,卖盘
781,13:02:52,4.94,-0.01,100,49400,买盘
782,13:02:49,4.95,0.01,330,163350,买盘
783,13:02:43,4.94,--,134,66196,买盘
784,13:02:31,4.94,--,55,27170,买盘
785,13:02:25,4.94,--,36,17784,买盘
786,13:02:19,4.94,--,100,49400,买盘
787,13:02:16,4.94,--,30,14820,买盘
788,13:02:13,4.94,--,382,188708,买盘
789,13:02:10,4.94,0.01,134,66196,买盘
790,13:01:58,4.93,-0.01,27,13311,卖盘
791,13:01:55,4.94,--,100,49400,买盘
792,13:01:52,4.94,--,9,4446,买盘
793,13:01:49,4.94,--,15,7410,买盘
794,13:01:43,4.94,--,100,49400,买盘
795,13:01:27,4.94,--,9,4446,买盘
796,13:01:21,4.94,--,47,23218,买盘
797,13:01:18,4.94,--,140,69160,买盘
798,13:01:15,4.94,--,134,66196,买盘
799,13:01:12,4.94,--,100,49400,买盘
800,13:01:03,4.94,--,34,16796,买盘
801,13:01:00,4.94,--,5,2470,买盘
802,13:00:57,4.94,--,2,988,买盘
803,13:00:54,4.94,--,33,16302,买盘
804,13:00:51,4.94,--,115,56810,买盘
805,13:00:45,4.94,--,100,49400,买盘
806,13:00:42,4.94,--,37,18278,买盘
807,13:00:36,4.94,--,10,4940,买盘
808,13:00:27,4.94,--,27,13338,买盘
809,13:00:24,4.94,--,18,8892,买盘
810,13:00:18,4.94,--,118,58292,买盘
811,13:00:12,4.94,--,144,71136,买盘
812,13:00:09,4.94,0.01,32,15808,买盘
813,13:00:06,4.93,--,207,102051,买盘
814,13:00:03,4.93,--,120,59160,买盘
815,11:29:41,4.93,0.01,57,28101,买盘
816,11:29:35,4.92,-0.01,1,492,卖盘
817,11:29:29,4.93,--,113,55709,买盘
818,11:29:17,4.93,0.01,9,4437,买盘
819,11:29:11,4.92,-0.01,183,90036,卖盘
820,11:29:02,4.93,--,4,1972,买盘
821,11:28:59,4.93,--,53,26129,买盘
822,11:28:53,4.93,--,9,4437,买盘
823,11:28:47,4.93,--,9,4437,买盘
824,11:28:35,4.93,0.01,11,5423,买盘
825,11:28:32,4.92,-0.01,140,68880,卖盘
826,11:28:20,4.93,--,300,147900,卖盘
827,11:28:11,4.93,--,1176,579768,买盘
828,11:28:05,4.93,0.01,9,4437,买盘
829,11:27:56,4.92,--,826,406392,买盘
830,11:27:44,4.92,--,273,134316,买盘
831,11:27:29,4.92,0.02,9,4428,买盘
832,11:27:20,4.9,-0.02,10,4900,卖盘
833,11:27:17,4.92,0.01,33,16236,买盘
834,11:27:11,4.91,-0.01,101,49591,卖盘
835,11:26:56,4.92,--,9,4428,买盘
836,11:26:41,4.92,--,24,11808,买盘
837,11:26:35,4.92,--,9,4428,买盘
838,11:26:29,4.92,--,33,16236,买盘
839,11:26:14,4.92,0.01,628,308976,买盘
840,11:26:11,4.91,-0.01,34,16694,卖盘
841,11:26:05,4.92,0.01,56,27552,买盘
842,11:25:56,4.91,-0.01,3,1473,卖盘
843,11:25:32,4.92,--,26,12792,买盘
844,11:25:26,4.92,0.01,9,4428,买盘
845,11:25:20,4.91,-0.01,15,7365,中性盘
846,11:25:14,4.92,--,24,11808,买盘
847,11:25:02,4.92,--,9,4428,买盘
848,11:24:59,4.92,0.01,38,18696,买盘
849,11:24:47,4.91,--,25,12275,买盘
850,11:24:44,4.91,--,42,20622,卖盘
851,11:24:41,4.91,--,1,491,卖盘
852,11:24:35,4.91,--,27,13257,卖盘
853,11:24:26,4.91,--,38,18658,买盘
854,11:24:23,4.91,--,5,2455,买盘
855,11:24:11,4.91,--,57,27987,卖盘
856,11:24:05,4.91,-0.01,85,41735,卖盘
857,11:24:02,4.92,--,9,4428,买盘
858,11:23:59,4.92,--,6,2952,买盘
859,11:23:56,4.92,0.01,23,11316,买盘
860,11:23:53,4.91,--,156,76596,买盘
861,11:23:44,4.91,--,34,16694,买盘
862,11:23:41,4.91,--,20,9820,买盘
863,11:23:35,4.91,0.01,200,98200,买盘
864,11:23:32,4.9,--,229,112210,卖盘
865,11:23:01,4.9,-0.01,159,77910,卖盘
866,11:22:40,4.91,--,145,71195,卖盘
867,11:22:28,4.91,-0.01,7,3437,卖盘
868,11:22:25,4.92,0.01,6,2952,买盘
869,11:21:55,4.91,--,10,4910,卖盘
870,11:21:43,4.91,--,15,7365,卖盘
871,11:21:37,4.91,-0.01,200,98200,卖盘
872,11:21:28,4.92,--,9,4428,买盘
873,11:21:25,4.92,--,16,7872,买盘
874,11:21:19,4.92,--,5,2460,买盘
875,11:21:10,4.92,0.01,9,4428,买盘
876,11:21:07,4.91,-0.01,20,9820,卖盘
877,11:21:04,4.92,--,5,2460,买盘
878,11:20:46,4.92,0.01,24,11808,买盘
879,11:20:40,4.91,--,18,9284,买盘
880,11:20:34,4.91,--,24,11784,买盘
881,11:20:28,4.91,--,23,11293,买盘
882,11:20:25,4.91,--,136,67149,卖盘
883,11:20:13,4.91,--,11,5401,卖盘
884,11:19:58,4.91,--,15,7365,卖盘
885,11:19:49,4.91,-0.01,526,258383,卖盘
886,11:19:46,4.92,0.01,2,984,买盘
887,11:19:25,4.91,-0.01,28,13748,卖盘
888,11:19:19,4.92,0.01,87,42804,中性盘
889,11:19:04,4.91,-0.01,511,250901,卖盘
890,11:18:58,4.92,--,44,21648,卖盘
891,11:18:52,4.92,--,50,24600,卖盘
892,11:18:49,4.92,-0.01,50,24600,卖盘
893,11:18:43,4.93,0.01,2,986,买盘
894,11:18:34,4.92,-0.01,1,492,卖盘
895,11:18:19,4.93,0.01,4,1972,买盘
896,11:18:07,4.92,--,15,7380,卖盘
897,11:17:58,4.92,-0.01,250,123000,卖盘
898,11:17:43,4.93,--,89,43877,买盘
899,11:17:37,4.93,--,98,48314,买盘
900,11:17:34,4.93,0.01,55,27115,买盘
901,11:17:31,4.92,--,50,24600,卖盘
902,11:17:28,4.92,--,1,492,卖盘
903,11:17:22,4.92,--,500,246000,卖盘
904,11:17:04,4.92,--,10,4920,卖盘
905,11:17:01,4.92,--,18,8856,卖盘
906,11:16:49,4.92,--,126,61992,买盘
907,11:16:46,4.92,--,20,9840,买盘
908,11:16:43,4.92,0.01,1,492,买盘
909,11:16:22,4.91,-0.01,35,17185,卖盘
910,11:16:07,4.92,--,70,34440,买盘
911,11:16:01,4.92,--,44,21648,买盘
912,11:15:58,4.92,--,5,2460,买盘
913,11:15:40,4.92,--,540,265680,买盘
914,11:15:31,4.92,--,82,40344,买盘
915,11:15:28,4.92,--,16,7872,买盘
916,11:15:19,4.92,--,241,118572,买盘
917,11:15:13,4.92,0.01,2,984,买盘
918,11:15:10,4.91,-0.01,25,12275,卖盘
919,11:15:01,4.92,0.01,152,74784,买盘
920,11:14:55,4.91,--,34,16694,卖盘
921,11:14:49,4.91,0.01,36,18054,买盘
922,11:14:43,4.9,-0.01,29,14210,卖盘
923,11:14:34,4.91,0.01,23,11293,买盘
924,11:14:31,4.9,-0.01,15,7350,卖盘
925,11:14:25,4.91,--,40,19640,买盘
926,11:14:19,4.91,--,1000,491000,买盘
927,11:14:16,4.91,0.01,380,186580,买盘
928,11:14:13,4.9,--,3,1470,卖盘
929,11:13:52,4.9,--,10,4900,卖盘
930,11:13:37,4.9,-0.01,19,9310,卖盘
931,11:13:07,4.91,0.01,28,13748,买盘
932,11:13:04,4.9,--,1,490,卖盘
933,11:12:58,4.9,--,1,490,卖盘
934,11:12:55,4.9,--,5,2450,卖盘
935,11:12:43,4.9,--,19,9310,卖盘
936,11:12:34,4.9,--,30,14700,卖盘
937,11:12:16,4.9,--,29,14210,卖盘
938,11:12:10,4.9,--,46,22540,卖盘
939,11:11:58,4.9,--,48,23520,卖盘
940,11:11:46,4.9,-0.01,280,137200,卖盘
941,11:11:37,4.91,0.01,10,4910,买盘
942,11:11:01,4.9,-0.01,15,7350,卖盘
943,11:10:49,4.91,--,54,26514,买盘
944,11:10:25,4.91,0.01,119,58429,买盘
945,11:09:52,4.9,--,5,2695,卖盘
946,11:09:37,4.9,--,4,2205,买盘
947,11:09:34,4.9,--,77,37730,买盘
948,11:09:31,4.9,--,1,490,买盘
949,11:09:19,4.9,-0.01,40,19600,卖盘
950,11:09:13,4.91,0.01,8,3928,买盘
951,11:09:07,4.9,-0.01,25,12250,卖盘
952,11:08:58,4.91,--,6,2946,买盘
953,11:08:55,4.91,--,48,23568,买盘
954,11:08:49,4.91,--,20,9820,买盘
955,11:08:46,4.91,0.01,2,982,买盘
956,11:08:37,4.9,-0.01,26,12740,卖盘
957,11:08:22,4.91,0.01,2,982,买盘
958,11:08:04,4.9,--,120,58800,买盘
959,11:08:01,4.9,--,33,16170,买盘
960,11:07:55,4.9,--,201,98490,买盘
961,11:07:37,4.9,0.01,2,980,买盘
962,11:07:22,4.89,-0.01,15,7334,卖盘
963,11:07:16,4.9,0.01,286,140140,买盘
964,11:07:01,4.89,-0.01,29,14180,卖盘
965,11:06:16,4.9,0.01,20,9800,买盘
966,11:06:01,4.89,-0.01,17,8313,卖盘
967,11:05:46,4.9,--,104,50960,买盘
968,11:05:40,4.9,0.01,10,4900,买盘
969,11:05:31,4.89,-0.01,15,7334,卖盘
970,11:05:16,4.9,--,88,43120,卖盘
971,11:05:13,4.9,--,9,4410,卖盘
972,11:04:58,4.9,0.01,10,4900,中性盘
973,11:04:40,4.89,-0.01,915,447434,卖盘
974,11:04:25,4.9,--,15,7350,卖盘
975,11:04:01,4.9,--,372,182280,卖盘
976,11:03:48,4.9,--,31,15190,卖盘
977,11:03:45,4.9,-0.01,15,7350,卖盘
978,11:03:27,4.91,--,20,9820,买盘
979,11:03:21,4.91,--,49,24059,买盘
980,11:03:06,4.91,--,93,45663,买盘
981,11:03:03,4.91,--,21,10311,买盘
982,11:03:00,4.91,--,20,9820,买盘
983,11:02:57,4.91,0.01,30,14730,买盘
984,11:02:36,4.9,-0.01,50,24500,卖盘
985,11:02:21,4.91,0.01,6,2946,买盘
986,11:02:18,4.9,-0.01,1,490,卖盘
987,11:02:06,4.91,0.01,40,19640,买盘
988,11:01:57,4.9,-0.01,15,7350,卖盘
989,11:01:36,4.91,0.01,37,18167,买盘
990,11:01:03,4.9,--,35,17591,买盘
991,11:00:54,4.9,0.01,100,49000,买盘
992,11:00:39,4.89,-0.01,20,9780,卖盘
993,11:00:33,4.9,--,24,11760,买盘
994,11:00:27,4.9,--,23,11270,买盘
995,11:00:24,4.9,0.01,50,24500,买盘
996,11:00:21,4.89,-0.01,41,20049,卖盘
997,11:00:15,4.9,0.01,23,11270,买盘
998,11:00:09,4.89,-0.01,15,7334,卖盘
999,10:59:27,4.9,--,337,165179,卖盘
1000,10:59:18,4.9,--,24,12201,卖盘
1001,10:59:12,4.9,-0.01,22,10780,卖盘
1002,10:58:51,4.91,--,24,11784,买盘
1003,10:58:45,4.91,0.01,23,11293,买盘
1004,10:58:33,4.9,0.01,139,68110,买盘
1005,10:58:21,4.89,-0.01,15,7334,卖盘
1006,10:58:18,4.9,0.01,16,7840,买盘
1007,10:58:15,4.89,-0.01,2,977,卖盘
1008,10:58:06,4.9,--,55,26950,买盘
1009,10:57:39,4.9,--,25,12250,买盘
1010,10:57:36,4.9,--,31,15190,买盘
1011,10:57:24,4.9,--,121,59290,卖盘
1012,10:57:15,4.9,--,1,490,卖盘
1013,10:56:57,4.9,--,219,107310,卖盘
1014,10:56:39,4.9,--,100,49000,卖盘
1015,10:56:30,4.9,-0.01,15,7350,卖盘
1016,10:56:27,4.91,--,2,982,买盘
1017,10:56:21,4.91,0.01,24,11784,买盘
1018,10:56:18,4.9,--,104,50960,卖盘
1019,10:56:12,4.9,--,327,160230,买盘
1020,10:56:03,4.9,--,20,9800,买盘
1021,10:56:00,4.9,--,428,209720,买盘
1022,10:55:45,4.9,--,23,11270,买盘
1023,10:55:30,4.9,--,3,1470,买盘
1024,10:55:18,4.9,--,16,7840,买盘
1025,10:55:09,4.9,0.01,16,7840,买盘
1026,10:54:45,4.89,--,55,26895,卖盘
1027,10:54:39,4.89,--,45,22005,买盘
1028,10:54:36,4.89,--,15,7334,买盘
1029,10:54:09,4.89,--,21,10269,买盘
1030,10:54:06,4.89,0.01,33,16136,买盘
1031,10:53:30,4.88,--,10,4880,卖盘
1032,10:52:57,4.88,--,15,7320,卖盘
1033,10:52:51,4.88,--,20,9760,买盘
1034,10:52:45,4.88,--,55,26840,买盘
1035,10:52:42,4.88,--,130,63440,买盘
1036,10:52:39,4.88,--,10,4880,买盘
1037,10:52:33,4.88,--,63,30744,买盘
1038,10:52:18,4.88,--,68,33184,买盘
1039,10:51:54,4.88,--,14,6832,买盘
1040,10:51:39,4.88,--,2,976,买盘
1041,10:51:24,4.88,--,54,26352,买盘
1042,10:51:12,4.88,0.01,61,29768,买盘
1043,10:51:09,4.87,-0.01,15,7305,卖盘
1044,10:50:54,4.88,--,2,976,买盘
1045,10:50:33,4.88,--,336,163968,买盘
1046,10:50:27,4.88,--,616,300608,卖盘
1047,10:50:24,4.88,--,2,976,卖盘
1048,10:50:18,4.88,--,120,58560,卖盘
1049,10:49:42,4.88,--,2,976,卖盘
1050,10:49:21,4.88,-0.02,15,7320,卖盘
1051,10:49:12,4.9,--,50,24500,买盘
1052,10:48:30,4.9,0.02,627,307230,买盘
1053,10:48:27,4.88,-0.01,10,4880,卖盘
1054,10:48:24,4.89,--,35,17115,买盘
1055,10:48:21,4.89,--,69,33741,卖盘
1056,10:48:18,4.89,--,50,24450,卖盘
1057,10:48:09,4.89,--,38,18582,卖盘
1058,10:47:36,4.89,--,80,39120,卖盘
1059,10:47:30,4.89,-0.01,15,7334,卖盘
1060,10:47:27,4.9,0.01,50,24500,买盘
1061,10:47:12,4.89,--,25,12225,卖盘
1062,10:46:48,4.89,--,43,21027,买盘
1063,10:46:45,4.89,--,17,8313,卖盘
1064,10:46:21,4.89,--,1,488,卖盘
1065,10:45:45,4.89,--,15,7334,卖盘
1066,10:45:09,4.89,--,8,3911,买盘
1067,10:44:45,4.89,-0.01,10,4890,中性盘
1068,10:44:27,4.9,0.01,111,54390,买盘
1069,10:43:57,4.89,--,15,7334,中性盘
1070,10:43:36,4.89,--,4,1955,买盘
1071,10:43:17,4.89,--,6,2934,卖盘
1072,10:43:02,4.89,--,37,18093,买盘
1073,10:42:53,4.89,--,3,1467,卖盘
1074,10:42:41,4.89,-0.01,50,24450,买盘
1075,10:42:35,4.9,0.01,46,22540,买盘
1076,10:42:29,4.89,--,6,2934,买盘
1077,10:42:20,4.89,0.01,12,5868,买盘
1078,10:42:08,4.88,-0.01,15,7320,卖盘
1079,10:41:38,4.89,--,91,44499,买盘
1080,10:41:26,4.89,0.01,22,10758,买盘
1081,10:41:14,4.88,--,1,488,卖盘
1082,10:40:56,4.88,0.01,227,111034,买盘
1083,10:40:44,4.87,--,10,4870,卖盘
1084,10:40:20,4.87,-0.01,15,7305,卖盘
1085,10:40:11,4.88,-0.02,72,35365,卖盘
1086,10:40:02,4.9,0.01,46,22540,买盘
1087,10:39:59,4.89,0.01,49,23961,买盘
1088,10:39:53,4.88,--,1,488,卖盘
1089,10:39:41,4.88,--,10,4880,卖盘
1090,10:39:29,4.88,-0.01,223,108824,卖盘
1091,10:39:20,4.89,--,21,10269,买盘
1092,10:39:17,4.89,0.01,33,16136,中性盘
1093,10:39:08,4.88,--,402,196468,卖盘
1094,10:38:41,4.88,-0.01,100,48800,卖盘
1095,10:38:32,4.89,--,22,10758,买盘
1096,10:38:17,4.89,--,166,81174,买盘
1097,10:38:08,4.89,--,100,48900,买盘
1098,10:37:17,4.89,--,99,48606,卖盘
1099,10:37:02,4.89,--,22,10758,卖盘
1100,10:36:59,4.89,--,3,1467,卖盘
1101,10:36:53,4.89,--,132,64547,卖盘
1102,10:36:44,4.89,--,15,7334,卖盘
1103,10:36:35,4.89,0.01,354,173399,买盘
1104,10:34:59,4.88,--,30,14640,卖盘
1105,10:34:56,4.88,--,16,7808,卖盘
1106,10:34:44,4.88,-0.01,47,22936,卖盘
1107,10:34:35,4.89,--,5,2445,买盘
1108,10:34:29,4.89,--,10,4890,买盘
1109,10:34:17,4.89,--,50,24450,买盘
1110,10:33:50,4.89,0.01,46,22494,买盘
1111,10:33:32,4.88,--,8,3904,卖盘
1112,10:33:14,4.88,--,3,1917,卖盘
1113,10:33:08,4.88,-0.01,15,7320,卖盘
1114,10:32:53,4.89,0.01,251,122738,买盘
1115,10:32:38,4.88,--,3,1464,卖盘
1116,10:32:05,4.88,--,95,46360,卖盘
1117,10:31:59,4.88,--,78,38064,卖盘
1118,10:31:47,4.88,-0.01,31,15128,卖盘
1119,10:31:32,4.89,--,2,977,买盘
1120,10:31:29,4.89,0.01,5,2445,买盘
1121,10:31:20,4.88,-0.01,15,7320,卖盘
1122,10:31:17,4.89,--,257,125868,卖盘
1123,10:31:05,4.89,--,104,50856,卖盘
1124,10:30:47,4.89,--,10,4890,卖盘
1125,10:30:44,4.89,--,284,138876,卖盘
1126,10:30:26,4.89,-0.01,116,56723,卖盘
1127,10:29:59,4.9,0.01,27,13230,买盘
1128,10:29:41,4.89,--,3,1760,卖盘
1129,10:29:32,4.89,-0.01,15,7334,卖盘
1130,10:29:08,4.9,--,5,2450,买盘
1131,10:28:56,4.9,0.01,10,4900,买盘
1132,10:28:50,4.89,--,1,488,卖盘
1133,10:28:38,4.89,-0.01,20,9780,卖盘
1134,10:28:35,4.9,--,9,4410,卖盘
1135,10:28:20,4.9,--,97,47530,买盘
1136,10:28:08,4.9,-0.01,103,50470,卖盘
1137,10:28:05,4.91,0.01,53,26023,买盘
1138,10:28:02,4.9,-0.01,24,11760,卖盘
1139,10:27:56,4.91,0.01,1,491,买盘
1140,10:27:53,4.9,--,34,16660,卖盘
1141,10:27:44,4.9,--,15,7350,卖盘
1142,10:27:35,4.9,--,29,14210,买盘
1143,10:27:32,4.9,--,283,138670,买盘
1144,10:27:26,4.9,--,1,490,买盘
1145,10:27:20,4.9,0.01,200,98000,买盘
1146,10:27:14,4.89,-0.01,10,4890,卖盘
1147,10:27:08,4.9,--,997,488530,买盘
1148,10:27:02,4.9,0.01,5,2450,买盘
1149,10:26:56,4.89,-0.01,275,134475,卖盘
1150,10:26:44,4.9,--,23,11270,买盘
1151,10:26:23,4.9,--,300,147000,买盘
1152,10:25:59,4.9,0.01,58,28420,买盘
1153,10:25:53,4.89,-0.01,38,18582,卖盘
1154,10:25:44,4.9,0.01,208,101920,买盘
1155,10:25:23,4.89,-0.01,5,2445,卖盘
1156,10:25:17,4.9,--,3,1470,买盘
1157,10:24:38,4.9,--,10,4900,买盘
1158,10:24:35,4.9,--,21,10290,买盘
1159,10:24:32,4.9,--,686,336140,买盘
1160,10:24:29,4.9,--,112,54880,买盘
1161,10:24:26,4.9,0.01,4,1960,买盘
1162,10:24:08,4.89,-0.01,15,7334,卖盘
1163,10:24:02,4.9,--,60,29400,买盘
1164,10:23:59,4.9,--,102,49980,买盘
1165,10:23:52,4.9,0.01,2,980,买盘
1166,10:23:28,4.89,-0.01,27,13203,卖盘
1167,10:23:16,4.9,0.01,500,245000,买盘
1168,10:23:13,4.89,--,2,977,卖盘
1169,10:22:58,4.89,--,5,2445,买盘
1170,10:22:52,4.89,-0.01,129,63080,卖盘
1171,10:22:46,4.9,0.01,8,3920,买盘
1172,10:22:40,4.89,--,5,2445,卖盘
1173,10:22:19,4.89,--,15,7334,卖盘
1174,10:22:10,4.89,--,5,2445,卖盘
1175,10:22:07,4.89,-0.01,415,202935,卖盘
1176,10:21:46,4.9,--,90,44100,买盘
1177,10:21:34,4.9,0.01,4,1960,买盘
1178,10:21:22,4.89,--,134,65525,卖盘
1179,10:21:04,4.89,0.01,1504,735456,买盘
1180,10:20:52,4.88,--,10,4880,卖盘
1181,10:20:34,4.88,--,134,65392,卖盘
1182,10:20:31,4.88,-0.01,15,7320,卖盘
1183,10:20:28,4.89,0.01,20,9780,买盘
1184,10:20:04,4.88,-0.01,115,56120,卖盘
1185,10:20:01,4.89,0.01,13,6357,买盘
1186,10:19:34,4.88,-0.01,1,488,卖盘
1187,10:19:28,4.89,--,1,488,买盘
1188,10:18:52,4.89,--,7,3423,买盘
1189,10:18:49,4.89,0.01,30,14669,买盘
1190,10:18:43,4.88,-0.01,15,7320,卖盘
1191,10:18:37,4.89,--,3,1467,买盘
1192,10:18:31,4.89,--,26,12714,买盘
1193,10:18:28,4.89,--,364,178069,卖盘
1194,10:18:13,4.89,-0.01,134,65525,卖盘
1195,10:18:10,4.9,--,383,188086,买盘
1196,10:18:07,4.9,--,500,245000,买盘
1197,10:18:01,4.9,--,5,2450,买盘
1198,10:17:55,4.9,--,4,1960,买盘
1199,10:17:34,4.9,--,13,6370,买盘
1200,10:17:28,4.9,--,4,1960,买盘
1201,10:17:07,4.9,0.01,30,14700,买盘
1202,10:16:55,4.89,--,15,7334,卖盘
1203,10:16:31,4.89,0.01,772,377508,买盘
1204,10:16:25,4.88,--,100,48800,卖盘
1205,10:15:19,4.88,--,142,69296,买盘
1206,10:15:13,4.88,0.01,48,23424,中性盘
1207,10:15:07,4.87,-0.02,33,16071,卖盘
1208,10:15:04,4.89,0.02,5,2445,买盘
1209,10:14:52,4.87,--,6,2922,卖盘
1210,10:14:49,4.87,-0.01,17,8279,卖盘
1211,10:14:43,4.88,--,73,35624,买盘
1212,10:14:31,4.88,--,9,4392,买盘
1213,10:14:16,4.88,0.02,30,14640,买盘
1214,10:13:58,4.86,-0.01,86,41796,卖盘
1215,10:13:37,4.87,0.01,46,22402,买盘
1216,10:13:22,4.86,-0.01,15,7290,卖盘
1217,10:13:19,4.87,--,6,2922,买盘
1218,10:13:07,4.87,0.01,20,9740,买盘
1219,10:12:55,4.86,--,17,8262,卖盘
1220,10:12:52,4.86,-0.01,135,65610,卖盘
1221,10:12:31,4.87,--,20,9740,买盘
1222,10:12:22,4.87,--,9,4383,买盘
1223,10:11:49,4.87,0.01,27,13149,中性盘
1224,10:11:31,4.86,-0.01,15,7290,卖盘
1225,10:11:22,4.87,--,15,7305,卖盘
1226,10:11:10,4.87,--,13,6331,卖盘
1227,10:11:01,4.87,--,3,1787,卖盘
1228,10:10:40,4.87,0.01,1,487,中性盘
1229,10:10:28,4.86,-0.03,16,7776,卖盘
1230,10:10:22,4.89,0.03,4,1955,买盘
1231,10:09:49,4.86,-0.03,28,13608,卖盘
1232,10:09:43,4.89,0.01,49,23961,买盘
1233,10:09:37,4.88,0.02,247,120536,买盘
1234,10:09:28,4.86,-0.02,134,65124,卖盘
1235,10:09:19,4.88,0.02,24,11712,买盘
1236,10:09:07,4.86,--,5,2430,卖盘
1237,10:08:34,4.86,--,10,4860,卖盘
1238,10:07:58,4.86,--,100,48600,卖盘
1239,10:07:55,4.86,-0.02,149,72414,卖盘
1240,10:07:52,4.88,0.02,20,9760,买盘
1241,10:07:22,4.86,-0.01,500,243000,卖盘
1242,10:07:16,4.87,--,5,2435,卖盘
1243,10:06:58,4.87,--,137,66719,卖盘
1244,10:06:31,4.87,--,50,24350,卖盘
1245,10:06:28,4.87,-0.01,1,827,卖盘
1246,10:06:10,4.88,0.01,5,2440,买盘
1247,10:06:07,4.87,-0.01,15,7305,卖盘
1248,10:05:22,4.88,--,3,1464,买盘
1249,10:04:49,4.88,--,10,4880,买盘
1250,10:04:46,4.88,--,1,488,买盘
1251,10:04:31,4.88,0.01,334,162992,买盘
1252,10:04:22,4.87,-0.01,15,7305,卖盘
1253,10:04:04,4.88,--,42,20496,买盘
1254,10:04:01,4.88,0.01,16,7808,买盘
1255,10:03:55,4.87,-0.01,15,7305,卖盘
1256,10:03:45,4.88,--,18,8784,买盘
1257,10:03:42,4.88,0.01,376,183488,买盘
1258,10:03:36,4.87,--,227,110549,卖盘
1259,10:03:12,4.87,--,40,19480,卖盘
1260,10:03:03,4.87,--,3,1461,卖盘
1261,10:02:54,4.87,0.01,24,11916,买盘
1262,10:02:51,4.86,-0.01,8,3888,卖盘
1263,10:02:39,4.87,--,20,9740,买盘
1264,10:02:36,4.87,--,10,4870,买盘
1265,10:02:33,4.87,0.01,7,3409,买盘
1266,10:02:30,4.86,--,2,972,卖盘
1267,10:02:24,4.86,-0.02,8,3888,卖盘
1268,10:02:06,4.88,0.02,9,4392,买盘
1269,10:01:54,4.86,--,15,7290,卖盘
1270,10:01:30,4.86,-0.02,150,72900,卖盘
1271,10:01:18,4.88,0.01,10,4880,买盘
1272,10:00:54,4.87,--,30,14610,买盘
1273,10:00:42,4.87,0.01,25,12175,买盘
1274,10:00:39,4.86,--,3,1458,卖盘
1275,10:00:27,4.86,--,20,9720,卖盘
1276,10:00:21,4.86,-0.01,52,25272,卖盘
1277,09:59:54,4.87,--,21,10227,买盘
1278,09:59:27,4.87,0.01,10,4870,买盘
1279,09:59:24,4.86,-0.01,10,4860,卖盘
1280,09:59:21,4.87,--,25,12175,买盘
1281,09:58:51,4.87,--,7,3409,买盘
1282,09:58:33,4.87,-0.01,2,974,卖盘
1283,09:57:54,4.88,0.01,10,4880,买盘
1284,09:57:51,4.87,-0.01,50,24350,卖盘
1285,09:57:18,4.88,--,9,4392,买盘
1286,09:57:15,4.88,--,100,48800,买盘
1287,09:56:57,4.88,--,20,9760,买盘
1288,09:56:48,4.88,--,6,2928,买盘
1289,09:56:45,4.88,0.02,27,13176,买盘
1290,09:56:18,4.86,--,0,408,卖盘
1291,09:55:57,4.86,--,20,9720,卖盘
1292,09:55:48,4.86,--,121,58806,卖盘
1293,09:55:45,4.86,-0.02,400,194400,卖盘
1294,09:55:42,4.88,--,2,976,买盘
1295,09:55:39,4.88,--,30,14640,买盘
1296,09:55:06,4.88,--,7,3416,买盘
1297,09:55:00,4.88,--,21,10248,买盘
1298,09:54:57,4.88,0.02,30,14640,买盘
1299,09:54:51,4.86,0.01,4,1944,买盘
1300,09:54:48,4.85,-0.01,25,12125,卖盘
1301,09:54:21,4.86,0.01,30,14580,买盘
1302,09:54:06,4.85,-0.03,23,11155,卖盘
1303,09:54:03,4.88,0.03,46,22448,买盘
1304,09:54:00,4.85,--,3,1455,卖盘
1305,09:53:57,4.85,--,75,36486,买盘
1306,09:53:48,4.85,--,56,27159,买盘
1307,09:53:42,4.85,--,50,24250,买盘
1308,09:53:39,4.85,--,20,9700,买盘
1309,09:53:33,4.85,--,119,57714,买盘
1310,09:53:30,4.85,--,10,4850,买盘
1311,09:53:27,4.85,0.01,56,27159,买盘
1312,09:53:24,4.84,-0.01,40,19360,卖盘
1313,09:53:12,4.85,--,200,97000,买盘
1314,09:52:51,4.85,-0.01,447,216794,卖盘
1315,09:52:42,4.86,-0.02,20,9720,中性盘
1316,09:52:30,4.88,0.03,50,24400,买盘
1317,09:52:21,4.85,--,61,29584,卖盘
1318,09:52:06,4.85,-0.01,5,2425,卖盘
1319,09:51:57,4.86,--,18,8748,卖盘
1320,09:51:54,4.86,--,100,48600,卖盘
1321,09:51:39,4.86,-0.02,60,29160,卖盘
1322,09:51:21,4.88,--,366,178983,卖盘
1323,09:51:09,4.88,--,4,1952,卖盘
1324,09:51:06,4.88,--,270,131760,卖盘
1325,09:50:57,4.88,--,80,39040,卖盘
1326,09:50:48,4.88,--,7,3416,卖盘
1327,09:50:45,4.88,--,100,48800,卖盘
1328,09:50:39,4.88,--,32,15616,卖盘
1329,09:50:36,4.88,--,49,23912,卖盘
1330,09:50:30,4.88,--,60,29280,卖盘
1331,09:50:27,4.88,--,292,142496,卖盘
1332,09:50:15,4.88,--,682,333011,卖盘
1333,09:50:03,4.88,--,5,2440,卖盘
1334,09:49:57,4.88,--,40,19925,买盘
1335,09:49:39,4.88,--,1,488,买盘
1336,09:49:36,4.88,-0.01,31,15210,卖盘
1337,09:49:33,4.89,0.01,964,471395,买盘
1338,09:49:27,4.88,--,50,24400,卖盘
1339,09:49:21,4.88,--,2,976,卖盘
1340,09:49:09,4.88,0.02,209,102397,买盘
1341,09:48:57,4.86,-0.02,1,486,卖盘
1342,09:48:51,4.88,--,1,488,买盘
1343,09:48:27,4.88,--,29,14234,卖盘
1344,09:48:24,4.88,--,1,488,卖盘
1345,09:48:06,4.88,--,15,7320,卖盘
1346,09:48:00,4.88,--,50,24400,卖盘
1347,09:47:54,4.88,0.01,866,423013,买盘
1348,09:47:51,4.87,0.01,112,54544,买盘
1349,09:47:48,4.86,-0.01,1,486,中性盘
1350,09:47:39,4.87,0.01,141,68667,买盘
1351,09:47:33,4.86,0.01,8,3888,买盘
1352,09:47:15,4.85,--,205,99618,买盘
1353,09:47:12,4.85,--,103,49954,买盘
1354,09:47:09,4.85,--,4,1939,买盘
1355,09:46:42,4.85,--,49,24056,卖盘
1356,09:46:27,4.85,0.01,1168,566674,买盘
1357,09:46:03,4.84,-0.01,7,3388,卖盘
1358,09:46:00,4.85,0.01,244,118339,买盘
1359,09:45:48,4.84,-0.01,5,2420,卖盘
1360,09:45:42,4.85,--,44,21340,买盘
1361,09:45:39,4.85,--,20,9700,买盘
1362,09:45:36,4.85,--,25,12125,买盘
1363,09:45:33,4.85,--,87,42195,买盘
1364,09:45:27,4.85,0.01,2,969,买盘
1365,09:45:12,4.84,--,163,79225,买盘
1366,09:45:06,4.84,--,255,123420,买盘
1367,09:45:00,4.84,--,31,15004,买盘
1368,09:44:57,4.84,--,362,175208,买盘
1369,09:44:51,4.84,--,10,4840,买盘
1370,09:44:39,4.84,--,20,9680,买盘
1371,09:44:15,4.84,--,50,24200,买盘
1372,09:44:12,4.84,--,529,256186,卖盘
1373,09:44:06,4.84,-0.01,0,333,卖盘
1374,09:43:59,4.85,--,89,43456,卖盘
1375,09:43:53,4.85,--,502,243809,卖盘
1376,09:43:44,4.85,--,18,8730,卖盘
1377,09:43:32,4.85,--,0,339,卖盘
1378,09:43:23,4.85,--,39,18915,卖盘
1379,09:43:20,4.85,--,10,4850,卖盘
1380,09:43:17,4.85,--,10,4850,卖盘
1381,09:43:14,4.85,--,60,29099,卖盘
1382,09:43:08,4.85,--,655,317675,卖盘
1383,09:43:05,4.85,-0.01,1,484,卖盘
1384,09:43:02,4.86,--,20,9720,买盘
1385,09:42:47,4.86,--,2,972,买盘
1386,09:42:35,4.86,--,467,227253,卖盘
1387,09:42:32,4.86,--,2,972,卖盘
1388,09:42:17,4.86,-0.02,1000,486000,卖盘
1389,09:42:08,4.88,0.01,2,976,买盘
1390,09:42:05,4.87,-0.01,6,2922,中性盘
1391,09:41:41,4.88,--,7,3416,买盘
1392,09:41:38,4.88,0.02,30,14640,买盘
1393,09:41:32,4.86,-0.02,2410,1171405,卖盘
1394,09:41:26,4.88,--,500,244000,卖盘
1395,09:40:59,4.88,--,0,341,卖盘
1396,09:40:56,4.88,--,20,9760,卖盘
1397,09:40:41,4.88,--,20,9760,卖盘
1398,09:40:38,4.88,0.01,61,29768,买盘
1399,09:40:35,4.87,-0.01,0,340,卖盘
1400,09:40:29,4.88,--,10,4880,买盘
1401,09:40:26,4.88,0.01,3,1464,买盘
1402,09:40:14,4.87,-0.01,26,12662,卖盘
1403,09:40:11,4.88,--,44,21813,买盘
1404,09:40:08,4.88,--,16,7808,买盘
1405,09:40:05,4.88,0.02,12,5856,中性盘
1406,09:39:35,4.86,-0.02,906,440316,卖盘
1407,09:39:32,4.88,-0.01,1,488,卖盘
1408,09:39:29,4.89,0.01,21,10269,买盘
1409,09:39:23,4.88,--,6,2928,卖盘
1410,09:39:20,4.88,--,12,5856,卖盘
1411,09:39:14,4.88,--,14,6832,卖盘
1412,09:39:05,4.88,--,51,24888,卖盘
1413,09:38:50,4.88,-0.01,1,488,卖盘
1414,09:38:44,4.89,--,6,2934,买盘
1415,09:38:32,4.89,--,30,14669,买盘
1416,09:38:29,4.89,-0.01,489,239600,卖盘
1417,09:38:17,4.9,--,119,58310,买盘
1418,09:38:11,4.9,--,1,490,买盘
1419,09:38:05,4.9,0.01,10,4900,买盘
1420,09:37:53,4.89,-0.01,816,399190,卖盘
1421,09:37:44,4.9,0.01,20,9800,买盘
1422,09:37:38,4.89,--,40,19560,卖盘
1423,09:37:32,4.89,-0.01,0,166,卖盘
1424,09:37:29,4.9,0.01,2,980,买盘
1425,09:37:23,4.89,--,0,166,买盘
1426,09:37:17,4.89,--,34,16626,买盘
1427,09:37:11,4.89,--,252,123384,卖盘
1428,09:37:05,4.89,-0.01,0,166,卖盘
1429,09:37:02,4.9,0.01,5,2450,买盘
1430,09:36:47,4.89,-0.01,200,97800,卖盘
1431,09:36:41,4.9,--,100,49000,买盘
1432,09:36:23,4.9,--,410,200900,买盘
1433,09:36:17,4.9,--,70,34300,买盘
1434,09:36:14,4.9,0.01,11,5390,买盘
1435,09:36:11,4.89,--,10,4890,卖盘
1436,09:36:08,4.89,-0.01,0,166,卖盘
1437,09:35:56,4.9,--,10,4900,买盘
1438,09:35:47,4.9,--,59,28910,买盘
1439,09:35:23,4.9,--,37,18130,买盘
1440,09:35:17,4.9,0.01,1,490,买盘
1441,09:35:08,4.89,-0.01,10,4890,卖盘
1442,09:35:05,4.9,--,50,24500,买盘
1443,09:34:56,4.9,--,35,17150,买盘
1444,09:34:50,4.9,--,55,26950,买盘
1445,09:34:44,4.9,0.01,30,14700,买盘
1446,09:34:41,4.89,0.01,2,977,卖盘
1447,09:34:35,4.88,-0.01,34,16592,卖盘
1448,09:34:20,4.89,--,431,210759,买盘
1449,09:34:11,4.89,0.01,627,306603,买盘
1450,09:34:05,4.88,-0.01,1,488,卖盘
1451,09:34:02,4.89,--,41,20049,买盘
1452,09:33:59,4.89,--,1,488,买盘
1453,09:33:47,4.89,--,61,29828,买盘
1454,09:33:44,4.89,--,17,8313,买盘
1455,09:33:38,4.89,--,228,111491,卖盘
1456,09:33:29,4.89,--,4,1955,卖盘
1457,09:33:26,4.89,--,4,1955,卖盘
1458,09:33:23,4.89,0.01,988,483131,买盘
1459,09:33:20,4.88,--,3,1464,卖盘
1460,09:33:17,4.88,-0.01,100,48800,卖盘
1461,09:33:14,4.89,--,59,28850,买盘
1462,09:33:08,4.89,0.01,46,22494,买盘
1463,09:33:02,4.88,-0.01,40,19520,卖盘
1464,09:32:59,4.89,--,44,21516,买盘
1465,09:32:35,4.89,--,52,25428,买盘
1466,09:32:32,4.89,--,10,4890,买盘
1467,09:32:23,4.89,0.01,48,23472,买盘
1468,09:32:08,4.88,-0.01,99,48312,卖盘
1469,09:31:53,4.89,--,803,392667,买盘
1470,09:31:41,4.89,--,41,20049,买盘
1471,09:31:38,4.89,-0.01,102,49878,卖盘
1472,09:31:32,4.9,0.01,27,13230,买盘
1473,09:31:29,4.89,--,11,5379,卖盘
1474,09:31:20,4.89,-0.01,2,977,中性盘
1475,09:31:11,4.9,--,12,5880,买盘
1476,09:31:08,4.9,--,1,490,买盘
1477,09:31:05,4.9,0.01,134,65660,买盘
1478,09:31:02,4.89,0.01,1,488,中性盘
1479,09:30:59,4.88,-0.03,8,3904,卖盘
1480,09:30:47,4.91,0.02,80,39280,买盘
1481,09:30:44,4.89,-0.01,19,9291,卖盘
1482,09:30:41,4.9,0.01,6,2940,买盘
1483,09:30:35,4.89,-0.01,263,128606,卖盘
1484,09:30:08,4.9,--,375,183750,卖盘
1485,09:30:05,4.9,0.01,972,476280,买盘
1486,09:30:02,4.89,-0.01,32,15647,卖盘
1487,09:25:41,4.9,--,0,0,买盘
1488,09:25:02,4.9,4.9,561,274890,买盘
