,time,price,change,volume,amount,type
0,15:00:24,28.08,0.02,1594,4475952,买盘
1,14:57:42,28.06,--,0,0,买盘
2,14:57:03,28.06,--,141,395646,卖盘
3,14:56:57,28.06,--,105,294630,买盘
4,14:56:54,28.06,--,40,112240,买盘
5,14:56:51,28.06,--,199,558394,买盘
6,14:56:48,28.06,--,48,134688,买盘
7,14:56:45,28.06,--,198,555588,买盘
8,14:56:42,28.06,--,285,799710,卖盘
9,14:56:39,28.06,--,36,101016,卖盘
10,14:56:36,28.06,-0.01,46,129076,卖盘
11,14:56:33,28.07,0.01,34,95438,买盘
12,14:56:30,28.06,--,19,53314,卖盘
13,14:56:27,28.06,--,68,190808,卖盘
14,14:56:24,28.06,--,19,53314,卖盘
15,14:56:21,28.06,-0.01,72,202032,卖盘
16,14:56:18,28.07,--,23,64561,买盘
17,14:56:15,28.07,--,12,33684,买盘
18,14:56:12,28.07,0.01,35,98245,买盘
19,14:56:09,28.06,-0.01,3,8418,卖盘
20,14:56:06,28.07,--,53,148771,买盘
21,14:56:03,28.07,--,85,238595,买盘
22,14:56:00,28.07,0.01,7,19649,买盘
23,14:55:57,28.06,-0.01,63,176778,卖盘
24,14:55:51,28.07,--,204,572628,买盘
25,14:55:45,28.07,0.01,39,109473,买盘
26,14:55:42,28.06,-0.01,6,16836,卖盘
27,14:55:39,28.07,0.01,31,87017,买盘
28,14:55:36,28.06,-0.01,60,168360,卖盘
29,14:55:30,28.07,0.01,60,168420,买盘
30,14:55:27,28.06,--,6,16836,卖盘
31,14:55:24,28.06,-0.01,8,22448,卖盘
32,14:55:21,28.07,--,14,39298,买盘
33,14:55:18,28.07,--,52,145964,买盘
34,14:55:15,28.07,--,151,423857,卖盘
35,14:55:12,28.07,--,33,92631,卖盘
36,14:55:09,28.07,0.01,112,314384,买盘
37,14:55:06,28.06,--,72,202032,卖盘
38,14:55:03,28.06,-0.01,40,112240,卖盘
39,14:55:00,28.07,0.01,19,53333,买盘
40,14:54:57,28.06,-0.01,60,168360,卖盘
41,14:54:54,28.07,0.01,9,25263,买盘
42,14:54:51,28.06,--,12,33672,卖盘
43,14:54:45,28.06,--,17,47702,卖盘
44,14:54:42,28.06,0.01,177,496662,买盘
45,14:54:39,28.05,-0.01,99,277695,卖盘
46,14:54:36,28.06,0.01,3,8418,买盘
47,14:54:33,28.05,-0.01,122,342210,卖盘
48,14:54:30,28.06,0.01,41,115046,买盘
49,14:54:27,28.05,--,4,11220,卖盘
50,14:54:24,28.05,--,100,280500,卖盘
51,14:54:21,28.05,--,39,109395,卖盘
52,14:54:18,28.05,0.01,101,283305,买盘
53,14:54:12,28.04,-0.01,5,14020,卖盘
54,14:54:09,28.05,--,7,19635,买盘
55,14:54:06,28.05,--,16,44880,买盘
56,14:54:03,28.05,0.01,1,2805,买盘
57,14:54:00,28.04,-0.02,21,58884,卖盘
58,14:53:57,28.06,0.01,1512,4242672,买盘
59,14:53:54,28.05,--,26,72930,买盘
60,14:53:51,28.05,0.01,2,5610,买盘
61,14:53:48,28.04,-0.01,14,39256,卖盘
62,14:53:45,28.05,0.01,2,5610,买盘
63,14:53:36,28.04,-0.01,57,159828,卖盘
64,14:53:33,28.05,0.01,4,11220,买盘
65,14:53:30,28.04,-0.01,52,145808,卖盘
66,14:53:24,28.05,0.01,1,2805,买盘
67,14:53:21,28.04,-0.01,100,280400,卖盘
68,14:53:18,28.05,0.01,150,420750,买盘
69,14:53:12,28.04,-0.01,21,58884,卖盘
70,14:53:09,28.05,--,2,5610,买盘
71,14:53:06,28.05,0.01,34,95370,买盘
72,14:53:03,28.04,--,10,28040,卖盘
73,14:53:00,28.04,-0.01,110,308440,卖盘
74,14:52:57,28.05,0.01,29,81345,买盘
75,14:52:54,28.04,--,2,5608,卖盘
76,14:52:48,28.04,--,24,67296,卖盘
77,14:52:45,28.04,-0.01,11,30844,卖盘
78,14:52:42,28.05,0.01,210,589050,买盘
79,14:52:39,28.04,-0.01,2,5608,卖盘
80,14:52:36,28.05,0.01,114,319770,买盘
81,14:52:33,28.04,-0.01,22,61688,卖盘
82,14:52:27,28.05,0.01,4,11220,买盘
83,14:52:24,28.04,--,17,47668,卖盘
84,14:52:21,28.04,-0.01,7,19628,卖盘
85,14:52:18,28.05,0.01,1,2805,买盘
86,14:52:15,28.04,-0.01,80,224320,卖盘
87,14:52:12,28.05,--,11,30855,买盘
88,14:52:09,28.05,0.01,67,187935,买盘
89,14:52:06,28.04,-0.01,16,44864,卖盘
90,14:52:03,28.05,--,9,25245,买盘
91,14:52:00,28.05,--,10,28050,买盘
92,14:51:57,28.05,0.01,7,19635,买盘
93,14:51:54,28.04,-0.01,1,2804,卖盘
94,14:51:51,28.05,--,2,5610,买盘
95,14:51:48,28.05,--,1,2805,买盘
96,14:51:45,28.05,--,2,5610,买盘
97,14:51:42,28.05,0.01,18,50490,买盘
98,14:51:39,28.04,-0.01,41,114964,卖盘
99,14:51:36,28.05,0.01,20,56100,买盘
100,14:51:33,28.04,-0.01,1,2804,卖盘
101,14:51:30,28.05,--,1,2805,买盘
102,14:51:27,28.05,0.01,7,19635,买盘
103,14:51:24,28.04,-0.01,58,162632,卖盘
104,14:51:21,28.05,--,16,44880,买盘
105,14:51:15,28.05,0.01,1,2805,买盘
106,14:51:12,28.04,-0.01,2,5608,卖盘
107,14:51:09,28.05,0.01,1,2805,买盘
108,14:51:06,28.04,-0.01,31,86924,卖盘
109,14:51:03,28.05,0.01,14,39270,买盘
110,14:51:00,28.04,-0.01,20,56080,卖盘
111,14:50:57,28.05,--,231,647955,买盘
112,14:50:54,28.05,--,8,22440,买盘
113,14:50:51,28.05,--,3,8415,买盘
114,14:50:45,28.05,0.01,4,11220,买盘
115,14:50:39,28.04,-0.01,91,255164,卖盘
116,14:50:36,28.05,0.01,33,92565,买盘
117,14:50:33,28.04,--,1,2804,卖盘
118,14:50:30,28.04,--,201,563604,卖盘
119,14:50:27,28.04,--,10,28040,卖盘
120,14:50:21,28.04,--,36,100944,卖盘
121,14:50:18,28.04,0.01,137,384148,买盘
122,14:50:12,28.03,-0.01,403,1129609,卖盘
123,14:50:09,28.04,--,3,8412,买盘
124,14:50:06,28.04,--,29,81316,买盘
125,14:50:03,28.04,-0.01,12,33648,卖盘
126,14:50:00,28.05,0.02,7,19635,买盘
127,14:49:54,28.03,--,41,114923,卖盘
128,14:49:51,28.03,--,14,39242,卖盘
129,14:49:48,28.03,-0.02,106,297118,卖盘
130,14:49:45,28.05,--,55,154275,买盘
131,14:49:42,28.05,0.01,28,78540,买盘
132,14:49:39,28.04,--,21,58884,买盘
133,14:49:33,28.04,--,18,50472,买盘
134,14:49:30,28.04,--,26,72904,买盘
135,14:49:21,28.04,--,7,19628,买盘
136,14:49:15,28.04,--,1,2804,买盘
137,14:49:12,28.04,-0.01,36,100944,卖盘
138,14:49:03,28.05,--,15,42075,买盘
139,14:49:00,28.05,--,7,19635,买盘
140,14:48:51,28.05,0.01,1,2805,买盘
141,14:48:48,28.04,--,23,64492,卖盘
142,14:48:45,28.04,--,26,72904,买盘
143,14:48:39,28.04,-0.01,2,5608,卖盘
144,14:48:36,28.05,0.01,14,39270,买盘
145,14:48:33,28.04,--,44,123376,买盘
146,14:48:30,28.04,-0.01,40,112160,卖盘
147,14:48:24,28.05,0.01,1,2805,买盘
148,14:48:21,28.04,--,17,47668,卖盘
149,14:48:18,28.04,--,31,86924,卖盘
150,14:48:12,28.04,--,16,44864,买盘
151,14:48:09,28.04,--,15,42060,买盘
152,14:48:06,28.04,--,2,5608,买盘
153,14:48:00,28.04,-0.01,45,126180,卖盘
154,14:47:54,28.05,--,4,11220,卖盘
155,14:47:51,28.05,0.01,497,1394085,买盘
156,14:47:48,28.04,-0.01,5,14020,卖盘
157,14:47:45,28.05,0.02,1,2805,买盘
158,14:47:42,28.03,-0.01,211,591433,卖盘
159,14:47:39,28.04,-0.01,17,47668,卖盘
160,14:47:36,28.05,0.01,15,42075,买盘
161,14:47:33,28.04,--,63,176652,买盘
162,14:47:30,28.04,--,20,56080,买盘
163,14:47:27,28.04,--,9,25236,买盘
164,14:47:24,28.04,0.01,2,5608,买盘
165,14:47:21,28.03,-0.01,23,64469,卖盘
166,14:47:18,28.04,0.01,11,30844,买盘
167,14:47:15,28.03,-0.01,87,243861,卖盘
168,14:47:12,28.04,--,6,16824,买盘
169,14:47:06,28.04,0.01,1,2804,买盘
170,14:47:03,28.03,-0.01,11,30833,卖盘
171,14:46:57,28.04,--,56,157024,买盘
172,14:46:54,28.04,0.01,7,19628,买盘
173,14:46:48,28.03,-0.01,55,154165,卖盘
174,14:46:45,28.04,--,75,212543,买盘
175,14:46:42,28.04,--,18,50472,买盘
176,14:46:39,28.04,--,15,42060,买盘
177,14:46:36,28.04,--,106,297224,买盘
178,14:46:30,28.04,0.01,7,19628,买盘
179,14:46:27,28.03,--,9,25227,买盘
180,14:46:24,28.03,-0.01,42,117726,卖盘
181,14:46:21,28.04,0.01,1,2804,买盘
182,14:46:15,28.03,--,13,36439,卖盘
183,14:46:12,28.03,--,285,798855,买盘
184,14:46:06,28.03,0.01,10,28030,买盘
185,14:46:03,28.02,-0.01,20,56040,卖盘
186,14:45:57,28.03,0.01,4,11212,买盘
187,14:45:54,28.02,--,3,8406,卖盘
188,14:45:51,28.02,--,30,84060,卖盘
189,14:45:48,28.02,--,50,140100,卖盘
190,14:45:45,28.02,--,141,396090,买盘
191,14:45:39,28.02,--,588,1647576,买盘
192,14:45:36,28.02,0.01,34,95268,买盘
193,14:45:33,28.01,-0.01,15,42015,卖盘
194,14:45:30,28.02,0.01,32,89664,买盘
195,14:45:24,28.01,--,19,53219,卖盘
196,14:45:21,28.01,-0.01,51,142851,卖盘
197,14:45:15,28.02,0.01,143,400686,买盘
198,14:45:12,28.01,--,25,70025,卖盘
199,14:45:03,28.01,--,184,515384,买盘
200,14:45:00,28.01,--,12,33612,买盘
201,14:44:57,28.01,--,19,53219,买盘
202,14:44:54,28.01,0.01,7,19607,买盘
203,14:44:51,28.0,-0.01,60,168000,卖盘
204,14:44:48,28.01,--,40,112040,买盘
205,14:44:45,28.01,--,6,16806,买盘
206,14:44:42,28.01,0.01,64,179264,买盘
207,14:44:39,28.0,--,49,137200,卖盘
208,14:44:36,28.0,--,37,103600,卖盘
209,14:44:27,28.0,--,11,30800,卖盘
210,14:44:24,28.0,-0.01,15,42000,卖盘
211,14:44:21,28.01,--,37,103637,买盘
212,14:44:18,28.01,--,4,11204,买盘
213,14:44:15,28.01,0.01,32,89632,买盘
214,14:44:12,28.0,-0.01,17,47600,卖盘
215,14:44:09,28.01,--,14,39214,卖盘
216,14:44:06,28.01,0.01,36,100836,买盘
217,14:44:03,28.0,-0.01,11,30800,卖盘
218,14:44:00,28.01,--,120,336120,买盘
219,14:43:54,28.01,0.01,31,86831,买盘
220,14:43:51,28.0,-0.01,13,38080,卖盘
221,14:43:48,28.01,--,20,56020,买盘
222,14:43:45,28.01,0.01,185,518185,买盘
223,14:43:42,28.0,-0.01,65,182000,卖盘
224,14:43:39,28.01,--,18,50418,买盘
225,14:43:36,28.01,--,8,22408,买盘
226,14:43:33,28.01,0.01,16,44816,买盘
227,14:43:27,28.0,--,3,8400,卖盘
228,14:43:21,28.0,--,82,229600,卖盘
229,14:43:15,28.0,--,73,204400,卖盘
230,14:43:09,28.0,--,10,28000,卖盘
231,14:43:03,28.0,-0.01,14,39200,卖盘
232,14:43:00,28.01,0.01,5,14005,买盘
233,14:42:57,28.0,--,10,28000,卖盘
234,14:42:54,28.0,-0.01,10,28000,卖盘
235,14:42:48,28.01,-0.01,9,25209,卖盘
236,14:42:45,28.02,0.01,86,240972,买盘
237,14:42:39,28.01,-0.01,8,22408,中性盘
238,14:42:36,28.02,0.01,4646,13018092,买盘
239,14:42:33,28.01,--,8,22408,卖盘
240,14:42:30,28.01,--,10,28010,卖盘
241,14:42:27,28.01,-0.01,12,35292,卖盘
242,14:42:15,28.02,--,9,27011,卖盘
243,14:42:12,28.02,--,5,14010,卖盘
244,14:42:06,28.02,--,29,82266,买盘
245,14:42:03,28.02,--,84,237161,卖盘
246,14:42:00,28.02,--,17,47634,卖盘
247,14:41:57,28.02,--,15,42030,卖盘
248,14:41:54,28.02,--,20,56040,卖盘
249,14:41:51,28.02,--,9,25218,卖盘
250,14:41:48,28.02,-0.01,25,70050,卖盘
251,14:41:45,28.03,--,64,179392,买盘
252,14:41:42,28.03,0.01,30,84090,买盘
253,14:41:39,28.02,--,6,16812,卖盘
254,14:41:36,28.02,-0.01,1,2802,卖盘
255,14:41:33,28.03,--,10,28030,买盘
256,14:41:30,28.03,--,82,229846,买盘
257,14:41:27,28.03,0.01,1,2803,买盘
258,14:41:24,28.02,--,1,2802,卖盘
259,14:41:21,28.02,-0.01,121,339042,卖盘
260,14:41:12,28.03,0.01,3,8409,买盘
261,14:41:06,28.02,--,10,28020,卖盘
262,14:41:03,28.02,-0.01,5,14010,卖盘
263,14:40:54,28.03,0.01,71,199013,买盘
264,14:40:51,28.02,-0.01,60,168120,卖盘
265,14:40:48,28.03,--,64,179392,买盘
266,14:40:45,28.03,0.01,1,2803,买盘
267,14:40:39,28.02,-0.01,7,19614,卖盘
268,14:40:29,28.03,--,1,2803,买盘
269,14:40:23,28.03,-0.01,64,179392,卖盘
270,14:40:20,28.04,0.01,17,47668,买盘
271,14:40:17,28.03,--,5,14015,卖盘
272,14:40:14,28.03,--,10,28030,卖盘
273,14:40:11,28.03,--,5,14015,卖盘
274,14:40:05,28.03,--,5,14015,卖盘
275,14:39:56,28.03,--,6,16818,卖盘
276,14:39:53,28.03,--,80,224240,卖盘
277,14:39:50,28.03,--,77,215831,卖盘
278,14:39:47,28.03,--,5,14015,卖盘
279,14:39:44,28.03,--,65,182195,卖盘
280,14:39:38,28.03,--,11,30833,卖盘
281,14:39:35,28.03,--,45,126135,卖盘
282,14:39:26,28.03,--,24,67272,卖盘
283,14:39:20,28.03,-0.01,2,5606,卖盘
284,14:39:17,28.04,--,6,16824,买盘
285,14:39:11,28.04,--,200,560800,买盘
286,14:39:05,28.04,-0.01,9,25236,卖盘
287,14:39:02,28.05,0.01,201,563805,买盘
288,14:38:59,28.04,--,4,11216,卖盘
289,14:38:56,28.04,--,74,207496,卖盘
290,14:38:50,28.04,--,296,829984,卖盘
291,14:38:47,28.04,-0.01,3,8412,卖盘
292,14:38:44,28.05,0.01,200,561000,买盘
293,14:38:41,28.04,--,3,8412,卖盘
294,14:38:38,28.04,--,41,114964,卖盘
295,14:38:32,28.04,--,14,39256,卖盘
296,14:38:29,28.04,--,31,86924,卖盘
297,14:38:26,28.04,0.01,68,190672,买盘
298,14:38:23,28.03,--,7,19621,卖盘
299,14:38:14,28.03,--,91,255073,卖盘
300,14:38:11,28.03,--,5,14015,卖盘
301,14:38:05,28.03,-0.01,11,30833,卖盘
302,14:38:02,28.04,--,1,2804,买盘
303,14:37:56,28.04,--,10,28040,买盘
304,14:37:53,28.04,--,65,182260,买盘
305,14:37:47,28.04,0.01,5,14020,买盘
306,14:37:41,28.03,--,35,98105,卖盘
307,14:37:38,28.03,--,32,89696,卖盘
308,14:37:35,28.03,--,2,5606,卖盘
309,14:37:32,28.03,--,225,630675,卖盘
310,14:37:29,28.03,--,8,22424,卖盘
311,14:37:23,28.03,-0.01,2,5606,卖盘
312,14:37:20,28.04,0.01,40,112160,买盘
313,14:37:11,28.03,--,10,28030,卖盘
314,14:37:05,28.03,--,3,8409,卖盘
315,14:37:02,28.03,--,10,28030,卖盘
316,14:36:59,28.03,--,6,16818,卖盘
317,14:36:56,28.03,--,78,218634,卖盘
318,14:36:53,28.03,0.01,77,215831,买盘
319,14:36:47,28.02,-0.01,3,8406,卖盘
320,14:36:44,28.03,0.01,11,30833,买盘
321,14:36:41,28.02,--,8,22416,卖盘
322,14:36:38,28.02,--,10,28020,卖盘
323,14:36:32,28.02,--,4,11208,卖盘
324,14:36:29,28.02,--,24,67248,卖盘
325,14:36:26,28.02,--,12,33624,卖盘
326,14:36:23,28.02,--,1,2802,卖盘
327,14:36:14,28.02,-0.02,3,8406,卖盘
328,14:36:08,28.04,--,7,19628,买盘
329,14:36:05,28.04,--,1,2804,买盘
330,14:36:02,28.04,0.02,3,8412,买盘
331,14:35:59,28.02,-0.02,716,2007240,卖盘
332,14:35:56,28.04,--,80,224320,买盘
333,14:35:53,28.04,--,56,157024,卖盘
334,14:35:47,28.04,--,107,300028,卖盘
335,14:35:44,28.04,--,1,2804,卖盘
336,14:35:41,28.04,--,8,22432,卖盘
337,14:35:38,28.04,--,67,187868,卖盘
338,14:35:35,28.04,--,198,555192,卖盘
339,14:35:32,28.04,--,54,151416,卖盘
340,14:35:29,28.04,-0.01,15,42060,卖盘
341,14:35:23,28.05,--,186,521730,买盘
342,14:35:20,28.05,--,104,291720,买盘
343,14:35:17,28.05,0.01,123,345015,买盘
344,14:35:14,28.04,--,5,14020,卖盘
345,14:35:11,28.04,--,5,14020,卖盘
346,14:35:08,28.04,--,4,11216,卖盘
347,14:35:05,28.04,--,12,33648,卖盘
348,14:35:02,28.04,--,6,16824,卖盘
349,14:34:59,28.04,-0.01,11,30844,卖盘
350,14:34:56,28.05,0.01,75,210375,买盘
351,14:34:53,28.04,-0.01,22,61688,卖盘
352,14:34:50,28.05,0.01,5,14025,买盘
353,14:34:47,28.04,--,10,28040,卖盘
354,14:34:41,28.04,-0.01,12,33648,卖盘
355,14:34:35,28.05,--,101,283305,买盘
356,14:34:32,28.05,0.01,98,274890,买盘
357,14:34:26,28.04,--,20,56080,卖盘
358,14:34:23,28.04,--,1,2804,卖盘
359,14:34:17,28.04,--,15,42060,卖盘
360,14:34:14,28.04,-0.01,7,19628,卖盘
361,14:34:11,28.05,0.01,21,58905,买盘
362,14:34:02,28.04,-0.01,7,19628,卖盘
363,14:33:59,28.05,--,64,179520,买盘
364,14:33:53,28.05,0.01,40,112200,买盘
365,14:33:44,28.04,-0.01,2,5608,卖盘
366,14:33:41,28.05,--,54,151470,买盘
367,14:33:38,28.05,--,106,297330,买盘
368,14:33:35,28.05,0.01,8,22440,买盘
369,14:33:32,28.04,-0.01,10,28040,卖盘
370,14:33:29,28.05,-0.01,167,468435,卖盘
371,14:33:20,28.06,0.01,2,5612,买盘
372,14:33:17,28.05,-0.01,22,61710,卖盘
373,14:33:08,28.06,--,7,19642,卖盘
374,14:33:02,28.06,--,6,16836,卖盘
375,14:32:59,28.06,0.01,120,336720,买盘
376,14:32:56,28.05,-0.01,15,42075,卖盘
377,14:32:50,28.06,0.01,52,145912,买盘
378,14:32:47,28.05,0.01,63,176715,买盘
379,14:32:44,28.04,--,20,56080,卖盘
380,14:32:38,28.04,--,30,84120,卖盘
381,14:32:35,28.04,-0.01,31,86924,卖盘
382,14:32:29,28.05,0.01,50,140250,买盘
383,14:32:26,28.04,-0.01,6,16824,卖盘
384,14:32:20,28.05,-0.01,79,224175,卖盘
385,14:32:17,28.06,0.01,5,14030,中性盘
386,14:32:11,28.05,--,67,188159,卖盘
387,14:32:05,28.05,--,89,249645,卖盘
388,14:31:56,28.05,-0.01,52,145860,卖盘
389,14:31:53,28.06,--,13,36478,买盘
390,14:31:47,28.06,0.01,2,5612,买盘
391,14:31:44,28.05,--,80,224400,卖盘
392,14:31:41,28.05,--,10,28050,卖盘
393,14:31:38,28.05,-0.01,28,78540,卖盘
394,14:31:35,28.06,0.01,5,14030,买盘
395,14:31:32,28.05,--,9,25245,卖盘
396,14:31:29,28.05,0.01,56,157080,买盘
397,14:31:26,28.04,-0.01,6,16824,中性盘
398,14:31:14,28.05,--,4,11220,卖盘
399,14:31:05,28.05,0.02,62,173910,买盘
400,14:30:59,28.03,-0.03,25,70075,卖盘
401,14:30:50,28.06,--,202,567429,买盘
402,14:30:44,28.06,0.01,29,84123,买盘
403,14:30:38,28.05,-0.01,3,10659,中性盘
404,14:30:35,28.06,--,221,620126,买盘
405,14:30:32,28.06,--,1,2806,买盘
406,14:30:29,28.06,--,2,5612,买盘
407,14:30:20,28.06,--,18,50508,卖盘
408,14:30:17,28.06,--,12,33672,卖盘
409,14:30:11,28.06,0.01,57,159942,买盘
410,14:29:59,28.05,-0.01,91,255255,卖盘
411,14:29:56,28.06,--,127,356362,买盘
412,14:29:50,28.06,--,507,1422642,买盘
413,14:29:47,28.06,0.01,1,2806,买盘
414,14:29:41,28.05,--,24,67320,卖盘
415,14:29:38,28.05,-0.01,2,5610,卖盘
416,14:29:35,28.06,0.01,5,14030,买盘
417,14:29:32,28.05,--,41,115005,卖盘
418,14:29:29,28.05,-0.01,8,22440,卖盘
419,14:29:23,28.06,--,38,106628,卖盘
420,14:29:20,28.06,--,5,14030,卖盘
421,14:29:17,28.06,--,26,72956,卖盘
422,14:29:11,28.06,--,40,112240,卖盘
423,14:29:08,28.06,--,83,232898,卖盘
424,14:29:05,28.06,--,205,575230,卖盘
425,14:29:02,28.06,--,147,412482,买盘
426,14:28:59,28.06,--,21,58926,卖盘
427,14:28:56,28.06,--,154,432124,卖盘
428,14:28:50,28.06,--,31,86986,卖盘
429,14:28:47,28.06,--,47,131882,卖盘
430,14:28:44,28.06,-0.01,16,44896,卖盘
431,14:28:41,28.07,--,39,109473,买盘
432,14:28:38,28.07,0.01,27,75789,买盘
433,14:28:32,28.06,-0.01,14,39284,卖盘
434,14:28:29,28.07,0.01,164,460348,买盘
435,14:28:26,28.06,-0.01,54,151524,卖盘
436,14:28:20,28.07,--,6,16842,买盘
437,14:28:17,28.07,--,27,75789,买盘
438,14:28:11,28.07,--,595,1670165,卖盘
439,14:28:05,28.07,-0.01,13,36491,卖盘
440,14:28:02,28.08,0.01,11,30887,买盘
441,14:27:59,28.07,-0.01,7,19649,卖盘
442,14:27:56,28.08,0.01,10,28080,买盘
443,14:27:53,28.07,-0.01,6,16842,卖盘
444,14:27:47,28.08,-0.01,125,351000,卖盘
445,14:27:44,28.09,0.01,27,75843,买盘
446,14:27:41,28.08,-0.01,8,22464,卖盘
447,14:27:38,28.09,--,27,75843,买盘
448,14:27:26,28.09,0.01,2,5618,中性盘
449,14:27:23,28.08,--,17,47736,卖盘
450,14:27:20,28.08,--,1020,2864160,卖盘
451,14:27:17,28.08,--,29,81432,卖盘
452,14:27:14,28.08,--,12,33696,卖盘
453,14:27:11,28.08,-0.01,34,95472,中性盘
454,14:27:08,28.09,0.01,34,95506,买盘
455,14:27:05,28.08,--,67,188136,买盘
456,14:27:02,28.08,--,51,143208,卖盘
457,14:26:59,28.08,--,27,75816,买盘
458,14:26:53,28.08,--,38,106704,买盘
459,14:26:50,28.08,--,54,151632,买盘
460,14:26:47,28.08,0.01,14,39312,买盘
461,14:26:41,28.07,-0.01,529,1484903,卖盘
462,14:26:38,28.08,0.01,63,176904,买盘
463,14:26:35,28.07,--,65,182455,卖盘
464,14:26:32,28.07,-0.01,251,704557,卖盘
465,14:26:26,28.08,0.02,19,53352,买盘
466,14:26:23,28.06,-0.02,50,140300,卖盘
467,14:26:20,28.08,0.01,60,168480,买盘
468,14:26:14,28.07,--,68,190876,买盘
469,14:26:11,28.07,--,201,564207,买盘
470,14:26:08,28.07,0.01,13,36491,买盘
471,14:26:05,28.06,--,124,347944,买盘
472,14:26:02,28.06,--,43,120658,买盘
473,14:25:59,28.06,0.01,84,235704,买盘
474,14:25:56,28.05,--,193,541365,卖盘
475,14:25:53,28.05,-0.01,6,16830,卖盘
476,14:25:50,28.06,--,51,143106,买盘
477,14:25:47,28.06,0.02,25,70150,买盘
478,14:25:44,28.04,-0.01,86,241144,卖盘
479,14:25:41,28.05,0.01,203,569415,买盘
480,14:25:35,28.04,--,85,238340,卖盘
481,14:25:32,28.04,-0.01,11,30844,卖盘
482,14:25:26,28.05,0.01,187,524535,买盘
483,14:25:23,28.04,--,11,30844,卖盘
484,14:25:20,28.04,0.01,15,42060,买盘
485,14:25:17,28.03,0.02,17,47651,中性盘
486,14:25:14,28.01,--,566,1585366,买盘
487,14:25:11,28.01,0.01,119,333319,买盘
488,14:25:05,28.0,-0.01,1006,2816800,卖盘
489,14:25:02,28.01,--,211,591011,买盘
490,14:24:59,28.01,--,36,100836,买盘
491,14:24:56,28.01,--,14,39214,买盘
492,14:24:53,28.01,0.01,1103,3089503,买盘
493,14:24:50,28.0,-0.01,40,112000,卖盘
494,14:24:47,28.01,0.01,45,126045,买盘
495,14:24:44,28.0,-0.01,1006,2816800,卖盘
496,14:24:41,28.01,0.01,16,44816,买盘
497,14:24:38,28.0,--,1844,5163200,买盘
498,14:24:35,28.0,--,25,70000,买盘
499,14:24:32,28.0,--,51,142800,买盘
500,14:24:26,28.0,--,4,11200,买盘
501,14:24:23,28.0,0.02,55,154000,买盘
502,14:24:20,27.98,-0.02,99,277002,卖盘
503,14:24:14,28.0,--,324,907200,买盘
504,14:24:08,28.0,0.04,9,25200,卖盘
505,14:24:05,27.96,-0.04,311,869556,卖盘
506,14:23:59,28.0,--,980,2744000,买盘
507,14:23:56,28.0,0.02,192,537600,买盘
508,14:23:53,27.98,-0.02,244,682712,卖盘
509,14:23:50,28.0,--,866,2424800,卖盘
510,14:23:44,28.0,-0.05,1000,2800000,卖盘
511,14:23:38,28.05,--,5095,14291475,卖盘
512,14:23:35,28.05,--,22,61710,卖盘
513,14:23:32,28.05,0.03,2,5610,买盘
514,14:23:29,28.02,-0.02,248,694896,卖盘
515,14:23:26,28.04,0.01,11,30844,卖盘
516,14:23:23,28.03,-0.02,33,92499,卖盘
517,14:23:20,28.05,0.02,851,2387055,买盘
518,14:23:17,28.03,--,35,98105,卖盘
519,14:23:14,28.03,--,93,260679,买盘
520,14:23:11,28.03,-0.01,25,70075,买盘
521,14:23:05,28.04,0.01,133,372932,买盘
522,14:23:02,28.03,0.01,25,70075,买盘
523,14:22:59,28.02,0.01,77,215754,中性盘
524,14:22:47,28.01,-0.02,132,369732,卖盘
525,14:22:44,28.03,--,56,156968,买盘
526,14:22:41,28.03,--,380,1065140,买盘
527,14:22:35,28.03,0.03,56,156968,买盘
528,14:22:32,28.0,-0.02,71,198800,卖盘
529,14:22:29,28.02,0.02,254,711708,买盘
530,14:22:26,28.0,-0.01,567,1587600,卖盘
531,14:22:23,28.01,--,4,11204,卖盘
532,14:22:20,28.01,0.01,214,599414,买盘
533,14:22:17,28.0,-0.01,188,526400,卖盘
534,14:22:14,28.01,0.01,324,907524,买盘
535,14:22:08,28.0,--,2,5600,卖盘
536,14:22:05,28.0,--,400,1120000,卖盘
537,14:22:02,28.0,--,137,383600,卖盘
538,14:21:56,28.0,-0.01,111,310800,中性盘
539,14:21:53,28.01,--,141,394941,买盘
540,14:21:50,28.01,0.03,25,70025,买盘
541,14:21:47,27.98,-0.03,155,433690,卖盘
542,14:21:44,28.01,0.01,198,554598,买盘
543,14:21:38,28.0,-0.01,102,285600,卖盘
544,14:21:35,28.01,0.01,5,14005,买盘
545,14:21:32,28.0,-0.01,30,84000,卖盘
546,14:21:29,28.01,--,129,361329,买盘
547,14:21:26,28.01,--,88,246488,买盘
548,14:21:23,28.01,0.01,64,179264,买盘
549,14:21:20,28.0,--,55,154000,卖盘
550,14:21:17,28.0,--,45,126000,卖盘
551,14:21:14,28.0,0.02,252,705600,买盘
552,14:21:11,27.98,0.01,1,2798,中性盘
553,14:21:04,27.97,--,573,1603687,卖盘
554,14:21:01,27.97,--,214,598558,卖盘
555,14:20:58,27.97,--,22,61534,卖盘
556,14:20:52,27.97,--,735,2055795,买盘
557,14:20:49,27.97,--,17,47549,买盘
558,14:20:46,27.97,-0.01,5,13985,买盘
559,14:20:43,27.98,0.02,10,27980,买盘
560,14:20:40,27.96,-0.01,64,178944,卖盘
561,14:20:37,27.97,0.01,10,27970,中性盘
562,14:20:34,27.96,-0.01,21,58716,卖盘
563,14:20:25,27.97,-0.03,96,268512,卖盘
564,14:20:22,28.0,0.03,64,179200,买盘
565,14:20:19,27.97,0.01,2,5594,卖盘
566,14:20:16,27.96,--,330,922680,卖盘
567,14:20:10,27.96,-0.04,251,701796,卖盘
568,14:20:07,28.0,0.04,837,2343600,买盘
569,14:20:01,27.96,-0.04,40,111840,卖盘
570,14:19:58,28.0,0.03,877,2455600,买盘
571,14:19:55,27.97,0.01,17,47549,中性盘
572,14:19:52,27.96,-0.02,144,402624,卖盘
573,14:19:46,27.98,0.01,47,131506,买盘
574,14:19:43,27.97,0.01,1,2797,中性盘
575,14:19:40,27.96,-0.01,5,13980,卖盘
576,14:19:37,27.97,--,43,120271,卖盘
577,14:19:34,27.97,--,20,55940,卖盘
578,14:19:31,27.97,-0.01,25,69925,中性盘
579,14:19:28,27.98,0.01,76,212648,买盘
580,14:19:25,27.97,0.01,7,19579,卖盘
581,14:19:19,27.96,--,29,81084,卖盘
582,14:19:16,27.96,--,1,2796,卖盘
583,14:19:13,27.96,-0.01,60,167760,卖盘
584,14:19:10,27.97,--,32,89504,买盘
585,14:19:07,27.97,0.01,2,5594,买盘
586,14:19:04,27.96,--,14,39144,卖盘
587,14:19:01,27.96,-0.01,36,100656,卖盘
588,14:18:58,27.97,0.01,44,123068,买盘
589,14:18:55,27.96,-0.01,30,83880,卖盘
590,14:18:52,27.97,0.01,21,58737,买盘
591,14:18:49,27.96,-0.01,22,61512,卖盘
592,14:18:43,27.97,0.01,69,192993,买盘
593,14:18:40,27.96,--,9,25164,卖盘
594,14:18:37,27.96,-0.01,58,162168,卖盘
595,14:18:31,27.97,0.01,12,33564,买盘
596,14:18:25,27.96,-0.02,26,72696,卖盘
597,14:18:22,27.98,--,19,53162,买盘
598,14:18:19,27.98,0.01,83,232234,买盘
599,14:18:16,27.97,--,51,142647,卖盘
600,14:18:10,27.97,--,5,13985,卖盘
601,14:18:07,27.97,-0.01,171,478287,卖盘
602,14:18:04,27.98,0.01,36,100728,买盘
603,14:18:01,27.97,-0.02,51,142647,卖盘
604,14:17:58,27.99,0.02,46,128754,中性盘
605,14:17:55,27.97,-0.01,302,844694,卖盘
606,14:17:52,27.98,-0.02,26,72748,卖盘
607,14:17:49,28.0,0.02,147,413000,买盘
608,14:17:46,27.98,--,52,145496,买盘
609,14:17:40,27.98,0.01,9,25182,买盘
610,14:17:37,27.97,-0.01,49,137053,卖盘
611,14:17:34,27.98,0.01,3,8394,卖盘
612,14:17:31,27.97,--,37,103489,卖盘
613,14:17:28,27.97,-0.01,74,206978,卖盘
614,14:17:25,27.98,0.01,1,2798,买盘
615,14:17:22,27.97,--,30,83910,卖盘
616,14:17:19,27.97,-0.01,35,97895,卖盘
617,14:17:13,27.98,--,36,100728,买盘
618,14:17:10,27.98,0.01,48,134304,买盘
619,14:17:07,27.97,-0.01,60,167820,卖盘
620,14:17:01,27.98,--,100,279800,买盘
621,14:16:58,27.98,0.01,10,27980,买盘
622,14:16:55,27.97,-0.01,56,156632,卖盘
623,14:16:52,27.98,--,9,25182,买盘
624,14:16:49,27.98,--,32,89536,买盘
625,14:16:46,27.98,--,194,542812,卖盘
626,14:16:43,27.98,-0.01,4,11192,卖盘
627,14:16:40,27.99,--,52,145548,买盘
628,14:16:37,27.99,--,17,47583,买盘
629,14:16:34,27.99,0.01,9,25191,买盘
630,14:16:31,27.98,--,105,293790,卖盘
631,14:16:28,27.98,--,12,33576,卖盘
632,14:16:25,27.98,-0.01,28,78344,卖盘
633,14:16:22,27.99,0.01,15,41985,买盘
634,14:16:19,27.98,--,4,11192,卖盘
635,14:16:16,27.98,-0.01,32,89536,卖盘
636,14:16:13,27.99,--,48,134352,买盘
637,14:16:10,27.99,0.01,17,47583,买盘
638,14:16:04,27.98,-0.01,117,327366,卖盘
639,14:15:58,27.99,--,54,151146,卖盘
640,14:15:52,27.99,0.01,74,207126,中性盘
641,14:15:46,27.98,-0.01,341,954118,卖盘
642,14:15:43,27.99,--,31,86769,卖盘
643,14:15:40,27.99,--,8,22392,卖盘
644,14:15:37,27.99,0.01,9,25191,买盘
645,14:15:34,27.98,-0.01,28,78344,卖盘
646,14:15:31,27.99,--,76,212724,买盘
647,14:15:28,27.99,--,82,229518,买盘
648,14:15:25,27.99,0.01,18,50382,买盘
649,14:15:19,27.98,-0.01,88,246224,卖盘
650,14:15:16,27.99,0.01,87,243513,买盘
651,14:15:13,27.98,-0.01,119,332962,卖盘
652,14:15:07,27.99,0.01,62,173538,买盘
653,14:15:04,27.98,--,3,8394,卖盘
654,14:15:01,27.98,-0.01,2,5596,卖盘
655,14:14:58,27.99,0.01,159,445041,买盘
656,14:14:55,27.98,-0.01,1,2798,卖盘
657,14:14:52,27.99,--,3,8397,买盘
658,14:14:49,27.99,--,431,1206369,卖盘
659,14:14:43,27.99,--,6,16794,卖盘
660,14:14:40,27.99,--,238,666162,卖盘
661,14:14:37,27.99,-0.01,12,33588,卖盘
662,14:14:34,28.0,--,1,2800,买盘
663,14:14:31,28.0,0.01,26,72800,买盘
664,14:14:25,27.99,-0.01,59,165141,卖盘
665,14:14:16,28.0,--,49,137200,买盘
666,14:14:13,28.0,0.01,92,257600,买盘
667,14:14:10,27.99,--,30,83970,卖盘
668,14:14:07,27.99,--,61,170739,卖盘
669,14:14:04,27.99,--,58,162342,卖盘
670,14:14:01,27.99,-0.01,18,50382,卖盘
671,14:13:58,28.0,0.01,12,33600,买盘
672,14:13:55,27.99,--,125,349875,卖盘
673,14:13:52,27.99,--,63,176337,卖盘
674,14:13:49,27.99,-0.01,2,5598,卖盘
675,14:13:46,28.0,0.01,209,585200,买盘
676,14:13:40,27.99,--,16,44784,卖盘
677,14:13:34,27.99,-0.01,45,125955,卖盘
678,14:13:31,28.0,0.01,2,5600,买盘
679,14:13:28,27.99,--,36,100764,卖盘
680,14:13:25,27.99,--,21,58779,卖盘
681,14:13:22,27.99,--,5,13995,卖盘
682,14:13:19,27.99,--,16,44784,卖盘
683,14:13:16,27.99,--,103,288297,卖盘
684,14:13:13,27.99,--,28,78372,卖盘
685,14:13:10,27.99,--,27,75573,卖盘
686,14:13:07,27.99,--,3,8397,卖盘
687,14:13:04,27.99,--,100,279900,卖盘
688,14:12:58,27.99,--,68,190332,卖盘
689,14:12:49,27.99,-0.01,16,44784,卖盘
690,14:12:46,28.0,--,46,128800,买盘
691,14:12:43,28.0,0.01,8,22400,买盘
692,14:12:40,27.99,--,11,30789,卖盘
693,14:12:34,27.99,--,27,75573,卖盘
694,14:12:31,27.99,-0.01,6,16794,卖盘
695,14:12:28,28.0,0.01,6,16800,买盘
696,14:12:22,27.99,-0.01,77,215523,卖盘
697,14:12:19,28.0,--,17,47600,买盘
698,14:12:16,28.0,--,244,683200,买盘
699,14:12:13,28.0,--,30,84000,卖盘
700,14:12:07,28.0,-0.01,87,243600,卖盘
701,14:12:04,28.01,0.01,211,591011,买盘
702,14:11:55,28.0,--,30,84000,卖盘
703,14:11:52,28.0,--,182,509600,卖盘
704,14:11:49,28.0,--,432,1209600,买盘
705,14:11:46,28.0,0.02,13,36400,买盘
706,14:11:43,27.98,-0.01,235,657530,卖盘
707,14:11:40,27.99,-0.01,71,198729,卖盘
708,14:11:37,28.0,0.01,138,386400,买盘
709,14:11:34,27.99,--,8,22392,卖盘
710,14:11:31,27.99,--,27,75573,卖盘
711,14:11:28,27.99,0.01,58,162342,卖盘
712,14:11:19,27.98,-0.02,65,181870,卖盘
713,14:11:16,28.0,--,59,165200,买盘
714,14:11:13,28.0,--,13,36400,买盘
715,14:11:10,28.0,0.01,166,464800,买盘
716,14:11:07,27.99,-0.01,66,184734,卖盘
717,14:11:04,28.0,--,78,218400,买盘
718,14:10:58,28.0,0.01,6,16800,买盘
719,14:10:55,27.99,--,57,159543,卖盘
720,14:10:52,27.99,--,10,27990,卖盘
721,14:10:49,27.99,--,152,425448,卖盘
722,14:10:46,27.99,--,50,139950,卖盘
723,14:10:43,27.99,0.01,1,2799,中性盘
724,14:10:40,27.98,-0.01,18,50364,卖盘
725,14:10:37,27.99,-0.01,493,1379907,卖盘
726,14:10:34,28.0,0.01,30,84000,买盘
727,14:10:31,27.99,-0.01,3,8397,卖盘
728,14:10:28,28.0,--,3,8400,买盘
729,14:10:25,28.0,--,15,42000,买盘
730,14:10:22,28.0,--,49,137200,买盘
731,14:10:19,28.0,--,17,47600,买盘
732,14:10:16,28.0,0.01,181,506800,买盘
733,14:10:10,27.99,--,71,198729,卖盘
734,14:10:04,27.99,--,57,159543,卖盘
735,14:09:58,27.99,--,191,534609,卖盘
736,14:09:55,27.99,-0.01,3,8397,卖盘
737,14:09:49,28.0,--,71,198800,买盘
738,14:09:46,28.0,--,76,212800,买盘
739,14:09:43,28.0,0.01,145,406000,买盘
740,14:09:40,27.99,--,108,302292,卖盘
741,14:09:37,27.99,--,51,142749,卖盘
742,14:09:31,27.99,--,18,50382,卖盘
743,14:09:28,27.99,--,3,8397,卖盘
744,14:09:22,27.99,--,145,405855,卖盘
745,14:09:19,27.99,--,170,475830,卖盘
746,14:09:13,27.99,-0.01,17,47583,卖盘
747,14:09:07,28.0,--,44,123200,买盘
748,14:08:58,28.0,--,1,2800,买盘
749,14:08:55,28.0,0.01,31,86800,买盘
750,14:08:52,27.99,--,5,13995,卖盘
751,14:08:49,27.99,--,21,58779,卖盘
752,14:08:43,27.99,--,41,116998,卖盘
753,14:08:40,27.99,--,50,139950,卖盘
754,14:08:37,27.99,--,93,260307,卖盘
755,14:08:34,27.99,-0.01,7,19593,卖盘
756,14:08:31,28.0,0.01,129,361200,买盘
757,14:08:28,27.99,--,3,8397,卖盘
758,14:08:25,27.99,--,68,190332,卖盘
759,14:08:19,27.99,--,50,139950,卖盘
760,14:08:16,27.99,--,61,170739,卖盘
761,14:08:13,27.99,-0.01,76,212724,卖盘
762,14:08:07,28.0,0.01,55,154000,买盘
763,14:08:01,27.99,-0.01,10,28941,卖盘
764,14:07:55,28.0,--,9,25200,买盘
765,14:07:52,28.0,--,226,632800,买盘
766,14:07:46,28.0,0.01,59,165200,买盘
767,14:07:43,27.99,-0.01,16,44784,卖盘
768,14:07:40,28.0,0.01,145,406000,买盘
769,14:07:37,27.99,-0.01,3,8397,卖盘
770,14:07:34,28.0,0.01,83,232400,买盘
771,14:07:28,27.99,--,114,319086,卖盘
772,14:07:25,27.99,--,21,58779,卖盘
773,14:07:22,27.99,--,20,55980,卖盘
774,14:07:19,27.99,--,7,19593,卖盘
775,14:07:16,27.99,--,2,5598,卖盘
776,14:07:10,27.99,--,10,27990,卖盘
777,14:07:07,27.99,--,48,134352,卖盘
778,14:07:04,27.99,--,40,111960,卖盘
779,14:07:01,27.99,--,56,156744,卖盘
780,14:06:58,27.99,-0.01,104,291096,卖盘
781,14:06:46,28.0,--,7,19600,买盘
782,14:06:43,28.0,--,4,11200,买盘
783,14:06:40,28.0,--,41,114800,买盘
784,14:06:37,28.0,--,5,14000,买盘
785,14:06:34,28.0,0.01,222,621600,买盘
786,14:06:31,27.99,--,1,2799,卖盘
787,14:06:28,27.99,-0.01,68,190332,卖盘
788,14:06:25,28.0,--,26,72800,买盘
789,14:06:16,28.0,0.01,70,196000,中性盘
790,14:06:07,27.99,--,60,167940,卖盘
791,14:06:01,27.99,--,120,335880,卖盘
792,14:05:58,27.99,-0.01,31,86769,卖盘
793,14:05:52,28.0,--,30,84000,买盘
794,14:05:49,28.0,--,3,8400,买盘
795,14:05:46,28.0,--,94,263200,买盘
796,14:05:43,28.0,-0.01,110,308000,卖盘
797,14:05:37,28.01,--,138,386538,买盘
798,14:05:34,28.01,0.01,82,229682,买盘
799,14:05:31,28.0,-0.01,1,2800,卖盘
800,14:05:28,28.01,--,98,274498,买盘
801,14:05:25,28.01,0.01,22,61622,买盘
802,14:05:19,28.0,--,1000,2800000,卖盘
803,14:05:16,28.0,--,1,2800,卖盘
804,14:05:13,28.0,--,65,182000,卖盘
805,14:05:10,28.0,-0.01,4,11200,卖盘
806,14:05:04,28.01,0.01,44,123244,买盘
807,14:05:01,28.0,--,102,285600,买盘
808,14:04:52,28.0,--,65,182000,买盘
809,14:04:49,28.0,0.01,1,2800,买盘
810,14:04:46,27.99,-0.01,20,55980,卖盘
811,14:04:43,28.0,0.01,1,2800,买盘
812,14:04:40,27.99,-0.01,10,27990,卖盘
813,14:04:37,28.0,--,6,16800,买盘
814,14:04:31,28.0,--,49,137200,买盘
815,14:04:28,28.0,--,69,193200,买盘
816,14:04:25,28.0,0.01,200,560000,买盘
817,14:04:19,27.99,--,295,825705,卖盘
818,14:04:16,27.99,--,82,229518,卖盘
819,14:04:13,27.99,-0.01,6,16794,卖盘
820,14:04:10,28.0,--,11,30800,买盘
821,14:04:04,28.0,--,1,2800,买盘
822,14:03:58,28.0,0.01,25,70000,买盘
823,14:03:49,27.99,--,4,11196,卖盘
824,14:03:46,27.99,--,78,218322,卖盘
825,14:03:43,27.99,-0.01,6,16794,卖盘
826,14:03:40,28.0,--,151,422800,买盘
827,14:03:34,28.0,0.01,48,134400,买盘
828,14:03:31,27.99,-0.01,24,67176,卖盘
829,14:03:28,28.0,--,21,58800,买盘
830,14:03:22,28.0,0.01,5,14000,买盘
831,14:03:19,27.99,-0.01,8,22392,卖盘
832,14:03:16,28.0,--,133,372400,买盘
833,14:03:13,28.0,--,36,100800,买盘
834,14:03:04,28.0,--,33,92400,买盘
835,14:02:58,28.0,--,24,67200,买盘
836,14:02:55,28.0,--,243,682304,卖盘
837,14:02:49,28.0,-0.01,5,14000,卖盘
838,14:02:46,28.01,0.01,12,33612,中性盘
839,14:02:40,28.0,-0.01,9,25200,卖盘
840,14:02:34,28.01,0.01,49,137249,买盘
841,14:02:31,28.0,--,23,64400,卖盘
842,14:02:28,28.0,--,2,5600,卖盘
843,14:02:19,28.0,--,61,171696,买盘
844,14:02:13,28.0,--,10,28000,买盘
845,14:02:07,28.0,--,78,218400,买盘
846,14:02:04,28.0,0.01,2,5600,买盘
847,14:02:01,27.99,-0.01,227,635373,卖盘
848,14:01:55,28.0,--,112,313600,买盘
849,14:01:52,28.0,--,30,84000,买盘
850,14:01:46,28.0,--,10,28000,买盘
851,14:01:43,28.0,0.01,82,229600,买盘
852,14:01:40,27.99,-0.01,8,22392,卖盘
853,14:01:37,28.0,--,192,537600,买盘
854,14:01:34,28.0,0.01,17,47600,买盘
855,14:01:31,27.99,-0.01,10,28045,卖盘
856,14:01:28,28.0,0.01,30,84000,买盘
857,14:01:25,27.99,-0.01,7,19593,卖盘
858,14:01:21,28.0,0.01,28,78400,买盘
859,14:01:15,27.99,--,1,2799,卖盘
860,14:01:09,27.99,-0.01,106,296694,卖盘
861,14:01:03,28.0,0.01,20,56000,买盘
862,14:01:00,27.99,-0.01,30,83970,卖盘
863,14:00:57,28.0,--,20,56000,买盘
864,14:00:54,28.0,--,4,11200,买盘
865,14:00:48,28.0,--,16,44800,买盘
866,14:00:45,28.0,0.01,2,5600,买盘
867,14:00:39,27.99,-0.01,11,30789,卖盘
868,14:00:36,28.0,--,128,358400,卖盘
869,14:00:33,28.0,0.01,566,1584800,买盘
870,14:00:27,27.99,-0.01,74,207126,卖盘
871,14:00:24,28.0,0.01,52,145600,买盘
872,14:00:21,27.99,-0.01,23,64377,卖盘
873,14:00:15,28.0,--,1,2800,买盘
874,14:00:09,28.0,0.01,24,67200,买盘
875,14:00:06,27.99,--,83,232317,卖盘
876,14:00:03,27.99,--,30,85369,买盘
877,14:00:00,27.99,--,15,43384,卖盘
878,13:59:57,27.99,-0.01,20,55980,卖盘
879,13:59:51,28.0,0.01,10,28000,买盘
880,13:59:48,27.99,-0.01,21,58779,卖盘
881,13:59:42,28.0,--,720,2016000,买盘
882,13:59:39,28.0,0.01,56,156800,买盘
883,13:59:36,27.99,--,146,408654,卖盘
884,13:59:30,27.99,--,2,5598,卖盘
885,13:59:27,27.99,-0.01,19,53181,卖盘
886,13:59:21,28.0,--,1,2800,买盘
887,13:59:09,28.0,--,4,11200,买盘
888,13:59:03,28.0,--,10,28000,买盘
889,13:58:54,28.0,--,21,58800,买盘
890,13:58:51,28.0,-0.01,1168,3270400,卖盘
891,13:58:45,28.01,-0.02,14,39214,卖盘
892,13:58:42,28.03,--,11,30833,卖盘
893,13:58:39,28.03,0.02,73,204619,买盘
894,13:58:30,28.01,--,9,25209,卖盘
895,13:58:27,28.01,-0.01,15,42015,卖盘
896,13:58:24,28.02,-0.02,6,16812,中性盘
897,13:58:12,28.04,0.03,38,106552,买盘
898,13:58:09,28.01,--,29,81229,中性盘
899,13:58:03,28.01,-0.03,10,28010,卖盘
900,13:58:00,28.04,0.03,20,56080,买盘
901,13:57:54,28.01,-0.03,11,30811,中性盘
902,13:57:45,28.04,0.05,48,134592,买盘
903,13:57:42,27.99,-0.06,4,11196,卖盘
904,13:57:36,28.05,0.05,65,182325,买盘
905,13:57:33,28.0,--,144,403200,买盘
906,13:57:27,28.0,-0.03,157,439600,卖盘
907,13:57:24,28.03,--,19,53257,卖盘
908,13:57:15,28.03,-0.01,10,28030,卖盘
909,13:57:12,28.04,0.01,45,126180,买盘
910,13:57:09,28.03,--,7,19621,卖盘
911,13:57:06,28.03,--,90,252270,买盘
912,13:56:57,28.03,--,7,19621,卖盘
913,13:56:54,28.03,--,23,64469,卖盘
914,13:56:45,28.03,0.03,30,84090,买盘
915,13:56:42,28.0,--,64,179200,卖盘
916,13:56:36,28.0,--,30,84000,卖盘
917,13:56:18,28.0,-0.03,205,574000,卖盘
918,13:56:12,28.03,-0.01,5,14015,中性盘
919,13:56:09,28.04,0.02,44,123376,买盘
920,13:56:06,28.02,-0.01,102,285804,卖盘
921,13:56:03,28.03,0.01,10,28030,买盘
922,13:55:57,28.02,-0.01,210,588420,卖盘
923,13:55:48,28.03,-0.01,23,64469,中性盘
924,13:55:45,28.04,--,84,235536,买盘
925,13:55:42,28.04,0.02,44,123376,买盘
926,13:55:39,28.02,-0.02,88,246576,卖盘
927,13:55:36,28.04,0.02,130,364520,买盘
928,13:55:30,28.02,--,26,72852,卖盘
929,13:55:27,28.02,--,66,184932,卖盘
930,13:55:24,28.02,-0.01,12,33624,卖盘
931,13:55:18,28.03,0.01,28,78484,买盘
932,13:55:12,28.02,-0.01,3,8406,卖盘
933,13:55:09,28.03,--,64,179392,买盘
934,13:55:06,28.03,0.01,1,2803,买盘
935,13:55:03,28.02,--,18,50436,卖盘
936,13:54:57,28.02,--,5,14010,卖盘
937,13:54:54,28.02,-0.01,41,114882,卖盘
938,13:54:51,28.03,--,3,8409,卖盘
939,13:54:48,28.03,--,14,39242,买盘
940,13:54:42,28.03,--,54,151362,买盘
941,13:54:33,28.03,0.03,155,434465,买盘
942,13:54:30,28.0,-0.04,200,560000,卖盘
943,13:54:21,28.04,0.04,40,112160,买盘
944,13:54:18,28.0,-0.04,100,280000,卖盘
945,13:54:15,28.04,--,31,86924,买盘
946,13:54:06,28.04,0.02,8,22432,买盘
947,13:54:03,28.02,-0.02,30,84060,卖盘
948,13:53:57,28.04,--,44,123376,买盘
949,13:53:51,28.04,--,1,2804,卖盘
950,13:53:48,28.04,--,47,131788,买盘
951,13:53:45,28.04,--,6,16824,买盘
952,13:53:42,28.04,--,20,56080,买盘
953,13:53:39,28.04,-0.01,1002,2809608,卖盘
954,13:53:36,28.05,0.01,70,196350,买盘
955,13:53:33,28.04,--,112,314048,卖盘
956,13:53:30,28.04,-0.01,2,5608,中性盘
957,13:53:24,28.05,0.02,50,140250,买盘
958,13:53:21,28.03,--,1,2803,买盘
959,13:53:18,28.03,0.01,9,25227,买盘
960,13:53:15,28.02,-0.01,7,19614,卖盘
961,13:53:12,28.03,-0.01,430,1205290,卖盘
962,13:53:09,28.04,--,5,14020,卖盘
963,13:53:06,28.04,--,10,28040,中性盘
964,13:53:00,28.04,--,17,47668,卖盘
965,13:52:57,28.04,--,6,16824,卖盘
966,13:52:54,28.04,--,55,154220,卖盘
967,13:52:51,28.04,0.01,32,89728,买盘
968,13:52:45,28.03,--,4,11212,卖盘
969,13:52:42,28.03,0.03,115,322345,买盘
970,13:52:39,28.0,--,508,1422400,卖盘
971,13:52:33,28.0,-0.01,10,28000,卖盘
972,13:52:30,28.01,--,24,67224,卖盘
973,13:52:27,28.01,0.02,25,70025,买盘
974,13:52:24,27.99,--,6,18585,卖盘
975,13:52:21,27.99,-0.01,32,89568,卖盘
976,13:52:18,28.0,--,84,235200,买盘
977,13:52:15,28.0,--,39,109200,买盘
978,13:52:09,28.0,--,7,19600,买盘
979,13:52:06,28.0,-0.05,1197,3352608,卖盘
980,13:51:57,28.05,0.04,5,14025,买盘
981,13:51:51,28.01,-0.03,550,1540550,卖盘
982,13:51:48,28.04,0.01,3,8412,中性盘
983,13:51:45,28.03,-0.02,38,106514,卖盘
984,13:51:39,28.05,--,10,28050,买盘
985,13:51:36,28.05,--,36,100980,买盘
986,13:51:33,28.05,0.02,71,199155,买盘
987,13:51:30,28.03,-0.02,38,106514,卖盘
988,13:51:27,28.05,--,133,373065,买盘
989,13:51:24,28.05,0.02,79,221595,买盘
990,13:51:21,28.03,-0.01,33,92499,卖盘
991,13:51:18,28.04,0.01,58,162632,买盘
992,13:51:15,28.03,-0.01,41,114923,卖盘
993,13:51:12,28.04,--,43,120572,买盘
994,13:51:09,28.04,--,32,89728,买盘
995,13:51:06,28.04,--,13,36452,买盘
996,13:51:03,28.04,-0.01,2,5608,买盘
997,13:51:00,28.05,--,20,56100,买盘
998,13:50:57,28.05,0.02,49,137445,买盘
999,13:50:54,28.03,--,24,67272,卖盘
1000,13:50:48,28.03,-0.01,16,44848,卖盘
1001,13:50:39,28.04,-0.01,38,106552,卖盘
1002,13:50:36,28.05,0.01,8,22440,买盘
1003,13:50:33,28.04,-0.01,5,14020,卖盘
1004,13:50:30,28.05,--,6,16830,买盘
1005,13:50:24,28.05,--,1,2805,买盘
1006,13:50:21,28.05,0.01,43,120615,买盘
1007,13:50:18,28.04,--,15,42060,卖盘
1008,13:50:15,28.04,--,20,56080,卖盘
1009,13:50:12,28.04,-0.01,12,33648,卖盘
1010,13:50:09,28.05,--,17,47685,买盘
1011,13:50:06,28.05,0.01,46,129030,买盘
1012,13:50:03,28.04,--,31,86924,卖盘
1013,13:50:00,28.04,-0.01,7,19628,卖盘
1014,13:49:57,28.05,0.01,6,16830,买盘
1015,13:49:48,28.04,--,289,810356,买盘
1016,13:49:45,28.04,-0.01,1,2804,中性盘
1017,13:49:42,28.05,0.01,148,415140,买盘
1018,13:49:39,28.04,0.01,1,2804,买盘
1019,13:49:33,28.03,-0.02,13,36439,卖盘
1020,13:49:30,28.05,0.02,173,485265,买盘
1021,13:49:27,28.03,-0.01,141,395223,卖盘
1022,13:49:24,28.04,--,7,19628,买盘
1023,13:49:21,28.04,0.01,36,100944,买盘
1024,13:49:18,28.03,-0.01,15,42045,卖盘
1025,13:49:15,28.04,0.01,9,25236,买盘
1026,13:49:12,28.03,-0.01,410,1149230,卖盘
1027,13:49:09,28.04,--,110,308440,买盘
1028,13:49:06,28.04,0.01,1,2804,买盘
1029,13:49:00,28.03,-0.01,56,156968,卖盘
1030,13:48:57,28.04,--,7,19628,买盘
1031,13:48:54,28.04,0.01,10,28040,中性盘
1032,13:48:51,28.03,-0.01,146,409238,卖盘
1033,13:48:45,28.04,-0.01,210,588840,卖盘
1034,13:48:42,28.05,0.01,14,39270,买盘
1035,13:48:39,28.04,-0.01,8,22432,卖盘
1036,13:48:33,28.05,--,50,140250,买盘
1037,13:48:30,28.05,0.01,8,22440,买盘
1038,13:48:24,28.04,-0.01,11,30844,卖盘
1039,13:48:18,28.05,0.01,18,50490,买盘
1040,13:48:15,28.04,-0.01,24,67296,卖盘
1041,13:48:09,28.05,0.01,22,61710,买盘
1042,13:48:06,28.04,-0.01,33,92532,卖盘
1043,13:48:00,28.05,0.01,67,187935,买盘
1044,13:47:57,28.04,--,9,25236,卖盘
1045,13:47:51,28.04,0.01,4,11216,中性盘
1046,13:47:45,28.03,-0.01,260,728780,卖盘
1047,13:47:42,28.04,-0.01,13,36452,中性盘
1048,13:47:36,28.05,0.01,83,232815,买盘
1049,13:47:27,28.04,0.02,166,465464,中性盘
1050,13:47:24,28.02,-0.01,140,392280,卖盘
1051,13:47:15,28.03,-0.02,312,874536,卖盘
1052,13:47:12,28.05,0.02,87,244035,买盘
1053,13:47:06,28.03,--,505,1415515,卖盘
1054,13:47:03,28.03,-0.01,144,403632,卖盘
1055,13:47:00,28.04,--,41,114964,买盘
1056,13:46:57,28.04,0.01,5,14020,买盘
1057,13:46:51,28.03,--,232,650296,买盘
1058,13:46:48,28.03,-0.01,20,56060,买盘
1059,13:46:39,28.04,-0.02,435,1219740,卖盘
1060,13:46:33,28.06,--,35,98210,买盘
1061,13:46:30,28.06,0.05,6,16836,买盘
1062,13:46:27,28.01,-0.04,2000,5602000,卖盘
1063,13:46:24,28.05,--,99,277695,买盘
1064,13:46:21,28.05,--,27,75735,买盘
1065,13:46:18,28.05,--,156,437580,买盘
1066,13:46:15,28.05,--,800,2244000,买盘
1067,13:46:12,28.05,--,38,106590,买盘
1068,13:46:06,28.05,0.01,67,187935,买盘
1069,13:46:03,28.04,--,56,157024,卖盘
1070,13:46:00,28.04,--,5,14020,卖盘
1071,13:45:57,28.04,-0.01,1030,2888120,卖盘
1072,13:45:54,28.05,--,2,5610,买盘
1073,13:45:51,28.05,0.01,5,14025,买盘
1074,13:45:48,28.04,-0.01,14,39256,卖盘
1075,13:45:45,28.05,--,5,14025,买盘
1076,13:45:42,28.05,0.01,76,213180,买盘
1077,13:45:36,28.04,-0.01,50,140200,卖盘
1078,13:45:33,28.05,--,10,28050,买盘
1079,13:45:30,28.05,--,117,328185,买盘
1080,13:45:27,28.05,0.01,262,734910,买盘
1081,13:45:24,28.04,-0.01,64,179456,卖盘
1082,13:45:21,28.05,--,171,479655,买盘
1083,13:45:15,28.05,--,132,370260,买盘
1084,13:45:12,28.05,-0.01,1094,3068670,卖盘
1085,13:45:09,28.06,--,11,30866,买盘
1086,13:45:06,28.06,--,10,28060,买盘
1087,13:45:03,28.06,0.01,10,28060,买盘
1088,13:45:00,28.05,--,1257,3525885,买盘
1089,13:44:54,28.05,0.01,142,400161,买盘
1090,13:44:45,28.04,--,25,70100,买盘
1091,13:44:42,28.04,--,89,250509,卖盘
1092,13:44:39,28.04,--,105,294812,买盘
1093,13:44:36,28.04,--,62,176259,卖盘
1094,13:44:33,28.04,-0.01,23,64492,卖盘
1095,13:44:30,28.05,--,13,36465,买盘
1096,13:44:27,28.05,--,58,162690,买盘
1097,13:44:21,28.05,0.01,50,140250,买盘
1098,13:44:18,28.04,--,3,8412,卖盘
1099,13:44:15,28.04,--,29,81316,卖盘
1100,13:44:12,28.04,-0.01,57,159828,卖盘
1101,13:44:09,28.05,--,137,384285,买盘
1102,13:44:06,28.05,0.01,104,291720,买盘
1103,13:44:00,28.04,-0.01,8,22432,卖盘
1104,13:43:57,28.05,--,7,19635,买盘
1105,13:43:54,28.05,--,55,154275,买盘
1106,13:43:48,28.05,0.01,12,33660,买盘
1107,13:43:42,28.04,-0.01,16,44864,卖盘
1108,13:43:39,28.05,0.01,24,67320,买盘
1109,13:43:36,28.04,--,3,8412,卖盘
1110,13:43:30,28.04,--,125,350500,卖盘
1111,13:43:27,28.04,-0.01,1,2804,卖盘
1112,13:43:24,28.05,0.01,139,389895,买盘
1113,13:43:21,28.04,--,9,25236,卖盘
1114,13:43:18,28.04,0.01,90,252752,买盘
1115,13:43:15,28.03,--,910,2550730,卖盘
1116,13:43:12,28.03,-0.01,9,25227,卖盘
1117,13:43:09,28.04,0.01,53,148612,买盘
1118,13:43:03,28.03,--,93,260679,卖盘
1119,13:43:00,28.03,-0.01,13,36439,卖盘
1120,13:42:57,28.04,0.01,40,112160,买盘
1121,13:42:54,28.03,-0.01,5,15472,卖盘
1122,13:42:48,28.04,0.01,6,16824,买盘
1123,13:42:45,28.03,--,3,8409,卖盘
1124,13:42:35,28.03,--,28,78484,卖盘
1125,13:42:32,28.03,-0.01,1,2803,卖盘
1126,13:42:29,28.04,0.01,46,128984,买盘
1127,13:42:20,28.03,--,54,151362,卖盘
1128,13:42:14,28.03,--,9,25227,卖盘
1129,13:42:11,28.03,--,20,56060,卖盘
1130,13:42:08,28.03,--,24,67272,卖盘
1131,13:42:05,28.03,0.01,7,19621,买盘
1132,13:42:02,28.02,--,52,145704,卖盘
1133,13:41:59,28.02,-0.01,14,39228,卖盘
1134,13:41:56,28.03,0.03,14,39242,买盘
1135,13:41:53,28.0,-0.02,1156,3236800,卖盘
1136,13:41:50,28.02,-0.01,1,2802,卖盘
1137,13:41:47,28.03,--,15,42045,买盘
1138,13:41:44,28.03,0.01,20,56060,买盘
1139,13:41:38,28.02,--,3,8406,卖盘
1140,13:41:35,28.02,--,17,47634,卖盘
1141,13:41:29,28.02,-0.01,1,2802,卖盘
1142,13:41:23,28.03,0.02,224,627872,买盘
1143,13:41:17,28.01,--,30,84030,卖盘
1144,13:41:14,28.01,-0.02,7,19607,卖盘
1145,13:41:11,28.03,0.02,49,137347,买盘
1146,13:41:05,28.01,-0.02,1,5545,卖盘
1147,13:41:02,28.03,0.01,31,86893,买盘
1148,13:40:59,28.02,0.02,3,8406,买盘
1149,13:40:56,28.0,--,427,1195600,买盘
1150,13:40:50,28.0,0.01,19,53200,买盘
1151,13:40:47,27.99,-0.01,372,1041228,卖盘
1152,13:40:41,28.0,0.01,31,86828,买盘
1153,13:40:38,27.99,--,25,69975,卖盘
1154,13:40:35,27.99,-0.01,138,386262,卖盘
1155,13:40:32,28.0,--,58,162400,买盘
1156,13:40:29,28.0,--,32,89600,买盘
1157,13:40:26,28.0,--,18,50400,买盘
1158,13:40:20,28.0,--,254,711200,买盘
1159,13:40:17,28.0,--,53,148400,买盘
1160,13:40:14,28.0,-0.03,1383,3872400,卖盘
1161,13:40:08,28.03,0.01,135,378405,买盘
1162,13:40:02,28.02,-0.01,7,19614,卖盘
1163,13:39:59,28.03,0.01,44,125714,买盘
1164,13:39:56,28.02,0.01,19,53658,买盘
1165,13:39:53,28.01,-0.01,7,19607,卖盘
1166,13:39:50,28.02,--,5,14010,买盘
1167,13:39:44,28.02,--,111,313403,卖盘
1168,13:39:38,28.02,--,10,28020,卖盘
1169,13:39:32,28.02,--,1,2802,卖盘
1170,13:39:29,28.02,--,102,285804,卖盘
1171,13:39:23,28.02,0.01,24,67668,买盘
1172,13:39:20,28.01,-0.01,1,2801,卖盘
1173,13:39:17,28.02,0.01,63,176526,买盘
1174,13:39:11,28.01,0.01,4,11204,中性盘
1175,13:39:05,28.0,--,9,25200,卖盘
1176,13:39:02,28.0,0.01,49,137200,中性盘
1177,13:38:59,27.99,-0.03,118,330282,卖盘
1178,13:38:56,28.02,0.02,167,469587,买盘
1179,13:38:53,28.0,-0.02,1,2800,卖盘
1180,13:38:50,28.02,0.02,8,22416,买盘
1181,13:38:47,28.0,0.01,473,1325156,买盘
1182,13:38:44,27.99,-0.01,9,25191,卖盘
1183,13:38:41,28.0,0.01,33,92400,买盘
1184,13:38:38,27.99,-0.01,50,139950,卖盘
1185,13:38:32,28.0,--,180,504000,买盘
1186,13:38:29,28.0,--,8,22400,买盘
1187,13:38:26,28.0,--,568,1590400,卖盘
1188,13:38:20,28.0,-0.02,145,406000,卖盘
1189,13:38:17,28.02,0.02,48,134496,买盘
1190,13:38:14,28.0,-0.02,57,159600,卖盘
1191,13:38:11,28.02,0.01,26,72852,买盘
1192,13:38:08,28.01,0.01,8,22408,卖盘
1193,13:38:02,28.0,-0.02,300,840000,卖盘
1194,13:37:59,28.02,--,55,154110,买盘
1195,13:37:56,28.02,0.02,13,36426,买盘
1196,13:37:53,28.0,--,2,5600,卖盘
1197,13:37:50,28.0,--,60,168000,卖盘
1198,13:37:44,28.0,--,1,2800,卖盘
1199,13:37:41,28.0,--,1,2800,卖盘
1200,13:37:38,28.0,--,10,28000,卖盘
1201,13:37:32,28.0,-0.01,148,414400,卖盘
1202,13:37:26,28.01,-0.02,15,42015,中性盘
1203,13:37:20,28.03,0.01,254,711962,买盘
1204,13:37:17,28.02,-0.01,22,61644,中性盘
1205,13:37:05,28.03,--,463,1297789,买盘
1206,13:37:02,28.03,0.03,45,126135,买盘
1207,13:36:59,28.0,--,37,103600,卖盘
1208,13:36:50,28.0,-0.03,3000,8400000,卖盘
1209,13:36:44,28.03,0.01,26,72878,买盘
1210,13:36:38,28.02,--,1,2802,卖盘
1211,13:36:35,28.02,-0.01,28,78456,卖盘
1212,13:36:29,28.03,0.01,312,874536,买盘
1213,13:36:23,28.02,-0.01,80,224160,卖盘
1214,13:36:17,28.03,0.01,5,14015,买盘
1215,13:36:14,28.02,--,200,560400,卖盘
1216,13:36:11,28.02,-0.01,9,25218,卖盘
1217,13:36:05,28.03,--,41,114923,买盘
1218,13:36:02,28.03,--,8,22424,买盘
1219,13:35:59,28.03,--,54,151362,买盘
1220,13:35:56,28.03,0.01,4,11212,买盘
1221,13:35:53,28.02,--,10,28020,卖盘
1222,13:35:41,28.02,-0.01,1,2802,卖盘
1223,13:35:38,28.03,--,2,5606,买盘
1224,13:35:35,28.03,--,26,72878,买盘
1225,13:35:32,28.03,0.01,7,19621,中性盘
1226,13:35:29,28.02,-0.01,22,61644,卖盘
1227,13:35:26,28.03,--,3,8409,卖盘
1228,13:35:23,28.03,0.01,1915,5368501,买盘
1229,13:35:20,28.02,-0.01,1,2802,中性盘
1230,13:35:17,28.03,0.03,141,395223,买盘
1231,13:35:14,28.0,-0.02,450,1261400,卖盘
1232,13:35:11,28.02,0.02,63,176526,买盘
1233,13:35:08,28.0,--,2007,5619600,卖盘
1234,13:35:02,28.0,--,249,697200,卖盘
1235,13:34:59,28.0,--,332,931056,卖盘
1236,13:34:56,28.0,--,18,50400,卖盘
1237,13:34:44,28.0,--,53,149072,买盘
1238,13:34:35,28.0,--,50,140000,买盘
1239,13:34:32,28.0,--,57,159600,买盘
1240,13:34:29,28.0,--,2,5600,买盘
1241,13:34:26,28.0,-0.02,84,237692,卖盘
1242,13:34:23,28.02,--,305,854610,买盘
1243,13:34:20,28.02,0.02,3,8406,中性盘
1244,13:34:14,28.0,-0.03,110,310548,卖盘
1245,13:34:11,28.03,0.01,11,30833,买盘
1246,13:34:08,28.02,--,120,336240,卖盘
1247,13:34:05,28.02,--,44,123288,卖盘
1248,13:34:02,28.02,0.02,49,137858,买盘
1249,13:33:59,28.0,--,8,22400,卖盘
1250,13:33:56,28.0,--,1,2800,卖盘
1251,13:33:53,28.0,-0.02,200,560000,卖盘
1252,13:33:50,28.02,-0.01,2,5604,中性盘
1253,13:33:47,28.03,0.03,167,468101,买盘
1254,13:33:44,28.0,--,189,530796,卖盘
1255,13:33:41,28.0,-0.02,218,610400,卖盘
1256,13:33:38,28.02,0.01,122,344253,买盘
1257,13:33:35,28.01,0.01,174,488774,买盘
1258,13:33:26,28.0,--,3,8400,卖盘
1259,13:33:23,28.0,--,92,259644,买盘
1260,13:33:17,28.0,--,1,2800,买盘
1261,13:33:14,28.0,--,11,30800,买盘
1262,13:33:11,28.0,--,1,2800,买盘
1263,13:33:08,28.0,-0.01,236,661556,卖盘
1264,13:33:05,28.01,--,162,453762,卖盘
1265,13:32:59,28.01,-0.01,53,149993,卖盘
1266,13:32:50,28.02,0.01,6,16812,买盘
1267,13:32:47,28.01,-0.02,20,56020,卖盘
1268,13:32:44,28.03,--,9,25227,卖盘
1269,13:32:41,28.03,--,8,22424,卖盘
1270,13:32:38,28.03,-0.02,2,5606,中性盘
1271,13:32:32,28.05,0.02,75,210375,买盘
1272,13:32:29,28.03,--,152,426056,卖盘
1273,13:32:26,28.03,-0.01,208,583024,卖盘
1274,13:32:23,28.04,0.01,1,2804,中性盘
1275,13:32:17,28.03,-0.02,5,14015,卖盘
1276,13:32:14,28.05,0.02,31,86955,买盘
1277,13:32:11,28.03,-0.02,11,30833,卖盘
1278,13:32:05,28.05,0.02,26,72930,买盘
1279,13:32:02,28.03,--,7,19621,卖盘
1280,13:31:59,28.03,0.02,176,493328,卖盘
1281,13:31:56,28.01,0.01,38,107418,买盘
1282,13:31:53,28.0,-0.01,507,1419600,卖盘
1283,13:31:47,28.01,--,7,19607,买盘
1284,13:31:41,28.01,-0.01,62,174642,卖盘
1285,13:31:35,28.02,0.01,43,120486,买盘
1286,13:31:32,28.01,-0.01,10,28010,卖盘
1287,13:31:29,28.02,--,64,180448,买盘
1288,13:31:26,28.02,0.01,5,14010,买盘
1289,13:31:23,28.01,--,16,44816,卖盘
1290,13:31:20,28.01,-0.01,51,143551,中性盘
1291,13:31:17,28.02,--,135,378270,买盘
1292,13:31:14,28.02,--,3,8406,买盘
1293,13:31:11,28.02,--,34,97593,买盘
1294,13:31:05,28.02,--,3,8406,买盘
1295,13:31:02,28.02,--,26,72852,买盘
1296,13:30:59,28.02,--,145,406290,买盘
1297,13:30:56,28.02,--,4,13841,卖盘
1298,13:30:50,28.02,--,39,109278,卖盘
1299,13:30:47,28.02,-0.01,85,239571,卖盘
1300,13:30:44,28.03,--,39,109317,买盘
1301,13:30:38,28.03,--,161,452852,买盘
1302,13:30:32,28.03,0.01,48,134544,买盘
1303,13:30:29,28.02,-0.01,4,11208,中性盘
1304,13:30:23,28.03,-0.01,463,1299134,卖盘
1305,13:30:17,28.04,0.01,10,28040,买盘
1306,13:30:14,28.03,--,49,137347,卖盘
1307,13:30:11,28.03,-0.01,7,21078,卖盘
1308,13:30:05,28.04,0.01,47,131788,买盘
1309,13:30:02,28.03,0.02,1,2803,中性盘
1310,13:29:53,28.01,-0.03,100,280100,卖盘
1311,13:29:50,28.04,--,42,117768,买盘
1312,13:29:47,28.04,--,71,199084,卖盘
1313,13:29:41,28.04,0.01,3,8412,中性盘
1314,13:29:35,28.03,-0.02,75,210225,卖盘
1315,13:29:32,28.05,--,56,157080,买盘
1316,13:29:29,28.05,--,24,67320,买盘
1317,13:29:23,28.05,-0.01,183,513315,卖盘
1318,13:29:20,28.06,0.01,102,286212,买盘
1319,13:29:14,28.05,-0.01,178,499290,卖盘
1320,13:29:11,28.06,0.01,7,19642,买盘
1321,13:29:08,28.05,-0.01,30,84150,卖盘
1322,13:29:05,28.06,0.01,87,244122,买盘
1323,13:28:59,28.05,-0.01,11,30855,卖盘
1324,13:28:56,28.06,0.01,20,56120,买盘
1325,13:28:50,28.05,-0.01,8,22440,卖盘
1326,13:28:47,28.06,--,33,92598,买盘
1327,13:28:41,28.06,-0.01,21,58926,卖盘
1328,13:28:38,28.07,0.01,12,33684,买盘
1329,13:28:35,28.06,-0.01,88,246928,卖盘
1330,13:28:32,28.07,0.01,1,2807,买盘
1331,13:28:29,28.06,-0.01,110,308660,卖盘
1332,13:28:23,28.07,--,12,33684,买盘
1333,13:28:20,28.07,--,15,42105,买盘
1334,13:28:17,28.07,--,4,11228,买盘
1335,13:28:14,28.07,-0.01,134,376138,卖盘
1336,13:28:11,28.08,--,39,109512,买盘
1337,13:28:05,28.08,--,163,457704,买盘
1338,13:27:59,28.08,--,44,123551,买盘
1339,13:27:56,28.08,--,1,2808,买盘
1340,13:27:53,28.08,-0.02,103,289224,卖盘
1341,13:27:50,28.1,0.01,72,202320,买盘
1342,13:27:47,28.09,--,5,15449,卖盘
1343,13:27:41,28.09,--,27,75843,卖盘
1344,13:27:35,28.09,--,40,113764,买盘
1345,13:27:32,28.09,--,26,73034,买盘
1346,13:27:26,28.09,0.01,16,44944,买盘
1347,13:27:17,28.08,--,97,272376,卖盘
1348,13:27:14,28.08,0.01,2,5616,卖盘
1349,13:27:11,28.07,-0.02,7,19649,卖盘
1350,13:27:08,28.09,0.02,466,1308994,买盘
1351,13:27:05,28.07,--,40,112280,卖盘
1352,13:27:02,28.07,--,2,5614,卖盘
1353,13:26:59,28.07,--,22,61754,卖盘
1354,13:26:56,28.07,--,3,8421,卖盘
1355,13:26:53,28.07,0.02,25,72308,买盘
1356,13:26:47,28.05,--,5,14025,卖盘
1357,13:26:44,28.05,--,2,5610,卖盘
1358,13:26:41,28.05,--,8,22440,卖盘
1359,13:26:38,28.05,--,7,19635,卖盘
1360,13:26:32,28.05,--,15,42075,买盘
1361,13:26:29,28.05,--,16,44880,买盘
1362,13:26:26,28.05,--,13,36465,买盘
1363,13:26:23,28.05,--,158,443190,卖盘
1364,13:26:20,28.05,--,20,56100,卖盘
1365,13:26:17,28.05,--,47,131835,卖盘
1366,13:26:11,28.05,--,1,2805,卖盘
1367,13:26:08,28.05,--,8,22440,卖盘
1368,13:26:05,28.05,--,10,28050,卖盘
1369,13:26:02,28.05,--,15,42075,卖盘
1370,13:25:59,28.05,0.02,139,389895,买盘
1371,13:25:56,28.03,-0.02,9,25227,卖盘
1372,13:25:53,28.05,0.02,2,5610,买盘
1373,13:25:47,28.03,-0.02,2,5606,卖盘
1374,13:25:41,28.05,0.02,105,294525,买盘
1375,13:25:38,28.03,-0.01,32,89696,卖盘
1376,13:25:35,28.04,--,8,22432,卖盘
1377,13:25:32,28.04,0.01,146,409384,买盘
1378,13:25:29,28.03,-0.01,12,33636,卖盘
1379,13:25:26,28.04,--,13,36452,买盘
1380,13:25:20,28.04,--,6,16824,买盘
1381,13:25:17,28.04,0.01,2,5608,买盘
1382,13:25:14,28.03,--,33,92499,买盘
1383,13:25:08,28.03,--,135,378405,买盘
1384,13:25:05,28.03,--,26,72878,买盘
1385,13:25:02,28.03,--,12,33636,买盘
1386,13:24:59,28.03,--,36,100908,买盘
1387,13:24:56,28.03,--,37,103711,买盘
1388,13:24:53,28.03,--,23,64469,卖盘
1389,13:24:47,28.03,--,2,5606,卖盘
1390,13:24:44,28.03,--,11,30833,卖盘
1391,13:24:41,28.03,0.02,32,89696,买盘
1392,13:24:38,28.01,0.01,38,106438,中性盘
1393,13:24:32,28.0,-0.02,103,288400,卖盘
1394,13:24:29,28.02,0.01,4,11208,买盘
1395,13:24:26,28.01,-0.01,50,140050,卖盘
1396,13:24:23,28.02,0.01,25,70050,卖盘
1397,13:24:20,28.01,-0.03,150,420150,卖盘
1398,13:24:17,28.04,0.02,15,42060,买盘
1399,13:24:08,28.02,--,15,42030,买盘
1400,13:24:05,28.02,0.01,50,140100,买盘
1401,13:24:02,28.01,--,6,16806,卖盘
1402,13:23:56,28.01,-0.01,20,56020,卖盘
1403,13:23:53,28.02,0.01,35,98070,买盘
1404,13:23:50,28.01,--,15,42015,卖盘
1405,13:23:47,28.01,-0.01,20,56020,中性盘
1406,13:23:44,28.02,0.01,63,176526,买盘
1407,13:23:38,28.01,--,46,128846,卖盘
1408,13:23:32,28.01,-0.01,3,8403,卖盘
1409,13:23:29,28.02,--,5,14010,卖盘
1410,13:23:26,28.02,--,40,112080,卖盘
1411,13:23:23,28.02,--,2,5604,卖盘
1412,13:23:17,28.02,--,6,16812,卖盘
1413,13:23:14,28.02,0.02,13,36426,买盘
1414,13:23:11,28.0,--,117,327600,卖盘
1415,13:23:08,28.0,--,36,100800,卖盘
1416,13:23:02,28.0,0.02,40,112000,买盘
1417,13:22:59,27.98,-0.02,81,226638,卖盘
1418,13:22:56,28.0,0.01,11,30800,买盘
1419,13:22:50,27.99,--,4,11196,卖盘
1420,13:22:47,27.99,-0.01,15,41985,卖盘
1421,13:22:44,28.0,--,48,134400,买盘
1422,13:22:41,28.0,--,58,162400,买盘
1423,13:22:38,28.0,--,42,117600,买盘
1424,13:22:35,28.0,0.02,27,75600,买盘
1425,13:22:32,27.98,--,153,428094,卖盘
1426,13:22:26,27.98,-0.02,108,302184,卖盘
1427,13:22:23,28.0,--,7,19600,买盘
1428,13:22:20,28.0,0.02,11,30800,买盘
1429,13:22:17,27.98,-0.01,424,1186352,卖盘
1430,13:22:14,27.99,-0.01,134,375066,卖盘
1431,13:22:08,28.0,-0.06,442,1237600,卖盘
1432,13:22:05,28.06,0.05,240,673440,买盘
1433,13:22:02,28.01,-0.04,14,39214,卖盘
1434,13:21:59,28.05,--,6,16830,卖盘
1435,13:21:46,28.05,0.05,30,84150,买盘
1436,13:21:43,28.0,--,2,5600,买盘
1437,13:21:40,28.0,--,25,70000,卖盘
1438,13:21:37,28.0,-0.05,8,22400,卖盘
1439,13:21:34,28.05,0.07,31,86955,买盘
1440,13:21:28,27.98,-0.07,30,83940,卖盘
1441,13:21:22,28.05,0.05,50,140250,买盘
1442,13:21:19,28.0,-0.07,1004,2811200,卖盘
1443,13:21:13,28.07,0.07,111,311577,买盘
1444,13:21:10,28.0,--,232,649600,买盘
1445,13:21:07,28.0,--,270,756000,买盘
1446,13:21:01,28.0,--,1114,3119872,卖盘
1447,13:20:58,28.0,--,23,64400,卖盘
1448,13:20:55,28.0,--,192,537600,卖盘
1449,13:20:46,28.0,--,37,103600,卖盘
1450,13:20:40,28.0,0.01,10,30128,买盘
1451,13:20:37,27.99,--,226,632574,卖盘
1452,13:20:31,27.99,-0.01,8,22392,卖盘
1453,13:20:28,28.0,--,67,187600,买盘
1454,13:20:22,28.0,--,11,30800,买盘
1455,13:20:19,28.0,--,26,72800,买盘
1456,13:20:16,28.0,--,56,156800,买盘
1457,13:20:13,28.0,--,10,28000,买盘
1458,13:20:07,28.0,--,31,86800,买盘
1459,13:20:04,28.0,--,215,602000,买盘
1460,13:20:01,28.0,--,111,310800,买盘
1461,13:19:58,28.0,--,207,580272,卖盘
1462,13:19:55,28.0,-0.02,500,1400000,卖盘
1463,13:19:52,28.02,-0.05,101,283002,卖盘
1464,13:19:49,28.07,0.03,101,283507,中性盘
1465,13:19:46,28.04,-0.04,66,185064,卖盘
1466,13:19:43,28.08,--,99,277992,买盘
1467,13:19:31,28.08,--,26,73008,买盘
1468,13:19:28,28.08,-0.01,213,598104,卖盘
1469,13:19:22,28.09,--,58,162922,买盘
1470,13:19:16,28.09,0.01,1,2809,买盘
1471,13:19:07,28.08,--,18,50544,卖盘
1472,13:19:04,28.08,0.02,93,261143,买盘
1473,13:18:58,28.06,--,20,56120,卖盘
1474,13:18:55,28.06,--,10,28060,卖盘
1475,13:18:52,28.06,0.02,13,36478,买盘
1476,13:18:49,28.04,--,8,22432,卖盘
1477,13:18:46,28.04,-0.02,8,22432,卖盘
1478,13:18:43,28.06,0.02,28,80700,买盘
1479,13:18:34,28.04,--,47,131788,买盘
1480,13:18:28,28.04,-0.01,30,84792,卖盘
1481,13:18:22,28.05,0.01,2,5610,中性盘
1482,13:18:13,28.04,-0.04,100,280400,卖盘
1483,13:18:04,28.08,--,27,75816,买盘
1484,13:18:01,28.08,--,31,87048,卖盘
1485,13:17:58,28.08,--,23,64583,卖盘
1486,13:17:55,28.08,0.03,4,11232,卖盘
1487,13:17:52,28.05,-0.03,31,86955,卖盘
1488,13:17:49,28.08,0.03,24,67392,买盘
1489,13:17:46,28.05,-0.03,21,58905,卖盘
1490,13:17:43,28.08,-0.01,8,22464,卖盘
1491,13:17:40,28.09,0.01,201,564609,买盘
1492,13:17:37,28.08,--,1,2808,卖盘
1493,13:17:34,28.08,-0.01,15,42120,中性盘
1494,13:17:28,28.09,--,136,382024,买盘
1495,13:17:16,28.09,--,316,887644,买盘
1496,13:17:13,28.09,--,10,28090,买盘
1497,13:17:07,28.09,--,15,42135,买盘
1498,13:17:04,28.09,-0.01,103,289327,中性盘
1499,13:17:01,28.1,0.04,135,379350,买盘
1500,13:16:58,28.06,-0.04,20,56120,卖盘
1501,13:16:55,28.1,0.03,49,137690,买盘
1502,13:16:52,28.07,-0.02,6,19284,卖盘
1503,13:16:49,28.09,-0.01,82,230338,卖盘
1504,13:16:46,28.1,0.01,13,36530,买盘
1505,13:16:43,28.09,0.02,244,685761,买盘
1506,13:16:40,28.07,-0.02,31,88785,卖盘
1507,13:16:37,28.09,--,7,19663,买盘
1508,13:16:34,28.09,--,27,75843,买盘
1509,13:16:28,28.09,--,21,58989,买盘
1510,13:16:19,28.09,--,82,230703,买盘
1511,13:16:16,28.09,-0.01,227,637643,卖盘
1512,13:16:10,28.1,--,196,550760,买盘
1513,13:16:07,28.1,--,179,502990,买盘
1514,13:16:04,28.1,--,60,168600,买盘
1515,13:16:01,28.1,--,124,348440,买盘
1516,13:15:58,28.1,--,28,78680,卖盘
1517,13:15:55,28.1,--,6,16860,卖盘
1518,13:15:52,28.1,0.01,90,252956,买盘
1519,13:15:49,28.09,-0.01,114,320226,卖盘
1520,13:15:46,28.1,--,31,87110,买盘
1521,13:15:43,28.1,--,1051,2953310,买盘
1522,13:15:40,28.1,0.01,36,101160,买盘
1523,13:15:37,28.09,-0.01,50,140450,卖盘
1524,13:15:34,28.1,--,27,75870,买盘
1525,13:15:31,28.1,--,2,5620,买盘
1526,13:15:25,28.1,--,39,109590,买盘
1527,13:15:22,28.1,--,1,2810,买盘
1528,13:15:19,28.1,0.01,60,168600,买盘
1529,13:15:16,28.09,--,20,56180,卖盘
1530,13:15:13,28.09,--,32,89888,卖盘
1531,13:15:10,28.09,-0.01,1,2809,卖盘
1532,13:15:07,28.1,--,74,207940,买盘
1533,13:15:01,28.1,0.01,80,224800,买盘
1534,13:14:58,28.09,0.01,91,255619,买盘
1535,13:14:55,28.08,--,5,14040,买盘
1536,13:14:52,28.08,-0.01,89,249911,卖盘
1537,13:14:49,28.09,--,9,25281,买盘
1538,13:14:43,28.09,--,18,50562,买盘
1539,13:14:40,28.09,0.02,43,120787,买盘
1540,13:14:34,28.07,-0.02,5,14035,卖盘
1541,13:14:31,28.09,0.01,88,247192,买盘
1542,13:14:28,28.08,--,80,224640,买盘
1543,13:14:22,28.08,--,28,78624,买盘
1544,13:14:19,28.08,-0.01,140,393120,卖盘
1545,13:14:16,28.09,0.01,7,19663,买盘
1546,13:14:13,28.08,--,22,61775,卖盘
1547,13:14:10,28.08,-0.01,76,213408,卖盘
1548,13:14:07,28.09,--,6,16854,买盘
1549,13:14:04,28.09,--,95,266855,买盘
1550,13:14:01,28.09,0.01,454,1275286,买盘
1551,13:13:58,28.08,--,119,334152,卖盘
1552,13:13:55,28.08,--,3,8424,卖盘
1553,13:13:49,28.08,--,153,429624,买盘
1554,13:13:46,28.08,0.01,35,98280,买盘
1555,13:13:40,28.07,--,27,75789,卖盘
1556,13:13:34,28.07,--,4,11228,买盘
1557,13:13:31,28.07,--,5,14035,买盘
1558,13:13:28,28.07,0.01,1,2807,买盘
1559,13:13:25,28.06,-0.01,7,19642,卖盘
1560,13:13:22,28.07,-0.01,1,2807,中性盘
1561,13:13:16,28.08,--,1,2808,买盘
1562,13:13:13,28.08,--,1,2808,买盘
1563,13:13:10,28.08,0.04,19,53352,买盘
1564,13:13:04,28.04,-0.02,200,560800,卖盘
1565,13:13:01,28.06,0.01,205,575230,买盘
1566,13:12:58,28.05,--,96,269280,买盘
1567,13:12:55,28.05,--,190,532950,买盘
1568,13:12:49,28.05,--,102,286110,买盘
1569,13:12:43,28.05,0.01,144,403920,买盘
1570,13:12:40,28.04,--,20,56080,卖盘
1571,13:12:37,28.04,-0.01,17,47668,卖盘
1572,13:12:34,28.05,0.01,50,140250,买盘
1573,13:12:31,28.04,-0.01,75,210300,卖盘
1574,13:12:28,28.05,--,15,42075,买盘
1575,13:12:25,28.05,--,2,5610,买盘
1576,13:12:22,28.05,--,6,16830,买盘
1577,13:12:19,28.05,--,10,28050,买盘
1578,13:12:16,28.05,0.02,6,16830,买盘
1579,13:12:13,28.03,-0.02,100,280300,卖盘
1580,13:12:10,28.05,--,77,215985,买盘
1581,13:12:07,28.05,0.01,21,58905,买盘
1582,13:12:04,28.04,--,31,86924,买盘
1583,13:11:58,28.04,--,45,126180,买盘
1584,13:11:49,28.04,--,179,501916,买盘
1585,13:11:46,28.04,-0.01,56,157024,卖盘
1586,13:11:43,28.05,0.01,12,33660,买盘
1587,13:11:40,28.04,-0.01,57,159828,卖盘
1588,13:11:28,28.05,--,34,95370,买盘
1589,13:11:22,28.05,--,37,103785,买盘
1590,13:11:19,28.05,--,112,314160,买盘
1591,13:11:13,28.05,--,106,297330,买盘
1592,13:11:10,28.05,--,3,8415,买盘
1593,13:11:07,28.05,--,4,11220,买盘
1594,13:11:04,28.05,0.02,236,661980,买盘
1595,13:10:55,28.03,-0.01,165,462495,卖盘
1596,13:10:49,28.04,-0.01,51,143004,卖盘
1597,13:10:46,28.05,0.01,9,25245,买盘
1598,13:10:40,28.04,-0.01,10,28040,卖盘
1599,13:10:34,28.05,0.01,72,201960,买盘
1600,13:10:31,28.04,--,4,11216,卖盘
1601,13:10:28,28.04,-0.01,1,2804,卖盘
1602,13:10:19,28.05,--,10,28050,买盘
1603,13:10:16,28.05,--,10,28050,买盘
1604,13:10:13,28.05,0.01,15,42075,买盘
1605,13:10:07,28.04,-0.01,51,143004,卖盘
1606,13:10:04,28.05,0.01,36,100980,买盘
1607,13:10:01,28.04,--,168,471072,卖盘
1608,13:09:55,28.04,0.01,106,297224,买盘
1609,13:09:49,28.03,-0.02,2,5606,卖盘
1610,13:09:43,28.05,0.02,11,30855,买盘
1611,13:09:40,28.03,--,17,47651,卖盘
1612,13:09:37,28.03,--,1,2803,卖盘
1613,13:09:34,28.03,--,8,22424,买盘
1614,13:09:31,28.03,0.01,1,2803,买盘
1615,13:09:28,28.02,-0.01,2,5604,卖盘
1616,13:09:22,28.03,-0.02,36,100908,中性盘
1617,13:09:19,28.05,--,6,16830,买盘
1618,13:09:13,28.05,0.01,158,443190,买盘
1619,13:09:07,28.04,--,227,636508,买盘
1620,13:09:04,28.04,0.01,6,16824,买盘
1621,13:09:01,28.03,--,5,14015,卖盘
1622,13:08:58,28.03,0.03,235,658705,买盘
1623,13:08:55,28.0,-0.02,31,86800,卖盘
1624,13:08:52,28.02,-0.01,28,78456,买盘
1625,13:08:46,28.03,--,214,599842,买盘
1626,13:08:43,28.03,--,49,137347,买盘
1627,13:08:40,28.03,--,6,16818,买盘
1628,13:08:37,28.03,--,27,75681,买盘
1629,13:08:31,28.03,--,167,468101,买盘
1630,13:08:28,28.03,--,10,28030,买盘
1631,13:08:25,28.03,--,44,123332,买盘
1632,13:08:22,28.03,-0.01,4,11212,买盘
1633,13:08:19,28.04,--,68,190672,买盘
1634,13:08:13,28.04,--,90,252360,卖盘
1635,13:08:04,28.04,-0.01,53,148612,中性盘
1636,13:07:58,28.05,0.02,144,403920,买盘
1637,13:07:55,28.03,-0.02,300,840900,卖盘
1638,13:07:52,28.05,0.01,20,56100,买盘
1639,13:07:49,28.04,--,3,8412,卖盘
1640,13:07:43,28.04,--,1,2804,卖盘
1641,13:07:40,28.04,--,59,165436,卖盘
1642,13:07:34,28.04,0.01,8,22432,买盘
1643,13:07:31,28.03,-0.01,15,42045,卖盘
1644,13:07:28,28.04,--,9,25236,买盘
1645,13:07:25,28.04,--,5,14020,买盘
1646,13:07:22,28.04,-0.01,4,11216,买盘
1647,13:07:19,28.05,--,38,106590,买盘
1648,13:07:16,28.05,0.01,301,844305,买盘
1649,13:07:10,28.04,--,73,204692,卖盘
1650,13:07:07,28.04,-0.01,1,2804,卖盘
1651,13:07:04,28.05,0.02,164,460020,买盘
1652,13:07:01,28.03,-0.02,8,22424,中性盘
1653,13:06:52,28.05,0.02,188,527340,买盘
1654,13:06:49,28.03,--,11,30833,卖盘
1655,13:06:46,28.03,-0.01,2,5606,卖盘
1656,13:06:40,28.04,0.01,30,84120,买盘
1657,13:06:37,28.03,-0.01,10,28030,卖盘
1658,13:06:34,28.04,0.01,29,81316,买盘
1659,13:06:31,28.03,--,17,47651,买盘
1660,13:06:28,28.03,--,1,2803,买盘
1661,13:06:25,28.03,--,1,2803,买盘
1662,13:06:22,28.03,-0.02,187,524161,卖盘
1663,13:06:19,28.05,--,21,58905,买盘
1664,13:06:10,28.05,--,52,145860,买盘
1665,13:06:04,28.05,--,27,75735,买盘
1666,13:05:58,28.05,--,229,642345,买盘
1667,13:05:46,28.05,0.04,194,544170,买盘
1668,13:05:43,28.01,-0.03,876,2453676,卖盘
1669,13:05:34,28.04,0.02,184,515936,买盘
1670,13:05:31,28.02,--,22,61644,卖盘
1671,13:05:28,28.02,-0.02,203,568806,卖盘
1672,13:05:19,28.04,-0.01,134,375736,卖盘
1673,13:05:13,28.05,0.01,6,16830,买盘
1674,13:05:10,28.04,-0.01,18,50472,卖盘
1675,13:05:07,28.05,0.01,16,44880,买盘
1676,13:05:04,28.04,0.01,224,628096,中性盘
1677,13:05:01,28.03,-0.02,156,437268,卖盘
1678,13:04:58,28.05,--,21,58905,买盘
1679,13:04:55,28.05,0.01,2,5610,买盘
1680,13:04:52,28.04,--,89,249556,卖盘
1681,13:04:46,28.04,-0.01,52,145808,卖盘
1682,13:04:43,28.05,0.01,26,72930,买盘
1683,13:04:34,28.04,-0.01,44,123376,卖盘
1684,13:04:31,28.05,--,3,8415,买盘
1685,13:04:28,28.05,--,5,14025,买盘
1686,13:04:25,28.05,--,8,22440,买盘
1687,13:04:22,28.05,--,12,33660,买盘
1688,13:04:19,28.05,--,111,311355,买盘
1689,13:04:13,28.05,-0.03,161,451605,卖盘
1690,13:04:07,28.08,--,104,292032,买盘
1691,13:04:04,28.08,0.02,39,109512,买盘
1692,13:04:01,28.06,--,39,109434,卖盘
1693,13:03:58,28.06,-0.02,8,22448,卖盘
1694,13:03:55,28.08,0.02,5,14040,买盘
1695,13:03:52,28.06,-0.02,18,50508,卖盘
1696,13:03:49,28.08,--,5,14040,买盘
1697,13:03:46,28.08,0.02,25,70200,买盘
1698,13:03:43,28.06,-0.02,3,8418,卖盘
1699,13:03:40,28.08,--,3,8424,买盘
1700,13:03:37,28.08,--,2,5616,买盘
1701,13:03:28,28.08,--,12,33696,买盘
1702,13:03:25,28.08,--,107,300456,卖盘
1703,13:03:19,28.08,--,55,154440,卖盘
1704,13:03:13,28.08,-0.01,13,36504,卖盘
1705,13:03:10,28.09,0.01,31,87079,买盘
1706,13:03:07,28.08,--,88,247103,买盘
1707,13:03:04,28.08,-0.01,3,8424,买盘
1708,13:03:01,28.09,0.01,45,126405,买盘
1709,13:02:55,28.08,--,2,5616,中性盘
1710,13:02:52,28.08,0.02,1,2808,买盘
1711,13:02:49,28.06,--,203,569618,卖盘
1712,13:02:43,28.06,--,1,2806,卖盘
1713,13:02:40,28.06,-0.02,21,58926,卖盘
1714,13:02:37,28.08,0.03,40,112320,买盘
1715,13:02:31,28.05,-0.01,17,47685,卖盘
1716,13:02:28,28.06,-0.02,134,376004,卖盘
1717,13:02:25,28.08,--,4,11232,买盘
1718,13:02:19,28.08,--,59,165672,买盘
1719,13:02:16,28.08,--,20,56160,买盘
1720,13:02:13,28.08,-0.01,91,255527,买盘
1721,13:02:10,28.09,-0.01,151,424159,卖盘
1722,13:02:07,28.1,0.01,716,2011960,买盘
1723,13:02:04,28.09,--,1,2809,买盘
1724,13:02:01,28.09,0.01,30,84270,买盘
1725,13:01:58,28.08,-0.01,6,16848,中性盘
1726,13:01:55,28.09,--,151,424159,买盘
1727,13:01:52,28.09,--,16,44944,买盘
1728,13:01:49,28.09,0.01,47,132023,买盘
1729,13:01:43,28.08,--,5,14040,买盘
1730,13:01:40,28.08,--,35,98280,买盘
1731,13:01:36,28.08,0.03,117,328536,买盘
1732,13:01:33,28.05,--,16,44880,卖盘
1733,13:01:30,28.05,--,886,2486941,买盘
1734,13:01:27,28.05,--,4,11220,买盘
1735,13:01:24,28.05,--,14,39270,买盘
1736,13:01:21,28.05,--,84,235620,买盘
1737,13:01:18,28.05,-0.03,14,40363,卖盘
1738,13:01:15,28.08,--,2,7328,买盘
1739,13:01:09,28.08,--,78,220119,买盘
1740,13:01:03,28.08,0.03,109,306072,买盘
1741,13:01:00,28.05,--,2,7321,买盘
1742,13:00:57,28.05,--,114,319770,买盘
1743,13:00:54,28.05,--,4,11220,买盘
1744,13:00:51,28.05,--,27,75735,买盘
1745,13:00:45,28.05,--,28,78540,买盘
1746,13:00:42,28.05,--,13,36465,买盘
1747,13:00:39,28.05,--,11,30855,买盘
1748,13:00:36,28.05,--,100,280500,买盘
1749,13:00:33,28.05,--,59,165495,买盘
1750,13:00:30,28.05,--,6,16830,买盘
1751,13:00:27,28.05,--,43,120615,买盘
1752,13:00:24,28.05,--,461,1293105,买盘
1753,13:00:18,28.05,--,4,11220,买盘
1754,13:00:15,28.05,0.01,18,50490,买盘
1755,13:00:12,28.04,--,136,381344,买盘
1756,13:00:09,28.04,0.01,376,1054304,买盘
1757,13:00:06,28.03,--,607,1701421,卖盘
1758,13:00:00,28.03,0.03,56,156968,买盘
1759,11:29:56,28.0,-0.03,33,92400,卖盘
1760,11:29:53,28.03,0.02,6,16818,买盘
1761,11:29:50,28.01,--,5,14005,卖盘
1762,11:29:47,28.01,0.01,2,5602,买盘
1763,11:29:38,28.0,--,8,22400,卖盘
1764,11:29:32,28.0,--,7,21112,买盘
1765,11:29:29,28.0,--,55,154000,买盘
1766,11:29:26,28.0,--,76,212800,买盘
1767,11:29:23,28.0,--,148,414400,买盘
1768,11:29:17,28.0,--,24,67200,买盘
1769,11:29:11,28.0,--,37,103600,买盘
1770,11:29:05,28.0,--,27,75600,买盘
1771,11:29:02,28.0,--,2,5600,买盘
1772,11:28:59,28.0,--,9,25200,买盘
1773,11:28:56,28.0,-0.05,649,1818488,卖盘
1774,11:28:50,28.05,0.05,10,28050,中性盘
1775,11:28:44,28.0,-0.06,5,14000,卖盘
1776,11:28:41,28.06,0.06,48,134688,买盘
1777,11:28:38,28.0,0.01,534,1496712,买盘
1778,11:28:35,27.99,-0.01,35,97965,卖盘
1779,11:28:32,28.0,--,10,28000,买盘
1780,11:28:29,28.0,--,42,117600,买盘
1781,11:28:26,28.0,-0.01,48,134400,买盘
1782,11:28:23,28.01,-0.02,405,1135693,卖盘
1783,11:28:20,28.03,0.03,593,1663692,买盘
1784,11:28:17,28.0,0.01,32,89600,买盘
1785,11:28:14,27.99,-0.01,545,1526742,卖盘
1786,11:28:08,28.0,0.01,2502,7007112,买盘
1787,11:28:05,27.99,--,6,16794,买盘
1788,11:27:53,27.99,0.02,10,27990,买盘
1789,11:27:50,27.97,-0.01,13,36361,卖盘
1790,11:27:47,27.98,0.01,15,41970,买盘
1791,11:27:41,27.97,--,2,5594,卖盘
1792,11:27:38,27.97,0.02,48,134256,买盘
1793,11:27:32,27.95,-0.02,100,279500,卖盘
1794,11:27:29,27.97,0.02,73,204181,买盘
1795,11:27:23,27.95,--,29,81055,卖盘
1796,11:27:20,27.95,--,60,167727,买盘
1797,11:27:14,27.95,--,186,519870,买盘
1798,11:27:11,27.95,--,70,195650,买盘
1799,11:27:05,27.95,0.01,183,511485,买盘
1800,11:27:02,27.94,--,30,83820,卖盘
1801,11:26:59,27.94,0.01,4,11176,买盘
1802,11:26:56,27.93,-0.02,26,72618,卖盘
1803,11:26:50,27.95,--,14,39130,买盘
1804,11:26:47,27.95,0.02,6,16770,买盘
1805,11:26:44,27.93,-0.02,57,159201,卖盘
1806,11:26:41,27.95,--,107,299065,买盘
1807,11:26:38,27.95,0.01,16,44720,买盘
1808,11:26:29,27.94,0.01,46,128524,买盘
1809,11:26:23,27.93,-0.01,124,346332,中性盘
1810,11:26:20,27.94,--,6,16764,买盘
1811,11:26:17,27.94,0.01,8,22352,买盘
1812,11:26:14,27.93,-0.01,6,16758,中性盘
1813,11:26:08,27.94,0.02,2,5588,买盘
1814,11:26:05,27.92,-0.01,100,279200,卖盘
1815,11:26:02,27.93,--,2,5586,买盘
1816,11:25:59,27.93,-0.02,6,16758,中性盘
1817,11:25:56,27.95,0.02,100,279500,买盘
1818,11:25:53,27.93,--,54,153587,卖盘
1819,11:25:44,27.93,-0.02,4,11199,卖盘
1820,11:25:41,27.95,--,62,173290,买盘
1821,11:25:35,27.95,0.02,87,243165,买盘
1822,11:25:32,27.93,--,26,72618,卖盘
1823,11:25:17,27.93,--,1,2793,卖盘
1824,11:25:11,27.93,--,1,2793,卖盘
1825,11:25:08,27.93,--,4,11172,卖盘
1826,11:25:05,27.93,-0.01,48,134064,卖盘
1827,11:24:59,27.94,--,30,83820,卖盘
1828,11:24:56,27.94,--,2,5588,卖盘
1829,11:24:47,27.94,--,1,2794,卖盘
1830,11:24:44,27.94,--,50,139700,买盘
1831,11:24:41,27.94,--,34,94996,买盘
1832,11:24:35,27.94,--,51,142494,买盘
1833,11:24:32,27.94,0.01,3,8382,买盘
1834,11:24:29,27.93,-0.01,1,2793,卖盘
1835,11:24:26,27.94,--,4,11176,买盘
1836,11:24:11,27.94,--,9,25146,买盘
1837,11:24:05,27.94,0.01,14,39116,买盘
1838,11:24:02,27.93,-0.02,10,27930,卖盘
1839,11:23:56,27.95,0.04,2,5590,买盘
1840,11:23:47,27.91,-0.04,63,175833,卖盘
1841,11:23:44,27.95,0.03,83,231985,买盘
1842,11:23:41,27.92,-0.03,8,22336,卖盘
1843,11:23:38,27.95,--,7,19565,买盘
1844,11:23:35,27.95,0.03,365,1020175,买盘
1845,11:23:32,27.92,--,14,39088,中性盘
1846,11:23:26,27.92,-0.03,28,78176,卖盘
1847,11:23:17,27.95,0.05,29,81055,买盘
1848,11:23:14,27.9,-0.05,800,2232000,卖盘
1849,11:23:10,27.95,0.03,18,50310,买盘
1850,11:23:04,27.92,-0.02,87,242904,卖盘
1851,11:23:01,27.94,0.03,27,75438,买盘
1852,11:22:58,27.91,-0.03,59,164669,卖盘
1853,11:22:55,27.94,--,31,86614,买盘
1854,11:22:52,27.94,0.02,11,30734,买盘
1855,11:22:49,27.92,-0.02,15,41880,卖盘
1856,11:22:46,27.94,--,62,173228,买盘
1857,11:22:43,27.94,0.03,29,81026,买盘
1858,11:22:37,27.91,--,50,139550,卖盘
1859,11:22:34,27.91,-0.04,67,186997,卖盘
1860,11:22:31,27.95,--,30,83850,买盘
1861,11:22:25,27.95,-0.02,419,1171105,卖盘
1862,11:22:22,27.97,--,11,30767,买盘
1863,11:22:16,27.97,--,256,716032,买盘
1864,11:22:13,27.97,--,9,25173,买盘
1865,11:22:10,27.97,-0.02,71,198587,卖盘
1866,11:22:07,27.99,--,41,114759,买盘
1867,11:21:58,27.99,--,3,8397,买盘
1868,11:21:46,27.99,--,92,257508,买盘
1869,11:21:40,27.99,0.02,10,27990,买盘
1870,11:21:37,27.97,-0.02,68,190196,卖盘
1871,11:21:34,27.99,0.02,29,81171,买盘
1872,11:21:31,27.97,0.02,8,22376,买盘
1873,11:21:28,27.95,-0.04,5,13975,卖盘
1874,11:21:19,27.99,--,50,139950,买盘
1875,11:21:16,27.99,0.04,30,83970,买盘
1876,11:21:13,27.95,-0.04,1,2795,卖盘
1877,11:21:10,27.99,--,2,5598,买盘
1878,11:21:07,27.99,0.04,12,33588,买盘
1879,11:21:04,27.95,--,17,47515,卖盘
1880,11:20:58,27.95,--,312,872040,买盘
1881,11:20:55,27.95,0.01,16,44720,买盘
1882,11:20:52,27.94,--,47,131318,买盘
1883,11:20:43,27.94,--,5,13970,买盘
1884,11:20:40,27.94,0.03,54,150876,买盘
1885,11:20:37,27.91,-0.03,7,19537,卖盘
1886,11:20:34,27.94,--,15,41910,买盘
1887,11:20:25,27.94,0.03,24,67056,卖盘
1888,11:20:22,27.91,--,12,33492,买盘
1889,11:20:16,27.91,-0.04,41,114431,卖盘
1890,11:20:07,27.95,--,12,33540,买盘
1891,11:20:04,27.95,-0.03,171,477945,卖盘
1892,11:19:55,27.98,--,12,33576,卖盘
1893,11:19:52,27.98,--,56,156688,买盘
1894,11:19:49,27.98,--,36,100728,买盘
1895,11:19:46,27.98,-0.01,2,5596,买盘
1896,11:19:43,27.99,0.01,49,137151,买盘
1897,11:19:37,27.98,--,19,53162,卖盘
1898,11:19:34,27.98,--,30,83940,卖盘
1899,11:19:28,27.98,-0.01,1,2798,卖盘
1900,11:19:19,27.99,--,67,187533,买盘
1901,11:19:10,27.99,--,30,83970,买盘
1902,11:19:04,27.99,--,9,25191,买盘
1903,11:18:52,27.99,0.01,66,184734,买盘
1904,11:18:46,27.98,-0.01,7,19586,卖盘
1905,11:18:43,27.99,0.04,35,97965,买盘
1906,11:18:40,27.95,--,8,22360,卖盘
1907,11:18:37,27.95,--,11,30745,卖盘
1908,11:18:28,27.95,-0.04,8,22360,卖盘
1909,11:18:25,27.99,0.05,15,41985,买盘
1910,11:18:22,27.94,-0.03,1,2794,买盘
1911,11:18:16,27.97,0.02,86,240542,买盘
1912,11:18:13,27.95,--,47,131365,买盘
1913,11:18:10,27.95,-0.03,434,1214483,卖盘
1914,11:18:07,27.98,0.02,92,258759,买盘
1915,11:18:04,27.96,-0.02,2,5592,卖盘
1916,11:17:58,27.98,--,1074,3005052,买盘
1917,11:17:49,27.98,--,2,5596,买盘
1918,11:17:46,27.98,-0.01,604,1690047,卖盘
1919,11:17:43,27.99,-0.01,72,201528,卖盘
1920,11:17:40,28.0,0.01,38,106400,买盘
1921,11:17:37,27.99,--,10,27990,卖盘
1922,11:17:34,27.99,--,7,19593,卖盘
1923,11:17:31,27.99,--,144,403056,买盘
1924,11:17:28,27.99,0.01,39,109161,买盘
1925,11:17:25,27.98,--,2,6631,卖盘
1926,11:17:13,27.98,--,5,13990,卖盘
1927,11:17:10,27.98,0.03,181,508144,买盘
1928,11:17:07,27.95,--,15,41925,买盘
1929,11:17:01,27.95,0.06,72,201240,买盘
1930,11:16:58,27.89,--,509,1419601,买盘
1931,11:16:55,27.89,--,17,47413,买盘
1932,11:16:52,27.89,--,13,36257,买盘
1933,11:16:46,27.89,-0.06,352,983401,卖盘
1934,11:16:40,27.95,--,36,100620,买盘
1935,11:16:37,27.95,--,19,53105,买盘
1936,11:16:34,27.95,-0.01,588,1643460,卖盘
1937,11:16:25,27.96,0.01,3,8388,买盘
1938,11:16:13,27.95,0.06,1834,5126030,买盘
1939,11:16:10,27.89,--,340,949375,买盘
1940,11:16:07,27.89,--,81,225909,买盘
1941,11:16:01,27.89,--,7,19523,买盘
1942,11:15:58,27.89,--,130,362570,买盘
1943,11:15:49,27.89,--,67,186863,买盘
1944,11:15:46,27.89,-0.01,44,122716,卖盘
1945,11:15:43,27.9,-0.04,511,1425690,卖盘
1946,11:15:40,27.94,--,17,47498,买盘
1947,11:15:37,27.94,0.04,44,122936,买盘
1948,11:15:31,27.9,--,17,47430,卖盘
1949,11:15:25,27.9,--,101,281790,卖盘
1950,11:15:19,27.9,0.01,359,1001610,买盘
1951,11:15:13,27.89,-0.01,35,97615,卖盘
1952,11:15:10,27.9,--,95,265050,买盘
1953,11:15:07,27.9,--,40,111600,买盘
1954,11:15:01,27.9,--,778,2170620,买盘
1955,11:14:58,27.9,--,9,25110,买盘
1956,11:14:55,27.9,--,19,53010,买盘
1957,11:14:52,27.9,--,13,36270,买盘
1958,11:14:49,27.9,--,55,153450,买盘
1959,11:14:46,27.9,-0.05,71,198090,卖盘
1960,11:14:43,27.95,--,39,109005,买盘
1961,11:14:37,27.95,--,21,58695,买盘
1962,11:14:34,27.95,0.04,15,41925,买盘
1963,11:14:31,27.91,-0.03,13,36283,中性盘
1964,11:14:25,27.94,--,15,41910,买盘
1965,11:14:22,27.94,0.05,12,33528,买盘
1966,11:14:19,27.89,-0.05,30,83670,卖盘
1967,11:14:16,27.94,--,28,78232,买盘
1968,11:14:13,27.94,--,2,5588,买盘
1969,11:14:10,27.94,--,9,25146,买盘
1970,11:14:04,27.94,0.03,98,273812,买盘
1971,11:14:01,27.91,-0.02,15,41865,卖盘
1972,11:13:58,27.93,0.02,5,13965,中性盘
1973,11:13:52,27.91,-0.03,67,186997,卖盘
1974,11:13:46,27.94,0.06,38,106172,买盘
1975,11:13:34,27.88,-0.06,1401,3905988,卖盘
1976,11:13:31,27.94,0.02,55,153670,买盘
1977,11:13:28,27.92,-0.02,1,2792,卖盘
1978,11:13:25,27.94,0.03,5,13970,买盘
1979,11:13:16,27.91,--,13,36283,卖盘
1980,11:13:04,27.91,-0.03,63,175833,卖盘
1981,11:13:01,27.94,--,15,41910,买盘
1982,11:12:58,27.94,--,20,55880,买盘
1983,11:12:55,27.94,-0.01,94,263055,中性盘
1984,11:12:49,27.95,0.04,300,838500,买盘
1985,11:12:37,27.91,-0.03,9,25119,卖盘
1986,11:12:34,27.94,0.03,1,2794,买盘
1987,11:12:31,27.91,-0.04,7,19537,卖盘
1988,11:12:22,27.95,0.01,119,332605,买盘
1989,11:12:16,27.94,--,1,2794,买盘
1990,11:12:13,27.94,0.02,3,8382,卖盘
1991,11:12:10,27.92,-0.03,69,192648,卖盘
1992,11:12:04,27.95,0.01,286,799370,买盘
1993,11:12:01,27.94,--,15,41910,卖盘
1994,11:11:58,27.94,--,3,8382,卖盘
1995,11:11:55,27.94,--,45,125730,买盘
1996,11:11:52,27.94,0.02,38,106172,买盘
1997,11:11:46,27.92,-0.02,1,2792,卖盘
1998,11:11:43,27.94,--,2,5588,买盘
1999,11:11:31,27.94,--,6,16764,买盘
2000,11:11:22,27.94,0.03,33,92202,买盘
2001,11:11:19,27.91,--,25,69775,卖盘
2002,11:11:16,27.91,--,5,13955,卖盘
2003,11:11:13,27.91,-0.01,73,203743,卖盘
2004,11:11:10,27.92,0.01,17,47464,买盘
2005,11:11:07,27.91,--,11,30701,买盘
2006,11:11:04,27.91,0.01,5,13955,买盘
2007,11:11:01,27.9,--,200,558000,卖盘
2008,11:10:55,27.9,0.04,751,2095290,买盘
2009,11:10:52,27.86,-0.04,80,222880,卖盘
2010,11:10:49,27.9,0.01,10,27900,买盘
2011,11:10:46,27.89,--,1,2789,买盘
2012,11:10:40,27.89,-0.01,7,19523,中性盘
2013,11:10:34,27.9,0.01,15,41850,买盘
2014,11:10:25,27.89,--,8,22312,买盘
2015,11:10:22,27.89,-0.01,63,175707,中性盘
2016,11:10:19,27.9,0.01,37,103230,买盘
2017,11:10:16,27.89,--,71,198019,买盘
2018,11:10:13,27.89,-0.01,10,27890,买盘
2019,11:10:07,27.9,0.04,62,172980,买盘
2020,11:10:01,27.86,-0.04,171,476406,卖盘
2021,11:09:58,27.9,0.01,50,139500,买盘
2022,11:09:55,27.89,-0.01,3,8367,卖盘
2023,11:09:52,27.9,--,50,139500,买盘
2024,11:09:49,27.9,0.01,102,284580,买盘
2025,11:09:46,27.89,-0.01,35,97615,卖盘
2026,11:09:43,27.9,0.01,7,19530,买盘
2027,11:09:40,27.89,--,9,25101,卖盘
2028,11:09:37,27.89,-0.01,20,55780,卖盘
2029,11:09:34,27.9,--,15,41850,买盘
2030,11:09:28,27.9,--,15,41850,买盘
2031,11:09:25,27.9,--,122,340380,买盘
2032,11:09:19,27.9,--,26,72540,买盘
2033,11:09:13,27.9,0.01,108,301320,买盘
2034,11:09:04,27.89,--,240,669360,卖盘
2035,11:09:01,27.89,--,59,164551,卖盘
2036,11:08:58,27.89,--,15,41835,卖盘
2037,11:08:55,27.89,--,8,22312,卖盘
2038,11:08:49,27.89,--,2,5578,卖盘
2039,11:08:46,27.89,--,2,5578,卖盘
2040,11:08:43,27.89,--,165,460185,买盘
2041,11:08:40,27.89,--,20,55780,买盘
2042,11:08:37,27.89,--,111,309579,买盘
2043,11:08:34,27.89,--,11,30679,买盘
2044,11:08:31,27.89,0.01,100,278900,买盘
2045,11:08:28,27.88,-0.01,700,1951600,卖盘
2046,11:08:25,27.89,-0.01,11,30679,卖盘
2047,11:08:22,27.9,--,134,373860,买盘
2048,11:08:19,27.9,0.01,1,2790,买盘
2049,11:08:16,27.89,-0.01,18,50202,卖盘
2050,11:08:13,27.9,--,95,265050,买盘
2051,11:08:07,27.9,0.01,26,72540,买盘
2052,11:08:04,27.89,-0.01,1,2789,中性盘
2053,11:08:01,27.9,--,129,359910,买盘
2054,11:07:58,27.9,0.01,12,33480,买盘
2055,11:07:55,27.89,-0.01,37,103193,卖盘
2056,11:07:52,27.9,--,10,27900,买盘
2057,11:07:49,27.9,--,16,44640,买盘
2058,11:07:46,27.9,--,39,108810,买盘
2059,11:07:40,27.9,--,1,2790,买盘
2060,11:07:37,27.9,-0.02,192,535680,卖盘
2061,11:07:31,27.92,0.02,50,139600,买盘
2062,11:07:28,27.9,--,1,2790,卖盘
2063,11:07:19,27.9,0.01,28,78120,买盘
2064,11:07:16,27.89,-0.01,8,22312,卖盘
2065,11:07:13,27.9,--,93,259470,买盘
2066,11:07:10,27.9,--,3,8370,买盘
2067,11:07:04,27.9,0.01,55,153450,买盘
2068,11:06:58,27.89,-0.01,9,25101,卖盘
2069,11:06:55,27.9,0.01,1,2790,买盘
2070,11:06:52,27.89,-0.01,7,19523,卖盘
2071,11:06:49,27.9,--,55,153450,买盘
2072,11:06:43,27.9,0.01,33,92070,买盘
2073,11:06:40,27.89,-0.01,9,25101,卖盘
2074,11:06:37,27.9,--,24,66960,买盘
2075,11:06:34,27.9,0.01,10,27900,买盘
2076,11:06:31,27.89,--,11,30679,卖盘
2077,11:06:28,27.89,-0.01,1,2789,卖盘
2078,11:06:22,27.9,--,1,2790,买盘
2079,11:06:19,27.9,0.01,5,13950,买盘
2080,11:06:16,27.89,-0.01,4,11156,卖盘
2081,11:06:13,27.9,--,33,92070,买盘
2082,11:06:07,27.9,--,323,901170,卖盘
2083,11:06:01,27.9,--,491,1369890,卖盘
2084,11:05:55,27.9,-0.02,1,2790,买盘
2085,11:05:43,27.92,0.02,37,103304,买盘
2086,11:05:37,27.9,--,2,5580,卖盘
2087,11:05:28,27.9,--,2,5580,卖盘
2088,11:05:16,27.9,0.02,802,2237580,买盘
2089,11:05:13,27.88,-0.01,135,376380,卖盘
2090,11:05:07,27.89,0.01,48,133872,买盘
2091,11:05:04,27.88,--,1,2788,卖盘
2092,11:05:01,27.88,-0.02,6,16728,卖盘
2093,11:04:58,27.9,0.01,21,58590,买盘
2094,11:04:52,27.89,--,5,13945,买盘
2095,11:04:40,27.89,--,57,158973,卖盘
2096,11:04:34,27.89,--,41,114349,卖盘
2097,11:04:31,27.89,--,13,36257,卖盘
2098,11:04:22,27.89,-0.01,15,41835,卖盘
2099,11:04:16,27.9,--,89,248310,买盘
2100,11:04:13,27.9,0.01,13,36270,买盘
2101,11:04:10,27.89,-0.01,127,354203,卖盘
2102,11:04:04,27.9,--,15,41850,买盘
2103,11:04:01,27.9,--,3,8370,买盘
2104,11:03:54,27.9,--,14,39060,买盘
2105,11:03:48,27.9,-0.02,5,13950,买盘
2106,11:03:45,27.92,--,16,44672,买盘
2107,11:03:42,27.92,--,19,53048,买盘
2108,11:03:39,27.92,--,6,16752,买盘
2109,11:03:36,27.92,0.02,8,22336,买盘
2110,11:03:27,27.9,--,12,33480,卖盘
2111,11:03:24,27.9,-0.02,11,30690,卖盘
2112,11:03:18,27.92,0.01,5,13960,买盘
2113,11:03:15,27.91,-0.01,39,108849,卖盘
2114,11:03:12,27.92,0.04,5,13960,买盘
2115,11:03:06,27.88,0.03,73,203524,中性盘
2116,11:03:03,27.85,-0.05,572,1593827,卖盘
2117,11:03:00,27.9,0.02,152,424080,买盘
2118,11:02:57,27.88,--,9,25092,卖盘
2119,11:02:54,27.88,-0.02,800,2230400,中性盘
2120,11:02:39,27.9,0.05,10,27900,买盘
2121,11:02:36,27.85,-0.05,9,25065,卖盘
2122,11:02:30,27.9,--,14,39060,买盘
2123,11:02:18,27.9,--,24,66960,买盘
2124,11:02:12,27.9,--,49,136710,买盘
2125,11:02:09,27.9,--,8,22320,买盘
2126,11:02:03,27.9,--,113,317250,卖盘
2127,11:01:57,27.9,-0.01,9,25110,卖盘
2128,11:01:54,27.91,0.01,42,117222,买盘
2129,11:01:48,27.9,--,10,27900,卖盘
2130,11:01:42,27.9,--,28,78120,卖盘
2131,11:01:39,27.9,--,253,706679,买盘
2132,11:01:33,27.9,--,30,83700,买盘
2133,11:01:27,27.9,--,15,41850,买盘
2134,11:01:24,27.9,0.01,10,27900,买盘
2135,11:01:21,27.89,-0.01,31,86459,卖盘
2136,11:01:18,27.9,0.01,13,36270,买盘
2137,11:01:12,27.89,--,51,142239,卖盘
2138,11:01:06,27.89,-0.01,12,33468,卖盘
2139,11:01:03,27.9,0.01,130,362700,买盘
2140,11:00:57,27.89,-0.01,15,41835,卖盘
2141,11:00:54,27.9,0.01,13,36270,买盘
2142,11:00:48,27.89,--,10,27890,买盘
2143,11:00:45,27.89,0.04,3,8367,买盘
2144,11:00:39,27.85,-0.04,81,225585,卖盘
2145,11:00:36,27.89,0.03,50,139450,买盘
2146,11:00:33,27.86,0.02,6,16716,买盘
2147,11:00:30,27.84,-0.02,9,25056,卖盘
2148,11:00:27,27.86,--,6,16716,买盘
2149,11:00:24,27.86,--,6,16716,买盘
2150,11:00:21,27.86,--,3,8358,买盘
2151,11:00:18,27.86,-0.03,7,19502,中性盘
2152,11:00:15,27.89,-0.01,104,290056,买盘
2153,11:00:12,27.9,--,10,27900,买盘
2154,11:00:09,27.9,--,6,18720,买盘
2155,11:00:00,27.9,0.01,5,13950,买盘
2156,10:59:57,27.89,-0.01,1,2789,卖盘
2157,10:59:51,27.9,0.05,83,232379,买盘
2158,10:59:45,27.85,-0.01,80,222800,卖盘
2159,10:59:36,27.86,-0.04,200,557200,卖盘
2160,10:59:30,27.9,-0.01,9,25110,中性盘
2161,10:59:18,27.91,0.02,52,145132,买盘
2162,10:59:12,27.89,-0.02,200,557800,卖盘
2163,10:59:09,27.91,--,1,2791,买盘
2164,10:59:00,27.91,--,1,2791,买盘
2165,10:58:54,27.91,--,3,8373,买盘
2166,10:58:51,27.91,--,3,8373,买盘
2167,10:58:48,27.91,--,21,58611,买盘
2168,10:58:45,27.91,0.01,35,97685,买盘
2169,10:58:39,27.9,-0.01,2,5580,卖盘
2170,10:58:36,27.91,0.01,20,55820,买盘
2171,10:58:33,27.9,-0.01,9,25110,卖盘
2172,10:58:27,27.91,--,6,16746,买盘
2173,10:58:24,27.91,--,51,142341,买盘
2174,10:58:18,27.91,0.01,49,136759,买盘
2175,10:58:15,27.9,-0.01,12,33480,卖盘
2176,10:58:09,27.91,0.01,38,106058,买盘
2177,10:58:03,27.9,--,30,83700,卖盘
2178,10:57:57,27.9,--,11,30690,卖盘
2179,10:57:51,27.9,--,7,19530,卖盘
2180,10:57:45,27.9,--,2,5580,卖盘
2181,10:57:33,27.9,--,1,2790,卖盘
2182,10:57:21,27.9,--,13,36270,卖盘
2183,10:57:18,27.9,0.01,91,253917,买盘
2184,10:57:15,27.89,-0.01,4,11156,卖盘
2185,10:57:12,27.9,0.01,29,80910,买盘
2186,10:57:09,27.89,--,6,16734,卖盘
2187,10:57:00,27.89,-0.01,7,19523,卖盘
2188,10:56:54,27.9,0.01,11,30690,买盘
2189,10:56:45,27.89,-0.01,1,2789,卖盘
2190,10:56:42,27.9,--,2,5580,买盘
2191,10:56:36,27.9,--,3,8370,买盘
2192,10:56:33,27.9,--,20,55800,买盘
2193,10:56:30,27.9,-0.03,35,100412,卖盘
2194,10:56:27,27.93,--,1,2820,买盘
2195,10:56:21,27.93,0.02,49,136857,买盘
2196,10:56:15,27.91,-0.02,59,167432,卖盘
2197,10:56:12,27.93,0.01,5,13965,买盘
2198,10:56:09,27.92,--,133,371363,买盘
2199,10:56:06,27.92,--,3,8376,买盘
2200,10:56:03,27.92,0.01,3,8376,买盘
2201,10:56:00,27.91,-0.01,13,36283,卖盘
2202,10:55:48,27.92,--,13,36296,买盘
2203,10:55:45,27.92,--,2,5584,买盘
2204,10:55:42,27.92,0.01,3,8376,买盘
2205,10:55:39,27.91,-0.01,6,16746,卖盘
2206,10:55:36,27.92,--,14,39088,买盘
2207,10:55:27,27.92,--,14,39088,买盘
2208,10:55:21,27.92,0.02,3,8376,买盘
2209,10:55:15,27.9,--,3,8370,卖盘
2210,10:55:12,27.9,0.02,1,2790,中性盘
2211,10:55:09,27.88,-0.02,72,200736,卖盘
2212,10:55:06,27.9,--,43,119970,买盘
2213,10:55:00,27.9,--,3,8370,买盘
2214,10:54:57,27.9,0.02,2,5580,买盘
2215,10:54:54,27.88,-0.04,2,5576,卖盘
2216,10:54:39,27.92,--,23,64216,买盘
2217,10:54:33,27.92,0.02,52,145184,买盘
2218,10:54:27,27.9,0.03,45,125550,买盘
2219,10:54:24,27.87,--,6,16722,买盘
2220,10:54:21,27.87,-0.01,13,36231,卖盘
2221,10:54:15,27.88,-0.02,7,19516,卖盘
2222,10:54:12,27.9,--,38,106020,买盘
2223,10:54:06,27.9,-0.02,10,27900,买盘
2224,10:53:42,27.92,0.04,2,5584,买盘
2225,10:53:39,27.88,-0.04,31,86428,卖盘
2226,10:53:36,27.92,0.04,7,19544,买盘
2227,10:53:30,27.88,--,17,47396,买盘
2228,10:53:18,27.88,-0.02,60,167280,中性盘
2229,10:53:15,27.9,0.02,2,5580,买盘
2230,10:53:09,27.88,--,2,8336,卖盘
2231,10:53:06,27.88,-0.02,234,652392,卖盘
2232,10:52:54,27.9,--,6,16740,买盘
2233,10:52:51,27.9,0.01,1,2790,买盘
2234,10:52:48,27.89,-0.01,1,2789,卖盘
2235,10:52:45,27.9,0.02,5,13950,买盘
2236,10:52:42,27.88,-0.01,500,1394000,卖盘
2237,10:52:30,27.89,0.01,49,136661,买盘
2238,10:52:24,27.88,--,50,139400,卖盘
2239,10:52:15,27.88,-0.01,3,8364,卖盘
2240,10:52:12,27.89,0.01,62,172918,买盘
2241,10:51:57,27.88,-0.01,1,2788,卖盘
2242,10:51:54,27.89,--,266,741874,买盘
2243,10:51:48,27.89,--,10,27890,买盘
2244,10:51:45,27.89,0.01,1,2789,买盘
2245,10:51:39,27.88,--,235,655180,卖盘
2246,10:51:33,27.88,-0.01,30,83640,卖盘
2247,10:51:30,27.89,0.01,48,133872,买盘
2248,10:51:27,27.88,-0.01,30,83640,卖盘
2249,10:51:24,27.89,0.01,1,2789,买盘
2250,10:51:15,27.88,--,4,11152,卖盘
2251,10:51:12,27.88,--,300,836400,卖盘
2252,10:51:09,27.88,-0.01,1,2788,卖盘
2253,10:51:03,27.89,--,5,13945,卖盘
2254,10:51:00,27.89,-0.05,2,5578,买盘
2255,10:50:51,27.94,0.06,26,72644,买盘
2256,10:50:48,27.88,-0.05,170,473960,卖盘
2257,10:50:45,27.93,--,1,2793,卖盘
2258,10:50:42,27.93,0.03,4,11172,中性盘
2259,10:50:33,27.9,--,1,2790,买盘
2260,10:50:30,27.9,--,50,139500,买盘
2261,10:50:24,27.9,--,12,33480,买盘
2262,10:50:18,27.9,--,44,122760,买盘
2263,10:50:12,27.9,0.01,1,2790,买盘
2264,10:50:09,27.89,0.01,3,8367,中性盘
2265,10:49:57,27.88,--,1,2788,卖盘
2266,10:49:36,27.88,--,300,836400,卖盘
2267,10:49:33,27.88,0.05,371,1034375,买盘
2268,10:49:30,27.83,--,19,52877,卖盘
2269,10:49:18,27.83,0.01,45,125234,买盘
2270,10:49:15,27.82,--,3,8346,卖盘
2271,10:49:06,27.82,-0.06,35,97370,卖盘
2272,10:49:03,27.88,--,41,114308,买盘
2273,10:49:00,27.88,--,19,52972,买盘
2274,10:48:57,27.88,--,35,97580,买盘
2275,10:48:54,27.88,--,52,144976,买盘
2276,10:48:48,27.88,-0.05,510,1424640,卖盘
2277,10:48:42,27.93,0.02,40,111720,买盘
2278,10:48:39,27.91,-0.01,9,25119,卖盘
2279,10:48:36,27.92,0.01,85,237320,买盘
2280,10:48:30,27.91,--,23,64193,买盘
2281,10:48:27,27.91,0.01,18,50238,买盘
2282,10:48:24,27.9,-0.01,1,2790,卖盘
2283,10:48:18,27.91,0.01,1,2791,买盘
2284,10:48:12,27.9,-0.04,15,41850,卖盘
2285,10:47:45,27.94,--,31,86614,买盘
2286,10:47:39,27.94,--,48,134112,买盘
2287,10:47:36,27.94,--,41,114554,卖盘
2288,10:47:27,27.94,0.03,1,2794,卖盘
2289,10:47:21,27.91,--,14,39101,买盘
2290,10:47:18,27.91,-0.05,13,39046,卖盘
2291,10:47:15,27.96,--,14,39144,买盘
2292,10:47:09,27.96,-0.02,1,2796,中性盘
2293,10:46:57,27.98,0.01,77,215446,买盘
2294,10:46:51,27.97,--,9,25173,卖盘
2295,10:46:48,27.97,--,2,5594,卖盘
2296,10:46:42,27.97,--,1,2797,卖盘
2297,10:46:39,27.97,--,47,131459,买盘
2298,10:46:33,27.97,--,5,13985,买盘
2299,10:46:30,27.97,0.01,75,209775,买盘
2300,10:46:24,27.96,0.05,38,106248,买盘
2301,10:46:18,27.91,-0.06,4,11164,卖盘
2302,10:46:12,27.97,--,23,64331,买盘
2303,10:46:00,27.97,--,68,190196,买盘
2304,10:45:54,27.97,0.01,14,39158,买盘
2305,10:45:48,27.96,--,11,30756,卖盘
2306,10:45:45,27.96,--,1,2796,卖盘
2307,10:45:39,27.96,-0.02,51,142596,中性盘
2308,10:45:33,27.98,0.07,191,534445,买盘
2309,10:45:27,27.91,-0.05,1,2791,卖盘
2310,10:45:15,27.96,--,35,97860,卖盘
2311,10:45:03,27.96,--,10,27960,卖盘
2312,10:44:57,27.96,0.06,42,117432,买盘
2313,10:44:54,27.9,-0.03,1,2790,卖盘
2314,10:44:51,27.93,0.02,12,33516,买盘
2315,10:44:42,27.91,0.01,28,78148,买盘
2316,10:44:33,27.9,--,121,337590,买盘
2317,10:44:30,27.9,--,4,11160,买盘
2318,10:44:21,27.9,0.01,100,279000,买盘
2319,10:44:18,27.89,--,1,2789,卖盘
2320,10:44:15,27.89,-0.01,3,8367,中性盘
2321,10:43:51,27.9,0.02,6,16740,买盘
2322,10:43:42,27.88,-0.02,82,228616,中性盘
2323,10:43:39,27.9,0.02,148,412920,买盘
2324,10:43:36,27.88,--,102,284376,卖盘
2325,10:43:20,27.88,--,74,206312,卖盘
2326,10:43:17,27.88,-0.01,46,128248,卖盘
2327,10:43:14,27.89,--,9,25101,买盘
2328,10:43:11,27.89,-0.01,15,41835,卖盘
2329,10:43:08,27.9,--,74,206460,买盘
2330,10:43:05,27.9,0.01,2,5580,买盘
2331,10:43:02,27.89,--,35,97615,买盘
2332,10:42:59,27.89,--,12,33468,买盘
2333,10:42:53,27.89,--,1,2789,买盘
2334,10:42:50,27.89,--,11,30679,买盘
2335,10:42:44,27.89,0.01,54,150606,买盘
2336,10:42:38,27.88,-0.01,97,270436,卖盘
2337,10:42:32,27.89,--,2,5578,买盘
2338,10:42:26,27.89,0.01,38,105982,买盘
2339,10:42:23,27.88,-0.01,1,2788,卖盘
2340,10:42:20,27.89,--,86,239854,买盘
2341,10:42:17,27.89,--,71,198019,买盘
2342,10:42:14,27.89,0.01,24,66936,买盘
2343,10:42:08,27.88,-0.01,280,780640,卖盘
2344,10:42:05,27.89,0.01,7,19523,买盘
2345,10:42:02,27.88,--,5,13940,卖盘
2346,10:41:59,27.88,--,5,13940,卖盘
2347,10:41:56,27.88,-0.01,10,27880,卖盘
2348,10:41:53,27.89,0.01,132,368148,买盘
2349,10:41:47,27.88,--,48,133824,买盘
2350,10:41:41,27.88,--,14,39032,卖盘
2351,10:41:29,27.88,--,16,44608,买盘
2352,10:41:26,27.88,--,58,161704,卖盘
2353,10:41:23,27.88,--,20,55760,卖盘
2354,10:41:20,27.88,0.03,53,147764,买盘
2355,10:41:17,27.85,--,52,146268,买盘
2356,10:41:14,27.85,0.01,397,1105645,买盘
2357,10:41:11,27.84,-0.01,155,431520,卖盘
2358,10:41:08,27.85,--,1,2785,买盘
2359,10:41:05,27.85,0.01,15,41775,买盘
2360,10:41:02,27.84,-0.01,15,41760,卖盘
2361,10:40:59,27.85,--,18,50130,买盘
2362,10:40:53,27.85,0.01,56,155960,买盘
2363,10:40:50,27.84,--,110,306240,卖盘
2364,10:40:44,27.84,--,15,41760,卖盘
2365,10:40:41,27.84,--,74,206016,卖盘
2366,10:40:38,27.84,0.02,63,175392,买盘
2367,10:40:35,27.82,--,19,52858,卖盘
2368,10:40:26,27.82,--,16,44512,卖盘
2369,10:40:14,27.82,0.01,7,19474,卖盘
2370,10:40:11,27.81,-0.03,18,50058,卖盘
2371,10:40:08,27.84,--,6,16704,买盘
2372,10:40:05,27.84,0.03,2,5568,中性盘
2373,10:39:59,27.81,-0.04,307,853767,卖盘
2374,10:39:50,27.85,0.04,48,133680,买盘
2375,10:39:41,27.81,-0.04,97,269757,卖盘
2376,10:39:35,27.85,--,1,2785,买盘
2377,10:39:32,27.85,-0.02,322,898106,卖盘
2378,10:39:29,27.87,--,121,337227,卖盘
2379,10:39:23,27.87,0.01,99,275913,买盘
2380,10:39:17,27.86,-0.02,5,13930,卖盘
2381,10:39:11,27.88,0.01,9,25092,买盘
2382,10:39:05,27.87,-0.01,13,36231,卖盘
2383,10:39:02,27.88,--,1,2788,买盘
2384,10:38:53,27.88,--,2,5576,买盘
2385,10:38:50,27.88,0.02,63,175644,买盘
2386,10:38:47,27.86,-0.03,128,356608,卖盘
2387,10:38:44,27.89,--,10,27890,买盘
2388,10:38:38,27.89,0.01,1,2789,买盘
2389,10:38:32,27.88,-0.01,130,362440,卖盘
2390,10:38:23,27.89,-0.01,1,2789,卖盘
2391,10:38:20,27.9,0.02,23,64170,买盘
2392,10:38:17,27.88,--,171,476748,卖盘
2393,10:38:08,27.88,--,11,30668,卖盘
2394,10:38:05,27.88,0.02,196,546448,买盘
2395,10:38:02,27.86,--,2,5572,卖盘
2396,10:37:53,27.86,--,62,172732,卖盘
2397,10:37:50,27.86,-0.03,81,225666,卖盘
2398,10:37:47,27.89,0.01,363,1012407,买盘
2399,10:37:44,27.88,--,67,186796,卖盘
2400,10:37:41,27.88,-0.01,6,16728,卖盘
2401,10:37:38,27.89,0.01,110,306790,买盘
2402,10:37:35,27.88,-0.01,28,78064,卖盘
2403,10:37:26,27.89,0.01,15,41835,买盘
2404,10:37:23,27.88,-0.01,11,30668,卖盘
2405,10:37:17,27.89,0.01,13,36257,买盘
2406,10:37:14,27.88,--,13,36244,卖盘
2407,10:37:11,27.88,-0.01,0,1728,卖盘
2408,10:37:08,27.89,--,15,41835,买盘
2409,10:37:05,27.89,0.01,10,27890,买盘
2410,10:36:56,27.88,-0.01,101,281588,卖盘
2411,10:36:53,27.89,0.01,51,142239,买盘
2412,10:36:50,27.88,-0.01,6,16728,卖盘
2413,10:36:47,27.89,--,8,22312,买盘
2414,10:36:41,27.89,--,5,13945,买盘
2415,10:36:38,27.89,--,1,2789,买盘
2416,10:36:35,27.89,--,6,16734,买盘
2417,10:36:32,27.89,-0.01,26,72514,卖盘
2418,10:36:29,27.9,--,9,25110,买盘
2419,10:36:26,27.9,0.01,8,22320,买盘
2420,10:36:23,27.89,-0.01,9,25101,卖盘
2421,10:36:20,27.9,--,4,11160,买盘
2422,10:36:17,27.9,0.01,3,8370,买盘
2423,10:36:14,27.89,-0.01,5,13945,卖盘
2424,10:36:11,27.9,0.01,20,55800,买盘
2425,10:35:59,27.89,--,5,13945,卖盘
2426,10:35:56,27.89,--,38,105982,买盘
2427,10:35:50,27.89,0.01,14,39046,买盘
2428,10:35:47,27.88,--,17,47396,卖盘
2429,10:35:41,27.88,--,15,41820,卖盘
2430,10:35:38,27.88,-0.01,3,8364,卖盘
2431,10:35:35,27.89,--,20,55780,买盘
2432,10:35:29,27.89,--,34,94826,买盘
2433,10:35:26,27.89,0.01,10,27890,买盘
2434,10:35:20,27.88,--,500,1394000,卖盘
2435,10:35:14,27.88,0.02,901,2511988,买盘
2436,10:35:11,27.86,0.01,29,80794,买盘
2437,10:35:05,27.85,-0.01,3,8355,卖盘
2438,10:35:02,27.86,0.01,10,27860,买盘
2439,10:34:59,27.85,--,60,167100,卖盘
2440,10:34:56,27.85,0.01,267,746101,买盘
2441,10:34:50,27.84,-0.01,3,8352,卖盘
2442,10:34:47,27.85,0.05,10,27850,买盘
2443,10:34:41,27.8,-0.05,2300,6394000,卖盘
2444,10:34:38,27.85,0.01,36,100260,买盘
2445,10:34:35,27.84,-0.01,10,27840,卖盘
2446,10:34:29,27.85,0.01,2,5570,买盘
2447,10:34:26,27.84,--,1,2784,卖盘
2448,10:34:23,27.84,-0.01,22,61248,卖盘
2449,10:34:20,27.85,0.01,7,19495,买盘
2450,10:34:17,27.84,--,10,27840,卖盘
2451,10:34:14,27.84,--,4,11136,卖盘
2452,10:34:11,27.84,-0.01,2,5568,卖盘
2453,10:34:08,27.85,0.01,1,2785,买盘
2454,10:34:05,27.84,--,22,61248,卖盘
2455,10:34:02,27.84,--,15,41760,卖盘
2456,10:33:59,27.84,0.02,4,11136,买盘
2457,10:33:56,27.82,0.01,31,86242,中性盘
2458,10:33:47,27.81,-0.03,14,38934,卖盘
2459,10:33:44,27.84,0.03,2,5568,买盘
2460,10:33:41,27.81,0.01,5,13905,卖盘
2461,10:33:26,27.8,-0.05,300,834000,卖盘
2462,10:33:23,27.85,--,267,743595,买盘
2463,10:33:20,27.85,0.01,1510,4205350,买盘
2464,10:33:14,27.84,--,14,38976,卖盘
2465,10:33:11,27.84,-0.01,7,19488,卖盘
2466,10:33:08,27.85,--,51,142035,买盘
2467,10:33:05,27.85,0.01,2,5570,买盘
2468,10:33:02,27.84,--,71,197664,卖盘
2469,10:32:59,27.84,--,5,13920,卖盘
2470,10:32:56,27.84,--,1,2784,卖盘
2471,10:32:53,27.84,-0.01,18,50112,卖盘
2472,10:32:35,27.85,0.01,211,587635,买盘
2473,10:32:32,27.84,--,55,153120,卖盘
2474,10:32:29,27.84,-0.01,18,50112,卖盘
2475,10:32:26,27.85,--,14,38990,买盘
2476,10:32:17,27.85,--,11,30635,买盘
2477,10:32:14,27.85,--,67,186595,买盘
2478,10:32:11,27.85,--,35,97475,卖盘
2479,10:32:08,27.85,--,110,306350,卖盘
2480,10:32:05,27.85,-0.01,130,362050,卖盘
2481,10:32:02,27.86,--,69,192234,买盘
2482,10:31:53,27.86,--,30,83580,买盘
2483,10:31:47,27.86,0.02,261,727146,中性盘
2484,10:31:41,27.84,-0.02,359,999456,卖盘
2485,10:31:38,27.86,-0.01,18,50148,卖盘
2486,10:31:32,27.87,0.02,2,5574,买盘
2487,10:31:29,27.85,-0.02,102,284070,卖盘
2488,10:31:26,27.87,--,88,245256,买盘
2489,10:31:23,27.87,0.01,29,80823,买盘
2490,10:31:17,27.86,--,13,36218,卖盘
2491,10:31:08,27.86,-0.01,21,58506,卖盘
2492,10:31:05,27.87,--,21,58527,买盘
2493,10:31:02,27.87,0.01,55,153285,买盘
2494,10:30:56,27.86,--,2,5572,卖盘
2495,10:30:53,27.86,--,9,25074,卖盘
2496,10:30:50,27.86,--,3,8358,买盘
2497,10:30:47,27.86,0.01,11,30646,买盘
2498,10:30:44,27.85,--,10,27850,卖盘
2499,10:30:38,27.85,--,457,1272745,卖盘
2500,10:30:32,27.85,-0.02,27,75195,卖盘
2501,10:30:26,27.87,0.02,1,2787,买盘
2502,10:30:20,27.85,-0.02,216,601560,卖盘
2503,10:30:14,27.87,0.02,8,22296,卖盘
2504,10:30:08,27.85,-0.05,749,2085965,卖盘
2505,10:30:02,27.9,0.01,1,2790,买盘
2506,10:29:56,27.89,0.01,106,295634,买盘
2507,10:29:53,27.88,--,6,16728,卖盘
2508,10:29:50,27.88,-0.01,27,75276,卖盘
2509,10:29:47,27.89,--,2,5578,买盘
2510,10:29:44,27.89,0.01,7,19523,买盘
2511,10:29:41,27.88,--,13,36244,卖盘
2512,10:29:38,27.88,-0.01,8,22304,卖盘
2513,10:29:35,27.89,--,1,2789,买盘
2514,10:29:32,27.89,--,36,100404,买盘
2515,10:29:29,27.89,--,1,2789,买盘
2516,10:29:26,27.89,--,20,55780,买盘
2517,10:29:23,27.89,-0.01,80,223120,卖盘
2518,10:29:20,27.9,--,26,72540,买盘
2519,10:29:17,27.9,--,26,72540,买盘
2520,10:29:14,27.9,0.01,1,2790,买盘
2521,10:29:11,27.89,--,26,72514,卖盘
2522,10:29:08,27.89,-0.01,151,421139,卖盘
2523,10:29:02,27.9,--,5,13950,买盘
2524,10:28:59,27.9,0.02,85,237150,买盘
2525,10:28:56,27.88,-0.05,251,699788,卖盘
2526,10:28:50,27.93,0.02,182,508326,买盘
2527,10:28:47,27.91,-0.01,3,8373,卖盘
2528,10:28:44,27.92,--,17,47464,买盘
2529,10:28:38,27.92,0.01,1,2792,买盘
2530,10:28:32,27.91,--,9,25119,卖盘
2531,10:28:29,27.91,--,9,25119,买盘
2532,10:28:26,27.91,--,6,16746,卖盘
2533,10:28:20,27.91,--,1,2791,卖盘
2534,10:28:17,27.91,-0.01,7,19537,卖盘
2535,10:28:14,27.92,0.01,104,290368,卖盘
2536,10:28:08,27.91,-0.01,75,209325,卖盘
2537,10:28:05,27.92,--,6,16752,卖盘
2538,10:28:02,27.92,0.02,27,75384,买盘
2539,10:27:59,27.9,-0.02,6,16740,卖盘
2540,10:27:56,27.92,0.02,5,13960,买盘
2541,10:27:53,27.9,--,21,58590,卖盘
2542,10:27:50,27.9,--,11,30690,卖盘
2543,10:27:44,27.9,--,12,33480,卖盘
2544,10:27:41,27.9,--,20,55800,卖盘
2545,10:27:38,27.9,--,66,184140,卖盘
2546,10:27:35,27.9,--,50,139500,卖盘
2547,10:27:32,27.9,-0.03,16,44640,卖盘
2548,10:27:29,27.93,--,96,268128,买盘
2549,10:27:23,27.93,--,10,27930,买盘
2550,10:27:17,27.93,0.01,5,13965,买盘
2551,10:27:14,27.92,-0.01,18,50256,卖盘
2552,10:27:11,27.93,--,57,159201,买盘
2553,10:27:02,27.93,-0.03,12,33516,卖盘
2554,10:26:59,27.96,0.01,1,2796,买盘
2555,10:26:56,27.95,-0.01,5,13975,卖盘
2556,10:26:50,27.96,0.01,19,53124,买盘
2557,10:26:32,27.95,0.05,14,39130,买盘
2558,10:26:29,27.9,--,45,125550,买盘
2559,10:26:26,27.9,0.01,24,66960,买盘
2560,10:26:23,27.89,-0.01,106,295634,卖盘
2561,10:26:20,27.9,--,14,39060,买盘
2562,10:26:17,27.9,0.01,12,33480,买盘
2563,10:26:14,27.89,-0.01,4,11156,卖盘
2564,10:26:11,27.9,--,56,156240,买盘
2565,10:25:59,27.9,--,62,172980,买盘
2566,10:25:56,27.9,0.01,2,5580,买盘
2567,10:25:53,27.89,0.01,5,13945,卖盘
2568,10:25:50,27.88,0.02,104,289952,中性盘
2569,10:25:44,27.86,-0.02,4,11144,卖盘
2570,10:25:32,27.88,0.04,27,75276,买盘
2571,10:25:29,27.84,-0.04,13,36192,卖盘
2572,10:25:23,27.88,0.04,16,44608,买盘
2573,10:25:20,27.84,-0.04,182,506688,卖盘
2574,10:25:17,27.88,0.02,7,19516,中性盘
2575,10:25:14,27.86,0.03,60,167160,中性盘
2576,10:25:08,27.83,-0.06,576,1603008,卖盘
2577,10:25:05,27.89,0.01,10,27890,买盘
2578,10:25:02,27.88,--,5,13940,买盘
2579,10:24:56,27.88,--,1,2788,买盘
2580,10:24:53,27.88,-0.01,1,2788,买盘
2581,10:24:50,27.89,--,1,2789,买盘
2582,10:24:47,27.89,0.05,5,13945,买盘
2583,10:24:44,27.84,--,3,8352,卖盘
2584,10:24:41,27.84,--,0,1670,卖盘
2585,10:24:38,27.84,-0.05,22,61248,卖盘
2586,10:24:35,27.89,0.05,8,22312,买盘
2587,10:24:32,27.84,--,14,38976,卖盘
2588,10:24:29,27.84,-0.06,1,2784,卖盘
2589,10:24:26,27.9,--,5,13950,买盘
2590,10:24:23,27.9,--,81,225990,买盘
2591,10:24:14,27.9,--,630,1757700,买盘
2592,10:24:05,27.9,--,8,22320,买盘
2593,10:23:59,27.9,--,13,36270,买盘
2594,10:23:52,27.9,-0.02,191,532890,卖盘
2595,10:23:49,27.92,-0.03,6,16752,卖盘
2596,10:23:46,27.95,--,9,25155,买盘
2597,10:23:40,27.95,--,5,13975,买盘
2598,10:23:31,27.95,--,1,2795,买盘
2599,10:23:25,27.95,-0.01,14,39130,卖盘
2600,10:23:22,27.96,0.01,26,72696,买盘
2601,10:23:19,27.95,0.04,25,69875,买盘
2602,10:23:16,27.91,-0.04,3,8373,卖盘
2603,10:23:07,27.95,--,1,2795,买盘
2604,10:23:01,27.95,--,4,11180,卖盘
2605,10:22:58,27.95,--,7,19565,卖盘
2606,10:22:55,27.95,--,23,64285,买盘
2607,10:22:52,27.95,--,1,2795,买盘
2608,10:22:49,27.95,--,5,13975,买盘
2609,10:22:46,27.95,0.04,21,58695,买盘
2610,10:22:37,27.91,-0.05,121,337711,卖盘
2611,10:22:34,27.96,--,17,47532,卖盘
2612,10:22:31,27.96,0.01,4,11184,买盘
2613,10:22:25,27.95,--,7,19565,卖盘
2614,10:22:19,27.95,0.04,29,81055,买盘
2615,10:22:16,27.91,--,5,13955,买盘
2616,10:22:13,27.91,--,23,64193,买盘
2617,10:22:01,27.91,0.02,4,11164,买盘
2618,10:21:52,27.89,--,21,60828,买盘
2619,10:21:49,27.89,--,1,2789,买盘
2620,10:21:46,27.89,0.06,21,58569,买盘
2621,10:21:40,27.83,--,10,27830,买盘
2622,10:21:37,27.83,-0.03,5,13915,买盘
2623,10:21:34,27.86,-0.03,126,352233,卖盘
2624,10:21:28,27.89,0.03,4,11156,买盘
2625,10:21:25,27.86,0.01,253,704858,中性盘
2626,10:21:22,27.85,-0.04,27,75195,卖盘
2627,10:21:19,27.89,0.03,48,133872,买盘
2628,10:21:16,27.86,--,5,13930,买盘
2629,10:21:13,27.86,-0.13,237,660811,卖盘
2630,10:21:04,27.99,0.03,16,44784,买盘
2631,10:21:01,27.96,0.06,181,508340,买盘
2632,10:20:55,27.9,0.01,65,181350,买盘
2633,10:20:52,27.89,-0.01,2,5578,卖盘
2634,10:20:46,27.9,--,3,8370,买盘
2635,10:20:43,27.9,--,5,13950,买盘
2636,10:20:40,27.9,-0.06,161,449720,卖盘
2637,10:20:34,27.96,--,4,11184,中性盘
2638,10:20:31,27.96,-0.01,509,1423164,中性盘
2639,10:20:28,27.97,--,4,11188,买盘
2640,10:20:25,27.97,--,5,13985,买盘
2641,10:20:22,27.97,0.01,64,179008,买盘
2642,10:20:19,27.96,-0.01,506,1414776,卖盘
2643,10:20:16,27.97,0.01,6,16782,买盘
2644,10:20:13,27.96,-0.01,6,16776,卖盘
2645,10:20:10,27.97,--,24,67128,买盘
2646,10:19:58,27.97,0.01,19,53143,买盘
2647,10:19:55,27.96,--,32,89472,卖盘
2648,10:19:52,27.96,--,17,47532,卖盘
2649,10:19:49,27.96,--,30,83880,卖盘
2650,10:19:46,27.96,--,14,39144,卖盘
2651,10:19:43,27.96,--,14,39144,卖盘
2652,10:19:34,27.96,--,5,13980,卖盘
2653,10:19:31,27.96,--,7,19572,买盘
2654,10:19:25,27.96,--,2,5592,买盘
2655,10:19:22,27.96,--,54,150984,买盘
2656,10:19:16,27.96,--,2,5592,买盘
2657,10:19:13,27.96,-0.04,452,1263792,卖盘
2658,10:19:07,28.0,0.02,18,50400,买盘
2659,10:19:04,27.98,-0.02,19,53162,卖盘
2660,10:19:01,28.0,--,5,14000,买盘
2661,10:18:52,28.0,--,37,103600,卖盘
2662,10:18:49,28.0,-0.02,101,282800,卖盘
2663,10:18:46,28.02,0.02,10,28020,买盘
2664,10:18:40,28.0,-0.02,136,380800,卖盘
2665,10:18:37,28.02,0.01,3,8406,买盘
2666,10:18:28,28.01,-0.01,13,36413,卖盘
2667,10:18:25,28.02,--,5,14010,买盘
2668,10:18:22,28.02,--,48,134496,买盘
2669,10:18:16,28.02,--,12,33624,买盘
2670,10:18:13,28.02,--,33,92466,卖盘
2671,10:18:10,28.02,-0.03,1,2802,卖盘
2672,10:18:01,28.05,0.04,21,58905,买盘
2673,10:17:58,28.01,-0.01,33,92433,卖盘
2674,10:17:55,28.02,--,5,14010,买盘
2675,10:17:49,28.02,-0.03,46,128892,卖盘
2676,10:17:46,28.05,-0.01,226,633930,卖盘
2677,10:17:37,28.06,0.04,24,67344,买盘
2678,10:17:34,28.02,--,6,16812,卖盘
2679,10:17:31,28.02,-0.04,12,33624,卖盘
2680,10:17:28,28.06,0.01,51,143106,买盘
2681,10:17:25,28.05,--,3,8415,卖盘
2682,10:17:19,28.05,0.03,265,743325,买盘
2683,10:17:13,28.02,0.01,10,28020,卖盘
2684,10:17:10,28.01,0.01,18,50418,中性盘
2685,10:17:01,28.0,-0.02,210,588000,卖盘
2686,10:16:58,28.02,--,1,2802,买盘
2687,10:16:55,28.02,0.01,4,11208,中性盘
2688,10:16:43,28.01,-0.01,33,92433,卖盘
2689,10:16:34,28.02,0.01,37,103674,买盘
2690,10:16:31,28.01,--,8,22408,卖盘
2691,10:16:25,28.01,0.01,1,2801,买盘
2692,10:16:22,28.0,-0.01,2,5600,卖盘
2693,10:16:19,28.01,-0.05,1,2801,买盘
2694,10:16:16,28.06,0.05,52,145912,中性盘
2695,10:16:13,28.01,-0.06,1,2801,卖盘
2696,10:16:07,28.07,0.08,10,28070,买盘
2697,10:16:01,27.99,-0.02,200,559800,卖盘
2698,10:15:52,28.01,--,7,19607,卖盘
2699,10:15:40,28.01,0.01,49,137249,买盘
2700,10:15:37,28.0,-0.01,10,28000,卖盘
2701,10:15:31,28.01,--,2,5602,买盘
2702,10:15:28,28.01,--,13,36413,买盘
2703,10:15:25,28.01,0.01,4,11204,买盘
2704,10:15:22,28.0,--,3,8400,买盘
2705,10:15:19,28.0,0.01,6,16800,中性盘
2706,10:15:16,27.99,-0.01,887,2482713,卖盘
2707,10:15:13,28.0,--,16,44800,买盘
2708,10:15:07,28.0,--,19,53200,买盘
2709,10:15:04,28.0,--,50,140000,买盘
2710,10:14:58,28.0,--,6,16800,买盘
2711,10:14:55,28.0,--,22,61600,买盘
2712,10:14:52,28.0,--,14,39200,买盘
2713,10:14:49,28.0,--,89,249200,买盘
2714,10:14:43,28.0,--,279,781200,买盘
2715,10:14:40,28.0,0.01,14,39200,买盘
2716,10:14:37,27.99,-0.01,20,55980,卖盘
2717,10:14:34,28.0,--,49,137200,买盘
2718,10:14:31,28.0,--,148,414400,买盘
2719,10:14:28,28.0,--,10,28000,买盘
2720,10:14:25,28.0,0.01,35,98000,买盘
2721,10:14:16,27.99,-0.01,3,8397,卖盘
2722,10:14:13,28.0,--,58,162400,买盘
2723,10:14:04,28.0,0.02,4,11200,买盘
2724,10:14:01,27.98,--,130,363740,卖盘
2725,10:13:46,27.98,--,29,81142,买盘
2726,10:13:40,27.98,-0.01,1,2798,卖盘
2727,10:13:37,27.99,--,31,86769,买盘
2728,10:13:34,27.99,--,29,81171,买盘
2729,10:13:31,27.99,--,265,741735,买盘
2730,10:13:28,27.99,--,2,5598,买盘
2731,10:13:25,27.99,0.02,2,5598,买盘
2732,10:13:16,27.97,-0.02,4,11188,卖盘
2733,10:13:13,27.99,0.03,10,27990,买盘
2734,10:13:07,27.96,--,22,61512,卖盘
2735,10:13:04,27.96,--,2,5592,卖盘
2736,10:12:58,27.96,--,1,2796,卖盘
2737,10:12:52,27.96,0.01,17,47532,买盘
2738,10:12:49,27.95,--,54,150930,买盘
2739,10:12:46,27.95,-0.02,148,413660,卖盘
2740,10:12:40,27.97,--,60,167820,卖盘
2741,10:12:37,27.97,-0.01,70,195790,卖盘
2742,10:12:31,27.98,--,11,30778,卖盘
2743,10:12:28,27.98,0.02,39,109122,买盘
2744,10:12:25,27.96,-0.01,9,25164,卖盘
2745,10:12:19,27.97,--,2,5594,买盘
2746,10:12:16,27.97,--,34,95098,买盘
2747,10:12:13,27.97,-0.02,63,176211,卖盘
2748,10:12:07,27.99,0.01,538,1505862,买盘
2749,10:12:01,27.98,--,129,360942,卖盘
2750,10:11:58,27.98,-0.01,30,83940,卖盘
2751,10:11:55,27.99,0.01,2,5598,买盘
2752,10:11:52,27.98,--,20,55960,卖盘
2753,10:11:49,27.98,-0.01,11,30778,卖盘
2754,10:11:46,27.99,--,2,5598,买盘
2755,10:11:43,27.99,0.01,20,55980,买盘
2756,10:11:40,27.98,--,20,55960,卖盘
2757,10:11:37,27.98,--,71,198658,卖盘
2758,10:11:31,27.98,--,1,2798,卖盘
2759,10:11:25,27.98,-0.01,13,36374,卖盘
2760,10:11:22,27.99,0.01,20,55980,买盘
2761,10:11:19,27.98,-0.01,131,366538,卖盘
2762,10:11:13,27.99,0.01,2,5598,买盘
2763,10:11:10,27.98,-0.01,40,111920,卖盘
2764,10:11:04,27.99,0.01,50,139950,买盘
2765,10:11:01,27.98,-0.01,100,279800,卖盘
2766,10:10:58,27.99,0.02,14,39186,买盘
2767,10:10:52,27.97,--,6,16782,卖盘
2768,10:10:49,27.97,--,2,5594,卖盘
2769,10:10:46,27.97,-0.01,79,220963,卖盘
2770,10:10:43,27.98,-0.01,3,8394,卖盘
2771,10:10:40,27.99,0.04,3,8397,买盘
2772,10:10:37,27.95,-0.03,30,83850,卖盘
2773,10:10:31,27.98,-0.01,5,13990,中性盘
2774,10:10:22,27.99,0.04,24,67176,买盘
2775,10:10:19,27.95,-0.01,34,95030,卖盘
2776,10:10:07,27.96,--,5,13980,卖盘
2777,10:10:01,27.96,0.01,17,47532,买盘
