,time,price,change,volume,amount,type
0,15:00:24,25.75,--,3174,8173719,卖盘
1,14:57:42,25.75,--,0,0,买盘
2,14:57:03,25.75,0.01,42,108150,卖盘
3,14:57:00,25.74,--,55,141570,卖盘
4,14:56:57,25.74,-0.01,154,396396,卖盘
5,14:56:54,25.75,--,26,66950,买盘
6,14:56:51,25.75,--,34,87550,买盘
7,14:56:48,25.75,0.01,109,280675,买盘
8,14:56:45,25.74,--,18,46332,卖盘
9,14:56:39,25.74,0.01,35,90090,中性盘
10,14:56:36,25.73,-0.01,48,123504,卖盘
11,14:56:33,25.74,--,60,154440,卖盘
12,14:56:30,25.74,--,31,79794,卖盘
13,14:56:24,25.74,--,124,319176,买盘
14,14:56:21,25.74,--,22,56628,买盘
15,14:56:18,25.74,--,61,157014,买盘
16,14:56:15,25.74,--,42,108108,买盘
17,14:56:12,25.74,0.01,14,36036,买盘
18,14:56:09,25.73,--,44,113212,卖盘
19,14:56:06,25.73,-0.01,10,25730,卖盘
20,14:56:03,25.74,--,8,20592,卖盘
21,14:56:00,25.74,0.01,7,18018,卖盘
22,14:55:57,25.73,--,68,174964,买盘
23,14:55:54,25.73,--,134,344782,买盘
24,14:55:51,25.73,-0.01,25,64325,买盘
25,14:55:45,25.74,--,118,303732,买盘
26,14:55:42,25.74,0.01,62,159588,买盘
27,14:55:39,25.73,--,45,115785,卖盘
28,14:55:36,25.73,--,13,33449,卖盘
29,14:55:30,25.73,0.01,131,337063,买盘
30,14:55:27,25.72,-0.01,27,69444,卖盘
31,14:55:24,25.73,0.02,76,195548,买盘
32,14:55:21,25.71,--,21,53991,卖盘
33,14:55:18,25.71,0.01,38,97698,卖盘
34,14:55:15,25.7,-0.02,21,53970,卖盘
35,14:55:12,25.72,--,57,146604,买盘
36,14:55:09,25.72,0.01,13,33436,买盘
37,14:55:06,25.71,--,89,228819,买盘
38,14:55:03,25.71,--,13,33423,中性盘
39,14:55:00,25.71,0.01,124,318804,中性盘
40,14:54:57,25.7,-0.01,37,95090,卖盘
41,14:54:54,25.71,0.01,67,172257,买盘
42,14:54:51,25.7,-0.01,50,128500,卖盘
43,14:54:45,25.71,0.01,37,95127,买盘
44,14:54:42,25.7,-0.01,1,2570,卖盘
45,14:54:39,25.71,--,36,92556,买盘
46,14:54:36,25.71,0.01,18,46278,买盘
47,14:54:33,25.7,-0.01,53,136210,卖盘
48,14:54:30,25.71,0.01,107,275097,买盘
49,14:54:27,25.7,--,22,56540,卖盘
50,14:54:21,25.7,-0.01,125,321250,卖盘
51,14:54:18,25.71,0.01,11,28281,买盘
52,14:54:12,25.7,--,83,213310,卖盘
53,14:54:09,25.7,-0.01,81,208170,卖盘
54,14:54:06,25.71,0.01,203,521913,买盘
55,14:54:03,25.7,--,113,290410,卖盘
56,14:54:00,25.7,--,1,2570,卖盘
57,14:53:57,25.7,--,45,115650,买盘
58,14:53:54,25.7,--,10,25700,买盘
59,14:53:51,25.7,--,40,102800,卖盘
60,14:53:48,25.7,-0.01,47,120790,中性盘
61,14:53:45,25.71,0.01,32,82272,买盘
62,14:53:42,25.7,--,82,210740,买盘
63,14:53:39,25.7,--,43,110510,卖盘
64,14:53:36,25.7,-0.01,53,136210,卖盘
65,14:53:33,25.71,0.01,57,146547,买盘
66,14:53:30,25.7,--,49,125930,卖盘
67,14:53:24,25.7,--,8,20560,卖盘
68,14:53:21,25.7,--,24,61680,卖盘
69,14:53:18,25.7,0.01,81,208170,买盘
70,14:53:12,25.69,-0.01,19,48811,卖盘
71,14:53:09,25.7,--,31,79670,买盘
72,14:53:06,25.7,--,254,652780,买盘
73,14:53:03,25.7,--,12,30840,买盘
74,14:53:00,25.7,--,14,35980,买盘
75,14:52:57,25.7,0.01,115,295550,中性盘
76,14:52:54,25.69,-0.02,589,1513141,卖盘
77,14:52:48,25.71,0.01,163,419947,买盘
78,14:52:45,25.7,-0.01,19,50526,卖盘
79,14:52:42,25.71,0.01,31,79701,买盘
80,14:52:39,25.7,--,47,120790,卖盘
81,14:52:36,25.7,-0.01,22,56540,卖盘
82,14:52:33,25.71,0.01,53,136263,买盘
83,14:52:30,25.7,--,36,92520,卖盘
84,14:52:27,25.7,--,37,95963,买盘
85,14:52:24,25.7,0.01,48,123360,买盘
86,14:52:21,25.69,-0.01,38,97622,卖盘
87,14:52:15,25.7,--,51,131070,买盘
88,14:52:12,25.7,-0.01,319,821526,卖盘
89,14:52:09,25.71,-0.01,141,362511,卖盘
90,14:52:03,25.72,0.01,18,46296,买盘
91,14:52:00,25.71,0.01,106,272526,买盘
92,14:51:57,25.7,-0.01,193,496010,卖盘
93,14:51:54,25.71,--,48,123408,买盘
94,14:51:51,25.71,0.01,49,125979,中性盘
95,14:51:48,25.7,-0.01,158,406060,卖盘
96,14:51:45,25.71,-0.01,26,66846,卖盘
97,14:51:42,25.72,0.01,77,198918,买盘
98,14:51:39,25.71,--,86,221106,买盘
99,14:51:36,25.71,--,39,100269,买盘
100,14:51:33,25.71,--,18,46278,买盘
101,14:51:30,25.71,--,86,221106,买盘
102,14:51:27,25.71,--,92,236532,买盘
103,14:51:24,25.71,0.01,96,246816,买盘
104,14:51:21,25.7,--,37,95090,卖盘
105,14:51:15,25.7,--,124,318680,卖盘
106,14:51:12,25.7,--,42,107940,卖盘
107,14:51:09,25.7,--,14,35980,卖盘
108,14:51:06,25.7,0.01,572,1470040,买盘
109,14:51:03,25.69,--,7,17983,卖盘
110,14:51:00,25.69,-0.01,7,17983,卖盘
111,14:50:54,25.7,--,13,33410,买盘
112,14:50:51,25.7,0.01,121,310970,买盘
113,14:50:48,25.69,--,145,372505,买盘
114,14:50:45,25.69,--,142,364798,买盘
115,14:50:39,25.69,0.01,55,141295,买盘
116,14:50:36,25.68,-0.01,27,69336,卖盘
117,14:50:33,25.69,0.01,31,79639,买盘
118,14:50:30,25.68,-0.01,74,190032,卖盘
119,14:50:27,25.69,0.01,22,56518,买盘
120,14:50:21,25.68,--,3,7704,买盘
121,14:50:18,25.68,--,26,66768,买盘
122,14:50:15,25.68,--,77,197736,买盘
123,14:50:12,25.68,--,13,33384,买盘
124,14:50:09,25.68,0.01,66,169488,中性盘
125,14:50:06,25.67,-0.01,10,25670,卖盘
126,14:50:03,25.68,--,15,38520,卖盘
127,14:50:00,25.68,--,2,5136,卖盘
128,14:49:57,25.68,--,5,12840,卖盘
129,14:49:54,25.68,0.02,65,166920,买盘
130,14:49:51,25.66,-0.01,30,76980,卖盘
131,14:49:45,25.67,0.01,24,61608,买盘
132,14:49:42,25.66,-0.02,104,266864,卖盘
133,14:49:39,25.68,--,105,269640,买盘
134,14:49:33,25.68,0.01,69,177192,买盘
135,14:49:30,25.67,-0.01,24,61608,卖盘
136,14:49:24,25.68,--,13,33384,买盘
137,14:49:21,25.68,--,10,25680,买盘
138,14:49:18,25.68,-0.01,25,64200,买盘
139,14:49:15,25.69,0.01,827,2124563,买盘
140,14:49:12,25.68,--,13,33384,买盘
141,14:49:09,25.68,-0.02,374,962332,卖盘
142,14:49:06,25.7,--,25,64250,买盘
143,14:49:03,25.7,0.01,19,48830,买盘
144,14:49:00,25.69,--,45,115605,卖盘
145,14:48:54,25.69,--,93,238917,卖盘
146,14:48:51,25.69,--,39,100191,卖盘
147,14:48:48,25.69,--,142,365491,买盘
148,14:48:45,25.69,0.01,13,33397,买盘
149,14:48:42,25.68,--,22,56496,卖盘
150,14:48:36,25.68,-0.01,9,23112,卖盘
151,14:48:33,25.69,--,3,7707,买盘
152,14:48:30,25.69,--,236,606284,买盘
153,14:48:24,25.69,--,7,17983,买盘
154,14:48:21,25.69,-0.01,34,87346,卖盘
155,14:48:18,25.7,0.01,7,17990,买盘
156,14:48:15,25.69,--,57,146433,买盘
157,14:48:12,25.69,--,11,28259,卖盘
158,14:48:09,25.69,-0.01,17,43673,卖盘
159,14:48:06,25.7,--,3,7710,买盘
160,14:48:03,25.7,--,11,28270,买盘
161,14:48:00,25.7,--,51,131070,卖盘
162,14:47:54,25.7,--,15,38550,卖盘
163,14:47:51,25.7,--,83,213310,卖盘
164,14:47:48,25.7,--,21,53970,卖盘
165,14:47:45,25.7,--,13,33410,卖盘
166,14:47:42,25.7,0.01,112,287840,买盘
167,14:47:39,25.69,--,98,251762,卖盘
168,14:47:36,25.69,-0.01,41,105329,卖盘
169,14:47:33,25.7,--,34,87380,买盘
170,14:47:27,25.7,--,21,53970,买盘
171,14:47:24,25.7,--,10,25700,买盘
172,14:47:21,25.7,0.01,13,33410,买盘
173,14:47:18,25.69,-0.01,5,12845,卖盘
174,14:47:15,25.7,--,39,100230,买盘
175,14:47:12,25.7,--,35,89950,卖盘
176,14:47:09,25.7,--,4,10280,卖盘
177,14:47:06,25.7,--,117,300690,买盘
178,14:47:03,25.7,-0.01,74,190180,卖盘
179,14:47:00,25.71,0.01,22,56562,买盘
180,14:46:57,25.7,--,94,241580,卖盘
181,14:46:54,25.7,--,49,125930,卖盘
182,14:46:51,25.7,--,12,30840,卖盘
183,14:46:48,25.7,-0.01,32,82240,卖盘
184,14:46:45,25.71,0.01,261,671031,买盘
185,14:46:42,25.7,-0.01,6,15420,卖盘
186,14:46:39,25.71,--,5,12855,买盘
187,14:46:30,25.71,--,6,15426,买盘
188,14:46:27,25.71,--,31,79701,买盘
189,14:46:24,25.71,-0.02,281,724250,卖盘
190,14:46:18,25.73,0.01,10,25730,卖盘
191,14:46:15,25.72,--,24,61728,卖盘
192,14:46:12,25.72,--,195,501540,卖盘
193,14:46:09,25.72,--,9,23148,卖盘
194,14:46:00,25.72,--,32,82304,卖盘
195,14:45:57,25.72,-0.01,35,90020,卖盘
196,14:45:54,25.73,0.01,3,7719,买盘
197,14:45:51,25.72,--,5,12860,卖盘
198,14:45:48,25.72,-0.01,20,51440,卖盘
199,14:45:45,25.73,0.01,201,517173,买盘
200,14:45:42,25.72,--,22,56584,卖盘
201,14:45:36,25.72,--,5,12860,卖盘
202,14:45:33,25.72,--,34,87448,卖盘
203,14:45:30,25.72,-0.01,6,15432,卖盘
204,14:45:27,25.73,0.01,44,113983,买盘
205,14:45:24,25.72,--,3,7716,买盘
206,14:45:21,25.72,--,19,50668,卖盘
207,14:45:18,25.72,--,9,23148,卖盘
208,14:45:15,25.72,0.01,17,44495,买盘
209,14:45:12,25.71,-0.01,22,56562,卖盘
210,14:45:06,25.72,--,7,18004,买盘
211,14:45:03,25.72,--,4,10288,买盘
212,14:45:00,25.72,--,52,133744,买盘
213,14:44:57,25.72,0.01,43,110596,买盘
214,14:44:54,25.71,-0.01,32,82272,卖盘
215,14:44:51,25.72,--,6,15432,买盘
216,14:44:48,25.72,0.01,10,25720,买盘
217,14:44:45,25.71,--,10,25710,卖盘
218,14:44:42,25.71,--,17,43707,卖盘
219,14:44:39,25.71,--,8,20568,卖盘
220,14:44:33,25.71,--,172,442212,买盘
221,14:44:27,25.71,0.01,20,51420,买盘
222,14:44:21,25.7,-0.01,4,10280,卖盘
223,14:44:18,25.71,0.01,4,10284,买盘
224,14:44:15,25.7,--,4,10280,卖盘
225,14:44:12,25.7,0.01,100,257000,买盘
226,14:44:09,25.69,--,106,272314,买盘
227,14:44:06,25.69,--,2,5138,买盘
228,14:44:00,25.69,0.01,95,244055,买盘
229,14:43:54,25.68,--,6,15408,卖盘
230,14:43:51,25.68,--,43,110424,买盘
231,14:43:48,25.68,0.01,31,79608,买盘
232,14:43:45,25.67,-0.01,16,41072,卖盘
233,14:43:42,25.68,0.01,5,12840,买盘
234,14:43:39,25.67,0.01,193,495431,中性盘
235,14:43:36,25.66,-0.01,43,110338,卖盘
236,14:43:33,25.67,0.01,13,33371,买盘
237,14:43:30,25.66,--,13,33358,卖盘
238,14:43:27,25.66,--,25,64150,卖盘
239,14:43:24,25.66,0.02,45,117548,买盘
240,14:43:21,25.64,--,157,402548,卖盘
241,14:43:15,25.64,-0.01,19,48716,卖盘
242,14:43:12,25.65,-0.01,367,941355,卖盘
243,14:43:09,25.66,0.01,89,228374,买盘
244,14:43:06,25.65,-0.01,15,38475,卖盘
245,14:43:03,25.66,0.01,90,230940,买盘
246,14:43:00,25.65,--,257,659205,卖盘
247,14:42:57,25.65,--,3,7695,卖盘
248,14:42:51,25.65,-0.01,51,130815,卖盘
249,14:42:48,25.66,0.02,94,241204,买盘
250,14:42:45,25.64,-0.01,108,276912,卖盘
251,14:42:39,25.65,0.01,40,102600,买盘
252,14:42:36,25.64,-0.01,37,94868,卖盘
253,14:42:30,25.65,0.01,25,64125,买盘
254,14:42:27,25.64,--,6,15384,卖盘
255,14:42:24,25.64,--,5,12820,卖盘
256,14:42:21,25.64,-0.01,110,282040,卖盘
257,14:42:15,25.65,--,13,33345,买盘
258,14:42:12,25.65,--,63,161595,买盘
259,14:42:09,25.65,--,62,159030,买盘
260,14:42:06,25.65,--,2,5130,买盘
261,14:42:03,25.65,--,66,169290,买盘
262,14:42:00,25.65,--,67,171855,卖盘
263,14:41:57,25.65,--,53,135945,卖盘
264,14:41:54,25.65,--,27,69255,卖盘
265,14:41:51,25.65,--,56,143640,卖盘
266,14:41:48,25.65,--,15,38475,卖盘
267,14:41:42,25.65,-0.01,56,143640,卖盘
268,14:41:39,25.66,--,13,33358,买盘
269,14:41:36,25.66,--,55,141130,买盘
270,14:41:33,25.66,--,38,97508,买盘
271,14:41:30,25.66,-0.01,75,192937,卖盘
272,14:41:27,25.67,--,38,97546,买盘
273,14:41:24,25.67,0.01,11,28237,买盘
274,14:41:21,25.66,-0.02,285,731310,卖盘
275,14:41:12,25.68,--,2,5136,买盘
276,14:41:09,25.68,0.01,1,2568,买盘
277,14:41:06,25.67,-0.01,4,10268,卖盘
278,14:41:03,25.68,-0.01,255,654840,卖盘
279,14:41:00,25.69,-0.01,16,41104,卖盘
280,14:40:54,25.7,0.01,116,298120,买盘
281,14:40:51,25.69,-0.01,57,146433,卖盘
282,14:40:48,25.7,--,90,231300,卖盘
283,14:40:45,25.7,--,43,110510,卖盘
284,14:40:42,25.7,--,2,5140,卖盘
285,14:40:39,25.7,--,32,82240,卖盘
286,14:40:32,25.7,-0.01,11,28270,卖盘
287,14:40:29,25.71,--,22,56562,买盘
288,14:40:23,25.71,0.01,16,41136,买盘
289,14:40:20,25.7,-0.01,30,77100,卖盘
290,14:40:14,25.71,--,20,51420,卖盘
291,14:40:11,25.71,--,21,53991,卖盘
292,14:40:08,25.71,--,18,46278,卖盘
293,14:40:05,25.71,--,25,64275,卖盘
294,14:40:02,25.71,--,51,131121,卖盘
295,14:39:59,25.71,--,9,23139,卖盘
296,14:39:56,25.71,--,59,151689,卖盘
297,14:39:53,25.71,-0.01,15,38565,卖盘
298,14:39:50,25.72,0.01,23,59156,买盘
299,14:39:47,25.71,-0.01,32,82272,卖盘
300,14:39:44,25.72,--,112,288064,卖盘
301,14:39:38,25.72,--,58,149176,卖盘
302,14:39:35,25.72,--,155,398660,卖盘
303,14:39:32,25.72,--,4,10288,卖盘
304,14:39:29,25.72,--,40,102880,卖盘
305,14:39:23,25.72,-0.01,45,115740,卖盘
306,14:39:20,25.73,0.01,15,38595,买盘
307,14:39:14,25.72,--,9,23148,卖盘
308,14:39:11,25.72,-0.03,6,15432,卖盘
309,14:39:08,25.75,0.03,172,442900,买盘
310,14:39:05,25.72,-0.01,43,110596,卖盘
311,14:39:02,25.73,0.01,7,18011,买盘
312,14:38:59,25.72,--,1,2572,卖盘
313,14:38:56,25.72,--,25,64300,卖盘
314,14:38:53,25.72,--,11,28292,卖盘
315,14:38:50,25.72,-0.02,40,102880,卖盘
316,14:38:44,25.74,0.01,17,43758,买盘
317,14:38:41,25.73,0.01,5,12865,买盘
318,14:38:38,25.72,--,33,84876,卖盘
319,14:38:32,25.72,-0.01,45,115740,卖盘
320,14:38:23,25.73,-0.01,39,100347,卖盘
321,14:38:20,25.74,--,48,123551,买盘
322,14:38:17,25.74,0.01,12,30887,买盘
323,14:38:11,25.73,-0.01,49,126077,卖盘
324,14:38:08,25.74,--,37,95238,买盘
325,14:38:05,25.74,--,58,149292,买盘
326,14:38:02,25.74,0.01,11,28314,买盘
327,14:37:59,25.73,-0.01,10,25730,卖盘
328,14:37:56,25.74,0.01,21,54054,买盘
329,14:37:53,25.73,-0.01,252,648396,卖盘
330,14:37:50,25.74,0.01,126,324324,买盘
331,14:37:47,25.73,--,70,180110,买盘
332,14:37:41,25.73,--,13,33449,卖盘
333,14:37:38,25.73,0.01,41,105493,买盘
334,14:37:35,25.72,--,2,5144,卖盘
335,14:37:32,25.72,--,18,46296,卖盘
336,14:37:26,25.72,--,39,100308,买盘
337,14:37:23,25.72,--,68,174896,买盘
338,14:37:20,25.72,0.01,18,46296,买盘
339,14:37:17,25.71,--,7,17997,卖盘
340,14:37:14,25.71,--,9,23139,卖盘
341,14:37:11,25.71,--,3,7713,卖盘
342,14:37:08,25.71,--,21,53991,卖盘
343,14:37:02,25.71,--,51,131121,买盘
344,14:36:56,25.71,--,53,136263,买盘
345,14:36:53,25.71,--,188,483348,买盘
346,14:36:47,25.71,--,68,174828,买盘
347,14:36:44,25.71,--,90,231390,买盘
348,14:36:41,25.71,0.01,17,43707,买盘
349,14:36:38,25.7,-0.01,57,146490,卖盘
350,14:36:35,25.71,-0.01,3,7713,卖盘
351,14:36:32,25.72,0.01,42,108024,买盘
352,14:36:29,25.71,-0.01,40,102840,卖盘
353,14:36:26,25.72,--,45,115740,买盘
354,14:36:23,25.72,0.02,110,282920,买盘
355,14:36:20,25.7,-0.01,289,745274,卖盘
356,14:36:14,25.71,--,2,5167,卖盘
357,14:36:11,25.71,0.01,39,100269,买盘
358,14:36:08,25.7,-0.02,19,48830,卖盘
359,14:36:05,25.72,0.01,49,126028,买盘
360,14:36:02,25.71,--,31,79701,买盘
361,14:35:59,25.71,--,538,1383198,卖盘
362,14:35:53,25.71,--,90,231390,卖盘
363,14:35:47,25.71,-0.01,14,35994,卖盘
364,14:35:41,25.72,--,23,59156,买盘
365,14:35:38,25.72,0.01,14,36008,买盘
366,14:35:35,25.71,-0.01,51,131121,卖盘
367,14:35:32,25.72,--,3,7716,卖盘
368,14:35:29,25.72,--,14,36008,卖盘
369,14:35:23,25.72,--,5,12860,卖盘
370,14:35:20,25.72,--,20,51440,卖盘
371,14:35:17,25.72,-0.01,29,74588,卖盘
372,14:35:14,25.73,0.01,53,136369,买盘
373,14:35:11,25.72,0.01,43,110596,中性盘
374,14:35:08,25.71,-0.02,198,509058,卖盘
375,14:35:05,25.73,0.01,47,120931,买盘
376,14:35:02,25.72,--,83,213476,卖盘
377,14:34:59,25.72,--,46,118312,卖盘
378,14:34:56,25.72,-0.01,53,136316,卖盘
379,14:34:53,25.73,--,16,41168,买盘
380,14:34:44,25.73,-0.01,149,383377,卖盘
381,14:34:41,25.74,0.01,17,43758,买盘
382,14:34:38,25.73,--,28,72044,卖盘
383,14:34:35,25.73,-0.01,55,141515,卖盘
384,14:34:32,25.74,--,6,15443,买盘
385,14:34:29,25.74,--,52,133848,买盘
386,14:34:26,25.74,--,81,208494,买盘
387,14:34:23,25.74,--,44,113256,买盘
388,14:34:17,25.74,--,16,42393,卖盘
389,14:34:14,25.74,--,8,20592,卖盘
390,14:34:11,25.74,--,34,87516,卖盘
391,14:34:05,25.74,-0.02,32,82368,卖盘
392,14:34:02,25.76,--,2,5152,买盘
393,14:33:59,25.76,0.01,74,190624,买盘
394,14:33:56,25.75,--,15,38625,卖盘
395,14:33:53,25.75,-0.01,108,278100,卖盘
396,14:33:47,25.76,--,25,64400,卖盘
397,14:33:44,25.76,-0.01,112,288512,卖盘
398,14:33:41,25.77,--,3,7731,买盘
399,14:33:35,25.77,-0.01,68,175236,卖盘
400,14:33:32,25.78,0.01,31,79918,中性盘
401,14:33:29,25.77,--,679,1749783,卖盘
402,14:33:23,25.77,-0.01,42,108234,卖盘
403,14:33:20,25.78,--,26,67028,卖盘
404,14:33:17,25.78,-0.02,48,123744,卖盘
405,14:33:08,25.8,--,24,61920,买盘
406,14:33:05,25.8,--,73,190404,卖盘
407,14:33:02,25.8,-0.01,433,1117140,卖盘
408,14:32:59,25.81,--,64,165184,卖盘
409,14:32:56,25.81,--,35,90335,卖盘
410,14:32:53,25.81,0.01,482,1244042,买盘
411,14:32:50,25.8,--,40,104490,卖盘
412,14:32:47,25.8,--,6,15480,卖盘
413,14:32:44,25.8,-0.01,31,81786,卖盘
414,14:32:38,25.81,--,17,43877,买盘
415,14:32:35,25.81,--,2,5162,买盘
416,14:32:26,25.81,-0.01,14,36134,买盘
417,14:32:23,25.82,0.01,39,100698,买盘
418,14:32:20,25.81,-0.02,38,98078,卖盘
419,14:32:14,25.83,0.02,4,10332,买盘
420,14:32:11,25.81,-0.03,205,529105,卖盘
421,14:32:05,25.84,0.01,72,186048,买盘
422,14:32:02,25.83,--,9,23247,卖盘
423,14:31:59,25.83,--,10,25830,卖盘
424,14:31:56,25.83,--,10,25830,卖盘
425,14:31:53,25.83,-0.01,24,61991,卖盘
426,14:31:50,25.84,0.01,13,33592,买盘
427,14:31:47,25.83,--,2,5166,卖盘
428,14:31:44,25.83,--,4,10332,卖盘
429,14:31:41,25.83,--,34,87822,卖盘
430,14:31:38,25.83,--,29,74907,卖盘
431,14:31:35,25.83,--,25,64574,卖盘
432,14:31:32,25.83,--,10,25830,卖盘
433,14:31:29,25.83,--,3,7748,卖盘
434,14:31:26,25.83,--,33,85239,卖盘
435,14:31:23,25.83,-0.01,11,28412,卖盘
436,14:31:17,25.84,0.01,10,25840,买盘
437,14:31:14,25.83,-0.01,11,28412,卖盘
438,14:31:08,25.84,-0.01,32,82688,卖盘
439,14:31:05,25.85,0.01,15,38775,买盘
440,14:31:02,25.84,--,6,15504,卖盘
441,14:30:59,25.84,--,5,12920,卖盘
442,14:30:53,25.84,0.01,10,25840,中性盘
443,14:30:50,25.83,--,63,162729,卖盘
444,14:30:44,25.83,-0.02,9,23247,卖盘
445,14:30:38,25.85,0.02,37,95645,买盘
446,14:30:35,25.83,--,11,28412,卖盘
447,14:30:32,25.83,-0.02,3,7748,卖盘
448,14:30:29,25.85,--,7,18095,买盘
449,14:30:26,25.85,--,5,12925,买盘
450,14:30:23,25.85,--,2,5170,买盘
451,14:30:20,25.85,0.01,105,271425,买盘
452,14:30:17,25.84,-0.01,51,131784,卖盘
453,14:30:14,25.85,-0.01,52,134420,卖盘
454,14:30:11,25.86,--,30,77580,买盘
455,14:30:05,25.86,--,22,56892,买盘
456,14:29:56,25.86,--,24,62064,买盘
457,14:29:50,25.86,--,19,49134,买盘
458,14:29:47,25.86,--,5,12930,买盘
459,14:29:44,25.86,--,116,299976,卖盘
460,14:29:41,25.86,--,63,162918,卖盘
461,14:29:38,25.86,-0.01,35,90510,卖盘
462,14:29:35,25.87,--,15,38805,买盘
463,14:29:32,25.87,--,1,2587,买盘
464,14:29:29,25.87,-0.01,11,28457,买盘
465,14:29:26,25.88,--,1,2588,买盘
466,14:29:23,25.88,0.01,185,478780,买盘
467,14:29:20,25.87,--,6,15522,卖盘
468,14:29:17,25.87,-0.01,6,15522,卖盘
469,14:29:08,25.88,0.01,15,38820,买盘
470,14:29:05,25.87,0.01,48,124176,买盘
471,14:28:59,25.86,-0.01,3,7758,卖盘
472,14:28:56,25.87,0.01,2,5174,买盘
473,14:28:53,25.86,-0.01,2,5172,卖盘
474,14:28:50,25.87,--,28,72436,买盘
475,14:28:47,25.87,--,7,18109,买盘
476,14:28:44,25.87,0.01,37,95719,买盘
477,14:28:38,25.86,--,8,20688,卖盘
478,14:28:32,25.86,--,11,28446,卖盘
479,14:28:29,25.86,--,2,5172,卖盘
480,14:28:26,25.86,--,16,41376,买盘
481,14:28:23,25.86,--,3,7758,买盘
482,14:28:20,25.86,--,6,15516,买盘
483,14:28:17,25.86,--,11,28446,买盘
484,14:28:11,25.86,0.01,36,93096,买盘
485,14:28:05,25.85,--,99,255915,卖盘
486,14:28:02,25.85,--,1,2585,卖盘
487,14:27:59,25.85,--,102,263670,卖盘
488,14:27:56,25.85,0.01,100,258500,买盘
489,14:27:53,25.84,--,1,2584,买盘
490,14:27:47,25.84,-0.01,12,31008,中性盘
491,14:27:41,25.85,0.02,30,77550,买盘
492,14:27:32,25.83,-0.01,10,25830,卖盘
493,14:27:29,25.84,-0.01,7,18088,中性盘
494,14:27:26,25.85,0.02,32,82720,买盘
495,14:27:23,25.83,-0.01,7,18081,卖盘
496,14:27:20,25.84,--,10,25840,买盘
497,14:27:17,25.84,--,14,36176,买盘
498,14:27:14,25.84,--,8,20672,买盘
499,14:27:11,25.84,--,2,5168,买盘
500,14:27:08,25.84,-0.01,22,56848,卖盘
501,14:27:02,25.85,0.03,10,25850,买盘
502,14:26:59,25.82,-0.03,4,10328,卖盘
503,14:26:56,25.85,--,112,289520,买盘
504,14:26:53,25.85,0.01,1,2585,中性盘
505,14:26:47,25.84,-0.01,81,209304,卖盘
506,14:26:44,25.85,0.01,17,43945,买盘
507,14:26:38,25.84,-0.01,3,7752,中性盘
508,14:26:35,25.85,0.02,80,206800,买盘
509,14:26:32,25.83,-0.01,51,131733,卖盘
510,14:26:29,25.84,--,31,80104,买盘
511,14:26:26,25.84,0.01,63,162792,买盘
512,14:26:23,25.83,--,5,12915,卖盘
513,14:26:17,25.83,--,36,92988,卖盘
514,14:26:14,25.83,--,28,72324,卖盘
515,14:26:11,25.83,-0.01,48,123983,卖盘
516,14:26:08,25.84,--,2,5168,买盘
517,14:26:05,25.84,--,55,142120,卖盘
518,14:26:02,25.84,-0.01,8,20672,卖盘
519,14:25:59,25.85,--,3,7755,买盘
520,14:25:56,25.85,--,400,1034000,买盘
521,14:25:53,25.85,0.01,6,15510,买盘
522,14:25:50,25.84,-0.01,19,49096,卖盘
523,14:25:47,25.85,--,11,28435,买盘
524,14:25:44,25.85,--,4,10340,买盘
525,14:25:41,25.85,-0.02,26,67210,卖盘
526,14:25:35,25.87,--,2,5174,买盘
527,14:25:26,25.87,0.01,20,51740,买盘
528,14:25:23,25.86,-0.01,13,33618,卖盘
529,14:25:20,25.87,0.01,62,160394,买盘
530,14:25:17,25.86,-0.01,20,51720,卖盘
531,14:25:08,25.87,-0.01,2,5174,中性盘
532,14:25:02,25.88,--,10,25880,买盘
533,14:24:59,25.88,--,8,20704,买盘
534,14:24:56,25.88,0.03,101,261388,买盘
535,14:24:53,25.85,-0.03,2,5170,卖盘
536,14:24:50,25.88,--,3,7764,买盘
537,14:24:47,25.88,--,5,12940,买盘
538,14:24:44,25.88,--,4,10352,买盘
539,14:24:41,25.88,--,7,18116,买盘
540,14:24:38,25.88,-0.02,94,243272,卖盘
541,14:24:35,25.9,0.02,20,51800,买盘
542,14:24:32,25.88,-0.01,34,87992,卖盘
543,14:24:29,25.89,0.01,82,212298,买盘
544,14:24:26,25.88,--,12,31056,卖盘
545,14:24:20,25.88,--,1,2588,卖盘
546,14:24:17,25.88,--,33,85404,卖盘
547,14:24:14,25.88,0.03,26,67288,买盘
548,14:24:08,25.85,-0.03,4,10340,卖盘
549,14:24:05,25.88,--,4,10352,卖盘
550,14:24:02,25.88,0.01,121,313148,买盘
551,14:23:56,25.87,0.01,1,2587,中性盘
552,14:23:53,25.86,-0.02,11,28446,中性盘
553,14:23:50,25.88,0.01,116,300208,买盘
554,14:23:44,25.87,-0.01,7,18109,卖盘
555,14:23:41,25.88,--,6,15528,买盘
556,14:23:38,25.88,-0.01,72,186336,卖盘
557,14:23:35,25.89,--,50,129450,卖盘
558,14:23:32,25.89,-0.01,30,77670,卖盘
559,14:23:29,25.9,0.01,13,33670,买盘
560,14:23:26,25.89,--,5,12945,卖盘
561,14:23:20,25.89,-0.01,2,5178,卖盘
562,14:23:17,25.9,--,55,143227,卖盘
563,14:23:11,25.9,-0.02,896,2320640,卖盘
564,14:23:05,25.92,0.01,56,145152,买盘
565,14:23:02,25.91,--,50,129550,买盘
566,14:22:59,25.91,--,5,12955,中性盘
567,14:22:56,25.91,--,2,5182,卖盘
568,14:22:53,25.91,--,24,62184,卖盘
569,14:22:50,25.91,-0.01,37,95867,卖盘
570,14:22:47,25.92,0.01,90,233280,买盘
571,14:22:44,25.91,-0.01,11,28501,卖盘
572,14:22:38,25.92,--,45,116640,买盘
573,14:22:35,25.92,0.01,7,18144,买盘
574,14:22:29,25.91,-0.02,246,637386,卖盘
575,14:22:26,25.93,--,263,681959,卖盘
576,14:22:23,25.93,-0.01,45,116685,中性盘
577,14:22:20,25.94,0.02,110,285340,买盘
578,14:22:17,25.92,-0.01,22,57024,卖盘
579,14:22:14,25.93,--,68,176324,卖盘
580,14:22:08,25.93,0.03,298,772714,买盘
581,14:22:02,25.9,--,20,51800,卖盘
582,14:21:56,25.9,0.01,112,291893,买盘
583,14:21:53,25.89,--,11,28479,买盘
584,14:21:50,25.89,--,59,152751,买盘
585,14:21:47,25.89,0.01,77,199353,买盘
586,14:21:44,25.88,-0.02,55,142340,卖盘
587,14:21:41,25.9,--,107,277130,买盘
588,14:21:38,25.9,0.01,29,75110,买盘
589,14:21:32,25.89,--,48,124272,买盘
590,14:21:29,25.89,0.01,25,64725,买盘
591,14:21:26,25.88,0.02,5,12940,买盘
592,14:21:23,25.86,-0.02,45,116370,卖盘
593,14:21:20,25.88,--,13,33644,买盘
594,14:21:17,25.88,0.02,25,64700,买盘
595,14:21:14,25.86,--,5,12930,卖盘
596,14:21:11,25.86,-0.02,32,82752,卖盘
597,14:21:08,25.88,0.02,395,1022260,买盘
598,14:21:04,25.86,0.01,16,41376,买盘
599,14:21:01,25.85,--,7,18095,卖盘
600,14:20:58,25.85,--,2,5170,卖盘
601,14:20:55,25.85,0.02,25,64625,中性盘
602,14:20:43,25.83,0.01,13,33579,买盘
603,14:20:40,25.82,--,42,108444,买盘
604,14:20:37,25.82,--,30,77460,买盘
605,14:20:34,25.82,--,161,415702,买盘
606,14:20:31,25.82,--,7,18074,买盘
607,14:20:28,25.82,--,56,144592,卖盘
608,14:20:25,25.82,--,10,25820,卖盘
609,14:20:22,25.82,-0.03,13,33566,卖盘
610,14:20:19,25.85,--,3,7755,卖盘
611,14:20:16,25.85,0.03,1160,2998600,买盘
612,14:20:13,25.82,--,5,12910,买盘
613,14:20:07,25.82,0.02,93,240126,买盘
614,14:20:01,25.8,-0.02,1500,3870000,卖盘
615,14:19:58,25.82,0.01,3,7746,买盘
616,14:19:55,25.81,--,54,139374,买盘
617,14:19:52,25.81,--,4,10324,买盘
618,14:19:46,25.81,--,23,59363,买盘
619,14:19:40,25.81,--,2,5162,买盘
620,14:19:37,25.81,0.01,2,5162,买盘
621,14:19:34,25.8,-0.01,75,193500,卖盘
622,14:19:28,25.81,--,13,33553,买盘
623,14:19:25,25.81,--,148,381988,卖盘
624,14:19:22,25.81,-0.01,37,95497,卖盘
625,14:19:19,25.82,--,11,28402,买盘
626,14:19:13,25.82,--,50,129100,买盘
627,14:19:10,25.82,--,7,18074,买盘
628,14:19:04,25.82,--,12,30984,买盘
629,14:19:01,25.82,--,1,2582,买盘
630,14:18:58,25.82,--,2,5164,买盘
631,14:18:55,25.82,0.01,10,25820,买盘
632,14:18:52,25.81,-0.01,17,43877,卖盘
633,14:18:49,25.82,--,23,59386,买盘
634,14:18:46,25.82,--,4,10328,买盘
635,14:18:43,25.82,-0.01,124,320168,卖盘
636,14:18:40,25.83,--,4,10332,买盘
637,14:18:37,25.83,0.01,24,61991,买盘
638,14:18:31,25.82,--,5,12910,卖盘
639,14:18:28,25.82,--,19,49058,卖盘
640,14:18:25,25.82,--,398,1027687,卖盘
641,14:18:22,25.82,0.02,75,193650,买盘
642,14:18:19,25.8,--,6,15480,卖盘
643,14:18:16,25.8,--,10,25800,卖盘
644,14:18:13,25.8,--,4,10320,卖盘
645,14:18:10,25.8,--,18,46440,卖盘
646,14:18:07,25.8,0.01,7,18060,卖盘
647,14:18:04,25.79,--,191,494394,卖盘
648,14:18:01,25.79,-0.01,59,152161,卖盘
649,14:17:58,25.8,--,6,15480,买盘
650,14:17:52,25.8,--,6,15480,买盘
651,14:17:49,25.8,--,1,2580,买盘
652,14:17:46,25.8,-0.02,267,689634,卖盘
653,14:17:40,25.82,--,2,5164,买盘
654,14:17:37,25.82,0.01,36,92952,买盘
655,14:17:34,25.81,--,52,134212,卖盘
656,14:17:31,25.81,--,4,10324,卖盘
657,14:17:25,25.81,--,28,72268,卖盘
658,14:17:16,25.81,--,1,2581,卖盘
659,14:17:13,25.81,0.01,18,46458,买盘
660,14:17:10,25.8,-0.01,7,18060,卖盘
661,14:17:04,25.81,0.01,12,30972,买盘
662,14:16:58,25.8,--,7,18060,卖盘
663,14:16:55,25.8,--,194,502326,买盘
664,14:16:49,25.8,0.01,33,85140,买盘
665,14:16:46,25.79,-0.01,44,113476,卖盘
666,14:16:40,25.8,--,64,165120,买盘
667,14:16:37,25.8,--,59,152220,买盘
668,14:16:34,25.8,--,55,141900,买盘
669,14:16:31,25.8,--,3,7740,买盘
670,14:16:28,25.8,--,1,2580,买盘
671,14:16:25,25.8,--,12,30960,买盘
672,14:16:22,25.8,--,206,533544,卖盘
673,14:16:19,25.8,--,24,61920,卖盘
674,14:16:13,25.8,-0.01,26,67080,卖盘
675,14:16:07,25.81,0.01,61,157441,买盘
676,14:16:04,25.8,--,7,18060,卖盘
677,14:15:55,25.8,--,7,18576,买盘
678,14:15:52,25.8,0.01,158,407640,买盘
679,14:15:43,25.79,--,4,10316,卖盘
680,14:15:40,25.79,-0.01,2,5158,卖盘
681,14:15:37,25.8,0.02,101,260580,买盘
682,14:15:34,25.78,--,4,10312,卖盘
683,14:15:31,25.78,--,12,30936,卖盘
684,14:15:28,25.78,-0.02,2,5156,卖盘
685,14:15:25,25.8,--,48,123840,买盘
686,14:15:19,25.8,0.01,2,5160,买盘
687,14:15:16,25.79,--,81,208899,卖盘
688,14:15:13,25.79,0.01,237,611223,买盘
689,14:15:04,25.78,--,16,41248,卖盘
690,14:15:01,25.78,--,5,12890,卖盘
691,14:14:58,25.78,--,10,25780,买盘
692,14:14:55,25.78,--,3,7734,买盘
693,14:14:52,25.78,0.01,2,5156,中性盘
694,14:14:46,25.77,-0.01,67,172659,卖盘
695,14:14:43,25.78,--,18,46404,卖盘
696,14:14:40,25.78,--,57,146946,卖盘
697,14:14:37,25.78,--,20,51560,卖盘
698,14:14:34,25.78,0.01,3,7734,买盘
699,14:14:28,25.77,-0.01,286,737022,卖盘
700,14:14:19,25.78,--,1,2578,买盘
701,14:14:16,25.78,-0.01,76,195928,卖盘
702,14:14:13,25.79,--,7,18053,买盘
703,14:14:10,25.79,--,1,2579,买盘
704,14:14:07,25.79,--,2,5158,买盘
705,14:14:01,25.79,--,107,275953,买盘
706,14:13:55,25.79,--,13,33527,卖盘
707,14:13:52,25.79,--,48,123792,卖盘
708,14:13:49,25.79,--,16,41264,卖盘
709,14:13:46,25.79,-0.01,29,74791,卖盘
710,14:13:40,25.8,--,4,10320,买盘
711,14:13:37,25.8,0.01,5,12900,买盘
712,14:13:34,25.79,-0.01,15,38685,卖盘
713,14:13:31,25.8,0.01,100,258000,买盘
714,14:13:25,25.79,--,1,2579,卖盘
715,14:13:19,25.79,--,3,7737,卖盘
716,14:13:16,25.79,--,1,2579,卖盘
717,14:13:10,25.79,-0.01,3,7737,卖盘
718,14:13:07,25.8,0.01,49,126420,买盘
719,14:13:04,25.79,--,33,85107,卖盘
720,14:12:55,25.79,0.01,59,152161,买盘
721,14:12:52,25.78,-0.01,7,18046,卖盘
722,14:12:46,25.79,0.01,27,69633,买盘
723,14:12:43,25.78,-0.01,8,20624,卖盘
724,14:12:40,25.79,--,4,10316,买盘
725,14:12:34,25.79,--,5,12895,买盘
726,14:12:31,25.79,--,8,20632,买盘
727,14:12:28,25.79,-0.01,36,92844,卖盘
728,14:12:19,25.8,--,3,7740,买盘
729,14:12:13,25.8,--,205,530964,卖盘
730,14:12:10,25.8,--,36,92880,卖盘
731,14:12:07,25.8,--,20,51600,卖盘
732,14:12:04,25.8,--,73,188856,买盘
733,14:11:55,25.8,0.01,7,18060,买盘
734,14:11:52,25.79,-0.01,24,61896,卖盘
735,14:11:49,25.8,--,23,59340,买盘
736,14:11:46,25.8,--,25,64500,买盘
737,14:11:43,25.8,--,120,309600,买盘
738,14:11:34,25.8,-0.02,305,788964,卖盘
739,14:11:31,25.82,0.01,167,431710,买盘
740,14:11:25,25.81,0.01,20,51620,中性盘
741,14:11:19,25.8,--,6,15480,卖盘
742,14:11:13,25.8,--,39,100620,买盘
743,14:11:07,25.8,0.02,9,23220,买盘
744,14:11:04,25.78,-0.01,126,324828,卖盘
745,14:10:58,25.79,--,6,15474,买盘
746,14:10:52,25.79,--,18,46422,买盘
747,14:10:46,25.79,-0.03,2,5158,中性盘
748,14:10:40,25.82,0.02,113,291766,买盘
749,14:10:37,25.8,--,10,25800,买盘
750,14:10:34,25.8,--,161,415380,买盘
751,14:10:28,25.8,--,2,5160,买盘
752,14:10:22,25.8,0.01,27,69660,买盘
753,14:10:19,25.79,--,17,43843,买盘
754,14:10:16,25.79,-0.02,50,128950,卖盘
755,14:10:13,25.81,0.01,41,105821,买盘
756,14:10:10,25.8,0.01,1,2580,买盘
757,14:10:07,25.79,-0.01,54,139266,卖盘
758,14:10:01,25.8,0.01,20,51600,买盘
759,14:09:58,25.79,--,7,18053,卖盘
760,14:09:55,25.79,--,22,56738,卖盘
761,14:09:52,25.79,--,3,7737,卖盘
762,14:09:49,25.79,0.01,2,5158,中性盘
763,14:09:43,25.78,-0.02,179,461462,卖盘
764,14:09:40,25.8,--,122,314760,卖盘
765,14:09:37,25.8,0.02,258,665640,买盘
766,14:09:34,25.78,0.01,8,20624,买盘
767,14:09:31,25.77,-0.01,17,43809,卖盘
768,14:09:28,25.78,0.01,5,12890,买盘
769,14:09:25,25.77,-0.02,50,128850,卖盘
770,14:09:19,25.79,--,21,54159,买盘
771,14:09:13,25.79,0.02,533,1374607,买盘
772,14:09:10,25.77,--,13,33501,卖盘
773,14:09:07,25.77,0.02,10,25770,中性盘
774,14:08:58,25.75,--,30,77250,卖盘
775,14:08:55,25.75,-0.04,859,2211925,卖盘
776,14:08:52,25.79,--,2,5158,买盘
777,14:08:49,25.79,0.01,5,12895,中性盘
778,14:08:46,25.78,--,11,28358,卖盘
779,14:08:40,25.78,-0.01,8,20624,卖盘
780,14:08:37,25.79,--,35,90265,卖盘
781,14:08:34,25.79,0.01,87,224373,买盘
782,14:08:31,25.78,--,2,5156,卖盘
783,14:08:28,25.78,-0.01,37,95386,卖盘
784,14:08:22,25.79,0.03,7,18053,买盘
785,14:08:16,25.76,--,35,90160,卖盘
786,14:08:13,25.76,-0.03,23,59248,卖盘
787,14:08:04,25.79,0.01,60,154740,买盘
788,14:08:01,25.78,0.01,13,33514,买盘
789,14:07:58,25.77,--,20,51540,卖盘
790,14:07:55,25.77,--,42,108234,卖盘
791,14:07:52,25.77,-0.01,1,2577,卖盘
792,14:07:46,25.78,0.01,10,25780,中性盘
793,14:07:43,25.77,-0.01,10,25770,卖盘
794,14:07:40,25.78,--,38,97964,卖盘
795,14:07:37,25.78,--,1,2578,卖盘
796,14:07:34,25.78,--,11,28358,卖盘
797,14:07:31,25.78,--,30,77340,卖盘
798,14:07:28,25.78,--,16,41248,卖盘
799,14:07:25,25.78,--,15,38670,卖盘
800,14:07:22,25.78,--,90,232020,卖盘
801,14:07:19,25.78,--,68,175304,卖盘
802,14:07:16,25.78,--,37,95386,卖盘
803,14:07:13,25.78,--,67,172726,卖盘
804,14:07:10,25.78,--,9,23202,卖盘
805,14:07:07,25.78,--,36,92808,卖盘
806,14:07:04,25.78,--,17,43826,卖盘
807,14:06:58,25.78,--,9,23202,卖盘
808,14:06:52,25.78,-0.01,89,229442,卖盘
809,14:06:49,25.79,--,2,5158,买盘
810,14:06:46,25.79,--,4,10316,买盘
811,14:06:43,25.79,--,3,7737,买盘
812,14:06:40,25.79,--,25,64475,卖盘
813,14:06:37,25.79,--,18,46422,卖盘
814,14:06:34,25.79,--,32,82528,卖盘
815,14:06:31,25.79,-0.01,19,49001,卖盘
816,14:06:28,25.8,0.01,27,69660,买盘
817,14:06:25,25.79,--,15,38685,卖盘
818,14:06:22,25.79,--,30,77370,卖盘
819,14:06:19,25.79,-0.01,10,25790,卖盘
820,14:06:16,25.8,--,28,72240,买盘
821,14:06:10,25.8,--,60,154800,买盘
822,14:06:07,25.8,--,79,203820,卖盘
823,14:06:04,25.8,--,3,7740,卖盘
824,14:06:01,25.8,--,20,51600,卖盘
825,14:05:58,25.8,--,75,193500,卖盘
826,14:05:55,25.8,-0.01,13,33540,卖盘
827,14:05:49,25.81,--,2,5162,买盘
828,14:05:46,25.81,--,9,23229,买盘
829,14:05:43,25.81,-0.01,13,35617,卖盘
830,14:05:40,25.82,0.01,54,139428,买盘
831,14:05:37,25.81,--,11,28391,卖盘
832,14:05:34,25.81,--,14,36134,卖盘
833,14:05:31,25.81,-0.01,6,15486,卖盘
834,14:05:25,25.82,0.01,1,2582,中性盘
835,14:05:19,25.81,-0.01,23,59363,卖盘
836,14:05:16,25.82,--,16,41828,买盘
837,14:05:07,25.82,--,5,12910,买盘
838,14:05:01,25.82,-0.01,14,38213,卖盘
839,14:04:52,25.83,0.01,30,77490,中性盘
840,14:04:49,25.82,--,4,10328,卖盘
841,14:04:46,25.82,--,20,51640,卖盘
842,14:04:37,25.82,-0.02,2,5164,卖盘
843,14:04:34,25.84,--,10,25840,买盘
844,14:04:25,25.84,--,27,69768,买盘
845,14:04:22,25.84,--,9,23256,买盘
846,14:04:13,25.84,0.02,37,95608,买盘
847,14:04:10,25.82,-0.02,5,12910,卖盘
848,14:04:07,25.84,0.02,50,129200,买盘
849,14:04:04,25.82,-0.02,85,219470,卖盘
850,14:04:01,25.84,0.01,67,173128,买盘
851,14:03:58,25.83,-0.01,31,80073,卖盘
852,14:03:52,25.84,0.02,17,43928,买盘
853,14:03:49,25.82,-0.02,5,12910,卖盘
854,14:03:37,25.84,0.01,20,51680,买盘
855,14:03:31,25.83,0.01,2,5166,中性盘
856,14:03:28,25.82,-0.02,4,10328,卖盘
857,14:03:25,25.84,0.01,10,25840,买盘
858,14:03:19,25.83,--,2,5166,买盘
859,14:03:16,25.83,--,19,49077,卖盘
860,14:03:13,25.83,--,25,64574,卖盘
861,14:03:10,25.83,-0.01,112,289296,卖盘
862,14:03:07,25.84,--,2,5168,卖盘
863,14:03:04,25.84,--,31,80104,买盘
864,14:03:01,25.84,0.02,2,5168,买盘
865,14:02:58,25.82,--,13,33566,卖盘
866,14:02:55,25.82,-0.02,26,67132,卖盘
867,14:02:52,25.84,0.01,35,90440,买盘
868,14:02:49,25.83,-0.01,18,46494,中性盘
869,14:02:46,25.84,0.01,47,121448,买盘
870,14:02:40,25.83,-0.01,11,28412,中性盘
871,14:02:37,25.84,0.01,34,87856,买盘
872,14:02:31,25.83,-0.01,2,5166,卖盘
873,14:02:28,25.84,--,10,25840,买盘
874,14:02:22,25.84,--,14,36176,买盘
875,14:02:19,25.84,--,13,33592,卖盘
876,14:02:16,25.84,--,55,142120,卖盘
877,14:02:13,25.84,--,53,136952,卖盘
878,14:02:10,25.84,--,4,10336,卖盘
879,14:02:07,25.84,--,2,5168,卖盘
880,14:02:04,25.84,--,6,15504,卖盘
881,14:02:01,25.84,0.02,23,59432,买盘
882,14:01:55,25.82,-0.01,38,98116,卖盘
883,14:01:52,25.83,0.03,110,284646,买盘
884,14:01:40,25.8,--,5,12900,卖盘
885,14:01:34,25.8,-0.01,239,616620,买盘
886,14:01:25,25.81,0.01,50,129050,买盘
887,14:01:21,25.8,0.01,1,2580,买盘
888,14:01:18,25.79,-0.01,173,446167,卖盘
889,14:01:15,25.8,-0.03,154,397320,卖盘
890,14:01:09,25.83,0.03,151,390033,买盘
891,14:01:03,25.8,-0.01,16,41280,卖盘
892,14:01:00,25.81,0.01,68,175508,买盘
893,14:00:57,25.8,--,4,10320,卖盘
894,14:00:54,25.8,0.01,3,7740,中性盘
895,14:00:48,25.79,--,91,234689,卖盘
896,14:00:45,25.79,-0.01,68,175372,卖盘
897,14:00:42,25.8,0.01,7,18060,买盘
898,14:00:39,25.79,-0.01,30,77370,卖盘
899,14:00:33,25.8,0.01,8,20640,买盘
900,14:00:27,25.79,-0.01,81,208899,卖盘
901,14:00:24,25.8,--,32,82560,卖盘
902,14:00:21,25.8,0.01,143,368940,买盘
903,14:00:15,25.79,-0.01,7,18053,卖盘
904,14:00:12,25.8,0.01,4,10320,买盘
905,14:00:09,25.79,-0.02,73,188267,卖盘
906,14:00:06,25.81,0.02,20,51620,买盘
907,14:00:00,25.79,-0.01,5,12895,卖盘
908,13:59:57,25.8,--,42,108360,卖盘
909,13:59:51,25.8,-0.01,15,38700,卖盘
910,13:59:48,25.81,0.01,10,25810,买盘
911,13:59:45,25.8,--,20,51600,卖盘
912,13:59:42,25.8,--,5,12900,卖盘
913,13:59:39,25.8,--,10,25800,卖盘
914,13:59:36,25.8,--,74,190920,买盘
915,13:59:30,25.8,--,2,5160,买盘
916,13:59:27,25.8,--,4,10320,卖盘
917,13:59:24,25.8,--,7,18060,买盘
918,13:59:21,25.8,-0.01,29,74820,卖盘
919,13:59:18,25.81,0.01,28,72268,买盘
920,13:59:15,25.8,-0.01,54,139320,卖盘
921,13:59:12,25.81,0.01,8,20648,买盘
922,13:59:06,25.8,-0.01,7,18060,卖盘
923,13:59:03,25.81,0.01,58,149698,买盘
924,13:59:00,25.8,-0.01,5,12900,卖盘
925,13:58:57,25.81,--,51,131631,买盘
926,13:58:51,25.81,--,479,1236299,卖盘
927,13:58:45,25.81,--,22,56782,卖盘
928,13:58:42,25.81,--,17,43877,卖盘
929,13:58:39,25.81,--,164,423284,买盘
930,13:58:33,25.81,--,34,87754,买盘
931,13:58:30,25.81,--,20,51620,买盘
932,13:58:27,25.81,--,15,38715,买盘
933,13:58:21,25.81,--,3,7743,卖盘
934,13:58:18,25.81,--,3,7743,卖盘
935,13:58:15,25.81,-0.01,33,85173,卖盘
936,13:58:12,25.82,0.01,22,56804,买盘
937,13:58:09,25.81,--,8,20648,中性盘
938,13:57:48,25.81,-0.01,16,41296,卖盘
939,13:57:42,25.82,--,4,10328,卖盘
940,13:57:39,25.82,0.02,44,113608,买盘
941,13:57:36,25.8,-0.01,470,1212600,卖盘
942,13:57:33,25.81,--,27,69687,卖盘
943,13:57:27,25.81,--,10,25810,卖盘
944,13:57:24,25.81,0.01,199,513619,买盘
945,13:57:18,25.8,--,9,23220,卖盘
946,13:57:15,25.8,-0.01,103,265740,卖盘
947,13:57:12,25.81,--,46,118726,买盘
948,13:57:09,25.81,0.01,35,90335,买盘
949,13:57:06,25.8,-0.01,38,98040,卖盘
950,13:57:00,25.81,0.01,10,25810,中性盘
951,13:56:57,25.8,-0.01,62,159960,卖盘
952,13:56:54,25.81,0.01,44,113564,买盘
953,13:56:51,25.8,--,14,36120,卖盘
954,13:56:45,25.8,-0.01,1,2580,卖盘
955,13:56:42,25.81,0.01,62,160022,买盘
956,13:56:33,25.8,--,20,51600,买盘
957,13:56:30,25.8,--,51,131580,卖盘
958,13:56:27,25.8,-0.03,125,322500,卖盘
959,13:56:21,25.83,--,2,5166,买盘
960,13:56:15,25.83,0.02,127,328041,买盘
961,13:56:12,25.81,0.01,10,25810,中性盘
962,13:56:09,25.8,--,38,98040,卖盘
963,13:56:06,25.8,-0.01,303,781740,卖盘
964,13:56:03,25.81,--,55,141955,卖盘
965,13:56:00,25.81,0.01,12,30972,买盘
966,13:55:57,25.8,--,3,7740,卖盘
967,13:55:51,25.8,--,19,49020,买盘
968,13:55:48,25.8,0.01,13,33540,买盘
969,13:55:45,25.79,--,5,12895,卖盘
970,13:55:42,25.79,--,7,18053,卖盘
971,13:55:39,25.79,0.01,15,38685,中性盘
972,13:55:36,25.78,--,63,162414,卖盘
973,13:55:30,25.78,-0.02,3,7734,卖盘
974,13:55:21,25.8,0.02,38,98040,买盘
975,13:55:18,25.78,--,10,25780,卖盘
976,13:55:15,25.78,-0.01,87,224286,卖盘
977,13:55:12,25.79,--,23,59317,卖盘
978,13:55:09,25.79,-0.01,14,36106,卖盘
979,13:55:06,25.8,--,33,85140,买盘
980,13:55:03,25.8,--,26,67080,卖盘
981,13:55:00,25.8,--,10,25800,卖盘
982,13:54:57,25.8,--,42,108360,卖盘
983,13:54:54,25.8,--,13,33540,卖盘
984,13:54:51,25.8,--,62,159960,卖盘
985,13:54:48,25.8,--,49,126420,卖盘
986,13:54:45,25.8,--,24,61920,买盘
987,13:54:42,25.8,--,14,36120,卖盘
988,13:54:39,25.8,--,7,18060,卖盘
989,13:54:36,25.8,--,13,33540,卖盘
990,13:54:33,25.8,--,10,25800,卖盘
991,13:54:27,25.8,-0.02,14,36120,卖盘
992,13:54:24,25.82,0.01,2,5164,买盘
993,13:54:21,25.81,-0.02,10,25810,中性盘
994,13:54:15,25.83,--,62,160146,买盘
995,13:54:09,25.83,0.01,510,1317330,买盘
996,13:54:06,25.82,-0.01,42,108444,卖盘
997,13:53:57,25.83,-0.01,70,180810,卖盘
998,13:53:51,25.84,--,105,271320,买盘
999,13:53:42,25.84,--,18,46512,卖盘
1000,13:53:39,25.84,--,22,56848,卖盘
1001,13:53:36,25.84,--,4,10336,卖盘
1002,13:53:33,25.84,-0.01,50,129200,卖盘
1003,13:53:24,25.85,--,23,59455,买盘
1004,13:53:21,25.85,--,14,36190,卖盘
1005,13:53:18,25.85,--,23,59455,卖盘
1006,13:53:15,25.85,-0.01,2,5170,卖盘
1007,13:53:12,25.86,0.01,15,38790,买盘
1008,13:53:09,25.85,--,6,15510,卖盘
1009,13:53:03,25.85,--,10,25850,卖盘
1010,13:53:00,25.85,--,25,64625,卖盘
1011,13:52:57,25.85,-0.01,10,25850,卖盘
1012,13:52:54,25.86,--,10,25860,买盘
1013,13:52:51,25.86,--,30,77580,买盘
1014,13:52:42,25.86,--,86,222396,卖盘
1015,13:52:39,25.86,-0.01,120,310320,卖盘
1016,13:52:36,25.87,0.01,11,28457,买盘
1017,13:52:33,25.86,--,4,10344,卖盘
1018,13:52:30,25.86,-0.01,26,67236,卖盘
1019,13:52:21,25.87,--,6,15522,买盘
1020,13:52:18,25.87,-0.01,120,310440,卖盘
1021,13:52:15,25.88,--,1,2588,买盘
1022,13:52:09,25.88,-0.01,2,5176,买盘
1023,13:52:06,25.89,--,3,7767,买盘
1024,13:52:03,25.89,0.01,170,440440,买盘
1025,13:52:00,25.88,--,12,31056,卖盘
1026,13:51:54,25.88,--,11,28468,卖盘
1027,13:51:51,25.88,--,5,12940,卖盘
1028,13:51:48,25.88,-0.01,20,51760,卖盘
1029,13:51:45,25.89,0.01,314,812946,中性盘
1030,13:51:36,25.88,--,60,155280,卖盘
1031,13:51:33,25.88,-0.02,75,196377,买盘
1032,13:51:30,25.9,0.03,407,1054130,买盘
1033,13:51:27,25.87,-0.02,34,87958,卖盘
1034,13:51:24,25.89,0.01,3,7767,买盘
1035,13:51:21,25.88,--,3,7764,卖盘
1036,13:51:18,25.88,--,14,36232,买盘
1037,13:51:15,25.88,-0.01,27,69876,卖盘
1038,13:51:12,25.89,--,2,5178,买盘
1039,13:51:09,25.89,0.02,1,2589,买盘
1040,13:51:06,25.87,-0.01,50,129350,卖盘
1041,13:51:03,25.88,-0.01,25,64700,卖盘
1042,13:51:00,25.89,--,5,12945,卖盘
1043,13:50:57,25.89,--,1,2589,卖盘
1044,13:50:54,25.89,-0.01,10,25890,卖盘
1045,13:50:45,25.9,--,92,238590,卖盘
1046,13:50:42,25.9,--,156,404040,卖盘
1047,13:50:39,25.9,--,86,222740,卖盘
1048,13:50:36,25.9,--,80,207200,卖盘
1049,13:50:33,25.9,--,6,15540,卖盘
1050,13:50:30,25.9,--,74,193965,卖盘
1051,13:50:27,25.9,--,24,62160,卖盘
1052,13:50:24,25.9,--,14,36260,卖盘
1053,13:50:21,25.9,-0.01,14,36260,卖盘
1054,13:50:18,25.91,0.01,30,77730,买盘
1055,13:50:15,25.9,--,40,103600,卖盘
1056,13:50:12,25.9,--,7,18130,卖盘
1057,13:50:09,25.9,-0.01,13,33670,卖盘
1058,13:50:06,25.91,0.01,49,126959,买盘
1059,13:50:03,25.9,--,7,18130,卖盘
1060,13:50:00,25.9,-0.01,210,543900,卖盘
1061,13:49:57,25.91,--,6,15546,买盘
1062,13:49:54,25.91,--,52,134732,卖盘
1063,13:49:51,25.91,-0.01,18,46638,卖盘
1064,13:49:48,25.92,--,1,2592,买盘
1065,13:49:45,25.92,0.01,17,44064,买盘
1066,13:49:42,25.91,-0.01,47,121777,卖盘
1067,13:49:36,25.92,--,2,5184,买盘
1068,13:49:30,25.92,0.02,6,15552,买盘
1069,13:49:27,25.9,-0.03,86,222740,卖盘
1070,13:49:24,25.93,-0.01,55,142615,卖盘
1071,13:49:21,25.94,0.02,9,23346,买盘
1072,13:49:18,25.92,-0.01,66,171072,中性盘
1073,13:49:15,25.93,--,62,160766,买盘
1074,13:49:12,25.93,--,40,103720,买盘
1075,13:49:09,25.93,--,14,36302,买盘
1076,13:49:06,25.93,--,2,5186,买盘
1077,13:49:00,25.93,--,4,10372,买盘
1078,13:48:57,25.93,--,11,28523,买盘
1079,13:48:54,25.93,-0.01,5,12965,中性盘
1080,13:48:51,25.94,0.01,127,329438,买盘
1081,13:48:45,25.93,--,32,82976,卖盘
1082,13:48:42,25.93,--,28,72604,卖盘
1083,13:48:39,25.93,--,3,7779,卖盘
1084,13:48:36,25.93,--,16,41488,卖盘
1085,13:48:33,25.93,0.03,351,910143,买盘
1086,13:48:27,25.9,-0.01,6,15540,卖盘
1087,13:48:24,25.91,-0.01,201,520791,卖盘
1088,13:48:21,25.92,0.01,28,72576,买盘
1089,13:48:18,25.91,--,25,64775,买盘
1090,13:48:15,25.91,--,109,282419,买盘
1091,13:48:12,25.91,--,18,46638,买盘
1092,13:48:09,25.91,-0.01,4,10364,买盘
1093,13:48:06,25.92,0.01,46,119232,买盘
1094,13:48:00,25.91,--,3,7773,卖盘
1095,13:47:57,25.91,--,12,31092,卖盘
1096,13:47:54,25.91,--,27,69957,卖盘
1097,13:47:51,25.91,--,39,101049,卖盘
1098,13:47:45,25.91,-0.01,5,12955,卖盘
1099,13:47:42,25.92,--,2,5184,买盘
1100,13:47:36,25.92,-0.01,252,653184,卖盘
1101,13:47:30,25.93,--,1,2593,买盘
1102,13:47:27,25.93,--,18,46674,买盘
1103,13:47:18,25.93,--,78,202254,卖盘
1104,13:47:15,25.93,--,1,2593,卖盘
1105,13:47:12,25.93,-0.02,37,95941,卖盘
1106,13:47:06,25.95,--,3,7785,买盘
1107,13:47:03,25.95,--,15,38925,买盘
1108,13:47:00,25.95,0.02,29,75255,买盘
1109,13:46:57,25.93,-0.02,42,108906,卖盘
1110,13:46:54,25.95,--,43,111585,买盘
1111,13:46:48,25.95,--,428,1110660,卖盘
1112,13:46:45,25.95,--,105,272475,买盘
1113,13:46:42,25.95,--,145,376275,卖盘
1114,13:46:39,25.95,--,10,25950,卖盘
1115,13:46:36,25.95,--,18,46710,卖盘
1116,13:46:33,25.95,-0.01,311,807045,卖盘
1117,13:46:27,25.96,--,34,88264,卖盘
1118,13:46:24,25.96,--,3,7788,卖盘
1119,13:46:21,25.96,0.01,138,358248,买盘
1120,13:46:18,25.95,--,2,5190,买盘
1121,13:46:15,25.95,--,30,77850,买盘
1122,13:46:09,25.95,--,20,51900,卖盘
1123,13:46:06,25.95,-0.01,17,44115,卖盘
1124,13:46:03,25.96,0.01,5,12980,买盘
1125,13:46:00,25.95,--,23,59685,买盘
1126,13:45:57,25.95,0.02,29,75255,买盘
1127,13:45:54,25.93,-0.01,167,433031,卖盘
1128,13:45:51,25.94,0.01,21,54474,买盘
1129,13:45:48,25.93,0.01,49,127057,中性盘
1130,13:45:45,25.92,--,48,124416,卖盘
1131,13:45:42,25.92,--,10,25920,卖盘
1132,13:45:39,25.92,--,23,59616,卖盘
1133,13:45:36,25.92,0.01,23,59616,买盘
1134,13:45:33,25.91,-0.01,2,5182,卖盘
1135,13:45:30,25.92,0.01,41,106272,买盘
1136,13:45:27,25.91,--,3,7773,买盘
1137,13:45:24,25.91,0.01,11,28501,买盘
1138,13:45:21,25.9,0.01,269,699274,买盘
1139,13:45:15,25.89,-0.01,306,792234,卖盘
1140,13:45:12,25.9,--,15,38850,买盘
1141,13:45:09,25.9,--,1,2590,买盘
1142,13:45:06,25.9,--,105,271950,买盘
1143,13:45:00,25.9,0.01,197,510230,买盘
1144,13:44:54,25.89,0.04,419,1084791,买盘
1145,13:44:48,25.85,--,7,18095,卖盘
1146,13:44:45,25.85,-0.01,6,15510,卖盘
1147,13:44:42,25.86,0.01,201,520639,买盘
1148,13:44:39,25.85,--,40,103400,买盘
1149,13:44:36,25.85,--,20,51700,买盘
1150,13:44:33,25.85,0.02,119,307615,买盘
1151,13:44:30,25.83,--,34,87822,买盘
1152,13:44:27,25.83,-0.02,128,330624,卖盘
1153,13:44:21,25.85,0.02,8,20680,买盘
1154,13:44:18,25.83,-0.02,123,317709,卖盘
1155,13:44:15,25.85,--,41,105985,买盘
1156,13:44:12,25.85,0.02,25,64625,买盘
1157,13:44:09,25.83,0.01,12,30995,中性盘
1158,13:44:06,25.82,-0.01,50,129100,卖盘
1159,13:44:00,25.83,0.01,14,36162,买盘
1160,13:43:57,25.82,-0.01,7,18074,卖盘
1161,13:43:51,25.83,--,53,136899,卖盘
1162,13:43:48,25.83,--,30,77490,卖盘
1163,13:43:42,25.83,--,26,67158,卖盘
1164,13:43:39,25.83,--,2,5166,卖盘
1165,13:43:36,25.83,0.01,116,299628,买盘
1166,13:43:33,25.82,--,12,30984,买盘
1167,13:43:30,25.82,0.01,4,10328,中性盘
1168,13:43:24,25.81,-0.01,1834,4733554,卖盘
1169,13:43:15,25.82,-0.01,10,25820,中性盘
1170,13:43:09,25.83,--,155,400365,买盘
1171,13:43:03,25.83,0.01,30,77490,买盘
1172,13:43:00,25.82,--,37,95534,卖盘
1173,13:42:57,25.82,--,22,56804,卖盘
1174,13:42:54,25.82,--,23,59386,卖盘
1175,13:42:48,25.82,--,12,30984,卖盘
1176,13:42:45,25.82,--,5,12910,卖盘
1177,13:42:39,25.82,-0.01,22,56804,卖盘
1178,13:42:35,25.83,--,34,87822,买盘
1179,13:42:32,25.83,--,15,38745,买盘
1180,13:42:29,25.83,--,48,123983,卖盘
1181,13:42:26,25.83,--,23,59408,卖盘
1182,13:42:23,25.83,0.01,109,281547,买盘
1183,13:42:20,25.82,-0.01,108,278856,卖盘
1184,13:42:14,25.83,0.01,1,2583,买盘
1185,13:42:11,25.82,0.01,45,116190,中性盘
1186,13:42:08,25.81,--,17,43877,卖盘
1187,13:42:05,25.81,--,30,77430,卖盘
1188,13:42:02,25.81,0.01,32,82592,买盘
1189,13:41:59,25.8,--,50,129000,卖盘
1190,13:41:56,25.8,-0.01,2,5160,卖盘
1191,13:41:53,25.81,--,17,43877,买盘
1192,13:41:50,25.81,--,1,2581,买盘
1193,13:41:44,25.81,-0.02,36,92916,卖盘
1194,13:41:41,25.83,--,30,77490,买盘
1195,13:41:38,25.83,--,40,103320,买盘
1196,13:41:35,25.83,--,6,15497,买盘
1197,13:41:29,25.83,--,24,61991,卖盘
1198,13:41:23,25.83,--,62,160146,卖盘
1199,13:41:17,25.83,0.03,30,77490,买盘
1200,13:41:14,25.8,-0.03,9,23220,卖盘
1201,13:41:11,25.83,--,7,18081,买盘
1202,13:41:08,25.83,--,30,77490,卖盘
1203,13:41:05,25.83,-0.01,11,28412,卖盘
1204,13:41:02,25.84,0.01,200,516800,买盘
1205,13:40:59,25.83,--,49,126566,买盘
1206,13:40:53,25.83,--,50,129149,买盘
1207,13:40:50,25.83,-0.01,31,80073,卖盘
1208,13:40:47,25.84,--,20,51680,买盘
1209,13:40:41,25.84,0.01,14,36176,买盘
1210,13:40:32,25.83,--,15,38745,卖盘
1211,13:40:29,25.83,--,10,25830,卖盘
1212,13:40:26,25.83,--,2,5166,卖盘
1213,13:40:20,25.83,--,7,18081,卖盘
1214,13:40:17,25.83,--,36,92988,买盘
1215,13:40:14,25.83,0.04,18,46494,买盘
1216,13:40:11,25.79,-0.01,2,5158,卖盘
1217,13:40:08,25.8,0.02,5,12900,买盘
1218,13:40:05,25.78,--,41,105698,卖盘
1219,13:40:02,25.78,--,5,12890,卖盘
1220,13:39:59,25.78,-0.06,2,5156,卖盘
1221,13:39:56,25.84,0.06,1114,2878576,买盘
1222,13:39:53,25.78,-0.02,6,15468,买盘
1223,13:39:50,25.8,0.02,23,59340,买盘
1224,13:39:44,25.78,--,10,25780,卖盘
1225,13:39:38,25.78,-0.01,7,18046,卖盘
1226,13:39:32,25.79,0.01,3,7737,买盘
1227,13:39:29,25.78,-0.02,4,10312,买盘
1228,13:39:23,25.8,0.01,53,136740,买盘
1229,13:39:20,25.79,-0.01,22,56738,中性盘
1230,13:39:17,25.8,--,60,154800,买盘
1231,13:39:11,25.8,--,47,121260,买盘
1232,13:39:08,25.8,--,2,5160,买盘
1233,13:39:05,25.8,0.01,180,464400,买盘
1234,13:39:02,25.79,-0.01,13,33527,卖盘
1235,13:38:59,25.8,0.02,15,38700,买盘
1236,13:38:56,25.78,-0.01,46,118588,卖盘
1237,13:38:53,25.79,0.01,26,67054,买盘
1238,13:38:50,25.78,-0.01,21,54138,卖盘
1239,13:38:47,25.79,0.01,15,38685,买盘
1240,13:38:44,25.78,-0.01,4,10312,卖盘
1241,13:38:38,25.79,0.01,17,43843,中性盘
1242,13:38:29,25.78,--,12,30936,卖盘
1243,13:38:26,25.78,--,2,5156,卖盘
1244,13:38:23,25.78,--,6,15468,卖盘
1245,13:38:20,25.78,-0.01,85,219130,中性盘
1246,13:38:17,25.79,0.01,161,415219,买盘
1247,13:38:14,25.78,0.01,21,54138,买盘
1248,13:38:11,25.77,--,2,5154,卖盘
1249,13:38:08,25.77,-0.01,30,77310,卖盘
1250,13:38:02,25.78,0.01,3,7734,买盘
1251,13:37:59,25.77,--,30,77310,卖盘
1252,13:37:56,25.77,--,12,30924,卖盘
1253,13:37:53,25.77,0.02,73,188121,买盘
1254,13:37:44,25.75,--,6,15450,卖盘
1255,13:37:41,25.75,--,76,197064,买盘
1256,13:37:38,25.75,0.02,5,12875,买盘
1257,13:37:32,25.73,-0.01,109,280457,卖盘
1258,13:37:29,25.74,--,5,12870,买盘
1259,13:37:26,25.74,--,56,144144,卖盘
1260,13:37:17,25.74,--,3,7721,卖盘
1261,13:37:14,25.74,--,13,33462,卖盘
1262,13:37:11,25.74,0.01,12,30887,买盘
1263,13:37:08,25.73,--,137,352501,卖盘
1264,13:37:05,25.73,-0.01,12,30876,卖盘
1265,13:37:02,25.74,0.01,10,25740,买盘
1266,13:36:59,25.73,--,23,59179,卖盘
1267,13:36:53,25.73,--,11,28303,卖盘
1268,13:36:50,25.73,-0.01,4,10292,卖盘
1269,13:36:47,25.74,0.01,107,275418,买盘
1270,13:36:44,25.73,-0.01,22,56606,卖盘
1271,13:36:38,25.74,0.01,28,72072,买盘
1272,13:36:32,25.73,--,10,25730,卖盘
1273,13:36:29,25.73,--,10,25730,卖盘
1274,13:36:26,25.73,-0.01,5,12865,卖盘
1275,13:36:23,25.74,0.01,64,164736,买盘
1276,13:36:11,25.73,--,10,25730,卖盘
1277,13:36:02,25.73,-0.01,23,59179,卖盘
1278,13:35:59,25.74,0.01,5,12870,买盘
1279,13:35:56,25.73,-0.01,18,46314,卖盘
1280,13:35:53,25.74,--,15,38610,买盘
1281,13:35:44,25.74,0.01,81,208494,买盘
1282,13:35:38,25.73,-0.01,38,97774,卖盘
1283,13:35:35,25.74,0.01,6,15443,买盘
1284,13:35:32,25.73,-0.01,9,23157,卖盘
1285,13:35:29,25.74,0.01,1,2574,买盘
1286,13:35:23,25.73,-0.01,10,25730,卖盘
1287,13:35:20,25.74,--,2,5148,卖盘
1288,13:35:17,25.74,-0.01,10,25740,卖盘
1289,13:35:11,25.75,--,1,2575,买盘
1290,13:35:08,25.75,--,234,602550,卖盘
1291,13:35:02,25.75,--,11,28325,卖盘
1292,13:34:59,25.75,--,35,90125,卖盘
1293,13:34:56,25.75,--,13,33475,卖盘
1294,13:34:53,25.75,--,8,20600,卖盘
1295,13:34:50,25.75,--,2,5150,卖盘
1296,13:34:47,25.75,0.02,53,136475,买盘
1297,13:34:44,25.73,--,203,522319,卖盘
1298,13:34:35,25.73,--,87,223851,卖盘
1299,13:34:32,25.73,0.01,8,20584,中性盘
1300,13:34:29,25.72,--,20,51440,卖盘
1301,13:34:26,25.72,-0.01,186,478392,卖盘
1302,13:34:14,25.73,--,3,7719,买盘
1303,13:34:11,25.73,--,27,69471,卖盘
1304,13:34:08,25.73,--,107,275311,卖盘
1305,13:34:02,25.73,-0.02,10,25730,卖盘
1306,13:33:59,25.75,0.02,53,136475,买盘
1307,13:33:56,25.73,--,41,105493,卖盘
1308,13:33:50,25.73,-0.02,1,2573,中性盘
1309,13:33:47,25.75,--,7,18025,买盘
1310,13:33:41,25.75,0.03,13,33475,卖盘
1311,13:33:38,25.72,-0.03,254,653288,卖盘
1312,13:33:35,25.75,--,7,18025,卖盘
1313,13:33:32,25.75,--,7,18025,卖盘
1314,13:33:29,25.75,--,9,23175,卖盘
1315,13:33:23,25.75,--,18,46350,卖盘
1316,13:33:14,25.75,-0.01,14,36050,卖盘
1317,13:33:11,25.76,--,34,87584,买盘
1318,13:33:08,25.76,--,89,229264,买盘
1319,13:33:05,25.76,--,24,61824,买盘
1320,13:32:59,25.76,--,58,149408,卖盘
1321,13:32:50,25.76,-0.01,10,25760,卖盘
1322,13:32:47,25.77,--,31,79887,卖盘
1323,13:32:44,25.77,--,15,38655,卖盘
1324,13:32:41,25.77,--,11,28347,卖盘
1325,13:32:38,25.77,--,118,304086,卖盘
1326,13:32:32,25.77,--,59,152043,卖盘
1327,13:32:29,25.77,-0.01,28,72156,卖盘
1328,13:32:26,25.78,0.01,215,554270,买盘
1329,13:32:23,25.77,--,1,2577,卖盘
1330,13:32:14,25.77,-0.01,11,28347,卖盘
1331,13:32:11,25.78,0.01,37,95386,买盘
1332,13:32:08,25.77,--,26,67002,卖盘
1333,13:32:05,25.77,-0.01,6,15462,卖盘
1334,13:31:59,25.78,--,23,59294,买盘
1335,13:31:56,25.78,--,13,33514,买盘
1336,13:31:53,25.78,-0.01,185,476930,卖盘
1337,13:31:47,25.79,--,2,5158,卖盘
1338,13:31:41,25.79,0.01,127,327533,买盘
1339,13:31:35,25.78,-0.01,29,74762,卖盘
1340,13:31:32,25.79,0.01,11,28369,买盘
1341,13:31:29,25.78,--,8,20624,卖盘
1342,13:31:26,25.78,-0.01,26,67028,卖盘
1343,13:31:23,25.79,0.01,19,49001,买盘
1344,13:31:20,25.78,--,24,61872,卖盘
1345,13:31:17,25.78,-0.01,34,87652,卖盘
1346,13:31:14,25.79,0.01,48,123792,买盘
1347,13:31:11,25.78,0.01,83,213974,买盘
1348,13:31:05,25.77,-0.02,122,314394,卖盘
1349,13:31:02,25.79,0.02,15,38685,买盘
1350,13:30:59,25.77,-0.02,6,15462,卖盘
1351,13:30:53,25.79,0.02,15,38685,买盘
1352,13:30:50,25.77,--,30,77310,卖盘
1353,13:30:47,25.77,-0.02,6,15462,卖盘
1354,13:30:44,25.79,--,115,296585,买盘
1355,13:30:41,25.79,0.02,24,61896,买盘
1356,13:30:38,25.77,--,5,12885,卖盘
1357,13:30:32,25.77,--,16,41232,卖盘
1358,13:30:29,25.77,--,127,327279,卖盘
1359,13:30:26,25.77,--,3,7731,卖盘
1360,13:30:17,25.77,--,2,5154,卖盘
1361,13:30:14,25.77,0.02,5,12885,买盘
1362,13:30:11,25.75,-0.01,71,182825,卖盘
1363,13:30:08,25.76,-0.01,86,221536,卖盘
1364,13:30:05,25.77,--,85,219045,卖盘
1365,13:30:02,25.77,0.01,54,139158,买盘
1366,13:29:53,25.76,-0.01,14,36064,卖盘
1367,13:29:50,25.77,0.01,81,208737,买盘
1368,13:29:47,25.76,-0.01,19,48944,卖盘
1369,13:29:41,25.77,--,24,61848,卖盘
1370,13:29:35,25.77,-0.02,8,20616,卖盘
1371,13:29:32,25.79,0.03,31,79949,买盘
1372,13:29:29,25.76,-0.03,10,25760,卖盘
1373,13:29:26,25.79,-0.01,60,154740,中性盘
1374,13:29:23,25.8,0.01,245,632100,买盘
1375,13:29:20,25.79,--,83,214057,卖盘
1376,13:29:14,25.79,-0.01,7,18053,卖盘
1377,13:29:08,25.8,--,20,51600,买盘
1378,13:29:05,25.8,-0.01,11,28380,买盘
1379,13:29:02,25.81,0.01,8,20648,买盘
1380,13:28:59,25.8,--,20,51600,卖盘
1381,13:28:56,25.8,--,5,12900,卖盘
1382,13:28:53,25.8,-0.01,30,77400,卖盘
1383,13:28:47,25.81,0.01,27,69687,中性盘
1384,13:28:44,25.8,-0.02,40,103200,卖盘
1385,13:28:41,25.82,--,178,459596,买盘
1386,13:28:38,25.82,0.01,33,85206,买盘
1387,13:28:35,25.81,-0.01,6,15486,买盘
1388,13:28:32,25.82,0.02,34,87788,买盘
1389,13:28:29,25.8,-0.02,313,807540,卖盘
1390,13:28:26,25.82,--,1,2582,买盘
1391,13:28:23,25.82,--,4,10328,买盘
1392,13:28:20,25.82,--,10,25820,买盘
1393,13:28:17,25.82,--,68,175576,卖盘
1394,13:28:14,25.82,--,23,59386,卖盘
1395,13:28:11,25.82,--,336,867552,卖盘
1396,13:28:05,25.82,0.01,37,95534,卖盘
1397,13:27:59,25.81,-0.01,16,41296,卖盘
1398,13:27:56,25.82,--,34,87788,买盘
1399,13:27:53,25.82,--,24,61968,买盘
1400,13:27:50,25.82,--,27,69714,买盘
1401,13:27:47,25.82,--,10,25820,买盘
1402,13:27:44,25.82,-0.02,202,521564,卖盘
1403,13:27:41,25.84,0.02,94,242896,买盘
1404,13:27:35,25.82,-0.02,14,36148,卖盘
1405,13:27:32,25.84,0.02,296,764864,买盘
1406,13:27:29,25.82,--,3,7746,卖盘
1407,13:27:26,25.82,0.01,30,77460,买盘
1408,13:27:20,25.81,0.01,24,61944,中性盘
1409,13:27:17,25.8,--,66,170280,卖盘
1410,13:27:14,25.8,--,13,33540,卖盘
1411,13:27:11,25.8,--,10,25800,卖盘
1412,13:27:08,25.8,--,16,42131,卖盘
1413,13:27:05,25.8,--,110,283800,买盘
1414,13:27:02,25.8,--,84,216720,买盘
1415,13:26:59,25.8,--,20,51600,买盘
1416,13:26:56,25.8,--,36,92880,买盘
1417,13:26:53,25.8,--,26,67080,买盘
1418,13:26:50,25.8,--,196,505680,买盘
1419,13:26:44,25.8,0.01,12,30960,买盘
1420,13:26:41,25.79,-0.01,18,46422,卖盘
1421,13:26:38,25.8,0.05,491,1267089,买盘
1422,13:26:29,25.75,0.02,3,7725,卖盘
1423,13:26:26,25.73,--,218,560914,卖盘
1424,13:26:23,25.73,-0.04,56,144088,卖盘
1425,13:26:20,25.77,0.02,2,5154,买盘
1426,13:26:17,25.75,--,206,530450,买盘
1427,13:26:14,25.75,0.02,6,15450,买盘
1428,13:26:11,25.73,--,3,7719,卖盘
1429,13:26:08,25.73,-0.02,141,362793,卖盘
1430,13:26:05,25.75,--,5,12875,买盘
1431,13:26:02,25.75,0.02,44,113300,买盘
1432,13:25:59,25.73,-0.02,5,12865,卖盘
1433,13:25:56,25.75,--,3,7725,买盘
1434,13:25:50,25.75,0.02,21,54075,买盘
1435,13:25:47,25.73,0.03,326,838823,买盘
1436,13:25:44,25.7,--,76,195320,买盘
1437,13:25:35,25.7,0.01,155,398350,买盘
1438,13:25:32,25.69,-0.01,15,38535,中性盘
1439,13:25:29,25.7,0.01,163,418910,买盘
1440,13:25:26,25.69,0.01,25,64225,买盘
1441,13:25:14,25.68,0.02,29,76860,买盘
1442,13:25:11,25.66,-0.01,10,26147,卖盘
1443,13:25:08,25.67,--,36,92412,买盘
1444,13:25:05,25.67,0.01,3,7701,中性盘
1445,13:25:02,25.66,--,27,70975,卖盘
1446,13:24:59,25.66,--,224,575168,卖盘
1447,13:24:56,25.66,-0.01,15,38490,卖盘
1448,13:24:53,25.67,-0.01,13,33371,买盘
1449,13:24:50,25.68,0.01,22,56496,买盘
1450,13:24:47,25.67,-0.01,31,81835,卖盘
1451,13:24:44,25.68,--,102,261936,买盘
1452,13:24:41,25.68,0.01,46,118436,买盘
1453,13:24:38,25.67,-0.01,1,2567,卖盘
1454,13:24:32,25.68,0.01,4,10272,买盘
1455,13:24:26,25.67,-0.02,10,25670,卖盘
1456,13:24:23,25.69,0.01,17,43673,买盘
1457,13:24:17,25.68,--,14,35952,卖盘
1458,13:24:11,25.68,--,4,10272,卖盘
1459,13:24:08,25.68,0.01,5,12840,中性盘
1460,13:24:05,25.67,--,28,71876,卖盘
1461,13:24:02,25.67,-0.01,23,59041,卖盘
1462,13:23:59,25.68,0.01,65,166920,买盘
1463,13:23:56,25.67,--,33,84711,卖盘
1464,13:23:53,25.67,-0.01,4,10268,卖盘
1465,13:23:50,25.68,--,10,25680,买盘
1466,13:23:47,25.68,0.01,38,97584,买盘
1467,13:23:44,25.67,-0.01,10,25670,卖盘
1468,13:23:41,25.68,-0.01,3,7704,卖盘
1469,13:23:38,25.69,--,52,133588,买盘
1470,13:23:29,25.69,-0.02,96,246624,卖盘
1471,13:23:26,25.71,0.01,94,241674,买盘
1472,13:23:23,25.7,--,33,84810,卖盘
1473,13:23:20,25.7,--,34,87380,卖盘
1474,13:23:17,25.7,--,72,185040,卖盘
1475,13:23:14,25.7,--,13,33410,卖盘
1476,13:23:11,25.7,--,60,154200,卖盘
1477,13:23:08,25.7,--,9,23130,卖盘
1478,13:23:02,25.7,--,1,2570,卖盘
1479,13:22:59,25.7,--,3,7710,卖盘
1480,13:22:56,25.7,-0.01,29,74530,卖盘
1481,13:22:53,25.71,0.01,2,5142,买盘
1482,13:22:50,25.7,-0.01,4,10280,卖盘
1483,13:22:47,25.71,-0.01,68,174828,卖盘
1484,13:22:44,25.72,--,10,25720,买盘
1485,13:22:41,25.72,--,27,69444,买盘
1486,13:22:38,25.72,--,2,5144,买盘
1487,13:22:35,25.72,--,2,5144,买盘
1488,13:22:32,25.72,--,4,10288,买盘
1489,13:22:29,25.72,--,24,61728,卖盘
1490,13:22:26,25.72,--,25,64300,卖盘
1491,13:22:23,25.72,-0.01,26,66872,卖盘
1492,13:22:20,25.73,--,2,5146,买盘
1493,13:22:14,25.73,--,63,162099,卖盘
1494,13:22:11,25.73,--,8,20584,卖盘
1495,13:22:02,25.73,-0.01,10,25730,卖盘
1496,13:21:59,25.74,0.01,42,108108,买盘
1497,13:21:53,25.73,-0.01,29,74617,卖盘
1498,13:21:49,25.74,--,5,12870,中性盘
1499,13:21:46,25.74,--,12,30887,卖盘
1500,13:21:37,25.74,-0.03,37,95238,卖盘
1501,13:21:34,25.77,0.03,216,556632,买盘
1502,13:21:28,25.74,-0.01,44,113256,卖盘
1503,13:21:25,25.75,0.01,64,164800,买盘
1504,13:21:22,25.74,--,1,2574,买盘
1505,13:21:19,25.74,-0.01,264,679536,卖盘
1506,13:21:13,25.75,--,80,206000,买盘
1507,13:21:10,25.75,0.01,51,131325,买盘
1508,13:21:07,25.74,-0.01,12,30887,卖盘
1509,13:21:01,25.75,-0.01,42,108150,卖盘
1510,13:20:58,25.76,-0.01,5,12880,卖盘
1511,13:20:55,25.77,0.03,63,162351,买盘
1512,13:20:49,25.74,--,1,2574,卖盘
1513,13:20:46,25.74,-0.02,7,18018,卖盘
1514,13:20:40,25.76,--,154,396704,买盘
1515,13:20:37,25.76,0.01,7,18032,买盘
1516,13:20:31,25.75,--,3,7725,卖盘
1517,13:20:28,25.75,0.01,23,59225,中性盘
1518,13:20:22,25.74,--,26,66924,卖盘
1519,13:20:19,25.74,-0.01,3,7721,卖盘
1520,13:20:16,25.75,--,21,54075,买盘
1521,13:20:13,25.75,0.01,55,141625,买盘
1522,13:20:04,25.74,--,14,36036,卖盘
1523,13:20:01,25.74,--,16,41184,卖盘
1524,13:19:55,25.74,0.01,10,25740,买盘
1525,13:19:52,25.73,--,11,28303,卖盘
1526,13:19:49,25.73,-0.01,14,36022,卖盘
1527,13:19:46,25.74,0.01,3,7721,卖盘
1528,13:19:43,25.73,-0.01,34,87482,卖盘
1529,13:19:40,25.74,--,5,12870,买盘
1530,13:19:34,25.74,0.01,23,59202,买盘
1531,13:19:31,25.73,--,26,66898,卖盘
1532,13:19:28,25.73,--,51,131223,卖盘
1533,13:19:22,25.73,-0.01,3,7719,卖盘
1534,13:19:19,25.74,-0.01,6,15443,买盘
1535,13:19:16,25.75,0.02,1,2575,卖盘
1536,13:19:13,25.73,-0.01,20,51460,卖盘
1537,13:19:10,25.74,--,11,28314,卖盘
1538,13:19:07,25.74,--,1,2574,卖盘
1539,13:19:01,25.74,0.01,2,5148,中性盘
1540,13:18:58,25.73,-0.01,27,69471,卖盘
1541,13:18:55,25.74,0.01,3,7721,中性盘
1542,13:18:52,25.73,-0.01,11,28303,卖盘
1543,13:18:49,25.74,-0.01,198,509651,卖盘
1544,13:18:46,25.75,-0.02,13,33475,买盘
1545,13:18:40,25.77,0.03,7,18039,买盘
1546,13:18:37,25.74,-0.03,129,332046,卖盘
1547,13:18:34,25.77,0.02,1,2577,买盘
1548,13:18:31,25.75,0.02,6,15450,中性盘
1549,13:18:28,25.73,-0.02,39,100347,卖盘
1550,13:18:19,25.75,0.01,54,139050,买盘
1551,13:18:16,25.74,--,9,23166,卖盘
1552,13:18:13,25.74,--,59,151866,卖盘
1553,13:18:10,25.74,--,134,344916,卖盘
1554,13:18:04,25.74,--,29,74646,卖盘
1555,13:18:01,25.74,--,3,7721,卖盘
1556,13:17:58,25.74,-0.01,39,100386,卖盘
1557,13:17:55,25.75,0.01,142,365650,买盘
1558,13:17:52,25.74,--,6,15443,买盘
1559,13:17:49,25.74,--,40,102960,卖盘
1560,13:17:46,25.74,-0.01,23,59202,卖盘
1561,13:17:43,25.75,0.01,101,260075,买盘
1562,13:17:40,25.74,-0.01,32,82368,卖盘
1563,13:17:37,25.75,0.01,5,12875,买盘
1564,13:17:34,25.74,-0.01,13,33462,卖盘
1565,13:17:31,25.75,--,7,18025,买盘
1566,13:17:28,25.75,0.01,15,38625,买盘
1567,13:17:22,25.74,--,13,33462,卖盘
1568,13:17:16,25.74,-0.01,10,25740,买盘
1569,13:17:13,25.75,0.01,127,327025,买盘
1570,13:17:10,25.74,--,91,234234,卖盘
1571,13:17:07,25.74,--,10,25740,中性盘
1572,13:17:04,25.74,0.01,15,38610,中性盘
1573,13:17:01,25.73,-0.01,38,97774,卖盘
1574,13:16:58,25.74,0.01,29,74646,卖盘
1575,13:16:55,25.73,-0.02,15,38595,卖盘
1576,13:16:52,25.75,0.01,100,257500,买盘
1577,13:16:49,25.74,0.02,3,7721,中性盘
1578,13:16:43,25.72,-0.02,152,390944,卖盘
1579,13:16:40,25.74,--,5,12870,卖盘
1580,13:16:37,25.74,0.01,41,105534,买盘
1581,13:16:34,25.73,0.01,18,46314,中性盘
1582,13:16:31,25.72,--,67,172324,卖盘
1583,13:16:28,25.72,-0.01,13,33436,中性盘
1584,13:16:22,25.73,0.02,8,20584,买盘
1585,13:16:19,25.71,-0.01,3,7713,卖盘
1586,13:16:16,25.72,--,23,59156,卖盘
1587,13:16:13,25.72,--,4,10288,买盘
1588,13:16:07,25.72,-0.03,1,2572,买盘
1589,13:16:01,25.75,0.03,128,329600,买盘
1590,13:15:58,25.72,--,22,56584,卖盘
1591,13:15:55,25.72,--,97,249484,卖盘
1592,13:15:52,25.72,-0.02,51,131172,卖盘
1593,13:15:46,25.74,-0.01,20,51480,卖盘
1594,13:15:43,25.75,--,2,5150,买盘
1595,13:15:40,25.75,--,107,275525,买盘
1596,13:15:37,25.75,-0.02,124,319300,卖盘
1597,13:15:34,25.77,--,37,95349,买盘
1598,13:15:28,25.77,-0.01,108,278316,卖盘
1599,13:15:25,25.78,0.01,1,2578,买盘
1600,13:15:22,25.77,--,19,48963,卖盘
1601,13:15:19,25.77,-0.01,2,5154,卖盘
1602,13:15:16,25.78,-0.01,1,2578,中性盘
1603,13:15:13,25.79,0.01,105,270795,买盘
1604,13:15:07,25.78,-0.01,96,247488,卖盘
1605,13:15:04,25.79,--,1,2579,买盘
1606,13:14:58,25.79,0.01,49,126371,买盘
1607,13:14:55,25.78,-0.01,9,23202,卖盘
1608,13:14:52,25.79,--,42,108318,买盘
1609,13:14:49,25.79,--,17,43843,买盘
1610,13:14:46,25.79,--,48,123792,买盘
1611,13:14:43,25.79,--,185,477115,卖盘
1612,13:14:40,25.79,--,10,25790,卖盘
1613,13:14:37,25.79,-0.01,79,203741,卖盘
1614,13:14:34,25.8,0.01,200,516000,买盘
1615,13:14:31,25.79,--,10,25790,中性盘
1616,13:14:28,25.79,--,40,103160,买盘
1617,13:14:25,25.79,0.01,6,15474,买盘
1618,13:14:22,25.78,-0.02,22,56716,卖盘
1619,13:14:19,25.8,0.01,51,131580,买盘
1620,13:14:16,25.79,-0.01,12,30948,卖盘
1621,13:14:13,25.8,0.01,10,25800,买盘
1622,13:14:07,25.79,--,5,12895,卖盘
1623,13:14:04,25.79,-0.01,58,149582,卖盘
1624,13:14:01,25.8,0.02,143,369430,买盘
1625,13:13:58,25.78,--,6,15468,买盘
1626,13:13:55,25.78,-0.01,14,38180,卖盘
1627,13:13:49,25.79,0.01,5,12895,买盘
1628,13:13:46,25.78,--,118,304204,卖盘
1629,13:13:40,25.78,0.01,75,193839,买盘
1630,13:13:37,25.77,--,29,74733,卖盘
1631,13:13:34,25.77,--,16,41232,买盘
1632,13:13:25,25.77,--,12,33011,卖盘
1633,13:13:22,25.77,--,255,657135,卖盘
1634,13:13:16,25.77,--,45,115965,卖盘
1635,13:13:13,25.77,-0.01,7,18039,卖盘
1636,13:13:10,25.78,0.01,46,119077,买盘
1637,13:13:07,25.77,--,2,5154,卖盘
1638,13:13:04,25.77,--,26,67002,卖盘
1639,13:13:01,25.77,--,3,7731,卖盘
1640,13:12:58,25.77,--,35,90195,卖盘
1641,13:12:55,25.77,0.01,80,206160,买盘
1642,13:12:49,25.76,-0.01,9,23184,卖盘
1643,13:12:46,25.77,-0.01,5,12885,中性盘
1644,13:12:40,25.78,0.01,7,18046,买盘
1645,13:12:37,25.77,-0.01,7,18039,中性盘
1646,13:12:34,25.78,0.03,33,85074,买盘
1647,13:12:31,25.75,-0.02,5,12875,卖盘
1648,13:12:28,25.77,--,11,28347,卖盘
1649,13:12:25,25.77,-0.01,5,12885,中性盘
1650,13:12:19,25.78,0.06,29,74762,买盘
1651,13:12:16,25.72,-0.05,27,69444,卖盘
1652,13:12:10,25.77,--,57,146889,买盘
1653,13:12:04,25.77,0.06,12,30924,买盘
1654,13:11:55,25.71,--,13,33423,卖盘
1655,13:11:52,25.71,-0.02,170,437070,卖盘
1656,13:11:49,25.73,0.03,65,168531,买盘
1657,13:11:43,25.7,--,3,7710,卖盘
1658,13:11:31,25.7,--,28,73245,买盘
1659,13:11:28,25.7,0.01,8,20560,买盘
1660,13:11:19,25.69,--,37,95053,买盘
1661,13:11:13,25.69,--,17,43673,卖盘
1662,13:11:10,25.69,--,7,17983,买盘
1663,13:11:07,25.69,--,9,23121,买盘
1664,13:11:04,25.69,0.01,21,53949,买盘
1665,13:10:58,25.68,--,2,5136,卖盘
1666,13:10:55,25.68,--,29,74472,卖盘
1667,13:10:52,25.68,--,2,5136,卖盘
1668,13:10:49,25.68,0.01,173,444264,买盘
1669,13:10:46,25.67,-0.01,5,12835,卖盘
1670,13:10:40,25.68,-0.01,35,89880,卖盘
1671,13:10:37,25.69,-0.01,31,79639,买盘
1672,13:10:34,25.7,0.02,79,203030,买盘
1673,13:10:31,25.68,--,63,161784,买盘
1674,13:10:28,25.68,--,31,79608,卖盘
1675,13:10:19,25.68,0.01,48,123264,买盘
1676,13:10:16,25.67,-0.01,101,259267,卖盘
1677,13:10:13,25.68,--,9,23112,买盘
1678,13:10:07,25.68,-0.01,63,161784,卖盘
1679,13:10:04,25.69,0.01,8,20552,买盘
1680,13:10:01,25.68,-0.01,25,64200,卖盘
1681,13:09:55,25.69,--,4,10276,买盘
1682,13:09:49,25.69,--,3,7707,买盘
1683,13:09:40,25.69,-0.02,10,25690,卖盘
1684,13:09:37,25.71,-0.01,26,66846,买盘
1685,13:09:34,25.72,0.02,100,257200,买盘
1686,13:09:31,25.7,--,166,426620,卖盘
1687,13:09:28,25.7,--,23,59110,卖盘
1688,13:09:25,25.7,--,16,41120,卖盘
1689,13:09:22,25.7,--,3,7710,卖盘
1690,13:09:19,25.7,--,52,133640,卖盘
1691,13:09:13,25.7,--,56,143920,卖盘
1692,13:09:10,25.7,-0.01,34,87380,卖盘
1693,13:09:07,25.71,0.01,10,25710,买盘
1694,13:09:01,25.7,-0.01,3,7710,卖盘
1695,13:08:58,25.71,--,16,41136,卖盘
1696,13:08:55,25.71,--,5,12855,卖盘
1697,13:08:52,25.71,--,16,41136,中性盘
1698,13:08:49,25.71,--,42,107982,卖盘
1699,13:08:46,25.71,0.01,16,41136,买盘
1700,13:08:43,25.7,-0.01,72,185040,卖盘
1701,13:08:37,25.71,--,45,115695,买盘
1702,13:08:31,25.71,--,115,295665,卖盘
1703,13:08:28,25.71,-0.03,48,123408,卖盘
1704,13:08:25,25.74,0.03,191,491633,买盘
1705,13:08:22,25.71,-0.01,7,17997,卖盘
1706,13:08:19,25.72,--,11,28292,卖盘
1707,13:08:13,25.72,-0.01,5,12860,卖盘
1708,13:08:10,25.73,--,24,61752,买盘
1709,13:08:04,25.73,-0.02,15,40679,卖盘
1710,13:07:58,25.75,--,3,7725,买盘
1711,13:07:49,25.75,-0.01,24,61800,卖盘
1712,13:07:43,25.76,--,5,12880,买盘
1713,13:07:40,25.76,0.01,10,25760,买盘
1714,13:07:34,25.75,-0.02,207,533025,卖盘
1715,13:07:31,25.77,--,15,38655,卖盘
1716,13:07:28,25.77,-0.02,16,41232,卖盘
1717,13:07:22,25.79,0.02,131,337849,买盘
1718,13:07:19,25.77,--,17,43809,中性盘
1719,13:07:16,25.77,0.01,16,41232,中性盘
1720,13:07:10,25.76,-0.02,172,443072,卖盘
1721,13:07:07,25.78,0.02,185,476930,买盘
1722,13:07:04,25.76,--,7,18032,卖盘
1723,13:07:01,25.76,--,115,296240,卖盘
1724,13:06:55,25.76,--,45,115920,卖盘
1725,13:06:52,25.76,-0.01,16,41216,卖盘
1726,13:06:49,25.77,0.01,2,5154,买盘
1727,13:06:46,25.76,-0.01,28,72128,卖盘
1728,13:06:43,25.77,--,8,20616,买盘
1729,13:06:40,25.77,0.01,14,36078,买盘
1730,13:06:37,25.76,-0.02,20,51520,卖盘
1731,13:06:34,25.78,0.02,21,54138,买盘
1732,13:06:31,25.76,-0.01,95,244720,卖盘
1733,13:06:28,25.77,0.01,8,20616,买盘
1734,13:06:25,25.76,--,10,25760,卖盘
1735,13:06:22,25.76,-0.02,20,51520,卖盘
1736,13:06:16,25.78,--,3,7734,买盘
1737,13:06:13,25.78,0.01,56,144368,买盘
1738,13:06:10,25.77,-0.01,178,458706,卖盘
1739,13:06:04,25.78,--,57,146946,卖盘
1740,13:05:58,25.78,-0.01,36,92808,卖盘
1741,13:05:55,25.79,--,10,25790,买盘
1742,13:05:52,25.79,0.01,4,10316,买盘
1743,13:05:46,25.78,--,4,10312,卖盘
1744,13:05:43,25.78,0.01,54,139212,买盘
1745,13:05:37,25.77,--,7,18039,卖盘
1746,13:05:34,25.77,0.01,24,61848,中性盘
1747,13:05:31,25.76,-0.01,159,409584,卖盘
1748,13:05:25,25.77,--,17,43809,卖盘
1749,13:05:22,25.77,0.01,47,121119,买盘
1750,13:05:19,25.76,--,46,118496,卖盘
1751,13:05:13,25.76,--,45,115920,卖盘
1752,13:05:10,25.76,-0.01,21,54096,卖盘
1753,13:05:07,25.77,0.01,18,46386,买盘
1754,13:05:04,25.76,--,6,15456,卖盘
1755,13:05:01,25.76,0.01,159,409584,买盘
1756,13:04:58,25.75,--,12,30900,卖盘
1757,13:04:55,25.75,--,7,18025,卖盘
1758,13:04:52,25.75,--,20,51500,卖盘
1759,13:04:49,25.75,0.01,91,235586,买盘
1760,13:04:46,25.74,-0.01,26,67413,卖盘
1761,13:04:43,25.75,0.04,10,25750,买盘
1762,13:04:37,25.71,-0.04,74,190254,卖盘
1763,13:04:34,25.75,0.04,17,43775,买盘
1764,13:04:31,25.71,--,4,10284,卖盘
1765,13:04:28,25.71,--,4,10284,卖盘
1766,13:04:25,25.71,0.01,124,320089,买盘
1767,13:04:22,25.7,-0.01,12,30840,卖盘
1768,13:04:13,25.71,--,14,37279,卖盘
1769,13:04:10,25.71,--,53,136263,卖盘
1770,13:04:07,25.71,--,21,53991,卖盘
1771,13:04:04,25.71,--,14,37279,卖盘
1772,13:04:01,25.71,--,5,12855,卖盘
1773,13:03:58,25.71,-0.04,1,2571,卖盘
1774,13:03:55,25.75,0.04,29,74675,买盘
1775,13:03:52,25.71,-0.04,5,12855,买盘
1776,13:03:49,25.75,--,10,25750,买盘
1777,13:03:46,25.75,0.04,33,84975,买盘
1778,13:03:43,25.71,-0.04,2,5142,中性盘
1779,13:03:40,25.75,--,34,87550,买盘
1780,13:03:37,25.75,0.04,10,25750,买盘
1781,13:03:28,25.71,-0.04,123,317544,卖盘
1782,13:03:25,25.75,--,170,437750,卖盘
1783,13:03:19,25.75,-0.02,18,46350,卖盘
1784,13:03:16,25.77,-0.01,4,10308,卖盘
1785,13:03:07,25.78,-0.01,81,208818,卖盘
1786,13:03:04,25.79,0.01,1,2579,买盘
1787,13:03:01,25.78,--,144,371232,卖盘
1788,13:02:55,25.78,-0.01,10,25780,中性盘
1789,13:02:49,25.79,-0.01,27,69633,中性盘
1790,13:02:43,25.8,0.02,237,611460,买盘
1791,13:02:40,25.78,-0.02,58,149524,中性盘
1792,13:02:37,25.8,0.02,93,239940,买盘
1793,13:02:31,25.78,-0.01,48,123744,卖盘
1794,13:02:28,25.79,-0.01,6,15474,中性盘
1795,13:02:25,25.8,0.04,22,56760,买盘
1796,13:02:19,25.76,-0.04,85,218960,卖盘
1797,13:02:16,25.8,0.02,143,368940,买盘
1798,13:02:13,25.78,-0.01,10,25780,中性盘
1799,13:02:10,25.79,--,47,121213,买盘
1800,13:02:07,25.79,0.01,47,121213,买盘
1801,13:02:04,25.78,0.02,47,121166,买盘
1802,13:02:01,25.76,-0.01,32,82432,中性盘
1803,13:01:58,25.77,-0.03,7,18039,中性盘
1804,13:01:55,25.8,0.05,195,503100,买盘
1805,13:01:52,25.75,-0.01,18,46350,卖盘
1806,13:01:49,25.76,-0.02,108,278208,卖盘
1807,13:01:43,25.78,--,9,23202,买盘
1808,13:01:40,25.78,--,45,116010,买盘
1809,13:01:36,25.78,-0.02,67,172726,卖盘
1810,13:01:33,25.8,--,57,147060,卖盘
1811,13:01:30,25.8,--,128,330240,卖盘
1812,13:01:27,25.8,--,32,82560,卖盘
1813,13:01:24,25.8,--,68,175440,卖盘
1814,13:01:21,25.8,0.02,39,100620,买盘
1815,13:01:18,25.78,0.02,4,10312,中性盘
1816,13:01:15,25.76,-0.04,22,56672,卖盘
1817,13:01:09,25.8,0.04,447,1153260,买盘
1818,13:01:06,25.76,--,75,193200,卖盘
1819,13:01:03,25.76,-0.02,27,69552,卖盘
1820,13:01:00,25.78,--,0,1263,买盘
1821,13:00:57,25.78,--,26,67028,买盘
1822,13:00:54,25.78,0.03,135,348030,买盘
1823,13:00:51,25.75,-0.03,114,293550,买盘
1824,13:00:45,25.78,0.03,96,247488,买盘
1825,13:00:42,25.75,--,188,484100,卖盘
1826,13:00:39,25.75,--,41,105575,卖盘
1827,13:00:36,25.75,--,13,33475,卖盘
1828,13:00:33,25.75,--,16,41200,卖盘
1829,13:00:30,25.75,0.06,23,60358,买盘
1830,13:00:27,25.69,--,7,17983,卖盘
1831,13:00:24,25.69,--,270,693630,卖盘
1832,13:00:18,25.69,--,101,259469,卖盘
1833,13:00:15,25.69,-0.06,20,51380,卖盘
1834,13:00:12,25.75,--,49,126175,买盘
1835,13:00:09,25.75,0.1,154,396550,买盘
1836,13:00:06,25.65,0.06,2941,7544947,买盘
1837,13:00:00,25.59,--,289,739551,买盘
1838,11:30:02,25.59,--,23,58857,买盘
1839,11:29:59,25.59,0.01,10,25590,买盘
1840,11:29:56,25.58,-0.01,8,20464,卖盘
1841,11:29:53,25.59,0.01,84,214956,买盘
1842,11:29:50,25.58,--,12,30695,买盘
1843,11:29:44,25.58,--,1,2558,买盘
1844,11:29:41,25.58,--,2,5116,买盘
1845,11:29:38,25.58,--,64,163712,卖盘
1846,11:29:35,25.58,--,7,17906,卖盘
1847,11:29:32,25.58,--,13,33254,卖盘
1848,11:29:29,25.58,--,38,97204,买盘
1849,11:29:26,25.58,0.02,6,15347,买盘
1850,11:29:23,25.56,-0.02,77,196812,卖盘
1851,11:29:14,25.58,0.01,38,97204,买盘
1852,11:29:11,25.57,0.01,93,237801,买盘
1853,11:29:05,25.56,-0.01,26,66456,卖盘
1854,11:29:02,25.57,--,9,23013,卖盘
1855,11:28:56,25.57,--,25,63925,买盘
1856,11:28:53,25.57,-0.01,39,99723,卖盘
1857,11:28:50,25.58,0.01,10,25580,买盘
1858,11:28:47,25.57,--,30,76710,卖盘
1859,11:28:44,25.57,-0.02,45,115065,卖盘
1860,11:28:41,25.59,0.01,18,46062,买盘
1861,11:28:38,25.58,--,28,71624,买盘
1862,11:28:35,25.58,--,24,61391,卖盘
1863,11:28:32,25.58,--,67,171386,卖盘
1864,11:28:29,25.58,--,105,268590,卖盘
1865,11:28:26,25.58,-0.01,20,51160,卖盘
1866,11:28:23,25.59,0.01,19,48621,买盘
1867,11:28:20,25.58,--,13,33254,卖盘
1868,11:28:17,25.58,-0.01,133,340214,中性盘
1869,11:28:14,25.59,0.01,37,94683,买盘
1870,11:28:11,25.58,--,6,15347,买盘
1871,11:28:05,25.58,-0.01,21,53718,买盘
1872,11:28:02,25.59,--,40,102360,买盘
1873,11:27:59,25.59,--,26,66534,买盘
1874,11:27:56,25.59,--,40,102360,买盘
1875,11:27:53,25.59,0.01,124,317316,买盘
1876,11:27:50,25.58,-0.01,70,179060,卖盘
1877,11:27:47,25.59,--,7,17913,买盘
1878,11:27:44,25.59,0.04,11,28149,买盘
1879,11:27:41,25.55,-0.04,8,20440,卖盘
1880,11:27:38,25.59,0.04,24,61416,买盘
1881,11:27:35,25.55,-0.04,22,56210,中性盘
1882,11:27:32,25.59,0.03,119,304521,买盘
1883,11:27:29,25.56,0.02,299,764244,买盘
1884,11:27:23,25.54,--,15,38310,买盘
1885,11:27:20,25.54,--,160,408640,买盘
1886,11:27:17,25.54,0.01,84,214536,买盘
1887,11:27:11,25.53,0.02,470,1199910,买盘
1888,11:27:05,25.51,--,252,642852,买盘
1889,11:27:02,25.51,--,20,51020,买盘
1890,11:26:56,25.51,0.01,178,454078,买盘
1891,11:26:50,25.5,--,75,191250,卖盘
1892,11:26:47,25.5,-0.01,69,175950,卖盘
1893,11:26:44,25.51,--,22,56122,买盘
1894,11:26:41,25.51,0.01,10,25510,买盘
1895,11:26:38,25.5,--,41,104550,卖盘
1896,11:26:35,25.5,--,10,25500,卖盘
1897,11:26:32,25.5,--,4,10200,卖盘
1898,11:26:29,25.5,--,39,99450,卖盘
1899,11:26:23,25.5,--,10,25500,卖盘
1900,11:26:20,25.5,0.02,95,243780,买盘
1901,11:26:17,25.48,0.02,37,94276,买盘
1902,11:26:11,25.46,-0.01,8,20368,卖盘
1903,11:26:05,25.47,-0.01,1,2547,卖盘
1904,11:26:02,25.48,0.01,23,58604,买盘
1905,11:25:59,25.47,--,19,48393,买盘
1906,11:25:56,25.47,--,10,25470,买盘
1907,11:25:53,25.47,--,20,50940,卖盘
1908,11:25:47,25.47,--,10,25470,卖盘
1909,11:25:44,25.47,-0.02,63,160461,卖盘
1910,11:25:41,25.49,0.01,5,12745,买盘
1911,11:25:38,25.48,--,12,30576,买盘
1912,11:25:35,25.48,--,25,63700,卖盘
1913,11:25:32,25.48,-0.01,137,349076,卖盘
1914,11:25:29,25.49,--,13,33137,买盘
1915,11:25:26,25.49,-0.01,10,25490,中性盘
1916,11:25:20,25.5,0.01,19,48450,买盘
1917,11:25:17,25.49,--,11,28039,买盘
1918,11:25:14,25.49,-0.01,87,222782,卖盘
1919,11:25:11,25.5,-0.01,116,295800,卖盘
1920,11:25:08,25.51,0.01,146,372446,买盘
1921,11:25:05,25.5,--,96,246330,买盘
1922,11:25:02,25.5,0.01,110,280500,买盘
1923,11:24:59,25.49,--,17,43333,卖盘
1924,11:24:56,25.49,--,27,68823,卖盘
1925,11:24:50,25.49,-0.01,10,25490,卖盘
1926,11:24:47,25.5,0.01,4,10200,买盘
1927,11:24:44,25.49,--,17,43333,卖盘
1928,11:24:38,25.49,--,12,30587,卖盘
1929,11:24:35,25.49,--,25,63724,卖盘
1930,11:24:32,25.49,--,10,25490,卖盘
1931,11:24:26,25.49,--,73,186077,买盘
1932,11:24:23,25.49,0.01,2,5098,买盘
1933,11:24:20,25.48,-0.01,7,17836,中性盘
1934,11:24:17,25.49,-0.01,17,43333,买盘
1935,11:24:14,25.5,0.03,5,12750,买盘
1936,11:24:11,25.47,-0.02,26,66222,卖盘
1937,11:24:08,25.49,--,4,10196,卖盘
1938,11:24:05,25.49,0.02,8,20392,买盘
1939,11:23:56,25.47,--,2,5094,卖盘
1940,11:23:53,25.47,--,2,5094,卖盘
1941,11:23:50,25.47,-0.05,58,147726,卖盘
1942,11:23:47,25.52,0.01,15,38280,买盘
1943,11:23:44,25.51,--,4,10204,卖盘
1944,11:23:41,25.51,0.04,367,936217,买盘
1945,11:23:38,25.47,-0.01,14,35658,卖盘
1946,11:23:35,25.48,0.01,29,73892,买盘
1947,11:23:26,25.47,-0.01,56,142632,买盘
1948,11:23:20,25.48,--,200,509600,买盘
1949,11:23:14,25.48,0.01,230,586040,买盘
1950,11:23:10,25.47,--,154,392238,卖盘
1951,11:23:04,25.47,--,5,12735,卖盘
1952,11:23:01,25.47,-0.01,39,99333,卖盘
1953,11:22:58,25.48,0.01,43,109564,买盘
1954,11:22:55,25.47,--,95,241965,卖盘
1955,11:22:52,25.47,--,13,33111,卖盘
1956,11:22:49,25.47,--,50,127350,卖盘
1957,11:22:46,25.47,-0.01,5,12735,卖盘
1958,11:22:43,25.48,--,4,10192,买盘
1959,11:22:40,25.48,--,24,61152,买盘
1960,11:22:37,25.48,--,12,30576,买盘
1961,11:22:34,25.48,--,55,140140,卖盘
1962,11:22:31,25.48,--,7,17836,卖盘
1963,11:22:28,25.48,--,41,104468,卖盘
1964,11:22:25,25.48,-0.01,1,2548,卖盘
1965,11:22:22,25.49,--,35,89215,买盘
1966,11:22:16,25.49,0.01,11,28039,买盘
1967,11:22:13,25.48,--,58,147784,卖盘
1968,11:22:10,25.48,-0.01,45,114660,卖盘
1969,11:22:07,25.49,--,50,127449,买盘
1970,11:22:04,25.49,--,5,12745,买盘
1971,11:22:01,25.49,-0.01,2,5098,卖盘
1972,11:21:58,25.5,--,63,160650,买盘
1973,11:21:55,25.5,0.01,28,71400,买盘
1974,11:21:49,25.49,--,71,180979,卖盘
1975,11:21:46,25.49,--,16,40784,卖盘
1976,11:21:43,25.49,-0.01,70,178430,中性盘
1977,11:21:40,25.5,0.02,104,265200,买盘
1978,11:21:37,25.48,--,3,7644,买盘
1979,11:21:34,25.48,-0.01,11,28028,卖盘
1980,11:21:31,25.49,0.01,8,20392,中性盘
1981,11:21:28,25.48,--,52,132496,卖盘
1982,11:21:25,25.48,--,225,573300,卖盘
1983,11:21:19,25.48,--,134,341432,卖盘
1984,11:21:16,25.48,-0.01,17,43316,卖盘
1985,11:21:10,25.49,-0.01,13,33137,中性盘
1986,11:21:07,25.5,0.01,7,17850,买盘
1987,11:21:04,25.49,-0.01,20,50980,卖盘
1988,11:20:58,25.5,0.01,2,5100,买盘
1989,11:20:55,25.49,--,74,188626,买盘
1990,11:20:52,25.49,--,37,94313,买盘
1991,11:20:49,25.49,0.01,13,33137,买盘
1992,11:20:46,25.48,-0.01,13,33124,买盘
1993,11:20:43,25.49,0.02,29,73921,买盘
1994,11:20:40,25.47,-0.01,2,5094,卖盘
1995,11:20:37,25.48,--,3,7644,卖盘
1996,11:20:34,25.48,--,19,48412,买盘
1997,11:20:31,25.48,--,2,5096,买盘
1998,11:20:28,25.48,0.01,6,15288,买盘
1999,11:20:25,25.47,--,53,134991,卖盘
2000,11:20:22,25.47,-0.01,6,15282,卖盘
2001,11:20:16,25.48,0.03,109,277732,买盘
2002,11:20:13,25.45,--,17,43265,卖盘
2003,11:20:10,25.45,--,36,91620,买盘
2004,11:20:07,25.45,--,41,104345,买盘
2005,11:20:04,25.45,-0.01,4,10180,买盘
2006,11:19:58,25.46,0.02,35,89110,买盘
2007,11:19:52,25.44,-0.01,28,71232,卖盘
2008,11:19:49,25.45,--,103,262135,卖盘
2009,11:19:46,25.45,--,43,109435,卖盘
2010,11:19:40,25.45,-0.01,52,132340,卖盘
2011,11:19:37,25.46,0.01,49,124754,买盘
2012,11:19:34,25.45,--,10,25450,卖盘
2013,11:19:31,25.45,--,78,199146,买盘
2014,11:19:28,25.45,--,18,45810,买盘
2015,11:19:25,25.45,--,155,394475,买盘
2016,11:19:22,25.45,--,21,53445,买盘
2017,11:19:19,25.45,0.01,18,45810,买盘
2018,11:19:13,25.44,-0.01,60,154548,卖盘
2019,11:19:10,25.45,-0.04,46,117070,卖盘
2020,11:19:07,25.49,0.02,11,28039,买盘
2021,11:19:04,25.47,0.01,11,28017,买盘
2022,11:18:58,25.46,-0.04,39,99294,卖盘
2023,11:18:52,25.5,--,14,35700,买盘
2024,11:18:49,25.5,--,20,51000,买盘
2025,11:18:46,25.5,-0.02,14,35700,卖盘
2026,11:18:43,25.52,--,287,732424,买盘
2027,11:18:40,25.52,0.01,53,135256,买盘
2028,11:18:37,25.51,-0.01,34,86734,卖盘
2029,11:18:34,25.52,--,100,255200,卖盘
2030,11:18:31,25.52,--,99,252648,卖盘
2031,11:18:28,25.52,--,30,76560,买盘
2032,11:18:25,25.52,--,17,43384,买盘
2033,11:18:22,25.52,0.01,52,132704,买盘
2034,11:18:19,25.51,-0.02,6,15306,卖盘
2035,11:18:16,25.53,0.01,23,58719,买盘
2036,11:18:13,25.52,0.02,18,45936,中性盘
2037,11:18:07,25.5,-0.01,371,946050,卖盘
2038,11:18:04,25.51,--,21,53571,卖盘
2039,11:18:01,25.51,-0.01,8,20408,卖盘
2040,11:17:58,25.52,0.01,142,362384,买盘
2041,11:17:52,25.51,--,21,53571,买盘
2042,11:17:49,25.51,0.01,13,33163,买盘
2043,11:17:43,25.5,--,23,58650,卖盘
2044,11:17:40,25.5,0.05,606,1545300,买盘
2045,11:17:34,25.45,--,167,425651,买盘
2046,11:17:31,25.45,--,43,109435,买盘
2047,11:17:28,25.45,--,17,43265,买盘
2048,11:17:25,25.45,0.01,15,38175,买盘
2049,11:17:22,25.44,-0.01,178,452832,卖盘
2050,11:17:16,25.45,0.01,20,50900,买盘
2051,11:17:13,25.44,-0.01,8,20352,买盘
2052,11:17:10,25.45,0.01,23,58535,买盘
2053,11:17:07,25.44,0.01,8,20352,买盘
2054,11:17:04,25.43,-0.02,84,213612,卖盘
2055,11:17:01,25.45,0.01,80,203600,买盘
2056,11:16:58,25.44,0.02,84,213696,买盘
2057,11:16:55,25.42,--,10,25420,买盘
2058,11:16:52,25.42,--,142,360964,买盘
2059,11:16:49,25.42,-0.01,120,305040,卖盘
2060,11:16:46,25.43,0.01,7,17801,中性盘
2061,11:16:43,25.42,-0.02,140,355880,卖盘
2062,11:16:40,25.44,0.01,78,198432,买盘
2063,11:16:34,25.43,--,77,195811,买盘
2064,11:16:31,25.43,--,55,139865,买盘
2065,11:16:28,25.43,--,27,68661,买盘
2066,11:16:25,25.43,--,4,10172,买盘
2067,11:16:22,25.43,--,7,17801,买盘
2068,11:16:13,25.43,0.01,15,38145,买盘
2069,11:16:10,25.42,--,23,58466,买盘
2070,11:16:07,25.42,0.01,83,210986,买盘
2071,11:15:58,25.41,--,3,7623,卖盘
2072,11:15:55,25.41,--,45,114599,买盘
2073,11:15:49,25.41,0.01,105,266805,买盘
2074,11:15:43,25.4,-0.01,6,15240,卖盘
2075,11:15:40,25.41,--,25,63525,买盘
2076,11:15:37,25.41,0.01,28,71148,买盘
2077,11:15:34,25.4,0.01,20,50800,卖盘
2078,11:15:31,25.39,-0.01,10,25390,卖盘
2079,11:15:25,25.4,-0.01,1,2540,中性盘
2080,11:15:22,25.41,0.01,168,426888,买盘
2081,11:15:19,25.4,--,45,114300,卖盘
2082,11:15:13,25.4,-0.01,21,53340,卖盘
2083,11:15:10,25.41,0.01,208,528528,买盘
2084,11:15:07,25.4,0.02,11,27940,买盘
2085,11:15:04,25.38,-0.02,3,7614,卖盘
2086,11:15:01,25.4,--,204,518160,买盘
2087,11:14:58,25.4,--,6,15240,买盘
2088,11:14:55,25.4,--,6,15240,买盘
2089,11:14:52,25.4,--,37,93980,买盘
2090,11:14:49,25.4,--,147,375666,买盘
2091,11:14:46,25.4,--,10,25400,买盘
2092,11:14:43,25.4,0.02,49,124714,买盘
2093,11:14:37,25.38,-0.01,21,53298,卖盘
2094,11:14:34,25.39,--,17,43163,买盘
2095,11:14:31,25.39,--,17,43163,买盘
2096,11:14:25,25.39,--,1,2539,买盘
2097,11:14:22,25.39,-0.01,13,33007,卖盘
2098,11:14:16,25.4,0.01,38,96520,买盘
2099,11:14:13,25.39,0.01,3,7617,卖盘
2100,11:14:10,25.38,-0.01,33,83754,卖盘
2101,11:14:04,25.39,--,39,99021,买盘
2102,11:14:01,25.39,0.01,70,177730,买盘
2103,11:13:55,25.38,--,110,279180,卖盘
2104,11:13:52,25.38,--,18,45684,卖盘
2105,11:13:46,25.38,--,5,12690,卖盘
2106,11:13:37,25.38,0.03,8,20304,买盘
2107,11:13:28,25.35,--,5,12675,卖盘
2108,11:13:22,25.35,--,4,10140,卖盘
2109,11:13:19,25.35,-0.01,52,131820,卖盘
2110,11:13:16,25.36,--,45,114120,买盘
2111,11:13:07,25.36,--,63,159768,买盘
2112,11:13:04,25.36,--,98,248528,买盘
2113,11:13:01,25.36,--,5,12680,买盘
2114,11:12:58,25.36,--,46,116656,买盘
2115,11:12:55,25.36,0.01,20,50720,买盘
2116,11:12:52,25.35,-0.01,17,43095,卖盘
2117,11:12:49,25.36,--,15,38040,买盘
2118,11:12:46,25.36,0.01,17,43112,买盘
2119,11:12:43,25.35,--,20,50700,卖盘
2120,11:12:40,25.35,-0.01,96,243360,卖盘
2121,11:12:37,25.36,--,50,126800,卖盘
2122,11:12:34,25.36,--,17,43112,买盘
2123,11:12:31,25.36,--,18,45648,卖盘
2124,11:12:22,25.36,-0.04,3,7608,买盘
2125,11:12:19,25.4,0.04,67,170180,买盘
2126,11:12:13,25.36,--,6,15216,卖盘
2127,11:12:10,25.36,-0.04,23,58328,卖盘
2128,11:12:07,25.4,0.04,12,30480,买盘
2129,11:12:01,25.36,-0.04,9,22824,卖盘
2130,11:11:58,25.4,0.04,5,12700,买盘
2131,11:11:55,25.36,-0.03,105,266280,卖盘
2132,11:11:49,25.39,0.01,27,68553,买盘
2133,11:11:46,25.38,--,15,38070,卖盘
2134,11:11:43,25.38,-0.01,24,60912,卖盘
2135,11:11:37,25.39,--,40,101560,卖盘
2136,11:11:34,25.39,-0.01,4,10156,卖盘
2137,11:11:31,25.4,--,38,96520,买盘
2138,11:11:28,25.4,0.01,12,30480,买盘
2139,11:11:25,25.39,-0.01,7,17773,卖盘
2140,11:11:22,25.4,--,3,7620,买盘
2141,11:11:19,25.4,--,16,40640,买盘
2142,11:11:13,25.4,--,7,17780,买盘
2143,11:11:10,25.4,-0.01,35,88900,卖盘
2144,11:11:07,25.41,0.01,1,2541,买盘
2145,11:11:04,25.4,--,16,40640,卖盘
2146,11:11:01,25.4,-0.02,60,152400,卖盘
2147,11:10:52,25.42,0.02,16,40672,买盘
2148,11:10:49,25.4,-0.01,48,121920,卖盘
2149,11:10:46,25.41,--,116,294756,买盘
2150,11:10:43,25.41,0.01,11,27951,买盘
2151,11:10:40,25.4,-0.02,28,71120,卖盘
2152,11:10:37,25.42,--,157,399094,买盘
2153,11:10:34,25.42,0.01,28,71176,买盘
2154,11:10:31,25.41,--,14,35574,买盘
2155,11:10:28,25.41,-0.01,48,121968,中性盘
2156,11:10:25,25.42,0.01,6,15252,买盘
2157,11:10:22,25.41,--,30,76230,买盘
2158,11:10:19,25.41,-0.01,9,22869,卖盘
2159,11:10:16,25.42,0.01,28,71176,中性盘
2160,11:10:13,25.41,-0.01,112,284592,卖盘
2161,11:10:10,25.42,--,112,284704,卖盘
2162,11:10:07,25.42,--,176,447392,买盘
2163,11:10:04,25.42,-0.01,85,216070,卖盘
2164,11:10:01,25.43,0.01,55,139865,买盘
2165,11:09:58,25.42,0.01,101,256742,买盘
2166,11:09:55,25.41,-0.01,5,12705,卖盘
2167,11:09:52,25.42,--,53,134726,买盘
2168,11:09:49,25.42,--,5,12710,买盘
2169,11:09:43,25.42,0.01,2,5084,买盘
2170,11:09:40,25.41,-0.03,50,127050,卖盘
2171,11:09:37,25.44,--,294,747936,买盘
2172,11:09:31,25.44,0.04,17,43248,买盘
2173,11:09:28,25.4,-0.05,100,254000,卖盘
2174,11:09:25,25.45,0.05,43,109435,买盘
2175,11:09:22,25.4,--,4,10160,卖盘
2176,11:09:19,25.4,-0.02,75,190500,卖盘
2177,11:09:13,25.42,0.02,160,406720,买盘
2178,11:09:07,25.4,0.01,77,195580,买盘
2179,11:09:04,25.39,-0.01,34,86326,卖盘
2180,11:09:01,25.4,--,6,15240,买盘
2181,11:08:58,25.4,--,237,601980,买盘
2182,11:08:55,25.4,0.01,84,213360,买盘
2183,11:08:49,25.39,--,5,12695,买盘
2184,11:08:46,25.39,0.03,117,297063,买盘
2185,11:08:43,25.36,--,64,162304,买盘
2186,11:08:40,25.36,--,5,12680,买盘
2187,11:08:34,25.36,0.01,10,25360,买盘
2188,11:08:31,25.35,--,130,329550,卖盘
2189,11:08:28,25.35,0.04,218,552630,买盘
2190,11:08:25,25.31,--,60,151860,买盘
2191,11:08:22,25.31,0.01,434,1098454,买盘
2192,11:08:19,25.3,--,3,7590,买盘
2193,11:08:16,25.3,--,63,159390,买盘
2194,11:08:13,25.3,--,64,161920,买盘
2195,11:08:07,25.3,--,73,184690,买盘
2196,11:08:04,25.3,--,56,141680,买盘
2197,11:08:01,25.3,--,67,169510,买盘
2198,11:07:58,25.3,--,19,48070,买盘
2199,11:07:55,25.3,--,2,5060,买盘
2200,11:07:49,25.3,--,35,88550,买盘
2201,11:07:46,25.3,0.02,90,227700,买盘
2202,11:07:40,25.28,-0.01,22,55616,卖盘
2203,11:07:37,25.29,--,54,136566,买盘
2204,11:07:31,25.29,0.01,5,12645,买盘
2205,11:07:22,25.28,--,1,2528,买盘
2206,11:07:19,25.28,0.02,11,27808,买盘
2207,11:07:13,25.26,--,2,5052,卖盘
2208,11:07:10,25.26,0.01,224,565824,中性盘
2209,11:07:04,25.25,--,4,10100,卖盘
2210,11:07:01,25.25,0.01,17,43177,买盘
2211,11:06:58,25.24,-0.01,12,30287,卖盘
2212,11:06:55,25.25,--,55,138875,卖盘
2213,11:06:52,25.25,--,2,5050,买盘
2214,11:06:46,25.25,--,4,10100,买盘
2215,11:06:43,25.25,-0.02,6,15150,中性盘
2216,11:06:40,25.27,0.02,31,78337,中性盘
2217,11:06:31,25.25,--,8,20200,卖盘
2218,11:06:28,25.25,--,11,27775,买盘
2219,11:06:25,25.25,--,48,121200,卖盘
2220,11:06:16,25.25,-0.02,10,25250,卖盘
2221,11:06:13,25.27,0.02,65,164255,买盘
2222,11:06:07,25.25,--,55,138875,卖盘
2223,11:06:01,25.25,-0.01,7,17675,卖盘
2224,11:05:55,25.26,--,3,7578,买盘
2225,11:05:49,25.26,--,8,20208,买盘
2226,11:05:43,25.26,-0.01,75,189450,卖盘
2227,11:05:40,25.27,0.01,2,5054,买盘
2228,11:05:37,25.26,-0.01,11,27786,卖盘
2229,11:05:34,25.27,--,15,37905,卖盘
2230,11:05:31,25.27,--,2,5054,中性盘
2231,11:05:28,25.27,0.01,36,90972,买盘
2232,11:05:25,25.26,-0.01,8,20208,卖盘
2233,11:05:22,25.27,--,3,7581,买盘
2234,11:05:16,25.27,0.01,14,35378,买盘
2235,11:05:13,25.26,-0.01,4,10104,卖盘
2236,11:05:07,25.27,0.01,15,37905,买盘
2237,11:05:04,25.26,-0.01,3,7578,卖盘
2238,11:04:58,25.27,0.02,1,2527,买盘
2239,11:04:55,25.25,-0.02,250,631250,卖盘
2240,11:04:49,25.27,-0.01,10,25270,卖盘
2241,11:04:46,25.28,--,5,12640,买盘
2242,11:04:43,25.28,-0.01,7,17696,卖盘
2243,11:04:40,25.29,--,2,5058,买盘
2244,11:04:34,25.29,--,5,12645,买盘
2245,11:04:31,25.29,--,9,22761,买盘
2246,11:04:28,25.29,-0.01,123,311067,卖盘
2247,11:04:25,25.3,0.01,8,20240,买盘
2248,11:04:19,25.29,--,23,58167,卖盘
2249,11:04:16,25.29,-0.01,31,78399,卖盘
2250,11:04:13,25.3,0.01,19,48070,买盘
2251,11:04:10,25.29,--,64,161856,卖盘
2252,11:04:07,25.29,0.01,21,53109,买盘
2253,11:04:04,25.28,-0.01,15,37920,卖盘
2254,11:03:57,25.29,0.01,15,37935,买盘
2255,11:03:51,25.28,-0.01,22,55616,卖盘
2256,11:03:48,25.29,--,16,40464,卖盘
2257,11:03:45,25.29,0.01,5,12645,买盘
2258,11:03:42,25.28,-0.01,23,58144,卖盘
2259,11:03:39,25.29,--,49,123921,买盘
2260,11:03:36,25.29,--,30,75870,买盘
2261,11:03:30,25.29,--,19,48051,买盘
2262,11:03:27,25.29,-0.01,25,63225,卖盘
2263,11:03:24,25.3,0.01,7,17710,买盘
2264,11:03:21,25.29,--,61,154269,卖盘
2265,11:03:18,25.29,-0.01,35,88515,卖盘
2266,11:03:15,25.3,--,109,275770,买盘
2267,11:03:12,25.3,--,60,151800,买盘
2268,11:03:06,25.3,--,23,58190,买盘
2269,11:03:03,25.3,--,8,20240,买盘
2270,11:03:00,25.3,0.01,5,12650,买盘
2271,11:02:57,25.29,-0.01,8,20232,卖盘
2272,11:02:54,25.3,0.01,2,5060,买盘
2273,11:02:48,25.29,--,10,25290,卖盘
2274,11:02:45,25.29,--,30,75870,卖盘
2275,11:02:42,25.29,0.01,31,78399,买盘
2276,11:02:39,25.28,-0.01,113,285664,卖盘
2277,11:02:36,25.29,--,57,144153,买盘
2278,11:02:33,25.29,--,10,25290,买盘
2279,11:02:30,25.29,--,6,15174,买盘
2280,11:02:24,25.29,0.01,8,20232,买盘
2281,11:02:21,25.28,--,6,15168,买盘
2282,11:02:18,25.28,--,34,85952,买盘
2283,11:02:12,25.28,--,17,42976,买盘
2284,11:02:09,25.28,-0.01,37,93536,买盘
2285,11:02:06,25.29,0.01,18,45522,买盘
2286,11:02:03,25.28,--,83,209824,卖盘
2287,11:01:57,25.28,--,1,2528,卖盘
2288,11:01:54,25.28,--,33,83424,买盘
2289,11:01:51,25.28,--,15,37920,买盘
2290,11:01:48,25.28,--,73,184544,买盘
2291,11:01:36,25.28,--,67,169376,买盘
2292,11:01:27,25.28,0.02,12,30336,买盘
2293,11:01:21,25.26,--,2,5052,买盘
2294,11:01:15,25.26,0.01,1,2526,买盘
2295,11:01:12,25.25,--,30,75750,买盘
2296,11:01:06,25.25,0.01,388,979700,买盘
2297,11:01:03,25.24,-0.01,15,37860,中性盘
2298,11:01:00,25.25,0.02,36,90900,买盘
2299,11:00:57,25.23,--,3,7569,卖盘
2300,11:00:54,25.23,-0.02,21,52983,卖盘
2301,11:00:51,25.25,0.02,127,320675,买盘
2302,11:00:45,25.23,-0.02,99,249777,中性盘
2303,11:00:39,25.25,0.03,400,1010000,买盘
2304,11:00:30,25.22,0.02,14,35308,卖盘
2305,11:00:18,25.2,-0.02,6,15120,卖盘
2306,11:00:15,25.22,--,28,70616,买盘
2307,11:00:12,25.22,--,3,7566,买盘
2308,11:00:09,25.22,0.02,27,68094,买盘
2309,11:00:03,25.2,-0.02,10,25200,卖盘
2310,10:59:57,25.22,--,5,12610,买盘
2311,10:59:54,25.22,0.02,1,2522,买盘
2312,10:59:51,25.2,-0.02,0,1260,卖盘
2313,10:59:48,25.22,0.02,5,12610,买盘
2314,10:59:36,25.2,0.02,32,81194,买盘
2315,10:59:33,25.18,-0.01,3,7554,卖盘
2316,10:59:30,25.19,-0.01,4,10076,卖盘
2317,10:59:18,25.2,--,195,493365,卖盘
2318,10:59:09,25.2,-0.03,190,478800,卖盘
2319,10:59:03,25.23,--,2,5046,买盘
2320,10:59:00,25.23,--,15,37845,卖盘
2321,10:58:57,25.23,--,20,50460,卖盘
2322,10:58:54,25.23,--,2,5046,卖盘
2323,10:58:48,25.23,--,12,30276,卖盘
2324,10:58:45,25.23,--,26,65598,卖盘
2325,10:58:39,25.23,--,17,42891,卖盘
2326,10:58:33,25.23,--,8,20184,卖盘
2327,10:58:30,25.23,-0.01,4,10092,卖盘
2328,10:58:27,25.24,--,5,12620,卖盘
2329,10:58:24,25.24,-0.01,4,10096,卖盘
2330,10:58:21,25.25,0.01,22,55550,买盘
2331,10:58:18,25.24,-0.01,120,302880,卖盘
2332,10:58:15,25.25,0.01,15,37875,买盘
2333,10:58:09,25.24,--,27,68148,卖盘
2334,10:58:06,25.24,-0.01,7,17668,卖盘
2335,10:58:03,25.25,--,2,5050,买盘
2336,10:58:00,25.25,0.01,113,285325,买盘
2337,10:57:57,25.24,--,60,151440,卖盘
2338,10:57:51,25.24,-0.01,2,5048,卖盘
2339,10:57:48,25.25,0.01,8,20200,买盘
2340,10:57:45,25.24,-0.01,13,32812,卖盘
2341,10:57:42,25.25,0.01,54,136350,买盘
2342,10:57:39,25.24,--,33,83292,买盘
2343,10:57:36,25.24,-0.01,2,5048,中性盘
2344,10:57:30,25.25,--,12,30300,买盘
2345,10:57:27,25.25,--,10,25250,买盘
2346,10:57:24,25.25,0.01,40,101000,买盘
2347,10:57:21,25.24,--,6,15143,买盘
2348,10:57:18,25.24,--,5,12620,买盘
2349,10:57:12,25.24,--,27,68148,卖盘
2350,10:57:09,25.24,-0.01,58,146392,卖盘
2351,10:57:03,25.25,0.01,12,30300,买盘
2352,10:56:57,25.24,-0.01,8,20192,卖盘
2353,10:56:54,25.25,0.01,50,126250,买盘
2354,10:56:48,25.24,--,40,100960,买盘
2355,10:56:42,25.24,0.04,2,5048,买盘
2356,10:56:36,25.2,-0.02,200,504000,卖盘
2357,10:56:33,25.22,0.02,129,325338,买盘
2358,10:56:30,25.2,-0.01,56,141120,卖盘
2359,10:56:27,25.21,--,23,57983,买盘
2360,10:56:24,25.21,--,2,5042,买盘
2361,10:56:21,25.21,0.01,5,12605,买盘
2362,10:56:18,25.2,--,2,5040,卖盘
2363,10:56:15,25.2,--,10,25200,卖盘
2364,10:56:12,25.2,--,228,575114,买盘
2365,10:56:06,25.2,--,116,292320,买盘
2366,10:56:00,25.2,0.01,40,100800,买盘
2367,10:55:51,25.19,0.02,2,5038,买盘
2368,10:55:48,25.17,-0.01,10,25170,卖盘
2369,10:55:45,25.18,--,17,42806,买盘
2370,10:55:42,25.18,0.01,46,115828,买盘
2371,10:55:39,25.17,--,15,37755,买盘
2372,10:55:36,25.17,-0.01,84,213391,卖盘
2373,10:55:33,25.18,--,48,121417,买盘
2374,10:55:30,25.18,--,4,10072,买盘
2375,10:55:27,25.18,--,6,15108,买盘
2376,10:55:24,25.18,--,14,35252,买盘
2377,10:55:21,25.18,--,31,78058,买盘
2378,10:55:18,25.18,--,84,211512,卖盘
2379,10:55:15,25.18,0.01,21,52878,买盘
2380,10:55:12,25.17,-0.01,7,17619,卖盘
2381,10:55:09,25.18,--,9,22662,买盘
2382,10:55:06,25.18,--,13,32734,买盘
2383,10:55:03,25.18,0.01,76,191368,买盘
2384,10:55:00,25.17,--,28,70476,买盘
2385,10:54:57,25.17,--,10,25170,买盘
2386,10:54:54,25.17,-0.02,109,274353,卖盘
2387,10:54:48,25.19,0.01,1,2519,买盘
2388,10:54:45,25.18,0.01,158,397844,买盘
2389,10:54:42,25.17,-0.01,5,12585,卖盘
2390,10:54:39,25.18,--,22,55396,卖盘
2391,10:54:33,25.18,--,7,17626,买盘
2392,10:54:30,25.18,0.01,9,22662,买盘
2393,10:54:27,25.17,--,3,7551,卖盘
2394,10:54:21,25.17,--,61,153537,买盘
2395,10:54:12,25.17,--,503,1266051,买盘
2396,10:54:06,25.17,0.01,70,176190,买盘
2397,10:53:57,25.16,0.01,18,45288,买盘
2398,10:53:48,25.15,--,1,2515,买盘
2399,10:53:45,25.15,0.01,22,55330,买盘
2400,10:53:39,25.14,--,2,5028,卖盘
2401,10:53:33,25.14,--,38,95532,买盘
2402,10:53:30,25.14,--,20,50280,买盘
2403,10:53:24,25.14,--,12,30168,买盘
2404,10:53:21,25.14,0.01,7,17598,买盘
2405,10:53:15,25.13,--,46,117331,买盘
2406,10:53:12,25.13,--,37,92981,买盘
2407,10:53:06,25.13,--,13,32669,买盘
2408,10:53:03,25.13,--,15,37695,买盘
2409,10:53:00,25.13,--,8,20104,买盘
2410,10:52:57,25.13,0.01,44,110572,买盘
2411,10:52:54,25.12,-0.01,39,97968,卖盘
2412,10:52:51,25.13,0.01,23,57799,买盘
2413,10:52:48,25.12,-0.01,182,457184,卖盘
2414,10:52:45,25.13,0.01,10,25130,买盘
2415,10:52:42,25.12,--,5,12560,卖盘
2416,10:52:39,25.12,-0.01,4,10048,卖盘
2417,10:52:36,25.13,--,1,2513,买盘
2418,10:52:27,25.13,0.02,17,42721,买盘
2419,10:52:24,25.11,-0.02,7,17577,卖盘
2420,10:52:18,25.13,--,33,82929,买盘
2421,10:52:12,25.13,0.01,20,50260,买盘
2422,10:52:09,25.12,--,30,76766,卖盘
2423,10:52:03,25.12,--,10,25120,卖盘
2424,10:52:00,25.12,-0.01,8,20096,卖盘
2425,10:51:54,25.13,0.01,58,145754,买盘
2426,10:51:48,25.12,--,68,170816,卖盘
2427,10:51:45,25.12,-0.01,50,125600,卖盘
2428,10:51:39,25.13,--,3,7539,买盘
2429,10:51:33,25.13,0.01,13,32669,买盘
2430,10:51:30,25.12,-0.01,8,20096,卖盘
2431,10:51:21,25.13,--,10,25130,买盘
2432,10:51:15,25.13,--,4,10052,买盘
2433,10:51:12,25.13,--,14,37066,卖盘
2434,10:51:09,25.13,--,5,12565,卖盘
2435,10:51:06,25.13,--,9,22617,卖盘
2436,10:51:03,25.13,--,19,47747,卖盘
2437,10:51:00,25.13,--,40,100520,卖盘
2438,10:50:54,25.13,--,5,12565,卖盘
2439,10:50:51,25.13,--,9,22617,卖盘
2440,10:50:42,25.13,--,31,77903,卖盘
2441,10:50:39,25.13,-0.01,12,30156,卖盘
2442,10:50:33,25.14,--,30,75420,买盘
2443,10:50:27,25.14,0.01,1,2514,买盘
2444,10:50:18,25.13,-0.01,128,321664,卖盘
2445,10:50:09,25.14,-0.01,16,40224,卖盘
2446,10:50:06,25.15,0.01,15,37725,买盘
2447,10:50:03,25.14,--,39,98046,卖盘
2448,10:49:57,25.14,-0.01,12,30168,卖盘
2449,10:49:54,25.15,0.01,7,17605,买盘
2450,10:49:51,25.14,-0.01,21,52794,卖盘
2451,10:49:45,25.15,--,35,88025,买盘
2452,10:49:36,25.15,--,5,12575,买盘
2453,10:49:33,25.15,0.01,12,30180,买盘
2454,10:49:30,25.14,--,8,20112,卖盘
2455,10:49:27,25.14,-0.01,3,7542,卖盘
2456,10:49:24,25.15,--,5,12575,买盘
2457,10:49:21,25.15,--,21,52815,卖盘
2458,10:49:18,25.15,--,8,20120,卖盘
2459,10:49:15,25.15,--,2,5030,卖盘
2460,10:49:12,25.15,--,2,5030,卖盘
2461,10:49:09,25.15,0.01,6,15090,买盘
2462,10:49:03,25.14,-0.01,6,15084,卖盘
2463,10:49:00,25.15,--,6,15090,买盘
2464,10:48:57,25.15,0.01,29,72935,买盘
2465,10:48:54,25.14,--,21,52794,卖盘
2466,10:48:51,25.14,--,18,45252,卖盘
2467,10:48:48,25.14,-0.01,1,2514,卖盘
2468,10:48:45,25.15,0.01,10,25150,买盘
2469,10:48:39,25.14,-0.01,7,17598,卖盘
2470,10:48:33,25.15,0.01,11,27665,买盘
2471,10:48:27,25.14,--,1,2514,卖盘
2472,10:48:24,25.14,--,11,27654,卖盘
2473,10:48:21,25.14,-0.01,8,20112,卖盘
2474,10:48:18,25.15,0.01,73,184223,买盘
2475,10:48:12,25.14,0.01,1,2514,买盘
2476,10:48:09,25.13,-0.01,6,15078,卖盘
2477,10:48:06,25.14,--,6,15084,买盘
2478,10:48:00,25.14,--,22,55308,买盘
2479,10:47:48,25.14,--,2,5028,买盘
2480,10:47:45,25.14,0.01,17,42738,买盘
2481,10:47:42,25.13,-0.01,15,37695,卖盘
2482,10:47:36,25.14,--,12,30168,买盘
2483,10:47:30,25.14,-0.01,87,218718,卖盘
2484,10:47:27,25.15,0.01,28,70420,买盘
2485,10:47:24,25.14,-0.01,7,17598,卖盘
2486,10:47:15,25.15,0.01,1,2515,买盘
2487,10:47:12,25.14,--,46,115644,卖盘
2488,10:47:09,25.14,--,2,5028,中性盘
2489,10:47:00,25.14,--,49,123186,买盘
2490,10:46:57,25.14,--,25,62850,买盘
2491,10:46:54,25.14,--,2,5028,买盘
2492,10:46:51,25.14,--,3,7542,买盘
2493,10:46:42,25.14,--,140,351960,买盘
2494,10:46:39,25.14,--,13,32682,买盘
2495,10:46:36,25.14,--,36,90504,卖盘
2496,10:46:33,25.14,--,2,5028,卖盘
2497,10:46:27,25.14,--,16,40224,卖盘
2498,10:46:21,25.14,0.01,6,15084,卖盘
2499,10:46:18,25.13,-0.01,23,57799,卖盘
2500,10:46:15,25.14,--,23,57822,买盘
2501,10:46:12,25.14,--,88,221232,买盘
2502,10:46:09,25.14,--,19,47766,买盘
2503,10:46:06,25.14,--,14,35196,买盘
2504,10:46:03,25.14,--,4,10056,买盘
2505,10:46:00,25.14,-0.01,33,82962,卖盘
2506,10:45:57,25.15,--,11,27665,买盘
2507,10:45:48,25.15,--,3,7545,买盘
2508,10:45:42,25.15,-0.01,1,2515,买盘
2509,10:45:36,25.16,0.02,15,37740,买盘
2510,10:45:33,25.14,-0.02,18,45252,卖盘
2511,10:45:30,25.16,0.01,7,17612,买盘
2512,10:45:18,25.15,-0.01,1,2515,中性盘
2513,10:45:12,25.16,0.03,13,32708,买盘
2514,10:45:03,25.13,0.01,12,30156,中性盘
2515,10:44:54,25.12,-0.05,39,97968,卖盘
2516,10:44:51,25.17,0.01,50,125850,买盘
2517,10:44:45,25.16,-0.01,10,25160,卖盘
2518,10:44:42,25.17,0.01,32,80544,买盘
2519,10:44:39,25.16,-0.01,15,37740,卖盘
2520,10:44:33,25.17,--,2,5034,买盘
2521,10:44:27,25.17,--,17,42789,卖盘
2522,10:44:24,25.17,-0.01,8,20136,卖盘
2523,10:44:21,25.18,--,7,17626,买盘
2524,10:44:18,25.18,--,5,12590,买盘
2525,10:44:09,25.18,--,2,5036,买盘
2526,10:44:06,25.18,-0.01,12,30216,卖盘
2527,10:44:00,25.19,0.01,7,17633,买盘
2528,10:43:48,25.18,0.02,5,12590,买盘
2529,10:43:42,25.16,--,2,5032,卖盘
2530,10:43:29,25.16,--,1,2516,卖盘
2531,10:43:26,25.16,--,28,70448,买盘
2532,10:43:20,25.16,-0.02,23,57868,卖盘
2533,10:43:14,25.18,0.06,7,17626,买盘
2534,10:43:11,25.12,-0.07,322,808864,卖盘
2535,10:43:05,25.19,-0.01,4,10076,中性盘
2536,10:43:02,25.2,0.04,12,30240,买盘
2537,10:42:59,25.16,-0.03,5,12580,卖盘
2538,10:42:50,25.19,0.03,1,2519,买盘
2539,10:42:47,25.16,--,3,7548,卖盘
2540,10:42:44,25.16,--,17,42772,买盘
2541,10:42:38,25.16,--,1,2516,买盘
2542,10:42:35,25.16,--,75,188700,买盘
2543,10:42:32,25.16,--,12,30192,买盘
2544,10:42:29,25.16,--,2,5032,买盘
2545,10:42:26,25.16,0.01,30,75480,买盘
2546,10:42:17,25.15,--,5,12575,卖盘
2547,10:42:11,25.15,--,28,70420,买盘
2548,10:42:08,25.15,0.01,12,30180,买盘
2549,10:42:05,25.14,--,1,2514,卖盘
2550,10:42:02,25.14,-0.01,2,5028,卖盘
2551,10:41:59,25.15,--,2,5030,卖盘
2552,10:41:56,25.15,0.01,3,7545,买盘
2553,10:41:50,25.14,0.01,1,2514,买盘
2554,10:41:47,25.13,0.01,5,12565,卖盘
2555,10:41:41,25.12,-0.01,7,17584,卖盘
2556,10:41:38,25.13,--,110,276430,买盘
2557,10:41:32,25.13,--,14,35182,买盘
2558,10:41:29,25.13,--,6,15078,买盘
2559,10:41:23,25.13,0.01,5,12565,买盘
2560,10:41:20,25.12,--,5,13665,买盘
2561,10:41:17,25.12,--,22,55264,买盘
2562,10:41:11,25.12,0.01,19,47728,买盘
2563,10:41:08,25.11,-0.01,1,2511,卖盘
2564,10:41:02,25.12,0.01,10,25120,买盘
2565,10:40:59,25.11,--,18,45198,买盘
2566,10:40:56,25.11,-0.01,14,35154,卖盘
2567,10:40:50,25.12,--,42,105504,卖盘
2568,10:40:41,25.12,0.01,165,414480,买盘
2569,10:40:38,25.11,-0.01,1,2511,卖盘
2570,10:40:35,25.12,--,68,170816,买盘
2571,10:40:32,25.12,--,5,12560,买盘
2572,10:40:29,25.12,--,2,5024,买盘
2573,10:40:26,25.12,--,19,47728,卖盘
2574,10:40:23,25.12,--,30,75360,卖盘
2575,10:40:20,25.12,-0.01,22,55264,卖盘
2576,10:40:14,25.13,0.01,10,25130,买盘
2577,10:40:11,25.12,-0.01,32,80384,卖盘
2578,10:40:05,25.13,--,1,2513,买盘
2579,10:39:59,25.13,--,18,46641,卖盘
2580,10:39:53,25.13,--,12,30156,卖盘
2581,10:39:50,25.13,-0.01,151,380568,卖盘
2582,10:39:44,25.14,--,20,50280,买盘
2583,10:39:41,25.14,--,1,2514,买盘
2584,10:39:38,25.14,-0.02,141,354474,卖盘
2585,10:39:35,25.16,0.01,21,52836,买盘
2586,10:39:29,25.15,--,7,17605,卖盘
2587,10:39:26,25.15,-0.01,1,2515,买盘
2588,10:39:20,25.16,0.02,38,95608,买盘
2589,10:39:17,25.14,-0.01,27,67878,卖盘
2590,10:39:11,25.15,0.01,7,17605,买盘
2591,10:39:05,25.14,--,5,12570,卖盘
2592,10:39:02,25.14,-0.02,30,75420,卖盘
2593,10:38:56,25.16,0.01,12,30192,买盘
2594,10:38:53,25.15,-0.05,44,110660,卖盘
2595,10:38:41,25.2,0.04,7,17640,买盘
2596,10:38:38,25.16,-0.04,20,50320,卖盘
2597,10:38:35,25.2,--,17,42840,卖盘
2598,10:38:32,25.2,--,64,161280,买盘
2599,10:38:26,25.2,--,99,249480,卖盘
2600,10:38:23,25.2,--,12,30240,卖盘
2601,10:38:20,25.2,--,34,85680,卖盘
2602,10:38:17,25.2,--,12,30240,卖盘
2603,10:38:11,25.2,--,162,408240,买盘
2604,10:38:08,25.2,--,7,17640,买盘
2605,10:38:05,25.2,0.04,1,2520,买盘
2606,10:38:02,25.16,-0.04,10,25160,卖盘
2607,10:37:59,25.2,--,1,2520,买盘
2608,10:37:56,25.2,--,19,47880,买盘
2609,10:37:53,25.2,--,21,52920,买盘
2610,10:37:50,25.2,--,21,52920,卖盘
2611,10:37:47,25.2,--,57,143640,卖盘
2612,10:37:41,25.2,--,131,330120,卖盘
2613,10:37:35,25.2,--,35,88200,卖盘
2614,10:37:32,25.2,-0.01,11,27720,卖盘
2615,10:37:26,25.21,0.06,209,526889,买盘
2616,10:37:23,25.15,-0.04,493,1239895,卖盘
2617,10:37:17,25.19,-0.01,2,5038,卖盘
2618,10:37:14,25.2,--,4,10080,买盘
2619,10:37:11,25.2,--,13,32760,买盘
2620,10:37:08,25.2,-0.02,162,408240,卖盘
2621,10:37:05,25.22,--,2,5044,卖盘
2622,10:37:02,25.22,--,25,63050,卖盘
2623,10:36:59,25.22,0.02,8,20176,卖盘
2624,10:36:53,25.2,-0.02,7,17640,卖盘
2625,10:36:50,25.22,0.01,5,12610,买盘
2626,10:36:47,25.21,-0.01,10,25210,卖盘
2627,10:36:44,25.22,0.01,8,20176,买盘
2628,10:36:41,25.21,--,5,12605,卖盘
2629,10:36:38,25.21,-0.01,1,2521,卖盘
2630,10:36:29,25.22,-0.03,487,1228214,卖盘
2631,10:36:26,25.25,--,20,50500,买盘
2632,10:36:17,25.25,--,10,25250,买盘
2633,10:36:11,25.25,-0.01,182,459550,卖盘
2634,10:36:08,25.26,-0.01,40,101040,卖盘
2635,10:36:05,25.27,-0.01,7,17689,卖盘
2636,10:35:59,25.28,0.01,4,10112,买盘
2637,10:35:56,25.27,--,15,37905,卖盘
2638,10:35:53,25.27,--,6,15162,卖盘
2639,10:35:44,25.27,0.01,45,113715,买盘
2640,10:35:38,25.26,-0.01,38,95988,卖盘
2641,10:35:35,25.27,0.01,18,45486,买盘
2642,10:35:32,25.26,-0.01,20,50520,卖盘
2643,10:35:29,25.27,--,8,20216,买盘
2644,10:35:26,25.27,0.01,15,37905,买盘
2645,10:35:20,25.26,-0.01,20,50520,卖盘
2646,10:35:17,25.27,0.01,8,20216,买盘
2647,10:35:11,25.26,-0.01,1,2526,卖盘
2648,10:35:08,25.27,--,2,5054,买盘
2649,10:35:05,25.27,--,24,60648,买盘
2650,10:35:02,25.27,0.01,2,5054,买盘
2651,10:34:56,25.26,--,2,5052,卖盘
2652,10:34:50,25.26,-0.01,6,15156,中性盘
2653,10:34:47,25.27,0.03,41,103607,买盘
2654,10:34:44,25.24,--,10,25240,卖盘
2655,10:34:41,25.24,--,30,75720,卖盘
2656,10:34:38,25.24,-0.01,24,60575,卖盘
2657,10:34:35,25.25,0.01,39,98475,买盘
2658,10:34:32,25.24,--,16,40384,卖盘
2659,10:34:29,25.24,--,51,128723,卖盘
2660,10:34:23,25.24,--,1,2524,卖盘
2661,10:34:20,25.24,--,43,108532,卖盘
2662,10:34:17,25.24,--,2,5048,卖盘
2663,10:34:11,25.24,--,1,2524,卖盘
2664,10:34:08,25.24,0.01,5,12620,买盘
2665,10:34:05,25.23,--,10,25230,卖盘
2666,10:34:02,25.23,0.01,16,40368,卖盘
2667,10:33:56,25.22,-0.01,13,32786,卖盘
2668,10:33:50,25.23,--,8,20184,买盘
2669,10:33:47,25.23,--,8,20184,买盘
2670,10:33:44,25.23,--,20,50460,买盘
2671,10:33:41,25.23,-0.01,12,30276,卖盘
2672,10:33:38,25.24,--,20,50480,买盘
2673,10:33:35,25.24,0.01,21,53004,买盘
2674,10:33:26,25.23,-0.01,34,85782,卖盘
2675,10:33:23,25.24,0.01,2,5048,买盘
2676,10:33:20,25.23,-0.01,6,15138,卖盘
2677,10:33:11,25.24,0.01,4,10096,中性盘
2678,10:32:59,25.23,--,20,50460,卖盘
2679,10:32:56,25.23,-0.01,10,25230,卖盘
2680,10:32:53,25.24,--,60,151440,买盘
2681,10:32:47,25.24,--,39,98436,买盘
2682,10:32:44,25.24,0.01,1,2524,买盘
2683,10:32:41,25.23,-0.01,1,2523,卖盘
2684,10:32:38,25.24,0.02,8,20192,买盘
2685,10:32:32,25.22,-0.02,35,88270,卖盘
2686,10:32:26,25.24,-0.04,34,85816,卖盘
2687,10:32:23,25.28,0.05,57,144096,买盘
2688,10:32:20,25.23,--,15,37845,买盘
2689,10:32:17,25.23,--,117,295191,卖盘
2690,10:32:14,25.23,-0.01,12,30276,卖盘
2691,10:32:08,25.24,0.01,10,25240,买盘
2692,10:32:05,25.23,-0.01,1,2523,卖盘
2693,10:32:02,25.24,0.01,18,45432,买盘
2694,10:31:59,25.23,--,1,2523,卖盘
2695,10:31:53,25.23,--,8,20184,卖盘
2696,10:31:41,25.23,--,1,2523,买盘
2697,10:31:38,25.23,--,1,2523,买盘
2698,10:31:35,25.23,--,5,12615,买盘
2699,10:31:32,25.23,--,31,78213,买盘
2700,10:31:29,25.23,0.01,21,52983,买盘
2701,10:31:26,25.22,-0.01,28,70616,卖盘
2702,10:31:23,25.23,0.01,11,27753,买盘
2703,10:31:20,25.22,-0.01,31,78182,卖盘
2704,10:31:17,25.23,--,19,47937,买盘
2705,10:31:14,25.23,0.01,19,47937,买盘
2706,10:31:11,25.22,--,7,17654,卖盘
2707,10:31:08,25.22,-0.01,10,25220,卖盘
2708,10:31:05,25.23,0.01,9,22707,买盘
2709,10:31:02,25.22,--,17,42874,卖盘
2710,10:30:56,25.22,--,16,40352,卖盘
2711,10:30:53,25.22,--,31,78182,卖盘
2712,10:30:47,25.22,--,4,10088,卖盘
2713,10:30:44,25.22,--,10,25220,卖盘
2714,10:30:41,25.22,--,27,68094,卖盘
2715,10:30:38,25.22,-0.01,50,126100,卖盘
2716,10:30:32,25.23,0.01,5,12615,买盘
2717,10:30:26,25.22,--,39,98358,卖盘
2718,10:30:20,25.22,--,53,133666,卖盘
2719,10:30:17,25.22,-0.01,7,17654,卖盘
2720,10:30:14,25.23,--,24,60552,买盘
2721,10:30:11,25.23,0.01,11,27753,买盘
2722,10:30:08,25.22,-0.01,48,121056,卖盘
2723,10:30:02,25.23,--,5,12615,买盘
2724,10:29:56,25.23,--,11,27753,买盘
2725,10:29:53,25.23,-0.01,34,85782,卖盘
2726,10:29:50,25.24,0.01,13,32812,买盘
2727,10:29:47,25.23,-0.01,14,35322,卖盘
2728,10:29:38,25.24,--,16,40384,卖盘
2729,10:29:35,25.24,--,1,2524,卖盘
2730,10:29:29,25.24,-0.01,10,25240,卖盘
2731,10:29:26,25.25,--,19,47975,卖盘
2732,10:29:23,25.25,--,4,10100,卖盘
2733,10:29:20,25.25,--,106,267650,卖盘
2734,10:29:14,25.25,--,56,141400,卖盘
2735,10:29:11,25.25,--,15,37875,卖盘
2736,10:29:08,25.25,-0.04,9,22725,卖盘
2737,10:29:05,25.29,0.04,41,103689,买盘
2738,10:29:02,25.25,-0.01,227,573175,卖盘
2739,10:28:59,25.26,--,3,7578,买盘
2740,10:28:56,25.26,-0.03,33,83358,卖盘
2741,10:28:50,25.29,0.01,25,63225,买盘
2742,10:28:47,25.28,--,44,111232,买盘
2743,10:28:44,25.28,-0.02,60,151680,卖盘
2744,10:28:41,25.3,0.01,42,106260,买盘
2745,10:28:38,25.29,--,3,7587,卖盘
2746,10:28:35,25.29,-0.01,30,75870,卖盘
2747,10:28:29,25.3,-0.01,47,118910,卖盘
2748,10:28:26,25.31,0.01,23,58213,买盘
2749,10:28:23,25.3,--,8,20240,卖盘
2750,10:28:20,25.3,0.01,75,189750,中性盘
2751,10:28:17,25.29,-0.01,109,275661,卖盘
2752,10:28:14,25.3,--,82,207460,买盘
2753,10:28:11,25.3,--,115,290950,买盘
2754,10:28:08,25.3,--,3,7590,买盘
2755,10:28:05,25.3,--,19,48070,买盘
2756,10:28:02,25.3,0.01,85,215050,买盘
2757,10:27:59,25.29,-0.01,2,5058,卖盘
2758,10:27:56,25.3,0.01,75,189750,买盘
2759,10:27:53,25.29,--,13,32877,卖盘
2760,10:27:47,25.29,0.02,201,508329,买盘
2761,10:27:44,25.27,-0.01,12,30324,卖盘
2762,10:27:41,25.28,-0.01,7,17696,卖盘
2763,10:27:38,25.29,0.02,13,32877,买盘
2764,10:27:35,25.27,-0.02,21,53067,卖盘
2765,10:27:32,25.29,0.01,17,42993,买盘
2766,10:27:29,25.28,--,13,32864,买盘
2767,10:27:26,25.28,-0.01,31,78368,卖盘
2768,10:27:17,25.29,--,5,12645,买盘
2769,10:27:14,25.29,0.01,25,63225,买盘
2770,10:27:11,25.28,--,33,83424,卖盘
2771,10:27:08,25.28,--,45,113760,卖盘
2772,10:27:05,25.28,-0.01,50,126400,卖盘
2773,10:27:02,25.29,0.01,18,45522,买盘
2774,10:26:56,25.28,--,29,73312,卖盘
2775,10:26:53,25.28,--,30,75840,卖盘
2776,10:26:50,25.28,-0.01,7,17696,卖盘
2777,10:26:44,25.29,0.01,3,7587,买盘
2778,10:26:41,25.28,--,428,1081984,买盘
2779,10:26:38,25.28,--,30,75840,买盘
2780,10:26:35,25.28,--,46,116288,买盘
2781,10:26:32,25.28,--,20,50560,买盘
2782,10:26:29,25.28,--,10,25280,买盘
2783,10:26:26,25.28,--,11,27808,买盘
2784,10:26:23,25.28,--,5,12640,买盘
2785,10:26:20,25.28,--,5,12640,买盘
2786,10:26:14,25.28,--,3,7584,买盘
2787,10:26:08,25.28,0.01,102,257856,买盘
2788,10:26:02,25.27,--,4,10108,卖盘
2789,10:25:59,25.27,--,26,65702,买盘
2790,10:25:56,25.27,--,3,7581,买盘
2791,10:25:50,25.27,--,10,25270,买盘
