,time,price,change,volume,amount,type
0,15:00:24,5.13,--,831,426456,卖盘
1,14:57:42,5.13,--,0,0,卖盘
2,14:56:51,5.13,--,103,52839,卖盘
3,14:56:45,5.13,--,50,25650,卖盘
4,14:56:39,5.13,--,72,36936,卖盘
5,14:56:30,5.13,--,1,513,卖盘
6,14:56:12,5.13,--,5,2565,卖盘
7,14:56:03,5.13,--,3,1539,卖盘
8,14:55:12,5.13,--,4,2052,卖盘
9,14:55:03,5.13,--,20,10260,卖盘
10,14:55:00,5.13,--,40,20520,卖盘
11,14:54:39,5.13,--,30,15390,卖盘
12,14:54:27,5.13,--,22,11286,卖盘
13,14:53:36,5.13,--,20,10260,卖盘
14,14:53:12,5.13,--,120,61560,卖盘
15,14:53:09,5.13,--,28,14364,卖盘
16,14:53:06,5.13,--,22,11286,卖盘
17,14:53:03,5.13,--,7,3591,卖盘
18,14:52:48,5.13,--,1,513,卖盘
19,14:52:36,5.13,--,10,5130,卖盘
20,14:52:27,5.13,--,3,1539,卖盘
21,14:52:21,5.13,--,35,17955,卖盘
22,14:52:06,5.13,--,4,2052,卖盘
23,14:51:51,5.13,--,31,15903,卖盘
24,14:51:15,5.13,--,2,1026,卖盘
25,14:51:00,5.13,--,10,5130,卖盘
26,14:50:48,5.13,--,10,5130,卖盘
27,14:50:45,5.13,--,7,3591,卖盘
28,14:50:30,5.13,--,5,2565,卖盘
29,14:50:21,5.13,--,40,20520,卖盘
30,14:50:06,5.13,--,13,6669,卖盘
31,14:50:00,5.13,--,17,8721,卖盘
32,14:49:51,5.13,--,9,4617,卖盘
33,14:49:42,5.13,--,3,1539,卖盘
34,14:49:39,5.13,--,3262,1673406,卖盘
35,14:49:18,5.13,--,3,1539,卖盘
36,14:49:00,5.13,--,5,2565,卖盘
37,14:48:42,5.13,--,15,7695,卖盘
38,14:48:09,5.13,--,1,513,卖盘
39,14:47:51,5.13,--,10,5130,卖盘
40,14:46:57,5.13,--,10,5130,卖盘
41,14:46:48,5.13,--,12,6156,卖盘
42,14:46:39,5.13,--,10,5130,卖盘
43,14:46:30,5.13,--,1,513,卖盘
44,14:46:27,5.13,--,40,20520,卖盘
45,14:46:06,5.13,--,5,2565,卖盘
46,14:44:48,5.13,--,280,143640,卖盘
47,14:43:12,5.13,--,5,2565,卖盘
48,14:42:33,5.13,--,10,5130,卖盘
49,14:42:15,5.13,--,2,1026,卖盘
50,14:42:03,5.13,--,10,5130,卖盘
51,14:41:57,5.13,--,20,10260,卖盘
52,14:41:21,5.13,--,1,513,卖盘
53,14:41:12,5.13,--,20,10260,卖盘
54,14:40:45,5.13,--,10,5130,卖盘
55,14:40:32,5.13,--,1,513,卖盘
56,14:40:08,5.13,--,5,2565,卖盘
57,14:39:59,5.13,--,10,5130,卖盘
58,14:39:50,5.13,--,5,2565,卖盘
59,14:38:41,5.13,--,3,1539,卖盘
60,14:36:47,5.13,--,10,5130,卖盘
61,14:36:20,5.13,--,3,1539,卖盘
62,14:36:02,5.13,--,3,1539,卖盘
63,14:34:44,5.13,--,6,3078,卖盘
64,14:34:38,5.13,--,2,1026,卖盘
65,14:34:23,5.13,--,3,1539,卖盘
66,14:33:56,5.13,--,5,2565,卖盘
67,14:33:53,5.13,--,8,4104,卖盘
68,14:32:23,5.13,--,15,7695,卖盘
69,14:31:32,5.13,--,5,2565,卖盘
70,14:31:23,5.13,--,5,2565,卖盘
71,14:30:29,5.13,--,5,2565,卖盘
72,14:28:47,5.13,--,11,5643,卖盘
73,14:28:20,5.13,--,10,5130,卖盘
74,14:28:17,5.13,--,9,4617,卖盘
75,14:27:23,5.13,--,5,2565,卖盘
76,14:24:29,5.13,--,31,15903,卖盘
77,14:24:20,5.13,--,2,1026,卖盘
78,14:23:56,5.13,--,6,3078,卖盘
79,14:23:53,5.13,--,55,28215,卖盘
80,14:23:23,5.13,--,2,1026,卖盘
81,14:23:11,5.13,--,1,513,卖盘
82,14:22:59,5.13,--,3,1539,卖盘
83,14:22:38,5.13,--,21,10773,卖盘
84,14:22:29,5.13,--,5,2565,卖盘
85,14:22:02,5.13,--,10,5130,卖盘
86,14:21:50,5.13,--,20,10260,卖盘
87,14:21:17,5.13,--,5,2565,卖盘
88,14:20:37,5.13,--,12,6156,卖盘
89,14:20:22,5.13,--,4,2052,卖盘
90,14:19:58,5.13,--,2,1026,卖盘
91,14:19:43,5.13,--,5,2565,卖盘
92,14:19:34,5.13,--,10,5130,卖盘
93,14:19:31,5.13,--,10,5130,卖盘
94,14:19:07,5.13,--,20,10260,卖盘
95,14:18:19,5.13,--,6,3078,卖盘
96,14:17:31,5.13,--,3,1539,卖盘
97,14:17:13,5.13,--,5,2565,卖盘
98,14:16:58,5.13,--,46,23598,卖盘
99,14:16:46,5.13,--,7,3591,卖盘
100,14:16:25,5.13,--,23,11799,卖盘
101,14:14:28,5.13,--,64,32832,卖盘
102,14:13:19,5.13,--,30,15390,卖盘
103,14:13:13,5.13,--,10,5130,卖盘
104,14:12:43,5.13,--,1,513,卖盘
105,14:12:34,5.13,--,30,15390,卖盘
106,14:10:28,5.13,--,9,4617,卖盘
107,14:10:07,5.13,--,220,112860,卖盘
108,14:09:40,5.13,--,3,1539,卖盘
109,14:09:16,5.13,--,2,1026,卖盘
110,14:08:49,5.13,--,9,4719,卖盘
111,14:08:46,5.13,--,8,4104,卖盘
112,14:08:25,5.13,--,10,5130,卖盘
113,14:08:19,5.13,--,6,3078,卖盘
114,14:07:43,5.13,--,6,3078,卖盘
115,14:07:28,5.13,--,42,21546,卖盘
116,14:07:25,5.13,--,11,5643,卖盘
117,14:06:58,5.13,--,5,2565,卖盘
118,14:06:04,5.13,--,30,15390,卖盘
119,14:05:37,5.13,--,100,51300,卖盘
120,14:04:55,5.13,--,2,1026,卖盘
121,14:04:22,5.13,--,1,513,卖盘
122,14:04:19,5.13,--,5,2565,卖盘
123,14:04:07,5.13,--,20,10260,卖盘
124,14:03:58,5.13,--,20,10260,卖盘
125,14:03:31,5.13,--,207,106191,卖盘
126,14:02:58,5.13,--,3,1539,卖盘
127,14:02:43,5.13,--,10,5130,卖盘
128,14:02:22,5.13,--,2,1026,卖盘
129,14:02:07,5.13,--,2,1026,卖盘
130,14:01:49,5.13,--,1,513,卖盘
131,14:00:24,5.13,--,19,9747,卖盘
132,13:59:48,5.13,--,1,513,卖盘
133,13:59:42,5.13,--,20,10260,卖盘
134,13:58:30,5.13,--,10,5130,卖盘
135,13:58:06,5.13,--,50,25650,卖盘
136,13:57:54,5.13,--,1,513,卖盘
137,13:57:06,5.13,--,1,513,卖盘
138,13:56:57,5.13,--,50,25650,卖盘
139,13:56:21,5.13,--,1,513,卖盘
140,13:56:06,5.13,--,3,1539,卖盘
141,13:55:42,5.13,--,6,3078,卖盘
142,13:55:39,5.13,--,68,34884,卖盘
143,13:55:18,5.13,--,173,88749,卖盘
144,13:55:15,5.13,--,5,2565,卖盘
145,13:54:57,5.13,--,7,3591,卖盘
146,13:54:51,5.13,--,10,5130,卖盘
147,13:54:42,5.13,--,2,1026,卖盘
148,13:54:36,5.13,--,10,5130,卖盘
149,13:54:33,5.13,--,20,10260,卖盘
150,13:54:18,5.13,--,10,5130,卖盘
151,13:53:57,5.13,--,2,1026,卖盘
152,13:53:21,5.13,--,20,10260,卖盘
153,13:52:21,5.13,--,10,5130,卖盘
154,13:52:03,5.13,--,3,1539,卖盘
155,13:51:24,5.13,--,9,4617,卖盘
156,13:50:36,5.13,--,20,10260,卖盘
157,13:50:21,5.13,--,2,1026,卖盘
158,13:49:48,5.13,--,15,7695,卖盘
159,13:49:09,5.13,--,10,5130,卖盘
160,13:48:51,5.13,--,54,27702,卖盘
161,13:47:45,5.13,--,50,25650,卖盘
162,13:47:24,5.13,--,1,513,卖盘
163,13:46:39,5.13,--,14,7182,卖盘
164,13:45:39,5.13,--,3,1539,卖盘
165,13:45:03,5.13,--,15,7695,卖盘
166,13:43:48,5.13,--,3,1539,卖盘
167,13:43:21,5.13,--,4,2052,卖盘
168,13:41:14,5.13,--,1,513,卖盘
169,13:40:41,5.13,--,126,64638,卖盘
170,13:40:02,5.13,--,14,7182,卖盘
171,13:39:44,5.13,--,80,41040,卖盘
172,13:39:17,5.13,--,50,25650,卖盘
173,13:37:26,5.13,--,10,5130,卖盘
174,13:37:20,5.13,--,2,1026,卖盘
175,13:37:17,5.13,--,9,4617,卖盘
176,13:37:02,5.13,--,5,2565,卖盘
177,13:36:17,5.13,--,2,1026,卖盘
178,13:35:59,5.13,--,10,5130,卖盘
179,13:35:41,5.13,--,2,1026,卖盘
180,13:33:32,5.13,--,10,5130,卖盘
181,13:33:23,5.13,--,1,513,卖盘
182,13:33:05,5.13,--,2,1026,卖盘
183,13:32:59,5.13,--,3,1539,卖盘
184,13:32:53,5.13,--,10,5130,卖盘
185,13:31:35,5.13,--,4,2052,卖盘
186,13:31:17,5.13,--,30,15390,卖盘
187,13:30:50,5.13,--,10,5130,卖盘
188,13:30:17,5.13,--,10,5130,卖盘
189,13:30:14,5.13,--,4,2052,卖盘
190,13:30:08,5.13,--,20,10260,卖盘
191,13:29:14,5.13,--,20,10260,卖盘
192,13:28:50,5.13,--,160,82080,卖盘
193,13:27:35,5.13,--,5,2565,卖盘
194,13:27:20,5.13,--,20,10260,卖盘
195,13:27:17,5.13,--,10,5130,卖盘
196,13:26:26,5.13,--,50,25650,卖盘
197,13:26:17,5.13,--,4,2052,卖盘
198,13:25:56,5.13,--,26,13338,卖盘
199,13:24:50,5.13,--,1,513,卖盘
200,13:23:56,5.13,--,50,25650,卖盘
201,13:23:32,5.13,--,2,1026,卖盘
202,13:23:20,5.13,--,6,3078,卖盘
203,13:21:10,5.13,--,100,51300,卖盘
204,13:20:37,5.13,--,1,513,卖盘
205,13:20:31,5.13,--,18,9234,卖盘
206,13:20:22,5.13,--,1,513,卖盘
207,13:19:46,5.13,--,8,4104,卖盘
208,13:19:19,5.13,--,28,14364,卖盘
209,13:19:10,5.13,--,7,3591,卖盘
210,13:18:46,5.13,--,1,513,卖盘
211,13:18:19,5.13,--,33,16929,卖盘
212,13:18:01,5.13,--,1,513,卖盘
213,13:17:31,5.13,--,1,513,卖盘
214,13:17:28,5.13,--,100,51300,卖盘
215,13:16:37,5.13,--,1,513,卖盘
216,13:16:28,5.13,--,24,12312,卖盘
217,13:16:19,5.13,--,35,17955,卖盘
218,13:15:52,5.13,--,30,15390,卖盘
219,13:15:10,5.13,--,20,10260,卖盘
220,13:14:52,5.13,--,10,5130,卖盘
221,13:14:25,5.13,--,2,1026,卖盘
222,13:14:13,5.13,--,46,23598,卖盘
223,13:13:58,5.13,--,40,20520,卖盘
224,13:13:49,5.13,--,3,1539,卖盘
225,13:13:46,5.13,--,2,1026,卖盘
226,13:13:01,5.13,--,20,10260,卖盘
227,13:12:37,5.13,--,1,513,卖盘
228,13:12:16,5.13,--,100,51300,卖盘
229,13:12:07,5.13,--,2,1026,卖盘
230,13:11:31,5.13,--,2,1026,卖盘
231,13:11:22,5.13,--,10,5130,卖盘
232,13:11:13,5.13,--,6,3078,卖盘
233,13:10:49,5.13,--,5,2565,卖盘
234,13:08:58,5.13,--,10,5130,卖盘
235,13:08:52,5.13,--,1,513,卖盘
236,13:08:37,5.13,--,200,102600,卖盘
237,13:08:31,5.13,--,3,1539,卖盘
238,13:07:58,5.13,--,7,3591,卖盘
239,13:07:52,5.13,--,4,2052,卖盘
240,13:07:04,5.13,--,10,5130,卖盘
241,13:05:22,5.13,--,1,513,卖盘
242,13:05:13,5.13,--,1,513,卖盘
243,13:04:10,5.13,--,300,153900,卖盘
244,13:03:55,5.13,--,41,21033,卖盘
245,13:03:43,5.13,--,100,51300,卖盘
246,13:03:37,5.13,--,5,2565,卖盘
247,13:03:07,5.13,--,4,2052,卖盘
248,13:02:37,5.13,--,2,1026,卖盘
249,13:02:01,5.13,--,1,513,卖盘
250,13:01:18,5.13,--,1,513,卖盘
251,13:00:42,5.13,--,7,3591,卖盘
252,13:00:33,5.13,--,21,10773,卖盘
253,13:00:24,5.13,--,212,108756,卖盘
254,13:00:18,5.13,--,5,2565,卖盘
255,13:00:15,5.13,--,1,513,卖盘
256,13:00:12,5.13,--,72,36936,卖盘
257,13:00:09,5.13,--,666,342037,卖盘
258,13:00:06,5.13,--,544,279072,卖盘
259,13:00:00,5.13,--,26,13338,卖盘
260,11:29:59,5.13,--,2,1026,卖盘
261,11:29:44,5.13,--,100,51300,卖盘
262,11:29:17,5.13,--,3,1539,卖盘
263,11:29:11,5.13,--,100,51300,卖盘
264,11:28:44,5.13,--,40,20520,卖盘
265,11:27:11,5.13,--,50,25906,卖盘
266,11:26:17,5.13,--,2,1026,卖盘
267,11:25:53,5.13,--,9,4617,卖盘
268,11:25:41,5.13,--,10,5130,卖盘
269,11:25:23,5.13,--,5,2565,卖盘
270,11:25:20,5.13,--,20,10260,卖盘
271,11:25:11,5.13,--,307,157491,卖盘
272,11:25:08,5.13,--,5,2565,卖盘
273,11:24:44,5.13,--,15,7695,卖盘
274,11:24:41,5.13,--,1,513,卖盘
275,11:24:20,5.13,--,5,2565,卖盘
276,11:24:14,5.13,--,4,2052,卖盘
277,11:24:11,5.13,--,1,513,卖盘
278,11:23:59,5.13,--,8,4104,卖盘
279,11:23:47,5.13,--,210,107730,卖盘
280,11:23:26,5.13,--,35,17955,卖盘
281,11:23:23,5.13,--,3,1539,卖盘
282,11:23:10,5.13,--,3,1539,卖盘
283,11:22:22,5.13,--,38,19494,卖盘
284,11:21:58,5.13,--,5,2565,卖盘
285,11:21:55,5.13,--,11,5643,卖盘
286,11:21:43,5.13,--,15,7695,卖盘
287,11:21:37,5.13,--,5,2565,卖盘
288,11:21:22,5.13,--,10,5130,卖盘
289,11:21:19,5.13,--,50,25650,卖盘
290,11:21:04,5.13,--,69,35397,卖盘
291,11:20:46,5.13,--,13,6669,卖盘
292,11:20:40,5.13,--,1,513,卖盘
293,11:20:25,5.13,--,67,34371,卖盘
294,11:20:16,5.13,--,96,49248,卖盘
295,11:19:58,5.13,--,20,10260,卖盘
296,11:19:31,5.13,--,5,2565,卖盘
297,11:19:28,5.13,--,10,5130,卖盘
298,11:19:10,5.13,--,100,51300,卖盘
299,11:19:01,5.13,--,40,20520,卖盘
300,11:18:52,5.13,--,50,25650,卖盘
301,11:18:49,5.13,--,200,102600,卖盘
302,11:18:31,5.13,--,20,10260,卖盘
303,11:18:16,5.13,--,38,19494,卖盘
304,11:18:01,5.13,--,53,27189,卖盘
305,11:17:43,5.13,--,8,4104,卖盘
306,11:17:28,5.13,--,11,5643,卖盘
307,11:17:16,5.13,--,37,18981,卖盘
308,11:17:01,5.13,--,65,33345,卖盘
309,11:16:58,5.13,--,40,20520,卖盘
310,11:16:28,5.13,--,203,104139,卖盘
311,11:15:13,5.13,--,8,4104,卖盘
312,11:14:58,5.13,--,15,7695,卖盘
313,11:13:52,5.13,--,10,5130,卖盘
314,11:13:37,5.13,--,37,18981,卖盘
315,11:13:31,5.13,--,145,74385,卖盘
316,11:12:55,5.13,--,1000,513000,卖盘
317,11:11:55,5.13,--,10,5130,卖盘
318,11:11:34,5.13,--,120,61560,卖盘
319,11:11:22,5.13,--,22,11286,卖盘
320,11:10:52,5.13,--,2,1026,卖盘
321,11:10:49,5.13,--,1,513,卖盘
322,11:10:31,5.13,--,11,5643,卖盘
323,11:09:49,5.13,--,2,1026,卖盘
324,11:09:28,5.13,--,14,7182,卖盘
325,11:09:19,5.13,--,1,513,卖盘
326,11:09:13,5.13,--,10,5130,卖盘
327,11:08:46,5.13,--,2,1026,卖盘
328,11:08:37,5.13,--,11,5643,卖盘
329,11:07:52,5.13,--,1,513,卖盘
330,11:07:19,5.13,--,50,25650,卖盘
331,11:07:13,5.13,--,31,15903,卖盘
332,11:06:10,5.13,--,600,307800,卖盘
333,11:06:07,5.13,--,2,1026,卖盘
334,11:05:28,5.13,--,5,2565,卖盘
335,11:05:13,5.13,--,50,25650,卖盘
336,11:04:55,5.13,--,1,513,卖盘
337,11:04:46,5.13,--,10,5130,卖盘
338,11:04:22,5.13,--,10,5130,卖盘
339,11:03:45,5.13,--,23,11799,卖盘
340,11:02:18,5.13,--,170,87210,卖盘
341,11:01:42,5.13,--,5,2565,卖盘
342,11:00:48,5.13,--,20,10260,卖盘
343,11:00:45,5.13,--,10,5130,卖盘
344,11:00:24,5.13,--,100,51300,卖盘
345,11:00:15,5.13,--,2,1026,卖盘
346,10:59:57,5.13,--,12,6156,卖盘
347,10:59:45,5.13,--,11,5643,卖盘
348,10:59:18,5.13,--,2,1026,卖盘
349,10:58:39,5.13,--,30,15390,卖盘
350,10:58:36,5.13,--,9,4617,卖盘
351,10:58:30,5.13,--,29,14877,卖盘
352,10:58:03,5.13,--,18,9234,卖盘
353,10:57:57,5.13,--,155,79515,卖盘
354,10:56:21,5.13,--,5,2565,卖盘
355,10:56:03,5.13,--,9,4617,卖盘
356,10:55:00,5.13,--,25,12825,卖盘
357,10:54:48,5.13,--,1,513,卖盘
358,10:54:27,5.13,--,5,2565,卖盘
359,10:54:12,5.13,--,31,15903,卖盘
360,10:54:06,5.13,--,80,41040,卖盘
361,10:54:00,5.13,--,159,81567,卖盘
362,10:53:54,5.13,--,22,11286,卖盘
363,10:53:30,5.13,--,4,2052,卖盘
364,10:52:36,5.13,--,5,2565,卖盘
365,10:52:24,5.13,--,9,4617,卖盘
366,10:51:54,5.13,--,3,1539,卖盘
367,10:51:03,5.13,--,1,513,卖盘
368,10:51:00,5.13,--,40,20520,卖盘
369,10:50:45,5.13,--,165,84645,卖盘
370,10:50:30,5.13,--,17,8721,卖盘
371,10:50:06,5.13,--,5,2565,卖盘
372,10:49:39,5.13,--,70,35910,卖盘
373,10:49:33,5.13,--,10,5130,卖盘
374,10:49:09,5.13,--,30,15390,卖盘
375,10:48:51,5.13,--,1,513,卖盘
376,10:48:39,5.13,--,50,25650,卖盘
377,10:48:27,5.13,--,1,513,卖盘
378,10:47:36,5.13,--,2,1026,卖盘
379,10:47:09,5.13,--,107,54891,卖盘
380,10:46:45,5.13,--,1,513,卖盘
381,10:46:42,5.13,--,1,513,卖盘
382,10:46:30,5.13,--,20,10260,卖盘
383,10:46:27,5.13,--,1,513,卖盘
384,10:45:36,5.13,--,8,4104,卖盘
385,10:44:51,5.13,--,2,1026,卖盘
386,10:44:39,5.13,--,6,3078,卖盘
387,10:44:00,5.13,--,100,51300,卖盘
388,10:43:29,5.13,--,5,2565,卖盘
389,10:42:59,5.13,--,3,1539,卖盘
390,10:42:50,5.13,--,9,4617,卖盘
391,10:42:41,5.13,--,4,2052,卖盘
392,10:42:38,5.13,--,5,2565,卖盘
393,10:42:35,5.13,--,5,2565,卖盘
394,10:42:29,5.13,--,10,5130,卖盘
395,10:42:14,5.13,--,2,1026,卖盘
396,10:41:44,5.13,--,30,15390,卖盘
397,10:41:17,5.13,--,3,1539,卖盘
398,10:41:14,5.13,--,21,10773,卖盘
399,10:41:05,5.13,--,10,5130,卖盘
400,10:41:02,5.13,--,20,10260,卖盘
401,10:40:35,5.13,--,76,38988,卖盘
402,10:40:14,5.13,--,10,5130,卖盘
403,10:40:11,5.13,--,2,1026,卖盘
404,10:40:05,5.13,--,95,48735,卖盘
405,10:39:56,5.13,--,7,3591,卖盘
406,10:39:44,5.13,--,2,1026,卖盘
407,10:39:35,5.13,--,9,4617,卖盘
408,10:39:23,5.13,--,20,10260,卖盘
409,10:39:17,5.13,--,3,1539,卖盘
410,10:39:05,5.13,--,13,6669,卖盘
411,10:38:50,5.13,--,2,1026,卖盘
412,10:38:47,5.13,--,1,513,卖盘
413,10:38:41,5.13,--,11,5643,卖盘
414,10:38:23,5.13,--,4,2052,卖盘
415,10:38:08,5.13,--,7,3591,卖盘
416,10:37:50,5.13,--,10,5130,卖盘
417,10:37:35,5.13,--,14,7182,卖盘
418,10:37:32,5.13,--,5,2565,卖盘
419,10:37:26,5.13,--,300,153900,卖盘
420,10:37:17,5.13,--,4,2052,卖盘
421,10:36:41,5.13,--,2,1026,卖盘
422,10:36:14,5.13,--,5,2565,卖盘
423,10:36:08,5.13,--,5,2565,卖盘
424,10:35:59,5.13,--,10,5130,卖盘
425,10:35:56,5.13,--,2,1026,卖盘
426,10:35:44,5.13,--,10,5130,卖盘
427,10:35:26,5.13,--,5,2565,卖盘
428,10:35:17,5.13,--,4,2052,卖盘
429,10:35:11,5.13,--,2,1026,卖盘
430,10:34:50,5.13,--,20,10260,卖盘
431,10:34:29,5.13,--,30,15390,卖盘
432,10:34:14,5.13,--,5,2565,卖盘
433,10:33:56,5.13,--,349,179037,卖盘
434,10:33:38,5.13,--,21,10773,卖盘
435,10:33:20,5.13,--,15,7695,卖盘
436,10:33:02,5.13,--,10,5130,卖盘
437,10:32:59,5.13,--,20,10260,卖盘
438,10:32:47,5.13,--,2,1026,卖盘
439,10:32:38,5.13,--,2,1026,卖盘
440,10:32:26,5.13,--,4,2052,卖盘
441,10:32:17,5.13,--,300,153900,卖盘
442,10:31:35,5.13,--,10,5130,卖盘
443,10:31:20,5.13,--,37,18981,卖盘
444,10:31:11,5.13,--,1,513,卖盘
445,10:30:56,5.13,--,30,15390,卖盘
446,10:30:53,5.13,--,4,2052,卖盘
447,10:30:47,5.13,--,200,102600,卖盘
448,10:30:41,5.13,--,63,32319,卖盘
449,10:30:38,5.13,--,16,8464,卖盘
450,10:30:20,5.13,--,10,5130,卖盘
451,10:30:11,5.13,--,2,1026,卖盘
452,10:30:08,5.13,--,6,3078,卖盘
453,10:30:02,5.13,--,1,513,卖盘
454,10:29:50,5.13,--,1,513,卖盘
455,10:29:38,5.13,--,1,513,卖盘
456,10:29:32,5.13,--,5,2565,卖盘
457,10:29:29,5.13,--,5,2565,卖盘
458,10:28:50,5.13,--,5,2565,卖盘
459,10:28:23,5.13,--,150,76950,卖盘
460,10:27:56,5.13,--,4,2052,卖盘
461,10:27:53,5.13,--,20,10260,卖盘
462,10:27:44,5.13,--,101,51813,卖盘
463,10:27:35,5.13,--,20,10260,卖盘
464,10:27:29,5.13,--,67,34371,卖盘
465,10:27:23,5.13,--,4,2052,卖盘
466,10:26:53,5.13,--,1,513,卖盘
467,10:26:50,5.13,--,4,2052,卖盘
468,10:26:32,5.13,--,6,3078,卖盘
469,10:26:29,5.13,--,5,2565,卖盘
470,10:25:50,5.13,--,1,513,卖盘
471,10:25:44,5.13,--,50,25650,卖盘
472,10:25:41,5.13,--,40,20520,卖盘
473,10:25:20,5.13,--,66,33858,卖盘
474,10:24:59,5.13,--,6,3078,卖盘
475,10:24:47,5.13,--,5,2565,卖盘
476,10:24:44,5.13,--,2,1026,卖盘
477,10:23:59,5.13,--,73,37449,卖盘
478,10:23:55,5.13,--,5,2565,卖盘
479,10:23:49,5.13,--,11,5643,卖盘
480,10:23:43,5.13,--,5,2565,卖盘
481,10:23:31,5.13,--,100,51300,卖盘
482,10:23:28,5.13,--,100,51300,卖盘
483,10:23:10,5.13,--,2,1026,卖盘
484,10:22:58,5.13,--,15,7695,卖盘
485,10:22:55,5.13,--,16,8208,卖盘
486,10:22:31,5.13,--,67,34371,卖盘
487,10:22:28,5.13,--,40,20520,卖盘
488,10:22:22,5.13,--,1,513,卖盘
489,10:21:46,5.13,--,10,5130,卖盘
490,10:21:37,5.13,--,5,2565,卖盘
491,10:21:13,5.13,--,2,1026,卖盘
492,10:21:07,5.13,--,5,2565,卖盘
493,10:20:37,5.13,--,1,513,卖盘
494,10:20:28,5.13,--,22,11286,卖盘
495,10:20:10,5.13,--,24,12312,卖盘
496,10:20:07,5.13,--,2,1026,卖盘
497,10:19:55,5.13,--,2,1026,卖盘
498,10:19:31,5.13,--,4,2052,卖盘
499,10:19:28,5.13,--,60,30780,卖盘
500,10:19:22,5.13,--,5,2565,卖盘
501,10:19:16,5.13,--,21,10773,卖盘
502,10:19:04,5.13,--,1,513,卖盘
503,10:19:01,5.13,--,9,4617,卖盘
504,10:18:34,5.13,--,17,8721,卖盘
505,10:18:13,5.13,--,1,513,卖盘
506,10:17:49,5.13,--,2,1026,卖盘
507,10:17:46,5.13,--,120,61560,卖盘
508,10:17:01,5.13,--,15,7695,卖盘
509,10:16:58,5.13,--,1,513,卖盘
510,10:16:37,5.13,--,5,2565,卖盘
511,10:16:19,5.13,--,16,8208,卖盘
512,10:16:07,5.13,--,1,513,卖盘
513,10:15:58,5.13,--,11,5643,卖盘
514,10:15:55,5.13,--,20,10260,卖盘
515,10:15:34,5.13,--,6,3078,卖盘
516,10:15:31,5.13,--,90,46170,卖盘
517,10:15:25,5.13,--,24,12312,卖盘
518,10:15:19,5.13,--,15,7695,卖盘
519,10:15:13,5.13,--,121,62073,卖盘
520,10:14:58,5.13,--,58,29754,卖盘
521,10:14:49,5.13,--,59,30267,卖盘
522,10:14:43,5.13,--,10,5130,卖盘
523,10:14:40,5.13,--,50,25650,卖盘
524,10:14:37,5.13,--,315,161856,卖盘
525,10:14:16,5.13,--,200,102600,卖盘
526,10:14:10,5.13,--,9,4617,卖盘
527,10:14:01,5.13,--,10,5130,卖盘
528,10:13:58,5.13,--,100,51300,卖盘
529,10:13:43,5.13,--,101,51813,卖盘
530,10:13:37,5.13,--,54,27702,卖盘
531,10:13:34,5.13,--,1,513,卖盘
532,10:13:28,5.13,--,20,10260,卖盘
533,10:13:22,5.13,--,199,102087,卖盘
534,10:13:19,5.13,--,50,25650,卖盘
535,10:13:16,5.13,--,195,100035,卖盘
536,10:13:13,5.13,--,10,5130,卖盘
537,10:13:10,5.13,--,2,1026,卖盘
538,10:13:07,5.13,--,4,2052,卖盘
539,10:13:04,5.13,--,6,3078,卖盘
540,10:12:58,5.13,--,2,1026,卖盘
541,10:12:49,5.13,--,20,10260,卖盘
542,10:12:37,5.13,--,660,338580,卖盘
543,10:12:13,5.13,--,7,3591,卖盘
544,10:12:01,5.13,--,14,7182,卖盘
545,10:11:58,5.13,--,15,7695,卖盘
546,10:11:52,5.13,--,17,8721,卖盘
547,10:11:46,5.13,--,23,11799,卖盘
548,10:11:43,5.13,--,10,5130,卖盘
549,10:11:37,5.13,--,2,1026,卖盘
550,10:11:31,5.13,--,5,2565,卖盘
551,10:11:28,5.13,--,100,51300,卖盘
552,10:11:22,5.13,--,35,17955,卖盘
553,10:11:19,5.13,--,40,20520,卖盘
554,10:11:07,5.13,--,2,1026,卖盘
555,10:11:01,5.13,--,55,28215,卖盘
556,10:10:46,5.13,--,2,1026,卖盘
557,10:10:34,5.13,--,5,2565,卖盘
558,10:10:19,5.13,--,60,30780,卖盘
559,10:10:13,5.13,--,111,56943,卖盘
560,10:10:01,5.13,--,1,513,卖盘
561,10:09:58,5.13,--,1,513,卖盘
562,10:09:52,5.13,--,3,1539,卖盘
563,10:09:49,5.13,--,31,15903,卖盘
564,10:09:31,5.13,--,10,5130,卖盘
565,10:09:25,5.13,--,65,33345,卖盘
566,10:09:22,5.13,--,10,5130,卖盘
567,10:09:19,5.13,--,10,5130,卖盘
568,10:09:13,5.13,--,3,1539,卖盘
569,10:08:43,5.13,--,4,2052,卖盘
570,10:08:37,5.13,--,2,1026,卖盘
571,10:08:01,5.13,--,5,2565,卖盘
572,10:07:31,5.13,--,10,5130,卖盘
573,10:07:28,5.13,--,1,513,卖盘
574,10:07:22,5.13,--,10,5130,卖盘
575,10:07:16,5.13,--,3,1539,卖盘
576,10:07:10,5.13,--,2,1026,卖盘
577,10:06:58,5.13,--,18,9234,卖盘
578,10:06:52,5.13,--,30,15390,卖盘
579,10:06:40,5.13,--,5,2565,卖盘
580,10:06:25,5.13,--,2,1026,卖盘
581,10:06:22,5.13,--,4,2052,卖盘
582,10:06:19,5.13,--,7,3591,卖盘
583,10:05:55,5.13,--,17,8721,卖盘
584,10:05:40,5.13,--,30,15390,卖盘
585,10:05:34,5.13,--,3,1539,卖盘
586,10:05:10,5.13,--,5,2565,卖盘
587,10:05:04,5.13,--,10,5130,卖盘
588,10:05:01,5.13,--,84,43092,卖盘
589,10:04:58,5.13,--,10,5130,卖盘
590,10:04:37,5.13,--,10,5130,卖盘
591,10:04:34,5.13,--,20,10260,卖盘
592,10:04:31,5.13,--,16,8208,卖盘
593,10:04:22,5.13,--,10,5130,卖盘
594,10:04:16,5.13,--,2,1026,卖盘
595,10:04:10,5.13,--,9,4617,卖盘
596,10:04:01,5.13,--,51,26163,卖盘
597,10:03:55,5.13,--,5,2565,卖盘
598,10:03:52,5.13,--,20,10260,卖盘
599,10:03:49,5.13,--,3,1539,卖盘
600,10:03:42,5.13,--,1,513,卖盘
601,10:03:39,5.13,--,20,10260,卖盘
602,10:03:36,5.13,--,74,37962,卖盘
603,10:03:33,5.13,--,20,10260,卖盘
604,10:03:21,5.13,--,2,1026,卖盘
605,10:03:18,5.13,--,25,12825,卖盘
606,10:03:15,5.13,--,10,5130,卖盘
607,10:03:09,5.13,--,20,10260,卖盘
608,10:03:03,5.13,--,5,2565,卖盘
609,10:03:00,5.13,--,10,5130,卖盘
610,10:02:54,5.13,--,10,5130,卖盘
611,10:02:51,5.13,--,160,82080,卖盘
612,10:02:42,5.13,--,55,28215,卖盘
613,10:02:33,5.13,--,100,51300,卖盘
614,10:02:30,5.13,--,1,513,卖盘
615,10:02:15,5.13,--,20,10260,卖盘
616,10:02:03,5.13,--,63,32319,卖盘
617,10:01:48,5.13,--,5,2565,卖盘
618,10:01:42,5.13,--,1,513,卖盘
619,10:01:30,5.13,--,59,30267,卖盘
620,10:01:27,5.13,--,52,26676,卖盘
621,10:01:24,5.13,--,3,1539,卖盘
622,10:01:15,5.13,--,434,222642,卖盘
623,10:01:09,5.13,--,200,102600,卖盘
624,10:00:45,5.13,--,2,1026,卖盘
625,10:00:39,5.13,--,26,13338,卖盘
626,10:00:33,5.13,--,1,513,卖盘
627,10:00:15,5.13,--,5,2565,卖盘
628,10:00:06,5.13,--,165,84645,卖盘
629,10:00:00,5.13,--,8,4104,卖盘
630,09:59:57,5.13,--,95,48735,卖盘
631,09:59:39,5.13,--,47,24111,卖盘
632,09:59:36,5.13,--,24,12312,卖盘
633,09:59:27,5.13,--,50,25650,卖盘
634,09:59:24,5.13,--,40,20520,卖盘
635,09:59:15,5.13,--,17,8721,卖盘
636,09:59:09,5.13,--,99,50787,卖盘
637,09:59:00,5.13,--,1,513,卖盘
638,09:58:39,5.13,--,5,2565,卖盘
639,09:58:33,5.13,--,10,5130,卖盘
640,09:58:21,5.13,--,6,3078,卖盘
641,09:58:09,5.13,--,2,1026,卖盘
642,09:58:00,5.13,--,20,10260,卖盘
643,09:57:57,5.13,--,46,23598,卖盘
644,09:57:51,5.13,--,200,102600,卖盘
645,09:57:42,5.13,--,10,5130,卖盘
646,09:57:39,5.13,--,42,21546,卖盘
647,09:57:36,5.13,--,60,30780,卖盘
648,09:57:33,5.13,--,10,5130,卖盘
649,09:57:27,5.13,--,31,15903,卖盘
650,09:57:24,5.13,--,1,513,卖盘
651,09:57:18,5.13,--,96,49248,卖盘
652,09:57:12,5.13,--,10,5130,卖盘
653,09:57:09,5.13,--,3,1539,卖盘
654,09:57:00,5.13,--,10,5130,卖盘
655,09:56:57,5.13,--,50,25650,卖盘
656,09:56:51,5.13,--,10,5130,卖盘
657,09:56:48,5.13,--,20,10260,卖盘
658,09:56:45,5.13,--,19,9747,卖盘
659,09:56:33,5.13,--,10,5130,卖盘
660,09:56:27,5.13,--,10,5130,卖盘
661,09:56:24,5.13,--,11,5643,卖盘
662,09:56:18,5.13,--,3,1539,卖盘
663,09:56:15,5.13,--,10,5130,卖盘
664,09:56:12,5.13,--,15,7695,卖盘
665,09:56:06,5.13,--,20,10260,卖盘
666,09:56:03,5.13,--,5,2565,卖盘
667,09:56:00,5.13,--,10,5130,卖盘
668,09:55:57,5.13,--,52,26676,卖盘
669,09:55:51,5.13,--,1,513,卖盘
670,09:55:39,5.13,--,113,57969,卖盘
671,09:55:36,5.13,--,30,15390,卖盘
672,09:55:33,5.13,--,90,46170,卖盘
673,09:55:24,5.13,--,220,112860,卖盘
674,09:55:21,5.13,--,56,28728,卖盘
675,09:55:18,5.13,--,22,11286,卖盘
676,09:55:15,5.13,--,9,4617,卖盘
677,09:55:12,5.13,--,11,5643,卖盘
678,09:55:09,5.13,--,53,27189,卖盘
679,09:55:06,5.13,--,20,10260,卖盘
680,09:55:00,5.13,--,2,1026,卖盘
681,09:54:57,5.13,--,1544,792072,卖盘
682,09:54:54,5.13,--,37,18981,卖盘
683,09:54:48,5.13,--,1,513,卖盘
684,09:54:45,5.13,--,10,5130,卖盘
685,09:54:39,5.13,--,352,180576,卖盘
686,09:54:33,5.13,--,3,1539,卖盘
687,09:54:30,5.13,--,5,2565,卖盘
688,09:54:27,5.13,--,5,2565,卖盘
689,09:54:21,5.13,--,1,513,卖盘
690,09:54:15,5.13,--,12,6156,卖盘
691,09:54:12,5.13,--,10,5130,卖盘
692,09:54:06,5.13,--,272,139536,卖盘
693,09:54:03,5.13,--,2,1026,卖盘
694,09:53:57,5.13,--,10,5130,卖盘
695,09:53:54,5.13,--,1,513,卖盘
696,09:53:51,5.13,--,30,15390,卖盘
697,09:53:48,5.13,--,20,10260,卖盘
698,09:53:42,5.13,--,1,513,卖盘
699,09:53:39,5.13,--,2,1026,卖盘
700,09:53:33,5.13,--,3,1539,卖盘
701,09:53:30,5.13,--,50,25650,卖盘
702,09:53:24,5.13,--,3,1539,卖盘
703,09:53:15,5.13,--,38,19494,卖盘
704,09:53:12,5.13,--,3,1539,卖盘
705,09:53:03,5.13,--,30,15390,卖盘
706,09:53:00,5.13,--,7,3591,卖盘
707,09:52:54,5.13,--,6,3078,卖盘
708,09:52:51,5.13,--,10,5130,卖盘
709,09:52:48,5.13,--,5,2565,卖盘
710,09:52:45,5.13,--,120,61560,卖盘
711,09:52:36,5.13,--,1,513,卖盘
712,09:52:30,5.13,--,4,2052,卖盘
713,09:52:24,5.13,--,10,5130,卖盘
714,09:52:21,5.13,--,60,30780,卖盘
715,09:52:18,5.13,--,9,4617,卖盘
716,09:52:15,5.13,--,439,225207,卖盘
717,09:52:12,5.13,--,10,5130,卖盘
718,09:51:54,5.13,--,90,46170,卖盘
719,09:51:51,5.13,--,10,5130,卖盘
720,09:51:48,5.13,--,15,7695,卖盘
721,09:51:36,5.13,--,1,513,卖盘
722,09:51:30,5.13,--,13,6669,卖盘
723,09:51:27,5.13,--,20,10260,卖盘
724,09:51:21,5.13,--,10,5130,卖盘
725,09:51:18,5.13,--,46,23598,卖盘
726,09:51:15,5.13,--,16,8208,卖盘
727,09:51:12,5.13,--,2000,1026000,卖盘
728,09:51:06,5.13,--,20,10260,卖盘
729,09:51:00,5.13,--,21,10773,卖盘
730,09:50:57,5.13,--,11,5643,卖盘
731,09:50:54,5.13,--,17,8721,卖盘
732,09:50:45,5.13,--,105,53865,卖盘
733,09:50:39,5.13,--,20,10260,卖盘
734,09:50:36,5.13,--,49,25137,卖盘
735,09:50:33,5.13,--,31,15903,卖盘
736,09:50:27,5.13,--,20,10260,卖盘
737,09:50:15,5.13,--,60,30780,卖盘
738,09:50:12,5.13,--,11,5643,卖盘
739,09:50:09,5.13,--,500,256500,卖盘
740,09:50:06,5.13,--,15,7695,卖盘
741,09:49:54,5.13,--,45,23085,卖盘
742,09:49:48,5.13,--,1,513,卖盘
743,09:49:27,5.13,--,110,56430,卖盘
744,09:49:18,5.13,--,145,74385,卖盘
745,09:49:15,5.13,--,2,1026,卖盘
746,09:49:09,5.13,--,13,6669,卖盘
747,09:48:54,5.13,--,10,5130,卖盘
748,09:48:48,5.13,--,70,35910,卖盘
749,09:48:42,5.13,--,155,79515,卖盘
750,09:48:33,5.13,--,81,41553,卖盘
751,09:48:27,5.13,--,20,10260,卖盘
752,09:48:21,5.13,--,51,26163,卖盘
753,09:48:18,5.13,--,21,10773,卖盘
754,09:48:09,5.13,--,1,513,卖盘
755,09:48:06,5.13,--,2,1026,卖盘
756,09:48:03,5.13,--,20,10260,卖盘
757,09:47:54,5.13,--,2,1026,卖盘
758,09:47:51,5.13,--,12,6156,卖盘
759,09:47:45,5.13,--,43,22059,卖盘
760,09:47:42,5.13,--,20,10260,卖盘
761,09:47:36,5.13,--,60,30780,卖盘
762,09:47:33,5.13,--,50,25650,卖盘
763,09:47:24,5.13,--,42,21546,卖盘
764,09:47:21,5.13,--,19,9747,卖盘
765,09:47:18,5.13,--,55,28215,卖盘
766,09:47:15,5.13,--,115,58995,卖盘
767,09:47:12,5.13,--,40,20520,卖盘
768,09:47:09,5.13,--,30,15390,卖盘
769,09:47:06,5.13,--,7,3591,卖盘
770,09:46:57,5.13,--,54,27702,卖盘
771,09:46:54,5.13,--,15,7695,卖盘
772,09:46:51,5.13,--,2,1026,卖盘
773,09:46:48,5.13,--,200,102600,卖盘
774,09:46:45,5.13,--,30,15390,卖盘
775,09:46:30,5.13,--,16,8208,卖盘
776,09:46:27,5.13,--,61,31293,卖盘
777,09:46:21,5.13,--,126,64638,卖盘
778,09:46:18,5.13,--,60,30780,卖盘
779,09:46:09,5.13,--,20,10260,卖盘
780,09:46:06,5.13,--,5,2565,卖盘
781,09:46:03,5.13,--,10,5130,卖盘
782,09:45:54,5.13,--,85,43605,卖盘
783,09:45:48,5.13,--,5,2565,卖盘
784,09:45:42,5.13,--,14,7182,卖盘
785,09:45:39,5.13,--,2,1026,卖盘
786,09:45:33,5.13,--,164,84132,卖盘
787,09:45:30,5.13,--,10,5130,卖盘
788,09:45:24,5.13,--,7,3591,卖盘
789,09:45:21,5.13,--,12,6156,卖盘
790,09:45:15,5.13,--,170,87210,卖盘
791,09:45:12,5.13,--,1,513,卖盘
792,09:45:06,5.13,--,4,2052,卖盘
793,09:45:03,5.13,--,30,15390,卖盘
794,09:45:00,5.13,--,51,26163,卖盘
795,09:44:57,5.13,--,35,17955,卖盘
796,09:44:51,5.13,--,4,2052,卖盘
797,09:44:48,5.13,--,46,23598,卖盘
798,09:44:42,5.13,--,15,7695,卖盘
799,09:44:39,5.13,--,14,7182,卖盘
800,09:44:36,5.13,--,12,6156,卖盘
801,09:44:33,5.13,--,60,30780,卖盘
802,09:44:30,5.13,--,15,7695,卖盘
803,09:44:27,5.13,--,24,12312,卖盘
804,09:44:24,5.13,--,32,16416,卖盘
805,09:44:21,5.13,--,7,3591,卖盘
806,09:44:18,5.13,--,30,15390,卖盘
807,09:44:15,5.13,--,10,5130,卖盘
808,09:44:12,5.13,--,209,107217,卖盘
809,09:44:09,5.13,--,10,5130,卖盘
810,09:43:56,5.13,--,132,67716,卖盘
811,09:43:53,5.13,--,24,12312,卖盘
812,09:43:50,5.13,--,14,7182,卖盘
813,09:43:44,5.13,--,1,513,卖盘
814,09:43:38,5.13,--,227,116451,卖盘
815,09:43:32,5.13,--,63,32319,卖盘
816,09:43:29,5.13,--,17,8721,卖盘
817,09:43:17,5.13,--,180,92340,卖盘
818,09:43:14,5.13,--,5,2565,卖盘
819,09:43:11,5.13,--,93,47709,卖盘
820,09:43:08,5.13,--,5,2565,卖盘
821,09:43:05,5.13,--,10,5130,卖盘
822,09:42:59,5.13,--,165,84645,卖盘
823,09:42:44,5.13,--,20,10260,卖盘
824,09:42:41,5.13,--,11,5643,卖盘
825,09:42:38,5.13,--,24,12312,卖盘
826,09:42:35,5.13,--,30,15390,卖盘
827,09:42:32,5.13,--,95,48735,卖盘
828,09:42:29,5.13,--,21,10773,卖盘
829,09:42:26,5.13,--,25,12825,卖盘
830,09:42:17,5.13,--,35,17955,卖盘
831,09:42:08,5.13,--,244,125172,卖盘
832,09:42:05,5.13,--,2,1026,卖盘
833,09:42:02,5.13,--,69,35397,卖盘
834,09:41:59,5.13,--,806,413478,卖盘
835,09:41:56,5.13,--,30,15390,卖盘
836,09:41:53,5.13,--,16,8208,卖盘
837,09:41:50,5.13,--,40,20520,卖盘
838,09:41:47,5.13,--,210,107730,卖盘
839,09:41:38,5.13,--,106,54378,卖盘
840,09:41:35,5.13,--,66,33858,卖盘
841,09:41:32,5.13,--,34,17442,卖盘
842,09:41:26,5.13,--,1,513,卖盘
843,09:41:23,5.13,--,15,7695,卖盘
844,09:41:17,5.13,--,5,2565,卖盘
845,09:41:14,5.13,--,40,20520,卖盘
846,09:41:11,5.13,--,12,6156,卖盘
847,09:41:08,5.13,--,202,103626,卖盘
848,09:41:05,5.13,--,18,9234,卖盘
849,09:40:59,5.13,--,10,5130,卖盘
850,09:40:56,5.13,--,10,5130,卖盘
851,09:40:53,5.13,--,60,30780,卖盘
852,09:40:44,5.13,--,169,86697,卖盘
853,09:40:41,5.13,--,1,513,卖盘
854,09:40:35,5.13,--,2,1026,卖盘
855,09:40:29,5.13,--,60,30780,卖盘
856,09:40:26,5.13,--,5,2565,卖盘
857,09:40:23,5.13,--,22,11286,卖盘
858,09:40:20,5.13,--,24,12312,卖盘
859,09:40:17,5.13,--,5,2565,卖盘
860,09:40:14,5.13,--,40,20520,卖盘
861,09:40:11,5.13,--,40,20520,卖盘
862,09:40:08,5.13,--,6,3078,卖盘
863,09:40:02,5.13,--,20,10260,卖盘
864,09:39:53,5.13,--,41,21033,卖盘
865,09:39:50,5.13,--,41,21033,卖盘
866,09:39:47,5.13,--,1,513,卖盘
867,09:39:44,5.13,--,15,7695,卖盘
868,09:39:41,5.13,--,5,2565,卖盘
869,09:39:38,5.13,--,10,5130,卖盘
870,09:39:35,5.13,--,50,25650,卖盘
871,09:39:29,5.13,--,948,486324,卖盘
872,09:39:26,5.13,--,50,25650,卖盘
873,09:39:20,5.13,--,47,24111,卖盘
874,09:39:14,5.13,--,10,5130,卖盘
875,09:39:11,5.13,--,10,5130,卖盘
876,09:39:08,5.13,--,53,27189,卖盘
877,09:39:05,5.13,--,15,7695,卖盘
878,09:39:02,5.13,--,5,2565,卖盘
879,09:38:59,5.13,--,3,1539,卖盘
880,09:38:56,5.13,--,5,2565,卖盘
881,09:38:53,5.13,--,40,20520,卖盘
882,09:38:50,5.13,--,44,22572,卖盘
883,09:38:47,5.13,--,112,57456,卖盘
884,09:38:44,5.13,--,41,21033,卖盘
885,09:38:41,5.13,--,110,56430,卖盘
886,09:38:38,5.13,--,4,2052,卖盘
887,09:38:35,5.13,--,2,1026,卖盘
888,09:38:32,5.13,--,4,2052,卖盘
889,09:38:29,5.13,--,100,51300,卖盘
890,09:38:23,5.13,--,10,5130,卖盘
891,09:38:17,5.13,--,22,11286,卖盘
892,09:38:11,5.13,--,20,10260,卖盘
893,09:38:05,5.13,--,21,10773,卖盘
894,09:38:02,5.13,--,2,1026,卖盘
895,09:37:59,5.13,--,12,6156,卖盘
896,09:37:56,5.13,--,53,27189,卖盘
897,09:37:53,5.13,--,101,51813,卖盘
898,09:37:50,5.13,--,14,7182,卖盘
899,09:37:44,5.13,--,38,19494,卖盘
900,09:37:38,5.13,--,56,28728,卖盘
901,09:37:32,5.13,--,100,51300,卖盘
902,09:37:29,5.13,--,407,208791,卖盘
903,09:37:26,5.13,--,26,13338,卖盘
904,09:37:23,5.13,--,67,34371,卖盘
905,09:37:17,5.13,--,20,10260,卖盘
906,09:37:14,5.13,--,5,2565,卖盘
907,09:37:11,5.13,--,11,5643,卖盘
908,09:37:05,5.13,--,9,4617,卖盘
909,09:37:02,5.13,--,16,8208,卖盘
910,09:36:59,5.13,--,202,103626,卖盘
911,09:36:56,5.13,--,184,94392,卖盘
912,09:36:53,5.13,--,68,34884,卖盘
913,09:36:50,5.13,--,6,3078,卖盘
914,09:36:44,5.13,--,300,153900,卖盘
915,09:36:41,5.13,--,19,9747,卖盘
916,09:36:35,5.13,--,6,3078,卖盘
917,09:36:32,5.13,--,109,55917,卖盘
918,09:36:26,5.13,--,22,11286,卖盘
919,09:36:23,5.13,--,42,21546,卖盘
920,09:36:17,5.13,--,150,76950,卖盘
921,09:36:14,5.13,--,15,7695,卖盘
922,09:36:05,5.13,--,49,25137,卖盘
923,09:35:56,5.13,--,20,10260,卖盘
924,09:35:53,5.13,--,12,6156,卖盘
925,09:35:47,5.13,--,156,80028,卖盘
926,09:35:38,5.13,--,10,5130,卖盘
927,09:35:35,5.13,--,5,2565,卖盘
928,09:35:32,5.13,--,3,1539,卖盘
929,09:35:29,5.13,--,240,123120,卖盘
930,09:35:23,5.13,--,3,1539,卖盘
931,09:35:20,5.13,--,10,5130,卖盘
932,09:35:17,5.13,--,40,20520,卖盘
933,09:35:14,5.13,--,95,48735,卖盘
934,09:35:11,5.13,--,169,86697,卖盘
935,09:35:08,5.13,--,538,275994,卖盘
936,09:35:05,5.13,--,20,10260,卖盘
937,09:35:02,5.13,--,237,121581,卖盘
938,09:34:59,5.13,--,20,10260,卖盘
939,09:34:56,5.13,--,77,39501,卖盘
940,09:34:53,5.13,--,81,41553,卖盘
941,09:34:47,5.13,--,76,38988,卖盘
942,09:34:44,5.13,--,100,51300,卖盘
943,09:34:41,5.13,--,28,14364,卖盘
944,09:34:38,5.13,--,11,5643,卖盘
945,09:34:35,5.13,--,1124,576612,卖盘
946,09:34:32,5.13,--,65,33345,卖盘
947,09:34:29,5.13,--,10,5130,卖盘
948,09:34:26,5.13,--,30,15390,卖盘
949,09:34:23,5.13,--,31,15903,卖盘
950,09:34:20,5.13,--,89,45657,卖盘
951,09:34:14,5.13,--,8,4104,卖盘
952,09:34:11,5.13,--,95,48735,卖盘
953,09:34:08,5.13,--,225,115425,卖盘
954,09:34:05,5.13,--,4,2052,卖盘
955,09:33:59,5.13,--,588,301644,卖盘
956,09:33:56,5.13,--,156,80028,卖盘
957,09:33:53,5.13,--,30,15390,卖盘
958,09:33:50,5.13,--,92,47196,卖盘
959,09:33:47,5.13,--,113,57969,卖盘
960,09:33:44,5.13,--,404,207252,卖盘
961,09:33:38,5.13,--,78,40014,卖盘
962,09:33:35,5.13,--,685,351405,卖盘
963,09:33:32,5.13,--,84,43092,卖盘
964,09:33:29,5.13,--,71,36423,卖盘
965,09:33:26,5.13,--,9,4617,卖盘
966,09:33:23,5.13,--,50,25650,卖盘
967,09:33:20,5.13,--,183,93879,卖盘
968,09:33:17,5.13,--,254,130302,卖盘
969,09:33:14,5.13,--,5,2565,卖盘
970,09:33:11,5.13,--,290,148770,卖盘
971,09:33:08,5.13,--,84,43092,卖盘
972,09:33:05,5.13,--,1034,530442,卖盘
973,09:33:02,5.13,--,172,88236,卖盘
974,09:32:59,5.13,--,23,11799,卖盘
975,09:32:56,5.13,--,37,18981,卖盘
976,09:32:53,5.13,--,85,43605,卖盘
977,09:32:50,5.13,--,50,25650,卖盘
978,09:32:47,5.13,--,9,4617,卖盘
979,09:32:44,5.13,--,4457,2286441,卖盘
980,09:32:38,5.13,--,123,63099,卖盘
981,09:32:35,5.13,--,190,97470,卖盘
982,09:32:29,5.13,--,17,8721,卖盘
983,09:32:26,5.13,--,201,103113,卖盘
984,09:32:23,5.13,--,4407,2261155,卖盘
985,09:32:17,5.13,--,15,7695,卖盘
986,09:32:14,5.13,--,530,271890,卖盘
987,09:32:11,5.13,--,25,12825,卖盘
988,09:32:08,5.13,--,184,94392,卖盘
989,09:32:05,5.13,--,146,74898,卖盘
990,09:32:02,5.13,--,62,31806,卖盘
991,09:31:59,5.13,--,167,85671,卖盘
992,09:31:56,5.13,--,174,89262,卖盘
993,09:31:53,5.13,--,17,8721,卖盘
994,09:31:50,5.13,--,549,281637,卖盘
995,09:31:47,5.13,--,340,174420,卖盘
996,09:31:44,5.13,--,103,52839,卖盘
997,09:31:41,5.13,--,46,23598,卖盘
998,09:31:38,5.13,--,73,37449,卖盘
999,09:31:35,5.13,--,94,48222,卖盘
1000,09:31:32,5.13,--,158,81054,卖盘
1001,09:31:29,5.13,--,289,148257,卖盘
1002,09:31:26,5.13,--,436,223668,卖盘
1003,09:31:20,5.13,--,524,268812,卖盘
1004,09:31:14,5.13,--,122,62586,卖盘
1005,09:31:11,5.13,--,154,79002,卖盘
1006,09:31:08,5.13,--,103,53146,卖盘
1007,09:31:05,5.13,--,650,333450,卖盘
1008,09:31:02,5.13,--,956,490428,卖盘
1009,09:30:59,5.13,--,105,53865,卖盘
1010,09:30:56,5.13,--,339,173907,卖盘
1011,09:30:53,5.13,--,110,56430,卖盘
1012,09:30:50,5.13,--,468,240084,卖盘
1013,09:30:47,5.13,--,35,17955,卖盘
1014,09:30:44,5.13,--,949,486837,卖盘
1015,09:30:41,5.13,--,975,500175,卖盘
1016,09:30:38,5.13,--,78,40014,卖盘
1017,09:30:35,5.13,--,965,495045,卖盘
1018,09:30:32,5.13,--,397,203661,卖盘
1019,09:30:29,5.13,--,290,148770,卖盘
1020,09:30:26,5.13,--,933,478629,卖盘
1021,09:30:23,5.13,--,275,141075,卖盘
1022,09:30:20,5.13,--,90,46170,卖盘
1023,09:30:14,5.13,--,205,105165,卖盘
1024,09:30:11,5.13,--,1840,943920,卖盘
1025,09:30:08,5.13,--,50,25650,卖盘
1026,09:30:05,5.13,--,11431,5864103,卖盘
1027,09:30:02,5.13,--,11520,5909893,卖盘
1028,09:25:41,5.13,--,0,0,卖盘
1029,09:25:02,5.13,5.13,32115,16475215,卖盘
