,time,price,change,volume,amount,type
0,15:00:24,13.6,0.02,4009,5452240,买盘
1,14:57:42,13.58,--,0,0,买盘
2,14:57:03,13.58,-0.01,7,9506,卖盘
3,14:57:00,13.59,--,16,21744,买盘
4,14:56:57,13.59,-0.01,53,72027,卖盘
5,14:56:54,13.6,--,290,394400,买盘
6,14:56:51,13.6,0.01,76,103360,买盘
7,14:56:48,13.59,0.01,105,142695,卖盘
8,14:56:45,13.58,-0.01,205,278390,卖盘
9,14:56:42,13.59,-0.01,5,6795,卖盘
10,14:56:39,13.6,0.01,43,58480,买盘
11,14:56:36,13.59,--,12,16308,卖盘
12,14:56:33,13.59,--,100,135900,卖盘
13,14:56:30,13.59,0.01,496,674471,买盘
14,14:56:24,13.58,--,20,27160,卖盘
15,14:56:21,13.58,-0.01,23,31234,卖盘
16,14:56:18,13.59,--,77,104643,卖盘
17,14:56:15,13.59,0.01,119,161721,买盘
18,14:56:12,13.58,-0.01,248,336784,卖盘
19,14:56:09,13.59,--,41,55719,卖盘
20,14:56:06,13.59,--,125,169875,卖盘
21,14:56:03,13.59,0.01,709,963531,买盘
22,14:55:57,13.58,--,124,168392,卖盘
23,14:55:54,13.58,--,63,85554,卖盘
24,14:55:51,13.58,--,30,40740,卖盘
25,14:55:45,13.58,--,252,342216,卖盘
26,14:55:42,13.58,--,677,919637,卖盘
27,14:55:39,13.58,--,193,262094,卖盘
28,14:55:36,13.58,--,133,180614,卖盘
29,14:55:30,13.58,--,54,73332,卖盘
30,14:55:27,13.58,--,43,58394,卖盘
31,14:55:24,13.58,--,111,150738,卖盘
32,14:55:18,13.58,--,28,38024,卖盘
33,14:55:15,13.58,--,56,76048,卖盘
34,14:55:12,13.58,--,17,23086,卖盘
35,14:55:09,13.58,-0.01,130,176540,卖盘
36,14:55:06,13.59,0.01,36,48924,买盘
37,14:55:03,13.58,--,1,1358,卖盘
38,14:55:00,13.58,--,2,2716,卖盘
39,14:54:57,13.58,--,55,74690,卖盘
40,14:54:54,13.58,--,1,1358,卖盘
41,14:54:51,13.58,--,143,194900,卖盘
42,14:54:45,13.58,-0.01,47,63826,卖盘
43,14:54:42,13.59,0.01,31,42129,买盘
44,14:54:39,13.58,-0.01,132,179256,卖盘
45,14:54:33,13.59,0.01,100,135900,买盘
46,14:54:30,13.58,--,49,66542,卖盘
47,14:54:27,13.58,--,19,25802,卖盘
48,14:54:24,13.58,--,24,32592,卖盘
49,14:54:18,13.58,-0.01,177,240366,卖盘
50,14:54:09,13.59,0.01,135,183465,买盘
51,14:54:06,13.58,-0.01,387,525546,卖盘
52,14:54:00,13.59,0.01,40,54360,买盘
53,14:53:57,13.58,-0.01,30,40740,卖盘
54,14:53:54,13.59,0.01,7,9513,买盘
55,14:53:51,13.58,-0.01,420,570360,卖盘
56,14:53:48,13.59,0.01,12,16308,买盘
57,14:53:45,13.58,--,9,12222,卖盘
58,14:53:42,13.58,--,7,9506,卖盘
59,14:53:39,13.58,--,16,21728,卖盘
60,14:53:36,13.58,--,25,33950,买盘
61,14:53:33,13.58,0.01,7,9506,买盘
62,14:53:30,13.57,-0.01,44,59708,卖盘
63,14:53:24,13.58,0.01,118,160244,买盘
64,14:53:21,13.57,-0.01,3,4613,卖盘
65,14:53:18,13.58,0.01,47,63826,买盘
66,14:53:15,13.57,-0.01,14,18998,卖盘
67,14:53:09,13.58,0.01,5,6790,买盘
68,14:53:06,13.57,-0.01,224,304347,卖盘
69,14:53:00,13.58,--,4,5432,买盘
70,14:52:57,13.58,--,55,74690,买盘
71,14:52:48,13.58,--,71,96418,卖盘
72,14:52:45,13.58,--,20,27160,卖盘
73,14:52:42,13.58,--,10,13580,卖盘
74,14:52:36,13.58,--,24,32592,卖盘
75,14:52:33,13.58,--,7,9506,卖盘
76,14:52:30,13.58,0.02,58,78764,买盘
77,14:52:27,13.56,-0.01,8,10848,卖盘
78,14:52:24,13.57,--,329,446453,卖盘
79,14:52:21,13.57,--,8,10856,卖盘
80,14:52:18,13.57,--,219,297183,卖盘
81,14:52:15,13.57,--,5,6785,卖盘
82,14:52:09,13.57,--,186,252402,卖盘
83,14:52:06,13.57,-0.01,14,18998,卖盘
84,14:52:03,13.58,0.01,2,2716,买盘
85,14:52:00,13.57,-0.01,11,14927,卖盘
86,14:51:54,13.58,--,151,205058,买盘
87,14:51:51,13.58,--,20,27160,买盘
88,14:51:48,13.58,--,286,388388,买盘
89,14:51:45,13.58,--,12,16296,卖盘
90,14:51:42,13.58,-0.01,157,213206,卖盘
91,14:51:39,13.59,0.01,6,8154,买盘
92,14:51:33,13.58,-0.01,61,82838,卖盘
93,14:51:30,13.59,--,6,8154,买盘
94,14:51:24,13.59,--,144,195696,卖盘
95,14:51:21,13.59,-0.01,39,53001,卖盘
96,14:51:15,13.6,--,81,110160,买盘
97,14:51:12,13.6,0.01,142,193120,买盘
98,14:51:09,13.59,-0.01,10,13590,卖盘
99,14:51:06,13.6,0.01,61,82960,买盘
100,14:51:03,13.59,-0.01,72,97848,卖盘
101,14:51:00,13.6,0.01,6,8160,买盘
102,14:50:57,13.59,--,50,67950,卖盘
103,14:50:54,13.59,-0.01,302,410418,卖盘
104,14:50:51,13.6,--,96,130560,买盘
105,14:50:39,13.6,--,30,40800,买盘
106,14:50:36,13.6,0.01,48,65280,买盘
107,14:50:30,13.59,--,122,165798,卖盘
108,14:50:27,13.59,--,1,1359,卖盘
109,14:50:18,13.59,--,5,6795,卖盘
110,14:50:15,13.59,--,20,27180,卖盘
111,14:50:12,13.59,--,32,43488,卖盘
112,14:50:09,13.59,--,156,212004,买盘
113,14:50:06,13.59,--,36,48924,买盘
114,14:50:03,13.59,--,139,188901,买盘
115,14:50:00,13.59,0.01,136,184824,买盘
116,14:49:57,13.58,--,212,287896,卖盘
117,14:49:54,13.58,-0.01,4,5432,卖盘
118,14:49:51,13.59,--,95,129105,买盘
119,14:49:45,13.59,0.01,82,111438,买盘
120,14:49:42,13.58,-0.01,414,562212,卖盘
121,14:49:39,13.59,0.01,64,86976,买盘
122,14:49:30,13.58,-0.01,132,179256,卖盘
123,14:49:24,13.59,0.01,12,16308,买盘
124,14:49:21,13.58,-0.01,8,10864,中性盘
125,14:49:18,13.59,0.01,253,343827,买盘
126,14:49:15,13.58,--,11,14938,买盘
127,14:49:09,13.58,--,164,222712,买盘
128,14:49:06,13.58,--,116,158342,卖盘
129,14:49:03,13.58,--,10,13580,卖盘
130,14:49:00,13.58,--,21,28518,卖盘
131,14:48:54,13.58,--,26,35308,卖盘
132,14:48:51,13.58,0.01,398,541027,买盘
133,14:48:39,13.57,--,15,20355,卖盘
134,14:48:36,13.57,-0.01,51,69207,卖盘
135,14:48:30,13.58,0.01,229,310982,买盘
136,14:48:24,13.57,--,1,1357,卖盘
137,14:48:21,13.57,--,10,13570,卖盘
138,14:48:12,13.57,-0.01,57,77349,卖盘
139,14:48:06,13.58,0.01,145,196910,买盘
140,14:48:03,13.57,-0.01,15,20355,卖盘
141,14:48:00,13.58,0.01,12,16296,买盘
142,14:47:54,13.57,--,3,4071,卖盘
143,14:47:51,13.57,0.01,250,339250,买盘
144,14:47:48,13.56,--,34,46104,卖盘
145,14:47:45,13.56,--,101,136956,卖盘
146,14:47:39,13.56,-0.01,16,21696,卖盘
147,14:47:36,13.57,0.01,510,692070,买盘
148,14:47:33,13.56,--,36,48816,卖盘
149,14:47:27,13.56,--,107,145092,买盘
150,14:47:21,13.56,0.01,6,8136,买盘
151,14:47:18,13.55,-0.02,105,142275,卖盘
152,14:47:15,13.57,0.02,427,580117,买盘
153,14:47:12,13.55,--,287,388885,卖盘
154,14:47:09,13.55,--,27,37127,卖盘
155,14:47:06,13.55,--,16,21680,卖盘
156,14:47:03,13.55,--,125,169375,卖盘
157,14:47:00,13.55,-0.01,71,96205,卖盘
158,14:46:57,13.56,--,20,27120,卖盘
159,14:46:54,13.56,0.01,2,2712,买盘
160,14:46:51,13.55,--,13,17615,卖盘
161,14:46:48,13.55,-0.01,4,5420,卖盘
162,14:46:45,13.56,0.01,8,10848,买盘
163,14:46:39,13.55,-0.01,36,48780,卖盘
164,14:46:36,13.56,0.01,3,4068,买盘
165,14:46:30,13.55,-0.01,680,921400,卖盘
166,14:46:27,13.56,--,366,496296,卖盘
167,14:46:21,13.56,--,138,187128,卖盘
168,14:46:09,13.56,--,8,10848,卖盘
169,14:46:06,13.56,--,58,78648,卖盘
170,14:46:03,13.56,--,15,20340,卖盘
171,14:46:00,13.56,-0.01,10,13560,卖盘
172,14:45:57,13.57,0.01,151,204907,买盘
173,14:45:54,13.56,--,3,4068,卖盘
174,14:45:45,13.56,-0.01,10,13560,卖盘
175,14:45:42,13.57,0.01,405,549585,买盘
176,14:45:39,13.56,--,16,21696,卖盘
177,14:45:30,13.56,--,4,5424,卖盘
178,14:45:27,13.56,--,26,35256,卖盘
179,14:45:24,13.56,--,11,14916,卖盘
180,14:45:21,13.56,--,5,6780,卖盘
181,14:45:18,13.56,--,43,58308,卖盘
182,14:45:12,13.56,--,116,157296,卖盘
183,14:45:03,13.56,-0.01,0,271,卖盘
184,14:45:00,13.57,--,10,13570,买盘
185,14:44:57,13.57,--,16,21712,买盘
186,14:44:54,13.57,--,20,27140,买盘
187,14:44:51,13.57,-0.01,300,407100,中性盘
188,14:44:42,13.58,0.02,16,21728,买盘
189,14:44:39,13.56,-0.01,27,36612,卖盘
190,14:44:36,13.57,-0.01,10,13570,中性盘
191,14:44:33,13.58,--,187,254760,买盘
192,14:44:27,13.58,0.01,32,43456,买盘
193,14:44:24,13.57,--,29,39353,卖盘
194,14:44:21,13.57,--,4,5428,卖盘
195,14:44:18,13.57,--,50,68392,买盘
196,14:44:15,13.57,--,1,1357,买盘
197,14:44:09,13.57,--,11,14927,卖盘
198,14:44:06,13.57,-0.01,36,48852,卖盘
199,14:44:00,13.58,--,59,80122,买盘
200,14:43:54,13.58,0.01,4,5432,买盘
201,14:43:51,13.57,--,67,90919,卖盘
202,14:43:48,13.57,--,5,6785,卖盘
203,14:43:42,13.57,0.01,106,143842,买盘
204,14:43:39,13.56,--,16,21696,卖盘
205,14:43:36,13.56,--,90,122040,卖盘
206,14:43:30,13.56,--,25,33900,买盘
207,14:43:27,13.56,0.01,1,1356,买盘
208,14:43:24,13.55,--,12,16260,卖盘
209,14:43:21,13.55,-0.01,255,345525,卖盘
210,14:43:15,13.56,0.01,214,290184,买盘
211,14:43:09,13.55,--,53,71815,卖盘
212,14:43:06,13.55,--,5,6775,卖盘
213,14:43:03,13.55,--,16,21680,买盘
214,14:43:00,13.55,--,12,16260,买盘
215,14:42:57,13.55,0.01,73,98915,买盘
216,14:42:54,13.54,-0.01,5,6770,卖盘
217,14:42:48,13.55,-0.01,100,135500,卖盘
218,14:42:45,13.56,0.02,73,98988,买盘
219,14:42:39,13.54,--,67,90718,卖盘
220,14:42:36,13.54,-0.01,15,20310,卖盘
221,14:42:33,13.55,0.01,1,1626,买盘
222,14:42:30,13.54,--,31,41974,卖盘
223,14:42:27,13.54,--,12,16925,卖盘
224,14:42:24,13.54,-0.01,25,33850,卖盘
225,14:42:21,13.55,--,119,161245,买盘
226,14:42:15,13.55,--,23,31165,买盘
227,14:42:12,13.55,0.01,80,108400,中性盘
228,14:42:09,13.54,-0.01,137,185498,卖盘
229,14:42:03,13.55,--,43,58265,卖盘
230,14:42:00,13.55,-0.01,37,50135,卖盘
231,14:41:54,13.56,0.01,38,51528,买盘
232,14:41:51,13.55,--,5,6775,卖盘
233,14:41:48,13.55,--,96,130080,卖盘
234,14:41:45,13.55,--,20,27100,卖盘
235,14:41:39,13.55,0.01,507,687662,买盘
236,14:41:36,13.54,--,69,93426,买盘
237,14:41:33,13.54,--,5,6770,买盘
238,14:41:30,13.54,--,31,41974,买盘
239,14:41:27,13.54,-0.01,86,116443,卖盘
240,14:41:21,13.55,0.01,116,157180,买盘
241,14:41:12,13.54,--,54,73116,卖盘
242,14:41:09,13.54,-0.01,16,21664,卖盘
243,14:41:06,13.55,0.01,1,1355,买盘
244,14:41:03,13.54,-0.01,32,43328,卖盘
245,14:41:00,13.55,0.02,77,104335,买盘
246,14:40:57,13.53,-0.01,250,338250,卖盘
247,14:40:51,13.54,--,174,235595,卖盘
248,14:40:45,13.54,0.01,64,86656,买盘
249,14:40:42,13.53,-0.01,200,270600,卖盘
250,14:40:32,13.54,-0.01,80,108320,卖盘
251,14:40:29,13.55,--,10,13550,买盘
252,14:40:26,13.55,0.01,579,785656,买盘
253,14:40:23,13.54,--,369,499625,卖盘
254,14:40:20,13.54,--,41,55514,卖盘
255,14:40:17,13.54,--,21,28434,卖盘
256,14:40:14,13.54,-0.01,38,51452,卖盘
257,14:40:11,13.55,0.01,10,13550,买盘
258,14:40:08,13.54,-0.01,16,21664,卖盘
259,14:39:59,13.55,--,11,14905,买盘
260,14:39:56,13.55,0.01,22,29810,买盘
261,14:39:53,13.54,--,17,23018,卖盘
262,14:39:50,13.54,-0.01,57,77178,卖盘
263,14:39:47,13.55,-0.01,579,785195,卖盘
264,14:39:44,13.56,0.01,152,206112,买盘
265,14:39:38,13.55,--,66,89430,卖盘
266,14:39:29,13.55,-0.01,41,55555,卖盘
267,14:39:23,13.56,0.01,10,13560,买盘
268,14:39:20,13.55,--,16,21680,卖盘
269,14:39:14,13.55,-0.01,4,5420,卖盘
270,14:39:11,13.56,0.01,26,35256,买盘
271,14:39:08,13.55,-0.01,94,127370,卖盘
272,14:39:05,13.56,-0.01,6,8136,中性盘
273,14:39:02,13.57,0.02,10,13570,买盘
274,14:38:59,13.55,--,23,31165,卖盘
275,14:38:56,13.55,--,44,59620,卖盘
276,14:38:53,13.55,-0.02,56,75880,卖盘
277,14:38:50,13.57,--,4,5428,卖盘
278,14:38:47,13.57,--,4,5428,卖盘
279,14:38:44,13.57,0.01,15,20355,卖盘
280,14:38:41,13.56,--,256,347136,卖盘
281,14:38:38,13.56,--,18,24408,卖盘
282,14:38:32,13.56,--,88,119328,卖盘
283,14:38:29,13.56,--,100,135600,卖盘
284,14:38:26,13.56,-0.02,17,23757,卖盘
285,14:38:23,13.58,0.02,1,1358,买盘
286,14:38:20,13.56,--,7,9492,卖盘
287,14:38:11,13.56,--,265,359340,卖盘
288,14:38:08,13.56,--,363,492228,卖盘
289,14:38:05,13.56,--,16,21696,卖盘
290,14:38:02,13.56,--,13,17628,卖盘
291,14:37:56,13.56,--,292,395952,卖盘
292,14:37:53,13.56,--,3,4068,卖盘
293,14:37:50,13.56,-0.01,1,1356,卖盘
294,14:37:47,13.57,0.01,16,21712,买盘
295,14:37:41,13.56,-0.01,21,28476,卖盘
296,14:37:38,13.57,0.01,260,352820,买盘
297,14:37:32,13.56,-0.01,55,74580,卖盘
298,14:37:26,13.57,--,2,2714,买盘
299,14:37:17,13.57,0.01,21,28497,买盘
300,14:37:14,13.56,--,20,27120,卖盘
301,14:37:08,13.56,0.01,255,345780,买盘
302,14:37:05,13.55,-0.01,15,20325,卖盘
303,14:37:02,13.56,--,1,1356,买盘
304,14:36:53,13.56,-0.01,635,861060,卖盘
305,14:36:50,13.57,--,201,273028,卖盘
306,14:36:41,13.57,--,31,42067,卖盘
307,14:36:38,13.57,--,29,39353,卖盘
308,14:36:35,13.57,-0.02,83,112631,卖盘
309,14:36:32,13.59,0.01,51,69309,买盘
310,14:36:29,13.58,0.01,483,656728,买盘
311,14:36:26,13.57,--,16,21983,卖盘
312,14:36:23,13.57,-0.01,10,13570,卖盘
313,14:36:20,13.58,0.01,12,16296,买盘
314,14:36:14,13.57,-0.01,30,40710,卖盘
315,14:36:11,13.58,0.01,1,1358,买盘
316,14:36:08,13.57,--,33,44781,卖盘
317,14:36:05,13.57,--,27,36639,卖盘
318,14:35:59,13.57,-0.01,104,141128,卖盘
319,14:35:56,13.58,0.01,53,71974,买盘
320,14:35:53,13.57,-0.01,3,4071,卖盘
321,14:35:47,13.58,--,1,1358,买盘
322,14:35:38,13.58,--,141,191478,买盘
323,14:35:35,13.58,0.01,17,23086,买盘
324,14:35:32,13.57,--,128,173696,卖盘
325,14:35:29,13.57,-0.01,17,23069,卖盘
326,14:35:26,13.58,--,108,146664,买盘
327,14:35:23,13.58,--,119,161602,买盘
328,14:35:17,13.58,--,9,12222,买盘
329,14:35:14,13.58,--,1,1358,中性盘
330,14:35:08,13.58,--,16,21728,卖盘
331,14:35:05,13.58,--,8,10864,卖盘
332,14:35:02,13.58,--,128,173824,卖盘
333,14:34:59,13.58,--,133,180614,卖盘
334,14:34:56,13.58,-0.01,7,9506,卖盘
335,14:34:50,13.59,0.01,64,86976,买盘
336,14:34:41,13.58,0.01,11,14938,买盘
337,14:34:38,13.57,-0.01,21,28497,卖盘
338,14:34:35,13.58,--,14,19012,买盘
339,14:34:32,13.58,--,28,38730,买盘
340,14:34:29,13.58,0.01,140,190799,买盘
341,14:34:26,13.57,-0.01,29,39353,卖盘
342,14:34:20,13.58,--,8,10864,买盘
343,14:34:14,13.58,--,13,17654,买盘
344,14:34:08,13.58,0.01,48,65184,买盘
345,14:33:59,13.57,-0.01,336,455952,卖盘
346,14:33:56,13.58,0.01,170,230860,买盘
347,14:33:53,13.57,-0.01,178,241546,卖盘
348,14:33:44,13.58,0.01,75,101850,买盘
349,14:33:41,13.57,-0.01,52,70564,卖盘
350,14:33:38,13.58,0.01,113,153454,买盘
351,14:33:35,13.57,-0.01,96,130272,卖盘
352,14:33:32,13.58,--,45,61110,买盘
353,14:33:29,13.58,-0.01,291,395178,卖盘
354,14:33:23,13.59,--,2,2718,买盘
355,14:33:20,13.59,--,16,21744,买盘
356,14:33:17,13.59,0.01,21,28539,买盘
357,14:33:11,13.58,--,17,23086,卖盘
358,14:33:08,13.58,--,81,109998,卖盘
359,14:33:05,13.58,--,93,126294,卖盘
360,14:33:02,13.58,--,59,80122,卖盘
361,14:32:59,13.58,--,20,27160,卖盘
362,14:32:56,13.58,-0.01,288,391104,卖盘
363,14:32:53,13.59,0.01,1,1359,买盘
364,14:32:50,13.58,--,32,43456,卖盘
365,14:32:44,13.58,--,30,40740,卖盘
366,14:32:35,13.58,-0.01,16,21728,卖盘
367,14:32:32,13.59,0.01,14,19026,买盘
368,14:32:29,13.58,--,21,28518,卖盘
369,14:32:26,13.58,--,75,101850,卖盘
370,14:32:23,13.58,--,58,78764,卖盘
371,14:32:20,13.58,--,56,76048,卖盘
372,14:32:17,13.58,-0.01,7,9506,卖盘
373,14:32:14,13.59,0.01,15,20385,买盘
374,14:32:11,13.58,--,121,164318,卖盘
375,14:32:05,13.58,-0.01,27,36666,卖盘
376,14:31:59,13.59,-0.01,58,78985,卖盘
377,14:31:56,13.6,0.01,122,165920,买盘
378,14:31:53,13.59,-0.01,181,245979,卖盘
379,14:31:50,13.6,--,47,63920,买盘
380,14:31:47,13.6,0.01,310,421600,买盘
381,14:31:44,13.59,--,7,9513,卖盘
382,14:31:41,13.59,--,65,89395,卖盘
383,14:31:38,13.59,-0.01,59,80181,卖盘
384,14:31:35,13.6,0.01,13,17680,买盘
385,14:31:32,13.59,-0.01,74,100566,卖盘
386,14:31:26,13.6,0.01,33,44880,买盘
387,14:31:23,13.59,--,32,43488,卖盘
388,14:31:20,13.59,--,179,243261,卖盘
389,14:31:17,13.59,-0.01,41,55719,卖盘
390,14:31:14,13.6,0.01,61,82960,买盘
391,14:31:05,13.59,-0.01,16,21744,卖盘
392,14:31:02,13.6,--,153,208080,买盘
393,14:30:59,13.6,--,79,107440,买盘
394,14:30:53,13.6,--,75,102000,卖盘
395,14:30:50,13.6,0.01,79,107440,买盘
396,14:30:44,13.59,--,73,99207,卖盘
397,14:30:38,13.59,-0.02,36,48924,卖盘
398,14:30:35,13.61,0.01,37,50357,买盘
399,14:30:29,13.6,0.01,47,64056,买盘
400,14:30:26,13.59,-0.01,23,31257,卖盘
401,14:30:23,13.6,-0.01,123,167824,卖盘
402,14:30:17,13.61,--,13,17693,买盘
403,14:30:14,13.61,--,52,70772,买盘
404,14:30:11,13.61,0.01,210,285810,买盘
405,14:30:05,13.6,--,186,252960,卖盘
406,14:29:59,13.6,--,3,4080,卖盘
407,14:29:56,13.6,--,52,70720,卖盘
408,14:29:50,13.6,-0.01,230,312800,卖盘
409,14:29:47,13.61,--,5,6805,买盘
410,14:29:44,13.61,0.01,4,5444,买盘
411,14:29:41,13.6,--,51,69360,卖盘
412,14:29:38,13.6,-0.01,16,21760,卖盘
413,14:29:35,13.61,--,15,20415,买盘
414,14:29:29,13.61,0.01,25,34025,买盘
415,14:29:26,13.6,-0.01,1,1360,卖盘
416,14:29:23,13.61,--,3,4083,买盘
417,14:29:20,13.61,--,21,28581,买盘
418,14:29:17,13.61,--,100,136100,买盘
419,14:29:11,13.61,0.01,20,27220,买盘
420,14:29:08,13.6,--,4,5440,卖盘
421,14:29:05,13.6,--,504,686256,买盘
422,14:29:02,13.6,-0.01,227,309264,卖盘
423,14:28:59,13.61,--,3,4083,买盘
424,14:28:53,13.61,--,141,191901,买盘
425,14:28:50,13.61,-0.02,1290,1756533,卖盘
426,14:28:44,13.63,0.02,538,734493,买盘
427,14:28:41,13.61,--,17,23137,卖盘
428,14:28:38,13.61,--,157,213677,卖盘
429,14:28:32,13.61,-0.01,17,23137,卖盘
430,14:28:29,13.62,--,4,5448,买盘
431,14:28:26,13.62,0.01,2,2724,买盘
432,14:28:23,13.61,-0.01,1,1361,卖盘
433,14:28:20,13.62,--,551,750462,买盘
434,14:28:17,13.62,-0.01,344,468691,卖盘
435,14:28:11,13.63,0.01,200,272600,买盘
436,14:28:02,13.62,--,100,136200,卖盘
437,14:27:59,13.62,--,20,27240,卖盘
438,14:27:53,13.62,--,60,81720,卖盘
439,14:27:50,13.62,--,13,17706,卖盘
440,14:27:47,13.62,-0.01,129,175698,卖盘
441,14:27:44,13.63,--,4,5452,买盘
442,14:27:41,13.63,--,233,317579,买盘
443,14:27:38,13.63,--,95,129485,买盘
444,14:27:32,13.63,--,13,17719,买盘
445,14:27:26,13.63,--,40,54520,买盘
446,14:27:23,13.63,0.01,5,6815,买盘
447,14:27:20,13.62,--,73,99426,卖盘
448,14:27:17,13.62,--,23,31326,卖盘
449,14:27:14,13.62,--,24,33777,卖盘
450,14:27:11,13.62,--,9,12258,卖盘
451,14:27:08,13.62,--,149,202938,卖盘
452,14:27:05,13.62,--,10,13620,卖盘
453,14:27:02,13.62,--,140,190788,买盘
454,14:26:56,13.62,--,241,328242,买盘
455,14:26:53,13.62,--,551,750462,买盘
456,14:26:50,13.62,--,186,253332,买盘
457,14:26:47,13.62,--,90,122580,买盘
458,14:26:44,13.62,0.01,7,9534,买盘
459,14:26:41,13.61,-0.01,17,23137,卖盘
460,14:26:38,13.62,0.01,15,20430,买盘
461,14:26:35,13.61,-0.01,66,89826,卖盘
462,14:26:32,13.62,0.01,13,17706,买盘
463,14:26:29,13.61,-0.01,10,14290,卖盘
464,14:26:26,13.62,0.01,4,5448,买盘
465,14:26:23,13.61,-0.01,5,6805,卖盘
466,14:26:20,13.62,--,19,25878,买盘
467,14:26:17,13.62,0.01,87,118494,买盘
468,14:26:14,13.61,--,2,2722,卖盘
469,14:26:11,13.61,--,1715,2334115,买盘
470,14:26:08,13.61,--,30,40830,买盘
471,14:26:05,13.61,0.01,5,6805,买盘
472,14:25:56,13.6,-0.01,25,34000,卖盘
473,14:25:53,13.61,0.01,17,23137,买盘
474,14:25:50,13.6,--,15,20400,卖盘
475,14:25:44,13.6,-0.01,54,73440,卖盘
476,14:25:41,13.61,0.01,321,436881,买盘
477,14:25:35,13.6,--,38,51680,卖盘
478,14:25:32,13.6,--,28,38080,卖盘
479,14:25:29,13.6,--,3,4080,卖盘
480,14:25:26,13.6,--,21,28560,卖盘
481,14:25:20,13.6,--,255,347616,买盘
482,14:25:17,13.6,0.01,106,144160,买盘
483,14:25:14,13.59,-0.01,45,61155,卖盘
484,14:25:11,13.6,0.01,67,91120,买盘
485,14:25:08,13.59,-0.01,16,21744,卖盘
486,14:25:05,13.6,--,7,9520,买盘
487,14:25:02,13.6,--,20,27200,买盘
488,14:24:59,13.6,--,6,8160,买盘
489,14:24:56,13.6,--,46,62560,买盘
490,14:24:53,13.6,--,33,44880,买盘
491,14:24:50,13.6,0.01,40,54400,买盘
492,14:24:47,13.59,-0.01,182,247338,卖盘
493,14:24:38,13.6,0.01,23,31280,买盘
494,14:24:35,13.59,-0.01,39,53001,卖盘
495,14:24:32,13.6,0.01,20,27200,买盘
496,14:24:29,13.59,-0.01,6,8154,卖盘
497,14:24:26,13.6,--,7,9520,买盘
498,14:24:20,13.6,0.01,50,68000,买盘
499,14:24:14,13.59,--,184,250056,卖盘
500,14:24:08,13.59,-0.01,16,21744,卖盘
501,14:24:02,13.6,--,26,35360,买盘
502,14:23:59,13.6,0.01,82,111520,买盘
503,14:23:53,13.59,--,18,24462,买盘
504,14:23:50,13.59,0.02,93,127066,买盘
505,14:23:47,13.57,--,211,287005,卖盘
506,14:23:44,13.57,-0.01,181,245617,卖盘
507,14:23:41,13.58,0.01,5,6790,卖盘
508,14:23:38,13.57,-0.01,43,58351,卖盘
509,14:23:35,13.58,--,2,2716,买盘
510,14:23:29,13.58,0.01,5,6790,买盘
511,14:23:26,13.57,-0.01,5,6785,卖盘
512,14:23:20,13.58,0.01,18,24444,买盘
513,14:23:17,13.57,-0.01,38,51566,卖盘
514,14:23:14,13.58,0.01,8,10864,买盘
515,14:23:11,13.57,--,196,265972,卖盘
516,14:23:05,13.57,-0.01,17,23069,卖盘
517,14:23:02,13.58,-0.01,10,13580,中性盘
518,14:22:59,13.59,0.02,6,8154,买盘
519,14:22:56,13.57,--,1,1357,卖盘
520,14:22:53,13.57,--,12,16284,卖盘
521,14:22:50,13.57,-0.02,600,814200,卖盘
522,14:22:47,13.59,0.01,19,25821,买盘
523,14:22:44,13.58,--,78,105924,卖盘
524,14:22:41,13.58,--,17,23086,卖盘
525,14:22:38,13.58,--,22,29876,卖盘
526,14:22:35,13.58,-0.01,22,29876,中性盘
527,14:22:32,13.59,0.02,18,24462,买盘
528,14:22:29,13.57,-0.01,40,54958,卖盘
529,14:22:23,13.58,--,48,65184,买盘
530,14:22:20,13.58,0.01,20,27160,买盘
531,14:22:17,13.57,-0.01,80,108560,卖盘
532,14:22:14,13.58,--,146,198268,买盘
533,14:22:08,13.58,0.01,4,5432,买盘
534,14:22:05,13.57,-0.01,36,48852,卖盘
535,14:22:02,13.58,--,35,47530,买盘
536,14:21:56,13.58,--,10,13580,买盘
537,14:21:53,13.58,--,34,46172,卖盘
538,14:21:50,13.58,0.01,10,13580,卖盘
539,14:21:44,13.57,-0.03,43,58351,卖盘
540,14:21:41,13.6,0.02,114,155040,买盘
541,14:21:38,13.58,-0.02,14,19012,卖盘
542,14:21:35,13.6,--,34,46240,买盘
543,14:21:29,13.6,0.01,10,13600,买盘
544,14:21:26,13.59,--,9,12231,买盘
545,14:21:23,13.59,-0.01,2,2718,卖盘
546,14:21:20,13.6,0.01,49,66640,买盘
547,14:21:14,13.59,--,10,13590,买盘
548,14:21:11,13.59,0.01,10,13590,买盘
549,14:21:08,13.58,-0.02,28,38024,卖盘
550,14:21:04,13.6,0.02,73,99280,买盘
551,14:21:01,13.58,-0.02,1,1358,卖盘
552,14:20:58,13.6,--,40,54400,买盘
553,14:20:52,13.6,0.02,6,8160,买盘
554,14:20:49,13.58,-0.02,23,31234,卖盘
555,14:20:46,13.6,0.01,27,36720,买盘
556,14:20:43,13.59,--,30,40770,买盘
557,14:20:37,13.59,-0.01,23,31257,卖盘
558,14:20:34,13.6,--,7,9520,买盘
559,14:20:31,13.6,--,22,29920,买盘
560,14:20:19,13.6,--,147,199920,买盘
561,14:20:16,13.6,--,8,10880,买盘
562,14:20:13,13.6,--,13,17680,买盘
563,14:20:10,13.6,0.01,4,5440,买盘
564,14:20:07,13.59,-0.01,43,58437,卖盘
565,14:20:01,13.6,--,9,12240,买盘
566,14:19:55,13.6,--,21,28560,买盘
567,14:19:52,13.6,--,2,2720,买盘
568,14:19:46,13.6,--,14,19040,买盘
569,14:19:43,13.6,--,6,8160,买盘
570,14:19:40,13.6,0.01,12,16320,买盘
571,14:19:37,13.59,-0.01,114,154926,卖盘
572,14:19:34,13.6,--,7,9520,买盘
573,14:19:31,13.6,--,32,43520,买盘
574,14:19:28,13.6,--,164,223040,卖盘
575,14:19:25,13.6,--,14,19040,卖盘
576,14:19:22,13.6,-0.01,1,1360,卖盘
577,14:19:19,13.61,--,6,8166,买盘
578,14:19:16,13.61,0.01,21,28581,买盘
579,14:19:13,13.6,--,30,40800,买盘
580,14:19:10,13.6,0.01,7,9520,买盘
581,14:19:07,13.59,-0.01,91,123669,卖盘
582,14:19:04,13.6,-0.01,5,6800,买盘
583,14:19:01,13.61,--,35,47635,买盘
584,14:18:55,13.61,0.01,19,25859,买盘
585,14:18:52,13.6,--,9,12240,卖盘
586,14:18:49,13.6,--,25,34000,卖盘
587,14:18:46,13.6,--,10,13600,卖盘
588,14:18:43,13.6,-0.01,20,27200,中性盘
589,14:18:40,13.61,0.01,207,281727,买盘
590,14:18:37,13.6,--,101,137360,买盘
591,14:18:28,13.6,--,11,15640,卖盘
592,14:18:25,13.6,--,20,27880,卖盘
593,14:18:22,13.6,-0.01,483,656880,卖盘
594,14:18:16,13.61,0.01,32,43552,买盘
595,14:18:13,13.6,--,15,20400,卖盘
596,14:18:10,13.6,0.01,7,9520,中性盘
597,14:18:07,13.59,--,35,47565,卖盘
598,14:18:04,13.59,-0.01,134,182106,卖盘
599,14:18:01,13.6,0.01,164,223040,买盘
600,14:17:58,13.59,-0.01,31,42129,卖盘
601,14:17:55,13.6,0.01,13,17680,买盘
602,14:17:46,13.59,--,9,12231,买盘
603,14:17:40,13.59,--,10,13590,买盘
604,14:17:37,13.59,--,60,81540,买盘
605,14:17:34,13.59,--,14,19026,买盘
606,14:17:31,13.59,-0.01,111,150849,卖盘
607,14:17:22,13.6,--,23,31280,买盘
608,14:17:19,13.6,--,6,8160,买盘
609,14:17:13,13.6,--,8,10880,买盘
610,14:17:10,13.6,--,17,23120,买盘
611,14:17:04,13.6,0.01,82,111520,买盘
612,14:17:01,13.59,-0.01,78,106002,卖盘
613,14:16:58,13.6,0.01,4,5440,买盘
614,14:16:55,13.59,--,2,2718,卖盘
615,14:16:49,13.59,-0.01,19,25821,卖盘
616,14:16:46,13.6,0.01,12,16320,买盘
617,14:16:40,13.59,--,45,61155,卖盘
618,14:16:37,13.59,--,9,12231,卖盘
619,14:16:34,13.59,-0.01,16,21744,卖盘
620,14:16:31,13.6,--,215,292400,买盘
621,14:16:28,13.6,--,4,5440,买盘
622,14:16:25,13.6,--,8,10880,买盘
623,14:16:22,13.6,--,30,40800,买盘
624,14:16:16,13.6,--,6,8160,买盘
625,14:16:13,13.6,--,25,34000,买盘
626,14:16:10,13.6,0.01,4,5440,买盘
627,14:16:07,13.59,-0.02,16,21744,卖盘
628,14:16:04,13.61,--,205,279005,买盘
629,14:15:58,13.61,--,54,73494,买盘
630,14:15:55,13.61,0.02,7,9527,买盘
631,14:15:52,13.59,-0.02,2,2718,中性盘
632,14:15:43,13.61,--,8,10888,买盘
633,14:15:37,13.61,--,38,51718,买盘
634,14:15:31,13.61,--,204,277644,买盘
635,14:15:28,13.61,--,238,323918,买盘
636,14:15:25,13.61,--,18,24498,买盘
637,14:15:19,13.61,--,31,42191,买盘
638,14:15:16,13.61,--,51,69411,买盘
639,14:15:13,13.61,--,108,146988,买盘
640,14:15:07,13.61,0.02,74,100714,买盘
641,14:15:01,13.59,-0.02,56,76756,卖盘
642,14:14:58,13.61,0.02,15,20415,买盘
643,14:14:55,13.59,-0.02,0,706,卖盘
644,14:14:49,13.61,0.03,7,9527,买盘
645,14:14:46,13.58,--,3,4074,卖盘
646,14:14:40,13.58,-0.03,20,27160,卖盘
647,14:14:37,13.61,0.02,82,112718,买盘
648,14:14:34,13.59,--,31,42129,买盘
649,14:14:28,13.59,--,8,10872,买盘
650,14:14:22,13.59,--,136,184824,卖盘
651,14:14:16,13.59,--,49,66591,卖盘
652,14:14:13,13.59,-0.02,25,33975,卖盘
653,14:14:10,13.61,0.02,10,13610,买盘
654,14:14:07,13.59,-0.02,18,24462,卖盘
655,14:14:04,13.61,0.02,60,81660,买盘
656,14:13:58,13.59,-0.02,35,47565,卖盘
657,14:13:52,13.61,--,115,156515,卖盘
658,14:13:49,13.61,--,8,10888,卖盘
659,14:13:46,13.61,-0.01,1,1361,卖盘
660,14:13:40,13.62,0.01,19,25878,买盘
661,14:13:37,13.61,-0.01,35,47635,买盘
662,14:13:34,13.62,0.02,632,860784,买盘
663,14:13:31,13.6,-0.01,10,13600,中性盘
664,14:13:16,13.61,--,92,125212,买盘
665,14:13:13,13.61,--,8,10888,买盘
666,14:13:10,13.61,--,9,12249,买盘
667,14:13:07,13.61,0.02,18,24498,买盘
668,14:13:04,13.59,-0.01,21,28539,卖盘
669,14:13:01,13.6,-0.01,17,23120,买盘
670,14:12:58,13.61,--,8,10888,买盘
671,14:12:55,13.61,--,7,9527,买盘
672,14:12:46,13.61,0.02,24,32664,买盘
673,14:12:43,13.59,-0.02,108,146772,卖盘
674,14:12:37,13.61,-0.01,22,30894,卖盘
675,14:12:34,13.62,--,50,68100,买盘
676,14:12:31,13.62,0.01,13,17706,买盘
677,14:12:28,13.61,--,69,93909,卖盘
678,14:12:22,13.61,--,49,66689,卖盘
679,14:12:19,13.61,--,12,16332,卖盘
680,14:12:16,13.61,0.01,227,309355,买盘
681,14:12:13,13.6,-0.01,1,1360,卖盘
682,14:12:07,13.61,0.01,22,29942,买盘
683,14:12:04,13.6,-0.01,117,159120,卖盘
684,14:11:49,13.61,0.01,11,14971,买盘
685,14:11:46,13.6,-0.01,30,40800,卖盘
686,14:11:43,13.61,0.01,1,1361,买盘
687,14:11:40,13.6,-0.01,22,29920,卖盘
688,14:11:37,13.61,--,34,46274,买盘
689,14:11:34,13.61,--,21,28581,买盘
690,14:11:31,13.61,--,21,28581,买盘
691,14:11:28,13.61,0.01,69,93909,买盘
692,14:11:25,13.6,-0.01,7,9520,卖盘
693,14:11:19,13.61,0.01,16,21776,买盘
694,14:11:16,13.6,-0.01,7,9520,买盘
695,14:11:13,13.61,--,78,106158,买盘
696,14:11:10,13.61,0.01,20,27220,买盘
697,14:11:07,13.6,-0.01,80,109752,卖盘
698,14:10:58,13.61,0.01,31,42191,买盘
699,14:10:55,13.6,--,108,147288,买盘
700,14:10:52,13.6,--,82,111520,买盘
701,14:10:49,13.6,0.01,69,93840,买盘
702,14:10:46,13.59,-0.01,46,62514,中性盘
703,14:10:43,13.6,0.02,4,5440,买盘
704,14:10:40,13.58,-0.02,65,88270,卖盘
705,14:10:37,13.6,--,65,88400,买盘
706,14:10:34,13.6,0.02,129,175440,买盘
707,14:10:31,13.58,--,120,162960,卖盘
708,14:10:28,13.58,-0.02,52,71295,卖盘
709,14:10:25,13.6,--,64,87040,买盘
710,14:10:22,13.6,0.02,48,65280,买盘
711,14:10:19,13.58,-0.02,7,9506,卖盘
712,14:10:16,13.6,0.01,30,40800,买盘
713,14:10:13,13.59,--,12,16308,买盘
714,14:10:10,13.59,-0.01,14,19026,买盘
715,14:10:07,13.6,0.01,13,17680,买盘
716,14:10:04,13.59,--,11,14949,买盘
717,14:10:01,13.59,--,1,1359,卖盘
718,14:09:58,13.59,-0.01,20,27180,买盘
719,14:09:52,13.6,0.02,8,10880,买盘
720,14:09:49,13.58,-0.01,203,275674,卖盘
721,14:09:46,13.59,0.01,19,25821,买盘
722,14:09:43,13.58,--,1,1358,卖盘
723,14:09:40,13.58,-0.01,17,23086,卖盘
724,14:09:37,13.59,0.01,101,137259,买盘
725,14:09:31,13.58,-0.01,21,28518,卖盘
726,14:09:28,13.59,--,26,35334,买盘
727,14:09:22,13.59,0.01,8,10872,买盘
728,14:09:19,13.58,--,88,119504,卖盘
729,14:09:16,13.58,--,14,19012,卖盘
730,14:09:13,13.58,-0.01,162,219996,卖盘
731,14:09:10,13.59,--,66,89694,买盘
732,14:09:07,13.59,0.01,47,63873,买盘
733,14:08:58,13.58,--,5,6790,卖盘
734,14:08:55,13.58,--,40,54320,卖盘
735,14:08:52,13.58,--,70,95060,卖盘
736,14:08:43,13.58,--,10,13580,卖盘
737,14:08:37,13.58,-0.01,21,28518,卖盘
738,14:08:34,13.59,--,71,96489,买盘
739,14:08:31,13.59,0.01,14,19026,买盘
740,14:08:22,13.58,-0.02,29,39382,卖盘
741,14:08:19,13.6,0.01,20,27200,买盘
742,14:08:16,13.59,0.01,13,17667,中性盘
743,14:08:13,13.58,-0.02,47,63826,卖盘
744,14:08:07,13.6,--,38,51680,买盘
745,14:08:04,13.6,--,6,8160,买盘
746,14:08:01,13.6,--,8,10880,买盘
747,14:07:55,13.6,0.01,38,51680,买盘
748,14:07:52,13.59,-0.01,127,172593,卖盘
749,14:07:49,13.6,--,7,9520,买盘
750,14:07:46,13.6,0.01,34,46240,买盘
751,14:07:43,13.59,-0.01,41,55719,卖盘
752,14:07:34,13.6,--,28,38080,买盘
753,14:07:28,13.6,0.01,30,40800,买盘
754,14:07:25,13.59,--,188,255492,买盘
755,14:07:22,13.59,-0.01,13,17667,买盘
756,14:07:19,13.6,--,3,4080,买盘
757,14:07:16,13.6,--,411,558960,买盘
758,14:07:13,13.6,--,6,8160,买盘
759,14:07:07,13.6,0.01,40,54400,买盘
760,14:07:04,13.59,--,25,33975,买盘
761,14:07:01,13.59,--,9,12231,买盘
762,14:06:58,13.59,--,50,67950,买盘
763,14:06:55,13.59,--,3,4077,买盘
764,14:06:52,13.59,--,30,40770,卖盘
765,14:06:49,13.59,--,104,141336,卖盘
766,14:06:46,13.59,--,99,134541,买盘
767,14:06:43,13.59,0.01,111,150849,中性盘
768,14:06:37,13.58,-0.02,29,39382,卖盘
769,14:06:34,13.6,0.01,58,78880,买盘
770,14:06:28,13.59,-0.01,8,11143,卖盘
771,14:06:25,13.6,--,11,14960,买盘
772,14:06:22,13.6,0.01,9,12240,买盘
773,14:06:16,13.59,-0.01,4,5436,卖盘
774,14:06:16,13.6,0.01,17,23120,买盘
775,14:06:10,13.59,--,165,225322,买盘
776,14:06:07,13.59,-0.01,380,516691,卖盘
777,14:06:01,13.6,--,27,36720,买盘
778,14:05:58,13.6,--,8,10880,买盘
779,14:05:52,13.6,0.01,1,1360,买盘
780,14:05:49,13.59,-0.01,444,603396,卖盘
781,14:05:46,13.6,--,8,10880,买盘
782,14:05:40,13.6,--,28,38080,买盘
783,14:05:37,13.6,--,21,28560,买盘
784,14:05:34,13.6,-0.01,135,183600,卖盘
785,14:05:31,13.61,--,13,17693,买盘
786,14:05:28,13.61,--,105,142905,买盘
787,14:05:25,13.61,0.01,3,4083,买盘
788,14:05:19,13.6,--,3,4080,卖盘
789,14:05:16,13.6,-0.01,6,8160,卖盘
790,14:05:13,13.61,--,20,27220,买盘
791,14:05:10,13.61,0.01,146,198706,买盘
792,14:05:07,13.6,--,19,25840,卖盘
793,14:05:04,13.6,-0.01,73,99280,卖盘
794,14:05:01,13.61,--,20,27220,买盘
795,14:04:55,13.61,0.01,14,19054,买盘
796,14:04:52,13.6,0.01,54,73440,买盘
797,14:04:49,13.59,-0.02,20,27180,卖盘
798,14:04:40,13.61,0.01,13,17693,买盘
799,14:04:37,13.6,-0.01,11,14960,卖盘
800,14:04:34,13.61,-0.01,13,17693,中性盘
801,14:04:31,13.62,0.01,23,31326,买盘
802,14:04:25,13.61,--,74,100714,买盘
803,14:04:22,13.61,0.01,25,34025,买盘
804,14:04:19,13.6,-0.01,57,77710,卖盘
805,14:04:13,13.61,-0.01,1,1361,卖盘
806,14:04:10,13.62,0.01,18,24516,买盘
807,14:04:07,13.61,0.01,231,314391,买盘
808,14:04:04,13.6,-0.01,16,21760,卖盘
809,14:03:58,13.61,--,12,16332,买盘
810,14:03:52,13.61,-0.01,37,50357,卖盘
811,14:03:49,13.62,0.02,4,5448,买盘
812,14:03:46,13.6,-0.02,81,110160,卖盘
813,14:03:43,13.62,0.01,26,35412,买盘
814,14:03:40,13.61,--,78,106158,买盘
815,14:03:37,13.61,--,49,66689,买盘
816,14:03:34,13.61,--,8,10888,买盘
817,14:03:31,13.61,--,12,16332,买盘
818,14:03:25,13.61,--,8,10888,买盘
819,14:03:22,13.61,0.01,3,4083,买盘
820,14:03:19,13.6,-0.02,50,68000,卖盘
821,14:03:16,13.62,--,101,137562,买盘
822,14:03:13,13.62,--,8,10896,买盘
823,14:03:10,13.62,0.01,3,4085,买盘
824,14:03:04,13.61,--,62,84382,买盘
825,14:02:58,13.61,--,11,14971,买盘
826,14:02:52,13.61,--,57,77577,卖盘
827,14:02:49,13.61,--,4,5444,买盘
828,14:02:46,13.61,0.01,33,44913,买盘
829,14:02:43,13.6,-0.01,75,102000,卖盘
830,14:02:40,13.61,0.01,25,34025,买盘
831,14:02:37,13.6,--,16,21760,卖盘
832,14:02:34,13.6,--,2,2720,卖盘
833,14:02:28,13.6,--,10,14280,卖盘
834,14:02:25,13.6,-0.03,60,81600,卖盘
835,14:02:22,13.63,--,1,1363,买盘
836,14:02:19,13.63,0.03,210,286230,买盘
837,14:02:16,13.6,-0.01,76,103360,卖盘
838,14:02:13,13.61,-0.01,14,19054,卖盘
839,14:02:10,13.62,0.01,9,12258,买盘
840,14:02:07,13.61,0.01,58,78938,买盘
841,14:02:04,13.6,--,13,18169,买盘
842,14:02:01,13.6,--,3,4080,买盘
843,14:01:55,13.6,--,118,160480,买盘
844,14:01:49,13.6,--,58,78880,买盘
845,14:01:43,13.6,0.01,34,46240,买盘
846,14:01:40,13.59,-0.01,8,10872,卖盘
847,14:01:37,13.6,--,205,278800,买盘
848,14:01:34,13.6,--,4,5440,买盘
849,14:01:31,13.6,--,4,5440,买盘
850,14:01:28,13.6,--,50,68000,买盘
851,14:01:25,13.6,0.01,340,462400,买盘
852,14:01:21,13.59,--,19,25821,卖盘
853,14:01:18,13.59,--,20,27180,卖盘
854,14:01:15,13.59,--,27,36693,卖盘
855,14:01:12,13.59,-0.01,52,70668,卖盘
856,14:01:09,13.6,0.01,42,57120,买盘
857,14:01:00,13.59,--,7,10328,卖盘
858,14:00:57,13.59,--,25,33975,卖盘
859,14:00:54,13.59,-0.01,1,1359,卖盘
860,14:00:48,13.6,0.01,14,19040,买盘
861,14:00:45,13.59,--,1,1359,卖盘
862,14:00:42,13.59,--,36,49195,卖盘
863,14:00:39,13.59,--,164,222876,卖盘
864,14:00:33,13.59,--,31,42129,买盘
865,14:00:27,13.59,--,32,43488,买盘
866,14:00:24,13.59,--,64,86976,买盘
867,14:00:21,13.59,--,48,65232,卖盘
868,14:00:15,13.59,-0.01,19,25821,卖盘
869,14:00:12,13.6,--,14,19040,买盘
870,14:00:09,13.6,0.01,41,55760,买盘
871,14:00:06,13.59,--,25,33975,卖盘
872,14:00:03,13.59,--,20,27180,卖盘
873,13:59:57,13.59,-0.01,21,28539,卖盘
874,13:59:51,13.6,--,301,410448,买盘
875,13:59:48,13.6,0.01,14,19040,买盘
876,13:59:39,13.59,--,23,31257,卖盘
877,13:59:36,13.59,--,33,45118,卖盘
878,13:59:27,13.59,--,45,61155,卖盘
879,13:59:24,13.59,--,10,13590,卖盘
880,13:59:21,13.59,--,65,88335,卖盘
881,13:59:18,13.59,--,11,14949,卖盘
882,13:59:15,13.59,-0.01,100,135900,卖盘
883,13:59:12,13.6,0.01,164,223040,买盘
884,13:59:09,13.59,--,22,29898,卖盘
885,13:59:06,13.59,--,26,35334,卖盘
886,13:59:00,13.59,-0.01,16,21744,卖盘
887,13:58:51,13.6,0.01,11,14960,买盘
888,13:58:48,13.59,--,2,2718,卖盘
889,13:58:45,13.59,--,12,16308,卖盘
890,13:58:42,13.59,0.01,44,60475,买盘
891,13:58:39,13.58,-0.01,50,67900,卖盘
892,13:58:27,13.59,-0.01,85,115515,卖盘
893,13:58:24,13.6,0.01,10,13600,买盘
894,13:58:21,13.59,--,14,19026,卖盘
895,13:58:15,13.59,--,75,101925,卖盘
896,13:58:12,13.59,--,53,72027,卖盘
897,13:58:09,13.59,--,137,186183,卖盘
898,13:58:06,13.59,-0.01,25,33975,卖盘
899,13:58:03,13.6,0.01,82,111520,买盘
900,13:58:00,13.59,-0.01,54,73386,卖盘
901,13:57:54,13.6,0.01,53,72080,买盘
902,13:57:48,13.59,--,33,44847,卖盘
903,13:57:45,13.59,--,25,33975,卖盘
904,13:57:42,13.59,--,140,190260,卖盘
905,13:57:36,13.59,--,16,21744,卖盘
906,13:57:33,13.59,-0.01,53,72027,卖盘
907,13:57:24,13.6,-0.01,109,148240,卖盘
908,13:57:18,13.61,0.01,18,24498,买盘
909,13:57:15,13.6,--,334,454240,卖盘
910,13:57:12,13.6,--,10,13600,卖盘
911,13:57:09,13.6,--,27,36720,卖盘
912,13:57:06,13.6,--,24,32640,卖盘
913,13:57:00,13.6,-0.01,10,13600,卖盘
914,13:56:57,13.61,0.01,25,34025,买盘
915,13:56:54,13.6,--,411,558960,卖盘
916,13:56:51,13.6,-0.01,137,186320,卖盘
917,13:56:45,13.61,-0.01,13,18373,卖盘
918,13:56:42,13.62,0.01,22,29964,买盘
919,13:56:36,13.61,-0.01,24,32664,卖盘
920,13:56:33,13.62,--,45,61290,买盘
921,13:56:30,13.62,--,116,157992,买盘
922,13:56:27,13.62,-0.01,11,14982,卖盘
923,13:56:21,13.63,0.01,118,160834,买盘
924,13:56:15,13.62,--,4,5448,买盘
925,13:56:12,13.62,0.01,23,31326,买盘
926,13:56:09,13.61,-0.02,81,110241,卖盘
927,13:56:06,13.63,0.02,3,4089,买盘
928,13:56:03,13.61,-0.02,44,59884,卖盘
929,13:55:57,13.63,0.02,19,25897,买盘
930,13:55:48,13.61,-0.01,235,319835,卖盘
931,13:55:45,13.62,--,8,10896,买盘
932,13:55:42,13.62,--,12,16343,买盘
933,13:55:39,13.62,0.01,2,2724,买盘
934,13:55:36,13.61,-0.01,165,224565,卖盘
935,13:55:30,13.62,--,10,13620,卖盘
936,13:55:24,13.62,--,43,58566,卖盘
937,13:55:21,13.62,--,125,170250,卖盘
938,13:55:18,13.62,-0.01,10,13620,卖盘
939,13:55:15,13.63,--,8,10904,买盘
940,13:55:12,13.63,0.01,35,47705,买盘
941,13:55:06,13.62,0.01,236,321432,买盘
942,13:55:03,13.61,--,56,76216,卖盘
943,13:54:57,13.61,--,23,31303,卖盘
944,13:54:54,13.61,-0.01,55,74855,卖盘
945,13:54:51,13.62,0.01,7,9534,买盘
946,13:54:48,13.61,-0.01,41,55801,卖盘
947,13:54:45,13.62,0.01,180,245160,买盘
948,13:54:42,13.61,--,39,53079,卖盘
949,13:54:39,13.61,--,26,35386,卖盘
950,13:54:36,13.61,--,88,119768,卖盘
951,13:54:33,13.61,-0.01,39,53079,卖盘
952,13:54:30,13.62,--,3,4085,买盘
953,13:54:27,13.62,--,29,40179,买盘
954,13:54:24,13.62,--,20,27240,买盘
955,13:54:18,13.62,0.01,10,13620,买盘
956,13:54:15,13.61,-0.01,35,47635,卖盘
957,13:54:09,13.62,--,3,4085,买盘
958,13:54:06,13.62,0.01,25,34050,买盘
959,13:54:03,13.61,-0.01,30,40830,卖盘
960,13:53:57,13.62,--,35,47670,买盘
961,13:53:51,13.62,--,9,12258,买盘
962,13:53:45,13.62,--,24,32687,买盘
963,13:53:39,13.62,--,6,8171,买盘
964,13:53:36,13.62,--,2,2724,卖盘
965,13:53:33,13.62,-0.01,30,40860,卖盘
966,13:53:30,13.63,-0.01,26,35438,中性盘
967,13:53:24,13.64,0.02,333,454212,买盘
968,13:53:21,13.62,--,300,408600,卖盘
969,13:53:18,13.62,--,34,46308,卖盘
970,13:53:15,13.62,-0.01,10,13620,卖盘
971,13:53:12,13.63,0.01,114,155382,买盘
972,13:53:06,13.62,-0.01,294,400428,卖盘
973,13:53:03,13.63,-0.01,10,13630,买盘
974,13:53:00,13.64,0.01,58,79112,买盘
975,13:52:57,13.63,0.01,75,102225,买盘
976,13:52:51,13.62,--,247,336414,卖盘
977,13:52:45,13.62,--,120,163440,卖盘
978,13:52:39,13.62,-0.01,37,50394,卖盘
979,13:52:36,13.63,-0.01,25,34075,买盘
980,13:52:33,13.64,--,62,84568,买盘
981,13:52:27,13.64,0.02,57,77748,买盘
982,13:52:24,13.62,-0.02,52,70824,卖盘
983,13:52:21,13.64,0.02,116,158224,买盘
984,13:52:18,13.62,-0.01,60,81720,卖盘
985,13:52:15,13.63,-0.01,18,24534,卖盘
986,13:52:09,13.64,--,48,65472,买盘
987,13:52:06,13.64,0.01,24,32736,买盘
988,13:52:03,13.63,-0.01,244,332572,卖盘
989,13:52:00,13.64,--,19,25916,买盘
990,13:51:57,13.64,--,387,527868,买盘
991,13:51:54,13.64,--,31,42284,买盘
992,13:51:51,13.64,0.01,28,38192,买盘
993,13:51:48,13.63,-0.01,77,104951,卖盘
994,13:51:45,13.64,0.01,144,196416,买盘
995,13:51:39,13.63,-0.01,226,308038,卖盘
996,13:51:36,13.64,0.01,10,13640,买盘
997,13:51:33,13.63,-0.01,171,233073,卖盘
998,13:51:30,13.64,0.01,41,55924,买盘
999,13:51:27,13.63,-0.01,43,58609,卖盘
1000,13:51:24,13.64,0.01,45,61380,买盘
1001,13:51:21,13.63,--,45,61335,卖盘
1002,13:51:18,13.63,-0.01,10,13630,卖盘
1003,13:51:15,13.64,0.01,67,91388,买盘
1004,13:51:12,13.63,-0.01,40,54520,卖盘
1005,13:51:09,13.64,0.01,133,181412,买盘
1006,13:51:06,13.63,--,7,9541,买盘
1007,13:51:03,13.63,-0.02,50,68150,卖盘
1008,13:50:57,13.65,0.02,45,61425,买盘
1009,13:50:54,13.63,--,113,154019,买盘
1010,13:50:51,13.63,-0.01,73,100180,卖盘
1011,13:50:48,13.64,0.01,345,471262,买盘
1012,13:50:45,13.63,--,84,114492,买盘
1013,13:50:42,13.63,--,4,5452,买盘
1014,13:50:39,13.63,--,81,110403,买盘
1015,13:50:33,13.63,--,81,110403,买盘
1016,13:50:30,13.63,--,241,329164,卖盘
1017,13:50:27,13.63,-0.01,91,124714,卖盘
1018,13:50:24,13.64,--,20,27280,买盘
1019,13:50:21,13.64,0.01,17,23188,买盘
1020,13:50:18,13.63,--,65,88595,卖盘
1021,13:50:15,13.63,-0.01,58,79054,卖盘
1022,13:50:12,13.64,0.01,27,36828,买盘
1023,13:50:09,13.63,-0.01,117,159471,卖盘
1024,13:50:06,13.64,--,23,31372,买盘
1025,13:50:03,13.64,--,21,28644,买盘
1026,13:50:00,13.64,0.01,3,4092,买盘
1027,13:49:57,13.63,-0.01,39,53157,卖盘
1028,13:49:48,13.64,--,15,20460,买盘
1029,13:49:42,13.64,0.02,92,125488,买盘
1030,13:49:36,13.62,-0.01,127,172974,卖盘
1031,13:49:33,13.63,-0.01,83,113129,中性盘
1032,13:49:27,13.64,0.01,299,407836,买盘
1033,13:49:24,13.63,--,77,104951,买盘
1034,13:49:21,13.63,--,516,703308,买盘
1035,13:49:18,13.63,-0.01,180,245340,卖盘
1036,13:49:15,13.64,--,57,77748,买盘
1037,13:49:12,13.64,--,1,1364,买盘
1038,13:49:09,13.64,--,87,118668,买盘
1039,13:49:06,13.64,0.01,78,106392,买盘
1040,13:49:03,13.63,0.02,213,290319,买盘
1041,13:49:00,13.61,-0.03,43,58523,卖盘
1042,13:48:57,13.64,0.01,251,342364,买盘
1043,13:48:51,13.63,0.01,966,1316658,买盘
1044,13:48:45,13.62,--,72,98064,卖盘
1045,13:48:42,13.62,-0.02,183,249246,卖盘
1046,13:48:39,13.64,--,48,65472,买盘
1047,13:48:36,13.64,--,223,304172,买盘
1048,13:48:33,13.64,0.01,79,107756,买盘
1049,13:48:30,13.63,-0.01,418,569734,卖盘
1050,13:48:27,13.64,--,89,121396,卖盘
1051,13:48:18,13.64,--,52,70928,卖盘
1052,13:48:15,13.64,-0.01,117,159588,中性盘
1053,13:48:12,13.65,0.01,41,55965,买盘
1054,13:48:09,13.64,-0.01,90,122760,中性盘
1055,13:48:06,13.65,--,185,252525,买盘
1056,13:48:00,13.65,0.02,150,204750,买盘
1057,13:47:57,13.63,0.01,464,632432,买盘
1058,13:47:54,13.62,--,418,569316,卖盘
1059,13:47:51,13.62,-0.01,1440,1961280,卖盘
1060,13:47:45,13.63,--,120,163560,买盘
1061,13:47:42,13.63,--,164,223532,买盘
1062,13:47:39,13.63,0.01,89,121307,买盘
1063,13:47:36,13.62,-0.01,289,393618,中性盘
1064,13:47:30,13.63,--,60,81780,买盘
1065,13:47:27,13.63,0.01,444,605172,买盘
1066,13:47:24,13.62,0.01,277,377955,中性盘
1067,13:47:18,13.61,-0.01,49,67097,卖盘
1068,13:47:12,13.62,--,220,299640,买盘
1069,13:47:09,13.62,--,38,51756,买盘
1070,13:47:06,13.62,0.01,667,908454,买盘
1071,13:47:03,13.61,-0.01,67,91187,卖盘
1072,13:47:00,13.62,--,54,73548,买盘
1073,13:46:57,13.62,--,126,171612,买盘
1074,13:46:54,13.62,0.01,37,50394,买盘
1075,13:46:51,13.61,-0.01,226,307586,卖盘
1076,13:46:48,13.62,--,34,46308,买盘
1077,13:46:45,13.62,0.01,66,89892,买盘
1078,13:46:42,13.61,-0.01,70,95270,卖盘
1079,13:46:39,13.62,--,149,202938,买盘
1080,13:46:36,13.62,--,43,58566,买盘
1081,13:46:33,13.62,0.01,61,83082,买盘
1082,13:46:30,13.61,-0.01,59,80979,卖盘
1083,13:46:27,13.62,--,10,13620,买盘
1084,13:46:24,13.62,--,28,38136,买盘
1085,13:46:21,13.62,--,53,72186,买盘
1086,13:46:18,13.62,--,30,40860,买盘
1087,13:46:15,13.62,0.01,194,264228,买盘
1088,13:46:12,13.61,--,51,69411,买盘
1089,13:46:09,13.61,0.01,348,473628,买盘
1090,13:46:03,13.6,-0.01,16,21760,卖盘
1091,13:46:00,13.61,--,283,385163,买盘
1092,13:45:57,13.61,0.02,21,28581,买盘
1093,13:45:54,13.59,--,1132,1538388,卖盘
1094,13:45:51,13.59,-0.01,74,100566,卖盘
1095,13:45:48,13.6,--,95,129200,买盘
1096,13:45:45,13.6,--,194,263840,买盘
1097,13:45:42,13.6,--,39,53040,买盘
1098,13:45:39,13.6,0.01,7,9520,买盘
1099,13:45:36,13.59,-0.01,19,25821,卖盘
1100,13:45:33,13.6,--,38,51680,买盘
1101,13:45:30,13.6,--,8,10880,买盘
1102,13:45:27,13.6,--,50,68000,买盘
1103,13:45:24,13.6,--,39,53040,买盘
1104,13:45:21,13.6,--,74,100640,买盘
1105,13:45:15,13.6,--,142,193120,买盘
1106,13:45:12,13.6,--,6,8160,买盘
1107,13:45:09,13.6,0.02,77,104720,买盘
1108,13:45:06,13.58,-0.02,47,63826,中性盘
1109,13:45:03,13.6,--,111,150960,买盘
1110,13:45:00,13.6,--,4,5440,买盘
1111,13:44:54,13.6,0.01,51,69360,买盘
1112,13:44:48,13.59,-0.01,45,61155,中性盘
1113,13:44:45,13.6,--,43,58480,买盘
1114,13:44:42,13.6,0.02,97,131920,买盘
1115,13:44:39,13.58,-0.01,29,39382,卖盘
1116,13:44:36,13.59,-0.01,49,66591,买盘
1117,13:44:33,13.6,0.01,84,114240,买盘
1118,13:44:30,13.59,--,40,54360,买盘
1119,13:44:27,13.59,0.01,73,99207,买盘
1120,13:44:18,13.58,-0.02,71,96418,中性盘
1121,13:44:12,13.6,0.01,53,72080,买盘
1122,13:44:09,13.59,0.03,35,47565,中性盘
1123,13:44:06,13.56,-0.04,95,128820,卖盘
1124,13:43:57,13.6,--,102,138720,买盘
1125,13:43:54,13.6,0.04,53,72080,买盘
1126,13:43:51,13.56,-0.03,226,306456,卖盘
1127,13:43:48,13.59,--,87,118233,买盘
1128,13:43:42,13.59,0.01,42,57078,买盘
1129,13:43:39,13.58,--,231,313698,买盘
1130,13:43:36,13.58,0.01,40,54320,买盘
1131,13:43:33,13.57,-0.01,28,37996,卖盘
1132,13:43:30,13.58,--,3,4074,卖盘
1133,13:43:27,13.58,--,42,57036,买盘
1134,13:43:21,13.58,-0.01,24,32592,买盘
1135,13:43:18,13.59,0.02,11,14949,买盘
1136,13:43:15,13.57,-0.01,81,111233,卖盘
1137,13:43:12,13.58,--,21,28518,买盘
1138,13:43:09,13.58,--,108,146664,买盘
1139,13:43:03,13.58,--,23,31234,买盘
1140,13:43:00,13.58,0.01,20,27160,买盘
1141,13:42:57,13.57,-0.01,10,13570,卖盘
1142,13:42:54,13.58,--,41,55678,买盘
1143,13:42:48,13.58,--,82,111396,卖盘
1144,13:42:45,13.58,--,52,70616,卖盘
1145,13:42:39,13.58,--,17,23086,卖盘
1146,13:42:35,13.58,--,4,5432,卖盘
1147,13:42:32,13.58,--,53,71974,卖盘
1148,13:42:26,13.58,-0.01,12,16975,卖盘
1149,13:42:20,13.59,0.01,60,81540,买盘
1150,13:42:14,13.58,--,115,156170,卖盘
1151,13:42:11,13.58,-0.01,3,4074,卖盘
1152,13:42:08,13.59,0.01,19,25821,买盘
1153,13:42:05,13.58,--,36,48888,卖盘
1154,13:42:02,13.58,-0.01,53,71974,卖盘
1155,13:41:56,13.59,--,25,33975,买盘
1156,13:41:53,13.59,--,32,43488,买盘
1157,13:41:50,13.59,--,100,135900,买盘
1158,13:41:47,13.59,0.01,109,148131,买盘
1159,13:41:44,13.58,-0.01,1,1358,卖盘
1160,13:41:41,13.59,0.01,30,40770,买盘
1161,13:41:35,13.58,-0.01,18,24444,卖盘
1162,13:41:29,13.59,0.01,16,21744,买盘
1163,13:41:26,13.58,--,44,59752,卖盘
1164,13:41:23,13.58,--,96,130368,卖盘
1165,13:41:14,13.58,--,138,187404,卖盘
1166,13:41:11,13.58,--,19,25802,卖盘
1167,13:41:08,13.58,--,1,1358,卖盘
1168,13:41:05,13.58,-0.01,16,21728,卖盘
1169,13:40:59,13.59,--,12,16308,买盘
1170,13:40:53,13.59,0.01,19,25821,买盘
1171,13:40:47,13.58,--,115,156713,卖盘
1172,13:40:41,13.58,--,14,19514,卖盘
1173,13:40:38,13.58,--,231,313698,卖盘
1174,13:40:35,13.58,-0.01,28,38024,卖盘
1175,13:40:32,13.59,--,3,4077,买盘
1176,13:40:29,13.59,--,20,27180,买盘
1177,13:40:26,13.59,--,29,39411,买盘
1178,13:40:17,13.59,0.01,23,31257,买盘
1179,13:40:14,13.58,-0.01,45,61110,卖盘
1180,13:40:08,13.59,--,54,73386,买盘
1181,13:40:05,13.59,--,127,172593,买盘
1182,13:40:02,13.59,--,19,25821,买盘
1183,13:39:59,13.59,0.01,49,66591,买盘
1184,13:39:50,13.58,--,47,63826,卖盘
1185,13:39:50,13.58,--,19,25802,卖盘
1186,13:39:44,13.58,--,59,80122,卖盘
1187,13:39:38,13.58,-0.01,49,66542,卖盘
1188,13:39:29,13.59,--,10,13590,买盘
1189,13:39:20,13.59,0.01,23,31257,买盘
1190,13:39:14,13.58,-0.01,1,1629,卖盘
1191,13:39:11,13.59,--,23,31257,买盘
1192,13:39:08,13.59,0.01,71,96489,买盘
1193,13:39:05,13.58,--,82,111356,卖盘
1194,13:39:02,13.58,--,68,92344,卖盘
1195,13:38:59,13.58,-0.01,38,51604,卖盘
1196,13:38:56,13.59,--,44,59796,买盘
1197,13:38:53,13.59,--,26,35334,买盘
1198,13:38:50,13.59,--,57,77463,买盘
1199,13:38:47,13.59,--,17,23103,买盘
1200,13:38:44,13.59,--,16,21744,买盘
1201,13:38:41,13.59,--,20,27180,买盘
1202,13:38:38,13.59,--,38,51642,买盘
1203,13:38:32,13.59,--,23,31257,买盘
1204,13:38:29,13.59,--,19,26500,买盘
1205,13:38:26,13.59,--,6,8154,买盘
1206,13:38:20,13.59,--,17,23103,买盘
1207,13:38:17,13.59,0.01,18,24462,买盘
1208,13:38:14,13.58,-0.02,37,50246,卖盘
1209,13:38:11,13.6,0.01,13,17680,买盘
1210,13:38:05,13.59,0.01,11,14949,买盘
1211,13:37:59,13.58,--,74,100492,卖盘
1212,13:37:53,13.58,-0.01,137,186046,卖盘
1213,13:37:47,13.59,--,57,77463,买盘
1214,13:37:44,13.59,0.01,33,44847,中性盘
1215,13:37:41,13.58,-0.01,141,191478,卖盘
1216,13:37:38,13.59,--,57,77463,卖盘
1217,13:37:32,13.59,--,5,6795,卖盘
1218,13:37:29,13.59,-0.01,100,135900,卖盘
1219,13:37:26,13.6,0.01,46,62560,买盘
1220,13:37:20,13.59,--,134,182106,卖盘
1221,13:37:17,13.59,-0.01,5,6795,中性盘
1222,13:37:14,13.6,0.01,492,669120,买盘
1223,13:37:11,13.59,0.01,29,39411,买盘
1224,13:37:05,13.58,-0.01,24,32592,卖盘
1225,13:37:02,13.59,--,12,16308,买盘
1226,13:36:56,13.59,--,50,67950,买盘
1227,13:36:53,13.59,--,146,198414,买盘
1228,13:36:47,13.59,0.01,119,161721,买盘
1229,13:36:44,13.58,--,119,161602,买盘
1230,13:36:38,13.58,--,20,27160,买盘
1231,13:36:35,13.58,-0.01,12,16296,买盘
1232,13:36:29,13.59,--,44,59796,卖盘
1233,13:36:23,13.59,-0.01,14,19026,卖盘
1234,13:36:23,13.6,--,135,183600,买盘
1235,13:36:17,13.6,0.01,260,353600,买盘
1236,13:36:14,13.59,0.02,123,167157,买盘
1237,13:36:11,13.57,-0.02,901,1222657,卖盘
1238,13:36:08,13.59,0.01,145,197055,买盘
1239,13:36:05,13.58,-0.01,12,16296,中性盘
1240,13:36:02,13.59,0.02,144,195696,买盘
1241,13:35:59,13.57,-0.02,35,47495,中性盘
1242,13:35:56,13.59,--,548,745642,买盘
1243,13:35:50,13.59,0.03,97,131823,买盘
1244,13:35:47,13.56,-0.03,173,234588,卖盘
1245,13:35:44,13.59,0.01,377,512343,买盘
1246,13:35:41,13.58,0.02,685,930230,买盘
1247,13:35:38,13.56,--,51,69156,卖盘
1248,13:35:35,13.56,--,16,21696,卖盘
1249,13:35:32,13.56,--,30,40680,卖盘
1250,13:35:29,13.56,--,23,31188,卖盘
1251,13:35:26,13.56,-0.01,1,1356,卖盘
1252,13:35:23,13.57,--,26,35282,买盘
1253,13:35:20,13.57,0.01,33,44781,买盘
1254,13:35:17,13.56,-0.01,45,61020,卖盘
1255,13:35:14,13.57,--,121,164197,买盘
1256,13:35:11,13.57,0.01,16,21712,买盘
1257,13:35:08,13.56,-0.01,50,67800,卖盘
1258,13:35:02,13.57,--,122,165554,买盘
1259,13:34:59,13.57,0.01,19,26461,买盘
1260,13:34:56,13.56,--,42,57630,买盘
1261,13:34:53,13.56,--,22,29832,买盘
1262,13:34:50,13.56,--,19,25764,买盘
1263,13:34:44,13.56,--,87,118650,卖盘
1264,13:34:38,13.56,--,27,37290,买盘
1265,13:34:35,13.56,--,66,90174,卖盘
1266,13:34:32,13.56,--,5,7458,买盘
1267,13:34:29,13.56,--,35,48138,卖盘
1268,13:34:26,13.56,-0.01,10,14238,卖盘
1269,13:34:23,13.57,--,15,20355,买盘
1270,13:34:20,13.57,--,29,39353,买盘
1271,13:34:17,13.57,-0.01,43,58351,卖盘
1272,13:34:14,13.58,0.02,113,153454,买盘
1273,13:34:11,13.56,-0.02,2,2712,卖盘
1274,13:34:08,13.58,0.01,400,543200,买盘
1275,13:34:05,13.57,--,18,24426,买盘
1276,13:34:02,13.57,0.01,110,149270,买盘
1277,13:33:59,13.56,0.01,19,25764,买盘
1278,13:33:56,13.55,-0.02,446,605237,卖盘
1279,13:33:53,13.57,--,41,55637,买盘
1280,13:33:47,13.57,0.01,58,78706,中性盘
1281,13:33:44,13.56,-0.01,19,25764,卖盘
1282,13:33:41,13.57,--,95,128915,卖盘
1283,13:33:32,13.57,--,16,21712,卖盘
1284,13:33:29,13.57,--,20,27140,卖盘
1285,13:33:26,13.57,--,2,2714,卖盘
1286,13:33:23,13.57,-0.01,40,54280,卖盘
1287,13:33:17,13.58,0.02,25,33950,买盘
1288,13:33:11,13.56,-0.02,9,12204,卖盘
1289,13:33:08,13.58,0.02,13,17654,买盘
1290,13:33:05,13.56,--,39,52884,卖盘
1291,13:32:59,13.56,-0.02,16,21696,卖盘
1292,13:32:50,13.58,--,51,69258,买盘
1293,13:32:47,13.58,0.02,41,55678,买盘
1294,13:32:44,13.56,--,63,85604,买盘
1295,13:32:41,13.56,-0.02,141,192104,卖盘
1296,13:32:38,13.58,0.01,17,23086,买盘
1297,13:32:32,13.57,--,63,85491,买盘
1298,13:32:26,13.57,-0.01,8,10856,卖盘
1299,13:32:23,13.58,0.02,25,33950,买盘
1300,13:32:20,13.56,--,22,29832,卖盘
1301,13:32:17,13.56,-0.02,76,103056,卖盘
1302,13:32:14,13.58,0.02,25,33950,买盘
1303,13:32:11,13.56,-0.01,181,245436,卖盘
1304,13:32:08,13.57,--,10,13570,买盘
1305,13:32:05,13.57,-0.01,28,37996,中性盘
1306,13:31:59,13.58,0.01,17,23086,买盘
1307,13:31:56,13.57,-0.01,30,40710,卖盘
1308,13:31:53,13.58,0.01,65,88270,买盘
1309,13:31:47,13.57,0.01,116,157412,卖盘
1310,13:31:44,13.56,--,100,135600,卖盘
1311,13:31:41,13.56,--,304,413308,卖盘
1312,13:31:35,13.56,-0.01,37,50172,卖盘
1313,13:31:32,13.57,--,2,2714,买盘
1314,13:31:29,13.57,--,27,36910,卖盘
1315,13:31:26,13.57,--,8,10856,卖盘
1316,13:31:20,13.57,0.01,975,1324160,买盘
1317,13:31:14,13.56,--,35,47460,卖盘
1318,13:31:08,13.56,--,2,2712,卖盘
1319,13:31:05,13.56,-0.01,17,23052,卖盘
1320,13:31:02,13.57,0.01,20,27140,买盘
1321,13:30:59,13.56,-0.01,21,28476,卖盘
1322,13:30:56,13.57,0.01,3,4071,买盘
1323,13:30:47,13.56,-0.01,120,162720,卖盘
1324,13:30:44,13.57,0.01,278,377965,买盘
1325,13:30:41,13.56,--,44,59664,卖盘
1326,13:30:38,13.56,-0.01,115,155940,卖盘
1327,13:30:32,13.57,0.01,39,52923,买盘
1328,13:30:29,13.56,--,81,110514,卖盘
1329,13:30:26,13.56,--,30,40680,卖盘
1330,13:30:23,13.56,-0.01,23,31188,卖盘
1331,13:30:11,13.57,--,7,9499,买盘
1332,13:30:08,13.57,--,148,201107,卖盘
1333,13:30:05,13.57,-0.01,16,21712,卖盘
1334,13:30:02,13.58,0.01,37,50246,买盘
1335,13:29:59,13.57,-0.01,41,55637,卖盘
1336,13:29:56,13.58,0.01,100,135800,买盘
1337,13:29:50,13.57,-0.01,14,18998,卖盘
1338,13:29:47,13.58,0.01,50,67900,买盘
1339,13:29:41,13.57,-0.01,98,132986,卖盘
1340,13:29:35,13.58,0.01,18,24444,买盘
1341,13:29:32,13.57,--,1,1357,卖盘
1342,13:29:26,13.57,-0.01,50,67850,卖盘
1343,13:29:20,13.58,--,26,35308,买盘
1344,13:29:14,13.58,0.01,7,9506,买盘
1345,13:29:11,13.57,-0.01,104,141128,卖盘
1346,13:29:05,13.58,0.01,42,57036,买盘
1347,13:29:02,13.57,--,16,21712,卖盘
1348,13:28:59,13.57,--,18,24426,卖盘
1349,13:28:56,13.57,--,5,6785,卖盘
1350,13:28:50,13.57,--,39,52923,卖盘
1351,13:28:47,13.57,--,56,77077,买盘
1352,13:28:41,13.57,--,10,13570,买盘
1353,13:28:38,13.57,--,42,57265,卖盘
1354,13:28:35,13.57,--,19,25783,卖盘
1355,13:28:32,13.57,--,65,89290,买盘
1356,13:28:29,13.57,--,1,1357,买盘
1357,13:28:26,13.57,--,5,6785,买盘
1358,13:28:23,13.57,--,24,32568,买盘
1359,13:28:20,13.57,--,68,92276,买盘
1360,13:28:17,13.57,--,6,8142,买盘
1361,13:28:14,13.57,0.01,4,5428,买盘
1362,13:28:11,13.56,-0.01,371,503076,卖盘
1363,13:28:05,13.57,--,34,46138,卖盘
1364,13:27:56,13.57,--,5,6785,买盘
1365,13:27:50,13.57,--,86,116702,卖盘
1366,13:27:41,13.57,--,191,259187,卖盘
1367,13:27:35,13.57,--,77,104489,卖盘
1368,13:27:26,13.57,-0.01,37,50209,卖盘
1369,13:27:17,13.58,0.01,8,10864,买盘
1370,13:27:14,13.57,-0.01,28,37996,卖盘
1371,13:27:11,13.58,0.01,29,39382,买盘
1372,13:27:05,13.57,-0.01,27,36639,卖盘
1373,13:27:02,13.58,0.01,74,100492,买盘
1374,13:26:59,13.57,-0.01,3,4071,卖盘
1375,13:26:53,13.58,0.01,20,27160,买盘
1376,13:26:47,13.57,-0.01,1,1357,卖盘
1377,13:26:44,13.58,0.01,12,16296,买盘
1378,13:26:41,13.57,0.01,7,9499,买盘
1379,13:26:38,13.56,--,33,44748,卖盘
1380,13:26:32,13.56,--,93,126108,卖盘
1381,13:26:26,13.56,-0.02,10,14238,卖盘
1382,13:26:17,13.58,--,20,27160,买盘
1383,13:26:14,13.58,0.01,23,31234,买盘
1384,13:26:11,13.57,--,5,6785,卖盘
1385,13:26:05,13.57,-0.01,39,52923,卖盘
1386,13:26:02,13.58,--,40,54320,买盘
1387,13:25:59,13.58,0.01,82,111356,买盘
1388,13:25:56,13.57,-0.01,85,115345,卖盘
1389,13:25:53,13.58,--,23,31234,买盘
1390,13:25:50,13.58,--,28,38024,买盘
1391,13:25:47,13.58,0.01,43,58394,买盘
1392,13:25:44,13.57,-0.01,30,40710,卖盘
1393,13:25:38,13.58,--,22,29876,买盘
1394,13:25:35,13.58,0.01,17,23086,中性盘
1395,13:25:29,13.57,--,10,13570,卖盘
1396,13:25:23,13.57,-0.02,38,51566,卖盘
1397,13:25:20,13.59,--,40,54360,买盘
1398,13:25:17,13.59,--,15,20385,买盘
1399,13:25:14,13.59,0.02,72,97848,买盘
1400,13:25:11,13.57,--,192,260544,买盘
1401,13:25:08,13.57,--,36,48852,买盘
1402,13:25:05,13.57,--,109,147913,买盘
1403,13:25:02,13.57,-0.02,57,77349,卖盘
1404,13:24:59,13.59,0.01,27,36693,买盘
1405,13:24:56,13.58,0.02,93,126294,买盘
1406,13:24:53,13.56,-0.02,24,32544,卖盘
1407,13:24:50,13.58,--,38,51604,买盘
1408,13:24:44,13.58,0.03,23,31234,买盘
1409,13:24:41,13.55,-0.01,17,23035,卖盘
1410,13:24:38,13.56,-0.02,5,6780,卖盘
1411,13:24:32,13.58,0.02,50,67900,买盘
1412,13:24:26,13.56,--,103,139668,卖盘
1413,13:24:20,13.56,--,10,13560,卖盘
1414,13:24:17,13.56,--,45,61020,买盘
1415,13:24:14,13.56,0.01,2,2712,买盘
1416,13:24:08,13.55,--,10,13550,卖盘
1417,13:23:59,13.55,-0.01,18,24390,卖盘
1418,13:23:56,13.56,0.01,10,13560,买盘
1419,13:23:53,13.55,-0.01,8,10840,卖盘
1420,13:23:50,13.56,-0.01,6,8136,卖盘
1421,13:23:47,13.57,0.01,80,108560,买盘
1422,13:23:44,13.56,0.01,2,2712,买盘
1423,13:23:41,13.55,--,20,27100,卖盘
1424,13:23:38,13.55,-0.01,26,35230,卖盘
1425,13:23:32,13.56,--,40,54240,卖盘
1426,13:23:29,13.56,--,65,88140,卖盘
1427,13:23:20,13.56,0.01,14,19553,买盘
1428,13:23:14,13.55,-0.01,0,813,卖盘
1429,13:23:11,13.56,--,20,27120,买盘
1430,13:23:02,13.56,0.01,21,28476,买盘
1431,13:22:59,13.55,-0.01,48,65040,卖盘
1432,13:22:56,13.56,0.01,5,6780,买盘
1433,13:22:53,13.55,-0.01,5,6775,卖盘
1434,13:22:47,13.56,--,10,13560,买盘
1435,13:22:41,13.56,--,10,13560,买盘
1436,13:22:38,13.56,-0.01,59,80790,卖盘
1437,13:22:35,13.57,0.01,36,48852,买盘
1438,13:22:29,13.56,-0.01,50,68478,卖盘
1439,13:22:26,13.57,--,30,40710,买盘
1440,13:22:20,13.57,0.01,2,2714,买盘
1441,13:22:14,13.56,--,53,71868,卖盘
1442,13:22:11,13.56,--,40,54240,卖盘
1443,13:22:08,13.56,--,75,101700,卖盘
1444,13:22:05,13.56,0.02,415,563987,买盘
1445,13:22:02,13.54,--,12,16247,买盘
1446,13:21:59,13.54,--,249,337931,卖盘
1447,13:21:56,13.54,--,23,31141,卖盘
1448,13:21:53,13.54,-0.01,46,62283,卖盘
1449,13:21:49,13.55,-0.01,303,410565,卖盘
1450,13:21:46,13.56,0.01,27,36612,中性盘
1451,13:21:40,13.55,-0.01,116,157180,卖盘
1452,13:21:37,13.56,0.01,73,98988,买盘
1453,13:21:34,13.55,-0.02,136,184280,卖盘
1454,13:21:22,13.57,0.01,5,6785,买盘
1455,13:21:19,13.56,-0.01,501,679356,卖盘
1456,13:21:13,13.57,0.01,12,16284,买盘
1457,13:21:07,13.56,-0.01,67,90852,卖盘
1458,13:21:01,13.57,--,21,28497,买盘
1459,13:20:55,13.57,--,749,1017071,卖盘
1460,13:20:49,13.57,-0.01,5,6785,卖盘
1461,13:20:46,13.58,0.01,4,5432,买盘
1462,13:20:40,13.57,--,19,25783,卖盘
1463,13:20:31,13.57,-0.01,15,20355,卖盘
1464,13:20:28,13.58,--,75,101850,买盘
1465,13:20:22,13.58,--,310,420980,卖盘
1466,13:20:19,13.58,--,97,131726,卖盘
1467,13:20:16,13.58,--,100,135800,卖盘
1468,13:20:13,13.58,--,14,19012,卖盘
1469,13:20:07,13.58,--,14,19012,卖盘
1470,13:19:58,13.58,-0.01,13,17654,卖盘
1471,13:19:55,13.59,--,7,9513,买盘
1472,13:19:49,13.59,0.01,7,9513,买盘
1473,13:19:46,13.58,-0.01,44,59752,卖盘
1474,13:19:43,13.59,0.01,95,129105,买盘
1475,13:19:40,13.58,--,41,55678,卖盘
1476,13:19:34,13.58,--,5,6790,卖盘
1477,13:19:31,13.58,-0.01,17,23086,卖盘
1478,13:19:28,13.59,--,60,81540,买盘
1479,13:19:22,13.59,--,88,120271,卖盘
1480,13:19:19,13.59,-0.01,49,66591,卖盘
1481,13:19:10,13.6,--,18,24480,买盘
1482,13:19:07,13.6,0.01,5,6800,买盘
1483,13:19:01,13.59,--,23,31257,卖盘
1484,13:18:55,13.59,--,39,53001,卖盘
1485,13:18:43,13.59,--,53,72027,卖盘
1486,13:18:37,13.59,--,12,16308,卖盘
1487,13:18:34,13.59,-0.01,4,5436,卖盘
1488,13:18:31,13.6,--,20,27200,买盘
1489,13:18:28,13.6,--,31,42840,买盘
1490,13:18:19,13.6,0.01,165,224400,买盘
1491,13:18:16,13.59,--,3,4077,卖盘
1492,13:18:10,13.59,-0.01,213,289467,卖盘
1493,13:18:07,13.6,0.01,60,81600,买盘
1494,13:18:01,13.59,-0.01,68,92412,卖盘
1495,13:17:58,13.6,0.01,10,13600,买盘
1496,13:17:52,13.59,--,35,47565,卖盘
1497,13:17:49,13.59,-0.01,5,6795,卖盘
1498,13:17:43,13.6,0.01,25,34000,买盘
1499,13:17:40,13.59,-0.01,47,63873,卖盘
1500,13:17:37,13.6,0.01,50,68000,买盘
1501,13:17:31,13.59,--,43,58437,卖盘
1502,13:17:28,13.59,-0.01,60,81540,卖盘
1503,13:17:22,13.6,--,10,13600,买盘
1504,13:17:16,13.6,--,31,42704,卖盘
1505,13:17:13,13.6,--,300,408000,卖盘
1506,13:17:10,13.6,--,16,21760,卖盘
1507,13:17:07,13.6,--,8,10880,卖盘
1508,13:17:04,13.6,--,27,36720,卖盘
1509,13:17:01,13.6,--,44,59840,卖盘
1510,13:16:58,13.6,0.01,149,203456,买盘
1511,13:16:55,13.59,-0.01,132,179388,卖盘
1512,13:16:52,13.6,--,50,68000,买盘
1513,13:16:43,13.6,--,3,4080,买盘
1514,13:16:40,13.6,--,338,460224,卖盘
1515,13:16:34,13.6,--,370,503200,卖盘
1516,13:16:31,13.6,--,54,73440,卖盘
1517,13:16:28,13.6,--,267,363120,卖盘
1518,13:16:22,13.6,--,73,99280,卖盘
1519,13:16:19,13.6,--,137,186320,卖盘
1520,13:16:16,13.6,-0.01,147,199920,卖盘
1521,13:16:13,13.61,0.01,10,13610,买盘
1522,13:16:10,13.6,--,17,23120,卖盘
1523,13:16:07,13.6,-0.01,10,13600,卖盘
1524,13:16:01,13.61,0.01,58,78938,买盘
1525,13:15:58,13.6,-0.01,159,216240,卖盘
1526,13:15:55,13.61,0.01,25,34025,买盘
1527,13:15:52,13.6,--,88,119680,卖盘
1528,13:15:49,13.6,--,15,20400,卖盘
1529,13:15:46,13.6,-0.01,84,114240,卖盘
1530,13:15:43,13.61,0.01,14,19054,买盘
1531,13:15:40,13.6,-0.01,20,27200,卖盘
1532,13:15:34,13.61,0.01,170,231370,买盘
1533,13:15:31,13.6,--,23,31280,卖盘
1534,13:15:25,13.6,-0.01,1,1360,卖盘
1535,13:15:22,13.61,--,70,95270,买盘
1536,13:15:19,13.61,--,10,13610,买盘
1537,13:15:16,13.61,--,50,68050,买盘
1538,13:15:10,13.61,--,21,28581,买盘
1539,13:15:07,13.61,--,85,115685,买盘
1540,13:15:04,13.61,0.01,18,24498,买盘
1541,13:15:01,13.6,--,63,85680,卖盘
1542,13:14:58,13.6,-0.01,5,6800,卖盘
1543,13:14:52,13.61,0.03,1366,1859942,买盘
1544,13:14:46,13.58,--,10,13580,买盘
1545,13:14:43,13.58,-0.01,18,24444,卖盘
1546,13:14:40,13.59,0.02,40,54360,买盘
1547,13:14:37,13.57,-0.02,29,39353,卖盘
1548,13:14:34,13.59,0.02,48,65232,买盘
1549,13:14:31,13.57,-0.02,6,8142,卖盘
1550,13:14:28,13.59,--,67,91053,买盘
1551,13:14:19,13.59,--,236,320724,买盘
1552,13:14:16,13.59,--,33,46070,卖盘
1553,13:14:13,13.59,--,62,84258,卖盘
1554,13:14:10,13.59,0.01,366,497529,买盘
1555,13:14:07,13.58,--,75,101850,卖盘
1556,13:14:04,13.58,-0.01,24,32592,卖盘
1557,13:14:01,13.59,--,142,192978,买盘
1558,13:13:55,13.59,--,200,271800,买盘
1559,13:13:52,13.59,--,62,84258,买盘
1560,13:13:49,13.59,--,77,104643,买盘
1561,13:13:46,13.59,0.01,43,58437,买盘
1562,13:13:37,13.58,-0.01,60,81480,卖盘
1563,13:13:34,13.59,--,15,20385,买盘
1564,13:13:28,13.59,0.01,23,31257,买盘
1565,13:13:25,13.58,-0.01,50,67900,卖盘
1566,13:13:22,13.59,0.01,15,20385,买盘
1567,13:13:16,13.58,0.01,26,35308,卖盘
1568,13:13:04,13.57,-0.02,45,61065,卖盘
1569,13:13:01,13.59,0.02,68,92412,买盘
1570,13:12:58,13.57,-0.01,51,69207,卖盘
1571,13:12:55,13.58,--,32,43456,买盘
1572,13:12:49,13.58,-0.01,63,85554,中性盘
1573,13:12:46,13.59,--,37,50283,买盘
1574,13:12:43,13.59,0.01,41,55719,买盘
1575,13:12:40,13.58,0.01,133,180614,买盘
1576,13:12:34,13.57,-0.01,50,67850,卖盘
1577,13:12:31,13.58,--,54,73332,买盘
1578,13:12:25,13.58,--,69,93702,买盘
1579,13:12:22,13.58,--,23,31234,买盘
1580,13:12:19,13.58,-0.01,148,200984,中性盘
1581,13:12:16,13.59,0.01,58,78822,买盘
1582,13:12:10,13.58,--,23,31234,买盘
1583,13:12:04,13.58,--,53,71974,买盘
1584,13:11:58,13.58,-0.01,338,459004,卖盘
1585,13:11:55,13.59,0.01,23,31257,买盘
1586,13:11:49,13.58,--,51,69258,卖盘
1587,13:11:46,13.58,--,71,96418,卖盘
1588,13:11:43,13.58,--,1,1358,买盘
1589,13:11:40,13.58,--,163,221354,买盘
1590,13:11:34,13.58,--,55,74690,买盘
1591,13:11:31,13.58,--,25,33950,买盘
1592,13:11:28,13.58,--,111,150738,买盘
1593,13:11:22,13.58,-0.01,111,150738,卖盘
1594,13:11:19,13.59,0.01,8,10872,买盘
1595,13:11:13,13.58,--,2,2716,卖盘
1596,13:11:10,13.58,--,171,232218,买盘
1597,13:11:07,13.58,--,7,9506,买盘
1598,13:11:04,13.58,--,9,12222,买盘
1599,13:10:58,13.58,0.01,120,162960,买盘
1600,13:10:52,13.57,--,32,43424,卖盘
1601,13:10:49,13.57,-0.01,486,659502,卖盘
1602,13:10:40,13.58,-0.01,89,120862,买盘
1603,13:10:37,13.59,--,178,241902,买盘
1604,13:10:34,13.59,0.02,110,149490,买盘
1605,13:10:25,13.57,--,16,22390,卖盘
1606,13:10:19,13.57,--,90,122130,卖盘
1607,13:10:16,13.57,-0.01,10,13570,卖盘
1608,13:10:13,13.58,0.01,63,85554,中性盘
1609,13:10:01,13.57,--,25,33925,卖盘
1610,13:09:55,13.57,--,5,6785,卖盘
1611,13:09:49,13.57,--,1002,1359714,买盘
1612,13:09:46,13.57,-0.01,10,13570,卖盘
1613,13:09:43,13.58,0.01,58,78764,买盘
1614,13:09:40,13.57,-0.01,18,24426,卖盘
1615,13:09:37,13.58,0.01,75,101850,买盘
1616,13:09:34,13.57,--,2,2714,卖盘
1617,13:09:31,13.57,-0.01,21,28497,卖盘
1618,13:09:28,13.58,0.01,3,4074,买盘
1619,13:09:25,13.57,--,3,4071,卖盘
1620,13:09:22,13.57,--,149,202193,卖盘
1621,13:09:16,13.57,-0.01,12,16284,卖盘
1622,13:09:13,13.58,--,2,2716,买盘
1623,13:09:04,13.58,--,34,46172,卖盘
1624,13:09:01,13.58,--,25,33950,卖盘
1625,13:08:55,13.58,0.01,142,192836,中性盘
1626,13:08:46,13.57,-0.02,13,17641,卖盘
1627,13:08:40,13.59,--,20,27180,买盘
1628,13:08:37,13.59,0.02,507,689013,买盘
1629,13:08:31,13.57,-0.01,10,13570,卖盘
1630,13:08:28,13.58,--,18,24444,买盘
1631,13:08:25,13.58,--,100,135800,买盘
1632,13:08:22,13.58,--,26,35308,买盘
1633,13:08:19,13.58,-0.01,60,81480,卖盘
1634,13:08:13,13.59,0.01,20,27180,买盘
1635,13:08:10,13.58,-0.01,331,449498,卖盘
1636,13:08:07,13.59,0.01,6,8154,买盘
1637,13:08:04,13.58,--,185,251230,卖盘
1638,13:07:58,13.58,--,58,78764,卖盘
1639,13:07:55,13.58,--,30,40740,卖盘
1640,13:07:52,13.58,--,33,44814,卖盘
1641,13:07:49,13.58,-0.01,29,39382,中性盘
1642,13:07:34,13.59,0.01,658,894222,买盘
1643,13:07:31,13.58,--,33,44814,卖盘
1644,13:07:28,13.58,0.01,208,282464,买盘
1645,13:07:25,13.57,-0.01,72,97704,卖盘
1646,13:07:22,13.58,--,46,62468,卖盘
1647,13:07:16,13.58,-0.01,25,33950,卖盘
1648,13:07:10,13.59,--,4,5436,买盘
1649,13:07:04,13.59,--,34,46206,买盘
1650,13:07:01,13.59,--,100,135900,买盘
1651,13:06:52,13.59,0.01,119,161721,买盘
1652,13:06:49,13.58,0.01,15,20370,买盘
1653,13:06:46,13.57,-0.01,160,217120,卖盘
1654,13:06:40,13.58,--,66,90035,卖盘
1655,13:06:37,13.58,--,11,14938,卖盘
1656,13:06:34,13.58,--,8,10864,卖盘
1657,13:06:25,13.58,-0.01,50,68579,卖盘
1658,13:06:19,13.59,0.01,7,9513,买盘
1659,13:06:16,13.58,--,29,39382,卖盘
1660,13:06:10,13.58,--,5,6790,卖盘
1661,13:06:10,13.58,--,10,13580,卖盘
1662,13:06:04,13.58,-0.01,16,21728,卖盘
1663,13:05:58,13.59,--,27,36693,买盘
1664,13:05:55,13.59,0.01,78,106002,买盘
1665,13:05:52,13.58,--,31,42098,卖盘
1666,13:05:49,13.58,--,82,111356,卖盘
1667,13:05:43,13.58,-0.01,54,73332,卖盘
1668,13:05:37,13.59,--,19,25821,买盘
1669,13:05:25,13.59,0.01,5,6795,买盘
1670,13:05:19,13.58,-0.01,46,62739,卖盘
1671,13:05:10,13.59,0.01,15,20385,买盘
1672,13:05:04,13.58,--,30,40740,卖盘
1673,13:05:01,13.58,--,231,313698,买盘
1674,13:04:58,13.58,--,14,19012,买盘
1675,13:04:55,13.58,-0.02,1,1358,中性盘
1676,13:04:49,13.6,0.02,155,210800,买盘
1677,13:04:43,13.58,--,47,63826,买盘
1678,13:04:40,13.58,-0.02,35,47978,卖盘
1679,13:04:34,13.6,0.02,62,84320,买盘
1680,13:04:28,13.58,--,4,6341,买盘
1681,13:04:22,13.58,--,109,148470,卖盘
1682,13:04:19,13.58,-0.01,22,29876,卖盘
1683,13:04:13,13.59,0.01,5,6795,卖盘
1684,13:04:07,13.58,--,12,17205,买盘
1685,13:04:04,13.58,0.02,1,1358,买盘
1686,13:04:01,13.56,-0.02,137,185772,卖盘
1687,13:03:58,13.58,-0.02,12,16744,卖盘
1688,13:03:55,13.6,0.02,20,27200,买盘
1689,13:03:52,13.58,-0.02,70,95060,卖盘
1690,13:03:49,13.6,0.02,19,25840,买盘
1691,13:03:46,13.58,-0.01,50,67900,卖盘
1692,13:03:43,13.59,0.01,5,6795,买盘
1693,13:03:40,13.58,--,18,24444,卖盘
1694,13:03:31,13.58,-0.02,43,58394,卖盘
1695,13:03:25,13.6,-0.02,88,119680,中性盘
1696,13:03:19,13.62,0.03,44,59928,买盘
1697,13:03:16,13.59,--,7,9513,卖盘
1698,13:03:13,13.59,-0.03,3,4077,中性盘
1699,13:03:10,13.62,0.04,884,1204008,买盘
1700,13:03:07,13.58,--,24,32592,卖盘
1701,13:03:01,13.58,-0.02,47,63826,卖盘
1702,13:02:52,13.6,0.01,159,216240,买盘
1703,13:02:49,13.59,0.01,62,84258,买盘
1704,13:02:40,13.58,-0.01,272,370055,卖盘
1705,13:02:37,13.59,--,8,10872,卖盘
1706,13:02:31,13.59,--,35,47565,卖盘
1707,13:02:28,13.59,--,12,16987,卖盘
1708,13:02:25,13.59,--,212,288108,买盘
1709,13:02:19,13.59,-0.01,40,54360,中性盘
1710,13:02:16,13.6,--,178,242080,买盘
1711,13:02:13,13.6,0.02,45,61200,买盘
1712,13:02:07,13.58,-0.02,23,31234,卖盘
1713,13:02:04,13.6,--,218,296480,卖盘
1714,13:02:01,13.6,-0.01,56,76160,中性盘
1715,13:01:58,13.61,0.01,78,106158,买盘
1716,13:01:52,13.6,0.02,18,24480,买盘
1717,13:01:49,13.58,--,76,103208,卖盘
1718,13:01:43,13.58,-0.02,165,224070,卖盘
1719,13:01:40,13.6,0.01,96,130560,中性盘
1720,13:01:36,13.59,-0.01,69,93771,卖盘
1721,13:01:33,13.6,-0.01,203,276080,卖盘
1722,13:01:30,13.61,0.01,49,66689,买盘
1723,13:01:24,13.6,--,50,68000,卖盘
1724,13:01:21,13.6,-0.02,113,153680,卖盘
1725,13:01:18,13.62,0.02,101,137562,买盘
1726,13:01:15,13.6,-0.01,68,92480,卖盘
1727,13:01:12,13.61,0.01,424,577064,买盘
1728,13:01:09,13.6,--,33,44880,卖盘
1729,13:01:06,13.6,--,337,458700,卖盘
1730,13:01:03,13.6,--,49,66640,卖盘
1731,13:01:00,13.6,-0.01,43,59037,卖盘
1732,13:00:54,13.61,0.02,1381,1879990,买盘
1733,13:00:51,13.59,-0.01,78,106328,卖盘
1734,13:00:42,13.6,0.01,300,408000,买盘
1735,13:00:39,13.59,--,69,93866,买盘
1736,13:00:36,13.59,--,56,76104,买盘
1737,13:00:33,13.59,--,90,122445,买盘
1738,13:00:30,13.59,--,36,48924,买盘
1739,13:00:27,13.59,0.01,124,169480,买盘
1740,13:00:24,13.58,-0.01,261,355605,卖盘
1741,13:00:18,13.59,--,188,255492,买盘
1742,13:00:15,13.59,--,35,48611,买盘
1743,13:00:12,13.59,0.01,90,122310,买盘
1744,13:00:09,13.58,--,659,895736,买盘
1745,13:00:06,13.58,0.01,1614,2191812,买盘
1746,13:00:03,13.57,--,418,568515,卖盘
1747,11:30:02,13.57,--,21,28781,卖盘
1748,11:29:56,13.57,-0.01,27,36828,卖盘
1749,11:29:53,13.58,0.02,12,17246,买盘
1750,11:29:50,13.56,-0.01,20,28435,卖盘
1751,11:29:47,13.57,--,215,291755,买盘
1752,11:29:44,13.57,--,20,27140,买盘
1753,11:29:41,13.57,--,49,67578,买盘
1754,11:29:38,13.57,0.02,501,679857,买盘
1755,11:29:35,13.55,-0.02,19,26612,卖盘
1756,11:29:29,13.57,0.01,50,67850,买盘
1757,11:29:26,13.56,0.01,130,177052,买盘
1758,11:29:23,13.55,-0.01,50,68400,卖盘
1759,11:29:17,13.56,--,25,33900,买盘
1760,11:29:14,13.56,--,44,60314,卖盘
1761,11:29:11,13.56,-0.01,19,26103,卖盘
1762,11:29:02,13.57,0.01,22,30071,买盘
1763,11:28:59,13.56,-0.01,51,69156,卖盘
1764,11:28:56,13.57,--,90,122414,买盘
1765,11:28:53,13.57,0.01,10,13570,买盘
1766,11:28:50,13.56,--,93,126284,卖盘
1767,11:28:44,13.56,0.01,53,72966,买盘
1768,11:28:41,13.55,-0.01,58,78590,卖盘
1769,11:28:35,13.56,0.01,58,79732,中性盘
1770,11:28:32,13.55,--,30,40650,卖盘
1771,11:28:29,13.55,-0.02,171,231894,卖盘
1772,11:28:23,13.57,--,165,224664,买盘
1773,11:28:20,13.57,0.01,93,126201,买盘
1774,11:28:17,13.56,-0.01,54,73861,卖盘
1775,11:28:14,13.57,0.02,10,13570,买盘
1776,11:28:11,13.55,-0.02,23,31869,卖盘
1777,11:28:08,13.57,0.01,146,198122,买盘
1778,11:28:05,13.56,--,150,203847,买盘
1779,11:27:59,13.56,--,133,180348,买盘
1780,11:27:56,13.56,0.01,81,110052,买盘
1781,11:27:53,13.55,-0.01,20,27100,卖盘
1782,11:27:50,13.56,--,35,47554,买盘
1783,11:27:47,13.56,0.01,35,47460,买盘
1784,11:27:44,13.55,-0.01,29,39457,卖盘
1785,11:27:41,13.56,0.01,86,116616,买盘
1786,11:27:38,13.55,--,23,31205,卖盘
1787,11:27:32,13.55,--,28,38902,卖盘
1788,11:27:29,13.55,--,24,33604,卖盘
1789,11:27:23,13.55,--,25,34850,卖盘
1790,11:27:20,13.55,--,38,51490,卖盘
1791,11:27:11,13.55,-0.01,126,170730,卖盘
1792,11:27:05,13.56,--,60,81360,买盘
1793,11:26:59,13.56,0.02,33,44748,买盘
1794,11:26:56,13.54,-0.02,4,5416,卖盘
1795,11:26:50,13.56,--,26,35256,买盘
1796,11:26:47,13.56,0.01,40,54240,买盘
1797,11:26:44,13.55,-0.01,91,123305,卖盘
1798,11:26:41,13.56,--,7,9492,买盘
1799,11:26:38,13.56,--,78,105768,买盘
1800,11:26:35,13.56,--,74,100344,买盘
1801,11:26:32,13.56,--,88,119328,买盘
1802,11:26:29,13.56,--,172,233232,买盘
1803,11:26:23,13.56,--,76,103056,买盘
1804,11:26:20,13.56,0.01,167,226452,买盘
1805,11:26:17,13.55,-0.01,23,31165,中性盘
1806,11:26:14,13.56,0.01,76,103056,买盘
1807,11:26:11,13.55,--,63,85365,买盘
1808,11:26:08,13.55,0.02,69,93495,买盘
1809,11:26:05,13.53,-0.01,53,71709,卖盘
1810,11:25:56,13.54,-0.01,43,58221,卖盘
1811,11:25:53,13.55,0.01,33,44715,买盘
1812,11:25:50,13.54,-0.01,5,6770,中性盘
1813,11:25:41,13.55,0.01,33,44715,买盘
1814,11:25:35,13.54,0.01,15,20310,中性盘
1815,11:25:32,13.53,-0.01,51,69003,卖盘
1816,11:25:26,13.54,0.01,20,27080,买盘
1817,11:25:23,13.53,-0.01,1,1353,卖盘
1818,11:25:20,13.54,-0.01,33,44682,买盘
1819,11:25:02,13.55,0.01,24,33197,买盘
1820,11:24:56,13.54,--,256,346624,卖盘
1821,11:24:47,13.54,--,5,6770,卖盘
1822,11:24:44,13.54,--,5,7446,买盘
1823,11:24:41,13.54,--,27,36558,买盘
1824,11:24:38,13.54,--,15,20987,卖盘
1825,11:24:35,13.54,-0.01,8,10832,卖盘
1826,11:24:29,13.55,--,1,1355,买盘
1827,11:24:26,13.55,--,35,48102,买盘
1828,11:24:08,13.55,-0.01,12,16260,卖盘
1829,11:24:02,13.56,0.01,41,55596,买盘
1830,11:23:56,13.55,-0.01,8,10840,卖盘
1831,11:23:53,13.56,--,238,322728,买盘
1832,11:23:47,13.56,0.02,127,172212,买盘
1833,11:23:44,13.54,--,1,1354,卖盘
1834,11:23:41,13.54,-0.02,218,295172,卖盘
1835,11:23:35,13.56,0.02,364,493584,买盘
1836,11:23:32,13.54,--,18,24372,卖盘
1837,11:23:26,13.54,-0.01,37,50098,卖盘
1838,11:23:17,13.55,-0.01,123,166692,卖盘
1839,11:23:14,13.56,0.01,15,20340,买盘
1840,11:23:10,13.55,--,157,212735,卖盘
1841,11:23:04,13.55,--,70,94850,卖盘
1842,11:22:58,13.55,--,18,24390,卖盘
1843,11:22:49,13.55,-0.01,149,201895,卖盘
1844,11:22:43,13.56,--,111,150516,卖盘
1845,11:22:37,13.56,-0.01,30,40680,卖盘
1846,11:22:28,13.57,0.01,130,176410,买盘
1847,11:22:25,13.56,--,320,434869,卖盘
1848,11:22:22,13.56,--,436,591216,买盘
1849,11:22:07,13.56,0.01,6,8136,买盘
1850,11:22:04,13.55,--,10,13550,卖盘
1851,11:21:58,13.55,-0.01,24,32520,卖盘
1852,11:21:55,13.56,0.01,103,140047,买盘
1853,11:21:49,13.55,-0.01,110,149050,卖盘
1854,11:21:40,13.56,--,37,50172,买盘
1855,11:21:34,13.56,0.01,6,8136,买盘
1856,11:21:31,13.55,-0.01,37,50135,卖盘
1857,11:21:28,13.56,0.01,12,16272,买盘
1858,11:21:25,13.55,-0.01,6,8130,卖盘
1859,11:21:22,13.56,--,43,58308,买盘
1860,11:21:19,13.56,--,101,136956,买盘
1861,11:21:16,13.56,--,9,12204,买盘
1862,11:21:13,13.56,--,123,166788,买盘
1863,11:21:10,13.56,--,75,101700,买盘
1864,11:21:07,13.56,--,24,32544,买盘
1865,11:21:04,13.56,--,17,23052,买盘
1866,11:20:55,13.56,0.01,199,269844,买盘
1867,11:20:52,13.55,-0.01,50,67750,卖盘
1868,11:20:49,13.56,--,53,71868,买盘
1869,11:20:46,13.56,0.01,14,18984,买盘
1870,11:20:40,13.55,-0.01,19,25745,卖盘
1871,11:20:34,13.56,--,8,10848,买盘
1872,11:20:31,13.56,0.01,10,13560,买盘
1873,11:20:28,13.55,-0.01,75,102302,卖盘
1874,11:20:25,13.56,0.01,41,55596,买盘
1875,11:20:16,13.55,--,227,307585,卖盘
1876,11:20:13,13.55,--,161,218155,卖盘
1877,11:20:07,13.55,-0.01,80,108400,卖盘
1878,11:20:04,13.56,0.01,218,295608,买盘
1879,11:19:58,13.55,--,49,66395,卖盘
1880,11:19:55,13.55,--,1,1355,卖盘
1881,11:19:49,13.55,-0.01,222,300810,卖盘
1882,11:19:46,13.56,0.01,7,9492,买盘
1883,11:19:43,13.55,--,2,2710,卖盘
1884,11:19:40,13.55,--,97,131435,卖盘
1885,11:19:37,13.55,--,10,13550,卖盘
1886,11:19:25,13.55,--,10,13550,卖盘
1887,11:19:22,13.55,-0.01,35,47425,卖盘
1888,11:19:19,13.56,0.01,257,348492,买盘
1889,11:19:13,13.55,0.01,24,33197,买盘
1890,11:19:10,13.54,-0.01,29,39943,卖盘
1891,11:19:07,13.55,--,3,4065,卖盘
1892,11:19:04,13.55,0.01,135,183602,买盘
1893,11:19:01,13.54,--,35,47390,卖盘
1894,11:18:58,13.54,--,5,6770,卖盘
1895,11:18:55,13.54,--,23,31141,卖盘
1896,11:18:49,13.54,-0.01,3,4061,卖盘
1897,11:18:40,13.55,--,48,65040,买盘
1898,11:18:37,13.55,0.01,47,63685,买盘
1899,11:18:25,13.54,--,63,85302,卖盘
1900,11:18:16,13.54,--,5,6770,卖盘
1901,11:18:13,13.54,--,3,4061,卖盘
1902,11:18:07,13.54,-0.01,16,21664,卖盘
1903,11:18:04,13.55,--,47,63685,买盘
1904,11:17:58,13.55,0.01,43,58265,买盘
1905,11:17:52,13.54,-0.01,122,165188,卖盘
1906,11:17:43,13.55,--,42,57587,卖盘
1907,11:17:40,13.55,-0.01,18,24390,卖盘
1908,11:17:37,13.56,0.01,47,63732,买盘
1909,11:17:34,13.55,--,8,10840,卖盘
1910,11:17:25,13.55,-0.01,7,9485,卖盘
1911,11:17:22,13.56,--,102,138312,买盘
1912,11:17:16,13.56,0.01,1,1356,买盘
1913,11:17:13,13.55,-0.01,137,185635,卖盘
1914,11:17:10,13.56,--,10,13560,买盘
1915,11:17:04,13.56,0.01,10,13560,买盘
1916,11:17:01,13.55,--,25,33875,卖盘
1917,11:16:58,13.55,-0.01,143,193765,卖盘
1918,11:16:55,13.56,0.01,30,40680,买盘
1919,11:16:52,13.55,-0.01,36,48780,卖盘
1920,11:16:46,13.56,0.01,143,193908,买盘
1921,11:16:40,13.55,-0.01,18,24390,卖盘
1922,11:16:31,13.56,0.01,123,166788,买盘
1923,11:16:28,13.55,-0.01,55,75202,卖盘
1924,11:16:25,13.56,--,26,35256,买盘
1925,11:16:22,13.56,--,42,56952,买盘
1926,11:16:16,13.56,--,10,13560,买盘
1927,11:16:13,13.56,0.01,29,39324,买盘
1928,11:16:10,13.55,-0.01,13,17615,卖盘
1929,11:16:07,13.56,--,8,10848,买盘
1930,11:15:58,13.56,0.01,5,6780,买盘
1931,11:15:55,13.55,-0.01,134,181570,卖盘
1932,11:15:52,13.56,--,11,14916,买盘
1933,11:15:49,13.56,0.01,10,13560,买盘
1934,11:15:46,13.55,-0.01,20,27100,卖盘
1935,11:15:43,13.56,0.01,40,54240,买盘
1936,11:15:40,13.55,-0.01,50,67750,卖盘
1937,11:15:37,13.56,0.01,18,24408,买盘
1938,11:15:34,13.55,--,29,39295,卖盘
1939,11:15:31,13.55,-0.01,37,50135,卖盘
1940,11:15:28,13.56,--,24,32544,买盘
1941,11:15:25,13.56,0.01,110,149160,买盘
1942,11:15:22,13.55,--,201,272355,卖盘
1943,11:15:19,13.55,--,123,166665,买盘
1944,11:15:13,13.55,--,56,75880,买盘
1945,11:15:07,13.55,-0.01,90,121950,买盘
1946,11:15:04,13.56,0.01,18,24408,买盘
1947,11:15:01,13.55,-0.01,41,55555,中性盘
1948,11:14:58,13.56,0.01,224,303744,买盘
1949,11:14:55,13.55,--,40,54200,买盘
1950,11:14:52,13.55,--,44,59620,买盘
1951,11:14:49,13.55,--,7,9485,买盘
1952,11:14:46,13.55,--,40,54200,买盘
1953,11:14:43,13.55,--,120,162600,买盘
1954,11:14:37,13.55,0.02,55,74525,买盘
1955,11:14:31,13.53,-0.01,2,2706,卖盘
1956,11:14:31,13.54,-0.01,14,18956,卖盘
1957,11:14:25,13.55,0.01,21,28455,买盘
1958,11:14:19,13.54,-0.01,33,44682,中性盘
1959,11:14:16,13.55,0.01,53,71815,买盘
1960,11:14:13,13.54,0.01,35,47390,买盘
1961,11:14:10,13.53,-0.01,591,800353,卖盘
1962,11:14:07,13.54,--,16,21664,买盘
1963,11:14:04,13.54,--,2,2708,买盘
1964,11:13:58,13.54,--,1,1354,买盘
1965,11:13:55,13.54,--,33,44682,买盘
1966,11:13:52,13.54,--,20,27080,买盘
1967,11:13:46,13.54,0.01,33,44682,买盘
1968,11:13:37,13.53,-0.02,58,78474,卖盘
1969,11:13:34,13.55,0.01,33,44715,买盘
1970,11:13:25,13.54,--,11,14893,买盘
1971,11:13:22,13.54,0.01,50,67700,买盘
1972,11:13:19,13.53,--,20,27060,卖盘
1973,11:13:16,13.53,--,20,27060,卖盘
1974,11:13:07,13.53,--,43,58179,卖盘
1975,11:13:04,13.53,--,78,105534,卖盘
1976,11:13:01,13.53,--,19,26329,买盘
1977,11:12:58,13.53,0.01,61,82533,买盘
1978,11:12:55,13.52,-0.01,61,82472,卖盘
1979,11:12:49,13.53,-0.01,63,85969,卖盘
1980,11:12:46,13.54,0.01,52,70408,买盘
1981,11:12:40,13.53,--,20,27060,卖盘
1982,11:12:31,13.53,--,65,87945,卖盘
1983,11:12:25,13.53,-0.01,88,119064,卖盘
1984,11:12:22,13.54,--,10,13540,卖盘
1985,11:12:19,13.54,--,6,8123,卖盘
1986,11:12:16,13.54,--,5,6770,卖盘
1987,11:12:13,13.54,--,1,1354,卖盘
1988,11:12:10,13.54,--,6,8123,卖盘
1989,11:12:07,13.54,-0.01,45,60929,卖盘
1990,11:12:04,13.55,--,46,62330,买盘
1991,11:12:01,13.55,--,23,31165,买盘
1992,11:11:55,13.55,--,20,27100,买盘
1993,11:11:49,13.55,--,317,429535,卖盘
1994,11:11:46,13.55,--,1,1355,卖盘
1995,11:11:43,13.55,-0.01,130,176150,卖盘
1996,11:11:37,13.56,--,10,13560,买盘
1997,11:11:34,13.56,0.01,52,70512,买盘
1998,11:11:31,13.55,-0.01,17,23035,卖盘
1999,11:11:28,13.56,0.01,96,130176,买盘
2000,11:11:25,13.55,--,3,4065,卖盘
2001,11:11:22,13.55,-0.01,1,1355,卖盘
2002,11:11:19,13.56,--,6,8136,买盘
2003,11:11:16,13.56,-0.01,77,105754,卖盘
2004,11:11:13,13.57,0.01,68,92289,买盘
2005,11:11:10,13.56,--,27,36612,卖盘
2006,11:11:07,13.56,--,58,78648,卖盘
2007,11:11:04,13.56,--,242,328152,卖盘
2008,11:11:01,13.56,--,183,248148,买盘
2009,11:10:55,13.56,0.01,37,50172,买盘
2010,11:10:52,13.55,-0.01,23,31165,卖盘
2011,11:10:49,13.56,--,43,58619,卖盘
2012,11:10:46,13.56,--,750,1017000,卖盘
2013,11:10:43,13.56,--,35,47460,卖盘
2014,11:10:40,13.56,--,121,164076,卖盘
2015,11:10:37,13.56,--,27,36612,卖盘
2016,11:10:34,13.56,--,40,54240,卖盘
2017,11:10:28,13.56,--,812,1101072,买盘
2018,11:10:25,13.56,--,118,160008,买盘
2019,11:10:22,13.56,0.01,261,353916,买盘
2020,11:10:19,13.55,--,15,20325,卖盘
2021,11:10:13,13.55,--,5,6775,卖盘
2022,11:10:10,13.55,-0.01,36,48780,卖盘
2023,11:10:07,13.56,0.01,143,194816,买盘
2024,11:10:04,13.55,--,32,43360,卖盘
2025,11:10:01,13.55,-0.01,18,24390,卖盘
2026,11:09:58,13.56,0.01,20,27120,买盘
2027,11:09:55,13.55,--,3,4065,卖盘
2028,11:09:52,13.55,--,3,4065,卖盘
2029,11:09:49,13.55,--,19,25745,卖盘
2030,11:09:46,13.55,--,128,173440,卖盘
2031,11:09:43,13.55,--,22,29810,卖盘
2032,11:09:40,13.55,--,19,25745,卖盘
2033,11:09:34,13.55,--,125,169375,卖盘
2034,11:09:31,13.55,--,65,88075,卖盘
2035,11:09:28,13.55,--,64,86720,卖盘
2036,11:09:25,13.55,--,12,16395,买盘
2037,11:09:22,13.55,0.01,35,47425,买盘
2038,11:09:13,13.54,-0.01,115,155710,卖盘
2039,11:09:07,13.55,0.01,80,108400,买盘
2040,11:09:04,13.54,-0.01,56,75824,卖盘
2041,11:09:01,13.55,--,10,13550,买盘
2042,11:08:58,13.55,--,42,56910,买盘
2043,11:08:55,13.55,--,234,317883,买盘
2044,11:08:49,13.55,--,4,5420,买盘
2045,11:08:43,13.55,0.01,10,13550,买盘
2046,11:08:40,13.54,--,18,24372,卖盘
2047,11:08:37,13.54,--,228,309199,买盘
2048,11:08:34,13.54,0.01,138,186852,买盘
2049,11:08:28,13.53,-0.01,23,31795,卖盘
2050,11:08:25,13.54,--,11,14893,买盘
2051,11:08:22,13.54,--,41,55514,买盘
2052,11:08:16,13.54,0.01,35,47390,买盘
2053,11:08:13,13.53,-0.01,2,2706,卖盘
2054,11:08:04,13.54,0.01,7,9478,买盘
2055,11:08:01,13.53,--,40,54120,卖盘
2056,11:07:58,13.53,-0.01,26,35178,卖盘
2057,11:07:55,13.54,0.01,90,121859,买盘
2058,11:07:52,13.53,-0.01,52,70356,卖盘
2059,11:07:46,13.54,0.02,207,280278,买盘
2060,11:07:40,13.52,--,18,24336,卖盘
2061,11:07:37,13.52,--,9,12168,卖盘
2062,11:07:31,13.52,-0.01,10,13520,卖盘
2063,11:07:22,13.53,0.01,33,44649,买盘
2064,11:07:19,13.52,-0.01,11,14872,卖盘
2065,11:07:13,13.53,0.01,1,1353,买盘
2066,11:07:10,13.52,--,7,9464,买盘
2067,11:06:58,13.52,-0.01,11,14872,卖盘
2068,11:06:55,13.53,--,23,31119,买盘
2069,11:06:52,13.53,0.01,15,20295,买盘
2070,11:06:49,13.52,-0.01,3,4056,卖盘
2071,11:06:46,13.53,0.01,13,17589,买盘
2072,11:06:40,13.52,--,23,31096,卖盘
2073,11:06:37,13.52,--,10,13520,卖盘
2074,11:06:28,13.52,0.01,5,6760,中性盘
2075,11:06:25,13.51,-0.01,48,64848,卖盘
2076,11:06:22,13.52,--,5,6760,卖盘
2077,11:06:19,13.52,0.01,681,921333,买盘
2078,11:06:13,13.51,--,10,13510,卖盘
2079,11:06:07,13.51,--,149,201299,卖盘
2080,11:06:01,13.51,--,18,24318,卖盘
2081,11:05:52,13.51,--,137,185087,卖盘
2082,11:05:46,13.51,--,137,185087,卖盘
2083,11:05:43,13.51,--,12,16212,卖盘
2084,11:05:40,13.51,--,47,63497,卖盘
2085,11:05:37,13.51,-0.01,42,56742,卖盘
2086,11:05:31,13.52,--,1,1352,买盘
2087,11:05:28,13.52,0.01,40,54080,买盘
2088,11:05:25,13.51,-0.01,108,145908,卖盘
2089,11:05:22,13.52,0.01,13,17576,买盘
2090,11:05:13,13.51,--,86,116186,卖盘
2091,11:05:07,13.51,-0.01,1,1351,卖盘
2092,11:05:04,13.52,0.01,123,166296,买盘
2093,11:05:01,13.51,--,19,25669,卖盘
2094,11:04:58,13.51,--,15,20265,卖盘
2095,11:04:52,13.51,-0.01,41,55391,卖盘
2096,11:04:49,13.52,0.01,10,13520,买盘
2097,11:04:43,13.51,--,18,24318,卖盘
2098,11:04:34,13.51,--,53,71603,卖盘
2099,11:04:31,13.51,--,22,29722,卖盘
2100,11:04:28,13.51,-0.01,11,15536,卖盘
2101,11:04:25,13.52,--,10,13520,买盘
2102,11:04:19,13.52,--,50,67600,买盘
2103,11:04:07,13.52,0.01,7,9464,中性盘
2104,11:04:01,13.51,-0.02,40,54040,卖盘
2105,11:03:54,13.53,--,195,263835,卖盘
2106,11:03:45,13.53,-0.01,7,9471,卖盘
2107,11:03:42,13.54,0.01,154,208516,买盘
2108,11:03:39,13.53,-0.01,46,62238,卖盘
2109,11:03:36,13.54,--,81,110540,卖盘
2110,11:03:33,13.54,--,75,101550,卖盘
2111,11:03:30,13.54,--,333,450882,卖盘
2112,11:03:24,13.54,--,709,959985,卖盘
2113,11:03:21,13.54,--,52,70408,卖盘
2114,11:03:18,13.54,--,30,41107,买盘
2115,11:03:15,13.54,--,8,10832,买盘
2116,11:03:12,13.54,--,1,1354,买盘
2117,11:03:06,13.54,--,415,561910,买盘
2118,11:03:03,13.54,--,8,10832,买盘
2119,11:03:00,13.54,--,100,135400,买盘
2120,11:02:57,13.54,--,20,27080,买盘
2121,11:02:51,13.54,--,10,13540,买盘
2122,11:02:45,13.54,--,25,33850,买盘
2123,11:02:42,13.54,-0.01,10,13540,买盘
2124,11:02:39,13.55,0.02,311,421405,买盘
2125,11:02:36,13.53,-0.01,199,269247,卖盘
2126,11:02:33,13.54,--,13,17602,买盘
2127,11:02:30,13.54,--,107,144878,买盘
2128,11:02:24,13.54,--,30,40620,买盘
2129,11:02:21,13.54,--,158,213932,买盘
2130,11:02:18,13.54,--,533,721682,买盘
2131,11:02:09,13.54,0.01,52,70408,买盘
2132,11:02:06,13.53,--,25,33825,卖盘
2133,11:02:03,13.53,--,163,220539,卖盘
2134,11:01:57,13.53,--,10,13530,卖盘
2135,11:01:54,13.53,-0.01,2,2706,卖盘
2136,11:01:48,13.54,0.02,218,295172,买盘
2137,11:01:42,13.52,--,12,16224,卖盘
2138,11:01:39,13.52,-0.02,18,24336,中性盘
2139,11:01:36,13.54,0.03,200,270800,买盘
2140,11:01:33,13.51,-0.01,18,24318,卖盘
2141,11:01:30,13.52,0.01,35,47320,买盘
2142,11:01:27,13.51,-0.02,63,85113,卖盘
2143,11:01:24,13.53,--,59,79827,买盘
2144,11:01:21,13.53,0.01,51,69003,买盘
2145,11:01:18,13.52,--,8,10816,买盘
2146,11:01:15,13.52,--,14,18928,买盘
2147,11:01:12,13.52,--,6,8112,买盘
2148,11:01:06,13.52,-0.01,8,10816,卖盘
2149,11:01:03,13.53,0.01,236,319308,买盘
2150,11:01:00,13.52,--,96,129792,卖盘
2151,11:00:57,13.52,-0.01,1,1352,卖盘
2152,11:00:54,13.53,--,105,142065,买盘
2153,11:00:48,13.53,--,51,69003,买盘
2154,11:00:45,13.53,0.01,223,301719,买盘
2155,11:00:39,13.52,--,158,214292,卖盘
2156,11:00:36,13.52,-0.01,2,2704,卖盘
2157,11:00:33,13.53,--,17,23001,买盘
2158,11:00:30,13.53,0.01,32,43296,买盘
2159,11:00:27,13.52,-0.01,67,91260,卖盘
2160,11:00:24,13.53,--,1,1353,买盘
2161,11:00:18,13.53,0.01,97,131241,买盘
2162,11:00:15,13.52,--,60,81120,买盘
2163,11:00:12,13.52,--,7,9464,买盘
2164,11:00:09,13.52,--,76,102752,买盘
2165,11:00:00,13.52,0.01,21,28392,买盘
2166,10:59:51,13.51,-0.01,138,186438,卖盘
2167,10:59:48,13.52,--,36,48672,买盘
2168,10:59:45,13.52,0.01,76,102752,买盘
2169,10:59:39,13.51,-0.01,41,55391,卖盘
2170,10:59:36,13.52,0.01,26,35152,买盘
2171,10:59:33,13.51,--,185,249935,卖盘
2172,10:59:30,13.51,-0.01,20,27020,卖盘
2173,10:59:27,13.52,--,2,2704,买盘
2174,10:59:18,13.52,--,3,4056,买盘
2175,10:59:12,13.52,--,51,68952,买盘
2176,10:59:09,13.52,0.01,3,4056,买盘
2177,10:59:00,13.51,--,10,13510,卖盘
2178,10:58:57,13.51,--,34,45934,卖盘
2179,10:58:54,13.51,-0.01,5,6755,卖盘
2180,10:58:51,13.52,--,10,13520,买盘
2181,10:58:45,13.52,--,5,6760,买盘
2182,10:58:33,13.52,--,57,77064,买盘
2183,10:58:21,13.52,--,13,17576,买盘
2184,10:58:18,13.52,0.01,2,2704,买盘
2185,10:58:15,13.51,-0.01,2,2702,卖盘
2186,10:58:09,13.52,--,44,59488,买盘
2187,10:58:06,13.52,0.01,2,2704,买盘
2188,10:58:03,13.51,-0.01,49,66199,卖盘
2189,10:58:00,13.52,0.01,31,41912,买盘
2190,10:57:57,13.51,--,10,13510,卖盘
2191,10:57:54,13.51,-0.01,106,143206,卖盘
2192,10:57:51,13.52,--,80,108836,卖盘
2193,10:57:45,13.52,0.01,119,161564,买盘
2194,10:57:42,13.51,-0.01,48,64848,卖盘
2195,10:57:33,13.52,--,3,4056,买盘
2196,10:57:30,13.52,--,127,172380,卖盘
2197,10:57:27,13.52,-0.01,48,64896,卖盘
2198,10:57:24,13.53,0.01,215,290895,买盘
2199,10:57:18,13.52,--,20,27040,卖盘
2200,10:57:15,13.52,-0.02,217,293384,卖盘
2201,10:57:09,13.54,0.01,461,624194,买盘
2202,10:57:03,13.53,--,8,10824,买盘
2203,10:57:00,13.53,--,82,110946,卖盘
2204,10:56:54,13.53,-0.01,250,338250,卖盘
2205,10:56:51,13.54,0.01,55,74470,买盘
2206,10:56:48,13.53,--,20,27060,卖盘
2207,10:56:45,13.53,--,10,13530,卖盘
2208,10:56:42,13.53,-0.01,45,60885,卖盘
2209,10:56:39,13.54,0.01,7,9478,买盘
2210,10:56:36,13.53,--,87,117711,卖盘
2211,10:56:33,13.53,--,61,82533,买盘
2212,10:56:30,13.53,--,20,27736,买盘
2213,10:56:24,13.53,--,205,277365,买盘
2214,10:56:18,13.53,--,25,33825,买盘
2215,10:56:15,13.53,--,16,21648,买盘
2216,10:56:12,13.53,-0.01,25,33825,买盘
2217,10:56:09,13.54,0.02,98,132692,买盘
2218,10:56:06,13.52,-0.02,90,121680,卖盘
2219,10:56:03,13.54,0.01,17,23018,买盘
2220,10:56:00,13.53,0.01,15,20295,中性盘
2221,10:55:54,13.52,-0.02,50,67600,中性盘
2222,10:55:51,13.54,0.03,220,297880,买盘
2223,10:55:48,13.51,-0.01,157,212107,卖盘
2224,10:55:45,13.52,--,32,43264,卖盘
2225,10:55:42,13.52,--,82,110864,买盘
2226,10:55:39,13.52,--,45,60840,买盘
2227,10:55:36,13.52,--,2,2704,买盘
2228,10:55:33,13.52,--,537,726024,买盘
2229,10:55:30,13.52,--,20,27040,买盘
2230,10:55:27,13.52,--,180,243360,买盘
2231,10:55:24,13.52,--,26,35152,买盘
2232,10:55:21,13.52,-0.02,5,6760,买盘
2233,10:55:15,13.54,0.03,1500,2030999,买盘
2234,10:55:12,13.51,-0.01,36,48636,卖盘
2235,10:55:09,13.52,--,127,172096,卖盘
2236,10:55:06,13.52,0.01,111,151031,买盘
2237,10:55:03,13.51,-0.01,163,220213,卖盘
2238,10:55:00,13.52,--,56,75712,买盘
2239,10:54:57,13.52,--,10,13520,买盘
2240,10:54:54,13.52,--,30,40560,买盘
2241,10:54:51,13.52,--,37,50024,买盘
2242,10:54:48,13.52,--,648,876096,买盘
2243,10:54:42,13.52,0.01,74,100048,买盘
2244,10:54:39,13.51,--,13,17563,卖盘
2245,10:54:36,13.51,--,62,83762,卖盘
2246,10:54:33,13.51,-0.01,83,112133,卖盘
2247,10:54:30,13.52,0.01,3,4056,买盘
2248,10:54:21,13.51,-0.01,32,43232,卖盘
2249,10:54:15,13.52,--,85,114920,卖盘
2250,10:54:12,13.52,--,53,71656,卖盘
2251,10:54:06,13.52,0.01,422,570544,买盘
2252,10:54:00,13.51,--,20,27020,卖盘
2253,10:53:57,13.51,--,27,36477,卖盘
2254,10:53:54,13.51,-0.01,76,102676,卖盘
2255,10:53:48,13.52,--,10,13520,买盘
2256,10:53:45,13.52,-0.01,1,1352,买盘
2257,10:53:36,13.53,--,17,23001,买盘
2258,10:53:33,13.53,0.01,146,197538,买盘
2259,10:53:30,13.52,--,101,136552,卖盘
2260,10:53:24,13.52,--,45,60840,卖盘
2261,10:53:21,13.52,--,124,167648,卖盘
2262,10:53:18,13.52,-0.01,93,125736,卖盘
2263,10:53:15,13.53,0.01,530,717090,买盘
2264,10:53:12,13.52,0.01,6,8112,买盘
2265,10:53:09,13.51,--,101,136451,买盘
2266,10:53:06,13.51,--,196,264796,卖盘
2267,10:53:03,13.51,--,69,93219,买盘
2268,10:53:00,13.51,--,35,47285,买盘
2269,10:52:54,13.51,--,60,81060,买盘
2270,10:52:51,13.51,--,107,144557,买盘
2271,10:52:45,13.51,0.01,96,129696,买盘
2272,10:52:42,13.5,--,314,424264,买盘
2273,10:52:39,13.5,--,314,423900,买盘
2274,10:52:36,13.5,0.02,2,2700,买盘
2275,10:52:33,13.48,-0.02,5,6740,卖盘
2276,10:52:30,13.5,0.02,115,155250,买盘
2277,10:52:27,13.48,--,59,80206,卖盘
2278,10:52:24,13.48,-0.02,72,97056,卖盘
2279,10:52:18,13.5,0.03,1657,2236950,买盘
2280,10:52:15,13.47,--,5,6735,卖盘
2281,10:52:12,13.47,--,7,9429,买盘
2282,10:52:09,13.47,0.01,3,4041,买盘
2283,10:52:00,13.46,--,101,135946,卖盘
2284,10:51:45,13.46,-0.01,240,323040,卖盘
2285,10:51:39,13.47,--,62,83514,买盘
2286,10:51:33,13.47,0.01,10,13470,买盘
2287,10:51:24,13.46,--,58,78068,卖盘
2288,10:51:21,13.46,--,25,33650,卖盘
2289,10:51:18,13.46,--,3,4038,卖盘
2290,10:51:12,13.46,-0.01,5,6730,卖盘
2291,10:51:06,13.47,--,358,482226,买盘
2292,10:51:03,13.47,--,105,141435,买盘
2293,10:50:54,13.47,0.01,11,14817,买盘
2294,10:50:48,13.46,--,46,61916,买盘
2295,10:50:45,13.46,--,1,1346,买盘
2296,10:50:42,13.46,0.01,56,75376,买盘
2297,10:50:36,13.45,-0.01,51,68595,卖盘
2298,10:50:33,13.46,-0.01,8,10768,卖盘
2299,10:50:27,13.47,0.02,320,431040,买盘
2300,10:50:18,13.45,-0.02,545,733025,卖盘
2301,10:50:09,13.47,--,200,269400,买盘
2302,10:50:06,13.47,--,2,2694,买盘
2303,10:49:57,13.47,0.02,700,942900,买盘
2304,10:49:51,13.45,--,1,1345,卖盘
2305,10:49:45,13.45,--,19,25555,买盘
2306,10:49:42,13.45,--,2,2690,买盘
2307,10:49:39,13.45,--,22,29590,买盘
2308,10:49:36,13.45,--,2,2690,买盘
2309,10:49:33,13.45,-0.02,4,5380,中性盘
2310,10:49:21,13.47,--,8,10776,买盘
2311,10:49:18,13.47,0.02,217,292299,买盘
2312,10:49:12,13.45,-0.01,220,295900,卖盘
2313,10:49:06,13.46,-0.01,8,10768,卖盘
2314,10:49:03,13.47,--,8,10776,买盘
2315,10:49:00,13.47,0.01,10,13470,买盘
2316,10:48:54,13.46,-0.01,6,8076,卖盘
2317,10:48:51,13.47,0.01,5,6735,中性盘
2318,10:48:39,13.46,-0.02,5,6730,卖盘
2319,10:48:36,13.48,0.02,57,76836,买盘
2320,10:48:33,13.46,-0.02,7,9422,卖盘
2321,10:48:30,13.48,--,57,76836,买盘
2322,10:48:27,13.48,--,46,62008,卖盘
2323,10:48:24,13.48,-0.01,500,674000,卖盘
2324,10:48:21,13.49,0.01,25,33725,买盘
2325,10:48:18,13.48,-0.01,30,40440,卖盘
2326,10:48:09,13.49,--,67,90383,买盘
2327,10:48:06,13.49,0.01,31,41819,买盘
2328,10:48:00,13.48,--,2,2696,卖盘
2329,10:47:54,13.48,-0.01,104,140192,买盘
2330,10:47:51,13.49,--,20,26980,卖盘
2331,10:47:48,13.49,0.02,145,195605,买盘
2332,10:47:45,13.47,-0.01,10,13470,卖盘
2333,10:47:42,13.48,--,4,5392,卖盘
2334,10:47:39,13.48,--,14,18872,卖盘
2335,10:47:36,13.48,-0.01,20,26960,中性盘
2336,10:47:33,13.49,0.01,241,325109,买盘
2337,10:47:27,13.48,--,23,31004,买盘
2338,10:47:24,13.48,--,10,13480,买盘
2339,10:47:21,13.48,--,6,8088,买盘
2340,10:47:15,13.48,--,18,24264,买盘
2341,10:47:03,13.48,--,2,2696,买盘
2342,10:47:00,13.48,--,10,13480,买盘
2343,10:46:57,13.48,0.05,31,41788,买盘
2344,10:46:54,13.43,--,183,245769,卖盘
2345,10:46:48,13.43,-0.02,137,183991,卖盘
2346,10:46:42,13.45,0.02,21,28245,买盘
2347,10:46:39,13.43,--,18,24174,买盘
2348,10:46:36,13.43,--,7,9401,卖盘
2349,10:46:33,13.43,-0.07,16,21488,卖盘
2350,10:46:30,13.5,0.05,3629,4899150,买盘
2351,10:46:18,13.45,0.01,138,185610,买盘
2352,10:46:12,13.44,-0.02,30,40320,卖盘
2353,10:46:06,13.46,0.01,12,16152,买盘
2354,10:46:03,13.45,--,29,39005,买盘
2355,10:46:00,13.45,-0.01,11,14795,中性盘
2356,10:45:36,13.46,--,2,2692,买盘
2357,10:45:15,13.46,0.03,523,703958,买盘
2358,10:45:09,13.43,0.01,13,17459,买盘
2359,10:45:00,13.42,--,12,16104,卖盘
2360,10:44:57,13.42,-0.01,18,24156,卖盘
2361,10:44:51,13.43,--,5,6715,买盘
2362,10:44:45,13.43,--,10,13430,买盘
2363,10:44:42,13.43,--,15,20145,买盘
2364,10:44:33,13.43,--,75,101396,卖盘
2365,10:44:30,13.43,--,20,26860,卖盘
2366,10:44:27,13.43,-0.02,10,14101,卖盘
2367,10:44:24,13.45,--,10,13450,买盘
2368,10:44:21,13.45,--,3,4035,买盘
2369,10:44:09,13.45,--,1,1345,买盘
2370,10:44:06,13.45,--,2,2690,买盘
2371,10:44:03,13.45,0.02,45,60525,买盘
2372,10:43:48,13.43,--,17,22831,中性盘
2373,10:43:39,13.43,--,10,13430,买盘
2374,10:43:33,13.43,0.01,8,10744,买盘
2375,10:43:26,13.42,--,2,2684,卖盘
2376,10:43:23,13.42,-0.03,72,96624,卖盘
2377,10:43:20,13.45,0.02,2000,2690000,买盘
2378,10:43:17,13.43,0.01,14,18802,买盘
2379,10:43:14,13.42,-0.01,5,6710,卖盘
2380,10:43:11,13.43,--,15,20145,买盘
2381,10:43:08,13.43,--,28,37604,买盘
2382,10:43:05,13.43,--,33,44319,买盘
2383,10:42:59,13.43,--,31,41633,买盘
2384,10:42:53,13.43,0.01,10,13430,买盘
2385,10:42:50,13.42,--,13,17446,卖盘
2386,10:42:47,13.42,-0.01,23,30866,卖盘
2387,10:42:41,13.43,--,13,17459,买盘
2388,10:42:35,13.43,--,2,2686,买盘
2389,10:42:17,13.43,--,2,2686,买盘
2390,10:42:08,13.43,0.01,21,28203,买盘
2391,10:42:05,13.42,--,8,10736,卖盘
2392,10:41:47,13.42,-0.01,5,6710,卖盘
2393,10:41:44,13.43,--,1,1343,买盘
2394,10:41:35,13.43,--,2,2686,买盘
2395,10:41:32,13.43,--,10,13430,买盘
2396,10:41:26,13.43,--,33,44319,买盘
2397,10:41:23,13.43,--,6,8058,买盘
2398,10:41:14,13.43,0.01,32,42976,买盘
2399,10:41:11,13.42,--,31,41602,买盘
2400,10:41:05,13.42,--,4,5368,买盘
2401,10:41:02,13.42,--,3,4026,买盘
2402,10:40:50,13.42,0.01,6,8052,买盘
2403,10:40:41,13.41,-0.01,143,191763,卖盘
2404,10:40:38,13.42,--,20,26840,买盘
2405,10:40:35,13.42,0.01,44,59048,买盘
2406,10:40:29,13.41,-0.01,37,50287,卖盘
2407,10:40:26,13.42,0.01,5,6710,买盘
2408,10:40:23,13.41,-0.01,5,6705,卖盘
2409,10:40:20,13.42,--,13,17446,买盘
2410,10:40:14,13.42,0.01,1,1342,买盘
2411,10:40:11,13.41,-0.01,2,2682,卖盘
2412,10:40:02,13.42,0.01,2,2684,买盘
2413,10:39:56,13.41,--,3,4023,卖盘
2414,10:39:50,13.41,--,22,29502,卖盘
2415,10:39:35,13.41,-0.01,61,81801,卖盘
2416,10:39:32,13.42,0.01,69,92598,买盘
2417,10:39:23,13.41,--,64,85824,卖盘
2418,10:39:20,13.41,--,30,40230,卖盘
2419,10:39:17,13.41,--,21,28161,卖盘
2420,10:39:11,13.41,--,28,37548,卖盘
2421,10:39:05,13.41,--,33,44253,卖盘
2422,10:39:02,13.41,--,24,32184,卖盘
2423,10:38:59,13.41,--,10,13410,卖盘
2424,10:38:53,13.41,-0.01,20,26820,卖盘
2425,10:38:44,13.42,--,13,17446,买盘
2426,10:38:35,13.42,0.01,2,2684,买盘
2427,10:38:26,13.41,-0.01,49,65709,卖盘
2428,10:38:23,13.42,0.01,4,5368,中性盘
2429,10:38:11,13.41,-0.02,4,5364,卖盘
2430,10:38:08,13.43,--,601,807143,买盘
2431,10:38:05,13.43,--,2,2686,买盘
2432,10:37:59,13.43,0.01,15,20145,买盘
2433,10:37:56,13.42,--,14,18788,卖盘
2434,10:37:53,13.42,--,59,79178,卖盘
2435,10:37:50,13.42,--,23,30866,卖盘
2436,10:37:44,13.42,--,17,22814,卖盘
2437,10:37:41,13.42,--,57,76494,卖盘
2438,10:37:38,13.42,-0.01,8,11004,卖盘
2439,10:37:35,13.43,0.01,10,13430,买盘
2440,10:37:32,13.42,--,10,13420,卖盘
2441,10:37:23,13.42,-0.01,32,42944,卖盘
2442,10:37:20,13.43,-0.01,234,314262,卖盘
2443,10:37:14,13.44,--,4,5376,买盘
2444,10:37:05,13.44,--,2,2688,买盘
2445,10:36:50,13.44,--,49,65856,买盘
2446,10:36:47,13.44,--,4,5376,买盘
2447,10:36:32,13.44,--,6,8064,买盘
2448,10:36:29,13.44,--,10,13440,买盘
2449,10:36:17,13.44,--,6,8064,买盘
2450,10:36:14,13.44,--,13,17472,买盘
2451,10:36:05,13.44,0.01,17,22848,买盘
2452,10:35:44,13.43,-0.01,2,2686,卖盘
2453,10:35:41,13.44,0.01,2,2688,买盘
2454,10:35:38,13.43,-0.01,28,37604,卖盘
2455,10:35:35,13.44,0.01,2,2688,买盘
2456,10:35:26,13.43,--,1,1343,卖盘
2457,10:35:23,13.43,--,60,80580,卖盘
2458,10:35:20,13.43,--,10,13430,卖盘
2459,10:35:17,13.43,0.01,4,5372,中性盘
2460,10:35:08,13.42,-0.01,348,467821,卖盘
2461,10:35:05,13.43,--,4,5372,买盘
2462,10:34:35,13.43,0.01,2,2686,买盘
2463,10:34:29,13.42,-0.01,48,64416,卖盘
2464,10:34:26,13.43,--,30,40290,买盘
2465,10:34:20,13.43,--,4,5372,买盘
2466,10:34:05,13.43,--,6,8058,买盘
2467,10:34:02,13.43,-0.01,32,43513,卖盘
2468,10:33:59,13.44,--,5,6720,买盘
2469,10:33:56,13.44,0.01,80,107520,买盘
2470,10:33:47,13.43,--,36,49153,买盘
2471,10:33:44,13.43,--,16,21488,买盘
2472,10:33:41,13.43,--,151,203330,卖盘
2473,10:33:38,13.43,--,7,10206,卖盘
2474,10:33:35,13.43,--,51,68493,卖盘
2475,10:33:26,13.43,-0.02,48,64464,卖盘
2476,10:33:23,13.45,--,37,49765,买盘
2477,10:33:20,13.45,0.02,15,20175,买盘
2478,10:33:05,13.43,-0.02,157,210851,卖盘
2479,10:33:02,13.45,0.01,42,56490,买盘
2480,10:32:59,13.44,-0.01,4,5376,卖盘
2481,10:32:47,13.45,0.01,505,679225,买盘
2482,10:32:44,13.44,-0.01,23,30912,卖盘
2483,10:32:35,13.45,0.01,2,2690,买盘
2484,10:32:32,13.44,--,159,213696,卖盘
2485,10:32:23,13.44,-0.01,5,6720,卖盘
2486,10:32:11,13.45,0.01,19,25555,买盘
2487,10:32:05,13.44,0.01,19,25536,买盘
2488,10:31:56,13.43,-0.01,1,1343,卖盘
2489,10:31:53,13.44,-0.01,16,21504,卖盘
2490,10:31:35,13.45,--,2,2690,买盘
2491,10:31:32,13.45,0.01,65,87425,买盘
2492,10:31:26,13.44,-0.01,1,1344,卖盘
2493,10:31:23,13.45,-0.01,3,4035,中性盘
2494,10:31:11,13.46,0.01,33,44418,买盘
2495,10:31:08,13.45,--,17,22865,买盘
2496,10:31:05,13.45,--,12,16140,买盘
2497,10:30:53,13.45,--,5,6725,买盘
2498,10:30:44,13.45,--,86,115670,买盘
2499,10:30:38,13.45,-0.01,39,52455,卖盘
2500,10:30:32,13.46,0.01,4,5384,买盘
2501,10:30:26,13.45,0.02,76,102220,买盘
2502,10:30:17,13.43,-0.01,187,251141,卖盘
2503,10:30:14,13.44,-0.01,1,1344,卖盘
2504,10:30:08,13.45,--,2,2690,买盘
2505,10:30:02,13.45,0.01,54,72630,买盘
2506,10:29:59,13.44,--,10,13440,卖盘
2507,10:29:50,13.44,-0.01,40,53760,卖盘
2508,10:29:47,13.45,0.01,27,36315,买盘
2509,10:29:44,13.44,0.01,10,13440,买盘
2510,10:29:38,13.43,--,48,64464,卖盘
2511,10:29:35,13.43,-0.01,16,21488,卖盘
2512,10:29:32,13.44,0.01,2,2688,买盘
2513,10:29:29,13.43,-0.01,13,17459,卖盘
2514,10:29:26,13.44,--,1,1344,买盘
2515,10:29:23,13.44,-0.01,17,22848,卖盘
2516,10:29:20,13.45,0.01,21,28245,买盘
2517,10:29:11,13.44,-0.01,10,13440,卖盘
2518,10:29:05,13.45,0.01,3,4035,买盘
2519,10:29:02,13.44,--,23,30912,卖盘
2520,10:28:59,13.44,--,4,5376,卖盘
2521,10:28:56,13.44,--,7,9408,卖盘
2522,10:28:50,13.44,--,33,44352,买盘
2523,10:28:47,13.44,0.01,31,41664,买盘
2524,10:28:41,13.43,--,25,33575,卖盘
2525,10:28:35,13.43,--,49,65807,卖盘
2526,10:28:32,13.43,--,17,22831,卖盘
2527,10:28:26,13.43,-0.01,11,14773,卖盘
2528,10:28:20,13.44,--,4,5376,买盘
2529,10:28:17,13.44,--,10,13440,买盘
2530,10:28:14,13.44,0.01,13,17472,买盘
2531,10:28:08,13.43,-0.01,49,65807,卖盘
2532,10:28:05,13.44,--,52,69888,卖盘
2533,10:28:02,13.44,--,30,40320,卖盘
2534,10:27:59,13.44,--,23,30912,卖盘
2535,10:27:56,13.44,--,144,193536,卖盘
2536,10:27:53,13.44,--,46,61824,卖盘
2537,10:27:47,13.44,--,23,30912,卖盘
2538,10:27:44,13.44,--,26,34944,卖盘
2539,10:27:38,13.44,-0.02,23,30912,卖盘
2540,10:27:35,13.46,--,101,135946,买盘
2541,10:27:32,13.46,0.01,56,75376,买盘
2542,10:27:29,13.45,--,13,17485,卖盘
2543,10:27:23,13.45,--,36,48420,卖盘
2544,10:27:20,13.45,-0.01,17,22865,卖盘
2545,10:27:14,13.46,0.01,44,59224,买盘
2546,10:27:08,13.45,--,7,9415,卖盘
2547,10:27:05,13.45,-0.01,28,37660,中性盘
2548,10:27:02,13.46,0.02,2,2692,买盘
2549,10:26:53,13.44,--,23,30912,卖盘
2550,10:26:50,13.44,-0.02,3,4032,卖盘
2551,10:26:41,13.46,0.01,20,26920,买盘
2552,10:26:38,13.45,0.01,30,40350,买盘
2553,10:26:35,13.44,--,64,86016,卖盘
2554,10:26:32,13.44,--,2,2688,卖盘
2555,10:26:26,13.44,-0.01,7,9408,卖盘
2556,10:26:23,13.45,-0.02,9,12105,卖盘
2557,10:26:20,13.47,0.02,100,134700,买盘
2558,10:26:14,13.45,-0.01,137,184265,卖盘
2559,10:25:53,13.46,--,37,49802,卖盘
2560,10:25:50,13.46,--,10,13460,卖盘
2561,10:25:38,13.46,--,20,26920,卖盘
2562,10:25:35,13.46,0.01,81,109026,买盘
2563,10:25:32,13.45,--,16,21520,卖盘
2564,10:25:29,13.45,--,13,17485,卖盘
2565,10:25:26,13.45,-0.01,4,5380,卖盘
2566,10:25:23,13.46,0.01,70,94220,卖盘
2567,10:25:20,13.45,-0.02,13,17485,卖盘
2568,10:25:14,13.47,0.01,100,134700,买盘
2569,10:25:08,13.46,-0.01,38,51148,卖盘
2570,10:24:59,13.47,0.01,57,76779,买盘
2571,10:24:44,13.46,-0.01,64,86144,卖盘
2572,10:24:41,13.47,--,24,32328,买盘
2573,10:24:35,13.47,--,7,9429,买盘
2574,10:24:32,13.47,--,45,60615,买盘
2575,10:24:29,13.47,--,46,61962,买盘
2576,10:24:26,13.47,--,169,227643,买盘
2577,10:24:23,13.47,0.01,96,129312,买盘
2578,10:24:17,13.46,-0.01,142,191132,卖盘
2579,10:24:14,13.47,--,66,88902,买盘
2580,10:24:02,13.47,0.01,23,30981,买盘
2581,10:23:59,13.46,--,35,47110,卖盘
2582,10:23:55,13.46,--,40,53840,卖盘
2583,10:23:49,13.46,-0.01,21,28266,卖盘
2584,10:23:37,13.47,0.01,10,13470,买盘
2585,10:23:34,13.46,--,15,20190,卖盘
2586,10:23:28,13.46,--,72,96912,买盘
2587,10:23:25,13.46,--,50,67300,买盘
2588,10:23:22,13.46,--,2,2692,买盘
2589,10:23:16,13.46,--,20,26920,卖盘
2590,10:23:13,13.46,--,3,4038,卖盘
2591,10:23:10,13.46,0.01,166,223436,买盘
2592,10:23:07,13.45,-0.01,137,184265,卖盘
2593,10:23:04,13.46,0.01,24,32304,买盘
2594,10:22:58,13.45,--,8,10760,卖盘
2595,10:22:55,13.45,--,10,13450,卖盘
2596,10:22:52,13.45,-0.01,34,45730,卖盘
2597,10:22:49,13.46,0.01,10,13460,买盘
2598,10:22:46,13.45,--,9,12105,卖盘
2599,10:22:31,13.45,--,17,22865,卖盘
2600,10:22:25,13.45,--,13,17485,卖盘
2601,10:22:16,13.45,-0.01,59,79355,卖盘
2602,10:22:01,13.46,0.01,5,6730,买盘
2603,10:21:58,13.45,-0.01,28,37660,卖盘
2604,10:21:55,13.46,--,11,14806,买盘
2605,10:21:49,13.46,--,18,24228,买盘
2606,10:21:46,13.46,--,16,21536,买盘
2607,10:21:40,13.46,0.01,80,107680,买盘
2608,10:21:34,13.45,--,1,1345,买盘
2609,10:21:31,13.45,--,15,20175,卖盘
2610,10:21:19,13.45,-0.02,20,26900,卖盘
2611,10:21:16,13.47,--,30,40410,买盘
2612,10:21:13,13.47,--,5,6735,买盘
2613,10:21:10,13.47,--,10,13470,买盘
2614,10:21:01,13.47,0.03,40,53880,买盘
2615,10:20:52,13.44,-0.03,1,1344,卖盘
2616,10:20:49,13.47,--,152,204744,买盘
2617,10:20:46,13.47,0.02,6,8082,买盘
2618,10:20:43,13.45,-0.02,23,30935,卖盘
2619,10:20:34,13.47,0.02,3,4041,买盘
2620,10:20:28,13.45,-0.01,44,59180,卖盘
2621,10:20:25,13.46,0.01,10,13460,买盘
2622,10:20:22,13.45,--,27,36315,卖盘
2623,10:20:13,13.45,--,15,20175,买盘
2624,10:20:04,13.45,-0.02,35,47075,卖盘
2625,10:20:01,13.47,0.01,239,321933,买盘
2626,10:19:58,13.46,--,21,28266,卖盘
2627,10:19:55,13.46,0.01,235,316310,买盘
2628,10:19:52,13.45,0.01,22,29590,中性盘
2629,10:19:43,13.44,--,26,34944,卖盘
2630,10:19:40,13.44,-0.03,87,116928,卖盘
2631,10:19:37,13.47,0.01,23,30981,买盘
2632,10:19:34,13.46,0.01,6,8076,买盘
2633,10:19:31,13.45,-0.01,16,21520,卖盘
2634,10:19:28,13.46,-0.01,4,5384,卖盘
2635,10:19:25,13.47,0.01,53,71391,买盘
2636,10:19:19,13.46,-0.02,3,4038,中性盘
2637,10:19:10,13.48,0.01,105,141540,买盘
2638,10:19:01,13.47,0.01,138,185886,买盘
2639,10:18:58,13.46,-0.02,178,239588,卖盘
2640,10:18:55,13.48,0.01,21,28308,买盘
2641,10:18:52,13.47,--,11,14817,卖盘
2642,10:18:49,13.47,-0.01,5,6735,中性盘
2643,10:18:43,13.48,0.02,55,74140,买盘
2644,10:18:40,13.46,--,10,13460,卖盘
2645,10:18:31,13.46,0.02,23,30958,卖盘
2646,10:18:28,13.44,--,34,45696,卖盘
2647,10:18:25,13.44,-0.01,14,18816,卖盘
2648,10:18:22,13.45,0.01,1,1345,买盘
2649,10:18:19,13.44,-0.04,16,21504,卖盘
2650,10:18:16,13.48,0.04,19,25612,中性盘
2651,10:18:07,13.44,--,23,30912,卖盘
2652,10:18:04,13.44,0.01,26,34944,买盘
2653,10:18:01,13.43,-0.01,7,9401,卖盘
2654,10:17:55,13.44,0.01,366,491904,买盘
2655,10:17:52,13.43,-0.01,82,110126,卖盘
2656,10:17:46,13.44,0.01,1978,2658432,买盘
2657,10:17:40,13.43,-0.01,23,30889,卖盘
2658,10:17:34,13.44,--,11,14784,买盘
2659,10:17:31,13.44,0.01,15,20160,买盘
2660,10:17:22,13.43,-0.01,10,13430,卖盘
2661,10:17:19,13.44,0.01,48,64512,买盘
2662,10:17:13,13.43,--,3,4029,买盘
2663,10:17:04,13.43,-0.01,8,10744,买盘
2664,10:17:01,13.44,0.01,10,13440,买盘
2665,10:16:58,13.43,0.01,21,28203,买盘
2666,10:16:55,13.42,-0.01,1,1342,卖盘
2667,10:16:43,13.43,0.01,10,13430,卖盘
2668,10:16:34,13.42,-0.01,291,390522,卖盘
2669,10:16:31,13.43,-0.01,40,53720,卖盘
2670,10:16:16,13.44,--,43,57792,买盘
2671,10:16:10,13.44,0.01,1,1344,买盘
2672,10:16:07,13.43,-0.01,4,5372,卖盘
2673,10:16:01,13.44,0.02,23,30912,买盘
2674,10:15:52,13.42,-0.01,520,697840,卖盘
2675,10:15:43,13.43,--,37,49691,买盘
2676,10:15:40,13.43,0.01,116,155788,买盘
2677,10:15:34,13.42,-0.01,41,55022,卖盘
2678,10:15:28,13.43,0.01,24,32232,买盘
2679,10:15:25,13.42,--,21,28182,卖盘
2680,10:15:13,13.42,--,69,92598,卖盘
2681,10:15:07,13.42,-0.01,53,71126,卖盘
2682,10:15:04,13.43,--,5,6715,买盘
2683,10:15:01,13.43,--,28,37604,买盘
2684,10:14:55,13.43,0.01,2,2686,买盘
2685,10:14:49,13.42,--,18,24156,中性盘
2686,10:14:37,13.42,-0.02,13,17446,卖盘
2687,10:14:31,13.44,0.01,1,1344,买盘
2688,10:14:25,13.43,0.01,1,1343,中性盘
2689,10:14:10,13.42,--,120,161040,卖盘
2690,10:13:55,13.42,--,2,2684,卖盘
2691,10:13:52,13.42,--,1,1342,卖盘
2692,10:13:43,13.42,-0.01,8,10736,卖盘
2693,10:13:40,13.43,0.02,69,92667,买盘
2694,10:13:37,13.41,--,22,29502,中性盘
2695,10:13:10,13.41,-0.02,111,148851,卖盘
2696,10:13:07,13.43,-0.01,77,103411,买盘
2697,10:13:04,13.44,--,69,92736,买盘
2698,10:13:01,13.44,--,46,61824,买盘
2699,10:12:58,13.44,0.04,46,61824,买盘
2700,10:12:55,13.4,-0.01,8,10720,卖盘
2701,10:12:52,13.41,0.01,50,67050,买盘
2702,10:12:46,13.4,--,20,26800,卖盘
2703,10:12:43,13.4,-0.01,137,183580,卖盘
2704,10:12:40,13.41,--,2,2682,卖盘
2705,10:12:37,13.41,-0.01,63,84483,卖盘
2706,10:12:28,13.42,--,66,88572,买盘
2707,10:12:25,13.42,--,8,10736,买盘
2708,10:12:22,13.42,--,20,26840,买盘
2709,10:12:19,13.42,--,10,13420,买盘
2710,10:12:13,13.42,--,25,33550,买盘
2711,10:11:58,13.42,-0.01,8,10736,卖盘
2712,10:11:52,13.43,--,50,67150,买盘
2713,10:11:46,13.43,0.04,10,13430,中性盘
2714,10:11:43,13.39,-0.05,137,183443,卖盘
2715,10:11:40,13.44,0.05,210,282240,买盘
2716,10:11:37,13.39,-0.04,137,183443,卖盘
2717,10:11:34,13.43,0.01,8,10744,中性盘
2718,10:11:28,13.42,-0.01,28,37576,卖盘
2719,10:11:25,13.43,0.01,57,76551,买盘
2720,10:11:22,13.42,--,17,22814,卖盘
2721,10:11:10,13.42,--,32,42944,卖盘
2722,10:10:46,13.42,--,37,49654,卖盘
2723,10:10:43,13.42,0.04,35,46970,中性盘
2724,10:10:40,13.38,-0.05,1338,1790752,卖盘
2725,10:10:37,13.43,0.01,2,2686,买盘
2726,10:10:34,13.42,-0.01,35,46970,中性盘
2727,10:10:31,13.43,0.01,54,72522,买盘
2728,10:10:28,13.42,--,2,2684,买盘
2729,10:10:25,13.42,-0.03,11,14762,卖盘
2730,10:10:22,13.45,0.01,10,13450,买盘
2731,10:10:16,13.44,--,32,43008,卖盘
2732,10:10:13,13.44,--,10,13440,卖盘
2733,10:10:07,13.44,--,30,40320,卖盘
2734,10:10:04,13.44,0.03,150,201600,卖盘
2735,10:09:58,13.41,-0.03,102,136782,卖盘
2736,10:09:52,13.44,0.01,124,166656,买盘
2737,10:09:49,13.43,-0.01,5,6715,卖盘
2738,10:09:43,13.44,--,30,40320,买盘
2739,10:09:37,13.44,--,36,48384,买盘
2740,10:09:34,13.44,0.01,113,151872,买盘
2741,10:09:28,13.43,0.01,9,12087,卖盘
2742,10:09:25,13.42,0.03,11,14762,中性盘
2743,10:09:22,13.39,-0.04,1517,2032093,卖盘
2744,10:09:16,13.43,--,80,107950,买盘
2745,10:09:13,13.43,0.01,11,14773,买盘
2746,10:09:10,13.42,-0.01,5,6710,卖盘
2747,10:09:07,13.43,--,2,2686,买盘
2748,10:09:04,13.43,--,30,40290,买盘
2749,10:09:01,13.43,--,7,9401,买盘
2750,10:08:52,13.43,--,21,28203,买盘
2751,10:08:46,13.43,0.02,12,16116,买盘
2752,10:08:37,13.41,-0.02,30,40230,卖盘
2753,10:08:34,13.43,0.02,3,4029,买盘
2754,10:08:25,13.41,-0.03,9,12069,卖盘
2755,10:08:19,13.44,--,570,766080,买盘
2756,10:08:16,13.44,0.05,11,14784,买盘
2757,10:08:13,13.39,-0.05,28,37492,卖盘
2758,10:08:10,13.44,-0.01,33,44352,卖盘
2759,10:08:04,13.45,--,17,22865,买盘
2760,10:08:01,13.45,--,27,36315,买盘
2761,10:07:58,13.45,--,9,12105,买盘
2762,10:07:55,13.45,--,838,1127110,买盘
2763,10:07:52,13.45,--,4,5380,买盘
2764,10:07:49,13.45,--,20,27733,卖盘
2765,10:07:46,13.45,--,237,318765,卖盘
2766,10:07:40,13.45,0.02,34,46241,买盘
2767,10:07:37,13.43,-0.01,23,30889,卖盘
2768,10:07:31,13.44,-0.01,143,192192,中性盘
2769,10:07:19,13.45,0.01,174,234030,买盘
2770,10:07:13,13.44,--,20,26880,卖盘
2771,10:07:10,13.44,--,35,47040,卖盘
2772,10:07:04,13.44,--,222,298368,买盘
2773,10:07:01,13.44,0.01,20,26880,买盘
2774,10:06:58,13.43,--,6,8058,卖盘
2775,10:06:52,13.43,-0.02,20,26860,买盘
2776,10:06:46,13.45,0.03,500,672500,买盘
2777,10:06:43,13.42,--,38,50996,卖盘
2778,10:06:37,13.42,--,5,6710,卖盘
2779,10:06:34,13.42,--,1,1342,卖盘
2780,10:06:31,13.42,--,13,17446,买盘
