,time,price,change,volume,amount,type
0,15:00:24,6.67,--,1311,874437,卖盘
1,14:57:42,6.67,--,0,0,买盘
2,14:56:51,6.67,0.02,30,20010,买盘
3,14:56:36,6.65,-0.01,64,42560,卖盘
4,14:56:33,6.66,-0.02,23,15318,中性盘
5,14:56:18,6.68,0.02,99,66132,买盘
6,14:56:15,6.66,--,21,13986,卖盘
7,14:56:12,6.66,-0.02,20,13320,卖盘
8,14:56:06,6.68,0.01,24,16032,买盘
9,14:56:00,6.67,--,16,10672,买盘
10,14:55:54,6.67,--,80,53360,卖盘
11,14:55:51,6.67,--,12,8004,卖盘
12,14:55:45,6.67,0.02,130,86710,买盘
13,14:55:42,6.65,-0.01,5,3325,卖盘
14,14:55:36,6.66,--,25,16650,卖盘
15,14:55:30,6.66,-0.01,61,40626,卖盘
16,14:55:27,6.67,0.01,142,94714,买盘
17,14:55:24,6.66,-0.01,3,1998,卖盘
18,14:55:12,6.67,--,27,18009,买盘
19,14:55:09,6.67,0.01,26,17342,买盘
20,14:55:00,6.66,--,307,204462,卖盘
21,14:54:57,6.66,--,10,6660,卖盘
22,14:54:54,6.66,--,20,13320,卖盘
23,14:54:45,6.66,--,10,6660,卖盘
24,14:54:42,6.66,--,1,666,卖盘
25,14:54:36,6.66,0.02,67,44622,买盘
26,14:54:27,6.64,-0.01,27,17928,卖盘
27,14:54:21,6.65,--,50,33250,卖盘
28,14:54:18,6.65,-0.01,5,3325,卖盘
29,14:54:12,6.66,--,33,21978,卖盘
30,14:54:09,6.66,0.01,67,44622,买盘
31,14:54:03,6.65,--,43,28595,卖盘
32,14:53:57,6.65,--,27,17955,卖盘
33,14:53:54,6.65,-0.01,3,1995,卖盘
34,14:53:51,6.66,--,14,9324,卖盘
35,14:53:42,6.66,--,41,27306,卖盘
36,14:53:39,6.66,--,30,19980,卖盘
37,14:53:30,6.66,--,41,27306,卖盘
38,14:53:21,6.66,-0.01,50,33300,卖盘
39,14:53:15,6.67,0.01,107,71369,买盘
40,14:53:12,6.66,--,15,9990,卖盘
41,14:53:03,6.66,0.01,35,23310,买盘
42,14:53:00,6.65,-0.01,69,45885,卖盘
43,14:52:57,6.66,0.01,21,13986,买盘
44,14:52:54,6.65,-0.01,59,39235,卖盘
45,14:52:42,6.66,--,109,72594,卖盘
46,14:52:27,6.66,--,20,13320,卖盘
47,14:52:24,6.66,--,21,13986,卖盘
48,14:52:03,6.66,--,3,1998,卖盘
49,14:51:54,6.66,--,46,30636,卖盘
50,14:51:48,6.66,-0.01,60,39960,卖盘
51,14:51:42,6.67,0.01,30,20010,买盘
52,14:51:39,6.66,--,200,133200,卖盘
53,14:51:36,6.66,-0.01,10,6660,卖盘
54,14:51:27,6.67,--,50,33350,买盘
55,14:51:21,6.67,0.01,80,53360,买盘
56,14:51:15,6.66,--,10,6660,卖盘
57,14:51:00,6.66,--,80,53280,卖盘
58,14:50:57,6.66,-0.01,16,10656,卖盘
59,14:50:51,6.67,--,18,12006,买盘
60,14:50:45,6.67,0.01,25,16675,买盘
61,14:50:39,6.66,--,27,17982,卖盘
62,14:50:36,6.66,-0.01,7,4662,卖盘
63,14:50:33,6.67,--,55,36685,买盘
64,14:50:30,6.67,--,1,667,买盘
65,14:50:21,6.67,0.01,6,4002,买盘
66,14:49:57,6.66,-0.01,21,13986,卖盘
67,14:49:48,6.67,--,5,3335,买盘
68,14:49:45,6.67,--,10,6670,买盘
69,14:49:42,6.67,--,9,6003,买盘
70,14:49:39,6.67,--,3,2001,买盘
71,14:49:33,6.67,0.01,64,42688,买盘
72,14:49:30,6.66,--,73,48618,卖盘
73,14:49:21,6.66,-0.01,24,15984,卖盘
74,14:49:18,6.67,0.01,200,133400,买盘
75,14:48:54,6.66,0.01,343,228438,买盘
76,14:48:48,6.65,--,36,23940,卖盘
77,14:48:42,6.65,-0.01,69,45885,卖盘
78,14:48:39,6.66,0.01,9,5994,买盘
79,14:48:33,6.65,--,10,6650,卖盘
80,14:48:21,6.65,--,25,16625,卖盘
81,14:48:18,6.65,-0.01,50,33250,卖盘
82,14:48:12,6.66,0.01,11,7326,买盘
83,14:48:06,6.65,-0.01,72,47880,卖盘
84,14:48:03,6.66,0.01,5,3330,买盘
85,14:48:00,6.65,--,33,21945,卖盘
86,14:47:51,6.65,--,73,48545,卖盘
87,14:47:48,6.65,--,10,6650,卖盘
88,14:47:45,6.65,--,10,6650,卖盘
89,14:47:39,6.65,0.01,298,198303,买盘
90,14:47:36,6.64,--,58,38512,买盘
91,14:47:33,6.64,0.01,10,6640,中性盘
92,14:47:27,6.63,--,57,37791,卖盘
93,14:47:24,6.63,-0.01,67,44421,卖盘
94,14:47:15,6.64,--,31,20584,卖盘
95,14:47:12,6.64,--,1,664,卖盘
96,14:47:03,6.64,--,7,4648,买盘
97,14:47:00,6.64,--,200,132800,买盘
98,14:46:57,6.64,0.01,9,5976,买盘
99,14:46:51,6.63,-0.01,40,26520,卖盘
100,14:46:42,6.64,--,178,118192,卖盘
101,14:46:27,6.64,--,30,19920,卖盘
102,14:46:21,6.64,0.01,17,11288,买盘
103,14:46:18,6.63,-0.01,18,11934,卖盘
104,14:46:09,6.64,--,5,3320,买盘
105,14:46:06,6.64,0.01,9,5976,买盘
106,14:46:03,6.63,--,1,663,卖盘
107,14:45:54,6.63,--,2,1326,卖盘
108,14:45:48,6.63,0.01,27,17901,买盘
109,14:45:39,6.62,-0.02,98,64876,卖盘
110,14:45:36,6.64,-0.01,30,19920,中性盘
111,14:45:27,6.65,--,211,140315,买盘
112,14:45:03,6.65,0.01,432,287812,买盘
113,14:45:00,6.64,--,23,15272,卖盘
114,14:44:54,6.64,-0.01,20,13280,卖盘
115,14:44:42,6.65,0.01,40,26600,买盘
116,14:44:39,6.64,-0.01,34,22576,卖盘
117,14:44:33,6.65,-0.01,110,73150,卖盘
118,14:44:27,6.66,0.01,3,1998,买盘
119,14:44:24,6.65,--,102,67830,买盘
120,14:44:21,6.65,--,119,79135,卖盘
121,14:44:12,6.65,--,32,21280,卖盘
122,14:44:03,6.65,--,7,4655,买盘
123,14:44:00,6.65,--,93,61845,卖盘
124,14:43:48,6.65,--,120,79800,卖盘
125,14:43:45,6.65,--,10,6650,卖盘
126,14:43:36,6.65,-0.01,46,30590,卖盘
127,14:43:33,6.66,--,10,6660,买盘
128,14:43:30,6.66,--,80,53280,买盘
129,14:43:27,6.66,0.01,13,8658,买盘
130,14:43:24,6.65,--,5,3325,卖盘
131,14:43:21,6.65,-0.01,66,43890,卖盘
132,14:43:09,6.66,0.01,15,9990,买盘
133,14:43:03,6.65,-0.01,12,7980,卖盘
134,14:43:00,6.66,0.01,18,11988,买盘
135,14:42:57,6.65,--,10,6650,卖盘
136,14:42:48,6.65,-0.01,100,66500,卖盘
137,14:42:39,6.66,0.01,11,7326,买盘
138,14:42:33,6.65,-0.01,2,1330,卖盘
139,14:42:27,6.66,0.01,2,1332,买盘
140,14:42:21,6.65,--,28,18620,卖盘
141,14:42:15,6.65,-0.01,5,3325,卖盘
142,14:42:09,6.66,0.01,117,77922,买盘
143,14:41:57,6.65,--,10,6650,卖盘
144,14:41:45,6.65,0.01,101,67165,买盘
145,14:41:39,6.64,-0.01,14,9296,卖盘
146,14:41:27,6.65,--,29,19285,买盘
147,14:41:24,6.65,0.01,6,3990,买盘
148,14:41:21,6.64,--,300,199200,卖盘
149,14:41:12,6.64,--,2,1328,卖盘
150,14:41:03,6.64,0.01,61,40636,买盘
151,14:41:00,6.63,-0.01,20,13260,卖盘
152,14:40:57,6.64,-0.01,38,25763,卖盘
153,14:40:48,6.65,--,20,13300,买盘
154,14:40:42,6.65,--,204,135660,卖盘
155,14:40:39,6.65,--,88,58520,卖盘
156,14:40:32,6.65,--,6,3990,卖盘
157,14:40:26,6.65,--,12,7980,卖盘
158,14:40:23,6.65,--,7,4655,卖盘
159,14:40:20,6.65,--,5,3325,卖盘
160,14:40:17,6.65,-0.01,119,79135,卖盘
161,14:40:14,6.66,-0.01,5,3330,卖盘
162,14:40:08,6.67,--,14,9338,卖盘
163,14:40:05,6.67,--,50,33350,卖盘
164,14:39:47,6.67,-0.01,1,667,卖盘
165,14:39:44,6.68,--,45,30060,卖盘
166,14:39:35,6.68,--,45,30060,卖盘
167,14:39:23,6.68,--,44,29392,卖盘
168,14:39:17,6.68,--,10,6680,卖盘
169,14:39:14,6.68,--,50,33400,卖盘
170,14:39:08,6.68,-0.01,8,5344,卖盘
171,14:39:02,6.69,0.01,4,2676,买盘
172,14:38:59,6.68,-0.01,5,3340,卖盘
173,14:38:56,6.69,0.01,103,68907,买盘
174,14:38:53,6.68,--,1,668,卖盘
175,14:38:50,6.68,--,20,13360,卖盘
176,14:38:41,6.68,--,11,7348,卖盘
177,14:38:38,6.68,-0.01,10,6680,卖盘
178,14:38:29,6.69,0.01,33,22077,买盘
179,14:38:20,6.68,-0.01,10,6680,卖盘
180,14:38:17,6.69,0.01,1,669,买盘
181,14:38:14,6.68,--,76,50768,买盘
182,14:38:02,6.68,0.01,44,29392,中性盘
183,14:37:35,6.67,-0.01,178,118726,卖盘
184,14:37:20,6.68,-0.02,322,215096,卖盘
185,14:37:17,6.7,0.02,2,1340,买盘
186,14:37:14,6.68,--,2,1336,卖盘
187,14:37:11,6.68,-0.02,1,668,卖盘
188,14:37:05,6.7,0.01,300,201000,买盘
189,14:37:02,6.69,0.01,6,4014,买盘
190,14:36:59,6.68,--,51,34068,卖盘
191,14:36:29,6.68,--,112,74816,买盘
192,14:36:20,6.68,--,72,48096,买盘
193,14:36:05,6.68,--,27,18036,买盘
194,14:36:02,6.68,--,1,668,买盘
195,14:35:59,6.68,--,19,12692,买盘
196,14:35:53,6.68,--,8,5344,买盘
197,14:35:41,6.68,0.01,85,56780,买盘
198,14:35:38,6.67,--,112,74704,卖盘
199,14:35:32,6.67,--,4,2668,卖盘
200,14:35:17,6.67,--,4,2668,卖盘
201,14:35:08,6.67,--,1,667,卖盘
202,14:35:02,6.67,--,5,3335,买盘
203,14:34:59,6.67,--,3,2001,买盘
204,14:34:56,6.67,0.01,178,118726,买盘
205,14:34:53,6.66,-0.01,21,13986,卖盘
206,14:34:47,6.67,-0.01,70,46690,卖盘
207,14:34:38,6.68,--,12,8016,卖盘
208,14:34:29,6.68,--,118,78824,卖盘
209,14:34:14,6.68,-0.01,57,38076,卖盘
210,14:34:11,6.69,--,5,3345,买盘
211,14:33:53,6.69,--,249,166581,卖盘
212,14:33:47,6.69,--,20,13380,卖盘
213,14:33:38,6.69,0.01,31,20739,买盘
214,14:33:35,6.68,-0.01,13,8684,卖盘
215,14:33:17,6.69,-0.01,33,22077,卖盘
216,14:33:05,6.7,--,40,26800,买盘
217,14:32:59,6.7,--,107,72085,卖盘
218,14:32:53,6.7,-0.01,200,134000,卖盘
219,14:32:47,6.71,--,2,1342,买盘
220,14:32:38,6.71,--,44,29524,买盘
221,14:32:26,6.71,0.01,10,6710,买盘
222,14:32:20,6.7,--,3,2010,卖盘
223,14:32:14,6.7,-0.01,250,167500,卖盘
224,14:32:11,6.71,--,73,48983,卖盘
225,14:32:05,6.71,-0.01,104,69784,卖盘
226,14:31:50,6.72,--,18,12096,卖盘
227,14:31:47,6.72,-0.01,12,8064,卖盘
228,14:31:38,6.73,--,16,10768,买盘
229,14:31:35,6.73,0.01,12,8076,买盘
230,14:31:32,6.72,-0.01,40,26880,卖盘
231,14:31:26,6.73,--,40,26920,买盘
232,14:31:23,6.73,--,31,20863,买盘
233,14:31:14,6.73,-0.01,54,36342,卖盘
234,14:31:08,6.74,0.01,40,26960,买盘
235,14:31:05,6.73,--,2,1346,卖盘
236,14:31:02,6.73,-0.01,15,10095,卖盘
237,14:30:59,6.74,0.01,66,44484,买盘
238,14:30:53,6.73,0.02,5,3365,中性盘
239,14:30:50,6.71,-0.02,201,134871,卖盘
240,14:30:44,6.73,--,23,15479,买盘
241,14:30:38,6.73,0.02,15,10095,买盘
242,14:30:35,6.71,-0.03,13,8723,卖盘
243,14:30:26,6.74,--,30,20220,买盘
244,14:30:23,6.74,--,10,6740,买盘
245,14:30:20,6.74,-0.01,20,13480,中性盘
246,14:30:14,6.75,--,134,90450,买盘
247,14:30:11,6.75,--,893,602775,买盘
248,14:30:05,6.75,-0.01,5,3375,卖盘
249,14:30:02,6.76,--,16,10816,买盘
250,14:29:59,6.76,--,42,28392,买盘
251,14:29:56,6.76,-0.01,349,235924,买盘
252,14:29:50,6.77,0.02,105,71085,买盘
253,14:29:47,6.75,-0.02,20,13500,卖盘
254,14:29:44,6.77,--,184,124567,卖盘
255,14:29:41,6.77,0.02,327,221379,买盘
256,14:29:35,6.75,-0.02,5,3375,卖盘
257,14:29:29,6.77,0.03,638,431926,买盘
258,14:29:26,6.74,-0.01,143,96382,卖盘
259,14:29:20,6.75,--,130,87750,买盘
260,14:29:17,6.75,--,606,409050,买盘
261,14:29:11,6.75,0.01,22,14850,买盘
262,14:29:08,6.74,0.02,101,68074,买盘
263,14:29:02,6.72,-0.01,350,235200,卖盘
264,14:28:59,6.73,0.01,128,86144,买盘
265,14:28:53,6.72,--,54,36288,买盘
266,14:28:50,6.72,0.01,27,18144,买盘
267,14:28:47,6.71,-0.01,9,6039,卖盘
268,14:28:44,6.72,0.01,55,36960,买盘
269,14:28:38,6.71,0.01,151,101321,买盘
270,14:28:26,6.7,--,669,448504,买盘
271,14:28:20,6.7,0.01,289,193630,买盘
272,14:28:17,6.69,-0.01,30,20070,卖盘
273,14:28:11,6.7,--,119,79730,买盘
274,14:28:05,6.7,--,86,57620,买盘
275,14:28:02,6.7,--,300,201000,买盘
276,14:27:59,6.7,--,79,52930,买盘
277,14:27:44,6.7,0.01,367,245890,买盘
278,14:27:38,6.69,--,307,205383,买盘
279,14:27:29,6.69,--,370,247530,买盘
280,14:27:20,6.69,0.01,5,3345,买盘
281,14:27:17,6.68,-0.01,10,6680,卖盘
282,14:27:14,6.69,--,1,669,买盘
283,14:27:08,6.69,--,230,153870,买盘
284,14:27:02,6.69,0.01,150,100350,买盘
285,14:26:59,6.68,-0.01,60,40080,卖盘
286,14:26:56,6.69,0.01,60,40140,买盘
287,14:26:53,6.68,--,10,6680,卖盘
288,14:26:44,6.68,--,39,26332,买盘
289,14:26:38,6.68,--,2,1336,买盘
290,14:26:32,6.68,--,9,6012,买盘
291,14:26:29,6.68,--,30,20040,买盘
292,14:26:20,6.68,--,15,10020,买盘
293,14:26:11,6.68,--,730,487640,买盘
294,14:26:05,6.68,0.01,201,134268,买盘
295,14:25:41,6.67,--,26,17342,卖盘
296,14:25:35,6.67,--,52,34684,卖盘
297,14:25:32,6.67,-0.01,103,68701,卖盘
298,14:25:23,6.68,0.01,49,32732,买盘
299,14:25:14,6.67,-0.01,12,8004,卖盘
300,14:25:11,6.68,0.01,300,200400,买盘
301,14:25:08,6.67,-0.01,6,4002,卖盘
302,14:24:59,6.68,0.01,64,42752,买盘
303,14:24:56,6.67,-0.01,12,8004,卖盘
304,14:24:53,6.68,0.01,9,6012,买盘
305,14:24:50,6.67,--,100,66700,卖盘
306,14:24:35,6.67,--,5,3335,卖盘
307,14:24:32,6.67,-0.01,5,3335,买盘
308,14:24:29,6.68,0.01,47,31396,买盘
309,14:24:14,6.67,--,134,89378,卖盘
310,14:23:44,6.67,--,4,2668,卖盘
311,14:23:41,6.67,-0.01,5,3335,卖盘
312,14:23:29,6.68,--,6,4008,买盘
313,14:23:20,6.68,0.02,50,33400,买盘
314,14:23:05,6.66,--,90,59940,卖盘
315,14:22:59,6.66,--,20,13320,卖盘
316,14:22:53,6.66,-0.01,50,33300,卖盘
317,14:22:32,6.67,-0.01,18,12006,卖盘
318,14:22:05,6.68,--,64,42752,买盘
319,14:21:44,6.68,0.01,26,17368,买盘
320,14:21:29,6.67,--,4,2668,卖盘
321,14:21:20,6.67,--,6,4002,买盘
322,14:21:17,6.67,0.01,77,51359,买盘
323,14:21:04,6.66,--,3,1998,卖盘
324,14:20:52,6.66,-0.01,14,9324,卖盘
325,14:20:46,6.67,0.01,14,9338,买盘
326,14:20:16,6.66,--,32,21312,卖盘
327,14:19:31,6.66,0.01,43,28638,买盘
328,14:19:28,6.65,--,220,146300,买盘
329,14:19:13,6.65,-0.01,143,95095,卖盘
330,14:19:07,6.66,--,33,21978,卖盘
331,14:19:01,6.66,0.01,80,53280,买盘
332,14:18:49,6.65,-0.01,1,665,卖盘
333,14:18:46,6.66,0.01,20,13320,中性盘
334,14:18:40,6.65,-0.01,120,79800,卖盘
335,14:18:37,6.66,--,5,3330,买盘
336,14:18:31,6.66,0.01,5,3330,买盘
337,14:18:10,6.65,--,1,665,买盘
338,14:18:07,6.65,0.01,1,665,买盘
339,14:18:04,6.64,-0.01,10,6640,卖盘
340,14:17:46,6.65,0.01,8,5320,中性盘
341,14:17:10,6.64,--,30,19920,卖盘
342,14:16:58,6.64,-0.04,53,35192,卖盘
343,14:16:55,6.68,0.03,10,6680,买盘
344,14:16:31,6.65,-0.03,210,139650,卖盘
345,14:16:13,6.68,0.01,148,98864,买盘
346,14:16:10,6.67,--,1,667,买盘
347,14:16:07,6.67,0.01,193,128731,买盘
348,14:16:04,6.66,-0.01,20,13320,中性盘
349,14:15:58,6.67,0.02,29,19343,买盘
350,14:15:55,6.65,-0.01,320,212800,卖盘
351,14:15:40,6.66,-0.01,104,69264,卖盘
352,14:15:31,6.67,0.01,9,6003,买盘
353,14:15:13,6.66,-0.01,6,3996,卖盘
354,14:14:55,6.67,0.01,9,6003,买盘
355,14:14:52,6.66,-0.01,18,11988,中性盘
356,14:13:37,6.67,0.03,1,667,买盘
357,14:12:55,6.64,-0.03,21,13944,卖盘
358,14:12:52,6.67,0.03,3,2001,买盘
359,14:12:43,6.64,-0.02,80,53120,卖盘
360,14:12:19,6.66,--,5,3330,卖盘
361,14:12:04,6.66,--,110,73260,卖盘
362,14:11:55,6.66,--,30,19980,卖盘
363,14:11:43,6.66,--,7,4662,买盘
364,14:11:37,6.66,-0.01,3,1998,中性盘
365,14:11:34,6.67,0.01,18,12006,买盘
366,14:11:28,6.66,--,74,49284,买盘
367,14:11:19,6.66,0.01,9,5994,买盘
368,14:11:16,6.65,-0.01,75,49875,卖盘
369,14:11:10,6.66,--,20,13320,卖盘
370,14:11:04,6.66,--,104,69264,买盘
371,14:10:55,6.66,0.01,74,49284,买盘
372,14:10:46,6.65,--,125,83125,买盘
373,14:10:37,6.65,0.01,73,48545,买盘
374,14:10:34,6.64,-0.01,100,66400,卖盘
375,14:10:31,6.65,--,13,8645,买盘
376,14:10:28,6.65,--,73,48545,买盘
377,14:10:25,6.65,--,72,47880,买盘
378,14:10:22,6.65,--,38,25270,买盘
379,14:10:16,6.65,--,9,5985,买盘
380,14:10:13,6.65,--,159,105735,卖盘
381,14:10:04,6.65,0.01,8,5320,中性盘
382,14:09:58,6.64,-0.02,448,297472,卖盘
383,14:09:46,6.66,--,1,666,买盘
384,14:09:40,6.66,--,17,11322,买盘
385,14:09:37,6.66,--,3,1998,买盘
386,14:09:31,6.66,-0.01,55,36630,卖盘
387,14:09:25,6.67,--,14,9338,买盘
388,14:09:22,6.67,--,2,1334,买盘
389,14:09:19,6.67,-0.01,80,53360,买盘
390,14:09:16,6.68,0.03,4,2672,买盘
391,14:09:10,6.65,-0.03,40,26600,卖盘
392,14:09:07,6.68,0.04,51,34068,买盘
393,14:08:58,6.64,-0.03,10,6640,卖盘
394,14:08:52,6.67,--,123,82041,买盘
395,14:08:49,6.67,--,1,667,买盘
396,14:08:43,6.67,0.02,10,6670,买盘
397,14:08:40,6.65,-0.03,340,226100,卖盘
398,14:08:34,6.68,0.01,34,22712,买盘
399,14:08:28,6.67,0.01,15,10005,买盘
400,14:08:22,6.66,-0.01,96,63936,卖盘
401,14:08:19,6.67,--,51,34017,买盘
402,14:08:13,6.67,--,19,12673,买盘
403,14:08:10,6.67,--,2,1334,卖盘
404,14:08:07,6.67,-0.01,150,100050,卖盘
405,14:08:04,6.68,--,48,32064,买盘
406,14:07:58,6.68,--,16,10688,买盘
407,14:07:55,6.68,--,103,68804,卖盘
408,14:07:49,6.68,--,21,14028,卖盘
409,14:07:46,6.68,--,16,10688,买盘
410,14:07:43,6.68,-0.01,7,4676,卖盘
411,14:07:40,6.69,--,5,3345,买盘
412,14:07:31,6.69,0.01,6,4014,买盘
413,14:07:28,6.68,-0.01,10,6680,卖盘
414,14:07:22,6.69,0.01,11,7359,买盘
415,14:07:19,6.68,-0.01,10,6680,卖盘
416,14:07:16,6.69,0.01,17,11373,买盘
417,14:07:13,6.68,--,10,6680,卖盘
418,14:07:10,6.68,-0.01,5,3340,卖盘
419,14:07:07,6.69,0.01,6,4014,买盘
420,14:07:04,6.68,--,10,6680,卖盘
421,14:07:01,6.68,--,43,28724,卖盘
422,14:06:55,6.68,--,20,13360,卖盘
423,14:06:52,6.68,-0.01,80,53440,卖盘
424,14:06:46,6.69,--,12,8028,买盘
425,14:06:37,6.69,--,39,26091,买盘
426,14:06:25,6.69,0.01,80,53520,买盘
427,14:06:19,6.68,-0.01,268,179024,卖盘
428,14:06:16,6.69,--,22,14718,买盘
429,14:06:10,6.69,--,26,17394,买盘
430,14:06:07,6.69,--,79,52851,买盘
431,14:06:01,6.69,--,38,25422,买盘
432,14:05:58,6.69,--,49,32781,买盘
433,14:05:55,6.69,--,6,4014,买盘
434,14:05:49,6.69,0.01,20,13380,买盘
435,14:05:46,6.68,--,15,10020,卖盘
436,14:05:43,6.68,-0.01,5,3340,卖盘
437,14:05:40,6.69,0.01,54,36126,买盘
438,14:05:37,6.68,-0.01,5,3340,卖盘
439,14:05:34,6.69,--,5,3345,买盘
440,14:05:28,6.69,--,5,3345,买盘
441,14:05:25,6.69,--,6,4014,买盘
442,14:05:16,6.69,0.01,19,12711,买盘
443,14:05:13,6.68,-0.01,20,13360,卖盘
444,14:05:07,6.69,0.01,33,22077,买盘
445,14:05:01,6.68,-0.01,123,82164,卖盘
446,14:04:52,6.69,--,15,10035,买盘
447,14:04:43,6.69,--,5,3345,买盘
448,14:04:37,6.69,0.01,13,8697,买盘
449,14:04:34,6.68,-0.01,5,3340,卖盘
450,14:04:22,6.69,--,44,29436,买盘
451,14:04:13,6.69,0.01,16,10704,买盘
452,14:04:07,6.68,-0.01,10,6680,卖盘
453,14:04:04,6.69,--,122,81618,买盘
454,14:04:01,6.69,--,47,31443,买盘
455,14:03:58,6.69,0.01,118,78942,买盘
456,14:03:49,6.68,-0.01,10,6680,卖盘
457,14:03:46,6.69,--,373,249537,买盘
458,14:03:40,6.69,0.01,6,4014,买盘
459,14:03:37,6.68,--,20,13360,卖盘
460,14:03:34,6.68,--,183,122244,买盘
461,14:03:31,6.68,--,23,15364,买盘
462,14:03:25,6.68,0.01,18,12024,买盘
463,14:03:19,6.67,-0.01,10,6670,卖盘
464,14:03:16,6.68,--,43,28724,买盘
465,14:03:10,6.68,--,59,39412,卖盘
466,14:03:07,6.68,-0.01,64,42752,卖盘
467,14:03:04,6.69,--,23,15387,买盘
468,14:02:58,6.69,--,49,32781,买盘
469,14:02:55,6.69,--,100,66900,买盘
470,14:02:52,6.69,0.01,33,22077,买盘
471,14:02:49,6.68,-0.01,7,4802,卖盘
472,14:02:46,6.69,--,9,6021,买盘
473,14:02:43,6.69,--,81,54189,买盘
474,14:02:40,6.69,--,110,73590,买盘
475,14:02:34,6.69,0.01,27,18063,买盘
476,14:02:31,6.68,--,11,7348,卖盘
477,14:02:28,6.68,--,70,46760,卖盘
478,14:02:22,6.68,--,18,12565,买盘
479,14:02:19,6.68,--,225,150300,买盘
480,14:02:13,6.68,--,163,108884,买盘
481,14:02:10,6.68,--,115,76820,买盘
482,14:01:58,6.68,0.01,500,334000,买盘
483,14:01:46,6.67,0.01,1729,1153243,买盘
484,14:01:37,6.66,--,6,3996,买盘
485,14:01:31,6.66,0.01,10,6660,买盘
486,14:01:28,6.65,--,10,6650,卖盘
487,14:01:21,6.65,-0.01,10,6650,卖盘
488,14:01:18,6.66,--,4,2664,买盘
489,14:01:15,6.66,--,17,11322,买盘
490,14:01:09,6.66,0.01,41,27306,买盘
491,14:01:03,6.65,-0.01,8,5320,卖盘
492,14:01:00,6.66,0.01,8,5328,买盘
493,14:00:51,6.65,0.01,136,90573,买盘
494,14:00:45,6.64,-0.01,17,11288,卖盘
495,14:00:33,6.65,0.01,24,15960,买盘
496,14:00:27,6.64,-0.01,2,1328,卖盘
497,14:00:24,6.65,--,4,2660,买盘
498,14:00:21,6.65,--,2,1330,买盘
499,14:00:15,6.65,--,13,8645,买盘
500,14:00:09,6.65,0.01,6,3990,买盘
501,14:00:00,6.64,-0.01,20,13280,卖盘
502,13:59:45,6.65,0.01,9,5985,买盘
503,13:59:18,6.64,--,310,205840,卖盘
504,13:59:03,6.64,--,10,6640,卖盘
505,13:59:00,6.64,--,5,3320,卖盘
506,13:58:51,6.64,--,3,1992,卖盘
507,13:58:30,6.64,--,47,31526,买盘
508,13:58:06,6.64,--,17,11288,卖盘
509,13:58:00,6.64,--,10,6640,卖盘
510,13:57:45,6.64,-0.01,34,22576,卖盘
511,13:57:24,6.65,--,124,82992,卖盘
512,13:57:15,6.65,--,20,13300,卖盘
513,13:57:12,6.65,--,19,12635,卖盘
514,13:57:09,6.65,0.01,42,28063,买盘
515,13:57:06,6.64,-0.01,75,49800,卖盘
516,13:56:57,6.65,--,12,7980,买盘
517,13:56:42,6.65,--,40,27132,卖盘
518,13:56:30,6.65,--,5,3458,买盘
519,13:56:27,6.65,--,40,26600,买盘
520,13:56:12,6.65,--,30,19950,买盘
521,13:56:03,6.65,--,9,5985,买盘
522,13:56:00,6.65,0.01,500,332500,买盘
523,13:55:57,6.64,-0.01,41,27224,卖盘
524,13:55:36,6.65,--,166,110390,买盘
525,13:55:27,6.65,0.01,318,211470,买盘
526,13:55:12,6.64,-0.01,53,35192,买盘
527,13:55:03,6.65,0.02,63,41895,买盘
528,13:54:57,6.63,--,5,3315,卖盘
529,13:54:42,6.63,-0.02,13,8619,卖盘
530,13:54:30,6.65,0.02,10,6650,买盘
531,13:54:09,6.63,--,21,13923,卖盘
532,13:54:00,6.63,-0.02,10,6630,卖盘
533,13:53:57,6.65,0.01,19,12635,买盘
534,13:53:30,6.64,0.02,3,1992,买盘
535,13:53:03,6.62,-0.02,3,1986,卖盘
536,13:53:00,6.64,--,5,3320,买盘
537,13:52:57,6.64,0.02,18,11952,买盘
538,13:52:51,6.62,-0.02,80,52960,卖盘
539,13:52:45,6.64,--,30,19920,买盘
540,13:52:36,6.64,--,13,8632,买盘
541,13:52:18,6.64,--,8,5843,卖盘
542,13:52:15,6.64,-0.01,2,1328,卖盘
543,13:52:09,6.65,0.01,59,39235,买盘
544,13:52:00,6.64,-0.01,1,796,卖盘
545,13:51:57,6.65,0.01,7,4655,买盘
546,13:51:48,6.64,-0.01,50,33200,卖盘
547,13:51:39,6.65,--,166,110390,买盘
548,13:51:27,6.65,--,9,5985,买盘
549,13:51:24,6.65,--,32,21280,买盘
550,13:51:15,6.65,--,11,7315,买盘
551,13:51:09,6.65,0.01,13,8645,买盘
552,13:51:06,6.64,-0.01,50,33200,卖盘
553,13:51:03,6.65,--,2,1330,买盘
554,13:51:00,6.65,0.01,9,5985,买盘
555,13:50:57,6.64,-0.01,10,6640,卖盘
556,13:50:54,6.65,0.01,18,11970,买盘
557,13:50:48,6.64,-0.01,24,15936,卖盘
558,13:50:45,6.65,--,18,11970,买盘
559,13:50:39,6.65,0.01,9,5985,买盘
560,13:50:30,6.64,--,3,1992,买盘
561,13:50:18,6.64,0.01,13,8632,买盘
562,13:50:12,6.63,-0.01,5,3315,中性盘
563,13:50:06,6.64,0.01,10,6640,买盘
564,13:49:57,6.63,--,28,18564,买盘
565,13:49:48,6.63,--,19,12597,买盘
566,13:49:45,6.63,-0.01,132,87516,卖盘
567,13:49:33,6.64,--,3,1992,买盘
568,13:49:24,6.64,-0.01,12,7968,卖盘
569,13:49:21,6.65,--,22,14630,买盘
570,13:49:12,6.65,--,3,1995,买盘
571,13:49:00,6.65,-0.01,77,51205,卖盘
572,13:48:57,6.66,--,20,13320,买盘
573,13:48:33,6.66,--,3,1998,买盘
574,13:48:27,6.66,--,20,13320,买盘
575,13:48:21,6.66,--,6,3996,卖盘
576,13:48:15,6.66,0.01,50,33300,买盘
577,13:48:09,6.65,-0.02,2,1330,卖盘
578,13:48:06,6.67,0.01,219,146073,买盘
579,13:47:51,6.66,-0.01,552,367632,卖盘
580,13:47:42,6.67,0.01,10,6670,买盘
581,13:47:36,6.66,-0.01,45,29970,卖盘
582,13:47:30,6.67,--,45,30015,买盘
583,13:47:27,6.67,--,10,6670,买盘
584,13:47:15,6.67,0.01,3,2001,买盘
585,13:47:09,6.66,--,157,104562,买盘
586,13:47:03,6.66,--,93,61938,买盘
587,13:46:51,6.66,-0.01,20,13320,中性盘
588,13:46:39,6.67,0.01,38,25346,买盘
589,13:46:36,6.66,--,2,1991,卖盘
590,13:46:33,6.66,-0.01,10,6660,卖盘
591,13:46:30,6.67,0.01,13,8671,买盘
592,13:46:27,6.66,--,156,103896,卖盘
593,13:46:18,6.66,-0.01,10,6660,卖盘
594,13:46:15,6.67,--,9,6003,买盘
595,13:46:12,6.67,--,772,514930,买盘
596,13:46:09,6.67,--,8,5336,买盘
597,13:46:06,6.67,0.01,10,6670,买盘
598,13:46:03,6.66,-0.01,14,9324,卖盘
599,13:45:51,6.67,0.01,83,55361,买盘
600,13:45:42,6.66,0.01,537,357642,买盘
601,13:45:39,6.65,-0.01,20,13300,卖盘
602,13:45:30,6.66,0.01,12,7992,买盘
603,13:45:27,6.65,--,42,27930,卖盘
604,13:45:21,6.65,--,50,33250,卖盘
605,13:45:15,6.65,--,76,50540,卖盘
606,13:45:06,6.65,--,401,266665,买盘
607,13:45:03,6.65,--,10,6650,买盘
608,13:44:57,6.65,--,9,5985,买盘
609,13:44:54,6.65,0.01,157,104405,买盘
610,13:44:48,6.64,--,10,6640,卖盘
611,13:44:45,6.64,-0.01,1,664,卖盘
612,13:44:39,6.65,--,9,5985,买盘
613,13:44:36,6.65,0.01,19,12635,买盘
614,13:44:33,6.64,-0.01,3,2011,卖盘
615,13:44:27,6.65,0.01,1,665,买盘
616,13:44:12,6.64,-0.01,108,71712,卖盘
617,13:44:09,6.65,0.01,1,665,买盘
618,13:43:57,6.64,0.01,108,71977,买盘
619,13:43:54,6.63,--,15,9945,卖盘
620,13:43:51,6.63,-0.01,4,2652,卖盘
621,13:43:42,6.64,--,9,5976,买盘
622,13:43:39,6.64,0.01,24,15936,买盘
623,13:43:21,6.63,--,20,13260,卖盘
624,13:43:18,6.63,--,20,13260,卖盘
625,13:43:09,6.63,0.01,55,36465,买盘
626,13:43:00,6.62,--,2,1324,卖盘
627,13:42:35,6.62,-0.01,5,3310,中性盘
628,13:41:50,6.63,-0.01,3,1989,中性盘
629,13:41:38,6.64,0.04,4,2656,买盘
630,13:41:35,6.6,-0.04,1320,871200,卖盘
631,13:41:26,6.64,--,3,1992,买盘
632,13:40:35,6.64,--,150,99600,买盘
633,13:40:17,6.64,--,9,5976,买盘
634,13:40:14,6.64,--,74,49136,买盘
635,13:39:50,6.64,--,48,31872,买盘
636,13:39:38,6.64,0.01,5,3320,买盘
637,13:39:29,6.63,-0.01,2,1326,买盘
638,13:39:20,6.64,--,4,2656,买盘
639,13:39:08,6.64,0.01,27,17928,买盘
640,13:39:05,6.63,0.01,3,1989,买盘
641,13:39:02,6.62,-0.01,54,35748,卖盘
642,13:38:59,6.63,--,3,1989,买盘
643,13:38:50,6.63,--,38,25194,买盘
644,13:38:44,6.63,--,27,17901,买盘
645,13:38:38,6.63,--,10,6630,买盘
646,13:38:14,6.63,--,6,3978,买盘
647,13:37:50,6.63,0.01,3,1989,买盘
648,13:37:26,6.62,-0.01,1,662,卖盘
649,13:37:20,6.63,0.01,3,1989,买盘
650,13:37:11,6.62,--,4,2648,卖盘
651,13:36:50,6.62,-0.01,1,662,卖盘
652,13:36:44,6.63,0.01,15,9945,买盘
653,13:36:29,6.62,-0.01,29,19198,卖盘
654,13:36:02,6.63,--,3,1989,买盘
655,13:35:50,6.63,--,1,663,卖盘
656,13:35:35,6.63,0.01,4,2652,中性盘
657,13:35:08,6.62,-0.02,16,10592,卖盘
658,13:34:50,6.64,0.02,150,99600,买盘
659,13:34:11,6.62,--,22,14564,买盘
660,13:33:59,6.62,0.01,18,11916,买盘
661,13:33:53,6.61,--,7,4627,卖盘
662,13:33:44,6.61,-0.01,148,97828,卖盘
663,13:33:29,6.62,--,1,662,卖盘
664,13:33:23,6.62,0.01,20,13240,中性盘
665,13:32:50,6.61,-0.03,40,26440,卖盘
666,13:32:44,6.64,0.01,30,19920,买盘
667,13:32:41,6.63,--,1,663,买盘
668,13:32:38,6.63,--,50,33150,买盘
669,13:32:32,6.63,-0.01,8,5304,卖盘
670,13:31:53,6.64,0.02,33,21912,买盘
671,13:31:41,6.62,-0.02,54,35748,卖盘
672,13:31:02,6.64,0.01,171,113942,买盘
673,13:30:59,6.63,--,2,1326,卖盘
674,13:30:29,6.63,-0.01,34,22542,卖盘
675,13:30:26,6.64,0.01,1,664,买盘
676,13:30:23,6.63,--,10,6630,卖盘
677,13:30:17,6.63,-0.01,18,12199,卖盘
678,13:29:56,6.64,--,5,3320,买盘
679,13:29:53,6.64,0.01,6,3984,买盘
680,13:29:47,6.63,-0.01,68,45084,卖盘
681,13:29:23,6.64,-0.01,3,1992,买盘
682,13:29:11,6.65,0.02,14,9310,买盘
683,13:29:08,6.63,-0.02,4,2652,中性盘
684,13:29:05,6.65,--,124,82460,买盘
685,13:28:35,6.65,0.01,67,44555,买盘
686,13:28:32,6.64,--,63,41832,买盘
687,13:28:23,6.64,0.03,74,49136,买盘
688,13:27:59,6.61,--,136,89896,卖盘
689,13:27:47,6.61,--,135,89235,卖盘
690,13:27:41,6.61,-0.03,20,13220,卖盘
691,13:27:26,6.64,0.03,85,56440,买盘
692,13:27:11,6.61,-0.03,2,1322,卖盘
693,13:26:59,6.64,--,74,49136,买盘
694,13:26:38,6.64,0.01,50,33200,买盘
695,13:26:32,6.63,-0.01,69,45747,卖盘
696,13:26:23,6.64,0.01,20,13280,买盘
697,13:26:17,6.63,--,1,663,卖盘
698,13:26:11,6.63,-0.01,12,7956,卖盘
699,13:25:59,6.64,--,18,11952,买盘
700,13:25:53,6.64,0.01,38,25232,买盘
701,13:25:35,6.63,--,5,3315,买盘
702,13:25:14,6.63,--,3,1989,买盘
703,13:25:05,6.63,--,34,22542,买盘
704,13:25:02,6.63,0.02,247,163761,买盘
705,13:24:56,6.61,-0.01,29,19169,中性盘
706,13:24:41,6.62,0.02,148,97976,买盘
707,13:24:38,6.6,-0.02,1,660,卖盘
708,13:23:56,6.62,0.02,6,3972,中性盘
709,13:23:44,6.6,-0.02,158,104280,卖盘
710,13:23:26,6.62,--,4,2648,卖盘
711,13:23:23,6.62,--,10,6620,卖盘
712,13:23:05,6.62,--,100,66200,卖盘
713,13:22:50,6.62,-0.01,10,6620,卖盘
714,13:22:29,6.63,--,6,3978,卖盘
715,13:22:26,6.63,--,1,663,买盘
716,13:22:17,6.63,--,10,6630,买盘
717,13:22:08,6.63,0.01,10,6630,买盘
718,13:22:05,6.62,-0.02,196,129752,卖盘
719,13:22:02,6.64,0.01,51,33864,买盘
720,13:21:34,6.63,0.01,273,181164,买盘
721,13:21:19,6.62,--,115,76130,买盘
722,13:20:58,6.62,0.01,50,33100,买盘
723,13:20:46,6.61,--,2,1322,卖盘
724,13:19:58,6.61,-0.01,50,33050,卖盘
725,13:19:49,6.62,-0.01,9,5958,买盘
726,13:19:40,6.63,--,1,663,买盘
727,13:19:16,6.63,0.02,124,82212,买盘
728,13:19:10,6.61,-0.01,80,52880,卖盘
729,13:18:58,6.62,--,54,35748,卖盘
730,13:18:52,6.62,--,75,49650,卖盘
731,13:18:46,6.62,--,50,33100,卖盘
732,13:18:40,6.62,--,1,662,卖盘
733,13:18:31,6.62,--,4,2648,卖盘
734,13:18:13,6.62,--,50,33100,卖盘
735,13:18:10,6.62,--,4,2648,卖盘
736,13:18:01,6.62,-0.01,36,23832,卖盘
737,13:17:58,6.63,--,58,38871,卖盘
738,13:17:34,6.63,--,8,5304,卖盘
739,13:17:16,6.63,--,0,245,卖盘
740,13:17:07,6.63,--,56,37128,卖盘
741,13:16:07,6.63,-0.02,20,13260,中性盘
742,13:15:55,6.65,0.02,35,23275,买盘
743,13:15:43,6.63,-0.02,20,13260,卖盘
744,13:15:07,6.65,0.02,3,1995,中性盘
745,13:14:31,6.63,-0.03,10,6630,卖盘
746,13:14:16,6.66,--,148,98568,买盘
747,13:14:01,6.66,0.01,148,98568,买盘
748,13:13:55,6.65,-0.01,2,1330,卖盘
749,13:13:52,6.66,0.01,148,98568,买盘
750,13:13:46,6.65,--,74,49210,买盘
751,13:13:31,6.65,--,4,2660,买盘
752,13:13:22,6.65,--,50,33250,买盘
753,13:13:13,6.65,--,5,3325,买盘
754,13:13:07,6.65,--,20,13300,买盘
755,13:13:04,6.65,--,10,6650,买盘
756,13:12:46,6.65,0.01,100,66500,买盘
757,13:12:43,6.64,--,175,116200,卖盘
758,13:12:34,6.64,--,26,17264,卖盘
759,13:12:31,6.64,--,20,13280,卖盘
760,13:12:28,6.64,-0.01,1,664,卖盘
761,13:12:16,6.65,0.01,248,164920,买盘
762,13:12:13,6.64,--,64,42496,买盘
763,13:12:10,6.64,--,60,39840,买盘
764,13:11:49,6.64,-0.01,19,12616,卖盘
765,13:11:46,6.65,0.05,68,45220,买盘
766,13:11:43,6.6,-0.01,575,380153,卖盘
767,13:11:40,6.61,-0.01,233,154019,卖盘
768,13:11:28,6.62,--,46,30452,卖盘
769,13:11:13,6.62,-0.03,1,662,中性盘
770,13:11:04,6.65,0.04,267,177555,买盘
771,13:10:55,6.61,--,9,5949,卖盘
772,13:10:52,6.61,-0.03,30,19830,卖盘
773,13:10:46,6.64,0.03,247,164008,买盘
774,13:10:04,6.61,--,50,33050,卖盘
775,13:09:55,6.61,-0.01,80,52880,卖盘
776,13:09:52,6.62,--,1,1317,买盘
777,13:09:31,6.62,--,22,14570,卖盘
778,13:09:25,6.62,-0.01,5,3310,卖盘
779,13:09:22,6.63,0.01,105,69615,买盘
780,13:09:19,6.62,--,8,5296,卖盘
781,13:09:16,6.62,--,0,655,卖盘
782,13:08:40,6.62,-0.01,400,264800,卖盘
783,13:08:13,6.63,-0.01,5,3315,卖盘
784,13:07:58,6.64,-0.01,2,1328,卖盘
785,13:07:43,6.65,--,3,1995,买盘
786,13:07:34,6.65,0.01,26,17290,买盘
787,13:07:31,6.64,-0.01,3,1992,卖盘
788,13:07:28,6.65,0.01,49,32585,买盘
789,13:07:04,6.64,-0.02,1,664,卖盘
790,13:06:52,6.66,0.01,469,312354,买盘
791,13:06:40,6.65,--,148,98420,买盘
792,13:06:22,6.65,0.02,38,25270,买盘
793,13:06:19,6.63,-0.02,60,39780,卖盘
794,13:06:16,6.65,--,74,49210,买盘
795,13:06:10,6.65,-0.01,5,3325,中性盘
796,13:05:58,6.66,--,38,25308,买盘
797,13:05:49,6.66,0.01,265,176490,买盘
798,13:05:37,6.65,0.02,148,98420,买盘
799,13:05:34,6.63,--,50,33150,卖盘
800,13:05:19,6.63,0.01,1,663,卖盘
801,13:05:04,6.62,--,5,3310,卖盘
802,13:05:01,6.62,-0.03,4,2648,卖盘
803,13:04:49,6.65,0.02,247,164255,买盘
804,13:04:34,6.63,--,247,163761,买盘
805,13:04:22,6.63,-0.02,96,63648,卖盘
806,13:04:19,6.65,0.02,296,196840,买盘
807,13:04:07,6.63,0.01,1,663,中性盘
808,13:03:52,6.62,-0.01,70,46340,卖盘
809,13:03:49,6.63,-0.02,20,13260,卖盘
810,13:03:46,6.65,--,74,49210,买盘
811,13:03:43,6.65,0.02,200,133000,买盘
812,13:03:40,6.63,--,16,10608,买盘
813,13:03:37,6.63,-0.02,34,22542,卖盘
814,13:03:34,6.65,0.02,30,19950,买盘
815,13:03:31,6.63,-0.02,20,13260,中性盘
816,13:03:13,6.65,0.02,148,98420,买盘
817,13:03:10,6.63,-0.02,463,306969,卖盘
818,13:03:04,6.65,0.01,100,66500,买盘
819,13:02:52,6.64,-0.01,8,5312,卖盘
820,13:02:49,6.65,--,248,164920,买盘
821,13:02:40,6.65,--,20,13300,买盘
822,13:02:37,6.65,-0.01,20,13300,卖盘
823,13:02:28,6.66,--,296,197136,买盘
824,13:02:25,6.66,0.02,210,139860,买盘
825,13:02:13,6.64,--,48,31872,卖盘
826,13:02:07,6.64,--,5,3320,卖盘
827,13:02:04,6.64,-0.02,10,6640,买盘
828,13:02:01,6.66,0.02,148,98568,买盘
829,13:01:55,6.64,--,3,1992,买盘
830,13:01:52,6.64,-0.02,4,2656,卖盘
831,13:01:49,6.66,--,124,82584,买盘
832,13:01:43,6.66,--,28,18648,买盘
833,13:01:40,6.66,--,3,1998,买盘
834,13:01:36,6.66,--,70,46620,买盘
835,13:01:33,6.66,--,78,51948,卖盘
836,13:01:27,6.66,--,164,109224,卖盘
837,13:01:24,6.66,-0.02,60,39960,卖盘
838,13:01:18,6.68,0.02,247,164996,买盘
839,13:01:06,6.66,-0.01,2,1332,中性盘
840,13:00:54,6.67,0.02,575,383525,买盘
841,13:00:51,6.65,--,26,17290,买盘
842,13:00:42,6.65,-0.02,142,94430,卖盘
843,13:00:39,6.67,0.02,670,446890,买盘
844,13:00:27,6.65,0.01,222,147630,买盘
845,13:00:24,6.64,0.02,297,197208,买盘
846,13:00:18,6.62,-0.01,3,1986,卖盘
847,13:00:12,6.63,0.01,59,39117,买盘
848,13:00:09,6.62,0.01,609,403158,买盘
849,13:00:06,6.61,--,187,123607,买盘
850,13:00:00,6.61,0.01,96,63456,买盘
851,11:30:02,6.6,--,65,42900,买盘
852,11:29:59,6.6,-0.01,5,3300,卖盘
853,11:29:56,6.61,--,31,20491,买盘
854,11:29:47,6.61,--,15,9915,买盘
855,11:29:44,6.61,0.01,40,26440,买盘
856,11:29:26,6.6,--,19,12540,卖盘
857,11:29:23,6.6,--,34,22440,买盘
858,11:29:14,6.6,0.01,124,81840,买盘
859,11:29:11,6.59,-0.01,7,4613,卖盘
860,11:29:05,6.6,--,41,27060,买盘
861,11:29:02,6.6,--,105,69300,买盘
862,11:28:56,6.6,--,64,42240,买盘
863,11:28:50,6.6,0.01,74,48840,买盘
864,11:28:47,6.59,0.01,271,178589,买盘
865,11:28:44,6.58,--,4,2632,买盘
866,11:28:41,6.58,-0.01,131,86198,卖盘
867,11:28:35,6.59,--,79,52061,买盘
868,11:28:26,6.59,-0.01,121,79739,买盘
869,11:28:11,6.6,0.02,64,42240,买盘
870,11:27:56,6.58,0.01,327,215166,买盘
871,11:27:53,6.57,0.01,18,11826,买盘
872,11:27:38,6.56,0.01,33,21648,买盘
873,11:27:35,6.55,-0.01,10,6550,卖盘
874,11:27:14,6.56,0.01,533,349648,买盘
875,11:27:11,6.55,--,101,66155,买盘
876,11:27:02,6.55,--,110,72050,买盘
877,11:26:44,6.55,--,74,48470,买盘
878,11:26:32,6.55,--,74,48470,买盘
879,11:26:29,6.55,0.01,74,48470,买盘
880,11:26:02,6.54,-0.01,8,5232,卖盘
881,11:25:53,6.55,--,100,65500,买盘
882,11:25:26,6.55,0.01,74,48470,买盘
883,11:25:20,6.54,--,5,3270,卖盘
884,11:25:14,6.54,-0.01,23,15042,卖盘
885,11:25:02,6.55,--,107,70085,买盘
886,11:24:56,6.55,--,64,41920,买盘
887,11:24:35,6.55,0.02,1,655,买盘
888,11:24:32,6.53,-0.02,8,5224,卖盘
889,11:24:08,6.55,--,207,135585,买盘
890,11:24:05,6.55,--,74,48470,买盘
891,11:24:02,6.55,--,50,32750,买盘
892,11:23:53,6.55,--,40,26200,买盘
893,11:23:10,6.55,-0.01,100,65500,中性盘
894,11:23:04,6.56,--,209,137104,买盘
895,11:23:01,6.56,--,31,20336,买盘
896,11:22:43,6.56,--,2,1312,买盘
897,11:22:22,6.56,--,50,32800,买盘
898,11:22:13,6.56,--,1,656,买盘
899,11:22:07,6.56,0.02,129,84624,买盘
900,11:22:01,6.54,-0.02,107,69978,卖盘
901,11:21:58,6.56,--,29,19024,买盘
902,11:21:46,6.56,--,138,90528,买盘
903,11:21:28,6.56,--,103,67568,买盘
904,11:21:25,6.56,0.02,18,11808,买盘
905,11:21:22,6.54,--,103,67362,卖盘
906,11:21:10,6.54,-0.02,5,3270,卖盘
907,11:21:07,6.56,0.02,74,48544,买盘
908,11:20:52,6.54,-0.02,1126,736404,卖盘
909,11:20:49,6.56,0.01,60,39360,买盘
910,11:20:40,6.55,-0.01,3,1965,卖盘
911,11:20:28,6.56,--,6,3935,买盘
912,11:20:16,6.56,--,21,13776,买盘
913,11:20:13,6.56,-0.01,50,32800,卖盘
914,11:20:07,6.57,0.01,32,21024,买盘
915,11:19:58,6.56,--,54,35424,卖盘
916,11:19:43,6.56,-0.01,200,131200,卖盘
917,11:19:34,6.57,--,5,3285,买盘
918,11:19:07,6.57,-0.01,88,57816,卖盘
919,11:18:31,6.58,--,20,13160,买盘
920,11:18:19,6.58,--,55,36190,中性盘
921,11:17:52,6.58,-0.01,923,607334,卖盘
922,11:17:37,6.59,0.01,37,24383,买盘
923,11:17:22,6.58,--,4,2632,卖盘
924,11:17:10,6.58,--,50,32900,卖盘
925,11:17:01,6.58,-0.01,4,2632,卖盘
926,11:16:58,6.59,0.01,121,79739,买盘
927,11:16:40,6.58,--,11,7238,买盘
928,11:16:37,6.58,--,22,14476,买盘
929,11:16:13,6.58,--,20,13160,买盘
930,11:16:10,6.58,--,26,17108,买盘
931,11:15:58,6.58,--,6,3948,买盘
932,11:15:46,6.58,--,10,6580,买盘
933,11:15:37,6.58,--,40,26320,买盘
934,11:15:25,6.58,--,18,11844,买盘
935,11:15:19,6.58,--,11,7238,买盘
936,11:15:13,6.58,--,18,11844,买盘
937,11:15:07,6.58,--,29,19082,买盘
938,11:14:58,6.58,0.01,29,19082,买盘
939,11:14:34,6.57,--,29,19053,买盘
940,11:14:25,6.57,--,18,11826,买盘
941,11:14:13,6.57,0.01,5,3285,买盘
942,11:14:04,6.56,--,3,1967,卖盘
943,11:13:58,6.56,-0.01,184,120704,卖盘
944,11:13:10,6.57,--,4,2628,买盘
945,11:12:58,6.57,0.01,4,2628,中性盘
946,11:12:31,6.56,--,3,1967,卖盘
947,11:12:19,6.56,-0.02,3,1967,卖盘
948,11:12:13,6.58,0.02,5,3290,买盘
949,11:12:10,6.56,-0.02,3,1967,卖盘
950,11:11:55,6.58,--,4,2632,买盘
951,11:11:46,6.58,0.01,10,6580,买盘
952,11:11:43,6.57,--,33,21681,卖盘
953,11:11:28,6.57,--,50,32850,卖盘
954,11:11:25,6.57,--,6,3942,卖盘
955,11:11:16,6.57,--,3,1971,卖盘
956,11:11:10,6.57,-0.01,3,1971,卖盘
957,11:11:01,6.58,--,14,9212,买盘
958,11:10:49,6.58,--,5,3290,买盘
959,11:10:40,6.58,--,39,25662,买盘
960,11:10:28,6.58,0.01,4,2632,买盘
961,11:10:19,6.57,-0.01,3,1971,卖盘
962,11:10:16,6.58,0.01,15,9870,买盘
963,11:10:07,6.57,-0.01,3,1971,卖盘
964,11:10:01,6.58,0.01,5,3290,买盘
965,11:09:58,6.57,--,3,1971,卖盘
966,11:09:55,6.57,--,6,3942,卖盘
967,11:09:49,6.57,--,3,1971,卖盘
968,11:09:43,6.57,-0.01,1,657,卖盘
969,11:09:37,6.58,0.01,4,2632,买盘
970,11:09:25,6.57,--,51,33507,买盘
971,11:09:04,6.57,--,7,4599,买盘
972,11:08:58,6.57,0.01,144,94608,买盘
973,11:08:55,6.56,-0.01,62,40672,卖盘
974,11:08:46,6.57,--,6,3942,买盘
975,11:08:43,6.57,--,3,1971,买盘
976,11:08:40,6.57,--,4,2628,买盘
977,11:08:37,6.57,--,5,3285,买盘
978,11:08:25,6.57,--,4,2628,买盘
979,11:08:13,6.57,--,113,74241,买盘
980,11:08:07,6.57,--,103,67671,买盘
981,11:08:01,6.57,--,200,131400,买盘
982,11:07:58,6.57,--,5,3285,买盘
983,11:07:52,6.57,0.01,5,3285,买盘
984,11:07:46,6.56,--,3,1967,买盘
985,11:07:40,6.56,--,285,186960,买盘
986,11:07:28,6.56,--,280,183680,买盘
987,11:07:22,6.56,--,3,1967,买盘
988,11:07:19,6.56,0.01,1,656,买盘
989,11:07:01,6.55,-0.01,100,65500,卖盘
990,11:06:49,6.56,0.01,1,656,买盘
991,11:06:40,6.55,--,3,1965,卖盘
992,11:06:25,6.55,-0.01,10,6550,卖盘
993,11:06:07,6.56,--,5,3280,买盘
994,11:05:46,6.56,0.01,8,5248,买盘
995,11:05:43,6.55,--,14,9170,卖盘
996,11:05:22,6.55,--,50,32750,卖盘
997,11:05:16,6.55,--,41,26855,卖盘
998,11:04:58,6.55,-0.01,1,655,卖盘
999,11:04:52,6.56,--,5,3280,买盘
1000,11:04:49,6.56,--,3,1967,买盘
1001,11:04:22,6.56,--,1,656,买盘
1002,11:04:13,6.56,0.01,10,6560,买盘
1003,11:04:01,6.55,-0.01,16,10480,卖盘
1004,11:03:54,6.56,--,7,4592,买盘
1005,11:03:48,6.56,--,130,85280,卖盘
1006,11:03:39,6.56,--,1,656,卖盘
1007,11:03:03,6.56,--,55,36080,买盘
1008,11:02:51,6.56,--,11,7216,卖盘
1009,11:02:48,6.56,--,5,3280,买盘
1010,11:02:45,6.56,--,3,1967,买盘
1011,11:02:36,6.56,--,4,2624,买盘
1012,11:02:30,6.56,--,3,1967,买盘
1013,11:02:09,6.56,0.01,21,13776,买盘
1014,11:01:57,6.55,-0.01,185,121175,卖盘
1015,11:01:48,6.56,--,40,26240,买盘
1016,11:01:27,6.56,--,5,3280,买盘
1017,11:01:15,6.56,--,25,16400,买盘
1018,11:01:12,6.56,--,28,18368,买盘
1019,11:01:09,6.56,--,28,18368,买盘
1020,11:01:06,6.56,-0.01,38,24928,中性盘
1021,11:00:45,6.57,--,72,47304,买盘
1022,11:00:36,6.57,0.02,10,6570,买盘
1023,11:00:27,6.55,-0.01,608,398240,卖盘
1024,11:00:18,6.56,--,191,125295,买盘
1025,11:00:03,6.56,--,9,5904,买盘
1026,10:59:51,6.56,--,19,12464,买盘
1027,10:59:45,6.56,-0.01,301,197456,卖盘
1028,10:59:36,6.57,0.01,59,38763,买盘
1029,10:59:27,6.56,-0.01,224,146944,卖盘
1030,10:59:00,6.57,0.01,13,8541,买盘
1031,10:58:57,6.56,-0.01,37,24272,卖盘
1032,10:58:45,6.57,--,1,657,买盘
1033,10:58:30,6.57,--,30,19710,买盘
1034,10:58:27,6.57,--,2,1314,买盘
1035,10:58:24,6.57,0.01,150,98550,买盘
1036,10:58:21,6.56,-0.01,1,656,卖盘
1037,10:58:15,6.57,--,10,6570,买盘
1038,10:58:06,6.57,--,40,26280,买盘
1039,10:57:51,6.57,--,1,657,买盘
1040,10:57:39,6.57,--,7,4599,卖盘
1041,10:57:33,6.57,--,8,5256,买盘
1042,10:57:24,6.57,0.01,200,131400,买盘
1043,10:57:18,6.56,-0.01,174,114144,卖盘
1044,10:57:12,6.57,0.01,16,10512,买盘
1045,10:57:03,6.56,--,8,5248,卖盘
1046,10:56:24,6.56,--,8,5248,买盘
1047,10:56:18,6.56,--,5,3280,买盘
1048,10:56:15,6.56,--,40,26240,买盘
1049,10:56:06,6.56,--,53,34768,卖盘
1050,10:55:57,6.56,-0.01,103,67568,卖盘
1051,10:55:48,6.57,-0.01,10,6570,卖盘
1052,10:55:39,6.58,--,7,4606,买盘
1053,10:55:36,6.58,0.02,214,140812,买盘
1054,10:55:33,6.56,-0.01,42,27552,卖盘
1055,10:55:21,6.57,-0.01,64,42048,卖盘
1056,10:55:18,6.58,--,18,11844,买盘
1057,10:55:09,6.58,--,30,19740,买盘
1058,10:55:00,6.58,0.01,36,23688,买盘
1059,10:54:57,6.57,0.01,30,19710,买盘
1060,10:54:48,6.56,-0.02,15,9840,卖盘
1061,10:54:39,6.58,--,3,1974,买盘
1062,10:54:36,6.58,--,18,11844,买盘
1063,10:54:21,6.58,0.04,3,1974,买盘
1064,10:53:54,6.54,-0.02,306,200124,卖盘
1065,10:53:51,6.56,0.01,606,397818,买盘
1066,10:53:45,6.55,--,26,17030,买盘
1067,10:53:39,6.55,--,15,9825,买盘
1068,10:53:30,6.55,--,15,9825,买盘
1069,10:53:21,6.55,0.01,20,13100,买盘
1070,10:53:18,6.54,--,1,654,卖盘
1071,10:53:12,6.54,--,210,137340,买盘
1072,10:53:09,6.54,--,28,18312,买盘
1073,10:52:57,6.54,--,600,392400,买盘
1074,10:52:48,6.54,--,31,20274,买盘
1075,10:52:30,6.54,--,166,108564,买盘
1076,10:52:18,6.54,0.01,3,1962,买盘
1077,10:51:57,6.53,--,89,58117,卖盘
1078,10:51:42,6.53,-0.01,15,9795,卖盘
1079,10:51:39,6.54,0.01,56,36624,买盘
1080,10:51:30,6.53,--,6,3918,卖盘
1081,10:51:15,6.53,-0.01,18,11754,中性盘
1082,10:50:54,6.54,--,1,654,卖盘
1083,10:50:33,6.54,0.01,31,20274,买盘
1084,10:50:27,6.53,--,498,325194,卖盘
1085,10:50:21,6.53,-0.01,6,3918,卖盘
1086,10:50:03,6.54,--,1,654,卖盘
1087,10:49:54,6.54,-0.01,16,10464,卖盘
1088,10:49:45,6.55,--,40,26200,买盘
1089,10:49:33,6.55,--,55,36025,买盘
1090,10:49:21,6.55,--,28,18340,卖盘
1091,10:49:18,6.55,--,14,9170,买盘
1092,10:49:15,6.55,--,63,41265,买盘
1093,10:49:09,6.55,--,47,30785,买盘
1094,10:49:06,6.55,--,5,3275,买盘
1095,10:49:00,6.55,--,123,80565,卖盘
1096,10:48:57,6.55,--,10,6550,卖盘
1097,10:48:48,6.55,0.01,70,45850,买盘
1098,10:48:45,6.54,-0.01,22,14388,卖盘
1099,10:48:42,6.55,--,98,64190,买盘
1100,10:48:36,6.55,--,10,6550,买盘
1101,10:48:30,6.55,--,7,4585,买盘
1102,10:48:27,6.55,0.01,15,9825,买盘
1103,10:48:12,6.54,-0.01,68,44472,卖盘
1104,10:48:06,6.55,0.01,50,32750,中性盘
1105,10:47:54,6.54,-0.01,148,96792,卖盘
1106,10:47:45,6.55,--,17,11135,买盘
1107,10:47:36,6.55,--,10,6550,买盘
1108,10:47:27,6.55,--,15,9825,买盘
1109,10:46:57,6.55,--,80,52400,买盘
1110,10:46:54,6.55,0.01,25,16375,买盘
1111,10:46:30,6.54,--,5,3270,卖盘
1112,10:45:39,6.54,-0.01,7,4578,卖盘
1113,10:45:15,6.55,--,20,13100,买盘
1114,10:45:12,6.55,--,5,3275,卖盘
1115,10:44:54,6.55,--,12,7860,买盘
1116,10:44:30,6.55,--,3,1965,买盘
1117,10:44:24,6.55,-0.01,40,26200,卖盘
1118,10:44:21,6.56,--,5,3280,买盘
1119,10:43:51,6.56,0.01,20,13120,买盘
1120,10:43:48,6.55,--,33,21615,买盘
1121,10:43:29,6.55,-0.01,10,6550,中性盘
1122,10:43:17,6.56,0.01,50,32800,买盘
1123,10:43:11,6.55,-0.01,63,41265,卖盘
1124,10:42:59,6.56,--,6,3935,买盘
1125,10:42:56,6.56,--,10,6560,买盘
1126,10:42:41,6.56,0.01,35,22960,买盘
1127,10:42:35,6.55,-0.01,5,3275,卖盘
1128,10:42:29,6.56,--,20,13120,买盘
1129,10:42:17,6.56,--,1,656,买盘
1130,10:42:08,6.56,--,23,15461,卖盘
1131,10:42:02,6.56,--,4,2624,卖盘
1132,10:41:53,6.56,--,10,6560,卖盘
1133,10:41:35,6.56,--,5,3280,卖盘
1134,10:41:29,6.56,--,18,12090,买盘
1135,10:41:17,6.56,0.01,29,19024,买盘
1136,10:41:11,6.55,0.01,29,18995,买盘
1137,10:41:08,6.54,-0.01,31,20274,卖盘
1138,10:41:05,6.55,0.01,110,72050,买盘
1139,10:40:53,6.54,--,26,17004,买盘
1140,10:40:44,6.54,0.02,29,18966,中性盘
1141,10:40:35,6.52,-0.01,336,219072,卖盘
1142,10:40:08,6.53,--,19,12407,卖盘
1143,10:39:56,6.53,--,174,114157,卖盘
1144,10:39:44,6.53,--,40,26120,卖盘
1145,10:39:08,6.53,-0.01,30,19590,卖盘
1146,10:39:02,6.54,--,29,18966,买盘
1147,10:38:50,6.54,-0.01,72,47088,卖盘
1148,10:38:47,6.55,--,2,1310,买盘
1149,10:38:35,6.55,--,4,2993,卖盘
1150,10:38:32,6.55,--,20,13100,卖盘
1151,10:38:20,6.55,--,5,3275,卖盘
1152,10:38:02,6.55,-0.01,15,9825,卖盘
1153,10:37:50,6.56,--,10,6560,买盘
1154,10:37:44,6.56,0.01,156,102336,中性盘
1155,10:37:35,6.55,-0.01,51,33405,卖盘
1156,10:37:29,6.56,--,10,6560,卖盘
1157,10:37:26,6.56,--,30,19680,卖盘
1158,10:37:20,6.56,--,7,4592,卖盘
1159,10:37:17,6.56,--,172,112832,买盘
1160,10:36:59,6.56,--,20,13120,买盘
1161,10:36:53,6.56,0.01,15,9840,买盘
1162,10:36:44,6.55,--,3,1965,卖盘
1163,10:36:20,6.55,-0.01,148,96940,卖盘
1164,10:36:17,6.56,0.01,6,3935,买盘
1165,10:36:14,6.55,-0.01,16,10480,卖盘
1166,10:36:02,6.56,0.01,2,1312,买盘
1167,10:35:32,6.55,--,5,3275,卖盘
1168,10:35:26,6.55,--,1,655,卖盘
1169,10:34:56,6.55,--,67,43885,卖盘
1170,10:34:50,6.55,--,0,281,卖盘
1171,10:34:14,6.55,-0.01,61,39955,卖盘
1172,10:34:11,6.56,--,15,9840,买盘
1173,10:34:08,6.56,--,9,5904,买盘
1174,10:33:56,6.56,--,5,3280,买盘
1175,10:33:41,6.56,--,2,1312,买盘
1176,10:33:26,6.56,--,1,656,买盘
1177,10:33:23,6.56,--,2,1312,买盘
1178,10:33:11,6.56,0.01,2,1312,买盘
1179,10:33:08,6.55,-0.01,1,655,卖盘
1180,10:32:56,6.56,--,123,80688,买盘
1181,10:32:47,6.56,--,10,6560,买盘
1182,10:32:38,6.56,--,10,6560,买盘
1183,10:32:35,6.56,-0.01,36,23616,卖盘
1184,10:32:29,6.57,0.01,10,6570,买盘
1185,10:32:20,6.56,-0.01,1,656,卖盘
1186,10:32:17,6.57,--,1,657,买盘
1187,10:32:05,6.57,0.01,2,1314,买盘
1188,10:32:02,6.56,--,10,6560,卖盘
1189,10:31:59,6.56,--,5,3280,卖盘
1190,10:31:53,6.56,0.01,30,19680,中性盘
1191,10:31:17,6.55,-0.01,430,281650,卖盘
1192,10:31:02,6.56,--,4,2624,卖盘
1193,10:30:53,6.56,--,15,9840,卖盘
1194,10:30:47,6.56,--,7,4592,卖盘
1195,10:30:38,6.56,0.01,127,83312,买盘
1196,10:30:29,6.55,-0.01,69,45195,卖盘
1197,10:30:11,6.56,--,11,7216,买盘
1198,10:30:08,6.56,--,13,8528,卖盘
1199,10:30:02,6.56,-0.01,5,3280,中性盘
1200,10:29:41,6.57,--,25,16425,卖盘
1201,10:29:38,6.57,0.02,5,3285,卖盘
1202,10:29:32,6.55,-0.03,800,524000,卖盘
1203,10:29:29,6.58,0.03,17,11186,买盘
1204,10:29:26,6.55,-0.03,6,3930,卖盘
1205,10:29:23,6.58,0.02,2,1316,买盘
1206,10:29:08,6.56,-0.02,1,656,中性盘
1207,10:29:02,6.58,0.03,1,658,中性盘
1208,10:28:56,6.55,-0.04,50,32750,卖盘
1209,10:28:50,6.59,0.03,100,65900,买盘
1210,10:28:41,6.56,-0.03,248,162688,卖盘
1211,10:28:38,6.59,--,45,29655,买盘
1212,10:28:35,6.59,--,2,1318,买盘
1213,10:28:26,6.59,0.03,10,6590,买盘
1214,10:28:23,6.56,-0.02,208,136448,卖盘
1215,10:28:20,6.58,--,120,78960,买盘
1216,10:28:17,6.58,-0.01,20,13160,买盘
1217,10:28:08,6.59,0.01,231,152229,中性盘
1218,10:27:23,6.58,--,1,967,买盘
1219,10:27:20,6.58,--,15,9870,买盘
1220,10:27:14,6.58,0.01,1,658,买盘
1221,10:27:02,6.57,-0.01,25,16425,卖盘
1222,10:26:56,6.58,--,8,5264,买盘
1223,10:26:53,6.58,--,3,1974,买盘
1224,10:26:50,6.58,-0.02,571,376066,卖盘
1225,10:26:38,6.6,--,3,1980,买盘
1226,10:26:32,6.6,--,300,198000,买盘
1227,10:26:29,6.6,--,5,3300,买盘
1228,10:26:05,6.6,--,10,6600,买盘
1229,10:25:53,6.6,0.01,82,54120,买盘
1230,10:25:50,6.59,--,10,6590,卖盘
1231,10:25:26,6.59,--,140,92260,卖盘
1232,10:25:05,6.59,--,88,57992,买盘
1233,10:24:56,6.59,-0.01,112,73808,卖盘
1234,10:24:53,6.6,--,25,16500,买盘
1235,10:24:41,6.6,0.01,14,9240,买盘
1236,10:24:29,6.59,-0.01,18,11862,卖盘
1237,10:23:49,6.6,0.01,5,3300,买盘
1238,10:23:46,6.59,--,3,1977,卖盘
1239,10:23:34,6.59,0.01,46,30314,买盘
1240,10:23:31,6.58,-0.01,2,1316,卖盘
1241,10:23:28,6.59,--,10,6590,买盘
1242,10:23:22,6.59,--,20,13180,买盘
1243,10:23:13,6.59,0.01,12,7908,中性盘
1244,10:22:28,6.58,--,177,116466,卖盘
1245,10:22:10,6.58,--,7,4606,卖盘
1246,10:21:16,6.58,--,54,35532,卖盘
1247,10:21:07,6.58,--,97,64470,卖盘
1248,10:20:55,6.58,--,42,27958,买盘
1249,10:20:34,6.58,--,1,658,买盘
1250,10:20:28,6.58,--,1,658,买盘
1251,10:20:25,6.58,0.01,5,3290,买盘
1252,10:20:22,6.57,-0.01,50,32850,卖盘
1253,10:20:19,6.58,--,20,13495,卖盘
1254,10:20:16,6.58,--,18,12166,买盘
1255,10:20:10,6.58,--,105,69090,买盘
1256,10:20:07,6.58,--,60,39480,买盘
1257,10:20:04,6.58,--,137,90146,买盘
1258,10:19:58,6.58,-0.02,434,285907,卖盘
1259,10:19:52,6.6,0.02,100,66000,买盘
1260,10:19:43,6.58,--,21,13818,卖盘
1261,10:19:40,6.58,-0.02,10,6580,卖盘
1262,10:19:34,6.6,0.02,100,66000,买盘
1263,10:19:25,6.58,--,4,2632,卖盘
1264,10:19:22,6.58,-0.01,15,9870,卖盘
1265,10:19:19,6.59,--,1,659,卖盘
1266,10:19:13,6.59,0.01,5,3295,中性盘
1267,10:18:58,6.58,--,56,36848,卖盘
1268,10:18:52,6.58,-0.02,7,4606,卖盘
1269,10:18:49,6.6,0.01,200,132000,买盘
1270,10:18:46,6.59,0.01,49,32291,中性盘
1271,10:18:28,6.58,--,6,3948,卖盘
1272,10:18:25,6.58,--,153,100674,卖盘
1273,10:18:16,6.58,-0.02,7,4606,卖盘
1274,10:18:04,6.6,--,2,1320,买盘
1275,10:17:58,6.6,--,17,11220,买盘
1276,10:17:52,6.6,0.02,6,3960,中性盘
1277,10:17:49,6.58,-0.02,151,99358,卖盘
1278,10:17:46,6.6,-0.01,4,2640,卖盘
1279,10:17:25,6.61,0.01,53,35033,买盘
1280,10:17:22,6.6,--,5,3300,卖盘
1281,10:17:19,6.6,-0.01,20,13200,卖盘
1282,10:17:01,6.61,--,186,122946,买盘
1283,10:16:58,6.61,--,10,6610,买盘
1284,10:16:49,6.61,--,19,12559,买盘
1285,10:16:46,6.61,--,28,18508,买盘
1286,10:16:34,6.61,--,124,81964,买盘
1287,10:16:31,6.61,0.01,5,3305,买盘
1288,10:16:22,6.6,-0.01,30,19800,卖盘
1289,10:16:19,6.61,0.01,5,3305,买盘
1290,10:16:16,6.6,-0.01,5,3300,卖盘
1291,10:16:10,6.61,0.01,5,3305,买盘
1292,10:15:58,6.6,--,170,112200,买盘
1293,10:15:55,6.6,0.01,10,6600,买盘
1294,10:15:46,6.59,-0.01,5,3295,卖盘
1295,10:15:40,6.6,0.01,8,5280,买盘
1296,10:15:37,6.59,--,10,6590,买盘
1297,10:15:34,6.59,--,10,6590,买盘
1298,10:15:31,6.59,--,41,27019,买盘
1299,10:15:28,6.59,--,2,1318,买盘
1300,10:15:22,6.59,--,156,102804,买盘
1301,10:15:16,6.59,--,22,14498,买盘
1302,10:15:13,6.59,--,1,659,买盘
1303,10:15:10,6.59,--,158,104122,买盘
1304,10:15:07,6.59,--,3,1977,买盘
1305,10:15:01,6.59,--,100,65900,买盘
1306,10:14:52,6.59,0.01,3,1977,买盘
1307,10:14:49,6.58,-0.01,23,15134,卖盘
1308,10:14:43,6.59,--,17,11203,买盘
1309,10:14:25,6.59,--,4,2636,买盘
1310,10:14:22,6.59,0.01,3,1977,买盘
1311,10:14:07,6.58,--,171,112840,买盘
1312,10:13:58,6.58,--,8,5264,买盘
1313,10:13:52,6.58,0.01,15,9870,买盘
1314,10:13:31,6.57,--,4,2628,卖盘
1315,10:13:04,6.57,--,3,1971,卖盘
1316,10:13:01,6.57,-0.01,16,10512,卖盘
1317,10:12:58,6.58,--,1,658,买盘
1318,10:12:55,6.58,0.01,1,658,买盘
1319,10:12:49,6.57,-0.01,3,1971,卖盘
1320,10:12:25,6.58,--,139,91462,买盘
1321,10:12:22,6.58,--,74,48692,买盘
1322,10:12:13,6.58,--,27,17766,买盘
1323,10:12:04,6.58,--,30,19740,买盘
1324,10:12:01,6.58,--,41,26978,买盘
1325,10:11:40,6.58,--,10,6580,买盘
1326,10:11:34,6.58,--,50,32900,买盘
1327,10:11:25,6.58,--,10,6580,买盘
1328,10:11:19,6.58,--,5,3290,买盘
1329,10:10:58,6.58,0.01,30,19740,买盘
1330,10:10:55,6.57,-0.01,0,262,卖盘
1331,10:10:52,6.58,0.01,17,11186,买盘
1332,10:10:49,6.57,--,5,3285,卖盘
1333,10:10:40,6.57,--,30,19710,卖盘
1334,10:10:25,6.57,--,5,3285,卖盘
1335,10:10:16,6.57,-0.01,5,3285,卖盘
1336,10:10:07,6.58,--,2,1316,买盘
1337,10:10:01,6.58,0.01,11,7238,买盘
1338,10:09:52,6.57,--,53,34821,买盘
1339,10:09:49,6.57,-0.01,38,24966,中性盘
1340,10:09:37,6.58,0.01,61,40138,买盘
1341,10:09:31,6.57,--,1,657,买盘
1342,10:09:28,6.57,--,170,111690,卖盘
1343,10:09:22,6.57,-0.01,7,4599,卖盘
1344,10:09:07,6.58,0.01,52,34216,买盘
1345,10:09:04,6.57,-0.01,10,6570,卖盘
1346,10:08:52,6.58,0.01,12,7896,买盘
1347,10:08:40,6.57,--,20,13140,卖盘
1348,10:08:34,6.57,--,8,5256,卖盘
1349,10:08:19,6.57,--,10,6570,卖盘
1350,10:08:16,6.57,--,19,12483,买盘
1351,10:08:13,6.57,--,20,13140,买盘
1352,10:08:10,6.57,--,20,13140,买盘
1353,10:08:01,6.57,--,5,3285,买盘
1354,10:07:55,6.57,-0.01,15,9855,卖盘
1355,10:07:52,6.58,--,144,94752,买盘
1356,10:07:49,6.58,--,3,1974,买盘
1357,10:07:37,6.58,--,470,309260,买盘
1358,10:07:34,6.58,0.01,23,15134,买盘
1359,10:07:31,6.57,-0.01,838,550901,卖盘
1360,10:07:28,6.58,--,5,3290,卖盘
1361,10:07:19,6.58,0.01,17,11508,买盘
1362,10:07:13,6.57,-0.01,5,3285,卖盘
1363,10:07:10,6.58,--,169,111202,买盘
1364,10:07:07,6.58,--,40,26320,买盘
1365,10:07:04,6.58,0.01,10,6580,买盘
1366,10:06:58,6.57,-0.01,110,72270,卖盘
1367,10:06:52,6.58,--,10,6580,买盘
1368,10:06:43,6.58,0.01,1,658,买盘
1369,10:06:40,6.57,--,7,4599,卖盘
1370,10:06:34,6.57,--,1,657,卖盘
1371,10:06:28,6.57,--,71,46647,卖盘
1372,10:06:25,6.57,-0.01,5,3285,卖盘
1373,10:06:22,6.58,0.01,50,32900,买盘
1374,10:06:16,6.57,--,100,65700,卖盘
1375,10:06:10,6.57,--,13,8541,卖盘
1376,10:06:01,6.57,--,5,3285,卖盘
1377,10:05:58,6.57,--,6,3942,买盘
1378,10:05:52,6.57,-0.01,15,9855,中性盘
1379,10:05:49,6.58,--,20,13160,买盘
1380,10:05:34,6.58,0.02,85,55930,买盘
1381,10:05:28,6.56,--,50,32800,买盘
1382,10:05:25,6.56,--,23,15088,买盘
1383,10:05:22,6.56,--,3,1967,买盘
1384,10:05:16,6.56,--,5,3280,买盘
1385,10:05:13,6.56,-0.02,311,204016,卖盘
1386,10:04:58,6.58,--,5,3290,买盘
1387,10:04:52,6.58,--,1,658,买盘
1388,10:04:49,6.58,--,120,78960,买盘
1389,10:04:46,6.58,-0.01,21,14153,卖盘
1390,10:04:40,6.59,--,1,659,买盘
1391,10:04:31,6.59,0.01,102,67218,买盘
1392,10:04:25,6.58,--,5,3290,卖盘
1393,10:04:22,6.58,--,33,21714,卖盘
1394,10:04:19,6.58,-0.01,152,100016,卖盘
1395,10:04:16,6.59,--,10,6590,买盘
1396,10:04:07,6.59,--,52,34268,买盘
1397,10:04:01,6.59,0.01,10,6590,买盘
1398,10:03:55,6.58,-0.01,40,26320,卖盘
1399,10:03:52,6.59,--,530,349270,卖盘
1400,10:03:45,6.59,-0.01,0,322,卖盘
1401,10:03:42,6.6,--,16,10560,买盘
1402,10:03:36,6.6,--,16,10560,买盘
1403,10:03:33,6.6,--,38,25080,买盘
1404,10:03:27,6.6,0.01,38,25080,买盘
1405,10:03:21,6.59,--,15,9885,卖盘
1406,10:03:09,6.59,--,15,9885,卖盘
1407,10:03:06,6.59,--,10,6590,买盘
1408,10:03:00,6.59,--,38,25042,买盘
1409,10:02:54,6.59,-0.01,189,124551,卖盘
1410,10:02:51,6.6,--,20,13200,买盘
1411,10:02:48,6.6,--,1,660,买盘
1412,10:02:45,6.6,--,70,46200,买盘
1413,10:02:39,6.6,--,51,33660,买盘
1414,10:02:36,6.6,--,63,41580,卖盘
1415,10:02:33,6.6,-0.01,56,36960,卖盘
1416,10:02:24,6.61,--,38,25375,卖盘
1417,10:02:12,6.61,--,33,21813,卖盘
1418,10:02:09,6.61,-0.01,22,14542,卖盘
1419,10:02:03,6.62,0.02,222,147367,买盘
1420,10:01:57,6.6,-0.01,5,3300,卖盘
1421,10:01:51,6.61,0.01,118,77998,买盘
1422,10:01:48,6.6,--,7,4620,买盘
1423,10:01:45,6.6,--,7,4620,买盘
1424,10:01:39,6.6,--,118,77880,卖盘
1425,10:01:27,6.6,-0.02,4,2640,卖盘
1426,10:01:24,6.62,--,9,5958,买盘
1427,10:01:21,6.62,0.01,6,3972,买盘
1428,10:01:15,6.61,--,35,23135,卖盘
1429,10:01:06,6.61,-0.01,24,15864,卖盘
1430,10:01:03,6.62,0.01,3,1986,买盘
1431,10:01:00,6.61,-0.01,131,86591,卖盘
1432,10:00:57,6.62,--,1,662,买盘
1433,10:00:54,6.62,--,4,2648,买盘
1434,10:00:51,6.62,--,200,132400,买盘
1435,10:00:48,6.62,0.01,63,41706,买盘
1436,10:00:45,6.61,-0.01,100,66100,卖盘
1437,10:00:42,6.62,--,3,1986,买盘
1438,10:00:39,6.62,--,281,186022,卖盘
1439,10:00:33,6.62,-0.01,32,21184,卖盘
1440,10:00:30,6.63,--,8,5304,买盘
1441,10:00:24,6.63,0.01,17,11271,买盘
1442,10:00:21,6.62,--,10,6620,卖盘
1443,10:00:18,6.62,-0.01,60,39720,中性盘
1444,10:00:12,6.63,0.01,102,67626,买盘
1445,10:00:06,6.62,0.04,339,224418,买盘
1446,10:00:00,6.58,--,12,7896,买盘
1447,09:59:57,6.58,-0.03,308,202920,卖盘
1448,09:59:54,6.61,--,88,58168,卖盘
1449,09:59:39,6.61,--,70,46270,买盘
1450,09:59:36,6.61,--,19,12559,买盘
1451,09:59:33,6.61,--,4,2644,买盘
1452,09:59:21,6.61,0.01,10,6610,买盘
1453,09:59:18,6.6,--,5,3300,卖盘
1454,09:59:15,6.6,0.02,157,103620,买盘
1455,09:59:12,6.58,-0.02,30,19740,卖盘
1456,09:59:09,6.6,0.02,76,50160,买盘
1457,09:59:03,6.58,-0.02,10,6580,卖盘
1458,09:59:00,6.6,--,38,25080,买盘
1459,09:58:51,6.6,--,30,19800,买盘
1460,09:58:48,6.6,--,27,17820,买盘
1461,09:58:45,6.6,-0.01,57,37620,卖盘
1462,09:58:42,6.61,0.01,564,372804,买盘
1463,09:58:39,6.6,--,88,58080,卖盘
1464,09:58:33,6.6,-0.01,16,10560,卖盘
1465,09:58:27,6.61,-0.01,19,12559,中性盘
1466,09:58:24,6.62,0.02,102,67524,买盘
1467,09:58:21,6.6,-0.02,405,267300,卖盘
1468,09:58:18,6.62,--,30,19860,买盘
1469,09:58:12,6.62,--,2,1324,买盘
1470,09:58:09,6.62,--,198,131076,卖盘
1471,09:58:06,6.62,-0.01,136,90032,卖盘
1472,09:58:03,6.63,--,7,4641,买盘
1473,09:58:00,6.63,--,13,8619,买盘
1474,09:57:57,6.63,-0.02,1,663,买盘
1475,09:57:54,6.65,0.03,136,90440,买盘
1476,09:57:51,6.62,-0.02,435,287970,卖盘
1477,09:57:48,6.64,--,19,12616,卖盘
1478,09:57:42,6.64,0.01,94,62416,买盘
1479,09:57:39,6.63,--,12,7956,买盘
1480,09:57:36,6.63,--,153,101439,买盘
1481,09:57:33,6.63,-0.01,9,5967,中性盘
1482,09:57:30,6.64,-0.01,271,179944,中性盘
1483,09:57:27,6.65,0.03,605,402325,买盘
1484,09:57:24,6.62,-0.01,332,219784,卖盘
1485,09:57:21,6.63,-0.01,118,78234,卖盘
1486,09:57:18,6.64,--,224,148736,买盘
1487,09:57:15,6.64,-0.01,15,9960,买盘
1488,09:57:12,6.65,0.01,210,139650,买盘
1489,09:57:09,6.64,0.01,3193,2120152,买盘
1490,09:57:06,6.63,--,35,23205,买盘
1491,09:57:03,6.63,-0.02,60,39780,中性盘
1492,09:57:00,6.65,0.03,305,202825,买盘
1493,09:56:57,6.62,--,15,9930,买盘
1494,09:56:54,6.62,--,21,13902,买盘
1495,09:56:51,6.62,-0.02,274,181388,卖盘
1496,09:56:48,6.64,--,80,53120,卖盘
1497,09:56:45,6.64,-0.02,142,94288,卖盘
1498,09:56:42,6.66,-0.01,152,101232,买盘
1499,09:56:39,6.67,0.02,33,22011,买盘
1500,09:56:33,6.65,-0.01,1033,686945,卖盘
1501,09:56:30,6.66,-0.01,17,11322,中性盘
1502,09:56:24,6.67,0.03,484,322828,买盘
1503,09:56:18,6.64,0.04,32,21248,买盘
1504,09:56:15,6.6,-0.04,644,425040,卖盘
1505,09:56:12,6.64,0.02,6,3984,买盘
1506,09:56:06,6.62,--,11,7282,买盘
1507,09:56:03,6.62,0.03,417,276054,买盘
1508,09:56:00,6.59,--,103,67877,买盘
1509,09:55:57,6.59,--,843,555537,买盘
1510,09:55:51,6.59,0.01,5,3295,买盘
1511,09:55:39,6.58,0.04,2414,1588813,买盘
1512,09:55:33,6.54,--,3,1962,买盘
1513,09:55:30,6.54,0.02,2001,1308654,买盘
1514,09:55:24,6.52,--,60,39120,买盘
1515,09:55:21,6.52,--,12,7823,买盘
1516,09:55:18,6.52,0.01,200,130399,买盘
1517,09:55:15,6.51,-0.01,9,5859,卖盘
1518,09:55:12,6.52,0.01,1,652,买盘
1519,09:55:09,6.51,--,3,1953,卖盘
1520,09:55:06,6.51,--,266,173166,买盘
1521,09:55:03,6.51,--,30,19530,买盘
1522,09:54:57,6.51,0.01,56,36456,买盘
1523,09:54:54,6.5,-0.01,5,3250,中性盘
1524,09:54:45,6.51,0.01,464,302064,买盘
1525,09:54:42,6.5,--,10,6500,买盘
1526,09:54:39,6.5,0.01,11,7150,买盘
1527,09:54:36,6.49,-0.01,114,73986,卖盘
1528,09:54:33,6.5,0.01,2,1300,买盘
1529,09:54:27,6.49,--,5,3245,卖盘
1530,09:54:15,6.49,--,30,19470,卖盘
1531,09:54:12,6.49,--,142,92547,买盘
1532,09:54:09,6.49,--,6,3894,买盘
1533,09:54:06,6.49,--,110,71390,买盘
1534,09:54:00,6.49,--,61,39589,买盘
1535,09:53:54,6.49,--,256,166144,买盘
1536,09:53:48,6.49,--,140,90860,买盘
1537,09:53:42,6.49,--,73,47377,买盘
1538,09:53:39,6.49,0.01,39,25311,买盘
1539,09:53:33,6.48,-0.01,1,648,卖盘
1540,09:53:30,6.49,0.01,200,129800,买盘
1541,09:53:24,6.48,-0.01,5,3240,卖盘
1542,09:53:18,6.49,0.01,71,46079,买盘
1543,09:53:15,6.48,--,50,32400,卖盘
1544,09:53:06,6.48,--,30,19440,卖盘
1545,09:53:03,6.48,--,50,32400,卖盘
1546,09:52:51,6.48,--,25,16200,卖盘
1547,09:52:45,6.48,--,50,32400,卖盘
1548,09:52:39,6.48,-0.01,165,106920,卖盘
1549,09:52:36,6.49,0.01,4,2596,买盘
1550,09:52:30,6.48,--,1345,871560,卖盘
1551,09:52:24,6.48,--,5,3240,卖盘
1552,09:52:18,6.48,--,3,1944,卖盘
1553,09:52:15,6.48,--,5,3240,卖盘
1554,09:52:12,6.48,0.01,169,109512,买盘
1555,09:52:09,6.47,-0.01,30,19410,卖盘
1556,09:52:00,6.48,--,17,11016,买盘
1557,09:51:57,6.48,--,2,1296,买盘
1558,09:51:54,6.48,-0.01,1082,701136,卖盘
1559,09:51:51,6.49,0.01,65,42185,买盘
1560,09:51:48,6.48,--,38,24624,卖盘
1561,09:51:42,6.48,--,50,32400,卖盘
1562,09:51:39,6.48,0.01,58,37584,买盘
1563,09:51:24,6.47,--,60,38820,卖盘
1564,09:51:21,6.47,--,69,44643,买盘
1565,09:51:18,6.47,--,1,647,买盘
1566,09:51:12,6.47,--,336,217392,卖盘
1567,09:51:09,6.47,--,24,15528,卖盘
1568,09:51:06,6.47,--,17,10999,卖盘
1569,09:51:03,6.47,-0.01,46,29762,卖盘
1570,09:50:57,6.48,0.01,171,110808,买盘
1571,09:50:51,6.47,--,9,5823,卖盘
1572,09:50:48,6.47,-0.01,30,19410,卖盘
1573,09:50:42,6.48,0.01,241,156168,买盘
1574,09:50:39,6.47,--,148,95756,卖盘
1575,09:50:30,6.47,--,90,58230,卖盘
1576,09:50:24,6.47,-0.01,16,10352,卖盘
1577,09:50:18,6.48,--,18,11664,买盘
1578,09:50:12,6.48,--,1,648,买盘
1579,09:50:09,6.48,--,20,12960,买盘
1580,09:50:06,6.48,-0.01,28,18144,卖盘
1581,09:50:03,6.49,0.01,40,25960,买盘
1582,09:50:00,6.48,--,465,301320,卖盘
1583,09:49:45,6.48,-0.02,37,23976,中性盘
1584,09:49:42,6.5,--,255,165750,买盘
1585,09:49:36,6.5,--,501,325650,买盘
1586,09:49:30,6.5,--,55,35750,买盘
1587,09:49:21,6.5,0.02,3,1950,卖盘
1588,09:49:09,6.48,-0.02,270,174960,卖盘
1589,09:49:03,6.5,--,37,24050,买盘
1590,09:49:00,6.5,--,251,163150,买盘
1591,09:48:54,6.5,--,3,1950,买盘
1592,09:48:51,6.5,-0.01,1,650,中性盘
1593,09:48:48,6.51,0.01,57,37107,买盘
1594,09:48:42,6.5,--,78,50700,买盘
1595,09:48:33,6.5,--,3,1950,买盘
1596,09:48:27,6.5,-0.01,29,18850,卖盘
1597,09:48:21,6.51,0.01,22,14322,买盘
1598,09:48:09,6.5,--,1491,969150,买盘
1599,09:48:06,6.5,--,10,6500,买盘
1600,09:48:03,6.5,--,272,176800,卖盘
1601,09:47:57,6.5,-0.01,201,130650,卖盘
1602,09:47:54,6.51,--,38,24738,买盘
1603,09:47:51,6.51,0.02,182,118482,卖盘
1604,09:47:48,6.49,-0.03,600,389400,卖盘
1605,09:47:45,6.52,0.01,317,206684,买盘
1606,09:47:33,6.51,-0.02,200,130200,中性盘
1607,09:47:24,6.53,0.02,743,485433,买盘
1608,09:47:21,6.51,--,12,7812,卖盘
1609,09:47:18,6.51,--,4,2604,卖盘
1610,09:47:15,6.51,--,10,6510,卖盘
1611,09:47:12,6.51,0.01,305,198952,买盘
1612,09:47:09,6.5,-0.01,30,19500,卖盘
1613,09:46:57,6.51,0.02,400,260400,买盘
1614,09:46:51,6.49,-0.01,25,16225,中性盘
1615,09:46:42,6.5,--,19,12350,买盘
1616,09:46:36,6.5,-0.01,5,3250,卖盘
1617,09:46:33,6.51,--,11,7161,买盘
1618,09:46:30,6.51,0.03,46,29946,买盘
1619,09:46:27,6.48,-0.03,85,55080,卖盘
1620,09:46:18,6.51,--,11,7414,卖盘
1621,09:46:12,6.51,--,90,58590,卖盘
1622,09:46:09,6.51,0.03,101,66148,买盘
1623,09:46:06,6.48,--,629,407844,卖盘
1624,09:46:03,6.48,-0.03,412,266976,卖盘
1625,09:46:00,6.51,0.02,399,260146,买盘
1626,09:45:54,6.49,-0.02,200,129800,卖盘
1627,09:45:51,6.51,0.01,58,37758,买盘
1628,09:45:48,6.5,--,97,63050,买盘
1629,09:45:45,6.5,--,8,5200,卖盘
1630,09:45:42,6.5,-0.01,1,650,卖盘
1631,09:45:39,6.51,--,10,6510,买盘
1632,09:45:36,6.51,--,38,24738,买盘
1633,09:45:33,6.51,0.02,5,3255,买盘
1634,09:45:30,6.49,--,25,16225,卖盘
1635,09:45:27,6.49,--,50,32450,卖盘
1636,09:45:24,6.49,-0.02,9,5841,卖盘
1637,09:45:21,6.51,0.02,300,195300,买盘
1638,09:45:18,6.49,--,10,6490,卖盘
1639,09:45:09,6.49,--,5,3245,买盘
1640,09:45:06,6.49,--,705,457545,买盘
1641,09:45:03,6.49,0.01,100,64900,买盘
1642,09:45:00,6.48,-0.01,55,35640,卖盘
1643,09:44:57,6.49,--,125,81125,买盘
1644,09:44:51,6.49,0.01,74,48026,买盘
1645,09:44:45,6.48,--,400,259200,卖盘
1646,09:44:42,6.48,-0.01,8,5184,卖盘
1647,09:44:39,6.49,--,30,19470,买盘
1648,09:44:36,6.49,0.01,10,6490,买盘
1649,09:44:33,6.48,--,562,364176,卖盘
1650,09:44:27,6.48,--,27,17496,卖盘
1651,09:44:24,6.48,0.03,785,508680,买盘
1652,09:44:21,6.45,-0.02,20,12900,卖盘
1653,09:44:15,6.47,--,70,45290,买盘
1654,09:44:12,6.47,0.01,26,16822,买盘
1655,09:44:09,6.46,--,66,42636,买盘
1656,09:44:06,6.46,-0.01,1118,722228,卖盘
1657,09:43:59,6.47,-0.01,30,19410,中性盘
1658,09:43:56,6.48,0.01,309,200232,买盘
1659,09:43:53,6.47,-0.01,76,49172,卖盘
1660,09:43:50,6.48,--,54,34992,买盘
1661,09:43:47,6.48,--,112,72576,买盘
1662,09:43:44,6.48,-0.01,91,58968,卖盘
1663,09:43:41,6.49,-0.01,27,17523,中性盘
1664,09:43:38,6.5,0.02,56,36400,买盘
1665,09:43:35,6.48,-0.01,18,11664,卖盘
1666,09:43:32,6.49,-0.01,2,1298,中性盘
1667,09:43:29,6.5,0.02,124,80600,买盘
1668,09:43:26,6.48,--,963,624024,卖盘
1669,09:43:23,6.48,-0.01,10,6480,卖盘
1670,09:43:20,6.49,-0.01,103,66847,中性盘
1671,09:43:17,6.5,--,115,74750,买盘
1672,09:43:14,6.5,0.03,40,26000,买盘
1673,09:43:11,6.47,-0.03,500,323500,卖盘
1674,09:43:05,6.5,--,70,45500,买盘
1675,09:43:02,6.5,0.02,768,499200,买盘
1676,09:42:59,6.48,--,136,88128,买盘
1677,09:42:50,6.48,--,3,1944,买盘
1678,09:42:47,6.48,--,10,6480,买盘
1679,09:42:38,6.48,-0.02,554,359244,卖盘
1680,09:42:32,6.5,--,71,46150,买盘
1681,09:42:26,6.5,0.02,125,81250,买盘
1682,09:42:20,6.48,-0.02,347,224856,卖盘
1683,09:42:17,6.5,--,111,72150,卖盘
1684,09:42:08,6.5,--,100,65000,卖盘
1685,09:42:05,6.5,--,151,98150,买盘
1686,09:42:02,6.5,--,5,3250,买盘
1687,09:41:59,6.5,--,135,87750,买盘
1688,09:41:56,6.5,--,108,70200,买盘
1689,09:41:53,6.5,--,112,72800,买盘
1690,09:41:50,6.5,-0.04,185,120250,卖盘
1691,09:41:38,6.54,0.01,534,349236,买盘
1692,09:41:35,6.53,--,42,27426,买盘
1693,09:41:32,6.53,-0.01,1,653,中性盘
1694,09:41:29,6.54,--,20,13080,买盘
1695,09:41:26,6.54,-0.01,19,12426,中性盘
1696,09:41:17,6.55,--,562,368110,买盘
1697,09:41:14,6.55,--,51,33405,买盘
1698,09:41:11,6.55,0.07,81,53055,买盘
1699,09:41:08,6.48,--,109,70632,卖盘
1700,09:41:05,6.48,-0.07,205,132840,卖盘
1701,09:41:02,6.55,--,4,2620,卖盘
1702,09:40:59,6.55,--,10,6550,卖盘
1703,09:40:56,6.55,0.07,1469,962594,买盘
1704,09:40:53,6.48,--,24,15552,买盘
1705,09:40:50,6.48,--,82,53136,买盘
1706,09:40:47,6.48,--,1,648,买盘
1707,09:40:44,6.48,--,2,1296,买盘
1708,09:40:41,6.48,--,55,35640,买盘
1709,09:40:35,6.48,--,71,46008,买盘
1710,09:40:29,6.48,--,199,128952,买盘
1711,09:40:23,6.48,0.03,50,32400,买盘
1712,09:40:20,6.45,-0.02,13,8385,卖盘
1713,09:40:17,6.47,0.02,10,6470,买盘
1714,09:40:14,6.45,-0.03,2,1290,中性盘
1715,09:40:08,6.48,0.05,50,32400,买盘
1716,09:40:02,6.43,--,5,3215,卖盘
1717,09:39:56,6.43,-0.06,34,21862,中性盘
1718,09:39:50,6.49,--,20,12980,买盘
1719,09:39:47,6.49,0.09,99,64251,买盘
1720,09:39:44,6.4,-0.09,48,30720,卖盘
1721,09:39:35,6.49,0.07,1971,1279179,买盘
1722,09:39:32,6.42,--,112,71904,买盘
1723,09:39:26,6.42,0.03,308,197736,买盘
1724,09:39:20,6.39,-0.01,291,185949,卖盘
1725,09:39:14,6.4,0.01,80,51200,买盘
1726,09:39:08,6.39,-0.01,12,7668,卖盘
1727,09:39:02,6.4,0.01,2,1280,买盘
1728,09:38:59,6.39,--,60,38340,卖盘
1729,09:38:50,6.39,--,10,6390,卖盘
1730,09:38:44,6.39,--,18,11502,卖盘
1731,09:38:32,6.39,--,30,19170,卖盘
1732,09:38:20,6.39,-0.01,22,14058,卖盘
1733,09:38:11,6.4,--,2,1280,买盘
1734,09:38:08,6.4,--,10,6400,买盘
1735,09:38:05,6.4,--,10,6400,买盘
1736,09:37:59,6.4,-0.01,24,15360,卖盘
1737,09:37:53,6.41,--,140,89740,买盘
1738,09:37:50,6.41,0.02,201,128841,买盘
1739,09:37:38,6.39,-0.02,228,145692,卖盘
1740,09:37:29,6.41,--,9,5769,买盘
1741,09:37:23,6.41,0.01,2,1282,买盘
1742,09:37:14,6.4,--,1,640,买盘
1743,09:37:08,6.4,--,2,1280,买盘
1744,09:36:59,6.4,--,18,11520,买盘
1745,09:36:53,6.4,--,9,5760,买盘
1746,09:36:44,6.4,0.01,6,3840,买盘
1747,09:36:17,6.39,-0.01,20,12780,卖盘
1748,09:36:11,6.4,0.01,20,12800,买盘
1749,09:36:02,6.39,--,26,16614,买盘
1750,09:35:59,6.39,--,14,8946,买盘
1751,09:35:56,6.39,--,20,12780,买盘
1752,09:35:53,6.39,--,200,127800,买盘
1753,09:35:47,6.39,-0.01,139,88821,卖盘
1754,09:35:38,6.4,--,5,3200,买盘
1755,09:35:35,6.4,--,4,2560,买盘
1756,09:35:32,6.4,--,14,8960,买盘
1757,09:35:26,6.4,--,61,39040,买盘
1758,09:35:23,6.4,--,15,9600,买盘
1759,09:35:20,6.4,--,28,17920,买盘
1760,09:35:17,6.4,--,2,1280,卖盘
1761,09:35:14,6.4,-0.01,322,206080,卖盘
1762,09:35:08,6.41,--,3,1923,买盘
1763,09:34:53,6.41,0.01,7,4487,买盘
1764,09:34:50,6.4,-0.01,70,44800,卖盘
1765,09:34:38,6.41,--,54,34614,买盘
1766,09:34:35,6.41,--,1,641,买盘
1767,09:34:32,6.41,--,30,19230,卖盘
1768,09:34:23,6.41,0.01,29,18589,买盘
1769,09:34:20,6.4,--,50,32000,卖盘
1770,09:34:05,6.4,--,15,9600,卖盘
1771,09:34:02,6.4,-0.01,3,1920,卖盘
1772,09:33:59,6.41,--,26,16666,买盘
1773,09:33:56,6.41,0.01,18,11538,买盘
1774,09:33:29,6.4,--,30,19200,卖盘
1775,09:33:23,6.4,-0.01,3,1920,卖盘
1776,09:33:20,6.41,0.01,14,8974,买盘
1777,09:33:11,6.4,-0.01,1,640,卖盘
1778,09:33:05,6.41,--,24,15384,买盘
1779,09:33:02,6.41,0.01,40,25640,买盘
1780,09:32:56,6.4,-0.01,3,1920,卖盘
1781,09:32:47,6.41,0.01,4,2564,买盘
1782,09:32:38,6.4,-0.01,10,6400,卖盘
1783,09:32:23,6.41,0.01,50,32050,买盘
1784,09:32:14,6.4,--,120,76800,卖盘
1785,09:32:11,6.4,--,50,32000,卖盘
1786,09:32:08,6.4,-0.01,6,3840,卖盘
1787,09:32:05,6.41,0.01,94,60254,买盘
1788,09:32:02,6.4,--,110,70400,卖盘
1789,09:31:53,6.4,--,1,640,卖盘
1790,09:31:35,6.4,0.01,8,5120,买盘
1791,09:31:08,6.39,-0.01,184,117576,卖盘
1792,09:31:05,6.4,0.01,35,22400,买盘
1793,09:31:02,6.39,--,3,1917,卖盘
1794,09:30:59,6.39,-0.01,84,53676,卖盘
1795,09:30:56,6.4,--,7,4480,买盘
1796,09:30:53,6.4,--,20,12800,买盘
1797,09:30:50,6.4,-0.01,30,19200,中性盘
1798,09:30:44,6.41,0.01,25,16025,买盘
1799,09:30:29,6.4,--,8,5120,卖盘
1800,09:30:26,6.4,-0.02,10,6400,卖盘
1801,09:30:05,6.42,--,73,46866,买盘
1802,09:30:02,6.42,-0.01,282,181044,中性盘
1803,09:25:41,6.43,--,0,0,买盘
1804,09:25:05,6.43,6.43,735,472605,买盘
