,time,price,change,volume,amount,type
0,15:00:00,11.27,--,0,0,卖盘
1,15:00:00,11.27,-0.01,2,2254,卖盘
2,15:00:00,11.28,0.01,145,164541,买盘
3,14:59:55,11.27,0.01,141,158907,买盘
4,14:59:50,11.26,-0.01,616,693616,卖盘
5,14:59:45,11.27,--,228,256956,买盘
6,14:59:40,11.27,--,34,38318,买盘
7,14:59:35,11.27,--,418,471086,卖盘
8,14:59:30,11.27,--,295,332465,买盘
9,14:59:25,11.27,0.01,138,155526,买盘
10,14:59:20,11.26,--,86,96836,买盘
11,14:59:15,11.26,--,71,79946,卖盘
12,14:59:10,11.26,-0.01,69,77694,买盘
13,14:59:04,11.27,0.02,597,672819,买盘
14,14:59:00,11.25,-0.01,83,93375,卖盘
15,14:58:55,11.26,0.01,62,69812,买盘
16,14:58:49,11.25,-0.01,137,154125,卖盘
17,14:58:45,11.26,0.01,51,57426,买盘
18,14:58:40,11.25,-0.02,247,277875,卖盘
19,14:58:34,11.27,--,50,56350,买盘
20,14:58:30,11.27,--,263,296401,买盘
21,14:58:25,11.27,0.01,66,74382,买盘
22,14:58:19,11.26,--,261,293886,卖盘
23,14:58:15,11.26,--,67,75442,卖盘
24,14:58:10,11.26,--,175,197050,卖盘
25,14:58:04,11.26,--,207,233082,买盘
26,14:58:00,11.26,0.01,55,61930,买盘
27,14:57:55,11.25,-0.01,531,597375,卖盘
28,14:57:49,11.26,--,13,14638,买盘
29,14:57:45,11.26,--,61,68686,买盘
30,14:57:40,11.26,--,169,190294,卖盘
31,14:57:34,11.26,--,116,130616,卖盘
32,14:57:25,11.26,0.01,122,137372,卖盘
33,14:57:19,11.25,-0.01,91,102375,卖盘
34,14:57:15,11.26,-0.01,43,48418,中性盘
35,14:57:10,11.27,0.02,222,250194,买盘
36,14:57:04,11.25,--,5,5625,卖盘
37,14:57:00,11.25,-0.02,76,85500,卖盘
38,14:56:55,11.27,--,262,295961,卖盘
39,14:56:49,11.27,--,168,189336,卖盘
40,14:56:45,11.27,0.02,602,678454,买盘
41,14:56:39,11.25,--,56,63000,买盘
42,14:56:34,11.25,0.01,191,214875,买盘
43,14:56:30,11.24,-0.01,82,92168,卖盘
44,14:56:24,11.25,0.01,26,29250,买盘
45,14:56:19,11.24,-0.01,110,123640,卖盘
46,14:56:15,11.25,0.01,221,248625,买盘
47,14:56:09,11.24,0.01,81,91044,买盘
48,14:56:04,11.23,-0.01,109,122407,卖盘
49,14:56:00,11.24,0.01,154,173096,买盘
50,14:55:54,11.23,-0.01,68,76364,卖盘
51,14:55:49,11.24,0.01,110,123640,买盘
52,14:55:45,11.23,-0.01,14,15722,卖盘
53,14:55:39,11.24,0.02,98,110152,买盘
54,14:55:34,11.22,-0.02,226,253572,卖盘
55,14:55:30,11.24,0.01,162,182088,买盘
56,14:55:24,11.23,--,60,67380,买盘
57,14:55:19,11.23,0.01,18,20214,买盘
58,14:55:15,11.22,--,69,77418,卖盘
59,14:55:09,11.22,-0.01,2,2244,卖盘
60,14:55:04,11.23,0.01,84,94332,买盘
61,14:55:00,11.22,--,406,456508,卖盘
62,14:54:54,11.22,-0.01,81,90882,卖盘
63,14:54:49,11.23,--,161,180803,买盘
64,14:54:45,11.23,--,147,165081,买盘
65,14:54:39,11.23,0.01,34,38182,买盘
66,14:54:34,11.22,-0.01,674,756228,卖盘
67,14:54:30,11.23,0.01,176,197648,买盘
68,14:54:24,11.22,--,61,68442,卖盘
69,14:54:19,11.22,-0.01,177,198594,卖盘
70,14:54:15,11.23,0.01,64,71872,买盘
71,14:54:09,11.22,--,199,223278,卖盘
72,14:54:04,11.22,--,239,268158,卖盘
73,14:54:00,11.22,-0.01,58,65076,卖盘
74,14:53:54,11.23,--,10,11230,买盘
75,14:53:49,11.23,--,113,126899,买盘
76,14:53:45,11.23,-0.01,320,359360,卖盘
77,14:53:39,11.24,--,20,22480,买盘
78,14:53:34,11.24,--,205,230420,买盘
79,14:53:29,11.24,--,344,386656,买盘
80,14:53:24,11.24,--,53,59572,买盘
81,14:53:19,11.24,--,426,478824,买盘
82,14:53:14,11.24,--,202,227048,买盘
83,14:53:09,11.24,0.01,2,2248,买盘
84,14:53:04,11.23,-0.01,419,470537,卖盘
85,14:52:59,11.24,--,167,187708,买盘
86,14:52:54,11.24,0.01,34,38216,买盘
87,14:52:49,11.23,--,133,149359,卖盘
88,14:52:44,11.23,--,230,258290,卖盘
89,14:52:39,11.23,--,9,10107,卖盘
90,14:52:34,11.23,--,25,28075,卖盘
91,14:52:29,11.23,--,206,231338,卖盘
92,14:52:24,11.23,0.01,133,150156,买盘
93,14:52:19,11.22,-0.01,122,136884,卖盘
94,14:52:14,11.23,--,347,389681,买盘
95,14:52:09,11.23,--,101,113423,买盘
96,14:52:04,11.23,-0.02,328,368669,卖盘
97,14:51:59,11.25,0.02,235,264375,买盘
98,14:51:54,11.23,-0.01,56,62888,卖盘
99,14:51:49,11.24,0.01,221,248404,买盘
100,14:51:44,11.23,--,140,158017,卖盘
101,14:51:39,11.23,-0.01,6,6738,卖盘
102,14:51:34,11.24,--,144,161856,买盘
103,14:51:29,11.24,-0.01,164,184336,卖盘
104,14:51:24,11.25,--,41,46125,买盘
105,14:51:19,11.25,--,30,33750,买盘
106,14:51:14,11.25,-0.01,54,60750,卖盘
107,14:51:09,11.26,0.01,33,37158,买盘
108,14:51:04,11.25,--,374,420750,卖盘
109,14:50:59,11.25,--,64,72000,卖盘
110,14:50:54,11.25,-0.02,96,108450,卖盘
111,14:50:49,11.27,0.01,31,34937,卖盘
112,14:50:43,11.26,-0.02,215,242765,卖盘
113,14:50:39,11.28,--,60,67680,买盘
114,14:50:34,11.28,--,39,44138,卖盘
115,14:50:28,11.28,--,152,172437,卖盘
116,14:50:23,11.28,-0.01,315,355320,卖盘
117,14:50:19,11.29,--,115,129834,买盘
118,14:50:13,11.29,-0.01,70,79030,买盘
119,14:50:09,11.3,0.01,556,628280,买盘
120,14:50:04,11.29,--,8,9032,买盘
121,14:49:58,11.29,--,63,71668,卖盘
122,14:49:54,11.29,-0.01,55,62320,卖盘
123,14:49:48,11.3,0.01,43,48951,买盘
124,14:49:43,11.29,--,83,93707,卖盘
125,14:49:39,11.29,-0.01,52,58707,卖盘
126,14:49:33,11.3,--,24,27120,买盘
127,14:49:28,11.3,--,169,190970,买盘
128,14:49:24,11.3,--,659,745562,卖盘
129,14:49:18,11.3,--,354,400020,卖盘
130,14:49:13,11.3,--,174,197196,卖盘
131,14:49:08,11.3,--,198,223740,卖盘
132,14:49:03,11.3,--,10,11300,卖盘
133,14:48:58,11.3,-0.01,302,341260,卖盘
134,14:48:54,11.31,--,269,304239,买盘
135,14:48:48,11.31,0.01,12,14001,买盘
136,14:48:43,11.3,--,343,388143,卖盘
137,14:48:39,11.3,-0.01,532,601160,卖盘
138,14:48:33,11.31,--,6,6786,买盘
139,14:48:28,11.31,--,36,40716,买盘
140,14:48:23,11.31,--,512,579072,买盘
141,14:48:18,11.31,--,137,155976,卖盘
142,14:48:13,11.31,--,273,308763,卖盘
143,14:48:09,11.31,--,122,137982,卖盘
144,14:48:03,11.31,--,12,13572,卖盘
145,14:47:58,11.31,-0.01,351,396981,卖盘
146,14:47:53,11.32,0.01,183,207156,买盘
147,14:47:48,11.31,--,20,22620,卖盘
148,14:47:43,11.31,--,201,228314,卖盘
149,14:47:38,11.31,--,29,32799,卖盘
150,14:47:33,11.31,--,70,79170,卖盘
151,14:47:28,11.31,--,194,219414,卖盘
152,14:47:23,11.31,--,613,693303,卖盘
153,14:47:18,11.31,--,12,13572,卖盘
154,14:47:13,11.31,--,151,170781,卖盘
155,14:47:08,11.31,-0.01,92,104052,卖盘
156,14:47:03,11.32,--,30,33960,买盘
157,14:46:58,11.32,0.01,194,219608,买盘
158,14:46:53,11.31,--,139,157209,卖盘
159,14:46:48,11.31,--,72,81432,卖盘
160,14:46:43,11.31,-0.01,333,377606,卖盘
161,14:46:38,11.32,0.01,241,272812,买盘
162,14:46:33,11.31,--,41,46371,卖盘
163,14:46:28,11.31,-0.01,58,65598,卖盘
164,14:46:23,11.32,0.01,424,479968,买盘
165,14:46:18,11.31,--,268,303108,卖盘
166,14:46:13,11.31,-0.01,270,305370,卖盘
167,14:46:08,11.32,0.01,751,850132,买盘
168,14:46:03,11.31,-0.01,55,62205,卖盘
169,14:45:58,11.32,--,294,332808,买盘
170,14:45:53,11.32,0.01,312,353184,买盘
171,14:45:48,11.31,--,35,39585,卖盘
172,14:45:43,11.31,--,400,453383,卖盘
173,14:45:38,11.31,--,151,171323,卖盘
174,14:45:33,11.31,--,189,213759,卖盘
175,14:45:28,11.31,0.01,267,301977,买盘
176,14:45:23,11.3,-0.01,86,97180,卖盘
177,14:45:18,11.31,--,21,23751,买盘
178,14:45:13,11.31,--,83,93873,买盘
179,14:45:08,11.31,-0.01,120,135720,买盘
180,14:45:03,11.32,0.01,607,687124,买盘
181,14:44:58,11.31,--,364,411684,卖盘
182,14:44:53,11.31,-0.01,129,145899,卖盘
183,14:44:48,11.32,--,113,127916,买盘
184,14:44:43,11.32,--,171,193594,买盘
185,14:44:38,11.32,--,365,414142,买盘
186,14:44:33,11.32,0.01,398,450785,买盘
187,14:44:28,11.31,--,141,159471,卖盘
188,14:44:23,11.31,--,445,503295,卖盘
189,14:44:18,11.31,--,143,161733,卖盘
190,14:44:13,11.31,--,100,113100,卖盘
191,14:44:08,11.31,-0.01,73,82563,卖盘
192,14:44:03,11.32,0.01,79,89428,买盘
193,14:43:58,11.31,-0.01,315,356265,卖盘
194,14:43:53,11.32,--,35,39620,买盘
195,14:43:48,11.32,--,181,204892,买盘
196,14:43:43,11.32,--,490,554713,买盘
197,14:43:38,11.32,--,298,338286,卖盘
198,14:43:33,11.32,--,68,76976,卖盘
199,14:43:28,11.32,--,557,630524,卖盘
200,14:43:23,11.32,0.01,614,695048,买盘
201,14:43:18,11.31,--,470,531570,卖盘
202,14:43:13,11.31,--,434,490854,卖盘
203,14:43:08,11.31,-0.01,189,213759,卖盘
204,14:43:03,11.32,0.01,243,275076,买盘
205,14:42:57,11.31,-0.01,8,9048,卖盘
206,14:42:52,11.32,-0.01,232,262624,卖盘
207,14:42:48,11.33,0.01,349,395417,买盘
208,14:42:42,11.32,--,128,144896,卖盘
209,14:42:37,11.32,--,777,880548,卖盘
210,14:42:32,11.32,-0.01,140,158480,卖盘
211,14:42:27,11.33,--,391,443127,卖盘
212,14:42:22,11.33,-0.01,127,143891,卖盘
213,14:42:17,11.34,0.01,168,190512,买盘
214,14:42:12,11.33,-0.02,167,189211,卖盘
215,14:42:07,11.35,0.01,592,671920,买盘
216,14:42:02,11.34,-0.01,85,96390,卖盘
217,14:41:57,11.35,--,146,165710,买盘
218,14:41:52,11.35,0.01,769,872815,中性盘
219,14:41:47,11.34,--,459,520528,卖盘
220,14:41:42,11.34,--,997,1130598,卖盘
221,14:41:37,11.34,-0.01,2046,2321150,卖盘
222,14:41:32,11.35,0.01,381,432435,买盘
223,14:41:27,11.34,--,102,115668,卖盘
224,14:41:22,11.34,--,1177,1334718,买盘
225,14:41:17,11.34,--,521,590814,买盘
226,14:41:12,11.34,--,397,450198,买盘
227,14:41:07,11.34,0.01,270,306180,买盘
228,14:41:02,11.33,0.01,974,1103542,买盘
229,14:40:57,11.32,--,104,117728,卖盘
230,14:40:52,11.32,-0.01,101,114332,卖盘
231,14:40:47,11.33,0.02,261,295713,买盘
232,14:40:42,11.31,-0.01,53,59943,卖盘
233,14:40:37,11.32,0.02,1140,1291464,买盘
234,14:40:32,11.3,-0.01,490,553700,卖盘
235,14:40:27,11.31,0.01,60,67860,买盘
236,14:40:22,11.3,--,1270,1435382,买盘
237,14:40:17,11.3,0.01,416,470080,买盘
238,14:40:12,11.29,--,267,301443,卖盘
239,14:40:07,11.29,--,2345,2647505,卖盘
240,14:40:02,11.29,0.01,3495,3945854,买盘
241,14:39:57,11.28,--,129,145512,卖盘
242,14:39:52,11.28,--,68,76704,卖盘
243,14:39:47,11.28,--,107,120696,卖盘
244,14:39:42,11.28,-0.01,23,25944,卖盘
245,14:39:37,11.29,0.01,1063,1200838,买盘
246,14:39:32,11.28,0.01,164,185262,买盘
247,14:39:27,11.27,-0.01,176,198352,卖盘
248,14:39:22,11.28,0.01,81,91368,买盘
249,14:39:17,11.27,-0.01,127,143129,卖盘
250,14:39:12,11.28,0.01,481,542568,买盘
251,14:39:07,11.27,--,46,51842,卖盘
252,14:39:02,11.27,--,304,342608,卖盘
253,14:38:57,11.27,0.01,263,296401,买盘
254,14:38:52,11.26,--,479,539354,卖盘
255,14:38:47,11.26,-0.01,43,48418,卖盘
256,14:38:42,11.27,--,193,217511,买盘
257,14:38:37,11.27,0.01,77,86779,买盘
258,14:38:32,11.26,-0.01,130,147359,卖盘
259,14:38:27,11.27,--,268,302036,买盘
260,14:38:22,11.27,--,254,286258,买盘
261,14:38:17,11.27,0.01,251,282877,买盘
262,14:38:12,11.26,-0.01,21,23646,卖盘
263,14:38:07,11.27,0.01,87,98049,买盘
264,14:38:02,11.26,--,94,105844,卖盘
265,14:37:57,11.26,--,39,43914,卖盘
266,14:37:52,11.26,0.01,2321,2614538,买盘
267,14:37:47,11.25,--,100,112500,卖盘
268,14:37:42,11.25,--,25,28125,卖盘
269,14:37:37,11.25,--,477,536692,买盘
270,14:37:32,11.25,0.01,88,99978,买盘
271,14:37:27,11.24,--,1,1124,卖盘
272,14:37:22,11.24,-0.01,547,614828,卖盘
273,14:37:17,11.25,0.01,78,87750,买盘
274,14:37:12,11.24,-0.01,56,62944,卖盘
275,14:37:07,11.25,0.01,11,12375,买盘
276,14:37:02,11.24,-0.01,5,5620,中性盘
277,14:36:52,11.25,--,59,66375,买盘
278,14:36:47,11.25,0.01,121,136417,买盘
279,14:36:42,11.24,--,11,12364,卖盘
280,14:36:37,11.24,--,27,30348,卖盘
281,14:36:32,11.24,--,70,79657,卖盘
282,14:36:27,11.24,--,44,49456,卖盘
283,14:36:22,11.24,--,252,283248,卖盘
284,14:36:17,11.24,--,271,304604,卖盘
285,14:36:12,11.24,--,10,11240,卖盘
286,14:36:07,11.24,-0.01,353,396772,卖盘
287,14:36:02,11.25,0.01,139,156375,买盘
288,14:35:57,11.24,--,40,44960,卖盘
289,14:35:47,11.24,-0.01,13,14612,卖盘
290,14:35:42,11.25,0.01,563,633375,买盘
291,14:35:36,11.24,--,168,188832,卖盘
292,14:35:32,11.24,--,37,42622,卖盘
293,14:35:27,11.24,--,133,150559,卖盘
294,14:35:21,11.24,-0.01,407,457468,卖盘
295,14:35:17,11.25,--,68,76500,买盘
296,14:35:12,11.25,--,268,301500,买盘
297,14:35:06,11.25,0.01,125,140625,买盘
298,14:35:02,11.24,--,200,224800,卖盘
299,14:34:57,11.24,--,143,160732,卖盘
300,14:34:51,11.24,-0.01,2,2248,卖盘
301,14:34:46,11.25,--,290,326250,买盘
302,14:34:42,11.25,--,23,25875,买盘
303,14:34:36,11.25,0.01,5,5625,买盘
304,14:34:31,11.24,-0.01,275,309100,卖盘
305,14:34:26,11.25,--,41,46125,买盘
306,14:34:21,11.25,0.01,196,220500,买盘
307,14:34:16,11.24,-0.01,18,20232,卖盘
308,14:34:11,11.25,--,235,264375,买盘
309,14:34:06,11.25,0.01,99,111375,买盘
310,14:34:01,11.24,--,17,19108,卖盘
311,14:33:56,11.24,--,83,93292,卖盘
312,14:33:51,11.24,--,14,15736,卖盘
313,14:33:46,11.24,--,5,5620,卖盘
314,14:33:41,11.24,-0.01,103,115772,买盘
315,14:33:36,11.25,0.01,104,117000,买盘
316,14:33:31,11.24,--,72,81085,卖盘
317,14:33:26,11.24,--,26,30336,卖盘
318,14:33:21,11.24,--,10,11240,卖盘
319,14:33:16,11.24,--,270,304457,卖盘
320,14:33:11,11.24,--,56,62944,卖盘
321,14:33:06,11.24,--,40,44960,卖盘
322,14:33:01,11.24,0.01,290,325960,买盘
323,14:32:56,11.23,-0.01,22,24706,卖盘
324,14:32:51,11.24,--,5,5620,买盘
325,14:32:46,11.24,--,122,137128,买盘
326,14:32:41,11.24,--,106,119144,买盘
327,14:32:36,11.24,0.01,50,56200,买盘
328,14:32:31,11.23,--,18,20214,卖盘
329,14:32:26,11.23,-0.02,13,14599,卖盘
330,14:32:21,11.25,--,0,0,买盘
331,14:32:16,11.25,0.01,107,120375,买盘
332,14:32:11,11.24,0.01,233,261892,买盘
333,14:32:06,11.23,--,32,35936,卖盘
334,14:32:01,11.23,-0.01,176,197648,卖盘
335,14:31:56,11.24,--,71,79804,卖盘
336,14:31:51,11.24,-0.01,35,39340,卖盘
337,14:31:46,11.25,0.01,1067,1200543,买盘
338,14:31:41,11.24,0.01,369,414756,买盘
339,14:31:36,11.23,--,10,11230,卖盘
340,14:31:31,11.23,--,5,5615,卖盘
341,14:31:26,11.23,-0.01,162,182880,卖盘
342,14:31:21,11.24,--,115,129260,卖盘
343,14:31:16,11.24,0.01,202,227104,买盘
344,14:31:11,11.23,-0.01,381,428952,卖盘
345,14:31:06,11.24,--,307,345068,买盘
346,14:31:01,11.24,--,22,24728,买盘
347,14:30:56,11.24,--,540,606960,买盘
348,14:30:51,11.24,--,758,852565,卖盘
349,14:30:46,11.24,--,181,203444,卖盘
350,14:30:41,11.24,--,105,118020,卖盘
351,14:30:36,11.24,--,40,44960,卖盘
352,14:30:31,11.24,--,350,393400,卖盘
353,14:30:26,11.24,--,138,155112,卖盘
354,14:30:21,11.24,--,121,136004,卖盘
355,14:30:16,11.24,--,135,151740,卖盘
356,14:30:11,11.24,--,154,173096,卖盘
357,14:30:06,11.24,--,277,311348,卖盘
358,14:30:01,11.24,--,403,452972,卖盘
359,14:29:56,11.24,--,107,120268,卖盘
360,14:29:51,11.24,--,220,247280,卖盘
361,14:29:46,11.24,--,151,169724,卖盘
362,14:29:41,11.24,--,138,155112,卖盘
363,14:29:36,11.24,-0.01,39,43836,卖盘
364,14:29:31,11.25,0.01,97,109125,买盘
365,14:29:26,11.24,--,60,68271,卖盘
366,14:29:21,11.24,--,40,44960,卖盘
367,14:29:16,11.24,--,215,241660,卖盘
368,14:29:11,11.24,-0.01,210,237017,卖盘
369,14:29:06,11.25,0.01,208,234000,买盘
370,14:29:00,11.24,-0.01,6,6744,卖盘
371,14:28:56,11.25,--,472,531000,卖盘
372,14:28:51,11.25,0.01,198,222750,买盘
373,14:28:45,11.24,-0.01,38,42712,卖盘
374,14:28:41,11.25,--,310,348750,买盘
375,14:28:36,11.25,--,203,228375,买盘
376,14:28:30,11.25,--,5,5625,买盘
377,14:28:26,11.25,-0.01,387,435375,卖盘
378,14:28:21,11.26,0.01,321,361446,买盘
379,14:28:15,11.25,--,113,127125,卖盘
380,14:28:11,11.25,--,128,144000,卖盘
381,14:28:06,11.25,--,680,765000,卖盘
382,14:28:00,11.25,--,248,279000,卖盘
383,14:27:56,11.25,--,251,282375,卖盘
384,14:27:51,11.25,--,136,153000,卖盘
385,14:27:45,11.25,--,25,28125,卖盘
386,14:27:41,11.25,--,135,151875,买盘
387,14:27:36,11.25,--,145,163158,卖盘
388,14:27:30,11.25,--,21,23625,卖盘
389,14:27:26,11.25,--,316,356591,买盘
390,14:27:21,11.25,--,467,525408,卖盘
391,14:27:15,11.25,--,206,231750,卖盘
392,14:27:11,11.25,-0.01,275,310353,卖盘
393,14:27:06,11.26,0.01,346,389596,买盘
394,14:27:00,11.25,--,260,292500,卖盘
395,14:26:55,11.25,-0.01,423,475875,卖盘
396,14:26:51,11.26,0.01,118,132868,买盘
397,14:26:45,11.25,-0.01,15,16875,卖盘
398,14:26:40,11.26,0.01,159,179034,买盘
399,14:26:35,11.25,--,106,119250,卖盘
400,14:26:30,11.25,-0.01,417,469125,卖盘
401,14:26:25,11.26,--,16,18016,买盘
402,14:26:20,11.26,--,175,197050,买盘
403,14:26:15,11.26,0.01,99,111474,买盘
404,14:26:10,11.25,--,112,126000,卖盘
405,14:26:05,11.25,--,45,50625,卖盘
406,14:26:00,11.25,--,201,226237,买盘
407,14:25:55,11.25,--,610,686250,买盘
408,14:25:50,11.25,--,835,939375,买盘
409,14:25:44,11.25,--,116,130500,买盘
410,14:25:40,11.25,--,274,308250,买盘
411,14:25:35,11.25,--,703,790875,买盘
412,14:25:30,11.25,0.01,66,74250,买盘
413,14:25:25,11.24,-0.01,393,441732,卖盘
414,14:25:20,11.25,--,147,165375,买盘
415,14:25:15,11.25,--,123,138375,买盘
416,14:25:10,11.25,--,477,537603,买盘
417,14:25:05,11.25,--,201,226125,买盘
418,14:25:00,11.25,--,487,547886,买盘
419,14:24:55,11.25,--,672,756000,买盘
420,14:24:50,11.25,0.01,219,246375,买盘
421,14:24:45,11.24,--,42,47208,卖盘
422,14:24:40,11.24,--,30,33720,卖盘
423,14:24:35,11.24,0.01,736,827264,买盘
424,14:24:30,11.23,-0.01,840,943320,卖盘
425,14:24:25,11.24,--,93,104532,买盘
426,14:24:20,11.24,--,264,296736,买盘
427,14:24:15,11.24,0.01,54,60696,买盘
428,14:24:10,11.23,--,10,11230,卖盘
429,14:24:05,11.23,--,97,108931,卖盘
430,14:24:00,11.23,--,10,11230,卖盘
431,14:23:55,11.23,0.01,1606,1803538,买盘
432,14:23:50,11.22,--,202,226644,卖盘
433,14:23:44,11.22,-0.01,378,424116,卖盘
434,14:23:40,11.23,0.01,997,1119631,买盘
435,14:23:35,11.22,--,22,24684,卖盘
436,14:23:30,11.22,--,104,116688,卖盘
437,14:23:25,11.22,--,70,78540,卖盘
438,14:23:20,11.22,--,75,84150,卖盘
439,14:23:14,11.22,--,2,2244,卖盘
440,14:23:10,11.22,0.01,63,71437,买盘
441,14:23:05,11.21,-0.01,420,471795,卖盘
442,14:22:55,11.22,--,206,231132,买盘
443,14:22:50,11.22,--,396,444312,买盘
444,14:22:45,11.22,0.01,14,15708,买盘
445,14:22:40,11.21,--,402,450642,卖盘
446,14:22:35,11.21,-0.01,135,151335,卖盘
447,14:22:30,11.22,--,43,48246,买盘
448,14:22:25,11.22,0.01,100,112200,买盘
449,14:22:20,11.21,--,175,196175,卖盘
450,14:22:15,11.21,-0.01,102,114342,卖盘
451,14:22:10,11.22,--,62,69564,买盘
452,14:22:05,11.22,--,28,31416,买盘
453,14:22:00,11.22,--,17,19074,买盘
454,14:21:55,11.22,--,369,414018,买盘
455,14:21:50,11.22,0.01,355,398310,买盘
456,14:21:45,11.21,-0.01,305,341905,卖盘
457,14:21:35,11.22,0.01,75,84150,买盘
458,14:21:30,11.21,--,24,26904,卖盘
459,14:21:24,11.21,--,16,17936,卖盘
460,14:21:20,11.21,--,255,286807,买盘
461,14:21:15,11.21,0.01,39,43719,买盘
462,14:21:09,11.2,--,193,216160,卖盘
463,14:21:05,11.2,-0.01,43,49134,卖盘
464,14:21:00,11.21,--,279,312759,买盘
465,14:20:53,11.21,--,16,17936,买盘
466,14:20:50,11.21,--,306,343026,买盘
467,14:20:45,11.21,--,100,112100,买盘
468,14:20:38,11.21,0.01,400,448400,买盘
469,14:20:35,11.2,-0.01,61,68320,卖盘
470,14:20:30,11.21,0.01,35,39235,买盘
471,14:20:24,11.2,-0.01,3,3360,卖盘
472,14:20:20,11.21,--,125,140125,买盘
473,14:20:15,11.21,0.01,280,313880,买盘
474,14:20:09,11.2,-0.01,100,112000,卖盘
475,14:20:05,11.21,0.01,15,16815,买盘
476,14:20:00,11.2,--,72,80640,卖盘
477,14:19:54,11.2,-0.01,11,12320,卖盘
478,14:19:50,11.21,0.01,1480,1659080,买盘
479,14:19:44,11.2,0.01,17,19040,中性盘
480,14:19:39,11.19,--,38,42522,卖盘
481,14:19:35,11.19,-0.01,861,963459,卖盘
482,14:19:30,11.2,--,146,163542,卖盘
483,14:19:24,11.2,0.01,217,244137,买盘
484,14:19:20,11.19,--,111,124209,卖盘
485,14:19:15,11.19,--,441,493479,卖盘
486,14:19:09,11.19,--,2,2238,卖盘
487,14:19:05,11.19,-0.01,47,53566,卖盘
488,14:18:59,11.2,0.01,156,174720,买盘
489,14:18:50,11.19,--,79,88401,卖盘
490,14:18:44,11.19,-0.01,13,14547,卖盘
491,14:18:35,11.2,0.01,57,63839,买盘
492,14:18:29,11.19,--,9,10071,卖盘
493,14:18:24,11.19,-0.01,3,3357,卖盘
494,14:18:19,11.2,--,36,40320,买盘
495,14:18:15,11.2,--,85,95200,买盘
496,14:18:08,11.2,--,6,6720,买盘
497,14:18:04,11.2,--,76,85120,买盘
498,14:17:59,11.2,0.01,31,34720,买盘
499,14:17:49,11.19,-0.01,26,29094,卖盘
500,14:17:44,11.2,0.01,66,73920,买盘
501,14:17:39,11.19,--,15,16785,卖盘
502,14:17:34,11.19,-0.01,27,30213,卖盘
503,14:17:23,11.2,0.01,61,68320,买盘
504,14:17:19,11.19,--,27,30213,卖盘
505,14:17:14,11.19,--,15,16785,卖盘
506,14:17:04,11.19,--,20,23252,卖盘
507,14:16:59,11.19,--,63,70597,卖盘
508,14:16:53,11.19,-0.01,320,358080,卖盘
509,14:16:49,11.2,0.01,21,23520,买盘
510,14:16:44,11.19,-0.01,160,179040,卖盘
511,14:16:34,11.2,0.01,2,2240,买盘
512,14:16:23,11.19,--,20,22380,卖盘
513,14:16:19,11.19,--,20,22380,卖盘
514,14:16:14,11.19,--,5,5595,卖盘
515,14:16:08,11.19,--,40,44760,卖盘
516,14:16:04,11.19,--,215,240585,卖盘
517,14:15:53,11.19,--,4,4476,卖盘
518,14:15:49,11.19,--,26,29094,卖盘
519,14:15:44,11.19,--,2,2238,卖盘
520,14:15:38,11.19,-0.01,13,14547,卖盘
521,14:15:34,11.2,0.01,11,12320,买盘
522,14:15:29,11.19,--,16,17904,卖盘
523,14:15:23,11.19,-0.01,20,22380,卖盘
524,14:15:19,11.2,0.01,22,24640,买盘
525,14:15:14,11.19,-0.01,24,26856,卖盘
526,14:15:04,11.2,--,31,35795,买盘
527,14:14:59,11.2,--,106,119739,买盘
528,14:14:53,11.2,0.01,32,35840,买盘
529,14:14:49,11.19,-0.01,122,136518,卖盘
530,14:14:44,11.2,--,6,6720,买盘
531,14:14:38,11.2,0.01,6,6720,买盘
532,14:14:32,11.19,--,54,60426,卖盘
533,14:14:29,11.19,--,315,352485,卖盘
534,14:14:23,11.19,--,20,22380,卖盘
535,14:14:17,11.19,-0.01,301,336819,卖盘
536,14:14:14,11.2,0.01,17,19040,买盘
537,14:14:08,11.19,--,45,50355,卖盘
538,14:13:59,11.19,--,15,16785,卖盘
539,14:13:53,11.19,-0.01,2,2238,卖盘
540,14:13:47,11.2,--,8,8960,买盘
541,14:13:44,11.2,--,6,6720,买盘
542,14:13:38,11.2,--,130,145600,买盘
543,14:13:32,11.2,0.01,23,25760,买盘
544,14:13:29,11.19,--,140,156660,卖盘
545,14:13:23,11.19,--,50,55950,卖盘
546,14:13:17,11.19,-0.01,36,40284,卖盘
547,14:13:14,11.2,--,15,16800,买盘
548,14:13:08,11.2,0.01,23,25760,买盘
549,14:12:59,11.19,-0.01,29,33424,卖盘
550,14:12:53,11.2,--,137,153440,卖盘
551,14:12:47,11.2,--,3,3360,卖盘
552,14:12:44,11.2,--,71,79520,卖盘
553,14:12:38,11.2,-0.01,86,96320,卖盘
554,14:12:32,11.21,0.02,206,230926,买盘
555,14:12:29,11.19,-0.01,236,264084,卖盘
556,14:12:23,11.2,--,31,34720,买盘
557,14:12:17,11.2,--,106,118719,买盘
558,14:12:14,11.2,--,26,29119,买盘
559,14:12:08,11.2,0.01,22,24640,买盘
560,14:12:02,11.19,-0.01,303,339057,卖盘
561,14:11:58,11.2,--,22,24640,卖盘
562,14:11:53,11.2,--,31,34720,卖盘
563,14:11:47,11.2,-0.01,58,64959,卖盘
564,14:11:43,11.21,0.01,79,88559,买盘
565,14:11:38,11.2,--,45,50400,卖盘
566,14:11:32,11.2,--,119,133280,买盘
567,14:11:28,11.2,0.01,4,4480,买盘
568,14:11:23,11.19,-0.01,152,170088,卖盘
569,14:11:17,11.2,-0.01,31,34720,卖盘
570,14:11:13,11.21,0.01,62,69502,买盘
571,14:11:08,11.2,-0.01,30,33600,买盘
572,14:10:58,11.21,--,141,159036,买盘
573,14:10:43,11.21,0.01,17,19057,买盘
574,14:10:38,11.2,-0.01,18,20160,卖盘
575,14:10:32,11.21,--,52,58292,买盘
576,14:10:28,11.21,--,102,114342,买盘
577,14:10:23,11.21,0.01,15,16815,买盘
578,14:10:17,11.2,-0.01,3,3360,买盘
579,14:10:13,11.21,0.01,61,68381,买盘
580,14:10:08,11.2,--,45,50400,卖盘
581,14:10:02,11.2,--,72,80640,卖盘
582,14:09:58,11.2,--,95,106400,卖盘
583,14:09:53,11.2,--,34,38080,卖盘
584,14:09:47,11.2,--,33,36960,卖盘
585,14:09:43,11.2,--,666,745920,卖盘
586,14:09:38,11.2,-0.01,12,13440,卖盘
587,14:09:28,11.21,--,6,6726,买盘
588,14:09:23,11.21,--,310,347510,买盘
589,14:09:17,11.21,--,9,10089,买盘
590,14:09:08,11.21,--,30,33630,买盘
591,14:09:02,11.21,--,222,249007,卖盘
592,14:08:58,11.21,--,312,349830,卖盘
593,14:08:53,11.21,-0.01,103,116359,卖盘
594,14:08:47,11.22,--,26,29172,买盘
595,14:08:43,11.22,0.01,11,12342,买盘
596,14:08:38,11.21,--,84,94164,卖盘
597,14:08:32,11.21,-0.01,16,17936,卖盘
598,14:08:28,11.22,0.01,100,112200,买盘
599,14:08:23,11.21,--,139,155819,卖盘
600,14:08:17,11.21,--,5,5605,卖盘
601,14:08:08,11.21,--,15,16815,卖盘
602,14:08:02,11.21,--,26,29146,卖盘
603,14:07:58,11.21,--,30,33630,卖盘
604,14:07:53,11.21,--,27,30267,卖盘
605,14:07:47,11.21,0.01,426,477546,买盘
606,14:07:43,11.2,--,2,2240,卖盘
607,14:07:38,11.2,--,10,11200,卖盘
608,14:07:32,11.2,-0.01,2,2240,卖盘
609,14:07:26,11.21,0.01,35,39235,买盘
610,14:07:23,11.2,--,105,117599,卖盘
611,14:07:17,11.2,--,60,67200,卖盘
612,14:07:11,11.2,-0.01,6,6720,卖盘
613,14:07:08,11.21,--,2,2242,买盘
614,14:07:02,11.21,0.01,192,215232,买盘
615,14:06:56,11.2,-0.01,10,11704,卖盘
616,14:06:53,11.21,--,124,139474,买盘
617,14:06:47,11.21,--,14,15694,买盘
618,14:06:41,11.21,0.01,25,28025,买盘
619,14:06:38,11.2,-0.01,100,112000,卖盘
620,14:06:26,11.21,0.01,17,19057,买盘
621,14:06:17,11.2,-0.01,10,11200,卖盘
622,14:06:11,11.21,--,154,172634,买盘
623,14:06:08,11.21,-0.01,50,56050,中性盘
624,14:06:02,11.22,0.02,16,17952,买盘
625,14:05:53,11.2,--,24,26880,卖盘
626,14:05:47,11.2,--,17,19040,卖盘
627,14:05:41,11.2,-0.01,46,51520,卖盘
628,14:05:38,11.21,0.01,23,25783,买盘
629,14:05:32,11.2,--,46,51520,卖盘
630,14:05:26,11.2,--,5,5600,卖盘
631,14:05:22,11.2,--,104,116479,卖盘
632,14:05:17,11.2,--,6,6720,卖盘
633,14:05:08,11.2,-0.01,12,13440,卖盘
634,14:05:02,11.21,0.01,25,28025,买盘
635,14:04:56,11.2,--,67,75040,卖盘
636,14:04:52,11.2,--,46,52494,卖盘
637,14:04:47,11.2,--,121,135520,卖盘
638,14:04:41,11.2,--,1,1120,卖盘
639,14:04:37,11.2,--,1020,1142400,卖盘
640,14:04:26,11.2,--,0,0,卖盘
641,14:04:22,11.2,-0.01,12,13440,卖盘
642,14:04:17,11.21,0.01,9,10089,中性盘
643,14:04:11,11.2,-0.01,50,56000,卖盘
644,14:04:07,11.21,0.01,110,123310,卖盘
645,14:04:02,11.2,--,0,0,卖盘
646,14:03:56,11.2,-0.02,8,8960,卖盘
647,14:03:52,11.22,0.01,130,145860,买盘
648,14:03:47,11.21,--,5,5605,买盘
649,14:03:41,11.21,0.01,20,22420,买盘
650,14:03:37,11.2,-0.01,392,439040,卖盘
651,14:03:32,11.21,--,8,8968,卖盘
652,14:03:26,11.21,--,10,11210,卖盘
653,14:03:22,11.21,--,158,177118,卖盘
654,14:03:17,11.21,--,5,5605,卖盘
655,14:03:11,11.21,--,32,35872,卖盘
656,14:03:07,11.21,--,39,43719,卖盘
657,14:03:02,11.21,--,109,122189,卖盘
658,14:02:56,11.21,--,4,4484,卖盘
659,14:02:52,11.21,--,32,36847,卖盘
660,14:02:47,11.21,--,48,53808,卖盘
661,14:02:37,11.21,--,10,11210,卖盘
662,14:02:32,11.21,--,57,63897,卖盘
663,14:02:26,11.21,--,5,5605,卖盘
664,14:02:22,11.21,--,40,44840,卖盘
665,14:02:17,11.21,--,46,51566,卖盘
666,14:02:11,11.21,--,22,24662,卖盘
667,14:02:07,11.21,--,26,29146,卖盘
668,14:02:02,11.21,--,5,5605,卖盘
669,14:01:52,11.21,0.01,808,906754,买盘
670,14:01:47,11.2,--,39,43825,卖盘
671,14:01:37,11.2,--,144,162254,买盘
672,14:01:32,11.2,--,4,4480,买盘
673,14:01:26,11.2,--,10,11200,买盘
674,14:01:22,11.2,--,28,31359,买盘
675,14:01:17,11.2,--,75,84000,买盘
676,14:01:11,11.2,--,37,41440,买盘
677,14:01:06,11.2,--,21,23520,买盘
678,14:01:01,11.2,--,10,11200,买盘
679,14:00:56,11.2,--,2,2240,买盘
680,14:00:52,11.2,0.01,50,56414,买盘
681,14:00:47,11.19,-0.01,37,41962,卖盘
682,14:00:41,11.2,--,39,43680,买盘
683,14:00:35,11.2,0.01,10,11200,买盘
684,14:00:32,11.19,-0.01,47,52593,卖盘
685,14:00:20,11.2,--,20,22400,买盘
686,14:00:11,11.2,0.01,13,14559,买盘
687,13:59:47,11.19,-0.01,23,26106,卖盘
688,13:59:41,11.2,--,20,22400,买盘
689,13:59:35,11.2,--,31,34720,买盘
690,13:59:32,11.2,-0.01,355,397745,卖盘
691,13:59:26,11.21,--,13,14573,买盘
692,13:59:17,11.21,--,51,57922,卖盘
693,13:59:11,11.21,--,109,122189,卖盘
694,13:59:05,11.21,--,10,11210,卖盘
695,13:59:02,11.21,--,40,44840,卖盘
696,13:58:56,11.21,--,14,15694,卖盘
697,13:58:50,11.21,--,20,22420,卖盘
698,13:58:46,11.21,--,49,55904,卖盘
699,13:58:35,11.21,--,38,42598,卖盘
700,13:58:32,11.21,--,5,5605,卖盘
701,13:58:20,11.21,-0.01,30,33630,卖盘
702,13:58:17,11.22,0.01,126,141372,买盘
703,13:58:11,11.21,-0.01,32,35872,卖盘
704,13:58:05,11.22,--,252,282744,买盘
705,13:57:56,11.22,0.01,40,44880,买盘
706,13:57:50,11.21,--,15,16815,卖盘
707,13:57:46,11.21,--,12,13452,卖盘
708,13:57:41,11.21,--,312,349752,卖盘
709,13:57:31,11.21,--,205,229805,卖盘
710,13:57:26,11.21,--,43,48203,卖盘
711,13:57:17,11.21,-0.01,1,1121,卖盘
712,13:57:11,11.22,0.01,76,85272,买盘
713,13:57:05,11.21,--,20,22420,卖盘
714,13:57:01,11.21,--,16,17936,卖盘
715,13:56:56,11.21,--,37,41477,卖盘
716,13:56:50,11.21,--,178,199538,卖盘
717,13:56:46,11.21,-0.01,174,196029,卖盘
718,13:56:41,11.22,0.01,49,54978,买盘
719,13:56:35,11.21,-0.01,4,4484,卖盘
720,13:56:31,11.22,0.01,82,92004,买盘
721,13:56:16,11.21,-0.01,0,807,卖盘
722,13:56:05,11.22,--,1,1122,买盘
723,13:56:01,11.22,--,3,3366,买盘
724,13:55:56,11.22,0.01,41,46002,买盘
725,13:55:50,11.21,-0.01,53,59413,卖盘
726,13:55:46,11.22,--,55,61710,买盘
727,13:55:41,11.22,--,16,17952,买盘
728,13:55:35,11.22,--,100,112200,买盘
729,13:55:31,11.22,--,15,16830,买盘
730,13:55:26,11.22,--,38,42636,买盘
731,13:55:20,11.22,--,142,159324,买盘
732,13:55:16,11.22,--,78,87516,买盘
733,13:55:11,11.22,--,83,93126,买盘
734,13:55:01,11.22,--,14,15708,买盘
735,13:54:56,11.22,--,24,26928,买盘
736,13:54:46,11.22,--,242,272500,买盘
737,13:54:41,11.22,0.01,21,23562,买盘
738,13:54:35,11.21,-0.01,17,19057,卖盘
739,13:54:31,11.22,--,6,6732,买盘
740,13:54:26,11.22,--,8,8976,买盘
741,13:54:20,11.22,0.01,15,16830,买盘
742,13:54:16,11.21,--,11,12331,卖盘
743,13:54:11,11.21,-0.01,305,341905,卖盘
744,13:54:05,11.22,0.01,15,16830,买盘
745,13:54:01,11.21,--,66,73986,卖盘
746,13:53:56,11.21,--,4,4484,卖盘
747,13:53:46,11.21,--,94,105374,卖盘
748,13:53:41,11.21,0.01,343,384503,买盘
749,13:53:35,11.2,-0.01,15,16800,卖盘
750,13:53:31,11.21,0.01,18,20178,买盘
751,13:53:25,11.2,--,1019,1141280,卖盘
752,13:53:20,11.2,--,48,53760,卖盘
753,13:53:14,11.2,--,97,108640,卖盘
754,13:53:10,11.2,--,17,19040,卖盘
755,13:53:05,11.2,--,15,16800,卖盘
756,13:52:55,11.2,--,128,143360,卖盘
757,13:52:50,11.2,-0.01,6,6720,卖盘
758,13:52:44,11.21,0.01,10,11546,买盘
759,13:52:40,11.2,--,53,59998,卖盘
760,13:52:35,11.2,-0.01,20,22400,卖盘
761,13:52:25,11.21,0.01,49,54929,买盘
762,13:52:10,11.2,--,223,249759,卖盘
763,13:51:59,11.2,--,27,30239,卖盘
764,13:51:55,11.2,--,60,67200,卖盘
765,13:51:50,11.2,--,21,23520,卖盘
766,13:51:44,11.2,--,10,11200,卖盘
767,13:51:40,11.2,--,36,40320,卖盘
768,13:51:35,11.2,--,11,12320,卖盘
769,13:51:20,11.2,--,19,21280,卖盘
770,13:51:10,11.2,-0.01,13,14559,卖盘
771,13:51:05,11.21,--,45,50445,买盘
772,13:50:59,11.21,--,11,12331,买盘
773,13:50:55,11.21,0.01,98,109858,买盘
774,13:50:50,11.2,--,23,25760,卖盘
775,13:50:40,11.2,-0.01,48,54734,卖盘
776,13:50:35,11.21,0.01,7,7847,买盘
777,13:50:25,11.2,-0.01,152,170240,卖盘
778,13:50:20,11.21,0.01,61,68381,买盘
779,13:50:10,11.2,--,10,11200,卖盘
780,13:49:59,11.2,--,2,2240,卖盘
781,13:49:55,11.2,-0.01,179,200480,卖盘
782,13:49:50,11.21,0.01,44,49324,买盘
783,13:49:44,11.2,--,102,114240,卖盘
784,13:49:35,11.2,--,15,16800,卖盘
785,13:49:29,11.2,--,5,5600,卖盘
786,13:49:10,11.2,--,5,5600,卖盘
787,13:49:05,11.2,-0.01,5,5600,卖盘
788,13:48:59,11.21,0.01,20,22420,买盘
789,13:48:55,11.2,--,41,45920,卖盘
790,13:48:50,11.2,--,10,11200,卖盘
791,13:48:40,11.2,-0.01,51,58094,卖盘
792,13:48:35,11.21,--,40,44840,买盘
793,13:48:25,11.21,0.01,5,5605,买盘
794,13:48:20,11.2,--,5,5600,卖盘
795,13:48:14,11.2,--,4,4480,卖盘
796,13:48:05,11.2,--,15,16800,卖盘
797,13:47:59,11.2,-0.01,26,29119,卖盘
798,13:47:55,11.21,--,88,98648,买盘
799,13:47:50,11.21,--,1,1121,买盘
800,13:47:44,11.21,0.01,4,4484,买盘
801,13:47:40,11.2,--,34,38080,卖盘
802,13:47:35,11.2,--,59,66080,卖盘
803,13:47:29,11.2,--,4,4480,卖盘
804,13:47:20,11.2,--,27,30239,卖盘
805,13:47:10,11.2,--,5,5600,卖盘
806,13:47:05,11.2,-0.01,19,21280,卖盘
807,13:46:59,11.21,--,35,39235,买盘
808,13:46:55,11.21,0.01,41,45961,买盘
809,13:46:50,11.2,-0.01,25,28000,卖盘
810,13:46:40,11.21,--,85,96260,买盘
811,13:46:35,11.21,--,30,33630,买盘
812,13:46:29,11.21,0.01,219,245499,买盘
813,13:46:25,11.2,-0.01,62,69440,卖盘
814,13:46:20,11.21,0.01,10,11210,买盘
815,13:46:14,11.2,--,18,20160,卖盘
816,13:46:10,11.2,-0.01,320,358400,卖盘
817,13:45:59,11.21,--,48,53808,买盘
818,13:45:55,11.21,--,63,70623,买盘
819,13:45:44,11.21,--,28,31388,买盘
820,13:45:40,11.21,0.01,11,12331,买盘
821,13:45:35,11.2,-0.01,61,68320,卖盘
822,13:45:29,11.21,0.01,43,48203,买盘
823,13:45:14,11.2,--,21,23520,卖盘
824,13:45:08,11.2,-0.01,1,1120,卖盘
825,13:45:05,11.21,0.01,84,94164,买盘
826,13:44:59,11.2,-0.01,58,64959,卖盘
827,13:44:49,11.21,0.01,19,21299,买盘
828,13:44:44,11.2,--,5,5600,卖盘
829,13:44:38,11.2,--,11,12947,卖盘
830,13:44:34,11.2,--,134,150427,卖盘
831,13:44:29,11.2,--,6,6720,卖盘
832,13:44:19,11.2,--,346,387520,卖盘
833,13:44:14,11.2,--,1,1120,卖盘
834,13:44:08,11.2,0.01,2431,2723168,买盘
835,13:44:04,11.19,--,50,55950,买盘
836,13:43:59,11.19,--,203,227157,买盘
837,13:43:49,11.19,--,119,133161,买盘
838,13:43:44,11.19,0.01,15,16785,买盘
839,13:43:29,11.18,-0.01,9,10062,卖盘
840,13:43:23,11.19,0.01,45,50355,买盘
841,13:43:19,11.18,--,10,11180,卖盘
842,13:43:14,11.18,--,41,45838,卖盘
843,13:43:08,11.18,-0.01,20,22360,卖盘
844,13:43:04,11.19,0.01,35,39165,买盘
845,13:42:59,11.18,--,118,131924,卖盘
846,13:42:53,11.18,--,7,7826,卖盘
847,13:42:49,11.18,--,19,21242,卖盘
848,13:42:44,11.18,--,11,12298,卖盘
849,13:42:34,11.18,-0.01,79,89294,卖盘
850,13:42:19,11.19,--,14,15666,买盘
851,13:42:14,11.19,0.01,56,62664,买盘
852,13:42:08,11.18,--,175,195650,卖盘
853,13:42:04,11.18,-0.01,8,8944,卖盘
854,13:41:53,11.19,0.01,78,87282,买盘
855,13:41:49,11.18,-0.01,12,13416,卖盘
856,13:41:44,11.19,--,13,14547,买盘
857,13:41:29,11.19,--,28,31332,买盘
858,13:41:23,11.19,--,44,49761,卖盘
859,13:41:19,11.19,-0.01,12,13428,卖盘
860,13:41:14,11.2,--,137,153440,买盘
861,13:41:08,11.2,0.01,5,5600,买盘
862,13:41:04,11.19,--,165,184635,卖盘
863,13:40:59,11.19,-0.01,65,72735,卖盘
864,13:40:53,11.2,0.01,16,17920,买盘
865,13:40:49,11.19,--,65,72936,卖盘
866,13:40:44,11.19,--,10,11190,卖盘
867,13:40:38,11.19,--,5,5595,卖盘
868,13:40:34,11.19,--,35,40138,卖盘
869,13:40:29,11.19,--,86,96234,卖盘
870,13:40:23,11.19,--,4,4476,卖盘
871,13:40:19,11.19,--,25,27975,卖盘
872,13:40:14,11.19,--,35,39165,卖盘
873,13:40:08,11.19,-0.01,53,59307,卖盘
874,13:40:04,11.2,0.01,10,11200,买盘
875,13:39:59,11.19,--,69,77211,卖盘
876,13:39:53,11.19,--,23,25737,卖盘
877,13:39:49,11.19,-0.01,9,10071,卖盘
878,13:39:44,11.2,0.01,3,3360,买盘
879,13:39:38,11.19,--,91,101829,卖盘
880,13:39:29,11.19,--,31,34689,卖盘
881,13:39:23,11.19,--,41,45879,卖盘
882,13:39:14,11.19,--,15,16785,卖盘
883,13:39:08,11.19,--,14,15666,卖盘
884,13:39:04,11.19,--,11,12309,卖盘
885,13:38:59,11.19,--,43,48117,卖盘
886,13:38:53,11.19,--,10,11190,卖盘
887,13:38:44,11.19,--,21,23499,卖盘
888,13:38:38,11.19,--,4,4476,卖盘
889,13:38:34,11.19,--,9,11100,卖盘
890,13:38:29,11.19,--,85,96178,卖盘
891,13:38:23,11.19,--,70,78330,卖盘
892,13:38:17,11.19,-0.01,204,228276,卖盘
893,13:38:14,11.2,--,32,35840,买盘
894,13:38:08,11.2,0.01,20,22400,买盘
895,13:37:58,11.19,--,115,128685,卖盘
896,13:37:47,11.19,--,160,179040,卖盘
897,13:37:43,11.19,--,14,15666,卖盘
898,13:37:38,11.19,-0.01,29,32451,卖盘
899,13:37:32,11.2,0.01,16,17920,买盘
900,13:37:28,11.19,-0.01,100,111900,卖盘
901,13:37:23,11.2,--,1,1120,买盘
902,13:37:17,11.2,--,20,22400,买盘
903,13:37:13,11.2,0.01,36,40320,买盘
904,13:36:58,11.19,--,20,22380,卖盘
905,13:36:53,11.19,--,150,167850,卖盘
906,13:36:32,11.19,--,11,12309,卖盘
907,13:36:28,11.19,--,30,34543,卖盘
908,13:36:23,11.19,--,24,26856,卖盘
909,13:36:17,11.19,--,183,204777,卖盘
910,13:36:13,11.19,-0.01,56,62664,卖盘
911,13:36:08,11.2,--,1,1120,买盘
912,13:35:58,11.2,--,20,22400,买盘
913,13:35:53,11.2,--,100,112000,买盘
914,13:35:47,11.2,0.01,14,15679,买盘
915,13:35:43,11.19,-0.01,3,3357,卖盘
916,13:35:38,11.2,0.01,40,44800,买盘
917,13:35:32,11.19,-0.01,10,11190,卖盘
918,13:35:28,11.2,--,20,22400,买盘
919,13:35:23,11.2,--,16,17920,买盘
920,13:35:13,11.2,--,10,11200,买盘
921,13:35:08,11.2,-0.01,28,31359,卖盘
922,13:35:02,11.21,--,0,0,买盘
923,13:34:58,11.21,0.01,82,91922,买盘
924,13:34:53,11.2,--,0,974,买盘
925,13:34:43,11.2,--,52,58385,卖盘
926,13:34:38,11.2,--,0,974,买盘
927,13:34:32,11.2,--,7,7985,卖盘
928,13:34:28,11.2,--,58,65934,卖盘
929,13:34:23,11.2,--,27,30239,卖盘
930,13:34:17,11.2,--,57,63839,卖盘
931,13:34:13,11.2,--,8,8960,卖盘
932,13:34:08,11.2,--,45,50400,卖盘
933,13:34:02,11.2,-0.01,21,23520,卖盘
934,13:33:58,11.21,--,44,49324,买盘
935,13:33:53,11.21,0.01,60,67260,买盘
936,13:33:43,11.2,--,96,107520,卖盘
937,13:33:38,11.2,--,26,29119,卖盘
938,13:33:32,11.2,--,79,88480,卖盘
939,13:33:28,11.2,-0.01,11,12320,卖盘
940,13:33:23,11.21,0.01,11,12331,买盘
941,13:33:16,11.2,--,34,38080,卖盘
942,13:33:13,11.2,--,11,12320,卖盘
943,13:33:08,11.2,--,39,43680,卖盘
944,13:33:02,11.2,--,83,92960,买盘
945,13:32:58,11.2,--,31,34720,买盘
946,13:32:52,11.2,--,29,32625,卖盘
947,13:32:47,11.2,--,98,109760,卖盘
948,13:32:43,11.2,-0.01,7,7839,卖盘
949,13:32:38,11.21,0.01,27,30267,买盘
950,13:32:31,11.2,--,10,11200,卖盘
951,13:32:28,11.2,--,64,72654,卖盘
952,13:32:23,11.2,--,22,24640,买盘
953,13:32:17,11.2,--,134,150080,卖盘
954,13:32:12,11.2,--,3,3360,卖盘
955,13:32:08,11.2,--,2,2240,卖盘
956,13:32:01,11.2,--,45,50400,买盘
957,13:31:58,11.2,--,10,11200,买盘
958,13:31:53,11.2,--,33,36960,卖盘
959,13:31:47,11.2,--,65,72800,卖盘
960,13:31:43,11.2,--,24,26880,卖盘
961,13:31:38,11.2,--,13,14559,卖盘
962,13:31:32,11.2,--,37,41440,卖盘
963,13:31:27,11.2,--,10,11300,卖盘
964,13:31:22,11.2,--,6,6720,卖盘
965,13:31:17,11.2,--,9,10080,买盘
966,13:31:11,11.2,--,5,5600,买盘
967,13:31:07,11.2,-0.01,2,2240,中性盘
968,13:31:02,11.21,--,275,308275,买盘
969,13:30:56,11.21,0.01,7,7847,买盘
970,13:30:52,11.2,--,45,50400,卖盘
971,13:30:47,11.2,--,49,54880,卖盘
972,13:30:41,11.2,--,71,79520,卖盘
973,13:30:37,11.2,--,3,3360,卖盘
974,13:30:32,11.2,--,265,296800,买盘
975,13:30:26,11.2,0.01,55,62182,买盘
976,13:30:22,11.19,-0.01,28,31723,卖盘
977,13:30:17,11.2,--,0,0,中性盘
978,13:30:11,11.2,-0.01,10,11200,买盘
979,13:30:07,11.21,0.01,46,51566,买盘
980,13:30:01,11.2,-0.01,21,24024,卖盘
981,13:29:55,11.21,0.01,65,72865,买盘
982,13:29:52,11.2,-0.01,70,78400,卖盘
983,13:29:47,11.21,0.01,135,151335,买盘
984,13:29:41,11.2,--,77,86240,卖盘
985,13:29:32,11.2,--,114,127679,卖盘
986,13:29:26,11.2,--,29,32479,卖盘
987,13:29:22,11.2,--,16,17920,卖盘
988,13:29:17,11.2,--,351,393120,卖盘
989,13:29:07,11.2,--,164,183680,卖盘
990,13:29:02,11.2,-0.01,184,206080,卖盘
991,13:28:56,11.21,0.01,86,96406,买盘
992,13:28:52,11.2,--,107,119839,卖盘
993,13:28:47,11.2,--,12,13440,卖盘
994,13:28:41,11.2,--,460,515199,卖盘
995,13:28:37,11.2,--,28,31359,卖盘
996,13:28:32,11.2,--,126,141120,卖盘
997,13:28:22,11.2,--,126,142094,卖盘
998,13:28:17,11.2,--,22,24640,卖盘
999,13:28:11,11.2,--,2,2240,卖盘
1000,13:28:07,11.2,--,25,28000,卖盘
1001,13:28:01,11.2,--,152,170240,卖盘
1002,13:27:56,11.2,-0.01,152,170240,卖盘
1003,13:27:52,11.21,0.01,6,6726,买盘
1004,13:27:47,11.2,--,85,95200,卖盘
1005,13:27:41,11.2,-0.01,10,11200,卖盘
1006,13:27:37,11.21,0.01,87,97527,买盘
1007,13:27:31,11.2,--,47,52640,卖盘
1008,13:27:26,11.2,--,80,89600,卖盘
1009,13:27:22,11.2,--,30,33600,卖盘
1010,13:27:17,11.2,--,11,12320,卖盘
1011,13:27:10,11.2,--,11,12320,卖盘
1012,13:27:07,11.2,--,5,5600,卖盘
1013,13:27:01,11.2,-0.01,114,127679,卖盘
1014,13:26:56,11.21,0.01,48,54032,买盘
1015,13:26:52,11.2,--,20,22400,卖盘
1016,13:26:47,11.2,-0.01,120,134400,卖盘
1017,13:26:40,11.21,0.01,59,66139,买盘
1018,13:26:37,11.2,--,27,30239,卖盘
1019,13:26:31,11.2,--,40,44800,卖盘
1020,13:26:26,11.2,--,34,38640,卖盘
1021,13:26:22,11.2,--,76,85534,卖盘
1022,13:26:17,11.2,--,72,80640,卖盘
1023,13:26:10,11.2,--,184,206080,卖盘
1024,13:26:07,11.2,--,195,218400,卖盘
1025,13:26:01,11.2,--,91,101920,卖盘
1026,13:25:55,11.2,--,50,56000,卖盘
1027,13:25:46,11.2,--,29,32479,卖盘
1028,13:25:40,11.2,--,1,1120,卖盘
1029,13:25:37,11.2,--,10,11200,卖盘
1030,13:25:31,11.2,--,74,82880,卖盘
1031,13:25:25,11.2,--,9,10080,卖盘
1032,13:25:21,11.2,-0.01,54,60479,卖盘
1033,13:25:16,11.21,--,28,31388,买盘
1034,13:25:10,11.21,0.01,32,35872,买盘
1035,13:25:01,11.2,-0.01,18,20160,卖盘
1036,13:24:55,11.21,--,14,15694,卖盘
1037,13:24:51,11.21,--,1084,1215164,卖盘
1038,13:24:46,11.21,--,25,28025,卖盘
1039,13:24:40,11.21,0.01,17,19057,买盘
1040,13:24:37,11.2,-0.01,30,33600,卖盘
1041,13:24:31,11.21,--,48,53808,买盘
1042,13:24:25,11.21,0.01,26,29146,买盘
1043,13:24:19,11.2,-0.01,33,37934,卖盘
1044,13:24:16,11.21,--,250,280250,卖盘
1045,13:24:10,11.21,--,20,22420,卖盘
1046,13:24:04,11.21,--,105,117705,卖盘
1047,13:24:01,11.21,--,35,39235,卖盘
1048,13:23:55,11.21,--,49,54929,卖盘
1049,13:23:49,11.21,--,48,53808,卖盘
1050,13:23:46,11.21,--,262,293702,卖盘
1051,13:23:40,11.21,--,105,117705,卖盘
1052,13:23:31,11.21,-0.01,1,1121,卖盘
1053,13:23:25,11.22,0.01,25,28050,买盘
1054,13:23:16,11.21,-0.01,17,19057,卖盘
1055,13:23:10,11.22,0.01,20,22440,买盘
1056,13:23:04,11.21,--,6,6726,卖盘
1057,13:23:01,11.21,-0.01,58,65018,卖盘
1058,13:22:55,11.22,--,32,35904,买盘
1059,13:22:46,11.22,--,120,135515,买盘
1060,13:22:40,11.22,--,46,51612,买盘
1061,13:22:34,11.22,--,30,33660,买盘
1062,13:22:31,11.22,0.01,342,383724,买盘
1063,13:22:25,11.21,--,282,316122,卖盘
1064,13:22:19,11.21,--,257,288097,卖盘
1065,13:22:16,11.21,-0.01,22,24662,卖盘
1066,13:22:10,11.22,0.01,47,52734,买盘
1067,13:22:04,11.21,--,35,39235,卖盘
1068,13:22:01,11.21,-0.01,1228,1377585,卖盘
1069,13:21:55,11.22,0.01,23,25806,买盘
1070,13:21:49,11.21,--,15,16815,卖盘
1071,13:21:46,11.21,-0.01,21,23541,卖盘
1072,13:21:40,11.22,--,125,140250,买盘
1073,13:21:34,11.22,--,14,15708,买盘
1074,13:21:31,11.22,--,144,161971,卖盘
1075,13:21:25,11.22,--,554,621588,卖盘
1076,13:21:19,11.22,--,115,129748,买盘
1077,13:21:16,11.22,--,420,471643,卖盘
1078,13:21:10,11.22,--,10,11220,卖盘
1079,13:21:04,11.22,--,227,255412,买盘
1080,13:21:01,11.22,--,52,58344,买盘
1081,13:20:55,11.22,0.01,172,192984,买盘
1082,13:20:49,11.21,-0.01,83,93043,卖盘
1083,13:20:46,11.22,0.01,120,134640,买盘
1084,13:20:40,11.21,-0.01,66,74860,卖盘
1085,13:20:34,11.22,0.01,1020,1144440,买盘
1086,13:20:31,11.21,--,28,31388,卖盘
1087,13:20:25,11.21,--,70,78470,卖盘
1088,13:20:19,11.21,--,46,51891,买盘
1089,13:20:16,11.21,--,209,234289,买盘
1090,13:20:10,11.21,--,210,235410,买盘
1091,13:20:04,11.21,--,309,347184,卖盘
1092,13:20:01,11.21,--,63,70623,卖盘
1093,13:19:55,11.21,--,10,11210,卖盘
1094,13:19:49,11.21,0.01,824,924029,买盘
1095,13:19:46,11.2,--,235,263200,买盘
1096,13:19:40,11.2,--,226,253119,买盘
1097,13:19:34,11.2,--,2102,2354240,卖盘
1098,13:19:31,11.2,--,5,5600,卖盘
1099,13:19:25,11.2,-0.01,6,6720,卖盘
1100,13:19:19,11.21,0.02,52,58292,买盘
1101,13:19:16,11.19,-0.02,500,559500,卖盘
1102,13:19:10,11.21,0.01,115,128915,买盘
1103,13:19:04,11.2,0.01,828,927583,买盘
1104,13:18:55,11.19,-0.01,21,24595,卖盘
1105,13:18:49,11.2,0.01,4,4480,买盘
1106,13:18:40,11.19,-0.01,75,84797,卖盘
1107,13:18:30,11.2,--,1,1120,买盘
1108,13:18:25,11.2,0.02,5,5600,买盘
1109,13:18:19,11.18,-0.01,114,127452,卖盘
1110,13:18:10,11.19,-0.01,1,1119,卖盘
1111,13:18:04,11.2,--,44,49280,买盘
1112,13:18:00,11.2,--,54,60479,买盘
1113,13:17:49,11.2,--,41,45920,买盘
1114,13:17:45,11.2,--,25,28000,买盘
1115,13:17:40,11.2,--,535,599200,买盘
1116,13:17:30,11.2,--,18,21056,卖盘
1117,13:17:25,11.2,--,63,70784,买盘
1118,13:17:19,11.2,--,44,49280,买盘
1119,13:17:13,11.2,--,117,131936,卖盘
1120,13:17:10,11.2,--,149,166880,卖盘
1121,13:17:04,11.2,--,20,22400,卖盘
1122,13:16:55,11.2,--,119,133504,买盘
1123,13:16:49,11.2,--,39,43680,买盘
1124,13:16:43,11.2,0.01,57,63839,买盘
1125,13:16:40,11.19,-0.01,47,53465,卖盘
1126,13:16:34,11.2,-0.01,100,112000,卖盘
1127,13:16:28,11.21,--,40,44840,买盘
1128,13:16:25,11.21,0.01,38,42598,买盘
1129,13:16:19,11.2,0.01,6,6720,买盘
1130,13:16:13,11.19,-0.02,1,1119,卖盘
1131,13:16:10,11.21,--,207,232047,买盘
1132,13:16:04,11.21,--,26,29146,买盘
1133,13:15:58,11.21,0.05,42,47082,买盘
1134,13:15:55,11.16,-0.05,18,20088,卖盘
1135,13:15:49,11.21,0.06,495,554895,买盘
1136,13:15:43,11.15,-0.05,400,446000,卖盘
1137,13:15:40,11.2,0.05,446,499519,买盘
1138,13:15:34,11.15,--,763,850767,买盘
1139,13:15:28,11.15,--,3562,3971630,买盘
1140,13:15:25,11.15,--,250,278750,买盘
1141,13:15:19,11.15,--,1186,1322390,买盘
1142,13:15:13,11.15,--,150,167250,买盘
1143,13:15:10,11.15,--,163,181745,买盘
1144,13:15:04,11.15,--,83,92545,买盘
1145,13:14:58,11.15,--,84,93660,买盘
1146,13:14:55,11.15,--,221,246415,买盘
1147,13:14:49,11.15,--,279,311085,买盘
1148,13:14:43,11.15,0.01,210,234150,买盘
1149,13:14:40,11.14,-0.01,129,144574,卖盘
1150,13:14:34,11.15,--,237,264255,买盘
1151,13:14:28,11.15,--,39,43485,买盘
1152,13:14:25,11.15,--,60,66900,买盘
1153,13:14:19,11.15,--,18,20070,买盘
1154,13:14:13,11.15,--,95,105925,买盘
1155,13:14:10,11.15,-0.05,2654,2960302,卖盘
1156,13:14:04,11.2,--,39,43680,卖盘
1157,13:13:58,11.2,--,40,44800,卖盘
1158,13:13:55,11.2,--,10,11200,卖盘
1159,13:13:49,11.2,--,18,20160,卖盘
1160,13:13:43,11.2,0.01,321,359609,买盘
1161,13:13:40,11.19,--,26,29094,卖盘
1162,13:13:34,11.19,-0.01,60,67140,卖盘
1163,13:13:28,11.2,--,91,101920,买盘
1164,13:13:25,11.2,--,158,176960,买盘
1165,13:13:19,11.2,0.01,14,15679,买盘
1166,13:13:13,11.19,-0.01,42,46998,卖盘
1167,13:13:04,11.2,--,151,169120,买盘
1168,13:12:58,11.2,0.01,62,69440,买盘
1169,13:12:55,11.19,--,17,19023,卖盘
1170,13:12:49,11.19,-0.01,2,2238,卖盘
1171,13:12:43,11.2,--,84,94080,买盘
1172,13:12:39,11.2,0.01,39,43680,买盘
1173,13:12:34,11.19,-0.01,121,136271,卖盘
1174,13:12:28,11.2,--,34,38080,买盘
1175,13:12:25,11.2,--,739,827680,买盘
1176,13:12:19,11.2,--,5,5600,买盘
1177,13:12:13,11.2,--,295,330400,买盘
1178,13:12:09,11.2,--,140,156800,买盘
1179,13:12:04,11.2,--,40,44800,买盘
1180,13:11:58,11.2,--,93,104160,买盘
1181,13:11:54,11.2,--,94,105280,买盘
1182,13:11:43,11.2,--,42,47040,买盘
1183,13:11:39,11.2,--,239,268710,卖盘
1184,13:11:34,11.2,--,171,191520,卖盘
1185,13:11:28,11.2,-0.01,11,12320,卖盘
1186,13:11:24,11.21,0.01,326,365446,买盘
1187,13:11:19,11.2,--,116,129919,卖盘
1188,13:11:13,11.2,--,51,57120,卖盘
1189,13:11:09,11.2,--,24,26880,卖盘
1190,13:11:04,11.2,--,38,42560,卖盘
1191,13:10:58,11.2,--,132,147840,卖盘
1192,13:10:54,11.2,--,30,33600,卖盘
1193,13:10:49,11.2,--,66,73920,卖盘
1194,13:10:43,11.2,--,90,100800,卖盘
1195,13:10:39,11.2,--,10,11200,卖盘
1196,13:10:34,11.2,-0.01,61,69193,卖盘
1197,13:10:28,11.21,0.01,16,17936,买盘
1198,13:10:24,11.2,--,2,2240,卖盘
1199,13:10:13,11.2,-0.01,53,59359,卖盘
1200,13:10:07,11.21,0.01,8,8968,买盘
1201,13:10:04,11.2,--,95,106400,卖盘
1202,13:09:58,11.2,-0.01,47,52640,卖盘
1203,13:09:49,11.21,--,30,33630,买盘
1204,13:09:43,11.21,--,10,11210,买盘
1205,13:09:34,11.21,--,119,133399,买盘
1206,13:09:28,11.21,--,60,67372,买盘
1207,13:09:22,11.21,0.01,25,28025,买盘
1208,13:09:19,11.2,-0.01,28,31359,卖盘
1209,13:09:13,11.21,0.01,20,22420,买盘
1210,13:09:07,11.2,-0.01,1,1120,卖盘
1211,13:09:04,11.21,0.01,7,7847,买盘
1212,13:08:58,11.2,--,186,208544,买盘
1213,13:08:52,11.2,--,97,108640,买盘
1214,13:08:43,11.2,--,89,99680,买盘
1215,13:08:37,11.2,0.01,60,67289,买盘
1216,13:08:34,11.19,--,83,93660,卖盘
1217,13:08:28,11.19,-0.01,2,2238,卖盘
1218,13:08:22,11.2,--,13,14559,买盘
1219,13:08:19,11.2,--,51,57120,买盘
1220,13:08:13,11.2,0.01,55,61599,买盘
1221,13:08:04,11.19,-0.01,9,10071,卖盘
1222,13:07:58,11.2,0.01,16,17920,买盘
1223,13:07:52,11.19,--,235,262965,买盘
1224,13:07:49,11.19,--,10,11190,买盘
1225,13:07:43,11.19,--,75,83925,买盘
1226,13:07:37,11.19,--,16,17904,买盘
1227,13:07:28,11.19,--,39,43641,买盘
1228,13:07:22,11.19,--,24,26856,买盘
1229,13:07:19,11.19,--,13,14547,买盘
1230,13:07:13,11.19,--,25,27975,买盘
1231,13:07:07,11.19,0.01,20,22380,买盘
1232,13:07:04,11.18,--,2,2236,卖盘
1233,13:06:52,11.18,-0.01,5,5590,卖盘
1234,13:06:49,11.19,0.01,100,111900,买盘
1235,13:06:43,11.18,--,3,3354,卖盘
1236,13:06:37,11.18,--,40,44720,卖盘
1237,13:06:33,11.18,--,16,18022,卖盘
1238,13:06:28,11.18,-0.01,66,74525,卖盘
1239,13:06:22,11.19,--,20,22380,买盘
1240,13:06:13,11.19,0.01,15,16785,买盘
1241,13:06:07,11.18,-0.01,31,34658,卖盘
1242,13:06:03,11.19,--,22,24618,买盘
1243,13:05:58,11.19,0.01,2,2238,买盘
1244,13:05:52,11.18,-0.01,5,5590,卖盘
1245,13:05:48,11.19,0.01,1,1119,买盘
1246,13:05:43,11.18,--,8,8944,买盘
1247,13:05:37,11.18,-0.01,39,43602,卖盘
1248,13:05:22,11.19,0.01,20,22380,买盘
1249,13:05:18,11.18,--,1,1118,买盘
1250,13:05:13,11.18,--,11,12298,买盘
1251,13:05:07,11.18,--,2,2236,买盘
1252,13:05:03,11.18,0.01,304,339872,买盘
1253,13:04:58,11.17,-0.02,89,100083,卖盘
1254,13:04:52,11.19,--,9,10071,买盘
1255,13:04:43,11.19,--,71,79449,卖盘
1256,13:04:37,11.19,-0.01,20,22380,卖盘
1257,13:04:28,11.2,--,250,280000,买盘
1258,13:04:22,11.2,--,78,87360,买盘
1259,13:04:18,11.2,--,16,18816,卖盘
1260,13:04:13,11.2,--,30,33600,卖盘
1261,13:04:07,11.2,--,43,48160,卖盘
1262,13:04:03,11.2,--,6,6720,卖盘
1263,13:03:58,11.2,--,148,165760,卖盘
1264,13:03:52,11.2,--,23,25760,卖盘
1265,13:03:48,11.2,--,20,22400,卖盘
1266,13:03:43,11.2,--,153,171360,卖盘
1267,13:03:37,11.2,--,2,2240,卖盘
1268,13:03:28,11.2,--,29,32479,卖盘
1269,13:03:22,11.2,--,148,165760,卖盘
1270,13:03:16,11.2,--,55,61599,卖盘
1271,13:03:13,11.2,--,35,39200,卖盘
1272,13:03:07,11.2,--,5,5600,卖盘
1273,13:03:01,11.2,--,104,116479,卖盘
1274,13:02:58,11.2,-0.01,99,111552,卖盘
1275,13:02:52,11.21,--,12,13452,买盘
1276,13:02:46,11.21,0.01,51,57171,中性盘
1277,13:02:43,11.2,-0.01,264,295680,卖盘
1278,13:02:37,11.21,--,31,34751,买盘
1279,13:02:31,11.21,0.01,1056,1183776,买盘
1280,13:02:27,11.2,-0.01,219,245279,卖盘
1281,13:02:22,11.21,--,97,108737,买盘
1282,13:02:16,11.21,--,78,87438,买盘
1283,13:02:12,11.21,0.01,6,6726,买盘
1284,13:02:07,11.2,-0.01,14,15679,卖盘
1285,13:01:57,11.21,--,42,47082,买盘
1286,13:01:52,11.21,--,83,93043,买盘
1287,13:01:46,11.21,--,23,25783,买盘
1288,13:01:42,11.21,--,20,22420,买盘
1289,13:01:37,11.21,--,89,100553,卖盘
1290,13:01:31,11.21,--,16,17936,卖盘
1291,13:01:27,11.21,-0.01,14,15694,卖盘
1292,13:01:22,11.22,0.01,125,140250,买盘
1293,13:01:12,11.21,--,33,36993,卖盘
1294,13:01:07,11.21,--,67,75443,买盘
1295,13:01:01,11.21,--,508,569468,买盘
1296,13:00:57,11.21,0.01,149,167432,买盘
1297,13:00:52,11.2,-0.01,84,94348,卖盘
1298,13:00:46,11.21,--,2,2242,买盘
1299,13:00:42,11.21,--,155,173755,买盘
1300,13:00:37,11.21,--,42,47082,买盘
1301,13:00:22,11.21,0.01,10,11210,买盘
1302,13:00:16,11.2,--,16,17920,卖盘
1303,13:00:12,11.2,--,20,22400,卖盘
1304,13:00:07,11.2,0.05,8527,9550576,买盘
1305,13:00:01,11.15,--,378,421470,买盘
1306,11:30:00,11.15,--,0,0,买盘
1307,11:29:59,11.15,--,0,0,买盘
1308,11:29:58,11.15,--,31,34565,买盘
1309,11:29:53,11.15,0.01,20,22300,买盘
1310,11:29:47,11.14,-0.01,45,50130,卖盘
1311,11:29:43,11.15,--,90,100350,买盘
1312,11:29:38,11.15,--,58,64670,买盘
1313,11:29:28,11.15,--,108,120420,买盘
1314,11:29:23,11.15,--,37,41255,买盘
1315,11:29:17,11.15,0.01,43,47945,买盘
1316,11:29:13,11.14,--,148,164872,卖盘
1317,11:29:08,11.14,--,5,6661,卖盘
1318,11:29:02,11.14,0.01,9,10026,卖盘
1319,11:28:58,11.13,--,37,41548,卖盘
1320,11:28:53,11.13,-0.01,62,69306,卖盘
1321,11:28:47,11.14,-0.01,20,22280,中性盘
1322,11:28:43,11.15,--,74,82510,买盘
1323,11:28:38,11.15,0.01,22,24530,买盘
1324,11:28:32,11.14,--,587,653918,卖盘
1325,11:28:28,11.14,-0.01,143,159302,卖盘
1326,11:28:23,11.15,--,31,34565,买盘
1327,11:28:17,11.15,--,100,111500,买盘
1328,11:28:13,11.15,--,5,5575,买盘
1329,11:28:08,11.15,-0.04,1168,1303089,卖盘
1330,11:28:02,11.19,0.01,16,18687,买盘
1331,11:27:58,11.18,--,35,39130,卖盘
1332,11:27:53,11.18,-0.01,88,98384,卖盘
1333,11:27:47,11.19,--,64,71616,买盘
1334,11:27:43,11.19,0.01,9,10071,中性盘
1335,11:27:38,11.18,--,134,149812,卖盘
1336,11:27:32,11.18,--,0,0,卖盘
1337,11:27:28,11.18,-0.01,362,404716,卖盘
1338,11:27:23,11.19,0.01,16,17915,买盘
1339,11:27:17,11.18,--,60,67080,卖盘
1340,11:27:13,11.18,--,73,81614,卖盘
1341,11:27:08,11.18,-0.01,23,25714,卖盘
1342,11:26:57,11.19,0.01,2,2238,买盘
1343,11:26:53,11.18,-0.02,129,144892,卖盘
1344,11:26:47,11.2,0.01,13,14559,买盘
1345,11:26:43,11.19,-0.01,70,78330,卖盘
1346,11:26:38,11.2,0.02,147,164640,买盘
1347,11:26:32,11.18,--,0,0,卖盘
1348,11:26:28,11.18,-0.01,29,32422,卖盘
1349,11:26:23,11.19,0.01,57,63783,买盘
1350,11:26:17,11.18,--,0,0,卖盘
1351,11:26:11,11.18,-0.02,73,81614,卖盘
1352,11:26:08,11.2,0.02,650,728000,买盘
1353,11:26:02,11.18,--,2,2236,卖盘
1354,11:25:53,11.18,0.01,175,195650,买盘
1355,11:25:47,11.17,-0.01,8,8936,卖盘
1356,11:25:41,11.18,-0.02,23,25714,买盘
1357,11:25:38,11.2,0.02,575,644000,买盘
1358,11:25:32,11.18,--,49,54782,买盘
1359,11:25:26,11.18,--,316,353735,卖盘
1360,11:25:17,11.18,--,15,16770,卖盘
1361,11:25:11,11.18,-0.01,35,39130,卖盘
1362,11:25:08,11.19,0.01,48,53712,买盘
1363,11:25:02,11.18,--,62,69316,卖盘
1364,11:24:53,11.18,-0.01,223,249984,卖盘
1365,11:24:47,11.19,0.01,25,27975,买盘
1366,11:24:38,11.18,--,5,5590,卖盘
1367,11:24:32,11.18,--,62,69316,卖盘
1368,11:24:26,11.18,--,31,34658,卖盘
1369,11:24:23,11.18,--,10,11180,卖盘
1370,11:24:17,11.18,--,8,8944,卖盘
1371,11:24:08,11.18,--,72,80496,卖盘
1372,11:24:02,11.18,0.01,126,140868,买盘
1373,11:23:56,11.17,--,3,3351,卖盘
1374,11:23:53,11.17,--,130,145210,卖盘
1375,11:23:47,11.17,--,5,5585,卖盘
1376,11:23:41,11.17,--,1,1117,卖盘
1377,11:23:37,11.17,--,32,35744,卖盘
1378,11:23:32,11.17,--,290,323930,卖盘
1379,11:23:22,11.17,--,8,8936,卖盘
1380,11:23:17,11.17,-0.01,66,73722,卖盘
1381,11:23:07,11.18,0.01,24,26832,买盘
1382,11:23:02,11.17,-0.01,67,74839,卖盘
1383,11:22:56,11.18,--,40,44720,买盘
1384,11:22:52,11.18,0.01,122,137066,买盘
1385,11:22:37,11.17,--,80,90141,买盘
1386,11:22:32,11.17,--,133,148561,买盘
1387,11:22:26,11.17,--,13,14521,买盘
1388,11:22:22,11.17,0.01,23,25691,买盘
1389,11:22:17,11.16,--,27,30132,卖盘
1390,11:22:11,11.16,--,25,27900,卖盘
1391,11:22:07,11.16,-0.01,10,11160,卖盘
1392,11:22:02,11.17,--,68,75956,买盘
1393,11:21:56,11.17,--,4,4468,买盘
1394,11:21:52,11.17,--,21,23457,买盘
1395,11:21:47,11.17,--,175,195810,卖盘
1396,11:21:37,11.17,--,122,136274,卖盘
1397,11:21:32,11.17,-0.01,94,104998,卖盘
1398,11:21:26,11.18,--,10,11180,买盘
1399,11:21:22,11.18,--,110,122980,卖盘
1400,11:21:17,11.18,-0.01,25,27950,卖盘
1401,11:21:11,11.19,--,33,36927,买盘
1402,11:21:07,11.19,--,59,66021,买盘
1403,11:21:02,11.19,--,83,92877,买盘
1404,11:20:56,11.19,--,10,11190,买盘
1405,11:20:52,11.19,-0.01,737,825251,卖盘
1406,11:20:47,11.2,--,351,393254,卖盘
1407,11:20:41,11.2,--,82,91840,卖盘
1408,11:20:37,11.2,--,257,287840,卖盘
1409,11:20:32,11.2,--,190,212800,卖盘
1410,11:20:26,11.2,--,4,4480,卖盘
1411,11:20:21,11.2,-0.01,74,82880,卖盘
1412,11:20:17,11.21,0.01,53,59413,买盘
1413,11:20:11,11.2,-0.01,114,127679,卖盘
1414,11:20:07,11.21,0.01,131,146851,买盘
1415,11:20:02,11.2,--,205,229599,卖盘
1416,11:19:56,11.2,--,310,347200,卖盘
1417,11:19:52,11.2,--,50,56000,卖盘
1418,11:19:46,11.2,-0.01,132,147840,卖盘
1419,11:19:41,11.21,0.01,80,89680,买盘
1420,11:19:35,11.2,--,15,16800,卖盘
1421,11:19:32,11.2,--,192,215040,卖盘
1422,11:19:26,11.2,0.02,4018,4500596,买盘
1423,11:19:20,11.18,-0.01,24,26832,卖盘
1424,11:19:16,11.19,0.01,77,86163,买盘
1425,11:19:11,11.18,--,5,5590,卖盘
1426,11:19:05,11.18,--,86,96148,卖盘
1427,11:19:02,11.18,--,954,1066683,买盘
1428,11:18:56,11.18,--,19,21242,买盘
1429,11:18:50,11.18,0.01,43,48286,买盘
1430,11:18:47,11.17,--,76,85349,买盘
1431,11:18:41,11.17,--,319,356323,买盘
1432,11:18:31,11.17,--,2083,2326711,买盘
1433,11:18:26,11.17,0.01,103,115051,买盘
1434,11:18:20,11.16,--,24,26784,卖盘
1435,11:18:16,11.16,--,99,110484,买盘
1436,11:18:11,11.16,0.01,400,446400,买盘
1437,11:18:05,11.15,--,105,117075,卖盘
1438,11:18:01,11.15,--,82,91430,卖盘
1439,11:17:56,11.15,--,79,88085,卖盘
1440,11:17:50,11.15,--,7,7805,卖盘
1441,11:17:41,11.15,--,451,502865,买盘
1442,11:17:35,11.15,--,10,11150,买盘
1443,11:17:31,11.15,0.01,10,11150,买盘
1444,11:17:26,11.14,--,63,70182,卖盘
1445,11:17:16,11.14,--,13,14482,卖盘
1446,11:17:11,11.14,0.01,325,362050,买盘
1447,11:17:01,11.13,--,65,73124,卖盘
1448,11:16:56,11.13,-0.01,69,76797,卖盘
1449,11:16:46,11.14,--,169,188266,买盘
1450,11:16:41,11.14,--,2,2228,买盘
1451,11:16:31,11.14,--,16,17824,买盘
1452,11:16:26,11.14,--,63,70182,买盘
1453,11:16:20,11.14,0.01,5,5570,买盘
1454,11:16:16,11.13,--,10,11130,卖盘
1455,11:16:05,11.13,--,2,2226,卖盘
1456,11:16:01,11.13,-0.02,5,5565,中性盘
1457,11:15:56,11.15,0.02,115,128225,买盘
1458,11:15:46,11.13,0.01,1,1113,卖盘
1459,11:15:31,11.12,--,10,11120,卖盘
1460,11:15:26,11.12,--,73,81176,卖盘
1461,11:15:16,11.12,--,1,1112,卖盘
1462,11:15:05,11.12,--,2,2224,卖盘
1463,11:15:01,11.12,-0.03,65,73058,卖盘
1464,11:14:50,11.15,0.03,32,35680,买盘
1465,11:14:46,11.12,--,94,104527,卖盘
1466,11:14:41,11.12,--,1,1112,卖盘
1467,11:14:26,11.12,-0.03,35,38920,买盘
1468,11:14:11,11.15,0.04,2,2230,买盘
1469,11:14:05,11.11,-0.04,63,69993,卖盘
1470,11:13:56,11.15,--,1,1115,买盘
1471,11:13:50,11.15,-0.01,25,27875,卖盘
1472,11:13:46,11.16,0.06,4,4464,买盘
1473,11:13:41,11.1,-0.06,477,529481,卖盘
1474,11:13:35,11.16,--,77,85932,卖盘
1475,11:13:31,11.16,--,41,45756,卖盘
1476,11:13:26,11.16,--,104,116064,买盘
1477,11:13:20,11.16,--,0,0,买盘
1478,11:13:16,11.16,0.06,20,22320,买盘
1479,11:13:11,11.1,-0.06,1000,1110000,卖盘
1480,11:13:05,11.16,0.02,186,207576,中性盘
1481,11:13:01,11.14,-0.02,133,149253,卖盘
1482,11:12:56,11.16,-0.01,106,119099,卖盘
1483,11:12:50,11.17,--,33,36861,买盘
1484,11:12:44,11.17,--,55,61435,买盘
1485,11:12:41,11.17,--,25,27925,买盘
1486,11:12:35,11.17,--,29,32393,买盘
1487,11:12:29,11.17,0.01,67,74839,买盘
1488,11:12:26,11.16,--,76,84816,卖盘
1489,11:12:20,11.16,--,106,118296,卖盘
1490,11:12:14,11.16,--,20,22320,卖盘
1491,11:12:05,11.16,0.01,433,483228,买盘
1492,11:11:59,11.15,-0.01,67,74705,卖盘
1493,11:11:55,11.16,0.01,2,2232,买盘
1494,11:11:50,11.15,0.02,304,339149,买盘
1495,11:11:40,11.13,--,18,20034,卖盘
1496,11:11:35,11.13,--,29,32277,买盘
1497,11:11:29,11.13,--,70,77910,买盘
1498,11:11:25,11.13,--,219,244281,买盘
1499,11:11:20,11.13,0.02,45,50085,买盘
1500,11:11:10,11.11,-0.02,62,68882,卖盘
1501,11:11:05,11.13,0.03,80,89040,买盘
1502,11:10:59,11.1,--,0,0,卖盘
1503,11:10:55,11.1,-0.02,134,149517,卖盘
1504,11:10:50,11.12,0.02,10,11120,买盘
1505,11:10:40,11.1,0.01,3559,3950689,买盘
1506,11:10:35,11.09,-0.01,195,216255,卖盘
1507,11:10:29,11.1,--,175,194250,买盘
1508,11:10:25,11.1,--,108,119880,买盘
1509,11:10:20,11.1,--,35,38850,买盘
1510,11:10:14,11.1,--,102,113220,买盘
1511,11:10:10,11.1,--,10,11100,买盘
1512,11:10:05,11.1,--,159,176490,买盘
1513,11:09:59,11.1,0.01,20,22200,买盘
1514,11:09:55,11.09,-0.02,843,935796,卖盘
1515,11:09:50,11.11,0.01,1,1111,买盘
1516,11:09:44,11.1,--,10,11100,卖盘
1517,11:09:35,11.1,--,2,2220,卖盘
1518,11:09:29,11.1,--,3477,3859669,买盘
1519,11:09:25,11.1,0.01,35,38850,买盘
1520,11:09:20,11.09,-0.01,284,314956,卖盘
1521,11:09:10,11.1,--,59,65490,买盘
1522,11:09:05,11.1,--,50,55500,买盘
1523,11:08:59,11.1,0.01,12,13320,买盘
1524,11:08:55,11.09,-0.01,198,220358,卖盘
1525,11:08:50,11.1,--,79,87690,买盘
1526,11:08:40,11.1,--,51,56610,买盘
1527,11:08:35,11.1,--,12,13320,买盘
1528,11:08:29,11.1,-0.01,1223,1358440,卖盘
1529,11:08:25,11.11,-0.01,273,303303,卖盘
1530,11:08:20,11.12,--,153,170136,买盘
1531,11:08:10,11.12,--,14,15567,买盘
1532,11:08:05,11.12,0.02,39,43368,买盘
1533,11:07:55,11.1,--,78,86580,卖盘
1534,11:07:50,11.1,--,106,117660,卖盘
1535,11:07:44,11.1,--,3,3330,卖盘
1536,11:07:40,11.1,--,50,55500,卖盘
1537,11:07:35,11.1,--,1766,1960459,买盘
1538,11:07:29,11.1,0.01,11,12210,买盘
1539,11:07:25,11.09,-0.01,91,100919,卖盘
1540,11:07:20,11.1,--,81,89910,买盘
1541,11:07:14,11.1,--,12,13320,买盘
1542,11:07:10,11.1,--,30,33300,买盘
1543,11:07:05,11.1,--,222,246420,买盘
1544,11:06:59,11.1,0.01,55,61050,买盘
1545,11:06:55,11.09,-0.01,186,207050,卖盘
1546,11:06:50,11.1,--,138,153180,买盘
1547,11:06:44,11.1,--,4,4440,买盘
1548,11:06:40,11.1,-0.03,3344,3712750,卖盘
1549,11:06:35,11.13,--,112,124656,买盘
1550,11:06:29,11.13,0.01,7,7791,买盘
1551,11:06:25,11.12,--,73,81176,卖盘
1552,11:06:20,11.12,--,59,65608,卖盘
1553,11:06:10,11.12,--,10,11120,卖盘
1554,11:06:05,11.12,--,2,2224,卖盘
1555,11:05:59,11.12,--,184,204808,买盘
1556,11:05:50,11.12,--,123,136776,买盘
1557,11:05:44,11.12,--,32,35584,买盘
1558,11:05:40,11.12,--,45,50040,买盘
1559,11:05:35,11.12,--,89,98968,买盘
1560,11:05:29,11.12,-0.01,79,88759,卖盘
1561,11:05:24,11.13,0.01,5,5565,买盘
1562,11:05:20,11.12,-0.01,10,11120,卖盘
1563,11:05:14,11.13,0.01,7,7791,买盘
1564,11:05:10,11.12,--,50,55599,卖盘
1565,11:05:05,11.12,--,43,47816,卖盘
1566,11:04:59,11.12,--,70,77840,卖盘
1567,11:04:55,11.12,--,26,29112,卖盘
1568,11:04:50,11.12,-0.01,71,79530,卖盘
1569,11:04:44,11.13,0.01,32,35616,买盘
1570,11:04:38,11.12,--,30,33360,卖盘
1571,11:04:35,11.12,--,11,12232,卖盘
1572,11:04:29,11.12,-0.01,197,219063,卖盘
1573,11:04:23,11.13,--,15,16695,买盘
1574,11:04:14,11.13,-0.01,161,179193,卖盘
1575,11:03:59,11.14,-0.01,56,62606,卖盘
1576,11:03:53,11.15,0.01,21,23415,买盘
1577,11:03:50,11.14,--,78,86892,卖盘
1578,11:03:44,11.14,--,190,212217,卖盘
1579,11:03:34,11.14,--,158,176012,卖盘
1580,11:03:29,11.14,--,16,17824,卖盘
1581,11:03:23,11.14,--,6,6684,卖盘
1582,11:03:19,11.14,--,10,11140,卖盘
1583,11:03:14,11.14,--,213,237282,卖盘
1584,11:03:08,11.14,--,199,221686,卖盘
1585,11:03:04,11.14,--,2,2228,卖盘
1586,11:02:59,11.14,--,20,22280,卖盘
1587,11:02:49,11.14,--,370,412959,卖盘
1588,11:02:44,11.14,-0.01,133,148162,卖盘
1589,11:02:38,11.15,0.01,5,5575,买盘
1590,11:02:34,11.14,--,2,2228,卖盘
1591,11:02:29,11.14,-0.01,5,5570,卖盘
1592,11:02:14,11.15,0.01,86,95890,买盘
1593,11:02:08,11.14,-0.01,1,1114,卖盘
1594,11:02:04,11.15,--,1,1115,买盘
1595,11:01:59,11.15,--,10,11150,买盘
1596,11:01:53,11.15,--,20,22300,买盘
1597,11:01:49,11.15,0.01,27,30105,买盘
1598,11:01:44,11.14,-0.01,80,89120,卖盘
1599,11:01:38,11.15,--,4,4906,买盘
1600,11:01:34,11.15,-0.01,30,34119,卖盘
1601,11:01:29,11.16,0.01,162,180792,买盘
1602,11:01:23,11.15,--,10,11150,卖盘
1603,11:01:19,11.15,-0.01,27,30105,卖盘
1604,11:01:13,11.16,0.01,13,14508,买盘
1605,11:01:08,11.15,--,100,111500,卖盘
1606,11:01:04,11.15,--,50,55750,卖盘
1607,11:00:59,11.15,-0.01,8,8920,卖盘
1608,11:00:53,11.16,0.01,6,6696,买盘
1609,11:00:49,11.15,--,99,111165,卖盘
1610,11:00:44,11.15,--,0,0,卖盘
1611,11:00:34,11.15,-0.01,62,69130,卖盘
1612,11:00:29,11.16,--,8,8928,卖盘
1613,11:00:19,11.16,--,2,2232,卖盘
1614,11:00:14,11.16,-0.01,23,25668,卖盘
1615,11:00:08,11.17,0.01,5,5585,买盘
1616,11:00:04,11.16,-0.01,77,85932,卖盘
1617,10:59:59,11.17,0.01,22,24574,买盘
1618,10:59:49,11.16,-0.01,4,4464,卖盘
1619,10:59:44,11.17,--,24,26808,买盘
1620,10:59:38,11.17,--,5,5585,买盘
1621,10:59:34,11.17,0.01,215,240155,买盘
1622,10:59:29,11.16,-0.01,1,1116,卖盘
1623,10:59:23,11.17,--,67,74839,买盘
1624,10:59:19,11.17,--,86,96732,卖盘
1625,10:59:14,11.17,--,239,266963,卖盘
1626,10:59:08,11.17,--,37,41329,卖盘
1627,10:59:04,11.17,--,26,29042,卖盘
1628,10:58:59,11.17,-0.01,66,73722,卖盘
1629,10:58:53,11.18,0.02,50,56347,买盘
1630,10:58:49,11.16,-0.01,94,105238,卖盘
1631,10:58:44,11.17,--,230,256910,卖盘
1632,10:58:38,11.17,--,13,14521,卖盘
1633,10:58:29,11.17,--,5,5585,卖盘
1634,10:58:23,11.17,--,22,24574,卖盘
1635,10:58:19,11.17,-0.01,55,61435,卖盘
1636,10:58:14,11.18,0.01,30,33540,买盘
1637,10:58:08,11.17,--,46,51382,卖盘
1638,10:58:04,11.17,--,6,6702,卖盘
1639,10:57:59,11.17,--,108,121082,买盘
1640,10:57:38,11.17,0.01,3,3351,买盘
1641,10:57:29,11.16,-0.01,10,11160,中性盘
1642,10:57:23,11.17,0.01,108,120636,买盘
1643,10:57:19,11.16,--,25,27900,买盘
1644,10:57:14,11.16,--,114,127224,买盘
1645,10:57:08,11.16,--,15,16740,买盘
1646,10:57:03,11.16,--,2,2232,买盘
1647,10:56:59,11.16,-0.01,120,134589,卖盘
1648,10:56:53,11.17,--,58,64786,卖盘
1649,10:56:49,11.17,--,56,62987,卖盘
1650,10:56:44,11.17,-0.01,53,59547,中性盘
1651,10:56:38,11.18,0.01,120,134160,买盘
1652,10:56:29,11.17,--,4,4468,买盘
1653,10:56:23,11.17,-0.01,13,14521,中性盘
1654,10:56:17,11.18,0.01,20,22360,买盘
1655,10:56:13,11.17,--,85,94945,买盘
1656,10:56:08,11.17,--,178,198826,卖盘
1657,10:56:02,11.17,--,16,17872,卖盘
1658,10:55:52,11.17,--,13,14521,买盘
1659,10:55:47,11.17,--,1,1117,卖盘
1660,10:55:43,11.17,0.01,69,77073,买盘
1661,10:55:38,11.16,-0.01,137,152892,卖盘
1662,10:55:28,11.17,--,26,29042,买盘
1663,10:55:23,11.17,0.01,48,53616,买盘
1664,10:55:17,11.16,-0.01,10,11160,卖盘
1665,10:55:13,11.17,0.01,69,77073,买盘
1666,10:55:02,11.16,--,27,30132,卖盘
1667,10:54:58,11.16,-0.01,128,142848,卖盘
1668,10:54:52,11.17,0.01,15,16755,买盘
1669,10:54:43,11.16,--,124,139165,卖盘
1670,10:54:38,11.16,--,11,12276,卖盘
1671,10:54:28,11.16,0.01,116,129456,买盘
1672,10:54:16,11.15,-0.01,40,44600,卖盘
1673,10:54:13,11.16,--,55,61380,买盘
1674,10:54:07,11.16,--,20,22320,买盘
1675,10:54:01,11.16,--,9,10044,买盘
1676,10:53:58,11.16,--,143,159588,买盘
1677,10:53:53,11.16,--,102,113832,卖盘
1678,10:53:47,11.16,-0.01,10,11160,卖盘
1679,10:53:43,11.17,0.01,14,15638,买盘
1680,10:53:37,11.16,-0.01,4,4464,卖盘
1681,10:53:31,11.17,--,23,25691,买盘
1682,10:53:28,11.17,--,298,332866,卖盘
1683,10:53:22,11.17,--,51,56967,卖盘
1684,10:53:17,11.17,--,30,33510,卖盘
1685,10:53:13,11.17,0.03,120,134040,买盘
1686,10:53:07,11.14,--,0,0,卖盘
1687,10:53:01,11.14,-0.03,20,22280,卖盘
1688,10:52:58,11.17,--,100,111700,买盘
1689,10:52:53,11.17,0.03,153,170901,买盘
1690,10:52:46,11.14,-0.01,51,56814,卖盘
1691,10:52:43,11.15,-0.01,85,95555,卖盘
1692,10:52:37,11.16,--,17,18972,卖盘
1693,10:52:31,11.16,--,6,6696,卖盘
1694,10:52:28,11.16,--,264,295182,买盘
1695,10:52:22,11.16,--,147,164052,买盘
1696,10:52:16,11.16,0.02,25,27900,买盘
1697,10:52:13,11.14,-0.01,130,144820,卖盘
1698,10:52:07,11.15,--,90,100350,买盘
1699,10:51:58,11.15,--,14,15610,买盘
1700,10:51:52,11.15,--,35,39025,卖盘
1701,10:51:46,11.15,0.01,296,330040,买盘
1702,10:51:43,11.14,--,80,89120,卖盘
1703,10:51:37,11.14,-0.01,21,23394,卖盘
1704,10:51:31,11.15,--,16,17840,买盘
1705,10:51:28,11.15,0.01,5,5575,买盘
1706,10:51:22,11.14,-0.01,1,1114,卖盘
1707,10:51:16,11.15,0.01,50,55750,买盘
1708,10:51:13,11.14,-0.01,130,144820,卖盘
1709,10:51:07,11.15,--,68,75820,买盘
1710,10:51:01,11.15,0.01,5,5575,买盘
1711,10:50:46,11.14,0.01,41,45674,买盘
1712,10:50:43,11.13,-0.01,65,73124,卖盘
1713,10:50:37,11.14,0.01,39,43446,买盘
1714,10:50:31,11.13,--,2,2226,卖盘
1715,10:50:22,11.13,-0.01,20,22260,卖盘
1716,10:50:16,11.14,0.02,36,40293,买盘
1717,10:50:13,11.12,-0.01,12,13343,卖盘
1718,10:50:07,11.13,0.01,43,47859,买盘
1719,10:50:01,11.12,-0.01,12,13343,卖盘
1720,10:49:58,11.13,--,6,6678,买盘
1721,10:49:52,11.13,0.01,14,15582,买盘
1722,10:49:46,11.12,--,3,3335,卖盘
1723,10:49:42,11.12,--,9,10008,卖盘
1724,10:49:37,11.12,0.02,40,44480,买盘
1725,10:49:31,11.1,-0.02,58,64380,卖盘
1726,10:49:28,11.12,0.02,1,1112,买盘
1727,10:49:22,11.1,--,5,5550,卖盘
1728,10:49:13,11.1,--,60,66600,卖盘
1729,10:49:07,11.1,--,59,65601,买盘
1730,10:49:01,11.1,--,280,310800,买盘
1731,10:48:57,11.1,0.01,16,17760,买盘
1732,10:48:52,11.09,-0.01,514,570026,卖盘
1733,10:48:46,11.1,0.01,130,144300,买盘
1734,10:48:42,11.09,--,635,704336,卖盘
1735,10:48:37,11.09,--,147,163677,卖盘
1736,10:48:31,11.09,--,407,451363,卖盘
1737,10:48:25,11.09,-0.01,1,1109,卖盘
1738,10:48:22,11.1,--,398,441780,买盘
1739,10:48:16,11.1,--,421,467310,买盘
1740,10:48:10,11.1,0.01,185,205350,买盘
1741,10:48:07,11.09,-0.01,50,55450,卖盘
1742,10:48:01,11.1,--,279,309690,买盘
1743,10:47:55,11.1,--,22,24420,买盘
1744,10:47:52,11.1,--,49,54390,买盘
1745,10:47:46,11.1,0.01,51,56610,买盘
1746,10:47:40,11.09,-0.01,54,59886,卖盘
1747,10:47:37,11.1,--,165,183150,买盘
1748,10:47:31,11.1,--,40,45343,买盘
1749,10:47:25,11.1,--,8,8880,买盘
1750,10:47:22,11.1,--,100,111000,买盘
1751,10:47:16,11.1,--,124,137640,买盘
1752,10:47:10,11.1,--,38,42180,买盘
1753,10:47:07,11.1,0.01,163,180930,买盘
1754,10:47:01,11.09,-0.01,186,206274,卖盘
1755,10:46:55,11.1,--,21,23310,买盘
1756,10:46:52,11.1,--,40,44400,买盘
1757,10:46:46,11.1,--,68,75480,买盘
1758,10:46:40,11.1,--,40,44400,买盘
1759,10:46:37,11.1,--,1412,1568130,卖盘
1760,10:46:31,11.1,-0.03,1176,1305360,卖盘
1761,10:46:25,11.13,--,65,72345,买盘
1762,10:46:22,11.13,0.01,12,13356,买盘
1763,10:46:16,11.12,--,50,55599,卖盘
1764,10:46:10,11.12,-0.01,9,10008,卖盘
1765,10:46:07,11.13,0.01,31,34503,买盘
1766,10:46:01,11.12,--,72,80064,卖盘
1767,10:45:55,11.12,--,60,66720,卖盘
1768,10:45:52,11.12,-0.01,22,24464,卖盘
1769,10:45:40,11.13,--,23,25599,买盘
1770,10:45:37,11.13,0.01,23,25599,买盘
1771,10:45:31,11.12,--,20,22240,卖盘
1772,10:45:22,11.12,-0.01,32,35584,卖盘
1773,10:45:16,11.13,--,79,87927,买盘
1774,10:45:10,11.13,--,30,33390,买盘
1775,10:45:07,11.13,--,108,120983,卖盘
1776,10:45:01,11.13,--,101,112413,卖盘
1777,10:44:52,11.13,-0.01,53,58989,卖盘
1778,10:44:46,11.14,0.01,38,42332,买盘
1779,10:44:40,11.13,--,72,80837,卖盘
1780,10:44:37,11.13,-0.01,50,55727,卖盘
1781,10:44:31,11.14,0.01,164,182696,买盘
1782,10:44:25,11.13,--,82,91266,卖盘
1783,10:44:22,11.13,--,225,250425,卖盘
1784,10:44:16,11.13,--,280,311640,卖盘
1785,10:44:10,11.13,--,83,92379,卖盘
1786,10:44:07,11.13,--,254,282702,卖盘
1787,10:44:01,11.13,-0.01,279,310527,卖盘
1788,10:43:55,11.14,0.01,151,168214,买盘
1789,10:43:52,11.13,-0.01,81,90153,卖盘
1790,10:43:46,11.14,0.01,20,22280,买盘
1791,10:43:40,11.13,--,181,201453,卖盘
1792,10:43:37,11.13,-0.01,31,34503,卖盘
1793,10:43:31,11.14,--,79,88006,买盘
1794,10:43:25,11.14,--,39,43446,买盘
1795,10:43:16,11.14,--,1,1114,买盘
1796,10:43:10,11.14,-0.01,16,17824,卖盘
1797,10:43:07,11.15,--,34,37910,买盘
1798,10:43:01,11.15,-0.01,67,74705,卖盘
1799,10:42:55,11.16,0.01,19,21204,买盘
1800,10:42:51,11.15,--,11,12265,卖盘
1801,10:42:46,11.15,--,20,22300,卖盘
1802,10:42:40,11.15,0.02,34,37910,中性盘
1803,10:42:36,11.13,-0.02,122,136565,卖盘
1804,10:42:31,11.15,0.03,23,25645,买盘
1805,10:42:25,11.12,-0.01,10,11120,卖盘
1806,10:42:21,11.13,0.01,10,11130,中性盘
1807,10:42:16,11.12,-0.03,20,22240,卖盘
1808,10:42:10,11.15,0.03,3,3345,买盘
1809,10:42:06,11.12,--,4,4448,买盘
1810,10:42:01,11.12,0.02,17,18904,买盘
1811,10:41:55,11.1,--,0,0,卖盘
1812,10:41:51,11.1,--,150,166955,买盘
1813,10:41:46,11.1,0.01,737,818070,买盘
1814,10:41:40,11.09,-0.01,1677,1859793,卖盘
1815,10:41:36,11.1,--,784,870240,买盘
1816,10:41:31,11.1,--,784,870240,买盘
1817,10:41:25,11.1,--,605,671550,买盘
1818,10:41:21,11.1,--,35,38850,买盘
1819,10:41:16,11.1,--,157,174270,买盘
1820,10:41:10,11.1,-0.06,5081,5640564,卖盘
1821,10:41:01,11.16,-0.01,15,16740,卖盘
1822,10:40:55,11.17,0.06,48,53616,买盘
1823,10:40:51,11.11,--,0,0,卖盘
1824,10:40:46,11.11,0.01,11,12221,卖盘
1825,10:40:40,11.1,--,0,0,卖盘
1826,10:40:34,11.1,--,127,141225,卖盘
1827,10:40:31,11.1,--,246,273259,买盘
1828,10:40:25,11.1,--,213,236430,买盘
1829,10:40:19,11.1,--,112,124320,买盘
1830,10:40:16,11.1,-0.07,2400,2664777,卖盘
1831,10:40:10,11.17,--,100,111700,买盘
1832,10:40:01,11.17,-0.01,6,6702,卖盘
1833,10:39:55,11.18,--,5,5590,买盘
1834,10:39:49,11.18,0.07,6,6708,买盘
1835,10:39:46,11.11,-0.01,750,833250,卖盘
1836,10:39:34,11.12,--,0,0,卖盘
1837,10:39:31,11.12,-0.07,682,758384,卖盘
1838,10:39:25,11.19,--,119,133161,买盘
1839,10:39:19,11.19,--,23,25737,买盘
1840,10:39:16,11.19,0.01,373,417387,买盘
1841,10:39:10,11.18,-0.01,540,603720,卖盘
1842,10:39:04,11.19,0.01,11,12309,买盘
1843,10:39:01,11.18,-0.01,99,110704,卖盘
1844,10:38:55,11.19,--,12,13428,卖盘
1845,10:38:49,11.19,0.08,56,63760,买盘
1846,10:38:46,11.11,-0.08,1130,1255430,卖盘
1847,10:38:40,11.19,0.02,5,5595,买盘
1848,10:38:34,11.17,--,1,1117,卖盘
1849,10:38:31,11.17,-0.01,98,110247,卖盘
1850,10:38:25,11.18,0.03,985,1101230,买盘
1851,10:38:19,11.15,--,11,12265,卖盘
1852,10:38:16,11.15,--,20,22300,卖盘
1853,10:38:10,11.15,--,20,22300,卖盘
1854,10:38:04,11.15,--,200,223122,买盘
1855,10:38:01,11.15,--,1751,1952365,买盘
1856,10:37:55,11.15,--,412,459380,买盘
1857,10:37:49,11.15,0.01,124,138260,买盘
1858,10:37:46,11.14,-0.01,562,626068,卖盘
1859,10:37:40,11.15,--,81,90315,买盘
1860,10:37:34,11.15,--,44,49060,买盘
1861,10:37:31,11.15,--,35,39025,买盘
1862,10:37:25,11.15,--,43,47945,买盘
1863,10:37:19,11.15,--,61,68015,买盘
1864,10:37:16,11.15,--,75,83625,买盘
1865,10:37:10,11.15,-0.03,3056,3408432,卖盘
1866,10:37:04,11.18,--,135,150930,买盘
1867,10:37:01,11.18,--,41,45838,买盘
1868,10:36:55,11.18,-0.02,8,8944,中性盘
1869,10:36:49,11.2,--,11,12320,买盘
1870,10:36:46,11.2,--,59,66080,买盘
1871,10:36:40,11.2,--,51,57120,买盘
1872,10:36:34,11.2,-0.01,7,7839,买盘
1873,10:36:31,11.21,0.04,241,270161,买盘
1874,10:36:25,11.17,-0.04,79,89058,卖盘
1875,10:36:19,11.21,--,2154,2414634,买盘
1876,10:36:16,11.21,0.01,495,554895,买盘
1877,10:36:10,11.2,-0.01,5,5600,中性盘
1878,10:36:04,11.21,--,813,911373,卖盘
1879,10:36:00,11.21,--,279,312759,卖盘
1880,10:35:55,11.21,--,63,70623,卖盘
1881,10:35:49,11.21,--,94,105396,卖盘
1882,10:35:46,11.21,--,25,28025,卖盘
1883,10:35:40,11.21,--,56,63414,卖盘
1884,10:35:34,11.21,--,102,114342,卖盘
1885,10:35:30,11.21,--,6,6726,卖盘
1886,10:35:25,11.21,--,59,66139,卖盘
1887,10:35:19,11.21,--,82,91922,卖盘
1888,10:35:15,11.21,--,11,12331,卖盘
1889,10:35:10,11.21,-0.01,35,39235,卖盘
1890,10:35:04,11.22,0.01,160,179520,买盘
1891,10:34:55,11.21,-0.01,45,50445,卖盘
1892,10:34:49,11.22,--,7,7854,买盘
1893,10:34:45,11.22,0.01,35,39270,买盘
1894,10:34:40,11.21,--,32,35872,卖盘
1895,10:34:34,11.21,-0.01,63,70623,卖盘
1896,10:34:30,11.22,0.01,56,62832,中性盘
1897,10:34:25,11.21,--,180,202598,卖盘
1898,10:34:19,11.21,-0.01,208,233168,卖盘
1899,10:34:15,11.22,--,27,30294,卖盘
1900,10:34:10,11.22,-0.01,89,99858,卖盘
1901,10:34:04,11.23,0.01,161,180803,买盘
1902,10:34:00,11.22,0.01,9,10098,买盘
1903,10:33:55,11.21,-0.01,168,188328,卖盘
1904,10:33:49,11.22,0.01,76,85776,买盘
1905,10:33:45,11.21,-0.01,2,2242,卖盘
1906,10:33:40,11.22,0.02,197,221034,买盘
1907,10:33:34,11.2,-0.01,328,367360,卖盘
1908,10:33:30,11.21,--,3,3363,卖盘
1909,10:33:25,11.21,--,51,57171,卖盘
1910,10:33:15,11.21,0.01,6,6726,中性盘
1911,10:33:10,11.2,-0.03,40,44800,卖盘
1912,10:33:04,11.23,0.03,1073,1204979,买盘
1913,10:32:58,11.2,-0.01,15,16800,卖盘
1914,10:32:55,11.21,0.01,128,143488,买盘
1915,10:32:49,11.2,-0.01,46,51520,卖盘
1916,10:32:43,11.21,0.01,90,100890,买盘
1917,10:32:40,11.2,--,121,135520,卖盘
1918,10:32:34,11.2,--,51,57120,卖盘
1919,10:32:28,11.2,--,30,33600,卖盘
1920,10:32:25,11.2,--,75,84817,卖盘
1921,10:32:19,11.2,--,92,103600,买盘
1922,10:32:13,11.2,--,221,247519,买盘
1923,10:32:10,11.2,0.01,340,380800,买盘
1924,10:32:04,11.19,-0.01,250,279750,卖盘
1925,10:31:58,11.2,--,223,249759,买盘
1926,10:31:55,11.2,--,17,19040,买盘
1927,10:31:49,11.2,0.01,30,33600,买盘
1928,10:31:43,11.19,-0.01,198,221562,卖盘
1929,10:31:40,11.2,--,501,561120,买盘
1930,10:31:34,11.2,--,38,42560,买盘
1931,10:31:28,11.2,--,79,88480,买盘
1932,10:31:25,11.2,--,21,23520,买盘
1933,10:31:19,11.2,--,51,57120,买盘
1934,10:31:13,11.2,--,429,480479,买盘
1935,10:31:10,11.2,0.01,17,19040,买盘
1936,10:31:04,11.19,-0.01,53,59307,卖盘
1937,10:30:58,11.2,--,36,40320,买盘
1938,10:30:55,11.2,--,1,1120,买盘
1939,10:30:49,11.2,0.01,182,203840,买盘
1940,10:30:43,11.19,-0.01,82,91758,卖盘
1941,10:30:40,11.2,0.01,15,16800,买盘
1942,10:30:34,11.19,--,69,77211,卖盘
1943,10:30:28,11.19,--,147,164493,卖盘
1944,10:30:25,11.19,-0.01,95,107121,卖盘
1945,10:30:19,11.2,--,167,187040,买盘
1946,10:30:13,11.2,--,97,108640,买盘
1947,10:30:10,11.2,--,29,32479,买盘
1948,10:30:04,11.2,--,24,26880,买盘
1949,10:29:58,11.2,--,72,80640,买盘
1950,10:29:55,11.2,--,7,7839,买盘
1951,10:29:49,11.2,0.01,32,35840,买盘
1952,10:29:43,11.19,--,47,52593,卖盘
1953,10:29:40,11.19,--,142,158898,买盘
1954,10:29:34,11.19,--,47,52593,买盘
1955,10:29:28,11.19,--,2,2238,买盘
1956,10:29:25,11.19,--,8,8952,卖盘
1957,10:29:19,11.19,--,54,60426,卖盘
1958,10:29:13,11.19,-0.01,5,5595,卖盘
1959,10:29:04,11.2,--,35,39200,买盘
1960,10:28:58,11.2,0.01,74,82880,买盘
1961,10:28:55,11.19,--,290,324689,买盘
1962,10:28:49,11.19,--,68,76092,买盘
1963,10:28:43,11.19,0.01,4,4476,买盘
1964,10:28:39,11.18,-0.01,25,27950,卖盘
1965,10:28:34,11.19,--,53,59307,买盘
1966,10:28:28,11.19,0.01,55,61545,买盘
1967,10:28:19,11.18,-0.01,125,140566,卖盘
1968,10:28:13,11.19,--,60,67140,买盘
1969,10:28:09,11.19,--,601,672519,买盘
1970,10:28:04,11.19,--,19,21261,买盘
1971,10:27:58,11.19,0.01,2,2238,买盘
1972,10:27:54,11.18,-0.01,10,11180,卖盘
1973,10:27:49,11.19,0.01,210,234990,买盘
1974,10:27:43,11.18,-0.01,52,58136,卖盘
1975,10:27:39,11.19,--,110,123090,买盘
1976,10:27:34,11.19,0.01,6,6714,买盘
1977,10:27:28,11.18,-0.01,29,32422,卖盘
1978,10:27:24,11.19,--,80,89520,买盘
1979,10:27:19,11.19,--,11,12309,买盘
1980,10:27:13,11.19,0.01,62,69378,买盘
1981,10:27:09,11.18,--,9,10062,卖盘
1982,10:27:04,11.18,-0.01,138,154284,卖盘
1983,10:26:58,11.19,0.01,35,39165,买盘
1984,10:26:49,11.18,--,61,68198,卖盘
1985,10:26:39,11.18,--,347,387946,卖盘
1986,10:26:34,11.18,-0.01,104,116272,卖盘
1987,10:26:28,11.19,--,20,22380,买盘
1988,10:26:19,11.19,--,188,211188,买盘
1989,10:26:13,11.19,--,334,374361,卖盘
1990,10:26:09,11.19,--,70,78330,卖盘
1991,10:26:04,11.19,-0.01,91,101829,卖盘
1992,10:25:58,11.2,--,63,71064,买盘
1993,10:25:54,11.2,0.01,619,693280,买盘
1994,10:25:49,11.19,--,10,11190,卖盘
1995,10:25:43,11.19,--,5,5595,卖盘
1996,10:25:39,11.19,-0.01,8,8952,卖盘
1997,10:25:34,11.2,0.01,187,209440,买盘
1998,10:25:28,11.19,--,87,97353,卖盘
1999,10:25:24,11.19,--,130,145470,卖盘
2000,10:25:19,11.19,--,183,204777,卖盘
2001,10:25:13,11.19,--,50,55950,卖盘
2002,10:25:09,11.19,--,5,5595,卖盘
2003,10:25:04,11.19,--,74,82806,卖盘
2004,10:24:58,11.19,-0.01,76,85044,卖盘
2005,10:24:52,11.2,0.01,54,60479,买盘
2006,10:24:49,11.19,-0.01,395,442005,卖盘
2007,10:24:43,11.2,0.01,38,42560,买盘
2008,10:24:37,11.19,-0.01,53,59307,卖盘
2009,10:24:34,11.2,0.01,424,474879,买盘
2010,10:24:28,11.19,--,648,725112,买盘
2011,10:24:22,11.19,--,99,111329,买盘
2012,10:24:19,11.19,0.01,462,517246,买盘
2013,10:24:13,11.18,-0.01,20,22360,卖盘
2014,10:24:07,11.19,--,52,58188,买盘
2015,10:24:03,11.19,0.01,5,5595,买盘
2016,10:23:58,11.18,0.01,1045,1169126,买盘
2017,10:23:52,11.17,-0.01,30,33510,卖盘
2018,10:23:48,11.18,0.01,16,17888,买盘
2019,10:23:43,11.17,--,903,1008651,买盘
2020,10:23:37,11.17,0.01,142,158614,买盘
2021,10:23:33,11.16,-0.01,70,78120,卖盘
2022,10:23:28,11.17,0.01,117,130689,买盘
2023,10:23:22,11.16,-0.01,17,18972,卖盘
2024,10:23:18,11.17,--,107,119519,买盘
2025,10:23:13,11.17,0.01,118,131806,买盘
2026,10:23:07,11.16,-0.01,13,14508,卖盘
2027,10:23:03,11.17,0.01,5,5585,买盘
2028,10:22:58,11.16,--,25,27900,卖盘
2029,10:22:52,11.16,-0.01,114,127224,卖盘
2030,10:22:48,11.17,0.01,26,29042,买盘
2031,10:22:43,11.16,--,112,124992,卖盘
2032,10:22:37,11.16,-0.01,359,400644,卖盘
2033,10:22:33,11.17,0.01,6,6702,买盘
2034,10:22:28,11.16,--,15,16740,卖盘
2035,10:22:22,11.16,0.01,23,25668,卖盘
2036,10:22:18,11.15,-0.01,23,26291,卖盘
2037,10:22:13,11.16,0.01,101,112883,买盘
2038,10:22:07,11.15,-0.01,24,26760,卖盘
2039,10:22:03,11.16,--,200,223200,买盘
2040,10:21:58,11.16,--,76,84816,买盘
2041,10:21:52,11.16,--,91,101556,买盘
2042,10:21:48,11.16,0.01,47,52452,买盘
2043,10:21:43,11.15,--,30,33450,卖盘
2044,10:21:37,11.15,--,120,133800,卖盘
2045,10:21:33,11.15,--,43,47945,卖盘
2046,10:21:28,11.15,-0.01,8,8920,卖盘
2047,10:21:22,11.16,0.01,108,120528,买盘
2048,10:21:13,11.15,-0.01,33,36795,卖盘
2049,10:21:07,11.16,--,12,13392,买盘
2050,10:21:03,11.16,--,28,31248,买盘
2051,10:20:58,11.16,-0.01,6,6696,买盘
2052,10:20:52,11.17,--,2680,2993560,买盘
2053,10:20:48,11.17,0.01,49,54733,买盘
2054,10:20:43,11.16,--,66,73656,卖盘
2055,10:20:37,11.16,-0.01,9,10044,卖盘
2056,10:20:33,11.17,0.01,6,6702,买盘
2057,10:20:28,11.16,--,65,72540,卖盘
2058,10:20:22,11.16,--,79,88164,卖盘
2059,10:20:18,11.16,-0.01,15,16740,卖盘
2060,10:20:13,11.17,0.01,75,84590,买盘
2061,10:20:07,11.16,-0.01,35,39060,卖盘
2062,10:20:03,11.17,0.01,32,35744,买盘
2063,10:19:58,11.16,-0.01,54,60264,卖盘
2064,10:19:43,11.17,0.01,1,1117,买盘
2065,10:19:37,11.16,--,16,17856,卖盘
2066,10:19:33,11.16,--,3,3348,卖盘
2067,10:19:28,11.16,--,10,11160,卖盘
2068,10:19:22,11.16,--,71,79236,卖盘
2069,10:19:13,11.16,-0.01,25,27900,卖盘
2070,10:19:07,11.17,0.01,35,39095,买盘
2071,10:18:58,11.16,--,4,4464,卖盘
2072,10:18:52,11.16,--,127,141732,卖盘
2073,10:18:48,11.16,-0.01,55,61380,卖盘
2074,10:18:43,11.17,0.01,15,16755,买盘
2075,10:18:37,11.16,--,5,5580,卖盘
2076,10:18:33,11.16,--,70,78231,卖盘
2077,10:18:28,11.16,-0.01,49,54684,卖盘
2078,10:18:22,11.17,--,19,21223,买盘
2079,10:18:18,11.17,--,7,7819,买盘
2080,10:18:13,11.17,0.01,60,67835,买盘
2081,10:18:07,11.16,-0.01,110,122760,卖盘
2082,10:18:03,11.17,0.01,63,70371,买盘
2083,10:17:58,11.16,--,11,12276,卖盘
2084,10:17:52,11.16,-0.01,356,397296,卖盘
2085,10:17:48,11.17,0.01,15,16755,买盘
2086,10:17:43,11.16,-0.01,14,15624,卖盘
2087,10:17:33,11.17,--,126,141211,卖盘
2088,10:17:22,11.17,--,197,220049,卖盘
2089,10:17:18,11.17,--,120,134040,卖盘
2090,10:17:07,11.17,-0.01,47,52499,卖盘
2091,10:17:01,11.18,0.01,13,14534,买盘
2092,10:16:58,11.17,-0.01,33,36861,卖盘
2093,10:16:52,11.18,0.01,80,89440,买盘
2094,10:16:46,11.17,--,117,130689,卖盘
2095,10:16:37,11.17,-0.01,78,87126,卖盘
2096,10:16:31,11.18,--,12,13416,买盘
2097,10:16:28,11.18,0.02,79,88970,买盘
2098,10:16:22,11.16,-0.01,59,65844,卖盘
2099,10:16:16,11.17,--,29,32862,卖盘
2100,10:16:13,11.17,-0.01,59,66718,卖盘
2101,10:16:07,11.18,0.01,47,52546,买盘
2102,10:16:01,11.17,--,80,89360,卖盘
2103,10:15:57,11.17,-0.01,51,56967,卖盘
2104,10:15:52,11.18,--,355,396890,买盘
2105,10:15:46,11.18,0.01,38,42484,买盘
2106,10:15:42,11.17,0.01,40,44680,买盘
2107,10:15:37,11.16,-0.01,50,55800,卖盘
2108,10:15:31,11.17,--,99,110583,卖盘
2109,10:15:27,11.17,--,2,2234,卖盘
2110,10:15:22,11.17,0.01,69,77073,买盘
2111,10:15:16,11.16,-0.01,133,148428,卖盘
2112,10:15:12,11.17,0.01,20,22340,买盘
2113,10:15:07,11.16,-0.01,22,24752,卖盘
2114,10:15:01,11.17,--,9,10254,买盘
2115,10:14:57,11.17,0.01,14,15638,买盘
2116,10:14:52,11.16,-0.02,25,28100,卖盘
2117,10:14:46,11.18,0.01,188,210184,买盘
2118,10:14:42,11.17,--,77,86009,买盘
2119,10:14:37,11.17,--,16,17872,买盘
2120,10:14:31,11.17,--,228,254676,买盘
2121,10:14:27,11.17,--,31,34627,买盘
2122,10:14:22,11.17,--,2,2234,买盘
2123,10:14:16,11.17,-0.01,40,44680,中性盘
2124,10:14:12,11.18,0.01,321,359369,买盘
2125,10:14:07,11.17,-0.01,120,134040,卖盘
2126,10:14:01,11.18,--,111,124098,买盘
2127,10:13:57,11.18,--,12,13416,买盘
2128,10:13:52,11.18,0.01,142,158756,买盘
2129,10:13:46,11.17,--,65,72605,卖盘
2130,10:13:42,11.17,-0.01,892,996364,卖盘
2131,10:13:37,11.18,0.02,94,105092,买盘
2132,10:13:31,11.16,-0.01,103,114948,卖盘
2133,10:13:27,11.17,--,5,5585,卖盘
2134,10:13:22,11.17,0.01,89,99413,买盘
2135,10:13:16,11.16,-0.01,65,72540,卖盘
2136,10:13:12,11.17,--,153,170901,买盘
2137,10:13:07,11.17,--,91,101647,买盘
2138,10:13:01,11.17,--,18,20106,买盘
2139,10:12:57,11.17,0.02,53,59201,买盘
2140,10:12:52,11.15,-0.01,129,143835,卖盘
2141,10:12:46,11.16,0.01,524,584784,买盘
2142,10:12:42,11.15,-0.01,209,233035,卖盘
2143,10:12:37,11.16,--,363,405108,买盘
2144,10:12:31,11.16,--,21,23436,买盘
2145,10:12:27,11.16,0.01,57,63612,买盘
2146,10:12:22,11.15,--,616,687743,卖盘
2147,10:12:16,11.15,--,45,50175,卖盘
2148,10:12:12,11.15,--,36,41121,卖盘
2149,10:12:07,11.15,--,363,405692,买盘
2150,10:12:01,11.15,--,346,385790,买盘
2151,10:11:57,11.15,--,61,68015,买盘
2152,10:11:52,11.15,--,117,130455,买盘
2153,10:11:46,11.15,--,51,56865,买盘
2154,10:11:42,11.15,0.01,63,70245,买盘
2155,10:11:37,11.14,--,151,168214,卖盘
2156,10:11:31,11.14,-0.01,198,220572,卖盘
2157,10:11:27,11.15,0.01,33,36795,买盘
2158,10:11:22,11.14,-0.01,42,46788,卖盘
2159,10:11:16,11.15,--,115,128225,买盘
2160,10:11:12,11.15,--,24,26760,买盘
2161,10:11:07,11.15,--,100,111500,买盘
2162,10:11:01,11.15,0.01,34,37910,买盘
2163,10:10:57,11.14,-0.01,5,5570,卖盘
2164,10:10:52,11.15,--,247,275405,买盘
2165,10:10:46,11.15,0.01,331,369065,买盘
2166,10:10:42,11.14,-0.01,151,168214,卖盘
2167,10:10:37,11.15,--,17,18955,买盘
2168,10:10:31,11.15,0.01,27,30105,买盘
2169,10:10:27,11.14,--,33,36762,卖盘
2170,10:10:22,11.14,--,316,352024,卖盘
2171,10:10:16,11.14,--,701,781359,买盘
2172,10:10:12,11.14,0.01,57,64010,买盘
2173,10:10:07,11.13,-0.01,40,44820,卖盘
2174,10:10:01,11.14,--,47,52358,买盘
2175,10:09:57,11.14,0.01,36,40104,买盘
2176,10:09:52,11.13,-0.01,72,80136,卖盘
2177,10:09:46,11.14,0.01,36,40104,买盘
2178,10:09:42,11.13,--,3,3339,卖盘
2179,10:09:37,11.13,--,30,33390,卖盘
2180,10:09:31,11.13,-0.01,254,282702,卖盘
2181,10:09:27,11.14,--,22,24508,买盘
2182,10:09:22,11.14,0.01,6,6684,买盘
2183,10:09:16,11.13,--,9,10017,卖盘
2184,10:09:12,11.13,--,30,33390,卖盘
2185,10:09:01,11.13,--,17,18921,卖盘
2186,10:08:57,11.13,--,0,0,买盘
2187,10:08:52,11.13,--,28,31164,买盘
2188,10:08:46,11.13,--,84,93492,买盘
2189,10:08:37,11.13,--,5,5565,买盘
2190,10:08:31,11.13,--,30,33390,买盘
2191,10:08:25,11.13,-0.01,120,133860,卖盘
2192,10:08:16,11.14,0.01,21,23394,买盘
2193,10:08:10,11.13,--,6,6678,卖盘
2194,10:08:06,11.13,--,85,95417,卖盘
2195,10:08:01,11.13,--,52,57876,卖盘
2196,10:07:55,11.13,--,26,28938,卖盘
2197,10:07:51,11.13,--,9,10017,卖盘
2198,10:07:46,11.13,--,21,23373,卖盘
2199,10:07:40,11.13,--,18,20034,卖盘
2200,10:07:36,11.13,-0.01,76,84588,卖盘
2201,10:07:31,11.14,0.01,100,111400,买盘
2202,10:07:16,11.13,-0.01,12,13356,中性盘
2203,10:07:10,11.14,0.02,355,395470,买盘
2204,10:07:01,11.12,--,213,236855,卖盘
2205,10:06:55,11.12,-0.01,91,101192,卖盘
2206,10:06:46,11.13,--,5,5565,买盘
2207,10:06:40,11.13,--,284,316092,买盘
2208,10:06:36,11.13,--,121,134673,买盘
2209,10:06:31,11.13,--,60,66780,买盘
2210,10:06:25,11.13,--,18,20034,买盘
2211,10:06:10,11.13,0.01,7,7791,买盘
2212,10:06:06,11.12,-0.01,23,26065,卖盘
2213,10:06:01,11.13,--,72,80458,卖盘
2214,10:05:51,11.13,--,5,5565,卖盘
2215,10:05:46,11.13,-0.01,149,165837,卖盘
2216,10:05:40,11.14,0.01,7,7798,买盘
2217,10:05:36,11.13,--,35,38955,卖盘
2218,10:05:31,11.13,--,18,20034,卖盘
2219,10:05:25,11.13,--,20,22260,卖盘
2220,10:05:21,11.13,--,27,30051,卖盘
2221,10:05:16,11.13,--,128,142664,卖盘
2222,10:05:10,11.13,--,7,7791,卖盘
2223,10:05:06,11.13,-0.01,20,22260,卖盘
2224,10:05:01,11.14,0.02,56,62584,买盘
2225,10:04:55,11.12,--,16,17792,卖盘
2226,10:04:51,11.12,--,7,7783,卖盘
2227,10:04:46,11.12,-0.01,16,17792,卖盘
2228,10:04:40,11.13,--,17,18921,买盘
2229,10:04:36,11.13,0.01,34,37842,买盘
2230,10:04:31,11.12,-0.01,38,42256,卖盘
2231,10:04:25,11.13,--,143,159159,买盘
2232,10:04:21,11.13,--,12,13356,买盘
2233,10:04:16,11.13,0.01,70,77910,买盘
2234,10:04:10,11.12,-0.02,50,55599,卖盘
2235,10:04:06,11.14,0.02,41,45674,买盘
2236,10:04:01,11.12,-0.02,90,100891,卖盘
2237,10:03:55,11.14,--,175,194950,买盘
2238,10:03:51,11.14,0.01,10,11140,买盘
2239,10:03:46,11.13,-0.01,144,160272,卖盘
2240,10:03:40,11.14,--,21,23394,买盘
2241,10:03:36,11.14,--,57,63698,买盘
2242,10:03:31,11.14,--,12,13368,买盘
2243,10:03:25,11.14,0.01,19,21166,买盘
2244,10:03:21,11.13,--,122,135786,卖盘
2245,10:03:15,11.13,--,6,6878,卖盘
2246,10:03:10,11.13,--,52,58076,卖盘
2247,10:03:06,11.13,--,125,139325,卖盘
2248,10:03:01,11.13,0.01,10,11130,中性盘
2249,10:02:55,11.12,-0.01,31,34472,卖盘
2250,10:02:51,11.13,--,5,5565,卖盘
2251,10:02:45,11.13,0.01,9,10017,买盘
2252,10:02:40,11.12,-0.01,72,80064,卖盘
2253,10:02:36,11.13,--,157,174741,买盘
2254,10:02:31,11.13,--,47,52311,买盘
2255,10:02:25,11.13,--,64,71232,买盘
2256,10:02:21,11.13,--,9,10017,买盘
2257,10:02:16,11.13,--,8,8904,买盘
2258,10:02:10,11.13,0.01,10,11130,买盘
2259,10:02:05,11.12,-0.01,22,25309,卖盘
2260,10:02:00,11.13,0.01,89,100136,买盘
2261,10:01:55,11.12,-0.01,33,36896,卖盘
2262,10:01:50,11.13,--,66,73458,买盘
2263,10:01:45,11.13,--,8,8904,买盘
2264,10:01:40,11.13,--,45,50085,买盘
2265,10:01:34,11.13,--,7,7791,买盘
2266,10:01:25,11.13,--,420,467460,买盘
2267,10:01:19,11.13,0.01,3,3339,买盘
2268,10:01:10,11.12,--,16,17792,卖盘
2269,10:01:04,11.12,--,159,176808,卖盘
2270,10:01:00,11.12,--,4,4448,卖盘
2271,10:00:55,11.12,--,173,192376,买盘
2272,10:00:49,11.12,--,12,13343,买盘
2273,10:00:45,11.12,--,31,34472,买盘
2274,10:00:40,11.12,-0.01,445,494839,卖盘
2275,10:00:34,11.13,0.01,201,223713,买盘
2276,10:00:30,11.12,--,8,8896,买盘
2277,10:00:25,11.12,--,76,84512,卖盘
2278,10:00:19,11.12,--,10,11120,卖盘
2279,10:00:10,11.12,0.01,65,72280,买盘
2280,10:00:04,11.11,--,38,42218,卖盘
2281,10:00:00,11.11,-0.01,98,109689,卖盘
2282,09:59:55,11.12,0.01,11,12232,买盘
2283,09:59:49,11.11,-0.01,34,37774,卖盘
2284,09:59:40,11.12,0.01,40,44480,买盘
2285,09:59:34,11.11,--,46,51106,卖盘
2286,09:59:30,11.11,-0.01,10,11110,卖盘
2287,09:59:25,11.12,--,44,48928,买盘
2288,09:59:19,11.12,--,10,11120,买盘
2289,09:59:10,11.12,0.01,74,82288,买盘
2290,09:59:04,11.11,-0.01,31,34441,卖盘
2291,09:59:00,11.12,-0.01,9,10008,中性盘
2292,09:58:55,11.13,--,168,186984,买盘
2293,09:58:49,11.13,0.01,44,48972,买盘
2294,09:58:45,11.12,--,11,12232,卖盘
2295,09:58:40,11.12,-0.01,102,113423,卖盘
2296,09:58:30,11.13,--,11,12243,买盘
2297,09:58:19,11.13,--,531,591003,卖盘
2298,09:58:15,11.13,--,76,84588,卖盘
2299,09:58:10,11.13,--,41,45633,卖盘
2300,09:58:04,11.13,--,68,75684,卖盘
2301,09:58:00,11.13,--,34,38398,卖盘
2302,09:57:55,11.13,--,125,139380,卖盘
2303,09:57:49,11.13,--,29,32277,卖盘
2304,09:57:45,11.13,--,36,40268,卖盘
2305,09:57:40,11.13,-0.01,266,296058,卖盘
2306,09:57:34,11.14,--,44,49016,买盘
2307,09:57:30,11.14,0.01,120,133680,买盘
2308,09:57:24,11.13,-0.01,20,22260,卖盘
2309,09:57:19,11.14,0.01,62,69068,买盘
2310,09:57:15,11.13,-0.01,85,94605,卖盘
2311,09:57:09,11.14,--,25,27850,买盘
2312,09:57:04,11.14,--,112,124768,买盘
2313,09:57:00,11.14,--,65,72410,买盘
2314,09:56:54,11.14,--,19,21166,卖盘
2315,09:56:49,11.14,--,60,66840,买盘
2316,09:56:45,11.14,--,288,320832,卖盘
2317,09:56:39,11.14,--,17,18938,卖盘
2318,09:56:34,11.14,--,86,95804,卖盘
2319,09:56:30,11.14,0.01,322,358708,买盘
2320,09:56:24,11.13,-0.01,79,87927,卖盘
2321,09:56:19,11.14,--,370,412291,买盘
2322,09:56:15,11.14,0.01,98,109172,买盘
2323,09:56:09,11.13,-0.01,30,33390,卖盘
2324,09:56:04,11.14,--,24,26736,买盘
2325,09:56:00,11.14,--,227,253691,买盘
2326,09:55:54,11.14,--,3,3342,买盘
2327,09:55:49,11.14,--,49,54586,买盘
2328,09:55:45,11.14,--,123,137022,买盘
2329,09:55:39,11.14,--,17,18938,买盘
2330,09:55:34,11.14,--,41,45674,买盘
2331,09:55:30,11.14,0.01,57,63498,买盘
2332,09:55:24,11.13,-0.01,26,28938,卖盘
2333,09:55:19,11.14,0.01,155,172670,买盘
2334,09:55:15,11.13,--,11,12243,卖盘
2335,09:55:09,11.13,--,20,22260,卖盘
2336,09:55:04,11.13,-0.01,2,2226,卖盘
2337,09:54:59,11.14,0.02,122,136721,买盘
2338,09:54:54,11.12,-0.01,2,2224,卖盘
2339,09:54:49,11.13,--,178,198114,买盘
2340,09:54:44,11.13,--,13,14469,买盘
2341,09:54:39,11.13,--,74,82362,买盘
2342,09:54:34,11.13,--,14,15582,买盘
2343,09:54:29,11.13,0.01,32,35616,买盘
2344,09:54:24,11.12,--,230,255759,买盘
2345,09:54:19,11.12,--,121,134552,买盘
2346,09:54:14,11.12,--,5,5560,买盘
2347,09:54:09,11.12,--,189,210167,买盘
2348,09:54:04,11.12,0.01,35,38920,买盘
2349,09:53:58,11.11,-0.01,189,210790,卖盘
2350,09:53:54,11.12,--,20,22240,买盘
2351,09:53:49,11.12,--,6,6671,买盘
2352,09:53:43,11.12,--,20,22240,买盘
2353,09:53:39,11.12,--,25,27799,买盘
2354,09:53:34,11.12,--,108,120095,买盘
2355,09:53:28,11.12,--,76,84512,买盘
2356,09:53:24,11.12,--,6,6671,买盘
2357,09:53:19,11.12,0.01,86,95632,买盘
2358,09:53:13,11.11,--,21,23331,卖盘
2359,09:53:09,11.11,--,11,12221,卖盘
2360,09:53:04,11.11,-0.01,6,6666,卖盘
2361,09:52:54,11.12,0.01,12,13343,买盘
2362,09:52:49,11.11,-0.01,114,126654,卖盘
2363,09:52:43,11.12,--,156,173472,买盘
2364,09:52:39,11.12,--,111,123431,买盘
2365,09:52:34,11.12,0.01,544,604928,买盘
2366,09:52:28,11.11,-0.01,12,13332,中性盘
2367,09:52:24,11.12,--,254,282748,买盘
2368,09:52:19,11.12,--,93,103416,买盘
2369,09:52:13,11.12,--,118,131216,买盘
2370,09:52:09,11.12,0.01,17,18904,买盘
2371,09:52:04,11.11,-0.01,109,121099,卖盘
2372,09:51:58,11.12,0.01,171,190152,买盘
2373,09:51:54,11.11,--,72,80803,卖盘
2374,09:51:49,11.11,--,57,63327,卖盘
2375,09:51:43,11.11,--,72,79992,卖盘
2376,09:51:39,11.11,--,7,7777,卖盘
2377,09:51:34,11.11,--,47,52217,卖盘
2378,09:51:28,11.11,--,247,274417,买盘
2379,09:51:24,11.11,0.01,31,34441,买盘
2380,09:51:19,11.1,--,21,23487,卖盘
2381,09:51:13,11.1,-0.01,380,421800,卖盘
2382,09:51:09,11.11,--,16,17776,买盘
2383,09:51:04,11.11,--,110,122210,买盘
2384,09:50:58,11.11,--,56,62216,买盘
2385,09:50:54,11.11,--,36,39996,买盘
2386,09:50:49,11.11,--,43,47773,买盘
2387,09:50:43,11.11,--,333,369963,买盘
2388,09:50:39,11.11,0.01,160,177760,买盘
2389,09:50:33,11.1,-0.01,92,102120,卖盘
2390,09:50:28,11.11,--,59,65549,买盘
2391,09:50:24,11.11,0.01,54,59994,买盘
2392,09:50:13,11.1,-0.01,54,59940,卖盘
2393,09:50:09,11.11,--,34,37774,买盘
2394,09:50:03,11.11,0.01,35,38885,买盘
2395,09:49:58,11.1,--,128,142080,卖盘
2396,09:49:54,11.1,0.01,493,548040,买盘
2397,09:49:48,11.09,-0.01,20,22180,卖盘
2398,09:49:43,11.1,0.01,8,8880,买盘
2399,09:49:39,11.09,0.01,55,61194,卖盘
2400,09:49:33,11.08,--,0,0,卖盘
2401,09:49:28,11.08,-0.02,114,126511,卖盘
2402,09:49:24,11.1,0.01,33,37284,买盘
2403,09:49:18,11.09,-0.01,146,162368,卖盘
2404,09:49:13,11.1,--,92,102120,买盘
2405,09:49:09,11.1,--,8,8880,买盘
2406,09:49:03,11.1,0.01,74,82140,买盘
2407,09:48:58,11.09,-0.01,58,64322,卖盘
2408,09:48:54,11.1,--,115,127650,买盘
2409,09:48:48,11.1,--,82,91020,买盘
2410,09:48:43,11.1,--,31,34410,买盘
2411,09:48:39,11.1,--,40,44400,买盘
2412,09:48:33,11.1,--,1,1110,买盘
2413,09:48:28,11.1,-0.01,14,15540,买盘
2414,09:48:24,11.11,0.02,9,9999,买盘
2415,09:48:18,11.09,--,50,55450,卖盘
2416,09:48:13,11.09,-0.01,216,239544,卖盘
2417,09:48:08,11.1,--,100,111000,卖盘
2418,09:47:58,11.1,--,385,427782,买盘
2419,09:47:53,11.1,0.01,117,130680,买盘
2420,09:47:48,11.09,-0.01,27,29943,卖盘
2421,09:47:43,11.1,--,26,28860,买盘
2422,09:47:38,11.1,--,161,178710,买盘
2423,09:47:33,11.1,--,43,47730,买盘
2424,09:47:28,11.1,--,71,78810,买盘
2425,09:47:23,11.1,0.01,42,46620,买盘
2426,09:47:18,11.09,--,204,226236,卖盘
2427,09:47:13,11.09,--,47,52123,卖盘
2428,09:47:08,11.09,--,142,157478,卖盘
2429,09:46:58,11.09,--,13,14417,卖盘
2430,09:46:53,11.09,--,101,112530,买盘
2431,09:46:48,11.09,0.01,87,96483,买盘
2432,09:46:43,11.08,-0.01,10,11080,卖盘
2433,09:46:38,11.09,--,79,87611,买盘
2434,09:46:28,11.09,0.01,10,11367,买盘
2435,09:46:23,11.08,--,78,87354,买盘
2436,09:46:18,11.08,--,85,94180,买盘
2437,09:46:13,11.08,--,2,2216,买盘
2438,09:46:03,11.08,--,127,140716,买盘
2439,09:45:58,11.08,--,100,110800,买盘
2440,09:45:52,11.08,--,76,85016,买盘
2441,09:45:48,11.08,--,5,5540,买盘
2442,09:45:43,11.08,-0.01,123,136660,卖盘
2443,09:45:33,11.09,0.01,10,11090,买盘
2444,09:45:28,11.08,--,54,59832,卖盘
2445,09:45:22,11.08,0.01,184,204603,买盘
2446,09:45:18,11.07,0.02,3,3321,买盘
2447,09:45:13,11.05,-0.02,45,49725,卖盘
2448,09:45:07,11.07,0.01,31,34317,买盘
2449,09:45:03,11.06,-0.01,3,3318,卖盘
2450,09:44:58,11.07,0.02,20,22140,买盘
2451,09:44:52,11.05,-0.02,60,66300,卖盘
2452,09:44:48,11.07,0.01,10,11070,买盘
2453,09:44:43,11.06,0.01,38,42028,买盘
2454,09:44:37,11.05,--,11,12353,卖盘
2455,09:44:33,11.05,-0.01,281,310505,卖盘
2456,09:44:28,11.06,0.01,1,1106,中性盘
2457,09:44:22,11.05,-0.01,190,209950,卖盘
2458,09:44:13,11.06,--,64,70983,买盘
2459,09:44:07,11.06,0.01,10,11060,买盘
2460,09:44:03,11.05,-0.01,20,22100,卖盘
2461,09:43:58,11.06,--,33,36498,买盘
2462,09:43:52,11.06,0.01,15,16590,卖盘
2463,09:43:48,11.05,-0.01,119,132301,卖盘
2464,09:43:42,11.06,--,90,99739,买盘
2465,09:43:37,11.06,-0.01,118,131083,卖盘
2466,09:43:33,11.07,0.01,9,10162,买盘
2467,09:43:22,11.06,0.01,240,265771,买盘
2468,09:43:18,11.05,--,27,30232,卖盘
2469,09:43:12,11.05,--,61,67405,卖盘
2470,09:43:07,11.05,-0.01,33,36862,卖盘
2471,09:43:03,11.06,0.01,46,51075,买盘
2472,09:42:57,11.05,-0.01,31,34453,卖盘
2473,09:42:52,11.06,0.01,10,11060,买盘
2474,09:42:48,11.05,-0.01,12,13657,卖盘
2475,09:42:42,11.06,--,21,23226,买盘
2476,09:42:37,11.06,-0.02,483,534264,卖盘
2477,09:42:33,11.08,--,53,58724,买盘
2478,09:42:22,11.08,--,155,171740,买盘
2479,09:42:18,11.08,--,14,15711,买盘
2480,09:42:12,11.08,--,2,2216,买盘
2481,09:42:07,11.08,-0.01,29,32132,卖盘
2482,09:42:03,11.09,0.01,25,27725,买盘
2483,09:41:52,11.08,0.01,6,6836,中性盘
2484,09:41:48,11.07,--,107,119445,卖盘
2485,09:41:42,11.07,-0.01,62,68634,卖盘
2486,09:41:37,11.08,0.01,18,20132,买盘
2487,09:41:33,11.07,-0.01,11,12365,卖盘
2488,09:41:27,11.08,--,30,33240,买盘
2489,09:41:22,11.08,0.01,6,6648,买盘
2490,09:41:12,11.07,--,69,77202,买盘
2491,09:41:07,11.07,0.01,15,16605,买盘
2492,09:41:03,11.06,--,148,163688,卖盘
2493,09:40:57,11.06,-0.01,6,6636,卖盘
2494,09:40:52,11.07,--,58,64206,买盘
2495,09:40:48,11.07,--,52,57564,买盘
2496,09:40:42,11.07,--,3,3321,买盘
2497,09:40:37,11.07,--,12,13284,买盘
2498,09:40:32,11.07,--,130,144463,卖盘
2499,09:40:27,11.07,-0.01,121,133947,卖盘
2500,09:40:22,11.08,--,50,55400,买盘
2501,09:40:17,11.08,0.01,20,22160,买盘
2502,09:40:12,11.07,-0.01,50,55350,卖盘
2503,09:40:07,11.08,--,9,9972,买盘
2504,09:40:02,11.08,--,10,11080,买盘
2505,09:39:57,11.08,--,34,38259,卖盘
2506,09:39:52,11.08,-0.01,9,9972,卖盘
2507,09:39:47,11.09,--,184,204577,买盘
2508,09:39:37,11.09,0.01,51,56559,买盘
2509,09:39:32,11.08,0.01,119,131852,卖盘
2510,09:39:27,11.07,--,0,0,卖盘
2511,09:39:22,11.07,-0.02,188,208857,卖盘
2512,09:39:17,11.09,-0.01,5,5545,中性盘
2513,09:39:12,11.1,0.02,91,101010,买盘
2514,09:39:07,11.08,-0.02,306,339048,卖盘
2515,09:39:02,11.1,--,190,210900,买盘
2516,09:38:52,11.1,0.01,61,67710,买盘
2517,09:38:47,11.09,-0.01,246,272814,卖盘
2518,09:38:42,11.1,--,31,34410,买盘
2519,09:38:37,11.1,--,21,23310,买盘
2520,09:38:32,11.1,--,20,22200,买盘
2521,09:38:27,11.1,--,6,6660,买盘
2522,09:38:22,11.1,0.02,318,352980,买盘
2523,09:38:17,11.08,-0.02,125,139175,卖盘
2524,09:38:01,11.1,--,49,54390,卖盘
2525,09:37:57,11.1,--,26,28860,卖盘
2526,09:37:52,11.1,--,145,160950,卖盘
2527,09:37:46,11.1,0.01,91,101842,中性盘
2528,09:37:42,11.09,-0.02,63,70953,卖盘
2529,09:37:37,11.11,0.01,95,105545,买盘
2530,09:37:31,11.1,--,71,78810,买盘
2531,09:37:22,11.1,--,39,43478,买盘
2532,09:37:16,11.1,--,223,247530,卖盘
2533,09:37:12,11.1,--,12,13320,卖盘
2534,09:37:07,11.1,-0.01,21,23310,卖盘
2535,09:37:01,11.11,0.01,66,73326,买盘
2536,09:36:57,11.1,-0.01,50,55500,卖盘
2537,09:36:51,11.11,0.01,52,57772,买盘
2538,09:36:46,11.1,--,32,35520,卖盘
2539,09:36:42,11.1,-0.01,28,31080,卖盘
2540,09:36:36,11.11,0.01,118,131098,买盘
2541,09:36:31,11.1,-0.01,83,92130,卖盘
2542,09:36:27,11.11,--,270,299970,买盘
2543,09:36:21,11.11,--,3,3333,买盘
2544,09:36:16,11.11,--,487,541057,买盘
2545,09:36:12,11.11,0.01,18,19998,买盘
2546,09:36:06,11.1,--,3,3330,卖盘
2547,09:36:01,11.1,-0.01,43,47730,中性盘
2548,09:35:57,11.11,0.01,127,141097,买盘
2549,09:35:46,11.1,0.01,84,93240,卖盘
2550,09:35:42,11.09,-0.01,354,392586,卖盘
2551,09:35:36,11.1,--,1,1110,卖盘
2552,09:35:31,11.1,-0.01,42,46620,卖盘
2553,09:35:27,11.11,0.01,59,65904,买盘
2554,09:35:21,11.1,--,15,16650,买盘
2555,09:35:16,11.1,--,141,156510,买盘
2556,09:35:12,11.1,0.01,33,36630,买盘
2557,09:35:06,11.09,--,28,31052,卖盘
2558,09:35:01,11.09,--,246,272814,卖盘
2559,09:34:57,11.09,-0.01,271,300727,卖盘
2560,09:34:51,11.1,0.01,50,55500,买盘
2561,09:34:46,11.09,--,3,3327,买盘
2562,09:34:42,11.09,--,13,14417,买盘
2563,09:34:36,11.09,0.01,145,160805,买盘
2564,09:34:31,11.08,--,36,39888,卖盘
2565,09:34:27,11.08,-0.01,69,76452,卖盘
2566,09:34:21,11.09,--,7,7951,买盘
2567,09:34:16,11.09,0.01,103,114227,买盘
2568,09:34:11,11.08,-0.01,50,55400,卖盘
2569,09:34:06,11.09,0.01,25,27725,买盘
2570,09:34:01,11.08,0.01,67,74236,买盘
2571,09:33:56,11.07,--,72,79704,卖盘
2572,09:33:51,11.07,--,42,46494,卖盘
2573,09:33:46,11.07,-0.01,14,15498,卖盘
2574,09:33:42,11.08,0.01,71,78668,买盘
2575,09:33:36,11.07,--,6,6642,买盘
2576,09:33:31,11.07,--,26,28782,买盘
2577,09:33:26,11.07,--,114,126198,买盘
2578,09:33:21,11.07,--,122,135054,买盘
2579,09:33:16,11.07,0.01,14,15498,买盘
2580,09:33:11,11.06,-0.01,48,53088,卖盘
2581,09:33:06,11.07,--,5,5535,买盘
2582,09:33:01,11.07,--,113,125091,卖盘
2583,09:32:51,11.07,--,19,21033,卖盘
2584,09:32:46,11.07,-0.01,32,35424,卖盘
2585,09:32:41,11.08,0.01,12,13296,买盘
2586,09:32:36,11.07,-0.01,7,7749,中性盘
2587,09:32:31,11.08,0.01,230,254840,买盘
2588,09:32:26,11.07,--,132,146124,卖盘
2589,09:32:21,11.07,--,47,52029,卖盘
2590,09:32:16,11.07,-0.01,24,26568,卖盘
2591,09:32:11,11.08,-0.01,71,78668,中性盘
2592,09:32:06,11.09,--,17,18853,买盘
2593,09:32:01,11.09,--,179,198511,买盘
2594,09:31:56,11.09,0.01,82,90938,买盘
2595,09:31:51,11.08,-0.01,13,14404,卖盘
2596,09:31:46,11.09,--,51,56559,买盘
2597,09:31:41,11.09,--,48,53232,买盘
2598,09:31:36,11.09,--,71,78739,卖盘
2599,09:31:31,11.09,--,94,104246,卖盘
2600,09:31:26,11.09,--,55,60995,卖盘
2601,09:31:21,11.09,-0.01,21,23289,卖盘
2602,09:31:16,11.1,--,84,93240,买盘
2603,09:31:11,11.1,--,56,62160,买盘
2604,09:31:06,11.1,--,39,43290,买盘
2605,09:31:01,11.1,-0.01,420,466200,卖盘
2606,09:30:56,11.11,0.01,258,286638,买盘
2607,09:30:51,11.1,-0.01,63,69930,卖盘
2608,09:30:46,11.11,--,14,15554,买盘
2609,09:30:41,11.11,0.02,33,36663,买盘
2610,09:30:36,11.09,-0.02,76,84284,卖盘
2611,09:30:31,11.11,0.01,62,68882,买盘
2612,09:30:26,11.1,--,312,346320,买盘
2613,09:30:21,11.1,--,45,49950,买盘
2614,09:30:16,11.1,0.01,93,103230,买盘
2615,09:30:10,11.09,0.01,120,133080,买盘
2616,09:30:06,11.08,0.03,165,183307,买盘
2617,09:28:55,11.05,--,0,0,买盘
2618,09:25:03,11.05,11.05,699,772395,买盘
