,time,price,change,volume,amount,type
0,15:00:00,4.71,--,0,0,买盘
1,15:00:00,4.71,--,0,0,买盘
2,15:00:00,4.71,0.01,368,173328,买盘
3,14:59:55,4.7,-0.01,149,70030,卖盘
4,14:59:51,4.71,--,5,2355,买盘
5,14:59:45,4.71,--,34,16014,买盘
6,14:59:40,4.71,--,413,194523,买盘
7,14:59:36,4.71,--,665,313488,卖盘
8,14:59:30,4.71,-0.01,495,233145,卖盘
9,14:59:25,4.72,0.01,718,338896,买盘
10,14:59:20,4.71,-0.01,75,35325,卖盘
11,14:59:15,4.72,--,601,283672,买盘
12,14:59:10,4.72,0.01,28,13216,买盘
13,14:59:05,4.71,-0.01,550,259050,卖盘
14,14:59:00,4.72,0.01,23,10856,中性盘
15,14:58:55,4.71,--,70,32970,卖盘
16,14:58:50,4.71,-0.01,1214,572227,卖盘
17,14:58:45,4.72,--,397,187384,买盘
18,14:58:40,4.72,--,427,201544,买盘
19,14:58:35,4.72,--,64,30208,买盘
20,14:58:30,4.72,-0.01,1027,484781,卖盘
21,14:58:25,4.73,0.01,465,220380,买盘
22,14:58:20,4.72,--,5,2360,卖盘
23,14:58:15,4.72,--,50,23600,卖盘
24,14:58:10,4.72,-0.01,66,31152,卖盘
25,14:58:00,4.73,--,524,247852,买盘
26,14:57:55,4.73,--,164,77572,买盘
27,14:57:50,4.73,--,47,22231,买盘
28,14:57:45,4.73,-0.01,199,94127,卖盘
29,14:57:40,4.74,0.01,2450,1161300,买盘
30,14:57:30,4.73,-0.01,35,16555,卖盘
31,14:57:25,4.74,--,53,25122,买盘
32,14:57:20,4.74,0.01,148,70152,买盘
33,14:57:15,4.73,--,5,2365,卖盘
34,14:57:10,4.73,-0.01,267,126291,卖盘
35,14:57:00,4.74,--,7,3318,买盘
36,14:56:55,4.74,--,157,74418,买盘
37,14:56:50,4.74,--,147,69678,买盘
38,14:56:45,4.74,0.01,412,195288,买盘
39,14:56:40,4.73,--,81,38313,卖盘
40,14:56:34,4.73,-0.01,20,9460,卖盘
41,14:56:30,4.74,0.01,98,46452,买盘
42,14:56:25,4.73,-0.01,10,4730,卖盘
43,14:56:20,4.74,--,20,9480,买盘
44,14:56:15,4.74,--,3,1422,买盘
45,14:56:10,4.74,--,149,70626,买盘
46,14:56:04,4.74,0.01,50,23700,买盘
47,14:56:00,4.73,-0.01,5,2365,卖盘
48,14:55:55,4.74,--,14,6636,买盘
49,14:55:49,4.74,--,52,24648,卖盘
50,14:55:45,4.74,-0.01,19,9006,卖盘
51,14:55:40,4.75,0.02,34,16150,买盘
52,14:55:34,4.73,--,45,21285,卖盘
53,14:55:30,4.73,-0.01,1,473,卖盘
54,14:55:25,4.74,-0.01,45,21330,卖盘
55,14:55:19,4.75,--,0,0,买盘
56,14:55:15,4.75,0.03,7,3325,买盘
57,14:55:10,4.72,-0.03,11,5192,卖盘
58,14:55:04,4.75,--,2,950,买盘
59,14:55:00,4.75,0.01,735,349125,买盘
60,14:54:54,4.74,--,20,9480,买盘
61,14:54:49,4.74,--,9,4266,卖盘
62,14:54:45,4.74,0.01,40,18960,买盘
63,14:54:39,4.73,--,50,23650,卖盘
64,14:54:34,4.73,--,6,2838,卖盘
65,14:54:30,4.73,-0.02,8,3784,卖盘
66,14:54:24,4.75,0.02,78,37297,买盘
67,14:54:19,4.73,-0.02,86,40905,卖盘
68,14:54:15,4.75,--,7,3325,买盘
69,14:54:09,4.75,--,103,48925,买盘
70,14:54:04,4.75,0.02,4,1900,买盘
71,14:54:00,4.73,-0.03,163,77501,卖盘
72,14:53:54,4.76,0.03,2,952,买盘
73,14:53:49,4.73,-0.02,218,103114,卖盘
74,14:53:45,4.75,--,15,7125,卖盘
75,14:53:39,4.75,0.01,1281,608793,买盘
76,14:53:34,4.74,--,1424,674976,买盘
77,14:53:30,4.74,0.01,100,47400,买盘
78,14:53:24,4.73,-0.01,44,20812,卖盘
79,14:53:19,4.74,0.01,120,56880,买盘
80,14:53:15,4.73,-0.01,3,1419,卖盘
81,14:53:09,4.74,0.01,44,20856,买盘
82,14:53:04,4.73,--,237,112101,卖盘
83,14:53:00,4.73,--,118,55814,卖盘
84,14:52:54,4.73,0.02,797,376981,买盘
85,14:52:49,4.71,--,42,19782,卖盘
86,14:52:45,4.71,-0.01,10,4710,卖盘
87,14:52:39,4.72,0.01,91,42952,中性盘
88,14:52:34,4.71,-0.01,10,4710,卖盘
89,14:52:29,4.72,--,108,50976,买盘
90,14:52:24,4.72,--,10,4720,买盘
91,14:52:19,4.72,-0.01,8,3776,买盘
92,14:52:15,4.73,--,0,0,买盘
93,14:52:09,4.73,0.02,65,30745,买盘
94,14:52:04,4.71,-0.01,2024,953304,卖盘
95,14:52:00,4.72,-0.01,492,232224,卖盘
96,14:51:54,4.73,-0.01,525,248325,卖盘
97,14:51:49,4.74,0.01,3,1422,买盘
98,14:51:45,4.73,0.01,1086,513678,买盘
99,14:51:39,4.72,--,225,106200,卖盘
100,14:51:34,4.72,-0.01,466,219952,卖盘
101,14:51:29,4.73,--,30,14190,卖盘
102,14:51:24,4.73,--,17,8041,卖盘
103,14:51:19,4.73,--,38,17974,买盘
104,14:51:09,4.73,-0.01,990,468270,卖盘
105,14:51:04,4.74,--,6,2844,买盘
106,14:50:54,4.74,--,12,5844,卖盘
107,14:50:44,4.74,--,12,5688,卖盘
108,14:50:34,4.74,-0.01,433,205242,卖盘
109,14:50:29,4.75,--,10,4750,卖盘
110,14:50:24,4.75,--,233,110675,卖盘
111,14:50:19,4.75,--,14,6650,卖盘
112,14:50:14,4.75,--,7,3325,卖盘
113,14:50:09,4.75,-0.01,307,145825,卖盘
114,14:50:04,4.76,0.01,372,177072,买盘
115,14:49:59,4.75,--,333,158175,卖盘
116,14:49:54,4.75,--,1142,542450,卖盘
117,14:49:49,4.75,--,44,20900,卖盘
118,14:49:39,4.75,--,69,32775,卖盘
119,14:49:29,4.75,0.01,751,357043,买盘
120,14:49:24,4.74,--,17,8058,买盘
121,14:49:19,4.74,-0.01,125,59250,卖盘
122,14:49:14,4.75,0.01,743,352925,买盘
123,14:49:09,4.74,-0.01,79,37446,卖盘
124,14:49:04,4.75,--,88,41800,买盘
125,14:48:54,4.75,--,1,475,买盘
126,14:48:49,4.75,-0.01,263,124925,卖盘
127,14:48:39,4.76,0.01,20,9520,买盘
128,14:48:34,4.75,-0.01,262,124450,卖盘
129,14:48:28,4.76,0.01,27,12852,买盘
130,14:48:23,4.75,--,79,37525,卖盘
131,14:48:18,4.75,-0.01,270,128250,卖盘
132,14:48:09,4.76,0.01,59,28084,买盘
133,14:48:04,4.75,--,1056,501600,卖盘
134,14:47:53,4.75,--,19,9025,卖盘
135,14:47:48,4.75,0.01,214,101650,买盘
136,14:47:43,4.74,--,1,474,卖盘
137,14:47:38,4.74,--,36,17064,卖盘
138,14:47:33,4.74,--,159,75366,卖盘
139,14:47:23,4.74,--,367,173958,卖盘
140,14:47:18,4.74,--,9,4266,卖盘
141,14:47:08,4.74,--,35,16590,卖盘
142,14:47:03,4.74,--,40,18960,卖盘
143,14:46:58,4.74,-0.01,312,147888,卖盘
144,14:46:43,4.75,--,57,27075,买盘
145,14:46:38,4.75,--,72,34200,买盘
146,14:46:33,4.75,0.01,13,6175,买盘
147,14:46:28,4.74,-0.01,20,9480,卖盘
148,14:46:23,4.75,0.01,33,15675,买盘
149,14:46:13,4.74,-0.01,36,17064,卖盘
150,14:46:08,4.75,--,10,4750,买盘
151,14:46:03,4.75,--,65,30875,买盘
152,14:45:58,4.75,--,25,11875,买盘
153,14:45:48,4.75,--,55,26125,买盘
154,14:45:43,4.75,--,78,37050,卖盘
155,14:45:38,4.75,-0.01,4,1900,卖盘
156,14:45:33,4.76,0.01,55,26180,买盘
157,14:45:23,4.75,--,197,93575,卖盘
158,14:45:18,4.75,--,50,23750,卖盘
159,14:45:13,4.75,0.01,422,200450,买盘
160,14:45:08,4.74,-0.01,1029,487746,卖盘
161,14:45:03,4.75,--,16,7600,买盘
162,14:44:58,4.75,0.01,21,9975,买盘
163,14:44:53,4.74,--,13,6162,卖盘
164,14:44:48,4.74,--,140,66360,买盘
165,14:44:43,4.74,--,24,11376,买盘
166,14:44:38,4.74,--,31,14694,买盘
167,14:44:33,4.74,--,223,105702,买盘
168,14:44:28,4.74,0.01,51,24174,买盘
169,14:44:23,4.73,--,55,26015,卖盘
170,14:44:18,4.73,--,1042,492866,买盘
171,14:44:13,4.73,--,5,2365,买盘
172,14:44:08,4.73,0.01,738,349310,买盘
173,14:44:03,4.72,-0.01,5,2360,卖盘
174,14:43:53,4.73,0.01,17,8041,买盘
175,14:43:48,4.72,--,409,193048,买盘
176,14:43:43,4.72,--,260,122720,买盘
177,14:43:38,4.72,--,1587,749064,买盘
178,14:43:33,4.72,--,2,944,买盘
179,14:43:28,4.72,0.01,352,166144,买盘
180,14:43:23,4.71,-0.01,25,11775,卖盘
181,14:43:18,4.72,--,140,66080,买盘
182,14:43:13,4.72,--,376,177472,买盘
183,14:43:08,4.72,-0.01,62,29264,卖盘
184,14:43:03,4.73,--,848,401104,买盘
185,14:42:58,4.73,--,460,217580,买盘
186,14:42:53,4.73,--,165,78045,买盘
187,14:42:48,4.73,--,205,96965,买盘
188,14:42:43,4.73,--,293,138589,买盘
189,14:42:38,4.73,--,127,60071,买盘
190,14:42:33,4.73,-0.01,1430,676390,卖盘
191,14:42:28,4.74,--,67,31758,买盘
192,14:42:23,4.74,--,100,47400,买盘
193,14:42:18,4.74,--,169,80106,卖盘
194,14:42:13,4.74,-0.01,21,9954,卖盘
195,14:42:03,4.75,--,29,13775,买盘
196,14:41:58,4.75,--,2742,1302450,卖盘
197,14:41:53,4.75,--,1,475,卖盘
198,14:41:48,4.75,-0.01,105,49875,卖盘
199,14:41:33,4.76,--,10,4760,买盘
200,14:41:28,4.76,--,240,114478,卖盘
201,14:41:23,4.76,--,14,6664,卖盘
202,14:41:18,4.76,--,9,4284,卖盘
203,14:41:13,4.76,--,26,12376,卖盘
204,14:41:03,4.76,--,481,228956,卖盘
205,14:40:57,4.76,--,76,36176,卖盘
206,14:40:48,4.76,--,52,24990,卖盘
207,14:40:42,4.76,--,330,157080,卖盘
208,14:40:37,4.76,--,55,26180,卖盘
209,14:40:27,4.76,--,5,2380,卖盘
210,14:40:22,4.76,--,80,38080,卖盘
211,14:40:17,4.76,--,137,65212,卖盘
212,14:40:12,4.76,--,60,28560,卖盘
213,14:40:07,4.76,--,40,19040,卖盘
214,14:39:57,4.76,-0.01,114,54264,卖盘
215,14:39:52,4.77,--,102,48653,买盘
216,14:39:42,4.77,--,10,4770,买盘
217,14:39:37,4.77,--,85,40545,卖盘
218,14:39:32,4.77,-0.01,527,251378,卖盘
219,14:39:27,4.78,--,10,4780,买盘
220,14:39:22,4.78,--,12,5736,买盘
221,14:39:12,4.78,-0.01,801,383050,卖盘
222,14:39:07,4.79,0.01,3,1437,买盘
223,14:39:02,4.78,--,1000,478000,卖盘
224,14:38:47,4.78,--,166,79348,卖盘
225,14:38:42,4.78,--,10,4780,卖盘
226,14:38:37,4.78,-0.01,73,34894,卖盘
227,14:38:32,4.79,0.01,1,479,买盘
228,14:38:27,4.78,--,11,5258,卖盘
229,14:38:22,4.78,--,36,17208,卖盘
230,14:38:17,4.78,--,151,72178,卖盘
231,14:38:12,4.78,--,109,52102,卖盘
232,14:38:02,4.78,-0.01,56,26768,卖盘
233,14:37:57,4.79,0.01,26,12454,买盘
234,14:37:52,4.78,--,69,32982,卖盘
235,14:37:47,4.78,-0.01,13,6214,卖盘
236,14:37:42,4.79,0.01,2,958,买盘
237,14:37:32,4.78,-0.01,110,52580,卖盘
238,14:37:27,4.79,--,42,20118,买盘
239,14:37:22,4.79,--,80,38320,买盘
240,14:37:12,4.79,-0.01,26,12688,卖盘
241,14:37:07,4.8,0.01,215,103200,买盘
242,14:37:02,4.79,--,114,54606,卖盘
243,14:36:57,4.79,-0.01,300,143700,卖盘
244,14:36:47,4.8,0.01,57,27360,买盘
245,14:36:42,4.79,--,5,2395,卖盘
246,14:36:37,4.79,-0.01,53,25387,卖盘
247,14:36:27,4.8,0.01,34,16320,买盘
248,14:36:17,4.79,-0.01,10,4790,卖盘
249,14:36:02,4.8,--,305,146400,卖盘
250,14:35:57,4.8,--,100,48000,卖盘
251,14:35:47,4.8,-0.01,838,402240,卖盘
252,14:35:42,4.81,0.01,52,25011,买盘
253,14:35:37,4.8,--,315,151200,卖盘
254,14:35:32,4.8,--,4,1920,卖盘
255,14:35:22,4.8,--,52,24960,卖盘
256,14:35:17,4.8,-0.01,1,480,卖盘
257,14:35:12,4.81,--,56,26935,买盘
258,14:35:07,4.81,0.01,36,17316,买盘
259,14:35:02,4.8,--,200,96000,卖盘
260,14:34:57,4.8,--,63,30240,卖盘
261,14:34:37,4.8,--,28,13440,卖盘
262,14:34:32,4.8,--,50,24000,卖盘
263,14:34:27,4.8,--,88,42240,卖盘
264,14:34:21,4.8,-0.01,2,960,卖盘
265,14:34:17,4.81,--,3,1442,买盘
266,14:34:12,4.81,0.01,92,44252,买盘
267,14:34:07,4.8,-0.01,30,14400,卖盘
268,14:33:51,4.81,0.01,5,2405,买盘
269,14:33:42,4.8,-0.01,36,17280,卖盘
270,14:33:36,4.81,0.01,30,14429,买盘
271,14:33:32,4.8,--,13,6240,卖盘
272,14:33:27,4.8,-0.01,12,5760,卖盘
273,14:33:11,4.81,0.01,10,4810,买盘
274,14:33:06,4.8,0.01,190,91200,买盘
275,14:33:02,4.79,-0.01,5,2395,卖盘
276,14:32:57,4.8,--,15,7200,买盘
277,14:32:51,4.8,0.01,248,119040,买盘
278,14:32:46,4.79,-0.01,10,4790,卖盘
279,14:32:36,4.8,0.01,105,50400,买盘
280,14:32:31,4.79,--,40,19160,卖盘
281,14:32:27,4.79,--,11,5269,卖盘
282,14:32:21,4.79,--,126,60354,卖盘
283,14:32:11,4.79,-0.01,73,34967,卖盘
284,14:32:06,4.8,0.01,131,62880,买盘
285,14:32:01,4.79,--,3,1437,卖盘
286,14:31:56,4.79,-0.01,150,71850,卖盘
287,14:31:51,4.8,0.01,80,38644,买盘
288,14:31:46,4.79,--,11,5269,卖盘
289,14:31:41,4.79,--,32,15328,卖盘
290,14:31:36,4.79,0.01,2,958,卖盘
291,14:31:26,4.78,--,247,118066,卖盘
292,14:31:21,4.78,--,258,123324,卖盘
293,14:31:11,4.78,--,1200,573600,卖盘
294,14:31:06,4.78,-0.01,10,4780,卖盘
295,14:30:56,4.79,0.01,100,47900,买盘
296,14:30:51,4.78,--,59,28202,卖盘
297,14:30:46,4.78,-0.01,3,1434,卖盘
298,14:30:41,4.79,--,48,22992,买盘
299,14:30:36,4.79,--,54,25866,买盘
300,14:30:26,4.79,--,2,958,买盘
301,14:30:21,4.79,-0.01,4,1916,中性盘
302,14:30:16,4.8,0.01,1357,651360,买盘
303,14:30:11,4.79,--,60,28740,卖盘
304,14:30:06,4.79,--,42,20118,卖盘
305,14:30:01,4.79,--,25,11975,卖盘
306,14:29:56,4.79,--,372,178188,卖盘
307,14:29:51,4.79,-0.01,17,8143,卖盘
308,14:29:46,4.8,0.01,11,5280,买盘
309,14:29:36,4.79,--,77,36883,卖盘
310,14:29:31,4.79,--,4,1916,卖盘
311,14:29:21,4.79,--,103,49337,买盘
312,14:29:11,4.79,0.01,2,958,中性盘
313,14:29:06,4.78,--,64,30592,卖盘
314,14:28:56,4.78,--,0,0,卖盘
315,14:28:51,4.78,-0.02,118,56709,卖盘
316,14:28:46,4.8,--,41,19852,卖盘
317,14:28:41,4.8,0.01,964,463027,买盘
318,14:28:36,4.79,--,63,30177,卖盘
319,14:28:31,4.79,--,228,109212,卖盘
320,14:28:26,4.79,--,170,81430,卖盘
321,14:28:21,4.79,--,212,101548,卖盘
322,14:28:16,4.79,--,50,23950,卖盘
323,14:28:11,4.79,--,129,61791,卖盘
324,14:28:01,4.79,-0.01,50,23950,卖盘
325,14:27:56,4.8,--,4,1920,买盘
326,14:27:51,4.8,0.01,10,4800,买盘
327,14:27:46,4.79,--,10,4790,卖盘
328,14:27:41,4.79,-0.01,52,24908,卖盘
329,14:27:26,4.8,--,541,259852,卖盘
330,14:27:21,4.8,--,155,74400,卖盘
331,14:27:16,4.8,--,162,77760,卖盘
332,14:27:11,4.8,-0.01,30,14400,卖盘
333,14:27:06,4.81,0.01,52,25011,买盘
334,14:27:00,4.8,--,160,76800,卖盘
335,14:26:51,4.8,-0.01,2,960,卖盘
336,14:26:41,4.81,--,11,5291,卖盘
337,14:26:30,4.81,--,5,2405,卖盘
338,14:26:15,4.81,-0.01,138,66378,卖盘
339,14:26:11,4.82,--,4,1928,买盘
340,14:26:06,4.82,--,56,26992,买盘
341,14:25:51,4.82,--,6,2892,买盘
342,14:25:40,4.82,0.01,20,9640,买盘
343,14:25:21,4.81,--,6,2885,卖盘
344,14:25:15,4.81,-0.01,2,961,卖盘
345,14:25:06,4.82,--,1,482,买盘
346,14:25:00,4.82,--,50,24100,买盘
347,14:24:40,4.82,--,1,482,买盘
348,14:24:35,4.82,0.01,41,19762,买盘
349,14:24:30,4.81,-0.01,5,2405,中性盘
350,14:24:15,4.82,--,56,26992,买盘
351,14:24:05,4.82,--,0,0,买盘
352,14:23:50,4.82,--,18,8676,买盘
353,14:23:45,4.82,0.02,77,37114,买盘
354,14:23:40,4.8,-0.02,2,960,卖盘
355,14:23:30,4.82,--,114,54948,买盘
356,14:23:25,4.82,--,5,2410,买盘
357,14:23:10,4.82,0.02,28,13496,买盘
358,14:23:05,4.8,--,0,0,卖盘
359,14:23:00,4.8,-0.02,1000,480000,卖盘
360,14:22:50,4.82,--,94,45308,卖盘
361,14:22:45,4.82,--,79,38078,卖盘
362,14:22:35,4.82,-0.01,50,24100,卖盘
363,14:22:30,4.83,0.02,7,3381,买盘
364,14:22:15,4.81,-0.02,400,192399,卖盘
365,14:22:10,4.83,0.01,14,6762,买盘
366,14:22:05,4.82,-0.01,1,482,卖盘
367,14:22:00,4.83,0.01,30,14490,买盘
368,14:21:55,4.82,0.01,4,1928,买盘
369,14:21:50,4.81,--,12,5771,卖盘
370,14:21:45,4.81,-0.01,228,109667,卖盘
371,14:21:30,4.82,0.01,203,97846,买盘
372,14:21:25,4.81,-0.01,1,480,卖盘
373,14:21:15,4.82,0.01,125,60250,买盘
374,14:21:10,4.81,--,40,19240,卖盘
375,14:21:05,4.81,-0.01,3,1442,卖盘
376,14:20:55,4.82,0.01,43,20726,买盘
377,14:20:45,4.81,--,87,41847,卖盘
378,14:20:40,4.81,-0.01,1,480,卖盘
379,14:20:35,4.82,0.01,46,22172,买盘
380,14:20:30,4.81,--,116,55795,卖盘
381,14:20:20,4.81,--,12,5771,买盘
382,14:20:15,4.81,0.01,38,18278,买盘
383,14:20:05,4.8,--,45,21600,卖盘
384,14:20:00,4.8,--,2,960,卖盘
385,14:19:50,4.8,-0.01,215,103200,卖盘
386,14:19:45,4.81,--,131,63010,买盘
387,14:19:40,4.81,0.01,63,30302,买盘
388,14:19:35,4.8,-0.01,91,43680,卖盘
389,14:19:30,4.81,0.01,158,75998,买盘
390,14:19:24,4.8,-0.01,10,4800,卖盘
391,14:19:15,4.81,0.01,100,48099,买盘
392,14:19:05,4.8,--,12,5760,卖盘
393,14:19:00,4.8,--,945,453907,买盘
394,14:18:53,4.8,0.01,131,62880,买盘
395,14:18:50,4.79,-0.01,153,73287,卖盘
396,14:18:44,4.8,--,286,137280,买盘
397,14:18:39,4.8,--,270,129600,买盘
398,14:18:30,4.8,--,37,17760,买盘
399,14:18:24,4.8,-0.01,943,452812,卖盘
400,14:18:20,4.81,--,100,48099,买盘
401,14:18:15,4.81,--,98,47137,买盘
402,14:18:09,4.81,0.01,40,19240,卖盘
403,14:18:05,4.8,-0.01,1500,720000,卖盘
404,14:18:00,4.81,-0.01,510,245309,卖盘
405,14:17:53,4.82,--,101,48682,买盘
406,14:17:44,4.82,0.01,97,46754,买盘
407,14:17:39,4.81,--,100,48099,卖盘
408,14:17:23,4.81,--,5,2405,卖盘
409,14:17:20,4.81,--,56,26935,卖盘
410,14:17:14,4.81,-0.01,4,1923,卖盘
411,14:17:09,4.82,--,50,24100,买盘
412,14:17:04,4.82,--,4,1928,卖盘
413,14:16:59,4.82,-0.01,784,377888,卖盘
414,14:16:53,4.83,--,129,62307,买盘
415,14:16:38,4.83,--,28,13524,买盘
416,14:16:23,4.83,-0.01,149,71967,卖盘
417,14:16:14,4.84,--,1005,486420,买盘
418,14:16:08,4.84,--,117,56628,卖盘
419,14:16:04,4.84,--,20,9680,卖盘
420,14:15:59,4.84,--,36,17424,卖盘
421,14:15:53,4.84,0.01,10,4840,卖盘
422,14:15:44,4.83,--,0,0,卖盘
423,14:15:38,4.83,-0.02,30,14490,卖盘
424,14:15:34,4.85,--,16,7759,卖盘
425,14:15:29,4.85,-0.01,3,1455,卖盘
426,14:15:23,4.86,--,9,4374,买盘
427,14:15:19,4.86,--,1452,705672,卖盘
428,14:15:14,4.86,--,3,1458,卖盘
429,14:15:08,4.86,--,62,30132,卖盘
430,14:15:04,4.86,-0.01,20,9720,卖盘
431,14:14:59,4.87,--,25,12175,买盘
432,14:14:53,4.87,0.01,820,399340,买盘
433,14:14:44,4.86,--,175,85050,卖盘
434,14:14:38,4.86,--,666,323676,卖盘
435,14:14:29,4.86,-0.01,120,58320,卖盘
436,14:14:23,4.87,0.01,571,278077,买盘
437,14:14:14,4.86,--,36,17496,卖盘
438,14:14:08,4.86,--,471,228906,买盘
439,14:14:04,4.86,--,7,3402,买盘
440,14:13:59,4.86,0.01,238,115668,买盘
441,14:13:53,4.85,--,35,16975,卖盘
442,14:13:49,4.85,-0.01,6,2910,卖盘
443,14:13:44,4.86,0.01,57,27702,买盘
444,14:13:38,4.85,-0.02,102,49470,卖盘
445,14:13:34,4.87,--,0,0,买盘
446,14:13:29,4.87,0.01,2553,1243311,买盘
447,14:13:23,4.86,--,40,19440,卖盘
448,14:13:19,4.86,-0.01,147,71442,卖盘
449,14:13:14,4.87,0.01,161,78407,买盘
450,14:13:08,4.86,--,423,205578,卖盘
451,14:13:03,4.86,--,4,1944,卖盘
452,14:12:59,4.86,--,60,29160,卖盘
453,14:12:53,4.86,--,19,9234,卖盘
454,14:12:49,4.86,--,26,12636,卖盘
455,14:12:44,4.86,0.01,1140,554040,买盘
456,14:12:38,4.85,--,348,168780,卖盘
457,14:12:29,4.85,--,122,59169,卖盘
458,14:12:23,4.85,-0.01,855,414674,卖盘
459,14:12:17,4.86,0.01,1,486,买盘
460,14:12:14,4.85,--,13,6304,卖盘
461,14:12:08,4.85,--,44,21340,卖盘
462,14:11:59,4.85,--,40,19400,卖盘
463,14:11:53,4.85,0.02,1513,733805,买盘
464,14:11:44,4.83,--,8,3864,卖盘
465,14:11:38,4.83,--,1,483,卖盘
466,14:11:29,4.83,-0.01,123,59409,卖盘
467,14:11:14,4.84,--,91,44044,卖盘
468,14:11:08,4.84,--,294,142296,卖盘
469,14:11:02,4.84,-0.01,2,968,卖盘
470,14:10:53,4.85,0.01,46,22310,买盘
471,14:10:47,4.84,--,16,7744,卖盘
472,14:10:38,4.84,--,19,9196,卖盘
473,14:10:28,4.84,-0.01,55,26620,卖盘
474,14:10:23,4.85,--,1,484,买盘
475,14:10:13,4.85,0.01,8,3879,买盘
476,14:10:08,4.84,-0.01,3,1452,卖盘
477,14:10:02,4.85,--,49,23765,卖盘
478,14:09:58,4.85,--,20,9700,卖盘
479,14:09:53,4.85,--,12,5820,卖盘
480,14:09:47,4.85,-0.01,1,484,卖盘
481,14:09:38,4.86,--,51,24786,买盘
482,14:09:32,4.86,0.01,5,2430,买盘
483,14:09:28,4.85,--,0,0,卖盘
484,14:09:23,4.85,-0.02,170,82450,卖盘
485,14:09:13,4.87,0.02,3,1461,买盘
486,14:09:08,4.85,-0.02,40,19400,卖盘
487,14:08:58,4.87,--,18,8766,买盘
488,14:08:53,4.87,--,8,3896,买盘
489,14:08:47,4.87,--,633,308402,卖盘
490,14:08:43,4.87,--,21,10227,卖盘
491,14:08:38,4.87,--,150,73050,卖盘
492,14:08:32,4.87,--,20,9740,卖盘
493,14:08:28,4.87,-0.01,40,19480,卖盘
494,14:08:23,4.88,0.01,21,10248,买盘
495,14:08:17,4.87,-0.01,3,1461,卖盘
496,14:08:13,4.88,--,67,32696,买盘
497,14:08:08,4.88,--,78,38064,买盘
498,14:08:02,4.88,0.01,147,71736,买盘
499,14:07:58,4.87,--,2,974,卖盘
500,14:07:53,4.87,--,60,29220,卖盘
501,14:07:47,4.87,--,230,112010,卖盘
502,14:07:43,4.87,--,18,8766,卖盘
503,14:07:38,4.87,0.01,2184,1063963,买盘
504,14:07:32,4.86,--,51,24786,卖盘
505,14:07:28,4.86,--,29,14094,卖盘
506,14:07:23,4.86,--,13,6318,卖盘
507,14:07:17,4.86,--,326,158436,卖盘
508,14:07:08,4.86,--,30,14580,卖盘
509,14:07:02,4.86,--,950,461700,卖盘
510,14:06:58,4.86,0.02,2363,1148437,买盘
511,14:06:53,4.84,--,1,484,卖盘
512,14:06:47,4.84,-0.01,2,968,卖盘
513,14:06:38,4.85,--,20,9700,买盘
514,14:06:32,4.85,--,7,3394,买盘
515,14:06:17,4.85,0.02,100,48500,买盘
516,14:06:12,4.83,-0.01,53,25599,卖盘
517,14:06:08,4.84,-0.01,63,30492,买盘
518,14:05:47,4.85,--,0,0,买盘
519,14:05:42,4.85,0.02,4,1939,买盘
520,14:05:38,4.83,-0.02,100,48300,卖盘
521,14:05:32,4.85,0.01,1,484,买盘
522,14:05:17,4.84,-0.01,25,12100,卖盘
523,14:05:08,4.85,-0.01,24,11640,中性盘
524,14:05:02,4.86,--,59,29140,卖盘
525,14:04:56,4.86,--,100,48600,卖盘
526,14:04:47,4.86,--,988,480168,卖盘
527,14:04:41,4.86,-0.01,433,210438,卖盘
528,14:04:38,4.87,--,367,178729,买盘
529,14:04:32,4.87,0.01,122,59414,买盘
530,14:04:17,4.86,0.02,2008,975907,买盘
531,14:04:11,4.84,--,4,1936,卖盘
532,14:04:08,4.84,-0.01,31,15004,卖盘
533,14:04:02,4.85,--,53,25704,买盘
534,14:03:56,4.85,--,5,2425,买盘
535,14:03:53,4.85,0.01,1,484,买盘
536,14:03:47,4.84,-0.01,1,484,卖盘
537,14:03:32,4.85,--,1,484,买盘
538,14:03:26,4.85,0.01,52,25219,买盘
539,14:03:22,4.84,--,20,9680,买盘
540,14:03:17,4.84,--,21,10164,买盘
541,14:03:07,4.84,0.01,18,8712,买盘
542,14:03:02,4.83,0.01,404,195132,买盘
543,14:02:47,4.82,--,27,13014,卖盘
544,14:02:41,4.82,--,20,9640,卖盘
545,14:02:37,4.82,-0.01,8,3856,卖盘
546,14:02:26,4.83,--,19,9177,买盘
547,14:02:17,4.83,--,9,4347,买盘
548,14:02:11,4.83,--,57,27531,买盘
549,14:01:56,4.83,-0.01,658,317814,卖盘
550,14:01:47,4.84,--,42,20328,卖盘
551,14:01:32,4.84,--,5,2420,卖盘
552,14:01:22,4.84,-0.01,6,2904,卖盘
553,14:01:17,4.85,--,100,48500,买盘
554,14:01:11,4.85,--,18,8730,买盘
555,14:01:07,4.85,-0.01,5,2425,卖盘
556,14:01:02,4.86,0.01,349,169614,买盘
557,14:00:56,4.85,--,70,33950,卖盘
558,14:00:47,4.85,-0.01,8,3879,卖盘
559,14:00:41,4.86,--,7,3402,买盘
560,14:00:37,4.86,--,1124,546730,卖盘
561,14:00:32,4.86,--,15,7290,卖盘
562,14:00:26,4.86,-0.01,674,327564,卖盘
563,14:00:22,4.87,--,3,1461,买盘
564,14:00:17,4.87,0.01,898,437326,买盘
565,14:00:11,4.86,-0.01,53,25758,卖盘
566,14:00:02,4.87,--,621,302427,买盘
567,13:59:56,4.87,0.01,157,76459,买盘
568,13:59:52,4.86,-0.01,10,4860,卖盘
569,13:59:47,4.87,--,10,4870,买盘
570,13:59:41,4.87,--,1,487,买盘
571,13:59:26,4.87,--,91,44317,买盘
572,13:59:22,4.87,--,90,43830,买盘
573,13:59:17,4.87,--,60,29220,买盘
574,13:59:11,4.87,0.01,511,248857,买盘
575,13:59:02,4.86,--,24,11664,卖盘
576,13:58:56,4.86,-0.01,3,1458,卖盘
577,13:58:51,4.87,0.01,6,2922,买盘
578,13:58:41,4.86,--,92,44712,卖盘
579,13:58:37,4.86,--,16,7776,卖盘
580,13:58:32,4.86,--,110,53460,卖盘
581,13:58:11,4.86,--,31,15066,卖盘
582,13:58:05,4.86,--,37,17982,卖盘
583,13:57:50,4.86,-0.01,53,25758,卖盘
584,13:57:47,4.87,0.01,13,6331,买盘
585,13:57:41,4.86,-0.01,20,9720,卖盘
586,13:57:31,4.87,0.01,1293,629710,买盘
587,13:57:11,4.86,0.01,6,2916,买盘
588,13:57:01,4.85,--,2,969,卖盘
589,13:56:56,4.85,--,50,24250,卖盘
590,13:56:50,4.85,--,25,12125,卖盘
591,13:56:46,4.85,--,104,50439,卖盘
592,13:56:31,4.85,--,56,27159,卖盘
593,13:56:26,4.85,0.02,4676,2267860,买盘
594,13:56:11,4.83,--,24,11592,卖盘
595,13:56:05,4.83,--,11,5313,卖盘
596,13:56:01,4.83,--,10,4830,卖盘
597,13:55:50,4.83,-0.01,289,139587,卖盘
598,13:55:46,4.84,0.01,51,24684,买盘
599,13:55:41,4.83,--,25,12075,卖盘
600,13:55:35,4.83,--,200,96600,卖盘
601,13:55:11,4.83,--,239,115437,卖盘
602,13:55:01,4.83,-0.01,30,14490,卖盘
603,13:54:56,4.84,0.01,91,44044,买盘
604,13:54:50,4.83,-0.01,25,12075,卖盘
605,13:54:46,4.84,--,1,484,买盘
606,13:54:41,4.84,--,2,968,买盘
607,13:54:35,4.84,0.01,50,24200,买盘
608,13:54:31,4.83,--,201,97083,买盘
609,13:54:26,4.83,-0.01,563,271929,卖盘
610,13:54:20,4.84,0.01,1,484,买盘
611,13:54:11,4.83,--,155,74865,卖盘
612,13:54:01,4.83,-0.01,49,23667,卖盘
613,13:53:56,4.84,--,40,19360,买盘
614,13:53:50,4.84,0.01,40,19360,买盘
615,13:53:26,4.83,--,60,28980,卖盘
616,13:53:20,4.83,--,128,61824,卖盘
617,13:53:11,4.83,--,48,23184,卖盘
618,13:53:05,4.83,-0.01,10,4830,卖盘
619,13:53:01,4.84,0.01,5,2420,买盘
620,13:52:56,4.83,--,5,2415,卖盘
621,13:52:50,4.83,--,5,2415,卖盘
622,13:52:46,4.83,--,20,9660,卖盘
623,13:52:41,4.83,--,10,4830,卖盘
624,13:52:35,4.83,--,1424,687792,买盘
625,13:52:31,4.83,--,10,4830,买盘
626,13:52:26,4.83,0.01,1,483,买盘
627,13:52:16,4.82,--,6,2892,卖盘
628,13:52:10,4.82,--,100,48200,卖盘
629,13:52:05,4.82,--,5,2410,卖盘
630,13:52:01,4.82,--,18,8676,卖盘
631,13:51:41,4.82,--,154,74228,卖盘
632,13:51:35,4.82,--,4,1928,卖盘
633,13:51:25,4.82,--,19,9158,卖盘
634,13:51:16,4.82,--,50,24100,卖盘
635,13:51:05,4.82,--,89,42898,卖盘
636,13:50:55,4.82,-0.01,54,26028,卖盘
637,13:50:40,4.83,--,30,14490,买盘
638,13:50:35,4.83,-0.01,562,271446,卖盘
639,13:50:25,4.84,--,10,4840,买盘
640,13:50:20,4.84,0.01,78,37752,买盘
641,13:50:14,4.83,--,6,2898,卖盘
642,13:50:10,4.83,-0.01,103,49749,卖盘
643,13:50:05,4.84,0.01,12,5808,买盘
644,13:49:59,4.83,--,110,53130,买盘
645,13:49:50,4.83,--,25,12075,卖盘
646,13:49:44,4.83,--,128,61824,卖盘
647,13:49:40,4.83,--,30,14490,卖盘
648,13:49:25,4.83,--,114,55062,卖盘
649,13:49:20,4.83,--,2,966,卖盘
650,13:49:14,4.83,--,10,4830,卖盘
651,13:48:55,4.83,--,577,278691,卖盘
652,13:48:50,4.83,-0.01,29,14007,卖盘
653,13:48:44,4.84,0.01,5,2420,买盘
654,13:48:25,4.83,-0.01,40,19320,卖盘
655,13:48:20,4.84,0.01,209,101156,买盘
656,13:48:14,4.83,0.01,104,50232,买盘
657,13:48:10,4.82,-0.01,1,482,卖盘
658,13:48:05,4.83,-0.01,8,3864,中性盘
659,13:47:55,4.84,0.01,500,242000,买盘
660,13:47:50,4.83,--,9,4347,买盘
661,13:47:40,4.83,--,10,4830,买盘
662,13:47:35,4.83,--,37,17871,卖盘
663,13:47:29,4.83,--,100,48300,卖盘
664,13:47:25,4.83,--,100,48300,卖盘
665,13:47:20,4.83,-0.01,2,966,卖盘
666,13:47:14,4.84,0.01,4,1936,买盘
667,13:47:10,4.83,--,67,32361,卖盘
668,13:47:05,4.83,--,20,9660,卖盘
669,13:46:59,4.83,-0.01,15,7245,卖盘
670,13:46:40,4.84,--,95,45980,买盘
671,13:46:35,4.84,0.01,32,15488,买盘
672,13:46:29,4.83,--,34,16422,卖盘
673,13:46:20,4.83,-0.01,19,9177,卖盘
674,13:46:14,4.84,0.01,48,23232,买盘
675,13:46:10,4.83,--,70,33810,卖盘
676,13:45:59,4.83,--,85,41055,卖盘
677,13:45:50,4.83,--,83,40089,买盘
678,13:45:44,4.83,--,1,483,买盘
679,13:45:40,4.83,--,14,6762,买盘
680,13:45:35,4.83,-0.01,45,21735,卖盘
681,13:45:29,4.84,--,11,5324,买盘
682,13:45:20,4.84,0.01,21,10164,买盘
683,13:45:14,4.83,-0.01,98,47334,卖盘
684,13:44:59,4.84,--,50,24200,买盘
685,13:44:55,4.84,0.01,239,115676,买盘
686,13:44:50,4.83,-0.01,10,4830,卖盘
687,13:44:40,4.84,0.01,23,11132,买盘
688,13:44:35,4.83,--,5,2415,卖盘
689,13:44:14,4.83,--,654,315882,买盘
690,13:44:10,4.83,--,14,6762,买盘
691,13:43:59,4.83,--,40,19320,买盘
692,13:43:50,4.83,--,61,29463,买盘
693,13:43:44,4.83,--,34,16422,买盘
694,13:43:35,4.83,--,63,30429,买盘
695,13:43:29,4.83,--,168,81144,买盘
696,13:43:20,4.83,--,39,18837,买盘
697,13:43:14,4.83,0.01,73,35259,买盘
698,13:43:08,4.82,-0.01,9,4338,卖盘
699,13:42:59,4.83,--,32,15456,买盘
700,13:42:53,4.83,--,6,2898,买盘
701,13:42:49,4.83,--,14,6762,买盘
702,13:42:44,4.83,0.02,21,10143,买盘
703,13:42:34,4.81,-0.01,50,24049,卖盘
704,13:42:29,4.82,0.01,178,85796,买盘
705,13:42:23,4.81,-0.01,93,44733,卖盘
706,13:42:19,4.82,0.01,3,1446,买盘
707,13:42:14,4.81,--,16,7695,卖盘
708,13:42:04,4.81,-0.01,78,37518,卖盘
709,13:41:59,4.82,0.01,158,76156,买盘
710,13:41:53,4.81,--,125,60124,卖盘
711,13:41:49,4.81,--,1,480,卖盘
712,13:41:29,4.81,--,123,59162,买盘
713,13:41:19,4.81,--,12,5771,卖盘
714,13:41:14,4.81,-0.01,339,163059,卖盘
715,13:41:08,4.82,--,40,19280,买盘
716,13:41:04,4.82,0.01,256,123392,买盘
717,13:40:49,4.81,--,59,28378,卖盘
718,13:40:44,4.81,--,50,24049,卖盘
719,13:40:38,4.81,0.01,101,48580,买盘
720,13:40:34,4.8,--,12,5760,卖盘
721,13:40:23,4.8,-0.01,3,1440,卖盘
722,13:40:19,4.81,--,27,12986,买盘
723,13:40:08,4.81,--,12,5771,买盘
724,13:40:04,4.81,--,4,1923,卖盘
725,13:39:59,4.81,--,447,215006,卖盘
726,13:39:49,4.81,--,230,110629,卖盘
727,13:39:44,4.81,--,50,24049,卖盘
728,13:39:34,4.81,--,430,206829,卖盘
729,13:39:29,4.81,--,26,12505,卖盘
730,13:39:23,4.81,--,16,7695,卖盘
731,13:39:14,4.81,--,13,6252,卖盘
732,13:39:08,4.81,--,10,4810,卖盘
733,13:39:04,4.81,--,16,7695,卖盘
734,13:38:53,4.81,--,4,1923,卖盘
735,13:38:44,4.81,--,4,1923,卖盘
736,13:38:38,4.81,-0.01,125,60124,卖盘
737,13:38:34,4.82,0.01,42,20244,买盘
738,13:38:29,4.81,--,20,9620,卖盘
739,13:38:19,4.81,--,7,3366,卖盘
740,13:38:14,4.81,-0.01,20,9620,卖盘
741,13:38:08,4.82,0.01,4,1928,买盘
742,13:38:04,4.81,-0.01,93,44733,卖盘
743,13:37:44,4.82,--,2,964,买盘
744,13:37:38,4.82,0.01,205,98810,买盘
745,13:37:33,4.81,--,221,106300,卖盘
746,13:37:29,4.81,--,41,19721,卖盘
747,13:37:19,4.81,--,100,48099,卖盘
748,13:37:08,4.81,-0.01,170,81770,卖盘
749,13:37:04,4.82,--,18,8676,买盘
750,13:36:59,4.82,--,2,964,买盘
751,13:36:44,4.82,--,44,21208,卖盘
752,13:36:38,4.82,-0.01,5,2410,卖盘
753,13:36:28,4.83,0.01,33,15939,买盘
754,13:36:23,4.82,--,3,1446,卖盘
755,13:36:17,4.82,--,16,7712,卖盘
756,13:36:13,4.82,--,45,21690,卖盘
757,13:36:08,4.82,--,5,2410,卖盘
758,13:36:02,4.82,--,5,2410,卖盘
759,13:35:58,4.82,--,2,964,卖盘
760,13:35:53,4.82,-0.01,127,61214,卖盘
761,13:35:47,4.83,0.01,1,483,买盘
762,13:35:43,4.82,--,25,12050,卖盘
763,13:35:28,4.82,--,31,14942,卖盘
764,13:35:08,4.82,-0.01,244,117608,卖盘
765,13:35:02,4.83,0.01,14,6762,买盘
766,13:34:58,4.82,--,4,1928,卖盘
767,13:34:53,4.82,--,71,34222,卖盘
768,13:34:43,4.82,--,2,964,卖盘
769,13:34:38,4.82,-0.01,4,1928,卖盘
770,13:34:28,4.83,0.01,5,2415,买盘
771,13:34:23,4.82,--,84,40488,卖盘
772,13:34:17,4.82,--,10,4820,卖盘
773,13:34:13,4.82,--,84,40488,卖盘
774,13:34:08,4.82,--,5,2410,卖盘
775,13:34:02,4.82,--,46,22172,卖盘
776,13:33:58,4.82,-0.01,21,10122,卖盘
777,13:33:47,4.83,0.01,36,17388,买盘
778,13:33:43,4.82,--,217,104594,买盘
779,13:33:38,4.82,0.01,6,2892,买盘
780,13:33:28,4.81,-0.01,10,4810,卖盘
781,13:33:23,4.82,0.01,1,482,买盘
782,13:33:17,4.81,--,18,8658,卖盘
783,13:33:13,4.81,--,130,62529,卖盘
784,13:33:08,4.81,-0.01,10,4810,卖盘
785,13:32:53,4.82,0.01,33,15906,买盘
786,13:32:43,4.81,--,240,115439,卖盘
787,13:32:38,4.81,-0.01,11,5291,卖盘
788,13:32:28,4.82,0.01,36,17352,买盘
789,13:32:08,4.81,--,59,28378,卖盘
790,13:32:01,4.81,--,54,25973,卖盘
791,13:31:58,4.81,--,29,13948,卖盘
792,13:31:53,4.81,--,5,2405,卖盘
793,13:31:47,4.81,-0.01,25,12024,卖盘
794,13:31:43,4.82,0.01,63,30366,买盘
795,13:31:38,4.81,--,20,9620,卖盘
796,13:31:32,4.81,-0.02,3,1442,中性盘
797,13:31:23,4.83,0.03,10,4830,买盘
798,13:31:17,4.8,--,25,12000,卖盘
799,13:31:08,4.8,-0.03,1031,494880,卖盘
800,13:30:53,4.83,0.01,19,9177,卖盘
801,13:30:32,4.82,-0.02,11,5302,卖盘
802,13:30:23,4.84,--,2,968,买盘
803,13:30:12,4.84,--,8,3872,卖盘
804,13:30:08,4.84,--,5,2420,卖盘
805,13:29:53,4.84,0.01,574,277816,买盘
806,13:29:37,4.83,--,3,1449,买盘
807,13:29:32,4.83,--,829,400407,卖盘
808,13:29:17,4.83,-0.01,60,28980,卖盘
809,13:29:07,4.84,0.01,30,14520,买盘
810,13:29:02,4.83,--,25,12075,卖盘
811,13:28:53,4.83,--,10,4830,卖盘
812,13:28:47,4.83,--,119,57477,买盘
813,13:28:41,4.83,0.01,7,3381,买盘
814,13:28:32,4.82,0.01,213,102882,买盘
815,13:28:22,4.81,-0.01,157,75517,卖盘
816,13:28:11,4.82,0.01,13,6266,买盘
817,13:28:07,4.81,-0.01,26,12505,卖盘
818,13:28:02,4.82,--,151,72782,买盘
819,13:27:56,4.82,0.01,43,20726,买盘
820,13:27:52,4.81,--,22,10582,卖盘
821,13:27:47,4.81,--,60,28859,卖盘
822,13:27:41,4.81,--,150,72150,卖盘
823,13:27:37,4.81,--,138,66378,卖盘
824,13:27:31,4.81,--,2,961,卖盘
825,13:27:26,4.81,--,1002,481961,卖盘
826,13:27:22,4.81,--,31,14910,卖盘
827,13:27:17,4.81,--,120,57719,卖盘
828,13:27:10,4.81,--,100,48099,卖盘
829,13:27:07,4.81,0.01,109,52428,买盘
830,13:26:56,4.8,--,1,480,卖盘
831,13:26:52,4.8,--,1,480,卖盘
832,13:26:47,4.8,-0.02,90,43200,卖盘
833,13:26:37,4.82,0.01,1,482,买盘
834,13:26:31,4.81,--,27,12986,卖盘
835,13:26:26,4.81,--,92,44252,卖盘
836,13:26:22,4.81,-0.01,90,43290,卖盘
837,13:26:17,4.82,--,1,482,买盘
838,13:26:10,4.82,--,73,35451,卖盘
839,13:26:07,4.82,-0.01,130,62660,卖盘
840,13:25:55,4.83,--,16,7728,卖盘
841,13:25:40,4.83,-0.01,50,24150,卖盘
842,13:25:31,4.84,--,72,34848,买盘
843,13:25:22,4.84,--,50,24200,买盘
844,13:25:16,4.84,--,367,177628,卖盘
845,13:25:07,4.84,-0.01,100,48400,卖盘
846,13:25:01,4.85,--,883,428254,买盘
847,13:24:52,4.85,--,20,9700,买盘
848,13:24:46,4.85,--,142,68870,买盘
849,13:24:40,4.85,--,13,6304,买盘
850,13:24:37,4.85,0.01,1,484,买盘
851,13:24:31,4.84,-0.01,29,14036,卖盘
852,13:24:25,4.85,--,10,4850,买盘
853,13:24:16,4.85,--,5,2425,买盘
854,13:24:10,4.85,--,11,5335,买盘
855,13:23:55,4.85,--,150,72750,买盘
856,13:23:51,4.85,--,10,4850,买盘
857,13:23:46,4.85,--,6,2910,买盘
858,13:23:40,4.85,-0.01,378,183330,卖盘
859,13:23:37,4.86,0.01,43,20898,买盘
860,13:23:31,4.85,--,43,20855,卖盘
861,13:23:25,4.85,--,100,48500,卖盘
862,13:23:07,4.85,--,6,2910,卖盘
863,13:23:01,4.85,--,167,80995,卖盘
864,13:22:55,4.85,0.01,4,1939,买盘
865,13:22:51,4.84,-0.01,25,12100,卖盘
866,13:22:46,4.85,--,20,9700,买盘
867,13:22:40,4.85,--,21,10185,买盘
868,13:22:31,4.85,--,5,2425,买盘
869,13:22:16,4.85,-0.01,384,186240,卖盘
870,13:22:01,4.86,0.01,37,17982,买盘
871,13:21:49,4.85,-0.01,41,19885,卖盘
872,13:21:40,4.86,--,207,100602,卖盘
873,13:21:34,4.86,--,30,14580,卖盘
874,13:21:31,4.86,--,272,132192,买盘
875,13:21:25,4.86,--,35,17010,买盘
876,13:21:19,4.86,0.01,3,1458,买盘
877,13:21:16,4.85,-0.01,6,2910,卖盘
878,13:21:10,4.86,0.01,10,4860,买盘
879,13:21:04,4.85,-0.01,3,1455,卖盘
880,13:21:01,4.86,0.01,7,3402,买盘
881,13:20:49,4.85,--,10,4850,卖盘
882,13:20:46,4.85,-0.01,27,13094,卖盘
883,13:20:40,4.86,--,51,24786,买盘
884,13:20:31,4.86,--,247,120042,买盘
885,13:20:25,4.86,--,72,34992,买盘
886,13:20:16,4.86,0.01,220,106920,买盘
887,13:20:10,4.85,-0.01,130,63049,卖盘
888,13:19:55,4.86,-0.01,4,1944,买盘
889,13:19:46,4.87,0.02,202,98374,买盘
890,13:19:40,4.85,--,1,484,卖盘
891,13:19:34,4.85,--,428,207579,买盘
892,13:19:25,4.85,--,128,62079,买盘
893,13:19:16,4.85,-0.01,145,70325,卖盘
894,13:19:10,4.86,--,20,9720,卖盘
895,13:19:04,4.86,--,95,46170,卖盘
896,13:19:01,4.86,-0.01,1,486,卖盘
897,13:18:55,4.87,0.01,99,48213,买盘
898,13:18:49,4.86,0.01,23,11178,买盘
899,13:18:46,4.85,--,0,0,卖盘
900,13:18:40,4.85,--,563,273055,卖盘
901,13:18:34,4.85,-0.01,73,35405,卖盘
902,13:18:31,4.86,--,35,17010,买盘
903,13:18:25,4.86,0.01,126,61236,买盘
904,13:18:16,4.85,-0.01,43,20855,卖盘
905,13:18:10,4.86,0.01,97,47142,买盘
906,13:18:01,4.85,-0.01,98,47530,卖盘
907,13:17:55,4.86,--,246,119556,买盘
908,13:17:49,4.86,--,35,17010,买盘
909,13:17:46,4.86,--,1,486,买盘
910,13:17:40,4.86,--,62,30132,买盘
911,13:17:34,4.86,--,13,6318,买盘
912,13:17:30,4.86,--,25,12150,买盘
913,13:17:25,4.86,0.01,50,24300,买盘
914,13:17:19,4.85,--,6,3152,卖盘
915,13:17:15,4.85,--,155,75175,卖盘
916,13:17:10,4.85,--,20,9700,卖盘
917,13:17:04,4.85,--,720,349200,买盘
918,13:17:00,4.85,0.01,30,14549,买盘
919,13:16:55,4.84,--,100,48400,卖盘
920,13:16:40,4.84,--,16,7744,买盘
921,13:16:34,4.84,0.01,50,24200,买盘
922,13:16:25,4.83,-0.01,734,354522,卖盘
923,13:16:19,4.84,0.01,519,251196,买盘
924,13:16:04,4.83,--,61,29463,买盘
925,13:16:00,4.83,--,20,9660,买盘
926,13:15:55,4.83,--,1,483,买盘
927,13:15:49,4.83,0.01,200,96600,买盘
928,13:15:40,4.82,-0.01,4,1928,卖盘
929,13:15:34,4.83,0.01,20,9660,买盘
930,13:15:30,4.82,-0.01,123,59286,卖盘
931,13:15:25,4.83,--,24,11592,卖盘
932,13:15:15,4.83,--,0,0,卖盘
933,13:15:10,4.83,--,14,6762,卖盘
934,13:14:55,4.83,0.01,6,2898,买盘
935,13:14:49,4.82,--,4,1928,卖盘
936,13:14:40,4.82,--,0,0,卖盘
937,13:14:34,4.82,--,8,3856,卖盘
938,13:14:13,4.82,-0.03,1,482,卖盘
939,13:14:10,4.85,0.03,10,4850,买盘
940,13:14:04,4.82,--,109,52754,卖盘
941,13:13:55,4.82,--,2060,992920,卖盘
942,13:13:49,4.82,--,187,90134,卖盘
943,13:13:34,4.82,--,139,66998,卖盘
944,13:13:25,4.82,-0.02,122,58804,卖盘
945,13:13:19,4.84,--,1485,718740,买盘
946,13:13:10,4.84,--,8,3872,买盘
947,13:13:04,4.84,--,100,48400,买盘
948,13:12:58,4.84,--,16,7744,买盘
949,13:12:55,4.84,-0.01,134,64856,卖盘
950,13:12:40,4.85,--,64,31039,买盘
951,13:12:34,4.85,--,20,9700,买盘
952,13:12:25,4.85,--,133,64504,买盘
953,13:12:19,4.85,--,11,5335,买盘
954,13:12:10,4.85,0.01,103,49954,买盘
955,13:11:58,4.84,-0.01,26,12584,卖盘
956,13:11:49,4.85,--,303,146955,买盘
957,13:11:43,4.85,0.01,62,30069,买盘
958,13:11:40,4.84,-0.01,78,37752,卖盘
959,13:11:34,4.85,--,18,8730,买盘
960,13:11:25,4.85,0.01,1,484,买盘
961,13:11:19,4.84,-0.01,23,11132,卖盘
962,13:11:09,4.85,--,191,92635,买盘
963,13:11:04,4.85,0.01,407,197395,买盘
964,13:10:58,4.84,-0.01,1,484,卖盘
965,13:10:54,4.85,0.01,500,242499,买盘
966,13:10:49,4.84,-0.01,5,2420,卖盘
967,13:10:39,4.85,0.01,78,37830,买盘
968,13:10:34,4.84,--,13,6292,卖盘
969,13:10:28,4.84,--,112,54208,买盘
970,13:10:24,4.84,0.02,11,5324,买盘
971,13:10:19,4.82,--,0,0,卖盘
972,13:10:13,4.82,-0.01,129,62178,卖盘
973,13:10:09,4.83,--,3,1449,卖盘
974,13:10:04,4.83,0.01,174,84042,买盘
975,13:09:49,4.82,--,87,41934,买盘
976,13:09:43,4.82,0.01,52,25064,买盘
977,13:09:39,4.81,--,3,1442,卖盘
978,13:09:34,4.81,-0.01,15,7214,卖盘
979,13:09:28,4.82,--,510,245820,买盘
980,13:09:19,4.82,-0.01,104,50128,卖盘
981,13:09:13,4.83,0.01,70,33810,买盘
982,13:09:09,4.82,--,139,66998,卖盘
983,13:08:49,4.82,0.01,130,62660,买盘
984,13:08:43,4.81,--,77,37037,卖盘
985,13:08:39,4.81,-0.01,37,17797,卖盘
986,13:08:34,4.82,0.01,29,13978,买盘
987,13:08:28,4.81,-0.01,51,24530,卖盘
988,13:08:23,4.82,--,77,37114,买盘
989,13:08:13,4.82,--,0,0,买盘
990,13:08:07,4.82,--,7,3374,买盘
991,13:08:04,4.82,0.02,1180,568760,买盘
992,13:07:58,4.8,--,30,14400,卖盘
993,13:07:52,4.8,-0.01,300,144000,卖盘
994,13:07:49,4.81,--,50,24049,买盘
995,13:07:43,4.81,--,255,122654,买盘
996,13:07:34,4.81,--,4,1923,买盘
997,13:07:19,4.81,--,345,165945,卖盘
998,13:07:13,4.81,-0.01,66,31827,卖盘
999,13:06:58,4.82,--,17,8194,买盘
1000,13:06:43,4.82,--,71,34222,卖盘
1001,13:06:34,4.82,-0.01,10,4820,卖盘
1002,13:06:28,4.83,0.01,5,2415,买盘
1003,13:06:19,4.82,-0.01,30,14460,卖盘
1004,13:06:04,4.83,--,298,143934,卖盘
1005,13:05:48,4.83,--,22,10626,卖盘
1006,13:05:43,4.83,--,14,6762,卖盘
1007,13:05:33,4.83,--,1,483,卖盘
1008,13:05:28,4.83,-0.01,268,129444,卖盘
1009,13:05:18,4.84,0.01,16,7744,买盘
1010,13:05:13,4.83,-0.01,5,2415,卖盘
1011,13:05:07,4.84,0.01,40,19360,买盘
1012,13:05:04,4.83,-0.01,21,10143,卖盘
1013,13:04:43,4.84,--,304,147136,买盘
1014,13:04:33,4.84,--,3,1452,买盘
1015,13:04:28,4.84,--,75,36300,买盘
1016,13:04:13,4.84,0.01,6,2904,买盘
1017,13:04:03,4.83,--,204,98532,卖盘
1018,13:03:58,4.83,--,10,4830,卖盘
1019,13:03:52,4.83,--,5,2415,卖盘
1020,13:03:43,4.83,--,120,57960,卖盘
1021,13:03:33,4.83,-0.01,50,24150,卖盘
1022,13:03:28,4.84,--,1,484,买盘
1023,13:03:22,4.84,--,31,15004,买盘
1024,13:03:18,4.84,--,360,174240,买盘
1025,13:03:13,4.84,--,1,484,买盘
1026,13:03:07,4.84,-0.01,3,1452,买盘
1027,13:02:52,4.85,0.02,700,339500,买盘
1028,13:02:43,4.83,-0.01,6,2898,卖盘
1029,13:02:37,4.84,0.01,53,25652,买盘
1030,13:02:33,4.83,-0.01,12,5796,卖盘
1031,13:02:18,4.84,--,2,968,卖盘
1032,13:02:13,4.84,--,105,50820,买盘
1033,13:02:07,4.84,-0.01,5,2420,买盘
1034,13:01:58,4.85,--,0,0,买盘
1035,13:01:47,4.85,0.02,1000,484999,买盘
1036,13:01:43,4.83,0.01,16,7728,买盘
1037,13:01:37,4.82,-0.01,3,1446,卖盘
1038,13:01:32,4.83,-0.01,278,134274,卖盘
1039,13:01:28,4.84,0.01,26,12584,买盘
1040,13:01:22,4.83,-0.01,64,30912,卖盘
1041,13:01:18,4.84,--,10,4840,买盘
1042,13:01:12,4.84,0.01,161,77924,买盘
1043,13:00:57,4.83,--,20,9660,卖盘
1044,13:00:52,4.83,--,8,3864,买盘
1045,13:00:42,4.83,--,116,56028,买盘
1046,13:00:37,4.83,--,50,24150,买盘
1047,13:00:22,4.83,0.01,41,19803,买盘
1048,13:00:16,4.82,0.01,100,48200,买盘
1049,13:00:12,4.81,-0.01,37,17797,卖盘
1050,13:00:07,4.82,0.03,1333,642597,买盘
1051,11:30:00,4.79,--,0,0,卖盘
1052,11:29:59,4.79,--,0,0,卖盘
1053,11:29:53,4.79,--,29,13891,卖盘
1054,11:29:47,4.79,--,22,10538,买盘
1055,11:29:38,4.79,--,204,97716,卖盘
1056,11:29:32,4.79,--,2,958,卖盘
1057,11:29:29,4.79,--,11,5269,卖盘
1058,11:29:23,4.79,--,110,52690,卖盘
1059,11:29:13,4.79,--,263,125977,买盘
1060,11:29:08,4.79,--,23,11017,买盘
1061,11:29:02,4.79,--,102,48858,买盘
1062,11:28:58,4.79,--,50,23950,买盘
1063,11:28:47,4.79,--,10,4790,买盘
1064,11:28:43,4.79,--,110,52690,买盘
1065,11:28:38,4.79,--,209,100111,买盘
1066,11:28:32,4.79,0.01,7,3353,买盘
1067,11:28:28,4.78,--,30,14340,卖盘
1068,11:28:23,4.78,-0.01,681,325518,卖盘
1069,11:28:17,4.79,0.01,30,14370,买盘
1070,11:28:13,4.78,--,2,956,卖盘
1071,11:28:08,4.78,-0.01,50,23900,卖盘
1072,11:27:53,4.79,-0.01,984,471336,卖盘
1073,11:27:38,4.8,--,5,2400,买盘
1074,11:27:32,4.8,-0.01,1002,480960,卖盘
1075,11:27:13,4.81,--,5,2405,买盘
1076,11:27:08,4.81,0.01,13,6252,中性盘
1077,11:27:02,4.8,-0.01,104,49920,卖盘
1078,11:26:47,4.81,--,11,5291,买盘
1079,11:26:32,4.81,--,994,478113,卖盘
1080,11:26:08,4.81,-0.01,10,4810,卖盘
1081,11:25:58,4.82,0.01,11,5302,买盘
1082,11:25:47,4.81,--,25,12024,卖盘
1083,11:25:38,4.81,--,25,12024,卖盘
1084,11:25:32,4.81,--,13,6252,卖盘
1085,11:25:23,4.81,-0.01,20,9620,卖盘
1086,11:25:08,4.82,--,12,5784,买盘
1087,11:25:02,4.82,--,10,4820,买盘
1088,11:24:56,4.82,0.01,1,482,买盘
1089,11:24:53,4.81,-0.01,47,22606,卖盘
1090,11:24:47,4.82,0.01,5,2410,买盘
1091,11:24:32,4.81,--,7,3366,卖盘
1092,11:24:23,4.81,--,13,6252,卖盘
1093,11:24:17,4.81,-0.01,31,14910,卖盘
1094,11:24:08,4.82,0.01,9,4338,买盘
1095,11:24:02,4.81,--,10,4810,卖盘
1096,11:23:53,4.81,--,18,8658,卖盘
1097,11:23:47,4.81,--,9,4329,卖盘
1098,11:23:38,4.81,-0.01,100,48099,卖盘
1099,11:23:32,4.82,0.01,4,1928,买盘
1100,11:23:23,4.81,--,35,16835,卖盘
1101,11:23:17,4.81,-0.01,95,45694,卖盘
1102,11:23:07,4.82,0.01,12,5784,买盘
1103,11:23:02,4.81,--,577,277537,卖盘
1104,11:22:56,4.81,--,10,4810,卖盘
1105,11:22:53,4.81,--,315,151515,卖盘
1106,11:22:47,4.81,--,347,166907,卖盘
1107,11:22:38,4.81,--,101,48580,卖盘
1108,11:22:26,4.81,--,4,1923,卖盘
1109,11:22:23,4.81,-0.01,150,72150,卖盘
1110,11:22:17,4.82,--,68,32776,买盘
1111,11:22:11,4.82,--,5,2410,买盘
1112,11:22:07,4.82,--,60,28920,买盘
1113,11:22:02,4.82,--,20,9640,买盘
1114,11:21:56,4.82,--,144,69798,卖盘
1115,11:21:52,4.82,-0.01,304,146528,卖盘
1116,11:21:41,4.83,0.01,20,9660,买盘
1117,11:21:32,4.82,--,2,964,卖盘
1118,11:21:26,4.82,--,8,3856,卖盘
1119,11:21:22,4.82,--,11,5302,卖盘
1120,11:21:17,4.82,--,10,4820,卖盘
1121,11:21:07,4.82,-0.01,83,40097,卖盘
1122,11:21:02,4.83,--,48,23184,买盘
1123,11:20:47,4.83,--,3,1449,买盘
1124,11:20:32,4.83,--,29,14007,买盘
1125,11:20:22,4.83,-0.01,20,9660,卖盘
1126,11:20:11,4.84,--,93,45012,买盘
1127,11:20:07,4.84,--,13,6292,买盘
1128,11:20:02,4.84,--,12,5808,买盘
1129,11:19:56,4.84,0.01,6,2904,买盘
1130,11:19:32,4.83,--,31,14973,卖盘
1131,11:19:22,4.83,--,1,483,卖盘
1132,11:19:17,4.83,-0.01,218,105294,卖盘
1133,11:19:07,4.84,0.01,32,15488,买盘
1134,11:19:02,4.83,-0.01,20,9660,卖盘
1135,11:18:52,4.84,--,7,3388,买盘
1136,11:18:41,4.84,--,1,484,买盘
1137,11:18:26,4.84,--,73,35332,买盘
1138,11:18:20,4.84,--,7,3388,买盘
1139,11:18:17,4.84,--,7,3388,买盘
1140,11:18:11,4.84,--,7,3388,买盘
1141,11:18:06,4.84,0.01,71,34364,买盘
1142,11:18:02,4.83,--,3,1449,买盘
1143,11:17:56,4.83,-0.01,65,31395,卖盘
1144,11:17:47,4.84,0.01,47,22748,买盘
1145,11:17:35,4.83,0.01,141,68103,买盘
1146,11:17:31,4.82,-0.01,35,16870,卖盘
1147,11:17:26,4.83,--,47,22701,买盘
1148,11:17:05,4.83,--,2,966,买盘
1149,11:17:01,4.83,--,103,49749,买盘
1150,11:16:56,4.83,--,254,122682,卖盘
1151,11:16:50,4.83,--,45,21735,卖盘
1152,11:16:46,4.83,--,180,86940,卖盘
1153,11:16:41,4.83,--,490,236670,卖盘
1154,11:16:35,4.83,--,12,5796,卖盘
1155,11:16:31,4.83,--,2,966,卖盘
1156,11:16:20,4.83,--,694,335202,买盘
1157,11:16:16,4.83,--,50,24150,买盘
1158,11:16:11,4.83,--,5,2415,买盘
1159,11:16:05,4.83,--,4,1932,买盘
1160,11:16:01,4.83,--,33,15939,买盘
1161,11:15:56,4.83,0.01,20,9660,买盘
1162,11:15:50,4.82,-0.01,11,5302,卖盘
1163,11:15:46,4.83,--,100,48300,买盘
1164,11:15:41,4.83,--,4,1932,买盘
1165,11:15:31,4.83,0.01,53,25599,买盘
1166,11:15:26,4.82,--,37,17834,卖盘
1167,11:15:16,4.82,-0.01,30,14460,卖盘
1168,11:15:11,4.83,--,2,966,买盘
1169,11:15:05,4.83,--,12,5796,买盘
1170,11:15:01,4.83,0.01,4,1932,买盘
1171,11:14:56,4.82,--,100,48200,卖盘
1172,11:14:50,4.82,--,100,48200,卖盘
1173,11:14:26,4.82,-0.01,1,482,卖盘
1174,11:14:20,4.83,--,8,3864,买盘
1175,11:14:11,4.83,--,50,24150,买盘
1176,11:14:05,4.83,--,3,1449,买盘
1177,11:14:01,4.83,0.01,1,483,买盘
1178,11:13:56,4.82,--,18,8676,卖盘
1179,11:13:35,4.82,--,37,17834,卖盘
1180,11:13:26,4.82,--,163,78566,卖盘
1181,11:13:16,4.82,-0.01,60,28920,卖盘
1182,11:13:05,4.83,0.01,2,966,买盘
1183,11:12:50,4.82,-0.01,130,62660,卖盘
1184,11:12:46,4.83,--,5,2415,买盘
1185,11:12:41,4.83,0.01,20,9660,买盘
1186,11:12:26,4.82,-0.01,10,4820,卖盘
1187,11:12:20,4.83,0.01,50,24150,买盘
1188,11:12:11,4.82,-0.01,42,20244,中性盘
1189,11:12:05,4.83,0.02,268,129444,买盘
1190,11:12:01,4.81,-0.01,50,24049,卖盘
1191,11:11:56,4.82,--,123,59286,卖盘
1192,11:11:50,4.82,0.01,40,19280,中性盘
1193,11:11:41,4.81,-0.01,260,125059,卖盘
1194,11:11:35,4.82,0.01,14,6748,买盘
1195,11:11:30,4.81,--,20,9620,卖盘
1196,11:11:26,4.81,-0.01,113,54352,卖盘
1197,11:11:20,4.82,--,78,37596,买盘
1198,11:11:16,4.82,0.01,7,3374,买盘
1199,11:11:11,4.81,-0.01,170,81770,卖盘
1200,11:11:05,4.82,0.01,65,31330,买盘
1201,11:11:00,4.81,-0.01,18,8658,卖盘
1202,11:10:56,4.82,--,7,3374,买盘
1203,11:10:50,4.82,--,64,30848,买盘
1204,11:10:45,4.82,--,7,3374,买盘
1205,11:10:41,4.82,--,30,14460,买盘
1206,11:10:35,4.82,--,57,27474,买盘
1207,11:10:25,4.82,--,12,5784,买盘
1208,11:10:14,4.82,0.01,10,4820,买盘
1209,11:10:10,4.81,-0.01,3,1442,卖盘
1210,11:10:05,4.82,--,19,9158,买盘
1211,11:09:55,4.82,0.01,3,1446,买盘
1212,11:09:50,4.81,-0.01,410,197209,卖盘
1213,11:09:44,4.82,--,17,8194,买盘
1214,11:09:35,4.82,0.01,56,26992,买盘
1215,11:09:29,4.81,-0.01,25,12024,卖盘
1216,11:09:25,4.82,--,6,2892,买盘
1217,11:09:14,4.82,--,265,127730,买盘
1218,11:09:05,4.82,0.01,13,6266,买盘
1219,11:08:59,4.81,-0.01,4,1923,卖盘
1220,11:08:55,4.82,0.01,13,6266,买盘
1221,11:08:44,4.81,-0.01,2,961,卖盘
1222,11:08:40,4.82,0.01,100,48200,买盘
1223,11:08:35,4.81,--,5,2405,卖盘
1224,11:08:25,4.81,--,11,5291,卖盘
1225,11:08:20,4.81,-0.01,15,7214,卖盘
1226,11:08:14,4.82,0.01,80,38560,买盘
1227,11:08:10,4.81,--,90,43290,买盘
1228,11:08:05,4.81,--,3,1442,买盘
1229,11:07:59,4.81,--,5,2405,买盘
1230,11:07:55,4.81,-0.01,266,127945,卖盘
1231,11:07:50,4.82,0.01,23,11086,买盘
1232,11:07:35,4.81,-0.01,120,57719,卖盘
1233,11:07:29,4.82,0.01,3,1446,买盘
1234,11:07:25,4.81,-0.01,54,25973,卖盘
1235,11:07:20,4.82,0.01,14,6748,买盘
1236,11:07:14,4.81,-0.01,16,7695,卖盘
1237,11:07:10,4.82,--,7,3374,买盘
1238,11:07:05,4.82,0.01,2,964,买盘
1239,11:06:59,4.81,--,3,1442,卖盘
1240,11:06:55,4.81,--,14,6733,买盘
1241,11:06:50,4.81,--,90,43290,买盘
1242,11:06:44,4.81,--,9,4329,买盘
1243,11:06:40,4.81,--,25,12024,买盘
1244,11:06:35,4.81,--,15,7214,买盘
1245,11:06:29,4.81,--,46,22126,买盘
1246,11:06:25,4.81,--,47,22606,买盘
1247,11:06:20,4.81,-0.01,49,23568,卖盘
1248,11:06:10,4.82,--,14,6748,买盘
1249,11:06:05,4.82,0.01,81,39042,买盘
1250,11:05:59,4.81,--,38,18278,卖盘
1251,11:05:55,4.81,0.01,1,480,中性盘
1252,11:05:50,4.8,-0.01,160,76800,卖盘
1253,11:05:44,4.81,--,7,3366,卖盘
1254,11:05:40,4.81,--,65,31264,买盘
1255,11:05:35,4.81,--,22,10582,买盘
1256,11:05:20,4.81,0.01,10,4810,买盘
1257,11:05:14,4.8,-0.02,37,17760,卖盘
1258,11:05:10,4.82,--,0,0,买盘
1259,11:05:05,4.82,--,2,964,买盘
1260,11:04:59,4.82,--,5,2410,买盘
1261,11:04:55,4.82,0.02,194,93508,买盘
1262,11:04:50,4.8,-0.01,5,2400,卖盘
1263,11:04:44,4.81,0.01,7,3366,买盘
1264,11:04:35,4.8,0.01,41,19680,买盘
1265,11:04:29,4.79,--,75,35925,卖盘
1266,11:04:20,4.79,-0.01,245,117355,卖盘
1267,11:04:14,4.8,--,15,7200,买盘
1268,11:04:10,4.8,--,92,44160,买盘
1269,11:04:05,4.8,--,41,19680,买盘
1270,11:03:59,4.8,0.01,18,8640,买盘
1271,11:03:55,4.79,--,20,9580,卖盘
1272,11:03:50,4.79,0.01,10,4790,卖盘
1273,11:03:44,4.78,--,0,0,卖盘
1274,11:03:40,4.78,-0.02,250,119500,卖盘
1275,11:03:35,4.8,-0.02,143,68640,卖盘
1276,11:03:29,4.82,0.03,530,255460,买盘
1277,11:03:25,4.79,0.01,3,1437,买盘
1278,11:03:20,4.78,-0.02,786,375708,卖盘
1279,11:03:05,4.8,-0.02,2213,1062240,卖盘
1280,11:02:59,4.82,-0.01,161,77602,卖盘
1281,11:02:53,4.83,0.01,10,4830,买盘
1282,11:02:44,4.82,--,5,2410,卖盘
1283,11:02:39,4.82,--,1,482,卖盘
1284,11:02:35,4.82,-0.01,49,23618,卖盘
1285,11:02:29,4.83,0.01,335,161805,买盘
1286,11:02:24,4.82,--,16,7712,卖盘
1287,11:02:14,4.82,--,36,17352,卖盘
1288,11:02:08,4.82,-0.01,730,351860,卖盘
1289,11:02:04,4.83,0.01,3,1449,买盘
1290,11:01:59,4.82,-0.01,28,13496,卖盘
1291,11:01:53,4.83,-0.01,16,7728,卖盘
1292,11:01:49,4.84,0.01,5,2420,买盘
1293,11:01:44,4.83,-0.01,100,48300,卖盘
1294,11:01:29,4.84,--,2,968,买盘
1295,11:01:19,4.84,--,10,4840,买盘
1296,11:01:14,4.84,--,12,5808,买盘
1297,11:01:04,4.84,--,73,35332,买盘
1298,11:00:59,4.84,--,347,168214,卖盘
1299,11:00:53,4.84,--,74,35816,卖盘
1300,11:00:49,4.84,--,123,59532,卖盘
1301,11:00:44,4.84,--,18,8712,卖盘
1302,11:00:34,4.84,--,3,1669,卖盘
1303,11:00:29,4.84,--,140,67760,卖盘
1304,11:00:08,4.84,-0.01,82,39688,卖盘
1305,11:00:04,4.85,--,63,30554,买盘
1306,10:59:59,4.85,--,2,969,买盘
1307,10:59:53,4.85,--,9,4365,卖盘
1308,10:59:34,4.85,--,41,19885,买盘
1309,10:59:29,4.85,--,33,16004,卖盘
1310,10:59:19,4.85,--,28,13579,卖盘
1311,10:59:14,4.85,--,38,18430,卖盘
1312,10:59:08,4.85,--,97,47045,买盘
1313,10:59:04,4.85,--,14,6789,卖盘
1314,10:58:59,4.85,--,4,1939,卖盘
1315,10:58:53,4.85,0.01,2,969,卖盘
1316,10:58:49,4.84,-0.01,117,56628,卖盘
1317,10:58:34,4.85,0.01,26,12609,买盘
1318,10:58:29,4.84,-0.01,32,15488,卖盘
1319,10:58:23,4.85,--,5,2425,买盘
1320,10:58:19,4.85,0.01,50,24250,买盘
1321,10:58:14,4.84,-0.01,2,968,卖盘
1322,10:58:04,4.85,--,100,48500,买盘
1323,10:57:59,4.85,--,15,7274,买盘
1324,10:57:44,4.85,--,6,2910,买盘
1325,10:57:38,4.85,0.01,125,60624,买盘
1326,10:57:34,4.84,-0.01,137,66308,卖盘
1327,10:57:23,4.85,0.01,174,84390,买盘
1328,10:57:19,4.84,--,22,10648,卖盘
1329,10:57:08,4.84,-0.01,10,4840,卖盘
1330,10:57:04,4.85,--,53,25704,买盘
1331,10:56:59,4.85,--,152,73720,买盘
1332,10:56:53,4.85,--,1,484,买盘
1333,10:56:49,4.85,--,14,6789,买盘
1334,10:56:44,4.85,--,3,1455,买盘
1335,10:56:38,4.85,--,9,4365,买盘
1336,10:56:34,4.85,--,4,1939,买盘
1337,10:56:29,4.85,--,38,18430,买盘
1338,10:56:23,4.85,--,22,10670,买盘
1339,10:56:14,4.85,--,16,7759,买盘
1340,10:56:08,4.85,--,238,115429,卖盘
1341,10:55:59,4.85,--,143,69355,卖盘
1342,10:55:52,4.85,-0.02,136,65960,卖盘
1343,10:55:49,4.87,0.02,351,170937,买盘
1344,10:55:43,4.85,--,23,11155,卖盘
1345,10:55:38,4.85,--,56,27159,卖盘
1346,10:55:34,4.85,-0.01,8,3879,卖盘
1347,10:55:29,4.86,0.01,20,9720,买盘
1348,10:55:23,4.85,--,36,17460,卖盘
1349,10:55:19,4.85,-0.01,57,27644,卖盘
1350,10:55:13,4.86,0.01,35,17010,买盘
1351,10:55:08,4.85,-0.01,247,119794,卖盘
1352,10:55:02,4.86,0.01,8,3888,买盘
1353,10:54:53,4.85,-0.01,279,135315,卖盘
1354,10:54:44,4.86,--,17,8262,买盘
1355,10:54:38,4.86,--,14,6804,买盘
1356,10:54:33,4.86,--,21,10206,买盘
1357,10:54:28,4.86,--,13,6318,买盘
1358,10:54:23,4.86,--,7,3402,买盘
1359,10:54:13,4.86,--,207,100733,卖盘
1360,10:54:01,4.86,--,10,4860,卖盘
1361,10:53:58,4.86,--,309,150174,卖盘
1362,10:53:53,4.86,-0.01,161,78246,卖盘
1363,10:53:47,4.87,0.01,53,25811,买盘
1364,10:53:43,4.86,-0.01,6,2916,卖盘
1365,10:53:22,4.87,--,21,10227,卖盘
1366,10:53:17,4.87,--,20,9740,卖盘
1367,10:53:13,4.87,--,63,30681,卖盘
1368,10:53:02,4.87,--,5,2435,卖盘
1369,10:52:58,4.87,-0.01,56,27272,卖盘
1370,10:52:46,4.88,--,82,40016,卖盘
1371,10:52:43,4.88,0.02,203,99064,买盘
1372,10:52:37,4.86,--,390,189540,卖盘
1373,10:52:31,4.86,-0.02,79,38394,卖盘
1374,10:52:28,4.88,0.02,571,278648,买盘
1375,10:52:22,4.86,--,418,203148,卖盘
1376,10:52:16,4.86,--,250,121500,卖盘
1377,10:52:13,4.86,--,22,10692,卖盘
1378,10:52:07,4.86,--,7,3402,卖盘
1379,10:51:58,4.86,0.02,536,260496,买盘
1380,10:51:52,4.84,--,5,2420,卖盘
1381,10:51:37,4.84,0.01,10,4840,卖盘
1382,10:51:31,4.83,-0.02,380,183540,卖盘
1383,10:51:28,4.85,0.01,3,1455,买盘
1384,10:51:22,4.84,--,25,12100,买盘
1385,10:51:13,4.84,0.01,5,2420,中性盘
1386,10:51:07,4.83,-0.02,10,4830,卖盘
1387,10:50:58,4.85,0.01,213,103304,买盘
1388,10:50:52,4.84,0.01,3,1452,中性盘
1389,10:50:46,4.83,-0.03,950,458850,卖盘
1390,10:50:43,4.86,--,324,157464,买盘
1391,10:50:37,4.86,--,5,2430,买盘
1392,10:50:31,4.86,--,7,3402,买盘
1393,10:50:28,4.86,--,7,3402,买盘
1394,10:50:22,4.86,--,0,0,买盘
1395,10:50:16,4.86,0.02,91,44226,买盘
1396,10:50:13,4.84,-0.01,403,195052,卖盘
1397,10:50:07,4.85,0.01,97,47045,买盘
1398,10:50:01,4.84,-0.01,49,23716,卖盘
1399,10:49:58,4.85,0.01,301,145985,买盘
1400,10:49:52,4.84,--,1,484,卖盘
1401,10:49:43,4.84,--,6,2904,卖盘
1402,10:49:37,4.84,-0.01,41,19844,卖盘
1403,10:49:31,4.85,--,297,144045,买盘
1404,10:49:28,4.85,0.01,81,39285,买盘
1405,10:49:22,4.84,--,54,26136,买盘
1406,10:49:13,4.84,--,8,3872,买盘
1407,10:49:07,4.84,-0.01,217,105028,卖盘
1408,10:48:58,4.85,0.01,5,2425,买盘
1409,10:48:52,4.84,-0.01,279,135036,卖盘
1410,10:48:46,4.85,0.01,50,24250,买盘
1411,10:48:43,4.84,-0.01,129,62436,卖盘
1412,10:48:31,4.85,0.02,56,27159,买盘
1413,10:48:22,4.83,--,224,108544,卖盘
1414,10:48:16,4.83,-0.01,124,59892,卖盘
1415,10:48:13,4.84,0.01,82,39688,买盘
1416,10:48:07,4.83,-0.01,50,24150,卖盘
1417,10:48:01,4.84,--,123,59532,买盘
1418,10:47:58,4.84,0.01,7,3388,买盘
1419,10:47:52,4.83,--,414,199962,买盘
1420,10:47:46,4.83,--,439,212037,买盘
1421,10:47:42,4.83,--,60,28980,买盘
1422,10:47:37,4.83,0.01,32,15456,买盘
1423,10:47:31,4.82,-0.01,63,30366,卖盘
1424,10:47:22,4.83,--,201,97083,买盘
1425,10:47:16,4.83,--,107,51681,买盘
1426,10:47:12,4.83,-0.01,200,96600,买盘
1427,10:47:07,4.84,0.01,130,63050,买盘
1428,10:47:01,4.83,--,112,54096,卖盘
1429,10:46:57,4.83,--,568,274344,卖盘
1430,10:46:52,4.83,--,12,5796,卖盘
1431,10:46:46,4.83,-0.01,33,15939,卖盘
1432,10:46:41,4.84,--,39,18876,买盘
1433,10:46:37,4.84,--,73,35332,卖盘
1434,10:46:31,4.84,--,388,187792,卖盘
1435,10:46:27,4.84,--,153,74052,卖盘
1436,10:46:22,4.84,-0.01,138,66792,卖盘
1437,10:46:16,4.85,0.01,5,2425,买盘
1438,10:46:12,4.84,-0.01,120,58080,卖盘
1439,10:46:07,4.85,0.01,15,7274,买盘
1440,10:46:01,4.84,-0.01,124,60016,卖盘
1441,10:45:55,4.85,--,45,21825,卖盘
1442,10:45:52,4.85,--,189,91665,卖盘
1443,10:45:46,4.85,--,256,124159,卖盘
1444,10:45:40,4.85,--,19,9215,卖盘
1445,10:45:37,4.85,-0.01,38,18430,卖盘
1446,10:45:31,4.86,--,183,88938,买盘
1447,10:45:25,4.86,--,7,3402,买盘
1448,10:45:22,4.86,--,24,11664,买盘
1449,10:45:16,4.86,--,52,25272,卖盘
1450,10:45:07,4.86,--,182,88452,卖盘
1451,10:45:01,4.86,-0.01,434,210924,卖盘
1452,10:44:52,4.87,-0.01,82,39934,卖盘
1453,10:44:46,4.88,--,97,47336,买盘
1454,10:44:40,4.88,0.01,1,488,买盘
1455,10:44:37,4.87,-0.01,106,51622,卖盘
1456,10:44:31,4.88,--,18,8784,卖盘
1457,10:44:25,4.88,--,83,40504,卖盘
1458,10:44:22,4.88,--,94,45872,卖盘
1459,10:44:16,4.88,--,30,14640,卖盘
1460,10:44:10,4.88,-0.01,916,447008,卖盘
1461,10:44:07,4.89,--,560,273840,卖盘
1462,10:44:01,4.89,--,179,87531,卖盘
1463,10:43:55,4.89,--,106,51834,卖盘
1464,10:43:52,4.89,--,146,71394,卖盘
1465,10:43:46,4.89,-0.01,216,105624,卖盘
1466,10:43:40,4.9,--,1,490,买盘
1467,10:43:37,4.9,0.01,29,14210,买盘
1468,10:43:31,4.89,-0.01,137,66993,卖盘
1469,10:43:25,4.9,--,47,23030,买盘
1470,10:43:22,4.9,--,214,104860,买盘
1471,10:43:16,4.9,--,110,53900,买盘
1472,10:43:10,4.9,--,8,3920,买盘
1473,10:43:07,4.9,--,349,171010,买盘
1474,10:43:01,4.9,--,264,129360,买盘
1475,10:42:55,4.9,0.01,89,43610,买盘
1476,10:42:52,4.89,--,146,71394,卖盘
1477,10:42:46,4.89,--,216,105624,卖盘
1478,10:42:40,4.89,--,1169,571641,买盘
1479,10:42:37,4.89,0.01,95,46455,买盘
1480,10:42:31,4.88,-0.01,109,53192,卖盘
1481,10:42:25,4.89,0.01,54,26406,买盘
1482,10:42:22,4.88,--,983,479704,卖盘
1483,10:42:16,4.88,--,180,87840,卖盘
1484,10:42:10,4.88,0.01,56,27328,买盘
1485,10:42:07,4.87,-0.01,28,13636,卖盘
1486,10:42:01,4.88,0.01,256,124928,买盘
1487,10:41:52,4.87,--,33,16071,卖盘
1488,10:41:46,4.87,--,20,9740,卖盘
1489,10:41:37,4.87,-0.01,397,193339,卖盘
1490,10:41:31,4.88,--,2,976,买盘
1491,10:41:25,4.88,0.01,54,26352,买盘
1492,10:41:22,4.87,0.01,104,50648,买盘
1493,10:41:16,4.86,-0.01,20,9720,卖盘
1494,10:41:10,4.87,--,150,73050,买盘
1495,10:41:07,4.87,-0.01,48,23376,买盘
1496,10:41:01,4.88,0.03,14,6832,买盘
1497,10:40:55,4.85,-0.01,80,38800,卖盘
1498,10:40:52,4.86,--,62,30132,买盘
1499,10:40:46,4.86,--,256,124416,买盘
1500,10:40:40,4.86,-0.02,79,38394,卖盘
1501,10:40:37,4.88,0.02,7,3416,买盘
1502,10:40:31,4.86,-0.02,73,35478,卖盘
1503,10:40:25,4.88,--,52,25376,买盘
1504,10:40:16,4.88,--,32,15616,买盘
1505,10:40:10,4.88,0.02,210,102480,买盘
1506,10:40:06,4.86,--,36,17496,买盘
1507,10:40:01,4.86,--,122,59292,买盘
1508,10:39:55,4.86,--,105,51030,买盘
1509,10:39:51,4.86,0.01,30,14580,买盘
1510,10:39:46,4.85,--,110,53349,卖盘
1511,10:39:40,4.85,-0.01,52,25219,卖盘
1512,10:39:36,4.86,0.01,2,972,买盘
1513,10:39:31,4.85,--,50,24250,卖盘
1514,10:39:25,4.85,--,121,58684,卖盘
1515,10:39:21,4.85,-0.01,5,2425,卖盘
1516,10:39:16,4.86,--,326,158436,买盘
1517,10:39:10,4.86,0.01,704,342144,买盘
1518,10:39:01,4.85,-0.01,28,13579,卖盘
1519,10:38:55,4.86,0.01,4,1944,买盘
1520,10:38:51,4.85,--,6,2910,卖盘
1521,10:38:46,4.85,--,50,24250,卖盘
1522,10:38:40,4.85,0.01,576,279360,买盘
1523,10:38:36,4.84,--,5,2420,卖盘
1524,10:38:31,4.84,--,37,17908,卖盘
1525,10:38:25,4.84,--,101,48884,卖盘
1526,10:38:19,4.84,-0.01,2,968,卖盘
1527,10:38:16,4.85,--,44,21340,买盘
1528,10:38:10,4.85,0.01,76,36860,买盘
1529,10:38:04,4.84,-0.01,5,2420,卖盘
1530,10:38:01,4.85,0.02,40,19400,买盘
1531,10:37:55,4.83,-0.02,52,25116,卖盘
1532,10:37:49,4.85,--,10,4850,卖盘
1533,10:37:46,4.85,0.02,23,11155,中性盘
1534,10:37:34,4.83,--,802,387718,买盘
1535,10:37:31,4.83,--,261,126063,买盘
1536,10:37:25,4.83,-0.02,2086,1007668,卖盘
1537,10:37:19,4.85,--,14,6789,买盘
1538,10:37:16,4.85,-0.01,785,380725,卖盘
1539,10:37:10,4.86,0.01,115,55890,买盘
1540,10:37:04,4.85,--,112,54319,卖盘
1541,10:37:01,4.85,--,89,43165,卖盘
1542,10:36:55,4.85,-0.02,4,1939,卖盘
1543,10:36:46,4.87,--,10,4870,买盘
1544,10:36:40,4.87,--,505,245935,卖盘
1545,10:36:34,4.87,-0.01,10,4870,卖盘
1546,10:36:31,4.88,0.01,181,88328,买盘
1547,10:36:25,4.87,-0.01,66,32142,卖盘
1548,10:36:16,4.88,0.01,31,15128,买盘
1549,10:36:10,4.87,-0.02,448,218176,卖盘
1550,10:36:04,4.89,0.01,533,260636,买盘
1551,10:36:01,4.88,--,53,25864,卖盘
1552,10:35:55,4.88,--,24,11712,卖盘
1553,10:35:49,4.88,--,50,24400,卖盘
1554,10:35:46,4.88,--,109,53192,卖盘
1555,10:35:40,4.88,--,99,48312,卖盘
1556,10:35:34,4.88,--,319,155715,买盘
1557,10:35:31,4.88,--,129,62952,买盘
1558,10:35:16,4.88,--,25,12200,买盘
1559,10:35:10,4.88,-0.02,1894,924716,卖盘
1560,10:35:04,4.9,--,0,0,买盘
1561,10:35:01,4.9,0.01,454,222460,买盘
1562,10:34:55,4.89,--,169,82641,卖盘
1563,10:34:49,4.89,--,15,7334,卖盘
1564,10:34:46,4.89,--,30,14669,卖盘
1565,10:34:40,4.89,-0.01,21,10269,卖盘
1566,10:34:34,4.9,0.01,4,1960,买盘
1567,10:34:30,4.89,-0.01,12,5868,卖盘
1568,10:34:25,4.9,0.01,38,18620,买盘
1569,10:34:19,4.89,--,26,12714,卖盘
1570,10:34:16,4.89,--,109,53301,卖盘
1571,10:34:10,4.89,0.01,102,49878,中性盘
1572,10:34:04,4.88,-0.02,2,976,卖盘
1573,10:34:01,4.9,--,34,16660,买盘
1574,10:33:55,4.9,--,64,31360,买盘
1575,10:33:49,4.9,-0.01,43,21070,卖盘
1576,10:33:45,4.91,-0.01,261,128151,卖盘
1577,10:33:40,4.92,--,1625,799500,卖盘
1578,10:33:34,4.92,--,89,43788,卖盘
1579,10:33:30,4.92,--,155,76260,卖盘
1580,10:33:25,4.92,--,353,173676,卖盘
1581,10:33:19,4.92,-0.02,13,6396,卖盘
1582,10:33:15,4.94,--,5,2470,买盘
1583,10:33:10,4.94,0.02,576,284544,买盘
1584,10:33:04,4.92,-0.01,243,119556,卖盘
1585,10:33:00,4.93,0.02,72,35496,买盘
1586,10:32:55,4.91,-0.01,198,97218,卖盘
1587,10:32:49,4.92,--,66,32472,买盘
1588,10:32:45,4.92,-0.01,60,29520,中性盘
1589,10:32:40,4.93,0.02,340,167620,买盘
1590,10:32:34,4.91,--,229,112439,卖盘
1591,10:32:30,4.91,--,76,37316,卖盘
1592,10:32:25,4.91,--,555,272505,买盘
1593,10:32:19,4.91,--,183,89853,买盘
1594,10:32:15,4.91,0.01,129,63339,买盘
1595,10:32:10,4.9,--,50,24500,卖盘
1596,10:32:04,4.9,0.02,2426,1188740,买盘
1597,10:31:55,4.88,--,81,39528,卖盘
1598,10:31:49,4.88,--,198,96624,卖盘
1599,10:31:45,4.88,--,79,39020,卖盘
1600,10:31:40,4.88,-0.01,1593,777384,卖盘
1601,10:31:34,4.89,0.01,78,38142,中性盘
1602,10:31:30,4.88,-0.01,358,174767,卖盘
1603,10:31:25,4.89,--,699,341811,买盘
1604,10:31:19,4.89,--,28,13692,买盘
1605,10:31:15,4.89,--,42,20538,买盘
1606,10:31:10,4.89,0.01,119,58190,买盘
1607,10:31:04,4.88,0.01,41,20008,中性盘
1608,10:31:00,4.87,-0.01,548,266876,卖盘
1609,10:30:55,4.88,--,116,56608,买盘
1610,10:30:49,4.88,-0.01,59,28792,中性盘
1611,10:30:43,4.89,0.02,150,73350,买盘
1612,10:30:40,4.87,--,266,129542,卖盘
1613,10:30:34,4.87,--,40,19480,买盘
1614,10:30:28,4.87,--,64,31168,买盘
1615,10:30:25,4.87,0.02,8,3896,买盘
1616,10:30:19,4.85,-0.04,113,54804,卖盘
1617,10:30:13,4.89,0.03,3703,1810766,买盘
1618,10:30:10,4.86,0.01,1088,528768,买盘
1619,10:30:04,4.85,--,196,95060,买盘
1620,10:29:58,4.85,0.01,21,10185,买盘
1621,10:29:55,4.84,-0.01,118,57112,卖盘
1622,10:29:49,4.85,--,44,21340,买盘
1623,10:29:43,4.85,--,37,17945,买盘
1624,10:29:40,4.85,0.01,359,174115,买盘
1625,10:29:34,4.84,-0.01,84,40656,卖盘
1626,10:29:28,4.85,--,71,34435,买盘
1627,10:29:25,4.85,0.01,83,40255,买盘
1628,10:29:19,4.84,--,50,24200,卖盘
1629,10:29:13,4.84,-0.01,96,46464,卖盘
1630,10:29:10,4.85,--,418,202729,买盘
1631,10:29:04,4.85,--,105,50924,买盘
1632,10:28:58,4.85,--,280,135800,买盘
1633,10:28:55,4.85,--,13,6304,买盘
1634,10:28:49,4.85,-0.02,4274,2072889,卖盘
1635,10:28:43,4.87,--,53,25811,买盘
1636,10:28:40,4.87,0.01,268,130516,买盘
1637,10:28:34,4.86,--,1,486,卖盘
1638,10:28:28,4.86,-0.01,43,20898,卖盘
1639,10:28:25,4.87,0.01,12,5844,买盘
1640,10:28:19,4.86,-0.01,46,22356,卖盘
1641,10:28:13,4.87,--,37,18019,卖盘
1642,10:28:09,4.87,--,1192,580504,卖盘
1643,10:28:04,4.87,--,142,69154,卖盘
1644,10:27:58,4.87,-0.01,63,30681,卖盘
1645,10:27:55,4.88,0.01,158,77104,买盘
1646,10:27:49,4.87,-0.01,57,27759,卖盘
1647,10:27:39,4.88,0.01,2,976,买盘
1648,10:27:34,4.87,--,70,34090,卖盘
1649,10:27:28,4.87,--,35,17045,卖盘
1650,10:27:25,4.87,--,33,16071,卖盘
1651,10:27:19,4.87,--,64,31168,卖盘
1652,10:27:13,4.87,--,95,46265,买盘
1653,10:27:09,4.87,0.01,981,477747,买盘
1654,10:27:04,4.86,--,95,46170,卖盘
1655,10:26:58,4.86,-0.01,97,47142,卖盘
1656,10:26:54,4.87,0.01,215,104705,买盘
1657,10:26:49,4.86,--,757,367902,卖盘
1658,10:26:43,4.86,--,4,1944,卖盘
1659,10:26:39,4.86,-0.01,69,33534,卖盘
1660,10:26:34,4.87,0.01,163,79381,买盘
1661,10:26:28,4.86,--,26,12636,卖盘
1662,10:26:24,4.86,--,103,50058,卖盘
1663,10:26:19,4.86,--,242,117612,买盘
1664,10:26:13,4.86,--,20,9720,买盘
1665,10:26:09,4.86,--,40,19440,买盘
1666,10:26:04,4.86,--,437,212382,买盘
1667,10:25:58,4.86,--,28,13608,买盘
1668,10:25:54,4.86,0.01,98,47628,买盘
1669,10:25:49,4.85,-0.01,12,5820,卖盘
1670,10:25:43,4.86,0.01,8,3888,买盘
1671,10:25:39,4.85,--,243,117854,卖盘
1672,10:25:34,4.85,-0.01,51,24735,卖盘
1673,10:25:28,4.86,--,12,5832,买盘
1674,10:25:24,4.86,--,252,122472,买盘
1675,10:25:19,4.86,0.01,124,60264,买盘
1676,10:25:13,4.85,--,25,12125,卖盘
1677,10:25:09,4.85,--,164,79540,卖盘
1678,10:25:04,4.85,-0.01,105,50924,卖盘
1679,10:24:58,4.86,0.01,5,2430,买盘
1680,10:24:54,4.85,--,1,484,卖盘
1681,10:24:49,4.85,--,17,8245,卖盘
1682,10:24:43,4.85,-0.01,190,92150,卖盘
1683,10:24:34,4.86,--,91,44226,买盘
1684,10:24:28,4.86,--,169,82134,买盘
1685,10:24:24,4.86,--,30,14580,买盘
1686,10:24:19,4.86,-0.01,337,163782,卖盘
1687,10:24:13,4.87,--,103,50161,卖盘
1688,10:24:09,4.87,0.01,454,221098,买盘
1689,10:24:04,4.86,-0.01,516,250776,卖盘
1690,10:23:58,4.87,0.01,113,55031,买盘
1691,10:23:49,4.86,-0.01,132,64152,卖盘
1692,10:23:43,4.87,--,97,47239,买盘
1693,10:23:39,4.87,0.01,500,243500,买盘
1694,10:23:34,4.86,--,277,134622,卖盘
1695,10:23:28,4.86,-0.01,518,251748,卖盘
1696,10:23:24,4.87,--,13,6331,买盘
1697,10:23:19,4.87,--,131,63797,买盘
1698,10:23:13,4.87,--,31,15097,买盘
1699,10:23:09,4.87,--,94,45778,买盘
1700,10:23:04,4.87,0.01,302,147074,买盘
1701,10:22:58,4.86,-0.02,2032,987552,卖盘
1702,10:22:54,4.88,--,31,15128,买盘
1703,10:22:49,4.88,--,112,54656,买盘
1704,10:22:43,4.88,0.01,149,72712,买盘
1705,10:22:37,4.87,--,29,14123,卖盘
1706,10:22:34,4.87,-0.01,621,302427,卖盘
1707,10:22:28,4.88,0.01,552,269376,买盘
1708,10:22:22,4.87,--,72,35064,买盘
1709,10:22:19,4.87,--,369,179703,卖盘
1710,10:22:13,4.87,--,1060,516220,买盘
1711,10:22:07,4.87,--,148,72076,买盘
1712,10:22:04,4.87,--,267,130029,买盘
1713,10:21:58,4.87,--,142,69154,买盘
1714,10:21:52,4.87,0.01,2032,989584,买盘
1715,10:21:49,4.86,--,83,40338,买盘
1716,10:21:43,4.86,--,122,59292,买盘
1717,10:21:33,4.86,0.01,565,274590,买盘
1718,10:21:28,4.85,--,1520,737200,买盘
1719,10:21:22,4.85,--,150,72750,买盘
1720,10:21:18,4.85,0.01,401,194485,买盘
1721,10:21:13,4.84,-0.01,96,46464,卖盘
1722,10:21:07,4.85,0.03,154,75044,买盘
1723,10:21:03,4.82,-0.02,2125,1024250,卖盘
1724,10:20:58,4.84,--,139,67276,买盘
1725,10:20:52,4.84,0.02,20,9680,买盘
1726,10:20:48,4.82,--,96,46272,卖盘
1727,10:20:43,4.82,-0.02,859,414038,卖盘
1728,10:20:37,4.84,0.01,27,13068,买盘
1729,10:20:33,4.83,0.01,8,3864,买盘
1730,10:20:28,4.82,--,172,82904,买盘
1731,10:20:22,4.82,-0.02,6,2892,买盘
1732,10:20:18,4.84,0.02,1071,518364,买盘
1733,10:20:13,4.82,-0.01,2,964,中性盘
1734,10:20:07,4.83,-0.02,4,1932,中性盘
1735,10:20:03,4.85,0.02,944,457839,买盘
1736,10:19:58,4.83,--,2059,994497,买盘
1737,10:19:52,4.83,-0.01,659,318297,卖盘
1738,10:19:48,4.84,0.01,158,76472,买盘
1739,10:19:43,4.83,-0.01,150,72450,卖盘
1740,10:19:37,4.84,0.01,92,44528,买盘
1741,10:19:33,4.83,-0.01,412,198996,卖盘
1742,10:19:28,4.84,--,596,288464,买盘
1743,10:19:22,4.84,--,36,17424,买盘
1744,10:19:18,4.84,--,262,126808,买盘
1745,10:19:13,4.84,-0.01,112,54208,卖盘
1746,10:19:07,4.85,0.01,20,9700,买盘
1747,10:19:03,4.84,-0.01,214,103576,卖盘
1748,10:18:58,4.85,0.02,5061,2454585,买盘
1749,10:18:52,4.83,-0.01,214,103362,卖盘
1750,10:18:48,4.84,0.01,179,86636,买盘
1751,10:18:43,4.83,--,172,83076,买盘
1752,10:18:37,4.83,-0.01,176,85008,卖盘
1753,10:18:33,4.84,0.01,76,36784,中性盘
1754,10:18:28,4.83,--,1041,502803,卖盘
1755,10:18:22,4.83,--,103,49749,卖盘
1756,10:18:18,4.83,-0.01,170,82110,卖盘
1757,10:18:13,4.84,0.02,1655,801020,买盘
1758,10:18:07,4.82,-0.02,200,96400,卖盘
1759,10:18:03,4.84,0.02,3337,1615108,买盘
1760,10:17:58,4.82,--,434,209188,卖盘
1761,10:17:52,4.82,--,291,140262,买盘
1762,10:17:48,4.82,0.01,1831,882542,买盘
1763,10:17:43,4.81,-0.01,749,360268,卖盘
1764,10:17:37,4.82,--,7,3374,买盘
1765,10:17:33,4.82,0.01,130,62660,买盘
1766,10:17:28,4.81,--,48,23087,卖盘
1767,10:17:22,4.81,--,1199,576719,买盘
1768,10:17:18,4.81,--,163,78403,买盘
1769,10:17:13,4.81,--,335,161135,买盘
1770,10:17:07,4.81,0.01,36,17316,买盘
1771,10:17:03,4.8,--,43,20640,卖盘
1772,10:16:58,4.8,--,57,27360,卖盘
1773,10:16:52,4.8,--,30,14400,卖盘
1774,10:16:48,4.8,--,1085,520800,买盘
1775,10:16:43,4.8,0.01,95,45600,买盘
1776,10:16:37,4.79,-0.01,181,86699,卖盘
1777,10:16:33,4.8,--,87,41760,买盘
1778,10:16:28,4.8,0.01,233,111840,买盘
1779,10:16:22,4.79,--,250,119750,卖盘
1780,10:16:13,4.79,-0.01,95,45505,卖盘
1781,10:16:07,4.8,0.01,101,48480,买盘
1782,10:16:03,4.79,--,90,43110,卖盘
1783,10:15:58,4.79,--,146,69934,买盘
1784,10:15:52,4.79,--,259,124061,买盘
1785,10:15:48,4.79,--,147,70413,买盘
1786,10:15:43,4.79,--,41,19639,买盘
1787,10:15:37,4.79,--,30,14370,买盘
1788,10:15:33,4.79,--,109,52211,卖盘
1789,10:15:28,4.79,-0.01,80,38320,卖盘
1790,10:15:22,4.8,0.02,65,31200,买盘
1791,10:15:18,4.78,--,54,26094,卖盘
1792,10:15:13,4.78,-0.01,91,43498,卖盘
1793,10:15:07,4.79,0.01,463,221777,买盘
1794,10:15:03,4.78,--,653,312134,卖盘
1795,10:14:58,4.78,--,39,18642,卖盘
1796,10:14:52,4.78,-0.01,15,7170,卖盘
1797,10:14:48,4.79,--,200,95800,买盘
1798,10:14:37,4.79,--,6,2874,买盘
1799,10:14:31,4.79,--,325,155871,卖盘
1800,10:14:22,4.79,--,86,41194,卖盘
1801,10:14:12,4.79,--,7,3353,卖盘
1802,10:14:07,4.79,--,71,34291,买盘
1803,10:14:01,4.79,0.01,7,3353,买盘
1804,10:13:57,4.78,-0.01,54,25812,卖盘
1805,10:13:52,4.79,--,10,4790,买盘
1806,10:13:42,4.79,0.01,167,79993,买盘
1807,10:13:37,4.78,-0.01,36,17208,中性盘
1808,10:13:31,4.79,--,7,3353,买盘
1809,10:13:27,4.79,--,455,217945,买盘
1810,10:13:22,4.79,0.01,280,134120,买盘
1811,10:13:16,4.78,-0.01,17,8126,卖盘
1812,10:13:12,4.79,0.01,18,8622,买盘
1813,10:13:07,4.78,-0.01,302,144356,卖盘
1814,10:13:01,4.79,--,0,0,买盘
1815,10:12:57,4.79,0.02,117,56043,买盘
1816,10:12:52,4.77,--,95,45314,卖盘
1817,10:12:46,4.77,--,10,4770,卖盘
1818,10:12:42,4.77,--,688,328175,买盘
1819,10:12:37,4.77,--,148,70596,买盘
1820,10:12:31,4.77,--,79,37683,买盘
1821,10:12:27,4.77,0.01,75,35775,买盘
1822,10:12:22,4.76,-0.01,142,67592,卖盘
1823,10:12:16,4.77,--,229,109232,买盘
1824,10:12:12,4.77,-0.02,1131,539487,卖盘
1825,10:12:07,4.79,0.02,126,60354,买盘
1826,10:12:01,4.77,-0.01,25,11924,卖盘
1827,10:11:57,4.78,--,259,123802,买盘
1828,10:11:52,4.78,--,1126,538228,买盘
1829,10:11:46,4.78,0.01,79,37762,买盘
1830,10:11:42,4.77,-0.01,5,2385,卖盘
1831,10:11:37,4.78,0.01,155,74090,买盘
1832,10:11:31,4.77,--,330,157410,卖盘
1833,10:11:27,4.77,-0.01,257,122588,卖盘
1834,10:11:22,4.78,0.01,68,32504,买盘
1835,10:11:12,4.77,-0.01,108,51515,卖盘
1836,10:11:07,4.78,--,101,48278,买盘
1837,10:11:01,4.78,--,30,14340,买盘
1838,10:10:57,4.78,--,207,98946,卖盘
1839,10:10:52,4.78,-0.01,33,15774,卖盘
1840,10:10:46,4.79,--,12,5748,买盘
1841,10:10:42,4.79,0.01,14,6706,买盘
1842,10:10:37,4.78,-0.01,110,52580,卖盘
1843,10:10:31,4.79,0.01,100,47900,买盘
1844,10:10:27,4.78,-0.01,50,23900,卖盘
1845,10:10:22,4.79,--,72,34488,买盘
1846,10:10:16,4.79,--,144,69172,卖盘
1847,10:10:12,4.79,--,44,21076,卖盘
1848,10:10:01,4.79,--,177,84783,卖盘
1849,10:09:57,4.79,-0.01,1,479,卖盘
1850,10:09:52,4.8,0.01,305,146400,买盘
1851,10:09:46,4.79,-0.01,118,56522,卖盘
1852,10:09:42,4.8,--,665,319200,买盘
1853,10:09:37,4.8,--,18,8640,买盘
1854,10:09:31,4.8,0.01,41,19680,买盘
1855,10:09:27,4.79,-0.01,130,62270,卖盘
1856,10:09:22,4.8,--,166,79680,买盘
1857,10:09:16,4.8,--,61,29280,买盘
1858,10:09:12,4.8,--,60,28800,买盘
1859,10:09:07,4.8,--,5,2400,买盘
1860,10:09:01,4.8,--,15,7200,买盘
1861,10:08:57,4.8,--,110,52800,买盘
1862,10:08:52,4.8,--,333,159840,卖盘
1863,10:08:46,4.8,--,161,77280,卖盘
1864,10:08:42,4.8,--,161,77280,卖盘
1865,10:08:37,4.8,--,1144,549120,卖盘
1866,10:08:31,4.8,-0.01,186,89280,卖盘
1867,10:08:27,4.81,--,50,24049,买盘
1868,10:08:22,4.81,--,285,137085,买盘
1869,10:08:16,4.81,--,313,150553,买盘
1870,10:08:12,4.81,--,89,42809,买盘
1871,10:08:07,4.81,0.01,316,151996,买盘
1872,10:08:01,4.8,-0.01,293,140640,卖盘
1873,10:07:57,4.81,0.01,10,4810,买盘
1874,10:07:51,4.8,--,25,12000,卖盘
1875,10:07:46,4.8,--,11,5280,卖盘
1876,10:07:37,4.8,--,1244,597120,买盘
1877,10:07:31,4.8,--,76,36480,买盘
1878,10:07:27,4.8,0.01,90,43200,买盘
1879,10:07:22,4.79,-0.01,172,82388,卖盘
1880,10:07:16,4.8,0.01,3,1440,买盘
1881,10:07:12,4.79,--,10,4790,卖盘
1882,10:07:07,4.79,--,262,125541,卖盘
1883,10:07:01,4.79,0.02,3440,1647999,买盘
1884,10:06:57,4.77,--,57,27188,卖盘
1885,10:06:51,4.77,-0.01,231,110186,卖盘
1886,10:06:46,4.78,0.01,66,31548,买盘
1887,10:06:42,4.77,--,194,92537,买盘
1888,10:06:37,4.77,0.01,234,111617,买盘
1889,10:06:31,4.76,-0.02,61,29036,卖盘
1890,10:06:25,4.78,0.02,28,13384,买盘
1891,10:06:21,4.76,-0.02,259,123284,卖盘
1892,10:06:16,4.78,0.01,30,14340,买盘
1893,10:06:10,4.77,--,336,160272,买盘
1894,10:06:06,4.77,--,127,60817,卖盘
1895,10:06:01,4.77,-0.01,227,108278,卖盘
1896,10:05:55,4.78,--,209,99902,买盘
1897,10:05:52,4.78,--,347,165866,买盘
1898,10:05:46,4.78,--,21,10038,买盘
1899,10:05:40,4.78,--,280,133840,买盘
1900,10:05:36,4.78,-0.01,523,249994,卖盘
1901,10:05:31,4.79,0.01,36,17244,买盘
1902,10:05:25,4.78,--,251,119978,卖盘
1903,10:05:21,4.78,-0.01,155,74090,卖盘
1904,10:05:16,4.79,0.01,1,479,买盘
1905,10:05:10,4.78,-0.02,3,1434,卖盘
1906,10:05:06,4.8,0.01,215,103200,买盘
1907,10:05:01,4.79,-0.01,96,45984,卖盘
1908,10:04:55,4.8,--,23,11040,买盘
1909,10:04:46,4.8,-0.01,327,156960,买盘
1910,10:04:40,4.81,--,262,126079,买盘
1911,10:04:36,4.81,0.01,108,51947,买盘
1912,10:04:31,4.8,-0.01,2751,1320480,卖盘
1913,10:04:25,4.81,--,320,153920,买盘
1914,10:04:21,4.81,--,592,285131,卖盘
1915,10:04:16,4.81,-0.01,711,341991,卖盘
1916,10:04:10,4.82,0.01,102,49164,买盘
1917,10:04:06,4.81,-0.02,121,58200,卖盘
1918,10:04:01,4.83,0.01,2702,1305066,买盘
1919,10:03:55,4.82,-0.01,501,241482,卖盘
1920,10:03:51,4.83,0.01,264,127512,买盘
1921,10:03:46,4.82,--,1181,569242,卖盘
1922,10:03:40,4.82,--,1636,788571,买盘
1923,10:03:36,4.82,0.01,131,63142,买盘
1924,10:03:31,4.81,--,124,59745,卖盘
1925,10:03:25,4.81,-0.01,60,28859,卖盘
1926,10:03:21,4.82,0.01,203,97846,买盘
1927,10:03:16,4.81,0.01,268,128907,卖盘
1928,10:03:10,4.8,-0.02,436,209280,卖盘
1929,10:03:06,4.82,0.02,506,243892,买盘
1930,10:03:01,4.8,0.02,2999,1439942,买盘
1931,10:02:55,4.78,-0.02,6,2868,买盘
1932,10:02:51,4.8,0.02,5375,2580000,买盘
1933,10:02:46,4.78,--,162,77436,买盘
1934,10:02:36,4.78,0.01,116,55448,买盘
1935,10:02:31,4.77,-0.01,106,50561,卖盘
1936,10:02:21,4.78,--,26,12428,买盘
1937,10:02:16,4.78,0.01,21,10038,买盘
1938,10:02:10,4.77,--,432,206063,卖盘
1939,10:02:00,4.77,--,6,3100,卖盘
1940,10:01:55,4.77,--,58,27665,买盘
1941,10:01:51,4.77,--,8,3815,卖盘
1942,10:01:45,4.77,--,231,110186,买盘
1943,10:01:40,4.77,--,131,62486,买盘
1944,10:01:36,4.77,0.01,23,10970,买盘
1945,10:01:25,4.76,-0.01,48,22848,卖盘
1946,10:01:21,4.77,--,24,11447,买盘
1947,10:01:15,4.77,--,34,16217,买盘
1948,10:01:10,4.77,--,135,64394,买盘
1949,10:01:06,4.77,--,57,27188,买盘
1950,10:01:00,4.77,--,71,33867,买盘
1951,10:00:55,4.77,--,122,58193,买盘
1952,10:00:51,4.77,--,13,6200,买盘
1953,10:00:45,4.77,--,28,13355,买盘
1954,10:00:40,4.77,--,63,30050,买盘
1955,10:00:36,4.77,0.01,66,31481,买盘
1956,10:00:30,4.76,--,37,17612,买盘
1957,10:00:25,4.76,-0.01,171,81396,买盘
1958,10:00:21,4.77,--,658,313866,买盘
1959,10:00:15,4.77,0.02,71,33867,买盘
1960,10:00:10,4.75,-0.01,178,84550,卖盘
1961,10:00:05,4.76,0.01,492,234192,买盘
1962,10:00:00,4.75,-0.01,138,65550,卖盘
1963,09:59:55,4.76,-0.01,231,109956,卖盘
1964,09:59:51,4.77,0.01,5,2385,中性盘
1965,09:59:45,4.76,-0.01,453,215628,卖盘
1966,09:59:40,4.77,--,240,114479,卖盘
1967,09:59:35,4.77,--,39,18603,卖盘
1968,09:59:30,4.77,--,122,58193,卖盘
1969,09:59:25,4.77,-0.01,31,14786,卖盘
1970,09:59:19,4.78,0.01,798,381444,买盘
1971,09:59:15,4.77,--,240,114479,卖盘
1972,09:59:10,4.77,0.01,1923,917270,买盘
1973,09:59:04,4.76,--,100,47600,买盘
1974,09:59:00,4.76,--,69,32844,买盘
1975,09:58:55,4.76,-0.01,195,92820,卖盘
1976,09:58:49,4.77,0.01,76,36252,买盘
1977,09:58:45,4.76,-0.01,151,71876,卖盘
1978,09:58:40,4.77,--,251,119726,买盘
1979,09:58:30,4.77,-0.01,167,79659,卖盘
1980,09:58:25,4.78,0.01,272,130016,买盘
1981,09:58:19,4.77,--,67,31958,卖盘
1982,09:58:15,4.77,--,998,476045,卖盘
1983,09:58:10,4.77,-0.01,91,43406,卖盘
1984,09:58:04,4.78,0.01,287,137186,买盘
1985,09:58:00,4.77,-0.01,216,103031,卖盘
1986,09:57:55,4.78,--,554,264812,买盘
1987,09:57:49,4.78,0.01,100,47800,中性盘
1988,09:57:45,4.77,--,568,270936,卖盘
1989,09:57:40,4.77,--,56,26711,卖盘
1990,09:57:34,4.77,-0.02,58,27665,卖盘
1991,09:57:30,4.79,0.01,259,124061,买盘
1992,09:57:25,4.78,-0.01,1128,539184,卖盘
1993,09:57:15,4.79,0.01,494,236626,买盘
1994,09:57:10,4.78,--,2391,1142898,卖盘
1995,09:57:04,4.78,-0.01,269,128582,卖盘
1996,09:57:00,4.79,--,607,290753,买盘
1997,09:56:55,4.79,0.01,778,372662,买盘
1998,09:56:49,4.78,--,122,58316,卖盘
1999,09:56:45,4.78,--,47,22466,卖盘
2000,09:56:40,4.78,--,1043,498554,买盘
2001,09:56:34,4.78,0.01,633,302574,买盘
2002,09:56:30,4.77,--,253,120680,买盘
2003,09:56:25,4.77,--,330,157410,买盘
2004,09:56:19,4.77,0.01,1146,546642,买盘
2005,09:56:15,4.76,-0.01,268,127568,卖盘
2006,09:56:10,4.77,0.01,219,104462,买盘
2007,09:56:00,4.76,0.01,38,18088,卖盘
2008,09:55:55,4.75,--,302,143450,卖盘
2009,09:55:49,4.75,-0.01,2298,1091550,卖盘
2010,09:55:45,4.76,--,253,120428,买盘
2011,09:55:40,4.76,--,704,335104,买盘
2012,09:55:34,4.76,--,80,38080,买盘
2013,09:55:30,4.76,0.01,543,258468,买盘
2014,09:55:24,4.75,--,40,19000,买盘
2015,09:55:19,4.75,0.02,42,19950,买盘
2016,09:55:15,4.73,-0.02,20,9460,卖盘
2017,09:55:09,4.75,0.02,1000,475000,买盘
2018,09:55:04,4.73,--,273,129129,卖盘
2019,09:55:00,4.73,0.01,108,51084,买盘
2020,09:54:54,4.72,-0.01,84,39648,卖盘
2021,09:54:49,4.73,0.01,207,97911,买盘
2022,09:54:45,4.72,--,120,56640,买盘
2023,09:54:39,4.72,-0.02,194,91568,卖盘
2024,09:54:34,4.74,--,19,9006,买盘
2025,09:54:30,4.74,0.01,813,385362,买盘
2026,09:54:24,4.73,-0.01,187,88451,中性盘
2027,09:54:19,4.74,--,13,6162,买盘
2028,09:54:15,4.74,--,400,189600,买盘
2029,09:54:09,4.74,--,61,28914,买盘
2030,09:54:04,4.74,-0.01,326,154637,卖盘
2031,09:54:00,4.75,--,91,43225,买盘
2032,09:53:54,4.75,--,478,227468,买盘
2033,09:53:49,4.75,--,502,238868,买盘
2034,09:53:44,4.75,--,60,28500,买盘
2035,09:53:39,4.75,--,17,8075,买盘
2036,09:53:34,4.75,--,321,152608,卖盘
2037,09:53:29,4.75,-0.01,29,13775,卖盘
2038,09:53:24,4.76,0.01,816,388777,买盘
2039,09:53:19,4.75,-0.01,540,256918,卖盘
2040,09:53:14,4.76,0.01,161,76636,买盘
2041,09:53:09,4.75,-0.01,475,226043,卖盘
2042,09:53:04,4.76,0.01,517,246187,买盘
2043,09:52:59,4.75,--,88,41800,卖盘
2044,09:52:54,4.75,-0.01,94,44650,卖盘
2045,09:52:49,4.76,0.01,143,68068,买盘
2046,09:52:44,4.75,--,230,109250,卖盘
2047,09:52:39,4.75,--,141,66975,卖盘
2048,09:52:34,4.75,--,151,71725,卖盘
2049,09:52:29,4.75,--,14,6650,卖盘
2050,09:52:24,4.75,--,58,27550,买盘
2051,09:52:19,4.75,--,159,75525,买盘
2052,09:52:14,4.75,--,90,42750,买盘
2053,09:52:09,4.75,--,53,25175,买盘
2054,09:52:04,4.75,--,178,84550,买盘
2055,09:51:59,4.75,--,74,35150,买盘
2056,09:51:54,4.75,-0.01,289,137275,卖盘
2057,09:51:49,4.76,0.01,64,30464,买盘
2058,09:51:43,4.75,-0.01,256,121600,卖盘
2059,09:51:39,4.76,0.01,9,4284,买盘
2060,09:51:34,4.75,--,28,13300,卖盘
2061,09:51:28,4.75,0.01,321,152475,买盘
2062,09:51:24,4.74,-0.01,281,133194,卖盘
2063,09:51:19,4.75,--,183,86925,买盘
2064,09:51:13,4.75,0.01,310,147250,买盘
2065,09:51:09,4.74,--,253,119922,买盘
2066,09:51:04,4.74,0.01,16,7584,买盘
2067,09:50:58,4.73,--,2,946,卖盘
2068,09:50:54,4.73,--,228,107844,卖盘
2069,09:50:49,4.73,-0.01,136,64328,卖盘
2070,09:50:43,4.74,--,8,3792,买盘
2071,09:50:39,4.74,--,5,2370,买盘
2072,09:50:34,4.74,--,368,174432,卖盘
2073,09:50:24,4.74,0.02,370,175380,买盘
2074,09:50:19,4.72,-0.02,387,182664,卖盘
2075,09:50:13,4.74,--,61,28914,买盘
2076,09:50:09,4.74,-0.01,77,36498,卖盘
2077,09:50:04,4.75,--,256,121600,买盘
2078,09:49:54,4.75,--,447,212325,卖盘
2079,09:49:49,4.75,-0.01,17,8075,卖盘
2080,09:49:43,4.76,--,552,262752,卖盘
2081,09:49:39,4.76,--,364,173264,卖盘
2082,09:49:34,4.76,-0.01,309,147084,卖盘
2083,09:49:28,4.77,0.01,16,7631,买盘
2084,09:49:24,4.76,--,382,181832,卖盘
2085,09:49:19,4.76,-0.02,225,107100,卖盘
2086,09:49:13,4.78,--,545,260510,买盘
2087,09:49:09,4.78,0.01,174,83172,买盘
2088,09:49:04,4.77,-0.01,74,35298,卖盘
2089,09:48:58,4.78,--,158,75524,买盘
2090,09:48:54,4.78,--,89,42542,卖盘
2091,09:48:49,4.78,--,414,197892,买盘
2092,09:48:43,4.78,-0.01,769,367582,卖盘
2093,09:48:39,4.79,0.01,524,250996,买盘
2094,09:48:33,4.78,--,871,416338,买盘
2095,09:48:28,4.78,--,151,72178,买盘
2096,09:48:24,4.78,0.01,693,331254,买盘
2097,09:48:18,4.77,0.01,112,53423,买盘
2098,09:48:13,4.76,--,273,129948,卖盘
2099,09:48:09,4.76,--,609,290226,买盘
2100,09:48:03,4.76,0.01,295,140420,买盘
2101,09:47:58,4.75,-0.01,25,11875,卖盘
2102,09:47:54,4.76,0.01,76,36176,买盘
2103,09:47:48,4.75,--,1982,941568,买盘
2104,09:47:43,4.75,0.01,1549,735775,买盘
2105,09:47:39,4.74,--,575,272550,买盘
2106,09:47:33,4.74,0.01,84,39816,买盘
2107,09:47:28,4.73,0.01,981,464145,买盘
2108,09:47:24,4.72,--,345,162840,卖盘
2109,09:47:18,4.72,--,103,48616,卖盘
2110,09:47:13,4.72,--,357,168504,卖盘
2111,09:47:09,4.72,0.01,805,380427,买盘
2112,09:47:03,4.71,--,435,204885,卖盘
2113,09:46:58,4.71,--,696,327816,卖盘
2114,09:46:54,4.71,--,424,199704,买盘
2115,09:46:48,4.71,0.01,216,101736,买盘
2116,09:46:43,4.7,--,300,141000,卖盘
2117,09:46:39,4.7,--,108,50760,卖盘
2118,09:46:33,4.7,--,149,70030,卖盘
2119,09:46:28,4.7,--,20,9400,卖盘
2120,09:46:23,4.7,-0.01,266,125020,卖盘
2121,09:46:18,4.71,0.01,260,122460,买盘
2122,09:46:13,4.7,--,374,175780,买盘
2123,09:46:08,4.7,--,476,223720,买盘
2124,09:46:03,4.7,-0.01,2120,996400,卖盘
2125,09:45:58,4.71,0.01,308,145068,买盘
2126,09:45:53,4.7,-0.01,4,1880,卖盘
2127,09:45:48,4.71,--,147,69237,买盘
2128,09:45:43,4.71,0.01,105,49455,买盘
2129,09:45:38,4.7,0.01,142,66740,中性盘
2130,09:45:33,4.69,-0.02,693,325017,卖盘
2131,09:45:28,4.71,0.01,752,354192,买盘
2132,09:45:23,4.7,0.01,450,211500,买盘
2133,09:45:18,4.69,0.01,62,29078,卖盘
2134,09:45:13,4.68,-0.01,210,98280,卖盘
2135,09:45:08,4.69,-0.01,239,112091,卖盘
2136,09:45:03,4.7,0.02,58,27260,买盘
2137,09:44:58,4.68,--,89,41652,卖盘
2138,09:44:53,4.68,--,305,142740,卖盘
2139,09:44:48,4.68,-0.02,1535,718380,卖盘
2140,09:44:43,4.7,0.01,48,22560,中性盘
2141,09:44:38,4.69,-0.02,18,8442,卖盘
2142,09:44:33,4.71,--,100,47100,买盘
2143,09:44:28,4.71,0.02,347,163437,买盘
2144,09:44:23,4.69,-0.03,457,214333,卖盘
2145,09:44:18,4.72,0.01,179,84488,买盘
2146,09:44:13,4.71,0.01,133,62643,卖盘
2147,09:44:08,4.7,--,72,33840,卖盘
2148,09:44:03,4.7,-0.03,271,127370,卖盘
2149,09:43:58,4.73,0.01,511,241703,买盘
2150,09:43:53,4.72,--,209,98648,卖盘
2151,09:43:48,4.72,0.02,1300,613600,买盘
2152,09:43:43,4.7,-0.01,570,267900,卖盘
2153,09:43:37,4.71,0.01,30,14130,中性盘
2154,09:43:33,4.7,-0.02,1845,867150,卖盘
2155,09:43:28,4.72,--,31,14632,买盘
2156,09:43:22,4.72,-0.01,55,25960,中性盘
2157,09:43:18,4.73,0.01,183,86559,买盘
2158,09:43:13,4.72,-0.01,86,40592,卖盘
2159,09:43:07,4.73,--,44,20812,买盘
2160,09:43:03,4.73,--,247,116831,卖盘
2161,09:42:58,4.73,--,320,151360,卖盘
2162,09:42:52,4.73,-0.01,14,6622,卖盘
2163,09:42:48,4.74,0.01,73,34602,买盘
2164,09:42:43,4.73,-0.01,342,161766,卖盘
2165,09:42:37,4.74,--,50,23700,买盘
2166,09:42:33,4.74,-0.01,479,227046,中性盘
2167,09:42:28,4.75,0.02,1826,867350,买盘
2168,09:42:22,4.73,-0.01,324,153252,买盘
2169,09:42:18,4.74,0.01,140,66554,买盘
2170,09:42:13,4.73,--,195,92514,卖盘
2171,09:42:07,4.73,--,135,63855,卖盘
2172,09:42:03,4.73,--,224,105952,卖盘
2173,09:41:58,4.73,0.02,329,155617,买盘
2174,09:41:52,4.71,--,10,4710,卖盘
2175,09:41:48,4.71,-0.01,204,96084,卖盘
2176,09:41:42,4.72,--,507,239304,买盘
2177,09:41:37,4.72,0.01,70,33040,买盘
2178,09:41:33,4.71,--,331,155901,卖盘
2179,09:41:27,4.71,--,10,4710,卖盘
2180,09:41:22,4.71,--,20,9420,卖盘
2181,09:41:18,4.71,0.01,52,24492,买盘
2182,09:41:12,4.7,0.01,147,69090,卖盘
2183,09:41:03,4.69,-0.01,1539,721791,卖盘
2184,09:40:57,4.7,--,117,54990,买盘
2185,09:40:52,4.7,--,324,152280,买盘
2186,09:40:48,4.7,--,920,432400,买盘
2187,09:40:42,4.7,--,331,155570,买盘
2188,09:40:37,4.7,--,140,65800,买盘
2189,09:40:33,4.7,-0.01,1251,587970,中性盘
2190,09:40:27,4.71,0.01,1808,851977,买盘
2191,09:40:22,4.7,-0.02,1948,915560,卖盘
2192,09:40:18,4.72,0.01,1181,557432,买盘
2193,09:40:12,4.71,--,428,201588,卖盘
2194,09:40:07,4.71,--,90,42390,卖盘
2195,09:40:03,4.71,0.01,76,35796,买盘
2196,09:39:57,4.7,-0.01,2441,1147270,卖盘
2197,09:39:52,4.71,--,249,117279,买盘
2198,09:39:48,4.71,0.02,546,257580,买盘
2199,09:39:42,4.69,--,301,141169,卖盘
2200,09:39:37,4.69,-0.01,993,466129,卖盘
2201,09:39:32,4.7,--,933,438510,买盘
2202,09:39:27,4.7,0.01,377,177190,买盘
2203,09:39:22,4.69,--,244,114436,卖盘
2204,09:39:17,4.69,--,528,248040,卖盘
2205,09:39:12,4.69,--,257,120533,卖盘
2206,09:39:07,4.69,--,344,161336,卖盘
2207,09:39:02,4.69,--,400,187600,买盘
2208,09:38:57,4.69,--,93,43617,买盘
2209,09:38:52,4.69,--,436,204484,买盘
2210,09:38:47,4.69,-0.01,263,123347,卖盘
2211,09:38:42,4.7,--,410,192700,买盘
2212,09:38:37,4.7,--,430,202100,买盘
2213,09:38:32,4.7,0.01,226,106220,买盘
2214,09:38:27,4.69,-0.01,1330,623770,卖盘
2215,09:38:22,4.7,-0.02,560,263608,卖盘
2216,09:38:17,4.72,--,613,289336,买盘
2217,09:38:12,4.72,0.01,2156,1017632,卖盘
2218,09:38:07,4.71,-0.02,4954,2333334,卖盘
2219,09:38:02,4.73,--,339,160347,买盘
2220,09:37:57,4.73,--,136,64328,买盘
2221,09:37:52,4.73,--,384,181632,买盘
2222,09:37:47,4.73,--,21,9933,买盘
2223,09:37:42,4.73,--,1331,629563,卖盘
2224,09:37:37,4.73,--,172,81356,卖盘
2225,09:37:32,4.73,--,516,244068,卖盘
2226,09:37:27,4.73,--,359,169807,卖盘
2227,09:37:22,4.73,0.01,50,23650,中性盘
2228,09:37:17,4.72,-0.01,123,58056,卖盘
2229,09:37:12,4.73,--,741,350530,买盘
2230,09:37:07,4.73,0.01,602,285162,买盘
2231,09:37:02,4.72,-0.01,609,287448,卖盘
2232,09:36:57,4.73,--,824,390168,买盘
2233,09:36:52,4.73,-0.01,540,255420,卖盘
2234,09:36:47,4.74,0.01,490,232260,买盘
2235,09:36:42,4.73,-0.01,472,223256,卖盘
2236,09:36:37,4.74,--,432,204768,卖盘
2237,09:36:32,4.74,--,100,47400,卖盘
2238,09:36:27,4.74,0.03,3002,1423042,买盘
2239,09:36:22,4.71,-0.03,2560,1205760,卖盘
2240,09:36:17,4.74,-0.01,115,54510,中性盘
2241,09:36:12,4.75,--,1694,804650,买盘
2242,09:36:07,4.75,--,1286,610850,买盘
2243,09:36:02,4.75,--,159,75905,卖盘
2244,09:35:57,4.75,--,1402,666045,卖盘
2245,09:35:52,4.75,0.01,103,48925,卖盘
2246,09:35:42,4.74,-0.01,378,179172,卖盘
2247,09:35:37,4.75,0.01,1812,860700,买盘
2248,09:35:31,4.74,--,261,123714,卖盘
2249,09:35:27,4.74,-0.01,301,142674,卖盘
2250,09:35:22,4.75,0.01,79,37525,买盘
2251,09:35:16,4.74,--,142,67308,卖盘
2252,09:35:12,4.74,--,410,194340,买盘
2253,09:35:07,4.74,-0.01,45,21330,中性盘
2254,09:35:01,4.75,0.03,29,13775,买盘
2255,09:34:57,4.72,-0.02,1235,582920,卖盘
2256,09:34:52,4.74,0.01,580,274920,买盘
2257,09:34:46,4.73,--,24,11352,卖盘
2258,09:34:42,4.73,-0.01,338,159874,卖盘
2259,09:34:36,4.74,0.01,97,45978,买盘
2260,09:34:31,4.73,-0.01,309,146157,卖盘
2261,09:34:27,4.74,-0.01,1273,603402,卖盘
2262,09:34:21,4.75,--,153,72675,买盘
2263,09:34:16,4.75,0.02,489,232275,买盘
2264,09:34:12,4.73,-0.02,518,245014,卖盘
2265,09:34:06,4.75,--,217,103075,买盘
2266,09:34:01,4.75,--,186,88350,买盘
2267,09:33:57,4.75,--,179,85405,卖盘
2268,09:33:51,4.75,-0.01,984,467400,卖盘
2269,09:33:46,4.76,0.01,472,224672,买盘
2270,09:33:42,4.75,--,2198,1044050,买盘
2271,09:33:36,4.75,--,3603,1711425,卖盘
2272,09:33:31,4.75,-0.01,9,4275,卖盘
2273,09:33:26,4.76,0.01,41,19516,买盘
2274,09:33:21,4.75,0.02,1006,477945,买盘
2275,09:33:16,4.73,-0.01,418,197714,卖盘
2276,09:33:11,4.74,0.01,144,68256,买盘
2277,09:33:06,4.73,--,107,50611,卖盘
2278,09:33:01,4.73,--,81,38313,卖盘
2279,09:32:57,4.73,0.01,412,194876,中性盘
2280,09:32:51,4.72,-0.01,686,323792,卖盘
2281,09:32:46,4.73,0.01,195,92235,买盘
2282,09:32:41,4.72,--,1462,690064,买盘
2283,09:32:36,4.72,0.01,1181,557432,买盘
2284,09:32:31,4.71,-0.01,328,154488,卖盘
2285,09:32:26,4.72,-0.01,906,427632,卖盘
2286,09:32:21,4.73,0.02,1017,481041,买盘
2287,09:32:16,4.71,-0.01,578,272238,卖盘
2288,09:32:11,4.72,-0.01,2752,1298944,卖盘
2289,09:32:06,4.73,0.01,769,363737,买盘
2290,09:32:01,4.72,-0.01,255,120360,卖盘
2291,09:31:56,4.73,--,1136,537328,买盘
2292,09:31:51,4.73,0.01,2515,1189595,买盘
2293,09:31:46,4.72,-0.01,532,251104,卖盘
2294,09:31:41,4.73,--,1794,848562,卖盘
2295,09:31:36,4.73,--,473,223729,卖盘
2296,09:31:31,4.73,-0.01,402,190146,卖盘
2297,09:31:26,4.74,--,1166,552684,卖盘
2298,09:31:21,4.74,-0.01,1209,573066,卖盘
2299,09:31:16,4.75,0.01,913,433675,买盘
2300,09:31:11,4.74,-0.01,2357,1117218,卖盘
2301,09:31:06,4.75,-0.02,2866,1361350,卖盘
2302,09:31:01,4.77,--,1170,558090,买盘
2303,09:30:56,4.77,0.01,824,393047,买盘
2304,09:30:51,4.76,0.01,591,281316,卖盘
2305,09:30:46,4.75,-0.02,11,5225,卖盘
2306,09:30:41,4.77,-0.02,194,92537,卖盘
2307,09:30:36,4.79,0.03,802,384158,买盘
2308,09:30:31,4.76,-0.04,137,65212,中性盘
2309,09:30:26,4.8,0.01,796,382080,买盘
2310,09:30:21,4.79,-0.04,100,47900,中性盘
2311,09:30:16,4.83,--,328,158424,买盘
2312,09:30:11,4.83,0.08,1253,605199,买盘
2313,09:30:06,4.75,0.04,14293,6789175,买盘
2314,09:28:56,4.71,--,0,0,卖盘
2315,09:25:08,4.71,4.71,6004,2827926,买盘
