,time,price,change,volume,amount,type
0,15:00:00,10.3,--,0,0,卖盘
1,15:00:00,10.3,--,0,0,卖盘
2,15:00:00,10.3,--,31,31930,买盘
3,14:59:55,10.3,0.01,19,19570,买盘
4,14:59:49,10.29,-0.01,39,40131,卖盘
5,14:59:45,10.3,--,126,129780,买盘
6,14:59:40,10.3,0.01,154,158620,买盘
7,14:59:34,10.29,-0.01,6,6173,卖盘
8,14:59:30,10.3,--,30,30900,买盘
9,14:59:25,10.3,--,259,266770,买盘
10,14:59:19,10.3,0.01,257,264710,买盘
11,14:59:15,10.29,--,25,25724,卖盘
12,14:59:10,10.29,--,365,375584,卖盘
13,14:59:04,10.29,--,26,26753,卖盘
14,14:59:00,10.29,-0.01,38,39102,卖盘
15,14:58:55,10.3,0.01,134,138020,买盘
16,14:58:49,10.29,--,10,10290,卖盘
17,14:58:45,10.29,-0.01,8,8232,卖盘
18,14:58:40,10.3,--,370,381100,卖盘
19,14:58:30,10.3,--,625,643750,卖盘
20,14:58:25,10.3,--,24,24720,卖盘
21,14:58:15,10.3,--,69,71070,卖盘
22,14:58:10,10.3,-0.01,37,38110,卖盘
23,14:58:04,10.31,0.02,56,57736,买盘
24,14:58:00,10.29,--,22,22637,卖盘
25,14:57:55,10.29,-0.02,100,102899,卖盘
26,14:57:49,10.31,0.01,9,9279,买盘
27,14:57:45,10.3,-0.01,122,125660,卖盘
28,14:57:40,10.31,0.02,1,1031,买盘
29,14:57:30,10.29,--,61,62768,卖盘
30,14:57:24,10.29,-0.02,1878,1933285,卖盘
31,14:57:19,10.31,0.01,73,75263,买盘
32,14:57:15,10.3,-0.01,283,291490,卖盘
33,14:57:04,10.31,0.01,7,7217,买盘
34,14:57:00,10.3,-0.01,50,51500,卖盘
35,14:56:54,10.31,--,2,2062,买盘
36,14:56:45,10.31,0.01,4,4124,买盘
37,14:56:39,10.3,--,50,51500,卖盘
38,14:56:34,10.3,-0.01,4,4120,卖盘
39,14:56:30,10.31,0.01,85,87635,买盘
40,14:56:24,10.3,--,2,2060,卖盘
41,14:56:19,10.3,--,12,12360,卖盘
42,14:56:15,10.3,--,65,66950,卖盘
43,14:56:09,10.3,-0.01,75,77250,卖盘
44,14:56:04,10.31,--,177,182487,买盘
45,14:56:00,10.31,0.01,890,917590,买盘
46,14:55:54,10.3,--,57,58710,卖盘
47,14:55:49,10.3,-0.01,40,41457,卖盘
48,14:55:45,10.31,0.01,510,525810,买盘
49,14:55:39,10.3,--,141,145230,卖盘
50,14:55:34,10.3,-0.01,21,21630,卖盘
51,14:55:30,10.31,0.01,125,128875,买盘
52,14:55:24,10.3,--,46,47380,卖盘
53,14:55:19,10.3,-0.01,93,95790,卖盘
54,14:55:15,10.31,--,526,542306,买盘
55,14:55:09,10.31,0.01,66,68046,买盘
56,14:55:00,10.3,-0.01,1,1030,卖盘
57,14:54:54,10.31,0.01,81,83511,买盘
58,14:54:49,10.3,--,11,11330,卖盘
59,14:54:45,10.3,-0.01,15,15450,卖盘
60,14:54:39,10.31,0.01,72,74232,买盘
61,14:54:34,10.3,--,27,27810,卖盘
62,14:54:24,10.3,--,49,50470,卖盘
63,14:54:19,10.3,-0.01,12,12360,卖盘
64,14:54:14,10.31,--,14,14434,买盘
65,14:54:09,10.31,--,153,157949,卖盘
66,14:54:04,10.31,--,148,152588,卖盘
67,14:53:59,10.31,-0.01,20,20620,卖盘
68,14:53:54,10.32,--,8,8256,买盘
69,14:53:49,10.32,--,17,17544,买盘
70,14:53:44,10.32,0.01,414,427248,买盘
71,14:53:34,10.31,--,3,3093,卖盘
72,14:53:29,10.31,-0.01,12,12372,卖盘
73,14:53:24,10.32,--,30,30960,买盘
74,14:53:19,10.32,0.01,81,83592,买盘
75,14:53:09,10.31,-0.01,47,48869,卖盘
76,14:53:04,10.32,0.01,1,1032,买盘
77,14:52:59,10.31,0.01,137,141659,买盘
78,14:52:54,10.3,-0.01,76,78280,卖盘
79,14:52:49,10.31,--,50,51550,买盘
80,14:52:44,10.31,--,41,42271,买盘
81,14:52:39,10.31,0.01,551,568081,买盘
82,14:52:29,10.3,-0.01,300,309000,卖盘
83,14:52:24,10.31,0.01,22,22682,买盘
84,14:52:19,10.3,--,224,230720,卖盘
85,14:52:09,10.3,--,87,89610,卖盘
86,14:51:59,10.3,--,6,6180,卖盘
87,14:51:54,10.3,--,37,38110,卖盘
88,14:51:49,10.3,--,28,28840,卖盘
89,14:51:34,10.3,--,180,185400,卖盘
90,14:51:28,10.3,-0.01,100,103000,卖盘
91,14:51:24,10.31,--,34,35054,卖盘
92,14:51:19,10.31,-0.01,84,86604,卖盘
93,14:51:13,10.32,0.02,241,248712,买盘
94,14:51:08,10.3,--,63,64890,卖盘
95,14:51:04,10.3,-0.01,106,109180,卖盘
96,14:50:58,10.31,--,52,53612,卖盘
97,14:50:53,10.31,0.01,485,500509,买盘
98,14:50:49,10.3,--,90,92700,卖盘
99,14:50:43,10.3,-0.01,149,153470,卖盘
100,14:50:38,10.31,0.01,65,67015,买盘
101,14:50:33,10.3,-0.01,373,384231,卖盘
102,14:50:23,10.31,0.01,70,72170,买盘
103,14:50:18,10.3,--,652,671560,卖盘
104,14:50:13,10.3,-0.01,427,439810,卖盘
105,14:50:09,10.31,0.01,260,268060,买盘
106,14:50:03,10.3,-0.01,22,22660,卖盘
107,14:49:54,10.31,-0.01,1635,1686241,卖盘
108,14:49:48,10.32,--,89,91848,买盘
109,14:49:43,10.32,--,1,1032,买盘
110,14:49:38,10.32,0.01,781,805992,买盘
111,14:49:33,10.31,--,52,54230,卖盘
112,14:49:18,10.31,--,116,119596,卖盘
113,14:49:08,10.31,-0.01,12,12372,卖盘
114,14:49:03,10.32,--,190,196080,买盘
115,14:48:53,10.32,--,80,82560,买盘
116,14:48:48,10.32,--,33,34056,买盘
117,14:48:38,10.32,--,11,11352,买盘
118,14:48:33,10.32,0.01,14,14448,买盘
119,14:48:28,10.31,--,11,11341,卖盘
120,14:48:23,10.31,--,101,104131,卖盘
121,14:48:18,10.31,-0.01,30,30930,卖盘
122,14:48:13,10.32,-0.01,10,10320,卖盘
123,14:48:03,10.33,0.01,21,21693,买盘
124,14:47:58,10.32,-0.01,510,526320,卖盘
125,14:47:53,10.33,--,61,63013,买盘
126,14:47:48,10.33,0.01,374,386445,买盘
127,14:47:43,10.32,--,24,24768,买盘
128,14:47:38,10.32,--,100,103200,买盘
129,14:47:33,10.32,--,23,23736,买盘
130,14:47:23,10.32,--,51,52632,买盘
131,14:47:18,10.32,0.01,19,19608,买盘
132,14:47:13,10.31,-0.01,60,61860,卖盘
133,14:47:08,10.32,--,10,10320,买盘
134,14:47:03,10.32,--,2,2064,买盘
135,14:46:58,10.32,0.01,38,39216,买盘
136,14:46:53,10.31,-0.01,10,10310,卖盘
137,14:46:48,10.32,--,74,76368,买盘
138,14:46:43,10.32,--,126,130032,买盘
139,14:46:23,10.32,--,27,27864,买盘
140,14:46:13,10.32,--,84,86688,买盘
141,14:46:02,10.32,0.01,35,36120,买盘
142,14:45:58,10.31,-0.01,48,49488,卖盘
143,14:45:48,10.32,--,68,70176,买盘
144,14:45:43,10.32,--,129,133128,买盘
145,14:45:38,10.32,0.01,12,12384,买盘
146,14:45:33,10.31,-0.01,10,10310,卖盘
147,14:45:28,10.32,--,231,238392,买盘
148,14:45:23,10.32,0.01,58,59856,买盘
149,14:45:13,10.31,-0.01,10,10310,卖盘
150,14:45:08,10.32,--,135,139320,买盘
151,14:45:03,10.32,--,15,15480,买盘
152,14:44:58,10.32,--,50,51600,买盘
153,14:44:48,10.32,--,80,82560,买盘
154,14:44:43,10.32,--,60,61920,买盘
155,14:44:38,10.32,0.01,20,20640,买盘
156,14:44:33,10.31,-0.01,10,10310,卖盘
157,14:44:28,10.32,0.01,79,81528,买盘
158,14:44:23,10.31,-0.01,95,97945,卖盘
159,14:44:18,10.32,--,285,294120,买盘
160,14:44:08,10.32,--,2,2064,买盘
161,14:44:03,10.32,--,115,118680,买盘
162,14:43:58,10.32,0.01,141,145512,买盘
163,14:43:53,10.31,-0.01,21,21651,卖盘
164,14:43:47,10.32,--,133,137256,买盘
165,14:43:43,10.32,0.01,115,118680,买盘
166,14:43:37,10.31,-0.01,76,78356,卖盘
167,14:43:32,10.32,--,56,57792,买盘
168,14:43:26,10.32,-0.01,217,224356,卖盘
169,14:43:22,10.33,--,7,7231,买盘
170,14:43:17,10.33,0.01,56,57848,买盘
171,14:43:12,10.32,0.01,363,375235,买盘
172,14:43:02,10.31,-0.01,68,70108,卖盘
173,14:42:57,10.32,--,15,15480,买盘
174,14:42:47,10.32,--,3,3096,买盘
175,14:42:42,10.32,--,63,65016,买盘
176,14:42:37,10.32,0.01,18,18576,买盘
177,14:42:27,10.31,-0.01,231,238161,卖盘
178,14:42:22,10.32,--,20,20640,买盘
179,14:42:17,10.32,0.01,162,167184,买盘
180,14:42:12,10.31,-0.01,110,113410,卖盘
181,14:42:07,10.32,--,5,5160,买盘
182,14:42:02,10.32,0.01,16,16512,中性盘
183,14:41:57,10.31,--,113,116503,卖盘
184,14:41:52,10.31,--,532,548492,卖盘
185,14:41:47,10.31,--,802,827645,卖盘
186,14:41:41,10.31,-0.01,261,269091,卖盘
187,14:41:37,10.32,--,6,6192,买盘
188,14:41:32,10.32,--,100,103200,买盘
189,14:41:27,10.32,--,625,645000,买盘
190,14:41:22,10.32,-0.01,5382,5555152,卖盘
191,14:41:17,10.33,--,170,176198,卖盘
192,14:41:12,10.33,-0.01,71,73343,卖盘
193,14:41:07,10.34,0.01,321,332710,买盘
194,14:41:02,10.33,--,28,28924,卖盘
195,14:40:57,10.33,--,188,194204,卖盘
196,14:40:52,10.33,--,39,40287,卖盘
197,14:40:47,10.33,--,256,264448,卖盘
198,14:40:42,10.33,--,100,103300,卖盘
199,14:40:37,10.33,--,48,49584,卖盘
200,14:40:32,10.33,-0.01,30,30990,卖盘
201,14:40:27,10.34,--,193,199562,买盘
202,14:40:17,10.34,--,359,371206,买盘
203,14:40:12,10.34,0.01,86,88924,买盘
204,14:40:07,10.33,--,76,78508,卖盘
205,14:40:02,10.33,--,11,11363,卖盘
206,14:39:57,10.33,--,149,153917,卖盘
207,14:39:47,10.33,--,247,255151,卖盘
208,14:39:42,10.33,--,10,10330,卖盘
209,14:39:37,10.33,-0.01,45,46485,卖盘
210,14:39:27,10.34,0.01,155,160270,买盘
211,14:39:22,10.33,--,31,32023,卖盘
212,14:39:17,10.33,-0.01,47,48551,卖盘
213,14:39:07,10.34,0.01,46,47564,买盘
214,14:39:02,10.33,-0.01,1,1033,卖盘
215,14:38:57,10.34,--,125,129250,买盘
216,14:38:47,10.34,--,392,405328,买盘
217,14:38:41,10.34,0.01,83,85822,买盘
218,14:38:37,10.33,-0.01,108,111564,卖盘
219,14:38:32,10.34,0.01,4,4136,买盘
220,14:38:27,10.33,--,48,49584,卖盘
221,14:38:22,10.33,--,15,15495,卖盘
222,14:38:17,10.33,--,47,48551,卖盘
223,14:38:11,10.33,-0.01,71,73343,卖盘
224,14:38:07,10.34,--,120,124080,买盘
225,14:38:02,10.34,0.01,1,1034,买盘
226,14:37:57,10.33,-0.01,63,65079,卖盘
227,14:37:52,10.34,0.01,1,1034,买盘
228,14:37:47,10.33,--,64,66112,卖盘
229,14:37:37,10.33,--,98,101234,卖盘
230,14:37:27,10.33,-0.01,85,87805,卖盘
231,14:37:22,10.34,0.01,102,105468,买盘
232,14:37:17,10.33,--,46,47518,卖盘
233,14:37:12,10.33,--,5,5165,卖盘
234,14:37:07,10.33,-0.01,1067,1102996,卖盘
235,14:37:02,10.34,0.01,126,130284,买盘
236,14:36:57,10.33,--,66,68178,卖盘
237,14:36:52,10.33,--,222,229326,卖盘
238,14:36:47,10.33,-0.01,45,46485,卖盘
239,14:36:42,10.34,0.01,45,46530,买盘
240,14:36:36,10.33,--,44,45452,卖盘
241,14:36:32,10.33,--,86,88838,卖盘
242,14:36:27,10.33,-0.01,54,55782,卖盘
243,14:36:21,10.34,0.01,301,311234,买盘
244,14:36:16,10.33,--,46,47518,卖盘
245,14:36:11,10.33,-0.01,16,16528,卖盘
246,14:36:02,10.34,--,103,106502,买盘
247,14:35:57,10.34,--,298,308132,卖盘
248,14:35:51,10.34,--,9,9306,卖盘
249,14:35:46,10.34,--,54,55836,卖盘
250,14:35:42,10.34,--,52,53768,卖盘
251,14:35:35,10.34,-0.01,49,50666,卖盘
252,14:35:26,10.35,0.01,104,107640,买盘
253,14:35:21,10.34,--,15,15510,卖盘
254,14:35:16,10.34,--,45,46530,卖盘
255,14:35:06,10.34,--,43,44462,卖盘
256,14:34:56,10.34,--,47,48598,卖盘
257,14:34:51,10.34,--,10,10340,卖盘
258,14:34:46,10.34,--,48,49632,卖盘
259,14:34:41,10.34,--,20,20680,卖盘
260,14:34:36,10.34,--,55,56870,卖盘
261,14:34:26,10.34,-0.01,10,10340,卖盘
262,14:34:21,10.35,--,62,64170,买盘
263,14:34:16,10.35,--,12,12420,卖盘
264,14:34:05,10.35,--,56,57960,卖盘
265,14:34:01,10.35,--,60,62100,卖盘
266,14:33:56,10.35,--,425,439875,买盘
267,14:33:51,10.35,0.01,108,111780,买盘
268,14:33:46,10.34,--,114,117876,卖盘
269,14:33:41,10.34,--,9,9306,卖盘
270,14:33:36,10.34,-0.01,45,46530,卖盘
271,14:33:26,10.35,0.01,128,132480,买盘
272,14:33:21,10.34,--,49,50666,买盘
273,14:33:16,10.34,0.01,12,12408,卖盘
274,14:33:11,10.33,-0.01,300,309900,卖盘
275,14:33:06,10.34,-0.01,55,56870,卖盘
276,14:32:56,10.35,0.01,45,46575,买盘
277,14:32:51,10.34,-0.01,1,1034,卖盘
278,14:32:46,10.35,0.01,59,61065,买盘
279,14:32:41,10.34,--,10,10340,卖盘
280,14:32:35,10.34,0.01,283,292622,买盘
281,14:32:26,10.33,-0.01,166,171478,卖盘
282,14:32:20,10.34,0.01,31,32054,买盘
283,14:32:16,10.33,-0.01,46,47518,卖盘
284,14:32:11,10.34,0.01,28,28952,买盘
285,14:32:06,10.33,-0.01,179,184907,卖盘
286,14:32:01,10.34,--,94,97196,买盘
287,14:31:56,10.34,--,77,79618,买盘
288,14:31:51,10.34,0.01,94,97196,买盘
289,14:31:46,10.33,-0.01,92,95036,卖盘
290,14:31:41,10.34,0.01,59,61006,买盘
291,14:31:35,10.33,-0.02,447,461751,卖盘
292,14:31:31,10.35,0.02,94,97290,买盘
293,14:31:26,10.33,--,84,86772,卖盘
294,14:31:21,10.33,--,28,28924,卖盘
295,14:31:16,10.33,-0.01,45,46485,卖盘
296,14:31:11,10.34,0.01,11,11374,买盘
297,14:31:06,10.33,--,59,60947,卖盘
298,14:31:01,10.33,--,41,42353,卖盘
299,14:30:56,10.33,--,50,51650,卖盘
300,14:30:51,10.33,--,15,15495,买盘
301,14:30:46,10.33,--,30,30990,买盘
302,14:30:41,10.33,-0.01,1298,1340834,卖盘
303,14:30:36,10.34,--,502,519068,买盘
304,14:30:31,10.34,0.01,20,20680,买盘
305,14:30:21,10.33,-0.01,202,208666,卖盘
306,14:30:16,10.34,--,64,66176,卖盘
307,14:30:06,10.34,--,101,104434,卖盘
308,14:30:01,10.34,--,10,10340,卖盘
309,14:29:56,10.34,--,43,44462,卖盘
310,14:29:45,10.34,--,50,51700,卖盘
311,14:29:41,10.34,--,17,17578,卖盘
312,14:29:36,10.34,--,76,78584,卖盘
313,14:29:30,10.34,--,2,2068,卖盘
314,14:29:26,10.34,-0.01,59,61006,卖盘
315,14:29:21,10.35,0.01,28,28980,买盘
316,14:29:14,10.34,--,148,153032,卖盘
317,14:29:10,10.34,--,15,15510,卖盘
318,14:29:06,10.34,--,44,45496,卖盘
319,14:29:00,10.34,--,30,31020,卖盘
320,14:28:55,10.34,--,61,63074,卖盘
321,14:28:51,10.34,--,250,258500,卖盘
322,14:28:45,10.34,-0.01,55,56870,卖盘
323,14:28:35,10.35,--,64,66240,卖盘
324,14:28:30,10.35,--,41,42435,卖盘
325,14:28:25,10.35,--,72,74520,卖盘
326,14:28:14,10.35,--,44,45540,卖盘
327,14:28:11,10.35,--,98,101430,卖盘
328,14:28:06,10.35,-0.01,95,98325,卖盘
329,14:28:00,10.36,0.01,60,62160,买盘
330,14:27:56,10.35,-0.01,63,65205,卖盘
331,14:27:51,10.36,0.01,59,61124,买盘
332,14:27:44,10.35,--,85,87975,卖盘
333,14:27:40,10.35,--,66,68310,卖盘
334,14:27:36,10.35,--,72,74520,卖盘
335,14:27:29,10.35,--,33,34155,卖盘
336,14:27:25,10.35,--,46,47610,卖盘
337,14:27:20,10.35,-0.01,16,16560,卖盘
338,14:27:15,10.36,0.01,90,93240,买盘
339,14:27:05,10.35,--,0,0,卖盘
340,14:26:59,10.35,--,113,116955,卖盘
341,14:26:55,10.35,-0.01,45,46575,卖盘
342,14:26:50,10.36,0.01,25,25900,买盘
343,14:26:45,10.35,--,72,74520,卖盘
344,14:26:35,10.35,-0.01,75,77625,卖盘
345,14:26:29,10.36,0.01,46,47656,买盘
346,14:26:25,10.35,-0.01,44,45540,卖盘
347,14:26:20,10.36,0.01,42,43512,买盘
348,14:26:14,10.35,-0.01,942,974970,卖盘
349,14:26:10,10.36,-0.02,10,10360,卖盘
350,14:26:05,10.38,0.01,146,151548,买盘
351,14:25:59,10.37,0.01,3,3110,买盘
352,14:25:55,10.36,--,46,47656,卖盘
353,14:25:50,10.36,--,2,2072,卖盘
354,14:25:44,10.36,--,47,48692,卖盘
355,14:25:40,10.36,--,13,13468,卖盘
356,14:25:35,10.36,--,46,47656,卖盘
357,14:25:25,10.36,-0.01,44,45584,卖盘
358,14:25:20,10.37,0.01,71,73627,买盘
359,14:25:14,10.36,--,212,219632,卖盘
360,14:24:59,10.36,--,0,0,卖盘
361,14:24:55,10.36,-0.02,45,46620,卖盘
362,14:24:50,10.38,0.01,94,97572,买盘
363,14:24:45,10.37,--,57,59108,买盘
364,14:24:40,10.37,0.01,10,10370,买盘
365,14:24:35,10.36,--,88,91168,卖盘
366,14:24:30,10.36,--,42,43512,卖盘
367,14:24:25,10.36,--,0,0,卖盘
368,14:24:15,10.36,-0.02,55,56980,卖盘
369,14:24:10,10.38,0.02,28,29064,买盘
370,14:24:05,10.36,--,47,48692,卖盘
371,14:23:55,10.36,--,44,45584,卖盘
372,14:23:50,10.36,-0.02,20,20720,卖盘
373,14:23:44,10.38,0.01,248,257424,买盘
374,14:23:35,10.37,-0.01,29,30072,中性盘
375,14:23:29,10.38,--,18,18684,买盘
376,14:23:25,10.38,0.02,102,105876,买盘
377,14:23:20,10.36,--,4,4144,卖盘
378,14:23:14,10.36,-0.01,108,111888,卖盘
379,14:23:10,10.37,0.01,72,74664,买盘
380,14:23:05,10.36,--,89,92204,卖盘
381,14:22:59,10.36,-0.01,20,20720,卖盘
382,14:22:55,10.37,--,54,55997,买盘
383,14:22:50,10.37,0.01,347,359839,买盘
384,14:22:44,10.36,-0.01,71,73556,卖盘
385,14:22:40,10.37,0.01,74,76738,买盘
386,14:22:35,10.36,-0.01,106,110230,卖盘
387,14:22:30,10.37,--,74,76738,买盘
388,14:22:23,10.37,--,74,76738,买盘
389,14:22:20,10.37,--,183,189771,买盘
390,14:22:15,10.37,--,71,73627,买盘
391,14:22:08,10.37,--,46,47702,买盘
392,14:22:05,10.37,--,73,75701,买盘
393,14:21:59,10.37,0.01,120,124439,买盘
394,14:21:54,10.36,-0.01,72,74592,卖盘
395,14:21:50,10.37,--,30,31109,买盘
396,14:21:45,10.37,--,178,184586,买盘
397,14:21:39,10.37,0.01,1,1037,买盘
398,14:21:35,10.36,-0.01,74,76664,卖盘
399,14:21:29,10.37,0.01,43,44591,买盘
400,14:21:24,10.36,--,323,334628,卖盘
401,14:21:20,10.36,--,41,42476,卖盘
402,14:21:14,10.36,--,258,267909,买盘
403,14:21:08,10.36,0.01,69,71484,买盘
404,14:21:05,10.35,--,50,51750,卖盘
405,14:20:53,10.35,-0.01,142,146970,卖盘
406,14:20:45,10.36,--,1,1036,买盘
407,14:20:38,10.36,--,40,41854,卖盘
408,14:20:34,10.36,-0.01,86,89096,卖盘
409,14:20:30,10.37,0.01,1053,1091961,买盘
410,14:20:23,10.36,--,79,81844,卖盘
411,14:20:14,10.36,-0.01,46,47656,卖盘
412,14:20:09,10.37,0.01,50,51849,买盘
413,14:20:04,10.36,-0.01,73,75628,卖盘
414,14:19:59,10.37,0.01,18,18666,买盘
415,14:19:54,10.36,-0.01,54,55944,卖盘
416,14:19:50,10.37,0.01,183,189771,买盘
417,14:19:44,10.36,--,47,48692,卖盘
418,14:19:38,10.36,--,15,15540,卖盘
419,14:19:35,10.36,-0.01,123,127428,卖盘
420,14:19:29,10.37,0.01,28,29035,买盘
421,14:19:23,10.36,-0.01,44,45584,卖盘
422,14:19:20,10.37,0.01,1,1037,买盘
423,14:19:14,10.36,-0.01,46,47656,卖盘
424,14:19:09,10.37,0.01,28,29035,买盘
425,14:19:04,10.36,--,44,45584,卖盘
426,14:18:59,10.36,--,224,232064,卖盘
427,14:18:53,10.36,--,71,73556,卖盘
428,14:18:49,10.36,-0.01,20,20720,卖盘
429,14:18:44,10.37,--,74,76738,买盘
430,14:18:38,10.37,0.01,114,118217,买盘
431,14:18:34,10.36,--,57,59052,卖盘
432,14:18:29,10.36,--,53,54908,卖盘
433,14:18:23,10.36,--,46,47656,卖盘
434,14:18:14,10.36,-0.01,54,55944,卖盘
435,14:18:08,10.37,0.01,26,26961,买盘
436,14:18:04,10.36,--,44,45584,卖盘
437,14:17:53,10.36,--,50,51800,卖盘
438,14:17:44,10.36,--,45,46620,卖盘
439,14:17:38,10.36,-0.02,43,44548,卖盘
440,14:17:34,10.38,0.02,28,29064,买盘
441,14:17:29,10.36,--,10,10360,卖盘
442,14:17:23,10.36,-0.01,97,100492,卖盘
443,14:17:14,10.37,0.01,80,82960,买盘
444,14:17:09,10.36,--,58,60088,卖盘
445,14:17:04,10.36,--,69,71484,卖盘
446,14:16:59,10.36,--,31,32116,卖盘
447,14:16:53,10.36,--,46,47656,卖盘
448,14:16:48,10.36,--,1,1036,卖盘
449,14:16:44,10.36,-0.01,54,55944,卖盘
450,14:16:38,10.37,0.01,65,67405,买盘
451,14:16:34,10.36,--,43,44548,卖盘
452,14:16:23,10.36,--,49,50764,卖盘
453,14:16:19,10.36,-0.01,63,65268,卖盘
454,14:16:14,10.37,--,74,76738,买盘
455,14:16:04,10.37,--,85,88145,买盘
456,14:15:59,10.37,0.01,41,42517,买盘
457,14:15:53,10.36,--,0,0,卖盘
458,14:15:44,10.36,--,79,81844,卖盘
459,14:15:38,10.36,--,137,141932,卖盘
460,14:15:29,10.36,--,139,144004,卖盘
461,14:15:23,10.36,-0.01,53,54908,卖盘
462,14:15:17,10.37,0.01,20,20740,买盘
463,14:15:14,10.36,-0.02,53,54908,卖盘
464,14:15:08,10.38,0.02,74,76812,买盘
465,14:15:02,10.36,-0.02,55,56980,卖盘
466,14:14:59,10.38,0.01,67,69546,买盘
467,14:14:53,10.37,-0.01,279,289323,卖盘
468,14:14:47,10.38,--,59,61242,买盘
469,14:14:44,10.38,0.01,456,473328,买盘
470,14:14:38,10.37,0.01,33,34221,买盘
471,14:14:32,10.36,-0.01,71,73556,卖盘
472,14:14:23,10.37,0.01,22,22814,卖盘
473,14:14:17,10.36,-0.01,30,31080,卖盘
474,14:14:14,10.37,-0.01,73,75701,中性盘
475,14:14:08,10.38,0.02,298,309324,买盘
476,14:14:02,10.36,--,70,72520,卖盘
477,14:13:59,10.36,-0.01,157,162652,卖盘
478,14:13:53,10.37,-0.01,108,111995,卖盘
479,14:13:47,10.38,--,171,177498,买盘
480,14:13:44,10.38,0.01,18,18684,买盘
481,14:13:38,10.37,--,4,4148,卖盘
482,14:13:32,10.37,--,117,121328,买盘
483,14:13:29,10.37,0.01,8,8296,买盘
484,14:13:23,10.36,-0.02,43,45169,卖盘
485,14:13:17,10.38,0.01,103,106914,买盘
486,14:13:13,10.37,--,55,57034,买盘
487,14:13:08,10.37,0.01,8,8296,买盘
488,14:13:02,10.36,--,52,53872,卖盘
489,14:12:59,10.36,--,56,58016,卖盘
490,14:12:53,10.36,--,48,49728,卖盘
491,14:12:47,10.36,-0.02,44,45584,卖盘
492,14:12:43,10.38,0.02,74,76812,买盘
493,14:12:38,10.36,--,86,89096,卖盘
494,14:12:32,10.36,--,160,165760,卖盘
495,14:12:23,10.36,--,48,49728,卖盘
496,14:12:17,10.36,-0.01,44,45584,卖盘
497,14:12:13,10.37,0.01,1,1037,买盘
498,14:12:08,10.36,--,147,152292,卖盘
499,14:12:02,10.36,--,44,45584,卖盘
500,14:11:53,10.36,-0.01,162,167832,卖盘
501,14:11:47,10.37,-0.01,52,53923,买盘
502,14:11:43,10.38,--,0,0,买盘
503,14:11:38,10.38,0.02,148,153624,买盘
504,14:11:32,10.36,-0.01,167,173012,卖盘
505,14:11:28,10.37,--,5,5185,买盘
506,14:11:23,10.37,--,3928,4074269,卖盘
507,14:11:17,10.37,-0.01,196,203251,卖盘
508,14:11:13,10.38,0.01,57,59166,买盘
509,14:11:08,10.37,--,20,20740,卖盘
510,14:11:02,10.37,-0.01,45,46665,卖盘
511,14:10:58,10.38,--,2,2076,买盘
512,14:10:53,10.38,0.01,138,143244,买盘
513,14:10:47,10.37,--,225,233324,卖盘
514,14:10:38,10.37,--,41,43035,卖盘
515,14:10:32,10.37,-0.01,55,57034,卖盘
516,14:10:28,10.38,0.01,84,87192,买盘
517,14:10:23,10.37,-0.01,94,97477,卖盘
518,14:10:17,10.38,--,78,80964,买盘
519,14:10:13,10.38,0.01,5,5190,买盘
520,14:10:02,10.37,-0.01,44,45628,卖盘
521,14:09:53,10.38,--,56,58128,买盘
522,14:09:47,10.38,--,8,8304,买盘
523,14:09:43,10.38,--,241,250158,卖盘
524,14:09:38,10.38,--,115,119370,卖盘
525,14:09:32,10.38,--,139,144282,卖盘
526,14:09:23,10.38,--,105,108990,卖盘
527,14:09:17,10.38,--,119,123522,卖盘
528,14:09:13,10.38,--,52,53976,卖盘
529,14:09:08,10.38,--,51,52938,卖盘
530,14:09:02,10.38,-0.01,79,82002,卖盘
531,14:08:58,10.39,0.01,9,9351,买盘
532,14:08:53,10.38,-0.01,146,151548,卖盘
533,14:08:47,10.39,0.01,7,7273,买盘
534,14:08:43,10.38,-0.01,44,45672,卖盘
535,14:08:38,10.39,0.01,50,51950,买盘
536,14:08:32,10.38,--,44,45672,卖盘
537,14:08:23,10.38,-0.01,44,45672,卖盘
538,14:08:17,10.39,0.01,7,7273,买盘
539,14:08:11,10.38,-0.01,45,46710,卖盘
540,14:08:08,10.39,0.01,3,3117,买盘
541,14:08:02,10.38,--,1181,1225878,卖盘
542,14:07:53,10.38,-0.01,68,70584,卖盘
543,14:07:47,10.39,0.01,6,6234,买盘
544,14:07:41,10.38,--,46,47748,卖盘
545,14:07:38,10.38,--,30,31140,卖盘
546,14:07:32,10.38,--,57,59166,卖盘
547,14:07:23,10.38,--,46,47748,卖盘
548,14:07:17,10.38,-0.01,10,10380,卖盘
549,14:07:11,10.39,--,136,141304,买盘
550,14:07:08,10.39,0.01,94,97666,买盘
551,14:07:02,10.38,--,54,56052,卖盘
552,14:06:56,10.38,--,78,80964,卖盘
553,14:06:53,10.38,-0.01,54,56052,卖盘
554,14:06:47,10.39,0.01,17,17663,买盘
555,14:06:41,10.38,-0.01,46,47748,卖盘
556,14:06:32,10.39,0.01,197,204683,买盘
557,14:06:23,10.38,-0.01,45,46710,卖盘
558,14:06:17,10.39,0.01,126,130914,买盘
559,14:06:11,10.38,-0.01,55,57090,卖盘
560,14:06:08,10.39,0.01,9,9351,买盘
561,14:06:02,10.38,-0.01,254,263652,卖盘
562,14:05:56,10.39,0.01,400,415600,买盘
563,14:05:53,10.38,--,47,48786,卖盘
564,14:05:47,10.38,-0.01,11,11418,卖盘
565,14:05:41,10.39,0.01,49,50911,买盘
566,14:05:32,10.38,--,45,46710,卖盘
567,14:05:26,10.38,-0.01,45,46710,卖盘
568,14:05:17,10.39,0.01,6,6234,买盘
569,14:05:11,10.38,-0.01,203,210714,卖盘
570,14:05:08,10.39,0.01,12,12468,买盘
571,14:05:02,10.38,--,44,45672,卖盘
572,14:04:56,10.38,-0.01,46,47748,卖盘
573,14:04:47,10.39,0.01,6,6234,买盘
574,14:04:41,10.38,--,47,48786,卖盘
575,14:04:32,10.38,-0.01,44,45672,卖盘
576,14:04:26,10.39,--,436,453004,买盘
577,14:04:17,10.39,0.01,13,13507,买盘
578,14:04:11,10.38,--,253,262614,卖盘
579,14:04:07,10.38,--,12,12456,卖盘
580,14:04:02,10.38,--,52,53976,卖盘
581,14:03:56,10.38,--,60,62280,卖盘
582,14:03:52,10.38,-0.01,10,10380,卖盘
583,14:03:47,10.39,0.01,13,13507,买盘
584,14:03:41,10.38,--,128,132864,卖盘
585,14:03:37,10.38,-0.01,24,24912,卖盘
586,14:03:32,10.39,0.01,129,134031,买盘
587,14:03:26,10.38,-0.01,45,46710,卖盘
588,14:03:17,10.39,0.01,86,89354,买盘
589,14:03:11,10.38,--,180,186840,卖盘
590,14:03:07,10.38,--,1,1038,卖盘
591,14:03:02,10.38,-0.01,56,58128,卖盘
592,14:02:56,10.39,--,112,116368,买盘
593,14:02:52,10.39,0.01,204,211956,买盘
594,14:02:47,10.38,--,220,228360,卖盘
595,14:02:41,10.38,-0.01,170,176667,卖盘
596,14:02:37,10.39,0.01,93,96627,买盘
597,14:02:32,10.38,-0.01,104,107952,卖盘
598,14:02:26,10.39,--,116,120524,买盘
599,14:02:21,10.39,--,1,1039,买盘
600,14:02:16,10.39,--,48,49872,买盘
601,14:02:11,10.39,0.01,109,113251,买盘
602,14:02:07,10.38,--,94,97572,卖盘
603,14:02:02,10.38,--,92,95496,卖盘
604,14:01:56,10.38,--,89,92382,卖盘
605,14:01:52,10.38,--,150,156115,卖盘
606,14:01:47,10.38,--,102,105876,卖盘
607,14:01:41,10.38,--,159,165042,卖盘
608,14:01:37,10.38,--,25,25950,卖盘
609,14:01:32,10.38,-0.01,119,123522,卖盘
610,14:01:26,10.39,0.01,169,175591,买盘
611,14:01:22,10.38,-0.01,10,10380,卖盘
612,14:01:17,10.39,0.01,10,10390,买盘
613,14:01:11,10.38,--,104,107952,卖盘
614,14:01:01,10.38,--,1045,1084710,卖盘
615,14:00:56,10.38,--,44,45672,卖盘
616,14:00:50,10.38,--,18,18684,卖盘
617,14:00:46,10.38,--,12,12456,卖盘
618,14:00:41,10.38,--,47,48786,卖盘
619,14:00:35,10.38,-0.01,1,1038,卖盘
620,14:00:31,10.39,0.01,76,78964,买盘
621,14:00:26,10.38,--,49,50862,卖盘
622,14:00:16,10.38,--,88,91344,卖盘
623,14:00:11,10.38,-0.01,141,146358,卖盘
624,14:00:05,10.39,0.01,3,3117,买盘
625,14:00:01,10.38,-0.01,134,139092,卖盘
626,13:59:56,10.39,0.01,125,129875,买盘
627,13:59:41,10.38,--,135,140130,卖盘
628,13:59:32,10.38,-0.01,59,61242,卖盘
629,13:59:26,10.39,0.01,79,82081,买盘
630,13:59:20,10.38,--,80,83040,卖盘
631,13:59:11,10.38,--,47,48786,卖盘
632,13:59:02,10.38,--,119,123522,卖盘
633,13:58:56,10.38,-0.01,44,45672,卖盘
634,13:58:46,10.39,0.01,146,151694,买盘
635,13:58:41,10.38,--,53,55014,卖盘
636,13:58:35,10.38,--,458,475404,卖盘
637,13:58:31,10.38,--,155,160890,卖盘
638,13:58:26,10.38,--,55,57090,卖盘
639,13:58:20,10.38,--,8,8304,卖盘
640,13:58:11,10.38,-0.01,46,47748,卖盘
641,13:58:05,10.39,0.01,20,20780,买盘
642,13:58:02,10.38,--,46,47748,卖盘
643,13:57:56,10.38,-0.01,43,44634,卖盘
644,13:57:46,10.39,0.01,1035,1075365,买盘
645,13:57:41,10.38,--,45,46710,卖盘
646,13:57:35,10.38,-0.01,45,46710,卖盘
647,13:57:31,10.39,0.01,1,1039,买盘
648,13:57:26,10.38,-0.01,46,47748,卖盘
649,13:57:20,10.39,0.01,1,1039,买盘
650,13:57:16,10.38,--,35,36330,卖盘
651,13:57:11,10.38,-0.01,206,213828,卖盘
652,13:57:05,10.39,0.01,127,131953,买盘
653,13:56:56,10.38,--,133,138054,卖盘
654,13:56:50,10.38,--,30,31140,卖盘
655,13:56:46,10.38,--,200,207600,卖盘
656,13:56:41,10.38,--,134,139092,卖盘
657,13:56:35,10.38,--,180,186840,卖盘
658,13:56:31,10.38,--,99,102762,卖盘
659,13:56:26,10.38,--,141,146358,卖盘
660,13:56:16,10.38,--,20,20760,卖盘
661,13:56:11,10.38,-0.01,56,58128,卖盘
662,13:56:05,10.39,0.01,130,135662,买盘
663,13:56:01,10.38,0.01,10,10380,买盘
664,13:55:55,10.37,-0.01,127,131699,卖盘
665,13:55:50,10.38,--,12,12456,买盘
666,13:55:46,10.38,0.01,169,175422,买盘
667,13:55:41,10.37,-0.01,60,62219,卖盘
668,13:55:34,10.38,0.01,197,204486,买盘
669,13:55:26,10.37,-0.01,256,265472,卖盘
670,13:55:20,10.38,--,74,76812,买盘
671,13:55:16,10.38,0.01,28,29064,买盘
672,13:55:11,10.37,--,251,260286,卖盘
673,13:55:05,10.37,--,211,218806,卖盘
674,13:55:01,10.37,--,93,96441,卖盘
675,13:54:56,10.37,--,47,48738,卖盘
676,13:54:50,10.37,--,20,20740,卖盘
677,13:54:41,10.37,--,84,87108,卖盘
678,13:54:35,10.37,--,84,87108,卖盘
679,13:54:31,10.37,--,10,10370,卖盘
680,13:54:25,10.37,-0.01,104,107847,卖盘
681,13:54:20,10.38,--,429,445302,买盘
682,13:54:16,10.38,--,97,100686,买盘
683,13:54:10,10.38,--,375,389696,卖盘
684,13:54:05,10.38,--,118,122484,卖盘
685,13:53:59,10.38,--,3,3114,卖盘
686,13:53:50,10.38,-0.01,146,151548,卖盘
687,13:53:44,10.39,0.01,60,62340,买盘
688,13:53:40,10.38,--,116,120408,卖盘
689,13:53:35,10.38,0.01,374,388803,买盘
690,13:53:29,10.37,--,1,1037,卖盘
691,13:53:25,10.37,--,44,45628,卖盘
692,13:53:14,10.37,--,10,10370,卖盘
693,13:53:10,10.37,--,46,47702,卖盘
694,13:53:05,10.37,--,46,47702,卖盘
695,13:52:50,10.37,--,689,714493,卖盘
696,13:52:40,10.37,--,43,44591,卖盘
697,13:52:35,10.37,-0.01,47,48738,卖盘
698,13:52:29,10.38,0.01,84,87192,买盘
699,13:52:19,10.37,--,149,155135,买盘
700,13:52:05,10.37,--,21,22191,卖盘
701,13:51:59,10.37,--,35,36295,卖盘
702,13:51:55,10.37,--,50,51849,卖盘
703,13:51:50,10.37,--,48,49775,卖盘
704,13:51:40,10.37,--,45,46665,卖盘
705,13:51:35,10.37,-0.01,45,46665,卖盘
706,13:51:29,10.38,0.01,8,8304,买盘
707,13:51:19,10.37,--,47,48738,卖盘
708,13:51:14,10.37,-0.01,24,24887,卖盘
709,13:51:10,10.38,0.01,62,64356,买盘
710,13:51:05,10.37,--,43,44591,卖盘
711,13:50:55,10.37,--,122,126513,卖盘
712,13:50:50,10.37,--,45,46665,卖盘
713,13:50:44,10.37,--,1,1037,卖盘
714,13:50:40,10.37,--,56,58071,卖盘
715,13:50:35,10.37,-0.01,47,48738,卖盘
716,13:50:25,10.38,0.01,103,106914,买盘
717,13:50:20,10.37,--,125,129624,卖盘
718,13:50:10,10.37,-0.01,44,45628,卖盘
719,13:50:05,10.38,--,63,65394,买盘
720,13:49:55,10.38,0.01,112,116256,买盘
721,13:49:50,10.37,-0.01,43,44591,卖盘
722,13:49:44,10.38,0.01,111,115218,买盘
723,13:49:40,10.37,--,140,145180,卖盘
724,13:49:34,10.37,--,46,47702,卖盘
725,13:49:29,10.37,--,122,126513,卖盘
726,13:49:20,10.37,--,157,162809,卖盘
727,13:49:10,10.37,--,127,131699,卖盘
728,13:49:05,10.37,--,44,45628,卖盘
729,13:48:55,10.37,--,5,5807,卖盘
730,13:48:50,10.37,--,46,47702,卖盘
731,13:48:44,10.37,--,44,45628,卖盘
732,13:48:34,10.37,--,44,45628,卖盘
733,13:48:20,10.37,--,387,401318,卖盘
734,13:48:13,10.37,--,47,48738,卖盘
735,13:48:10,10.37,-0.01,1,1037,卖盘
736,13:48:04,10.38,--,68,70584,买盘
737,13:47:55,10.38,--,9,9342,买盘
738,13:47:50,10.38,--,248,257870,卖盘
739,13:47:44,10.38,-0.01,207,214866,卖盘
740,13:47:35,10.39,--,45,46755,买盘
741,13:47:29,10.39,0.01,1,1039,买盘
742,13:47:20,10.38,--,245,254310,卖盘
743,13:47:14,10.38,-0.01,108,112104,卖盘
744,13:47:10,10.39,0.01,1,1039,买盘
745,13:47:05,10.38,0.01,1424,1478703,买盘
746,13:46:55,10.37,--,141,146217,卖盘
747,13:46:50,10.37,-0.01,42,43554,卖盘
748,13:46:44,10.38,0.01,158,164004,买盘
749,13:46:34,10.37,-0.01,47,48738,卖盘
750,13:46:29,10.38,--,1,1038,买盘
751,13:46:25,10.38,0.01,90,93420,买盘
752,13:46:20,10.37,--,46,47702,卖盘
753,13:46:14,10.37,0.01,44,45628,中性盘
754,13:46:07,10.36,-0.01,450,466200,卖盘
755,13:46:05,10.37,--,45,46665,卖盘
756,13:45:59,10.37,--,291,301767,买盘
757,13:45:50,10.37,--,120,124439,买盘
758,13:45:44,10.37,-0.01,42,44331,卖盘
759,13:45:38,10.38,0.01,95,98869,买盘
760,13:45:34,10.37,--,238,246805,卖盘
761,13:45:29,10.37,-0.01,228,236435,卖盘
762,13:45:22,10.38,0.01,21,21798,买盘
763,13:45:19,10.37,-0.01,105,108884,卖盘
764,13:45:14,10.38,0.01,187,194106,买盘
765,13:45:07,10.37,--,37,38369,买盘
766,13:45:04,10.37,--,112,116143,卖盘
767,13:44:59,10.37,--,208,215695,买盘
768,13:44:53,10.37,--,47,48738,买盘
769,13:44:49,10.37,0.01,37,38369,买盘
770,13:44:43,10.36,-0.02,4,4144,卖盘
771,13:44:38,10.38,--,84,87192,买盘
772,13:44:34,10.38,--,84,87192,买盘
773,13:44:29,10.38,0.01,521,540798,买盘
774,13:44:19,10.37,-0.01,52,53923,卖盘
775,13:44:14,10.38,0.01,72,74736,买盘
776,13:44:07,10.37,--,28,29035,买盘
777,13:44:04,10.37,-0.01,111,115106,中性盘
778,13:43:58,10.38,--,99,102762,买盘
779,13:43:53,10.38,--,9,9342,买盘
780,13:43:49,10.38,--,149,154662,买盘
781,13:43:44,10.38,--,171,177498,买盘
782,13:43:38,10.38,--,28,29064,买盘
783,13:43:34,10.38,0.01,356,369528,买盘
784,13:43:29,10.37,--,220,228139,买盘
785,13:43:23,10.37,--,33,34221,买盘
786,13:43:19,10.37,--,242,250953,买盘
787,13:43:13,10.37,0.01,311,322507,买盘
788,13:43:04,10.36,--,135,139860,买盘
789,13:42:58,10.36,--,389,403004,买盘
790,13:42:53,10.36,0.01,96,99456,买盘
791,13:42:49,10.35,--,80,82800,卖盘
792,13:42:43,10.35,--,98,101430,卖盘
793,13:42:38,10.35,--,142,147456,买盘
794,13:42:34,10.35,--,338,349830,买盘
795,13:42:28,10.35,--,813,841455,买盘
796,13:42:23,10.35,0.01,15,15525,买盘
797,13:42:19,10.34,-0.01,56,57904,卖盘
798,13:42:13,10.35,--,166,171810,买盘
799,13:42:04,10.35,--,56,57960,买盘
800,13:41:59,10.35,--,58,60030,买盘
801,13:41:52,10.35,--,11,11385,买盘
802,13:41:49,10.35,--,84,86940,买盘
803,13:41:44,10.35,--,132,136620,买盘
804,13:41:37,10.35,--,230,238050,买盘
805,13:41:34,10.35,--,173,179055,买盘
806,13:41:29,10.35,--,161,166635,买盘
807,13:41:23,10.35,--,74,76590,买盘
808,13:41:19,10.35,--,30,31050,买盘
809,13:41:08,10.35,--,100,103500,买盘
810,13:41:04,10.35,--,243,252529,卖盘
811,13:40:59,10.35,--,32,33120,卖盘
812,13:40:53,10.35,--,44,45540,卖盘
813,13:40:49,10.35,-0.01,839,868365,卖盘
814,13:40:44,10.36,--,493,510748,买盘
815,13:40:38,10.36,0.01,2,2072,买盘
816,13:40:34,10.35,--,46,47610,卖盘
817,13:40:23,10.35,--,51,52785,卖盘
818,13:40:14,10.35,-0.01,145,150075,卖盘
819,13:40:07,10.36,0.01,66,68376,买盘
820,13:40:03,10.35,--,5,5185,卖盘
821,13:39:58,10.35,-0.01,47,48645,卖盘
822,13:39:53,10.36,0.01,180,186480,买盘
823,13:39:44,10.35,--,46,47610,卖盘
824,13:39:33,10.35,-0.01,44,45540,卖盘
825,13:39:29,10.36,0.01,165,170940,买盘
826,13:39:22,10.35,--,45,46575,卖盘
827,13:39:19,10.35,--,10,10350,卖盘
828,13:39:13,10.35,-0.01,66,68310,卖盘
829,13:39:02,10.36,0.01,103,106708,买盘
830,13:38:53,10.35,-0.01,94,97290,卖盘
831,13:38:43,10.36,--,154,159544,买盘
832,13:38:38,10.36,--,100,103600,买盘
833,13:38:32,10.36,0.01,120,124320,买盘
834,13:38:28,10.35,-0.01,46,47610,卖盘
835,13:38:22,10.36,0.01,94,97384,买盘
836,13:38:16,10.35,-0.01,20,20700,卖盘
837,13:38:13,10.36,0.01,107,110852,买盘
838,13:38:08,10.35,--,105,108675,卖盘
839,13:38:02,10.35,--,46,47610,卖盘
840,13:37:58,10.35,-0.01,8,8280,卖盘
841,13:37:43,10.36,-0.01,2600,2694625,卖盘
842,13:37:37,10.37,0.01,12,12443,买盘
843,13:37:32,10.36,--,54,55944,卖盘
844,13:37:28,10.36,--,46,47656,卖盘
845,13:37:23,10.36,-0.01,55,56980,卖盘
846,13:37:17,10.37,--,1,1037,买盘
847,13:37:13,10.37,--,121,125476,买盘
848,13:37:07,10.37,0.01,229,237472,买盘
849,13:37:02,10.36,--,47,48692,卖盘
850,13:36:58,10.36,--,43,44548,卖盘
851,13:36:53,10.36,-0.01,56,58223,卖盘
852,13:36:43,10.37,0.01,84,87108,买盘
853,13:36:28,10.36,--,75,77700,卖盘
854,13:36:22,10.36,-0.01,94,97384,卖盘
855,13:36:16,10.37,--,38,39406,买盘
856,13:36:13,10.37,--,50,51849,买盘
857,13:36:08,10.37,--,74,76738,买盘
858,13:36:02,10.37,0.01,20,20740,买盘
859,13:35:58,10.36,-0.01,133,137788,卖盘
860,13:35:52,10.37,0.01,226,234361,买盘
861,13:35:47,10.36,-0.01,54,55944,卖盘
862,13:35:43,10.37,0.01,181,187697,买盘
863,13:35:38,10.36,-0.01,0,10,卖盘
864,13:35:31,10.37,0.01,184,190808,买盘
865,13:35:28,10.36,-0.01,94,97384,卖盘
866,13:35:16,10.37,--,9,9333,买盘
867,13:35:13,10.37,-0.01,194,201219,卖盘
868,13:35:07,10.38,0.01,125,129750,买盘
869,13:35:02,10.37,--,20,20740,卖盘
870,13:34:58,10.37,--,95,98514,卖盘
871,13:34:52,10.37,--,170,177285,买盘
872,13:34:47,10.37,--,100,103699,买盘
873,13:34:43,10.37,--,54,55997,买盘
874,13:34:37,10.37,0.01,79,81923,买盘
875,13:34:32,10.36,-0.01,49,50764,卖盘
876,13:34:28,10.37,--,100,103699,买盘
877,13:34:22,10.37,--,482,499833,买盘
878,13:34:16,10.37,--,20,20740,买盘
879,13:34:13,10.37,0.01,83,86071,买盘
880,13:34:07,10.36,-0.01,155,160621,卖盘
881,13:34:01,10.37,-0.01,43,44591,卖盘
882,13:33:58,10.38,0.01,55,57090,买盘
883,13:33:52,10.37,--,82,86029,买盘
884,13:33:47,10.37,--,174,180438,买盘
885,13:33:43,10.37,--,645,668865,买盘
886,13:33:37,10.37,--,74,76738,买盘
887,13:33:28,10.37,--,91,94367,买盘
888,13:33:23,10.37,-0.01,1114,1155259,卖盘
889,13:33:16,10.38,0.01,78,80964,买盘
890,13:33:13,10.37,--,44,45628,卖盘
891,13:33:08,10.37,0.01,1026,1064957,买盘
892,13:33:02,10.36,-0.01,145,150220,卖盘
893,13:32:58,10.37,--,100,103699,买盘
894,13:32:52,10.37,--,241,249916,买盘
895,13:32:46,10.37,--,105,108884,买盘
896,13:32:43,10.37,0.01,146,151402,买盘
897,13:32:31,10.36,--,44,45584,卖盘
898,13:32:22,10.36,-0.01,44,45584,卖盘
899,13:32:12,10.37,--,121,125476,买盘
900,13:32:07,10.37,--,23,23851,买盘
901,13:32:01,10.37,--,120,124439,买盘
902,13:31:55,10.37,0.01,20,20740,买盘
903,13:31:52,10.36,--,117,121212,卖盘
904,13:31:47,10.36,--,10,10360,卖盘
905,13:31:40,10.36,-0.01,44,45584,卖盘
906,13:31:37,10.37,--,194,201177,买盘
907,13:31:31,10.37,--,152,157624,买盘
908,13:31:25,10.37,0.01,56,58071,买盘
909,13:31:22,10.36,--,47,48692,卖盘
910,13:31:16,10.36,-0.01,15,15540,卖盘
911,13:31:11,10.37,--,46,47702,买盘
912,13:31:07,10.37,0.01,234,242657,买盘
913,13:31:01,10.36,--,43,44548,卖盘
914,13:30:52,10.36,--,66,68376,卖盘
915,13:30:47,10.36,--,55,56980,卖盘
916,13:30:40,10.36,--,104,108572,买盘
917,13:30:37,10.36,--,340,352447,卖盘
918,13:30:31,10.36,--,79,81844,卖盘
919,13:30:25,10.36,-0.01,5,5180,卖盘
920,13:30:22,10.37,0.01,173,179401,买盘
921,13:30:16,10.36,--,126,130536,卖盘
922,13:30:11,10.36,--,46,47656,卖盘
923,13:30:07,10.36,-0.01,25,25900,卖盘
924,13:30:01,10.37,0.01,121,125476,买盘
925,13:29:52,10.36,-0.01,333,344988,卖盘
926,13:29:46,10.37,0.01,107,110958,买盘
927,13:29:41,10.36,--,44,45584,卖盘
928,13:29:37,10.36,--,41,42476,卖盘
929,13:29:31,10.36,-0.01,98,101528,卖盘
930,13:29:25,10.37,--,94,97477,买盘
931,13:29:22,10.37,--,222,230670,卖盘
932,13:29:17,10.37,-0.01,139,144143,卖盘
933,13:29:11,10.38,0.01,94,97572,买盘
934,13:29:07,10.37,--,138,143106,卖盘
935,13:29:01,10.37,--,44,46208,卖盘
936,13:28:55,10.37,--,5,5185,卖盘
937,13:28:52,10.37,-0.01,86,89182,买盘
938,13:28:46,10.38,0.01,10,10380,买盘
939,13:28:40,10.37,--,135,139995,买盘
940,13:28:37,10.37,0.01,25,25924,买盘
941,13:28:31,10.36,-0.01,44,45584,卖盘
942,13:28:22,10.37,-0.01,64,66368,卖盘
943,13:28:16,10.38,--,10,10380,买盘
944,13:28:11,10.38,0.01,117,121446,买盘
945,13:28:07,10.37,-0.01,10,10370,卖盘
946,13:28:01,10.38,0.01,172,178536,买盘
947,13:27:55,10.37,--,200,207399,卖盘
948,13:27:52,10.37,-0.01,120,124439,卖盘
949,13:27:46,10.38,0.01,53,55014,买盘
950,13:27:41,10.37,--,154,159698,卖盘
951,13:27:31,10.37,--,146,151402,卖盘
952,13:27:22,10.37,--,43,44591,卖盘
953,13:27:17,10.37,--,17,17629,卖盘
954,13:27:10,10.37,-0.01,233,241620,卖盘
955,13:27:07,10.38,0.01,5,5190,买盘
956,13:27:01,10.37,--,59,61182,卖盘
957,13:26:52,10.37,-0.01,47,48738,卖盘
958,13:26:40,10.38,0.01,165,171270,买盘
959,13:26:31,10.37,--,44,45628,卖盘
960,13:26:25,10.37,-0.02,3,3235,卖盘
961,13:26:21,10.39,0.02,455,472745,买盘
962,13:26:16,10.37,-0.01,343,355691,卖盘
963,13:26:10,10.38,--,89,92382,卖盘
964,13:26:06,10.38,--,50,51900,卖盘
965,13:26:01,10.38,--,490,508620,卖盘
966,13:25:51,10.38,--,51,52938,卖盘
967,13:25:46,10.38,--,9,9342,卖盘
968,13:25:40,10.38,--,47,48786,卖盘
969,13:25:36,10.38,--,5,5190,卖盘
970,13:25:31,10.38,--,44,45672,卖盘
971,13:25:21,10.38,--,144,149472,卖盘
972,13:25:16,10.38,--,50,51900,卖盘
973,13:25:10,10.38,--,45,46710,卖盘
974,13:25:06,10.38,--,30,31140,卖盘
975,13:25:01,10.38,--,75,77850,卖盘
976,13:24:55,10.38,--,68,70584,卖盘
977,13:24:49,10.38,--,46,47748,卖盘
978,13:24:40,10.38,--,68,70584,卖盘
979,13:24:34,10.38,--,10,10380,卖盘
980,13:24:31,10.38,-0.01,46,47748,卖盘
981,13:24:25,10.39,--,400,415600,买盘
982,13:24:19,10.39,0.01,55,57145,买盘
983,13:24:16,10.38,--,201,208638,卖盘
984,13:24:10,10.38,--,43,44634,卖盘
985,13:24:01,10.38,-0.01,133,138054,卖盘
986,13:23:55,10.39,0.01,36,37404,买盘
987,13:23:49,10.38,--,86,89268,卖盘
988,13:23:46,10.38,--,2,2076,卖盘
989,13:23:40,10.38,--,45,46710,卖盘
990,13:23:31,10.38,--,45,46710,卖盘
991,13:23:25,10.38,--,38,39444,卖盘
992,13:23:19,10.38,--,52,53976,卖盘
993,13:23:16,10.38,--,5,5190,卖盘
994,13:23:10,10.38,--,47,48786,卖盘
995,13:23:01,10.38,--,46,47748,卖盘
996,13:22:49,10.38,--,57,59166,卖盘
997,13:22:40,10.38,--,71,73698,卖盘
998,13:22:31,10.38,--,64,66432,卖盘
999,13:22:25,10.38,--,30,31140,卖盘
1000,13:22:19,10.38,--,47,48786,卖盘
1001,13:22:10,10.38,-0.01,79,82002,卖盘
1002,13:22:04,10.39,0.01,5,5195,买盘
1003,13:22:01,10.38,--,77,79926,卖盘
1004,13:21:55,10.38,--,21,21798,卖盘
1005,13:21:49,10.38,--,61,63318,卖盘
1006,13:21:46,10.38,--,34,35292,买盘
1007,13:21:40,10.38,--,31,32178,卖盘
1008,13:21:34,10.38,--,121,125598,卖盘
1009,13:21:31,10.38,--,143,148434,卖盘
1010,13:21:19,10.38,-0.01,44,45672,卖盘
1011,13:21:16,10.39,--,12,12468,买盘
1012,13:21:10,10.39,0.01,69,71691,买盘
1013,13:21:04,10.38,--,8,8304,买盘
1014,13:21:01,10.38,--,38,39444,卖盘
1015,13:20:49,10.38,--,62,64356,卖盘
1016,13:20:40,10.38,-0.01,44,45672,卖盘
1017,13:20:34,10.39,0.02,46,47794,买盘
1018,13:20:30,10.37,-0.01,144,149328,卖盘
1019,13:20:25,10.38,0.01,25,25950,买盘
1020,13:20:19,10.37,--,46,47702,卖盘
1021,13:20:16,10.37,-0.01,1,1037,卖盘
1022,13:20:10,10.38,0.01,344,357072,买盘
1023,13:20:01,10.37,-0.01,46,47702,卖盘
1024,13:19:55,10.38,--,70,72660,买盘
1025,13:19:49,10.38,--,33,34254,卖盘
1026,13:19:45,10.38,--,66,68508,卖盘
1027,13:19:40,10.38,--,55,57090,卖盘
1028,13:19:30,10.38,--,43,44634,卖盘
1029,13:19:19,10.38,-0.01,47,48786,卖盘
1030,13:19:10,10.39,0.01,118,122602,买盘
1031,13:18:55,10.38,--,6,6228,买盘
1032,13:18:49,10.38,--,16,16608,卖盘
1033,13:18:40,10.38,--,46,47748,卖盘
1034,13:18:30,10.38,--,44,45672,卖盘
1035,13:18:19,10.38,--,67,69546,买盘
1036,13:18:10,10.38,--,68,70584,买盘
1037,13:18:04,10.38,--,101,104838,买盘
1038,13:17:55,10.38,-0.01,5,5190,中性盘
1039,13:17:49,10.39,--,1763,1831757,买盘
1040,13:17:43,10.39,0.01,8,8312,买盘
1041,13:17:40,10.38,--,50,51900,卖盘
1042,13:17:34,10.38,-0.01,10,10380,卖盘
1043,13:17:28,10.39,0.01,49,50911,买盘
1044,13:17:19,10.38,--,46,47748,卖盘
1045,13:17:10,10.38,--,46,47748,卖盘
1046,13:17:04,10.38,--,103,106914,卖盘
1047,13:16:58,10.38,--,56,58128,卖盘
1048,13:16:55,10.38,--,50,52367,卖盘
1049,13:16:49,10.38,--,60,62280,卖盘
1050,13:16:43,10.38,-0.01,5,5190,卖盘
1051,13:16:40,10.39,0.02,55,57145,买盘
1052,13:16:28,10.37,-0.02,49,50812,卖盘
1053,13:16:25,10.39,0.01,430,446770,买盘
1054,13:16:19,10.38,0.01,40,41520,买盘
1055,13:16:13,10.37,-0.01,1,1037,卖盘
1056,13:16:10,10.38,--,282,292985,卖盘
1057,13:16:04,10.38,--,2,2076,卖盘
1058,13:15:58,10.38,--,708,735464,卖盘
1059,13:15:55,10.38,--,25,25950,卖盘
1060,13:15:49,10.38,--,118,122484,卖盘
1061,13:15:43,10.38,--,0,207,卖盘
1062,13:15:40,10.38,--,47,48786,卖盘
1063,13:15:28,10.38,--,46,47748,卖盘
1064,13:15:25,10.38,--,122,126636,卖盘
1065,13:15:19,10.38,--,95,98610,卖盘
1066,13:15:10,10.38,--,63,65394,卖盘
1067,13:15:04,10.38,--,100,103800,卖盘
1068,13:14:58,10.38,--,47,48786,卖盘
1069,13:14:55,10.38,-0.02,18,18684,卖盘
1070,13:14:49,10.4,0.01,180,187200,买盘
1071,13:14:43,10.39,--,19,19741,买盘
1072,13:14:34,10.39,--,5,5745,卖盘
1073,13:14:28,10.39,--,74,76886,卖盘
1074,13:14:25,10.39,--,21,21819,卖盘
1075,13:14:19,10.39,--,591,614049,卖盘
1076,13:14:13,10.39,--,10,10390,卖盘
1077,13:14:10,10.39,-0.01,60,62340,卖盘
1078,13:13:58,10.4,--,143,148720,买盘
1079,13:13:55,10.4,--,23,23920,买盘
1080,13:13:49,10.4,0.01,52,54080,买盘
1081,13:13:40,10.39,-0.01,46,47794,卖盘
1082,13:13:34,10.4,0.01,252,262412,买盘
1083,13:13:28,10.39,--,138,143382,卖盘
1084,13:13:24,10.39,--,106,110134,卖盘
1085,13:13:19,10.39,--,47,48833,卖盘
1086,13:13:13,10.39,--,50,51950,卖盘
1087,13:13:09,10.39,--,46,47794,卖盘
1088,13:12:58,10.39,--,53,55067,卖盘
1089,13:12:54,10.39,--,33,34287,卖盘
1090,13:12:49,10.39,--,1184,1230331,买盘
1091,13:12:43,10.39,0.01,10,10390,买盘
1092,13:12:39,10.38,-0.01,66,68508,卖盘
1093,13:12:34,10.39,0.01,1058,1099262,买盘
1094,13:12:28,10.38,--,45,46710,卖盘
1095,13:12:24,10.38,--,20,20760,卖盘
1096,13:12:19,10.38,--,63,65394,卖盘
1097,13:12:09,10.38,-0.01,65,67470,卖盘
1098,13:12:04,10.39,0.01,23,23897,买盘
1099,13:11:58,10.38,--,58,60204,卖盘
1100,13:11:49,10.38,-0.01,55,57090,卖盘
1101,13:11:43,10.39,0.01,50,51950,买盘
1102,13:11:39,10.38,-0.01,69,71622,卖盘
1103,13:11:34,10.39,0.01,55,57145,买盘
1104,13:11:28,10.38,-0.01,44,45672,卖盘
1105,13:11:19,10.39,0.01,68,70652,买盘
1106,13:11:13,10.38,-0.01,205,212790,卖盘
1107,13:11:09,10.39,--,89,92471,买盘
1108,13:11:04,10.39,0.01,2,2078,买盘
1109,13:10:58,10.38,-0.01,58,60204,卖盘
1110,13:10:52,10.39,0.01,2819,2928941,买盘
1111,13:10:49,10.38,--,72,74736,卖盘
1112,13:10:43,10.38,--,125,129750,卖盘
1113,13:10:37,10.38,--,44,45672,卖盘
1114,13:10:34,10.38,--,30,31140,卖盘
1115,13:10:28,10.38,-0.01,60,62280,卖盘
1116,13:10:22,10.39,--,24,24936,买盘
1117,13:10:19,10.39,0.01,76,78964,买盘
1118,13:10:13,10.38,--,348,361224,卖盘
1119,13:10:07,10.38,--,45,46710,卖盘
1120,13:10:04,10.38,-0.01,1,1038,卖盘
1121,13:09:58,10.39,0.01,794,824966,买盘
1122,13:09:52,10.38,--,10,10380,卖盘
1123,13:09:49,10.38,--,56,58128,卖盘
1124,13:09:43,10.38,--,5,5190,卖盘
1125,13:09:37,10.38,0.01,292,303179,买盘
1126,13:09:34,10.37,--,20,20740,卖盘
1127,13:09:28,10.37,-0.01,105,108884,卖盘
1128,13:09:22,10.38,0.01,141,146358,买盘
1129,13:09:18,10.37,--,43,44591,卖盘
1130,13:09:07,10.37,-0.01,46,47702,卖盘
1131,13:09:04,10.38,0.01,20,20760,买盘
1132,13:08:58,10.37,-0.01,47,48738,卖盘
1133,13:08:52,10.38,--,46,47748,买盘
1134,13:08:49,10.38,--,225,233550,卖盘
1135,13:08:43,10.38,--,1,1038,卖盘
1136,13:08:37,10.38,--,47,48786,卖盘
1137,13:08:33,10.38,--,4,4152,卖盘
1138,13:08:28,10.38,--,80,83040,买盘
1139,13:08:19,10.38,--,2094,2173572,买盘
1140,13:08:07,10.38,0.01,85,88230,买盘
1141,13:08:04,10.37,--,173,179401,卖盘
1142,13:07:58,10.37,--,63,65330,卖盘
1143,13:07:49,10.37,--,108,111995,卖盘
1144,13:07:43,10.37,--,10,10370,卖盘
1145,13:07:37,10.37,--,1123,1164551,卖盘
1146,13:07:28,10.37,-0.01,78,80886,卖盘
1147,13:07:19,10.38,0.02,478,496164,买盘
1148,13:07:13,10.36,--,194,201636,卖盘
1149,13:07:07,10.36,-0.01,113,117068,卖盘
1150,13:07:03,10.37,--,53,54960,买盘
1151,13:06:58,10.37,-0.01,419,434502,卖盘
1152,13:06:49,10.38,0.01,832,863616,买盘
1153,13:06:43,10.37,--,61,63256,买盘
1154,13:06:37,10.37,--,48,49775,买盘
1155,13:06:28,10.37,--,182,188734,卖盘
1156,13:06:22,10.37,--,5,5185,卖盘
1157,13:06:18,10.37,--,47,48738,卖盘
1158,13:06:13,10.37,0.01,335,347395,买盘
1159,13:06:07,10.36,-0.01,252,261072,卖盘
1160,13:05:52,10.37,--,61,63256,卖盘
1161,13:05:48,10.37,--,193,200140,买盘
1162,13:05:43,10.37,--,334,346358,买盘
1163,13:05:37,10.37,0.01,150,155550,买盘
1164,13:05:28,10.36,-0.01,47,48692,卖盘
1165,13:05:18,10.37,-0.01,29,30072,卖盘
1166,13:05:13,10.38,0.01,2,2076,买盘
1167,13:05:07,10.37,--,51,52886,卖盘
1168,13:04:58,10.37,--,53,54960,卖盘
1169,13:04:52,10.37,--,56,58071,卖盘
1170,13:04:48,10.37,-0.01,43,44591,卖盘
1171,13:04:43,10.38,0.01,13,13494,买盘
1172,13:04:37,10.37,--,47,48738,卖盘
1173,13:04:33,10.37,-0.01,12,12443,卖盘
1174,13:04:28,10.38,0.01,47,48786,买盘
1175,13:04:22,10.37,--,60,62219,卖盘
1176,13:04:18,10.37,--,544,564128,卖盘
1177,13:04:07,10.37,-0.01,43,44591,卖盘
1178,13:04:03,10.38,0.01,40,41520,买盘
1179,13:03:58,10.37,-0.01,44,45628,卖盘
1180,13:03:52,10.38,0.01,8,8304,买盘
1181,13:03:46,10.37,-0.01,45,46665,卖盘
1182,13:03:43,10.38,0.01,20,20760,买盘
1183,13:03:37,10.37,--,48,49775,卖盘
1184,13:03:28,10.37,--,46,47702,卖盘
1185,13:03:16,10.37,--,45,46665,卖盘
1186,13:03:07,10.37,--,87,90219,卖盘
1187,13:03:01,10.37,--,10,10370,卖盘
1188,13:02:57,10.37,-0.01,42,43554,卖盘
1189,13:02:52,10.38,0.01,40,41520,买盘
1190,13:02:46,10.37,-0.01,271,281027,卖盘
1191,13:02:42,10.38,0.01,5,5190,买盘
1192,13:02:37,10.37,--,47,48738,卖盘
1193,13:02:27,10.37,--,196,203251,卖盘
1194,13:02:16,10.37,--,44,45628,卖盘
1195,13:02:07,10.37,--,63,65330,卖盘
1196,13:01:57,10.37,--,62,64293,卖盘
1197,13:01:52,10.37,--,67,69479,卖盘
1198,13:01:46,10.37,--,115,119254,卖盘
1199,13:01:42,10.37,-0.01,4,4148,卖盘
1200,13:01:37,10.38,0.01,928,963264,买盘
1201,13:01:27,10.37,-0.01,47,48738,卖盘
1202,13:01:22,10.38,--,100,103800,买盘
1203,13:01:16,10.38,--,53,55014,买盘
1204,13:01:07,10.38,--,1,1038,买盘
1205,13:01:01,10.38,--,98,101724,卖盘
1206,13:00:57,10.38,--,42,43596,卖盘
1207,13:00:46,10.38,--,44,45672,卖盘
1208,13:00:37,10.38,--,101,104838,卖盘
1209,13:00:27,10.38,0.01,75,77850,买盘
1210,13:00:22,10.37,--,39,40443,卖盘
1211,13:00:16,10.37,--,0,0,卖盘
1212,13:00:12,10.37,-0.02,6,6221,中性盘
1213,13:00:07,10.39,0.02,2937,3051543,买盘
1214,13:00:01,10.37,--,18,18666,卖盘
1215,11:30:00,10.37,--,0,0,卖盘
1216,11:29:59,10.37,--,0,0,卖盘
1217,11:29:58,10.37,-0.01,77,79849,卖盘
1218,11:29:53,10.38,0.01,97,100686,买盘
1219,11:29:47,10.37,--,63,65330,卖盘
1220,11:29:38,10.37,--,56,58071,卖盘
1221,11:29:28,10.37,-0.01,45,46665,卖盘
1222,11:29:23,10.38,--,20,20760,买盘
1223,11:29:17,10.38,--,74,76812,买盘
1224,11:29:13,10.38,0.01,6,6228,买盘
1225,11:29:08,10.37,--,97,100588,卖盘
1226,11:29:02,10.37,--,11,11407,卖盘
1227,11:28:58,10.37,--,46,47702,卖盘
1228,11:28:53,10.37,--,30,31109,卖盘
1229,11:28:47,10.37,--,44,45628,卖盘
1230,11:28:43,10.37,--,20,20740,卖盘
1231,11:28:38,10.37,-0.01,47,48738,卖盘
1232,11:28:28,10.38,0.01,346,359148,买盘
1233,11:28:23,10.37,--,80,82960,卖盘
1234,11:28:17,10.37,--,57,59108,卖盘
1235,11:28:08,10.37,-0.01,49,50812,卖盘
1236,11:28:02,10.38,0.01,1,1038,买盘
1237,11:27:58,10.37,-0.01,44,45628,卖盘
1238,11:27:53,10.38,0.01,29,30102,买盘
1239,11:27:47,10.37,-0.01,49,50812,卖盘
1240,11:27:38,10.38,--,86,89268,买盘
1241,11:27:32,10.38,0.01,60,62280,买盘
1242,11:27:28,10.37,-0.01,127,131699,卖盘
1243,11:27:23,10.38,0.01,1,1038,买盘
1244,11:27:17,10.37,--,70,72590,卖盘
1245,11:27:13,10.37,--,5,5185,卖盘
1246,11:27:08,10.37,-0.01,44,45628,卖盘
1247,11:27:02,10.38,0.01,9,9342,买盘
1248,11:26:56,10.37,--,47,48738,卖盘
1249,11:26:46,10.37,-0.01,46,47702,卖盘
1250,11:26:38,10.38,--,64,66432,买盘
1251,11:26:32,10.38,0.01,21,21798,买盘
1252,11:26:26,10.37,--,46,47702,卖盘
1253,11:26:22,10.37,--,10,10370,卖盘
1254,11:26:17,10.37,--,48,49775,卖盘
1255,11:26:07,10.37,--,67,69479,卖盘
1256,11:26:02,10.37,--,1,1037,卖盘
1257,11:25:56,10.37,-0.01,164,170068,卖盘
1258,11:25:52,10.38,0.01,16,16608,买盘
1259,11:25:47,10.37,--,43,44591,卖盘
1260,11:25:41,10.37,--,1,1037,卖盘
1261,11:25:38,10.37,--,46,47702,卖盘
1262,11:25:32,10.37,--,3,3110,卖盘
1263,11:25:26,10.37,--,45,46665,卖盘
1264,11:25:17,10.37,--,143,148291,卖盘
1265,11:25:08,10.37,--,47,48738,卖盘
1266,11:25:02,10.37,--,243,251990,卖盘
1267,11:24:56,10.37,--,45,46665,卖盘
1268,11:24:52,10.37,--,5,5185,卖盘
1269,11:24:47,10.37,-0.01,49,50812,卖盘
1270,11:24:41,10.38,0.01,1,1038,买盘
1271,11:24:38,10.37,--,96,99551,卖盘
1272,11:24:26,10.37,--,46,47702,卖盘
1273,11:24:22,10.37,0.01,131,135847,买盘
1274,11:24:17,10.36,-0.01,76,78736,卖盘
1275,11:24:10,10.37,0.01,250,259249,买盘
1276,11:24:07,10.36,--,44,45584,卖盘
1277,11:24:02,10.36,-0.01,271,280756,卖盘
1278,11:23:56,10.37,-0.01,1,1037,中性盘
1279,11:23:52,10.38,0.02,1,1038,买盘
1280,11:23:47,10.36,-0.01,105,108780,卖盘
1281,11:23:41,10.37,0.01,133,137921,买盘
1282,11:23:37,10.36,--,47,48692,卖盘
1283,11:23:26,10.36,--,47,48692,卖盘
1284,11:23:17,10.36,-0.01,54,55944,卖盘
1285,11:23:02,10.37,--,494,512277,卖盘
1286,11:22:56,10.37,-0.01,45,46665,卖盘
1287,11:22:47,10.38,0.01,48,49824,买盘
1288,11:22:37,10.37,--,44,45628,卖盘
1289,11:22:26,10.37,--,96,99551,卖盘
1290,11:22:17,10.37,--,45,46665,卖盘
1291,11:22:11,10.37,0.01,404,418947,买盘
1292,11:22:07,10.36,--,46,47656,卖盘
1293,11:22:02,10.36,--,3,3108,卖盘
1294,11:21:56,10.36,--,46,47656,卖盘
1295,11:21:47,10.36,--,51,52836,卖盘
1296,11:21:41,10.36,--,20,20720,卖盘
1297,11:21:37,10.36,--,52,54006,卖盘
1298,11:21:32,10.36,--,70,72520,卖盘
1299,11:21:25,10.36,--,44,45584,卖盘
1300,11:21:22,10.36,-0.01,7,7252,卖盘
1301,11:21:16,10.37,0.01,45,46665,买盘
1302,11:21:11,10.36,--,50,51800,卖盘
1303,11:21:07,10.36,--,143,148852,卖盘
1304,11:21:02,10.36,-0.01,18,18648,卖盘
1305,11:20:56,10.37,0.01,46,47702,买盘
1306,11:20:52,10.36,--,44,45584,卖盘
1307,11:20:47,10.36,--,84,87024,卖盘
1308,11:20:41,10.36,--,24,24864,卖盘
1309,11:20:37,10.36,--,79,81844,卖盘
1310,11:20:32,10.36,--,27,27972,卖盘
1311,11:20:26,10.36,--,32,33152,卖盘
1312,11:20:20,10.36,--,0,0,卖盘
1313,11:20:16,10.36,-0.01,66,68748,卖盘
1314,11:20:11,10.37,--,6,6221,买盘
1315,11:20:05,10.37,--,19,20366,卖盘
1316,11:19:56,10.37,--,195,202588,买盘
1317,11:19:46,10.37,--,92,95404,买盘
1318,11:19:41,10.37,0.01,12,12443,买盘
1319,11:19:35,10.36,-0.01,44,45584,卖盘
1320,11:19:32,10.37,--,280,290360,买盘
1321,11:19:26,10.37,0.01,120,124439,买盘
1322,11:19:16,10.36,--,313,324268,卖盘
1323,11:19:05,10.36,-0.01,43,44548,卖盘
1324,11:19:01,10.37,--,3,3110,买盘
1325,11:18:56,10.37,--,66,68442,买盘
1326,11:18:50,10.37,0.01,18,18666,买盘
1327,11:18:47,10.36,-0.01,75,77700,卖盘
1328,11:18:41,10.37,0.01,7,7258,买盘
1329,11:18:34,10.36,--,46,47656,卖盘
1330,11:18:31,10.36,--,6,6216,卖盘
1331,11:18:26,10.36,-0.01,80,82880,卖盘
1332,11:18:19,10.37,--,18,18666,买盘
1333,11:18:16,10.37,--,87,90219,买盘
1334,11:18:10,10.37,0.01,46,47702,买盘
1335,11:18:05,10.36,-0.01,74,76664,卖盘
1336,11:18:01,10.37,--,39,40443,买盘
1337,11:17:55,10.37,0.01,73,75701,买盘
1338,11:17:46,10.36,--,54,55944,卖盘
1339,11:17:35,10.36,-0.01,47,48692,卖盘
1340,11:17:31,10.37,0.01,28,29035,买盘
1341,11:17:26,10.36,-0.01,181,187516,卖盘
1342,11:17:16,10.37,0.01,45,46665,买盘
1343,11:17:11,10.36,--,10,10360,卖盘
1344,11:17:05,10.36,--,71,73556,卖盘
1345,11:16:56,10.36,--,46,47656,卖盘
1346,11:16:49,10.36,-0.01,47,48692,卖盘
1347,11:16:40,10.37,0.01,7,7258,买盘
1348,11:16:35,10.36,--,130,134680,卖盘
1349,11:16:25,10.36,--,47,48692,卖盘
1350,11:16:20,10.36,--,43,44548,卖盘
1351,11:16:04,10.36,-0.01,64,66304,卖盘
1352,11:16:01,10.37,--,46,47702,买盘
1353,11:15:56,10.37,--,50,51849,买盘
1354,11:15:50,10.37,0.01,62,64293,买盘
1355,11:15:35,10.36,-0.01,45,46620,卖盘
1356,11:15:31,10.37,0.01,40,41480,买盘
1357,11:15:25,10.36,--,152,157472,卖盘
1358,11:15:20,10.36,--,46,47656,卖盘
1359,11:15:16,10.36,-0.01,300,310800,卖盘
1360,11:15:11,10.37,0.01,50,51849,买盘
1361,11:15:05,10.36,--,43,44548,卖盘
1362,11:14:56,10.36,--,44,45584,卖盘
1363,11:14:50,10.36,-0.01,45,46620,卖盘
1364,11:14:46,10.37,0.01,17,17629,买盘
1365,11:14:41,10.36,--,2,2072,卖盘
1366,11:14:35,10.36,-0.01,46,47656,卖盘
1367,11:14:31,10.37,0.01,50,51849,买盘
1368,11:14:26,10.36,--,47,48692,卖盘
1369,11:14:20,10.36,-0.01,46,47656,卖盘
1370,11:14:16,10.37,0.01,4,4148,买盘
1371,11:14:11,10.36,--,81,83916,卖盘
1372,11:14:05,10.36,-0.01,44,45584,卖盘
1373,11:14:01,10.37,0.01,300,311100,买盘
1374,11:13:56,10.36,-0.01,122,126392,卖盘
1375,11:13:50,10.37,0.01,50,51849,买盘
1376,11:13:46,10.36,--,5,5180,卖盘
1377,11:13:40,10.36,--,3,3108,卖盘
1378,11:13:35,10.36,-0.01,47,48692,卖盘
1379,11:13:29,10.37,0.01,25,25924,买盘
1380,11:13:25,10.36,--,44,45584,卖盘
1381,11:13:20,10.36,-0.01,46,47656,卖盘
1382,11:13:14,10.37,0.01,67,69479,买盘
1383,11:13:05,10.36,--,46,47656,卖盘
1384,11:12:59,10.36,--,1,1036,卖盘
1385,11:12:55,10.36,--,84,87024,卖盘
1386,11:12:50,10.36,--,152,157472,卖盘
1387,11:12:44,10.36,--,10,10360,卖盘
1388,11:12:35,10.36,-0.01,46,47656,卖盘
1389,11:12:29,10.37,0.01,10,10370,买盘
1390,11:12:25,10.36,--,65,67340,卖盘
1391,11:12:14,10.36,--,43,44548,卖盘
1392,11:12:05,10.36,-0.01,203,210308,卖盘
1393,11:11:59,10.37,0.01,30,31109,买盘
1394,11:11:55,10.36,-0.01,45,46620,卖盘
1395,11:11:50,10.37,--,82,85034,买盘
1396,11:11:44,10.37,0.01,99,102662,买盘
1397,11:11:40,10.36,-0.01,7,7252,卖盘
1398,11:11:35,10.37,0.01,83,86071,买盘
1399,11:11:25,10.36,-0.01,65,67340,卖盘
1400,11:11:20,10.37,0.01,319,330803,买盘
1401,11:11:14,10.36,--,99,102564,卖盘
1402,11:11:10,10.36,--,33,34188,买盘
1403,11:11:04,10.36,-0.01,20,20720,卖盘
1404,11:10:59,10.37,--,54,55997,买盘
1405,11:10:55,10.37,--,138,143106,买盘
1406,11:10:50,10.37,0.02,311,322507,买盘
1407,11:10:44,10.35,-0.01,122,126270,卖盘
1408,11:10:40,10.36,--,72,74592,买盘
1409,11:10:35,10.36,0.01,90,93240,买盘
1410,11:10:29,10.35,--,3,3105,卖盘
1411,11:10:25,10.35,-0.01,47,48645,卖盘
1412,11:10:19,10.36,0.01,61,63196,买盘
1413,11:10:14,10.35,-0.01,46,47610,卖盘
1414,11:10:10,10.36,0.01,19,19684,买盘
1415,11:10:05,10.35,--,45,46575,卖盘
1416,11:09:59,10.35,--,77,79695,卖盘
1417,11:09:55,10.35,--,43,44505,卖盘
1418,11:09:44,10.35,--,46,47610,卖盘
1419,11:09:40,10.35,--,360,372600,卖盘
1420,11:09:34,10.35,-0.01,46,47610,卖盘
1421,11:09:25,10.36,--,46,47656,买盘
1422,11:09:19,10.36,0.01,2,2072,买盘
1423,11:09:14,10.35,--,45,46575,卖盘
1424,11:09:05,10.35,-0.01,45,46575,卖盘
1425,11:08:59,10.36,0.01,117,121212,买盘
1426,11:08:50,10.35,--,35,36225,卖盘
1427,11:08:44,10.35,--,46,47610,卖盘
1428,11:08:34,10.35,--,94,97290,卖盘
1429,11:08:29,10.35,-0.01,44,45540,卖盘
1430,11:08:20,10.36,0.01,1,1036,买盘
1431,11:08:14,10.35,--,47,48645,卖盘
1432,11:08:04,10.35,-0.01,44,45540,卖盘
1433,11:07:59,10.36,0.01,51,52836,买盘
1434,11:07:44,10.35,-0.01,92,95220,卖盘
1435,11:07:40,10.36,--,138,142968,卖盘
1436,11:07:34,10.36,--,157,162652,买盘
1437,11:07:29,10.36,--,96,99456,买盘
1438,11:07:19,10.36,0.01,38,39368,买盘
1439,11:07:14,10.35,--,50,51750,卖盘
1440,11:07:04,10.35,-0.01,54,55890,卖盘
1441,11:06:59,10.36,--,112,116032,买盘
1442,11:06:55,10.36,0.01,18,18648,买盘
1443,11:06:50,10.35,-0.01,3,3105,卖盘
1444,11:06:44,10.36,--,127,131572,买盘
1445,11:06:40,10.36,0.01,75,77700,买盘
1446,11:06:35,10.35,--,59,61065,卖盘
1447,11:06:28,10.35,--,117,121095,卖盘
1448,11:06:25,10.35,--,503,520894,买盘
1449,11:06:20,10.35,0.01,694,718548,买盘
1450,11:06:14,10.34,-0.01,407,420838,卖盘
1451,11:06:10,10.35,0.01,128,132480,买盘
1452,11:06:05,10.34,--,45,46530,卖盘
1453,11:05:59,10.34,--,45,46530,卖盘
1454,11:05:55,10.34,--,125,129250,卖盘
1455,11:05:44,10.34,--,171,176814,买盘
1456,11:05:40,10.34,--,28,28952,买盘
1457,11:05:35,10.34,--,108,111672,卖盘
1458,11:05:28,10.34,--,938,969892,卖盘
1459,11:05:23,10.34,--,203,209902,卖盘
1460,11:05:20,10.34,--,190,196460,卖盘
1461,11:05:14,10.34,-0.01,91,94094,卖盘
1462,11:05:08,10.35,--,38,39330,买盘
1463,11:05:05,10.35,--,56,57960,买盘
1464,11:04:50,10.35,--,1107,1146490,卖盘
1465,11:04:44,10.35,--,63,65205,卖盘
1466,11:04:34,10.35,--,46,47610,卖盘
1467,11:04:28,10.35,-0.01,46,47610,卖盘
1468,11:04:19,10.36,0.01,101,104636,买盘
1469,11:04:13,10.35,--,46,47610,卖盘
1470,11:04:04,10.35,--,48,49680,卖盘
1471,11:03:59,10.35,--,49,51625,卖盘
1472,11:03:49,10.35,--,131,135585,卖盘
1473,11:03:44,10.35,--,47,48645,卖盘
1474,11:03:34,10.35,--,46,47610,卖盘
1475,11:03:28,10.35,-0.01,44,45540,卖盘
1476,11:03:19,10.36,--,4,4144,买盘
1477,11:03:14,10.36,--,143,148148,买盘
1478,11:03:04,10.36,0.01,48,49728,买盘
1479,11:02:59,10.35,-0.01,73,75555,卖盘
1480,11:02:53,10.36,--,4,4144,卖盘
1481,11:02:49,10.36,--,60,62160,卖盘
1482,11:02:43,10.36,--,104,107744,卖盘
1483,11:02:37,10.36,--,30,31080,卖盘
1484,11:02:34,10.36,--,44,45584,卖盘
1485,11:02:29,10.36,-0.01,181,187516,卖盘
1486,11:02:23,10.37,0.01,47,48738,买盘
1487,11:02:19,10.36,--,5,5180,卖盘
1488,11:02:13,10.36,-0.01,51,52836,卖盘
1489,11:02:04,10.37,0.01,440,456279,买盘
1490,11:01:59,10.36,--,44,45584,卖盘
1491,11:01:43,10.36,-0.01,54,55944,卖盘
1492,11:01:34,10.37,--,67,69479,卖盘
1493,11:01:28,10.37,-0.01,73,75701,卖盘
1494,11:01:19,10.38,0.01,120,124560,买盘
1495,11:01:13,10.37,--,43,44591,卖盘
1496,11:01:08,10.37,--,30,31109,卖盘
1497,11:01:04,10.37,--,52,53923,卖盘
1498,11:00:59,10.37,-0.01,75,77775,卖盘
1499,11:00:52,10.38,0.01,5,5190,买盘
1500,11:00:44,10.37,--,70,72590,卖盘
1501,11:00:38,10.37,--,54,55997,卖盘
1502,11:00:34,10.37,--,4,4148,卖盘
1503,11:00:29,10.37,--,98,101625,卖盘
1504,11:00:14,10.37,--,44,45628,卖盘
1505,11:00:07,10.37,-0.01,44,45628,卖盘
1506,11:00:04,10.38,0.01,130,134940,买盘
1507,10:59:59,10.37,--,96,99551,卖盘
1508,10:59:52,10.37,-0.01,16,16592,卖盘
1509,10:59:43,10.38,--,167,173429,卖盘
1510,10:59:37,10.38,--,46,47748,卖盘
1511,10:59:29,10.38,--,66,69462,买盘
1512,10:59:23,10.38,--,10,10380,买盘
1513,10:59:13,10.38,-0.01,151,156821,卖盘
1514,10:59:07,10.39,--,915,950685,买盘
1515,10:59:03,10.39,0.01,1,1039,买盘
1516,10:58:59,10.38,-0.01,95,98610,卖盘
1517,10:58:53,10.39,0.01,11,11429,买盘
1518,10:58:49,10.38,--,36,37368,卖盘
1519,10:58:43,10.38,-0.01,206,213828,卖盘
1520,10:58:37,10.39,--,46,47794,买盘
1521,10:58:28,10.39,--,97,100783,买盘
1522,10:58:23,10.39,0.01,1,1039,买盘
1523,10:58:19,10.38,--,230,238740,卖盘
1524,10:58:13,10.38,--,81,84078,卖盘
1525,10:58:07,10.38,-0.01,740,768120,卖盘
1526,10:58:03,10.39,0.01,238,247282,买盘
1527,10:57:59,10.38,-0.01,46,47748,卖盘
1528,10:57:53,10.39,--,78,81042,买盘
1529,10:57:49,10.39,0.01,1,1039,买盘
1530,10:57:43,10.38,-0.01,64,66432,卖盘
1531,10:57:38,10.39,0.01,85,88315,买盘
1532,10:57:34,10.38,0.01,242,252150,买盘
1533,10:57:23,10.37,--,138,143106,卖盘
1534,10:57:13,10.37,-0.01,44,45628,卖盘
1535,10:57:07,10.38,--,50,51900,买盘
1536,10:57:01,10.38,0.01,484,502392,买盘
1537,10:56:52,10.37,-0.01,129,133773,卖盘
1538,10:56:43,10.38,0.01,189,196182,买盘
1539,10:56:37,10.37,-0.01,92,95404,卖盘
1540,10:56:28,10.38,0.01,38,39444,买盘
1541,10:56:22,10.37,-0.01,107,110958,卖盘
1542,10:56:17,10.38,0.01,3,3114,买盘
1543,10:56:13,10.37,--,83,86071,卖盘
1544,10:56:07,10.37,-0.01,551,571387,卖盘
1545,10:55:58,10.38,--,147,152586,买盘
1546,10:55:52,10.38,0.01,24,24912,买盘
1547,10:55:43,10.37,-0.01,163,169031,卖盘
1548,10:55:37,10.38,--,129,133902,买盘
1549,10:55:31,10.38,--,37,38406,买盘
1550,10:55:28,10.38,0.01,38,39444,买盘
1551,10:55:22,10.37,-0.01,247,256138,卖盘
1552,10:55:13,10.38,--,160,166080,买盘
1553,10:55:07,10.38,--,68,70584,买盘
1554,10:55:02,10.38,--,47,48786,买盘
1555,10:54:58,10.38,0.01,38,39444,买盘
1556,10:54:52,10.37,--,121,125476,卖盘
1557,10:54:43,10.37,-0.01,75,77775,卖盘
1558,10:54:37,10.38,--,81,84078,买盘
1559,10:54:32,10.38,0.01,54,56052,买盘
1560,10:54:28,10.37,--,12,12443,卖盘
1561,10:54:22,10.37,-0.01,64,66368,卖盘
1562,10:54:16,10.38,0.01,58,60204,买盘
1563,10:54:13,10.37,--,107,110958,卖盘
1564,10:54:07,10.37,--,64,66368,卖盘
1565,10:53:52,10.37,--,197,204288,卖盘
1566,10:53:43,10.37,--,45,46665,卖盘
1567,10:53:37,10.37,--,45,46665,卖盘
1568,10:53:28,10.37,--,143,148291,卖盘
1569,10:53:22,10.37,--,53,54960,卖盘
1570,10:53:16,10.37,--,10,10370,卖盘
1571,10:53:13,10.37,--,59,61182,卖盘
1572,10:53:07,10.37,--,68,70516,卖盘
1573,10:52:52,10.37,-0.01,84,87108,卖盘
1574,10:52:46,10.38,--,31,32178,买盘
1575,10:52:43,10.38,0.01,58,60204,买盘
1576,10:52:37,10.37,--,325,337025,卖盘
1577,10:52:28,10.37,--,10,10370,卖盘
1578,10:52:22,10.37,-0.01,146,151402,卖盘
1579,10:52:16,10.38,0.01,177,183726,买盘
1580,10:52:07,10.37,-0.01,58,60145,卖盘
1581,10:52:01,10.38,0.01,18,18684,买盘
1582,10:51:52,10.37,--,47,48738,卖盘
1583,10:51:46,10.37,--,45,46665,卖盘
1584,10:51:37,10.37,--,74,76738,卖盘
1585,10:51:31,10.37,--,28,29035,卖盘
1586,10:51:27,10.37,--,24,24887,卖盘
1587,10:51:22,10.37,-0.01,43,44591,卖盘
1588,10:51:16,10.38,0.01,141,146358,买盘
1589,10:51:13,10.37,--,10,10370,买盘
1590,10:51:07,10.37,--,221,229176,买盘
1591,10:51:01,10.37,--,56,58071,买盘
1592,10:50:57,10.37,0.01,28,29035,买盘
1593,10:50:52,10.36,--,74,76664,卖盘
1594,10:50:46,10.36,--,46,47656,卖盘
1595,10:50:37,10.36,-0.01,44,45584,卖盘
1596,10:50:31,10.37,-0.01,46,47702,中性盘
1597,10:50:28,10.38,--,198,205524,买盘
1598,10:50:22,10.38,0.02,56,58128,买盘
1599,10:50:16,10.36,-0.02,10,10360,卖盘
1600,10:50:12,10.38,0.01,54,56052,买盘
1601,10:50:07,10.37,-0.01,75,77775,卖盘
1602,10:50:01,10.38,--,198,205524,买盘
1603,10:49:58,10.38,--,82,85116,买盘
1604,10:49:52,10.38,0.02,28,29064,买盘
1605,10:49:46,10.36,-0.02,44,45584,卖盘
1606,10:49:42,10.38,0.02,201,208638,买盘
1607,10:49:37,10.36,--,44,45584,卖盘
1608,10:49:31,10.36,-0.01,25,25900,卖盘
1609,10:49:22,10.37,--,0,0,中性盘
1610,10:49:16,10.37,--,250,259249,卖盘
1611,10:49:10,10.37,--,10,10370,卖盘
1612,10:49:07,10.37,-0.01,58,60145,买盘
1613,10:49:01,10.38,--,32,33216,买盘
1614,10:48:55,10.38,--,0,0,买盘
1615,10:48:52,10.38,0.01,248,257424,买盘
1616,10:48:46,10.37,-0.01,65,67405,卖盘
1617,10:48:40,10.38,--,0,0,买盘
1618,10:48:37,10.38,0.01,192,199296,买盘
1619,10:48:31,10.37,--,119,123402,买盘
1620,10:48:25,10.37,0.01,28,29035,买盘
1621,10:48:22,10.36,--,57,59052,卖盘
1622,10:48:16,10.36,-0.01,86,89510,卖盘
1623,10:48:07,10.37,--,106,109921,买盘
1624,10:48:01,10.37,0.01,363,376431,买盘
1625,10:47:55,10.36,--,26,26936,卖盘
1626,10:47:52,10.36,--,310,321160,卖盘
1627,10:47:46,10.36,-0.01,180,186480,卖盘
1628,10:47:40,10.37,--,120,124439,买盘
1629,10:47:37,10.37,--,280,290360,买盘
1630,10:47:31,10.37,0.01,27,27998,买盘
1631,10:47:25,10.36,--,20,20720,卖盘
1632,10:47:22,10.36,-0.01,83,85988,卖盘
1633,10:47:16,10.37,--,18,18666,买盘
1634,10:47:10,10.37,--,23,24753,卖盘
1635,10:47:07,10.37,-0.01,160,165920,卖盘
1636,10:47:01,10.38,0.01,69,71622,买盘
1637,10:46:52,10.37,--,478,495685,卖盘
1638,10:46:46,10.37,-0.01,123,127550,卖盘
1639,10:46:37,10.38,0.01,58,60204,买盘
1640,10:46:31,10.37,-0.01,13,13615,卖盘
1641,10:46:25,10.38,0.01,22,22836,买盘
1642,10:46:22,10.37,--,47,48738,卖盘
1643,10:46:16,10.37,-0.01,110,114069,卖盘
1644,10:46:07,10.38,0.01,268,278184,买盘
1645,10:46:01,10.37,-0.01,20,20740,卖盘
1646,10:45:55,10.38,0.01,74,76812,买盘
1647,10:45:52,10.37,--,47,48738,卖盘
1648,10:45:46,10.37,-0.01,154,159698,卖盘
1649,10:45:40,10.38,0.01,9,9342,买盘
1650,10:45:37,10.37,--,121,125476,卖盘
1651,10:45:31,10.37,-0.01,5,5185,卖盘
1652,10:45:25,10.38,0.01,104,107952,买盘
1653,10:45:22,10.37,-0.01,82,85034,卖盘
1654,10:45:16,10.38,--,664,689232,买盘
1655,10:45:10,10.38,0.01,76,78888,买盘
1656,10:45:07,10.37,--,43,44591,卖盘
1657,10:44:55,10.37,-0.02,5,5185,卖盘
1658,10:44:52,10.39,0.01,75,77925,买盘
1659,10:44:46,10.38,--,78,80964,卖盘
1660,10:44:40,10.38,--,121,125598,卖盘
1661,10:44:37,10.38,--,196,203448,卖盘
1662,10:44:31,10.38,--,20,20760,卖盘
1663,10:44:25,10.38,--,51,52938,卖盘
1664,10:44:22,10.38,--,64,66432,卖盘
1665,10:44:16,10.38,--,127,131826,卖盘
1666,10:44:10,10.38,--,40,41520,卖盘
1667,10:44:07,10.38,--,110,114180,卖盘
1668,10:44:01,10.38,--,22,22836,卖盘
1669,10:43:55,10.38,0.01,581,603078,买盘
1670,10:43:52,10.37,--,13,13480,卖盘
1671,10:43:46,10.37,--,53,54960,卖盘
1672,10:43:40,10.37,--,50,51849,卖盘
1673,10:43:36,10.37,--,50,51849,卖盘
1674,10:43:31,10.37,--,15,15554,卖盘
1675,10:43:25,10.37,--,99,102662,卖盘
1676,10:43:16,10.37,--,57,59108,卖盘
1677,10:43:10,10.37,--,1214,1258918,卖盘
1678,10:43:06,10.37,--,43,44591,卖盘
1679,10:43:01,10.37,--,322,333914,卖盘
1680,10:42:55,10.37,-0.01,229,237472,卖盘
1681,10:42:51,10.38,0.01,5,5190,买盘
1682,10:42:46,10.37,--,53,54960,卖盘
1683,10:42:40,10.37,--,31,32146,卖盘
1684,10:42:36,10.37,--,65,67405,卖盘
1685,10:42:25,10.37,--,245,254064,卖盘
1686,10:42:21,10.37,--,5,5185,卖盘
1687,10:42:16,10.37,--,54,55997,卖盘
1688,10:42:10,10.37,-0.01,55,57034,卖盘
1689,10:42:06,10.38,--,64,66432,买盘
1690,10:42:01,10.38,--,40,41520,买盘
1691,10:41:55,10.38,-0.01,743,771234,买盘
1692,10:41:51,10.39,--,20,20780,买盘
1693,10:41:46,10.39,0.01,233,242087,买盘
1694,10:41:40,10.38,--,180,187732,卖盘
1695,10:41:36,10.38,-0.01,45,46710,卖盘
1696,10:41:31,10.39,--,66,68574,买盘
1697,10:41:25,10.39,0.01,88,91639,买盘
1698,10:41:19,10.38,-0.01,174,180612,卖盘
1699,10:41:16,10.39,0.01,354,367806,买盘
1700,10:41:10,10.38,-0.01,66,68508,卖盘
1701,10:41:04,10.39,0.01,95,98705,买盘
1702,10:41:01,10.38,--,71,73698,卖盘
1703,10:40:55,10.38,--,3617,3755421,买盘
1704,10:40:46,10.38,--,199,206562,买盘
1705,10:40:40,10.38,--,120,124560,买盘
1706,10:40:34,10.38,0.02,35,36330,买盘
1707,10:40:31,10.36,--,202,209272,卖盘
1708,10:40:25,10.36,-0.01,51,52836,卖盘
1709,10:40:16,10.37,--,102,105773,买盘
1710,10:40:10,10.37,--,209,216732,买盘
1711,10:40:04,10.37,0.02,110,114069,买盘
1712,10:40:01,10.35,-0.01,135,139725,卖盘
1713,10:39:46,10.36,-0.01,127,131572,中性盘
1714,10:39:40,10.37,--,320,331840,买盘
1715,10:39:34,10.37,0.01,28,29035,买盘
1716,10:39:31,10.36,--,152,157472,卖盘
1717,10:39:25,10.36,--,120,124320,卖盘
1718,10:39:16,10.36,--,47,48692,卖盘
1719,10:39:10,10.36,--,30,31080,卖盘
1720,10:39:01,10.36,--,342,354312,卖盘
1721,10:38:55,10.36,-0.01,44,45584,卖盘
1722,10:38:46,10.37,0.01,183,189771,买盘
1723,10:38:40,10.36,--,50,51800,卖盘
1724,10:38:34,10.36,-0.01,4,4144,卖盘
1725,10:38:31,10.37,--,37,38369,买盘
1726,10:38:25,10.37,--,74,76738,卖盘
1727,10:38:19,10.37,--,50,51849,卖盘
1728,10:38:16,10.37,--,197,204288,卖盘
1729,10:38:10,10.37,0.01,17,17629,买盘
1730,10:38:04,10.36,-0.01,37,38332,卖盘
1731,10:38:01,10.37,--,75,78324,买盘
1732,10:37:55,10.37,--,135,140482,卖盘
1733,10:37:49,10.37,--,272,282686,卖盘
1734,10:37:46,10.37,--,84,87108,卖盘
1735,10:37:40,10.37,--,73,75701,卖盘
1736,10:37:31,10.37,--,103,106810,卖盘
1737,10:37:25,10.37,--,816,846191,卖盘
1738,10:37:19,10.37,--,4,4148,卖盘
1739,10:37:16,10.37,--,45,46665,卖盘
1740,10:37:10,10.37,--,31,32146,卖盘
1741,10:37:04,10.37,--,27,27998,卖盘
1742,10:37:01,10.37,--,319,331570,卖盘
1743,10:36:55,10.37,--,216,223991,卖盘
1744,10:36:49,10.37,--,13,13480,卖盘
1745,10:36:46,10.37,--,192,199103,卖盘
1746,10:36:40,10.37,-0.01,401,415836,卖盘
1747,10:36:34,10.38,0.01,122,126636,买盘
1748,10:36:30,10.37,--,26,26961,卖盘
1749,10:36:25,10.37,0.01,72,74861,买盘
1750,10:36:19,10.36,-0.01,49,50764,卖盘
1751,10:36:15,10.37,--,119,124242,卖盘
1752,10:36:10,10.37,--,51,52886,卖盘
1753,10:36:04,10.37,-0.01,46,47702,卖盘
1754,10:35:55,10.38,0.01,158,164004,买盘
1755,10:35:49,10.37,--,8,8296,卖盘
1756,10:35:45,10.37,--,75,77775,卖盘
1757,10:35:40,10.37,--,28,29035,卖盘
1758,10:35:34,10.37,--,179,185623,卖盘
1759,10:35:30,10.37,--,77,79849,卖盘
1760,10:35:25,10.37,-0.01,94,97477,卖盘
1761,10:35:19,10.38,0.01,30,31140,买盘
1762,10:35:15,10.37,--,45,46665,卖盘
1763,10:35:10,10.37,-0.01,196,203251,卖盘
1764,10:35:04,10.38,0.01,81,84078,买盘
1765,10:34:55,10.37,--,50,51849,卖盘
1766,10:34:49,10.37,-0.01,13,13480,卖盘
1767,10:34:34,10.38,--,179,185802,卖盘
1768,10:34:25,10.38,--,75,77850,卖盘
1769,10:34:19,10.38,--,101,104838,卖盘
1770,10:34:15,10.38,--,49,50862,卖盘
1771,10:34:10,10.38,--,200,207600,卖盘
1772,10:34:04,10.38,--,171,177498,卖盘
1773,10:34:00,10.38,0.01,253,262614,买盘
1774,10:33:55,10.37,--,327,339099,卖盘
1775,10:33:49,10.37,--,13,13480,卖盘
1776,10:33:44,10.37,--,131,135847,卖盘
1777,10:33:34,10.37,-0.02,102,105773,卖盘
1778,10:33:25,10.39,0.01,101,104939,买盘
1779,10:33:19,10.38,--,128,132864,卖盘
1780,10:33:13,10.38,--,76,78888,卖盘
1781,10:33:10,10.38,--,346,359148,卖盘
1782,10:33:04,10.38,--,246,255348,卖盘
1783,10:32:55,10.38,-0.01,163,169194,卖盘
1784,10:32:49,10.39,--,52,54028,买盘
1785,10:32:43,10.39,--,137,142343,买盘
1786,10:32:40,10.39,0.01,191,198449,买盘
1787,10:32:34,10.38,--,85,88230,卖盘
1788,10:32:28,10.38,--,93,96534,卖盘
1789,10:32:25,10.38,-0.01,46,47748,卖盘
1790,10:32:19,10.39,0.02,8,8312,买盘
1791,10:32:13,10.37,-0.01,103,106810,卖盘
1792,10:32:10,10.38,--,54,56052,买盘
1793,10:32:04,10.38,--,256,266184,买盘
1794,10:31:58,10.38,--,50,51900,买盘
1795,10:31:49,10.38,--,53,55014,买盘
1796,10:31:43,10.38,-0.01,71,74113,卖盘
1797,10:31:40,10.39,--,301,312739,买盘
1798,10:31:34,10.39,0.01,97,100783,买盘
1799,10:31:28,10.38,-0.01,15,15570,卖盘
1800,10:31:25,10.39,--,521,541319,买盘
1801,10:31:19,10.39,0.01,843,875877,买盘
1802,10:31:13,10.38,-0.01,362,375756,卖盘
1803,10:31:10,10.39,0.01,394,409366,买盘
1804,10:31:04,10.38,--,1213,1259094,卖盘
1805,10:30:58,10.38,--,42,43596,卖盘
1806,10:30:55,10.38,--,116,120408,卖盘
1807,10:30:49,10.38,--,536,556990,买盘
1808,10:30:43,10.38,0.01,437,453606,买盘
1809,10:30:40,10.37,--,937,971668,卖盘
1810,10:30:34,10.37,-0.01,320,331840,卖盘
1811,10:30:28,10.38,--,683,708954,买盘
1812,10:30:25,10.38,--,627,650826,买盘
1813,10:30:19,10.38,--,204,211752,买盘
1814,10:30:13,10.38,--,1886,1957668,买盘
1815,10:30:10,10.38,0.01,1396,1449826,买盘
1816,10:30:04,10.37,--,339,351543,买盘
1817,10:29:58,10.37,--,18,18666,买盘
1818,10:29:55,10.37,0.01,288,298656,买盘
1819,10:29:49,10.36,--,88,91168,卖盘
1820,10:29:43,10.36,-0.01,103,106708,卖盘
1821,10:29:40,10.37,--,283,293471,买盘
1822,10:29:34,10.37,0.01,172,178364,买盘
1823,10:29:28,10.36,--,13,13468,卖盘
1824,10:29:24,10.36,--,139,144004,卖盘
1825,10:29:19,10.36,-0.01,50,51800,卖盘
1826,10:29:13,10.37,--,193,200140,买盘
1827,10:29:09,10.37,0.01,232,240583,买盘
1828,10:29:04,10.36,--,115,119140,卖盘
1829,10:28:58,10.36,--,183,189588,卖盘
1830,10:28:54,10.36,--,111,114996,卖盘
1831,10:28:49,10.36,-0.01,214,221704,卖盘
1832,10:28:43,10.37,-0.01,79,82182,卖盘
1833,10:28:39,10.38,0.01,103,106914,买盘
1834,10:28:34,10.37,--,140,145180,卖盘
1835,10:28:28,10.37,--,105,108884,卖盘
1836,10:28:24,10.37,0.01,597,619866,买盘
1837,10:28:19,10.36,-0.01,67,69412,卖盘
1838,10:28:09,10.37,--,65,67405,买盘
1839,10:28:04,10.37,0.01,210,217769,买盘
1840,10:27:58,10.36,--,96,99456,卖盘
1841,10:27:54,10.36,-0.01,67,69412,卖盘
1842,10:27:49,10.37,--,34,35258,买盘
1843,10:27:43,10.37,0.01,333,345321,买盘
1844,10:27:39,10.36,-0.01,42,43512,卖盘
1845,10:27:34,10.37,0.01,528,547536,买盘
1846,10:27:28,10.36,--,588,609168,卖盘
1847,10:27:24,10.36,-0.01,3,3108,卖盘
1848,10:27:19,10.37,0.01,50,51849,买盘
1849,10:27:13,10.36,-0.01,81,84081,卖盘
1850,10:27:04,10.37,--,99,102662,买盘
1851,10:26:58,10.37,--,66,68442,买盘
1852,10:26:54,10.37,0.01,14,14517,买盘
1853,10:26:49,10.36,--,96,99456,卖盘
1854,10:26:43,10.36,0.01,83,85988,卖盘
1855,10:26:39,10.35,-0.02,17,17595,卖盘
1856,10:26:34,10.37,0.01,113,117180,买盘
1857,10:26:28,10.36,--,694,718984,买盘
1858,10:26:24,10.36,--,34,35224,买盘
1859,10:26:19,10.36,0.01,1000,1036000,买盘
1860,10:26:13,10.35,-0.01,70,72450,卖盘
1861,10:26:09,10.36,--,10,10360,买盘
1862,10:26:04,10.36,--,28,29008,买盘
1863,10:25:58,10.36,--,210,217560,买盘
1864,10:25:54,10.36,0.01,10,10360,买盘
1865,10:25:49,10.35,-0.01,5,5175,卖盘
1866,10:25:43,10.36,0.01,471,487956,买盘
1867,10:25:37,10.35,-0.01,17,17595,卖盘
1868,10:25:34,10.36,--,7,7252,买盘
1869,10:25:19,10.36,--,237,245532,卖盘
1870,10:25:13,10.36,-0.01,7,7252,卖盘
1871,10:25:07,10.37,0.01,100,103699,买盘
1872,10:25:04,10.36,--,546,565656,卖盘
1873,10:24:58,10.36,--,25,25900,卖盘
1874,10:24:52,10.36,--,26,26936,卖盘
1875,10:24:48,10.36,-0.01,41,42476,卖盘
1876,10:24:43,10.37,--,28,29035,买盘
1877,10:24:37,10.37,--,27,27998,买盘
1878,10:24:33,10.37,0.01,62,64293,买盘
1879,10:24:28,10.36,--,76,78736,卖盘
1880,10:24:22,10.36,--,30,31080,卖盘
1881,10:24:18,10.36,-0.01,10,10360,卖盘
1882,10:24:13,10.37,--,102,105773,买盘
1883,10:24:07,10.37,--,138,143106,买盘
1884,10:24:03,10.37,--,121,125476,买盘
1885,10:23:58,10.37,--,139,144143,买盘
1886,10:23:48,10.37,--,300,311100,买盘
1887,10:23:43,10.37,--,59,61182,买盘
1888,10:23:37,10.37,--,54,55997,买盘
1889,10:23:33,10.37,--,69,71553,买盘
1890,10:23:28,10.37,0.01,125,129624,买盘
1891,10:23:22,10.36,--,26,26936,买盘
1892,10:23:18,10.36,--,114,118104,买盘
1893,10:23:13,10.36,--,37,38332,买盘
1894,10:23:07,10.36,--,203,210308,买盘
1895,10:23:03,10.36,0.01,306,317016,买盘
1896,10:22:58,10.35,-0.01,209,216315,卖盘
1897,10:22:52,10.36,0.01,58,60088,买盘
1898,10:22:48,10.35,--,237,245295,卖盘
1899,10:22:43,10.35,-0.01,263,272205,卖盘
1900,10:22:37,10.36,--,46,47656,买盘
1901,10:22:33,10.36,--,280,290080,买盘
1902,10:22:28,10.36,0.01,154,159544,买盘
1903,10:22:22,10.35,--,53,54855,卖盘
1904,10:22:18,10.35,--,804,832140,卖盘
1905,10:22:13,10.35,--,23,23805,卖盘
1906,10:22:07,10.35,0.01,118,122130,买盘
1907,10:22:03,10.34,-0.01,157,162338,卖盘
1908,10:21:58,10.35,--,90,93150,买盘
1909,10:21:48,10.35,--,262,271170,买盘
1910,10:21:43,10.35,--,80,82800,买盘
1911,10:21:37,10.35,0.01,54,55890,买盘
1912,10:21:33,10.34,-0.01,338,349492,卖盘
1913,10:21:28,10.35,--,117,121095,买盘
1914,10:21:22,10.35,--,109,113135,买盘
1915,10:21:18,10.35,--,209,216315,买盘
1916,10:21:13,10.35,--,371,383985,买盘
1917,10:21:07,10.35,--,185,191475,买盘
1918,10:21:03,10.35,--,31,32706,买盘
1919,10:20:58,10.35,--,157,162495,买盘
1920,10:20:52,10.35,0.01,64,66240,买盘
1921,10:20:48,10.34,--,20,20680,卖盘
1922,10:20:43,10.34,-0.01,277,286418,卖盘
1923,10:20:37,10.35,--,1089,1127115,买盘
1924,10:20:33,10.35,--,103,106605,买盘
1925,10:20:28,10.35,0.01,60,62100,买盘
1926,10:20:22,10.34,--,203,209902,卖盘
1927,10:20:18,10.34,--,2,2068,卖盘
1928,10:20:13,10.34,--,111,114774,卖盘
1929,10:20:07,10.34,--,86,88924,卖盘
1930,10:20:03,10.34,--,24,24816,卖盘
1931,10:19:58,10.34,-0.01,227,234718,卖盘
1932,10:19:52,10.35,0.01,2,2070,买盘
1933,10:19:48,10.34,-0.01,100,103400,卖盘
1934,10:19:43,10.35,0.01,47,48645,买盘
1935,10:19:37,10.34,--,27,27918,卖盘
1936,10:19:33,10.34,--,10,10340,卖盘
1937,10:19:28,10.34,--,73,75482,卖盘
1938,10:19:22,10.34,-0.01,6,6204,卖盘
1939,10:19:18,10.35,0.01,1,1035,买盘
1940,10:19:13,10.34,--,5,5170,卖盘
1941,10:18:58,10.34,-0.01,212,219208,卖盘
1942,10:18:52,10.35,0.01,145,150075,买盘
1943,10:18:48,10.34,-0.01,10,10340,卖盘
1944,10:18:43,10.35,--,119,123165,买盘
1945,10:18:37,10.35,--,1,1035,买盘
1946,10:18:33,10.35,--,36,37260,买盘
1947,10:18:28,10.35,--,67,69345,买盘
1948,10:18:22,10.35,--,368,381563,卖盘
1949,10:18:18,10.35,--,8,8280,卖盘
1950,10:18:13,10.35,--,265,274275,卖盘
1951,10:18:07,10.35,--,138,142830,卖盘
1952,10:18:03,10.35,--,103,106605,卖盘
1953,10:17:57,10.35,--,46,47610,卖盘
1954,10:17:52,10.35,--,76,78660,卖盘
1955,10:17:43,10.35,--,228,236331,买盘
1956,10:17:37,10.35,--,140,145583,卖盘
1957,10:17:31,10.35,--,141,145935,卖盘
1958,10:17:27,10.35,--,432,447120,卖盘
1959,10:17:22,10.35,--,57,58995,卖盘
1960,10:17:13,10.35,-0.01,5,5526,卖盘
1961,10:17:07,10.36,--,199,206164,买盘
1962,10:17:01,10.36,0.01,168,174048,买盘
1963,10:16:58,10.35,--,56,57960,买盘
1964,10:16:52,10.35,-0.01,203,210105,卖盘
1965,10:16:46,10.36,--,56,58430,买盘
1966,10:16:42,10.36,--,252,261072,买盘
1967,10:16:37,10.36,--,148,153328,买盘
1968,10:16:31,10.36,--,18,18648,买盘
1969,10:16:27,10.36,0.01,60,62160,买盘
1970,10:16:22,10.35,--,987,1022166,买盘
1971,10:16:16,10.35,0.01,50,51750,买盘
1972,10:16:12,10.34,-0.01,163,168542,卖盘
1973,10:16:07,10.35,--,171,176985,买盘
1974,10:16:01,10.35,0.01,50,51750,买盘
1975,10:15:52,10.34,-0.01,19,19646,卖盘
1976,10:15:46,10.35,0.01,18,18630,买盘
1977,10:15:42,10.34,-0.01,96,99264,卖盘
1978,10:15:37,10.35,0.01,1,1035,买盘
1979,10:15:31,10.34,--,50,51700,卖盘
1980,10:15:27,10.34,-0.01,160,165440,卖盘
1981,10:15:22,10.35,0.01,74,76590,买盘
1982,10:15:16,10.34,-0.01,5,5170,卖盘
1983,10:15:12,10.35,0.01,189,195615,买盘
1984,10:15:07,10.34,-0.01,177,183018,卖盘
1985,10:14:52,10.35,--,465,481689,卖盘
1986,10:14:46,10.35,-0.01,18,19251,卖盘
1987,10:14:42,10.36,0.01,26,26936,买盘
1988,10:14:37,10.35,--,100,103500,卖盘
1989,10:14:31,10.35,--,20,20700,卖盘
1990,10:14:27,10.35,--,28,28980,卖盘
1991,10:14:22,10.35,0.01,99,102465,买盘
1992,10:14:16,10.34,--,236,244541,卖盘
1993,10:14:12,10.34,-0.01,168,173712,卖盘
1994,10:14:07,10.35,--,254,262890,卖盘
1995,10:14:01,10.35,--,201,208035,卖盘
1996,10:13:57,10.35,-0.01,11,11385,卖盘
1997,10:13:52,10.36,0.01,140,145040,买盘
1998,10:13:46,10.35,--,121,125235,卖盘
1999,10:13:42,10.35,--,225,232875,买盘
2000,10:13:37,10.35,--,184,190440,买盘
2001,10:13:31,10.35,--,121,125235,卖盘
2002,10:13:27,10.35,--,337,348795,卖盘
2003,10:13:22,10.35,-0.01,75,77625,卖盘
2004,10:13:16,10.36,--,18,18648,买盘
2005,10:13:12,10.36,--,0,0,买盘
2006,10:13:07,10.36,--,279,289044,买盘
2007,10:13:01,10.36,--,42,43512,买盘
2008,10:12:52,10.36,0.01,255,264180,买盘
2009,10:12:46,10.35,0.01,19,19665,买盘
2010,10:12:42,10.34,-0.02,120,124080,卖盘
2011,10:12:37,10.36,--,376,389536,买盘
2012,10:12:31,10.36,0.02,242,250712,买盘
2013,10:12:27,10.34,--,23,23782,卖盘
2014,10:12:22,10.34,-0.01,349,360866,卖盘
2015,10:12:16,10.35,--,177,183195,卖盘
2016,10:12:12,10.35,--,78,81599,买盘
2017,10:12:07,10.35,--,428,442980,买盘
2018,10:12:01,10.35,--,476,493074,买盘
2019,10:11:57,10.35,0.01,189,195615,买盘
2020,10:11:52,10.34,-0.01,10,10340,卖盘
2021,10:11:46,10.35,0.01,2334,2415690,买盘
2022,10:11:42,10.34,--,33,34122,卖盘
2023,10:11:37,10.34,--,916,948012,买盘
2024,10:11:31,10.34,0.01,2324,2403677,买盘
2025,10:11:27,10.33,-0.01,390,402870,卖盘
2026,10:11:22,10.34,--,70,72380,买盘
2027,10:11:16,10.34,0.01,39,40326,买盘
2028,10:11:12,10.33,-0.01,261,269613,卖盘
2029,10:11:07,10.34,0.01,1079,1116161,买盘
2030,10:11:01,10.33,--,374,386342,买盘
2031,10:10:57,10.33,--,505,521665,买盘
2032,10:10:52,10.33,--,217,224161,买盘
2033,10:10:46,10.33,--,151,155983,买盘
2034,10:10:42,10.33,--,36,37188,买盘
2035,10:10:37,10.33,--,73,76028,买盘
2036,10:10:31,10.33,0.01,37,38221,买盘
2037,10:10:27,10.32,--,13,13416,卖盘
2038,10:10:21,10.32,--,512,528384,卖盘
2039,10:10:12,10.32,-0.01,100,103200,卖盘
2040,10:10:07,10.33,0.01,56,57848,买盘
2041,10:10:01,10.32,--,155,159960,卖盘
2042,10:09:52,10.32,--,123,126936,买盘
2043,10:09:46,10.32,--,36,37152,买盘
2044,10:09:40,10.32,--,13,13416,买盘
2045,10:09:37,10.32,--,8,8256,买盘
2046,10:09:31,10.32,--,329,339528,买盘
2047,10:09:25,10.32,--,10,10320,买盘
2048,10:09:21,10.32,--,166,171312,卖盘
2049,10:09:16,10.32,-0.01,145,149640,卖盘
2050,10:09:10,10.33,0.01,144,148752,买盘
2051,10:09:06,10.32,--,3,3096,卖盘
2052,10:08:55,10.32,--,200,206400,卖盘
2053,10:08:52,10.32,--,120,123840,卖盘
2054,10:08:46,10.32,--,32,33024,卖盘
2055,10:08:36,10.32,--,113,116616,卖盘
2056,10:08:31,10.32,--,111,114552,卖盘
2057,10:08:25,10.32,--,2,2064,卖盘
2058,10:08:21,10.32,--,322,332304,卖盘
2059,10:08:16,10.32,-0.01,20,20640,卖盘
2060,10:08:10,10.33,--,124,128092,买盘
2061,10:08:01,10.33,0.01,6,6198,买盘
2062,10:07:55,10.32,--,11,11352,卖盘
2063,10:07:51,10.32,--,9,9288,卖盘
2064,10:07:46,10.32,--,99,102168,买盘
2065,10:07:31,10.32,--,183,188856,卖盘
2066,10:07:25,10.32,--,1,1032,卖盘
2067,10:07:21,10.32,--,43,44376,卖盘
2068,10:07:16,10.32,--,268,276576,买盘
2069,10:07:10,10.32,--,226,233232,买盘
2070,10:07:06,10.32,--,376,388032,卖盘
2071,10:07:01,10.32,--,41,42312,卖盘
2072,10:06:55,10.32,--,5,5160,卖盘
2073,10:06:51,10.32,--,11,11352,买盘
2074,10:06:46,10.32,--,148,152736,卖盘
2075,10:06:40,10.32,--,49,50568,买盘
2076,10:06:36,10.32,-0.01,177,182664,买盘
2077,10:06:31,10.33,0.01,46,47518,买盘
2078,10:06:25,10.32,--,54,55728,买盘
2079,10:06:21,10.32,--,154,158928,买盘
2080,10:06:16,10.32,--,30,30960,买盘
2081,10:06:10,10.32,--,189,195048,买盘
2082,10:06:06,10.32,--,949,979368,卖盘
2083,10:05:55,10.32,--,97,100104,卖盘
2084,10:05:51,10.32,--,61,62952,卖盘
2085,10:05:46,10.32,--,20,20640,卖盘
2086,10:05:40,10.32,--,174,179568,卖盘
2087,10:05:36,10.32,--,17,17544,卖盘
2088,10:05:31,10.32,--,60,61920,卖盘
2089,10:05:25,10.32,-0.01,2,2064,卖盘
2090,10:05:21,10.33,0.01,8,8264,买盘
2091,10:05:15,10.32,-0.01,152,157070,卖盘
2092,10:05:10,10.33,--,89,91937,买盘
2093,10:05:06,10.33,0.01,5,5165,买盘
2094,10:05:01,10.32,--,66,68112,卖盘
2095,10:04:55,10.32,-0.01,5,5160,卖盘
2096,10:04:51,10.33,0.01,36,37188,买盘
2097,10:04:46,10.32,--,119,122808,卖盘
2098,10:04:40,10.32,--,5,5160,卖盘
2099,10:04:36,10.32,--,1,1032,卖盘
2100,10:04:30,10.32,--,63,65016,卖盘
2101,10:04:25,10.32,--,32,33024,卖盘
2102,10:04:15,10.32,-0.01,10,10320,卖盘
2103,10:04:10,10.33,0.01,49,50617,买盘
2104,10:04:06,10.32,-0.01,20,20640,卖盘
2105,10:04:01,10.33,--,22,22726,买盘
2106,10:03:51,10.33,0.01,100,103300,买盘
2107,10:03:45,10.32,--,25,25800,卖盘
2108,10:03:40,10.32,--,50,51600,卖盘
2109,10:03:36,10.32,--,33,34056,卖盘
2110,10:03:31,10.32,--,38,39216,卖盘
2111,10:03:21,10.32,--,6,6192,卖盘
2112,10:03:10,10.32,-0.01,3,3096,买盘
2113,10:03:00,10.33,--,430,444644,买盘
2114,10:02:51,10.33,--,986,1019116,买盘
2115,10:02:45,10.33,0.01,100,103300,买盘
2116,10:02:40,10.32,-0.01,44,45408,卖盘
2117,10:02:36,10.33,--,1,1033,买盘
2118,10:02:30,10.33,--,16,16528,买盘
2119,10:02:19,10.33,0.01,10,10330,买盘
2120,10:02:10,10.32,-0.01,6,6192,卖盘
2121,10:02:00,10.33,--,50,51650,买盘
2122,10:01:55,10.33,--,118,121894,买盘
2123,10:01:49,10.33,0.01,7,7231,买盘
2124,10:01:45,10.32,--,61,62952,卖盘
2125,10:01:40,10.32,--,3,3096,卖盘
2126,10:01:30,10.32,--,15,15480,卖盘
2127,10:01:24,10.32,-0.01,457,471624,卖盘
2128,10:01:19,10.33,0.01,124,128092,买盘
2129,10:01:15,10.32,-0.01,15,15480,卖盘
2130,10:01:10,10.33,0.01,107,110531,买盘
2131,10:01:04,10.32,-0.01,2,2064,卖盘
2132,10:01:00,10.33,--,139,143587,买盘
2133,10:00:55,10.33,--,367,379111,买盘
2134,10:00:49,10.33,0.01,138,142554,买盘
2135,10:00:45,10.32,-0.01,220,227040,卖盘
2136,10:00:40,10.33,0.01,134,138422,买盘
2137,10:00:34,10.32,-0.01,179,184728,卖盘
2138,10:00:30,10.33,0.01,134,138422,买盘
2139,10:00:25,10.32,-0.01,291,300312,卖盘
2140,10:00:19,10.33,--,60,61980,买盘
2141,10:00:15,10.33,0.01,439,453487,买盘
2142,10:00:10,10.32,--,71,73272,卖盘
2143,10:00:04,10.32,--,22,22704,卖盘
2144,10:00:00,10.32,-0.01,117,120744,卖盘
2145,09:59:55,10.33,--,175,180775,买盘
2146,09:59:49,10.33,0.01,60,61980,买盘
2147,09:59:45,10.32,--,83,85656,卖盘
2148,09:59:34,10.32,--,50,51600,卖盘
2149,09:59:30,10.32,--,75,77400,卖盘
2150,09:59:25,10.32,--,215,221880,买盘
2151,09:59:19,10.32,--,109,112488,买盘
2152,09:59:15,10.32,--,22,22807,卖盘
2153,09:59:10,10.32,--,48,50464,卖盘
2154,09:59:04,10.32,--,4,4128,卖盘
2155,09:59:00,10.32,-0.01,5,5160,卖盘
2156,09:58:55,10.33,0.02,49,50617,买盘
2157,09:58:49,10.31,--,274,282494,卖盘
2158,09:58:45,10.31,-0.01,2,2062,卖盘
2159,09:58:40,10.32,--,154,158928,买盘
2160,09:58:30,10.32,0.01,253,261096,买盘
2161,09:58:25,10.31,-0.01,147,151557,卖盘
2162,09:58:19,10.32,0.01,9,9288,买盘
2163,09:58:15,10.31,-0.01,92,94852,卖盘
2164,09:58:09,10.32,--,201,207432,买盘
2165,09:58:04,10.32,--,118,121776,买盘
2166,09:57:54,10.32,--,30,30960,买盘
2167,09:57:49,10.32,0.01,52,53664,买盘
2168,09:57:45,10.31,-0.01,143,147433,卖盘
2169,09:57:39,10.32,--,48,49536,买盘
2170,09:57:34,10.32,--,64,66048,买盘
2171,09:57:30,10.32,--,4,4128,卖盘
2172,09:57:24,10.32,--,101,104232,卖盘
2173,09:57:19,10.32,--,599,618168,卖盘
2174,09:57:15,10.32,--,10,10320,卖盘
2175,09:57:09,10.32,-0.01,3,3096,卖盘
2176,09:57:04,10.33,0.01,349,360517,买盘
2177,09:57:00,10.32,-0.01,23,23736,卖盘
2178,09:56:49,10.33,--,599,618767,买盘
2179,09:56:45,10.33,--,112,115696,买盘
2180,09:56:39,10.33,0.01,10,10330,买盘
2181,09:56:34,10.32,--,556,573792,卖盘
2182,09:56:30,10.32,-0.01,5,5160,卖盘
2183,09:56:24,10.33,0.01,10,10330,买盘
2184,09:56:19,10.32,-0.02,77,79464,卖盘
2185,09:56:09,10.34,--,0,0,买盘
2186,09:56:04,10.34,0.01,565,584210,买盘
2187,09:55:59,10.33,--,202,208666,买盘
2188,09:55:54,10.33,--,281,290438,卖盘
2189,09:55:49,10.33,--,158,163214,卖盘
2190,09:55:45,10.33,--,687,710538,买盘
2191,09:55:39,10.33,--,108,111564,买盘
2192,09:55:34,10.33,0.01,43,44419,买盘
2193,09:55:29,10.32,--,28,28896,卖盘
2194,09:55:24,10.32,--,67,69144,卖盘
2195,09:55:19,10.32,-0.01,44,45408,卖盘
2196,09:55:14,10.33,--,65,67145,买盘
2197,09:55:09,10.33,0.01,62,64046,买盘
2198,09:55:04,10.32,-0.01,220,227040,卖盘
2199,09:54:59,10.33,0.01,48,49584,买盘
2200,09:54:54,10.32,-0.01,42,43344,卖盘
2201,09:54:49,10.33,0.01,209,215897,买盘
2202,09:54:44,10.32,-0.01,109,112488,卖盘
2203,09:54:39,10.33,0.01,252,260316,买盘
2204,09:54:34,10.32,-0.01,791,816312,卖盘
2205,09:54:28,10.33,0.01,107,111419,买盘
2206,09:54:24,10.32,--,583,601656,买盘
2207,09:54:19,10.32,--,518,534576,买盘
2208,09:54:13,10.32,--,74,76368,买盘
2209,09:54:09,10.32,0.01,296,305472,买盘
2210,09:54:04,10.31,--,788,813345,买盘
2211,09:53:58,10.31,--,90,92790,买盘
2212,09:53:54,10.31,--,830,855730,买盘
2213,09:53:49,10.31,--,285,293835,买盘
2214,09:53:43,10.31,0.02,130,134030,买盘
2215,09:53:39,10.29,-0.02,1056,1086624,卖盘
2216,09:53:34,10.31,0.02,3627,3739715,买盘
2217,09:53:28,10.29,0.01,72,74088,买盘
2218,09:53:24,10.28,-0.01,305,313540,卖盘
2219,09:53:19,10.29,--,260,267540,买盘
2220,09:53:09,10.29,0.01,245,252104,买盘
2221,09:53:04,10.28,-0.01,50,51400,卖盘
2222,09:52:57,10.29,--,6,6173,买盘
2223,09:52:54,10.29,--,139,143031,买盘
2224,09:52:43,10.29,--,238,244901,买盘
2225,09:52:39,10.29,--,138,142002,买盘
2226,09:52:34,10.29,--,155,159495,买盘
2227,09:52:28,10.29,--,425,437324,买盘
2228,09:52:24,10.29,--,72,74088,买盘
2229,09:52:19,10.29,--,89,91580,买盘
2230,09:52:13,10.29,--,231,237698,买盘
2231,09:52:09,10.29,--,252,259307,买盘
2232,09:52:04,10.29,--,18,18522,买盘
2233,09:51:54,10.29,--,24,24695,买盘
2234,09:51:49,10.29,--,31,31898,买盘
2235,09:51:43,10.29,--,45,46304,买盘
2236,09:51:39,10.29,--,66,67914,买盘
2237,09:51:34,10.29,--,146,150234,买盘
2238,09:51:28,10.29,--,111,114218,买盘
2239,09:51:18,10.29,--,201,206828,买盘
2240,09:51:12,10.29,--,82,84378,买盘
2241,09:51:09,10.29,--,99,101870,买盘
2242,09:51:03,10.29,--,620,637980,买盘
2243,09:50:54,10.29,--,36,37044,买盘
2244,09:50:48,10.29,0.02,53,54536,买盘
2245,09:50:43,10.27,-0.02,400,410800,卖盘
2246,09:50:39,10.29,--,371,381758,买盘
2247,09:50:33,10.29,--,340,349860,买盘
2248,09:50:28,10.29,--,37,38073,买盘
2249,09:50:24,10.29,--,115,118334,买盘
2250,09:50:18,10.29,--,21,21609,买盘
2251,09:50:13,10.29,--,282,290178,买盘
2252,09:50:09,10.29,--,7,7202,买盘
2253,09:50:03,10.29,0.01,149,153321,买盘
2254,09:49:58,10.28,--,602,618856,买盘
2255,09:49:54,10.28,--,18,18504,买盘
2256,09:49:48,10.28,--,122,125415,买盘
2257,09:49:43,10.28,--,450,462600,买盘
2258,09:49:38,10.28,--,40,41120,买盘
2259,09:49:33,10.28,--,20,20560,买盘
2260,09:49:28,10.28,-0.01,50,51400,中性盘
2261,09:49:24,10.29,--,169,173901,买盘
2262,09:49:18,10.29,0.02,20,20580,买盘
2263,09:49:13,10.27,-0.02,722,741494,卖盘
2264,09:49:09,10.29,0.01,27,27782,买盘
2265,09:49:03,10.28,-0.01,54,55512,卖盘
2266,09:48:58,10.29,--,56,57623,买盘
2267,09:48:48,10.29,--,83,85407,买盘
2268,09:48:43,10.29,--,43,44246,买盘
2269,09:48:38,10.29,--,85,87465,买盘
2270,09:48:33,10.29,0.01,402,413657,买盘
2271,09:48:28,10.28,-0.02,4,4112,卖盘
2272,09:48:23,10.3,0.01,224,230720,买盘
2273,09:48:18,10.29,-0.01,91,93638,中性盘
2274,09:48:13,10.3,0.01,462,475860,买盘
2275,09:48:08,10.29,--,42,43218,卖盘
2276,09:48:03,10.29,-0.01,99,101870,卖盘
2277,09:47:58,10.3,--,32,32960,买盘
2278,09:47:53,10.3,0.01,21,21866,买盘
2279,09:47:48,10.29,--,205,211737,买盘
2280,09:47:43,10.29,-0.01,451,464315,卖盘
2281,09:47:38,10.3,0.01,140,144993,买盘
2282,09:47:33,10.29,--,1028,1057812,买盘
2283,09:47:28,10.29,--,155,159495,买盘
2284,09:47:23,10.29,--,333,342657,买盘
2285,09:47:18,10.29,--,603,620487,买盘
2286,09:47:13,10.29,0.01,88,90551,买盘
2287,09:47:08,10.28,--,88,90464,卖盘
2288,09:47:03,10.28,-0.01,37,38899,卖盘
2289,09:46:58,10.29,--,63,64826,买盘
2290,09:46:53,10.29,--,93,95696,买盘
2291,09:46:48,10.29,--,285,293265,买盘
2292,09:46:43,10.29,--,23,23666,买盘
2293,09:46:37,10.29,--,0,0,买盘
2294,09:46:33,10.29,0.01,585,601965,买盘
2295,09:46:28,10.28,--,251,258027,买盘
2296,09:46:22,10.28,--,506,520167,买盘
2297,09:46:18,10.28,--,246,252887,买盘
2298,09:46:13,10.28,--,48,49344,买盘
2299,09:46:07,10.28,0.01,26,26728,买盘
2300,09:46:03,10.27,--,535,549445,卖盘
2301,09:45:58,10.27,-0.01,368,377936,卖盘
2302,09:45:52,10.28,--,722,742216,买盘
2303,09:45:48,10.28,--,353,362884,买盘
2304,09:45:43,10.28,0.01,273,281291,买盘
2305,09:45:37,10.27,--,154,158158,买盘
2306,09:45:33,10.27,--,464,476528,买盘
2307,09:45:28,10.27,--,654,671658,买盘
2308,09:45:22,10.27,--,145,148915,买盘
2309,09:45:18,10.27,0.01,298,306456,买盘
2310,09:45:13,10.26,--,486,498636,买盘
2311,09:45:07,10.26,--,106,108756,买盘
2312,09:45:03,10.26,0.01,127,130302,买盘
2313,09:44:58,10.25,-0.01,400,410000,卖盘
2314,09:44:52,10.26,--,73,74898,买盘
2315,09:44:48,10.26,--,14,14364,买盘
2316,09:44:43,10.26,--,55,56430,买盘
2317,09:44:37,10.26,--,99,101574,买盘
2318,09:44:33,10.26,--,202,207252,买盘
2319,09:44:28,10.26,--,18,18468,买盘
2320,09:44:22,10.26,--,18,18468,买盘
2321,09:44:18,10.26,--,237,243162,买盘
2322,09:44:07,10.26,0.01,9,9234,买盘
2323,09:44:03,10.25,--,263,269575,卖盘
2324,09:43:57,10.25,-0.01,121,124025,卖盘
2325,09:43:48,10.26,-0.01,67,69357,卖盘
2326,09:43:42,10.27,0.01,5,5135,买盘
2327,09:43:37,10.26,--,129,132354,卖盘
2328,09:43:27,10.26,--,80,82080,卖盘
2329,09:43:22,10.26,--,200,205200,卖盘
2330,09:43:18,10.26,-0.01,277,284202,卖盘
2331,09:43:12,10.27,0.01,28,28756,买盘
2332,09:43:07,10.26,-0.01,500,513000,卖盘
2333,09:43:03,10.27,0.01,25,25675,买盘
2334,09:42:57,10.26,--,4,4104,卖盘
2335,09:42:52,10.26,--,28,28728,卖盘
2336,09:42:48,10.26,-0.01,22,22572,卖盘
2337,09:42:42,10.27,--,16,16432,买盘
2338,09:42:37,10.27,--,39,40053,买盘
2339,09:42:33,10.27,--,65,66755,买盘
2340,09:42:27,10.27,0.01,40,41080,买盘
2341,09:42:22,10.26,-0.01,514,527364,卖盘
2342,09:42:07,10.27,--,162,166374,卖盘
2343,09:42:02,10.27,-0.01,352,361504,卖盘
2344,09:41:57,10.28,0.01,27,27756,买盘
2345,09:41:52,10.27,--,16,16432,卖盘
2346,09:41:48,10.27,-0.01,5,5135,卖盘
2347,09:41:42,10.28,--,171,175788,买盘
2348,09:41:37,10.28,0.01,26,26728,买盘
2349,09:41:32,10.27,--,28,28756,卖盘
2350,09:41:27,10.27,--,32,32864,买盘
2351,09:41:22,10.27,--,134,137618,买盘
2352,09:41:17,10.27,--,50,51350,买盘
2353,09:41:12,10.27,--,118,121186,买盘
2354,09:41:07,10.27,0.01,28,28756,买盘
2355,09:41:02,10.26,-0.01,59,60534,卖盘
2356,09:40:57,10.27,-0.01,6,6162,中性盘
2357,09:40:52,10.28,0.01,246,252887,买盘
2358,09:40:47,10.27,-0.01,129,132483,卖盘
2359,09:40:42,10.28,0.01,98,100744,买盘
2360,09:40:37,10.27,-0.01,200,205400,卖盘
2361,09:40:32,10.28,--,87,89436,买盘
2362,09:40:27,10.28,--,119,122331,买盘
2363,09:40:22,10.28,--,169,173732,买盘
2364,09:40:12,10.28,0.01,194,199432,买盘
2365,09:40:07,10.27,-0.01,79,81133,卖盘
2366,09:40:02,10.28,--,13,13364,买盘
2367,09:39:57,10.28,--,161,165508,买盘
2368,09:39:52,10.28,--,185,190180,买盘
2369,09:39:47,10.28,--,38,39064,买盘
2370,09:39:42,10.28,0.01,227,233356,买盘
2371,09:39:37,10.27,--,48,49296,卖盘
2372,09:39:32,10.27,-0.01,24,24648,卖盘
2373,09:39:27,10.28,0.01,190,195320,买盘
2374,09:39:22,10.27,--,114,117858,卖盘
2375,09:39:17,10.27,-0.01,13,13351,卖盘
2376,09:39:07,10.28,0.01,101,103828,买盘
2377,09:39:02,10.27,-0.01,33,33891,卖盘
2378,09:38:57,10.28,--,12,12336,买盘
2379,09:38:52,10.28,--,230,236439,买盘
2380,09:38:46,10.28,--,56,57568,买盘
2381,09:38:42,10.28,--,36,37008,买盘
2382,09:38:37,10.28,--,71,72988,买盘
2383,09:38:31,10.28,0.02,40,41120,买盘
2384,09:38:27,10.26,-0.02,97,99522,卖盘
2385,09:38:16,10.28,--,66,67848,买盘
2386,09:38:12,10.28,0.01,42,43176,买盘
2387,09:38:07,10.27,-0.01,114,117078,中性盘
2388,09:38:01,10.28,--,50,51400,买盘
2389,09:37:57,10.28,--,116,119247,买盘
2390,09:37:52,10.28,0.01,204,209712,买盘
2391,09:37:42,10.27,--,80,82160,中性盘
2392,09:37:37,10.27,-0.01,154,158158,卖盘
2393,09:37:31,10.28,--,18,18504,买盘
2394,09:37:27,10.28,--,100,102800,买盘
2395,09:37:21,10.28,0.02,74,76072,买盘
2396,09:37:16,10.26,-0.02,3,3078,卖盘
2397,09:37:12,10.28,--,102,104856,买盘
2398,09:37:06,10.28,--,224,230272,买盘
2399,09:37:01,10.28,--,0,0,买盘
2400,09:36:57,10.28,--,538,553064,买盘
2401,09:36:51,10.28,--,0,0,买盘
2402,09:36:46,10.28,0.02,84,86352,买盘
2403,09:36:42,10.26,-0.02,198,203148,卖盘
2404,09:36:36,10.28,0.01,341,350548,买盘
2405,09:36:31,10.27,--,74,75998,买盘
2406,09:36:27,10.27,--,402,412854,买盘
2407,09:36:21,10.27,--,92,94484,买盘
2408,09:36:16,10.27,--,50,51350,买盘
2409,09:36:12,10.27,--,44,45188,买盘
2410,09:36:06,10.27,--,97,99619,买盘
2411,09:36:01,10.27,-0.01,184,188968,卖盘
2412,09:35:57,10.28,--,232,238495,买盘
2413,09:35:51,10.28,--,34,34952,买盘
2414,09:35:46,10.28,--,24,24672,买盘
2415,09:35:42,10.28,--,193,198404,买盘
2416,09:35:36,10.28,--,23,23644,买盘
2417,09:35:31,10.28,--,6,6168,买盘
2418,09:35:27,10.28,--,100,102800,买盘
2419,09:35:21,10.28,--,161,165508,买盘
2420,09:35:16,10.28,--,11,11308,买盘
2421,09:35:12,10.28,--,189,194292,买盘
2422,09:35:06,10.28,--,89,91492,买盘
2423,09:35:01,10.28,--,23,23644,买盘
2424,09:34:57,10.28,--,208,213824,买盘
2425,09:34:46,10.28,--,39,40092,买盘
2426,09:34:41,10.28,--,146,150088,买盘
2427,09:34:36,10.28,--,230,236439,买盘
2428,09:34:31,10.28,--,211,216908,买盘
2429,09:34:26,10.28,0.01,50,51400,买盘
2430,09:34:21,10.27,-0.01,183,187941,卖盘
2431,09:34:16,10.28,--,19,19532,买盘
2432,09:34:11,10.28,--,168,172704,买盘
2433,09:34:06,10.28,--,211,216908,买盘
2434,09:34:01,10.28,0.01,154,158723,买盘
2435,09:33:51,10.27,-0.01,496,510008,卖盘
2436,09:33:46,10.28,--,219,225132,买盘
2437,09:33:41,10.28,--,25,25700,买盘
2438,09:33:36,10.28,--,100,102800,买盘
2439,09:33:31,10.28,0.01,154,158312,买盘
2440,09:33:26,10.27,--,23,23621,卖盘
2441,09:33:21,10.27,-0.01,46,47242,卖盘
2442,09:33:16,10.28,--,137,140836,买盘
2443,09:33:11,10.28,0.01,60,61679,买盘
2444,09:33:06,10.27,--,168,172946,卖盘
2445,09:33:01,10.27,-0.01,20,20540,卖盘
2446,09:32:56,10.28,--,65,66820,买盘
2447,09:32:51,10.28,0.02,79,81212,买盘
2448,09:32:46,10.26,-0.02,232,238032,卖盘
2449,09:32:41,10.28,0.02,50,51400,买盘
2450,09:32:36,10.26,-0.01,1,1026,卖盘
2451,09:32:31,10.27,--,242,248534,卖盘
2452,09:32:26,10.27,--,3,3081,卖盘
2453,09:32:21,10.27,0.01,90,92430,中性盘
2454,09:32:16,10.26,-0.01,315,323190,卖盘
2455,09:32:11,10.27,--,56,57512,买盘
2456,09:32:06,10.27,--,216,221832,买盘
2457,09:32:01,10.27,--,80,82160,买盘
2458,09:31:51,10.27,0.01,94,96538,买盘
2459,09:31:46,10.26,-0.01,160,164160,卖盘
2460,09:31:36,10.27,0.01,10,10270,买盘
2461,09:31:31,10.26,-0.02,187,191862,卖盘
2462,09:31:26,10.28,--,18,18504,买盘
2463,09:31:21,10.28,-0.01,84,86352,中性盘
2464,09:31:16,10.29,0.01,177,182132,买盘
2465,09:31:11,10.28,--,30,30839,卖盘
2466,09:31:06,10.28,0.02,87,89436,买盘
2467,09:31:01,10.26,-0.02,81,83106,卖盘
2468,09:30:51,10.28,0.02,60,61679,买盘
2469,09:30:46,10.26,-0.02,78,80028,卖盘
2470,09:30:40,10.28,-0.01,16,16448,买盘
2471,09:30:36,10.29,0.01,206,211973,买盘
2472,09:30:30,10.28,--,18,18504,买盘
2473,09:30:25,10.28,--,94,96632,买盘
2474,09:30:21,10.28,--,20,20560,买盘
2475,09:30:15,10.28,0.02,2240,2302720,买盘
2476,09:30:10,10.26,0.02,350,359100,买盘
2477,09:30:06,10.24,--,630,646051,卖盘
2478,09:29:01,10.24,--,0,0,卖盘
2479,09:25:06,10.24,10.24,193,197836,买盘
